{"id":"gen9doublesou-1968835460","p1":"Fuzzieee","p2":"daudo","format":"[Gen 9] Doubles OU","log":"|j|\u2606Fuzzieee\n|j|\u2606daudo\n|t:|1697468765\n|gametype|doubles\n|player|p1|Fuzzieee|dawn|1417\n|player|p2|daudo|red|1281\n|teamsize|p1|6\n|teamsize|p2|6\n|gen|9\n|tier|[Gen 9] Doubles OU\n|rated|\n|rule|Species Clause: Limit one of each Pok\u00e9mon\n|rule|OHKO Clause: OHKO moves are banned\n|rule|Evasion Moves Clause: Evasion moves are banned\n|rule|Gravity Sleep Clause: The combination of sleep-inducing moves with imperfect accuracy and Gravity or Gigantamax Orbeetle are banned\n|rule|Endless Battle Clause: Forcing endless battles is banned\n|rule|HP Percentage Mod: HP is shown in percentages\n|clearpoke\n|poke|p1|Grimmsnarl, M|\n|poke|p1|Okidogi, M|\n|poke|p1|Wo-Chien|\n|poke|p1|Iron Hands|\n|poke|p1|Ting-Lu|\n|poke|p1|Cresselia, F|\n|poke|p2|Arcanine, F|\n|poke|p2|Dragonite, F|\n|poke|p2|Amoonguss, F|\n|poke|p2|Iron Hands|\n|poke|p2|Rillaboom, F|\n|poke|p2|Kingambit, F|\n|teampreview\n|\n|t:|1697468781\n|start\n|switch|p1a: Iron Hands|Iron Hands, shiny|100\/100\n|switch|p1b: Grimmsnarl|Grimmsnarl, M, shiny|100\/100\n|switch|p2a: Iron Hands|Iron Hands|100\/100\n|switch|p2b: Amoonguss|Amoonguss, F|100\/100\n|turn|1\n|inactive|Battle timer is ON: inactive players will automatically lose when time's up. (requested by daudo)\n|\n|t:|1697468826\n|move|p2a: Iron Hands|Fake Out|p1b: Grimmsnarl\n|-damage|p1b: Grimmsnarl|84\/100\n|cant|p1b: Grimmsnarl|flinch\n|move|p1a: Iron Hands|Belly Drum|p1a: Iron Hands\n|-damage|p1a: Iron Hands|50\/100\n|-setboost|p1a: Iron Hands|atk|6|[from] move: Belly Drum\n|-enditem|p1a: Iron Hands|Sitrus Berry|[eat]\n|-heal|p1a: Iron Hands|75\/100|[from] item: Sitrus Berry\n|move|p2b: Amoonguss|Spore|p1b: Grimmsnarl\n|-status|p1b: Grimmsnarl|slp|[from] move: Spore\n|\n|upkeep\n|turn|2\n|inactive|Fuzzieee has 120 seconds left.\n|inactive|daudo has 120 seconds left.\n|\n|t:|1697468862\n|-end|p2a: Iron Hands|Quark Drive|[silent]\n|switch|p2a: Dragonite|Dragonite, F|100\/100\n|move|p1a: Iron Hands|Protect|p1a: Iron Hands\n|-singleturn|p1a: Iron Hands|Protect\n|cant|p1b: Grimmsnarl|slp\n|move|p2b: Amoonguss|Spore|p1a: Iron Hands\n|-activate|p1a: Iron Hands|move: Protect\n|\n|upkeep\n|turn|3\n|inactive|daudo has 120 seconds left.\n|\n|t:|1697468887\n|cant|p1b: Grimmsnarl|slp\n|move|p2a: Dragonite|Dragon Claw|p1a: Iron Hands\n|-damage|p1a: Iron Hands|28\/100\n|move|p1a: Iron Hands|Thunder Punch|p2a: Dragonite\n|-damage|p2a: Dragonite|20\/100\n|-status|p2a: Dragonite|par\n|move|p2b: Amoonguss|Spore|p1a: Iron Hands\n|-status|p1a: Iron Hands|slp|[from] move: Spore\n|\n|upkeep\n|turn|4\n|inactive|daudo has 120 seconds left.\n|inactive|Fuzzieee has 120 seconds left.\n|\n|t:|1697468918\n|-end|p1a: Iron Hands|Quark Drive|[silent]\n|switch|p1a: Wo-Chien|Wo-Chien|100\/100\n|-ability|p1a: Wo-Chien|Tablets of Ruin\n|cant|p1b: Grimmsnarl|slp\n|cant|p2a: Dragonite|par\n|move|p2b: Amoonguss|Clear Smog|p1a: Wo-Chien\n|-supereffective|p1a: Wo-Chien\n|-damage|p1a: Wo-Chien|82\/100\n|-clearboost|p1a: Wo-Chien\n|\n|-heal|p1a: Wo-Chien|88\/100|[from] item: Leftovers\n|upkeep\n|turn|5\n|inactive|daudo has 120 seconds left.\n|\n|t:|1697468946\n|-curestatus|p1b: Grimmsnarl|slp|[msg]\n|move|p1b: Grimmsnarl|Light Screen|p1b: Grimmsnarl\n|-sidestart|p1: Fuzzieee|move: Light Screen\n|move|p1a: Wo-Chien|Ruination|p2b: Amoonguss\n|-damage|p2b: Amoonguss|50\/100\n|move|p2a: Dragonite|Dragon Claw|p1a: Wo-Chien\n|-damage|p1a: Wo-Chien|46\/100\n|move|p2b: Amoonguss|Spore|p1b: Grimmsnarl\n|-status|p1b: Grimmsnarl|slp|[from] move: Spore\n|\n|-heal|p1a: Wo-Chien|52\/100|[from] item: Leftovers\n|-heal|p2b: Amoonguss|57\/100|[from] item: Black Sludge\n|upkeep\n|turn|6\n|inactive|daudo has 120 seconds left.\n|inactive|Fuzzieee has 120 seconds left.\n|\n|t:|1697468988\n|switch|p1b: Okidogi|Okidogi, M|100\/100\n|switch|p2a: Kingambit|Kingambit, F|100\/100\n|move|p1a: Wo-Chien|Ruination|p2b: Amoonguss\n|-damage|p2b: Amoonguss|29\/100\n|move|p2b: Amoonguss|Giga Drain|p1b: Okidogi\n|-resisted|p1b: Okidogi\n|-damage|p1b: Okidogi|95\/100\n|-heal|p2b: Amoonguss|31\/100|[from] drain|[of] p1b: Okidogi\n|\n|-heal|p1b: Okidogi|100\/100|[from] item: Leftovers\n|-heal|p1a: Wo-Chien|58\/100|[from] item: Leftovers\n|-heal|p2b: Amoonguss|38\/100|[from] item: Black Sludge\n|upkeep\n|turn|7\n|inactive|Fuzzieee has 120 seconds left.\n|inactive|daudo has 120 seconds left.\n|\n|t:|1697469027\n|switch|p2b: Rillaboom|Rillaboom, F|100\/100\n|-fieldstart|move: Grassy Terrain|[from] ability: Grassy Surge|[of] p2b: Rillaboom\n|move|p1b: Okidogi|Drain Punch|p2a: Kingambit\n|-supereffective|p2a: Kingambit\n|-damage|p2a: Kingambit|34\/100\n|move|p1a: Wo-Chien|Pollen Puff|p1b: Okidogi\n|-immune|p1b: Okidogi\n|move|p2a: Kingambit|Kowtow Cleave|p1b: Okidogi\n|-resisted|p1b: Okidogi\n|-damage|p1b: Okidogi|84\/100\n|\n|-heal|p1b: Okidogi|90\/100|[from] Grassy Terrain\n|-heal|p1b: Okidogi|96\/100|[from] item: Leftovers\n|-heal|p1a: Wo-Chien|64\/100|[from] Grassy Terrain\n|-heal|p1a: Wo-Chien|70\/100|[from] item: Leftovers\n|-heal|p2a: Kingambit|40\/100|[from] Grassy Terrain\n|upkeep\n|turn|8\n|inactive|daudo has 120 seconds left.\n|inactive|Fuzzieee has 120 seconds left.\n|\n|t:|1697469053\n|switch|p2a: Amoonguss|Amoonguss, F|71\/100\n|move|p2b: Rillaboom|Fake Out|p1b: Okidogi\n|-damage|p1b: Okidogi|88\/100\n|cant|p1b: Okidogi|flinch\n|move|p1a: Wo-Chien|Ruination|p2b: Rillaboom\n|-damage|p2b: Rillaboom|50\/100\n|\n|-heal|p1b: Okidogi|94\/100|[from] Grassy Terrain\n|-heal|p1b: Okidogi|99\/100|[from] item: Leftovers\n|-heal|p2b: Rillaboom|57\/100|[from] Grassy Terrain\n|-heal|p1a: Wo-Chien|76\/100|[from] Grassy Terrain\n|-heal|p1a: Wo-Chien|83\/100|[from] item: Leftovers\n|-heal|p2a: Amoonguss|77\/100|[from] Grassy Terrain\n|-heal|p2a: Amoonguss|83\/100|[from] item: Black Sludge\n|upkeep\n|turn|9\n|inactive|Fuzzieee has 120 seconds left.\n|inactive|daudo has 120 seconds left.\n|\n|t:|1697469079\n|move|p1b: Okidogi|Gunk Shot|p2a: Amoonguss\n|-damage|p2a: Amoonguss|51\/100\n|move|p2b: Rillaboom|Knock Off|p1b: Okidogi\n|-resisted|p1b: Okidogi\n|-damage|p1b: Okidogi|91\/100\n|-enditem|p1b: Okidogi|Leftovers|[from] move: Knock Off|[of] p2b: Rillaboom\n|move|p1a: Wo-Chien|Ruination|p2a: Amoonguss\n|-damage|p2a: Amoonguss|26\/100\n|move|p2a: Amoonguss|Spore|p1b: Okidogi\n|-status|p1b: Okidogi|slp|[from] move: Spore\n|\n|-heal|p1b: Okidogi|97\/100 slp|[from] Grassy Terrain\n|-heal|p2b: Rillaboom|63\/100|[from] Grassy Terrain\n|-heal|p1a: Wo-Chien|89\/100|[from] Grassy Terrain\n|-heal|p1a: Wo-Chien|95\/100|[from] item: Leftovers\n|-heal|p2a: Amoonguss|32\/100|[from] Grassy Terrain\n|-heal|p2a: Amoonguss|38\/100|[from] item: Black Sludge\n|upkeep\n|turn|10\n|inactive|Fuzzieee has 120 seconds left.\n|inactive|daudo has 120 seconds left.\n|\n|t:|1697469102\n|switch|p2a: Kingambit|Kingambit, F|40\/100\n|cant|p1b: Okidogi|slp\n|move|p2b: Rillaboom|Knock Off|p1a: Wo-Chien\n|-resisted|p1a: Wo-Chien\n|-damage|p1a: Wo-Chien|86\/100\n|-enditem|p1a: Wo-Chien|Leftovers|[from] move: Knock Off|[of] p2b: Rillaboom\n|move|p1a: Wo-Chien|Ruination|p2b: Rillaboom\n|-damage|p2b: Rillaboom|32\/100\n|\n|-heal|p1b: Okidogi|100\/100 slp|[from] Grassy Terrain\n|-heal|p2b: Rillaboom|38\/100|[from] Grassy Terrain\n|-heal|p1a: Wo-Chien|92\/100|[from] Grassy Terrain\n|-heal|p2a: Kingambit|47\/100|[from] Grassy Terrain\n|upkeep\n|turn|11\n|\n|t:|1697469121\n|cant|p1b: Okidogi|slp\n|move|p2b: Rillaboom|Drum Beating|p1a: Wo-Chien\n|-resisted|p1a: Wo-Chien\n|-damage|p1a: Wo-Chien|77\/100\n|-unboost|p1a: Wo-Chien|spe|1\n|move|p1a: Wo-Chien|Leech Seed|p2a: Kingambit\n|-start|p2a: Kingambit|move: Leech Seed\n|move|p2a: Kingambit|Low Kick|p1a: Wo-Chien\n|-supereffective|p1a: Wo-Chien\n|-damage|p1a: Wo-Chien|41\/100\n|\n|-heal|p2b: Rillaboom|44\/100|[from] Grassy Terrain\n|-heal|p1a: Wo-Chien|47\/100|[from] Grassy Terrain\n|-heal|p2a: Kingambit|53\/100|[from] Grassy Terrain\n|-damage|p2a: Kingambit|40\/100|[from] Leech Seed|[of] p1a: Wo-Chien\n|-heal|p1a: Wo-Chien|60\/100|[silent]\n|-fieldend|move: Grassy Terrain\n|upkeep\n|turn|12\n|\n|t:|1697469141\n|switch|p2b: Amoonguss|Amoonguss, F|72\/100\n|switch|p2a: Arcanine|Arcanine, F|100\/100\n|-ability|p2a: Arcanine|Intimidate|boost\n|-unboost|p1a: Wo-Chien|atk|1\n|-ability|p1b: Okidogi|Guard Dog|boost\n|-boost|p1b: Okidogi|atk|1\n|-curestatus|p1b: Okidogi|slp|[msg]\n|move|p1b: Okidogi|Drain Punch|p2a: Arcanine\n|-damage|p2a: Arcanine|68\/100\n|move|p1a: Wo-Chien|Ruination|p2b: Amoonguss\n|-damage|p2b: Amoonguss|36\/100\n|\n|-heal|p2b: Amoonguss|42\/100|[from] item: Black Sludge\n|-sideend|p1: Fuzzieee|move: Light Screen\n|upkeep\n|turn|13\n|\n|t:|1697469167\n|switch|p1a: Grimmsnarl|Grimmsnarl, M, shiny|84\/100 slp\n|move|p1b: Okidogi|Protect|p1b: Okidogi\n|-singleturn|p1b: Okidogi|Protect\n|move|p2a: Arcanine|Flare Blitz|p1a: Grimmsnarl\n|-damage|p1a: Grimmsnarl|32\/100 slp\n|-damage|p2a: Arcanine|50\/100|[from] Recoil\n|move|p2b: Amoonguss|Spore|p1b: Okidogi\n|-activate|p1b: Okidogi|move: Protect\n|\n|-heal|p2b: Amoonguss|49\/100|[from] item: Black Sludge\n|upkeep\n|turn|14\n|\n|t:|1697469186\n|switch|p1b: Wo-Chien|Wo-Chien|60\/100\n|-ability|p1b: Wo-Chien|Tablets of Ruin\n|cant|p1a: Grimmsnarl|slp\n|move|p2a: Arcanine|Close Combat|p1a: Grimmsnarl\n|-damage|p1a: Grimmsnarl|8\/100 slp\n|-unboost|p2a: Arcanine|def|1\n|-unboost|p2a: Arcanine|spd|1\n|move|p2b: Amoonguss|Spore|p1b: Wo-Chien\n|-immune|p1b: Wo-Chien\n|\n|-heal|p2b: Amoonguss|55\/100|[from] item: Black Sludge\n|upkeep\n|turn|15\n|\n|t:|1697469208\n|move|p1b: Wo-Chien|Protect|p1b: Wo-Chien\n|-singleturn|p1b: Wo-Chien|Protect\n|-curestatus|p1a: Grimmsnarl|slp|[msg]\n|move|p1a: Grimmsnarl|Light Screen|p1a: Grimmsnarl\n|-sidestart|p1: Fuzzieee|move: Light Screen\n|move|p2a: Arcanine|Close Combat|p1b: Wo-Chien\n|-activate|p1b: Wo-Chien|move: Protect\n|move|p2b: Amoonguss|Giga Drain|p1a: Grimmsnarl\n|-damage|p1a: Grimmsnarl|0 fnt\n|-heal|p2b: Amoonguss|58\/100|[from] drain|[of] p1a: Grimmsnarl\n|faint|p1a: Grimmsnarl\n|\n|-heal|p2b: Amoonguss|65\/100|[from] item: Black Sludge\n|upkeep\n|\n|t:|1697469223\n|switch|p1a: Okidogi|Okidogi, M|100\/100\n|turn|16\n|\n|t:|1697469242\n|switch|p2a: Iron Hands|Iron Hands|100\/100\n|move|p1a: Okidogi|Bulk Up|p1a: Okidogi\n|-boost|p1a: Okidogi|atk|1\n|-boost|p1a: Okidogi|def|1\n|move|p1b: Wo-Chien|Ruination|p2b: Amoonguss\n|-damage|p2b: Amoonguss|33\/100\n|move|p2b: Amoonguss|Spore|p1a: Okidogi\n|-status|p1a: Okidogi|slp|[from] move: Spore\n|\n|-heal|p2b: Amoonguss|39\/100|[from] item: Black Sludge\n|upkeep\n|turn|17\n|\n|t:|1697469267\n|switch|p1a: Ting-Lu|Ting-Lu|100\/100\n|-ability|p1a: Ting-Lu|Vessel of Ruin\n|switch|p2b: Kingambit|Kingambit, F|40\/100\n|move|p1b: Wo-Chien|Ruination|p2a: Iron Hands\n|-damage|p2a: Iron Hands|50\/100\n|move|p2a: Iron Hands|Drain Punch|p1b: Wo-Chien\n|-supereffective|p1b: Wo-Chien\n|-damage|p1b: Wo-Chien|8\/100\n|-heal|p2a: Iron Hands|71\/100|[from] drain|[of] p1b: Wo-Chien\n|\n|-heal|p2a: Iron Hands|77\/100|[from] item: Leftovers\n|upkeep\n|turn|18\n|\n|t:|1697469292\n|move|p1b: Wo-Chien|Protect|p1b: Wo-Chien\n|-singleturn|p1b: Wo-Chien|Protect\n|move|p1a: Ting-Lu|Stomping Tantrum|p2a: Iron Hands\n|-supereffective|p2a: Iron Hands\n|-damage|p2a: Iron Hands|40\/100\n|move|p2b: Kingambit|Low Kick|p1a: Ting-Lu\n|-supereffective|p1a: Ting-Lu\n|-damage|p1a: Ting-Lu|53\/100\n|move|p2a: Iron Hands|Drain Punch|p1b: Wo-Chien\n|-activate|p1b: Wo-Chien|move: Protect\n|\n|-heal|p2a: Iron Hands|46\/100|[from] item: Leftovers\n|upkeep\n|turn|19\n|\n|t:|1697469312\n|move|p1a: Ting-Lu|Stomping Tantrum|p2a: Iron Hands\n|-supereffective|p2a: Iron Hands\n|-damage|p2a: Iron Hands|8\/100\n|move|p1b: Wo-Chien|Ruination|p2a: Iron Hands\n|-damage|p2a: Iron Hands|4\/100\n|move|p2a: Iron Hands|Drain Punch|p1b: Wo-Chien\n|-supereffective|p1b: Wo-Chien\n|-damage|p1b: Wo-Chien|0 fnt\n|-heal|p2a: Iron Hands|7\/100|[from] drain|[of] p1b: Wo-Chien\n|faint|p1b: Wo-Chien\n|move|p2b: Kingambit|Low Kick|p1a: Ting-Lu\n|-supereffective|p1a: Ting-Lu\n|-damage|p1a: Ting-Lu|0 fnt\n|faint|p1a: Ting-Lu\n|\n|-heal|p2a: Iron Hands|13\/100|[from] item: Leftovers\n|upkeep\n|\n|t:|1697469329\n|switch|p1a: Okidogi|Okidogi, M|100\/100 slp\n|switch|p1b: Cresselia|Cresselia, F, shiny|100\/100\n|turn|20\n|\n|t:|1697469346\n|-end|p2a: Iron Hands|Quark Drive|[silent]\n|switch|p2a: Amoonguss|Amoonguss, F|72\/100\n|move|p1b: Cresselia|Lunar Blessing|p1b: Cresselia|[spread] p1a,p1b\n|-curestatus|p1a: Okidogi|slp|[msg]\n|move|p1a: Okidogi|Drain Punch|p2b: Kingambit\n|-supereffective|p2b: Kingambit\n|-damage|p2b: Kingambit|0 fnt\n|faint|p2b: Kingambit\n|\n|-heal|p2a: Amoonguss|79\/100|[from] item: Black Sludge\n|upkeep\n|\n|t:|1697469358\n|switch|p2b: Iron Hands|Iron Hands|13\/100\n|turn|21\n|\n|t:|1697469367\n|move|p2b: Iron Hands|Fake Out|p1a: Okidogi\n|-damage|p1a: Okidogi|87\/100\n|move|p1b: Cresselia|Ally Switch|p1b: Cresselia\n|swap|p1b: Cresselia|0|[from] move: Ally Switch\n|cant|p1b: Okidogi|flinch\n|move|p2a: Amoonguss|Spore|p1b: Okidogi\n|-status|p1b: Okidogi|slp|[from] move: Spore\n|\n|-heal|p2b: Iron Hands|20\/100|[from] item: Leftovers\n|-heal|p2a: Amoonguss|85\/100|[from] item: Black Sludge\n|upkeep\n|turn|22\n|\n|t:|1697469389\n|move|p1a: Cresselia|Psychic|p2a: Amoonguss\n|-supereffective|p2a: Amoonguss\n|-damage|p2a: Amoonguss|45\/100\n|cant|p1b: Okidogi|slp\n|move|p2b: Iron Hands|Drain Punch|p1a: Cresselia\n|-resisted|p1a: Cresselia\n|-damage|p1a: Cresselia|88\/100\n|-heal|p2b: Iron Hands|26\/100|[from] drain|[of] p1a: Cresselia\n|move|p2a: Amoonguss|Spore|p1a: Cresselia\n|-activate|p1a: Cresselia|item: Safety Goggles|Spore\n|\n|-heal|p2b: Iron Hands|32\/100|[from] item: Leftovers\n|-heal|p2a: Amoonguss|52\/100|[from] item: Black Sludge\n|-sideend|p1: Fuzzieee|move: Light Screen\n|upkeep\n|turn|23\n|inactive|daudo has 120 seconds left.\n|\n|t:|1697469426\n|-end|p2b: Iron Hands|Quark Drive|[silent]\n|switch|p2b: Rillaboom|Rillaboom, F|44\/100\n|-fieldstart|move: Grassy Terrain|[from] ability: Grassy Surge|[of] p2b: Rillaboom\n|move|p1a: Cresselia|Psychic|p2a: Amoonguss\n|-supereffective|p2a: Amoonguss\n|-crit|p2a: Amoonguss\n|-damage|p2a: Amoonguss|0 fnt\n|faint|p2a: Amoonguss\n|cant|p1b: Okidogi|slp\n|\n|-heal|p1b: Okidogi|93\/100 slp|[from] Grassy Terrain\n|-heal|p2b: Rillaboom|50\/100|[from] Grassy Terrain\n|upkeep\n|\n|t:|1697469438\n|switch|p2a: Iron Hands|Iron Hands|32\/100\n|turn|24\n|\n|t:|1697469447\n|cant|p1b: Okidogi|slp\n|move|p2a: Iron Hands|Fake Out|p1b: Okidogi\n|-damage|p1b: Okidogi|80\/100 slp\n|move|p1a: Cresselia|Psychic|p2a: Iron Hands\n|-supereffective|p2a: Iron Hands\n|-damage|p2a: Iron Hands|0 fnt\n|faint|p2a: Iron Hands\n|-end|p2a: Iron Hands|Quark Drive|[silent]\n|move|p2b: Rillaboom|Knock Off|p1a: Cresselia\n|-supereffective|p1a: Cresselia\n|-damage|p1a: Cresselia|45\/100\n|-enditem|p1a: Cresselia|Safety Goggles|[from] move: Knock Off|[of] p2b: Rillaboom\n|\n|-heal|p1b: Okidogi|86\/100 slp|[from] Grassy Terrain\n|-heal|p2b: Rillaboom|56\/100|[from] Grassy Terrain\n|upkeep\n|\n|t:|1697469461\n|switch|p2a: Dragonite|Dragonite, F|20\/100 par\n|turn|25\n|\n|t:|1697469484\n|-terastallize|p1a: Cresselia|Dark\n|move|p1a: Cresselia|Ally Switch|p1a: Cresselia\n|swap|p1a: Cresselia|1|[from] move: Ally Switch\n|move|p2b: Rillaboom|Grassy Glide|p1a: Okidogi\n|-resisted|p1a: Okidogi\n|-damage|p1a: Okidogi|72\/100 slp\n|-curestatus|p1a: Okidogi|slp|[msg]\n|move|p1a: Okidogi|Gunk Shot|p2b: Rillaboom|[miss]\n|-miss|p1a: Okidogi|p2b: Rillaboom\n|cant|p2a: Dragonite|par\n|\n|-heal|p1a: Okidogi|78\/100|[from] Grassy Terrain\n|-heal|p2b: Rillaboom|63\/100|[from] Grassy Terrain\n|upkeep\n|turn|26\n|\n|t:|1697469513\n|-terastallize|p2b: Rillaboom|Grass\n|move|p2b: Rillaboom|Grassy Glide|p1b: Cresselia\n|-damage|p1b: Cresselia|16\/100\n|move|p1b: Cresselia|Lunar Blessing|p1b: Cresselia|[spread] p1a,p1b\n|-heal|p1a: Okidogi|100\/100\n|-heal|p1b: Cresselia|41\/100\n|move|p1a: Okidogi|Gunk Shot|p2b: Rillaboom\n|-supereffective|p2b: Rillaboom\n|-damage|p2b: Rillaboom|0 fnt\n|faint|p2b: Rillaboom\n|move|p2a: Dragonite|Dragon Claw|p1b: Cresselia\n|-damage|p1b: Cresselia|0 fnt\n|faint|p1b: Cresselia\n|\n|upkeep\n|\n|t:|1697469528\n|switch|p1b: Iron Hands|Iron Hands, shiny|28\/100 slp\n|switch|p2b: Arcanine|Arcanine, F|50\/100\n|-ability|p2b: Arcanine|Intimidate|boost\n|-ability|p1a: Okidogi|Guard Dog|boost\n|-boost|p1a: Okidogi|atk|1\n|-unboost|p1b: Iron Hands|atk|1\n|turn|27\n|\n|t:|1697469545\n|move|p2b: Arcanine|Flare Blitz|p1a: Okidogi\n|-damage|p1a: Okidogi|64\/100\n|-damage|p2b: Arcanine|38\/100|[from] Recoil\n|move|p1a: Okidogi|Drain Punch|p2b: Arcanine\n|-damage|p2b: Arcanine|0 fnt\n|-heal|p1a: Okidogi|83\/100|[from] drain|[of] p2b: Arcanine\n|faint|p2b: Arcanine\n|cant|p1b: Iron Hands|slp\n|move|p2a: Dragonite|Dragon Claw|p1a: Okidogi\n|-damage|p1a: Okidogi|27\/100\n|\n|-heal|p1a: Okidogi|33\/100|[from] Grassy Terrain\n|-heal|p1b: Iron Hands|35\/100 slp|[from] Grassy Terrain\n|-fieldend|move: Grassy Terrain\n|upkeep\n|turn|28\n|\n|t:|1697469564\n|move|p1a: Okidogi|Drain Punch|p2a: Dragonite\n|-resisted|p2a: Dragonite\n|-damage|p2a: Dragonite|0 fnt\n|-heal|p1a: Okidogi|43\/100|[from] drain|[of] p2a: Dragonite\n|faint|p2a: Dragonite\n|\n|win|Fuzzieee\n|raw|Fuzzieee's rating: 1417 &rarr; <strong>1430<\/strong><br \/>(+13 for winning)\n|raw|daudo's rating: 1281 &rarr; <strong>1265<\/strong><br \/>(-16 for losing)\n|c|\u2606Fuzzieee|GGs\n|l|\u2606daudo\n|c|\u2606Fuzzieee|Goos game\n","uploadtime":1697469574,"views":22,"p1id":"fuzzieee","p2id":"daudo","formatid":"gen9doublesou","rating":1265,"private":0,"password":""}