{"id":"gen9doublesou-1988946951","p1":"Pax_825","p2":"DCT!Nightmare","format":"[Gen 9] Doubles OU","log":"|j|\u2606Pax_825\n|j|\u2606DCT!Nightmare\n|t:|1699792728\n|gametype|doubles\n|player|p1|Pax_825|265|1249\n|player|p2|DCT!Nightmare|169|1166\n|teamsize|p1|6\n|teamsize|p2|6\n|gen|9\n|tier|[Gen 9] Doubles OU\n|rated|\n|rule|Species Clause: Limit one of each Pok\u00e9mon\n|rule|OHKO Clause: OHKO moves are banned\n|rule|Evasion Moves Clause: Evasion moves are banned\n|rule|Gravity Sleep Clause: The combination of sleep-inducing moves with imperfect accuracy and Gravity or Gigantamax Orbeetle are banned\n|rule|Endless Battle Clause: Forcing endless battles is banned\n|rule|HP Percentage Mod: HP is shown in percentages\n|clearpoke\n|poke|p1|Iron Bundle|\n|poke|p1|Tornadus, M|\n|poke|p1|Iron Hands|\n|poke|p1|Rillaboom, F|\n|poke|p1|Arcanine-Hisui, M|\n|poke|p1|Roaring Moon|\n|poke|p2|Flutter Mane|\n|poke|p2|Iron Hands|\n|poke|p2|Palafin, F|\n|poke|p2|Dragonite, F|\n|poke|p2|Amoonguss, F|\n|poke|p2|Arcanine-Hisui, M|\n|teampreview\n|inactive|Battle timer is ON: inactive players will automatically lose when time's up. (requested by Pax_825)\n|\n|t:|1699792751\n|start\n|switch|p1a: Tornadus|Tornadus, M|100\/100\n|switch|p1b: Roaring Moon|Roaring Moon|100\/100\n|switch|p2a: Arcanine|Arcanine-Hisui, M|100\/100\n|switch|p2b: Dragonite|Dragonite, F|100\/100\n|-ability|p2a: Arcanine|Intimidate|boost\n|-unboost|p1a: Tornadus|atk|1\n|-unboost|p1b: Roaring Moon|atk|1\n|-enditem|p1b: Roaring Moon|Booster Energy\n|-activate|p1b: Roaring Moon|ability: Protosynthesis|[fromitem]\n|-start|p1b: Roaring Moon|protosynthesisspe\n|turn|1\n|inactive|Pax_825 has 120 seconds left.\n|inactive|DCT!Nightmare has 120 seconds left.\n|\n|t:|1699792800\n|-terastallize|p1b: Roaring Moon|Steel\n|move|p1b: Roaring Moon|Dragon Claw|p2b: Dragonite\n|-supereffective|p2b: Dragonite\n|-damage|p2b: Dragonite|63\/100\n|move|p1a: Tornadus|Icy Wind|p2b: Dragonite|[spread] p2a,p2b\n|-resisted|p2a: Arcanine\n|-supereffective|p2b: Dragonite\n|-enditem|p2b: Dragonite|Yache Berry|[eat]\n|-enditem|p2b: Dragonite|Yache Berry|[weaken]\n|-damage|p2a: Arcanine|94\/100\n|-damage|p2b: Dragonite|32\/100\n|-unboost|p2a: Arcanine|spe|1\n|-unboost|p2b: Dragonite|spe|1\n|move|p2b: Dragonite|Dragon Claw|p1b: Roaring Moon\n|-resisted|p1b: Roaring Moon\n|-damage|p1b: Roaring Moon|72\/100\n|move|p2a: Arcanine|Head Smash|p1a: Tornadus\n|-supereffective|p1a: Tornadus\n|-enditem|p1a: Tornadus|Focus Sash\n|-damage|p1a: Tornadus|1\/100\n|-damage|p2a: Arcanine|56\/100|[from] Recoil\n|\n|upkeep\n|turn|2\n|inactive|Pax_825 has 120 seconds left.\n|inactive|DCT!Nightmare has 120 seconds left.\n|inactive|DCT!Nightmare has 90 seconds left.\n|\n|t:|1699792848\n|move|p2b: Dragonite|Extreme Speed|p1a: Tornadus\n|-damage|p1a: Tornadus|0 fnt\n|faint|p1a: Tornadus\n|move|p1b: Roaring Moon|Dragon Claw|p2b: Dragonite\n|-supereffective|p2b: Dragonite\n|-damage|p2b: Dragonite|0 fnt\n|faint|p2b: Dragonite\n|move|p2a: Arcanine|Flare Blitz|p1b: Roaring Moon\n|-supereffective|p1b: Roaring Moon\n|-damage|p1b: Roaring Moon|0 fnt\n|faint|p1b: Roaring Moon\n|-end|p1b: Roaring Moon|Protosynthesis|[silent]\n|-damage|p2a: Arcanine|35\/100|[from] Recoil\n|\n|upkeep\n|inactive|Pax_825 has 120 seconds left.\n|\n|t:|1699792868\n|switch|p1a: Rillaboom|Rillaboom, F|100\/100\n|switch|p1b: Iron Hands|Iron Hands|100\/100\n|switch|p2b: Iron Hands|Iron Hands|100\/100\n|-fieldstart|move: Grassy Terrain|[from] ability: Grassy Surge|[of] p1a: Rillaboom\n|turn|3\n|inactive|Pax_825 has 120 seconds left.\n|inactive|DCT!Nightmare has 90 seconds left.\n|\n|t:|1699792912\n|switch|p2a: Amoonguss|Amoonguss, F|100\/100\n|move|p1b: Iron Hands|Fake Out|p2a: Amoonguss\n|-damage|p2a: Amoonguss|85\/100\n|move|p1a: Rillaboom|Drain Punch|p2a: Amoonguss\n|-resisted|p2a: Amoonguss\n|-damage|p2a: Amoonguss|67\/100\n|-damage|p1a: Rillaboom|91\/100|[from] item: Life Orb\n|move|p2b: Iron Hands|Ice Punch|p1a: Rillaboom\n|-supereffective|p1a: Rillaboom\n|-damage|p1a: Rillaboom|30\/100\n|\n|-heal|p1a: Rillaboom|36\/100|[from] Grassy Terrain\n|-heal|p2a: Amoonguss|73\/100|[from] Grassy Terrain\n|-heal|p2a: Amoonguss|79\/100|[from] item: Leftovers\n|upkeep\n|turn|4\n|inactive|DCT!Nightmare has 90 seconds left.\n|inactive|Pax_825 has 120 seconds left.\n|\n|t:|1699792940\n|move|p2a: Amoonguss|Rage Powder|p2a: Amoonguss\n|-singleturn|p2a: Amoonguss|move: Rage Powder\n|move|p1a: Rillaboom|U-turn|p2a: Amoonguss\n|-damage|p2a: Amoonguss|46\/100\n|-damage|p1a: Rillaboom|26\/100|[from] item: Life Orb\n|inactive|Pax_825 has 120 seconds left.\n|\n|t:|1699792952\n|switch|p1a: Arcanine|Arcanine-Hisui, M|100\/100|[from] U-turn\n|move|p2b: Iron Hands|Ice Punch|p1a: Arcanine\n|-resisted|p1a: Arcanine\n|-damage|p1a: Arcanine|82\/100\n|move|p1b: Iron Hands|Heavy Slam|p2a: Amoonguss\n|-damage|p2a: Amoonguss|0 fnt\n|faint|p2a: Amoonguss\n|\n|-heal|p1a: Arcanine|88\/100|[from] Grassy Terrain\n|upkeep\n|\n|t:|1699792969\n|switch|p2a: Palafin|Palafin, F|100\/100\n|turn|5\n|inactive|DCT!Nightmare has 90 seconds left.\n|\n|t:|1699792982\n|move|p1a: Arcanine|Protect|p1a: Arcanine\n|-singleturn|p1a: Arcanine|Protect\n|move|p2a: Palafin|Flip Turn|p1a: Arcanine\n|-activate|p1a: Arcanine|move: Protect\n|move|p1b: Iron Hands|Wild Charge|p2a: Palafin\n|-supereffective|p2a: Palafin\n|-damage|p2a: Palafin|0 fnt\n|faint|p2a: Palafin\n|-damage|p1b: Iron Hands|82\/100|[from] Recoil\n|move|p2b: Iron Hands|Substitute|p2b: Iron Hands\n|-start|p2b: Iron Hands|Substitute\n|-damage|p2b: Iron Hands|75\/100\n|\n|-heal|p1a: Arcanine|94\/100|[from] Grassy Terrain\n|-heal|p2b: Iron Hands|82\/100|[from] Grassy Terrain\n|-heal|p1b: Iron Hands|88\/100|[from] Grassy Terrain\n|-heal|p2b: Iron Hands|88\/100|[from] item: Leftovers\n|upkeep\n|inactive|DCT!Nightmare has 90 seconds left.\n|\n|t:|1699793002\n|switch|p2a: Arcanine|Arcanine-Hisui, M|35\/100\n|-ability|p2a: Arcanine|Intimidate|boost\n|-unboost|p1a: Arcanine|atk|1\n|-unboost|p1b: Iron Hands|atk|1\n|turn|6\n|inactive|DCT!Nightmare has 90 seconds left.\n|inactive|Pax_825 has 120 seconds left.\n|\n|t:|1699793040\n|switch|p2a: Flutter Mane|Flutter Mane|100\/100\n|-enditem|p2a: Flutter Mane|Booster Energy\n|-activate|p2a: Flutter Mane|ability: Protosynthesis|[fromitem]\n|-start|p2a: Flutter Mane|protosynthesisspe\n|move|p1a: Arcanine|Head Smash|p2a: Flutter Mane\n|-damage|p2a: Flutter Mane|0 fnt\n|faint|p2a: Flutter Mane\n|-end|p2a: Flutter Mane|Protosynthesis|[silent]\n|-damage|p1a: Arcanine|84\/100|[from] item: Life Orb\n|move|p1b: Iron Hands|Drain Punch|p2b: Iron Hands\n|-activate|p2b: Iron Hands|move: Substitute|[damage]\n|-heal|p1b: Iron Hands|98\/100|[from] drain|[of] p2b: Iron Hands\n|move|p2b: Iron Hands|Drain Punch|p1a: Arcanine\n|-supereffective|p1a: Arcanine\n|-damage|p1a: Arcanine|0 fnt\n|-heal|p2b: Iron Hands|100\/100|[from] drain|[of] p1a: Arcanine\n|faint|p1a: Arcanine\n|\n|-heal|p1b: Iron Hands|100\/100|[from] Grassy Terrain\n|upkeep\n|inactive|DCT!Nightmare has 90 seconds left.\n|inactive|Pax_825 has 120 seconds left.\n|\n|t:|1699793063\n|switch|p2a: Arcanine|Arcanine-Hisui, M|35\/100\n|switch|p1a: Iron Bundle|Iron Bundle|100\/100\n|-ability|p2a: Arcanine|Intimidate|boost\n|-unboost|p1a: Iron Bundle|atk|1\n|-unboost|p1b: Iron Hands|atk|1\n|-enditem|p1a: Iron Bundle|Booster Energy\n|-activate|p1a: Iron Bundle|ability: Quark Drive|[fromitem]\n|-start|p1a: Iron Bundle|quarkdrivespe\n|turn|7\n|\n|t:|1699793076\n|-end|p1b: Iron Hands|Quark Drive|[silent]\n|switch|p1b: Rillaboom|Rillaboom, F|26\/100\n|-terastallize|p2a: Arcanine|Grass\n|move|p1a: Iron Bundle|Hydro Pump|p2a: Arcanine\n|-resisted|p2a: Arcanine\n|-damage|p2a: Arcanine|5\/100\n|move|p2a: Arcanine|Morning Sun|p2a: Arcanine\n|-heal|p2a: Arcanine|55\/100\n|move|p2b: Iron Hands|Thunder Punch|p1a: Iron Bundle\n|-supereffective|p1a: Iron Bundle\n|-damage|p1a: Iron Bundle|0 fnt\n|faint|p1a: Iron Bundle\n|-end|p1a: Iron Bundle|Quark Drive|[silent]\n|\n|-heal|p2a: Arcanine|61\/100|[from] Grassy Terrain\n|-heal|p1b: Rillaboom|32\/100|[from] Grassy Terrain\n|-fieldend|move: Grassy Terrain\n|upkeep\n|\n|t:|1699793089\n|switch|p1a: Iron Hands|Iron Hands|100\/100\n|turn|8\n|inactive|DCT!Nightmare has 120 seconds left.\n|\n|t:|1699793112\n|move|p1a: Iron Hands|Fake Out|p2a: Arcanine\n|-damage|p2a: Arcanine|44\/100\n|cant|p2a: Arcanine|flinch\n|move|p1b: Rillaboom|U-turn|p2a: Arcanine\n|-supereffective|p2a: Arcanine\n|-damage|p2a: Arcanine|0 fnt\n|faint|p2a: Arcanine\n|-damage|p1b: Rillaboom|22\/100|[from] item: Life Orb\n|move|p2b: Iron Hands|Drain Punch|p1a: Iron Hands\n|-damage|p1a: Iron Hands|70\/100\n|\n|upkeep\n|turn|9\n|\n|t:|1699793128\n|move|p1b: Rillaboom|Drain Punch|p2b: Iron Hands\n|-end|p2b: Iron Hands|Substitute\n|-heal|p1b: Rillaboom|27\/100|[from] drain|[of] p2b: Iron Hands\n|-damage|p1b: Rillaboom|17\/100|[from] item: Life Orb\n|move|p1a: Iron Hands|Drain Punch|p2b: Iron Hands\n|-crit|p2b: Iron Hands\n|-damage|p2b: Iron Hands|60\/100\n|-heal|p1a: Iron Hands|93\/100|[from] drain|[of] p2b: Iron Hands\n|move|p2b: Iron Hands|Ice Punch|p1b: Rillaboom\n|-supereffective|p1b: Rillaboom\n|-damage|p1b: Rillaboom|0 fnt\n|faint|p1b: Rillaboom\n|\n|-heal|p2b: Iron Hands|66\/100|[from] item: Leftovers\n|upkeep\n|turn|10\n|\n|t:|1699793152\n|move|p1a: Iron Hands|Drain Punch|p2b: Iron Hands\n|-damage|p2b: Iron Hands|39\/100\n|-heal|p1a: Iron Hands|100\/100|[from] drain|[of] p2b: Iron Hands\n|move|p2b: Iron Hands|Ice Punch|p1a: Iron Hands\n|-damage|p1a: Iron Hands|77\/100\n|\n|-heal|p2b: Iron Hands|45\/100|[from] item: Leftovers\n|upkeep\n|turn|11\n|\n|t:|1699793163\n|move|p2b: Iron Hands|Drain Punch|p1a: Iron Hands\n|-damage|p1a: Iron Hands|47\/100\n|-heal|p2b: Iron Hands|59\/100|[from] drain|[of] p1a: Iron Hands\n|move|p1a: Iron Hands|Drain Punch|p2b: Iron Hands\n|-damage|p2b: Iron Hands|31\/100\n|-heal|p1a: Iron Hands|63\/100|[from] drain|[of] p2b: Iron Hands\n|\n|-heal|p2b: Iron Hands|38\/100|[from] item: Leftovers\n|upkeep\n|turn|12\n|inactive|DCT!Nightmare has 120 seconds left.\n|\n|t:|1699793212\n|move|p1a: Iron Hands|Drain Punch|p2b: Iron Hands\n|-damage|p2b: Iron Hands|13\/100\n|-heal|p1a: Iron Hands|77\/100|[from] drain|[of] p2b: Iron Hands\n|move|p2b: Iron Hands|Drain Punch|p1a: Iron Hands\n|-damage|p1a: Iron Hands|47\/100\n|-heal|p2b: Iron Hands|26\/100|[from] drain|[of] p1a: Iron Hands\n|\n|-heal|p2b: Iron Hands|32\/100|[from] item: Leftovers\n|upkeep\n|turn|13\n|inactive|DCT!Nightmare has 120 seconds left.\n|\n|t:|1699793225\n|move|p2b: Iron Hands|Drain Punch|p1a: Iron Hands\n|-damage|p1a: Iron Hands|16\/100\n|-heal|p2b: Iron Hands|46\/100|[from] drain|[of] p1a: Iron Hands\n|move|p1a: Iron Hands|Drain Punch|p2b: Iron Hands\n|-damage|p2b: Iron Hands|19\/100\n|-heal|p1a: Iron Hands|31\/100|[from] drain|[of] p2b: Iron Hands\n|\n|-heal|p2b: Iron Hands|26\/100|[from] item: Leftovers\n|upkeep\n|turn|14\n|\n|t:|1699793243\n|move|p2b: Iron Hands|Drain Punch|p1a: Iron Hands\n|-damage|p1a: Iron Hands|0 fnt\n|-heal|p2b: Iron Hands|39\/100|[from] drain|[of] p1a: Iron Hands\n|faint|p1a: Iron Hands\n|-end|p1a: Iron Hands|Quark Drive|[silent]\n|\n|win|DCT!Nightmare\n|raw|Pax_825's rating: 1249 &rarr; <strong>1218<\/strong><br \/>(-31 for losing)\n|raw|DCT!Nightmare's rating: 1166 &rarr; <strong>1197<\/strong><br \/>(+31 for winning)\n","uploadtime":1699793259,"views":19,"p1id":"pax825","p2id":"dctnightmare","formatid":"gen9doublesou","rating":1197,"private":0,"password":""}