{"id":"gen9doublesou-1989119635","p1":"sdmiiu","p2":"Thehombre","format":"[Gen 9] Doubles OU","log":"|j|\u2606sdmiiu\n|j|\u2606Thehombre\n|t:|1699814338\n|gametype|doubles\n|player|p1|sdmiiu|red|1219\n|player|p2|Thehombre|2|1261\n|teamsize|p1|6\n|teamsize|p2|6\n|gen|9\n|tier|[Gen 9] Doubles OU\n|rated|\n|rule|Species Clause: Limit one of each Pok\u00e9mon\n|rule|OHKO Clause: OHKO moves are banned\n|rule|Evasion Moves Clause: Evasion moves are banned\n|rule|Gravity Sleep Clause: The combination of sleep-inducing moves with imperfect accuracy and Gravity or Gigantamax Orbeetle are banned\n|rule|Endless Battle Clause: Forcing endless battles is banned\n|rule|HP Percentage Mod: HP is shown in percentages\n|clearpoke\n|poke|p1|Tornadus, M|\n|poke|p1|Gengar, M|\n|poke|p1|Quaquaval, F|\n|poke|p1|Maushold-Four|\n|poke|p1|Ninetales-Alola, M|\n|poke|p1|Arcanine, F|\n|poke|p2|Copperajah, M|\n|poke|p2|Bronzong|\n|poke|p2|Armarouge, F|\n|poke|p2|Torkoal, F|\n|poke|p2|Dipplin, M|\n|poke|p2|Great Tusk|\n|teampreview\n|inactive|Battle timer is ON: inactive players will automatically lose when time's up. (requested by sdmiiu)\n|\n|t:|1699814347\n|start\n|switch|p1a: Gengar|Gengar, M|100\/100\n|switch|p1b: Ninetales|Ninetales-Alola, M|100\/100\n|switch|p2a: Copperajah|Copperajah, M|100\/100\n|switch|p2b: Bronzong|Bronzong|100\/100\n|-weather|Snow|[from] ability: Snow Warning|[of] p1b: Ninetales\n|turn|1\n|\n|t:|1699814362\n|move|p1a: Gengar|Nasty Plot|p1a: Gengar\n|-boost|p1a: Gengar|spa|2\n|move|p1b: Ninetales|Aurora Veil|p1b: Ninetales\n|-sidestart|p1: sdmiiu|move: Aurora Veil\n|move|p2a: Copperajah|Curse|p2a: Copperajah\n|-unboost|p2a: Copperajah|spe|1\n|-boost|p2a: Copperajah|atk|1\n|-boost|p2a: Copperajah|def|1\n|move|p2b: Bronzong|Trick Room|p2b: Bronzong\n|-fieldstart|move: Trick Room|[of] p2b: Bronzong\n|\n|-weather|Snow|[upkeep]\n|upkeep\n|turn|2\n|\n|t:|1699814389\n|move|p2b: Bronzong|Gyro Ball|p1a: Gengar\n|-damage|p1a: Gengar|41\/100\n|move|p2a: Copperajah|Heavy Slam|p1a: Gengar\n|-damage|p1a: Gengar|0 fnt\n|-start|p2a: Copperajah|Disable|Heavy Slam|[from] ability: Cursed Body|[of] p1a: Gengar\n|faint|p1a: Gengar\n|move|p1b: Ninetales|Freeze-Dry|p2a: Copperajah\n|-resisted|p2a: Copperajah\n|-damage|p2a: Copperajah|90\/100\n|\n|-weather|Snow|[upkeep]\n|-heal|p2a: Copperajah|97\/100|[from] item: Leftovers\n|upkeep\n|inactive|sdmiiu has 120 seconds left.\n|\n|t:|1699814403\n|switch|p1a: Quaquaval|Quaquaval, F|100\/100\n|turn|3\n|\n|t:|1699814420\n|move|p2b: Bronzong|Gyro Ball|p1b: Ninetales\n|-supereffective|p1b: Ninetales\n|-damage|p1b: Ninetales|8\/100\n|move|p2a: Copperajah|Curse|p2a: Copperajah\n|-unboost|p2a: Copperajah|spe|1\n|-boost|p2a: Copperajah|atk|1\n|-boost|p2a: Copperajah|def|1\n|move|p1a: Quaquaval|Brick Break|p2a: Copperajah\n|-supereffective|p2a: Copperajah\n|-damage|p2a: Copperajah|57\/100\n|move|p1b: Ninetales|Encore|p2a: Copperajah\n|-start|p2a: Copperajah|Encore\n|\n|-weather|Snow|[upkeep]\n|-heal|p2a: Copperajah|64\/100|[from] item: Leftovers\n|upkeep\n|turn|4\n|\n|t:|1699814437\n|move|p1b: Ninetales|Protect|p1b: Ninetales\n|-singleturn|p1b: Ninetales|Protect\n|move|p2a: Copperajah|Curse|p2a: Copperajah\n|-unboost|p2a: Copperajah|spe|1\n|-boost|p2a: Copperajah|atk|1\n|-boost|p2a: Copperajah|def|1\n|move|p2b: Bronzong|Iron Defense|p2b: Bronzong\n|-boost|p2b: Bronzong|def|2\n|move|p1a: Quaquaval|Brick Break|p2b: Bronzong\n|-damage|p2b: Bronzong|85\/100\n|\n|-weather|Snow|[upkeep]\n|-heal|p2a: Copperajah|70\/100|[from] item: Leftovers\n|-heal|p2b: Bronzong|92\/100|[from] item: Leftovers\n|upkeep\n|turn|5\n|-message|sdmiiu forfeited.\n|\n|win|Thehombre\n|raw|sdmiiu's rating: 1219 &rarr; <strong>1197<\/strong><br \/>(-22 for losing)\n|raw|Thehombre's rating: 1261 &rarr; <strong>1283<\/strong><br \/>(+22 for winning)\n|l|\u2606sdmiiu\n","uploadtime":1699814454,"views":9,"p1id":"sdmiiu","p2id":"thehombre","formatid":"gen9doublesou","rating":1197,"private":0,"password":""}