{"id":"gen9doublesou-1973785871","p1":"mikeyuwu","p2":"NeroWantsToBeCool","format":"[Gen 9] Doubles OU","log":"|j|\u2606mikeyuwu\n|j|\u2606NeroWantsToBeCool\n|t:|1698013271\n|gametype|doubles\n|player|p1|mikeyuwu|psychic-gen4|1218\n|player|p2|NeroWantsToBeCool|101|1177\n|teamsize|p1|6\n|teamsize|p2|6\n|gen|9\n|tier|[Gen 9] Doubles OU\n|rated|\n|rule|Species Clause: Limit one of each Pok\u00e9mon\n|rule|OHKO Clause: OHKO moves are banned\n|rule|Evasion Moves Clause: Evasion moves are banned\n|rule|Gravity Sleep Clause: The combination of sleep-inducing moves with imperfect accuracy and Gravity or Gigantamax Orbeetle are banned\n|rule|Endless Battle Clause: Forcing endless battles is banned\n|rule|HP Percentage Mod: HP is shown in percentages\n|clearpoke\n|poke|p1|Garchomp, M|\n|poke|p1|Tyranitar, F|\n|poke|p1|Vaporeon, F|\n|poke|p1|Toxicroak, M|\n|poke|p1|Pelipper, F|\n|poke|p1|Abomasnow, M|\n|poke|p2|Tyranitar, M|\n|poke|p2|Cresselia, F|\n|poke|p2|Enamorus-Therian, F|\n|poke|p2|Ursaluna, F|\n|poke|p2|Hippowdon, F|\n|poke|p2|Diancie|\n|teampreview\n|inactive|Battle timer is ON: inactive players will automatically lose when time's up. (requested by NeroWantsToBeCool)\n|\n|t:|1698013287\n|start\n|switch|p1a: OTLHPM|Toxicroak, M|100\/100\n|switch|p1b: Harmacy|Vaporeon, F|100\/100\n|switch|p2a: Hippowdon|Hippowdon, F|100\/100\n|switch|p2b: Cresselia|Cresselia, F, shiny|100\/100\n|-weather|Sandstorm|[from] ability: Sand Stream|[of] p2a: Hippowdon\n|turn|1\n|\n|t:|1698013305\n|switch|p1a: Weather War|Pelipper, F|100\/100\n|-weather|RainDance|[from] ability: Drizzle|[of] p1a: Weather War\n|move|p1b: Harmacy|Weather Ball|p2a: Hippowdon\n|-supereffective|p2a: Hippowdon\n|-damage|p2a: Hippowdon|23\/100\n|-enditem|p2a: Hippowdon|Aguav Berry|[eat]\n|-heal|p2a: Hippowdon|57\/100|[from] item: Aguav Berry\n|move|p2a: Hippowdon|Yawn|p1a: Weather War\n|-start|p1a: Weather War|move: Yawn|[of] p2a: Hippowdon\n|move|p2b: Cresselia|Trick Room|p2b: Cresselia\n|-fieldstart|move: Trick Room|[of] p2b: Cresselia\n|\n|-weather|RainDance|[upkeep]\n|upkeep\n|turn|2\n|\n|t:|1698013334\n|switch|p2a: Tyranitar|Tyranitar, M|100\/100\n|-weather|Sandstorm|[from] ability: Sand Stream|[of] p2a: Tyranitar\n|switch|p1a: ThcrThnSnkr|Tyranitar, F|100\/100\n|switch|p2b: Ursaluna|Ursaluna, F|100\/100\n|move|p1b: Harmacy|Copycat|p1b: Harmacy\n|move|p1b: Harmacy|Trick Room|p1b: Harmacy|[from]move: Copycat\n|-fieldend|move: Trick Room\n|\n|-weather|Sandstorm|[upkeep]\n|-damage|p1b: Harmacy|94\/100|[from] Sandstorm\n|-heal|p1b: Harmacy|100\/100|[from] item: Leftovers\n|-status|p2b: Ursaluna|brn|[from] item: Flame Orb\n|upkeep\n|turn|3\n|inactive|NeroWantsToBeCool has 120 seconds left.\n|c|\u2606mikeyuwu|Awk\n|\n|t:|1698013377\n|switch|p1a: Weather War|Pelipper, F|100\/100\n|-weather|RainDance|[from] ability: Drizzle|[of] p1a: Weather War\n|-terastallize|p2a: Tyranitar|Dragon\n|move|p1b: Harmacy|Weather Ball|p2b: Ursaluna\n|-supereffective|p2b: Ursaluna\n|-damage|p2b: Ursaluna|0 fnt\n|faint|p2b: Ursaluna\n|move|p2a: Tyranitar|Knock Off|p1b: Harmacy\n|-crit|p1b: Harmacy\n|-damage|p1b: Harmacy|15\/100\n|-enditem|p1b: Harmacy|Leftovers|[from] move: Knock Off|[of] p2a: Tyranitar\n|\n|-weather|RainDance|[upkeep]\n|upkeep\n|\n|t:|1698013397\n|switch|p2b: Hippowdon|Hippowdon, F|57\/100\n|-weather|Sandstorm|[from] ability: Sand Stream|[of] p2b: Hippowdon\n|turn|4\n|\n|t:|1698013408\n|switch|p1b: Cold Shoulder|Abomasnow, M, shiny|100\/100\n|-weather|Snow|[from] ability: Snow Warning|[of] p1b: Cold Shoulder\n|switch|p2b: Diancie|Diancie, shiny|100\/100\n|move|p1a: Weather War|Blizzard|p2b: Diancie|[spread] p2a,p2b\n|-supereffective|p2a: Tyranitar\n|-damage|p2a: Tyranitar|69\/100\n|-damage|p2b: Diancie|86\/100\n|move|p2a: Tyranitar|Knock Off|p1a: Weather War\n|-damage|p1a: Weather War|39\/100\n|-enditem|p1a: Weather War|Heavy-Duty Boots|[from] move: Knock Off|[of] p2a: Tyranitar\n|\n|-weather|Snow|[upkeep]\n|upkeep\n|turn|5\n|inactive|NeroWantsToBeCool has 120 seconds left.\n|\n|t:|1698013431\n|switch|p1a: Extra Spicy|Garchomp, M|100\/100\n|-terastallize|p1b: Cold Shoulder|Water\n|move|p1b: Cold Shoulder|Leech Seed|p2b: Diancie\n|-start|p2b: Diancie|move: Leech Seed\n|move|p2a: Tyranitar|Knock Off|p1a: Extra Spicy\n|-damage|p1a: Extra Spicy|50\/100\n|-damage|p2a: Tyranitar|56\/100|[from] ability: Rough Skin|[of] p1a: Extra Spicy\n|-damage|p2a: Tyranitar|40\/100|[from] item: Rocky Helmet|[of] p1a: Extra Spicy\n|-enditem|p1a: Extra Spicy|Rocky Helmet|[from] move: Knock Off|[of] p2a: Tyranitar\n|move|p2b: Diancie|Trick Room|p2b: Diancie\n|-fieldstart|move: Trick Room|[of] p2b: Diancie\n|\n|-weather|Snow|[upkeep]\n|-damage|p2b: Diancie|73\/100|[from] Leech Seed|[of] p1b: Cold Shoulder\n|upkeep\n|turn|6\n|inactive|NeroWantsToBeCool has 120 seconds left.\n|\n|t:|1698013460\n|move|p2b: Diancie|Play Rough|p1a: Extra Spicy\n|-supereffective|p1a: Extra Spicy\n|-damage|p1a: Extra Spicy|2\/100\n|-damage|p2b: Diancie|61\/100|[from] ability: Rough Skin|[of] p1a: Extra Spicy\n|move|p2a: Tyranitar|Knock Off|p1a: Extra Spicy\n|-damage|p1a: Extra Spicy|0 fnt\n|-damage|p2a: Tyranitar|27\/100|[from] ability: Rough Skin|[of] p1a: Extra Spicy\n|faint|p1a: Extra Spicy\n|move|p1b: Cold Shoulder|Blizzard|p2a: Tyranitar|[spread] p2a,p2b\n|-supereffective|p2a: Tyranitar\n|-damage|p2a: Tyranitar|0 fnt\n|-damage|p2b: Diancie|35\/100\n|faint|p2a: Tyranitar\n|\n|-weather|Snow|[upkeep]\n|-damage|p2b: Diancie|23\/100|[from] Leech Seed|[of] p1b: Cold Shoulder\n|upkeep\n|\n|t:|1698013476\n|switch|p2a: Hippowdon|Hippowdon, F|57\/100\n|switch|p1a: Harmacy|Vaporeon, F|15\/100\n|-weather|Sandstorm|[from] ability: Sand Stream|[of] p2a: Hippowdon\n|turn|7\n|\n|t:|1698013495\n|switch|p1a: Weather War|Pelipper, F|39\/100\n|-weather|RainDance|[from] ability: Drizzle|[of] p1a: Weather War\n|move|p2a: Hippowdon|Slack Off|p2a: Hippowdon\n|-heal|p2a: Hippowdon|100\/100\n|move|p1b: Cold Shoulder|Weather Ball|p2a: Hippowdon\n|-supereffective|p2a: Hippowdon\n|-damage|p2a: Hippowdon|15\/100\n|move|p2b: Diancie|Trick Room|p2b: Diancie\n|-fieldend|move: Trick Room\n|\n|-weather|RainDance|[upkeep]\n|-damage|p2b: Diancie|10\/100|[from] Leech Seed|[of] p1b: Cold Shoulder\n|upkeep\n|turn|8\n|-message|NeroWantsToBeCool forfeited.\n|\n|win|mikeyuwu\n|raw|mikeyuwu's rating: 1233 &rarr; <strong>1254<\/strong><br \/>(+21 for winning)\n|raw|NeroWantsToBeCool's rating: 1177 &rarr; <strong>1156<\/strong><br \/>(-21 for losing)\n|l|\u2606NeroWantsToBeCool\n","uploadtime":1698013511,"views":19,"p1id":"mikeyuwu","p2id":"nerowantstobecool","formatid":"gen9doublesou","rating":1156,"private":0,"password":""}