{"id":"gen9doublesou-1983381467","p1":"scumbaglogan","p2":"Gre123","format":"[Gen 9] Doubles OU","log":"|j|\u2606scumbaglogan\n|j|\u2606Gre123\n|t:|1699124164\n|gametype|doubles\n|player|p1|scumbaglogan|benga|1274\n|player|p2|Gre123|265|1216\n|teamsize|p1|6\n|teamsize|p2|6\n|gen|9\n|tier|[Gen 9] Doubles OU\n|rated|\n|rule|Species Clause: Limit one of each Pok\u00e9mon\n|rule|OHKO Clause: OHKO moves are banned\n|rule|Evasion Moves Clause: Evasion moves are banned\n|rule|Gravity Sleep Clause: The combination of sleep-inducing moves with imperfect accuracy and Gravity or Gigantamax Orbeetle are banned\n|rule|Endless Battle Clause: Forcing endless battles is banned\n|rule|HP Percentage Mod: HP is shown in percentages\n|clearpoke\n|poke|p1|Flutter Mane|\n|poke|p1|Iron Hands|\n|poke|p1|Cresselia, F|\n|poke|p1|Ursaluna, F|\n|poke|p1|Heatran, F|\n|poke|p1|Abomasnow, F|\n|poke|p2|Charizard, F|\n|poke|p2|Torkoal, F|\n|poke|p2|Ursaluna-Bloodmoon, M|\n|poke|p2|Sinistcha-Masterpiece|\n|poke|p2|Chi-Yu|\n|poke|p2|Ninetales, M|\n|teampreview\n|\n|t:|1699124178\n|start\n|switch|p1a: Flutter Mane|Flutter Mane|100\/100\n|switch|p1b: Iron Hands|Iron Hands, shiny|100\/100\n|switch|p2a: Charizard|Charizard, F, shiny|100\/100\n|switch|p2b: Torkoal|Torkoal, F|100\/100\n|-weather|SunnyDay|[from] ability: Drought|[of] p2b: Torkoal\n|-activate|p1a: Flutter Mane|ability: Protosynthesis\n|-start|p1a: Flutter Mane|protosynthesisspa\n|turn|1\n|\n|t:|1699124196\n|move|p1b: Iron Hands|Fake Out|p2a: Charizard\n|-damage|p2a: Charizard|79\/100\n|cant|p2a: Charizard|flinch\n|move|p1a: Flutter Mane|Dazzling Gleam|p2a: Charizard|[spread] p2a,p2b\n|-resisted|p2a: Charizard\n|-resisted|p2b: Torkoal\n|-damage|p2a: Charizard|43\/100\n|-damage|p2b: Torkoal|66\/100\n|move|p2b: Torkoal|Eruption|p1a: Flutter Mane|[spread] p1a,p1b\n|-damage|p1a: Flutter Mane|65\/100\n|-damage|p1b: Iron Hands|81\/100\n|\n|-weather|SunnyDay|[upkeep]\n|-damage|p2a: Charizard|31\/100|[from] ability: Solar Power|[of] p2a: Charizard\n|upkeep\n|turn|2\n|\n|t:|1699124222\n|move|p2a: Charizard|Heat Wave|p1a: Flutter Mane|[spread] p1a,p1b\n|-damage|p1a: Flutter Mane|0 fnt\n|-damage|p1b: Iron Hands|21\/100\n|faint|p1a: Flutter Mane\n|-end|p1a: Flutter Mane|Protosynthesis|[silent]\n|move|p1b: Iron Hands|Drain Punch|p2b: Torkoal\n|-damage|p2b: Torkoal|34\/100\n|-heal|p1b: Iron Hands|33\/100|[from] drain|[of] p2b: Torkoal\n|move|p2b: Torkoal|Eruption|p1b: Iron Hands\n|-damage|p1b: Iron Hands|17\/100\n|\n|-weather|SunnyDay|[upkeep]\n|-damage|p2a: Charizard|19\/100|[from] ability: Solar Power|[of] p2a: Charizard\n|upkeep\n|\n|t:|1699124237\n|switch|p1a: Ursaluna|Ursaluna, F, shiny|100\/100\n|turn|3\n|\n|t:|1699124248\n|-end|p1b: Iron Hands|Quark Drive|[silent]\n|switch|p1b: Heatran|Heatran, F|100\/100\n|move|p1a: Ursaluna|Protect|p1a: Ursaluna\n|-singleturn|p1a: Ursaluna|Protect\n|move|p2a: Charizard|Heat Wave|p1a: Ursaluna|[spread] \n|-activate|p1a: Ursaluna|move: Protect\n|-start|p1b: Heatran|ability: Flash Fire\n|move|p2b: Torkoal|Solar Beam||[still]\n|-prepare|p2b: Torkoal|Solar Beam\n|-anim|p2b: Torkoal|Solar Beam|p1a: Ursaluna\n|-activate|p1a: Ursaluna|move: Protect\n|\n|-weather|SunnyDay|[upkeep]\n|-damage|p2a: Charizard|6\/100|[from] ability: Solar Power|[of] p2a: Charizard\n|-status|p1a: Ursaluna|brn|[from] item: Flame Orb\n|upkeep\n|turn|4\n|\n|t:|1699124266\n|move|p2a: Charizard|Heat Wave|p1a: Ursaluna|[spread] p1a\n|-immune|p1b: Heatran|[from] ability: Flash Fire\n|-damage|p1a: Ursaluna|13\/100 brn\n|move|p1b: Heatran|Heat Wave|p2a: Charizard|[spread] p2a,p2b\n|-resisted|p2a: Charizard\n|-resisted|p2b: Torkoal\n|-damage|p2a: Charizard|0 fnt\n|-damage|p2b: Torkoal|0 fnt\n|faint|p2a: Charizard\n|faint|p2b: Torkoal\n|move|p1a: Ursaluna|Swords Dance|p1a: Ursaluna\n|-boost|p1a: Ursaluna|atk|2\n|\n|-weather|SunnyDay|[upkeep]\n|-damage|p1a: Ursaluna|7\/100 brn|[from] brn\n|upkeep\n|\n|t:|1699124286\n|switch|p2a: Ursaluna|Ursaluna-Bloodmoon, M|100\/100\n|switch|p2b: Ninetales|Ninetales, M|100\/100\n|turn|5\n|\n|t:|1699124302\n|move|p2a: Ursaluna|Vacuum Wave|p1a: Ursaluna\n|-supereffective|p1a: Ursaluna\n|-damage|p1a: Ursaluna|0 fnt\n|faint|p1a: Ursaluna\n|-damage|p2a: Ursaluna|90\/100|[from] item: Life Orb\n|move|p2b: Ninetales|Disable|p1b: Heatran\n|-start|p1b: Heatran|Disable|Heat Wave\n|cant|p1b: Heatran|Disable|Heat Wave\n|\n|-weather|SunnyDay|[upkeep]\n|upkeep\n|\n|t:|1699124313\n|switch|p1a: Cresselia|Cresselia, F, shiny|100\/100\n|turn|6\n|\n|t:|1699124342\n|move|p1b: Heatran|Protect|p1b: Heatran\n|-singleturn|p1b: Heatran|Protect\n|move|p2b: Ninetales|Heat Wave|p1b: Heatran|[spread] p1a\n|-activate|p1b: Heatran|move: Protect\n|-damage|p1a: Cresselia|83\/100\n|move|p2a: Ursaluna|Earth Power|p1b: Heatran\n|-activate|p1b: Heatran|move: Protect\n|move|p1a: Cresselia|Trick Room|p1a: Cresselia\n|-fieldstart|move: Trick Room|[of] p1a: Cresselia\n|\n|-weather|SunnyDay|[upkeep]\n|upkeep\n|turn|7\n|\n|t:|1699124361\n|move|p1b: Heatran|Protect||[still]\n|-fail|p1b: Heatran\n|move|p2a: Ursaluna|Earth Power|p1b: Heatran\n|-supereffective|p1b: Heatran\n|-damage|p1b: Heatran|0 fnt\n|faint|p1b: Heatran\n|-damage|p2a: Ursaluna|80\/100|[from] item: Life Orb\n|move|p1a: Cresselia|Moonblast|p2a: Ursaluna\n|-damage|p2a: Ursaluna|61\/100\n|move|p2b: Ninetales|Encore|p1a: Cresselia\n|-start|p1a: Cresselia|Encore\n|\n|-weather|SunnyDay|[upkeep]\n|upkeep\n|\n|t:|1699124373\n|switch|p1b: Abomasnow|Abomasnow, F|100\/100\n|-weather|Snow|[from] ability: Snow Warning|[of] p1b: Abomasnow\n|turn|8\n|\n|t:|1699124388\n|switch|p2b: Sinistcha|Sinistcha-Masterpiece|100\/100\n|-heal|p2a: Ursaluna|86\/100|[from] ability: Hospitality|[of] p2b: Sinistcha\n|-terastallize|p1b: Abomasnow|Fire\n|move|p2a: Ursaluna|Protect|p2a: Ursaluna\n|-singleturn|p2a: Ursaluna|Protect\n|move|p1b: Abomasnow|Blizzard|p2a: Ursaluna|[spread] p2b\n|-activate|p2a: Ursaluna|move: Protect\n|-supereffective|p2b: Sinistcha\n|-damage|p2b: Sinistcha|12\/100\n|move|p1a: Cresselia|Moonblast|p2b: Sinistcha\n|-damage|p2b: Sinistcha|0 fnt\n|faint|p2b: Sinistcha\n|\n|-weather|Snow|[upkeep]\n|upkeep\n|\n|t:|1699124406\n|switch|p2b: Ninetales|Ninetales, M|100\/100\n|-weather|SunnyDay|[from] ability: Drought|[of] p2b: Ninetales\n|turn|9\n|\n|t:|1699124426\n|switch|p1b: Iron Hands|Iron Hands, shiny|17\/100\n|move|p2a: Ursaluna|Blood Moon|p1b: Iron Hands\n|-damage|p1b: Iron Hands|0 fnt\n|faint|p1b: Iron Hands\n|-end|p1b: Iron Hands|Quark Drive|[silent]\n|-damage|p2a: Ursaluna|76\/100|[from] item: Life Orb\n|move|p1a: Cresselia|Moonblast|p2a: Ursaluna\n|-crit|p2a: Ursaluna\n|-damage|p2a: Ursaluna|47\/100\n|move|p2b: Ninetales|Disable|p1a: Cresselia\n|-start|p1a: Cresselia|Disable|Moonblast\n|\n|-weather|SunnyDay|[upkeep]\n|upkeep\n|\n|t:|1699124438\n|switch|p1b: Abomasnow|Abomasnow, F, tera:Fire|100\/100\n|-weather|Snow|[from] ability: Snow Warning|[of] p1b: Abomasnow\n|turn|10\n|\n|t:|1699124463\n|move|p2a: Ursaluna|Protect|p2a: Ursaluna\n|-singleturn|p2a: Ursaluna|Protect\n|move|p1b: Abomasnow|Blizzard|p2b: Ninetales|[spread] p2b\n|-activate|p2a: Ursaluna|move: Protect\n|-resisted|p2b: Ninetales\n|-damage|p2b: Ninetales|82\/100\n|-activate|p1a: Cresselia|move: Struggle\n|move|p1a: Cresselia|Struggle|p2a: Ursaluna\n|-activate|p2a: Ursaluna|move: Protect\n|move|p2b: Ninetales|Encore|p1b: Abomasnow\n|-start|p1b: Abomasnow|Encore\n|\n|-weather|Snow|[upkeep]\n|-end|p1a: Cresselia|Encore\n|-fieldend|move: Trick Room\n|upkeep\n|turn|11\n|\n|t:|1699124489\n|move|p2b: Ninetales|Encore||[still]\n|-fail|p2b: Ninetales\n|move|p1b: Abomasnow|Blizzard|p2b: Ninetales|[spread] p2a,p2b\n|-supereffective|p2a: Ursaluna\n|-resisted|p2b: Ninetales\n|-damage|p2a: Ursaluna|0 fnt\n|-damage|p2b: Ninetales|64\/100\n|faint|p2a: Ursaluna\n|move|p1a: Cresselia|Trick Room|p1a: Cresselia\n|-fieldstart|move: Trick Room|[of] p1a: Cresselia\n|\n|-weather|Snow|[upkeep]\n|upkeep\n|\n|t:|1699124498\n|switch|p2a: Chi-Yu|Chi-Yu|100\/100\n|-ability|p2a: Chi-Yu|Beads of Ruin\n|turn|12\n|\n|t:|1699124522\n|-terastallize|p2a: Chi-Yu|Fire\n|move|p1b: Abomasnow|Blizzard|p2a: Chi-Yu|[spread] p2a,p2b\n|-resisted|p2a: Chi-Yu\n|-resisted|p2b: Ninetales\n|-damage|p2a: Chi-Yu|78\/100\n|-damage|p2b: Ninetales|38\/100\n|move|p1a: Cresselia|Lunar Blessing|p1a: Cresselia|[spread] p1a,p1b\n|-heal|p1a: Cresselia|100\/100\n|move|p2b: Ninetales|Disable|p1b: Abomasnow\n|-start|p1b: Abomasnow|Disable|Blizzard\n|move|p2a: Chi-Yu|Heat Wave|p1a: Cresselia|[spread] p1a,p1b\n|-resisted|p1b: Abomasnow\n|-damage|p1a: Cresselia|52\/100\n|-damage|p1b: Abomasnow|64\/100\n|\n|-weather|Snow|[upkeep]\n|upkeep\n|turn|13\n|\n|t:|1699124542\n|-activate|p1b: Abomasnow|move: Struggle\n|move|p1b: Abomasnow|Struggle|p2a: Chi-Yu\n|-damage|p2a: Chi-Yu|64\/100\n|-damage|p1b: Abomasnow|39\/100|[from] recoil\n|-enditem|p1b: Abomasnow|Sitrus Berry|[eat]\n|-heal|p1b: Abomasnow|64\/100|[from] item: Sitrus Berry\n|move|p1a: Cresselia|Lunar Blessing|p1a: Cresselia|[spread] p1a,p1b\n|-heal|p1a: Cresselia|77\/100\n|-heal|p1b: Abomasnow|89\/100\n|move|p2b: Ninetales|Encore|p1a: Cresselia\n|-start|p1a: Cresselia|Encore\n|move|p2a: Chi-Yu|Heat Wave|p1a: Cresselia|[spread] p1a,p1b\n|-resisted|p1b: Abomasnow\n|-damage|p1a: Cresselia|28\/100\n|-damage|p1b: Abomasnow|50\/100\n|\n|-weather|Snow|[upkeep]\n|-end|p1b: Abomasnow|Encore\n|-end|p1a: Cresselia|Disable\n|upkeep\n|turn|14\n|c|\u2606scumbaglogan|okay this is fun\n|c|\u2606scumbaglogan|a lot of fun actually\n|inactive|Battle timer is ON: inactive players will automatically lose when time's up. (requested by scumbaglogan)\n|\n|t:|1699124567\n|move|p1b: Abomasnow|Earth Power|p2a: Chi-Yu\n|-supereffective|p2a: Chi-Yu\n|-damage|p2a: Chi-Yu|3\/100\n|move|p1a: Cresselia|Lunar Blessing|p1a: Cresselia|[spread] p1a,p1b\n|-heal|p1a: Cresselia|53\/100\n|-heal|p1b: Abomasnow|75\/100\n|move|p2b: Ninetales|Memento|p1b: Abomasnow\n|-unboost|p1b: Abomasnow|atk|2\n|-unboost|p1b: Abomasnow|spa|2\n|faint|p2b: Ninetales\n|move|p2a: Chi-Yu|Heat Wave|p1a: Cresselia|[spread] p1a,p1b\n|-resisted|p1b: Abomasnow\n|-damage|p1a: Cresselia|4\/100\n|-damage|p1b: Abomasnow|40\/100\n|\n|-weather|none\n|upkeep\n|turn|15\n|\n|t:|1699124586\n|move|p1b: Abomasnow|Earth Power|p2a: Chi-Yu\n|-supereffective|p2a: Chi-Yu\n|-damage|p2a: Chi-Yu|0 fnt\n|faint|p2a: Chi-Yu\n|\n|win|scumbaglogan\n|raw|scumbaglogan's rating: 1274 &rarr; <strong>1295<\/strong><br \/>(+21 for winning)\n|raw|Gre123's rating: 1216 &rarr; <strong>1195<\/strong><br \/>(-21 for losing)\n|c|\u2606scumbaglogan|gg\n|c|\u2606Gre123|Ggwp :(\n","uploadtime":1699124596,"views":25,"p1id":"scumbaglogan","p2id":"gre123","formatid":"gen9doublesou","rating":1195,"private":0,"password":""}