{"id":"gen9doublesou-1993874100","p1":"OPieceOfHeroGhost","p2":"Miss Toni","format":"[Gen 9] Doubles OU","log":"|j|\u2606OPieceOfHeroGhost\n|j|\u2606Miss Toni\n|t:|1700368394\n|gametype|doubles\n|player|p1|OPieceOfHeroGhost|morty|1532\n|player|p2|Miss Toni|marnie|1538\n|teamsize|p1|6\n|teamsize|p2|6\n|gen|9\n|tier|[Gen 9] Doubles OU\n|rated|\n|rule|Species Clause: Limit one of each Pok\u00e9mon\n|rule|OHKO Clause: OHKO moves are banned\n|rule|Evasion Moves Clause: Evasion moves are banned\n|rule|Gravity Sleep Clause: The combination of sleep-inducing moves with imperfect accuracy and Gravity or Gigantamax Orbeetle are banned\n|rule|Endless Battle Clause: Forcing endless battles is banned\n|rule|HP Percentage Mod: HP is shown in percentages\n|clearpoke\n|poke|p1|Ting-Lu|\n|poke|p1|Cresselia, F|\n|poke|p1|Landorus-Therian, M|\n|poke|p1|Flutter Mane|\n|poke|p1|Iron Hands|\n|poke|p1|Sinistcha-Masterpiece|\n|poke|p2|Iron Leaves|\n|poke|p2|Iron Hands|\n|poke|p2|Chien-Pao|\n|poke|p2|Thundurus, M|\n|poke|p2|Tauros-Paldea-Aqua, M|\n|poke|p2|Klefki, F|\n|teampreview\n|\n|t:|1700368402\n|start\n|switch|p1a: \u5de7\u514b\u529b\u9762\u5305|Ting-Lu|100\/100\n|switch|p1b: \u5a01\u5413No.2|Landorus-Therian, M|100\/100\n|switch|p2a: Tauros|Tauros-Paldea-Aqua, M|100\/100\n|switch|p2b: Klefki|Klefki, F|100\/100\n|-ability|p1b: \u5a01\u5413No.2|Intimidate|boost\n|-unboost|p2a: Tauros|atk|1\n|-unboost|p2b: Klefki|atk|1\n|-ability|p2a: Tauros|Intimidate|boost\n|-unboost|p1a: \u5de7\u514b\u529b\u9762\u5305|atk|1\n|-unboost|p1b: \u5a01\u5413No.2|atk|1\n|-ability|p1a: \u5de7\u514b\u529b\u9762\u5305|Vessel of Ruin\n|turn|1\n|inactive|Battle timer is ON: inactive players will automatically lose when time's up. (requested by Miss Toni)\n|\n|t:|1700368428\n|move|p2b: Klefki|Reflect|p2b: Klefki\n|-sidestart|p2: Miss Toni|Reflect\n|move|p1b: \u5a01\u5413No.2|U-turn|p2a: Tauros\n|-resisted|p2a: Tauros\n|-crit|p2a: Tauros\n|-damage|p2a: Tauros|79\/100\n|\n|t:|1700368433\n|switch|p1b: \u514b\u96f7\u80fd\u5426\u4e0e\u6211\u4e8e\u6625\u68a6\u4e00\u6e38\uff1f|Cresselia, F|100\/100|[from] U-turn\n|move|p2a: Tauros|Wave Crash|p1b: \u514b\u96f7\u80fd\u5426\u4e0e\u6211\u4e8e\u6625\u68a6\u4e00\u6e38\uff1f\n|-damage|p1b: \u514b\u96f7\u80fd\u5426\u4e0e\u6211\u4e8e\u6625\u68a6\u4e00\u6e38\uff1f|64\/100\n|-damage|p2a: Tauros|63\/100|[from] item: Rocky Helmet|[of] p1b: \u514b\u96f7\u80fd\u5426\u4e0e\u6211\u4e8e\u6625\u68a6\u4e00\u6e38\uff1f\n|-damage|p2a: Tauros|44\/100|[from] Recoil\n|-damage|p2a: Tauros|34\/100|[from] item: Life Orb\n|move|p1a: \u5de7\u514b\u529b\u9762\u5305|Earthquake|p2b: Klefki|[spread] p2a,p2b\n|-immune|p1b: \u514b\u96f7\u80fd\u5426\u4e0e\u6211\u4e8e\u6625\u68a6\u4e00\u6e38\uff1f|[from] ability: Levitate\n|-crit|p2a: Tauros\n|-supereffective|p2b: Klefki\n|-damage|p2a: Tauros|0 fnt\n|-damage|p2b: Klefki|61\/100\n|faint|p2a: Tauros\n|\n|upkeep\n|\n|t:|1700368447\n|switch|p2a: Thundurus|Thundurus, M|100\/100\n|turn|2\n|\n|t:|1700368462\n|switch|p1a: \u53d1\u59d0\u5929\u4e0b\u65e0\u654c|Flutter Mane|100\/100\n|-enditem|p1a: \u53d1\u59d0\u5929\u4e0b\u65e0\u654c|Booster Energy\n|-activate|p1a: \u53d1\u59d0\u5929\u4e0b\u65e0\u654c|ability: Protosynthesis|[fromitem]\n|-start|p1a: \u53d1\u59d0\u5929\u4e0b\u65e0\u654c|protosynthesisspe\n|move|p2a: Thundurus|Protect|p2a: Thundurus\n|-singleturn|p2a: Thundurus|Protect\n|move|p2b: Klefki|Light Screen|p2b: Klefki\n|-sidestart|p2: Miss Toni|move: Light Screen\n|move|p1b: \u514b\u96f7\u80fd\u5426\u4e0e\u6211\u4e8e\u6625\u68a6\u4e00\u6e38\uff1f|Ice Beam|p2a: Thundurus\n|-activate|p2a: Thundurus|move: Protect\n|\n|upkeep\n|turn|3\n|\n|t:|1700368488\n|move|p1a: \u53d1\u59d0\u5929\u4e0b\u65e0\u654c|Shadow Ball|p2b: Klefki\n|-damage|p2b: Klefki|29\/100\n|move|p2a: Thundurus|Wildbolt Storm|p1b: \u514b\u96f7\u80fd\u5426\u4e0e\u6211\u4e8e\u6625\u68a6\u4e00\u6e38\uff1f|[spread] p1b\n|-miss|p2a: Thundurus|p1a: \u53d1\u59d0\u5929\u4e0b\u65e0\u654c\n|-damage|p1b: \u514b\u96f7\u80fd\u5426\u4e0e\u6211\u4e8e\u6625\u68a6\u4e00\u6e38\uff1f|47\/100\n|move|p1b: \u514b\u96f7\u80fd\u5426\u4e0e\u6211\u4e8e\u6625\u68a6\u4e00\u6e38\uff1f|Lunar Blessing|p1b: \u514b\u96f7\u80fd\u5426\u4e0e\u6211\u4e8e\u6625\u68a6\u4e00\u6e38\uff1f|[spread] p1a,p1b\n|-heal|p1b: \u514b\u96f7\u80fd\u5426\u4e0e\u6211\u4e8e\u6625\u68a6\u4e00\u6e38\uff1f|72\/100\n|move|p2b: Klefki|Steel Beam|p1a: \u53d1\u59d0\u5929\u4e0b\u65e0\u654c\n|-supereffective|p1a: \u53d1\u59d0\u5929\u4e0b\u65e0\u654c\n|-damage|p1a: \u53d1\u59d0\u5929\u4e0b\u65e0\u654c|33\/100\n|-damage|p2b: Klefki|0 fnt|[from] steelbeam\n|faint|p2b: Klefki\n|\n|upkeep\n|\n|t:|1700368506\n|switch|p2b: Chien-Pao|Chien-Pao|100\/100\n|-ability|p2b: Chien-Pao|Sword of Ruin\n|turn|4\n|c|\u2606OPieceOfHeroGhost|not your day\uff0c\n|inactive|Miss Toni has 120 seconds left.\n|\n|t:|1700368545\n|move|p1a: \u53d1\u59d0\u5929\u4e0b\u65e0\u654c|Protect|p1a: \u53d1\u59d0\u5929\u4e0b\u65e0\u654c\n|-singleturn|p1a: \u53d1\u59d0\u5929\u4e0b\u65e0\u654c|Protect\n|move|p2b: Chien-Pao|Icicle Crash|p1a: \u53d1\u59d0\u5929\u4e0b\u65e0\u654c\n|-activate|p1a: \u53d1\u59d0\u5929\u4e0b\u65e0\u654c|move: Protect\n|move|p2a: Thundurus|Wildbolt Storm|p1a: \u53d1\u59d0\u5929\u4e0b\u65e0\u654c|[spread] p1b\n|-activate|p1a: \u53d1\u59d0\u5929\u4e0b\u65e0\u654c|move: Protect\n|-damage|p1b: \u514b\u96f7\u80fd\u5426\u4e0e\u6211\u4e8e\u6625\u68a6\u4e00\u6e38\uff1f|57\/100\n|move|p1b: \u514b\u96f7\u80fd\u5426\u4e0e\u6211\u4e8e\u6625\u68a6\u4e00\u6e38\uff1f|Lunar Blessing|p1b: \u514b\u96f7\u80fd\u5426\u4e0e\u6211\u4e8e\u6625\u68a6\u4e00\u6e38\uff1f|[spread] p1a,p1b\n|-heal|p1a: \u53d1\u59d0\u5929\u4e0b\u65e0\u654c|58\/100\n|-heal|p1b: \u514b\u96f7\u80fd\u5426\u4e0e\u6211\u4e8e\u6625\u68a6\u4e00\u6e38\uff1f|82\/100\n|\n|upkeep\n|turn|5\n|\n|t:|1700368568\n|-terastallize|p1a: \u53d1\u59d0\u5929\u4e0b\u65e0\u654c|Fairy\n|move|p2a: Thundurus|Scary Face|p1a: \u53d1\u59d0\u5929\u4e0b\u65e0\u654c\n|-unboost|p1a: \u53d1\u59d0\u5929\u4e0b\u65e0\u654c|spe|2\n|move|p2b: Chien-Pao|Crunch|p1a: \u53d1\u59d0\u5929\u4e0b\u65e0\u654c\n|-resisted|p1a: \u53d1\u59d0\u5929\u4e0b\u65e0\u654c\n|-damage|p1a: \u53d1\u59d0\u5929\u4e0b\u65e0\u654c|7\/100\n|move|p1a: \u53d1\u59d0\u5929\u4e0b\u65e0\u654c|Dazzling Gleam|p2a: Thundurus|[spread] p2a,p2b\n|-supereffective|p2b: Chien-Pao\n|-damage|p2a: Thundurus|78\/100\n|-damage|p2b: Chien-Pao|16\/100\n|move|p1b: \u514b\u96f7\u80fd\u5426\u4e0e\u6211\u4e8e\u6625\u68a6\u4e00\u6e38\uff1f|Ice Beam|p2b: Chien-Pao\n|-resisted|p2b: Chien-Pao\n|-damage|p2b: Chien-Pao|9\/100\n|\n|upkeep\n|turn|6\n|\n|t:|1700368596\n|move|p1a: \u53d1\u59d0\u5929\u4e0b\u65e0\u654c|Protect|p1a: \u53d1\u59d0\u5929\u4e0b\u65e0\u654c\n|-singleturn|p1a: \u53d1\u59d0\u5929\u4e0b\u65e0\u654c|Protect\n|move|p2b: Chien-Pao|Crunch|p1b: \u514b\u96f7\u80fd\u5426\u4e0e\u6211\u4e8e\u6625\u68a6\u4e00\u6e38\uff1f\n|-supereffective|p1b: \u514b\u96f7\u80fd\u5426\u4e0e\u6211\u4e8e\u6625\u68a6\u4e00\u6e38\uff1f\n|-damage|p1b: \u514b\u96f7\u80fd\u5426\u4e0e\u6211\u4e8e\u6625\u68a6\u4e00\u6e38\uff1f|10\/100\n|-damage|p2b: Chien-Pao|0 fnt|[from] item: Rocky Helmet|[of] p1b: \u514b\u96f7\u80fd\u5426\u4e0e\u6211\u4e8e\u6625\u68a6\u4e00\u6e38\uff1f\n|faint|p2b: Chien-Pao\n|move|p2a: Thundurus|Wildbolt Storm|p1b: \u514b\u96f7\u80fd\u5426\u4e0e\u6211\u4e8e\u6625\u68a6\u4e00\u6e38\uff1f|[spread] p1b\n|-activate|p1a: \u53d1\u59d0\u5929\u4e0b\u65e0\u654c|move: Protect\n|-damage|p1b: \u514b\u96f7\u80fd\u5426\u4e0e\u6211\u4e8e\u6625\u68a6\u4e00\u6e38\uff1f|0 fnt\n|faint|p1b: \u514b\u96f7\u80fd\u5426\u4e0e\u6211\u4e8e\u6625\u68a6\u4e00\u6e38\uff1f\n|\n|upkeep\n|\n|t:|1700368615\n|switch|p2b: Iron Leaves|Iron Leaves|100\/100\n|switch|p1b: \u5a01\u5413No.2|Landorus-Therian, M|100\/100\n|-ability|p1b: \u5a01\u5413No.2|Intimidate|boost\n|-unboost|p2a: Thundurus|atk|1\n|-unboost|p2b: Iron Leaves|atk|1\n|turn|7\n|\n|t:|1700368644\n|-end|p1a: \u53d1\u59d0\u5929\u4e0b\u65e0\u654c|Protosynthesis|[silent]\n|switch|p1a: \u4f60\u62cd\u4e00\uff0c\u6211\u62cd\u4e8c\uff0c\u5438\u53d6\u62f3\u6765\u4e92\u76f8\u5438|Iron Hands|100\/100\n|-terastallize|p2b: Iron Leaves|Psychic\n|move|p2a: Thundurus|Electric Terrain|p2a: Thundurus\n|-fieldstart|move: Electric Terrain\n|-activate|p2b: Iron Leaves|ability: Quark Drive\n|-start|p2b: Iron Leaves|quarkdrivespe\n|-activate|p1a: \u4f60\u62cd\u4e00\uff0c\u6211\u62cd\u4e8c\uff0c\u5438\u53d6\u62f3\u6765\u4e92\u76f8\u5438|ability: Quark Drive\n|-start|p1a: \u4f60\u62cd\u4e00\uff0c\u6211\u62cd\u4e8c\uff0c\u5438\u53d6\u62f3\u6765\u4e92\u76f8\u5438|quarkdriveatk\n|move|p2b: Iron Leaves|Leaf Blade|p1a: \u4f60\u62cd\u4e00\uff0c\u6211\u62cd\u4e8c\uff0c\u5438\u53d6\u62f3\u6765\u4e92\u76f8\u5438\n|-damage|p1a: \u4f60\u62cd\u4e00\uff0c\u6211\u62cd\u4e8c\uff0c\u5438\u53d6\u62f3\u6765\u4e92\u76f8\u5438|79\/100\n|move|p1b: \u5a01\u5413No.2|U-turn|p2b: Iron Leaves\n|-supereffective|p2b: Iron Leaves\n|-damage|p2b: Iron Leaves|62\/100\n|\n|t:|1700368659\n|switch|p1b: \u5de7\u514b\u529b\u9762\u5305|Ting-Lu|100\/100|[from] U-turn\n|-ability|p1b: \u5de7\u514b\u529b\u9762\u5305|Vessel of Ruin\n|\n|upkeep\n|turn|8\n|\n|t:|1700368668\n|move|p2a: Thundurus|Protect|p2a: Thundurus\n|-singleturn|p2a: Thundurus|Protect\n|move|p2b: Iron Leaves|Protect|p2b: Iron Leaves\n|-singleturn|p2b: Iron Leaves|Protect\n|move|p1a: \u4f60\u62cd\u4e00\uff0c\u6211\u62cd\u4e8c\uff0c\u5438\u53d6\u62f3\u6765\u4e92\u76f8\u5438|Fake Out|p2b: Iron Leaves\n|-activate|p2b: Iron Leaves|move: Protect\n|move|p1b: \u5de7\u514b\u529b\u9762\u5305|Stomping Tantrum|p2b: Iron Leaves\n|-activate|p2b: Iron Leaves|move: Protect\n|\n|-sideend|p2: Miss Toni|Reflect\n|upkeep\n|turn|9\n|inactive|OPieceOfHeroGhost has 120 seconds left.\n|\n|t:|1700368700\n|switch|p2a: Iron Hands|Iron Hands|100\/100\n|-activate|p2a: Iron Hands|ability: Quark Drive\n|-start|p2a: Iron Hands|quarkdriveatk\n|-end|p1a: \u4f60\u62cd\u4e00\uff0c\u6211\u62cd\u4e8c\uff0c\u5438\u53d6\u62f3\u6765\u4e92\u76f8\u5438|Quark Drive|[silent]\n|switch|p1a: \u5a01\u5413No.2|Landorus-Therian, M|100\/100\n|-ability|p1a: \u5a01\u5413No.2|Intimidate|boost\n|-unboost|p2a: Iron Hands|atk|1\n|-unboost|p2b: Iron Leaves|atk|1\n|move|p2b: Iron Leaves|Psyblade|p1a: \u5a01\u5413No.2\n|-damage|p1a: \u5a01\u5413No.2|41\/100\n|move|p1b: \u5de7\u514b\u529b\u9762\u5305|Stomping Tantrum|p2b: Iron Leaves\n|-damage|p2b: Iron Leaves|0 fnt\n|faint|p2b: Iron Leaves\n|-end|p2b: Iron Leaves|Quark Drive|[silent]\n|\n|-sideend|p2: Miss Toni|move: Light Screen\n|upkeep\n|\n|t:|1700368713\n|switch|p2b: Thundurus|Thundurus, M|78\/100\n|turn|10\n|\n|t:|1700368728\n|move|p2b: Thundurus|Protect|p2b: Thundurus\n|-singleturn|p2b: Thundurus|Protect\n|move|p1a: \u5a01\u5413No.2|U-turn|p2a: Iron Hands\n|-resisted|p2a: Iron Hands\n|-damage|p2a: Iron Hands|92\/100\n|c|\u2606Miss Toni|Question: Who is Intimidate No 1\n|\n|t:|1700368735\n|switch|p1a: \u4f60\u62cd\u4e00\uff0c\u6211\u62cd\u4e8c\uff0c\u5438\u53d6\u62f3\u6765\u4e92\u76f8\u5438|Iron Hands|79\/100|[from] U-turn\n|-activate|p1a: \u4f60\u62cd\u4e00\uff0c\u6211\u62cd\u4e8c\uff0c\u5438\u53d6\u62f3\u6765\u4e92\u76f8\u5438|ability: Quark Drive\n|-start|p1a: \u4f60\u62cd\u4e00\uff0c\u6211\u62cd\u4e8c\uff0c\u5438\u53d6\u62f3\u6765\u4e92\u76f8\u5438|quarkdriveatk\n|move|p2a: Iron Hands|Ice Punch|p1a: \u4f60\u62cd\u4e00\uff0c\u6211\u62cd\u4e8c\uff0c\u5438\u53d6\u62f3\u6765\u4e92\u76f8\u5438\n|-damage|p1a: \u4f60\u62cd\u4e00\uff0c\u6211\u62cd\u4e8c\uff0c\u5438\u53d6\u62f3\u6765\u4e92\u76f8\u5438|58\/100\n|move|p1b: \u5de7\u514b\u529b\u9762\u5305|Stomping Tantrum|p2b: Thundurus\n|-activate|p2b: Thundurus|move: Protect\n|\n|upkeep\n|turn|11\n|\n|t:|1700368757\n|move|p1a: \u4f60\u62cd\u4e00\uff0c\u6211\u62cd\u4e8c\uff0c\u5438\u53d6\u62f3\u6765\u4e92\u76f8\u5438|Fake Out|p2a: Iron Hands\n|-damage|p2a: Iron Hands|79\/100\n|move|p2b: Thundurus|Scary Face|p1a: \u4f60\u62cd\u4e00\uff0c\u6211\u62cd\u4e8c\uff0c\u5438\u53d6\u62f3\u6765\u4e92\u76f8\u5438\n|-unboost|p1a: \u4f60\u62cd\u4e00\uff0c\u6211\u62cd\u4e8c\uff0c\u5438\u53d6\u62f3\u6765\u4e92\u76f8\u5438|spe|2\n|cant|p2a: Iron Hands|flinch\n|move|p1b: \u5de7\u514b\u529b\u9762\u5305|Stomping Tantrum|p2a: Iron Hands\n|-supereffective|p2a: Iron Hands\n|-damage|p2a: Iron Hands|9\/100\n|\n|upkeep\n|turn|12\n|\n|t:|1700368773\n|switch|p1b: \u5a01\u5413No.2|Landorus-Therian, M|41\/100\n|-ability|p1b: \u5a01\u5413No.2|Intimidate|boost\n|-unboost|p2a: Iron Hands|atk|1\n|-unboost|p2b: Thundurus|atk|1\n|move|p2b: Thundurus|Wildbolt Storm|p1b: \u5a01\u5413No.2|[spread] \n|-immune|p1b: \u5a01\u5413No.2\n|-miss|p2b: Thundurus|p1a: \u4f60\u62cd\u4e00\uff0c\u6211\u62cd\u4e8c\uff0c\u5438\u53d6\u62f3\u6765\u4e92\u76f8\u5438\n|move|p2a: Iron Hands|Drain Punch|p1b: \u5a01\u5413No.2\n|-resisted|p1b: \u5a01\u5413No.2\n|-damage|p1b: \u5a01\u5413No.2|22\/100\n|-heal|p2a: Iron Hands|15\/100|[from] drain|[of] p1b: \u5a01\u5413No.2\n|move|p1a: \u4f60\u62cd\u4e00\uff0c\u6211\u62cd\u4e8c\uff0c\u5438\u53d6\u62f3\u6765\u4e92\u76f8\u5438|Drain Punch|p2a: Iron Hands\n|-damage|p2a: Iron Hands|0 fnt\n|-heal|p1a: \u4f60\u62cd\u4e00\uff0c\u6211\u62cd\u4e8c\uff0c\u5438\u53d6\u62f3\u6765\u4e92\u76f8\u5438|66\/100|[from] drain|[of] p2a: Iron Hands\n|faint|p2a: Iron Hands\n|-end|p2a: Iron Hands|Quark Drive|[silent]\n|\n|upkeep\n|turn|13\n|\n|t:|1700368795\n|move|p1b: \u5a01\u5413No.2|Rock Slide|p2b: Thundurus\n|-supereffective|p2b: Thundurus\n|-damage|p2b: Thundurus|12\/100\n|move|p2b: Thundurus|Wildbolt Storm|p1b: \u5a01\u5413No.2|[spread] p1a\n|-immune|p1b: \u5a01\u5413No.2\n|-resisted|p1a: \u4f60\u62cd\u4e00\uff0c\u6211\u62cd\u4e8c\uff0c\u5438\u53d6\u62f3\u6765\u4e92\u76f8\u5438\n|-damage|p1a: \u4f60\u62cd\u4e00\uff0c\u6211\u62cd\u4e8c\uff0c\u5438\u53d6\u62f3\u6765\u4e92\u76f8\u5438|59\/100\n|move|p1a: \u4f60\u62cd\u4e00\uff0c\u6211\u62cd\u4e8c\uff0c\u5438\u53d6\u62f3\u6765\u4e92\u76f8\u5438|Drain Punch|p2b: Thundurus\n|-resisted|p2b: Thundurus\n|-damage|p2b: Thundurus|0 fnt\n|-heal|p1a: \u4f60\u62cd\u4e00\uff0c\u6211\u62cd\u4e8c\uff0c\u5438\u53d6\u62f3\u6765\u4e92\u76f8\u5438|63\/100|[from] drain|[of] p2b: Thundurus\n|faint|p2b: Thundurus\n|\n|win|OPieceOfHeroGhost\n|raw|OPieceOfHeroGhost's rating: 1532 &rarr; <strong>1552<\/strong><br \/>(+20 for winning)\n|raw|Miss Toni's rating: 1538 &rarr; <strong>1518<\/strong><br \/>(-20 for losing)\n|l|\u2606Miss Toni\n","uploadtime":1700368811,"views":4,"p1id":"opieceofheroghost","p2id":"misstoni","formatid":"gen9doublesou","rating":1518,"private":0,"password":""}