{"id":"gen9doublesou-1984768401","p1":"Rungy","p2":"Sideswipin","format":"[Gen 9] Doubles OU","log":"|j|\u2606Rungy\n|j|\u2606Sideswipin\n|t:|1699297460\n|gametype|doubles\n|player|p1|Rungy|gambler|1055\n|player|p2|Sideswipin|artist-gen4|1072\n|teamsize|p1|6\n|teamsize|p2|6\n|gen|9\n|tier|[Gen 9] Doubles OU\n|rated|\n|rule|Species Clause: Limit one of each Pok\u00e9mon\n|rule|OHKO Clause: OHKO moves are banned\n|rule|Evasion Moves Clause: Evasion moves are banned\n|rule|Gravity Sleep Clause: The combination of sleep-inducing moves with imperfect accuracy and Gravity or Gigantamax Orbeetle are banned\n|rule|Endless Battle Clause: Forcing endless battles is banned\n|rule|HP Percentage Mod: HP is shown in percentages\n|clearpoke\n|poke|p1|Weezing-Galar, F|\n|poke|p1|Farigiraf, M|\n|poke|p1|Gastrodon-East, M|\n|poke|p1|Sinistcha|\n|poke|p1|Arcanine, F|\n|poke|p1|Sawsbuck-Autumn, M|\n|poke|p2|Politoed, F|\n|poke|p2|Zapdos|\n|poke|p2|Manaphy|\n|poke|p2|Kleavor, F|\n|poke|p2|Clodsire, M|\n|poke|p2|Brute Bonnet|\n|teampreview\n|c|\u2606Rungy|glhf!\n|inactive|Battle timer is ON: inactive players will automatically lose when time's up. (requested by Sideswipin)\n|\n|t:|1699297475\n|start\n|switch|p1a: Assmar|Weezing-Galar, F|100\/100\n|switch|p1b: Fang|Arcanine, F|100\/100\n|switch|p2a: Kleavor|Kleavor, F|100\/100\n|switch|p2b: Zapdos|Zapdos|100\/100\n|-ability|p2b: Zapdos|Pressure\n|-fieldstart|move: Misty Terrain|[from] ability: Misty Surge|[of] p1a: Assmar\n|turn|1\n|inactive|Rungy has 120 seconds left.\n|\n|t:|1699297505\n|move|p2b: Zapdos|U-turn|p1b: Fang\n|-resisted|p1b: Fang\n|-damage|p1b: Fang|93\/100\n|\n|t:|1699297509\n|switch|p2b: Politoed|Politoed, F|100\/100|[from] U-turn\n|-weather|RainDance|[from] ability: Drizzle|[of] p2b: Politoed\n|move|p1b: Fang|Flare Blitz|p2a: Kleavor\n|-damage|p2a: Kleavor|72\/100\n|-damage|p1b: Fang|83\/100|[from] Recoil\n|-heal|p1b: Fang|86\/100|[from] item: Shell Bell|[of] p2a: Kleavor\n|move|p2a: Kleavor|Tailwind|p2a: Kleavor\n|-sidestart|p2: Sideswipin|move: Tailwind\n|move|p1a: Assmar|Flamethrower|p2a: Kleavor\n|-damage|p2a: Kleavor|57\/100\n|\n|-weather|RainDance|[upkeep]\n|upkeep\n|turn|2\n|inactive|Rungy has 120 seconds left.\n|\n|t:|1699297540\n|switch|p1b: Kratom|Sinistcha|100\/100\n|switch|p1a: Khan|Gastrodon-East, M|100\/100\n|move|p2b: Politoed|Weather Ball|p1a: Khan\n|-activate|p1a: Khan|ability: Storm Drain\n|-ability|p1a: Khan|Storm Drain|boost\n|-boost|p1a: Khan|spa|1\n|move|p2a: Kleavor|Stone Axe|p1b: Kratom\n|-damage|p1b: Kratom|60\/100\n|-sidestart|p1: Rungy|move: Stealth Rock\n|\n|-weather|RainDance|[upkeep]\n|upkeep\n|turn|3\n|\n|t:|1699297563\n|move|p2b: Politoed|Perish Song|p2b: Politoed\n|-start|p1a: Khan|perish3|[silent]\n|-start|p1b: Kratom|perish3|[silent]\n|-start|p2a: Kleavor|perish3|[silent]\n|-start|p2b: Politoed|perish3|[silent]\n|-fieldactivate|move: Perish Song\n|move|p2a: Kleavor|Lunge|p1b: Kratom\n|-damage|p1b: Kratom|13\/100\n|-unboost|p1b: Kratom|atk|1\n|move|p1b: Kratom|Matcha Gotcha|p2b: Politoed|[spread] p2a\n|-miss|p1b: Kratom|p2b: Politoed\n|-damage|p2a: Kleavor|17\/100\n|-heal|p1b: Kratom|45\/100|[from] drain|[of] p2a: Kleavor\n|move|p1a: Khan|Water Pulse|p2a: Kleavor\n|-supereffective|p2a: Kleavor\n|-damage|p2a: Kleavor|0 fnt\n|faint|p2a: Kleavor\n|\n|-weather|RainDance|[upkeep]\n|-start|p2b: Politoed|perish3\n|-start|p1b: Kratom|perish3\n|-start|p1a: Khan|perish3\n|upkeep\n|\n|t:|1699297577\n|switch|p2a: Zapdos|Zapdos|100\/100\n|-ability|p2a: Zapdos|Pressure\n|turn|4\n|\n|t:|1699297586\n|move|p2a: Zapdos|Hurricane|p1b: Kratom\n|-supereffective|p1b: Kratom\n|-damage|p1b: Kratom|0 fnt\n|faint|p1b: Kratom\n|move|p2b: Politoed|Ice Beam|p1a: Khan\n|-damage|p1a: Khan|88\/100\n|move|p1a: Khan|Ice Beam|p2a: Zapdos\n|-supereffective|p2a: Zapdos\n|-damage|p2a: Zapdos|7\/100\n|\n|-weather|RainDance|[upkeep]\n|-start|p2b: Politoed|perish2\n|-start|p1a: Khan|perish2\n|-sideend|p2: Sideswipin|move: Tailwind\n|upkeep\n|\n|t:|1699297599\n|switch|p1b: Mr. Rothschild|Farigiraf, M|100\/100\n|-damage|p1b: Mr. Rothschild|88\/100|[from] Stealth Rock\n|turn|5\n|\n|t:|1699297620\n|switch|p2a: Brute Bonnet|Brute Bonnet|100\/100\n|switch|p1a: Buckley|Sawsbuck-Autumn, M|100\/100\n|-damage|p1a: Buckley|88\/100|[from] Stealth Rock\n|move|p2b: Politoed|Weather Ball|p1a: Buckley\n|-resisted|p1a: Buckley\n|-damage|p1a: Buckley|53\/100\n|move|p1b: Mr. Rothschild|Hyper Voice|p2a: Brute Bonnet|[spread] p2a,p2b\n|-damage|p2a: Brute Bonnet|74\/100\n|-damage|p2b: Politoed|70\/100\n|-enditem|p2b: Politoed|Eject Button\n|-enditem|p1b: Mr. Rothschild|Throat Spray\n|-boost|p1b: Mr. Rothschild|spa|1|[from] item: Throat Spray\n|inactive|Sideswipin has 120 seconds left.\n|\n|t:|1699297637\n|switch|p2b: Zapdos|Zapdos|7\/100\n|-ability|p2b: Zapdos|Pressure\n|\n|-weather|none\n|-heal|p2a: Brute Bonnet|80\/100|[from] item: Leftovers\n|upkeep\n|turn|6\n|\n|t:|1699297661\n|move|p2a: Brute Bonnet|Rage Powder|p2a: Brute Bonnet\n|-singleturn|p2a: Brute Bonnet|move: Rage Powder\n|move|p2b: Zapdos|U-turn|p1b: Mr. Rothschild\n|-supereffective|p1b: Mr. Rothschild\n|-damage|p1b: Mr. Rothschild|54\/100\n|\n|t:|1699297666\n|switch|p2b: Politoed|Politoed, F|70\/100|[from] U-turn\n|-weather|RainDance|[from] ability: Drizzle|[of] p2b: Politoed\n|move|p1a: Buckley|Play Rough|p2a: Brute Bonnet\n|-supereffective|p2a: Brute Bonnet\n|-damage|p2a: Brute Bonnet|39\/100\n|move|p1b: Mr. Rothschild|Hyper Voice|p2b: Politoed|[spread] p2a,p2b\n|-damage|p2a: Brute Bonnet|0 fnt\n|-damage|p2b: Politoed|27\/100\n|faint|p2a: Brute Bonnet\n|-end|p2a: Brute Bonnet|Protosynthesis|[silent]\n|\n|-weather|RainDance|[upkeep]\n|upkeep\n|\n|t:|1699297679\n|switch|p2a: Manaphy|Manaphy|100\/100\n|turn|7\n|\n|t:|1699297685\n|-terastallize|p2a: Manaphy|Fairy\n|move|p2a: Manaphy|Tail Glow|p2a: Manaphy\n|-boost|p2a: Manaphy|spa|3\n|move|p1a: Buckley|Horn Leech|p2a: Manaphy\n|-damage|p2a: Manaphy|60\/100\n|-heal|p1a: Buckley|77\/100|[from] drain|[of] p2a: Manaphy\n|move|p2b: Politoed|Ice Beam|p1a: Buckley\n|-supereffective|p1a: Buckley\n|-damage|p1a: Buckley|21\/100\n|move|p1b: Mr. Rothschild|Hyper Voice|p2b: Politoed|[spread] p2a,p2b\n|-damage|p2a: Manaphy|5\/100\n|-damage|p2b: Politoed|0 fnt\n|-enditem|p2a: Manaphy|Lansat Berry|[eat]\n|-start|p2a: Manaphy|move: Focus Energy\n|faint|p2b: Politoed\n|\n|-weather|RainDance|[upkeep]\n|upkeep\n|\n|t:|1699297695\n|switch|p2b: Zapdos|Zapdos|7\/100\n|-ability|p2b: Zapdos|Pressure\n|turn|8\n|\n|t:|1699297719\n|move|p2b: Zapdos|Hurricane|p1a: Buckley\n|-supereffective|p1a: Buckley\n|-damage|p1a: Buckley|0 fnt\n|faint|p1a: Buckley\n|move|p2a: Manaphy|Surf|p1b: Mr. Rothschild|[spread] p2b,p1b\n|-damage|p2b: Zapdos|0 fnt\n|-damage|p1b: Mr. Rothschild|0 fnt\n|faint|p2b: Zapdos\n|faint|p1b: Mr. Rothschild\n|\n|-weather|RainDance|[upkeep]\n|-fieldend|Misty Terrain\n|upkeep\n|\n|t:|1699297729\n|switch|p1a: Assmar|Weezing-Galar, F|100\/100\n|switch|p2b: Clodsire|Clodsire, M|100\/100\n|switch|p1b: Khan|Gastrodon-East, M|88\/100\n|-damage|p1a: Assmar|88\/100|[from] Stealth Rock\n|-fieldstart|move: Misty Terrain|[from] ability: Misty Surge|[of] p1a: Assmar\n|-damage|p1b: Khan|81\/100|[from] Stealth Rock\n|turn|9\n|\n|t:|1699297746\n|move|p2a: Manaphy|Surf|p1b: Khan|[spread] p1a\n|-immune|p2b: Clodsire|[from] ability: Water Absorb\n|-ability|p1b: Khan|Storm Drain|boost\n|-boost|p1b: Khan|spa|1\n|-damage|p1a: Assmar|0 fnt\n|faint|p1a: Assmar\n|move|p2b: Clodsire|Curse|p2b: Clodsire\n|-unboost|p2b: Clodsire|spe|1\n|-boost|p2b: Clodsire|atk|1\n|-boost|p2b: Clodsire|def|1\n|move|p1b: Khan|Earth Power|p2b: Clodsire\n|-supereffective|p2b: Clodsire\n|-damage|p2b: Clodsire|25\/100\n|\n|-weather|RainDance|[upkeep]\n|upkeep\n|\n|t:|1699297758\n|switch|p1a: Fang|Arcanine, F|86\/100\n|-damage|p1a: Fang|62\/100|[from] Stealth Rock\n|turn|10\n|\n|t:|1699297767\n|move|p2a: Manaphy|Surf|p1b: Khan|[spread] p1a\n|-heal|p2b: Clodsire|49\/100|[from] ability: Water Absorb|[of] p2a: Manaphy\n|-ability|p1b: Khan|Storm Drain|boost\n|-boost|p1b: Khan|spa|1\n|-supereffective|p1a: Fang\n|-damage|p1a: Fang|0 fnt\n|faint|p1a: Fang\n|move|p1b: Khan|Ice Beam|p2a: Manaphy\n|-damage|p2a: Manaphy|0 fnt\n|faint|p2a: Manaphy\n|move|p2b: Clodsire|Earthquake|p1b: Khan\n|-damage|p1b: Khan|27\/100\n|\n|-weather|none\n|upkeep\n|turn|11\n|c|\u2606Sideswipin|Gg\n|\n|t:|1699297780\n|move|p1b: Khan|Earth Power|p2b: Clodsire\n|-supereffective|p2b: Clodsire\n|-damage|p2b: Clodsire|0 fnt\n|faint|p2b: Clodsire\n|\n|win|Rungy\n|raw|Rungy's rating: 1055 &rarr; <strong>1088<\/strong><br \/>(+33 for winning)\n|raw|Sideswipin's rating: 1072 &rarr; <strong>1050<\/strong><br \/>(-22 for losing)\n|c|\u2606Sideswipin|wp\n|c|\u2606Rungy|gg\n|l|\u2606Sideswipin\n","uploadtime":1699297799,"views":10,"p1id":"rungy","p2id":"sideswipin","formatid":"gen9doublesou","rating":1050,"private":0,"password":""}