{"id":"gen9doublesou-1980551475","p1":"UY QUE RICO PAPI","p2":"posods","format":"[Gen 9] Doubles OU","log":"|j|\u2606UY QUE RICO PAPI\n|j|\u2606posods\n|t:|1698796397\n|gametype|doubles\n|player|p1|UY QUE RICO PAPI|1|1303\n|player|p2|posods|caitlin-masters|1252\n|teamsize|p1|6\n|teamsize|p2|6\n|gen|9\n|tier|[Gen 9] Doubles OU\n|rated|\n|rule|Species Clause: Limit one of each Pok\u00e9mon\n|rule|OHKO Clause: OHKO moves are banned\n|rule|Evasion Moves Clause: Evasion moves are banned\n|rule|Gravity Sleep Clause: The combination of sleep-inducing moves with imperfect accuracy and Gravity or Gigantamax Orbeetle are banned\n|rule|Endless Battle Clause: Forcing endless battles is banned\n|rule|HP Percentage Mod: HP is shown in percentages\n|clearpoke\n|poke|p1|Bronzong|\n|poke|p1|Weavile, F|\n|poke|p1|Hatterene, F|\n|poke|p1|Ursaluna, F|\n|poke|p1|Trevenant, F|\n|poke|p1|Orthworm, M|\n|poke|p2|Flutter Mane|\n|poke|p2|Volbeat, M|\n|poke|p2|Basculegion-F, F|\n|poke|p2|Ogerpon-Wellspring, F|\n|poke|p2|Manaphy|\n|poke|p2|Iron Hands|\n|teampreview\n|inactive|Battle timer is ON: inactive players will automatically lose when time's up. (requested by UY QUE RICO PAPI)\n|\n|t:|1698796415\n|start\n|switch|p1a: Bronzong|Bronzong|100\/100\n|switch|p1b: Weavile|Weavile, F|100\/100\n|switch|p2a: Volbeat|Volbeat, M|100\/100\n|switch|p2b: Ogerpon|Ogerpon-Wellspring, F|100\/100\n|turn|1\n|\n|t:|1698796431\n|move|p1b: Weavile|Fake Out|p2a: Volbeat\n|-damage|p2a: Volbeat|88\/100\n|move|p2b: Ogerpon|Follow Me|p2b: Ogerpon\n|-singleturn|p2b: Ogerpon|move: Follow Me\n|cant|p2a: Volbeat|flinch\n|move|p1a: Bronzong|Trick Room|p1a: Bronzong\n|-fieldstart|move: Trick Room|[of] p1a: Bronzong\n|\n|upkeep\n|turn|2\n|\n|t:|1698796441\n|switch|p1b: Hatterene|Hatterene, F|100\/100\n|move|p2b: Ogerpon|Follow Me|p2b: Ogerpon\n|-singleturn|p2b: Ogerpon|move: Follow Me\n|move|p2a: Volbeat|Tail Glow|p2a: Volbeat\n|-boost|p2a: Volbeat|spa|3\n|move|p1a: Bronzong|Stealth Rock|p2a: Volbeat\n|-sidestart|p2: posods|move: Stealth Rock\n|\n|upkeep\n|turn|3\n|inactive|UY QUE RICO PAPI has 120 seconds left.\n|\n|t:|1698796477\n|switch|p1a: Orthworm|Orthworm, M|100\/100\n|move|p2b: Ogerpon|Spiky Shield|p2b: Ogerpon\n|-singleturn|p2b: Ogerpon|move: Protect\n|move|p2a: Volbeat|Baton Pass|p2a: Volbeat\n|\n|t:|1698796488\n|switch|p2a: Flutter Mane|Flutter Mane|100\/100|[from] Baton Pass\n|-damage|p2a: Flutter Mane|88\/100|[from] Stealth Rock\n|-enditem|p2a: Flutter Mane|Booster Energy\n|-activate|p2a: Flutter Mane|ability: Protosynthesis|[fromitem]\n|-start|p2a: Flutter Mane|protosynthesisspa\n|move|p1b: Hatterene|Dazzling Gleam|p2a: Flutter Mane|[spread] p2a\n|-activate|p2b: Ogerpon|move: Protect\n|-damage|p2a: Flutter Mane|53\/100\n|\n|upkeep\n|turn|4\n|inactive|UY QUE RICO PAPI has 120 seconds left.\n|inactive|UY QUE RICO PAPI has 90 seconds left.\n|l|\u2606posods\n|inactive|posods disconnected and has a minute to reconnect!\n|player|p2|\n|\n|t:|1698796545\n|-terastallize|p2a: Flutter Mane|Fairy\n|move|p2b: Ogerpon|Follow Me|p2b: Ogerpon\n|-singleturn|p2b: Ogerpon|move: Follow Me\n|move|p1b: Hatterene|Dazzling Gleam|p2b: Ogerpon|[spread] p2a,p2b\n|-damage|p2a: Flutter Mane|18\/100\n|-damage|p2b: Ogerpon|68\/100\n|move|p1a: Orthworm|Shed Tail|p1a: Orthworm\n|-start|p1a: Orthworm|Substitute|[from] move: Shed Tail\n|-damage|p1a: Orthworm|50\/100\n|-enditem|p1a: Orthworm|Sitrus Berry|[eat]\n|-heal|p1a: Orthworm|75\/100|[from] item: Sitrus Berry\n|inactive|UY QUE RICO PAPI has 90 seconds left.\n|j|\u2606posods\n|inactive|posods reconnected.\n|player|p2|posods|caitlin-masters\n|\n|t:|1698796576\n|switch|p1a: Bronzong|Bronzong|100\/100|[from] Shed Tail\n|move|p2a: Flutter Mane|Dazzling Gleam|p1a: Bronzong|[spread] p1a,p1b\n|-resisted|p1a: Bronzong\n|-end|p1a: Bronzong|Substitute\n|-damage|p1b: Hatterene|0 fnt\n|faint|p1b: Hatterene\n|\n|upkeep\n|inactive|UY QUE RICO PAPI has 60 seconds left.\n|l|\u2606posods\n|inactive|posods disconnected and has a minute to reconnect!\n|player|p2|\n|inactive|UY QUE RICO PAPI has 30 seconds left.\n|inactive|UY QUE RICO PAPI has 20 seconds left.\n|j|\u2606posods\n|inactive|posods reconnected.\n|player|p2|posods|caitlin-masters\n|\n|t:|1698796628\n|switch|p1b: Ursaluna|Ursaluna, F|100\/100\n|turn|5\n|inactive|UY QUE RICO PAPI has 30 seconds left.\n|\n|t:|1698796649\n|-terastallize|p1b: Ursaluna|Ground\n|move|p2b: Ogerpon|Spiky Shield|p2b: Ogerpon\n|-singleturn|p2b: Ogerpon|move: Protect\n|move|p2a: Flutter Mane|Protect|p2a: Flutter Mane\n|-singleturn|p2a: Flutter Mane|Protect\n|move|p1a: Bronzong|Steel Beam|p2b: Ogerpon\n|-activate|p2b: Ogerpon|move: Protect\n|-damage|p1a: Bronzong|50\/100|[from] steelbeam\n|move|p1b: Ursaluna|Earthquake|p2b: Ogerpon|[spread] \n|-activate|p2a: Flutter Mane|move: Protect\n|-activate|p2b: Ogerpon|move: Protect\n|-immune|p1a: Bronzong|[from] ability: Levitate\n|\n|-fieldend|move: Trick Room\n|-status|p1b: Ursaluna|brn|[from] item: Flame Orb\n|upkeep\n|turn|6\n|inactive|UY QUE RICO PAPI has 30 seconds left.\n|\n|t:|1698796679\n|switch|p1b: Weavile|Weavile, F|100\/100\n|move|p2b: Ogerpon|Helping Hand|p2a: Flutter Mane\n|-singleturn|p2a: Flutter Mane|Helping Hand|[of] p2b: Ogerpon\n|move|p1a: Bronzong|Protect|p1a: Bronzong\n|-singleturn|p1a: Bronzong|Protect\n|move|p2a: Flutter Mane|Dazzling Gleam|p1a: Bronzong|[spread] p1b\n|-activate|p1a: Bronzong|move: Protect\n|-supereffective|p1b: Weavile\n|-enditem|p1b: Weavile|Focus Sash\n|-damage|p1b: Weavile|1\/100\n|\n|upkeep\n|turn|7\n|\n|t:|1698796696\n|move|p2a: Flutter Mane|Protect|p2a: Flutter Mane\n|-singleturn|p2a: Flutter Mane|Protect\n|move|p1b: Weavile|Fake Out|p2a: Flutter Mane\n|-activate|p2a: Flutter Mane|move: Protect\n|move|p2b: Ogerpon|Wood Hammer|p1b: Weavile\n|-damage|p1b: Weavile|0 fnt\n|faint|p1b: Weavile\n|-damage|p2b: Ogerpon|67\/100|[from] Recoil\n|move|p1a: Bronzong|Trick Room|p1a: Bronzong\n|-fieldstart|move: Trick Room|[of] p1a: Bronzong\n|\n|upkeep\n|\n|t:|1698796714\n|switch|p1b: Orthworm|Orthworm, M|75\/100\n|turn|8\n|\n|t:|1698796738\n|switch|p2b: Manaphy|Manaphy|100\/100\n|-damage|p2b: Manaphy|88\/100|[from] Stealth Rock\n|-end|p2a: Flutter Mane|Protosynthesis|[silent]\n|switch|p2a: Iron Hands|Iron Hands|100\/100\n|-damage|p2a: Iron Hands|94\/100|[from] Stealth Rock\n|move|p1a: Bronzong|Steel Beam|p2a: Iron Hands\n|-resisted|p2a: Iron Hands\n|-damage|p2a: Iron Hands|81\/100\n|-damage|p1a: Bronzong|0 fnt|[from] steelbeam\n|faint|p1a: Bronzong\n|move|p1b: Orthworm|Shed Tail|p1b: Orthworm\n|-start|p1b: Orthworm|Substitute|[from] move: Shed Tail\n|-damage|p1b: Orthworm|25\/100\n|\n|t:|1698796752\n|switch|p1b: Ursaluna|Ursaluna, F, tera:Ground|100\/100 brn|[from] Shed Tail\n|\n|-heal|p2b: Manaphy|94\/100|[from] item: Leftovers\n|-damage|p1b: Ursaluna|94\/100 brn|[from] brn\n|upkeep\n|\n|t:|1698796759\n|switch|p1a: Orthworm|Orthworm, M|25\/100\n|turn|9\n|inactive|UY QUE RICO PAPI has 60 seconds left.\n|\n|t:|1698796769\n|move|p1a: Orthworm|Helping Hand|p1b: Ursaluna\n|-singleturn|p1b: Ursaluna|Helping Hand|[of] p1a: Orthworm\n|move|p1b: Ursaluna|Earthquake|p2a: Iron Hands|[spread] p2a,p2b\n|-heal|p1a: Orthworm|50\/100|[from] ability: Earth Eater|[of] p1b: Ursaluna\n|-supereffective|p2a: Iron Hands\n|-damage|p2a: Iron Hands|0 fnt\n|-damage|p2b: Manaphy|0 fnt\n|faint|p2a: Iron Hands\n|-end|p2a: Iron Hands|Quark Drive|[silent]\n|faint|p2b: Manaphy\n|\n|-damage|p1b: Ursaluna|88\/100 brn|[from] brn\n|upkeep\n|l|\u2606posods\n|inactive|posods disconnected and has a minute to reconnect!\n|player|p2|\n|inactive|posods has 30 seconds to reconnect!\n|inactive|posods has 20 seconds to reconnect!\n|inactive|posods has 15 seconds to reconnect!\n|inactive|posods has 10 seconds to reconnect!\n|inactive|posods has 5 seconds to reconnect!\n|-message|posods lost due to inactivity.\n|\n|win|UY QUE RICO PAPI\n|raw|UY QUE RICO PAPI's rating: 1303 &rarr; <strong>1320<\/strong><br \/>(+17 for winning)\n|raw|posods's rating: 1252 &rarr; <strong>1231<\/strong><br \/>(-21 for losing)\n","uploadtime":1698796847,"views":19,"p1id":"uyquericopapi","p2id":"posods","formatid":"gen9doublesou","rating":1231,"private":0,"password":""}