{"id":"gen9doublesou-1995508471","p1":"why on","p2":"Souj","format":"[Gen 9] Doubles OU","log":"|j|\u2606why on\n|j|\u2606Souj\n|t:|1700578240\n|gametype|doubles\n|player|p1|why on|169|1381\n|player|p2|Souj|nate|1438\n|teamsize|p1|6\n|teamsize|p2|6\n|gen|9\n|tier|[Gen 9] Doubles OU\n|rated|\n|rule|Species Clause: Limit one of each Pok\u00e9mon\n|rule|OHKO Clause: OHKO moves are banned\n|rule|Evasion Moves Clause: Evasion moves are banned\n|rule|Gravity Sleep Clause: The combination of sleep-inducing moves with imperfect accuracy and Gravity or Gigantamax Orbeetle are banned\n|rule|Endless Battle Clause: Forcing endless battles is banned\n|rule|HP Percentage Mod: HP is shown in percentages\n|clearpoke\n|poke|p1|Flutter Mane|\n|poke|p1|Iron Hands|\n|poke|p1|Landorus-Therian, M|\n|poke|p1|Tornadus, M|\n|poke|p1|Chi-Yu|\n|poke|p1|Ogerpon-Wellspring, F|\n|poke|p2|Meowscarada, F|\n|poke|p2|Garganacl, M|\n|poke|p2|Ceruledge, M|\n|poke|p2|Kilowattrel, M|\n|poke|p2|Tinkaton, F|\n|poke|p2|Gholdengo|\n|teampreview\n|inactive|Battle timer is ON: inactive players will automatically lose when time's up. (requested by Souj)\n|c|\u2606Souj|why off\n|inactive|Souj has 120 seconds left.\n|\n|t:|1700578286\n|start\n|switch|p1a: Iron Hands|Iron Hands|100\/100\n|switch|p1b: Landorus|Landorus-Therian, M|100\/100\n|switch|p2a: Meowscarada|Meowscarada, F|100\/100\n|switch|p2b: Gholdengo|Gholdengo|100\/100\n|-ability|p1b: Landorus|Intimidate|boost\n|-unboost|p2a: Meowscarada|atk|1\n|-unboost|p2b: Gholdengo|atk|1\n|-item|p2b: Gholdengo|Air Balloon\n|turn|1\n|\n|t:|1700578302\n|switch|p2a: Ceruledge|Ceruledge, M|100\/100\n|move|p1a: Iron Hands|Fake Out|p2a: Ceruledge\n|-immune|p2a: Ceruledge\n|move|p1b: Landorus|Stomping Tantrum|p2b: Gholdengo\n|-immune|p2b: Gholdengo\n|move|p2b: Gholdengo|Nasty Plot|p2b: Gholdengo\n|-boost|p2b: Gholdengo|spa|2\n|\n|upkeep\n|turn|2\n|\n|t:|1700578314\n|switch|p2a: Kilowattrel|Kilowattrel, M|100\/100\n|move|p2b: Gholdengo|Protect|p2b: Gholdengo\n|-singleturn|p2b: Gholdengo|Protect\n|move|p1b: Landorus|Rock Slide|p2b: Gholdengo|[spread] p2a\n|-activate|p2b: Gholdengo|move: Protect\n|-supereffective|p2a: Kilowattrel\n|-damage|p2a: Kilowattrel|14\/100\n|move|p1a: Iron Hands|Rock Slide|p2b: Gholdengo|[spread] p2a\n|-activate|p2b: Gholdengo|move: Protect\n|-supereffective|p2a: Kilowattrel\n|-damage|p2a: Kilowattrel|0 fnt\n|faint|p2a: Kilowattrel\n|\n|upkeep\n|inactive|Souj has 120 seconds left.\n|\n|t:|1700578341\n|switch|p2a: Ceruledge|Ceruledge, M|100\/100\n|turn|3\n|\n|t:|1700578348\n|move|p2a: Ceruledge|Endure|p2a: Ceruledge\n|-singleturn|p2a: Ceruledge|move: Endure\n|move|p1b: Landorus|Rock Slide|p2a: Ceruledge|[spread] p2a,p2b\n|-supereffective|p2a: Ceruledge\n|-resisted|p2b: Gholdengo\n|-damage|p2a: Ceruledge|36\/100\n|-damage|p2b: Gholdengo|90\/100\n|-ability|p2a: Ceruledge|Weak Armor|boost\n|-unboost|p2a: Ceruledge|def|1\n|-boost|p2a: Ceruledge|spe|2\n|-enditem|p2b: Gholdengo|Air Balloon\n|move|p2b: Gholdengo|Shadow Ball|p1b: Landorus\n|-damage|p1b: Landorus|8\/100\n|-unboost|p1b: Landorus|spd|1\n|-enditem|p1b: Landorus|Sitrus Berry|[eat]\n|-heal|p1b: Landorus|33\/100|[from] item: Sitrus Berry\n|move|p1a: Iron Hands|Rock Slide|p2a: Ceruledge|[spread] p2a,p2b\n|-supereffective|p2a: Ceruledge\n|-resisted|p2b: Gholdengo\n|-crit|p2b: Gholdengo\n|-activate|p2a: Ceruledge|move: Endure\n|-damage|p2a: Ceruledge|1\/100\n|-damage|p2b: Gholdengo|74\/100\n|-ability|p2a: Ceruledge|Weak Armor|boost\n|-unboost|p2a: Ceruledge|def|1\n|-boost|p2a: Ceruledge|spe|2\n|\n|upkeep\n|turn|4\n|inactive|why on has 120 seconds left.\n|\n|t:|1700578381\n|move|p2a: Ceruledge|Bitter Blade|p1b: Landorus\n|-damage|p1b: Landorus|0 fnt\n|-heal|p2a: Ceruledge|19\/100|[from] drain|[of] p1b: Landorus\n|faint|p1b: Landorus\n|-damage|p2a: Ceruledge|9\/100|[from] item: Life Orb\n|move|p2b: Gholdengo|Shadow Ball|p1a: Iron Hands\n|-damage|p1a: Iron Hands|55\/100\n|move|p1a: Iron Hands|Volt Switch|p2a: Ceruledge\n|-damage|p2a: Ceruledge|0 fnt\n|faint|p2a: Ceruledge\n|inactive|why on has 120 seconds left.\n|\n|t:|1700578396\n|-end|p1a: Iron Hands|Quark Drive|[silent]\n|switch|p1a: Chi-Yu|Chi-Yu|100\/100|[from] Volt Switch\n|-ability|p1a: Chi-Yu|Beads of Ruin\n|\n|upkeep\n|\n|t:|1700578409\n|switch|p1b: Ogerpon|Ogerpon-Wellspring, F|100\/100\n|switch|p2a: Garganacl|Garganacl, M|100\/100\n|turn|5\n|\n|t:|1700578428\n|-terastallize|p1b: Ogerpon|Water\n|detailschange|p1b: Ogerpon|Ogerpon-Wellspring-Tera, F, tera:Water\n|-ability|p1b: Ogerpon|Embody Aspect (Wellspring)|boost\n|-boost|p1b: Ogerpon|spd|1\n|move|p2b: Gholdengo|Protect|p2b: Gholdengo\n|-singleturn|p2b: Gholdengo|Protect\n|move|p1b: Ogerpon|Ivy Cudgel|p2a: Garganacl|[anim] Ivy Cudgel Water\n|-supereffective|p2a: Garganacl\n|-damage|p2a: Garganacl|19\/100\n|move|p1a: Chi-Yu|Heat Wave|p2b: Gholdengo|[spread] p2a\n|-activate|p2b: Gholdengo|move: Protect\n|-resisted|p2a: Garganacl\n|-damage|p2a: Garganacl|0 fnt\n|faint|p2a: Garganacl\n|\n|upkeep\n|c|\u2606Souj|gg\n|\n|t:|1700578442\n|switch|p2a: Meowscarada|Meowscarada, F|100\/100\n|turn|6\n|\n|t:|1700578455\n|switch|p1b: Tornadus|Tornadus, M|100\/100\n|move|p2a: Meowscarada|U-turn|p1a: Chi-Yu\n|-start|p2a: Meowscarada|typechange|Bug|[from] ability: Protean\n|-damage|p1a: Chi-Yu|47\/100\n|\n|t:|1700578459\n|switch|p2a: Tinkaton|Tinkaton, F|100\/100|[from] U-turn\n|-ability|p2a: Tinkaton|Mold Breaker\n|move|p1a: Chi-Yu|Heat Wave|p2b: Gholdengo|[spread] p2a,p2b\n|-supereffective|p2a: Tinkaton\n|-supereffective|p2b: Gholdengo\n|-damage|p2a: Tinkaton|0 fnt\n|-damage|p2b: Gholdengo|0 fnt\n|faint|p2a: Tinkaton\n|faint|p2b: Gholdengo\n|\n|upkeep\n|-message|Souj forfeited.\n|\n|win|why on\n|raw|why on's rating: 1381 &rarr; <strong>1404<\/strong><br \/>(+23 for winning)\n|raw|Souj's rating: 1438 &rarr; <strong>1415<\/strong><br \/>(-23 for losing)\n|l|\u2606Souj\n","uploadtime":1700578482,"views":11,"p1id":"whyon","p2id":"souj","formatid":"gen9doublesou","rating":1404,"private":0,"password":""}