{"id":"gen9doublesou-1968059471","p1":"charizardisnice","p2":"burkesayshi","format":"[Gen 9] Doubles OU","log":"|html|<div class=\"broadcast-blue\"><strong>[Gen 9] Doubles OU is currently suspecting Basculegion & Flutter Mane! For information on how to participate check out the <a href=\"https:\/\/www.smogon.com\/forums\/threads\/np-sv-dou-stage-8-double-trouble.3729153\/\">suspect thread<\/a>.<\/strong><\/div>\n|j|\u2606charizardisnice\n|j|\u2606burkesayshi\n|t:|1697379956\n|gametype|doubles\n|player|p1|charizardisnice|102|\n|player|p2|burkesayshi|169|\n|teamsize|p1|6\n|teamsize|p2|6\n|gen|9\n|tier|[Gen 9] Doubles OU\n|rule|Species Clause: Limit one of each Pok\u00e9mon\n|rule|OHKO Clause: OHKO moves are banned\n|rule|Evasion Moves Clause: Evasion moves are banned\n|rule|Gravity Sleep Clause: The combination of sleep-inducing moves with imperfect accuracy and Gravity or Gigantamax Orbeetle are banned\n|rule|Endless Battle Clause: Forcing endless battles is banned\n|rule|HP Percentage Mod: HP is shown in percentages\n|clearpoke\n|poke|p1|Tornadus, M|\n|poke|p1|Kingambit, M|\n|poke|p1|Amoonguss, M|\n|poke|p1|Ceruledge, M|\n|poke|p1|Lilligant-Hisui, F|\n|poke|p1|Typhlosion-Hisui, F|\n|poke|p2|Scizor, F|\n|poke|p2|Ting-Lu|\n|poke|p2|Baxcalibur, M|\n|poke|p2|Volcarona, F|\n|poke|p2|Tyranitar, F|\n|poke|p2|Garchomp, F|\n|teampreview\n|\n|t:|1697379989\n|start\n|switch|p1a: Billy Choppa|Kingambit, M|100\/100\n|switch|p1b: Among Sus|Amoonguss, M, shiny|100\/100\n|switch|p2a: Tyranitar|Tyranitar, F|100\/100\n|switch|p2b: Scizor|Scizor, F|100\/100\n|-weather|Sandstorm|[from] ability: Sand Stream|[of] p2a: Tyranitar\n|turn|1\n|\n|t:|1697380031\n|move|p1b: Among Sus|Rage Powder|p1b: Among Sus\n|-singleturn|p1b: Among Sus|move: Rage Powder\n|move|p2b: Scizor|U-turn|p1b: Among Sus\n|-damage|p1b: Among Sus|40\/100\n|-enditem|p1b: Among Sus|Sitrus Berry|[eat]\n|-heal|p1b: Among Sus|65\/100|[from] item: Sitrus Berry\n|\n|t:|1697380044\n|switch|p2b: Ting-Lu|Ting-Lu|100\/100|[from] U-turn\n|-ability|p2b: Ting-Lu|Vessel of Ruin\n|move|p2a: Tyranitar|Earthquake|p1b: Among Sus|[spread] p2b,p1a,p1b\n|-supereffective|p1a: Billy Choppa\n|-damage|p2b: Ting-Lu|88\/100\n|-damage|p1a: Billy Choppa|67\/100\n|-damage|p1b: Among Sus|43\/100\n|move|p1a: Billy Choppa|Low Kick|p2a: Tyranitar\n|-supereffective|p2a: Tyranitar\n|-damage|p2a: Tyranitar|0 fnt\n|faint|p2a: Tyranitar\n|\n|-weather|Sandstorm|[upkeep]\n|-damage|p1b: Among Sus|37\/100|[from] Sandstorm\n|-heal|p2b: Ting-Lu|94\/100|[from] item: Leftovers\n|upkeep\n|\n|t:|1697380068\n|switch|p2a: Volcarona|Volcarona, F|100\/100\n|turn|2\n|\n|t:|1697380093\n|move|p1b: Among Sus|Rage Powder|p1b: Among Sus\n|-singleturn|p1b: Among Sus|move: Rage Powder\n|move|p2a: Volcarona|Heat Wave|p1b: Among Sus|[spread] p1a,p1b\n|-supereffective|p1a: Billy Choppa\n|-supereffective|p1b: Among Sus\n|-damage|p1a: Billy Choppa|37\/100\n|-damage|p1b: Among Sus|5\/100\n|move|p1a: Billy Choppa|Low Kick|p2b: Ting-Lu\n|-supereffective|p2b: Ting-Lu\n|-damage|p2b: Ting-Lu|46\/100\n|move|p2b: Ting-Lu|Stomping Tantrum|p1b: Among Sus\n|-damage|p1b: Among Sus|0 fnt\n|faint|p1b: Among Sus\n|\n|-weather|Sandstorm|[upkeep]\n|-damage|p2a: Volcarona|94\/100|[from] Sandstorm\n|-heal|p2b: Ting-Lu|52\/100|[from] item: Leftovers\n|upkeep\n|\n|t:|1697380132\n|switch|p1b: Sun Dancer|Lilligant-Hisui, F, shiny|100\/100\n|turn|3\n|\n|t:|1697380159\n|-terastallize|p2b: Ting-Lu|Fairy\n|move|p1b: Sun Dancer|Close Combat|p2b: Ting-Lu\n|-resisted|p2b: Ting-Lu\n|-damage|p2b: Ting-Lu|37\/100\n|-unboost|p1b: Sun Dancer|def|1\n|-unboost|p1b: Sun Dancer|spd|1\n|move|p2a: Volcarona|Heat Wave|p1a: Billy Choppa|[spread] p1a,p1b\n|-supereffective|p1a: Billy Choppa\n|-supereffective|p1b: Sun Dancer\n|-damage|p1a: Billy Choppa|7\/100\n|-damage|p1b: Sun Dancer|12\/100\n|move|p1a: Billy Choppa|Low Kick|p2b: Ting-Lu\n|-resisted|p2b: Ting-Lu\n|-damage|p2b: Ting-Lu|26\/100\n|move|p2b: Ting-Lu|Body Press|p1a: Billy Choppa\n|-supereffective|p1a: Billy Choppa\n|-damage|p1a: Billy Choppa|0 fnt\n|faint|p1a: Billy Choppa\n|\n|-weather|Sandstorm|[upkeep]\n|-damage|p1b: Sun Dancer|6\/100|[from] Sandstorm\n|-damage|p2a: Volcarona|88\/100|[from] Sandstorm\n|-damage|p2b: Ting-Lu|19\/100|[from] Sandstorm\n|-heal|p2b: Ting-Lu|26\/100|[from] item: Leftovers\n|upkeep\n|\n|t:|1697380176\n|switch|p1a: Char III|Ceruledge, M, shiny|100\/100\n|turn|4\n|\n|t:|1697380192\n|move|p1b: Sun Dancer|Petal Blizzard|p2b: Ting-Lu|[spread] p1a,p2a,p2b\n|-resisted|p1a: Char III\n|-resisted|p2a: Volcarona\n|-damage|p1a: Char III|81\/100\n|-damage|p2a: Volcarona|77\/100\n|-damage|p2b: Ting-Lu|9\/100\n|move|p2a: Volcarona|Ember|p1b: Sun Dancer\n|-supereffective|p1b: Sun Dancer\n|-damage|p1b: Sun Dancer|0 fnt\n|faint|p1b: Sun Dancer\n|move|p1a: Char III|Bitter Blade|p2a: Volcarona\n|-damage|p2a: Volcarona|16\/100\n|-heal|p1a: Char III|100\/100|[from] drain|[of] p2a: Volcarona\n|move|p2b: Ting-Lu|Stomping Tantrum|p1a: Char III\n|-supereffective|p1a: Char III\n|-damage|p1a: Char III|21\/100\n|\n|-weather|Sandstorm|[upkeep]\n|-damage|p2a: Volcarona|10\/100|[from] Sandstorm\n|-damage|p1a: Char III|15\/100|[from] Sandstorm\n|-damage|p2b: Ting-Lu|2\/100|[from] Sandstorm\n|-heal|p1a: Char III|21\/100|[from] item: Leftovers\n|-heal|p2b: Ting-Lu|9\/100|[from] item: Leftovers\n|upkeep\n|\n|t:|1697380219\n|switch|p1b: Typhlosion|Typhlosion-Hisui, F|100\/100\n|turn|5\n|\n|t:|1697380248\n|-terastallize|p1b: Typhlosion|Fire\n|move|p2a: Volcarona|Rage Powder|p2a: Volcarona\n|-singleturn|p2a: Volcarona|move: Rage Powder\n|move|p1a: Char III|Shadow Sneak|p2a: Volcarona\n|-damage|p2a: Volcarona|0 fnt\n|faint|p2a: Volcarona\n|move|p1b: Typhlosion|Eruption|p2b: Ting-Lu\n|-damage|p2b: Ting-Lu|0 fnt\n|faint|p2b: Ting-Lu\n|\n|-weather|Sandstorm|[upkeep]\n|-damage|p1b: Typhlosion|95\/100|[from] Sandstorm\n|-damage|p1a: Char III|15\/100|[from] Sandstorm\n|-heal|p1a: Char III|21\/100|[from] item: Leftovers\n|upkeep\n|\n|t:|1697380267\n|switch|p2a: Garchomp|Garchomp, F|100\/100\n|switch|p2b: Scizor|Scizor, F|100\/100\n|turn|6\n|\n|t:|1697380278\n|switch|p1a: Overlord|Tornadus, M|100\/100\n|move|p1b: Typhlosion|Protect|p1b: Typhlosion\n|-singleturn|p1b: Typhlosion|Protect\n|move|p2b: Scizor|Bullet Punch|p1a: Overlord\n|-damage|p1a: Overlord|40\/100\n|move|p2a: Garchomp|Earthquake|p1a: Overlord|[spread] p2b\n|-activate|p1b: Typhlosion|move: Protect\n|-immune|p1a: Overlord\n|-damage|p2b: Scizor|54\/100\n|\n|-weather|Sandstorm|[upkeep]\n|-damage|p1b: Typhlosion|89\/100|[from] Sandstorm\n|-damage|p1a: Overlord|34\/100|[from] Sandstorm\n|upkeep\n|turn|7\n|\n|t:|1697380304\n|move|p1a: Overlord|Sunny Day|p1a: Overlord\n|-weather|SunnyDay\n|move|p2b: Scizor|Bullet Punch|p1a: Overlord\n|-crit|p1a: Overlord\n|-damage|p1a: Overlord|0 fnt\n|faint|p1a: Overlord\n|move|p2a: Garchomp|Earthquake|p1b: Typhlosion|[spread] p2b,p1b\n|-supereffective|p1b: Typhlosion\n|-damage|p2b: Scizor|11\/100\n|-damage|p1b: Typhlosion|0 fnt\n|faint|p1b: Typhlosion\n|\n|-weather|SunnyDay|[upkeep]\n|upkeep\n|\n|t:|1697380316\n|switch|p1a: Char III|Ceruledge, M, shiny|21\/100\n|turn|8\n|\n|t:|1697380321\n|move|p1a: Char III|Shadow Sneak|p2b: Scizor\n|-damage|p2b: Scizor|0 fnt\n|faint|p2b: Scizor\n|move|p2a: Garchomp|Earthquake|p1a: Char III\n|-supereffective|p1a: Char III\n|-damage|p1a: Char III|0 fnt\n|faint|p1a: Char III\n|\n|win|burkesayshi\n","uploadtime":1697380333,"views":18,"p1id":"charizardisnice","p2id":"burkesayshi","formatid":"gen9doublesou","rating":0,"private":0,"password":""}