{"id":"gen9doublesou-1989801374","p1":"IMGETTINGCOOKED","p2":"Brawler206","format":"[Gen 9] Doubles OU","log":"|j|\u2606IMGETTINGCOOKED\n|j|\u2606Brawler206\n|t:|1699896891\n|gametype|doubles\n|player|p1|IMGETTINGCOOKED|brycen|1068\n|player|p2|Brawler206|marshal|1074\n|teamsize|p1|6\n|teamsize|p2|6\n|gen|9\n|tier|[Gen 9] Doubles OU\n|rated|\n|rule|Species Clause: Limit one of each Pok\u00e9mon\n|rule|OHKO Clause: OHKO moves are banned\n|rule|Evasion Moves Clause: Evasion moves are banned\n|rule|Gravity Sleep Clause: The combination of sleep-inducing moves with imperfect accuracy and Gravity or Gigantamax Orbeetle are banned\n|rule|Endless Battle Clause: Forcing endless battles is banned\n|rule|HP Percentage Mod: HP is shown in percentages\n|clearpoke\n|poke|p1|Zapdos|\n|poke|p1|Grimmsnarl, M|\n|poke|p1|Basculegion-F, F|\n|poke|p1|Goodra-Hisui, M|\n|poke|p1|Politoed, M|\n|poke|p1|Tsareena, F|\n|poke|p2|Weezing-Galar, F|\n|poke|p2|Tornadus, M|\n|poke|p2|Gengar, F|\n|poke|p2|Ambipom, M|\n|poke|p2|Scizor, M|\n|poke|p2|Moltres-Galar|\n|teampreview\n|\n|t:|1699896944\n|start\n|switch|p1a: Tsareena|Tsareena, F|100\/100\n|switch|p1b: Grimmsnarl|Grimmsnarl, M|100\/100\n|switch|p2a: Gengar|Gengar, F|100\/100\n|switch|p2b: Ambipom|Ambipom, M|100\/100\n|turn|1\n|\n|t:|1699896961\n|move|p1b: Grimmsnarl|Light Screen|p1b: Grimmsnarl\n|-sidestart|p1: IMGETTINGCOOKED|move: Light Screen\n|move|p2b: Ambipom|Taunt|p1b: Grimmsnarl\n|-start|p1b: Grimmsnarl|move: Taunt\n|move|p2a: Gengar|Skill Swap|p1a: Tsareena\n|-activate|p2a: Gengar|move: Skill Swap|Queenly Majesty|Cursed Body|[of] p1a: Tsareena\n|move|p1a: Tsareena|Trop Kick|p2b: Ambipom\n|-damage|p2b: Ambipom|49\/100\n|-unboost|p2b: Ambipom|atk|1\n|\n|upkeep\n|turn|2\n|\n|t:|1699896990\n|move|p2b: Ambipom|Taunt|p1a: Tsareena\n|-start|p1a: Tsareena|move: Taunt\n|move|p2a: Gengar|Will-O-Wisp|p1a: Tsareena\n|-status|p1a: Tsareena|brn\n|move|p1a: Tsareena|Trop Kick|p2b: Ambipom\n|-damage|p2b: Ambipom|21\/100\n|-unboost|p2b: Ambipom|atk|1\n|move|p1b: Grimmsnarl|Spirit Break|p2a: Gengar\n|-resisted|p2a: Gengar\n|-damage|p2a: Gengar|69\/100\n|-unboost|p2a: Gengar|spa|1\n|\n|-damage|p1a: Tsareena|95\/100 brn|[from] brn\n|upkeep\n|turn|3\n|c|\u2606IMGETTINGCOOKED|give me my ability back im not a fake out fraud\n|\n|t:|1699897010\n|move|p2b: Ambipom|Thunder Wave|p1b: Grimmsnarl\n|-status|p1b: Grimmsnarl|par\n|move|p2a: Gengar|Skill Swap|p1b: Grimmsnarl\n|-activate|p2a: Gengar|move: Skill Swap|Prankster|Queenly Majesty|[of] p1b: Grimmsnarl\n|move|p1a: Tsareena|Trop Kick|p2b: Ambipom\n|-damage|p2b: Ambipom|0 fnt\n|faint|p2b: Ambipom\n|move|p1b: Grimmsnarl|Spirit Break|p2a: Gengar\n|-resisted|p2a: Gengar\n|-damage|p2a: Gengar|42\/100\n|-unboost|p2a: Gengar|spa|1\n|\n|-damage|p1a: Tsareena|89\/100 brn|[from] brn\n|upkeep\n|\n|t:|1699897024\n|switch|p2b: Scizor|Scizor, M|100\/100\n|turn|4\n|\n|t:|1699897037\n|switch|p2a: Weezing|Weezing-Galar, F|100\/100\n|-fieldstart|move: Misty Terrain|[from] ability: Misty Surge|[of] p2a: Weezing\n|-enditem|p2a: Weezing|Misty Seed\n|-boost|p2a: Weezing|spd|1|[from] item: Misty Seed\n|move|p2b: Scizor|Swords Dance|p2b: Scizor\n|-boost|p2b: Scizor|atk|2\n|move|p1a: Tsareena|High Jump Kick|p2b: Scizor\n|-damage|p2b: Scizor|78\/100\n|move|p1b: Grimmsnarl|Spirit Break|p2a: Weezing\n|-resisted|p2a: Weezing\n|-damage|p2a: Weezing|83\/100\n|-unboost|p2a: Weezing|spa|1\n|\n|-damage|p1a: Tsareena|83\/100 brn|[from] brn\n|-end|p1a: Tsareena|move: Taunt\n|-end|p1b: Grimmsnarl|move: Taunt\n|upkeep\n|turn|5\n|\n|t:|1699897065\n|switch|p2a: Gengar|Gengar, F|42\/100\n|move|p2b: Scizor|Swords Dance|p2b: Scizor\n|-boost|p2b: Scizor|atk|2\n|move|p1a: Tsareena|Trop Kick|p2a: Gengar\n|-resisted|p2a: Gengar\n|-damage|p2a: Gengar|30\/100\n|-unboost|p2a: Gengar|atk|1\n|-start|p1a: Tsareena|Disable|Trop Kick|[from] ability: Cursed Body|[of] p2a: Gengar\n|cant|p1b: Grimmsnarl|par\n|\n|-damage|p1a: Tsareena|77\/100 brn|[from] brn\n|upkeep\n|turn|6\n|\n|t:|1699897086\n|move|p2a: Gengar|Skill Swap|p1b: Grimmsnarl\n|-activate|p2a: Gengar|move: Skill Swap|Queenly Majesty|Cursed Body|[of] p1b: Grimmsnarl\n|move|p2b: Scizor|Thief|p1a: Tsareena\n|-damage|p1a: Tsareena|0 fnt\n|faint|p1a: Tsareena\n|cant|p1b: Grimmsnarl|par\n|\n|upkeep\n|\n|t:|1699897099\n|switch|p1a: Kermit the Frog|Politoed, M|100\/100\n|-weather|RainDance|[from] ability: Drizzle|[of] p1a: Kermit the Frog\n|turn|7\n|\n|t:|1699897107\n|move|p2b: Scizor|Bullet Punch|p1b: Grimmsnarl\n|-supereffective|p1b: Grimmsnarl\n|-damage|p1b: Grimmsnarl|0 fnt\n|faint|p1b: Grimmsnarl\n|move|p2a: Gengar|Taunt|p1a: Kermit the Frog\n|-start|p1a: Kermit the Frog|move: Taunt\n|move|p1a: Kermit the Frog|Icy Wind|p2b: Scizor|[spread] p2a,p2b\n|-resisted|p2b: Scizor\n|-damage|p2a: Gengar|18\/100\n|-damage|p2b: Scizor|73\/100\n|-unboost|p2a: Gengar|spe|1\n|\n|-weather|RainDance|[upkeep]\n|upkeep\n|\n|t:|1699897125\n|switch|p1b: Michael Phelps|Basculegion-F, F|100\/100\n|turn|8\n|\n|t:|1699897135\n|move|p2b: Scizor|Protect|p2b: Scizor\n|-singleturn|p2b: Scizor|Protect\n|move|p2a: Gengar|Skill Swap|p1b: Michael Phelps\n|-activate|p2a: Gengar|move: Skill Swap|Adaptability|Queenly Majesty|[of] p1b: Michael Phelps\n|move|p1b: Michael Phelps|Shadow Ball|p2b: Scizor\n|-activate|p2b: Scizor|move: Protect\n|move|p1a: Kermit the Frog|Surf|p2b: Scizor|[spread] p1b,p2a\n|-activate|p2b: Scizor|move: Protect\n|-resisted|p1b: Michael Phelps\n|-damage|p1b: Michael Phelps|90\/100\n|-damage|p2a: Gengar|0 fnt\n|faint|p2a: Gengar\n|\n|-weather|RainDance|[upkeep]\n|-sideend|p1: IMGETTINGCOOKED|move: Light Screen\n|-fieldend|Misty Terrain\n|upkeep\n|\n|t:|1699897152\n|switch|p2a: Moltres|Moltres-Galar|100\/100\n|turn|9\n|\n|t:|1699897179\n|switch|p2a: Weezing|Weezing-Galar, F|83\/100\n|-fieldstart|move: Misty Terrain|[from] ability: Misty Surge|[of] p2a: Weezing\n|move|p1b: Michael Phelps|Shadow Ball|p2b: Scizor\n|-crit|p2b: Scizor\n|-damage|p2b: Scizor|0 fnt\n|faint|p2b: Scizor\n|move|p1a: Kermit the Frog|Icy Wind|p2a: Weezing\n|-damage|p2a: Weezing|66\/100\n|-unboost|p2a: Weezing|spe|1\n|\n|-weather|RainDance|[upkeep]\n|-end|p1a: Kermit the Frog|move: Taunt\n|upkeep\n|-message|Brawler206 forfeited.\n|\n|win|IMGETTINGCOOKED\n|raw|IMGETTINGCOOKED's rating: 1068 &rarr; <strong>1098<\/strong><br \/>(+30 for winning)\n|raw|Brawler206's rating: 1074 &rarr; <strong>1053<\/strong><br \/>(-21 for losing)\n|l|\u2606Brawler206\n","uploadtime":1699897198,"views":7,"p1id":"imgettingcooked","p2id":"brawler206","formatid":"gen9doublesou","rating":1053,"private":0,"password":""}