{"id":"gen9doublesou-1993633025","p1":"ATDeigo14","p2":"biuj","format":"[Gen 9] Doubles OU","log":"|j|\u2606ATDeigo14\n|j|\u2606biuj\n|t:|1700339683\n|gametype|doubles\n|player|p1|ATDeigo14|chili|1114\n|player|p2|biuj|gardenia|1284\n|teamsize|p1|6\n|teamsize|p2|6\n|gen|9\n|tier|[Gen 9] Doubles OU\n|rated|\n|rule|Species Clause: Limit one of each Pok\u00e9mon\n|rule|OHKO Clause: OHKO moves are banned\n|rule|Evasion Moves Clause: Evasion moves are banned\n|rule|Gravity Sleep Clause: The combination of sleep-inducing moves with imperfect accuracy and Gravity or Gigantamax Orbeetle are banned\n|rule|Endless Battle Clause: Forcing endless battles is banned\n|rule|HP Percentage Mod: HP is shown in percentages\n|clearpoke\n|poke|p1|Gallade, M|\n|poke|p1|Ceruledge, M|\n|poke|p1|Bisharp, F|\n|poke|p1|Iron Valiant|\n|poke|p1|Armarouge, M|\n|poke|p1|Gardevoir, M|\n|poke|p2|Chi-Yu|\n|poke|p2|Torkoal, F|\n|poke|p2|Murkrow, F|\n|poke|p2|Flutter Mane|\n|poke|p2|Iron Moth|\n|poke|p2|Regieleki|\n|teampreview\n|inactive|Battle timer is ON: inactive players will automatically lose when time's up. (requested by biuj)\n|\n|t:|1700339699\n|start\n|switch|p1a: Iron Valiant|Iron Valiant|100\/100\n|switch|p1b: Armarouge|Armarouge, M|100\/100\n|switch|p2a: Chi-Yu|Chi-Yu|100\/100\n|switch|p2b: Regieleki|Regieleki|100\/100\n|-ability|p2a: Chi-Yu|Beads of Ruin\n|turn|1\n|\n|t:|1700339722\n|move|p2b: Regieleki|Electroweb|p1b: Armarouge|[spread] p1a,p1b\n|-damage|p1a: Iron Valiant|30\/100\n|-damage|p1b: Armarouge|64\/100\n|-unboost|p1a: Iron Valiant|spe|1\n|-unboost|p1b: Armarouge|spe|1\n|move|p2a: Chi-Yu|Snarl|p1b: Armarouge|[spread] p1a,p1b\n|-resisted|p1a: Iron Valiant\n|-supereffective|p1b: Armarouge\n|-damage|p1a: Iron Valiant|11\/100\n|-damage|p1b: Armarouge|0 fnt\n|-unboost|p1a: Iron Valiant|spa|1\n|faint|p1b: Armarouge\n|move|p1a: Iron Valiant|Drain Punch|p2a: Chi-Yu\n|-supereffective|p2a: Chi-Yu\n|-damage|p2a: Chi-Yu|0 fnt\n|-heal|p1a: Iron Valiant|50\/100|[from] drain|[of] p2a: Chi-Yu\n|faint|p2a: Chi-Yu\n|-damage|p1a: Iron Valiant|40\/100|[from] item: Life Orb\n|\n|upkeep\n|\n|t:|1700339744\n|switch|p2a: Flutter Mane|Flutter Mane|100\/100\n|switch|p1b: Bisharp|Bisharp, F|100\/100\n|-enditem|p2a: Flutter Mane|Booster Energy\n|-activate|p2a: Flutter Mane|ability: Protosynthesis|[fromitem]\n|-start|p2a: Flutter Mane|protosynthesisspe\n|turn|2\n|\n|t:|1700339769\n|move|p2a: Flutter Mane|Dazzling Gleam|p1b: Bisharp|[spread] p1a,p1b\n|-supereffective|p1a: Iron Valiant\n|-damage|p1a: Iron Valiant|0 fnt\n|-damage|p1b: Bisharp|70\/100\n|faint|p1a: Iron Valiant\n|-end|p1a: Iron Valiant|Quark Drive|[silent]\n|move|p2b: Regieleki|Electroweb|p1b: Bisharp\n|-damage|p1b: Bisharp|21\/100\n|-unboost|p1b: Bisharp|spe|1\n|-ability|p1b: Bisharp|Defiant|boost\n|-boost|p1b: Bisharp|atk|2\n|move|p1b: Bisharp|Iron Head|p2a: Flutter Mane\n|-supereffective|p2a: Flutter Mane\n|-damage|p2a: Flutter Mane|0 fnt\n|faint|p2a: Flutter Mane\n|-end|p2a: Flutter Mane|Protosynthesis|[silent]\n|\n|upkeep\n|\n|t:|1700339794\n|switch|p2a: Iron Moth|Iron Moth|100\/100\n|switch|p1a: Gardevoir|Gardevoir, M|100\/100\n|-enditem|p2a: Iron Moth|Booster Energy\n|-activate|p2a: Iron Moth|ability: Quark Drive|[fromitem]\n|-start|p2a: Iron Moth|quarkdrivespe\n|-ability|p1a: Gardevoir|Transistor|[from] ability: Trace|[of] p2b: Regieleki\n|turn|3\n|\n|t:|1700339814\n|move|p1b: Bisharp|Protect|p1b: Bisharp\n|-singleturn|p1b: Bisharp|Protect\n|move|p2b: Regieleki|Electroweb|p1a: Gardevoir|[spread] p1a\n|-activate|p1b: Bisharp|move: Protect\n|-damage|p1a: Gardevoir|70\/100\n|-unboost|p1a: Gardevoir|spe|1\n|move|p2a: Iron Moth|Fiery Dance|p1a: Gardevoir\n|-damage|p1a: Gardevoir|35\/100\n|move|p1a: Gardevoir|Heal Pulse|p1b: Bisharp\n|-activate|p1b: Bisharp|move: Protect\n|\n|-heal|p1a: Gardevoir|41\/100|[from] item: Leftovers\n|upkeep\n|turn|4\n|c|\u2606ATDeigo14|Oops\n|inactive|ATDeigo14 has 120 seconds left.\n|\n|t:|1700339846\n|move|p1b: Bisharp|Sucker Punch|p2b: Regieleki\n|-damage|p2b: Regieleki|0 fnt\n|faint|p2b: Regieleki\n|move|p2a: Iron Moth|Fiery Dance|p1a: Gardevoir\n|-damage|p1a: Gardevoir|7\/100\n|-boost|p2a: Iron Moth|spa|1\n|move|p1a: Gardevoir|Draining Kiss|p2a: Iron Moth\n|-resisted|p2a: Iron Moth\n|-damage|p2a: Iron Moth|93\/100\n|-heal|p1a: Gardevoir|12\/100|[from] drain|[of] p2a: Iron Moth\n|\n|-heal|p1a: Gardevoir|18\/100|[from] item: Leftovers\n|upkeep\n|inactive|biuj has 120 seconds left.\n|\n|t:|1700339861\n|switch|p2b: Torkoal|Torkoal, F|100\/100\n|-weather|SunnyDay|[from] ability: Drought|[of] p2b: Torkoal\n|turn|5\n|\n|t:|1700339872\n|move|p2b: Torkoal|Helping Hand|p2a: Iron Moth\n|-singleturn|p2a: Iron Moth|Helping Hand|[of] p2b: Torkoal\n|move|p1b: Bisharp|Sucker Punch|p2a: Iron Moth\n|-crit|p2a: Iron Moth\n|-damage|p2a: Iron Moth|0 fnt\n|faint|p2a: Iron Moth\n|-end|p2a: Iron Moth|Quark Drive|[silent]\n|move|p1a: Gardevoir|Heal Pulse|p1b: Bisharp\n|-heal|p1b: Bisharp|71\/100\n|\n|-weather|SunnyDay|[upkeep]\n|-heal|p1a: Gardevoir|24\/100|[from] item: Leftovers\n|upkeep\n|\n|t:|1700339878\n|switch|p2a: Murkrow|Murkrow, F|100\/100\n|turn|6\n|-message|biuj forfeited.\n|\n|win|ATDeigo14\n|raw|ATDeigo14's rating: 1114 &rarr; <strong>1150<\/strong><br \/>(+36 for winning)\n|raw|biuj's rating: 1284 &rarr; <strong>1248<\/strong><br \/>(-36 for losing)\n|l|\u2606biuj\n|l|\u2606ATDeigo14\n|j|\u2606ATDeigo14\n|player|p1|ATDeigo14|chili\n","uploadtime":1700339917,"views":11,"p1id":"atdeigo14","p2id":"biuj","formatid":"gen9doublesou","rating":1150,"private":0,"password":""}