{"id":"gen9doublesou-1969476234","p1":"AdamPower_1234","p2":"Artemis_Eevee","format":"[Gen 9] Doubles OU","log":"|j|\u2606AdamPower_1234\n|j|\u2606Artemis_Eevee\n|t:|1697537079\n|gametype|doubles\n|player|p1|AdamPower_1234|unknown|1058\n|player|p2|Artemis_Eevee|rosa|1000\n|teamsize|p1|6\n|teamsize|p2|6\n|gen|9\n|tier|[Gen 9] Doubles OU\n|rated|\n|rule|Species Clause: Limit one of each Pok\u00e9mon\n|rule|OHKO Clause: OHKO moves are banned\n|rule|Evasion Moves Clause: Evasion moves are banned\n|rule|Gravity Sleep Clause: The combination of sleep-inducing moves with imperfect accuracy and Gravity or Gigantamax Orbeetle are banned\n|rule|Endless Battle Clause: Forcing endless battles is banned\n|rule|HP Percentage Mod: HP is shown in percentages\n|clearpoke\n|poke|p1|Muk-Alola, F|\n|poke|p1|Oricorio, M|\n|poke|p1|Quaquaval, M|\n|poke|p1|Lilligant-Hisui, F|\n|poke|p1|Ninetales, F|\n|poke|p1|Ogerpon-Hearthflame, F|\n|poke|p2|Cinderace, M|\n|poke|p2|Inteleon, M|\n|poke|p2|Dunsparce, M|\n|poke|p2|Diancie|\n|poke|p2|Chien-Pao|\n|poke|p2|Dragonite, M|\n|teampreview\n|\n|t:|1697537087\n|start\n|switch|p1a: Muk|Muk-Alola, F|100\/100\n|switch|p1b: Oricorio|Oricorio, M|100\/100\n|switch|p2a: Cinderace|Cinderace, M|100\/100\n|switch|p2b: Inteleon|Inteleon, M|100\/100\n|turn|1\n|\n|t:|1697537102\n|move|p2b: Inteleon|Water Pledge|p1a: Muk\n|-waiting|p2b: Inteleon|p2a: Cinderace\n|move|p2a: Cinderace|Fire Pledge|p1b: Oricorio|[from]move: Water Pledge\n|-start|p2a: Cinderace|typechange|Water|[from] ability: Libero\n|-combine\n|-supereffective|p1b: Oricorio\n|-enditem|p1b: Oricorio|Focus Sash\n|-damage|p1b: Oricorio|1\/100\n|-sidestart|p2: Artemis_Eevee|Water Pledge\n|move|p1b: Oricorio|Icy Wind|p2b: Inteleon|[spread] p2a,p2b\n|-resisted|p2a: Cinderace\n|-resisted|p2b: Inteleon\n|-damage|p2a: Cinderace|92\/100\n|-damage|p2b: Inteleon|91\/100\n|-unboost|p2a: Cinderace|spe|1\n|-unboost|p2b: Inteleon|spe|1\n|-enditem|p2a: Cinderace|Eject Button\n|\n|t:|1697537119\n|switch|p2a: Diancie|Diancie|100\/100\n|move|p1a: Muk|Substitute|p1a: Muk\n|-start|p1a: Muk|Substitute\n|-damage|p1a: Muk|76\/100\n|\n|-heal|p1a: Muk|82\/100|[from] item: Leftovers\n|upkeep\n|turn|2\n|\n|t:|1697537136\n|move|p1b: Oricorio|Taunt|p2a: Diancie\n|-start|p2a: Diancie|move: Taunt\n|move|p2b: Inteleon|Flip Turn|p1a: Muk\n|-activate|p1a: Muk|move: Substitute|[damage]\n|\n|t:|1697537143\n|switch|p2b: Dunsparce|Dunsparce, M, shiny|100\/100|[from] Flip Turn\n|move|p2a: Diancie|Diamond Storm|p1a: Muk|[spread] p1a\n|-miss|p2a: Diancie|p1b: Oricorio\n|-end|p1a: Muk|Substitute\n|-boost|p2a: Diancie|def|2\n|move|p1a: Muk|Knock Off|p2b: Dunsparce\n|-damage|p2b: Dunsparce|75\/100\n|-enditem|p2b: Dunsparce|Eviolite|[from] move: Knock Off|[of] p1a: Muk\n|\n|-heal|p1a: Muk|88\/100|[from] item: Leftovers\n|upkeep\n|turn|3\n|\n|t:|1697537172\n|move|p1b: Oricorio|Icy Wind|p2b: Dunsparce|[spread] p2a,p2b\n|-damage|p2a: Diancie|91\/100\n|-damage|p2b: Dunsparce|60\/100\n|-unboost|p2b: Dunsparce|spe|1\n|move|p1a: Muk|Substitute|p1a: Muk\n|-start|p1a: Muk|Substitute\n|-damage|p1a: Muk|63\/100\n|move|p2a: Diancie|Ancient Power|p1a: Muk\n|-activate|p1a: Muk|move: Substitute|[damage]\n|move|p2b: Dunsparce|Ancient Power|p1b: Oricorio\n|-supereffective|p1b: Oricorio\n|-damage|p1b: Oricorio|0 fnt\n|faint|p1b: Oricorio\n|-ability|p1a: Muk|Dancer|[from] ability: Power of Alchemy|[of] p1b: Oricorio\n|\n|-heal|p1a: Muk|69\/100|[from] item: Leftovers\n|-heal|p2a: Diancie|97\/100|[from] item: Leftovers\n|upkeep\n|\n|t:|1697537192\n|switch|p1b: Quaquaval|Quaquaval, M|100\/100\n|turn|4\n|\n|t:|1697537209\n|move|p1a: Muk|Protect|p1a: Muk\n|-singleturn|p1a: Muk|Protect\n|move|p1b: Quaquaval|Aqua Step|p2a: Diancie\n|-supereffective|p2a: Diancie\n|-damage|p2a: Diancie|64\/100\n|-boost|p1b: Quaquaval|spe|1\n|-activate|p1a: Muk|ability: Dancer\n|move|p1a: Muk|Aqua Step|p2a: Diancie|[from]ability: Dancer\n|-supereffective|p2a: Diancie\n|-damage|p2a: Diancie|46\/100\n|-boost|p1a: Muk|spe|1\n|move|p2a: Diancie|Ancient Power|p1b: Quaquaval\n|-resisted|p1b: Quaquaval\n|-damage|p1b: Quaquaval|84\/100\n|move|p2b: Dunsparce|Ancient Power|p1b: Quaquaval\n|-resisted|p1b: Quaquaval\n|-damage|p1b: Quaquaval|73\/100\n|\n|-heal|p1a: Muk|75\/100|[from] item: Leftovers\n|-heal|p2a: Diancie|52\/100|[from] item: Leftovers\n|-end|p2a: Diancie|move: Taunt\n|-sideend|p2: Artemis_Eevee|Water Pledge\n|upkeep\n|turn|5\n|\n|t:|1697537241\n|move|p1b: Quaquaval|Swords Dance|p1b: Quaquaval\n|-boost|p1b: Quaquaval|atk|2\n|-activate|p1a: Muk|ability: Dancer\n|move|p1a: Muk|Swords Dance|p1a: Muk|[from]ability: Dancer\n|-boost|p1a: Muk|atk|2\n|move|p1a: Muk|Knock Off|p2a: Diancie\n|-resisted|p2a: Diancie\n|-damage|p2a: Diancie|39\/100\n|-enditem|p2a: Diancie|Leftovers|[from] move: Knock Off|[of] p1a: Muk\n|move|p2a: Diancie|Baton Pass|p2a: Diancie\n|\n|t:|1697537255\n|switch|p2a: Chien-Pao|Chien-Pao|100\/100|[from] Baton Pass\n|-ability|p2a: Chien-Pao|Sword of Ruin\n|move|p2b: Dunsparce|Body Slam|p1b: Quaquaval\n|-damage|p1b: Quaquaval|36\/100\n|-enditem|p1b: Quaquaval|Sitrus Berry|[eat]\n|-heal|p1b: Quaquaval|60\/100|[from] item: Sitrus Berry\n|\n|-heal|p1a: Muk|81\/100|[from] item: Leftovers\n|upkeep\n|turn|6\n|\n|t:|1697537279\n|move|p1a: Muk|Protect|p1a: Muk\n|-singleturn|p1a: Muk|Protect\n|move|p1b: Quaquaval|Aqua Step|p2a: Chien-Pao\n|-damage|p2a: Chien-Pao|47\/100\n|-boost|p1b: Quaquaval|spe|1\n|-activate|p1a: Muk|ability: Dancer\n|move|p1a: Muk|Aqua Step|p2a: Chien-Pao|[from]ability: Dancer\n|-damage|p2a: Chien-Pao|22\/100\n|-boost|p1a: Muk|spe|1\n|move|p2a: Chien-Pao|Sacred Sword|p1a: Muk\n|-activate|p1a: Muk|move: Protect\n|move|p2b: Dunsparce|Air Slash|p1b: Quaquaval\n|-supereffective|p1b: Quaquaval\n|-damage|p1b: Quaquaval|11\/100\n|\n|-heal|p1a: Muk|87\/100|[from] item: Leftovers\n|upkeep\n|turn|7\n|\n|t:|1697537320\n|move|p1b: Quaquaval|Aqua Step|p2a: Chien-Pao\n|-damage|p2a: Chien-Pao|0 fnt\n|-boost|p1b: Quaquaval|spe|1\n|faint|p2a: Chien-Pao\n|-ability|p1b: Quaquaval|Moxie|boost\n|-boost|p1b: Quaquaval|atk|1\n|-activate|p1a: Muk|ability: Dancer\n|move|p1a: Muk|Aqua Step|p2b: Dunsparce|[from]ability: Dancer\n|-damage|p2b: Dunsparce|16\/100\n|-boost|p1a: Muk|spe|1\n|move|p1a: Muk|Gunk Shot|p2b: Dunsparce|[miss]\n|-miss|p1a: Muk|p2b: Dunsparce\n|move|p2b: Dunsparce|Body Slam|p1a: Muk\n|-end|p1a: Muk|Substitute\n|\n|-heal|p1a: Muk|93\/100|[from] item: Leftovers\n|upkeep\n|\n|t:|1697537342\n|switch|p2a: Cinderace|Cinderace, M|92\/100\n|turn|8\n|\n|t:|1697537355\n|move|p1b: Quaquaval|Aqua Step|p2a: Cinderace\n|-supereffective|p2a: Cinderace\n|-damage|p2a: Cinderace|0 fnt\n|-boost|p1b: Quaquaval|spe|1\n|faint|p2a: Cinderace\n|-ability|p1b: Quaquaval|Moxie|boost\n|-boost|p1b: Quaquaval|atk|1\n|-activate|p1a: Muk|ability: Dancer\n|move|p1a: Muk|Aqua Step|p2b: Dunsparce|[from]ability: Dancer\n|-damage|p2b: Dunsparce|0 fnt\n|-boost|p1a: Muk|spe|1\n|faint|p2b: Dunsparce\n|move|p1a: Muk|Substitute|p1a: Muk\n|-start|p1a: Muk|Substitute\n|-damage|p1a: Muk|68\/100\n|\n|-heal|p1a: Muk|74\/100|[from] item: Leftovers\n|upkeep\n|\n|t:|1697537358\n|switch|p2a: Diancie|Diancie|39\/100\n|switch|p2b: Dragonite|Dragonite, M, shiny|100\/100\n|turn|9\n|\n|t:|1697537377\n|-terastallize|p2b: Dragonite|Normal\n|move|p1a: Muk|Protect|p1a: Muk\n|-singleturn|p1a: Muk|Protect\n|move|p2b: Dragonite|Extreme Speed|p1b: Quaquaval\n|-crit|p1b: Quaquaval\n|-damage|p1b: Quaquaval|0 fnt\n|faint|p1b: Quaquaval\n|move|p2a: Diancie|Diamond Storm|p1a: Muk\n|-activate|p1a: Muk|move: Protect\n|\n|-heal|p1a: Muk|80\/100|[from] item: Leftovers\n|upkeep\n|\n|t:|1697537392\n|switch|p1b: Ninetales|Ninetales, F|100\/100\n|-weather|SunnyDay|[from] ability: Drought|[of] p1b: Ninetales\n|turn|10\n|\n|t:|1697537413\n|move|p1a: Muk|Knock Off|p2b: Dragonite\n|-damage|p2b: Dragonite|29\/100\n|-enditem|p2b: Dragonite|Aguav Berry|[from] move: Knock Off|[of] p1a: Muk\n|move|p1b: Ninetales|Flamethrower|p2b: Dragonite\n|-damage|p2b: Dragonite|0 fnt\n|faint|p2b: Dragonite\n|move|p2a: Diancie|Diamond Storm|p1a: Muk|[spread] p1a,p1b\n|-activate|p1a: Muk|move: Substitute|[damage]\n|-supereffective|p1b: Ninetales\n|-damage|p1b: Ninetales|36\/100\n|-boost|p2a: Diancie|def|2\n|\n|-weather|SunnyDay|[upkeep]\n|-heal|p1a: Muk|86\/100|[from] item: Leftovers\n|upkeep\n|\n|t:|1697537427\n|switch|p2b: Inteleon|Inteleon, M|91\/100\n|turn|11\n|\n|t:|1697537450\n|move|p1a: Muk|Protect|p1a: Muk\n|-singleturn|p1a: Muk|Protect\n|move|p2b: Inteleon|Water Pledge|p1b: Ninetales\n|-supereffective|p1b: Ninetales\n|-damage|p1b: Ninetales|0 fnt\n|faint|p1b: Ninetales\n|move|p2a: Diancie|Diamond Storm|p1a: Muk\n|-activate|p1a: Muk|move: Protect\n|\n|-weather|SunnyDay|[upkeep]\n|-heal|p1a: Muk|92\/100|[from] item: Leftovers\n|upkeep\n|\n|t:|1697537461\n|switch|p1b: Lilligant|Lilligant-Hisui, F|100\/100\n|turn|12\n|\n|t:|1697537485\n|move|p1b: Lilligant|Victory Dance|p1b: Lilligant\n|-boost|p1b: Lilligant|atk|1\n|-boost|p1b: Lilligant|def|1\n|-boost|p1b: Lilligant|spe|1\n|-activate|p1a: Muk|ability: Dancer\n|move|p1a: Muk|Victory Dance|p1a: Muk|[from]ability: Dancer\n|-boost|p1a: Muk|atk|1\n|-boost|p1a: Muk|def|1\n|-boost|p1a: Muk|spe|1\n|move|p1a: Muk|Knock Off|p2b: Inteleon\n|-damage|p2b: Inteleon|0 fnt\n|-enditem|p2b: Inteleon|Iapapa Berry|[from] move: Knock Off|[of] p1a: Muk\n|faint|p2b: Inteleon\n|move|p2a: Diancie|Diamond Storm|p1a: Muk|[spread] p1a,p1b\n|-end|p1a: Muk|Substitute\n|-resisted|p1b: Lilligant\n|-damage|p1b: Lilligant|89\/100\n|-boost|p2a: Diancie|def|2\n|\n|-weather|SunnyDay|[upkeep]\n|-heal|p1a: Muk|98\/100|[from] item: Leftovers\n|upkeep\n|turn|13\n|\n|t:|1697537510\n|move|p1b: Lilligant|Axe Kick|p2a: Diancie\n|-damage|p2a: Diancie|8\/100\n|-start|p2a: Diancie|confusion\n|-damage|p1b: Lilligant|80\/100|[from] item: Life Orb\n|move|p1a: Muk|Knock Off|p2a: Diancie\n|-resisted|p2a: Diancie\n|-damage|p2a: Diancie|0 fnt\n|faint|p2a: Diancie\n|\n|win|AdamPower_1234\n|raw|AdamPower_1234's rating: 1058 &rarr; <strong>1084<\/strong><br \/>(+26 for winning)\n|raw|Artemis_Eevee's rating: 1000 &rarr; <strong>1000<\/strong><br \/>(+0 for losing)\n|c|\u2606Artemis_Eevee|GG\n|c|\u2606AdamPower_1234|Gg\n|c|\u2606AdamPower_1234|dance team\n|l|\u2606Artemis_Eevee\n","uploadtime":1697537529,"views":19,"p1id":"adampower1234","p2id":"artemiseevee","formatid":"gen9doublesou","rating":1000,"private":0,"password":""}