{"id":"gen9doublesou-1973169293","p1":"feetluvr<3","p2":"12123434a","format":"[Gen 9] Doubles OU","log":"|j|\u2606feetluvr<3\n|j|\u260612123434a\n|t:|1697935295\n|gametype|doubles\n|player|p1|feetluvr<3|101|1378\n|player|p2|12123434a|twins-gen4dp|1506\n|teamsize|p1|6\n|teamsize|p2|6\n|gen|9\n|tier|[Gen 9] Doubles OU\n|rated|\n|rule|Species Clause: Limit one of each Pok\u00e9mon\n|rule|OHKO Clause: OHKO moves are banned\n|rule|Evasion Moves Clause: Evasion moves are banned\n|rule|Gravity Sleep Clause: The combination of sleep-inducing moves with imperfect accuracy and Gravity or Gigantamax Orbeetle are banned\n|rule|Endless Battle Clause: Forcing endless battles is banned\n|rule|HP Percentage Mod: HP is shown in percentages\n|clearpoke\n|poke|p1|Ogerpon-Wellspring, F|\n|poke|p1|Fezandipiti, M|\n|poke|p1|Flutter Mane|\n|poke|p1|Chi-Yu|\n|poke|p1|Landorus-Therian, M|\n|poke|p1|Dragonite, M|\n|poke|p2|Chien-Pao|\n|poke|p2|Dragonite, F|\n|poke|p2|Gholdengo|\n|poke|p2|Chi-Yu|\n|poke|p2|Enamorus-Therian, F|\n|poke|p2|Glimmora, M|\n|teampreview\n|inactive|Battle timer is ON: inactive players will automatically lose when time's up. (requested by 12123434a)\n|inactive|feetluvr<3 has 120 seconds left.\n|\n|t:|1697935327\n|start\n|switch|p1a: Landorus|Landorus-Therian, M|100\/100\n|switch|p1b: Dragonite|Dragonite, M|100\/100\n|switch|p2a: Enamorus|Enamorus-Therian, F|100\/100\n|switch|p2b: Glimmora|Glimmora, M|100\/100\n|-ability|p1a: Landorus|Intimidate|boost\n|-unboost|p2a: Enamorus|atk|1\n|-unboost|p2b: Glimmora|atk|1\n|turn|1\n|inactive|feetluvr<3 has 120 seconds left.\n|\n|t:|1697935373\n|-terastallize|p1b: Dragonite|Normal\n|move|p1b: Dragonite|Extreme Speed|p2a: Enamorus\n|-damage|p2a: Enamorus|43\/100\n|-damage|p1b: Dragonite|84\/100|[from] item: Rocky Helmet|[of] p2a: Enamorus\n|move|p2b: Glimmora|Stealth Rock|p1a: Landorus\n|-sidestart|p1: feetluvr<3|move: Stealth Rock\n|move|p1a: Landorus|Stomping Tantrum|p2b: Glimmora\n|-supereffective|p2b: Glimmora\n|-enditem|p2b: Glimmora|Focus Sash\n|-damage|p2b: Glimmora|1\/100\n|-activate|p2b: Glimmora|ability: Toxic Debris\n|-sidestart|p1: feetluvr<3|move: Toxic Spikes\n|move|p2a: Enamorus|Springtide Storm|p1a: Landorus|[spread] p1a,p1b\n|-damage|p1a: Landorus|55\/100\n|-damage|p1b: Dragonite|45\/100\n|-unboost|p1a: Landorus|atk|1\n|\n|upkeep\n|turn|2\n|inactive|feetluvr<3 has 120 seconds left.\n|\n|t:|1697935400\n|move|p1b: Dragonite|Extreme Speed|p2b: Glimmora\n|-resisted|p2b: Glimmora\n|-damage|p2b: Glimmora|0 fnt\n|-activate|p2b: Glimmora|ability: Toxic Debris\n|-sidestart|p1: feetluvr<3|move: Toxic Spikes\n|faint|p2b: Glimmora\n|move|p1a: Landorus|U-turn|p2a: Enamorus\n|-resisted|p2a: Enamorus\n|-damage|p2a: Enamorus|39\/100\n|-damage|p1a: Landorus|38\/100|[from] item: Rocky Helmet|[of] p2a: Enamorus\n|\n|t:|1697935410\n|switch|p1a: Fezandipiti|Fezandipiti, M|100\/100|[from] U-turn\n|-damage|p1a: Fezandipiti|88\/100|[from] Stealth Rock\n|-sideend|p1: feetluvr<3|move: Toxic Spikes|[of] p1a: Fezandipiti\n|move|p2a: Enamorus|Tailwind|p2a: Enamorus\n|-sidestart|p2: 12123434a|move: Tailwind\n|\n|upkeep\n|\n|t:|1697935418\n|switch|p2b: Gholdengo|Gholdengo|100\/100\n|turn|3\n|\n|t:|1697935427\n|move|p1b: Dragonite|Extreme Speed|p2a: Enamorus\n|-damage|p2a: Enamorus|0 fnt\n|-damage|p1b: Dragonite|28\/100|[from] item: Rocky Helmet|[of] p2a: Enamorus\n|faint|p2a: Enamorus\n|move|p2b: Gholdengo|Reflect|p2b: Gholdengo\n|-sidestart|p2: 12123434a|Reflect\n|move|p1a: Fezandipiti|Icy Wind|p2b: Gholdengo\n|-resisted|p2b: Gholdengo\n|-damage|p2b: Gholdengo|93\/100\n|-unboost|p2b: Gholdengo|spe|1\n|\n|-heal|p2b: Gholdengo|99\/100|[from] item: Leftovers\n|upkeep\n|\n|t:|1697935437\n|switch|p2a: Dragonite|Dragonite, F|100\/100\n|turn|4\n|\n|t:|1697935465\n|move|p1b: Dragonite|Extreme Speed|p2a: Dragonite\n|-damage|p2a: Dragonite|79\/100\n|move|p2a: Dragonite|Dragon Dance|p2a: Dragonite\n|-boost|p2a: Dragonite|atk|1\n|-boost|p2a: Dragonite|spe|1\n|move|p2b: Gholdengo|Make It Rain|p1b: Dragonite|[spread] p1a,p1b\n|-supereffective|p1a: Fezandipiti\n|-damage|p1a: Fezandipiti|4\/100\n|-damage|p1b: Dragonite|0 fnt\n|-unboost|p2b: Gholdengo|spa|1\n|-enditem|p1a: Fezandipiti|Sitrus Berry|[eat]\n|-heal|p1a: Fezandipiti|29\/100|[from] item: Sitrus Berry\n|faint|p1b: Dragonite\n|move|p1a: Fezandipiti|Icy Wind|p2b: Gholdengo|[spread] p2a,p2b\n|-supereffective|p2a: Dragonite\n|-resisted|p2b: Gholdengo\n|-damage|p2a: Dragonite|45\/100\n|-damage|p2b: Gholdengo|94\/100\n|-unboost|p2a: Dragonite|spe|1\n|-unboost|p2b: Gholdengo|spe|1\n|\n|-heal|p2b: Gholdengo|99\/100|[from] item: Leftovers\n|upkeep\n|inactive|feetluvr<3 has 120 seconds left.\n|j| koomsburg\n|\n|t:|1697935492\n|switch|p1b: Ogerpon|Ogerpon-Wellspring, F|100\/100\n|-damage|p1b: Ogerpon|88\/100|[from] Stealth Rock\n|turn|5\n|inactive|feetluvr<3 has 120 seconds left.\n|\n|t:|1697935502\n|move|p1a: Fezandipiti|Protect|p1a: Fezandipiti\n|-singleturn|p1a: Fezandipiti|Protect\n|move|p2a: Dragonite|Rock Slide|p1b: Ogerpon|[spread] p1b\n|-activate|p1a: Fezandipiti|move: Protect\n|-damage|p1b: Ogerpon|65\/100\n|move|p2b: Gholdengo|Light Screen|p2b: Gholdengo\n|-sidestart|p2: 12123434a|move: Light Screen\n|move|p1b: Ogerpon|Ivy Cudgel|p2a: Dragonite\n|-resisted|p2a: Dragonite\n|-crit|p2a: Dragonite\n|-damage|p2a: Dragonite|10\/100\n|\n|-heal|p2b: Gholdengo|100\/100|[from] item: Leftovers\n|-sideend|p2: 12123434a|move: Tailwind\n|upkeep\n|turn|6\n|\n|t:|1697935520\n|-terastallize|p2a: Dragonite|Normal\n|move|p1b: Ogerpon|Follow Me|p1b: Ogerpon\n|-singleturn|p1b: Ogerpon|move: Follow Me\n|move|p2a: Dragonite|Extreme Speed|p1b: Ogerpon\n|-enditem|p2a: Dragonite|Normal Gem|[from] gem\n|-damage|p1b: Ogerpon|0 fnt\n|faint|p1b: Ogerpon\n|move|p1a: Fezandipiti|Icy Wind|p2a: Dragonite|[spread] p2a,p2b\n|-resisted|p2b: Gholdengo\n|-damage|p2a: Dragonite|4\/100\n|-damage|p2b: Gholdengo|97\/100\n|-unboost|p2a: Dragonite|spe|1\n|-unboost|p2b: Gholdengo|spe|1\n|move|p2b: Gholdengo|Make It Rain|p1a: Fezandipiti\n|-supereffective|p1a: Fezandipiti\n|-damage|p1a: Fezandipiti|0 fnt\n|-unboost|p2b: Gholdengo|spa|1\n|faint|p1a: Fezandipiti\n|\n|-heal|p2b: Gholdengo|100\/100|[from] item: Leftovers\n|upkeep\n|inactive|feetluvr<3 has 120 seconds left.\n|\n|t:|1697935547\n|switch|p1b: Landorus|Landorus-Therian, M|38\/100\n|switch|p1a: Flutter Mane|Flutter Mane|100\/100\n|-damage|p1a: Flutter Mane|88\/100|[from] Stealth Rock\n|-damage|p1b: Landorus|26\/100|[from] Stealth Rock\n|-ability|p1b: Landorus|Intimidate|boost\n|-unboost|p2a: Dragonite|atk|1\n|-unboost|p2b: Gholdengo|atk|1\n|-enditem|p1a: Flutter Mane|Booster Energy\n|-activate|p1a: Flutter Mane|ability: Protosynthesis|[fromitem]\n|-start|p1a: Flutter Mane|protosynthesisspe\n|turn|7\n|inactive|feetluvr<3 has 120 seconds left.\n|\n|t:|1697935567\n|move|p2a: Dragonite|Extreme Speed|p1b: Landorus\n|-damage|p1b: Landorus|0 fnt\n|faint|p1b: Landorus\n|move|p1a: Flutter Mane|Icy Wind|p2a: Dragonite|[spread] p2a,p2b\n|-resisted|p2b: Gholdengo\n|-damage|p2a: Dragonite|0 fnt\n|-damage|p2b: Gholdengo|95\/100\n|-unboost|p2b: Gholdengo|spe|1\n|faint|p2a: Dragonite\n|move|p2b: Gholdengo|Make It Rain|p1a: Flutter Mane\n|-supereffective|p1a: Flutter Mane\n|-damage|p1a: Flutter Mane|29\/100\n|-unboost|p2b: Gholdengo|spa|1\n|\n|-heal|p2b: Gholdengo|100\/100|[from] item: Leftovers\n|-sideend|p2: 12123434a|Reflect\n|upkeep\n|\n|t:|1697935586\n|switch|p1b: Chi-Yu|Chi-Yu|100\/100\n|switch|p2a: Chien-Pao|Chien-Pao|100\/100\n|-ability|p2a: Chien-Pao|Sword of Ruin\n|-damage|p1b: Chi-Yu|75\/100|[from] Stealth Rock\n|-ability|p1b: Chi-Yu|Beads of Ruin\n|turn|8\n|\n|t:|1697935596\n|move|p1a: Flutter Mane|Icy Wind|p2a: Chien-Pao|[spread] p2a,p2b\n|-resisted|p2a: Chien-Pao\n|-resisted|p2b: Gholdengo\n|-damage|p2a: Chien-Pao|95\/100\n|-damage|p2b: Gholdengo|94\/100\n|-unboost|p2a: Chien-Pao|spe|1\n|-unboost|p2b: Gholdengo|spe|1\n|move|p1b: Chi-Yu|Heat Wave|p2a: Chien-Pao|[spread] p2a,p2b\n|-supereffective|p2a: Chien-Pao\n|-supereffective|p2b: Gholdengo\n|-damage|p2a: Chien-Pao|18\/100\n|-damage|p2b: Gholdengo|9\/100\n|move|p2a: Chien-Pao|Sacred Sword|p1b: Chi-Yu\n|-supereffective|p1b: Chi-Yu\n|-damage|p1b: Chi-Yu|0 fnt\n|faint|p1b: Chi-Yu\n|move|p2b: Gholdengo|Make It Rain|p1a: Flutter Mane\n|-supereffective|p1a: Flutter Mane\n|-damage|p1a: Flutter Mane|0 fnt\n|-unboost|p2b: Gholdengo|spa|1\n|faint|p1a: Flutter Mane\n|-end|p1a: Flutter Mane|Protosynthesis|[silent]\n|\n|win|12123434a\n|raw|feetluvr&lt;3's rating: 1378 &rarr; <strong>1365<\/strong><br \/>(-13 for losing)\n|raw|12123434a's rating: 1506 &rarr; <strong>1519<\/strong><br \/>(+13 for winning)\n|l|\u2606feetluvr<3\n|c|\u260612123434a|Ggs\n","uploadtime":1697935619,"views":12,"p1id":"feetluvr3","p2id":"12123434a","formatid":"gen9doublesou","rating":1365,"private":0,"password":""}