{"id":"gen9doublesou-1971011408","p1":"Konpekiseeker","p2":"Thehombre","format":"[Gen 9] Doubles OU","log":"|j|\u2606Konpekiseeker\n|j|\u2606Thehombre\n|t:|1697692249\n|gametype|doubles\n|player|p1|Konpekiseeker|cress|1109\n|player|p2|Thehombre|169|1089\n|teamsize|p1|6\n|teamsize|p2|6\n|gen|9\n|tier|[Gen 9] Doubles OU\n|rated|\n|rule|Species Clause: Limit one of each Pok\u00e9mon\n|rule|OHKO Clause: OHKO moves are banned\n|rule|Evasion Moves Clause: Evasion moves are banned\n|rule|Gravity Sleep Clause: The combination of sleep-inducing moves with imperfect accuracy and Gravity or Gigantamax Orbeetle are banned\n|rule|Endless Battle Clause: Forcing endless battles is banned\n|rule|HP Percentage Mod: HP is shown in percentages\n|clearpoke\n|poke|p1|Masquerain, F|\n|poke|p1|Chi-Yu|\n|poke|p1|Gholdengo|\n|poke|p1|Salamence, M|\n|poke|p1|Iron Bundle|\n|poke|p1|Gothitelle, F|\n|poke|p2|Fezandipiti, M|\n|poke|p2|Overqwil, M|\n|poke|p2|Munkidori, M|\n|poke|p2|Landorus, M|\n|poke|p2|Corviknight, F|\n|poke|p2|Muk-Alola, M|\n|teampreview\n|\n|t:|1697692256\n|start\n|switch|p1a: MANNEQUIN|Gothitelle, F|100\/100\n|switch|p1b: POSTMAN|Iron Bundle|100\/100\n|switch|p2a: Fezandipiti|Fezandipiti, M|100\/100\n|switch|p2b: Overqwil|Overqwil, M|100\/100\n|-item|p2a: Fezandipiti|Leftovers|[from] ability: Frisk|[of] p1a: MANNEQUIN|[identify]\n|-enditem|p1b: POSTMAN|Booster Energy\n|-activate|p1b: POSTMAN|ability: Quark Drive|[fromitem]\n|-start|p1b: POSTMAN|quarkdrivespe\n|turn|1\n|inactive|Battle timer is ON: inactive players will automatically lose when time's up. (requested by Thehombre)\n|\n|t:|1697692271\n|move|p1a: MANNEQUIN|Fake Out|p2b: Overqwil\n|-damage|p2b: Overqwil|94\/100\n|move|p1b: POSTMAN|Hydro Pump|p2b: Overqwil\n|-damage|p2b: Overqwil|11\/100\n|move|p2a: Fezandipiti|Icy Wind|p1b: POSTMAN|[spread] p1a,p1b\n|-resisted|p1b: POSTMAN\n|-damage|p1a: MANNEQUIN|91\/100\n|-damage|p1b: POSTMAN|96\/100\n|-unboost|p1a: MANNEQUIN|spe|1\n|-unboost|p1b: POSTMAN|spe|1\n|-status|p1a: MANNEQUIN|tox|[from] ability: Toxic Chain|[of] p2a: Fezandipiti\n|cant|p2b: Overqwil|flinch\n|\n|-damage|p1a: MANNEQUIN|85\/100 tox|[from] psn\n|upkeep\n|turn|2\n|\n|t:|1697692288\n|move|p1b: POSTMAN|Air Cutter|p2b: Overqwil|[spread] p2a,p2b\n|-damage|p2a: Fezandipiti|87\/100\n|-damage|p2b: Overqwil|0 fnt\n|faint|p2b: Overqwil\n|move|p2a: Fezandipiti|Icy Wind|p1b: POSTMAN|[spread] p1a,p1b\n|-resisted|p1b: POSTMAN\n|-damage|p1a: MANNEQUIN|75\/100 tox\n|-damage|p1b: POSTMAN|91\/100\n|-unboost|p1a: MANNEQUIN|spe|1\n|-unboost|p1b: POSTMAN|spe|1\n|move|p1a: MANNEQUIN|Trick|p2a: Fezandipiti\n|-activate|p1a: MANNEQUIN|move: Trick|[of] p2a: Fezandipiti\n|-item|p2a: Fezandipiti|Iron Ball|[from] move: Trick\n|-item|p1a: MANNEQUIN|Leftovers|[from] move: Trick\n|\n|-heal|p1a: MANNEQUIN|82\/100 tox|[from] item: Leftovers\n|-damage|p1a: MANNEQUIN|69\/100 tox|[from] psn\n|upkeep\n|\n|t:|1697692303\n|switch|p2b: Munkidori|Munkidori, M|100\/100\n|turn|3\n|\n|t:|1697692313\n|move|p1a: MANNEQUIN|Helping Hand|p1b: POSTMAN\n|-singleturn|p1b: POSTMAN|Helping Hand|[of] p1a: MANNEQUIN\n|move|p2b: Munkidori|Nasty Plot|p2b: Munkidori\n|-boost|p2b: Munkidori|spa|2\n|move|p1b: POSTMAN|Hydro Pump|p2b: Munkidori\n|-damage|p2b: Munkidori|3\/100\n|move|p2a: Fezandipiti|Dazzling Gleam|p1a: MANNEQUIN|[spread] p1a,p1b\n|-damage|p1a: MANNEQUIN|52\/100 tox\n|-damage|p1b: POSTMAN|50\/100\n|-status|p1b: POSTMAN|tox|[from] ability: Toxic Chain|[of] p2a: Fezandipiti\n|\n|-heal|p1a: MANNEQUIN|58\/100 tox|[from] item: Leftovers\n|-damage|p1b: POSTMAN|44\/100 tox|[from] psn\n|-damage|p1a: MANNEQUIN|39\/100 tox|[from] psn\n|upkeep\n|turn|4\n|\n|t:|1697692332\n|switch|p2a: Corviknight|Corviknight, F|100\/100\n|move|p2b: Munkidori|Sludge Wave|p1b: POSTMAN|[spread] p1a,p1b\n|-immune|p2a: Corviknight\n|-damage|p1a: MANNEQUIN|0 fnt\n|-damage|p1b: POSTMAN|0 fnt\n|faint|p1a: MANNEQUIN\n|faint|p1b: POSTMAN\n|-end|p1b: POSTMAN|Quark Drive|[silent]\n|\n|upkeep\n|\n|t:|1697692346\n|switch|p1b: D.J.GOLD|Gholdengo|100\/100\n|switch|p1a: CRESCENT MOON|Salamence, M|100\/100\n|-ability|p1a: CRESCENT MOON|Intimidate|boost\n|-ability|p2a: Corviknight|Mirror Armor\n|-unboost|p1a: CRESCENT MOON|atk|1\n|-unboost|p2b: Munkidori|atk|1\n|turn|5\n|\n|t:|1697692358\n|move|p2b: Munkidori|Sludge Wave|p1a: CRESCENT MOON|[spread] p1a\n|-immune|p2a: Corviknight\n|-immune|p1b: D.J.GOLD\n|-damage|p1a: CRESCENT MOON|0 fnt\n|faint|p1a: CRESCENT MOON\n|move|p2a: Corviknight|Agility|p2a: Corviknight\n|-boost|p2a: Corviknight|spe|2\n|move|p1b: D.J.GOLD|Trick|p2b: Munkidori\n|-activate|p1b: D.J.GOLD|move: Trick|[of] p2b: Munkidori\n|-item|p2b: Munkidori|Lagging Tail|[from] move: Trick\n|-item|p1b: D.J.GOLD|Poison Barb|[from] move: Trick\n|\n|upkeep\n|\n|t:|1697692379\n|switch|p1a: DEMEKIN|Chi-Yu|100\/100\n|-ability|p1a: DEMEKIN|Beads of Ruin\n|turn|6\n|\n|t:|1697692391\n|move|p2a: Corviknight|Bulk Up|p2a: Corviknight\n|-boost|p2a: Corviknight|atk|1\n|-boost|p2a: Corviknight|def|1\n|move|p1a: DEMEKIN|Heat Wave|p2b: Munkidori|[spread] p2a,p2b\n|-supereffective|p2a: Corviknight\n|-damage|p2a: Corviknight|0 fnt\n|-damage|p2b: Munkidori|0 fnt\n|faint|p2a: Corviknight\n|faint|p2b: Munkidori\n|move|p1b: D.J.GOLD|Thunder Wave|p2: Corviknight|[notarget]\n|-fail|p1b: D.J.GOLD\n|\n|upkeep\n|\n|t:|1697692399\n|switch|p2b: Fezandipiti|Fezandipiti, M|87\/100\n|switch|p2a: Landorus|Landorus, M|100\/100\n|turn|7\n|\n|t:|1697692414\n|move|p2a: Landorus|Sandsear Storm|p1a: DEMEKIN|[spread] p1a,p1b\n|-supereffective|p1a: DEMEKIN\n|-supereffective|p1b: D.J.GOLD\n|-damage|p1a: DEMEKIN|0 fnt\n|-damage|p1b: D.J.GOLD|0 fnt\n|faint|p1a: DEMEKIN\n|faint|p1b: D.J.GOLD\n|move|p2b: Fezandipiti|Dazzling Gleam|p1: DEMEKIN|[notarget]\n|-fail|p2b: Fezandipiti\n|\n|upkeep\n|-message|Konpekiseeker forfeited.\n|\n|win|Thehombre\n|raw|Konpekiseeker's rating: 1109 &rarr; <strong>1083<\/strong><br \/>(-26 for losing)\n|raw|Thehombre's rating: 1089 &rarr; <strong>1117<\/strong><br \/>(+28 for winning)\n|l|\u2606Konpekiseeker\n","uploadtime":1697692423,"views":12,"p1id":"konpekiseeker","p2id":"thehombre","formatid":"gen9doublesou","rating":1083,"private":0,"password":""}