{"id":"gen9doublesou-1977834674","p1":"tywin26","p2":"peeweepeewee","format":"[Gen 9] Doubles OU","log":"|j|\u2606tywin26\n|j|\u2606peeweepeewee\n|t:|1698455386\n|gametype|doubles\n|player|p1|tywin26|102|1556\n|player|p2|peeweepeewee|102|1490\n|teamsize|p1|6\n|teamsize|p2|6\n|gen|9\n|tier|[Gen 9] Doubles OU\n|rated|\n|rule|Species Clause: Limit one of each Pok\u00e9mon\n|rule|OHKO Clause: OHKO moves are banned\n|rule|Evasion Moves Clause: Evasion moves are banned\n|rule|Gravity Sleep Clause: The combination of sleep-inducing moves with imperfect accuracy and Gravity or Gigantamax Orbeetle are banned\n|rule|Endless Battle Clause: Forcing endless battles is banned\n|rule|HP Percentage Mod: HP is shown in percentages\n|clearpoke\n|poke|p1|Tsareena, F|\n|poke|p1|Roaring Moon|\n|poke|p1|Murkrow, M|\n|poke|p1|Torkoal, L99, F|\n|poke|p1|Chi-Yu|\n|poke|p1|Flutter Mane|\n|poke|p2|Iron Hands|\n|poke|p2|Chien-Pao|\n|poke|p2|Dragonite, M|\n|poke|p2|Meowscarada, M|\n|poke|p2|Flutter Mane|\n|poke|p2|Tornadus, M|\n|teampreview\n|\n|t:|1698455417\n|start\n|switch|p1a: Torkoal|Torkoal, L99, F|100\/100\n|switch|p1b: Chi-Yu|Chi-Yu|100\/100\n|switch|p2a: Chien-Pao|Chien-Pao|100\/100\n|switch|p2b: Dragonite|Dragonite, M|100\/100\n|-ability|p1b: Chi-Yu|Beads of Ruin\n|-ability|p2a: Chien-Pao|Sword of Ruin\n|-weather|SunnyDay|[from] ability: Drought|[of] p1a: Torkoal\n|turn|1\n|inactive|Battle timer is ON: inactive players will automatically lose when time's up. (requested by peeweepeewee)\n|\n|t:|1698455456\n|switch|p1a: Tsareena|Tsareena, F|100\/100\n|-terastallize|p2b: Dragonite|Normal\n|move|p2b: Dragonite|Extreme Speed||[still]\n|cant|p1a: Tsareena|ability: Queenly Majesty|Extreme Speed|[of] p2b: Dragonite\n|move|p1b: Chi-Yu|Will-O-Wisp|p2a: Chien-Pao\n|-status|p2a: Chien-Pao|brn\n|move|p2a: Chien-Pao|Sacred Sword|p1a: Tsareena\n|-damage|p1a: Tsareena|78\/100\n|\n|-weather|SunnyDay|[upkeep]\n|-damage|p2a: Chien-Pao|95\/100 brn|[from] brn\n|upkeep\n|turn|2\n|\n|t:|1698455478\n|switch|p2b: Iron Hands|Iron Hands|100\/100\n|switch|p1a: Torkoal|Torkoal, L99, F|100\/100\n|move|p1b: Chi-Yu|Will-O-Wisp|p2b: Iron Hands\n|-status|p2b: Iron Hands|brn\n|move|p2a: Chien-Pao|Ice Spinner|p1a: Torkoal\n|-resisted|p1a: Torkoal\n|-damage|p1a: Torkoal|91\/100\n|\n|-weather|SunnyDay|[upkeep]\n|-heal|p1a: Torkoal|97\/100|[from] item: Leftovers\n|-damage|p2a: Chien-Pao|89\/100 brn|[from] brn\n|-damage|p2b: Iron Hands|94\/100 brn|[from] brn\n|upkeep\n|turn|3\n|\n|t:|1698455493\n|switch|p1b: Tsareena|Tsareena, F|78\/100\n|move|p2a: Chien-Pao|Sacred Sword|p1b: Tsareena\n|-damage|p1b: Tsareena|55\/100\n|move|p2b: Iron Hands|Brick Break|p1b: Tsareena\n|-damage|p1b: Tsareena|27\/100\n|move|p1a: Torkoal|Iron Defense|p1a: Torkoal\n|-boost|p1a: Torkoal|def|2\n|\n|-weather|SunnyDay|[upkeep]\n|-heal|p1a: Torkoal|100\/100|[from] item: Leftovers\n|-damage|p2a: Chien-Pao|83\/100 brn|[from] brn\n|-damage|p2b: Iron Hands|88\/100 brn|[from] brn\n|upkeep\n|turn|4\n|\n|t:|1698455510\n|switch|p1b: Murkrow|Murkrow, M|100\/100\n|move|p2a: Chien-Pao|Sacred Sword|p1b: Murkrow\n|-damage|p1b: Murkrow|77\/100\n|move|p2b: Iron Hands|Brick Break|p1b: Murkrow\n|-damage|p1b: Murkrow|46\/100\n|move|p1a: Torkoal|Body Press|p2a: Chien-Pao\n|-supereffective|p2a: Chien-Pao\n|-damage|p2a: Chien-Pao|0 fnt\n|faint|p2a: Chien-Pao\n|\n|-weather|SunnyDay|[upkeep]\n|-damage|p2b: Iron Hands|82\/100 brn|[from] brn\n|upkeep\n|\n|t:|1698455519\n|switch|p2a: Tornadus|Tornadus, M|100\/100\n|turn|5\n|\n|t:|1698455531\n|move|p2a: Tornadus|Rain Dance|p2a: Tornadus\n|-weather|RainDance\n|move|p1b: Murkrow|Tailwind|p1b: Murkrow\n|-sidestart|p1: tywin26|move: Tailwind\n|move|p2b: Iron Hands|Thunder Punch|p1b: Murkrow\n|-supereffective|p1b: Murkrow\n|-damage|p1b: Murkrow|0 fnt\n|faint|p1b: Murkrow\n|move|p1a: Torkoal|Iron Defense|p1a: Torkoal\n|-boost|p1a: Torkoal|def|2\n|\n|-weather|RainDance|[upkeep]\n|-damage|p2b: Iron Hands|76\/100 brn|[from] brn\n|upkeep\n|\n|t:|1698455542\n|switch|p1b: Chi-Yu|Chi-Yu|100\/100\n|-ability|p1b: Chi-Yu|Beads of Ruin\n|turn|6\n|\n|t:|1698455549\n|move|p1a: Torkoal|Helping Hand|p1b: Chi-Yu\n|-singleturn|p1b: Chi-Yu|Helping Hand|[of] p1a: Torkoal\n|move|p1b: Chi-Yu|Psychic|p2b: Iron Hands\n|-supereffective|p2b: Iron Hands\n|-damage|p2b: Iron Hands|0 fnt\n|faint|p2b: Iron Hands\n|-end|p2b: Iron Hands|Quark Drive|[silent]\n|move|p2a: Tornadus|Weather Ball|p1a: Torkoal\n|-supereffective|p1a: Torkoal\n|-damage|p1a: Torkoal|0 fnt\n|faint|p1a: Torkoal\n|\n|-weather|RainDance|[upkeep]\n|upkeep\n|\n|t:|1698455562\n|switch|p2b: Flutter Mane|Flutter Mane|100\/100\n|switch|p1a: Flutter Mane|Flutter Mane|100\/100\n|-enditem|p2b: Flutter Mane|Booster Energy\n|-activate|p2b: Flutter Mane|ability: Protosynthesis|[fromitem]\n|-start|p2b: Flutter Mane|protosynthesisspe\n|turn|7\n|\n|t:|1698455573\n|switch|p1b: Tsareena|Tsareena, F|27\/100\n|-terastallize|p1a: Flutter Mane|Fairy\n|move|p2b: Flutter Mane|Protect|p2b: Flutter Mane\n|-singleturn|p2b: Flutter Mane|Protect\n|move|p1a: Flutter Mane|Shadow Ball|p2b: Flutter Mane\n|-activate|p2b: Flutter Mane|move: Protect\n|move|p2a: Tornadus|Weather Ball|p1a: Flutter Mane\n|-damage|p1a: Flutter Mane|45\/100\n|\n|-weather|RainDance|[upkeep]\n|upkeep\n|turn|8\n|\n|t:|1698455600\n|move|p1a: Flutter Mane|Dazzling Gleam|p2a: Tornadus|[spread] p2a,p2b\n|-damage|p2a: Tornadus|20\/100\n|-damage|p2b: Flutter Mane|32\/100\n|-damage|p1a: Flutter Mane|35\/100|[from] item: Life Orb\n|move|p2b: Flutter Mane|Shadow Ball|p1b: Tsareena\n|-damage|p1b: Tsareena|0 fnt\n|faint|p1b: Tsareena\n|move|p2a: Tornadus|Weather Ball|p1a: Flutter Mane\n|-damage|p1a: Flutter Mane|0 fnt\n|faint|p1a: Flutter Mane\n|-end|p1a: Flutter Mane|Protosynthesis|[silent]\n|\n|-weather|RainDance|[upkeep]\n|-sideend|p1: tywin26|move: Tailwind\n|upkeep\n|\n|t:|1698455605\n|switch|p1a: Chi-Yu|Chi-Yu|100\/100\n|switch|p1b: Roaring Moon|Roaring Moon|100\/100\n|-ability|p1a: Chi-Yu|Beads of Ruin\n|turn|9\n|\n|t:|1698455616\n|move|p2a: Tornadus|Tailwind|p2a: Tornadus\n|-sidestart|p2: peeweepeewee|move: Tailwind\n|move|p2b: Flutter Mane|Dazzling Gleam|p1b: Roaring Moon|[spread] p1a,p1b\n|-supereffective|p1b: Roaring Moon\n|-damage|p1a: Chi-Yu|62\/100\n|-damage|p1b: Roaring Moon|0 fnt\n|faint|p1b: Roaring Moon\n|-end|p1b: Roaring Moon|Protosynthesis|[silent]\n|move|p1a: Chi-Yu|Snarl|p2a: Tornadus|[spread] p2a,p2b\n|-crit|p2a: Tornadus\n|-damage|p2a: Tornadus|0 fnt\n|-damage|p2b: Flutter Mane|2\/100\n|-unboost|p2b: Flutter Mane|spa|1\n|faint|p2a: Tornadus\n|\n|-weather|none\n|upkeep\n|\n|t:|1698455621\n|switch|p2a: Dragonite|Dragonite, M, tera:Normal|100\/100\n|turn|10\n|c|\u2606peeweepeewee|keep switching in and out\n|c|\u2606peeweepeewee|really helping\n|inactive|tywin26 has 120 seconds left.\n|inactive|tywin26 has 90 seconds left.\n|inactive|tywin26 has 60 seconds left.\n|c|\u2606peeweepeewee|hello?\n|c|\u2606peeweepeewee|if ur gonna lose at least lose w dignitiy?\n|inactive|tywin26 has 30 seconds left.\n|c|\u2606tywin26|oh yeah gg :)\n|inactive|tywin26 has 20 seconds left.\n|inactive|tywin26 has 15 seconds left.\n|inactive|tywin26 has 10 seconds left.\n|c|\u2606tywin26|XD\n|inactive|tywin26 has 5 seconds left.\n|-message|tywin26 lost due to inactivity.\n|\n|win|peeweepeewee\n|raw|tywin26's rating: 1556 &rarr; <strong>1532<\/strong><br \/>(-24 for losing)\n|raw|peeweepeewee's rating: 1490 &rarr; <strong>1514<\/strong><br \/>(+24 for winning)\n","uploadtime":1698455672,"views":10,"p1id":"tywin26","p2id":"peeweepeewee","formatid":"gen9doublesou","rating":1514,"private":0,"password":""}