{"id":"gen9doublesou-1989037393","p1":"Pearsquare","p2":"WaffleMan80","format":"[Gen 9] Doubles OU","log":"|j|\u2606Pearsquare\n|j|\u2606WaffleMan80\n|t:|1699805112\n|gametype|doubles\n|player|p1|Pearsquare|caitlin|1061\n|player|p2|WaffleMan80|ghetsis|1020\n|teamsize|p1|6\n|teamsize|p2|6\n|gen|9\n|tier|[Gen 9] Doubles OU\n|rated|\n|rule|Species Clause: Limit one of each Pok\u00e9mon\n|rule|OHKO Clause: OHKO moves are banned\n|rule|Evasion Moves Clause: Evasion moves are banned\n|rule|Gravity Sleep Clause: The combination of sleep-inducing moves with imperfect accuracy and Gravity or Gigantamax Orbeetle are banned\n|rule|Endless Battle Clause: Forcing endless battles is banned\n|rule|HP Percentage Mod: HP is shown in percentages\n|clearpoke\n|poke|p1|Meloetta|\n|poke|p1|Kricketune, M|\n|poke|p1|Luxray, M|\n|poke|p1|Mienshao, M|\n|poke|p1|Kommo-o, F|\n|poke|p1|Diancie|\n|poke|p2|Iron Hands|\n|poke|p2|Gholdengo|\n|poke|p2|Arcanine-Hisui, F|\n|poke|p2|Glimmora, F|\n|poke|p2|Farigiraf, F|\n|poke|p2|Ursaluna-Bloodmoon, M|\n|teampreview\n|\n|t:|1699805136\n|start\n|switch|p1a: Tazi|Luxray, M, shiny|100\/100\n|switch|p1b: Ein|Mienshao, M|100\/100\n|switch|p2a: Glimmora|Glimmora, F|100\/100\n|switch|p2b: Iron Hands|Iron Hands, shiny|100\/100\n|-ability|p1a: Tazi|Intimidate|boost\n|-unboost|p2a: Glimmora|atk|1\n|-unboost|p2b: Iron Hands|atk|1\n|turn|1\n|\n|t:|1699805183\n|move|p2a: Glimmora|Spiky Shield|p2a: Glimmora\n|-singleturn|p2a: Glimmora|move: Protect\n|move|p1b: Ein|Fake Out|p2b: Iron Hands\n|-damage|p2b: Iron Hands|92\/100\n|move|p1a: Tazi|Psychic Fangs|p2b: Iron Hands\n|-supereffective|p2b: Iron Hands\n|-damage|p2b: Iron Hands|38\/100\n|-enditem|p2b: Iron Hands|Sitrus Berry|[eat]\n|-heal|p2b: Iron Hands|63\/100|[from] item: Sitrus Berry\n|cant|p2b: Iron Hands|flinch\n|\n|upkeep\n|turn|2\n|\n|t:|1699805201\n|move|p1b: Ein|Helping Hand|p1a: Tazi\n|-singleturn|p1a: Tazi|Helping Hand|[of] p1b: Ein\n|move|p2a: Glimmora|Stealth Rock|p1b: Ein\n|-sidestart|p1: Pearsquare|move: Stealth Rock\n|move|p1a: Tazi|Psychic Fangs|p2b: Iron Hands\n|-supereffective|p2b: Iron Hands\n|-damage|p2b: Iron Hands|0 fnt\n|faint|p2b: Iron Hands\n|-end|p2b: Iron Hands|Quark Drive|[silent]\n|\n|upkeep\n|\n|t:|1699805215\n|switch|p2b: Arcanine|Arcanine-Hisui, F|100\/100\n|turn|3\n|\n|t:|1699805243\n|switch|p1a: Aphrodite|Diancie|100\/100\n|-damage|p1a: Aphrodite|88\/100|[from] Stealth Rock\n|move|p2a: Glimmora|Spiky Shield|p2a: Glimmora\n|-singleturn|p2a: Glimmora|move: Protect\n|move|p2b: Arcanine|Extreme Speed|p1a: Aphrodite\n|-resisted|p1a: Aphrodite\n|-damage|p1a: Aphrodite|74\/100\n|move|p1b: Ein|Close Combat|p2b: Arcanine\n|-supereffective|p2b: Arcanine\n|-damage|p2b: Arcanine|0 fnt\n|-unboost|p1b: Ein|def|1\n|-unboost|p1b: Ein|spd|1\n|faint|p2b: Arcanine\n|\n|upkeep\n|\n|t:|1699805261\n|switch|p2b: Gholdengo|Gholdengo|100\/100\n|turn|4\n|\n|t:|1699805308\n|switch|p1b: Beatrice|Kricketune, M|100\/100\n|-damage|p1b: Beatrice|75\/100|[from] Stealth Rock\n|move|p2b: Gholdengo|Make It Rain|p1b: Beatrice|[spread] p1a,p1b\n|-supereffective|p1a: Aphrodite\n|-damage|p1a: Aphrodite|0 fnt\n|-damage|p1b: Beatrice|0 fnt\n|-unboost|p2b: Gholdengo|spa|1\n|faint|p1a: Aphrodite\n|faint|p1b: Beatrice\n|move|p2a: Glimmora|Sludge Bomb|p1: Aphrodite|[notarget]\n|-fail|p2a: Glimmora\n|\n|upkeep\n|\n|t:|1699805346\n|switch|p1b: Artemis|Kommo-o, F|100\/100\n|switch|p1a: Tazi|Luxray, M, shiny|100\/100\n|-damage|p1b: Artemis|94\/100|[from] Stealth Rock\n|-damage|p1a: Tazi|88\/100|[from] Stealth Rock\n|-ability|p1a: Tazi|Intimidate|boost\n|-unboost|p2a: Glimmora|atk|1\n|-unboost|p2b: Gholdengo|atk|1\n|turn|5\n|\n|t:|1699805363\n|switch|p2b: Farigiraf|Farigiraf, F|100\/100\n|move|p1b: Artemis|Clanging Scales|p2a: Glimmora|[spread] p2a,p2b\n|-damage|p2a: Glimmora|62\/100\n|-damage|p2b: Farigiraf|66\/100\n|-unboost|p1b: Artemis|def|1\n|-enditem|p1b: Artemis|Throat Spray\n|-boost|p1b: Artemis|spa|1|[from] item: Throat Spray\n|move|p2a: Glimmora|Sludge Bomb|p1b: Artemis\n|-immune|p1b: Artemis|[from] ability: Bulletproof\n|move|p1a: Tazi|Wild Charge|p2b: Farigiraf\n|-damage|p2b: Farigiraf|0 fnt\n|faint|p2b: Farigiraf\n|-damage|p1a: Tazi|66\/100|[from] Recoil\n|\n|upkeep\n|\n|t:|1699805380\n|switch|p2b: Ursaluna|Ursaluna-Bloodmoon, M|100\/100\n|turn|6\n|\n|t:|1699805395\n|switch|p1a: Ein|Mienshao, M|100\/100\n|move|p2a: Glimmora|Spiky Shield|p2a: Glimmora\n|-singleturn|p2a: Glimmora|move: Protect\n|move|p1b: Artemis|Clanging Scales|p2b: Ursaluna|[spread] p2b\n|-activate|p2a: Glimmora|move: Protect\n|-damage|p2b: Ursaluna|45\/100\n|-unboost|p1b: Artemis|def|1\n|move|p2b: Ursaluna|Hyper Voice|p1b: Artemis|[spread] p1a,p1b\n|-damage|p1a: Ein|24\/100\n|-damage|p1b: Artemis|50\/100\n|-enditem|p2b: Ursaluna|Throat Spray\n|-boost|p2b: Ursaluna|spa|1|[from] item: Throat Spray\n|\n|upkeep\n|turn|7\n|\n|t:|1699805419\n|move|p2b: Ursaluna|Protect|p2b: Ursaluna\n|-singleturn|p2b: Ursaluna|Protect\n|move|p1a: Ein|Fake Out|p2b: Ursaluna\n|-activate|p2b: Ursaluna|move: Protect\n|move|p1b: Artemis|Clanging Scales|p2b: Ursaluna|[spread] p2a\n|-activate|p2b: Ursaluna|move: Protect\n|-damage|p2a: Glimmora|3\/100\n|-unboost|p1b: Artemis|def|1\n|move|p2a: Glimmora|Mortal Spin|p1b: Artemis|[spread] p1a,p1b\n|-damage|p1a: Ein|20\/100\n|-damage|p1b: Artemis|44\/100\n|-status|p1a: Ein|psn\n|-status|p1b: Artemis|psn\n|\n|-damage|p1a: Ein|7\/100 psn|[from] psn\n|-damage|p1b: Artemis|32\/100 psn|[from] psn\n|upkeep\n|turn|8\n|\n|t:|1699805439\n|move|p1a: Ein|Helping Hand|p1b: Artemis\n|-singleturn|p1b: Artemis|Helping Hand|[of] p1a: Ein\n|move|p2a: Glimmora|Spiky Shield|p2a: Glimmora\n|-singleturn|p2a: Glimmora|move: Protect\n|move|p1b: Artemis|Clanging Scales|p2b: Ursaluna|[spread] p2b\n|-activate|p2a: Glimmora|move: Protect\n|-damage|p2b: Ursaluna|0 fnt\n|faint|p2b: Ursaluna\n|-unboost|p1b: Artemis|def|1\n|\n|-damage|p1a: Ein|0 fnt|[from] psn\n|faint|p1a: Ein\n|-damage|p1b: Artemis|20\/100 psn|[from] psn\n|upkeep\n|\n|t:|1699805452\n|switch|p1a: Tazi|Luxray, M, shiny|66\/100\n|switch|p2b: Gholdengo|Gholdengo|100\/100\n|-damage|p1a: Tazi|54\/100|[from] Stealth Rock\n|-ability|p1a: Tazi|Intimidate|boost\n|-unboost|p2a: Glimmora|atk|1\n|-unboost|p2b: Gholdengo|atk|1\n|turn|9\n|\n|t:|1699805466\n|move|p1b: Artemis|Clanging Scales|p2a: Glimmora|[spread] p2a,p2b\n|-resisted|p2b: Gholdengo\n|-damage|p2a: Glimmora|0 fnt\n|-damage|p2b: Gholdengo|72\/100\n|faint|p2a: Glimmora\n|-unboost|p1b: Artemis|def|1\n|move|p2b: Gholdengo|Nasty Plot|p2b: Gholdengo\n|-boost|p2b: Gholdengo|spa|2\n|move|p1a: Tazi|Wild Charge|p2b: Gholdengo\n|-damage|p2b: Gholdengo|2\/100\n|-damage|p1a: Tazi|33\/100|[from] Recoil\n|\n|-heal|p2b: Gholdengo|8\/100|[from] item: Leftovers\n|-damage|p1b: Artemis|7\/100 psn|[from] psn\n|upkeep\n|turn|10\n|\n|t:|1699805486\n|move|p2b: Gholdengo|Protect|p2b: Gholdengo\n|-singleturn|p2b: Gholdengo|Protect\n|move|p1b: Artemis|Clanging Scales|p2b: Gholdengo\n|-activate|p2b: Gholdengo|move: Protect\n|move|p1a: Tazi|Wild Charge|p2b: Gholdengo\n|-activate|p2b: Gholdengo|move: Protect\n|\n|-heal|p2b: Gholdengo|15\/100|[from] item: Leftovers\n|-damage|p1b: Artemis|0 fnt|[from] psn\n|faint|p1b: Artemis\n|upkeep\n|\n|t:|1699805496\n|switch|p1b: Aria|Meloetta|100\/100\n|-damage|p1b: Aria|88\/100|[from] Stealth Rock\n|turn|11\n|\n|t:|1699805506\n|-terastallize|p2b: Gholdengo|Dragon\n|move|p1b: Aria|Psychic|p2b: Gholdengo\n|-damage|p2b: Gholdengo|0 fnt\n|faint|p2b: Gholdengo\n|\n|win|Pearsquare\n|raw|Pearsquare's rating: 1061 &rarr; <strong>1088<\/strong><br \/>(+27 for winning)\n|raw|WaffleMan80's rating: 1020 &rarr; <strong>1009<\/strong><br \/>(-11 for losing)\n|c|\u2606WaffleMan80|gg\n|l|\u2606WaffleMan80\n|c|\u2606Pearsquare|Gg\n","uploadtime":1699805517,"views":17,"p1id":"pearsquare","p2id":"waffleman80","formatid":"gen9doublesou","rating":1009,"private":0,"password":""}