{"id":"gen9doublesou-1994522057","p1":"rickiyra","p2":"Metal Jester","format":"[Gen 9] Doubles OU","log":"|j|\u2606rickiyra\n|j|\u2606Metal Jester\n|t:|1700454115\n|gametype|doubles\n|player|p1|rickiyra|101|1399\n|player|p2|Metal Jester|ingo|1327\n|teamsize|p1|6\n|teamsize|p2|6\n|gen|9\n|tier|[Gen 9] Doubles OU\n|rated|\n|rule|Species Clause: Limit one of each Pok\u00e9mon\n|rule|OHKO Clause: OHKO moves are banned\n|rule|Evasion Moves Clause: Evasion moves are banned\n|rule|Gravity Sleep Clause: The combination of sleep-inducing moves with imperfect accuracy and Gravity or Gigantamax Orbeetle are banned\n|rule|Endless Battle Clause: Forcing endless battles is banned\n|rule|HP Percentage Mod: HP is shown in percentages\n|clearpoke\n|poke|p1|Basculegion-F, F|\n|poke|p1|Regieleki|\n|poke|p1|Pelipper, M|\n|poke|p1|Flutter Mane|\n|poke|p1|Okidogi, M|\n|poke|p1|Tornadus, M|\n|poke|p2|Scizor, M|\n|poke|p2|Scyther, M|\n|poke|p2|Kleavor, M|\n|poke|p2|Barraskewda, M|\n|poke|p2|Chien-Pao|\n|poke|p2|Frosmoth, M|\n|teampreview\n|inactive|Battle timer is ON: inactive players will automatically lose when time's up. (requested by Metal Jester)\n|\n|t:|1700454144\n|start\n|switch|p1a: Regieleki|Regieleki, shiny|100\/100\n|switch|p1b: Tornadus|Tornadus, M|100\/100\n|switch|p2a: Chien-Pao|Chien-Pao|100\/100\n|switch|p2b: Scizor|Scizor, M|100\/100\n|-ability|p2a: Chien-Pao|Sword of Ruin\n|turn|1\n|\n|t:|1700454158\n|move|p2a: Chien-Pao|Ice Shard|p1b: Tornadus\n|-supereffective|p1b: Tornadus\n|-damage|p1b: Tornadus|0 fnt\n|faint|p1b: Tornadus\n|move|p1a: Regieleki|Volt Switch|p2a: Chien-Pao\n|-damage|p2a: Chien-Pao|30\/100\n|\n|t:|1700454180\n|switch|p1a: Pelipper|Pelipper, M, shiny|100\/100|[from] Volt Switch\n|-weather|RainDance|[from] ability: Drizzle|[of] p1a: Pelipper\n|move|p2b: Scizor|Swords Dance|p2b: Scizor\n|-boost|p2b: Scizor|atk|2\n|\n|-weather|RainDance|[upkeep]\n|upkeep\n|inactive|rickiyra has 120 seconds left.\n|\n|t:|1700454196\n|switch|p1b: Basculegion|Basculegion-F, F, shiny|100\/100\n|turn|2\n|\n|t:|1700454212\n|move|p1a: Pelipper|Protect|p1a: Pelipper\n|-singleturn|p1a: Pelipper|Protect\n|move|p2a: Chien-Pao|Ice Shard|p1b: Basculegion\n|-resisted|p1b: Basculegion\n|-damage|p1b: Basculegion|72\/100\n|move|p2b: Scizor|Bullet Punch|p1b: Basculegion\n|-resisted|p1b: Basculegion\n|-damage|p1b: Basculegion|0 fnt\n|faint|p1b: Basculegion\n|-damage|p2b: Scizor|91\/100|[from] item: Life Orb\n|\n|-weather|RainDance|[upkeep]\n|upkeep\n|inactive|rickiyra has 120 seconds left.\n|\n|t:|1700454233\n|switch|p1b: Regieleki|Regieleki, shiny|100\/100\n|turn|3\n|\n|t:|1700454245\n|move|p2a: Chien-Pao|Ice Shard|p1b: Regieleki\n|-damage|p1b: Regieleki|16\/100\n|move|p2b: Scizor|Bullet Punch|p1b: Regieleki\n|-resisted|p1b: Regieleki\n|-damage|p1b: Regieleki|0 fnt\n|faint|p1b: Regieleki\n|-damage|p2b: Scizor|81\/100|[from] item: Life Orb\n|move|p1a: Pelipper|Hurricane|p2b: Scizor\n|-crit|p2b: Scizor\n|-damage|p2b: Scizor|17\/100\n|\n|-weather|RainDance|[upkeep]\n|upkeep\n|inactive|rickiyra has 120 seconds left.\n|\n|t:|1700454256\n|switch|p1b: Okidogi|Okidogi, M|100\/100\n|turn|4\n|\n|t:|1700454262\n|move|p2a: Chien-Pao|Ice Shard|p1b: Okidogi\n|-damage|p1b: Okidogi|63\/100\n|move|p2b: Scizor|Bullet Punch|p1b: Okidogi\n|-damage|p1b: Okidogi|0 fnt\n|faint|p1b: Okidogi\n|-damage|p2b: Scizor|7\/100|[from] item: Life Orb\n|move|p1a: Pelipper|Hurricane|p2b: Scizor\n|-damage|p2b: Scizor|0 fnt\n|faint|p2b: Scizor\n|\n|-weather|RainDance|[upkeep]\n|upkeep\n|\n|t:|1700454275\n|switch|p1b: Flutter Mane|Flutter Mane|100\/100\n|switch|p2b: Barraskewda|Barraskewda, M, shiny|100\/100\n|-enditem|p1b: Flutter Mane|Booster Energy\n|-activate|p1b: Flutter Mane|ability: Protosynthesis|[fromitem]\n|-start|p1b: Flutter Mane|protosynthesisspe\n|turn|5\n|\n|t:|1700454294\n|move|p2b: Barraskewda|Aqua Jet|p1b: Flutter Mane\n|-damage|p1b: Flutter Mane|0 fnt\n|faint|p1b: Flutter Mane\n|-end|p1b: Flutter Mane|Protosynthesis|[silent]\n|move|p2a: Chien-Pao|Ice Shard|p1a: Pelipper\n|-damage|p1a: Pelipper|68\/100\n|move|p1a: Pelipper|Hurricane|p2a: Chien-Pao\n|-damage|p2a: Chien-Pao|0 fnt\n|faint|p2a: Chien-Pao\n|\n|-weather|none\n|upkeep\n|-message|rickiyra forfeited.\n|\n|win|Metal Jester\n|raw|rickiyra's rating: 1399 &rarr; <strong>1375<\/strong><br \/>(-24 for losing)\n|raw|Metal Jester's rating: 1327 &rarr; <strong>1351<\/strong><br \/>(+24 for winning)\n|l|\u2606rickiyra\n","uploadtime":1700454312,"views":11,"p1id":"rickiyra","p2id":"metaljester","formatid":"gen9doublesou","rating":1351,"private":0,"password":""}