{"id":"gen9doublesou-1971022676","p1":"sdafsa","p2":"TheEliteNerd","format":"[Gen 9] Doubles OU","log":"|j|\u2606sdafsa\n|j|\u2606TheEliteNerd\n|t:|1697694070\n|gametype|doubles\n|player|p1|sdafsa|2|1077\n|player|p2|TheEliteNerd|hilbert-wonderlauncher|1046\n|teamsize|p1|6\n|teamsize|p2|6\n|gen|9\n|tier|[Gen 9] Doubles OU\n|rated|\n|rule|Species Clause: Limit one of each Pok\u00e9mon\n|rule|OHKO Clause: OHKO moves are banned\n|rule|Evasion Moves Clause: Evasion moves are banned\n|rule|Gravity Sleep Clause: The combination of sleep-inducing moves with imperfect accuracy and Gravity or Gigantamax Orbeetle are banned\n|rule|Endless Battle Clause: Forcing endless battles is banned\n|rule|HP Percentage Mod: HP is shown in percentages\n|clearpoke\n|poke|p1|Trevenant, M|\n|poke|p1|Azumarill, M|\n|poke|p1|Drifblim, M|\n|poke|p1|Muk-Alola, M|\n|poke|p1|Raichu, M|\n|poke|p1|Pincurchin, F|\n|poke|p2|Gliscor, M|\n|poke|p2|Gastrodon-East, F|\n|poke|p2|Mamoswine, M|\n|poke|p2|Iron Treads|\n|poke|p2|Ursaluna-Bloodmoon, M|\n|poke|p2|Toedscruel, M|\n|teampreview\n|c|\u2606TheEliteNerd|Glhf\n|c|\u2606sdafsa|u2\n|\n|t:|1697694100\n|start\n|switch|p1a: Pincurchin|Pincurchin, F|100\/100\n|switch|p1b: omg daniella|Drifblim, M|100\/100\n|switch|p2a: Tronphan|Iron Treads|100\/100\n|switch|p2b: Manny|Mamoswine, M|100\/100\n|-fieldstart|move: Electric Terrain|[from] ability: Electric Surge|[of] p1a: Pincurchin\n|-activate|p2a: Tronphan|ability: Quark Drive\n|-start|p2a: Tronphan|quarkdrivedef\n|-enditem|p1b: omg daniella|Electric Seed\n|-boost|p1b: omg daniella|def|1|[from] item: Electric Seed\n|turn|1\n|\n|t:|1697694130\n|move|p2b: Manny|Ice Shard|p1b: omg daniella\n|-supereffective|p1b: omg daniella\n|-damage|p1b: omg daniella|47\/100\n|-damage|p2b: Manny|91\/100|[from] item: Life Orb\n|move|p1b: omg daniella|Destiny Bond|p1b: omg daniella\n|-singlemove|p1b: omg daniella|Destiny Bond\n|move|p2a: Tronphan|Iron Defense|p2a: Tronphan\n|-boost|p2a: Tronphan|def|2\n|move|p1a: Pincurchin|Substitute|p1a: Pincurchin\n|-start|p1a: Pincurchin|Substitute\n|-damage|p1a: Pincurchin|76\/100\n|\n|upkeep\n|turn|2\n|c|\u2606sdafsa|!dt ice shard\n|raw|<ul class=\"utilichart\"><li class=\"result\"><span class=\"col movenamecol\"><a href=\"https:\/\/dex.pokemonshowdown.com\/moves\/iceshard\">Ice Shard<\/a><\/span> <span class=\"col typecol\"><img src=\"\/\/play.pokemonshowdown.com\/sprites\/types\/Ice.png\" alt=\"Ice\" width=\"32\" height=\"14\"><img src=\"\/\/play.pokemonshowdown.com\/sprites\/categories\/Physical.png\" alt=\"Physical\" width=\"32\" height=\"14\"><\/span> <span class=\"col labelcol\"><em>Power<\/em><br>40<\/span> <span class=\"col widelabelcol\"><em>Accuracy<\/em><br>100%<\/span> <span class=\"col pplabelcol\"><em>PP<\/em><br>48<\/span> <span class=\"col movedesccol\">Usually goes first.<\/span> <\/li><li style=\"clear:both\"><\/li><\/ul>\n|raw|<font size=\"1\"><font color=\"#686868\">Priority:<\/font> 1&nbsp;|&ThickSpace;<font color=\"#686868\">Gen:<\/font> 4&nbsp;|&ThickSpace;<font color=\"#686868\">Z-Power:<\/font> 100&nbsp;|&ThickSpace;<font color=\"#686868\">Dynamax Power:<\/font> 90&nbsp;|&ThickSpace;<font color=\"#686868\">Target:<\/font> One Adjacent Pok\u00e9mon<\/font>\n\n|\n|t:|1697694155\n|move|p1b: omg daniella|Shadow Ball|p2a: Tronphan\n|-damage|p2a: Tronphan|46\/100\n|-unboost|p2a: Tronphan|spd|1\n|move|p2a: Tronphan|Body Press|p1a: Pincurchin\n|-end|p1a: Pincurchin|Substitute\n|move|p2b: Manny|Knock Off|p1a: Pincurchin\n|-crit|p1a: Pincurchin\n|-damage|p1a: Pincurchin|18\/100\n|-damage|p2b: Manny|74\/100|[from] item: Rocky Helmet|[of] p1a: Pincurchin\n|-enditem|p1a: Pincurchin|Rocky Helmet|[from] move: Knock Off|[of] p2b: Manny\n|-damage|p2b: Manny|64\/100|[from] item: Life Orb\n|move|p1a: Pincurchin|Substitute|p1a: Pincurchin\n|-fail|p1a: Pincurchin|move: Substitute|[weak]\n|\n|upkeep\n|turn|3\n|\n|t:|1697694187\n|switch|p1a: Azumarill|Azumarill, M|100\/100\n|move|p2b: Manny|Ice Shard|p1b: omg daniella\n|-supereffective|p1b: omg daniella\n|-damage|p1b: omg daniella|0 fnt\n|faint|p1b: omg daniella\n|-damage|p2b: Manny|54\/100|[from] item: Life Orb\n|move|p2a: Tronphan|Rapid Spin|p1a: Azumarill\n|-damage|p1a: Azumarill|88\/100\n|-boost|p2a: Tronphan|spe|1\n|\n|upkeep\n|\n|t:|1697694201\n|switch|p1b: so like Sherry|Muk-Alola, M|100\/100\n|turn|4\n|\n|t:|1697694207\n|switch|p2b: Gastrodon|Gastrodon-East, F|100\/100\n|move|p2a: Tronphan|Body Press|p1b: so like Sherry\n|-damage|p1b: so like Sherry|52\/100\n|move|p1a: Azumarill|Belly Drum|p1a: Azumarill\n|-damage|p1a: Azumarill|38\/100\n|-setboost|p1a: Azumarill|atk|6|[from] move: Belly Drum\n|move|p1b: so like Sherry|Curse|p1b: so like Sherry\n|-unboost|p1b: so like Sherry|spe|1\n|-boost|p1b: so like Sherry|atk|1\n|-boost|p1b: so like Sherry|def|1\n|\n|upkeep\n|turn|5\n|c|\u2606sdafsa|!dt storm drain\n|raw|<ul class=\"utilichart\"><li class=\"result\"><span class=\"col namecol\"><a href=\"https:\/\/dex.pokemonshowdown.com\/abilities\/stormdrain\">Storm Drain<\/a><\/span> <span class=\"col abilitydesccol\">This Pokemon draws Water moves to itself to raise Sp. Atk by 1; Water immunity.<\/span> <\/li><li style=\"clear:both\"><\/li><\/ul>\n|raw|<font size=\"1\"><font color=\"#686868\">Gen:<\/font> 4&nbsp;|&ThickSpace;&#10003; Ignored by Mold Breaker<\/font>\n\n|\n|t:|1697694235\n|move|p1a: Azumarill|Protect|p1a: Azumarill\n|-singleturn|p1a: Azumarill|Protect\n|move|p2a: Tronphan|Body Press|p1a: Azumarill\n|-activate|p1a: Azumarill|move: Protect\n|move|p2b: Gastrodon|Earth Power|p1b: so like Sherry\n|-supereffective|p1b: so like Sherry\n|-damage|p1b: so like Sherry|2\/100\n|-enditem|p1b: so like Sherry|Iapapa Berry|[eat]\n|-heal|p1b: so like Sherry|36\/100|[from] item: Iapapa Berry\n|move|p1b: so like Sherry|Fire Punch|p2a: Tronphan\n|-supereffective|p2a: Tronphan\n|-damage|p2a: Tronphan|33\/100\n|\n|-fieldend|move: Electric Terrain\n|-end|p2a: Tronphan|Quark Drive\n|upkeep\n|-enditem|p2a: Tronphan|Booster Energy\n|-activate|p2a: Tronphan|ability: Quark Drive|[fromitem]\n|-start|p2a: Tronphan|quarkdrivedef\n|turn|6\n|\n|t:|1697694264\n|move|p2a: Tronphan|Body Press|p1a: Azumarill\n|-resisted|p1a: Azumarill\n|-damage|p1a: Azumarill|13\/100\n|-enditem|p1a: Azumarill|Iapapa Berry|[eat]\n|-heal|p1a: Azumarill|46\/100|[from] item: Iapapa Berry\n|move|p1a: Azumarill|Brick Break|p2a: Tronphan\n|-supereffective|p2a: Tronphan\n|-damage|p2a: Tronphan|0 fnt\n|faint|p2a: Tronphan\n|-end|p2a: Tronphan|Quark Drive|[silent]\n|move|p2b: Gastrodon|Earth Power|p1b: so like Sherry\n|-supereffective|p1b: so like Sherry\n|-damage|p1b: so like Sherry|0 fnt\n|faint|p1b: so like Sherry\n|\n|upkeep\n|\n|t:|1697694284\n|switch|p2a: Toedscruel|Toedscruel, M|100\/100\n|switch|p1b: lol chelsea|Trevenant, M|100\/100\n|turn|7\n|\n|t:|1697694305\n|move|p1a: Azumarill|Protect|p1a: Azumarill\n|-singleturn|p1a: Azumarill|Protect\n|move|p2a: Toedscruel|Rage Powder|p2a: Toedscruel\n|-singleturn|p2a: Toedscruel|move: Rage Powder\n|move|p1b: lol chelsea|Wood Hammer|p2b: Gastrodon\n|-supereffective|p2b: Gastrodon\n|-damage|p2b: Gastrodon|0 fnt\n|faint|p2b: Gastrodon\n|-damage|p1b: lol chelsea|63\/100|[from] Recoil\n|\n|upkeep\n|\n|t:|1697694317\n|switch|p2b: Manny|Mamoswine, M|54\/100\n|turn|8\n|c|\u2606TheEliteNerd|Wait are grass types immune to rage?\n|\n|t:|1697694365\n|move|p2b: Manny|Ice Shard|p1b: lol chelsea\n|-supereffective|p1b: lol chelsea\n|-damage|p1b: lol chelsea|4\/100\n|-enditem|p1b: lol chelsea|Sitrus Berry|[eat]\n|-heal|p1b: lol chelsea|29\/100|[from] item: Sitrus Berry\n|-damage|p2b: Manny|44\/100|[from] item: Life Orb\n|move|p1a: Azumarill|Aqua Jet|p2b: Manny\n|-supereffective|p2b: Manny\n|-damage|p2b: Manny|0 fnt\n|faint|p2b: Manny\n|move|p2a: Toedscruel|Giga Drain|p1a: Azumarill\n|-supereffective|p1a: Azumarill\n|-damage|p1a: Azumarill|15\/100\n|move|p1b: lol chelsea|Substitute|p1b: lol chelsea\n|-start|p1b: lol chelsea|Substitute\n|-damage|p1b: lol chelsea|4\/100\n|\n|-item|p1b: lol chelsea|Sitrus Berry|[from] ability: Harvest\n|upkeep\n|-enditem|p1b: lol chelsea|Sitrus Berry|[eat]\n|-heal|p1b: lol chelsea|29\/100|[from] item: Sitrus Berry\n|\n|t:|1697694392\n|switch|p2b: Jus a lil guy|Gliscor, M, shiny|100\/100\n|turn|9\n|c|\u2606sdafsa|yes since rage powder is grass\n|c|\u2606TheEliteNerd|Rage powder is bug\n|\n|t:|1697694434\n|-terastallize|p2b: Jus a lil guy|Normal\n|move|p1a: Azumarill|Aqua Jet|p2b: Jus a lil guy\n|-damage|p2b: Jus a lil guy|51\/100\n|move|p2b: Jus a lil guy|Knock Off|p1b: lol chelsea\n|-supereffective|p1b: lol chelsea\n|-end|p1b: lol chelsea|Substitute\n|move|p2a: Toedscruel|Giga Drain|p1a: Azumarill\n|-supereffective|p1a: Azumarill\n|-damage|p1a: Azumarill|0 fnt\n|faint|p1a: Azumarill\n|move|p1b: lol chelsea|Phantom Force||[still]\n|-prepare|p1b: lol chelsea|Phantom Force\n|\n|-status|p2b: Jus a lil guy|tox|[from] item: Toxic Orb\n|-item|p1b: lol chelsea|Sitrus Berry|[from] ability: Harvest\n|upkeep\n|-enditem|p1b: lol chelsea|Sitrus Berry|[eat]\n|-heal|p1b: lol chelsea|54\/100|[from] item: Sitrus Berry\n|c|\u2606sdafsa|huh\n|c|\u2606sdafsa|then i am not sure\n|c|\u2606sdafsa|!dt rage powder\n|raw|<ul class=\"utilichart\"><li class=\"result\"><span class=\"col movenamecol\"><a href=\"https:\/\/dex.pokemonshowdown.com\/moves\/ragepowder\">Rage Powder<\/a><\/span> <span class=\"col typecol\"><img src=\"\/\/play.pokemonshowdown.com\/sprites\/types\/Bug.png\" alt=\"Bug\" width=\"32\" height=\"14\"><img src=\"\/\/play.pokemonshowdown.com\/sprites\/categories\/Status.png\" alt=\"Status\" width=\"32\" height=\"14\"><\/span> <span class=\"col widelabelcol\"><em>Accuracy<\/em><br>\u2014<\/span> <span class=\"col pplabelcol\"><em>PP<\/em><br>32<\/span> <span class=\"col movedesccol\">The foes' moves target the user on the turn used.<\/span> <\/li><li style=\"clear:both\"><\/li><\/ul>\n|raw|<font size=\"1\"><font color=\"#686868\">Priority:<\/font> 2&nbsp;|&ThickSpace;<font color=\"#686868\">Gen:<\/font> 5&nbsp;|&ThickSpace;&#10003; Powder&nbsp;|&ThickSpace;<font color=\"#686868\">Z-Effect:<\/font> Restores negative stat stages to 0&nbsp;|&ThickSpace;<font color=\"#686868\">Target:<\/font> User<\/font>\n\n|\n|t:|1697694461\n|switch|p1a: Raichu|Raichu, M|100\/100\n|turn|10\n|\n|t:|1697694476\n|move|p1a: Raichu|Fake Out|p2a: Toedscruel\n|-damage|p2a: Toedscruel|90\/100\n|-enditem|p2a: Toedscruel|Red Card|[of] p1a: Raichu\n|drag|p1a: Pincurchin|Pincurchin, F|18\/100\n|-fieldstart|move: Electric Terrain|[from] ability: Electric Surge|[of] p1a: Pincurchin\n|move|p2b: Jus a lil guy|Knock Off|p1b: lol chelsea|[miss]\n|-miss|p2b: Jus a lil guy|p1b: lol chelsea\n|move|p1b: lol chelsea|Phantom Force|p2a: Toedscruel|[from]lockedmove\n|-damage|p2a: Toedscruel|48\/100\n|cant|p2a: Toedscruel|flinch\n|\n|-heal|p2b: Jus a lil guy|63\/100 tox|[from] ability: Poison Heal\n|upkeep\n|turn|11\n|\n|t:|1697694502\n|move|p2b: Jus a lil guy|Knock Off|p1b: lol chelsea\n|-supereffective|p1b: lol chelsea\n|-damage|p1b: lol chelsea|12\/100\n|move|p2a: Toedscruel|Giga Drain|p1a: Pincurchin\n|-damage|p1a: Pincurchin|0 fnt\n|-heal|p2a: Toedscruel|56\/100|[from] drain|[of] p1a: Pincurchin\n|faint|p1a: Pincurchin\n|move|p1b: lol chelsea|Substitute|p1b: lol chelsea\n|-fail|p1b: lol chelsea|move: Substitute|[weak]\n|\n|-heal|p2b: Jus a lil guy|75\/100 tox|[from] ability: Poison Heal\n|-item|p1b: lol chelsea|Sitrus Berry|[from] ability: Harvest\n|upkeep\n|-enditem|p1b: lol chelsea|Sitrus Berry|[eat]\n|-heal|p1b: lol chelsea|37\/100|[from] item: Sitrus Berry\n|\n|t:|1697694515\n|switch|p1a: Raichu|Raichu, M|100\/100\n|turn|12\n|\n|t:|1697694526\n|move|p1a: Raichu|Fake Out|p2a: Toedscruel\n|-damage|p2a: Toedscruel|45\/100\n|cant|p2a: Toedscruel|flinch\n|move|p2b: Jus a lil guy|Earthquake|p1b: lol chelsea|[spread] p2a,p1a,p1b\n|-resisted|p2a: Toedscruel\n|-supereffective|p1a: Raichu\n|-enditem|p1a: Raichu|Shuca Berry|[eat]\n|-enditem|p1a: Raichu|Shuca Berry|[weaken]\n|-resisted|p1b: lol chelsea\n|-damage|p2a: Toedscruel|28\/100\n|-damage|p1a: Raichu|32\/100\n|-damage|p1b: lol chelsea|19\/100\n|move|p1b: lol chelsea|Phantom Force||[still]\n|-prepare|p1b: lol chelsea|Phantom Force\n|\n|-heal|p2b: Jus a lil guy|88\/100 tox|[from] ability: Poison Heal\n|-item|p1b: lol chelsea|Sitrus Berry|[from] ability: Harvest\n|upkeep\n|-enditem|p1b: lol chelsea|Sitrus Berry|[eat]\n|-heal|p1b: lol chelsea|44\/100|[from] item: Sitrus Berry\n|turn|13\n|\n|t:|1697694559\n|switch|p2a: Brother Bear|Ursaluna-Bloodmoon, M|100\/100\n|move|p1a: Raichu|Discharge|p2b: Jus a lil guy|[spread] p2b\n|-miss|p1a: Raichu|p1b: lol chelsea\n|-immune|p2a: Brother Bear\n|-damage|p2b: Jus a lil guy|46\/100 tox\n|move|p2b: Jus a lil guy|Earthquake|p1a: Raichu|[spread] p2a,p1a\n|-miss|p2b: Jus a lil guy|p1b: lol chelsea\n|-supereffective|p1a: Raichu\n|-damage|p2a: Brother Bear|80\/100\n|-damage|p1a: Raichu|0 fnt\n|faint|p1a: Raichu\n|move|p1b: lol chelsea|Phantom Force|p2a: Brother Bear|[from]lockedmove\n|-immune|p2a: Brother Bear\n|\n|-heal|p2b: Jus a lil guy|59\/100 tox|[from] ability: Poison Heal\n|upkeep\n|turn|14\n|c|\u2606sdafsa|aw man\n|c|\u2606TheEliteNerd|Ggwp\n|\n|t:|1697694584\n|move|p2b: Jus a lil guy|Knock Off|p1b: lol chelsea\n|-supereffective|p1b: lol chelsea\n|-damage|p1b: lol chelsea|4\/100\n|move|p1b: lol chelsea|Wood Hammer|p2a: Brother Bear\n|-supereffective|p2a: Brother Bear\n|-damage|p2a: Brother Bear|15\/100\n|-damage|p1b: lol chelsea|0 fnt|[from] Recoil\n|faint|p1b: lol chelsea\n|\n|win|TheEliteNerd\n|raw|sdafsa's rating: 1077 &rarr; <strong>1054<\/strong><br \/>(-23 for losing)\n|raw|TheEliteNerd's rating: 1046 &rarr; <strong>1082<\/strong><br \/>(+36 for winning)\n|c|\u2606TheEliteNerd|Fun game\n|c|\u2606sdafsa|gg\n|l|\u2606sdafsa\n","uploadtime":1697694609,"views":16,"p1id":"sdafsa","p2id":"theelitenerd","formatid":"gen9doublesou","rating":1054,"private":0,"password":""}