{"id":"gen9doublesou-1985468547","p1":"Hikury","p2":"jazzcabbage2000","format":"[Gen 9] Doubles OU","log":"|j|\u2606Hikury\n|j|\u2606jazzcabbage2000\n|t:|1699377191\n|gametype|doubles\n|player|p1|Hikury|red|1060\n|player|p2|jazzcabbage2000|caitlin|1119\n|teamsize|p1|6\n|teamsize|p2|6\n|gen|9\n|tier|[Gen 9] Doubles OU\n|rated|\n|rule|Species Clause: Limit one of each Pok\u00e9mon\n|rule|OHKO Clause: OHKO moves are banned\n|rule|Evasion Moves Clause: Evasion moves are banned\n|rule|Gravity Sleep Clause: The combination of sleep-inducing moves with imperfect accuracy and Gravity or Gigantamax Orbeetle are banned\n|rule|Endless Battle Clause: Forcing endless battles is banned\n|rule|HP Percentage Mod: HP is shown in percentages\n|clearpoke\n|poke|p1|Mightyena, M|\n|poke|p1|Chansey, F|\n|poke|p1|Hypno, F|\n|poke|p1|Luxray, M|\n|poke|p1|Salamence, M|\n|poke|p1|Blissey, F|\n|poke|p2|Lucario, M|\n|poke|p2|Tornadus-Therian, M|\n|poke|p2|Sneasler, M|\n|poke|p2|Weezing-Galar, M|\n|poke|p2|Cresselia, F|\n|poke|p2|Flutter Mane|\n|teampreview\n|\n|t:|1699377212\n|start\n|switch|p1a: Chansey|Chansey, F|100\/100\n|switch|p1b: Mightyena|Mightyena, M|100\/100\n|switch|p2a: Weezing|Weezing-Galar, M|100\/100\n|switch|p2b: Sneasler|Sneasler, M|100\/100\n|-ability|p1b: Mightyena|Intimidate|boost\n|-unboost|p2a: Weezing|atk|1\n|-unboost|p2b: Sneasler|atk|1\n|-fieldstart|move: Misty Terrain|[from] ability: Misty Surge|[of] p2a: Weezing\n|turn|1\n|\n|t:|1699377236\n|move|p2b: Sneasler|Fake Out|p1b: Mightyena\n|-damage|p1b: Mightyena|92\/100\n|cant|p1b: Mightyena|flinch\n|move|p2a: Weezing|Strange Steam|p1b: Mightyena\n|-supereffective|p1b: Mightyena\n|-damage|p1b: Mightyena|12\/100\n|move|p1a: Chansey|Stealth Rock|p2a: Weezing\n|-sidestart|p2: jazzcabbage2000|move: Stealth Rock\n|\n|-heal|p1b: Mightyena|18\/100|[from] item: Leftovers\n|upkeep\n|turn|2\n|\n|t:|1699377256\n|move|p2b: Sneasler|Dire Claw|p1a: Chansey\n|-damage|p1a: Chansey|80\/100\n|move|p1b: Mightyena|Leer|p2a: Weezing|[spread] p2a,p2b\n|-unboost|p2a: Weezing|def|1\n|-unboost|p2b: Sneasler|def|1\n|move|p2a: Weezing|Strange Steam|p1b: Mightyena\n|-supereffective|p1b: Mightyena\n|-damage|p1b: Mightyena|0 fnt\n|faint|p1b: Mightyena\n|move|p1a: Chansey|Thunder Wave|p2a: Weezing|[miss]\n|-miss|p1a: Chansey|p2a: Weezing\n|\n|upkeep\n|\n|t:|1699377275\n|switch|p1b: Hypno|Hypno, F|100\/100\n|turn|3\n|\n|t:|1699377309\n|switch|p2a: Flutter Mane|Flutter Mane|100\/100\n|-damage|p2a: Flutter Mane|88\/100|[from] Stealth Rock\n|-enditem|p2a: Flutter Mane|Booster Energy\n|-activate|p2a: Flutter Mane|ability: Protosynthesis|[fromitem]\n|-start|p2a: Flutter Mane|protosynthesisspe\n|move|p2b: Sneasler|Close Combat|p1a: Chansey\n|-supereffective|p1a: Chansey\n|-damage|p1a: Chansey|25\/100\n|-unboost|p2b: Sneasler|def|1\n|-unboost|p2b: Sneasler|spd|1\n|move|p1a: Chansey|Rock Slide|p2b: Sneasler|[spread] p2a\n|-miss|p1a: Chansey|p2b: Sneasler\n|-damage|p2a: Flutter Mane|83\/100\n|move|p1b: Hypno|Trick Room|p1b: Hypno\n|-fieldstart|move: Trick Room|[of] p1b: Hypno\n|\n|upkeep\n|turn|4\n|\n|t:|1699377340\n|switch|p2b: Cresselia|Cresselia, F|100\/100\n|-damage|p2b: Cresselia|88\/100|[from] Stealth Rock\n|move|p1a: Chansey|Rock Slide|p2a: Flutter Mane|[spread] p2a,p2b\n|-damage|p2a: Flutter Mane|77\/100\n|-damage|p2b: Cresselia|86\/100\n|move|p1b: Hypno|Psychic|p2b: Cresselia\n|-resisted|p2b: Cresselia\n|-crit|p2b: Cresselia\n|-damage|p2b: Cresselia|74\/100\n|move|p2a: Flutter Mane|Shadow Ball|p1b: Hypno\n|-supereffective|p1b: Hypno\n|-damage|p1b: Hypno|52\/100\n|-unboost|p1b: Hypno|spd|1\n|\n|-heal|p2b: Cresselia|80\/100|[from] item: Leftovers\n|upkeep\n|turn|5\n|\n|t:|1699377391\n|switch|p1b: Blissey|Blissey, F|100\/100\n|-terastallize|p2a: Flutter Mane|Fairy\n|move|p1a: Chansey|Rock Slide|p2b: Cresselia|[spread] p2a,p2b\n|-damage|p2a: Flutter Mane|71\/100\n|-damage|p2b: Cresselia|78\/100\n|move|p2b: Cresselia|Calm Mind|p2b: Cresselia\n|-boost|p2b: Cresselia|spa|1\n|-boost|p2b: Cresselia|spd|1\n|move|p2a: Flutter Mane|Moonblast|p1b: Blissey\n|-damage|p1b: Blissey|74\/100\n|\n|-heal|p2b: Cresselia|84\/100|[from] item: Leftovers\n|-fieldend|Misty Terrain\n|upkeep\n|turn|6\n|\n|t:|1699377414\n|move|p1a: Chansey|Rock Slide|p2b: Cresselia|[spread] p2a,p2b\n|-crit|p2b: Cresselia\n|-damage|p2a: Flutter Mane|66\/100\n|-damage|p2b: Cresselia|81\/100\n|move|p1b: Blissey|Calm Mind|p1b: Blissey\n|-boost|p1b: Blissey|spa|1\n|-boost|p1b: Blissey|spd|1\n|move|p2b: Cresselia|Calm Mind|p2b: Cresselia\n|-boost|p2b: Cresselia|spa|1\n|-boost|p2b: Cresselia|spd|1\n|move|p2a: Flutter Mane|Taunt|p1b: Blissey\n|-start|p1b: Blissey|move: Taunt\n|\n|-heal|p2b: Cresselia|87\/100|[from] item: Leftovers\n|upkeep\n|turn|7\n|\n|t:|1699377439\n|-end|p2a: Flutter Mane|Protosynthesis|[silent]\n|switch|p2a: Lucario|Lucario, M|100\/100\n|-damage|p2a: Lucario|97\/100|[from] Stealth Rock\n|move|p1a: Chansey|Thunder Wave|p2b: Cresselia\n|-status|p2b: Cresselia|par\n|cant|p2b: Cresselia|par\n|move|p1b: Blissey|Shadow Ball|p2a: Lucario\n|-crit|p2a: Lucario\n|-damage|p2a: Lucario|50\/100\n|-unboost|p2a: Lucario|spd|1\n|\n|-heal|p2b: Cresselia|94\/100 par|[from] item: Leftovers\n|-fieldend|move: Trick Room\n|upkeep\n|turn|8\n|\n|t:|1699377466\n|switch|p1a: Salamence|Salamence, M|100\/100\n|-ability|p1a: Salamence|Intimidate|boost\n|-unboost|p2a: Lucario|atk|1\n|-unboost|p2b: Cresselia|atk|1\n|move|p2a: Lucario|Drain Punch|p1b: Blissey\n|-supereffective|p1b: Blissey\n|-damage|p1b: Blissey|28\/100\n|-heal|p2a: Lucario|100\/100|[from] drain|[of] p1b: Blissey\n|move|p1b: Blissey|Shadow Ball|p2a: Lucario\n|-damage|p2a: Lucario|46\/100\n|-unboost|p2a: Lucario|spd|1\n|cant|p2b: Cresselia|par\n|\n|-heal|p2b: Cresselia|99\/100 par|[from] item: Leftovers\n|upkeep\n|turn|9\n|\n|t:|1699377510\n|switch|p2a: Weezing|Weezing-Galar, M|100\/100\n|-damage|p2a: Weezing|88\/100|[from] Stealth Rock\n|-fieldstart|move: Misty Terrain|[from] ability: Misty Surge|[of] p2a: Weezing\n|move|p1a: Salamence|Fire Blast|p2a: Weezing\n|-damage|p2a: Weezing|62\/100\n|move|p1b: Blissey|Shadow Ball|p2a: Weezing\n|-damage|p2a: Weezing|41\/100\n|cant|p2b: Cresselia|par\n|\n|-heal|p2a: Weezing|47\/100|[from] item: Leftovers\n|-heal|p2b: Cresselia|100\/100 par|[from] item: Leftovers\n|-end|p1b: Blissey|move: Taunt\n|upkeep\n|turn|10\n|\n|t:|1699377543\n|switch|p1a: Chansey|Chansey, F|25\/100\n|switch|p2a: Flutter Mane|Flutter Mane, tera:Fairy|66\/100\n|-damage|p2a: Flutter Mane|53\/100|[from] Stealth Rock\n|move|p1b: Blissey|Rest||[still]\n|-fail|p1b: Blissey\n|move|p2b: Cresselia|Lunar Blessing|p2b: Cresselia|[spread] p2a,p2b\n|-heal|p2a: Flutter Mane|79\/100\n|-curestatus|p2b: Cresselia|par|[msg]\n|\n|upkeep\n|turn|11\n|\n|t:|1699377557\n|move|p2a: Flutter Mane|Taunt|p1b: Blissey\n|-start|p1b: Blissey|move: Taunt\n|move|p2b: Cresselia|Calm Mind|p2b: Cresselia\n|-boost|p2b: Cresselia|spa|1\n|-boost|p2b: Cresselia|spd|1\n|move|p1b: Blissey|Shadow Ball|p2a: Flutter Mane\n|-damage|p2a: Flutter Mane|57\/100\n|-unboost|p2a: Flutter Mane|spd|1\n|move|p1a: Chansey|Thunder Wave|p2a: Flutter Mane|[miss]\n|-miss|p1a: Chansey|p2a: Flutter Mane\n|\n|upkeep\n|turn|12\n|\n|t:|1699377576\n|-end|p2a: Flutter Mane|Protosynthesis|[silent]\n|switch|p2a: Sneasler|Sneasler, M|100\/100\n|-damage|p2a: Sneasler|95\/100|[from] Stealth Rock\n|move|p2b: Cresselia|Stored Power|p1b: Blissey\n|-damage|p1b: Blissey|0 fnt\n|faint|p1b: Blissey\n|move|p1a: Chansey|Rock Slide|p2a: Sneasler|[spread] p2a,p2b\n|-resisted|p2a: Sneasler\n|-damage|p2a: Sneasler|93\/100\n|-damage|p2b: Cresselia|98\/100\n|\n|-heal|p2b: Cresselia|100\/100|[from] item: Leftovers\n|upkeep\n|\n|t:|1699377587\n|switch|p1b: Salamence|Salamence, M|100\/100\n|-ability|p1b: Salamence|Intimidate|boost\n|-unboost|p2a: Sneasler|atk|1\n|-unboost|p2b: Cresselia|atk|1\n|turn|13\n|\n|t:|1699377597\n|move|p2a: Sneasler|Fake Out|p1b: Salamence\n|-damage|p1b: Salamence|86\/100\n|cant|p1b: Salamence|flinch\n|move|p2b: Cresselia|Stored Power|p1b: Salamence\n|-damage|p1b: Salamence|0 fnt\n|faint|p1b: Salamence\n|move|p1a: Chansey|Chilling Water|p2a: Sneasler\n|-damage|p2a: Sneasler|85\/100\n|-unboost|p2a: Sneasler|atk|1\n|\n|-fieldend|Misty Terrain\n|upkeep\n|\n|t:|1699377601\n|switch|p1b: Luxray|Luxray, M|100\/100\n|-ability|p1b: Luxray|Intimidate|boost\n|-unboost|p2a: Sneasler|atk|1\n|-unboost|p2b: Cresselia|atk|1\n|turn|14\n|\n|t:|1699377625\n|switch|p2a: Weezing|Weezing-Galar, M|47\/100\n|-damage|p2a: Weezing|35\/100|[from] Stealth Rock\n|-fieldstart|move: Misty Terrain|[from] ability: Misty Surge|[of] p2a: Weezing\n|move|p2b: Cresselia|Stored Power|p1b: Luxray\n|-damage|p1b: Luxray|0 fnt\n|faint|p1b: Luxray\n|move|p1a: Chansey|Thunder Wave|p2b: Cresselia\n|-status|p2b: Cresselia|par\n|\n|-heal|p2a: Weezing|41\/100|[from] item: Leftovers\n|upkeep\n|\n|t:|1699377640\n|switch|p1b: Hypno|Hypno, F|52\/100\n|turn|15\n|\n|t:|1699377654\n|move|p2a: Weezing|Destiny Bond|p2a: Weezing\n|-singlemove|p2a: Weezing|Destiny Bond\n|move|p1b: Hypno|Psychic|p2a: Weezing\n|-supereffective|p2a: Weezing\n|-damage|p2a: Weezing|0 fnt\n|faint|p2a: Weezing\n|-activate|p2a: Weezing|move: Destiny Bond\n|faint|p1b: Hypno\n|move|p1a: Chansey|Rock Slide|p2b: Cresselia\n|-damage|p2b: Cresselia|98\/100 par\n|move|p2b: Cresselia|Stored Power|p1a: Chansey\n|-damage|p1a: Chansey|0 fnt\n|faint|p1a: Chansey\n|\n|win|jazzcabbage2000\n|raw|Hikury's rating: 1042 &rarr; <strong>1029<\/strong><br \/>(-13 for losing)\n|raw|jazzcabbage2000's rating: 1119 &rarr; <strong>1139<\/strong><br \/>(+20 for winning)\n|c|\u2606jazzcabbage2000|gg\n","uploadtime":1699377673,"views":8,"p1id":"hikury","p2id":"jazzcabbage2000","formatid":"gen9doublesou","rating":1029,"private":0,"password":""}