{"id":"gen9doublesou-1970869063","p1":"LycaDanZ","p2":"SXD2002","format":"[Gen 9] Doubles OU","log":"|j|\u2606LycaDanZ\n|j|\u2606SXD2002\n|t:|1697675560\n|gametype|doubles\n|player|p1|LycaDanZ|265|1115\n|player|p2|SXD2002|silver-masters|1037\n|teamsize|p1|6\n|teamsize|p2|4\n|gen|9\n|tier|[Gen 9] Doubles OU\n|rated|\n|rule|Species Clause: Limit one of each Pok\u00e9mon\n|rule|OHKO Clause: OHKO moves are banned\n|rule|Evasion Moves Clause: Evasion moves are banned\n|rule|Gravity Sleep Clause: The combination of sleep-inducing moves with imperfect accuracy and Gravity or Gigantamax Orbeetle are banned\n|rule|Endless Battle Clause: Forcing endless battles is banned\n|rule|HP Percentage Mod: HP is shown in percentages\n|clearpoke\n|poke|p1|Shiftry, M|\n|poke|p1|Brambleghast, F|\n|poke|p1|Landorus-Therian, M|\n|poke|p1|Dragapult, F|\n|poke|p1|Lilligant-Hisui, F|\n|poke|p1|Glimmora, F|\n|poke|p2|Lurantis, F|\n|poke|p2|Murkrow, F|\n|poke|p2|Grimmsnarl, M|\n|poke|p2|Clefairy, M|\n|teampreview\n|inactive|Battle timer is ON: inactive players will automatically lose when time's up. (requested by LycaDanZ)\n|\n|t:|1697675570\n|start\n|switch|p1a: Shiftry|Shiftry, M, shiny|100\/100\n|switch|p1b: Landorus|Landorus-Therian, M, shiny|100\/100\n|switch|p2a: Grimmsnarl|Grimmsnarl, M|100\/100\n|switch|p2b: Lurantis|Lurantis, F|100\/100\n|-ability|p1b: Landorus|Intimidate|boost\n|-unboost|p2a: Grimmsnarl|atk|1\n|-boost|p2b: Lurantis|atk|1\n|turn|1\n|inactive|SXD2002 has 120 seconds left.\n|inactive|SXD2002 has 90 seconds left.\n|\n|t:|1697675631\n|move|p1a: Shiftry|Fake Out|p2b: Lurantis\n|-damage|p2b: Lurantis|86\/100\n|move|p2a: Grimmsnarl|Scary Face|p2b: Lurantis\n|-boost|p2b: Lurantis|spe|2\n|move|p1b: Landorus|Sludge Bomb|p2a: Grimmsnarl\n|-supereffective|p2a: Grimmsnarl\n|-damage|p2a: Grimmsnarl|65\/100\n|cant|p2b: Lurantis|flinch\n|\n|-heal|p2b: Lurantis|92\/100|[from] item: Leftovers\n|-heal|p2a: Grimmsnarl|72\/100|[from] item: Leftovers\n|-status|p1b: Landorus|brn|[from] item: Flame Orb\n|upkeep\n|turn|2\n|\n|t:|1697675649\n|move|p2a: Grimmsnarl|Scary Face|p2b: Lurantis\n|-boost|p2b: Lurantis|spe|2\n|move|p2b: Lurantis|Superpower|p1a: Shiftry\n|-supereffective|p1a: Shiftry\n|-damage|p1a: Shiftry|0 fnt\n|-boost|p2b: Lurantis|atk|1\n|-boost|p2b: Lurantis|def|1\n|faint|p1a: Shiftry\n|move|p1b: Landorus|Fling|p2b: Lurantis\n|-damage|p2b: Lurantis|88\/100\n|-status|p2b: Lurantis|brn\n|-enditem|p1b: Landorus|Flame Orb|[from] move: Fling\n|\n|-heal|p2b: Lurantis|94\/100 brn|[from] item: Leftovers\n|-heal|p2a: Grimmsnarl|78\/100|[from] item: Leftovers\n|-damage|p2b: Lurantis|88\/100 brn|[from] brn\n|-damage|p1b: Landorus|94\/100 brn|[from] brn\n|upkeep\n|\n|t:|1697675671\n|switch|p1a: Glimmora|Glimmora, F, shiny|100\/100\n|turn|3\n|inactive|SXD2002 has 120 seconds left.\n|inactive|SXD2002 has 90 seconds left.\n|inactive|SXD2002 has 60 seconds left.\n|\n|t:|1697675761\n|-terastallize|p2b: Lurantis|Steel\n|move|p2a: Grimmsnarl|Fake Tears|p2b: Lurantis\n|-boost|p2b: Lurantis|spd|2\n|move|p2b: Lurantis|Leaf Storm|p1a: Glimmora\n|-damage|p1a: Glimmora|64\/100\n|-boost|p2b: Lurantis|spa|2\n|move|p1b: Landorus|Sludge Bomb|p2b: Lurantis\n|-immune|p2b: Lurantis\n|move|p1a: Glimmora|Mortal Spin|p2a: Grimmsnarl|[spread] p2a\n|-immune|p2b: Lurantis\n|-supereffective|p2a: Grimmsnarl\n|-damage|p2a: Grimmsnarl|65\/100\n|-status|p2a: Grimmsnarl|psn\n|\n|-heal|p2b: Lurantis|94\/100 brn|[from] item: Leftovers\n|-heal|p1a: Glimmora|70\/100|[from] item: Black Sludge\n|-heal|p2a: Grimmsnarl|71\/100 psn|[from] item: Leftovers\n|-damage|p2a: Grimmsnarl|59\/100 psn|[from] psn\n|-damage|p2b: Lurantis|88\/100 brn|[from] brn\n|-damage|p1b: Landorus|88\/100 brn|[from] brn\n|upkeep\n|turn|4\n|inactive|SXD2002 has 60 seconds left.\n|\n|t:|1697675780\n|move|p1a: Glimmora|Spiky Shield|p1a: Glimmora\n|-singleturn|p1a: Glimmora|move: Protect\n|move|p2a: Grimmsnarl|Fake Tears|p2b: Lurantis\n|-boost|p2b: Lurantis|spd|2\n|move|p2b: Lurantis|Leaf Storm|p1a: Glimmora\n|-activate|p1a: Glimmora|move: Protect\n|move|p1b: Landorus|Sandsear Storm|p2b: Lurantis|[spread] p2a,p2b\n|-supereffective|p2b: Lurantis\n|-damage|p2a: Grimmsnarl|40\/100 psn\n|-damage|p2b: Lurantis|74\/100 brn\n|\n|-heal|p2b: Lurantis|80\/100 brn|[from] item: Leftovers\n|-heal|p1a: Glimmora|76\/100|[from] item: Black Sludge\n|-heal|p2a: Grimmsnarl|46\/100 psn|[from] item: Leftovers\n|-damage|p2a: Grimmsnarl|34\/100 psn|[from] psn\n|-damage|p2b: Lurantis|74\/100 brn|[from] brn\n|-damage|p1b: Landorus|82\/100 brn|[from] brn\n|upkeep\n|turn|5\n|\n|t:|1697675802\n|move|p2a: Grimmsnarl|Fake Tears|p2b: Lurantis\n|-boost|p2b: Lurantis|spd|2\n|move|p2b: Lurantis|Leaf Storm|p1a: Glimmora\n|-damage|p1a: Glimmora|9\/100\n|-boost|p2b: Lurantis|spa|2\n|move|p1b: Landorus|Sandsear Storm|p2b: Lurantis|[spread] p2a,p2b\n|-supereffective|p2b: Lurantis\n|-damage|p2a: Grimmsnarl|13\/100 psn\n|-damage|p2b: Lurantis|64\/100 brn\n|move|p1a: Glimmora|Stealth Rock|p2b: Lurantis\n|-sidestart|p2: SXD2002|move: Stealth Rock\n|\n|-heal|p2b: Lurantis|71\/100 brn|[from] item: Leftovers\n|-heal|p1a: Glimmora|15\/100|[from] item: Black Sludge\n|-heal|p2a: Grimmsnarl|19\/100 psn|[from] item: Leftovers\n|-damage|p2a: Grimmsnarl|7\/100 psn|[from] psn\n|-damage|p2b: Lurantis|64\/100 brn|[from] brn\n|-damage|p1b: Landorus|76\/100 brn|[from] brn\n|upkeep\n|turn|6\n|inactive|SXD2002 has 90 seconds left.\n|\n|t:|1697675827\n|move|p1a: Glimmora|Spiky Shield|p1a: Glimmora\n|-singleturn|p1a: Glimmora|move: Protect\n|move|p2a: Grimmsnarl|Scary Face|p2b: Lurantis\n|-boost|p2b: Lurantis|spe|2\n|move|p2b: Lurantis|Leaf Storm|p1b: Landorus\n|-damage|p1b: Landorus|0 fnt\n|-boost|p2b: Lurantis|spa|2\n|faint|p1b: Landorus\n|\n|-heal|p2b: Lurantis|71\/100 brn|[from] item: Leftovers\n|-heal|p1a: Glimmora|21\/100|[from] item: Black Sludge\n|-heal|p2a: Grimmsnarl|13\/100 psn|[from] item: Leftovers\n|-damage|p2a: Grimmsnarl|0 fnt|[from] psn\n|faint|p2a: Grimmsnarl\n|-damage|p2b: Lurantis|64\/100 brn|[from] brn\n|upkeep\n|inactive|SXD2002 has 90 seconds left.\n|\n|t:|1697675847\n|switch|p1b: Dragapult|Dragapult, F, shiny|100\/100\n|switch|p2a: Murkrow|Murkrow, F|100\/100\n|-damage|p2a: Murkrow|76\/100|[from] Stealth Rock\n|turn|7\n|\n|t:|1697675858\n|-terastallize|p1b: Dragapult|Dragon\n|move|p2b: Lurantis|Protect|p2b: Lurantis\n|-singleturn|p2b: Lurantis|Protect\n|move|p2a: Murkrow|Thunder Wave|p1b: Dragapult\n|-status|p1b: Dragapult|par\n|move|p1a: Glimmora|Explosion|p2a: Murkrow|[spread] p1b,p2a\n|-activate|p2b: Lurantis|move: Protect\n|-damage|p1b: Dragapult|63\/100 par\n|-damage|p2a: Murkrow|36\/100\n|faint|p1a: Glimmora\n|move|p1b: Dragapult|Dragon Darts|p2a: Murkrow\n|-damage|p2a: Murkrow|0 fnt\n|faint|p2a: Murkrow\n|\n|-heal|p2b: Lurantis|71\/100 brn|[from] item: Leftovers\n|-damage|p2b: Lurantis|64\/100 brn|[from] brn\n|upkeep\n|inactive|SXD2002 has 120 seconds left.\n|\n|t:|1697675872\n|switch|p1a: Brambleghast|Brambleghast, F, shiny|100\/100\n|switch|p2a: Clefairy|Clefairy, M|100\/100\n|-damage|p2a: Clefairy|88\/100|[from] Stealth Rock\n|turn|8\n|\n|t:|1697675887\n|switch|p1b: Lilligant|Lilligant-Hisui, F, shiny|100\/100\n|move|p2a: Clefairy|Follow Me|p2a: Clefairy\n|-singleturn|p2a: Clefairy|move: Follow Me\n|move|p2b: Lurantis|Superpower|p1b: Lilligant\n|-damage|p1b: Lilligant|63\/100\n|-boost|p2b: Lurantis|atk|1\n|-boost|p2b: Lurantis|def|1\n|move|p1a: Brambleghast|Poltergeist|p2a: Clefairy\n|-activate|p2a: Clefairy|move: Poltergeist|Eviolite\n|-damage|p2a: Clefairy|31\/100\n|\n|-heal|p2b: Lurantis|71\/100 brn|[from] item: Leftovers\n|-damage|p2b: Lurantis|64\/100 brn|[from] brn\n|upkeep\n|turn|9\n|\n|t:|1697675901\n|move|p2b: Lurantis|Pollen Puff|p1a: Brambleghast\n|-damage|p1a: Brambleghast|13\/100\n|move|p1b: Lilligant|Victory Dance|p1b: Lilligant\n|-boost|p1b: Lilligant|atk|1\n|-boost|p1b: Lilligant|def|1\n|-boost|p1b: Lilligant|spe|1\n|move|p1a: Brambleghast|Poltergeist|p2b: Lurantis\n|-activate|p2b: Lurantis|move: Poltergeist|Leftovers\n|-damage|p2b: Lurantis|46\/100 brn\n|move|p2a: Clefairy|Life Dew|p2a: Clefairy|[spread] p2a,p2b\n|-heal|p2a: Clefairy|56\/100\n|-heal|p2b: Lurantis|71\/100 brn\n|\n|-heal|p2b: Lurantis|77\/100 brn|[from] item: Leftovers\n|-heal|p1a: Brambleghast|20\/100|[from] item: Leftovers\n|-damage|p2b: Lurantis|71\/100 brn|[from] brn\n|upkeep\n|turn|10\n|\n|t:|1697675931\n|move|p1a: Brambleghast|Shadow Sneak|p2a: Clefairy\n|-damage|p2a: Clefairy|37\/100\n|move|p2b: Lurantis|Pollen Puff|p1a: Brambleghast\n|-damage|p1a: Brambleghast|0 fnt\n|faint|p1a: Brambleghast\n|move|p1b: Lilligant|Petal Blizzard|p2b: Lurantis|[spread] p2a,p2b\n|-resisted|p2b: Lurantis\n|-damage|p2a: Clefairy|0 fnt\n|-damage|p2b: Lurantis|60\/100 brn\n|faint|p2a: Clefairy\n|\n|-heal|p2b: Lurantis|66\/100 brn|[from] item: Leftovers\n|-damage|p2b: Lurantis|60\/100 brn|[from] brn\n|upkeep\n|\n|t:|1697675936\n|switch|p1a: Dragapult|Dragapult, F, shiny, tera:Dragon|63\/100 par\n|turn|11\n|\n|t:|1697675960\n|move|p2b: Lurantis|Superpower|p1b: Lilligant\n|-damage|p1b: Lilligant|31\/100\n|-boost|p2b: Lurantis|atk|1\n|-boost|p2b: Lurantis|def|1\n|move|p1b: Lilligant|Victory Dance|p1b: Lilligant\n|-boost|p1b: Lilligant|atk|1\n|-boost|p1b: Lilligant|def|1\n|-boost|p1b: Lilligant|spe|1\n|move|p1a: Dragapult|Psychic Fangs|p2b: Lurantis\n|-resisted|p2b: Lurantis\n|-damage|p2b: Lurantis|50\/100 brn\n|\n|-heal|p2b: Lurantis|56\/100 brn|[from] item: Leftovers\n|-damage|p2b: Lurantis|50\/100 brn|[from] brn\n|upkeep\n|turn|12\n|\n|t:|1697675975\n|move|p1b: Lilligant|Seed Bomb|p2b: Lurantis\n|-resisted|p2b: Lurantis\n|-damage|p2b: Lurantis|29\/100 brn\n|move|p2b: Lurantis|Superpower|p1b: Lilligant\n|-damage|p1b: Lilligant|1\/100\n|-boost|p2b: Lurantis|atk|1\n|-boost|p2b: Lurantis|def|1\n|cant|p1a: Dragapult|par\n|\n|-heal|p2b: Lurantis|35\/100 brn|[from] item: Leftovers\n|-damage|p2b: Lurantis|29\/100 brn|[from] brn\n|upkeep\n|turn|13\n|\n|t:|1697675986\n|move|p1b: Lilligant|Seed Bomb|p2b: Lurantis\n|-resisted|p2b: Lurantis\n|-damage|p2b: Lurantis|13\/100 brn\n|move|p2b: Lurantis|Superpower|p1b: Lilligant\n|-damage|p1b: Lilligant|0 fnt\n|-boost|p2b: Lurantis|atk|1\n|-boost|p2b: Lurantis|def|1\n|faint|p1b: Lilligant\n|move|p1a: Dragapult|Psychic Fangs|p2b: Lurantis\n|-resisted|p2b: Lurantis\n|-damage|p2b: Lurantis|6\/100 brn\n|\n|-heal|p2b: Lurantis|12\/100 brn|[from] item: Leftovers\n|-damage|p2b: Lurantis|6\/100 brn|[from] brn\n|upkeep\n|turn|14\n|\n|t:|1697676004\n|move|p2b: Lurantis|Protect|p2b: Lurantis\n|-singleturn|p2b: Lurantis|Protect\n|move|p1a: Dragapult|Psychic Fangs|p2b: Lurantis\n|-activate|p2b: Lurantis|move: Protect\n|\n|-heal|p2b: Lurantis|12\/100 brn|[from] item: Leftovers\n|-damage|p2b: Lurantis|6\/100 brn|[from] brn\n|upkeep\n|turn|15\n|\n|t:|1697676012\n|move|p2b: Lurantis|Superpower|p1a: Dragapult\n|-damage|p1a: Dragapult|0 fnt\n|-boost|p2b: Lurantis|def|1\n|-start|p2b: Lurantis|Disable|Superpower|[from] ability: Cursed Body|[of] p1a: Dragapult\n|faint|p1a: Dragapult\n|\n|win|SXD2002\n|raw|LycaDanZ's rating: 1115 &rarr; <strong>1084<\/strong><br \/>(-31 for losing)\n|raw|SXD2002's rating: 1037 &rarr; <strong>1079<\/strong><br \/>(+42 for winning)\n|l|\u2606LycaDanZ\n|c|\u2606SXD2002|gg\n","uploadtime":1697676022,"views":7,"p1id":"lycadanz","p2id":"sxd2002","formatid":"gen9doublesou","rating":1079,"private":0,"password":""}