{"id":"gen9doublesou-1980775848","p1":"gggghjtshiVyvanseg","p2":"V1NHTT","format":"[Gen 9] Doubles OU","log":"|j|\u2606gggghjtshiVyvanseg\n|j|\u2606V1NHTT\n|t:|1698830920\n|gametype|doubles\n|player|p1|gggghjtshiVyvanseg|101|1064\n|player|p2|V1NHTT|collector|1074\n|teamsize|p1|6\n|teamsize|p2|6\n|gen|9\n|tier|[Gen 9] Doubles OU\n|rated|\n|rule|Species Clause: Limit one of each Pok\u00e9mon\n|rule|OHKO Clause: OHKO moves are banned\n|rule|Evasion Moves Clause: Evasion moves are banned\n|rule|Gravity Sleep Clause: The combination of sleep-inducing moves with imperfect accuracy and Gravity or Gigantamax Orbeetle are banned\n|rule|Endless Battle Clause: Forcing endless battles is banned\n|rule|HP Percentage Mod: HP is shown in percentages\n|clearpoke\n|poke|p1|Sudowoodo, F|\n|poke|p1|Infernape, F|\n|poke|p1|Empoleon, F|\n|poke|p1|Iron Valiant|\n|poke|p1|Garchomp, F|\n|poke|p1|Wo-Chien|\n|poke|p2|Gliscor, F|\n|poke|p2|Pelipper, F|\n|poke|p2|Grimmsnarl, M|\n|poke|p2|Hippowdon, F|\n|poke|p2|Barraskewda, F|\n|poke|p2|Landorus-Therian, M|\n|teampreview\n|\n|t:|1698830927\n|start\n|switch|p1a: Infernape|Infernape, F|100\/100\n|switch|p1b: Wo-Chien|Wo-Chien|100\/100\n|switch|p2a: Grimmsnarl|Grimmsnarl, M, shiny|100\/100\n|switch|p2b: MaxVip|Gliscor, F, shiny|100\/100\n|-ability|p1b: Wo-Chien|Tablets of Ruin\n|turn|1\n|\n|t:|1698830946\n|move|p1a: Infernape|Fake Out|p2a: Grimmsnarl\n|-damage|p2a: Grimmsnarl|93\/100\n|cant|p2a: Grimmsnarl|flinch\n|move|p2b: MaxVip|Knock Off|p1a: Infernape\n|-resisted|p1a: Infernape\n|-damage|p1a: Infernape|83\/100\n|-enditem|p1a: Infernape|Zap Plate|[from] move: Knock Off|[of] p2b: MaxVip\n|move|p1b: Wo-Chien|Ruination|p2b: MaxVip\n|-damage|p2b: MaxVip|50\/100\n|\n|-status|p2b: MaxVip|tox|[from] item: Toxic Orb\n|upkeep\n|turn|2\n|\n|t:|1698830968\n|move|p2b: MaxVip|Protect|p2b: MaxVip\n|-singleturn|p2b: MaxVip|Protect\n|move|p2a: Grimmsnarl|Reflect|p2a: Grimmsnarl\n|-sidestart|p2: V1NHTT|Reflect\n|move|p1a: Infernape|Drain Punch|p2b: MaxVip\n|-activate|p2b: MaxVip|move: Protect\n|move|p1b: Wo-Chien|Ruination|p2a: Grimmsnarl\n|-damage|p2a: Grimmsnarl|47\/100\n|\n|-heal|p2b: MaxVip|63\/100 tox|[from] ability: Poison Heal\n|upkeep\n|turn|3\n|\n|t:|1698830995\n|switch|p2b: Pelipper|Pelipper, F, shiny|100\/100\n|-weather|RainDance|[from] ability: Drizzle|[of] p2b: Pelipper\n|move|p2a: Grimmsnarl|Parting Shot|p1a: Infernape\n|-unboost|p1a: Infernape|atk|1\n|-unboost|p1a: Infernape|spa|1\n|\n|t:|1698831004\n|switch|p2a: MaxVip|Gliscor, F, shiny|63\/100 tox|[from] Parting Shot\n|move|p1a: Infernape|Thunder Punch|p2a: MaxVip\n|-immune|p2a: MaxVip\n|move|p1b: Wo-Chien|Ruination|p2b: Pelipper\n|-damage|p2b: Pelipper|51\/100\n|\n|-weather|RainDance|[upkeep]\n|-heal|p2b: Pelipper|57\/100|[from] item: Leftovers\n|-heal|p2a: MaxVip|75\/100 tox|[from] ability: Poison Heal\n|upkeep\n|turn|4\n|\n|t:|1698831024\n|switch|p1a: Empoleon|Empoleon, F|100\/100\n|switch|p1b: Garchomp|Garchomp, F|100\/100\n|move|p2a: MaxVip|Knock Off|p1b: Garchomp\n|-damage|p1b: Garchomp|75\/100\n|-damage|p2a: MaxVip|63\/100 tox|[from] ability: Rough Skin|[of] p1b: Garchomp\n|-enditem|p1b: Garchomp|Assault Vest|[from] move: Knock Off|[of] p2a: MaxVip\n|move|p2b: Pelipper|Hurricane|p1a: Empoleon\n|-resisted|p1a: Empoleon\n|-damage|p1a: Empoleon|73\/100\n|\n|-weather|RainDance|[upkeep]\n|-heal|p2b: Pelipper|63\/100|[from] item: Leftovers\n|-heal|p2a: MaxVip|75\/100 tox|[from] ability: Poison Heal\n|upkeep\n|turn|5\n|\n|t:|1698831049\n|move|p2a: MaxVip|Earthquake|p1b: Garchomp|[spread] p1a,p1b\n|-immune|p2b: Pelipper\n|-supereffective|p1a: Empoleon\n|-crit|p1b: Garchomp\n|-damage|p1a: Empoleon|0 fnt\n|-damage|p1b: Garchomp|34\/100\n|faint|p1a: Empoleon\n|move|p2b: Pelipper|Blizzard|p1b: Garchomp\n|-supereffective|p1b: Garchomp\n|-damage|p1b: Garchomp|0 fnt\n|faint|p1b: Garchomp\n|\n|-weather|RainDance|[upkeep]\n|-heal|p2b: Pelipper|69\/100|[from] item: Leftovers\n|-heal|p2a: MaxVip|87\/100 tox|[from] ability: Poison Heal\n|upkeep\n|\n|t:|1698831070\n|switch|p1b: Infernape|Infernape, F|83\/100\n|switch|p1a: Wo-Chien|Wo-Chien|100\/100\n|-ability|p1a: Wo-Chien|Tablets of Ruin\n|turn|6\n|\n|t:|1698831093\n|move|p1b: Infernape|Fake Out|p2a: MaxVip\n|-damage|p2a: MaxVip|83\/100 tox\n|cant|p2a: MaxVip|flinch\n|move|p1a: Wo-Chien|Stun Spore|p2b: Pelipper\n|-status|p2b: Pelipper|par\n|cant|p2b: Pelipper|par\n|\n|-weather|RainDance|[upkeep]\n|-heal|p2b: Pelipper|75\/100 par|[from] item: Leftovers\n|-heal|p2a: MaxVip|95\/100 tox|[from] ability: Poison Heal\n|upkeep\n|turn|7\n|\n|t:|1698831116\n|move|p2a: MaxVip|Protect|p2a: MaxVip\n|-singleturn|p2a: MaxVip|Protect\n|move|p1b: Infernape|Thunder Punch|p2b: Pelipper\n|-supereffective|p2b: Pelipper\n|-damage|p2b: Pelipper|20\/100 par\n|move|p1a: Wo-Chien|Ruination|p2a: MaxVip\n|-activate|p2a: MaxVip|move: Protect\n|move|p2b: Pelipper|Surf|p1b: Infernape|[spread] p1a,p1b\n|-activate|p2a: MaxVip|move: Protect\n|-resisted|p1a: Wo-Chien\n|-supereffective|p1b: Infernape\n|-damage|p1a: Wo-Chien|84\/100\n|-damage|p1b: Infernape|0 fnt\n|faint|p1b: Infernape\n|\n|-weather|none\n|-heal|p1a: Wo-Chien|90\/100|[from] item: Leftovers\n|-heal|p2b: Pelipper|26\/100 par|[from] item: Leftovers\n|-heal|p2a: MaxVip|100\/100 tox|[from] ability: Poison Heal\n|upkeep\n|-message|gggghjtshiVyvanseg forfeited.\n|\n|win|V1NHTT\n|raw|gggghjtshiVyvanseg's rating: 1064 &rarr; <strong>1045<\/strong><br \/>(-19 for losing)\n|raw|V1NHTT's rating: 1074 &rarr; <strong>1102<\/strong><br \/>(+28 for winning)\n|l|\u2606gggghjtshiVyvanseg\n","uploadtime":1698831394,"views":32,"p1id":"gggghjtshivyvanseg","p2id":"v1nhtt","formatid":"gen9doublesou","rating":1045,"private":0,"password":""}