{"id":"gen9doublesou-1969565561","p1":"cotesmcgotes","p2":"mhido","format":"[Gen 9] Doubles OU","log":"|j|\u2606cotesmcgotes\n|j|\u2606mhido\n|t:|1697547745\n|gametype|doubles\n|player|p1|cotesmcgotes|flannery|1391\n|player|p2|mhido|acetrainer-gen4dp|1387\n|teamsize|p1|6\n|teamsize|p2|6\n|gen|9\n|tier|[Gen 9] Doubles OU\n|rated|\n|rule|Species Clause: Limit one of each Pok\u00e9mon\n|rule|OHKO Clause: OHKO moves are banned\n|rule|Evasion Moves Clause: Evasion moves are banned\n|rule|Gravity Sleep Clause: The combination of sleep-inducing moves with imperfect accuracy and Gravity or Gigantamax Orbeetle are banned\n|rule|Endless Battle Clause: Forcing endless battles is banned\n|rule|HP Percentage Mod: HP is shown in percentages\n|clearpoke\n|poke|p1|Manaphy|\n|poke|p1|Espathra, M|\n|poke|p1|Goodra-Hisui, F|\n|poke|p1|Ursaluna-Bloodmoon, M|\n|poke|p1|Ogerpon-Hearthflame, F|\n|poke|p1|Chien-Pao|\n|poke|p2|Kingambit, F|\n|poke|p2|Farigiraf, M|\n|poke|p2|Landorus-Therian, M|\n|poke|p2|Armarouge, M|\n|poke|p2|Indeedee-F, F|\n|poke|p2|Flutter Mane|\n|teampreview\n|\n|t:|1697547756\n|start\n|switch|p1a: Chien-Pao|Chien-Pao|100\/100\n|switch|p1b: Ursaluna|Ursaluna-Bloodmoon, M|100\/100\n|switch|p2a: Landorus|Landorus-Therian, M, shiny|100\/100\n|switch|p2b: Armarouge|Armarouge, M, shiny|100\/100\n|-ability|p2a: Landorus|Intimidate|boost\n|-unboost|p1a: Chien-Pao|atk|1\n|-unboost|p1b: Ursaluna|atk|1\n|-ability|p1a: Chien-Pao|Sword of Ruin\n|turn|1\n|inactive|Battle timer is ON: inactive players will automatically lose when time's up. (requested by cotesmcgotes)\n|\n|t:|1697547782\n|-terastallize|p2b: Armarouge|Psychic\n|move|p2a: Landorus|U-turn|p2b: Armarouge\n|-supereffective|p2b: Armarouge\n|-damage|p2b: Armarouge|29\/100\n|-ability|p2b: Armarouge|Weak Armor|boost\n|-unboost|p2b: Armarouge|def|1\n|-boost|p2b: Armarouge|spe|2\n|-enditem|p2b: Armarouge|Weakness Policy\n|-boost|p2b: Armarouge|atk|2|[from] item: Weakness Policy\n|-boost|p2b: Armarouge|spa|2|[from] item: Weakness Policy\n|\n|t:|1697547791\n|switch|p2a: Indeedee|Indeedee-F, F, shiny|100\/100|[from] U-turn\n|-fieldstart|move: Psychic Terrain|[from] ability: Psychic Surge|[of] p2a: Indeedee\n|move|p2b: Armarouge|Armor Cannon|p1a: Chien-Pao\n|-supereffective|p1a: Chien-Pao\n|-damage|p1a: Chien-Pao|0 fnt\n|-unboost|p2b: Armarouge|def|1\n|-unboost|p2b: Armarouge|spd|1\n|faint|p1a: Chien-Pao\n|move|p1b: Ursaluna|Blood Moon|p2b: Armarouge\n|-damage|p2b: Armarouge|0 fnt\n|faint|p2b: Armarouge\n|\n|upkeep\n|\n|t:|1697547816\n|switch|p1a: Goodra|Goodra-Hisui, F|100\/100\n|switch|p2b: Flutter Mane|Flutter Mane, shiny|100\/100\n|-enditem|p2b: Flutter Mane|Booster Energy\n|-activate|p2b: Flutter Mane|ability: Protosynthesis|[fromitem]\n|-start|p2b: Flutter Mane|protosynthesisspe\n|turn|2\n|\n|t:|1697547830\n|move|p2a: Indeedee|Helping Hand|p2b: Flutter Mane\n|-singleturn|p2b: Flutter Mane|Helping Hand|[of] p2a: Indeedee\n|move|p2b: Flutter Mane|Dazzling Gleam|p1b: Ursaluna|[spread] p1a,p1b\n|-damage|p1a: Goodra|75\/100\n|-damage|p1b: Ursaluna|64\/100\n|move|p1a: Goodra|Iron Head|p2b: Flutter Mane\n|-supereffective|p2b: Flutter Mane\n|-damage|p2b: Flutter Mane|0 fnt\n|faint|p2b: Flutter Mane\n|-end|p2b: Flutter Mane|Protosynthesis|[silent]\n|move|p1b: Ursaluna|Earth Power|p2a: Indeedee\n|-damage|p2a: Indeedee|47\/100\n|\n|-heal|p2a: Indeedee|53\/100|[from] item: Leftovers\n|-heal|p1a: Goodra|81\/100|[from] item: Leftovers\n|upkeep\n|\n|t:|1697547850\n|switch|p2b: Landorus|Landorus-Therian, M, shiny|100\/100\n|-ability|p2b: Landorus|Intimidate|boost\n|-unboost|p1a: Goodra|atk|1\n|-unboost|p1b: Ursaluna|atk|1\n|turn|3\n|inactive|cotesmcgotes has 120 seconds left.\n|\n|t:|1697547895\n|switch|p1a: Manaphy|Manaphy|100\/100\n|move|p2a: Indeedee|Helping Hand|p2b: Landorus\n|-singleturn|p2b: Landorus|Helping Hand|[of] p2a: Indeedee\n|move|p2b: Landorus|Earthquake|p1b: Ursaluna|[spread] p2a,p1a,p1b\n|-damage|p2a: Indeedee|0 fnt\n|-damage|p1a: Manaphy|36\/100\n|-damage|p1b: Ursaluna|17\/100\n|-enditem|p1a: Manaphy|Sitrus Berry|[eat]\n|-heal|p1a: Manaphy|61\/100|[from] item: Sitrus Berry\n|faint|p2a: Indeedee\n|move|p1b: Ursaluna|Blood Moon|p2b: Landorus\n|-damage|p2b: Landorus|1\/100\n|\n|upkeep\n|\n|t:|1697547910\n|switch|p2a: Kingambit|Kingambit, F|100\/100\n|turn|4\n|\n|t:|1697547920\n|move|p2a: Kingambit|Protect|p2a: Kingambit\n|-singleturn|p2a: Kingambit|Protect\n|move|p2b: Landorus|Earthquake|p1a: Manaphy|[spread] p1a,p1b\n|-activate|p2a: Kingambit|move: Protect\n|-damage|p1a: Manaphy|22\/100\n|-damage|p1b: Ursaluna|0 fnt\n|faint|p1b: Ursaluna\n|move|p1a: Manaphy|Scald|p2b: Landorus\n|-supereffective|p2b: Landorus\n|-damage|p2b: Landorus|0 fnt\n|faint|p2b: Landorus\n|\n|upkeep\n|\n|t:|1697547932\n|switch|p2b: Farigiraf|Farigiraf, M|100\/100\n|switch|p1b: Espathra|Espathra, M|100\/100\n|turn|5\n|\n|t:|1697547948\n|switch|p1a: Goodra|Goodra-Hisui, F|81\/100\n|move|p1b: Espathra|Protect|p1b: Espathra\n|-singleturn|p1b: Espathra|Protect\n|move|p2b: Farigiraf|Light Screen|p2b: Farigiraf\n|-sidestart|p2: mhido|move: Light Screen\n|move|p2a: Kingambit|Kowtow Cleave|p1b: Espathra\n|-activate|p1b: Espathra|move: Protect\n|\n|-heal|p1a: Goodra|87\/100|[from] item: Leftovers\n|-fieldend|move: Psychic Terrain\n|-ability|p1b: Espathra|Speed Boost|boost\n|-boost|p1b: Espathra|spe|1\n|upkeep\n|turn|6\n|inactive|cotesmcgotes has 120 seconds left.\n|\n|t:|1697547987\n|switch|p1a: Manaphy|Manaphy|22\/100\n|move|p2a: Kingambit|Sucker Punch||[still]\n|-fail|p2a: Kingambit\n|move|p1b: Espathra|Skill Swap|p1a: Manaphy\n|-activate|p1b: Espathra|move: Skill Swap|||[of] p1a: Manaphy\n|move|p2b: Farigiraf|Trick Room|p2b: Farigiraf\n|-fieldstart|move: Trick Room|[of] p2b: Farigiraf\n|\n|upkeep\n|turn|7\n|\n|t:|1697548013\n|switch|p1a: Goodra|Goodra-Hisui, F|87\/100\n|move|p2a: Kingambit|Sucker Punch||[still]\n|-fail|p2a: Kingambit\n|move|p2b: Farigiraf|Reflect|p2b: Farigiraf\n|-sidestart|p2: mhido|Reflect\n|move|p1b: Espathra|Lumina Crash|p2b: Farigiraf\n|-resisted|p2b: Farigiraf\n|-damage|p2b: Farigiraf|93\/100\n|-unboost|p2b: Farigiraf|spd|2\n|\n|-heal|p2b: Farigiraf|99\/100|[from] item: Leftovers\n|-heal|p1a: Goodra|93\/100|[from] item: Leftovers\n|upkeep\n|turn|8\n|\n|t:|1697548034\n|move|p2a: Kingambit|Kowtow Cleave|p1b: Espathra\n|-supereffective|p1b: Espathra\n|-damage|p1b: Espathra|0 fnt\n|faint|p1b: Espathra\n|move|p1a: Goodra|Acid Armor|p1a: Goodra\n|-boost|p1a: Goodra|def|2\n|move|p2b: Farigiraf|Imprison|p2b: Farigiraf\n|-start|p2b: Farigiraf|move: Imprison\n|\n|-heal|p1a: Goodra|99\/100|[from] item: Leftovers\n|-heal|p2b: Farigiraf|100\/100|[from] item: Leftovers\n|upkeep\n|\n|t:|1697548045\n|switch|p1b: Ogerpon|Ogerpon-Hearthflame, F|100\/100\n|-ability|p1b: Ogerpon|Mold Breaker\n|turn|9\n|-message|mhido forfeited.\n|\n|win|cotesmcgotes\n|raw|cotesmcgotes's rating: 1391 &rarr; <strong>1411<\/strong><br \/>(+20 for winning)\n|raw|mhido's rating: 1387 &rarr; <strong>1367<\/strong><br \/>(-20 for losing)\n|l|\u2606mhido\n","uploadtime":1697548049,"views":8,"p1id":"cotesmcgotes","p2id":"mhido","formatid":"gen9doublesou","rating":1367,"private":0,"password":""}