{"id":"gen9doublesou-1986870903","p1":"LunaryzedXD","p2":"LeaderBelle","format":"[Gen 9] Doubles OU","log":"|j|\u2606LunaryzedXD\n|j|\u2606LeaderBelle\n|t:|1699536269\n|gametype|doubles\n|player|p1|LunaryzedXD|cynthia-gen4|1180\n|player|p2|LeaderBelle|candice|1288\n|teamsize|p1|6\n|teamsize|p2|6\n|gen|9\n|tier|[Gen 9] Doubles OU\n|rated|\n|rule|Species Clause: Limit one of each Pok\u00e9mon\n|rule|OHKO Clause: OHKO moves are banned\n|rule|Evasion Moves Clause: Evasion moves are banned\n|rule|Gravity Sleep Clause: The combination of sleep-inducing moves with imperfect accuracy and Gravity or Gigantamax Orbeetle are banned\n|rule|Endless Battle Clause: Forcing endless battles is banned\n|rule|HP Percentage Mod: HP is shown in percentages\n|clearpoke\n|poke|p1|Kommo-o, M|\n|poke|p1|Snorlax, F|\n|poke|p1|Sinistcha|\n|poke|p1|Landorus-Therian, M|\n|poke|p1|Iron Hands|\n|poke|p1|Clefairy, M|\n|poke|p2|Palafin, M|\n|poke|p2|Ogerpon-Wellspring, F|\n|poke|p2|Walking Wake|\n|poke|p2|Iron Bundle|\n|poke|p2|Empoleon, F|\n|poke|p2|Qwilfish, F|\n|teampreview\n|c|\u2606LeaderBelle|Glhf\n|\n|t:|1699536283\n|start\n|switch|p1a: Kommo-o|Kommo-o, M|100\/100\n|switch|p1b: Piepi|Clefairy, M|100\/100\n|switch|p2a: President Biden|Palafin, M|100\/100\n|switch|p2b: MR OBAMA GET DOWN|Empoleon, F, shiny|100\/100\n|turn|1\n|c|\u2606LeaderBelle|Oh shit it's wolfey's team\n|c|\u2606LeaderBelle|I knew it looked familiar\n|inactive|Battle timer is ON: inactive players will automatically lose when time's up. (requested by LunaryzedXD)\n|\n|t:|1699536331\n|detailschange|p2a: President Biden|Palafin-Hero, M\n|switch|p2a: swimmy one|Qwilfish, F|100\/100\n|-ability|p2a: swimmy one|Intimidate|boost\n|-unboost|p1a: Kommo-o|atk|1\n|-unboost|p1b: Piepi|atk|1\n|move|p1b: Piepi|Follow Me|p1b: Piepi\n|-singleturn|p1b: Piepi|move: Follow Me\n|move|p1a: Kommo-o|Clangorous Soul|p1a: Kommo-o\n|-boost|p1a: Kommo-o|atk|1\n|-boost|p1a: Kommo-o|def|1\n|-boost|p1a: Kommo-o|spa|1\n|-boost|p1a: Kommo-o|spd|1\n|-boost|p1a: Kommo-o|spe|1\n|-damage|p1a: Kommo-o|68\/100\n|-enditem|p1a: Kommo-o|Throat Spray\n|-boost|p1a: Kommo-o|spa|1|[from] item: Throat Spray\n|move|p2b: MR OBAMA GET DOWN|Flash Cannon|p1b: Piepi\n|-supereffective|p1b: Piepi\n|-damage|p1b: Piepi|31\/100\n|\n|upkeep\n|turn|2\n|inactive|LeaderBelle has 120 seconds left.\n|\n|t:|1699536362\n|switch|p1b: Sinistcha|Sinistcha|100\/100\n|-heal|p1a: Kommo-o|93\/100|[from] ability: Hospitality|[of] p1b: Sinistcha\n|move|p1a: Kommo-o|Clangorous Soul|p1a: Kommo-o\n|-boost|p1a: Kommo-o|atk|1\n|-boost|p1a: Kommo-o|def|1\n|-boost|p1a: Kommo-o|spa|1\n|-boost|p1a: Kommo-o|spd|1\n|-boost|p1a: Kommo-o|spe|1\n|-damage|p1a: Kommo-o|60\/100\n|move|p2a: swimmy one|Destiny Bond|p2a: swimmy one\n|-singlemove|p2a: swimmy one|Destiny Bond\n|move|p2b: MR OBAMA GET DOWN|Flash Cannon|p1b: Sinistcha\n|-damage|p1b: Sinistcha|65\/100\n|\n|upkeep\n|turn|3\n|\n|t:|1699536384\n|move|p1a: Kommo-o|Clanging Scales|p2b: MR OBAMA GET DOWN|[spread] p2a,p2b\n|-resisted|p2b: MR OBAMA GET DOWN\n|-enditem|p2a: swimmy one|Focus Sash\n|-damage|p2a: swimmy one|1\/100\n|-damage|p2b: MR OBAMA GET DOWN|73\/100\n|-unboost|p1a: Kommo-o|def|1\n|move|p2a: swimmy one|Barb Barrage|p1a: Kommo-o\n|-damage|p1a: Kommo-o|45\/100\n|move|p1b: Sinistcha|Matcha Gotcha|p2a: swimmy one|[spread] p2a,p2b\n|-damage|p2a: swimmy one|0 fnt\n|-heal|p1b: Sinistcha|65\/100|[from] drain|[of] p2a: swimmy one\n|-damage|p2b: MR OBAMA GET DOWN|58\/100\n|-heal|p1b: Sinistcha|74\/100|[from] drain|[of] p2b: MR OBAMA GET DOWN\n|faint|p2a: swimmy one\n|move|p2b: MR OBAMA GET DOWN|Ice Beam|p1a: Kommo-o\n|-supereffective|p1a: Kommo-o\n|-damage|p1a: Kommo-o|10\/100\n|\n|upkeep\n|inactive|LeaderBelle has 120 seconds left.\n|\n|t:|1699536407\n|switch|p2a: Crocodile Tears|Ogerpon-Wellspring, F|100\/100\n|turn|4\n|inactive|LeaderBelle has 120 seconds left.\n|\n|t:|1699536435\n|switch|p1b: Piepi|Clefairy, M|31\/100\n|move|p1a: Kommo-o|Protect|p1a: Kommo-o\n|-singleturn|p1a: Kommo-o|Protect\n|move|p2a: Crocodile Tears|Ivy Cudgel|p1a: Kommo-o\n|-activate|p1a: Kommo-o|move: Protect\n|move|p2b: MR OBAMA GET DOWN|Ice Beam|p1b: Piepi\n|-damage|p1b: Piepi|7\/100\n|\n|upkeep\n|turn|5\n|inactive|LeaderBelle has 120 seconds left.\n|\n|t:|1699536463\n|switch|p1b: Sinistcha|Sinistcha|74\/100\n|-heal|p1a: Kommo-o|35\/100|[from] ability: Hospitality|[of] p1b: Sinistcha\n|-terastallize|p1a: Kommo-o|Steel\n|move|p1a: Kommo-o|Protect|p1a: Kommo-o\n|-singleturn|p1a: Kommo-o|Protect\n|move|p2a: Crocodile Tears|Horn Leech|p1b: Sinistcha\n|-resisted|p1b: Sinistcha\n|-damage|p1b: Sinistcha|57\/100\n|move|p2b: MR OBAMA GET DOWN|Ice Beam|p1a: Kommo-o\n|-activate|p1a: Kommo-o|move: Protect\n|\n|upkeep\n|turn|6\n|inactive|LeaderBelle has 120 seconds left.\n|inactive|LeaderBelle has 90 seconds left.\n|inactive|LeaderBelle has 60 seconds left.\n|inactive|LeaderBelle has 30 seconds left.\n|c|\u2606LeaderBelle|!weak meltan\n|c| LeaderBelle|\/raw <div class=\"infobox\">Meltan (ignoring abilities):<br \/><span class=\"message-effect-weak\">Weaknesses<\/span>: Fighting, Fire, Ground<br \/><span class=\"message-effect-resist\">Resistances<\/span>: Bug, Dragon, Fairy, Flying, Grass, Ice, Normal, Psychic, Rock, Steel<br \/><span class=\"message-effect-immune\">Immunities<\/span>: Poison, Sandstorm damage, Toxic<\/div>\n|c|\u2606LunaryzedXD|huh\n|inactive|LeaderBelle has 20 seconds left.\n|\n|t:|1699536579\n|move|p1a: Kommo-o|Clanging Scales|p2a: Crocodile Tears|[spread] p2a,p2b\n|-resisted|p2b: MR OBAMA GET DOWN\n|-damage|p2a: Crocodile Tears|22\/100\n|-damage|p2b: MR OBAMA GET DOWN|31\/100\n|-unboost|p1a: Kommo-o|def|1\n|move|p2a: Crocodile Tears|Ivy Cudgel|p1a: Kommo-o\n|-damage|p1a: Kommo-o|0 fnt\n|faint|p1a: Kommo-o\n|move|p1b: Sinistcha|Matcha Gotcha|p2a: Crocodile Tears|[spread] p2a,p2b\n|-damage|p2a: Crocodile Tears|0 fnt\n|-heal|p1b: Sinistcha|69\/100|[from] drain|[of] p2a: Crocodile Tears\n|-damage|p2b: MR OBAMA GET DOWN|16\/100\n|-heal|p1b: Sinistcha|77\/100|[from] drain|[of] p2b: MR OBAMA GET DOWN\n|faint|p2a: Crocodile Tears\n|move|p2b: MR OBAMA GET DOWN|Ice Beam|p1b: Sinistcha\n|-supereffective|p1b: Sinistcha\n|-damage|p1b: Sinistcha|25\/100\n|-status|p1b: Sinistcha|frz\n|\n|upkeep\n|c|\u2606LeaderBelle|Only monk stew Mon I could think of\n|inactive|LeaderBelle has 30 seconds left.\n|c|\u2606LeaderBelle|**mono steel\n|c|\u2606LunaryzedXD|!weak empoleon\n|c| LunaryzedXD|\/raw <div class=\"infobox\">Empoleon (ignoring abilities):<br \/><span class=\"message-effect-weak\">Weaknesses<\/span>: Electric, Fighting, Ground<br \/><span class=\"message-effect-resist\">Resistances<\/span>: Bug, Dragon, Fairy, Flying, <b>Ice<\/b>, Normal, Psychic, Rock, <b>Steel<\/b>, Water<br \/><span class=\"message-effect-immune\">Immunities<\/span>: Poison, Sandstorm damage, Toxic<\/div>\n|inactive|LeaderBelle has 20 seconds left.\n|inactive|LeaderBelle has 15 seconds left.\n|\n|t:|1699536610\n|switch|p2a: President Biden|Palafin-Hero, M|100\/100\n|switch|p1a: Landorus|Landorus-Therian, M|100\/100\n|-ability|p1a: Landorus|Intimidate|boost\n|-unboost|p2a: President Biden|atk|1\n|-unboost|p2b: MR OBAMA GET DOWN|atk|1\n|-ability|p2b: MR OBAMA GET DOWN|Competitive|boost\n|-boost|p2b: MR OBAMA GET DOWN|spa|2\n|-activate|p2a: President Biden|ability: Zero to Hero\n|turn|7\n|inactive|LeaderBelle has 30 seconds left.\n|\n|t:|1699536630\n|switch|p1b: Piepi|Clefairy, M|7\/100\n|switch|p2b: The Pen\u0399s (Eek!)|Walking Wake|100\/100\n|-enditem|p2b: The Pen\u0399s (Eek!)|Booster Energy\n|-activate|p2b: The Pen\u0399s (Eek!)|ability: Protosynthesis|[fromitem]\n|-start|p2b: The Pen\u0399s (Eek!)|protosynthesisspe\n|move|p1a: Landorus|Rock Slide|p2b: The Pen\u0399s (Eek!)|[spread] p2a,p2b\n|-damage|p2a: President Biden|77\/100\n|-damage|p2b: The Pen\u0399s (Eek!)|76\/100\n|cant|p2a: President Biden|flinch\n|\n|upkeep\n|turn|8\n|inactive|LeaderBelle has 30 seconds left.\n|\n|t:|1699536655\n|switch|p1a: Iron Hands|Iron Hands|100\/100\n|move|p1b: Piepi|Follow Me|p1b: Piepi\n|-singleturn|p1b: Piepi|move: Follow Me\n|move|p2b: The Pen\u0399s (Eek!)|Hydro Steam|p1b: Piepi\n|-damage|p1b: Piepi|0 fnt\n|faint|p1b: Piepi\n|move|p2a: President Biden|Bulk Up|p2a: President Biden\n|-boost|p2a: President Biden|atk|1\n|-boost|p2a: President Biden|def|1\n|\n|upkeep\n|inactive|LeaderBelle has 30 seconds left this turn.\n|\n|t:|1699536668\n|switch|p1b: Snorlax|Snorlax, F, shiny|100\/100\n|turn|9\n|\n|t:|1699536687\n|move|p1a: Iron Hands|Fake Out|p2a: President Biden\n|-damage|p2a: President Biden|65\/100\n|move|p2b: The Pen\u0399s (Eek!)|Flamethrower|p1a: Iron Hands\n|-damage|p1a: Iron Hands|84\/100\n|cant|p2a: President Biden|flinch\n|move|p1b: Snorlax|Belly Drum|p1b: Snorlax\n|-damage|p1b: Snorlax|50\/100\n|-setboost|p1b: Snorlax|atk|6|[from] move: Belly Drum\n|-enditem|p1b: Snorlax|Sitrus Berry|[eat]\n|-heal|p1b: Snorlax|75\/100|[from] item: Sitrus Berry\n|\n|upkeep\n|turn|10\n|inactive|LeaderBelle has 60 seconds left.\n|\n|t:|1699536712\n|move|p2b: The Pen\u0399s (Eek!)|Flamethrower|p1a: Iron Hands\n|-damage|p1a: Iron Hands|68\/100\n|move|p2a: President Biden|Drain Punch|p1b: Snorlax\n|-supereffective|p1b: Snorlax\n|-damage|p1b: Snorlax|26\/100\n|-heal|p2a: President Biden|98\/100|[from] drain|[of] p1b: Snorlax\n|move|p1a: Iron Hands|Wild Charge|p2a: President Biden\n|-supereffective|p2a: President Biden\n|-damage|p2a: President Biden|26\/100\n|-damage|p1a: Iron Hands|55\/100|[from] Recoil\n|move|p1b: Snorlax|Facade|p2b: The Pen\u0399s (Eek!)\n|-damage|p2b: The Pen\u0399s (Eek!)|0 fnt\n|faint|p2b: The Pen\u0399s (Eek!)\n|-end|p2b: The Pen\u0399s (Eek!)|Protosynthesis|[silent]\n|\n|upkeep\n|c|\u2606LeaderBelle|Really wishing I kept scald on this guy\n|inactive|LeaderBelle has 30 seconds left.\n|\n|t:|1699536733\n|switch|p2b: Not Real|Iron Bundle, shiny|100\/100\n|turn|11\n|inactive|LeaderBelle has 30 seconds left.\n|inactive|LeaderBelle has 20 seconds left.\n|inactive|LeaderBelle has 15 seconds left.\n|\n|t:|1699536774\n|-end|p2b: Not Real|Quark Drive|[silent]\n|switch|p2b: MR OBAMA GET DOWN|Empoleon, F, shiny|16\/100\n|-end|p1a: Iron Hands|Quark Drive|[silent]\n|switch|p1a: Sinistcha|Sinistcha|25\/100 frz\n|-heal|p1b: Snorlax|51\/100|[from] ability: Hospitality|[of] p1a: Sinistcha\n|move|p1b: Snorlax|Protect|p1b: Snorlax\n|-singleturn|p1b: Snorlax|Protect\n|move|p2a: President Biden|Drain Punch|p1b: Snorlax\n|-activate|p1b: Snorlax|move: Protect\n|\n|upkeep\n|turn|12\n|inactive|LeaderBelle has 30 seconds left.\n|inactive|LeaderBelle has 20 seconds left.\n|inactive|LeaderBelle has 15 seconds left.\n|inactive|LeaderBelle has 10 seconds left.\n|inactive|LeaderBelle has 5 seconds left.\n|\n|t:|1699536814\n|move|p1b: Snorlax|Protect||[still]\n|-fail|p1b: Snorlax\n|move|p2a: President Biden|Drain Punch|p1b: Snorlax\n|-supereffective|p1b: Snorlax\n|-damage|p1b: Snorlax|5\/100\n|-heal|p2a: President Biden|58\/100|[from] drain|[of] p1b: Snorlax\n|-curestatus|p1a: Sinistcha|frz|[from] move: Matcha Gotcha\n|move|p1a: Sinistcha|Matcha Gotcha|p2a: President Biden|[spread] p2a,p2b\n|-supereffective|p2a: President Biden\n|-damage|p2a: President Biden|7\/100\n|-heal|p1a: Sinistcha|50\/100|[from] drain|[of] p2a: President Biden\n|-damage|p2b: MR OBAMA GET DOWN|2\/100\n|-heal|p1a: Sinistcha|58\/100|[from] drain|[of] p2b: MR OBAMA GET DOWN\n|move|p2b: MR OBAMA GET DOWN|Ice Beam|p1b: Snorlax\n|-damage|p1b: Snorlax|0 fnt\n|faint|p1b: Snorlax\n|\n|upkeep\n|inactive|LeaderBelle has 10 seconds left this turn.\n|\n|t:|1699536832\n|switch|p1b: Landorus|Landorus-Therian, M|100\/100\n|-ability|p1b: Landorus|Intimidate|boost\n|-unboost|p2a: President Biden|atk|1\n|-unboost|p2b: MR OBAMA GET DOWN|atk|1\n|-ability|p2b: MR OBAMA GET DOWN|Competitive|boost\n|-boost|p2b: MR OBAMA GET DOWN|spa|2\n|turn|13\n|inactive|LeaderBelle has 30 seconds left.\n|\n|t:|1699536845\n|move|p2a: President Biden|Jet Punch|p1b: Landorus\n|-supereffective|p1b: Landorus\n|-damage|p1b: Landorus|42\/100\n|move|p1b: Landorus|Rock Slide|p2b: MR OBAMA GET DOWN|[spread] p2a,p2b\n|-resisted|p2b: MR OBAMA GET DOWN\n|-damage|p2a: President Biden|0 fnt\n|-damage|p2b: MR OBAMA GET DOWN|0 fnt\n|faint|p2a: President Biden\n|faint|p2b: MR OBAMA GET DOWN\n|move|p1a: Sinistcha|Strength Sap|p2: President Biden|[notarget]\n|-fail|p1a: Sinistcha\n|\n|upkeep\n|inactive|LeaderBelle has 30 seconds left this turn.\n|inactive|LeaderBelle has 20 seconds left.\n|\n|t:|1699536858\n|switch|p2a: Not Real|Iron Bundle, shiny|100\/100\n|turn|14\n|\n|t:|1699536867\n|move|p1b: Landorus|Rock Slide|p2a: Not Real\n|-supereffective|p2a: Not Real\n|-damage|p2a: Not Real|36\/100\n|cant|p2a: Not Real|flinch\n|move|p1a: Sinistcha|Matcha Gotcha|p2a: Not Real\n|-supereffective|p2a: Not Real\n|-damage|p2a: Not Real|0 fnt\n|-heal|p1a: Sinistcha|71\/100|[from] drain|[of] p2a: Not Real\n|faint|p2a: Not Real\n|-end|p2a: Not Real|Quark Drive|[silent]\n|\n|win|LunaryzedXD\n|raw|LunaryzedXD's rating: 1180 &rarr; <strong>1213<\/strong><br \/>(+33 for winning)\n|raw|LeaderBelle's rating: 1288 &rarr; <strong>1255<\/strong><br \/>(-33 for losing)\n|c|\u2606LeaderBelle|Lucky flinches\n","uploadtime":1699536880,"views":16,"p1id":"lunaryzedxd","p2id":"leaderbelle","formatid":"gen9doublesou","rating":1213,"private":0,"password":""}