{"id":"gen9doublesou-1997629333","p1":"Daskhyellow","p2":"claviculacarvinc","format":"[Gen 9] Doubles OU","log":"|j|\u2606Daskhyellow\n|j|\u2606claviculacarvinc\n|t:|1700835044\n|gametype|doubles\n|player|p1|Daskhyellow|pokekid|1356\n|player|p2|claviculacarvinc|cress|1422\n|teamsize|p1|6\n|teamsize|p2|6\n|gen|9\n|tier|[Gen 9] Doubles OU\n|rated|\n|rule|Species Clause: Limit one of each Pok\u00e9mon\n|rule|OHKO Clause: OHKO moves are banned\n|rule|Evasion Moves Clause: Evasion moves are banned\n|rule|Gravity Sleep Clause: The combination of sleep-inducing moves with imperfect accuracy and Gravity or Gigantamax Orbeetle are banned\n|rule|Endless Battle Clause: Forcing endless battles is banned\n|rule|HP Percentage Mod: HP is shown in percentages\n|clearpoke\n|poke|p1|Dachsbun, F|\n|poke|p1|Indeedee-F, F|\n|poke|p1|Ribombee, F|\n|poke|p1|Tauros-Paldea-Aqua, M|\n|poke|p1|Typhlosion, F|\n|poke|p1|Armarouge, M|\n|poke|p2|Ursaluna-Bloodmoon, M|\n|poke|p2|Roaring Moon|\n|poke|p2|Shiftry, F|\n|poke|p2|Tornadus, M|\n|poke|p2|Chien-Pao|\n|poke|p2|Iron Hands|\n|teampreview\n|\n|t:|1700835058\n|start\n|switch|p1a: Ribombee|Ribombee, F|100\/100\n|switch|p1b: Tauros|Tauros-Paldea-Aqua, M|100\/100\n|switch|p2a: Shiftry|Shiftry, F|100\/100\n|switch|p2b: Tornadus|Tornadus, M|100\/100\n|-ability|p1b: Tauros|Intimidate|boost\n|-unboost|p2a: Shiftry|atk|1\n|-unboost|p2b: Tornadus|atk|1\n|turn|1\n|\n|t:|1700835082\n|switch|p1b: Indeedee|Indeedee-F, F|100\/100\n|-fieldstart|move: Psychic Terrain|[from] ability: Psychic Surge|[of] p1b: Indeedee\n|move|p2a: Shiftry|Protect|p2a: Shiftry\n|-singleturn|p2a: Shiftry|Protect\n|move|p1a: Ribombee|Sticky Web|p2b: Tornadus\n|-sidestart|p2: claviculacarvinc|move: Sticky Web\n|move|p2b: Tornadus|Bleakwind Storm|p1a: Ribombee|[spread] p1a\n|-miss|p2b: Tornadus|p1b: Indeedee\n|-supereffective|p1a: Ribombee\n|-enditem|p1a: Ribombee|Focus Sash\n|-damage|p1a: Ribombee|1\/100\n|\n|upkeep\n|turn|2\n|inactive|Battle timer is ON: inactive players will automatically lose when time's up. (requested by claviculacarvinc)\n|\n|t:|1700835109\n|move|p2b: Tornadus|Tailwind|p2b: Tornadus\n|-sidestart|p2: claviculacarvinc|move: Tailwind\n|-ability|p2a: Shiftry|Wind Rider|boost\n|-boost|p2a: Shiftry|atk|1\n|move|p2a: Shiftry|Knock Off|p1b: Indeedee\n|-supereffective|p1b: Indeedee\n|-damage|p1b: Indeedee|17\/100\n|-enditem|p1b: Indeedee|Sitrus Berry|[from] move: Knock Off|[of] p2a: Shiftry\n|move|p1a: Ribombee|Pollen Puff|p2a: Shiftry\n|-supereffective|p2a: Shiftry\n|-enditem|p2a: Shiftry|Focus Sash\n|-damage|p2a: Shiftry|1\/100\n|move|p1b: Indeedee|Psychic|p2b: Tornadus\n|-damage|p2b: Tornadus|70\/100\n|\n|upkeep\n|turn|3\n|\n|t:|1700835130\n|move|p2a: Shiftry|Protect|p2a: Shiftry\n|-singleturn|p2a: Shiftry|Protect\n|move|p1b: Indeedee|Follow Me|p1b: Indeedee\n|-singleturn|p1b: Indeedee|move: Follow Me\n|move|p2b: Tornadus|Bleakwind Storm|p1a: Ribombee|[spread] p1a,p1b\n|-supereffective|p1a: Ribombee\n|-damage|p1a: Ribombee|0 fnt\n|-damage|p1b: Indeedee|0 fnt\n|faint|p1a: Ribombee\n|faint|p1b: Indeedee\n|\n|upkeep\n|inactive|Daskhyellow has 120 seconds left.\n|\n|t:|1700835148\n|switch|p1a: Typhlosion|Typhlosion, F|100\/100\n|switch|p1b: Tauros|Tauros-Paldea-Aqua, M|100\/100\n|-ability|p1b: Tauros|Intimidate|boost\n|-unboost|p2a: Shiftry|atk|1\n|-unboost|p2b: Tornadus|atk|1\n|turn|4\n|\n|t:|1700835157\n|switch|p1b: Dachsbun|Dachsbun, F|100\/100\n|move|p2b: Tornadus|Protect|p2b: Tornadus\n|-singleturn|p2b: Tornadus|Protect\n|move|p2a: Shiftry|Explosion|p1a: Typhlosion|[spread] p1a,p1b\n|-activate|p2b: Tornadus|move: Protect\n|-damage|p1a: Typhlosion|51\/100\n|-damage|p1b: Dachsbun|69\/100\n|faint|p2a: Shiftry\n|move|p1a: Typhlosion|Lava Plume|p2b: Tornadus|[spread] \n|-activate|p2b: Tornadus|move: Protect\n|-ability|p1b: Dachsbun|Well-Baked Body|boost\n|-boost|p1b: Dachsbun|def|2\n|\n|upkeep\n|\n|t:|1700835175\n|switch|p2a: Ursaluna|Ursaluna-Bloodmoon, M|100\/100\n|-activate|p2a: Ursaluna|move: Sticky Web\n|-unboost|p2a: Ursaluna|spe|1\n|turn|5\n|\n|t:|1700835187\n|move|p2b: Tornadus|Bleakwind Storm|p1a: Typhlosion|[spread] p1a,p1b\n|-damage|p1a: Typhlosion|14\/100\n|-damage|p1b: Dachsbun|40\/100\n|-unboost|p1a: Typhlosion|spe|1\n|-unboost|p1b: Dachsbun|spe|1\n|move|p2a: Ursaluna|Earth Power|p1a: Typhlosion\n|-supereffective|p1a: Typhlosion\n|-damage|p1a: Typhlosion|0 fnt\n|faint|p1a: Typhlosion\n|move|p1b: Dachsbun|Body Press|p2a: Ursaluna\n|-supereffective|p2a: Ursaluna\n|-damage|p2a: Ursaluna|49\/100\n|\n|-heal|p2a: Ursaluna|55\/100|[from] item: Leftovers\n|-sideend|p2: claviculacarvinc|move: Tailwind\n|-fieldend|move: Psychic Terrain\n|upkeep\n|\n|t:|1700835199\n|switch|p1a: Tauros|Tauros-Paldea-Aqua, M|100\/100\n|-ability|p1a: Tauros|Intimidate|boost\n|-unboost|p2a: Ursaluna|atk|1\n|-unboost|p2b: Tornadus|atk|1\n|turn|6\n|l|\u2606Daskhyellow\n|inactive|Daskhyellow disconnected and has a minute to reconnect!\n|player|p1|\n|inactive|Daskhyellow has 30 seconds to reconnect!\n|inactive|Daskhyellow has 20 seconds to reconnect!\n|inactive|Daskhyellow has 15 seconds to reconnect!\n|inactive|Daskhyellow has 10 seconds to reconnect!\n|j|\u2606Daskhyellow\n|inactive|Daskhyellow reconnected and has 80 seconds left.\n|player|p1|Daskhyellow|pokekid\n|\n|t:|1700835284\n|-terastallize|p1b: Dachsbun|Fighting\n|move|p2a: Ursaluna|Protect|p2a: Ursaluna\n|-singleturn|p2a: Ursaluna|Protect\n|move|p2b: Tornadus|Tailwind|p2b: Tornadus\n|-sidestart|p2: claviculacarvinc|move: Tailwind\n|move|p1a: Tauros|Raging Bull|p2b: Tornadus\n|-damage|p2b: Tornadus|0 fnt\n|faint|p2b: Tornadus\n|-damage|p1a: Tauros|91\/100|[from] item: Life Orb\n|move|p1b: Dachsbun|Body Press|p2a: Ursaluna\n|-activate|p2a: Ursaluna|move: Protect\n|\n|-heal|p2a: Ursaluna|61\/100|[from] item: Leftovers\n|upkeep\n|inactive|claviculacarvinc has 120 seconds left.\n|\n|t:|1700835311\n|switch|p2b: Roaring Moon|Roaring Moon|100\/100\n|-activate|p2b: Roaring Moon|move: Sticky Web\n|-unboost|p2b: Roaring Moon|spe|1\n|-enditem|p2b: Roaring Moon|Booster Energy\n|-activate|p2b: Roaring Moon|ability: Protosynthesis|[fromitem]\n|-start|p2b: Roaring Moon|protosynthesisatk\n|turn|7\n|inactive|Daskhyellow has 90 seconds left.\n|inactive|claviculacarvinc has 120 seconds left.\n|inactive|Daskhyellow has 60 seconds left.\n|inactive|Daskhyellow has 30 seconds left.\n|inactive|Daskhyellow has 20 seconds left.\n|inactive|Daskhyellow has 15 seconds left.\n|\n|t:|1700835399\n|move|p2b: Roaring Moon|Acrobatics|p1a: Tauros\n|-supereffective|p1a: Tauros\n|-damage|p1a: Tauros|0 fnt\n|faint|p1a: Tauros\n|move|p2a: Ursaluna|Earth Power|p1b: Dachsbun\n|-damage|p1b: Dachsbun|0 fnt\n|faint|p1b: Dachsbun\n|\n|-heal|p2a: Ursaluna|67\/100|[from] item: Leftovers\n|upkeep\n|inactive|Daskhyellow has 20 seconds left this turn.\n|inactive|Daskhyellow has 15 seconds left.\n|inactive|Daskhyellow has 10 seconds left.\n|inactive|Daskhyellow has 5 seconds left.\n|c|\u2606Daskhyellow|Well played!\n|\n|t:|1700835416\n|switch|p1b: Armarouge|Armarouge, M|100\/100\n|turn|8\n|inactive|Daskhyellow has 30 seconds left this turn.\n|\n|t:|1700835424\n|move|p2b: Roaring Moon|Acrobatics|p1b: Armarouge\n|-damage|p1b: Armarouge|45\/100\n|move|p1b: Armarouge|Aura Sphere|p2b: Roaring Moon\n|-supereffective|p2b: Roaring Moon\n|-damage|p2b: Roaring Moon|51\/100\n|move|p2a: Ursaluna|Earth Power|p1b: Armarouge\n|-supereffective|p1b: Armarouge\n|-damage|p1b: Armarouge|0 fnt\n|faint|p1b: Armarouge\n|\n|win|claviculacarvinc\n|raw|Daskhyellow's rating: 1356 &rarr; <strong>1340<\/strong><br \/>(-16 for losing)\n|raw|claviculacarvinc's rating: 1422 &rarr; <strong>1438<\/strong><br \/>(+16 for winning)\n|l|\u2606Daskhyellow\n","uploadtime":1700835454,"views":4,"p1id":"daskhyellow","p2id":"claviculacarvinc","formatid":"gen9doublesou","rating":1340,"private":0,"password":""}