{"id":"gen9doublesou-1985067726","p1":"RLisanidiot","p2":"yodyak","format":"[Gen 9] Doubles OU","log":"|j|\u2606RLisanidiot\n|j|\u2606yodyak\n|t:|1699326758\n|gametype|doubles\n|player|p1|RLisanidiot|unknownf|1221\n|player|p2|yodyak|265|1266\n|teamsize|p1|6\n|teamsize|p2|6\n|gen|9\n|tier|[Gen 9] Doubles OU\n|rated|\n|rule|Species Clause: Limit one of each Pok\u00e9mon\n|rule|OHKO Clause: OHKO moves are banned\n|rule|Evasion Moves Clause: Evasion moves are banned\n|rule|Gravity Sleep Clause: The combination of sleep-inducing moves with imperfect accuracy and Gravity or Gigantamax Orbeetle are banned\n|rule|Endless Battle Clause: Forcing endless battles is banned\n|rule|HP Percentage Mod: HP is shown in percentages\n|clearpoke\n|poke|p1|Ninetales-Alola, F|\n|poke|p1|Chien-Pao|\n|poke|p1|Flutter Mane|\n|poke|p1|Tornadus, M|\n|poke|p1|Pachirisu, M|\n|poke|p1|Rillaboom, M|\n|poke|p2|Empoleon, M|\n|poke|p2|Lumineon, F|\n|poke|p2|Weezing, M|\n|poke|p2|Orthworm, M|\n|poke|p2|Sinistcha-Masterpiece|\n|poke|p2|Heatran, M|\n|teampreview\n|inactive|Battle timer is ON: inactive players will automatically lose when time's up. (requested by RLisanidiot)\n|\n|t:|1699326771\n|start\n|switch|p1a: Pachirisu|Pachirisu, M|100\/100\n|switch|p1b: Ninetales|Ninetales-Alola, F, shiny|100\/100\n|switch|p2a: Lumineon|Lumineon, F, shiny|100\/100\n|switch|p2b: Empoleon|Empoleon, M, shiny|100\/100\n|-weather|Snow|[from] ability: Snow Warning|[of] p1b: Ninetales\n|turn|1\n|\n|t:|1699326785\n|move|p1b: Ninetales|Aurora Veil|p1b: Ninetales\n|-sidestart|p1: RLisanidiot|move: Aurora Veil\n|move|p2a: Lumineon|Tailwind|p2a: Lumineon\n|-sidestart|p2: yodyak|move: Tailwind\n|move|p2b: Empoleon|Knock Off|p1a: Pachirisu\n|-damage|p1a: Pachirisu|84\/100\n|-enditem|p1a: Pachirisu|Sitrus Berry|[from] move: Knock Off|[of] p2b: Empoleon\n|move|p1a: Pachirisu|Nuzzle|p2a: Lumineon\n|-supereffective|p2a: Lumineon\n|-damage|p2a: Lumineon|88\/100\n|-status|p2a: Lumineon|par\n|\n|-weather|Snow|[upkeep]\n|upkeep\n|turn|2\n|\n|t:|1699326807\n|move|p1b: Ninetales|Confuse Ray|p2a: Lumineon\n|-start|p2a: Lumineon|confusion\n|-activate|p2a: Lumineon|confusion\n|move|p2a: Lumineon|Flip Turn|p1b: Ninetales\n|-damage|p1b: Ninetales|89\/100\n|\n|t:|1699326815\n|switch|p2a: Heatran|Heatran, M, shiny|100\/100|[from] Flip Turn\n|-item|p2a: Heatran|Air Balloon\n|move|p2b: Empoleon|Flash Cannon|p1b: Ninetales\n|-supereffective|p1b: Ninetales\n|-damage|p1b: Ninetales|0 fnt\n|faint|p1b: Ninetales\n|move|p1a: Pachirisu|Nuzzle|p2b: Empoleon\n|-supereffective|p2b: Empoleon\n|-damage|p2b: Empoleon|90\/100\n|-status|p2b: Empoleon|par\n|\n|-weather|Snow|[upkeep]\n|upkeep\n|\n|t:|1699326827\n|switch|p1b: Chien-Pao|Chien-Pao|100\/100\n|-ability|p1b: Chien-Pao|Sword of Ruin\n|turn|3\n|\n|t:|1699326847\n|-terastallize|p1b: Chien-Pao|Electric\n|-terastallize|p2b: Empoleon|Fairy\n|move|p2a: Heatran|Protect|p2a: Heatran\n|-singleturn|p2a: Heatran|Protect\n|move|p1b: Chien-Pao|Tera Blast|p2b: Empoleon|[anim] Tera Blast Electric\n|-damage|p2b: Empoleon|25\/100 par\n|move|p1a: Pachirisu|Super Fang|p2a: Heatran\n|-activate|p2a: Heatran|move: Protect\n|move|p2b: Empoleon|Chilling Water|p1b: Chien-Pao\n|-damage|p1b: Chien-Pao|85\/100\n|-unboost|p1b: Chien-Pao|atk|1\n|\n|-weather|Snow|[upkeep]\n|upkeep\n|turn|4\n|\n|t:|1699326867\n|move|p2a: Heatran|Heat Wave|p1a: Pachirisu|[spread] p1a,p1b\n|-damage|p1a: Pachirisu|54\/100\n|-damage|p1b: Chien-Pao|61\/100\n|move|p1b: Chien-Pao|Sacred Sword|p2a: Heatran\n|-supereffective|p2a: Heatran\n|-damage|p2a: Heatran|56\/100\n|-enditem|p2a: Heatran|Air Balloon\n|move|p1a: Pachirisu|Super Fang|p2a: Heatran\n|-damage|p2a: Heatran|28\/100\n|move|p2b: Empoleon|Chilling Water|p1b: Chien-Pao\n|-damage|p1b: Chien-Pao|46\/100\n|-unboost|p1b: Chien-Pao|atk|1\n|\n|-weather|Snow|[upkeep]\n|-sideend|p2: yodyak|move: Tailwind\n|upkeep\n|turn|5\n|\n|t:|1699326888\n|switch|p1b: Tornadus|Tornadus, M|100\/100\n|move|p2a: Heatran|Protect|p2a: Heatran\n|-singleturn|p2a: Heatran|Protect\n|move|p1a: Pachirisu|U-turn|p2a: Heatran\n|-activate|p2a: Heatran|move: Protect\n|move|p2b: Empoleon|Flash Cannon|p1b: Tornadus\n|-damage|p1b: Tornadus|74\/100\n|\n|-weather|none\n|upkeep\n|turn|6\n|\n|t:|1699326908\n|move|p1b: Tornadus|Bleakwind Storm|p2a: Heatran|[spread] p2a\n|-miss|p1b: Tornadus|p2b: Empoleon\n|-resisted|p2a: Heatran\n|-damage|p2a: Heatran|14\/100\n|-unboost|p2a: Heatran|spe|1\n|move|p1a: Pachirisu|U-turn|p2a: Heatran\n|-resisted|p2a: Heatran\n|-damage|p2a: Heatran|12\/100\n|\n|t:|1699326917\n|switch|p1a: Rillaboom|Rillaboom, M|100\/100|[from] U-turn\n|-fieldstart|move: Grassy Terrain|[from] ability: Grassy Surge|[of] p1a: Rillaboom\n|move|p2a: Heatran|Heat Wave|p1a: Rillaboom|[spread] p1a,p1b\n|-supereffective|p1a: Rillaboom\n|-damage|p1a: Rillaboom|42\/100\n|-damage|p1b: Tornadus|47\/100\n|move|p2b: Empoleon|Ice Beam|p1b: Tornadus\n|-supereffective|p1b: Tornadus\n|-damage|p1b: Tornadus|7\/100\n|\n|-heal|p1a: Rillaboom|48\/100|[from] Grassy Terrain\n|-heal|p2a: Heatran|19\/100|[from] Grassy Terrain\n|-heal|p2b: Empoleon|31\/100 par|[from] Grassy Terrain\n|upkeep\n|turn|7\n|\n|t:|1699326946\n|switch|p2b: Weezing|Weezing, M, shiny|100\/100\n|-ability|p2b: Weezing|Neutralizing Gas\n|move|p1b: Tornadus|Bleakwind Storm|p2b: Weezing|[spread] p2a,p2b\n|-resisted|p2a: Heatran\n|-damage|p2a: Heatran|5\/100\n|-damage|p2b: Weezing|74\/100\n|move|p1a: Rillaboom|Drain Punch|p2a: Heatran\n|-supereffective|p2a: Heatran\n|-damage|p2a: Heatran|0 fnt\n|-heal|p1a: Rillaboom|50\/100|[from] drain|[of] p2a: Heatran\n|faint|p2a: Heatran\n|\n|-heal|p1a: Rillaboom|56\/100|[from] Grassy Terrain\n|-heal|p2b: Weezing|80\/100|[from] Grassy Terrain\n|-heal|p2b: Weezing|86\/100|[from] item: Black Sludge\n|upkeep\n|inactive|yodyak has 120 seconds left.\n|\n|t:|1699326965\n|switch|p2a: Lumineon|Lumineon, F, shiny|88\/100 par\n|turn|8\n|\n|t:|1699326974\n|move|p1b: Tornadus|Bleakwind Storm|p2b: Weezing|[spread] p2a\n|-miss|p1b: Tornadus|p2b: Weezing\n|-damage|p2a: Lumineon|42\/100 par\n|move|p1a: Rillaboom|Drain Punch|p2a: Lumineon\n|-damage|p2a: Lumineon|0 fnt\n|-heal|p1a: Rillaboom|71\/100|[from] drain|[of] p2a: Lumineon\n|faint|p2a: Lumineon\n|move|p2b: Weezing|Will-O-Wisp|p1a: Rillaboom\n|-status|p1a: Rillaboom|brn\n|\n|-heal|p1a: Rillaboom|77\/100 brn|[from] Grassy Terrain\n|-heal|p2b: Weezing|92\/100|[from] Grassy Terrain\n|-heal|p2b: Weezing|98\/100|[from] item: Black Sludge\n|-damage|p1a: Rillaboom|71\/100 brn|[from] brn\n|-sideend|p1: RLisanidiot|move: Aurora Veil\n|upkeep\n|\n|t:|1699326993\n|switch|p2a: Orthworm|Orthworm, M, shiny|100\/100\n|turn|9\n|\n|t:|1699327002\n|move|p1b: Tornadus|Bleakwind Storm|p2a: Orthworm|[spread] p2a,p2b\n|-resisted|p2a: Orthworm\n|-damage|p2a: Orthworm|84\/100\n|-damage|p2b: Weezing|67\/100\n|move|p1a: Rillaboom|Drain Punch|p2a: Orthworm\n|-supereffective|p2a: Orthworm\n|-damage|p2a: Orthworm|55\/100\n|-heal|p1a: Rillaboom|83\/100 brn|[from] drain|[of] p2a: Orthworm\n|move|p2b: Weezing|Heat Wave|p1b: Tornadus|[spread] p1a,p1b\n|-supereffective|p1a: Rillaboom\n|-damage|p1a: Rillaboom|52\/100 brn\n|-damage|p1b: Tornadus|0 fnt\n|faint|p1b: Tornadus\n|move|p2a: Orthworm|Iron Defense|p2a: Orthworm\n|-boost|p2a: Orthworm|def|2\n|\n|-heal|p1a: Rillaboom|58\/100 brn|[from] Grassy Terrain\n|-heal|p2b: Weezing|73\/100|[from] Grassy Terrain\n|-heal|p2b: Weezing|79\/100|[from] item: Black Sludge\n|-heal|p2a: Orthworm|61\/100|[from] Grassy Terrain\n|-heal|p2a: Orthworm|67\/100|[from] item: Leftovers\n|-damage|p1a: Rillaboom|52\/100 brn|[from] brn\n|upkeep\n|\n|t:|1699327014\n|switch|p1b: Flutter Mane|Flutter Mane|100\/100\n|turn|10\n|\n|t:|1699327035\n|move|p1b: Flutter Mane|Shadow Ball|p2a: Orthworm\n|-damage|p2a: Orthworm|5\/100\n|move|p1a: Rillaboom|Drain Punch|p2a: Orthworm\n|-supereffective|p2a: Orthworm\n|-damage|p2a: Orthworm|0 fnt\n|-heal|p1a: Rillaboom|54\/100 brn|[from] drain|[of] p2a: Orthworm\n|faint|p2a: Orthworm\n|move|p2b: Weezing|Heat Wave|p1b: Flutter Mane|[spread] p1a,p1b\n|-supereffective|p1a: Rillaboom\n|-damage|p1a: Rillaboom|24\/100 brn\n|-damage|p1b: Flutter Mane|86\/100\n|\n|-heal|p1b: Flutter Mane|92\/100|[from] Grassy Terrain\n|-heal|p1a: Rillaboom|30\/100 brn|[from] Grassy Terrain\n|-heal|p2b: Weezing|85\/100|[from] Grassy Terrain\n|-heal|p2b: Weezing|91\/100|[from] item: Black Sludge\n|-damage|p1a: Rillaboom|24\/100 brn|[from] brn\n|-fieldend|move: Grassy Terrain\n|upkeep\n|inactive|yodyak has 120 seconds left.\n|\n|t:|1699327055\n|switch|p2a: Empoleon|Empoleon, M, shiny, tera:Fairy|31\/100 par\n|turn|11\n|\n|t:|1699327062\n|-end|p2b: Weezing|ability: Neutralizing Gas\n|-fieldstart|move: Grassy Terrain|[from] ability: Grassy Surge|[of] p1a: Rillaboom\n|switch|p2b: Sinistcha|Sinistcha-Masterpiece, shiny|100\/100\n|-heal|p2a: Empoleon|56\/100 par|[from] ability: Hospitality|[of] p2b: Sinistcha\n|move|p1b: Flutter Mane|Shadow Ball|p2a: Empoleon\n|-damage|p2a: Empoleon|18\/100 par\n|-unboost|p2a: Empoleon|spd|1\n|-ability|p2a: Empoleon|Competitive|boost\n|-boost|p2a: Empoleon|spa|2\n|move|p1a: Rillaboom|Drain Punch|p2b: Sinistcha\n|-immune|p2b: Sinistcha\n|cant|p2a: Empoleon|par\n|\n|-heal|p1b: Flutter Mane|98\/100|[from] Grassy Terrain\n|-heal|p1a: Rillaboom|30\/100 brn|[from] Grassy Terrain\n|-heal|p2a: Empoleon|24\/100 par|[from] Grassy Terrain\n|-damage|p1a: Rillaboom|24\/100 brn|[from] brn\n|upkeep\n|turn|12\n|\n|t:|1699327089\n|move|p1b: Flutter Mane|Shadow Ball|p2a: Empoleon\n|-damage|p2a: Empoleon|0 fnt\n|faint|p2a: Empoleon\n|move|p1a: Rillaboom|Drain Punch|p2b: Sinistcha\n|-immune|p2b: Sinistcha\n|move|p2b: Sinistcha|Calm Mind|p2b: Sinistcha\n|-boost|p2b: Sinistcha|spa|1\n|-boost|p2b: Sinistcha|spd|1\n|\n|-heal|p1b: Flutter Mane|100\/100|[from] Grassy Terrain\n|-heal|p1a: Rillaboom|30\/100 brn|[from] Grassy Terrain\n|-damage|p1a: Rillaboom|24\/100 brn|[from] brn\n|upkeep\n|inactive|yodyak has 120 seconds left.\n|\n|t:|1699327101\n|switch|p2a: Weezing|Weezing, M, shiny|91\/100\n|-ability|p2a: Weezing|Neutralizing Gas\n|turn|13\n|\n|t:|1699327115\n|move|p1b: Flutter Mane|Shadow Ball|p2b: Sinistcha\n|-supereffective|p2b: Sinistcha\n|-damage|p2b: Sinistcha|6\/100\n|move|p1a: Rillaboom|Drain Punch|p2a: Weezing\n|-resisted|p2a: Weezing\n|-crit|p2a: Weezing\n|-damage|p2a: Weezing|76\/100\n|-heal|p1a: Rillaboom|29\/100 brn|[from] drain|[of] p2a: Weezing\n|move|p2b: Sinistcha|Matcha Gotcha|p1b: Flutter Mane|[spread] p1a,p1b\n|-resisted|p1a: Rillaboom\n|-damage|p1a: Rillaboom|2\/100 brn\n|-heal|p2b: Sinistcha|22\/100|[from] drain|[of] p1a: Rillaboom\n|-damage|p1b: Flutter Mane|55\/100\n|-heal|p2b: Sinistcha|39\/100|[from] drain|[of] p1b: Flutter Mane\n|-status|p1b: Flutter Mane|brn\n|move|p2a: Weezing|Heat Wave|p1b: Flutter Mane|[spread] p1a\n|-miss|p2a: Weezing|p1b: Flutter Mane\n|-supereffective|p1a: Rillaboom\n|-damage|p1a: Rillaboom|0 fnt\n|faint|p1a: Rillaboom\n|\n|-heal|p1b: Flutter Mane|61\/100 brn|[from] Grassy Terrain\n|-heal|p2b: Sinistcha|45\/100|[from] Grassy Terrain\n|-heal|p2a: Weezing|82\/100|[from] Grassy Terrain\n|-heal|p2a: Weezing|88\/100|[from] item: Black Sludge\n|-damage|p1b: Flutter Mane|55\/100 brn|[from] brn\n|upkeep\n|\n|t:|1699327127\n|switch|p1a: Pachirisu|Pachirisu, M|54\/100\n|turn|14\n|\n|t:|1699327145\n|move|p1b: Flutter Mane|Shadow Ball|p2b: Sinistcha\n|-supereffective|p2b: Sinistcha\n|-damage|p2b: Sinistcha|0 fnt\n|faint|p2b: Sinistcha\n|move|p1a: Pachirisu|Nuzzle|p2a: Weezing\n|-damage|p2a: Weezing|84\/100\n|-status|p2a: Weezing|par\n|move|p2a: Weezing|Heat Wave|p1b: Flutter Mane|[spread] p1a,p1b\n|-damage|p1a: Pachirisu|40\/100\n|-damage|p1b: Flutter Mane|40\/100 brn\n|\n|-heal|p1b: Flutter Mane|46\/100 brn|[from] Grassy Terrain\n|-heal|p1a: Pachirisu|46\/100|[from] Grassy Terrain\n|-heal|p2a: Weezing|90\/100 par|[from] Grassy Terrain\n|-heal|p2a: Weezing|96\/100 par|[from] item: Black Sludge\n|-damage|p1b: Flutter Mane|40\/100 brn|[from] brn\n|upkeep\n|turn|15\n|-message|yodyak forfeited.\n|\n|win|RLisanidiot\n|raw|RLisanidiot's rating: 1221 &rarr; <strong>1249<\/strong><br \/>(+28 for winning)\n|raw|yodyak's rating: 1266 &rarr; <strong>1238<\/strong><br \/>(-28 for losing)\n|l|\u2606yodyak\n","uploadtime":1699327170,"views":20,"p1id":"rlisanidiot","p2id":"yodyak","formatid":"gen9doublesou","rating":1238,"private":0,"password":""}