{"id":"gen9doublesou-1993448163","p1":"Forefie","p2":"Red Hat hi","format":"[Gen 9] Doubles OU","log":"|j|\u2606Forefie\n|j|\u2606Red Hat hi\n|t:|1700319168\n|gametype|doubles\n|player|p1|Forefie|101|1221\n|player|p2|Red Hat hi|102|1110\n|teamsize|p1|6\n|teamsize|p2|6\n|gen|9\n|tier|[Gen 9] Doubles OU\n|rated|\n|rule|Species Clause: Limit one of each Pok\u00e9mon\n|rule|OHKO Clause: OHKO moves are banned\n|rule|Evasion Moves Clause: Evasion moves are banned\n|rule|Gravity Sleep Clause: The combination of sleep-inducing moves with imperfect accuracy and Gravity or Gigantamax Orbeetle are banned\n|rule|Endless Battle Clause: Forcing endless battles is banned\n|rule|HP Percentage Mod: HP is shown in percentages\n|clearpoke\n|poke|p1|Cresselia, F|\n|poke|p1|Ursaluna, F|\n|poke|p1|Goodra-Hisui, F|\n|poke|p1|Lurantis, F|\n|poke|p1|Torkoal, F|\n|poke|p1|Hatterene, F|\n|poke|p2|Squawkabilly-White, F|\n|poke|p2|Chansey, F|\n|poke|p2|Garchomp, M|\n|poke|p2|Toxtricity, F|\n|poke|p2|Sudowoodo, M|\n|poke|p2|Meowscarada, M|\n|teampreview\n|\n|t:|1700319179\n|start\n|switch|p1a: Cresselia|Cresselia, F|100\/100\n|switch|p1b: Ursaluna|Ursaluna, F|100\/100\n|switch|p2a: Sudowoodo|Sudowoodo, M, shiny|100\/100\n|switch|p2b: Squawkabilly|Squawkabilly-White, F, shiny|100\/100\n|-ability|p2b: Squawkabilly|Intimidate|boost\n|-unboost|p1a: Cresselia|atk|1\n|-unboost|p1b: Ursaluna|atk|1\n|turn|1\n|\n|t:|1700319198\n|move|p2b: Squawkabilly|Final Gambit|p1b: Ursaluna\n|-damage|p1b: Ursaluna|9\/100\n|faint|p2b: Squawkabilly\n|move|p2a: Sudowoodo|Head Smash|p1a: Cresselia\n|-damage|p1a: Cresselia|69\/100\n|move|p1b: Ursaluna|Rock Slide|p2a: Sudowoodo\n|-damage|p2a: Sudowoodo|83\/100\n|move|p1a: Cresselia|Trick Room|p1a: Cresselia\n|-fieldstart|move: Trick Room|[of] p1a: Cresselia\n|\n|-heal|p1a: Cresselia|75\/100|[from] item: Leftovers\n|-status|p1b: Ursaluna|brn|[from] item: Flame Orb\n|upkeep\n|\n|t:|1700319218\n|switch|p2b: Toxtricity|Toxtricity, F, shiny|100\/100\n|turn|2\n|\n|t:|1700319240\n|move|p1b: Ursaluna|Earthquake|p2a: Sudowoodo|[spread] p2a,p2b\n|-immune|p1a: Cresselia|[from] ability: Levitate\n|-supereffective|p2a: Sudowoodo\n|-crit|p2a: Sudowoodo\n|-supereffective|p2b: Toxtricity\n|-damage|p2a: Sudowoodo|0 fnt\n|-damage|p2b: Toxtricity|0 fnt\n|faint|p2a: Sudowoodo\n|faint|p2b: Toxtricity\n|move|p1a: Cresselia|Lunar Blessing|p1a: Cresselia|[spread] p1a,p1b\n|-heal|p1a: Cresselia|99\/100\n|-heal|p1b: Ursaluna|34\/100 brn\n|-curestatus|p1b: Ursaluna|brn|[msg]\n|\n|-heal|p1a: Cresselia|100\/100|[from] item: Leftovers\n|-status|p1b: Ursaluna|brn|[from] item: Flame Orb\n|upkeep\n|\n|t:|1700319263\n|switch|p2a: Chansey|Chansey, F, shiny|100\/100\n|switch|p2b: Garchomp|Garchomp, M, shiny|100\/100\n|turn|3\n|\n|t:|1700319292\n|move|p1b: Ursaluna|Facade|p2a: Chansey\n|-damage|p2a: Chansey|0 fnt\n|faint|p2a: Chansey\n|move|p1a: Cresselia|Lunar Blessing|p1a: Cresselia|[spread] p1a,p1b\n|-heal|p1b: Ursaluna|59\/100 brn\n|-curestatus|p1b: Ursaluna|brn|[msg]\n|move|p2b: Garchomp|Iron Head|p1a: Cresselia\n|-crit|p1a: Cresselia\n|-damage|p1a: Cresselia|64\/100\n|-damage|p2b: Garchomp|91\/100|[from] item: Life Orb\n|\n|-heal|p1a: Cresselia|70\/100|[from] item: Leftovers\n|-status|p1b: Ursaluna|brn|[from] item: Flame Orb\n|upkeep\n|\n|t:|1700319308\n|switch|p2a: Meowscarada|Meowscarada, M, shiny|100\/100\n|turn|4\n|\n|t:|1700319340\n|switch|p1b: Goodra|Goodra-Hisui, F|100\/100\n|move|p1a: Cresselia|Psyshock|p2b: Garchomp\n|-damage|p2b: Garchomp|71\/100\n|move|p2b: Garchomp|Swords Dance|p2b: Garchomp\n|-boost|p2b: Garchomp|atk|2\n|move|p2a: Meowscarada|Flower Trick|p1b: Goodra\n|-ability|p1b: Goodra|Sap Sipper|boost\n|-boost|p1b: Goodra|atk|1\n|\n|-heal|p1a: Cresselia|76\/100|[from] item: Leftovers\n|upkeep\n|turn|5\n|\n|t:|1700319369\n|move|p2a: Meowscarada|Helping Hand|p2b: Garchomp\n|-singleturn|p2b: Garchomp|Helping Hand|[of] p2a: Meowscarada\n|move|p1b: Goodra|Ice Spinner|p2b: Garchomp\n|-supereffective|p2b: Garchomp\n|-damage|p2b: Garchomp|0 fnt\n|-damage|p1b: Goodra|88\/100|[from] ability: Rough Skin|[of] p2b: Garchomp\n|faint|p2b: Garchomp\n|move|p1a: Cresselia|Lunar Blessing|p1a: Cresselia|[spread] p1a,p1b\n|-heal|p1a: Cresselia|100\/100\n|-heal|p1b: Goodra|100\/100\n|\n|-fieldend|move: Trick Room\n|upkeep\n|turn|6\n|\n|t:|1700319393\n|move|p1a: Cresselia|Protect|p1a: Cresselia\n|-singleturn|p1a: Cresselia|Protect\n|move|p2a: Meowscarada|Knock Off|p1a: Cresselia\n|-activate|p1a: Cresselia|move: Protect\n|move|p1b: Goodra|Heavy Slam|p2a: Meowscarada\n|-damage|p2a: Meowscarada|8\/100\n|\n|-heal|p2a: Meowscarada|14\/100|[from] item: Leftovers\n|upkeep\n|turn|7\n|\n|t:|1700319412\n|switch|p1a: Torkoal|Torkoal, F|100\/100\n|-weather|SunnyDay|[from] ability: Drought|[of] p1a: Torkoal\n|move|p2a: Meowscarada|Protect|p2a: Meowscarada\n|-singleturn|p2a: Meowscarada|Protect\n|move|p1b: Goodra|Heavy Slam|p2a: Meowscarada\n|-activate|p2a: Meowscarada|move: Protect\n|\n|-weather|SunnyDay|[upkeep]\n|-heal|p2a: Meowscarada|20\/100|[from] item: Leftovers\n|upkeep\n|turn|8\n|\n|t:|1700319434\n|move|p2a: Meowscarada|Flower Trick|p1b: Goodra\n|-ability|p1b: Goodra|Sap Sipper|boost\n|-boost|p1b: Goodra|atk|1\n|move|p1b: Goodra|Heavy Slam|p2a: Meowscarada\n|-damage|p2a: Meowscarada|0 fnt\n|faint|p2a: Meowscarada\n|\n|win|Forefie\n|raw|Forefie's rating: 1221 &rarr; <strong>1238<\/strong><br \/>(+17 for winning)\n|raw|Red Hat hi's rating: 1110 &rarr; <strong>1093<\/strong><br \/>(-17 for losing)\n|l|\u2606Red Hat hi\n","uploadtime":1700319448,"views":20,"p1id":"forefie","p2id":"redhathi","formatid":"gen9doublesou","rating":1093,"private":0,"password":""}