{"id":"gen9doublesou-1998384107","p1":"windsage35","p2":"vegetasfeet","format":"[Gen 9] Doubles OU","log":"|j|\u2606windsage35\n|j|\u2606vegetasfeet\n|t:|1700936271\n|gametype|doubles\n|player|p1|windsage35|2|1239\n|player|p2|vegetasfeet|brycen|1258\n|teamsize|p1|6\n|teamsize|p2|6\n|gen|9\n|tier|[Gen 9] Doubles OU\n|rated|\n|rule|Species Clause: Limit one of each Pok\u00e9mon\n|rule|OHKO Clause: OHKO moves are banned\n|rule|Evasion Moves Clause: Evasion moves are banned\n|rule|Gravity Sleep Clause: The combination of sleep-inducing moves with imperfect accuracy and Gravity or Gigantamax Orbeetle are banned\n|rule|Endless Battle Clause: Forcing endless battles is banned\n|rule|HP Percentage Mod: HP is shown in percentages\n|clearpoke\n|poke|p1|Lucario, M|\n|poke|p1|Gallade, M|\n|poke|p1|Sableye, F|\n|poke|p1|Ogerpon-Hearthflame, F|\n|poke|p1|Fezandipiti, M|\n|poke|p1|Salamence, F|\n|poke|p2|Scizor, M|\n|poke|p2|Clefairy, M|\n|poke|p2|Pelipper, F|\n|poke|p2|Roaring Moon|\n|poke|p2|Garchomp, M|\n|poke|p2|Gholdengo|\n|teampreview\n|\n|t:|1700936279\n|start\n|switch|p1a: Sableye|Sableye, F|100\/100\n|switch|p1b: Fezandipiti|Fezandipiti, M|100\/100\n|switch|p2a: Scizor|Scizor, M|100\/100\n|switch|p2b: Pelipper|Pelipper, F|100\/100\n|-weather|RainDance|[from] ability: Drizzle|[of] p2b: Pelipper\n|turn|1\n|\n|t:|1700936301\n|switch|p1b: Salamence|Salamence, F|100\/100\n|-ability|p1b: Salamence|Intimidate|boost\n|-unboost|p2a: Scizor|atk|1\n|-unboost|p2b: Pelipper|atk|1\n|move|p1a: Sableye|Fake Out|p2a: Scizor\n|-resisted|p2a: Scizor\n|-damage|p2a: Scizor|96\/100\n|move|p2b: Pelipper|Wide Guard|p2b: Pelipper\n|-singleturn|p2b: Pelipper|Wide Guard\n|cant|p2a: Scizor|flinch\n|\n|-weather|RainDance|[upkeep]\n|upkeep\n|turn|2\n|\n|t:|1700936335\n|-terastallize|p1b: Salamence|Ice\n|move|p1a: Sableye|Light Screen|p1a: Sableye\n|-sidestart|p1: windsage35|move: Light Screen\n|move|p1b: Salamence|Tera Blast|p2b: Pelipper|[anim] Tera Blast Ice\n|-damage|p2b: Pelipper|19\/100\n|move|p2b: Pelipper|Tailwind|p2b: Pelipper\n|-sidestart|p2: vegetasfeet|move: Tailwind\n|move|p2a: Scizor|Swords Dance|p2a: Scizor\n|-boost|p2a: Scizor|atk|2\n|\n|-weather|RainDance|[upkeep]\n|upkeep\n|turn|3\n|\n|t:|1700936352\n|switch|p1b: Ogerpon|Ogerpon-Hearthflame, F|100\/100\n|-ability|p1b: Ogerpon|Mold Breaker\n|move|p2b: Pelipper|Wide Guard|p2b: Pelipper\n|-singleturn|p2b: Pelipper|Wide Guard\n|move|p2a: Scizor|Bullet Punch|p1b: Ogerpon\n|-resisted|p1b: Ogerpon\n|-damage|p1b: Ogerpon|56\/100\n|-damage|p2a: Scizor|86\/100|[from] item: Life Orb\n|move|p1a: Sableye|Reflect|p1a: Sableye\n|-sidestart|p1: windsage35|Reflect\n|\n|-weather|RainDance|[upkeep]\n|upkeep\n|turn|4\n|\n|t:|1700936371\n|switch|p1b: Fezandipiti|Fezandipiti, M|100\/100\n|move|p1a: Sableye|Disable|p2a: Scizor\n|-start|p2a: Scizor|Disable|Bullet Punch\n|move|p2b: Pelipper|Hurricane|p1b: Fezandipiti\n|-damage|p1b: Fezandipiti|82\/100\n|move|p2a: Scizor|U-turn|p1b: Fezandipiti\n|-resisted|p1b: Fezandipiti\n|-damage|p1b: Fezandipiti|67\/100\n|-damage|p2a: Scizor|76\/100|[from] item: Life Orb\n|\n|t:|1700936388\n|switch|p2a: Garchomp|Garchomp, M|100\/100|[from] U-turn\n|\n|-weather|RainDance|[upkeep]\n|-heal|p1b: Fezandipiti|73\/100|[from] item: Leftovers\n|upkeep\n|turn|5\n|\n|t:|1700936427\n|switch|p2a: Gholdengo|Gholdengo|100\/100\n|switch|p1b: Salamence|Salamence, F, tera:Ice|100\/100\n|-ability|p1b: Salamence|Intimidate|boost\n|-unboost|p2a: Gholdengo|atk|1\n|-unboost|p2b: Pelipper|atk|1\n|move|p1a: Sableye|Disable|p2b: Pelipper\n|-start|p2b: Pelipper|Disable|Hurricane\n|cant|p2b: Pelipper|Disable|Hurricane\n|\n|-weather|RainDance|[upkeep]\n|-sideend|p2: vegetasfeet|move: Tailwind\n|upkeep\n|turn|6\n|\n|t:|1700936456\n|switch|p1a: Ogerpon|Ogerpon-Hearthflame, F|56\/100\n|-ability|p1a: Ogerpon|Mold Breaker\n|switch|p2b: Clefairy|Clefairy, M|100\/100\n|move|p1b: Salamence|Hydro Pump|p2b: Clefairy\n|-damage|p2b: Clefairy|54\/100\n|move|p2a: Gholdengo|Make It Rain|p1a: Ogerpon|[spread] p1a,p1b\n|-resisted|p1a: Ogerpon\n|-supereffective|p1b: Salamence\n|-damage|p1a: Ogerpon|28\/100\n|-damage|p1b: Salamence|0 fnt\n|-unboost|p2a: Gholdengo|spa|1\n|faint|p1b: Salamence\n|\n|-weather|RainDance|[upkeep]\n|-sideend|p1: windsage35|move: Light Screen\n|upkeep\n|\n|t:|1700936476\n|switch|p1b: Sableye|Sableye, F|100\/100\n|turn|7\n|\n|t:|1700936497\n|switch|p2a: Scizor|Scizor, M|76\/100\n|move|p1b: Sableye|Light Screen|p1b: Sableye\n|-sidestart|p1: windsage35|move: Light Screen\n|move|p1a: Ogerpon|Horn Leech|p2b: Clefairy\n|-damage|p2b: Clefairy|5\/100\n|-heal|p1a: Ogerpon|56\/100|[from] drain|[of] p2b: Clefairy\n|move|p2b: Clefairy|Heal Pulse|p2a: Scizor\n|-heal|p2a: Scizor|100\/100\n|\n|-weather|RainDance|[upkeep]\n|-sideend|p1: windsage35|Reflect\n|upkeep\n|turn|8\n|\n|t:|1700936522\n|move|p2b: Clefairy|Follow Me|p2b: Clefairy\n|-singleturn|p2b: Clefairy|move: Follow Me\n|move|p1b: Sableye|Reflect|p1b: Sableye\n|-sidestart|p1: windsage35|Reflect\n|move|p1a: Ogerpon|Horn Leech|p2b: Clefairy\n|-damage|p2b: Clefairy|0 fnt\n|-heal|p1a: Ogerpon|59\/100|[from] drain|[of] p2b: Clefairy\n|faint|p2b: Clefairy\n|move|p2a: Scizor|Close Combat|p1a: Ogerpon\n|-damage|p1a: Ogerpon|7\/100\n|-unboost|p2a: Scizor|def|1\n|-unboost|p2a: Scizor|spd|1\n|-damage|p2a: Scizor|91\/100|[from] item: Life Orb\n|\n|-weather|none\n|upkeep\n|\n|t:|1700936532\n|switch|p2b: Pelipper|Pelipper, F|19\/100\n|-weather|RainDance|[from] ability: Drizzle|[of] p2b: Pelipper\n|turn|9\n|\n|t:|1700936576\n|switch|p1b: Gallade|Gallade, M, shiny|100\/100\n|switch|p2a: Gholdengo|Gholdengo|100\/100\n|move|p1a: Ogerpon|Spiky Shield|p1a: Ogerpon\n|-singleturn|p1a: Ogerpon|move: Protect\n|move|p2b: Pelipper|Tailwind|p2b: Pelipper\n|-sidestart|p2: vegetasfeet|move: Tailwind\n|\n|-weather|RainDance|[upkeep]\n|upkeep\n|turn|10\n|\n|t:|1700936609\n|move|p2a: Gholdengo|Shadow Ball|p1b: Gallade\n|-supereffective|p1b: Gallade\n|-damage|p1b: Gallade|2\/100\n|-unboost|p1b: Gallade|spd|1\n|move|p2b: Pelipper|Hurricane|p1a: Ogerpon\n|-supereffective|p1a: Ogerpon\n|-damage|p1a: Ogerpon|0 fnt\n|faint|p1a: Ogerpon\n|move|p1b: Gallade|Aqua Cutter|p2b: Pelipper\n|-resisted|p2b: Pelipper\n|-damage|p2b: Pelipper|0 fnt\n|faint|p2b: Pelipper\n|-damage|p1b: Gallade|0 fnt|[from] item: Life Orb\n|faint|p1b: Gallade\n|\n|-weather|RainDance|[upkeep]\n|upkeep\n|\n|t:|1700936634\n|switch|p1a: Lucario|Lucario, M, shiny|100\/100\n|switch|p1b: Fezandipiti|Fezandipiti, M|73\/100\n|switch|p2b: Garchomp|Garchomp, M|100\/100\n|turn|11\n|\n|t:|1700936651\n|switch|p2a: Scizor|Scizor, M|91\/100\n|move|p1a: Lucario|Detect|p1a: Lucario\n|-singleturn|p1a: Lucario|Protect\n|move|p2b: Garchomp|Stomping Tantrum|p1b: Fezandipiti\n|-supereffective|p1b: Fezandipiti\n|-damage|p1b: Fezandipiti|4\/100\n|move|p1b: Fezandipiti|Icy Wind|p2a: Scizor|[spread] p2a,p2b\n|-resisted|p2a: Scizor\n|-supereffective|p2b: Garchomp\n|-damage|p2a: Scizor|86\/100\n|-damage|p2b: Garchomp|67\/100\n|-unboost|p2a: Scizor|spe|1\n|-unboost|p2b: Garchomp|spe|1\n|-status|p2b: Garchomp|tox|[from] ability: Toxic Chain|[of] p1b: Fezandipiti\n|\n|-weather|RainDance|[upkeep]\n|-heal|p1b: Fezandipiti|10\/100|[from] item: Leftovers\n|-damage|p2b: Garchomp|61\/100 tox|[from] psn\n|-sideend|p1: windsage35|move: Light Screen\n|upkeep\n|turn|12\n|\n|t:|1700936699\n|move|p1a: Lucario|Extreme Speed|p2b: Garchomp\n|-damage|p2b: Garchomp|34\/100 tox\n|-damage|p1a: Lucario|88\/100|[from] ability: Rough Skin|[of] p2b: Garchomp\n|-damage|p1a: Lucario|72\/100|[from] item: Rocky Helmet|[of] p2b: Garchomp\n|move|p2a: Scizor|Bullet Punch|p1b: Fezandipiti\n|-supereffective|p1b: Fezandipiti\n|-damage|p1b: Fezandipiti|0 fnt\n|faint|p1b: Fezandipiti\n|-damage|p2a: Scizor|76\/100|[from] item: Life Orb\n|move|p2b: Garchomp|Stomping Tantrum|p1a: Lucario\n|-supereffective|p1a: Lucario\n|-damage|p1a: Lucario|0 fnt\n|faint|p1a: Lucario\n|\n|-weather|RainDance|[upkeep]\n|-damage|p2b: Garchomp|22\/100 tox|[from] psn\n|-sideend|p1: windsage35|Reflect\n|-sideend|p2: vegetasfeet|move: Tailwind\n|upkeep\n|-message|windsage35 forfeited.\n|\n|win|vegetasfeet\n|raw|windsage35's rating: 1239 &rarr; <strong>1215<\/strong><br \/>(-24 for losing)\n|raw|vegetasfeet's rating: 1258 &rarr; <strong>1282<\/strong><br \/>(+24 for winning)\n|l|\u2606windsage35\n","uploadtime":1700936716,"views":12,"p1id":"windsage35","p2id":"vegetasfeet","formatid":"gen9doublesou","rating":1215,"private":0,"password":""}