{"id":"gen9doublesou-1996809434","p1":"JustRadAlex","p2":"AlexisDec","format":"[Gen 9] Doubles OU","log":"|j|\u2606JustRadAlex\n|j|\u2606AlexisDec\n|t:|1700728887\n|gametype|doubles\n|player|p1|JustRadAlex|juan|1400\n|player|p2|AlexisDec|169|1318\n|teamsize|p1|6\n|teamsize|p2|6\n|gen|9\n|tier|[Gen 9] Doubles OU\n|rated|\n|rule|Species Clause: Limit one of each Pok\u00e9mon\n|rule|OHKO Clause: OHKO moves are banned\n|rule|Evasion Moves Clause: Evasion moves are banned\n|rule|Gravity Sleep Clause: The combination of sleep-inducing moves with imperfect accuracy and Gravity or Gigantamax Orbeetle are banned\n|rule|Endless Battle Clause: Forcing endless battles is banned\n|rule|HP Percentage Mod: HP is shown in percentages\n|clearpoke\n|poke|p1|Iron Hands|\n|poke|p1|Grimmsnarl, M|\n|poke|p1|Cresselia, F|\n|poke|p1|Rillaboom, F|\n|poke|p1|Empoleon, M|\n|poke|p1|Landorus-Therian, M|\n|poke|p2|Dachsbun, M|\n|poke|p2|Chi-Yu|\n|poke|p2|Sneasler, F|\n|poke|p2|Sinistcha|\n|poke|p2|Snorlax, F|\n|poke|p2|Flutter Mane|\n|teampreview\n|\n|t:|1700728906\n|start\n|switch|p1a: Grimmsnarl|Grimmsnarl, M, shiny|100\/100\n|switch|p1b: Kingleon|Empoleon, M, shiny|100\/100\n|switch|p2a: OT|Dachsbun, M, shiny|100\/100\n|switch|p2b: Chi-Yu|Chi-Yu|100\/100\n|-ability|p2b: Chi-Yu|Beads of Ruin\n|turn|1\n|inactive|Battle timer is ON: inactive players will automatically lose when time's up. (requested by AlexisDec)\n|\n|t:|1700728927\n|-terastallize|p2a: OT|Steel\n|move|p1a: Grimmsnarl|Light Screen|p1a: Grimmsnarl\n|-sidestart|p1: JustRadAlex|move: Light Screen\n|move|p2b: Chi-Yu|Lava Plume|p1b: Kingleon|[spread] p1a,p1b\n|-ability|p2a: OT|Well-Baked Body|boost\n|-boost|p2a: OT|def|2\n|-damage|p1a: Grimmsnarl|65\/100\n|-damage|p1b: Kingleon|71\/100\n|move|p2a: OT|Body Press|p1b: Kingleon\n|-supereffective|p1b: Kingleon\n|-damage|p1b: Kingleon|0 fnt\n|faint|p1b: Kingleon\n|\n|upkeep\n|\n|t:|1700728940\n|switch|p1b: Landorus|Landorus-Therian, M|100\/100\n|-ability|p1b: Landorus|Intimidate|boost\n|-unboost|p2a: OT|atk|1\n|-unboost|p2b: Chi-Yu|atk|1\n|turn|2\n|\n|t:|1700728960\n|move|p1a: Grimmsnarl|Parting Shot|p2a: OT\n|-unboost|p2a: OT|atk|1\n|-unboost|p2a: OT|spa|1\n|\n|t:|1700728965\n|switch|p1a: Iron Hands|Iron Hands|100\/100|[from] Parting Shot\n|move|p1b: Landorus|Stomping Tantrum|p2b: Chi-Yu\n|-supereffective|p2b: Chi-Yu\n|-damage|p2b: Chi-Yu|0 fnt\n|faint|p2b: Chi-Yu\n|move|p2a: OT|Body Press|p1a: Iron Hands\n|-damage|p1a: Iron Hands|64\/100\n|\n|upkeep\n|\n|t:|1700728976\n|switch|p2b: Sneasler|Sneasler, F|100\/100\n|turn|3\n|\n|t:|1700728991\n|move|p2a: OT|Protect|p2a: OT\n|-singleturn|p2a: OT|Protect\n|move|p2b: Sneasler|Fake Out|p1a: Iron Hands\n|-damage|p1a: Iron Hands|55\/100\n|cant|p1a: Iron Hands|flinch\n|move|p1b: Landorus|Stomping Tantrum|p2a: OT\n|-activate|p2a: OT|move: Protect\n|\n|upkeep\n|turn|4\n|\n|t:|1700729018\n|move|p1b: Landorus|Stomping Tantrum|p2b: Sneasler\n|-supereffective|p2b: Sneasler\n|-crit|p2b: Sneasler\n|-damage|p2b: Sneasler|0 fnt\n|faint|p2b: Sneasler\n|move|p2a: OT|Body Press|p1a: Iron Hands\n|-damage|p1a: Iron Hands|22\/100\n|move|p1a: Iron Hands|Drain Punch|p2a: OT\n|-supereffective|p2a: OT\n|-damage|p2a: OT|68\/100\n|-heal|p1a: Iron Hands|32\/100|[from] drain|[of] p2a: OT\n|\n|-heal|p2a: OT|74\/100|[from] item: Leftovers\n|upkeep\n|inactive|AlexisDec has 120 seconds left.\n|\n|t:|1700729036\n|switch|p2b: Sinistcha|Sinistcha|100\/100\n|-heal|p2a: OT|99\/100|[from] ability: Hospitality|[of] p2b: Sinistcha\n|turn|5\n|\n|t:|1700729059\n|switch|p1b: Cresselia|Cresselia, F|100\/100\n|-end|p1a: Iron Hands|Quark Drive|[silent]\n|switch|p1a: Rillaboom|Rillaboom, F|100\/100\n|-fieldstart|move: Grassy Terrain|[from] ability: Grassy Surge|[of] p1a: Rillaboom\n|-enditem|p1a: Rillaboom|Grassy Seed\n|-boost|p1a: Rillaboom|def|1|[from] item: Grassy Seed\n|move|p2a: OT|Helping Hand|p2b: Sinistcha\n|-singleturn|p2b: Sinistcha|Helping Hand|[of] p2a: OT\n|move|p2b: Sinistcha|Matcha Gotcha|p1a: Rillaboom|[spread] p1b\n|-miss|p2b: Sinistcha|p1a: Rillaboom\n|-enditem|p2b: Sinistcha|Blunder Policy\n|-boost|p2b: Sinistcha|spe|2\n|-damage|p1b: Cresselia|80\/100\n|-status|p1b: Cresselia|brn\n|\n|-heal|p2a: OT|100\/100|[from] Grassy Terrain\n|-heal|p1b: Cresselia|86\/100 brn|[from] item: Leftovers\n|-damage|p1b: Cresselia|80\/100 brn|[from] brn\n|upkeep\n|turn|6\n|inactive|JustRadAlex has 120 seconds left.\n|inactive|AlexisDec has 120 seconds left.\n|\n|t:|1700729093\n|move|p2b: Sinistcha|Strength Sap|p1a: Rillaboom\n|-unboost|p1a: Rillaboom|atk|1\n|move|p1a: Rillaboom|Knock Off|p2a: OT\n|-damage|p2a: OT|92\/100\n|-enditem|p2a: OT|Leftovers|[from] move: Knock Off|[of] p1a: Rillaboom\n|move|p2a: OT|Body Press|p1a: Rillaboom\n|-damage|p1a: Rillaboom|64\/100\n|move|p1b: Cresselia|Lunar Blessing|p1b: Cresselia|[spread] p1a,p1b\n|-heal|p1a: Rillaboom|89\/100\n|-heal|p1b: Cresselia|100\/100 brn\n|-curestatus|p1b: Cresselia|brn|[msg]\n|\n|-heal|p1a: Rillaboom|95\/100|[from] Grassy Terrain\n|-heal|p2a: OT|98\/100|[from] Grassy Terrain\n|upkeep\n|turn|7\n|inactive|AlexisDec has 120 seconds left.\n|\n|t:|1700729121\n|move|p2b: Sinistcha|Matcha Gotcha|p1b: Cresselia|[spread] p1a,p1b\n|-resisted|p1a: Rillaboom\n|-damage|p1a: Rillaboom|79\/100\n|-damage|p1b: Cresselia|86\/100\n|-status|p1a: Rillaboom|brn\n|move|p1a: Rillaboom|Knock Off|p2b: Sinistcha\n|-supereffective|p2b: Sinistcha\n|-damage|p2b: Sinistcha|87\/100\n|move|p2a: OT|Body Press|p1a: Rillaboom\n|-damage|p1a: Rillaboom|45\/100 brn\n|move|p1b: Cresselia|Calm Mind|p1b: Cresselia\n|-boost|p1b: Cresselia|spa|1\n|-boost|p1b: Cresselia|spd|1\n|\n|-heal|p2b: Sinistcha|93\/100|[from] Grassy Terrain\n|-heal|p1a: Rillaboom|51\/100 brn|[from] Grassy Terrain\n|-heal|p2a: OT|100\/100|[from] Grassy Terrain\n|-heal|p1b: Cresselia|93\/100|[from] item: Leftovers\n|-damage|p1a: Rillaboom|45\/100 brn|[from] brn\n|upkeep\n|turn|8\n|inactive|AlexisDec has 120 seconds left.\n|\n|t:|1700729156\n|move|p2b: Sinistcha|Matcha Gotcha|p1a: Rillaboom|[spread] p1a\n|-miss|p2b: Sinistcha|p1b: Cresselia\n|-resisted|p1a: Rillaboom\n|-damage|p1a: Rillaboom|30\/100 brn\n|-heal|p2b: Sinistcha|99\/100|[from] drain|[of] p1a: Rillaboom\n|move|p1a: Rillaboom|Bulk Up|p1a: Rillaboom\n|-boost|p1a: Rillaboom|atk|1\n|-boost|p1a: Rillaboom|def|1\n|move|p2a: OT|Body Press|p1a: Rillaboom\n|-damage|p1a: Rillaboom|4\/100 brn\n|move|p1b: Cresselia|Lunar Blessing|p1b: Cresselia|[spread] p1a,p1b\n|-heal|p1a: Rillaboom|29\/100 brn\n|-curestatus|p1a: Rillaboom|brn|[msg]\n|-heal|p1b: Cresselia|100\/100\n|\n|-heal|p2b: Sinistcha|100\/100|[from] Grassy Terrain\n|-heal|p1a: Rillaboom|35\/100|[from] Grassy Terrain\n|-sideend|p1: JustRadAlex|move: Light Screen\n|upkeep\n|turn|9\n|inactive|AlexisDec has 120 seconds left.\n|j| Powpow1\n|\n|t:|1700729183\n|move|p2b: Sinistcha|Matcha Gotcha|p1b: Cresselia|[spread] p1a\n|-miss|p2b: Sinistcha|p1b: Cresselia\n|-resisted|p1a: Rillaboom\n|-damage|p1a: Rillaboom|11\/100\n|move|p1a: Rillaboom|Bulk Up|p1a: Rillaboom\n|-boost|p1a: Rillaboom|atk|1\n|-boost|p1a: Rillaboom|def|1\n|move|p2a: OT|Body Press|p1a: Rillaboom\n|-damage|p1a: Rillaboom|0 fnt\n|faint|p1a: Rillaboom\n|move|p1b: Cresselia|Lunar Blessing||[still]\n|-fail|p1b: Cresselia\n|\n|-fieldend|move: Grassy Terrain\n|upkeep\n|c| Powpow1|Hello yall\n|\n|t:|1700729196\n|switch|p1a: Landorus|Landorus-Therian, M|100\/100\n|-ability|p1a: Landorus|Intimidate|boost\n|-unboost|p2a: OT|atk|1\n|-unboost|p2b: Sinistcha|atk|1\n|turn|10\n|\n|t:|1700729209\n|move|p1a: Landorus|Stomping Tantrum|p2a: OT\n|-supereffective|p2a: OT\n|-damage|p2a: OT|70\/100\n|move|p2b: Sinistcha|Matcha Gotcha|p1b: Cresselia|[spread] p1a,p1b\n|-damage|p1a: Landorus|66\/100\n|-damage|p1b: Cresselia|90\/100\n|move|p2a: OT|Wish|p2a: OT\n|move|p1b: Cresselia|Calm Mind|p1b: Cresselia\n|-boost|p1b: Cresselia|spa|1\n|-boost|p1b: Cresselia|spd|1\n|\n|-heal|p1b: Cresselia|96\/100|[from] item: Leftovers\n|upkeep\n|turn|11\n|\n|t:|1700729231\n|switch|p1a: Iron Hands|Iron Hands|32\/100\n|move|p2a: OT|Helping Hand|p2b: Sinistcha\n|-singleturn|p2b: Sinistcha|Helping Hand|[of] p2a: OT\n|move|p2b: Sinistcha|Matcha Gotcha|p1b: Cresselia|[spread] p1a,p1b\n|-damage|p1a: Iron Hands|6\/100\n|-damage|p1b: Cresselia|85\/100\n|-status|p1a: Iron Hands|brn\n|move|p1b: Cresselia|Calm Mind|p1b: Cresselia\n|-boost|p1b: Cresselia|spa|1\n|-boost|p1b: Cresselia|spd|1\n|\n|-heal|p2a: OT|100\/100|[from] move: Wish|[wisher] OT\n|-heal|p1b: Cresselia|91\/100|[from] item: Leftovers\n|-damage|p1a: Iron Hands|0 fnt|[from] brn\n|faint|p1a: Iron Hands\n|-end|p1a: Iron Hands|Quark Drive|[silent]\n|upkeep\n|\n|t:|1700729234\n|switch|p1a: Grimmsnarl|Grimmsnarl, M, shiny|65\/100\n|turn|12\n|l| Powpow1\n|c|\u2606JustRadAlex|Yeah I too can stall too\n|inactive|AlexisDec has 120 seconds left.\n|\n|t:|1700729265\n|move|p1a: Grimmsnarl|Light Screen|p1a: Grimmsnarl\n|-sidestart|p1: JustRadAlex|move: Light Screen\n|move|p2b: Sinistcha|Matcha Gotcha|p1a: Grimmsnarl|[spread] p1a,p1b\n|-damage|p1a: Grimmsnarl|45\/100\n|-damage|p1b: Cresselia|86\/100\n|-status|p1b: Cresselia|brn\n|move|p2a: OT|Body Press|p1a: Grimmsnarl\n|-damage|p1a: Grimmsnarl|0 fnt\n|faint|p1a: Grimmsnarl\n|move|p1b: Cresselia|Calm Mind|p1b: Cresselia\n|-boost|p1b: Cresselia|spa|1\n|-boost|p1b: Cresselia|spd|1\n|\n|-heal|p1b: Cresselia|93\/100 brn|[from] item: Leftovers\n|-damage|p1b: Cresselia|86\/100 brn|[from] brn\n|upkeep\n|j| Powpow1\n|\n|t:|1700729274\n|switch|p1a: Landorus|Landorus-Therian, M|66\/100\n|-ability|p1a: Landorus|Intimidate|boost\n|-unboost|p2a: OT|atk|1\n|-unboost|p2b: Sinistcha|atk|1\n|turn|13\n|c| Powpow1|Hello\n|\n|t:|1700729296\n|move|p2a: OT|Helping Hand|p2b: Sinistcha\n|-singleturn|p2b: Sinistcha|Helping Hand|[of] p2a: OT\n|move|p1a: Landorus|Stomping Tantrum|p2a: OT\n|-supereffective|p2a: OT\n|-damage|p2a: OT|70\/100\n|move|p2b: Sinistcha|Hex|p1b: Cresselia\n|-supereffective|p1b: Cresselia\n|-damage|p1b: Cresselia|66\/100 brn\n|move|p1b: Cresselia|Moonblast|p2b: Sinistcha\n|-damage|p2b: Sinistcha|49\/100\n|-unboost|p2b: Sinistcha|spa|1\n|\n|-heal|p1b: Cresselia|72\/100 brn|[from] item: Leftovers\n|-damage|p1b: Cresselia|66\/100 brn|[from] brn\n|upkeep\n|turn|14\n|l| Powpow1\n|\n|t:|1700729319\n|move|p1a: Landorus|Stomping Tantrum|p2b: Sinistcha\n|-resisted|p2b: Sinistcha\n|-damage|p2b: Sinistcha|30\/100\n|move|p2b: Sinistcha|Strength Sap|p1a: Landorus\n|-unboost|p1a: Landorus|atk|1\n|-heal|p2b: Sinistcha|100\/100\n|move|p2a: OT|Wish|p2a: OT\n|move|p1b: Cresselia|Lunar Blessing|p1b: Cresselia|[spread] p1a,p1b\n|-heal|p1a: Landorus|91\/100\n|-heal|p1b: Cresselia|91\/100 brn\n|-curestatus|p1b: Cresselia|brn|[msg]\n|\n|-heal|p1b: Cresselia|97\/100|[from] item: Leftovers\n|upkeep\n|turn|15\n|inactive|AlexisDec has 120 seconds left.\n|\n|t:|1700729379\n|move|p1a: Landorus|Stomping Tantrum|p2a: OT\n|-supereffective|p2a: OT\n|-damage|p2a: OT|49\/100\n|move|p2b: Sinistcha|Matcha Gotcha|p1b: Cresselia|[spread] p1a,p1b\n|-damage|p1a: Landorus|75\/100\n|-damage|p1b: Cresselia|94\/100\n|-status|p1a: Landorus|brn\n|-status|p1b: Cresselia|brn\n|move|p2a: OT|Body Press|p1a: Landorus\n|-resisted|p1a: Landorus\n|-damage|p1a: Landorus|42\/100 brn\n|move|p1b: Cresselia|Psychic|p2a: OT\n|-resisted|p2a: OT\n|-damage|p2a: OT|0 fnt\n|faint|p2a: OT\n|\n|-heal|p1b: Cresselia|100\/100 brn|[from] item: Leftovers\n|-damage|p1a: Landorus|36\/100 brn|[from] brn\n|-damage|p1b: Cresselia|94\/100 brn|[from] brn\n|upkeep\n|inactive|AlexisDec has 90 seconds left.\n|l|\u2606AlexisDec\n|inactive|AlexisDec disconnected and has a minute to reconnect!\n|player|p2|\n|j|\u2606AlexisDec\n|inactive|AlexisDec reconnected and has 55 seconds left.\n|player|p2|AlexisDec|169\n|\n|t:|1700729434\n|switch|p2a: Flutter Mane|Flutter Mane|100\/100\n|-enditem|p2a: Flutter Mane|Booster Energy\n|-activate|p2a: Flutter Mane|ability: Protosynthesis|[fromitem]\n|-start|p2a: Flutter Mane|protosynthesisspe\n|turn|16\n|\n|t:|1700729448\n|-terastallize|p1b: Cresselia|Fairy\n|move|p2a: Flutter Mane|Hex|p1b: Cresselia\n|-damage|p1b: Cresselia|85\/100 brn\n|move|p1a: Landorus|Stomping Tantrum|p2b: Sinistcha\n|-resisted|p2b: Sinistcha\n|-damage|p2b: Sinistcha|94\/100\n|move|p2b: Sinistcha|Hex|p1b: Cresselia\n|-damage|p1b: Cresselia|81\/100 brn\n|move|p1b: Cresselia|Moonblast|p2a: Flutter Mane\n|-damage|p2a: Flutter Mane|0 fnt\n|faint|p2a: Flutter Mane\n|-end|p2a: Flutter Mane|Protosynthesis|[silent]\n|\n|-heal|p1b: Cresselia|87\/100 brn|[from] item: Leftovers\n|-damage|p1a: Landorus|30\/100 brn|[from] brn\n|-damage|p1b: Cresselia|81\/100 brn|[from] brn\n|upkeep\n|inactive|AlexisDec has 60 seconds left.\n|\n|t:|1700729466\n|switch|p2a: Snorlax|Snorlax, F, shiny|100\/100\n|turn|17\n|\n|t:|1700729479\n|move|p1a: Landorus|Stomping Tantrum|p2a: Snorlax\n|-damage|p2a: Snorlax|91\/100\n|move|p2b: Sinistcha|Scald|p1a: Landorus\n|-supereffective|p1a: Landorus\n|-crit|p1a: Landorus\n|-damage|p1a: Landorus|0 fnt\n|faint|p1a: Landorus\n|move|p1b: Cresselia|Lunar Blessing|p1b: Cresselia\n|-heal|p1b: Cresselia|100\/100 brn\n|-curestatus|p1b: Cresselia|brn|[msg]\n|move|p2a: Snorlax|Curse|p2a: Snorlax\n|-unboost|p2a: Snorlax|spe|1\n|-boost|p2a: Snorlax|atk|1\n|-boost|p2a: Snorlax|def|1\n|\n|upkeep\n|turn|18\n|inactive|AlexisDec has 90 seconds left.\n|\n|t:|1700729510\n|move|p2b: Sinistcha|Matcha Gotcha|p1b: Cresselia\n|-damage|p1b: Cresselia|98\/100\n|-heal|p2b: Sinistcha|96\/100|[from] drain|[of] p1b: Cresselia\n|move|p1b: Cresselia|Moonblast|p2a: Snorlax\n|-damage|p2a: Snorlax|39\/100\n|move|p2a: Snorlax|Curse|p2a: Snorlax\n|-unboost|p2a: Snorlax|spe|1\n|-boost|p2a: Snorlax|atk|1\n|-boost|p2a: Snorlax|def|1\n|\n|-heal|p1b: Cresselia|100\/100|[from] item: Leftovers\n|upkeep\n|turn|19\n|inactive|AlexisDec has 90 seconds left.\n|\n|t:|1700729540\n|move|p2b: Sinistcha|Matcha Gotcha|p1b: Cresselia\n|-damage|p1b: Cresselia|97\/100\n|-heal|p2b: Sinistcha|98\/100|[from] drain|[of] p1b: Cresselia\n|move|p1b: Cresselia|Moonblast|p2a: Snorlax\n|-damage|p2a: Snorlax|0 fnt\n|faint|p2a: Snorlax\n|\n|-heal|p1b: Cresselia|100\/100|[from] item: Leftovers\n|-sideend|p1: JustRadAlex|move: Light Screen\n|upkeep\n|turn|20\n|inactive|AlexisDec has 90 seconds left.\n|-message|AlexisDec forfeited.\n|\n|win|JustRadAlex\n|raw|JustRadAlex's rating: 1400 &rarr; <strong>1415<\/strong><br \/>(+15 for winning)\n|raw|AlexisDec's rating: 1318 &rarr; <strong>1303<\/strong><br \/>(-15 for losing)\n|l|\u2606AlexisDec\n","uploadtime":1700729558,"views":6,"p1id":"justradalex","p2id":"alexisdec","formatid":"gen9doublesou","rating":1303,"private":0,"password":""}