{"id":"gen9doublesou-1983581779","p1":"andergamert","p2":"cotesmcgotes","format":"[Gen 9] Doubles OU","log":"|j|\u2606andergamert\n|j|\u2606cotesmcgotes\n|t:|1699145833\n|gametype|doubles\n|player|p1|andergamert|169|1204\n|player|p2|cotesmcgotes|artistf-gen6|1299\n|teamsize|p1|6\n|teamsize|p2|6\n|gen|9\n|tier|[Gen 9] Doubles OU\n|rated|\n|rule|Species Clause: Limit one of each Pok\u00e9mon\n|rule|OHKO Clause: OHKO moves are banned\n|rule|Evasion Moves Clause: Evasion moves are banned\n|rule|Gravity Sleep Clause: The combination of sleep-inducing moves with imperfect accuracy and Gravity or Gigantamax Orbeetle are banned\n|rule|Endless Battle Clause: Forcing endless battles is banned\n|rule|HP Percentage Mod: HP is shown in percentages\n|clearpoke\n|poke|p1|Sinistcha|\n|poke|p1|Ursaluna, F|\n|poke|p1|Slowking-Galar, M|\n|poke|p1|Kommo-o, M|\n|poke|p1|Shiftry, F|\n|poke|p1|Tinkaton, F|\n|poke|p2|Cresselia, F|\n|poke|p2|Tsareena, F|\n|poke|p2|Tornadus, M|\n|poke|p2|Ninetales, M|\n|poke|p2|Chien-Pao|\n|poke|p2|Gliscor, F|\n|teampreview\n|\n|t:|1699145852\n|start\n|switch|p1a: Tinkaton|Tinkaton, F|100\/100\n|switch|p1b: Shiftry|Shiftry, F|100\/100\n|switch|p2a: Tornadus|Tornadus, M, shiny|100\/100\n|switch|p2b: Gliscor|Gliscor, F, shiny|100\/100\n|-ability|p1a: Tinkaton|Mold Breaker\n|turn|1\n|inactive|Battle timer is ON: inactive players will automatically lose when time's up. (requested by cotesmcgotes)\n|\n|t:|1699145881\n|move|p1a: Tinkaton|Fake Out|p2a: Tornadus\n|-damage|p2a: Tornadus|88\/100\n|cant|p2a: Tornadus|flinch\n|move|p2b: Gliscor|Earthquake|p1b: Shiftry|[spread] p1a,p1b\n|-immune|p2a: Tornadus\n|-supereffective|p1a: Tinkaton\n|-resisted|p1b: Shiftry\n|-damage|p1a: Tinkaton|30\/100\n|-damage|p1b: Shiftry|77\/100\n|move|p1b: Shiftry|Tailwind|p1b: Shiftry\n|-sidestart|p1: andergamert|move: Tailwind\n|-ability|p1b: Shiftry|Wind Rider|boost\n|-boost|p1b: Shiftry|atk|1\n|\n|-status|p2b: Gliscor|tox|[from] item: Toxic Orb\n|upkeep\n|turn|2\n|inactive|andergamert has 120 seconds left.\n|\n|t:|1699145920\n|switch|p1a: Sinistcha|Sinistcha|100\/100\n|-heal|p1b: Shiftry|100\/100|[from] ability: Hospitality|[of] p1a: Sinistcha\n|-terastallize|p2b: Gliscor|Normal\n|move|p2a: Tornadus|Tailwind|p2a: Tornadus\n|-sidestart|p2: cotesmcgotes|move: Tailwind\n|move|p2b: Gliscor|Facade|p1b: Shiftry\n|-damage|p1b: Shiftry|5\/100\n|move|p1b: Shiftry|Explosion|p2a: Tornadus|[spread] p2a,p2b\n|-immune|p1a: Sinistcha\n|-damage|p2a: Tornadus|0 fnt\n|-damage|p2b: Gliscor|22\/100 tox\n|faint|p1b: Shiftry\n|faint|p2a: Tornadus\n|\n|-heal|p2b: Gliscor|34\/100 tox|[from] ability: Poison Heal\n|upkeep\n|inactive|andergamert has 120 seconds left.\n|inactive|cotesmcgotes has 120 seconds left.\n|\n|t:|1699145951\n|switch|p1b: Kommo-o|Kommo-o, M|100\/100\n|switch|p2a: Ninetales|Ninetales, M, shiny|100\/100\n|-weather|SunnyDay|[from] ability: Drought|[of] p2a: Ninetales\n|turn|3\n|\n|t:|1699145969\n|move|p1a: Sinistcha|Rage Powder|p1a: Sinistcha\n|-singleturn|p1a: Sinistcha|move: Rage Powder\n|move|p2a: Ninetales|Flamethrower|p1a: Sinistcha\n|-supereffective|p1a: Sinistcha\n|-damage|p1a: Sinistcha|0 fnt\n|faint|p1a: Sinistcha\n|move|p2b: Gliscor|Facade|p1b: Kommo-o\n|-damage|p1b: Kommo-o|56\/100\n|move|p1b: Kommo-o|Clangorous Soul|p1b: Kommo-o\n|-boost|p1b: Kommo-o|atk|1\n|-boost|p1b: Kommo-o|def|1\n|-boost|p1b: Kommo-o|spa|1\n|-boost|p1b: Kommo-o|spd|1\n|-boost|p1b: Kommo-o|spe|1\n|-damage|p1b: Kommo-o|24\/100\n|-enditem|p1b: Kommo-o|Throat Spray\n|-boost|p1b: Kommo-o|spa|1|[from] item: Throat Spray\n|\n|-weather|SunnyDay|[upkeep]\n|-heal|p2b: Gliscor|47\/100 tox|[from] ability: Poison Heal\n|upkeep\n|inactive|andergamert has 120 seconds left.\n|\n|t:|1699145985\n|switch|p1a: Slowking|Slowking-Galar, M|100\/100\n|turn|4\n|inactive|andergamert has 120 seconds left.\n|\n|t:|1699146011\n|move|p2a: Ninetales|Flamethrower|p1b: Kommo-o\n|-resisted|p1b: Kommo-o\n|-damage|p1b: Kommo-o|7\/100\n|move|p2b: Gliscor|Psychic Fangs|p1b: Kommo-o\n|-supereffective|p1b: Kommo-o\n|-damage|p1b: Kommo-o|0 fnt\n|faint|p1b: Kommo-o\n|move|p1a: Slowking|Chilly Reception|p1a: Slowking\n|-weather|Snow\n|inactive|andergamert has 120 seconds left.\n|\n|t:|1699146023\n|switch|p1a: Tinkaton|Tinkaton, F|30\/100|[from] Chilly Reception\n|-ability|p1a: Tinkaton|Mold Breaker\n|\n|-weather|Snow|[upkeep]\n|-heal|p2b: Gliscor|59\/100 tox|[from] ability: Poison Heal\n|-sideend|p1: andergamert|move: Tailwind\n|upkeep\n|\n|t:|1699146026\n|switch|p1b: Ursaluna|Ursaluna, F|100\/100\n|turn|5\n|\n|t:|1699146047\n|move|p1b: Ursaluna|Protect|p1b: Ursaluna\n|-singleturn|p1b: Ursaluna|Protect\n|move|p2a: Ninetales|Flamethrower|p1a: Tinkaton\n|-supereffective|p1a: Tinkaton\n|-damage|p1a: Tinkaton|0 fnt\n|faint|p1a: Tinkaton\n|move|p2b: Gliscor|Swords Dance|p2b: Gliscor\n|-boost|p2b: Gliscor|atk|2\n|\n|-weather|Snow|[upkeep]\n|-heal|p2b: Gliscor|71\/100 tox|[from] ability: Poison Heal\n|-sideend|p2: cotesmcgotes|move: Tailwind\n|-status|p1b: Ursaluna|brn|[from] item: Flame Orb\n|upkeep\n|inactive|andergamert has 120 seconds left.\n|\n|t:|1699146080\n|switch|p1a: Slowking|Slowking-Galar, M|100\/100\n|turn|6\n|inactive|cotesmcgotes has 120 seconds left.\n|\n|t:|1699146112\n|switch|p2a: Cresselia|Cresselia, F, shiny|100\/100\n|move|p2b: Gliscor|Earthquake|p1b: Ursaluna|[spread] p1a,p1b\n|-immune|p2a: Cresselia|[from] ability: Levitate\n|-supereffective|p1a: Slowking\n|-damage|p1a: Slowking|0 fnt\n|-damage|p1b: Ursaluna|57\/100 brn\n|faint|p1a: Slowking\n|move|p1b: Ursaluna|Facade|p2b: Gliscor\n|-damage|p2b: Gliscor|0 fnt\n|faint|p2b: Gliscor\n|\n|-weather|Snow|[upkeep]\n|-damage|p1b: Ursaluna|51\/100 brn|[from] brn\n|upkeep\n|inactive|cotesmcgotes has 120 seconds left.\n|\n|t:|1699146125\n|switch|p2b: Ninetales|Ninetales, M, shiny|100\/100\n|-weather|SunnyDay|[from] ability: Drought|[of] p2b: Ninetales\n|turn|7\n|\n|t:|1699146140\n|move|p2b: Ninetales|Solar Beam||[still]\n|-prepare|p2b: Ninetales|Solar Beam\n|-anim|p2b: Ninetales|Solar Beam|p1b: Ursaluna\n|-supereffective|p1b: Ursaluna\n|-damage|p1b: Ursaluna|0 fnt\n|faint|p1b: Ursaluna\n|\n|win|cotesmcgotes\n|raw|andergamert's rating: 1204 &rarr; <strong>1186<\/strong><br \/>(-18 for losing)\n|raw|cotesmcgotes's rating: 1299 &rarr; <strong>1317<\/strong><br \/>(+18 for winning)\n|l|\u2606andergamert\n","uploadtime":1699146146,"views":14,"p1id":"andergamert","p2id":"cotesmcgotes","formatid":"gen9doublesou","rating":1186,"private":0,"password":""}