{"id":"gen9doublesou-1983693458","p1":"CaptainDystopia","p2":"Joecheve13","format":"[Gen 9] Doubles OU","log":"|j|\u203dCaptainDystopia\n|j|\u2606Joecheve13\n|t:|1699162041\n|gametype|doubles\n|player|p1|CaptainDystopia|169|1641\n|player|p2|Joecheve13|richboy-gen4|1589\n|teamsize|p1|6\n|teamsize|p2|6\n|gen|9\n|tier|[Gen 9] Doubles OU\n|rated|\n|rule|Species Clause: Limit one of each Pok\u00e9mon\n|rule|OHKO Clause: OHKO moves are banned\n|rule|Evasion Moves Clause: Evasion moves are banned\n|rule|Gravity Sleep Clause: The combination of sleep-inducing moves with imperfect accuracy and Gravity or Gigantamax Orbeetle are banned\n|rule|Endless Battle Clause: Forcing endless battles is banned\n|rule|HP Percentage Mod: HP is shown in percentages\n|clearpoke\n|poke|p1|Dusclops, M|\n|poke|p1|Garganacl, F|\n|poke|p1|Glimmora, M|\n|poke|p1|Sylveon, M|\n|poke|p1|Arcanine-Hisui, M|\n|poke|p1|Iron Hands|\n|poke|p2|Pelipper, F|\n|poke|p2|Tinkaton, F|\n|poke|p2|Landorus, M|\n|poke|p2|Tornadus, M|\n|poke|p2|Goodra-Hisui, F|\n|poke|p2|Ogerpon-Wellspring, F|\n|teampreview\n|inactive|Battle timer is ON: inactive players will automatically lose when time's up. (requested by CaptainDystopia)\n|\n|t:|1699162076\n|start\n|switch|p1a: Garganacl|Garganacl, F|100\/100\n|switch|p1b: Iron Hands|Iron Hands|100\/100\n|switch|p2a: Tinkaton|Tinkaton, F|100\/100\n|switch|p2b: Landorus|Landorus, M|100\/100\n|turn|1\n|\n|t:|1699162090\n|-terastallize|p1a: Garganacl|Ghost\n|move|p2a: Tinkaton|Fake Out|p1b: Iron Hands\n|-damage|p1b: Iron Hands|93\/100\n|move|p2b: Landorus|Stealth Rock|p1a: Garganacl\n|-sidestart|p1: CaptainDystopia|move: Stealth Rock\n|move|p1a: Garganacl|Salt Cure|p2a: Tinkaton\n|-resisted|p2a: Tinkaton\n|-damage|p2a: Tinkaton|93\/100\n|-start|p2a: Tinkaton|Salt Cure\n|cant|p1b: Iron Hands|flinch\n|\n|-damage|p2a: Tinkaton|68\/100|[from] Salt Cure\n|upkeep\n|turn|2\n|\n|t:|1699162106\n|switch|p2a: Pelipper|Pelipper, F|100\/100\n|-weather|RainDance|[from] ability: Drizzle|[of] p2a: Pelipper\n|move|p2b: Landorus|Sandsear Storm|p1b: Iron Hands|[spread] p1a,p1b\n|-supereffective|p1b: Iron Hands\n|-damage|p1a: Garganacl|66\/100\n|-damage|p1b: Iron Hands|46\/100\n|move|p1a: Garganacl|Salt Cure|p2b: Landorus\n|-damage|p2b: Landorus|85\/100\n|-start|p2b: Landorus|Salt Cure\n|move|p1b: Iron Hands|Ice Punch|p2b: Landorus\n|-supereffective|p2b: Landorus\n|-damage|p2b: Landorus|0 fnt\n|faint|p2b: Landorus\n|\n|-weather|RainDance|[upkeep]\n|-heal|p1a: Garganacl|73\/100|[from] item: Leftovers\n|upkeep\n|\n|t:|1699162125\n|switch|p2b: Tinkaton|Tinkaton, F|68\/100\n|turn|3\n|\n|t:|1699162149\n|move|p2b: Tinkaton|Fake Out|p1b: Iron Hands\n|-damage|p1b: Iron Hands|40\/100\n|move|p2a: Pelipper|Hurricane|p1a: Garganacl\n|-damage|p1a: Garganacl|47\/100\n|move|p1a: Garganacl|Recover|p1a: Garganacl\n|-heal|p1a: Garganacl|97\/100\n|cant|p1b: Iron Hands|flinch\n|\n|-weather|RainDance|[upkeep]\n|-heal|p1a: Garganacl|100\/100|[from] item: Leftovers\n|upkeep\n|turn|4\n|\n|t:|1699162171\n|move|p2b: Tinkaton|Play Rough|p1b: Iron Hands\n|-supereffective|p1b: Iron Hands\n|-damage|p1b: Iron Hands|0 fnt\n|faint|p1b: Iron Hands\n|-end|p1b: Iron Hands|Quark Drive|[silent]\n|move|p2a: Pelipper|Hurricane|p1a: Garganacl\n|-crit|p1a: Garganacl\n|-damage|p1a: Garganacl|67\/100\n|-start|p1a: Garganacl|confusion\n|-activate|p1a: Garganacl|confusion\n|move|p1a: Garganacl|Salt Cure|p2b: Tinkaton\n|-resisted|p2b: Tinkaton\n|-damage|p2b: Tinkaton|60\/100\n|-start|p2b: Tinkaton|Salt Cure\n|\n|-weather|RainDance|[upkeep]\n|-heal|p1a: Garganacl|73\/100|[from] item: Leftovers\n|-damage|p2b: Tinkaton|35\/100|[from] Salt Cure\n|upkeep\n|\n|t:|1699162189\n|switch|p1b: Dusclops|Dusclops, M|100\/100\n|-damage|p1b: Dusclops|88\/100|[from] Stealth Rock\n|-item|p2a: Pelipper|Damp Rock|[from] ability: Frisk|[of] p1b: Dusclops|[identify]\n|-item|p2b: Tinkaton|Assault Vest|[from] ability: Frisk|[of] p1b: Dusclops|[identify]\n|turn|5\n|\n|t:|1699162212\n|switch|p2b: Goodra|Goodra-Hisui, F|100\/100\n|switch|p1a: Glimmora|Glimmora, M|100\/100\n|-damage|p1a: Glimmora|88\/100|[from] Stealth Rock\n|move|p2a: Pelipper|Hurricane|p1b: Dusclops\n|-damage|p1b: Dusclops|68\/100\n|-start|p1b: Dusclops|confusion\n|-activate|p1b: Dusclops|confusion\n|-damage|p1b: Dusclops|62\/100|[from] confusion\n|\n|-weather|RainDance|[upkeep]\n|upkeep\n|turn|6\n|\n|t:|1699162235\n|move|p2a: Pelipper|Helping Hand|p2b: Goodra\n|-singleturn|p2b: Goodra|Helping Hand|[of] p2a: Pelipper\n|move|p1a: Glimmora|Sludge Bomb|p2a: Pelipper\n|-damage|p2a: Pelipper|59\/100\n|move|p2b: Goodra|Muddy Water|p1a: Glimmora|[spread] p1a,p1b\n|-supereffective|p1a: Glimmora\n|-damage|p1a: Glimmora|0 fnt\n|-damage|p1b: Dusclops|39\/100\n|faint|p1a: Glimmora\n|-activate|p1b: Dusclops|confusion\n|-damage|p1b: Dusclops|32\/100|[from] confusion\n|\n|-weather|RainDance|[upkeep]\n|upkeep\n|\n|t:|1699162248\n|switch|p1a: Garganacl|Garganacl, F, tera:Ghost|73\/100\n|-damage|p1a: Garganacl|61\/100|[from] Stealth Rock\n|turn|7\n|\n|t:|1699162263\n|move|p2a: Pelipper|Helping Hand|p2b: Goodra\n|-singleturn|p2b: Goodra|Helping Hand|[of] p2a: Pelipper\n|move|p2b: Goodra|Muddy Water|p1b: Dusclops|[spread] p1a,p1b\n|-damage|p1a: Garganacl|33\/100\n|-damage|p1b: Dusclops|9\/100\n|move|p1a: Garganacl|Salt Cure|p2b: Goodra\n|-resisted|p2b: Goodra\n|-damage|p2b: Goodra|95\/100\n|-start|p2b: Goodra|Salt Cure\n|-activate|p1b: Dusclops|confusion\n|-damage|p1b: Dusclops|3\/100|[from] confusion\n|\n|-weather|RainDance|[upkeep]\n|-heal|p2b: Goodra|100\/100|[from] item: Leftovers\n|-heal|p1a: Garganacl|39\/100|[from] item: Leftovers\n|-damage|p2b: Goodra|75\/100|[from] Salt Cure\n|upkeep\n|turn|8\n|\n|t:|1699162281\n|move|p2a: Pelipper|Hurricane|p1a: Garganacl\n|-damage|p1a: Garganacl|17\/100\n|-start|p1a: Garganacl|confusion\n|move|p2b: Goodra|Muddy Water|p1b: Dusclops|[spread] p1b\n|-miss|p2b: Goodra|p1a: Garganacl\n|-damage|p1b: Dusclops|0 fnt\n|faint|p1b: Dusclops\n|-activate|p1a: Garganacl|confusion\n|-damage|p1a: Garganacl|10\/100|[from] confusion\n|\n|-weather|RainDance|[upkeep]\n|-heal|p2b: Goodra|82\/100|[from] item: Leftovers\n|-heal|p1a: Garganacl|16\/100|[from] item: Leftovers\n|-damage|p2b: Goodra|57\/100|[from] Salt Cure\n|upkeep\n|inactive|CaptainDystopia has 120 seconds left.\n|\n|t:|1699162304\n|switch|p1b: Arcanine|Arcanine-Hisui, M, shiny|100\/100\n|-damage|p1b: Arcanine|76\/100|[from] Stealth Rock\n|turn|9\n|\n|t:|1699162317\n|move|p1b: Arcanine|Protect|p1b: Arcanine\n|-singleturn|p1b: Arcanine|Protect\n|move|p2a: Pelipper|Hurricane|p1a: Garganacl\n|-crit|p1a: Garganacl\n|-damage|p1a: Garganacl|0 fnt\n|faint|p1a: Garganacl\n|move|p2b: Goodra|Muddy Water|p1b: Arcanine\n|-activate|p1b: Arcanine|move: Protect\n|\n|-weather|none\n|-heal|p2b: Goodra|63\/100|[from] item: Leftovers\n|-damage|p2b: Goodra|38\/100|[from] Salt Cure\n|upkeep\n|\n|t:|1699162321\n|switch|p1a: Sylveon|Sylveon, M|100\/100\n|-damage|p1a: Sylveon|88\/100|[from] Stealth Rock\n|turn|10\n|\n|t:|1699162341\n|switch|p2a: Tinkaton|Tinkaton, F|35\/100\n|move|p1b: Arcanine|Head Smash|p2a: Tinkaton\n|-resisted|p2a: Tinkaton\n|-damage|p2a: Tinkaton|0 fnt\n|faint|p2a: Tinkaton\n|move|p1a: Sylveon|Tera Blast|p2b: Goodra\n|-damage|p2b: Goodra|1\/100\n|move|p2b: Goodra|Muddy Water|p1a: Sylveon|[spread] p1b\n|-miss|p2b: Goodra|p1a: Sylveon\n|-supereffective|p1b: Arcanine\n|-damage|p1b: Arcanine|0 fnt\n|faint|p1b: Arcanine\n|\n|-heal|p2b: Goodra|7\/100|[from] item: Leftovers\n|-damage|p2b: Goodra|0 fnt|[from] Salt Cure\n|faint|p2b: Goodra\n|upkeep\n|\n|t:|1699162359\n|switch|p2a: Tornadus|Tornadus, M|100\/100\n|switch|p2b: Pelipper|Pelipper, F|59\/100\n|-weather|RainDance|[from] ability: Drizzle|[of] p2b: Pelipper\n|turn|11\n|\n|t:|1699162368\n|move|p2a: Tornadus|Bleakwind Storm|p1a: Sylveon\n|-damage|p1a: Sylveon|48\/100\n|-unboost|p1a: Sylveon|spe|1\n|move|p2b: Pelipper|Hurricane|p1a: Sylveon\n|-damage|p1a: Sylveon|22\/100\n|move|p1a: Sylveon|Tera Blast|p2a: Tornadus\n|-damage|p2a: Tornadus|33\/100\n|\n|-weather|RainDance|[upkeep]\n|upkeep\n|turn|12\n|\n|t:|1699162381\n|move|p2a: Tornadus|Bleakwind Storm|p1a: Sylveon\n|-damage|p1a: Sylveon|0 fnt\n|faint|p1a: Sylveon\n|\n|win|Joecheve13\n|raw|CaptainDystopia's rating: 1641 &rarr; <strong>1618<\/strong><br \/>(-23 for losing)\n|raw|Joecheve13's rating: 1589 &rarr; <strong>1612<\/strong><br \/>(+23 for winning)\n|l|\u2606Joecheve13\n","uploadtime":1699162401,"views":12,"p1id":"captaindystopia","p2id":"joecheve13","formatid":"gen9doublesou","rating":1612,"private":0,"password":""}