{"id":"gen9doublesou-1985860172","p1":"forba","p2":"FlaringFox64","format":"[Gen 9] Doubles OU","log":"|j|\u2606forba\n|j|\u2606FlaringFox64\n|t:|1699414256\n|gametype|doubles\n|player|p1|forba|guitarist|1061\n|player|p2|FlaringFox64|169|1018\n|teamsize|p1|6\n|teamsize|p2|6\n|gen|9\n|tier|[Gen 9] Doubles OU\n|rated|\n|rule|Species Clause: Limit one of each Pok\u00e9mon\n|rule|OHKO Clause: OHKO moves are banned\n|rule|Evasion Moves Clause: Evasion moves are banned\n|rule|Gravity Sleep Clause: The combination of sleep-inducing moves with imperfect accuracy and Gravity or Gigantamax Orbeetle are banned\n|rule|Endless Battle Clause: Forcing endless battles is banned\n|rule|HP Percentage Mod: HP is shown in percentages\n|clearpoke\n|poke|p1|Gothitelle, M|\n|poke|p1|Passimian, M|\n|poke|p1|Spidops, F|\n|poke|p1|Espeon, F|\n|poke|p1|Falinks|\n|poke|p1|Kingambit, F|\n|poke|p2|Corviknight, F|\n|poke|p2|Ceruledge, F|\n|poke|p2|Diancie|\n|poke|p2|Greninja-*, M|\n|poke|p2|Clefable, F|\n|poke|p2|Kommo-o, F|\n|teampreview\n|inactive|Battle timer is ON: inactive players will automatically lose when time's up. (requested by forba)\n|\n|t:|1699414263\n|start\n|switch|p1a: Spidops|Spidops, F|100\/100\n|switch|p1b: Espeon|Espeon, F|100\/100\n|switch|p2a: Corviknight|Corviknight, F|100\/100\n|switch|p2b: Diancie|Diancie|100\/100\n|turn|1\n|\n|t:|1699414281\n|move|p1b: Espeon|Skill Swap|p2b: Diancie\n|-activate|p1b: Espeon|move: Skill Swap|Clear Body|Magic Bounce|[of] p2b: Diancie\n|move|p2a: Corviknight|Light Screen|p2a: Corviknight\n|-sidestart|p2: FlaringFox64|move: Light Screen\n|move|p2b: Diancie|Reflect|p2b: Diancie\n|-sidestart|p2: FlaringFox64|Reflect\n|move|p1a: Spidops|Sticky Web|p2b: Diancie\n|move|p2b: Diancie|Sticky Web|p1a: Spidops|[from]ability: Magic Bounce\n|-sidestart|p1: forba|move: Sticky Web\n|\n|upkeep\n|turn|2\n|inactive|forba has 120 seconds left.\n|\n|t:|1699414313\n|move|p1b: Espeon|Shadow Ball|p2a: Corviknight\n|-damage|p2a: Corviknight|82\/100\n|move|p2a: Corviknight|Iron Defense|p2a: Corviknight\n|-boost|p2a: Corviknight|def|2\n|move|p2b: Diancie|Diamond Storm|p1b: Espeon|[spread] p1a,p1b\n|-supereffective|p1a: Spidops\n|-damage|p1a: Spidops|50\/100\n|-damage|p1b: Espeon|57\/100\n|-boost|p2b: Diancie|def|2\n|move|p1a: Spidops|Memento|p2b: Diancie\n|-unboost|p2b: Diancie|atk|2\n|-unboost|p2b: Diancie|spa|2\n|faint|p1a: Spidops\n|\n|upkeep\n|inactive|forba has 120 seconds left.\n|\n|t:|1699414336\n|switch|p1a: Kingambit|Kingambit, F|100\/100\n|-activate|p1a: Kingambit|move: Sticky Web\n|-unboost|p1a: Kingambit|spe|1\n|-ability|p1a: Kingambit|Defiant|boost\n|-boost|p1a: Kingambit|atk|2\n|turn|3\n|inactive|forba has 120 seconds left.\n|\n|t:|1699414362\n|move|p1b: Espeon|Shadow Ball|p2a: Corviknight\n|-damage|p2a: Corviknight|63\/100\n|-ability|p2a: Corviknight|Mirror Armor\n|-fail|p1b: Espeon|unboost|[from] ability: Clear Body|[of] p1b: Espeon\n|move|p2a: Corviknight|Iron Defense|p2a: Corviknight\n|-boost|p2a: Corviknight|def|2\n|move|p2b: Diancie|Body Press|p1a: Kingambit\n|-supereffective|p1a: Kingambit\n|-damage|p1a: Kingambit|0 fnt\n|faint|p1a: Kingambit\n|\n|upkeep\n|\n|t:|1699414379\n|switch|p1a: Gothitelle|Gothitelle, M|100\/100\n|-activate|p1a: Gothitelle|move: Sticky Web\n|-unboost|p1a: Gothitelle|spe|1\n|-ability|p1a: Gothitelle|Competitive|boost\n|-boost|p1a: Gothitelle|spa|2\n|turn|4\n|\n|t:|1699414400\n|move|p1b: Espeon|Shadow Ball|p2b: Diancie\n|-damage|p2b: Diancie|87\/100\n|move|p2a: Corviknight|Iron Defense|p2a: Corviknight\n|-boost|p2a: Corviknight|def|2\n|move|p1a: Gothitelle|Thunderbolt|p2a: Corviknight\n|-supereffective|p2a: Corviknight\n|-damage|p2a: Corviknight|0 fnt\n|faint|p2a: Corviknight\n|move|p2b: Diancie|Diamond Storm|p1b: Espeon|[spread] p1a,p1b\n|-damage|p1a: Gothitelle|84\/100\n|-damage|p1b: Espeon|35\/100\n|-boost|p2b: Diancie|def|2\n|\n|-heal|p2b: Diancie|93\/100|[from] item: Leftovers\n|upkeep\n|\n|t:|1699414416\n|switch|p2a: Ceruledge|Ceruledge, F|100\/100\n|turn|5\n|inactive|forba has 120 seconds left.\n|\n|t:|1699414447\n|-terastallize|p1a: Gothitelle|Fairy\n|move|p1b: Espeon|Shadow Ball|p2b: Diancie\n|-damage|p2b: Diancie|78\/100\n|-unboost|p2b: Diancie|spd|1\n|move|p2a: Ceruledge|Poltergeist|p1a: Gothitelle\n|-activate|p1a: Gothitelle|move: Poltergeist|Focus Sash\n|-crit|p1a: Gothitelle\n|-damage|p1a: Gothitelle|0 fnt\n|faint|p1a: Gothitelle\n|move|p2b: Diancie|Diamond Storm|p1b: Espeon\n|-damage|p1b: Espeon|8\/100\n|-boost|p2b: Diancie|def|2\n|\n|-heal|p2b: Diancie|84\/100|[from] item: Leftovers\n|-sideend|p2: FlaringFox64|Reflect\n|upkeep\n|inactive|forba has 90 seconds left.\n|\n|t:|1699414465\n|switch|p1a: Passimian|Passimian, M|100\/100\n|-activate|p1a: Passimian|move: Sticky Web\n|-unboost|p1a: Passimian|spe|1\n|-ability|p1a: Passimian|Defiant|boost\n|-boost|p1a: Passimian|atk|2\n|-enditem|p1a: Passimian|White Herb\n|-clearnegativeboost|p1a: Passimian|[silent]\n|turn|6\n|inactive|forba has 90 seconds left.\n|\n|t:|1699414490\n|move|p1b: Espeon|Shadow Ball|p2a: Ceruledge\n|-supereffective|p2a: Ceruledge\n|-damage|p2a: Ceruledge|55\/100\n|move|p2a: Ceruledge|Bitter Blade|p1b: Espeon\n|-damage|p1b: Espeon|0 fnt\n|-heal|p2a: Ceruledge|59\/100|[from] drain|[of] p1b: Espeon\n|faint|p1b: Espeon\n|move|p1a: Passimian|Drain Punch|p2b: Diancie\n|-damage|p2b: Diancie|72\/100\n|move|p2b: Diancie|Body Press|p1a: Passimian\n|-damage|p1a: Passimian|0 fnt\n|faint|p1a: Passimian\n|\n|-heal|p2a: Ceruledge|65\/100|[from] item: Leftovers\n|-heal|p2b: Diancie|78\/100|[from] item: Leftovers\n|upkeep\n|inactive|forba has 90 seconds left.\n|-message|forba forfeited.\n|\n|win|FlaringFox64\n|raw|forba's rating: 1061 &rarr; <strong>1039<\/strong><br \/>(-22 for losing)\n|raw|FlaringFox64's rating: 1006 &rarr; <strong>1051<\/strong><br \/>(+45 for winning)\n|l|\u2606forba\n","uploadtime":1699414510,"views":8,"p1id":"forba","p2id":"flaringfox64","formatid":"gen9doublesou","rating":1039,"private":0,"password":""}