{"id":"gen9doublesou-1993710467","p1":"Kuzwa","p2":"Gen8Genesect","format":"[Gen 9] Doubles OU","log":"|j|\u2606Kuzwa\n|j|\u2606Gen8Genesect\n|t:|1700348177\n|gametype|doubles\n|player|p1|Kuzwa|kieran-festival|1170\n|player|p2|Gen8Genesect|101|1203\n|teamsize|p1|6\n|teamsize|p2|6\n|gen|9\n|tier|[Gen 9] Doubles OU\n|rated|\n|rule|Species Clause: Limit one of each Pok\u00e9mon\n|rule|OHKO Clause: OHKO moves are banned\n|rule|Evasion Moves Clause: Evasion moves are banned\n|rule|Gravity Sleep Clause: The combination of sleep-inducing moves with imperfect accuracy and Gravity or Gigantamax Orbeetle are banned\n|rule|Endless Battle Clause: Forcing endless battles is banned\n|rule|HP Percentage Mod: HP is shown in percentages\n|clearpoke\n|poke|p1|Chi-Yu|\n|poke|p1|Torkoal, M|\n|poke|p1|Glimmora, M|\n|poke|p1|Gallade, M|\n|poke|p1|Cinderace, M|\n|poke|p1|Gardevoir, F|\n|poke|p2|Ogerpon-Hearthflame, F|\n|poke|p2|Kingambit, M|\n|poke|p2|Arcanine-Hisui, F|\n|poke|p2|Armarouge, F|\n|poke|p2|Indeedee-F, F|\n|poke|p2|Roaring Moon|\n|teampreview\n|\n|t:|1700348187\n|start\n|switch|p1a: Strega|Glimmora, M|100\/100\n|switch|p1b: Nyx|Gardevoir, F, shiny|100\/100\n|switch|p2a: Roaring Moon|Roaring Moon|100\/100\n|switch|p2b: Arcanine|Arcanine-Hisui, F|100\/100\n|-item|p1a: Strega|Air Balloon\n|-ability|p2b: Arcanine|Intimidate|boost\n|-unboost|p1a: Strega|atk|1\n|-unboost|p1b: Nyx|atk|1\n|-enditem|p2a: Roaring Moon|Booster Energy\n|-activate|p2a: Roaring Moon|ability: Protosynthesis|[fromitem]\n|-start|p2a: Roaring Moon|protosynthesisatk\n|turn|1\n|\n|t:|1700348201\n|move|p2a: Roaring Moon|Tailwind|p2a: Roaring Moon\n|-sidestart|p2: Gen8Genesect|move: Tailwind\n|move|p2b: Arcanine|Snarl|p1b: Nyx|[spread] p1a,p1b\n|-damage|p1a: Strega|89\/100\n|-damage|p1b: Nyx|92\/100\n|-unboost|p1a: Strega|spa|1\n|-unboost|p1b: Nyx|spa|1\n|-enditem|p1a: Strega|Air Balloon\n|move|p1a: Strega|Earth Power|p2b: Arcanine\n|-supereffective|p2b: Arcanine\n|-damage|p2b: Arcanine|39\/100\n|move|p1b: Nyx|Trick Room|p1b: Nyx\n|-fieldstart|move: Trick Room|[of] p1b: Nyx\n|\n|upkeep\n|turn|2\n|\n|t:|1700348224\n|switch|p1b: Makoto Yuki|Gallade, M|100\/100\n|switch|p1a: Tortissed|Torkoal, M|100\/100\n|-weather|SunnyDay|[from] ability: Drought|[of] p1a: Tortissed\n|switch|p2b: Indeedee|Indeedee-F, F|100\/100\n|-fieldstart|move: Psychic Terrain|[from] ability: Psychic Surge|[of] p2b: Indeedee\n|-enditem|p2b: Indeedee|Psychic Seed\n|-boost|p2b: Indeedee|spd|1|[from] item: Psychic Seed\n|move|p2a: Roaring Moon|Rock Slide|p1a: Tortissed|[spread] p1b\n|-miss|p2a: Roaring Moon|p1a: Tortissed\n|-resisted|p1b: Makoto Yuki\n|-damage|p1b: Makoto Yuki|82\/100\n|\n|-weather|SunnyDay|[upkeep]\n|upkeep\n|turn|3\n|\n|t:|1700348243\n|move|p1a: Tortissed|Eruption|p2a: Roaring Moon|[spread] p2a,p2b\n|-resisted|p2a: Roaring Moon\n|-damage|p2a: Roaring Moon|69\/100\n|-damage|p2b: Indeedee|64\/100\n|move|p1b: Makoto Yuki|Sacred Sword|p2a: Roaring Moon\n|-supereffective|p2a: Roaring Moon\n|-damage|p2a: Roaring Moon|0 fnt\n|faint|p2a: Roaring Moon\n|-end|p2a: Roaring Moon|Protosynthesis|[silent]\n|move|p2b: Indeedee|Trick Room|p2b: Indeedee\n|-fieldend|move: Trick Room\n|\n|-weather|SunnyDay|[upkeep]\n|upkeep\n|\n|t:|1700348253\n|switch|p2a: Armarouge|Armarouge, F|100\/100\n|turn|4\n|\n|t:|1700348265\n|move|p2b: Indeedee|Follow Me|p2b: Indeedee\n|-singleturn|p2b: Indeedee|move: Follow Me\n|move|p2a: Armarouge|Expanding Force|p1a: Tortissed|[spread] p1a,p1b\n|-damage|p1a: Tortissed|13\/100\n|-damage|p1b: Makoto Yuki|22\/100\n|move|p1b: Makoto Yuki|Solar Blade||[still]\n|-prepare|p1b: Makoto Yuki|Solar Blade\n|-anim|p1b: Makoto Yuki|Solar Blade|p2b: Indeedee\n|-damage|p2b: Indeedee|0 fnt\n|faint|p2b: Indeedee\n|move|p1a: Tortissed|Clear Smog|p2a: Armarouge\n|-damage|p2a: Armarouge|82\/100\n|-clearboost|p2a: Armarouge\n|\n|-weather|SunnyDay|[upkeep]\n|-sideend|p2: Gen8Genesect|move: Tailwind\n|upkeep\n|\n|t:|1700348283\n|switch|p2b: Arcanine|Arcanine-Hisui, F|39\/100\n|-ability|p2b: Arcanine|Intimidate|boost\n|-unboost|p1a: Tortissed|atk|1\n|-unboost|p1b: Makoto Yuki|atk|1\n|turn|5\n|\n|t:|1700348298\n|move|p2a: Armarouge|Expanding Force|p1b: Makoto Yuki|[spread] p1a,p1b\n|-damage|p1a: Tortissed|0 fnt\n|-damage|p1b: Makoto Yuki|0 fnt\n|faint|p1a: Tortissed\n|faint|p1b: Makoto Yuki\n|move|p2b: Arcanine|Snarl|p1: Tortissed|[notarget]\n|-fail|p2b: Arcanine\n|\n|-weather|SunnyDay|[upkeep]\n|upkeep\n|\n|t:|1700348307\n|switch|p1b: Ryoji Mochizuki|Chi-Yu|100\/100\n|switch|p1a: Strega|Glimmora, M|89\/100\n|-ability|p1b: Ryoji Mochizuki|Beads of Ruin\n|turn|6\n|\n|t:|1700348317\n|move|p1b: Ryoji Mochizuki|Dark Pulse|p2b: Arcanine\n|-damage|p2b: Arcanine|0 fnt\n|faint|p2b: Arcanine\n|move|p1a: Strega|Earth Power|p2a: Armarouge\n|-supereffective|p2a: Armarouge\n|-damage|p2a: Armarouge|0 fnt\n|faint|p2a: Armarouge\n|\n|-weather|SunnyDay|[upkeep]\n|-fieldend|move: Psychic Terrain\n|upkeep\n|\n|t:|1700348327\n|switch|p2a: Ogerpon|Ogerpon-Hearthflame, F|100\/100\n|switch|p2b: Kingambit|Kingambit, M|100\/100\n|-ability|p2a: Ogerpon|Mold Breaker\n|-activate|p2b: Kingambit|ability: Supreme Overlord\n|-start|p2b: Kingambit|fallen4|[silent]\n|turn|7\n|\n|t:|1700348348\n|-terastallize|p2b: Kingambit|Fairy\n|move|p2a: Ogerpon|Ivy Cudgel|p1b: Ryoji Mochizuki|[anim] Ivy Cudgel Fire\n|-resisted|p1b: Ryoji Mochizuki\n|-damage|p1b: Ryoji Mochizuki|24\/100\n|move|p1b: Ryoji Mochizuki|Lava Plume|p2a: Ogerpon|[spread] p1a,p2a,p2b\n|-resisted|p1a: Strega\n|-damage|p1a: Strega|44\/100\n|-damage|p2a: Ogerpon|20\/100\n|-damage|p2b: Kingambit|36\/100\n|-status|p2b: Kingambit|brn\n|move|p1a: Strega|Power Gem|p2a: Ogerpon\n|-supereffective|p2a: Ogerpon\n|-damage|p2a: Ogerpon|0 fnt\n|faint|p2a: Ogerpon\n|move|p2b: Kingambit|Swords Dance|p2b: Kingambit\n|-boost|p2b: Kingambit|atk|2\n|\n|-weather|SunnyDay|[upkeep]\n|-damage|p2b: Kingambit|29\/100 brn|[from] brn\n|upkeep\n|turn|8\n|\n|t:|1700348368\n|move|p2b: Kingambit|Sucker Punch|p1b: Ryoji Mochizuki\n|-resisted|p1b: Ryoji Mochizuki\n|-damage|p1b: Ryoji Mochizuki|0 fnt\n|faint|p1b: Ryoji Mochizuki\n|move|p1a: Strega|Sludge Wave|p2b: Kingambit\n|-supereffective|p2b: Kingambit\n|-damage|p2b: Kingambit|0 fnt\n|faint|p2b: Kingambit\n|-end|p2b: Kingambit|fallen4|[silent]\n|\n|win|Kuzwa\n|raw|Kuzwa's rating: 1170 &rarr; <strong>1197<\/strong><br \/>(+27 for winning)\n|raw|Gen8Genesect's rating: 1203 &rarr; <strong>1176<\/strong><br \/>(-27 for losing)\n","uploadtime":1700348372,"views":5,"p1id":"kuzwa","p2id":"gen8genesect","formatid":"gen9doublesou","rating":1176,"private":0,"password":""}