{"id":"gen9doublesou-1968787846","p1":"MattCol","p2":"tio axel","format":"[Gen 9] Doubles OU","log":"|j|\u2606MattCol\n|j|\u2606tio axel\n|t:|1697464765\n|gametype|doubles\n|player|p1|MattCol|crasherwake|1168\n|player|p2|tio axel|janine|1141\n|teamsize|p1|6\n|teamsize|p2|6\n|gen|9\n|tier|[Gen 9] Doubles OU\n|rated|\n|rule|Species Clause: Limit one of each Pok\u00e9mon\n|rule|OHKO Clause: OHKO moves are banned\n|rule|Evasion Moves Clause: Evasion moves are banned\n|rule|Gravity Sleep Clause: The combination of sleep-inducing moves with imperfect accuracy and Gravity or Gigantamax Orbeetle are banned\n|rule|Endless Battle Clause: Forcing endless battles is banned\n|rule|HP Percentage Mod: HP is shown in percentages\n|clearpoke\n|poke|p1|Quaquaval, M|\n|poke|p1|Baxcalibur, F|\n|poke|p1|Cinderace, M|\n|poke|p1|Slowbro-Galar, F|\n|poke|p1|Zarude-Dada|\n|poke|p1|Pelipper, M|\n|poke|p2|Kommo-o, M|\n|poke|p2|Chansey, F|\n|poke|p2|Grimmsnarl, M|\n|poke|p2|Ambipom, F|\n|poke|p2|Jirachi|\n|poke|p2|Rillaboom, M|\n|teampreview\n|\n|t:|1697464786\n|start\n|switch|p1a: Cinderace|Cinderace, M|100\/100\n|switch|p1b: Slowbro|Slowbro-Galar, F|100\/100\n|switch|p2a: Ambipom|Ambipom, F|100\/100\n|switch|p2b: Kommo-o|Kommo-o, M|100\/100\n|turn|1\n|\n|t:|1697464799\n|move|p2a: Ambipom|Fake Out|p1a: Cinderace\n|-damage|p1a: Cinderace|60\/100\n|cant|p1a: Cinderace|flinch\n|move|p2b: Kommo-o|Clangorous Soul|p2b: Kommo-o\n|-boost|p2b: Kommo-o|atk|1\n|-boost|p2b: Kommo-o|def|1\n|-boost|p2b: Kommo-o|spa|1\n|-boost|p2b: Kommo-o|spd|1\n|-boost|p2b: Kommo-o|spe|1\n|-damage|p2b: Kommo-o|68\/100\n|move|p1b: Slowbro|Nasty Plot|p1b: Slowbro\n|-boost|p1b: Slowbro|spa|2\n|\n|upkeep\n|turn|2\n|-activate|p1b: Slowbro|ability: Quick Draw\n|\n|t:|1697464820\n|move|p1b: Slowbro|Psychic|p2b: Kommo-o\n|-supereffective|p2b: Kommo-o\n|-damage|p2b: Kommo-o|0 fnt\n|faint|p2b: Kommo-o\n|move|p1a: Cinderace|High Jump Kick|p2a: Ambipom\n|-start|p1a: Cinderace|typechange|Fighting|[from] ability: Libero\n|-supereffective|p2a: Ambipom\n|-damage|p2a: Ambipom|0 fnt\n|faint|p2a: Ambipom\n|\n|upkeep\n|c|\u2606tio axel|Brijido\n|\n|t:|1697464852\n|switch|p2a: Grimmsnarl|Grimmsnarl, M|100\/100\n|switch|p2b: Chansey|Chansey, F|100\/100\n|turn|3\n|\n|t:|1697464866\n|move|p2a: Grimmsnarl|Fake Out|p1a: Cinderace\n|-damage|p1a: Cinderace|37\/100\n|cant|p1a: Cinderace|flinch\n|move|p2b: Chansey|Stealth Rock|p1b: Slowbro\n|-sidestart|p1: MattCol|move: Stealth Rock\n|move|p1b: Slowbro|Shell Side Arm|p2a: Grimmsnarl|[anim] Shell Side Arm Special\n|-supereffective|p2a: Grimmsnarl\n|-damage|p2a: Grimmsnarl|0 fnt\n|-hint|Special Shell Side Arm\n|faint|p2a: Grimmsnarl\n|\n|upkeep\n|\n|t:|1697464876\n|switch|p2a: Rillaboom|Rillaboom, M|100\/100\n|-fieldstart|move: Grassy Terrain|[from] ability: Grassy Surge|[of] p2a: Rillaboom\n|turn|4\n|-activate|p1b: Slowbro|item: Quick Claw\n|\n|t:|1697464888\n|move|p2a: Rillaboom|Fake Out|p1a: Cinderace\n|-damage|p1a: Cinderace|14\/100\n|move|p1b: Slowbro|Shell Side Arm|p2a: Rillaboom|[anim] Shell Side Arm Special\n|-supereffective|p2a: Rillaboom\n|-damage|p2a: Rillaboom|0 fnt\n|-hint|Special Shell Side Arm\n|faint|p2a: Rillaboom\n|cant|p1a: Cinderace|flinch\n|move|p2b: Chansey|Seismic Toss|p1a: Cinderace\n|-damage|p1a: Cinderace|0 fnt\n|faint|p1a: Cinderace\n|\n|upkeep\n|\n|t:|1697464904\n|switch|p1a: Pelipper|Pelipper, M|100\/100\n|switch|p2a: Jirachi|Jirachi|100\/100\n|-damage|p1a: Pelipper|76\/100|[from] Stealth Rock\n|-weather|RainDance|[from] ability: Drizzle|[of] p1a: Pelipper\n|turn|5\n|-activate|p1b: Slowbro|ability: Quick Draw\n|\n|t:|1697464927\n|move|p1a: Pelipper|Wide Guard|p1a: Pelipper\n|-singleturn|p1a: Pelipper|Wide Guard\n|move|p1b: Slowbro|Surf|p2b: Chansey|[spread] p2a,p2b\n|-activate|p1a: Pelipper|move: Wide Guard\n|-damage|p2a: Jirachi|31\/100\n|-damage|p2b: Chansey|82\/100\n|move|p2a: Jirachi|Ice Punch|p1a: Pelipper\n|-damage|p1a: Pelipper|53\/100\n|-enditem|p1a: Pelipper|Eject Button\n|\n|t:|1697464941\n|switch|p1a: Quaquaval|Quaquaval, M|100\/100\n|-damage|p1a: Quaquaval|94\/100|[from] Stealth Rock\n|move|p2b: Chansey|Icy Wind|p1b: Slowbro|[spread] \n|-activate|p1a: Quaquaval|move: Wide Guard\n|-activate|p1b: Slowbro|move: Wide Guard\n|\n|-weather|RainDance|[upkeep]\n|-heal|p2a: Jirachi|37\/100|[from] Grassy Terrain\n|-heal|p1a: Quaquaval|100\/100|[from] Grassy Terrain\n|-heal|p2b: Chansey|88\/100|[from] Grassy Terrain\n|upkeep\n|turn|6\n|-activate|p1b: Slowbro|item: Quick Claw\n|\n|t:|1697464973\n|move|p1b: Slowbro|Psychic|p2b: Chansey\n|-damage|p2b: Chansey|64\/100\n|move|p2a: Jirachi|Iron Head|p1b: Slowbro\n|-damage|p1b: Slowbro|69\/100\n|move|p1a: Quaquaval|Aqua Step|p2a: Jirachi\n|-damage|p2a: Jirachi|0 fnt\n|-boost|p1a: Quaquaval|spe|1\n|faint|p2a: Jirachi\n|-ability|p1a: Quaquaval|Moxie|boost\n|-boost|p1a: Quaquaval|atk|1\n|move|p2b: Chansey|Icy Wind|p1b: Slowbro|[spread] p1a,p1b\n|-resisted|p1a: Quaquaval\n|-damage|p1a: Quaquaval|98\/100\n|-damage|p1b: Slowbro|64\/100\n|-unboost|p1a: Quaquaval|spe|1\n|-unboost|p1b: Slowbro|spe|1\n|\n|-weather|RainDance|[upkeep]\n|-heal|p1a: Quaquaval|100\/100|[from] Grassy Terrain\n|-heal|p2b: Chansey|70\/100|[from] Grassy Terrain\n|-heal|p1b: Slowbro|70\/100|[from] Grassy Terrain\n|upkeep\n|turn|7\n|l|\u2606tio axel\n|player|p2|\n|j|\u2606tio axel\n|player|p2|tio axel|janine\n|\n|t:|1697465032\n|-terastallize|p2b: Chansey|Ghost\n|move|p1a: Quaquaval|Close Combat|p2b: Chansey\n|-immune|p2b: Chansey\n|move|p2b: Chansey|Icy Wind|p1a: Quaquaval|[spread] p1a,p1b\n|-resisted|p1a: Quaquaval\n|-damage|p1a: Quaquaval|98\/100\n|-damage|p1b: Slowbro|65\/100\n|-unboost|p1a: Quaquaval|spe|1\n|-unboost|p1b: Slowbro|spe|1\n|move|p1b: Slowbro|Shell Side Arm|p2b: Chansey|[anim] Shell Side Arm Special\n|-resisted|p2b: Chansey\n|-damage|p2b: Chansey|57\/100\n|-hint|Special Shell Side Arm\n|\n|-weather|RainDance|[upkeep]\n|-heal|p1a: Quaquaval|100\/100|[from] Grassy Terrain\n|-heal|p2b: Chansey|63\/100|[from] Grassy Terrain\n|-heal|p1b: Slowbro|71\/100|[from] Grassy Terrain\n|upkeep\n|turn|8\n|-activate|p1b: Slowbro|item: Quick Claw\n|\n|t:|1697465051\n|move|p1b: Slowbro|Surf|p2b: Chansey|[spread] p1a,p2b\n|-resisted|p1a: Quaquaval\n|-damage|p1a: Quaquaval|52\/100\n|-damage|p2b: Chansey|43\/100\n|move|p1a: Quaquaval|Aqua Step|p2b: Chansey\n|-damage|p2b: Chansey|0 fnt\n|-boost|p1a: Quaquaval|spe|1\n|faint|p2b: Chansey\n|\n|win|MattCol\n|raw|MattCol's rating: 1168 &rarr; <strong>1191<\/strong><br \/>(+23 for winning)\n|raw|tio axel's rating: 1141 &rarr; <strong>1118<\/strong><br \/>(-23 for losing)\n|l|\u2606tio axel\n","uploadtime":1697465063,"views":13,"p1id":"mattcol","p2id":"tioaxel","formatid":"gen9doublesou","rating":1118,"private":0,"password":""}