{"id":"gen9doublesou-1978010461","p1":"naditza","p2":"Goomy Guy12345","format":"[Gen 9] Doubles OU","log":"|j|\u2606naditza\n|j|\u2606Goomy Guy12345\n|inactive|Battle timer is ON: inactive players will automatically lose when time's up.\n|j|*Lady Monita \u263d\n|t:|1698483860\n|gametype|doubles\n|player|p1|naditza|grusha|\n|player|p2|Goomy Guy12345|lucas|\n|teamsize|p1|6\n|teamsize|p2|6\n|gen|9\n|tier|[Gen 9] Doubles OU\n|rated|Tournament battle\n|rule|Species Clause: Limit one of each Pok\u00e9mon\n|rule|OHKO Clause: OHKO moves are banned\n|rule|Evasion Moves Clause: Evasion moves are banned\n|rule|Gravity Sleep Clause: The combination of sleep-inducing moves with imperfect accuracy and Gravity or Gigantamax Orbeetle are banned\n|rule|Endless Battle Clause: Forcing endless battles is banned\n|rule|HP Percentage Mod: HP is shown in percentages\n|clearpoke\n|poke|p1|Torkoal, L99, M|\n|poke|p1|Flutter Mane|\n|poke|p1|Diancie, L99|\n|poke|p1|Ogerpon-Hearthflame, F|\n|poke|p1|Rillaboom, F|\n|poke|p1|Volcanion|\n|poke|p2|Ting-Lu|\n|poke|p2|Landorus-Therian, M|\n|poke|p2|Rillaboom, F|\n|poke|p2|Sinistcha|\n|poke|p2|Torkoal, M|\n|poke|p2|Typhlosion, F|\n|teampreview\n|c|\u2606naditza|glhf\n|\n|t:|1698483873\n|start\n|switch|p1a: Diancie|Diancie, L99|100\/100\n|switch|p1b: Ogerpon|Ogerpon-Hearthflame, F|100\/100\n|switch|p2a: Landorus|Landorus-Therian, M|100\/100\n|switch|p2b: Ting-Lu|Ting-Lu|100\/100\n|-ability|p1b: Ogerpon|Mold Breaker\n|-ability|p2a: Landorus|Intimidate|boost\n|-fail|p1a: Diancie|unboost|[from] ability: Clear Body|[of] p1a: Diancie\n|-unboost|p1b: Ogerpon|atk|1\n|-ability|p2b: Ting-Lu|Vessel of Ruin\n|turn|1\n|c|\u2606Goomy Guy12345|gl\n|inactive|Goomy Guy12345 has 120 seconds left.\n|\n|t:|1698483912\n|move|p1b: Ogerpon|Follow Me|p1b: Ogerpon\n|-singleturn|p1b: Ogerpon|move: Follow Me\n|move|p2a: Landorus|Stomping Tantrum|p1b: Ogerpon\n|-damage|p1b: Ogerpon|45\/100\n|move|p2b: Ting-Lu|Rock Slide|p1a: Diancie|[spread] p1a\n|-miss|p2b: Ting-Lu|p1b: Ogerpon\n|-damage|p1a: Diancie|86\/100\n|cant|p1a: Diancie|flinch\n|\n|upkeep\n|turn|2\n|\n|t:|1698483934\n|move|p1b: Ogerpon|Follow Me|p1b: Ogerpon\n|-singleturn|p1b: Ogerpon|move: Follow Me\n|move|p2a: Landorus|Rock Slide|p1b: Ogerpon|[spread] p1a,p1b\n|-supereffective|p1b: Ogerpon\n|-damage|p1a: Diancie|69\/100\n|-damage|p1b: Ogerpon|0 fnt\n|faint|p1b: Ogerpon\n|move|p2b: Ting-Lu|Rock Slide|p1a: Diancie\n|-damage|p1a: Diancie|48\/100\n|cant|p1a: Diancie|flinch\n|\n|upkeep\n|c|\u2606naditza|....\n|inactive|naditza has 120 seconds left.\n|c|\u2606Goomy Guy12345|yeesh\n|\n|t:|1698483952\n|switch|p1b: Volcanion|Volcanion|100\/100\n|turn|3\n|c|\u2606Goomy Guy12345|sorry about that\n|\n|t:|1698483970\n|-terastallize|p1b: Volcanion|Grass\n|move|p2a: Landorus|Stomping Tantrum|p1b: Volcanion\n|-resisted|p1b: Volcanion\n|-damage|p1b: Volcanion|82\/100\n|move|p1b: Volcanion|Steam Eruption|p2b: Ting-Lu\n|-supereffective|p2b: Ting-Lu\n|-damage|p2b: Ting-Lu|29\/100\n|move|p2b: Ting-Lu|Bulldoze|p1a: Diancie|[spread] p1a,p1b\n|-immune|p2a: Landorus\n|-supereffective|p1a: Diancie\n|-resisted|p1b: Volcanion\n|-damage|p1a: Diancie|13\/100\n|-damage|p1b: Volcanion|72\/100\n|-unboost|p1b: Volcanion|spe|1\n|-enditem|p1a: Diancie|Weakness Policy\n|-boost|p1a: Diancie|atk|2|[from] item: Weakness Policy\n|-boost|p1a: Diancie|spa|2|[from] item: Weakness Policy\n|move|p1a: Diancie|Trick Room|p1a: Diancie\n|-fieldstart|move: Trick Room|[of] p1a: Diancie\n|\n|-heal|p1b: Volcanion|79\/100|[from] item: Leftovers\n|-heal|p2b: Ting-Lu|35\/100|[from] item: Leftovers\n|upkeep\n|turn|4\n|\n|t:|1698483991\n|move|p2b: Ting-Lu|Protect|p2b: Ting-Lu\n|-singleturn|p2b: Ting-Lu|Protect\n|move|p1a: Diancie|Diamond Storm|p2b: Ting-Lu|[spread] p2a\n|-activate|p2b: Ting-Lu|move: Protect\n|-damage|p2a: Landorus|25\/100\n|move|p1b: Volcanion|Steam Eruption|p2a: Landorus\n|-supereffective|p2a: Landorus\n|-damage|p2a: Landorus|0 fnt\n|faint|p2a: Landorus\n|\n|-heal|p1b: Volcanion|85\/100|[from] item: Leftovers\n|-heal|p2b: Ting-Lu|41\/100|[from] item: Leftovers\n|upkeep\n|\n|t:|1698483999\n|switch|p2a: Rillaboom|Rillaboom, F|100\/100\n|-fieldstart|move: Grassy Terrain|[from] ability: Grassy Surge|[of] p2a: Rillaboom\n|turn|5\n|\n|t:|1698484007\n|move|p2a: Rillaboom|Grassy Glide|p1a: Diancie\n|-supereffective|p1a: Diancie\n|-damage|p1a: Diancie|0 fnt\n|faint|p1a: Diancie\n|move|p1b: Volcanion|Heat Wave|p2b: Ting-Lu|[spread] p2b\n|-miss|p1b: Volcanion|p2a: Rillaboom\n|-damage|p2b: Ting-Lu|20\/100\n|move|p2b: Ting-Lu|Throat Chop|p1b: Volcanion\n|-damage|p1b: Volcanion|52\/100\n|-start|p1b: Volcanion|Throat Chop|[silent]\n|\n|-heal|p1b: Volcanion|58\/100|[from] Grassy Terrain\n|-heal|p1b: Volcanion|64\/100|[from] item: Leftovers\n|-heal|p2b: Ting-Lu|26\/100|[from] Grassy Terrain\n|-heal|p2b: Ting-Lu|32\/100|[from] item: Leftovers\n|upkeep\n|\n|t:|1698484016\n|switch|p1a: Torkoal|Torkoal, L99, M|100\/100\n|-weather|SunnyDay|[from] ability: Drought|[of] p1a: Torkoal\n|turn|6\n|\n|t:|1698484025\n|switch|p2a: Typhlosion|Typhlosion, F|100\/100\n|move|p2b: Ting-Lu|Protect|p2b: Ting-Lu\n|-singleturn|p2b: Ting-Lu|Protect\n|move|p1a: Torkoal|Heat Wave|p2a: Typhlosion|[spread] \n|-activate|p2b: Ting-Lu|move: Protect\n|-start|p2a: Typhlosion|ability: Flash Fire\n|move|p1b: Volcanion|Heat Wave|p2b: Ting-Lu|[spread] \n|-activate|p2b: Ting-Lu|move: Protect\n|-immune|p2a: Typhlosion|[from] ability: Flash Fire\n|\n|-weather|SunnyDay|[upkeep]\n|-heal|p1b: Volcanion|70\/100|[from] Grassy Terrain\n|-heal|p1b: Volcanion|76\/100|[from] item: Leftovers\n|-heal|p2b: Ting-Lu|38\/100|[from] Grassy Terrain\n|-heal|p2b: Ting-Lu|44\/100|[from] item: Leftovers\n|-end|p1b: Volcanion|Throat Chop|[silent]\n|upkeep\n|turn|7\n|\n|t:|1698484039\n|-terastallize|p2a: Typhlosion|Fire\n|move|p1a: Torkoal|Heat Wave|p2a: Typhlosion|[spread] p2b\n|-immune|p2a: Typhlosion|[from] ability: Flash Fire\n|-damage|p2b: Ting-Lu|7\/100\n|move|p1b: Volcanion|Steam Eruption|p2a: Typhlosion|[miss]\n|-miss|p1b: Volcanion|p2a: Typhlosion\n|move|p2b: Ting-Lu|Rock Slide|p1b: Volcanion|[spread] p1a\n|-miss|p2b: Ting-Lu|p1b: Volcanion\n|-supereffective|p1a: Torkoal\n|-damage|p1a: Torkoal|70\/100\n|move|p2a: Typhlosion|Heat Wave|p1b: Volcanion|[spread] p1a,p1b\n|-resisted|p1a: Torkoal\n|-supereffective|p1b: Volcanion\n|-damage|p1a: Torkoal|20\/100\n|-damage|p1b: Volcanion|0 fnt\n|faint|p1b: Volcanion\n|\n|-weather|SunnyDay|[upkeep]\n|-heal|p1a: Torkoal|26\/100|[from] Grassy Terrain\n|-heal|p2b: Ting-Lu|14\/100|[from] Grassy Terrain\n|-heal|p2b: Ting-Lu|20\/100|[from] item: Leftovers\n|-fieldend|move: Trick Room\n|upkeep\n|c|\u2606naditza|...\n|\n|t:|1698484064\n|switch|p1b: Rillaboom|Rillaboom, F|100\/100\n|turn|8\n|\n|t:|1698484072\n|move|p2b: Ting-Lu|Protect|p2b: Ting-Lu\n|-singleturn|p2b: Ting-Lu|Protect\n|move|p1b: Rillaboom|Fake Out|p2a: Typhlosion\n|-damage|p2a: Typhlosion|80\/100\n|cant|p2a: Typhlosion|flinch\n|move|p1a: Torkoal|Heat Wave|p2a: Typhlosion|[spread] \n|-activate|p2b: Ting-Lu|move: Protect\n|-immune|p2a: Typhlosion|[from] ability: Flash Fire\n|\n|-weather|SunnyDay|[upkeep]\n|-heal|p2a: Typhlosion|86\/100|[from] Grassy Terrain\n|-heal|p2b: Ting-Lu|26\/100|[from] Grassy Terrain\n|-heal|p2b: Ting-Lu|32\/100|[from] item: Leftovers\n|-heal|p1a: Torkoal|33\/100|[from] Grassy Terrain\n|upkeep\n|turn|9\n|\n|t:|1698484082\n|move|p1b: Rillaboom|Grassy Glide|p2a: Typhlosion\n|-resisted|p2a: Typhlosion\n|-damage|p2a: Typhlosion|57\/100\n|move|p2a: Typhlosion|Heat Wave|p1a: Torkoal|[spread] p1a,p1b\n|-resisted|p1a: Torkoal\n|-supereffective|p1b: Rillaboom\n|-damage|p1a: Torkoal|0 fnt\n|-damage|p1b: Rillaboom|0 fnt\n|faint|p1a: Torkoal\n|faint|p1b: Rillaboom\n|move|p2b: Ting-Lu|Rock Slide|p1: Torkoal|[notarget]\n|-fail|p2b: Ting-Lu\n|\n|-weather|SunnyDay|[upkeep]\n|-heal|p2a: Typhlosion|63\/100|[from] Grassy Terrain\n|-heal|p2b: Ting-Lu|38\/100|[from] Grassy Terrain\n|-heal|p2b: Ting-Lu|44\/100|[from] item: Leftovers\n|upkeep\n|\n|t:|1698484090\n|switch|p1a: Flutter Mane|Flutter Mane|100\/100\n|-activate|p1a: Flutter Mane|ability: Protosynthesis\n|-start|p1a: Flutter Mane|protosynthesisspe\n|turn|10\n|\n|t:|1698484096\n|move|p1a: Flutter Mane|Dazzling Gleam|p2a: Typhlosion|[spread] p2a,p2b\n|-resisted|p2a: Typhlosion\n|-supereffective|p2b: Ting-Lu\n|-damage|p2a: Typhlosion|46\/100\n|-damage|p2b: Ting-Lu|9\/100\n|move|p2a: Typhlosion|Heat Wave|p1a: Flutter Mane\n|-damage|p1a: Flutter Mane|15\/100\n|move|p2b: Ting-Lu|Throat Chop|p1a: Flutter Mane\n|-damage|p1a: Flutter Mane|0 fnt\n|faint|p1a: Flutter Mane\n|-end|p1a: Flutter Mane|Protosynthesis|[silent]\n|\n|win|Goomy Guy12345\n|n|\u2606naditza|naditza\n|n|\u2606Goomy Guy12345|goomyguy12345\n|n|*Lady Monita \u263d|ladymonita\n|l|*Lady Monita \u263d\n","uploadtime":1698484102,"views":38,"p1id":"naditza","p2id":"goomyguy12345","formatid":"gen9doublesou","rating":0,"private":0,"password":""}