{"id":"gen9doublesou-2000219651","p1":"Akb252","p2":"pira.xe","format":"[Gen 9] Doubles OU","log":"|j|\u2606Akb252\n|j|\u2606pira.xe\n|t:|1701173800\n|gametype|doubles\n|player|p1|Akb252|2|1191\n|player|p2|pira.xe|169|1336\n|teamsize|p1|6\n|teamsize|p2|6\n|gen|9\n|tier|[Gen 9] Doubles OU\n|rated|\n|rule|Species Clause: Limit one of each Pok\u00e9mon\n|rule|OHKO Clause: OHKO moves are banned\n|rule|Evasion Moves Clause: Evasion moves are banned\n|rule|Gravity Sleep Clause: The combination of sleep-inducing moves with imperfect accuracy and Gravity or Gigantamax Orbeetle are banned\n|rule|Endless Battle Clause: Forcing endless battles is banned\n|rule|HP Percentage Mod: HP is shown in percentages\n|clearpoke\n|poke|p1|Ninetales-Alola, M|\n|poke|p1|Mew|\n|poke|p1|Houndoom, F|\n|poke|p1|Landorus-Therian, M|\n|poke|p1|Gholdengo|\n|poke|p1|Cresselia, F|\n|poke|p2|Gholdengo|\n|poke|p2|Arcanine-Hisui, M|\n|poke|p2|Roaring Moon|\n|poke|p2|Landorus-Therian, M|\n|poke|p2|Iron Hands|\n|poke|p2|Rillaboom, M|\n|teampreview\n|inactive|Battle timer is ON: inactive players will automatically lose when time's up. (requested by pira.xe)\n|\n|t:|1701173825\n|start\n|switch|p1a: Landorus|Landorus-Therian, M|100\/100\n|switch|p1b: Ninetales|Ninetales-Alola, M|100\/100\n|switch|p2a: Gholdengo|Gholdengo|100\/100\n|switch|p2b: Arcanine|Arcanine-Hisui, M|100\/100\n|-weather|Snow|[from] ability: Snow Warning|[of] p1b: Ninetales\n|-ability|p1a: Landorus|Intimidate|boost\n|-unboost|p2a: Gholdengo|atk|1\n|-unboost|p2b: Arcanine|atk|1\n|-ability|p2b: Arcanine|Intimidate|boost\n|-unboost|p1a: Landorus|atk|1\n|-unboost|p1b: Ninetales|atk|1\n|turn|1\n|\n|t:|1701173840\n|-terastallize|p2b: Arcanine|Normal\n|move|p2b: Arcanine|Extreme Speed|p1a: Landorus\n|-damage|p1a: Landorus|50\/100\n|-enditem|p1a: Landorus|Red Card|[of] p2b: Arcanine\n|drag|p2b: Iron Hands|Iron Hands|100\/100\n|move|p1b: Ninetales|Aurora Veil|p1b: Ninetales\n|-sidestart|p1: Akb252|move: Aurora Veil\n|move|p1a: Landorus|Stealth Rock|p2b: Iron Hands\n|-sidestart|p2: pira.xe|move: Stealth Rock\n|move|p2a: Gholdengo|Make It Rain|p1b: Ninetales|[spread] p1a,p1b\n|-supereffective|p1b: Ninetales\n|-damage|p1a: Landorus|0 fnt\n|-damage|p1b: Ninetales|0 fnt\n|-unboost|p2a: Gholdengo|spa|1\n|faint|p1a: Landorus\n|faint|p1b: Ninetales\n|\n|-weather|Snow|[upkeep]\n|upkeep\n|\n|t:|1701173863\n|switch|p1b: Cresselia|Cresselia, F|100\/100\n|switch|p1a: Houndoom|Houndoom, F|100\/100\n|-ability|p1a: Houndoom|Unnerve\n|turn|2\n|inactive|pira.xe has 120 seconds left.\n|\n|t:|1701173896\n|move|p2b: Iron Hands|Fake Out|p1a: Houndoom\n|-damage|p1a: Houndoom|77\/100\n|cant|p1a: Houndoom|flinch\n|move|p2a: Gholdengo|Make It Rain|p1b: Cresselia|[spread] p1a,p1b\n|-resisted|p1a: Houndoom\n|-damage|p1a: Houndoom|53\/100\n|-damage|p1b: Cresselia|80\/100\n|-unboost|p2a: Gholdengo|spa|1\n|move|p1b: Cresselia|Dazzling Gleam|p2a: Gholdengo|[spread] p2a,p2b\n|-resisted|p2a: Gholdengo\n|-supereffective|p2b: Iron Hands\n|-damage|p2a: Gholdengo|92\/100\n|-damage|p2b: Iron Hands|83\/100\n|\n|-weather|Snow|[upkeep]\n|-heal|p1b: Cresselia|86\/100|[from] item: Leftovers\n|upkeep\n|turn|3\n|\n|t:|1701173909\n|switch|p2a: Roaring Moon|Roaring Moon|100\/100\n|-damage|p2a: Roaring Moon|88\/100|[from] Stealth Rock\n|-enditem|p2a: Roaring Moon|Booster Energy\n|-activate|p2a: Roaring Moon|ability: Protosynthesis|[fromitem]\n|-start|p2a: Roaring Moon|protosynthesisatk\n|move|p1a: Houndoom|Heat Wave|p2b: Iron Hands|[spread] p2b\n|-miss|p1a: Houndoom|p2a: Roaring Moon\n|-damage|p2b: Iron Hands|62\/100\n|move|p1b: Cresselia|Dazzling Gleam|p2b: Iron Hands|[spread] p2a,p2b\n|-supereffective|p2a: Roaring Moon\n|-supereffective|p2b: Iron Hands\n|-damage|p2a: Roaring Moon|30\/100\n|-damage|p2b: Iron Hands|43\/100\n|move|p2b: Iron Hands|Drain Punch|p1a: Houndoom\n|-supereffective|p1a: Houndoom\n|-damage|p1a: Houndoom|0 fnt\n|-heal|p2b: Iron Hands|58\/100|[from] drain|[of] p1a: Houndoom\n|faint|p1a: Houndoom\n|\n|-weather|Snow|[upkeep]\n|-heal|p1b: Cresselia|92\/100|[from] item: Leftovers\n|upkeep\n|\n|t:|1701173925\n|switch|p1a: Mew|Mew|100\/100\n|turn|4\n|\n|t:|1701173943\n|move|p1a: Mew|Dazzling Gleam|p2a: Roaring Moon|[spread] p2a,p2b\n|-supereffective|p2a: Roaring Moon\n|-crit|p2a: Roaring Moon\n|-supereffective|p2b: Iron Hands\n|-damage|p2a: Roaring Moon|0 fnt\n|-damage|p2b: Iron Hands|37\/100\n|faint|p2a: Roaring Moon\n|-end|p2a: Roaring Moon|Protosynthesis|[silent]\n|move|p1b: Cresselia|Dazzling Gleam|p2b: Iron Hands\n|-supereffective|p2b: Iron Hands\n|-damage|p2b: Iron Hands|10\/100\n|move|p2b: Iron Hands|Drain Punch|p1a: Mew\n|-resisted|p1a: Mew\n|-damage|p1a: Mew|83\/100\n|-heal|p2b: Iron Hands|15\/100|[from] drain|[of] p1a: Mew\n|\n|-weather|Snow|[upkeep]\n|-heal|p1b: Cresselia|98\/100|[from] item: Leftovers\n|upkeep\n|\n|t:|1701173952\n|switch|p2a: Rillaboom|Rillaboom, M|100\/100\n|-damage|p2a: Rillaboom|88\/100|[from] Stealth Rock\n|-fieldstart|move: Grassy Terrain|[from] ability: Grassy Surge|[of] p2a: Rillaboom\n|turn|5\n|\n|t:|1701173958\n|move|p2a: Rillaboom|Fake Out|p1a: Mew\n|-damage|p1a: Mew|72\/100\n|cant|p1a: Mew|flinch\n|move|p1b: Cresselia|Icy Wind|p2b: Iron Hands|[spread] p2a,p2b\n|-supereffective|p2a: Rillaboom\n|-damage|p2a: Rillaboom|70\/100\n|-damage|p2b: Iron Hands|9\/100\n|-unboost|p2a: Rillaboom|spe|1\n|-unboost|p2b: Iron Hands|spe|1\n|move|p2b: Iron Hands|Drain Punch|p1a: Mew\n|-resisted|p1a: Mew\n|-damage|p1a: Mew|55\/100\n|-heal|p2b: Iron Hands|14\/100|[from] drain|[of] p1a: Mew\n|\n|-weather|none\n|-heal|p1a: Mew|61\/100|[from] Grassy Terrain\n|-heal|p1b: Cresselia|100\/100|[from] item: Leftovers\n|-heal|p2a: Rillaboom|76\/100|[from] Grassy Terrain\n|-heal|p2b: Iron Hands|20\/100|[from] Grassy Terrain\n|upkeep\n|turn|6\n|inactive|pira.xe has 120 seconds left.\n|\n|t:|1701173995\n|move|p1a: Mew|Heat Wave|p2b: Iron Hands|[spread] p2a,p2b\n|-supereffective|p2a: Rillaboom\n|-damage|p2a: Rillaboom|45\/100\n|-damage|p2b: Iron Hands|8\/100\n|move|p1b: Cresselia|Lunar Blessing|p1b: Cresselia|[spread] p1a,p1b\n|-heal|p1a: Mew|86\/100\n|move|p2a: Rillaboom|U-turn|p1a: Mew\n|-supereffective|p1a: Mew\n|-damage|p1a: Mew|51\/100\n|inactive|pira.xe has 90 seconds left.\n|\n|t:|1701174042\n|switch|p2a: Arcanine|Arcanine-Hisui, M, tera:Normal|100\/100|[from] U-turn\n|-damage|p2a: Arcanine|88\/100|[from] Stealth Rock\n|-ability|p2a: Arcanine|Intimidate|boost\n|-unboost|p1a: Mew|atk|1\n|-unboost|p1b: Cresselia|atk|1\n|move|p2b: Iron Hands|Wild Charge|p1a: Mew\n|-damage|p1a: Mew|11\/100\n|-damage|p2b: Iron Hands|1\/100|[from] Recoil\n|\n|-heal|p1a: Mew|17\/100|[from] Grassy Terrain\n|-heal|p2a: Arcanine|94\/100|[from] Grassy Terrain\n|-heal|p2b: Iron Hands|7\/100|[from] Grassy Terrain\n|upkeep\n|turn|7\n|\n|t:|1701174067\n|switch|p1a: Gholdengo|Gholdengo|100\/100\n|move|p2a: Arcanine|Extreme Speed|p1a: Gholdengo\n|-immune|p1a: Gholdengo\n|move|p1b: Cresselia|Icy Wind|p2a: Arcanine|[spread] p2a,p2b\n|-damage|p2a: Arcanine|81\/100\n|-damage|p2b: Iron Hands|0 fnt\n|-unboost|p2a: Arcanine|spe|1\n|faint|p2b: Iron Hands\n|-end|p2b: Iron Hands|Quark Drive|[silent]\n|\n|-heal|p2a: Arcanine|87\/100|[from] Grassy Terrain\n|upkeep\n|\n|t:|1701174075\n|switch|p2b: Gholdengo|Gholdengo|92\/100\n|-damage|p2b: Gholdengo|86\/100|[from] Stealth Rock\n|turn|8\n|\n|t:|1701174096\n|switch|p1b: Mew|Mew|17\/100\n|move|p2a: Arcanine|Extreme Speed|p1b: Mew\n|-damage|p1b: Mew|0 fnt\n|faint|p1b: Mew\n|move|p1a: Gholdengo|Nasty Plot|p1a: Gholdengo\n|-boost|p1a: Gholdengo|spa|2\n|move|p2b: Gholdengo|Shadow Ball|p1a: Gholdengo\n|-supereffective|p1a: Gholdengo\n|-damage|p1a: Gholdengo|4\/100\n|\n|-heal|p2b: Gholdengo|92\/100|[from] Grassy Terrain\n|-heal|p1a: Gholdengo|10\/100|[from] Grassy Terrain\n|-heal|p2a: Arcanine|93\/100|[from] Grassy Terrain\n|-sideend|p1: Akb252|move: Aurora Veil\n|upkeep\n|\n|t:|1701174107\n|switch|p1b: Cresselia|Cresselia, F|100\/100\n|turn|9\n|\n|t:|1701174118\n|-terastallize|p1a: Gholdengo|Steel\n|move|p1b: Cresselia|Ally Switch|p1b: Cresselia\n|swap|p1b: Cresselia|0|[from] move: Ally Switch\n|move|p2a: Arcanine|Extreme Speed|p1b: Gholdengo\n|-resisted|p1b: Gholdengo\n|-damage|p1b: Gholdengo|0 fnt\n|faint|p1b: Gholdengo\n|move|p2b: Gholdengo|Shadow Ball|p1a: Cresselia\n|-supereffective|p1a: Cresselia\n|-damage|p1a: Cresselia|18\/100\n|\n|-heal|p2b: Gholdengo|98\/100|[from] Grassy Terrain\n|-heal|p1a: Cresselia|24\/100|[from] item: Leftovers\n|-heal|p2a: Arcanine|99\/100|[from] Grassy Terrain\n|-fieldend|move: Grassy Terrain\n|upkeep\n|turn|10\n|c|\u2606pira.xe|yu fucking stupid?\n|-message|Akb252 forfeited.\n|\n|win|pira.xe\n|raw|Akb252's rating: 1191 &rarr; <strong>1176<\/strong><br \/>(-15 for losing)\n|raw|pira.xe's rating: 1336 &rarr; <strong>1348<\/strong><br \/>(+12 for winning)\n","uploadtime":1701174129,"views":7,"p1id":"akb252","p2id":"piraxe","formatid":"gen9doublesou","rating":1176,"private":0,"password":""}