{"id":"gen9doublesou-1976213793","p1":"RFlo41","p2":"SXD2002","format":"[Gen 9] Doubles OU","log":"|j|\u2606RFlo41\n|j|\u2606SXD2002\n|t:|1698274488\n|gametype|doubles\n|player|p1|RFlo41|2|1081\n|player|p2|SXD2002|silver-masters|1074\n|teamsize|p1|6\n|teamsize|p2|6\n|gen|9\n|tier|[Gen 9] Doubles OU\n|rated|\n|rule|Species Clause: Limit one of each Pok\u00e9mon\n|rule|OHKO Clause: OHKO moves are banned\n|rule|Evasion Moves Clause: Evasion moves are banned\n|rule|Gravity Sleep Clause: The combination of sleep-inducing moves with imperfect accuracy and Gravity or Gigantamax Orbeetle are banned\n|rule|Endless Battle Clause: Forcing endless battles is banned\n|rule|HP Percentage Mod: HP is shown in percentages\n|clearpoke\n|poke|p1|Quaquaval, F|\n|poke|p1|Oranguru, M|\n|poke|p1|Pelipper, F|\n|poke|p1|Snorlax, F|\n|poke|p1|Kingambit, M|\n|poke|p1|Dragapult, F|\n|poke|p2|Lurantis, F|\n|poke|p2|Murkrow, M|\n|poke|p2|Grimmsnarl, M|\n|poke|p2|Clefairy, M|\n|poke|p2|Talonflame, F|\n|poke|p2|Espeon, M|\n|teampreview\n|inactive|Battle timer is ON: inactive players will automatically lose when time's up. (requested by RFlo41)\n|inactive|SXD2002 also wants the timer to be on.\n|\n|t:|1698274512\n|start\n|switch|p1a: Sugar Free Snapple|Pelipper, F|100\/100\n|switch|p1b: Harambae 2|Oranguru, M|100\/100\n|switch|p2a: Murkrow|Murkrow, M|100\/100\n|switch|p2b: Lurantis|Lurantis, F|100\/100\n|-weather|RainDance|[from] ability: Drizzle|[of] p1a: Sugar Free Snapple\n|turn|1\n|\n|t:|1698274529\n|move|p2b: Lurantis|Protect|p2b: Lurantis\n|-singleturn|p2b: Lurantis|Protect\n|move|p2a: Murkrow|Snarl|p1b: Harambae 2|[spread] p1a,p1b\n|-supereffective|p1b: Harambae 2\n|-damage|p1a: Sugar Free Snapple|82\/100\n|-damage|p1b: Harambae 2|85\/100\n|-unboost|p1a: Sugar Free Snapple|spa|1\n|-unboost|p1b: Harambae 2|spa|1\n|move|p1a: Sugar Free Snapple|Surf|p2a: Murkrow|[spread] p2a\n|-activate|p2b: Lurantis|move: Protect\n|-activate|p1b: Harambae 2|ability: Telepathy\n|-damage|p2a: Murkrow|78\/100\n|move|p1b: Harambae 2|Trick Room|p1b: Harambae 2\n|-fieldstart|move: Trick Room|[of] p1b: Harambae 2\n|\n|-weather|RainDance|[upkeep]\n|-heal|p1b: Harambae 2|91\/100|[from] item: Leftovers\n|upkeep\n|turn|2\n|inactive|SXD2002 has 120 seconds left.\n|\n|t:|1698274566\n|move|p2a: Murkrow|Screech|p2b: Lurantis\n|-boost|p2b: Lurantis|def|2\n|move|p2b: Lurantis|Leaf Storm|p1a: Sugar Free Snapple\n|-damage|p1a: Sugar Free Snapple|29\/100\n|-boost|p2b: Lurantis|spa|2\n|-enditem|p1a: Sugar Free Snapple|Sitrus Berry|[eat]\n|-heal|p1a: Sugar Free Snapple|53\/100|[from] item: Sitrus Berry\n|move|p1b: Harambae 2|Instruct|p1a: Sugar Free Snapple\n|-singleturn|p1a: Sugar Free Snapple|move: Instruct|[of] p1b: Harambae 2\n|move|p1a: Sugar Free Snapple|Surf|p2b: Lurantis|[spread] p2a,p2b\n|-activate|p1b: Harambae 2|ability: Telepathy\n|-resisted|p2b: Lurantis\n|-damage|p2a: Murkrow|53\/100\n|-damage|p2b: Lurantis|90\/100\n|move|p1a: Sugar Free Snapple|Surf|p2a: Murkrow|[spread] p2a,p2b\n|-activate|p1b: Harambae 2|ability: Telepathy\n|-resisted|p2b: Lurantis\n|-damage|p2a: Murkrow|29\/100\n|-damage|p2b: Lurantis|79\/100\n|\n|-weather|RainDance|[upkeep]\n|-heal|p2b: Lurantis|85\/100|[from] item: Leftovers\n|-heal|p1b: Harambae 2|97\/100|[from] item: Leftovers\n|upkeep\n|turn|3\n|inactive|SXD2002 has 120 seconds left.\n|\n|t:|1698274592\n|move|p2a: Murkrow|Thunder Wave|p1b: Harambae 2\n|-status|p1b: Harambae 2|par\n|move|p1b: Harambae 2|Instruct|p1a: Sugar Free Snapple\n|-singleturn|p1a: Sugar Free Snapple|move: Instruct|[of] p1b: Harambae 2\n|move|p1a: Sugar Free Snapple|Surf|p2b: Lurantis|[spread] p2a,p2b\n|-activate|p1b: Harambae 2|ability: Telepathy\n|-resisted|p2b: Lurantis\n|-damage|p2a: Murkrow|7\/100\n|-damage|p2b: Lurantis|74\/100\n|move|p2b: Lurantis|Leaf Storm|p1b: Harambae 2\n|-damage|p1b: Harambae 2|56\/100 par\n|-boost|p2b: Lurantis|spa|2\n|move|p1a: Sugar Free Snapple|Blizzard|p2a: Murkrow|[spread] p2a\n|-miss|p1a: Sugar Free Snapple|p2b: Lurantis\n|-supereffective|p2a: Murkrow\n|-damage|p2a: Murkrow|0 fnt\n|faint|p2a: Murkrow\n|\n|-weather|RainDance|[upkeep]\n|-heal|p1b: Harambae 2|62\/100 par|[from] item: Leftovers\n|-heal|p2b: Lurantis|80\/100|[from] item: Leftovers\n|upkeep\n|\n|t:|1698274613\n|switch|p2a: Grimmsnarl|Grimmsnarl, M|100\/100\n|turn|4\n|inactive|SXD2002 has 120 seconds left.\n|\n|t:|1698274625\n|-terastallize|p2b: Lurantis|Steel\n|move|p2a: Grimmsnarl|Fake Tears|p2b: Lurantis\n|-boost|p2b: Lurantis|spd|2\n|move|p1b: Harambae 2|Instruct|p1a: Sugar Free Snapple\n|-singleturn|p1a: Sugar Free Snapple|move: Instruct|[of] p1b: Harambae 2\n|move|p1a: Sugar Free Snapple|Blizzard|p2a: Grimmsnarl|[spread] p2b\n|-miss|p1a: Sugar Free Snapple|p2a: Grimmsnarl\n|-resisted|p2b: Lurantis\n|-damage|p2b: Lurantis|77\/100\n|move|p2b: Lurantis|Leaf Storm|p1b: Harambae 2\n|-damage|p1b: Harambae 2|0 fnt\n|-boost|p2b: Lurantis|spa|2\n|faint|p1b: Harambae 2\n|move|p1a: Sugar Free Snapple|Hurricane|p2b: Lurantis\n|-resisted|p2b: Lurantis\n|-damage|p2b: Lurantis|71\/100\n|-start|p2b: Lurantis|confusion\n|\n|-weather|RainDance|[upkeep]\n|-heal|p2b: Lurantis|77\/100|[from] item: Leftovers\n|upkeep\n|inactive|RFlo41 has 120 seconds left.\n|\n|t:|1698274650\n|switch|p1b: fork|Kingambit, M|100\/100\n|turn|5\n|\n|t:|1698274663\n|-terastallize|p1a: Sugar Free Snapple|Fire\n|move|p2a: Grimmsnarl|Scary Face|p2b: Lurantis\n|-boost|p2b: Lurantis|spe|2\n|move|p1b: fork|Iron Head|p2b: Lurantis\n|-resisted|p2b: Lurantis\n|-damage|p2b: Lurantis|65\/100\n|move|p1a: Sugar Free Snapple|Chilling Water|p2a: Grimmsnarl\n|-damage|p2a: Grimmsnarl|83\/100\n|-unboost|p2a: Grimmsnarl|atk|1\n|-activate|p2b: Lurantis|confusion\n|-damage|p2b: Lurantis|59\/100|[from] confusion\n|\n|-weather|none\n|-heal|p2a: Grimmsnarl|89\/100|[from] item: Leftovers\n|-heal|p2b: Lurantis|66\/100|[from] item: Leftovers\n|-fieldend|move: Trick Room\n|upkeep\n|turn|6\n|\n|t:|1698274692\n|move|p2a: Grimmsnarl|Scary Face|p2b: Lurantis\n|-boost|p2b: Lurantis|spe|2\n|-end|p2b: Lurantis|confusion\n|move|p2b: Lurantis|Superpower|p1b: fork\n|-supereffective|p1b: fork\n|-damage|p1b: fork|22\/100\n|-boost|p2b: Lurantis|atk|1\n|-boost|p2b: Lurantis|def|1\n|move|p1a: Sugar Free Snapple|Chilling Water|p2a: Grimmsnarl\n|-damage|p2a: Grimmsnarl|78\/100\n|-unboost|p2a: Grimmsnarl|atk|1\n|move|p1b: fork|Iron Head|p2a: Grimmsnarl\n|-supereffective|p2a: Grimmsnarl\n|-damage|p2a: Grimmsnarl|0 fnt\n|faint|p2a: Grimmsnarl\n|\n|-heal|p2b: Lurantis|72\/100|[from] item: Leftovers\n|upkeep\n|\n|t:|1698274706\n|switch|p2a: Talonflame|Talonflame, F|100\/100\n|turn|7\n|\n|t:|1698274719\n|move|p2a: Talonflame|Defog|p2b: Lurantis\n|-boost|p2b: Lurantis|evasion|1\n|move|p2b: Lurantis|Superpower|p1b: fork\n|-supereffective|p1b: fork\n|-damage|p1b: fork|0 fnt\n|-boost|p2b: Lurantis|atk|1\n|-boost|p2b: Lurantis|def|1\n|faint|p1b: fork\n|move|p1a: Sugar Free Snapple|Chilling Water|p2a: Talonflame\n|-supereffective|p2a: Talonflame\n|-damage|p2a: Talonflame|68\/100\n|-unboost|p2a: Talonflame|atk|1\n|\n|-heal|p2b: Lurantis|78\/100|[from] item: Leftovers\n|upkeep\n|\n|t:|1698274736\n|switch|p1b: Sus Bird|Quaquaval, F|100\/100\n|turn|8\n|\n|t:|1698274750\n|move|p2a: Talonflame|Defog|p2b: Lurantis\n|-boost|p2b: Lurantis|evasion|1\n|move|p2b: Lurantis|Leaf Storm|p1b: Sus Bird\n|-supereffective|p1b: Sus Bird\n|-damage|p1b: Sus Bird|0 fnt\n|faint|p1b: Sus Bird\n|move|p1a: Sugar Free Snapple|Surf|p2a: Talonflame|[spread] p2a,p2b\n|-supereffective|p2a: Talonflame\n|-damage|p2a: Talonflame|24\/100\n|-damage|p2b: Lurantis|70\/100\n|\n|-heal|p2b: Lurantis|76\/100|[from] item: Leftovers\n|upkeep\n|\n|t:|1698274761\n|switch|p1b: Geico|Dragapult, F|100\/100\n|turn|9\n|\n|t:|1698274768\n|move|p1b: Geico|Dragon Darts|p2b: Lurantis\n|-resisted|p2b: Lurantis\n|-damage|p2b: Lurantis|70\/100\n|-anim|p1b: Geico|Dragon Darts|p2a: Talonflame\n|-damage|p2a: Talonflame|0 fnt\n|faint|p2a: Talonflame\n|move|p2b: Lurantis|Superpower|p1a: Sugar Free Snapple\n|-damage|p1a: Sugar Free Snapple|0 fnt\n|-boost|p2b: Lurantis|atk|1\n|-boost|p2b: Lurantis|def|1\n|faint|p1a: Sugar Free Snapple\n|\n|-heal|p2b: Lurantis|77\/100|[from] item: Leftovers\n|upkeep\n|\n|t:|1698274780\n|switch|p2a: Espeon|Espeon, M|100\/100\n|switch|p1a: Obama|Snorlax, F|100\/100\n|turn|10\n|\n|t:|1698274793\n|move|p1b: Geico|Dragon Claw|p2a: Espeon\n|-damage|p2a: Espeon|9\/100\n|move|p2a: Espeon|Psych Up|p2b: Lurantis\n|-copyboost|p2a: Espeon|p2b: Lurantis|[from] move: Psych Up\n|move|p2b: Lurantis|Superpower|p1a: Obama\n|-supereffective|p1a: Obama\n|-damage|p1a: Obama|0 fnt\n|-boost|p2b: Lurantis|atk|1\n|-boost|p2b: Lurantis|def|1\n|faint|p1a: Obama\n|\n|-heal|p2a: Espeon|15\/100|[from] item: Leftovers\n|-heal|p2b: Lurantis|83\/100|[from] item: Leftovers\n|upkeep\n|turn|11\n|\n|t:|1698274813\n|move|p2a: Espeon|Draining Kiss|p1b: Geico\n|-supereffective|p1b: Geico\n|-damage|p1b: Geico|0 fnt\n|-heal|p2a: Espeon|100\/100|[from] drain|[of] p1b: Geico\n|faint|p1b: Geico\n|\n|win|SXD2002\n|raw|RFlo41's rating: 1081 &rarr; <strong>1058<\/strong><br \/>(-23 for losing)\n|raw|SXD2002's rating: 1074 &rarr; <strong>1103<\/strong><br \/>(+29 for winning)\n|c|\u2606SXD2002|gg\n|l|\u2606RFlo41\n","uploadtime":1698274824,"views":22,"p1id":"rflo41","p2id":"sxd2002","formatid":"gen9doublesou","rating":1058,"private":0,"password":""}