{"id":"gen9doublesou-1995234105","p1":"yyyxxxaaa","p2":"Cffftyyu","format":"[Gen 9] Doubles OU","log":"|j|\u2606yyyxxxaaa\n|j|\u203dCffftyyu\n|t:|1700537952\n|gametype|doubles\n|player|p1|yyyxxxaaa|iono|1018\n|player|p2|Cffftyyu|169|1000\n|teamsize|p1|6\n|teamsize|p2|6\n|gen|9\n|tier|[Gen 9] Doubles OU\n|rated|\n|rule|Species Clause: Limit one of each Pok\u00e9mon\n|rule|OHKO Clause: OHKO moves are banned\n|rule|Evasion Moves Clause: Evasion moves are banned\n|rule|Gravity Sleep Clause: The combination of sleep-inducing moves with imperfect accuracy and Gravity or Gigantamax Orbeetle are banned\n|rule|Endless Battle Clause: Forcing endless battles is banned\n|rule|HP Percentage Mod: HP is shown in percentages\n|clearpoke\n|poke|p1|Pawmot, M|\n|poke|p1|Grafaiai, M|\n|poke|p1|Golem-Alola, M|\n|poke|p1|Pelipper, F|\n|poke|p1|Basculegion-F, F|\n|poke|p1|Rabsca, M|\n|poke|p2|Walking Wake|\n|poke|p2|Tornadus, M|\n|poke|p2|Volcanion|\n|poke|p2|Torkoal, M|\n|poke|p2|Kleavor, M|\n|poke|p2|Great Tusk|\n|teampreview\n|inactive|Battle timer is ON: inactive players will automatically lose when time's up. (requested by Cffftyyu)\n|\n|t:|1700537967\n|start\n|switch|p1a: Pawmot|Pawmot, M|100\/100\n|switch|p1b: Golem|Golem-Alola, M|100\/100\n|switch|p2a: Kleavor|Kleavor, M|100\/100\n|switch|p2b: Volcanion|Volcanion|100\/100\n|turn|1\n|\n|t:|1700537983\n|switch|p2b: Great Tusk|Great Tusk|100\/100\n|move|p1a: Pawmot|Fake Out|p2b: Great Tusk\n|-damage|p2b: Great Tusk|90\/100\n|move|p2a: Kleavor|X-Scissor|p1b: Golem\n|-damage|p1b: Golem|46\/100\n|move|p1b: Golem|Explosion|p2b: Great Tusk|[spread] p2a\n|-immune|p1a: Pawmot|[from] ability: Volt Absorb\n|-immune|p2b: Great Tusk\n|-crit|p2a: Kleavor\n|-enditem|p2a: Kleavor|Focus Sash\n|-damage|p2a: Kleavor|1\/100\n|faint|p1b: Golem\n|\n|upkeep\n|\n|t:|1700538001\n|switch|p1b: Grafaiai|Grafaiai, M|100\/100\n|turn|2\n|\n|t:|1700538014\n|switch|p1a: Basculegion|Basculegion-F, F|100\/100\n|-terastallize|p1b: Grafaiai|Normal\n|move|p1b: Grafaiai|Copycat|p1b: Grafaiai\n|move|p1b: Grafaiai|Explosion|p2b: Great Tusk|[from]move: Copycat|[spread] p2a,p2b\n|-immune|p1a: Basculegion\n|-resisted|p2a: Kleavor\n|-damage|p2a: Kleavor|0 fnt\n|-damage|p2b: Great Tusk|0 fnt\n|faint|p1b: Grafaiai\n|faint|p2a: Kleavor\n|faint|p2b: Great Tusk\n|-end|p2b: Great Tusk|Protosynthesis|[silent]\n|\n|upkeep\n|\n|t:|1700538040\n|switch|p1b: Pawmot|Pawmot, M|100\/100\n|switch|p2b: Walking Wake|Walking Wake|100\/100\n|switch|p2a: Tornadus|Tornadus, M|100\/100\n|turn|3\n|inactive|Cffftyyu has 120 seconds left.\n|\n|t:|1700538075\n|-terastallize|p2a: Tornadus|Grass\n|move|p1b: Pawmot|Fake Out|p2a: Tornadus\n|-damage|p2a: Tornadus|80\/100\n|cant|p2a: Tornadus|flinch\n|move|p2b: Walking Wake|Hydro Steam|p1b: Pawmot\n|-damage|p1b: Pawmot|7\/100\n|-damage|p2b: Walking Wake|91\/100|[from] item: Life Orb\n|move|p1a: Basculegion|Last Respects|p2b: Walking Wake\n|-damage|p2b: Walking Wake|0 fnt\n|faint|p2b: Walking Wake\n|-end|p2b: Walking Wake|Protosynthesis|[silent]\n|-damage|p1a: Basculegion|91\/100|[from] item: Life Orb\n|\n|upkeep\n|\n|t:|1700538094\n|switch|p2b: Volcanion|Volcanion|100\/100\n|turn|4\n|inactive|Cffftyyu has 120 seconds left.\n|\n|t:|1700538112\n|move|p2a: Tornadus|Grass Knot|p1a: Basculegion\n|-supereffective|p1a: Basculegion\n|-damage|p1a: Basculegion|0 fnt\n|faint|p1a: Basculegion\n|move|p1b: Pawmot|Revival Blessing|p1b: Pawmot\n|\n|t:|1700538119\n|-heal|p1: Golem|50\/100|[from] move: Revival Blessing\n|move|p2b: Volcanion|Sludge Bomb|p1b: Pawmot\n|-damage|p1b: Pawmot|0 fnt\n|faint|p1b: Pawmot\n|\n|upkeep\n|\n|t:|1700538143\n|switch|p1b: Golem|Golem-Alola, M|50\/100\n|switch|p1a: Pelipper|Pelipper, F|100\/100\n|-weather|RainDance|[from] ability: Drizzle|[of] p1a: Pelipper\n|turn|5\n|\n|t:|1700538163\n|switch|p2b: Torkoal|Torkoal, M|100\/100\n|-weather|SunnyDay|[from] ability: Drought|[of] p2b: Torkoal\n|move|p1a: Pelipper|Protect|p1a: Pelipper\n|-singleturn|p1a: Pelipper|Protect\n|move|p1b: Golem|Endure|p1b: Golem\n|-singleturn|p1b: Golem|move: Endure\n|move|p2a: Tornadus|Grass Knot|p1b: Golem\n|-supereffective|p1b: Golem\n|-activate|p1b: Golem|move: Endure\n|-damage|p1b: Golem|1\/100\n|\n|-weather|SunnyDay|[upkeep]\n|upkeep\n|turn|6\n|-enditem|p1b: Golem|Custap Berry|[eat]\n|-activate|p1b: Golem|item: Custap Berry|[consumed]\n|\n|t:|1700538182\n|switch|p1a: Rabsca|Rabsca, M|100\/100\n|move|p1b: Golem|Explosion|p2a: Tornadus|[spread] p2a,p2b\n|-activate|p1a: Rabsca|ability: Telepathy\n|-resisted|p2a: Tornadus\n|-damage|p2a: Tornadus|0 fnt\n|-damage|p2b: Torkoal|0 fnt\n|faint|p1b: Golem\n|faint|p2a: Tornadus\n|faint|p2b: Torkoal\n|\n|-weather|SunnyDay|[upkeep]\n|upkeep\n|\n|t:|1700538196\n|switch|p1b: Pelipper|Pelipper, F|100\/100\n|switch|p2b: Volcanion|Volcanion|100\/100\n|-weather|RainDance|[from] ability: Drizzle|[of] p1b: Pelipper\n|turn|7\n|\n|t:|1700538218\n|move|p2b: Volcanion|Sludge Bomb|p1a: Rabsca\n|-damage|p1a: Rabsca|70\/100\n|-status|p1a: Rabsca|psn\n|move|p1b: Pelipper|Hurricane|p2b: Volcanion\n|-damage|p2b: Volcanion|62\/100\n|-start|p2b: Volcanion|confusion\n|move|p1a: Rabsca|Revival Blessing|p1a: Rabsca\n|l|\u203dCffftyyu\n|inactive|Cffftyyu disconnected and has a minute to reconnect!\n|player|p2|\n|inactive|yyyxxxaaa has 120 seconds left.\n|\n|t:|1700538248\n|-heal|p1: Basculegion|50\/100|[from] move: Revival Blessing\n|\n|-weather|RainDance|[upkeep]\n|-damage|p1a: Rabsca|57\/100 psn|[from] psn\n|upkeep\n|turn|8\n|inactive|Cffftyyu has 30 seconds to reconnect!\n|inactive|Cffftyyu has 20 seconds to reconnect!\n|inactive|Cffftyyu has 15 seconds to reconnect!\n|inactive|Cffftyyu has 10 seconds to reconnect!\n|inactive|Cffftyyu has 5 seconds to reconnect!\n|-message|Cffftyyu lost due to inactivity.\n|\n|win|yyyxxxaaa\n|raw|yyyxxxaaa's rating: 1018 &rarr; <strong>1053<\/strong><br \/>(+35 for winning)\n|raw|Cffftyyu's rating: 1000 &rarr; <strong>1000<\/strong><br \/>(+0 for losing)\n","uploadtime":1700538313,"views":6,"p1id":"yyyxxxaaa","p2id":"cffftyyu","formatid":"gen9doublesou","rating":1000,"private":0,"password":""}