{"id":"gen9doublesou-1973382073","p1":"serfer123451","p2":"MythAst","format":"[Gen 9] Doubles OU","log":"|j|\u2606serfer123451\n|j|\u2606MythAst\n|t:|1697965583\n|gametype|doubles\n|player|p1|serfer123451|169|\n|player|p2|MythAst|cyrus-masters|\n|teamsize|p1|6\n|teamsize|p2|6\n|gen|9\n|tier|[Gen 9] Doubles OU\n|rule|Species Clause: Limit one of each Pok\u00e9mon\n|rule|OHKO Clause: OHKO moves are banned\n|rule|Evasion Moves Clause: Evasion moves are banned\n|rule|Gravity Sleep Clause: The combination of sleep-inducing moves with imperfect accuracy and Gravity or Gigantamax Orbeetle are banned\n|rule|Endless Battle Clause: Forcing endless battles is banned\n|rule|HP Percentage Mod: HP is shown in percentages\n|clearpoke\n|poke|p1|Rillaboom, M|\n|poke|p1|Ogerpon-Hearthflame, F|\n|poke|p1|Chien-Pao|\n|poke|p1|Dragonite, F|\n|poke|p1|Flutter Mane|\n|poke|p1|Volcanion|\n|poke|p2|Rillaboom, F|\n|poke|p2|Ogerpon-Hearthflame, F|\n|poke|p2|Torkoal, F|\n|poke|p2|Oranguru, F|\n|poke|p2|Flutter Mane|\n|poke|p2|Amoonguss, F|\n|teampreview\n|inactive|Battle timer is ON: inactive players will automatically lose when time's up. (requested by MythAst)\n|\n|t:|1697965603\n|start\n|switch|p1a: Chien-Pao|Chien-Pao|100\/100\n|switch|p1b: Dragonite|Dragonite, F|100\/100\n|switch|p2a: Oranguru|Oranguru, F|100\/100\n|switch|p2b: Rillaboom|Rillaboom, F|100\/100\n|-ability|p1a: Chien-Pao|Sword of Ruin\n|-fieldstart|move: Grassy Terrain|[from] ability: Grassy Surge|[of] p2b: Rillaboom\n|turn|1\n|c|\u2606serfer123451|gl\n|\n|t:|1697965625\n|-terastallize|p1b: Dragonite|Normal\n|move|p1a: Chien-Pao|Protect|p1a: Chien-Pao\n|-singleturn|p1a: Chien-Pao|Protect\n|move|p2b: Rillaboom|Fake Out|p1a: Chien-Pao\n|-activate|p1a: Chien-Pao|move: Protect\n|move|p1b: Dragonite|Extreme Speed|p2b: Rillaboom\n|-damage|p2b: Rillaboom|18\/100\n|move|p2a: Oranguru|Trick Room|p2a: Oranguru\n|-fieldstart|move: Trick Room|[of] p2a: Oranguru\n|\n|-heal|p2b: Rillaboom|24\/100|[from] Grassy Terrain\n|upkeep\n|turn|2\n|\n|t:|1697965642\n|move|p1b: Dragonite|Extreme Speed|p2a: Oranguru\n|-damage|p2a: Oranguru|6\/100\n|move|p1a: Chien-Pao|Sucker Punch|p2b: Rillaboom\n|-damage|p2b: Rillaboom|0 fnt\n|faint|p2b: Rillaboom\n|move|p2a: Oranguru|Instruct|p2: Rillaboom|[notarget]\n|-fail|p2a: Oranguru\n|\n|-heal|p2a: Oranguru|12\/100|[from] Grassy Terrain\n|upkeep\n|\n|t:|1697965650\n|switch|p2b: Torkoal|Torkoal, F|100\/100\n|-weather|SunnyDay|[from] ability: Drought|[of] p2b: Torkoal\n|turn|3\n|\n|t:|1697965669\n|switch|p1b: Volcanion|Volcanion|100\/100\n|-terastallize|p2b: Torkoal|Fire\n|move|p1a: Chien-Pao|Protect|p1a: Chien-Pao\n|-singleturn|p1a: Chien-Pao|Protect\n|move|p2b: Torkoal|Heat Wave|p1a: Chien-Pao|[spread] p1b\n|-activate|p1a: Chien-Pao|move: Protect\n|-resisted|p1b: Volcanion\n|-damage|p1b: Volcanion|89\/100\n|move|p2a: Oranguru|Instruct|p2b: Torkoal\n|-singleturn|p2b: Torkoal|move: Instruct|[of] p2a: Oranguru\n|move|p2b: Torkoal|Heat Wave|p1a: Chien-Pao|[spread] p1b\n|-activate|p1a: Chien-Pao|move: Protect\n|-resisted|p1b: Volcanion\n|-damage|p1b: Volcanion|77\/100\n|\n|-weather|SunnyDay|[upkeep]\n|-heal|p2a: Oranguru|18\/100|[from] Grassy Terrain\n|-heal|p1b: Volcanion|83\/100|[from] Grassy Terrain\n|upkeep\n|turn|4\n|inactive|serfer123451 has 270 seconds left.\n|\n|t:|1697965700\n|move|p2b: Torkoal|Protect|p2b: Torkoal\n|-singleturn|p2b: Torkoal|Protect\n|move|p2a: Oranguru|Encore|p1a: Chien-Pao\n|-start|p1a: Chien-Pao|Encore\n|move|p1b: Volcanion|Earth Power|p2b: Torkoal\n|-activate|p2b: Torkoal|move: Protect\n|move|p1a: Chien-Pao|Protect||[still]\n|-fail|p1a: Chien-Pao\n|\n|-weather|SunnyDay|[upkeep]\n|-heal|p2a: Oranguru|24\/100|[from] Grassy Terrain\n|-heal|p1b: Volcanion|89\/100|[from] Grassy Terrain\n|upkeep\n|turn|5\n|\n|t:|1697965721\n|switch|p1a: Flutter Mane|Flutter Mane|100\/100\n|-activate|p1a: Flutter Mane|ability: Protosynthesis\n|-start|p1a: Flutter Mane|protosynthesisspe\n|move|p2b: Torkoal|Earth Power|p1b: Volcanion\n|-supereffective|p1b: Volcanion\n|-damage|p1b: Volcanion|53\/100\n|move|p2a: Oranguru|Instruct|p2b: Torkoal\n|-singleturn|p2b: Torkoal|move: Instruct|[of] p2a: Oranguru\n|move|p2b: Torkoal|Earth Power|p1b: Volcanion\n|-supereffective|p1b: Volcanion\n|-crit|p1b: Volcanion\n|-damage|p1b: Volcanion|0 fnt\n|faint|p1b: Volcanion\n|\n|-weather|SunnyDay|[upkeep]\n|-heal|p2a: Oranguru|30\/100|[from] Grassy Terrain\n|-fieldend|move: Trick Room\n|-fieldend|move: Grassy Terrain\n|upkeep\n|inactive|serfer123451 has 270 seconds left.\n|c|\u2606serfer123451|:C\n|c|\u2606serfer123451|crit mattered ;-;\n|\n|t:|1697965744\n|switch|p1b: Dragonite|Dragonite, F, tera:Normal|100\/100\n|turn|6\n|\n|t:|1697965751\n|switch|p2a: Flutter Mane|Flutter Mane|100\/100\n|-activate|p2a: Flutter Mane|ability: Protosynthesis\n|-start|p2a: Flutter Mane|protosynthesisspa\n|move|p1b: Dragonite|Extreme Speed|p2a: Flutter Mane\n|-immune|p2a: Flutter Mane\n|move|p1a: Flutter Mane|Shadow Ball|p2b: Torkoal\n|-crit|p2b: Torkoal\n|-damage|p2b: Torkoal|0 fnt\n|faint|p2b: Torkoal\n|\n|-weather|SunnyDay|[upkeep]\n|upkeep\n|\n|t:|1697965769\n|switch|p2b: Amoonguss|Amoonguss, F|100\/100\n|turn|7\n|\n|t:|1697965781\n|switch|p1b: Rillaboom|Rillaboom, M|100\/100\n|-fieldstart|move: Grassy Terrain|[from] ability: Grassy Surge|[of] p1b: Rillaboom\n|move|p2b: Amoonguss|Rage Powder|p2b: Amoonguss\n|-singleturn|p2b: Amoonguss|move: Rage Powder\n|move|p1a: Flutter Mane|Shadow Ball|p2b: Amoonguss\n|-crit|p2b: Amoonguss\n|-damage|p2b: Amoonguss|29\/100\n|-unboost|p2b: Amoonguss|spd|1\n|-enditem|p2b: Amoonguss|Sitrus Berry|[eat]\n|-heal|p2b: Amoonguss|54\/100|[from] item: Sitrus Berry\n|move|p2a: Flutter Mane|Shadow Ball|p1a: Flutter Mane\n|-supereffective|p1a: Flutter Mane\n|-damage|p1a: Flutter Mane|0 fnt\n|faint|p1a: Flutter Mane\n|-end|p1a: Flutter Mane|Protosynthesis|[silent]\n|\n|-weather|none\n|-end|p2a: Flutter Mane|Protosynthesis\n|-heal|p2b: Amoonguss|60\/100|[from] Grassy Terrain\n|upkeep\n|\n|t:|1697965797\n|switch|p1a: Chien-Pao|Chien-Pao|100\/100\n|-ability|p1a: Chien-Pao|Sword of Ruin\n|turn|8\n|\n|t:|1697965806\n|move|p1b: Rillaboom|Fake Out|p2b: Amoonguss\n|-damage|p2b: Amoonguss|44\/100\n|cant|p2b: Amoonguss|flinch\n|move|p1a: Chien-Pao|Sucker Punch|p2a: Flutter Mane\n|-damage|p2a: Flutter Mane|24\/100\n|move|p2a: Flutter Mane|Shadow Ball|p1b: Rillaboom\n|-crit|p1b: Rillaboom\n|-damage|p1b: Rillaboom|39\/100\n|\n|-heal|p2a: Flutter Mane|30\/100|[from] Grassy Terrain\n|-heal|p1b: Rillaboom|45\/100|[from] Grassy Terrain\n|-heal|p2b: Amoonguss|50\/100|[from] Grassy Terrain\n|upkeep\n|turn|9\n|\n|t:|1697965825\n|-end|p2a: Flutter Mane|Protosynthesis|[silent]\n|switch|p2a: Oranguru|Oranguru, F|30\/100\n|move|p1a: Chien-Pao|Sucker Punch||[still]\n|-fail|p1a: Chien-Pao\n|move|p1b: Rillaboom|U-turn|p2b: Amoonguss\n|-damage|p2b: Amoonguss|19\/100\n|\n|t:|1697965830\n|switch|p1b: Dragonite|Dragonite, F, tera:Normal|100\/100|[from] U-turn\n|move|p2b: Amoonguss|Spore|p1a: Chien-Pao\n|-status|p1a: Chien-Pao|slp|[from] move: Spore\n|\n|-heal|p2a: Oranguru|36\/100|[from] Grassy Terrain\n|-heal|p2b: Amoonguss|25\/100|[from] Grassy Terrain\n|upkeep\n|turn|10\n|\n|t:|1697965862\n|move|p1b: Dragonite|Extreme Speed|p2b: Amoonguss\n|-damage|p2b: Amoonguss|0 fnt\n|faint|p2b: Amoonguss\n|cant|p1a: Chien-Pao|slp\n|move|p2a: Oranguru|Trick Room|p2a: Oranguru\n|-fieldstart|move: Trick Room|[of] p2a: Oranguru\n|\n|-heal|p2a: Oranguru|42\/100|[from] Grassy Terrain\n|upkeep\n|\n|t:|1697965872\n|switch|p2b: Flutter Mane|Flutter Mane|30\/100\n|turn|11\n|\n|t:|1697965883\n|move|p1b: Dragonite|Extreme Speed|p2a: Oranguru\n|-damage|p2a: Oranguru|0 fnt\n|faint|p2a: Oranguru\n|cant|p1a: Chien-Pao|slp\n|move|p2b: Flutter Mane|Dazzling Gleam|p1a: Chien-Pao|[spread] p1a,p1b\n|-supereffective|p1a: Chien-Pao\n|-enditem|p1a: Chien-Pao|Focus Sash\n|-damage|p1a: Chien-Pao|1\/100 slp\n|-damage|p1b: Dragonite|56\/100\n|\n|-heal|p1b: Dragonite|62\/100|[from] Grassy Terrain\n|-heal|p2b: Flutter Mane|36\/100|[from] Grassy Terrain\n|-heal|p1a: Chien-Pao|7\/100 slp|[from] Grassy Terrain\n|-fieldend|move: Grassy Terrain\n|upkeep\n|\n|t:|1697965889\n|switch|p2a: Ogerpon|Ogerpon-Hearthflame, F|100\/100\n|-ability|p2a: Ogerpon|Mold Breaker\n|turn|12\n|\n|t:|1697965895\n|move|p2a: Ogerpon|Spiky Shield|p2a: Ogerpon\n|-singleturn|p2a: Ogerpon|move: Protect\n|move|p1b: Dragonite|Extreme Speed|p2a: Ogerpon\n|-activate|p2a: Ogerpon|move: Protect\n|-damage|p1b: Dragonite|50\/100|[from] Spiky Shield|[of] p2a: Ogerpon\n|-curestatus|p1a: Chien-Pao|slp|[msg]\n|move|p1a: Chien-Pao|Sucker Punch|p2b: Flutter Mane\n|-damage|p2b: Flutter Mane|0 fnt\n|faint|p2b: Flutter Mane\n|-end|p2b: Flutter Mane|Protosynthesis|[silent]\n|\n|upkeep\n|turn|13\n|\n|t:|1697965907\n|move|p1b: Dragonite|Extreme Speed|p2a: Ogerpon\n|-damage|p2a: Ogerpon|0 fnt\n|faint|p2a: Ogerpon\n|\n|win|serfer123451\n|c|\u2606serfer123451|gg\n|c|\u2606MythAst|Gg\n","uploadtime":1697965915,"views":24,"p1id":"serfer123451","p2id":"mythast","formatid":"gen9doublesou","rating":0,"private":0,"password":""}