{"id":"gen9doublesou-1995262966","p1":"Undala","p2":"Kuzwa","format":"[Gen 9] Doubles OU","log":"|j|\u2606Undala\n|j|\u2606Kuzwa\n|t:|1700543209\n|gametype|doubles\n|player|p1|Undala|101|1291\n|player|p2|Kuzwa|pokemonbreeder-gen4|1285\n|teamsize|p1|6\n|teamsize|p2|6\n|gen|9\n|tier|[Gen 9] Doubles OU\n|rated|\n|rule|Species Clause: Limit one of each Pok\u00e9mon\n|rule|OHKO Clause: OHKO moves are banned\n|rule|Evasion Moves Clause: Evasion moves are banned\n|rule|Gravity Sleep Clause: The combination of sleep-inducing moves with imperfect accuracy and Gravity or Gigantamax Orbeetle are banned\n|rule|Endless Battle Clause: Forcing endless battles is banned\n|rule|HP Percentage Mod: HP is shown in percentages\n|clearpoke\n|poke|p1|Flutter Mane|\n|poke|p1|Torkoal, F|\n|poke|p1|Toxapex, M|\n|poke|p1|Regidrago|\n|poke|p1|Talonflame, M|\n|poke|p1|Indeedee-F, F|\n|poke|p2|Chi-Yu|\n|poke|p2|Torkoal, M|\n|poke|p2|Glimmora, M|\n|poke|p2|Gallade, M|\n|poke|p2|Cinderace, M|\n|poke|p2|Gardevoir, F|\n|teampreview\n|\n|t:|1700543217\n|start\n|switch|p1a: Master Oogway|Torkoal, F|100\/100\n|switch|p1b: Flutter Mane|Flutter Mane|100\/100\n|switch|p2a: Strega|Glimmora, M|100\/100\n|switch|p2b: Nyx|Gardevoir, F, shiny|100\/100\n|-item|p2a: Strega|Air Balloon\n|-weather|SunnyDay|[from] ability: Drought|[of] p1a: Master Oogway\n|-activate|p1b: Flutter Mane|ability: Protosynthesis\n|-start|p1b: Flutter Mane|protosynthesisspa\n|turn|1\n|inactive|Battle timer is ON: inactive players will automatically lose when time's up. (requested by Undala)\n|\n|t:|1700543233\n|-terastallize|p1a: Master Oogway|Ground\n|move|p1b: Flutter Mane|Dazzling Gleam|p2a: Strega|[spread] p2a,p2b\n|-resisted|p2a: Strega\n|-damage|p2a: Strega|62\/100\n|-damage|p2b: Nyx|46\/100\n|-enditem|p2a: Strega|Air Balloon\n|-damage|p1b: Flutter Mane|91\/100|[from] item: Life Orb\n|move|p2a: Strega|Sludge Wave|p1a: Master Oogway|[spread] p1a,p1b\n|-activate|p2b: Nyx|ability: Telepathy\n|-resisted|p1a: Master Oogway\n|-crit|p1b: Flutter Mane\n|-damage|p1a: Master Oogway|81\/100\n|-damage|p1b: Flutter Mane|34\/100\n|move|p1a: Master Oogway|Earth Power|p2a: Strega\n|-supereffective|p2a: Strega\n|-damage|p2a: Strega|0 fnt\n|faint|p2a: Strega\n|move|p2b: Nyx|Trick Room|p2b: Nyx\n|-fieldstart|move: Trick Room|[of] p2b: Nyx\n|\n|-weather|SunnyDay|[upkeep]\n|upkeep\n|\n|t:|1700543241\n|switch|p2a: Makoto Yuki|Gallade, M|100\/100\n|turn|2\n|\n|t:|1700543260\n|move|p1a: Master Oogway|Eruption|p2b: Nyx|[spread] p2a,p2b\n|-damage|p2a: Makoto Yuki|53\/100\n|-damage|p2b: Nyx|1\/100\n|move|p2b: Nyx|Dazzling Gleam|p1b: Flutter Mane|[spread] p1a,p1b\n|-damage|p1a: Master Oogway|43\/100\n|-damage|p1b: Flutter Mane|1\/100\n|move|p2a: Makoto Yuki|Solar Blade||[still]\n|-prepare|p2a: Makoto Yuki|Solar Blade\n|-anim|p2a: Makoto Yuki|Solar Blade|p1a: Master Oogway\n|-supereffective|p1a: Master Oogway\n|-damage|p1a: Master Oogway|0 fnt\n|faint|p1a: Master Oogway\n|move|p1b: Flutter Mane|Shadow Ball|p2a: Makoto Yuki\n|-supereffective|p2a: Makoto Yuki\n|-damage|p2a: Makoto Yuki|0 fnt\n|faint|p2a: Makoto Yuki\n|-damage|p1b: Flutter Mane|0 fnt|[from] item: Life Orb\n|faint|p1b: Flutter Mane\n|-end|p1b: Flutter Mane|Protosynthesis|[silent]\n|\n|-weather|SunnyDay|[upkeep]\n|upkeep\n|\n|t:|1700543285\n|switch|p1a: Indeedee|Indeedee-F, F|100\/100\n|switch|p2a: Ryoji Mochizuki|Chi-Yu|100\/100\n|switch|p1b: Toxapex|Toxapex, M|100\/100\n|-ability|p2a: Ryoji Mochizuki|Beads of Ruin\n|turn|3\n|\n|t:|1700543307\n|move|p1b: Toxapex|Poison Jab|p2a: Ryoji Mochizuki\n|-crit|p2a: Ryoji Mochizuki\n|-damage|p2a: Ryoji Mochizuki|39\/100\n|move|p2b: Nyx|Psychic|p1b: Toxapex\n|-supereffective|p1b: Toxapex\n|-damage|p1b: Toxapex|5\/100\n|-unboost|p1b: Toxapex|spd|1\n|move|p1a: Indeedee|Shadow Ball|p2b: Nyx\n|-supereffective|p2b: Nyx\n|-damage|p2b: Nyx|0 fnt\n|faint|p2b: Nyx\n|move|p2a: Ryoji Mochizuki|Dark Pulse|p1a: Indeedee\n|-supereffective|p1a: Indeedee\n|-damage|p1a: Indeedee|0 fnt\n|faint|p1a: Indeedee\n|\n|-weather|SunnyDay|[upkeep]\n|-heal|p1b: Toxapex|11\/100|[from] item: Black Sludge\n|upkeep\n|\n|t:|1700543326\n|switch|p2b: Tortissed|Torkoal, M|100\/100\n|switch|p1a: Regidrago|Regidrago|100\/100\n|turn|4\n|\n|t:|1700543335\n|move|p1a: Regidrago|Protect|p1a: Regidrago\n|-singleturn|p1a: Regidrago|Protect\n|move|p2b: Tortissed|Eruption|p1a: Regidrago|[spread] p1b\n|-activate|p1a: Regidrago|move: Protect\n|-resisted|p1b: Toxapex\n|-damage|p1b: Toxapex|0 fnt\n|faint|p1b: Toxapex\n|move|p2a: Ryoji Mochizuki|Dark Pulse|p1a: Regidrago\n|-activate|p1a: Regidrago|move: Protect\n|\n|-weather|SunnyDay|[upkeep]\n|upkeep\n|\n|t:|1700543340\n|switch|p1b: Talonflame|Talonflame, M|100\/100\n|turn|5\n|\n|t:|1700543353\n|-terastallize|p2a: Ryoji Mochizuki|Water\n|move|p1b: Talonflame|Tailwind|p1b: Talonflame\n|-sidestart|p1: Undala|move: Tailwind\n|move|p2b: Tortissed|Eruption|p1a: Regidrago|[spread] p1a,p1b\n|-resisted|p1a: Regidrago\n|-resisted|p1b: Talonflame\n|-damage|p1a: Regidrago|52\/100\n|-damage|p1b: Talonflame|21\/100\n|move|p2a: Ryoji Mochizuki|Tera Blast|p1b: Talonflame|[anim] Tera Blast Water\n|-supereffective|p1b: Talonflame\n|-damage|p1b: Talonflame|0 fnt\n|faint|p1b: Talonflame\n|move|p1a: Regidrago|Ancient Power|p2a: Ryoji Mochizuki\n|-damage|p2a: Ryoji Mochizuki|19\/100\n|\n|-weather|SunnyDay|[upkeep]\n|-fieldend|move: Trick Room\n|upkeep\n|turn|6\n|\n|t:|1700543368\n|move|p1a: Regidrago|Dragon Energy|p2a: Ryoji Mochizuki|[spread] p2a,p2b\n|-damage|p2a: Ryoji Mochizuki|0 fnt\n|-damage|p2b: Tortissed|33\/100\n|faint|p2a: Ryoji Mochizuki\n|move|p2b: Tortissed|Eruption|p1a: Regidrago\n|-resisted|p1a: Regidrago\n|-damage|p1a: Regidrago|36\/100\n|\n|-weather|SunnyDay|[upkeep]\n|upkeep\n|\n|t:|1700543372\n|switch|p2a: Mortissed|Cinderace, M|100\/100\n|turn|7\n|\n|t:|1700543386\n|move|p1a: Regidrago|Draco Meteor|p2a: Mortissed\n|-enditem|p2a: Mortissed|Focus Sash\n|-damage|p2a: Mortissed|1\/100\n|-unboost|p1a: Regidrago|spa|2\n|move|p2a: Mortissed|Pyro Ball|p1a: Regidrago\n|-resisted|p1a: Regidrago\n|-damage|p1a: Regidrago|0 fnt\n|faint|p1a: Regidrago\n|\n|win|Kuzwa\n|raw|Undala's rating: 1291 &rarr; <strong>1266<\/strong><br \/>(-25 for losing)\n|raw|Kuzwa's rating: 1285 &rarr; <strong>1310<\/strong><br \/>(+25 for winning)\n|l|\u2606Undala\n","uploadtime":1700543393,"views":2,"p1id":"undala","p2id":"kuzwa","formatid":"gen9doublesou","rating":1266,"private":0,"password":""}