{"id":"gen9doublesou-1980877378","p1":"Scummy strats","p2":"g 179084","format":"[Gen 9] Doubles OU","log":"|j|\u2606Scummy strats\n|j|\u2606g 179084\n|t:|1698845103\n|gametype|doubles\n|player|p1|Scummy strats|n|1081\n|player|p2|g 179084|lance|1000\n|teamsize|p1|6\n|teamsize|p2|2\n|gen|9\n|tier|[Gen 9] Doubles OU\n|rated|\n|rule|Species Clause: Limit one of each Pok\u00e9mon\n|rule|OHKO Clause: OHKO moves are banned\n|rule|Evasion Moves Clause: Evasion moves are banned\n|rule|Gravity Sleep Clause: The combination of sleep-inducing moves with imperfect accuracy and Gravity or Gigantamax Orbeetle are banned\n|rule|Endless Battle Clause: Forcing endless battles is banned\n|rule|HP Percentage Mod: HP is shown in percentages\n|clearpoke\n|poke|p1|Masquerain, F|\n|poke|p1|Espeon, F|\n|poke|p1|Ogerpon, F|\n|poke|p1|Kingambit, M|\n|poke|p1|Articuno-Galar|\n|poke|p1|Lurantis, F|\n|poke|p2|Oricorio-Sensu, F|\n|poke|p2|Volcarona, F|\n|teampreview\n|inactive|Battle timer is ON: inactive players will automatically lose when time's up. (requested by g 179084)\n|\n|t:|1698845109\n|start\n|switch|p1a: Masquerain|Masquerain, F|100\/100\n|switch|p1b: Espeon|Espeon, F|100\/100\n|switch|p2a: Oricorio|Oricorio-Sensu, F|100\/100\n|switch|p2b: Volcarona|Volcarona, F|100\/100\n|-ability|p1a: Masquerain|Intimidate|boost\n|-fail|p2a: Oricorio|unboost|[from] item: Clear Amulet|[of] p2a: Oricorio\n|-unboost|p2b: Volcarona|atk|1\n|turn|1\n|\n|t:|1698845133\n|move|p2b: Volcarona|Quiver Dance|p2b: Volcarona\n|-boost|p2b: Volcarona|spa|1\n|-boost|p2b: Volcarona|spd|1\n|-boost|p2b: Volcarona|spe|1\n|-activate|p2a: Oricorio|ability: Dancer\n|move|p2a: Oricorio|Quiver Dance|p2a: Oricorio|[from]ability: Dancer\n|-boost|p2a: Oricorio|spa|1\n|-boost|p2a: Oricorio|spd|1\n|-boost|p2a: Oricorio|spe|1\n|move|p2a: Oricorio|Quiver Dance|p2a: Oricorio\n|-boost|p2a: Oricorio|spa|1\n|-boost|p2a: Oricorio|spd|1\n|-boost|p2a: Oricorio|spe|1\n|move|p1b: Espeon|Skill Swap|p2a: Oricorio\n|-activate|p1b: Espeon|move: Skill Swap|Dancer|Magic Bounce|[of] p2a: Oricorio\n|move|p1a: Masquerain|Sticky Web|p2b: Volcarona\n|move|p2a: Oricorio|Sticky Web|p1a: Masquerain|[from]ability: Magic Bounce\n|-sidestart|p1: Scummy strats|move: Sticky Web\n|\n|upkeep\n|turn|2\n|\n|t:|1698845155\n|move|p2a: Oricorio|Revelation Dance|p1b: Espeon\n|-supereffective|p1b: Espeon\n|-enditem|p1b: Espeon|Focus Sash\n|-damage|p1b: Espeon|1\/100\n|-activate|p1b: Espeon|ability: Dancer\n|move|p1b: Espeon|Revelation Dance|p2a: Oricorio|[from]ability: Dancer\n|-damage|p2a: Oricorio|68\/100\n|move|p2b: Volcarona|Fiery Dance|p1a: Masquerain\n|-supereffective|p1a: Masquerain\n|-enditem|p1a: Masquerain|Focus Sash\n|-damage|p1a: Masquerain|1\/100\n|-boost|p2b: Volcarona|spa|1\n|-activate|p1b: Espeon|ability: Dancer\n|move|p1b: Espeon|Fiery Dance|p2b: Volcarona|[from]ability: Dancer\n|-damage|p2b: Volcarona|83\/100\n|move|p1b: Espeon|Psych Up|p2a: Oricorio\n|-copyboost|p1b: Espeon|p2a: Oricorio|[from] move: Psych Up\n|move|p1a: Masquerain|Quiver Dance|p1a: Masquerain\n|-boost|p1a: Masquerain|spa|1\n|-boost|p1a: Masquerain|spd|1\n|-boost|p1a: Masquerain|spe|1\n|-activate|p1b: Espeon|ability: Dancer\n|move|p1b: Espeon|Quiver Dance|p1b: Espeon|[from]ability: Dancer\n|-boost|p1b: Espeon|spa|1\n|-boost|p1b: Espeon|spd|1\n|-boost|p1b: Espeon|spe|1\n|\n|upkeep\n|turn|3\n|inactive|Scummy strats has 120 seconds left.\n|\n|t:|1698845199\n|move|p1b: Espeon|Stored Power|p2b: Volcarona|[miss]\n|-miss|p1b: Espeon|p2b: Volcarona\n|move|p2a: Oricorio|Icy Wind|p1a: Masquerain|[spread] p1a,p1b\n|-supereffective|p1a: Masquerain\n|-damage|p1a: Masquerain|0 fnt\n|-damage|p1b: Espeon|0 fnt\n|faint|p1a: Masquerain\n|faint|p1b: Espeon\n|move|p2b: Volcarona|Quiver Dance|p2b: Volcarona\n|-boost|p2b: Volcarona|spa|1\n|-boost|p2b: Volcarona|spd|1\n|-boost|p2b: Volcarona|spe|1\n|\n|upkeep\n|c|\u2606Scummy strats|Damn\n|c|\u2606Scummy strats|All that\n|c|\u2606Scummy strats|And i .issed\n|c|\u2606Scummy strats|Missed\n|inactive|Scummy strats has 90 seconds left.\n|\n|t:|1698845224\n|switch|p1b: Articuno|Articuno-Galar|100\/100\n|switch|p1a: Kingambit|Kingambit, M|100\/100\n|-activate|p1a: Kingambit|move: Sticky Web\n|-unboost|p1a: Kingambit|spe|1\n|-ability|p1a: Kingambit|Defiant|boost\n|-boost|p1a: Kingambit|atk|2\n|-activate|p1b: Articuno|move: Sticky Web\n|-unboost|p1b: Articuno|spe|1\n|-ability|p1b: Articuno|Competitive|boost\n|-boost|p1b: Articuno|spa|2\n|turn|4\n|inactive|Scummy strats has 90 seconds left.\n|inactive|Scummy strats has 60 seconds left.\n|\n|t:|1698845305\n|-terastallize|p2a: Oricorio|Ghost\n|move|p1a: Kingambit|Sucker Punch|p2a: Oricorio\n|-supereffective|p2a: Oricorio\n|-damage|p2a: Oricorio|0 fnt\n|faint|p2a: Oricorio\n|move|p2b: Volcarona|Fiery Dance|p1a: Kingambit\n|-supereffective|p1a: Kingambit\n|-damage|p1a: Kingambit|0 fnt\n|faint|p1a: Kingambit\n|move|p1b: Articuno|Air Cutter|p2b: Volcarona\n|-supereffective|p2b: Volcarona\n|-damage|p2b: Volcarona|18\/100\n|\n|upkeep\n|inactive|Scummy strats has 30 seconds left.\n|\n|t:|1698845317\n|switch|p1a: Ogerpon|Ogerpon, F|100\/100\n|-activate|p1a: Ogerpon|move: Sticky Web\n|-unboost|p1a: Ogerpon|spe|1\n|-ability|p1a: Ogerpon|Defiant|boost\n|-boost|p1a: Ogerpon|atk|2\n|turn|5\n|\n|t:|1698845326\n|move|p2b: Volcarona|Fiery Dance|p2: Oricorio|[notarget]\n|-fail|p2b: Volcarona\n|move|p1a: Ogerpon|Stomping Tantrum|p2b: Volcarona\n|-damage|p2b: Volcarona|0 fnt\n|faint|p2b: Volcarona\n|\n|win|Scummy strats\n|raw|Scummy strats's rating: 1081 &rarr; <strong>1102<\/strong><br \/>(+21 for winning)\n|raw|g 179084's rating: 1000 &rarr; <strong>1000<\/strong><br \/>(+0 for losing)\n|l|\u2606g 179084\n|c|\u2606Scummy strats|Did u have bright powder on ur volc?\n","uploadtime":1698845355,"views":24,"p1id":"scummystrats","p2id":"g179084","formatid":"gen9doublesou","rating":1000,"private":0,"password":""}