{"id":"gen9doublesou-1984230304","p1":"MiseryCloudNoah","p2":"abi558","format":"[Gen 9] Doubles OU","log":"|j|\u2606MiseryCloudNoah\n|j|\u2606abi558\n|t:|1699232792\n|gametype|doubles\n|player|p1|MiseryCloudNoah|n|\n|player|p2|abi558|169|\n|teamsize|p1|6\n|teamsize|p2|6\n|gen|9\n|tier|[Gen 9] Doubles OU\n|rule|Species Clause: Limit one of each Pok\u00e9mon\n|rule|OHKO Clause: OHKO moves are banned\n|rule|Evasion Moves Clause: Evasion moves are banned\n|rule|Gravity Sleep Clause: The combination of sleep-inducing moves with imperfect accuracy and Gravity or Gigantamax Orbeetle are banned\n|rule|Endless Battle Clause: Forcing endless battles is banned\n|rule|HP Percentage Mod: HP is shown in percentages\n|clearpoke\n|poke|p1|Oranguru, F|\n|poke|p1|Farigiraf, M|\n|poke|p1|Hatterene, F|\n|poke|p1|Snorlax, F|\n|poke|p1|Ambipom, F|\n|poke|p1|Sylveon, M|\n|poke|p2|Oranguru, F|\n|poke|p2|Slowking-Galar, F|\n|poke|p2|Blissey, F|\n|poke|p2|Toxapex, F|\n|poke|p2|Skeledirge, F|\n|poke|p2|Eelektross, M|\n|teampreview\n|\n|t:|1699232824\n|start\n|switch|p1a: CatchThese|Ambipom, F, shiny|100\/100\n|switch|p1b: Dumbledore|Hatterene, F, shiny|100\/100\n|switch|p2a: Slowseph|Slowking-Galar, F, shiny|100\/100\n|switch|p2b: Feraligater|Skeledirge, F, shiny|100\/100\n|turn|1\n|\n|t:|1699232844\n|move|p2a: Slowseph|Protect|p2a: Slowseph\n|-singleturn|p2a: Slowseph|Protect\n|move|p1a: CatchThese|Fake Out|p2a: Slowseph\n|-activate|p2a: Slowseph|move: Protect\n|move|p2b: Feraligater|Torch Song|p1b: Dumbledore\n|-damage|p1b: Dumbledore|61\/100\n|-boost|p2b: Feraligater|spa|1\n|move|p1b: Dumbledore|Calm Mind|p1b: Dumbledore\n|-boost|p1b: Dumbledore|spa|1\n|-boost|p1b: Dumbledore|spd|1\n|\n|upkeep\n|turn|2\n|\n|t:|1699232881\n|switch|p1a: Gobul|Snorlax, F|100\/100\n|move|p2b: Feraligater|Torch Song|p1b: Dumbledore\n|-damage|p1b: Dumbledore|0 fnt\n|-boost|p2b: Feraligater|spa|1\n|faint|p1b: Dumbledore\n|move|p2a: Slowseph|Sludge Bomb|p1a: Gobul\n|-damage|p1a: Gobul|70\/100\n|\n|upkeep\n|\n|t:|1699232891\n|switch|p1b: Depression|Oranguru, F, shiny|100\/100\n|turn|3\n|\n|t:|1699233006\n|move|p2b: Feraligater|Torch Song|p1a: Gobul\n|-damage|p1a: Gobul|28\/100\n|-boost|p2b: Feraligater|spa|1\n|-enditem|p1a: Gobul|Aguav Berry|[eat]\n|-heal|p1a: Gobul|61\/100|[from] item: Aguav Berry\n|move|p2a: Slowseph|Sludge Bomb|p1a: Gobul\n|-crit|p1a: Gobul\n|-damage|p1a: Gobul|13\/100\n|move|p1a: Gobul|Zen Headbutt|p2a: Slowseph\n|-damage|p2a: Slowseph|73\/100\n|move|p1b: Depression|Trick Room|p1b: Depression\n|-fieldstart|move: Trick Room|[of] p1b: Depression\n|\n|upkeep\n|turn|4\n|\n|t:|1699233026\n|move|p2a: Slowseph|Sludge Bomb|p1a: Gobul\n|-damage|p1a: Gobul|0 fnt\n|faint|p1a: Gobul\n|move|p1b: Depression|Instruct|p1: Gobul|[notarget]\n|-fail|p1b: Depression\n|move|p2b: Feraligater|Torch Song|p1b: Depression\n|-damage|p1b: Depression|32\/100\n|-boost|p2b: Feraligater|spa|1\n|\n|upkeep\n|\n|t:|1699233043\n|switch|p1a: Ribbon|Sylveon, M, shiny|100\/100\n|turn|5\n|\n|t:|1699233056\n|move|p2a: Slowseph|Sludge Bomb|p1a: Ribbon\n|-supereffective|p1a: Ribbon\n|-damage|p1a: Ribbon|21\/100\n|move|p1a: Ribbon|Hyper Voice|p2b: Feraligater|[spread] p2a,p2b\n|-resisted|p2a: Slowseph\n|-resisted|p2b: Feraligater\n|-damage|p2a: Slowseph|55\/100\n|-damage|p2b: Feraligater|74\/100\n|-enditem|p1a: Ribbon|Throat Spray\n|-boost|p1a: Ribbon|spa|1|[from] item: Throat Spray\n|move|p1b: Depression|Instruct|p1a: Ribbon\n|-singleturn|p1a: Ribbon|move: Instruct|[of] p1b: Depression\n|move|p1a: Ribbon|Hyper Voice|p2b: Feraligater|[spread] p2a,p2b\n|-resisted|p2a: Slowseph\n|-resisted|p2b: Feraligater\n|-damage|p2a: Slowseph|29\/100\n|-damage|p2b: Feraligater|50\/100\n|move|p2b: Feraligater|Torch Song|p1a: Ribbon\n|-damage|p1a: Ribbon|0 fnt\n|-boost|p2b: Feraligater|spa|1\n|faint|p1a: Ribbon\n|\n|upkeep\n|\n|t:|1699233078\n|switch|p1a: Foreskin|Farigiraf, M|100\/100\n|turn|6\n|\n|t:|1699233094\n|move|p2a: Slowseph|Toxic|p1a: Foreskin\n|-status|p1a: Foreskin|tox\n|move|p1b: Depression|Instruct||[still]\n|-fail|p1b: Depression\n|move|p1a: Foreskin|Dazzling Gleam|p2a: Slowseph|[spread] p2a,p2b\n|-resisted|p2a: Slowseph\n|-resisted|p2b: Feraligater\n|-damage|p2a: Slowseph|21\/100\n|-damage|p2b: Feraligater|37\/100\n|move|p2b: Feraligater|Torch Song|p1a: Foreskin\n|-damage|p1a: Foreskin|0 fnt\n|-boost|p2b: Feraligater|spa|1\n|faint|p1a: Foreskin\n|\n|upkeep\n|\n|t:|1699233117\n|switch|p1a: CatchThese|Ambipom, F, shiny|100\/100\n|turn|7\n|\n|t:|1699233142\n|move|p2a: Slowseph|Protect|p2a: Slowseph\n|-singleturn|p2a: Slowseph|Protect\n|move|p1a: CatchThese|Fake Out|p2a: Slowseph\n|-activate|p2a: Slowseph|move: Protect\n|move|p1b: Depression|Knock Off|p2b: Feraligater\n|-supereffective|p2b: Feraligater\n|-damage|p2b: Feraligater|6\/100\n|-enditem|p2b: Feraligater|Choice Scarf|[from] move: Knock Off|[of] p1b: Depression\n|move|p2b: Feraligater|Torch Song|p1a: CatchThese\n|-damage|p1a: CatchThese|0 fnt\n|faint|p1a: CatchThese\n|\n|-fieldend|move: Trick Room\n|upkeep\n|turn|8\n|\n|t:|1699233160\n|move|p2b: Feraligater|Torch Song|p1b: Depression\n|-damage|p1b: Depression|0 fnt\n|faint|p1b: Depression\n|\n|win|abi558\n|l|\u2606MiseryCloudNoah\n|l|\u2606abi558\n|j|\u2606abi558\n|player|p2|abi558|169\n","uploadtime":1699233183,"views":7,"p1id":"miserycloudnoah","p2id":"abi558","formatid":"gen9doublesou","rating":0,"private":0,"password":""}