{"id":"gen9doublesou-1999050227","p1":"Battlin' Cats","p2":"TugfaprroxDxD","format":"[Gen 9] Doubles OU","log":"|j|\u2606Battlin' Cats\n|j|\u2606TugfaprroxDxD\n|t:|1701027802\n|gametype|doubles\n|player|p1|Battlin' Cats|102|1214\n|player|p2|TugfaprroxDxD|170|1150\n|teamsize|p1|6\n|teamsize|p2|6\n|gen|9\n|tier|[Gen 9] Doubles OU\n|rated|\n|rule|Species Clause: Limit one of each Pok\u00e9mon\n|rule|OHKO Clause: OHKO moves are banned\n|rule|Evasion Moves Clause: Evasion moves are banned\n|rule|Gravity Sleep Clause: The combination of sleep-inducing moves with imperfect accuracy and Gravity or Gigantamax Orbeetle are banned\n|rule|Endless Battle Clause: Forcing endless battles is banned\n|rule|HP Percentage Mod: HP is shown in percentages\n|clearpoke\n|poke|p1|Ninetales-Alola, F|\n|poke|p1|Clefairy, F|\n|poke|p1|Azumarill, F|\n|poke|p1|Diancie|\n|poke|p1|Iron Valiant|\n|poke|p1|Cresselia, F|\n|poke|p2|Klefki, M|\n|poke|p2|Skeledirge, M|\n|poke|p2|Inteleon, M|\n|poke|p2|Talonflame, M|\n|poke|p2|Enamorus, F|\n|poke|p2|Clodsire, M|\n|teampreview\n|inactive|Battle timer is ON: inactive players will automatically lose when time's up. (requested by Battlin' Cats)\n|c|\u2606Battlin' Cats|glhf\n|inactive|TugfaprroxDxD has 120 seconds left.\n|\n|t:|1701027834\n|start\n|switch|p1a: Ninetales|Ninetales-Alola, F|100\/100\n|switch|p1b: Clefairy|Clefairy, F|100\/100\n|switch|p2a: Clodsire|Clodsire, M|100\/100\n|switch|p2b: Enamorus|Enamorus, F|100\/100\n|-weather|Snow|[from] ability: Snow Warning|[of] p1a: Ninetales\n|turn|1\n|c|\u2606TugfaprroxDxD|You too\n|\n|t:|1701027851\n|move|p1b: Clefairy|Follow Me|p1b: Clefairy\n|-singleturn|p1b: Clefairy|move: Follow Me\n|move|p1a: Ninetales|Aurora Veil|p1a: Ninetales\n|-sidestart|p1: Battlin' Cats|move: Aurora Veil\n|move|p2b: Enamorus|Sludge Bomb|p1b: Clefairy\n|-supereffective|p1b: Clefairy\n|-damage|p1b: Clefairy|74\/100\n|move|p2a: Clodsire|Toxic Spikes|p1a: Ninetales\n|-sidestart|p1: Battlin' Cats|move: Toxic Spikes\n|\n|-weather|Snow|[upkeep]\n|upkeep\n|turn|2\n|\n|t:|1701027866\n|move|p1b: Clefairy|Helping Hand|p1a: Ninetales\n|-singleturn|p1a: Ninetales|Helping Hand|[of] p1b: Clefairy\n|move|p1a: Ninetales|Blizzard|p2a: Clodsire|[spread] p2a,p2b\n|-supereffective|p2a: Clodsire\n|-supereffective|p2b: Enamorus\n|-damage|p2a: Clodsire|29\/100\n|-damage|p2b: Enamorus|0 fnt\n|faint|p2b: Enamorus\n|move|p2a: Clodsire|Toxic Spikes|p1b: Clefairy\n|-sidestart|p1: Battlin' Cats|move: Toxic Spikes\n|\n|-weather|Snow|[upkeep]\n|-heal|p2a: Clodsire|36\/100|[from] item: Black Sludge\n|upkeep\n|\n|t:|1701027879\n|switch|p2b: Inteleon|Inteleon, M|100\/100\n|turn|3\n|\n|t:|1701027887\n|move|p1b: Clefairy|Follow Me|p1b: Clefairy\n|-singleturn|p1b: Clefairy|move: Follow Me\n|move|p2b: Inteleon|Surf|p1a: Ninetales|[spread] p1a,p1b\n|-heal|p2a: Clodsire|61\/100|[from] ability: Water Absorb|[of] p2b: Inteleon\n|-damage|p1a: Ninetales|79\/100\n|-damage|p1b: Clefairy|60\/100\n|move|p1a: Ninetales|Blizzard|p2b: Inteleon|[spread] p2a,p2b\n|-supereffective|p2a: Clodsire\n|-resisted|p2b: Inteleon\n|-damage|p2a: Clodsire|15\/100\n|-damage|p2b: Inteleon|76\/100\n|-status|p2b: Inteleon|frz\n|move|p2a: Clodsire|Poison Jab|p1b: Clefairy\n|-supereffective|p1b: Clefairy\n|-damage|p1b: Clefairy|9\/100\n|\n|-weather|Snow|[upkeep]\n|-heal|p2a: Clodsire|21\/100|[from] item: Black Sludge\n|upkeep\n|turn|4\n|\n|t:|1701027910\n|cant|p2b: Inteleon|frz\n|move|p1a: Ninetales|Blizzard|p2b: Inteleon|[spread] p2a,p2b\n|-supereffective|p2a: Clodsire\n|-resisted|p2b: Inteleon\n|-damage|p2a: Clodsire|0 fnt\n|-damage|p2b: Inteleon|49\/100 frz\n|faint|p2a: Clodsire\n|move|p1b: Clefairy|Draining Kiss|p2b: Inteleon\n|-damage|p2b: Inteleon|29\/100 frz\n|-heal|p1b: Clefairy|22\/100|[from] drain|[of] p2b: Inteleon\n|\n|-weather|Snow|[upkeep]\n|upkeep\n|\n|t:|1701027922\n|switch|p2a: Skeleeer|Skeledirge, M|100\/100\n|turn|5\n|\n|t:|1701027939\n|move|p1b: Clefairy|Follow Me|p1b: Clefairy\n|-singleturn|p1b: Clefairy|move: Follow Me\n|cant|p2b: Inteleon|frz\n|move|p1a: Ninetales|Blizzard|p2a: Skeleeer|[spread] p2a,p2b\n|-resisted|p2a: Skeleeer\n|-resisted|p2b: Inteleon\n|-damage|p2a: Skeleeer|84\/100\n|-damage|p2b: Inteleon|0 fnt\n|-status|p2a: Skeleeer|frz\n|faint|p2b: Inteleon\n|cant|p2a: Skeleeer|frz\n|\n|-weather|none\n|-heal|p2a: Skeleeer|90\/100 frz|[from] item: Leftovers\n|upkeep\n|c|\u2606TugfaprroxDxD|xDD\n|\n|t:|1701027954\n|switch|p2b: Klefki|Klefki, M|100\/100\n|turn|6\n|c|\u2606Battlin' Cats|WHAT DEITY DID YOU ANGER?\n|c|\u2606TugfaprroxDxD|I don't know, maybe all of them xD\n|\n|t:|1701027980\n|move|p2b: Klefki|Calm Mind|p2b: Klefki\n|-boost|p2b: Klefki|spa|1\n|-boost|p2b: Klefki|spd|1\n|move|p1a: Ninetales|Draining Kiss|p2a: Skeleeer\n|-resisted|p2a: Skeleeer\n|-damage|p2a: Skeleeer|80\/100 frz\n|-heal|p1a: Ninetales|89\/100|[from] drain|[of] p2a: Skeleeer\n|cant|p2a: Skeleeer|frz\n|move|p1b: Clefairy|Draining Kiss|p2b: Klefki\n|-resisted|p2b: Klefki\n|-damage|p2b: Klefki|96\/100\n|-heal|p1b: Clefairy|25\/100|[from] drain|[of] p2b: Klefki\n|\n|-heal|p2b: Klefki|100\/100|[from] item: Leftovers\n|-heal|p2a: Skeleeer|86\/100 frz|[from] item: Leftovers\n|upkeep\n|turn|7\n|\n|t:|1701028000\n|switch|p1a: Diancie|Diancie|100\/100\n|-status|p1a: Diancie|tox\n|move|p2b: Klefki|Flash Cannon|p1a: Diancie\n|-supereffective|p1a: Diancie\n|-damage|p1a: Diancie|43\/100 tox\n|-enditem|p1a: Diancie|Weakness Policy\n|-boost|p1a: Diancie|atk|2|[from] item: Weakness Policy\n|-boost|p1a: Diancie|spa|2|[from] item: Weakness Policy\n|-curestatus|p2a: Skeleeer|frz|[msg]\n|move|p2a: Skeleeer|Torch Song|p1a: Diancie\n|-resisted|p1a: Diancie\n|-damage|p1a: Diancie|36\/100 tox\n|-boost|p2a: Skeleeer|spa|1\n|move|p1b: Clefairy|Draining Kiss|p2a: Skeleeer\n|-resisted|p2a: Skeleeer\n|-damage|p2a: Skeleeer|80\/100\n|-heal|p1b: Clefairy|31\/100|[from] drain|[of] p2a: Skeleeer\n|\n|-heal|p2a: Skeleeer|86\/100|[from] item: Leftovers\n|-damage|p1a: Diancie|30\/100 tox|[from] psn\n|upkeep\n|turn|8\n|\n|t:|1701028019\n|move|p2b: Klefki|Calm Mind|p2b: Klefki\n|-boost|p2b: Klefki|spa|1\n|-boost|p2b: Klefki|spd|1\n|move|p2a: Skeleeer|Snarl|p1b: Clefairy|[spread] p1a,p1b\n|-resisted|p1a: Diancie\n|-resisted|p1b: Clefairy\n|-damage|p1a: Diancie|27\/100 tox\n|-damage|p1b: Clefairy|27\/100\n|-unboost|p1b: Clefairy|spa|1\n|move|p1b: Clefairy|Heal Pulse|p1a: Diancie\n|-heal|p1a: Diancie|77\/100 tox\n|move|p1a: Diancie|Diamond Storm|p2a: Skeleeer|[spread] p2a,p2b\n|-supereffective|p2a: Skeleeer\n|-resisted|p2b: Klefki\n|-damage|p2a: Skeleeer|44\/100\n|-damage|p2b: Klefki|70\/100\n|\n|-heal|p2b: Klefki|76\/100|[from] item: Leftovers\n|-heal|p2a: Skeleeer|50\/100|[from] item: Leftovers\n|-damage|p1a: Diancie|64\/100 tox|[from] psn\n|-sideend|p1: Battlin' Cats|move: Aurora Veil\n|upkeep\n|turn|9\n|\n|t:|1701028049\n|-terastallize|p1a: Diancie|Steel\n|move|p1b: Clefairy|Helping Hand|p1a: Diancie\n|-singleturn|p1a: Diancie|Helping Hand|[of] p1b: Clefairy\n|move|p2b: Klefki|Flash Cannon|p1a: Diancie\n|-resisted|p1a: Diancie\n|-crit|p1a: Diancie\n|-damage|p1a: Diancie|43\/100 tox\n|move|p1a: Diancie|Diamond Storm|p2b: Klefki|[spread] p2a,p2b\n|-supereffective|p2a: Skeleeer\n|-resisted|p2b: Klefki\n|-damage|p2a: Skeleeer|0 fnt\n|-damage|p2b: Klefki|31\/100\n|faint|p2a: Skeleeer\n|\n|-heal|p2b: Klefki|37\/100|[from] item: Leftovers\n|-damage|p1a: Diancie|24\/100 tox|[from] psn\n|upkeep\n|inactive|TugfaprroxDxD has 120 seconds left.\n|\n|t:|1701028078\n|switch|p2a: Talonflame|Talonflame, M|100\/100\n|turn|10\n|\n|t:|1701028087\n|move|p1b: Clefairy|Follow Me|p1b: Clefairy\n|-singleturn|p1b: Clefairy|move: Follow Me\n|move|p2a: Talonflame|Flare Blitz|p1b: Clefairy\n|-damage|p1b: Clefairy|0 fnt\n|faint|p1b: Clefairy\n|-damage|p2a: Talonflame|90\/100|[from] Recoil\n|move|p2b: Klefki|Draining Kiss|p1a: Diancie\n|-resisted|p1a: Diancie\n|-damage|p1a: Diancie|12\/100 tox\n|-heal|p2b: Klefki|46\/100|[from] drain|[of] p1a: Diancie\n|move|p1a: Diancie|Diamond Storm|p2b: Klefki|[spread] p2a,p2b\n|-supereffective|p2a: Talonflame\n|-resisted|p2b: Klefki\n|-damage|p2a: Talonflame|0 fnt\n|-damage|p2b: Klefki|14\/100\n|-boost|p1a: Diancie|def|2\n|faint|p2a: Talonflame\n|\n|-heal|p2b: Klefki|20\/100|[from] item: Leftovers\n|-damage|p1a: Diancie|0 fnt|[from] psn\n|faint|p1a: Diancie\n|upkeep\n|\n|t:|1701028105\n|switch|p1b: Iron Valiant|Iron Valiant|100\/100\n|switch|p1a: Cresselia|Cresselia, F|100\/100\n|-status|p1b: Iron Valiant|tox\n|turn|11\n|\n|t:|1701028114\n|move|p1b: Iron Valiant|Close Combat|p2b: Klefki\n|-damage|p2b: Klefki|0 fnt\n|-unboost|p1b: Iron Valiant|def|1\n|-unboost|p1b: Iron Valiant|spd|1\n|faint|p2b: Klefki\n|\n|win|Battlin' Cats\n|raw|Battlin&apos; Cats's rating: 1214 &rarr; <strong>1234<\/strong><br \/>(+20 for winning)\n|raw|TugfaprroxDxD's rating: 1150 &rarr; <strong>1130<\/strong><br \/>(-20 for losing)\n|c|\u2606TugfaprroxDxD|gg\n|c|\u2606Battlin' Cats|gg\n|l|\u2606TugfaprroxDxD\n","uploadtime":1701028138,"views":6,"p1id":"battlincats","p2id":"tugfaprroxdxd","formatid":"gen9doublesou","rating":1130,"private":0,"password":""}