{"id":"gen9doublesou-1993392121","p1":"Geniusatstuff","p2":"Salamanderson2","format":"[Gen 9] Doubles OU","log":"|j|\u2606Geniusatstuff\n|j|\u2606Salamanderson2\n|t:|1700311315\n|gametype|doubles\n|player|p1|Geniusatstuff|169|1341\n|player|p2|Salamanderson2|102|1266\n|teamsize|p1|6\n|teamsize|p2|6\n|gen|9\n|tier|[Gen 9] Doubles OU\n|rated|\n|rule|Species Clause: Limit one of each Pok\u00e9mon\n|rule|OHKO Clause: OHKO moves are banned\n|rule|Evasion Moves Clause: Evasion moves are banned\n|rule|Gravity Sleep Clause: The combination of sleep-inducing moves with imperfect accuracy and Gravity or Gigantamax Orbeetle are banned\n|rule|Endless Battle Clause: Forcing endless battles is banned\n|rule|HP Percentage Mod: HP is shown in percentages\n|clearpoke\n|poke|p1|Gyarados, M|\n|poke|p1|Armarouge, M|\n|poke|p1|Chien-Pao|\n|poke|p1|Indeedee-F, F|\n|poke|p1|Tornadus, M|\n|poke|p1|Sneasler, F|\n|poke|p2|Rillaboom, M|\n|poke|p2|Sneasler, F|\n|poke|p2|Kingambit, M|\n|poke|p2|Regieleki|\n|poke|p2|Arcanine, F|\n|poke|p2|Quaquaval, M|\n|teampreview\n|inactive|Battle timer is ON: inactive players will automatically lose when time's up. (requested by Salamanderson2)\n|\n|t:|1700311342\n|start\n|switch|p1a: Indeedee|Indeedee-F, F|100\/100\n|switch|p1b: Sneasler|Sneasler, F|100\/100\n|switch|p2a: Arcanine|Arcanine, F|100\/100\n|switch|p2b: Kingambit|Kingambit, M|100\/100\n|-ability|p2a: Arcanine|Intimidate|boost\n|-unboost|p1a: Indeedee|atk|1\n|-unboost|p1b: Sneasler|atk|1\n|-fieldstart|move: Psychic Terrain|[from] ability: Psychic Surge|[of] p1a: Indeedee\n|-enditem|p1b: Sneasler|Psychic Seed\n|-boost|p1b: Sneasler|spd|1|[from] item: Psychic Seed\n|turn|1\n|inactive|Salamanderson2 has 120 seconds left.\n|\n|t:|1700311390\n|-terastallize|p2b: Kingambit|Ghost\n|move|p1b: Sneasler|Close Combat|p2b: Kingambit\n|-immune|p2b: Kingambit\n|move|p2a: Arcanine|Will-O-Wisp|p1b: Sneasler\n|-status|p1b: Sneasler|brn\n|move|p1a: Indeedee|Psyshock|p2a: Arcanine\n|-damage|p2a: Arcanine|62\/100\n|move|p2b: Kingambit|Kowtow Cleave|p1a: Indeedee\n|-supereffective|p1a: Indeedee\n|-damage|p1a: Indeedee|0 fnt\n|-damage|p2b: Kingambit|84\/100|[from] item: Rocky Helmet|[of] p1a: Indeedee\n|faint|p1a: Indeedee\n|-damage|p2b: Kingambit|74\/100|[from] item: Life Orb\n|\n|-damage|p1b: Sneasler|94\/100 brn|[from] brn\n|upkeep\n|inactive|Geniusatstuff has 120 seconds left.\n|inactive|Geniusatstuff has 90 seconds left.\n|\n|t:|1700311431\n|switch|p1a: Gyarados|Gyarados, M|100\/100\n|-ability|p1a: Gyarados|Intimidate|boost\n|-unboost|p2a: Arcanine|atk|1\n|-unboost|p2b: Kingambit|atk|1\n|turn|2\n|\n|t:|1700311442\n|move|p1b: Sneasler|Dire Claw|p2a: Arcanine\n|-damage|p2a: Arcanine|46\/100\n|-status|p2a: Arcanine|slp\n|-enditem|p2a: Arcanine|Sitrus Berry|[eat]\n|-heal|p2a: Arcanine|71\/100 slp|[from] item: Sitrus Berry\n|move|p1a: Gyarados|Crunch|p2b: Kingambit\n|-supereffective|p2b: Kingambit\n|-damage|p2b: Kingambit|35\/100\n|cant|p2a: Arcanine|slp\n|move|p2b: Kingambit|Kowtow Cleave|p1a: Gyarados\n|-damage|p1a: Gyarados|48\/100\n|-damage|p2b: Kingambit|25\/100|[from] item: Life Orb\n|\n|-damage|p1b: Sneasler|88\/100 brn|[from] brn\n|upkeep\n|turn|3\n|inactive|Geniusatstuff has 120 seconds left.\n|\n|t:|1700311468\n|move|p1b: Sneasler|Dire Claw|p2a: Arcanine\n|-damage|p2a: Arcanine|56\/100 slp\n|move|p1a: Gyarados|Crunch|p2b: Kingambit\n|-supereffective|p2b: Kingambit\n|-damage|p2b: Kingambit|0 fnt\n|faint|p2b: Kingambit\n|-end|p2b: Kingambit|fallenundefined|[silent]\n|cant|p2a: Arcanine|slp\n|\n|-damage|p1b: Sneasler|82\/100 brn|[from] brn\n|upkeep\n|inactive|Salamanderson2 has 120 seconds left.\n|\n|t:|1700311486\n|switch|p2b: Regieleki|Regieleki|100\/100\n|turn|4\n|\n|t:|1700311501\n|move|p1b: Sneasler|Dire Claw|p2b: Regieleki\n|-damage|p2b: Regieleki|74\/100\n|move|p2b: Regieleki|Electroweb|p1a: Gyarados|[spread] p1a,p1b\n|-supereffective|p1a: Gyarados\n|-damage|p1a: Gyarados|0 fnt\n|-damage|p1b: Sneasler|64\/100 brn\n|-unboost|p1b: Sneasler|spe|1\n|faint|p1a: Gyarados\n|-curestatus|p2a: Arcanine|slp|[msg]\n|move|p2a: Arcanine|Will-O-Wisp|p1b: Sneasler|[miss]\n|-miss|p2a: Arcanine|p1b: Sneasler\n|\n|-damage|p1b: Sneasler|58\/100 brn|[from] brn\n|upkeep\n|inactive|Geniusatstuff has 120 seconds left.\n|\n|t:|1700311526\n|switch|p1a: Tornadus|Tornadus, M|100\/100\n|turn|5\n|\n|t:|1700311542\n|move|p1a: Tornadus|Substitute|p1a: Tornadus\n|-start|p1a: Tornadus|Substitute\n|-damage|p1a: Tornadus|76\/100\n|move|p2b: Regieleki|Electroweb|p1a: Tornadus|[spread] p1a,p1b\n|-supereffective|p1a: Tornadus\n|-end|p1a: Tornadus|Substitute\n|-crit|p1b: Sneasler\n|-damage|p1b: Sneasler|16\/100 brn\n|-unboost|p1b: Sneasler|spe|1\n|move|p2a: Arcanine|Flare Blitz|p1a: Tornadus\n|-damage|p1a: Tornadus|27\/100\n|-damage|p2a: Arcanine|43\/100|[from] Recoil\n|move|p1b: Sneasler|Dire Claw|p2b: Regieleki\n|-damage|p2b: Regieleki|45\/100\n|\n|-damage|p1b: Sneasler|10\/100 brn|[from] brn\n|-fieldend|move: Psychic Terrain\n|upkeep\n|turn|6\n|inactive|Geniusatstuff has 120 seconds left.\n|\n|t:|1700311574\n|move|p1a: Tornadus|Tailwind|p1a: Tornadus\n|-sidestart|p1: Geniusatstuff|move: Tailwind\n|move|p1b: Sneasler|Rock Slide|p2a: Arcanine|[spread] p2a\n|-miss|p1b: Sneasler|p2b: Regieleki\n|-supereffective|p2a: Arcanine\n|-damage|p2a: Arcanine|29\/100\n|move|p2b: Regieleki|Electroweb|p1a: Tornadus|[spread] p1a,p1b\n|-supereffective|p1a: Tornadus\n|-damage|p1a: Tornadus|0 fnt\n|-damage|p1b: Sneasler|0 fnt\n|faint|p1a: Tornadus\n|faint|p1b: Sneasler\n|move|p2a: Arcanine|Flare Blitz|p1: Tornadus|[notarget]\n|-fail|p2a: Arcanine\n|\n|upkeep\n|inactive|Geniusatstuff has 120 seconds left.\n|\n|t:|1700311589\n|switch|p1a: Chien-Pao|Chien-Pao|100\/100\n|switch|p1b: Armarouge|Armarouge, M|100\/100\n|-ability|p1a: Chien-Pao|Sword of Ruin\n|turn|7\n|\n|t:|1700311604\n|move|p1a: Chien-Pao|Icicle Crash|p2b: Regieleki\n|-damage|p2b: Regieleki|0 fnt\n|faint|p2b: Regieleki\n|-damage|p1a: Chien-Pao|91\/100|[from] item: Life Orb\n|move|p1b: Armarouge|Expanding Force|p2a: Arcanine\n|-damage|p2a: Arcanine|0 fnt\n|faint|p2a: Arcanine\n|\n|upkeep\n|\n|t:|1700311615\n|switch|p2b: Sneasler|Sneasler, F|100\/100\n|switch|p2a: Rillaboom|Rillaboom, M|100\/100\n|-fieldstart|move: Grassy Terrain|[from] ability: Grassy Surge|[of] p2a: Rillaboom\n|-enditem|p2b: Sneasler|Grassy Seed\n|-boost|p2b: Sneasler|def|1|[from] item: Grassy Seed\n|turn|8\n|\n|t:|1700311644\n|-terastallize|p1a: Chien-Pao|Ghost\n|move|p1a: Chien-Pao|Ice Shard|p2a: Rillaboom\n|-supereffective|p2a: Rillaboom\n|-damage|p2a: Rillaboom|37\/100\n|-damage|p1a: Chien-Pao|81\/100|[from] item: Life Orb\n|move|p2b: Sneasler|Close Combat|p1a: Chien-Pao\n|-immune|p1a: Chien-Pao\n|move|p1b: Armarouge|Expanding Force|p2b: Sneasler\n|-supereffective|p2b: Sneasler\n|-damage|p2b: Sneasler|0 fnt\n|faint|p2b: Sneasler\n|move|p2a: Rillaboom|High Horsepower|p1b: Armarouge|[miss]\n|-miss|p2a: Rillaboom|p1b: Armarouge\n|\n|-heal|p1a: Chien-Pao|87\/100|[from] Grassy Terrain\n|-heal|p2a: Rillaboom|43\/100|[from] Grassy Terrain\n|upkeep\n|\n|t:|1700311648\n|switch|p2b: Quaquaval|Quaquaval, M|100\/100\n|turn|9\n|\n|t:|1700311671\n|move|p1a: Chien-Pao|Ice Shard|p2a: Rillaboom\n|-supereffective|p2a: Rillaboom\n|-damage|p2a: Rillaboom|0 fnt\n|faint|p2a: Rillaboom\n|-damage|p1a: Chien-Pao|77\/100|[from] item: Life Orb\n|move|p1b: Armarouge|Expanding Force|p2b: Quaquaval\n|-supereffective|p2b: Quaquaval\n|-damage|p2b: Quaquaval|0 fnt\n|faint|p2b: Quaquaval\n|\n|win|Geniusatstuff\n|raw|Geniusatstuff's rating: 1341 &rarr; <strong>1357<\/strong><br \/>(+16 for winning)\n|raw|Salamanderson2's rating: 1266 &rarr; <strong>1246<\/strong><br \/>(-20 for losing)\n|l|\u2606Salamanderson2\n","uploadtime":1700311683,"views":21,"p1id":"geniusatstuff","p2id":"salamanderson2","formatid":"gen9doublesou","rating":1246,"private":0,"password":""}