{"id":"gen9doublesou-1973780422","p1":"31q84x3","p2":"NottyNoun","format":"[Gen 9] Doubles OU","log":"|j|\u260631q84x3\n|j|\u2606NottyNoun\n|t:|1698012706\n|gametype|doubles\n|player|p1|31q84x3|265|1141\n|player|p2|NottyNoun|clair|1211\n|teamsize|p1|6\n|teamsize|p2|6\n|gen|9\n|tier|[Gen 9] Doubles OU\n|rated|\n|rule|Species Clause: Limit one of each Pok\u00e9mon\n|rule|OHKO Clause: OHKO moves are banned\n|rule|Evasion Moves Clause: Evasion moves are banned\n|rule|Gravity Sleep Clause: The combination of sleep-inducing moves with imperfect accuracy and Gravity or Gigantamax Orbeetle are banned\n|rule|Endless Battle Clause: Forcing endless battles is banned\n|rule|HP Percentage Mod: HP is shown in percentages\n|clearpoke\n|poke|p1|Hatterene, F|\n|poke|p1|Garchomp, F|\n|poke|p1|Blissey, F|\n|poke|p1|Glimmora, M|\n|poke|p1|Dondozo, M|\n|poke|p1|Breloom, M|\n|poke|p2|Politoed, F|\n|poke|p2|Palafin, F|\n|poke|p2|Chien-Pao|\n|poke|p2|Ogerpon-Wellspring, F|\n|poke|p2|Dragonite, F|\n|poke|p2|Tornadus, M|\n|teampreview\n|inactive|Battle timer is ON: inactive players will automatically lose when time's up. (requested by NottyNoun)\n|\n|t:|1698012724\n|start\n|switch|p1a: Elizabeth|Hatterene, F|100\/100\n|switch|p1b: Cynthia|Garchomp, F|100\/100\n|switch|p2a: Tornadus|Tornadus, M|100\/100\n|switch|p2b: Crash Nebula|Palafin, F, shiny|100\/100\n|turn|1\n|\n|t:|1698012744\n|detailschange|p2b: Crash Nebula|Palafin-Hero, F, shiny\n|switch|p2b: The Blues|Politoed, F|100\/100\n|-weather|RainDance|[from] ability: Drizzle|[of] p2b: The Blues\n|move|p2a: Tornadus|Tailwind|p2a: Tornadus\n|-sidestart|p2: NottyNoun|move: Tailwind\n|move|p1b: Cynthia|Stealth Rock|p2a: Tornadus\n|-sidestart|p2: NottyNoun|move: Stealth Rock\n|move|p1a: Elizabeth|Trick|p2b: The Blues\n|-activate|p1a: Elizabeth|move: Trick|[of] p2b: The Blues\n|-item|p2b: The Blues|Choice Specs|[from] move: Trick\n|-item|p1a: Elizabeth|Damp Rock|[from] move: Trick\n|\n|-weather|RainDance|[upkeep]\n|upkeep\n|turn|2\n|\n|t:|1698012767\n|move|p2a: Tornadus|Taunt|p1a: Elizabeth\n|move|p1a: Elizabeth|Taunt|p2a: Tornadus|[from]ability: Magic Bounce\n|-start|p2a: Tornadus|move: Taunt\n|move|p2b: The Blues|Muddy Water|p1a: Elizabeth|[spread] p1a,p1b\n|-damage|p1a: Elizabeth|56\/100\n|-damage|p1b: Cynthia|52\/100\n|-enditem|p1b: Cynthia|Red Card|[of] p2b: The Blues\n|drag|p2b: Crash Nebula|Palafin-Hero, F, shiny|100\/100\n|-damage|p2b: Crash Nebula|88\/100|[from] Stealth Rock\n|-activate|p2b: Crash Nebula|ability: Zero to Hero\n|move|p1b: Cynthia|Spikes|p2a: Tornadus\n|-sidestart|p2: NottyNoun|Spikes\n|move|p1a: Elizabeth|Dazzling Gleam|p2a: Tornadus|[spread] p2a,p2b\n|-damage|p2a: Tornadus|62\/100\n|-damage|p2b: Crash Nebula|61\/100\n|\n|-weather|RainDance|[upkeep]\n|upkeep\n|turn|3\n|\n|t:|1698012790\n|move|p2b: Crash Nebula|Wave Crash|p1b: Cynthia\n|-damage|p1b: Cynthia|0 fnt\n|-damage|p2b: Crash Nebula|48\/100|[from] ability: Rough Skin|[of] p1b: Cynthia\n|faint|p1b: Cynthia\n|-damage|p2b: Crash Nebula|28\/100|[from] Recoil\n|move|p2a: Tornadus|Bleakwind Storm|p1a: Elizabeth\n|-damage|p1a: Elizabeth|6\/100\n|move|p1a: Elizabeth|Dazzling Gleam|p2b: Crash Nebula|[spread] p2a,p2b\n|-damage|p2a: Tornadus|25\/100\n|-damage|p2b: Crash Nebula|0 fnt\n|-enditem|p2a: Tornadus|Sitrus Berry|[eat]\n|-heal|p2a: Tornadus|50\/100|[from] item: Sitrus Berry\n|faint|p2b: Crash Nebula\n|\n|-weather|RainDance|[upkeep]\n|upkeep\n|inactive|31q84x3 has 120 seconds left.\n|\n|t:|1698012826\n|switch|p2b: Plop Plop|Chien-Pao|100\/100\n|switch|p1b: Mimek|Glimmora, M|100\/100\n|-damage|p2b: Plop Plop|76\/100|[from] Stealth Rock\n|-damage|p2b: Plop Plop|63\/100|[from] Spikes\n|-ability|p2b: Plop Plop|Sword of Ruin\n|turn|4\n|\n|t:|1698012848\n|move|p2a: Tornadus|Bleakwind Storm|p1a: Elizabeth|[spread] p1a,p1b\n|-resisted|p1b: Mimek\n|-damage|p1a: Elizabeth|0 fnt\n|-damage|p1b: Mimek|76\/100\n|-unboost|p1b: Mimek|spe|1\n|faint|p1a: Elizabeth\n|move|p2b: Plop Plop|Sacred Sword|p1b: Mimek\n|-damage|p1b: Mimek|32\/100\n|-activate|p1b: Mimek|ability: Toxic Debris\n|-sidestart|p2: NottyNoun|move: Toxic Spikes\n|move|p1b: Mimek|Power Gem|p2b: Plop Plop\n|-supereffective|p2b: Plop Plop\n|-damage|p2b: Plop Plop|0 fnt\n|faint|p2b: Plop Plop\n|\n|-weather|RainDance|[upkeep]\n|-sideend|p2: NottyNoun|move: Tailwind\n|upkeep\n|c|\u260631q84x3|how did sacred sword do that little\n|\n|t:|1698012868\n|switch|p2b: Oglina|Ogerpon-Wellspring, F|100\/100\n|switch|p1a: Yahya|Breloom, M|100\/100\n|-damage|p2b: Oglina|88\/100|[from] Stealth Rock\n|-damage|p2b: Oglina|76\/100|[from] Spikes\n|-status|p2b: Oglina|psn\n|turn|5\n|c|\u2606NottyNoun|fr\n|\n|t:|1698012887\n|move|p2b: Oglina|Spiky Shield|p2b: Oglina\n|-singleturn|p2b: Oglina|move: Protect\n|move|p2a: Tornadus|Bleakwind Storm|p1a: Yahya|[spread] p1a,p1b\n|-supereffective|p1a: Yahya\n|-resisted|p1b: Mimek\n|-enditem|p1a: Yahya|Focus Sash\n|-damage|p1a: Yahya|1\/100\n|-damage|p1b: Mimek|8\/100\n|move|p1a: Yahya|Leech Seed|p2a: Tornadus\n|-start|p2a: Tornadus|move: Leech Seed\n|move|p1b: Mimek|Sludge Bomb|p2b: Oglina\n|-activate|p2b: Oglina|move: Protect\n|\n|-weather|RainDance|[upkeep]\n|-damage|p2a: Tornadus|37\/100|[from] Leech Seed|[of] p1a: Yahya\n|-heal|p1a: Yahya|12\/100|[silent]\n|-damage|p2b: Oglina|64\/100 psn|[from] psn\n|-end|p2a: Tornadus|move: Taunt\n|upkeep\n|turn|6\n|\n|t:|1698012917\n|move|p2a: Tornadus|Protect|p2a: Tornadus\n|-singleturn|p2a: Tornadus|Protect\n|move|p1a: Yahya|Protect|p1a: Yahya\n|-singleturn|p1a: Yahya|Protect\n|move|p2b: Oglina|Horn Leech|p1b: Mimek\n|-damage|p1b: Mimek|0 fnt\n|-heal|p2b: Oglina|68\/100 psn|[from] drain|[of] p1b: Mimek\n|-activate|p1b: Mimek|ability: Toxic Debris\n|-sidestart|p2: NottyNoun|move: Toxic Spikes\n|faint|p1b: Mimek\n|\n|-weather|RainDance|[upkeep]\n|-damage|p2a: Tornadus|25\/100|[from] Leech Seed|[of] p1a: Yahya\n|-heal|p1a: Yahya|24\/100|[silent]\n|-damage|p2b: Oglina|56\/100 psn|[from] psn\n|upkeep\n|inactive|31q84x3 has 120 seconds left.\n|\n|t:|1698012932\n|switch|p1b: Drachma|Dondozo, M|100\/100\n|turn|7\n|\n|t:|1698012945\n|-terastallize|p1a: Yahya|Steel\n|move|p2a: Tornadus|Tailwind|p2a: Tornadus\n|-sidestart|p2: NottyNoun|move: Tailwind\n|move|p1a: Yahya|Mach Punch|p2b: Oglina\n|-damage|p2b: Oglina|33\/100 psn\n|move|p2b: Oglina|Horn Leech|p1b: Drachma\n|-supereffective|p1b: Drachma\n|-damage|p1b: Drachma|41\/100\n|-heal|p2b: Oglina|79\/100 psn|[from] drain|[of] p1b: Drachma\n|move|p1b: Drachma|Curse|p1b: Drachma\n|-unboost|p1b: Drachma|spe|1\n|-boost|p1b: Drachma|atk|1\n|-boost|p1b: Drachma|def|1\n|\n|-weather|RainDance|[upkeep]\n|-heal|p1b: Drachma|47\/100|[from] item: Leftovers\n|-damage|p2a: Tornadus|13\/100|[from] Leech Seed|[of] p1a: Yahya\n|-heal|p1a: Yahya|35\/100|[silent]\n|-damage|p2b: Oglina|67\/100 psn|[from] psn\n|upkeep\n|turn|8\n|inactive|31q84x3 has 120 seconds left.\n|inactive|NottyNoun has 120 seconds left.\n|\n|t:|1698012983\n|-terastallize|p2b: Oglina|Water\n|detailschange|p2b: Oglina|Ogerpon-Wellspring-Tera, F, tera:Water\n|-ability|p2b: Oglina|Embody Aspect (Wellspring)|boost\n|-boost|p2b: Oglina|spd|1\n|move|p2a: Tornadus|Protect|p2a: Tornadus\n|-singleturn|p2a: Tornadus|Protect\n|move|p1a: Yahya|Mach Punch|p2b: Oglina\n|-damage|p2b: Oglina|44\/100 psn\n|move|p2b: Oglina|Ivy Cudgel|p1a: Yahya\n|-damage|p1a: Yahya|0 fnt\n|faint|p1a: Yahya\n|move|p1b: Drachma|Avalanche|p2b: Oglina\n|-resisted|p2b: Oglina\n|-damage|p2b: Oglina|27\/100 psn\n|\n|-weather|none\n|-heal|p1b: Drachma|53\/100|[from] item: Leftovers\n|-damage|p2b: Oglina|14\/100 psn|[from] psn\n|upkeep\n|inactive|31q84x3 has 120 seconds left.\n|\n|t:|1698013000\n|switch|p1a: Mercy|Blissey, F|100\/100\n|turn|9\n|\n|t:|1698013012\n|move|p2a: Tornadus|Taunt|p1a: Mercy\n|-start|p1a: Mercy|move: Taunt\n|move|p2b: Oglina|Horn Leech|p1b: Drachma\n|-supereffective|p1b: Drachma\n|-damage|p1b: Drachma|12\/100\n|-heal|p2b: Oglina|47\/100 psn|[from] drain|[of] p1b: Drachma\n|cant|p1a: Mercy|move: Taunt|Calm Mind\n|move|p1b: Drachma|Rock Slide|p2b: Oglina|[spread] p2a,p2b\n|-supereffective|p2a: Tornadus\n|-damage|p2a: Tornadus|0 fnt\n|-damage|p2b: Oglina|17\/100 psn\n|faint|p2a: Tornadus\n|\n|-heal|p1b: Drachma|18\/100|[from] item: Leftovers\n|-damage|p2b: Oglina|4\/100 psn|[from] psn\n|upkeep\n|\n|t:|1698013026\n|switch|p2a: Puff|Dragonite, F, shiny|100\/100\n|-damage|p2a: Puff|76\/100|[from] Stealth Rock\n|turn|10\n|\n|t:|1698013035\n|move|p2b: Oglina|Horn Leech|p1b: Drachma\n|-supereffective|p1b: Drachma\n|-damage|p1b: Drachma|0 fnt\n|-heal|p2b: Oglina|18\/100 psn|[from] drain|[of] p1b: Drachma\n|faint|p1b: Drachma\n|move|p2a: Puff|Brick Break|p1a: Mercy\n|-supereffective|p1a: Mercy\n|-damage|p1a: Mercy|24\/100\n|-damage|p2a: Puff|66\/100|[from] item: Life Orb\n|move|p1a: Mercy|Dazzling Gleam|p2b: Oglina|[spread] p2a,p2b\n|-supereffective|p2a: Puff\n|-damage|p2a: Puff|39\/100\n|-damage|p2b: Oglina|7\/100 psn\n|\n|-heal|p1a: Mercy|30\/100|[from] item: Leftovers\n|-damage|p2b: Oglina|0 fnt|[from] psn\n|faint|p2b: Oglina\n|-sideend|p2: NottyNoun|move: Tailwind\n|upkeep\n|\n|t:|1698013050\n|switch|p2b: The Blues|Politoed, F|100\/100\n|-damage|p2b: The Blues|88\/100|[from] Stealth Rock\n|-damage|p2b: The Blues|75\/100|[from] Spikes\n|-status|p2b: The Blues|tox\n|-weather|RainDance|[from] ability: Drizzle|[of] p2b: The Blues\n|turn|11\n|c|\u260631q84x3|gg\n|\n|t:|1698013061\n|move|p2a: Puff|Extreme Speed|p1a: Mercy\n|-damage|p1a: Mercy|0 fnt\n|faint|p1a: Mercy\n|-damage|p2a: Puff|29\/100|[from] item: Life Orb\n|\n|win|NottyNoun\n|raw|31q84x3's rating: 1141 &rarr; <strong>1121<\/strong><br \/>(-20 for losing)\n|raw|NottyNoun's rating: 1211 &rarr; <strong>1231<\/strong><br \/>(+20 for winning)\n|c|\u2606NottyNoun|gg\n|l|\u260631q84x3\n","uploadtime":1698013079,"views":13,"p1id":"31q84x3","p2id":"nottynoun","formatid":"gen9doublesou","rating":1121,"private":0,"password":""}