{"id":"gen9doublesou-1974953485","p1":"T-Robs","p2":"DoerreKong","format":"[Gen 9] Doubles OU","log":"|j|\u2606T-Robs\n|j|\u2606DoerreKong\n|t:|1698148880\n|gametype|doubles\n|player|p1|T-Robs|ghetsis|1397\n|player|p2|DoerreKong|ltsurge|1500\n|teamsize|p1|6\n|teamsize|p2|6\n|gen|9\n|tier|[Gen 9] Doubles OU\n|rated|\n|rule|Species Clause: Limit one of each Pok\u00e9mon\n|rule|OHKO Clause: OHKO moves are banned\n|rule|Evasion Moves Clause: Evasion moves are banned\n|rule|Gravity Sleep Clause: The combination of sleep-inducing moves with imperfect accuracy and Gravity or Gigantamax Orbeetle are banned\n|rule|Endless Battle Clause: Forcing endless battles is banned\n|rule|HP Percentage Mod: HP is shown in percentages\n|clearpoke\n|poke|p1|Kommo-o, M|\n|poke|p1|Oricorio-Sensu, M|\n|poke|p1|Flamigo, F|\n|poke|p1|Quaquaval, M|\n|poke|p1|Volcarona, F|\n|poke|p1|Tsareena, F|\n|poke|p2|Torkoal, F|\n|poke|p2|Cresselia, F|\n|poke|p2|Diancie|\n|poke|p2|Iron Hands|\n|poke|p2|Ursaluna, M|\n|poke|p2|Farigiraf, M|\n|teampreview\n|inactive|Battle timer is ON: inactive players will automatically lose when time's up. (requested by T-Robs)\n|inactive|DoerreKong also wants the timer to be on.\n|inactive|DoerreKong has 120 seconds left.\n|\n|t:|1698148923\n|start\n|switch|p1a: Kommo-o|Kommo-o, M|100\/100\n|switch|p1b: Oricorio|Oricorio-Sensu, M|100\/100\n|switch|p2a: Farigiraf|Farigiraf, M|100\/100\n|switch|p2b: Iron Hands|Iron Hands|100\/100\n|turn|1\n|\n|t:|1698148937\n|move|p1b: Oricorio|Taunt|p2a: Farigiraf\n|-start|p2a: Farigiraf|move: Taunt\n|move|p1a: Kommo-o|Clangorous Soul|p1a: Kommo-o\n|-boost|p1a: Kommo-o|atk|1\n|-boost|p1a: Kommo-o|def|1\n|-boost|p1a: Kommo-o|spa|1\n|-boost|p1a: Kommo-o|spd|1\n|-boost|p1a: Kommo-o|spe|1\n|-damage|p1a: Kommo-o|68\/100\n|-activate|p1b: Oricorio|ability: Dancer\n|move|p1b: Oricorio|Clangorous Soul|p1b: Oricorio|[from]ability: Dancer\n|-boost|p1b: Oricorio|atk|1\n|-boost|p1b: Oricorio|def|1\n|-boost|p1b: Oricorio|spa|1\n|-boost|p1b: Oricorio|spd|1\n|-boost|p1b: Oricorio|spe|1\n|-damage|p1b: Oricorio|68\/100\n|move|p2b: Iron Hands|Iron Defense|p2b: Iron Hands\n|-boost|p2b: Iron Hands|def|2\n|cant|p2a: Farigiraf|move: Taunt|Trick Room\n|\n|upkeep\n|turn|2\n|inactive|T-Robs has 120 seconds left.\n|\n|t:|1698148973\n|-terastallize|p1a: Kommo-o|Ground\n|move|p1b: Oricorio|Air Slash|p2b: Iron Hands\n|-damage|p2b: Iron Hands|65\/100\n|move|p1a: Kommo-o|Earthquake|p2b: Iron Hands|[spread] p2a,p2b\n|-immune|p1b: Oricorio\n|-supereffective|p2b: Iron Hands\n|-damage|p2a: Farigiraf|61\/100\n|-damage|p2b: Iron Hands|38\/100\n|move|p2a: Farigiraf|Dazzling Gleam|p1a: Kommo-o|[spread] p1a,p1b\n|-damage|p1a: Kommo-o|55\/100\n|-damage|p1b: Oricorio|52\/100\n|cant|p2b: Iron Hands|flinch\n|\n|-heal|p2a: Farigiraf|67\/100|[from] item: Leftovers\n|-heal|p2b: Iron Hands|44\/100|[from] item: Leftovers\n|upkeep\n|turn|3\n|inactive|T-Robs has 120 seconds left.\n|\n|t:|1698148996\n|move|p1b: Oricorio|Revelation Dance|p2b: Iron Hands\n|-damage|p2b: Iron Hands|0 fnt\n|faint|p2b: Iron Hands\n|-end|p2b: Iron Hands|Quark Drive|[silent]\n|move|p1a: Kommo-o|Earthquake|p2a: Farigiraf|[spread] p2a\n|-immune|p1b: Oricorio\n|-damage|p2a: Farigiraf|29\/100\n|move|p2a: Farigiraf|Dazzling Gleam|p1b: Oricorio|[spread] p1a,p1b\n|-damage|p1a: Kommo-o|44\/100\n|-damage|p1b: Oricorio|36\/100\n|\n|-heal|p2a: Farigiraf|35\/100|[from] item: Leftovers\n|-end|p2a: Farigiraf|move: Taunt\n|upkeep\n|\n|t:|1698149005\n|switch|p2b: Diancie|Diancie|100\/100\n|turn|4\n|\n|t:|1698149023\n|move|p1b: Oricorio|Taunt|p2a: Farigiraf\n|-start|p2a: Farigiraf|move: Taunt\n|move|p1a: Kommo-o|Earthquake|p2a: Farigiraf|[spread] p2a,p2b\n|-immune|p1b: Oricorio\n|-supereffective|p2b: Diancie\n|-damage|p2a: Farigiraf|0 fnt\n|-damage|p2b: Diancie|39\/100\n|-enditem|p2b: Diancie|Weakness Policy\n|-boost|p2b: Diancie|atk|2|[from] item: Weakness Policy\n|-boost|p2b: Diancie|spa|2|[from] item: Weakness Policy\n|faint|p2a: Farigiraf\n|move|p2b: Diancie|Trick Room|p2b: Diancie\n|-fieldstart|move: Trick Room|[of] p2b: Diancie\n|\n|upkeep\n|\n|t:|1698149041\n|switch|p2a: Torkoal|Torkoal, F|100\/100\n|-weather|SunnyDay|[from] ability: Drought|[of] p2a: Torkoal\n|turn|5\n|\n|t:|1698149054\n|move|p2a: Torkoal|Eruption|p1a: Kommo-o|[spread] p1a,p1b\n|-damage|p1a: Kommo-o|0 fnt\n|-damage|p1b: Oricorio|0 fnt\n|faint|p1a: Kommo-o\n|faint|p1b: Oricorio\n|move|p2b: Diancie|Diamond Storm|p1: Kommo-o|[notarget]\n|-fail|p2b: Diancie\n|\n|-weather|SunnyDay|[upkeep]\n|upkeep\n|inactive|T-Robs has 120 seconds left.\n|\n|t:|1698149081\n|switch|p1a: Quaquaval|Quaquaval, M|100\/100\n|switch|p1b: Flamigo|Flamigo, F|100\/100\n|-copyboost|p1b: Flamigo|p1a: Quaquaval|[from] ability: Costar\n|turn|6\n|\n|t:|1698149101\n|move|p1a: Quaquaval|Aqua Jet|p2b: Diancie\n|-supereffective|p2b: Diancie\n|-damage|p2b: Diancie|27\/100\n|move|p2a: Torkoal|Eruption|p1a: Quaquaval|[spread] p1a,p1b\n|-resisted|p1a: Quaquaval\n|-crit|p1a: Quaquaval\n|-damage|p1a: Quaquaval|22\/100\n|-damage|p1b: Flamigo|0 fnt\n|faint|p1b: Flamigo\n|move|p2b: Diancie|Diamond Storm|p1a: Quaquaval\n|-resisted|p1a: Quaquaval\n|-damage|p1a: Quaquaval|0 fnt\n|-boost|p2b: Diancie|def|2\n|faint|p1a: Quaquaval\n|\n|-weather|SunnyDay|[upkeep]\n|upkeep\n|-message|T-Robs forfeited.\n|\n|win|DoerreKong\n|raw|T-Robs's rating: 1397 &rarr; <strong>1383<\/strong><br \/>(-14 for losing)\n|raw|DoerreKong's rating: 1500 &rarr; <strong>1514<\/strong><br \/>(+14 for winning)\n|l|\u2606T-Robs\n","uploadtime":1698149112,"views":18,"p1id":"trobs","p2id":"doerrekong","formatid":"gen9doublesou","rating":1383,"private":0,"password":""}