{"id":"gen9doublesou-1978501487","p1":"onceagodalwaysagod","p2":"Metal Jester","format":"[Gen 9] Doubles OU","log":"|j|\u2606onceagodalwaysagod\n|j|\u2606Metal Jester\n|t:|1698547262\n|gametype|doubles\n|player|p1|onceagodalwaysagod|102|1242\n|player|p2|Metal Jester|guitarist|1227\n|teamsize|p1|6\n|teamsize|p2|6\n|gen|9\n|tier|[Gen 9] Doubles OU\n|rated|\n|rule|Species Clause: Limit one of each Pok\u00e9mon\n|rule|OHKO Clause: OHKO moves are banned\n|rule|Evasion Moves Clause: Evasion moves are banned\n|rule|Gravity Sleep Clause: The combination of sleep-inducing moves with imperfect accuracy and Gravity or Gigantamax Orbeetle are banned\n|rule|Endless Battle Clause: Forcing endless battles is banned\n|rule|HP Percentage Mod: HP is shown in percentages\n|clearpoke\n|poke|p1|Fezandipiti, M|\n|poke|p1|Amoonguss, M|\n|poke|p1|Garganacl, M|\n|poke|p1|Landorus-Therian, M|\n|poke|p1|Kommo-o, M|\n|poke|p1|Gholdengo|\n|poke|p2|Tornadus, M|\n|poke|p2|Stonjourner, M|\n|poke|p2|Flutter Mane|\n|poke|p2|Iron Hands|\n|poke|p2|Landorus-Therian, M|\n|poke|p2|Goodra-Hisui, M|\n|teampreview\n|\n|t:|1698547275\n|start\n|switch|p1a: Fezandipiti|Fezandipiti, M|100\/100\n|switch|p1b: Landorus|Landorus-Therian, M|100\/100\n|switch|p2a: Tornadus|Tornadus, M|100\/100\n|switch|p2b: Stonjourner|Stonjourner, M, shiny|100\/100\n|-ability|p1b: Landorus|Intimidate|boost\n|-unboost|p2a: Tornadus|atk|1\n|-unboost|p2b: Stonjourner|atk|1\n|turn|1\n|\n|t:|1698547295\n|move|p2a: Tornadus|Tailwind|p2a: Tornadus\n|-sidestart|p2: Metal Jester|move: Tailwind\n|move|p2b: Stonjourner|Heavy Slam|p1a: Fezandipiti\n|-supereffective|p1a: Fezandipiti\n|-damage|p1a: Fezandipiti|39\/100\n|move|p1a: Fezandipiti|Icy Wind|p2a: Tornadus|[spread] p2a,p2b\n|-supereffective|p2a: Tornadus\n|-damage|p2a: Tornadus|72\/100\n|-damage|p2b: Stonjourner|75\/100\n|move|p1b: Landorus|Rock Slide|p2b: Stonjourner|[spread] p2a,p2b\n|-supereffective|p2a: Tornadus\n|-damage|p2a: Tornadus|2\/100\n|-damage|p2b: Stonjourner|61\/100\n|\n|upkeep\n|turn|2\n|\n|t:|1698547321\n|switch|p1a: Garganacl|Garganacl, M|100\/100\n|move|p2a: Tornadus|Bleakwind Storm|p1b: Landorus|[spread] p1a,p1b\n|-resisted|p1a: Garganacl\n|-damage|p1a: Garganacl|83\/100\n|-damage|p1b: Landorus|37\/100\n|move|p2b: Stonjourner|Heat Crash|p1b: Landorus\n|-damage|p1b: Landorus|9\/100\n|-enditem|p1b: Landorus|Iapapa Berry|[eat]\n|-heal|p1b: Landorus|43\/100|[from] item: Iapapa Berry\n|move|p1b: Landorus|Rock Slide|p2a: Tornadus|[spread] p2a,p2b\n|-supereffective|p2a: Tornadus\n|-damage|p2a: Tornadus|0 fnt\n|-damage|p2b: Stonjourner|47\/100\n|faint|p2a: Tornadus\n|\n|upkeep\n|\n|t:|1698547334\n|switch|p2a: Flutter Mane|Flutter Mane|100\/100\n|turn|3\n|\n|t:|1698547341\n|-terastallize|p2a: Flutter Mane|Fairy\n|-terastallize|p1a: Garganacl|Flying\n|move|p2a: Flutter Mane|Dazzling Gleam|p1a: Garganacl|[spread] p1a,p1b\n|-damage|p1a: Garganacl|29\/100\n|-damage|p1b: Landorus|0 fnt\n|faint|p1b: Landorus\n|move|p2b: Stonjourner|Heavy Slam|p1a: Garganacl\n|-damage|p1a: Garganacl|22\/100\n|-damage|p2b: Stonjourner|30\/100|[from] item: Rocky Helmet|[of] p1a: Garganacl\n|move|p1a: Garganacl|Salt Cure|p2a: Flutter Mane\n|-damage|p2a: Flutter Mane|71\/100\n|-start|p2a: Flutter Mane|Salt Cure\n|\n|-damage|p2a: Flutter Mane|59\/100|[from] Salt Cure\n|upkeep\n|\n|t:|1698547351\n|switch|p1b: Amoonguss|Amoonguss, M|100\/100\n|turn|4\n|\n|t:|1698547356\n|move|p2a: Flutter Mane|Dazzling Gleam|p1b: Amoonguss|[spread] p1a,p1b\n|-resisted|p1b: Amoonguss\n|-damage|p1a: Garganacl|0 fnt\n|-damage|p1b: Amoonguss|71\/100\n|faint|p1a: Garganacl\n|move|p2b: Stonjourner|Heat Crash|p1b: Amoonguss\n|-supereffective|p1b: Amoonguss\n|-damage|p1b: Amoonguss|20\/100\n|move|p1b: Amoonguss|Pollen Puff|p1: Garganacl|[notarget]\n|-fail|p1b: Amoonguss\n|\n|-heal|p1b: Amoonguss|27\/100|[from] item: Leftovers\n|-damage|p2a: Flutter Mane|47\/100|[from] Salt Cure\n|-sideend|p2: Metal Jester|move: Tailwind\n|upkeep\n|\n|t:|1698547363\n|switch|p1a: Gholdengo|Gholdengo|100\/100\n|turn|5\n|\n|t:|1698547370\n|move|p1b: Amoonguss|Rage Powder|p1b: Amoonguss\n|-singleturn|p1b: Amoonguss|move: Rage Powder\n|move|p2a: Flutter Mane|Dazzling Gleam|p1a: Gholdengo|[spread] p1a,p1b\n|-resisted|p1a: Gholdengo\n|-resisted|p1b: Amoonguss\n|-crit|p1b: Amoonguss\n|-damage|p1a: Gholdengo|48\/100\n|-damage|p1b: Amoonguss|0 fnt\n|faint|p1b: Amoonguss\n|move|p1a: Gholdengo|Make It Rain|p2b: Stonjourner|[spread] p2a,p2b\n|-supereffective|p2a: Flutter Mane\n|-supereffective|p2b: Stonjourner\n|-crit|p2b: Stonjourner\n|-damage|p2a: Flutter Mane|0 fnt\n|-damage|p2b: Stonjourner|0 fnt\n|-unboost|p1a: Gholdengo|spa|1\n|faint|p2a: Flutter Mane\n|-end|p2a: Flutter Mane|Protosynthesis|[silent]\n|faint|p2b: Stonjourner\n|-damage|p1a: Gholdengo|38\/100|[from] item: Life Orb\n|\n|upkeep\n|\n|t:|1698547412\n|switch|p2a: Landorus|Landorus-Therian, M|100\/100\n|switch|p2b: Iron Hands|Iron Hands|100\/100\n|switch|p1b: Kommo-o|Kommo-o, M|100\/100\n|-ability|p2a: Landorus|Intimidate|boost\n|-unboost|p1a: Gholdengo|atk|1\n|-unboost|p1b: Kommo-o|atk|1\n|turn|6\n|inactive|Battle timer is ON: inactive players will automatically lose when time's up. (requested by Metal Jester)\n|\n|t:|1698547449\n|switch|p1a: Fezandipiti|Fezandipiti, M|39\/100\n|move|p2b: Iron Hands|Fake Out|p1b: Kommo-o\n|-damage|p1b: Kommo-o|85\/100\n|move|p2a: Landorus|Earthquake|p1b: Kommo-o|[spread] p2b,p1a,p1b\n|-supereffective|p2b: Iron Hands\n|-supereffective|p1a: Fezandipiti\n|-damage|p2b: Iron Hands|43\/100\n|-damage|p1a: Fezandipiti|0 fnt\n|-damage|p1b: Kommo-o|46\/100\n|faint|p1a: Fezandipiti\n|cant|p1b: Kommo-o|flinch\n|\n|upkeep\n|\n|t:|1698547454\n|switch|p1a: Gholdengo|Gholdengo|38\/100\n|turn|7\n|\n|t:|1698547465\n|move|p2a: Landorus|Rock Slide|p1a: Gholdengo|[spread] p1a,p1b\n|-resisted|p1a: Gholdengo\n|-resisted|p1b: Kommo-o\n|-damage|p1a: Gholdengo|27\/100\n|-damage|p1b: Kommo-o|35\/100\n|move|p1b: Kommo-o|Clanging Scales|p2b: Iron Hands|[spread] p2a,p2b\n|-damage|p2a: Landorus|49\/100\n|-damage|p2b: Iron Hands|22\/100\n|-unboost|p1b: Kommo-o|def|1\n|-enditem|p1b: Kommo-o|Throat Spray\n|-boost|p1b: Kommo-o|spa|1|[from] item: Throat Spray\n|move|p1a: Gholdengo|Make It Rain|p2b: Iron Hands|[spread] p2a,p2b\n|-resisted|p2b: Iron Hands\n|-damage|p2a: Landorus|0 fnt\n|-damage|p2b: Iron Hands|4\/100\n|-unboost|p1a: Gholdengo|spa|1\n|faint|p2a: Landorus\n|-damage|p1a: Gholdengo|17\/100|[from] item: Life Orb\n|move|p2b: Iron Hands|Wild Charge|p1a: Gholdengo\n|-damage|p1a: Gholdengo|0 fnt\n|faint|p1a: Gholdengo\n|-damage|p2b: Iron Hands|1\/100|[from] Recoil\n|\n|upkeep\n|\n|t:|1698547486\n|switch|p2a: Goodra|Goodra-Hisui, M|100\/100\n|turn|8\n|\n|t:|1698547493\n|move|p1b: Kommo-o|Clanging Scales|p2a: Goodra|[spread] p2a,p2b\n|-damage|p2a: Goodra|64\/100\n|-damage|p2b: Iron Hands|0 fnt\n|faint|p2b: Iron Hands\n|-end|p2b: Iron Hands|Quark Drive|[silent]\n|-unboost|p1b: Kommo-o|def|1\n|move|p2a: Goodra|Draco Meteor|p1b: Kommo-o\n|-supereffective|p1b: Kommo-o\n|-damage|p1b: Kommo-o|0 fnt\n|-unboost|p2a: Goodra|spa|2\n|faint|p1b: Kommo-o\n|\n|win|Metal Jester\n|raw|onceagodalwaysagod's rating: 1242 &rarr; <strong>1216<\/strong><br \/>(-26 for losing)\n|raw|Metal Jester's rating: 1227 &rarr; <strong>1253<\/strong><br \/>(+26 for winning)\n|l|\u2606onceagodalwaysagod\n","uploadtime":1698547501,"views":17,"p1id":"onceagodalwaysagod","p2id":"metaljester","formatid":"gen9doublesou","rating":1216,"private":0,"password":""}