{"id":"gen9doublesou-1989358585","p1":"ProbablyJamesLive","p2":"GIBBLESBYTHEDOZEN","format":"[Gen 9] Doubles OU","log":"|j|\u2606ProbablyJamesLive\n|j|\u2606GIBBLESBYTHEDOZEN\n|t:|1699840415\n|gametype|doubles\n|player|p1|ProbablyJamesLive|biker-gen4|\n|player|p2|GIBBLESBYTHEDOZEN|1|\n|teamsize|p1|6\n|teamsize|p2|6\n|gen|9\n|tier|[Gen 9] Doubles OU\n|rule|Species Clause: Limit one of each Pok\u00e9mon\n|rule|OHKO Clause: OHKO moves are banned\n|rule|Evasion Moves Clause: Evasion moves are banned\n|rule|Gravity Sleep Clause: The combination of sleep-inducing moves with imperfect accuracy and Gravity or Gigantamax Orbeetle are banned\n|rule|Endless Battle Clause: Forcing endless battles is banned\n|rule|HP Percentage Mod: HP is shown in percentages\n|clearpoke\n|poke|p1|Maushold|\n|poke|p1|Ribombee, F|\n|poke|p1|Clefairy, F|\n|poke|p1|Zarude|\n|poke|p1|Magneton|\n|poke|p1|Spectrier|\n|poke|p2|Tornadus, M|\n|poke|p2|Furret, M|\n|poke|p2|Dugtrio, F|\n|poke|p2|Gardevoir, M|\n|poke|p2|Hydreigon, M|\n|poke|p2|Quagsire, F|\n|teampreview\n|\n|t:|1699840436\n|start\n|switch|p1a: Ribombee|Ribombee, F|100\/100\n|switch|p1b: Maushold|Maushold|100\/100\n|switch|p2a: Tornadus|Tornadus, M|100\/100\n|switch|p2b: Dugtrio|Dugtrio, F|100\/100\n|turn|1\n|\n|t:|1699840450\n|move|p2a: Tornadus|Tailwind|p2a: Tornadus\n|-sidestart|p2: GIBBLESBYTHEDOZEN|move: Tailwind\n|move|p2b: Dugtrio|Swords Dance|p2b: Dugtrio\n|-boost|p2b: Dugtrio|atk|2\n|move|p1a: Ribombee|Tailwind|p1a: Ribombee\n|-sidestart|p1: ProbablyJamesLive|move: Tailwind\n|move|p1b: Maushold|Tidy Up|p1b: Maushold\n|-boost|p1b: Maushold|atk|1\n|-boost|p1b: Maushold|spe|1\n|\n|upkeep\n|turn|2\n|\n|t:|1699840478\n|move|p2a: Tornadus|Taunt|p1b: Maushold\n|-start|p1b: Maushold|move: Taunt\n|move|p1b: Maushold|Population Bomb|p2b: Dugtrio\n|-damage|p2b: Dugtrio|52\/100\n|-damage|p2b: Dugtrio|8\/100\n|-damage|p2b: Dugtrio|0 fnt\n|faint|p2b: Dugtrio\n|-hitcount|p2: Dugtrio|3\n|move|p1a: Ribombee|Pollen Puff|p2a: Tornadus\n|-resisted|p2a: Tornadus\n|-damage|p2a: Tornadus|81\/100\n|\n|upkeep\n|\n|t:|1699840494\n|switch|p2b: Furret|Furret, M|100\/100\n|turn|3\n|\n|t:|1699840516\n|move|p1b: Maushold|Population Bomb|p2b: Furret\n|-damage|p2b: Furret|75\/100\n|-damage|p2b: Furret|49\/100\n|-damage|p2b: Furret|21\/100\n|-damage|p2b: Furret|0 fnt\n|faint|p2b: Furret\n|-hitcount|p2: Furret|4\n|move|p1a: Ribombee|U-turn|p2a: Tornadus\n|-resisted|p2a: Tornadus\n|-damage|p2a: Tornadus|71\/100\n|\n|t:|1699840529\n|switch|p1a: Spectrier|Spectrier|100\/100|[from] U-turn\n|move|p2a: Tornadus|Bleakwind Storm|p1a: Spectrier|[spread] p1a,p1b\n|-damage|p1a: Spectrier|54\/100\n|-damage|p1b: Maushold|44\/100\n|\n|-heal|p1a: Spectrier|60\/100|[from] item: Leftovers\n|upkeep\n|\n|t:|1699840541\n|switch|p2b: Gardevoir|Gardevoir, M|100\/100\n|-ability|p2b: Gardevoir|Grim Neigh|[from] ability: Trace|[of] p1a: Spectrier\n|turn|4\n|\n|t:|1699840556\n|move|p1b: Maushold|Population Bomb|p2a: Tornadus\n|-damage|p2a: Tornadus|45\/100\n|-damage|p2a: Tornadus|19\/100\n|-damage|p2a: Tornadus|0 fnt\n|faint|p2a: Tornadus\n|-hitcount|p2: Tornadus|3\n|move|p2b: Gardevoir|Psychic|p1b: Maushold\n|-damage|p1b: Maushold|0 fnt\n|faint|p1b: Maushold\n|-ability|p2b: Gardevoir|Grim Neigh|boost\n|-boost|p2b: Gardevoir|spa|1\n|move|p1a: Spectrier|Shadow Ball|p2b: Gardevoir\n|-supereffective|p2b: Gardevoir\n|-damage|p2b: Gardevoir|1\/100\n|\n|-heal|p1a: Spectrier|66\/100|[from] item: Leftovers\n|-sideend|p1: ProbablyJamesLive|move: Tailwind\n|-sideend|p2: GIBBLESBYTHEDOZEN|move: Tailwind\n|upkeep\n|\n|t:|1699840577\n|switch|p1b: Ribombee|Ribombee, F|100\/100\n|switch|p2a: Hydreigon|Hydreigon, M|100\/100\n|turn|5\n|\n|t:|1699840598\n|-terastallize|p1a: Spectrier|Fairy\n|move|p2b: Gardevoir|Psychic|p1b: Ribombee\n|-damage|p1b: Ribombee|1\/100\n|move|p1a: Spectrier|Draining Kiss|p2a: Hydreigon\n|-supereffective|p2a: Hydreigon\n|-damage|p2a: Hydreigon|0 fnt\n|-heal|p1a: Spectrier|100\/100|[from] drain|[of] p2a: Hydreigon\n|faint|p2a: Hydreigon\n|-ability|p1a: Spectrier|Grim Neigh|boost\n|-boost|p1a: Spectrier|spa|1\n|move|p1b: Ribombee|U-turn|p2b: Gardevoir\n|-damage|p2b: Gardevoir|0 fnt\n|faint|p2b: Gardevoir\n|\n|t:|1699840616\n|switch|p1b: Zarude|Zarude|100\/100|[from] U-turn\n|\n|upkeep\n|\n|t:|1699840622\n|switch|p2a: Quagsire|Quagsire, F|100\/100\n|turn|6\n|\n|t:|1699840639\n|-terastallize|p2a: Quagsire|Ghost\n|move|p1a: Spectrier|Shadow Ball|p2a: Quagsire\n|-supereffective|p2a: Quagsire\n|-damage|p2a: Quagsire|0 fnt\n|faint|p2a: Quagsire\n|\n|win|ProbablyJamesLive\n|l|\u2606ProbablyJamesLive\n|j|\u2606ProbablyJamesLive\n|player|p1|ProbablyJamesLive|biker-gen4\n","uploadtime":1699840691,"views":25,"p1id":"probablyjameslive","p2id":"gibblesbythedozen","formatid":"gen9doublesou","rating":0,"private":0,"password":""}