{"id":"gen9doublesou-1979649966","p1":"paolo.sorrentino","p2":"King_snk","format":"[Gen 9] Doubles OU","log":"|j|\u2606paolo.sorrentino\n|j|\u2606King_snk\n|t:|1698699885\n|gametype|doubles\n|player|p1|paolo.sorrentino|dragontamer|1367\n|player|p2|King_snk|265|1350\n|teamsize|p1|6\n|teamsize|p2|6\n|gen|9\n|tier|[Gen 9] Doubles OU\n|rated|\n|rule|Species Clause: Limit one of each Pok\u00e9mon\n|rule|OHKO Clause: OHKO moves are banned\n|rule|Evasion Moves Clause: Evasion moves are banned\n|rule|Gravity Sleep Clause: The combination of sleep-inducing moves with imperfect accuracy and Gravity or Gigantamax Orbeetle are banned\n|rule|Endless Battle Clause: Forcing endless battles is banned\n|rule|HP Percentage Mod: HP is shown in percentages\n|clearpoke\n|poke|p1|Okidogi, M|\n|poke|p1|Ninetales-Alola, F|\n|poke|p1|Heatran, F|\n|poke|p1|Ursaluna-Bloodmoon, M|\n|poke|p1|Grimmsnarl, M|\n|poke|p1|Iron Bundle|\n|poke|p2|Indeedee-F, F|\n|poke|p2|Armarouge, F|\n|poke|p2|Regieleki|\n|poke|p2|Sneasler, M|\n|poke|p2|Cresselia, F|\n|poke|p2|Ursaluna-Bloodmoon, M|\n|teampreview\n|\n|t:|1698699910\n|start\n|switch|p1a: weed|Grimmsnarl, M|100\/100\n|switch|p1b: manate|Okidogi, M|100\/100\n|switch|p2a: Cresselia|Cresselia, F|100\/100\n|switch|p2b: Sneasler|Sneasler, M|100\/100\n|turn|1\n|\n|t:|1698699932\n|move|p2b: Sneasler|Protect|p2b: Sneasler\n|-singleturn|p2b: Sneasler|Protect\n|move|p2a: Cresselia|Protect|p2a: Cresselia\n|-singleturn|p2a: Cresselia|Protect\n|move|p1a: weed|Taunt|p2a: Cresselia\n|-activate|p2a: Cresselia|move: Protect\n|move|p1b: manate|Knock Off|p2a: Cresselia\n|-activate|p2a: Cresselia|move: Protect\n|\n|upkeep\n|turn|2\n|\n|t:|1698699962\n|-terastallize|p2b: Sneasler|Poison\n|move|p1a: weed|Taunt|p2a: Cresselia\n|-start|p2a: Cresselia|move: Taunt\n|move|p2b: Sneasler|Dire Claw|p1a: weed\n|-supereffective|p1a: weed\n|-damage|p1a: weed|0 fnt\n|faint|p1a: weed\n|move|p1b: manate|Knock Off|p2a: Cresselia\n|-supereffective|p2a: Cresselia\n|-damage|p2a: Cresselia|62\/100\n|-enditem|p2a: Cresselia|Leftovers|[from] move: Knock Off|[of] p1b: manate\n|cant|p2a: Cresselia|move: Taunt|Lunar Blessing\n|\n|upkeep\n|inactive|Battle timer is ON: inactive players will automatically lose when time's up. (requested by King_snk)\n|\n|t:|1698699991\n|switch|p1a: pretty hot sausage|Heatran, F|100\/100\n|turn|3\n|\n|t:|1698700012\n|switch|p1b: bear idk|Ursaluna-Bloodmoon, M|100\/100\n|move|p2b: Sneasler|Protect|p2b: Sneasler\n|-singleturn|p2b: Sneasler|Protect\n|move|p1a: pretty hot sausage|Will-O-Wisp|p2b: Sneasler\n|-activate|p2b: Sneasler|move: Protect\n|move|p2a: Cresselia|Icy Wind|p1b: bear idk|[spread] p1a,p1b\n|-resisted|p1a: pretty hot sausage\n|-supereffective|p1b: bear idk\n|-damage|p1a: pretty hot sausage|99\/100\n|-damage|p1b: bear idk|89\/100\n|-unboost|p1a: pretty hot sausage|spe|1\n|-unboost|p1b: bear idk|spe|1\n|\n|-heal|p1a: pretty hot sausage|100\/100|[from] item: Leftovers\n|upkeep\n|turn|4\n|\n|t:|1698700032\n|move|p2b: Sneasler|Close Combat|p1a: pretty hot sausage\n|-supereffective|p1a: pretty hot sausage\n|-damage|p1a: pretty hot sausage|0 fnt\n|-unboost|p2b: Sneasler|def|1\n|-unboost|p2b: Sneasler|spd|1\n|faint|p1a: pretty hot sausage\n|move|p2a: Cresselia|Icy Wind|p1b: bear idk\n|-supereffective|p1b: bear idk\n|-damage|p1b: bear idk|72\/100\n|-unboost|p1b: bear idk|spe|1\n|move|p1b: bear idk|Earth Power|p2b: Sneasler\n|-supereffective|p2b: Sneasler\n|-enditem|p2b: Sneasler|Focus Sash\n|-damage|p2b: Sneasler|1\/100\n|\n|-end|p2a: Cresselia|move: Taunt\n|upkeep\n|\n|t:|1698700050\n|switch|p1a: goofy|Iron Bundle|100\/100\n|-enditem|p1a: goofy|Booster Energy\n|-activate|p1a: goofy|ability: Quark Drive|[fromitem]\n|-start|p1a: goofy|quarkdrivespa\n|turn|5\n|\n|t:|1698700062\n|switch|p1b: kinki|Ninetales-Alola, F|100\/100\n|-weather|Snow|[from] ability: Snow Warning|[of] p1b: kinki\n|move|p2a: Cresselia|Ally Switch|p2a: Cresselia\n|swap|p2a: Cresselia|1|[from] move: Ally Switch\n|move|p2a: Sneasler|Close Combat|p1a: goofy\n|-supereffective|p1a: goofy\n|-damage|p1a: goofy|0 fnt\n|-unboost|p2a: Sneasler|def|1\n|-unboost|p2a: Sneasler|spd|1\n|faint|p1a: goofy\n|-end|p1a: goofy|Quark Drive|[silent]\n|\n|-weather|Snow|[upkeep]\n|upkeep\n|-message|paolo.sorrentino forfeited.\n|\n|win|King_snk\n|raw|paolo.sorrentino's rating: 1367 &rarr; <strong>1346<\/strong><br \/>(-21 for losing)\n|raw|King_snk's rating: 1350 &rarr; <strong>1371<\/strong><br \/>(+21 for winning)\n|l|\u2606paolo.sorrentino\n","uploadtime":1698700107,"views":19,"p1id":"paolosorrentino","p2id":"kingsnk","formatid":"gen9doublesou","rating":1346,"private":0,"password":""}