{"id":"gen9doublesou-1996217507","p1":"RocketsViability","p2":"shhmedium","format":"[Gen 9] Doubles OU","log":"|j|\u2606RocketsViability\n|j|\u2606shhmedium\n|t:|1700660381\n|gametype|doubles\n|player|p1|RocketsViability|102|1222\n|player|p2|shhmedium|101|1225\n|teamsize|p1|6\n|teamsize|p2|6\n|gen|9\n|tier|[Gen 9] Doubles OU\n|rated|\n|rule|Species Clause: Limit one of each Pok\u00e9mon\n|rule|OHKO Clause: OHKO moves are banned\n|rule|Evasion Moves Clause: Evasion moves are banned\n|rule|Gravity Sleep Clause: The combination of sleep-inducing moves with imperfect accuracy and Gravity or Gigantamax Orbeetle are banned\n|rule|Endless Battle Clause: Forcing endless battles is banned\n|rule|HP Percentage Mod: HP is shown in percentages\n|clearpoke\n|poke|p1|Ninetales-Alola, M|\n|poke|p1|Trevenant, F|\n|poke|p1|Goodra-Hisui, M|\n|poke|p1|Sandslash-Alola, M|\n|poke|p1|Torterra, F|\n|poke|p1|Empoleon, M|\n|poke|p2|Greninja-*, M|\n|poke|p2|Meowscarada, F|\n|poke|p2|Mienshao, F|\n|poke|p2|Mimikyu, M|\n|poke|p2|Sandy Shocks|\n|poke|p2|Snorlax, F|\n|teampreview\n|\n|t:|1700660398\n|start\n|switch|p1a: Trevenant|Trevenant, F|100\/100\n|switch|p1b: Sandslash|Sandslash-Alola, M|100\/100\n|switch|p2a: Mienshao|Mienshao, F|100\/100\n|switch|p2b: Sandy Shocks|Sandy Shocks|100\/100\n|-enditem|p2b: Sandy Shocks|Booster Energy\n|-activate|p2b: Sandy Shocks|ability: Protosynthesis|[fromitem]\n|-start|p2b: Sandy Shocks|protosynthesisspa\n|turn|1\n|\n|t:|1700660423\n|switch|p1b: Goodra|Goodra-Hisui, M|100\/100\n|move|p2b: Sandy Shocks|Protect|p2b: Sandy Shocks\n|-singleturn|p2b: Sandy Shocks|Protect\n|move|p2a: Mienshao|Fake Out|p1b: Goodra\n|-resisted|p1b: Goodra\n|-damage|p1b: Goodra|94\/100\n|-damage|p2a: Mienshao|84\/100|[from] item: Rocky Helmet|[of] p1b: Goodra\n|move|p1a: Trevenant|Horn Leech|p2b: Sandy Shocks\n|-activate|p2b: Sandy Shocks|move: Protect\n|\n|upkeep\n|turn|2\n|inactive|Battle timer is ON: inactive players will automatically lose when time's up. (requested by RocketsViability)\n|\n|t:|1700660464\n|-end|p2b: Sandy Shocks|Protosynthesis|[silent]\n|switch|p2b: Mimikyu|Mimikyu, M|100\/100\n|move|p1b: Goodra|Protect|p1b: Goodra\n|-singleturn|p1b: Goodra|Protect\n|move|p2a: Mienshao|High Jump Kick|p1b: Goodra\n|-activate|p1b: Goodra|move: Protect\n|-damage|p2a: Mienshao|34\/100|[from] highjumpkick\n|move|p1a: Trevenant|Toxic|p2b: Mimikyu\n|-status|p2b: Mimikyu|tox\n|\n|-damage|p2b: Mimikyu|95\/100 tox|[from] psn\n|upkeep\n|turn|3\n|\n|t:|1700660480\n|move|p1a: Trevenant|Ally Switch|p1a: Trevenant\n|swap|p1a: Trevenant|1|[from] move: Ally Switch\n|move|p2a: Mienshao|High Jump Kick|p1b: Trevenant\n|-immune|p1b: Trevenant\n|-damage|p2a: Mienshao|0 fnt|[from] highjumpkick\n|faint|p2a: Mienshao\n|move|p2b: Mimikyu|Swords Dance|p2b: Mimikyu\n|-boost|p2b: Mimikyu|atk|2\n|move|p1a: Goodra|Flamethrower|p2b: Mimikyu\n|-activate|p2b: Mimikyu|ability: Disguise\n|-damage|p2b: Mimikyu|95\/100 tox\n|detailschange|p2b: Mimikyu|Mimikyu-Busted, M\n|-damage|p2b: Mimikyu|82\/100 tox|[from] pokemon: Mimikyu-Busted\n|\n|-damage|p2b: Mimikyu|70\/100 tox|[from] psn\n|upkeep\n|inactive|shhmedium has 120 seconds left.\n|\n|t:|1700660504\n|switch|p2a: Meowscarada|Meowscarada, F, shiny|100\/100\n|turn|4\n|\n|t:|1700660511\n|switch|p1b: Ninetales|Ninetales-Alola, M|100\/100\n|-weather|Snow|[from] ability: Snow Warning|[of] p1b: Ninetales\n|move|p2a: Meowscarada|Knock Off|p1b: Ninetales\n|-start|p2a: Meowscarada|typechange|Dark|[from] ability: Protean\n|-resisted|p1b: Ninetales\n|-damage|p1b: Ninetales|66\/100\n|-enditem|p1b: Ninetales|Icy Rock|[from] move: Knock Off|[of] p2a: Meowscarada\n|move|p2b: Mimikyu|Drain Punch|p1a: Goodra\n|-supereffective|p1a: Goodra\n|-damage|p1a: Goodra|18\/100\n|-heal|p2b: Mimikyu|100\/100 tox|[from] drain|[of] p1a: Goodra\n|-damage|p2b: Mimikyu|84\/100 tox|[from] item: Rocky Helmet|[of] p1a: Goodra\n|move|p1a: Goodra|Flamethrower|p2a: Meowscarada\n|-damage|p2a: Meowscarada|53\/100\n|\n|-weather|Snow|[upkeep]\n|-damage|p2b: Mimikyu|66\/100 tox|[from] psn\n|upkeep\n|turn|5\n|\n|t:|1700660537\n|move|p1a: Goodra|Protect|p1a: Goodra\n|-singleturn|p1a: Goodra|Protect\n|move|p2a: Meowscarada|Knock Off|p1a: Goodra\n|-activate|p1a: Goodra|move: Protect\n|move|p1b: Ninetales|Dazzling Gleam|p2b: Mimikyu|[spread] p2a,p2b\n|-supereffective|p2a: Meowscarada\n|-damage|p2a: Meowscarada|0 fnt\n|-damage|p2b: Mimikyu|33\/100 tox\n|-enditem|p2b: Mimikyu|Sitrus Berry|[eat]\n|-heal|p2b: Mimikyu|58\/100 tox|[from] item: Sitrus Berry\n|faint|p2a: Meowscarada\n|move|p2b: Mimikyu|Drain Punch|p1b: Ninetales\n|-damage|p1b: Ninetales|26\/100\n|-heal|p2b: Mimikyu|82\/100 tox|[from] drain|[of] p1b: Ninetales\n|\n|-weather|Snow|[upkeep]\n|-damage|p2b: Mimikyu|58\/100 tox|[from] psn\n|upkeep\n|inactive|shhmedium has 120 seconds left.\n|\n|t:|1700660556\n|switch|p2a: Sandy Shocks|Sandy Shocks|100\/100\n|turn|6\n|\n|t:|1700660564\n|switch|p1a: Trevenant|Trevenant, F|100\/100\n|move|p2b: Mimikyu|Shadow Sneak|p1b: Ninetales\n|-damage|p1b: Ninetales|0 fnt\n|faint|p1b: Ninetales\n|move|p2a: Sandy Shocks|Earth Power|p1a: Trevenant\n|-resisted|p1a: Trevenant\n|-crit|p1a: Trevenant\n|-damage|p1a: Trevenant|75\/100\n|-unboost|p1a: Trevenant|spd|1\n|\n|-weather|Snow|[upkeep]\n|-damage|p2b: Mimikyu|28\/100 tox|[from] psn\n|upkeep\n|\n|t:|1700660574\n|switch|p1b: Sandslash|Sandslash-Alola, M|100\/100\n|turn|7\n|\n|t:|1700660587\n|move|p1a: Trevenant|Ally Switch|p1a: Trevenant\n|swap|p1a: Trevenant|1|[from] move: Ally Switch\n|move|p1a: Sandslash|Ice Shard|p2b: Mimikyu\n|-damage|p2b: Mimikyu|0 fnt\n|faint|p2b: Mimikyu\n|move|p2a: Sandy Shocks|Earth Power|p1b: Trevenant\n|-resisted|p1b: Trevenant\n|-damage|p1b: Trevenant|49\/100\n|-enditem|p1b: Trevenant|Sitrus Berry|[eat]\n|-heal|p1b: Trevenant|74\/100|[from] item: Sitrus Berry\n|\n|-weather|Snow|[upkeep]\n|-item|p1b: Trevenant|Sitrus Berry|[from] ability: Harvest\n|upkeep\n|\n|t:|1700660601\n|switch|p2b: Greninja|Greninja, M|100\/100\n|turn|8\n|\n|t:|1700660613\n|move|p2b: Greninja|Hydro Pump|p1a: Sandslash|[miss]\n|-miss|p2b: Greninja|p1a: Sandslash\n|move|p2a: Sandy Shocks|Flash Cannon|p1b: Trevenant\n|-damage|p1b: Trevenant|44\/100\n|-enditem|p1b: Trevenant|Sitrus Berry|[eat]\n|-heal|p1b: Trevenant|68\/100|[from] item: Sitrus Berry\n|move|p1a: Sandslash|Leech Life|p2b: Greninja\n|-supereffective|p2b: Greninja\n|-damage|p2b: Greninja|14\/100\n|move|p1b: Trevenant|Disable|p2a: Sandy Shocks\n|-start|p2a: Sandy Shocks|Disable|Flash Cannon\n|\n|-weather|Snow|[upkeep]\n|upkeep\n|turn|9\n|-message|shhmedium forfeited.\n|\n|win|RocketsViability\n|raw|RocketsViability's rating: 1222 &rarr; <strong>1247<\/strong><br \/>(+25 for winning)\n|raw|shhmedium's rating: 1225 &rarr; <strong>1200<\/strong><br \/>(-25 for losing)\n|l|\u2606shhmedium\n","uploadtime":1700660635,"views":4,"p1id":"rocketsviability","p2id":"shhmedium","formatid":"gen9doublesou","rating":1200,"private":0,"password":""}