{"id":"gen9doublesou-1970242022","p1":"ThanhMam","p2":"i am gamering","format":"[Gen 9] Doubles OU","log":"|j|\u2606ThanhMam\n|j|\u2606i am gamering\n|t:|1697615948\n|gametype|doubles\n|player|p1|ThanhMam|pokemaniac|1124\n|player|p2|i am gamering|camper|1191\n|teamsize|p1|6\n|teamsize|p2|6\n|gen|9\n|tier|[Gen 9] Doubles OU\n|rated|\n|rule|Species Clause: Limit one of each Pok\u00e9mon\n|rule|OHKO Clause: OHKO moves are banned\n|rule|Evasion Moves Clause: Evasion moves are banned\n|rule|Gravity Sleep Clause: The combination of sleep-inducing moves with imperfect accuracy and Gravity or Gigantamax Orbeetle are banned\n|rule|Endless Battle Clause: Forcing endless battles is banned\n|rule|HP Percentage Mod: HP is shown in percentages\n|clearpoke\n|poke|p1|Amoonguss, M|\n|poke|p1|Flutter Mane|\n|poke|p1|Maushold-Four|\n|poke|p1|Gallade, M|\n|poke|p1|Tornadus, M|\n|poke|p1|Great Tusk|\n|poke|p2|Pelipper, F|\n|poke|p2|Manaphy|\n|poke|p2|Basculegion, M|\n|poke|p2|Barraskewda, F|\n|poke|p2|Zapdos|\n|poke|p2|Ogerpon-Wellspring, F|\n|teampreview\n|inactive|Battle timer is ON: inactive players will automatically lose when time's up. (requested by i am gamering)\n|\n|t:|1697615956\n|start\n|switch|p1a: Maushold|Maushold-Four, shiny|100\/100\n|switch|p1b: Gallade|Gallade, M, shiny|100\/100\n|switch|p2a: Manaphy|Manaphy|100\/100\n|switch|p2b: Ogerpon|Ogerpon-Wellspring, F|100\/100\n|turn|1\n|\n|t:|1697615974\n|move|p2b: Ogerpon|Follow Me|p2b: Ogerpon\n|-singleturn|p2b: Ogerpon|move: Follow Me\n|move|p1a: Maushold|Beat Up|p2b: Ogerpon\n|-damage|p2b: Ogerpon|97\/100\n|-damage|p2b: Ogerpon|92\/100\n|-damage|p2b: Ogerpon|89\/100\n|-damage|p2b: Ogerpon|86\/100\n|-damage|p2b: Ogerpon|81\/100\n|-damage|p2b: Ogerpon|76\/100\n|-hitcount|p2b: Ogerpon|6\n|move|p2a: Manaphy|Tail Glow|p2a: Manaphy\n|-boost|p2a: Manaphy|spa|3\n|move|p1b: Gallade|Drain Punch|p2b: Ogerpon\n|-damage|p2b: Ogerpon|44\/100\n|\n|upkeep\n|turn|2\n|\n|t:|1697615998\n|move|p2b: Ogerpon|Follow Me|p2b: Ogerpon\n|-singleturn|p2b: Ogerpon|move: Follow Me\n|move|p1a: Maushold|Beat Up|p2b: Ogerpon\n|-damage|p2b: Ogerpon|40\/100\n|-damage|p2b: Ogerpon|36\/100\n|-damage|p2b: Ogerpon|32\/100\n|-damage|p2b: Ogerpon|29\/100\n|-damage|p2b: Ogerpon|24\/100\n|-damage|p2b: Ogerpon|18\/100\n|-hitcount|p2b: Ogerpon|6\n|move|p2a: Manaphy|Surf|p1a: Maushold|[spread] p1a,p1b\n|-heal|p2b: Ogerpon|43\/100|[from] ability: Water Absorb|[of] p2a: Manaphy\n|-damage|p1a: Maushold|0 fnt\n|-damage|p1b: Gallade|0 fnt\n|faint|p1a: Maushold\n|faint|p1b: Gallade\n|-damage|p2a: Manaphy|91\/100|[from] item: Life Orb\n|\n|upkeep\n|inactive|ThanhMam has 120 seconds left.\n|\n|t:|1697616018\n|switch|p1a: Tornadus|Tornadus, M|100\/100\n|switch|p1b: Flutter Mane|Flutter Mane, shiny|100\/100\n|turn|3\n|\n|t:|1697616031\n|move|p2b: Ogerpon|Follow Me|p2b: Ogerpon\n|-singleturn|p2b: Ogerpon|move: Follow Me\n|move|p1a: Tornadus|Sunny Day|p1a: Tornadus\n|-weather|SunnyDay\n|-activate|p1b: Flutter Mane|ability: Protosynthesis\n|-start|p1b: Flutter Mane|protosynthesisspe\n|move|p1b: Flutter Mane|Shadow Ball|p2b: Ogerpon\n|-damage|p2b: Ogerpon|0 fnt\n|faint|p2b: Ogerpon\n|-damage|p1b: Flutter Mane|91\/100|[from] item: Life Orb\n|move|p2a: Manaphy|Ice Beam|p1a: Tornadus\n|-supereffective|p1a: Tornadus\n|-damage|p1a: Tornadus|0 fnt\n|faint|p1a: Tornadus\n|-damage|p2a: Manaphy|81\/100|[from] item: Life Orb\n|\n|-weather|SunnyDay|[upkeep]\n|upkeep\n|\n|t:|1697616047\n|switch|p1a: Amoonguss|Amoonguss, M, shiny|100\/100\n|switch|p2b: Pelipper|Pelipper, F|100\/100\n|-weather|RainDance|[from] ability: Drizzle|[of] p2b: Pelipper\n|-end|p1b: Flutter Mane|Protosynthesis\n|turn|4\n|\n|t:|1697616058\n|move|p1b: Flutter Mane|Shadow Ball|p2a: Manaphy\n|-damage|p2a: Manaphy|26\/100\n|-unboost|p2a: Manaphy|spd|1\n|-damage|p1b: Flutter Mane|81\/100|[from] item: Life Orb\n|move|p2a: Manaphy|Ice Beam|p1a: Amoonguss\n|-supereffective|p1a: Amoonguss\n|-damage|p1a: Amoonguss|0 fnt\n|faint|p1a: Amoonguss\n|-damage|p2a: Manaphy|16\/100|[from] item: Life Orb\n|move|p2b: Pelipper|Tailwind|p2b: Pelipper\n|-sidestart|p2: i am gamering|move: Tailwind\n|\n|-weather|RainDance|[upkeep]\n|upkeep\n|\n|t:|1697616072\n|switch|p1a: Great Tusk|Great Tusk|100\/100\n|turn|5\n|\n|t:|1697616081\n|move|p2b: Pelipper|Wide Guard|p2b: Pelipper\n|-singleturn|p2b: Pelipper|Wide Guard\n|move|p2a: Manaphy|Surf|p1a: Great Tusk|[spread] p1a,p1b\n|-activate|p2b: Pelipper|move: Wide Guard\n|-supereffective|p1a: Great Tusk\n|-damage|p1a: Great Tusk|0 fnt\n|-damage|p1b: Flutter Mane|0 fnt\n|faint|p1a: Great Tusk\n|-end|p1a: Great Tusk|Protosynthesis|[silent]\n|faint|p1b: Flutter Mane\n|-end|p1b: Flutter Mane|Protosynthesis|[silent]\n|-damage|p2a: Manaphy|6\/100|[from] item: Life Orb\n|\n|win|i am gamering\n|raw|ThanhMam's rating: 1124 &rarr; <strong>1104<\/strong><br \/>(-20 for losing)\n|raw|i am gamering's rating: 1191 &rarr; <strong>1211<\/strong><br \/>(+20 for winning)\n","uploadtime":1697616098,"views":25,"p1id":"thanhmam","p2id":"iamgamering","formatid":"gen9doublesou","rating":1104,"private":0,"password":""}