{"id":"gen9doublesou-1986339251","p1":"hayniu","p2":"Magboo1176","format":"[Gen 9] Doubles OU","log":"|j|\u2606hayniu\n|j|\u2606Magboo1176\n|t:|1699470571\n|gametype|doubles\n|player|p1|hayniu|169|1342\n|player|p2|Magboo1176|ethan|1246\n|teamsize|p1|6\n|teamsize|p2|6\n|gen|9\n|tier|[Gen 9] Doubles OU\n|rated|\n|rule|Species Clause: Limit one of each Pok\u00e9mon\n|rule|OHKO Clause: OHKO moves are banned\n|rule|Evasion Moves Clause: Evasion moves are banned\n|rule|Gravity Sleep Clause: The combination of sleep-inducing moves with imperfect accuracy and Gravity or Gigantamax Orbeetle are banned\n|rule|Endless Battle Clause: Forcing endless battles is banned\n|rule|HP Percentage Mod: HP is shown in percentages\n|clearpoke\n|poke|p1|Shiftry, M|\n|poke|p1|Tornadus, M|\n|poke|p1|Torkoal, F|\n|poke|p1|Indeedee-F, F|\n|poke|p1|Ursaluna-Bloodmoon, M|\n|poke|p1|Chi-Yu|\n|poke|p2|Sneasler, F|\n|poke|p2|Rillaboom, M|\n|poke|p2|Flutter Mane|\n|poke|p2|Murkrow, F|\n|poke|p2|Indeedee-F, F|\n|poke|p2|Ursaluna, F|\n|teampreview\n|\n|t:|1699470613\n|start\n|switch|p1a: Shiftry|Shiftry, M, shiny|100\/100\n|switch|p1b: Tornadus|Tornadus, M|100\/100\n|switch|p2a: Sneasler|Sneasler, F, shiny|100\/100\n|switch|p2b: Rillaboom|Rillaboom, M|100\/100\n|-fieldstart|move: Grassy Terrain|[from] ability: Grassy Surge|[of] p2b: Rillaboom\n|-enditem|p2a: Sneasler|Grassy Seed\n|-boost|p2a: Sneasler|def|1|[from] item: Grassy Seed\n|turn|1\n|\n|t:|1699470623\n|switch|p1b: Indeedee|Indeedee-F, F|100\/100\n|-fieldstart|move: Psychic Terrain|[from] ability: Psychic Surge|[of] p1b: Indeedee\n|-terastallize|p2a: Sneasler|Flying\n|move|p2b: Rillaboom|Fake Out|p1b: Indeedee\n|-activate|p1b: Indeedee|move: Psychic Terrain\n|move|p2a: Sneasler|Acrobatics|p1a: Shiftry\n|-supereffective|p1a: Shiftry\n|-damage|p1a: Shiftry|0 fnt\n|faint|p1a: Shiftry\n|\n|upkeep\n|\n|t:|1699470629\n|switch|p1a: Tornadus|Tornadus, M|100\/100\n|turn|2\n|c|\u2606Magboo1176|hey ! my fake out :\/\n|\n|t:|1699470647\n|switch|p2b: Murkrow|Murkrow, F|100\/100\n|move|p2a: Sneasler|Acrobatics|p1b: Indeedee\n|-damage|p1b: Indeedee|13\/100\n|move|p1a: Tornadus|Bleakwind Storm|p2a: Sneasler|[spread] p2a,p2b\n|-damage|p2a: Sneasler|47\/100\n|-damage|p2b: Murkrow|63\/100\n|move|p1b: Indeedee|Trick Room|p1b: Indeedee\n|-fieldstart|move: Trick Room|[of] p1b: Indeedee\n|\n|upkeep\n|turn|3\n|c|\u2606hayniu|the wolfey team is fire\n|c|\u2606Magboo1176|so fire\n|c|\u2606Magboo1176|the sneasler rillaboom combo is filthy\n|\n|t:|1699470672\n|switch|p1a: Torkoal|Torkoal, F|100\/100\n|-weather|SunnyDay|[from] ability: Drought|[of] p1a: Torkoal\n|move|p2a: Sneasler|Protect|p2a: Sneasler\n|-singleturn|p2a: Sneasler|Protect\n|move|p2b: Murkrow|Taunt|p1b: Indeedee\n|-activate|p1b: Indeedee|move: Psychic Terrain\n|move|p1b: Indeedee|Psychic|p2a: Sneasler\n|-activate|p2a: Sneasler|move: Protect\n|\n|-weather|SunnyDay|[upkeep]\n|upkeep\n|turn|4\n|\n|t:|1699470728\n|switch|p1b: Ursaluna|Ursaluna-Bloodmoon, M|100\/100\n|switch|p2a: Indeedee|Indeedee-F, F|100\/100\n|move|p2b: Murkrow|Thunder Wave|p1a: Torkoal\n|-activate|p1a: Torkoal|move: Psychic Terrain\n|move|p1a: Torkoal|Eruption|p2a: Indeedee|[spread] p2a,p2b\n|-damage|p2a: Indeedee|59\/100\n|-damage|p2b: Murkrow|11\/100\n|\n|-weather|SunnyDay|[upkeep]\n|upkeep\n|turn|5\n|\n|t:|1699470754\n|move|p2b: Murkrow|Tailwind|p2b: Murkrow\n|-sidestart|p2: Magboo1176|move: Tailwind\n|move|p1a: Torkoal|Eruption|p2a: Indeedee|[spread] p2a,p2b\n|-damage|p2a: Indeedee|14\/100\n|-damage|p2b: Murkrow|0 fnt\n|faint|p2b: Murkrow\n|move|p1b: Ursaluna|Earth Power|p2a: Indeedee\n|-damage|p2a: Indeedee|0 fnt\n|faint|p2a: Indeedee\n|-damage|p1b: Ursaluna|91\/100|[from] item: Life Orb\n|\n|-weather|SunnyDay|[upkeep]\n|-fieldend|move: Psychic Terrain\n|upkeep\n|c|\u2606Magboo1176|oof was really hoping indeedee would live there lol\n|\n|t:|1699470776\n|switch|p2a: Rillaboom|Rillaboom, M|100\/100\n|switch|p2b: Sneasler|Sneasler, F, shiny, tera:Flying|47\/100\n|-fieldstart|move: Grassy Terrain|[from] ability: Grassy Surge|[of] p2a: Rillaboom\n|turn|6\n|\n|t:|1699470779\n|switch|p1b: Indeedee|Indeedee-F, F|13\/100\n|-fieldstart|move: Psychic Terrain|[from] ability: Psychic Surge|[of] p1b: Indeedee\n|move|p2b: Sneasler|Protect|p2b: Sneasler\n|-singleturn|p2b: Sneasler|Protect\n|move|p2a: Rillaboom|Fake Out|p1a: Torkoal\n|-activate|p1a: Torkoal|move: Psychic Terrain\n|move|p1a: Torkoal|Eruption|p2a: Rillaboom|[spread] p2a\n|-activate|p2b: Sneasler|move: Protect\n|-supereffective|p2a: Rillaboom\n|-damage|p2a: Rillaboom|0 fnt\n|faint|p2a: Rillaboom\n|\n|-weather|SunnyDay|[upkeep]\n|-fieldend|move: Trick Room\n|upkeep\n|\n|t:|1699470786\n|switch|p2a: Ursaluna|Ursaluna, F|100\/100\n|turn|7\n|\n|t:|1699470813\n|move|p1b: Indeedee|Follow Me|p1b: Indeedee\n|-singleturn|p1b: Indeedee|move: Follow Me\n|move|p2b: Sneasler|Acrobatics|p1b: Indeedee\n|-damage|p1b: Indeedee|0 fnt\n|faint|p1b: Indeedee\n|move|p2a: Ursaluna|Earthquake|p1a: Torkoal|[spread] p1a\n|-immune|p2b: Sneasler\n|-supereffective|p1a: Torkoal\n|-crit|p1a: Torkoal\n|-damage|p1a: Torkoal|5\/100\n|move|p1a: Torkoal|Yawn|p2b: Sneasler\n|-start|p2b: Sneasler|move: Yawn|[of] p1a: Torkoal\n|\n|-weather|SunnyDay|[upkeep]\n|-status|p2a: Ursaluna|brn|[from] item: Flame Orb\n|upkeep\n|\n|t:|1699470819\n|switch|p1b: Tornadus|Tornadus, M|100\/100\n|turn|8\n|\n|t:|1699470830\n|switch|p2b: Flutter Mane|Flutter Mane|100\/100\n|-activate|p2b: Flutter Mane|ability: Protosynthesis\n|-start|p2b: Flutter Mane|protosynthesisspe\n|move|p1b: Tornadus|Tailwind|p1b: Tornadus\n|-sidestart|p1: hayniu|move: Tailwind\n|move|p2a: Ursaluna|Facade|p1b: Tornadus\n|-damage|p1b: Tornadus|0 fnt\n|faint|p1b: Tornadus\n|move|p1a: Torkoal|Solar Beam||[still]\n|-prepare|p1a: Torkoal|Solar Beam\n|-anim|p1a: Torkoal|Solar Beam|p2a: Ursaluna\n|-supereffective|p2a: Ursaluna\n|-damage|p2a: Ursaluna|45\/100 brn\n|\n|-weather|SunnyDay|[upkeep]\n|-damage|p2a: Ursaluna|39\/100 brn|[from] brn\n|-sideend|p2: Magboo1176|move: Tailwind\n|upkeep\n|\n|t:|1699470834\n|switch|p1b: Chi-Yu|Chi-Yu|100\/100\n|-ability|p1b: Chi-Yu|Beads of Ruin\n|turn|9\n|\n|t:|1699470846\n|-end|p2b: Flutter Mane|Protosynthesis|[silent]\n|switch|p2b: Sneasler|Sneasler, F, shiny, tera:Flying|47\/100\n|move|p1b: Chi-Yu|Heat Wave|p2b: Sneasler|[spread] p2a,p2b\n|-damage|p2a: Ursaluna|0 fnt\n|-damage|p2b: Sneasler|0 fnt\n|faint|p2a: Ursaluna\n|faint|p2b: Sneasler\n|move|p1a: Torkoal|Solar Beam||[still]\n|-prepare|p1a: Torkoal|Solar Beam\n|-anim|p1a: Torkoal|Solar Beam|p2: Ursaluna|[notarget]\n|-fail|p1a: Torkoal\n|\n|-weather|SunnyDay|[upkeep]\n|upkeep\n|c|\u2606hayniu|gg\n|\n|t:|1699470852\n|switch|p2b: Flutter Mane|Flutter Mane|100\/100\n|-activate|p2b: Flutter Mane|ability: Protosynthesis\n|-start|p2b: Flutter Mane|protosynthesisspe\n|turn|10\n|c|\u2606Magboo1176|gg\n|c|\u2606Magboo1176|wp\n|\n|t:|1699470863\n|move|p1b: Chi-Yu|Overheat|p2b: Flutter Mane\n|-damage|p2b: Flutter Mane|0 fnt\n|-unboost|p1b: Chi-Yu|spa|2\n|faint|p2b: Flutter Mane\n|-end|p2b: Flutter Mane|Protosynthesis|[silent]\n|\n|win|hayniu\n|raw|hayniu's rating: 1342 &rarr; <strong>1357<\/strong><br \/>(+15 for winning)\n|raw|Magboo1176's rating: 1246 &rarr; <strong>1228<\/strong><br \/>(-18 for losing)\n","uploadtime":1699470870,"views":11,"p1id":"hayniu","p2id":"magboo1176","formatid":"gen9doublesou","rating":1228,"private":0,"password":""}