{"id":"gen9doublesou-1970544376","p1":"Tbonesteak55555","p2":"MizukLua","format":"[Gen 9] Doubles OU","log":"|j|\u2606Tbonesteak55555\n|j|\u2606MizukLua\n|t:|1697647179\n|gametype|doubles\n|player|p1|Tbonesteak55555|266|1011\n|player|p2|MizukLua|will|1062\n|teamsize|p1|6\n|teamsize|p2|6\n|gen|9\n|tier|[Gen 9] Doubles OU\n|rated|\n|rule|Species Clause: Limit one of each Pok\u00e9mon\n|rule|OHKO Clause: OHKO moves are banned\n|rule|Evasion Moves Clause: Evasion moves are banned\n|rule|Gravity Sleep Clause: The combination of sleep-inducing moves with imperfect accuracy and Gravity or Gigantamax Orbeetle are banned\n|rule|Endless Battle Clause: Forcing endless battles is banned\n|rule|HP Percentage Mod: HP is shown in percentages\n|clearpoke\n|poke|p1|Infernape, M|\n|poke|p1|Greninja-*, M|\n|poke|p1|Tornadus, M|\n|poke|p1|Pincurchin, M|\n|poke|p1|Dudunsparce-*, F|\n|poke|p1|Forretress, M|\n|poke|p2|Gastrodon, F|\n|poke|p2|Pelipper, F|\n|poke|p2|Politoed, F|\n|poke|p2|Vaporeon, M|\n|poke|p2|Volbeat, M|\n|poke|p2|Iron Bundle|\n|teampreview\n|inactive|Battle timer is ON: inactive players will automatically lose when time's up. (requested by Tbonesteak55555)\n|\n|t:|1697647187\n|start\n|switch|p1a: Tornadus|Tornadus, M|100\/100\n|switch|p1b: Pincurchin|Pincurchin, M|100\/100\n|switch|p2a: Pelipper|Pelipper, F|100\/100\n|switch|p2b: Volbeat|Volbeat, M|100\/100\n|-weather|RainDance|[from] ability: Drizzle|[of] p2a: Pelipper\n|-fieldstart|move: Electric Terrain|[from] ability: Electric Surge|[of] p1b: Pincurchin\n|turn|1\n|\n|t:|1697647204\n|switch|p2b: Iron Bundle|Iron Bundle|100\/100\n|-activate|p2b: Iron Bundle|ability: Quark Drive\n|-start|p2b: Iron Bundle|quarkdrivespa\n|move|p1a: Tornadus|Tailwind|p1a: Tornadus\n|-sidestart|p1: Tbonesteak55555|move: Tailwind\n|move|p2a: Pelipper|Tailwind|p2a: Pelipper\n|-sidestart|p2: MizukLua|move: Tailwind\n|move|p1b: Pincurchin|Discharge|p2a: Pelipper|[spread] p1a,p2a,p2b\n|-supereffective|p1a: Tornadus\n|-supereffective|p2a: Pelipper\n|-supereffective|p2b: Iron Bundle\n|-damage|p1a: Tornadus|0 fnt\n|-damage|p2a: Pelipper|0 fnt\n|-damage|p2b: Iron Bundle|0 fnt\n|faint|p1a: Tornadus\n|faint|p2a: Pelipper\n|faint|p2b: Iron Bundle\n|-end|p2b: Iron Bundle|Quark Drive|[silent]\n|\n|-weather|RainDance|[upkeep]\n|upkeep\n|\n|t:|1697647221\n|switch|p2b: Politoed|Politoed, F|100\/100\n|switch|p1a: Forretress|Forretress, M|100\/100\n|switch|p2a: Gastrodon|Gastrodon, F|100\/100\n|turn|2\n|\n|t:|1697647230\n|move|p2b: Politoed|Surf|p1b: Pincurchin|[spread] p1a,p1b\n|-ability|p2a: Gastrodon|Storm Drain|boost\n|-boost|p2a: Gastrodon|spa|1\n|-damage|p1a: Forretress|20\/100\n|-damage|p1b: Pincurchin|25\/100\n|-damage|p2b: Politoed|91\/100|[from] item: Life Orb\n|move|p2a: Gastrodon|Earth Power|p1b: Pincurchin\n|-supereffective|p1b: Pincurchin\n|-crit|p1b: Pincurchin\n|-damage|p1b: Pincurchin|0 fnt\n|faint|p1b: Pincurchin\n|move|p1a: Forretress|Explosion|p2b: Politoed|[spread] p2a,p2b\n|-damage|p2a: Gastrodon|51\/100\n|-damage|p2b: Politoed|41\/100\n|faint|p1a: Forretress\n|\n|-weather|RainDance|[upkeep]\n|-heal|p2a: Gastrodon|57\/100|[from] item: Leftovers\n|upkeep\n|\n|t:|1697647246\n|switch|p1a: Infernape|Infernape, M|100\/100\n|switch|p1b: Greninja|Greninja, M|100\/100\n|turn|3\n|\n|t:|1697647251\n|-terastallize|p1a: Infernape|Ghost\n|move|p1b: Greninja|Water Pledge|p2b: Politoed\n|-waiting|p1b: Greninja|p1a: Infernape\n|move|p1a: Infernape|Fire Pledge|p2b: Politoed|[from]move: Water Pledge\n|-heal|p2b: Politoed|66\/100|[from] ability: Water Absorb|[of] p1a: Infernape\n|move|p2b: Politoed|Surf|p1b: Greninja|[spread] p1a,p1b\n|-ability|p2a: Gastrodon|Storm Drain|boost\n|-boost|p2a: Gastrodon|spa|1\n|-resisted|p1b: Greninja\n|-damage|p1a: Infernape|11\/100\n|-damage|p1b: Greninja|53\/100\n|-damage|p2b: Politoed|56\/100|[from] item: Life Orb\n|move|p2a: Gastrodon|Surf|p1a: Infernape|[spread] p1a,p1b\n|-heal|p2b: Politoed|81\/100|[from] ability: Water Absorb|[of] p2a: Gastrodon\n|-resisted|p1b: Greninja\n|-damage|p1a: Infernape|0 fnt\n|-damage|p1b: Greninja|0 fnt\n|faint|p1a: Infernape\n|faint|p1b: Greninja\n|\n|-weather|RainDance|[upkeep]\n|-heal|p2a: Gastrodon|63\/100|[from] item: Leftovers\n|upkeep\n|\n|t:|1697647264\n|switch|p1b: Dudunsparce|Dudunsparce-Three-Segment, F|100\/100\n|turn|4\n|\n|t:|1697647277\n|move|p1b: Dudunsparce|Rock Slide|p2a: Gastrodon|[spread] p2a,p2b\n|-resisted|p2a: Gastrodon\n|-damage|p2a: Gastrodon|54\/100\n|-damage|p2b: Politoed|59\/100\n|cant|p2b: Politoed|flinch\n|cant|p2a: Gastrodon|flinch\n|\n|-weather|RainDance|[upkeep]\n|-heal|p2a: Gastrodon|60\/100|[from] item: Leftovers\n|-sideend|p2: MizukLua|move: Tailwind\n|-sideend|p1: Tbonesteak55555|move: Tailwind\n|upkeep\n|turn|5\n|\n|t:|1697647287\n|move|p1b: Dudunsparce|Rock Slide|p2a: Gastrodon|[spread] p2a,p2b\n|-resisted|p2a: Gastrodon\n|-damage|p2a: Gastrodon|50\/100\n|-damage|p2b: Politoed|35\/100\n|cant|p2b: Politoed|flinch\n|move|p2a: Gastrodon|Surf|p1b: Dudunsparce|[spread] p1b\n|-heal|p2b: Politoed|60\/100|[from] ability: Water Absorb|[of] p2a: Gastrodon\n|-damage|p1b: Dudunsparce|0 fnt\n|faint|p1b: Dudunsparce\n|\n|win|MizukLua\n|raw|Tbonesteak55555's rating: 1011 &rarr; <strong>1001<\/strong><br \/>(-10 for losing)\n|raw|MizukLua's rating: 1062 &rarr; <strong>1088<\/strong><br \/>(+26 for winning)\n|l|\u2606Tbonesteak55555\n","uploadtime":1697647301,"views":22,"p1id":"tbonesteak55555","p2id":"mizuklua","formatid":"gen9doublesou","rating":1001,"private":0,"password":""}