{"id":"gen9doublesou-1984814044","p1":"friskfall","p2":"we up","format":"[Gen 9] Doubles OU","log":"|j|\u2606friskfall\n|j|\u2606we up\n|inactive|Battle timer is ON: inactive players will automatically lose when time's up.\n|t:|1699301209\n|gametype|doubles\n|player|p1|friskfall|170|\n|player|p2|we up|caitlin-masters|\n|teamsize|p1|6\n|teamsize|p2|6\n|gen|9\n|tier|[Gen 9] Doubles OU\n|rated|Tournament battle\n|rule|Species Clause: Limit one of each Pok\u00e9mon\n|rule|OHKO Clause: OHKO moves are banned\n|rule|Evasion Moves Clause: Evasion moves are banned\n|rule|Gravity Sleep Clause: The combination of sleep-inducing moves with imperfect accuracy and Gravity or Gigantamax Orbeetle are banned\n|rule|Endless Battle Clause: Forcing endless battles is banned\n|rule|HP Percentage Mod: HP is shown in percentages\n|clearpoke\n|poke|p1|Armarouge, F|\n|poke|p1|Amoonguss, F|\n|poke|p1|Hatterene, F|\n|poke|p1|Torkoal, L99, M|\n|poke|p1|Iron Hands|\n|poke|p1|Indeedee-F, F|\n|poke|p2|Ninetales-Alola, M|\n|poke|p2|Sinistcha-Masterpiece|\n|poke|p2|Cetitan, M|\n|poke|p2|Rillaboom, M|\n|poke|p2|Okidogi, M|\n|poke|p2|Tornadus, M|\n|teampreview\n|inactive|we up also wants the timer to be on.\n|\n|t:|1699301220\n|start\n|switch|p1a: Indeedee|Indeedee-F, F|100\/100\n|switch|p1b: Armarouge|Armarouge, F, shiny|100\/100\n|switch|p2a: Cetitan|Cetitan, M|100\/100\n|switch|p2b: Ninetales|Ninetales-Alola, M|100\/100\n|-weather|Snow|[from] ability: Snow Warning|[of] p2b: Ninetales\n|-fieldstart|move: Psychic Terrain|[from] ability: Psychic Surge|[of] p1a: Indeedee\n|-enditem|p1a: Indeedee|Psychic Seed\n|-boost|p1a: Indeedee|spd|1|[from] item: Psychic Seed\n|turn|1\n|\n|t:|1699301226\n|move|p1a: Indeedee|Follow Me|p1a: Indeedee\n|-singleturn|p1a: Indeedee|move: Follow Me\n|move|p2b: Ninetales|Aurora Veil|p2b: Ninetales\n|-sidestart|p2: we up|move: Aurora Veil\n|move|p2a: Cetitan|Belly Drum|p2a: Cetitan\n|-damage|p2a: Cetitan|50\/100\n|-setboost|p2a: Cetitan|atk|6|[from] move: Belly Drum\n|-enditem|p2a: Cetitan|Sitrus Berry|[eat]\n|-heal|p2a: Cetitan|75\/100|[from] item: Sitrus Berry\n|move|p1b: Armarouge|Trick Room|p1b: Armarouge\n|-fieldstart|move: Trick Room|[of] p1b: Armarouge\n|\n|-weather|Snow|[upkeep]\n|upkeep\n|turn|2\n|inactive|we up has 120 seconds left.\n|\n|t:|1699301274\n|-terastallize|p2a: Cetitan|Water\n|move|p1a: Indeedee|Helping Hand|p1b: Armarouge\n|-singleturn|p1b: Armarouge|Helping Hand|[of] p1a: Indeedee\n|move|p1b: Armarouge|Armor Cannon|p2a: Cetitan\n|-resisted|p2a: Cetitan\n|-damage|p2a: Cetitan|59\/100\n|-unboost|p1b: Armarouge|def|1\n|-unboost|p1b: Armarouge|spd|1\n|move|p2a: Cetitan|Liquidation|p1b: Armarouge\n|-supereffective|p1b: Armarouge\n|-damage|p1b: Armarouge|0 fnt\n|faint|p1b: Armarouge\n|move|p2b: Ninetales|Moonblast|p1a: Indeedee\n|-damage|p1a: Indeedee|77\/100\n|\n|-weather|Snow|[upkeep]\n|upkeep\n|\n|t:|1699301282\n|switch|p1b: Torkoal|Torkoal, L99, M, shiny|100\/100\n|-weather|SunnyDay|[from] ability: Drought|[of] p1b: Torkoal\n|turn|3\n|inactive|we up has 120 seconds left.\n|inactive|we up has 90 seconds left.\n|\n|t:|1699301331\n|switch|p2b: Tornadus|Tornadus, M|100\/100\n|-terastallize|p1b: Torkoal|Grass\n|move|p1a: Indeedee|Helping Hand|p1b: Torkoal\n|-singleturn|p1b: Torkoal|Helping Hand|[of] p1a: Indeedee\n|move|p1b: Torkoal|Solar Beam||[still]\n|-prepare|p1b: Torkoal|Solar Beam\n|-anim|p1b: Torkoal|Solar Beam|p2a: Cetitan\n|-supereffective|p2a: Cetitan\n|-damage|p2a: Cetitan|0 fnt\n|faint|p2a: Cetitan\n|\n|-weather|SunnyDay|[upkeep]\n|upkeep\n|inactive|we up has 90 seconds left.\n|\n|t:|1699301339\n|switch|p2a: Rillaboom|Rillaboom, M|100\/100\n|-fieldstart|move: Grassy Terrain|[from] ability: Grassy Surge|[of] p2a: Rillaboom\n|turn|4\n|\n|t:|1699301355\n|switch|p1b: Amoonguss|Amoonguss, F, shiny|100\/100\n|move|p2a: Rillaboom|Fake Out|p1b: Amoonguss\n|-damage|p1b: Amoonguss|88\/100\n|-enditem|p1b: Amoonguss|Eject Button\n|\n|t:|1699301359\n|switch|p1b: Hatterene|Hatterene, F|100\/100\n|move|p1a: Indeedee|Follow Me|p1a: Indeedee\n|-singleturn|p1a: Indeedee|move: Follow Me\n|move|p2b: Tornadus|Bleakwind Storm|p1a: Indeedee|[spread] p1a,p1b\n|-damage|p1a: Indeedee|53\/100\n|-damage|p1b: Hatterene|58\/100\n|\n|-weather|SunnyDay|[upkeep]\n|-heal|p1b: Hatterene|64\/100|[from] Grassy Terrain\n|-heal|p1a: Indeedee|59\/100|[from] Grassy Terrain\n|upkeep\n|turn|5\n|inactive|we up has 120 seconds left.\n|inactive|we up has 90 seconds left.\n|\n|t:|1699301423\n|move|p1a: Indeedee|Follow Me|p1a: Indeedee\n|-singleturn|p1a: Indeedee|move: Follow Me\n|move|p2a: Rillaboom|U-turn|p1a: Indeedee\n|-supereffective|p1a: Indeedee\n|-damage|p1a: Indeedee|14\/100\n|\n|t:|1699301428\n|switch|p2a: Ninetales|Ninetales-Alola, M|100\/100|[from] U-turn\n|-weather|Snow|[from] ability: Snow Warning|[of] p2a: Ninetales\n|move|p2b: Tornadus|Bleakwind Storm|p1b: Hatterene|[spread] p1a,p1b\n|-damage|p1a: Indeedee|0 fnt\n|-damage|p1b: Hatterene|27\/100\n|faint|p1a: Indeedee\n|move|p1b: Hatterene|Trick Room|p1b: Hatterene\n|-fieldend|move: Trick Room\n|\n|-weather|Snow|[upkeep]\n|-heal|p1b: Hatterene|33\/100|[from] Grassy Terrain\n|upkeep\n|\n|t:|1699301440\n|switch|p1a: Amoonguss|Amoonguss, F, shiny|100\/100\n|turn|6\n|inactive|we up has 90 seconds left.\n|j|+ratpacker\n|\n|t:|1699301479\n|move|p1a: Amoonguss|Rage Powder|p1a: Amoonguss\n|-singleturn|p1a: Amoonguss|move: Rage Powder\n|move|p2b: Tornadus|Bleakwind Storm|p1a: Amoonguss|[spread] p1a\n|-miss|p2b: Tornadus|p1b: Hatterene\n|-supereffective|p1a: Amoonguss\n|-damage|p1a: Amoonguss|51\/100\n|move|p2a: Ninetales|Freeze-Dry|p1a: Amoonguss\n|-supereffective|p1a: Amoonguss\n|-damage|p1a: Amoonguss|11\/100\n|move|p1b: Hatterene|Trick Room|p1b: Hatterene\n|-fieldstart|move: Trick Room|[of] p1b: Hatterene\n|\n|-weather|Snow|[upkeep]\n|-heal|p1b: Hatterene|39\/100|[from] Grassy Terrain\n|-heal|p1a: Amoonguss|17\/100|[from] Grassy Terrain\n|upkeep\n|turn|7\n|l|+ratpacker\n|\n|t:|1699301492\n|move|p2b: Tornadus|Taunt|p1a: Amoonguss\n|-start|p1a: Amoonguss|move: Taunt\n|move|p1b: Hatterene|Dazzling Gleam|p2a: Ninetales|[spread] p2a,p2b\n|-damage|p2a: Ninetales|67\/100\n|-damage|p2b: Tornadus|65\/100\n|cant|p1a: Amoonguss|move: Taunt|Spore\n|move|p2a: Ninetales|Icy Wind|p1a: Amoonguss|[spread] p1a,p1b\n|-supereffective|p1a: Amoonguss\n|-damage|p1a: Amoonguss|0 fnt\n|-damage|p1b: Hatterene|22\/100\n|-unboost|p1b: Hatterene|spe|1\n|faint|p1a: Amoonguss\n|\n|-weather|Snow|[upkeep]\n|-heal|p1b: Hatterene|28\/100|[from] Grassy Terrain\n|-heal|p2a: Ninetales|73\/100|[from] Grassy Terrain\n|upkeep\n|\n|t:|1699301505\n|switch|p1a: Torkoal|Torkoal, L99, M, shiny, tera:Grass|100\/100\n|-weather|SunnyDay|[from] ability: Drought|[of] p1a: Torkoal\n|turn|8\n|inactive|we up has 120 seconds left.\n|inactive|we up has 90 seconds left.\n|\n|t:|1699301546\n|move|p1b: Hatterene|Dazzling Gleam|p2b: Tornadus|[spread] p2a,p2b\n|-damage|p2a: Ninetales|43\/100\n|-damage|p2b: Tornadus|30\/100\n|move|p1a: Torkoal|Eruption|p2a: Ninetales|[spread] p2a,p2b\n|-supereffective|p2a: Ninetales\n|-damage|p2a: Ninetales|0 fnt\n|-damage|p2b: Tornadus|0 fnt\n|faint|p2a: Ninetales\n|faint|p2b: Tornadus\n|\n|-weather|SunnyDay|[upkeep]\n|-heal|p1b: Hatterene|34\/100|[from] Grassy Terrain\n|-sideend|p2: we up|move: Aurora Veil\n|-fieldend|move: Grassy Terrain\n|upkeep\n|\n|t:|1699301555\n|switch|p2a: Rillaboom|Rillaboom, M|100\/100\n|switch|p2b: Sinistcha|Sinistcha-Masterpiece|100\/100\n|-fieldstart|move: Grassy Terrain|[from] ability: Grassy Surge|[of] p2a: Rillaboom\n|turn|9\n|\n|t:|1699301564\n|move|p2a: Rillaboom|Fake Out|p1a: Torkoal\n|-damage|p1a: Torkoal|90\/100\n|move|p1b: Hatterene|Dazzling Gleam|p2b: Sinistcha|[spread] p2a,p2b\n|-damage|p2a: Rillaboom|75\/100\n|-damage|p2b: Sinistcha|61\/100\n|cant|p1a: Torkoal|flinch\n|move|p2b: Sinistcha|Trick Room|p2b: Sinistcha\n|-fieldend|move: Trick Room\n|\n|-weather|SunnyDay|[upkeep]\n|-heal|p2a: Rillaboom|81\/100|[from] Grassy Terrain\n|-heal|p2b: Sinistcha|67\/100|[from] Grassy Terrain\n|-heal|p1a: Torkoal|96\/100|[from] Grassy Terrain\n|-heal|p1b: Hatterene|40\/100|[from] Grassy Terrain\n|upkeep\n|turn|10\n|\n|t:|1699301576\n|move|p2a: Rillaboom|U-turn|p1a: Torkoal\n|-supereffective|p1a: Torkoal\n|-damage|p1a: Torkoal|63\/100\n|\n|t:|1699301579\n|switch|p2a: Okidogi|Okidogi, M|100\/100|[from] U-turn\n|move|p2b: Sinistcha|Matcha Gotcha|p1b: Hatterene|[spread] p1a,p1b\n|-resisted|p1a: Torkoal\n|-damage|p1a: Torkoal|42\/100\n|-heal|p2b: Sinistcha|78\/100|[from] drain|[of] p1a: Torkoal\n|-damage|p1b: Hatterene|5\/100\n|-heal|p2b: Sinistcha|94\/100|[from] drain|[of] p1b: Hatterene\n|-status|p1a: Torkoal|brn\n|-status|p1b: Hatterene|brn\n|move|p1a: Torkoal|Eruption|p2b: Sinistcha|[spread] p2a,p2b\n|-crit|p2a: Okidogi\n|-supereffective|p2b: Sinistcha\n|-damage|p2a: Okidogi|32\/100\n|-damage|p2b: Sinistcha|9\/100\n|-enditem|p2b: Sinistcha|Aguav Berry|[eat]\n|-heal|p2b: Sinistcha|42\/100|[from] item: Aguav Berry\n|move|p1b: Hatterene|Dazzling Gleam|p2b: Sinistcha|[spread] p2a,p2b\n|-damage|p2a: Okidogi|0 fnt\n|-damage|p2b: Sinistcha|5\/100\n|faint|p2a: Okidogi\n|\n|-weather|SunnyDay|[upkeep]\n|-heal|p2b: Sinistcha|11\/100|[from] Grassy Terrain\n|-heal|p1a: Torkoal|48\/100 brn|[from] Grassy Terrain\n|-heal|p1b: Hatterene|11\/100 brn|[from] Grassy Terrain\n|-damage|p1a: Torkoal|42\/100 brn|[from] brn\n|-damage|p1b: Hatterene|5\/100 brn|[from] brn\n|upkeep\n|\n|t:|1699301582\n|switch|p2a: Rillaboom|Rillaboom, M|81\/100\n|turn|11\n|\n|t:|1699301596\n|switch|p1a: Iron Hands|Iron Hands|100\/100\n|move|p2a: Rillaboom|U-turn|p1a: Iron Hands\n|-resisted|p1a: Iron Hands\n|-damage|p1a: Iron Hands|93\/100\n|move|p2b: Sinistcha|Matcha Gotcha|p1a: Iron Hands|[spread] p1a,p1b\n|-damage|p1a: Iron Hands|77\/100\n|-heal|p2b: Sinistcha|21\/100|[from] drain|[of] p1a: Iron Hands\n|-damage|p1b: Hatterene|0 fnt\n|-heal|p2b: Sinistcha|23\/100|[from] drain|[of] p1b: Hatterene\n|faint|p1b: Hatterene\n|\n|-weather|SunnyDay|[upkeep]\n|-heal|p2a: Rillaboom|87\/100|[from] Grassy Terrain\n|-heal|p2b: Sinistcha|29\/100|[from] Grassy Terrain\n|-heal|p1a: Iron Hands|83\/100|[from] Grassy Terrain\n|upkeep\n|\n|t:|1699301599\n|switch|p1b: Torkoal|Torkoal, L99, M, shiny, tera:Grass|42\/100 brn\n|turn|12\n|\n|t:|1699301609\n|move|p1a: Iron Hands|Fake Out|p2a: Rillaboom\n|-damage|p2a: Rillaboom|72\/100\n|cant|p2a: Rillaboom|flinch\n|move|p2b: Sinistcha|Strength Sap|p1a: Iron Hands\n|-unboost|p1a: Iron Hands|atk|1\n|-heal|p2b: Sinistcha|100\/100\n|move|p1b: Torkoal|Heat Wave|p2a: Rillaboom|[spread] p2a,p2b\n|-supereffective|p2a: Rillaboom\n|-supereffective|p2b: Sinistcha\n|-damage|p2a: Rillaboom|0 fnt\n|-damage|p2b: Sinistcha|0 fnt\n|faint|p2a: Rillaboom\n|faint|p2b: Sinistcha\n|\n|win|friskfall\n|n|\u2606friskfall|friskfall\n|n|\u2606we up|weup\n","uploadtime":1699301611,"views":9,"p1id":"friskfall","p2id":"weup","formatid":"gen9doublesou","rating":0,"private":0,"password":""}