{"id":"gen9doublesou-1993903418","p1":"costco meat","p2":"vegetasfeet","format":"[Gen 9] Doubles OU","log":"|j|\u2606costco meat\n|j|\u2606vegetasfeet\n|t:|1700372800\n|gametype|doubles\n|player|p1|costco meat|scientist|1121\n|player|p2|vegetasfeet|teamrocket|1220\n|teamsize|p1|6\n|teamsize|p2|6\n|gen|9\n|tier|[Gen 9] Doubles OU\n|rated|\n|rule|Species Clause: Limit one of each Pok\u00e9mon\n|rule|OHKO Clause: OHKO moves are banned\n|rule|Evasion Moves Clause: Evasion moves are banned\n|rule|Gravity Sleep Clause: The combination of sleep-inducing moves with imperfect accuracy and Gravity or Gigantamax Orbeetle are banned\n|rule|Endless Battle Clause: Forcing endless battles is banned\n|rule|HP Percentage Mod: HP is shown in percentages\n|clearpoke\n|poke|p1|Okidogi, M|\n|poke|p1|Ogerpon-Hearthflame, F|\n|poke|p1|Fezandipiti, M|\n|poke|p1|Ursaluna, F|\n|poke|p1|Sinistcha-Masterpiece|\n|poke|p1|Gholdengo|\n|poke|p2|Tornadus, M|\n|poke|p2|Indeedee-F, F|\n|poke|p2|Clefairy, M|\n|poke|p2|Pelipper, F|\n|poke|p2|Ogerpon-Wellspring, F|\n|poke|p2|Overqwil, F|\n|teampreview\n|inactive|Battle timer is ON: inactive players will automatically lose when time's up. (requested by vegetasfeet)\n|c|\u2606vegetasfeet|youre familiar\n|\n|t:|1700372815\n|start\n|switch|p1a: Sinistcha|Sinistcha-Masterpiece|100\/100\n|switch|p1b: Fezandipiti|Fezandipiti, M|100\/100\n|switch|p2a: Clefairy|Clefairy, M|100\/100\n|switch|p2b: Tornadus|Tornadus, M|100\/100\n|turn|1\n|c|\u2606vegetasfeet|watch this heat tho\n|\n|t:|1700372825\n|move|p2a: Clefairy|Follow Me|p2a: Clefairy\n|-singleturn|p2a: Clefairy|move: Follow Me\n|move|p2b: Tornadus|Substitute|p2b: Tornadus\n|-start|p2b: Tornadus|Substitute\n|-damage|p2b: Tornadus|76\/100\n|move|p1b: Fezandipiti|Icy Wind|p2b: Tornadus|[spread] p2a,p2b\n|-supereffective|p2b: Tornadus\n|-activate|p2b: Tornadus|move: Substitute|[damage]\n|-damage|p2a: Clefairy|94\/100\n|-unboost|p2a: Clefairy|spe|1\n|move|p1a: Sinistcha|Matcha Gotcha|p2b: Tornadus|[spread] p2a,p2b\n|-resisted|p2b: Tornadus\n|-end|p2b: Tornadus|Substitute\n|-damage|p2a: Clefairy|75\/100\n|\n|-heal|p2b: Tornadus|82\/100|[from] item: Leftovers\n|upkeep\n|turn|2\n|\n|t:|1700372842\n|switch|p2a: Pelipper|Pelipper, F|100\/100\n|-weather|RainDance|[from] ability: Drizzle|[of] p2a: Pelipper\n|move|p2b: Tornadus|Protect|p2b: Tornadus\n|-singleturn|p2b: Tornadus|Protect\n|move|p1b: Fezandipiti|Icy Wind|p2b: Tornadus|[spread] p2a\n|-activate|p2b: Tornadus|move: Protect\n|-damage|p2a: Pelipper|87\/100\n|-unboost|p2a: Pelipper|spe|1\n|-status|p2a: Pelipper|tox|[from] ability: Toxic Chain|[of] p1b: Fezandipiti\n|move|p1a: Sinistcha|Shadow Ball|p2b: Tornadus\n|-activate|p2b: Tornadus|move: Protect\n|\n|-weather|RainDance|[upkeep]\n|-heal|p2b: Tornadus|88\/100|[from] item: Leftovers\n|-damage|p2a: Pelipper|81\/100 tox|[from] psn\n|upkeep\n|turn|3\n|\n|t:|1700372861\n|move|p2a: Pelipper|Wide Guard|p2a: Pelipper\n|-singleturn|p2a: Pelipper|Wide Guard\n|move|p2b: Tornadus|Substitute|p2b: Tornadus\n|-start|p2b: Tornadus|Substitute\n|-damage|p2b: Tornadus|63\/100\n|move|p1b: Fezandipiti|Icy Wind|p2a: Pelipper|[spread] \n|-activate|p2a: Pelipper|move: Wide Guard\n|-activate|p2b: Tornadus|move: Wide Guard\n|move|p1a: Sinistcha|Matcha Gotcha|p2a: Pelipper|[spread] \n|-activate|p2a: Pelipper|move: Wide Guard\n|-activate|p2b: Tornadus|move: Wide Guard\n|\n|-weather|RainDance|[upkeep]\n|-heal|p2b: Tornadus|69\/100|[from] item: Leftovers\n|-damage|p2a: Pelipper|68\/100 tox|[from] psn\n|upkeep\n|turn|4\n|\n|t:|1700372879\n|-terastallize|p2b: Tornadus|Flying\n|move|p2a: Pelipper|Helping Hand|p2b: Tornadus\n|-singleturn|p2b: Tornadus|Helping Hand|[of] p2a: Pelipper\n|move|p1b: Fezandipiti|Venoshock|p2a: Pelipper\n|-damage|p2a: Pelipper|5\/100 tox\n|move|p2b: Tornadus|Bleakwind Storm|p1a: Sinistcha|[spread] p1a,p1b\n|-supereffective|p1a: Sinistcha\n|-damage|p1a: Sinistcha|0 fnt\n|-damage|p1b: Fezandipiti|22\/100\n|-unboost|p1b: Fezandipiti|spe|1\n|faint|p1a: Sinistcha\n|\n|-weather|RainDance|[upkeep]\n|-heal|p2b: Tornadus|75\/100|[from] item: Leftovers\n|-damage|p2a: Pelipper|0 fnt|[from] psn\n|faint|p2a: Pelipper\n|upkeep\n|\n|t:|1700372896\n|switch|p1a: Gholdengo|Gholdengo|100\/100\n|switch|p2a: Clefairy|Clefairy, M|75\/100\n|turn|5\n|\n|t:|1700372909\n|move|p2a: Clefairy|Follow Me|p2a: Clefairy\n|-singleturn|p2a: Clefairy|move: Follow Me\n|move|p2b: Tornadus|Nasty Plot|p2b: Tornadus\n|-boost|p2b: Tornadus|spa|2\n|move|p1a: Gholdengo|Thunderbolt|p2a: Clefairy\n|-damage|p2a: Clefairy|55\/100\n|move|p1b: Fezandipiti|Icy Wind|p2a: Clefairy|[spread] p2a,p2b\n|-supereffective|p2b: Tornadus\n|-activate|p2b: Tornadus|move: Substitute|[damage]\n|-damage|p2a: Clefairy|49\/100\n|-unboost|p2a: Clefairy|spe|1\n|\n|-weather|RainDance|[upkeep]\n|-heal|p2b: Tornadus|81\/100|[from] item: Leftovers\n|upkeep\n|turn|6\n|\n|t:|1700372925\n|move|p2a: Clefairy|Helping Hand|p2b: Tornadus\n|-singleturn|p2b: Tornadus|Helping Hand|[of] p2a: Clefairy\n|move|p1a: Gholdengo|Thunderbolt|p2b: Tornadus\n|-supereffective|p2b: Tornadus\n|-end|p2b: Tornadus|Substitute\n|move|p2b: Tornadus|Bleakwind Storm|p1a: Gholdengo|[spread] p1a,p1b\n|-resisted|p1a: Gholdengo\n|-crit|p1b: Fezandipiti\n|-damage|p1a: Gholdengo|1\/100\n|-damage|p1b: Fezandipiti|0 fnt\n|faint|p1b: Fezandipiti\n|\n|-weather|RainDance|[upkeep]\n|-heal|p2b: Tornadus|87\/100|[from] item: Leftovers\n|upkeep\n|\n|t:|1700372932\n|switch|p1b: Okidogi|Okidogi, M|100\/100\n|turn|7\n|\n|t:|1700372942\n|move|p2a: Clefairy|Follow Me|p2a: Clefairy\n|-singleturn|p2a: Clefairy|move: Follow Me\n|move|p1a: Gholdengo|Thunderbolt|p2a: Clefairy\n|-damage|p2a: Clefairy|27\/100\n|move|p2b: Tornadus|Bleakwind Storm|p1a: Gholdengo|[spread] p1a,p1b\n|-resisted|p1a: Gholdengo\n|-supereffective|p1b: Okidogi\n|-damage|p1a: Gholdengo|0 fnt\n|-damage|p1b: Okidogi|0 fnt\n|faint|p1a: Gholdengo\n|faint|p1b: Okidogi\n|\n|-weather|RainDance|[upkeep]\n|-heal|p2b: Tornadus|93\/100|[from] item: Leftovers\n|upkeep\n|\n|t:|1700372950\n|switch|p1a: Ogerpon|Ogerpon-Hearthflame, F|100\/100\n|switch|p1b: Ursaluna|Ursaluna, F|100\/100\n|-ability|p1a: Ogerpon|Mold Breaker\n|turn|8\n|\n|t:|1700372958\n|-terastallize|p1a: Ogerpon|Fire\n|detailschange|p1a: Ogerpon|Ogerpon-Hearthflame-Tera, F, tera:Fire\n|-ability|p1a: Ogerpon|Embody Aspect (Hearthflame)|boost\n|-boost|p1a: Ogerpon|atk|1\n|move|p2a: Clefairy|Follow Me|p2a: Clefairy\n|-singleturn|p2a: Clefairy|move: Follow Me\n|move|p1a: Ogerpon|Swords Dance|p1a: Ogerpon\n|-boost|p1a: Ogerpon|atk|2\n|move|p2b: Tornadus|Bleakwind Storm|p1b: Ursaluna|[spread] p1a,p1b\n|-damage|p1a: Ogerpon|0 fnt\n|-damage|p1b: Ursaluna|9\/100\n|faint|p1a: Ogerpon\n|move|p1b: Ursaluna|Ice Punch|p2a: Clefairy\n|-damage|p2a: Clefairy|0 fnt\n|faint|p2a: Clefairy\n|\n|-weather|RainDance|[upkeep]\n|-heal|p2b: Tornadus|99\/100|[from] item: Leftovers\n|-status|p1b: Ursaluna|brn|[from] item: Flame Orb\n|upkeep\n|-message|costco meat forfeited.\n|\n|win|vegetasfeet\n|raw|costco meat's rating: 1121 &rarr; <strong>1103<\/strong><br \/>(-18 for losing)\n|raw|vegetasfeet's rating: 1220 &rarr; <strong>1238<\/strong><br \/>(+18 for winning)\n|l|\u2606costco meat\n","uploadtime":1700372978,"views":9,"p1id":"costcomeat","p2id":"vegetasfeet","formatid":"gen9doublesou","rating":1103,"private":0,"password":""}