{"id":"gen9doublesou-1986209392","p1":"SuperAndroid99","p2":"jesus512","format":"[Gen 9] Doubles OU","log":"|j|\u2606SuperAndroid99\n|j|\u2606jesus512\n|t:|1699460035\n|gametype|doubles\n|player|p1|SuperAndroid99|gambler|1320\n|player|p2|jesus512|2|1352\n|teamsize|p1|6\n|teamsize|p2|6\n|gen|9\n|tier|[Gen 9] Doubles OU\n|rated|\n|rule|Species Clause: Limit one of each Pok\u00e9mon\n|rule|OHKO Clause: OHKO moves are banned\n|rule|Evasion Moves Clause: Evasion moves are banned\n|rule|Gravity Sleep Clause: The combination of sleep-inducing moves with imperfect accuracy and Gravity or Gigantamax Orbeetle are banned\n|rule|Endless Battle Clause: Forcing endless battles is banned\n|rule|HP Percentage Mod: HP is shown in percentages\n|clearpoke\n|poke|p1|Bronzong|\n|poke|p1|Iron Hands|\n|poke|p1|Kingambit, F|\n|poke|p1|Skeledirge, F|\n|poke|p1|Flutter Mane|\n|poke|p1|Samurott-Hisui, M|\n|poke|p2|Gholdengo|\n|poke|p2|Cloyster, M|\n|poke|p2|Gliscor, F|\n|poke|p2|Sneasler, M|\n|poke|p2|Arcanine-Hisui, F|\n|poke|p2|Rillaboom, M|\n|teampreview\n|inactive|Battle timer is ON: inactive players will automatically lose when time's up. (requested by jesus512)\n|inactive|SuperAndroid99 has 120 seconds left.\n|\n|t:|1699460088\n|start\n|switch|p1a: Samurott|Samurott-Hisui, M|100\/100\n|switch|p1b: Bronzong|Bronzong, shiny|100\/100\n|switch|p2a: Sneasler|Sneasler, M|100\/100\n|switch|p2b: Gholdengo|Gholdengo|100\/100\n|turn|1\n|\n|t:|1699460113\n|move|p1b: Bronzong|Protect|p1b: Bronzong\n|-singleturn|p1b: Bronzong|Protect\n|move|p2a: Sneasler|Close Combat|p1a: Samurott\n|-supereffective|p1a: Samurott\n|-enditem|p1a: Samurott|Focus Sash\n|-damage|p1a: Samurott|1\/100\n|-unboost|p2a: Sneasler|def|1\n|-unboost|p2a: Sneasler|spd|1\n|move|p1a: Samurott|Ceaseless Edge|p2b: Gholdengo\n|-supereffective|p2b: Gholdengo\n|-damage|p2b: Gholdengo|40\/100\n|-sidestart|p2: jesus512|Spikes\n|move|p2b: Gholdengo|Shadow Ball|p1b: Bronzong\n|-activate|p1b: Bronzong|move: Protect\n|\n|upkeep\n|turn|2\n|\n|t:|1699460134\n|move|p1a: Samurott|Sucker Punch||[still]\n|-fail|p1a: Samurott\n|move|p2a: Sneasler|Dire Claw|p1a: Samurott\n|-damage|p1a: Samurott|0 fnt\n|faint|p1a: Samurott\n|move|p2b: Gholdengo|Recover|p2b: Gholdengo\n|-heal|p2b: Gholdengo|90\/100\n|move|p1b: Bronzong|Trick Room|p1b: Bronzong\n|-fieldstart|move: Trick Room|[of] p1b: Bronzong\n|\n|upkeep\n|inactive|SuperAndroid99 has 120 seconds left.\n|\n|t:|1699460167\n|switch|p1a: Iron Hands|Iron Hands|100\/100\n|turn|3\n|inactive|SuperAndroid99 has 120 seconds left.\n|\n|t:|1699460195\n|switch|p2a: Gliscor|Gliscor, F|100\/100\n|move|p1b: Bronzong|Heavy Slam|p2a: Gliscor\n|-damage|p2a: Gliscor|68\/100\n|-damage|p1b: Bronzong|84\/100|[from] item: Rocky Helmet|[of] p2a: Gliscor\n|move|p1a: Iron Hands|Drain Punch|p2a: Gliscor\n|-resisted|p2a: Gliscor\n|-damage|p2a: Gliscor|44\/100\n|-damage|p1a: Iron Hands|84\/100|[from] item: Rocky Helmet|[of] p2a: Gliscor\n|move|p2b: Gholdengo|Shadow Ball|p1b: Bronzong\n|-supereffective|p1b: Bronzong\n|-damage|p1b: Bronzong|32\/100\n|\n|upkeep\n|turn|4\n|inactive|SuperAndroid99 has 120 seconds left.\n|\n|t:|1699460216\n|move|p2a: Gliscor|Protect|p2a: Gliscor\n|-singleturn|p2a: Gliscor|Protect\n|move|p1b: Bronzong|Heavy Slam|p2a: Gliscor\n|-activate|p2a: Gliscor|move: Protect\n|move|p1a: Iron Hands|Drain Punch|p2a: Gliscor\n|-activate|p2a: Gliscor|move: Protect\n|move|p2b: Gholdengo|Shadow Ball|p1b: Bronzong\n|-supereffective|p1b: Bronzong\n|-damage|p1b: Bronzong|0 fnt\n|faint|p1b: Bronzong\n|\n|upkeep\n|\n|t:|1699460220\n|switch|p1b: Skeledirge|Skeledirge, F, shiny|100\/100\n|turn|5\n|inactive|jesus512 has 120 seconds left.\n|\n|t:|1699460252\n|switch|p2a: Cloyster|Cloyster, M|100\/100\n|-damage|p2a: Cloyster|88\/100|[from] Spikes\n|move|p1a: Iron Hands|Drain Punch|p2a: Cloyster\n|-supereffective|p2a: Cloyster\n|-damage|p2a: Cloyster|42\/100\n|-heal|p1a: Iron Hands|98\/100|[from] drain|[of] p2a: Cloyster\n|-enditem|p2a: Cloyster|Sitrus Berry|[eat]\n|-heal|p2a: Cloyster|67\/100|[from] item: Sitrus Berry\n|move|p1b: Skeledirge|Torch Song|p2b: Gholdengo\n|-supereffective|p2b: Gholdengo\n|-damage|p2b: Gholdengo|37\/100\n|-boost|p1b: Skeledirge|spa|1\n|move|p2b: Gholdengo|Shadow Ball|p1b: Skeledirge\n|-supereffective|p1b: Skeledirge\n|-crit|p1b: Skeledirge\n|-damage|p1b: Skeledirge|23\/100\n|\n|-heal|p1b: Skeledirge|29\/100|[from] item: Leftovers\n|upkeep\n|turn|6\n|inactive|SuperAndroid99 has 120 seconds left.\n|\n|t:|1699460302\n|move|p2a: Cloyster|Protect|p2a: Cloyster\n|-singleturn|p2a: Cloyster|Protect\n|move|p2b: Gholdengo|Protect|p2b: Gholdengo\n|-singleturn|p2b: Gholdengo|Protect\n|move|p1a: Iron Hands|Close Combat|p2a: Cloyster\n|-activate|p2a: Cloyster|move: Protect\n|move|p1b: Skeledirge|Slack Off|p1b: Skeledirge\n|-heal|p1b: Skeledirge|79\/100\n|\n|-heal|p1b: Skeledirge|85\/100|[from] item: Leftovers\n|-fieldend|move: Trick Room\n|upkeep\n|turn|7\n|inactive|SuperAndroid99 has 120 seconds left.\n|\n|t:|1699460320\n|move|p2b: Gholdengo|Shadow Ball|p1b: Skeledirge\n|-supereffective|p1b: Skeledirge\n|-damage|p1b: Skeledirge|34\/100\n|move|p2a: Cloyster|Liquidation|p1b: Skeledirge\n|-supereffective|p1b: Skeledirge\n|-damage|p1b: Skeledirge|0 fnt\n|faint|p1b: Skeledirge\n|move|p1a: Iron Hands|Close Combat|p2a: Cloyster\n|-supereffective|p2a: Cloyster\n|-damage|p2a: Cloyster|0 fnt\n|-unboost|p1a: Iron Hands|def|1\n|-unboost|p1a: Iron Hands|spd|1\n|faint|p2a: Cloyster\n|\n|upkeep\n|\n|t:|1699460336\n|switch|p2a: Rillaboom|Rillaboom, M|100\/100\n|switch|p1b: Flutter Mane|Flutter Mane|100\/100\n|-damage|p2a: Rillaboom|88\/100|[from] Spikes\n|-fieldstart|move: Grassy Terrain|[from] ability: Grassy Surge|[of] p2a: Rillaboom\n|-enditem|p1b: Flutter Mane|Booster Energy\n|-activate|p1b: Flutter Mane|ability: Protosynthesis|[fromitem]\n|-start|p1b: Flutter Mane|protosynthesisspe\n|turn|8\n|\n|t:|1699460349\n|move|p2a: Rillaboom|Grassy Glide|p1b: Flutter Mane\n|-damage|p1b: Flutter Mane|51\/100\n|move|p1b: Flutter Mane|Shadow Ball|p2b: Gholdengo\n|-supereffective|p2b: Gholdengo\n|-damage|p2b: Gholdengo|0 fnt\n|faint|p2b: Gholdengo\n|move|p1a: Iron Hands|Close Combat|p2a: Rillaboom\n|-damage|p2a: Rillaboom|15\/100\n|-unboost|p1a: Iron Hands|def|1\n|-unboost|p1a: Iron Hands|spd|1\n|\n|-heal|p1b: Flutter Mane|57\/100|[from] Grassy Terrain\n|-heal|p2a: Rillaboom|21\/100|[from] Grassy Terrain\n|-heal|p1a: Iron Hands|100\/100|[from] Grassy Terrain\n|upkeep\n|\n|t:|1699460368\n|switch|p2b: Sneasler|Sneasler, M|100\/100\n|-damage|p2b: Sneasler|88\/100|[from] Spikes\n|turn|9\n|\n|t:|1699460379\n|move|p2a: Rillaboom|Grassy Glide|p1b: Flutter Mane\n|-damage|p1b: Flutter Mane|6\/100\n|move|p2b: Sneasler|Dire Claw|p1b: Flutter Mane\n|-damage|p1b: Flutter Mane|0 fnt\n|faint|p1b: Flutter Mane\n|-end|p1b: Flutter Mane|Protosynthesis|[silent]\n|move|p1a: Iron Hands|Drain Punch|p2a: Rillaboom\n|-damage|p2a: Rillaboom|0 fnt\n|faint|p2a: Rillaboom\n|\n|-heal|p2b: Sneasler|94\/100|[from] Grassy Terrain\n|upkeep\n|\n|t:|1699460397\n|switch|p1b: Kingambit|Kingambit, F, shiny|100\/100\n|switch|p2a: Gliscor|Gliscor, F|44\/100\n|-activate|p1b: Kingambit|ability: Supreme Overlord\n|-start|p1b: Kingambit|fallen4|[silent]\n|turn|10\n|inactive|SuperAndroid99 has 120 seconds left.\n|inactive|SuperAndroid99 has 90 seconds left.\n|\n|t:|1699460480\n|-terastallize|p1b: Kingambit|Flying\n|move|p2b: Sneasler|Close Combat|p1b: Kingambit\n|-resisted|p1b: Kingambit\n|-damage|p1b: Kingambit|76\/100\n|-unboost|p2b: Sneasler|def|1\n|-unboost|p2b: Sneasler|spd|1\n|move|p2a: Gliscor|High Horsepower|p1b: Kingambit\n|-immune|p1b: Kingambit\n|move|p1a: Iron Hands|Drain Punch|p2b: Sneasler\n|-resisted|p2b: Sneasler\n|-damage|p2b: Sneasler|32\/100\n|move|p1b: Kingambit|Swords Dance|p1b: Kingambit\n|-boost|p1b: Kingambit|atk|2\n|\n|-heal|p2b: Sneasler|38\/100|[from] Grassy Terrain\n|upkeep\n|turn|11\n|inactive|SuperAndroid99 has 90 seconds left.\n|\n|t:|1699460511\n|move|p1b: Kingambit|Sucker Punch|p2a: Gliscor\n|-damage|p2a: Gliscor|0 fnt\n|-damage|p1b: Kingambit|60\/100|[from] item: Rocky Helmet|[of] p2a: Gliscor\n|faint|p2a: Gliscor\n|-damage|p1b: Kingambit|50\/100|[from] item: Life Orb\n|move|p2b: Sneasler|Dire Claw|p1b: Kingambit\n|-damage|p1b: Kingambit|16\/100\n|move|p1a: Iron Hands|Drain Punch|p2b: Sneasler\n|-resisted|p2b: Sneasler\n|-damage|p2b: Sneasler|0 fnt\n|faint|p2b: Sneasler\n|\n|upkeep\n|\n|t:|1699460526\n|switch|p2b: Arcanine|Arcanine-Hisui, F|100\/100\n|-damage|p2b: Arcanine|88\/100|[from] Spikes\n|turn|12\n|inactive|SuperAndroid99 has 90 seconds left.\n|\n|t:|1699460545\n|-terastallize|p2b: Arcanine|Normal\n|move|p2b: Arcanine|Extreme Speed|p1b: Kingambit\n|-crit|p1b: Kingambit\n|-damage|p1b: Kingambit|0 fnt\n|faint|p1b: Kingambit\n|-end|p1b: Kingambit|fallen4|[silent]\n|move|p1a: Iron Hands|Close Combat|p2b: Arcanine\n|-supereffective|p2b: Arcanine\n|-damage|p2b: Arcanine|0 fnt\n|-unboost|p1a: Iron Hands|def|1\n|-unboost|p1a: Iron Hands|spd|1\n|faint|p2b: Arcanine\n|\n|win|SuperAndroid99\n|raw|SuperAndroid99's rating: 1320 &rarr; <strong>1342<\/strong><br \/>(+22 for winning)\n|raw|jesus512's rating: 1352 &rarr; <strong>1330<\/strong><br \/>(-22 for losing)\n|l|\u2606jesus512\n","uploadtime":1699460565,"views":9,"p1id":"superandroid99","p2id":"jesus512","formatid":"gen9doublesou","rating":1330,"private":0,"password":""}