{"id":"gen9doublesou-1977877347","p1":"oceanrulertri","p2":"desobediente","format":"[Gen 9] Doubles OU","log":"|j|\u2606oceanrulertri\n|j|\u2606desobediente\n|t:|1698460694\n|gametype|doubles\n|player|p1|oceanrulertri|wallace|1220\n|player|p2|desobediente|blue|1195\n|teamsize|p1|6\n|teamsize|p2|6\n|gen|9\n|tier|[Gen 9] Doubles OU\n|rated|\n|rule|Species Clause: Limit one of each Pok\u00e9mon\n|rule|OHKO Clause: OHKO moves are banned\n|rule|Evasion Moves Clause: Evasion moves are banned\n|rule|Gravity Sleep Clause: The combination of sleep-inducing moves with imperfect accuracy and Gravity or Gigantamax Orbeetle are banned\n|rule|Endless Battle Clause: Forcing endless battles is banned\n|rule|HP Percentage Mod: HP is shown in percentages\n|clearpoke\n|poke|p1|Manaphy|\n|poke|p1|Ogerpon-Wellspring, F|\n|poke|p1|Pelipper, F|\n|poke|p1|Politoed, F|\n|poke|p1|Palafin, M|\n|poke|p1|Samurott-Hisui, F|\n|poke|p2|Kilowattrel, M|\n|poke|p2|Pawmot, M|\n|poke|p2|Iron Hands|\n|poke|p2|Bellibolt, M|\n|poke|p2|Regieleki|\n|poke|p2|Raichu, F|\n|teampreview\n|\n|t:|1698460711\n|start\n|switch|p1a: Pelipper|Pelipper, F|100\/100\n|switch|p1b: Palafin|Palafin, M|100\/100\n|switch|p2a: Kilowattrel|Kilowattrel, M|100\/100\n|switch|p2b: Raichu|Raichu, F|100\/100\n|-weather|RainDance|[from] ability: Drizzle|[of] p1a: Pelipper\n|turn|1\n|\n|t:|1698460731\n|detailschange|p1b: Palafin|Palafin-Hero, M\n|switch|p1b: Ogerpon|Ogerpon-Wellspring, F|100\/100\n|move|p2b: Raichu|Fake Out|p1b: Ogerpon\n|-damage|p1b: Ogerpon|87\/100\n|move|p2a: Kilowattrel|Discharge|p1a: Pelipper|[spread] p1a,p1b\n|-ability|p2b: Raichu|Lightning Rod|boost\n|-boost|p2b: Raichu|spa|1\n|-supereffective|p1a: Pelipper\n|-damage|p1a: Pelipper|0 fnt\n|-damage|p1b: Ogerpon|54\/100\n|faint|p1a: Pelipper\n|\n|-weather|RainDance|[upkeep]\n|upkeep\n|\n|t:|1698460745\n|switch|p1a: Manaphy|Manaphy|100\/100\n|turn|2\n|\n|t:|1698460761\n|move|p2a: Kilowattrel|Discharge|p1a: Manaphy|[spread] p1a,p1b\n|-ability|p2b: Raichu|Lightning Rod|boost\n|-boost|p2b: Raichu|spa|1\n|-supereffective|p1a: Manaphy\n|-damage|p1a: Manaphy|48\/100\n|-damage|p1b: Ogerpon|25\/100\n|move|p2b: Raichu|Knock Off|p1b: Ogerpon\n|-damage|p1b: Ogerpon|3\/100\n|move|p1b: Ogerpon|Horn Leech|p2b: Raichu\n|-damage|p2b: Raichu|4\/100\n|-heal|p1b: Ogerpon|46\/100|[from] drain|[of] p2b: Raichu\n|-enditem|p2b: Raichu|Sitrus Berry|[eat]\n|-heal|p2b: Raichu|28\/100|[from] item: Sitrus Berry\n|move|p1a: Manaphy|Icy Wind|p2a: Kilowattrel|[spread] p2a,p2b\n|-supereffective|p2a: Kilowattrel\n|-damage|p2a: Kilowattrel|51\/100\n|-damage|p2b: Raichu|8\/100\n|-unboost|p2a: Kilowattrel|spe|1\n|-unboost|p2b: Raichu|spe|1\n|\n|-weather|RainDance|[upkeep]\n|upkeep\n|turn|3\n|\n|t:|1698460787\n|move|p1b: Ogerpon|Knock Off|p2a: Kilowattrel\n|-damage|p2a: Kilowattrel|0 fnt\n|-enditem|p2a: Kilowattrel|Heavy-Duty Boots|[from] move: Knock Off|[of] p1b: Ogerpon\n|faint|p2a: Kilowattrel\n|move|p1a: Manaphy|Icy Wind|p2b: Raichu\n|-damage|p2b: Raichu|0 fnt\n|faint|p2b: Raichu\n|\n|-weather|RainDance|[upkeep]\n|upkeep\n|\n|t:|1698460801\n|switch|p2a: Regieleki|Regieleki|100\/100\n|switch|p2b: Pawmot|Pawmot, M|100\/100\n|turn|4\n|\n|t:|1698460809\n|move|p2b: Pawmot|Fake Out|p1b: Ogerpon\n|-damage|p1b: Ogerpon|28\/100\n|move|p2a: Regieleki|Electroweb|p1b: Ogerpon|[spread] p1a,p1b\n|-supereffective|p1a: Manaphy\n|-damage|p1a: Manaphy|0 fnt\n|-damage|p1b: Ogerpon|0 fnt\n|faint|p1a: Manaphy\n|faint|p1b: Ogerpon\n|\n|-weather|RainDance|[upkeep]\n|upkeep\n|\n|t:|1698460821\n|switch|p1b: Samurott|Samurott-Hisui, F|100\/100\n|switch|p1a: Palafin|Palafin-Hero, M|100\/100\n|-activate|p1a: Palafin|ability: Zero to Hero\n|turn|5\n|\n|t:|1698460836\n|-terastallize|p1a: Palafin|Water\n|move|p1a: Palafin|Jet Punch|p2a: Regieleki\n|-damage|p2a: Regieleki|0 fnt\n|faint|p2a: Regieleki\n|-damage|p1a: Palafin|91\/100|[from] item: Life Orb\n|move|p2b: Pawmot|Revival Blessing|p2b: Pawmot\n|-enditem|p2b: Pawmot|Leppa Berry|[eat]\n|-activate|p2b: Pawmot|item: Leppa Berry|Revival Blessing|[consumed]\n|inactive|Battle timer is ON: inactive players will automatically lose when time's up. (requested by oceanrulertri)\n|\n|t:|1698460883\n|-heal|p2: Kilowattrel|50\/100|[from] move: Revival Blessing\n|move|p1b: Samurott|Aqua Cutter|p2b: Pawmot\n|-crit|p2b: Pawmot\n|-damage|p2b: Pawmot|0 fnt\n|faint|p2b: Pawmot\n|\n|-weather|RainDance|[upkeep]\n|upkeep\n|\n|t:|1698460892\n|switch|p2a: Kilowattrel|Kilowattrel, M|50\/100\n|switch|p2b: Iron Hands|Iron Hands|100\/100\n|turn|6\n|\n|t:|1698460904\n|move|p2b: Iron Hands|Fake Out|p1a: Palafin\n|-damage|p1a: Palafin|76\/100\n|cant|p1a: Palafin|flinch\n|move|p2a: Kilowattrel|Tailwind|p2a: Kilowattrel\n|-sidestart|p2: desobediente|move: Tailwind\n|move|p1b: Samurott|Aqua Cutter|p2b: Iron Hands\n|-damage|p2b: Iron Hands|33\/100\n|\n|-weather|RainDance|[upkeep]\n|upkeep\n|turn|7\n|\n|t:|1698460921\n|move|p1a: Palafin|Jet Punch|p2a: Kilowattrel\n|-damage|p2a: Kilowattrel|0 fnt\n|faint|p2a: Kilowattrel\n|-damage|p1a: Palafin|66\/100|[from] item: Life Orb\n|move|p1b: Samurott|Aqua Cutter|p2b: Iron Hands\n|-damage|p2b: Iron Hands|0 fnt\n|faint|p2b: Iron Hands\n|-end|p2b: Iron Hands|Quark Drive|[silent]\n|\n|-weather|RainDance|[upkeep]\n|upkeep\n|\n|t:|1698460926\n|switch|p2a: Bellibolt|Bellibolt, M|100\/100\n|turn|8\n|\n|t:|1698460939\n|-terastallize|p2a: Bellibolt|Electric\n|move|p1a: Palafin|Jet Punch|p2a: Bellibolt\n|-damage|p2a: Bellibolt|30\/100\n|-start|p2a: Bellibolt|Charge|Jet Punch|[from] ability: Electromorphosis\n|-damage|p1a: Palafin|56\/100|[from] item: Life Orb\n|move|p1b: Samurott|Aqua Cutter|p2a: Bellibolt\n|-damage|p2a: Bellibolt|0 fnt\n|faint|p2a: Bellibolt\n|\n|win|oceanrulertri\n|raw|oceanrulertri's rating: 1220 &rarr; <strong>1243<\/strong><br \/>(+23 for winning)\n|raw|desobediente's rating: 1195 &rarr; <strong>1172<\/strong><br \/>(-23 for losing)\n|l|\u2606desobediente\n|c|\u2606oceanrulertri|gg\n","uploadtime":1698460968,"views":14,"p1id":"oceanrulertri","p2id":"desobediente","formatid":"gen9doublesou","rating":1172,"private":0,"password":""}