{"id":"gen9doublesou-1968533124","p1":"TheKingDrac","p2":"Qqaaww","format":"[Gen 9] Doubles OU","log":"|j|\u2606TheKingDrac\n|j|\u2606Qqaaww\n|t:|1697429479\n|gametype|doubles\n|player|p1|TheKingDrac|gambler|1297\n|player|p2|Qqaaww|roxanne|1507\n|teamsize|p1|6\n|teamsize|p2|6\n|gen|9\n|tier|[Gen 9] Doubles OU\n|rated|\n|rule|Species Clause: Limit one of each Pok\u00e9mon\n|rule|OHKO Clause: OHKO moves are banned\n|rule|Evasion Moves Clause: Evasion moves are banned\n|rule|Gravity Sleep Clause: The combination of sleep-inducing moves with imperfect accuracy and Gravity or Gigantamax Orbeetle are banned\n|rule|Endless Battle Clause: Forcing endless battles is banned\n|rule|HP Percentage Mod: HP is shown in percentages\n|clearpoke\n|poke|p1|Gholdengo|\n|poke|p1|Iron Hands|\n|poke|p1|Flutter Mane|\n|poke|p1|Amoonguss, F|\n|poke|p1|Ogerpon-Wellspring, F|\n|poke|p1|Ting-Lu|\n|poke|p2|Sinistcha|\n|poke|p2|Coalossal, M|\n|poke|p2|Samurott-Hisui, M|\n|poke|p2|Masquerain, F|\n|poke|p2|Jirachi|\n|poke|p2|Chien-Pao|\n|teampreview\n|\n|t:|1697429502\n|start\n|switch|p1a: Gholdengo|Gholdengo|100\/100\n|switch|p1b: Iron Hands|Iron Hands|100\/100\n|switch|p2a: Masquerain|Masquerain, F|100\/100\n|switch|p2b: Coalossal|Coalossal, M|100\/100\n|-ability|p2a: Masquerain|Intimidate|boost\n|-unboost|p1a: Gholdengo|atk|1\n|-unboost|p1b: Iron Hands|atk|1\n|turn|1\n|\n|t:|1697429519\n|move|p1b: Iron Hands|Fake Out|p2b: Coalossal\n|-resisted|p2b: Coalossal\n|-damage|p2b: Coalossal|96\/100\n|move|p2a: Masquerain|Aqua Jet|p2b: Coalossal\n|-supereffective|p2b: Coalossal\n|-damage|p2b: Coalossal|79\/100\n|-ability|p2b: Coalossal|Steam Engine|boost\n|-boost|p2b: Coalossal|spe|6\n|-enditem|p2b: Coalossal|Weakness Policy\n|-boost|p2b: Coalossal|atk|2|[from] item: Weakness Policy\n|-boost|p2b: Coalossal|spa|2|[from] item: Weakness Policy\n|cant|p2b: Coalossal|flinch\n|move|p1a: Gholdengo|Nasty Plot|p1a: Gholdengo\n|-boost|p1a: Gholdengo|spa|2\n|\n|upkeep\n|turn|2\n|\n|t:|1697429538\n|move|p2b: Coalossal|Earthquake|p1a: Gholdengo|[spread] p1a,p1b\n|-immune|p2a: Masquerain\n|-supereffective|p1a: Gholdengo\n|-supereffective|p1b: Iron Hands\n|-damage|p1a: Gholdengo|14\/100\n|-damage|p1b: Iron Hands|46\/100\n|move|p1a: Gholdengo|Make It Rain|p2a: Masquerain|[spread] p2a,p2b\n|-enditem|p2a: Masquerain|Focus Sash\n|-damage|p2a: Masquerain|1\/100\n|-damage|p2b: Coalossal|0 fnt\n|-unboost|p1a: Gholdengo|spa|1\n|faint|p2b: Coalossal\n|move|p2a: Masquerain|Quiver Dance|p2a: Masquerain\n|-boost|p2a: Masquerain|spa|1\n|-boost|p2a: Masquerain|spd|1\n|-boost|p2a: Masquerain|spe|1\n|move|p1b: Iron Hands|Volt Switch|p2a: Masquerain\n|-supereffective|p2a: Masquerain\n|-damage|p2a: Masquerain|0 fnt\n|faint|p2a: Masquerain\n|\n|t:|1697429559\n|-end|p1b: Iron Hands|Quark Drive|[silent]\n|switch|p1b: Amoonguss|Amoonguss, F|100\/100|[from] Volt Switch\n|\n|-heal|p1a: Gholdengo|20\/100|[from] item: Leftovers\n|upkeep\n|\n|t:|1697429564\n|switch|p2a: Chien-Pao|Chien-Pao|100\/100\n|switch|p2b: Samurott|Samurott-Hisui, M|100\/100\n|-ability|p2a: Chien-Pao|Sword of Ruin\n|turn|3\n|\n|t:|1697429586\n|move|p1a: Gholdengo|Protect|p1a: Gholdengo\n|-singleturn|p1a: Gholdengo|Protect\n|move|p2b: Samurott|Ceaseless Edge|p1a: Gholdengo\n|-activate|p1a: Gholdengo|move: Protect\n|move|p1b: Amoonguss|Spore|p2b: Samurott\n|-status|p2b: Samurott|slp|[from] move: Spore\n|move|p2a: Chien-Pao|Avalanche|p1b: Amoonguss\n|-supereffective|p1b: Amoonguss\n|-damage|p1b: Amoonguss|0 fnt\n|faint|p1b: Amoonguss\n|\n|-heal|p1a: Gholdengo|26\/100|[from] item: Leftovers\n|upkeep\n|\n|t:|1697429602\n|switch|p1b: Ting-Lu|Ting-Lu|100\/100\n|-ability|p1b: Ting-Lu|Vessel of Ruin\n|turn|4\n|\n|t:|1697429614\n|cant|p2b: Samurott|slp\n|move|p1a: Gholdengo|Make It Rain|p2a: Chien-Pao|[spread] p2a,p2b\n|-supereffective|p2a: Chien-Pao\n|-resisted|p2b: Samurott\n|-damage|p2a: Chien-Pao|0 fnt\n|-damage|p2b: Samurott|57\/100 slp\n|-unboost|p1a: Gholdengo|spa|1\n|faint|p2a: Chien-Pao\n|move|p1b: Ting-Lu|Heavy Slam|p2b: Samurott\n|-resisted|p2b: Samurott\n|-damage|p2b: Samurott|34\/100 slp\n|\n|-heal|p1a: Gholdengo|32\/100|[from] item: Leftovers\n|upkeep\n|\n|t:|1697429624\n|switch|p2a: Sinistcha|Sinistcha|100\/100\n|-heal|p2b: Samurott|59\/100 slp|[from] ability: Hospitality|[of] p2a: Sinistcha\n|turn|5\n|\n|t:|1697429640\n|move|p1a: Gholdengo|Protect|p1a: Gholdengo\n|-singleturn|p1a: Gholdengo|Protect\n|cant|p2b: Samurott|slp\n|move|p2a: Sinistcha|Matcha Gotcha|p1a: Gholdengo|[spread] p1b\n|-activate|p1a: Gholdengo|move: Protect\n|-supereffective|p1b: Ting-Lu\n|-crit|p1b: Ting-Lu\n|-damage|p1b: Ting-Lu|24\/100\n|-status|p1b: Ting-Lu|brn\n|move|p1b: Ting-Lu|Stealth Rock|p2b: Samurott\n|-sidestart|p2: Qqaaww|move: Stealth Rock\n|\n|-heal|p1a: Gholdengo|38\/100|[from] item: Leftovers\n|-damage|p1b: Ting-Lu|18\/100 brn|[from] brn\n|upkeep\n|turn|6\n|\n|t:|1697429664\n|cant|p2b: Samurott|slp\n|move|p1a: Gholdengo|Shadow Ball|p2a: Sinistcha\n|-supereffective|p2a: Sinistcha\n|-damage|p2a: Sinistcha|0 fnt\n|faint|p2a: Sinistcha\n|move|p1b: Ting-Lu|Heavy Slam|p2b: Samurott\n|-resisted|p2b: Samurott\n|-damage|p2b: Samurott|49\/100 slp\n|\n|-heal|p1a: Gholdengo|44\/100|[from] item: Leftovers\n|-damage|p1b: Ting-Lu|12\/100 brn|[from] brn\n|upkeep\n|\n|t:|1697429672\n|switch|p2a: Jirachi|Jirachi|100\/100\n|-damage|p2a: Jirachi|94\/100|[from] Stealth Rock\n|turn|7\n|\n|t:|1697429692\n|-curestatus|p2b: Samurott|slp|[msg]\n|move|p2b: Samurott|Ceaseless Edge|p1a: Gholdengo\n|-supereffective|p1a: Gholdengo\n|-damage|p1a: Gholdengo|0 fnt\n|-sidestart|p1: TheKingDrac|Spikes\n|faint|p1a: Gholdengo\n|move|p2a: Jirachi|Calm Mind|p2a: Jirachi\n|-boost|p2a: Jirachi|spa|1\n|-boost|p2a: Jirachi|spd|1\n|move|p1b: Ting-Lu|Ruination|p2a: Jirachi\n|-damage|p2a: Jirachi|48\/100\n|\n|-heal|p2a: Jirachi|54\/100|[from] item: Leftovers\n|-damage|p1b: Ting-Lu|6\/100 brn|[from] brn\n|upkeep\n|\n|t:|1697429708\n|switch|p1a: Ogerpon|Ogerpon-Wellspring, F|100\/100\n|-damage|p1a: Ogerpon|88\/100|[from] Spikes\n|turn|8\n|\n|t:|1697429722\n|move|p2b: Samurott|Ceaseless Edge|p1a: Ogerpon\n|-damage|p1a: Ogerpon|25\/100\n|-sidestart|p1: TheKingDrac|Spikes\n|move|p1a: Ogerpon|Encore|p2a: Jirachi\n|-start|p2a: Jirachi|Encore\n|move|p2a: Jirachi|Calm Mind|p2a: Jirachi\n|-boost|p2a: Jirachi|spa|1\n|-boost|p2a: Jirachi|spd|1\n|move|p1b: Ting-Lu|Heavy Slam|p2a: Jirachi\n|-resisted|p2a: Jirachi\n|-damage|p2a: Jirachi|48\/100\n|\n|-heal|p2a: Jirachi|54\/100|[from] item: Leftovers\n|-damage|p1b: Ting-Lu|0 fnt|[from] brn\n|faint|p1b: Ting-Lu\n|upkeep\n|\n|t:|1697429737\n|switch|p1b: Flutter Mane|Flutter Mane|100\/100\n|-damage|p1b: Flutter Mane|84\/100|[from] Spikes\n|-enditem|p1b: Flutter Mane|Booster Energy\n|-activate|p1b: Flutter Mane|ability: Protosynthesis|[fromitem]\n|-start|p1b: Flutter Mane|protosynthesisspe\n|turn|9\n|\n|t:|1697429747\n|move|p1a: Ogerpon|Spiky Shield|p1a: Ogerpon\n|-singleturn|p1a: Ogerpon|move: Protect\n|move|p1b: Flutter Mane|Shadow Ball|p2a: Jirachi\n|-supereffective|p2a: Jirachi\n|-damage|p2a: Jirachi|23\/100\n|-unboost|p2a: Jirachi|spd|1\n|move|p2b: Samurott|Ceaseless Edge|p1a: Ogerpon\n|-activate|p1a: Ogerpon|move: Protect\n|-damage|p2b: Samurott|37\/100|[from] Spiky Shield|[of] p1a: Ogerpon\n|move|p2a: Jirachi|Calm Mind|p2a: Jirachi\n|-boost|p2a: Jirachi|spa|1\n|-boost|p2a: Jirachi|spd|1\n|\n|-heal|p2a: Jirachi|29\/100|[from] item: Leftovers\n|upkeep\n|turn|10\n|\n|t:|1697429772\n|-terastallize|p1b: Flutter Mane|Fairy\n|-terastallize|p2a: Jirachi|Flying\n|move|p1b: Flutter Mane|Dazzling Gleam|p2b: Samurott|[spread] p2a,p2b\n|-supereffective|p2b: Samurott\n|-damage|p2a: Jirachi|12\/100\n|-damage|p2b: Samurott|0 fnt\n|faint|p2b: Samurott\n|move|p1a: Ogerpon|Ivy Cudgel|p2a: Jirachi\n|-damage|p2a: Jirachi|0 fnt\n|faint|p2a: Jirachi\n|\n|win|TheKingDrac\n|raw|TheKingDrac's rating: 1297 &rarr; <strong>1336<\/strong><br \/>(+39 for winning)\n|raw|Qqaaww's rating: 1507 &rarr; <strong>1476<\/strong><br \/>(-31 for losing)\n|l|\u2606Qqaaww\n","uploadtime":1697429786,"views":12,"p1id":"thekingdrac","p2id":"qqaaww","formatid":"gen9doublesou","rating":1336,"private":0,"password":""}