{"id":"gen9doublesou-1982106619","p1":"Anna's songbird","p2":"It's Draco 101","format":"[Gen 9] Doubles OU","log":"|j|\u2606Anna's songbird\n|j|\u2606It's Draco 101\n|inactive|Battle timer is ON: inactive players will automatically lose when time's up.\n|t:|1698968495\n|gametype|doubles\n|player|p1|Anna's songbird|clair|\n|player|p2|It's Draco 101|102|\n|teamsize|p1|6\n|teamsize|p2|6\n|gen|9\n|tier|[Gen 9] Doubles OU\n|rated|Tournament battle\n|rule|Species Clause: Limit one of each Pok\u00e9mon\n|rule|OHKO Clause: OHKO moves are banned\n|rule|Evasion Moves Clause: Evasion moves are banned\n|rule|Gravity Sleep Clause: The combination of sleep-inducing moves with imperfect accuracy and Gravity or Gigantamax Orbeetle are banned\n|rule|Endless Battle Clause: Forcing endless battles is banned\n|rule|HP Percentage Mod: HP is shown in percentages\n|clearpoke\n|poke|p1|Rillaboom, F|\n|poke|p1|Grimmsnarl, M|\n|poke|p1|Cresselia, F|\n|poke|p1|Ursaluna, F|\n|poke|p1|Volcanion|\n|poke|p1|Kommo-o, M|\n|poke|p2|Rillaboom, M|\n|poke|p2|Ursaluna, F|\n|poke|p2|Cresselia, F|\n|poke|p2|Volcanion|\n|poke|p2|Flutter Mane|\n|poke|p2|Kleavor, M|\n|teampreview\n|inactive|Anna's songbird also wants the timer to be on.\n|\n|t:|1698968523\n|start\n|switch|p1a: Grimmsnarl|Grimmsnarl, M|100\/100\n|switch|p1b: Kommo-o|Kommo-o, M|100\/100\n|switch|p2a: Kleavor|Kleavor, M|100\/100\n|switch|p2b: Rillaboom|Rillaboom, M|100\/100\n|-fieldstart|move: Grassy Terrain|[from] ability: Grassy Surge|[of] p2b: Rillaboom\n|turn|1\n|\n|t:|1698968552\n|move|p2b: Rillaboom|Fake Out|p1b: Kommo-o\n|-damage|p1b: Kommo-o|89\/100\n|move|p1a: Grimmsnarl|Reflect|p1a: Grimmsnarl\n|-sidestart|p1: Anna's songbird|Reflect\n|move|p2a: Kleavor|X-Scissor|p1b: Kommo-o\n|-resisted|p1b: Kommo-o\n|-damage|p1b: Kommo-o|74\/100\n|cant|p1b: Kommo-o|flinch\n|\n|-heal|p1b: Kommo-o|80\/100|[from] Grassy Terrain\n|upkeep\n|turn|2\n|\n|t:|1698968568\n|switch|p2a: Cresselia|Cresselia, F|100\/100\n|move|p1a: Grimmsnarl|Light Screen|p1a: Grimmsnarl\n|-sidestart|p1: Anna's songbird|move: Light Screen\n|move|p1b: Kommo-o|Clangorous Soul|p1b: Kommo-o\n|-boost|p1b: Kommo-o|atk|1\n|-boost|p1b: Kommo-o|def|1\n|-boost|p1b: Kommo-o|spa|1\n|-boost|p1b: Kommo-o|spd|1\n|-boost|p1b: Kommo-o|spe|1\n|-damage|p1b: Kommo-o|47\/100\n|move|p2b: Rillaboom|U-turn|p1a: Grimmsnarl\n|-damage|p1a: Grimmsnarl|85\/100\n|\n|t:|1698968574\n|switch|p2b: Kleavor|Kleavor, M|100\/100|[from] U-turn\n|\n|-heal|p1b: Kommo-o|53\/100|[from] Grassy Terrain\n|-heal|p1a: Grimmsnarl|91\/100|[from] Grassy Terrain\n|upkeep\n|turn|3\n|\n|t:|1698968595\n|move|p1a: Grimmsnarl|Parting Shot|p2a: Cresselia\n|-unboost|p2a: Cresselia|atk|1\n|-unboost|p2a: Cresselia|spa|1\n|\n|t:|1698968599\n|switch|p1a: Cresselia|Cresselia, F|100\/100|[from] Parting Shot\n|move|p2b: Kleavor|Brick Break|p1b: Kommo-o\n|-sideend|p1: Anna's songbird|Reflect\n|-sideend|p1: Anna's songbird|move: Light Screen\n|-damage|p1b: Kommo-o|40\/100\n|move|p1b: Kommo-o|Iron Head|p2b: Kleavor\n|-supereffective|p2b: Kleavor\n|-damage|p2b: Kleavor|8\/100\n|move|p2a: Cresselia|Psychic|p1b: Kommo-o\n|-supereffective|p1b: Kommo-o\n|-damage|p1b: Kommo-o|21\/100\n|\n|-heal|p2b: Kleavor|14\/100|[from] Grassy Terrain\n|-heal|p1b: Kommo-o|27\/100|[from] Grassy Terrain\n|upkeep\n|turn|4\n|inactive|Anna's songbird has 120 seconds left.\n|\n|t:|1698968635\n|move|p1b: Kommo-o|Protect|p1b: Kommo-o\n|-singleturn|p1b: Kommo-o|Protect\n|move|p2b: Kleavor|Brick Break|p1b: Kommo-o\n|-activate|p1b: Kommo-o|move: Protect\n|move|p1a: Cresselia|Lunar Blessing|p1a: Cresselia|[spread] p1a,p1b\n|-heal|p1b: Kommo-o|52\/100\n|move|p2a: Cresselia|Psychic|p1b: Kommo-o\n|-activate|p1b: Kommo-o|move: Protect\n|\n|-heal|p2b: Kleavor|20\/100|[from] Grassy Terrain\n|-heal|p1b: Kommo-o|58\/100|[from] Grassy Terrain\n|upkeep\n|turn|5\n|\n|t:|1698968649\n|switch|p2b: Ursaluna|Ursaluna, F|100\/100\n|move|p1a: Cresselia|Ally Switch|p1a: Cresselia\n|swap|p1a: Cresselia|1|[from] move: Ally Switch\n|move|p1a: Kommo-o|Clangorous Soul|p1a: Kommo-o\n|-boost|p1a: Kommo-o|atk|1\n|-boost|p1a: Kommo-o|def|1\n|-boost|p1a: Kommo-o|spa|1\n|-boost|p1a: Kommo-o|spd|1\n|-boost|p1a: Kommo-o|spe|1\n|-damage|p1a: Kommo-o|25\/100\n|move|p2a: Cresselia|Trick Room|p2a: Cresselia\n|-fieldstart|move: Trick Room|[of] p2a: Cresselia\n|\n|-heal|p1a: Kommo-o|32\/100|[from] Grassy Terrain\n|-fieldend|move: Grassy Terrain\n|-status|p2b: Ursaluna|brn|[from] item: Flame Orb\n|upkeep\n|turn|6\n|inactive|Anna's songbird has 120 seconds left.\n|j| Iygvyi\n|\n|t:|1698968698\n|switch|p2a: Rillaboom|Rillaboom, M|100\/100\n|-fieldstart|move: Grassy Terrain|[from] ability: Grassy Surge|[of] p2a: Rillaboom\n|move|p2b: Ursaluna|Protect|p2b: Ursaluna\n|-singleturn|p2b: Ursaluna|Protect\n|move|p1a: Kommo-o|Protect|p1a: Kommo-o\n|-singleturn|p1a: Kommo-o|Protect\n|move|p1b: Cresselia|Lunar Blessing|p1b: Cresselia|[spread] p1a,p1b\n|-heal|p1a: Kommo-o|56\/100\n|\n|-heal|p1a: Kommo-o|63\/100|[from] Grassy Terrain\n|-damage|p2b: Ursaluna|94\/100 brn|[from] brn\n|upkeep\n|turn|7\n|inactive|Anna's songbird has 120 seconds left.\n|\n|t:|1698968719\n|-terastallize|p2b: Ursaluna|Normal\n|move|p2a: Rillaboom|Fake Out|p1a: Kommo-o\n|-damage|p1a: Kommo-o|56\/100\n|move|p2b: Ursaluna|Facade|p1b: Cresselia\n|-crit|p1b: Cresselia\n|-damage|p1b: Cresselia|0 fnt\n|faint|p1b: Cresselia\n|cant|p1a: Kommo-o|flinch\n|\n|-heal|p2b: Ursaluna|100\/100 brn|[from] Grassy Terrain\n|-heal|p1a: Kommo-o|63\/100|[from] Grassy Terrain\n|-damage|p2b: Ursaluna|94\/100 brn|[from] brn\n|upkeep\n|\n|t:|1698968732\n|switch|p1b: Rillaboom|Rillaboom, F|100\/100\n|turn|8\n|inactive|Anna's songbird has 120 seconds left.\n|\n|t:|1698968744\n|switch|p2b: Kleavor|Kleavor, M|20\/100\n|move|p1b: Rillaboom|Fake Out|p2b: Kleavor\n|-resisted|p2b: Kleavor\n|-damage|p2b: Kleavor|12\/100\n|move|p2a: Rillaboom|U-turn|p1b: Rillaboom\n|-supereffective|p1b: Rillaboom\n|-damage|p1b: Rillaboom|56\/100\n|\n|t:|1698968753\n|switch|p2a: Flutter Mane|Flutter Mane|100\/100|[from] U-turn\n|move|p1a: Kommo-o|Drain Punch|p2a: Flutter Mane\n|-immune|p2a: Flutter Mane\n|\n|-heal|p1b: Rillaboom|63\/100|[from] Grassy Terrain\n|-heal|p2b: Kleavor|18\/100|[from] Grassy Terrain\n|-heal|p1a: Kommo-o|69\/100|[from] Grassy Terrain\n|upkeep\n|turn|9\n|\n|t:|1698968777\n|-terastallize|p1a: Kommo-o|Steel\n|move|p1b: Rillaboom|Grassy Glide|p2b: Kleavor\n|-damage|p2b: Kleavor|0 fnt\n|faint|p2b: Kleavor\n|move|p2a: Flutter Mane|Dazzling Gleam|p1b: Rillaboom|[spread] p1a,p1b\n|-resisted|p1a: Kommo-o\n|-damage|p1a: Kommo-o|60\/100\n|-damage|p1b: Rillaboom|37\/100\n|move|p1a: Kommo-o|Iron Head|p2a: Flutter Mane\n|-supereffective|p2a: Flutter Mane\n|-damage|p2a: Flutter Mane|0 fnt\n|faint|p2a: Flutter Mane\n|-end|p2a: Flutter Mane|Protosynthesis|[silent]\n|\n|-heal|p1b: Rillaboom|43\/100|[from] Grassy Terrain\n|-heal|p1a: Kommo-o|66\/100|[from] Grassy Terrain\n|-fieldend|move: Trick Room\n|upkeep\n|\n|t:|1698968784\n|switch|p2a: Cresselia|Cresselia, F|100\/100\n|switch|p2b: Rillaboom|Rillaboom, M|100\/100\n|turn|10\n|\n|t:|1698968796\n|move|p2b: Rillaboom|Fake Out|p1a: Kommo-o\n|-resisted|p1a: Kommo-o\n|-damage|p1a: Kommo-o|63\/100\n|cant|p1a: Kommo-o|flinch\n|move|p1b: Rillaboom|U-turn|p2a: Cresselia\n|-supereffective|p2a: Cresselia\n|-damage|p2a: Cresselia|71\/100\n|\n|t:|1698968804\n|switch|p1b: Grimmsnarl|Grimmsnarl, M|91\/100|[from] U-turn\n|move|p2a: Cresselia|Trick Room|p2a: Cresselia\n|-fieldstart|move: Trick Room|[of] p2a: Cresselia\n|\n|-heal|p1b: Grimmsnarl|97\/100|[from] Grassy Terrain\n|-heal|p1a: Kommo-o|69\/100|[from] Grassy Terrain\n|-fieldend|move: Grassy Terrain\n|upkeep\n|turn|11\n|\n|t:|1698968812\n|switch|p2b: Ursaluna|Ursaluna, F, tera:Normal|94\/100 brn\n|move|p2a: Cresselia|Ally Switch|p2a: Cresselia\n|swap|p2a: Cresselia|1|[from] move: Ally Switch\n|move|p1b: Grimmsnarl|Reflect|p1b: Grimmsnarl\n|-sidestart|p1: Anna's songbird|Reflect\n|move|p1a: Kommo-o|Drain Punch|p2b: Cresselia\n|-resisted|p2b: Cresselia\n|-damage|p2b: Cresselia|51\/100\n|-heal|p1a: Kommo-o|82\/100|[from] drain|[of] p2b: Cresselia\n|\n|-damage|p2a: Ursaluna|88\/100 brn|[from] brn\n|upkeep\n|turn|12\n|\n|t:|1698968830\n|move|p2b: Cresselia|Ally Switch||[still]\n|-fail|p2b: Cresselia\n|move|p1b: Grimmsnarl|Parting Shot|p2a: Ursaluna\n|-unboost|p2a: Ursaluna|atk|1\n|-unboost|p2a: Ursaluna|spa|1\n|\n|t:|1698968840\n|switch|p1b: Ursaluna|Ursaluna, F|100\/100|[from] Parting Shot\n|move|p2a: Ursaluna|Headlong Rush|p1a: Kommo-o\n|-supereffective|p1a: Kommo-o\n|-damage|p1a: Kommo-o|45\/100\n|-unboost|p2a: Ursaluna|def|1\n|-unboost|p2a: Ursaluna|spd|1\n|move|p1a: Kommo-o|Drain Punch|p2a: Ursaluna\n|-supereffective|p2a: Ursaluna\n|-damage|p2a: Ursaluna|0 fnt\n|-heal|p1a: Kommo-o|94\/100|[from] drain|[of] p2a: Ursaluna\n|faint|p2a: Ursaluna\n|\n|-status|p1b: Ursaluna|brn|[from] item: Flame Orb\n|upkeep\n|-message|It's Draco 101 forfeited.\n|\n|win|Anna's songbird\n|n|\u2606Anna's songbird|annassongbird\n|n|\u2606It's Draco 101|itsdraco101\n|n| Iygvyi|iygvyi\n|l|\u2606It's Draco 101\n|l|\u2606Anna's songbird\n","uploadtime":1698969400,"views":23,"p1id":"annassongbird","p2id":"itsdraco101","formatid":"gen9doublesou","rating":0,"private":0,"password":""}