{"id":"gen9doublesou-1991971215","p1":"breethebeesknees","p2":"Red Hat hi","format":"[Gen 9] Doubles OU","log":"|j|\u2606breethebeesknees\n|j|\u2606Red Hat hi\n|t:|1700143840\n|gametype|doubles\n|player|p1|breethebeesknees|silver|1104\n|player|p2|Red Hat hi|170|1013\n|teamsize|p1|6\n|teamsize|p2|6\n|gen|9\n|tier|[Gen 9] Doubles OU\n|rated|\n|rule|Species Clause: Limit one of each Pok\u00e9mon\n|rule|OHKO Clause: OHKO moves are banned\n|rule|Evasion Moves Clause: Evasion moves are banned\n|rule|Gravity Sleep Clause: The combination of sleep-inducing moves with imperfect accuracy and Gravity or Gigantamax Orbeetle are banned\n|rule|Endless Battle Clause: Forcing endless battles is banned\n|rule|HP Percentage Mod: HP is shown in percentages\n|clearpoke\n|poke|p1|Cresselia, F|\n|poke|p1|Ursaluna, M|\n|poke|p1|Kingambit, F|\n|poke|p1|Hatterene, F|\n|poke|p1|Amoonguss, F|\n|poke|p1|Goodra-Hisui, M|\n|poke|p2|Oricorio-Pom-Pom, F|\n|poke|p2|Chansey, F|\n|poke|p2|Garchomp, F|\n|poke|p2|Wyrdeer, F|\n|poke|p2|Sudowoodo, F|\n|poke|p2|Meowscarada, M|\n|teampreview\n|inactive|Battle timer is ON: inactive players will automatically lose when time's up. (requested by breethebeesknees)\n|c|\u2606breethebeesknees|glhf!\n|\n|t:|1700143882\n|start\n|switch|p1a: Hatterene|Hatterene, F|100\/100\n|switch|p1b: Amoonguss|Amoonguss, F|100\/100\n|switch|p2a: Sudowoodo|Sudowoodo, F, shiny|100\/100\n|switch|p2b: Wyrdeer|Wyrdeer, F, shiny|100\/100\n|-ability|p2b: Wyrdeer|Intimidate|boost\n|-unboost|p1a: Hatterene|atk|1\n|-unboost|p1b: Amoonguss|atk|1\n|turn|1\n|\n|t:|1700143911\n|move|p1b: Amoonguss|Rage Powder|p1b: Amoonguss\n|-singleturn|p1b: Amoonguss|move: Rage Powder\n|move|p2b: Wyrdeer|Psyshield Bash|p1b: Amoonguss\n|-supereffective|p1b: Amoonguss\n|-damage|p1b: Amoonguss|42\/100\n|-boost|p2b: Wyrdeer|def|1\n|move|p2a: Sudowoodo|Head Smash|p1b: Amoonguss|[miss]\n|-miss|p2a: Sudowoodo|p1b: Amoonguss\n|move|p1a: Hatterene|Trick Room|p1a: Hatterene\n|-fieldstart|move: Trick Room|[of] p1a: Hatterene\n|\n|-heal|p1b: Amoonguss|48\/100|[from] item: Black Sludge\n|upkeep\n|turn|2\n|\n|t:|1700143937\n|switch|p1b: Kingambit|Kingambit, F|100\/100\n|-item|p1b: Kingambit|Air Balloon\n|move|p1a: Hatterene|Mystical Fire|p2b: Wyrdeer\n|-damage|p2b: Wyrdeer|57\/100\n|-unboost|p2b: Wyrdeer|spa|1\n|-damage|p1a: Hatterene|91\/100|[from] item: Life Orb\n|move|p2a: Sudowoodo|Head Smash|p1b: Kingambit\n|-resisted|p1b: Kingambit\n|-damage|p1b: Kingambit|79\/100\n|-enditem|p1b: Kingambit|Air Balloon\n|move|p2b: Wyrdeer|Psyshield Bash|p1a: Hatterene\n|-resisted|p1a: Hatterene\n|-damage|p1a: Hatterene|75\/100\n|-boost|p2b: Wyrdeer|def|1\n|\n|-heal|p2b: Wyrdeer|63\/100|[from] item: Leftovers\n|upkeep\n|turn|3\n|inactive|breethebeesknees has 120 seconds left.\n|\n|t:|1700143977\n|move|p1a: Hatterene|Draining Kiss|p2b: Wyrdeer\n|-damage|p2b: Wyrdeer|17\/100\n|-heal|p1a: Hatterene|100\/100|[from] drain|[of] p2b: Wyrdeer\n|-damage|p1a: Hatterene|91\/100|[from] item: Life Orb\n|move|p2a: Sudowoodo|Head Smash|p1b: Kingambit\n|-resisted|p1b: Kingambit\n|-crit|p1b: Kingambit\n|-damage|p1b: Kingambit|46\/100\n|move|p1b: Kingambit|Iron Head|p2a: Sudowoodo\n|-supereffective|p2a: Sudowoodo\n|-damage|p2a: Sudowoodo|25\/100\n|-damage|p1b: Kingambit|30\/100|[from] item: Rocky Helmet|[of] p2a: Sudowoodo\n|move|p2b: Wyrdeer|Psyshield Bash|p1a: Hatterene\n|-resisted|p1a: Hatterene\n|-damage|p1a: Hatterene|74\/100\n|-boost|p2b: Wyrdeer|def|1\n|\n|-heal|p2b: Wyrdeer|23\/100|[from] item: Leftovers\n|upkeep\n|turn|4\n|inactive|Red Hat hi has 120 seconds left.\n|\n|t:|1700144018\n|switch|p1a: Cresselia|Cresselia, F|100\/100\n|move|p1b: Kingambit|Protect|p1b: Kingambit\n|-singleturn|p1b: Kingambit|Protect\n|move|p2a: Sudowoodo|Wood Hammer|p1a: Cresselia\n|-damage|p1a: Cresselia|78\/100\n|move|p2b: Wyrdeer|Psyshield Bash|p1b: Kingambit\n|-activate|p1b: Kingambit|move: Protect\n|\n|-heal|p1a: Cresselia|85\/100|[from] item: Leftovers\n|-heal|p2b: Wyrdeer|29\/100|[from] item: Leftovers\n|upkeep\n|turn|5\n|inactive|Red Hat hi has 120 seconds left.\n|inactive|breethebeesknees has 120 seconds left.\n|\n|t:|1700144065\n|move|p2a: Sudowoodo|Wood Hammer|p1b: Kingambit\n|-resisted|p1b: Kingambit\n|-damage|p1b: Kingambit|20\/100\n|move|p1b: Kingambit|Iron Head|p2a: Sudowoodo\n|-supereffective|p2a: Sudowoodo\n|-damage|p2a: Sudowoodo|0 fnt\n|-damage|p1b: Kingambit|3\/100|[from] item: Rocky Helmet|[of] p2a: Sudowoodo\n|faint|p2a: Sudowoodo\n|move|p1a: Cresselia|Lunar Blessing|p1a: Cresselia|[spread] p1a,p1b\n|-heal|p1a: Cresselia|100\/100\n|-heal|p1b: Kingambit|28\/100\n|move|p2b: Wyrdeer|Psyshield Bash|p1a: Cresselia\n|-resisted|p1a: Cresselia\n|-crit|p1a: Cresselia\n|-damage|p1a: Cresselia|85\/100\n|-boost|p2b: Wyrdeer|def|1\n|\n|-heal|p1a: Cresselia|91\/100|[from] item: Leftovers\n|-heal|p2b: Wyrdeer|35\/100|[from] item: Leftovers\n|-fieldend|move: Trick Room\n|upkeep\n|inactive|Red Hat hi has 90 seconds left.\n|\n|t:|1700144101\n|switch|p2a: Chansey|Chansey, F, shiny|100\/100\n|turn|6\n|inactive|Red Hat hi has 90 seconds left.\n|\n|t:|1700144132\n|move|p1b: Kingambit|Protect|p1b: Kingambit\n|-singleturn|p1b: Kingambit|Protect\n|move|p2b: Wyrdeer|Psyshield Bash|p1b: Kingambit\n|-activate|p1b: Kingambit|move: Protect\n|move|p2a: Chansey|Seismic Toss|p1b: Kingambit\n|-activate|p1b: Kingambit|move: Protect\n|move|p1a: Cresselia|Trick Room|p1a: Cresselia\n|-fieldstart|move: Trick Room|[of] p1a: Cresselia\n|\n|-heal|p1a: Cresselia|97\/100|[from] item: Leftovers\n|-heal|p2b: Wyrdeer|41\/100|[from] item: Leftovers\n|upkeep\n|turn|7\n|inactive|Red Hat hi has 90 seconds left.\n|inactive|Red Hat hi has 60 seconds left.\n|\n|t:|1700144180\n|move|p2a: Chansey|Seismic Toss|p1b: Kingambit\n|-damage|p1b: Kingambit|3\/100\n|move|p1b: Kingambit|Iron Head|p2a: Chansey\n|-damage|p2a: Chansey|18\/100\n|move|p1a: Cresselia|Lunar Blessing|p1a: Cresselia|[spread] p1a,p1b\n|-heal|p1a: Cresselia|100\/100\n|-heal|p1b: Kingambit|28\/100\n|move|p2b: Wyrdeer|Energy Ball|p1a: Cresselia\n|-damage|p1a: Cresselia|93\/100\n|\n|-heal|p1a: Cresselia|99\/100|[from] item: Leftovers\n|-heal|p2b: Wyrdeer|47\/100|[from] item: Leftovers\n|upkeep\n|turn|8\n|inactive|Red Hat hi has 60 seconds left.\n|\n|t:|1700144211\n|-terastallize|p1b: Kingambit|Fairy\n|move|p2b: Wyrdeer|Protect|p2b: Wyrdeer\n|-singleturn|p2b: Wyrdeer|Protect\n|move|p1b: Kingambit|Iron Head|p2a: Chansey\n|-damage|p2a: Chansey|0 fnt\n|faint|p2a: Chansey\n|move|p1a: Cresselia|Lunar Blessing|p1a: Cresselia|[spread] p1a,p1b\n|-heal|p1a: Cresselia|100\/100\n|-heal|p1b: Kingambit|53\/100\n|\n|-heal|p2b: Wyrdeer|53\/100|[from] item: Leftovers\n|upkeep\n|inactive|Red Hat hi has 30 seconds left.\n|\n|t:|1700144245\n|switch|p2a: Meowscarada|Meowscarada, M, shiny|100\/100\n|turn|9\n|inactive|breethebeesknees has 120 seconds left.\n|\n|t:|1700144301\n|move|p1b: Kingambit|Iron Head|p2a: Meowscarada\n|-damage|p2a: Meowscarada|39\/100\n|move|p1a: Cresselia|Lunar Blessing|p1a: Cresselia|[spread] p1a,p1b\n|-heal|p1b: Kingambit|78\/100\n|move|p2b: Wyrdeer|Psyshield Bash|p1a: Cresselia|[miss]\n|-miss|p2b: Wyrdeer|p1a: Cresselia\n|cant|p2a: Meowscarada|flinch\n|\n|-heal|p2b: Wyrdeer|59\/100|[from] item: Leftovers\n|-heal|p2a: Meowscarada|45\/100|[from] item: Leftovers\n|upkeep\n|turn|10\n|\n|t:|1700144329\n|move|p1b: Kingambit|Iron Head|p2a: Meowscarada\n|-damage|p2a: Meowscarada|0 fnt\n|faint|p2a: Meowscarada\n|move|p1a: Cresselia|Lunar Blessing|p1a: Cresselia|[spread] p1a,p1b\n|-heal|p1b: Kingambit|100\/100\n|move|p2b: Wyrdeer|Psyshield Bash|p1b: Kingambit\n|-damage|p1b: Kingambit|80\/100\n|-boost|p2b: Wyrdeer|def|1\n|\n|-heal|p2b: Wyrdeer|65\/100|[from] item: Leftovers\n|-fieldend|move: Trick Room\n|upkeep\n|inactive|Red Hat hi has 30 seconds left.\n|-message|Red Hat hi forfeited.\n|\n|win|breethebeesknees\n|inactive|Red Hat hi has 30 seconds left this turn.\n|raw|breethebeesknees's rating: 1104 &rarr; <strong>1123<\/strong><br \/>(+19 for winning)\n|raw|Red Hat hi's rating: 1013 &rarr; <strong>1004<\/strong><br \/>(-9 for losing)\n|l|\u2606Red Hat hi\n","uploadtime":1700144363,"views":11,"p1id":"breethebeesknees","p2id":"redhathi","formatid":"gen9doublesou","rating":1004,"private":0,"password":""}