{"id":"gen9doublesou-1970233467","p1":"trialteam98","p2":"marc9528","format":"[Gen 9] Doubles OU","log":"|j|\u2606trialteam98\n|j|\u2606marc9528\n|t:|1697614663\n|gametype|doubles\n|player|p1|trialteam98|lady-gen4|1154\n|player|p2|marc9528|proton|1148\n|teamsize|p1|6\n|teamsize|p2|6\n|gen|9\n|tier|[Gen 9] Doubles OU\n|rated|\n|rule|Species Clause: Limit one of each Pok\u00e9mon\n|rule|OHKO Clause: OHKO moves are banned\n|rule|Evasion Moves Clause: Evasion moves are banned\n|rule|Gravity Sleep Clause: The combination of sleep-inducing moves with imperfect accuracy and Gravity or Gigantamax Orbeetle are banned\n|rule|Endless Battle Clause: Forcing endless battles is banned\n|rule|HP Percentage Mod: HP is shown in percentages\n|clearpoke\n|poke|p1|Armarouge, M|\n|poke|p1|Ceruledge, M|\n|poke|p1|Iron Valiant|\n|poke|p1|Indeedee-F, F|\n|poke|p1|Torkoal, F|\n|poke|p1|Roaring Moon|\n|poke|p2|Honchkrow, F|\n|poke|p2|Slowking-Galar, F|\n|poke|p2|Clodsire, F|\n|poke|p2|Muk-Alola, F|\n|poke|p2|Milotic, F|\n|poke|p2|Tinkaton, F|\n|teampreview\n|\n|t:|1697614670\n|start\n|switch|p1a: Torkoal|Torkoal, F|100\/100\n|switch|p1b: Roaring Moon|Roaring Moon|100\/100\n|switch|p2a: Muk|Muk-Alola, F|100\/100\n|switch|p2b: Honchkrow|Honchkrow, F|100\/100\n|-weather|SunnyDay|[from] ability: Drought|[of] p1a: Torkoal\n|-activate|p1b: Roaring Moon|ability: Protosynthesis\n|-start|p1b: Roaring Moon|protosynthesisatk\n|turn|1\n|\n|t:|1697614693\n|move|p1b: Roaring Moon|Dragon Dance|p1b: Roaring Moon\n|-boost|p1b: Roaring Moon|atk|1\n|-boost|p1b: Roaring Moon|spe|1\n|move|p2b: Honchkrow|Icy Wind|p1b: Roaring Moon|[spread] p1a\n|-miss|p2b: Honchkrow|p1b: Roaring Moon\n|-resisted|p1a: Torkoal\n|-damage|p1a: Torkoal|93\/100\n|-unboost|p1a: Torkoal|spe|1\n|move|p2a: Muk|Knock Off|p1a: Torkoal\n|-damage|p1a: Torkoal|56\/100\n|-enditem|p1a: Torkoal|Heat Rock|[from] move: Knock Off|[of] p2a: Muk\n|move|p1a: Torkoal|Shell Smash|p1a: Torkoal\n|-unboost|p1a: Torkoal|def|1\n|-unboost|p1a: Torkoal|spd|1\n|-boost|p1a: Torkoal|atk|2\n|-boost|p1a: Torkoal|spa|2\n|-boost|p1a: Torkoal|spe|2\n|\n|-weather|SunnyDay|[upkeep]\n|upkeep\n|turn|2\n|\n|t:|1697614717\n|move|p1b: Roaring Moon|Iron Head|p2a: Muk\n|-damage|p2a: Muk|23\/100\n|-damage|p1b: Roaring Moon|91\/100|[from] item: Life Orb\n|move|p2b: Honchkrow|Icy Wind|p1a: Torkoal|[spread] p1a,p1b\n|-resisted|p1a: Torkoal\n|-supereffective|p1b: Roaring Moon\n|-damage|p1a: Torkoal|44\/100\n|-damage|p1b: Roaring Moon|71\/100\n|-unboost|p1a: Torkoal|spe|1\n|-unboost|p1b: Roaring Moon|spe|1\n|move|p1a: Torkoal|Flamethrower|p2b: Honchkrow\n|-enditem|p2b: Honchkrow|Focus Sash\n|-damage|p2b: Honchkrow|1\/100\n|cant|p2a: Muk|flinch\n|\n|-weather|SunnyDay|[upkeep]\n|upkeep\n|turn|3\n|\n|t:|1697614744\n|move|p2b: Honchkrow|Sucker Punch|p1a: Torkoal\n|-crit|p1a: Torkoal\n|-damage|p1a: Torkoal|0 fnt\n|faint|p1a: Torkoal\n|move|p1b: Roaring Moon|Iron Head|p2b: Honchkrow\n|-damage|p2b: Honchkrow|0 fnt\n|faint|p2b: Honchkrow\n|-damage|p1b: Roaring Moon|61\/100|[from] item: Life Orb\n|move|p2a: Muk|Poison Jab|p1b: Roaring Moon\n|-damage|p1b: Roaring Moon|16\/100\n|\n|-weather|SunnyDay|[upkeep]\n|upkeep\n|\n|t:|1697614757\n|switch|p2b: Tinkaton|Tinkaton, F|100\/100\n|switch|p1a: Indeedee|Indeedee-F, F|100\/100\n|-fieldstart|move: Psychic Terrain|[from] ability: Psychic Surge|[of] p1a: Indeedee\n|-ability|p2b: Tinkaton|Mold Breaker\n|-item|p2b: Tinkaton|Air Balloon\n|turn|4\n|\n|t:|1697614768\n|move|p2b: Tinkaton|Fake Out|p1b: Roaring Moon\n|-activate|p1b: Roaring Moon|move: Psychic Terrain\n|move|p1a: Indeedee|Follow Me|p1a: Indeedee\n|-singleturn|p1a: Indeedee|move: Follow Me\n|move|p1b: Roaring Moon|Earthquake|p2b: Tinkaton|[spread] p1a,p2a\n|-immune|p2b: Tinkaton\n|-supereffective|p2a: Muk\n|-damage|p1a: Indeedee|0 fnt\n|-damage|p2a: Muk|0 fnt\n|faint|p1a: Indeedee\n|faint|p2a: Muk\n|-damage|p1b: Roaring Moon|6\/100|[from] item: Life Orb\n|\n|-weather|SunnyDay|[upkeep]\n|upkeep\n|\n|t:|1697614786\n|switch|p1a: Armarouge|Armarouge, M|100\/100\n|switch|p2a: Clodsire|Clodsire, F|100\/100\n|turn|5\n|\n|t:|1697614800\n|move|p1b: Roaring Moon|Iron Head|p2b: Tinkaton\n|-damage|p2b: Tinkaton|13\/100\n|-enditem|p2b: Tinkaton|Air Balloon\n|-damage|p1b: Roaring Moon|0 fnt|[from] item: Life Orb\n|faint|p1b: Roaring Moon\n|-end|p1b: Roaring Moon|Protosynthesis|[silent]\n|move|p2b: Tinkaton|Gigaton Hammer|p1a: Armarouge\n|-resisted|p1a: Armarouge\n|-damage|p1a: Armarouge|73\/100\n|-ability|p1a: Armarouge|Weak Armor|boost\n|-unboost|p1a: Armarouge|def|1\n|-boost|p1a: Armarouge|spe|2\n|move|p1a: Armarouge|Flamethrower|p2b: Tinkaton\n|-supereffective|p2b: Tinkaton\n|-damage|p2b: Tinkaton|0 fnt\n|faint|p2b: Tinkaton\n|move|p2a: Clodsire|Rock Tomb|p1a: Armarouge\n|-supereffective|p1a: Armarouge\n|-crit|p1a: Armarouge\n|-damage|p1a: Armarouge|12\/100\n|-unboost|p1a: Armarouge|spe|1\n|-ability|p1a: Armarouge|Weak Armor|boost\n|-unboost|p1a: Armarouge|def|1\n|-boost|p1a: Armarouge|spe|2\n|-enditem|p1a: Armarouge|Weakness Policy\n|-boost|p1a: Armarouge|atk|2|[from] item: Weakness Policy\n|-boost|p1a: Armarouge|spa|2|[from] item: Weakness Policy\n|\n|-weather|SunnyDay|[upkeep]\n|upkeep\n|-message|marc9528 forfeited.\n|\n|win|trialteam98\n|raw|trialteam98's rating: 1154 &rarr; <strong>1180<\/strong><br \/>(+26 for winning)\n|raw|marc9528's rating: 1172 &rarr; <strong>1146<\/strong><br \/>(-26 for losing)\n|l|\u2606marc9528\n","uploadtime":1697614826,"views":20,"p1id":"trialteam98","p2id":"marc9528","formatid":"gen9doublesou","rating":1146,"private":0,"password":""}