{"id":"gen9doublesou-1986106216","p1":"SuperAndroid99","p2":"bazofreak","format":"[Gen 9] Doubles OU","log":"|j|\u2606SuperAndroid99\n|j|\u2606bazofreak\n|t:|1699450706\n|gametype|doubles\n|player|p1|SuperAndroid99|gambler|1301\n|player|p2|bazofreak|1|1272\n|teamsize|p1|6\n|teamsize|p2|6\n|gen|9\n|tier|[Gen 9] Doubles OU\n|rated|\n|rule|Species Clause: Limit one of each Pok\u00e9mon\n|rule|OHKO Clause: OHKO moves are banned\n|rule|Evasion Moves Clause: Evasion moves are banned\n|rule|Gravity Sleep Clause: The combination of sleep-inducing moves with imperfect accuracy and Gravity or Gigantamax Orbeetle are banned\n|rule|Endless Battle Clause: Forcing endless battles is banned\n|rule|HP Percentage Mod: HP is shown in percentages\n|clearpoke\n|poke|p1|Bronzong|\n|poke|p1|Iron Hands|\n|poke|p1|Kingambit, F|\n|poke|p1|Skeledirge, F|\n|poke|p1|Flutter Mane|\n|poke|p1|Samurott-Hisui, F|\n|poke|p2|Ogerpon-Wellspring, F|\n|poke|p2|Chi-Yu|\n|poke|p2|Iron Hands|\n|poke|p2|Sinistcha-Masterpiece|\n|poke|p2|Rillaboom, M|\n|poke|p2|Dragonite, F|\n|teampreview\n|\n|t:|1699450740\n|start\n|switch|p1a: Bronzong|Bronzong, shiny|100\/100\n|switch|p1b: Iron Hands|Iron Hands|100\/100\n|switch|p2a: Dragonite|Dragonite, F|100\/100\n|switch|p2b: Rillaboom|Rillaboom, M|100\/100\n|-fieldstart|move: Grassy Terrain|[from] ability: Grassy Surge|[of] p2b: Rillaboom\n|turn|1\n|\n|t:|1699450802\n|-terastallize|p2a: Dragonite|Normal\n|move|p2b: Rillaboom|Fake Out|p1a: Bronzong\n|-resisted|p1a: Bronzong\n|-damage|p1a: Bronzong|95\/100\n|move|p1b: Iron Hands|Fake Out|p2a: Dragonite\n|-damage|p2a: Dragonite|83\/100\n|move|p2a: Dragonite|Extreme Speed|p1b: Iron Hands\n|-damage|p1b: Iron Hands|58\/100\n|cant|p1a: Bronzong|flinch\n|\n|-heal|p2a: Dragonite|90\/100|[from] Grassy Terrain\n|-heal|p1b: Iron Hands|64\/100|[from] Grassy Terrain\n|upkeep\n|turn|2\n|\n|t:|1699450829\n|move|p2a: Dragonite|Extreme Speed|p1b: Iron Hands\n|-damage|p1b: Iron Hands|25\/100\n|move|p2b: Rillaboom|Grassy Glide|p1b: Iron Hands\n|-damage|p1b: Iron Hands|1\/100\n|move|p1b: Iron Hands|Drain Punch|p2a: Dragonite\n|-supereffective|p2a: Dragonite\n|-damage|p2a: Dragonite|0 fnt\n|-heal|p1b: Iron Hands|29\/100|[from] drain|[of] p2a: Dragonite\n|faint|p2a: Dragonite\n|move|p1a: Bronzong|Trick Room|p1a: Bronzong\n|-fieldstart|move: Trick Room|[of] p1a: Bronzong\n|\n|-heal|p1b: Iron Hands|36\/100|[from] Grassy Terrain\n|upkeep\n|c|\u2606bazofreak|1 perecent rlly\n|\n|t:|1699450845\n|switch|p2a: Chi-Yu|Chi-Yu|100\/100\n|-ability|p2a: Chi-Yu|Beads of Ruin\n|turn|3\n|\n|t:|1699450862\n|switch|p2b: Iron Hands|Iron Hands|100\/100\n|-enditem|p2b: Iron Hands|Booster Energy\n|-activate|p2b: Iron Hands|ability: Quark Drive|[fromitem]\n|-start|p2b: Iron Hands|quarkdriveatk\n|move|p2a: Chi-Yu|Protect|p2a: Chi-Yu\n|-singleturn|p2a: Chi-Yu|Protect\n|move|p1a: Bronzong|Body Press|p2b: Iron Hands\n|-damage|p2b: Iron Hands|86\/100\n|move|p1b: Iron Hands|Drain Punch|p2a: Chi-Yu\n|-activate|p2a: Chi-Yu|move: Protect\n|\n|-heal|p1b: Iron Hands|42\/100|[from] Grassy Terrain\n|-heal|p2b: Iron Hands|92\/100|[from] Grassy Terrain\n|upkeep\n|turn|4\n|c|\u2606SuperAndroid99|That\u2019s my bulky boy doing his bulky thing\n|\n|t:|1699450932\n|switch|p1a: Skeledirge|Skeledirge, F, shiny|100\/100\n|move|p2b: Iron Hands|Fake Out|p1b: Iron Hands\n|-damage|p1b: Iron Hands|28\/100\n|cant|p1b: Iron Hands|flinch\n|move|p2a: Chi-Yu|Heat Wave|p1a: Skeledirge|[spread] p1a,p1b\n|-resisted|p1a: Skeledirge\n|-damage|p1a: Skeledirge|82\/100\n|-damage|p1b: Iron Hands|0 fnt\n|faint|p1b: Iron Hands\n|-end|p1b: Iron Hands|Quark Drive|[silent]\n|\n|-heal|p1a: Skeledirge|88\/100|[from] Grassy Terrain\n|-heal|p1a: Skeledirge|94\/100|[from] item: Leftovers\n|-heal|p2b: Iron Hands|98\/100|[from] Grassy Terrain\n|upkeep\n|\n|t:|1699450961\n|switch|p1b: Samurott|Samurott-Hisui, F|100\/100\n|turn|5\n|\n|t:|1699450978\n|move|p1a: Skeledirge|Torch Song|p2b: Iron Hands\n|-damage|p2b: Iron Hands|64\/100\n|-boost|p1a: Skeledirge|spa|1\n|move|p2b: Iron Hands|Drain Punch|p1b: Samurott\n|-supereffective|p1b: Samurott\n|-enditem|p1b: Samurott|Focus Sash\n|-damage|p1b: Samurott|1\/100\n|-heal|p2b: Iron Hands|96\/100|[from] drain|[of] p1b: Samurott\n|move|p1b: Samurott|Razor Shell|p2a: Chi-Yu|[miss]\n|-miss|p1b: Samurott|p2a: Chi-Yu\n|move|p2a: Chi-Yu|Dark Pulse|p1a: Skeledirge\n|-supereffective|p1a: Skeledirge\n|-damage|p1a: Skeledirge|15\/100\n|\n|-heal|p1a: Skeledirge|21\/100|[from] Grassy Terrain\n|-heal|p1a: Skeledirge|27\/100|[from] item: Leftovers\n|-heal|p2b: Iron Hands|100\/100|[from] Grassy Terrain\n|-heal|p1b: Samurott|7\/100|[from] Grassy Terrain\n|-fieldend|move: Grassy Terrain\n|upkeep\n|turn|6\n|\n|t:|1699451028\n|move|p1b: Samurott|Sucker Punch|p2b: Iron Hands\n|-resisted|p2b: Iron Hands\n|-damage|p2b: Iron Hands|90\/100\n|move|p1a: Skeledirge|Will-O-Wisp|p2b: Iron Hands\n|-status|p2b: Iron Hands|brn\n|move|p2b: Iron Hands|Drain Punch|p1b: Samurott\n|-supereffective|p1b: Samurott\n|-crit|p1b: Samurott\n|-damage|p1b: Samurott|0 fnt\n|-heal|p2b: Iron Hands|92\/100 brn|[from] drain|[of] p1b: Samurott\n|faint|p1b: Samurott\n|move|p2a: Chi-Yu|Dark Pulse|p1a: Skeledirge\n|-supereffective|p1a: Skeledirge\n|-damage|p1a: Skeledirge|0 fnt\n|faint|p1a: Skeledirge\n|\n|-damage|p2b: Iron Hands|86\/100 brn|[from] brn\n|-fieldend|move: Trick Room\n|upkeep\n|\n|t:|1699451047\n|switch|p1b: Bronzong|Bronzong, shiny|95\/100\n|switch|p1a: Flutter Mane|Flutter Mane|100\/100\n|-enditem|p1a: Flutter Mane|Booster Energy\n|-activate|p1a: Flutter Mane|ability: Protosynthesis|[fromitem]\n|-start|p1a: Flutter Mane|protosynthesisspe\n|turn|7\n|\n|t:|1699451068\n|move|p1a: Flutter Mane|Dazzling Gleam|p2a: Chi-Yu|[spread] p2a,p2b\n|-supereffective|p2b: Iron Hands\n|-damage|p2a: Chi-Yu|70\/100\n|-damage|p2b: Iron Hands|23\/100 brn\n|move|p2a: Chi-Yu|Heat Wave|p1a: Flutter Mane|[spread] p1a,p1b\n|-supereffective|p1b: Bronzong\n|-damage|p1a: Flutter Mane|56\/100\n|-damage|p1b: Bronzong|9\/100\n|move|p2b: Iron Hands|Ice Punch|p1a: Flutter Mane\n|-damage|p1a: Flutter Mane|30\/100\n|-status|p1a: Flutter Mane|frz\n|move|p1b: Bronzong|Body Press|p2a: Chi-Yu\n|-supereffective|p2a: Chi-Yu\n|-damage|p2a: Chi-Yu|0 fnt\n|faint|p2a: Chi-Yu\n|\n|-damage|p2b: Iron Hands|17\/100 brn|[from] brn\n|upkeep\n|\n|t:|1699451081\n|switch|p2a: Sinistcha|Sinistcha-Masterpiece|100\/100\n|-heal|p2b: Iron Hands|42\/100 brn|[from] ability: Hospitality|[of] p2a: Sinistcha\n|turn|8\n|\n|t:|1699451092\n|cant|p1a: Flutter Mane|frz\n|move|p2a: Sinistcha|Life Dew||[still]|[spread] p2a,p2b\n|-fail|p2a: Sinistcha|heal\n|-heal|p2b: Iron Hands|67\/100 brn\n|move|p2b: Iron Hands|Drain Punch|p1b: Bronzong\n|-damage|p1b: Bronzong|0 fnt\n|-heal|p2b: Iron Hands|70\/100 brn|[from] drain|[of] p1b: Bronzong\n|faint|p1b: Bronzong\n|\n|-damage|p2b: Iron Hands|64\/100 brn|[from] brn\n|upkeep\n|\n|t:|1699451094\n|switch|p1b: Kingambit|Kingambit, F, shiny|100\/100\n|-activate|p1b: Kingambit|ability: Supreme Overlord\n|-start|p1b: Kingambit|fallen4|[silent]\n|turn|9\n|\n|t:|1699451112\n|-terastallize|p1b: Kingambit|Flying\n|cant|p1a: Flutter Mane|frz\n|move|p2a: Sinistcha|Matcha Gotcha|p1a: Flutter Mane|[spread] p1a,p1b\n|-resisted|p1b: Kingambit\n|-damage|p1a: Flutter Mane|12\/100 frz\n|-damage|p1b: Kingambit|89\/100\n|-curestatus|p1a: Flutter Mane|frz|[msg]\n|move|p2b: Iron Hands|Drain Punch|p1b: Kingambit\n|-resisted|p1b: Kingambit\n|-damage|p1b: Kingambit|78\/100\n|-heal|p2b: Iron Hands|68\/100 brn|[from] drain|[of] p1b: Kingambit\n|move|p1b: Kingambit|Kowtow Cleave|p2a: Sinistcha\n|-supereffective|p2a: Sinistcha\n|-damage|p2a: Sinistcha|0 fnt\n|-damage|p1b: Kingambit|61\/100|[from] item: Rocky Helmet|[of] p2a: Sinistcha\n|faint|p2a: Sinistcha\n|-damage|p1b: Kingambit|51\/100|[from] item: Life Orb\n|\n|-damage|p2b: Iron Hands|62\/100 brn|[from] brn\n|upkeep\n|\n|t:|1699451133\n|switch|p2a: Rillaboom|Rillaboom, M|100\/100\n|-fieldstart|move: Grassy Terrain|[from] ability: Grassy Surge|[of] p2a: Rillaboom\n|turn|10\n|\n|t:|1699451144\n|move|p2a: Rillaboom|Fake Out|p1b: Kingambit\n|-damage|p1b: Kingambit|42\/100\n|move|p1a: Flutter Mane|Dazzling Gleam|p2a: Rillaboom|[spread] p2a,p2b\n|-supereffective|p2b: Iron Hands\n|-damage|p2a: Rillaboom|68\/100\n|-damage|p2b: Iron Hands|7\/100 brn\n|move|p2b: Iron Hands|Ice Punch|p1b: Kingambit\n|-supereffective|p1b: Kingambit\n|-damage|p1b: Kingambit|13\/100\n|cant|p1b: Kingambit|flinch\n|\n|-heal|p1a: Flutter Mane|18\/100|[from] Grassy Terrain\n|-heal|p2a: Rillaboom|74\/100|[from] Grassy Terrain\n|-heal|p2b: Iron Hands|13\/100 brn|[from] Grassy Terrain\n|-damage|p2b: Iron Hands|7\/100 brn|[from] brn\n|upkeep\n|turn|11\n|\n|t:|1699451168\n|move|p2a: Rillaboom|Grassy Glide|p1b: Kingambit\n|-resisted|p1b: Kingambit\n|-damage|p1b: Kingambit|0 fnt\n|faint|p1b: Kingambit\n|-end|p1b: Kingambit|fallen4|[silent]\n|move|p1a: Flutter Mane|Dazzling Gleam|p2a: Rillaboom|[spread] p2a,p2b\n|-supereffective|p2b: Iron Hands\n|-damage|p2a: Rillaboom|41\/100\n|-damage|p2b: Iron Hands|0 fnt\n|faint|p2b: Iron Hands\n|-end|p2b: Iron Hands|Quark Drive|[silent]\n|\n|-heal|p1a: Flutter Mane|24\/100|[from] Grassy Terrain\n|-heal|p2a: Rillaboom|47\/100|[from] Grassy Terrain\n|upkeep\n|\n|t:|1699451174\n|switch|p2b: Ogerpon|Ogerpon-Wellspring, F|100\/100\n|turn|12\n|c|\u2606SuperAndroid99|Gg\n|\n|t:|1699451194\n|move|p2a: Rillaboom|Grassy Glide|p1a: Flutter Mane\n|-damage|p1a: Flutter Mane|0 fnt\n|faint|p1a: Flutter Mane\n|-end|p1a: Flutter Mane|Protosynthesis|[silent]\n|\n|win|bazofreak\n|raw|SuperAndroid99's rating: 1301 &rarr; <strong>1279<\/strong><br \/>(-22 for losing)\n|raw|bazofreak's rating: 1272 &rarr; <strong>1299<\/strong><br \/>(+27 for winning)\n|l|\u2606bazofreak\n","uploadtime":1699451221,"views":17,"p1id":"superandroid99","p2id":"bazofreak","formatid":"gen9doublesou","rating":1279,"private":0,"password":""}