{"id":"gen9doublesou-2000639050","p1":"fezzysux","p2":"Pipiundkaka","format":"[Gen 9] Doubles OU","log":"|j|\u2606fezzysux\n|j|\u2606Pipiundkaka\n|t:|1701213314\n|gametype|doubles\n|player|p1|fezzysux|tuber|1056\n|player|p2|Pipiundkaka|buck|1088\n|teamsize|p1|6\n|teamsize|p2|6\n|gen|9\n|tier|[Gen 9] Doubles OU\n|rated|\n|rule|Species Clause: Limit one of each Pok\u00e9mon\n|rule|OHKO Clause: OHKO moves are banned\n|rule|Evasion Moves Clause: Evasion moves are banned\n|rule|Gravity Sleep Clause: The combination of sleep-inducing moves with imperfect accuracy and Gravity or Gigantamax Orbeetle are banned\n|rule|Endless Battle Clause: Forcing endless battles is banned\n|rule|HP Percentage Mod: HP is shown in percentages\n|clearpoke\n|poke|p1|Sinistcha|\n|poke|p1|Tauros-Paldea-Blaze, M|\n|poke|p1|Great Tusk|\n|poke|p1|Clodsire, F|\n|poke|p1|Gholdengo|\n|poke|p1|Kingambit, F|\n|poke|p2|Oricorio-Pom-Pom, F|\n|poke|p2|Quaquaval, F|\n|poke|p2|Florges-White, F|\n|poke|p2|Volcarona, M|\n|poke|p2|Stonjourner, M|\n|poke|p2|Flamigo, M|\n|teampreview\n|inactive|Battle timer is ON: inactive players will automatically lose when time's up. (requested by Pipiundkaka)\n|\n|t:|1701213335\n|start\n|switch|p1a: Clodsire|Clodsire, F|100\/100\n|switch|p1b: Great Tusk|Great Tusk|100\/100\n|switch|p2a: Oricorio|Oricorio-Pom-Pom, F, shiny|100\/100\n|switch|p2b: Volcarona|Volcarona, M, shiny|100\/100\n|turn|1\n|inactive|fezzysux has 120 seconds left.\n|\n|t:|1701213374\n|-terastallize|p2b: Volcarona|Flying\n|move|p2a: Oricorio|Quiver Dance|p2a: Oricorio\n|-boost|p2a: Oricorio|spa|1\n|-boost|p2a: Oricorio|spd|1\n|-boost|p2a: Oricorio|spe|1\n|move|p1b: Great Tusk|Ice Spinner|p2a: Oricorio\n|-supereffective|p2a: Oricorio\n|-damage|p2a: Oricorio|30\/100\n|move|p2b: Volcarona|Quiver Dance|p2b: Volcarona\n|-boost|p2b: Volcarona|spa|1\n|-boost|p2b: Volcarona|spd|1\n|-boost|p2b: Volcarona|spe|1\n|-activate|p2a: Oricorio|ability: Dancer\n|move|p2a: Oricorio|Quiver Dance|p2a: Oricorio|[from]ability: Dancer\n|-boost|p2a: Oricorio|spa|1\n|-boost|p2a: Oricorio|spd|1\n|-boost|p2a: Oricorio|spe|1\n|move|p1a: Clodsire|Stealth Rock|p2a: Oricorio\n|-sidestart|p2: Pipiundkaka|move: Stealth Rock\n|\n|-heal|p2a: Oricorio|36\/100|[from] item: Leftovers\n|upkeep\n|turn|2\n|inactive|fezzysux has 120 seconds left.\n|inactive|Pipiundkaka has 120 seconds left.\n|\n|t:|1701213418\n|move|p2b: Volcarona|Rage Powder|p2b: Volcarona\n|-singleturn|p2b: Volcarona|move: Rage Powder\n|move|p2a: Oricorio|Baton Pass|p2a: Oricorio\n|\n|t:|1701213424\n|switch|p2a: Florges|Florges-White, F, shiny|100\/100|[from] Baton Pass\n|-damage|p2a: Florges|88\/100|[from] Stealth Rock\n|move|p1b: Great Tusk|Ice Spinner|p2b: Volcarona\n|-supereffective|p2b: Volcarona\n|-damage|p2b: Volcarona|14\/100\n|-enditem|p2b: Volcarona|Sitrus Berry|[eat]\n|-heal|p2b: Volcarona|39\/100|[from] item: Sitrus Berry\n|move|p1a: Clodsire|Toxic|p2b: Volcarona\n|-status|p2b: Volcarona|tox\n|\n|-heal|p2a: Florges|94\/100|[from] item: Leftovers\n|-damage|p2b: Volcarona|33\/100 tox|[from] psn\n|upkeep\n|turn|3\n|inactive|fezzysux has 120 seconds left.\n|inactive|Pipiundkaka has 120 seconds left.\n|inactive|fezzysux has 90 seconds left.\n|\n|t:|1701213474\n|-end|p1b: Great Tusk|Protosynthesis|[silent]\n|switch|p1b: Tauros|Tauros-Paldea-Blaze, M|100\/100\n|-ability|p1b: Tauros|Intimidate|boost\n|-unboost|p2a: Florges|atk|1\n|-unboost|p2b: Volcarona|atk|1\n|move|p2b: Volcarona|Rage Powder|p2b: Volcarona\n|-singleturn|p2b: Volcarona|move: Rage Powder\n|move|p2a: Florges|Moonblast|p1b: Tauros\n|-damage|p1b: Tauros|0 fnt\n|faint|p1b: Tauros\n|move|p1a: Clodsire|Toxic|p2b: Volcarona\n|-fail|p2b: Volcarona|tox\n|\n|-heal|p2a: Florges|100\/100|[from] item: Leftovers\n|-damage|p2b: Volcarona|21\/100 tox|[from] psn\n|upkeep\n|\n|t:|1701213490\n|switch|p1b: Gholdengo|Gholdengo|100\/100\n|turn|4\n|inactive|fezzysux has 90 seconds left.\n|\n|t:|1701213521\n|move|p2a: Florges|Protect|p2a: Florges\n|-singleturn|p2a: Florges|Protect\n|move|p2b: Volcarona|Fiery Dance|p1b: Gholdengo\n|-supereffective|p1b: Gholdengo\n|-damage|p1b: Gholdengo|0 fnt\n|faint|p1b: Gholdengo\n|move|p1a: Clodsire|Toxic|p2a: Florges\n|-activate|p2a: Florges|move: Protect\n|\n|-damage|p2b: Volcarona|2\/100 tox|[from] psn\n|upkeep\n|\n|t:|1701213533\n|switch|p1b: Great Tusk|Great Tusk|100\/100\n|turn|5\n|\n|t:|1701213550\n|move|p2b: Volcarona|Giga Drain|p1a: Clodsire\n|-damage|p1a: Clodsire|86\/100\n|-heal|p2b: Volcarona|13\/100 tox|[from] drain|[of] p1a: Clodsire\n|move|p2a: Florges|Moonblast|p1b: Great Tusk\n|-supereffective|p1b: Great Tusk\n|-damage|p1b: Great Tusk|0 fnt\n|faint|p1b: Great Tusk\n|-end|p1b: Great Tusk|Protosynthesis|[silent]\n|move|p1a: Clodsire|Earthquake|p2b: Volcarona|[spread] p2a\n|-immune|p2b: Volcarona\n|-damage|p2a: Florges|76\/100\n|\n|-heal|p2a: Florges|82\/100|[from] item: Leftovers\n|-heal|p1a: Clodsire|92\/100|[from] item: Leftovers\n|-damage|p2b: Volcarona|0 fnt|[from] psn\n|faint|p2b: Volcarona\n|upkeep\n|inactive|fezzysux has 90 seconds left.\n|\n|t:|1701213567\n|switch|p1b: Kingambit|Kingambit, F|100\/100\n|switch|p2b: Oricorio|Oricorio-Pom-Pom, F, shiny|36\/100\n|-damage|p2b: Oricorio|11\/100|[from] Stealth Rock\n|-activate|p1b: Kingambit|ability: Supreme Overlord\n|-start|p1b: Kingambit|fallen3|[silent]\n|-item|p1b: Kingambit|Air Balloon\n|turn|6\n|inactive|fezzysux has 90 seconds left.\n|\n|t:|1701213592\n|move|p2b: Oricorio|Protect|p2b: Oricorio\n|-singleturn|p2b: Oricorio|Protect\n|move|p1b: Kingambit|Sucker Punch||[still]\n|-fail|p1b: Kingambit\n|move|p2a: Florges|Petal Dance|p1a: Clodsire\n|-damage|p1a: Clodsire|76\/100\n|-activate|p2b: Oricorio|ability: Dancer\n|move|p2b: Oricorio|Petal Dance|p1a: Clodsire|[from]ability: Dancer\n|-damage|p1a: Clodsire|62\/100\n|move|p1a: Clodsire|Earthquake|p2a: Florges|[spread] p2a\n|-activate|p2b: Oricorio|move: Protect\n|-immune|p1b: Kingambit\n|-damage|p2a: Florges|57\/100\n|\n|-heal|p2a: Florges|63\/100|[from] item: Leftovers\n|-heal|p2b: Oricorio|17\/100|[from] item: Leftovers\n|-heal|p1a: Clodsire|69\/100|[from] item: Leftovers\n|upkeep\n|turn|7\n|inactive|fezzysux has 90 seconds left.\n|\n|t:|1701213636\n|move|p2a: Florges|Petal Dance|p1b: Kingambit|[from]lockedmove\n|-resisted|p1b: Kingambit\n|-damage|p1b: Kingambit|67\/100\n|-enditem|p1b: Kingambit|Air Balloon\n|-activate|p2b: Oricorio|ability: Dancer\n|move|p2b: Oricorio|Petal Dance|p1b: Kingambit|[from]ability: Dancer\n|-resisted|p1b: Kingambit\n|-damage|p1b: Kingambit|52\/100\n|move|p2b: Oricorio|Quiver Dance|p2b: Oricorio\n|-boost|p2b: Oricorio|spa|1\n|-boost|p2b: Oricorio|spd|1\n|-boost|p2b: Oricorio|spe|1\n|move|p1b: Kingambit|Swords Dance|p1b: Kingambit\n|-boost|p1b: Kingambit|atk|2\n|-activate|p2b: Oricorio|ability: Dancer\n|move|p2b: Oricorio|Swords Dance|p2b: Oricorio|[from]ability: Dancer\n|-boost|p2b: Oricorio|atk|2\n|move|p1a: Clodsire|Toxic|p2a: Florges\n|-status|p2a: Florges|tox\n|\n|-heal|p2b: Oricorio|24\/100|[from] item: Leftovers\n|-heal|p2a: Florges|69\/100 tox|[from] item: Leftovers\n|-heal|p1a: Clodsire|75\/100|[from] item: Leftovers\n|-damage|p2a: Florges|63\/100 tox|[from] psn\n|upkeep\n|turn|8\n|inactive|fezzysux has 90 seconds left.\n|inactive|Pipiundkaka has 120 seconds left.\n|inactive|fezzysux has 60 seconds left.\n|\n|t:|1701213681\n|move|p2b: Oricorio|Protect|p2b: Oricorio\n|-singleturn|p2b: Oricorio|Protect\n|move|p1b: Kingambit|Sucker Punch|p2a: Florges\n|-resisted|p2a: Florges\n|-damage|p2a: Florges|0 fnt\n|faint|p2a: Florges\n|move|p1a: Clodsire|Toxic|p2b: Oricorio\n|-activate|p2b: Oricorio|move: Protect\n|\n|-heal|p2b: Oricorio|30\/100|[from] item: Leftovers\n|-heal|p1a: Clodsire|81\/100|[from] item: Leftovers\n|upkeep\n|inactive|Pipiundkaka has 120 seconds left.\n|\n|t:|1701213693\n|switch|p2a: Flamigo|Flamigo, M|100\/100\n|-damage|p2a: Flamigo|88\/100|[from] Stealth Rock\n|-copyboost|p2a: Flamigo|p2b: Oricorio|[from] ability: Costar\n|turn|9\n|\n|t:|1701213720\n|move|p2b: Oricorio|Baton Pass|p2b: Oricorio\n|\n|t:|1701213723\n|switch|p2b: Stonjourner|Stonjourner, M|100\/100|[from] Baton Pass\n|-damage|p2b: Stonjourner|88\/100|[from] Stealth Rock\n|move|p2a: Flamigo|Close Combat|p1b: Kingambit\n|-supereffective|p1b: Kingambit\n|-damage|p1b: Kingambit|0 fnt\n|-unboost|p2a: Flamigo|def|1\n|-unboost|p2a: Flamigo|spd|1\n|faint|p1b: Kingambit\n|-end|p1b: Kingambit|fallen3|[silent]\n|move|p1a: Clodsire|Toxic|p2a: Flamigo\n|-status|p2a: Flamigo|tox\n|\n|-heal|p1a: Clodsire|87\/100|[from] item: Leftovers\n|-damage|p2a: Flamigo|82\/100 tox|[from] psn\n|upkeep\n|\n|t:|1701213737\n|switch|p1b: Sinistcha|Sinistcha|100\/100\n|turn|10\n|\n|t:|1701213763\n|move|p2a: Flamigo|Lunge|p1b: Sinistcha\n|-damage|p1b: Sinistcha|53\/100\n|-unboost|p1b: Sinistcha|atk|1\n|move|p2b: Stonjourner|Earthquake|p1a: Clodsire|[spread] p1a,p1b\n|-immune|p2a: Flamigo\n|-supereffective|p1a: Clodsire\n|-resisted|p1b: Sinistcha\n|-damage|p1a: Clodsire|27\/100\n|-damage|p1b: Sinistcha|33\/100\n|move|p1b: Sinistcha|Matcha Gotcha|p2a: Flamigo|[spread] p2a,p2b\n|-resisted|p2a: Flamigo\n|-supereffective|p2b: Stonjourner\n|-damage|p2a: Flamigo|62\/100 tox\n|-heal|p1b: Sinistcha|41\/100|[from] drain|[of] p2a: Flamigo\n|-damage|p2b: Stonjourner|33\/100\n|-heal|p1b: Sinistcha|74\/100|[from] drain|[of] p2b: Stonjourner\n|move|p1a: Clodsire|Toxic|p2b: Stonjourner\n|-status|p2b: Stonjourner|tox\n|\n|-heal|p1b: Sinistcha|80\/100|[from] item: Leftovers\n|-heal|p1a: Clodsire|33\/100|[from] item: Leftovers\n|-damage|p2a: Flamigo|50\/100 tox|[from] psn\n|-damage|p2b: Stonjourner|26\/100 tox|[from] psn\n|upkeep\n|turn|11\n|inactive|fezzysux has 90 seconds left.\n|\n|t:|1701213792\n|move|p2a: Flamigo|Lunge|p1b: Sinistcha\n|-damage|p1b: Sinistcha|37\/100\n|-unboost|p1b: Sinistcha|atk|1\n|move|p2b: Stonjourner|Heat Crash|p1b: Sinistcha\n|-supereffective|p1b: Sinistcha\n|-damage|p1b: Sinistcha|0 fnt\n|faint|p1b: Sinistcha\n|move|p1a: Clodsire|Recover|p1a: Clodsire\n|-heal|p1a: Clodsire|83\/100\n|\n|-heal|p1a: Clodsire|89\/100|[from] item: Leftovers\n|-damage|p2a: Flamigo|31\/100 tox|[from] psn\n|-damage|p2b: Stonjourner|14\/100 tox|[from] psn\n|upkeep\n|turn|12\n|inactive|fezzysux has 90 seconds left.\n|-message|fezzysux forfeited.\n|\n|win|Pipiundkaka\n|raw|fezzysux's rating: 1056 &rarr; <strong>1039<\/strong><br \/>(-17 for losing)\n|raw|Pipiundkaka's rating: 1088 &rarr; <strong>1112<\/strong><br \/>(+24 for winning)\n|l|\u2606fezzysux\n|c|\u2606Pipiundkaka|Gg\n","uploadtime":1701213811,"views":0,"p1id":"fezzysux","p2id":"pipiundkaka","formatid":"gen9doublesou","rating":1039,"private":0,"password":""}