{"id":"gen9doublesou-1973338490","p1":"SennoRikyo","p2":"Kingchance001","format":"[Gen 9] Doubles OU","log":"|j|\u203dSennoRikyo\n|j|\u2606Kingchance001\n|t:|1697957282\n|gametype|doubles\n|player|p1|SennoRikyo|cyclistf-gen4|1359\n|player|p2|Kingchance001|drayden|1369\n|teamsize|p1|6\n|teamsize|p2|6\n|gen|9\n|tier|[Gen 9] Doubles OU\n|rated|\n|rule|Species Clause: Limit one of each Pok\u00e9mon\n|rule|OHKO Clause: OHKO moves are banned\n|rule|Evasion Moves Clause: Evasion moves are banned\n|rule|Gravity Sleep Clause: The combination of sleep-inducing moves with imperfect accuracy and Gravity or Gigantamax Orbeetle are banned\n|rule|Endless Battle Clause: Forcing endless battles is banned\n|rule|HP Percentage Mod: HP is shown in percentages\n|clearpoke\n|poke|p1|Grimmsnarl, M|\n|poke|p1|Sinistcha|\n|poke|p1|Arcanine-Hisui, F|\n|poke|p1|Iron Hands|\n|poke|p1|Ogerpon-Wellspring, F|\n|poke|p1|Moltres-Galar|\n|poke|p2|Glimmora, F|\n|poke|p2|Mew|\n|poke|p2|Walking Wake|\n|poke|p2|Tornadus, M|\n|poke|p2|Ogerpon, F|\n|poke|p2|Chien-Pao|\n|teampreview\n|\n|t:|1697957309\n|start\n|switch|p1a: Grimmsnarl|Grimmsnarl, M|100\/100\n|switch|p1b: Iron Hands|Iron Hands|100\/100\n|switch|p2a: Glimmora|Glimmora, F|100\/100\n|switch|p2b: Tornadus|Tornadus, M|100\/100\n|turn|1\n|\n|t:|1697957323\n|move|p2b: Tornadus|Protect|p2b: Tornadus\n|-singleturn|p2b: Tornadus|Protect\n|move|p1b: Iron Hands|Fake Out|p2a: Glimmora\n|-resisted|p2a: Glimmora\n|-damage|p2a: Glimmora|91\/100\n|-activate|p2a: Glimmora|ability: Toxic Debris\n|-sidestart|p1: SennoRikyo|move: Toxic Spikes\n|move|p1a: Grimmsnarl|Reflect|p1a: Grimmsnarl\n|-sidestart|p1: SennoRikyo|Reflect\n|cant|p2a: Glimmora|flinch\n|\n|upkeep\n|turn|2\n|\n|t:|1697957336\n|move|p2b: Tornadus|Tailwind|p2b: Tornadus\n|-sidestart|p2: Kingchance001|move: Tailwind\n|move|p1a: Grimmsnarl|Light Screen|p1a: Grimmsnarl\n|-sidestart|p1: SennoRikyo|move: Light Screen\n|move|p2a: Glimmora|Toxic|p1b: Iron Hands\n|-status|p1b: Iron Hands|tox\n|move|p1b: Iron Hands|Heavy Slam|p2a: Glimmora\n|-supereffective|p2a: Glimmora\n|-damage|p2a: Glimmora|0 fnt\n|-activate|p2a: Glimmora|ability: Toxic Debris\n|-sidestart|p1: SennoRikyo|move: Toxic Spikes\n|faint|p2a: Glimmora\n|\n|-damage|p1b: Iron Hands|94\/100 tox|[from] psn\n|upkeep\n|\n|t:|1697957362\n|switch|p2a: Mew|Mew|100\/100\n|turn|3\n|\n|t:|1697957374\n|move|p1a: Grimmsnarl|Parting Shot|p2a: Mew\n|-unboost|p2a: Mew|atk|1\n|-unboost|p2a: Mew|spa|1\n|\n|t:|1697957380\n|switch|p1a: Moltres|Moltres-Galar|100\/100|[from] Parting Shot\n|move|p2b: Tornadus|Bleakwind Storm|p1a: Moltres|[spread] p1a,p1b\n|-damage|p1a: Moltres|83\/100\n|-damage|p1b: Iron Hands|82\/100 tox\n|move|p2a: Mew|Calm Mind|p2a: Mew\n|-boost|p2a: Mew|spa|1\n|-boost|p2a: Mew|spd|1\n|move|p1b: Iron Hands|Wild Charge|p2b: Tornadus\n|-supereffective|p2b: Tornadus\n|-damage|p2b: Tornadus|0 fnt\n|faint|p2b: Tornadus\n|-damage|p1b: Iron Hands|66\/100 tox|[from] Recoil\n|\n|-damage|p1b: Iron Hands|54\/100 tox|[from] psn\n|upkeep\n|\n|t:|1697957407\n|switch|p2b: Walking Wake|Walking Wake|100\/100\n|turn|4\n|\n|t:|1697957420\n|-terastallize|p2b: Walking Wake|Water\n|move|p2b: Walking Wake|Hydro Steam|p1a: Moltres\n|-damage|p1a: Moltres|44\/100\n|-ability|p1a: Moltres|Berserk|boost\n|-boost|p1a: Moltres|spa|1\n|-enditem|p1a: Moltres|Sitrus Berry|[eat]\n|-heal|p1a: Moltres|69\/100|[from] item: Sitrus Berry\n|move|p2a: Mew|Psychic|p1b: Iron Hands\n|-supereffective|p1b: Iron Hands\n|-damage|p1b: Iron Hands|33\/100 tox\n|-unboost|p1b: Iron Hands|spd|1\n|move|p1a: Moltres|Nasty Plot|p1a: Moltres\n|-boost|p1a: Moltres|spa|2\n|move|p1b: Iron Hands|Wild Charge|p2b: Walking Wake\n|-supereffective|p2b: Walking Wake\n|-damage|p2b: Walking Wake|0 fnt\n|faint|p2b: Walking Wake\n|-end|p2b: Walking Wake|Protosynthesis|[silent]\n|-damage|p1b: Iron Hands|15\/100 tox|[from] Recoil\n|\n|-damage|p1b: Iron Hands|0 fnt|[from] psn\n|faint|p1b: Iron Hands\n|-end|p1b: Iron Hands|Quark Drive|[silent]\n|upkeep\n|\n|t:|1697957440\n|switch|p2b: Chien-Pao|Chien-Pao|100\/100\n|switch|p1b: Sinistcha|Sinistcha|100\/100\n|-ability|p2b: Chien-Pao|Sword of Ruin\n|-status|p1b: Sinistcha|tox\n|-heal|p1a: Moltres|94\/100|[from] ability: Hospitality|[of] p1b: Sinistcha\n|turn|5\n|\n|t:|1697957467\n|move|p2b: Chien-Pao|Ice Spinner|p1a: Moltres\n|-supereffective|p1a: Moltres\n|-damage|p1a: Moltres|23\/100\n|-ability|p1a: Moltres|Berserk|boost\n|-boost|p1a: Moltres|spa|1\n|-damage|p2b: Chien-Pao|91\/100|[from] item: Life Orb\n|move|p2a: Mew|Calm Mind|p2a: Mew\n|-boost|p2a: Mew|spa|1\n|-boost|p2a: Mew|spd|1\n|move|p1a: Moltres|Fiery Wrath|p2b: Chien-Pao|[spread] p2a,p2b\n|-supereffective|p2a: Mew\n|-resisted|p2b: Chien-Pao\n|-damage|p2a: Mew|33\/100\n|-damage|p2b: Chien-Pao|23\/100\n|move|p1b: Sinistcha|Trick Room|p1b: Sinistcha\n|-fieldstart|move: Trick Room|[of] p1b: Sinistcha\n|\n|-heal|p2a: Mew|39\/100|[from] item: Leftovers\n|-damage|p1b: Sinistcha|94\/100 tox|[from] psn\n|-sideend|p2: Kingchance001|move: Tailwind\n|upkeep\n|turn|6\n|\n|t:|1697957493\n|-terastallize|p1a: Moltres|Poison\n|move|p1b: Sinistcha|Life Dew|p1b: Sinistcha|[spread] p1a,p1b\n|-heal|p1a: Moltres|48\/100\n|-heal|p1b: Sinistcha|100\/100 tox\n|move|p1a: Moltres|Fiery Wrath|p2b: Chien-Pao|[spread] p2a,p2b\n|-supereffective|p2a: Mew\n|-resisted|p2b: Chien-Pao\n|-damage|p2a: Mew|0 fnt\n|-damage|p2b: Chien-Pao|0 fnt\n|faint|p2a: Mew\n|faint|p2b: Chien-Pao\n|\n|-damage|p1b: Sinistcha|88\/100 tox|[from] psn\n|upkeep\n|-message|Kingchance001 forfeited.\n|\n|win|SennoRikyo\n|raw|SennoRikyo's rating: 1359 &rarr; <strong>1380<\/strong><br \/>(+21 for winning)\n|raw|Kingchance001's rating: 1369 &rarr; <strong>1348<\/strong><br \/>(-21 for losing)\n|l|\u2606Kingchance001\n","uploadtime":1697957517,"views":18,"p1id":"sennorikyo","p2id":"kingchance001","formatid":"gen9doublesou","rating":1348,"private":0,"password":""}