{"id":"gen9doublesou-1995652811","p1":"MattCol","p2":"gonegeb","format":"[Gen 9] Doubles OU","log":"|j|\u2606MattCol\n|j|\u2606gonegeb\n|t:|1700591001\n|gametype|doubles\n|player|p1|MattCol|266|\n|player|p2|gonegeb|alain|\n|teamsize|p1|6\n|teamsize|p2|6\n|gen|9\n|tier|[Gen 9] Doubles OU\n|rule|Species Clause: Limit one of each Pok\u00e9mon\n|rule|OHKO Clause: OHKO moves are banned\n|rule|Evasion Moves Clause: Evasion moves are banned\n|rule|Gravity Sleep Clause: The combination of sleep-inducing moves with imperfect accuracy and Gravity or Gigantamax Orbeetle are banned\n|rule|Endless Battle Clause: Forcing endless battles is banned\n|rule|HP Percentage Mod: HP is shown in percentages\n|clearpoke\n|poke|p1|Quaquaval, F|\n|poke|p1|Baxcalibur, F|\n|poke|p1|Cinderace, F|\n|poke|p1|Slowbro-Galar, F|\n|poke|p1|Zarude-Dada|\n|poke|p1|Pelipper, M|\n|poke|p2|Lucario, M|\n|poke|p2|Umbreon, M|\n|poke|p2|Arcanine, F|\n|poke|p2|Maushold|\n|poke|p2|Ceruledge, M|\n|poke|p2|Torkoal, M|\n|teampreview\n|\n|t:|1700591037\n|start\n|switch|p1a: Cinderace|Cinderace, F|100\/100\n|switch|p1b: Slowbro|Slowbro-Galar, F|100\/100\n|switch|p2a: Ceruledge|Ceruledge, M, shiny|100\/100\n|switch|p2b: Maushold|Maushold|100\/100\n|turn|1\n|-activate|p1b: Slowbro|item: Quick Claw\n|\n|t:|1700591054\n|switch|p2b: Torkoal|Torkoal, M, shiny|100\/100\n|-weather|SunnyDay|[from] ability: Drought|[of] p2b: Torkoal\n|move|p1b: Slowbro|Nasty Plot|p1b: Slowbro\n|-boost|p1b: Slowbro|spa|2\n|move|p1a: Cinderace|High Jump Kick|p2b: Torkoal|[miss]\n|-start|p1a: Cinderace|typechange|Fighting|[from] ability: Libero\n|-miss|p1a: Cinderace|p2b: Torkoal\n|-damage|p1a: Cinderace|51\/100|[from] highjumpkick\n|move|p2a: Ceruledge|Bitter Blade|p1b: Slowbro\n|-damage|p1b: Slowbro|48\/100\n|\n|-weather|SunnyDay|[upkeep]\n|upkeep\n|turn|2\n|-activate|p1b: Slowbro|ability: Quick Draw\n|\n|t:|1700591089\n|switch|p2b: Arcanine|Arcanine, F, shiny|100\/100\n|-ability|p2b: Arcanine|Intimidate|boost\n|-unboost|p1a: Cinderace|atk|1\n|-unboost|p1b: Slowbro|atk|1\n|move|p1b: Slowbro|Shell Side Arm|p2a: Ceruledge|[anim] Shell Side Arm Special\n|-resisted|p2a: Ceruledge\n|-damage|p2a: Ceruledge|71\/100\n|-hint|Special Shell Side Arm\n|move|p1a: Cinderace|U-turn|p2a: Ceruledge\n|-resisted|p2a: Ceruledge\n|-damage|p2a: Ceruledge|65\/100\n|-damage|p1a: Cinderace|41\/100|[from] item: Life Orb\n|\n|t:|1700591111\n|switch|p1a: Pelipper|Pelipper, M|100\/100|[from] U-turn\n|-weather|RainDance|[from] ability: Drizzle|[of] p1a: Pelipper\n|move|p2a: Ceruledge|Bitter Blade|p1b: Slowbro\n|-damage|p1b: Slowbro|31\/100\n|-heal|p2a: Ceruledge|75\/100|[from] drain|[of] p1b: Slowbro\n|\n|-weather|RainDance|[upkeep]\n|upkeep\n|turn|3\n|\n|t:|1700591136\n|switch|p2b: Torkoal|Torkoal, M, shiny|100\/100\n|-weather|SunnyDay|[from] ability: Drought|[of] p2b: Torkoal\n|move|p2a: Ceruledge|Shadow Sneak|p1b: Slowbro\n|-supereffective|p1b: Slowbro\n|-damage|p1b: Slowbro|2\/100\n|move|p1a: Pelipper|Tailwind|p1a: Pelipper\n|-sidestart|p1: MattCol|move: Tailwind\n|move|p1b: Slowbro|Hydro Pump|p2a: Ceruledge\n|-supereffective|p2a: Ceruledge\n|-damage|p2a: Ceruledge|26\/100\n|-enditem|p2a: Ceruledge|Weakness Policy\n|-boost|p2a: Ceruledge|atk|2|[from] item: Weakness Policy\n|-boost|p2a: Ceruledge|spa|2|[from] item: Weakness Policy\n|\n|-weather|SunnyDay|[upkeep]\n|upkeep\n|turn|4\n|l|\u2606MattCol\n|player|p1|\n|j|\u2606MattCol\n|player|p1|MattCol|266\n|\n|t:|1700591270\n|switch|p1b: Zarude|Zarude-Dada|100\/100\n|switch|p2b: Maushold|Maushold|100\/100\n|-terastallize|p2a: Ceruledge|Fairy\n|move|p1a: Pelipper|Wide Guard|p1a: Pelipper\n|-singleturn|p1a: Pelipper|Wide Guard\n|move|p2a: Ceruledge|Shadow Sneak|p1b: Zarude\n|-resisted|p1b: Zarude\n|-damage|p1b: Zarude|85\/100\n|\n|-weather|SunnyDay|[upkeep]\n|upkeep\n|turn|5\n|\n|t:|1700591403\n|switch|p1a: Slowbro|Slowbro-Galar, F|2\/100\n|move|p2b: Maushold|Follow Me|p2b: Maushold\n|-singleturn|p2b: Maushold|move: Follow Me\n|move|p1b: Zarude|Drain Punch|p2b: Maushold\n|-supereffective|p2b: Maushold\n|-damage|p2b: Maushold|33\/100\n|-heal|p1b: Zarude|100\/100|[from] drain|[of] p2b: Maushold\n|-enditem|p2b: Maushold|Sitrus Berry|[eat]\n|-heal|p2b: Maushold|58\/100|[from] item: Sitrus Berry\n|-heal|p2b: Maushold|92\/100|[from] ability: Cheek Pouch\n|move|p2a: Ceruledge|Bitter Blade|p1a: Slowbro\n|-damage|p1a: Slowbro|0 fnt\n|-heal|p2a: Ceruledge|27\/100|[from] drain|[of] p1a: Slowbro\n|faint|p1a: Slowbro\n|\n|-weather|SunnyDay|[upkeep]\n|upkeep\n|\n|t:|1700591428\n|switch|p1a: Cinderace|Cinderace, F|41\/100\n|turn|6\n|\n|t:|1700591434\n|move|p2b: Maushold|Follow Me|p2b: Maushold\n|-singleturn|p2b: Maushold|move: Follow Me\n|move|p1a: Cinderace|High Jump Kick|p2b: Maushold\n|-start|p1a: Cinderace|typechange|Fighting|[from] ability: Libero\n|-supereffective|p2b: Maushold\n|-damage|p2b: Maushold|0 fnt\n|faint|p2b: Maushold\n|-damage|p1a: Cinderace|31\/100|[from] item: Life Orb\n|move|p1b: Zarude|Crunch|p2a: Ceruledge\n|-resisted|p2a: Ceruledge\n|-damage|p2a: Ceruledge|4\/100\n|move|p2a: Ceruledge|Bitter Blade|p1b: Zarude\n|-supereffective|p1b: Zarude\n|-enditem|p1b: Zarude|Focus Sash\n|-damage|p1b: Zarude|1\/100\n|-heal|p2a: Ceruledge|53\/100|[from] drain|[of] p1b: Zarude\n|\n|-weather|SunnyDay|[upkeep]\n|-sideend|p1: MattCol|move: Tailwind\n|upkeep\n|\n|t:|1700591459\n|switch|p2b: Arcanine|Arcanine, F, shiny|100\/100\n|-ability|p2b: Arcanine|Intimidate|boost\n|-unboost|p1a: Cinderace|atk|1\n|-unboost|p1b: Zarude|atk|1\n|turn|7\n|\n|t:|1700591484\n|move|p2b: Arcanine|Extreme Speed|p1b: Zarude\n|-damage|p1b: Zarude|0 fnt\n|faint|p1b: Zarude\n|move|p1a: Cinderace|High Jump Kick|p2a: Ceruledge\n|-resisted|p2a: Ceruledge\n|-damage|p2a: Ceruledge|21\/100\n|-damage|p1a: Cinderace|21\/100|[from] item: Life Orb\n|move|p2a: Ceruledge|Bitter Blade|p1a: Cinderace\n|-damage|p1a: Cinderace|0 fnt\n|-heal|p2a: Ceruledge|29\/100|[from] drain|[of] p1a: Cinderace\n|faint|p1a: Cinderace\n|\n|-weather|none\n|upkeep\n|\n|t:|1700591500\n|switch|p1a: Pelipper|Pelipper, M|100\/100\n|switch|p1b: Quaquaval|Quaquaval, F|100\/100\n|-weather|RainDance|[from] ability: Drizzle|[of] p1a: Pelipper\n|turn|8\n|\n|t:|1700591528\n|switch|p2b: Torkoal|Torkoal, M, shiny|100\/100\n|-weather|SunnyDay|[from] ability: Drought|[of] p2b: Torkoal\n|move|p1b: Quaquaval|Close Combat|p2a: Ceruledge\n|-resisted|p2a: Ceruledge\n|-damage|p2a: Ceruledge|0 fnt\n|-unboost|p1b: Quaquaval|def|1\n|-unboost|p1b: Quaquaval|spd|1\n|faint|p2a: Ceruledge\n|-ability|p1b: Quaquaval|Moxie|boost\n|-boost|p1b: Quaquaval|atk|1\n|move|p1a: Pelipper|Hydro Pump|p2b: Torkoal|[miss]\n|-miss|p1a: Pelipper|p2b: Torkoal\n|\n|-weather|SunnyDay|[upkeep]\n|upkeep\n|\n|t:|1700591546\n|switch|p2a: Arcanine|Arcanine, F, shiny|100\/100\n|-ability|p2a: Arcanine|Intimidate|boost\n|-unboost|p1a: Pelipper|atk|1\n|-unboost|p1b: Quaquaval|atk|1\n|turn|9\n|\n|t:|1700591574\n|move|p1b: Quaquaval|Bulk Up|p1b: Quaquaval\n|-boost|p1b: Quaquaval|atk|1\n|-boost|p1b: Quaquaval|def|1\n|move|p2a: Arcanine|Will-O-Wisp|p1b: Quaquaval\n|-status|p1b: Quaquaval|brn\n|move|p1a: Pelipper|Tailwind|p1a: Pelipper\n|-sidestart|p1: MattCol|move: Tailwind\n|move|p2b: Torkoal|Lava Plume|p1b: Quaquaval|[spread] p2a,p1a,p1b\n|-resisted|p2a: Arcanine\n|-crit|p2a: Arcanine\n|-resisted|p1a: Pelipper\n|-resisted|p1b: Quaquaval\n|-crit|p1b: Quaquaval\n|-damage|p2a: Arcanine|71\/100\n|-damage|p1a: Pelipper|78\/100\n|-damage|p1b: Quaquaval|37\/100 brn\n|-enditem|p1a: Pelipper|Eject Button\n|\n|t:|1700591588\n|switch|p1a: Baxcalibur|Baxcalibur, F|100\/100\n|\n|-weather|SunnyDay|[upkeep]\n|-heal|p1b: Quaquaval|44\/100 brn|[from] item: Leftovers\n|-damage|p1b: Quaquaval|37\/100 brn|[from] brn\n|upkeep\n|turn|10\n|\n|t:|1700591605\n|switch|p1b: Pelipper|Pelipper, M|78\/100\n|-weather|RainDance|[from] ability: Drizzle|[of] p1b: Pelipper\n|-terastallize|p1a: Baxcalibur|Fairy\n|move|p1a: Baxcalibur|Swords Dance|p1a: Baxcalibur\n|-boost|p1a: Baxcalibur|atk|2\n|move|p2a: Arcanine|Morning Sun|p2a: Arcanine\n|-heal|p2a: Arcanine|96\/100\n|move|p2b: Torkoal|Earth Power|p1a: Baxcalibur\n|-damage|p1a: Baxcalibur|75\/100\n|\n|-weather|RainDance|[upkeep]\n|upkeep\n|turn|11\n|\n|t:|1700591728\n|switch|p2a: Umbreon|Umbreon, M, shiny|100\/100\n|move|p2b: Torkoal|Protect|p2b: Torkoal\n|-singleturn|p2b: Torkoal|Protect\n|move|p1a: Baxcalibur|Earthquake|p2a: Umbreon|[spread] p2a\n|-activate|p2b: Torkoal|move: Protect\n|-immune|p1b: Pelipper\n|-damage|p2a: Umbreon|59\/100\n|move|p1b: Pelipper|Hydro Pump|p2b: Torkoal\n|-activate|p2b: Torkoal|move: Protect\n|\n|-weather|RainDance|[upkeep]\n|-heal|p2a: Umbreon|65\/100|[from] item: Leftovers\n|upkeep\n|turn|12\n|\n|t:|1700591751\n|move|p1a: Baxcalibur|Earthquake|p2b: Torkoal|[spread] p2a,p2b\n|-immune|p1b: Pelipper\n|-supereffective|p2b: Torkoal\n|-damage|p2a: Umbreon|23\/100\n|-damage|p2b: Torkoal|15\/100\n|move|p1b: Pelipper|Hydro Pump|p2a: Umbreon\n|-damage|p2a: Umbreon|0 fnt\n|faint|p2a: Umbreon\n|move|p2b: Torkoal|Clear Smog|p1a: Baxcalibur\n|-supereffective|p1a: Baxcalibur\n|-crit|p1a: Baxcalibur\n|-damage|p1a: Baxcalibur|26\/100\n|-clearboost|p1a: Baxcalibur\n|\n|-weather|RainDance|[upkeep]\n|-sideend|p1: MattCol|move: Tailwind\n|upkeep\n|\n|t:|1700591771\n|switch|p2a: Arcanine|Arcanine, F, shiny|96\/100\n|-ability|p2a: Arcanine|Intimidate|boost\n|-unboost|p1a: Baxcalibur|atk|1\n|-unboost|p1b: Pelipper|atk|1\n|turn|13\n|\n|t:|1700591787\n|move|p1a: Baxcalibur|Protect|p1a: Baxcalibur\n|-singleturn|p1a: Baxcalibur|Protect\n|move|p2b: Torkoal|Protect|p2b: Torkoal\n|-singleturn|p2b: Torkoal|Protect\n|move|p2a: Arcanine|Extreme Speed|p1a: Baxcalibur\n|-activate|p1a: Baxcalibur|move: Protect\n|move|p1b: Pelipper|Hydro Pump|p2a: Arcanine\n|-supereffective|p2a: Arcanine\n|-damage|p2a: Arcanine|0 fnt\n|faint|p2a: Arcanine\n|\n|-weather|RainDance|[upkeep]\n|upkeep\n|\n|t:|1700591791\n|switch|p2a: Lucario|Lucario, M|100\/100\n|turn|14\n|\n|t:|1700591814\n|move|p2b: Torkoal|Protect||[still]\n|-fail|p2b: Torkoal\n|move|p2a: Lucario|Extreme Speed|p1a: Baxcalibur\n|-damage|p1a: Baxcalibur|2\/100\n|move|p1a: Baxcalibur|Earthquake|p2b: Torkoal|[spread] p2a,p2b\n|-immune|p1b: Pelipper\n|-supereffective|p2a: Lucario\n|-supereffective|p2b: Torkoal\n|-damage|p2a: Lucario|35\/100\n|-damage|p2b: Torkoal|0 fnt\n|faint|p2b: Torkoal\n|move|p1b: Pelipper|Hydro Pump|p2a: Lucario\n|-damage|p2a: Lucario|0 fnt\n|faint|p2a: Lucario\n|\n|win|MattCol\n|l|\u2606MattCol\n","uploadtime":1700591839,"views":9,"p1id":"mattcol","p2id":"gonegeb","formatid":"gen9doublesou","rating":0,"private":0,"password":""}