{"id":"gen9doublesou-1987881311","p1":"Ex0tic_s0da","p2":"je1124","format":"[Gen 9] Doubles OU","log":"|j|\u2606Ex0tic_s0da\n|j|\u2606je1124\n|t:|1699645470\n|gametype|doubles\n|player|p1|Ex0tic_s0da|n|1048\n|player|p2|je1124|blackbelt-gen4dp|1000\n|teamsize|p1|6\n|teamsize|p2|5\n|gen|9\n|tier|[Gen 9] Doubles OU\n|rated|\n|rule|Species Clause: Limit one of each Pok\u00e9mon\n|rule|OHKO Clause: OHKO moves are banned\n|rule|Evasion Moves Clause: Evasion moves are banned\n|rule|Gravity Sleep Clause: The combination of sleep-inducing moves with imperfect accuracy and Gravity or Gigantamax Orbeetle are banned\n|rule|Endless Battle Clause: Forcing endless battles is banned\n|rule|HP Percentage Mod: HP is shown in percentages\n|clearpoke\n|poke|p1|Greedent, M|\n|poke|p1|Oranguru, M|\n|poke|p1|Sinistcha-Masterpiece|\n|poke|p1|Sliggoo-Hisui, M|\n|poke|p1|Indeedee-F, F|\n|poke|p1|Ribombee, F|\n|poke|p2|Blissey, F|\n|poke|p2|Jirachi|\n|poke|p2|Passimian, M|\n|poke|p2|Sinistcha-Masterpiece|\n|poke|p2|Murkrow, M|\n|teampreview\n|inactive|Battle timer is ON: inactive players will automatically lose when time's up. (requested by Ex0tic_s0da)\n|\n|t:|1699645497\n|start\n|switch|p1a: Greedent|Greedent, M, shiny|100\/100\n|switch|p1b: Indeedee|Indeedee-F, F, shiny|100\/100\n|switch|p2a: Jirachi|Jirachi|100\/100\n|switch|p2b: Passimian|Passimian, M|100\/100\n|-fieldstart|move: Psychic Terrain|[from] ability: Psychic Surge|[of] p1b: Indeedee\n|turn|1\n|\n|t:|1699645510\n|move|p2a: Jirachi|Healing Wish|p2a: Jirachi\n|faint|p2a: Jirachi\n|-ability|p2b: Passimian|Serene Grace|[from] ability: Receiver|[of] p2a: Jirachi\n|move|p2b: Passimian|Rock Slide|p1a: Greedent|[spread] p1a,p1b\n|-crit|p1b: Indeedee\n|-damage|p1a: Greedent|86\/100\n|-damage|p1b: Indeedee|67\/100\n|cant|p1b: Indeedee|flinch\n|cant|p1a: Greedent|flinch\n|\n|upkeep\n|\n|t:|1699645522\n|switch|p2a: Murkrow|Murkrow, M|100\/100\n|turn|2\n|\n|t:|1699645534\n|move|p2a: Murkrow|Tailwind|p2a: Murkrow\n|-sidestart|p2: je1124|move: Tailwind\n|move|p2b: Passimian|Rock Slide|p1b: Indeedee|[spread] p1b\n|-miss|p2b: Passimian|p1a: Greedent\n|-damage|p1b: Indeedee|46\/100\n|cant|p1b: Indeedee|flinch\n|move|p1a: Greedent|Belly Drum|p1a: Greedent\n|-damage|p1a: Greedent|36\/100\n|-setboost|p1a: Greedent|atk|6|[from] move: Belly Drum\n|-enditem|p1a: Greedent|Sitrus Berry|[eat]\n|-heal|p1a: Greedent|61\/100|[from] item: Sitrus Berry\n|-heal|p1a: Greedent|94\/100|[from] ability: Cheek Pouch\n|\n|upkeep\n|turn|3\n|\n|t:|1699645554\n|switch|p2a: Blissey|Blissey, F|100\/100\n|move|p1b: Indeedee|Follow Me|p1b: Indeedee\n|-singleturn|p1b: Indeedee|move: Follow Me\n|move|p2b: Passimian|Rock Slide|p1a: Greedent|[spread] p1a,p1b\n|-damage|p1a: Greedent|80\/100\n|-damage|p1b: Indeedee|26\/100\n|move|p1a: Greedent|Knock Off|p2b: Passimian\n|-resisted|p2b: Passimian\n|-damage|p2b: Passimian|37\/100\n|-enditem|p2b: Passimian|Choice Scarf|[from] move: Knock Off|[of] p1a: Greedent\n|\n|upkeep\n|turn|4\n|\n|t:|1699645574\n|move|p2a: Blissey|Rock Slide|p1a: Greedent|[spread] p1a,p1b\n|-damage|p1a: Greedent|75\/100\n|-damage|p1b: Indeedee|19\/100\n|move|p2b: Passimian|Rock Slide|p1a: Greedent|[spread] p1a,p1b\n|-damage|p1a: Greedent|60\/100\n|-damage|p1b: Indeedee|0 fnt\n|faint|p1b: Indeedee\n|cant|p1a: Greedent|flinch\n|\n|upkeep\n|\n|t:|1699645585\n|switch|p1b: Oranguru|Oranguru, M, shiny|100\/100\n|turn|5\n|\n|t:|1699645593\n|move|p2a: Blissey|Rock Slide|p1a: Greedent|[spread] p1a,p1b\n|-damage|p1a: Greedent|55\/100\n|-damage|p1b: Oranguru|95\/100\n|move|p2b: Passimian|Rock Slide|p1b: Oranguru|[spread] p1a,p1b\n|-damage|p1a: Greedent|41\/100\n|-damage|p1b: Oranguru|78\/100\n|cant|p1b: Oranguru|flinch\n|cant|p1a: Greedent|flinch\n|\n|-heal|p1b: Oranguru|84\/100|[from] item: Leftovers\n|-sideend|p2: je1124|move: Tailwind\n|-fieldend|move: Psychic Terrain\n|upkeep\n|turn|6\n|\n|t:|1699645617\n|move|p2a: Blissey|Rock Slide|p1b: Oranguru|[spread] p1b\n|-miss|p2a: Blissey|p1a: Greedent\n|-damage|p1b: Oranguru|78\/100\n|move|p2b: Passimian|Rock Slide|p1b: Oranguru|[spread] p1a,p1b\n|-damage|p1a: Greedent|26\/100\n|-damage|p1b: Oranguru|60\/100\n|cant|p1b: Oranguru|flinch\n|cant|p1a: Greedent|flinch\n|\n|-heal|p1b: Oranguru|67\/100|[from] item: Leftovers\n|upkeep\n|turn|7\n|\n|t:|1699645644\n|move|p2a: Blissey|Rock Slide|p1b: Oranguru|[spread] p1a,p1b\n|-damage|p1a: Greedent|20\/100\n|-damage|p1b: Oranguru|60\/100\n|move|p2b: Passimian|Rock Slide|p1b: Oranguru|[spread] p1a,p1b\n|-damage|p1a: Greedent|4\/100\n|-damage|p1b: Oranguru|43\/100\n|cant|p1b: Oranguru|flinch\n|cant|p1a: Greedent|flinch\n|\n|-heal|p1b: Oranguru|50\/100|[from] item: Leftovers\n|upkeep\n|turn|8\n|\n|t:|1699645661\n|move|p2a: Blissey|Rock Slide|p1a: Greedent|[spread] p1a,p1b\n|-damage|p1a: Greedent|0 fnt\n|-damage|p1b: Oranguru|43\/100\n|faint|p1a: Greedent\n|move|p2b: Passimian|Rock Slide|p1b: Oranguru\n|-damage|p1b: Oranguru|21\/100\n|cant|p1b: Oranguru|flinch\n|\n|-heal|p1b: Oranguru|27\/100|[from] item: Leftovers\n|upkeep\n|\n|t:|1699645675\n|switch|p1a: Sinistcha|Sinistcha-Masterpiece, shiny|100\/100\n|-heal|p1b: Oranguru|52\/100|[from] ability: Hospitality|[of] p1a: Sinistcha\n|turn|9\n|\n|t:|1699645690\n|move|p2a: Blissey|Rock Slide|p1b: Oranguru|[spread] p1a,p1b\n|-damage|p1a: Sinistcha|94\/100\n|-damage|p1b: Oranguru|46\/100\n|move|p2b: Passimian|Rock Slide|p1a: Sinistcha|[spread] p1a,p1b\n|-damage|p1a: Sinistcha|78\/100\n|-damage|p1b: Oranguru|31\/100\n|cant|p1a: Sinistcha|flinch\n|cant|p1b: Oranguru|flinch\n|\n|-heal|p1a: Sinistcha|84\/100|[from] item: Leftovers\n|-heal|p1b: Oranguru|37\/100|[from] item: Leftovers\n|upkeep\n|turn|10\n|\n|t:|1699645715\n|move|p2a: Blissey|Rock Slide|p1a: Sinistcha|[spread] p1a,p1b\n|-damage|p1a: Sinistcha|79\/100\n|-damage|p1b: Oranguru|32\/100\n|move|p2b: Passimian|Rock Slide|p1a: Sinistcha|[spread] p1a,p1b\n|-damage|p1a: Sinistcha|62\/100\n|-damage|p1b: Oranguru|14\/100\n|move|p1a: Sinistcha|Calm Mind|p1a: Sinistcha\n|-boost|p1a: Sinistcha|spa|1\n|-boost|p1a: Sinistcha|spd|1\n|cant|p1b: Oranguru|flinch\n|\n|-heal|p1a: Sinistcha|68\/100|[from] item: Leftovers\n|-heal|p1b: Oranguru|20\/100|[from] item: Leftovers\n|upkeep\n|turn|11\n|\n|t:|1699645733\n|move|p2a: Blissey|Rock Slide|p1b: Oranguru|[spread] p1a,p1b\n|-damage|p1a: Sinistcha|62\/100\n|-damage|p1b: Oranguru|15\/100\n|move|p2b: Passimian|Rock Slide|p1b: Oranguru|[spread] p1a,p1b\n|-damage|p1a: Sinistcha|45\/100\n|-damage|p1b: Oranguru|0 fnt\n|faint|p1b: Oranguru\n|cant|p1a: Sinistcha|flinch\n|\n|-heal|p1a: Sinistcha|51\/100|[from] item: Leftovers\n|upkeep\n|\n|t:|1699645748\n|switch|p1b: Sliggoo|Sliggoo-Hisui, M, shiny|100\/100\n|turn|12\n|\n|t:|1699645756\n|move|p2a: Blissey|Rock Slide|p1b: Sliggoo|[spread] p1a\n|-miss|p2a: Blissey|p1b: Sliggoo\n|-damage|p1a: Sinistcha|45\/100\n|move|p2b: Passimian|Rock Slide|p1a: Sinistcha|[spread] p1a\n|-miss|p2b: Passimian|p1b: Sliggoo\n|-damage|p1a: Sinistcha|29\/100\n|cant|p1a: Sinistcha|flinch\n|move|p1b: Sliggoo|Acid Armor|p1b: Sliggoo\n|-boost|p1b: Sliggoo|def|2\n|\n|-heal|p1a: Sinistcha|35\/100|[from] item: Leftovers\n|upkeep\n|turn|13\n|\n|t:|1699645776\n|move|p2a: Blissey|Rock Slide|p1b: Sliggoo|[spread] p1b\n|-miss|p2a: Blissey|p1a: Sinistcha\n|-resisted|p1b: Sliggoo\n|-damage|p1b: Sliggoo|99\/100\n|move|p2b: Passimian|Rock Slide|p1a: Sinistcha|[spread] p1a,p1b\n|-resisted|p1b: Sliggoo\n|-damage|p1a: Sinistcha|17\/100\n|-damage|p1b: Sliggoo|96\/100\n|cant|p1a: Sinistcha|flinch\n|cant|p1b: Sliggoo|flinch\n|\n|-heal|p1a: Sinistcha|23\/100|[from] item: Leftovers\n|upkeep\n|turn|14\n|\n|t:|1699645797\n|move|p2a: Blissey|Rock Slide|p1b: Sliggoo|[spread] p1a,p1b\n|-resisted|p1b: Sliggoo\n|-damage|p1a: Sinistcha|17\/100\n|-damage|p1b: Sliggoo|95\/100\n|move|p2b: Passimian|Rock Slide|p1a: Sinistcha|[spread] p1a,p1b\n|-resisted|p1b: Sliggoo\n|-damage|p1a: Sinistcha|1\/100\n|-damage|p1b: Sliggoo|92\/100\n|cant|p1a: Sinistcha|flinch\n|cant|p1b: Sliggoo|flinch\n|\n|-heal|p1a: Sinistcha|7\/100|[from] item: Leftovers\n|upkeep\n|turn|15\n|\n|t:|1699645816\n|move|p2a: Blissey|Rock Slide|p1a: Sinistcha|[spread] p1a,p1b\n|-resisted|p1b: Sliggoo\n|-damage|p1a: Sinistcha|1\/100\n|-damage|p1b: Sliggoo|90\/100\n|move|p2b: Passimian|Rock Slide|p1b: Sliggoo|[spread] p1a,p1b\n|-resisted|p1b: Sliggoo\n|-damage|p1a: Sinistcha|0 fnt\n|-damage|p1b: Sliggoo|87\/100\n|faint|p1a: Sinistcha\n|move|p1b: Sliggoo|Acid Armor|p1b: Sliggoo\n|-boost|p1b: Sliggoo|def|2\n|\n|upkeep\n|\n|t:|1699645827\n|switch|p1a: Ribombee|Ribombee, F|100\/100\n|turn|16\n|\n|t:|1699645835\n|move|p1a: Ribombee|Moonblast|p2b: Passimian\n|-supereffective|p2b: Passimian\n|-damage|p2b: Passimian|0 fnt\n|faint|p2b: Passimian\n|move|p2a: Blissey|Rock Slide|p1a: Ribombee|[spread] p1a\n|-miss|p2a: Blissey|p1b: Sliggoo\n|-supereffective|p1a: Ribombee\n|-damage|p1a: Ribombee|74\/100\n|move|p1b: Sliggoo|Acid Armor|p1b: Sliggoo\n|-boost|p1b: Sliggoo|def|2\n|\n|-heal|p1a: Ribombee|80\/100|[from] item: Leftovers\n|upkeep\n|\n|t:|1699645846\n|switch|p2b: Murkrow|Murkrow, M|100\/100\n|turn|17\n|\n|t:|1699645861\n|move|p2b: Murkrow|Tailwind|p2b: Murkrow\n|-sidestart|p2: je1124|move: Tailwind\n|move|p2a: Blissey|Rock Slide|p1b: Sliggoo|[spread] p1a,p1b\n|-supereffective|p1a: Ribombee\n|-resisted|p1b: Sliggoo\n|-damage|p1a: Ribombee|54\/100\n|-damage|p1b: Sliggoo|87\/100\n|move|p1a: Ribombee|Quiver Dance|p1a: Ribombee\n|-boost|p1a: Ribombee|spa|1\n|-boost|p1a: Ribombee|spd|1\n|-boost|p1a: Ribombee|spe|1\n|move|p1b: Sliggoo|Steel Beam|p2b: Murkrow|[miss]\n|-miss|p1b: Sliggoo|p2b: Murkrow\n|-damage|p1b: Sliggoo|37\/100|[from] steelbeam\n|\n|-heal|p1a: Ribombee|60\/100|[from] item: Leftovers\n|upkeep\n|turn|18\n|\n|t:|1699645887\n|move|p2a: Blissey|Rock Slide|p1b: Sliggoo|[spread] p1a,p1b\n|-supereffective|p1a: Ribombee\n|-resisted|p1b: Sliggoo\n|-damage|p1a: Ribombee|36\/100\n|-damage|p1b: Sliggoo|36\/100\n|move|p2b: Murkrow|Hurricane|p1b: Sliggoo|[miss]\n|-miss|p2b: Murkrow|p1b: Sliggoo\n|move|p1a: Ribombee|Moonblast|p2b: Murkrow\n|-supereffective|p2b: Murkrow\n|-enditem|p2b: Murkrow|Focus Sash\n|-damage|p2b: Murkrow|1\/100\n|-unboost|p2b: Murkrow|spa|1\n|cant|p1b: Sliggoo|flinch\n|\n|-heal|p1a: Ribombee|42\/100|[from] item: Leftovers\n|upkeep\n|turn|19\n|inactive|Ex0tic_s0da has 120 seconds left.\n|\n|t:|1699645920\n|move|p2a: Blissey|Rock Slide|p1a: Ribombee|[spread] p1a,p1b\n|-supereffective|p1a: Ribombee\n|-resisted|p1b: Sliggoo\n|-damage|p1a: Ribombee|17\/100\n|-damage|p1b: Sliggoo|36\/100\n|move|p2b: Murkrow|Hurricane|p1b: Sliggoo\n|-resisted|p1b: Sliggoo\n|-damage|p1b: Sliggoo|27\/100\n|move|p1a: Ribombee|Moonblast|p2b: Murkrow\n|-supereffective|p2b: Murkrow\n|-damage|p2b: Murkrow|0 fnt\n|faint|p2b: Murkrow\n|cant|p1b: Sliggoo|flinch\n|\n|-heal|p1a: Ribombee|23\/100|[from] item: Leftovers\n|upkeep\n|\n|t:|1699645933\n|switch|p2b: Sinistcha|Sinistcha-Masterpiece|100\/100\n|turn|20\n|\n|t:|1699645956\n|-activate|p2a: Blissey|move: Struggle\n|move|p2a: Blissey|Struggle|p1b: Sliggoo\n|-damage|p1b: Sliggoo|25\/100\n|-ability|p1b: Sliggoo|Gooey\n|-unboost|p2a: Blissey|spe|1\n|-damage|p2a: Blissey|75\/100|[from] recoil\n|move|p1a: Ribombee|Moonblast|p2b: Sinistcha\n|-damage|p2b: Sinistcha|33\/100\n|move|p2b: Sinistcha|Matcha Gotcha|p1b: Sliggoo|[spread] p1a,p1b\n|-resisted|p1a: Ribombee\n|-resisted|p1b: Sliggoo\n|-damage|p1a: Ribombee|6\/100\n|-heal|p2b: Sinistcha|39\/100|[from] drain|[of] p1a: Ribombee\n|-damage|p1b: Sliggoo|22\/100\n|-heal|p2b: Sinistcha|41\/100|[from] drain|[of] p1b: Sliggoo\n|move|p1b: Sliggoo|Rest|p1b: Sliggoo\n|-block|p1b: Sliggoo|ability: Sweet Veil|[of] p1a: Ribombee\n|\n|-heal|p1a: Ribombee|12\/100|[from] item: Leftovers\n|-heal|p2b: Sinistcha|47\/100|[from] item: Leftovers\n|-sideend|p2: je1124|move: Tailwind\n|upkeep\n|turn|21\n|inactive|Ex0tic_s0da has 120 seconds left.\n|inactive|je1124 has 120 seconds left.\n|\n|t:|1699645996\n|move|p1a: Ribombee|Moonblast|p2b: Sinistcha\n|-damage|p2b: Sinistcha|0 fnt\n|faint|p2b: Sinistcha\n|-activate|p2a: Blissey|move: Struggle\n|move|p2a: Blissey|Struggle|p1a: Ribombee\n|-damage|p1a: Ribombee|0 fnt\n|faint|p1a: Ribombee\n|-damage|p2a: Blissey|50\/100|[from] recoil\n|move|p1b: Sliggoo|Steel Beam|p2a: Blissey\n|-damage|p2a: Blissey|32\/100\n|-damage|p1b: Sliggoo|0 fnt|[from] steelbeam\n|faint|p1b: Sliggoo\n|\n|win|je1124\n|raw|Ex0tic_s0da's rating: 1048 &rarr; <strong>1028<\/strong><br \/>(-20 for losing)\n|raw|je1124's rating: 1000 &rarr; <strong>1045<\/strong><br \/>(+45 for winning)\n|l|\u2606Ex0tic_s0da\n","uploadtime":1699646022,"views":9,"p1id":"ex0tics0da","p2id":"je1124","formatid":"gen9doublesou","rating":1028,"private":0,"password":""}