{"id":"gen9doublesou-1974592152","p1":"JmasterSwag","p2":"Btucks6203","format":"[Gen 9] Doubles OU","log":"|j|\u2606JmasterSwag\n|j|\u2606Btucks6203\n|t:|1698100496\n|gametype|doubles\n|player|p1|JmasterSwag|bea|\n|player|p2|Btucks6203|colress|\n|teamsize|p1|6\n|teamsize|p2|6\n|gen|9\n|tier|[Gen 9] Doubles OU\n|rule|Species Clause: Limit one of each Pok\u00e9mon\n|rule|OHKO Clause: OHKO moves are banned\n|rule|Evasion Moves Clause: Evasion moves are banned\n|rule|Gravity Sleep Clause: The combination of sleep-inducing moves with imperfect accuracy and Gravity or Gigantamax Orbeetle are banned\n|rule|Endless Battle Clause: Forcing endless battles is banned\n|rule|HP Percentage Mod: HP is shown in percentages\n|clearpoke\n|poke|p1|Glimmora, F|\n|poke|p1|Ogerpon-Hearthflame, F|\n|poke|p1|Sinistcha-Masterpiece|\n|poke|p1|Fezandipiti, M|\n|poke|p1|Walking Wake|\n|poke|p1|Torkoal, M|\n|poke|p2|Maushold|\n|poke|p2|Dudunsparce-*, M|\n|poke|p2|Flamigo, F|\n|poke|p2|Lucario, M|\n|poke|p2|Dragonite, M|\n|poke|p2|Ursaluna, M|\n|teampreview\n|inactive|Battle timer is ON: inactive players will automatically lose when time's up. (requested by Btucks6203)\n|c|\u2606Btucks6203|oh\n|c|\u2606Btucks6203|u mother fucker XD\n|c|\u2606JmasterSwag|Im back\n|c|\u2606JmasterSwag|xD\n|c|\u2606Btucks6203|KEEP IT AWAY\n|inactive|JmasterSwag has 270 seconds left.\n|c|\u2606JmasterSwag|you can't escape it now\n|\n|t:|1698100536\n|start\n|switch|p1a: Dipititititi|Fezandipiti, M|100\/100\n|switch|p1b: MichaelAngelo|Torkoal, M, shiny|100\/100\n|switch|p2a: Red moon|Ursaluna, M, shiny|100\/100\n|switch|p2b: Yishu|Dragonite, M, shiny|100\/100\n|-weather|SunnyDay|[from] ability: Drought|[of] p1b: MichaelAngelo\n|turn|1\n|c|\u2606Btucks6203|*insert 4th wall break* lil did he know i changed up on him\n|inactive|Btucks6203 has 270 seconds left.\n|\n|t:|1698100567\n|move|p1b: MichaelAngelo|Protect|p1b: MichaelAngelo\n|-singleturn|p1b: MichaelAngelo|Protect\n|move|p1a: Dipititititi|Icy Wind|p2a: Red moon|[spread] p2a,p2b\n|-supereffective|p2a: Red moon\n|-supereffective|p2b: Yishu\n|-damage|p2a: Red moon|87\/100\n|-damage|p2b: Yishu|86\/100\n|-unboost|p2a: Red moon|spe|1\n|-unboost|p2b: Yishu|spe|1\n|-status|p2a: Red moon|tox|[from] ability: Toxic Chain|[of] p1a: Dipititititi\n|-enditem|p2b: Yishu|Weakness Policy\n|-boost|p2b: Yishu|atk|2|[from] item: Weakness Policy\n|-boost|p2b: Yishu|spa|2|[from] item: Weakness Policy\n|move|p2b: Yishu|Tailwind|p2b: Yishu\n|-sidestart|p2: Btucks6203|move: Tailwind\n|move|p2a: Red moon|Swords Dance|p2a: Red moon\n|-boost|p2a: Red moon|atk|2\n|\n|-weather|SunnyDay|[upkeep]\n|-damage|p2a: Red moon|81\/100 tox|[from] psn\n|upkeep\n|turn|2\n|c|\u2606JmasterSwag|oh no\n|inactive|JmasterSwag has 270 seconds left.\n|\n|t:|1698100598\n|-terastallize|p1b: MichaelAngelo|Water\n|move|p1a: Dipititititi|Tailwind|p1a: Dipititititi\n|-sidestart|p1: JmasterSwag|move: Tailwind\n|move|p2b: Yishu|Stomping Tantrum|p1a: Dipititititi\n|-supereffective|p1a: Dipititititi\n|-damage|p1a: Dipititititi|0 fnt\n|faint|p1a: Dipititititi\n|move|p2a: Red moon|Facade|p1b: MichaelAngelo\n|-damage|p1b: MichaelAngelo|0 fnt\n|faint|p1b: MichaelAngelo\n|\n|-weather|SunnyDay|[upkeep]\n|-damage|p2a: Red moon|68\/100 tox|[from] psn\n|upkeep\n|inactive|JmasterSwag has 270 seconds left.\n|c|\u2606JmasterSwag|NOO\n|c|\u2606Btucks6203|THE TURTLE HAS FAILED U\n|c|\u2606Btucks6203|WHAT WILL U DO NOW???\n|c|\u2606JmasterSwag|HE'S TOO SLOW\n|\n|t:|1698100630\n|switch|p1a: *Cough*|Glimmora, F|100\/100\n|switch|p1b: Woke Walking|Walking Wake|100\/100\n|-activate|p1b: Woke Walking|ability: Protosynthesis\n|-start|p1b: Woke Walking|protosynthesisspe\n|turn|3\n|\n|t:|1698100645\n|-terastallize|p2a: Red moon|Normal\n|move|p1b: Woke Walking|Draco Meteor|p2b: Yishu\n|-supereffective|p2b: Yishu\n|-damage|p2b: Yishu|0 fnt\n|-unboost|p1b: Woke Walking|spa|2\n|faint|p2b: Yishu\n|move|p1a: *Cough*|Mortal Spin|p2a: Red moon\n|-damage|p2a: Red moon|64\/100 tox\n|move|p2a: Red moon|Earthquake|p1a: *Cough*|[spread] p1a,p1b\n|-supereffective|p1a: *Cough*\n|-enditem|p1a: *Cough*|Focus Sash\n|-damage|p1a: *Cough*|1\/100\n|-damage|p1b: Woke Walking|0 fnt\n|-activate|p1a: *Cough*|ability: Toxic Debris\n|-sidestart|p2: Btucks6203|move: Toxic Spikes\n|faint|p1b: Woke Walking\n|-end|p1b: Woke Walking|Protosynthesis|[silent]\n|\n|-weather|SunnyDay|[upkeep]\n|-damage|p2a: Red moon|45\/100 tox|[from] psn\n|upkeep\n|inactive|JmasterSwag has 270 seconds left.\n|\n|t:|1698100665\n|switch|p1b: Ogerbonk|Ogerpon-Hearthflame, F|100\/100\n|switch|p2b: Reality check|Flamigo, F, shiny|100\/100\n|-ability|p1b: Ogerbonk|Mold Breaker\n|-copyboost|p2b: Reality check|p2a: Red moon|[from] ability: Costar\n|-enditem|p2b: Reality check|White Herb\n|-clearnegativeboost|p2b: Reality check|[silent]\n|turn|4\n|\n|t:|1698100687\n|move|p1b: Ogerbonk|Spiky Shield|p1b: Ogerbonk\n|-singleturn|p1b: Ogerbonk|move: Protect\n|move|p2b: Reality check|Acrobatics|p1b: Ogerbonk\n|-activate|p1b: Ogerbonk|move: Protect\n|-damage|p2b: Reality check|88\/100|[from] Spiky Shield|[of] p1b: Ogerbonk\n|move|p1a: *Cough*|Earth Power|p2a: Red moon\n|-damage|p2a: Red moon|16\/100 tox\n|move|p2a: Red moon|Earthquake|p1b: Ogerbonk|[spread] p1a\n|-activate|p1b: Ogerbonk|move: Protect\n|-immune|p2b: Reality check\n|-supereffective|p1a: *Cough*\n|-damage|p1a: *Cough*|0 fnt\n|-activate|p1a: *Cough*|ability: Toxic Debris\n|-sidestart|p2: Btucks6203|move: Toxic Spikes\n|faint|p1a: *Cough*\n|\n|-weather|SunnyDay|[upkeep]\n|-damage|p2a: Red moon|0 fnt|[from] psn\n|faint|p2a: Red moon\n|-sideend|p2: Btucks6203|move: Tailwind\n|upkeep\n|c|\u2606Btucks6203|time for a reality check\n|c|\u2606Btucks6203|u ready?\n|c|\u2606JmasterSwag|ogerbonk is ready\n|\n|t:|1698100714\n|switch|p1a: Screwdriver|Sinistcha-Masterpiece|100\/100\n|switch|p2a: Anubis|Lucario, M, shiny|100\/100\n|turn|5\n|c|\u2606JmasterSwag|wait\n|\n|t:|1698100723\n|move|p1a: Screwdriver|Rage Powder|p1a: Screwdriver\n|-singleturn|p1a: Screwdriver|move: Rage Powder\n|move|p1b: Ogerbonk|Ivy Cudgel|p2b: Reality check\n|-damage|p2b: Reality check|0 fnt\n|faint|p2b: Reality check\n|move|p2a: Anubis|Drain Punch|p1a: Screwdriver\n|-immune|p1a: Screwdriver\n|\n|-weather|none\n|-sideend|p1: JmasterSwag|move: Tailwind\n|upkeep\n|c|\u2606JmasterSwag|no\n|c|\u2606JmasterSwag|its that a beat up lucario\n|\n|t:|1698100732\n|switch|p2b: Hi how are ya|Dudunsparce-Three-Segment, M, shiny|100\/100\n|-status|p2b: Hi how are ya|tox\n|turn|6\n|\n|t:|1698100750\n|move|p1b: Ogerbonk|Ivy Cudgel|p2a: Anubis\n|-supereffective|p2a: Anubis\n|-enditem|p2a: Anubis|Focus Sash\n|-damage|p2a: Anubis|1\/100\n|move|p2a: Anubis|Crunch|p1a: Screwdriver\n|-supereffective|p1a: Screwdriver\n|-damage|p1a: Screwdriver|62\/100\n|move|p1a: Screwdriver|Matcha Gotcha|p2b: Hi how are ya|[spread] p2a,p2b\n|-resisted|p2a: Anubis\n|-damage|p2a: Anubis|0 fnt\n|-heal|p1a: Screwdriver|63\/100|[from] drain|[of] p2a: Anubis\n|-damage|p2b: Hi how are ya|78\/100 tox\n|-heal|p1a: Screwdriver|77\/100|[from] drain|[of] p2b: Hi how are ya\n|faint|p2a: Anubis\n|move|p2b: Hi how are ya|Coil|p2b: Hi how are ya\n|-boost|p2b: Hi how are ya|atk|1\n|-boost|p2b: Hi how are ya|def|1\n|-boost|p2b: Hi how are ya|accuracy|1\n|\n|-heal|p1a: Screwdriver|83\/100|[from] item: Leftovers\n|-damage|p2b: Hi how are ya|72\/100 tox|[from] psn\n|upkeep\n|c|\u2606Btucks6203|no but u just gave me a evil idea\n|\n|t:|1698100762\n|switch|p2a: Rat King|Maushold, shiny|100\/100\n|-status|p2a: Rat King|tox\n|turn|7\n|\n|t:|1698100774\n|move|p1a: Screwdriver|Rage Powder|p1a: Screwdriver\n|-singleturn|p1a: Screwdriver|move: Rage Powder\n|move|p2a: Rat King|Beat Up|p1a: Screwdriver\n|-supereffective|p1a: Screwdriver\n|-damage|p1a: Screwdriver|80\/100\n|-hitcount|p1a: Screwdriver|1\n|move|p1b: Ogerbonk|Ivy Cudgel|p2a: Rat King\n|-damage|p2a: Rat King|25\/100 tox\n|move|p2b: Hi how are ya|Stored Power|p1a: Screwdriver\n|-damage|p1a: Screwdriver|63\/100\n|\n|-heal|p1a: Screwdriver|69\/100|[from] item: Leftovers\n|-damage|p2a: Rat King|18\/100 tox|[from] psn\n|-damage|p2b: Hi how are ya|60\/100 tox|[from] psn\n|upkeep\n|turn|8\n|c|\u2606JmasterSwag|IM SAVED\n|c|\u2606Btucks6203|damn\n|c|\u2606Btucks6203|gg\n|c|\u2606Btucks6203|now u ready for v2?\n|-message|Btucks6203 forfeited.\n|\n|win|JmasterSwag\n|l|\u2606Btucks6203\n|c|\u2606JmasterSwag|gg!\n|c|\u2606JmasterSwag|sure\n","uploadtime":1698100815,"views":16,"p1id":"jmasterswag","p2id":"btucks6203","formatid":"gen9doublesou","rating":0,"private":0,"password":""}