{"id":"gen9doublesou-1991166512","p1":"Marteaupilon","p2":"GhetsisTime","format":"[Gen 9] Doubles OU","log":"|j|\u2606Marteaupilon\n|j|\u2606GhetsisTime\n|t:|1700052589\n|gametype|doubles\n|player|p1|Marteaupilon|265|1159\n|player|p2|GhetsisTime|ghetsis-gen5bw|1229\n|teamsize|p1|6\n|teamsize|p2|6\n|gen|9\n|tier|[Gen 9] Doubles OU\n|rated|\n|rule|Species Clause: Limit one of each Pok\u00e9mon\n|rule|OHKO Clause: OHKO moves are banned\n|rule|Evasion Moves Clause: Evasion moves are banned\n|rule|Gravity Sleep Clause: The combination of sleep-inducing moves with imperfect accuracy and Gravity or Gigantamax Orbeetle are banned\n|rule|Endless Battle Clause: Forcing endless battles is banned\n|rule|HP Percentage Mod: HP is shown in percentages\n|clearpoke\n|poke|p1|Tornadus, M|\n|poke|p1|Brambleghast, M|\n|poke|p1|Landorus-Therian, M|\n|poke|p1|Corviknight, M|\n|poke|p1|Zoroark-Hisui, M|\n|poke|p1|Clefairy, F|\n|poke|p2|Dipplin, F|\n|poke|p2|Iron Bundle|\n|poke|p2|Chi-Yu|\n|poke|p2|Farigiraf, F|\n|poke|p2|Landorus-Therian, M|\n|poke|p2|Iron Hands|\n|teampreview\n|\n|t:|1700052616\n|start\n|switch|p1a: Tornadus|Tornadus, M|100\/100\n|switch|p1b: Brambleghast|Brambleghast, M|100\/100\n|switch|p2a: Iron Bundle|Iron Bundle|100\/100\n|switch|p2b: Chi-Yu|Chi-Yu|100\/100\n|-ability|p2b: Chi-Yu|Beads of Ruin\n|-enditem|p2a: Iron Bundle|Booster Energy\n|-activate|p2a: Iron Bundle|ability: Quark Drive|[fromitem]\n|-start|p2a: Iron Bundle|quarkdrivespe\n|turn|1\n|\n|t:|1700052647\n|move|p1a: Tornadus|Tailwind|p1a: Tornadus\n|-sidestart|p1: Marteaupilon|move: Tailwind\n|-ability|p1b: Brambleghast|Wind Rider|boost\n|-boost|p1b: Brambleghast|atk|1\n|move|p1b: Brambleghast|Poltergeist||[still]\n|-fail|p1b: Brambleghast\n|move|p2a: Iron Bundle|Icy Wind|p1b: Brambleghast|[spread] p1a\n|-ability|p1b: Brambleghast|Wind Rider|boost\n|-boost|p1b: Brambleghast|atk|1\n|-supereffective|p1a: Tornadus\n|-damage|p1a: Tornadus|44\/100\n|move|p2b: Chi-Yu|Heat Wave|p1b: Brambleghast|[spread] p1a\n|-ability|p1b: Brambleghast|Wind Rider|boost\n|-boost|p1b: Brambleghast|atk|1\n|-damage|p1a: Tornadus|0 fnt\n|faint|p1a: Tornadus\n|\n|upkeep\n|\n|t:|1700052667\n|switch|p1a: Clefairy|Clefairy, F|100\/100\n|turn|2\n|inactive|Battle timer is ON: inactive players will automatically lose when time's up. (requested by Marteaupilon)\n|\n|t:|1700052752\n|-end|p2a: Iron Bundle|Quark Drive|[silent]\n|switch|p2a: Farigiraf|Farigiraf, F|100\/100\n|move|p1a: Clefairy|Nasty Plot|p1a: Clefairy\n|-boost|p1a: Clefairy|spa|2\n|move|p1b: Brambleghast|Power Whip|p2a: Farigiraf\n|-damage|p2a: Farigiraf|0 fnt\n|faint|p2a: Farigiraf\n|move|p2b: Chi-Yu|Overheat|p1b: Brambleghast\n|-supereffective|p1b: Brambleghast\n|-enditem|p1b: Brambleghast|Focus Sash\n|-damage|p1b: Brambleghast|1\/100\n|-unboost|p2b: Chi-Yu|spa|2\n|\n|upkeep\n|\n|t:|1700052763\n|switch|p2a: Iron Bundle|Iron Bundle|100\/100\n|turn|3\n|\n|t:|1700052784\n|switch|p2b: Dipplin|Dipplin, F, shiny|100\/100\n|-ability|p2b: Dipplin|Supersweet Syrup\n|-ability|p2b: Dipplin|Supersweet Syrup|boost\n|-unboost|p1a: Clefairy|evasion|1\n|-unboost|p1b: Brambleghast|evasion|1\n|move|p1b: Brambleghast|Protect|p1b: Brambleghast\n|-singleturn|p1b: Brambleghast|Protect\n|move|p1a: Clefairy|Hyper Voice|p2a: Iron Bundle|[spread] p2a,p2b\n|-crit|p2b: Dipplin\n|-damage|p2a: Iron Bundle|0 fnt\n|-damage|p2b: Dipplin|0 fnt\n|faint|p2a: Iron Bundle\n|-end|p2a: Iron Bundle|Quark Drive|[silent]\n|faint|p2b: Dipplin\n|-damage|p1a: Clefairy|91\/100|[from] item: Life Orb\n|\n|upkeep\n|\n|t:|1700052800\n|switch|p2a: Chi-Yu|Chi-Yu|100\/100\n|switch|p2b: Landorus|Landorus-Therian, M|100\/100\n|-ability|p2b: Landorus|Intimidate|boost\n|-unboost|p1a: Clefairy|atk|1\n|-unboost|p1b: Brambleghast|atk|1\n|-ability|p2a: Chi-Yu|Beads of Ruin\n|turn|4\n|\n|t:|1700052815\n|move|p1a: Clefairy|Hyper Voice|p2a: Chi-Yu|[spread] p2a,p2b\n|-enditem|p2a: Chi-Yu|Focus Sash\n|-damage|p2a: Chi-Yu|1\/100\n|-damage|p2b: Landorus|0 fnt\n|faint|p2b: Landorus\n|-damage|p1a: Clefairy|81\/100|[from] item: Life Orb\n|move|p1b: Brambleghast|Poltergeist||[still]\n|-fail|p1b: Brambleghast\n|move|p2a: Chi-Yu|Dark Pulse|p1b: Brambleghast\n|-supereffective|p1b: Brambleghast\n|-damage|p1b: Brambleghast|0 fnt\n|faint|p1b: Brambleghast\n|\n|-sideend|p1: Marteaupilon|move: Tailwind\n|upkeep\n|inactive|Marteaupilon has 120 seconds left.\n|\n|t:|1700052845\n|switch|p1b: Clefairy|Clefairy, F|100\/100\n|switch|p2b: Iron Hands|Iron Hands|100\/100\n|turn|5\n|\n|t:|1700052858\n|-terastallize|p2a: Chi-Yu|Ghost\n|move|p1b: Clefairy|Helping Hand|p1a: Clefairy\n|-singleturn|p1a: Clefairy|Helping Hand|[of] p1b: Clefairy\n|move|p2b: Iron Hands|Fake Out|p1b: Clefairy\n|-damage|p1b: Clefairy|89\/100\n|move|p1a: Clefairy|Hyper Voice|p2b: Iron Hands|[spread] p2b\n|-immune|p2a: Chi-Yu\n|-damage|p2b: Iron Hands|17\/100\n|-damage|p1a: Clefairy|71\/100|[from] item: Life Orb\n|move|p2a: Chi-Yu|Dark Pulse|p1a: Clefairy\n|-supereffective|p1a: Clefairy\n|-damage|p1a: Clefairy|0 fnt\n|replace|p1a: Zoroark|Zoroark-Hisui, M\n|-end|p1a: Zoroark|Illusion\n|faint|p1a: Zoroark\n|\n|upkeep\n|\n|t:|1700052881\n|switch|p1a: Landorus|Landorus-Therian, M|100\/100\n|-ability|p1a: Landorus|Intimidate|boost\n|-unboost|p2a: Chi-Yu|atk|1\n|-unboost|p2b: Iron Hands|atk|1\n|turn|6\n|\n|t:|1700052893\n|move|p2a: Chi-Yu|Overheat|p1a: Landorus\n|-damage|p1a: Landorus|16\/100\n|-unboost|p2a: Chi-Yu|spa|2\n|move|p1a: Landorus|Rock Slide|p2a: Chi-Yu|[spread] p2a,p2b\n|-resisted|p2b: Iron Hands\n|-damage|p2a: Chi-Yu|0 fnt\n|-damage|p2b: Iron Hands|7\/100\n|faint|p2a: Chi-Yu\n|-damage|p1a: Landorus|6\/100|[from] item: Life Orb\n|cant|p2b: Iron Hands|flinch\n|move|p1b: Clefairy|Moonblast|p2b: Iron Hands\n|-supereffective|p2b: Iron Hands\n|-damage|p2b: Iron Hands|0 fnt\n|faint|p2b: Iron Hands\n|-end|p2b: Iron Hands|Quark Drive|[silent]\n|\n|win|Marteaupilon\n|raw|Marteaupilon's rating: 1159 &rarr; <strong>1189<\/strong><br \/>(+30 for winning)\n|raw|GhetsisTime's rating: 1229 &rarr; <strong>1199<\/strong><br \/>(-30 for losing)\n|l|\u2606GhetsisTime\n","uploadtime":1700053065,"views":11,"p1id":"marteaupilon","p2id":"ghetsistime","formatid":"gen9doublesou","rating":1189,"private":0,"password":""}