{"id":"gen9doublesou-1983967438","p1":"TNTvale","p2":"jad12jad12","format":"[Gen 9] Doubles OU","log":"|j|\u2606TNTvale\n|j|\u2606jad12jad12\n|t:|1699205086\n|gametype|doubles\n|player|p1|TNTvale|waiter|1275\n|player|p2|jad12jad12|169|1218\n|teamsize|p1|6\n|teamsize|p2|6\n|gen|9\n|tier|[Gen 9] Doubles OU\n|rated|\n|rule|Species Clause: Limit one of each Pok\u00e9mon\n|rule|OHKO Clause: OHKO moves are banned\n|rule|Evasion Moves Clause: Evasion moves are banned\n|rule|Gravity Sleep Clause: The combination of sleep-inducing moves with imperfect accuracy and Gravity or Gigantamax Orbeetle are banned\n|rule|Endless Battle Clause: Forcing endless battles is banned\n|rule|HP Percentage Mod: HP is shown in percentages\n|clearpoke\n|poke|p1|Ogerpon-Hearthflame, F|\n|poke|p1|Ribombee, M|\n|poke|p1|Maushold-Four|\n|poke|p1|Flutter Mane|\n|poke|p1|Torkoal, F|\n|poke|p1|Flamigo, M|\n|poke|p2|Hawlucha, M|\n|poke|p2|Golem-Alola, M|\n|poke|p2|Dragonite, F|\n|poke|p2|Chi-Yu|\n|poke|p2|Flutter Mane|\n|poke|p2|Grimmsnarl, M|\n|teampreview\n|\n|t:|1699205095\n|start\n|switch|p1a: Torkoal|Torkoal, F|100\/100\n|switch|p1b: Ribombee|Ribombee, M|100\/100\n|switch|p2a: Golem|Golem-Alola, M|100\/100\n|switch|p2b: Grimmsnarl|Grimmsnarl, M|100\/100\n|-weather|SunnyDay|[from] ability: Drought|[of] p1a: Torkoal\n|turn|1\n|\n|t:|1699205116\n|move|p2b: Grimmsnarl|Parting Shot|p1a: Torkoal\n|-unboost|p1a: Torkoal|atk|1\n|-unboost|p1a: Torkoal|spa|1\n|\n|t:|1699205119\n|switch|p2b: Hawlucha|Hawlucha, M|100\/100|[from] Parting Shot\n|move|p1b: Ribombee|Sticky Web|p2a: Golem\n|-sidestart|p2: jad12jad12|move: Sticky Web\n|move|p2a: Golem|Volt Switch|p2b: Hawlucha\n|-supereffective|p2b: Hawlucha\n|-damage|p2b: Hawlucha|74\/100\n|-enditem|p2b: Hawlucha|Weakness Policy\n|-boost|p2b: Hawlucha|atk|2|[from] item: Weakness Policy\n|-boost|p2b: Hawlucha|spa|2|[from] item: Weakness Policy\n|\n|t:|1699205129\n|switch|p2a: Grimmsnarl|Grimmsnarl, M|100\/100|[from] Volt Switch\n|-activate|p2a: Grimmsnarl|move: Sticky Web\n|-unboost|p2a: Grimmsnarl|spe|1\n|move|p1a: Torkoal|Eruption|p2b: Hawlucha|[spread] p2a,p2b\n|-damage|p2a: Grimmsnarl|45\/100\n|-damage|p2b: Hawlucha|13\/100\n|\n|-weather|SunnyDay|[upkeep]\n|upkeep\n|turn|2\n|\n|t:|1699205148\n|move|p2a: Grimmsnarl|Fake Out|p1a: Torkoal\n|-damage|p1a: Torkoal|92\/100\n|move|p2b: Hawlucha|Acrobatics|p1b: Ribombee\n|-supereffective|p1b: Ribombee\n|-enditem|p1b: Ribombee|Focus Sash\n|-damage|p1b: Ribombee|1\/100\n|move|p1b: Ribombee|Pollen Puff|p2b: Hawlucha\n|-resisted|p2b: Hawlucha\n|-damage|p2b: Hawlucha|5\/100\n|cant|p1a: Torkoal|flinch\n|\n|-weather|SunnyDay|[upkeep]\n|upkeep\n|turn|3\n|\n|t:|1699205179\n|move|p2a: Grimmsnarl|Light Screen|p2a: Grimmsnarl\n|-sidestart|p2: jad12jad12|move: Light Screen\n|move|p2b: Hawlucha|Drain Punch|p1a: Torkoal\n|-damage|p1a: Torkoal|43\/100\n|-heal|p2b: Hawlucha|28\/100|[from] drain|[of] p1a: Torkoal\n|move|p1b: Ribombee|Reflect|p1b: Ribombee\n|-sidestart|p1: TNTvale|Reflect\n|move|p1a: Torkoal|Heat Wave|p2b: Hawlucha|[spread] p2a,p2b\n|-damage|p2a: Grimmsnarl|25\/100\n|-damage|p2b: Hawlucha|3\/100\n|-status|p2b: Hawlucha|brn\n|\n|-weather|SunnyDay|[upkeep]\n|-damage|p2b: Hawlucha|0 fnt|[from] brn\n|faint|p2b: Hawlucha\n|upkeep\n|\n|t:|1699205195\n|switch|p2b: Dragonite|Dragonite, F|100\/100\n|turn|4\n|\n|t:|1699205217\n|move|p2b: Dragonite|Extreme Speed|p1b: Ribombee\n|-damage|p1b: Ribombee|0 fnt\n|faint|p1b: Ribombee\n|move|p2a: Grimmsnarl|Parting Shot|p1a: Torkoal\n|-unboost|p1a: Torkoal|atk|1\n|-unboost|p1a: Torkoal|spa|1\n|\n|t:|1699205224\n|switch|p2a: Golem|Golem-Alola, M|100\/100|[from] Parting Shot\n|-activate|p2a: Golem|move: Sticky Web\n|-unboost|p2a: Golem|spe|1\n|move|p1a: Torkoal|Eruption|p2b: Dragonite|[spread] p2a,p2b\n|-resisted|p2a: Golem\n|-resisted|p2b: Dragonite\n|-damage|p2a: Golem|94\/100\n|-damage|p2b: Dragonite|98\/100\n|\n|-weather|SunnyDay|[upkeep]\n|-heal|p2a: Golem|100\/100|[from] item: Leftovers\n|upkeep\n|\n|t:|1699205234\n|switch|p1b: Flutter Mane|Flutter Mane|100\/100\n|-activate|p1b: Flutter Mane|ability: Protosynthesis\n|-start|p1b: Flutter Mane|protosynthesisspa\n|turn|5\n|\n|t:|1699205247\n|-terastallize|p2b: Dragonite|Normal\n|move|p2b: Dragonite|Extreme Speed|p1a: Torkoal\n|-damage|p1a: Torkoal|9\/100\n|move|p1b: Flutter Mane|Dazzling Gleam|p2a: Golem|[spread] p2a,p2b\n|-damage|p2a: Golem|60\/100\n|-damage|p2b: Dragonite|73\/100\n|move|p2a: Golem|Earthquake|p1a: Torkoal|[spread] p2b,p1a,p1b\n|-supereffective|p1a: Torkoal\n|-damage|p2b: Dragonite|48\/100\n|-damage|p1a: Torkoal|0 fnt\n|-damage|p1b: Flutter Mane|58\/100\n|faint|p1a: Torkoal\n|\n|-weather|none\n|-end|p1b: Flutter Mane|Protosynthesis\n|-heal|p2a: Golem|66\/100|[from] item: Leftovers\n|upkeep\n|\n|t:|1699205262\n|switch|p1a: Maushold|Maushold-Four|100\/100\n|turn|6\n|\n|t:|1699205274\n|switch|p2b: Flutter Mane|Flutter Mane|100\/100\n|-activate|p2b: Flutter Mane|move: Sticky Web\n|-unboost|p2b: Flutter Mane|spe|1\n|move|p1b: Flutter Mane|Calm Mind|p1b: Flutter Mane\n|-boost|p1b: Flutter Mane|spa|1\n|-boost|p1b: Flutter Mane|spd|1\n|move|p1a: Maushold|Population Bomb|p2a: Golem\n|-resisted|p2a: Golem\n|-damage|p2a: Golem|64\/100\n|-resisted|p2a: Golem\n|-damage|p2a: Golem|62\/100\n|-resisted|p2a: Golem\n|-damage|p2a: Golem|60\/100\n|-resisted|p2a: Golem\n|-damage|p2a: Golem|57\/100\n|-resisted|p2a: Golem\n|-crit|p2a: Golem\n|-damage|p2a: Golem|54\/100\n|-hitcount|p2a: Golem|5\n|move|p2a: Golem|Earthquake|p1a: Maushold|[spread] p2b,p1a,p1b\n|-damage|p2b: Flutter Mane|43\/100\n|-damage|p1a: Maushold|79\/100\n|-damage|p1b: Flutter Mane|26\/100\n|\n|-heal|p2a: Golem|60\/100|[from] item: Leftovers\n|upkeep\n|turn|7\n|\n|t:|1699205306\n|move|p1b: Flutter Mane|Dazzling Gleam|p2b: Flutter Mane|[spread] p2a,p2b\n|-damage|p2a: Golem|10\/100\n|-damage|p2b: Flutter Mane|18\/100\n|move|p1a: Maushold|Population Bomb|p2a: Golem\n|-resisted|p2a: Golem\n|-damage|p2a: Golem|7\/100\n|-resisted|p2a: Golem\n|-damage|p2a: Golem|5\/100\n|-resisted|p2a: Golem\n|-damage|p2a: Golem|3\/100\n|-resisted|p2a: Golem\n|-damage|p2a: Golem|0 fnt\n|faint|p2a: Golem\n|-hitcount|p2: Golem|4\n|move|p2b: Flutter Mane|Shadow Ball|p1b: Flutter Mane\n|-supereffective|p1b: Flutter Mane\n|-damage|p1b: Flutter Mane|0 fnt\n|faint|p1b: Flutter Mane\n|-end|p1b: Flutter Mane|Protosynthesis|[silent]\n|\n|-sideend|p1: TNTvale|Reflect\n|upkeep\n|\n|t:|1699205325\n|switch|p1b: Ogerpon|Ogerpon-Hearthflame, F|100\/100\n|switch|p2a: Grimmsnarl|Grimmsnarl, M|25\/100\n|-ability|p1b: Ogerpon|Mold Breaker\n|-activate|p2a: Grimmsnarl|move: Sticky Web\n|-unboost|p2a: Grimmsnarl|spe|1\n|turn|8\n|\n|t:|1699205339\n|-terastallize|p1b: Ogerpon|Fire\n|detailschange|p1b: Ogerpon|Ogerpon-Hearthflame-Tera, F, tera:Fire\n|-ability|p1b: Ogerpon|Embody Aspect (Hearthflame)|boost\n|-boost|p1b: Ogerpon|atk|1\n|move|p1a: Maushold|Follow Me|p1a: Maushold\n|-singleturn|p1a: Maushold|move: Follow Me\n|move|p2a: Grimmsnarl|Parting Shot|p1a: Maushold\n|-unboost|p1a: Maushold|atk|1\n|-unboost|p1a: Maushold|spa|1\n|\n|t:|1699205351\n|switch|p2a: Dragonite|Dragonite, F, tera:Normal|48\/100|[from] Parting Shot\n|-activate|p2a: Dragonite|move: Sticky Web\n|-unboost|p2a: Dragonite|spe|1\n|move|p1b: Ogerpon|Ivy Cudgel|p2b: Flutter Mane\n|-damage|p2b: Flutter Mane|0 fnt\n|faint|p2b: Flutter Mane\n|-end|p2b: Flutter Mane|Protosynthesis|[silent]\n|\n|upkeep\n|\n|t:|1699205359\n|switch|p2b: Grimmsnarl|Grimmsnarl, M|25\/100\n|-activate|p2b: Grimmsnarl|move: Sticky Web\n|-unboost|p2b: Grimmsnarl|spe|1\n|turn|9\n|\n|t:|1699205377\n|move|p2b: Grimmsnarl|Fake Out|p1b: Ogerpon\n|-damage|p1b: Ogerpon|90\/100\n|move|p1a: Maushold|Follow Me|p1a: Maushold\n|-singleturn|p1a: Maushold|move: Follow Me\n|move|p2a: Dragonite|Extreme Speed|p1a: Maushold\n|-damage|p1a: Maushold|0 fnt\n|faint|p1a: Maushold\n|cant|p1b: Ogerpon|flinch\n|\n|upkeep\n|\n|t:|1699205385\n|switch|p1a: Flamigo|Flamigo, M|100\/100\n|-copyboost|p1a: Flamigo|p1b: Ogerpon|[from] ability: Costar\n|turn|10\n|\n|t:|1699205406\n|move|p2a: Dragonite|Extreme Speed|p1a: Flamigo\n|-damage|p1a: Flamigo|0 fnt\n|faint|p1a: Flamigo\n|move|p2b: Grimmsnarl|Parting Shot|p1b: Ogerpon\n|-unboost|p1b: Ogerpon|atk|1\n|-unboost|p1b: Ogerpon|spa|1\n|\n|t:|1699205414\n|switch|p2b: Chi-Yu|Chi-Yu|100\/100|[from] Parting Shot\n|-activate|p2b: Chi-Yu|move: Sticky Web\n|-unboost|p2b: Chi-Yu|spe|1\n|-ability|p2b: Chi-Yu|Beads of Ruin\n|move|p1b: Ogerpon|Horn Leech|p2a: Dragonite\n|-damage|p2a: Dragonite|3\/100\n|-heal|p1b: Ogerpon|100\/100|[from] drain|[of] p2a: Dragonite\n|\n|-sideend|p2: jad12jad12|move: Light Screen\n|upkeep\n|turn|11\n|\n|t:|1699205429\n|move|p1b: Ogerpon|Spiky Shield|p1b: Ogerpon\n|-singleturn|p1b: Ogerpon|move: Protect\n|move|p2a: Dragonite|Extreme Speed|p1b: Ogerpon\n|-activate|p1b: Ogerpon|move: Protect\n|-damage|p2a: Dragonite|0 fnt|[from] Spiky Shield|[of] p1b: Ogerpon\n|faint|p2a: Dragonite\n|move|p2b: Chi-Yu|Dark Pulse|p1b: Ogerpon\n|-activate|p1b: Ogerpon|move: Protect\n|\n|upkeep\n|\n|t:|1699205432\n|switch|p2a: Grimmsnarl|Grimmsnarl, M|25\/100\n|-activate|p2a: Grimmsnarl|move: Sticky Web\n|-unboost|p2a: Grimmsnarl|spe|1\n|turn|12\n|\n|t:|1699205445\n|move|p2a: Grimmsnarl|Fake Out|p1b: Ogerpon\n|-damage|p1b: Ogerpon|88\/100\n|cant|p1b: Ogerpon|flinch\n|move|p2b: Chi-Yu|Dark Pulse|p1b: Ogerpon\n|-damage|p1b: Ogerpon|25\/100\n|\n|upkeep\n|turn|13\n|\n|t:|1699205457\n|move|p2a: Grimmsnarl|Reflect|p2a: Grimmsnarl\n|-sidestart|p2: jad12jad12|Reflect\n|move|p1b: Ogerpon|Horn Leech|p2a: Grimmsnarl\n|-damage|p2a: Grimmsnarl|0 fnt\n|-heal|p1b: Ogerpon|41\/100|[from] drain|[of] p2a: Grimmsnarl\n|faint|p2a: Grimmsnarl\n|move|p2b: Chi-Yu|Dark Pulse|p1b: Ogerpon\n|-damage|p1b: Ogerpon|0 fnt\n|faint|p1b: Ogerpon\n|\n|win|jad12jad12\n|raw|TNTvale's rating: 1275 &rarr; <strong>1246<\/strong><br \/>(-29 for losing)\n|raw|jad12jad12's rating: 1218 &rarr; <strong>1247<\/strong><br \/>(+29 for winning)\n|c|\u2606TNTvale|Gg\n|c|\u2606TNTvale|That was close\n|c|\u2606jad12jad12|gg\n|c|\u2606jad12jad12|stupidly close\n","uploadtime":1699205481,"views":7,"p1id":"tntvale","p2id":"jad12jad12","formatid":"gen9doublesou","rating":1246,"private":0,"password":""}