{"id":"gen9doublesou-1975839564","p1":"talhabiggboi3","p2":"johnyg13nb","format":"[Gen 9] Doubles OU","log":"|j|\u2606talhabiggboi3\n|j|\u2606johnyg13nb\n|t:|1698242818\n|gametype|doubles\n|player|p1|talhabiggboi3|1|1226\n|player|p2|johnyg13nb|juan|1337\n|teamsize|p1|6\n|teamsize|p2|6\n|gen|9\n|tier|[Gen 9] Doubles OU\n|rated|\n|rule|Species Clause: Limit one of each Pok\u00e9mon\n|rule|OHKO Clause: OHKO moves are banned\n|rule|Evasion Moves Clause: Evasion moves are banned\n|rule|Gravity Sleep Clause: The combination of sleep-inducing moves with imperfect accuracy and Gravity or Gigantamax Orbeetle are banned\n|rule|Endless Battle Clause: Forcing endless battles is banned\n|rule|HP Percentage Mod: HP is shown in percentages\n|clearpoke\n|poke|p1|Murkrow, F|\n|poke|p1|Garchomp, F|\n|poke|p1|Hydreigon, F|\n|poke|p1|Armarouge, F|\n|poke|p1|Maushold-Four|\n|poke|p1|Gholdengo|\n|poke|p2|Ursaluna-Bloodmoon, M|\n|poke|p2|Cresselia, F|\n|poke|p2|Tornadus, M|\n|poke|p2|Amoonguss, M|\n|poke|p2|Kingambit, F|\n|poke|p2|Shiftry, F|\n|teampreview\n|\n|t:|1698242827\n|start\n|switch|p1a: Murkrow|Murkrow, F|100\/100\n|switch|p1b: Maushold|Maushold-Four|100\/100\n|switch|p2a: Ursaluna|Ursaluna-Bloodmoon, M|100\/100\n|switch|p2b: Cresselia|Cresselia, F, shiny|100\/100\n|turn|1\n|\n|t:|1698242840\n|-terastallize|p1b: Maushold|Normal\n|move|p1a: Murkrow|Taunt|p2b: Cresselia\n|-start|p2b: Cresselia|move: Taunt\n|move|p1b: Maushold|Population Bomb|p2a: Ursaluna\n|-crit|p2a: Ursaluna\n|-damage|p2a: Ursaluna|92\/100\n|-damage|p2a: Ursaluna|86\/100\n|-damage|p2a: Ursaluna|80\/100\n|-damage|p2a: Ursaluna|74\/100\n|-damage|p2a: Ursaluna|68\/100\n|-damage|p2a: Ursaluna|61\/100\n|-damage|p2a: Ursaluna|55\/100\n|-crit|p2a: Ursaluna\n|-damage|p2a: Ursaluna|46\/100\n|-damage|p2a: Ursaluna|40\/100\n|-damage|p2a: Ursaluna|34\/100\n|-hitcount|p2a: Ursaluna|10\n|move|p2a: Ursaluna|Blood Moon|p1b: Maushold\n|-damage|p1b: Maushold|0 fnt\n|faint|p1b: Maushold\n|cant|p2b: Cresselia|move: Taunt|Trick Room\n|\n|upkeep\n|\n|t:|1698242875\n|switch|p1b: Gholdengo|Gholdengo|100\/100\n|turn|2\n|\n|t:|1698242888\n|switch|p2b: Amoonguss|Amoonguss, M|100\/100\n|move|p1a: Murkrow|Tailwind|p1a: Murkrow\n|-sidestart|p1: talhabiggboi3|move: Tailwind\n|move|p1b: Gholdengo|Make It Rain|p2b: Amoonguss|[spread] p2a,p2b\n|-damage|p2a: Ursaluna|0 fnt\n|-damage|p2b: Amoonguss|53\/100\n|-unboost|p1b: Gholdengo|spa|1\n|faint|p2a: Ursaluna\n|\n|upkeep\n|\n|t:|1698242891\n|switch|p2a: Tornadus|Tornadus, M, shiny|100\/100\n|turn|3\n|\n|t:|1698242907\n|move|p1a: Murkrow|Taunt|p2a: Tornadus\n|-start|p2a: Tornadus|move: Taunt\n|move|p1b: Gholdengo|Make It Rain|p2b: Amoonguss|[spread] p2a,p2b\n|-damage|p2a: Tornadus|27\/100\n|-damage|p2b: Amoonguss|18\/100\n|-unboost|p1b: Gholdengo|spa|1\n|move|p2a: Tornadus|Heat Wave|p1a: Murkrow|[spread] p1a,p1b\n|-supereffective|p1b: Gholdengo\n|-damage|p1a: Murkrow|80\/100\n|-damage|p1b: Gholdengo|40\/100\n|move|p2b: Amoonguss|Spore|p1a: Murkrow\n|-status|p1a: Murkrow|slp|[from] move: Spore\n|\n|-heal|p2a: Tornadus|33\/100|[from] item: Leftovers\n|upkeep\n|turn|4\n|\n|t:|1698242944\n|switch|p1a: Garchomp|Garchomp, F|100\/100\n|switch|p2a: Cresselia|Cresselia, F, shiny|100\/100\n|switch|p2b: Kingambit|Kingambit, F|100\/100\n|-activate|p2b: Kingambit|ability: Supreme Overlord\n|-start|p2b: Kingambit|fallen1|[silent]\n|move|p1b: Gholdengo|Make It Rain|p2a: Cresselia|[spread] p2a,p2b\n|-resisted|p2b: Kingambit\n|-damage|p2a: Cresselia|80\/100\n|-damage|p2b: Kingambit|87\/100\n|-unboost|p1b: Gholdengo|spa|1\n|\n|upkeep\n|turn|5\n|\n|t:|1698242963\n|switch|p1b: Murkrow|Murkrow, F|80\/100 slp\n|-terastallize|p2b: Kingambit|Dark\n|move|p1a: Garchomp|Earthquake|p2a: Cresselia|[spread] p2b\n|-immune|p1b: Murkrow\n|-immune|p2a: Cresselia|[from] ability: Levitate\n|-damage|p2b: Kingambit|58\/100\n|move|p2b: Kingambit|Kowtow Cleave|p1b: Murkrow\n|-resisted|p1b: Murkrow\n|-damage|p1b: Murkrow|26\/100 slp\n|move|p2a: Cresselia|Trick Room|p2a: Cresselia\n|-fieldstart|move: Trick Room|[of] p2a: Cresselia\n|\n|-sideend|p1: talhabiggboi3|move: Tailwind\n|upkeep\n|turn|6\n|\n|t:|1698242982\n|move|p1a: Garchomp|Protect|p1a: Garchomp\n|-singleturn|p1a: Garchomp|Protect\n|move|p2b: Kingambit|Kowtow Cleave|p1a: Garchomp\n|-activate|p1a: Garchomp|move: Protect\n|move|p2a: Cresselia|Skill Swap|p1b: Murkrow\n|-activate|p2a: Cresselia|move: Skill Swap|Prankster|Levitate|[of] p1b: Murkrow\n|cant|p1b: Murkrow|slp\n|\n|upkeep\n|turn|7\n|\n|t:|1698242999\n|switch|p1a: Hydreigon|Hydreigon, F|100\/100\n|move|p2a: Cresselia|Helping Hand|p2b: Kingambit\n|-singleturn|p2b: Kingambit|Helping Hand|[of] p2a: Cresselia\n|move|p2b: Kingambit|Kowtow Cleave|p1a: Hydreigon\n|-resisted|p1a: Hydreigon\n|-damage|p1a: Hydreigon|32\/100\n|-curestatus|p1b: Murkrow|slp|[msg]\n|move|p1b: Murkrow|Taunt|p2a: Cresselia\n|-start|p2a: Cresselia|move: Taunt\n|\n|upkeep\n|turn|8\n|\n|t:|1698243026\n|switch|p2a: Amoonguss|Amoonguss, M|51\/100\n|move|p2b: Kingambit|X-Scissor|p1a: Hydreigon\n|-supereffective|p1a: Hydreigon\n|-damage|p1a: Hydreigon|0 fnt\n|faint|p1a: Hydreigon\n|move|p1b: Murkrow|Tailwind|p1b: Murkrow\n|-sidestart|p1: talhabiggboi3|move: Tailwind\n|\n|upkeep\n|\n|t:|1698243039\n|switch|p1a: Garchomp|Garchomp, F|100\/100\n|turn|9\n|\n|t:|1698243047\n|move|p1a: Garchomp|Protect|p1a: Garchomp\n|-singleturn|p1a: Garchomp|Protect\n|move|p2a: Amoonguss|Spore|p1a: Garchomp\n|-activate|p1a: Garchomp|move: Protect\n|move|p2b: Kingambit|X-Scissor|p1b: Murkrow\n|-damage|p1b: Murkrow|0 fnt\n|faint|p1b: Murkrow\n|\n|-fieldend|move: Trick Room\n|upkeep\n|\n|t:|1698243058\n|switch|p1b: Armarouge|Armarouge, F|100\/100\n|turn|10\n|\n|t:|1698243065\n|move|p1b: Armarouge|Protect|p1b: Armarouge\n|-singleturn|p1b: Armarouge|Protect\n|move|p2a: Amoonguss|Rage Powder|p2a: Amoonguss\n|-singleturn|p2a: Amoonguss|move: Rage Powder\n|move|p2b: Kingambit|Sucker Punch||[still]\n|-fail|p2b: Kingambit\n|move|p1a: Garchomp|Earthquake|p2a: Amoonguss|[spread] p2a,p2b\n|-activate|p1b: Armarouge|move: Protect\n|-damage|p2a: Amoonguss|12\/100\n|-damage|p2b: Kingambit|30\/100\n|\n|upkeep\n|turn|11\n|\n|t:|1698243086\n|move|p2a: Amoonguss|Protect|p2a: Amoonguss\n|-singleturn|p2a: Amoonguss|Protect\n|move|p2b: Kingambit|Sucker Punch|p1b: Armarouge\n|-supereffective|p1b: Armarouge\n|-damage|p1b: Armarouge|0 fnt\n|faint|p1b: Armarouge\n|move|p1a: Garchomp|Earthquake|p2b: Kingambit|[spread] p2b\n|-activate|p2a: Amoonguss|move: Protect\n|-damage|p2b: Kingambit|3\/100\n|\n|-sideend|p1: talhabiggboi3|move: Tailwind\n|upkeep\n|\n|t:|1698243102\n|switch|p1b: Gholdengo|Gholdengo|40\/100\n|turn|12\n|\n|t:|1698243120\n|move|p2a: Amoonguss|Rage Powder|p2a: Amoonguss\n|-singleturn|p2a: Amoonguss|move: Rage Powder\n|move|p2b: Kingambit|Sucker Punch|p1b: Gholdengo\n|-supereffective|p1b: Gholdengo\n|-damage|p1b: Gholdengo|0 fnt\n|faint|p1b: Gholdengo\n|move|p1a: Garchomp|Rock Slide|p2b: Kingambit|[spread] p2a,p2b\n|-damage|p2a: Amoonguss|0 fnt\n|-damage|p2b: Kingambit|0 fnt\n|faint|p2a: Amoonguss\n|faint|p2b: Kingambit\n|-end|p2b: Kingambit|fallen1|[silent]\n|\n|upkeep\n|\n|t:|1698243128\n|switch|p2b: Shiftry|Shiftry, F, shiny|100\/100\n|switch|p2a: Tornadus|Tornadus, M, shiny|33\/100\n|turn|13\n|\n|t:|1698243134\n|move|p2a: Tornadus|Tailwind|p2a: Tornadus\n|-sidestart|p2: johnyg13nb|move: Tailwind\n|-ability|p2b: Shiftry|Wind Rider|boost\n|-boost|p2b: Shiftry|atk|1\n|move|p2b: Shiftry|Knock Off|p1a: Garchomp\n|-damage|p1a: Garchomp|24\/100\n|-damage|p2b: Shiftry|88\/100|[from] ability: Rough Skin|[of] p1a: Garchomp\n|-enditem|p1a: Garchomp|Clear Amulet|[from] move: Knock Off|[of] p2b: Shiftry\n|-damage|p2b: Shiftry|78\/100|[from] item: Life Orb\n|move|p1a: Garchomp|Rock Slide|p2a: Tornadus|[spread] p2b\n|-miss|p1a: Garchomp|p2a: Tornadus\n|-damage|p2b: Shiftry|48\/100\n|\n|-heal|p2a: Tornadus|39\/100|[from] item: Leftovers\n|upkeep\n|turn|14\n|-message|talhabiggboi3 forfeited.\n|\n|win|johnyg13nb\n|raw|talhabiggboi3's rating: 1226 &rarr; <strong>1209<\/strong><br \/>(-17 for losing)\n|raw|johnyg13nb's rating: 1337 &rarr; <strong>1351<\/strong><br \/>(+14 for winning)\n|l|\u2606talhabiggboi3\n|c|\u2606johnyg13nb|ggwp\n","uploadtime":1698243158,"views":24,"p1id":"talhabiggboi3","p2id":"johnyg13nb","formatid":"gen9doublesou","rating":1209,"private":0,"password":""}