{"id":"gen9doublesou-1972461244","p1":"balloongrapes","p2":"mikeyuwu","format":"[Gen 9] Doubles OU","log":"|j|\u2606balloongrapes\n|j|\u2606mikeyuwu\n|t:|1697845427\n|gametype|doubles\n|player|p1|balloongrapes|boarder|1208\n|player|p2|mikeyuwu|psychic-gen4|1238\n|teamsize|p1|6\n|teamsize|p2|6\n|gen|9\n|tier|[Gen 9] Doubles OU\n|rated|\n|rule|Species Clause: Limit one of each Pok\u00e9mon\n|rule|OHKO Clause: OHKO moves are banned\n|rule|Evasion Moves Clause: Evasion moves are banned\n|rule|Gravity Sleep Clause: The combination of sleep-inducing moves with imperfect accuracy and Gravity or Gigantamax Orbeetle are banned\n|rule|Endless Battle Clause: Forcing endless battles is banned\n|rule|HP Percentage Mod: HP is shown in percentages\n|clearpoke\n|poke|p1|Maushold-Four|\n|poke|p1|Roaring Moon|\n|poke|p1|Talonflame, M|\n|poke|p1|Ceruledge, M|\n|poke|p1|Rabsca, F|\n|poke|p1|Klefki, F|\n|poke|p2|Garchomp, M|\n|poke|p2|Tyranitar, F|\n|poke|p2|Vaporeon, F|\n|poke|p2|Toxicroak, M|\n|poke|p2|Pelipper, F|\n|poke|p2|Abomasnow, M|\n|teampreview\n|inactive|Battle timer is ON: inactive players will automatically lose when time's up. (requested by balloongrapes)\n|\n|t:|1697845441\n|start\n|switch|p1a: Roaring Moon|Roaring Moon|100\/100\n|switch|p1b: Klefki|Klefki, F|100\/100\n|switch|p2a: OTLHPM|Toxicroak, M|100\/100\n|switch|p2b: Harmacy|Vaporeon, F|100\/100\n|turn|1\n|\n|t:|1697845461\n|switch|p1b: Rabsca|Rabsca, F|100\/100\n|move|p1a: Roaring Moon|Earthquake|p2a: OTLHPM|[spread] p2a,p2b\n|-activate|p1b: Rabsca|ability: Telepathy\n|-supereffective|p2a: OTLHPM\n|-damage|p2a: OTLHPM|12\/100\n|-damage|p2b: Harmacy|79\/100\n|move|p2a: OTLHPM|Drain Punch|p1a: Roaring Moon\n|-supereffective|p1a: Roaring Moon\n|-damage|p1a: Roaring Moon|9\/100\n|-heal|p2a: OTLHPM|60\/100|[from] drain|[of] p1a: Roaring Moon\n|move|p2b: Harmacy|Icy Wind|p1b: Rabsca|[spread] p1a\n|-miss|p2b: Harmacy|p1b: Rabsca\n|-supereffective|p1a: Roaring Moon\n|-damage|p1a: Roaring Moon|0 fnt\n|faint|p1a: Roaring Moon\n|-end|p1a: Roaring Moon|Protosynthesis|[silent]\n|\n|-heal|p2a: OTLHPM|66\/100|[from] item: Black Sludge\n|-heal|p2b: Harmacy|85\/100|[from] item: Leftovers\n|upkeep\n|inactive|balloongrapes has 120 seconds left.\n|\n|t:|1697845478\n|switch|p1a: Klefki|Klefki, F|100\/100\n|turn|2\n|\n|t:|1697845483\n|switch|p2a: ThcrThnSnkr|Tyranitar, F|100\/100\n|-weather|Sandstorm|[from] ability: Sand Stream|[of] p2a: ThcrThnSnkr\n|move|p1a: Klefki|Light Screen|p1a: Klefki\n|-sidestart|p1: balloongrapes|move: Light Screen\n|move|p2b: Harmacy|Weather Ball|p1b: Rabsca\n|-supereffective|p1b: Rabsca\n|-damage|p1b: Rabsca|67\/100\n|move|p1b: Rabsca|Psychic|p2a: ThcrThnSnkr\n|-immune|p2a: ThcrThnSnkr\n|\n|-weather|Sandstorm|[upkeep]\n|-damage|p2b: Harmacy|79\/100|[from] Sandstorm\n|-damage|p1b: Rabsca|61\/100|[from] Sandstorm\n|-heal|p2b: Harmacy|85\/100|[from] item: Leftovers\n|upkeep\n|turn|3\n|\n|t:|1697845495\n|switch|p2b: Extra Spicy|Garchomp, M|100\/100\n|-terastallize|p1b: Rabsca|Water\n|move|p1a: Klefki|Sunny Day|p1a: Klefki\n|-weather|SunnyDay\n|move|p2a: ThcrThnSnkr|Knock Off|p1b: Rabsca\n|-damage|p1b: Rabsca|15\/100\n|-enditem|p1b: Rabsca|Leppa Berry|[from] move: Knock Off|[of] p2a: ThcrThnSnkr\n|move|p1b: Rabsca|Revival Blessing|p1b: Rabsca\n|\n|t:|1697845502\n|-heal|p1: Roaring Moon|50\/100|[from] move: Revival Blessing\n|\n|-weather|SunnyDay|[upkeep]\n|upkeep\n|turn|4\n|\n|t:|1697845512\n|switch|p1b: Maushold|Maushold-Four|100\/100\n|move|p1a: Klefki|Reflect|p1a: Klefki\n|-sidestart|p1: balloongrapes|Reflect\n|move|p2b: Extra Spicy|Brick Break|p1a: Klefki\n|-sideend|p1: balloongrapes|Reflect\n|-sideend|p1: balloongrapes|move: Light Screen\n|-damage|p1a: Klefki|83\/100\n|move|p2a: ThcrThnSnkr|Thunderbolt|p1b: Maushold\n|-damage|p1b: Maushold|74\/100\n|\n|-weather|SunnyDay|[upkeep]\n|upkeep\n|turn|5\n|\n|t:|1697845532\n|switch|p1b: Ceruledge|Ceruledge, M|100\/100\n|switch|p2a: Cold Shoulder|Abomasnow, M, shiny|100\/100\n|-weather|Snow|[from] ability: Snow Warning|[of] p2a: Cold Shoulder\n|move|p2b: Extra Spicy|Earthquake|p1b: Ceruledge|[spread] p2a,p1a,p1b\n|-resisted|p2a: Cold Shoulder\n|-supereffective|p1a: Klefki\n|-supereffective|p1b: Ceruledge\n|-damage|p2a: Cold Shoulder|92\/100\n|-damage|p1a: Klefki|6\/100\n|-damage|p1b: Ceruledge|18\/100\n|move|p1a: Klefki|Steel Beam|p2a: Cold Shoulder\n|-supereffective|p2a: Cold Shoulder\n|-damage|p2a: Cold Shoulder|0 fnt\n|-damage|p1a: Klefki|0 fnt|[from] steelbeam\n|faint|p1a: Klefki\n|faint|p2a: Cold Shoulder\n|\n|-weather|Snow|[upkeep]\n|upkeep\n|\n|t:|1697845548\n|switch|p1a: Roaring Moon|Roaring Moon|50\/100\n|switch|p2a: Weather War|Pelipper, F|100\/100\n|-weather|RainDance|[from] ability: Drizzle|[of] p2a: Weather War\n|turn|6\n|\n|t:|1697845560\n|switch|p1b: Maushold|Maushold-Four|74\/100\n|switch|p2b: OTLHPM|Toxicroak, M|66\/100\n|move|p1a: Roaring Moon|Dragon Claw|p2b: OTLHPM\n|-damage|p2b: OTLHPM|0 fnt\n|faint|p2b: OTLHPM\n|move|p2a: Weather War|Hurricane|p1a: Roaring Moon\n|-damage|p1a: Roaring Moon|22\/100\n|-start|p1a: Roaring Moon|confusion\n|\n|-weather|RainDance|[upkeep]\n|upkeep\n|\n|t:|1697845574\n|switch|p2b: ThcrThnSnkr|Tyranitar, F|100\/100\n|-weather|Sandstorm|[from] ability: Sand Stream|[of] p2b: ThcrThnSnkr\n|turn|7\n|\n|t:|1697845585\n|switch|p2a: Extra Spicy|Garchomp, M|100\/100\n|move|p1b: Maushold|Follow Me|p1b: Maushold\n|-singleturn|p1b: Maushold|move: Follow Me\n|-activate|p1a: Roaring Moon|confusion\n|move|p1a: Roaring Moon|Dragon Claw|p2a: Extra Spicy\n|-supereffective|p2a: Extra Spicy\n|-damage|p2a: Extra Spicy|42\/100\n|-damage|p1a: Roaring Moon|10\/100|[from] ability: Rough Skin|[of] p2a: Extra Spicy\n|-damage|p1a: Roaring Moon|0 fnt|[from] item: Rocky Helmet|[of] p2a: Extra Spicy\n|faint|p1a: Roaring Moon\n|-end|p1a: Roaring Moon|Protosynthesis|[silent]\n|move|p2b: ThcrThnSnkr|Rock Slide|p1b: Maushold|[miss]\n|-miss|p2b: ThcrThnSnkr|p1b: Maushold\n|\n|-weather|Sandstorm|[upkeep]\n|-damage|p1b: Maushold|68\/100|[from] Sandstorm\n|upkeep\n|\n|t:|1697845604\n|switch|p1a: Talonflame|Talonflame, M|100\/100\n|turn|8\n|\n|t:|1697845621\n|switch|p2b: Weather War|Pelipper, F|100\/100\n|-weather|RainDance|[from] ability: Drizzle|[of] p2b: Weather War\n|move|p1a: Talonflame|Tailwind|p1a: Talonflame\n|-sidestart|p1: balloongrapes|move: Tailwind\n|move|p1b: Maushold|Population Bomb|p2a: Extra Spicy\n|-damage|p2a: Extra Spicy|38\/100\n|-damage|p1b: Maushold|56\/100|[from] ability: Rough Skin|[of] p2a: Extra Spicy\n|-damage|p1b: Maushold|39\/100|[from] item: Rocky Helmet|[of] p2a: Extra Spicy\n|-damage|p2a: Extra Spicy|34\/100\n|-damage|p1b: Maushold|27\/100|[from] ability: Rough Skin|[of] p2a: Extra Spicy\n|-damage|p1b: Maushold|10\/100|[from] item: Rocky Helmet|[of] p2a: Extra Spicy\n|-damage|p2a: Extra Spicy|30\/100\n|-damage|p1b: Maushold|0 fnt|[from] ability: Rough Skin|[of] p2a: Extra Spicy\n|faint|p1b: Maushold\n|-hitcount|p2a: Extra Spicy|3\n|move|p2a: Extra Spicy|Liquidation|p1a: Talonflame\n|-supereffective|p1a: Talonflame\n|-damage|p1a: Talonflame|12\/100\n|-enditem|p1a: Talonflame|Red Card|[of] p2a: Extra Spicy\n|drag|p2a: Harmacy|Vaporeon, F|85\/100\n|\n|-weather|RainDance|[upkeep]\n|-heal|p2a: Harmacy|91\/100|[from] item: Leftovers\n|upkeep\n|inactive|balloongrapes has 120 seconds left.\n|\n|t:|1697845644\n|switch|p1b: Rabsca|Rabsca, F, tera:Water|15\/100\n|turn|9\n|\n|t:|1697845657\n|move|p1a: Talonflame|Air Slash|p2a: Harmacy\n|-damage|p2a: Harmacy|74\/100\n|move|p1b: Rabsca|Psychic|p2b: Weather War\n|-damage|p2b: Weather War|39\/100\n|move|p2b: Weather War|Hurricane|p1b: Rabsca\n|-damage|p1b: Rabsca|0 fnt\n|faint|p1b: Rabsca\n|move|p2a: Harmacy|Copycat|p2a: Harmacy\n|move|p2a: Harmacy|Hurricane|p1a: Talonflame|[from]move: Copycat\n|-damage|p1a: Talonflame|0 fnt\n|faint|p1a: Talonflame\n|\n|-weather|RainDance|[upkeep]\n|-heal|p2a: Harmacy|80\/100|[from] item: Leftovers\n|upkeep\n|\n|t:|1697845663\n|switch|p1b: Ceruledge|Ceruledge, M|18\/100\n|turn|10\n|\n|t:|1697845677\n|switch|p2b: ThcrThnSnkr|Tyranitar, F|100\/100\n|-weather|Sandstorm|[from] ability: Sand Stream|[of] p2b: ThcrThnSnkr\n|move|p1b: Ceruledge|Bitter Blade|p2b: ThcrThnSnkr\n|-resisted|p2b: ThcrThnSnkr\n|-damage|p2b: ThcrThnSnkr|80\/100\n|-heal|p1b: Ceruledge|33\/100|[from] drain|[of] p2b: ThcrThnSnkr\n|move|p2a: Harmacy|Weather Ball|p1b: Ceruledge\n|-supereffective|p1b: Ceruledge\n|-damage|p1b: Ceruledge|0 fnt\n|faint|p1b: Ceruledge\n|\n|win|mikeyuwu\n|raw|balloongrapes's rating: 1208 &rarr; <strong>1185<\/strong><br \/>(-23 for losing)\n|raw|mikeyuwu's rating: 1238 &rarr; <strong>1261<\/strong><br \/>(+23 for winning)\n|c|\u2606mikeyuwu|Gg\n|l|\u2606balloongrapes\n","uploadtime":1697845710,"views":21,"p1id":"balloongrapes","p2id":"mikeyuwu","formatid":"gen9doublesou","rating":1185,"private":0,"password":""}