{"id":"gen9doublesou-1974684442","p1":"BriefMarigold4","p2":"Notyel_Panda","format":"[Gen 9] Doubles OU","log":"|j|\u2606BriefMarigold4\n|j|\u2606Notyel_Panda\n|t:|1698110254\n|gametype|doubles\n|player|p1|BriefMarigold4|2|1585\n|player|p2|Notyel_Panda|adaman|1453\n|teamsize|p1|6\n|teamsize|p2|6\n|gen|9\n|tier|[Gen 9] Doubles OU\n|rated|\n|rule|Species Clause: Limit one of each Pok\u00e9mon\n|rule|OHKO Clause: OHKO moves are banned\n|rule|Evasion Moves Clause: Evasion moves are banned\n|rule|Gravity Sleep Clause: The combination of sleep-inducing moves with imperfect accuracy and Gravity or Gigantamax Orbeetle are banned\n|rule|Endless Battle Clause: Forcing endless battles is banned\n|rule|HP Percentage Mod: HP is shown in percentages\n|clearpoke\n|poke|p1|Cresselia, F|\n|poke|p1|Volcanion|\n|poke|p1|Landorus-Therian, M|\n|poke|p1|Amoonguss, M|\n|poke|p1|Rillaboom, F|\n|poke|p1|Snorlax, F|\n|poke|p2|Amoonguss, M|\n|poke|p2|Azumarill, F|\n|poke|p2|Dragonite, F|\n|poke|p2|Heatran, M|\n|poke|p2|Chien-Pao|\n|poke|p2|Gholdengo|\n|teampreview\n|\n|t:|1698110278\n|start\n|switch|p1a: *vine boom effect*|Landorus-Therian, M|100\/100\n|switch|p1b: demomanlaugh.wav|Rillaboom, F|100\/100\n|switch|p2a: SnoCone|Chien-Pao|100\/100\n|switch|p2b: Fun Gus|Amoonguss, M|100\/100\n|-ability|p1a: *vine boom effect*|Intimidate|boost\n|-unboost|p2a: SnoCone|atk|1\n|-unboost|p2b: Fun Gus|atk|1\n|-ability|p2a: SnoCone|Sword of Ruin\n|-fieldstart|move: Grassy Terrain|[from] ability: Grassy Surge|[of] p1b: demomanlaugh.wav\n|turn|1\n|l|\u2606BriefMarigold4\n|player|p1|\n|j|\u2606BriefMarigold4\n|player|p1|BriefMarigold4|2\n|inactive|Battle timer is ON: inactive players will automatically lose when time's up. (requested by Notyel_Panda)\n|\n|t:|1698110309\n|move|p2b: Fun Gus|Rage Powder|p2b: Fun Gus\n|-singleturn|p2b: Fun Gus|move: Rage Powder\n|move|p1b: demomanlaugh.wav|Grassy Glide|p2a: SnoCone\n|-damage|p2a: SnoCone|54\/100\n|move|p1a: *vine boom effect*|Stomping Tantrum|p2b: Fun Gus\n|-damage|p2b: Fun Gus|57\/100\n|-damage|p1a: *vine boom effect*|84\/100|[from] item: Rocky Helmet|[of] p2b: Fun Gus\n|move|p2a: SnoCone|Ice Spinner|p1a: *vine boom effect*\n|-supereffective|p1a: *vine boom effect*\n|-damage|p1a: *vine boom effect*|0 fnt\n|-fieldend|move: Grassy Terrain\n|faint|p1a: *vine boom effect*\n|-damage|p2a: SnoCone|44\/100|[from] item: Life Orb\n|\n|upkeep\n|inactiveoff|Battle timer is now OFF.\n|\n|t:|1698110327\n|switch|p1a: 30%|Volcanion|100\/100\n|turn|2\n|\n|t:|1698110351\n|switch|p1b: Meet the Medic|Cresselia, F|100\/100\n|move|p2a: SnoCone|Ice Spinner|p1b: Meet the Medic\n|-crit|p1b: Meet the Medic\n|-damage|p1b: Meet the Medic|32\/100\n|-damage|p2a: SnoCone|34\/100|[from] item: Life Orb\n|move|p1a: 30%|Flamethrower|p2b: Fun Gus\n|-supereffective|p2b: Fun Gus\n|-damage|p2b: Fun Gus|0 fnt\n|faint|p2b: Fun Gus\n|\n|upkeep\n|\n|t:|1698110368\n|switch|p2b: bigBOY|Azumarill, F, shiny|100\/100\n|turn|3\n|\n|t:|1698110394\n|move|p2a: SnoCone|Ice Spinner|p1b: Meet the Medic\n|-damage|p1b: Meet the Medic|5\/100\n|-damage|p2a: SnoCone|24\/100|[from] item: Life Orb\n|move|p1a: 30%|Flamethrower|p2a: SnoCone\n|-supereffective|p2a: SnoCone\n|-damage|p2a: SnoCone|0 fnt\n|faint|p2a: SnoCone\n|move|p2b: bigBOY|Liquidation|p1a: 30%\n|-immune|p1a: 30%|[from] ability: Water Absorb\n|move|p1b: Meet the Medic|Lunar Blessing|p1b: Meet the Medic|[spread] p1a,p1b\n|-heal|p1b: Meet the Medic|30\/100\n|\n|upkeep\n|l|\u2606BriefMarigold4\n|player|p1|\n|\n|t:|1698110408\n|switch|p2a: DeeJay|Gholdengo|100\/100\n|turn|4\n|j|\u2606BriefMarigold4\n|player|p1|BriefMarigold4|2\n|inactive|Battle timer is ON: inactive players will automatically lose when time's up. (requested by Notyel_Panda)\n|inactiveoff|Battle timer is now OFF.\n|\n|t:|1698110451\n|move|p1b: Meet the Medic|Ally Switch|p1b: Meet the Medic\n|swap|p1b: Meet the Medic|0|[from] move: Ally Switch\n|move|p2a: DeeJay|Make It Rain|p1a: Meet the Medic|[spread] p1a,p1b\n|-resisted|p1b: 30%\n|-damage|p1a: Meet the Medic|3\/100\n|-damage|p1b: 30%|89\/100\n|-unboost|p2a: DeeJay|spa|1\n|move|p1b: 30%|Flamethrower|p2a: DeeJay\n|-supereffective|p2a: DeeJay\n|-damage|p2a: DeeJay|0 fnt\n|faint|p2a: DeeJay\n|move|p2b: bigBOY|Play Rough|p1a: Meet the Medic\n|-damage|p1a: Meet the Medic|0 fnt\n|faint|p1a: Meet the Medic\n|\n|-heal|p1b: 30%|96\/100|[from] item: Leftovers\n|upkeep\n|\n|t:|1698110465\n|switch|p2a: Clover|Dragonite, F, shiny|100\/100\n|switch|p1a: \u0d9e|Amoonguss, M|100\/100\n|turn|5\n|\n|t:|1698110480\n|-terastallize|p2a: Clover|Normal\n|move|p2a: Clover|Extreme Speed|p1b: 30%\n|-damage|p1b: 30%|61\/100\n|move|p1b: 30%|Steam Eruption|p2a: Clover\n|-damage|p2a: Clover|83\/100\n|-status|p2a: Clover|brn\n|move|p2b: bigBOY|Ice Spinner|p1a: \u0d9e\n|-supereffective|p1a: \u0d9e\n|-damage|p1a: \u0d9e|46\/100\n|move|p1a: \u0d9e|Spore||[still]\n|-fail|p1a: \u0d9e\n|\n|-heal|p1b: 30%|67\/100|[from] item: Leftovers\n|-damage|p2a: Clover|77\/100 brn|[from] brn\n|upkeep\n|turn|6\n|\n|t:|1698110497\n|switch|p1a: demomanlaugh.wav|Rillaboom, F|100\/100\n|-fieldstart|move: Grassy Terrain|[from] ability: Grassy Surge|[of] p1a: demomanlaugh.wav\n|move|p2a: Clover|Stomping Tantrum|p1b: 30%\n|-supereffective|p1b: 30%\n|-damage|p1b: 30%|42\/100\n|move|p1b: 30%|Steam Eruption|p2b: bigBOY\n|-resisted|p2b: bigBOY\n|-damage|p2b: bigBOY|77\/100\n|-status|p2b: bigBOY|brn\n|move|p2b: bigBOY|Ice Spinner|p1a: demomanlaugh.wav\n|-supereffective|p1a: demomanlaugh.wav\n|-damage|p1a: demomanlaugh.wav|71\/100\n|-fieldend|move: Grassy Terrain\n|\n|-heal|p1b: 30%|48\/100|[from] item: Leftovers\n|-damage|p2a: Clover|70\/100 brn|[from] brn\n|-damage|p2b: bigBOY|71\/100 brn|[from] brn\n|upkeep\n|turn|7\n|c|\u2606BriefMarigold4|ok\n|c|\u2606BriefMarigold4|that\n|c|\u2606BriefMarigold4|kind of sucks\n|c|\u2606BriefMarigold4|a bit\n|c|\u2606Notyel_Panda|lol\n|c|\u2606Notyel_Panda|the double burn also sucks\n|c|\u2606BriefMarigold4|yeah, that's what I was refering to\n|c|\u2606Notyel_Panda|oh\n|\n|t:|1698110544\n|switch|p1a: Absolute Fatass|Snorlax, F|100\/100\n|move|p2a: Clover|Extreme Speed|p1b: 30%\n|-damage|p1b: 30%|31\/100\n|move|p1b: 30%|Flamethrower|p2a: Clover\n|-damage|p2a: Clover|38\/100 brn\n|move|p2b: bigBOY|Ice Spinner|p1a: Absolute Fatass\n|-damage|p1a: Absolute Fatass|94\/100\n|\n|-heal|p1b: 30%|37\/100|[from] item: Leftovers\n|-heal|p1a: Absolute Fatass|99\/100|[from] item: Leftovers\n|-damage|p2a: Clover|31\/100 brn|[from] brn\n|-damage|p2b: bigBOY|65\/100 brn|[from] brn\n|upkeep\n|turn|8\n|c|\u2606Notyel_Panda|i thought you meant ice spinner\n|c|\u2606BriefMarigold4|no i couldn't really care less about that one\n|c|\u2606Notyel_Panda|i cant do shit against you \"absolute fatass\"\n|c|\u2606BriefMarigold4|that's just snorlax being snorlax\n|\n|t:|1698110574\n|move|p2a: Clover|Extreme Speed|p1b: 30%\n|-damage|p1b: 30%|19\/100\n|move|p1b: 30%|Flamethrower|p2a: Clover\n|-damage|p2a: Clover|0 fnt\n|faint|p2a: Clover\n|move|p2b: bigBOY|Liquidation|p1a: Absolute Fatass\n|-damage|p1a: Absolute Fatass|79\/100\n|move|p1a: Absolute Fatass|Body Slam|p2b: bigBOY\n|-damage|p2b: bigBOY|26\/100 brn\n|\n|-heal|p1b: 30%|25\/100|[from] item: Leftovers\n|-heal|p1a: Absolute Fatass|85\/100|[from] item: Leftovers\n|-damage|p2b: bigBOY|20\/100 brn|[from] brn\n|upkeep\n|c|\u2606Notyel_Panda|hes one of my favorite pokemon\n|\n|t:|1698110581\n|switch|p2a: Vulcan|Heatran, M|100\/100\n|turn|9\n|c|\u2606BriefMarigold4|the lil guy keeps being silly even today\n|\n|t:|1698110599\n|move|p2a: Vulcan|Earth Power|p1b: 30%\n|-supereffective|p1b: 30%\n|-damage|p1b: 30%|0 fnt\n|faint|p1b: 30%\n|move|p2b: bigBOY|Play Rough|p1a: Absolute Fatass\n|-damage|p1a: Absolute Fatass|63\/100\n|move|p1a: Absolute Fatass|Body Slam|p2b: bigBOY\n|-damage|p2b: bigBOY|0 fnt\n|faint|p2b: bigBOY\n|\n|-heal|p1a: Absolute Fatass|69\/100|[from] item: Leftovers\n|upkeep\n|\n|t:|1698110607\n|switch|p1b: demomanlaugh.wav|Rillaboom, F|71\/100\n|-fieldstart|move: Grassy Terrain|[from] ability: Grassy Surge|[of] p1b: demomanlaugh.wav\n|turn|10\n|c|\u2606Notyel_Panda|heatran clutch?\n|l|\u2606BriefMarigold4\n|player|p1|\n|j|\u2606BriefMarigold4\n|player|p1|BriefMarigold4|2\n|\n|t:|1698110642\n|move|p1b: demomanlaugh.wav|Wood Hammer|p2a: Vulcan\n|-resisted|p2a: Vulcan\n|-damage|p2a: Vulcan|85\/100\n|-damage|p1b: demomanlaugh.wav|66\/100|[from] Recoil\n|move|p2a: Vulcan|Heat Wave|p1b: demomanlaugh.wav|[spread] p1a,p1b\n|-supereffective|p1b: demomanlaugh.wav\n|-damage|p1a: Absolute Fatass|58\/100\n|-damage|p1b: demomanlaugh.wav|0 fnt\n|faint|p1b: demomanlaugh.wav\n|move|p1a: Absolute Fatass|High Horsepower|p2a: Vulcan\n|-supereffective|p2a: Vulcan\n|-damage|p2a: Vulcan|0 fnt\n|faint|p2a: Vulcan\n|\n|win|BriefMarigold4\n|raw|BriefMarigold4's rating: 1585 &rarr; <strong>1598<\/strong><br \/>(+13 for winning)\n|raw|Notyel_Panda's rating: 1453 &rarr; <strong>1440<\/strong><br \/>(-13 for losing)\n","uploadtime":1698110559,"views":18,"p1id":"briefmarigold4","p2id":"notyelpanda","formatid":"gen9doublesou","rating":1440,"private":0,"password":""}