{"id":"gen9doublesou-1978461004","p1":"Wookiebacon","p2":"Telimonster0608","format":"[Gen 9] Doubles OU","log":"|j|\u2606Wookiebacon\n|j|\u2606Telimonster0608\n|t:|1698541929\n|gametype|doubles\n|player|p1|Wookiebacon|iris|\n|player|p2|Telimonster0608|clair|\n|teamsize|p1|6\n|teamsize|p2|6\n|gen|9\n|tier|[Gen 9] Doubles OU\n|rule|Species Clause: Limit one of each Pok\u00e9mon\n|rule|OHKO Clause: OHKO moves are banned\n|rule|Evasion Moves Clause: Evasion moves are banned\n|rule|Gravity Sleep Clause: The combination of sleep-inducing moves with imperfect accuracy and Gravity or Gigantamax Orbeetle are banned\n|rule|Endless Battle Clause: Forcing endless battles is banned\n|rule|HP Percentage Mod: HP is shown in percentages\n|clearpoke\n|poke|p1|Sylveon, F|\n|poke|p1|Iron Bundle|\n|poke|p1|Dragonite, F|\n|poke|p1|Amoonguss, F|\n|poke|p1|Donphan, M|\n|poke|p1|Scizor, M|\n|poke|p2|Slither Wing|\n|poke|p2|Klefki, M|\n|poke|p2|Salamence, F|\n|poke|p2|Sneasler, M|\n|poke|p2|Zapdos|\n|poke|p2|Milotic, M|\n|teampreview\n|j| riastylis\n|\n|t:|1698542031\n|start\n|switch|p1a: Ryuko Tatsuma|Dragonite, F|100\/100\n|switch|p1b: Fat Gum|Donphan, M|100\/100\n|switch|p2a: Success\ud83e\ude99|Klefki, M, shiny|100\/100\n|switch|p2b: Lightning Storm\u26c8\ufe0f|Zapdos, shiny|100\/100\n|turn|1\n|\n|t:|1698542050\n|move|p2a: Success\ud83e\ude99|Sunny Day|p2a: Success\ud83e\ude99\n|-weather|SunnyDay\n|move|p1a: Ryuko Tatsuma|Dragon Dance|p1a: Ryuko Tatsuma\n|-boost|p1a: Ryuko Tatsuma|atk|1\n|-boost|p1a: Ryuko Tatsuma|spe|1\n|move|p2b: Lightning Storm\u26c8\ufe0f|Thunderbolt|p1a: Ryuko Tatsuma\n|-damage|p1a: Ryuko Tatsuma|79\/100\n|move|p1b: Fat Gum|Ice Spinner|p2b: Lightning Storm\u26c8\ufe0f\n|-supereffective|p2b: Lightning Storm\u26c8\ufe0f\n|-damage|p2b: Lightning Storm\u26c8\ufe0f|43\/100\n|-damage|p1b: Fat Gum|84\/100|[from] item: Rocky Helmet|[of] p2b: Lightning Storm\u26c8\ufe0f\n|\n|-weather|SunnyDay|[upkeep]\n|upkeep\n|turn|2\n|\n|t:|1698542138\n|switch|p1b: Kinoko Komori|Amoonguss, F|100\/100\n|move|p2a: Success\ud83e\ude99|Thunder Wave|p1a: Ryuko Tatsuma\n|-status|p1a: Ryuko Tatsuma|par\n|move|p2b: Lightning Storm\u26c8\ufe0f|Volt Switch|p1a: Ryuko Tatsuma\n|-damage|p1a: Ryuko Tatsuma|49\/100 par\n|\n|t:|1698542167\n|switch|p2b: Past Mothra\ud83e\udd8b|Slither Wing|100\/100|[from] Volt Switch\n|-activate|p2b: Past Mothra\ud83e\udd8b|ability: Protosynthesis\n|-start|p2b: Past Mothra\ud83e\udd8b|protosynthesisatk\n|move|p1a: Ryuko Tatsuma|Dragon Claw|p2b: Past Mothra\ud83e\udd8b\n|-damage|p2b: Past Mothra\ud83e\udd8b|0 fnt\n|faint|p2b: Past Mothra\ud83e\udd8b\n|-end|p2b: Past Mothra\ud83e\udd8b|Protosynthesis|[silent]\n|\n|-weather|SunnyDay|[upkeep]\n|upkeep\n|\n|t:|1698542199\n|switch|p2b: Lightning Storm\u26c8\ufe0f|Zapdos, shiny|43\/100\n|turn|3\n|\n|t:|1698542234\n|move|p1b: Kinoko Komori|Rage Powder|p1b: Kinoko Komori\n|-singleturn|p1b: Kinoko Komori|move: Rage Powder\n|move|p2a: Success\ud83e\ude99|Light Screen|p2a: Success\ud83e\ude99\n|-sidestart|p2: Telimonster0608|move: Light Screen\n|move|p2b: Lightning Storm\u26c8\ufe0f|Heat Wave|p1a: Ryuko Tatsuma|[spread] p1a,p1b\n|-resisted|p1a: Ryuko Tatsuma\n|-supereffective|p1b: Kinoko Komori\n|-damage|p1a: Ryuko Tatsuma|34\/100 par\n|-damage|p1b: Kinoko Komori|41\/100\n|-enditem|p1b: Kinoko Komori|Sitrus Berry|[eat]\n|-heal|p1b: Kinoko Komori|66\/100|[from] item: Sitrus Berry\n|cant|p1a: Ryuko Tatsuma|par\n|\n|-weather|SunnyDay|[upkeep]\n|upkeep\n|turn|4\n|\n|t:|1698542257\n|move|p2a: Success\ud83e\ude99|Reflect|p2a: Success\ud83e\ude99\n|-sidestart|p2: Telimonster0608|Reflect\n|move|p2b: Lightning Storm\u26c8\ufe0f|Weather Ball|p1b: Kinoko Komori\n|-supereffective|p1b: Kinoko Komori\n|-damage|p1b: Kinoko Komori|0 fnt\n|faint|p1b: Kinoko Komori\n|move|p1a: Ryuko Tatsuma|Dragon Claw|p2b: Lightning Storm\u26c8\ufe0f\n|-damage|p2b: Lightning Storm\u26c8\ufe0f|3\/100\n|-damage|p1a: Ryuko Tatsuma|18\/100 par|[from] item: Rocky Helmet|[of] p2b: Lightning Storm\u26c8\ufe0f\n|\n|-weather|SunnyDay|[upkeep]\n|upkeep\n|\n|t:|1698542267\n|switch|p1b: Fat Gum|Donphan, M|84\/100\n|turn|5\n|j| GoDDanteX\n|\n|t:|1698542317\n|switch|p2a: Wolverine\ud83d\udde1|Sneasler, M, shiny|100\/100\n|-item|p2a: Wolverine\ud83d\udde1|Air Balloon\n|move|p2b: Lightning Storm\u26c8\ufe0f|Heat Wave|p1b: Fat Gum|[spread] p1a,p1b\n|-resisted|p1a: Ryuko Tatsuma\n|-damage|p1a: Ryuko Tatsuma|3\/100 par\n|-damage|p1b: Fat Gum|44\/100\n|move|p1a: Ryuko Tatsuma|Dragon Claw|p2b: Lightning Storm\u26c8\ufe0f\n|-damage|p2b: Lightning Storm\u26c8\ufe0f|0 fnt\n|-damage|p1a: Ryuko Tatsuma|0 fnt|[from] item: Rocky Helmet|[of] p2b: Lightning Storm\u26c8\ufe0f\n|faint|p2b: Lightning Storm\u26c8\ufe0f\n|faint|p1a: Ryuko Tatsuma\n|move|p1b: Fat Gum|Earthquake|p2a: Wolverine\ud83d\udde1\n|-immune|p2a: Wolverine\ud83d\udde1\n|\n|-weather|SunnyDay|[upkeep]\n|upkeep\n|\n|t:|1698542346\n|switch|p1a: Nejire Hado|Sylveon, F, shiny|100\/100\n|switch|p2b: All-Might\ud83e\uddb8\u200d\u2642\ufe0f|Salamence, F|100\/100\n|-ability|p2b: All-Might\ud83e\uddb8\u200d\u2642\ufe0f|Intimidate|boost\n|-unboost|p1a: Nejire Hado|atk|1\n|-unboost|p1b: Fat Gum|atk|1\n|turn|6\n|\n|t:|1698542375\n|switch|p1b: Hatsume's Creation|Iron Bundle|100\/100\n|-terastallize|p2b: All-Might\ud83e\uddb8\u200d\u2642\ufe0f|Steel\n|-terastallize|p1a: Nejire Hado|Psychic\n|move|p2a: Wolverine\ud83d\udde1|Dire Claw|p1a: Nejire Hado\n|-damage|p1a: Nejire Hado|64\/100\n|-status|p1a: Nejire Hado|psn\n|move|p2b: All-Might\ud83e\uddb8\u200d\u2642\ufe0f|Iron Head|p1a: Nejire Hado\n|-damage|p1a: Nejire Hado|29\/100 psn\n|cant|p1a: Nejire Hado|flinch\n|\n|-weather|SunnyDay|[upkeep]\n|-damage|p1a: Nejire Hado|17\/100 psn|[from] psn\n|upkeep\n|turn|7\n|\n|t:|1698542404\n|move|p1b: Hatsume's Creation|Hydro Pump|p2b: All-Might\ud83e\uddb8\u200d\u2642\ufe0f\n|-damage|p2b: All-Might\ud83e\uddb8\u200d\u2642\ufe0f|67\/100\n|move|p2a: Wolverine\ud83d\udde1|Fire Punch|p1b: Hatsume's Creation\n|-damage|p1b: Hatsume's Creation|55\/100\n|-status|p1b: Hatsume's Creation|psn|[from] ability: Poison Touch|[of] p2a: Wolverine\ud83d\udde1\n|move|p2b: All-Might\ud83e\uddb8\u200d\u2642\ufe0f|Earthquake|p1a: Nejire Hado|[spread] p1a,p1b\n|-immune|p2a: Wolverine\ud83d\udde1\n|-damage|p1a: Nejire Hado|0 fnt\n|-damage|p1b: Hatsume's Creation|24\/100 psn\n|faint|p1a: Nejire Hado\n|\n|-weather|SunnyDay|[upkeep]\n|-damage|p1b: Hatsume's Creation|12\/100 psn|[from] psn\n|-sideend|p2: Telimonster0608|move: Light Screen\n|upkeep\n|\n|t:|1698542418\n|switch|p1a: Fat Gum|Donphan, M|44\/100\n|turn|8\n|\n|t:|1698542434\n|move|p1b: Hatsume's Creation|Hydro Pump|p2a: Wolverine\ud83d\udde1\n|-damage|p2a: Wolverine\ud83d\udde1|49\/100\n|-enditem|p2a: Wolverine\ud83d\udde1|Air Balloon\n|move|p2a: Wolverine\ud83d\udde1|Rock Slide|p1a: Fat Gum|[spread] p1a,p1b\n|-resisted|p1a: Fat Gum\n|-supereffective|p1b: Hatsume's Creation\n|-damage|p1a: Fat Gum|37\/100\n|-damage|p1b: Hatsume's Creation|0 fnt\n|faint|p1b: Hatsume's Creation\n|-end|p1b: Hatsume's Creation|Quark Drive|[silent]\n|move|p2b: All-Might\ud83e\uddb8\u200d\u2642\ufe0f|Dragon Claw|p1a: Fat Gum\n|-damage|p1a: Fat Gum|5\/100\n|move|p1a: Fat Gum|Earthquake|p2b: All-Might\ud83e\uddb8\u200d\u2642\ufe0f|[spread] p2a,p2b\n|-supereffective|p2a: Wolverine\ud83d\udde1\n|-supereffective|p2b: All-Might\ud83e\uddb8\u200d\u2642\ufe0f\n|-damage|p2a: Wolverine\ud83d\udde1|0 fnt\n|-damage|p2b: All-Might\ud83e\uddb8\u200d\u2642\ufe0f|0 fnt\n|faint|p2a: Wolverine\ud83d\udde1\n|faint|p2b: All-Might\ud83e\uddb8\u200d\u2642\ufe0f\n|\n|-weather|none\n|-sideend|p2: Telimonster0608|Reflect\n|upkeep\n|\n|t:|1698542454\n|switch|p1b: Tetsu Tetsu|Scizor, M|100\/100\n|switch|p2a: Success\ud83e\ude99|Klefki, M, shiny|100\/100\n|switch|p2b: Princess\ud83d\udc78|Milotic, M, shiny|100\/100\n|turn|9\n|\n|t:|1698542482\n|move|p2b: Princess\ud83d\udc78|Protect|p2b: Princess\ud83d\udc78\n|-singleturn|p2b: Princess\ud83d\udc78|Protect\n|move|p2a: Success\ud83e\ude99|Thunder Wave|p1b: Tetsu Tetsu\n|-status|p1b: Tetsu Tetsu|par\n|move|p1b: Tetsu Tetsu|Bullet Punch|p2a: Success\ud83e\ude99\n|-damage|p2a: Success\ud83e\ude99|66\/100\n|-damage|p1b: Tetsu Tetsu|91\/100 par|[from] item: Life Orb\n|move|p1a: Fat Gum|Earthquake|p2a: Success\ud83e\ude99|[spread] p1b,p2a\n|-activate|p2b: Princess\ud83d\udc78|move: Protect\n|-supereffective|p2a: Success\ud83e\ude99\n|-damage|p1b: Tetsu Tetsu|32\/100 par\n|-damage|p2a: Success\ud83e\ude99|0 fnt\n|faint|p2a: Success\ud83e\ude99\n|\n|-status|p2b: Princess\ud83d\udc78|brn|[from] item: Flame Orb\n|upkeep\n|turn|10\n|l| GoDDanteX\n|j| GoDDanteX\n|\n|t:|1698542602\n|move|p2b: Princess\ud83d\udc78|Scald|p1a: Fat Gum\n|-supereffective|p1a: Fat Gum\n|-damage|p1a: Fat Gum|0 fnt\n|faint|p1a: Fat Gum\n|cant|p1b: Tetsu Tetsu|par\n|\n|-damage|p2b: Princess\ud83d\udc78|94\/100 brn|[from] brn\n|upkeep\n|turn|11\n|\n|t:|1698542617\n|move|p2b: Princess\ud83d\udc78|Scald|p1b: Tetsu Tetsu\n|-damage|p1b: Tetsu Tetsu|0 fnt\n|faint|p1b: Tetsu Tetsu\n|\n|win|Telimonster0608\n|l| GoDDanteX\n","uploadtime":1698542622,"views":25,"p1id":"wookiebacon","p2id":"telimonster0608","formatid":"gen9doublesou","rating":0,"private":0,"password":""}