{"id":"gen9doublesou-1983223773","p1":"Satoru Gozou","p2":"SakakibaraKotone","format":"[Gen 9] Doubles OU","log":"|j|\u2606Satoru Gozou\n|j|\u2606SakakibaraKotone\n|t:|1699107308\n|gametype|doubles\n|player|p1|Satoru Gozou|doctor|1399\n|player|p2|SakakibaraKotone|irida|1603\n|teamsize|p1|6\n|teamsize|p2|6\n|gen|9\n|tier|[Gen 9] Doubles OU\n|rated|\n|rule|Species Clause: Limit one of each Pok\u00e9mon\n|rule|OHKO Clause: OHKO moves are banned\n|rule|Evasion Moves Clause: Evasion moves are banned\n|rule|Gravity Sleep Clause: The combination of sleep-inducing moves with imperfect accuracy and Gravity or Gigantamax Orbeetle are banned\n|rule|Endless Battle Clause: Forcing endless battles is banned\n|rule|HP Percentage Mod: HP is shown in percentages\n|clearpoke\n|poke|p1|Farigiraf, M|\n|poke|p1|Tornadus, M|\n|poke|p1|Rillaboom, F|\n|poke|p1|Ogerpon-Hearthflame, F|\n|poke|p1|Ursaluna-Bloodmoon, M|\n|poke|p1|Dragonite, F|\n|poke|p2|Ninetales-Alola, F|\n|poke|p2|Heatran, M|\n|poke|p2|Flutter Mane|\n|poke|p2|Amoonguss, F|\n|poke|p2|Roaring Moon|\n|poke|p2|Iron Hands|\n|teampreview\n|inactive|Battle timer is ON: inactive players will automatically lose when time's up. (requested by SakakibaraKotone)\n|\n|t:|1699107335\n|start\n|switch|p1a: Nossa m\u00e3e|Dragonite, F|100\/100\n|switch|p1b: Mendigo da muie|Tornadus, M|100\/100\n|switch|p2a: Amoonguss|Amoonguss, F|100\/100\n|switch|p2b: Iron Hands|Iron Hands|100\/100\n|turn|1\n|\n|t:|1699107349\n|move|p2b: Iron Hands|Fake Out|p1b: Mendigo da muie\n|-damage|p1b: Mendigo da muie|75\/100\n|cant|p1b: Mendigo da muie|flinch\n|move|p1a: Nossa m\u00e3e|Dragon Dance|p1a: Nossa m\u00e3e\n|-boost|p1a: Nossa m\u00e3e|atk|1\n|-boost|p1a: Nossa m\u00e3e|spe|1\n|move|p2a: Amoonguss|Spore|p1b: Mendigo da muie\n|-status|p1b: Mendigo da muie|slp|[from] move: Spore\n|\n|upkeep\n|turn|2\n|\n|t:|1699107375\n|move|p1a: Nossa m\u00e3e|Earthquake|p2a: Amoonguss|[spread] p2a,p2b\n|-immune|p1b: Mendigo da muie\n|-supereffective|p2b: Iron Hands\n|-damage|p2a: Amoonguss|70\/100\n|-damage|p2b: Iron Hands|47\/100\n|cant|p1b: Mendigo da muie|slp\n|move|p2b: Iron Hands|Wild Charge|p1b: Mendigo da muie\n|-supereffective|p1b: Mendigo da muie\n|-damage|p1b: Mendigo da muie|0 fnt\n|faint|p1b: Mendigo da muie\n|-damage|p2b: Iron Hands|36\/100|[from] Recoil\n|move|p2a: Amoonguss|Spore|p1a: Nossa m\u00e3e\n|-status|p1a: Nossa m\u00e3e|slp|[from] move: Spore\n|\n|upkeep\n|inactive|Satoru Gozou has 120 seconds left.\n|\n|t:|1699107386\n|switch|p1b: M'a kako|Rillaboom, F|100\/100\n|-fieldstart|move: Grassy Terrain|[from] ability: Grassy Surge|[of] p1b: M'a kako\n|turn|3\n|\n|t:|1699107399\n|-end|p2b: Iron Hands|Quark Drive|[silent]\n|switch|p2b: Ninetales|Ninetales-Alola, F|100\/100\n|-weather|Snow|[from] ability: Snow Warning|[of] p2b: Ninetales\n|move|p1b: M'a kako|Fake Out|p2b: Ninetales\n|-damage|p2b: Ninetales|85\/100\n|cant|p1a: Nossa m\u00e3e|slp\n|move|p2a: Amoonguss|Pollen Puff|p1b: M'a kako\n|-supereffective|p1b: M'a kako\n|-damage|p1b: M'a kako|72\/100\n|\n|-weather|Snow|[upkeep]\n|-heal|p2b: Ninetales|91\/100|[from] Grassy Terrain\n|-heal|p1b: M'a kako|78\/100|[from] Grassy Terrain\n|-heal|p2a: Amoonguss|76\/100|[from] Grassy Terrain\n|upkeep\n|turn|4\n|\n|t:|1699107434\n|-curestatus|p1a: Nossa m\u00e3e|slp|[msg]\n|move|p1a: Nossa m\u00e3e|Dragon Dance|p1a: Nossa m\u00e3e\n|-boost|p1a: Nossa m\u00e3e|atk|1\n|-boost|p1a: Nossa m\u00e3e|spe|1\n|move|p2b: Ninetales|Aurora Veil|p2b: Ninetales\n|-sidestart|p2: SakakibaraKotone|move: Aurora Veil\n|move|p1b: M'a kako|Knock Off|p2a: Amoonguss\n|-damage|p2a: Amoonguss|58\/100\n|-damage|p1b: M'a kako|61\/100|[from] item: Rocky Helmet|[of] p2a: Amoonguss\n|-enditem|p2a: Amoonguss|Rocky Helmet|[from] move: Knock Off|[of] p1b: M'a kako\n|move|p2a: Amoonguss|Pollen Puff|p1b: M'a kako\n|-supereffective|p1b: M'a kako\n|-damage|p1b: M'a kako|32\/100\n|\n|-weather|Snow|[upkeep]\n|-heal|p2b: Ninetales|97\/100|[from] Grassy Terrain\n|-heal|p1b: M'a kako|38\/100|[from] Grassy Terrain\n|-heal|p2a: Amoonguss|64\/100|[from] Grassy Terrain\n|upkeep\n|turn|5\n|\n|t:|1699107459\n|switch|p1b: Garibaldo|Farigiraf, M|100\/100\n|-terastallize|p2b: Ninetales|Ghost\n|move|p1a: Nossa m\u00e3e|Extreme Speed|p2a: Amoonguss\n|-crit|p2a: Amoonguss\n|-damage|p2a: Amoonguss|0 fnt\n|faint|p2a: Amoonguss\n|move|p2b: Ninetales|Icy Wind|p1a: Nossa m\u00e3e|[spread] p1a,p1b\n|-supereffective|p1a: Nossa m\u00e3e\n|-damage|p1a: Nossa m\u00e3e|66\/100\n|-damage|p1b: Garibaldo|91\/100\n|-unboost|p1a: Nossa m\u00e3e|spe|1\n|-unboost|p1b: Garibaldo|spe|1\n|-enditem|p1a: Nossa m\u00e3e|Weakness Policy\n|-boost|p1a: Nossa m\u00e3e|atk|2|[from] item: Weakness Policy\n|-boost|p1a: Nossa m\u00e3e|spa|2|[from] item: Weakness Policy\n|\n|-weather|Snow|[upkeep]\n|-heal|p2b: Ninetales|100\/100|[from] Grassy Terrain\n|-heal|p1b: Garibaldo|97\/100|[from] Grassy Terrain\n|upkeep\n|inactive|SakakibaraKotone has 120 seconds left.\n|\n|t:|1699107487\n|switch|p2a: Roaring Moon|Roaring Moon|100\/100\n|-enditem|p2a: Roaring Moon|Booster Energy\n|-activate|p2a: Roaring Moon|ability: Protosynthesis|[fromitem]\n|-start|p2a: Roaring Moon|protosynthesisspe\n|turn|6\n|\n|t:|1699107498\n|-terastallize|p1a: Nossa m\u00e3e|Normal\n|move|p2a: Roaring Moon|Protect|p2a: Roaring Moon\n|-singleturn|p2a: Roaring Moon|Protect\n|move|p1a: Nossa m\u00e3e|Ice Spinner|p2a: Roaring Moon\n|-activate|p2a: Roaring Moon|move: Protect\n|move|p2b: Ninetales|Freeze-Dry|p1a: Nossa m\u00e3e\n|-damage|p1a: Nossa m\u00e3e|37\/100\n|move|p1b: Garibaldo|Shadow Ball|p2b: Ninetales\n|-supereffective|p2b: Ninetales\n|-damage|p2b: Ninetales|68\/100\n|\n|-weather|Snow|[upkeep]\n|-heal|p1a: Nossa m\u00e3e|44\/100|[from] Grassy Terrain\n|-heal|p2b: Ninetales|74\/100|[from] Grassy Terrain\n|-heal|p1b: Garibaldo|100\/100|[from] Grassy Terrain\n|upkeep\n|turn|7\n|inactive|SakakibaraKotone has 120 seconds left.\n|\n|t:|1699107530\n|-end|p2a: Roaring Moon|Protosynthesis|[silent]\n|switch|p2a: Heatran|Heatran, M|100\/100\n|move|p1b: Garibaldo|Helping Hand|p1a: Nossa m\u00e3e\n|-singleturn|p1a: Nossa m\u00e3e|Helping Hand|[of] p1b: Garibaldo\n|move|p1a: Nossa m\u00e3e|Extreme Speed|p2a: Heatran\n|-resisted|p2a: Heatran\n|-damage|p2a: Heatran|38\/100\n|move|p2b: Ninetales|Moonblast|p1a: Nossa m\u00e3e\n|-damage|p1a: Nossa m\u00e3e|10\/100\n|\n|-weather|none\n|-heal|p1a: Nossa m\u00e3e|16\/100|[from] Grassy Terrain\n|-heal|p2b: Ninetales|80\/100|[from] Grassy Terrain\n|-heal|p2a: Heatran|44\/100|[from] Grassy Terrain\n|-fieldend|move: Grassy Terrain\n|upkeep\n|turn|8\n|\n|t:|1699107550\n|move|p1b: Garibaldo|Ally Switch|p1b: Garibaldo\n|swap|p1b: Garibaldo|0|[from] move: Ally Switch\n|move|p1b: Nossa m\u00e3e|Earthquake|p2b: Ninetales|[spread] p1a,p2a,p2b\n|-supereffective|p2a: Heatran\n|-damage|p1a: Garibaldo|11\/100\n|-damage|p2a: Heatran|0 fnt\n|-damage|p2b: Ninetales|0 fnt\n|faint|p2a: Heatran\n|faint|p2b: Ninetales\n|\n|upkeep\n|\n|t:|1699107560\n|switch|p2b: Roaring Moon|Roaring Moon|100\/100\n|switch|p2a: Flutter Mane|Flutter Mane|100\/100\n|turn|9\n|\n|t:|1699107588\n|move|p2b: Roaring Moon|Protect|p2b: Roaring Moon\n|-singleturn|p2b: Roaring Moon|Protect\n|move|p1b: Nossa m\u00e3e|Extreme Speed|p2b: Roaring Moon\n|-activate|p2b: Roaring Moon|move: Protect\n|move|p2a: Flutter Mane|Dazzling Gleam|p1b: Nossa m\u00e3e|[spread] p1a,p1b\n|-damage|p1a: Garibaldo|0 fnt\n|-damage|p1b: Nossa m\u00e3e|0 fnt\n|faint|p1a: Garibaldo\n|faint|p1b: Nossa m\u00e3e\n|\n|upkeep\n|inactive|Satoru Gozou has 120 seconds left.\n|\n|t:|1699107599\n|switch|p1b: Roraima|Ogerpon-Hearthflame, F|100\/100\n|switch|p1a: M'a kako|Rillaboom, F|38\/100\n|-ability|p1b: Roraima|Mold Breaker\n|-fieldstart|move: Grassy Terrain|[from] ability: Grassy Surge|[of] p1a: M'a kako\n|turn|10\n|\n|t:|1699107606\n|-end|p2b: Roaring Moon|Protosynthesis|[silent]\n|switch|p2b: Iron Hands|Iron Hands|36\/100\n|move|p1a: M'a kako|Fake Out|p2b: Iron Hands\n|-damage|p2b: Iron Hands|30\/100\n|move|p2a: Flutter Mane|Dazzling Gleam|p1a: M'a kako|[spread] p1a,p1b\n|-crit|p1a: M'a kako\n|-resisted|p1b: Roraima\n|-damage|p1a: M'a kako|0 fnt\n|-damage|p1b: Roraima|75\/100\n|faint|p1a: M'a kako\n|move|p1b: Roraima|Ivy Cudgel|p2a: Flutter Mane\n|-crit|p2a: Flutter Mane\n|-damage|p2a: Flutter Mane|0 fnt\n|faint|p2a: Flutter Mane\n|-end|p2a: Flutter Mane|Protosynthesis|[silent]\n|\n|-heal|p1b: Roraima|81\/100|[from] Grassy Terrain\n|-heal|p2b: Iron Hands|36\/100|[from] Grassy Terrain\n|upkeep\n|\n|t:|1699107615\n|switch|p2a: Roaring Moon|Roaring Moon|100\/100\n|switch|p1a: Rafafredi|Ursaluna-Bloodmoon, M|100\/100\n|turn|11\n|inactive|Satoru Gozou has 120 seconds left.\n|\n|t:|1699107648\n|move|p1b: Roraima|Spiky Shield|p1b: Roraima\n|-singleturn|p1b: Roraima|move: Protect\n|move|p1a: Rafafredi|Protect|p1a: Rafafredi\n|-singleturn|p1a: Rafafredi|Protect\n|move|p2a: Roaring Moon|Dragon Dance|p2a: Roaring Moon\n|-boost|p2a: Roaring Moon|atk|1\n|-boost|p2a: Roaring Moon|spe|1\n|move|p2b: Iron Hands|Drain Punch|p1a: Rafafredi\n|-activate|p1a: Rafafredi|move: Protect\n|\n|-heal|p1b: Roraima|87\/100|[from] Grassy Terrain\n|-heal|p2b: Iron Hands|42\/100|[from] Grassy Terrain\n|-sideend|p2: SakakibaraKotone|move: Aurora Veil\n|upkeep\n|turn|12\n|inactive|Satoru Gozou has 120 seconds left.\n|\n|t:|1699107683\n|move|p2a: Roaring Moon|Acrobatics|p1b: Roraima\n|-supereffective|p1b: Roraima\n|-damage|p1b: Roraima|0 fnt\n|faint|p1b: Roraima\n|move|p2b: Iron Hands|Drain Punch|p1a: Rafafredi\n|-supereffective|p1a: Rafafredi\n|-damage|p1a: Rafafredi|48\/100\n|-heal|p2b: Iron Hands|63\/100|[from] drain|[of] p1a: Rafafredi\n|move|p1a: Rafafredi|Blood Moon|p2a: Roaring Moon\n|-damage|p2a: Roaring Moon|14\/100\n|-damage|p1a: Rafafredi|38\/100|[from] item: Life Orb\n|\n|-heal|p2a: Roaring Moon|20\/100|[from] Grassy Terrain\n|-heal|p2b: Iron Hands|70\/100|[from] Grassy Terrain\n|-heal|p1a: Rafafredi|44\/100|[from] Grassy Terrain\n|upkeep\n|turn|13\n|-message|Satoru Gozou forfeited.\n|\n|win|SakakibaraKotone\n|raw|Satoru Gozou's rating: 1399 &rarr; <strong>1390<\/strong><br \/>(-9 for losing)\n|raw|SakakibaraKotone's rating: 1603 &rarr; <strong>1612<\/strong><br \/>(+9 for winning)\n|l|\u2606Satoru Gozou\n","uploadtime":1699107699,"views":12,"p1id":"satorugozou","p2id":"sakakibarakotone","formatid":"gen9doublesou","rating":1390,"private":0,"password":""}