{"id":"gen9doublesou-1982268171","p1":"Metal Jester","p2":"Mano35000","format":"[Gen 9] Doubles OU","log":"|j|\u2606Metal Jester\n|j|\u2606Mano35000\n|t:|1698987123\n|gametype|doubles\n|player|p1|Metal Jester|ingo|1210\n|player|p2|Mano35000|265|1033\n|teamsize|p1|6\n|teamsize|p2|6\n|gen|9\n|tier|[Gen 9] Doubles OU\n|rated|\n|rule|Species Clause: Limit one of each Pok\u00e9mon\n|rule|OHKO Clause: OHKO moves are banned\n|rule|Evasion Moves Clause: Evasion moves are banned\n|rule|Gravity Sleep Clause: The combination of sleep-inducing moves with imperfect accuracy and Gravity or Gigantamax Orbeetle are banned\n|rule|Endless Battle Clause: Forcing endless battles is banned\n|rule|HP Percentage Mod: HP is shown in percentages\n|clearpoke\n|poke|p1|Scizor, M|\n|poke|p1|Scyther, M|\n|poke|p1|Kleavor, M|\n|poke|p1|Volcarona, F|\n|poke|p1|Vivillon-Fancy, F|\n|poke|p1|Great Tusk|\n|poke|p2|Snorlax, F|\n|poke|p2|Farigiraf, F|\n|poke|p2|Goodra-Hisui, M|\n|poke|p2|Dragonite, M|\n|poke|p2|Tauros-Paldea-Aqua, M|\n|poke|p2|Rotom-Heat|\n|teampreview\n|inactive|Battle timer is ON: inactive players will automatically lose when time's up. (requested by Metal Jester)\n|\n|t:|1698987141\n|start\n|switch|p1a: Kleavor|Kleavor, M, shiny|100\/100\n|switch|p1b: Scyther|Scyther, M|100\/100\n|switch|p2a: Dragonite|Dragonite, M|100\/100\n|switch|p2b: Snorlax|Snorlax, F|100\/100\n|turn|1\n|\n|t:|1698987162\n|move|p2b: Snorlax|Helping Hand|p2a: Dragonite\n|-singleturn|p2a: Dragonite|Helping Hand|[of] p2b: Snorlax\n|move|p1b: Scyther|Tailwind|p1b: Scyther\n|-sidestart|p1: Metal Jester|move: Tailwind\n|move|p1a: Kleavor|Close Combat|p2b: Snorlax\n|-supereffective|p2b: Snorlax\n|-damage|p2b: Snorlax|0 fnt\n|-unboost|p1a: Kleavor|def|1\n|-unboost|p1a: Kleavor|spd|1\n|faint|p2b: Snorlax\n|-damage|p1a: Kleavor|91\/100|[from] item: Life Orb\n|move|p2a: Dragonite|Iron Head|p1a: Kleavor\n|-supereffective|p1a: Kleavor\n|-damage|p1a: Kleavor|0 fnt\n|faint|p1a: Kleavor\n|\n|upkeep\n|\n|t:|1698987181\n|switch|p1a: Vivillon|Vivillon-Fancy, F, shiny|100\/100\n|switch|p2b: Goodra|Goodra-Hisui, M|100\/100\n|turn|2\n|\n|t:|1698987196\n|switch|p2a: Farigiraf|Farigiraf, F|100\/100\n|move|p1b: Scyther|Close Combat|p2b: Goodra\n|-supereffective|p2b: Goodra\n|-damage|p2b: Goodra|27\/100\n|-unboost|p1b: Scyther|def|1\n|-unboost|p1b: Scyther|spd|1\n|move|p1a: Vivillon|Sleep Powder|p2a: Farigiraf\n|-activate|p2a: Farigiraf|item: Safety Goggles|Sleep Powder\n|move|p2b: Goodra|Acid Armor|p2b: Goodra\n|-boost|p2b: Goodra|def|2\n|\n|upkeep\n|turn|3\n|\n|t:|1698987218\n|move|p1b: Scyther|Close Combat|p2b: Goodra\n|-supereffective|p2b: Goodra\n|-damage|p2b: Goodra|0 fnt\n|-unboost|p1b: Scyther|def|1\n|-unboost|p1b: Scyther|spd|1\n|faint|p2b: Goodra\n|move|p1a: Vivillon|Pollen Puff|p2a: Farigiraf\n|-supereffective|p2a: Farigiraf\n|-damage|p2a: Farigiraf|32\/100\n|move|p2a: Farigiraf|Nasty Plot|p2a: Farigiraf\n|-boost|p2a: Farigiraf|spa|2\n|\n|upkeep\n|inactive|Mano35000 has 120 seconds left.\n|\n|t:|1698987239\n|switch|p2b: Rotom|Rotom-Heat|100\/100\n|turn|4\n|\n|t:|1698987252\n|move|p1b: Scyther|U-turn|p2a: Farigiraf\n|-supereffective|p2a: Farigiraf\n|-damage|p2a: Farigiraf|0 fnt\n|faint|p2a: Farigiraf\n|\n|t:|1698987259\n|switch|p1b: Volcarona|Volcarona, F, shiny|100\/100|[from] U-turn\n|move|p1a: Vivillon|Sleep Powder|p2b: Rotom\n|-status|p2b: Rotom|slp|[from] move: Sleep Powder\n|cant|p2b: Rotom|slp\n|\n|-sideend|p1: Metal Jester|move: Tailwind\n|upkeep\n|\n|t:|1698987267\n|switch|p2a: Dragonite|Dragonite, M|100\/100\n|turn|5\n|\n|t:|1698987285\n|-terastallize|p1b: Volcarona|Steel\n|move|p2a: Dragonite|Extreme Speed|p1b: Volcarona\n|-resisted|p1b: Volcarona\n|-damage|p1b: Volcarona|69\/100\n|cant|p2b: Rotom|slp\n|move|p1b: Volcarona|Quiver Dance|p1b: Volcarona\n|-boost|p1b: Volcarona|spa|1\n|-boost|p1b: Volcarona|spd|1\n|-boost|p1b: Volcarona|spe|1\n|move|p1a: Vivillon|Sleep Powder|p2a: Dragonite\n|-status|p2a: Dragonite|slp|[from] move: Sleep Powder\n|\n|upkeep\n|turn|6\n|\n|t:|1698987315\n|cant|p2a: Dragonite|slp\n|move|p1b: Volcarona|Fiery Dance|p2b: Rotom\n|-resisted|p2b: Rotom\n|-damage|p2b: Rotom|60\/100 slp\n|-boost|p1b: Volcarona|spa|1\n|cant|p2b: Rotom|slp\n|move|p1a: Vivillon|Hurricane|p2a: Dragonite\n|-damage|p2a: Dragonite|52\/100 slp\n|-start|p2a: Dragonite|confusion\n|\n|upkeep\n|turn|7\n|\n|t:|1698987336\n|cant|p2a: Dragonite|slp\n|move|p1b: Volcarona|Fiery Dance|p2b: Rotom\n|-resisted|p2b: Rotom\n|-damage|p2b: Rotom|0 fnt\n|-boost|p1b: Volcarona|spa|1\n|faint|p2b: Rotom\n|move|p1a: Vivillon|Hurricane|p2a: Dragonite\n|-damage|p2a: Dragonite|9\/100 slp\n|\n|upkeep\n|\n|t:|1698987345\n|switch|p2b: Tauros|Tauros-Paldea-Aqua, M|100\/100\n|-ability|p2b: Tauros|Intimidate|boost\n|-unboost|p1a: Vivillon|atk|1\n|-unboost|p1b: Volcarona|atk|1\n|turn|8\n|-message|Mano35000 forfeited.\n|\n|win|Metal Jester\n|raw|Metal Jester's rating: 1210 &rarr; <strong>1223<\/strong><br \/>(+13 for winning)\n|raw|Mano35000's rating: 1033 &rarr; <strong>1025<\/strong><br \/>(-8 for losing)\n|l|\u2606Mano35000\n","uploadtime":1698987352,"views":21,"p1id":"metaljester","p2id":"mano35000","formatid":"gen9doublesou","rating":1025,"private":0,"password":""}