{"id":"gen9doublesou-1994290028","p1":"quiewr","p2":"A301i","format":"[Gen 9] Doubles OU","log":"|j|\u2606quiewr\n|j|\u2606A301i\n|t:|1700427548\n|gametype|doubles\n|player|p1|quiewr|hilda|\n|player|p2|A301i|1|\n|teamsize|p1|6\n|teamsize|p2|6\n|gen|9\n|tier|[Gen 9] Doubles OU\n|rule|Species Clause: Limit one of each Pok\u00e9mon\n|rule|OHKO Clause: OHKO moves are banned\n|rule|Evasion Moves Clause: Evasion moves are banned\n|rule|Gravity Sleep Clause: The combination of sleep-inducing moves with imperfect accuracy and Gravity or Gigantamax Orbeetle are banned\n|rule|Endless Battle Clause: Forcing endless battles is banned\n|rule|HP Percentage Mod: HP is shown in percentages\n|clearpoke\n|poke|p1|Hatterene, F|\n|poke|p1|Garchomp, F|\n|poke|p1|Rotom-Heat|\n|poke|p1|Spectrier|\n|poke|p1|Greninja-*, M|\n|poke|p1|Magneton|\n|poke|p2|Clefairy, F|\n|poke|p2|Chi-Yu|\n|poke|p2|Roaring Moon|\n|poke|p2|Rotom-Wash|\n|poke|p2|Kingambit, F|\n|poke|p2|Calyrex|\n|teampreview\n|c|\u2606quiewr|hello!!!\n|c|\u2606quiewr|hoping my internet doesn't cut out again\n|\n|t:|1700427570\n|start\n|switch|p1a: Hatt|Hatterene, F|100\/100\n|switch|p1b: Magneton|Magneton, shiny|100\/100\n|switch|p2a: Roaring Moon|Roaring Moon, shiny|100\/100\n|switch|p2b: Calyrex|Calyrex|100\/100\n|-ability|p2b: Calyrex|Unnerve\n|-enditem|p2a: Roaring Moon|Booster Energy\n|-activate|p2a: Roaring Moon|ability: Protosynthesis|[fromitem]\n|-start|p2a: Roaring Moon|protosynthesisspe\n|turn|1\n|\n|t:|1700427598\n|-terastallize|p2a: Roaring Moon|Flying\n|move|p2a: Roaring Moon|Acrobatics|p1a: Hatt\n|-damage|p1a: Hatt|35\/100\n|move|p2b: Calyrex|Light Screen|p2b: Calyrex\n|-sidestart|p2: A301i|move: Light Screen\n|move|p1b: Magneton|Thunder Wave|p2a: Roaring Moon\n|-status|p2a: Roaring Moon|par\n|move|p1a: Hatt|Light Screen|p1a: Hatt\n|-sidestart|p1: quiewr|move: Light Screen\n|\n|upkeep\n|turn|2\n|j| aeroblaster7\n|\n|t:|1700427641\n|-end|p2a: Roaring Moon|Protosynthesis|[silent]\n|switch|p2a: Rotom|Rotom-Wash, shiny|100\/100\n|switch|p1a: Easy-Bake|Rotom-Heat|100\/100\n|move|p2b: Calyrex|Reflect|p2b: Calyrex\n|-sidestart|p2: A301i|Reflect\n|move|p1b: Magneton|Iron Defense|p1b: Magneton\n|-boost|p1b: Magneton|def|2\n|\n|upkeep\n|turn|3\n|c| aeroblaster7|good luck both\n|c|\u2606quiewr|hi Ham!!\n|c| aeroblaster7|hola\n|\n|t:|1700427683\n|move|p1a: Easy-Bake|Protect|p1a: Easy-Bake\n|-singleturn|p1a: Easy-Bake|Protect\n|move|p2a: Rotom|Hydro Pump|p1b: Magneton\n|-damage|p1b: Magneton|71\/100\n|move|p1b: Magneton|Thunderbolt|p2a: Rotom\n|-damage|p2a: Rotom|76\/100\n|move|p2b: Calyrex|Trick Room|p2b: Calyrex\n|-fieldstart|move: Trick Room|[of] p2b: Calyrex\n|\n|upkeep\n|turn|4\n|\n|t:|1700427720\n|switch|p2b: Chi-Yu|Chi-Yu|100\/100\n|-ability|p2b: Chi-Yu|Beads of Ruin\n|move|p1b: Magneton|Thunderbolt|p2a: Rotom\n|-damage|p2a: Rotom|44\/100\n|-enditem|p2a: Rotom|Sitrus Berry|[eat]\n|-heal|p2a: Rotom|69\/100|[from] item: Sitrus Berry\n|move|p2a: Rotom|Hydro Pump|p1a: Easy-Bake\n|-supereffective|p1a: Easy-Bake\n|-damage|p1a: Easy-Bake|0 fnt\n|faint|p1a: Easy-Bake\n|\n|upkeep\n|\n|t:|1700427764\n|switch|p1a: Greninja|Greninja, M|100\/100\n|turn|5\n|\n|t:|1700427783\n|switch|p2b: Calyrex|Calyrex|100\/100\n|-ability|p2b: Calyrex|Unnerve\n|move|p1b: Magneton|Thunderbolt|p2a: Rotom\n|-damage|p2a: Rotom|44\/100\n|move|p2a: Rotom|Thunderbolt|p1a: Greninja\n|-supereffective|p1a: Greninja\n|-enditem|p1a: Greninja|Focus Sash\n|-damage|p1a: Greninja|1\/100\n|move|p1a: Greninja|Chilling Water|p2b: Calyrex\n|-start|p1a: Greninja|typechange|Water|[from] ability: Protean\n|-resisted|p2b: Calyrex\n|-damage|p2b: Calyrex|95\/100\n|-unboost|p2b: Calyrex|atk|1\n|\n|upkeep\n|turn|6\n|\n|t:|1700427832\n|move|p1b: Magneton|Thunderbolt|p2b: Calyrex\n|-resisted|p2b: Calyrex\n|-crit|p2b: Calyrex\n|-damage|p2b: Calyrex|69\/100\n|move|p2b: Calyrex|Giga Drain|p1a: Greninja\n|-supereffective|p1a: Greninja\n|-damage|p1a: Greninja|0 fnt\n|-heal|p2b: Calyrex|69\/100|[from] drain|[of] p1a: Greninja\n|faint|p1a: Greninja\n|move|p2a: Rotom|Hydro Pump|p1b: Magneton\n|-damage|p1b: Magneton|40\/100\n|\n|upkeep\n|\n|t:|1700427847\n|switch|p1a: Spectrier|Spectrier|100\/100\n|turn|7\n|\n|t:|1700427865\n|move|p1b: Magneton|Thunderbolt|p2a: Rotom\n|-damage|p2a: Rotom|18\/100\n|move|p2b: Calyrex|Giga Drain|p1a: Spectrier\n|-damage|p1a: Spectrier|82\/100\n|-heal|p2b: Calyrex|79\/100|[from] drain|[of] p1a: Spectrier\n|move|p2a: Rotom|Foul Play|p1a: Spectrier\n|-supereffective|p1a: Spectrier\n|-damage|p1a: Spectrier|46\/100\n|move|p1a: Spectrier|Shadow Ball|p2b: Calyrex\n|-supereffective|p2b: Calyrex\n|-damage|p2b: Calyrex|27\/100\n|\n|-fieldend|move: Trick Room\n|upkeep\n|turn|8\n|\n|t:|1700427899\n|move|p1a: Spectrier|Shadow Ball|p2b: Calyrex\n|-supereffective|p2b: Calyrex\n|-damage|p2b: Calyrex|0 fnt\n|faint|p2b: Calyrex\n|-ability|p1a: Spectrier|Grim Neigh|boost\n|-boost|p1a: Spectrier|spa|1\n|move|p2a: Rotom|Thunderbolt|p1a: Spectrier\n|-damage|p1a: Spectrier|9\/100\n|move|p1b: Magneton|Thunderbolt|p2a: Rotom\n|-damage|p2a: Rotom|0 fnt\n|faint|p2a: Rotom\n|\n|-sideend|p1: quiewr|move: Light Screen\n|-sideend|p2: A301i|move: Light Screen\n|upkeep\n|\n|t:|1700427929\n|switch|p2a: Clefairy|Clefairy, F, shiny|100\/100\n|switch|p2b: Chi-Yu|Chi-Yu|100\/100\n|-ability|p2b: Chi-Yu|Beads of Ruin\n|turn|9\n|\n|t:|1700427957\n|move|p2a: Clefairy|Follow Me|p2a: Clefairy\n|-singleturn|p2a: Clefairy|move: Follow Me\n|move|p1a: Spectrier|Shadow Ball|p2a: Clefairy\n|-damage|p2a: Clefairy|31\/100\n|move|p2b: Chi-Yu|Heat Wave|p1b: Magneton|[spread] p1a,p1b\n|-supereffective|p1b: Magneton\n|-damage|p1a: Spectrier|0 fnt\n|-damage|p1b: Magneton|0 fnt\n|faint|p1a: Spectrier\n|faint|p1b: Magneton\n|-damage|p2b: Chi-Yu|91\/100|[from] item: Life Orb\n|\n|-sideend|p2: A301i|Reflect\n|upkeep\n|\n|t:|1700427968\n|switch|p1a: Garchomp|Garchomp, F|100\/100\n|switch|p1b: Hatt|Hatterene, F|35\/100\n|turn|10\n|\n|t:|1700427986\n|move|p1a: Garchomp|Iron Head|p2a: Clefairy\n|-supereffective|p2a: Clefairy\n|-damage|p2a: Clefairy|0 fnt\n|faint|p2a: Clefairy\n|move|p2b: Chi-Yu|Heat Wave|p1a: Garchomp|[spread] p1a,p1b\n|-resisted|p1a: Garchomp\n|-damage|p1a: Garchomp|69\/100\n|-damage|p1b: Hatt|0 fnt\n|faint|p1b: Hatt\n|-damage|p2b: Chi-Yu|81\/100|[from] item: Life Orb\n|\n|upkeep\n|\n|t:|1700427997\n|switch|p2a: Kingambit|Kingambit, F, shiny|100\/100\n|-item|p2a: Kingambit|Air Balloon\n|turn|11\n|\n|t:|1700428006\n|move|p1a: Garchomp|Iron Head|p2a: Kingambit\n|-resisted|p2a: Kingambit\n|-damage|p2a: Kingambit|86\/100\n|-enditem|p2a: Kingambit|Air Balloon\n|move|p2b: Chi-Yu|Dark Pulse|p1a: Garchomp\n|-damage|p1a: Garchomp|0 fnt\n|faint|p1a: Garchomp\n|-damage|p2b: Chi-Yu|71\/100|[from] item: Life Orb\n|\n|win|A301i\n|c|\u2606quiewr|gg!\n|c| aeroblaster7|gg\n","uploadtime":1700428029,"views":13,"p1id":"quiewr","p2id":"a301i","formatid":"gen9doublesou","rating":0,"private":0,"password":""}