{"id":"gen9doublesou-1978438343","p1":"DanToaster","p2":"hollylands","format":"[Gen 9] Doubles OU","log":"|j|\u2606DanToaster\n|j|\u2606hollylands\n|t:|1698538984\n|gametype|doubles\n|player|p1|DanToaster|n|1120\n|player|p2|hollylands|102|1190\n|teamsize|p1|6\n|teamsize|p2|6\n|gen|9\n|tier|[Gen 9] Doubles OU\n|rated|\n|rule|Species Clause: Limit one of each Pok\u00e9mon\n|rule|OHKO Clause: OHKO moves are banned\n|rule|Evasion Moves Clause: Evasion moves are banned\n|rule|Gravity Sleep Clause: The combination of sleep-inducing moves with imperfect accuracy and Gravity or Gigantamax Orbeetle are banned\n|rule|Endless Battle Clause: Forcing endless battles is banned\n|rule|HP Percentage Mod: HP is shown in percentages\n|clearpoke\n|poke|p1|Amoonguss, M|\n|poke|p1|Gastrodon, F|\n|poke|p1|Arcanine-Hisui, F|\n|poke|p1|Hydreigon, M|\n|poke|p1|Sylveon, F|\n|poke|p1|Murkrow, M|\n|poke|p2|Ribombee, M|\n|poke|p2|Regidrago|\n|poke|p2|Landorus, M|\n|poke|p2|Kleavor, F|\n|poke|p2|Sandy Shocks|\n|poke|p2|Sableye, M|\n|teampreview\n|\n|t:|1698538992\n|start\n|switch|p1a: Amoonguss|Amoonguss, M, shiny|100\/100\n|switch|p1b: Hydreigon|Hydreigon, M|100\/100\n|switch|p2a: Ribombee|Ribombee, M|100\/100\n|switch|p2b: Kleavor|Kleavor, F|100\/100\n|turn|1\n|\n|t:|1698539006\n|move|p1b: Hydreigon|Protect|p1b: Hydreigon\n|-singleturn|p1b: Hydreigon|Protect\n|move|p2a: Ribombee|Sticky Web|p1a: Amoonguss\n|-sidestart|p1: DanToaster|move: Sticky Web\n|move|p2b: Kleavor|X-Scissor|p1b: Hydreigon\n|-activate|p1b: Hydreigon|move: Protect\n|move|p1a: Amoonguss|Spore|p2a: Ribombee\n|-status|p2a: Ribombee|slp|[from] move: Spore\n|\n|upkeep\n|turn|2\n|\n|t:|1698539019\n|-terastallize|p2b: Kleavor|Grass\n|move|p1a: Amoonguss|Rage Powder|p1a: Amoonguss\n|-singleturn|p1a: Amoonguss|move: Rage Powder\n|cant|p2a: Ribombee|slp\n|move|p1b: Hydreigon|Focus Energy|p1b: Hydreigon\n|-start|p1b: Hydreigon|move: Focus Energy\n|move|p2b: Kleavor|X-Scissor|p1b: Hydreigon\n|-supereffective|p1b: Hydreigon\n|-damage|p1b: Hydreigon|0 fnt\n|faint|p1b: Hydreigon\n|\n|upkeep\n|c|\u2606DanToaster|does x scissor ignore rage powder\n|\n|t:|1698539040\n|switch|p1b: Arcanine|Arcanine-Hisui, F|100\/100\n|turn|3\n|\n|t:|1698539081\n|move|p1a: Amoonguss|Rage Powder|p1a: Amoonguss\n|-singleturn|p1a: Amoonguss|move: Rage Powder\n|cant|p2a: Ribombee|slp\n|move|p1b: Arcanine|Flare Blitz|p2b: Kleavor\n|-supereffective|p2b: Kleavor\n|-enditem|p2b: Kleavor|Focus Sash\n|-damage|p2b: Kleavor|1\/100\n|move|p2b: Kleavor|Stone Axe|p1b: Arcanine\n|-supereffective|p1b: Arcanine\n|-damage|p1b: Arcanine|0 fnt\n|-sidestart|p1: DanToaster|move: Stealth Rock\n|faint|p1b: Arcanine\n|\n|upkeep\n|\n|t:|1698539100\n|switch|p1b: Gastrodon|Gastrodon, F|100\/100\n|-activate|p1b: Gastrodon|move: Sticky Web\n|-unboost|p1b: Gastrodon|spe|1\n|-damage|p1b: Gastrodon|94\/100|[from] Stealth Rock\n|turn|4\n|\n|t:|1698539107\n|move|p1a: Amoonguss|Protect|p1a: Amoonguss\n|-singleturn|p1a: Amoonguss|Protect\n|-curestatus|p2a: Ribombee|slp|[msg]\n|move|p2a: Ribombee|Pollen Puff|p2b: Kleavor\n|-heal|p2b: Kleavor|51\/100\n|move|p2b: Kleavor|X-Scissor|p1b: Gastrodon\n|-damage|p1b: Gastrodon|26\/100\n|move|p1b: Gastrodon|Earthquake|p2b: Kleavor|[spread] p2a,p2b\n|-activate|p1a: Amoonguss|move: Protect\n|-resisted|p2a: Ribombee\n|-resisted|p2b: Kleavor\n|-damage|p2a: Ribombee|82\/100\n|-damage|p2b: Kleavor|37\/100\n|\n|-heal|p1b: Gastrodon|32\/100|[from] item: Leftovers\n|upkeep\n|turn|5\n|\n|t:|1698539128\n|move|p2a: Ribombee|Pollen Puff|p2b: Kleavor\n|-heal|p2b: Kleavor|87\/100\n|move|p2b: Kleavor|X-Scissor|p1b: Gastrodon\n|-damage|p1b: Gastrodon|0 fnt\n|faint|p1b: Gastrodon\n|move|p1a: Amoonguss|Pollen Puff|p2b: Kleavor\n|-supereffective|p2b: Kleavor\n|-damage|p2b: Kleavor|25\/100\n|\n|upkeep\n|\n|t:|1698539140\n|switch|p1b: Sylveon|Sylveon, F, shiny|100\/100\n|-activate|p1b: Sylveon|move: Sticky Web\n|-unboost|p1b: Sylveon|spe|1\n|-damage|p1b: Sylveon|88\/100|[from] Stealth Rock\n|turn|6\n|inactive|Battle timer is ON: inactive players will automatically lose when time's up. (requested by hollylands)\n|\n|t:|1698539172\n|move|p2a: Ribombee|Pollen Puff|p2b: Kleavor\n|-heal|p2b: Kleavor|75\/100\n|move|p2b: Kleavor|X-Scissor|p1a: Amoonguss\n|-damage|p1a: Amoonguss|38\/100\n|-damage|p2b: Kleavor|58\/100|[from] item: Rocky Helmet|[of] p1a: Amoonguss\n|move|p1b: Sylveon|Hyper Voice|p2b: Kleavor|[spread] p2a,p2b\n|-damage|p2a: Ribombee|35\/100\n|-damage|p2b: Kleavor|10\/100\n|move|p1a: Amoonguss|Pollen Puff|p1b: Sylveon\n|-heal|p1b: Sylveon|100\/100\n|\n|upkeep\n|turn|7\n|\n|t:|1698539188\n|move|p2a: Ribombee|Pollen Puff|p2b: Kleavor\n|-heal|p2b: Kleavor|60\/100\n|move|p2b: Kleavor|X-Scissor|p1a: Amoonguss\n|-damage|p1a: Amoonguss|0 fnt\n|-damage|p2b: Kleavor|43\/100|[from] item: Rocky Helmet|[of] p1a: Amoonguss\n|faint|p1a: Amoonguss\n|move|p1b: Sylveon|Hyper Voice|p2b: Kleavor|[spread] p2a,p2b\n|-damage|p2a: Ribombee|0 fnt\n|-damage|p2b: Kleavor|0 fnt\n|faint|p2a: Ribombee\n|faint|p2b: Kleavor\n|\n|upkeep\n|\n|t:|1698539200\n|switch|p2a: Landorus|Landorus, M|100\/100\n|switch|p2b: Sableye|Sableye, M|100\/100\n|switch|p1a: Murkrow|Murkrow, M, shiny|100\/100\n|-damage|p1a: Murkrow|75\/100|[from] Stealth Rock\n|turn|8\n|\n|t:|1698539218\n|-terastallize|p1b: Sylveon|Fairy\n|move|p2b: Sableye|Fake Out|p1a: Murkrow\n|-damage|p1a: Murkrow|69\/100\n|move|p2a: Landorus|Sludge Bomb|p1b: Sylveon\n|-supereffective|p1b: Sylveon\n|-damage|p1b: Sylveon|50\/100\n|cant|p1a: Murkrow|flinch\n|move|p1b: Sylveon|Hyper Voice|p2a: Landorus|[spread] p2a,p2b\n|-supereffective|p2b: Sableye\n|-damage|p2a: Landorus|53\/100\n|-damage|p2b: Sableye|20\/100\n|-enditem|p2b: Sableye|Eject Button\n|\n|t:|1698539224\n|switch|p2b: Sandy Shocks|Sandy Shocks|100\/100\n|-enditem|p2b: Sandy Shocks|Booster Energy\n|-activate|p2b: Sandy Shocks|ability: Protosynthesis|[fromitem]\n|-start|p2b: Sandy Shocks|protosynthesisspe\n|\n|-heal|p1b: Sylveon|56\/100|[from] item: Leftovers\n|upkeep\n|turn|9\n|\n|t:|1698539237\n|move|p1b: Sylveon|Protect|p1b: Sylveon\n|-singleturn|p1b: Sylveon|Protect\n|move|p1a: Murkrow|Tailwind|p1a: Murkrow\n|-sidestart|p1: DanToaster|move: Tailwind\n|move|p2b: Sandy Shocks|Earth Power|p1b: Sylveon\n|-activate|p1b: Sylveon|move: Protect\n|move|p2a: Landorus|Sludge Bomb|p1b: Sylveon\n|-activate|p1b: Sylveon|move: Protect\n|\n|-heal|p1b: Sylveon|62\/100|[from] item: Leftovers\n|upkeep\n|turn|10\n|\n|t:|1698539249\n|move|p2b: Sandy Shocks|Earth Power|p1b: Sylveon\n|-damage|p1b: Sylveon|38\/100\n|move|p1a: Murkrow|Foul Play|p2a: Landorus\n|-damage|p2a: Landorus|19\/100\n|move|p2a: Landorus|Sludge Bomb|p1b: Sylveon\n|-supereffective|p1b: Sylveon\n|-damage|p1b: Sylveon|0 fnt\n|faint|p1b: Sylveon\n|\n|upkeep\n|turn|11\n|\n|t:|1698539264\n|move|p2b: Sandy Shocks|Gravity|p2b: Sandy Shocks\n|-fieldstart|move: Gravity\n|move|p1a: Murkrow|Foul Play|p2a: Landorus\n|-damage|p2a: Landorus|0 fnt\n|faint|p2a: Landorus\n|\n|upkeep\n|\n|t:|1698539269\n|switch|p2a: Sableye|Sableye, M|20\/100\n|turn|12\n|\n|t:|1698539273\n|move|p2a: Sableye|Fake Out|p1a: Murkrow\n|-damage|p1a: Murkrow|62\/100\n|move|p2b: Sandy Shocks|Thunder|p1a: Murkrow\n|-supereffective|p1a: Murkrow\n|-crit|p1a: Murkrow\n|-damage|p1a: Murkrow|0 fnt\n|faint|p1a: Murkrow\n|\n|win|hollylands\n|raw|DanToaster's rating: 1120 &rarr; <strong>1098<\/strong><br \/>(-22 for losing)\n|raw|hollylands's rating: 1165 &rarr; <strong>1187<\/strong><br \/>(+22 for winning)\n|l|\u2606hollylands\n","uploadtime":1698539342,"views":16,"p1id":"dantoaster","p2id":"hollylands","formatid":"gen9doublesou","rating":1098,"private":0,"password":""}