{"id":"gen9doublesou-1974547405","p1":"Deriverse","p2":"ProteinMan11","format":"[Gen 9] Doubles OU","log":"|j|\u2606Deriverse\n|j|\u2606ProteinMan11\n|t:|1698096202\n|gametype|doubles\n|player|p1|Deriverse|roxanne|1542\n|player|p2|ProteinMan11|hiker-gen4|1450\n|teamsize|p1|6\n|teamsize|p2|6\n|gen|9\n|tier|[Gen 9] Doubles OU\n|rated|\n|rule|Species Clause: Limit one of each Pok\u00e9mon\n|rule|OHKO Clause: OHKO moves are banned\n|rule|Evasion Moves Clause: Evasion moves are banned\n|rule|Gravity Sleep Clause: The combination of sleep-inducing moves with imperfect accuracy and Gravity or Gigantamax Orbeetle are banned\n|rule|Endless Battle Clause: Forcing endless battles is banned\n|rule|HP Percentage Mod: HP is shown in percentages\n|clearpoke\n|poke|p1|Golem-Alola, M|\n|poke|p1|Probopass, M|\n|poke|p1|Farigiraf, M|\n|poke|p1|Amoonguss, M|\n|poke|p1|Iron Hands|\n|poke|p1|Kingambit, F|\n|poke|p2|Toxtricity, M|\n|poke|p2|Hariyama, M|\n|poke|p2|Flutter Mane|\n|poke|p2|Sinistcha-Masterpiece|\n|poke|p2|Clefairy, F|\n|poke|p2|Regidrago|\n|teampreview\n|inactive|Battle timer is ON: inactive players will automatically lose when time's up. (requested by ProteinMan11)\n|\n|t:|1698096224\n|start\n|switch|p1a: Probopass|Probopass, M, shiny|100\/100\n|switch|p1b: Golem|Golem-Alola, M|100\/100\n|switch|p2a: Jamal|Toxtricity, M, shiny|100\/100\n|switch|p2b: Big Fella|Hariyama, M|100\/100\n|-item|p1b: Golem|Air Balloon\n|-item|p1a: Probopass|Air Balloon\n|turn|1\n|inactive|Deriverse has 120 seconds left.\n|\n|t:|1698096270\n|switch|p1a: Farigiraf|Farigiraf, M|100\/100\n|move|p2b: Big Fella|Fake Out||[still]\n|cant|p1a: Farigiraf|ability: Armor Tail|Fake Out|[of] p2b: Big Fella\n|move|p2a: Jamal|Boomburst|p1a: Farigiraf|[spread] p2b,p1a,p1b\n|-resisted|p1b: Golem\n|-damage|p2b: Big Fella|49\/100\n|-damage|p1a: Farigiraf|54\/100\n|-damage|p1b: Golem|69\/100\n|-enditem|p1b: Golem|Air Balloon\n|-enditem|p2a: Jamal|Throat Spray\n|-boost|p2a: Jamal|spa|1|[from] item: Throat Spray\n|move|p1b: Golem|Thunder Wave|p2b: Big Fella\n|-status|p2b: Big Fella|par\n|\n|-heal|p1a: Farigiraf|60\/100|[from] item: Leftovers\n|upkeep\n|turn|2\n|inactive|Deriverse has 120 seconds left.\n|\n|t:|1698096291\n|-terastallize|p2a: Jamal|Normal\n|move|p2b: Big Fella|Helping Hand|p2a: Jamal\n|-singleturn|p2a: Jamal|Helping Hand|[of] p2b: Big Fella\n|move|p2a: Jamal|Boomburst|p1b: Golem|[spread] p2b,p1a,p1b\n|-resisted|p1b: Golem\n|-damage|p2b: Big Fella|0 fnt\n|-damage|p1a: Farigiraf|0 fnt\n|-damage|p1b: Golem|0 fnt\n|faint|p2b: Big Fella\n|faint|p1a: Farigiraf\n|faint|p1b: Golem\n|\n|upkeep\n|inactive|Deriverse has 120 seconds left.\n|\n|t:|1698096307\n|switch|p1a: Probopass|Probopass, M, shiny|100\/100\n|switch|p2b: The Medic|Sinistcha-Masterpiece|100\/100\n|switch|p1b: Kingambit|Kingambit, F|100\/100\n|-activate|p1b: Kingambit|ability: Supreme Overlord\n|-start|p1b: Kingambit|fallen2|[silent]\n|-item|p1a: Probopass|Air Balloon\n|turn|3\n|\n|t:|1698096322\n|move|p2b: The Medic|Rage Powder|p2b: The Medic\n|-singleturn|p2b: The Medic|move: Rage Powder\n|move|p2a: Jamal|Boomburst|p1a: Probopass|[spread] p1a,p1b\n|-immune|p2b: The Medic\n|-resisted|p1a: Probopass\n|-resisted|p1b: Kingambit\n|-damage|p1a: Probopass|83\/100\n|-damage|p1b: Kingambit|51\/100\n|-enditem|p1a: Probopass|Air Balloon\n|move|p1b: Kingambit|Metal Burst|p2b: The Medic\n|-damage|p2b: The Medic|0 fnt\n|faint|p2b: The Medic\n|move|p1a: Probopass|Thunder Wave|p2a: Jamal\n|-status|p2a: Jamal|par\n|\n|-heal|p1b: Kingambit|57\/100|[from] item: Leftovers\n|upkeep\n|\n|t:|1698096338\n|switch|p2b: The Other Medic|Clefairy, F|100\/100\n|turn|4\n|inactive|Deriverse has 120 seconds left.\n|\n|t:|1698096371\n|-end|p1b: Kingambit|fallen2|[silent]\n|switch|p1b: Amoonguss|Amoonguss, M|100\/100\n|move|p2b: The Other Medic|Helping Hand|p2a: Jamal\n|-singleturn|p2a: Jamal|Helping Hand|[of] p2b: The Other Medic\n|move|p2a: Jamal|Overdrive|p1b: Amoonguss|[spread] p1a,p1b\n|-resisted|p1b: Amoonguss\n|-damage|p1a: Probopass|24\/100\n|-damage|p1b: Amoonguss|71\/100\n|move|p1a: Probopass|Thunder Wave|p2b: The Other Medic\n|-status|p2b: The Other Medic|par\n|\n|-heal|p1b: Amoonguss|77\/100|[from] item: Leftovers\n|upkeep\n|turn|5\n|\n|t:|1698096401\n|cant|p2b: The Other Medic|par\n|move|p2a: Jamal|Boomburst|p1b: Amoonguss|[spread] p2b,p1a,p1b\n|-resisted|p1a: Probopass\n|-damage|p2b: The Other Medic|32\/100 par\n|-damage|p1a: Probopass|5\/100\n|-damage|p1b: Amoonguss|8\/100\n|move|p1a: Probopass|Stealth Rock|p2a: Jamal\n|-sidestart|p2: ProteinMan11|move: Stealth Rock\n|move|p1b: Amoonguss|Clear Smog|p2a: Jamal\n|-damage|p2a: Jamal|82\/100 par\n|-clearboost|p2a: Jamal\n|\n|-heal|p1b: Amoonguss|14\/100|[from] item: Leftovers\n|upkeep\n|turn|6\n|\n|t:|1698096421\n|switch|p1b: Iron Hands|Iron Hands|100\/100\n|cant|p2a: Jamal|par\n|move|p1a: Probopass|Dazzling Gleam|p2b: The Other Medic|[spread] p2a,p2b\n|-damage|p2a: Jamal|70\/100 par\n|-damage|p2b: The Other Medic|25\/100 par\n|move|p2b: The Other Medic|Life Dew|p2b: The Other Medic|[spread] p2a,p2b\n|-heal|p2a: Jamal|95\/100 par\n|-heal|p2b: The Other Medic|50\/100 par\n|\n|upkeep\n|turn|7\n|\n|t:|1698096441\n|move|p2b: The Other Medic|Follow Me|p2b: The Other Medic\n|-singleturn|p2b: The Other Medic|move: Follow Me\n|move|p1b: Iron Hands|Drain Punch|p2b: The Other Medic\n|-resisted|p2b: The Other Medic\n|-damage|p2b: The Other Medic|24\/100 par\n|move|p2a: Jamal|Boomburst|p1b: Iron Hands|[spread] p2b,p1a,p1b\n|-resisted|p1a: Probopass\n|-damage|p2b: The Other Medic|0 fnt\n|-damage|p1a: Probopass|0 fnt\n|-damage|p1b: Iron Hands|41\/100\n|faint|p2b: The Other Medic\n|faint|p1a: Probopass\n|\n|-heal|p1b: Iron Hands|47\/100|[from] item: Leftovers\n|upkeep\n|\n|t:|1698096453\n|switch|p1a: Kingambit|Kingambit, F|57\/100\n|switch|p2b: Big Guy|Regidrago|100\/100\n|-damage|p2b: Big Guy|88\/100|[from] Stealth Rock\n|-activate|p1a: Kingambit|ability: Supreme Overlord\n|-start|p1a: Kingambit|fallen3|[silent]\n|turn|8\n|\n|t:|1698096467\n|-terastallize|p1a: Kingambit|Dark\n|move|p1a: Kingambit|Sucker Punch|p2b: Big Guy\n|-damage|p2b: Big Guy|13\/100\n|move|p2b: Big Guy|Dragon Energy|p1b: Iron Hands|[spread] p1a,p1b\n|-damage|p1a: Kingambit|47\/100\n|-damage|p1b: Iron Hands|38\/100\n|move|p1b: Iron Hands|Drain Punch|p2a: Jamal\n|-supereffective|p2a: Jamal\n|-damage|p2a: Jamal|0 fnt\n|-heal|p1b: Iron Hands|65\/100|[from] drain|[of] p2a: Jamal\n|faint|p2a: Jamal\n|\n|-heal|p1b: Iron Hands|71\/100|[from] item: Leftovers\n|-heal|p1a: Kingambit|53\/100|[from] item: Leftovers\n|upkeep\n|\n|t:|1698096484\n|switch|p2a: Money Broom Mach 2|Flutter Mane|100\/100\n|-damage|p2a: Money Broom Mach 2|88\/100|[from] Stealth Rock\n|turn|9\n|\n|t:|1698096495\n|move|p1a: Kingambit|Sucker Punch|p2a: Money Broom Mach 2\n|-damage|p2a: Money Broom Mach 2|0 fnt\n|faint|p2a: Money Broom Mach 2\n|-end|p2a: Money Broom Mach 2|Protosynthesis|[silent]\n|move|p2b: Big Guy|Dragon Energy|p1a: Kingambit|[spread] p1a,p1b\n|-damage|p1a: Kingambit|43\/100\n|-damage|p1b: Iron Hands|62\/100\n|move|p1b: Iron Hands|Ice Punch|p2b: Big Guy\n|-supereffective|p2b: Big Guy\n|-damage|p2b: Big Guy|0 fnt\n|faint|p2b: Big Guy\n|\n|win|Deriverse\n|raw|Deriverse's rating: 1542 &rarr; <strong>1557<\/strong><br \/>(+15 for winning)\n|raw|ProteinMan11's rating: 1450 &rarr; <strong>1435<\/strong><br \/>(-15 for losing)\n|player|p2|ProteinMan11|hiker-gen4\n","uploadtime":1698096506,"views":9,"p1id":"deriverse","p2id":"proteinman11","formatid":"gen9doublesou","rating":1435,"private":0,"password":""}