{"id":"gen9doublesou-1971189150","p1":"deadlydirt","p2":"AhanuYTaux","format":"[Gen 9] Doubles OU","log":"|j|\u2606deadlydirt\n|j|\u2606AhanuYTaux\n|t:|1697717922\n|gametype|doubles\n|player|p1|deadlydirt|harlequin|1086\n|player|p2|AhanuYTaux|steven|1028\n|teamsize|p1|6\n|teamsize|p2|6\n|gen|9\n|tier|[Gen 9] Doubles OU\n|rated|\n|rule|Species Clause: Limit one of each Pok\u00e9mon\n|rule|OHKO Clause: OHKO moves are banned\n|rule|Evasion Moves Clause: Evasion moves are banned\n|rule|Gravity Sleep Clause: The combination of sleep-inducing moves with imperfect accuracy and Gravity or Gigantamax Orbeetle are banned\n|rule|Endless Battle Clause: Forcing endless battles is banned\n|rule|HP Percentage Mod: HP is shown in percentages\n|clearpoke\n|poke|p1|Floatzel, F|\n|poke|p1|Pelipper, F|\n|poke|p1|Gholdengo|\n|poke|p1|Dragonite, F|\n|poke|p1|Goodra-Hisui, F|\n|poke|p1|Kingambit, F|\n|poke|p2|Slaking, M|\n|poke|p2|Arbok, M|\n|poke|p2|Maushold|\n|poke|p2|Ariados, F|\n|poke|p2|Typhlosion-Hisui, M|\n|poke|p2|Dragonite, M|\n|teampreview\n|\n|t:|1697717938\n|start\n|switch|p1a: Pelipper|Pelipper, F, shiny|100\/100\n|switch|p1b: Kingambit|Kingambit, F, shiny|100\/100\n|switch|p2a: Ariados|Ariados, F|100\/100\n|switch|p2b: Maushold|Maushold, shiny|100\/100\n|-weather|RainDance|[from] ability: Drizzle|[of] p1a: Pelipper\n|-ability|p1b: Kingambit|Pressure\n|turn|1\n|inactive|Battle timer is ON: inactive players will automatically lose when time's up. (requested by deadlydirt)\n|\n|t:|1697717958\n|move|p2b: Maushold|Agility|p2b: Maushold\n|-boost|p2b: Maushold|spe|2\n|move|p1a: Pelipper|Hydro Pump|p2a: Ariados\n|-damage|p2a: Ariados|52\/100\n|move|p1b: Kingambit|Stealth Rock|p2b: Maushold\n|-sidestart|p2: AhanuYTaux|move: Stealth Rock\n|move|p2a: Ariados|Sticky Web|p1b: Kingambit\n|-sidestart|p1: deadlydirt|move: Sticky Web\n|\n|-weather|RainDance|[upkeep]\n|upkeep\n|turn|2\n|\n|t:|1697717982\n|move|p2b: Maushold|Encore|p1b: Kingambit\n|-start|p1b: Kingambit|Encore\n|move|p1a: Pelipper|Hurricane|p2a: Ariados\n|-supereffective|p2a: Ariados\n|-damage|p2a: Ariados|0 fnt\n|faint|p2a: Ariados\n|move|p1b: Kingambit|Stealth Rock||[still]\n|-fail|p1b: Kingambit\n|\n|-weather|RainDance|[upkeep]\n|upkeep\n|\n|t:|1697717998\n|switch|p2a: Dragonite|Dragonite, M|100\/100\n|-damage|p2a: Dragonite|76\/100|[from] Stealth Rock\n|turn|3\n|\n|t:|1697718011\n|switch|p1b: Gholdengo|Gholdengo, shiny|100\/100\n|-activate|p1b: Gholdengo|move: Sticky Web\n|-unboost|p1b: Gholdengo|spe|1\n|move|p2b: Maushold|Follow Me|p2b: Maushold\n|-singleturn|p2b: Maushold|move: Follow Me\n|move|p2a: Dragonite|Fire Punch|p1b: Gholdengo\n|-supereffective|p1b: Gholdengo\n|-crit|p1b: Gholdengo\n|-damage|p1b: Gholdengo|62\/100\n|-status|p1b: Gholdengo|brn\n|move|p1a: Pelipper|Hurricane|p2b: Maushold\n|-crit|p2b: Maushold\n|-damage|p2b: Maushold|37\/100\n|-start|p2b: Maushold|confusion\n|\n|-weather|RainDance|[upkeep]\n|-damage|p1b: Gholdengo|56\/100 brn|[from] brn\n|upkeep\n|turn|4\n|\n|t:|1697718035\n|-activate|p2b: Maushold|confusion\n|-damage|p2b: Maushold|30\/100|[from] confusion\n|move|p1a: Pelipper|Hurricane|p2a: Dragonite\n|-damage|p2a: Dragonite|60\/100\n|move|p1b: Gholdengo|Dazzling Gleam|p2a: Dragonite|[spread] p2a,p2b\n|-supereffective|p2a: Dragonite\n|-damage|p2a: Dragonite|31\/100\n|-damage|p2b: Maushold|0 fnt\n|faint|p2b: Maushold\n|move|p2a: Dragonite|Dragon Tail|p1a: Pelipper\n|-damage|p1a: Pelipper|64\/100\n|drag|p1a: Goodra|Goodra-Hisui, F, shiny|100\/100\n|-activate|p1a: Goodra|move: Sticky Web\n|-unboost|p1a: Goodra|spe|1\n|\n|-weather|RainDance|[upkeep]\n|-damage|p1b: Gholdengo|50\/100 brn|[from] brn\n|upkeep\n|inactive|AhanuYTaux has 120 seconds left.\n|\n|t:|1697718058\n|switch|p2b: Slaking|Slaking, M|100\/100\n|-damage|p2b: Slaking|88\/100|[from] Stealth Rock\n|turn|5\n|\n|t:|1697718066\n|switch|p2a: Arbok|Arbok, M, shiny|100\/100\n|-damage|p2a: Arbok|88\/100|[from] Stealth Rock\n|-ability|p2a: Arbok|Intimidate|boost\n|-unboost|p1a: Goodra|atk|1\n|-unboost|p1b: Gholdengo|atk|1\n|move|p2b: Slaking|Bulk Up|p2b: Slaking\n|-boost|p2b: Slaking|atk|1\n|-boost|p2b: Slaking|def|1\n|move|p1b: Gholdengo|Dazzling Gleam|p2b: Slaking|[spread] p2a,p2b\n|-resisted|p2a: Arbok\n|-damage|p2a: Arbok|65\/100\n|-damage|p2b: Slaking|52\/100\n|move|p1a: Goodra|Acid Armor|p1a: Goodra\n|-boost|p1a: Goodra|def|2\n|\n|-weather|none\n|-damage|p1b: Gholdengo|44\/100 brn|[from] brn\n|upkeep\n|turn|6\n|\n|t:|1697718091\n|move|p2a: Arbok|Gastro Acid|p2b: Slaking\n|-endability|p2b: Slaking\n|move|p2b: Slaking|Slack Off|p2b: Slaking\n|-heal|p2b: Slaking|100\/100\n|move|p1b: Gholdengo|Dazzling Gleam|p2b: Slaking|[spread] p2a,p2b\n|-resisted|p2a: Arbok\n|-damage|p2a: Arbok|41\/100\n|-damage|p2b: Slaking|66\/100\n|move|p1a: Goodra|Acid Armor|p1a: Goodra\n|-boost|p1a: Goodra|def|2\n|\n|-damage|p1b: Gholdengo|38\/100 brn|[from] brn\n|upkeep\n|turn|7\n|\n|t:|1697718109\n|move|p2a: Arbok|Gastro Acid|p1a: Goodra\n|-endability|p1a: Goodra\n|move|p2b: Slaking|Earthquake|p1b: Gholdengo|[spread] p2a,p1a,p1b\n|-supereffective|p2a: Arbok\n|-supereffective|p1a: Goodra\n|-crit|p1a: Goodra\n|-supereffective|p1b: Gholdengo\n|-damage|p2a: Arbok|0 fnt\n|-damage|p1a: Goodra|0 fnt\n|-damage|p1b: Gholdengo|0 fnt\n|faint|p2a: Arbok\n|faint|p1a: Goodra\n|faint|p1b: Gholdengo\n|\n|upkeep\n|\n|t:|1697718125\n|switch|p2a: Dragonite|Dragonite, M|31\/100\n|switch|p1b: Pelipper|Pelipper, F, shiny|64\/100\n|switch|p1a: Dragonite|Dragonite, F, shiny|100\/100\n|-damage|p2a: Dragonite|6\/100|[from] Stealth Rock\n|-weather|RainDance|[from] ability: Drizzle|[of] p1b: Pelipper\n|turn|8\n|\n|t:|1697718146\n|move|p1a: Dragonite|Extreme Speed|p2a: Dragonite\n|-damage|p2a: Dragonite|0 fnt\n|faint|p2a: Dragonite\n|move|p2b: Slaking|Slack Off|p2b: Slaking\n|-heal|p2b: Slaking|100\/100\n|move|p1b: Pelipper|Hurricane|p2b: Slaking\n|-damage|p2b: Slaking|67\/100\n|\n|-weather|RainDance|[upkeep]\n|upkeep\n|\n|t:|1697718158\n|switch|p2a: Typhlosion|Typhlosion-Hisui, M|100\/100\n|-damage|p2a: Typhlosion|75\/100|[from] Stealth Rock\n|turn|9\n|\n|t:|1697718179\n|move|p2a: Typhlosion|Shadow Ball|p1b: Pelipper\n|-damage|p1b: Pelipper|5\/100\n|move|p2b: Slaking|Mega Kick|p1a: Dragonite\n|-damage|p1a: Dragonite|41\/100\n|move|p1a: Dragonite|Dragon Claw|p2a: Typhlosion\n|-damage|p2a: Typhlosion|0 fnt\n|faint|p2a: Typhlosion\n|move|p1b: Pelipper|Hurricane|p2b: Slaking\n|-damage|p2b: Slaking|29\/100\n|-start|p2b: Slaking|confusion\n|\n|-weather|RainDance|[upkeep]\n|upkeep\n|turn|10\n|\n|t:|1697718199\n|-terastallize|p2b: Slaking|Ghost\n|-terastallize|p1a: Dragonite|Normal\n|move|p1a: Dragonite|Extreme Speed|p2b: Slaking\n|-immune|p2b: Slaking\n|-activate|p2b: Slaking|confusion\n|move|p2b: Slaking|Slack Off|p2b: Slaking\n|-heal|p2b: Slaking|79\/100\n|move|p1b: Pelipper|Hurricane|p2b: Slaking\n|-damage|p2b: Slaking|45\/100\n|\n|-weather|RainDance|[upkeep]\n|upkeep\n|turn|11\n|\n|t:|1697718216\n|-activate|p2b: Slaking|confusion\n|move|p2b: Slaking|Mega Kick|p1b: Pelipper\n|-damage|p1b: Pelipper|0 fnt\n|faint|p1b: Pelipper\n|move|p1a: Dragonite|Outrage|p2b: Slaking\n|-damage|p2b: Slaking|12\/100\n|\n|-weather|RainDance|[upkeep]\n|upkeep\n|\n|t:|1697718226\n|switch|p1b: Floatzel|Floatzel, F, shiny|100\/100\n|-activate|p1b: Floatzel|move: Sticky Web\n|-unboost|p1b: Floatzel|spe|1\n|turn|12\n|\n|t:|1697718235\n|move|p1b: Floatzel|Wave Crash|p2b: Slaking\n|-damage|p2b: Slaking|0 fnt\n|faint|p2b: Slaking\n|-damage|p1b: Floatzel|94\/100|[from] Recoil\n|\n|win|deadlydirt\n|raw|deadlydirt's rating: 1086 &rarr; <strong>1109<\/strong><br \/>(+23 for winning)\n|raw|AhanuYTaux's rating: 1028 &rarr; <strong>1016<\/strong><br \/>(-12 for losing)\n|c|\u2606AhanuYTaux|Gg\n|l|\u2606deadlydirt\n|j|\u2606deadlydirt\n|player|p1|deadlydirt|harlequin\n|l|\u2606AhanuYTaux\n","uploadtime":1697718247,"views":18,"p1id":"deadlydirt","p2id":"ahanuytaux","formatid":"gen9doublesou","rating":1016,"private":0,"password":""}