{"id":"gen9doublesou-1991620082","p1":"Im dumb srly","p2":"doerdoes","format":"[Gen 9] Doubles OU","log":"|j|\u2606Im dumb srly\n|j|\u2606doerdoes\n|inactive|Battle timer is ON: inactive players will automatically lose when time's up.\n|t:|1700095040\n|gametype|doubles\n|player|p1|Im dumb srly|cheryl|\n|player|p2|doerdoes|1|\n|teamsize|p1|2\n|teamsize|p2|2\n|gen|9\n|tier|[Gen 9] Doubles OU\n|rated|Tournament battle\n|rule|Species Clause: Limit one of each Pok\u00e9mon\n|rule|OHKO Clause: OHKO moves are banned\n|rule|Evasion Moves Clause: Evasion moves are banned\n|rule|Gravity Sleep Clause: The combination of sleep-inducing moves with imperfect accuracy and Gravity or Gigantamax Orbeetle are banned\n|rule|Endless Battle Clause: Forcing endless battles is banned\n|rule|HP Percentage Mod: HP is shown in percentages\n|clearpoke\n|poke|p1|Larvesta, F|\n|poke|p1|Fuecoco, F|\n|poke|p2|Qwilfish-Hisui, F|\n|poke|p2|Pawmi, F|\n|teampreview\n|j|*Lady Monita \u2746\n|\n|t:|1700095044\n|start\n|switch|p1a: Larvesta|Larvesta, F, shiny|100\/100\n|switch|p1b: Fuecoco|Fuecoco, F, shiny|100\/100\n|switch|p2a: Qwilfish|Qwilfish-Hisui, F|100\/100\n|switch|p2b: Pawmi|Pawmi, F|100\/100\n|turn|1\n|\n|t:|1700095063\n|move|p2b: Pawmi|Fake Out|p1a: Larvesta\n|-damage|p1a: Larvesta|90\/100\n|move|p2a: Qwilfish|Poison Jab|p1a: Larvesta\n|-damage|p1a: Larvesta|51\/100\n|cant|p1a: Larvesta|flinch\n|move|p1b: Fuecoco|Yawn|p2b: Pawmi\n|-start|p2b: Pawmi|move: Yawn|[of] p1b: Fuecoco\n|\n|upkeep\n|turn|2\n|j| Dreamvilla\n|l| Dreamvilla\n|inactive|Im dumb srly has 120 seconds left.\n|\n|t:|1700095103\n|-terastallize|p2b: Pawmi|Water\n|move|p2a: Qwilfish|Barb Barrage|p1a: Larvesta\n|-damage|p1a: Larvesta|24\/100\n|move|p1a: Larvesta|Lunge|p2a: Qwilfish\n|-damage|p2a: Qwilfish|52\/100\n|-unboost|p2a: Qwilfish|atk|1\n|move|p2b: Pawmi|Tera Blast|p1b: Fuecoco|[anim] Tera Blast Water\n|-supereffective|p1b: Fuecoco\n|-damage|p1b: Fuecoco|47\/100\n|move|p1b: Fuecoco|Yawn|p2a: Qwilfish\n|-start|p2a: Qwilfish|move: Yawn|[of] p1b: Fuecoco\n|\n|-heal|p2a: Qwilfish|58\/100|[from] item: Leftovers\n|-end|p2b: Pawmi|move: Yawn|[silent]\n|-status|p2b: Pawmi|slp\n|upkeep\n|turn|3\n|j| Outdoor Boys\n|inactive|Im dumb srly has 120 seconds left.\n|\n|t:|1700095123\n|-terastallize|p1a: Larvesta|Electric\n|move|p2a: Qwilfish|Poison Jab|p1a: Larvesta\n|-damage|p1a: Larvesta|0 fnt\n|-status|p2a: Qwilfish|brn|[from] ability: Flame Body|[of] p1a: Larvesta\n|faint|p1a: Larvesta\n|cant|p2b: Pawmi|slp\n|move|p1b: Fuecoco|Slack Off|p1b: Fuecoco\n|-heal|p1b: Fuecoco|97\/100\n|\n|-heal|p2a: Qwilfish|64\/100 brn|[from] item: Leftovers\n|-damage|p2a: Qwilfish|58\/100 brn|[from] brn\n|-end|p2a: Qwilfish|move: Yawn|[silent]\n|upkeep\n|turn|4\n|\n|t:|1700095149\n|move|p2a: Qwilfish|Poison Jab|p1b: Fuecoco\n|-damage|p1b: Fuecoco|79\/100\n|-status|p1b: Fuecoco|psn\n|-curestatus|p2b: Pawmi|slp|[msg]\n|move|p2b: Pawmi|Tera Blast|p1b: Fuecoco|[anim] Tera Blast Water\n|-supereffective|p1b: Fuecoco\n|-damage|p1b: Fuecoco|24\/100 psn\n|move|p1b: Fuecoco|Tera Blast|p2b: Pawmi\n|-damage|p2b: Pawmi|66\/100\n|\n|-heal|p2a: Qwilfish|64\/100 brn|[from] item: Leftovers\n|-damage|p1b: Fuecoco|12\/100 psn|[from] psn\n|-damage|p2a: Qwilfish|58\/100 brn|[from] brn\n|upkeep\n|turn|5\n|\n|t:|1700095157\n|move|p2a: Qwilfish|Poison Jab|p1b: Fuecoco\n|-damage|p1b: Fuecoco|0 fnt\n|faint|p1b: Fuecoco\n|\n|win|doerdoes\n|n|\u2606Im dumb srly|imdumbsrly\n|n|\u2606doerdoes|doerdoes\n|n|*Lady Monita \u2746|ladymonita\n|n| Outdoor Boys|outdoorboys\n","uploadtime":1700095158,"views":6,"p1id":"imdumbsrly","p2id":"doerdoes","formatid":"gen9doublesou","rating":0,"private":0,"password":""}