{"id":"gen9doublesou-1969011016","p1":"Rungy","p2":"megAJuan31","format":"[Gen 9] Doubles OU","log":"|j|\u2606Rungy\n|j|\u2606megAJuan31\n|t:|1697482617\n|gametype|doubles\n|player|p1|Rungy|gambler|1054\n|player|p2|megAJuan31|101|1000\n|teamsize|p1|6\n|teamsize|p2|6\n|gen|9\n|tier|[Gen 9] Doubles OU\n|rated|\n|rule|Species Clause: Limit one of each Pok\u00e9mon\n|rule|OHKO Clause: OHKO moves are banned\n|rule|Evasion Moves Clause: Evasion moves are banned\n|rule|Gravity Sleep Clause: The combination of sleep-inducing moves with imperfect accuracy and Gravity or Gigantamax Orbeetle are banned\n|rule|Endless Battle Clause: Forcing endless battles is banned\n|rule|HP Percentage Mod: HP is shown in percentages\n|clearpoke\n|poke|p1|Weezing-Galar, M|\n|poke|p1|Masquerain, M|\n|poke|p1|Gastrodon-East, M|\n|poke|p1|Sinistcha|\n|poke|p1|Milotic, M|\n|poke|p1|Rillaboom, M|\n|poke|p2|Froslass, F|\n|poke|p2|Primeape, M|\n|poke|p2|Tsareena, F|\n|poke|p2|Medicham, F|\n|poke|p2|Indeedee-F, F|\n|poke|p2|Chimecho, M|\n|teampreview\n|inactive|Battle timer is ON: inactive players will automatically lose when time's up. (requested by megAJuan31)\n|c|\u2606Rungy|glhf!\n|\n|t:|1697482626\n|start\n|switch|p1a: Asthma|Weezing-Galar, M|100\/100\n|switch|p1b: BUZZ|Masquerain, M|100\/100\n|switch|p2a: Froslass|Froslass, F|100\/100\n|switch|p2b: Primeape|Primeape, M|100\/100\n|-ability|p1b: BUZZ|Intimidate|boost\n|-unboost|p2a: Froslass|atk|1\n|-unboost|p2b: Primeape|atk|1\n|-fieldstart|move: Misty Terrain|[from] ability: Misty Surge|[of] p1a: Asthma\n|turn|1\n|\n|t:|1697482649\n|move|p2a: Froslass|Frost Breath|p2b: Primeape\n|-crit|p2b: Primeape\n|-damage|p2b: Primeape|64\/100\n|-setboost|p2b: Primeape|atk|6|[from] ability: Anger Point\n|move|p2b: Primeape|Drain Punch|p1a: Asthma\n|-resisted|p1a: Asthma\n|-damage|p1a: Asthma|73\/100\n|-heal|p2b: Primeape|81\/100|[from] drain|[of] p1a: Asthma\n|move|p1b: BUZZ|Sticky Web|p2b: Primeape\n|-sidestart|p2: megAJuan31|move: Sticky Web\n|move|p1a: Asthma|Shadow Ball|p2a: Froslass\n|-supereffective|p2a: Froslass\n|-damage|p2a: Froslass|22\/100\n|-enditem|p2a: Froslass|Eject Button\n|inactive|megAJuan31 has 120 seconds left.\n|\n|t:|1697482675\n|switch|p2a: Tsareena|Tsareena, F|100\/100\n|-activate|p2a: Tsareena|move: Sticky Web\n|-unboost|p2a: Tsareena|spe|1\n|\n|upkeep\n|turn|2\n|inactive|megAJuan31 has 120 seconds left.\n|l|\u2606megAJuan31\n|inactive|megAJuan31 disconnected and has a minute to reconnect!\n|player|p2|\n|j|\u2606megAJuan31\n|inactive|megAJuan31 reconnected and has 110 seconds left.\n|player|p2|megAJuan31|101\n|\n|t:|1697482709\n|move|p2b: Primeape|Rage Fist|p1a: Asthma\n|-damage|p1a: Asthma|0 fnt\n|faint|p1a: Asthma\n|move|p1b: BUZZ|Air Slash|p2a: Tsareena|[miss]\n|-miss|p1b: BUZZ|p2a: Tsareena\n|move|p2a: Tsareena|Fling|p2b: Primeape\n|-resisted|p2b: Primeape\n|-damage|p2b: Primeape|79\/100\n|-boost|p2b: Primeape|spe|1|[from] item: Salac Berry\n|-enditem|p2a: Tsareena|Salac Berry|[from] move: Fling\n|\n|upkeep\n|c|\u2606megAJuan31|Glhf btw, sorry\n|inactive|Rungy has 120 seconds left.\n|\n|t:|1697482738\n|switch|p1a: KRATOM|Sinistcha|100\/100\n|turn|3\n|inactive|megAJuan31 has 120 seconds left.\n|inactive|megAJuan31 has 90 seconds left.\n|\n|t:|1697482784\n|move|p2b: Primeape|Rage Fist|p1b: BUZZ\n|-enditem|p1b: BUZZ|Focus Sash\n|-damage|p1b: BUZZ|1\/100\n|move|p1b: BUZZ|Air Slash|p2b: Primeape\n|-supereffective|p2b: Primeape\n|-damage|p2b: Primeape|10\/100\n|move|p1a: KRATOM|Strength Sap|p2b: Primeape\n|-unboost|p2b: Primeape|atk|1\n|move|p2a: Tsareena|Acupressure|p2b: Primeape\n|-boost|p2b: Primeape|def|2\n|\n|upkeep\n|turn|4\n|inactive|megAJuan31 has 90 seconds left.\n|\n|t:|1697482818\n|switch|p2a: Indeedee|Indeedee-F, F|100\/100\n|-activate|p2a: Indeedee|move: Sticky Web\n|-unboost|p2a: Indeedee|spe|1\n|-fieldstart|move: Psychic Terrain|[from] ability: Psychic Surge|[of] p2a: Indeedee\n|move|p2b: Primeape|Endure|p2b: Primeape\n|-singleturn|p2b: Primeape|move: Endure\n|move|p1b: BUZZ|Ice Beam|p2a: Indeedee\n|-damage|p2a: Indeedee|73\/100\n|move|p1a: KRATOM|Matcha Gotcha|p2b: Primeape|[spread] p2a,p2b\n|-damage|p2a: Indeedee|45\/100\n|-activate|p2b: Primeape|move: Endure\n|-damage|p2b: Primeape|1\/100\n|\n|upkeep\n|turn|5\n|inactive|megAJuan31 has 90 seconds left.\n|\n|t:|1697482849\n|-terastallize|p2b: Primeape|Ghost\n|move|p2b: Primeape|Endure||[still]\n|-fail|p2b: Primeape\n|move|p1b: BUZZ|Struggle Bug|p2a: Indeedee|[spread] p2a,p2b\n|-supereffective|p2a: Indeedee\n|-resisted|p2b: Primeape\n|-damage|p2a: Indeedee|12\/100\n|-damage|p2b: Primeape|0 fnt\n|-unboost|p2a: Indeedee|spa|1\n|faint|p2b: Primeape\n|move|p1a: KRATOM|Matcha Gotcha|p2a: Indeedee\n|-damage|p2a: Indeedee|0 fnt\n|faint|p2a: Indeedee\n|\n|upkeep\n|-message|megAJuan31 forfeited.\n|\n|win|Rungy\n|raw|Rungy's rating: 1054 &rarr; <strong>1081<\/strong><br \/>(+27 for winning)\n|raw|megAJuan31's rating: 1000 &rarr; <strong>1000<\/strong><br \/>(+0 for losing)\n|l|\u2606megAJuan31\n","uploadtime":1697482876,"views":19,"p1id":"rungy","p2id":"megajuan31","formatid":"gen9doublesou","rating":1000,"private":0,"password":""}