{"id":"gen9doublesou-1985586185","p1":"VioletStargazer","p2":"GamiToki.","format":"[Gen 9] Doubles OU","log":"|j|\u2606VioletStargazer\n|j|\u2606GamiToki.\n|t:|1699386783\n|gametype|doubles\n|player|p1|VioletStargazer|clair|1461\n|player|p2|GamiToki.|acetrainer|1363\n|teamsize|p1|6\n|teamsize|p2|6\n|gen|9\n|tier|[Gen 9] Doubles OU\n|rated|\n|rule|Species Clause: Limit one of each Pok\u00e9mon\n|rule|OHKO Clause: OHKO moves are banned\n|rule|Evasion Moves Clause: Evasion moves are banned\n|rule|Gravity Sleep Clause: The combination of sleep-inducing moves with imperfect accuracy and Gravity or Gigantamax Orbeetle are banned\n|rule|Endless Battle Clause: Forcing endless battles is banned\n|rule|HP Percentage Mod: HP is shown in percentages\n|clearpoke\n|poke|p1|Roaring Moon|\n|poke|p1|Great Tusk|\n|poke|p1|Chien-Pao|\n|poke|p1|Ogerpon-Wellspring, F|\n|poke|p1|Heatran, M|\n|poke|p1|Tornadus, M|\n|poke|p2|Thundurus, M|\n|poke|p2|Landorus, M|\n|poke|p2|Clefairy, M|\n|poke|p2|Crawdaunt, F|\n|poke|p2|Manaphy|\n|poke|p2|Goodra, M|\n|teampreview\n|inactive|Battle timer is ON: inactive players will automatically lose when time's up. (requested by GamiToki.)\n|\n|t:|1699386803\n|start\n|switch|p1a: Chien-Pao|Chien-Pao|100\/100\n|switch|p1b: Tornadus|Tornadus, M|100\/100\n|switch|p2a: Crawdaunt|Crawdaunt, F|100\/100\n|switch|p2b: Thundurus|Thundurus, M|100\/100\n|-ability|p1a: Chien-Pao|Sword of Ruin\n|turn|1\n|\n|t:|1699386825\n|-terastallize|p2a: Crawdaunt|Water\n|move|p1b: Tornadus|Tailwind|p1b: Tornadus\n|-sidestart|p1: VioletStargazer|move: Tailwind\n|move|p1a: Chien-Pao|Ice Spinner|p2b: Thundurus\n|-supereffective|p2b: Thundurus\n|-crit|p2b: Thundurus\n|-damage|p2b: Thundurus|0 fnt\n|faint|p2b: Thundurus\n|move|p2a: Crawdaunt|Brick Break|p1a: Chien-Pao\n|-supereffective|p1a: Chien-Pao\n|-enditem|p1a: Chien-Pao|Focus Sash\n|-damage|p1a: Chien-Pao|1\/100\n|\n|upkeep\n|\n|t:|1699386841\n|switch|p2b: Clefairy|Clefairy, M|100\/100\n|turn|2\n|\n|t:|1699386853\n|move|p1b: Tornadus|Taunt|p2b: Clefairy\n|-start|p2b: Clefairy|move: Taunt\n|move|p2a: Crawdaunt|Aqua Jet|p1a: Chien-Pao\n|-damage|p1a: Chien-Pao|0 fnt\n|faint|p1a: Chien-Pao\n|move|p2b: Clefairy|Knock Off|p1b: Tornadus\n|-damage|p1b: Tornadus|85\/100\n|-enditem|p1b: Tornadus|Yache Berry|[from] move: Knock Off|[of] p2b: Clefairy\n|\n|upkeep\n|\n|t:|1699386866\n|switch|p1a: Ogerpon|Ogerpon-Wellspring, F|100\/100\n|turn|3\n|inactive|GamiToki. has 120 seconds left.\n|\n|t:|1699386898\n|switch|p2a: Goodra|Goodra, M|100\/100\n|switch|p2b: Landorus|Landorus, M|100\/100\n|move|p1a: Ogerpon|Horn Leech|p2a: Goodra\n|-ability|p2a: Goodra|Sap Sipper|boost\n|-boost|p2a: Goodra|atk|1\n|move|p1b: Tornadus|Bleakwind Storm|p2a: Goodra|[spread] p2b\n|-miss|p1b: Tornadus|p2a: Goodra\n|-damage|p2b: Landorus|73\/100\n|\n|upkeep\n|turn|4\n|inactive|GamiToki. has 120 seconds left.\n|\n|t:|1699386927\n|move|p1a: Ogerpon|Ivy Cudgel|p2b: Landorus\n|-supereffective|p2b: Landorus\n|-damage|p2b: Landorus|0 fnt\n|faint|p2b: Landorus\n|move|p1b: Tornadus|Bleakwind Storm|p2a: Goodra\n|-damage|p2a: Goodra|70\/100\n|move|p2a: Goodra|Draco Meteor|p1a: Ogerpon\n|-damage|p1a: Ogerpon|48\/100\n|-unboost|p2a: Goodra|spa|2\n|\n|-heal|p2a: Goodra|76\/100|[from] item: Leftovers\n|-sideend|p1: VioletStargazer|move: Tailwind\n|upkeep\n|inactive|GamiToki. has 120 seconds left.\n|\n|t:|1699386938\n|switch|p2b: Manaphy|Manaphy|100\/100\n|turn|5\n|\n|t:|1699386954\n|move|p1b: Tornadus|Taunt|p2b: Manaphy\n|-start|p2b: Manaphy|move: Taunt\n|move|p1a: Ogerpon|Horn Leech|p2b: Manaphy\n|-supereffective|p2b: Manaphy\n|-damage|p2b: Manaphy|35\/100\n|-heal|p1a: Ogerpon|92\/100|[from] drain|[of] p2b: Manaphy\n|move|p2b: Manaphy|Energy Ball|p1a: Ogerpon\n|-damage|p1a: Ogerpon|67\/100\n|move|p2a: Goodra|Ice Beam|p1a: Ogerpon\n|-damage|p1a: Ogerpon|53\/100\n|\n|-heal|p2b: Manaphy|41\/100|[from] item: Leftovers\n|-heal|p2a: Goodra|83\/100|[from] item: Leftovers\n|upkeep\n|turn|6\n|-message|GamiToki. forfeited.\n|\n|win|VioletStargazer\n|raw|VioletStargazer's rating: 1461 &rarr; <strong>1476<\/strong><br \/>(+15 for winning)\n|raw|GamiToki.'s rating: 1363 &rarr; <strong>1348<\/strong><br \/>(-15 for losing)\n|l|\u2606GamiToki.\n","uploadtime":1699386989,"views":8,"p1id":"violetstargazer","p2id":"gamitoki","formatid":"gen9doublesou","rating":1348,"private":0,"password":""}