{"id":"gen9doublesou-1993517510","p1":"Seanoneill1234","p2":"JonathanDays10","format":"[Gen 9] Doubles OU","log":"|j|\u2606Seanoneill1234\n|j|\u2606JonathanDays10\n|t:|1700327160\n|gametype|doubles\n|player|p1|Seanoneill1234|lucas|1102\n|player|p2|JonathanDays10|102|1000\n|teamsize|p1|6\n|teamsize|p2|6\n|gen|9\n|tier|[Gen 9] Doubles OU\n|rated|\n|rule|Species Clause: Limit one of each Pok\u00e9mon\n|rule|OHKO Clause: OHKO moves are banned\n|rule|Evasion Moves Clause: Evasion moves are banned\n|rule|Gravity Sleep Clause: The combination of sleep-inducing moves with imperfect accuracy and Gravity or Gigantamax Orbeetle are banned\n|rule|Endless Battle Clause: Forcing endless battles is banned\n|rule|HP Percentage Mod: HP is shown in percentages\n|clearpoke\n|poke|p1|Flutter Mane|\n|poke|p1|Tornadus, M|\n|poke|p1|Iron Hands|\n|poke|p1|Rillaboom, F|\n|poke|p1|Cresselia, F|\n|poke|p1|Chien-Pao|\n|poke|p2|Zarude-Dada|\n|poke|p2|Mimikyu, F|\n|poke|p2|Mew|\n|poke|p2|Falinks|\n|poke|p2|Goodra, M|\n|poke|p2|Kleavor, M|\n|teampreview\n|inactive|Battle timer is ON: inactive players will automatically lose when time's up. (requested by Seanoneill1234)\n|\n|t:|1700327173\n|start\n|switch|p1a: Tornadus|Tornadus, M|100\/100\n|switch|p1b: Iron Hands|Iron Hands|100\/100\n|switch|p2a: Kleavor|Kleavor, M|100\/100\n|switch|p2b: Mimikyu|Mimikyu, F|100\/100\n|-enditem|p1b: Iron Hands|Booster Energy\n|-activate|p1b: Iron Hands|ability: Quark Drive|[fromitem]\n|-start|p1b: Iron Hands|quarkdriveatk\n|turn|1\n|\n|t:|1700327201\n|move|p1b: Iron Hands|Fake Out|p2a: Kleavor\n|-resisted|p2a: Kleavor\n|-damage|p2a: Kleavor|87\/100\n|move|p1a: Tornadus|Tailwind|p1a: Tornadus\n|-sidestart|p1: Seanoneill1234|move: Tailwind\n|cant|p2a: Kleavor|flinch\n|move|p2b: Mimikyu|Swords Dance|p2b: Mimikyu\n|-boost|p2b: Mimikyu|atk|2\n|\n|upkeep\n|turn|2\n|inactive|Seanoneill1234 has 120 seconds left.\n|\n|t:|1700327247\n|move|p1a: Tornadus|Bleakwind Storm|p2a: Kleavor|[spread] p2b\n|-miss|p1a: Tornadus|p2a: Kleavor\n|-activate|p2b: Mimikyu|ability: Disguise\n|-damage|p2b: Mimikyu|100\/100\n|detailschange|p2b: Mimikyu|Mimikyu-Busted, F\n|-damage|p2b: Mimikyu|88\/100|[from] pokemon: Mimikyu-Busted\n|move|p2a: Kleavor|U-turn|p1b: Iron Hands\n|-resisted|p1b: Iron Hands\n|-damage|p1b: Iron Hands|89\/100\n|inactive|JonathanDays10 has 120 seconds left.\n|\n|t:|1700327266\n|switch|p2a: Goodra|Goodra, M|100\/100|[from] U-turn\n|move|p1b: Iron Hands|Thunder Punch|p2b: Mimikyu\n|-damage|p2b: Mimikyu|24\/100\n|move|p2b: Mimikyu|Swords Dance|p2b: Mimikyu\n|-boost|p2b: Mimikyu|atk|2\n|\n|upkeep\n|turn|3\n|inactive|Seanoneill1234 has 120 seconds left.\n|inactive|JonathanDays10 has 120 seconds left.\n|\n|t:|1700327294\n|move|p2b: Mimikyu|Shadow Sneak|p1a: Tornadus\n|-damage|p1a: Tornadus|35\/100\n|move|p1a: Tornadus|Bleakwind Storm|p2a: Goodra|[spread] p2a,p2b\n|-damage|p2a: Goodra|85\/100\n|-damage|p2b: Mimikyu|0 fnt\n|faint|p2b: Mimikyu\n|move|p1b: Iron Hands|Ice Punch|p2a: Goodra\n|-supereffective|p2a: Goodra\n|-damage|p2a: Goodra|5\/100\n|-ability|p2a: Goodra|Gooey\n|-unboost|p1b: Iron Hands|spe|1\n|move|p2a: Goodra|Dragon Breath|p1b: Iron Hands\n|-damage|p1b: Iron Hands|60\/100\n|\n|upkeep\n|\n|t:|1700327310\n|switch|p2b: Mew|Mew|100\/100\n|turn|4\n|\n|t:|1700327319\n|move|p1a: Tornadus|Bleakwind Storm|p2b: Mew|[spread] p2b\n|-miss|p1a: Tornadus|p2a: Goodra\n|-damage|p2b: Mew|68\/100\n|move|p2b: Mew|Dazzling Gleam|p1a: Tornadus|[spread] p1a,p1b\n|-supereffective|p1b: Iron Hands\n|-damage|p1a: Tornadus|7\/100\n|-damage|p1b: Iron Hands|8\/100\n|move|p2a: Goodra|Ice Beam|p1a: Tornadus\n|-supereffective|p1a: Tornadus\n|-damage|p1a: Tornadus|0 fnt\n|faint|p1a: Tornadus\n|move|p1b: Iron Hands|Thunder Punch|p2b: Mew\n|-damage|p2b: Mew|13\/100\n|\n|-sideend|p1: Seanoneill1234|move: Tailwind\n|upkeep\n|inactive|Seanoneill1234 has 120 seconds left.\n|\n|t:|1700327349\n|switch|p1a: Cresselia|Cresselia, F|100\/100\n|turn|5\n|\n|t:|1700327360\n|move|p2b: Mew|Dazzling Gleam|p1b: Iron Hands|[spread] p1a,p1b\n|-supereffective|p1b: Iron Hands\n|-damage|p1a: Cresselia|87\/100\n|-damage|p1b: Iron Hands|0 fnt\n|faint|p1b: Iron Hands\n|-end|p1b: Iron Hands|Quark Drive|[silent]\n|move|p1a: Cresselia|Dazzling Gleam|p2a: Goodra|[spread] p2a,p2b\n|-supereffective|p2a: Goodra\n|-damage|p2a: Goodra|0 fnt\n|-damage|p2b: Mew|3\/100\n|faint|p2a: Goodra\n|\n|-heal|p1a: Cresselia|93\/100|[from] item: Leftovers\n|upkeep\n|\n|t:|1700327373\n|switch|p2a: Kleavor|Kleavor, M|87\/100\n|switch|p1b: Rillaboom|Rillaboom, F|100\/100\n|-fieldstart|move: Grassy Terrain|[from] ability: Grassy Surge|[of] p1b: Rillaboom\n|turn|6\n|\n|t:|1700327394\n|move|p1b: Rillaboom|Grassy Glide|p2b: Mew\n|-crit|p2b: Mew\n|-damage|p2b: Mew|0 fnt\n|faint|p2b: Mew\n|move|p2a: Kleavor|X-Scissor|p1b: Rillaboom\n|-supereffective|p1b: Rillaboom\n|-damage|p1b: Rillaboom|3\/100\n|move|p1a: Cresselia|Lunar Blessing|p1a: Cresselia|[spread] p1a,p1b\n|-heal|p1a: Cresselia|100\/100\n|-heal|p1b: Rillaboom|28\/100\n|\n|-heal|p2a: Kleavor|93\/100|[from] Grassy Terrain\n|-heal|p1b: Rillaboom|34\/100|[from] Grassy Terrain\n|upkeep\n|\n|t:|1700327408\n|switch|p2b: Falinks|Falinks|100\/100\n|turn|7\n|\n|t:|1700327418\n|move|p1a: Cresselia|Helping Hand|p1b: Rillaboom\n|-singleturn|p1b: Rillaboom|Helping Hand|[of] p1a: Cresselia\n|move|p2b: Falinks|First Impression|p1b: Rillaboom\n|-supereffective|p1b: Rillaboom\n|-damage|p1b: Rillaboom|0 fnt\n|faint|p1b: Rillaboom\n|move|p2a: Kleavor|X-Scissor|p1a: Cresselia\n|-supereffective|p1a: Cresselia\n|-damage|p1a: Cresselia|33\/100\n|\n|-heal|p2a: Kleavor|99\/100|[from] Grassy Terrain\n|-heal|p1a: Cresselia|39\/100|[from] item: Leftovers\n|upkeep\n|\n|t:|1700327426\n|switch|p1b: Flutter Mane|Flutter Mane|100\/100\n|-enditem|p1b: Flutter Mane|Booster Energy\n|-activate|p1b: Flutter Mane|ability: Protosynthesis|[fromitem]\n|-start|p1b: Flutter Mane|protosynthesisspe\n|turn|8\n|\n|t:|1700327443\n|move|p1b: Flutter Mane|Moonblast|p2b: Falinks\n|-supereffective|p2b: Falinks\n|-damage|p2b: Falinks|0 fnt\n|faint|p2b: Falinks\n|move|p2a: Kleavor|X-Scissor|p1b: Flutter Mane\n|-resisted|p1b: Flutter Mane\n|-damage|p1b: Flutter Mane|77\/100\n|move|p1a: Cresselia|Thunder Wave|p2a: Kleavor\n|-status|p2a: Kleavor|par\n|\n|-heal|p1b: Flutter Mane|83\/100|[from] Grassy Terrain\n|-heal|p1a: Cresselia|45\/100|[from] item: Leftovers\n|-heal|p2a: Kleavor|100\/100 par|[from] Grassy Terrain\n|upkeep\n|\n|t:|1700327456\n|switch|p2b: Zarude|Zarude-Dada|100\/100\n|turn|9\n|\n|t:|1700327463\n|move|p1b: Flutter Mane|Moonblast|p2b: Zarude\n|-supereffective|p2b: Zarude\n|-damage|p2b: Zarude|1\/100\n|move|p2b: Zarude|Crunch|p1b: Flutter Mane\n|-damage|p1b: Flutter Mane|0 fnt\n|faint|p1b: Flutter Mane\n|-end|p1b: Flutter Mane|Protosynthesis|[silent]\n|move|p1a: Cresselia|Thunder Wave|p2b: Zarude|[miss]\n|-miss|p1a: Cresselia|p2b: Zarude\n|move|p2a: Kleavor|X-Scissor|p1a: Cresselia\n|-supereffective|p1a: Cresselia\n|-damage|p1a: Cresselia|0 fnt\n|faint|p1a: Cresselia\n|\n|-heal|p2b: Zarude|7\/100|[from] Grassy Terrain\n|upkeep\n|\n|t:|1700327468\n|switch|p1b: Chien-Pao|Chien-Pao|100\/100\n|-ability|p1b: Chien-Pao|Sword of Ruin\n|turn|10\n|\n|t:|1700327486\n|-terastallize|p1b: Chien-Pao|Fairy\n|-terastallize|p2b: Zarude|Dark\n|move|p1b: Chien-Pao|Sacred Sword|p2b: Zarude\n|-supereffective|p2b: Zarude\n|-damage|p2b: Zarude|0 fnt\n|faint|p2b: Zarude\n|move|p2a: Kleavor|X-Scissor|p1b: Chien-Pao\n|-resisted|p1b: Chien-Pao\n|-damage|p1b: Chien-Pao|71\/100\n|\n|-heal|p1b: Chien-Pao|77\/100|[from] Grassy Terrain\n|-fieldend|move: Grassy Terrain\n|upkeep\n|turn|11\n|\n|t:|1700327498\n|move|p1b: Chien-Pao|Sacred Sword|p2a: Kleavor\n|-damage|p2a: Kleavor|48\/100 par\n|move|p2a: Kleavor|X-Scissor|p1b: Chien-Pao\n|-resisted|p1b: Chien-Pao\n|-damage|p1b: Chien-Pao|44\/100\n|\n|upkeep\n|turn|12\n|-message|JonathanDays10 forfeited.\n|\n|win|Seanoneill1234\n|raw|Seanoneill1234's rating: 1102 &rarr; <strong>1120<\/strong><br \/>(+18 for winning)\n|raw|JonathanDays10's rating: 1000 &rarr; <strong>1000<\/strong><br \/>(+0 for losing)\n|l|\u2606JonathanDays10\n","uploadtime":1700327507,"views":6,"p1id":"seanoneill1234","p2id":"jonathandays10","formatid":"gen9doublesou","rating":1000,"private":0,"password":""}