{"id":"gen9doublesou-1988531553","p1":"V4 Zigh","p2":"Arcticblast","format":"[Gen 9] Doubles OU","log":"|j|\u2606V4 Zigh\n|j|\u2606Arcticblast\n|t:|1699732974\n|gametype|doubles\n|player|p1|V4 Zigh|clair|\n|player|p2|Arcticblast|will|\n|teamsize|p1|6\n|teamsize|p2|6\n|gen|9\n|tier|[Gen 9] Doubles OU\n|rule|Species Clause: Limit one of each Pok\u00e9mon\n|rule|OHKO Clause: OHKO moves are banned\n|rule|Evasion Moves Clause: Evasion moves are banned\n|rule|Gravity Sleep Clause: The combination of sleep-inducing moves with imperfect accuracy and Gravity or Gigantamax Orbeetle are banned\n|rule|Endless Battle Clause: Forcing endless battles is banned\n|rule|HP Percentage Mod: HP is shown in percentages\n|clearpoke\n|poke|p1|Iron Hands|\n|poke|p1|Landorus-Therian, M|\n|poke|p1|Heatran, F|\n|poke|p1|Glimmora, F|\n|poke|p1|Roaring Moon|\n|poke|p1|Amoonguss, F|\n|poke|p2|Tornadus, M|\n|poke|p2|Ogerpon-Hearthflame, F|\n|poke|p2|Flutter Mane|\n|poke|p2|Landorus-Therian, M|\n|poke|p2|Volcanion|\n|poke|p2|Iron Hands|\n|teampreview\n|inactive|Battle timer is ON: inactive players will automatically lose when time's up. (requested by V4 Zigh)\n|inactiveoff|Battle timer is now OFF.\n|j| eragon11145\n|j|+zoe\n|j| ratpacker\n|c|\u2606V4 Zigh|timer in a few mins after ppl join?\n|j| sunk or swam\n|c|\u2606Arcticblast|sure\n|j| Iceberg77\n|j| Lunarr\n|j| theyummybagel\n|j| vegano lover\n|l|sunkorswam\n|l|veganolover\n|j| Schister\n|j| SEROO\n|j| Sheik\n|c| Schister|W waiting for crowd\n|j| Lemurro\n|j| Grandmas Cookin\n|l|+zoe\n|c|\u2606Arcticblast|we've got a crowd, let's rock\n|c|\u2606V4 Zigh|aight, gl\n|inactive|Battle timer is ON: inactive players will automatically lose when time's up. (requested by V4 Zigh)\n|c|\u2606Arcticblast|you too!\n|j| R4ye\n|inactive|V4 Zigh has 270 seconds left.\n|j|+zoe\n|j| ina fable.\n|\n|t:|1699733163\n|start\n|switch|p1a: Landorus|Landorus-Therian, M|100\/100\n|switch|p1b: Glimmora|Glimmora, F|100\/100\n|switch|p2a: Flutter Mane|Flutter Mane|100\/100\n|switch|p2b: Iron Hands|Iron Hands|100\/100\n|-ability|p1a: Landorus|Intimidate|boost\n|-unboost|p2a: Flutter Mane|atk|1\n|-unboost|p2b: Iron Hands|atk|1\n|turn|1\n|inactive|V4 Zigh has 270 seconds left.\n|l|+zoe\n|j|+Mizuhime\n|inactive|V4 Zigh has 240 seconds left.\n|\n|t:|1699733210\n|move|p1a: Landorus|Protect|p1a: Landorus\n|-singleturn|p1a: Landorus|Protect\n|move|p2b: Iron Hands|Fake Out|p1a: Landorus\n|-activate|p1a: Landorus|move: Protect\n|move|p2a: Flutter Mane|Shadow Ball|p1b: Glimmora\n|-damage|p1b: Glimmora|31\/100\n|-unboost|p1b: Glimmora|spd|1\n|move|p1b: Glimmora|Sludge Bomb|p2a: Flutter Mane\n|-damage|p2a: Flutter Mane|63\/100\n|-status|p2a: Flutter Mane|psn\n|\n|-damage|p2a: Flutter Mane|51\/100 psn|[from] psn\n|upkeep\n|turn|2\n|inactive|V4 Zigh has 240 seconds left.\n|inactive|Arcticblast has 270 seconds left.\n|\n|t:|1699733257\n|-end|p2a: Flutter Mane|Protosynthesis|[silent]\n|switch|p2a: Landorus|Landorus-Therian, M|100\/100\n|-ability|p2a: Landorus|Intimidate|boost\n|-unboost|p1a: Landorus|atk|1\n|-unboost|p1b: Glimmora|atk|1\n|switch|p1b: Iron Hands|Iron Hands|100\/100\n|-end|p2b: Iron Hands|Quark Drive|[silent]\n|switch|p2b: Tornadus|Tornadus, M|100\/100\n|move|p1a: Landorus|U-turn|p2a: Landorus\n|-resisted|p2a: Landorus\n|-damage|p2a: Landorus|92\/100\n|j| Xrn\n|j| Jello1231\n|inactive|V4 Zigh has 210 seconds left.\n|\n|t:|1699733282\n|switch|p1a: Roaring Moon|Roaring Moon|100\/100|[from] U-turn\n|-enditem|p1a: Roaring Moon|Booster Energy\n|-activate|p1a: Roaring Moon|ability: Protosynthesis|[fromitem]\n|-start|p1a: Roaring Moon|protosynthesisatk\n|\n|upkeep\n|turn|3\n|\n|t:|1699733300\n|move|p1b: Iron Hands|Fake Out|p2b: Tornadus\n|-damage|p2b: Tornadus|83\/100\n|cant|p2b: Tornadus|flinch\n|move|p1a: Roaring Moon|Dragon Dance|p1a: Roaring Moon\n|-boost|p1a: Roaring Moon|atk|1\n|-boost|p1a: Roaring Moon|spe|1\n|move|p2a: Landorus|U-turn|p1a: Roaring Moon\n|-supereffective|p1a: Roaring Moon\n|-damage|p1a: Roaring Moon|42\/100\n|j| Regirock Fan#3\n|inactive|Arcticblast has 270 seconds left.\n|\n|t:|1699733319\n|switch|p2a: Iron Hands|Iron Hands|100\/100|[from] U-turn\n|\n|upkeep\n|turn|4\n|\n|t:|1699733329\n|switch|p2b: Landorus|Landorus-Therian, M|92\/100\n|-ability|p2b: Landorus|Intimidate|boost\n|-unboost|p1a: Roaring Moon|atk|1\n|-unboost|p1b: Iron Hands|atk|1\n|move|p1a: Roaring Moon|Protect|p1a: Roaring Moon\n|-singleturn|p1a: Roaring Moon|Protect\n|move|p2a: Iron Hands|Fake Out|p1a: Roaring Moon\n|-activate|p1a: Roaring Moon|move: Protect\n|move|p1b: Iron Hands|Volt Switch|p2b: Landorus\n|-immune|p2b: Landorus\n|\n|upkeep\n|turn|5\n|inactive|Arcticblast has 270 seconds left.\n|\n|t:|1699733365\n|-end|p1b: Iron Hands|Quark Drive|[silent]\n|switch|p1b: Landorus|Landorus-Therian, M|100\/100\n|-ability|p1b: Landorus|Intimidate|boost\n|-unboost|p2a: Iron Hands|atk|1\n|-unboost|p2b: Landorus|atk|1\n|-terastallize|p1a: Roaring Moon|Flying\n|move|p1a: Roaring Moon|Acrobatics|p2b: Landorus\n|-damage|p2b: Landorus|10\/100\n|-enditem|p2b: Landorus|Sitrus Berry|[eat]\n|-heal|p2b: Landorus|35\/100|[from] item: Sitrus Berry\n|move|p2b: Landorus|U-turn|p1a: Roaring Moon\n|-resisted|p1a: Roaring Moon\n|-damage|p1a: Roaring Moon|31\/100\n|\n|t:|1699733376\n|switch|p2b: Tornadus|Tornadus, M|83\/100|[from] U-turn\n|move|p2a: Iron Hands|Heavy Slam|p1a: Roaring Moon\n|-damage|p1a: Roaring Moon|18\/100\n|\n|upkeep\n|turn|6\n|inactive|V4 Zigh has 270 seconds left.\n|\n|t:|1699733396\n|move|p2b: Tornadus|Tailwind|p2b: Tornadus\n|-sidestart|p2: Arcticblast|move: Tailwind\n|move|p1a: Roaring Moon|Acrobatics|p2b: Tornadus\n|-damage|p2b: Tornadus|0 fnt\n|faint|p2b: Tornadus\n|move|p2a: Iron Hands|Wild Charge|p1a: Roaring Moon\n|-supereffective|p1a: Roaring Moon\n|-damage|p1a: Roaring Moon|0 fnt\n|faint|p1a: Roaring Moon\n|-end|p1a: Roaring Moon|Protosynthesis|[silent]\n|-damage|p2a: Iron Hands|97\/100|[from] Recoil\n|move|p1b: Landorus|Stomping Tantrum|p2a: Iron Hands\n|-supereffective|p2a: Iron Hands\n|-crit|p2a: Iron Hands\n|-damage|p2a: Iron Hands|8\/100\n|\n|upkeep\n|inactive|V4 Zigh has 270 seconds left.\n|\n|t:|1699733423\n|switch|p2b: Flutter Mane|Flutter Mane|51\/100 psn\n|switch|p1a: Iron Hands|Iron Hands|100\/100\n|turn|7\n|j| MADARAAAA\n|l|+Mizuhime\n|\n|t:|1699733449\n|-end|p2a: Iron Hands|Quark Drive|[silent]\n|switch|p2a: Landorus|Landorus-Therian, M|35\/100\n|-ability|p2a: Landorus|Intimidate|boost\n|-unboost|p1a: Iron Hands|atk|1\n|-unboost|p1b: Landorus|atk|1\n|move|p1a: Iron Hands|Fake Out|p2a: Landorus\n|-crit|p2a: Landorus\n|-damage|p2a: Landorus|17\/100\n|move|p2b: Flutter Mane|Dazzling Gleam|p1a: Iron Hands|[spread] p1a,p1b\n|-supereffective|p1a: Iron Hands\n|-damage|p1a: Iron Hands|63\/100\n|-damage|p1b: Landorus|55\/100\n|move|p1b: Landorus|U-turn|p2b: Flutter Mane\n|-resisted|p2b: Flutter Mane\n|-damage|p2b: Flutter Mane|43\/100 psn\n|\n|t:|1699733462\n|switch|p1b: Amoonguss|Amoonguss, F|100\/100|[from] U-turn\n|\n|-damage|p2b: Flutter Mane|31\/100 psn|[from] psn\n|upkeep\n|turn|8\n|j| Enzonana\n|j| SingleThunder\n|\n|t:|1699733483\n|-end|p1a: Iron Hands|Quark Drive|[silent]\n|switch|p1a: Heatran|Heatran, F|100\/100\n|move|p2b: Flutter Mane|Dazzling Gleam|p1b: Amoonguss|[spread] p1a,p1b\n|-resisted|p1a: Heatran\n|-resisted|p1b: Amoonguss\n|-damage|p1a: Heatran|91\/100\n|-damage|p1b: Amoonguss|82\/100\n|move|p2a: Landorus|Taunt|p1b: Amoonguss\n|-start|p1b: Amoonguss|move: Taunt\n|cant|p1b: Amoonguss|move: Taunt|Spore\n|\n|-heal|p1a: Heatran|98\/100|[from] item: Leftovers\n|-damage|p2b: Flutter Mane|18\/100 psn|[from] psn\n|upkeep\n|turn|9\n|inactive|V4 Zigh has 270 seconds left.\n|inactive|Arcticblast has 270 seconds left.\n|\n|t:|1699733531\n|-end|p2b: Flutter Mane|Protosynthesis|[silent]\n|switch|p2b: Volcanion|Volcanion|100\/100\n|switch|p1b: Glimmora|Glimmora, F|31\/100\n|move|p1a: Heatran|Protect|p1a: Heatran\n|-singleturn|p1a: Heatran|Protect\n|move|p2a: Landorus|Stealth Rock|p1a: Heatran\n|-sidestart|p1: V4 Zigh|move: Stealth Rock\n|\n|-heal|p1a: Heatran|100\/100|[from] item: Leftovers\n|-sideend|p2: Arcticblast|move: Tailwind\n|upkeep\n|turn|10\n|j|+zoe\n|inactive|Arcticblast has 270 seconds left.\n|j| Arcanine Numbers\n|j| Sunrose\n|inactive|V4 Zigh has 270 seconds left.\n|\n|t:|1699733580\n|move|p1b: Glimmora|Sludge Bomb|p2a: Landorus\n|-resisted|p2a: Landorus\n|-damage|p2a: Landorus|0 fnt\n|faint|p2a: Landorus\n|move|p1a: Heatran|Earth Power|p2b: Volcanion\n|-supereffective|p2b: Volcanion\n|-damage|p2b: Volcanion|38\/100\n|move|p2b: Volcanion|Steam Eruption|p1a: Heatran\n|-supereffective|p1a: Heatran\n|-damage|p1a: Heatran|4\/100\n|\n|-heal|p1a: Heatran|10\/100|[from] item: Leftovers\n|upkeep\n|\n|t:|1699733591\n|switch|p2a: Flutter Mane|Flutter Mane|18\/100 psn\n|turn|11\n|inactive|V4 Zigh has 270 seconds left.\n|l| Arcanine Numbers\n|inactive|Arcticblast has 240 seconds left.\n|l| Sheik\n|inactive|V4 Zigh has 240 seconds left.\n|j| GGSUN serotonin\n|l|+zoe\n|\n|t:|1699733657\n|switch|p2b: Iron Hands|Iron Hands|8\/100\n|-terastallize|p2a: Flutter Mane|Fairy\n|move|p1a: Heatran|Protect|p1a: Heatran\n|-singleturn|p1a: Heatran|Protect\n|move|p2a: Flutter Mane|Dazzling Gleam|p1a: Heatran|[spread] p1b\n|-activate|p1a: Heatran|move: Protect\n|-resisted|p1b: Glimmora\n|-damage|p1b: Glimmora|0 fnt\n|faint|p1b: Glimmora\n|\n|-heal|p1a: Heatran|16\/100|[from] item: Leftovers\n|-damage|p2a: Flutter Mane|6\/100 psn|[from] psn\n|upkeep\n|j|+zoe\n|inactive|V4 Zigh has 210 seconds left.\n|\n|t:|1699733687\n|switch|p1b: Landorus|Landorus-Therian, M|55\/100\n|-damage|p1b: Landorus|43\/100|[from] Stealth Rock\n|-ability|p1b: Landorus|Intimidate|boost\n|-unboost|p2a: Flutter Mane|atk|1\n|-unboost|p2b: Iron Hands|atk|1\n|-enditem|p1b: Landorus|Sitrus Berry|[eat]\n|-heal|p1b: Landorus|68\/100|[from] item: Sitrus Berry\n|turn|12\n|j|+Actuarily\n|\n|t:|1699733710\n|-end|p2a: Flutter Mane|Protosynthesis|[silent]\n|switch|p2a: Ogerpon|Ogerpon-Hearthflame, F|100\/100\n|-ability|p2a: Ogerpon|Mold Breaker\n|switch|p1a: Amoonguss|Amoonguss, F|100\/100\n|-damage|p1a: Amoonguss|88\/100|[from] Stealth Rock\n|move|p1b: Landorus|Protect|p1b: Landorus\n|-singleturn|p1b: Landorus|Protect\n|move|p2b: Iron Hands|Fake Out|p1a: Amoonguss\n|-damage|p1a: Amoonguss|79\/100\n|-damage|p2b: Iron Hands|0 fnt|[from] item: Rocky Helmet|[of] p1a: Amoonguss\n|faint|p2b: Iron Hands\n|-end|p2b: Iron Hands|Quark Drive|[silent]\n|\n|upkeep\n|\n|t:|1699733725\n|switch|p2b: Volcanion|Volcanion|38\/100\n|turn|13\n|inactive|V4 Zigh has 240 seconds left.\n|inactive|Arcticblast has 240 seconds left.\n|l| ina fable.\n|l|+Actuarily\n|inactive|Arcticblast has 210 seconds left.\n|\n|t:|1699733787\n|switch|p1b: Heatran|Heatran, F|16\/100\n|-damage|p1b: Heatran|4\/100|[from] Stealth Rock\n|move|p2a: Ogerpon|Spiky Shield|p2a: Ogerpon\n|-singleturn|p2a: Ogerpon|move: Protect\n|move|p1a: Amoonguss|Protect|p1a: Amoonguss\n|-singleturn|p1a: Amoonguss|Protect\n|move|p2b: Volcanion|Heat Wave|p1b: Heatran|[spread] \n|-activate|p1a: Amoonguss|move: Protect\n|-start|p1b: Heatran|ability: Flash Fire\n|\n|-heal|p1b: Heatran|10\/100|[from] item: Leftovers\n|upkeep\n|turn|14\n|c| Enzonana|bastante criminal\n|c| Enzonana|el lando tect\n|inactive|V4 Zigh has 240 seconds left.\n|l| GGSUN serotonin\n|inactive|V4 Zigh has 210 seconds left.\n|l| MADARAAAA\n|inactive|Arcticblast has 210 seconds left.\n|\n|t:|1699733859\n|move|p2a: Ogerpon|Ivy Cudgel|p1b: Heatran\n|-damage|p1b: Heatran|0 fnt\n|faint|p1b: Heatran\n|move|p2b: Volcanion|Heat Wave|p1a: Amoonguss\n|-supereffective|p1a: Amoonguss\n|-damage|p1a: Amoonguss|0 fnt\n|faint|p1a: Amoonguss\n|\n|upkeep\n|\n|t:|1699733868\n|switch|p1b: Landorus|Landorus-Therian, M|68\/100\n|switch|p1a: Iron Hands|Iron Hands|63\/100\n|-damage|p1b: Landorus|55\/100|[from] Stealth Rock\n|-ability|p1b: Landorus|Intimidate|boost\n|-unboost|p2a: Ogerpon|atk|1\n|-unboost|p2b: Volcanion|atk|1\n|-damage|p1a: Iron Hands|57\/100|[from] Stealth Rock\n|turn|15\n|inactive|V4 Zigh has 210 seconds left.\n|\n|t:|1699733886\n|move|p2a: Ogerpon|Spiky Shield|p2a: Ogerpon\n|-singleturn|p2a: Ogerpon|move: Protect\n|move|p1a: Iron Hands|Fake Out|p2a: Ogerpon\n|-activate|p2a: Ogerpon|move: Protect\n|-damage|p1a: Iron Hands|44\/100|[from] Spiky Shield|[of] p2a: Ogerpon\n|move|p1b: Landorus|Stomping Tantrum|p2b: Volcanion\n|-supereffective|p2b: Volcanion\n|-damage|p2b: Volcanion|0 fnt\n|faint|p2b: Volcanion\n|\n|upkeep\n|\n|t:|1699733895\n|switch|p2b: Flutter Mane|Flutter Mane, tera:Fairy|6\/100 psn\n|turn|16\n|inactive|Arcticblast has 240 seconds left.\n|\n|t:|1699733907\n|move|p1b: Landorus|Protect|p1b: Landorus\n|-singleturn|p1b: Landorus|Protect\n|move|p2b: Flutter Mane|Moonblast|p1a: Iron Hands\n|-supereffective|p1a: Iron Hands\n|-damage|p1a: Iron Hands|0 fnt\n|faint|p1a: Iron Hands\n|-end|p1a: Iron Hands|Quark Drive|[silent]\n|move|p2a: Ogerpon|Ivy Cudgel|p1b: Landorus\n|-activate|p1b: Landorus|move: Protect\n|\n|-damage|p2b: Flutter Mane|0 fnt|[from] psn\n|faint|p2b: Flutter Mane\n|-end|p2b: Flutter Mane|Protosynthesis|[silent]\n|upkeep\n|turn|17\n|\n|t:|1699733918\n|move|p2a: Ogerpon|Spiky Shield|p2a: Ogerpon\n|-singleturn|p2a: Ogerpon|move: Protect\n|move|p1b: Landorus|Stomping Tantrum|p2a: Ogerpon\n|-activate|p2a: Ogerpon|move: Protect\n|-damage|p1b: Landorus|43\/100|[from] Spiky Shield|[of] p2a: Ogerpon\n|\n|upkeep\n|turn|18\n|inactive|Arcticblast has 270 seconds left.\n|\n|t:|1699733928\n|move|p2a: Ogerpon|Ivy Cudgel|p1b: Landorus\n|-damage|p1b: Landorus|8\/100\n|move|p1b: Landorus|Stomping Tantrum|p2a: Ogerpon\n|-damage|p2a: Ogerpon|52\/100\n|\n|upkeep\n|turn|19\n|c|\u2606V4 Zigh|gg\n|c|\u2606Arcticblast|gg\n|\n|t:|1699733936\n|move|p2a: Ogerpon|Ivy Cudgel|p1b: Landorus\n|-damage|p1b: Landorus|0 fnt\n|faint|p1b: Landorus\n|\n|win|Arcticblast\n|l| R4ye\n|j|+Actuarily\n|l| Xrn\n|l|+Actuarily\n|l| Sunrose\n|l| Iceberg77\n|l| eragon11145\n|l| SingleThunder\n|l| Lunarr\n|l| Enzonana\n|l|+zoe\n|j| RDL93\n|l| RDL93\n|j| Lady Reze\n|l| Lady Reze\n|l| SEROO\n|l|\u2606Arcticblast\n|l| Grandmas Cookin\n|l| ratpacker\n|j| ina fable.\n|l| ina fable.\n|l| Regirock Fan#3\n|l| Lemurro\n|l| Schister\n|l| Jello1231\n|l|\u2606V4 Zigh\n","uploadtime":1699733943,"views":104,"p1id":"v4zigh","p2id":"arcticblast","formatid":"gen9doublesou","rating":0,"private":0,"password":""}