{"id":"gen9doublesou-1989601427","p1":"Gzerin","p2":"Vonglommer","format":"[Gen 9] Doubles OU","log":"|j|\u2606Gzerin\n|j|\u2606Vonglommer\n|t:|1699877329\n|gametype|doubles\n|player|p1|Gzerin|102|1183\n|player|p2|Vonglommer|lusamine-nihilego|1316\n|teamsize|p1|6\n|teamsize|p2|6\n|gen|9\n|tier|[Gen 9] Doubles OU\n|rated|\n|rule|Species Clause: Limit one of each Pok\u00e9mon\n|rule|OHKO Clause: OHKO moves are banned\n|rule|Evasion Moves Clause: Evasion moves are banned\n|rule|Gravity Sleep Clause: The combination of sleep-inducing moves with imperfect accuracy and Gravity or Gigantamax Orbeetle are banned\n|rule|Endless Battle Clause: Forcing endless battles is banned\n|rule|HP Percentage Mod: HP is shown in percentages\n|clearpoke\n|poke|p1|Articuno|\n|poke|p1|Ditto|\n|poke|p1|Garchomp, M|\n|poke|p1|Gliscor, M|\n|poke|p1|Mamoswine, M|\n|poke|p1|Infernape, M|\n|poke|p2|Sinistcha-Masterpiece|\n|poke|p2|Kommo-o, M|\n|poke|p2|Clefairy, F|\n|poke|p2|Regidrago|\n|poke|p2|Talonflame, F|\n|poke|p2|Rillaboom, M|\n|teampreview\n|c|\u2606Vonglommer|cool pokemon\n|\n|t:|1699877349\n|start\n|switch|p1a: Gliscor|Gliscor, M|100\/100\n|switch|p1b: Articuno|Articuno|100\/100\n|switch|p2a: Kommo-o|Kommo-o, M|100\/100\n|switch|p2b: Clefairy|Clefairy, F|100\/100\n|-ability|p1b: Articuno|Pressure\n|turn|1\n|c|\u2606Gzerin|thx yours too\n|c|\u2606Vonglommer|thank you\n|c|\u2606Vonglommer|i love funky dragons\n|\n|t:|1699877371\n|move|p2b: Clefairy|Follow Me|p2b: Clefairy\n|-singleturn|p2b: Clefairy|move: Follow Me\n|move|p1b: Articuno|Blizzard|p2a: Kommo-o|[spread] p2b\n|-miss|p1b: Articuno|p2a: Kommo-o\n|-damage|p2b: Clefairy|74\/100\n|-status|p2b: Clefairy|frz\n|move|p1a: Gliscor|Tailwind|p1a: Gliscor\n|-sidestart|p1: Gzerin|move: Tailwind\n|move|p2a: Kommo-o|Clangorous Soul|p2a: Kommo-o\n|-boost|p2a: Kommo-o|atk|1\n|-boost|p2a: Kommo-o|def|1\n|-boost|p2a: Kommo-o|spa|1\n|-boost|p2a: Kommo-o|spd|1\n|-boost|p2a: Kommo-o|spe|1\n|-damage|p2a: Kommo-o|68\/100\n|-enditem|p2a: Kommo-o|Throat Spray\n|-boost|p2a: Kommo-o|spa|1|[from] item: Throat Spray\n|\n|upkeep\n|turn|2\n|c|\u2606Gzerin|me too haha\n|\n|t:|1699877391\n|switch|p2b: Talonflame|Talonflame, F, shiny|100\/100\n|move|p2a: Kommo-o|Protect|p2a: Kommo-o\n|-singleturn|p2a: Kommo-o|Protect\n|move|p1b: Articuno|Blizzard|p2a: Kommo-o|[spread] p2b\n|-activate|p2a: Kommo-o|move: Protect\n|-damage|p2b: Talonflame|44\/100\n|move|p1a: Gliscor|Earthquake|p2a: Kommo-o|[spread] \n|-activate|p2a: Kommo-o|move: Protect\n|-immune|p1b: Articuno\n|-immune|p2b: Talonflame\n|\n|upkeep\n|turn|3\n|\n|t:|1699877411\n|-terastallize|p2a: Kommo-o|Steel\n|move|p1b: Articuno|Blizzard|p2a: Kommo-o|[spread] p2a\n|-miss|p1b: Articuno|p2b: Talonflame\n|-resisted|p2a: Kommo-o\n|-damage|p2a: Kommo-o|57\/100\n|move|p1a: Gliscor|Earthquake|p2b: Talonflame|[spread] p2a\n|-immune|p1b: Articuno\n|-immune|p2b: Talonflame\n|-supereffective|p2a: Kommo-o\n|-damage|p2a: Kommo-o|26\/100\n|move|p2b: Talonflame|Tailwind|p2b: Talonflame\n|-sidestart|p2: Vonglommer|move: Tailwind\n|move|p2a: Kommo-o|Clanging Scales|p1a: Gliscor|[spread] p1a,p1b\n|-damage|p1a: Gliscor|5\/100\n|-damage|p1b: Articuno|31\/100\n|-unboost|p2a: Kommo-o|def|1\n|\n|upkeep\n|turn|4\n|\n|t:|1699877433\n|switch|p1b: Ditto|Ditto|100\/100\n|-transform|p1b: Ditto|p2a: Kommo-o|[from] ability: Imposter\n|switch|p2b: Sinistcha|Sinistcha-Masterpiece|100\/100\n|-heal|p2a: Kommo-o|51\/100|[from] ability: Hospitality|[of] p2b: Sinistcha\n|move|p2a: Kommo-o|Clanging Scales|p1b: Ditto|[spread] p1a,p1b\n|-supereffective|p1b: Ditto\n|-damage|p1a: Gliscor|0 fnt\n|-damage|p1b: Ditto|0 fnt\n|faint|p1a: Gliscor\n|faint|p1b: Ditto\n|-unboost|p2a: Kommo-o|def|1\n|\n|-sideend|p1: Gzerin|move: Tailwind\n|upkeep\n|\n|t:|1699877459\n|switch|p1a: Infernape|Infernape, M|100\/100\n|switch|p1b: Mamoswine|Mamoswine, M|100\/100\n|turn|5\n|c|\u2606Vonglommer|i kinda wanna ditch this crazy setup i got rn\n|c|\u2606Vonglommer|to use my other strat\n|c|\u2606Vonglommer|taht i love so much\n|c|\u2606Vonglommer|it's deadass just a fuckin nuke\n|\n|t:|1699877505\n|move|p2a: Kommo-o|Clanging Scales|p1b: Mamoswine|[spread] p1a,p1b\n|-damage|p1a: Infernape|19\/100\n|-damage|p1b: Mamoswine|11\/100\n|-unboost|p2a: Kommo-o|def|1\n|move|p2b: Sinistcha|Strength Sap|p1b: Mamoswine\n|-unboost|p1b: Mamoswine|atk|1\n|move|p1a: Infernape|Flamethrower|p2a: Kommo-o\n|-supereffective|p2a: Kommo-o\n|-damage|p2a: Kommo-o|0 fnt\n|faint|p2a: Kommo-o\n|move|p1b: Mamoswine|Icicle Crash|p2b: Sinistcha\n|-supereffective|p2b: Sinistcha\n|-damage|p2b: Sinistcha|51\/100\n|\n|upkeep\n|c|\u2606Gzerin|i also used only pokemons I like and tried to do a start with them+\n|\n|t:|1699877514\n|switch|p2a: Regidrago|Regidrago|100\/100\n|turn|6\n|c|\u2606Vonglommer|kind of same\n|c|\u2606Vonglommer|i use like\n|c|\u2606Vonglommer|4 pokemon i like\n|c|\u2606Vonglommer|and 2 pokemon to fill so i can actually win\n|\n|t:|1699877545\n|move|p2b: Sinistcha|Rage Powder|p2b: Sinistcha\n|-singleturn|p2b: Sinistcha|move: Rage Powder\n|move|p2a: Regidrago|Dragon Energy|p1a: Infernape|[spread] p1a,p1b\n|-damage|p1a: Infernape|0 fnt\n|-damage|p1b: Mamoswine|0 fnt\n|faint|p1a: Infernape\n|faint|p1b: Mamoswine\n|\n|-sideend|p2: Vonglommer|move: Tailwind\n|upkeep\n|\n|t:|1699877553\n|switch|p1a: Articuno|Articuno|31\/100\n|switch|p1b: Garchomp|Garchomp, M|100\/100\n|-ability|p1a: Articuno|Pressure\n|-item|p1b: Garchomp|Air Balloon\n|turn|7\n|\n|t:|1699877572\n|switch|p2a: Clefairy|Clefairy, F|74\/100 frz\n|move|p2b: Sinistcha|Protect|p2b: Sinistcha\n|-singleturn|p2b: Sinistcha|Protect\n|move|p1a: Articuno|Blizzard|p2a: Clefairy|[spread] p2a\n|-activate|p2b: Sinistcha|move: Protect\n|-damage|p2a: Clefairy|47\/100 frz\n|move|p1b: Garchomp|Dragon Rush|p2a: Clefairy\n|-immune|p2a: Clefairy\n|\n|upkeep\n|turn|8\n|\n|t:|1699877598\n|move|p1a: Articuno|Blizzard|p2a: Clefairy|[spread] p2b\n|-miss|p1a: Articuno|p2a: Clefairy\n|-supereffective|p2b: Sinistcha\n|-damage|p2b: Sinistcha|0 fnt\n|faint|p2b: Sinistcha\n|move|p1b: Garchomp|Swords Dance|p1b: Garchomp\n|-boost|p1b: Garchomp|atk|2\n|-curestatus|p2a: Clefairy|frz|[msg]\n|move|p2a: Clefairy|Heal Pulse|p2: Sinistcha|[notarget]\n|-fail|p2a: Clefairy\n|\n|upkeep\n|\n|t:|1699877610\n|switch|p2b: Talonflame|Talonflame, F, shiny|44\/100\n|turn|9\n|\n|t:|1699877627\n|move|p2a: Clefairy|Follow Me|p2a: Clefairy\n|-singleturn|p2a: Clefairy|move: Follow Me\n|move|p1a: Articuno|Blizzard|p2a: Clefairy|[spread] p2b\n|-miss|p1a: Articuno|p2a: Clefairy\n|-damage|p2b: Talonflame|0 fnt\n|faint|p2b: Talonflame\n|move|p1b: Garchomp|Dragon Rush|p2a: Clefairy\n|-immune|p2a: Clefairy\n|\n|upkeep\n|\n|t:|1699877641\n|switch|p2b: Rillaboom|Rillaboom, M|100\/100\n|-fieldstart|move: Grassy Terrain|[from] ability: Grassy Surge|[of] p2b: Rillaboom\n|-enditem|p2b: Rillaboom|Grassy Seed\n|-boost|p2b: Rillaboom|def|1|[from] item: Grassy Seed\n|turn|10\n|\n|t:|1699877659\n|move|p2a: Clefairy|Follow Me|p2a: Clefairy\n|-singleturn|p2a: Clefairy|move: Follow Me\n|move|p2b: Rillaboom|Grassy Glide|p1a: Articuno\n|-resisted|p1a: Articuno\n|-damage|p1a: Articuno|12\/100\n|move|p1a: Articuno|Blizzard|p2a: Clefairy|[spread] p2b\n|-miss|p1a: Articuno|p2a: Clefairy\n|-supereffective|p2b: Rillaboom\n|-damage|p2b: Rillaboom|25\/100\n|move|p1b: Garchomp|Dragon Rush|p2a: Clefairy\n|-immune|p2a: Clefairy\n|\n|-heal|p2b: Rillaboom|32\/100|[from] Grassy Terrain\n|-heal|p2a: Clefairy|53\/100|[from] Grassy Terrain\n|upkeep\n|turn|11\n|\n|t:|1699877675\n|move|p2a: Clefairy|Follow Me|p2a: Clefairy\n|-singleturn|p2a: Clefairy|move: Follow Me\n|move|p2b: Rillaboom|Grassy Glide|p1a: Articuno\n|-resisted|p1a: Articuno\n|-crit|p1a: Articuno\n|-damage|p1a: Articuno|0 fnt\n|faint|p1a: Articuno\n|move|p1b: Garchomp|Earthquake|p2a: Clefairy|[spread] p2a,p2b\n|-resisted|p2b: Rillaboom\n|-damage|p2a: Clefairy|23\/100\n|-damage|p2b: Rillaboom|21\/100\n|\n|-heal|p2b: Rillaboom|27\/100|[from] Grassy Terrain\n|-heal|p2a: Clefairy|29\/100|[from] Grassy Terrain\n|upkeep\n|turn|12\n|\n|t:|1699877692\n|move|p2b: Rillaboom|Grassy Glide|p1b: Garchomp\n|-damage|p1b: Garchomp|70\/100\n|-damage|p2b: Rillaboom|15\/100|[from] ability: Rough Skin|[of] p1b: Garchomp\n|-enditem|p1b: Garchomp|Air Balloon\n|move|p1b: Garchomp|Earthquake|p2b: Rillaboom|[spread] p2a,p2b\n|-resisted|p2b: Rillaboom\n|-damage|p2a: Clefairy|0 fnt\n|-damage|p2b: Rillaboom|4\/100\n|faint|p2a: Clefairy\n|\n|-heal|p2b: Rillaboom|10\/100|[from] Grassy Terrain\n|-heal|p1b: Garchomp|76\/100|[from] Grassy Terrain\n|upkeep\n|\n|t:|1699877704\n|switch|p2a: Regidrago|Regidrago|100\/100\n|turn|13\n|\n|t:|1699877724\n|-terastallize|p1b: Garchomp|Dragon\n|move|p2a: Regidrago|Protect|p2a: Regidrago\n|-singleturn|p2a: Regidrago|Protect\n|move|p2b: Rillaboom|Wood Hammer|p1b: Garchomp\n|-resisted|p1b: Garchomp\n|-damage|p1b: Garchomp|47\/100\n|-damage|p2b: Rillaboom|0 fnt|[from] ability: Rough Skin|[of] p1b: Garchomp\n|faint|p2b: Rillaboom\n|move|p1b: Garchomp|Dragon Rush|p2a: Regidrago\n|-activate|p2a: Regidrago|move: Protect\n|\n|-heal|p1b: Garchomp|53\/100|[from] Grassy Terrain\n|upkeep\n|turn|14\n|c|\u2606Vonglommer|hmmm\n|c|\u2606Vonglommer|perhaps throwing was dumb\n|c|\u2606Gzerin|now arte the last standing\n|c|\u2606Gzerin|gg\n|c|\u2606Vonglommer|too bad\n|c|\u2606Vonglommer|i have tera fairy\n|c|\u2606Gzerin|I think your is faster\n|\n|t:|1699877772\n|move|p1b: Garchomp|Dragon Rush|p2a: Regidrago\n|-supereffective|p2a: Regidrago\n|-damage|p2a: Regidrago|0 fnt\n|faint|p2a: Regidrago\n|\n|win|Gzerin\n|raw|Gzerin's rating: 1183 &rarr; <strong>1217<\/strong><br \/>(+34 for winning)\n|raw|Vonglommer's rating: 1316 &rarr; <strong>1289<\/strong><br \/>(-27 for losing)\n","uploadtime":1699877490,"views":13,"p1id":"gzerin","p2id":"vonglommer","formatid":"gen9doublesou","rating":1217,"private":0,"password":""}