{"id":"gen9doublesou-1974450968","p1":"Min bruker","p2":"DingTest","format":"[Gen 9] Doubles OU","log":"|j|\u2606Min bruker\n|j|\u2606DingTest\n|t:|1698088040\n|gametype|doubles\n|player|p1|Min bruker|wallace|1079\n|player|p2|DingTest|dawn-gen4pt|1000\n|teamsize|p1|6\n|teamsize|p2|6\n|gen|9\n|tier|[Gen 9] Doubles OU\n|rated|\n|rule|Species Clause: Limit one of each Pok\u00e9mon\n|rule|OHKO Clause: OHKO moves are banned\n|rule|Evasion Moves Clause: Evasion moves are banned\n|rule|Gravity Sleep Clause: The combination of sleep-inducing moves with imperfect accuracy and Gravity or Gigantamax Orbeetle are banned\n|rule|Endless Battle Clause: Forcing endless battles is banned\n|rule|HP Percentage Mod: HP is shown in percentages\n|clearpoke\n|poke|p1|Ursaluna, F|\n|poke|p1|Cresselia, F|\n|poke|p1|Rillaboom, M|\n|poke|p1|Sinistcha|\n|poke|p1|Torkoal, M|\n|poke|p1|Flutter Mane|\n|poke|p2|Chien-Pao|\n|poke|p2|Tornadus, M|\n|poke|p2|Dragonite, M|\n|poke|p2|Chi-Yu|\n|poke|p2|Flutter Mane|\n|poke|p2|Landorus, M|\n|teampreview\n|inactive|Battle timer is ON: inactive players will automatically lose when time's up. (requested by DingTest)\n|inactive|Min bruker has 120 seconds left.\n|inactive|DingTest has 120 seconds left.\n|\n|t:|1698088088\n|start\n|switch|p1a: Cresselia|Cresselia, F|100\/100\n|switch|p1b: Ursaluna|Ursaluna, F|100\/100\n|switch|p2a: Flutter Mane|Flutter Mane|100\/100\n|switch|p2b: Chi-Yu|Chi-Yu|100\/100\n|-ability|p2b: Chi-Yu|Beads of Ruin\n|turn|1\n|inactive|Min bruker has 120 seconds left.\n|\n|t:|1698088147\n|-terastallize|p1a: Cresselia|Fighting\n|move|p2b: Chi-Yu|Dark Pulse|p1a: Cresselia\n|-resisted|p1a: Cresselia\n|-damage|p1a: Cresselia|86\/100\n|move|p2a: Flutter Mane|Shadow Ball|p1a: Cresselia\n|-damage|p1a: Cresselia|43\/100\n|move|p1b: Ursaluna|Headlong Rush|p2b: Chi-Yu\n|-supereffective|p2b: Chi-Yu\n|-damage|p2b: Chi-Yu|0 fnt\n|-unboost|p1b: Ursaluna|def|1\n|-unboost|p1b: Ursaluna|spd|1\n|faint|p2b: Chi-Yu\n|cant|p1a: Cresselia|flinch\n|\n|-status|p1b: Ursaluna|brn|[from] item: Flame Orb\n|upkeep\n|inactive|DingTest has 120 seconds left.\n|\n|t:|1698088173\n|switch|p2b: Tornadus|Tornadus, M|100\/100\n|turn|2\n|inactive|Min bruker has 120 seconds left.\n|\n|t:|1698088196\n|move|p2a: Flutter Mane|Shadow Ball|p1a: Cresselia\n|-damage|p1a: Cresselia|13\/100\n|move|p2b: Tornadus|Bleakwind Storm|p1a: Cresselia|[spread] p1a,p1b\n|-supereffective|p1a: Cresselia\n|-damage|p1a: Cresselia|0 fnt\n|-damage|p1b: Ursaluna|51\/100 brn\n|faint|p1a: Cresselia\n|move|p1b: Ursaluna|Headlong Rush|p2a: Flutter Mane\n|-damage|p2a: Flutter Mane|0 fnt\n|-unboost|p1b: Ursaluna|def|1\n|-unboost|p1b: Ursaluna|spd|1\n|faint|p2a: Flutter Mane\n|-end|p2a: Flutter Mane|Protosynthesis|[silent]\n|\n|-damage|p1b: Ursaluna|45\/100 brn|[from] brn\n|upkeep\n|inactive|Min bruker has 120 seconds left.\n|\n|t:|1698088224\n|switch|p2a: Landorus|Landorus, M|100\/100\n|switch|p1a: Sinistcha|Sinistcha|100\/100\n|-heal|p1b: Ursaluna|69\/100 brn|[from] ability: Hospitality|[of] p1a: Sinistcha\n|turn|3\n|inactive|Min bruker has 120 seconds left.\n|inactive|Min bruker has 90 seconds left.\n|\n|t:|1698088274\n|move|p1a: Sinistcha|Rage Powder|p1a: Sinistcha\n|-singleturn|p1a: Sinistcha|move: Rage Powder\n|move|p2b: Tornadus|Bleakwind Storm|p1a: Sinistcha|[spread] p1a,p1b\n|-supereffective|p1a: Sinistcha\n|-damage|p1a: Sinistcha|30\/100\n|-damage|p1b: Ursaluna|2\/100 brn\n|-unboost|p1b: Ursaluna|spe|1\n|-enditem|p1a: Sinistcha|Sitrus Berry|[eat]\n|-heal|p1a: Sinistcha|55\/100|[from] item: Sitrus Berry\n|move|p2a: Landorus|Sandsear Storm|p1a: Sinistcha|[spread] p1a,p1b\n|-resisted|p1a: Sinistcha\n|-damage|p1a: Sinistcha|27\/100\n|-damage|p1b: Ursaluna|0 fnt\n|faint|p1b: Ursaluna\n|\n|upkeep\n|\n|t:|1698088293\n|switch|p1b: Torkoal|Torkoal, M|100\/100\n|-weather|SunnyDay|[from] ability: Drought|[of] p1b: Torkoal\n|turn|4\n|inactive|Min bruker has 90 seconds left.\n|\n|t:|1698088328\n|move|p2b: Tornadus|Bleakwind Storm|p1a: Sinistcha|[spread] p1a\n|-miss|p2b: Tornadus|p1b: Torkoal\n|-supereffective|p1a: Sinistcha\n|-damage|p1a: Sinistcha|0 fnt\n|faint|p1a: Sinistcha\n|move|p2a: Landorus|Earth Power|p1b: Torkoal\n|-supereffective|p1b: Torkoal\n|-damage|p1b: Torkoal|0 fnt\n|faint|p1b: Torkoal\n|\n|-weather|SunnyDay|[upkeep]\n|upkeep\n|\n|t:|1698088337\n|switch|p1a: Flutter Mane|Flutter Mane|100\/100\n|switch|p1b: Rillaboom|Rillaboom, M|100\/100\n|-activate|p1a: Flutter Mane|ability: Protosynthesis\n|-start|p1a: Flutter Mane|protosynthesisspe\n|-fieldstart|move: Grassy Terrain|[from] ability: Grassy Surge|[of] p1b: Rillaboom\n|turn|5\n|\n|t:|1698088351\n|move|p2b: Tornadus|Protect|p2b: Tornadus\n|-singleturn|p2b: Tornadus|Protect\n|move|p2a: Landorus|Protect|p2a: Landorus\n|-singleturn|p2a: Landorus|Protect\n|move|p1b: Rillaboom|Fake Out|p2b: Tornadus\n|-activate|p2b: Tornadus|move: Protect\n|move|p1a: Flutter Mane|Dazzling Gleam|p2b: Tornadus|[spread] \n|-activate|p2a: Landorus|move: Protect\n|-activate|p2b: Tornadus|move: Protect\n|\n|-weather|SunnyDay|[upkeep]\n|upkeep\n|turn|6\n|inactive|Min bruker has 90 seconds left.\n|\n|t:|1698088374\n|move|p2b: Tornadus|Tailwind|p2b: Tornadus\n|-sidestart|p2: DingTest|move: Tailwind\n|move|p1b: Rillaboom|Grassy Glide|p2a: Landorus\n|-damage|p2a: Landorus|57\/100\n|move|p2a: Landorus|Sludge Bomb|p1a: Flutter Mane\n|-damage|p1a: Flutter Mane|53\/100\n|move|p1a: Flutter Mane|Dazzling Gleam|p2b: Tornadus|[spread] p2a,p2b\n|-damage|p2a: Landorus|0 fnt\n|-damage|p2b: Tornadus|36\/100\n|faint|p2a: Landorus\n|\n|-weather|SunnyDay|[upkeep]\n|-heal|p1a: Flutter Mane|59\/100|[from] Grassy Terrain\n|upkeep\n|\n|t:|1698088385\n|switch|p2a: Chien-Pao|Chien-Pao|100\/100\n|-ability|p2a: Chien-Pao|Sword of Ruin\n|turn|7\n|\n|t:|1698088398\n|move|p2a: Chien-Pao|Sucker Punch|p1a: Flutter Mane\n|-damage|p1a: Flutter Mane|0 fnt\n|faint|p1a: Flutter Mane\n|-end|p1a: Flutter Mane|Protosynthesis|[silent]\n|move|p2b: Tornadus|Bleakwind Storm|p1b: Rillaboom\n|-supereffective|p1b: Rillaboom\n|-damage|p1b: Rillaboom|0 fnt\n|faint|p1b: Rillaboom\n|\n|win|DingTest\n|raw|Min bruker's rating: 1079 &rarr; <strong>1052<\/strong><br \/>(-27 for losing)\n|raw|DingTest's rating: 1000 &rarr; <strong>1049<\/strong><br \/>(+49 for winning)\n","uploadtime":1698088402,"views":11,"p1id":"minbruker","p2id":"dingtest","formatid":"gen9doublesou","rating":1049,"private":0,"password":""}