{"id":"gen9doublesou-1987542407","p1":"Magiius","p2":"SWM gaming","format":"[Gen 9] Doubles OU","log":"|j|\u2606Magiius\n|j|\u2606SWM gaming\n|t:|1699609355\n|gametype|doubles\n|player|p1|Magiius|102|1331\n|player|p2|SWM gaming|265|1324\n|teamsize|p1|6\n|teamsize|p2|6\n|gen|9\n|tier|[Gen 9] Doubles OU\n|rated|\n|rule|Species Clause: Limit one of each Pok\u00e9mon\n|rule|OHKO Clause: OHKO moves are banned\n|rule|Evasion Moves Clause: Evasion moves are banned\n|rule|Gravity Sleep Clause: The combination of sleep-inducing moves with imperfect accuracy and Gravity or Gigantamax Orbeetle are banned\n|rule|Endless Battle Clause: Forcing endless battles is banned\n|rule|HP Percentage Mod: HP is shown in percentages\n|clearpoke\n|poke|p1|Ursaluna, F|\n|poke|p1|Armarouge, F|\n|poke|p1|Torkoal, F|\n|poke|p1|Amoonguss, F|\n|poke|p1|Dusclops, F|\n|poke|p1|Indeedee-F, F|\n|poke|p2|Palafin, M|\n|poke|p2|Armarouge, M|\n|poke|p2|Indeedee-F, F|\n|poke|p2|Dragonite, M|\n|poke|p2|Ursaluna-Bloodmoon, M|\n|poke|p2|Infernape, M|\n|teampreview\n|inactive|Battle timer is ON: inactive players will automatically lose when time's up. (requested by Magiius)\n|j| Thehombre\n|\n|t:|1699609363\n|start\n|switch|p1a: Amoonguss|Amoonguss, F|100\/100\n|switch|p1b: Dusclops|Dusclops, F|100\/100\n|switch|p2a: Armarouge|Armarouge, M|100\/100\n|switch|p2b: Palafin|Palafin, M|100\/100\n|-item|p2a: Armarouge|Weakness Policy|[from] ability: Frisk|[of] p1b: Dusclops|[identify]\n|-item|p2b: Palafin|Choice Scarf|[from] ability: Frisk|[of] p1b: Dusclops|[identify]\n|turn|1\n|\n|t:|1699609380\n|move|p1a: Amoonguss|Protect|p1a: Amoonguss\n|-singleturn|p1a: Amoonguss|Protect\n|move|p2b: Palafin|Flip Turn|p2a: Armarouge\n|-supereffective|p2a: Armarouge\n|-damage|p2a: Armarouge|60\/100\n|-ability|p2a: Armarouge|Weak Armor|boost\n|-unboost|p2a: Armarouge|def|1\n|-boost|p2a: Armarouge|spe|2\n|-enditem|p2a: Armarouge|Weakness Policy\n|-boost|p2a: Armarouge|atk|2|[from] item: Weakness Policy\n|-boost|p2a: Armarouge|spa|2|[from] item: Weakness Policy\n|\n|t:|1699609390\n|detailschange|p2b: Palafin|Palafin-Hero, M\n|switch|p2b: Indeedee|Indeedee-F, F|100\/100|[from] Flip Turn\n|-fieldstart|move: Psychic Terrain|[from] ability: Psychic Surge|[of] p2b: Indeedee\n|move|p2a: Armarouge|Expanding Force|p1a: Amoonguss|[spread] p1b\n|-activate|p1a: Amoonguss|move: Protect\n|-damage|p1b: Dusclops|43\/100\n|move|p1b: Dusclops|Trick Room|p1b: Dusclops\n|-fieldstart|move: Trick Room|[of] p1b: Dusclops\n|\n|upkeep\n|turn|2\n|\n|t:|1699609411\n|move|p2b: Indeedee|Follow Me|p2b: Indeedee\n|-singleturn|p2b: Indeedee|move: Follow Me\n|move|p1b: Dusclops|Haze|p1b: Dusclops\n|-clearallboost\n|move|p1a: Amoonguss|Spore|p2b: Indeedee\n|-status|p2b: Indeedee|slp|[from] move: Spore\n|move|p2a: Armarouge|Expanding Force|p1a: Amoonguss|[spread] p1a,p1b\n|-supereffective|p1a: Amoonguss\n|-damage|p1a: Amoonguss|26\/100\n|-damage|p1b: Dusclops|16\/100\n|\n|-heal|p1a: Amoonguss|33\/100|[from] item: Leftovers\n|upkeep\n|turn|3\n|\n|t:|1699609432\n|switch|p1b: Ursaluna|Ursaluna, F|100\/100\n|switch|p2a: Ursaluna|Ursaluna-Bloodmoon, M|100\/100\n|move|p1a: Amoonguss|Spore|p2a: Ursaluna\n|-status|p2a: Ursaluna|slp|[from] move: Spore\n|cant|p2b: Indeedee|slp\n|\n|-heal|p1a: Amoonguss|39\/100|[from] item: Leftovers\n|-status|p1b: Ursaluna|brn|[from] item: Flame Orb\n|upkeep\n|turn|4\n|\n|t:|1699609449\n|switch|p1a: Torkoal|Torkoal, F|100\/100\n|-weather|SunnyDay|[from] ability: Drought|[of] p1a: Torkoal\n|cant|p2a: Ursaluna|slp\n|-curestatus|p2b: Indeedee|slp|[msg]\n|move|p2b: Indeedee|Follow Me|p2b: Indeedee\n|-singleturn|p2b: Indeedee|move: Follow Me\n|move|p1b: Ursaluna|Facade|p2b: Indeedee\n|-damage|p2b: Indeedee|0 fnt\n|faint|p2b: Indeedee\n|\n|-weather|SunnyDay|[upkeep]\n|-damage|p1b: Ursaluna|94\/100 brn|[from] brn\n|upkeep\n|\n|t:|1699609467\n|switch|p2b: Palafin|Palafin-Hero, M|100\/100\n|-activate|p2b: Palafin|ability: Zero to Hero\n|turn|5\n|\n|t:|1699609476\n|move|p1a: Torkoal|Eruption|p2a: Ursaluna|[spread] p2a,p2b\n|-resisted|p2b: Palafin\n|-damage|p2a: Ursaluna|0 fnt\n|-damage|p2b: Palafin|48\/100\n|faint|p2a: Ursaluna\n|-damage|p1a: Torkoal|91\/100|[from] item: Life Orb\n|move|p1b: Ursaluna|Facade|p2b: Palafin\n|-damage|p2b: Palafin|0 fnt\n|faint|p2b: Palafin\n|\n|-weather|SunnyDay|[upkeep]\n|-damage|p1b: Ursaluna|88\/100 brn|[from] brn\n|-fieldend|move: Trick Room\n|-fieldend|move: Psychic Terrain\n|upkeep\n|c| Thehombre|Dang nice\n|\n|t:|1699609492\n|switch|p2b: Infernape|Infernape, M|100\/100\n|switch|p2a: Dragonite|Dragonite, M|100\/100\n|turn|6\n|c|\u2606Magiius|ye torkoal is op\n|\n|t:|1699609520\n|move|p1b: Ursaluna|Protect|p1b: Ursaluna\n|-singleturn|p1b: Ursaluna|Protect\n|move|p2b: Infernape|Mach Punch|p1b: Ursaluna\n|-activate|p1b: Ursaluna|move: Protect\n|move|p2a: Dragonite|Stone Edge|p1a: Torkoal\n|-supereffective|p1a: Torkoal\n|-damage|p1a: Torkoal|36\/100\n|move|p1a: Torkoal|Eruption|p2b: Infernape|[spread] p2a,p2b\n|-resisted|p2a: Dragonite\n|-resisted|p2b: Infernape\n|-damage|p2a: Dragonite|94\/100\n|-damage|p2b: Infernape|77\/100\n|-damage|p1a: Torkoal|26\/100|[from] item: Life Orb\n|\n|-weather|SunnyDay|[upkeep]\n|-damage|p1b: Ursaluna|82\/100 brn|[from] brn\n|upkeep\n|turn|7\n|inactive|Magiius has 120 seconds left.\n|\n|t:|1699609552\n|move|p2b: Infernape|Mach Punch|p1b: Ursaluna\n|-supereffective|p1b: Ursaluna\n|-damage|p1b: Ursaluna|45\/100 brn\n|move|p2a: Dragonite|Stone Edge|p1a: Torkoal\n|-supereffective|p1a: Torkoal\n|-damage|p1a: Torkoal|0 fnt\n|faint|p1a: Torkoal\n|move|p1b: Ursaluna|Ice Punch|p2a: Dragonite\n|-supereffective|p2a: Dragonite\n|-damage|p2a: Dragonite|0 fnt\n|faint|p2a: Dragonite\n|\n|-weather|SunnyDay|[upkeep]\n|-damage|p1b: Ursaluna|39\/100 brn|[from] brn\n|upkeep\n|\n|t:|1699609566\n|switch|p2a: Armarouge|Armarouge, M|60\/100\n|switch|p1a: Amoonguss|Amoonguss, F|72\/100\n|turn|8\n|\n|t:|1699609581\n|-terastallize|p2a: Armarouge|Psychic\n|move|p1a: Amoonguss|Rage Powder|p1a: Amoonguss\n|-singleturn|p1a: Amoonguss|move: Rage Powder\n|move|p2b: Infernape|Flare Blitz|p1a: Amoonguss\n|-supereffective|p1a: Amoonguss\n|-damage|p1a: Amoonguss|0 fnt\n|faint|p1a: Amoonguss\n|-damage|p2b: Infernape|42\/100|[from] Recoil\n|move|p2a: Armarouge|Armor Cannon|p1b: Ursaluna\n|-damage|p1b: Ursaluna|0 fnt\n|-unboost|p2a: Armarouge|def|1\n|-unboost|p2a: Armarouge|spd|1\n|faint|p1b: Ursaluna\n|\n|-weather|none\n|upkeep\n|\n|t:|1699609594\n|switch|p1b: Indeedee|Indeedee-F, F|100\/100\n|switch|p1a: Dusclops|Dusclops, F|16\/100\n|-fieldstart|move: Psychic Terrain|[from] ability: Psychic Surge|[of] p1b: Indeedee\n|-enditem|p1b: Indeedee|Psychic Seed\n|-boost|p1b: Indeedee|spd|1|[from] item: Psychic Seed\n|-item|p2b: Infernape|Expert Belt|[from] ability: Frisk|[of] p1a: Dusclops|[identify]\n|turn|9\n|\n|t:|1699609609\n|move|p2b: Infernape|Mach Punch|p1b: Indeedee\n|-activate|p1b: Indeedee|move: Psychic Terrain\n|move|p2a: Armarouge|Expanding Force|p1a: Dusclops|[spread] p1a,p1b\n|-resisted|p1b: Indeedee\n|-damage|p1a: Dusclops|0 fnt\n|-damage|p1b: Indeedee|80\/100\n|faint|p1a: Dusclops\n|move|p1b: Indeedee|Trick Room|p1b: Indeedee\n|-fieldstart|move: Trick Room|[of] p1b: Indeedee\n|\n|upkeep\n|\n|t:|1699609613\n|switch|p1a: Armarouge|Armarouge, F|100\/100\n|turn|10\n|\n|t:|1699609639\n|move|p1a: Armarouge|Expanding Force|p2b: Infernape|[spread] p2a,p2b\n|-resisted|p2a: Armarouge\n|-supereffective|p2b: Infernape\n|-damage|p2a: Armarouge|0 fnt\n|-damage|p2b: Infernape|0 fnt\n|faint|p2a: Armarouge\n|faint|p2b: Infernape\n|-damage|p1a: Armarouge|91\/100|[from] item: Life Orb\n|\n|win|Magiius\n|raw|Magiius's rating: 1331 &rarr; <strong>1351<\/strong><br \/>(+20 for winning)\n|raw|SWM gaming's rating: 1324 &rarr; <strong>1304<\/strong><br \/>(-20 for losing)\n|l|\u2606Magiius\n","uploadtime":1699609646,"views":9,"p1id":"magiius","p2id":"swmgaming","formatid":"gen9doublesou","rating":1304,"private":0,"password":""}