{"id":"gen9doublesou-1978278712","p1":"Championjolteons","p2":"riastylis","format":"[Gen 9] Doubles OU","log":"|j|\u2606Championjolteons\n|j|\u2606riastylis\n|t:|1698520180\n|gametype|doubles\n|player|p1|Championjolteons|steven|\n|player|p2|riastylis|veteran|\n|teamsize|p1|6\n|teamsize|p2|6\n|gen|9\n|tier|[Gen 9] Doubles OU\n|rule|Species Clause: Limit one of each Pok\u00e9mon\n|rule|OHKO Clause: OHKO moves are banned\n|rule|Evasion Moves Clause: Evasion moves are banned\n|rule|Gravity Sleep Clause: The combination of sleep-inducing moves with imperfect accuracy and Gravity or Gigantamax Orbeetle are banned\n|rule|Endless Battle Clause: Forcing endless battles is banned\n|rule|HP Percentage Mod: HP is shown in percentages\n|clearpoke\n|poke|p1|Cresselia, F|\n|poke|p1|Gyarados, M|\n|poke|p1|Krookodile, F|\n|poke|p1|Iron Jugulis|\n|poke|p1|Typhlosion-Hisui, M|\n|poke|p1|Lucario, F|\n|poke|p2|Iron Leaves|\n|poke|p2|Quaquaval, M|\n|poke|p2|Garchomp, M|\n|poke|p2|Volcarona, F|\n|poke|p2|Gholdengo|\n|poke|p2|Regieleki|\n|teampreview\n|\n|t:|1698520218\n|start\n|switch|p1a: Iron Jugulis|Iron Jugulis|100\/100\n|switch|p1b: Lucario|Lucario, F, shiny|100\/100\n|switch|p2a: Bon Clay|Quaquaval, M|100\/100\n|switch|p2b: Chopper|Iron Leaves|100\/100\n|-enditem|p1a: Iron Jugulis|Booster Energy\n|-activate|p1a: Iron Jugulis|ability: Quark Drive|[fromitem]\n|-start|p1a: Iron Jugulis|quarkdrivespe\n|-enditem|p2b: Chopper|Booster Energy\n|-activate|p2b: Chopper|ability: Quark Drive|[fromitem]\n|-start|p2b: Chopper|quarkdriveatk\n|turn|1\n|\n|t:|1698520263\n|-terastallize|p1b: Lucario|Normal\n|move|p1b: Lucario|Extreme Speed|p2a: Bon Clay\n|-damage|p2a: Bon Clay|50\/100\n|move|p1a: Iron Jugulis|Air Slash|p2a: Bon Clay\n|-supereffective|p2a: Bon Clay\n|-damage|p2a: Bon Clay|0 fnt\n|faint|p2a: Bon Clay\n|move|p2b: Chopper|Wild Charge|p1a: Iron Jugulis\n|-supereffective|p1a: Iron Jugulis\n|-damage|p1a: Iron Jugulis|9\/100\n|-damage|p2b: Chopper|77\/100|[from] Recoil\n|\n|upkeep\n|\n|t:|1698520276\n|switch|p2a: Gear4BounceMan|Regieleki, shiny|100\/100\n|turn|2\n|j| GoDDanteX\n|\n|t:|1698520292\n|move|p1b: Lucario|Extreme Speed|p2a: Gear4BounceMan\n|-damage|p2a: Gear4BounceMan|46\/100\n|move|p1a: Iron Jugulis|Dark Pulse|p2a: Gear4BounceMan\n|-damage|p2a: Gear4BounceMan|0 fnt\n|faint|p2a: Gear4BounceMan\n|move|p2b: Chopper|Leaf Blade|p1b: Lucario\n|-damage|p1b: Lucario|1\/100\n|\n|upkeep\n|j| Kevin Dickey12\n|\n|t:|1698520306\n|switch|p2a: Gild Tesoro|Gholdengo|100\/100\n|turn|3\n|\n|t:|1698520323\n|move|p1b: Lucario|Extreme Speed|p2b: Chopper\n|-damage|p2b: Chopper|30\/100\n|move|p1a: Iron Jugulis|Dark Pulse|p2b: Chopper\n|-supereffective|p2b: Chopper\n|-damage|p2b: Chopper|0 fnt\n|faint|p2b: Chopper\n|-end|p2b: Chopper|Quark Drive|[silent]\n|move|p2a: Gild Tesoro|Reflect|p2a: Gild Tesoro\n|-sidestart|p2: riastylis|Reflect\n|\n|upkeep\n|\n|t:|1698520333\n|switch|p2b: Cascade|Garchomp, M, shiny|100\/100\n|turn|4\n|\n|t:|1698520350\n|-terastallize|p2b: Cascade|Fairy\n|move|p1b: Lucario|Bullet Punch|p2a: Gild Tesoro\n|-resisted|p2a: Gild Tesoro\n|-damage|p2a: Gild Tesoro|95\/100\n|move|p1a: Iron Jugulis|Earth Power|p2a: Gild Tesoro\n|-supereffective|p2a: Gild Tesoro\n|-damage|p2a: Gild Tesoro|42\/100\n|move|p2b: Cascade|Swords Dance|p2b: Cascade\n|-boost|p2b: Cascade|atk|2\n|move|p2a: Gild Tesoro|Light Screen|p2a: Gild Tesoro\n|-sidestart|p2: riastylis|move: Light Screen\n|\n|upkeep\n|turn|5\n|\n|t:|1698520371\n|move|p1b: Lucario|Bullet Punch|p2b: Cascade\n|-supereffective|p2b: Cascade\n|-damage|p2b: Cascade|76\/100\n|-damage|p1b: Lucario|0 fnt|[from] ability: Rough Skin|[of] p2b: Cascade\n|faint|p1b: Lucario\n|move|p1a: Iron Jugulis|Air Slash|p2b: Cascade\n|-damage|p2b: Cascade|52\/100\n|cant|p2b: Cascade|flinch\n|move|p2a: Gild Tesoro|Flash Cannon|p1a: Iron Jugulis\n|-damage|p1a: Iron Jugulis|0 fnt\n|faint|p1a: Iron Jugulis\n|-end|p1a: Iron Jugulis|Quark Drive|[silent]\n|\n|upkeep\n|\n|t:|1698520387\n|switch|p1a: Shades|Krookodile, F|100\/100\n|switch|p1b: Gyarados|Gyarados, M, shiny|100\/100\n|-ability|p1a: Shades|Intimidate|boost\n|-unboost|p2a: Gild Tesoro|atk|1\n|-fail|p2b: Cascade|unboost|[from] item: Clear Amulet|[of] p2b: Cascade\n|-ability|p1b: Gyarados|Intimidate|boost\n|-unboost|p2a: Gild Tesoro|atk|1\n|-fail|p2b: Cascade|unboost|[from] item: Clear Amulet|[of] p2b: Cascade\n|turn|6\n|\n|t:|1698520411\n|move|p1a: Shades|Earthquake|p2a: Gild Tesoro|[spread] p2a,p2b\n|-immune|p1b: Gyarados\n|-supereffective|p2a: Gild Tesoro\n|-damage|p2a: Gild Tesoro|0 fnt\n|-damage|p2b: Cascade|23\/100\n|faint|p2a: Gild Tesoro\n|-damage|p1a: Shades|91\/100|[from] item: Life Orb\n|move|p2b: Cascade|Tera Blast|p1a: Shades|[anim] Tera Blast Fairy\n|-supereffective|p1a: Shades\n|-damage|p1a: Shades|0 fnt\n|faint|p1a: Shades\n|move|p1b: Gyarados|Ice Fang|p2b: Cascade\n|-damage|p2b: Cascade|9\/100\n|-status|p2b: Cascade|frz\n|-damage|p1b: Gyarados|88\/100|[from] ability: Rough Skin|[of] p2b: Cascade\n|\n|upkeep\n|\n|t:|1698520428\n|switch|p1a: Typhlosion|Typhlosion-Hisui, M|100\/100\n|switch|p2a: Mothra|Volcarona, F|100\/100\n|-item|p2a: Mothra|Sitrus Berry|[from] ability: Frisk|[of] p1a: Typhlosion|[identify]\n|-item|p2b: Cascade|Clear Amulet|[from] ability: Frisk|[of] p1a: Typhlosion|[identify]\n|turn|7\n|\n|t:|1698520445\n|move|p1a: Typhlosion|Eruption|p2a: Mothra|[spread] p2a,p2b\n|-damage|p2a: Mothra|69\/100\n|-damage|p2b: Cascade|0 fnt\n|faint|p2b: Cascade\n|move|p2a: Mothra|Will-O-Wisp|p1b: Gyarados\n|-status|p1b: Gyarados|brn\n|-enditem|p1b: Gyarados|Lum Berry|[eat]\n|-curestatus|p1b: Gyarados|brn|[msg]\n|move|p1b: Gyarados|Ice Fang|p2a: Mothra\n|-resisted|p2a: Mothra\n|-damage|p2a: Mothra|59\/100\n|-status|p1b: Gyarados|brn|[from] ability: Flame Body|[of] p2a: Mothra\n|\n|-damage|p1b: Gyarados|82\/100 brn|[from] brn\n|upkeep\n|turn|8\n|\n|t:|1698520465\n|switch|p1b: Cresselia|Cresselia, F, shiny|100\/100\n|move|p1a: Typhlosion|Eruption|p2a: Mothra\n|-damage|p2a: Mothra|20\/100\n|-enditem|p2a: Mothra|Sitrus Berry|[eat]\n|-heal|p2a: Mothra|45\/100|[from] item: Sitrus Berry\n|move|p2a: Mothra|Quiver Dance|p2a: Mothra\n|-boost|p2a: Mothra|spa|1\n|-boost|p2a: Mothra|spd|1\n|-boost|p2a: Mothra|spe|1\n|\n|upkeep\n|turn|9\n|\n|t:|1698520478\n|move|p1a: Typhlosion|Eruption|p2a: Mothra\n|-damage|p2a: Mothra|15\/100\n|move|p2a: Mothra|Bug Buzz|p1b: Cresselia\n|-supereffective|p1b: Cresselia\n|-damage|p1b: Cresselia|12\/100\n|move|p1b: Cresselia|Thunder Wave|p2a: Mothra\n|-status|p2a: Mothra|par\n|\n|upkeep\n|turn|10\n|\n|t:|1698520490\n|move|p1a: Typhlosion|Eruption|p2a: Mothra\n|-damage|p2a: Mothra|0 fnt\n|faint|p2a: Mothra\n|\n|win|Championjolteons\n","uploadtime":1698520496,"views":17,"p1id":"championjolteons","p2id":"riastylis","formatid":"gen9doublesou","rating":0,"private":0,"password":""}