{"id":"gen9doublesou-1990830068","p1":"EkCantDrawLol","p2":"willk_2008","format":"[Gen 9] Doubles OU","log":"|j|\u2606EkCantDrawLol\n|j|\u2606willk_2008\n|t:|1700005221\n|gametype|doubles\n|player|p1|EkCantDrawLol|skierf|1573\n|player|p2|willk_2008|lance|1561\n|teamsize|p1|6\n|teamsize|p2|6\n|gen|9\n|tier|[Gen 9] Doubles OU\n|rated|\n|rule|Species Clause: Limit one of each Pok\u00e9mon\n|rule|OHKO Clause: OHKO moves are banned\n|rule|Evasion Moves Clause: Evasion moves are banned\n|rule|Gravity Sleep Clause: The combination of sleep-inducing moves with imperfect accuracy and Gravity or Gigantamax Orbeetle are banned\n|rule|Endless Battle Clause: Forcing endless battles is banned\n|rule|HP Percentage Mod: HP is shown in percentages\n|clearpoke\n|poke|p1|Ogerpon-Hearthflame, F|\n|poke|p1|Kingambit, M|\n|poke|p1|Tornadus, M|\n|poke|p1|Flutter Mane|\n|poke|p1|Walking Wake|\n|poke|p1|Landorus-Therian, M|\n|poke|p2|Chien-Pao|\n|poke|p2|Flutter Mane|\n|poke|p2|Iron Hands|\n|poke|p2|Amoonguss, F|\n|poke|p2|Landorus-Therian, M|\n|poke|p2|Heatran, M|\n|teampreview\n|\n|t:|1700005237\n|start\n|switch|p1a: Landorus|Landorus-Therian, M, shiny|100\/100\n|switch|p1b: Kingambit|Kingambit, M|100\/100\n|switch|p2a: Iron Hands|Iron Hands|100\/100\n|switch|p2b: Flutter Mane|Flutter Mane|100\/100\n|-ability|p1a: Landorus|Intimidate|boost\n|-unboost|p2a: Iron Hands|atk|1\n|-unboost|p2b: Flutter Mane|atk|1\n|-enditem|p2b: Flutter Mane|Booster Energy\n|-activate|p2b: Flutter Mane|ability: Protosynthesis|[fromitem]\n|-start|p2b: Flutter Mane|protosynthesisspe\n|turn|1\n|\n|t:|1700005253\n|move|p2b: Flutter Mane|Protect|p2b: Flutter Mane\n|-singleturn|p2b: Flutter Mane|Protect\n|move|p1b: Kingambit|Protect|p1b: Kingambit\n|-singleturn|p1b: Kingambit|Protect\n|move|p2a: Iron Hands|Fake Out|p1a: Landorus\n|-damage|p1a: Landorus|88\/100\n|cant|p1a: Landorus|flinch\n|\n|upkeep\n|turn|2\n|\n|t:|1700005270\n|-end|p2b: Flutter Mane|Protosynthesis|[silent]\n|switch|p2b: Amoonguss|Amoonguss, F|100\/100\n|-terastallize|p1b: Kingambit|Grass\n|move|p1a: Landorus|Earthquake|p2b: Amoonguss|[spread] p1b,p2a,p2b\n|-resisted|p1b: Kingambit\n|-supereffective|p2a: Iron Hands\n|-damage|p1b: Kingambit|85\/100\n|-damage|p2a: Iron Hands|46\/100\n|-damage|p2b: Amoonguss|66\/100\n|move|p2a: Iron Hands|Heavy Slam|p1b: Kingambit\n|-damage|p1b: Kingambit|71\/100\n|move|p1b: Kingambit|Iron Head|p2b: Amoonguss\n|-damage|p2b: Amoonguss|30\/100\n|-enditem|p2b: Amoonguss|Sitrus Berry|[eat]\n|-heal|p2b: Amoonguss|55\/100|[from] item: Sitrus Berry\n|\n|upkeep\n|turn|3\n|j| Jiraiya Ogama\n|\n|t:|1700005295\n|move|p1a: Landorus|Earthquake|p2b: Amoonguss|[spread] p1b,p2a,p2b\n|-resisted|p1b: Kingambit\n|-supereffective|p2a: Iron Hands\n|-damage|p1b: Kingambit|56\/100\n|-damage|p2a: Iron Hands|0 fnt\n|-damage|p2b: Amoonguss|22\/100\n|faint|p2a: Iron Hands\n|-end|p2a: Iron Hands|Quark Drive|[silent]\n|move|p2b: Amoonguss|Pollen Puff|p2: Iron Hands|[notarget]\n|-fail|p2b: Amoonguss\n|move|p1b: Kingambit|Kowtow Cleave|p2b: Amoonguss\n|-damage|p2b: Amoonguss|0 fnt\n|faint|p2b: Amoonguss\n|\n|upkeep\n|inactive|Battle timer is ON: inactive players will automatically lose when time's up. (requested by EkCantDrawLol)\n|\n|t:|1700005306\n|switch|p2a: Landorus|Landorus-Therian, M|100\/100\n|switch|p2b: Heatran|Heatran, M|100\/100\n|-ability|p2a: Landorus|Intimidate|boost\n|-unboost|p1a: Landorus|atk|1\n|-unboost|p1b: Kingambit|atk|1\n|-ability|p1b: Kingambit|Defiant|boost\n|-boost|p1b: Kingambit|atk|2\n|-item|p2b: Heatran|Air Balloon\n|turn|4\n|\n|t:|1700005319\n|move|p1b: Kingambit|Sucker Punch|p2b: Heatran\n|-damage|p2b: Heatran|48\/100\n|-enditem|p2b: Heatran|Air Balloon\n|move|p1a: Landorus|Earthquake|p2a: Landorus|[spread] p1b,p2b\n|-immune|p2a: Landorus\n|-resisted|p1b: Kingambit\n|-supereffective|p2b: Heatran\n|-damage|p1b: Kingambit|46\/100\n|-damage|p2b: Heatran|0 fnt\n|-enditem|p1b: Kingambit|Sitrus Berry|[eat]\n|-heal|p1b: Kingambit|71\/100|[from] item: Sitrus Berry\n|faint|p2b: Heatran\n|move|p2a: Landorus|U-turn|p1b: Kingambit\n|-supereffective|p1b: Kingambit\n|-damage|p1b: Kingambit|11\/100\n|\n|t:|1700005332\n|switch|p2a: Chien-Pao|Chien-Pao|100\/100|[from] U-turn\n|-ability|p2a: Chien-Pao|Sword of Ruin\n|\n|upkeep\n|\n|t:|1700005336\n|switch|p2b: Flutter Mane|Flutter Mane|100\/100\n|turn|5\n|\n|t:|1700005341\n|move|p2b: Flutter Mane|Protect|p2b: Flutter Mane\n|-singleturn|p2b: Flutter Mane|Protect\n|move|p1b: Kingambit|Protect|p1b: Kingambit\n|-singleturn|p1b: Kingambit|Protect\n|move|p1a: Landorus|Earthquake|p2a: Chien-Pao|[spread] p2a\n|-activate|p1b: Kingambit|move: Protect\n|-activate|p2b: Flutter Mane|move: Protect\n|-damage|p2a: Chien-Pao|61\/100\n|move|p2a: Chien-Pao|Ice Spinner|p1a: Landorus\n|-supereffective|p1a: Landorus\n|-damage|p1a: Landorus|0 fnt\n|faint|p1a: Landorus\n|\n|upkeep\n|\n|t:|1700005356\n|switch|p1a: Ogerpon|Ogerpon-Hearthflame, F|100\/100\n|-ability|p1a: Ogerpon|Mold Breaker\n|turn|6\n|\n|t:|1700005364\n|-end|p2b: Flutter Mane|Protosynthesis|[silent]\n|switch|p2b: Landorus|Landorus-Therian, M|100\/100\n|-ability|p2b: Landorus|Intimidate|boost\n|-unboost|p1a: Ogerpon|atk|1\n|-unboost|p1b: Kingambit|atk|1\n|-ability|p1b: Kingambit|Defiant|boost\n|-boost|p1b: Kingambit|atk|2\n|move|p1b: Kingambit|Sucker Punch|p2a: Chien-Pao\n|-resisted|p2a: Chien-Pao\n|-damage|p2a: Chien-Pao|6\/100\n|move|p2a: Chien-Pao|Ice Spinner|p1b: Kingambit\n|-supereffective|p1b: Kingambit\n|-crit|p1b: Kingambit\n|-damage|p1b: Kingambit|0 fnt\n|faint|p1b: Kingambit\n|move|p1a: Ogerpon|Swords Dance|p1a: Ogerpon\n|-boost|p1a: Ogerpon|atk|2\n|\n|upkeep\n|\n|t:|1700005374\n|switch|p1b: Flutter Mane|Flutter Mane, shiny|100\/100\n|-enditem|p1b: Flutter Mane|Booster Energy\n|-activate|p1b: Flutter Mane|ability: Protosynthesis|[fromitem]\n|-start|p1b: Flutter Mane|protosynthesisspe\n|turn|7\n|\n|t:|1700005384\n|move|p1b: Flutter Mane|Icy Wind|p2a: Chien-Pao|[spread] p2a\n|-miss|p1b: Flutter Mane|p2b: Landorus\n|-resisted|p2a: Chien-Pao\n|-damage|p2a: Chien-Pao|0 fnt\n|faint|p2a: Chien-Pao\n|move|p1a: Ogerpon|Ivy Cudgel|p2b: Landorus|[anim] Ivy Cudgel Fire\n|-damage|p2b: Landorus|0 fnt\n|faint|p2b: Landorus\n|\n|upkeep\n|-message|willk_2008 forfeited.\n|\n|win|EkCantDrawLol\n|raw|EkCantDrawLol's rating: 1573 &rarr; <strong>1592<\/strong><br \/>(+19 for winning)\n|raw|willk_2008's rating: 1561 &rarr; <strong>1542<\/strong><br \/>(-19 for losing)\n|l|\u2606willk_2008\n","uploadtime":1700005397,"views":5,"p1id":"ekcantdrawlol","p2id":"willk2008","formatid":"gen9doublesou","rating":1542,"private":0,"password":""}