{"id":"gen9doublesou-1990850909","p1":"Kricketune is Best","p2":"pegasusilios119","format":"[Gen 9] Doubles OU","log":"|j|\u2606Kricketune is Best\n|j|\u2606pegasusilios119\n|t:|1700007511\n|gametype|doubles\n|player|p1|Kricketune is Best|benga|1048\n|player|p2|pegasusilios119|skierf-gen4dp|1094\n|teamsize|p1|6\n|teamsize|p2|6\n|gen|9\n|tier|[Gen 9] Doubles OU\n|rated|\n|rule|Species Clause: Limit one of each Pok\u00e9mon\n|rule|OHKO Clause: OHKO moves are banned\n|rule|Evasion Moves Clause: Evasion moves are banned\n|rule|Gravity Sleep Clause: The combination of sleep-inducing moves with imperfect accuracy and Gravity or Gigantamax Orbeetle are banned\n|rule|Endless Battle Clause: Forcing endless battles is banned\n|rule|HP Percentage Mod: HP is shown in percentages\n|clearpoke\n|poke|p1|Espathra, M|\n|poke|p1|Indeedee-F, F|\n|poke|p1|Breloom, M|\n|poke|p1|Garganacl, F|\n|poke|p1|Arcanine, F|\n|poke|p1|Ursaluna-Bloodmoon, M|\n|poke|p2|Tornadus, M|\n|poke|p2|Flutter Mane|\n|poke|p2|Typhlosion-Hisui, F|\n|poke|p2|Cresselia, F|\n|poke|p2|Heatran, M|\n|poke|p2|Roaring Moon|\n|teampreview\n|inactive|Battle timer is ON: inactive players will automatically lose when time's up. (requested by pegasusilios119)\n|c|\u2606pegasusilios119|glhf\n|c|\u2606pegasusilios119|no kricketune?\n|inactive|pegasusilios119 has 120 seconds left.\n|\n|t:|1700007559\n|start\n|switch|p1a: Indeedee|Indeedee-F, F|100\/100\n|switch|p1b: Espathra|Espathra, M|100\/100\n|switch|p2a: Tornadus|Tornadus, M|100\/100\n|switch|p2b: Flutter Mane|Flutter Mane|100\/100\n|-fieldstart|move: Psychic Terrain|[from] ability: Psychic Surge|[of] p1a: Indeedee\n|turn|1\n|c|\u2606Kricketune is Best|Kricketune is my favorite pokemon but sadly it's not that good\n|c|\u2606pegasusilios119|mm\n|\n|t:|1700007586\n|move|p1a: Indeedee|Fake Out|p2b: Flutter Mane\n|-activate|p2b: Flutter Mane|move: Psychic Terrain\n|move|p2a: Tornadus|Tailwind|p2a: Tornadus\n|-sidestart|p2: pegasusilios119|move: Tailwind\n|move|p2b: Flutter Mane|Taunt|p1a: Indeedee\n|-start|p1a: Indeedee|move: Taunt\n|move|p1b: Espathra|Lumina Crash|p2a: Tornadus\n|-damage|p2a: Tornadus|45\/100\n|-unboost|p2a: Tornadus|spd|2\n|\n|-ability|p1b: Espathra|Speed Boost|boost\n|-boost|p1b: Espathra|spe|1\n|upkeep\n|turn|2\n|c|\u2606pegasusilios119|its decent as a suicide pounce\/knock off\/sticky web lead in singles\n|inactive|Kricketune is Best has 120 seconds left.\n|c|\u2606Kricketune is Best|Yeah i made a team with Krookitune fell stinger national dex singles okish\n|inactive|Kricketune is Best has 90 seconds left.\n|\n|t:|1700007654\n|move|p2a: Tornadus|Sunny Day|p2a: Tornadus\n|-weather|SunnyDay\n|-activate|p2b: Flutter Mane|ability: Protosynthesis\n|-start|p2b: Flutter Mane|protosynthesisspa\n|move|p2b: Flutter Mane|Shadow Ball|p1b: Espathra\n|-supereffective|p1b: Espathra\n|-enditem|p1b: Espathra|Focus Sash\n|-damage|p1b: Espathra|1\/100\n|move|p1b: Espathra|Calm Mind|p1b: Espathra\n|-boost|p1b: Espathra|spa|1\n|-boost|p1b: Espathra|spd|1\n|move|p1a: Indeedee|Psychic|p2a: Tornadus\n|-damage|p2a: Tornadus|0 fnt\n|faint|p2a: Tornadus\n|\n|-weather|SunnyDay|[upkeep]\n|-ability|p1b: Espathra|Speed Boost|boost\n|-boost|p1b: Espathra|spe|1\n|upkeep\n|inactive|pegasusilios119 has 120 seconds left.\n|\n|t:|1700007669\n|switch|p2a: Typhlosion|Typhlosion-Hisui, F|100\/100\n|-item|p1a: Indeedee|Sitrus Berry|[from] ability: Frisk|[of] p2a: Typhlosion|[identify]\n|turn|3\n|inactive|Kricketune is Best has 90 seconds left.\n|\n|t:|1700007700\n|switch|p1a: Ursaluna|Ursaluna-Bloodmoon, M|100\/100\n|move|p2b: Flutter Mane|Dazzling Gleam|p1a: Ursaluna|[spread] p1a,p1b\n|-damage|p1a: Ursaluna|47\/100\n|-damage|p1b: Espathra|0 fnt\n|faint|p1b: Espathra\n|move|p2a: Typhlosion|Eruption|p1a: Ursaluna\n|-damage|p1a: Ursaluna|0 fnt\n|faint|p1a: Ursaluna\n|\n|-weather|SunnyDay|[upkeep]\n|upkeep\n|\n|t:|1700007724\n|switch|p1b: Indeedee|Indeedee-F, F|100\/100\n|switch|p1a: Garganacl|Garganacl, F|100\/100\n|turn|4\n|inactive|Kricketune is Best has 90 seconds left.\n|\n|t:|1700007744\n|move|p2b: Flutter Mane|Taunt|p1a: Garganacl\n|-start|p1a: Garganacl|move: Taunt\n|move|p2a: Typhlosion|Eruption|p1b: Indeedee|[spread] p1a,p1b\n|-resisted|p1a: Garganacl\n|-damage|p1a: Garganacl|58\/100\n|-damage|p1b: Indeedee|11\/100\n|-enditem|p1b: Indeedee|Sitrus Berry|[eat]\n|-heal|p1b: Indeedee|36\/100|[from] item: Sitrus Berry\n|move|p1b: Indeedee|Psychic|p2b: Flutter Mane\n|-damage|p2b: Flutter Mane|55\/100\n|move|p1a: Garganacl|Salt Cure|p2a: Typhlosion\n|-supereffective|p2a: Typhlosion\n|-damage|p2a: Typhlosion|57\/100\n|-start|p2a: Typhlosion|Salt Cure\n|\n|-weather|SunnyDay|[upkeep]\n|-heal|p1a: Garganacl|64\/100|[from] item: Leftovers\n|-damage|p2a: Typhlosion|44\/100|[from] Salt Cure\n|-sideend|p2: pegasusilios119|move: Tailwind\n|upkeep\n|turn|5\n|inactive|Kricketune is Best has 90 seconds left.\n|\n|t:|1700007774\n|move|p2b: Flutter Mane|Dazzling Gleam|p1b: Indeedee|[spread] p1a,p1b\n|-damage|p1a: Garganacl|21\/100\n|-damage|p1b: Indeedee|0 fnt\n|faint|p1b: Indeedee\n|move|p2a: Typhlosion|Heat Wave|p1a: Garganacl\n|-resisted|p1a: Garganacl\n|-damage|p1a: Garganacl|0 fnt\n|faint|p1a: Garganacl\n|\n|-weather|SunnyDay|[upkeep]\n|-damage|p2a: Typhlosion|32\/100|[from] Salt Cure\n|-fieldend|move: Psychic Terrain\n|upkeep\n|\n|t:|1700007785\n|switch|p1b: Arcanine|Arcanine, F|100\/100\n|switch|p1a: Breloom|Breloom, M|100\/100\n|-ability|p1b: Arcanine|Intimidate|boost\n|-unboost|p2a: Typhlosion|atk|1\n|-unboost|p2b: Flutter Mane|atk|1\n|turn|6\n|inactive|Kricketune is Best has 90 seconds left.\n|\n|t:|1700007810\n|move|p2b: Flutter Mane|Dazzling Gleam|p1a: Breloom|[spread] p1a,p1b\n|-supereffective|p1a: Breloom\n|-resisted|p1b: Arcanine\n|-damage|p1a: Breloom|0 fnt\n|-damage|p1b: Arcanine|70\/100\n|faint|p1a: Breloom\n|move|p2a: Typhlosion|Eruption|p1b: Arcanine\n|-resisted|p1b: Arcanine\n|-damage|p1b: Arcanine|42\/100\n|move|p1b: Arcanine|Crunch|p2a: Typhlosion\n|-supereffective|p2a: Typhlosion\n|-damage|p2a: Typhlosion|0 fnt\n|faint|p2a: Typhlosion\n|\n|-weather|none\n|-end|p2b: Flutter Mane|Protosynthesis\n|upkeep\n|\n|t:|1700007825\n|switch|p2a: Heatran|Heatran, M|100\/100\n|turn|7\n|-message|Kricketune is Best forfeited.\n|\n|win|pegasusilios119\n|raw|Kricketune is Best's rating: 1048 &rarr; <strong>1033<\/strong><br \/>(-15 for losing)\n|raw|pegasusilios119's rating: 1094 &rarr; <strong>1116<\/strong><br \/>(+22 for winning)\n|l|\u2606Kricketune is Best\n","uploadtime":1700007830,"views":26,"p1id":"kricketuneisbest","p2id":"pegasusilios119","formatid":"gen9doublesou","rating":1033,"private":0,"password":""}