{"id":"gen9doublesou-1985163716","p1":"Er Saski","p2":"Clea_Foxx96","format":"[Gen 9] Doubles OU","log":"|j|\u2606Er Saski\n|j|\u2606Clea_Foxx96\n|t:|1699341258\n|gametype|doubles\n|player|p1|Er Saski|ingo|1000\n|player|p2|Clea_Foxx96|bianca|1000\n|teamsize|p1|6\n|teamsize|p2|6\n|gen|9\n|tier|[Gen 9] Doubles OU\n|rated|\n|rule|Species Clause: Limit one of each Pok\u00e9mon\n|rule|OHKO Clause: OHKO moves are banned\n|rule|Evasion Moves Clause: Evasion moves are banned\n|rule|Gravity Sleep Clause: The combination of sleep-inducing moves with imperfect accuracy and Gravity or Gigantamax Orbeetle are banned\n|rule|Endless Battle Clause: Forcing endless battles is banned\n|rule|HP Percentage Mod: HP is shown in percentages\n|clearpoke\n|poke|p1|Cresselia, F|\n|poke|p1|Heatran, M|\n|poke|p1|Roaring Moon|\n|poke|p1|Moltres-Galar|\n|poke|p1|Landorus-Therian, M|\n|poke|p1|Ogerpon-Cornerstone, F|\n|poke|p2|Torterra, M|\n|poke|p2|Rotom-Wash|\n|poke|p2|Muk-Alola, F|\n|poke|p2|Volcarona, M|\n|poke|p2|Mimikyu, F|\n|poke|p2|Dudunsparce-*, F|\n|teampreview\n|\n|t:|1699341278\n|start\n|switch|p1a: Cresselia|Cresselia, F, shiny|100\/100\n|switch|p1b: Heatran|Heatran, M, shiny|100\/100\n|switch|p2a: Torterra|Torterra, M|100\/100\n|switch|p2b: Volcarona|Volcarona, M|100\/100\n|turn|1\n|\n|t:|1699341297\n|-terastallize|p2a: Torterra|Ground\n|move|p2b: Volcarona|Quiver Dance|p2b: Volcarona\n|-boost|p2b: Volcarona|spa|1\n|-boost|p2b: Volcarona|spd|1\n|-boost|p2b: Volcarona|spe|1\n|move|p2a: Torterra|Shell Smash|p2a: Torterra\n|-unboost|p2a: Torterra|def|1\n|-unboost|p2a: Torterra|spd|1\n|-boost|p2a: Torterra|atk|2\n|-boost|p2a: Torterra|spa|2\n|-boost|p2a: Torterra|spe|2\n|-enditem|p2a: Torterra|White Herb\n|-clearnegativeboost|p2a: Torterra|[silent]\n|move|p1a: Cresselia|Light Screen|p1a: Cresselia\n|-sidestart|p1: Er Saski|move: Light Screen\n|move|p1b: Heatran|Earth Power|p2b: Volcarona\n|-damage|p2b: Volcarona|76\/100\n|\n|upkeep\n|turn|2\n|\n|t:|1699341322\n|-terastallize|p1b: Heatran|Grass\n|move|p2b: Volcarona|Fiery Dance|p1a: Cresselia\n|-damage|p1a: Cresselia|75\/100\n|move|p2a: Torterra|Smack Down|p1a: Cresselia\n|-damage|p1a: Cresselia|54\/100\n|-start|p1a: Cresselia|Smack Down\n|move|p1a: Cresselia|Reflect|p1a: Cresselia\n|-sidestart|p1: Er Saski|Reflect\n|move|p1b: Heatran|Tera Blast|p2a: Torterra|[anim] Tera Blast Grass\n|-supereffective|p2a: Torterra\n|-damage|p2a: Torterra|0 fnt\n|faint|p2a: Torterra\n|\n|upkeep\n|\n|t:|1699341335\n|switch|p2a: Muk|Muk-Alola, F|100\/100\n|turn|3\n|\n|t:|1699341349\n|move|p2b: Volcarona|Bug Buzz|p1b: Heatran\n|-supereffective|p1b: Heatran\n|-damage|p1b: Heatran|38\/100\n|move|p1a: Cresselia|Dazzling Gleam|p2a: Muk|[spread] p2a,p2b\n|-resisted|p2b: Volcarona\n|-damage|p2a: Muk|91\/100\n|-damage|p2b: Volcarona|72\/100\n|move|p1b: Heatran|Earth Power|p2a: Muk\n|-supereffective|p2a: Muk\n|-enditem|p2a: Muk|Shuca Berry|[eat]\n|-enditem|p2a: Muk|Shuca Berry|[weaken]\n|-damage|p2a: Muk|61\/100\n|-unboost|p2a: Muk|spd|1\n|move|p2a: Muk|Acid Armor|p2a: Muk\n|-boost|p2a: Muk|def|2\n|\n|upkeep\n|turn|4\n|\n|t:|1699341371\n|move|p2a: Muk|Shadow Sneak|p1a: Cresselia\n|-supereffective|p1a: Cresselia\n|-damage|p1a: Cresselia|42\/100\n|move|p2b: Volcarona|Bug Buzz|p1b: Heatran\n|-supereffective|p1b: Heatran\n|-damage|p1b: Heatran|0 fnt\n|faint|p1b: Heatran\n|move|p1a: Cresselia|Lunar Blessing|p1a: Cresselia\n|-heal|p1a: Cresselia|67\/100\n|\n|upkeep\n|\n|t:|1699341383\n|switch|p1b: Landorus|Landorus-Therian, M|100\/100\n|-ability|p1b: Landorus|Intimidate|boost\n|-unboost|p2a: Muk|atk|1\n|-unboost|p2b: Volcarona|atk|1\n|turn|5\n|\n|t:|1699341395\n|move|p2b: Volcarona|Bug Buzz|p1a: Cresselia\n|-supereffective|p1a: Cresselia\n|-damage|p1a: Cresselia|10\/100\n|move|p1b: Landorus|Rock Slide|p2a: Muk|[spread] p2a,p2b\n|-supereffective|p2b: Volcarona\n|-damage|p2a: Muk|50\/100\n|-damage|p2b: Volcarona|0 fnt\n|faint|p2b: Volcarona\n|move|p1a: Cresselia|Dazzling Gleam|p2a: Muk\n|-damage|p2a: Muk|30\/100\n|move|p2a: Muk|Ice Punch|p1b: Landorus\n|-supereffective|p1b: Landorus\n|-damage|p1b: Landorus|56\/100\n|\n|upkeep\n|\n|t:|1699341410\n|switch|p2b: Rotom|Rotom-Wash|100\/100\n|turn|6\n|\n|t:|1699341418\n|move|p2a: Muk|Shadow Sneak|p1a: Cresselia\n|-supereffective|p1a: Cresselia\n|-damage|p1a: Cresselia|1\/100\n|move|p1b: Landorus|Rock Slide|p2a: Muk|[spread] p2a,p2b\n|-damage|p2a: Muk|20\/100\n|-damage|p2b: Rotom|76\/100\n|move|p2b: Rotom|Hydro Pump|p1b: Landorus|[miss]\n|-miss|p2b: Rotom|p1b: Landorus\n|move|p1a: Cresselia|Lunar Blessing|p1a: Cresselia|[spread] p1a,p1b\n|-heal|p1a: Cresselia|26\/100\n|-heal|p1b: Landorus|81\/100\n|\n|upkeep\n|turn|7\n|\n|t:|1699341437\n|move|p2a: Muk|Shadow Sneak|p1a: Cresselia\n|-supereffective|p1a: Cresselia\n|-damage|p1a: Cresselia|18\/100\n|move|p1b: Landorus|Rock Slide|p2b: Rotom|[spread] p2a,p2b\n|-crit|p2b: Rotom\n|-damage|p2a: Muk|10\/100\n|-damage|p2b: Rotom|38\/100\n|cant|p2b: Rotom|flinch\n|move|p1a: Cresselia|Dazzling Gleam|p2b: Rotom|[spread] p2a,p2b\n|-damage|p2a: Muk|0 fnt\n|-damage|p2b: Rotom|24\/100\n|faint|p2a: Muk\n|\n|upkeep\n|\n|t:|1699341448\n|switch|p2a: Mimikyu|Mimikyu, F|100\/100\n|turn|8\n|\n|t:|1699341456\n|move|p1b: Landorus|Rock Slide|p2b: Rotom|[spread] p2b\n|-miss|p1b: Landorus|p2a: Mimikyu\n|-damage|p2b: Rotom|0 fnt\n|faint|p2b: Rotom\n|move|p2a: Mimikyu|Swords Dance|p2a: Mimikyu\n|-boost|p2a: Mimikyu|atk|2\n|move|p1a: Cresselia|Lunar Blessing|p1a: Cresselia|[spread] p1a,p1b\n|-heal|p1a: Cresselia|43\/100\n|-heal|p1b: Landorus|100\/100\n|\n|-sideend|p1: Er Saski|move: Light Screen\n|upkeep\n|\n|t:|1699341468\n|switch|p2b: Dudunsparce|Dudunsparce-Three-Segment, F, shiny|100\/100\n|turn|9\n|\n|t:|1699341475\n|move|p2a: Mimikyu|Shadow Sneak|p1a: Cresselia\n|-supereffective|p1a: Cresselia\n|-damage|p1a: Cresselia|14\/100\n|move|p1b: Landorus|Rock Slide|p2b: Dudunsparce|[spread] p2a\n|-miss|p1b: Landorus|p2b: Dudunsparce\n|-activate|p2a: Mimikyu|ability: Disguise\n|-damage|p2a: Mimikyu|100\/100\n|detailschange|p2a: Mimikyu|Mimikyu-Busted, F\n|-damage|p2a: Mimikyu|88\/100|[from] pokemon: Mimikyu-Busted\n|move|p1a: Cresselia|Dazzling Gleam|p2b: Dudunsparce|[spread] p2a,p2b\n|-damage|p2a: Mimikyu|72\/100\n|-damage|p2b: Dudunsparce|90\/100\n|move|p2b: Dudunsparce|Calm Mind|p2b: Dudunsparce\n|-boost|p2b: Dudunsparce|spa|1\n|-boost|p2b: Dudunsparce|spd|1\n|\n|-heal|p2b: Dudunsparce|96\/100|[from] item: Leftovers\n|-sideend|p1: Er Saski|Reflect\n|upkeep\n|turn|10\n|\n|t:|1699341495\n|move|p2a: Mimikyu|Shadow Sneak|p1a: Cresselia\n|-supereffective|p1a: Cresselia\n|-damage|p1a: Cresselia|0 fnt\n|faint|p1a: Cresselia\n|move|p1b: Landorus|Rock Slide|p2b: Dudunsparce|[spread] p2b\n|-miss|p1b: Landorus|p2a: Mimikyu\n|-damage|p2b: Dudunsparce|83\/100\n|move|p2b: Dudunsparce|Calm Mind|p2b: Dudunsparce\n|-boost|p2b: Dudunsparce|spa|1\n|-boost|p2b: Dudunsparce|spd|1\n|\n|-heal|p2b: Dudunsparce|89\/100|[from] item: Leftovers\n|upkeep\n|\n|t:|1699341517\n|switch|p1a: Ogerpon|Ogerpon-Cornerstone, F|100\/100\n|turn|11\n|\n|t:|1699341537\n|move|p1b: Landorus|Rock Slide|p2b: Dudunsparce|[spread] p2a,p2b\n|-crit|p2b: Dudunsparce\n|-damage|p2a: Mimikyu|37\/100\n|-damage|p2b: Dudunsparce|70\/100\n|move|p1a: Ogerpon|Ivy Cudgel|p2b: Dudunsparce\n|-damage|p2b: Dudunsparce|34\/100\n|move|p2a: Mimikyu|Drain Punch|p1a: Ogerpon\n|-supereffective|p1a: Ogerpon\n|-ability|p1a: Ogerpon|Sturdy\n|-damage|p1a: Ogerpon|1\/100\n|-heal|p2a: Mimikyu|97\/100|[from] drain|[of] p1a: Ogerpon\n|move|p2b: Dudunsparce|Boomburst|p1a: Ogerpon|[spread] p1a,p1b\n|-immune|p2a: Mimikyu\n|-resisted|p1a: Ogerpon\n|-damage|p1a: Ogerpon|0 fnt\n|-damage|p1b: Landorus|37\/100\n|faint|p1a: Ogerpon\n|\n|-heal|p2b: Dudunsparce|40\/100|[from] item: Leftovers\n|upkeep\n|\n|t:|1699341555\n|switch|p1a: Roaring Moon|Roaring Moon|100\/100\n|-enditem|p1a: Roaring Moon|Booster Energy\n|-activate|p1a: Roaring Moon|ability: Protosynthesis|[fromitem]\n|-start|p1a: Roaring Moon|protosynthesisspe\n|turn|12\n|\n|t:|1699341568\n|move|p1a: Roaring Moon|Acrobatics|p2b: Dudunsparce\n|-damage|p2b: Dudunsparce|14\/100\n|move|p1b: Landorus|Rock Slide|p2a: Mimikyu|[spread] p2a,p2b\n|-damage|p2a: Mimikyu|67\/100\n|-damage|p2b: Dudunsparce|1\/100\n|move|p2a: Mimikyu|Play Rough|p1a: Roaring Moon\n|-supereffective|p1a: Roaring Moon\n|-damage|p1a: Roaring Moon|0 fnt\n|faint|p1a: Roaring Moon\n|-end|p1a: Roaring Moon|Protosynthesis|[silent]\n|move|p2b: Dudunsparce|Roost|p2b: Dudunsparce\n|-heal|p2b: Dudunsparce|51\/100\n|-singleturn|p2b: Dudunsparce|move: Roost\n|\n|-heal|p2b: Dudunsparce|57\/100|[from] item: Leftovers\n|upkeep\n|\n|t:|1699341582\n|switch|p1a: Moltres|Moltres-Galar|100\/100\n|turn|13\n|\n|t:|1699341595\n|move|p2a: Mimikyu|Shadow Sneak|p1b: Landorus\n|-damage|p1b: Landorus|5\/100\n|move|p1b: Landorus|Rock Slide|p2a: Mimikyu|[spread] p2a,p2b\n|-damage|p2a: Mimikyu|32\/100\n|-damage|p2b: Dudunsparce|44\/100\n|move|p1a: Moltres|Fiery Wrath|p2b: Dudunsparce|[spread] p2a,p2b\n|-crit|p2a: Mimikyu\n|-damage|p2a: Mimikyu|0 fnt\n|-damage|p2b: Dudunsparce|28\/100\n|-ability|p2b: Dudunsparce|Rattled|boost\n|-boost|p2b: Dudunsparce|spe|1\n|faint|p2a: Mimikyu\n|move|p2b: Dudunsparce|Boomburst|p1b: Landorus|[spread] p1a,p1b\n|-damage|p1a: Moltres|42\/100\n|-damage|p1b: Landorus|0 fnt\n|faint|p1b: Landorus\n|-ability|p1a: Moltres|Berserk|boost\n|-boost|p1a: Moltres|spa|1\n|\n|-heal|p2b: Dudunsparce|35\/100|[from] item: Leftovers\n|upkeep\n|turn|14\n|\n|t:|1699341613\n|move|p1a: Moltres|Fiery Wrath|p2b: Dudunsparce\n|-damage|p2b: Dudunsparce|3\/100\n|-ability|p2b: Dudunsparce|Rattled|boost\n|-boost|p2b: Dudunsparce|spe|1\n|move|p2b: Dudunsparce|Roost|p2b: Dudunsparce\n|-heal|p2b: Dudunsparce|53\/100\n|-singleturn|p2b: Dudunsparce|move: Roost\n|\n|-heal|p2b: Dudunsparce|59\/100|[from] item: Leftovers\n|upkeep\n|turn|15\n|\n|t:|1699341624\n|move|p2b: Dudunsparce|Roost|p2b: Dudunsparce\n|-heal|p2b: Dudunsparce|100\/100\n|-singleturn|p2b: Dudunsparce|move: Roost\n|move|p1a: Moltres|Fiery Wrath|p2b: Dudunsparce\n|-damage|p2b: Dudunsparce|73\/100\n|-ability|p2b: Dudunsparce|Rattled|boost\n|-boost|p2b: Dudunsparce|spe|1\n|\n|-heal|p2b: Dudunsparce|79\/100|[from] item: Leftovers\n|upkeep\n|turn|16\n|\n|t:|1699341635\n|move|p2b: Dudunsparce|Boomburst|p1a: Moltres\n|-damage|p1a: Moltres|0 fnt\n|faint|p1a: Moltres\n|\n|win|Clea_Foxx96\n|raw|Er Saski's rating: 1000 &rarr; <strong>1000<\/strong><br \/>(+0 for losing)\n|raw|Clea_Foxx96's rating: 1000 &rarr; <strong>1040<\/strong><br \/>(+40 for winning)\n|c|\u2606Er Saski|GG\n|c|\u2606Clea_Foxx96|GG\n","uploadtime":1699341641,"views":9,"p1id":"ersaski","p2id":"cleafoxx96","formatid":"gen9doublesou","rating":1000,"private":0,"password":""}