{"id":"gen9doublesou-1993122022","p1":"ItzGreedy","p2":"Todaisal","format":"[Gen 9] Doubles OU","log":"|j|\u2606ItzGreedy\n|j|\u2606Todaisal\n|t:|1700267350\n|gametype|doubles\n|player|p1|ItzGreedy|riley|1233\n|player|p2|Todaisal|101|1238\n|teamsize|p1|6\n|teamsize|p2|6\n|gen|9\n|tier|[Gen 9] Doubles OU\n|rated|\n|rule|Species Clause: Limit one of each Pok\u00e9mon\n|rule|OHKO Clause: OHKO moves are banned\n|rule|Evasion Moves Clause: Evasion moves are banned\n|rule|Gravity Sleep Clause: The combination of sleep-inducing moves with imperfect accuracy and Gravity or Gigantamax Orbeetle are banned\n|rule|Endless Battle Clause: Forcing endless battles is banned\n|rule|HP Percentage Mod: HP is shown in percentages\n|clearpoke\n|poke|p1|Politoed, F|\n|poke|p1|Sinistcha-Masterpiece|\n|poke|p1|Ludicolo, F|\n|poke|p1|Tornadus, M|\n|poke|p1|Basculegion-F, F|\n|poke|p1|Iron Bundle|\n|poke|p2|Oricorio-Pom-Pom, M|\n|poke|p2|Volcarona, F|\n|poke|p2|Grimmsnarl, M|\n|poke|p2|Lilligant-Hisui, F|\n|poke|p2|Krookodile, F|\n|poke|p2|Ninetales, M|\n|teampreview\n|\n|t:|1700267376\n|start\n|switch|p1a: Tornadus|Tornadus, M, shiny|100\/100\n|switch|p1b: Iron Bundle|Iron Bundle, shiny|100\/100\n|switch|p2a: Oricorio|Oricorio-Pom-Pom, M|100\/100\n|switch|p2b: Grimmsnarl|Grimmsnarl, M|100\/100\n|-enditem|p1b: Iron Bundle|Booster Energy\n|-activate|p1b: Iron Bundle|ability: Quark Drive|[fromitem]\n|-start|p1b: Iron Bundle|quarkdrivespe\n|turn|1\n|\n|t:|1700267395\n|switch|p1a: Politoed|Politoed, F|100\/100\n|-weather|RainDance|[from] ability: Drizzle|[of] p1a: Politoed\n|-terastallize|p1b: Iron Bundle|Ice\n|move|p2b: Grimmsnarl|Fake Out|p1b: Iron Bundle\n|-damage|p1b: Iron Bundle|87\/100\n|cant|p1b: Iron Bundle|flinch\n|move|p2a: Oricorio|Quiver Dance|p2a: Oricorio\n|-boost|p2a: Oricorio|spa|1\n|-boost|p2a: Oricorio|spd|1\n|-boost|p2a: Oricorio|spe|1\n|\n|-weather|RainDance|[upkeep]\n|upkeep\n|turn|2\n|\n|t:|1700267414\n|move|p2b: Grimmsnarl|Light Screen|p2b: Grimmsnarl\n|-sidestart|p2: Todaisal|move: Light Screen\n|move|p1b: Iron Bundle|Freeze-Dry|p2a: Oricorio\n|-supereffective|p2a: Oricorio\n|-damage|p2a: Oricorio|56\/100\n|move|p2a: Oricorio|Quiver Dance|p2a: Oricorio\n|-boost|p2a: Oricorio|spa|1\n|-boost|p2a: Oricorio|spd|1\n|-boost|p2a: Oricorio|spe|1\n|move|p1a: Politoed|Belly Drum|p1a: Politoed\n|-damage|p1a: Politoed|50\/100\n|-setboost|p1a: Politoed|atk|6|[from] move: Belly Drum\n|-enditem|p1a: Politoed|Sitrus Berry|[eat]\n|-heal|p1a: Politoed|75\/100|[from] item: Sitrus Berry\n|\n|-weather|RainDance|[upkeep]\n|-heal|p2a: Oricorio|62\/100|[from] item: Leftovers\n|upkeep\n|turn|3\n|\n|t:|1700267433\n|-end|p1b: Iron Bundle|Quark Drive|[silent]\n|switch|p1b: Sinistcha|Sinistcha-Masterpiece, shiny|100\/100\n|-heal|p1a: Politoed|100\/100|[from] ability: Hospitality|[of] p1b: Sinistcha\n|move|p2b: Grimmsnarl|Parting Shot|p1b: Sinistcha\n|-unboost|p1b: Sinistcha|atk|1\n|-unboost|p1b: Sinistcha|spa|1\n|\n|t:|1700267441\n|switch|p2b: Ninetales|Ninetales, M|100\/100|[from] Parting Shot\n|-weather|SunnyDay|[from] ability: Drought|[of] p2b: Ninetales\n|move|p2a: Oricorio|Revelation Dance|p1a: Politoed\n|-supereffective|p1a: Politoed\n|-damage|p1a: Politoed|0 fnt\n|faint|p1a: Politoed\n|\n|-weather|SunnyDay|[upkeep]\n|-heal|p2a: Oricorio|69\/100|[from] item: Leftovers\n|upkeep\n|\n|t:|1700267457\n|switch|p1a: Tornadus|Tornadus, M, shiny|100\/100\n|turn|4\n|\n|t:|1700267464\n|switch|p2b: Grimmsnarl|Grimmsnarl, M|100\/100\n|switch|p1b: Basculegion|Basculegion-F, F, shiny|100\/100\n|move|p1a: Tornadus|Rain Dance|p1a: Tornadus\n|-weather|RainDance\n|move|p2a: Oricorio|Revelation Dance|p1a: Tornadus\n|-supereffective|p1a: Tornadus\n|-damage|p1a: Tornadus|0 fnt\n|faint|p1a: Tornadus\n|\n|-weather|RainDance|[upkeep]\n|-heal|p2a: Oricorio|75\/100|[from] item: Leftovers\n|upkeep\n|\n|t:|1700267477\n|switch|p1a: Ludicolo|Ludicolo, F, shiny|100\/100\n|turn|5\n|\n|t:|1700267487\n|move|p2b: Grimmsnarl|Reflect|p2b: Grimmsnarl\n|-sidestart|p2: Todaisal|Reflect\n|move|p1a: Ludicolo|Weather Ball|p2b: Grimmsnarl\n|-damage|p2b: Grimmsnarl|50\/100\n|-damage|p1a: Ludicolo|91\/100|[from] item: Life Orb\n|move|p2a: Oricorio|Revelation Dance|p1b: Basculegion\n|-supereffective|p1b: Basculegion\n|-damage|p1b: Basculegion|24\/100\n|move|p1b: Basculegion|Last Respects|p2a: Oricorio\n|-damage|p2a: Oricorio|42\/100\n|\n|-weather|RainDance|[upkeep]\n|-heal|p2a: Oricorio|49\/100|[from] item: Leftovers\n|upkeep\n|turn|6\n|-message|ItzGreedy forfeited.\n|\n|win|Todaisal\n|raw|ItzGreedy's rating: 1233 &rarr; <strong>1208<\/strong><br \/>(-25 for losing)\n|raw|Todaisal's rating: 1238 &rarr; <strong>1263<\/strong><br \/>(+25 for winning)\n|l|\u2606ItzGreedy\n","uploadtime":1700267511,"views":5,"p1id":"itzgreedy","p2id":"todaisal","formatid":"gen9doublesou","rating":1208,"private":0,"password":""}