{"id":"gen9doublesou-1971261101","p1":"Odj1022","p2":"MattCol","format":"[Gen 9] Doubles OU","log":"|j|\u2606Odj1022\n|j|\u2606MattCol\n|t:|1697724594\n|gametype|doubles\n|player|p1|Odj1022|alder|1115\n|player|p2|MattCol|crasherwake|1244\n|teamsize|p1|6\n|teamsize|p2|6\n|gen|9\n|tier|[Gen 9] Doubles OU\n|rated|\n|rule|Species Clause: Limit one of each Pok\u00e9mon\n|rule|OHKO Clause: OHKO moves are banned\n|rule|Evasion Moves Clause: Evasion moves are banned\n|rule|Gravity Sleep Clause: The combination of sleep-inducing moves with imperfect accuracy and Gravity or Gigantamax Orbeetle are banned\n|rule|Endless Battle Clause: Forcing endless battles is banned\n|rule|HP Percentage Mod: HP is shown in percentages\n|clearpoke\n|poke|p1|Spiritomb, F|\n|poke|p1|Iron Hands|\n|poke|p1|Amoonguss, F|\n|poke|p1|Camerupt, F|\n|poke|p1|Hatterene, F|\n|poke|p1|Garganacl, M|\n|poke|p2|Quaquaval, F|\n|poke|p2|Baxcalibur, F|\n|poke|p2|Cinderace, F|\n|poke|p2|Slowbro-Galar, M|\n|poke|p2|Zarude-Dada|\n|poke|p2|Pelipper, M|\n|teampreview\n|\n|t:|1697724607\n|start\n|switch|p1a: Spiritomb|Spiritomb, F, shiny|100\/100\n|switch|p1b: Iron Hands|Iron Hands|100\/100\n|switch|p2a: Cinderace|Cinderace, F|100\/100\n|switch|p2b: Slowbro|Slowbro-Galar, M|100\/100\n|turn|1\n|\n|t:|1697724618\n|move|p2a: Cinderace|U-turn|p1a: Spiritomb\n|-start|p2a: Cinderace|typechange|Bug|[from] ability: Libero\n|-damage|p1a: Spiritomb|66\/100\n|\n|t:|1697724623\n|switch|p2a: Pelipper|Pelipper, M|100\/100|[from] U-turn\n|-weather|RainDance|[from] ability: Drizzle|[of] p2a: Pelipper\n|move|p1b: Iron Hands|Belly Drum|p1b: Iron Hands\n|-damage|p1b: Iron Hands|50\/100\n|-setboost|p1b: Iron Hands|atk|6|[from] move: Belly Drum\n|-enditem|p1b: Iron Hands|Sitrus Berry|[eat]\n|-heal|p1b: Iron Hands|75\/100|[from] item: Sitrus Berry\n|move|p2b: Slowbro|Nasty Plot|p2b: Slowbro\n|-boost|p2b: Slowbro|spa|2\n|move|p1a: Spiritomb|Trick Room|p1a: Spiritomb\n|-fieldstart|move: Trick Room|[of] p1a: Spiritomb\n|\n|-weather|RainDance|[upkeep]\n|upkeep\n|turn|2\n|-activate|p2b: Slowbro|ability: Quick Draw\n|\n|t:|1697724664\n|switch|p1a: Camerupt|Camerupt, F, shiny|100\/100\n|move|p1b: Iron Hands|Protect|p1b: Iron Hands\n|-singleturn|p1b: Iron Hands|Protect\n|move|p2a: Pelipper|Wide Guard|p2a: Pelipper\n|-singleturn|p2a: Pelipper|Wide Guard\n|move|p2b: Slowbro|Psychic|p1b: Iron Hands\n|-activate|p1b: Iron Hands|move: Protect\n|\n|-weather|RainDance|[upkeep]\n|upkeep\n|turn|3\n|\n|t:|1697724684\n|-terastallize|p1a: Camerupt|Grass\n|move|p2b: Slowbro|Psychic|p1b: Iron Hands\n|-supereffective|p1b: Iron Hands\n|-damage|p1b: Iron Hands|0 fnt\n|faint|p1b: Iron Hands\n|-end|p1b: Iron Hands|Quark Drive|[silent]\n|move|p1a: Camerupt|Earth Power|p2b: Slowbro\n|-supereffective|p2b: Slowbro\n|-damage|p2b: Slowbro|0 fnt\n|faint|p2b: Slowbro\n|move|p2a: Pelipper|Hydro Pump|p1a: Camerupt\n|-resisted|p1a: Camerupt\n|-damage|p1a: Camerupt|56\/100\n|\n|-weather|RainDance|[upkeep]\n|upkeep\n|inactive|Battle timer is ON: inactive players will automatically lose when time's up. (requested by Odj1022)\n|\n|t:|1697724710\n|switch|p2b: Quaquaval|Quaquaval, F|100\/100\n|switch|p1b: Amoonguss|Amoonguss, F, shiny|100\/100\n|turn|4\n|\n|t:|1697724724\n|switch|p1a: Garganacl|Garganacl, M|100\/100\n|move|p1b: Amoonguss|Spore|p2b: Quaquaval\n|-status|p2b: Quaquaval|slp|[from] move: Spore\n|move|p2a: Pelipper|Hurricane|p1a: Garganacl\n|-resisted|p1a: Garganacl\n|-damage|p1a: Garganacl|87\/100\n|-start|p1a: Garganacl|confusion\n|cant|p2b: Quaquaval|slp\n|\n|-weather|RainDance|[upkeep]\n|-heal|p1a: Garganacl|94\/100|[from] item: Leftovers\n|upkeep\n|turn|5\n|\n|t:|1697724753\n|move|p1b: Amoonguss|Pollen Puff|p2a: Pelipper\n|-resisted|p2a: Pelipper\n|-damage|p2a: Pelipper|91\/100\n|-enditem|p2a: Pelipper|Eject Button\n|\n|t:|1697724765\n|switch|p2a: Cinderace|Cinderace, F|100\/100\n|-activate|p1a: Garganacl|confusion\n|move|p1a: Garganacl|Salt Cure|p2b: Quaquaval\n|-resisted|p2b: Quaquaval\n|-damage|p2b: Quaquaval|92\/100 slp\n|-start|p2b: Quaquaval|Salt Cure\n|-curestatus|p2b: Quaquaval|slp|[msg]\n|move|p2b: Quaquaval|Bulk Up|p2b: Quaquaval\n|-boost|p2b: Quaquaval|atk|1\n|-boost|p2b: Quaquaval|def|1\n|\n|-weather|none\n|-heal|p1a: Garganacl|99\/100|[from] item: Leftovers\n|-heal|p2b: Quaquaval|98\/100|[from] item: Leftovers\n|-damage|p2b: Quaquaval|73\/100|[from] Salt Cure\n|-fieldend|move: Trick Room\n|upkeep\n|turn|6\n|\n|t:|1697724785\n|move|p1b: Amoonguss|Rage Powder|p1b: Amoonguss\n|-singleturn|p1b: Amoonguss|move: Rage Powder\n|move|p2a: Cinderace|Pyro Ball|p1b: Amoonguss\n|-supereffective|p1b: Amoonguss\n|-damage|p1b: Amoonguss|0 fnt\n|faint|p1b: Amoonguss\n|move|p2b: Quaquaval|Aqua Step|p1a: Garganacl\n|-supereffective|p1a: Garganacl\n|-damage|p1a: Garganacl|15\/100\n|-boost|p2b: Quaquaval|spe|1\n|-activate|p1a: Garganacl|confusion\n|-damage|p1a: Garganacl|9\/100|[from] confusion\n|\n|-heal|p2b: Quaquaval|79\/100|[from] item: Leftovers\n|-heal|p1a: Garganacl|15\/100|[from] item: Leftovers\n|-damage|p2b: Quaquaval|55\/100|[from] Salt Cure\n|upkeep\n|\n|t:|1697724799\n|switch|p1b: Camerupt|Camerupt, F, shiny, tera:Grass|56\/100\n|turn|7\n|\n|t:|1697724806\n|move|p2b: Quaquaval|Aqua Step|p1a: Garganacl\n|-supereffective|p1a: Garganacl\n|-damage|p1a: Garganacl|0 fnt\n|-boost|p2b: Quaquaval|spe|1\n|faint|p1a: Garganacl\n|-ability|p2b: Quaquaval|Moxie|boost\n|-boost|p2b: Quaquaval|atk|1\n|move|p2a: Cinderace|Pyro Ball|p1b: Camerupt\n|-supereffective|p1b: Camerupt\n|-damage|p1b: Camerupt|0 fnt\n|faint|p1b: Camerupt\n|\n|-heal|p2b: Quaquaval|61\/100|[from] item: Leftovers\n|-damage|p2b: Quaquaval|36\/100|[from] Salt Cure\n|upkeep\n|-message|Odj1022 forfeited.\n|\n|win|MattCol\n|raw|Odj1022's rating: 1115 &rarr; <strong>1099<\/strong><br \/>(-16 for losing)\n|raw|MattCol's rating: 1244 &rarr; <strong>1260<\/strong><br \/>(+16 for winning)\n|l|\u2606Odj1022\n","uploadtime":1697724823,"views":17,"p1id":"odj1022","p2id":"mattcol","formatid":"gen9doublesou","rating":1099,"private":0,"password":""}