{"id":"gen9doublesou-1974169125","p1":"Tenn10","p2":"Steveelsinfin","format":"[Gen 9] Doubles OU","log":"|j|\u2606Tenn10\n|j|\u2606Steveelsinfin\n|t:|1698064538\n|gametype|doubles\n|player|p1|Tenn10|102|1207\n|player|p2|Steveelsinfin|lance|1300\n|teamsize|p1|6\n|teamsize|p2|6\n|gen|9\n|tier|[Gen 9] Doubles OU\n|rated|\n|rule|Species Clause: Limit one of each Pok\u00e9mon\n|rule|OHKO Clause: OHKO moves are banned\n|rule|Evasion Moves Clause: Evasion moves are banned\n|rule|Gravity Sleep Clause: The combination of sleep-inducing moves with imperfect accuracy and Gravity or Gigantamax Orbeetle are banned\n|rule|Endless Battle Clause: Forcing endless battles is banned\n|rule|HP Percentage Mod: HP is shown in percentages\n|clearpoke\n|poke|p1|Ribombee, F|\n|poke|p1|Great Tusk|\n|poke|p1|Roaring Moon|\n|poke|p1|Samurott-Hisui, M|\n|poke|p1|Glimmora, F|\n|poke|p1|Tornadus, M|\n|poke|p2|Ursaluna-Bloodmoon, M|\n|poke|p2|Meowscarada, F|\n|poke|p2|Ogerpon-Hearthflame, F|\n|poke|p2|Rillaboom, F|\n|poke|p2|Skeledirge, M|\n|poke|p2|Hatterene, F|\n|teampreview\n|inactive|Battle timer is ON: inactive players will automatically lose when time's up. (requested by Tenn10)\n|\n|t:|1698064562\n|start\n|switch|p1a: Tornadus|Tornadus, M|100\/100\n|switch|p1b: Glimmora|Glimmora, F|100\/100\n|switch|p2a: Ursaluna|Ursaluna-Bloodmoon, M|100\/100\n|switch|p2b: Hatterene|Hatterene, F|100\/100\n|turn|1\n|\n|t:|1698064581\n|move|p1a: Tornadus|Tailwind|p1a: Tornadus\n|-sidestart|p1: Tenn10|move: Tailwind\n|move|p1b: Glimmora|Sludge Bomb|p2b: Hatterene\n|-supereffective|p2b: Hatterene\n|-damage|p2b: Hatterene|30\/100\n|move|p2a: Ursaluna|Hyper Voice|p1a: Tornadus|[spread] p1a,p1b\n|-resisted|p1b: Glimmora\n|-damage|p1a: Tornadus|56\/100\n|-damage|p1b: Glimmora|82\/100\n|-enditem|p2a: Ursaluna|Throat Spray\n|-boost|p2a: Ursaluna|spa|1|[from] item: Throat Spray\n|move|p2b: Hatterene|Trick Room|p2b: Hatterene\n|-fieldstart|move: Trick Room|[of] p2b: Hatterene\n|\n|-heal|p2b: Hatterene|36\/100|[from] item: Leftovers\n|-heal|p1b: Glimmora|88\/100|[from] item: Leftovers\n|upkeep\n|turn|2\n|inactive|Tenn10 has 120 seconds left.\n|\n|t:|1698064611\n|move|p2b: Hatterene|Protect|p2b: Hatterene\n|-singleturn|p2b: Hatterene|Protect\n|move|p1a: Tornadus|Taunt|p2b: Hatterene\n|-activate|p2b: Hatterene|move: Protect\n|move|p2a: Ursaluna|Hyper Voice|p1a: Tornadus|[spread] p1a,p1b\n|-resisted|p1b: Glimmora\n|-damage|p1a: Tornadus|0 fnt\n|-damage|p1b: Glimmora|58\/100\n|faint|p1a: Tornadus\n|move|p1b: Glimmora|Sludge Bomb|p2b: Hatterene\n|-activate|p2b: Hatterene|move: Protect\n|\n|-heal|p2b: Hatterene|42\/100|[from] item: Leftovers\n|-heal|p1b: Glimmora|65\/100|[from] item: Leftovers\n|upkeep\n|inactive|Tenn10 has 120 seconds left.\n|\n|t:|1698064622\n|switch|p1a: Great Tusk|Great Tusk|100\/100\n|-enditem|p1a: Great Tusk|Booster Energy\n|-activate|p1a: Great Tusk|ability: Protosynthesis|[fromitem]\n|-start|p1a: Great Tusk|protosynthesisatk\n|turn|3\n|\n|t:|1698064644\n|switch|p2b: ARTY|Skeledirge, M|100\/100\n|-terastallize|p2a: Ursaluna|Normal\n|move|p1b: Glimmora|Protect|p1b: Glimmora\n|-singleturn|p1b: Glimmora|Protect\n|move|p2a: Ursaluna|Blood Moon|p1a: Great Tusk\n|-damage|p1a: Great Tusk|0 fnt\n|faint|p1a: Great Tusk\n|-end|p1a: Great Tusk|Protosynthesis|[silent]\n|\n|-heal|p1b: Glimmora|71\/100|[from] item: Leftovers\n|upkeep\n|\n|t:|1698064660\n|switch|p1a: Roaring Moon|Roaring Moon|100\/100\n|-enditem|p1a: Roaring Moon|Booster Energy\n|-activate|p1a: Roaring Moon|ability: Protosynthesis|[fromitem]\n|-start|p1a: Roaring Moon|protosynthesisatk\n|turn|4\n|\n|t:|1698064680\n|move|p2a: Ursaluna|Hyper Voice|p1a: Roaring Moon|[spread] p1a,p1b\n|-resisted|p1b: Glimmora\n|-damage|p1a: Roaring Moon|31\/100\n|-damage|p1b: Glimmora|30\/100\n|move|p2b: ARTY|Will-O-Wisp|p1a: Roaring Moon\n|-status|p1a: Roaring Moon|brn\n|move|p1b: Glimmora|Sludge Bomb|p2a: Ursaluna\n|-damage|p2a: Ursaluna|58\/100\n|move|p1a: Roaring Moon|Knock Off|p2b: ARTY\n|-supereffective|p2b: ARTY\n|-damage|p2b: ARTY|48\/100\n|-enditem|p2b: ARTY|Weakness Policy\n|-boost|p2b: ARTY|atk|2|[from] item: Weakness Policy\n|-boost|p2b: ARTY|spa|2|[from] item: Weakness Policy\n|\n|-heal|p1b: Glimmora|36\/100|[from] item: Leftovers\n|-damage|p1a: Roaring Moon|25\/100 brn|[from] brn\n|-sideend|p1: Tenn10|move: Tailwind\n|upkeep\n|turn|5\n|\n|t:|1698064700\n|move|p2a: Ursaluna|Hyper Voice|p1a: Roaring Moon|[spread] p1a,p1b\n|-resisted|p1b: Glimmora\n|-damage|p1a: Roaring Moon|0 fnt\n|-damage|p1b: Glimmora|0 fnt\n|faint|p1a: Roaring Moon\n|-end|p1a: Roaring Moon|Protosynthesis|[silent]\n|faint|p1b: Glimmora\n|move|p2b: ARTY|Hyper Voice|p1: Roaring Moon|[notarget]\n|-fail|p2b: ARTY\n|\n|-fieldend|move: Trick Room\n|upkeep\n|\n|t:|1698064704\n|switch|p1a: Ribombee|Ribombee, F, shiny|100\/100\n|switch|p1b: Samurott|Samurott-Hisui, M|100\/100\n|turn|6\n|-message|Tenn10 forfeited.\n|\n|win|Steveelsinfin\n|raw|Tenn10's rating: 1207 &rarr; <strong>1189<\/strong><br \/>(-18 for losing)\n|raw|Steveelsinfin's rating: 1300 &rarr; <strong>1318<\/strong><br \/>(+18 for winning)\n|l|\u2606Tenn10\n","uploadtime":1698064763,"views":18,"p1id":"tenn10","p2id":"steveelsinfin","formatid":"gen9doublesou","rating":1189,"private":0,"password":""}