{"id":"gen9doublesou-1979646559","p1":"VolcanVanis","p2":"lordmagneto","format":"[Gen 9] Doubles OU","log":"|j|\u2606VolcanVanis\n|j|\u2606lordmagneto\n|t:|1698699573\n|gametype|doubles\n|player|p1|VolcanVanis|101|1110\n|player|p2|lordmagneto|2|1040\n|teamsize|p1|6\n|teamsize|p2|6\n|gen|9\n|tier|[Gen 9] Doubles OU\n|rated|\n|rule|Species Clause: Limit one of each Pok\u00e9mon\n|rule|OHKO Clause: OHKO moves are banned\n|rule|Evasion Moves Clause: Evasion moves are banned\n|rule|Gravity Sleep Clause: The combination of sleep-inducing moves with imperfect accuracy and Gravity or Gigantamax Orbeetle are banned\n|rule|Endless Battle Clause: Forcing endless battles is banned\n|rule|HP Percentage Mod: HP is shown in percentages\n|clearpoke\n|poke|p1|Dusclops, F|\n|poke|p1|Grimmsnarl, M|\n|poke|p1|Ursaluna, M|\n|poke|p1|Oranguru, F|\n|poke|p1|Lurantis, F|\n|poke|p1|Kingambit, M|\n|poke|p2|Breloom, F|\n|poke|p2|Landorus-Therian, M|\n|poke|p2|Gholdengo|\n|poke|p2|Ninetales-Alola, F|\n|poke|p2|Chi-Yu|\n|poke|p2|Skeledirge, F|\n|teampreview\n|\n|t:|1698699582\n|start\n|switch|p1a: Grimmsnarl|Grimmsnarl, M|100\/100\n|switch|p1b: Dusclops|Dusclops, F, shiny|100\/100\n|switch|p2a: CANCERDOG|Landorus-Therian, M|100\/100\n|switch|p2b: Walls are fun|Ninetales-Alola, F|100\/100\n|-weather|Snow|[from] ability: Snow Warning|[of] p2b: Walls are fun\n|-ability|p2a: CANCERDOG|Intimidate|boost\n|-unboost|p1a: Grimmsnarl|atk|1\n|-unboost|p1b: Dusclops|atk|1\n|-item|p2a: CANCERDOG|Leftovers|[from] ability: Frisk|[of] p1b: Dusclops|[identify]\n|-item|p2b: Walls are fun|Light Clay|[from] ability: Frisk|[of] p1b: Dusclops|[identify]\n|turn|1\n|\n|t:|1698699618\n|switch|p2a: String Cheese|Gholdengo|100\/100\n|move|p1a: Grimmsnarl|Taunt|p2b: Walls are fun\n|-start|p2b: Walls are fun|move: Taunt\n|cant|p2b: Walls are fun|move: Taunt|Aurora Veil\n|move|p1b: Dusclops|Trick Room|p1b: Dusclops\n|-fieldstart|move: Trick Room|[of] p1b: Dusclops\n|\n|-weather|Snow|[upkeep]\n|upkeep\n|turn|2\n|\n|t:|1698699636\n|move|p1a: Grimmsnarl|Parting Shot|p2b: Walls are fun\n|-unboost|p2b: Walls are fun|atk|1\n|-unboost|p2b: Walls are fun|spa|1\n|\n|t:|1698699640\n|switch|p1a: Ursaluna|Ursaluna, M, shiny|100\/100|[from] Parting Shot\n|move|p1b: Dusclops|Will-O-Wisp|p1a: Ursaluna\n|-status|p1a: Ursaluna|brn\n|move|p2a: String Cheese|Make It Rain|p1b: Dusclops|[spread] p1a,p1b\n|-damage|p1a: Ursaluna|56\/100 brn\n|-damage|p1b: Dusclops|74\/100\n|-unboost|p2a: String Cheese|spa|1\n|move|p2b: Walls are fun|Blizzard|p1b: Dusclops|[spread] p1a,p1b\n|-supereffective|p1a: Ursaluna\n|-damage|p1a: Ursaluna|22\/100 brn\n|-damage|p1b: Dusclops|63\/100\n|\n|-weather|Snow|[upkeep]\n|-damage|p1a: Ursaluna|16\/100 brn|[from] brn\n|upkeep\n|turn|3\n|\n|t:|1698699668\n|switch|p1b: Lurantis|Lurantis, F|100\/100\n|switch|p2a: CANCERDOG|Landorus-Therian, M|100\/100\n|-ability|p2a: CANCERDOG|Intimidate|boost\n|-unboost|p1a: Ursaluna|atk|1\n|-boost|p1b: Lurantis|atk|1\n|switch|p2b: PAWNCH|Breloom, F|100\/100\n|move|p1a: Ursaluna|Earthquake|p2a: CANCERDOG|[spread] p1b,p2b\n|-immune|p2a: CANCERDOG\n|-resisted|p1b: Lurantis\n|-resisted|p2b: PAWNCH\n|-damage|p1b: Lurantis|64\/100\n|-damage|p2b: PAWNCH|59\/100\n|\n|-weather|Snow|[upkeep]\n|-damage|p1a: Ursaluna|10\/100 brn|[from] brn\n|-status|p2b: PAWNCH|tox|[from] item: Toxic Orb\n|upkeep\n|turn|4\n|\n|t:|1698699699\n|switch|p1a: Dusclops|Dusclops, F, shiny|63\/100\n|-item|p2a: CANCERDOG|Leftovers|[from] ability: Frisk|[of] p1a: Dusclops|[identify]\n|-item|p2b: PAWNCH|Toxic Orb|[from] ability: Frisk|[of] p1a: Dusclops|[identify]\n|move|p1b: Lurantis|Leaf Storm|p2a: CANCERDOG\n|-damage|p2a: CANCERDOG|13\/100\n|-boost|p1b: Lurantis|spa|2\n|-damage|p1b: Lurantis|54\/100|[from] item: Life Orb\n|move|p2b: PAWNCH|Seed Bomb|p1a: Dusclops\n|-damage|p1a: Dusclops|37\/100\n|move|p2a: CANCERDOG|Substitute|p2a: CANCERDOG\n|-fail|p2a: CANCERDOG|move: Substitute|[weak]\n|\n|-weather|Snow|[upkeep]\n|-heal|p2a: CANCERDOG|19\/100|[from] item: Leftovers\n|-heal|p2b: PAWNCH|71\/100 tox|[from] ability: Poison Heal\n|upkeep\n|turn|5\n|\n|t:|1698699724\n|move|p1a: Dusclops|Disable|p2b: PAWNCH\n|-start|p2b: PAWNCH|Disable|Seed Bomb\n|move|p1b: Lurantis|Giga Drain|p2a: CANCERDOG\n|-damage|p2a: CANCERDOG|0 fnt\n|-heal|p1b: Lurantis|63\/100|[from] drain|[of] p2a: CANCERDOG\n|faint|p2a: CANCERDOG\n|-damage|p1b: Lurantis|53\/100|[from] item: Life Orb\n|move|p2b: PAWNCH|Spore|p1a: Dusclops\n|-status|p1a: Dusclops|slp|[from] move: Spore\n|\n|-weather|none\n|-heal|p2b: PAWNCH|84\/100 tox|[from] ability: Poison Heal\n|-fieldend|move: Trick Room\n|upkeep\n|\n|t:|1698699740\n|switch|p2a: Walls are fun|Ninetales-Alola, F|100\/100\n|-weather|Snow|[from] ability: Snow Warning|[of] p2a: Walls are fun\n|turn|6\n|\n|t:|1698699766\n|-terastallize|p1b: Lurantis|Electric\n|move|p2a: Walls are fun|Aurora Veil|p2a: Walls are fun\n|-sidestart|p2: lordmagneto|move: Aurora Veil\n|move|p2b: PAWNCH|Facade|p1b: Lurantis\n|-crit|p1b: Lurantis\n|-damage|p1b: Lurantis|0 fnt\n|faint|p1b: Lurantis\n|cant|p1a: Dusclops|slp\n|\n|-weather|Snow|[upkeep]\n|-heal|p2b: PAWNCH|96\/100 tox|[from] ability: Poison Heal\n|upkeep\n|\n|t:|1698699775\n|switch|p1b: Oranguru|Oranguru, F, shiny|100\/100\n|turn|7\n|\n|t:|1698699791\n|switch|p1a: Grimmsnarl|Grimmsnarl, M|100\/100\n|move|p2a: Walls are fun|Moonblast|p1a: Grimmsnarl\n|-supereffective|p1a: Grimmsnarl\n|-damage|p1a: Grimmsnarl|44\/100\n|move|p2b: PAWNCH|Facade|p1b: Oranguru\n|-damage|p1b: Oranguru|55\/100\n|move|p1b: Oranguru|Trick Room|p1b: Oranguru\n|-fieldstart|move: Trick Room|[of] p1b: Oranguru\n|\n|-weather|Snow|[upkeep]\n|-heal|p1b: Oranguru|62\/100|[from] item: Leftovers\n|-heal|p2b: PAWNCH|100\/100 tox|[from] ability: Poison Heal\n|upkeep\n|turn|8\n|\n|t:|1698699821\n|move|p1a: Grimmsnarl|Foul Play|p2b: PAWNCH\n|-resisted|p2b: PAWNCH\n|-damage|p2b: PAWNCH|81\/100 tox\n|move|p1b: Oranguru|Instruct|p1a: Grimmsnarl\n|-singleturn|p1a: Grimmsnarl|move: Instruct|[of] p1b: Oranguru\n|move|p1a: Grimmsnarl|Foul Play|p2b: PAWNCH\n|-resisted|p2b: PAWNCH\n|-damage|p2b: PAWNCH|62\/100 tox\n|move|p2b: PAWNCH|Spore|p1b: Oranguru\n|-status|p1b: Oranguru|slp|[from] move: Spore\n|move|p2a: Walls are fun|Moonblast|p1a: Grimmsnarl\n|-supereffective|p1a: Grimmsnarl\n|-damage|p1a: Grimmsnarl|0 fnt\n|faint|p1a: Grimmsnarl\n|\n|-weather|Snow|[upkeep]\n|-heal|p1b: Oranguru|68\/100 slp|[from] item: Leftovers\n|-heal|p2b: PAWNCH|74\/100 tox|[from] ability: Poison Heal\n|-end|p2b: PAWNCH|Disable\n|upkeep\n|\n|t:|1698699836\n|switch|p1a: Kingambit|Kingambit, M|100\/100\n|turn|9\n|\n|t:|1698699860\n|switch|p2a: CHOMP|Skeledirge, F|100\/100\n|move|p1a: Kingambit|Iron Head|p2a: CHOMP\n|-resisted|p2a: CHOMP\n|-damage|p2a: CHOMP|87\/100\n|cant|p1b: Oranguru|slp\n|move|p2b: PAWNCH|Drain Punch|p1a: Kingambit\n|-supereffective|p1a: Kingambit\n|-enditem|p1a: Kingambit|Chople Berry|[eat]\n|-enditem|p1a: Kingambit|Chople Berry|[weaken]\n|-damage|p1a: Kingambit|45\/100\n|-heal|p2b: PAWNCH|100\/100 tox|[from] drain|[of] p1a: Kingambit\n|\n|-weather|Snow|[upkeep]\n|-heal|p1b: Oranguru|74\/100 slp|[from] item: Leftovers\n|upkeep\n|turn|10\n|\n|t:|1698699889\n|move|p1a: Kingambit|Kowtow Cleave|p2a: CHOMP\n|-supereffective|p2a: CHOMP\n|-damage|p2a: CHOMP|34\/100\n|cant|p1b: Oranguru|slp\n|move|p2a: CHOMP|Encore|p1a: Kingambit\n|-start|p1a: Kingambit|Encore\n|move|p2b: PAWNCH|Drain Punch|p1a: Kingambit\n|-supereffective|p1a: Kingambit\n|-damage|p1a: Kingambit|0 fnt\n|faint|p1a: Kingambit\n|\n|-weather|none\n|-heal|p1b: Oranguru|80\/100 slp|[from] item: Leftovers\n|upkeep\n|\n|t:|1698699901\n|switch|p1a: Ursaluna|Ursaluna, M, shiny|10\/100 brn\n|turn|11\n|\n|t:|1698699915\n|move|p1a: Ursaluna|Earthquake|p2a: CHOMP|[spread] p2a,p2b\n|-activate|p1b: Oranguru|ability: Telepathy\n|-supereffective|p2a: CHOMP\n|-resisted|p2b: PAWNCH\n|-damage|p2a: CHOMP|0 fnt\n|-damage|p2b: PAWNCH|53\/100 tox\n|faint|p2a: CHOMP\n|cant|p1b: Oranguru|slp\n|move|p2b: PAWNCH|Facade|p1b: Oranguru\n|-damage|p1b: Oranguru|36\/100 slp\n|\n|-heal|p1b: Oranguru|43\/100 slp|[from] item: Leftovers\n|-heal|p2b: PAWNCH|65\/100 tox|[from] ability: Poison Heal\n|-damage|p1a: Ursaluna|4\/100 brn|[from] brn\n|-fieldend|move: Trick Room\n|upkeep\n|\n|t:|1698699939\n|switch|p2a: Walls are fun|Ninetales-Alola, F|100\/100\n|-weather|Snow|[from] ability: Snow Warning|[of] p2a: Walls are fun\n|turn|12\n|\n|t:|1698699952\n|move|p2a: Walls are fun|Blizzard|p1b: Oranguru|[spread] p1a,p1b\n|-supereffective|p1a: Ursaluna\n|-damage|p1a: Ursaluna|0 fnt\n|-damage|p1b: Oranguru|25\/100 slp\n|faint|p1a: Ursaluna\n|move|p2b: PAWNCH|Facade|p1b: Oranguru\n|-damage|p1b: Oranguru|0 fnt\n|faint|p1b: Oranguru\n|\n|-weather|Snow|[upkeep]\n|-heal|p2b: PAWNCH|78\/100 tox|[from] ability: Poison Heal\n|upkeep\n|\n|t:|1698699964\n|switch|p1a: Dusclops|Dusclops, F, shiny|37\/100 slp\n|-item|p2a: Walls are fun|Light Clay|[from] ability: Frisk|[of] p1a: Dusclops|[identify]\n|-item|p2b: PAWNCH|Toxic Orb|[from] ability: Frisk|[of] p1a: Dusclops|[identify]\n|turn|13\n|\n|t:|1698699977\n|move|p2a: Walls are fun|Calm Mind|p2a: Walls are fun\n|-boost|p2a: Walls are fun|spa|1\n|-boost|p2a: Walls are fun|spd|1\n|move|p2b: PAWNCH|Seed Bomb|p1a: Dusclops\n|-damage|p1a: Dusclops|12\/100 slp\n|-curestatus|p1a: Dusclops|slp|[msg]\n|move|p1a: Dusclops|Trick Room|p1a: Dusclops\n|-fieldstart|move: Trick Room|[of] p1a: Dusclops\n|\n|-weather|Snow|[upkeep]\n|-heal|p2b: PAWNCH|90\/100 tox|[from] ability: Poison Heal\n|-sideend|p2: lordmagneto|move: Aurora Veil\n|upkeep\n|turn|14\n|\n|t:|1698699998\n|move|p1a: Dusclops|Disable|p2b: PAWNCH\n|-start|p2b: PAWNCH|Disable|Seed Bomb\n|cant|p2b: PAWNCH|Disable|Seed Bomb\n|move|p2a: Walls are fun|Blizzard|p1a: Dusclops\n|-damage|p1a: Dusclops|0 fnt\n|faint|p1a: Dusclops\n|\n|win|lordmagneto\n|raw|VolcanVanis's rating: 1110 &rarr; <strong>1080<\/strong><br \/>(-30 for losing)\n|raw|lordmagneto's rating: 1040 &rarr; <strong>1081<\/strong><br \/>(+41 for winning)\n|l|\u2606VolcanVanis\n|l|\u2606lordmagneto\n|j|\u2606lordmagneto\n|player|p2|lordmagneto|2\n","uploadtime":1698700234,"views":17,"p1id":"volcanvanis","p2id":"lordmagneto","formatid":"gen9doublesou","rating":1080,"private":0,"password":""}