{"id":"gen9doublesou-1999977230","p1":"fangame10","p2":"Jourvicious","format":"[Gen 9] Doubles OU","log":"|j|\u2606fangame10\n|j|\u2606Jourvicious\n|inactive|Battle timer is ON: inactive players will automatically lose when time's up.\n|t:|1701136821\n|gametype|doubles\n|player|p1|fangame10|red|\n|player|p2|Jourvicious|elesa-masters|\n|teamsize|p1|6\n|teamsize|p2|6\n|gen|9\n|tier|[Gen 9] Doubles OU\n|rated|Tournament battle\n|rule|Species Clause: Limit one of each Pok\u00e9mon\n|rule|OHKO Clause: OHKO moves are banned\n|rule|Evasion Moves Clause: Evasion moves are banned\n|rule|Gravity Sleep Clause: The combination of sleep-inducing moves with imperfect accuracy and Gravity or Gigantamax Orbeetle are banned\n|rule|Endless Battle Clause: Forcing endless battles is banned\n|rule|HP Percentage Mod: HP is shown in percentages\n|clearpoke\n|poke|p1|Iron Bundle|\n|poke|p1|Abomasnow, M|\n|poke|p1|Landorus-Therian, M|\n|poke|p1|Ursaluna, M|\n|poke|p1|Iron Hands|\n|poke|p1|Diancie|\n|poke|p2|Kommo-o, M|\n|poke|p2|Shiftry, F|\n|poke|p2|Tornadus, M|\n|poke|p2|Arcanine-Hisui, M|\n|poke|p2|Sinistcha-Masterpiece|\n|poke|p2|Ninetales-Alola, F|\n|teampreview\n|j|*Lady Monita \u2746\n|inactive|fangame10 also wants the timer to be on.\n|inactive|Jourvicious also wants the timer to be on.\n|c|\u2606Jourvicious|glhf\n|c|\u2606fangame10|u2!\n|j| Lyraalgumacoisa\n|inactive|fangame10 has 120 seconds left.\n|\n|t:|1701136860\n|start\n|switch|p1a: Landorus|Landorus-Therian, M, shiny|100\/100\n|switch|p1b: Diancie|Diancie|100\/100\n|switch|p2a: Shiftry|Shiftry, F, shiny|100\/100\n|switch|p2b: Tornadus|Tornadus, M|100\/100\n|-ability|p1a: Landorus|Intimidate|boost\n|-unboost|p2a: Shiftry|atk|1\n|-unboost|p2b: Tornadus|atk|1\n|turn|1\n|\n|t:|1701136874\n|switch|p2a: Arcanine|Arcanine-Hisui, M|100\/100\n|-ability|p2a: Arcanine|Intimidate|boost\n|-unboost|p1a: Landorus|atk|1\n|-fail|p1b: Diancie|unboost|[from] ability: Clear Body|[of] p1b: Diancie\n|-terastallize|p1b: Diancie|Dark\n|move|p2b: Tornadus|Tailwind|p2b: Tornadus\n|-sidestart|p2: Jourvicious|move: Tailwind\n|move|p1a: Landorus|U-turn|p2a: Arcanine\n|-resisted|p2a: Arcanine\n|-damage|p2a: Arcanine|90\/100\n|\n|t:|1701136883\n|switch|p1a: Ursaluna|Ursaluna, M, shiny|100\/100|[from] U-turn\n|move|p1b: Diancie|Trick Room|p1b: Diancie\n|-fieldstart|move: Trick Room|[of] p1b: Diancie\n|\n|-status|p1a: Ursaluna|brn|[from] item: Flame Orb\n|upkeep\n|turn|2\n|inactive|Jourvicious has 120 seconds left.\n|inactive|fangame10 has 120 seconds left.\n|\n|t:|1701136922\n|switch|p1b: Abomasnow|Abomasnow, M, shiny|100\/100\n|-weather|Snow|[from] ability: Snow Warning|[of] p1b: Abomasnow\n|switch|p2a: Sinistcha|Sinistcha-Masterpiece|100\/100\n|move|p1a: Ursaluna|Facade|p2b: Tornadus\n|-damage|p2b: Tornadus|0 fnt\n|faint|p2b: Tornadus\n|\n|-weather|Snow|[upkeep]\n|-damage|p1a: Ursaluna|94\/100 brn|[from] brn\n|upkeep\n|\n|t:|1701136931\n|switch|p2b: Shiftry|Shiftry, F, shiny|100\/100\n|-ability|p2b: Shiftry|Wind Rider|boost\n|-boost|p2b: Shiftry|atk|1\n|turn|3\n|inactive|Jourvicious has 120 seconds left.\n|\n|t:|1701136952\n|move|p1a: Ursaluna|Protect|p1a: Ursaluna\n|-singleturn|p1a: Ursaluna|Protect\n|move|p1b: Abomasnow|Aurora Veil|p1b: Abomasnow\n|-sidestart|p1: fangame10|move: Aurora Veil\n|move|p2a: Sinistcha|Calm Mind|p2a: Sinistcha\n|-boost|p2a: Sinistcha|spa|1\n|-boost|p2a: Sinistcha|spd|1\n|move|p2b: Shiftry|Low Kick|p1a: Ursaluna\n|-activate|p1a: Ursaluna|move: Protect\n|\n|-weather|Snow|[upkeep]\n|-damage|p1a: Ursaluna|88\/100 brn|[from] brn\n|upkeep\n|turn|4\n|\n|t:|1701136975\n|move|p1a: Ursaluna|Facade|p2b: Shiftry\n|-enditem|p2b: Shiftry|Focus Sash\n|-damage|p2b: Shiftry|1\/100\n|move|p1b: Abomasnow|Blizzard|p2a: Sinistcha|[spread] p2a\n|-ability|p2b: Shiftry|Wind Rider|boost\n|-boost|p2b: Shiftry|atk|1\n|-supereffective|p2a: Sinistcha\n|-damage|p2a: Sinistcha|60\/100\n|move|p2a: Sinistcha|Matcha Gotcha|p1b: Abomasnow|[spread] p1a,p1b\n|-supereffective|p1a: Ursaluna\n|-resisted|p1b: Abomasnow\n|-damage|p1a: Ursaluna|45\/100 brn\n|-heal|p2a: Sinistcha|88\/100|[from] drain|[of] p1a: Ursaluna\n|-damage|p1b: Abomasnow|90\/100\n|-heal|p2a: Sinistcha|94\/100|[from] drain|[of] p1b: Abomasnow\n|move|p2b: Shiftry|Leaf Blade|p1a: Ursaluna\n|-supereffective|p1a: Ursaluna\n|-damage|p1a: Ursaluna|0 fnt\n|faint|p1a: Ursaluna\n|\n|-weather|Snow|[upkeep]\n|-sideend|p2: Jourvicious|move: Tailwind\n|upkeep\n|\n|t:|1701136987\n|switch|p1a: Iron Hands|Iron Hands, shiny|100\/100\n|turn|5\n|\n|t:|1701137015\n|switch|p2b: Ninetales|Ninetales-Alola, F|100\/100\n|move|p1a: Iron Hands|Swords Dance|p1a: Iron Hands\n|-boost|p1a: Iron Hands|atk|2\n|move|p1b: Abomasnow|Earth Power|p2b: Ninetales\n|-damage|p2b: Ninetales|75\/100\n|move|p2a: Sinistcha|Calm Mind|p2a: Sinistcha\n|-boost|p2a: Sinistcha|spa|1\n|-boost|p2a: Sinistcha|spd|1\n|\n|-weather|Snow|[upkeep]\n|-fieldend|move: Trick Room\n|upkeep\n|turn|6\n|\n|t:|1701137031\n|move|p2b: Ninetales|Encore|p1a: Iron Hands\n|-start|p1a: Iron Hands|Encore\n|move|p2a: Sinistcha|Matcha Gotcha|p1a: Iron Hands|[spread] p1b\n|-miss|p2a: Sinistcha|p1a: Iron Hands\n|-resisted|p1b: Abomasnow\n|-damage|p1b: Abomasnow|77\/100\n|-heal|p2a: Sinistcha|100\/100|[from] drain|[of] p1b: Abomasnow\n|move|p1b: Abomasnow|Blizzard|p2b: Ninetales|[spread] p2a,p2b\n|-supereffective|p2a: Sinistcha\n|-resisted|p2b: Ninetales\n|-damage|p2a: Sinistcha|73\/100\n|-damage|p2b: Ninetales|57\/100\n|move|p1a: Iron Hands|Swords Dance|p1a: Iron Hands\n|-boost|p1a: Iron Hands|atk|2\n|\n|-weather|none\n|upkeep\n|turn|7\n|\n|t:|1701137046\n|switch|p1b: Diancie|Diancie, tera:Dark|100\/100\n|move|p2b: Ninetales|Moonblast|p1a: Iron Hands\n|-supereffective|p1a: Iron Hands\n|-damage|p1a: Iron Hands|69\/100\n|move|p2a: Sinistcha|Matcha Gotcha|p1b: Diancie|[spread] p1a,p1b\n|-damage|p1a: Iron Hands|44\/100\n|-heal|p2a: Sinistcha|90\/100|[from] drain|[of] p1a: Iron Hands\n|-damage|p1b: Diancie|77\/100\n|-heal|p2a: Sinistcha|99\/100|[from] drain|[of] p1b: Diancie\n|-enditem|p1a: Iron Hands|Sitrus Berry|[eat]\n|-heal|p1a: Iron Hands|69\/100|[from] item: Sitrus Berry\n|move|p1a: Iron Hands|Swords Dance|p1a: Iron Hands\n|-boost|p1a: Iron Hands|atk|2\n|\n|upkeep\n|turn|8\n|inactive|Jourvicious has 120 seconds left.\n|\n|t:|1701137077\n|move|p2b: Ninetales|Moonblast|p1b: Diancie\n|-supereffective|p1b: Diancie\n|-crit|p1b: Diancie\n|-damage|p1b: Diancie|4\/100\n|-enditem|p1b: Diancie|Weakness Policy\n|-boost|p1b: Diancie|atk|2|[from] item: Weakness Policy\n|-boost|p1b: Diancie|spa|2|[from] item: Weakness Policy\n|move|p2a: Sinistcha|Matcha Gotcha|p1a: Iron Hands|[spread] p1a,p1b\n|-damage|p1a: Iron Hands|47\/100\n|-heal|p2a: Sinistcha|100\/100|[from] drain|[of] p1a: Iron Hands\n|-damage|p1b: Diancie|0 fnt\n|-status|p1a: Iron Hands|brn\n|faint|p1b: Diancie\n|move|p1a: Iron Hands|Swords Dance|p1a: Iron Hands\n|-boost|p1a: Iron Hands|atk|0\n|\n|-damage|p1a: Iron Hands|41\/100 brn|[from] brn\n|-end|p1a: Iron Hands|Encore\n|upkeep\n|inactive|fangame10 has 120 seconds left.\n|\n|t:|1701137115\n|switch|p1b: Iron Bundle|Iron Bundle, shiny|100\/100\n|turn|9\n|\n|t:|1701137131\n|-end|p1a: Iron Hands|Quark Drive|[silent]\n|switch|p1a: Abomasnow|Abomasnow, M, shiny|77\/100\n|-weather|Snow|[from] ability: Snow Warning|[of] p1a: Abomasnow\n|-terastallize|p2b: Ninetales|Water\n|move|p1b: Iron Bundle|Blizzard|p2a: Sinistcha|[spread] p2a,p2b\n|-supereffective|p2a: Sinistcha\n|-resisted|p2b: Ninetales\n|-damage|p2a: Sinistcha|41\/100\n|-damage|p2b: Ninetales|20\/100\n|-status|p2b: Ninetales|frz\n|-enditem|p2a: Sinistcha|Sitrus Berry|[eat]\n|-heal|p2a: Sinistcha|66\/100|[from] item: Sitrus Berry\n|cant|p2b: Ninetales|frz\n|move|p2a: Sinistcha|Matcha Gotcha|p1a: Abomasnow|[spread] p1a,p1b\n|-resisted|p1a: Abomasnow\n|-supereffective|p1b: Iron Bundle\n|-damage|p1a: Abomasnow|62\/100\n|-heal|p2a: Sinistcha|74\/100|[from] drain|[of] p1a: Abomasnow\n|-damage|p1b: Iron Bundle|0 fnt\n|-heal|p2a: Sinistcha|100\/100|[from] drain|[of] p1b: Iron Bundle\n|faint|p1b: Iron Bundle\n|-end|p1b: Iron Bundle|Quark Drive|[silent]\n|\n|-weather|Snow|[upkeep]\n|upkeep\n|\n|t:|1701137138\n|switch|p1b: Landorus|Landorus-Therian, M, shiny|100\/100\n|-ability|p1b: Landorus|Intimidate|boost\n|-unboost|p2a: Sinistcha|atk|1\n|-unboost|p2b: Ninetales|atk|1\n|turn|10\n|\n|t:|1701137145\n|switch|p2b: Arcanine|Arcanine-Hisui, M|90\/100\n|-ability|p2b: Arcanine|Intimidate|boost\n|-unboost|p1a: Abomasnow|atk|1\n|-unboost|p1b: Landorus|atk|1\n|move|p1b: Landorus|U-turn|p2a: Sinistcha\n|-damage|p2a: Sinistcha|85\/100\n|\n|t:|1701137147\n|switch|p1b: Iron Hands|Iron Hands, shiny|41\/100 brn|[from] U-turn\n|move|p2a: Sinistcha|Matcha Gotcha|p1b: Iron Hands|[spread] p1b\n|-miss|p2a: Sinistcha|p1a: Abomasnow\n|-crit|p1b: Iron Hands\n|-damage|p1b: Iron Hands|0 fnt\n|-heal|p2a: Sinistcha|100\/100|[from] drain|[of] p1b: Iron Hands\n|faint|p1b: Iron Hands\n|-end|p1b: Iron Hands|Quark Drive|[silent]\n|move|p1a: Abomasnow|Blizzard|p2b: Arcanine|[spread] p2a,p2b\n|-supereffective|p2a: Sinistcha\n|-resisted|p2b: Arcanine\n|-damage|p2a: Sinistcha|71\/100\n|-damage|p2b: Arcanine|72\/100\n|\n|-weather|Snow|[upkeep]\n|-sideend|p1: fangame10|move: Aurora Veil\n|upkeep\n|\n|t:|1701137150\n|switch|p1b: Landorus|Landorus-Therian, M, shiny|100\/100\n|-ability|p1b: Landorus|Intimidate|boost\n|-unboost|p2a: Sinistcha|atk|1\n|-unboost|p2b: Arcanine|atk|1\n|turn|11\n|\n|t:|1701137169\n|switch|p2b: Shiftry|Shiftry, F, shiny|1\/100\n|move|p1b: Landorus|Stomping Tantrum|p2b: Shiftry\n|-resisted|p2b: Shiftry\n|-damage|p2b: Shiftry|0 fnt\n|faint|p2b: Shiftry\n|move|p2a: Sinistcha|Matcha Gotcha|p1b: Landorus|[spread] p1a,p1b\n|-resisted|p1a: Abomasnow\n|-damage|p1a: Abomasnow|42\/100\n|-heal|p2a: Sinistcha|82\/100|[from] drain|[of] p1a: Abomasnow\n|-damage|p1b: Landorus|68\/100\n|-heal|p2a: Sinistcha|99\/100|[from] drain|[of] p1b: Landorus\n|move|p1a: Abomasnow|Blizzard|p2a: Sinistcha\n|-supereffective|p2a: Sinistcha\n|-damage|p2a: Sinistcha|58\/100\n|\n|-weather|Snow|[upkeep]\n|upkeep\n|\n|t:|1701137185\n|switch|p2b: Arcanine|Arcanine-Hisui, M|72\/100\n|-ability|p2b: Arcanine|Intimidate|boost\n|-unboost|p1a: Abomasnow|atk|1\n|-unboost|p1b: Landorus|atk|1\n|turn|12\n|\n|t:|1701137192\n|move|p2b: Arcanine|Extreme Speed|p1a: Abomasnow\n|-damage|p1a: Abomasnow|11\/100\n|move|p1b: Landorus|Stomping Tantrum|p2b: Arcanine\n|-supereffective|p2b: Arcanine\n|-damage|p2b: Arcanine|0 fnt\n|faint|p2b: Arcanine\n|move|p2a: Sinistcha|Matcha Gotcha|p1b: Landorus|[spread] p1a,p1b\n|-resisted|p1a: Abomasnow\n|-damage|p1a: Abomasnow|0 fnt\n|-heal|p2a: Sinistcha|64\/100|[from] drain|[of] p1a: Abomasnow\n|-damage|p1b: Landorus|35\/100\n|-heal|p2a: Sinistcha|82\/100|[from] drain|[of] p1b: Landorus\n|faint|p1a: Abomasnow\n|\n|-weather|Snow|[upkeep]\n|upkeep\n|l| Lyraalgumacoisa\n|c|\u2606fangame10|gg\n|c|\u2606Jourvicious|ggs\n|-message|fangame10 forfeited.\n|\n|win|Jourvicious\n|n|\u2606fangame10|fangame10\n|n|\u2606Jourvicious|jourvicious\n|n|*Lady Monita \u2746|ladymonita\n|l|*Lady Monita \u2746\n|l|\u2606fangame10\n","uploadtime":1701137209,"views":11,"p1id":"fangame10","p2id":"jourvicious","formatid":"gen9doublesou","rating":0,"private":0,"password":""}