{"id":"gen9doublesou-1974659385","p1":"pignitewaggy","p2":"Meme147","format":"[Gen 9] Doubles OU","log":"|j|\u2606pignitewaggy\n|j|\u2606Meme147\n|t:|1698107581\n|gametype|doubles\n|player|p1|pignitewaggy|1|1038\n|player|p2|Meme147|102|1029\n|teamsize|p1|6\n|teamsize|p2|4\n|gen|9\n|tier|[Gen 9] Doubles OU\n|rated|\n|rule|Species Clause: Limit one of each Pok\u00e9mon\n|rule|OHKO Clause: OHKO moves are banned\n|rule|Evasion Moves Clause: Evasion moves are banned\n|rule|Gravity Sleep Clause: The combination of sleep-inducing moves with imperfect accuracy and Gravity or Gigantamax Orbeetle are banned\n|rule|Endless Battle Clause: Forcing endless battles is banned\n|rule|HP Percentage Mod: HP is shown in percentages\n|clearpoke\n|poke|p1|Gyarados, M|\n|poke|p1|Tornadus, M|\n|poke|p1|Iron Hands|\n|poke|p1|Orthworm, F|\n|poke|p1|Tauros-Paldea-Blaze, M|\n|poke|p1|Oranguru, F|\n|poke|p2|Goodra-Hisui, F|\n|poke|p2|Indeedee-F, F|\n|poke|p2|Lurantis, F|\n|poke|p2|Diancie|\n|teampreview\n|\n|t:|1698107598\n|start\n|switch|p1a: Tornadus|Tornadus, M, shiny|100\/100\n|switch|p1b: Orthworm|Orthworm, F|100\/100\n|switch|p2a: Goodra|Goodra-Hisui, F|100\/100\n|switch|p2b: Indeedee|Indeedee-F, F|100\/100\n|-fieldstart|move: Psychic Terrain|[from] ability: Psychic Surge|[of] p2b: Indeedee\n|turn|1\n|\n|t:|1698107617\n|move|p2a: Goodra|Protect|p2a: Goodra\n|-singleturn|p2a: Goodra|Protect\n|move|p1a: Tornadus|Tailwind|p1a: Tornadus\n|-sidestart|p1: pignitewaggy|move: Tailwind\n|move|p1b: Orthworm|Shed Tail|p1b: Orthworm\n|-start|p1b: Orthworm|Substitute|[from] move: Shed Tail\n|-damage|p1b: Orthworm|50\/100\n|-enditem|p1b: Orthworm|Sitrus Berry|[eat]\n|-heal|p1b: Orthworm|75\/100|[from] item: Sitrus Berry\n|inactive|Battle timer is ON: inactive players will automatically lose when time's up. (requested by Meme147)\n|\n|t:|1698107663\n|switch|p1b: Gyarados|Gyarados, M|100\/100|[from] Shed Tail\n|-ability|p1b: Gyarados|Intimidate|boost\n|-unboost|p2a: Goodra|atk|1\n|-unboost|p2b: Indeedee|atk|1\n|move|p2b: Indeedee|Trick Room|p2b: Indeedee\n|-fieldstart|move: Trick Room|[of] p2b: Indeedee\n|-enditem|p2a: Goodra|Room Service\n|-unboost|p2a: Goodra|spe|1|[from] item: Room Service\n|\n|upkeep\n|turn|2\n|\n|t:|1698107679\n|switch|p1a: Oranguru|Oranguru, F|100\/100\n|move|p2a: Goodra|Curse|p2a: Goodra\n|-unboost|p2a: Goodra|spe|1\n|-boost|p2a: Goodra|atk|1\n|-boost|p2a: Goodra|def|1\n|-enditem|p1b: Gyarados|Mirror Herb\n|-boost|p1b: Gyarados|atk|1|[from] item: Mirror Herb\n|-boost|p1b: Gyarados|def|1|[from] item: Mirror Herb\n|move|p2b: Indeedee|Hyper Voice|p1b: Gyarados|[spread] p1a,p1b\n|-damage|p1a: Oranguru|82\/100\n|-damage|p1b: Gyarados|67\/100\n|move|p1b: Gyarados|Dragon Dance|p1b: Gyarados\n|-boost|p1b: Gyarados|atk|1\n|-boost|p1b: Gyarados|spe|1\n|\n|upkeep\n|turn|3\n|\n|t:|1698107702\n|move|p2a: Goodra|Curse|p2a: Goodra\n|-unboost|p2a: Goodra|spe|1\n|-boost|p2a: Goodra|atk|1\n|-boost|p2a: Goodra|def|1\n|move|p2b: Indeedee|Hyper Voice|p1a: Oranguru|[spread] p1a,p1b\n|-damage|p1a: Oranguru|63\/100\n|-damage|p1b: Gyarados|37\/100\n|move|p1b: Gyarados|Earthquake|p2a: Goodra|[spread] p2a,p2b\n|-activate|p1a: Oranguru|ability: Telepathy\n|-supereffective|p2a: Goodra\n|-damage|p2a: Goodra|47\/100\n|-damage|p2b: Indeedee|25\/100\n|move|p1a: Oranguru|Trick Room|p1a: Oranguru\n|-fieldend|move: Trick Room\n|\n|-heal|p2b: Indeedee|31\/100|[from] item: Leftovers\n|upkeep\n|turn|4\n|inactive|Meme147 has 120 seconds left.\n|\n|t:|1698107747\n|move|p2a: Goodra|Protect|p2a: Goodra\n|-singleturn|p2a: Goodra|Protect\n|move|p1b: Gyarados|Earthquake|p2a: Goodra|[spread] p2b\n|-activate|p2a: Goodra|move: Protect\n|-activate|p1a: Oranguru|ability: Telepathy\n|-damage|p2b: Indeedee|0 fnt\n|faint|p2b: Indeedee\n|move|p1a: Oranguru|Instruct|p1b: Gyarados\n|-singleturn|p1b: Gyarados|move: Instruct|[of] p1a: Oranguru\n|move|p1b: Gyarados|Earthquake|p2a: Goodra|[spread] \n|-activate|p2a: Goodra|move: Protect\n|-activate|p1a: Oranguru|ability: Telepathy\n|\n|-sideend|p1: pignitewaggy|move: Tailwind\n|upkeep\n|\n|t:|1698107766\n|switch|p2b: Diancie|Diancie|100\/100\n|turn|5\n|inactive|Meme147 has 120 seconds left.\n|\n|t:|1698107796\n|move|p1b: Gyarados|Earthquake|p2b: Diancie|[spread] p2a,p2b\n|-activate|p1a: Oranguru|ability: Telepathy\n|-supereffective|p2a: Goodra\n|-supereffective|p2b: Diancie\n|-damage|p2a: Goodra|0 fnt\n|-damage|p2b: Diancie|16\/100\n|faint|p2a: Goodra\n|move|p2b: Diancie|Diamond Storm|p1b: Gyarados|[spread] p1a,p1b\n|-supereffective|p1b: Gyarados\n|-end|p1b: Gyarados|Substitute\n|-damage|p1a: Oranguru|34\/100\n|move|p1a: Oranguru|Instruct|p1b: Gyarados\n|-singleturn|p1b: Gyarados|move: Instruct|[of] p1a: Oranguru\n|move|p1b: Gyarados|Earthquake|p2b: Diancie|[spread] p2b\n|-activate|p1a: Oranguru|ability: Telepathy\n|-supereffective|p2b: Diancie\n|-damage|p2b: Diancie|0 fnt\n|faint|p2b: Diancie\n|\n|-fieldend|move: Psychic Terrain\n|upkeep\n|c|\u2606pignitewaggy|GG\n|inactive|Meme147 has 90 seconds left.\n|-message|Meme147 forfeited.\n|\n|win|pignitewaggy\n|raw|pignitewaggy's rating: 1038 &rarr; <strong>1071<\/strong><br \/>(+33 for winning)\n|raw|Meme147's rating: 1029 &rarr; <strong>1015<\/strong><br \/>(-14 for losing)\n","uploadtime":1698107824,"views":21,"p1id":"pignitewaggy","p2id":"meme147","formatid":"gen9doublesou","rating":1015,"private":0,"password":""}