{"id":"gen9doublesou-1985303200","p1":"cotesmcgotes","p2":"darkkklorddd","format":"[Gen 9] Doubles OU","log":"|j|\u2606cotesmcgotes\n|j|\u2606darkkklorddd\n|t:|1699362243\n|gametype|doubles\n|player|p1|cotesmcgotes|flannery|1268\n|player|p2|darkkklorddd|266|1348\n|teamsize|p1|6\n|teamsize|p2|6\n|gen|9\n|tier|[Gen 9] Doubles OU\n|rated|\n|rule|Species Clause: Limit one of each Pok\u00e9mon\n|rule|OHKO Clause: OHKO moves are banned\n|rule|Evasion Moves Clause: Evasion moves are banned\n|rule|Gravity Sleep Clause: The combination of sleep-inducing moves with imperfect accuracy and Gravity or Gigantamax Orbeetle are banned\n|rule|Endless Battle Clause: Forcing endless battles is banned\n|rule|HP Percentage Mod: HP is shown in percentages\n|clearpoke\n|poke|p1|Cresselia, F|\n|poke|p1|Tsareena, F|\n|poke|p1|Chien-Pao|\n|poke|p1|Gliscor, M|\n|poke|p1|Ursaluna-Bloodmoon, M|\n|poke|p1|Walking Wake|\n|poke|p2|Decidueye-Hisui, M|\n|poke|p2|Blissey, F|\n|poke|p2|Murkrow, F|\n|poke|p2|Maushold-Four|\n|poke|p2|Scizor, F|\n|poke|p2|Zoroark-Hisui, F|\n|teampreview\n|inactive|Battle timer is ON: inactive players will automatically lose when time's up. (requested by darkkklorddd)\n|\n|t:|1699362259\n|start\n|switch|p1a: Ursaluna|Ursaluna-Bloodmoon, M|100\/100\n|switch|p1b: Chien-Pao|Chien-Pao|100\/100\n|switch|p2a: Murkrow|Murkrow, F|100\/100\n|switch|p2b: Maushold|Maushold-Four|100\/100\n|-ability|p1b: Chien-Pao|Sword of Ruin\n|turn|1\n|\n|t:|1699362270\n|move|p2a: Murkrow|Tailwind|p2a: Murkrow\n|-sidestart|p2: darkkklorddd|move: Tailwind\n|move|p2b: Maushold|Population Bomb|p1a: Ursaluna\n|-damage|p1a: Ursaluna|90\/100\n|-damage|p1a: Ursaluna|79\/100\n|-damage|p1a: Ursaluna|69\/100\n|-damage|p1a: Ursaluna|58\/100\n|-damage|p1a: Ursaluna|48\/100\n|-damage|p1a: Ursaluna|37\/100\n|-damage|p1a: Ursaluna|27\/100\n|-damage|p1a: Ursaluna|17\/100\n|-damage|p1a: Ursaluna|7\/100\n|-damage|p1a: Ursaluna|0 fnt\n|faint|p1a: Ursaluna\n|-hitcount|p1: Ursaluna|10\n|move|p1b: Chien-Pao|Crunch|p2b: Maushold\n|-damage|p2b: Maushold|21\/100\n|\n|upkeep\n|\n|t:|1699362279\n|switch|p1a: Gliscor|Gliscor, M, shiny|100\/100\n|turn|2\n|\n|t:|1699362295\n|move|p1b: Chien-Pao|Sucker Punch|p2b: Maushold\n|-damage|p2b: Maushold|0 fnt\n|faint|p2b: Maushold\n|move|p2a: Murkrow|Brave Bird|p1a: Gliscor\n|-damage|p1a: Gliscor|51\/100\n|-damage|p2a: Murkrow|86\/100|[from] Recoil\n|move|p1a: Gliscor|Swords Dance|p1a: Gliscor\n|-boost|p1a: Gliscor|atk|2\n|\n|-status|p1a: Gliscor|tox|[from] item: Toxic Orb\n|upkeep\n|\n|t:|1699362307\n|switch|p2b: Scizor|Scizor, F|100\/100\n|turn|3\n|\n|t:|1699362317\n|switch|p1b: Walking Wake|Walking Wake|100\/100\n|move|p2a: Murkrow|Haze|p2a: Murkrow\n|-clearallboost\n|move|p2b: Scizor|Hyper Voice|p1b: Walking Wake|[spread] p1a,p1b\n|-damage|p1a: Gliscor|0 fnt\n|-damage|p1b: Walking Wake|70\/100\n|faint|p1a: Gliscor\n|\n|upkeep\n|\n|t:|1699362326\n|switch|p1a: Chien-Pao|Chien-Pao|100\/100\n|-ability|p1a: Chien-Pao|Sword of Ruin\n|turn|4\n|\n|t:|1699362337\n|move|p1a: Chien-Pao|Sucker Punch|p2b: Scizor\n|-supereffective|p2b: Scizor\n|-enditem|p2b: Scizor|Focus Sash\n|-damage|p2b: Scizor|1\/100\n|replace|p2b: Zoroark|Zoroark-Hisui, F\n|-end|p2b: Zoroark|Illusion\n|move|p2b: Zoroark|Hyper Voice|p1b: Walking Wake|[spread] p1a,p1b\n|-damage|p1a: Chien-Pao|59\/100\n|-damage|p1b: Walking Wake|38\/100\n|move|p2a: Murkrow|Brave Bird|p1b: Walking Wake\n|-damage|p1b: Walking Wake|0 fnt\n|faint|p1b: Walking Wake\n|-end|p1b: Walking Wake|Protosynthesis|[silent]\n|-damage|p2a: Murkrow|73\/100|[from] Recoil\n|\n|-sideend|p2: darkkklorddd|move: Tailwind\n|upkeep\n|\n|t:|1699362359\n|switch|p1b: Cresselia|Cresselia, F, shiny|100\/100\n|turn|5\n|\n|t:|1699362366\n|-terastallize|p1b: Cresselia|Electric\n|move|p1a: Chien-Pao|Sucker Punch|p2b: Zoroark\n|-supereffective|p2b: Zoroark\n|-damage|p2b: Zoroark|0 fnt\n|faint|p2b: Zoroark\n|move|p2a: Murkrow|Tailwind|p2a: Murkrow\n|-sidestart|p2: darkkklorddd|move: Tailwind\n|move|p1b: Cresselia|Calm Mind|p1b: Cresselia\n|-boost|p1b: Cresselia|spa|1\n|-boost|p1b: Cresselia|spd|1\n|\n|upkeep\n|\n|t:|1699362382\n|switch|p2b: Scizor|Scizor, F|100\/100\n|turn|6\n|\n|t:|1699362394\n|move|p2a: Murkrow|Haze|p2a: Murkrow\n|-clearallboost\n|move|p2b: Scizor|Bullet Punch|p1a: Chien-Pao\n|-supereffective|p1a: Chien-Pao\n|-damage|p1a: Chien-Pao|0 fnt\n|faint|p1a: Chien-Pao\n|-damage|p2b: Scizor|91\/100|[from] item: Life Orb\n|move|p1b: Cresselia|Charge Beam|p2a: Murkrow\n|-supereffective|p2a: Murkrow\n|-damage|p2a: Murkrow|24\/100\n|-boost|p1b: Cresselia|spa|1\n|\n|upkeep\n|\n|t:|1699362404\n|switch|p1a: Tsareena|Tsareena, F, shiny|100\/100\n|turn|7\n|\n|t:|1699362417\n|move|p2a: Murkrow|Brave Bird|p1a: Tsareena\n|-supereffective|p1a: Tsareena\n|-damage|p1a: Tsareena|20\/100\n|-damage|p2a: Murkrow|0 fnt|[from] Recoil\n|faint|p2a: Murkrow\n|move|p1a: Tsareena|Acupressure|p1b: Cresselia\n|-boost|p1b: Cresselia|evasion|2\n|move|p2b: Scizor|U-turn|p1b: Cresselia\n|-damage|p1b: Cresselia|54\/100\n|-damage|p2b: Scizor|81\/100|[from] item: Life Orb\n|\n|t:|1699362431\n|switch|p2b: Decidueye|Decidueye-Hisui, M|100\/100|[from] U-turn\n|move|p1b: Cresselia|Charge Beam|p2b: Decidueye\n|-resisted|p2b: Decidueye\n|-damage|p2b: Decidueye|86\/100\n|-boost|p1b: Cresselia|spa|1\n|\n|upkeep\n|\n|t:|1699362437\n|switch|p2a: Scizor|Scizor, F|81\/100\n|turn|8\n|\n|t:|1699362449\n|move|p2a: Scizor|Bullet Punch||[still]\n|cant|p1a: Tsareena|ability: Queenly Majesty|Bullet Punch|[of] p2a: Scizor\n|move|p1a: Tsareena|Acupressure|p1b: Cresselia\n|-boost|p1b: Cresselia|evasion|2\n|move|p2b: Decidueye|Triple Arrows|p1b: Cresselia|[miss]\n|-miss|p2b: Decidueye|p1b: Cresselia\n|move|p1b: Cresselia|Stored Power|p2b: Decidueye\n|-supereffective|p2b: Decidueye\n|-damage|p2b: Decidueye|0 fnt\n|faint|p2b: Decidueye\n|\n|-sideend|p2: darkkklorddd|move: Tailwind\n|upkeep\n|\n|t:|1699362461\n|switch|p2b: Blissey|Blissey, F|100\/100\n|turn|9\n|\n|t:|1699362477\n|move|p2a: Scizor|Bullet Punch||[still]\n|cant|p1a: Tsareena|ability: Queenly Majesty|Bullet Punch|[of] p2a: Scizor\n|move|p1a: Tsareena|Acupressure|p1b: Cresselia\n|-boost|p1b: Cresselia|evasion|2\n|move|p1b: Cresselia|Charge Beam|p2a: Scizor\n|-damage|p2a: Scizor|26\/100\n|move|p2b: Blissey|Hyper Voice|p1a: Tsareena|[spread] p1a\n|-miss|p2b: Blissey|p1b: Cresselia\n|-damage|p1a: Tsareena|0 fnt\n|faint|p1a: Tsareena\n|\n|upkeep\n|turn|10\n|\n|t:|1699362495\n|move|p1b: Cresselia|Charge Beam|p2a: Scizor\n|-damage|p2a: Scizor|0 fnt\n|faint|p2a: Scizor\n|move|p2b: Blissey|Life Dew||[still]\n|-fail|p2b: Blissey|heal\n|\n|upkeep\n|turn|11\n|\n|t:|1699362503\n|move|p1b: Cresselia|Stored Power|p2b: Blissey\n|-damage|p2b: Blissey|56\/100\n|move|p2b: Blissey|Hyper Voice|p1b: Cresselia\n|-damage|p1b: Cresselia|36\/100\n|\n|-heal|p2b: Blissey|63\/100|[from] item: Leftovers\n|upkeep\n|turn|12\n|\n|t:|1699362512\n|move|p1b: Cresselia|Calm Mind|p1b: Cresselia\n|-boost|p1b: Cresselia|spa|1\n|-boost|p1b: Cresselia|spd|1\n|move|p2b: Blissey|Life Dew|p2b: Blissey\n|-heal|p2b: Blissey|88\/100\n|\n|-heal|p2b: Blissey|94\/100|[from] item: Leftovers\n|upkeep\n|turn|13\n|\n|t:|1699362519\n|move|p1b: Cresselia|Stored Power|p2b: Blissey\n|-damage|p2b: Blissey|23\/100\n|move|p2b: Blissey|Hyper Voice|p1b: Cresselia\n|-damage|p1b: Cresselia|23\/100\n|\n|-heal|p2b: Blissey|30\/100|[from] item: Leftovers\n|upkeep\n|turn|14\n|\n|t:|1699362524\n|move|p1b: Cresselia|Stored Power|p2b: Blissey\n|-damage|p2b: Blissey|0 fnt\n|faint|p2b: Blissey\n|\n|win|cotesmcgotes\n|raw|cotesmcgotes's rating: 1268 &rarr; <strong>1299<\/strong><br \/>(+31 for winning)\n|raw|darkkklorddd's rating: 1348 &rarr; <strong>1323<\/strong><br \/>(-25 for losing)\n","uploadtime":1699362529,"views":19,"p1id":"cotesmcgotes","p2id":"darkkklorddd","formatid":"gen9doublesou","rating":1299,"private":0,"password":""}