{"id":"gen9doublesou-1999967769","p1":"Blue Kaiser dragon","p2":"MageDream\/UHE","format":"[Gen 9] Doubles OU","log":"|j|\u2606Blue Kaiser dragon\n|j|\u2606MageDream\/UHE\n|t:|1701135693\n|gametype|doubles\n|player|p1|Blue Kaiser dragon|volkner|1324\n|player|p2|MageDream\/UHE|chuck|1330\n|teamsize|p1|6\n|teamsize|p2|6\n|gen|9\n|tier|[Gen 9] Doubles OU\n|rated|\n|rule|Species Clause: Limit one of each Pok\u00e9mon\n|rule|OHKO Clause: OHKO moves are banned\n|rule|Evasion Moves Clause: Evasion moves are banned\n|rule|Gravity Sleep Clause: The combination of sleep-inducing moves with imperfect accuracy and Gravity or Gigantamax Orbeetle are banned\n|rule|Endless Battle Clause: Forcing endless battles is banned\n|rule|HP Percentage Mod: HP is shown in percentages\n|clearpoke\n|poke|p1|Kleavor, F|\n|poke|p1|Scizor, F|\n|poke|p1|Ogerpon-Wellspring, F|\n|poke|p1|Rabsca, M|\n|poke|p1|Scyther, F|\n|poke|p1|Ninetales-Alola, F|\n|poke|p2|Arcanine, M|\n|poke|p2|Rillaboom, F|\n|poke|p2|Walking Wake|\n|poke|p2|Sableye, F|\n|poke|p2|Lilligant-Hisui, F|\n|poke|p2|Ninetales, M|\n|teampreview\n|\n|t:|1701135710\n|start\n|switch|p1a: Ninetales|Ninetales-Alola, F|100\/100\n|switch|p1b: Kleavor|Kleavor, F|100\/100\n|switch|p2a: Walking Wake|Walking Wake|100\/100\n|switch|p2b: Sableye|Sableye, F|100\/100\n|-weather|Snow|[from] ability: Snow Warning|[of] p1a: Ninetales\n|turn|1\n|c|\u2606Blue Kaiser dragon|Hf gl\n|\n|t:|1701135750\n|move|p2b: Sableye|Sunny Day|p2b: Sableye\n|-weather|SunnyDay\n|-activate|p2a: Walking Wake|ability: Protosynthesis\n|-start|p2a: Walking Wake|protosynthesisspa\n|move|p2a: Walking Wake|Hydro Steam|p1b: Kleavor\n|-supereffective|p1b: Kleavor\n|-damage|p1b: Kleavor|0 fnt\n|faint|p1b: Kleavor\n|move|p1a: Ninetales|Dazzling Gleam|p2b: Sableye|[spread] p2a,p2b\n|-supereffective|p2a: Walking Wake\n|-supereffective|p2b: Sableye\n|-damage|p2a: Walking Wake|63\/100\n|-damage|p2b: Sableye|36\/100\n|\n|-weather|SunnyDay|[upkeep]\n|upkeep\n|\n|t:|1701135777\n|switch|p1b: Scyther|Scyther, F|100\/100\n|turn|2\n|inactive|Battle timer is ON: inactive players will automatically lose when time's up. (requested by Blue Kaiser dragon)\n|\n|t:|1701135828\n|switch|p2b: Ninetales|Ninetales, M, shiny|100\/100\n|-terastallize|p2a: Walking Wake|Electric\n|move|p2a: Walking Wake|Hydro Steam|p1b: Scyther\n|-enditem|p1b: Scyther|Focus Sash\n|-damage|p1b: Scyther|1\/100\n|move|p1a: Ninetales|Dazzling Gleam|p2a: Walking Wake|[spread] p2a,p2b\n|-resisted|p2b: Ninetales\n|-damage|p2a: Walking Wake|43\/100\n|-damage|p2b: Ninetales|85\/100\n|move|p1b: Scyther|Bug Bite|p2b: Ninetales\n|-resisted|p2b: Ninetales\n|-damage|p2b: Ninetales|52\/100\n|-enditem|p2b: Ninetales|Lum Berry|[from] stealeat|[move] Bug Bite|[of] p1b: Scyther\n|\n|-weather|SunnyDay|[upkeep]\n|upkeep\n|turn|3\n|inactive|Blue Kaiser dragon has 120 seconds left.\n|inactive|MageDream\/UHE has 120 seconds left.\n|c|\u2606Blue Kaiser dragon|Not bad\n|c|\u2606Blue Kaiser dragon|This will be a challenge\n|\n|t:|1701135887\n|-end|p2a: Walking Wake|Protosynthesis|[silent]\n|switch|p2a: Arcanine|Arcanine, M, shiny|100\/100\n|-ability|p2a: Arcanine|Intimidate|boost\n|-unboost|p1a: Ninetales|atk|1\n|-unboost|p1b: Scyther|atk|1\n|switch|p1a: Scizor|Scizor, F|100\/100\n|move|p1b: Scyther|Quick Attack|p2a: Arcanine\n|-damage|p2a: Arcanine|82\/100\n|move|p2b: Ninetales|Weather Ball|p1a: Scizor\n|-supereffective|p1a: Scizor\n|-enditem|p1a: Scizor|Focus Sash\n|-damage|p1a: Scizor|1\/100\n|\n|-weather|SunnyDay|[upkeep]\n|upkeep\n|turn|4\n|inactive|Blue Kaiser dragon has 90 seconds left.\n|\n|t:|1701135920\n|switch|p2a: Sableye|Sableye, F|36\/100\n|move|p1a: Scizor|Bullet Punch|p2b: Ninetales\n|-resisted|p2b: Ninetales\n|-damage|p2b: Ninetales|27\/100\n|move|p1b: Scyther|Dual Wingbeat|p2a: Sableye\n|-damage|p2a: Sableye|11\/100\n|-damage|p2a: Sableye|0 fnt\n|faint|p2a: Sableye\n|-hitcount|p2: Sableye|2\n|move|p2b: Ninetales|Heat Wave|p1b: Scyther|[spread] p1a,p1b\n|-supereffective|p1a: Scizor\n|-supereffective|p1b: Scyther\n|-damage|p1a: Scizor|0 fnt\n|-damage|p1b: Scyther|0 fnt\n|faint|p1a: Scizor\n|faint|p1b: Scyther\n|\n|-weather|SunnyDay|[upkeep]\n|upkeep\n|inactive|Blue Kaiser dragon has 90 seconds left.\n|\n|t:|1701135952\n|switch|p1b: Ninetales|Ninetales-Alola, F|100\/100\n|switch|p1a: Rabsca|Rabsca, M|100\/100\n|switch|p2a: Arcanine|Arcanine, M, shiny|82\/100\n|-weather|Snow|[from] ability: Snow Warning|[of] p1b: Ninetales\n|-ability|p2a: Arcanine|Intimidate|boost\n|-unboost|p1a: Rabsca|atk|1\n|-unboost|p1b: Ninetales|atk|1\n|turn|5\n|inactive|MageDream\/UHE has 120 seconds left.\n|inactive|Blue Kaiser dragon has 90 seconds left.\n|\n|t:|1701135975\n|move|p1b: Ninetales|Aurora Veil|p1b: Ninetales\n|-sidestart|p1: Blue Kaiser dragon|move: Aurora Veil\n|move|p2b: Ninetales|Heat Wave|p1a: Rabsca|[spread] p1a,p1b\n|-supereffective|p1a: Rabsca\n|-supereffective|p1b: Ninetales\n|-damage|p1a: Rabsca|63\/100\n|-damage|p1b: Ninetales|57\/100\n|move|p2a: Arcanine|Overheat|p1b: Ninetales\n|-supereffective|p1b: Ninetales\n|-damage|p1b: Ninetales|0 fnt\n|-unboost|p2a: Arcanine|spa|2\n|faint|p1b: Ninetales\n|move|p1a: Rabsca|Revival Blessing|p1a: Rabsca\n|-enditem|p1a: Rabsca|Leppa Berry|[eat]\n|-activate|p1a: Rabsca|item: Leppa Berry|Revival Blessing|[consumed]\n|inactive|Blue Kaiser dragon has 90 seconds left.\n|\n|t:|1701136009\n|-heal|p1: Scizor|50\/100|[from] move: Revival Blessing\n|\n|-weather|Snow|[upkeep]\n|upkeep\n|inactive|Blue Kaiser dragon has 60 seconds left.\n|\n|t:|1701136020\n|switch|p1b: Ogerpon|Ogerpon-Wellspring, F|100\/100\n|turn|6\n|\n|t:|1701136044\n|switch|p2b: Lilligant|Lilligant-Hisui, F|100\/100\n|switch|p2a: Rillaboom|Rillaboom, F|100\/100\n|-fieldstart|move: Grassy Terrain|[from] ability: Grassy Surge|[of] p2a: Rillaboom\n|-terastallize|p1b: Ogerpon|Water\n|detailschange|p1b: Ogerpon|Ogerpon-Wellspring-Tera, F, tera:Water\n|-ability|p1b: Ogerpon|Embody Aspect (Wellspring)|boost\n|-boost|p1b: Ogerpon|spd|1\n|move|p1b: Ogerpon|Swords Dance|p1b: Ogerpon\n|-boost|p1b: Ogerpon|atk|2\n|move|p1a: Rabsca|Psychic|p2b: Lilligant\n|-supereffective|p2b: Lilligant\n|-damage|p2b: Lilligant|0 fnt\n|faint|p2b: Lilligant\n|\n|-weather|Snow|[upkeep]\n|-heal|p1a: Rabsca|69\/100|[from] Grassy Terrain\n|upkeep\n|\n|t:|1701136067\n|switch|p2b: Arcanine|Arcanine, M, shiny|82\/100\n|-ability|p2b: Arcanine|Intimidate|boost\n|-unboost|p1a: Rabsca|atk|1\n|-unboost|p1b: Ogerpon|atk|1\n|turn|7\n|inactive|Blue Kaiser dragon has 90 seconds left.\n|\n|t:|1701136093\n|switch|p2b: Ninetales|Ninetales, M, shiny|27\/100\n|-weather|SunnyDay|[from] ability: Drought|[of] p2b: Ninetales\n|move|p2a: Rillaboom|Grassy Glide|p1b: Ogerpon\n|-supereffective|p1b: Ogerpon\n|-damage|p1b: Ogerpon|0 fnt\n|faint|p1b: Ogerpon\n|move|p1a: Rabsca|Bug Buzz|p2a: Rillaboom\n|-supereffective|p2a: Rillaboom\n|-damage|p2a: Rillaboom|0 fnt\n|faint|p2a: Rillaboom\n|\n|-weather|SunnyDay|[upkeep]\n|-heal|p2b: Ninetales|33\/100|[from] Grassy Terrain\n|-heal|p1a: Rabsca|75\/100|[from] Grassy Terrain\n|upkeep\n|inactive|Blue Kaiser dragon has 90 seconds left.\n|\n|t:|1701136112\n|switch|p1b: Scizor|Scizor, F|50\/100\n|switch|p2a: Arcanine|Arcanine, M, shiny|82\/100\n|-ability|p2a: Arcanine|Intimidate|boost\n|-unboost|p1a: Rabsca|atk|1\n|-unboost|p1b: Scizor|atk|1\n|turn|8\n|c|\u2606Blue Kaiser dragon|Ouch\n|c|\u2606Blue Kaiser dragon|My mom\n|inactive|Blue Kaiser dragon has 90 seconds left.\n|c|\u2606MageDream\/UHE|yeowch even\n|inactive|Blue Kaiser dragon has 60 seconds left.\n|\n|t:|1701136181\n|move|p1b: Scizor|Bullet Punch|p2b: Ninetales\n|-resisted|p2b: Ninetales\n|-damage|p2b: Ninetales|15\/100\n|move|p2b: Ninetales|Healing Wish|p2b: Ninetales\n|faint|p2b: Ninetales\n|move|p2a: Arcanine|Overheat|p1a: Rabsca\n|-supereffective|p1a: Rabsca\n|-damage|p1a: Rabsca|0 fnt\n|-unboost|p2a: Arcanine|spa|2\n|faint|p1a: Rabsca\n|\n|-weather|SunnyDay|[upkeep]\n|-heal|p2a: Arcanine|88\/100|[from] Grassy Terrain\n|-heal|p1b: Scizor|56\/100|[from] Grassy Terrain\n|upkeep\n|c|\u2606MageDream\/UHE|damn not even ninetails\n|\n|t:|1701136200\n|switch|p2b: Walking Wake|Walking Wake, tera:Electric|43\/100\n|-heal|p2b: Walking Wake|100\/100|[from] move: Healing Wish\n|-activate|p2b: Walking Wake|ability: Protosynthesis\n|-start|p2b: Walking Wake|protosynthesisspa\n|turn|9\n|\n|t:|1701136212\n|move|p2a: Arcanine|Extreme Speed|p1b: Scizor\n|-resisted|p1b: Scizor\n|-damage|p1b: Scizor|47\/100\n|move|p2b: Walking Wake|Weather Ball|p1b: Scizor\n|-supereffective|p1b: Scizor\n|-damage|p1b: Scizor|0 fnt\n|faint|p1b: Scizor\n|\n|win|MageDream\/UHE\n|raw|Blue Kaiser dragon's rating: 1324 &rarr; <strong>1304<\/strong><br \/>(-20 for losing)\n|raw|MageDream&#x2f;UHE's rating: 1330 &rarr; <strong>1350<\/strong><br \/>(+20 for winning)\n|c|\u2606MageDream\/UHE|I thought it'd give purpose to a fast sun team\n|c|\u2606MageDream\/UHE|ninetails lacks a bit of...\n|c|\u2606MageDream\/UHE|firepower\n|c|\u2606MageDream\/UHE|that's all folks gg\n|l|\u2606Blue Kaiser dragon\n","uploadtime":1701136446,"views":6,"p1id":"bluekaiserdragon","p2id":"magedreamuhe","formatid":"gen9doublesou","rating":1304,"private":0,"password":""}