{"id":"gen9doublesou-1975619883","p1":"thegoodislikewater","p2":"artur.ramos_","format":"[Gen 9] Doubles OU","log":"|j|\u2606thegoodislikewater\n|j|\u2606artur.ramos_\n|t:|1698214233\n|gametype|doubles\n|player|p1|thegoodislikewater|veteran|1265\n|player|p2|artur.ramos_|n|1224\n|teamsize|p1|6\n|teamsize|p2|6\n|gen|9\n|tier|[Gen 9] Doubles OU\n|rated|\n|rule|Species Clause: Limit one of each Pok\u00e9mon\n|rule|OHKO Clause: OHKO moves are banned\n|rule|Evasion Moves Clause: Evasion moves are banned\n|rule|Gravity Sleep Clause: The combination of sleep-inducing moves with imperfect accuracy and Gravity or Gigantamax Orbeetle are banned\n|rule|Endless Battle Clause: Forcing endless battles is banned\n|rule|HP Percentage Mod: HP is shown in percentages\n|clearpoke\n|poke|p1|Ursaluna-Bloodmoon, M|\n|poke|p1|Dusclops, M|\n|poke|p1|Amoonguss, M|\n|poke|p1|Rillaboom, M|\n|poke|p1|Scizor, M|\n|poke|p1|Heatran, M|\n|poke|p2|Pelipper, F|\n|poke|p2|Basculegion-F, F|\n|poke|p2|Zapdos|\n|poke|p2|Amoonguss, M|\n|poke|p2|Ludicolo, M|\n|poke|p2|Garchomp, F|\n|teampreview\n|inactive|Battle timer is ON: inactive players will automatically lose when time's up. (requested by artur.ramos_)\n|\n|t:|1698214267\n|start\n|switch|p1a: Rillaboom|Rillaboom, M|100\/100\n|switch|p1b: Dusclops|Dusclops, M, shiny|100\/100\n|switch|p2a: Pelipper|Pelipper, F|100\/100\n|switch|p2b: Zapdos|Zapdos, shiny|100\/100\n|-fieldstart|move: Grassy Terrain|[from] ability: Grassy Surge|[of] p1a: Rillaboom\n|-weather|RainDance|[from] ability: Drizzle|[of] p2a: Pelipper\n|-item|p2a: Pelipper|Focus Sash|[from] ability: Frisk|[of] p1b: Dusclops|[identify]\n|-item|p2b: Zapdos|Heavy-Duty Boots|[from] ability: Frisk|[of] p1b: Dusclops|[identify]\n|turn|1\n|\n|t:|1698214289\n|move|p1a: Rillaboom|Fake Out|p2a: Pelipper\n|-damage|p2a: Pelipper|88\/100\n|move|p2b: Zapdos|Hurricane|p1a: Rillaboom\n|-supereffective|p1a: Rillaboom\n|-damage|p1a: Rillaboom|29\/100\n|-start|p1a: Rillaboom|confusion\n|cant|p2a: Pelipper|flinch\n|move|p1b: Dusclops|Trick Room|p1b: Dusclops\n|-fieldstart|move: Trick Room|[of] p1b: Dusclops\n|\n|-weather|RainDance|[upkeep]\n|-heal|p1a: Rillaboom|35\/100|[from] Grassy Terrain\n|upkeep\n|turn|2\n|\n|t:|1698214306\n|switch|p1b: Amoonguss|Amoonguss, M, shiny|100\/100\n|move|p2a: Pelipper|Hurricane|p1a: Rillaboom\n|-supereffective|p1a: Rillaboom\n|-damage|p1a: Rillaboom|0 fnt\n|faint|p1a: Rillaboom\n|move|p2b: Zapdos|Thunder|p1b: Amoonguss\n|-resisted|p1b: Amoonguss\n|-damage|p1b: Amoonguss|80\/100\n|-status|p1b: Amoonguss|par\n|\n|-weather|RainDance|[upkeep]\n|-heal|p1b: Amoonguss|86\/100 par|[from] Grassy Terrain\n|upkeep\n|\n|t:|1698214313\n|switch|p1a: Ursaluna|Ursaluna-Bloodmoon, M|100\/100\n|turn|3\n|\n|t:|1698214327\n|-terastallize|p1a: Ursaluna|Normal\n|cant|p1b: Amoonguss|par\n|move|p1a: Ursaluna|Blood Moon|p2a: Pelipper\n|-damage|p2a: Pelipper|0 fnt\n|faint|p2a: Pelipper\n|-damage|p1a: Ursaluna|91\/100|[from] item: Life Orb\n|move|p2b: Zapdos|Tailwind|p2b: Zapdos\n|-sidestart|p2: artur.ramos_|move: Tailwind\n|\n|-weather|RainDance|[upkeep]\n|-heal|p1b: Amoonguss|93\/100 par|[from] Grassy Terrain\n|-heal|p1a: Ursaluna|97\/100|[from] Grassy Terrain\n|upkeep\n|c|\u2606artur.ramos_|fuck\n|c|\u2606artur.ramos_|i miss clickled\n|c|\u2606thegoodislikewater|hhh\n|inactive|artur.ramos_ has 120 seconds left.\n|\n|t:|1698214362\n|switch|p2a: Amoonguss|Amoonguss, M, shiny|100\/100\n|turn|4\n|\n|t:|1698214371\n|move|p1a: Ursaluna|Protect|p1a: Ursaluna\n|-singleturn|p1a: Ursaluna|Protect\n|cant|p1b: Amoonguss|par\n|move|p2a: Amoonguss|Spore|p1a: Ursaluna\n|-activate|p1a: Ursaluna|move: Protect\n|move|p2b: Zapdos|Hurricane|p1b: Amoonguss\n|-supereffective|p1b: Amoonguss\n|-damage|p1b: Amoonguss|13\/100 par\n|-start|p1b: Amoonguss|confusion\n|-enditem|p1b: Amoonguss|Aguav Berry|[eat]\n|-heal|p1b: Amoonguss|47\/100 par|[from] item: Aguav Berry\n|\n|-weather|RainDance|[upkeep]\n|-heal|p1b: Amoonguss|53\/100 par|[from] Grassy Terrain\n|-heal|p1a: Ursaluna|100\/100|[from] Grassy Terrain\n|upkeep\n|turn|5\n|\n|t:|1698214392\n|-activate|p1b: Amoonguss|confusion\n|move|p1b: Amoonguss|Spore|p2b: Zapdos\n|-status|p2b: Zapdos|slp|[from] move: Spore\n|move|p1a: Ursaluna|Calm Mind|p1a: Ursaluna\n|-boost|p1a: Ursaluna|spa|1\n|-boost|p1a: Ursaluna|spd|1\n|move|p2a: Amoonguss|Spore|p1a: Ursaluna\n|-status|p1a: Ursaluna|slp|[from] move: Spore\n|cant|p2b: Zapdos|slp\n|\n|-weather|none\n|-heal|p1b: Amoonguss|59\/100 par|[from] Grassy Terrain\n|-fieldend|move: Trick Room\n|-fieldend|move: Grassy Terrain\n|upkeep\n|turn|6\n|\n|t:|1698214415\n|switch|p1b: Dusclops|Dusclops, M, shiny|100\/100\n|-item|p2a: Amoonguss|Aguav Berry|[from] ability: Frisk|[of] p1b: Dusclops|[identify]\n|-item|p2b: Zapdos|Heavy-Duty Boots|[from] ability: Frisk|[of] p1b: Dusclops|[identify]\n|-curestatus|p2b: Zapdos|slp|[msg]\n|move|p2b: Zapdos|Thunder|p1a: Ursaluna\n|-damage|p1a: Ursaluna|65\/100 slp\n|move|p2a: Amoonguss|Clear Smog|p1a: Ursaluna\n|-damage|p1a: Ursaluna|54\/100 slp\n|-clearboost|p1a: Ursaluna\n|cant|p1a: Ursaluna|slp\n|\n|-sideend|p2: artur.ramos_|move: Tailwind\n|upkeep\n|turn|7\n|\n|t:|1698214443\n|move|p2b: Zapdos|Hurricane|p1a: Ursaluna|[miss]\n|-miss|p2b: Zapdos|p1a: Ursaluna\n|-curestatus|p1a: Ursaluna|slp|[msg]\n|move|p1a: Ursaluna|Blood Moon|p2b: Zapdos\n|-damage|p2b: Zapdos|0 fnt\n|faint|p2b: Zapdos\n|-damage|p1a: Ursaluna|45\/100|[from] item: Life Orb\n|move|p2a: Amoonguss|Spore|p1b: Dusclops\n|-status|p1b: Dusclops|slp|[from] move: Spore\n|cant|p1b: Dusclops|slp\n|\n|upkeep\n|inactive|artur.ramos_ has 120 seconds left.\n|\n|t:|1698214457\n|switch|p2b: Ludicolo|Ludicolo, M|100\/100\n|turn|8\n|\n|t:|1698214465\n|switch|p1b: Amoonguss|Amoonguss, M, shiny|93\/100 par\n|move|p1a: Ursaluna|Protect|p1a: Ursaluna\n|-singleturn|p1a: Ursaluna|Protect\n|move|p2b: Ludicolo|Rain Dance|p2b: Ludicolo\n|-weather|RainDance\n|move|p2a: Amoonguss|Spore|p1a: Ursaluna\n|-activate|p1a: Ursaluna|move: Protect\n|\n|-weather|RainDance|[upkeep]\n|upkeep\n|turn|9\n|\n|t:|1698214485\n|switch|p1a: Dusclops|Dusclops, M, shiny|100\/100 slp\n|-item|p2a: Amoonguss|Aguav Berry|[from] ability: Frisk|[of] p1a: Dusclops|[identify]\n|-item|p2b: Ludicolo|Life Orb|[from] ability: Frisk|[of] p1a: Dusclops|[identify]\n|move|p2b: Ludicolo|Ice Beam|p1b: Amoonguss\n|-supereffective|p1b: Amoonguss\n|-damage|p1b: Amoonguss|40\/100 par\n|-damage|p2b: Ludicolo|91\/100|[from] item: Life Orb\n|move|p2a: Amoonguss|Spore|p1a: Dusclops\n|-fail|p1a: Dusclops|slp\n|move|p1b: Amoonguss|Pollen Puff|p1a: Dusclops\n|-immune|p1a: Dusclops\n|\n|-weather|RainDance|[upkeep]\n|upkeep\n|turn|10\n|c|\u2606artur.ramos_|fdp kkkkk\n|\n|t:|1698214518\n|switch|p2a: Basculegion|Basculegion-F, F, shiny|100\/100\n|switch|p1b: Scizor|Scizor, M|100\/100\n|move|p2b: Ludicolo|Ice Beam|p1b: Scizor\n|-resisted|p1b: Scizor\n|-damage|p1b: Scizor|78\/100\n|-damage|p2b: Ludicolo|81\/100|[from] item: Life Orb\n|cant|p1a: Dusclops|slp\n|\n|-weather|RainDance|[upkeep]\n|upkeep\n|turn|11\n|inactive|artur.ramos_ has 120 seconds left.\n|\n|t:|1698214553\n|move|p1b: Scizor|Protect|p1b: Scizor\n|-singleturn|p1b: Scizor|Protect\n|move|p2a: Basculegion|Shadow Ball|p1a: Dusclops\n|-supereffective|p1a: Dusclops\n|-damage|p1a: Dusclops|64\/100 slp\n|move|p2b: Ludicolo|Ice Beam|p1a: Dusclops\n|-damage|p1a: Dusclops|46\/100 slp\n|-damage|p2b: Ludicolo|71\/100|[from] item: Life Orb\n|-curestatus|p1a: Dusclops|slp|[msg]\n|move|p1a: Dusclops|Will-O-Wisp|p2a: Basculegion\n|-status|p2a: Basculegion|brn\n|\n|-weather|RainDance|[upkeep]\n|-damage|p2a: Basculegion|94\/100 brn|[from] brn\n|upkeep\n|turn|12\n|inactive|artur.ramos_ has 120 seconds left.\n|inactive|thegoodislikewater has 120 seconds left.\n|\n|t:|1698214590\n|switch|p1a: Heatran|Heatran, M|100\/100\n|move|p2a: Basculegion|Shadow Ball|p1a: Heatran\n|-damage|p1a: Heatran|73\/100\n|move|p2b: Ludicolo|Energy Ball|p1a: Heatran\n|-resisted|p1a: Heatran\n|-damage|p1a: Heatran|62\/100\n|-damage|p2b: Ludicolo|62\/100|[from] item: Life Orb\n|move|p1b: Scizor|U-turn|p2b: Ludicolo\n|-supereffective|p2b: Ludicolo\n|-damage|p2b: Ludicolo|0 fnt\n|faint|p2b: Ludicolo\n|\n|t:|1698214606\n|switch|p1b: Amoonguss|Amoonguss, M, shiny|73\/100 par|[from] U-turn\n|\n|-weather|none\n|-heal|p1a: Heatran|68\/100|[from] item: Leftovers\n|-damage|p2a: Basculegion|88\/100 brn|[from] brn\n|upkeep\n|inactive|artur.ramos_ has 120 seconds left.\n|\n|t:|1698214617\n|switch|p2b: Garchomp|Garchomp, F, shiny|100\/100\n|turn|13\n|\n|t:|1698214627\n|move|p1a: Heatran|Protect|p1a: Heatran\n|-singleturn|p1a: Heatran|Protect\n|move|p2b: Garchomp|Earthquake|p1a: Heatran|[spread] p2a,p1b\n|-activate|p1a: Heatran|move: Protect\n|-damage|p2a: Basculegion|42\/100 brn\n|-damage|p1b: Amoonguss|36\/100 par\n|move|p2a: Basculegion|Ice Beam|p1b: Amoonguss\n|-supereffective|p1b: Amoonguss\n|-damage|p1b: Amoonguss|0 fnt\n|faint|p1b: Amoonguss\n|\n|-heal|p1a: Heatran|74\/100|[from] item: Leftovers\n|-damage|p2a: Basculegion|36\/100 brn|[from] brn\n|upkeep\n|\n|t:|1698214641\n|switch|p1b: Dusclops|Dusclops, M, shiny|46\/100\n|-item|p2a: Basculegion|Assault Vest|[from] ability: Frisk|[of] p1b: Dusclops|[identify]\n|-item|p2b: Garchomp|Clear Amulet|[from] ability: Frisk|[of] p1b: Dusclops|[identify]\n|turn|14\n|\n|t:|1698214650\n|switch|p1a: Ursaluna|Ursaluna-Bloodmoon, M, tera:Normal|45\/100\n|-terastallize|p2b: Garchomp|Ground\n|move|p2b: Garchomp|Earthquake|p1b: Dusclops|[spread] p2a,p1a,p1b\n|-damage|p2a: Basculegion|0 fnt\n|-damage|p1a: Ursaluna|10\/100\n|-damage|p1b: Dusclops|12\/100\n|faint|p2a: Basculegion\n|move|p1b: Dusclops|Will-O-Wisp|p2b: Garchomp\n|-status|p2b: Garchomp|brn\n|\n|-damage|p2b: Garchomp|94\/100 brn|[from] brn\n|upkeep\n|\n|t:|1698214664\n|switch|p2a: Amoonguss|Amoonguss, M, shiny|100\/100\n|turn|15\n|\n|t:|1698214674\n|move|p2b: Garchomp|Dragon Claw|p1b: Dusclops\n|-damage|p1b: Dusclops|0 fnt\n|faint|p1b: Dusclops\n|move|p1a: Ursaluna|Blood Moon|p2a: Amoonguss\n|-damage|p2a: Amoonguss|0 fnt\n|faint|p2a: Amoonguss\n|-damage|p1a: Ursaluna|0 fnt|[from] item: Life Orb\n|faint|p1a: Ursaluna\n|\n|-damage|p2b: Garchomp|88\/100 brn|[from] brn\n|upkeep\n|\n|t:|1698214680\n|switch|p1a: Scizor|Scizor, M|78\/100\n|switch|p1b: Heatran|Heatran, M|74\/100\n|turn|16\n|c|\u2606artur.ramos_|\ud83d\ude2d\ud83d\ude2d\n|\n|t:|1698214697\n|move|p1a: Scizor|Bullet Punch|p2b: Garchomp\n|-damage|p2b: Garchomp|53\/100 brn\n|-damage|p1a: Scizor|66\/100|[from] ability: Rough Skin|[of] p2b: Garchomp\n|move|p2b: Garchomp|Earthquake|p1b: Heatran|[spread] p1a,p1b\n|-supereffective|p1b: Heatran\n|-damage|p1a: Scizor|41\/100\n|-damage|p1b: Heatran|0 fnt\n|faint|p1b: Heatran\n|\n|-damage|p2b: Garchomp|46\/100 brn|[from] brn\n|upkeep\n|turn|17\n|\n|t:|1698214722\n|move|p1a: Scizor|Protect|p1a: Scizor\n|-singleturn|p1a: Scizor|Protect\n|move|p2b: Garchomp|Brick Break|p1a: Scizor\n|-activate|p1a: Scizor|move: Protect\n|\n|-damage|p2b: Garchomp|40\/100 brn|[from] brn\n|upkeep\n|turn|18\n|\n|t:|1698214732\n|move|p1a: Scizor|Bullet Punch|p2b: Garchomp\n|-damage|p2b: Garchomp|6\/100 brn\n|-damage|p1a: Scizor|29\/100|[from] ability: Rough Skin|[of] p2b: Garchomp\n|move|p2b: Garchomp|Brick Break|p1a: Scizor\n|-damage|p1a: Scizor|15\/100\n|-damage|p2b: Garchomp|0 fnt|[from] item: Rocky Helmet|[of] p1a: Scizor\n|faint|p2b: Garchomp\n|\n|win|thegoodislikewater\n|raw|thegoodislikewater's rating: 1265 &rarr; <strong>1287<\/strong><br \/>(+22 for winning)\n|raw|artur.ramos_'s rating: 1224 &rarr; <strong>1202<\/strong><br \/>(-22 for losing)\n","uploadtime":1698214502,"views":20,"p1id":"thegoodislikewater","p2id":"arturramos","formatid":"gen9doublesou","rating":1202,"private":0,"password":""}