{"id":"gen9doublesou-1984378799","p1":"Sinistcha","p2":"Buzzpeep","format":"[Gen 9] Doubles OU","log":"|j|\u2606Sinistcha\n|j|\u2606Buzzpeep\n|inactive|Battle timer is ON: inactive players will automatically lose when time's up.\n|t:|1699252735\n|gametype|doubles\n|player|p1|Sinistcha|carmine|\n|player|p2|Buzzpeep|proton|\n|teamsize|p1|6\n|teamsize|p2|6\n|gen|9\n|tier|[Gen 9] Doubles OU\n|rated|Tournament battle\n|rule|Species Clause: Limit one of each Pok\u00e9mon\n|rule|OHKO Clause: OHKO moves are banned\n|rule|Evasion Moves Clause: Evasion moves are banned\n|rule|Gravity Sleep Clause: The combination of sleep-inducing moves with imperfect accuracy and Gravity or Gigantamax Orbeetle are banned\n|rule|Endless Battle Clause: Forcing endless battles is banned\n|rule|HP Percentage Mod: HP is shown in percentages\n|clearpoke\n|poke|p1|Gliscor, F|\n|poke|p1|Chimecho, M|\n|poke|p1|Pawmot, M|\n|poke|p1|Forretress, M|\n|poke|p1|Milotic, F|\n|poke|p1|Politoed, F|\n|poke|p2|Mudsdale, F|\n|poke|p2|Weezing-Galar, F|\n|poke|p2|Kilowattrel, F|\n|poke|p2|Golem-Alola, F|\n|poke|p2|Ninetales-Alola, F|\n|poke|p2|Espathra, M|\n|teampreview\n|j|*Lady Monita \u263d\n|j| Im dumb srly\n|\n|t:|1699252745\n|start\n|switch|p1a: Gliscor|Gliscor, F|100\/100\n|switch|p1b: Forretress|Forretress, M|100\/100\n|switch|p2a: Golem|Golem-Alola, F|100\/100\n|switch|p2b: Mudsdale|Mudsdale, F|100\/100\n|turn|1\n|inactive|Sinistcha has 120 seconds left.\n|\n|t:|1699252783\n|move|p1a: Gliscor|Toxic Spikes|p2a: Golem\n|-sidestart|p2: Buzzpeep|move: Toxic Spikes\n|move|p2a: Golem|Body Slam|p1b: Forretress\n|-damage|p1b: Forretress|53\/100\n|move|p1b: Forretress|Toxic Spikes|p2b: Mudsdale\n|-sidestart|p2: Buzzpeep|move: Toxic Spikes\n|move|p2b: Mudsdale|Rock Slide|p1b: Forretress|[spread] p1a\n|-miss|p2b: Mudsdale|p1b: Forretress\n|-damage|p1a: Gliscor|91\/100\n|\n|-status|p1a: Gliscor|tox|[from] item: Toxic Orb\n|upkeep\n|turn|2\n|\n|t:|1699252810\n|switch|p2a: Kilowattrel|Kilowattrel, F|100\/100\n|move|p1a: Gliscor|High Horsepower|p2a: Kilowattrel\n|-immune|p2a: Kilowattrel\n|move|p1b: Forretress|Stealth Rock|p2b: Mudsdale\n|-sidestart|p2: Buzzpeep|move: Stealth Rock\n|move|p2b: Mudsdale|Body Slam|p1b: Forretress\n|-resisted|p1b: Forretress\n|-crit|p1b: Forretress\n|-damage|p1b: Forretress|43\/100\n|-status|p1b: Forretress|par\n|\n|-heal|p1a: Gliscor|100\/100 tox|[from] ability: Poison Heal\n|upkeep\n|turn|3\n|inactive|Sinistcha has 120 seconds left.\n|\n|t:|1699252855\n|move|p2a: Kilowattrel|Air Slash|p1a: Gliscor\n|-damage|p1a: Gliscor|58\/100 tox\n|move|p1a: Gliscor|Knock Off|p2a: Kilowattrel\n|-damage|p2a: Kilowattrel|60\/100\n|-enditem|p2a: Kilowattrel|Focus Sash|[from] move: Knock Off|[of] p1a: Gliscor\n|move|p2b: Mudsdale|Rock Slide|p1a: Gliscor|[spread] p1a,p1b\n|-damage|p1a: Gliscor|49\/100 tox\n|-damage|p1b: Forretress|35\/100 par\n|cant|p1b: Forretress|flinch\n|\n|-heal|p1a: Gliscor|61\/100 tox|[from] ability: Poison Heal\n|upkeep\n|turn|4\n|\n|t:|1699252870\n|move|p1a: Gliscor|Protect|p1a: Gliscor\n|-singleturn|p1a: Gliscor|Protect\n|move|p2a: Kilowattrel|Air Slash|p1a: Gliscor\n|-activate|p1a: Gliscor|move: Protect\n|move|p2b: Mudsdale|Rock Slide|p1a: Gliscor|[spread] p1b\n|-activate|p1a: Gliscor|move: Protect\n|-damage|p1b: Forretress|27\/100 par\n|move|p1b: Forretress|Explosion|p2b: Mudsdale|[spread] p2a,p2b\n|-activate|p1a: Gliscor|move: Protect\n|-damage|p2a: Kilowattrel|0 fnt\n|-damage|p2b: Mudsdale|66\/100\n|-ability|p2b: Mudsdale|Stamina|boost\n|-boost|p2b: Mudsdale|def|1\n|faint|p1b: Forretress\n|faint|p2a: Kilowattrel\n|\n|-heal|p2b: Mudsdale|72\/100|[from] item: Leftovers\n|-heal|p1a: Gliscor|74\/100 tox|[from] ability: Poison Heal\n|upkeep\n|j| bnm5g\n|\n|t:|1699252894\n|switch|p2a: Ninetales|Ninetales-Alola, F|100\/100\n|switch|p1b: Milotic|Milotic, F|100\/100\n|-status|p2a: Ninetales|tox\n|-damage|p2a: Ninetales|75\/100 tox|[from] Stealth Rock\n|-weather|Snow|[from] ability: Snow Warning|[of] p2a: Ninetales\n|turn|5\n|j| sneggus\n|\n|t:|1699252906\n|switch|p1a: Politoed|Politoed, F|100\/100\n|move|p2b: Mudsdale|Protect|p2b: Mudsdale\n|-singleturn|p2b: Mudsdale|Protect\n|move|p2a: Ninetales|Aurora Veil|p2a: Ninetales\n|-sidestart|p2: Buzzpeep|move: Aurora Veil\n|move|p1b: Milotic|Hydro Pump|p2b: Mudsdale\n|-activate|p2b: Mudsdale|move: Protect\n|\n|-weather|Snow|[upkeep]\n|-heal|p2b: Mudsdale|78\/100|[from] item: Leftovers\n|-damage|p2a: Ninetales|69\/100 tox|[from] psn\n|upkeep\n|turn|6\n|l| Im dumb srly\n|inactive|Sinistcha has 120 seconds left.\n|inactive|Buzzpeep has 120 seconds left.\n|\n|t:|1699252941\n|-terastallize|p2b: Mudsdale|Water\n|move|p2a: Ninetales|Freeze-Dry|p1a: Politoed\n|-supereffective|p1a: Politoed\n|-damage|p1a: Politoed|64\/100\n|move|p1b: Milotic|Hydro Pump|p2a: Ninetales\n|-damage|p2a: Ninetales|29\/100 tox\n|move|p1a: Politoed|Hypnosis|p2b: Mudsdale\n|-status|p2b: Mudsdale|slp|[from] move: Hypnosis\n|cant|p2b: Mudsdale|slp\n|\n|-weather|Snow|[upkeep]\n|-heal|p2b: Mudsdale|84\/100 slp|[from] item: Leftovers\n|-damage|p2a: Ninetales|17\/100 tox|[from] psn\n|upkeep\n|turn|7\n|inactive|Sinistcha has 120 seconds left.\n|inactive|Sinistcha has 90 seconds left.\n|\n|t:|1699253012\n|switch|p1b: Chimecho|Chimecho, M|100\/100\n|move|p1a: Politoed|Protect|p1a: Politoed\n|-singleturn|p1a: Politoed|Protect\n|move|p2a: Ninetales|Freeze-Dry|p1b: Chimecho\n|-damage|p1b: Chimecho|79\/100\n|cant|p2b: Mudsdale|slp\n|\n|-weather|Snow|[upkeep]\n|-heal|p2b: Mudsdale|91\/100 slp|[from] item: Leftovers\n|-damage|p2a: Ninetales|0 fnt|[from] psn\n|faint|p2a: Ninetales\n|upkeep\n|inactive|Buzzpeep has 120 seconds left.\n|\n|t:|1699253022\n|switch|p2a: Espathra|Espathra, M|100\/100\n|-status|p2a: Espathra|tox\n|-damage|p2a: Espathra|88\/100 tox|[from] Stealth Rock\n|turn|8\n|inactive|Sinistcha has 90 seconds left.\n|\n|t:|1699253045\n|move|p2a: Espathra|Calm Mind|p2a: Espathra\n|-boost|p2a: Espathra|spa|1\n|-boost|p2a: Espathra|spd|1\n|move|p1a: Politoed|Encore|p2b: Mudsdale\n|-start|p2b: Mudsdale|Encore\n|move|p1b: Chimecho|Psychic|p2b: Mudsdale\n|-damage|p2b: Mudsdale|77\/100 slp\n|-ability|p2b: Mudsdale|Stamina|boost\n|-boost|p2b: Mudsdale|def|1\n|-curestatus|p2b: Mudsdale|slp|[msg]\n|move|p2b: Mudsdale|Protect||[still]\n|-fail|p2b: Mudsdale\n|\n|-weather|Snow|[upkeep]\n|-heal|p2a: Espathra|94\/100 tox|[from] item: Leftovers\n|-heal|p2b: Mudsdale|83\/100|[from] item: Leftovers\n|-damage|p2a: Espathra|88\/100 tox|[from] psn\n|-ability|p2a: Espathra|Speed Boost|boost\n|-boost|p2a: Espathra|spe|1\n|upkeep\n|turn|9\n|inactive|Sinistcha has 90 seconds left.\n|j| Im dumb srly\n|\n|t:|1699253068\n|move|p2b: Mudsdale|Protect|p2b: Mudsdale\n|-singleturn|p2b: Mudsdale|Protect\n|move|p2a: Espathra|Stored Power|p1a: Politoed\n|-damage|p1a: Politoed|38\/100\n|-enditem|p1a: Politoed|Sitrus Berry|[eat]\n|-heal|p1a: Politoed|62\/100|[from] item: Sitrus Berry\n|move|p1a: Politoed|Encore|p2a: Espathra\n|-start|p2a: Espathra|Encore\n|move|p1b: Chimecho|Disable|p2a: Espathra\n|-start|p2a: Espathra|Disable|Stored Power\n|\n|-weather|none\n|-heal|p2a: Espathra|94\/100 tox|[from] item: Leftovers\n|-heal|p2b: Mudsdale|89\/100|[from] item: Leftovers\n|-damage|p2a: Espathra|82\/100 tox|[from] psn\n|-ability|p2a: Espathra|Speed Boost|boost\n|-boost|p2a: Espathra|spe|1\n|upkeep\n|turn|10\n|inactive|Sinistcha has 90 seconds left.\n|\n|t:|1699253095\n|move|p2b: Mudsdale|Protect|p2b: Mudsdale\n|-singleturn|p2b: Mudsdale|Protect\n|-activate|p2a: Espathra|move: Struggle\n|move|p2a: Espathra|Struggle|p1b: Chimecho\n|-damage|p1b: Chimecho|72\/100\n|-damage|p2a: Espathra|57\/100 tox|[from] recoil\n|move|p1a: Politoed|Icy Wind|p2b: Mudsdale|[spread] p2a\n|-activate|p2b: Mudsdale|move: Protect\n|-damage|p2a: Espathra|52\/100 tox\n|-unboost|p2a: Espathra|spe|1\n|move|p1b: Chimecho|Psychic|p2b: Mudsdale\n|-activate|p2b: Mudsdale|move: Protect\n|\n|-heal|p2a: Espathra|58\/100 tox|[from] item: Leftovers\n|-heal|p2b: Mudsdale|95\/100|[from] item: Leftovers\n|-damage|p2a: Espathra|40\/100 tox|[from] psn\n|-end|p2b: Mudsdale|Encore\n|-ability|p2a: Espathra|Speed Boost|boost\n|-boost|p2a: Espathra|spe|1\n|upkeep\n|turn|11\n|inactive|Sinistcha has 90 seconds left.\n|\n|t:|1699253120\n|-activate|p2a: Espathra|move: Struggle\n|move|p2a: Espathra|Struggle|p1b: Chimecho\n|-damage|p1b: Chimecho|65\/100\n|-damage|p2a: Espathra|14\/100 tox|[from] recoil\n|move|p1a: Politoed|Encore|p2b: Mudsdale\n|-start|p2b: Mudsdale|Encore\n|move|p1b: Chimecho|Psychic|p2b: Mudsdale\n|-damage|p2b: Mudsdale|81\/100\n|-ability|p2b: Mudsdale|Stamina|boost\n|-boost|p2b: Mudsdale|def|1\n|move|p2b: Mudsdale|Protect||[still]\n|-fail|p2b: Mudsdale\n|\n|-heal|p2a: Espathra|21\/100 tox|[from] item: Leftovers\n|-heal|p2b: Mudsdale|87\/100|[from] item: Leftovers\n|-damage|p2a: Espathra|0 fnt|[from] psn\n|faint|p2a: Espathra\n|upkeep\n|\n|t:|1699253127\n|switch|p2a: Golem|Golem-Alola, F|100\/100\n|-status|p2a: Golem|tox\n|-damage|p2a: Golem|88\/100 tox|[from] Stealth Rock\n|turn|12\n|inactive|Sinistcha has 90 seconds left.\n|\n|t:|1699253162\n|switch|p1a: Gliscor|Gliscor, F|74\/100 tox\n|move|p2b: Mudsdale|Protect|p2b: Mudsdale\n|-singleturn|p2b: Mudsdale|Protect\n|move|p2a: Golem|Explosion|p1b: Chimecho|[spread] p1b\n|-activate|p2b: Mudsdale|move: Protect\n|-immune|p1a: Gliscor\n|-damage|p1b: Chimecho|0 fnt\n|faint|p2a: Golem\n|faint|p1b: Chimecho\n|\n|-heal|p2b: Mudsdale|93\/100|[from] item: Leftovers\n|-heal|p1a: Gliscor|86\/100 tox|[from] ability: Poison Heal\n|-sideend|p2: Buzzpeep|move: Aurora Veil\n|upkeep\n|inactive|Sinistcha has 90 seconds left.\n|j| Poketough\n|\n|t:|1699253199\n|switch|p2a: Weezing|Weezing-Galar, F|100\/100\n|switch|p1b: Pawmot|Pawmot, M|100\/100\n|-damage|p2a: Weezing|88\/100|[from] Stealth Rock\n|turn|13\n|inactive|Sinistcha has 90 seconds left.\n|\n|t:|1699253212\n|move|p2b: Mudsdale|Protect||[still]\n|-fail|p2b: Mudsdale\n|move|p1b: Pawmot|Fake Out|p2a: Weezing\n|-damage|p2a: Weezing|80\/100\n|move|p1a: Gliscor|High Horsepower|p2a: Weezing\n|-immune|p2a: Weezing|[from] ability: Levitate\n|cant|p2a: Weezing|flinch\n|\n|-heal|p2a: Weezing|86\/100|[from] item: Leftovers\n|-heal|p2b: Mudsdale|99\/100|[from] item: Leftovers\n|-heal|p1a: Gliscor|99\/100 tox|[from] ability: Poison Heal\n|-end|p2b: Mudsdale|Encore\n|upkeep\n|turn|14\n|j| mf_salvador\n|inactive|Sinistcha has 90 seconds left.\n|\n|t:|1699253245\n|move|p1b: Pawmot|Revival Blessing|p1b: Pawmot\n|\n|t:|1699253247\n|-heal|p1: Chimecho|50\/100|[from] move: Revival Blessing\n|move|p1a: Gliscor|Knock Off|p2a: Weezing\n|-resisted|p2a: Weezing\n|-damage|p2a: Weezing|80\/100\n|-enditem|p2a: Weezing|Leftovers|[from] move: Knock Off|[of] p1a: Gliscor\n|move|p2a: Weezing|Strange Steam|p1b: Pawmot\n|-supereffective|p1b: Pawmot\n|-damage|p1b: Pawmot|4\/100\n|move|p2b: Mudsdale|Body Slam|p1a: Gliscor\n|-damage|p1a: Gliscor|85\/100 tox\n|\n|-heal|p2b: Mudsdale|100\/100|[from] item: Leftovers\n|-heal|p1a: Gliscor|97\/100 tox|[from] ability: Poison Heal\n|upkeep\n|turn|15\n|l| Im dumb srly\n|\n|t:|1699253267\n|move|p1b: Pawmot|Double Shock|p2a: Weezing\n|-damage|p2a: Weezing|39\/100\n|-start|p1b: Pawmot|typechange|???\/Fighting|[from] move: Double Shock\n|move|p1a: Gliscor|Knock Off|p2b: Mudsdale\n|-damage|p2b: Mudsdale|93\/100\n|-ability|p2b: Mudsdale|Stamina|boost\n|-boost|p2b: Mudsdale|def|1\n|-enditem|p2b: Mudsdale|Leftovers|[from] move: Knock Off|[of] p1a: Gliscor\n|move|p2a: Weezing|Strange Steam|p1a: Gliscor\n|-damage|p1a: Gliscor|65\/100 tox\n|move|p2b: Mudsdale|Body Slam|p1a: Gliscor\n|-damage|p1a: Gliscor|51\/100 tox\n|\n|-heal|p1a: Gliscor|63\/100 tox|[from] ability: Poison Heal\n|upkeep\n|turn|16\n|inactive|Sinistcha has 120 seconds left.\n|\n|t:|1699253305\n|-terastallize|p1b: Pawmot|Electric\n|move|p1b: Pawmot|Double Shock|p2a: Weezing\n|-damage|p2a: Weezing|3\/100\n|-start|p1b: Pawmot|typechange|Electric|[from] move: Double Shock\n|move|p1a: Gliscor|Knock Off|p2b: Mudsdale\n|-damage|p2b: Mudsdale|89\/100\n|-ability|p2b: Mudsdale|Stamina|boost\n|-boost|p2b: Mudsdale|def|1\n|move|p2a: Weezing|Pain Split|p1a: Gliscor\n|-sethp|p1a: Gliscor|33\/100 tox|[from] move: Pain Split|[silent]\n|-sethp|p2a: Weezing|35\/100|[from] move: Pain Split\n|move|p2b: Mudsdale|Body Slam|p1b: Pawmot\n|-damage|p1b: Pawmot|0 fnt\n|faint|p1b: Pawmot\n|\n|-heal|p1a: Gliscor|45\/100 tox|[from] ability: Poison Heal\n|upkeep\n|inactive|Sinistcha has 90 seconds left.\n|\n|t:|1699253332\n|switch|p1b: Milotic|Milotic, F|100\/100\n|turn|17\n|\n|t:|1699253344\n|move|p1a: Gliscor|Knock Off|p2a: Weezing\n|-resisted|p2a: Weezing\n|-damage|p2a: Weezing|30\/100\n|move|p1b: Milotic|Ice Beam|p2a: Weezing\n|-damage|p2a: Weezing|0 fnt\n|faint|p2a: Weezing\n|move|p2b: Mudsdale|Body Slam|p1a: Gliscor\n|-damage|p1a: Gliscor|31\/100 tox\n|\n|-heal|p1a: Gliscor|43\/100 tox|[from] ability: Poison Heal\n|upkeep\n|turn|18\n|c| bnm5g|its joever\n|\n|t:|1699253366\n|move|p1a: Gliscor|High Horsepower|p2b: Mudsdale\n|-damage|p2b: Mudsdale|82\/100\n|-ability|p2b: Mudsdale|Stamina|boost\n|-boost|p2b: Mudsdale|def|1\n|move|p1b: Milotic|Ice Beam|p2b: Mudsdale\n|-resisted|p2b: Mudsdale\n|-damage|p2b: Mudsdale|71\/100\n|move|p2b: Mudsdale|Body Slam|p1b: Milotic\n|-damage|p1b: Milotic|74\/100\n|\n|-heal|p1a: Gliscor|56\/100 tox|[from] ability: Poison Heal\n|upkeep\n|turn|19\n|\n|t:|1699253370\n|move|p1a: Gliscor|High Horsepower|p2b: Mudsdale\n|-damage|p2b: Mudsdale|64\/100\n|move|p1b: Milotic|Ice Beam|p2b: Mudsdale\n|-resisted|p2b: Mudsdale\n|-damage|p2b: Mudsdale|54\/100\n|move|p2b: Mudsdale|Body Slam|p1b: Milotic\n|-crit|p1b: Milotic\n|-damage|p1b: Milotic|40\/100\n|-status|p1b: Milotic|par\n|-enditem|p1b: Milotic|Sitrus Berry|[eat]\n|-heal|p1b: Milotic|64\/100 par|[from] item: Sitrus Berry\n|\n|-heal|p1a: Gliscor|68\/100 tox|[from] ability: Poison Heal\n|upkeep\n|turn|20\n|c| bnm5g|no body press??\n|\n|t:|1699253394\n|move|p2b: Mudsdale|Protect|p2b: Mudsdale\n|-singleturn|p2b: Mudsdale|Protect\n|move|p1a: Gliscor|High Horsepower|p2b: Mudsdale\n|-activate|p2b: Mudsdale|move: Protect\n|move|p1b: Milotic|Ice Beam|p2b: Mudsdale\n|-activate|p2b: Mudsdale|move: Protect\n|\n|-heal|p1a: Gliscor|81\/100 tox|[from] ability: Poison Heal\n|upkeep\n|turn|21\n|inactive|Sinistcha has 120 seconds left.\n|\n|t:|1699253432\n|move|p1a: Gliscor|High Horsepower|p2b: Mudsdale\n|-damage|p2b: Mudsdale|47\/100\n|move|p2b: Mudsdale|Rock Slide|p1a: Gliscor|[spread] p1a,p1b\n|-damage|p1a: Gliscor|72\/100 tox\n|-damage|p1b: Milotic|48\/100 par\n|cant|p1b: Milotic|par\n|\n|-heal|p1a: Gliscor|84\/100 tox|[from] ability: Poison Heal\n|upkeep\n|turn|22\n|\n|t:|1699253438\n|move|p2b: Mudsdale|Protect|p2b: Mudsdale\n|-singleturn|p2b: Mudsdale|Protect\n|move|p1a: Gliscor|High Horsepower|p2b: Mudsdale\n|-activate|p2b: Mudsdale|move: Protect\n|move|p1b: Milotic|Ice Beam|p2b: Mudsdale\n|-activate|p2b: Mudsdale|move: Protect\n|\n|-heal|p1a: Gliscor|97\/100 tox|[from] ability: Poison Heal\n|upkeep\n|turn|23\n|\n|t:|1699253445\n|move|p1a: Gliscor|High Horsepower|p2b: Mudsdale\n|-damage|p2b: Mudsdale|40\/100\n|move|p2b: Mudsdale|Rock Slide|p1a: Gliscor|[spread] p1a,p1b\n|-damage|p1a: Gliscor|87\/100 tox\n|-damage|p1b: Milotic|31\/100 par\n|cant|p1b: Milotic|flinch\n|\n|-heal|p1a: Gliscor|99\/100 tox|[from] ability: Poison Heal\n|upkeep\n|turn|24\n|\n|t:|1699253452\n|move|p2b: Mudsdale|Protect|p2b: Mudsdale\n|-singleturn|p2b: Mudsdale|Protect\n|move|p1a: Gliscor|High Horsepower|p2b: Mudsdale\n|-activate|p2b: Mudsdale|move: Protect\n|move|p1b: Milotic|Ice Beam|p2b: Mudsdale\n|-activate|p2b: Mudsdale|move: Protect\n|\n|-heal|p1a: Gliscor|100\/100 tox|[from] ability: Poison Heal\n|upkeep\n|turn|25\n|\n|t:|1699253457\n|move|p1a: Gliscor|High Horsepower|p2b: Mudsdale\n|-damage|p2b: Mudsdale|33\/100\n|move|p2b: Mudsdale|Rock Slide|p1b: Milotic|[spread] p1a\n|-miss|p2b: Mudsdale|p1b: Milotic\n|-damage|p1a: Gliscor|90\/100 tox\n|move|p1b: Milotic|Ice Beam|p2b: Mudsdale\n|-resisted|p2b: Mudsdale\n|-damage|p2b: Mudsdale|23\/100\n|\n|-heal|p1a: Gliscor|100\/100 tox|[from] ability: Poison Heal\n|upkeep\n|turn|26\n|\n|t:|1699253460\n|move|p2b: Mudsdale|Protect|p2b: Mudsdale\n|-singleturn|p2b: Mudsdale|Protect\n|move|p1a: Gliscor|High Horsepower|p2b: Mudsdale\n|-activate|p2b: Mudsdale|move: Protect\n|cant|p1b: Milotic|par\n|\n|upkeep\n|turn|27\n|\n|t:|1699253463\n|move|p1a: Gliscor|High Horsepower|p2b: Mudsdale\n|-damage|p2b: Mudsdale|16\/100\n|move|p2b: Mudsdale|Rock Slide|p1a: Gliscor|[spread] p1a,p1b\n|-damage|p1a: Gliscor|90\/100 tox\n|-damage|p1b: Milotic|13\/100 par\n|move|p1b: Milotic|Ice Beam|p2b: Mudsdale\n|-resisted|p2b: Mudsdale\n|-damage|p2b: Mudsdale|6\/100\n|\n|-heal|p1a: Gliscor|100\/100 tox|[from] ability: Poison Heal\n|upkeep\n|turn|28\n|\n|t:|1699253470\n|move|p2b: Mudsdale|Protect|p2b: Mudsdale\n|-singleturn|p2b: Mudsdale|Protect\n|move|p1a: Gliscor|High Horsepower|p2b: Mudsdale\n|-activate|p2b: Mudsdale|move: Protect\n|move|p1b: Milotic|Ice Beam|p2b: Mudsdale\n|-activate|p2b: Mudsdale|move: Protect\n|\n|upkeep\n|turn|29\n|\n|t:|1699253474\n|move|p1a: Gliscor|High Horsepower|p2b: Mudsdale\n|-damage|p2b: Mudsdale|0 fnt\n|faint|p2b: Mudsdale\n|\n|win|Sinistcha\n|n|\u2606Sinistcha|sinistcha\n|n|\u2606Buzzpeep|buzzpeep\n|n|*Lady Monita \u263d|ladymonita\n|n| bnm5g|bnm5g\n|n| sneggus|sneggus\n|n| Poketough|poketough\n|n| mf_salvador|mfsalvador\n","uploadtime":1699253475,"views":7,"p1id":"sinistcha","p2id":"buzzpeep","formatid":"gen9doublesou","rating":0,"private":0,"password":""}