{"id":"gen9doublesou-1972653260","p1":"Levelup_yaman","p2":"LichKingKO","format":"[Gen 9] Doubles OU","log":"|j|\u2606Levelup_yaman\n|j|\u2606LichKingKO\n|t:|1697871295\n|gametype|doubles\n|player|p1|Levelup_yaman|102|1158\n|player|p2|LichKingKO|marlon|1239\n|teamsize|p1|6\n|teamsize|p2|6\n|gen|9\n|tier|[Gen 9] Doubles OU\n|rated|\n|rule|Species Clause: Limit one of each Pok\u00e9mon\n|rule|OHKO Clause: OHKO moves are banned\n|rule|Evasion Moves Clause: Evasion moves are banned\n|rule|Gravity Sleep Clause: The combination of sleep-inducing moves with imperfect accuracy and Gravity or Gigantamax Orbeetle are banned\n|rule|Endless Battle Clause: Forcing endless battles is banned\n|rule|HP Percentage Mod: HP is shown in percentages\n|clearpoke\n|poke|p1|Goodra-Hisui, F|\n|poke|p1|Typhlosion-Hisui, F|\n|poke|p1|Electrode-Hisui|\n|poke|p1|Braviary-Hisui, M|\n|poke|p1|Avalugg-Hisui, M|\n|poke|p1|Sneasler, M|\n|poke|p2|Chien-Pao|\n|poke|p2|Clefable, F|\n|poke|p2|Garganacl, M|\n|poke|p2|Sinistcha-Masterpiece|\n|poke|p2|Ogerpon-Hearthflame, F|\n|poke|p2|Ditto|\n|teampreview\n|inactive|Battle timer is ON: inactive players will automatically lose when time's up. (requested by Levelup_yaman)\n|\n|t:|1697871315\n|start\n|switch|p1a: Electrode|Electrode-Hisui|100\/100\n|switch|p1b: Braviary|Braviary-Hisui, M|100\/100\n|switch|p2a: Clefable|Clefable, F|100\/100\n|switch|p2b: Garganacl|Garganacl, M|100\/100\n|turn|1\n|\n|t:|1697871336\n|-terastallize|p2b: Garganacl|Ghost\n|move|p1a: Electrode|Chloroblast|p2b: Garganacl\n|-damage|p2b: Garganacl|55\/100\n|-damage|p1a: Electrode|50\/100|[from] Recoil\n|-enditem|p1a: Electrode|Sitrus Berry|[eat]\n|-heal|p1a: Electrode|75\/100|[from] item: Sitrus Berry\n|move|p1b: Braviary|Esper Wing|p2a: Clefable\n|-damage|p2a: Clefable|68\/100\n|-boost|p1b: Braviary|spe|1\n|move|p2a: Clefable|Icy Wind|p1b: Braviary|[spread] p1a,p1b\n|-supereffective|p1a: Electrode\n|-supereffective|p1b: Braviary\n|-damage|p1a: Electrode|46\/100\n|-damage|p1b: Braviary|75\/100\n|-unboost|p1a: Electrode|spe|1\n|-unboost|p1b: Braviary|spe|1\n|move|p2b: Garganacl|Salt Cure|p1b: Braviary\n|-supereffective|p1b: Braviary\n|-damage|p1b: Braviary|33\/100\n|-start|p1b: Braviary|Salt Cure\n|\n|-damage|p1b: Braviary|21\/100|[from] Salt Cure\n|upkeep\n|turn|2\n|inactive|LichKingKO has 120 seconds left.\n|\n|t:|1697871367\n|move|p1b: Braviary|Esper Wing|p2b: Garganacl\n|-damage|p2b: Garganacl|27\/100\n|-boost|p1b: Braviary|spe|1\n|move|p1a: Electrode|Energy Ball|p2b: Garganacl\n|-damage|p2b: Garganacl|2\/100\n|move|p2a: Clefable|Icy Wind|p1a: Electrode|[spread] p1a,p1b\n|-supereffective|p1a: Electrode\n|-supereffective|p1b: Braviary\n|-damage|p1a: Electrode|14\/100\n|-damage|p1b: Braviary|0 fnt\n|-unboost|p1a: Electrode|spe|1\n|faint|p1b: Braviary\n|move|p2b: Garganacl|Stealth Rock|p1a: Electrode\n|-sidestart|p1: Levelup_yaman|move: Stealth Rock\n|\n|upkeep\n|inactive|Levelup_yaman has 120 seconds left.\n|\n|t:|1697871378\n|switch|p1b: Sneasler|Sneasler, M|100\/100\n|-damage|p1b: Sneasler|95\/100|[from] Stealth Rock\n|-item|p1b: Sneasler|Air Balloon\n|turn|3\n|inactive|LichKingKO has 120 seconds left.\n|\n|t:|1697871416\n|move|p1b: Sneasler|Dire Claw|p2b: Garganacl\n|-resisted|p2b: Garganacl\n|-damage|p2b: Garganacl|0 fnt\n|faint|p2b: Garganacl\n|move|p1a: Electrode|Thunderbolt|p2a: Clefable\n|-damage|p2a: Clefable|36\/100\n|move|p2a: Clefable|Icy Wind|p1b: Sneasler|[spread] p1a,p1b\n|-supereffective|p1a: Electrode\n|-damage|p1a: Electrode|0 fnt\n|-damage|p1b: Sneasler|81\/100\n|-unboost|p1b: Sneasler|spe|1\n|-enditem|p1b: Sneasler|Air Balloon\n|faint|p1a: Electrode\n|\n|upkeep\n|inactive|LichKingKO has 120 seconds left.\n|\n|t:|1697871437\n|switch|p1a: Goodra|Goodra-Hisui, F|100\/100\n|switch|p2b: Sinistcha|Sinistcha-Masterpiece|100\/100\n|-heal|p2a: Clefable|61\/100|[from] ability: Hospitality|[of] p2b: Sinistcha\n|-damage|p1a: Goodra|94\/100|[from] Stealth Rock\n|turn|4\n|\n|t:|1697871459\n|move|p1b: Sneasler|Dire Claw|p2b: Sinistcha\n|-damage|p2b: Sinistcha|50\/100\n|-status|p2b: Sinistcha|par\n|move|p2a: Clefable|Icy Wind|p1a: Goodra|[spread] p1a,p1b\n|-damage|p1a: Goodra|88\/100\n|-damage|p1b: Sneasler|68\/100\n|-unboost|p1a: Goodra|spe|1\n|-unboost|p1b: Sneasler|spe|1\n|move|p2b: Sinistcha|Matcha Gotcha|p1b: Sneasler|[spread] p1a,p1b\n|-resisted|p1a: Goodra\n|-resisted|p1b: Sneasler\n|-damage|p1a: Goodra|84\/100\n|-heal|p2b: Sinistcha|53\/100 par|[from] drain|[of] p1a: Goodra\n|-damage|p1b: Sneasler|48\/100\n|-heal|p2b: Sinistcha|64\/100 par|[from] drain|[of] p1b: Sneasler\n|move|p1a: Goodra|Heavy Slam|p2a: Clefable\n|-supereffective|p2a: Clefable\n|-damage|p2a: Clefable|0 fnt\n|faint|p2a: Clefable\n|\n|-heal|p1a: Goodra|90\/100|[from] item: Leftovers\n|upkeep\n|inactive|LichKingKO has 120 seconds left.\n|\n|t:|1697871484\n|switch|p2a: Ogerpon|Ogerpon-Hearthflame, F|100\/100\n|-ability|p2a: Ogerpon|Mold Breaker\n|turn|5\n|inactive|LichKingKO has 120 seconds left.\n|\n|t:|1697871514\n|move|p1b: Sneasler|Dire Claw|p2b: Sinistcha\n|-damage|p2b: Sinistcha|10\/100 par\n|move|p2a: Ogerpon|Ivy Cudgel|p1b: Sneasler\n|-damage|p1b: Sneasler|0 fnt\n|faint|p1b: Sneasler\n|move|p2b: Sinistcha|Matcha Gotcha|p1a: Goodra\n|-resisted|p1a: Goodra\n|-damage|p1a: Goodra|84\/100\n|-heal|p2b: Sinistcha|14\/100 par|[from] drain|[of] p1a: Goodra\n|move|p1a: Goodra|Dragon Pulse|p2a: Ogerpon\n|-damage|p2a: Ogerpon|56\/100\n|\n|-heal|p1a: Goodra|90\/100|[from] item: Leftovers\n|upkeep\n|\n|t:|1697871520\n|switch|p1b: Avalugg|Avalugg-Hisui, M|100\/100\n|-damage|p1b: Avalugg|76\/100|[from] Stealth Rock\n|turn|6\n|inactive|LichKingKO has 120 seconds left.\n|\n|t:|1697871536\n|move|p2a: Ogerpon|Ivy Cudgel|p1a: Goodra\n|-damage|p1a: Goodra|40\/100\n|move|p1b: Avalugg|Rock Slide|p2b: Sinistcha|[spread] p2a,p2b\n|-supereffective|p2a: Ogerpon\n|-damage|p2a: Ogerpon|0 fnt\n|-damage|p2b: Sinistcha|0 fnt\n|faint|p2a: Ogerpon\n|faint|p2b: Sinistcha\n|move|p1a: Goodra|Heavy Slam|p2: Ogerpon|[notarget]\n|-fail|p1a: Goodra\n|\n|-heal|p1a: Goodra|46\/100|[from] item: Leftovers\n|upkeep\n|inactive|LichKingKO has 120 seconds left.\n|\n|t:|1697871555\n|switch|p2a: Chien-Pao|Chien-Pao|100\/100\n|switch|p2b: Ditto|Ditto|100\/100\n|-ability|p2a: Chien-Pao|Sword of Ruin\n|-transform|p2b: Ditto|p1a: Goodra|[from] ability: Imposter\n|turn|7\n|inactive|LichKingKO has 120 seconds left.\n|inactive|LichKingKO has 90 seconds left.\n|\n|t:|1697871622\n|-terastallize|p1b: Avalugg|Fighting\n|move|p2a: Chien-Pao|Sacred Sword|p1b: Avalugg\n|-damage|p1b: Avalugg|55\/100\n|move|p2b: Ditto|Heavy Slam|p1b: Avalugg\n|-damage|p1b: Avalugg|45\/100\n|move|p1b: Avalugg|Body Press|p2a: Chien-Pao\n|-supereffective|p2a: Chien-Pao\n|-damage|p2a: Chien-Pao|0 fnt\n|faint|p2a: Chien-Pao\n|move|p1a: Goodra|Dragon Pulse|p2b: Ditto\n|-damage|p2b: Ditto|55\/100\n|\n|-heal|p1a: Goodra|52\/100|[from] item: Leftovers\n|upkeep\n|turn|8\n|inactive|LichKingKO has 90 seconds left.\n|\n|t:|1697871642\n|move|p2b: Ditto|Heavy Slam|p1a: Goodra\n|-resisted|p1a: Goodra\n|-damage|p1a: Goodra|45\/100\n|move|p1b: Avalugg|High Horsepower|p2b: Ditto\n|-supereffective|p2b: Ditto\n|-damage|p2b: Ditto|0 fnt\n|faint|p2b: Ditto\n|\n|win|Levelup_yaman\n|raw|Levelup_yaman's rating: 1158 &rarr; <strong>1189<\/strong><br \/>(+31 for winning)\n|raw|LichKingKO's rating: 1239 &rarr; <strong>1208<\/strong><br \/>(-31 for losing)\n","uploadtime":1697871650,"views":17,"p1id":"levelupyaman","p2id":"lichkingko","formatid":"gen9doublesou","rating":1189,"private":0,"password":""}