{"id":"gen9doublesou-1971762015","p1":"Electro_97","p2":"Ghastlypixie","format":"[Gen 9] Doubles OU","log":"|j|\u2606Electro_97\n|j|\u2606Ghastlypixie\n|t:|1697769243\n|gametype|doubles\n|player|p1|Electro_97|1|1103\n|player|p2|Ghastlypixie|plasmagruntf|1000\n|teamsize|p1|6\n|teamsize|p2|6\n|gen|9\n|tier|[Gen 9] Doubles OU\n|rated|\n|rule|Species Clause: Limit one of each Pok\u00e9mon\n|rule|OHKO Clause: OHKO moves are banned\n|rule|Evasion Moves Clause: Evasion moves are banned\n|rule|Gravity Sleep Clause: The combination of sleep-inducing moves with imperfect accuracy and Gravity or Gigantamax Orbeetle are banned\n|rule|Endless Battle Clause: Forcing endless battles is banned\n|rule|HP Percentage Mod: HP is shown in percentages\n|clearpoke\n|poke|p1|Toxtricity-Low-Key, M|\n|poke|p1|Manaphy|\n|poke|p1|Tornadus, M|\n|poke|p1|Abomasnow, F|\n|poke|p1|Ninetales-Alola, M|\n|poke|p1|Gallade, M|\n|poke|p2|Flutter Mane|\n|poke|p2|Jumpluff, F|\n|poke|p2|Ninetales, F|\n|poke|p2|Goodra-Hisui, F|\n|poke|p2|Chi-Yu|\n|poke|p2|Walking Wake|\n|teampreview\n|inactive|Battle timer is ON: inactive players will automatically lose when time's up. (requested by Ghastlypixie)\n|\n|t:|1697769260\n|start\n|switch|p1a: Toxtricity|Toxtricity-Low-Key, M|100\/100\n|switch|p1b: Tornadus|Tornadus, M|100\/100\n|switch|p2a: Jumpluff|Jumpluff, F, shiny|100\/100\n|switch|p2b: Ninetales|Ninetales, F, shiny|100\/100\n|-weather|SunnyDay|[from] ability: Drought|[of] p2b: Ninetales\n|turn|1\n|\n|t:|1697769285\n|move|p1b: Tornadus|Tailwind|p1b: Tornadus\n|-sidestart|p1: Electro_97|move: Tailwind\n|move|p2a: Jumpluff|Sleep Powder|p1a: Toxtricity\n|-status|p1a: Toxtricity|slp|[from] move: Sleep Powder\n|cant|p1a: Toxtricity|slp\n|move|p2b: Ninetales|Flamethrower|p1a: Toxtricity\n|-damage|p1a: Toxtricity|33\/100 slp\n|\n|-weather|SunnyDay|[upkeep]\n|upkeep\n|turn|2\n|\n|t:|1697769312\n|switch|p2a: Goodra|Goodra-Hisui, F|100\/100\n|switch|p1a: Manaphy|Manaphy|100\/100\n|move|p1b: Tornadus|Metronome|p1b: Tornadus\n|move|p1b: Tornadus|Moonlight|p1b: Tornadus|[from]move: Metronome\n|-fail|p1b: Tornadus|heal\n|move|p2b: Ninetales|Solar Beam||[still]\n|-prepare|p2b: Ninetales|Solar Beam\n|-anim|p2b: Ninetales|Solar Beam|p1a: Manaphy\n|-supereffective|p1a: Manaphy\n|-damage|p1a: Manaphy|51\/100\n|\n|-weather|SunnyDay|[upkeep]\n|-heal|p1a: Manaphy|58\/100|[from] item: Leftovers\n|upkeep\n|turn|3\n|\n|t:|1697769342\n|move|p1b: Tornadus|Metronome|p1b: Tornadus\n|move|p1b: Tornadus|Cotton Guard|p1b: Tornadus|[from]move: Metronome\n|-boost|p1b: Tornadus|def|3\n|move|p1a: Manaphy|Scald|p2a: Goodra\n|-resisted|p2a: Goodra\n|-damage|p2a: Goodra|96\/100\n|move|p2b: Ninetales|Flamethrower|p1a: Manaphy\n|-resisted|p1a: Manaphy\n|-damage|p1a: Manaphy|35\/100\n|move|p2a: Goodra|Shelter|p2a: Goodra\n|-boost|p2a: Goodra|def|2\n|\n|-weather|SunnyDay|[upkeep]\n|-heal|p1a: Manaphy|41\/100|[from] item: Leftovers\n|-heal|p2a: Goodra|100\/100|[from] item: Leftovers\n|upkeep\n|turn|4\n|\n|t:|1697769362\n|move|p1b: Tornadus|Taunt|p2a: Goodra\n|-start|p2a: Goodra|move: Taunt\n|move|p1a: Manaphy|Substitute|p1a: Manaphy\n|-start|p1a: Manaphy|Substitute\n|-damage|p1a: Manaphy|16\/100\n|move|p2b: Ninetales|Solar Beam||[still]\n|-prepare|p2b: Ninetales|Solar Beam\n|-anim|p2b: Ninetales|Solar Beam|p1a: Manaphy\n|-supereffective|p1a: Manaphy\n|-end|p1a: Manaphy|Substitute\n|cant|p2a: Goodra|move: Taunt|Shelter\n|\n|-weather|SunnyDay|[upkeep]\n|-heal|p1a: Manaphy|22\/100|[from] item: Leftovers\n|-sideend|p1: Electro_97|move: Tailwind\n|upkeep\n|turn|5\n|\n|t:|1697769383\n|switch|p1a: Abomasnow|Abomasnow, F|100\/100\n|move|p1b: Tornadus|Metronome|p1b: Tornadus\n|move|p1b: Tornadus|Petal Dance|p2b: Ninetales|[from]move: Metronome\n|-resisted|p2b: Ninetales\n|-damage|p2b: Ninetales|78\/100\n|move|p2b: Ninetales|Flamethrower|p1b: Tornadus\n|-damage|p1b: Tornadus|24\/100\n|move|p2a: Goodra|Body Press|p1a: Abomasnow\n|-supereffective|p1a: Abomasnow\n|-damage|p1a: Abomasnow|23\/100\n|\n|-weather|SunnyDay|[upkeep]\n|upkeep\n|turn|6\n|\n|t:|1697769402\n|move|p1a: Abomasnow|Ice Shard|p2a: Goodra\n|-damage|p2a: Goodra|92\/100\n|move|p1b: Tornadus|Petal Dance|p2a: Goodra|[from]lockedmove\n|-resisted|p2a: Goodra\n|-damage|p2a: Goodra|87\/100\n|move|p2b: Ninetales|Flamethrower|p1b: Tornadus\n|-damage|p1b: Tornadus|0 fnt\n|faint|p1b: Tornadus\n|move|p2a: Goodra|Heavy Slam|p1a: Abomasnow\n|-supereffective|p1a: Abomasnow\n|-damage|p1a: Abomasnow|0 fnt\n|faint|p1a: Abomasnow\n|\n|-weather|SunnyDay|[upkeep]\n|-heal|p2a: Goodra|93\/100|[from] item: Leftovers\n|-end|p2a: Goodra|move: Taunt\n|upkeep\n|\n|t:|1697769419\n|switch|p1b: Ninetales|Ninetales-Alola, M|100\/100\n|switch|p1a: Gallade|Gallade, M|100\/100\n|-weather|Snow|[from] ability: Snow Warning|[of] p1b: Ninetales\n|turn|7\n|\n|t:|1697769438\n|switch|p2b: Jumpluff|Jumpluff, F, shiny|100\/100\n|move|p1b: Ninetales|Blizzard|p2a: Goodra|[spread] p2a,p2b\n|-supereffective|p2b: Jumpluff\n|-damage|p2a: Goodra|77\/100\n|-enditem|p2b: Jumpluff|Focus Sash\n|-damage|p2b: Jumpluff|1\/100\n|move|p1a: Gallade|Psycho Cut|p2b: Jumpluff\n|-damage|p2b: Jumpluff|0 fnt\n|faint|p2b: Jumpluff\n|move|p2a: Goodra|Heavy Slam|p1b: Ninetales\n|-supereffective|p1b: Ninetales\n|-enditem|p1b: Ninetales|Focus Sash\n|-damage|p1b: Ninetales|1\/100\n|\n|-weather|Snow|[upkeep]\n|-heal|p2a: Goodra|83\/100|[from] item: Leftovers\n|upkeep\n|\n|t:|1697769453\n|switch|p2b: Ninetales|Ninetales, F, shiny|78\/100\n|-weather|SunnyDay|[from] ability: Drought|[of] p2b: Ninetales\n|turn|8\n|\n|t:|1697769464\n|switch|p1b: Manaphy|Manaphy|22\/100\n|move|p2b: Ninetales|Will-O-Wisp|p1a: Gallade\n|-status|p1a: Gallade|brn\n|move|p1a: Gallade|Aqua Cutter|p2b: Ninetales\n|-supereffective|p2b: Ninetales\n|-damage|p2b: Ninetales|51\/100\n|move|p2a: Goodra|Heavy Slam|p1b: Manaphy\n|-resisted|p1b: Manaphy\n|-damage|p1b: Manaphy|5\/100\n|\n|-weather|SunnyDay|[upkeep]\n|-heal|p1b: Manaphy|11\/100|[from] item: Leftovers\n|-heal|p2a: Goodra|89\/100|[from] item: Leftovers\n|-damage|p1a: Gallade|94\/100 brn|[from] brn\n|upkeep\n|turn|9\n|\n|t:|1697769488\n|switch|p1b: Ninetales|Ninetales-Alola, M|1\/100\n|-weather|Snow|[from] ability: Snow Warning|[of] p1b: Ninetales\n|move|p2b: Ninetales|Flamethrower|p1b: Ninetales\n|-supereffective|p1b: Ninetales\n|-damage|p1b: Ninetales|0 fnt\n|faint|p1b: Ninetales\n|move|p1a: Gallade|Aqua Cutter|p2b: Ninetales\n|-supereffective|p2b: Ninetales\n|-damage|p2b: Ninetales|0 fnt\n|faint|p2b: Ninetales\n|move|p2a: Goodra|Heavy Slam|p1a: Gallade\n|-damage|p1a: Gallade|22\/100 brn\n|\n|-weather|Snow|[upkeep]\n|-heal|p2a: Goodra|95\/100|[from] item: Leftovers\n|-damage|p1a: Gallade|16\/100 brn|[from] brn\n|upkeep\n|\n|t:|1697769509\n|switch|p1b: Toxtricity|Toxtricity-Low-Key, M|33\/100 slp\n|switch|p2b: Chi-Yu|Chi-Yu|100\/100\n|-ability|p2b: Chi-Yu|Beads of Ruin\n|turn|10\n|inactive|Electro_97 has 120 seconds left.\n|\n|t:|1697769539\n|-terastallize|p1b: Toxtricity|Ghost\n|move|p2b: Chi-Yu|Snarl|p1b: Toxtricity|[spread] p1a,p1b\n|-supereffective|p1b: Toxtricity\n|-damage|p1a: Gallade|0 fnt\n|-damage|p1b: Toxtricity|0 fnt\n|faint|p1a: Gallade\n|faint|p1b: Toxtricity\n|move|p2a: Goodra|Heavy Slam|p1: Gallade|[notarget]\n|-fail|p2a: Goodra\n|\n|-weather|Snow|[upkeep]\n|-heal|p2a: Goodra|100\/100|[from] item: Leftovers\n|upkeep\n|inactive|Electro_97 has 120 seconds left.\n|-message|Electro_97 forfeited.\n|\n|win|Ghastlypixie\n|raw|Electro_97's rating: 1103 &rarr; <strong>1071<\/strong><br \/>(-32 for losing)\n|raw|Ghastlypixie's rating: 1000 &rarr; <strong>1052<\/strong><br \/>(+52 for winning)\n|l|\u2606Electro_97\n","uploadtime":1697769554,"views":14,"p1id":"electro97","p2id":"ghastlypixie","formatid":"gen9doublesou","rating":1052,"private":0,"password":""}