{"id":"gen9doublesou-1967976653","p1":"Inkubone","p2":"ChikenElSex","format":"[Gen 9] Doubles OU","log":"|html|<div class=\"broadcast-blue\"><strong>[Gen 9] Doubles OU is currently suspecting Basculegion & Flutter Mane! For information on how to participate check out the <a href=\"https:\/\/www.smogon.com\/forums\/threads\/np-sv-dou-stage-8-double-trouble.3729153\/\">suspect thread<\/a>.<\/strong><\/div>\n|j|\u2606Inkubone\n|j|\u2606ChikenElSex\n|t:|1697368460\n|gametype|doubles\n|player|p1|Inkubone|yellow|1259\n|player|p2|ChikenElSex|lyra|1240\n|teamsize|p1|6\n|teamsize|p2|6\n|gen|9\n|tier|[Gen 9] Doubles OU\n|rated|\n|rule|Species Clause: Limit one of each Pok\u00e9mon\n|rule|OHKO Clause: OHKO moves are banned\n|rule|Evasion Moves Clause: Evasion moves are banned\n|rule|Gravity Sleep Clause: The combination of sleep-inducing moves with imperfect accuracy and Gravity or Gigantamax Orbeetle are banned\n|rule|Endless Battle Clause: Forcing endless battles is banned\n|rule|HP Percentage Mod: HP is shown in percentages\n|clearpoke\n|poke|p1|Ninetales, F|\n|poke|p1|Torkoal, M|\n|poke|p1|Lilligant-Hisui, F|\n|poke|p1|Walking Wake|\n|poke|p1|Arboliva, F|\n|poke|p1|Oranguru, M|\n|poke|p2|Amoonguss, M|\n|poke|p2|Walking Wake|\n|poke|p2|Iron Bundle|\n|poke|p2|Gliscor, F|\n|poke|p2|Armarouge, M|\n|poke|p2|Flutter Mane|\n|teampreview\n|\n|t:|1697368480\n|start\n|switch|p1a: Lael|Ninetales, F|100\/100\n|switch|p1b: Hydroraptor|Walking Wake|100\/100\n|switch|p2a: Amoonguss|Amoonguss, M|100\/100\n|switch|p2b: Iron Bundle|Iron Bundle|100\/100\n|-weather|SunnyDay|[from] ability: Drought|[of] p1a: Lael\n|-activate|p1b: Hydroraptor|ability: Protosynthesis\n|-start|p1b: Hydroraptor|protosynthesisspa\n|turn|1\n|\n|t:|1697368512\n|-end|p2b: Iron Bundle|Quark Drive|[silent]\n|switch|p2b: Walking Wake|Walking Wake|100\/100\n|-activate|p2b: Walking Wake|ability: Protosynthesis\n|-start|p2b: Walking Wake|protosynthesisspe\n|move|p1b: Hydroraptor|Protect|p1b: Hydroraptor\n|-singleturn|p1b: Hydroraptor|Protect\n|move|p1a: Lael|Weather Ball|p2b: Walking Wake\n|-resisted|p2b: Walking Wake\n|-damage|p2b: Walking Wake|85\/100\n|move|p2a: Amoonguss|Spore|p1a: Lael\n|-status|p1a: Lael|slp|[from] move: Spore\n|\n|-weather|SunnyDay|[upkeep]\n|upkeep\n|turn|2\n|\n|t:|1697368552\n|-end|p1b: Hydroraptor|Protosynthesis|[silent]\n|switch|p1b: Holy|Arboliva, F|100\/100\n|switch|p2a: Gliscor|Gliscor, F|100\/100\n|move|p2b: Walking Wake|Dragon Pulse|p1b: Holy\n|-damage|p1b: Holy|45\/100\n|-fieldstart|move: Grassy Terrain|[from] ability: Seed Sower|[of] p1b: Holy\n|cant|p1a: Lael|slp\n|\n|-weather|SunnyDay|[upkeep]\n|-heal|p2b: Walking Wake|91\/100|[from] Grassy Terrain\n|-heal|p1b: Holy|51\/100|[from] Grassy Terrain\n|-heal|p1b: Holy|57\/100|[from] item: Leftovers\n|-status|p2a: Gliscor|tox|[from] item: Toxic Orb\n|upkeep\n|turn|3\n|\n|t:|1697368573\n|move|p2b: Walking Wake|Dragon Pulse|p1b: Holy\n|-crit|p1b: Holy\n|-damage|p1b: Holy|0 fnt\n|faint|p1b: Holy\n|cant|p1a: Lael|slp\n|move|p2a: Gliscor|Swords Dance|p2a: Gliscor\n|-boost|p2a: Gliscor|atk|2\n|\n|-weather|SunnyDay|[upkeep]\n|-heal|p2b: Walking Wake|97\/100|[from] Grassy Terrain\n|upkeep\n|\n|t:|1697368594\n|switch|p1b: Lillia|Lilligant-Hisui, F|100\/100\n|turn|4\n|\n|t:|1697368608\n|-end|p2b: Walking Wake|Protosynthesis|[silent]\n|switch|p2b: Armarouge|Armarouge, M|100\/100\n|-terastallize|p1b: Lillia|Grass\n|move|p1b: Lillia|Solar Blade||[still]\n|-prepare|p1b: Lillia|Solar Blade\n|-anim|p1b: Lillia|Solar Blade|p2b: Armarouge\n|-resisted|p2b: Armarouge\n|-damage|p2b: Armarouge|50\/100\n|-curestatus|p1a: Lael|slp|[msg]\n|move|p1a: Lael|Solar Beam||[still]\n|-prepare|p1a: Lael|Solar Beam\n|-anim|p1a: Lael|Solar Beam|p2b: Armarouge\n|-resisted|p2b: Armarouge\n|-damage|p2b: Armarouge|27\/100\n|move|p2a: Gliscor|High Horsepower|p1a: Lael\n|-supereffective|p1a: Lael\n|-damage|p1a: Lael|0 fnt\n|faint|p1a: Lael\n|\n|-weather|SunnyDay|[upkeep]\n|-heal|p2b: Armarouge|33\/100|[from] Grassy Terrain\n|upkeep\n|\n|t:|1697368615\n|switch|p1a: Hydroraptor|Walking Wake|100\/100\n|-activate|p1a: Hydroraptor|ability: Protosynthesis\n|-start|p1a: Hydroraptor|protosynthesisspa\n|turn|5\n|\n|t:|1697368637\n|move|p2a: Gliscor|Protect|p2a: Gliscor\n|-singleturn|p2a: Gliscor|Protect\n|move|p1b: Lillia|Solar Blade||[still]\n|-prepare|p1b: Lillia|Solar Blade\n|-anim|p1b: Lillia|Solar Blade|p2b: Armarouge\n|-resisted|p2b: Armarouge\n|-damage|p2b: Armarouge|0 fnt\n|faint|p2b: Armarouge\n|move|p1a: Hydroraptor|Hydro Steam|p2a: Gliscor\n|-activate|p2a: Gliscor|move: Protect\n|\n|-weather|none\n|-end|p1a: Hydroraptor|Protosynthesis\n|upkeep\n|\n|t:|1697368648\n|switch|p2b: Walking Wake|Walking Wake|97\/100\n|turn|6\n|\n|t:|1697368663\n|move|p1a: Hydroraptor|Draco Meteor|p2b: Walking Wake\n|-supereffective|p2b: Walking Wake\n|-damage|p2b: Walking Wake|0 fnt\n|-unboost|p1a: Hydroraptor|spa|2\n|-enditem|p1a: Hydroraptor|Eject Pack\n|faint|p2b: Walking Wake\n|-end|p2b: Walking Wake|Protosynthesis|[silent]\n|\n|t:|1697368669\n|-end|p1a: Hydroraptor|Protosynthesis|[silent]\n|switch|p1a: Nikka|Torkoal, M|100\/100\n|-weather|SunnyDay|[from] ability: Drought|[of] p1a: Nikka\n|move|p1b: Lillia|Ice Spinner|p2a: Gliscor\n|-supereffective|p2a: Gliscor\n|-damage|p2a: Gliscor|32\/100 tox\n|-fieldend|move: Grassy Terrain\n|move|p2a: Gliscor|Facade|p1b: Lillia\n|-damage|p1b: Lillia|10\/100\n|\n|-weather|SunnyDay|[upkeep]\n|-heal|p2a: Gliscor|45\/100 tox|[from] ability: Poison Heal\n|upkeep\n|\n|t:|1697368684\n|switch|p2b: Amoonguss|Amoonguss, M|100\/100\n|turn|7\n|\n|t:|1697368699\n|move|p2a: Gliscor|Protect|p2a: Gliscor\n|-singleturn|p2a: Gliscor|Protect\n|move|p1b: Lillia|Ice Spinner|p2a: Gliscor\n|-activate|p2a: Gliscor|move: Protect\n|move|p2b: Amoonguss|Pollen Puff|p1b: Lillia\n|-supereffective|p1b: Lillia\n|-damage|p1b: Lillia|0 fnt\n|faint|p1b: Lillia\n|move|p1a: Nikka|Heat Wave|p2a: Gliscor|[spread] p2b\n|-activate|p2a: Gliscor|move: Protect\n|-supereffective|p2b: Amoonguss\n|-damage|p2b: Amoonguss|22\/100\n|\n|-weather|SunnyDay|[upkeep]\n|-heal|p2a: Gliscor|57\/100 tox|[from] ability: Poison Heal\n|upkeep\n|\n|t:|1697368703\n|switch|p1b: Hydroraptor|Walking Wake|100\/100\n|-activate|p1b: Hydroraptor|ability: Protosynthesis\n|-start|p1b: Hydroraptor|protosynthesisspa\n|turn|8\n|\n|t:|1697368727\n|move|p1b: Hydroraptor|Protect|p1b: Hydroraptor\n|-singleturn|p1b: Hydroraptor|Protect\n|move|p2a: Gliscor|High Horsepower|p1a: Nikka\n|-supereffective|p1a: Nikka\n|-damage|p1a: Nikka|0 fnt\n|faint|p1a: Nikka\n|move|p2b: Amoonguss|Spore|p1b: Hydroraptor\n|-activate|p1b: Hydroraptor|move: Protect\n|\n|-weather|SunnyDay|[upkeep]\n|-heal|p2a: Gliscor|70\/100 tox|[from] ability: Poison Heal\n|upkeep\n|\n|t:|1697368734\n|switch|p1a: Oranguru|Oranguru, M|100\/100\n|turn|9\n|\n|t:|1697368755\n|switch|p2b: Iron Bundle|Iron Bundle|100\/100\n|move|p2a: Gliscor|Protect|p2a: Gliscor\n|-singleturn|p2a: Gliscor|Protect\n|move|p1b: Hydroraptor|Hydro Steam|p2b: Iron Bundle\n|-resisted|p2b: Iron Bundle\n|-damage|p2b: Iron Bundle|26\/100\n|move|p1a: Oranguru|Instruct|p1b: Hydroraptor\n|-singleturn|p1b: Hydroraptor|move: Instruct|[of] p1a: Oranguru\n|move|p1b: Hydroraptor|Hydro Steam|p2b: Iron Bundle\n|-resisted|p2b: Iron Bundle\n|-damage|p2b: Iron Bundle|0 fnt\n|faint|p2b: Iron Bundle\n|-end|p2b: Iron Bundle|Quark Drive|[silent]\n|\n|-weather|SunnyDay|[upkeep]\n|-heal|p2a: Gliscor|82\/100 tox|[from] ability: Poison Heal\n|upkeep\n|\n|t:|1697368773\n|switch|p2b: Amoonguss|Amoonguss, M|55\/100\n|turn|10\n|\n|t:|1697368793\n|-terastallize|p2b: Amoonguss|Water\n|move|p1b: Hydroraptor|Hydro Steam|p2a: Gliscor\n|-supereffective|p2a: Gliscor\n|-damage|p2a: Gliscor|0 fnt\n|faint|p2a: Gliscor\n|move|p1a: Oranguru|Yawn|p2b: Amoonguss\n|-start|p2b: Amoonguss|move: Yawn|[of] p1a: Oranguru\n|move|p2b: Amoonguss|Spore|p1b: Hydroraptor\n|-status|p1b: Hydroraptor|slp|[from] move: Spore\n|\n|-weather|SunnyDay|[upkeep]\n|upkeep\n|\n|t:|1697368809\n|switch|p2a: Flutter Mane|Flutter Mane|100\/100\n|-activate|p2a: Flutter Mane|ability: Protosynthesis\n|-start|p2a: Flutter Mane|protosynthesisspa\n|turn|11\n|\n|t:|1697368829\n|cant|p1b: Hydroraptor|slp\n|move|p2a: Flutter Mane|Dazzling Gleam|p1b: Hydroraptor|[spread] p1a,p1b\n|-supereffective|p1b: Hydroraptor\n|-damage|p1a: Oranguru|69\/100\n|-damage|p1b: Hydroraptor|5\/100 slp\n|move|p1a: Oranguru|Psychic|p2a: Flutter Mane\n|-damage|p2a: Flutter Mane|59\/100\n|move|p2b: Amoonguss|Pollen Puff|p1a: Oranguru\n|-supereffective|p1a: Oranguru\n|-damage|p1a: Oranguru|39\/100\n|\n|-weather|SunnyDay|[upkeep]\n|-end|p2b: Amoonguss|move: Yawn|[silent]\n|-status|p2b: Amoonguss|slp\n|upkeep\n|turn|12\n|\n|t:|1697368843\n|cant|p1b: Hydroraptor|slp\n|move|p2a: Flutter Mane|Dazzling Gleam|p1b: Hydroraptor|[spread] p1a,p1b\n|-supereffective|p1b: Hydroraptor\n|-damage|p1a: Oranguru|10\/100\n|-damage|p1b: Hydroraptor|0 fnt\n|faint|p1b: Hydroraptor\n|-end|p1b: Hydroraptor|Protosynthesis|[silent]\n|move|p1a: Oranguru|Psychic|p2a: Flutter Mane\n|-crit|p2a: Flutter Mane\n|-damage|p2a: Flutter Mane|0 fnt\n|faint|p2a: Flutter Mane\n|-end|p2a: Flutter Mane|Protosynthesis|[silent]\n|cant|p2b: Amoonguss|slp\n|\n|-weather|SunnyDay|[upkeep]\n|upkeep\n|turn|13\n|\n|t:|1697368859\n|move|p1a: Oranguru|Psychic|p2b: Amoonguss\n|-damage|p2b: Amoonguss|23\/100 slp\n|cant|p2b: Amoonguss|slp\n|\n|-weather|none\n|upkeep\n|turn|14\n|c|\u2606Inkubone|Gg\n|c|\u2606ChikenElSex|:(\n|c|\u2606Inkubone|Well played\n|\n|t:|1697368887\n|move|p1a: Oranguru|Psychic|p2b: Amoonguss\n|-damage|p2b: Amoonguss|0 fnt\n|faint|p2b: Amoonguss\n|\n|win|Inkubone\n|raw|Inkubone's rating: 1259 &rarr; <strong>1283<\/strong><br \/>(+24 for winning)\n|raw|ChikenElSex's rating: 1240 &rarr; <strong>1216<\/strong><br \/>(-24 for losing)\n","uploadtime":1697368895,"views":16,"p1id":"inkubone","p2id":"chikenelsex","formatid":"gen9doublesou","rating":1216,"private":0,"password":""}