{"id":"gen9doublesou-1974068485","p1":"Wready","p2":"andy232","format":"[Gen 9] Doubles OU","log":"|j|\u2606Wready\n|j|\u2606andy232\n|t:|1698051009\n|gametype|doubles\n|player|p1|Wready|1|1021\n|player|p2|andy232|102|1000\n|teamsize|p1|6\n|teamsize|p2|6\n|gen|9\n|tier|[Gen 9] Doubles OU\n|rated|\n|rule|Species Clause: Limit one of each Pok\u00e9mon\n|rule|OHKO Clause: OHKO moves are banned\n|rule|Evasion Moves Clause: Evasion moves are banned\n|rule|Gravity Sleep Clause: The combination of sleep-inducing moves with imperfect accuracy and Gravity or Gigantamax Orbeetle are banned\n|rule|Endless Battle Clause: Forcing endless battles is banned\n|rule|HP Percentage Mod: HP is shown in percentages\n|clearpoke\n|poke|p1|Baxcalibur, F|\n|poke|p1|Vulpix, F|\n|poke|p1|Victreebel, F|\n|poke|p1|Volcanion|\n|poke|p1|Great Tusk|\n|poke|p1|Kingambit, F|\n|poke|p2|Pelipper, M|\n|poke|p2|Toxapex, F|\n|poke|p2|Goodra, F|\n|poke|p2|Iron Thorns|\n|poke|p2|Grimmsnarl, M|\n|poke|p2|Kingambit, M|\n|teampreview\n|inactive|Battle timer is ON: inactive players will automatically lose when time's up. (requested by Wready)\n|\n|t:|1698051013\n|start\n|switch|p1a: Baxcalibur|Baxcalibur, F|100\/100\n|switch|p1b: Vulpix|Vulpix, F|100\/100\n|switch|p2a: Pelipper|Pelipper, M|100\/100\n|switch|p2b: Goodra|Goodra, F, shiny|100\/100\n|-weather|SunnyDay|[from] ability: Drought|[of] p1b: Vulpix\n|-weather|RainDance|[from] ability: Drizzle|[of] p2a: Pelipper\n|turn|1\n|\n|t:|1698051028\n|switch|p2a: Toxapex|Toxapex, F|100\/100\n|move|p1a: Baxcalibur|Dragon Dance|p1a: Baxcalibur\n|-boost|p1a: Baxcalibur|atk|1\n|-boost|p1a: Baxcalibur|spe|1\n|move|p2b: Goodra|Surf|p1a: Baxcalibur|[spread] p2a,p1a,p1b\n|-resisted|p2a: Toxapex\n|-resisted|p1a: Baxcalibur\n|-supereffective|p1b: Vulpix\n|-damage|p2a: Toxapex|93\/100\n|-damage|p1a: Baxcalibur|87\/100\n|-damage|p1b: Vulpix|50\/100\n|move|p1b: Vulpix|Flame Charge|p1a: Baxcalibur\n|-damage|p1a: Baxcalibur|83\/100\n|-boost|p1b: Vulpix|spe|1\n|-ability|p1a: Baxcalibur|Thermal Exchange|boost\n|-boost|p1a: Baxcalibur|atk|1\n|\n|-weather|RainDance|[upkeep]\n|upkeep\n|turn|2\n|inactive|Wready has 120 seconds left.\n|\n|t:|1698051059\n|move|p1a: Baxcalibur|Dragon Claw|p2b: Goodra\n|-supereffective|p2b: Goodra\n|-damage|p2b: Goodra|0 fnt\n|faint|p2b: Goodra\n|move|p1b: Vulpix|Baton Pass|p1b: Vulpix\n|inactive|Wready has 120 seconds left.\n|\n|t:|1698051069\n|switch|p1b: Volcanion|Volcanion|100\/100|[from] Baton Pass\n|move|p2a: Toxapex|Surf|p1b: Volcanion|[spread] p1a\n|-immune|p1b: Volcanion|[from] ability: Water Absorb\n|-resisted|p1a: Baxcalibur\n|-damage|p1a: Baxcalibur|69\/100\n|\n|-weather|RainDance|[upkeep]\n|upkeep\n|\n|t:|1698051081\n|switch|p2b: Grimmsnarl|Grimmsnarl, M|100\/100\n|turn|3\n|\n|t:|1698051098\n|switch|p2a: Pelipper|Pelipper, M|100\/100\n|-terastallize|p1a: Baxcalibur|Steel\n|move|p2b: Grimmsnarl|Trick|p1b: Volcanion\n|-activate|p2b: Grimmsnarl|move: Trick|[of] p1b: Volcanion\n|-item|p1b: Volcanion|Expert Belt|[from] move: Trick\n|-item|p2b: Grimmsnarl|Wacan Berry|[from] move: Trick\n|move|p1a: Baxcalibur|Iron Head|p2b: Grimmsnarl\n|-supereffective|p2b: Grimmsnarl\n|-damage|p2b: Grimmsnarl|0 fnt\n|faint|p2b: Grimmsnarl\n|move|p1b: Volcanion|Sunny Day|p1b: Volcanion\n|-weather|SunnyDay\n|\n|-weather|SunnyDay|[upkeep]\n|upkeep\n|\n|t:|1698051112\n|switch|p2b: Iron Thorns|Iron Thorns|100\/100\n|-enditem|p2b: Iron Thorns|Booster Energy\n|-activate|p2b: Iron Thorns|ability: Quark Drive|[fromitem]\n|-start|p2b: Iron Thorns|quarkdriveatk\n|turn|4\n|\n|t:|1698051136\n|switch|p2a: Toxapex|Toxapex, F|100\/100\n|move|p1a: Baxcalibur|Iron Head|p2b: Iron Thorns\n|-damage|p2b: Iron Thorns|20\/100\n|move|p1b: Volcanion|Heat Wave|p2b: Iron Thorns|[spread] p2a,p2b\n|-resisted|p2a: Toxapex\n|-resisted|p2b: Iron Thorns\n|-damage|p2a: Toxapex|81\/100\n|-damage|p2b: Iron Thorns|0 fnt\n|faint|p2b: Iron Thorns\n|-end|p2b: Iron Thorns|Quark Drive|[silent]\n|\n|-weather|SunnyDay|[upkeep]\n|upkeep\n|\n|t:|1698051146\n|switch|p2b: Pelipper|Pelipper, M|100\/100\n|-weather|RainDance|[from] ability: Drizzle|[of] p2b: Pelipper\n|turn|5\n|\n|t:|1698051170\n|switch|p1b: Vulpix|Vulpix, F|50\/100\n|-weather|SunnyDay|[from] ability: Drought|[of] p1b: Vulpix\n|move|p1a: Baxcalibur|Icicle Crash|p2b: Pelipper\n|-damage|p2b: Pelipper|6\/100\n|cant|p2b: Pelipper|flinch\n|move|p2a: Toxapex|Surf|p1a: Baxcalibur|[spread] p2b,p1a,p1b\n|-resisted|p2b: Pelipper\n|-supereffective|p1b: Vulpix\n|-damage|p2b: Pelipper|1\/100\n|-damage|p1a: Baxcalibur|61\/100\n|-damage|p1b: Vulpix|35\/100\n|\n|-weather|SunnyDay|[upkeep]\n|upkeep\n|turn|6\n|inactive|Wready has 120 seconds left.\n|\n|t:|1698051204\n|move|p1a: Baxcalibur|Dragon Claw|p2a: Toxapex\n|-damage|p2a: Toxapex|16\/100\n|move|p2b: Pelipper|Knock Off|p1b: Vulpix\n|-damage|p1b: Vulpix|13\/100\n|-enditem|p1b: Vulpix|Eviolite|[from] move: Knock Off|[of] p2b: Pelipper\n|move|p1b: Vulpix|Will-O-Wisp|p2b: Pelipper\n|-status|p2b: Pelipper|brn\n|move|p2a: Toxapex|Surf|p1b: Vulpix|[spread] p2b,p1a,p1b\n|-resisted|p2b: Pelipper\n|-supereffective|p1b: Vulpix\n|-damage|p2b: Pelipper|0 fnt\n|-damage|p1a: Baxcalibur|53\/100\n|-damage|p1b: Vulpix|0 fnt\n|faint|p2b: Pelipper\n|faint|p1b: Vulpix\n|\n|-weather|SunnyDay|[upkeep]\n|upkeep\n|\n|t:|1698051229\n|switch|p1b: Great Tusk|Great Tusk|100\/100\n|switch|p2b: Kingambit|Kingambit, M|100\/100\n|-activate|p1b: Great Tusk|ability: Protosynthesis\n|-start|p1b: Great Tusk|protosynthesisatk\n|-activate|p2b: Kingambit|ability: Supreme Overlord\n|-start|p2b: Kingambit|fallen4|[silent]\n|turn|7\n|\n|t:|1698051254\n|move|p1a: Baxcalibur|Iron Head|p2a: Toxapex\n|-resisted|p2a: Toxapex\n|-damage|p2a: Toxapex|0 fnt\n|faint|p2a: Toxapex\n|move|p1b: Great Tusk|Close Combat|p2b: Kingambit\n|-supereffective|p2b: Kingambit\n|-damage|p2b: Kingambit|0 fnt\n|-unboost|p1b: Great Tusk|def|1\n|-unboost|p1b: Great Tusk|spd|1\n|faint|p2b: Kingambit\n|-end|p2b: Kingambit|fallen4|[silent]\n|\n|win|Wready\n|raw|Wready's rating: 1021 &rarr; <strong>1056<\/strong><br \/>(+35 for winning)\n|raw|andy232's rating: 1000 &rarr; <strong>1000<\/strong><br \/>(+0 for losing)\n|l|\u2606andy232\n","uploadtime":1698051290,"views":26,"p1id":"wready","p2id":"andy232","formatid":"gen9doublesou","rating":1000,"private":0,"password":""}