{"id":"gen9doublesou-1995555867","p1":"MafraTESTE","p2":"Jiban123","format":"[Gen 9] Doubles OU","log":"|j|\u2606MafraTESTE\n|j|\u2606Jiban123\n|inactive|Battle timer is ON: inactive players will automatically lose when time's up.\n|t:|1700582536\n|gametype|doubles\n|player|p1|MafraTESTE|tamer-gen3|\n|player|p2|Jiban123|ethan-gen2|\n|teamsize|p1|6\n|teamsize|p2|6\n|gen|9\n|tier|[Gen 9] Doubles OU\n|rated|Tournament battle\n|rule|Species Clause: Limit one of each Pok\u00e9mon\n|rule|OHKO Clause: OHKO moves are banned\n|rule|Evasion Moves Clause: Evasion moves are banned\n|rule|Gravity Sleep Clause: The combination of sleep-inducing moves with imperfect accuracy and Gravity or Gigantamax Orbeetle are banned\n|rule|Endless Battle Clause: Forcing endless battles is banned\n|rule|HP Percentage Mod: HP is shown in percentages\n|clearpoke\n|poke|p1|Pelipper, M|\n|poke|p1|Kingambit, F|\n|poke|p1|Iron Bundle|\n|poke|p1|Palafin, F|\n|poke|p1|Tsareena, F|\n|poke|p1|Chien-Pao|\n|poke|p2|Torkoal, M|\n|poke|p2|Scizor, M|\n|poke|p2|Rillaboom, M|\n|poke|p2|Dragapult, M|\n|poke|p2|Typhlosion, M|\n|poke|p2|Snorlax, M|\n|teampreview\n|\n|t:|1700582552\n|start\n|switch|p1a: Pelipper|Pelipper, M|100\/100\n|switch|p1b: Palafin|Palafin, F|100\/100\n|switch|p2a: Snorlax|Snorlax, M|100\/100\n|switch|p2b: Rillaboom|Rillaboom, M|100\/100\n|-fieldstart|move: Grassy Terrain|[from] ability: Grassy Surge|[of] p2b: Rillaboom\n|-weather|RainDance|[from] ability: Drizzle|[of] p1a: Pelipper\n|turn|1\n|\n|t:|1700582564\n|-terastallize|p2a: Snorlax|Normal\n|move|p2b: Rillaboom|Grassy Glide|p1b: Palafin\n|-supereffective|p1b: Palafin\n|-damage|p1b: Palafin|0 fnt\n|faint|p1b: Palafin\n|-damage|p2b: Rillaboom|91\/100|[from] item: Life Orb\n|move|p1a: Pelipper|Hurricane|p2b: Rillaboom\n|-supereffective|p2b: Rillaboom\n|-damage|p2b: Rillaboom|0 fnt\n|faint|p2b: Rillaboom\n|move|p2a: Snorlax|Double-Edge|p1a: Pelipper\n|-damage|p1a: Pelipper|0 fnt\n|faint|p1a: Pelipper\n|-damage|p2a: Snorlax|80\/100|[from] Recoil\n|\n|-weather|RainDance|[upkeep]\n|-heal|p2a: Snorlax|86\/100|[from] Grassy Terrain\n|upkeep\n|\n|t:|1700582580\n|switch|p2b: Torkoal|Torkoal, M|100\/100\n|switch|p1b: Tsareena|Tsareena, F|100\/100\n|switch|p1a: Iron Bundle|Iron Bundle|100\/100\n|-weather|SunnyDay|[from] ability: Drought|[of] p2b: Torkoal\n|-enditem|p1a: Iron Bundle|Booster Energy\n|-activate|p1a: Iron Bundle|ability: Quark Drive|[fromitem]\n|-start|p1a: Iron Bundle|quarkdrivespe\n|turn|2\n|\n|t:|1700582608\n|switch|p2b: Scizor|Scizor, M|100\/100\n|move|p1a: Iron Bundle|Hydro Pump|p2b: Scizor\n|-damage|p2b: Scizor|70\/100\n|move|p1b: Tsareena|High Jump Kick|p2a: Snorlax\n|-supereffective|p2a: Snorlax\n|-crit|p2a: Snorlax\n|-damage|p2a: Snorlax|0 fnt\n|faint|p2a: Snorlax\n|\n|-weather|SunnyDay|[upkeep]\n|-heal|p2b: Scizor|76\/100|[from] Grassy Terrain\n|-heal|p2b: Scizor|82\/100|[from] item: Leftovers\n|upkeep\n|\n|t:|1700582614\n|switch|p2a: Typhlosion|Typhlosion, M|100\/100\n|turn|3\n|\n|t:|1700582628\n|move|p2b: Scizor|Bullet Punch||[still]\n|cant|p1b: Tsareena|ability: Queenly Majesty|Bullet Punch|[of] p2b: Scizor\n|move|p1a: Iron Bundle|Hydro Pump|p2a: Typhlosion\n|-supereffective|p2a: Typhlosion\n|-damage|p2a: Typhlosion|37\/100\n|move|p2a: Typhlosion|Eruption|p1a: Iron Bundle|[spread] p1a,p1b\n|-supereffective|p1b: Tsareena\n|-damage|p1a: Iron Bundle|53\/100\n|-damage|p1b: Tsareena|68\/100\n|move|p1b: Tsareena|High Jump Kick|p2b: Scizor\n|-damage|p2b: Scizor|39\/100\n|\n|-weather|SunnyDay|[upkeep]\n|-heal|p1a: Iron Bundle|59\/100|[from] Grassy Terrain\n|-heal|p2a: Typhlosion|43\/100|[from] Grassy Terrain\n|-heal|p2b: Scizor|45\/100|[from] Grassy Terrain\n|-heal|p2b: Scizor|51\/100|[from] item: Leftovers\n|-heal|p1b: Tsareena|74\/100|[from] Grassy Terrain\n|upkeep\n|turn|4\n|\n|t:|1700582643\n|switch|p2a: Dragapult|Dragapult, M|100\/100\n|move|p1a: Iron Bundle|Hydro Pump|p2a: Dragapult|[miss]\n|-miss|p1a: Iron Bundle|p2a: Dragapult\n|move|p2b: Scizor|Aerial Ace|p1b: Tsareena\n|-supereffective|p1b: Tsareena\n|-damage|p1b: Tsareena|14\/100\n|move|p1b: Tsareena|High Jump Kick|p2b: Scizor\n|-damage|p2b: Scizor|8\/100\n|\n|-weather|SunnyDay|[upkeep]\n|-heal|p1a: Iron Bundle|65\/100|[from] Grassy Terrain\n|-heal|p2b: Scizor|14\/100|[from] Grassy Terrain\n|-heal|p2b: Scizor|20\/100|[from] item: Leftovers\n|-heal|p1b: Tsareena|20\/100|[from] Grassy Terrain\n|upkeep\n|turn|5\n|\n|t:|1700582665\n|move|p1a: Iron Bundle|Freeze-Dry|p2b: Scizor\n|-resisted|p2b: Scizor\n|-damage|p2b: Scizor|0 fnt\n|faint|p2b: Scizor\n|move|p2a: Dragapult|Thunderbolt|p1a: Iron Bundle\n|-supereffective|p1a: Iron Bundle\n|-damage|p1a: Iron Bundle|0 fnt\n|faint|p1a: Iron Bundle\n|-end|p1a: Iron Bundle|Quark Drive|[silent]\n|move|p1b: Tsareena|U-turn|p2a: Dragapult\n|-resisted|p2a: Dragapult\n|-damage|p2a: Dragapult|85\/100\n|\n|t:|1700582670\n|switch|p1b: Kingambit|Kingambit, F|100\/100|[from] U-turn\n|\n|-weather|SunnyDay|[upkeep]\n|-heal|p2a: Dragapult|91\/100|[from] Grassy Terrain\n|-fieldend|move: Grassy Terrain\n|upkeep\n|\n|t:|1700582675\n|switch|p1a: Chien-Pao|Chien-Pao|100\/100\n|switch|p2b: Torkoal|Torkoal, M|100\/100\n|-ability|p1a: Chien-Pao|Sword of Ruin\n|turn|6\n|\n|t:|1700582686\n|move|p2a: Dragapult|Thunderbolt|p1a: Chien-Pao\n|-damage|p1a: Chien-Pao|42\/100\n|move|p1a: Chien-Pao|Sacred Sword|p2b: Torkoal\n|-damage|p2b: Torkoal|77\/100\n|move|p1b: Kingambit|Kowtow Cleave|p2a: Dragapult\n|-supereffective|p2a: Dragapult\n|-damage|p2a: Dragapult|0 fnt\n|faint|p2a: Dragapult\n|move|p2b: Torkoal|Lava Plume|p1a: Chien-Pao|[spread] p1a,p1b\n|-supereffective|p1a: Chien-Pao\n|-supereffective|p1b: Kingambit\n|-damage|p1a: Chien-Pao|0 fnt\n|-damage|p1b: Kingambit|54\/100\n|faint|p1a: Chien-Pao\n|\n|-weather|SunnyDay|[upkeep]\n|upkeep\n|\n|t:|1700582699\n|switch|p2a: Typhlosion|Typhlosion, M|43\/100\n|switch|p1a: Tsareena|Tsareena, F|20\/100\n|turn|7\n|\n|t:|1700582717\n|move|p2a: Typhlosion|Eruption|p1b: Kingambit|[spread] p1a,p1b\n|-supereffective|p1a: Tsareena\n|-supereffective|p1b: Kingambit\n|-damage|p1a: Tsareena|0 fnt\n|-damage|p1b: Kingambit|0 fnt\n|faint|p1a: Tsareena\n|faint|p1b: Kingambit\n|\n|win|Jiban123\n|n|\u2606MafraTESTE|mafrateste\n|n|\u2606Jiban123|jiban123\n|l|\u2606MafraTESTE\n","uploadtime":1700582730,"views":1,"p1id":"mafrateste","p2id":"jiban123","formatid":"gen9doublesou","rating":0,"private":0,"password":""}