{"id":"gen9doublesou-1971051001","p1":"Razzlemcdazzle","p2":"Low Tier Goodra","format":"[Gen 9] Doubles OU","log":"|j|\u2606Razzlemcdazzle\n|j|\u2606Low Tier Goodra\n|t:|1697698783\n|gametype|doubles\n|player|p1|Razzlemcdazzle|fisherman-gen4|1640\n|player|p2|Low Tier Goodra|jasmine|1825\n|teamsize|p1|6\n|teamsize|p2|6\n|gen|9\n|tier|[Gen 9] Doubles OU\n|rated|\n|rule|Species Clause: Limit one of each Pok\u00e9mon\n|rule|OHKO Clause: OHKO moves are banned\n|rule|Evasion Moves Clause: Evasion moves are banned\n|rule|Gravity Sleep Clause: The combination of sleep-inducing moves with imperfect accuracy and Gravity or Gigantamax Orbeetle are banned\n|rule|Endless Battle Clause: Forcing endless battles is banned\n|rule|HP Percentage Mod: HP is shown in percentages\n|clearpoke\n|poke|p1|Indeedee-F, F|\n|poke|p1|Armarouge, F|\n|poke|p1|Tyranitar, F|\n|poke|p1|Hatterene, F|\n|poke|p1|Iron Hands|\n|poke|p1|Oranguru, F|\n|poke|p2|Amoonguss, M|\n|poke|p2|Sinistcha-Masterpiece|\n|poke|p2|Ursaluna, M|\n|poke|p2|Volcanion|\n|poke|p2|Rillaboom, M|\n|poke|p2|Diancie|\n|teampreview\n|inactive|Battle timer is ON: inactive players will automatically lose when time's up. (requested by Razzlemcdazzle)\n|inactive|Low Tier Goodra has 120 seconds left.\n|\n|t:|1697698833\n|start\n|switch|p1a: Iron Hands|Iron Hands|100\/100\n|switch|p1b: Hatterene|Hatterene, F|100\/100\n|switch|p2a: Smoke Loud|Rillaboom, M, shiny|100\/100\n|switch|p2b: Kettle|Volcanion|100\/100\n|-fieldstart|move: Grassy Terrain|[from] ability: Grassy Surge|[of] p2a: Smoke Loud\n|turn|1\n|\n|t:|1697698851\n|move|p1a: Iron Hands|Fake Out|p2a: Smoke Loud\n|-damage|p2a: Smoke Loud|86\/100\n|cant|p2a: Smoke Loud|flinch\n|move|p2b: Kettle|Steam Eruption|p1a: Iron Hands\n|-damage|p1a: Iron Hands|49\/100\n|-damage|p2b: Kettle|91\/100|[from] item: Life Orb\n|move|p1b: Hatterene|Trick Room|p1b: Hatterene\n|-fieldstart|move: Trick Room|[of] p1b: Hatterene\n|\n|-heal|p1a: Iron Hands|55\/100|[from] Grassy Terrain\n|-heal|p2b: Kettle|97\/100|[from] Grassy Terrain\n|-heal|p2a: Smoke Loud|92\/100|[from] Grassy Terrain\n|upkeep\n|turn|2\n|\n|t:|1697698874\n|switch|p2a: Diana|Diancie, shiny|100\/100\n|move|p2b: Kettle|Protect|p2b: Kettle\n|-singleturn|p2b: Kettle|Protect\n|move|p1b: Hatterene|Psychic|p2b: Kettle\n|-activate|p2b: Kettle|move: Protect\n|move|p1a: Iron Hands|Close Combat|p2a: Diana\n|-damage|p2a: Diana|42\/100\n|-unboost|p1a: Iron Hands|def|1\n|-unboost|p1a: Iron Hands|spd|1\n|\n|-heal|p2a: Diana|48\/100|[from] Grassy Terrain\n|-heal|p1a: Iron Hands|61\/100|[from] Grassy Terrain\n|-heal|p2b: Kettle|100\/100|[from] Grassy Terrain\n|upkeep\n|turn|3\n|\n|t:|1697698901\n|switch|p2b: Pea Soup|Sinistcha-Masterpiece, shiny|100\/100\n|move|p2a: Diana|Protect|p2a: Diana\n|-singleturn|p2a: Diana|Protect\n|move|p1b: Hatterene|Psychic|p2a: Diana\n|-activate|p2a: Diana|move: Protect\n|move|p1a: Iron Hands|Wild Charge|p2b: Pea Soup\n|-resisted|p2b: Pea Soup\n|-damage|p2b: Pea Soup|77\/100\n|-damage|p1a: Iron Hands|57\/100|[from] Recoil\n|\n|-heal|p2a: Diana|54\/100|[from] Grassy Terrain\n|-heal|p1a: Iron Hands|63\/100|[from] Grassy Terrain\n|-heal|p2b: Pea Soup|83\/100|[from] Grassy Terrain\n|-heal|p2b: Pea Soup|89\/100|[from] item: Leftovers\n|upkeep\n|turn|4\n|\n|t:|1697698928\n|move|p1b: Hatterene|Mystical Fire|p2b: Pea Soup\n|-supereffective|p2b: Pea Soup\n|-damage|p2b: Pea Soup|54\/100\n|-unboost|p2b: Pea Soup|spa|1\n|move|p1a: Iron Hands|Close Combat|p2a: Diana\n|-damage|p2a: Diana|0 fnt\n|-unboost|p1a: Iron Hands|def|1\n|-unboost|p1a: Iron Hands|spd|1\n|faint|p2a: Diana\n|move|p2b: Pea Soup|Calm Mind|p2b: Pea Soup\n|-boost|p2b: Pea Soup|spa|1\n|-boost|p2b: Pea Soup|spd|1\n|\n|-heal|p1a: Iron Hands|69\/100|[from] Grassy Terrain\n|-heal|p2b: Pea Soup|60\/100|[from] Grassy Terrain\n|-heal|p2b: Pea Soup|67\/100|[from] item: Leftovers\n|upkeep\n|inactive|Low Tier Goodra has 120 seconds left.\n|\n|t:|1697698948\n|switch|p2a: Bartholomew|Ursaluna, M, shiny|100\/100\n|turn|5\n|inactive|Razzlemcdazzle has 120 seconds left.\n|\n|t:|1697698978\n|move|p2a: Bartholomew|Protect|p2a: Bartholomew\n|-singleturn|p2a: Bartholomew|Protect\n|move|p1b: Hatterene|Mystical Fire|p2b: Pea Soup\n|-supereffective|p2b: Pea Soup\n|-damage|p2b: Pea Soup|42\/100\n|-unboost|p2b: Pea Soup|spa|1\n|move|p1a: Iron Hands|Close Combat|p2a: Bartholomew\n|-activate|p2a: Bartholomew|move: Protect\n|move|p2b: Pea Soup|Calm Mind|p2b: Pea Soup\n|-boost|p2b: Pea Soup|spa|1\n|-boost|p2b: Pea Soup|spd|1\n|\n|-heal|p1a: Iron Hands|75\/100|[from] Grassy Terrain\n|-heal|p2b: Pea Soup|48\/100|[from] Grassy Terrain\n|-heal|p2b: Pea Soup|54\/100|[from] item: Leftovers\n|-fieldend|move: Trick Room\n|-fieldend|move: Grassy Terrain\n|-status|p2a: Bartholomew|brn|[from] item: Flame Orb\n|upkeep\n|turn|6\n|\n|t:|1697698998\n|switch|p2a: Arturo|Amoonguss, M, shiny|100\/100\n|move|p2b: Pea Soup|Matcha Gotcha|p1b: Hatterene|[spread] p1a,p1b\n|-damage|p1a: Iron Hands|33\/100\n|-heal|p2b: Pea Soup|86\/100|[from] drain|[of] p1a: Iron Hands\n|-damage|p1b: Hatterene|65\/100\n|-heal|p2b: Pea Soup|100\/100|[from] drain|[of] p1b: Hatterene\n|move|p1a: Iron Hands|Close Combat|p2a: Arturo\n|-resisted|p2a: Arturo\n|-damage|p2a: Arturo|60\/100\n|-unboost|p1a: Iron Hands|def|1\n|-unboost|p1a: Iron Hands|spd|1\n|move|p1b: Hatterene|Trick Room|p1b: Hatterene\n|-fieldstart|move: Trick Room|[of] p1b: Hatterene\n|\n|-heal|p2a: Arturo|66\/100|[from] item: Leftovers\n|upkeep\n|turn|7\n|inactive|Low Tier Goodra has 120 seconds left.\n|\n|t:|1697699028\n|move|p2a: Arturo|Protect|p2a: Arturo\n|-singleturn|p2a: Arturo|Protect\n|move|p1b: Hatterene|Psychic|p2a: Arturo\n|-activate|p2a: Arturo|move: Protect\n|move|p1a: Iron Hands|Close Combat|p2a: Arturo\n|-activate|p2a: Arturo|move: Protect\n|move|p2b: Pea Soup|Calm Mind|p2b: Pea Soup\n|-boost|p2b: Pea Soup|spa|1\n|-boost|p2b: Pea Soup|spd|1\n|\n|-heal|p2a: Arturo|72\/100|[from] item: Leftovers\n|upkeep\n|turn|8\n|\n|t:|1697699052\n|switch|p2a: Kettle|Volcanion|100\/100\n|move|p1b: Hatterene|Psychic|p2a: Kettle\n|-damage|p2a: Kettle|49\/100\n|move|p1a: Iron Hands|Close Combat|p2a: Kettle\n|-damage|p2a: Kettle|0 fnt\n|-unboost|p1a: Iron Hands|def|1\n|-unboost|p1a: Iron Hands|spd|1\n|faint|p2a: Kettle\n|move|p2b: Pea Soup|Calm Mind|p2b: Pea Soup\n|-boost|p2b: Pea Soup|spa|1\n|-boost|p2b: Pea Soup|spd|1\n|\n|upkeep\n|inactive|Low Tier Goodra has 120 seconds left.\n|\n|t:|1697699065\n|switch|p2a: Arturo|Amoonguss, M, shiny|100\/100\n|turn|9\n|\n|t:|1697699091\n|-end|p1a: Iron Hands|Quark Drive|[silent]\n|switch|p1a: Tyranitar|Tyranitar, F|100\/100\n|-weather|Sandstorm|[from] ability: Sand Stream|[of] p1a: Tyranitar\n|move|p2a: Arturo|Protect|p2a: Arturo\n|-singleturn|p2a: Arturo|Protect\n|move|p1b: Hatterene|Psychic|p2a: Arturo\n|-activate|p2a: Arturo|move: Protect\n|move|p2b: Pea Soup|Shadow Ball|p1b: Hatterene\n|-supereffective|p1b: Hatterene\n|-damage|p1b: Hatterene|0 fnt\n|faint|p1b: Hatterene\n|\n|-weather|Sandstorm|[upkeep]\n|-damage|p2a: Arturo|94\/100|[from] Sandstorm\n|-damage|p2b: Pea Soup|94\/100|[from] Sandstorm\n|-heal|p2a: Arturo|100\/100|[from] item: Leftovers\n|-heal|p2b: Pea Soup|100\/100|[from] item: Leftovers\n|upkeep\n|inactive|Razzlemcdazzle has 120 seconds left.\n|\n|t:|1697699102\n|switch|p1b: Oranguru|Oranguru, F|100\/100\n|turn|10\n|\n|t:|1697699113\n|move|p2a: Arturo|Spore|p1a: Tyranitar\n|-status|p1a: Tyranitar|slp|[from] move: Spore\n|-enditem|p1a: Tyranitar|Lum Berry|[eat]\n|-curestatus|p1a: Tyranitar|slp|[msg]\n|move|p1a: Tyranitar|Knock Off|p2b: Pea Soup\n|-supereffective|p2b: Pea Soup\n|-damage|p2b: Pea Soup|0 fnt\n|-enditem|p2b: Pea Soup|Leftovers|[from] move: Knock Off|[of] p1a: Tyranitar\n|faint|p2b: Pea Soup\n|move|p1b: Oranguru|Instruct|p1a: Tyranitar\n|-singleturn|p1a: Tyranitar|move: Instruct|[of] p1b: Oranguru\n|move|p1a: Tyranitar|Knock Off|p2a: Arturo\n|-damage|p2a: Arturo|39\/100\n|-enditem|p2a: Arturo|Leftovers|[from] move: Knock Off|[of] p1a: Tyranitar\n|\n|-weather|Sandstorm|[upkeep]\n|-damage|p2a: Arturo|33\/100|[from] Sandstorm\n|-damage|p1b: Oranguru|94\/100|[from] Sandstorm\n|-fieldend|move: Trick Room\n|upkeep\n|\n|t:|1697699121\n|switch|p2b: Bartholomew|Ursaluna, M, shiny|100\/100 brn\n|turn|11\n|\n|t:|1697699144\n|move|p2a: Arturo|Protect|p2a: Arturo\n|-singleturn|p2a: Arturo|Protect\n|move|p1b: Oranguru|Instruct|p1a: Tyranitar\n|-singleturn|p1a: Tyranitar|move: Instruct|[of] p1b: Oranguru\n|move|p1a: Tyranitar|Knock Off|p2b: Bartholomew\n|-damage|p2b: Bartholomew|61\/100 brn\n|-enditem|p2b: Bartholomew|Flame Orb|[from] move: Knock Off|[of] p1a: Tyranitar\n|move|p1a: Tyranitar|Rock Slide|p2a: Arturo|[spread] p2b\n|-activate|p2a: Arturo|move: Protect\n|-resisted|p2b: Bartholomew\n|-damage|p2b: Bartholomew|49\/100 brn\n|move|p2b: Bartholomew|Bulk Up|p2b: Bartholomew\n|-boost|p2b: Bartholomew|atk|1\n|-boost|p2b: Bartholomew|def|1\n|\n|-weather|Sandstorm|[upkeep]\n|-damage|p1b: Oranguru|88\/100|[from] Sandstorm\n|-damage|p2a: Arturo|26\/100|[from] Sandstorm\n|-damage|p2b: Bartholomew|43\/100 brn|[from] brn\n|upkeep\n|turn|12\n|\n|t:|1697699169\n|switch|p2a: Smoke Loud|Rillaboom, M, shiny|92\/100\n|-fieldstart|move: Grassy Terrain|[from] ability: Grassy Surge|[of] p2a: Smoke Loud\n|move|p2b: Bartholomew|Protect|p2b: Bartholomew\n|-singleturn|p2b: Bartholomew|Protect\n|move|p1b: Oranguru|Instruct|p1a: Tyranitar\n|-singleturn|p1a: Tyranitar|move: Instruct|[of] p1b: Oranguru\n|move|p1a: Tyranitar|Rock Slide|p2a: Smoke Loud|[spread] p2a\n|-activate|p2b: Bartholomew|move: Protect\n|-damage|p2a: Smoke Loud|59\/100\n|move|p1a: Tyranitar|Rock Slide|p2a: Smoke Loud|[spread] \n|-activate|p2b: Bartholomew|move: Protect\n|-miss|p1a: Tyranitar|p2a: Smoke Loud\n|\n|-weather|Sandstorm|[upkeep]\n|-damage|p2a: Smoke Loud|53\/100|[from] Sandstorm\n|-damage|p1b: Oranguru|82\/100|[from] Sandstorm\n|-heal|p2a: Smoke Loud|59\/100|[from] Grassy Terrain\n|-heal|p1b: Oranguru|88\/100|[from] Grassy Terrain\n|-heal|p2b: Bartholomew|49\/100 brn|[from] Grassy Terrain\n|-damage|p2b: Bartholomew|43\/100 brn|[from] brn\n|upkeep\n|turn|13\n|\n|t:|1697699192\n|move|p2a: Smoke Loud|Fake Out|p1a: Tyranitar\n|-resisted|p1a: Tyranitar\n|-damage|p1a: Tyranitar|94\/100\n|move|p1b: Oranguru|Instruct|p1a: Tyranitar\n|-singleturn|p1a: Tyranitar|move: Instruct|[of] p1b: Oranguru\n|cant|p1a: Tyranitar|flinch\n|cant|p1a: Tyranitar|flinch\n|move|p2b: Bartholomew|Bulk Up|p2b: Bartholomew\n|-boost|p2b: Bartholomew|atk|1\n|-boost|p2b: Bartholomew|def|1\n|\n|-weather|none\n|-heal|p2a: Smoke Loud|65\/100|[from] Grassy Terrain\n|-heal|p1b: Oranguru|94\/100|[from] Grassy Terrain\n|-heal|p1a: Tyranitar|99\/100|[from] Grassy Terrain\n|-heal|p2b: Bartholomew|49\/100 brn|[from] Grassy Terrain\n|-damage|p2b: Bartholomew|43\/100 brn|[from] brn\n|upkeep\n|turn|14\n|inactive|Low Tier Goodra has 120 seconds left.\n|\n|t:|1697699225\n|move|p2a: Smoke Loud|Wood Hammer|p1a: Tyranitar\n|-supereffective|p1a: Tyranitar\n|-damage|p1a: Tyranitar|0 fnt\n|faint|p1a: Tyranitar\n|-damage|p2a: Smoke Loud|30\/100|[from] Recoil\n|move|p1b: Oranguru|Instruct|p1: Tyranitar|[notarget]\n|-fail|p1b: Oranguru\n|move|p2b: Bartholomew|Bulk Up|p2b: Bartholomew\n|-boost|p2b: Bartholomew|atk|1\n|-boost|p2b: Bartholomew|def|1\n|\n|-heal|p2a: Smoke Loud|36\/100|[from] Grassy Terrain\n|-heal|p1b: Oranguru|100\/100|[from] Grassy Terrain\n|-heal|p2b: Bartholomew|49\/100 brn|[from] Grassy Terrain\n|-damage|p2b: Bartholomew|43\/100 brn|[from] brn\n|upkeep\n|\n|t:|1697699243\n|switch|p1a: Iron Hands|Iron Hands|33\/100\n|turn|15\n|\n|t:|1697699258\n|move|p2a: Smoke Loud|Wood Hammer|p1a: Iron Hands\n|-damage|p1a: Iron Hands|0 fnt\n|faint|p1a: Iron Hands\n|-end|p1a: Iron Hands|Quark Drive|[silent]\n|-damage|p2a: Smoke Loud|22\/100|[from] Recoil\n|move|p1b: Oranguru|Psychic|p2b: Bartholomew\n|-damage|p2b: Bartholomew|17\/100 brn\n|move|p2b: Bartholomew|Facade|p1b: Oranguru\n|-damage|p1b: Oranguru|0 fnt\n|faint|p1b: Oranguru\n|\n|-heal|p2a: Smoke Loud|28\/100|[from] Grassy Terrain\n|-heal|p2b: Bartholomew|23\/100 brn|[from] Grassy Terrain\n|-damage|p2b: Bartholomew|17\/100 brn|[from] brn\n|upkeep\n|\n|t:|1697699264\n|switch|p1b: Armarouge|Armarouge, F|100\/100\n|switch|p1a: Indeedee|Indeedee-F, F|100\/100\n|-fieldstart|move: Psychic Terrain|[from] ability: Psychic Surge|[of] p1a: Indeedee\n|-enditem|p1a: Indeedee|Psychic Seed\n|-boost|p1a: Indeedee|spd|1|[from] item: Psychic Seed\n|turn|16\n|\n|t:|1697699292\n|move|p2b: Bartholomew|Protect|p2b: Bartholomew\n|-singleturn|p2b: Bartholomew|Protect\n|move|p1a: Indeedee|Follow Me|p1a: Indeedee\n|-singleturn|p1a: Indeedee|move: Follow Me\n|move|p2a: Smoke Loud|U-turn|p1a: Indeedee\n|-supereffective|p1a: Indeedee\n|-damage|p1a: Indeedee|24\/100\n|\n|t:|1697699298\n|switch|p2a: Arturo|Amoonguss, M, shiny|60\/100|[from] U-turn\n|move|p1b: Armarouge|Expanding Force|p2a: Arturo|[spread] p2a\n|-activate|p2b: Bartholomew|move: Protect\n|-supereffective|p2a: Arturo\n|-damage|p2a: Arturo|0 fnt\n|faint|p2a: Arturo\n|-damage|p1b: Armarouge|91\/100|[from] item: Life Orb\n|\n|-damage|p2b: Bartholomew|11\/100 brn|[from] brn\n|upkeep\n|\n|t:|1697699308\n|switch|p2a: Smoke Loud|Rillaboom, M, shiny|28\/100\n|-fieldstart|move: Grassy Terrain|[from] ability: Grassy Surge|[of] p2a: Smoke Loud\n|turn|17\n|inactive|Razzlemcdazzle has 120 seconds left.\n|\n|t:|1697699344\n|move|p2a: Smoke Loud|Fake Out|p1b: Armarouge\n|-damage|p1b: Armarouge|78\/100\n|move|p1a: Indeedee|Dazzling Gleam|p2a: Smoke Loud|[spread] p2a,p2b\n|-damage|p2a: Smoke Loud|17\/100\n|-damage|p2b: Bartholomew|0 fnt\n|faint|p2b: Bartholomew\n|cant|p1b: Armarouge|flinch\n|\n|-heal|p2a: Smoke Loud|23\/100|[from] Grassy Terrain\n|-heal|p1a: Indeedee|30\/100|[from] Grassy Terrain\n|-heal|p1b: Armarouge|84\/100|[from] Grassy Terrain\n|upkeep\n|turn|18\n|\n|t:|1697699357\n|move|p1a: Indeedee|Follow Me|p1a: Indeedee\n|-singleturn|p1a: Indeedee|move: Follow Me\n|move|p2a: Smoke Loud|High Horsepower|p1a: Indeedee\n|-damage|p1a: Indeedee|0 fnt\n|faint|p1a: Indeedee\n|move|p1b: Armarouge|Armor Cannon|p2a: Smoke Loud\n|-supereffective|p2a: Smoke Loud\n|-damage|p2a: Smoke Loud|0 fnt\n|-unboost|p1b: Armarouge|def|1\n|-unboost|p1b: Armarouge|spd|1\n|faint|p2a: Smoke Loud\n|-damage|p1b: Armarouge|74\/100|[from] item: Life Orb\n|\n|win|Razzlemcdazzle\n|raw|Razzlemcdazzle's rating: 1640 &rarr; <strong>1670<\/strong><br \/>(+30 for winning)\n|raw|Low Tier Goodra's rating: 1825 &rarr; <strong>1795<\/strong><br \/>(-30 for losing)\n","uploadtime":1697699378,"views":28,"p1id":"razzlemcdazzle","p2id":"lowtiergoodra","formatid":"gen9doublesou","rating":1670,"private":0,"password":""}