{"id":"gen9doublesou-1972006890","p1":"deadlydirt","p2":"CUDD","format":"[Gen 9] Doubles OU","log":"|j|\u2606deadlydirt\n|j|\u2606CUDD\n|t:|1697804065\n|gametype|doubles\n|player|p1|deadlydirt|harlequin|1052\n|player|p2|CUDD|palmer|1135\n|teamsize|p1|6\n|teamsize|p2|6\n|gen|9\n|tier|[Gen 9] Doubles OU\n|rated|\n|rule|Species Clause: Limit one of each Pok\u00e9mon\n|rule|OHKO Clause: OHKO moves are banned\n|rule|Evasion Moves Clause: Evasion moves are banned\n|rule|Gravity Sleep Clause: The combination of sleep-inducing moves with imperfect accuracy and Gravity or Gigantamax Orbeetle are banned\n|rule|Endless Battle Clause: Forcing endless battles is banned\n|rule|HP Percentage Mod: HP is shown in percentages\n|clearpoke\n|poke|p1|Floatzel, F|\n|poke|p1|Pelipper, M|\n|poke|p1|Gholdengo|\n|poke|p1|Dragonite, F|\n|poke|p1|Goodra-Hisui, M|\n|poke|p1|Kingambit, M|\n|poke|p2|Iron Hands|\n|poke|p2|Chien-Pao|\n|poke|p2|Ursaluna-Bloodmoon, M|\n|poke|p2|Dragapult, F|\n|poke|p2|Ceruledge, M|\n|poke|p2|Gholdengo|\n|teampreview\n|inactive|Battle timer is ON: inactive players will automatically lose when time's up. (requested by CUDD)\n|inactive|CUDD has 120 seconds left.\n|\n|t:|1697804098\n|start\n|switch|p1a: Pelipper|Pelipper, M, shiny|100\/100\n|switch|p1b: Kingambit|Kingambit, M, shiny|100\/100\n|switch|p2a: Iron Hands|Iron Hands|100\/100\n|switch|p2b: Chien-Pao|Chien-Pao|100\/100\n|-ability|p2b: Chien-Pao|Sword of Ruin\n|-weather|RainDance|[from] ability: Drizzle|[of] p1a: Pelipper\n|-ability|p1b: Kingambit|Pressure\n|-enditem|p2a: Iron Hands|Booster Energy\n|-activate|p2a: Iron Hands|ability: Quark Drive|[fromitem]\n|-start|p2a: Iron Hands|quarkdriveatk\n|turn|1\n|\n|t:|1697804121\n|move|p2b: Chien-Pao|Sacred Sword|p1b: Kingambit\n|-supereffective|p1b: Kingambit\n|-damage|p1b: Kingambit|0 fnt\n|faint|p1b: Kingambit\n|move|p1a: Pelipper|Tailwind|p1a: Pelipper\n|-sidestart|p1: deadlydirt|move: Tailwind\n|move|p2a: Iron Hands|Wild Charge|p1a: Pelipper\n|-supereffective|p1a: Pelipper\n|-enditem|p1a: Pelipper|Focus Sash\n|-damage|p1a: Pelipper|1\/100\n|-damage|p2a: Iron Hands|85\/100|[from] Recoil\n|\n|-weather|RainDance|[upkeep]\n|upkeep\n|\n|t:|1697804140\n|switch|p1b: Gholdengo|Gholdengo, shiny|100\/100\n|turn|2\n|\n|t:|1697804153\n|move|p1a: Pelipper|Protect|p1a: Pelipper\n|-singleturn|p1a: Pelipper|Protect\n|move|p2b: Chien-Pao|Sucker Punch|p1b: Gholdengo\n|-supereffective|p1b: Gholdengo\n|-damage|p1b: Gholdengo|21\/100\n|move|p1b: Gholdengo|Dazzling Gleam|p2b: Chien-Pao|[spread] p2a,p2b\n|-supereffective|p2a: Iron Hands\n|-supereffective|p2b: Chien-Pao\n|-damage|p2a: Iron Hands|19\/100\n|-enditem|p2b: Chien-Pao|Focus Sash\n|-damage|p2b: Chien-Pao|1\/100\n|move|p2a: Iron Hands|Drain Punch|p1a: Pelipper\n|-activate|p1a: Pelipper|move: Protect\n|\n|-weather|RainDance|[upkeep]\n|upkeep\n|turn|3\n|\n|t:|1697804176\n|move|p2b: Chien-Pao|Sucker Punch|p1b: Gholdengo\n|-supereffective|p1b: Gholdengo\n|-damage|p1b: Gholdengo|0 fnt\n|faint|p1b: Gholdengo\n|move|p1a: Pelipper|Hydro Pump|p2a: Iron Hands|[miss]\n|-miss|p1a: Pelipper|p2a: Iron Hands\n|move|p2a: Iron Hands|Drain Punch|p1a: Pelipper\n|-resisted|p1a: Pelipper\n|-damage|p1a: Pelipper|0 fnt\n|-heal|p2a: Iron Hands|19\/100|[from] drain|[of] p1a: Pelipper\n|faint|p1a: Pelipper\n|\n|-weather|RainDance|[upkeep]\n|upkeep\n|\n|t:|1697804181\n|switch|p1b: Floatzel|Floatzel, F, shiny|100\/100\n|switch|p1a: Dragonite|Dragonite, F, shiny|100\/100\n|turn|4\n|\n|t:|1697804198\n|move|p1a: Dragonite|Extreme Speed|p2b: Chien-Pao\n|-damage|p2b: Chien-Pao|0 fnt\n|faint|p2b: Chien-Pao\n|move|p1b: Floatzel|Wave Crash|p2a: Iron Hands\n|-crit|p2a: Iron Hands\n|-damage|p2a: Iron Hands|0 fnt\n|faint|p2a: Iron Hands\n|-end|p2a: Iron Hands|Quark Drive|[silent]\n|-damage|p1b: Floatzel|90\/100|[from] Recoil\n|\n|-weather|RainDance|[upkeep]\n|-sideend|p1: deadlydirt|move: Tailwind\n|upkeep\n|\n|t:|1697804215\n|switch|p2b: Ursaluna|Ursaluna-Bloodmoon, M|100\/100\n|switch|p2a: Dragapult|Dragapult, F|100\/100\n|turn|5\n|\n|t:|1697804224\n|move|p1b: Floatzel|Wave Crash|p2b: Ursaluna\n|-supereffective|p2b: Ursaluna\n|-crit|p2b: Ursaluna\n|-damage|p2b: Ursaluna|0 fnt\n|faint|p2b: Ursaluna\n|-damage|p1b: Floatzel|49\/100|[from] Recoil\n|move|p2a: Dragapult|Dragon Dance|p2a: Dragapult\n|-boost|p2a: Dragapult|atk|1\n|-boost|p2a: Dragapult|spe|1\n|move|p1a: Dragonite|Dragon Claw|p2a: Dragapult\n|-supereffective|p2a: Dragapult\n|-damage|p2a: Dragapult|0 fnt\n|-damage|p1a: Dragonite|84\/100|[from] item: Rocky Helmet|[of] p2a: Dragapult\n|faint|p2a: Dragapult\n|\n|-weather|none\n|upkeep\n|\n|t:|1697804242\n|switch|p2a: Gholdengo|Gholdengo|100\/100\n|switch|p2b: Ceruledge|Ceruledge, M|100\/100\n|turn|6\n|\n|t:|1697804257\n|move|p1b: Floatzel|Wave Crash|p2b: Ceruledge\n|-supereffective|p2b: Ceruledge\n|-damage|p2b: Ceruledge|0 fnt\n|faint|p2b: Ceruledge\n|-damage|p1b: Floatzel|18\/100|[from] Recoil\n|move|p2a: Gholdengo|Dazzling Gleam|p1b: Floatzel|[spread] p1a,p1b\n|-supereffective|p1a: Dragonite\n|-damage|p1a: Dragonite|49\/100\n|-damage|p1b: Floatzel|0 fnt\n|faint|p1b: Floatzel\n|move|p1a: Dragonite|Outrage|p2a: Gholdengo\n|-resisted|p2a: Gholdengo\n|-damage|p2a: Gholdengo|63\/100\n|\n|upkeep\n|\n|t:|1697804271\n|switch|p1b: Goodra|Goodra-Hisui, M, shiny|100\/100\n|turn|7\n|\n|t:|1697804284\n|move|p2a: Gholdengo|Make It Rain|p1a: Dragonite|[spread] p1a,p1b\n|-resisted|p1b: Goodra\n|-damage|p1a: Dragonite|11\/100\n|-damage|p1b: Goodra|86\/100\n|-unboost|p2a: Gholdengo|spa|1\n|move|p1a: Dragonite|Outrage|p2a: Gholdengo|[from]lockedmove\n|-resisted|p2a: Gholdengo\n|-damage|p2a: Gholdengo|26\/100\n|-start|p1a: Dragonite|confusion|[fatigue]\n|move|p1b: Goodra|Flamethrower|p2a: Gholdengo\n|-supereffective|p2a: Gholdengo\n|-damage|p2a: Gholdengo|0 fnt\n|faint|p2a: Gholdengo\n|\n|win|deadlydirt\n|raw|deadlydirt's rating: 1052 &rarr; <strong>1092<\/strong><br \/>(+40 for winning)\n|raw|CUDD's rating: 1135 &rarr; <strong>1104<\/strong><br \/>(-31 for losing)\n|c|\u2606deadlydirt|Gg\n","uploadtime":1697804308,"views":15,"p1id":"deadlydirt","p2id":"cudd","formatid":"gen9doublesou","rating":1092,"private":0,"password":""}