{"id":"gen9doublesou-1977531726","p1":"characterlimitname","p2":"letsbegood","format":"[Gen 9] Doubles OU","log":"|j|\u2606characterlimitname\n|j|\u2606letsbegood\n|t:|1698424973\n|gametype|doubles\n|player|p1|characterlimitname|gentleman-gen4|1047\n|player|p2|letsbegood|psychicf-gen4|1121\n|teamsize|p1|6\n|teamsize|p2|6\n|gen|9\n|tier|[Gen 9] Doubles OU\n|rated|\n|rule|Species Clause: Limit one of each Pok\u00e9mon\n|rule|OHKO Clause: OHKO moves are banned\n|rule|Evasion Moves Clause: Evasion moves are banned\n|rule|Gravity Sleep Clause: The combination of sleep-inducing moves with imperfect accuracy and Gravity or Gigantamax Orbeetle are banned\n|rule|Endless Battle Clause: Forcing endless battles is banned\n|rule|HP Percentage Mod: HP is shown in percentages\n|clearpoke\n|poke|p1|Weezing, F|\n|poke|p1|Slaking, F|\n|poke|p1|Ogerpon-Wellspring, F|\n|poke|p1|Toedscruel, F|\n|poke|p1|Medicham, F|\n|poke|p1|Clefairy, F|\n|poke|p2|Fezandipiti, M|\n|poke|p2|Greninja-*, F|\n|poke|p2|Gholdengo|\n|poke|p2|Garganacl, F|\n|poke|p2|Amoonguss, M|\n|poke|p2|Sinistcha-Masterpiece|\n|teampreview\n|inactive|Battle timer is ON: inactive players will automatically lose when time's up. (requested by characterlimitname)\n|\n|t:|1698424981\n|start\n|switch|p1a: Slaking|Slaking, F|100\/100\n|switch|p1b: Medicham|Medicham, F|100\/100\n|switch|p2a: Fezandipiti|Fezandipiti, M|100\/100\n|switch|p2b: Garganacl|Garganacl, F, shiny|100\/100\n|turn|1\n|\n|t:|1698425003\n|move|p1b: Medicham|Skill Swap|p1a: Slaking\n|-activate|p1b: Medicham|move: Skill Swap|||[of] p1a: Slaking\n|move|p2a: Fezandipiti|Tailwind|p2a: Fezandipiti\n|-sidestart|p2: letsbegood|move: Tailwind\n|move|p1a: Slaking|Trailblaze|p2b: Garganacl\n|-supereffective|p2b: Garganacl\n|-damage|p2b: Garganacl|45\/100\n|-boost|p1a: Slaking|spe|1\n|-enditem|p2b: Garganacl|Sitrus Berry|[eat]\n|-heal|p2b: Garganacl|70\/100|[from] item: Sitrus Berry\n|move|p2b: Garganacl|Salt Cure|p1a: Slaking\n|-damage|p1a: Slaking|91\/100\n|-start|p1a: Slaking|Salt Cure\n|\n|-damage|p1a: Slaking|78\/100|[from] Salt Cure\n|upkeep\n|turn|2\n|\n|t:|1698425027\n|move|p2b: Garganacl|Protect|p2b: Garganacl\n|-singleturn|p2b: Garganacl|Protect\n|move|p2a: Fezandipiti|Beat Up|p1a: Slaking\n|-damage|p1a: Slaking|74\/100\n|-damage|p1a: Slaking|69\/100\n|-damage|p1a: Slaking|66\/100\n|-damage|p1a: Slaking|62\/100\n|-damage|p1a: Slaking|58\/100\n|-damage|p1a: Slaking|55\/100\n|-hitcount|p1a: Slaking|6\n|move|p1a: Slaking|Drain Punch|p2b: Garganacl\n|-activate|p2b: Garganacl|move: Protect\n|cant|p1b: Medicham|ability: Truant\n|\n|-damage|p1a: Slaking|43\/100|[from] Salt Cure\n|upkeep\n|turn|3\n|\n|t:|1698425050\n|switch|p2b: Gholdengo|Gholdengo, shiny|100\/100\n|move|p2a: Fezandipiti|Swords Dance|p2a: Fezandipiti\n|-boost|p2a: Fezandipiti|atk|2\n|move|p1a: Slaking|Drain Punch|p2b: Gholdengo\n|-immune|p2b: Gholdengo\n|move|p1b: Medicham|Skill Swap|p2a: Fezandipiti\n|-activate|p1b: Medicham|move: Skill Swap|Technician|Truant|[of] p2a: Fezandipiti\n|\n|-damage|p1a: Slaking|30\/100|[from] Salt Cure\n|upkeep\n|turn|4\n|\n|t:|1698425069\n|switch|p1b: Clefairy|Clefairy, F|100\/100\n|-terastallize|p2a: Fezandipiti|Dark\n|cant|p2a: Fezandipiti|ability: Truant\n|move|p2b: Gholdengo|Dazzling Gleam|p1a: Slaking|[spread] p1a,p1b\n|-damage|p1a: Slaking|13\/100\n|-damage|p1b: Clefairy|76\/100\n|move|p1a: Slaking|Drain Punch|p2a: Fezandipiti\n|-supereffective|p2a: Fezandipiti\n|-damage|p2a: Fezandipiti|0 fnt\n|-heal|p1a: Slaking|49\/100|[from] drain|[of] p2a: Fezandipiti\n|faint|p2a: Fezandipiti\n|\n|-damage|p1a: Slaking|37\/100|[from] Salt Cure\n|-sideend|p2: letsbegood|move: Tailwind\n|upkeep\n|\n|t:|1698425086\n|switch|p2a: Greninja|Greninja, F|100\/100\n|turn|5\n|\n|t:|1698425094\n|move|p1a: Slaking|Trailblaze|p2a: Greninja\n|-supereffective|p2a: Greninja\n|-damage|p2a: Greninja|0 fnt\n|-boost|p1a: Slaking|spe|1\n|faint|p2a: Greninja\n|move|p2b: Gholdengo|Dazzling Gleam|p1b: Clefairy|[spread] p1a,p1b\n|-damage|p1a: Slaking|20\/100\n|-damage|p1b: Clefairy|49\/100\n|move|p1b: Clefairy|Heal Pulse|p1a: Slaking\n|-heal|p1a: Slaking|70\/100\n|\n|-damage|p1a: Slaking|57\/100|[from] Salt Cure\n|upkeep\n|\n|t:|1698425102\n|switch|p2a: Amoonguss|Amoonguss, M|100\/100\n|turn|6\n|\n|t:|1698425118\n|switch|p2b: Sinistcha|Sinistcha-Masterpiece|100\/100\n|-singleturn|p1a: Slaking|move: Focus Punch\n|move|p1b: Clefairy|Follow Me|p1b: Clefairy\n|-singleturn|p1b: Clefairy|move: Follow Me\n|move|p2a: Amoonguss|Rage Powder|p2a: Amoonguss\n|-singleturn|p2a: Amoonguss|move: Rage Powder\n|move|p1a: Slaking|Focus Punch|p2a: Amoonguss\n|-resisted|p2a: Amoonguss\n|-crit|p2a: Amoonguss\n|-damage|p2a: Amoonguss|23\/100\n|\n|-heal|p2a: Amoonguss|29\/100|[from] item: Black Sludge\n|-damage|p1a: Slaking|45\/100|[from] Salt Cure\n|upkeep\n|turn|7\n|\n|t:|1698425140\n|move|p1a: Slaking|Drain Punch|p2a: Amoonguss\n|-resisted|p2a: Amoonguss\n|-damage|p2a: Amoonguss|2\/100\n|-heal|p1a: Slaking|57\/100|[from] drain|[of] p2a: Amoonguss\n|move|p2b: Sinistcha|Matcha Gotcha|p1a: Slaking|[spread] p1a,p1b\n|-damage|p1a: Slaking|40\/100\n|-damage|p1b: Clefairy|26\/100\n|move|p1b: Clefairy|Heal Pulse|p1a: Slaking\n|-heal|p1a: Slaking|90\/100\n|move|p2a: Amoonguss|Spore|p1a: Slaking\n|-status|p1a: Slaking|slp|[from] move: Spore\n|\n|-heal|p2a: Amoonguss|8\/100|[from] item: Black Sludge\n|-damage|p1a: Slaking|78\/100 slp|[from] Salt Cure\n|upkeep\n|turn|8\n|\n|t:|1698425165\n|switch|p1a: Ogerpon|Ogerpon-Wellspring, F|100\/100\n|move|p1b: Clefairy|Protect|p1b: Clefairy\n|-singleturn|p1b: Clefairy|Protect\n|move|p2b: Sinistcha|Scald|p1b: Clefairy\n|-activate|p1b: Clefairy|move: Protect\n|move|p2a: Amoonguss|Clear Smog|p1a: Ogerpon\n|-supereffective|p1a: Ogerpon\n|-damage|p1a: Ogerpon|75\/100\n|-clearboost|p1a: Ogerpon\n|\n|-heal|p2a: Amoonguss|14\/100|[from] item: Black Sludge\n|upkeep\n|turn|9\n|\n|t:|1698425194\n|move|p1b: Clefairy|Helping Hand|p1a: Ogerpon\n|-singleturn|p1a: Ogerpon|Helping Hand|[of] p1b: Clefairy\n|move|p2a: Amoonguss|Rage Powder|p2a: Amoonguss\n|-singleturn|p2a: Amoonguss|move: Rage Powder\n|move|p1a: Ogerpon|U-turn|p2b: Sinistcha\n|-damage|p2b: Sinistcha|61\/100\n|inactive|characterlimitname has 120 seconds left.\n|\n|t:|1698425206\n|switch|p1a: Medicham|Medicham, F|100\/100|[from] U-turn\n|move|p2b: Sinistcha|Shadow Ball|p1b: Clefairy\n|-damage|p1b: Clefairy|0 fnt\n|faint|p1b: Clefairy\n|\n|-heal|p2a: Amoonguss|20\/100|[from] item: Black Sludge\n|upkeep\n|inactive|characterlimitname has 120 seconds left.\n|\n|t:|1698425221\n|switch|p1b: Ogerpon|Ogerpon-Wellspring, F|75\/100\n|turn|10\n|\n|t:|1698425233\n|move|p1b: Ogerpon|Spiky Shield|p1b: Ogerpon\n|-singleturn|p1b: Ogerpon|move: Protect\n|move|p1a: Medicham|Skill Swap|p2b: Sinistcha\n|-activate|p1a: Medicham|move: Skill Swap|Hospitality|Pure Power|[of] p2b: Sinistcha\n|-heal|p1b: Ogerpon|100\/100|[from] ability: Hospitality|[of] p1a: Medicham\n|move|p2b: Sinistcha|Matcha Gotcha|p1a: Medicham|[spread] p1a\n|-activate|p1b: Ogerpon|move: Protect\n|-damage|p1a: Medicham|55\/100\n|-heal|p2b: Sinistcha|83\/100|[from] drain|[of] p1a: Medicham\n|move|p2a: Amoonguss|Spore|p1a: Medicham\n|-status|p1a: Medicham|slp|[from] move: Spore\n|\n|-heal|p2a: Amoonguss|26\/100|[from] item: Black Sludge\n|upkeep\n|turn|11\n|inactive|characterlimitname has 120 seconds left.\n|inactive|letsbegood has 120 seconds left.\n|\n|t:|1698425276\n|switch|p1a: Slaking|Slaking, F|78\/100 slp\n|move|p1b: Ogerpon|Spiky Shield|p1b: Ogerpon\n|-singleturn|p1b: Ogerpon|move: Protect\n|move|p2b: Sinistcha|Matcha Gotcha|p1a: Slaking|[spread] p1a\n|-activate|p1b: Ogerpon|move: Protect\n|-damage|p1a: Slaking|55\/100 slp\n|-heal|p2b: Sinistcha|97\/100|[from] drain|[of] p1a: Slaking\n|move|p2a: Amoonguss|Clear Smog|p1b: Ogerpon\n|-activate|p1b: Ogerpon|move: Protect\n|\n|-heal|p2a: Amoonguss|33\/100|[from] item: Black Sludge\n|upkeep\n|turn|12\n|inactive|characterlimitname has 120 seconds left.\n|\n|t:|1698425296\n|switch|p1b: Medicham|Medicham, F|55\/100 slp\n|cant|p1a: Slaking|slp\n|move|p2b: Sinistcha|Shadow Ball|p1b: Medicham\n|-supereffective|p1b: Medicham\n|-damage|p1b: Medicham|0 fnt\n|faint|p1b: Medicham\n|move|p2a: Amoonguss|Clear Smog|p1a: Slaking\n|-damage|p1a: Slaking|45\/100 slp\n|-clearboost|p1a: Slaking\n|\n|-heal|p2a: Amoonguss|39\/100|[from] item: Black Sludge\n|upkeep\n|inactive|characterlimitname has 120 seconds left.\n|\n|t:|1698425318\n|switch|p1b: Toedscruel|Toedscruel, F|100\/100\n|turn|13\n|\n|t:|1698425333\n|move|p1b: Toedscruel|Earth Power|p2b: Sinistcha\n|-resisted|p2b: Sinistcha\n|-damage|p2b: Sinistcha|82\/100\n|cant|p1a: Slaking|slp\n|move|p2b: Sinistcha|Matcha Gotcha|p1a: Slaking|[spread] p1a,p1b\n|-damage|p1a: Slaking|25\/100 slp\n|-heal|p2b: Sinistcha|95\/100|[from] drain|[of] p1a: Slaking\n|-damage|p1b: Toedscruel|75\/100\n|-heal|p2b: Sinistcha|100\/100|[from] drain|[of] p1b: Toedscruel\n|move|p2a: Amoonguss|Clear Smog|p1a: Slaking\n|-damage|p1a: Slaking|15\/100 slp\n|-clearboost|p1a: Slaking\n|\n|-heal|p1b: Toedscruel|81\/100|[from] item: Leftovers\n|-heal|p2a: Amoonguss|45\/100|[from] item: Black Sludge\n|upkeep\n|turn|14\n|\n|t:|1698425361\n|move|p1b: Toedscruel|Earth Power|p2b: Sinistcha\n|-resisted|p2b: Sinistcha\n|-damage|p2b: Sinistcha|87\/100\n|cant|p1a: Slaking|slp\n|move|p2b: Sinistcha|Matcha Gotcha|p1b: Toedscruel|[spread] p1a,p1b\n|-damage|p1a: Slaking|0 fnt\n|-heal|p2b: Sinistcha|96\/100|[from] drain|[of] p1a: Slaking\n|-damage|p1b: Toedscruel|56\/100\n|-heal|p2b: Sinistcha|100\/100|[from] drain|[of] p1b: Toedscruel\n|faint|p1a: Slaking\n|move|p2a: Amoonguss|Spore|p1b: Toedscruel\n|-immune|p1b: Toedscruel\n|\n|-heal|p1b: Toedscruel|63\/100|[from] item: Leftovers\n|-heal|p2a: Amoonguss|51\/100|[from] item: Black Sludge\n|upkeep\n|inactive|characterlimitname has 120 seconds left.\n|\n|t:|1698425376\n|switch|p1a: Weezing|Weezing, F|100\/100\n|-ability|p1a: Weezing|Neutralizing Gas\n|turn|15\n|\n|t:|1698425401\n|move|p1a: Weezing|Protect|p1a: Weezing\n|-singleturn|p1a: Weezing|Protect\n|move|p1b: Toedscruel|Toxic Spikes|p2a: Amoonguss\n|-sidestart|p2: letsbegood|move: Toxic Spikes\n|move|p2b: Sinistcha|Shadow Ball|p1a: Weezing\n|-activate|p1a: Weezing|move: Protect\n|move|p2a: Amoonguss|Clear Smog|p1b: Toedscruel\n|-damage|p1b: Toedscruel|50\/100\n|-clearboost|p1b: Toedscruel\n|\n|-heal|p1b: Toedscruel|56\/100|[from] item: Leftovers\n|-heal|p2a: Amoonguss|58\/100|[from] item: Black Sludge\n|upkeep\n|turn|16\n|inactive|characterlimitname has 120 seconds left.\n|\n|t:|1698425446\n|switch|p1b: Ogerpon|Ogerpon-Wellspring, F|100\/100\n|move|p2b: Sinistcha|Shadow Ball|p1b: Ogerpon\n|-damage|p1b: Ogerpon|51\/100\n|move|p1a: Weezing|Memento|p2b: Sinistcha\n|-unboost|p2b: Sinistcha|atk|2\n|-unboost|p2b: Sinistcha|spa|2\n|faint|p1a: Weezing\n|-end|p1a: Weezing|ability: Neutralizing Gas\n|move|p2a: Amoonguss|Spore|p1b: Ogerpon\n|-immune|p1b: Ogerpon\n|\n|-heal|p2a: Amoonguss|64\/100|[from] item: Black Sludge\n|upkeep\n|\n|t:|1698425459\n|switch|p1a: Toedscruel|Toedscruel, F|56\/100\n|turn|17\n|inactive|characterlimitname has 120 seconds left.\n|\n|t:|1698425483\n|switch|p2b: Gholdengo|Gholdengo, shiny|100\/100\n|-terastallize|p1b: Ogerpon|Water\n|detailschange|p1b: Ogerpon|Ogerpon-Wellspring-Tera, F, tera:Water\n|-ability|p1b: Ogerpon|Embody Aspect (Wellspring)|boost\n|-boost|p1b: Ogerpon|spd|1\n|move|p2a: Amoonguss|Rage Powder|p2a: Amoonguss\n|-singleturn|p2a: Amoonguss|move: Rage Powder\n|move|p1b: Ogerpon|Ivy Cudgel|p2a: Amoonguss\n|-resisted|p2a: Amoonguss\n|-damage|p2a: Amoonguss|27\/100\n|move|p1a: Toedscruel|Toxic Spikes|p2b: Gholdengo\n|-sidestart|p2: letsbegood|move: Toxic Spikes\n|\n|-heal|p1a: Toedscruel|62\/100|[from] item: Leftovers\n|-heal|p2a: Amoonguss|33\/100|[from] item: Black Sludge\n|upkeep\n|turn|18\n|inactive|characterlimitname has 120 seconds left.\n|\n|t:|1698425505\n|move|p1b: Ogerpon|Horn Leech|p2b: Gholdengo\n|-resisted|p2b: Gholdengo\n|-damage|p2b: Gholdengo|75\/100\n|-heal|p1b: Ogerpon|64\/100|[from] drain|[of] p2b: Gholdengo\n|move|p1a: Toedscruel|Giga Drain|p2b: Gholdengo\n|-resisted|p2b: Gholdengo\n|-damage|p2b: Gholdengo|64\/100\n|-heal|p1a: Toedscruel|67\/100|[from] drain|[of] p2b: Gholdengo\n|move|p2b: Gholdengo|Thunderbolt|p1b: Ogerpon\n|-supereffective|p1b: Ogerpon\n|-crit|p1b: Ogerpon\n|-damage|p1b: Ogerpon|0 fnt\n|faint|p1b: Ogerpon\n|move|p2a: Amoonguss|Clear Smog|p1a: Toedscruel\n|-damage|p1a: Toedscruel|54\/100\n|-clearboost|p1a: Toedscruel\n|\n|-heal|p1a: Toedscruel|60\/100|[from] item: Leftovers\n|-heal|p2a: Amoonguss|40\/100|[from] item: Black Sludge\n|upkeep\n|turn|19\n|-message|characterlimitname forfeited.\n|\n|win|letsbegood\n|raw|characterlimitname's rating: 1047 &rarr; <strong>1034<\/strong><br \/>(-13 for losing)\n|raw|letsbegood's rating: 1121 &rarr; <strong>1141<\/strong><br \/>(+20 for winning)\n|l|\u2606characterlimitname\n","uploadtime":1698425530,"views":13,"p1id":"characterlimitname","p2id":"letsbegood","formatid":"gen9doublesou","rating":1034,"private":0,"password":""}