{"id":"gen9doublesou-1993473299","p1":"fafsfs","p2":"Kiky14","format":"[Gen 9] Doubles OU","log":"|j|\u2606fafsfs\n|j|\u2606Kiky14\n|t:|1700322167\n|gametype|doubles\n|player|p1|fafsfs|caitlin|1348\n|player|p2|Kiky14|hilda-wonderlauncher|1466\n|teamsize|p1|6\n|teamsize|p2|6\n|gen|9\n|tier|[Gen 9] Doubles OU\n|rated|\n|rule|Species Clause: Limit one of each Pok\u00e9mon\n|rule|OHKO Clause: OHKO moves are banned\n|rule|Evasion Moves Clause: Evasion moves are banned\n|rule|Gravity Sleep Clause: The combination of sleep-inducing moves with imperfect accuracy and Gravity or Gigantamax Orbeetle are banned\n|rule|Endless Battle Clause: Forcing endless battles is banned\n|rule|HP Percentage Mod: HP is shown in percentages\n|clearpoke\n|poke|p1|Dragapult, M|\n|poke|p1|Empoleon, M|\n|poke|p1|Enamorus, F|\n|poke|p1|Arcanine-Hisui, F|\n|poke|p1|Ogerpon-Cornerstone, F|\n|poke|p1|Baxcalibur, F|\n|poke|p2|Sinistcha|\n|poke|p2|Moltres-Galar|\n|poke|p2|Arcanine-Hisui, M|\n|poke|p2|Ogerpon-Wellspring, F|\n|poke|p2|Klefki, M|\n|poke|p2|Okidogi, M|\n|teampreview\n|inactive|Battle timer is ON: inactive players will automatically lose when time's up. (requested by fafsfs)\n|inactiveoff|Battle timer is now OFF.\n|\n|t:|1700322206\n|start\n|switch|p1a: Empoleon|Empoleon, M|100\/100\n|switch|p1b: Dragapult|Dragapult, M|100\/100\n|switch|p2a: Okidogi|Okidogi, M|100\/100\n|switch|p2b: Klefki|Klefki, M|100\/100\n|turn|1\n|\n|t:|1700322223\n|move|p2b: Klefki|Light Screen|p2b: Klefki\n|-sidestart|p2: Kiky14|move: Light Screen\n|move|p1b: Dragapult|Flamethrower|p2b: Klefki\n|-supereffective|p2b: Klefki\n|-damage|p2b: Klefki|32\/100\n|-status|p2b: Klefki|brn\n|-damage|p1b: Dragapult|91\/100|[from] item: Life Orb\n|move|p2a: Okidogi|Knock Off|p1b: Dragapult\n|-supereffective|p1b: Dragapult\n|-damage|p1b: Dragapult|0 fnt\n|-enditem|p1b: Dragapult|Life Orb|[from] move: Knock Off|[of] p2a: Okidogi\n|faint|p1b: Dragapult\n|move|p1a: Empoleon|Water Pledge|p2a: Okidogi\n|-damage|p2a: Okidogi|76\/100\n|\n|-damage|p2b: Klefki|26\/100 brn|[from] brn\n|upkeep\n|\n|t:|1700322243\n|switch|p1b: Baxcalibur|Baxcalibur, F|100\/100\n|turn|2\n|\n|t:|1700322252\n|move|p2b: Klefki|Reflect|p2b: Klefki\n|-sidestart|p2: Kiky14|Reflect\n|move|p1b: Baxcalibur|High Horsepower|p2a: Okidogi\n|-supereffective|p2a: Okidogi\n|-damage|p2a: Okidogi|34\/100\n|move|p2a: Okidogi|Drain Punch|p1b: Baxcalibur\n|-supereffective|p1b: Baxcalibur\n|-damage|p1b: Baxcalibur|40\/100\n|-heal|p2a: Okidogi|68\/100|[from] drain|[of] p1b: Baxcalibur\n|move|p1a: Empoleon|Flash Cannon|p2b: Klefki\n|-damage|p2b: Klefki|0 fnt\n|faint|p2b: Klefki\n|\n|upkeep\n|\n|t:|1700322265\n|switch|p2b: Sinistcha|Sinistcha|100\/100\n|-heal|p2a: Okidogi|93\/100|[from] ability: Hospitality|[of] p2b: Sinistcha\n|turn|3\n|\n|t:|1700322278\n|move|p2b: Sinistcha|Protect|p2b: Sinistcha\n|-singleturn|p2b: Sinistcha|Protect\n|move|p1b: Baxcalibur|High Horsepower|p2a: Okidogi\n|-supereffective|p2a: Okidogi\n|-damage|p2a: Okidogi|55\/100\n|move|p2a: Okidogi|Drain Punch|p1b: Baxcalibur\n|-supereffective|p1b: Baxcalibur\n|-damage|p1b: Baxcalibur|0 fnt\n|-heal|p2a: Okidogi|78\/100|[from] drain|[of] p1b: Baxcalibur\n|faint|p1b: Baxcalibur\n|move|p1a: Empoleon|Water Pledge|p2a: Okidogi\n|-damage|p2a: Okidogi|53\/100\n|\n|upkeep\n|\n|t:|1700322300\n|switch|p1b: Enamorus|Enamorus, F|100\/100\n|turn|4\n|\n|t:|1700322311\n|move|p2b: Sinistcha|Rage Powder|p2b: Sinistcha\n|-singleturn|p2b: Sinistcha|move: Rage Powder\n|move|p1b: Enamorus|Earth Power|p2b: Sinistcha\n|-resisted|p2b: Sinistcha\n|-damage|p2b: Sinistcha|90\/100\n|move|p2a: Okidogi|Drain Punch|p1a: Empoleon\n|-supereffective|p1a: Empoleon\n|-damage|p1a: Empoleon|26\/100\n|-heal|p2a: Okidogi|89\/100|[from] drain|[of] p1a: Empoleon\n|-damage|p2a: Okidogi|73\/100|[from] item: Rocky Helmet|[of] p1a: Empoleon\n|move|p1a: Empoleon|Water Pledge|p2b: Sinistcha\n|-resisted|p2b: Sinistcha\n|-damage|p2b: Sinistcha|77\/100\n|\n|-heal|p2b: Sinistcha|83\/100|[from] item: Leftovers\n|upkeep\n|turn|5\n|\n|t:|1700322328\n|move|p1b: Enamorus|Protect|p1b: Enamorus\n|-singleturn|p1b: Enamorus|Protect\n|move|p2b: Sinistcha|Rage Powder|p2b: Sinistcha\n|-singleturn|p2b: Sinistcha|move: Rage Powder\n|move|p2a: Okidogi|Poison Jab|p1b: Enamorus\n|-activate|p1b: Enamorus|move: Protect\n|move|p1a: Empoleon|Roost|p1a: Empoleon\n|-heal|p1a: Empoleon|76\/100\n|-singleturn|p1a: Empoleon|move: Roost\n|\n|-heal|p2b: Sinistcha|89\/100|[from] item: Leftovers\n|upkeep\n|turn|6\n|inactive|Battle timer is ON: inactive players will automatically lose when time's up. (requested by fafsfs)\n|\n|t:|1700322348\n|switch|p1b: Ogerpon|Ogerpon-Cornerstone, F|100\/100\n|move|p2b: Sinistcha|Rage Powder|p2b: Sinistcha\n|-singleturn|p2b: Sinistcha|move: Rage Powder\n|move|p2a: Okidogi|Drain Punch|p1a: Empoleon\n|-supereffective|p1a: Empoleon\n|-damage|p1a: Empoleon|5\/100\n|-heal|p2a: Okidogi|100\/100|[from] drain|[of] p1a: Empoleon\n|-damage|p2a: Okidogi|84\/100|[from] item: Rocky Helmet|[of] p1a: Empoleon\n|move|p1a: Empoleon|Flash Cannon|p2b: Sinistcha\n|-damage|p2b: Sinistcha|64\/100\n|\n|-heal|p2b: Sinistcha|70\/100|[from] item: Leftovers\n|upkeep\n|turn|7\n|\n|t:|1700322365\n|move|p1b: Ogerpon|Spiky Shield|p1b: Ogerpon\n|-singleturn|p1b: Ogerpon|move: Protect\n|move|p1a: Empoleon|Protect|p1a: Empoleon\n|-singleturn|p1a: Empoleon|Protect\n|move|p2a: Okidogi|Drain Punch|p1b: Ogerpon\n|-activate|p1b: Ogerpon|move: Protect\n|-damage|p2a: Okidogi|72\/100|[from] Spiky Shield|[of] p1b: Ogerpon\n|move|p2b: Sinistcha|Matcha Gotcha|p1b: Ogerpon|[spread] \n|-activate|p1a: Empoleon|move: Protect\n|-activate|p1b: Ogerpon|move: Protect\n|\n|-heal|p2b: Sinistcha|76\/100|[from] item: Leftovers\n|upkeep\n|turn|8\n|\n|t:|1700322375\n|-terastallize|p1b: Ogerpon|Rock\n|detailschange|p1b: Ogerpon|Ogerpon-Cornerstone-Tera, F, tera:Rock\n|-ability|p1b: Ogerpon|Embody Aspect (Cornerstone)|boost\n|-boost|p1b: Ogerpon|def|1\n|move|p1b: Ogerpon|Ivy Cudgel|p2b: Sinistcha|[anim] Ivy Cudgel Rock\n|-damage|p2b: Sinistcha|28\/100\n|move|p2a: Okidogi|Drain Punch|p1b: Ogerpon\n|-supereffective|p1b: Ogerpon\n|-damage|p1b: Ogerpon|33\/100\n|-heal|p2a: Okidogi|98\/100|[from] drain|[of] p1b: Ogerpon\n|move|p2b: Sinistcha|Matcha Gotcha|p1a: Empoleon|[spread] p1a,p1b\n|-supereffective|p1b: Ogerpon\n|-damage|p1a: Empoleon|0 fnt\n|-heal|p2b: Sinistcha|30\/100|[from] drain|[of] p1a: Empoleon\n|-damage|p1b: Ogerpon|0 fnt\n|-heal|p2b: Sinistcha|44\/100|[from] drain|[of] p1b: Ogerpon\n|faint|p1a: Empoleon\n|faint|p1b: Ogerpon\n|\n|-heal|p2b: Sinistcha|50\/100|[from] item: Leftovers\n|-sideend|p2: Kiky14|move: Light Screen\n|upkeep\n|\n|t:|1700322395\n|switch|p1b: Enamorus|Enamorus, F|100\/100\n|switch|p1a: Arcanine|Arcanine-Hisui, F|100\/100\n|-ability|p1a: Arcanine|Intimidate|boost\n|-ability|p2a: Okidogi|Guard Dog|boost\n|-boost|p2a: Okidogi|atk|1\n|-unboost|p2b: Sinistcha|atk|1\n|turn|9\n|\n|t:|1700322421\n|switch|p2b: Arcanine|Arcanine-Hisui, M|100\/100\n|-ability|p2b: Arcanine|Intimidate|boost\n|-unboost|p1a: Arcanine|atk|1\n|-unboost|p1b: Enamorus|atk|1\n|move|p2a: Okidogi|Protect|p2a: Okidogi\n|-singleturn|p2a: Okidogi|Protect\n|move|p1b: Enamorus|Earth Power|p2a: Okidogi\n|-activate|p2a: Okidogi|move: Protect\n|move|p1a: Arcanine|Flare Blitz|p2b: Arcanine\n|-resisted|p2b: Arcanine\n|-damage|p2b: Arcanine|90\/100\n|-damage|p1a: Arcanine|97\/100|[from] Recoil\n|\n|-sideend|p2: Kiky14|Reflect\n|upkeep\n|turn|10\n|\n|t:|1700322440\n|move|p1b: Enamorus|Earth Power|p2a: Okidogi\n|-supereffective|p2a: Okidogi\n|-damage|p2a: Okidogi|39\/100\n|move|p2b: Arcanine|Rock Slide|p1a: Arcanine|[spread] p1b\n|-miss|p2b: Arcanine|p1a: Arcanine\n|-supereffective|p1b: Enamorus\n|-damage|p1b: Enamorus|26\/100\n|-enditem|p1b: Enamorus|Sitrus Berry|[eat]\n|-heal|p1b: Enamorus|51\/100|[from] item: Sitrus Berry\n|move|p1a: Arcanine|Flare Blitz|p2a: Okidogi\n|-damage|p2a: Okidogi|0 fnt\n|faint|p2a: Okidogi\n|-damage|p1a: Arcanine|82\/100|[from] Recoil\n|\n|upkeep\n|\n|t:|1700322457\n|switch|p2a: Ogerpon|Ogerpon-Wellspring, F|100\/100\n|turn|11\n|\n|t:|1700322470\n|-terastallize|p2a: Ogerpon|Water\n|detailschange|p2a: Ogerpon|Ogerpon-Wellspring-Tera, F, tera:Water\n|-ability|p2a: Ogerpon|Embody Aspect (Wellspring)|boost\n|-boost|p2a: Ogerpon|spd|1\n|move|p1b: Enamorus|Tailwind|p1b: Enamorus\n|-sidestart|p1: fafsfs|move: Tailwind\n|move|p1a: Arcanine|Flare Blitz|p2a: Ogerpon\n|-resisted|p2a: Ogerpon\n|-damage|p2a: Ogerpon|73\/100\n|-damage|p1a: Arcanine|74\/100|[from] Recoil\n|move|p2b: Arcanine|Rock Slide|p1a: Arcanine|[spread] p1a,p1b\n|-supereffective|p1a: Arcanine\n|-supereffective|p1b: Enamorus\n|-damage|p1a: Arcanine|12\/100\n|-damage|p1b: Enamorus|0 fnt\n|faint|p1b: Enamorus\n|move|p2a: Ogerpon|Ivy Cudgel|p1a: Arcanine|[anim] Ivy Cudgel Water\n|-supereffective|p1a: Arcanine\n|-crit|p1a: Arcanine\n|-damage|p1a: Arcanine|0 fnt\n|faint|p1a: Arcanine\n|\n|win|Kiky14\n|raw|fafsfs's rating: 1348 &rarr; <strong>1335<\/strong><br \/>(-13 for losing)\n|raw|Kiky14's rating: 1466 &rarr; <strong>1479<\/strong><br \/>(+13 for winning)\n|l|\u2606fafsfs\n","uploadtime":1700322501,"views":6,"p1id":"fafsfs","p2id":"kiky14","formatid":"gen9doublesou","rating":1335,"private":0,"password":""}