{"id":"gen9doublesou-1984717960","p1":"Sushihoarder","p2":"baneberrie","format":"[Gen 9] Doubles OU","log":"|j|\u2606Sushihoarder\n|j|\u203dbaneberrie\n|t:|1699293370\n|gametype|doubles\n|player|p1|Sushihoarder|169|1134\n|player|p2|baneberrie|acetrainerf|1175\n|teamsize|p1|6\n|teamsize|p2|6\n|gen|9\n|tier|[Gen 9] Doubles OU\n|rated|\n|rule|Species Clause: Limit one of each Pok\u00e9mon\n|rule|OHKO Clause: OHKO moves are banned\n|rule|Evasion Moves Clause: Evasion moves are banned\n|rule|Gravity Sleep Clause: The combination of sleep-inducing moves with imperfect accuracy and Gravity or Gigantamax Orbeetle are banned\n|rule|Endless Battle Clause: Forcing endless battles is banned\n|rule|HP Percentage Mod: HP is shown in percentages\n|clearpoke\n|poke|p1|Moltres-Galar|\n|poke|p1|Milotic, F|\n|poke|p1|Munkidori, M|\n|poke|p1|Sinistcha|\n|poke|p1|Grimmsnarl, M|\n|poke|p1|Arcanine-Hisui, F|\n|poke|p2|Ninetales-Alola, F|\n|poke|p2|Froslass, F|\n|poke|p2|Chien-Pao|\n|poke|p2|Landorus-Therian, M|\n|poke|p2|Palafin, M|\n|poke|p2|Baxcalibur, M|\n|teampreview\n|inactive|Battle timer is ON: inactive players will automatically lose when time's up. (requested by baneberrie)\n|\n|t:|1699293389\n|start\n|switch|p1a: Hot Wings|Moltres-Galar, shiny|100\/100\n|switch|p1b: Munkidori|Munkidori, M|100\/100\n|switch|p2a: Ninetales|Ninetales-Alola, F|100\/100\n|switch|p2b: Froslass|Froslass, F|100\/100\n|-item|p2a: Ninetales|Heavy-Duty Boots|[from] ability: Frisk|[of] p1b: Munkidori|[identify]\n|-item|p2b: Froslass|Leftovers|[from] ability: Frisk|[of] p1b: Munkidori|[identify]\n|-weather|Snow|[from] ability: Snow Warning|[of] p2a: Ninetales\n|turn|1\n|\n|t:|1699293408\n|switch|p2b: Palafin|Palafin, M|100\/100\n|switch|p2a: Landorus|Landorus-Therian, M|100\/100\n|-ability|p2a: Landorus|Intimidate|boost\n|-unboost|p1a: Hot Wings|atk|1\n|-unboost|p1b: Munkidori|atk|1\n|move|p1b: Munkidori|Fake Out|p2a: Landorus\n|-damage|p2a: Landorus|96\/100\n|move|p1a: Hot Wings|Fiery Wrath|p2b: Palafin|[spread] p2a,p2b\n|-damage|p2a: Landorus|67\/100\n|-damage|p2b: Palafin|71\/100\n|\n|-weather|Snow|[upkeep]\n|upkeep\n|turn|2\n|\n|t:|1699293429\n|move|p2a: Landorus|Rock Slide|p1b: Munkidori|[spread] p1a\n|-miss|p2a: Landorus|p1b: Munkidori\n|-supereffective|p1a: Hot Wings\n|-damage|p1a: Hot Wings|61\/100\n|move|p2b: Palafin|Liquidation|p1b: Munkidori\n|-damage|p1b: Munkidori|57\/100\n|move|p1b: Munkidori|Sludge Bomb|p2b: Palafin\n|-damage|p2b: Palafin|21\/100\n|move|p1a: Hot Wings|Nasty Plot|p1a: Hot Wings\n|-boost|p1a: Hot Wings|spa|2\n|\n|-weather|Snow|[upkeep]\n|upkeep\n|turn|3\n|\n|t:|1699293453\n|move|p2a: Landorus|Rock Slide|p1a: Hot Wings|[spread] p1b\n|-miss|p2a: Landorus|p1a: Hot Wings\n|-damage|p1b: Munkidori|30\/100\n|move|p2b: Palafin|Flip Turn|p1b: Munkidori\n|-damage|p1b: Munkidori|0 fnt\n|faint|p1b: Munkidori\n|\n|t:|1699293463\n|detailschange|p2b: Palafin|Palafin-Hero, M\n|switch|p2b: Ninetales|Ninetales-Alola, F|100\/100|[from] Flip Turn\n|move|p1a: Hot Wings|Fiery Wrath|p2a: Landorus|[spread] p2a,p2b\n|-resisted|p2b: Ninetales\n|-damage|p2a: Landorus|4\/100\n|-damage|p2b: Ninetales|79\/100\n|\n|-weather|Snow|[upkeep]\n|upkeep\n|\n|t:|1699293472\n|switch|p1b: Cha Cha Slide|Sinistcha|100\/100\n|-heal|p1a: Hot Wings|86\/100|[from] ability: Hospitality|[of] p1b: Cha Cha Slide\n|turn|4\n|\n|t:|1699293482\n|move|p2a: Landorus|Rock Slide|p1b: Cha Cha Slide|[spread] p1a,p1b\n|-supereffective|p1a: Hot Wings\n|-damage|p1a: Hot Wings|46\/100\n|-damage|p1b: Cha Cha Slide|84\/100\n|-ability|p1a: Hot Wings|Berserk|boost\n|-boost|p1a: Hot Wings|spa|1\n|-enditem|p1a: Hot Wings|Sitrus Berry|[eat]\n|-heal|p1a: Hot Wings|71\/100|[from] item: Sitrus Berry\n|move|p2b: Ninetales|Aurora Veil|p2b: Ninetales\n|-sidestart|p2: baneberrie|move: Aurora Veil\n|cant|p1a: Hot Wings|flinch\n|cant|p1b: Cha Cha Slide|flinch\n|\n|-weather|Snow|[upkeep]\n|upkeep\n|turn|5\n|\n|t:|1699293507\n|move|p2a: Landorus|Rock Slide|p1a: Hot Wings|[spread] p1a,p1b\n|-supereffective|p1a: Hot Wings\n|-damage|p1a: Hot Wings|36\/100\n|-damage|p1b: Cha Cha Slide|67\/100\n|-ability|p1a: Hot Wings|Berserk|boost\n|-boost|p1a: Hot Wings|spa|1\n|move|p2b: Ninetales|Dazzling Gleam|p1b: Cha Cha Slide|[spread] p1a,p1b\n|-supereffective|p1a: Hot Wings\n|-damage|p1a: Hot Wings|8\/100\n|-damage|p1b: Cha Cha Slide|51\/100\n|cant|p1a: Hot Wings|flinch\n|move|p1b: Cha Cha Slide|Life Dew|p1b: Cha Cha Slide|[spread] p1a,p1b\n|-heal|p1a: Hot Wings|33\/100\n|-heal|p1b: Cha Cha Slide|76\/100\n|\n|-weather|none\n|upkeep\n|turn|6\n|\n|t:|1699293537\n|switch|p1a: Poseidon|Milotic, F|100\/100\n|move|p2a: Landorus|Rock Slide|p1a: Poseidon|[spread] p1a\n|-miss|p2a: Landorus|p1b: Cha Cha Slide\n|-damage|p1a: Poseidon|77\/100\n|move|p2b: Ninetales|Dazzling Gleam|p1b: Cha Cha Slide|[spread] p1a,p1b\n|-damage|p1a: Poseidon|64\/100\n|-damage|p1b: Cha Cha Slide|61\/100\n|move|p1b: Cha Cha Slide|Trick Room|p1b: Cha Cha Slide\n|-fieldstart|move: Trick Room|[of] p1b: Cha Cha Slide\n|\n|upkeep\n|turn|7\n|\n|t:|1699293559\n|switch|p2b: Chien-Pao|Chien-Pao|100\/100\n|-ability|p2b: Chien-Pao|Sword of Ruin\n|switch|p2a: Baxcalibur|Baxcalibur, M|100\/100\n|move|p1b: Cha Cha Slide|Matcha Gotcha|p2b: Chien-Pao|[spread] p2a,p2b\n|-resisted|p2a: Baxcalibur\n|-damage|p2a: Baxcalibur|93\/100\n|-heal|p1b: Cha Cha Slide|65\/100|[from] drain|[of] p2a: Baxcalibur\n|-damage|p2b: Chien-Pao|74\/100\n|-heal|p1b: Cha Cha Slide|77\/100|[from] drain|[of] p2b: Chien-Pao\n|-status|p2b: Chien-Pao|brn\n|move|p1a: Poseidon|Hydro Pump|p2a: Baxcalibur\n|-resisted|p2a: Baxcalibur\n|-damage|p2a: Baxcalibur|81\/100\n|\n|-heal|p2a: Baxcalibur|87\/100|[from] item: Leftovers\n|-damage|p2b: Chien-Pao|68\/100 brn|[from] brn\n|upkeep\n|turn|8\n|inactive|Sushihoarder has 120 seconds left.\n|\n|t:|1699293596\n|switch|p1b: Hot Wings|Moltres-Galar, shiny|33\/100\n|switch|p1a: Good Boy|Arcanine-Hisui, F|100\/100\n|-ability|p1a: Good Boy|Intimidate|boost\n|-unboost|p2a: Baxcalibur|atk|1\n|-unboost|p2b: Chien-Pao|atk|1\n|switch|p2b: Ninetales|Ninetales-Alola, F|79\/100\n|-weather|Snow|[from] ability: Snow Warning|[of] p2b: Ninetales\n|move|p2a: Baxcalibur|Dragon Tail|p1a: Good Boy\n|-damage|p1a: Good Boy|78\/100\n|drag|p1a: Grimmsnarl|Grimmsnarl, M|100\/100\n|\n|-weather|Snow|[upkeep]\n|-heal|p2a: Baxcalibur|93\/100|[from] ability: Ice Body\n|-heal|p2a: Baxcalibur|99\/100|[from] item: Leftovers\n|-sideend|p2: baneberrie|move: Aurora Veil\n|upkeep\n|turn|9\n|\n|t:|1699293620\n|move|p1a: Grimmsnarl|Low Kick|p2a: Baxcalibur\n|-supereffective|p2a: Baxcalibur\n|-damage|p2a: Baxcalibur|66\/100\n|move|p1b: Hot Wings|Fiery Wrath|p2a: Baxcalibur|[spread] p2a,p2b\n|-resisted|p2b: Ninetales\n|-damage|p2a: Baxcalibur|39\/100\n|-damage|p2b: Ninetales|68\/100\n|move|p2b: Ninetales|Aurora Veil|p2b: Ninetales\n|-sidestart|p2: baneberrie|move: Aurora Veil\n|move|p2a: Baxcalibur|Avalanche|p1b: Hot Wings\n|-supereffective|p1b: Hot Wings\n|-damage|p1b: Hot Wings|0 fnt\n|faint|p1b: Hot Wings\n|\n|-weather|Snow|[upkeep]\n|-heal|p2a: Baxcalibur|46\/100|[from] ability: Ice Body\n|-heal|p2a: Baxcalibur|52\/100|[from] item: Leftovers\n|upkeep\n|inactive|Sushihoarder has 120 seconds left.\n|\n|t:|1699293646\n|switch|p1b: Poseidon|Milotic, F|64\/100\n|turn|10\n|inactive|Sushihoarder has 120 seconds left.\n|\n|t:|1699293672\n|-terastallize|p2a: Baxcalibur|Poison\n|move|p1a: Grimmsnarl|Low Kick|p2a: Baxcalibur\n|-resisted|p2a: Baxcalibur\n|-damage|p2a: Baxcalibur|43\/100\n|move|p2a: Baxcalibur|Dragon Dance|p2a: Baxcalibur\n|-boost|p2a: Baxcalibur|atk|1\n|-boost|p2a: Baxcalibur|spe|1\n|move|p2b: Ninetales|Dazzling Gleam|p1b: Poseidon|[spread] p1a,p1b\n|-supereffective|p1a: Grimmsnarl\n|-damage|p1a: Grimmsnarl|64\/100\n|-damage|p1b: Poseidon|50\/100\n|move|p1b: Poseidon|Hydro Pump|p2a: Baxcalibur\n|-damage|p2a: Baxcalibur|19\/100\n|\n|-weather|Snow|[upkeep]\n|-heal|p2a: Baxcalibur|25\/100|[from] ability: Ice Body\n|-heal|p2a: Baxcalibur|31\/100|[from] item: Leftovers\n|-fieldend|move: Trick Room\n|upkeep\n|turn|11\n|inactive|Sushihoarder has 120 seconds left.\n|\n|t:|1699293704\n|switch|p2b: Landorus|Landorus-Therian, M|4\/100\n|-ability|p2b: Landorus|Intimidate|boost\n|-unboost|p1a: Grimmsnarl|atk|1\n|-unboost|p1b: Poseidon|atk|1\n|-ability|p1b: Poseidon|Competitive|boost\n|-boost|p1b: Poseidon|spa|2\n|move|p1b: Poseidon|Hydro Pump|p2a: Baxcalibur|[miss]\n|-miss|p1b: Poseidon|p2a: Baxcalibur\n|move|p1a: Grimmsnarl|Low Kick|p2a: Baxcalibur\n|-resisted|p2a: Baxcalibur\n|-damage|p2a: Baxcalibur|26\/100\n|move|p2a: Baxcalibur|Dragon Tail|p1b: Poseidon|[miss]\n|-miss|p2a: Baxcalibur|p1b: Poseidon\n|\n|-weather|Snow|[upkeep]\n|-heal|p2a: Baxcalibur|32\/100|[from] ability: Ice Body\n|-heal|p2a: Baxcalibur|39\/100|[from] item: Leftovers\n|upkeep\n|turn|12\n|inactive|Sushihoarder has 120 seconds left.\n|\n|t:|1699293737\n|switch|p1b: Good Boy|Arcanine-Hisui, F|78\/100\n|-ability|p1b: Good Boy|Intimidate|boost\n|-unboost|p2a: Baxcalibur|atk|1\n|-unboost|p2b: Landorus|atk|1\n|move|p2b: Landorus|Grass Knot|p1b: Good Boy\n|-damage|p1b: Good Boy|59\/100\n|move|p1a: Grimmsnarl|Low Kick|p2b: Landorus\n|-resisted|p2b: Landorus\n|-damage|p2b: Landorus|0 fnt\n|faint|p2b: Landorus\n|move|p2a: Baxcalibur|Dragon Tail|p1b: Good Boy\n|-damage|p1b: Good Boy|37\/100\n|drag|p1b: Poseidon|Milotic, F|50\/100\n|\n|-weather|none\n|-heal|p2a: Baxcalibur|45\/100|[from] item: Leftovers\n|upkeep\n|inactive|baneberrie has 120 seconds left.\n|\n|t:|1699293755\n|switch|p2b: Ninetales|Ninetales-Alola, F|68\/100\n|-weather|Snow|[from] ability: Snow Warning|[of] p2b: Ninetales\n|turn|13\n|\n|t:|1699293772\n|switch|p1b: Cha Cha Slide|Sinistcha|77\/100\n|-heal|p1a: Grimmsnarl|89\/100|[from] ability: Hospitality|[of] p1b: Cha Cha Slide\n|move|p2a: Baxcalibur|Dragon Dance|p2a: Baxcalibur\n|-boost|p2a: Baxcalibur|atk|1\n|-boost|p2a: Baxcalibur|spe|1\n|move|p2b: Ninetales|Dazzling Gleam|p1a: Grimmsnarl|[spread] p1a,p1b\n|-supereffective|p1a: Grimmsnarl\n|-damage|p1a: Grimmsnarl|57\/100\n|-damage|p1b: Cha Cha Slide|60\/100\n|move|p1a: Grimmsnarl|Low Kick|p2a: Baxcalibur\n|-resisted|p2a: Baxcalibur\n|-damage|p2a: Baxcalibur|39\/100\n|\n|-weather|Snow|[upkeep]\n|-heal|p2a: Baxcalibur|45\/100|[from] ability: Ice Body\n|-heal|p2a: Baxcalibur|51\/100|[from] item: Leftovers\n|-sideend|p2: baneberrie|move: Aurora Veil\n|upkeep\n|turn|14\n|\n|t:|1699293802\n|move|p1a: Grimmsnarl|Parting Shot|p2a: Baxcalibur\n|-unboost|p2a: Baxcalibur|atk|1\n|-unboost|p2a: Baxcalibur|spa|1\n|\n|t:|1699293810\n|switch|p1a: Good Boy|Arcanine-Hisui, F|37\/100|[from] Parting Shot\n|-ability|p1a: Good Boy|Intimidate|boost\n|-unboost|p2a: Baxcalibur|atk|1\n|-unboost|p2b: Ninetales|atk|1\n|move|p2b: Ninetales|Aurora Veil|p2b: Ninetales\n|-sidestart|p2: baneberrie|move: Aurora Veil\n|move|p1b: Cha Cha Slide|Matcha Gotcha|p2a: Baxcalibur|[spread] p2a\n|-miss|p1b: Cha Cha Slide|p2b: Ninetales\n|-resisted|p2a: Baxcalibur\n|-damage|p2a: Baxcalibur|44\/100\n|-heal|p1b: Cha Cha Slide|64\/100|[from] drain|[of] p2a: Baxcalibur\n|-status|p2a: Baxcalibur|brn\n|move|p2a: Baxcalibur|Avalanche|p1b: Cha Cha Slide\n|-supereffective|p1b: Cha Cha Slide\n|-damage|p1b: Cha Cha Slide|37\/100\n|-damage|p2a: Baxcalibur|28\/100 brn|[from] item: Rocky Helmet|[of] p1b: Cha Cha Slide\n|\n|-weather|Snow|[upkeep]\n|-heal|p2a: Baxcalibur|34\/100 brn|[from] ability: Ice Body\n|-heal|p2a: Baxcalibur|40\/100 brn|[from] item: Leftovers\n|-damage|p2a: Baxcalibur|34\/100 brn|[from] brn\n|upkeep\n|turn|15\n|inactive|Sushihoarder has 120 seconds left.\n|inactive|baneberrie has 120 seconds left.\n|\n|t:|1699293843\n|switch|p2a: Palafin|Palafin-Hero, M|21\/100\n|-activate|p2a: Palafin|ability: Zero to Hero\n|switch|p2b: Froslass|Froslass, F|100\/100\n|move|p1a: Good Boy|Flare Blitz|p2b: Froslass\n|-supereffective|p2b: Froslass\n|-damage|p2b: Froslass|34\/100\n|-damage|p1a: Good Boy|17\/100|[from] Recoil\n|move|p1b: Cha Cha Slide|Life Dew|p1b: Cha Cha Slide|[spread] p1a,p1b\n|-heal|p1a: Good Boy|42\/100\n|-heal|p1b: Cha Cha Slide|62\/100\n|\n|-weather|Snow|[upkeep]\n|-heal|p2b: Froslass|40\/100|[from] item: Leftovers\n|upkeep\n|turn|16\n|inactive|Sushihoarder has 120 seconds left.\n|inactive|baneberrie has 120 seconds left.\n|\n|t:|1699293871\n|move|p2a: Palafin|Liquidation|p1a: Good Boy\n|-supereffective|p1a: Good Boy\n|-damage|p1a: Good Boy|0 fnt\n|faint|p1a: Good Boy\n|move|p2b: Froslass|Icy Wind|p1b: Cha Cha Slide\n|-supereffective|p1b: Cha Cha Slide\n|-damage|p1b: Cha Cha Slide|30\/100\n|-unboost|p1b: Cha Cha Slide|spe|1\n|move|p1b: Cha Cha Slide|Trick Room|p1b: Cha Cha Slide\n|-fieldstart|move: Trick Room|[of] p1b: Cha Cha Slide\n|\n|-weather|Snow|[upkeep]\n|-heal|p2b: Froslass|46\/100|[from] item: Leftovers\n|upkeep\n|inactive|Sushihoarder has 120 seconds left.\n|\n|t:|1699293886\n|switch|p1a: Grimmsnarl|Grimmsnarl, M|57\/100\n|turn|17\n|\n|t:|1699293898\n|move|p1b: Cha Cha Slide|Life Dew|p1b: Cha Cha Slide|[spread] p1a,p1b\n|-heal|p1a: Grimmsnarl|82\/100\n|-heal|p1b: Cha Cha Slide|55\/100\n|move|p1a: Grimmsnarl|Low Kick|p2a: Palafin\n|-damage|p2a: Palafin|6\/100\n|move|p2b: Froslass|Thunder Wave|p1a: Grimmsnarl\n|-status|p1a: Grimmsnarl|par\n|move|p2a: Palafin|Liquidation|p1a: Grimmsnarl\n|-damage|p1a: Grimmsnarl|35\/100 par\n|\n|-weather|none\n|-heal|p2b: Froslass|52\/100|[from] item: Leftovers\n|upkeep\n|turn|18\n|inactive|Sushihoarder has 120 seconds left.\n|\n|t:|1699293930\n|cant|p1a: Grimmsnarl|par\n|move|p1b: Cha Cha Slide|Matcha Gotcha|p2b: Froslass|[spread] p2a,p2b\n|-supereffective|p2a: Palafin\n|-damage|p2a: Palafin|0 fnt\n|-heal|p1b: Cha Cha Slide|58\/100|[from] drain|[of] p2a: Palafin\n|-damage|p2b: Froslass|32\/100\n|-heal|p1b: Cha Cha Slide|68\/100|[from] drain|[of] p2b: Froslass\n|faint|p2a: Palafin\n|move|p2b: Froslass|Icy Wind|p1b: Cha Cha Slide|[spread] p1a,p1b\n|-supereffective|p1b: Cha Cha Slide\n|-damage|p1a: Grimmsnarl|23\/100 par\n|-damage|p1b: Cha Cha Slide|48\/100\n|-unboost|p1a: Grimmsnarl|spe|1\n|-unboost|p1b: Cha Cha Slide|spe|1\n|\n|-heal|p2b: Froslass|38\/100|[from] item: Leftovers\n|-sideend|p2: baneberrie|move: Aurora Veil\n|upkeep\n|inactive|baneberrie has 120 seconds left.\n|\n|t:|1699293947\n|switch|p2a: Ninetales|Ninetales-Alola, F|68\/100\n|-weather|Snow|[from] ability: Snow Warning|[of] p2a: Ninetales\n|turn|19\n|\n|t:|1699293960\n|move|p1a: Grimmsnarl|Parting Shot|p2a: Ninetales\n|-unboost|p2a: Ninetales|atk|1\n|-unboost|p2a: Ninetales|spa|1\n|\n|t:|1699293968\n|switch|p1a: Poseidon|Milotic, F|50\/100|[from] Parting Shot\n|move|p1b: Cha Cha Slide|Life Dew|p1b: Cha Cha Slide|[spread] p1a,p1b\n|-heal|p1a: Poseidon|75\/100\n|-heal|p1b: Cha Cha Slide|73\/100\n|move|p2a: Ninetales|Aurora Veil|p2a: Ninetales\n|-sidestart|p2: baneberrie|move: Aurora Veil\n|move|p2b: Froslass|Icy Wind|p1b: Cha Cha Slide|[spread] p1a,p1b\n|-resisted|p1a: Poseidon\n|-crit|p1a: Poseidon\n|-supereffective|p1b: Cha Cha Slide\n|-damage|p1a: Poseidon|68\/100\n|-damage|p1b: Cha Cha Slide|50\/100\n|-unboost|p1a: Poseidon|spe|1\n|-ability|p1a: Poseidon|Competitive|boost\n|-boost|p1a: Poseidon|spa|2\n|-unboost|p1b: Cha Cha Slide|spe|1\n|\n|-weather|Snow|[upkeep]\n|-heal|p2b: Froslass|44\/100|[from] item: Leftovers\n|upkeep\n|turn|20\n|inactive|Sushihoarder has 120 seconds left.\n|\n|t:|1699293998\n|move|p1b: Cha Cha Slide|Life Dew|p1b: Cha Cha Slide|[spread] p1a,p1b\n|-heal|p1a: Poseidon|93\/100\n|-heal|p1b: Cha Cha Slide|75\/100\n|move|p1a: Poseidon|Icy Wind|p2b: Froslass|[spread] p2a,p2b\n|-resisted|p2a: Ninetales\n|-resisted|p2b: Froslass\n|-damage|p2a: Ninetales|62\/100\n|-damage|p2b: Froslass|36\/100\n|-unboost|p2a: Ninetales|spe|1\n|-unboost|p2b: Froslass|spe|1\n|move|p2a: Ninetales|Dazzling Gleam|p1a: Poseidon|[spread] p1a,p1b\n|-damage|p1a: Poseidon|84\/100\n|-damage|p1b: Cha Cha Slide|63\/100\n|move|p2b: Froslass|Thunder Wave|p1a: Poseidon\n|-status|p1a: Poseidon|par\n|\n|-weather|Snow|[upkeep]\n|-heal|p2b: Froslass|42\/100|[from] item: Leftovers\n|-fieldend|move: Trick Room\n|upkeep\n|turn|21\n|inactive|Sushihoarder has 120 seconds left.\n|l|\u203dbaneberrie\n|inactive|baneberrie disconnected and has a minute to reconnect!\n|player|p2|\n|inactive|Sushihoarder has 90 seconds left.\n|j|\u203dbaneberrie\n|inactive|baneberrie reconnected.\n|player|p2|baneberrie|acetrainerf\n|n|\u203dbaneberrie|baneberrie\n|\n|t:|1699294082\n|switch|p2a: Baxcalibur|Baxcalibur, M, tera:Poison|34\/100 brn\n|move|p2b: Froslass|Substitute|p2b: Froslass\n|-start|p2b: Froslass|Substitute\n|-damage|p2b: Froslass|17\/100\n|move|p1a: Poseidon|Hydro Pump|p2b: Froslass\n|-end|p2b: Froslass|Substitute\n|move|p1b: Cha Cha Slide|Life Dew|p1b: Cha Cha Slide|[spread] p1a,p1b\n|-heal|p1a: Poseidon|100\/100 par\n|-heal|p1b: Cha Cha Slide|88\/100\n|\n|-weather|Snow|[upkeep]\n|-heal|p2a: Baxcalibur|40\/100 brn|[from] ability: Ice Body\n|-heal|p2b: Froslass|23\/100|[from] item: Leftovers\n|-heal|p2a: Baxcalibur|46\/100 brn|[from] item: Leftovers\n|-damage|p2a: Baxcalibur|40\/100 brn|[from] brn\n|upkeep\n|turn|22\n|\n|t:|1699294105\n|move|p2b: Froslass|Thunder Wave|p1b: Cha Cha Slide\n|-status|p1b: Cha Cha Slide|par\n|move|p1a: Poseidon|Hydro Pump|p2b: Froslass\n|-damage|p2b: Froslass|0 fnt\n|faint|p2b: Froslass\n|move|p2a: Baxcalibur|Dragon Tail|p1a: Poseidon|[miss]\n|-miss|p2a: Baxcalibur|p1a: Poseidon\n|move|p1b: Cha Cha Slide|Trick Room|p1b: Cha Cha Slide\n|-fieldstart|move: Trick Room|[of] p1b: Cha Cha Slide\n|\n|-weather|Snow|[upkeep]\n|-heal|p2a: Baxcalibur|46\/100 brn|[from] ability: Ice Body\n|-heal|p2a: Baxcalibur|53\/100 brn|[from] item: Leftovers\n|-damage|p2a: Baxcalibur|46\/100 brn|[from] brn\n|upkeep\n|inactive|baneberrie has 120 seconds left.\n|\n|t:|1699294123\n|switch|p2b: Chien-Pao|Chien-Pao|68\/100 brn\n|-ability|p2b: Chien-Pao|Sword of Ruin\n|turn|23\n|inactive|Sushihoarder has 90 seconds left.\n|\n|t:|1699294150\n|move|p1b: Cha Cha Slide|Matcha Gotcha|p2a: Baxcalibur|[spread] p2b\n|-miss|p1b: Cha Cha Slide|p2a: Baxcalibur\n|-damage|p2b: Chien-Pao|44\/100 brn\n|-heal|p1b: Cha Cha Slide|99\/100 par|[from] drain|[of] p2b: Chien-Pao\n|move|p1a: Poseidon|Hypnosis||[still]\n|-fail|p1a: Poseidon\n|move|p2b: Chien-Pao|Ice Spinner|p1b: Cha Cha Slide\n|-supereffective|p1b: Cha Cha Slide\n|-damage|p1b: Cha Cha Slide|39\/100 par\n|-damage|p2b: Chien-Pao|28\/100 brn|[from] item: Rocky Helmet|[of] p1b: Cha Cha Slide\n|-damage|p2b: Chien-Pao|18\/100 brn|[from] item: Life Orb\n|move|p2a: Baxcalibur|Dragon Tail|p1a: Poseidon\n|-damage|p1a: Poseidon|73\/100 par\n|drag|p1a: Grimmsnarl|Grimmsnarl, M|23\/100 par\n|\n|-weather|none\n|-heal|p2a: Baxcalibur|53\/100 brn|[from] item: Leftovers\n|-damage|p2a: Baxcalibur|46\/100 brn|[from] brn\n|-damage|p2b: Chien-Pao|12\/100 brn|[from] brn\n|-sideend|p2: baneberrie|move: Aurora Veil\n|upkeep\n|turn|24\n|inactive|Sushihoarder has 90 seconds left.\n|inactive|baneberrie has 120 seconds left.\n|\n|t:|1699294195\n|switch|p1b: Poseidon|Milotic, F|73\/100 par\n|cant|p1a: Grimmsnarl|par\n|move|p2b: Chien-Pao|Ice Spinner|p1b: Poseidon\n|-resisted|p1b: Poseidon\n|-damage|p1b: Poseidon|54\/100 par\n|-damage|p2b: Chien-Pao|2\/100 brn|[from] item: Life Orb\n|move|p2a: Baxcalibur|Avalanche|p1a: Grimmsnarl\n|-damage|p1a: Grimmsnarl|0 fnt\n|faint|p1a: Grimmsnarl\n|\n|-heal|p2a: Baxcalibur|53\/100 brn|[from] item: Leftovers\n|-damage|p2a: Baxcalibur|46\/100 brn|[from] brn\n|-damage|p2b: Chien-Pao|0 fnt|[from] brn\n|faint|p2b: Chien-Pao\n|upkeep\n|inactive|Sushihoarder has 90 seconds left.\n|inactive|baneberrie has 120 seconds left.\n|\n|t:|1699294211\n|switch|p1a: Cha Cha Slide|Sinistcha|39\/100 par\n|switch|p2b: Ninetales|Ninetales-Alola, F|62\/100\n|-heal|p1b: Poseidon|79\/100 par|[from] ability: Hospitality|[of] p1a: Cha Cha Slide\n|-weather|Snow|[from] ability: Snow Warning|[of] p2b: Ninetales\n|turn|25\n|inactive|Sushihoarder has 90 seconds left.\n|\n|t:|1699294239\n|cant|p1a: Cha Cha Slide|par\n|cant|p1b: Poseidon|par\n|move|p2b: Ninetales|Aurora Veil|p2b: Ninetales\n|-sidestart|p2: baneberrie|move: Aurora Veil\n|move|p2a: Baxcalibur|Avalanche|p1a: Cha Cha Slide\n|-supereffective|p1a: Cha Cha Slide\n|-damage|p1a: Cha Cha Slide|12\/100 par\n|-damage|p2a: Baxcalibur|30\/100 brn|[from] item: Rocky Helmet|[of] p1a: Cha Cha Slide\n|\n|-weather|Snow|[upkeep]\n|-heal|p2a: Baxcalibur|36\/100 brn|[from] ability: Ice Body\n|-heal|p2a: Baxcalibur|42\/100 brn|[from] item: Leftovers\n|-damage|p2a: Baxcalibur|36\/100 brn|[from] brn\n|upkeep\n|turn|26\n|inactive|baneberrie has 120 seconds left.\n|\n|t:|1699294273\n|move|p1a: Cha Cha Slide|Life Dew|p1a: Cha Cha Slide|[spread] p1a,p1b\n|-heal|p1a: Cha Cha Slide|37\/100 par\n|-heal|p1b: Poseidon|100\/100 par\n|move|p1b: Poseidon|Life Dew||[still]|[spread] p1a,p1b\n|-heal|p1a: Cha Cha Slide|62\/100 par\n|-fail|p1b: Poseidon|heal\n|move|p2b: Ninetales|Dazzling Gleam|p1b: Poseidon|[spread] p1a,p1b\n|-damage|p1a: Cha Cha Slide|45\/100 par\n|-damage|p1b: Poseidon|87\/100 par\n|move|p2a: Baxcalibur|Dragon Tail|p1a: Cha Cha Slide\n|-damage|p1a: Cha Cha Slide|31\/100 par\n|-damage|p2a: Baxcalibur|20\/100 brn|[from] item: Rocky Helmet|[of] p1a: Cha Cha Slide\n|\n|-weather|Snow|[upkeep]\n|-heal|p2a: Baxcalibur|26\/100 brn|[from] ability: Ice Body\n|-heal|p2a: Baxcalibur|32\/100 brn|[from] item: Leftovers\n|-damage|p2a: Baxcalibur|26\/100 brn|[from] brn\n|-fieldend|move: Trick Room\n|upkeep\n|turn|27\n|inactive|baneberrie has 120 seconds left.\n|\n|t:|1699294302\n|move|p2b: Ninetales|Draining Kiss|p1a: Cha Cha Slide\n|-damage|p1a: Cha Cha Slide|17\/100 par\n|-heal|p2b: Ninetales|72\/100|[from] drain|[of] p1a: Cha Cha Slide\n|-damage|p2b: Ninetales|56\/100|[from] item: Rocky Helmet|[of] p1a: Cha Cha Slide\n|move|p2a: Baxcalibur|Dragon Dance|p2a: Baxcalibur\n|-boost|p2a: Baxcalibur|atk|1\n|-boost|p2a: Baxcalibur|spe|1\n|move|p1b: Poseidon|Hydro Pump|p2b: Ninetales\n|-damage|p2b: Ninetales|34\/100\n|cant|p1a: Cha Cha Slide|par\n|\n|-weather|Snow|[upkeep]\n|-heal|p2a: Baxcalibur|32\/100 brn|[from] ability: Ice Body\n|-heal|p2a: Baxcalibur|38\/100 brn|[from] item: Leftovers\n|-damage|p2a: Baxcalibur|32\/100 brn|[from] brn\n|upkeep\n|turn|28\n|inactive|Sushihoarder has 120 seconds left.\n|inactive|baneberrie has 120 seconds left.\n|\n|t:|1699294328\n|move|p2a: Baxcalibur|High Horsepower|p1a: Cha Cha Slide\n|-resisted|p1a: Cha Cha Slide\n|-damage|p1a: Cha Cha Slide|6\/100 par\n|-damage|p2a: Baxcalibur|16\/100 brn|[from] item: Rocky Helmet|[of] p1a: Cha Cha Slide\n|move|p2b: Ninetales|Draining Kiss|p1b: Poseidon\n|-damage|p1b: Poseidon|76\/100 par\n|-heal|p2b: Ninetales|43\/100|[from] drain|[of] p1b: Poseidon\n|cant|p1b: Poseidon|par\n|cant|p1a: Cha Cha Slide|par\n|\n|-weather|Snow|[upkeep]\n|-heal|p2a: Baxcalibur|22\/100 brn|[from] ability: Ice Body\n|-heal|p2a: Baxcalibur|28\/100 brn|[from] item: Leftovers\n|-damage|p2a: Baxcalibur|22\/100 brn|[from] brn\n|upkeep\n|turn|29\n|inactive|Sushihoarder has 120 seconds left.\n|inactive|baneberrie has 120 seconds left.\n|\n|t:|1699294364\n|move|p2b: Ninetales|Dazzling Gleam|p1b: Poseidon|[spread] p1a,p1b\n|-crit|p1a: Cha Cha Slide\n|-damage|p1a: Cha Cha Slide|0 fnt\n|-damage|p1b: Poseidon|62\/100 par\n|faint|p1a: Cha Cha Slide\n|move|p1b: Poseidon|Hydro Pump|p2a: Baxcalibur\n|-damage|p2a: Baxcalibur|0 fnt\n|faint|p2a: Baxcalibur\n|\n|-weather|none\n|-sideend|p2: baneberrie|move: Aurora Veil\n|upkeep\n|turn|30\n|\n|t:|1699294383\n|move|p2b: Ninetales|Draining Kiss|p1b: Poseidon\n|-damage|p1b: Poseidon|50\/100 par\n|-heal|p2b: Ninetales|52\/100|[from] drain|[of] p1b: Poseidon\n|move|p1b: Poseidon|Hypnosis|p2b: Ninetales|[miss]\n|-miss|p1b: Poseidon|p2b: Ninetales\n|\n|upkeep\n|turn|31\n|\n|t:|1699294392\n|move|p2b: Ninetales|Draining Kiss|p1b: Poseidon\n|-damage|p1b: Poseidon|40\/100 par\n|-heal|p2b: Ninetales|60\/100|[from] drain|[of] p1b: Poseidon\n|move|p1b: Poseidon|Life Dew|p1b: Poseidon\n|-heal|p1b: Poseidon|65\/100 par\n|\n|upkeep\n|turn|32\n|\n|t:|1699294407\n|move|p2b: Ninetales|Draining Kiss|p1b: Poseidon\n|-damage|p1b: Poseidon|54\/100 par\n|-heal|p2b: Ninetales|69\/100|[from] drain|[of] p1b: Poseidon\n|move|p1b: Poseidon|Hydro Pump|p2b: Ninetales\n|-damage|p2b: Ninetales|38\/100\n|\n|upkeep\n|turn|33\n|\n|t:|1699294420\n|move|p2b: Ninetales|Draining Kiss|p1b: Poseidon\n|-damage|p1b: Poseidon|42\/100 par\n|-heal|p2b: Ninetales|48\/100|[from] drain|[of] p1b: Poseidon\n|move|p1b: Poseidon|Life Dew|p1b: Poseidon\n|-heal|p1b: Poseidon|67\/100 par\n|\n|upkeep\n|turn|34\n|\n|t:|1699294430\n|move|p2b: Ninetales|Draining Kiss|p1b: Poseidon\n|-damage|p1b: Poseidon|56\/100 par\n|-heal|p2b: Ninetales|57\/100|[from] drain|[of] p1b: Poseidon\n|move|p1b: Poseidon|Icy Wind|p2b: Ninetales\n|-resisted|p2b: Ninetales\n|-damage|p2b: Ninetales|52\/100\n|-unboost|p2b: Ninetales|spe|1\n|\n|upkeep\n|turn|35\n|\n|t:|1699294443\n|move|p2b: Ninetales|Extrasensory|p1b: Poseidon\n|-damage|p1b: Poseidon|45\/100 par\n|cant|p1b: Poseidon|par\n|\n|upkeep\n|turn|36\n|\n|t:|1699294450\n|move|p2b: Ninetales|Extrasensory|p1b: Poseidon\n|-damage|p1b: Poseidon|32\/100 par\n|cant|p1b: Poseidon|par\n|\n|upkeep\n|turn|37\n|\n|t:|1699294473\n|move|p2b: Ninetales|Extrasensory|p1b: Poseidon\n|-damage|p1b: Poseidon|19\/100 par\n|move|p1b: Poseidon|Life Dew|p1b: Poseidon\n|-heal|p1b: Poseidon|44\/100 par\n|\n|upkeep\n|turn|38\n|\n|t:|1699294481\n|move|p2b: Ninetales|Extrasensory|p1b: Poseidon\n|-damage|p1b: Poseidon|32\/100 par\n|cant|p1b: Poseidon|flinch\n|\n|upkeep\n|turn|39\n|\n|t:|1699294488\n|move|p2b: Ninetales|Extrasensory|p1b: Poseidon\n|-damage|p1b: Poseidon|20\/100 par\n|move|p1b: Poseidon|Life Dew|p1b: Poseidon\n|-heal|p1b: Poseidon|45\/100 par\n|\n|upkeep\n|turn|40\n|\n|t:|1699294496\n|move|p2b: Ninetales|Draining Kiss|p1b: Poseidon\n|-damage|p1b: Poseidon|32\/100 par\n|-heal|p2b: Ninetales|62\/100|[from] drain|[of] p1b: Poseidon\n|move|p1b: Poseidon|Life Dew|p1b: Poseidon\n|-heal|p1b: Poseidon|57\/100 par\n|\n|upkeep\n|turn|41\n|\n|t:|1699294505\n|move|p2b: Ninetales|Draining Kiss|p1b: Poseidon\n|-damage|p1b: Poseidon|46\/100 par\n|-heal|p2b: Ninetales|70\/100|[from] drain|[of] p1b: Poseidon\n|move|p1b: Poseidon|Life Dew|p1b: Poseidon\n|-heal|p1b: Poseidon|71\/100 par\n|\n|upkeep\n|turn|42\n|\n|t:|1699294519\n|move|p2b: Ninetales|Draining Kiss|p1b: Poseidon\n|-damage|p1b: Poseidon|60\/100 par\n|-heal|p2b: Ninetales|79\/100|[from] drain|[of] p1b: Poseidon\n|move|p1b: Poseidon|Icy Wind|p2b: Ninetales\n|-resisted|p2b: Ninetales\n|-damage|p2b: Ninetales|74\/100\n|-unboost|p2b: Ninetales|spe|1\n|\n|upkeep\n|turn|43\n|\n|t:|1699294532\n|move|p1b: Poseidon|Hypnosis|p2b: Ninetales\n|-status|p2b: Ninetales|slp|[from] move: Hypnosis\n|cant|p2b: Ninetales|slp\n|\n|upkeep\n|turn|44\n|\n|t:|1699294538\n|move|p1b: Poseidon|Icy Wind|p2b: Ninetales\n|-resisted|p2b: Ninetales\n|-crit|p2b: Ninetales\n|-damage|p2b: Ninetales|65\/100 slp\n|-unboost|p2b: Ninetales|spe|1\n|-curestatus|p2b: Ninetales|slp|[msg]\n|move|p2b: Ninetales|Draining Kiss|p1b: Poseidon\n|-damage|p1b: Poseidon|49\/100 par\n|-heal|p2b: Ninetales|74\/100|[from] drain|[of] p1b: Poseidon\n|\n|upkeep\n|turn|45\n|\n|t:|1699294551\n|move|p1b: Poseidon|Icy Wind|p2b: Ninetales\n|-resisted|p2b: Ninetales\n|-damage|p2b: Ninetales|68\/100\n|-unboost|p2b: Ninetales|spe|1\n|move|p2b: Ninetales|Draining Kiss|p1b: Poseidon\n|-damage|p1b: Poseidon|38\/100 par\n|-heal|p2b: Ninetales|77\/100|[from] drain|[of] p1b: Poseidon\n|\n|upkeep\n|turn|46\n|\n|t:|1699294562\n|move|p1b: Poseidon|Life Dew|p1b: Poseidon\n|-heal|p1b: Poseidon|63\/100 par\n|move|p2b: Ninetales|Draining Kiss|p1b: Poseidon\n|-damage|p1b: Poseidon|52\/100 par\n|-heal|p2b: Ninetales|85\/100|[from] drain|[of] p1b: Poseidon\n|\n|upkeep\n|turn|47\n|\n|t:|1699294570\n|cant|p1b: Poseidon|par\n|move|p2b: Ninetales|Extrasensory|p1b: Poseidon\n|-damage|p1b: Poseidon|39\/100 par\n|\n|upkeep\n|turn|48\n|\n|t:|1699294592\n|move|p1b: Poseidon|Life Dew|p1b: Poseidon\n|-heal|p1b: Poseidon|64\/100 par\n|move|p2b: Ninetales|Extrasensory|p1b: Poseidon\n|-damage|p1b: Poseidon|53\/100 par\n|\n|upkeep\n|turn|49\n|\n|t:|1699294606\n|move|p1b: Poseidon|Hypnosis|p2b: Ninetales\n|-status|p2b: Ninetales|slp|[from] move: Hypnosis\n|cant|p2b: Ninetales|slp\n|\n|upkeep\n|turn|50\n|\n|t:|1699294620\n|cant|p1b: Poseidon|par\n|-curestatus|p2b: Ninetales|slp|[msg]\n|move|p2b: Ninetales|Draining Kiss|p1b: Poseidon\n|-damage|p1b: Poseidon|42\/100 par\n|-heal|p2b: Ninetales|94\/100|[from] drain|[of] p1b: Poseidon\n|\n|upkeep\n|turn|51\n|\n|t:|1699294635\n|cant|p1b: Poseidon|par\n|move|p2b: Ninetales|Extrasensory|p1b: Poseidon\n|-damage|p1b: Poseidon|29\/100 par\n|\n|upkeep\n|turn|52\n|\n|t:|1699294653\n|move|p1b: Poseidon|Life Dew|p1b: Poseidon\n|-heal|p1b: Poseidon|54\/100 par\n|move|p2b: Ninetales|Dazzling Gleam|p1b: Poseidon\n|-damage|p1b: Poseidon|36\/100 par\n|\n|upkeep\n|turn|53\n|\n|t:|1699294660\n|move|p1b: Poseidon|Life Dew|p1b: Poseidon\n|-heal|p1b: Poseidon|61\/100 par\n|move|p2b: Ninetales|Dazzling Gleam|p1b: Poseidon\n|-damage|p1b: Poseidon|41\/100 par\n|\n|upkeep\n|turn|54\n|\n|t:|1699294668\n|move|p1b: Poseidon|Hypnosis|p2b: Ninetales\n|-status|p2b: Ninetales|slp|[from] move: Hypnosis\n|cant|p2b: Ninetales|slp\n|\n|upkeep\n|turn|55\n|\n|t:|1699294676\n|cant|p1b: Poseidon|par\n|cant|p2b: Ninetales|slp\n|\n|upkeep\n|turn|56\n|\n|t:|1699294682\n|move|p1b: Poseidon|Life Dew|p1b: Poseidon\n|-heal|p1b: Poseidon|66\/100 par\n|cant|p2b: Ninetales|slp\n|\n|upkeep\n|turn|57\n|\n|t:|1699294688\n|move|p1b: Poseidon|Icy Wind|p2b: Ninetales\n|-resisted|p2b: Ninetales\n|-damage|p2b: Ninetales|89\/100 slp\n|-unboost|p2b: Ninetales|spe|1\n|-curestatus|p2b: Ninetales|slp|[msg]\n|move|p2b: Ninetales|Dazzling Gleam|p1b: Poseidon\n|-damage|p1b: Poseidon|50\/100 par\n|\n|upkeep\n|turn|58\n|\n|t:|1699294697\n|cant|p1b: Poseidon|par\n|move|p2b: Ninetales|Dazzling Gleam|p1b: Poseidon\n|-damage|p1b: Poseidon|31\/100 par\n|\n|upkeep\n|turn|59\n|\n|t:|1699294703\n|cant|p1b: Poseidon|par\n|move|p2b: Ninetales|Dazzling Gleam|p1b: Poseidon\n|-damage|p1b: Poseidon|14\/100 par\n|\n|upkeep\n|turn|60\n|\n|t:|1699294722\n|move|p1b: Poseidon|Life Dew|p1b: Poseidon\n|-heal|p1b: Poseidon|39\/100 par\n|move|p2b: Ninetales|Dazzling Gleam|p1b: Poseidon\n|-damage|p1b: Poseidon|20\/100 par\n|\n|upkeep\n|turn|61\n|\n|t:|1699294733\n|cant|p1b: Poseidon|par\n|move|p2b: Ninetales|Extrasensory|p1b: Poseidon\n|-damage|p1b: Poseidon|8\/100 par\n|\n|upkeep\n|turn|62\n|\n|t:|1699294754\n|cant|p1b: Poseidon|par\n|move|p2b: Ninetales|Dazzling Gleam|p1b: Poseidon\n|-damage|p1b: Poseidon|0 fnt\n|faint|p1b: Poseidon\n|\n|win|baneberrie\n|raw|Sushihoarder's rating: 1134 &rarr; <strong>1112<\/strong><br \/>(-22 for losing)\n|raw|baneberrie's rating: 1175 &rarr; <strong>1197<\/strong><br \/>(+22 for winning)\n","uploadtime":1699294763,"views":8,"p1id":"sushihoarder","p2id":"baneberrie","formatid":"gen9doublesou","rating":1112,"private":0,"password":""}