{"id":"gen9doublesou-1977657907","p1":"predito","p2":"Cuty flam","format":"[Gen 9] Doubles OU","log":"|j|\u2606predito\n|j|\u2606Cuty flam\n|t:|1698435937\n|gametype|doubles\n|player|p1|predito|harlequin|1011\n|player|p2|Cuty flam|linebacker|1111\n|teamsize|p1|6\n|teamsize|p2|6\n|gen|9\n|tier|[Gen 9] Doubles OU\n|rated|\n|rule|Species Clause: Limit one of each Pok\u00e9mon\n|rule|OHKO Clause: OHKO moves are banned\n|rule|Evasion Moves Clause: Evasion moves are banned\n|rule|Gravity Sleep Clause: The combination of sleep-inducing moves with imperfect accuracy and Gravity or Gigantamax Orbeetle are banned\n|rule|Endless Battle Clause: Forcing endless battles is banned\n|rule|HP Percentage Mod: HP is shown in percentages\n|clearpoke\n|poke|p1|Tinkaton, F|\n|poke|p1|Leafeon, F|\n|poke|p1|Iron Hands|\n|poke|p1|Quaquaval, F|\n|poke|p1|Skeledirge, M|\n|poke|p1|Clodsire, F|\n|poke|p2|Palafin, M|\n|poke|p2|Clefairy, F|\n|poke|p2|Flutter Mane|\n|poke|p2|Dragonite, F|\n|poke|p2|Kingambit, F|\n|poke|p2|Empoleon, M|\n|teampreview\n|inactive|Battle timer is ON: inactive players will automatically lose when time's up. (requested by Cuty flam)\n|\n|t:|1698435979\n|start\n|switch|p1a: Tinkaton|Tinkaton, F|100\/100\n|switch|p1b: Clodsire|Clodsire, F|100\/100\n|switch|p2a: Palafin|Palafin, M|100\/100\n|switch|p2b: Clefairy|Clefairy, F|100\/100\n|-ability|p1a: Tinkaton|Mold Breaker\n|turn|1\n|\n|t:|1698435999\n|move|p1a: Tinkaton|Fake Out|p2a: Palafin\n|-damage|p2a: Palafin|86\/100\n|move|p2b: Clefairy|Follow Me|p2b: Clefairy\n|-singleturn|p2b: Clefairy|move: Follow Me\n|cant|p2a: Palafin|flinch\n|move|p1b: Clodsire|Toxic Spikes|p2b: Clefairy\n|-sidestart|p2: Cuty flam|move: Toxic Spikes\n|\n|upkeep\n|turn|2\n|\n|t:|1698436023\n|move|p2b: Clefairy|Follow Me|p2b: Clefairy\n|-singleturn|p2b: Clefairy|move: Follow Me\n|move|p2a: Palafin|Flip Turn|p1a: Tinkaton\n|-damage|p1a: Tinkaton|73\/100\n|inactive|Cuty flam has 120 seconds left.\n|\n|t:|1698436041\n|detailschange|p2a: Palafin|Palafin-Hero, M\n|switch|p2a: Empoleon|Empoleon, M|100\/100|[from] Flip Turn\n|move|p1a: Tinkaton|Gigaton Hammer|p2b: Clefairy\n|-supereffective|p2b: Clefairy\n|-damage|p2b: Clefairy|0 fnt\n|faint|p2b: Clefairy\n|move|p1b: Clodsire|Toxic Spikes|p2a: Empoleon\n|-sidestart|p2: Cuty flam|move: Toxic Spikes\n|\n|upkeep\n|\n|t:|1698436044\n|switch|p2b: Palafin|Palafin-Hero, M|86\/100\n|-status|p2b: Palafin|tox\n|-activate|p2b: Palafin|ability: Zero to Hero\n|turn|3\n|\n|t:|1698436059\n|move|p1a: Tinkaton|Protect|p1a: Tinkaton\n|-singleturn|p1a: Tinkaton|Protect\n|move|p2b: Palafin|Ice Punch|p1b: Clodsire\n|-supereffective|p1b: Clodsire\n|-damage|p1b: Clodsire|18\/100\n|-damage|p2b: Palafin|70\/100 tox|[from] item: Rocky Helmet|[of] p1b: Clodsire\n|move|p2a: Empoleon|Agility|p2a: Empoleon\n|-boost|p2a: Empoleon|spe|2\n|move|p1b: Clodsire|High Horsepower|p2a: Empoleon\n|-supereffective|p2a: Empoleon\n|-crit|p2a: Empoleon\n|-damage|p2a: Empoleon|17\/100\n|\n|-damage|p2b: Palafin|63\/100 tox|[from] psn\n|upkeep\n|turn|4\n|\n|t:|1698436082\n|move|p2b: Palafin|Ice Punch|p1b: Clodsire\n|-supereffective|p1b: Clodsire\n|-crit|p1b: Clodsire\n|-damage|p1b: Clodsire|0 fnt\n|-damage|p2b: Palafin|47\/100 tox|[from] item: Rocky Helmet|[of] p1b: Clodsire\n|faint|p1b: Clodsire\n|move|p2a: Empoleon|Flash Cannon|p1a: Tinkaton\n|-damage|p1a: Tinkaton|22\/100\n|-enditem|p1a: Tinkaton|Aguav Berry|[eat]\n|-heal|p1a: Tinkaton|55\/100|[from] item: Aguav Berry\n|-damage|p2a: Empoleon|7\/100|[from] item: Life Orb\n|move|p1a: Tinkaton|Play Rough|p2a: Empoleon\n|-resisted|p2a: Empoleon\n|-damage|p2a: Empoleon|0 fnt\n|faint|p2a: Empoleon\n|\n|-damage|p2b: Palafin|34\/100 tox|[from] psn\n|upkeep\n|\n|t:|1698436101\n|switch|p2a: Dragonite|Dragonite, F|100\/100\n|switch|p1b: Leafeon|Leafeon, F|100\/100\n|turn|5\n|\n|t:|1698436113\n|move|p2b: Palafin|Ice Punch|p1b: Leafeon\n|-supereffective|p1b: Leafeon\n|-damage|p1b: Leafeon|26\/100\n|move|p1b: Leafeon|Trailblaze|p2b: Palafin\n|-supereffective|p2b: Palafin\n|-damage|p2b: Palafin|0 fnt\n|-boost|p1b: Leafeon|spe|1\n|faint|p2b: Palafin\n|move|p1a: Tinkaton|Play Rough|p2a: Dragonite\n|-supereffective|p2a: Dragonite\n|-damage|p2a: Dragonite|33\/100\n|move|p2a: Dragonite|Brick Break|p1a: Tinkaton\n|-damage|p1a: Tinkaton|15\/100\n|\n|-heal|p2a: Dragonite|39\/100|[from] item: Leftovers\n|upkeep\n|\n|t:|1698436116\n|switch|p2b: Flutter Mane|Flutter Mane|100\/100\n|-status|p2b: Flutter Mane|tox\n|-enditem|p2b: Flutter Mane|Booster Energy\n|-activate|p2b: Flutter Mane|ability: Protosynthesis|[fromitem]\n|-start|p2b: Flutter Mane|protosynthesisspe\n|turn|6\n|inactive|predito has 120 seconds left.\n|\n|t:|1698436151\n|move|p2b: Flutter Mane|Mystical Fire|p1a: Tinkaton\n|-supereffective|p1a: Tinkaton\n|-damage|p1a: Tinkaton|0 fnt\n|faint|p1a: Tinkaton\n|move|p1b: Leafeon|Leaf Blade|p2a: Dragonite\n|-resisted|p2a: Dragonite\n|-crit|p2a: Dragonite\n|-damage|p2a: Dragonite|23\/100\n|move|p2a: Dragonite|Brick Break|p1b: Leafeon\n|-damage|p1b: Leafeon|0 fnt\n|faint|p1b: Leafeon\n|\n|-heal|p2a: Dragonite|29\/100|[from] item: Leftovers\n|-damage|p2b: Flutter Mane|95\/100 tox|[from] psn\n|upkeep\n|\n|t:|1698436163\n|switch|p1b: Iron Hands|Iron Hands|100\/100\n|switch|p1a: Quaquaval|Quaquaval, F|100\/100\n|-enditem|p1b: Iron Hands|Booster Energy\n|-activate|p1b: Iron Hands|ability: Quark Drive|[fromitem]\n|-start|p1b: Iron Hands|quarkdriveatk\n|turn|7\n|inactive|predito has 120 seconds left.\n|inactive|Cuty flam has 120 seconds left.\n|\n|t:|1698436195\n|move|p2b: Flutter Mane|Moonblast|p1a: Quaquaval\n|-supereffective|p1a: Quaquaval\n|-damage|p1a: Quaquaval|0 fnt\n|faint|p1a: Quaquaval\n|move|p2a: Dragonite|Dragon Claw|p1b: Iron Hands\n|-damage|p1b: Iron Hands|74\/100\n|move|p1b: Iron Hands|Drain Punch|p2a: Dragonite\n|-resisted|p2a: Dragonite\n|-damage|p2a: Dragonite|2\/100\n|-heal|p1b: Iron Hands|86\/100|[from] drain|[of] p2a: Dragonite\n|\n|-heal|p2a: Dragonite|8\/100|[from] item: Leftovers\n|-damage|p2b: Flutter Mane|83\/100 tox|[from] psn\n|upkeep\n|\n|t:|1698436210\n|switch|p1a: Skeledirge|Skeledirge, M|100\/100\n|turn|8\n|inactive|predito has 120 seconds left.\n|\n|t:|1698436220\n|move|p2a: Dragonite|Extreme Speed|p1b: Iron Hands\n|-damage|p1b: Iron Hands|66\/100\n|move|p2b: Flutter Mane|Shadow Ball|p1a: Skeledirge\n|-supereffective|p1a: Skeledirge\n|-damage|p1a: Skeledirge|0 fnt\n|faint|p1a: Skeledirge\n|move|p1b: Iron Hands|Thunder Punch|p2b: Flutter Mane\n|-damage|p2b: Flutter Mane|0 fnt\n|faint|p2b: Flutter Mane\n|-end|p2b: Flutter Mane|Protosynthesis|[silent]\n|\n|-heal|p2a: Dragonite|14\/100|[from] item: Leftovers\n|upkeep\n|\n|t:|1698436223\n|switch|p2b: Kingambit|Kingambit, F|100\/100\n|-activate|p2b: Kingambit|ability: Supreme Overlord\n|-start|p2b: Kingambit|fallen4|[silent]\n|turn|9\n|\n|t:|1698436246\n|-terastallize|p1b: Iron Hands|Flying\n|-terastallize|p2b: Kingambit|Dark\n|move|p2a: Dragonite|Dragon Claw|p1b: Iron Hands\n|-damage|p1b: Iron Hands|39\/100\n|move|p2b: Kingambit|Poison Jab|p1b: Iron Hands\n|-damage|p1b: Iron Hands|17\/100\n|move|p1b: Iron Hands|Drain Punch|p2a: Dragonite\n|-resisted|p2a: Dragonite\n|-damage|p2a: Dragonite|0 fnt\n|-heal|p1b: Iron Hands|23\/100|[from] drain|[of] p2a: Dragonite\n|faint|p2a: Dragonite\n|\n|upkeep\n|turn|10\n|\n|t:|1698436267\n|move|p1b: Iron Hands|Drain Punch|p2b: Kingambit\n|-supereffective|p2b: Kingambit\n|-damage|p2b: Kingambit|11\/100\n|-heal|p1b: Iron Hands|64\/100|[from] drain|[of] p2b: Kingambit\n|move|p2b: Kingambit|Night Slash|p1b: Iron Hands\n|-damage|p1b: Iron Hands|27\/100\n|\n|upkeep\n|turn|11\n|\n|t:|1698436276\n|move|p1b: Iron Hands|Drain Punch|p2b: Kingambit\n|-supereffective|p2b: Kingambit\n|-crit|p2b: Kingambit\n|-damage|p2b: Kingambit|0 fnt\n|-heal|p1b: Iron Hands|31\/100|[from] drain|[of] p2b: Kingambit\n|faint|p2b: Kingambit\n|-end|p2b: Kingambit|fallen4|[silent]\n|\n|win|predito\n|raw|predito's rating: 1011 &rarr; <strong>1060<\/strong><br \/>(+49 for winning)\n|raw|Cuty flam's rating: 1111 &rarr; <strong>1079<\/strong><br \/>(-32 for losing)\n","uploadtime":1698436288,"views":16,"p1id":"predito","p2id":"cutyflam","formatid":"gen9doublesou","rating":1060,"private":0,"password":""}