{"id":"gen9doublesou-1991354889","p1":"Nido-Rus","p2":"Raf","format":"[Gen 9] Doubles OU","log":"|j|\u2606Nido-Rus\n|j|\u2606Raf\n|t:|1700070194\n|gametype|doubles\n|player|p1|Nido-Rus|cheryl|\n|player|p2|Raf|#scl3dynamos2|\n|teamsize|p1|6\n|teamsize|p2|6\n|gen|9\n|tier|[Gen 9] Doubles OU\n|rule|Species Clause: Limit one of each Pok\u00e9mon\n|rule|OHKO Clause: OHKO moves are banned\n|rule|Evasion Moves Clause: Evasion moves are banned\n|rule|Gravity Sleep Clause: The combination of sleep-inducing moves with imperfect accuracy and Gravity or Gigantamax Orbeetle are banned\n|rule|Endless Battle Clause: Forcing endless battles is banned\n|rule|HP Percentage Mod: HP is shown in percentages\n|clearpoke\n|poke|p1|Baxcalibur, F|\n|poke|p1|Kingambit, F|\n|poke|p1|Ogerpon-Hearthflame, F|\n|poke|p1|Landorus-Therian, M|\n|poke|p1|Indeedee-F, F|\n|poke|p1|Sinistcha|\n|poke|p2|Roaring Moon|\n|poke|p2|Weezing, M|\n|poke|p2|Flutter Mane|\n|poke|p2|Iron Hands|\n|poke|p2|Palafin, M|\n|poke|p2|Landorus-Therian, M|\n|teampreview\n|inactive|Battle timer is ON: inactive players will automatically lose when time's up. (requested by Raf)\n|c|\u2606Raf|HF\n|c|\u2606Nido-Rus|gl HF\n|inactive|Nido-Rus has 270 seconds left.\n|inactive|Raf has 270 seconds left.\n|j| R4ye\n|j| RelicanthPrimal<><\n|\n|t:|1700070248\n|start\n|switch|p1a: Landorus|Landorus-Therian, M|100\/100\n|switch|p1b: Indeedee|Indeedee-F, F|100\/100\n|switch|p2a: Weezing|Weezing, M|100\/100\n|switch|p2b: Palafin|Palafin, M|100\/100\n|-ability|p2a: Weezing|Neutralizing Gas\n|turn|1\n|j| xHys\n|j|+Mizuhime\n|j| AIRedzone\n|j|+Frixel\n|c| AIRedzone|JAI HIND\n|inactive|Nido-Rus has 270 seconds left.\n|inactive|Raf has 270 seconds left.\n|j| Eragon11145\n|j| MADARAAAA\n|\n|t:|1700070296\n|detailschange|p2b: Palafin|Palafin-Hero, M\n|switch|p2b: Landorus|Landorus-Therian, M|100\/100\n|-ability|p2b: Landorus|Intimidate|boost\n|-unboost|p1a: Landorus|atk|1\n|-unboost|p1b: Indeedee|atk|1\n|move|p2a: Weezing|Protect|p2a: Weezing\n|-singleturn|p2a: Weezing|Protect\n|move|p1a: Landorus|U-turn|p2b: Landorus\n|-resisted|p2b: Landorus\n|-damage|p2b: Landorus|91\/100\n|j| theyummybagel\n|\n|t:|1700070306\n|switch|p1a: Baxcalibur|Baxcalibur, F|100\/100|[from] U-turn\n|move|p1b: Indeedee|Psychic|p2a: Weezing\n|-activate|p2a: Weezing|move: Protect\n|\n|upkeep\n|turn|2\n|inactive|Raf has 270 seconds left.\n|inactive|Nido-Rus has 270 seconds left.\n|inactive|Raf has 240 seconds left.\n|j| tyo\n|\n|t:|1700070369\n|-terastallize|p2b: Landorus|Water\n|move|p1a: Baxcalibur|High Horsepower|p2a: Weezing\n|-supereffective|p2a: Weezing\n|-damage|p2a: Weezing|40\/100\n|move|p2b: Landorus|U-turn|p1a: Baxcalibur\n|-damage|p1a: Baxcalibur|78\/100\n|j| Demantoid (\u2299\ufe4f\u2299\u273f)\n|\n|t:|1700070376\n|switch|p2b: Roaring Moon|Roaring Moon|100\/100|[from] U-turn\n|-enditem|p2b: Roaring Moon|Booster Energy\n|-activate|p2b: Roaring Moon|ability: Protosynthesis|[fromitem]\n|-start|p2b: Roaring Moon|protosynthesisspe\n|move|p1b: Indeedee|Psychic|p2a: Weezing\n|-supereffective|p2a: Weezing\n|-damage|p2a: Weezing|0 fnt\n|faint|p2a: Weezing\n|-end|p2a: Weezing|ability: Neutralizing Gas\n|-fieldstart|move: Psychic Terrain|[from] ability: Psychic Surge|[of] p1b: Indeedee\n|\n|upkeep\n|l| Eragon11145\n|inactive|Raf has 210 seconds left.\n|c| Demantoid (\u2299\ufe4f\u2299\u273f)|mish\n|l| theyummybagel\n|inactive|Raf has 180 seconds left.\n|\n|t:|1700070438\n|switch|p2a: Landorus|Landorus-Therian, M, tera:Water|91\/100\n|-ability|p2a: Landorus|Intimidate|boost\n|-unboost|p1a: Baxcalibur|atk|1\n|-unboost|p1b: Indeedee|atk|1\n|turn|3\n|inactive|Raf has 180 seconds left.\n|j| Feyette\n|inactive|Nido-Rus has 270 seconds left.\n|\n|t:|1700070468\n|switch|p1b: Landorus|Landorus-Therian, M|100\/100\n|-ability|p1b: Landorus|Intimidate|boost\n|-unboost|p2a: Landorus|atk|1\n|-unboost|p2b: Roaring Moon|atk|1\n|move|p2b: Roaring Moon|Knock Off|p1b: Landorus\n|-damage|p1b: Landorus|57\/100\n|-enditem|p1b: Landorus|Choice Scarf|[from] move: Knock Off|[of] p2b: Roaring Moon\n|move|p1a: Baxcalibur|Glaive Rush|p2b: Roaring Moon\n|-supereffective|p2b: Roaring Moon\n|-damage|p2b: Roaring Moon|0 fnt\n|-singlemove|p1a: Baxcalibur|Glaive Rush|[silent]\n|faint|p2b: Roaring Moon\n|-end|p2b: Roaring Moon|Protosynthesis|[silent]\n|move|p2a: Landorus|Stealth Rock|p1b: Landorus\n|-sidestart|p1: Nido-Rus|move: Stealth Rock\n|\n|upkeep\n|\n|t:|1700070481\n|switch|p2b: Flutter Mane|Flutter Mane|100\/100\n|turn|4\n|inactive|Raf has 180 seconds left.\n|inactive|Nido-Rus has 270 seconds left.\n|inactive|Raf has 150 seconds left.\n|inactive|Nido-Rus has 240 seconds left.\n|j| Entrocefalo\n|\n|t:|1700070576\n|switch|p1a: Sinistcha|Sinistcha|100\/100\n|-damage|p1a: Sinistcha|88\/100|[from] Stealth Rock\n|-heal|p1b: Landorus|82\/100|[from] ability: Hospitality|[of] p1a: Sinistcha\n|move|p2b: Flutter Mane|Dazzling Gleam|p1b: Landorus|[spread] p1a,p1b\n|-damage|p1a: Sinistcha|52\/100\n|-damage|p1b: Landorus|18\/100\n|move|p1b: Landorus|Stomping Tantrum|p2b: Flutter Mane\n|-damage|p2b: Flutter Mane|26\/100\n|move|p2a: Landorus|U-turn|p1b: Landorus\n|-resisted|p1b: Landorus\n|-damage|p1b: Landorus|7\/100\n|\n|t:|1700070591\n|switch|p2a: Palafin|Palafin-Hero, M|100\/100|[from] U-turn\n|-activate|p2a: Palafin|ability: Zero to Hero\n|\n|upkeep\n|turn|5\n|l| xHys\n|inactive|Raf has 150 seconds left.\n|inactive|Nido-Rus has 240 seconds left.\n|inactive|Nido-Rus has 210 seconds left.\n|\n|t:|1700070654\n|switch|p1b: Kingambit|Kingambit, F|100\/100\n|-damage|p1b: Kingambit|94\/100|[from] Stealth Rock\n|move|p2b: Flutter Mane|Dazzling Gleam|p1a: Sinistcha|[spread] p1a,p1b\n|-damage|p1a: Sinistcha|15\/100\n|-damage|p1b: Kingambit|67\/100\n|-enditem|p1a: Sinistcha|Sitrus Berry|[eat]\n|-heal|p1a: Sinistcha|40\/100|[from] item: Sitrus Berry\n|move|p2a: Palafin|Bulk Up|p2a: Palafin\n|-boost|p2a: Palafin|atk|1\n|-boost|p2a: Palafin|def|1\n|move|p1a: Sinistcha|Shadow Ball|p2b: Flutter Mane\n|-supereffective|p2b: Flutter Mane\n|-damage|p2b: Flutter Mane|0 fnt\n|faint|p2b: Flutter Mane\n|-end|p2b: Flutter Mane|Protosynthesis|[silent]\n|\n|upkeep\n|inactive|Raf has 120 seconds left.\n|\n|t:|1700070672\n|switch|p2b: Landorus|Landorus-Therian, M, tera:Water|91\/100\n|-ability|p2b: Landorus|Intimidate|boost\n|-unboost|p1a: Sinistcha|atk|1\n|-unboost|p1b: Kingambit|atk|1\n|-ability|p1b: Kingambit|Defiant|boost\n|-boost|p1b: Kingambit|atk|2\n|turn|6\n|inactive|Nido-Rus has 210 seconds left.\n|\n|t:|1700070705\n|-terastallize|p1b: Kingambit|Ghost\n|move|p2a: Palafin|Bulk Up|p2a: Palafin\n|-boost|p2a: Palafin|atk|1\n|-boost|p2a: Palafin|def|1\n|move|p2b: Landorus|U-turn|p1a: Sinistcha\n|-damage|p1a: Sinistcha|15\/100\n|\n|t:|1700070711\n|switch|p2b: Iron Hands|Iron Hands|100\/100|[from] U-turn\n|move|p1b: Kingambit|Kowtow Cleave|p2b: Iron Hands\n|-resisted|p2b: Iron Hands\n|-damage|p2b: Iron Hands|75\/100\n|move|p1a: Sinistcha|Trick Room|p1a: Sinistcha\n|-fieldstart|move: Trick Room|[of] p1a: Sinistcha\n|\n|-fieldend|move: Psychic Terrain\n|upkeep\n|turn|7\n|inactive|Nido-Rus has 210 seconds left.\n|inactive|Raf has 120 seconds left.\n|j| theyummybagel\n|l| AIRedzone\n|l| RelicanthPrimal<><\n|\n|t:|1700070762\n|switch|p1a: Indeedee|Indeedee-F, F|100\/100\n|-damage|p1a: Indeedee|88\/100|[from] Stealth Rock\n|-fieldstart|move: Psychic Terrain|[from] ability: Psychic Surge|[of] p1a: Indeedee\n|move|p2b: Iron Hands|Heavy Slam|p1b: Kingambit\n|-damage|p1b: Kingambit|44\/100\n|move|p1b: Kingambit|Low Kick|p2b: Iron Hands\n|-damage|p2b: Iron Hands|32\/100\n|move|p2a: Palafin|Bulk Up|p2a: Palafin\n|-boost|p2a: Palafin|atk|1\n|-boost|p2a: Palafin|def|1\n|\n|upkeep\n|turn|8\n|inactive|Raf has 120 seconds left.\n|j| SingleThunder\n|inactive|Nido-Rus has 210 seconds left.\n|j| Jello1231\n|\n|t:|1700070811\n|switch|p1a: Landorus|Landorus-Therian, M|7\/100\n|-damage|p1a: Landorus|0 fnt|[from] Stealth Rock\n|faint|p1a: Landorus\n|move|p2b: Iron Hands|Heavy Slam|p1b: Kingambit\n|-damage|p1b: Kingambit|22\/100\n|move|p1b: Kingambit|Low Kick|p2b: Iron Hands\n|-damage|p2b: Iron Hands|0 fnt\n|faint|p2b: Iron Hands\n|-end|p2b: Iron Hands|Quark Drive|[silent]\n|move|p2a: Palafin|Bulk Up|p2a: Palafin\n|-boost|p2a: Palafin|atk|1\n|-boost|p2a: Palafin|def|1\n|\n|upkeep\n|inactive|Nido-Rus has 210 seconds left.\n|inactive|Raf has 120 seconds left.\n|\n|t:|1700070823\n|switch|p2b: Landorus|Landorus-Therian, M, tera:Water|91\/100\n|switch|p1a: Sinistcha|Sinistcha|15\/100\n|-damage|p1a: Sinistcha|2\/100|[from] Stealth Rock\n|-heal|p1b: Kingambit|47\/100|[from] ability: Hospitality|[of] p1a: Sinistcha\n|-ability|p2b: Landorus|Intimidate|boost\n|-unboost|p1a: Sinistcha|atk|1\n|-unboost|p1b: Kingambit|atk|1\n|-ability|p1b: Kingambit|Defiant|boost\n|-boost|p1b: Kingambit|atk|2\n|turn|9\n|\n|t:|1700070839\n|move|p1b: Kingambit|Kowtow Cleave|p2b: Landorus\n|-damage|p2b: Landorus|5\/100\n|move|p1a: Sinistcha|Life Dew|p1a: Sinistcha|[spread] p1a,p1b\n|-heal|p1a: Sinistcha|27\/100\n|-heal|p1b: Kingambit|72\/100\n|move|p2b: Landorus|Stomping Tantrum|p1b: Kingambit\n|-damage|p1b: Kingambit|43\/100\n|move|p2a: Palafin|Bulk Up|p2a: Palafin\n|-boost|p2a: Palafin|atk|1\n|-boost|p2a: Palafin|def|1\n|\n|upkeep\n|turn|10\n|inactive|Nido-Rus has 240 seconds left.\n|inactive|Raf has 150 seconds left.\n|\n|t:|1700070857\n|move|p1b: Kingambit|Kowtow Cleave|p2b: Landorus\n|-damage|p2b: Landorus|0 fnt\n|faint|p2b: Landorus\n|move|p1a: Sinistcha|Life Dew|p1a: Sinistcha|[spread] p1a,p1b\n|-heal|p1a: Sinistcha|53\/100\n|-heal|p1b: Kingambit|68\/100\n|move|p2a: Palafin|Bulk Up|p2a: Palafin\n|-boost|p2a: Palafin|atk|1\n|-boost|p2a: Palafin|def|1\n|\n|-fieldend|move: Trick Room\n|upkeep\n|turn|11\n|c|\u2606Raf|is this winnable chat\n|inactive|Nido-Rus has 240 seconds left.\n|\n|t:|1700070878\n|move|p2a: Palafin|Protect|p2a: Palafin\n|-singleturn|p2a: Palafin|Protect\n|move|p1a: Sinistcha|Life Dew|p1a: Sinistcha|[spread] p1a,p1b\n|-heal|p1a: Sinistcha|78\/100\n|-heal|p1b: Kingambit|93\/100\n|move|p1b: Kingambit|Kowtow Cleave|p2a: Palafin\n|-activate|p2a: Palafin|move: Protect\n|\n|-fieldend|move: Psychic Terrain\n|upkeep\n|turn|12\n|\n|t:|1700070885\n|switch|p1b: Indeedee|Indeedee-F, F|88\/100\n|-damage|p1b: Indeedee|76\/100|[from] Stealth Rock\n|-fieldstart|move: Psychic Terrain|[from] ability: Psychic Surge|[of] p1b: Indeedee\n|move|p1a: Sinistcha|Rage Powder|p1a: Sinistcha\n|-singleturn|p1a: Sinistcha|move: Rage Powder\n|move|p2a: Palafin|Drain Punch|p1a: Sinistcha\n|-immune|p1a: Sinistcha\n|\n|upkeep\n|turn|13\n|\n|t:|1700070897\n|switch|p1b: Ogerpon|Ogerpon-Hearthflame, F|100\/100\n|-damage|p1b: Ogerpon|75\/100|[from] Stealth Rock\n|-ability|p1b: Ogerpon|Mold Breaker\n|move|p1a: Sinistcha|Rage Powder|p1a: Sinistcha\n|-singleturn|p1a: Sinistcha|move: Rage Powder\n|move|p2a: Palafin|Drain Punch|p1a: Sinistcha\n|-immune|p1a: Sinistcha\n|\n|upkeep\n|turn|14\n|c| Jello1231|No raf no its not :(\n|inactive|Raf has 210 seconds left.\n|\n|t:|1700070922\n|move|p1a: Sinistcha|Rage Powder|p1a: Sinistcha\n|-singleturn|p1a: Sinistcha|move: Rage Powder\n|move|p1b: Ogerpon|Swords Dance|p1b: Ogerpon\n|-boost|p1b: Ogerpon|atk|2\n|move|p2a: Palafin|Drain Punch|p1a: Sinistcha\n|-immune|p1a: Sinistcha\n|\n|upkeep\n|turn|15\n|\n|t:|1700070928\n|move|p1a: Sinistcha|Rage Powder|p1a: Sinistcha\n|-singleturn|p1a: Sinistcha|move: Rage Powder\n|move|p1b: Ogerpon|Swords Dance|p1b: Ogerpon\n|-boost|p1b: Ogerpon|atk|2\n|move|p2a: Palafin|Bulk Up|p2a: Palafin\n|-boost|p2a: Palafin|atk|0\n|-boost|p2a: Palafin|def|0\n|\n|upkeep\n|turn|16\n|inactive|Raf has 240 seconds left.\n|\n|t:|1700070942\n|move|p1a: Sinistcha|Rage Powder|p1a: Sinistcha\n|-singleturn|p1a: Sinistcha|move: Rage Powder\n|move|p1b: Ogerpon|Swords Dance|p1b: Ogerpon\n|-boost|p1b: Ogerpon|atk|2\n|move|p2a: Palafin|Drain Punch|p1a: Sinistcha\n|-immune|p1a: Sinistcha\n|\n|-fieldend|move: Psychic Terrain\n|upkeep\n|turn|17\n|\n|t:|1700070952\n|switch|p1a: Indeedee|Indeedee-F, F|76\/100\n|-damage|p1a: Indeedee|64\/100|[from] Stealth Rock\n|-fieldstart|move: Psychic Terrain|[from] ability: Psychic Surge|[of] p1a: Indeedee\n|move|p1b: Ogerpon|Spiky Shield|p1b: Ogerpon\n|-singleturn|p1b: Ogerpon|move: Protect\n|move|p2a: Palafin|Drain Punch|p1a: Indeedee\n|-damage|p1a: Indeedee|0 fnt\n|faint|p1a: Indeedee\n|\n|upkeep\n|\n|t:|1700070955\n|switch|p1a: Sinistcha|Sinistcha|78\/100\n|-damage|p1a: Sinistcha|65\/100|[from] Stealth Rock\n|-heal|p1b: Ogerpon|100\/100|[from] ability: Hospitality|[of] p1a: Sinistcha\n|turn|18\n|\n|t:|1700070959\n|move|p2a: Palafin|Protect|p2a: Palafin\n|-singleturn|p2a: Palafin|Protect\n|move|p1a: Sinistcha|Rage Powder|p1a: Sinistcha\n|-singleturn|p1a: Sinistcha|move: Rage Powder\n|move|p1b: Ogerpon|Horn Leech|p2a: Palafin\n|-activate|p2a: Palafin|move: Protect\n|\n|upkeep\n|turn|19\n|\n|t:|1700070966\n|move|p1a: Sinistcha|Rage Powder|p1a: Sinistcha\n|-singleturn|p1a: Sinistcha|move: Rage Powder\n|move|p1b: Ogerpon|Horn Leech|p2a: Palafin\n|-supereffective|p2a: Palafin\n|-damage|p2a: Palafin|25\/100\n|move|p2a: Palafin|Bulk Up|p2a: Palafin\n|-boost|p2a: Palafin|atk|0\n|-boost|p2a: Palafin|def|0\n|\n|upkeep\n|turn|20\n|\n|t:|1700070974\n|move|p2a: Palafin|Protect|p2a: Palafin\n|-singleturn|p2a: Palafin|Protect\n|move|p1a: Sinistcha|Rage Powder|p1a: Sinistcha\n|-singleturn|p1a: Sinistcha|move: Rage Powder\n|move|p1b: Ogerpon|Horn Leech|p2a: Palafin\n|-activate|p2a: Palafin|move: Protect\n|\n|upkeep\n|turn|21\n|\n|t:|1700070977\n|move|p2a: Palafin|Protect||[still]\n|-fail|p2a: Palafin\n|move|p1a: Sinistcha|Rage Powder|p1a: Sinistcha\n|-singleturn|p1a: Sinistcha|move: Rage Powder\n|move|p1b: Ogerpon|Horn Leech|p2a: Palafin\n|-supereffective|p2a: Palafin\n|-damage|p2a: Palafin|0 fnt\n|faint|p2a: Palafin\n|\n|win|Nido-Rus\n|c|\u2606Raf|gg\n|c|\u2606Nido-Rus|gg\n|c| Feyette|chat\n","uploadtime":1700070985,"views":88,"p1id":"nidorus","p2id":"raf","formatid":"gen9doublesou","rating":0,"private":0,"password":""}