{"id":"gen9doublesou-1968167581","p1":"zeref203","p2":"Swisky Dhar","format":"[Gen 9] Doubles OU","log":"|html|<div class=\"broadcast-blue\"><strong>[Gen 9] Doubles OU is currently suspecting Basculegion & Flutter Mane! For information on how to participate check out the <a href=\"https:\/\/www.smogon.com\/forums\/threads\/np-sv-dou-stage-8-double-trouble.3729153\/\">suspect thread<\/a>.<\/strong><\/div>\n|j|\u2606zeref203\n|j|\u2606Swisky Dhar\n|t:|1697391006\n|gametype|doubles\n|player|p1|zeref203|265|1287\n|player|p2|Swisky Dhar|265|1169\n|teamsize|p1|6\n|teamsize|p2|6\n|gen|9\n|tier|[Gen 9] Doubles OU\n|rated|\n|rule|Species Clause: Limit one of each Pok\u00e9mon\n|rule|OHKO Clause: OHKO moves are banned\n|rule|Evasion Moves Clause: Evasion moves are banned\n|rule|Gravity Sleep Clause: The combination of sleep-inducing moves with imperfect accuracy and Gravity or Gigantamax Orbeetle are banned\n|rule|Endless Battle Clause: Forcing endless battles is banned\n|rule|HP Percentage Mod: HP is shown in percentages\n|clearpoke\n|poke|p1|Great Tusk|\n|poke|p1|Ninetales, M|\n|poke|p1|Sableye, M|\n|poke|p1|Flutter Mane|\n|poke|p1|Goodra-Hisui, F|\n|poke|p1|Arboliva, F|\n|poke|p2|Iron Moth|\n|poke|p2|Sinistcha|\n|poke|p2|Dusclops, M|\n|poke|p2|Corviknight, M|\n|poke|p2|Iron Hands|\n|poke|p2|Farigiraf, F|\n|teampreview\n|inactive|Battle timer is ON: inactive players will automatically lose when time's up. (requested by zeref203)\n|\n|t:|1697391015\n|start\n|switch|p1a: Diablo|Sableye, M, shiny|100\/100\n|switch|p1b: Milim|Flutter Mane|100\/100\n|switch|p2a: Iron Moth|Iron Moth|100\/100\n|switch|p2b: Corviknight|Corviknight, M|100\/100\n|-ability|p2b: Corviknight|Unnerve\n|turn|1\n|\n|t:|1697391037\n|move|p1a: Diablo|Will-O-Wisp|p2b: Corviknight\n|-status|p2b: Corviknight|brn\n|move|p1b: Milim|Shadow Ball|p2a: Iron Moth\n|-damage|p2a: Iron Moth|68\/100\n|-unboost|p2a: Iron Moth|spd|1\n|move|p2a: Iron Moth|Sludge Wave|p1b: Milim|[spread] p1a,p1b\n|-immune|p2b: Corviknight\n|-resisted|p1a: Diablo\n|-damage|p1a: Diablo|79\/100\n|-damage|p1b: Milim|60\/100\n|-status|p1a: Diablo|psn\n|move|p2b: Corviknight|Iron Head|p1b: Milim\n|-supereffective|p1b: Milim\n|-damage|p1b: Milim|0 fnt\n|faint|p1b: Milim\n|-end|p1b: Milim|Protosynthesis|[silent]\n|\n|-heal|p1a: Diablo|85\/100 psn|[from] item: Leftovers\n|-damage|p1a: Diablo|73\/100 psn|[from] psn\n|-damage|p2b: Corviknight|94\/100 brn|[from] brn\n|upkeep\n|\n|t:|1697391050\n|switch|p1b: Benimaru|Ninetales, M|100\/100\n|-weather|SunnyDay|[from] ability: Drought|[of] p1b: Benimaru\n|turn|2\n|inactive|Swisky Dhar has 120 seconds left.\n|\n|t:|1697391084\n|switch|p2b: Ryan Hands|Iron Hands|100\/100\n|move|p1a: Diablo|Taunt|p2a: Iron Moth\n|-start|p2a: Iron Moth|move: Taunt\n|move|p1b: Benimaru|Heat Wave|p2b: Ryan Hands|[spread] p2a,p2b\n|-resisted|p2a: Iron Moth\n|-damage|p2a: Iron Moth|48\/100\n|-damage|p2b: Ryan Hands|78\/100\n|move|p2a: Iron Moth|Dazzling Gleam|p1a: Diablo|[spread] p1a,p1b\n|-supereffective|p1a: Diablo\n|-resisted|p1b: Benimaru\n|-damage|p1a: Diablo|18\/100 psn\n|-damage|p1b: Benimaru|87\/100\n|\n|-weather|SunnyDay|[upkeep]\n|-heal|p1a: Diablo|24\/100 psn|[from] item: Leftovers\n|-damage|p1a: Diablo|12\/100 psn|[from] psn\n|upkeep\n|turn|3\n|inactive|Swisky Dhar has 120 seconds left.\n|\n|t:|1697391117\n|move|p1b: Benimaru|Protect|p1b: Benimaru\n|-singleturn|p1b: Benimaru|Protect\n|move|p2b: Ryan Hands|Fake Out|p1b: Benimaru\n|-activate|p1b: Benimaru|move: Protect\n|move|p1a: Diablo|Will-O-Wisp|p2b: Ryan Hands\n|-status|p2b: Ryan Hands|brn\n|move|p2a: Iron Moth|Dazzling Gleam|p1b: Benimaru|[spread] p1a\n|-activate|p1b: Benimaru|move: Protect\n|-supereffective|p1a: Diablo\n|-damage|p1a: Diablo|0 fnt\n|faint|p1a: Diablo\n|\n|-weather|SunnyDay|[upkeep]\n|-damage|p2b: Ryan Hands|71\/100 brn|[from] brn\n|upkeep\n|\n|t:|1697391130\n|switch|p1a: Geld|Great Tusk|100\/100\n|-activate|p1a: Geld|ability: Protosynthesis\n|-start|p1a: Geld|protosynthesisatk\n|turn|4\n|\n|t:|1697391152\n|-end|p2a: Iron Moth|Quark Drive|[silent]\n|switch|p2a: Dusclops|Dusclops, M|100\/100\n|-item|p1a: Geld|Eject Pack|[from] ability: Frisk|[of] p2a: Dusclops|[identify]\n|-item|p1b: Benimaru|Heat Rock|[from] ability: Frisk|[of] p2a: Dusclops|[identify]\n|-end|p2b: Ryan Hands|Quark Drive|[silent]\n|switch|p2b: THEY TOOK THE KIDS|Sinistcha|100\/100\n|move|p1b: Benimaru|Heat Wave|p2b: THEY TOOK THE KIDS|[spread] p2a,p2b\n|-supereffective|p2b: THEY TOOK THE KIDS\n|-damage|p2a: Dusclops|71\/100\n|-damage|p2b: THEY TOOK THE KIDS|5\/100\n|move|p1a: Geld|Headlong Rush|p2a: Dusclops\n|-damage|p2a: Dusclops|10\/100\n|-unboost|p1a: Geld|def|1\n|-unboost|p1a: Geld|spd|1\n|-enditem|p1a: Geld|Eject Pack\n|\n|t:|1697391168\n|-end|p1a: Geld|Protosynthesis|[silent]\n|switch|p1a: RIimiru|Goodra-Hisui, F|100\/100\n|\n|-weather|SunnyDay|[upkeep]\n|upkeep\n|turn|5\n|\n|t:|1697391192\n|-terastallize|p1a: RIimiru|Water\n|move|p1b: Benimaru|Heat Wave|p2b: THEY TOOK THE KIDS|[spread] p2a,p2b\n|-supereffective|p2b: THEY TOOK THE KIDS\n|-damage|p2a: Dusclops|0 fnt\n|-damage|p2b: THEY TOOK THE KIDS|0 fnt\n|faint|p2a: Dusclops\n|faint|p2b: THEY TOOK THE KIDS\n|move|p1a: RIimiru|Rock Slide|p2: Dusclops|[notarget]\n|-fail|p1a: RIimiru\n|\n|-weather|SunnyDay|[upkeep]\n|upkeep\n|inactive|Swisky Dhar has 120 seconds left.\n|\n|t:|1697391220\n|switch|p2b: Ryan Hands|Iron Hands|71\/100 brn\n|switch|p2a: Farigiraf|Farigiraf, F|100\/100\n|turn|6\n|\n|t:|1697391231\n|move|p2b: Ryan Hands|Fake Out|p1a: RIimiru\n|-damage|p1a: RIimiru|94\/100\n|move|p1b: Benimaru|Heat Wave|p2a: Farigiraf|[spread] p2a,p2b\n|-damage|p2a: Farigiraf|63\/100\n|-damage|p2b: Ryan Hands|46\/100 brn\n|cant|p1a: RIimiru|flinch\n|move|p2a: Farigiraf|Thunderbolt|p1a: RIimiru\n|-supereffective|p1a: RIimiru\n|-damage|p1a: RIimiru|64\/100\n|\n|-weather|SunnyDay|[upkeep]\n|-damage|p2b: Ryan Hands|40\/100 brn|[from] brn\n|upkeep\n|turn|7\n|\n|t:|1697391251\n|switch|p1a: Geld|Great Tusk|100\/100\n|-activate|p1a: Geld|ability: Protosynthesis\n|-start|p1a: Geld|protosynthesisatk\n|move|p1b: Benimaru|Heat Wave|p2a: Farigiraf|[spread] p2a,p2b\n|-damage|p2a: Farigiraf|24\/100\n|-damage|p2b: Ryan Hands|14\/100 brn\n|move|p2a: Farigiraf|Thunderbolt|p1a: Geld\n|-immune|p1a: Geld\n|move|p2b: Ryan Hands|Drain Punch|p1b: Benimaru\n|-damage|p1b: Benimaru|53\/100\n|-heal|p2b: Ryan Hands|23\/100 brn|[from] drain|[of] p1b: Benimaru\n|\n|-weather|SunnyDay|[upkeep]\n|-damage|p2b: Ryan Hands|17\/100 brn|[from] brn\n|upkeep\n|turn|8\n|\n|t:|1697391273\n|move|p1b: Benimaru|Heat Wave|p2b: Ryan Hands|[spread] p2a,p2b\n|-damage|p2a: Farigiraf|0 fnt\n|-damage|p2b: Ryan Hands|0 fnt\n|faint|p2a: Farigiraf\n|faint|p2b: Ryan Hands\n|-end|p2b: Ryan Hands|Quark Drive|[silent]\n|move|p1a: Geld|Close Combat|p2: Farigiraf|[notarget]\n|-fail|p1a: Geld\n|\n|-weather|SunnyDay|[upkeep]\n|upkeep\n|-message|Swisky Dhar forfeited.\n|\n|win|zeref203\n|raw|zeref203's rating: 1287 &rarr; <strong>1304<\/strong><br \/>(+17 for winning)\n|raw|Swisky Dhar's rating: 1169 &rarr; <strong>1152<\/strong><br \/>(-17 for losing)\n|l|\u2606Swisky Dhar\n|l|\u2606zeref203\n|j|\u2606zeref203\n|player|p1|zeref203|265\n","uploadtime":1697391677,"views":15,"p1id":"zeref203","p2id":"swiskydhar","formatid":"gen9doublesou","rating":1152,"private":0,"password":""}