{"id":"gen9doublesou-1994624705","p1":"Kondroid","p2":"rhysharp","format":"[Gen 9] Doubles OU","log":"|j|\u2606Kondroid\n|j|\u2606rhysharp\n|t:|1700471350\n|gametype|doubles\n|player|p1|Kondroid|hilbert-wonderlauncher|1186\n|player|p2|rhysharp|caitlin|1199\n|teamsize|p1|6\n|teamsize|p2|6\n|gen|9\n|tier|[Gen 9] Doubles OU\n|rated|\n|rule|Species Clause: Limit one of each Pok\u00e9mon\n|rule|OHKO Clause: OHKO moves are banned\n|rule|Evasion Moves Clause: Evasion moves are banned\n|rule|Gravity Sleep Clause: The combination of sleep-inducing moves with imperfect accuracy and Gravity or Gigantamax Orbeetle are banned\n|rule|Endless Battle Clause: Forcing endless battles is banned\n|rule|HP Percentage Mod: HP is shown in percentages\n|clearpoke\n|poke|p1|Baxcalibur, M|\n|poke|p1|Ninetales-Alola, F|\n|poke|p1|Sinistcha|\n|poke|p1|Goodra-Hisui, M|\n|poke|p1|Zapdos|\n|poke|p1|Ogerpon-Hearthflame, F|\n|poke|p2|Armarouge, M|\n|poke|p2|Weavile, M|\n|poke|p2|Indeedee-F, F|\n|poke|p2|Torkoal, F|\n|poke|p2|Walking Wake|\n|poke|p2|Roaring Moon|\n|teampreview\n|inactive|Battle timer is ON: inactive players will automatically lose when time's up. (requested by Kondroid)\n|\n|t:|1700471363\n|start\n|switch|p1a: Ogerpon|Ogerpon-Hearthflame, F|100\/100\n|switch|p1b: Zapdos|Zapdos|100\/100\n|switch|p2a: Weavile|Weavile, M|100\/100\n|switch|p2b: Armarouge|Armarouge, M|100\/100\n|-ability|p2a: Weavile|Pressure\n|-ability|p1a: Ogerpon|Mold Breaker\n|turn|1\n|\n|t:|1700471379\n|move|p2b: Armarouge|Endure|p2b: Armarouge\n|-singleturn|p2b: Armarouge|move: Endure\n|move|p2a: Weavile|Beat Up|p2b: Armarouge\n|-supereffective|p2b: Armarouge\n|-damage|p2b: Armarouge|83\/100\n|-ability|p2b: Armarouge|Weak Armor|boost\n|-unboost|p2b: Armarouge|def|1\n|-boost|p2b: Armarouge|spe|2\n|-enditem|p2b: Armarouge|Weakness Policy\n|-boost|p2b: Armarouge|atk|2|[from] item: Weakness Policy\n|-boost|p2b: Armarouge|spa|2|[from] item: Weakness Policy\n|-supereffective|p2b: Armarouge\n|-damage|p2b: Armarouge|65\/100\n|-ability|p2b: Armarouge|Weak Armor|boost\n|-unboost|p2b: Armarouge|def|1\n|-boost|p2b: Armarouge|spe|2\n|-supereffective|p2b: Armarouge\n|-damage|p2b: Armarouge|43\/100\n|-ability|p2b: Armarouge|Weak Armor|boost\n|-unboost|p2b: Armarouge|def|1\n|-boost|p2b: Armarouge|spe|2\n|-supereffective|p2b: Armarouge\n|-damage|p2b: Armarouge|8\/100\n|-ability|p2b: Armarouge|Weak Armor|boost\n|-unboost|p2b: Armarouge|def|1\n|-supereffective|p2b: Armarouge\n|-activate|p2b: Armarouge|move: Endure\n|-damage|p2b: Armarouge|1\/100\n|-ability|p2b: Armarouge|Weak Armor|boost\n|-unboost|p2b: Armarouge|def|1\n|-supereffective|p2b: Armarouge\n|-activate|p2b: Armarouge|move: Endure\n|-damage|p2b: Armarouge|1\/100\n|-ability|p2b: Armarouge|Weak Armor|boost\n|-unboost|p2b: Armarouge|def|1\n|-hitcount|p2b: Armarouge|6\n|move|p1a: Ogerpon|Ivy Cudgel|p2a: Weavile|[anim] Ivy Cudgel Fire\n|-supereffective|p2a: Weavile\n|-damage|p2a: Weavile|0 fnt\n|faint|p2a: Weavile\n|move|p1b: Zapdos|Tailwind|p1b: Zapdos\n|-sidestart|p1: Kondroid|move: Tailwind\n|\n|upkeep\n|\n|t:|1700471405\n|switch|p2a: Torkoal|Torkoal, F|100\/100\n|-weather|SunnyDay|[from] ability: Drought|[of] p2a: Torkoal\n|turn|2\n|\n|t:|1700471421\n|switch|p1b: Ninetales|Ninetales-Alola, F|100\/100\n|-weather|Snow|[from] ability: Snow Warning|[of] p1b: Ninetales\n|move|p2a: Torkoal|Helping Hand|p2b: Armarouge\n|-singleturn|p2b: Armarouge|Helping Hand|[of] p2a: Torkoal\n|move|p1a: Ogerpon|Spiky Shield|p1a: Ogerpon\n|-singleturn|p1a: Ogerpon|move: Protect\n|move|p2b: Armarouge|Lava Plume|p1b: Ninetales|[spread] p2a,p1b\n|-activate|p1a: Ogerpon|move: Protect\n|-resisted|p2a: Torkoal\n|-supereffective|p1b: Ninetales\n|-damage|p2a: Torkoal|56\/100\n|-damage|p1b: Ninetales|0 fnt\n|faint|p1b: Ninetales\n|\n|-weather|Snow|[upkeep]\n|upkeep\n|inactive|Kondroid has 120 seconds left.\n|\n|t:|1700471449\n|switch|p1b: Zapdos|Zapdos|100\/100\n|turn|3\n|inactive|Kondroid has 120 seconds left.\n|\n|t:|1700471477\n|switch|p2a: Indeedee|Indeedee-F, F|100\/100\n|-fieldstart|move: Psychic Terrain|[from] ability: Psychic Surge|[of] p2a: Indeedee\n|move|p2b: Armarouge|Expanding Force|p1b: Zapdos|[spread] p1a,p1b\n|-damage|p1a: Ogerpon|0 fnt\n|-damage|p1b: Zapdos|0 fnt\n|faint|p1a: Ogerpon\n|faint|p1b: Zapdos\n|\n|-weather|Snow|[upkeep]\n|upkeep\n|\n|t:|1700471492\n|switch|p1a: Sinistcha|Sinistcha|100\/100\n|switch|p1b: Baxcalibur|Baxcalibur, M|100\/100\n|turn|4\n|\n|t:|1700471505\n|switch|p2a: Torkoal|Torkoal, F|56\/100\n|-weather|SunnyDay|[from] ability: Drought|[of] p2a: Torkoal\n|move|p2b: Armarouge|Lava Plume|p1b: Baxcalibur|[spread] p2a,p1a,p1b\n|-resisted|p2a: Torkoal\n|-supereffective|p1a: Sinistcha\n|-damage|p2a: Torkoal|14\/100\n|-damage|p1a: Sinistcha|0 fnt\n|-damage|p1b: Baxcalibur|0 fnt\n|faint|p1a: Sinistcha\n|faint|p1b: Baxcalibur\n|\n|-weather|SunnyDay|[upkeep]\n|-sideend|p1: Kondroid|move: Tailwind\n|upkeep\n|\n|t:|1700471514\n|switch|p1b: Goodra|Goodra-Hisui, M|100\/100\n|turn|5\n|c|\u2606rhysharp|Gg\n|\n|t:|1700471526\n|-terastallize|p2b: Armarouge|Fire\n|move|p2a: Torkoal|Helping Hand|p2b: Armarouge\n|-singleturn|p2b: Armarouge|Helping Hand|[of] p2a: Torkoal\n|move|p2b: Armarouge|Lava Plume|p1b: Goodra|[spread] p2a,p1b\n|-resisted|p2a: Torkoal\n|-damage|p2a: Torkoal|0 fnt\n|-damage|p1b: Goodra|16\/100\n|faint|p2a: Torkoal\n|move|p1b: Goodra|Chilling Water|p2b: Armarouge\n|-supereffective|p2b: Armarouge\n|-damage|p2b: Armarouge|0 fnt\n|faint|p2b: Armarouge\n|\n|-weather|SunnyDay|[upkeep]\n|upkeep\n|\n|t:|1700471539\n|switch|p2b: Roaring Moon|Roaring Moon|100\/100\n|switch|p2a: Walking Wake|Walking Wake|100\/100\n|-activate|p2b: Roaring Moon|ability: Protosynthesis\n|-start|p2b: Roaring Moon|protosynthesisatk\n|-activate|p2a: Walking Wake|ability: Protosynthesis\n|-start|p2a: Walking Wake|protosynthesisspa\n|turn|6\n|\n|t:|1700471551\n|move|p2b: Roaring Moon|Outrage|p1b: Goodra\n|-damage|p1b: Goodra|0 fnt\n|faint|p1b: Goodra\n|\n|win|rhysharp\n|raw|Kondroid's rating: 1186 &rarr; <strong>1162<\/strong><br \/>(-24 for losing)\n|raw|rhysharp's rating: 1199 &rarr; <strong>1223<\/strong><br \/>(+24 for winning)\n","uploadtime":1700471555,"views":7,"p1id":"kondroid","p2id":"rhysharp","formatid":"gen9doublesou","rating":1162,"private":0,"password":""}