{"id":"gen9doublesou-1977019975","p1":"garbonzo5285","p2":"riskybaka","format":"[Gen 9] Doubles OU","log":"|j|\u2606garbonzo5285\n|j|\u2606riskybaka\n|t:|1698362535\n|gametype|doubles\n|player|p1|garbonzo5285|wallace|1050\n|player|p2|riskybaka|1|1090\n|teamsize|p1|6\n|teamsize|p2|6\n|gen|9\n|tier|[Gen 9] Doubles OU\n|rated|\n|rule|Species Clause: Limit one of each Pok\u00e9mon\n|rule|OHKO Clause: OHKO moves are banned\n|rule|Evasion Moves Clause: Evasion moves are banned\n|rule|Gravity Sleep Clause: The combination of sleep-inducing moves with imperfect accuracy and Gravity or Gigantamax Orbeetle are banned\n|rule|Endless Battle Clause: Forcing endless battles is banned\n|rule|HP Percentage Mod: HP is shown in percentages\n|clearpoke\n|poke|p1|Mew|\n|poke|p1|Mudsdale, F|\n|poke|p1|Sylveon, M|\n|poke|p1|Polteageist-Antique|\n|poke|p1|Flamigo, F|\n|poke|p1|Farigiraf, M|\n|poke|p2|Gardevoir, F|\n|poke|p2|Orthworm, F|\n|poke|p2|Corviknight, M|\n|poke|p2|Dragapult, M|\n|poke|p2|Ting-Lu|\n|poke|p2|Palafin, F|\n|teampreview\n|\n|t:|1698362553\n|start\n|switch|p1a: horse girl|Mudsdale, F|100\/100\n|switch|p1b: wittle baby|Mew|100\/100\n|switch|p2a: Futureworn|Orthworm, F|100\/100\n|switch|p2b: Aqua|Palafin, F|100\/100\n|turn|1\n|\n|t:|1698362569\n|move|p2b: Aqua|Flip Turn|p1a: horse girl\n|-supereffective|p1a: horse girl\n|-damage|p1a: horse girl|66\/100\n|-ability|p1a: horse girl|Stamina|boost\n|-boost|p1a: horse girl|def|1\n|\n|t:|1698362577\n|detailschange|p2b: Aqua|Palafin-Hero, F\n|switch|p2b: Darknight|Corviknight, M|100\/100|[from] Flip Turn\n|-ability|p2b: Darknight|Pressure\n|move|p1b: wittle baby|Skill Swap|p1a: horse girl\n|-activate|p1b: wittle baby|move: Skill Swap|||[of] p1a: horse girl\n|move|p2a: Futureworn|Stealth Rock|p1b: wittle baby\n|-sidestart|p1: garbonzo5285|move: Stealth Rock\n|move|p1a: horse girl|Earthquake|p2a: Futureworn|[spread] p1b\n|-immune|p2a: Futureworn|[from] ability: Earth Eater\n|-immune|p2b: Darknight\n|-damage|p1b: wittle baby|74\/100\n|-ability|p1b: wittle baby|Stamina|boost\n|-boost|p1b: wittle baby|def|1\n|\n|upkeep\n|turn|2\n|\n|t:|1698362599\n|move|p1b: wittle baby|Life Dew|p1b: wittle baby|[spread] p1a,p1b\n|-heal|p1a: horse girl|91\/100\n|-heal|p1b: wittle baby|99\/100\n|move|p2b: Darknight|Iron Defense|p2b: Darknight\n|-boost|p2b: Darknight|def|2\n|move|p2a: Futureworn|Shed Tail|p2a: Futureworn\n|-start|p2a: Futureworn|Substitute|[from] move: Shed Tail\n|-damage|p2a: Futureworn|50\/100\n|\n|t:|1698362610\n|switch|p2a: dragod|Dragapult, M|100\/100|[from] Shed Tail\n|move|p1a: horse girl|Earthquake|p2b: Darknight|[spread] p1b,p2a\n|-immune|p2b: Darknight\n|-end|p2a: dragod|Substitute\n|-damage|p1b: wittle baby|81\/100\n|-ability|p1b: wittle baby|Stamina|boost\n|-boost|p1b: wittle baby|def|1\n|\n|upkeep\n|turn|3\n|\n|t:|1698362634\n|-terastallize|p2a: dragod|Dragon\n|move|p2a: dragod|Dragon Darts|p1b: wittle baby\n|-damage|p1b: wittle baby|64\/100\n|-ability|p1b: wittle baby|Stamina|boost\n|-boost|p1b: wittle baby|def|1\n|-anim|p2a: dragod|Dragon Darts|p1a: horse girl\n|-damage|p1a: horse girl|67\/100\n|-damage|p2a: dragod|91\/100|[from] item: Life Orb\n|move|p1b: wittle baby|Stored Power|p2a: dragod\n|-damage|p2a: dragod|53\/100\n|move|p2b: Darknight|Brave Bird|p1b: wittle baby\n|-damage|p1b: wittle baby|52\/100\n|-ability|p1b: wittle baby|Stamina|boost\n|-boost|p1b: wittle baby|def|1\n|-damage|p2b: Darknight|97\/100|[from] Recoil\n|move|p1a: horse girl|Bulldoze|p2b: Darknight|[spread] p1b,p2a\n|-immune|p2b: Darknight\n|-damage|p1b: wittle baby|47\/100\n|-damage|p2a: dragod|27\/100\n|-unboost|p1b: wittle baby|spe|1\n|-ability|p1b: wittle baby|Stamina|boost\n|-boost|p1b: wittle baby|def|1\n|\n|-heal|p2b: Darknight|100\/100|[from] item: Leftovers\n|upkeep\n|turn|4\n|\n|t:|1698362688\n|switch|p2a: Futureworn|Orthworm, F|50\/100\n|move|p2b: Darknight|Iron Defense|p2b: Darknight\n|-boost|p2b: Darknight|def|2\n|move|p1b: wittle baby|Life Dew|p1b: wittle baby|[spread] p1a,p1b\n|-heal|p1a: horse girl|92\/100\n|-heal|p1b: wittle baby|72\/100\n|move|p1a: horse girl|Bulldoze|p2a: Futureworn|[spread] p1b\n|-heal|p2a: Futureworn|75\/100|[from] ability: Earth Eater|[of] p1a: horse girl\n|-immune|p2b: Darknight\n|-damage|p1b: wittle baby|66\/100\n|-unboost|p1b: wittle baby|spe|1\n|-ability|p1b: wittle baby|Stamina|boost\n|-boost|p1b: wittle baby|def|1\n|\n|-heal|p2a: Futureworn|82\/100|[from] item: Leftovers\n|upkeep\n|turn|5\n|\n|t:|1698362721\n|move|p2b: Darknight|Iron Defense|p2b: Darknight\n|-boost|p2b: Darknight|def|2\n|move|p2a: Futureworn|Shed Tail|p2a: Futureworn\n|-start|p2a: Futureworn|Substitute|[from] move: Shed Tail\n|-damage|p2a: Futureworn|32\/100\n|\n|t:|1698362732\n|switch|p2a: Garten|Gardevoir, F|100\/100|[from] Shed Tail\n|-ability|p2a: Garten|Synchronize|[from] ability: Trace|[of] p1a: horse girl\n|move|p1b: wittle baby|Body Press|p2b: Darknight\n|-damage|p2b: Darknight|78\/100\n|move|p1a: horse girl|Low Kick|p2a: Garten\n|-resisted|p2a: Garten\n|-activate|p2a: Garten|move: Substitute|[damage]\n|\n|-heal|p2b: Darknight|84\/100|[from] item: Leftovers\n|upkeep\n|turn|6\n|\n|t:|1698362760\n|move|p2a: Garten|Dazzling Gleam|p1b: wittle baby|[spread] p1a,p1b\n|-damage|p1a: horse girl|70\/100\n|-damage|p1b: wittle baby|35\/100\n|move|p2b: Darknight|Brave Bird|p1a: horse girl\n|-damage|p1a: horse girl|47\/100\n|-damage|p2b: Darknight|77\/100|[from] Recoil\n|move|p1b: wittle baby|Body Press|p2b: Darknight\n|-damage|p2b: Darknight|54\/100\n|move|p1a: horse girl|Low Kick|p2b: Darknight\n|-damage|p2b: Darknight|48\/100\n|\n|-heal|p2b: Darknight|54\/100|[from] item: Leftovers\n|upkeep\n|turn|7\n|\n|t:|1698362782\n|move|p2a: Garten|Dazzling Gleam|p1a: horse girl|[spread] p1a,p1b\n|-damage|p1a: horse girl|25\/100\n|-damage|p1b: wittle baby|0 fnt\n|faint|p1b: wittle baby\n|move|p2b: Darknight|Roost|p2b: Darknight\n|-heal|p2b: Darknight|100\/100\n|-singleturn|p2b: Darknight|move: Roost\n|move|p1a: horse girl|Heavy Slam|p2a: Garten\n|-supereffective|p2a: Garten\n|-end|p2a: Garten|Substitute\n|\n|upkeep\n|\n|t:|1698362791\n|switch|p1b: trans rites|Sylveon, M|100\/100\n|-damage|p1b: trans rites|88\/100|[from] Stealth Rock\n|turn|8\n|\n|t:|1698362803\n|move|p2a: Garten|Dazzling Gleam|p1b: trans rites|[spread] p1a,p1b\n|-damage|p1a: horse girl|3\/100\n|-damage|p1b: trans rites|62\/100\n|move|p1b: trans rites|Psych Up|p2b: Darknight\n|-copyboost|p1b: trans rites|p2b: Darknight|[from] move: Psych Up\n|move|p2b: Darknight|Brave Bird|p1a: horse girl\n|-damage|p1a: horse girl|0 fnt\n|faint|p1a: horse girl\n|-damage|p2b: Darknight|99\/100|[from] Recoil\n|\n|-heal|p2b: Darknight|100\/100|[from] item: Leftovers\n|upkeep\n|\n|t:|1698362812\n|switch|p1a: bri'ish|Polteageist-Antique|100\/100\n|-damage|p1a: bri'ish|88\/100|[from] Stealth Rock\n|turn|9\n|\n|t:|1698362827\n|move|p2a: Garten|Encore|p1b: trans rites\n|-start|p1b: trans rites|Encore\n|move|p1b: trans rites|Psych Up|p2b: Darknight\n|-copyboost|p1b: trans rites|p2b: Darknight|[from] move: Psych Up\n|move|p1a: bri'ish|Will-O-Wisp|p2b: Darknight|[miss]\n|-miss|p1a: bri'ish|p2b: Darknight\n|move|p2b: Darknight|Brave Bird|p1a: bri'ish\n|-damage|p1a: bri'ish|40\/100\n|-ability|p1a: bri'ish|Weak Armor|boost\n|-unboost|p1a: bri'ish|def|1\n|-boost|p1a: bri'ish|spe|2\n|-damage|p2b: Darknight|89\/100|[from] Recoil\n|\n|-heal|p1a: bri'ish|46\/100|[from] item: Leftovers\n|-heal|p2b: Darknight|95\/100|[from] item: Leftovers\n|upkeep\n|turn|10\n|\n|t:|1698362851\n|switch|p1b: naruto|Flamigo, F|100\/100\n|-damage|p1b: naruto|88\/100|[from] Stealth Rock\n|-copyboost|p1b: naruto|p1a: bri'ish|[from] ability: Costar\n|move|p2a: Garten|Protect|p2a: Garten\n|-singleturn|p2a: Garten|Protect\n|move|p1a: bri'ish|Will-O-Wisp|p2b: Darknight\n|-status|p2b: Darknight|brn\n|move|p2b: Darknight|Brave Bird|p1a: bri'ish\n|-damage|p1a: bri'ish|7\/100\n|-ability|p1a: bri'ish|Weak Armor|boost\n|-unboost|p1a: bri'ish|def|1\n|-boost|p1a: bri'ish|spe|2\n|-damage|p2b: Darknight|86\/100 brn|[from] Recoil\n|\n|-heal|p1a: bri'ish|13\/100|[from] item: Leftovers\n|-heal|p2b: Darknight|92\/100 brn|[from] item: Leftovers\n|-damage|p2b: Darknight|86\/100 brn|[from] brn\n|upkeep\n|turn|11\n|\n|t:|1698362878\n|move|p1b: naruto|Brave Bird|p2b: Darknight\n|-resisted|p2b: Darknight\n|-damage|p2b: Darknight|79\/100 brn\n|-damage|p1b: naruto|85\/100|[from] Recoil\n|move|p1a: bri'ish|Light Screen|p1a: bri'ish\n|-sidestart|p1: garbonzo5285|move: Light Screen\n|move|p2a: Garten|Dazzling Gleam|p1b: naruto|[spread] p1a,p1b\n|-supereffective|p1b: naruto\n|-damage|p1a: bri'ish|0 fnt\n|-damage|p1b: naruto|11\/100\n|faint|p1a: bri'ish\n|move|p2b: Darknight|Brave Bird|p1b: naruto\n|-supereffective|p1b: naruto\n|-damage|p1b: naruto|0 fnt\n|faint|p1b: naruto\n|-damage|p2b: Darknight|76\/100 brn|[from] Recoil\n|\n|-heal|p2b: Darknight|82\/100 brn|[from] item: Leftovers\n|-damage|p2b: Darknight|76\/100 brn|[from] brn\n|upkeep\n|-message|garbonzo5285 forfeited.\n|\n|win|riskybaka\n|raw|garbonzo5285's rating: 1050 &rarr; <strong>1035<\/strong><br \/>(-15 for losing)\n|raw|riskybaka's rating: 1090 &rarr; <strong>1113<\/strong><br \/>(+23 for winning)\n|l|\u2606garbonzo5285\n","uploadtime":1698362925,"views":24,"p1id":"garbonzo5285","p2id":"riskybaka","formatid":"gen9doublesou","rating":1035,"private":0,"password":""}