{"id":"gen9doublesou-1977322254","p1":"DoerreKong","p2":"jeffery_zcj","format":"[Gen 9] Doubles OU","log":"|j|\u2606DoerreKong\n|j|\u2606jeffery_zcj\n|t:|1698404884\n|gametype|doubles\n|player|p1|DoerreKong|ltsurge|1580\n|player|p2|jeffery_zcj|266|1445\n|teamsize|p1|6\n|teamsize|p2|6\n|gen|9\n|tier|[Gen 9] Doubles OU\n|rated|\n|rule|Species Clause: Limit one of each Pok\u00e9mon\n|rule|OHKO Clause: OHKO moves are banned\n|rule|Evasion Moves Clause: Evasion moves are banned\n|rule|Gravity Sleep Clause: The combination of sleep-inducing moves with imperfect accuracy and Gravity or Gigantamax Orbeetle are banned\n|rule|Endless Battle Clause: Forcing endless battles is banned\n|rule|HP Percentage Mod: HP is shown in percentages\n|clearpoke\n|poke|p1|Torkoal, F|\n|poke|p1|Cresselia, F|\n|poke|p1|Diancie|\n|poke|p1|Iron Hands|\n|poke|p1|Farigiraf, F|\n|poke|p1|Amoonguss, F|\n|poke|p2|Flutter Mane|\n|poke|p2|Indeedee-F, F|\n|poke|p2|Dusclops, M|\n|poke|p2|Kleavor, M|\n|poke|p2|Tornadus, M|\n|poke|p2|Pachirisu, M|\n|teampreview\n|inactive|Battle timer is ON: inactive players will automatically lose when time's up. (requested by DoerreKong)\n|inactive|DoerreKong has 120 seconds left.\n|\n|t:|1698404943\n|start\n|switch|p1a: Diancie|Diancie|100\/100\n|switch|p1b: Amoonguss|Amoonguss, F|100\/100\n|switch|p2a: Kleavor|Kleavor, M|100\/100\n|switch|p2b: Indeedee|Indeedee-F, F|100\/100\n|-fieldstart|move: Psychic Terrain|[from] ability: Psychic Surge|[of] p2b: Indeedee\n|turn|1\n|\n|t:|1698404963\n|switch|p1b: Farigiraf|Farigiraf, F|100\/100\n|move|p2a: Kleavor|Stone Axe|p1b: Farigiraf\n|-damage|p1b: Farigiraf|53\/100\n|-sidestart|p1: DoerreKong|move: Stealth Rock\n|move|p2b: Indeedee|Psychic|p1b: Farigiraf\n|-resisted|p1b: Farigiraf\n|-damage|p1b: Farigiraf|35\/100\n|move|p1a: Diancie|Trick Room|p1a: Diancie\n|-fieldstart|move: Trick Room|[of] p1a: Diancie\n|\n|-heal|p1b: Farigiraf|42\/100|[from] item: Leftovers\n|upkeep\n|turn|2\n|\n|t:|1698404992\n|switch|p2a: Dusclops|Dusclops, M|100\/100\n|-item|p1a: Diancie|Weakness Policy|[from] ability: Frisk|[of] p2a: Dusclops|[identify]\n|-item|p1b: Farigiraf|Leftovers|[from] ability: Frisk|[of] p2a: Dusclops|[identify]\n|move|p1a: Diancie|Diamond Storm|p2a: Dusclops|[spread] p2a,p2b\n|-damage|p2a: Dusclops|87\/100\n|-damage|p2b: Indeedee|76\/100\n|move|p1b: Farigiraf|Imprison|p1b: Farigiraf\n|-start|p1b: Farigiraf|move: Imprison\n|move|p2b: Indeedee|Psychic|p1a: Diancie\n|-damage|p1a: Diancie|71\/100\n|\n|-heal|p1b: Farigiraf|48\/100|[from] item: Leftovers\n|upkeep\n|turn|3\n|inactive|DoerreKong has 120 seconds left.\n|\n|t:|1698405049\n|move|p2a: Dusclops|Night Shade|p1a: Diancie\n|-damage|p1a: Diancie|38\/100\n|move|p1a: Diancie|Diamond Storm|p2a: Dusclops|[spread] p2a,p2b\n|-damage|p2a: Dusclops|73\/100\n|-damage|p2b: Indeedee|51\/100\n|move|p1b: Farigiraf|Dazzling Gleam|p2a: Dusclops|[spread] p2a,p2b\n|-damage|p2a: Dusclops|64\/100\n|-damage|p2b: Indeedee|38\/100\n|move|p2b: Indeedee|Psychic|p1a: Diancie\n|-damage|p1a: Diancie|10\/100\n|\n|-heal|p1b: Farigiraf|54\/100|[from] item: Leftovers\n|upkeep\n|turn|4\n|\n|t:|1698405072\n|move|p2a: Dusclops|Night Shade|p1a: Diancie\n|-damage|p1a: Diancie|0 fnt\n|faint|p1a: Diancie\n|move|p1b: Farigiraf|Dazzling Gleam|p2b: Indeedee|[spread] p2a,p2b\n|-damage|p2a: Dusclops|55\/100\n|-damage|p2b: Indeedee|24\/100\n|-enditem|p2b: Indeedee|Aguav Berry|[eat]\n|-heal|p2b: Indeedee|58\/100|[from] item: Aguav Berry\n|move|p2b: Indeedee|Psychic|p1b: Farigiraf\n|-resisted|p1b: Farigiraf\n|-damage|p1b: Farigiraf|36\/100\n|\n|-heal|p1b: Farigiraf|42\/100|[from] item: Leftovers\n|upkeep\n|\n|t:|1698405095\n|switch|p1a: Amoonguss|Amoonguss, F|100\/100\n|-damage|p1a: Amoonguss|88\/100|[from] Stealth Rock\n|turn|5\n|-activate|p1a: Amoonguss|item: Quick Claw\n|\n|t:|1698405105\n|move|p1a: Amoonguss|Spore|p2b: Indeedee\n|-status|p2b: Indeedee|slp|[from] move: Spore\n|move|p2a: Dusclops|Pain Split|p1a: Amoonguss\n|-sethp|p1a: Amoonguss|63\/100|[from] move: Pain Split|[silent]\n|-sethp|p2a: Dusclops|90\/100|[from] move: Pain Split\n|move|p1b: Farigiraf|Dazzling Gleam|p2b: Indeedee|[spread] p2a,p2b\n|-damage|p2a: Dusclops|81\/100\n|-damage|p2b: Indeedee|43\/100 slp\n|cant|p2b: Indeedee|slp\n|\n|-heal|p1b: Farigiraf|48\/100|[from] item: Leftovers\n|-fieldend|move: Trick Room\n|-fieldend|move: Psychic Terrain\n|upkeep\n|turn|6\n|c|\u2606jeffery_zcj|?\n|\n|t:|1698405124\n|cant|p2b: Indeedee|slp\n|move|p1a: Amoonguss|Spore|p2a: Dusclops\n|-status|p2a: Dusclops|slp|[from] move: Spore\n|cant|p2a: Dusclops|slp\n|move|p1b: Farigiraf|Trick Room|p1b: Farigiraf\n|-fieldstart|move: Trick Room|[of] p1b: Farigiraf\n|\n|-heal|p1b: Farigiraf|55\/100|[from] item: Leftovers\n|upkeep\n|turn|7\n|c|\u2606DoerreKong|?\n|\n|t:|1698405135\n|cant|p2a: Dusclops|slp\n|move|p1a: Amoonguss|Substitute|p1a: Amoonguss\n|-start|p1a: Amoonguss|Substitute\n|-damage|p1a: Amoonguss|38\/100\n|move|p1b: Farigiraf|Dazzling Gleam|p2a: Dusclops|[spread] p2a,p2b\n|-damage|p2a: Dusclops|72\/100 slp\n|-damage|p2b: Indeedee|29\/100 slp\n|cant|p2b: Indeedee|slp\n|\n|-heal|p1b: Farigiraf|61\/100|[from] item: Leftovers\n|upkeep\n|turn|8\n|-activate|p1a: Amoonguss|item: Quick Claw\n|\n|t:|1698405148\n|move|p1a: Amoonguss|Pollen Puff|p2b: Indeedee\n|-supereffective|p2b: Indeedee\n|-damage|p2b: Indeedee|0 fnt\n|faint|p2b: Indeedee\n|-curestatus|p2a: Dusclops|slp|[msg]\n|move|p2a: Dusclops|Night Shade|p1a: Amoonguss\n|-end|p1a: Amoonguss|Substitute\n|move|p1b: Farigiraf|Dazzling Gleam|p2a: Dusclops\n|-damage|p2a: Dusclops|60\/100\n|\n|-heal|p1b: Farigiraf|67\/100|[from] item: Leftovers\n|upkeep\n|inactive|jeffery_zcj has 120 seconds left.\n|\n|t:|1698405180\n|switch|p2b: Pachirisu|Pachirisu, M|100\/100\n|turn|9\n|\n|t:|1698405190\n|move|p2b: Pachirisu|Follow Me|p2b: Pachirisu\n|-singleturn|p2b: Pachirisu|move: Follow Me\n|move|p2a: Dusclops|Night Shade|p1a: Amoonguss\n|-damage|p1a: Amoonguss|13\/100\n|move|p1a: Amoonguss|Spore|p2b: Pachirisu\n|-status|p2b: Pachirisu|slp|[from] move: Spore\n|move|p1b: Farigiraf|Dazzling Gleam|p2a: Dusclops|[spread] p2a,p2b\n|-damage|p2a: Dusclops|52\/100\n|-damage|p2b: Pachirisu|83\/100 slp\n|\n|-heal|p1b: Farigiraf|73\/100|[from] item: Leftovers\n|upkeep\n|turn|10\n|\n|t:|1698405214\n|switch|p1a: Cresselia|Cresselia, F|100\/100\n|-damage|p1a: Cresselia|88\/100|[from] Stealth Rock\n|switch|p2b: Kleavor|Kleavor, M|100\/100\n|move|p2a: Dusclops|Night Shade|p1a: Cresselia\n|-damage|p1a: Cresselia|65\/100\n|move|p1b: Farigiraf|Dazzling Gleam|p2b: Kleavor|[spread] p2a,p2b\n|-damage|p2a: Dusclops|45\/100\n|-damage|p2b: Kleavor|84\/100\n|\n|-heal|p1b: Farigiraf|80\/100|[from] item: Leftovers\n|-heal|p1a: Cresselia|71\/100|[from] item: Leftovers\n|-fieldend|move: Trick Room\n|upkeep\n|turn|11\n|\n|t:|1698405230\n|switch|p1a: Iron Hands|Iron Hands|100\/100\n|-damage|p1a: Iron Hands|94\/100|[from] Stealth Rock\n|move|p2b: Kleavor|X-Scissor|p1a: Iron Hands\n|-resisted|p1a: Iron Hands\n|-damage|p1a: Iron Hands|78\/100\n|move|p1b: Farigiraf|Dazzling Gleam|p2a: Dusclops|[spread] p2a,p2b\n|-damage|p2a: Dusclops|37\/100\n|-damage|p2b: Kleavor|68\/100\n|move|p2a: Dusclops|Pain Split|p1b: Farigiraf\n|-sethp|p1b: Farigiraf|53\/100|[from] move: Pain Split|[silent]\n|-sethp|p2a: Dusclops|75\/100|[from] move: Pain Split\n|\n|-heal|p1b: Farigiraf|59\/100|[from] item: Leftovers\n|-heal|p1a: Iron Hands|84\/100|[from] item: Leftovers\n|upkeep\n|turn|12\n|inactive|jeffery_zcj has 120 seconds left.\n|\n|t:|1698405261\n|move|p2b: Kleavor|X-Scissor|p1b: Farigiraf\n|-supereffective|p1b: Farigiraf\n|-damage|p1b: Farigiraf|0 fnt\n|faint|p1b: Farigiraf\n|move|p1a: Iron Hands|Iron Defense|p1a: Iron Hands\n|-boost|p1a: Iron Hands|def|2\n|move|p2a: Dusclops|Night Shade|p1a: Iron Hands\n|-damage|p1a: Iron Hands|63\/100\n|\n|-heal|p1a: Iron Hands|69\/100|[from] item: Leftovers\n|upkeep\n|\n|t:|1698405284\n|switch|p1b: Amoonguss|Amoonguss, F|47\/100\n|-damage|p1b: Amoonguss|34\/100|[from] Stealth Rock\n|turn|13\n|\n|t:|1698405291\n|move|p2b: Kleavor|X-Scissor|p1b: Amoonguss\n|-damage|p1b: Amoonguss|0 fnt\n|faint|p1b: Amoonguss\n|move|p1a: Iron Hands|Iron Defense|p1a: Iron Hands\n|-boost|p1a: Iron Hands|def|2\n|move|p2a: Dusclops|Night Shade|p1a: Iron Hands\n|-damage|p1a: Iron Hands|47\/100\n|\n|-heal|p1a: Iron Hands|54\/100|[from] item: Leftovers\n|upkeep\n|\n|t:|1698405298\n|switch|p1b: Cresselia|Cresselia, F|71\/100\n|-damage|p1b: Cresselia|59\/100|[from] Stealth Rock\n|turn|14\n|\n|t:|1698405310\n|-terastallize|p1b: Cresselia|Normal\n|move|p2b: Kleavor|X-Scissor|p1b: Cresselia\n|-damage|p1b: Cresselia|13\/100\n|move|p1a: Iron Hands|Body Press|p2b: Kleavor\n|-crit|p2b: Kleavor\n|-damage|p2b: Kleavor|0 fnt\n|faint|p2b: Kleavor\n|move|p2a: Dusclops|Night Shade|p1a: Iron Hands\n|-damage|p1a: Iron Hands|32\/100\n|move|p1b: Cresselia|Trick Room|p1b: Cresselia\n|-fieldstart|move: Trick Room|[of] p1b: Cresselia\n|\n|-heal|p1a: Iron Hands|38\/100|[from] item: Leftovers\n|-heal|p1b: Cresselia|20\/100|[from] item: Leftovers\n|upkeep\n|\n|t:|1698405324\n|switch|p2b: Pachirisu|Pachirisu, M|83\/100 slp\n|turn|15\n|\n|t:|1698405343\n|cant|p2b: Pachirisu|slp\n|move|p2a: Dusclops|Night Shade|p1a: Iron Hands\n|-damage|p1a: Iron Hands|17\/100\n|move|p1a: Iron Hands|Body Press|p2b: Pachirisu\n|-damage|p2b: Pachirisu|0 fnt\n|faint|p2b: Pachirisu\n|move|p1b: Cresselia|Calm Mind|p1b: Cresselia\n|-boost|p1b: Cresselia|spa|1\n|-boost|p1b: Cresselia|spd|1\n|\n|-heal|p1a: Iron Hands|23\/100|[from] item: Leftovers\n|-heal|p1b: Cresselia|26\/100|[from] item: Leftovers\n|upkeep\n|inactive|jeffery_zcj has 120 seconds left.\n|\n|t:|1698405368\n|switch|p2b: Flutter Mane|Flutter Mane|100\/100\n|-enditem|p2b: Flutter Mane|Booster Energy\n|-activate|p2b: Flutter Mane|ability: Protosynthesis|[fromitem]\n|-start|p2b: Flutter Mane|protosynthesisspa\n|turn|16\n|\n|t:|1698405380\n|move|p2b: Flutter Mane|Protect|p2b: Flutter Mane\n|-singleturn|p2b: Flutter Mane|Protect\n|move|p2a: Dusclops|Night Shade|p1a: Iron Hands\n|-damage|p1a: Iron Hands|2\/100\n|move|p1a: Iron Hands|Thunder Punch|p2b: Flutter Mane\n|-activate|p2b: Flutter Mane|move: Protect\n|move|p1b: Cresselia|Lunar Blessing|p1b: Cresselia|[spread] p1a,p1b\n|-heal|p1a: Iron Hands|27\/100\n|-heal|p1b: Cresselia|51\/100\n|\n|-heal|p1a: Iron Hands|33\/100|[from] item: Leftovers\n|-heal|p1b: Cresselia|57\/100|[from] item: Leftovers\n|upkeep\n|turn|17\n|\n|t:|1698405409\n|-end|p2b: Flutter Mane|Protosynthesis|[silent]\n|switch|p2b: Tornadus|Tornadus, M|100\/100\n|move|p2a: Dusclops|Night Shade|p1a: Iron Hands\n|-damage|p1a: Iron Hands|11\/100\n|move|p1a: Iron Hands|Thunder Punch|p2b: Tornadus\n|-supereffective|p2b: Tornadus\n|-damage|p2b: Tornadus|0 fnt\n|faint|p2b: Tornadus\n|move|p1b: Cresselia|Stored Power|p2a: Dusclops\n|-damage|p2a: Dusclops|62\/100\n|\n|-heal|p1a: Iron Hands|18\/100|[from] item: Leftovers\n|-heal|p1b: Cresselia|63\/100|[from] item: Leftovers\n|upkeep\n|inactive|jeffery_zcj has 120 seconds left.\n|\n|t:|1698405422\n|switch|p2b: Flutter Mane|Flutter Mane|100\/100\n|turn|18\n|\n|t:|1698405438\n|move|p2b: Flutter Mane|Protect|p2b: Flutter Mane\n|-singleturn|p2b: Flutter Mane|Protect\n|move|p2a: Dusclops|Night Shade|p1a: Iron Hands\n|-damage|p1a: Iron Hands|0 fnt\n|faint|p1a: Iron Hands\n|-end|p1a: Iron Hands|Quark Drive|[silent]\n|move|p1b: Cresselia|Calm Mind|p1b: Cresselia\n|-boost|p1b: Cresselia|spa|1\n|-boost|p1b: Cresselia|spd|1\n|\n|-heal|p1b: Cresselia|70\/100|[from] item: Leftovers\n|-fieldend|move: Trick Room\n|upkeep\n|\n|t:|1698405441\n|switch|p1a: Torkoal|Torkoal, F|100\/100\n|-damage|p1a: Torkoal|76\/100|[from] Stealth Rock\n|-weather|SunnyDay|[from] ability: Drought|[of] p1a: Torkoal\n|-activate|p2b: Flutter Mane|ability: Protosynthesis\n|-start|p2b: Flutter Mane|protosynthesisspa\n|turn|19\n|\n|t:|1698405456\n|move|p1a: Torkoal|Protect|p1a: Torkoal\n|-singleturn|p1a: Torkoal|Protect\n|move|p2b: Flutter Mane|Shadow Ball|p1a: Torkoal\n|-activate|p1a: Torkoal|move: Protect\n|move|p2a: Dusclops|Pain Split|p1b: Cresselia\n|-sethp|p1b: Cresselia|55\/100|[from] move: Pain Split|[silent]\n|-sethp|p2a: Dusclops|84\/100|[from] move: Pain Split\n|move|p1b: Cresselia|Trick Room|p1b: Cresselia\n|-fieldstart|move: Trick Room|[of] p1b: Cresselia\n|\n|-weather|SunnyDay|[upkeep]\n|-heal|p1b: Cresselia|61\/100|[from] item: Leftovers\n|upkeep\n|turn|20\n|\n|t:|1698405481\n|-terastallize|p2b: Flutter Mane|Fire\n|move|p1a: Torkoal|Eruption|p2b: Flutter Mane|[spread] p2a,p2b\n|-resisted|p2b: Flutter Mane\n|-damage|p2a: Dusclops|53\/100\n|-damage|p2b: Flutter Mane|71\/100\n|move|p2a: Dusclops|Night Shade|p1a: Torkoal\n|-damage|p1a: Torkoal|47\/100\n|move|p1b: Cresselia|Lunar Blessing|p1b: Cresselia|[spread] p1a,p1b\n|-heal|p1a: Torkoal|72\/100\n|-heal|p1b: Cresselia|86\/100\n|move|p2b: Flutter Mane|Shadow Ball|p1a: Torkoal\n|-damage|p1a: Torkoal|0 fnt\n|faint|p1a: Torkoal\n|\n|-weather|SunnyDay|[upkeep]\n|-heal|p1b: Cresselia|93\/100|[from] item: Leftovers\n|upkeep\n|turn|21\n|inactive|DoerreKong has 120 seconds left.\n|\n|t:|1698405514\n|move|p2a: Dusclops|Pain Split|p1b: Cresselia\n|-sethp|p1b: Cresselia|64\/100|[from] move: Pain Split|[silent]\n|-sethp|p2a: Dusclops|97\/100|[from] move: Pain Split\n|move|p1b: Cresselia|Calm Mind|p1b: Cresselia\n|-boost|p1b: Cresselia|spa|1\n|-boost|p1b: Cresselia|spd|1\n|move|p2b: Flutter Mane|Mystical Fire|p1b: Cresselia\n|-damage|p1b: Cresselia|45\/100\n|-unboost|p1b: Cresselia|spa|1\n|\n|-weather|SunnyDay|[upkeep]\n|-heal|p1b: Cresselia|52\/100|[from] item: Leftovers\n|upkeep\n|turn|22\n|\n|t:|1698405535\n|move|p2b: Flutter Mane|Protect|p2b: Flutter Mane\n|-singleturn|p2b: Flutter Mane|Protect\n|move|p1b: Cresselia|Calm Mind|p1b: Cresselia\n|-boost|p1b: Cresselia|spa|1\n|-boost|p1b: Cresselia|spd|1\n|move|p2a: Dusclops|Trick Room|p2a: Dusclops\n|-fieldend|move: Trick Room\n|\n|-weather|SunnyDay|[upkeep]\n|-heal|p1b: Cresselia|58\/100|[from] item: Leftovers\n|upkeep\n|turn|23\n|\n|t:|1698405560\n|move|p2b: Flutter Mane|Mystical Fire|p1b: Cresselia\n|-damage|p1b: Cresselia|41\/100\n|-unboost|p1b: Cresselia|spa|1\n|move|p1b: Cresselia|Calm Mind|p1b: Cresselia\n|-boost|p1b: Cresselia|spa|1\n|-boost|p1b: Cresselia|spd|1\n|move|p2a: Dusclops|Pain Split|p1b: Cresselia\n|-sethp|p1b: Cresselia|52\/100|[from] move: Pain Split|[silent]\n|-sethp|p2a: Dusclops|80\/100|[from] move: Pain Split\n|\n|-weather|none\n|-end|p2b: Flutter Mane|Protosynthesis\n|-heal|p1b: Cresselia|59\/100|[from] item: Leftovers\n|upkeep\n|turn|24\n|\n|t:|1698405572\n|move|p2b: Flutter Mane|Protect|p2b: Flutter Mane\n|-singleturn|p2b: Flutter Mane|Protect\n|move|p1b: Cresselia|Calm Mind|p1b: Cresselia\n|-boost|p1b: Cresselia|spa|1\n|-boost|p1b: Cresselia|spd|1\n|move|p2a: Dusclops|Imprison|p2a: Dusclops\n|-start|p2a: Dusclops|move: Imprison\n|\n|-heal|p1b: Cresselia|65\/100|[from] item: Leftovers\n|upkeep\n|turn|25\n|\n|t:|1698405587\n|move|p2b: Flutter Mane|Mystical Fire|p1b: Cresselia\n|-damage|p1b: Cresselia|59\/100\n|-unboost|p1b: Cresselia|spa|1\n|move|p1b: Cresselia|Stored Power|p2b: Flutter Mane\n|-damage|p2b: Flutter Mane|0 fnt\n|faint|p2b: Flutter Mane\n|-end|p2b: Flutter Mane|Protosynthesis|[silent]\n|move|p2a: Dusclops|Night Shade|p1b: Cresselia\n|-immune|p1b: Cresselia\n|\n|-heal|p1b: Cresselia|65\/100|[from] item: Leftovers\n|upkeep\n|turn|26\n|-message|jeffery_zcj forfeited.\n|\n|win|DoerreKong\n|raw|DoerreKong's rating: 1580 &rarr; <strong>1593<\/strong><br \/>(+13 for winning)\n|raw|jeffery_zcj's rating: 1445 &rarr; <strong>1432<\/strong><br \/>(-13 for losing)\n|l|\u2606jeffery_zcj\n","uploadtime":1698405598,"views":13,"p1id":"doerrekong","p2id":"jefferyzcj","formatid":"gen9doublesou","rating":1432,"private":0,"password":""}