{"id":"gen9doublesou-1980474061","p1":"Adonisblazer","p2":"uhdfhadfdaf","format":"[Gen 9] Doubles OU","log":"|j|\u2606Adonisblazer\n|j|\u2606uhdfhadfdaf\n|t:|1698788324\n|gametype|doubles\n|player|p1|Adonisblazer|blue|1238\n|player|p2|uhdfhadfdaf|cynthia-gen4|1139\n|teamsize|p1|6\n|teamsize|p2|6\n|gen|9\n|tier|[Gen 9] Doubles OU\n|rated|\n|rule|Species Clause: Limit one of each Pok\u00e9mon\n|rule|OHKO Clause: OHKO moves are banned\n|rule|Evasion Moves Clause: Evasion moves are banned\n|rule|Gravity Sleep Clause: The combination of sleep-inducing moves with imperfect accuracy and Gravity or Gigantamax Orbeetle are banned\n|rule|Endless Battle Clause: Forcing endless battles is banned\n|rule|HP Percentage Mod: HP is shown in percentages\n|clearpoke\n|poke|p1|Iron Moth|\n|poke|p1|Regidrago|\n|poke|p1|Amoonguss, F|\n|poke|p1|Kilowattrel, F|\n|poke|p1|Ogerpon-Wellspring, F|\n|poke|p1|Garganacl, F|\n|poke|p2|Torterra, F|\n|poke|p2|Golduck, F|\n|poke|p2|Sinistcha-Masterpiece|\n|poke|p2|Sableye, F|\n|poke|p2|Diancie|\n|poke|p2|Corviknight, M|\n|teampreview\n|inactive|Battle timer is ON: inactive players will automatically lose when time's up. (requested by Adonisblazer)\n|\n|t:|1698788335\n|start\n|switch|p1a: Regidrago|Regidrago|100\/100\n|switch|p1b: Iron Moth|Iron Moth|100\/100\n|switch|p2a: Torterra|Torterra, F|100\/100\n|switch|p2b: Golduck|Golduck, F|100\/100\n|-ability|p2b: Golduck|Cloud Nine\n|-enditem|p1b: Iron Moth|Booster Energy\n|-activate|p1b: Iron Moth|ability: Quark Drive|[fromitem]\n|-start|p1b: Iron Moth|quarkdrivespa\n|turn|1\n|\n|t:|1698788351\n|-terastallize|p2a: Torterra|Steel\n|move|p2b: Golduck|Simple Beam|p2a: Torterra\n|-endability|p2a: Torterra|Shell Armor|[from] move: Simple Beam\n|-ability|p2a: Torterra|Simple|[from] move: Simple Beam\n|move|p1b: Iron Moth|Energy Ball|p2b: Golduck\n|-supereffective|p2b: Golduck\n|-crit|p2b: Golduck\n|-damage|p2b: Golduck|0 fnt\n|faint|p2b: Golduck\n|move|p1a: Regidrago|Dragon Energy|p2a: Torterra\n|-resisted|p2a: Torterra\n|-damage|p2a: Torterra|7\/100\n|move|p2a: Torterra|Shell Smash|p2a: Torterra\n|-unboost|p2a: Torterra|def|2\n|-unboost|p2a: Torterra|spd|2\n|-boost|p2a: Torterra|atk|4\n|-boost|p2a: Torterra|spa|4\n|-boost|p2a: Torterra|spe|4\n|-enditem|p2a: Torterra|White Herb\n|-clearnegativeboost|p2a: Torterra|[silent]\n|\n|upkeep\n|\n|t:|1698788358\n|switch|p2b: Sinistcha|Sinistcha-Masterpiece|100\/100\n|-heal|p2a: Torterra|32\/100|[from] ability: Hospitality|[of] p2b: Sinistcha\n|turn|2\n|\n|t:|1698788376\n|switch|p2b: Corviknight|Corviknight, M|100\/100\n|move|p2a: Torterra|Earthquake|p1b: Iron Moth|[spread] p1a,p1b\n|-immune|p2b: Corviknight\n|-supereffective|p1b: Iron Moth\n|-damage|p1a: Regidrago|0 fnt\n|-damage|p1b: Iron Moth|0 fnt\n|faint|p1a: Regidrago\n|faint|p1b: Iron Moth\n|-end|p1b: Iron Moth|Quark Drive|[silent]\n|\n|upkeep\n|\n|t:|1698788388\n|switch|p1b: Ogerpon|Ogerpon-Wellspring, F|100\/100\n|switch|p1a: Kilowattrel|Kilowattrel, F|100\/100\n|turn|3\n|\n|t:|1698788396\n|switch|p2b: Sinistcha|Sinistcha-Masterpiece|100\/100\n|-heal|p2a: Torterra|57\/100|[from] ability: Hospitality|[of] p2b: Sinistcha\n|move|p1b: Ogerpon|Spiky Shield|p1b: Ogerpon\n|-singleturn|p1b: Ogerpon|move: Protect\n|move|p2a: Torterra|Rock Slide|p1a: Kilowattrel|[spread] p1a\n|-activate|p1b: Ogerpon|move: Protect\n|-supereffective|p1a: Kilowattrel\n|-enditem|p1a: Kilowattrel|Focus Sash\n|-damage|p1a: Kilowattrel|1\/100\n|move|p1a: Kilowattrel|Tailwind|p1a: Kilowattrel\n|-sidestart|p1: Adonisblazer|move: Tailwind\n|-start|p1a: Kilowattrel|Charge|Tailwind|[from] ability: Wind Power\n|\n|upkeep\n|turn|4\n|\n|t:|1698788416\n|move|p1a: Kilowattrel|Thunderbolt|p2a: Torterra\n|-damage|p2a: Torterra|0 fnt\n|faint|p2a: Torterra\n|-end|p1a: Kilowattrel|Charge|[silent]\n|move|p1b: Ogerpon|Ivy Cudgel|p2b: Sinistcha\n|-resisted|p2b: Sinistcha\n|-damage|p2b: Sinistcha|64\/100\n|move|p2b: Sinistcha|Matcha Gotcha|p1a: Kilowattrel|[spread] p1a,p1b\n|-resisted|p1a: Kilowattrel\n|-damage|p1a: Kilowattrel|0 fnt\n|-heal|p2b: Sinistcha|65\/100|[from] drain|[of] p1a: Kilowattrel\n|-damage|p1b: Ogerpon|61\/100\n|-heal|p2b: Sinistcha|86\/100|[from] drain|[of] p1b: Ogerpon\n|-status|p1b: Ogerpon|brn\n|faint|p1a: Kilowattrel\n|\n|-damage|p1b: Ogerpon|55\/100 brn|[from] brn\n|upkeep\n|\n|t:|1698788426\n|switch|p1a: Amoonguss|Amoonguss, F|100\/100\n|switch|p2a: Sableye|Sableye, F|100\/100\n|turn|5\n|inactive|uhdfhadfdaf has 120 seconds left.\n|\n|t:|1698788461\n|move|p1b: Ogerpon|Spiky Shield|p1b: Ogerpon\n|-singleturn|p1b: Ogerpon|move: Protect\n|move|p2a: Sableye|Fake Out|p1a: Amoonguss\n|-damage|p1a: Amoonguss|95\/100\n|cant|p1a: Amoonguss|flinch\n|move|p2b: Sinistcha|Trick Room|p2b: Sinistcha\n|-fieldstart|move: Trick Room|[of] p2b: Sinistcha\n|\n|-heal|p1a: Amoonguss|100\/100|[from] item: Leftovers\n|-damage|p1b: Ogerpon|49\/100 brn|[from] brn\n|upkeep\n|turn|6\n|\n|t:|1698788483\n|move|p2b: Sinistcha|Rage Powder|p2b: Sinistcha\n|-singleturn|p2b: Sinistcha|move: Rage Powder\n|move|p2a: Sableye|Encore|p1b: Ogerpon\n|-start|p1b: Ogerpon|Encore\n|move|p1a: Amoonguss|Spore|p2b: Sinistcha\n|-immune|p2b: Sinistcha\n|move|p1b: Ogerpon|Spiky Shield||[still]\n|-fail|p1b: Ogerpon\n|\n|-damage|p1b: Ogerpon|43\/100 brn|[from] brn\n|-sideend|p1: Adonisblazer|move: Tailwind\n|upkeep\n|turn|7\n|\n|t:|1698788498\n|switch|p1b: Garganacl|Garganacl, F|100\/100\n|move|p2b: Sinistcha|Rage Powder|p2b: Sinistcha\n|-singleturn|p2b: Sinistcha|move: Rage Powder\n|move|p2a: Sableye|Encore|p1a: Amoonguss\n|-start|p1a: Amoonguss|Encore\n|move|p1a: Amoonguss|Spore|p2a: Sableye\n|-status|p2a: Sableye|slp|[from] move: Spore\n|\n|upkeep\n|turn|8\n|inactive|uhdfhadfdaf has 120 seconds left.\n|\n|t:|1698788535\n|switch|p1a: Ogerpon|Ogerpon-Wellspring, F|43\/100 brn\n|cant|p2a: Sableye|slp\n|move|p1b: Garganacl|Substitute|p1b: Garganacl\n|-start|p1b: Garganacl|Substitute\n|-damage|p1b: Garganacl|75\/100\n|move|p2b: Sinistcha|Matcha Gotcha|p1b: Garganacl|[spread] p1a,p1b\n|-supereffective|p1b: Garganacl\n|-end|p1b: Garganacl|Substitute\n|-heal|p2b: Sinistcha|100\/100|[from] drain|[of] p1b: Garganacl\n|-damage|p1a: Ogerpon|3\/100 brn\n|\n|-heal|p1b: Garganacl|82\/100|[from] item: Leftovers\n|-damage|p1a: Ogerpon|0 fnt|[from] brn\n|faint|p1a: Ogerpon\n|upkeep\n|\n|t:|1698788549\n|switch|p1a: Amoonguss|Amoonguss, F|100\/100\n|turn|9\n|\n|t:|1698788561\n|cant|p2a: Sableye|slp\n|move|p1a: Amoonguss|Pollen Puff|p2b: Sinistcha\n|-damage|p2b: Sinistcha|74\/100\n|move|p1b: Garganacl|Salt Cure|p2b: Sinistcha\n|-damage|p2b: Sinistcha|57\/100\n|move|p2b: Sinistcha|Matcha Gotcha|p1a: Amoonguss|[spread] p1a,p1b\n|-resisted|p1a: Amoonguss\n|-supereffective|p1b: Garganacl\n|-damage|p1a: Amoonguss|94\/100\n|-heal|p2b: Sinistcha|61\/100|[from] drain|[of] p1a: Amoonguss\n|-damage|p1b: Garganacl|38\/100\n|-heal|p2b: Sinistcha|92\/100|[from] drain|[of] p1b: Garganacl\n|\n|-heal|p1a: Amoonguss|100\/100|[from] item: Leftovers\n|-heal|p1b: Garganacl|44\/100|[from] item: Leftovers\n|-fieldend|move: Trick Room\n|upkeep\n|turn|10\n|\n|t:|1698788587\n|-curestatus|p2a: Sableye|slp|[msg]\n|move|p2a: Sableye|Shadow Sneak|p1a: Amoonguss\n|-damage|p1a: Amoonguss|91\/100\n|move|p2b: Sinistcha|Matcha Gotcha|p1b: Garganacl|[spread] p1a,p1b\n|-resisted|p1a: Amoonguss\n|-supereffective|p1b: Garganacl\n|-damage|p1a: Amoonguss|85\/100\n|-heal|p2b: Sinistcha|97\/100|[from] drain|[of] p1a: Amoonguss\n|-damage|p1b: Garganacl|2\/100\n|-heal|p2b: Sinistcha|100\/100|[from] drain|[of] p1b: Garganacl\n|move|p1b: Garganacl|Salt Cure|p2b: Sinistcha\n|-damage|p2b: Sinistcha|85\/100\n|move|p1a: Amoonguss|Pollen Puff|p2b: Sinistcha\n|-damage|p2b: Sinistcha|58\/100\n|\n|-heal|p1b: Garganacl|8\/100|[from] item: Leftovers\n|-heal|p1a: Amoonguss|91\/100|[from] item: Leftovers\n|upkeep\n|turn|11\n|\n|t:|1698788609\n|move|p2a: Sableye|Shadow Sneak|p1b: Garganacl\n|-damage|p1b: Garganacl|4\/100\n|move|p2b: Sinistcha|Matcha Gotcha|p1b: Garganacl|[spread] p1a,p1b\n|-resisted|p1a: Amoonguss\n|-supereffective|p1b: Garganacl\n|-damage|p1a: Amoonguss|84\/100\n|-heal|p2b: Sinistcha|63\/100|[from] drain|[of] p1a: Amoonguss\n|-damage|p1b: Garganacl|0 fnt\n|-heal|p2b: Sinistcha|66\/100|[from] drain|[of] p1b: Garganacl\n|faint|p1b: Garganacl\n|move|p1a: Amoonguss|Spore|p2a: Sableye\n|-status|p2a: Sableye|slp|[from] move: Spore\n|\n|-heal|p1a: Amoonguss|90\/100|[from] item: Leftovers\n|upkeep\n|turn|12\n|\n|t:|1698788626\n|cant|p2a: Sableye|slp\n|move|p2b: Sinistcha|Shadow Ball|p1a: Amoonguss\n|-damage|p1a: Amoonguss|52\/100\n|move|p1a: Amoonguss|Pollen Puff|p2b: Sinistcha\n|-damage|p2b: Sinistcha|41\/100\n|\n|-heal|p1a: Amoonguss|58\/100|[from] item: Leftovers\n|upkeep\n|turn|13\n|\n|t:|1698788642\n|cant|p2a: Sableye|slp\n|move|p2b: Sinistcha|Shadow Ball|p1a: Amoonguss\n|-damage|p1a: Amoonguss|24\/100\n|-unboost|p1a: Amoonguss|spd|1\n|move|p1a: Amoonguss|Pollen Puff|p2b: Sinistcha\n|-damage|p2b: Sinistcha|15\/100\n|\n|-heal|p1a: Amoonguss|30\/100|[from] item: Leftovers\n|upkeep\n|turn|14\n|\n|t:|1698788656\n|-curestatus|p2a: Sableye|slp|[msg]\n|move|p2a: Sableye|Shadow Sneak|p1a: Amoonguss\n|-damage|p1a: Amoonguss|20\/100\n|move|p2b: Sinistcha|Shadow Ball|p1a: Amoonguss\n|-damage|p1a: Amoonguss|0 fnt\n|faint|p1a: Amoonguss\n|\n|win|uhdfhadfdaf\n|raw|Adonisblazer's rating: 1238 &rarr; <strong>1206<\/strong><br \/>(-32 for losing)\n|raw|uhdfhadfdaf's rating: 1139 &rarr; <strong>1171<\/strong><br \/>(+32 for winning)\n|c|\u2606uhdfhadfdaf|gg\n|l|\u2606Adonisblazer\n","uploadtime":1698788666,"views":20,"p1id":"adonisblazer","p2id":"uhdfhadfdaf","formatid":"gen9doublesou","rating":1171,"private":0,"password":""}