{"id":"gen9doublesou-1976208594","p1":"Critian Caceorte","p2":"happinyshits","format":"[Gen 9] Doubles OU","log":"|j|\u2606Critian Caceorte\n|j|\u2606happinyshits\n|t:|1698273933\n|gametype|doubles\n|player|p1|Critian Caceorte|1|1119\n|player|p2|happinyshits|170|1037\n|teamsize|p1|6\n|teamsize|p2|6\n|gen|9\n|tier|[Gen 9] Doubles OU\n|rated|\n|rule|Species Clause: Limit one of each Pok\u00e9mon\n|rule|OHKO Clause: OHKO moves are banned\n|rule|Evasion Moves Clause: Evasion moves are banned\n|rule|Gravity Sleep Clause: The combination of sleep-inducing moves with imperfect accuracy and Gravity or Gigantamax Orbeetle are banned\n|rule|Endless Battle Clause: Forcing endless battles is banned\n|rule|HP Percentage Mod: HP is shown in percentages\n|clearpoke\n|poke|p1|Tyranitar, F|\n|poke|p1|Arcanine-Hisui, M|\n|poke|p1|Drednaw, F|\n|poke|p1|Coalossal, M|\n|poke|p1|Garganacl, M|\n|poke|p1|Avalugg-Hisui, F|\n|poke|p2|Slowking, M|\n|poke|p2|Milotic, M|\n|poke|p2|Amoonguss, M|\n|poke|p2|Espeon, M|\n|poke|p2|Chimecho, F|\n|poke|p2|Ambipom, M|\n|teampreview\n|\n|t:|1698273947\n|start\n|switch|p1a: Drednaw|Drednaw, F|100\/100\n|switch|p1b: Coalossal|Coalossal, M|100\/100\n|switch|p2a: Milotic|Milotic, M|100\/100\n|switch|p2b: Chimecho|Chimecho, F|100\/100\n|turn|1\n|\n|t:|1698273964\n|move|p2a: Milotic|Coil|p2a: Milotic\n|-boost|p2a: Milotic|atk|1\n|-boost|p2a: Milotic|def|1\n|-boost|p2a: Milotic|accuracy|1\n|move|p1a: Drednaw|Surf|p2a: Milotic|[spread] p1b,p2a,p2b\n|-supereffective|p1b: Coalossal\n|-resisted|p2a: Milotic\n|-damage|p1b: Coalossal|63\/100\n|-damage|p2a: Milotic|97\/100\n|-damage|p2b: Chimecho|92\/100\n|-ability|p1b: Coalossal|Steam Engine|boost\n|-boost|p1b: Coalossal|spe|6\n|-enditem|p1b: Coalossal|Weakness Policy\n|-boost|p1b: Coalossal|atk|2|[from] item: Weakness Policy\n|-boost|p1b: Coalossal|spa|2|[from] item: Weakness Policy\n|move|p1b: Coalossal|Power Gem|p2b: Chimecho\n|-damage|p2b: Chimecho|57\/100\n|move|p2b: Chimecho|Cosmic Power|p2b: Chimecho\n|-boost|p2b: Chimecho|def|1\n|-boost|p2b: Chimecho|spd|1\n|\n|-heal|p2a: Milotic|100\/100|[from] item: Leftovers\n|upkeep\n|turn|2\n|inactive|Battle timer is ON: inactive players will automatically lose when time's up. (requested by happinyshits)\n|\n|t:|1698273992\n|-terastallize|p1b: Coalossal|Rock\n|move|p1b: Coalossal|Power Gem|p2b: Chimecho\n|-damage|p2b: Chimecho|27\/100\n|-enditem|p2b: Chimecho|Sitrus Berry|[eat]\n|-heal|p2b: Chimecho|52\/100|[from] item: Sitrus Berry\n|move|p2a: Milotic|Hypnosis|p1b: Coalossal\n|-status|p1b: Coalossal|slp|[from] move: Hypnosis\n|move|p1a: Drednaw|Crunch|p2b: Chimecho\n|-supereffective|p2b: Chimecho\n|-damage|p2b: Chimecho|0 fnt\n|faint|p2b: Chimecho\n|\n|upkeep\n|\n|t:|1698274011\n|switch|p2b: Slowking|Slowking, M|100\/100\n|turn|3\n|\n|t:|1698274025\n|cant|p1b: Coalossal|slp\n|move|p2a: Milotic|Coil|p2a: Milotic\n|-boost|p2a: Milotic|atk|1\n|-boost|p2a: Milotic|def|1\n|-boost|p2a: Milotic|accuracy|1\n|move|p1a: Drednaw|Stealth Rock|p2b: Slowking\n|-sidestart|p2: happinyshits|move: Stealth Rock\n|move|p2b: Slowking|Trick Room|p2b: Slowking\n|-fieldstart|move: Trick Room|[of] p2b: Slowking\n|\n|upkeep\n|turn|4\n|\n|t:|1698274045\n|move|p2b: Slowking|Psych Up|p2a: Milotic\n|-copyboost|p2b: Slowking|p2a: Milotic|[from] move: Psych Up\n|move|p1a: Drednaw|Crunch|p2b: Slowking\n|-supereffective|p2b: Slowking\n|-damage|p2b: Slowking|70\/100\n|move|p2a: Milotic|Waterfall|p1b: Coalossal\n|-supereffective|p1b: Coalossal\n|-damage|p1b: Coalossal|2\/100 slp\n|cant|p1b: Coalossal|slp\n|\n|-heal|p2b: Slowking|76\/100|[from] item: Leftovers\n|upkeep\n|turn|5\n|\n|t:|1698274060\n|move|p2b: Slowking|Psych Up|p1b: Coalossal\n|-copyboost|p2b: Slowking|p1b: Coalossal|[from] move: Psych Up\n|move|p1a: Drednaw|Crunch|p2b: Slowking\n|-supereffective|p2b: Slowking\n|-damage|p2b: Slowking|14\/100\n|move|p2a: Milotic|Coil|p2a: Milotic\n|-boost|p2a: Milotic|atk|1\n|-boost|p2a: Milotic|def|1\n|-boost|p2a: Milotic|accuracy|1\n|cant|p1b: Coalossal|slp\n|\n|-heal|p2b: Slowking|20\/100|[from] item: Leftovers\n|upkeep\n|turn|6\n|\n|t:|1698274082\n|move|p1a: Drednaw|Crunch|p2b: Slowking\n|-supereffective|p2b: Slowking\n|-damage|p2b: Slowking|0 fnt\n|faint|p2b: Slowking\n|move|p2a: Milotic|Waterfall|p1b: Coalossal\n|-supereffective|p1b: Coalossal\n|-damage|p1b: Coalossal|0 fnt\n|faint|p1b: Coalossal\n|\n|upkeep\n|\n|t:|1698274092\n|switch|p2b: Ambipom|Ambipom, M|100\/100\n|switch|p1b: Garganacl|Garganacl, M|100\/100\n|turn|7\n|\n|t:|1698274108\n|move|p2b: Ambipom|Fake Out|p1b: Garganacl\n|-resisted|p1b: Garganacl\n|-damage|p1b: Garganacl|92\/100\n|cant|p1b: Garganacl|flinch\n|move|p1a: Drednaw|Crunch|p2b: Ambipom\n|-damage|p2b: Ambipom|31\/100\n|move|p2a: Milotic|Hypnosis|p1a: Drednaw\n|-status|p1a: Drednaw|slp|[from] move: Hypnosis\n|\n|-heal|p1b: Garganacl|99\/100|[from] item: Leftovers\n|-fieldend|move: Trick Room\n|upkeep\n|turn|8\n|\n|t:|1698274129\n|move|p2b: Ambipom|Helping Hand|p2a: Milotic\n|-singleturn|p2a: Milotic|Helping Hand|[of] p2b: Ambipom\n|move|p2a: Milotic|Waterfall|p1b: Garganacl\n|-supereffective|p1b: Garganacl\n|-damage|p1b: Garganacl|20\/100\n|cant|p1a: Drednaw|slp\n|move|p1b: Garganacl|Salt Cure|p2a: Milotic\n|-damage|p2a: Milotic|95\/100\n|-start|p2a: Milotic|Salt Cure\n|\n|-heal|p2a: Milotic|100\/100|[from] item: Leftovers\n|-heal|p1b: Garganacl|26\/100|[from] item: Leftovers\n|-damage|p2a: Milotic|76\/100|[from] Salt Cure\n|upkeep\n|turn|9\n|\n|t:|1698274148\n|move|p2b: Ambipom|U-turn|p1a: Drednaw\n|-damage|p1a: Drednaw|80\/100 slp\n|\n|t:|1698274163\n|switch|p2b: Espeon|Espeon, M|100\/100|[from] U-turn\n|-damage|p2b: Espeon|88\/100|[from] Stealth Rock\n|move|p2a: Milotic|Waterfall|p1b: Garganacl\n|-supereffective|p1b: Garganacl\n|-damage|p1b: Garganacl|0 fnt\n|faint|p1b: Garganacl\n|-curestatus|p1a: Drednaw|slp|[msg]\n|move|p1a: Drednaw|Crunch|p2b: Espeon\n|-supereffective|p2b: Espeon\n|-damage|p2b: Espeon|0 fnt\n|faint|p2b: Espeon\n|\n|-heal|p2a: Milotic|82\/100|[from] item: Leftovers\n|-damage|p2a: Milotic|57\/100|[from] Salt Cure\n|upkeep\n|\n|t:|1698274181\n|switch|p2b: Ambipom|Ambipom, M|31\/100\n|switch|p1b: Tyranitar|Tyranitar, F|100\/100\n|-weather|Sandstorm|[from] ability: Sand Stream|[of] p1b: Tyranitar\n|turn|10\n|\n|t:|1698274206\n|move|p2b: Ambipom|Fake Out|p1a: Drednaw\n|-resisted|p1a: Drednaw\n|-damage|p1a: Drednaw|65\/100\n|move|p2a: Milotic|Hypnosis|p1b: Tyranitar\n|-status|p1b: Tyranitar|slp|[from] move: Hypnosis\n|cant|p1a: Drednaw|flinch\n|cant|p1b: Tyranitar|slp\n|\n|-weather|Sandstorm|[upkeep]\n|-damage|p2b: Ambipom|24\/100|[from] Sandstorm\n|-damage|p2a: Milotic|51\/100|[from] Sandstorm\n|-heal|p2a: Milotic|57\/100|[from] item: Leftovers\n|-damage|p2a: Milotic|32\/100|[from] Salt Cure\n|upkeep\n|turn|11\n|\n|t:|1698274222\n|move|p2b: Ambipom|U-turn|p1b: Tyranitar\n|-supereffective|p1b: Tyranitar\n|-damage|p1b: Tyranitar|64\/100 slp\n|\n|t:|1698274225\n|switch|p2b: Amoonguss|Amoonguss, M|100\/100|[from] U-turn\n|-damage|p2b: Amoonguss|88\/100|[from] Stealth Rock\n|move|p2a: Milotic|Recover|p2a: Milotic\n|-heal|p2a: Milotic|82\/100\n|move|p1a: Drednaw|Crunch|p2b: Amoonguss\n|-damage|p2b: Amoonguss|56\/100\n|-curestatus|p1b: Tyranitar|slp|[msg]\n|move|p1b: Tyranitar|Knock Off|p2a: Milotic\n|-damage|p2a: Milotic|60\/100\n|-enditem|p2a: Milotic|Leftovers|[from] move: Knock Off|[of] p1b: Tyranitar\n|\n|-weather|Sandstorm|[upkeep]\n|-damage|p2a: Milotic|54\/100|[from] Sandstorm\n|-damage|p2b: Amoonguss|50\/100|[from] Sandstorm\n|-enditem|p2b: Amoonguss|Sitrus Berry|[eat]\n|-heal|p2b: Amoonguss|74\/100|[from] item: Sitrus Berry\n|-damage|p2a: Milotic|29\/100|[from] Salt Cure\n|upkeep\n|turn|12\n|\n|t:|1698274247\n|move|p2a: Milotic|Recover|p2a: Milotic\n|-heal|p2a: Milotic|79\/100\n|move|p1a: Drednaw|Ice Fang|p2b: Amoonguss\n|-supereffective|p2b: Amoonguss\n|-damage|p2b: Amoonguss|18\/100\n|move|p1b: Tyranitar|Fire Punch|p2b: Amoonguss\n|-supereffective|p2b: Amoonguss\n|-damage|p2b: Amoonguss|0 fnt\n|faint|p2b: Amoonguss\n|\n|-weather|Sandstorm|[upkeep]\n|-damage|p2a: Milotic|73\/100|[from] Sandstorm\n|-damage|p2a: Milotic|48\/100|[from] Salt Cure\n|upkeep\n|\n|t:|1698274256\n|switch|p2b: Ambipom|Ambipom, M|24\/100\n|turn|13\n|\n|t:|1698274270\n|move|p2b: Ambipom|Fake Out|p1a: Drednaw\n|-resisted|p1a: Drednaw\n|-damage|p1a: Drednaw|51\/100\n|move|p2a: Milotic|Waterfall|p1b: Tyranitar\n|-supereffective|p1b: Tyranitar\n|-damage|p1b: Tyranitar|0 fnt\n|faint|p1b: Tyranitar\n|cant|p1a: Drednaw|flinch\n|\n|-weather|Sandstorm|[upkeep]\n|-damage|p2b: Ambipom|18\/100|[from] Sandstorm\n|-damage|p2a: Milotic|42\/100|[from] Sandstorm\n|-damage|p2a: Milotic|17\/100|[from] Salt Cure\n|upkeep\n|\n|t:|1698274281\n|switch|p1b: Arcanine|Arcanine-Hisui, M|100\/100\n|turn|14\n|inactive|happinyshits has 120 seconds left.\n|\n|t:|1698274328\n|move|p2b: Ambipom|Helping Hand|p2a: Milotic\n|-singleturn|p2a: Milotic|Helping Hand|[of] p2b: Ambipom\n|move|p1b: Arcanine|Wild Charge|p2a: Milotic\n|-supereffective|p2a: Milotic\n|-damage|p2a: Milotic|0 fnt\n|faint|p2a: Milotic\n|-damage|p1b: Arcanine|91\/100|[from] item: Life Orb\n|move|p1a: Drednaw|Crunch|p2b: Ambipom\n|-damage|p2b: Ambipom|0 fnt\n|faint|p2b: Ambipom\n|\n|win|Critian Caceorte\n|raw|Critian Caceorte's rating: 1119 &rarr; <strong>1138<\/strong><br \/>(+19 for winning)\n|raw|happinyshits's rating: 1037 &rarr; <strong>1025<\/strong><br \/>(-12 for losing)\n|c|\u2606Critian Caceorte|gg\n","uploadtime":1698274342,"views":15,"p1id":"critiancaceorte","p2id":"happinyshits","formatid":"gen9doublesou","rating":1025,"private":0,"password":""}