{"id":"gen9doublesou-1984093583","p1":"oliverdagoat","p2":"ThiccDaikon","format":"[Gen 9] Doubles OU","log":"|j|\u2606oliverdagoat\n|j|\u2606ThiccDaikon\n|t:|1699217989\n|gametype|doubles\n|player|p1|oliverdagoat|169|1213\n|player|p2|ThiccDaikon|266|1186\n|teamsize|p1|6\n|teamsize|p2|6\n|gen|9\n|tier|[Gen 9] Doubles OU\n|rated|\n|rule|Species Clause: Limit one of each Pok\u00e9mon\n|rule|OHKO Clause: OHKO moves are banned\n|rule|Evasion Moves Clause: Evasion moves are banned\n|rule|Gravity Sleep Clause: The combination of sleep-inducing moves with imperfect accuracy and Gravity or Gigantamax Orbeetle are banned\n|rule|Endless Battle Clause: Forcing endless battles is banned\n|rule|HP Percentage Mod: HP is shown in percentages\n|clearpoke\n|poke|p1|Snorlax, M|\n|poke|p1|Sinistcha-Masterpiece|\n|poke|p1|Clefairy, F|\n|poke|p1|Kommo-o, M|\n|poke|p1|Iron Hands|\n|poke|p1|Chien-Pao|\n|poke|p2|Sinistcha-Masterpiece|\n|poke|p2|Conkeldurr, F|\n|poke|p2|Garganacl, M|\n|poke|p2|Torkoal, F|\n|poke|p2|Cresselia, F|\n|poke|p2|Clefairy, F|\n|teampreview\n|inactive|Battle timer is ON: inactive players will automatically lose when time's up. (requested by oliverdagoat)\n|\n|t:|1699218007\n|start\n|switch|p1a: Snorlax|Snorlax, M|100\/100\n|switch|p1b: Chien-Pao|Chien-Pao|100\/100\n|switch|p2a: Clefairy|Clefairy, F|100\/100\n|switch|p2b: Torkoal|Torkoal, F|100\/100\n|-ability|p1b: Chien-Pao|Sword of Ruin\n|-weather|SunnyDay|[from] ability: Drought|[of] p2b: Torkoal\n|turn|1\n|c|\u2606ThiccDaikon|Wolfey team\n|inactive|oliverdagoat has 120 seconds left.\n|\n|t:|1699218064\n|-terastallize|p2b: Torkoal|Fire\n|move|p2a: Clefairy|Follow Me|p2a: Clefairy\n|-singleturn|p2a: Clefairy|move: Follow Me\n|move|p1b: Chien-Pao|Icicle Crash|p2a: Clefairy\n|-damage|p2a: Clefairy|10\/100\n|move|p1a: Snorlax|Belly Drum|p1a: Snorlax\n|-damage|p1a: Snorlax|50\/100\n|-setboost|p1a: Snorlax|atk|6|[from] move: Belly Drum\n|-enditem|p1a: Snorlax|Sitrus Berry|[eat]\n|-heal|p1a: Snorlax|75\/100|[from] item: Sitrus Berry\n|move|p2b: Torkoal|Eruption|p1b: Chien-Pao|[spread] p1a,p1b\n|-supereffective|p1b: Chien-Pao\n|-damage|p1a: Snorlax|49\/100\n|-damage|p1b: Chien-Pao|0 fnt\n|faint|p1b: Chien-Pao\n|\n|-weather|SunnyDay|[upkeep]\n|upkeep\n|\n|t:|1699218069\n|switch|p1b: Sinistcha|Sinistcha-Masterpiece|100\/100\n|-heal|p1a: Snorlax|74\/100|[from] ability: Hospitality|[of] p1b: Sinistcha\n|turn|2\n|inactive|oliverdagoat has 120 seconds left.\n|inactive|ThiccDaikon has 120 seconds left.\n|inactive|oliverdagoat has 90 seconds left.\n|\n|t:|1699218118\n|switch|p2a: Garganacl|Garganacl, M|100\/100\n|switch|p2b: Sinistcha|Sinistcha-Masterpiece|100\/100\n|move|p1b: Sinistcha|Matcha Gotcha|p2a: Garganacl|[spread] p2a,p2b\n|-supereffective|p2a: Garganacl\n|-resisted|p2b: Sinistcha\n|-damage|p2a: Garganacl|54\/100\n|-damage|p2b: Sinistcha|85\/100\n|-status|p2b: Sinistcha|brn\n|move|p1a: Snorlax|Facade|p2b: Sinistcha\n|-immune|p2b: Sinistcha\n|\n|-weather|SunnyDay|[upkeep]\n|-damage|p2b: Sinistcha|79\/100 brn|[from] brn\n|upkeep\n|turn|3\n|inactive|oliverdagoat has 90 seconds left.\n|inactive|ThiccDaikon has 120 seconds left.\n|\n|t:|1699218154\n|move|p1b: Sinistcha|Matcha Gotcha|p2a: Garganacl|[spread] p2a,p2b\n|-supereffective|p2a: Garganacl\n|-resisted|p2b: Sinistcha\n|-damage|p2a: Garganacl|11\/100\n|-damage|p2b: Sinistcha|66\/100 brn\n|move|p2a: Garganacl|Stealth Rock|p1a: Snorlax\n|-sidestart|p1: oliverdagoat|move: Stealth Rock\n|move|p1a: Snorlax|Crunch|p2b: Sinistcha\n|-supereffective|p2b: Sinistcha\n|-damage|p2b: Sinistcha|0 fnt\n|faint|p2b: Sinistcha\n|\n|-weather|SunnyDay|[upkeep]\n|upkeep\n|\n|t:|1699218168\n|switch|p2b: Cresselia|Cresselia, F|100\/100\n|turn|4\n|inactive|ThiccDaikon has 120 seconds left.\n|inactive|oliverdagoat has 90 seconds left.\n|\n|t:|1699218214\n|move|p1b: Sinistcha|Matcha Gotcha|p2b: Cresselia|[spread] p2a,p2b\n|-supereffective|p2a: Garganacl\n|-damage|p2a: Garganacl|0 fnt\n|-damage|p2b: Cresselia|88\/100\n|faint|p2a: Garganacl\n|move|p1a: Snorlax|Crunch|p2b: Cresselia\n|-supereffective|p2b: Cresselia\n|-damage|p2b: Cresselia|0 fnt\n|faint|p2b: Cresselia\n|\n|-weather|SunnyDay|[upkeep]\n|upkeep\n|inactive|ThiccDaikon has 120 seconds left.\n|\n|t:|1699218244\n|switch|p2b: Clefairy|Clefairy, F|10\/100\n|switch|p2a: Conkeldurr|Conkeldurr, F|100\/100\n|turn|5\n|inactive|oliverdagoat has 90 seconds left.\n|\n|t:|1699218261\n|move|p2b: Clefairy|Helping Hand|p2a: Conkeldurr\n|-singleturn|p2a: Conkeldurr|Helping Hand|[of] p2b: Clefairy\n|move|p1b: Sinistcha|Matcha Gotcha|p2b: Clefairy|[spread] p2a,p2b\n|-damage|p2a: Conkeldurr|78\/100\n|-damage|p2b: Clefairy|0 fnt\n|faint|p2b: Clefairy\n|move|p2a: Conkeldurr|Hammer Arm|p1a: Snorlax|[miss]\n|-miss|p2a: Conkeldurr|p1a: Snorlax\n|move|p1a: Snorlax|Facade|p2a: Conkeldurr\n|-damage|p2a: Conkeldurr|0 fnt\n|faint|p2a: Conkeldurr\n|\n|-weather|none\n|upkeep\n|-message|ThiccDaikon forfeited.\n|\n|win|oliverdagoat\n|raw|oliverdagoat's rating: 1213 &rarr; <strong>1236<\/strong><br \/>(+23 for winning)\n|raw|ThiccDaikon's rating: 1186 &rarr; <strong>1163<\/strong><br \/>(-23 for losing)\n|l|\u2606ThiccDaikon\n","uploadtime":1699218276,"views":8,"p1id":"oliverdagoat","p2id":"thiccdaikon","formatid":"gen9doublesou","rating":1163,"private":0,"password":""}