{"id":"gen9doublesou-1983700043","p1":"Undead_Redhead","p2":"MugiwaraVergil","format":"[Gen 9] Doubles OU","log":"|j|\u2606Undead_Redhead\n|j|\u2606MugiwaraVergil\n|t:|1699163193\n|gametype|doubles\n|player|p1|Undead_Redhead|flannery|\n|player|p2|MugiwaraVergil|cynthia-gen4|\n|teamsize|p1|6\n|teamsize|p2|6\n|gen|9\n|tier|[Gen 9] Doubles OU\n|rule|Species Clause: Limit one of each Pok\u00e9mon\n|rule|OHKO Clause: OHKO moves are banned\n|rule|Evasion Moves Clause: Evasion moves are banned\n|rule|Gravity Sleep Clause: The combination of sleep-inducing moves with imperfect accuracy and Gravity or Gigantamax Orbeetle are banned\n|rule|Endless Battle Clause: Forcing endless battles is banned\n|rule|HP Percentage Mod: HP is shown in percentages\n|clearpoke\n|poke|p1|Armarouge, M|\n|poke|p1|Indeedee-F, F|\n|poke|p1|Slowbro, F|\n|poke|p1|Gardevoir, F|\n|poke|p1|Bronzong|\n|poke|p1|Ceruledge, M|\n|poke|p2|Tyranitar, F|\n|poke|p2|Garchomp, M|\n|poke|p2|Gastrodon, F|\n|poke|p2|Ursaluna, F|\n|poke|p2|Probopass, M|\n|poke|p2|Landorus, M|\n|teampreview\n|\n|t:|1699163203\n|start\n|switch|p1a: Armarouge|Armarouge, M|100\/100\n|switch|p1b: Indeedee|Indeedee-F, F|100\/100\n|switch|p2a: Tyranitar|Tyranitar, F|100\/100\n|switch|p2b: Garchomp|Garchomp, M|100\/100\n|-fieldstart|move: Psychic Terrain|[from] ability: Psychic Surge|[of] p1b: Indeedee\n|-enditem|p1b: Indeedee|Psychic Seed\n|-boost|p1b: Indeedee|spd|1|[from] item: Psychic Seed\n|-weather|Sandstorm|[from] ability: Sand Stream|[of] p2a: Tyranitar\n|turn|1\n|\n|t:|1699163236\n|move|p1a: Armarouge|Protect|p1a: Armarouge\n|-singleturn|p1a: Armarouge|Protect\n|move|p2b: Garchomp|Poison Jab|p1a: Armarouge\n|-activate|p1a: Armarouge|move: Protect\n|move|p2a: Tyranitar|Knock Off|p1b: Indeedee\n|-supereffective|p1b: Indeedee\n|-damage|p1b: Indeedee|13\/100\n|move|p1b: Indeedee|Trick Room|p1b: Indeedee\n|-fieldstart|move: Trick Room|[of] p1b: Indeedee\n|\n|-weather|Sandstorm|[upkeep]\n|-damage|p1b: Indeedee|7\/100|[from] Sandstorm\n|-damage|p1a: Armarouge|94\/100|[from] Sandstorm\n|upkeep\n|turn|2\n|\n|t:|1699163271\n|move|p2a: Tyranitar|Rock Tomb|p1a: Armarouge\n|-supereffective|p1a: Armarouge\n|-damage|p1a: Armarouge|27\/100\n|-unboost|p1a: Armarouge|spe|1\n|-enditem|p1a: Armarouge|Weakness Policy\n|-boost|p1a: Armarouge|atk|2|[from] item: Weakness Policy\n|-boost|p1a: Armarouge|spa|2|[from] item: Weakness Policy\n|move|p1a: Armarouge|Expanding Force|p2b: Garchomp|[spread] p2b\n|-immune|p2a: Tyranitar\n|-damage|p2b: Garchomp|0 fnt\n|faint|p2b: Garchomp\n|move|p1b: Indeedee|Dazzling Gleam|p2a: Tyranitar\n|-supereffective|p2a: Tyranitar\n|-damage|p2a: Tyranitar|87\/100\n|\n|-weather|Sandstorm|[upkeep]\n|-damage|p1a: Armarouge|21\/100|[from] Sandstorm\n|-damage|p1b: Indeedee|1\/100|[from] Sandstorm\n|upkeep\n|\n|t:|1699163307\n|switch|p2b: Ursaluna|Ursaluna, F|100\/100\n|turn|3\n|\n|t:|1699163336\n|move|p1b: Indeedee|Helping Hand|p1a: Armarouge\n|-singleturn|p1a: Armarouge|Helping Hand|[of] p1b: Indeedee\n|move|p1a: Armarouge|Energy Ball|p2a: Tyranitar\n|-supereffective|p2a: Tyranitar\n|-damage|p2a: Tyranitar|15\/100\n|move|p2b: Ursaluna|Earthquake|p1b: Indeedee|[spread] p2a,p1a,p1b\n|-supereffective|p2a: Tyranitar\n|-supereffective|p1a: Armarouge\n|-damage|p2a: Tyranitar|0 fnt\n|-damage|p1a: Armarouge|0 fnt\n|-damage|p1b: Indeedee|0 fnt\n|faint|p2a: Tyranitar\n|faint|p1a: Armarouge\n|faint|p1b: Indeedee\n|\n|-weather|Sandstorm|[upkeep]\n|upkeep\n|\n|t:|1699163367\n|switch|p2a: Landorus|Landorus, M|100\/100\n|switch|p1b: Bronzong|Bronzong|100\/100\n|switch|p1a: Slowbro|Slowbro, F|100\/100\n|turn|4\n|\n|t:|1699163402\n|move|p1b: Bronzong|Gyro Ball|p2a: Landorus\n|-damage|p2a: Landorus|24\/100\n|-enditem|p2a: Landorus|Sitrus Berry|[eat]\n|-heal|p2a: Landorus|49\/100|[from] item: Sitrus Berry\n|move|p1a: Slowbro|Calm Mind|p1a: Slowbro\n|-boost|p1a: Slowbro|spa|1\n|-boost|p1a: Slowbro|spd|1\n|move|p2b: Ursaluna|Earthquake|p1b: Bronzong|[spread] p1a\n|-immune|p2a: Landorus\n|-immune|p1b: Bronzong|[from] ability: Levitate\n|-damage|p1a: Slowbro|62\/100\n|move|p2a: Landorus|Sandsear Storm|p1a: Slowbro|[spread] p1a\n|-immune|p1b: Bronzong|[from] ability: Levitate\n|-damage|p1a: Slowbro|39\/100\n|\n|-weather|Sandstorm|[upkeep]\n|-damage|p1a: Slowbro|32\/100|[from] Sandstorm\n|-heal|p1a: Slowbro|39\/100|[from] item: Leftovers\n|upkeep\n|turn|5\n|\n|t:|1699163438\n|-terastallize|p2a: Landorus|Ground\n|move|p1b: Bronzong|Zen Headbutt|p2a: Landorus\n|-damage|p2a: Landorus|8\/100\n|move|p1a: Slowbro|Chilling Water|p2b: Ursaluna\n|-supereffective|p2b: Ursaluna\n|-damage|p2b: Ursaluna|40\/100\n|-unboost|p2b: Ursaluna|atk|1\n|-enditem|p2b: Ursaluna|Eject Pack\n|\n|t:|1699163451\n|switch|p2b: Gastrodon|Gastrodon, F|100\/100\n|move|p2a: Landorus|Fly||[still]\n|-prepare|p2a: Landorus|Fly\n|\n|-weather|none\n|-heal|p1a: Slowbro|45\/100|[from] item: Leftovers\n|-fieldend|move: Trick Room\n|-fieldend|move: Psychic Terrain\n|upkeep\n|turn|6\n|\n|t:|1699163477\n|move|p2a: Landorus|Fly|p1a: Slowbro|[from]lockedmove\n|-damage|p1a: Slowbro|7\/100\n|move|p2b: Gastrodon|Ice Beam|p1b: Bronzong\n|-resisted|p1b: Bronzong\n|-damage|p1b: Bronzong|89\/100\n|move|p1a: Slowbro|Stored Power|p2a: Landorus\n|-damage|p2a: Landorus|0 fnt\n|faint|p2a: Landorus\n|move|p1b: Bronzong|Trick Room|p1b: Bronzong\n|-fieldstart|move: Trick Room|[of] p1b: Bronzong\n|\n|-heal|p1a: Slowbro|13\/100|[from] item: Leftovers\n|upkeep\n|\n|t:|1699163493\n|switch|p2a: Ursaluna|Ursaluna, F|40\/100\n|turn|7\n|\n|t:|1699163513\n|move|p1b: Bronzong|Zen Headbutt|p2a: Ursaluna\n|-damage|p2a: Ursaluna|17\/100\n|move|p1a: Slowbro|Stored Power|p2b: Gastrodon\n|-damage|p2b: Gastrodon|59\/100\n|move|p2b: Gastrodon|Surf|p1b: Bronzong|[spread] p2a,p1a,p1b\n|-supereffective|p2a: Ursaluna\n|-resisted|p1a: Slowbro\n|-damage|p2a: Ursaluna|0 fnt\n|-damage|p1a: Slowbro|2\/100\n|-damage|p1b: Bronzong|62\/100\n|faint|p2a: Ursaluna\n|\n|-heal|p1a: Slowbro|8\/100|[from] item: Leftovers\n|upkeep\n|\n|t:|1699163531\n|switch|p2a: Probopass|Probopass, M|100\/100\n|turn|8\n|\n|t:|1699163601\n|move|p2a: Probopass|Wide Guard|p2a: Probopass\n|-singleturn|p2a: Probopass|Wide Guard\n|move|p1b: Bronzong|Zen Headbutt|p2b: Gastrodon\n|-damage|p2b: Gastrodon|24\/100\n|-enditem|p2b: Gastrodon|Sitrus Berry|[eat]\n|-heal|p2b: Gastrodon|48\/100|[from] item: Sitrus Berry\n|move|p1a: Slowbro|Stored Power|p2b: Gastrodon\n|-damage|p2b: Gastrodon|10\/100\n|move|p2b: Gastrodon|Dig||[still]\n|-prepare|p2b: Gastrodon|Dig\n|\n|-heal|p1a: Slowbro|14\/100|[from] item: Leftovers\n|upkeep\n|turn|9\n|\n|t:|1699163629\n|move|p1b: Bronzong|Gyro Ball|p2a: Probopass\n|-crit|p2a: Probopass\n|-damage|p2a: Probopass|73\/100\n|move|p1a: Slowbro|Chilling Water|p2b: Gastrodon|[miss]\n|-activate|p2b: Gastrodon|ability: Storm Drain\n|-miss|p1a: Slowbro|p2b: Gastrodon\n|move|p2b: Gastrodon|Dig|p1a: Slowbro|[from]lockedmove\n|-damage|p1a: Slowbro|0 fnt\n|faint|p1a: Slowbro\n|move|p2a: Probopass|Body Press|p1b: Bronzong\n|-damage|p1b: Bronzong|31\/100\n|\n|-heal|p2a: Probopass|79\/100|[from] item: Leftovers\n|upkeep\n|\n|t:|1699163647\n|switch|p1a: Gardevoir|Gardevoir, F|100\/100\n|-ability|p1a: Gardevoir|Sand Force|[from] ability: Trace|[of] p2a: Probopass\n|turn|10\n|\n|t:|1699163660\n|move|p1b: Bronzong|Zen Headbutt|p2b: Gastrodon\n|-damage|p2b: Gastrodon|0 fnt\n|faint|p2b: Gastrodon\n|move|p2a: Probopass|Body Press|p1b: Bronzong\n|-damage|p1b: Bronzong|0 fnt\n|faint|p1b: Bronzong\n|move|p1a: Gardevoir|Trick|p2a: Probopass\n|-activate|p1a: Gardevoir|move: Trick|[of] p2a: Probopass\n|-item|p2a: Probopass|Choice Scarf|[from] move: Trick\n|-item|p1a: Gardevoir|Leftovers|[from] move: Trick\n|\n|-fieldend|move: Trick Room\n|upkeep\n|\n|t:|1699163674\n|switch|p1b: Ceruledge|Ceruledge, M|100\/100\n|turn|11\n|\n|t:|1699163691\n|move|p1b: Ceruledge|Bitter Blade|p2a: Probopass\n|-damage|p2a: Probopass|47\/100\n|move|p1a: Gardevoir|Mystical Fire|p2a: Probopass\n|-damage|p2a: Probopass|23\/100\n|-unboost|p2a: Probopass|spa|1\n|move|p2a: Probopass|Body Press|p1a: Gardevoir\n|-resisted|p1a: Gardevoir\n|-damage|p1a: Gardevoir|87\/100\n|\n|-heal|p1a: Gardevoir|93\/100|[from] item: Leftovers\n|upkeep\n|turn|12\n|\n|t:|1699163709\n|move|p1b: Ceruledge|Bitter Blade|p2a: Probopass\n|-damage|p2a: Probopass|0 fnt\n|faint|p2a: Probopass\n|\n|win|Undead_Redhead\n","uploadtime":1699163716,"views":11,"p1id":"undeadredhead","p2id":"mugiwaravergil","formatid":"gen9doublesou","rating":0,"private":0,"password":""}