{"id":"gen9doublesou-1983338042","p1":"MattCol","p2":"gonegeb","format":"[Gen 9] Doubles OU","log":"|j|\u2606MattCol\n|j|\u2606gonegeb\n|t:|1699119684\n|gametype|doubles\n|player|p1|MattCol|102|\n|player|p2|gonegeb|alain|\n|teamsize|p1|6\n|teamsize|p2|6\n|gen|9\n|tier|[Gen 9] Doubles OU\n|rule|Species Clause: Limit one of each Pok\u00e9mon\n|rule|OHKO Clause: OHKO moves are banned\n|rule|Evasion Moves Clause: Evasion moves are banned\n|rule|Gravity Sleep Clause: The combination of sleep-inducing moves with imperfect accuracy and Gravity or Gigantamax Orbeetle are banned\n|rule|Endless Battle Clause: Forcing endless battles is banned\n|rule|HP Percentage Mod: HP is shown in percentages\n|clearpoke\n|poke|p1|Quaquaval, M|\n|poke|p1|Baxcalibur, F|\n|poke|p1|Cinderace, M|\n|poke|p1|Slowbro-Galar, M|\n|poke|p1|Zarude-Dada|\n|poke|p1|Ditto|\n|poke|p2|Lucario, M|\n|poke|p2|Umbreon, M|\n|poke|p2|Arcanine, F|\n|poke|p2|Ceruledge, M|\n|poke|p2|Maushold|\n|poke|p2|Fezandipiti, M|\n|teampreview\n|\n|t:|1699119707\n|start\n|switch|p1a: Cinderace|Cinderace, M|100\/100\n|switch|p1b: Slowbro|Slowbro-Galar, M|100\/100\n|switch|p2a: Tourmaline|Fezandipiti, M|100\/100\n|switch|p2b: Howlite|Maushold|100\/100\n|turn|1\n|\n|t:|1699119729\n|move|p2b: Howlite|Follow Me|p2b: Howlite\n|-singleturn|p2b: Howlite|move: Follow Me\n|move|p1a: Cinderace|Taunt|p2b: Howlite\n|-start|p1a: Cinderace|typechange|Dark|[from] ability: Libero\n|-start|p2b: Howlite|move: Taunt\n|move|p2a: Tourmaline|Tailwind|p2a: Tourmaline\n|-sidestart|p2: gonegeb|move: Tailwind\n|move|p1b: Slowbro|Psychic|p2b: Howlite\n|-damage|p2b: Howlite|50\/100\n|-enditem|p2b: Howlite|Sitrus Berry|[eat]\n|-heal|p2b: Howlite|75\/100|[from] item: Sitrus Berry\n|-heal|p2b: Howlite|100\/100|[from] ability: Cheek Pouch\n|\n|upkeep\n|turn|2\n|\n|t:|1699119785\n|switch|p2b: Obsidian|Ceruledge, M, shiny|100\/100\n|move|p2a: Tourmaline|Taunt|p1a: Cinderace\n|-start|p1a: Cinderace|move: Taunt\n|move|p1a: Cinderace|Pyro Ball|p2a: Tourmaline\n|-damage|p2a: Tourmaline|64\/100\n|-status|p2a: Tourmaline|brn\n|move|p1b: Slowbro|Nasty Plot|p1b: Slowbro\n|-boost|p1b: Slowbro|spa|2\n|\n|-damage|p2a: Tourmaline|58\/100 brn|[from] brn\n|upkeep\n|turn|3\n|\n|t:|1699119833\n|switch|p1a: Ditto|Ditto|100\/100\n|-transform|p1a: Ditto|p2b: Obsidian|[from] ability: Imposter\n|move|p2a: Tourmaline|Taunt|p1b: Slowbro\n|-start|p1b: Slowbro|move: Taunt\n|move|p2b: Obsidian|Bulk Up|p2b: Obsidian\n|-boost|p2b: Obsidian|atk|1\n|-boost|p2b: Obsidian|def|1\n|move|p1b: Slowbro|Psychic|p2a: Tourmaline\n|-supereffective|p2a: Tourmaline\n|-damage|p2a: Tourmaline|0 fnt\n|faint|p2a: Tourmaline\n|\n|upkeep\n|\n|t:|1699119850\n|switch|p2a: Pryna|Arcanine, F, shiny|100\/100\n|-ability|p2a: Pryna|Intimidate|boost\n|-unboost|p1a: Ditto|atk|1\n|-unboost|p1b: Slowbro|atk|1\n|turn|4\n|-activate|p1b: Slowbro|ability: Quick Draw\n|\n|t:|1699119908\n|move|p1a: Ditto|Shadow Sneak|p2b: Obsidian\n|-supereffective|p2b: Obsidian\n|-damage|p2b: Obsidian|84\/100\n|-enditem|p2b: Obsidian|Weakness Policy\n|-boost|p2b: Obsidian|atk|2|[from] item: Weakness Policy\n|-boost|p2b: Obsidian|spa|2|[from] item: Weakness Policy\n|move|p1b: Slowbro|Surf|p2b: Obsidian|[spread] p1a,p2a,p2b\n|-supereffective|p1a: Ditto\n|-supereffective|p2a: Pryna\n|-supereffective|p2b: Obsidian\n|-damage|p1a: Ditto|28\/100\n|-damage|p2a: Pryna|2\/100\n|-damage|p2b: Obsidian|20\/100\n|-enditem|p2a: Pryna|Sitrus Berry|[eat]\n|-heal|p2a: Pryna|27\/100|[from] item: Sitrus Berry\n|move|p2a: Pryna|Flare Blitz|p2b: Obsidian\n|-start|p2b: Obsidian|ability: Flash Fire\n|move|p2b: Obsidian|Bitter Blade|p1b: Slowbro\n|-damage|p1b: Slowbro|0 fnt\n|-heal|p2b: Obsidian|75\/100|[from] drain|[of] p1b: Slowbro\n|faint|p1b: Slowbro\n|\n|-sideend|p2: gonegeb|move: Tailwind\n|upkeep\n|\n|t:|1699119957\n|switch|p1b: Baxcalibur|Baxcalibur, F|100\/100\n|turn|5\n|\n|t:|1699120261\n|-terastallize|p1b: Baxcalibur|Fairy\n|move|p1a: Ditto|Shadow Sneak|p2b: Obsidian\n|-supereffective|p2b: Obsidian\n|-damage|p2b: Obsidian|56\/100\n|move|p1b: Baxcalibur|Earthquake|p2a: Pryna|[spread] p1a,p2a,p2b\n|-supereffective|p1a: Ditto\n|-supereffective|p2a: Pryna\n|-supereffective|p2b: Obsidian\n|-damage|p1a: Ditto|0 fnt\n|-damage|p2a: Pryna|0 fnt\n|-damage|p2b: Obsidian|8\/100\n|faint|p1a: Ditto\n|faint|p2a: Pryna\n|move|p2b: Obsidian|Bitter Blade|p1b: Baxcalibur\n|-damage|p1b: Baxcalibur|0 fnt\n|-heal|p2b: Obsidian|60\/100|[from] drain|[of] p1b: Baxcalibur\n|faint|p1b: Baxcalibur\n|\n|upkeep\n|\n|t:|1699120297\n|switch|p1b: Quaquaval|Quaquaval, M|100\/100\n|switch|p2a: Anubis|Lucario, M|100\/100\n|switch|p1a: Cinderace|Cinderace, M|100\/100\n|turn|6\n|\n|t:|1699120319\n|-terastallize|p2b: Obsidian|Fairy\n|move|p2a: Anubis|Protect|p2a: Anubis\n|-singleturn|p2a: Anubis|Protect\n|move|p1a: Cinderace|Pyro Ball|p2a: Anubis\n|-activate|p2a: Anubis|move: Protect\n|move|p1b: Quaquaval|Aqua Step|p2b: Obsidian\n|-damage|p2b: Obsidian|25\/100\n|-boost|p1b: Quaquaval|spe|1\n|move|p2b: Obsidian|Bitter Blade|p1b: Quaquaval\n|-resisted|p1b: Quaquaval\n|-damage|p1b: Quaquaval|16\/100\n|-heal|p2b: Obsidian|62\/100|[from] drain|[of] p1b: Quaquaval\n|\n|-heal|p1b: Quaquaval|22\/100|[from] item: Leftovers\n|upkeep\n|turn|7\n|\n|t:|1699120347\n|move|p2b: Obsidian|Shadow Sneak|p1b: Quaquaval\n|-damage|p1b: Quaquaval|0 fnt\n|faint|p1b: Quaquaval\n|move|p1a: Cinderace|High Jump Kick|p2b: Obsidian\n|-start|p1a: Cinderace|typechange|Fighting|[from] ability: Libero\n|-resisted|p2b: Obsidian\n|-damage|p2b: Obsidian|37\/100\n|move|p2a: Anubis|Swords Dance|p2a: Anubis\n|-boost|p2a: Anubis|atk|2\n|\n|upkeep\n|\n|t:|1699120358\n|switch|p1b: Zarude|Zarude-Dada|100\/100\n|turn|8\n|\n|t:|1699120373\n|move|p2a: Anubis|Extreme Speed|p1a: Cinderace\n|-damage|p1a: Cinderace|34\/100\n|move|p1a: Cinderace|High Jump Kick|p2b: Obsidian\n|-resisted|p2b: Obsidian\n|-damage|p2b: Obsidian|12\/100\n|move|p1b: Zarude|Encore|p2a: Anubis\n|-start|p2a: Anubis|Encore\n|move|p2b: Obsidian|Bitter Blade|p1b: Zarude\n|-supereffective|p1b: Zarude\n|-enditem|p1b: Zarude|Focus Sash\n|-damage|p1b: Zarude|1\/100\n|-heal|p2b: Obsidian|62\/100|[from] drain|[of] p1b: Zarude\n|\n|upkeep\n|turn|9\n|\n|t:|1699120422\n|move|p2a: Anubis|Extreme Speed|p1a: Cinderace\n|-damage|p1a: Cinderace|0 fnt\n|faint|p1a: Cinderace\n|move|p2b: Obsidian|Shadow Sneak|p1b: Zarude\n|-resisted|p1b: Zarude\n|-damage|p1b: Zarude|0 fnt\n|faint|p1b: Zarude\n|\n|win|gonegeb\n|l|\u2606MattCol\n","uploadtime":1699120434,"views":20,"p1id":"mattcol","p2id":"gonegeb","formatid":"gen9doublesou","rating":0,"private":0,"password":""}