{"id":"gen9doublesou-1998407490","p1":"iojijjiijoji","p2":"BullishBandit","format":"[Gen 9] Doubles OU","log":"|j|\u2606iojijjiijoji\n|j|\u2606BullishBandit\n|t:|1700938891\n|gametype|doubles\n|player|p1|iojijjiijoji|266|1000\n|player|p2|BullishBandit|102|1158\n|teamsize|p1|6\n|teamsize|p2|6\n|gen|9\n|tier|[Gen 9] Doubles OU\n|rated|\n|rule|Species Clause: Limit one of each Pok\u00e9mon\n|rule|OHKO Clause: OHKO moves are banned\n|rule|Evasion Moves Clause: Evasion moves are banned\n|rule|Gravity Sleep Clause: The combination of sleep-inducing moves with imperfect accuracy and Gravity or Gigantamax Orbeetle are banned\n|rule|Endless Battle Clause: Forcing endless battles is banned\n|rule|HP Percentage Mod: HP is shown in percentages\n|clearpoke\n|poke|p1|Coalossal, F|\n|poke|p1|Masquerain, F|\n|poke|p1|Ditto|\n|poke|p1|Grimmsnarl, M|\n|poke|p1|Flamigo, F|\n|poke|p1|Espeon, F|\n|poke|p2|Gholdengo|\n|poke|p2|Garganacl, F|\n|poke|p2|Maushold|\n|poke|p2|Toxapex, M|\n|poke|p2|Garchomp, M|\n|poke|p2|Tinkaton, F|\n|teampreview\n|\n|t:|1700939000\n|start\n|switch|p1a: Coalossal|Coalossal, F|100\/100\n|switch|p1b: Masquerain|Masquerain, F|100\/100\n|switch|p2a: Tinkaton|Tinkaton, F|100\/100\n|switch|p2b: Garganacl|Garganacl, F, shiny|100\/100\n|-ability|p1b: Masquerain|Intimidate|boost\n|-fail|p2a: Tinkaton|unboost|Attack|[from] ability: Own Tempo|[of] p2a: Tinkaton\n|-unboost|p2b: Garganacl|atk|1\n|turn|1\n|\n|t:|1700939018\n|move|p2a: Tinkaton|Fake Out|p1a: Coalossal\n|-resisted|p1a: Coalossal\n|-crit|p1a: Coalossal\n|-damage|p1a: Coalossal|95\/100\n|move|p1b: Masquerain|Aqua Jet|p1a: Coalossal\n|-supereffective|p1a: Coalossal\n|-damage|p1a: Coalossal|74\/100\n|-ability|p1a: Coalossal|Steam Engine|boost\n|-boost|p1a: Coalossal|spe|6\n|-enditem|p1a: Coalossal|Weakness Policy\n|-boost|p1a: Coalossal|atk|2|[from] item: Weakness Policy\n|-boost|p1a: Coalossal|spa|2|[from] item: Weakness Policy\n|cant|p1a: Coalossal|flinch\n|move|p2b: Garganacl|Salt Cure|p1a: Coalossal\n|-supereffective|p1a: Coalossal\n|-damage|p1a: Coalossal|57\/100\n|-start|p1a: Coalossal|Salt Cure\n|\n|-damage|p1a: Coalossal|45\/100|[from] Salt Cure\n|upkeep\n|turn|2\n|\n|t:|1700939039\n|switch|p1b: Flamigo|Flamigo, F|100\/100\n|-copyboost|p1b: Flamigo|p1a: Coalossal|[from] ability: Costar\n|switch|p2a: Toxapex|Toxapex, M|100\/100\n|switch|p2b: Garchomp|Garchomp, M|100\/100\n|move|p1a: Coalossal|Earthquake|p2a: Toxapex|[spread] p2a,p2b\n|-immune|p1b: Flamigo\n|-supereffective|p2a: Toxapex\n|-crit|p2a: Toxapex\n|-damage|p2a: Toxapex|16\/100\n|-damage|p2b: Garchomp|66\/100\n|\n|-damage|p1a: Coalossal|32\/100|[from] Salt Cure\n|upkeep\n|turn|3\n|\n|t:|1700939070\n|move|p2a: Toxapex|Wide Guard|p2a: Toxapex\n|-singleturn|p2a: Toxapex|Wide Guard\n|move|p1b: Flamigo|Double Kick|p2b: Garchomp\n|-damage|p2b: Garchomp|34\/100\n|-damage|p1b: Flamigo|88\/100|[from] ability: Rough Skin|[of] p2b: Garchomp\n|-damage|p1b: Flamigo|71\/100|[from] item: Rocky Helmet|[of] p2b: Garchomp\n|-damage|p2b: Garchomp|0 fnt\n|-damage|p1b: Flamigo|59\/100|[from] ability: Rough Skin|[of] p2b: Garchomp\n|-damage|p1b: Flamigo|42\/100|[from] item: Rocky Helmet|[of] p2b: Garchomp\n|faint|p2b: Garchomp\n|-hitcount|p2: Garchomp|2\n|-damage|p1b: Flamigo|33\/100|[from] item: Life Orb\n|move|p1a: Coalossal|Earthquake|p2a: Toxapex|[spread] \n|-activate|p2a: Toxapex|move: Wide Guard\n|-immune|p1b: Flamigo\n|\n|-damage|p1a: Coalossal|20\/100|[from] Salt Cure\n|upkeep\n|\n|t:|1700939089\n|switch|p2b: Tinkaton|Tinkaton, F|100\/100\n|turn|4\n|\n|t:|1700939105\n|move|p2b: Tinkaton|Fake Out|p1b: Flamigo\n|-crit|p1b: Flamigo\n|-damage|p1b: Flamigo|15\/100\n|move|p2a: Toxapex|Wide Guard|p2a: Toxapex\n|-singleturn|p2a: Toxapex|Wide Guard\n|cant|p1b: Flamigo|flinch\n|move|p1a: Coalossal|Fire Punch|p2b: Tinkaton\n|-supereffective|p2b: Tinkaton\n|-damage|p2b: Tinkaton|0 fnt\n|faint|p2b: Tinkaton\n|\n|-damage|p1a: Coalossal|8\/100|[from] Salt Cure\n|upkeep\n|\n|t:|1700939127\n|switch|p2b: Gholdengo|Gholdengo|100\/100\n|turn|5\n|\n|t:|1700939150\n|switch|p2a: Maushold|Maushold|100\/100\n|move|p2b: Gholdengo|Protect|p2b: Gholdengo\n|-singleturn|p2b: Gholdengo|Protect\n|move|p1b: Flamigo|Aerial Ace|p2a: Maushold\n|-damage|p2a: Maushold|6\/100\n|-damage|p1b: Flamigo|6\/100|[from] item: Life Orb\n|move|p1a: Coalossal|Fire Punch|p2b: Gholdengo\n|-activate|p2b: Gholdengo|move: Protect\n|\n|-damage|p1a: Coalossal|0 fnt|[from] Salt Cure\n|faint|p1a: Coalossal\n|upkeep\n|\n|t:|1700939161\n|switch|p1a: Espeon|Espeon, F|100\/100\n|turn|6\n|\n|t:|1700939174\n|switch|p2b: Garganacl|Garganacl, F, shiny|100\/100\n|move|p1b: Flamigo|Throat Chop|p2b: Garganacl\n|-damage|p2b: Garganacl|71\/100\n|-start|p2b: Garganacl|Throat Chop|[silent]\n|-damage|p1b: Flamigo|0 fnt|[from] item: Life Orb\n|faint|p1b: Flamigo\n|move|p2a: Maushold|Population Bomb|p1a: Espeon\n|-damage|p1a: Espeon|90\/100\n|-damage|p1a: Espeon|79\/100\n|-damage|p1a: Espeon|69\/100\n|-damage|p1a: Espeon|57\/100\n|-damage|p1a: Espeon|46\/100\n|-damage|p1a: Espeon|36\/100\n|-damage|p1a: Espeon|24\/100\n|-damage|p1a: Espeon|12\/100\n|-damage|p1a: Espeon|1\/100\n|-damage|p1a: Espeon|0 fnt\n|faint|p1a: Espeon\n|-hitcount|p1: Espeon|10\n|\n|-heal|p2b: Garganacl|77\/100|[from] item: Leftovers\n|upkeep\n|\n|t:|1700939183\n|switch|p1a: Grimmsnarl|Grimmsnarl, M|100\/100\n|switch|p1b: Ditto|Ditto|100\/100\n|-transform|p1b: Ditto|p2a: Maushold|[from] ability: Imposter\n|turn|7\n|\n|t:|1700939214\n|move|p1b: Ditto|Protect|p1b: Ditto\n|-singleturn|p1b: Ditto|Protect\n|move|p2b: Garganacl|Protect|p2b: Garganacl\n|-singleturn|p2b: Garganacl|Protect\n|move|p1a: Grimmsnarl|Reflect|p1a: Grimmsnarl\n|-sidestart|p1: iojijjiijoji|Reflect\n|move|p2a: Maushold|Population Bomb|p1b: Ditto\n|-activate|p1b: Ditto|move: Protect\n|\n|-heal|p2b: Garganacl|83\/100|[from] item: Leftovers\n|-end|p2b: Garganacl|Throat Chop|[silent]\n|upkeep\n|turn|8\n|\n|t:|1700939243\n|switch|p1b: Masquerain|Masquerain, F|100\/100\n|-ability|p1b: Masquerain|Intimidate|boost\n|-unboost|p2a: Maushold|atk|1\n|-unboost|p2b: Garganacl|atk|1\n|move|p1a: Grimmsnarl|Parting Shot|p2b: Garganacl\n|-unboost|p2b: Garganacl|atk|1\n|-unboost|p2b: Garganacl|spa|1\n|\n|t:|1700939251\n|switch|p1a: Ditto|Ditto|100\/100|[from] Parting Shot\n|-transform|p1a: Ditto|p2b: Garganacl|[from] ability: Imposter\n|move|p2a: Maushold|Population Bomb|p1b: Masquerain\n|-damage|p1b: Masquerain|94\/100\n|-damage|p1b: Masquerain|87\/100\n|-damage|p1b: Masquerain|81\/100\n|-damage|p1b: Masquerain|75\/100\n|-damage|p1b: Masquerain|68\/100\n|-damage|p1b: Masquerain|62\/100\n|-damage|p1b: Masquerain|55\/100\n|-damage|p1b: Masquerain|48\/100\n|-damage|p1b: Masquerain|41\/100\n|-damage|p1b: Masquerain|35\/100\n|-hitcount|p1b: Masquerain|10\n|-enditem|p1b: Masquerain|Eject Button\n|\n|t:|1700939260\n|switch|p1b: Grimmsnarl|Grimmsnarl, M|100\/100\n|move|p2b: Garganacl|Salt Cure|p1a: Ditto\n|-damage|p1a: Ditto|96\/100\n|-start|p1a: Ditto|Salt Cure\n|\n|-heal|p2b: Garganacl|89\/100|[from] item: Leftovers\n|-damage|p1a: Ditto|84\/100|[from] Salt Cure\n|upkeep\n|turn|9\n|-activate|p1a: Ditto|item: Quick Claw\n|\n|t:|1700939291\n|move|p1b: Grimmsnarl|Light Screen|p1b: Grimmsnarl\n|-sidestart|p1: iojijjiijoji|move: Light Screen\n|move|p1a: Ditto|Heavy Slam|p2b: Garganacl\n|-supereffective|p2b: Garganacl\n|-damage|p2b: Garganacl|84\/100\n|move|p2a: Maushold|Population Bomb|p1a: Ditto\n|-resisted|p1a: Ditto\n|-damage|p1a: Ditto|83\/100\n|-resisted|p1a: Ditto\n|-damage|p1a: Ditto|82\/100\n|-resisted|p1a: Ditto\n|-damage|p1a: Ditto|80\/100\n|-resisted|p1a: Ditto\n|-damage|p1a: Ditto|79\/100\n|-resisted|p1a: Ditto\n|-damage|p1a: Ditto|78\/100\n|-resisted|p1a: Ditto\n|-damage|p1a: Ditto|77\/100\n|-resisted|p1a: Ditto\n|-damage|p1a: Ditto|76\/100\n|-resisted|p1a: Ditto\n|-damage|p1a: Ditto|74\/100\n|-resisted|p1a: Ditto\n|-damage|p1a: Ditto|73\/100\n|-resisted|p1a: Ditto\n|-damage|p1a: Ditto|72\/100\n|-hitcount|p1a: Ditto|10\n|move|p2b: Garganacl|Heavy Slam|p1b: Grimmsnarl\n|-supereffective|p1b: Grimmsnarl\n|-damage|p1b: Grimmsnarl|82\/100\n|-enditem|p1b: Grimmsnarl|Red Card|[of] p2b: Garganacl\n|drag|p2b: Gholdengo|Gholdengo|100\/100\n|\n|-damage|p1a: Ditto|59\/100|[from] Salt Cure\n|upkeep\n|turn|10\n|c|\u2606BullishBandit|you should have not done that move\n|\n|t:|1700939338\n|switch|p1a: Masquerain|Masquerain, F|35\/100\n|-ability|p1a: Masquerain|Intimidate|boost\n|-unboost|p2a: Maushold|atk|1\n|-unboost|p2b: Gholdengo|atk|1\n|-terastallize|p2b: Gholdengo|Steel\n|move|p1b: Grimmsnarl|Parting Shot|p2a: Maushold\n|-unboost|p2a: Maushold|atk|1\n|-unboost|p2a: Maushold|spa|1\n|\n|t:|1700939351\n|switch|p1b: Ditto|Ditto|59\/100|[from] Parting Shot\n|-transform|p1b: Ditto|p2a: Maushold|[from] ability: Imposter\n|move|p2a: Maushold|Population Bomb|p1b: Ditto\n|-damage|p1b: Ditto|57\/100\n|-damage|p1b: Ditto|53\/100\n|-damage|p1b: Ditto|50\/100\n|-damage|p1b: Ditto|48\/100\n|-damage|p1b: Ditto|45\/100\n|-damage|p1b: Ditto|42\/100\n|-damage|p1b: Ditto|39\/100\n|-damage|p1b: Ditto|36\/100\n|-damage|p1b: Ditto|33\/100\n|-damage|p1b: Ditto|30\/100\n|-hitcount|p1b: Ditto|10\n|move|p2b: Gholdengo|Nasty Plot|p2b: Gholdengo\n|-boost|p2b: Gholdengo|spa|2\n|\n|upkeep\n|turn|11\n|l|\u2606iojijjiijoji\n|player|p1|\n|\n|t:|1700939383\n|switch|p1b: Grimmsnarl|Grimmsnarl, M|82\/100\n|move|p1a: Masquerain|Aqua Jet|p2a: Maushold\n|-damage|p2a: Maushold|0 fnt\n|faint|p2a: Maushold\n|move|p2b: Gholdengo|Nasty Plot|p2b: Gholdengo\n|-boost|p2b: Gholdengo|spa|2\n|\n|-sideend|p1: iojijjiijoji|Reflect\n|upkeep\n|\n|t:|1700939392\n|switch|p2a: Garganacl|Garganacl, F, shiny|84\/100\n|turn|12\n|c|\u2606BullishBandit|use proteect\n|c|\u2606BullishBandit|im going to make it rain\n|c|\u2606BullishBandit|ake my special attk go down be fore hitting\n|c|\u2606BullishBandit|make\n|inactive|Battle timer is ON: inactive players will automatically lose when time's up. (requested by BullishBandit)\n|inactive|iojijjiijoji has 30 seconds to reconnect!\n|inactive|iojijjiijoji has 20 seconds to reconnect!\n|inactive|iojijjiijoji has 15 seconds to reconnect!\n|inactive|iojijjiijoji has 10 seconds to reconnect!\n|inactive|iojijjiijoji has 5 seconds to reconnect!\n|-message|iojijjiijoji lost due to inactivity.\n|\n|win|BullishBandit\n|raw|iojijjiijoji's rating: 1042 &rarr; <strong>1031<\/strong><br \/>(-11 for losing)\n|raw|BullishBandit's rating: 1158 &rarr; <strong>1175<\/strong><br \/>(+17 for winning)\n","uploadtime":1700939663,"views":6,"p1id":"iojijjiijoji","p2id":"bullishbandit","formatid":"gen9doublesou","rating":1031,"private":0,"password":""}