{"id":"gen9doublesou-1993721659","p1":"NaNaib1325","p2":"Kuzwa","format":"[Gen 9] Doubles OU","log":"|j|\u2606NaNaib1325\n|j|\u2606Kuzwa\n|t:|1700349467\n|gametype|doubles\n|player|p1|NaNaib1325|red|1236\n|player|p2|Kuzwa|kieran-festival|1293\n|teamsize|p1|6\n|teamsize|p2|6\n|gen|9\n|tier|[Gen 9] Doubles OU\n|rated|\n|rule|Species Clause: Limit one of each Pok\u00e9mon\n|rule|OHKO Clause: OHKO moves are banned\n|rule|Evasion Moves Clause: Evasion moves are banned\n|rule|Gravity Sleep Clause: The combination of sleep-inducing moves with imperfect accuracy and Gravity or Gigantamax Orbeetle are banned\n|rule|Endless Battle Clause: Forcing endless battles is banned\n|rule|HP Percentage Mod: HP is shown in percentages\n|clearpoke\n|poke|p1|Chien-Pao|\n|poke|p1|Ninetales-Alola, F|\n|poke|p1|Amoonguss, M|\n|poke|p1|Palafin, F|\n|poke|p1|Ceruledge, F|\n|poke|p1|Ursaluna-Bloodmoon, M|\n|poke|p2|Chi-Yu|\n|poke|p2|Torkoal, M|\n|poke|p2|Glimmora, M|\n|poke|p2|Gallade, M|\n|poke|p2|Cinderace, M|\n|poke|p2|Gardevoir, F|\n|teampreview\n|inactive|Battle timer is ON: inactive players will automatically lose when time's up. (requested by NaNaib1325)\n|\n|t:|1700349477\n|start\n|switch|p1a: Ninetales|Ninetales-Alola, F, shiny|100\/100\n|switch|p1b: Palafin|Palafin, F|100\/100\n|switch|p2a: Strega|Glimmora, M|100\/100\n|switch|p2b: Nyx|Gardevoir, F, shiny|100\/100\n|-weather|Snow|[from] ability: Snow Warning|[of] p1a: Ninetales\n|-item|p2a: Strega|Air Balloon\n|turn|1\n|\n|t:|1700349489\n|move|p1a: Ninetales|Aurora Veil|p1a: Ninetales\n|-sidestart|p1: NaNaib1325|move: Aurora Veil\n|move|p1b: Palafin|Flip Turn|p2b: Nyx\n|-damage|p2b: Nyx|59\/100\n|\n|t:|1700349505\n|detailschange|p1b: Palafin|Palafin-Hero, F\n|switch|p1b: Ursaluna|Ursaluna-Bloodmoon, M|100\/100|[from] Flip Turn\n|move|p2a: Strega|Sludge Wave|p1b: Ursaluna|[spread] p1a,p1b\n|-activate|p2b: Nyx|ability: Telepathy\n|-supereffective|p1a: Ninetales\n|-resisted|p1b: Ursaluna\n|-damage|p1a: Ninetales|38\/100\n|-damage|p1b: Ursaluna|85\/100\n|move|p2b: Nyx|Trick Room|p2b: Nyx\n|-fieldstart|move: Trick Room|[of] p2b: Nyx\n|\n|-weather|Snow|[upkeep]\n|upkeep\n|turn|2\n|\n|t:|1700349520\n|switch|p1a: Amoonguss|Amoonguss, M|100\/100\n|move|p1b: Ursaluna|Blood Moon|p2a: Strega\n|-resisted|p2a: Strega\n|-damage|p2a: Strega|32\/100\n|-enditem|p2a: Strega|Air Balloon\n|-damage|p1b: Ursaluna|75\/100|[from] item: Life Orb\n|move|p2b: Nyx|Psychic|p1b: Ursaluna\n|-damage|p1b: Ursaluna|37\/100\n|-unboost|p1b: Ursaluna|spd|1\n|move|p2a: Strega|Sludge Wave|p1b: Ursaluna|[spread] p1a,p1b\n|-activate|p2b: Nyx|ability: Telepathy\n|-resisted|p1b: Ursaluna\n|-damage|p1a: Amoonguss|85\/100\n|-damage|p1b: Ursaluna|15\/100\n|-status|p1b: Ursaluna|psn\n|\n|-weather|Snow|[upkeep]\n|-heal|p1a: Amoonguss|91\/100|[from] item: Leftovers\n|-damage|p1b: Ursaluna|3\/100 psn|[from] psn\n|upkeep\n|turn|3\n|\n|t:|1700349542\n|move|p1a: Amoonguss|Pollen Puff|p1b: Ursaluna\n|-heal|p1b: Ursaluna|53\/100 psn\n|move|p1b: Ursaluna|Earth Power|p2a: Strega\n|-supereffective|p2a: Strega\n|-damage|p2a: Strega|0 fnt\n|faint|p2a: Strega\n|-damage|p1b: Ursaluna|43\/100 psn|[from] item: Life Orb\n|move|p2b: Nyx|Psychic|p1a: Amoonguss\n|-supereffective|p1a: Amoonguss\n|-damage|p1a: Amoonguss|51\/100\n|\n|-weather|Snow|[upkeep]\n|-heal|p1a: Amoonguss|57\/100|[from] item: Leftovers\n|-damage|p1b: Ursaluna|30\/100 psn|[from] psn\n|upkeep\n|\n|t:|1700349550\n|switch|p2a: Tortissed|Torkoal, M|100\/100\n|-weather|SunnyDay|[from] ability: Drought|[of] p2a: Tortissed\n|turn|4\n|\n|t:|1700349561\n|move|p2a: Tortissed|Eruption|p1b: Ursaluna|[spread] p1a,p1b\n|-supereffective|p1a: Amoonguss\n|-damage|p1a: Amoonguss|0 fnt\n|-damage|p1b: Ursaluna|0 fnt\n|faint|p1a: Amoonguss\n|faint|p1b: Ursaluna\n|move|p2b: Nyx|Psychic|p1: Amoonguss|[notarget]\n|-fail|p2b: Nyx\n|\n|-weather|SunnyDay|[upkeep]\n|upkeep\n|\n|t:|1700349575\n|switch|p1a: Palafin|Palafin-Hero, F|100\/100\n|switch|p1b: Ceruledge|Ceruledge, F|100\/100\n|-activate|p1a: Palafin|ability: Zero to Hero\n|turn|5\n|\n|t:|1700349586\n|-terastallize|p2a: Tortissed|Water\n|-terastallize|p1a: Palafin|Water\n|move|p1a: Palafin|Jet Punch|p2b: Nyx\n|-damage|p2b: Nyx|3\/100\n|move|p2a: Tortissed|Solar Beam||[still]\n|-prepare|p2a: Tortissed|Solar Beam\n|-anim|p2a: Tortissed|Solar Beam|p1a: Palafin\n|-supereffective|p1a: Palafin\n|-damage|p1a: Palafin|48\/100\n|move|p2b: Nyx|Taunt|p1b: Ceruledge\n|-start|p1b: Ceruledge|move: Taunt\n|cant|p1b: Ceruledge|move: Taunt|Swords Dance\n|\n|-weather|SunnyDay|[upkeep]\n|-fieldend|move: Trick Room\n|upkeep\n|turn|6\n|\n|t:|1700349611\n|move|p1a: Palafin|Jet Punch|p2b: Nyx\n|-damage|p2b: Nyx|0 fnt\n|faint|p2b: Nyx\n|move|p1b: Ceruledge|Poltergeist|p2a: Tortissed\n|-activate|p2a: Tortissed|move: Poltergeist|Heat Rock\n|-damage|p2a: Tortissed|56\/100\n|move|p2a: Tortissed|Solar Beam||[still]\n|-prepare|p2a: Tortissed|Solar Beam\n|-anim|p2a: Tortissed|Solar Beam|p1a: Palafin\n|-supereffective|p1a: Palafin\n|-damage|p1a: Palafin|0 fnt\n|faint|p1a: Palafin\n|\n|-weather|SunnyDay|[upkeep]\n|upkeep\n|\n|t:|1700349627\n|switch|p1a: Ninetales|Ninetales-Alola, F, shiny|38\/100\n|switch|p2b: Ryoji Mochizuki|Chi-Yu|100\/100\n|-weather|Snow|[from] ability: Snow Warning|[of] p1a: Ninetales\n|-ability|p2b: Ryoji Mochizuki|Beads of Ruin\n|turn|7\n|\n|t:|1700349642\n|move|p1a: Ninetales|Freeze-Dry|p2a: Tortissed\n|-supereffective|p2a: Tortissed\n|-damage|p2a: Tortissed|0 fnt\n|faint|p2a: Tortissed\n|move|p2b: Ryoji Mochizuki|Dark Pulse|p1b: Ceruledge\n|-supereffective|p1b: Ceruledge\n|-damage|p1b: Ceruledge|15\/100\n|move|p1b: Ceruledge|Bitter Blade|p2b: Ryoji Mochizuki\n|-resisted|p2b: Ryoji Mochizuki\n|-damage|p2b: Ryoji Mochizuki|65\/100\n|-heal|p1b: Ceruledge|30\/100|[from] drain|[of] p2b: Ryoji Mochizuki\n|\n|-weather|Snow|[upkeep]\n|-end|p1b: Ceruledge|move: Taunt\n|upkeep\n|\n|t:|1700349647\n|switch|p2a: Makoto Yuki|Gallade, M|100\/100\n|turn|8\n|\n|t:|1700349666\n|move|p1a: Ninetales|Dazzling Gleam|p2a: Makoto Yuki|[spread] p2a,p2b\n|-supereffective|p2a: Makoto Yuki\n|-damage|p2a: Makoto Yuki|47\/100\n|-damage|p2b: Ryoji Mochizuki|40\/100\n|move|p2b: Ryoji Mochizuki|Dark Pulse|p1b: Ceruledge\n|-supereffective|p1b: Ceruledge\n|-damage|p1b: Ceruledge|0 fnt\n|faint|p1b: Ceruledge\n|move|p2a: Makoto Yuki|Trick Room|p2a: Makoto Yuki\n|-fieldstart|move: Trick Room|[of] p2a: Makoto Yuki\n|\n|-weather|Snow|[upkeep]\n|-sideend|p1: NaNaib1325|move: Aurora Veil\n|upkeep\n|\n|t:|1700349672\n|switch|p1b: Chien-Pao|Chien-Pao|100\/100\n|-ability|p1b: Chien-Pao|Sword of Ruin\n|turn|9\n|\n|t:|1700349683\n|move|p1b: Chien-Pao|Sucker Punch|p2a: Makoto Yuki\n|-damage|p2a: Makoto Yuki|0 fnt\n|faint|p2a: Makoto Yuki\n|move|p2b: Ryoji Mochizuki|Lava Plume|p1a: Ninetales|[spread] p1a,p1b\n|-supereffective|p1a: Ninetales\n|-supereffective|p1b: Chien-Pao\n|-damage|p1a: Ninetales|0 fnt\n|-damage|p1b: Chien-Pao|0 fnt\n|faint|p1a: Ninetales\n|faint|p1b: Chien-Pao\n|\n|win|Kuzwa\n|raw|NaNaib1325's rating: 1236 &rarr; <strong>1215<\/strong><br \/>(-21 for losing)\n|raw|Kuzwa's rating: 1293 &rarr; <strong>1314<\/strong><br \/>(+21 for winning)\n|l|\u2606NaNaib1325\n","uploadtime":1700349690,"views":5,"p1id":"nanaib1325","p2id":"kuzwa","formatid":"gen9doublesou","rating":1215,"private":0,"password":""}