{"id":"gen9doublesou-1983794999","p1":"Jjhhggf","p2":"magicgril","format":"[Gen 9] Doubles OU","log":"|j|\u2606Jjhhggf\n|j|\u2606magicgril\n|t:|1699182522\n|gametype|doubles\n|player|p1|Jjhhggf|roxanne|1318\n|player|p2|magicgril|rosa-masters|1445\n|teamsize|p1|6\n|teamsize|p2|6\n|gen|9\n|tier|[Gen 9] Doubles OU\n|rated|\n|rule|Species Clause: Limit one of each Pok\u00e9mon\n|rule|OHKO Clause: OHKO moves are banned\n|rule|Evasion Moves Clause: Evasion moves are banned\n|rule|Gravity Sleep Clause: The combination of sleep-inducing moves with imperfect accuracy and Gravity or Gigantamax Orbeetle are banned\n|rule|Endless Battle Clause: Forcing endless battles is banned\n|rule|HP Percentage Mod: HP is shown in percentages\n|clearpoke\n|poke|p1|Salamence, F|\n|poke|p1|Volbeat, M|\n|poke|p1|Dudunsparce-*, M|\n|poke|p1|Gardevoir, M|\n|poke|p1|Rillaboom, M|\n|poke|p1|Dragapult, M|\n|poke|p2|Moltres-Galar|\n|poke|p2|Sinistcha-Masterpiece|\n|poke|p2|Grimmsnarl, M|\n|poke|p2|Arcanine-Hisui, F|\n|poke|p2|Iron Hands|\n|poke|p2|Amoonguss, M|\n|teampreview\n|inactive|Battle timer is ON: inactive players will automatically lose when time's up. (requested by Jjhhggf)\n|\n|t:|1699182538\n|start\n|switch|p1a: Volbeat|Volbeat, M|100\/100\n|switch|p1b: Rillaboom|Rillaboom, M|100\/100\n|switch|p2a: Grimmsnarl|Grimmsnarl, M|100\/100\n|switch|p2b: Moltres|Moltres-Galar|100\/100\n|-fieldstart|move: Grassy Terrain|[from] ability: Grassy Surge|[of] p1b: Rillaboom\n|-enditem|p1a: Volbeat|Grassy Seed\n|-boost|p1a: Volbeat|def|1|[from] item: Grassy Seed\n|turn|1\n|\n|t:|1699182551\n|move|p1b: Rillaboom|Fake Out|p2b: Moltres\n|-damage|p2b: Moltres|80\/100\n|-damage|p1b: Rillaboom|91\/100|[from] item: Life Orb\n|move|p2a: Grimmsnarl|Fake Out|p1a: Volbeat\n|-damage|p1a: Volbeat|94\/100\n|cant|p1a: Volbeat|flinch\n|cant|p2b: Moltres|flinch\n|\n|-heal|p2b: Moltres|86\/100|[from] item: Leftovers\n|-heal|p1b: Rillaboom|97\/100|[from] Grassy Terrain\n|-heal|p1a: Volbeat|99\/100|[from] Grassy Terrain\n|upkeep\n|turn|2\n|\n|t:|1699182571\n|move|p1a: Volbeat|Tail Glow|p1a: Volbeat\n|-boost|p1a: Volbeat|spa|3\n|move|p2a: Grimmsnarl|Thunder Wave|p1b: Rillaboom\n|-status|p1b: Rillaboom|par\n|move|p2b: Moltres|Agility|p2b: Moltres\n|-boost|p2b: Moltres|spe|2\n|move|p1b: Rillaboom|U-turn|p2b: Moltres\n|-damage|p2b: Moltres|55\/100\n|-damage|p1b: Rillaboom|87\/100 par|[from] item: Life Orb\n|\n|t:|1699182586\n|switch|p1b: Gardevoir|Gardevoir, M|100\/100|[from] U-turn\n|\n|-heal|p2b: Moltres|61\/100|[from] item: Leftovers\n|-heal|p1a: Volbeat|100\/100|[from] Grassy Terrain\n|upkeep\n|turn|3\n|\n|t:|1699182611\n|move|p1a: Volbeat|Baton Pass|p1a: Volbeat\n|\n|t:|1699182625\n|switch|p1a: Dudunsparce|Dudunsparce, M|100\/100|[from] Baton Pass\n|move|p2a: Grimmsnarl|Thunder Wave|p1b: Gardevoir\n|-status|p1b: Gardevoir|par\n|move|p2b: Moltres|Nasty Plot|p2b: Moltres\n|-boost|p2b: Moltres|spa|2\n|move|p1b: Gardevoir|Mystical Fire|p2b: Moltres\n|-damage|p2b: Moltres|39\/100\n|-unboost|p2b: Moltres|spa|1\n|-ability|p2b: Moltres|Berserk|boost\n|-boost|p2b: Moltres|spa|1\n|\n|-heal|p2b: Moltres|45\/100|[from] item: Leftovers\n|upkeep\n|turn|4\n|inactive|magicgril has 120 seconds left.\n|inactive|magicgril has 90 seconds left.\n|\n|t:|1699182707\n|switch|p2a: Sinistcha|Sinistcha-Masterpiece|100\/100\n|-heal|p2b: Moltres|70\/100|[from] ability: Hospitality|[of] p2a: Sinistcha\n|move|p2b: Moltres|Nasty Plot|p2b: Moltres\n|-boost|p2b: Moltres|spa|2\n|move|p1b: Gardevoir|Mystical Fire|p2b: Moltres\n|-damage|p2b: Moltres|50\/100\n|-unboost|p2b: Moltres|spa|1\n|-ability|p2b: Moltres|Berserk|boost\n|-boost|p2b: Moltres|spa|1\n|move|p1a: Dudunsparce|Boomburst|p2b: Moltres|[spread] p2b\n|-activate|p1b: Gardevoir|ability: Telepathy\n|-immune|p2a: Sinistcha\n|-crit|p2b: Moltres\n|-damage|p2b: Moltres|0 fnt\n|faint|p2b: Moltres\n|\n|upkeep\n|\n|t:|1699182721\n|switch|p2b: Amoonguss|Amoonguss, M|100\/100\n|turn|5\n|\n|t:|1699182742\n|cant|p1b: Gardevoir|par\n|move|p2a: Sinistcha|Calm Mind|p2a: Sinistcha\n|-boost|p2a: Sinistcha|spa|1\n|-boost|p2a: Sinistcha|spd|1\n|move|p1a: Dudunsparce|Blizzard|p2b: Amoonguss|[spread] \n|-miss|p1a: Dudunsparce|p2a: Sinistcha\n|-miss|p1a: Dudunsparce|p2b: Amoonguss\n|move|p2b: Amoonguss|Clear Smog|p1a: Dudunsparce\n|-damage|p1a: Dudunsparce|90\/100\n|-clearboost|p1a: Dudunsparce\n|\n|-heal|p1a: Dudunsparce|96\/100|[from] Grassy Terrain\n|-heal|p1a: Dudunsparce|100\/100|[from] item: Leftovers\n|-fieldend|move: Grassy Terrain\n|upkeep\n|turn|6\n|\n|t:|1699182758\n|move|p2b: Amoonguss|Rage Powder|p2b: Amoonguss\n|-singleturn|p2b: Amoonguss|move: Rage Powder\n|cant|p1b: Gardevoir|par\n|move|p2a: Sinistcha|Calm Mind|p2a: Sinistcha\n|-boost|p2a: Sinistcha|spa|1\n|-boost|p2a: Sinistcha|spd|1\n|move|p1a: Dudunsparce|Calm Mind|p1a: Dudunsparce\n|-boost|p1a: Dudunsparce|spa|1\n|-boost|p1a: Dudunsparce|spd|1\n|\n|upkeep\n|turn|7\n|\n|t:|1699182768\n|move|p1b: Gardevoir|Mystical Fire|p2a: Sinistcha\n|-supereffective|p2a: Sinistcha\n|-damage|p2a: Sinistcha|68\/100\n|-unboost|p2a: Sinistcha|spa|1\n|move|p2a: Sinistcha|Matcha Gotcha|p1b: Gardevoir|[spread] p1a,p1b\n|-crit|p1b: Gardevoir\n|-damage|p1a: Dudunsparce|75\/100\n|-heal|p2a: Sinistcha|83\/100|[from] drain|[of] p1a: Dudunsparce\n|-damage|p1b: Gardevoir|14\/100 par\n|-heal|p2a: Sinistcha|100\/100|[from] drain|[of] p1b: Gardevoir\n|-status|p1a: Dudunsparce|brn\n|move|p1a: Dudunsparce|Blizzard|p2a: Sinistcha|[spread] \n|-miss|p1a: Dudunsparce|p2a: Sinistcha\n|-miss|p1a: Dudunsparce|p2b: Amoonguss\n|move|p2b: Amoonguss|Clear Smog|p1a: Dudunsparce\n|-damage|p1a: Dudunsparce|67\/100 brn\n|-clearboost|p1a: Dudunsparce\n|\n|-heal|p1a: Dudunsparce|73\/100 brn|[from] item: Leftovers\n|-damage|p1a: Dudunsparce|67\/100 brn|[from] brn\n|upkeep\n|turn|8\n|inactive|magicgril has 120 seconds left.\n|\n|t:|1699182790\n|cant|p1b: Gardevoir|par\n|move|p2a: Sinistcha|Calm Mind|p2a: Sinistcha\n|-boost|p2a: Sinistcha|spa|1\n|-boost|p2a: Sinistcha|spd|1\n|move|p1a: Dudunsparce|Blizzard|p2b: Amoonguss|[spread] p2a,p2b\n|-supereffective|p2a: Sinistcha\n|-supereffective|p2b: Amoonguss\n|-damage|p2a: Sinistcha|84\/100\n|-damage|p2b: Amoonguss|80\/100\n|-status|p2a: Sinistcha|frz\n|move|p2b: Amoonguss|Clear Smog|p1a: Dudunsparce\n|-damage|p1a: Dudunsparce|54\/100 brn\n|-clearboost|p1a: Dudunsparce\n|\n|-heal|p2a: Sinistcha|90\/100 frz|[from] item: Leftovers\n|-heal|p1a: Dudunsparce|60\/100 brn|[from] item: Leftovers\n|-heal|p2b: Amoonguss|86\/100|[from] item: Black Sludge\n|-damage|p1a: Dudunsparce|54\/100 brn|[from] brn\n|upkeep\n|turn|9\n|\n|t:|1699182804\n|move|p2b: Amoonguss|Rage Powder|p2b: Amoonguss\n|-singleturn|p2b: Amoonguss|move: Rage Powder\n|cant|p1b: Gardevoir|par\n|-curestatus|p2a: Sinistcha|frz|[msg]\n|move|p2a: Sinistcha|Calm Mind|p2a: Sinistcha\n|-boost|p2a: Sinistcha|spa|1\n|-boost|p2a: Sinistcha|spd|1\n|move|p1a: Dudunsparce|Calm Mind|p1a: Dudunsparce\n|-boost|p1a: Dudunsparce|spa|1\n|-boost|p1a: Dudunsparce|spd|1\n|\n|-heal|p2a: Sinistcha|96\/100|[from] item: Leftovers\n|-heal|p1a: Dudunsparce|60\/100 brn|[from] item: Leftovers\n|-heal|p2b: Amoonguss|93\/100|[from] item: Black Sludge\n|-damage|p1a: Dudunsparce|54\/100 brn|[from] brn\n|upkeep\n|turn|10\n|\n|t:|1699182819\n|move|p1b: Gardevoir|Mystical Fire|p2b: Amoonguss\n|-supereffective|p2b: Amoonguss\n|-damage|p2b: Amoonguss|54\/100\n|-unboost|p2b: Amoonguss|spa|1\n|move|p2a: Sinistcha|Matcha Gotcha|p1b: Gardevoir|[spread] p1a,p1b\n|-damage|p1a: Dudunsparce|15\/100 brn\n|-heal|p2a: Sinistcha|100\/100|[from] drain|[of] p1a: Dudunsparce\n|-damage|p1b: Gardevoir|0 fnt\n|faint|p1b: Gardevoir\n|move|p1a: Dudunsparce|Blizzard|p2a: Sinistcha|[spread] p2a,p2b\n|-supereffective|p2a: Sinistcha\n|-supereffective|p2b: Amoonguss\n|-damage|p2a: Sinistcha|79\/100\n|-damage|p2b: Amoonguss|25\/100\n|-status|p2a: Sinistcha|frz\n|-status|p2b: Amoonguss|frz\n|cant|p2b: Amoonguss|frz\n|\n|-heal|p2a: Sinistcha|85\/100 frz|[from] item: Leftovers\n|-heal|p1a: Dudunsparce|21\/100 brn|[from] item: Leftovers\n|-heal|p2b: Amoonguss|31\/100 frz|[from] item: Black Sludge\n|-damage|p1a: Dudunsparce|15\/100 brn|[from] brn\n|upkeep\n|\n|t:|1699182829\n|switch|p1b: Salamence|Salamence, F|100\/100\n|-ability|p1b: Salamence|Intimidate|boost\n|-unboost|p2a: Sinistcha|atk|1\n|-unboost|p2b: Amoonguss|atk|1\n|turn|11\n|c|\u2606magicgril|\uff1f\n|inactive|magicgril has 120 seconds left.\n|inactive|magicgril has 90 seconds left.\n|\n|t:|1699182905\n|cant|p2b: Amoonguss|frz\n|move|p1b: Salamence|Dragon Dance|p1b: Salamence\n|-boost|p1b: Salamence|atk|1\n|-boost|p1b: Salamence|spe|1\n|-curestatus|p2a: Sinistcha|frz|[from] move: Matcha Gotcha\n|move|p2a: Sinistcha|Matcha Gotcha|p1b: Salamence|[spread] p1a,p1b\n|-resisted|p1b: Salamence\n|-damage|p1a: Dudunsparce|0 fnt\n|-heal|p2a: Sinistcha|94\/100|[from] drain|[of] p1a: Dudunsparce\n|-damage|p1b: Salamence|81\/100\n|-heal|p2a: Sinistcha|100\/100|[from] drain|[of] p1b: Salamence\n|faint|p1a: Dudunsparce\n|\n|-heal|p1b: Salamence|87\/100|[from] item: Leftovers\n|-heal|p2b: Amoonguss|37\/100 frz|[from] item: Black Sludge\n|upkeep\n|\n|t:|1699182925\n|switch|p1a: Dragapult|Dragapult, M|100\/100\n|turn|12\n|\n|t:|1699182931\n|-terastallize|p1a: Dragapult|Dragon\n|cant|p2b: Amoonguss|frz\n|move|p1a: Dragapult|Dragon Darts|p2b: Amoonguss\n|-damage|p2b: Amoonguss|0 fnt\n|-anim|p1a: Dragapult|Dragon Darts|p2a: Sinistcha\n|-crit|p2a: Sinistcha\n|-damage|p2a: Sinistcha|35\/100\n|faint|p2b: Amoonguss\n|move|p1b: Salamence|Dual Wingbeat|p2a: Sinistcha\n|-supereffective|p2a: Sinistcha\n|-damage|p2a: Sinistcha|0 fnt\n|faint|p2a: Sinistcha\n|-hitcount|p2: Sinistcha|1\n|\n|-heal|p1b: Salamence|93\/100|[from] item: Leftovers\n|upkeep\n|inactive|magicgril has 90 seconds left.\n|\n|t:|1699182949\n|switch|p2a: Grimmsnarl|Grimmsnarl, M|100\/100\n|switch|p2b: Arcanine|Arcanine-Hisui, F|100\/100\n|turn|13\n|inactive|Jjhhggf has 120 seconds left.\n|\n|t:|1699182985\n|move|p2a: Grimmsnarl|Fake Out|p1b: Salamence\n|-damage|p1b: Salamence|82\/100\n|move|p1a: Dragapult|Dragon Darts|p2b: Arcanine\n|-damage|p2b: Arcanine|39\/100\n|-anim|p1a: Dragapult|Dragon Darts|p2b: Arcanine\n|-damage|p2b: Arcanine|0 fnt\n|faint|p2b: Arcanine\n|cant|p1b: Salamence|flinch\n|\n|-heal|p1b: Salamence|88\/100|[from] item: Leftovers\n|upkeep\n|\n|t:|1699182995\n|switch|p2b: Iron Hands|Iron Hands|100\/100\n|turn|14\n|\n|t:|1699183007\n|move|p2b: Iron Hands|Fake Out|p1b: Salamence\n|-damage|p1b: Salamence|72\/100\n|move|p2a: Grimmsnarl|Thunder Wave|p1a: Dragapult\n|-status|p1a: Dragapult|par\n|cant|p1b: Salamence|flinch\n|move|p1a: Dragapult|Dragon Darts|p2b: Iron Hands\n|-crit|p2b: Iron Hands\n|-damage|p2b: Iron Hands|51\/100\n|-anim|p1a: Dragapult|Dragon Darts|p2b: Iron Hands\n|-damage|p2b: Iron Hands|23\/100\n|\n|-heal|p1b: Salamence|78\/100|[from] item: Leftovers\n|-heal|p2b: Iron Hands|29\/100|[from] item: Leftovers\n|upkeep\n|turn|15\n|\n|t:|1699183035\n|move|p2a: Grimmsnarl|Thunder Wave|p1b: Salamence\n|-status|p1b: Salamence|par\n|cant|p1a: Dragapult|par\n|cant|p1b: Salamence|par\n|move|p2b: Iron Hands|Drain Punch|p1a: Dragapult\n|-damage|p1a: Dragapult|42\/100 par\n|-heal|p2b: Iron Hands|47\/100|[from] drain|[of] p1a: Dragapult\n|\n|-heal|p1b: Salamence|84\/100 par|[from] item: Leftovers\n|-heal|p2b: Iron Hands|53\/100|[from] item: Leftovers\n|upkeep\n|turn|16\n|\n|t:|1699183053\n|move|p2a: Grimmsnarl|Reflect|p2a: Grimmsnarl\n|-sidestart|p2: magicgril|Reflect\n|move|p1a: Dragapult|Dragon Darts|p2b: Iron Hands\n|-damage|p2b: Iron Hands|33\/100\n|-anim|p1a: Dragapult|Dragon Darts|p2b: Iron Hands\n|-damage|p2b: Iron Hands|11\/100\n|move|p1b: Salamence|Dual Wingbeat|p2b: Iron Hands\n|-damage|p2b: Iron Hands|0 fnt\n|faint|p2b: Iron Hands\n|-end|p2b: Iron Hands|Quark Drive|[silent]\n|-hitcount|p2: Iron Hands|1\n|\n|-heal|p1b: Salamence|90\/100 par|[from] item: Leftovers\n|upkeep\n|turn|17\n|-message|magicgril forfeited.\n|\n|win|Jjhhggf\n|raw|Jjhhggf's rating: 1318 &rarr; <strong>1345<\/strong><br \/>(+27 for winning)\n|raw|magicgril's rating: 1445 &rarr; <strong>1418<\/strong><br \/>(-27 for losing)\n|l|\u2606Jjhhggf\n","uploadtime":1699183075,"views":9,"p1id":"jjhhggf","p2id":"magicgril","formatid":"gen9doublesou","rating":1345,"private":0,"password":""}