{"id":"gen9doublesou-1986291424","p1":"MajorBowman","p2":"trace","format":"[Gen 9] Doubles OU","log":"|j|\u2606MajorBowman\n|j|\u2606trace\n|t:|1699466697\n|gametype|doubles\n|player|p1|MajorBowman|#majorbowman|\n|player|p2|trace|#trace3|\n|teamsize|p1|6\n|teamsize|p2|6\n|gen|9\n|tier|[Gen 9] Doubles OU\n|rule|Species Clause: Limit one of each Pok\u00e9mon\n|rule|OHKO Clause: OHKO moves are banned\n|rule|Evasion Moves Clause: Evasion moves are banned\n|rule|Gravity Sleep Clause: The combination of sleep-inducing moves with imperfect accuracy and Gravity or Gigantamax Orbeetle are banned\n|rule|Endless Battle Clause: Forcing endless battles is banned\n|rule|HP Percentage Mod: HP is shown in percentages\n|clearpoke\n|poke|p1|Arcanine-Hisui, F|\n|poke|p1|Rillaboom, M|\n|poke|p1|Tornadus, M|\n|poke|p1|Ogerpon-Wellspring, F|\n|poke|p1|Chien-Pao|\n|poke|p1|Gholdengo|\n|poke|p2|Diancie|\n|poke|p2|Farigiraf, M|\n|poke|p2|Ogerpon-Hearthflame, F|\n|poke|p2|Landorus-Therian, M|\n|poke|p2|Rillaboom, F|\n|poke|p2|Chien-Pao|\n|teampreview\n|j| Raf\n|c|\u2606trace|hf\n|j| a spiffy spaceman\n|j| Aldrich\n|c|\u2606MajorBowman|hf\n|j| qsns\n|\n|t:|1699466758\n|start\n|switch|p1a: Arcanine|Arcanine-Hisui, F|100\/100\n|switch|p1b: Ogerpon|Ogerpon-Wellspring, F|100\/100\n|switch|p2a: Rillaboom|Rillaboom, F|100\/100\n|switch|p2b: Landorus|Landorus-Therian, M|100\/100\n|-ability|p1a: Arcanine|Intimidate|boost\n|-unboost|p2a: Rillaboom|atk|1\n|-unboost|p2b: Landorus|atk|1\n|-fieldstart|move: Grassy Terrain|[from] ability: Grassy Surge|[of] p2a: Rillaboom\n|-ability|p2b: Landorus|Intimidate|boost\n|-unboost|p1a: Arcanine|atk|1\n|-unboost|p1b: Ogerpon|atk|1\n|turn|1\n|j|+talkingtree\n|\n|t:|1699466826\n|move|p2a: Rillaboom|Fake Out|p1b: Ogerpon\n|-damage|p1b: Ogerpon|90\/100\n|move|p1a: Arcanine|Will-O-Wisp|p2b: Landorus\n|-status|p2b: Landorus|brn\n|cant|p1b: Ogerpon|flinch\n|move|p2b: Landorus|Stomping Tantrum|p1a: Arcanine\n|-supereffective|p1a: Arcanine\n|-damage|p1a: Arcanine|40\/100\n|\n|-heal|p1a: Arcanine|46\/100|[from] Grassy Terrain\n|-heal|p1b: Ogerpon|96\/100|[from] Grassy Terrain\n|-damage|p2b: Landorus|94\/100 brn|[from] brn\n|upkeep\n|turn|2\n|\n|t:|1699466860\n|switch|p1a: Rillaboom|Rillaboom, M|100\/100\n|move|p1b: Ogerpon|Ivy Cudgel|p2b: Landorus\n|-supereffective|p2b: Landorus\n|-damage|p2b: Landorus|26\/100 brn\n|-enditem|p2b: Landorus|Sitrus Berry|[eat]\n|-heal|p2b: Landorus|51\/100 brn|[from] item: Sitrus Berry\n|move|p2a: Rillaboom|U-turn|p1b: Ogerpon\n|-supereffective|p1b: Ogerpon\n|-damage|p1b: Ogerpon|60\/100\n|j| gyhcfhv\n|l|gyhcfhv\n|\n|t:|1699466877\n|switch|p2a: Ogerpon|Ogerpon-Hearthflame, F|100\/100|[from] U-turn\n|-ability|p2a: Ogerpon|Mold Breaker\n|move|p2b: Landorus|Stealth Rock|p1a: Rillaboom\n|-sidestart|p1: MajorBowman|move: Stealth Rock\n|\n|-heal|p1b: Ogerpon|66\/100|[from] Grassy Terrain\n|-damage|p2b: Landorus|45\/100 brn|[from] brn\n|upkeep\n|turn|3\n|\n|t:|1699466913\n|switch|p2b: Rillaboom|Rillaboom, F|100\/100\n|switch|p1a: Arcanine|Arcanine-Hisui, F|46\/100\n|-damage|p1a: Arcanine|21\/100|[from] Stealth Rock\n|-ability|p1a: Arcanine|Intimidate|boost\n|-unboost|p2a: Ogerpon|atk|1\n|-unboost|p2b: Rillaboom|atk|1\n|move|p2a: Ogerpon|Spiky Shield|p2a: Ogerpon\n|-singleturn|p2a: Ogerpon|move: Protect\n|move|p1b: Ogerpon|Ivy Cudgel|p2b: Rillaboom\n|-resisted|p2b: Rillaboom\n|-damage|p2b: Rillaboom|81\/100\n|\n|-heal|p1a: Arcanine|27\/100|[from] Grassy Terrain\n|-heal|p1b: Ogerpon|72\/100|[from] Grassy Terrain\n|-heal|p2b: Rillaboom|87\/100|[from] Grassy Terrain\n|upkeep\n|turn|4\n|\n|t:|1699466932\n|move|p2b: Rillaboom|Fake Out|p1b: Ogerpon\n|-damage|p1b: Ogerpon|62\/100\n|move|p2a: Ogerpon|Grassy Glide|p1a: Arcanine\n|-damage|p1a: Arcanine|0 fnt\n|faint|p1a: Arcanine\n|cant|p1b: Ogerpon|flinch\n|\n|-heal|p1b: Ogerpon|68\/100|[from] Grassy Terrain\n|-heal|p2b: Rillaboom|93\/100|[from] Grassy Terrain\n|upkeep\n|\n|t:|1699466942\n|switch|p1a: Chien-Pao|Chien-Pao|100\/100\n|-damage|p1a: Chien-Pao|76\/100|[from] Stealth Rock\n|-ability|p1a: Chien-Pao|Sword of Ruin\n|turn|5\n|\n|t:|1699466967\n|switch|p2b: Landorus|Landorus-Therian, M|45\/100 brn\n|-ability|p2b: Landorus|Intimidate|boost\n|-unboost|p1a: Chien-Pao|atk|1\n|-unboost|p1b: Ogerpon|atk|1\n|move|p1a: Chien-Pao|Icicle Crash|p2a: Ogerpon|[miss]\n|-miss|p1a: Chien-Pao|p2a: Ogerpon\n|move|p2a: Ogerpon|Ivy Cudgel|p1a: Chien-Pao\n|-supereffective|p1a: Chien-Pao\n|-crit|p1a: Chien-Pao\n|-damage|p1a: Chien-Pao|0 fnt\n|faint|p1a: Chien-Pao\n|move|p1b: Ogerpon|Swords Dance|p1b: Ogerpon\n|-boost|p1b: Ogerpon|atk|2\n|\n|-heal|p1b: Ogerpon|74\/100|[from] Grassy Terrain\n|-damage|p2b: Landorus|39\/100 brn|[from] brn\n|-fieldend|move: Grassy Terrain\n|upkeep\n|j| theyummybagel\n|\n|t:|1699466977\n|switch|p1a: Tornadus|Tornadus, M|100\/100\n|-damage|p1a: Tornadus|76\/100|[from] Stealth Rock\n|turn|6\n|\n|t:|1699467004\n|switch|p2a: Farigiraf|Farigiraf, M|100\/100\n|move|p1a: Tornadus|Rain Dance|p1a: Tornadus\n|-weather|RainDance\n|move|p1b: Ogerpon|Swords Dance|p1b: Ogerpon\n|-boost|p1b: Ogerpon|atk|2\n|move|p2b: Landorus|U-turn|p1b: Ogerpon\n|-supereffective|p1b: Ogerpon\n|-crit|p1b: Ogerpon\n|-damage|p1b: Ogerpon|36\/100\n|\n|t:|1699467011\n|switch|p2b: Rillaboom|Rillaboom, F|93\/100|[from] U-turn\n|-fieldstart|move: Grassy Terrain|[from] ability: Grassy Surge|[of] p2b: Rillaboom\n|\n|-weather|RainDance|[upkeep]\n|-heal|p1b: Ogerpon|42\/100|[from] Grassy Terrain\n|-heal|p2b: Rillaboom|99\/100|[from] Grassy Terrain\n|upkeep\n|turn|7\n|\n|t:|1699467022\n|move|p2b: Rillaboom|Grassy Glide|p1b: Ogerpon\n|-damage|p1b: Ogerpon|4\/100\n|move|p1a: Tornadus|Bleakwind Storm|p2a: Farigiraf|[spread] p2a,p2b\n|-supereffective|p2b: Rillaboom\n|-crit|p2b: Rillaboom\n|-damage|p2a: Farigiraf|66\/100\n|-damage|p2b: Rillaboom|29\/100\n|-unboost|p2a: Farigiraf|spe|1\n|move|p1b: Ogerpon|Ivy Cudgel|p2a: Farigiraf\n|-damage|p2a: Farigiraf|0 fnt\n|faint|p2a: Farigiraf\n|\n|-weather|RainDance|[upkeep]\n|-heal|p1b: Ogerpon|10\/100|[from] Grassy Terrain\n|-heal|p2b: Rillaboom|35\/100|[from] Grassy Terrain\n|upkeep\n|\n|t:|1699467039\n|switch|p2a: Diancie|Diancie|100\/100\n|turn|8\n|\n|t:|1699467051\n|move|p1b: Ogerpon|Grassy Glide|p2a: Diancie\n|-supereffective|p2a: Diancie\n|-damage|p2a: Diancie|0 fnt\n|faint|p2a: Diancie\n|move|p2b: Rillaboom|Grassy Glide|p1b: Ogerpon\n|-damage|p1b: Ogerpon|0 fnt\n|faint|p1b: Ogerpon\n|move|p1a: Tornadus|Bleakwind Storm|p2b: Rillaboom\n|-supereffective|p2b: Rillaboom\n|-damage|p2b: Rillaboom|0 fnt\n|faint|p2b: Rillaboom\n|\n|-weather|RainDance|[upkeep]\n|upkeep\n|\n|t:|1699467063\n|switch|p1b: Gholdengo|Gholdengo|100\/100\n|switch|p2b: Ogerpon|Ogerpon-Hearthflame, F|100\/100\n|switch|p2a: Chien-Pao|Chien-Pao|100\/100\n|-ability|p2a: Chien-Pao|Sword of Ruin\n|-damage|p1b: Gholdengo|94\/100|[from] Stealth Rock\n|-ability|p2b: Ogerpon|Mold Breaker\n|turn|9\n|\n|t:|1699467082\n|-terastallize|p1b: Gholdengo|Steel\n|-terastallize|p2b: Ogerpon|Fire\n|detailschange|p2b: Ogerpon|Ogerpon-Hearthflame-Tera, F, tera:Fire\n|-ability|p2b: Ogerpon|Embody Aspect (Hearthflame)|boost\n|-boost|p2b: Ogerpon|atk|1\n|move|p2a: Chien-Pao|Protect|p2a: Chien-Pao\n|-singleturn|p2a: Chien-Pao|Protect\n|move|p1a: Tornadus|Tailwind|p1a: Tornadus\n|-sidestart|p1: MajorBowman|move: Tailwind\n|move|p1b: Gholdengo|Make It Rain|p2a: Chien-Pao|[spread] p2b\n|-activate|p2a: Chien-Pao|move: Protect\n|-resisted|p2b: Ogerpon\n|-damage|p2b: Ogerpon|52\/100\n|-unboost|p1b: Gholdengo|spa|1\n|move|p2b: Ogerpon|Ivy Cudgel|p1a: Tornadus\n|-crit|p1a: Tornadus\n|-damage|p1a: Tornadus|0 fnt\n|faint|p1a: Tornadus\n|\n|-weather|RainDance|[upkeep]\n|-heal|p1b: Gholdengo|100\/100|[from] Grassy Terrain\n|-heal|p2b: Ogerpon|59\/100|[from] Grassy Terrain\n|upkeep\n|\n|t:|1699467090\n|switch|p1a: Rillaboom|Rillaboom, M|100\/100\n|-damage|p1a: Rillaboom|88\/100|[from] Stealth Rock\n|turn|10\n|\n|t:|1699467102\n|switch|p2a: Landorus|Landorus-Therian, M|39\/100 brn\n|-ability|p2a: Landorus|Intimidate|boost\n|-unboost|p1a: Rillaboom|atk|1\n|-unboost|p1b: Gholdengo|atk|1\n|move|p2b: Ogerpon|Spiky Shield|p2b: Ogerpon\n|-singleturn|p2b: Ogerpon|move: Protect\n|move|p1a: Rillaboom|Fake Out|p2a: Landorus\n|-damage|p2a: Landorus|30\/100 brn\n|move|p1b: Gholdengo|Make It Rain|p2a: Landorus|[spread] p2a\n|-activate|p2b: Ogerpon|move: Protect\n|-damage|p2a: Landorus|0 fnt\n|-unboost|p1b: Gholdengo|spa|1\n|faint|p2a: Landorus\n|\n|-weather|none\n|-heal|p1a: Rillaboom|94\/100|[from] Grassy Terrain\n|-heal|p2b: Ogerpon|65\/100|[from] Grassy Terrain\n|-fieldend|move: Grassy Terrain\n|upkeep\n|\n|t:|1699467105\n|switch|p2a: Chien-Pao|Chien-Pao|100\/100\n|-ability|p2a: Chien-Pao|Sword of Ruin\n|turn|11\n|\n|t:|1699467115\n|move|p2a: Chien-Pao|Protect|p2a: Chien-Pao\n|-singleturn|p2a: Chien-Pao|Protect\n|move|p1b: Gholdengo|Make It Rain|p2a: Chien-Pao|[spread] p2b\n|-activate|p2a: Chien-Pao|move: Protect\n|-resisted|p2b: Ogerpon\n|-crit|p2b: Ogerpon\n|-damage|p2b: Ogerpon|0 fnt\n|-unboost|p1b: Gholdengo|spa|1\n|faint|p2b: Ogerpon\n|move|p1a: Rillaboom|Wood Hammer|p2a: Chien-Pao\n|-activate|p2a: Chien-Pao|move: Protect\n|\n|upkeep\n|turn|12\n|c|\u2606trace|gg\n|j| kaori\u273f\n|\n|t:|1699467138\n|move|p2a: Chien-Pao|Protect|p2a: Chien-Pao\n|-singleturn|p2a: Chien-Pao|Protect\n|move|p1b: Gholdengo|Make It Rain|p2a: Chien-Pao\n|-activate|p2a: Chien-Pao|move: Protect\n|move|p1a: Rillaboom|Wood Hammer|p2a: Chien-Pao\n|-activate|p2a: Chien-Pao|move: Protect\n|\n|-sideend|p1: MajorBowman|move: Tailwind\n|upkeep\n|turn|13\n|\n|t:|1699467143\n|move|p2a: Chien-Pao|Icicle Crash|p1a: Rillaboom\n|-supereffective|p1a: Rillaboom\n|-crit|p1a: Rillaboom\n|-damage|p1a: Rillaboom|0 fnt\n|faint|p1a: Rillaboom\n|move|p1b: Gholdengo|Make It Rain|p2a: Chien-Pao\n|-supereffective|p2a: Chien-Pao\n|-enditem|p2a: Chien-Pao|Focus Sash\n|-damage|p2a: Chien-Pao|1\/100\n|-unboost|p1b: Gholdengo|spa|1\n|\n|upkeep\n|turn|14\n|\n|t:|1699467147\n|move|p2a: Chien-Pao|Brick Break|p1b: Gholdengo\n|-supereffective|p1b: Gholdengo\n|-damage|p1b: Gholdengo|21\/100\n|move|p1b: Gholdengo|Make It Rain|p2a: Chien-Pao\n|-supereffective|p2a: Chien-Pao\n|-damage|p2a: Chien-Pao|0 fnt\n|-unboost|p1b: Gholdengo|spa|1\n|faint|p2a: Chien-Pao\n|\n|win|MajorBowman\n|c|\u2606MajorBowman|gg\n|l|+talkingtree\n|l| a spiffy spaceman\n|l| theyummybagel\n","uploadtime":1699467157,"views":165,"p1id":"majorbowman","p2id":"trace","formatid":"gen9doublesou","rating":0,"private":0,"password":""}