{"id":"gen9doublesou-1978171679","p1":"cotesmcgotes","p2":"Breator","format":"[Gen 9] Doubles OU","log":"|j|\u2606cotesmcgotes\n|j|\u2606Breator\n|t:|1698507822\n|gametype|doubles\n|player|p1|cotesmcgotes|flannery|1433\n|player|p2|Breator|265|1450\n|teamsize|p1|6\n|teamsize|p2|6\n|gen|9\n|tier|[Gen 9] Doubles OU\n|rated|\n|rule|Species Clause: Limit one of each Pok\u00e9mon\n|rule|OHKO Clause: OHKO moves are banned\n|rule|Evasion Moves Clause: Evasion moves are banned\n|rule|Gravity Sleep Clause: The combination of sleep-inducing moves with imperfect accuracy and Gravity or Gigantamax Orbeetle are banned\n|rule|Endless Battle Clause: Forcing endless battles is banned\n|rule|HP Percentage Mod: HP is shown in percentages\n|clearpoke\n|poke|p1|Cresselia, F|\n|poke|p1|Enamorus-Therian, F|\n|poke|p1|Ogerpon-Hearthflame, F|\n|poke|p1|Roaring Moon|\n|poke|p1|Great Tusk|\n|poke|p1|Manaphy|\n|poke|p2|Chien-Pao|\n|poke|p2|Cresselia, F|\n|poke|p2|Snorlax, M|\n|poke|p2|Diancie|\n|poke|p2|Lurantis, F|\n|poke|p2|Armarouge, F|\n|teampreview\n|inactive|Battle timer is ON: inactive players will automatically lose when time's up. (requested by Breator)\n|\n|t:|1698507834\n|start\n|switch|p1a: Ogerpon|Ogerpon-Hearthflame, F|100\/100\n|switch|p1b: Great Tusk|Great Tusk|100\/100\n|switch|p2a: Cresselia|Cresselia, F|100\/100\n|switch|p2b: Snorlax|Snorlax, M|100\/100\n|-ability|p1a: Ogerpon|Mold Breaker\n|turn|1\n|\n|t:|1698507858\n|move|p1a: Ogerpon|Taunt|p2a: Cresselia\n|-start|p2a: Cresselia|move: Taunt\n|move|p1b: Great Tusk|Brick Break|p2b: Snorlax\n|-supereffective|p2b: Snorlax\n|-damage|p2b: Snorlax|21\/100\n|-enditem|p2b: Snorlax|Aguav Berry|[eat]\n|-heal|p2b: Snorlax|55\/100|[from] item: Aguav Berry\n|move|p2b: Snorlax|Belly Drum|p2b: Snorlax\n|-damage|p2b: Snorlax|5\/100\n|-setboost|p2b: Snorlax|atk|6|[from] move: Belly Drum\n|cant|p2a: Cresselia|move: Taunt|Trick Room\n|\n|upkeep\n|turn|2\n|inactive|Breator has 120 seconds left.\n|\n|t:|1698507891\n|switch|p2a: Diancie|Diancie|100\/100\n|move|p2b: Snorlax|Protect|p2b: Snorlax\n|-singleturn|p2b: Snorlax|Protect\n|move|p1a: Ogerpon|Ivy Cudgel|p2b: Snorlax\n|-activate|p2b: Snorlax|move: Protect\n|move|p1b: Great Tusk|Knock Off|p2a: Diancie\n|-resisted|p2a: Diancie\n|-damage|p2a: Diancie|87\/100\n|-enditem|p2a: Diancie|Weakness Policy|[from] move: Knock Off|[of] p1b: Great Tusk\n|\n|upkeep\n|turn|3\n|inactive|Breator has 120 seconds left.\n|\n|t:|1698507918\n|move|p1a: Ogerpon|Taunt|p2a: Diancie\n|-start|p2a: Diancie|move: Taunt\n|move|p1b: Great Tusk|Brick Break|p2b: Snorlax\n|-supereffective|p2b: Snorlax\n|-damage|p2b: Snorlax|0 fnt\n|faint|p2b: Snorlax\n|cant|p2a: Diancie|move: Taunt|Trick Room\n|\n|upkeep\n|inactive|Breator has 120 seconds left.\n|\n|t:|1698507924\n|switch|p2b: Chien-Pao|Chien-Pao|100\/100\n|-ability|p2b: Chien-Pao|Sword of Ruin\n|turn|4\n|\n|t:|1698507950\n|-terastallize|p1b: Great Tusk|Ice\n|move|p2b: Chien-Pao|Ice Spinner|p1b: Great Tusk\n|-resisted|p1b: Great Tusk\n|-damage|p1b: Great Tusk|84\/100\n|move|p1a: Ogerpon|Horn Leech|p2a: Diancie\n|-supereffective|p2a: Diancie\n|-damage|p2a: Diancie|0 fnt\n|faint|p2a: Diancie\n|move|p1b: Great Tusk|Brick Break|p2b: Chien-Pao\n|-supereffective|p2b: Chien-Pao\n|-enditem|p2b: Chien-Pao|Focus Sash\n|-damage|p2b: Chien-Pao|1\/100\n|\n|upkeep\n|\n|t:|1698507961\n|switch|p2a: Armarouge|Armarouge, F|100\/100\n|turn|5\n|\n|t:|1698507976\n|-end|p1b: Great Tusk|Protosynthesis|[silent]\n|switch|p1b: Enamorus|Enamorus-Therian, F|100\/100\n|move|p2b: Chien-Pao|Sucker Punch|p1a: Ogerpon\n|-damage|p1a: Ogerpon|40\/100\n|move|p1a: Ogerpon|Ivy Cudgel|p2b: Chien-Pao\n|-supereffective|p2b: Chien-Pao\n|-damage|p2b: Chien-Pao|0 fnt\n|faint|p2b: Chien-Pao\n|move|p2a: Armarouge|Heat Wave|p1b: Enamorus|[spread] p1a\n|-miss|p2a: Armarouge|p1b: Enamorus\n|-damage|p1a: Ogerpon|0 fnt\n|faint|p1a: Ogerpon\n|-damage|p2a: Armarouge|91\/100|[from] item: Life Orb\n|\n|upkeep\n|\n|t:|1698507995\n|switch|p2b: Cresselia|Cresselia, F|100\/100\n|switch|p1a: Manaphy|Manaphy|100\/100\n|turn|6\n|\n|t:|1698508012\n|move|p1a: Manaphy|Scald|p2a: Armarouge\n|-supereffective|p2a: Armarouge\n|-damage|p2a: Armarouge|0 fnt\n|faint|p2a: Armarouge\n|move|p1b: Enamorus|Tailwind|p1b: Enamorus\n|-sidestart|p1: cotesmcgotes|move: Tailwind\n|move|p2b: Cresselia|Trick Room|p2b: Cresselia\n|-fieldstart|move: Trick Room|[of] p2b: Cresselia\n|\n|upkeep\n|\n|t:|1698508019\n|switch|p2a: Lurantis|Lurantis, F, shiny|100\/100\n|turn|7\n|inactive|cotesmcgotes has 120 seconds left.\n|\n|t:|1698508051\n|switch|p1a: Roaring Moon|Roaring Moon|100\/100\n|-enditem|p1a: Roaring Moon|Booster Energy\n|-activate|p1a: Roaring Moon|ability: Protosynthesis|[fromitem]\n|-start|p1a: Roaring Moon|protosynthesisatk\n|move|p2a: Lurantis|Leaf Storm|p1a: Roaring Moon\n|-resisted|p1a: Roaring Moon\n|-damage|p1a: Roaring Moon|74\/100\n|-boost|p2a: Lurantis|spa|2\n|-damage|p2a: Lurantis|91\/100|[from] item: Life Orb\n|move|p2b: Cresselia|Moonblast|p1b: Enamorus\n|-damage|p1b: Enamorus|83\/100\n|move|p1b: Enamorus|Draining Kiss|p2b: Cresselia\n|-damage|p2b: Cresselia|84\/100\n|-heal|p1b: Enamorus|100\/100|[from] drain|[of] p2b: Cresselia\n|\n|upkeep\n|turn|8\n|inactive|cotesmcgotes has 120 seconds left.\n|\n|t:|1698508082\n|switch|p1b: Great Tusk|Great Tusk, tera:Ice|84\/100\n|move|p2b: Cresselia|Helping Hand|p2a: Lurantis\n|-singleturn|p2a: Lurantis|Helping Hand|[of] p2b: Cresselia\n|move|p2a: Lurantis|Pollen Puff|p1a: Roaring Moon\n|-supereffective|p1a: Roaring Moon\n|-damage|p1a: Roaring Moon|0 fnt\n|faint|p1a: Roaring Moon\n|-end|p1a: Roaring Moon|Protosynthesis|[silent]\n|-damage|p2a: Lurantis|81\/100|[from] item: Life Orb\n|\n|upkeep\n|inactive|cotesmcgotes has 90 seconds left.\n|\n|t:|1698508135\n|switch|p1a: Cresselia|Cresselia, F|100\/100\n|turn|9\n|inactive|cotesmcgotes has 90 seconds left.\n|\n|t:|1698508149\n|move|p2a: Lurantis|Leaf Storm|p1b: Great Tusk|[miss]\n|-miss|p2a: Lurantis|p1b: Great Tusk\n|move|p2b: Cresselia|Lunar Blessing|p2b: Cresselia|[spread] p2a,p2b\n|-heal|p2a: Lurantis|100\/100\n|-heal|p2b: Cresselia|100\/100\n|move|p1a: Cresselia|Thunder Wave|p2a: Lurantis\n|-status|p2a: Lurantis|par\n|move|p1b: Great Tusk|Ice Spinner|p2a: Lurantis\n|-supereffective|p2a: Lurantis\n|-damage|p2a: Lurantis|0 fnt\n|faint|p2a: Lurantis\n|\n|-sideend|p1: cotesmcgotes|move: Tailwind\n|upkeep\n|turn|10\n|-message|Breator forfeited.\n|\n|win|cotesmcgotes\n|raw|cotesmcgotes's rating: 1433 &rarr; <strong>1454<\/strong><br \/>(+21 for winning)\n|raw|Breator's rating: 1450 &rarr; <strong>1429<\/strong><br \/>(-21 for losing)\n|l|\u2606Breator\n","uploadtime":1698508169,"views":15,"p1id":"cotesmcgotes","p2id":"breator","formatid":"gen9doublesou","rating":1429,"private":0,"password":""}