{"id":"gen9doublesou-1968652267","p1":"Phoenix is cool","p2":"Inimicus2000","format":"[Gen 9] Doubles OU","log":"|j|\u2606Phoenix is cool\n|j|\u2606Inimicus2000\n|t:|1697448473\n|gametype|doubles\n|player|p1|Phoenix is cool|266|1204\n|player|p2|Inimicus2000|101|1247\n|teamsize|p1|6\n|teamsize|p2|6\n|gen|9\n|tier|[Gen 9] Doubles OU\n|rated|\n|rule|Species Clause: Limit one of each Pok\u00e9mon\n|rule|OHKO Clause: OHKO moves are banned\n|rule|Evasion Moves Clause: Evasion moves are banned\n|rule|Gravity Sleep Clause: The combination of sleep-inducing moves with imperfect accuracy and Gravity or Gigantamax Orbeetle are banned\n|rule|Endless Battle Clause: Forcing endless battles is banned\n|rule|HP Percentage Mod: HP is shown in percentages\n|clearpoke\n|poke|p1|Ogerpon-Hearthflame, F|\n|poke|p1|Ursaluna-Bloodmoon, M|\n|poke|p1|Cresselia, F|\n|poke|p1|Empoleon, F|\n|poke|p1|Moltres-Galar|\n|poke|p1|Goodra-Hisui, M|\n|poke|p2|Pelipper, F|\n|poke|p2|Basculegion-F, F|\n|poke|p2|Amoonguss, M|\n|poke|p2|Volcanion|\n|poke|p2|Dragonite, F|\n|poke|p2|Thundurus, M|\n|teampreview\n|inactive|Battle timer is ON: inactive players will automatically lose when time's up. (requested by Inimicus2000)\n|inactive|Phoenix is cool also wants the timer to be on.\n|\n|t:|1697448486\n|start\n|switch|p1a: Ogerpon|Ogerpon-Hearthflame, F|100\/100\n|switch|p1b: Empoleon|Empoleon, F, shiny|100\/100\n|switch|p2a: Pelipper|Pelipper, F, shiny|100\/100\n|switch|p2b: Basculegion|Basculegion-F, F|100\/100\n|-ability|p1a: Ogerpon|Mold Breaker\n|-weather|RainDance|[from] ability: Drizzle|[of] p2a: Pelipper\n|turn|1\n|\n|t:|1697448510\n|switch|p2a: Volcanion|Volcanion|100\/100\n|move|p2b: Basculegion|Surf|p1b: Empoleon|[spread] p1a,p1b\n|-immune|p2a: Volcanion|[from] ability: Water Absorb\n|-resisted|p1b: Empoleon\n|-crit|p1b: Empoleon\n|-damage|p1a: Ogerpon|37\/100\n|-damage|p1b: Empoleon|42\/100\n|move|p1a: Ogerpon|Horn Leech|p2b: Basculegion\n|-supereffective|p2b: Basculegion\n|-damage|p2b: Basculegion|1\/100\n|-heal|p1a: Ogerpon|92\/100|[from] drain|[of] p2b: Basculegion\n|move|p1b: Empoleon|Ice Beam|p2a: Volcanion\n|-resisted|p2a: Volcanion\n|-crit|p2a: Volcanion\n|-damage|p2a: Volcanion|93\/100\n|\n|-weather|RainDance|[upkeep]\n|upkeep\n|turn|2\n|inactive|Phoenix is cool has 120 seconds left.\n|inactive|Inimicus2000 has 120 seconds left.\n|\n|t:|1697448559\n|switch|p1b: Goodra|Goodra-Hisui, M, shiny|100\/100\n|move|p2b: Basculegion|Surf|p1b: Goodra|[spread] p1a,p1b\n|-heal|p2a: Volcanion|100\/100|[from] ability: Water Absorb|[of] p2b: Basculegion\n|-resisted|p1b: Goodra\n|-damage|p1a: Ogerpon|28\/100\n|-damage|p1b: Goodra|83\/100\n|move|p1a: Ogerpon|Play Rough|p2a: Volcanion\n|-resisted|p2a: Volcanion\n|-damage|p2a: Volcanion|87\/100\n|move|p2a: Volcanion|Hydro Pump|p1a: Ogerpon\n|-damage|p1a: Ogerpon|0 fnt\n|faint|p1a: Ogerpon\n|\n|-weather|RainDance|[upkeep]\n|upkeep\n|\n|t:|1697448574\n|switch|p1a: Cresselia|Cresselia, F, shiny|100\/100\n|turn|3\n|\n|t:|1697448582\n|move|p2b: Basculegion|Surf|p1a: Cresselia|[spread] p1a,p1b\n|-heal|p2a: Volcanion|100\/100|[from] ability: Water Absorb|[of] p2b: Basculegion\n|-resisted|p1b: Goodra\n|-damage|p1a: Cresselia|52\/100\n|-damage|p1b: Goodra|63\/100\n|move|p1a: Cresselia|Thunder Wave|p2a: Volcanion\n|-status|p2a: Volcanion|par\n|move|p1b: Goodra|Thunderbolt|p2b: Basculegion\n|-supereffective|p2b: Basculegion\n|-damage|p2b: Basculegion|0 fnt\n|faint|p2b: Basculegion\n|cant|p2a: Volcanion|par\n|\n|-weather|RainDance|[upkeep]\n|upkeep\n|inactive|Inimicus2000 has 120 seconds left.\n|\n|t:|1697448603\n|switch|p2b: Thundurus|Thundurus, M|100\/100\n|turn|4\n|\n|t:|1697448628\n|move|p2b: Thundurus|Thunder|p1b: Goodra\n|-resisted|p1b: Goodra\n|-damage|p1b: Goodra|47\/100\n|move|p1a: Cresselia|Moonblast|p2a: Volcanion\n|-resisted|p2a: Volcanion\n|-damage|p2a: Volcanion|92\/100 par\n|move|p1b: Goodra|Ice Beam|p2b: Thundurus\n|-supereffective|p2b: Thundurus\n|-damage|p2b: Thundurus|36\/100\n|cant|p2a: Volcanion|par\n|\n|-weather|RainDance|[upkeep]\n|upkeep\n|turn|5\n|j| hoiymenomimnn 4v6\n|\n|t:|1697448645\n|move|p1a: Cresselia|Protect|p1a: Cresselia\n|-singleturn|p1a: Cresselia|Protect\n|move|p2b: Thundurus|Thunder|p1a: Cresselia\n|-activate|p1a: Cresselia|move: Protect\n|move|p1b: Goodra|Ice Beam|p2b: Thundurus\n|-supereffective|p2b: Thundurus\n|-damage|p2b: Thundurus|0 fnt\n|faint|p2b: Thundurus\n|move|p2a: Volcanion|Will-O-Wisp|p1b: Goodra|[miss]\n|-miss|p2a: Volcanion|p1b: Goodra\n|\n|-weather|RainDance|[upkeep]\n|upkeep\n|\n|t:|1697448664\n|switch|p2b: Amoonguss|Amoonguss, M|100\/100\n|turn|6\n|\n|t:|1697448677\n|move|p1a: Cresselia|Thunder Wave|p2b: Amoonguss\n|-status|p2b: Amoonguss|par\n|move|p1b: Goodra|Ice Beam|p2b: Amoonguss\n|-supereffective|p2b: Amoonguss\n|-crit|p2b: Amoonguss\n|-damage|p2b: Amoonguss|58\/100 par\n|move|p2a: Volcanion|Will-O-Wisp|p1b: Goodra\n|-status|p1b: Goodra|brn\n|move|p2b: Amoonguss|Toxic|p1a: Cresselia\n|-status|p1a: Cresselia|tox\n|\n|-weather|RainDance|[upkeep]\n|-heal|p2b: Amoonguss|65\/100 par|[from] item: Leftovers\n|-damage|p1a: Cresselia|46\/100 tox|[from] psn\n|-damage|p1b: Goodra|41\/100 brn|[from] brn\n|upkeep\n|turn|7\n|inactive|Phoenix is cool has 120 seconds left.\n|\n|t:|1697448711\n|-terastallize|p1b: Goodra|Electric\n|move|p1a: Cresselia|Moonblast|p2b: Amoonguss\n|-resisted|p2b: Amoonguss\n|-damage|p2b: Amoonguss|57\/100 par\n|move|p1b: Goodra|Thunderbolt|p2a: Volcanion\n|-supereffective|p2a: Volcanion\n|-damage|p2a: Volcanion|40\/100 par\n|move|p2a: Volcanion|Hydro Pump|p1a: Cresselia\n|-damage|p1a: Cresselia|0 fnt\n|faint|p1a: Cresselia\n|move|p2b: Amoonguss|Giga Drain|p1b: Goodra\n|-damage|p1b: Goodra|29\/100 brn\n|-heal|p2b: Amoonguss|62\/100 par|[from] drain|[of] p1b: Goodra\n|\n|-weather|RainDance|[upkeep]\n|-heal|p2b: Amoonguss|68\/100 par|[from] item: Leftovers\n|-damage|p1b: Goodra|23\/100 brn|[from] brn\n|upkeep\n|inactive|Phoenix is cool has 120 seconds left.\n|\n|t:|1697448730\n|switch|p1a: Empoleon|Empoleon, F, shiny|42\/100\n|turn|8\n|\n|t:|1697448742\n|switch|p2a: Dragonite|Dragonite, F|100\/100\n|move|p1a: Empoleon|Ice Beam|p2b: Amoonguss\n|-supereffective|p2b: Amoonguss\n|-damage|p2b: Amoonguss|32\/100 par\n|move|p1b: Goodra|Thunderbolt|p2a: Dragonite\n|-damage|p2a: Dragonite|83\/100\n|move|p2b: Amoonguss|Stun Spore|p1a: Empoleon\n|-status|p1a: Empoleon|par\n|\n|-weather|none\n|-heal|p2b: Amoonguss|38\/100 par|[from] item: Leftovers\n|-damage|p1b: Goodra|17\/100 brn|[from] brn\n|upkeep\n|turn|9\n|\n|t:|1697448762\n|switch|p2b: Pelipper|Pelipper, F, shiny|100\/100\n|-weather|RainDance|[from] ability: Drizzle|[of] p2b: Pelipper\n|move|p2a: Dragonite|Dragon Claw|p1b: Goodra\n|-damage|p1b: Goodra|0 fnt\n|-ability|p1b: Goodra|Gooey\n|-unboost|p2a: Dragonite|spe|1\n|faint|p1b: Goodra\n|move|p1a: Empoleon|Ice Beam|p2a: Dragonite\n|-supereffective|p2a: Dragonite\n|-damage|p2a: Dragonite|0 fnt\n|faint|p2a: Dragonite\n|\n|-weather|RainDance|[upkeep]\n|upkeep\n|\n|t:|1697448790\n|switch|p2a: Volcanion|Volcanion|40\/100 par\n|switch|p1b: Moltres|Moltres-Galar, shiny|100\/100\n|turn|10\n|\n|t:|1697448802\n|move|p1b: Moltres|Tailwind|p1b: Moltres\n|-sidestart|p1: Phoenix is cool|move: Tailwind\n|move|p1a: Empoleon|Ice Beam|p2b: Pelipper\n|-damage|p2b: Pelipper|58\/100\n|move|p2b: Pelipper|Surf|p1a: Empoleon|[spread] p1a,p1b\n|-heal|p2a: Volcanion|65\/100 par|[from] ability: Water Absorb|[of] p2b: Pelipper\n|-resisted|p1a: Empoleon\n|-damage|p1a: Empoleon|23\/100 par\n|-damage|p1b: Moltres|71\/100\n|move|p2a: Volcanion|Rock Slide|p1b: Moltres|[spread] p1a,p1b\n|-resisted|p1a: Empoleon\n|-supereffective|p1b: Moltres\n|-damage|p1a: Empoleon|16\/100 par\n|-damage|p1b: Moltres|44\/100\n|-ability|p1b: Moltres|Berserk|boost\n|-boost|p1b: Moltres|spa|1\n|-enditem|p1b: Moltres|Sitrus Berry|[eat]\n|-heal|p1b: Moltres|69\/100|[from] item: Sitrus Berry\n|\n|-weather|RainDance|[upkeep]\n|upkeep\n|turn|11\n|\n|t:|1697448827\n|move|p1b: Moltres|Fiery Wrath|p2a: Volcanion|[spread] p2a,p2b\n|-damage|p2a: Volcanion|41\/100 par\n|-damage|p2b: Pelipper|7\/100\n|move|p1a: Empoleon|Ice Beam|p2b: Pelipper\n|-damage|p2b: Pelipper|0 fnt\n|faint|p2b: Pelipper\n|move|p2a: Volcanion|Rock Slide|p1a: Empoleon|[spread] p1b\n|-miss|p2a: Volcanion|p1a: Empoleon\n|-supereffective|p1b: Moltres\n|-damage|p1b: Moltres|45\/100\n|-ability|p1b: Moltres|Berserk|boost\n|-boost|p1b: Moltres|spa|1\n|\n|-weather|RainDance|[upkeep]\n|upkeep\n|-message|Inimicus2000 forfeited.\n|\n|win|Phoenix is cool\n|raw|Phoenix is cool's rating: 1204 &rarr; <strong>1232<\/strong><br \/>(+28 for winning)\n|raw|Inimicus2000's rating: 1247 &rarr; <strong>1219<\/strong><br \/>(-28 for losing)\n|l|\u2606Inimicus2000\n|l|\u2606Phoenix is cool\n","uploadtime":1697448863,"views":6,"p1id":"phoenixiscool","p2id":"inimicus2000","formatid":"gen9doublesou","rating":1219,"private":0,"password":""}