{"id":"gen9doublesou-1989472237","p1":"Nesugosu","p2":"Sneaky4522","format":"[Gen 9] Doubles OU","log":"|j|\u2606Nesugosu\n|j|\u2606Sneaky4522\n|t:|1699855991\n|gametype|doubles\n|player|p1|Nesugosu|pokemonbreeder-gen4|1291\n|player|p2|Sneaky4522|juliana-bb|1288\n|teamsize|p1|6\n|teamsize|p2|6\n|gen|9\n|tier|[Gen 9] Doubles OU\n|rated|\n|rule|Species Clause: Limit one of each Pok\u00e9mon\n|rule|OHKO Clause: OHKO moves are banned\n|rule|Evasion Moves Clause: Evasion moves are banned\n|rule|Gravity Sleep Clause: The combination of sleep-inducing moves with imperfect accuracy and Gravity or Gigantamax Orbeetle are banned\n|rule|Endless Battle Clause: Forcing endless battles is banned\n|rule|HP Percentage Mod: HP is shown in percentages\n|clearpoke\n|poke|p1|Zoroark-Hisui, M|\n|poke|p1|Chi-Yu|\n|poke|p1|Sandy Shocks|\n|poke|p1|Sinistcha-Masterpiece|\n|poke|p1|Staraptor, M|\n|poke|p1|Cinderace, F|\n|poke|p2|Zapdos|\n|poke|p2|Ninetales-Alola, M|\n|poke|p2|Gyarados, F|\n|poke|p2|Sinistcha|\n|poke|p2|Arcanine, M|\n|poke|p2|Dipplin, F|\n|teampreview\n|inactive|Battle timer is ON: inactive players will automatically lose when time's up. (requested by Sneaky4522)\n|inactive|Nesugosu has 120 seconds left.\n|\n|t:|1699856025\n|start\n|switch|p1a: Chi-Yu|Chi-Yu|100\/100\n|switch|p1b: Staraptor|Staraptor, M|100\/100\n|switch|p2a: Ninetales|Ninetales-Alola, M|100\/100\n|switch|p2b: Dripplin|Dipplin, F, shiny|100\/100\n|-weather|Snow|[from] ability: Snow Warning|[of] p2a: Ninetales\n|-ability|p1a: Chi-Yu|Beads of Ruin\n|-ability|p2b: Dripplin|Supersweet Syrup\n|-ability|p2b: Dripplin|Supersweet Syrup|boost\n|-unboost|p1a: Chi-Yu|evasion|1\n|-unboost|p1b: Staraptor|evasion|1\n|turn|1\n|\n|t:|1699856048\n|move|p2a: Ninetales|Blizzard|p1a: Chi-Yu|[spread] p1a,p1b\n|-resisted|p1a: Chi-Yu\n|-damage|p1a: Chi-Yu|81\/100\n|-damage|p1b: Staraptor|9\/100\n|-status|p1a: Chi-Yu|frz\n|replace|p1b: Taiyo|Zoroark-Hisui, M\n|-end|p1b: Taiyo|Illusion\n|move|p1b: Taiyo|Hyper Voice|p2b: Dripplin|[spread] p2a,p2b\n|-damage|p2a: Ninetales|15\/100\n|-damage|p2b: Dripplin|61\/100\n|cant|p1a: Chi-Yu|frz\n|move|p2b: Dripplin|Syrup Bomb|p1a: Chi-Yu\n|-resisted|p1a: Chi-Yu\n|-damage|p1a: Chi-Yu|68\/100 frz\n|-start|p1a: Chi-Yu|Syrup Bomb\n|\n|-weather|Snow|[upkeep]\n|-heal|p1a: Chi-Yu|74\/100 frz|[from] item: Leftovers\n|-unboost|p1a: Chi-Yu|spe|1\n|upkeep\n|turn|2\n|c|\u2606Nesugosu|Well shit \ud83e\udd23\n|inactive|Nesugosu has 120 seconds left.\n|\n|t:|1699856082\n|move|p2a: Ninetales|Blizzard|p1b: Taiyo|[spread] p1a,p1b\n|-resisted|p1a: Chi-Yu\n|-damage|p1a: Chi-Yu|53\/100 frz\n|-damage|p1b: Taiyo|0 fnt\n|faint|p1b: Taiyo\n|-curestatus|p1a: Chi-Yu|frz|[msg]\n|move|p1a: Chi-Yu|Heat Wave|p2a: Ninetales|[spread] p2a,p2b\n|-supereffective|p2a: Ninetales\n|-damage|p2a: Ninetales|0 fnt\n|-damage|p2b: Dripplin|33\/100\n|faint|p2a: Ninetales\n|move|p2b: Dripplin|Pollen Puff|p1a: Chi-Yu\n|-damage|p1a: Chi-Yu|31\/100\n|\n|-weather|Snow|[upkeep]\n|-heal|p1a: Chi-Yu|37\/100|[from] item: Leftovers\n|-unboost|p1a: Chi-Yu|spe|1\n|upkeep\n|\n|t:|1699856100\n|switch|p1b: Sinistcha|Sinistcha-Masterpiece|100\/100\n|switch|p2a: Sinistcha|Sinistcha|100\/100\n|-heal|p2b: Dripplin|58\/100|[from] ability: Hospitality|[of] p2a: Sinistcha\n|-heal|p1a: Chi-Yu|61\/100|[from] ability: Hospitality|[of] p1b: Sinistcha\n|turn|3\n|\n|t:|1699856122\n|switch|p1b: Cinderace|Cinderace, F|100\/100\n|move|p1a: Chi-Yu|Protect|p1a: Chi-Yu\n|-singleturn|p1a: Chi-Yu|Protect\n|move|p2a: Sinistcha|Hex|p1b: Cinderace\n|-damage|p1b: Cinderace|53\/100\n|move|p2b: Dripplin|Recover|p2b: Dripplin\n|-heal|p2b: Dripplin|100\/100\n|\n|-weather|Snow|[upkeep]\n|-heal|p1a: Chi-Yu|67\/100|[from] item: Leftovers\n|-unboost|p1a: Chi-Yu|spe|1\n|upkeep\n|turn|4\n|\n|t:|1699856149\n|switch|p2a: Arcanine|Arcanine, M|100\/100\n|-ability|p2a: Arcanine|Intimidate|boost\n|-unboost|p1a: Chi-Yu|atk|1\n|-unboost|p1b: Cinderace|atk|1\n|move|p1b: Cinderace|Sucker Punch||[still]\n|-fail|p1b: Cinderace\n|move|p1a: Chi-Yu|Heat Wave|p2b: Dripplin|[spread] p2a,p2b\n|-resisted|p2a: Arcanine\n|-damage|p2a: Arcanine|67\/100\n|-damage|p2b: Dripplin|72\/100\n|move|p2b: Dripplin|Syrup Bomb|p1b: Cinderace\n|-resisted|p1b: Cinderace\n|-damage|p1b: Cinderace|34\/100\n|-start|p1b: Cinderace|Syrup Bomb\n|\n|-weather|Snow|[upkeep]\n|-heal|p1a: Chi-Yu|73\/100|[from] item: Leftovers\n|-unboost|p1b: Cinderace|spe|1\n|-end|p1a: Chi-Yu|Syrup Bomb|[silent]\n|upkeep\n|turn|5\n|inactive|Nesugosu has 120 seconds left.\n|\n|t:|1699856180\n|switch|p1a: Sinistcha|Sinistcha-Masterpiece|100\/100\n|-heal|p1b: Cinderace|59\/100|[from] ability: Hospitality|[of] p1a: Sinistcha\n|move|p2a: Arcanine|Play Rough|p1a: Sinistcha|[miss]\n|-miss|p2a: Arcanine|p1a: Sinistcha\n|move|p1b: Cinderace|U-turn|p2b: Dripplin\n|-start|p1b: Cinderace|typechange|Bug|[from] ability: Libero\n|-supereffective|p2b: Dripplin\n|-damage|p2b: Dripplin|48\/100\n|inactive|Nesugosu has 120 seconds left.\n|\n|t:|1699856192\n|switch|p1b: Staraptor|Staraptor, M|100\/100|[from] U-turn\n|-ability|p1b: Staraptor|Intimidate|boost\n|-unboost|p2a: Arcanine|atk|1\n|-unboost|p2b: Dripplin|atk|1\n|move|p2b: Dripplin|Recover|p2b: Dripplin\n|-heal|p2b: Dripplin|98\/100\n|\n|-weather|none\n|upkeep\n|turn|6\n|inactive|Nesugosu has 120 seconds left.\n|\n|t:|1699856226\n|switch|p2a: Gyarados|Gyarados, F|100\/100\n|-ability|p2a: Gyarados|Intimidate|boost\n|-unboost|p1a: Sinistcha|atk|1\n|-unboost|p1b: Staraptor|atk|1\n|-enditem|p1b: Staraptor|White Herb\n|-clearnegativeboost|p1b: Staraptor|[silent]\n|-terastallize|p2b: Dripplin|Steel\n|move|p1b: Staraptor|Close Combat|p2b: Dripplin\n|-supereffective|p2b: Dripplin\n|-damage|p2b: Dripplin|58\/100\n|-unboost|p1b: Staraptor|def|1\n|-unboost|p1b: Staraptor|spd|1\n|move|p1a: Sinistcha|Scald|p2a: Gyarados\n|-resisted|p2a: Gyarados\n|-damage|p2a: Gyarados|93\/100\n|-status|p2a: Gyarados|brn\n|move|p2b: Dripplin|Syrup Bomb|p1b: Staraptor\n|-resisted|p1b: Staraptor\n|-damage|p1b: Staraptor|75\/100\n|-start|p1b: Staraptor|Syrup Bomb\n|\n|-damage|p2a: Gyarados|87\/100 brn|[from] brn\n|-unboost|p1b: Staraptor|spe|1\n|upkeep\n|turn|7\n|inactive|Nesugosu has 120 seconds left.\n|\n|t:|1699856256\n|move|p2b: Dripplin|Protect|p2b: Dripplin\n|-singleturn|p2b: Dripplin|Protect\n|move|p1b: Staraptor|U-turn|p2b: Dripplin\n|-activate|p2b: Dripplin|move: Protect\n|move|p2a: Gyarados|Thunder Wave|p1b: Staraptor\n|-status|p1b: Staraptor|par\n|move|p1a: Sinistcha|Hex|p2a: Gyarados\n|-damage|p2a: Gyarados|54\/100 brn\n|\n|-damage|p2a: Gyarados|48\/100 brn|[from] brn\n|-unboost|p1b: Staraptor|spe|1\n|upkeep\n|turn|8\n|inactive|Nesugosu has 120 seconds left.\n|\n|t:|1699856280\n|switch|p2a: Arcanine|Arcanine, M|67\/100\n|-ability|p2a: Arcanine|Intimidate|boost\n|-unboost|p1a: Sinistcha|atk|1\n|-unboost|p1b: Staraptor|atk|1\n|move|p1a: Sinistcha|Hex|p2a: Arcanine\n|-damage|p2a: Arcanine|34\/100\n|move|p2b: Dripplin|Recover|p2b: Dripplin\n|-heal|p2b: Dripplin|100\/100\n|move|p1b: Staraptor|U-turn|p2b: Dripplin\n|-resisted|p2b: Dripplin\n|-damage|p2b: Dripplin|96\/100\n|\n|t:|1699856298\n|switch|p1b: Sandy Shocks|Sandy Shocks|100\/100|[from] U-turn\n|\n|upkeep\n|turn|9\n|inactive|Nesugosu has 120 seconds left.\n|\n|t:|1699856309\n|move|p2a: Arcanine|Protect|p2a: Arcanine\n|-singleturn|p2a: Arcanine|Protect\n|move|p1b: Sandy Shocks|Earth Power|p2a: Arcanine\n|-activate|p2a: Arcanine|move: Protect\n|move|p1a: Sinistcha|Matcha Gotcha|p2b: Dripplin|[spread] p2b\n|-activate|p2a: Arcanine|move: Protect\n|-resisted|p2b: Dripplin\n|-damage|p2b: Dripplin|90\/100\n|move|p2b: Dripplin|Syrup Bomb|p1b: Sandy Shocks\n|-supereffective|p1b: Sandy Shocks\n|-damage|p1b: Sandy Shocks|52\/100\n|-start|p1b: Sandy Shocks|Syrup Bomb\n|\n|-unboost|p1b: Sandy Shocks|spe|1\n|upkeep\n|turn|10\n|\n|t:|1699856326\n|switch|p1a: Staraptor|Staraptor, M|75\/100 par\n|-ability|p1a: Staraptor|Intimidate|boost\n|-unboost|p2a: Arcanine|atk|1\n|-unboost|p2b: Dripplin|atk|1\n|move|p2a: Arcanine|Flare Blitz|p1a: Staraptor\n|-damage|p1a: Staraptor|19\/100 par\n|-damage|p2a: Arcanine|17\/100|[from] Recoil\n|move|p1b: Sandy Shocks|Earth Power|p2a: Arcanine\n|-supereffective|p2a: Arcanine\n|-damage|p2a: Arcanine|0 fnt\n|faint|p2a: Arcanine\n|move|p2b: Dripplin|Syrup Bomb|p1b: Sandy Shocks\n|-supereffective|p1b: Sandy Shocks\n|-damage|p1b: Sandy Shocks|1\/100\n|\n|-unboost|p1b: Sandy Shocks|spe|1\n|upkeep\n|\n|t:|1699856343\n|switch|p2a: SpheaI|Zapdos|100\/100\n|turn|11\n|\n|t:|1699856367\n|-end|p1b: Sandy Shocks|Protosynthesis|[silent]\n|switch|p1b: Chi-Yu|Chi-Yu|73\/100\n|-ability|p1b: Chi-Yu|Beads of Ruin\n|switch|p1a: Sinistcha|Sinistcha-Masterpiece|100\/100\n|-heal|p1b: Chi-Yu|98\/100|[from] ability: Hospitality|[of] p1a: Sinistcha\n|move|p2b: Dripplin|Protect|p2b: Dripplin\n|-singleturn|p2b: Dripplin|Protect\n|move|p2a: SpheaI|Heat Wave|p1b: Chi-Yu|[spread] p1a,p1b\n|-supereffective|p1a: Sinistcha\n|-resisted|p1b: Chi-Yu\n|-damage|p1a: Sinistcha|25\/100\n|-damage|p1b: Chi-Yu|84\/100\n|\n|-heal|p1b: Chi-Yu|90\/100|[from] item: Leftovers\n|-heal|p1a: Sinistcha|31\/100|[from] item: Leftovers\n|upkeep\n|turn|12\n|\n|t:|1699856391\n|move|p1a: Sinistcha|Protect|p1a: Sinistcha\n|-singleturn|p1a: Sinistcha|Protect\n|move|p1b: Chi-Yu|Heat Wave|p2a: SpheaI|[spread] p2a\n|-miss|p1b: Chi-Yu|p2b: Dripplin\n|-damage|p2a: SpheaI|43\/100\n|move|p2a: SpheaI|Heat Wave|p1b: Chi-Yu|[spread] p1b\n|-activate|p1a: Sinistcha|move: Protect\n|-resisted|p1b: Chi-Yu\n|-damage|p1b: Chi-Yu|76\/100\n|move|p2b: Dripplin|Syrup Bomb|p1b: Chi-Yu\n|-resisted|p1b: Chi-Yu\n|-damage|p1b: Chi-Yu|64\/100\n|-start|p1b: Chi-Yu|Syrup Bomb\n|\n|-heal|p1b: Chi-Yu|70\/100|[from] item: Leftovers\n|-heal|p1a: Sinistcha|37\/100|[from] item: Leftovers\n|-unboost|p1b: Chi-Yu|spe|1\n|upkeep\n|turn|13\n|inactive|Nesugosu has 120 seconds left.\n|\n|t:|1699856442\n|switch|p1a: Staraptor|Staraptor, M|19\/100 par\n|-ability|p1a: Staraptor|Intimidate|boost\n|-unboost|p2a: SpheaI|atk|1\n|-unboost|p2b: Dripplin|atk|1\n|move|p2a: SpheaI|Heat Wave|p1a: Staraptor|[spread] p1a,p1b\n|-resisted|p1b: Chi-Yu\n|-damage|p1a: Staraptor|0 fnt\n|-damage|p1b: Chi-Yu|55\/100\n|faint|p1a: Staraptor\n|move|p1b: Chi-Yu|Snarl|p2b: Dripplin|[spread] p2a,p2b\n|-damage|p2a: SpheaI|10\/100\n|-damage|p2b: Dripplin|73\/100\n|-unboost|p2a: SpheaI|spa|1\n|-unboost|p2b: Dripplin|spa|1\n|move|p2b: Dripplin|Pollen Puff|p2a: SpheaI\n|-heal|p2a: SpheaI|59\/100\n|\n|-heal|p1b: Chi-Yu|61\/100|[from] item: Leftovers\n|-unboost|p1b: Chi-Yu|spe|1\n|upkeep\n|inactive|Nesugosu has 90 seconds left.\n|\n|t:|1699856462\n|switch|p1a: Sandy Shocks|Sandy Shocks|1\/100\n|turn|14\n|\n|t:|1699856481\n|switch|p2a: Gyarados|Gyarados, F|48\/100 brn\n|-ability|p2a: Gyarados|Intimidate|boost\n|-unboost|p1a: Sandy Shocks|atk|1\n|-unboost|p1b: Chi-Yu|atk|1\n|switch|p1b: Sinistcha|Sinistcha-Masterpiece|37\/100\n|-heal|p1a: Sandy Shocks|26\/100|[from] ability: Hospitality|[of] p1b: Sinistcha\n|-terastallize|p1a: Sandy Shocks|Ice\n|move|p1a: Sandy Shocks|Tera Blast|p2a: Gyarados|[anim] Tera Blast Ice\n|-damage|p2a: Gyarados|22\/100 brn\n|move|p2b: Dripplin|Recover|p2b: Dripplin\n|-heal|p2b: Dripplin|100\/100\n|\n|-heal|p1b: Sinistcha|44\/100|[from] item: Leftovers\n|-damage|p2a: Gyarados|15\/100 brn|[from] brn\n|upkeep\n|turn|15\n|inactive|Nesugosu has 120 seconds left.\n|\n|t:|1699856511\n|move|p1a: Sandy Shocks|Volt Switch|p2a: Gyarados\n|-supereffective|p2a: Gyarados\n|-damage|p2a: Gyarados|0 fnt\n|faint|p2a: Gyarados\n|\n|t:|1699856526\n|-end|p1a: Sandy Shocks|Protosynthesis|[silent]\n|switch|p1a: Cinderace|Cinderace, F|59\/100|[from] Volt Switch\n|move|p1b: Sinistcha|Matcha Gotcha|p2b: Dripplin\n|-resisted|p2b: Dripplin\n|-damage|p2b: Dripplin|91\/100\n|-heal|p1b: Sinistcha|48\/100|[from] drain|[of] p2b: Dripplin\n|move|p2b: Dripplin|Syrup Bomb|p1a: Cinderace\n|-resisted|p1a: Cinderace\n|-damage|p1a: Cinderace|49\/100\n|-start|p1a: Cinderace|Syrup Bomb\n|\n|-heal|p1b: Sinistcha|55\/100|[from] item: Leftovers\n|-unboost|p1a: Cinderace|spe|1\n|upkeep\n|\n|t:|1699856531\n|switch|p2a: SpheaI|Zapdos|59\/100\n|turn|16\n|inactive|Nesugosu has 120 seconds left.\n|\n|t:|1699856546\n|move|p1b: Sinistcha|Protect|p1b: Sinistcha\n|-singleturn|p1b: Sinistcha|Protect\n|move|p2b: Dripplin|Protect|p2b: Dripplin\n|-singleturn|p2b: Dripplin|Protect\n|move|p2a: SpheaI|Heat Wave|p1a: Cinderace|[spread] p1a\n|-activate|p1b: Sinistcha|move: Protect\n|-resisted|p1a: Cinderace\n|-damage|p1a: Cinderace|30\/100\n|move|p1a: Cinderace|Pyro Ball|p2b: Dripplin\n|-activate|p2b: Dripplin|move: Protect\n|\n|-heal|p1b: Sinistcha|61\/100|[from] item: Leftovers\n|-unboost|p1a: Cinderace|spe|1\n|upkeep\n|turn|17\n|\n|t:|1699856567\n|switch|p1b: Chi-Yu|Chi-Yu|61\/100\n|-ability|p1b: Chi-Yu|Beads of Ruin\n|switch|p2b: Sinistcha|Sinistcha|100\/100\n|-heal|p2a: SpheaI|84\/100|[from] ability: Hospitality|[of] p2b: Sinistcha\n|move|p2a: SpheaI|Heat Wave|p1b: Chi-Yu|[spread] p1b\n|-miss|p2a: SpheaI|p1a: Cinderace\n|-resisted|p1b: Chi-Yu\n|-damage|p1b: Chi-Yu|48\/100\n|move|p1a: Cinderace|Pyro Ball|p2b: Sinistcha\n|-supereffective|p2b: Sinistcha\n|-damage|p2b: Sinistcha|28\/100\n|-enditem|p2b: Sinistcha|Sitrus Berry|[eat]\n|-heal|p2b: Sinistcha|53\/100|[from] item: Sitrus Berry\n|\n|-heal|p1b: Chi-Yu|53\/100|[from] item: Leftovers\n|-unboost|p1a: Cinderace|spe|1\n|upkeep\n|turn|18\n|\n|t:|1699856593\n|move|p2b: Sinistcha|Protect|p2b: Sinistcha\n|-singleturn|p2b: Sinistcha|Protect\n|move|p1a: Cinderace|Sucker Punch||[still]\n|-fail|p1a: Cinderace\n|move|p2a: SpheaI|Thunderbolt|p1b: Chi-Yu\n|-damage|p1b: Chi-Yu|0 fnt\n|faint|p1b: Chi-Yu\n|\n|-end|p1a: Cinderace|Syrup Bomb|[silent]\n|upkeep\n|inactive|Nesugosu has 120 seconds left.\n|\n|t:|1699856607\n|switch|p1b: Sandy Shocks|Sandy Shocks, tera:Ice|26\/100\n|turn|19\n|\n|t:|1699856622\n|switch|p1a: Sinistcha|Sinistcha-Masterpiece|61\/100\n|-heal|p1b: Sandy Shocks|50\/100|[from] ability: Hospitality|[of] p1a: Sinistcha\n|move|p2b: Sinistcha|Rage Powder|p2b: Sinistcha\n|-singleturn|p2b: Sinistcha|move: Rage Powder\n|move|p1b: Sandy Shocks|Tera Blast|p2b: Sinistcha|[anim] Tera Blast Ice\n|-supereffective|p2b: Sinistcha\n|-damage|p2b: Sinistcha|0 fnt\n|faint|p2b: Sinistcha\n|move|p2a: SpheaI|Heat Wave|p1a: Sinistcha|[spread] p1a,p1b\n|-supereffective|p1a: Sinistcha\n|-supereffective|p1b: Sandy Shocks\n|-damage|p1a: Sinistcha|5\/100\n|-damage|p1b: Sandy Shocks|0 fnt\n|-status|p1a: Sinistcha|brn\n|faint|p1b: Sandy Shocks\n|-end|p1b: Sandy Shocks|Protosynthesis|[silent]\n|\n|-heal|p1a: Sinistcha|11\/100 brn|[from] item: Leftovers\n|-damage|p1a: Sinistcha|5\/100 brn|[from] brn\n|upkeep\n|\n|t:|1699856641\n|switch|p1b: Cinderace|Cinderace, F|30\/100\n|switch|p2b: Dripplin|Dipplin, F, shiny, tera:Steel|91\/100\n|turn|20\n|c|\u2606Nesugosu|Well played\n|c|\u2606Sneaky4522|same to u\n|c|\u2606Nesugosu|I loose :)\n|c|\u2606Nesugosu|Very very gg\n|inactive|Nesugosu has 120 seconds left.\n|inactive|Sneaky4522 has 120 seconds left.\n|c|\u2606Sneaky4522|ngl i dont know how dipplin gets 400 def with eviolite\n|\n|t:|1699856692\n|move|p1b: Cinderace|Pyro Ball|p2a: SpheaI\n|-damage|p2a: SpheaI|19\/100\n|-status|p2a: SpheaI|brn\n|move|p2a: SpheaI|Thunderbolt|p1b: Cinderace\n|-crit|p1b: Cinderace\n|-damage|p1b: Cinderace|0 fnt\n|faint|p1b: Cinderace\n|move|p1a: Sinistcha|Matcha Gotcha|p2a: SpheaI|[spread] p2a,p2b\n|-resisted|p2a: SpheaI\n|-resisted|p2b: Dripplin\n|-damage|p2a: SpheaI|5\/100 brn\n|-heal|p1a: Sinistcha|11\/100 brn|[from] drain|[of] p2a: SpheaI\n|-damage|p2b: Dripplin|85\/100\n|-heal|p1a: Sinistcha|14\/100 brn|[from] drain|[of] p2b: Dripplin\n|move|p2b: Dripplin|Pollen Puff|p1a: Sinistcha\n|-damage|p1a: Sinistcha|0 fnt\n|faint|p1a: Sinistcha\n|\n|win|Sneaky4522\n|raw|Nesugosu's rating: 1291 &rarr; <strong>1266<\/strong><br \/>(-25 for losing)\n|raw|Sneaky4522's rating: 1288 &rarr; <strong>1313<\/strong><br \/>(+25 for winning)\n|l|\u2606Sneaky4522\n|c|\u2606Nesugosu|Dripplin is a menace lol\n","uploadtime":1699856722,"views":6,"p1id":"nesugosu","p2id":"sneaky4522","formatid":"gen9doublesou","rating":1266,"private":0,"password":""}