{"id":"gen9doublesou-1975362631","p1":"bydy2","p2":"mf_salvador","format":"[Gen 9] Doubles OU","log":"|j|\u2606bydy2\n|j|\u2606mf_salvador\n|inactive|Battle timer is ON: inactive players will automatically lose when time's up.\n|t:|1698183410\n|gametype|doubles\n|player|p1|bydy2|barry|\n|player|p2|mf_salvador|101|\n|teamsize|p1|4\n|teamsize|p2|4\n|gen|9\n|tier|[Gen 9] Doubles OU\n|rated|Tournament battle\n|rule|Species Clause: Limit one of each Pok\u00e9mon\n|rule|OHKO Clause: OHKO moves are banned\n|rule|Evasion Moves Clause: Evasion moves are banned\n|rule|Gravity Sleep Clause: The combination of sleep-inducing moves with imperfect accuracy and Gravity or Gigantamax Orbeetle are banned\n|rule|Endless Battle Clause: Forcing endless battles is banned\n|rule|HP Percentage Mod: HP is shown in percentages\n|clearpoke\n|poke|p1|Rookidee, F|\n|poke|p1|Scizor, M|\n|poke|p1|Milotic, M|\n|poke|p1|Murkrow, M|\n|poke|p2|Arcanine-Hisui, F|\n|poke|p2|Munchlax, F|\n|poke|p2|Pikachu-Original, M|\n|poke|p2|Diglett, M|\n|teampreview\n|j|*Lady Monita \u263d\n|inactive|mf_salvador also wants the timer to be on.\n|c|\u2606mf_salvador|glhf\n|c|\u2606bydy2|u2\n|\n|t:|1698183432\n|start\n|switch|p1a: Murkrow|Murkrow, M|100\/100\n|switch|p1b: Scizor|Scizor, M|100\/100\n|switch|p2a: Pikachu|Pikachu-Original, M|100\/100\n|switch|p2b: Diglett|Diglett, M|100\/100\n|turn|1\n|inactive|bydy2 has 120 seconds left.\n|\n|t:|1698183466\n|-terastallize|p1b: Scizor|Steel\n|move|p2a: Pikachu|Protect|p2a: Pikachu\n|-singleturn|p2a: Pikachu|Protect\n|move|p1b: Scizor|Bullet Punch|p2a: Pikachu\n|-activate|p2a: Pikachu|move: Protect\n|move|p1a: Murkrow|Tailwind|p1a: Murkrow\n|-sidestart|p1: bydy2|move: Tailwind\n|move|p2b: Diglett|Swords Dance|p2b: Diglett\n|-boost|p2b: Diglett|atk|2\n|\n|upkeep\n|turn|2\n|\n|t:|1698183499\n|move|p2b: Diglett|Protect|p2b: Diglett\n|-singleturn|p2b: Diglett|Protect\n|move|p1b: Scizor|Bullet Punch|p2b: Diglett\n|-activate|p2b: Diglett|move: Protect\n|move|p1a: Murkrow|Icy Wind|p2a: Pikachu|[spread] p2a\n|-activate|p2b: Diglett|move: Protect\n|-damage|p2a: Pikachu|77\/100\n|-unboost|p2a: Pikachu|spe|1\n|move|p2a: Pikachu|Wild Charge|p1a: Murkrow\n|-supereffective|p1a: Murkrow\n|-damage|p1a: Murkrow|0 fnt\n|faint|p1a: Murkrow\n|-damage|p2a: Pikachu|38\/100|[from] Recoil\n|\n|upkeep\n|\n|t:|1698183505\n|switch|p1a: Milotic|Milotic, M|100\/100\n|turn|3\n|\n|t:|1698183515\n|move|p2a: Pikachu|Protect|p2a: Pikachu\n|-singleturn|p2a: Pikachu|Protect\n|move|p1b: Scizor|Bullet Punch|p2b: Diglett\n|-enditem|p2b: Diglett|Focus Sash\n|-damage|p2b: Diglett|1\/100\n|move|p1a: Milotic|Hypnosis|p2a: Pikachu\n|-activate|p2a: Pikachu|move: Protect\n|move|p2b: Diglett|Earthquake|p1b: Scizor|[spread] p1a,p1b\n|-activate|p2a: Pikachu|move: Protect\n|-supereffective|p1b: Scizor\n|-damage|p1a: Milotic|68\/100\n|-enditem|p1b: Scizor|Focus Sash\n|-damage|p1b: Scizor|1\/100\n|\n|-heal|p1a: Milotic|74\/100|[from] item: Leftovers\n|upkeep\n|turn|4\n|inactive|mf_salvador has 120 seconds left.\n|\n|t:|1698183568\n|move|p2b: Diglett|Protect|p2b: Diglett\n|-singleturn|p2b: Diglett|Protect\n|move|p1b: Scizor|Bullet Punch|p2a: Pikachu\n|-resisted|p2a: Pikachu\n|-damage|p2a: Pikachu|0 fnt\n|faint|p2a: Pikachu\n|move|p1a: Milotic|Scald|p2b: Diglett\n|-activate|p2b: Diglett|move: Protect\n|\n|-heal|p1a: Milotic|80\/100|[from] item: Leftovers\n|-sideend|p1: bydy2|move: Tailwind\n|upkeep\n|\n|t:|1698183576\n|switch|p2a: Arcanine|Arcanine-Hisui, F|100\/100\n|-ability|p2a: Arcanine|Intimidate|boost\n|-unboost|p1a: Milotic|atk|1\n|-ability|p1a: Milotic|Competitive|boost\n|-boost|p1a: Milotic|spa|2\n|-unboost|p1b: Scizor|atk|1\n|turn|5\n|inactive|mf_salvador has 120 seconds left.\n|\n|t:|1698183594\n|move|p2a: Arcanine|Extreme Speed|p1b: Scizor\n|-resisted|p1b: Scizor\n|-damage|p1b: Scizor|0 fnt\n|faint|p1b: Scizor\n|move|p2b: Diglett|Stone Edge|p1a: Milotic\n|-damage|p1a: Milotic|51\/100\n|move|p1a: Milotic|Scald|p2a: Arcanine\n|-supereffective|p2a: Arcanine\n|-damage|p2a: Arcanine|0 fnt\n|faint|p2a: Arcanine\n|\n|-heal|p1a: Milotic|57\/100|[from] item: Leftovers\n|upkeep\n|\n|t:|1698183603\n|switch|p2a: Munchlax|Munchlax, F|100\/100\n|switch|p1b: Rookidee|Rookidee, F|100\/100\n|-ability|p1b: Rookidee|Unnerve\n|turn|6\n|\n|t:|1698183626\n|move|p2b: Diglett|Stone Edge|p1b: Rookidee\n|-supereffective|p1b: Rookidee\n|-enditem|p1b: Rookidee|Focus Sash\n|-damage|p1b: Rookidee|1\/100\n|move|p1b: Rookidee|Tailwind|p1b: Rookidee\n|-sidestart|p1: bydy2|move: Tailwind\n|move|p1a: Milotic|Scald|p2a: Munchlax\n|-damage|p2a: Munchlax|69\/100\n|move|p2a: Munchlax|Curse|p2a: Munchlax\n|-unboost|p2a: Munchlax|spe|1\n|-boost|p2a: Munchlax|atk|1\n|-boost|p2a: Munchlax|def|1\n|\n|-heal|p1a: Milotic|63\/100|[from] item: Leftovers\n|upkeep\n|turn|7\n|\n|t:|1698183644\n|move|p2b: Diglett|Protect|p2b: Diglett\n|-singleturn|p2b: Diglett|Protect\n|move|p1b: Rookidee|Drill Peck|p2b: Diglett\n|-activate|p2b: Diglett|move: Protect\n|move|p1a: Milotic|Hypnosis|p2a: Munchlax\n|-status|p2a: Munchlax|slp|[from] move: Hypnosis\n|cant|p2a: Munchlax|slp\n|\n|-heal|p1a: Milotic|69\/100|[from] item: Leftovers\n|upkeep\n|turn|8\n|\n|t:|1698183665\n|move|p1b: Rookidee|Drill Peck|p2b: Diglett\n|-damage|p2b: Diglett|0 fnt\n|faint|p2b: Diglett\n|move|p1a: Milotic|Scald|p2a: Munchlax\n|-damage|p2a: Munchlax|40\/100 slp\n|cant|p2a: Munchlax|slp\n|\n|-heal|p1a: Milotic|75\/100|[from] item: Leftovers\n|upkeep\n|turn|9\n|\n|t:|1698183673\n|move|p1b: Rookidee|Fake Tears|p2a: Munchlax\n|-unboost|p2a: Munchlax|spd|2\n|move|p1a: Milotic|Scald|p2a: Munchlax\n|-damage|p2a: Munchlax|0 fnt\n|faint|p2a: Munchlax\n|\n|win|bydy2\n|n|\u2606bydy2|bydy2\n|n|\u2606mf_salvador|mfsalvador\n|n|*Lady Monita \u263d|ladymonita\n|l|*Lady Monita \u263d\n|c|\u2606mf_salvador|ggwp\n|c|\u2606bydy2|gg\n","uploadtime":1698183683,"views":20,"p1id":"bydy2","p2id":"mfsalvador","formatid":"gen9doublesou","rating":0,"private":0,"password":""}