{"id":"gen9doublesou-1972350153","p1":"NILS0DA","p2":"Juiicyyy","format":"[Gen 9] Doubles OU","log":"|j|\u2606NILS0DA\n|j|\u2606Juiicyyy\n|t:|1697833816\n|gametype|doubles\n|player|p1|NILS0DA|depotagent|1093\n|player|p2|Juiicyyy|1|1057\n|teamsize|p1|6\n|teamsize|p2|6\n|gen|9\n|tier|[Gen 9] Doubles OU\n|rated|\n|rule|Species Clause: Limit one of each Pok\u00e9mon\n|rule|OHKO Clause: OHKO moves are banned\n|rule|Evasion Moves Clause: Evasion moves are banned\n|rule|Gravity Sleep Clause: The combination of sleep-inducing moves with imperfect accuracy and Gravity or Gigantamax Orbeetle are banned\n|rule|Endless Battle Clause: Forcing endless battles is banned\n|rule|HP Percentage Mod: HP is shown in percentages\n|clearpoke\n|poke|p1|Samurott-Hisui, M|\n|poke|p1|Vaporeon, F|\n|poke|p1|Basculegion-F, F|\n|poke|p1|Milotic, F|\n|poke|p1|Empoleon, F|\n|poke|p1|Politoed, F|\n|poke|p2|Oricorio-Pom-Pom, F|\n|poke|p2|Empoleon, F|\n|poke|p2|Garganacl, M|\n|poke|p2|Volcarona, F|\n|poke|p2|Dragapult, F|\n|poke|p2|Flutter Mane|\n|teampreview\n|\n|t:|1697833831\n|start\n|switch|p1a: Samurott|Samurott-Hisui, M|100\/100\n|switch|p1b: Empoleon|Empoleon, F|100\/100\n|switch|p2a: Oricorio|Oricorio-Pom-Pom, F, shiny|100\/100\n|switch|p2b: Empoleon|Empoleon, F, shiny|100\/100\n|turn|1\n|\n|t:|1697833862\n|move|p1a: Samurott|Ceaseless Edge|p2b: Empoleon|[miss]\n|-miss|p1a: Samurott|p2b: Empoleon\n|move|p2a: Oricorio|Substitute|p2a: Oricorio\n|-start|p2a: Oricorio|Substitute\n|-damage|p2a: Oricorio|76\/100\n|move|p1b: Empoleon|Ice Beam|p2a: Oricorio\n|-supereffective|p2a: Oricorio\n|-end|p2a: Oricorio|Substitute\n|move|p2b: Empoleon|Feather Dance|p1a: Samurott\n|-unboost|p1a: Samurott|atk|2\n|-activate|p2a: Oricorio|ability: Dancer\n|move|p2a: Oricorio|Feather Dance|p1a: Samurott|[from]ability: Dancer\n|-unboost|p1a: Samurott|atk|2\n|\n|-heal|p2a: Oricorio|82\/100|[from] item: Leftovers\n|upkeep\n|turn|2\n|\n|t:|1697833907\n|switch|p1a: Milotic|Milotic, F|100\/100\n|move|p2a: Oricorio|Substitute|p2a: Oricorio\n|-start|p2a: Oricorio|Substitute\n|-damage|p2a: Oricorio|57\/100\n|move|p1b: Empoleon|Ice Beam|p2a: Oricorio\n|-supereffective|p2a: Oricorio\n|-end|p2a: Oricorio|Substitute\n|move|p2b: Empoleon|Feather Dance|p1b: Empoleon\n|-unboost|p1b: Empoleon|atk|2\n|-ability|p1b: Empoleon|Competitive|boost\n|-boost|p1b: Empoleon|spa|2\n|-activate|p2a: Oricorio|ability: Dancer\n|move|p2a: Oricorio|Feather Dance|p1b: Empoleon|[from]ability: Dancer\n|-unboost|p1b: Empoleon|atk|2\n|-ability|p1b: Empoleon|Competitive|boost\n|-boost|p1b: Empoleon|spa|2\n|\n|-heal|p2a: Oricorio|63\/100|[from] item: Leftovers\n|upkeep\n|turn|3\n|c|\u2606NILS0DA|Thanks bro\n|\n|t:|1697833949\n|switch|p1a: Politoed|Politoed, F|100\/100\n|move|p2a: Oricorio|Revelation Dance|p1a: Politoed\n|-supereffective|p1a: Politoed\n|-damage|p1a: Politoed|58\/100\n|move|p1b: Empoleon|Surf|p2b: Empoleon|[spread] p2a,p2b\n|-heal|p1a: Politoed|83\/100|[from] ability: Water Absorb|[of] p1b: Empoleon\n|-resisted|p2b: Empoleon\n|-damage|p2a: Oricorio|0 fnt\n|-damage|p2b: Empoleon|73\/100\n|faint|p2a: Oricorio\n|move|p2b: Empoleon|Feather Dance|p1b: Empoleon\n|-unboost|p1b: Empoleon|atk|2\n|-ability|p1b: Empoleon|Competitive|boost\n|-boost|p1b: Empoleon|spa|2\n|\n|-heal|p2b: Empoleon|80\/100|[from] item: Leftovers\n|upkeep\n|\n|t:|1697833963\n|switch|p2a: Dragapult|Dragapult, F, shiny|100\/100\n|turn|4\n|\n|t:|1697833981\n|move|p2a: Dragapult|Dragon Darts|p1b: Empoleon\n|-resisted|p1b: Empoleon\n|-damage|p1b: Empoleon|90\/100\n|-anim|p2a: Dragapult|Dragon Darts|p1a: Politoed\n|-damage|p1a: Politoed|60\/100\n|move|p1a: Politoed|Muddy Water|p2b: Empoleon|[spread] p2a,p2b\n|-resisted|p2a: Dragapult\n|-resisted|p2b: Empoleon\n|-damage|p2a: Dragapult|85\/100\n|-damage|p2b: Empoleon|72\/100\n|move|p1b: Empoleon|Surf|p2b: Empoleon|[spread] p2a,p2b\n|-heal|p1a: Politoed|85\/100|[from] ability: Water Absorb|[of] p1b: Empoleon\n|-resisted|p2a: Dragapult\n|-resisted|p2b: Empoleon\n|-damage|p2a: Dragapult|12\/100\n|-damage|p2b: Empoleon|34\/100\n|-enditem|p2a: Dragapult|Aguav Berry|[eat]\n|-heal|p2a: Dragapult|45\/100|[from] item: Aguav Berry\n|move|p2b: Empoleon|Feather Dance|p1a: Politoed\n|-unboost|p1a: Politoed|atk|2\n|\n|-heal|p1b: Empoleon|96\/100|[from] item: Leftovers\n|-heal|p2b: Empoleon|40\/100|[from] item: Leftovers\n|upkeep\n|turn|5\n|\n|t:|1697834005\n|move|p2a: Dragapult|U-turn|p1a: Politoed\n|-damage|p1a: Politoed|61\/100\n|\n|t:|1697834014\n|switch|p2a: Volcarona|Volcarona, F, shiny|100\/100|[from] U-turn\n|move|p1a: Politoed|Muddy Water|p2a: Volcarona|[spread] p2a,p2b\n|-supereffective|p2a: Volcarona\n|-resisted|p2b: Empoleon\n|-damage|p2a: Volcarona|52\/100\n|-damage|p2b: Empoleon|32\/100\n|move|p1b: Empoleon|Surf|p2a: Volcarona|[spread] p2a,p2b\n|-heal|p1a: Politoed|86\/100|[from] ability: Water Absorb|[of] p1b: Empoleon\n|-supereffective|p2a: Volcarona\n|-resisted|p2b: Empoleon\n|-damage|p2a: Volcarona|0 fnt\n|-damage|p2b: Empoleon|0 fnt\n|faint|p2a: Volcarona\n|faint|p2b: Empoleon\n|\n|-heal|p1b: Empoleon|100\/100|[from] item: Leftovers\n|upkeep\n|\n|t:|1697834019\n|switch|p2a: Dragapult|Dragapult, F, shiny|45\/100\n|switch|p2b: Garganacl|Garganacl, M, shiny|100\/100\n|turn|6\n|-message|Juiicyyy forfeited.\n|\n|win|NILS0DA\n|raw|NILS0DA's rating: 1093 &rarr; <strong>1116<\/strong><br \/>(+23 for winning)\n|raw|Juiicyyy's rating: 1057 &rarr; <strong>1040<\/strong><br \/>(-17 for losing)\n|l|\u2606Juiicyyy\n","uploadtime":1697834037,"views":30,"p1id":"nils0da","p2id":"juiicyyy","formatid":"gen9doublesou","rating":1040,"private":0,"password":""}