{"id":"gen9doublesou-1986686753","p1":"Im dumb srly","p2":"daniel.verdon","format":"[Gen 9] Doubles OU","log":"|j|\u2606Im dumb srly\n|j|\u2606daniel.verdon\n|inactive|Battle timer is ON: inactive players will automatically lose when time's up.\n|t:|1699507793\n|gametype|doubles\n|player|p1|Im dumb srly|cheryl|\n|player|p2|daniel.verdon|pokekid|\n|teamsize|p1|6\n|teamsize|p2|6\n|gen|9\n|tier|[Gen 9] Doubles OU\n|rated|Tournament battle\n|rule|Species Clause: Limit one of each Pok\u00e9mon\n|rule|OHKO Clause: OHKO moves are banned\n|rule|Evasion Moves Clause: Evasion moves are banned\n|rule|Gravity Sleep Clause: The combination of sleep-inducing moves with imperfect accuracy and Gravity or Gigantamax Orbeetle are banned\n|rule|Endless Battle Clause: Forcing endless battles is banned\n|rule|HP Percentage Mod: HP is shown in percentages\n|clearpoke\n|poke|p1|Mamoswine, M|\n|poke|p1|Leavanny, F|\n|poke|p1|Chewtle, M|\n|poke|p1|Tynamo, F|\n|poke|p1|Flabe\u0301be\u0301, F|\n|poke|p1|Mudbray, F|\n|poke|p2|Breloom, M|\n|poke|p2|Shinx, M|\n|poke|p2|Gurdurr, F|\n|poke|p2|Surskit, M|\n|poke|p2|Weepinbell, F|\n|poke|p2|Fennekin, M|\n|teampreview\n|j|*Lady Monita \u263d\n|\n|t:|1699507808\n|start\n|switch|p1a: Tynamo|Tynamo, F|100\/100\n|switch|p1b: Chewtle|Chewtle, M|100\/100\n|switch|p2a: Surskit|Surskit, M, shiny|100\/100\n|switch|p2b: Weepinbell|Weepinbell, F|100\/100\n|turn|1\n|\n|t:|1699507834\n|move|p2a: Surskit|Sticky Web|p1a: Tynamo\n|-sidestart|p1: Im dumb srly|move: Sticky Web\n|move|p1a: Tynamo|Thunder Wave|p2a: Surskit\n|-status|p2a: Surskit|par\n|move|p2b: Weepinbell|Growth|p2b: Weepinbell\n|-boost|p2b: Weepinbell|atk|1\n|-boost|p2b: Weepinbell|spa|1\n|move|p1b: Chewtle|Poison Jab|p2b: Weepinbell\n|-damage|p2b: Weepinbell|60\/100\n|\n|upkeep\n|turn|2\n|\n|t:|1699507850\n|move|p1a: Tynamo|Thunder Wave|p2b: Weepinbell\n|-status|p2b: Weepinbell|par\n|move|p1b: Chewtle|Poison Jab|p2b: Weepinbell\n|-damage|p2b: Weepinbell|17\/100 par\n|move|p2a: Surskit|Giga Drain|p1b: Chewtle\n|-supereffective|p1b: Chewtle\n|-damage|p1b: Chewtle|30\/100\n|move|p2b: Weepinbell|Giga Drain|p1a: Tynamo\n|-enditem|p1a: Tynamo|Focus Sash\n|-damage|p1a: Tynamo|1\/100\n|-heal|p2b: Weepinbell|56\/100 par|[from] drain|[of] p1a: Tynamo\n|\n|upkeep\n|turn|3\n|\n|t:|1699507866\n|move|p1a: Tynamo|Knock Off|p2a: Surskit\n|-damage|p2a: Surskit|16\/100 par\n|-enditem|p2a: Surskit|Focus Sash|[from] move: Knock Off|[of] p1a: Tynamo\n|move|p1b: Chewtle|Poison Jab|p2b: Weepinbell\n|-damage|p2b: Weepinbell|12\/100 par\n|move|p2a: Surskit|Giga Drain|p1b: Chewtle\n|-supereffective|p1b: Chewtle\n|-damage|p1b: Chewtle|0 fnt\n|-heal|p2a: Surskit|36\/100 par|[from] drain|[of] p1b: Chewtle\n|faint|p1b: Chewtle\n|move|p2b: Weepinbell|Giga Drain|p1a: Tynamo\n|-damage|p1a: Tynamo|0 fnt\n|-heal|p2b: Weepinbell|12\/100 par|[from] drain|[of] p1a: Tynamo\n|faint|p1a: Tynamo\n|\n|upkeep\n|inactive|Im dumb srly has 120 seconds left.\n|\n|t:|1699507887\n|switch|p1a: Flabe\u0301be\u0301|Flabe\u0301be\u0301, F|100\/100\n|switch|p1b: Leavanny|Leavanny, F|100\/100\n|-activate|p1b: Leavanny|move: Sticky Web\n|-block|p1b: Leavanny|ability: Flower Veil|[of] p1a: Flabe\u0301be\u0301\n|-activate|p1a: Flabe\u0301be\u0301|move: Sticky Web\n|-unboost|p1a: Flabe\u0301be\u0301|spe|1\n|turn|4\n|\n|t:|1699507900\n|move|p1b: Leavanny|Leaf Blade|p2b: Weepinbell\n|-resisted|p2b: Weepinbell\n|-damage|p2b: Weepinbell|0 fnt\n|faint|p2b: Weepinbell\n|move|p2a: Surskit|Lunge|p1b: Leavanny\n|-supereffective|p1b: Leavanny\n|-damage|p1b: Leavanny|70\/100\n|move|p1a: Flabe\u0301be\u0301|Pollen Puff|p1b: Leavanny\n|-heal|p1b: Leavanny|100\/100\n|\n|upkeep\n|\n|t:|1699507917\n|switch|p2b: Fennekin|Fennekin, M, shiny|100\/100\n|turn|5\n|j| mf_salvador\n|\n|t:|1699507945\n|move|p1b: Leavanny|Leaf Blade|p2b: Fennekin\n|-resisted|p2b: Fennekin\n|-damage|p2b: Fennekin|35\/100\n|move|p2b: Fennekin|Trick|p1a: Flabe\u0301be\u0301\n|-activate|p2b: Fennekin|move: Trick|[of] p1a: Flabe\u0301be\u0301\n|-item|p1a: Flabe\u0301be\u0301|Choice Scarf|[from] move: Trick\n|-item|p2b: Fennekin|Eviolite|[from] move: Trick\n|move|p1a: Flabe\u0301be\u0301|Pollen Puff|p1b: Leavanny\n|-immune|p1b: Leavanny\n|move|p2a: Surskit|Chilling Water|p1b: Leavanny\n|-resisted|p1b: Leavanny\n|-damage|p1b: Leavanny|89\/100\n|\n|upkeep\n|turn|6\n|l| mf_salvador\n|\n|t:|1699507960\n|switch|p2a: Shinx|Shinx, M, shiny|100\/100\n|-ability|p2a: Shinx|Intimidate|boost\n|-unboost|p1a: Flabe\u0301be\u0301|atk|1\n|-block|p1b: Leavanny|ability: Flower Veil|[of] p1a: Flabe\u0301be\u0301\n|move|p1b: Leavanny|Leaf Blade|p2b: Fennekin\n|-resisted|p2b: Fennekin\n|-damage|p2b: Fennekin|0 fnt\n|faint|p2b: Fennekin\n|move|p1a: Flabe\u0301be\u0301|Pollen Puff|p1b: Leavanny\n|-heal|p1b: Leavanny|100\/100\n|\n|upkeep\n|\n|t:|1699507975\n|switch|p2b: Gurdurr|Gurdurr, F|100\/100\n|turn|7\n|\n|t:|1699507985\n|move|p1b: Leavanny|Leaf Blade|p2b: Gurdurr\n|-crit|p2b: Gurdurr\n|-damage|p2b: Gurdurr|31\/100\n|move|p2b: Gurdurr|Close Combat|p1b: Leavanny\n|-resisted|p1b: Leavanny\n|-damage|p1b: Leavanny|60\/100\n|-unboost|p2b: Gurdurr|def|1\n|-unboost|p2b: Gurdurr|spd|1\n|move|p2a: Shinx|Ice Fang|p1b: Leavanny\n|-supereffective|p1b: Leavanny\n|-damage|p1b: Leavanny|13\/100\n|move|p1a: Flabe\u0301be\u0301|Pollen Puff|p1b: Leavanny\n|-heal|p1b: Leavanny|63\/100\n|\n|-status|p2b: Gurdurr|brn|[from] item: Flame Orb\n|upkeep\n|turn|8\n|\n|t:|1699507992\n|move|p2b: Gurdurr|Mach Punch|p1b: Leavanny\n|-resisted|p1b: Leavanny\n|-damage|p1b: Leavanny|42\/100\n|move|p1b: Leavanny|Leaf Blade|p2b: Gurdurr\n|-damage|p2b: Gurdurr|0 fnt\n|faint|p2b: Gurdurr\n|move|p2a: Shinx|Ice Fang|p1b: Leavanny\n|-supereffective|p1b: Leavanny\n|-damage|p1b: Leavanny|0 fnt\n|faint|p1b: Leavanny\n|move|p1a: Flabe\u0301be\u0301|Pollen Puff|p1: Leavanny|[notarget]\n|-fail|p1a: Flabe\u0301be\u0301\n|\n|upkeep\n|\n|t:|1699507996\n|switch|p1b: Mudbray|Mudbray, F|100\/100\n|switch|p2b: Breloom|Breloom, M, shiny|100\/100\n|-activate|p1b: Mudbray|move: Sticky Web\n|-unboost|p1b: Mudbray|spe|1\n|turn|9\n|\n|t:|1699508020\n|-terastallize|p2a: Shinx|Ice\n|move|p2b: Breloom|Spore|p1b: Mudbray\n|-status|p1b: Mudbray|slp|[from] move: Spore\n|move|p2a: Shinx|Ice Fang|p1b: Mudbray\n|-supereffective|p1b: Mudbray\n|-damage|p1b: Mudbray|60\/100 slp\n|-ability|p1b: Mudbray|Stamina|boost\n|-boost|p1b: Mudbray|def|1\n|move|p1a: Flabe\u0301be\u0301|Pollen Puff|p1b: Mudbray\n|-heal|p1b: Mudbray|100\/100 slp\n|cant|p1b: Mudbray|slp\n|\n|upkeep\n|turn|10\n|\n|t:|1699508037\n|move|p2b: Breloom|Swords Dance|p2b: Breloom\n|-boost|p2b: Breloom|atk|2\n|move|p2a: Shinx|Wild Charge|p1a: Flabe\u0301be\u0301\n|-damage|p1a: Flabe\u0301be\u0301|34\/100\n|-damage|p2a: Shinx|84\/100|[from] Recoil\n|move|p1a: Flabe\u0301be\u0301|Pollen Puff|p1b: Mudbray\n|-immune|p1b: Mudbray\n|cant|p1b: Mudbray|slp\n|\n|upkeep\n|turn|11\n|\n|t:|1699508056\n|switch|p1b: Mamoswine|Mamoswine, M|100\/100\n|-activate|p1b: Mamoswine|move: Sticky Web\n|-unboost|p1b: Mamoswine|spe|1\n|move|p2b: Breloom|Swords Dance|p2b: Breloom\n|-boost|p2b: Breloom|atk|2\n|move|p2a: Shinx|Wild Charge|p1a: Flabe\u0301be\u0301\n|-damage|p1a: Flabe\u0301be\u0301|0 fnt\n|faint|p1a: Flabe\u0301be\u0301\n|-damage|p2a: Shinx|76\/100|[from] Recoil\n|\n|upkeep\n|\n|t:|1699508059\n|switch|p1a: Mudbray|Mudbray, F|100\/100 slp\n|-activate|p1a: Mudbray|move: Sticky Web\n|-unboost|p1a: Mudbray|spe|1\n|turn|12\n|\n|t:|1699508072\n|-terastallize|p1b: Mamoswine|Flying\n|move|p2b: Breloom|Bullet Seed|p1b: Mamoswine\n|-resisted|p1b: Mamoswine\n|-damage|p1b: Mamoswine|73\/100\n|-resisted|p1b: Mamoswine\n|-damage|p1b: Mamoswine|46\/100\n|-resisted|p1b: Mamoswine\n|-damage|p1b: Mamoswine|19\/100\n|-resisted|p1b: Mamoswine\n|-damage|p1b: Mamoswine|0 fnt\n|faint|p1b: Mamoswine\n|-hitcount|p1: Mamoswine|4\n|move|p2a: Shinx|Ice Fang|p1a: Mudbray\n|-supereffective|p1a: Mudbray\n|-damage|p1a: Mudbray|60\/100 slp\n|-ability|p1a: Mudbray|Stamina|boost\n|-boost|p1a: Mudbray|def|1\n|-curestatus|p1a: Mudbray|slp|[msg]\n|move|p1a: Mudbray|Close Combat|p2b: Breloom\n|-damage|p2b: Breloom|35\/100\n|-unboost|p1a: Mudbray|def|1\n|-unboost|p1a: Mudbray|spd|1\n|\n|upkeep\n|turn|13\n|c|\u2606Im dumb srly|Gg\n|\n|t:|1699508085\n|move|p2b: Breloom|Bullet Seed|p1a: Mudbray\n|-supereffective|p1a: Mudbray\n|-damage|p1a: Mudbray|0 fnt\n|faint|p1a: Mudbray\n|-hitcount|p1: Mudbray|1\n|\n|win|daniel.verdon\n|n|\u2606Im dumb srly|imdumbsrly\n|n|\u2606daniel.verdon|danielverdon\n|n|*Lady Monita \u263d|ladymonita\n","uploadtime":1699508086,"views":11,"p1id":"imdumbsrly","p2id":"danielverdon","formatid":"gen9doublesou","rating":0,"private":0,"password":""}