{"id":"gen9doublesou-1995835829","p1":"DreadfulBuns","p2":"Fandango237","format":"[Gen 9] Doubles OU","log":"|j|\u2606DreadfulBuns\n|j|\u2606Fandango237\n|t:|1700607965\n|gametype|doubles\n|player|p1|DreadfulBuns|1|1175\n|player|p2|Fandango237|veteran|1150\n|teamsize|p1|6\n|teamsize|p2|6\n|gen|9\n|tier|[Gen 9] Doubles OU\n|rated|\n|rule|Species Clause: Limit one of each Pok\u00e9mon\n|rule|OHKO Clause: OHKO moves are banned\n|rule|Evasion Moves Clause: Evasion moves are banned\n|rule|Gravity Sleep Clause: The combination of sleep-inducing moves with imperfect accuracy and Gravity or Gigantamax Orbeetle are banned\n|rule|Endless Battle Clause: Forcing endless battles is banned\n|rule|HP Percentage Mod: HP is shown in percentages\n|clearpoke\n|poke|p1|Grimmsnarl, M|\n|poke|p1|Pincurchin, F|\n|poke|p1|Iron Valiant|\n|poke|p1|Iron Hands|\n|poke|p1|Iron Leaves|\n|poke|p1|Iron Bundle|\n|poke|p2|Wyrdeer, F|\n|poke|p2|Ogerpon, F|\n|poke|p2|Grimmsnarl, M|\n|poke|p2|Corviknight, M|\n|poke|p2|Milotic, F|\n|poke|p2|Okidogi, M|\n|teampreview\n|\n|t:|1700607981\n|start\n|switch|p1a: Grimmsnarl|Grimmsnarl, M|100\/100\n|switch|p1b: Iron Hands|Iron Hands|100\/100\n|switch|p2a: Wyrdeer|Wyrdeer, F|100\/100\n|switch|p2b: Okidogi|Okidogi, M|100\/100\n|-ability|p2a: Wyrdeer|Intimidate|boost\n|-unboost|p1a: Grimmsnarl|atk|1\n|-unboost|p1b: Iron Hands|atk|1\n|turn|1\n|\n|t:|1700608006\n|move|p1b: Iron Hands|Fake Out|p2a: Wyrdeer\n|-damage|p2a: Wyrdeer|92\/100\n|move|p1a: Grimmsnarl|Reflect|p1a: Grimmsnarl\n|-sidestart|p1: DreadfulBuns|Reflect\n|move|p2b: Okidogi|Bulk Up|p2b: Okidogi\n|-boost|p2b: Okidogi|atk|1\n|-boost|p2b: Okidogi|def|1\n|cant|p2a: Wyrdeer|flinch\n|\n|upkeep\n|turn|2\n|\n|t:|1700608055\n|move|p1a: Grimmsnarl|Parting Shot|p2b: Okidogi\n|-unboost|p2b: Okidogi|atk|1\n|-unboost|p2b: Okidogi|spa|1\n|\n|t:|1700608062\n|switch|p1a: Pincurchin|Pincurchin, F|100\/100|[from] Parting Shot\n|-fieldstart|move: Electric Terrain|[from] ability: Electric Surge|[of] p1a: Pincurchin\n|-activate|p1b: Iron Hands|ability: Quark Drive\n|-start|p1b: Iron Hands|quarkdriveatk\n|move|p2b: Okidogi|Poison Jab|p1a: Pincurchin\n|-damage|p1a: Pincurchin|82\/100\n|-status|p1a: Pincurchin|psn\n|move|p2a: Wyrdeer|Skill Swap|p1a: Pincurchin\n|-activate|p2a: Wyrdeer|move: Skill Swap|Electric Surge|Intimidate|[of] p1a: Pincurchin\n|-ability|p1a: Pincurchin|Intimidate|boost\n|-unboost|p2a: Wyrdeer|atk|1\n|-ability|p2b: Okidogi|Guard Dog|boost\n|-boost|p2b: Okidogi|atk|1\n|move|p1b: Iron Hands|Wild Charge|p2a: Wyrdeer\n|-damage|p2a: Wyrdeer|40\/100\n|-damage|p1b: Iron Hands|92\/100|[from] Recoil\n|\n|-damage|p1a: Pincurchin|69\/100 psn|[from] psn\n|upkeep\n|turn|3\n|\n|t:|1700608118\n|-end|p1b: Iron Hands|Quark Drive|[silent]\n|switch|p1b: Iron Bundle|Iron Bundle|100\/100\n|-activate|p1b: Iron Bundle|ability: Quark Drive\n|-start|p1b: Iron Bundle|quarkdrivespe\n|move|p2a: Wyrdeer|Protect|p2a: Wyrdeer\n|-singleturn|p2a: Wyrdeer|Protect\n|move|p2b: Okidogi|Drain Punch|p1b: Iron Bundle\n|-supereffective|p1b: Iron Bundle\n|-damage|p1b: Iron Bundle|23\/100\n|move|p1a: Pincurchin|Zing Zap|p2a: Wyrdeer\n|-activate|p2a: Wyrdeer|move: Protect\n|\n|-damage|p1a: Pincurchin|57\/100 psn|[from] psn\n|upkeep\n|turn|4\n|\n|t:|1700608151\n|switch|p2a: Ogerpon|Ogerpon, F|100\/100\n|move|p1b: Iron Bundle|Protect|p1b: Iron Bundle\n|-singleturn|p1b: Iron Bundle|Protect\n|move|p2b: Okidogi|Drain Punch|p1b: Iron Bundle\n|-activate|p1b: Iron Bundle|move: Protect\n|move|p1a: Pincurchin|Zing Zap|p2a: Ogerpon\n|-resisted|p2a: Ogerpon\n|-damage|p2a: Ogerpon|80\/100\n|\n|-damage|p1a: Pincurchin|45\/100 psn|[from] psn\n|upkeep\n|turn|5\n|\n|t:|1700608192\n|move|p2a: Ogerpon|Spiky Shield|p2a: Ogerpon\n|-singleturn|p2a: Ogerpon|move: Protect\n|move|p1b: Iron Bundle|Icy Wind|p2a: Ogerpon|[spread] p2b\n|-activate|p2a: Ogerpon|move: Protect\n|-damage|p2b: Okidogi|83\/100\n|-unboost|p2b: Okidogi|spe|1\n|-damage|p1b: Iron Bundle|13\/100|[from] item: Life Orb\n|move|p2b: Okidogi|Drain Punch|p1b: Iron Bundle\n|-supereffective|p1b: Iron Bundle\n|-damage|p1b: Iron Bundle|0 fnt\n|-heal|p2b: Okidogi|87\/100|[from] drain|[of] p1b: Iron Bundle\n|faint|p1b: Iron Bundle\n|-end|p1b: Iron Bundle|Quark Drive|[silent]\n|move|p1a: Pincurchin|Memento|p2b: Okidogi\n|-unboost|p2b: Okidogi|atk|2\n|-unboost|p2b: Okidogi|spa|2\n|faint|p1a: Pincurchin\n|\n|upkeep\n|\n|t:|1700608216\n|switch|p1b: Iron Hands|Iron Hands|92\/100\n|switch|p1a: Iron Leaves|Iron Leaves|100\/100\n|-activate|p1a: Iron Leaves|ability: Quark Drive\n|-start|p1a: Iron Leaves|quarkdriveatk\n|-activate|p1b: Iron Hands|ability: Quark Drive\n|-start|p1b: Iron Hands|quarkdriveatk\n|turn|6\n|\n|t:|1700608232\n|switch|p2b: Wyrdeer|Wyrdeer, F|40\/100\n|-ability|p2b: Wyrdeer|Intimidate|boost\n|-unboost|p1a: Iron Leaves|atk|1\n|-unboost|p1b: Iron Hands|atk|1\n|move|p1b: Iron Hands|Fake Out|p2a: Ogerpon\n|-damage|p2a: Ogerpon|64\/100\n|move|p1a: Iron Leaves|Psyblade|p2b: Wyrdeer\n|-resisted|p2b: Wyrdeer\n|-damage|p2b: Wyrdeer|17\/100\n|cant|p2a: Ogerpon|flinch\n|\n|upkeep\n|turn|7\n|\n|t:|1700608260\n|move|p1a: Iron Leaves|Psyblade|p2b: Wyrdeer\n|-resisted|p2b: Wyrdeer\n|-damage|p2b: Wyrdeer|0 fnt\n|faint|p2b: Wyrdeer\n|move|p2a: Ogerpon|Knock Off|p1a: Iron Leaves\n|-supereffective|p1a: Iron Leaves\n|-damage|p1a: Iron Leaves|46\/100\n|-enditem|p1a: Iron Leaves|Weakness Policy\n|-boost|p1a: Iron Leaves|atk|2|[from] item: Weakness Policy\n|-boost|p1a: Iron Leaves|spa|2|[from] item: Weakness Policy\n|-damage|p2a: Ogerpon|54\/100|[from] item: Life Orb\n|move|p1b: Iron Hands|Drain Punch|p2a: Ogerpon\n|-damage|p2a: Ogerpon|10\/100\n|-heal|p1b: Iron Hands|100\/100|[from] drain|[of] p2a: Ogerpon\n|\n|upkeep\n|\n|t:|1700608281\n|switch|p2b: Okidogi|Okidogi, M|87\/100\n|turn|8\n|\n|t:|1700608321\n|-terastallize|p1a: Iron Leaves|Fighting\n|move|p2a: Ogerpon|Spiky Shield|p2a: Ogerpon\n|-singleturn|p2a: Ogerpon|move: Protect\n|move|p1a: Iron Leaves|Psyblade|p2b: Okidogi\n|-supereffective|p2b: Okidogi\n|-damage|p2b: Okidogi|0 fnt\n|faint|p2b: Okidogi\n|move|p1b: Iron Hands|Drain Punch|p2a: Ogerpon\n|-activate|p2a: Ogerpon|move: Protect\n|-damage|p1b: Iron Hands|88\/100|[from] Spiky Shield|[of] p2a: Ogerpon\n|\n|-sideend|p1: DreadfulBuns|Reflect\n|upkeep\n|\n|t:|1700608332\n|switch|p2b: Corviknight|Corviknight, M|100\/100\n|turn|9\n|\n|t:|1700608347\n|move|p1a: Iron Leaves|Close Combat|p2b: Corviknight\n|-damage|p2b: Corviknight|1\/100\n|-unboost|p1a: Iron Leaves|def|1\n|-unboost|p1a: Iron Leaves|spd|1\n|move|p2a: Ogerpon|Stomping Tantrum|p1b: Iron Hands\n|-supereffective|p1b: Iron Hands\n|-damage|p1b: Iron Hands|54\/100\n|-damage|p2a: Ogerpon|0 fnt|[from] item: Life Orb\n|faint|p2a: Ogerpon\n|move|p2b: Corviknight|Brave Bird|p1a: Iron Leaves\n|-supereffective|p1a: Iron Leaves\n|-damage|p1a: Iron Leaves|0 fnt\n|faint|p1a: Iron Leaves\n|-end|p1a: Iron Leaves|Quark Drive|[silent]\n|-damage|p2b: Corviknight|0 fnt|[from] Recoil\n|faint|p2b: Corviknight\n|move|p1b: Iron Hands|Wild Charge|p2: Ogerpon|[notarget]\n|-fail|p1b: Iron Hands\n|\n|-fieldend|move: Electric Terrain\n|-end|p1b: Iron Hands|Quark Drive\n|upkeep\n|\n|t:|1700608370\n|switch|p1a: Grimmsnarl|Grimmsnarl, M|100\/100\n|switch|p2a: Milotic|Milotic, F|100\/100\n|switch|p2b: Grimmsnarl|Grimmsnarl, M|100\/100\n|turn|10\n|\n|t:|1700608384\n|move|p1a: Grimmsnarl|Parting Shot|p2a: Milotic\n|-unboost|p2a: Milotic|atk|1\n|-ability|p2a: Milotic|Competitive|boost\n|-boost|p2a: Milotic|spa|2\n|-unboost|p2a: Milotic|spa|1\n|-ability|p2a: Milotic|Competitive|boost\n|-boost|p2a: Milotic|spa|2\n|\n|t:|1700608393\n|switch|p1a: Iron Valiant|Iron Valiant, shiny|100\/100|[from] Parting Shot\n|move|p2b: Grimmsnarl|Reflect|p2b: Grimmsnarl\n|-sidestart|p2: Fandango237|Reflect\n|move|p2a: Milotic|Draining Kiss|p1a: Iron Valiant\n|-supereffective|p1a: Iron Valiant\n|-damage|p1a: Iron Valiant|0 fnt\n|faint|p1a: Iron Valiant\n|-end|p1a: Iron Valiant|Quark Drive|[silent]\n|move|p1b: Iron Hands|Wild Charge|p2a: Milotic\n|-supereffective|p2a: Milotic\n|-damage|p2a: Milotic|63\/100\n|-damage|p1b: Iron Hands|47\/100|[from] Recoil\n|\n|upkeep\n|\n|t:|1700608408\n|switch|p1a: Grimmsnarl|Grimmsnarl, M|100\/100\n|turn|11\n|\n|t:|1700608435\n|move|p1a: Grimmsnarl|Light Screen|p1a: Grimmsnarl\n|-sidestart|p1: DreadfulBuns|move: Light Screen\n|move|p2b: Grimmsnarl|Parting Shot|p1b: Iron Hands\n|-unboost|p1b: Iron Hands|atk|1\n|-unboost|p1b: Iron Hands|spa|1\n|move|p2a: Milotic|Draining Kiss|p1a: Grimmsnarl\n|-supereffective|p1a: Grimmsnarl\n|-damage|p1a: Grimmsnarl|51\/100\n|-heal|p2a: Milotic|99\/100|[from] drain|[of] p1a: Grimmsnarl\n|move|p1b: Iron Hands|Wild Charge|p2a: Milotic\n|-supereffective|p2a: Milotic\n|-damage|p2a: Milotic|71\/100\n|-damage|p1b: Iron Hands|41\/100|[from] Recoil\n|\n|upkeep\n|turn|12\n|\n|t:|1700608469\n|move|p1a: Grimmsnarl|Light Screen||[still]\n|-fail|p1a: Grimmsnarl\n|move|p2a: Milotic|Draining Kiss|p1a: Grimmsnarl\n|-supereffective|p1a: Grimmsnarl\n|-damage|p1a: Grimmsnarl|3\/100\n|-heal|p2a: Milotic|100\/100|[from] drain|[of] p1a: Grimmsnarl\n|move|p2b: Grimmsnarl|Spirit Break|p1b: Iron Hands\n|-supereffective|p1b: Iron Hands\n|-damage|p1b: Iron Hands|4\/100\n|-unboost|p1b: Iron Hands|spa|1\n|move|p1b: Iron Hands|Wild Charge|p2a: Milotic\n|-supereffective|p2a: Milotic\n|-damage|p2a: Milotic|73\/100\n|-damage|p1b: Iron Hands|0 fnt|[from] Recoil\n|faint|p1b: Iron Hands\n|-end|p1b: Iron Hands|Quark Drive|[silent]\n|\n|upkeep\n|turn|13\n|c|\u2606Fandango237|great game\n|\n|t:|1700608492\n|move|p1a: Grimmsnarl|Parting Shot|p2b: Grimmsnarl\n|-hint|Since gen 7, Dark is immune to Prankster moves.\n|-immune|p2b: Grimmsnarl\n|move|p2a: Milotic|Scald|p1a: Grimmsnarl\n|-damage|p1a: Grimmsnarl|0 fnt\n|faint|p1a: Grimmsnarl\n|\n|win|Fandango237\n|raw|DreadfulBuns's rating: 1175 &rarr; <strong>1148<\/strong><br \/>(-27 for losing)\n|raw|Fandango237's rating: 1150 &rarr; <strong>1177<\/strong><br \/>(+27 for winning)\n|c|\u2606DreadfulBuns|fr\n|c|\u2606Fandango237|have a good day man\n|c|\u2606DreadfulBuns|you too dude\n","uploadtime":1700608537,"views":7,"p1id":"dreadfulbuns","p2id":"fandango237","formatid":"gen9doublesou","rating":1148,"private":0,"password":""}