{"id":"gen9doublesou-1987360122","p1":"cotesmcgotes","p2":"Bavier_ultimate","format":"[Gen 9] Doubles OU","log":"|j|\u2606cotesmcgotes\n|j|\u2606Bavier_ultimate\n|t:|1699581642\n|gametype|doubles\n|player|p1|cotesmcgotes|flannery|1327\n|player|p2|Bavier_ultimate|265|1370\n|teamsize|p1|6\n|teamsize|p2|6\n|gen|9\n|tier|[Gen 9] Doubles OU\n|rated|\n|rule|Species Clause: Limit one of each Pok\u00e9mon\n|rule|OHKO Clause: OHKO moves are banned\n|rule|Evasion Moves Clause: Evasion moves are banned\n|rule|Gravity Sleep Clause: The combination of sleep-inducing moves with imperfect accuracy and Gravity or Gigantamax Orbeetle are banned\n|rule|Endless Battle Clause: Forcing endless battles is banned\n|rule|HP Percentage Mod: HP is shown in percentages\n|clearpoke\n|poke|p1|Cresselia, F|\n|poke|p1|Overqwil, M|\n|poke|p1|Tornadus, M|\n|poke|p1|Palafin, F|\n|poke|p1|Flutter Mane|\n|poke|p1|Amoonguss, F|\n|poke|p2|Heatran, F|\n|poke|p2|Landorus-Therian, M|\n|poke|p2|Amoonguss, F|\n|poke|p2|Tyranitar, F|\n|poke|p2|Iron Hands|\n|poke|p2|Jirachi|\n|teampreview\n|\n|t:|1699581655\n|start\n|switch|p1a: Tornadus|Tornadus, M, shiny|100\/100\n|switch|p1b: Palafin|Palafin, F|100\/100\n|switch|p2a: Jirachi|Jirachi|100\/100\n|switch|p2b: Tyranitar|Tyranitar, F|100\/100\n|-weather|Sandstorm|[from] ability: Sand Stream|[of] p2b: Tyranitar\n|turn|1\n|inactive|Battle timer is ON: inactive players will automatically lose when time's up. (requested by cotesmcgotes)\n|\n|t:|1699581668\n|move|p1a: Tornadus|Rain Dance|p1a: Tornadus\n|-weather|RainDance\n|move|p1b: Palafin|Flip Turn|p2b: Tyranitar\n|-supereffective|p2b: Tyranitar\n|-damage|p2b: Tyranitar|61\/100\n|\n|t:|1699581681\n|detailschange|p1b: Palafin|Palafin-Hero, F\n|switch|p1b: Overqwil|Overqwil, M|100\/100|[from] Flip Turn\n|move|p2a: Jirachi|Cosmic Power|p2a: Jirachi\n|-boost|p2a: Jirachi|def|1\n|-boost|p2a: Jirachi|spd|1\n|move|p2b: Tyranitar|Knock Off|p1a: Tornadus\n|-damage|p1a: Tornadus|39\/100\n|-enditem|p1a: Tornadus|Damp Rock|[from] move: Knock Off|[of] p2b: Tyranitar\n|\n|-weather|RainDance|[upkeep]\n|upkeep\n|turn|2\n|inactive|cotesmcgotes has 120 seconds left.\n|inactive|Bavier_ultimate has 120 seconds left.\n|\n|t:|1699581716\n|switch|p1b: Amoonguss|Amoonguss, F, shiny|100\/100\n|switch|p2b: Landorus|Landorus-Therian, M|100\/100\n|-ability|p2b: Landorus|Intimidate|boost\n|-unboost|p1a: Tornadus|atk|1\n|-unboost|p1b: Amoonguss|atk|1\n|-terastallize|p2a: Jirachi|Water\n|move|p1a: Tornadus|Taunt|p2a: Jirachi\n|-start|p2a: Jirachi|move: Taunt\n|cant|p2a: Jirachi|move: Taunt|Cosmic Power\n|\n|-weather|RainDance|[upkeep]\n|upkeep\n|turn|3\n|\n|t:|1699581740\n|move|p1a: Tornadus|Tailwind|p1a: Tornadus\n|-sidestart|p1: cotesmcgotes|move: Tailwind\n|move|p2a: Jirachi|Stored Power|p1b: Amoonguss\n|-supereffective|p1b: Amoonguss\n|-damage|p1b: Amoonguss|60\/100\n|move|p2b: Landorus|Rock Slide|p1a: Tornadus|[spread] p1a,p1b\n|-supereffective|p1a: Tornadus\n|-damage|p1a: Tornadus|0 fnt\n|-damage|p1b: Amoonguss|39\/100\n|faint|p1a: Tornadus\n|cant|p1b: Amoonguss|flinch\n|\n|-weather|RainDance|[upkeep]\n|upkeep\n|inactive|cotesmcgotes has 120 seconds left.\n|\n|t:|1699581752\n|switch|p1a: Palafin|Palafin-Hero, F|100\/100\n|-activate|p1a: Palafin|ability: Zero to Hero\n|turn|4\n|\n|t:|1699581768\n|switch|p2b: Tyranitar|Tyranitar, F|61\/100\n|-weather|Sandstorm|[from] ability: Sand Stream|[of] p2b: Tyranitar\n|move|p1b: Amoonguss|Rage Powder|p1b: Amoonguss\n|-singleturn|p1b: Amoonguss|move: Rage Powder\n|move|p1a: Palafin|Ice Punch|p2b: Tyranitar\n|-damage|p2b: Tyranitar|41\/100\n|move|p2a: Jirachi|Stored Power|p1b: Amoonguss\n|-supereffective|p1b: Amoonguss\n|-damage|p1b: Amoonguss|1\/100\n|\n|-weather|Sandstorm|[upkeep]\n|-damage|p1a: Palafin|94\/100|[from] Sandstorm\n|-damage|p2a: Jirachi|94\/100|[from] Sandstorm\n|-damage|p1b: Amoonguss|0 fnt|[from] Sandstorm\n|faint|p1b: Amoonguss\n|-heal|p2a: Jirachi|100\/100|[from] item: Leftovers\n|-end|p2a: Jirachi|move: Taunt\n|upkeep\n|inactive|cotesmcgotes has 120 seconds left.\n|\n|t:|1699581787\n|switch|p1b: Overqwil|Overqwil, M|100\/100\n|turn|5\n|\n|t:|1699581804\n|move|p1a: Palafin|Drain Punch|p2b: Tyranitar\n|-supereffective|p2b: Tyranitar\n|-damage|p2b: Tyranitar|0 fnt\n|-heal|p1a: Palafin|100\/100|[from] drain|[of] p2b: Tyranitar\n|faint|p2b: Tyranitar\n|move|p1b: Overqwil|Barb Barrage|p2a: Jirachi\n|-damage|p2a: Jirachi|85\/100\n|move|p2a: Jirachi|Life Dew|p2a: Jirachi\n|-heal|p2a: Jirachi|100\/100\n|\n|-weather|Sandstorm|[upkeep]\n|-damage|p1a: Palafin|94\/100|[from] Sandstorm\n|-damage|p1b: Overqwil|94\/100|[from] Sandstorm\n|-damage|p2a: Jirachi|94\/100|[from] Sandstorm\n|-heal|p1b: Overqwil|100\/100|[from] item: Black Sludge\n|-heal|p2a: Jirachi|100\/100|[from] item: Leftovers\n|upkeep\n|\n|t:|1699581810\n|switch|p2b: Landorus|Landorus-Therian, M|100\/100\n|-ability|p2b: Landorus|Intimidate|boost\n|-unboost|p1a: Palafin|atk|1\n|-unboost|p1b: Overqwil|atk|1\n|turn|6\n|\n|t:|1699581832\n|switch|p1b: Cresselia|Cresselia, F, shiny|100\/100\n|move|p1a: Palafin|Flip Turn|p2b: Landorus\n|-supereffective|p2b: Landorus\n|-damage|p2b: Landorus|54\/100\n|\n|t:|1699581845\n|switch|p1a: Flutter Mane|Flutter Mane|100\/100|[from] Flip Turn\n|move|p2a: Jirachi|Cosmic Power|p2a: Jirachi\n|-boost|p2a: Jirachi|def|1\n|-boost|p2a: Jirachi|spd|1\n|move|p2b: Landorus|Rock Slide|p1b: Cresselia|[spread] p1a,p1b\n|-crit|p1b: Cresselia\n|-damage|p1a: Flutter Mane|59\/100\n|-damage|p1b: Cresselia|81\/100\n|\n|-weather|Sandstorm|[upkeep]\n|-damage|p1a: Flutter Mane|53\/100|[from] Sandstorm\n|-damage|p1b: Cresselia|75\/100|[from] Sandstorm\n|-damage|p2a: Jirachi|94\/100|[from] Sandstorm\n|-heal|p1b: Cresselia|81\/100|[from] item: Leftovers\n|-heal|p2a: Jirachi|100\/100|[from] item: Leftovers\n|-heal|p2b: Landorus|60\/100|[from] item: Leftovers\n|-sideend|p1: cotesmcgotes|move: Tailwind\n|upkeep\n|turn|7\n|\n|t:|1699581867\n|move|p1a: Flutter Mane|Shadow Ball|p2b: Landorus\n|-damage|p2b: Landorus|26\/100\n|move|p2a: Jirachi|Life Dew||[still]|[spread] p2a,p2b\n|-fail|p2a: Jirachi|heal\n|-heal|p2b: Landorus|51\/100\n|move|p2b: Landorus|Stealth Rock|p1a: Flutter Mane\n|-sidestart|p1: cotesmcgotes|move: Stealth Rock\n|move|p1b: Cresselia|Calm Mind|p1b: Cresselia\n|-boost|p1b: Cresselia|spa|1\n|-boost|p1b: Cresselia|spd|1\n|\n|-weather|Sandstorm|[upkeep]\n|-damage|p1a: Flutter Mane|47\/100|[from] Sandstorm\n|-damage|p2a: Jirachi|94\/100|[from] Sandstorm\n|-damage|p1b: Cresselia|75\/100|[from] Sandstorm\n|-heal|p2a: Jirachi|100\/100|[from] item: Leftovers\n|-heal|p2b: Landorus|57\/100|[from] item: Leftovers\n|-heal|p1b: Cresselia|81\/100|[from] item: Leftovers\n|upkeep\n|turn|8\n|\n|t:|1699581893\n|move|p1a: Flutter Mane|Thunder|p2a: Jirachi\n|-supereffective|p2a: Jirachi\n|-damage|p2a: Jirachi|71\/100\n|move|p2a: Jirachi|Cosmic Power|p2a: Jirachi\n|-boost|p2a: Jirachi|def|1\n|-boost|p2a: Jirachi|spd|1\n|move|p2b: Landorus|Rock Slide|p1a: Flutter Mane|[spread] p1a\n|-miss|p2b: Landorus|p1b: Cresselia\n|-damage|p1a: Flutter Mane|10\/100\n|move|p1b: Cresselia|Calm Mind|p1b: Cresselia\n|-boost|p1b: Cresselia|spa|1\n|-boost|p1b: Cresselia|spd|1\n|\n|-weather|none\n|-heal|p2a: Jirachi|77\/100|[from] item: Leftovers\n|-heal|p2b: Landorus|63\/100|[from] item: Leftovers\n|-heal|p1b: Cresselia|87\/100|[from] item: Leftovers\n|upkeep\n|turn|9\n|inactive|cotesmcgotes has 120 seconds left.\n|\n|t:|1699581929\n|move|p1a: Flutter Mane|Mystical Fire|p2a: Jirachi\n|-resisted|p2a: Jirachi\n|-damage|p2a: Jirachi|74\/100\n|-unboost|p2a: Jirachi|spa|1\n|move|p2a: Jirachi|Skill Swap|p1b: Cresselia\n|-activate|p2a: Jirachi|move: Skill Swap|Levitate|Serene Grace|[of] p1b: Cresselia\n|move|p2b: Landorus|Rock Slide|p1a: Flutter Mane|[spread] p1a,p1b\n|-damage|p1a: Flutter Mane|0 fnt\n|-damage|p1b: Cresselia|75\/100\n|faint|p1a: Flutter Mane\n|-end|p1a: Flutter Mane|Protosynthesis|[silent]\n|cant|p1b: Cresselia|flinch\n|\n|-heal|p2a: Jirachi|80\/100|[from] item: Leftovers\n|-heal|p2b: Landorus|69\/100|[from] item: Leftovers\n|-heal|p1b: Cresselia|81\/100|[from] item: Leftovers\n|upkeep\n|\n|t:|1699581945\n|switch|p1a: Overqwil|Overqwil, M|100\/100\n|-damage|p1a: Overqwil|88\/100|[from] Stealth Rock\n|turn|10\n|inactive|cotesmcgotes has 120 seconds left.\n|\n|t:|1699581956\n|move|p1a: Overqwil|Acupressure|p1b: Cresselia\n|-boost|p1b: Cresselia|spa|2\n|move|p2a: Jirachi|Life Dew|p2a: Jirachi|[spread] p2a,p2b\n|-heal|p2a: Jirachi|100\/100\n|-heal|p2b: Landorus|94\/100\n|move|p2b: Landorus|Earthquake|p1a: Overqwil|[spread] p1a,p1b\n|-immune|p2a: Jirachi|[from] ability: Levitate\n|-supereffective|p1a: Overqwil\n|-damage|p1a: Overqwil|11\/100\n|-damage|p1b: Cresselia|56\/100\n|move|p1b: Cresselia|Charge Beam|p2a: Jirachi\n|-supereffective|p2a: Jirachi\n|-damage|p2a: Jirachi|78\/100\n|-boost|p1b: Cresselia|spa|1\n|\n|-heal|p1a: Overqwil|17\/100|[from] item: Black Sludge\n|-heal|p2a: Jirachi|84\/100|[from] item: Leftovers\n|-heal|p2b: Landorus|99\/100|[from] item: Leftovers\n|-heal|p1b: Cresselia|62\/100|[from] item: Leftovers\n|upkeep\n|turn|11\n|\n|t:|1699581976\n|move|p1a: Overqwil|Acupressure|p1b: Cresselia\n|-boost|p1b: Cresselia|spd|2\n|move|p2a: Jirachi|Cosmic Power|p2a: Jirachi\n|-boost|p2a: Jirachi|def|1\n|-boost|p2a: Jirachi|spd|1\n|move|p2b: Landorus|Earthquake|p1b: Cresselia|[spread] p1a,p1b\n|-immune|p2a: Jirachi|[from] ability: Levitate\n|-supereffective|p1a: Overqwil\n|-damage|p1a: Overqwil|0 fnt\n|-damage|p1b: Cresselia|37\/100\n|faint|p1a: Overqwil\n|move|p1b: Cresselia|Stored Power|p2b: Landorus\n|-crit|p2b: Landorus\n|-damage|p2b: Landorus|0 fnt\n|faint|p2b: Landorus\n|\n|-heal|p2a: Jirachi|91\/100|[from] item: Leftovers\n|-heal|p1b: Cresselia|43\/100|[from] item: Leftovers\n|upkeep\n|\n|t:|1699582001\n|switch|p1a: Palafin|Palafin-Hero, F|94\/100\n|switch|p2b: Iron Hands|Iron Hands|100\/100\n|-damage|p1a: Palafin|82\/100|[from] Stealth Rock\n|turn|12\n|inactive|cotesmcgotes has 120 seconds left.\n|\n|t:|1699582052\n|-terastallize|p1a: Palafin|Fighting\n|move|p2b: Iron Hands|Fake Out|p1b: Cresselia\n|-damage|p1b: Cresselia|33\/100\n|move|p1a: Palafin|Drain Punch|p2a: Jirachi\n|-damage|p2a: Jirachi|79\/100\n|-heal|p1a: Palafin|89\/100|[from] drain|[of] p2a: Jirachi\n|move|p2a: Jirachi|Cosmic Power|p2a: Jirachi\n|-boost|p2a: Jirachi|def|1\n|-boost|p2a: Jirachi|spd|1\n|cant|p1b: Cresselia|flinch\n|\n|-heal|p2a: Jirachi|85\/100|[from] item: Leftovers\n|-heal|p1b: Cresselia|39\/100|[from] item: Leftovers\n|upkeep\n|turn|13\n|inactive|cotesmcgotes has 120 seconds left.\n|inactive|Bavier_ultimate has 120 seconds left.\n|\n|t:|1699582085\n|move|p1a: Palafin|Drain Punch|p2a: Jirachi\n|-damage|p2a: Jirachi|74\/100\n|-heal|p1a: Palafin|96\/100|[from] drain|[of] p2a: Jirachi\n|move|p2a: Jirachi|Stored Power|p1a: Palafin\n|-supereffective|p1a: Palafin\n|-damage|p1a: Palafin|0 fnt\n|faint|p1a: Palafin\n|move|p1b: Cresselia|Stored Power|p2b: Iron Hands\n|-supereffective|p2b: Iron Hands\n|-damage|p2b: Iron Hands|0 fnt\n|faint|p2b: Iron Hands\n|-end|p2b: Iron Hands|Quark Drive|[silent]\n|\n|-heal|p2a: Jirachi|80\/100|[from] item: Leftovers\n|-heal|p1b: Cresselia|46\/100|[from] item: Leftovers\n|upkeep\n|inactive|Bavier_ultimate has 120 seconds left.\n|\n|t:|1699582103\n|switch|p2b: Heatran|Heatran, F|100\/100\n|turn|14\n|\n|t:|1699582114\n|move|p2a: Jirachi|Cosmic Power|p2a: Jirachi\n|-boost|p2a: Jirachi|def|1\n|-boost|p2a: Jirachi|spd|1\n|move|p1b: Cresselia|Stored Power|p2b: Heatran\n|-resisted|p2b: Heatran\n|-damage|p2b: Heatran|23\/100\n|move|p2b: Heatran|Earth Power|p1b: Cresselia\n|-damage|p1b: Cresselia|40\/100\n|\n|-heal|p2a: Jirachi|86\/100|[from] item: Leftovers\n|-heal|p1b: Cresselia|46\/100|[from] item: Leftovers\n|upkeep\n|turn|15\n|\n|t:|1699582130\n|move|p2a: Jirachi|Life Dew|p2a: Jirachi|[spread] p2a,p2b\n|-heal|p2a: Jirachi|100\/100\n|-heal|p2b: Heatran|48\/100\n|move|p1b: Cresselia|Charge Beam|p2b: Heatran\n|-damage|p2b: Heatran|23\/100\n|-boost|p1b: Cresselia|spa|1\n|move|p2b: Heatran|Dark Pulse|p1b: Cresselia\n|-supereffective|p1b: Cresselia\n|-damage|p1b: Cresselia|36\/100\n|\n|-heal|p1b: Cresselia|42\/100|[from] item: Leftovers\n|upkeep\n|turn|16\n|\n|t:|1699582148\n|move|p2a: Jirachi|Stored Power|p1b: Cresselia\n|-resisted|p1b: Cresselia\n|-damage|p1b: Cresselia|36\/100\n|move|p1b: Cresselia|Stored Power|p2b: Heatran\n|-resisted|p2b: Heatran\n|-damage|p2b: Heatran|0 fnt\n|faint|p2b: Heatran\n|\n|-heal|p1b: Cresselia|42\/100|[from] item: Leftovers\n|upkeep\n|\n|t:|1699582154\n|switch|p2b: Amoonguss|Amoonguss, F|100\/100\n|turn|17\n|\n|t:|1699582170\n|move|p2a: Jirachi|Cosmic Power|p2a: Jirachi\n|-boost|p2a: Jirachi|def|0\n|-boost|p2a: Jirachi|spd|0\n|move|p1b: Cresselia|Stored Power|p2b: Amoonguss\n|-supereffective|p2b: Amoonguss\n|-damage|p2b: Amoonguss|0 fnt\n|faint|p2b: Amoonguss\n|\n|-heal|p1b: Cresselia|48\/100|[from] item: Leftovers\n|upkeep\n|turn|18\n|\n|t:|1699582176\n|move|p2a: Jirachi|Cosmic Power|p2a: Jirachi\n|-boost|p2a: Jirachi|def|0\n|-boost|p2a: Jirachi|spd|0\n|move|p1b: Cresselia|Calm Mind|p1b: Cresselia\n|-boost|p1b: Cresselia|spa|0\n|-boost|p1b: Cresselia|spd|1\n|\n|-heal|p1b: Cresselia|54\/100|[from] item: Leftovers\n|upkeep\n|turn|19\n|\n|t:|1699582179\n|move|p2a: Jirachi|Cosmic Power|p2a: Jirachi\n|-boost|p2a: Jirachi|def|0\n|-boost|p2a: Jirachi|spd|0\n|move|p1b: Cresselia|Calm Mind|p1b: Cresselia\n|-boost|p1b: Cresselia|spa|0\n|-boost|p1b: Cresselia|spd|1\n|\n|-heal|p1b: Cresselia|60\/100|[from] item: Leftovers\n|upkeep\n|turn|20\n|\n|t:|1699582185\n|move|p2a: Jirachi|Cosmic Power|p2a: Jirachi\n|-boost|p2a: Jirachi|def|0\n|-boost|p2a: Jirachi|spd|0\n|move|p1b: Cresselia|Stored Power|p2a: Jirachi\n|-damage|p2a: Jirachi|32\/100\n|\n|-heal|p2a: Jirachi|38\/100|[from] item: Leftovers\n|-heal|p1b: Cresselia|66\/100|[from] item: Leftovers\n|upkeep\n|turn|21\n|\n|t:|1699582192\n|move|p2a: Jirachi|Life Dew|p2a: Jirachi\n|-heal|p2a: Jirachi|63\/100\n|move|p1b: Cresselia|Stored Power|p2a: Jirachi\n|-damage|p2a: Jirachi|0 fnt\n|faint|p2a: Jirachi\n|\n|win|cotesmcgotes\n|raw|cotesmcgotes's rating: 1327 &rarr; <strong>1349<\/strong><br \/>(+22 for winning)\n|raw|Bavier_ultimate's rating: 1370 &rarr; <strong>1348<\/strong><br \/>(-22 for losing)\n","uploadtime":1699582195,"views":6,"p1id":"cotesmcgotes","p2id":"bavierultimate","formatid":"gen9doublesou","rating":1348,"private":0,"password":""}