{"id":"gen9doublesou-1986059168","p1":"Megazul","p2":"RocketsViability","format":"[Gen 9] Doubles OU","log":"|j|\u2606Megazul\n|j|\u2606RocketsViability\n|t:|1699445208\n|gametype|doubles\n|player|p1|Megazul|harlequin|1142\n|player|p2|RocketsViability|2|1146\n|teamsize|p1|6\n|teamsize|p2|6\n|gen|9\n|tier|[Gen 9] Doubles OU\n|rated|\n|rule|Species Clause: Limit one of each Pok\u00e9mon\n|rule|OHKO Clause: OHKO moves are banned\n|rule|Evasion Moves Clause: Evasion moves are banned\n|rule|Gravity Sleep Clause: The combination of sleep-inducing moves with imperfect accuracy and Gravity or Gigantamax Orbeetle are banned\n|rule|Endless Battle Clause: Forcing endless battles is banned\n|rule|HP Percentage Mod: HP is shown in percentages\n|clearpoke\n|poke|p1|Shiftry, F|\n|poke|p1|Iron Moth|\n|poke|p1|Rillaboom, F|\n|poke|p1|Ursaluna-Bloodmoon, M|\n|poke|p1|Brambleghast, M|\n|poke|p1|Sneasler, F|\n|poke|p2|Ninetales-Alola, F|\n|poke|p2|Trevenant, M|\n|poke|p2|Goodra-Hisui, M|\n|poke|p2|Sandslash-Alola, F|\n|poke|p2|Torterra, F|\n|poke|p2|Empoleon, M|\n|teampreview\n|\n|t:|1699445224\n|start\n|switch|p1a: Shiftry|Shiftry, F|100\/100\n|switch|p1b: Ursaluna|Ursaluna-Bloodmoon, M|100\/100\n|switch|p2a: Trevenant|Trevenant, M|100\/100\n|switch|p2b: Torterra|Torterra, F|100\/100\n|turn|1\n|\n|t:|1699445240\n|move|p1a: Shiftry|Tailwind|p1a: Shiftry\n|-sidestart|p1: Megazul|move: Tailwind\n|-ability|p1a: Shiftry|Wind Rider|boost\n|-boost|p1a: Shiftry|atk|1\n|move|p1b: Ursaluna|Calm Mind|p1b: Ursaluna\n|-boost|p1b: Ursaluna|spa|1\n|-boost|p1b: Ursaluna|spd|1\n|move|p2b: Torterra|Shell Smash|p2b: Torterra\n|-unboost|p2b: Torterra|def|1\n|-unboost|p2b: Torterra|spd|1\n|-boost|p2b: Torterra|atk|2\n|-boost|p2b: Torterra|spa|2\n|-boost|p2b: Torterra|spe|2\n|move|p2a: Trevenant|Toxic|p1b: Ursaluna\n|-status|p1b: Ursaluna|tox\n|\n|-damage|p1b: Ursaluna|94\/100 tox|[from] psn\n|upkeep\n|turn|2\n|\n|t:|1699445266\n|move|p1a: Shiftry|Knock Off|p2b: Torterra\n|-damage|p2b: Torterra|0 fnt\n|-enditem|p2b: Torterra|Loaded Dice|[from] move: Knock Off|[of] p1a: Shiftry\n|faint|p2b: Torterra\n|move|p1b: Ursaluna|Moonlight|p1b: Ursaluna\n|-heal|p1b: Ursaluna|100\/100 tox\n|move|p2a: Trevenant|Toxic|p1a: Shiftry\n|-status|p1a: Shiftry|tox\n|\n|-damage|p1a: Shiftry|94\/100 tox|[from] psn\n|-damage|p1b: Ursaluna|88\/100 tox|[from] psn\n|upkeep\n|\n|t:|1699445272\n|switch|p2b: Ninetales|Ninetales-Alola, F|100\/100\n|-weather|Snow|[from] ability: Snow Warning|[of] p2b: Ninetales\n|turn|3\n|\n|t:|1699445283\n|move|p2a: Trevenant|Ally Switch|p2a: Trevenant\n|swap|p2a: Trevenant|1|[from] move: Ally Switch\n|move|p1a: Shiftry|Knock Off|p2b: Trevenant\n|-supereffective|p2b: Trevenant\n|-damage|p2b: Trevenant|0 fnt\n|-enditem|p2b: Trevenant|Sitrus Berry|[from] move: Knock Off|[of] p1a: Shiftry\n|faint|p2b: Trevenant\n|move|p2a: Ninetales|Blizzard|p1a: Shiftry|[spread] p1b\n|-ability|p1a: Shiftry|Wind Rider|boost\n|-boost|p1a: Shiftry|atk|1\n|-supereffective|p1b: Ursaluna\n|-crit|p1b: Ursaluna\n|-damage|p1b: Ursaluna|0 fnt\n|faint|p1b: Ursaluna\n|\n|-weather|Snow|[upkeep]\n|-damage|p1a: Shiftry|82\/100 tox|[from] psn\n|upkeep\n|c|\u2606RocketsViability|wait that blocks blizzard\n|\n|t:|1699445302\n|switch|p1b: Sneasler|Sneasler, F|100\/100\n|switch|p2b: Sandslash|Sandslash-Alola, F|100\/100\n|turn|4\n|c|\u2606RocketsViability|dam\n|\n|t:|1699445316\n|switch|p1a: Rillaboom|Rillaboom, F|100\/100\n|-fieldstart|move: Grassy Terrain|[from] ability: Grassy Surge|[of] p1a: Rillaboom\n|-enditem|p1b: Sneasler|Grassy Seed\n|-boost|p1b: Sneasler|def|1|[from] item: Grassy Seed\n|-terastallize|p2a: Ninetales|Ice\n|move|p1b: Sneasler|Swords Dance|p1b: Sneasler\n|-boost|p1b: Sneasler|atk|2\n|move|p2a: Ninetales|Psyshock|p1b: Sneasler\n|-supereffective|p1b: Sneasler\n|-damage|p1b: Sneasler|11\/100\n|move|p2b: Sandslash|Leech Life|p1a: Rillaboom\n|-supereffective|p1a: Rillaboom\n|-damage|p1a: Rillaboom|56\/100\n|\n|-weather|Snow|[upkeep]\n|-heal|p1b: Sneasler|17\/100|[from] Grassy Terrain\n|-heal|p1a: Rillaboom|62\/100|[from] Grassy Terrain\n|-sideend|p1: Megazul|move: Tailwind\n|upkeep\n|turn|5\n|\n|t:|1699445343\n|move|p2b: Sandslash|Ice Shard|p1b: Sneasler\n|-damage|p1b: Sneasler|0 fnt\n|faint|p1b: Sneasler\n|move|p2a: Ninetales|Aurora Veil|p2a: Ninetales\n|-sidestart|p2: RocketsViability|move: Aurora Veil\n|move|p1a: Rillaboom|Brick Break|p2b: Sandslash\n|-sideend|p2: RocketsViability|move: Aurora Veil\n|-supereffective|p2b: Sandslash\n|-damage|p2b: Sandslash|39\/100\n|\n|-weather|Snow|[upkeep]\n|-heal|p1a: Rillaboom|68\/100|[from] Grassy Terrain\n|-heal|p2b: Sandslash|46\/100|[from] Grassy Terrain\n|upkeep\n|\n|t:|1699445349\n|switch|p1b: Iron Moth|Iron Moth|100\/100\n|-enditem|p1b: Iron Moth|Booster Energy\n|-activate|p1b: Iron Moth|ability: Quark Drive|[fromitem]\n|-start|p1b: Iron Moth|quarkdrivespe\n|turn|6\n|\n|t:|1699445371\n|move|p2b: Sandslash|Ice Shard|p1a: Rillaboom\n|-supereffective|p1a: Rillaboom\n|-damage|p1a: Rillaboom|32\/100\n|move|p1b: Iron Moth|Fiery Dance|p2a: Ninetales\n|-supereffective|p2a: Ninetales\n|-damage|p2a: Ninetales|8\/100\n|move|p2a: Ninetales|Psyshock|p1b: Iron Moth\n|-supereffective|p1b: Iron Moth\n|-damage|p1b: Iron Moth|42\/100\n|move|p1a: Rillaboom|Brick Break|p2b: Sandslash\n|-supereffective|p2b: Sandslash\n|-damage|p2b: Sandslash|0 fnt\n|faint|p2b: Sandslash\n|\n|-weather|Snow|[upkeep]\n|-heal|p1b: Iron Moth|48\/100|[from] Grassy Terrain\n|-heal|p2a: Ninetales|14\/100|[from] Grassy Terrain\n|-heal|p1a: Rillaboom|38\/100|[from] Grassy Terrain\n|upkeep\n|\n|t:|1699445381\n|switch|p2b: Goodra|Goodra-Hisui, M|100\/100\n|turn|7\n|\n|t:|1699445393\n|move|p1a: Rillaboom|Grassy Glide|p2a: Ninetales\n|-damage|p2a: Ninetales|0 fnt\n|faint|p2a: Ninetales\n|move|p1b: Iron Moth|Fiery Dance|p2b: Goodra\n|-damage|p2b: Goodra|71\/100\n|move|p2b: Goodra|Blizzard|p1b: Iron Moth|[spread] p1a,p1b\n|-supereffective|p1a: Rillaboom\n|-resisted|p1b: Iron Moth\n|-damage|p1a: Rillaboom|0 fnt\n|-damage|p1b: Iron Moth|33\/100\n|faint|p1a: Rillaboom\n|\n|-weather|Snow|[upkeep]\n|-heal|p1b: Iron Moth|39\/100|[from] Grassy Terrain\n|-heal|p2b: Goodra|77\/100|[from] Grassy Terrain\n|upkeep\n|\n|t:|1699445405\n|switch|p2a: Empoleon|Empoleon, M|100\/100\n|switch|p1a: Shiftry|Shiftry, F|82\/100 tox\n|turn|8\n|\n|t:|1699445410\n|move|p2b: Goodra|Protect|p2b: Goodra\n|-singleturn|p2b: Goodra|Protect\n|move|p2a: Empoleon|Protect|p2a: Empoleon\n|-singleturn|p2a: Empoleon|Protect\n|move|p1b: Iron Moth|Fiery Dance|p2a: Empoleon\n|-activate|p2a: Empoleon|move: Protect\n|move|p1a: Shiftry|Tailwind|p1a: Shiftry\n|-sidestart|p1: Megazul|move: Tailwind\n|-ability|p1a: Shiftry|Wind Rider|boost\n|-boost|p1a: Shiftry|atk|1\n|\n|-weather|Snow|[upkeep]\n|-heal|p1b: Iron Moth|45\/100|[from] Grassy Terrain\n|-heal|p1a: Shiftry|88\/100 tox|[from] Grassy Terrain\n|-heal|p2b: Goodra|83\/100|[from] Grassy Terrain\n|-damage|p1a: Shiftry|82\/100 tox|[from] psn\n|upkeep\n|turn|9\n|\n|t:|1699445447\n|move|p1b: Iron Moth|Fiery Dance|p2a: Empoleon\n|-damage|p2a: Empoleon|61\/100\n|-boost|p1b: Iron Moth|spa|1\n|move|p1a: Shiftry|Knock Off|p2b: Goodra\n|-damage|p2b: Goodra|22\/100\n|-damage|p1a: Shiftry|65\/100 tox|[from] item: Rocky Helmet|[of] p2b: Goodra\n|-enditem|p2b: Goodra|Rocky Helmet|[from] move: Knock Off|[of] p1a: Shiftry\n|move|p2a: Empoleon|Air Slash|p1a: Shiftry\n|-supereffective|p1a: Shiftry\n|-damage|p1a: Shiftry|0 fnt\n|faint|p1a: Shiftry\n|move|p2b: Goodra|Weather Ball|p1b: Iron Moth\n|-resisted|p1b: Iron Moth\n|-damage|p1b: Iron Moth|27\/100\n|\n|-weather|Snow|[upkeep]\n|-heal|p1b: Iron Moth|33\/100|[from] Grassy Terrain\n|-heal|p2a: Empoleon|67\/100|[from] Grassy Terrain\n|-heal|p2b: Goodra|29\/100|[from] Grassy Terrain\n|-heal|p2a: Empoleon|73\/100|[from] item: Leftovers\n|upkeep\n|\n|t:|1699445471\n|switch|p1a: Brambleghast|Brambleghast, M|100\/100\n|-ability|p1a: Brambleghast|Wind Rider|boost\n|-boost|p1a: Brambleghast|atk|1\n|turn|10\n|\n|t:|1699445489\n|move|p1b: Iron Moth|Energy Ball|p2a: Empoleon\n|-damage|p2a: Empoleon|23\/100\n|move|p1a: Brambleghast|Poltergeist||[still]\n|-fail|p1a: Brambleghast\n|move|p2a: Empoleon|Hydro Pump|p1b: Iron Moth\n|-supereffective|p1b: Iron Moth\n|-damage|p1b: Iron Moth|0 fnt\n|faint|p1b: Iron Moth\n|-end|p1b: Iron Moth|Quark Drive|[silent]\n|move|p2b: Goodra|Flamethrower|p1a: Brambleghast\n|-supereffective|p1a: Brambleghast\n|-damage|p1a: Brambleghast|0 fnt\n|faint|p1a: Brambleghast\n|\n|win|RocketsViability\n|raw|Megazul's rating: 1142 &rarr; <strong>1117<\/strong><br \/>(-25 for losing)\n|raw|RocketsViability's rating: 1146 &rarr; <strong>1171<\/strong><br \/>(+25 for winning)\n|l|\u2606Megazul\n","uploadtime":1699445516,"views":17,"p1id":"megazul","p2id":"rocketsviability","formatid":"gen9doublesou","rating":1117,"private":0,"password":""}