{"id":"gen9doublesou-1971994051","p1":"KizzaMaGee69","p2":"Sargenbob","format":"[Gen 9] Doubles OU","log":"|j|\u2606KizzaMaGee69\n|j|\u2606Sargenbob\n|t:|1697802565\n|gametype|doubles\n|player|p1|KizzaMaGee69|clown|1066\n|player|p2|Sargenbob|red|1114\n|teamsize|p1|6\n|teamsize|p2|6\n|gen|9\n|tier|[Gen 9] Doubles OU\n|rated|\n|rule|Species Clause: Limit one of each Pok\u00e9mon\n|rule|OHKO Clause: OHKO moves are banned\n|rule|Evasion Moves Clause: Evasion moves are banned\n|rule|Gravity Sleep Clause: The combination of sleep-inducing moves with imperfect accuracy and Gravity or Gigantamax Orbeetle are banned\n|rule|Endless Battle Clause: Forcing endless battles is banned\n|rule|HP Percentage Mod: HP is shown in percentages\n|clearpoke\n|poke|p1|Diancie|\n|poke|p1|Great Tusk|\n|poke|p1|Zoroark-Hisui, F|\n|poke|p1|Dragonite, F|\n|poke|p1|Armarouge, F|\n|poke|p1|Ambipom, F|\n|poke|p2|Oranguru, M|\n|poke|p2|Torkoal, M|\n|poke|p2|Amoonguss, M|\n|poke|p2|Garganacl, F|\n|poke|p2|Toxapex, M|\n|poke|p2|Gothitelle, F|\n|teampreview\n|inactive|Battle timer is ON: inactive players will automatically lose when time's up. (requested by KizzaMaGee69)\n|\n|t:|1697802589\n|start\n|switch|p1a: Great Tusk|Great Tusk|100\/100\n|switch|p1b: Armarouge|Armarouge, F|100\/100\n|switch|p2a: Donkey Kong|Oranguru, M, shiny|100\/100\n|switch|p2b: Rafael|Torkoal, M, shiny|100\/100\n|-weather|SunnyDay|[from] ability: Drought|[of] p2b: Rafael\n|turn|1\n|\n|t:|1697802604\n|-terastallize|p1b: Armarouge|Steel\n|move|p2b: Rafael|Protect|p2b: Rafael\n|-singleturn|p2b: Rafael|Protect\n|move|p1a: Great Tusk|Icy Wind|p2b: Rafael|[spread] p2a\n|-activate|p2b: Rafael|move: Protect\n|-damage|p2a: Donkey Kong|85\/100\n|-unboost|p2a: Donkey Kong|spe|1\n|move|p1b: Armarouge|Heat Wave|p2b: Rafael|[spread] p2a\n|-activate|p2b: Rafael|move: Protect\n|-damage|p2a: Donkey Kong|34\/100\n|move|p2a: Donkey Kong|Trick Room|p2a: Donkey Kong\n|-fieldstart|move: Trick Room|[of] p2a: Donkey Kong\n|\n|-weather|SunnyDay|[upkeep]\n|upkeep\n|turn|2\n|c|\u2606Sargenbob|nice zoroark\n|\n|t:|1697802623\n|move|p2a: Donkey Kong|Instruct|p2b: Rafael\n|-singleturn|p2b: Rafael|move: Instruct|[of] p2a: Donkey Kong\n|move|p2b: Rafael|Protect||[still]\n|-fail|p2b: Rafael\n|move|p2b: Rafael|Eruption|p1a: Great Tusk|[spread] p1a\n|-start|p1b: Armarouge|ability: Flash Fire\n|-damage|p1a: Great Tusk|0 fnt\n|replace|p1a: Zoroark|Zoroark-Hisui, F\n|-end|p1a: Zoroark|Illusion\n|faint|p1a: Zoroark\n|move|p1b: Armarouge|Heat Wave|p2b: Rafael|[spread] p2a,p2b\n|-resisted|p2b: Rafael\n|-damage|p2a: Donkey Kong|0 fnt\n|-damage|p2b: Rafael|20\/100\n|faint|p2a: Donkey Kong\n|\n|-weather|SunnyDay|[upkeep]\n|upkeep\n|\n|t:|1697802641\n|switch|p2a: Stronghold|Garganacl, F|100\/100\n|switch|p1a: Diancie|Diancie|100\/100\n|turn|3\n|\n|t:|1697802651\n|move|p2b: Rafael|Protect|p2b: Rafael\n|-singleturn|p2b: Rafael|Protect\n|move|p2a: Stronghold|Salt Cure|p1b: Armarouge\n|-resisted|p1b: Armarouge\n|-damage|p1b: Armarouge|95\/100\n|-start|p1b: Armarouge|Salt Cure\n|move|p1a: Diancie|Light Screen|p1a: Diancie\n|-sidestart|p1: KizzaMaGee69|move: Light Screen\n|move|p1b: Armarouge|Heat Wave|p2b: Rafael|[spread] p2a\n|-activate|p2b: Rafael|move: Protect\n|-resisted|p2a: Stronghold\n|-damage|p2a: Stronghold|51\/100\n|\n|-weather|SunnyDay|[upkeep]\n|-heal|p2a: Stronghold|58\/100|[from] item: Leftovers\n|-damage|p1b: Armarouge|70\/100|[from] Salt Cure\n|upkeep\n|turn|4\n|\n|t:|1697802673\n|switch|p2b: Tank|Toxapex, M, shiny|100\/100\n|move|p2a: Stronghold|Iron Defense|p2a: Stronghold\n|-boost|p2a: Stronghold|def|2\n|move|p1a: Diancie|Reflect|p1a: Diancie\n|-sidestart|p1: KizzaMaGee69|Reflect\n|move|p1b: Armarouge|Heat Wave|p2a: Stronghold|[spread] p2a\n|-miss|p1b: Armarouge|p2b: Tank\n|-resisted|p2a: Stronghold\n|-damage|p2a: Stronghold|12\/100\n|\n|-weather|SunnyDay|[upkeep]\n|-heal|p2a: Stronghold|18\/100|[from] item: Leftovers\n|-damage|p1b: Armarouge|45\/100|[from] Salt Cure\n|upkeep\n|turn|5\n|\n|t:|1697802701\n|move|p2a: Stronghold|Recover|p2a: Stronghold\n|-heal|p2a: Stronghold|68\/100\n|move|p2b: Tank|Toxic|p1a: Diancie\n|-status|p1a: Diancie|tox\n|move|p1a: Diancie|Dazzling Gleam|p2b: Tank|[spread] p2a,p2b\n|-resisted|p2b: Tank\n|-damage|p2a: Stronghold|50\/100\n|-damage|p2b: Tank|92\/100\n|move|p1b: Armarouge|Heat Wave|p2a: Stronghold|[spread] p2a,p2b\n|-resisted|p2a: Stronghold\n|-crit|p2a: Stronghold\n|-resisted|p2b: Tank\n|-damage|p2a: Stronghold|0 fnt\n|-damage|p2b: Tank|45\/100\n|faint|p2a: Stronghold\n|\n|-weather|none\n|-heal|p2b: Tank|51\/100|[from] item: Leftovers\n|-damage|p1a: Diancie|94\/100 tox|[from] psn\n|-damage|p1b: Armarouge|20\/100|[from] Salt Cure\n|-fieldend|move: Trick Room\n|upkeep\n|\n|t:|1697802718\n|switch|p2a: Goth waifu|Gothitelle, F, shiny|100\/100\n|turn|6\n|\n|t:|1697802725\n|move|p1b: Armarouge|Heat Wave|p2a: Goth waifu|[spread] p2a,p2b\n|-resisted|p2b: Tank\n|-damage|p2a: Goth waifu|42\/100\n|-damage|p2b: Tank|20\/100\n|move|p1a: Diancie|Draining Kiss|p2a: Goth waifu\n|-damage|p2a: Goth waifu|28\/100\n|-heal|p1a: Diancie|100\/100 tox|[from] drain|[of] p2a: Goth waifu\n|move|p2b: Tank|Recover|p2b: Tank\n|-heal|p2b: Tank|70\/100\n|move|p2a: Goth waifu|Trick Room|p2a: Goth waifu\n|-fieldstart|move: Trick Room|[of] p2a: Goth waifu\n|\n|-heal|p2b: Tank|76\/100|[from] item: Leftovers\n|-damage|p1a: Diancie|88\/100 tox|[from] psn\n|-damage|p1b: Armarouge|0 fnt|[from] Salt Cure\n|faint|p1b: Armarouge\n|upkeep\n|\n|t:|1697802741\n|switch|p1b: Dragonite|Dragonite, F|100\/100\n|turn|7\n|\n|t:|1697802748\n|move|p2a: Goth waifu|Protect|p2a: Goth waifu\n|-singleturn|p2a: Goth waifu|Protect\n|move|p2b: Tank|Toxic|p1b: Dragonite\n|-status|p1b: Dragonite|tox\n|move|p1a: Diancie|Dazzling Gleam|p2a: Goth waifu|[spread] p2b\n|-activate|p2a: Goth waifu|move: Protect\n|-resisted|p2b: Tank\n|-damage|p2b: Tank|67\/100\n|move|p1b: Dragonite|Outrage|p2a: Goth waifu\n|-activate|p2a: Goth waifu|move: Protect\n|\n|-heal|p2b: Tank|74\/100|[from] item: Leftovers\n|-damage|p1a: Diancie|69\/100 tox|[from] psn\n|-damage|p1b: Dragonite|94\/100 tox|[from] psn\n|-sideend|p1: KizzaMaGee69|move: Light Screen\n|upkeep\n|turn|8\n|\n|t:|1697802770\n|switch|p2a: Toad|Amoonguss, M, shiny|100\/100\n|move|p2b: Tank|Recover|p2b: Tank\n|-heal|p2b: Tank|100\/100\n|move|p1a: Diancie|Dazzling Gleam|p2a: Toad|[spread] p2a,p2b\n|-resisted|p2a: Toad\n|-crit|p2a: Toad\n|-resisted|p2b: Tank\n|-damage|p2a: Toad|87\/100\n|-damage|p2b: Tank|92\/100\n|-enditem|p2a: Toad|Eject Button\n|\n|t:|1697802781\n|switch|p2a: Rafael|Torkoal, M, shiny|20\/100\n|-weather|SunnyDay|[from] ability: Drought|[of] p2a: Rafael\n|move|p1b: Dragonite|Outrage|p2a: Rafael\n|-damage|p2a: Rafael|0 fnt\n|faint|p2a: Rafael\n|\n|-weather|SunnyDay|[upkeep]\n|-heal|p2b: Tank|98\/100|[from] item: Leftovers\n|-heal|p1b: Dragonite|100\/100 tox|[from] item: Leftovers\n|-damage|p1a: Diancie|44\/100 tox|[from] psn\n|-damage|p1b: Dragonite|88\/100 tox|[from] psn\n|-sideend|p1: KizzaMaGee69|Reflect\n|upkeep\n|\n|t:|1697802788\n|switch|p2a: Toad|Amoonguss, M, shiny|100\/100\n|turn|9\n|\n|t:|1697802797\n|move|p2a: Toad|Giga Drain|p1a: Diancie\n|-supereffective|p1a: Diancie\n|-damage|p1a: Diancie|9\/100 tox\n|move|p2b: Tank|Surf|p1a: Diancie|[spread] p2a,p1a,p1b\n|-resisted|p2a: Toad\n|-supereffective|p1a: Diancie\n|-resisted|p1b: Dragonite\n|-crit|p1b: Dragonite\n|-damage|p2a: Toad|98\/100\n|-damage|p1a: Diancie|0 fnt\n|-damage|p1b: Dragonite|83\/100 tox\n|faint|p1a: Diancie\n|move|p1b: Dragonite|Outrage|p2b: Tank|[from]lockedmove\n|-damage|p2b: Tank|56\/100\n|\n|-weather|SunnyDay|[upkeep]\n|-heal|p2b: Tank|62\/100|[from] item: Leftovers\n|-heal|p1b: Dragonite|90\/100 tox|[from] item: Leftovers\n|-damage|p1b: Dragonite|71\/100 tox|[from] psn\n|upkeep\n|\n|t:|1697802805\n|switch|p1a: Great Tusk|Great Tusk|100\/100\n|-activate|p1a: Great Tusk|ability: Protosynthesis\n|-start|p1a: Great Tusk|protosynthesisatk\n|turn|10\n|\n|t:|1697802816\n|move|p2a: Toad|Spore|p1a: Great Tusk\n|-status|p1a: Great Tusk|slp|[from] move: Spore\n|move|p2b: Tank|Surf|p1b: Dragonite|[spread] p2a,p1a,p1b\n|-resisted|p2a: Toad\n|-supereffective|p1a: Great Tusk\n|-resisted|p1b: Dragonite\n|-damage|p2a: Toad|95\/100\n|-damage|p1a: Great Tusk|90\/100 slp\n|-damage|p1b: Dragonite|68\/100 tox\n|move|p1b: Dragonite|Outrage|p2b: Tank|[from]lockedmove\n|-damage|p2b: Tank|19\/100\n|-start|p1b: Dragonite|confusion|[fatigue]\n|cant|p1a: Great Tusk|slp\n|\n|-weather|SunnyDay|[upkeep]\n|-heal|p2b: Tank|25\/100|[from] item: Leftovers\n|-heal|p1b: Dragonite|74\/100 tox|[from] item: Leftovers\n|-damage|p1b: Dragonite|49\/100 tox|[from] psn\n|-fieldend|move: Trick Room\n|upkeep\n|turn|11\n|inactive|KizzaMaGee69 has 120 seconds left.\n|\n|t:|1697802848\n|switch|p2b: Goth waifu|Gothitelle, F, shiny|28\/100\n|-curestatus|p1a: Great Tusk|slp|[msg]\n|move|p1a: Great Tusk|Rock Slide|p2b: Goth waifu|[spread] p2a,p2b\n|-damage|p2a: Toad|75\/100\n|-damage|p2b: Goth waifu|2\/100\n|-enditem|p2b: Goth waifu|Wiki Berry|[eat]\n|-heal|p2b: Goth waifu|35\/100|[from] item: Wiki Berry\n|-activate|p1b: Dragonite|confusion\n|move|p1b: Dragonite|Fly||[still]\n|-prepare|p1b: Dragonite|Fly\n|move|p2a: Toad|Sludge Bomb|p1b: Dragonite|[miss]\n|-miss|p2a: Toad|p1b: Dragonite\n|\n|-weather|SunnyDay|[upkeep]\n|-heal|p1b: Dragonite|55\/100 tox|[from] item: Leftovers\n|-damage|p1b: Dragonite|24\/100 tox|[from] psn\n|upkeep\n|turn|12\n|\n|t:|1697802861\n|move|p1a: Great Tusk|Ice Spinner|p2b: Goth waifu\n|-damage|p2b: Goth waifu|0 fnt\n|faint|p2b: Goth waifu\n|-end|p1b: Dragonite|confusion\n|move|p1b: Dragonite|Fly|p1a: Great Tusk|[from]lockedmove\n|-supereffective|p1a: Great Tusk\n|-damage|p1a: Great Tusk|26\/100\n|move|p2a: Toad|Spore|p1a: Great Tusk\n|-status|p1a: Great Tusk|slp|[from] move: Spore\n|\n|-weather|none\n|-end|p1a: Great Tusk|Protosynthesis\n|-heal|p1b: Dragonite|31\/100 tox|[from] item: Leftovers\n|-damage|p1b: Dragonite|0 fnt|[from] psn\n|faint|p1b: Dragonite\n|upkeep\n|\n|t:|1697802868\n|switch|p1b: Ambipom|Ambipom, F|100\/100\n|switch|p2b: Tank|Toxapex, M, shiny|58\/100\n|turn|13\n|\n|t:|1697802882\n|move|p1b: Ambipom|Fake Out|p2a: Toad\n|-damage|p2a: Toad|53\/100\n|cant|p1a: Great Tusk|slp\n|move|p2b: Tank|Toxic|p1b: Ambipom\n|-status|p1b: Ambipom|tox\n|cant|p2a: Toad|flinch\n|\n|-heal|p2b: Tank|65\/100|[from] item: Leftovers\n|-damage|p1b: Ambipom|94\/100 tox|[from] psn\n|upkeep\n|turn|14\n|\n|t:|1697802896\n|move|p1b: Ambipom|Astonish|p2b: Tank\n|-damage|p2b: Tank|56\/100\n|cant|p1a: Great Tusk|slp\n|cant|p2b: Tank|flinch\n|move|p2a: Toad|Sludge Bomb|p1a: Great Tusk\n|-resisted|p1a: Great Tusk\n|-damage|p1a: Great Tusk|15\/100 slp\n|\n|-heal|p1b: Ambipom|100\/100 tox|[from] item: Leftovers\n|-heal|p2b: Tank|62\/100|[from] item: Leftovers\n|-damage|p1b: Ambipom|88\/100 tox|[from] psn\n|upkeep\n|turn|15\n|\n|t:|1697802907\n|move|p1b: Ambipom|Mud Shot|p2b: Tank\n|-supereffective|p2b: Tank\n|-damage|p2b: Tank|45\/100\n|-unboost|p2b: Tank|spe|1\n|-curestatus|p1a: Great Tusk|slp|[msg]\n|move|p1a: Great Tusk|Rock Slide|p2b: Tank|[spread] p2a,p2b\n|-damage|p2a: Toad|38\/100\n|-damage|p2b: Tank|33\/100\n|move|p2a: Toad|Giga Drain|p1a: Great Tusk\n|-supereffective|p1a: Great Tusk\n|-damage|p1a: Great Tusk|0 fnt\n|-heal|p2a: Toad|45\/100|[from] drain|[of] p1a: Great Tusk\n|faint|p1a: Great Tusk\n|-end|p1a: Great Tusk|Protosynthesis|[silent]\n|cant|p2b: Tank|flinch\n|\n|-heal|p1b: Ambipom|94\/100 tox|[from] item: Leftovers\n|-heal|p2b: Tank|39\/100|[from] item: Leftovers\n|-damage|p1b: Ambipom|76\/100 tox|[from] psn\n|upkeep\n|turn|16\n|\n|t:|1697802928\n|move|p1b: Ambipom|Double Hit|p2a: Toad\n|-damage|p2a: Toad|26\/100\n|-crit|p2a: Toad\n|-damage|p2a: Toad|0 fnt\n|faint|p2a: Toad\n|-hitcount|p2: Toad|2\n|move|p2b: Tank|Recover|p2b: Tank\n|-heal|p2b: Tank|89\/100\n|\n|-heal|p1b: Ambipom|82\/100 tox|[from] item: Leftovers\n|-heal|p2b: Tank|95\/100|[from] item: Leftovers\n|-damage|p1b: Ambipom|57\/100 tox|[from] psn\n|upkeep\n|turn|17\n|\n|t:|1697802942\n|move|p1b: Ambipom|Double Hit|p2b: Tank\n|-damage|p2b: Tank|80\/100\n|-damage|p2b: Tank|65\/100\n|-hitcount|p2b: Tank|2\n|move|p2b: Tank|Haze|p2b: Tank\n|-clearallboost\n|\n|-heal|p1b: Ambipom|64\/100 tox|[from] item: Leftovers\n|-heal|p2b: Tank|71\/100|[from] item: Leftovers\n|-damage|p1b: Ambipom|33\/100 tox|[from] psn\n|upkeep\n|turn|18\n|\n|t:|1697802953\n|move|p1b: Ambipom|Mud Shot|p2b: Tank\n|-supereffective|p2b: Tank\n|-damage|p2b: Tank|54\/100\n|-unboost|p2b: Tank|spe|1\n|move|p2b: Tank|Recover|p2b: Tank\n|-heal|p2b: Tank|100\/100\n|\n|-heal|p1b: Ambipom|39\/100 tox|[from] item: Leftovers\n|-damage|p1b: Ambipom|2\/100 tox|[from] psn\n|upkeep\n|turn|19\n|\n|t:|1697802963\n|move|p1b: Ambipom|Double Hit|p2b: Tank\n|-damage|p2b: Tank|86\/100\n|-damage|p2b: Tank|70\/100\n|-hitcount|p2b: Tank|2\n|move|p2b: Tank|Recover|p2b: Tank\n|-heal|p2b: Tank|100\/100\n|\n|-heal|p1b: Ambipom|8\/100 tox|[from] item: Leftovers\n|-damage|p1b: Ambipom|0 fnt|[from] psn\n|faint|p1b: Ambipom\n|\n|win|Sargenbob\n|upkeep\n|raw|KizzaMaGee69's rating: 1066 &rarr; <strong>1049<\/strong><br \/>(-17 for losing)\n|raw|Sargenbob's rating: 1114 &rarr; <strong>1136<\/strong><br \/>(+22 for winning)\n|c|\u2606Sargenbob|gg\n|l|\u2606KizzaMaGee69\n","uploadtime":1697802974,"views":14,"p1id":"kizzamagee69","p2id":"sargenbob","formatid":"gen9doublesou","rating":1049,"private":0,"password":""}