{"id":"gen9doublesou-1990734676","p1":"Blue Syrius","p2":"Bannedagainlol","format":"[Gen 9] Doubles OU","log":"|j|\u2606Blue Syrius\n|j|\u2606Bannedagainlol\n|t:|1699995912\n|gametype|doubles\n|player|p1|Blue Syrius|youngster-gen4dp|1115\n|player|p2|Bannedagainlol|rocketgruntf|1098\n|teamsize|p1|6\n|teamsize|p2|6\n|gen|9\n|tier|[Gen 9] Doubles OU\n|rated|\n|rule|Species Clause: Limit one of each Pok\u00e9mon\n|rule|OHKO Clause: OHKO moves are banned\n|rule|Evasion Moves Clause: Evasion moves are banned\n|rule|Gravity Sleep Clause: The combination of sleep-inducing moves with imperfect accuracy and Gravity or Gigantamax Orbeetle are banned\n|rule|Endless Battle Clause: Forcing endless battles is banned\n|rule|HP Percentage Mod: HP is shown in percentages\n|clearpoke\n|poke|p1|Ninetales-Alola, F|\n|poke|p1|Munkidori, M|\n|poke|p1|Slowking-Galar, F|\n|poke|p1|Flutter Mane|\n|poke|p1|Roaring Moon|\n|poke|p1|Maushold|\n|poke|p2|Shiftry, F|\n|poke|p2|Roaring Moon|\n|poke|p2|Pelipper, M|\n|poke|p2|Brambleghast, M|\n|poke|p2|Kilowattrel, F|\n|poke|p2|Wattrel, M|\n|teampreview\n|inactive|Battle timer is ON: inactive players will automatically lose when time's up. (requested by Blue Syrius)\n|\n|t:|1699995934\n|start\n|switch|p1a: Munkidori|Munkidori, M|100\/100\n|switch|p1b: Flutter Mane|Flutter Mane|100\/100\n|switch|p2a: Shiftry|Shiftry, F|100\/100\n|switch|p2b: Pelipper|Pelipper, M|100\/100\n|-weather|RainDance|[from] ability: Drizzle|[of] p2b: Pelipper\n|-enditem|p1b: Flutter Mane|Booster Energy\n|-activate|p1b: Flutter Mane|ability: Protosynthesis|[fromitem]\n|-start|p1b: Flutter Mane|protosynthesisspa\n|turn|1\n|\n|t:|1699995949\n|switch|p2a: Wattrel|Wattrel, M|100\/100\n|move|p1a: Munkidori|Fake Out|p2a: Wattrel\n|-damage|p2a: Wattrel|82\/100\n|move|p1b: Flutter Mane|Shadow Ball|p2b: Pelipper\n|-damage|p2b: Pelipper|12\/100\n|move|p2b: Pelipper|Tailwind|p2b: Pelipper\n|-sidestart|p2: Bannedagainlol|move: Tailwind\n|\n|-weather|RainDance|[upkeep]\n|upkeep\n|turn|2\n|\n|t:|1699995970\n|move|p2a: Wattrel|Weather Ball|p1b: Flutter Mane\n|-damage|p1b: Flutter Mane|68\/100\n|move|p1b: Flutter Mane|Shadow Ball|p2a: Wattrel\n|-damage|p2a: Wattrel|0 fnt\n|faint|p2a: Wattrel\n|move|p1a: Munkidori|Psyshock|p2b: Pelipper\n|-damage|p2b: Pelipper|0 fnt\n|faint|p2b: Pelipper\n|\n|-weather|RainDance|[upkeep]\n|upkeep\n|inactive|Bannedagainlol has 120 seconds left.\n|\n|t:|1699995989\n|switch|p2a: Brambleghast|Brambleghast, M|100\/100\n|switch|p2b: Kilowattrel|Kilowattrel, F|100\/100\n|-ability|p2a: Brambleghast|Wind Rider|boost\n|-boost|p2a: Brambleghast|atk|1\n|turn|3\n|\n|t:|1699996004\n|-terastallize|p2b: Kilowattrel|Ground\n|move|p1b: Flutter Mane|Protect|p1b: Flutter Mane\n|-singleturn|p1b: Flutter Mane|Protect\n|move|p2b: Kilowattrel|Tera Blast|p1a: Munkidori|[anim] Tera Blast Ground\n|-supereffective|p1a: Munkidori\n|-damage|p1a: Munkidori|0 fnt\n|faint|p1a: Munkidori\n|move|p2a: Brambleghast|Phantom Force||[still]\n|-prepare|p2a: Brambleghast|Phantom Force\n|\n|-weather|RainDance|[upkeep]\n|upkeep\n|\n|t:|1699996022\n|switch|p1a: Maushold|Maushold|100\/100\n|turn|4\n|\n|t:|1699996034\n|move|p1a: Maushold|Follow Me|p1a: Maushold\n|-singleturn|p1a: Maushold|move: Follow Me\n|move|p2b: Kilowattrel|Tera Blast|p1a: Maushold|[anim] Tera Blast Ground\n|-damage|p1a: Maushold|19\/100\n|move|p2a: Brambleghast|Phantom Force|p1a: Maushold|[from]lockedmove\n|-immune|p1a: Maushold\n|move|p1b: Flutter Mane|Shadow Ball|p2b: Kilowattrel\n|-damage|p2b: Kilowattrel|0 fnt\n|faint|p2b: Kilowattrel\n|\n|-weather|RainDance|[upkeep]\n|-sideend|p2: Bannedagainlol|move: Tailwind\n|upkeep\n|\n|t:|1699996043\n|switch|p2b: Roaring Moon|Roaring Moon|100\/100\n|-enditem|p2b: Roaring Moon|Booster Energy\n|-activate|p2b: Roaring Moon|ability: Protosynthesis|[fromitem]\n|-start|p2b: Roaring Moon|protosynthesisatk\n|turn|5\n|\n|t:|1699996053\n|move|p1b: Flutter Mane|Shadow Ball|p2a: Brambleghast\n|-supereffective|p2a: Brambleghast\n|-damage|p2a: Brambleghast|0 fnt\n|faint|p2a: Brambleghast\n|move|p1a: Maushold|Population Bomb|p2b: Roaring Moon\n|-damage|p2b: Roaring Moon|87\/100\n|-damage|p2b: Roaring Moon|74\/100\n|-damage|p2b: Roaring Moon|61\/100\n|-damage|p2b: Roaring Moon|45\/100\n|-damage|p2b: Roaring Moon|31\/100\n|-damage|p2b: Roaring Moon|15\/100\n|-damage|p2b: Roaring Moon|2\/100\n|-damage|p2b: Roaring Moon|0 fnt\n|faint|p2b: Roaring Moon\n|-end|p2b: Roaring Moon|Protosynthesis|[silent]\n|-hitcount|p2: Roaring Moon|8\n|\n|-weather|none\n|upkeep\n|\n|t:|1699996057\n|switch|p2b: Shiftry|Shiftry, F|100\/100\n|turn|6\n|\n|t:|1699996076\n|move|p1a: Maushold|Follow Me|p1a: Maushold\n|-singleturn|p1a: Maushold|move: Follow Me\n|move|p2b: Shiftry|Night Slash|p1a: Maushold\n|-damage|p1a: Maushold|0 fnt\n|faint|p1a: Maushold\n|move|p1b: Flutter Mane|Mystical Fire|p2b: Shiftry\n|-supereffective|p2b: Shiftry\n|-damage|p2b: Shiftry|0 fnt\n|faint|p2b: Shiftry\n|\n|win|Blue Syrius\n|raw|Blue Syrius's rating: 1115 &rarr; <strong>1139<\/strong><br \/>(+24 for winning)\n|raw|Bannedagainlol's rating: 1098 &rarr; <strong>1075<\/strong><br \/>(-23 for losing)\n|l|\u2606Bannedagainlol\n","uploadtime":1699996086,"views":5,"p1id":"bluesyrius","p2id":"bannedagainlol","formatid":"gen9doublesou","rating":1075,"private":0,"password":""}