{"id":"gen9doublesou-1993036995","p1":"Reddypuller","p2":"SappRavenger","format":"[Gen 9] Doubles OU","log":"|j|\u2606Reddypuller\n|j|\u2606SappRavenger\n|t:|1700257853\n|gametype|doubles\n|player|p1|Reddypuller|169|1121\n|player|p2|SappRavenger|265|1095\n|teamsize|p1|6\n|teamsize|p2|6\n|gen|9\n|tier|[Gen 9] Doubles OU\n|rated|\n|rule|Species Clause: Limit one of each Pok\u00e9mon\n|rule|OHKO Clause: OHKO moves are banned\n|rule|Evasion Moves Clause: Evasion moves are banned\n|rule|Gravity Sleep Clause: The combination of sleep-inducing moves with imperfect accuracy and Gravity or Gigantamax Orbeetle are banned\n|rule|Endless Battle Clause: Forcing endless battles is banned\n|rule|HP Percentage Mod: HP is shown in percentages\n|clearpoke\n|poke|p1|Grimmsnarl, M|\n|poke|p1|Goodra-Hisui, M|\n|poke|p1|Enamorus, F|\n|poke|p1|Overqwil, F|\n|poke|p1|Brute Bonnet|\n|poke|p1|Flamigo, M|\n|poke|p2|Vaporeon, M|\n|poke|p2|Jolteon, M|\n|poke|p2|Flareon, F|\n|poke|p2|Espeon, M|\n|poke|p2|Leafeon, M|\n|poke|p2|Umbreon, F|\n|teampreview\n|inactive|Battle timer is ON: inactive players will automatically lose when time's up. (requested by Reddypuller)\n|\n|t:|1700257864\n|start\n|switch|p1a: Grimmsnarl|Grimmsnarl, M|100\/100\n|switch|p1b: Enamorus|Enamorus, F|100\/100\n|switch|p2a: Espeon|Espeon, M|100\/100\n|switch|p2b: Umbreon|Umbreon, F|100\/100\n|turn|1\n|inactive|Reddypuller has 120 seconds left.\n|\n|t:|1700257906\n|move|p1a: Grimmsnarl|Parting Shot|p1b: Enamorus\n|-boost|p1b: Enamorus|atk|1\n|-boost|p1b: Enamorus|spa|1\n|\n|t:|1700257910\n|switch|p1a: Overqwil|Overqwil, F|100\/100|[from] Parting Shot\n|-ability|p1a: Overqwil|Intimidate|boost\n|-unboost|p2a: Espeon|atk|1\n|-unboost|p2b: Umbreon|atk|1\n|move|p2a: Espeon|Dazzling Gleam|p1b: Enamorus|[spread] p1a,p1b\n|-damage|p1a: Overqwil|79\/100\n|-damage|p1b: Enamorus|79\/100\n|move|p1b: Enamorus|Superpower|p2b: Umbreon\n|-supereffective|p2b: Umbreon\n|-damage|p2b: Umbreon|51\/100\n|-boost|p1b: Enamorus|atk|1\n|-boost|p1b: Enamorus|def|1\n|move|p2b: Umbreon|Thunder Wave|p1b: Enamorus\n|-status|p1b: Enamorus|par\n|\n|-heal|p1a: Overqwil|85\/100|[from] item: Black Sludge\n|upkeep\n|turn|2\n|\n|t:|1700257932\n|move|p1a: Overqwil|Protect|p1a: Overqwil\n|-singleturn|p1a: Overqwil|Protect\n|move|p2a: Espeon|Dazzling Gleam|p1a: Overqwil|[spread] p1b\n|-activate|p1a: Overqwil|move: Protect\n|-damage|p1b: Enamorus|57\/100 par\n|move|p2b: Umbreon|Foul Play|p1b: Enamorus\n|-resisted|p1b: Enamorus\n|-damage|p1b: Enamorus|20\/100 par\n|-enditem|p1b: Enamorus|Aguav Berry|[eat]\n|-heal|p1b: Enamorus|53\/100 par|[from] item: Aguav Berry\n|cant|p1b: Enamorus|par\n|\n|-heal|p1a: Overqwil|91\/100|[from] item: Black Sludge\n|upkeep\n|turn|3\n|\n|t:|1700257953\n|switch|p1a: Flamigo|Flamigo, M|100\/100\n|-copyboost|p1a: Flamigo|p1b: Enamorus|[from] ability: Costar\n|move|p2a: Espeon|Dazzling Gleam|p1b: Enamorus|[spread] p1a,p1b\n|-supereffective|p1a: Flamigo\n|-damage|p1a: Flamigo|39\/100\n|-damage|p1b: Enamorus|29\/100 par\n|move|p2b: Umbreon|Thunder Wave|p1a: Flamigo\n|-status|p1a: Flamigo|par\n|move|p1b: Enamorus|Tailwind|p1b: Enamorus\n|-sidestart|p1: Reddypuller|move: Tailwind\n|\n|upkeep\n|turn|4\n|\n|t:|1700257972\n|move|p2b: Umbreon|Protect|p2b: Umbreon\n|-singleturn|p2b: Umbreon|Protect\n|move|p2a: Espeon|Dazzling Gleam|p1b: Enamorus|[spread] p1a,p1b\n|-supereffective|p1a: Flamigo\n|-damage|p1a: Flamigo|0 fnt\n|-damage|p1b: Enamorus|7\/100 par\n|faint|p1a: Flamigo\n|move|p1b: Enamorus|Superpower|p2b: Umbreon\n|-activate|p2b: Umbreon|move: Protect\n|\n|upkeep\n|\n|t:|1700257978\n|switch|p1a: Grimmsnarl|Grimmsnarl, M|100\/100\n|turn|5\n|\n|t:|1700257994\n|move|p1a: Grimmsnarl|Nasty Plot|p1a: Grimmsnarl\n|-boost|p1a: Grimmsnarl|spa|2\n|move|p2a: Espeon|Dazzling Gleam|p1a: Grimmsnarl|[spread] p1a,p1b\n|-supereffective|p1a: Grimmsnarl\n|-damage|p1a: Grimmsnarl|63\/100\n|-damage|p1b: Enamorus|0 fnt\n|faint|p1b: Enamorus\n|-enditem|p1a: Grimmsnarl|Red Card|[of] p2a: Espeon\n|drag|p2a: Jolteon|Jolteon, M|100\/100\n|move|p2b: Umbreon|Thunder Wave|p1a: Grimmsnarl\n|-status|p1a: Grimmsnarl|par\n|\n|upkeep\n|\n|t:|1700258008\n|switch|p1b: Brute Bonnet|Brute Bonnet|100\/100\n|-enditem|p1b: Brute Bonnet|Booster Energy\n|-activate|p1b: Brute Bonnet|ability: Protosynthesis|[fromitem]\n|-start|p1b: Brute Bonnet|protosynthesisspd\n|turn|6\n|\n|t:|1700258023\n|switch|p2a: Espeon|Espeon, M|100\/100\n|move|p1b: Brute Bonnet|Rage Powder|p1b: Brute Bonnet\n|-singleturn|p1b: Brute Bonnet|move: Rage Powder\n|cant|p1a: Grimmsnarl|par\n|move|p2b: Umbreon|Thunder Wave|p1b: Brute Bonnet\n|-status|p1b: Brute Bonnet|par\n|\n|-sideend|p1: Reddypuller|move: Tailwind\n|upkeep\n|turn|7\n|\n|t:|1700258042\n|move|p2a: Espeon|Dazzling Gleam|p1a: Grimmsnarl|[spread] p1a,p1b\n|-supereffective|p1a: Grimmsnarl\n|-supereffective|p1b: Brute Bonnet\n|-damage|p1a: Grimmsnarl|24\/100 par\n|-damage|p1b: Brute Bonnet|78\/100 par\n|move|p2b: Umbreon|Foul Play|p1a: Grimmsnarl\n|-resisted|p1a: Grimmsnarl\n|-damage|p1a: Grimmsnarl|16\/100 par\n|cant|p1a: Grimmsnarl|par\n|move|p1b: Brute Bonnet|Spore|p2a: Espeon\n|move|p2a: Espeon|Spore|p1b: Brute Bonnet|[from]ability: Magic Bounce\n|-immune|p1b: Brute Bonnet\n|\n|upkeep\n|turn|8\n|\n|t:|1700258062\n|move|p1b: Brute Bonnet|Rage Powder|p1b: Brute Bonnet\n|-singleturn|p1b: Brute Bonnet|move: Rage Powder\n|move|p2a: Espeon|Dazzling Gleam|p1b: Brute Bonnet|[spread] p1a,p1b\n|-supereffective|p1a: Grimmsnarl\n|-supereffective|p1b: Brute Bonnet\n|-damage|p1a: Grimmsnarl|0 fnt\n|-damage|p1b: Brute Bonnet|56\/100 par\n|faint|p1a: Grimmsnarl\n|move|p2b: Umbreon|Foul Play|p1b: Brute Bonnet\n|-resisted|p1b: Brute Bonnet\n|-damage|p1b: Brute Bonnet|38\/100 par\n|\n|upkeep\n|\n|t:|1700258069\n|switch|p1a: Overqwil|Overqwil, F|91\/100\n|-ability|p1a: Overqwil|Intimidate|boost\n|-unboost|p2a: Espeon|atk|1\n|-unboost|p2b: Umbreon|atk|1\n|turn|9\n|\n|t:|1700258081\n|-end|p1b: Brute Bonnet|Protosynthesis|[silent]\n|switch|p1b: Goodra|Goodra-Hisui, M|100\/100\n|move|p2b: Umbreon|Protect|p2b: Umbreon\n|-singleturn|p2b: Umbreon|Protect\n|move|p2a: Espeon|Dazzling Gleam|p1b: Goodra|[spread] p1a,p1b\n|-damage|p1a: Overqwil|69\/100\n|-damage|p1b: Goodra|86\/100\n|move|p1a: Overqwil|Acupressure|p1b: Goodra\n|-boost|p1b: Goodra|spa|2\n|\n|-heal|p1a: Overqwil|75\/100|[from] item: Black Sludge\n|upkeep\n|turn|10\n|\n|t:|1700258096\n|move|p2a: Espeon|Future Sight|p1b: Goodra\n|-start|p2a: Espeon|move: Future Sight\n|move|p1a: Overqwil|Acupressure|p1b: Goodra\n|-boost|p1b: Goodra|evasion|2\n|move|p2b: Umbreon|Thunder Wave|p1b: Goodra|[miss]\n|-miss|p2b: Umbreon|p1b: Goodra\n|move|p1b: Goodra|Acid Armor|p1b: Goodra\n|-boost|p1b: Goodra|def|2\n|\n|-heal|p1a: Overqwil|82\/100|[from] item: Black Sludge\n|upkeep\n|turn|11\n|\n|t:|1700258116\n|move|p2a: Espeon|Dazzling Gleam|p1a: Overqwil|[spread] p1a,p1b\n|-damage|p1a: Overqwil|60\/100\n|-damage|p1b: Goodra|70\/100\n|move|p1a: Overqwil|Acupressure|p1b: Goodra\n|-boost|p1b: Goodra|spa|2\n|move|p2b: Umbreon|Thunder Wave|p1a: Overqwil\n|-status|p1a: Overqwil|par\n|move|p1b: Goodra|Acid Armor|p1b: Goodra\n|-boost|p1b: Goodra|def|2\n|\n|-heal|p1a: Overqwil|66\/100 par|[from] item: Black Sludge\n|upkeep\n|turn|12\n|\n|t:|1700258130\n|move|p2a: Espeon|Dazzling Gleam|p1a: Overqwil|[spread] p1a\n|-miss|p2a: Espeon|p1b: Goodra\n|-damage|p1a: Overqwil|45\/100 par\n|move|p2b: Umbreon|Thunder Wave|p1b: Goodra\n|-status|p1b: Goodra|par\n|move|p1a: Overqwil|Acupressure|p1b: Goodra\n|-boost|p1b: Goodra|spa|2\n|move|p1b: Goodra|Acid Armor|p1b: Goodra\n|-boost|p1b: Goodra|def|2\n|\n|-end|p1b: Goodra|move: Future Sight\n|-resisted|p1b: Goodra\n|-damage|p1b: Goodra|49\/100 par\n|-heal|p1a: Overqwil|51\/100 par|[from] item: Black Sludge\n|upkeep\n|turn|13\n|\n|t:|1700258151\n|move|p1a: Overqwil|Protect|p1a: Overqwil\n|-singleturn|p1a: Overqwil|Protect\n|move|p2a: Espeon|Future Sight|p1b: Goodra\n|-start|p2a: Espeon|move: Future Sight\n|move|p2b: Umbreon|Foul Play|p1a: Overqwil\n|-activate|p1a: Overqwil|move: Protect\n|cant|p1b: Goodra|par\n|\n|-heal|p1a: Overqwil|57\/100 par|[from] item: Black Sludge\n|upkeep\n|turn|14\n|\n|t:|1700258166\n|move|p2a: Espeon|Dazzling Gleam|p1a: Overqwil|[spread] p1a,p1b\n|-damage|p1a: Overqwil|34\/100 par\n|-damage|p1b: Goodra|32\/100 par\n|move|p2b: Umbreon|Foul Play|p1a: Overqwil\n|-resisted|p1a: Overqwil\n|-damage|p1a: Overqwil|18\/100 par\n|move|p1a: Overqwil|Acupressure|p1b: Goodra\n|-boost|p1b: Goodra|accuracy|2\n|cant|p1b: Goodra|par\n|\n|-heal|p1a: Overqwil|24\/100 par|[from] item: Black Sludge\n|upkeep\n|turn|15\n|\n|t:|1700258180\n|move|p1a: Overqwil|Protect|p1a: Overqwil\n|-singleturn|p1a: Overqwil|Protect\n|move|p2a: Espeon|Dazzling Gleam|p1b: Goodra|[spread] \n|-activate|p1a: Overqwil|move: Protect\n|-miss|p2a: Espeon|p1b: Goodra\n|move|p2b: Umbreon|Foul Play|p1a: Overqwil|[miss]\n|-activate|p1a: Overqwil|move: Protect\n|cant|p1b: Goodra|par\n|\n|-end|p1b: Goodra|move: Future Sight\n|-miss|p2a: Espeon|p1b: Goodra\n|-heal|p1a: Overqwil|30\/100 par|[from] item: Black Sludge\n|upkeep\n|turn|16\n|\n|t:|1700258198\n|move|p2a: Espeon|Future Sight|p1b: Goodra\n|-start|p2a: Espeon|move: Future Sight\n|move|p2b: Umbreon|Foul Play|p1a: Overqwil\n|-resisted|p1a: Overqwil\n|-damage|p1a: Overqwil|13\/100 par\n|move|p1a: Overqwil|Acupressure|p1b: Goodra\n|-boost|p1b: Goodra|evasion|2\n|move|p1b: Goodra|Life Dew|p1b: Goodra|[spread] p1a,p1b\n|-heal|p1a: Overqwil|38\/100 par\n|-heal|p1b: Goodra|57\/100 par\n|\n|-heal|p1a: Overqwil|44\/100 par|[from] item: Black Sludge\n|upkeep\n|turn|17\n|\n|t:|1700258214\n|move|p1a: Overqwil|Protect|p1a: Overqwil\n|-singleturn|p1a: Overqwil|Protect\n|move|p2a: Espeon|Dazzling Gleam|p1a: Overqwil|[spread] \n|-activate|p1a: Overqwil|move: Protect\n|-miss|p2a: Espeon|p1b: Goodra\n|move|p2b: Umbreon|Foul Play|p1b: Goodra|[miss]\n|-miss|p2b: Umbreon|p1b: Goodra\n|move|p1b: Goodra|Life Dew|p1b: Goodra|[spread] p1a,p1b\n|-heal|p1a: Overqwil|69\/100 par\n|-heal|p1b: Goodra|82\/100 par\n|\n|-heal|p1a: Overqwil|75\/100 par|[from] item: Black Sludge\n|upkeep\n|turn|18\n|\n|t:|1700258235\n|move|p2a: Espeon|Dazzling Gleam|p1a: Overqwil|[spread] p1a\n|-miss|p2a: Espeon|p1b: Goodra\n|-damage|p1a: Overqwil|54\/100 par\n|move|p2b: Umbreon|Foul Play|p1b: Goodra|[miss]\n|-miss|p2b: Umbreon|p1b: Goodra\n|move|p1a: Overqwil|Acupressure|p1b: Goodra\n|-boost|p1b: Goodra|accuracy|2\n|cant|p1b: Goodra|par\n|\n|-end|p1b: Goodra|move: Future Sight\n|-resisted|p1b: Goodra\n|-damage|p1b: Goodra|57\/100 par\n|-heal|p1a: Overqwil|60\/100 par|[from] item: Black Sludge\n|upkeep\n|turn|19\n|\n|t:|1700258254\n|move|p2a: Espeon|Future Sight|p1b: Goodra\n|-start|p2a: Espeon|move: Future Sight\n|move|p2b: Umbreon|Foul Play|p1b: Goodra\n|-damage|p1b: Goodra|50\/100 par\n|-damage|p2b: Umbreon|35\/100|[from] item: Rocky Helmet|[of] p1b: Goodra\n|-ability|p1b: Goodra|Gooey\n|-unboost|p2b: Umbreon|spe|1\n|-enditem|p2b: Umbreon|Sitrus Berry|[eat]\n|-heal|p2b: Umbreon|60\/100|[from] item: Sitrus Berry\n|move|p1a: Overqwil|Acupressure|p1b: Goodra\n|-boost|p1b: Goodra|atk|2\n|move|p1b: Goodra|Life Dew|p1b: Goodra|[spread] p1a,p1b\n|-heal|p1a: Overqwil|85\/100 par\n|-heal|p1b: Goodra|75\/100 par\n|\n|-heal|p1a: Overqwil|91\/100 par|[from] item: Black Sludge\n|upkeep\n|turn|20\n|\n|t:|1700258273\n|move|p2a: Espeon|Dazzling Gleam|p1a: Overqwil|[spread] p1a\n|-miss|p2a: Espeon|p1b: Goodra\n|-damage|p1a: Overqwil|71\/100 par\n|move|p2b: Umbreon|Thief|p1a: Overqwil\n|-resisted|p1a: Overqwil\n|-damage|p1a: Overqwil|68\/100 par\n|-enditem|p1a: Overqwil|Black Sludge|[silent]|[from] move: Thief|[of] p2b: Umbreon\n|-item|p2b: Umbreon|Black Sludge|[from] move: Thief|[of] p1a: Overqwil\n|move|p1a: Overqwil|Acupressure|p1b: Goodra\n|-boost|p1b: Goodra|spd|2\n|move|p1b: Goodra|Muddy Water|p2a: Espeon|[spread] p2a,p2b\n|-enditem|p2a: Espeon|Focus Sash\n|-damage|p2a: Espeon|1\/100\n|-damage|p2b: Umbreon|14\/100\n|\n|-damage|p2b: Umbreon|2\/100|[from] item: Black Sludge\n|upkeep\n|turn|21\n|\n|t:|1700258294\n|move|p2a: Espeon|Morning Sun|p2a: Espeon\n|-heal|p2a: Espeon|51\/100\n|move|p2b: Umbreon|Foul Play|p1b: Goodra|[miss]\n|-miss|p2b: Umbreon|p1b: Goodra\n|move|p1a: Overqwil|Acupressure|p1b: Goodra\n|-boost|p1b: Goodra|evasion|2\n|move|p1b: Goodra|Life Dew|p1b: Goodra|[spread] p1a,p1b\n|-heal|p1a: Overqwil|93\/100 par\n|-heal|p1b: Goodra|99\/100 par\n|\n|-end|p1b: Goodra|move: Future Sight\n|-resisted|p1b: Goodra\n|-damage|p1b: Goodra|88\/100 par\n|-damage|p2b: Umbreon|0 fnt|[from] item: Black Sludge\n|faint|p2b: Umbreon\n|upkeep\n|inactive|SappRavenger has 120 seconds left.\n|\n|t:|1700258313\n|switch|p2b: Flareon|Flareon, F|100\/100\n|turn|22\n|\n|t:|1700258323\n|move|p2a: Espeon|Morning Sun|p2a: Espeon\n|-heal|p2a: Espeon|100\/100\n|move|p2b: Flareon|Flare Blitz|p1a: Overqwil\n|-damage|p1a: Overqwil|32\/100 par\n|-damage|p2b: Flareon|82\/100|[from] Recoil\n|move|p1a: Overqwil|Liquidation|p2b: Flareon\n|-supereffective|p2b: Flareon\n|-damage|p2b: Flareon|18\/100\n|-unboost|p2b: Flareon|def|1\n|-enditem|p2b: Flareon|Salac Berry|[eat]\n|-boost|p2b: Flareon|spe|1|[from] item: Salac Berry\n|cant|p1b: Goodra|par\n|\n|upkeep\n|turn|23\n|\n|t:|1700258340\n|move|p1a: Overqwil|Protect|p1a: Overqwil\n|-singleturn|p1a: Overqwil|Protect\n|move|p2a: Espeon|Dazzling Gleam|p1a: Overqwil|[spread] \n|-activate|p1a: Overqwil|move: Protect\n|-miss|p2a: Espeon|p1b: Goodra\n|move|p2b: Flareon|Flare Blitz|p1b: Goodra\n|-damage|p1b: Goodra|72\/100 par\n|-damage|p2b: Flareon|1\/100|[from] item: Rocky Helmet|[of] p1b: Goodra\n|-ability|p1b: Goodra|Gooey\n|-unboost|p2b: Flareon|spe|1\n|-damage|p2b: Flareon|0 fnt|[from] Recoil\n|faint|p2b: Flareon\n|move|p1b: Goodra|Muddy Water|p2a: Espeon\n|-damage|p2a: Espeon|0 fnt\n|faint|p2a: Espeon\n|\n|upkeep\n|\n|t:|1700258358\n|switch|p2a: Vaporeon|Vaporeon, M|100\/100\n|switch|p2b: Jolteon|Jolteon, M|100\/100\n|turn|24\n|\n|t:|1700258366\n|-terastallize|p2a: Vaporeon|Ground\n|move|p2b: Jolteon|Discharge|p1a: Overqwil|[spread] p1a,p1b\n|-immune|p2a: Vaporeon\n|-resisted|p1b: Goodra\n|-damage|p1a: Overqwil|0 fnt\n|-damage|p1b: Goodra|64\/100 par\n|faint|p1a: Overqwil\n|move|p2a: Vaporeon|Acid Armor|p2a: Vaporeon\n|-boost|p2a: Vaporeon|def|2\n|cant|p1b: Goodra|par\n|\n|upkeep\n|c|\u2606Reddypuller|Don't go pls x\n|\n|t:|1700258378\n|switch|p1a: Brute Bonnet|Brute Bonnet|38\/100 par\n|turn|25\n|\n|t:|1700258384\n|move|p2b: Jolteon|Discharge|p1b: Goodra|[spread] p1a\n|-immune|p2a: Vaporeon\n|-miss|p2b: Jolteon|p1b: Goodra\n|-resisted|p1a: Brute Bonnet\n|-damage|p1a: Brute Bonnet|25\/100 par\n|move|p2a: Vaporeon|Icy Wind|p1a: Brute Bonnet|[spread] p1a\n|-miss|p2a: Vaporeon|p1b: Goodra\n|-supereffective|p1a: Brute Bonnet\n|-damage|p1a: Brute Bonnet|10\/100 par\n|-unboost|p1a: Brute Bonnet|spe|1\n|move|p1b: Goodra|Body Press|p2a: Vaporeon\n|-damage|p2a: Vaporeon|70\/100\n|move|p1a: Brute Bonnet|Spore|p2b: Jolteon\n|-status|p2b: Jolteon|slp|[from] move: Spore\n|\n|-heal|p2a: Vaporeon|76\/100|[from] item: Leftovers\n|upkeep\n|turn|26\n|\n|t:|1700258407\n|cant|p2b: Jolteon|slp\n|move|p2a: Vaporeon|Icy Wind|p1a: Brute Bonnet|[spread] p1a,p1b\n|-supereffective|p1a: Brute Bonnet\n|-damage|p1a: Brute Bonnet|0 fnt\n|-damage|p1b: Goodra|60\/100 par\n|-unboost|p1b: Goodra|spe|1\n|faint|p1a: Brute Bonnet\n|-end|p1a: Brute Bonnet|Protosynthesis|[silent]\n|move|p1b: Goodra|Life Dew|p1b: Goodra\n|-heal|p1b: Goodra|85\/100 par\n|\n|-heal|p2a: Vaporeon|83\/100|[from] item: Leftovers\n|upkeep\n|turn|27\n|\n|t:|1700258419\n|cant|p2b: Jolteon|slp\n|move|p2a: Vaporeon|Acid Armor|p2a: Vaporeon\n|-boost|p2a: Vaporeon|def|2\n|move|p1b: Goodra|Body Press|p2a: Vaporeon\n|-damage|p2a: Vaporeon|59\/100\n|\n|-heal|p2a: Vaporeon|66\/100|[from] item: Leftovers\n|upkeep\n|turn|28\n|\n|t:|1700258428\n|-curestatus|p2b: Jolteon|slp|[msg]\n|move|p2b: Jolteon|Discharge|p1b: Goodra|[spread] \n|-immune|p2a: Vaporeon\n|-miss|p2b: Jolteon|p1b: Goodra\n|move|p2a: Vaporeon|Acid Armor|p2a: Vaporeon\n|-boost|p2a: Vaporeon|def|2\n|move|p1b: Goodra|Body Press|p2a: Vaporeon\n|-damage|p2a: Vaporeon|47\/100\n|\n|-heal|p2a: Vaporeon|54\/100|[from] item: Leftovers\n|upkeep\n|turn|29\n|\n|t:|1700258443\n|move|p2b: Jolteon|Discharge|p1b: Goodra|[spread] \n|-immune|p2a: Vaporeon\n|-miss|p2b: Jolteon|p1b: Goodra\n|move|p2a: Vaporeon|Calm Mind|p2a: Vaporeon\n|-boost|p2a: Vaporeon|spa|1\n|-boost|p2a: Vaporeon|spd|1\n|cant|p1b: Goodra|par\n|\n|-heal|p2a: Vaporeon|60\/100|[from] item: Leftovers\n|upkeep\n|turn|30\n|\n|t:|1700258454\n|move|p2b: Jolteon|Discharge|p1b: Goodra|[spread] \n|-immune|p2a: Vaporeon\n|-miss|p2b: Jolteon|p1b: Goodra\n|move|p2a: Vaporeon|Calm Mind|p2a: Vaporeon\n|-boost|p2a: Vaporeon|spa|1\n|-boost|p2a: Vaporeon|spd|1\n|cant|p1b: Goodra|par\n|\n|-heal|p2a: Vaporeon|66\/100|[from] item: Leftovers\n|upkeep\n|turn|31\n|\n|t:|1700258464\n|move|p2b: Jolteon|Discharge|p1b: Goodra|[spread] \n|-immune|p2a: Vaporeon\n|-miss|p2b: Jolteon|p1b: Goodra\n|move|p2a: Vaporeon|Calm Mind|p2a: Vaporeon\n|-boost|p2a: Vaporeon|spa|1\n|-boost|p2a: Vaporeon|spd|1\n|move|p1b: Goodra|Body Press|p2a: Vaporeon\n|-damage|p2a: Vaporeon|51\/100\n|\n|-heal|p2a: Vaporeon|57\/100|[from] item: Leftovers\n|upkeep\n|turn|32\n|\n|t:|1700258476\n|move|p2b: Jolteon|Discharge|p1b: Goodra|[spread] p1b\n|-immune|p2a: Vaporeon\n|-resisted|p1b: Goodra\n|-damage|p1b: Goodra|78\/100 par\n|move|p2a: Vaporeon|Stored Power|p1b: Goodra|[miss]\n|-miss|p2a: Vaporeon|p1b: Goodra\n|move|p1b: Goodra|Muddy Water|p2b: Jolteon|[spread] p2b\n|-heal|p2a: Vaporeon|82\/100|[from] ability: Water Absorb|[of] p1b: Goodra\n|-damage|p2b: Jolteon|0 fnt\n|faint|p2b: Jolteon\n|\n|-heal|p2a: Vaporeon|88\/100|[from] item: Leftovers\n|upkeep\n|\n|t:|1700258489\n|switch|p2b: Leafeon|Leafeon, M|100\/100\n|turn|33\n|\n|t:|1700258497\n|move|p2b: Leafeon|Swords Dance|p2b: Leafeon\n|-boost|p2b: Leafeon|atk|2\n|move|p2a: Vaporeon|Stored Power|p1b: Goodra\n|-resisted|p1b: Goodra\n|-damage|p1b: Goodra|46\/100 par\n|move|p1b: Goodra|Body Press|p2b: Leafeon\n|-damage|p2b: Leafeon|3\/100\n|\n|-heal|p2a: Vaporeon|94\/100|[from] item: Leftovers\n|upkeep\n|turn|34\n|\n|t:|1700258509\n|move|p2b: Leafeon|Aerial Ace|p1b: Goodra\n|-resisted|p1b: Goodra\n|-crit|p1b: Goodra\n|-damage|p1b: Goodra|21\/100 par\n|-damage|p2b: Leafeon|0 fnt|[from] item: Rocky Helmet|[of] p1b: Goodra\n|-ability|p1b: Goodra|Gooey\n|faint|p2b: Leafeon\n|move|p2a: Vaporeon|Stored Power|p1b: Goodra|[miss]\n|-miss|p2a: Vaporeon|p1b: Goodra\n|cant|p1b: Goodra|par\n|\n|-heal|p2a: Vaporeon|100\/100|[from] item: Leftovers\n|upkeep\n|turn|35\n|\n|t:|1700258521\n|move|p2a: Vaporeon|Stored Power|p1b: Goodra\n|-resisted|p1b: Goodra\n|-damage|p1b: Goodra|0 fnt\n|faint|p1b: Goodra\n|\n|win|SappRavenger\n|raw|Reddypuller's rating: 1121 &rarr; <strong>1094<\/strong><br \/>(-27 for losing)\n|raw|SappRavenger's rating: 1095 &rarr; <strong>1123<\/strong><br \/>(+28 for winning)\n|c|\u2606Reddypuller|Gg\n|c|\u2606Reddypuller|Wp\n|c|\u2606SappRavenger|gg\n","uploadtime":1700258536,"views":17,"p1id":"reddypuller","p2id":"sappravenger","formatid":"gen9doublesou","rating":1094,"private":0,"password":""}