{"id":"gen9doublesou-1981851437","p1":"Undead_Redhead","p2":"jp_recks","format":"[Gen 9] Doubles OU","log":"|j|\u2606Undead_Redhead\n|j|\u2606jp_recks\n|t:|1698946421\n|gametype|doubles\n|player|p1|Undead_Redhead|flannery|1108\n|player|p2|jp_recks|1|1000\n|teamsize|p1|6\n|teamsize|p2|6\n|gen|9\n|tier|[Gen 9] Doubles OU\n|rated|\n|rule|Species Clause: Limit one of each Pok\u00e9mon\n|rule|OHKO Clause: OHKO moves are banned\n|rule|Evasion Moves Clause: Evasion moves are banned\n|rule|Gravity Sleep Clause: The combination of sleep-inducing moves with imperfect accuracy and Gravity or Gigantamax Orbeetle are banned\n|rule|Endless Battle Clause: Forcing endless battles is banned\n|rule|HP Percentage Mod: HP is shown in percentages\n|clearpoke\n|poke|p1|Rillaboom, M|\n|poke|p1|Torterra, F|\n|poke|p1|Gogoat, M|\n|poke|p1|Florges-Blue, F|\n|poke|p1|Breloom, M|\n|poke|p1|Amoonguss, F|\n|poke|p2|Ludicolo, F|\n|poke|p2|Clefairy, M|\n|poke|p2|Sinistcha|\n|poke|p2|Landorus-Therian, M|\n|poke|p2|Snorlax, F|\n|poke|p2|Iron Hands|\n|teampreview\n|\n|t:|1698946440\n|start\n|switch|p1a: Rillaboom|Rillaboom, M|100\/100\n|switch|p1b: Florges|Florges-Blue, F|100\/100\n|switch|p2a: Clefairy|Clefairy, M|100\/100\n|switch|p2b: Ludicolo|Ludicolo, F, shiny|100\/100\n|-fieldstart|move: Grassy Terrain|[from] ability: Grassy Surge|[of] p1a: Rillaboom\n|turn|1\n|\n|t:|1698946462\n|-terastallize|p2b: Ludicolo|Poison\n|move|p2b: Ludicolo|Protect|p2b: Ludicolo\n|-singleturn|p2b: Ludicolo|Protect\n|move|p1a: Rillaboom|Fake Out|p2b: Ludicolo\n|-activate|p2b: Ludicolo|move: Protect\n|move|p1b: Florges|Dazzling Gleam|p2a: Clefairy|[spread] p2a\n|-activate|p2b: Ludicolo|move: Protect\n|-damage|p2a: Clefairy|62\/100\n|move|p2a: Clefairy|Amnesia|p2a: Clefairy\n|-boost|p2a: Clefairy|spd|2\n|\n|-heal|p2a: Clefairy|68\/100|[from] Grassy Terrain\n|upkeep\n|turn|2\n|\n|t:|1698946496\n|move|p1b: Florges|Helping Hand|p1a: Rillaboom\n|-singleturn|p1a: Rillaboom|Helping Hand|[of] p1b: Florges\n|move|p1a: Rillaboom|Knock Off|p2a: Clefairy\n|-resisted|p2a: Clefairy\n|-damage|p2a: Clefairy|34\/100\n|-enditem|p2a: Clefairy|Aguav Berry|[from] move: Knock Off|[of] p1a: Rillaboom\n|move|p2b: Ludicolo|Waterfall|p1b: Florges\n|-damage|p1b: Florges|57\/100\n|-damage|p2b: Ludicolo|91\/100|[from] item: Life Orb\n|move|p2a: Clefairy|Rain Dance|p2a: Clefairy\n|-weather|RainDance\n|\n|-weather|RainDance|[upkeep]\n|-heal|p2b: Ludicolo|97\/100|[from] Grassy Terrain\n|-heal|p1b: Florges|63\/100|[from] Grassy Terrain\n|-heal|p2a: Clefairy|40\/100|[from] Grassy Terrain\n|upkeep\n|turn|3\n|\n|t:|1698946523\n|move|p2b: Ludicolo|Protect|p2b: Ludicolo\n|-singleturn|p2b: Ludicolo|Protect\n|move|p1a: Rillaboom|Grassy Glide|p2a: Clefairy\n|-damage|p2a: Clefairy|0 fnt\n|faint|p2a: Clefairy\n|move|p1b: Florges|Moonblast|p2b: Ludicolo\n|-activate|p2b: Ludicolo|move: Protect\n|\n|-weather|RainDance|[upkeep]\n|-heal|p2b: Ludicolo|100\/100|[from] Grassy Terrain\n|-heal|p1b: Florges|69\/100|[from] Grassy Terrain\n|upkeep\n|\n|t:|1698946541\n|switch|p2a: Landorus|Landorus-Therian, M|100\/100\n|-ability|p2a: Landorus|Intimidate|boost\n|-block|p1a: Rillaboom|ability: Flower Veil|[of] p1b: Florges\n|-unboost|p1b: Florges|atk|1\n|turn|4\n|\n|t:|1698946557\n|move|p1a: Rillaboom|Grassy Glide|p2a: Landorus\n|-damage|p2a: Landorus|55\/100\n|move|p2b: Ludicolo|Waterfall|p1b: Florges\n|-damage|p1b: Florges|3\/100\n|-enditem|p1b: Florges|Wiki Berry|[eat]\n|-heal|p1b: Florges|36\/100|[from] item: Wiki Berry\n|-damage|p2b: Ludicolo|91\/100|[from] item: Life Orb\n|move|p2a: Landorus|Sludge Bomb|p1a: Rillaboom\n|-supereffective|p1a: Rillaboom\n|-damage|p1a: Rillaboom|56\/100\n|move|p1b: Florges|Dazzling Gleam|p2b: Ludicolo|[spread] p2a,p2b\n|-resisted|p2b: Ludicolo\n|-damage|p2a: Landorus|14\/100\n|-damage|p2b: Ludicolo|76\/100\n|\n|-weather|RainDance|[upkeep]\n|-heal|p2b: Ludicolo|82\/100|[from] Grassy Terrain\n|-heal|p1a: Rillaboom|62\/100|[from] Grassy Terrain\n|-heal|p1b: Florges|42\/100|[from] Grassy Terrain\n|upkeep\n|turn|5\n|\n|t:|1698946588\n|move|p1a: Rillaboom|Grassy Glide|p2a: Landorus\n|-damage|p2a: Landorus|0 fnt\n|faint|p2a: Landorus\n|move|p2b: Ludicolo|Waterfall|p1b: Florges\n|-damage|p1b: Florges|0 fnt\n|faint|p1b: Florges\n|-damage|p2b: Ludicolo|72\/100|[from] item: Life Orb\n|\n|-weather|RainDance|[upkeep]\n|-heal|p2b: Ludicolo|78\/100|[from] Grassy Terrain\n|-heal|p1a: Rillaboom|68\/100|[from] Grassy Terrain\n|-fieldend|move: Grassy Terrain\n|upkeep\n|\n|t:|1698946613\n|switch|p2a: Snorlax|Snorlax, F|100\/100\n|switch|p1b: Torterra|Torterra, F|100\/100\n|turn|6\n|\n|t:|1698946628\n|move|p2b: Ludicolo|Waterfall|p1b: Torterra\n|-damage|p1b: Torterra|53\/100\n|-damage|p2b: Ludicolo|68\/100|[from] item: Life Orb\n|move|p1b: Torterra|Shell Smash|p1b: Torterra\n|-unboost|p1b: Torterra|def|1\n|-unboost|p1b: Torterra|spd|1\n|-boost|p1b: Torterra|atk|2\n|-boost|p1b: Torterra|spa|2\n|-boost|p1b: Torterra|spe|2\n|-enditem|p1b: Torterra|White Herb\n|-clearnegativeboost|p1b: Torterra|[silent]\n|move|p1a: Rillaboom|U-turn|p2a: Snorlax\n|-damage|p2a: Snorlax|80\/100\n|\n|t:|1698946641\n|switch|p1a: Amoonguss|Amoonguss, F|100\/100|[from] U-turn\n|move|p2a: Snorlax|Belly Drum|p2a: Snorlax\n|-damage|p2a: Snorlax|30\/100\n|-setboost|p2a: Snorlax|atk|6|[from] move: Belly Drum\n|-enditem|p2a: Snorlax|Sitrus Berry|[eat]\n|-heal|p2a: Snorlax|55\/100|[from] item: Sitrus Berry\n|\n|-weather|none\n|upkeep\n|turn|7\n|\n|t:|1698946689\n|move|p2a: Snorlax|Protect|p2a: Snorlax\n|-singleturn|p2a: Snorlax|Protect\n|move|p1b: Torterra|Headlong Rush|p2b: Ludicolo\n|-supereffective|p2b: Ludicolo\n|-damage|p2b: Ludicolo|0 fnt\n|-unboost|p1b: Torterra|def|1\n|-unboost|p1b: Torterra|spd|1\n|faint|p2b: Ludicolo\n|move|p1a: Amoonguss|Clear Smog|p2a: Snorlax\n|-activate|p2a: Snorlax|move: Protect\n|\n|upkeep\n|\n|t:|1698946701\n|switch|p2b: Sinistcha|Sinistcha|100\/100\n|-heal|p2a: Snorlax|80\/100|[from] ability: Hospitality|[of] p2b: Sinistcha\n|turn|8\n|\n|t:|1698946714\n|move|p1b: Torterra|Stone Edge|p2b: Sinistcha\n|-damage|p2b: Sinistcha|45\/100\n|move|p2a: Snorlax|Facade|p1b: Torterra\n|-damage|p1b: Torterra|0 fnt\n|faint|p1b: Torterra\n|move|p1a: Amoonguss|Clear Smog|p2a: Snorlax\n|-damage|p2a: Snorlax|71\/100\n|-clearboost|p2a: Snorlax\n|move|p2b: Sinistcha|Trick Room|p2b: Sinistcha\n|-fieldstart|move: Trick Room|[of] p2b: Sinistcha\n|\n|upkeep\n|\n|t:|1698946735\n|switch|p1b: Rillaboom|Rillaboom, M|68\/100\n|-fieldstart|move: Grassy Terrain|[from] ability: Grassy Surge|[of] p1b: Rillaboom\n|turn|9\n|\n|t:|1698946749\n|switch|p1a: Gogoat|Gogoat, M|100\/100\n|-enditem|p1a: Gogoat|Grassy Seed\n|-boost|p1a: Gogoat|def|1|[from] item: Grassy Seed\n|move|p1b: Rillaboom|Fake Out|p2a: Snorlax\n|-damage|p2a: Snorlax|60\/100\n|move|p2b: Sinistcha|Rage Powder|p2b: Sinistcha\n|-singleturn|p2b: Sinistcha|move: Rage Powder\n|cant|p2a: Snorlax|flinch\n|\n|-heal|p2a: Snorlax|66\/100|[from] Grassy Terrain\n|-heal|p2b: Sinistcha|51\/100|[from] Grassy Terrain\n|-heal|p1b: Rillaboom|74\/100|[from] Grassy Terrain\n|upkeep\n|turn|10\n|\n|t:|1698946793\n|move|p2b: Sinistcha|Rage Powder|p2b: Sinistcha\n|-singleturn|p2b: Sinistcha|move: Rage Powder\n|move|p2a: Snorlax|Belly Drum|p2a: Snorlax\n|-damage|p2a: Snorlax|16\/100\n|-setboost|p2a: Snorlax|atk|6|[from] move: Belly Drum\n|move|p1a: Gogoat|Leech Seed|p2a: Snorlax\n|-start|p2a: Snorlax|move: Leech Seed\n|move|p1b: Rillaboom|Knock Off|p2b: Sinistcha\n|-supereffective|p2b: Sinistcha\n|-damage|p2b: Sinistcha|0 fnt\n|-enditem|p2b: Sinistcha|Mental Herb|[from] move: Knock Off|[of] p1b: Rillaboom\n|faint|p2b: Sinistcha\n|\n|-heal|p2a: Snorlax|22\/100|[from] Grassy Terrain\n|-heal|p1b: Rillaboom|80\/100|[from] Grassy Terrain\n|-damage|p2a: Snorlax|10\/100|[from] Leech Seed|[of] p1a: Gogoat\n|upkeep\n|\n|t:|1698946809\n|switch|p2b: Iron Hands|Iron Hands|100\/100\n|turn|11\n|\n|t:|1698946821\n|switch|p1b: Amoonguss|Amoonguss, F|100\/100\n|move|p1a: Gogoat|Protect|p1a: Gogoat\n|-singleturn|p1a: Gogoat|Protect\n|move|p2b: Iron Hands|Fake Out|p1a: Gogoat\n|-activate|p1a: Gogoat|move: Protect\n|move|p2a: Snorlax|Facade|p1b: Amoonguss\n|-damage|p1b: Amoonguss|0 fnt\n|faint|p1b: Amoonguss\n|\n|-heal|p2a: Snorlax|16\/100|[from] Grassy Terrain\n|-damage|p2a: Snorlax|3\/100|[from] Leech Seed|[of] p1a: Gogoat\n|upkeep\n|\n|t:|1698946837\n|switch|p1b: Breloom|Breloom, M|100\/100\n|turn|12\n|\n|t:|1698946856\n|move|p2b: Iron Hands|Fake Out||[still]\n|-hint|Fake Out only works on your first turn out.\n|-fail|p2b: Iron Hands\n|move|p1b: Breloom|Mach Punch|p2a: Snorlax\n|-supereffective|p2a: Snorlax\n|-damage|p2a: Snorlax|0 fnt\n|faint|p2a: Snorlax\n|move|p1a: Gogoat|Substitute|p1a: Gogoat\n|-start|p1a: Gogoat|Substitute\n|-damage|p1a: Gogoat|76\/100\n|\n|-heal|p1a: Gogoat|82\/100|[from] Grassy Terrain\n|-fieldend|move: Trick Room\n|upkeep\n|turn|13\n|\n|t:|1698946872\n|move|p2b: Iron Hands|Fake Out||[still]\n|-hint|Fake Out only works on your first turn out.\n|-fail|p2b: Iron Hands\n|move|p1b: Breloom|Aerial Ace|p2b: Iron Hands\n|-damage|p2b: Iron Hands|78\/100\n|move|p1a: Gogoat|Leech Seed|p2b: Iron Hands|[miss]\n|-miss|p1a: Gogoat|p2b: Iron Hands\n|\n|-heal|p1a: Gogoat|88\/100|[from] Grassy Terrain\n|-heal|p2b: Iron Hands|84\/100|[from] Grassy Terrain\n|-heal|p2b: Iron Hands|90\/100|[from] item: Leftovers\n|-fieldend|move: Grassy Terrain\n|upkeep\n|turn|14\n|\n|t:|1698946889\n|move|p1b: Breloom|Bullet Seed|p2b: Iron Hands\n|-damage|p2b: Iron Hands|77\/100\n|-damage|p2b: Iron Hands|62\/100\n|-damage|p2b: Iron Hands|49\/100\n|-damage|p2b: Iron Hands|35\/100\n|-damage|p2b: Iron Hands|22\/100\n|-hitcount|p2b: Iron Hands|5\n|move|p1a: Gogoat|Leech Seed|p2b: Iron Hands\n|-start|p2b: Iron Hands|move: Leech Seed\n|move|p2b: Iron Hands|Drain Punch|p1b: Breloom\n|-damage|p1b: Breloom|33\/100\n|-heal|p2b: Iron Hands|42\/100|[from] drain|[of] p1b: Breloom\n|\n|-heal|p2b: Iron Hands|48\/100|[from] item: Leftovers\n|-damage|p2b: Iron Hands|36\/100|[from] Leech Seed|[of] p1a: Gogoat\n|-heal|p1a: Gogoat|100\/100|[silent]\n|upkeep\n|turn|15\n|\n|t:|1698946943\n|move|p1a: Gogoat|Protect|p1a: Gogoat\n|-singleturn|p1a: Gogoat|Protect\n|move|p1b: Breloom|Bullet Seed|p2b: Iron Hands\n|-damage|p2b: Iron Hands|21\/100\n|-damage|p2b: Iron Hands|8\/100\n|-damage|p2b: Iron Hands|0 fnt\n|faint|p2b: Iron Hands\n|-end|p2b: Iron Hands|Quark Drive|[silent]\n|-hitcount|p2: Iron Hands|3\n|\n|win|Undead_Redhead\n|raw|Undead_Redhead's rating: 1108 &rarr; <strong>1125<\/strong><br \/>(+17 for winning)\n|raw|jp_recks's rating: 1000 &rarr; <strong>1000<\/strong><br \/>(+0 for losing)\n","uploadtime":1698946959,"views":29,"p1id":"undeadredhead","p2id":"jprecks","formatid":"gen9doublesou","rating":1000,"private":0,"password":""}