{"id":"gen9doublesou-1987712368","p1":"Klewey","p2":"mikeyuwu","format":"[Gen 9] Doubles OU","log":"|j|\u2606Klewey\n|j|\u2606mikeyuwu\n|t:|1699630038\n|gametype|doubles\n|player|p1|Klewey|102|1310\n|player|p2|mikeyuwu|psychic-gen4|1219\n|teamsize|p1|6\n|teamsize|p2|6\n|gen|9\n|tier|[Gen 9] Doubles OU\n|rated|\n|rule|Species Clause: Limit one of each Pok\u00e9mon\n|rule|OHKO Clause: OHKO moves are banned\n|rule|Evasion Moves Clause: Evasion moves are banned\n|rule|Gravity Sleep Clause: The combination of sleep-inducing moves with imperfect accuracy and Gravity or Gigantamax Orbeetle are banned\n|rule|Endless Battle Clause: Forcing endless battles is banned\n|rule|HP Percentage Mod: HP is shown in percentages\n|clearpoke\n|poke|p1|Weezing, F|\n|poke|p1|Gogoat, F|\n|poke|p1|Palafin, F|\n|poke|p1|Persian-Alola, M|\n|poke|p1|Sandslash, F|\n|poke|p1|Florges, F|\n|poke|p2|Garchomp, M|\n|poke|p2|Tyranitar, F|\n|poke|p2|Vaporeon, F|\n|poke|p2|Toxicroak, M|\n|poke|p2|Pelipper, F|\n|poke|p2|Abomasnow, M|\n|teampreview\n|inactive|Battle timer is ON: inactive players will automatically lose when time's up. (requested by Klewey)\n|\n|t:|1699630048\n|start\n|switch|p1a: Persian|Persian-Alola, M|100\/100\n|switch|p1b: Palafin|Palafin, F|100\/100\n|switch|p2a: OTLHPM|Toxicroak, M|100\/100\n|switch|p2b: Cold Shoulder|Abomasnow, M, shiny|100\/100\n|-weather|Snow|[from] ability: Snow Warning|[of] p2b: Cold Shoulder\n|turn|1\n|\n|t:|1699630061\n|detailschange|p1b: Palafin|Palafin-Hero, F\n|switch|p1b: Weezing|Weezing, F|100\/100\n|move|p1a: Persian|Fake Out|p2a: OTLHPM\n|-damage|p2a: OTLHPM|93\/100\n|cant|p2a: OTLHPM|flinch\n|move|p2b: Cold Shoulder|Giga Drain|p1b: Weezing\n|-resisted|p1b: Weezing\n|-damage|p1b: Weezing|89\/100\n|\n|-weather|Snow|[upkeep]\n|-heal|p2a: OTLHPM|99\/100|[from] item: Black Sludge\n|-heal|p1b: Weezing|95\/100|[from] item: Black Sludge\n|upkeep\n|turn|2\n|\n|t:|1699630077\n|switch|p2b: Weather War|Pelipper, F|100\/100\n|-weather|RainDance|[from] ability: Drizzle|[of] p2b: Weather War\n|move|p1a: Persian|Chilling Water|p2a: OTLHPM\n|-heal|p2a: OTLHPM|100\/100|[from] ability: Dry Skin|[of] p1a: Persian\n|move|p2a: OTLHPM|Drain Punch|p1a: Persian\n|-supereffective|p1a: Persian\n|-damage|p1a: Persian|47\/100\n|move|p1b: Weezing|Heat Wave|p2b: Weather War|[spread] p2a,p2b\n|-resisted|p2b: Weather War\n|-damage|p2a: OTLHPM|90\/100\n|-damage|p2b: Weather War|96\/100\n|\n|-weather|RainDance|[upkeep]\n|-heal|p2a: OTLHPM|100\/100|[from] ability: Dry Skin\n|-heal|p1b: Weezing|100\/100|[from] item: Black Sludge\n|upkeep\n|turn|3\n|\n|t:|1699630100\n|move|p1a: Persian|Icy Wind|p2a: OTLHPM|[spread] p2a,p2b\n|-damage|p2a: OTLHPM|91\/100\n|-damage|p2b: Weather War|86\/100\n|-unboost|p2a: OTLHPM|spe|1\n|-unboost|p2b: Weather War|spe|1\n|move|p1b: Weezing|Will-O-Wisp|p2a: OTLHPM\n|-status|p2a: OTLHPM|brn\n|move|p2a: OTLHPM|Drain Punch|p1a: Persian\n|-supereffective|p1a: Persian\n|-damage|p1a: Persian|18\/100\n|-heal|p2a: OTLHPM|100\/100 brn|[from] drain|[of] p1a: Persian\n|move|p2b: Weather War|Hurricane|p1b: Weezing\n|-damage|p1b: Weezing|69\/100\n|\n|-weather|RainDance|[upkeep]\n|-heal|p1b: Weezing|75\/100|[from] item: Black Sludge\n|-damage|p2a: OTLHPM|94\/100 brn|[from] brn\n|upkeep\n|turn|4\n|\n|t:|1699630120\n|move|p1a: Persian|Icy Wind|p2b: Weather War|[spread] p2a,p2b\n|-crit|p2a: OTLHPM\n|-damage|p2a: OTLHPM|81\/100 brn\n|-damage|p2b: Weather War|75\/100\n|-unboost|p2a: OTLHPM|spe|1\n|-unboost|p2b: Weather War|spe|1\n|move|p1b: Weezing|Sludge Bomb|p2b: Weather War\n|-damage|p2b: Weather War|38\/100\n|-status|p2b: Weather War|psn\n|move|p2a: OTLHPM|Drain Punch|p1a: Persian\n|-supereffective|p1a: Persian\n|-damage|p1a: Persian|0 fnt\n|-heal|p2a: OTLHPM|90\/100 brn|[from] drain|[of] p1a: Persian\n|faint|p1a: Persian\n|move|p2b: Weather War|Hurricane|p1b: Weezing\n|-crit|p1b: Weezing\n|-damage|p1b: Weezing|28\/100\n|\n|-weather|RainDance|[upkeep]\n|-heal|p2a: OTLHPM|100\/100 brn|[from] ability: Dry Skin\n|-heal|p1b: Weezing|34\/100|[from] item: Black Sludge\n|-damage|p2b: Weather War|25\/100 psn|[from] psn\n|-damage|p2a: OTLHPM|94\/100 brn|[from] brn\n|upkeep\n|\n|t:|1699630142\n|switch|p1a: Sandslash|Sandslash, F|100\/100\n|turn|5\n|\n|t:|1699630149\n|switch|p2a: Cold Shoulder|Abomasnow, M, shiny|100\/100\n|-weather|Snow|[from] ability: Snow Warning|[of] p2a: Cold Shoulder\n|switch|p2b: Harmacy|Vaporeon, F|100\/100\n|move|p1a: Sandslash|High Horsepower|p2a: Cold Shoulder\n|-resisted|p2a: Cold Shoulder\n|-damage|p2a: Cold Shoulder|87\/100\n|move|p1b: Weezing|Sludge Bomb|p2b: Harmacy\n|-damage|p2b: Harmacy|81\/100\n|\n|-weather|Snow|[upkeep]\n|-heal|p2b: Harmacy|87\/100|[from] item: Leftovers\n|-heal|p1b: Weezing|40\/100|[from] item: Black Sludge\n|upkeep\n|turn|6\n|inactive|Klewey has 120 seconds left.\n|\n|t:|1699630182\n|switch|p2a: Weather War|Pelipper, F|25\/100 psn\n|-weather|RainDance|[from] ability: Drizzle|[of] p2a: Weather War\n|move|p2b: Harmacy|Weather Ball|p1a: Sandslash\n|-supereffective|p1a: Sandslash\n|-damage|p1a: Sandslash|0 fnt\n|faint|p1a: Sandslash\n|move|p1b: Weezing|Heat Wave|p2a: Weather War|[spread] p2a,p2b\n|-resisted|p2a: Weather War\n|-resisted|p2b: Harmacy\n|-damage|p2a: Weather War|21\/100 psn\n|-damage|p2b: Harmacy|85\/100\n|\n|-weather|RainDance|[upkeep]\n|-heal|p2b: Harmacy|91\/100|[from] item: Leftovers\n|-heal|p1b: Weezing|46\/100|[from] item: Black Sludge\n|-damage|p2a: Weather War|8\/100 psn|[from] psn\n|upkeep\n|inactive|Klewey has 120 seconds left.\n|\n|t:|1699630187\n|switch|p1a: Gogoat|Gogoat, F|100\/100\n|turn|7\n|\n|t:|1699630202\n|switch|p2b: OTLHPM|Toxicroak, M|94\/100 brn\n|move|p1a: Gogoat|Horn Leech|p2b: OTLHPM\n|-resisted|p2b: OTLHPM\n|-damage|p2b: OTLHPM|71\/100 brn\n|move|p2a: Weather War|Hurricane|p1a: Gogoat\n|-supereffective|p1a: Gogoat\n|-crit|p1a: Gogoat\n|-damage|p1a: Gogoat|7\/100\n|move|p1b: Weezing|Sludge Bomb|p2a: Weather War\n|-damage|p2a: Weather War|0 fnt\n|faint|p2a: Weather War\n|\n|-weather|RainDance|[upkeep]\n|-heal|p2b: OTLHPM|84\/100 brn|[from] ability: Dry Skin\n|-heal|p2b: OTLHPM|90\/100 brn|[from] item: Black Sludge\n|-heal|p1a: Gogoat|13\/100|[from] item: Leftovers\n|-heal|p1b: Weezing|52\/100|[from] item: Black Sludge\n|-damage|p2b: OTLHPM|84\/100 brn|[from] brn\n|upkeep\n|\n|t:|1699630217\n|switch|p2a: Extra Spicy|Garchomp, M|100\/100\n|turn|8\n|\n|t:|1699630223\n|move|p2a: Extra Spicy|Poison Jab|p1a: Gogoat\n|-supereffective|p1a: Gogoat\n|-damage|p1a: Gogoat|0 fnt\n|faint|p1a: Gogoat\n|move|p2b: OTLHPM|Poison Jab|p1b: Weezing\n|-resisted|p1b: Weezing\n|-damage|p1b: Weezing|43\/100\n|move|p1b: Weezing|Will-O-Wisp|p2a: Extra Spicy\n|-status|p2a: Extra Spicy|brn\n|\n|-weather|RainDance|[upkeep]\n|-heal|p2b: OTLHPM|96\/100 brn|[from] ability: Dry Skin\n|-heal|p2b: OTLHPM|100\/100 brn|[from] item: Black Sludge\n|-heal|p1b: Weezing|49\/100|[from] item: Black Sludge\n|-damage|p2a: Extra Spicy|94\/100 brn|[from] brn\n|-damage|p2b: OTLHPM|94\/100 brn|[from] brn\n|upkeep\n|\n|t:|1699630228\n|switch|p1a: Florges|Florges, F|100\/100\n|turn|9\n|\n|t:|1699630239\n|switch|p2a: Harmacy|Vaporeon, F|91\/100\n|move|p2b: OTLHPM|Poison Jab|p1a: Florges\n|-supereffective|p1a: Florges\n|-damage|p1a: Florges|51\/100\n|move|p1a: Florges|Dazzling Gleam|p2b: OTLHPM|[spread] p2a,p2b\n|-damage|p2a: Harmacy|68\/100\n|-damage|p2b: OTLHPM|58\/100 brn\n|move|p1b: Weezing|Heat Wave|p2a: Harmacy|[spread] p2a,p2b\n|-resisted|p2a: Harmacy\n|-damage|p2a: Harmacy|65\/100\n|-damage|p2b: OTLHPM|47\/100 brn\n|\n|-weather|RainDance|[upkeep]\n|-heal|p2b: OTLHPM|60\/100 brn|[from] ability: Dry Skin\n|-heal|p2b: OTLHPM|66\/100 brn|[from] item: Black Sludge\n|-heal|p2a: Harmacy|71\/100|[from] item: Leftovers\n|-heal|p1b: Weezing|55\/100|[from] item: Black Sludge\n|-damage|p2b: OTLHPM|60\/100 brn|[from] brn\n|upkeep\n|turn|10\n|\n|t:|1699630256\n|move|p2b: OTLHPM|Poison Jab|p1a: Florges\n|-supereffective|p1a: Florges\n|-damage|p1a: Florges|0 fnt\n|faint|p1a: Florges\n|move|p2a: Harmacy|Wish|p2a: Harmacy\n|move|p1b: Weezing|Sludge Bomb|p2a: Harmacy\n|-damage|p2a: Harmacy|50\/100\n|\n|-weather|none\n|-heal|p2b: OTLHPM|66\/100 brn|[from] item: Black Sludge\n|-heal|p2a: Harmacy|56\/100|[from] item: Leftovers\n|-heal|p1b: Weezing|61\/100|[from] item: Black Sludge\n|-damage|p2b: OTLHPM|60\/100 brn|[from] brn\n|upkeep\n|\n|t:|1699630259\n|switch|p1a: Palafin|Palafin-Hero, F|100\/100\n|-activate|p1a: Palafin|ability: Zero to Hero\n|turn|11\n|\n|t:|1699630275\n|switch|p2b: Cold Shoulder|Abomasnow, M, shiny|87\/100\n|-weather|Snow|[from] ability: Snow Warning|[of] p2b: Cold Shoulder\n|move|p1a: Palafin|Bulk Up|p1a: Palafin\n|-boost|p1a: Palafin|atk|1\n|-boost|p1a: Palafin|def|1\n|move|p2a: Harmacy|Icy Wind|p1a: Palafin|[spread] p1a,p1b\n|-resisted|p1a: Palafin\n|-crit|p1a: Palafin\n|-damage|p1a: Palafin|91\/100\n|-damage|p1b: Weezing|52\/100\n|-unboost|p1a: Palafin|spe|1\n|-unboost|p1b: Weezing|spe|1\n|move|p1b: Weezing|Sludge Bomb|p2a: Harmacy\n|-damage|p2a: Harmacy|36\/100\n|\n|-weather|Snow|[upkeep]\n|-heal|p2a: Harmacy|86\/100|[from] move: Wish|[wisher] Harmacy\n|-heal|p2a: Harmacy|92\/100|[from] item: Leftovers\n|-heal|p1b: Weezing|58\/100|[from] item: Black Sludge\n|upkeep\n|turn|12\n|\n|t:|1699630298\n|-terastallize|p2b: Cold Shoulder|Water\n|move|p1a: Palafin|Close Combat|p2b: Cold Shoulder\n|-damage|p2b: Cold Shoulder|5\/100\n|-unboost|p1a: Palafin|def|1\n|-unboost|p1a: Palafin|spd|1\n|-damage|p1a: Palafin|81\/100|[from] item: Life Orb\n|move|p2b: Cold Shoulder|Giga Drain|p1a: Palafin\n|-supereffective|p1a: Palafin\n|-damage|p1a: Palafin|0 fnt\n|-heal|p2b: Cold Shoulder|45\/100|[from] drain|[of] p1a: Palafin\n|faint|p1a: Palafin\n|move|p2a: Harmacy|Copycat|p2a: Harmacy\n|move|p2a: Harmacy|Giga Drain|p1b: Weezing|[from]move: Copycat\n|-resisted|p1b: Weezing\n|-damage|p1b: Weezing|49\/100\n|-heal|p2a: Harmacy|95\/100|[from] drain|[of] p1b: Weezing\n|move|p1b: Weezing|Sludge Bomb|p2b: Cold Shoulder\n|-damage|p2b: Cold Shoulder|12\/100\n|\n|-weather|Snow|[upkeep]\n|-heal|p2a: Harmacy|100\/100|[from] item: Leftovers\n|-heal|p1b: Weezing|55\/100|[from] item: Black Sludge\n|upkeep\n|turn|13\n|-message|Klewey forfeited.\n|\n|win|mikeyuwu\n|raw|Klewey's rating: 1310 &rarr; <strong>1285<\/strong><br \/>(-25 for losing)\n|raw|mikeyuwu's rating: 1219 &rarr; <strong>1250<\/strong><br \/>(+31 for winning)\n|l|\u2606Klewey\n","uploadtime":1699630388,"views":5,"p1id":"klewey","p2id":"mikeyuwu","formatid":"gen9doublesou","rating":1250,"private":0,"password":""}