{"id":"gen9doublesou-1978977241","p1":"Rui-Oniichan","p2":"cotesmcgotes","format":"[Gen 9] Doubles OU","log":"|j|\u2606Rui-Oniichan\n|j|\u2606cotesmcgotes\n|t:|1698616814\n|gametype|doubles\n|player|p1|Rui-Oniichan|nate|1300\n|player|p2|cotesmcgotes|flannery|1339\n|teamsize|p1|6\n|teamsize|p2|6\n|gen|9\n|tier|[Gen 9] Doubles OU\n|rated|\n|rule|Species Clause: Limit one of each Pok\u00e9mon\n|rule|OHKO Clause: OHKO moves are banned\n|rule|Evasion Moves Clause: Evasion moves are banned\n|rule|Gravity Sleep Clause: The combination of sleep-inducing moves with imperfect accuracy and Gravity or Gigantamax Orbeetle are banned\n|rule|Endless Battle Clause: Forcing endless battles is banned\n|rule|HP Percentage Mod: HP is shown in percentages\n|clearpoke\n|poke|p1|Indeedee-F, F|\n|poke|p1|Hatterene, F|\n|poke|p1|Armarouge, M|\n|poke|p1|Diancie|\n|poke|p1|Amoonguss, M|\n|poke|p1|Ursaluna-Bloodmoon, M|\n|poke|p2|Espathra, F|\n|poke|p2|Ursaluna-Bloodmoon, M|\n|poke|p2|Sinistcha|\n|poke|p2|Basculegion-F, F|\n|poke|p2|Haxorus, M|\n|poke|p2|Flareon, M|\n|teampreview\n|inactive|Battle timer is ON: inactive players will automatically lose when time's up. (requested by Rui-Oniichan)\n|\n|t:|1698616834\n|start\n|switch|p1a: Hatterene|Hatterene, F, shiny|100\/100\n|switch|p1b: Indeedee|Indeedee-F, F, shiny|100\/100\n|switch|p2a: Haxorus|Haxorus, M|100\/100\n|switch|p2b: Sinistcha|Sinistcha|100\/100\n|-ability|p2a: Haxorus|Mold Breaker\n|-fieldstart|move: Psychic Terrain|[from] ability: Psychic Surge|[of] p1b: Indeedee\n|turn|1\n|\n|t:|1698616853\n|move|p2a: Haxorus|First Impression|p1b: Indeedee\n|-activate|p1b: Indeedee|move: Psychic Terrain\n|move|p1b: Indeedee|Follow Me|p1b: Indeedee\n|-singleturn|p1b: Indeedee|move: Follow Me\n|move|p2b: Sinistcha|Shadow Ball|p1b: Indeedee\n|-immune|p1b: Indeedee\n|move|p1a: Hatterene|Trick Room|p1a: Hatterene\n|-fieldstart|move: Trick Room|[of] p1a: Hatterene\n|\n|upkeep\n|turn|2\n|\n|t:|1698616871\n|-terastallize|p2a: Haxorus|Steel\n|move|p1b: Indeedee|Helping Hand|p1a: Hatterene\n|-singleturn|p1a: Hatterene|Helping Hand|[of] p1b: Indeedee\n|move|p1a: Hatterene|Dazzling Gleam|p2b: Sinistcha|[spread] p2a,p2b\n|-resisted|p2a: Haxorus\n|-damage|p2a: Haxorus|61\/100\n|-damage|p2b: Sinistcha|40\/100\n|move|p2b: Sinistcha|Matcha Gotcha|p1b: Indeedee|[spread] p1a,p1b\n|-damage|p1a: Hatterene|66\/100\n|-heal|p2b: Sinistcha|56\/100|[from] drain|[of] p1a: Hatterene\n|-damage|p1b: Indeedee|70\/100\n|-heal|p2b: Sinistcha|71\/100|[from] drain|[of] p1b: Indeedee\n|move|p2a: Haxorus|Iron Head|p1a: Hatterene\n|-supereffective|p1a: Hatterene\n|-crit|p1a: Hatterene\n|-damage|p1a: Hatterene|0 fnt\n|faint|p1a: Hatterene\n|\n|upkeep\n|\n|t:|1698616883\n|switch|p1a: Diancie|Diancie|100\/100\n|turn|3\n|\n|t:|1698616895\n|move|p1b: Indeedee|Helping Hand|p1a: Diancie\n|-singleturn|p1a: Diancie|Helping Hand|[of] p1b: Indeedee\n|move|p1a: Diancie|Earth Power|p2a: Haxorus\n|-supereffective|p2a: Haxorus\n|-damage|p2a: Haxorus|0 fnt\n|faint|p2a: Haxorus\n|-damage|p1a: Diancie|91\/100|[from] item: Life Orb\n|move|p2b: Sinistcha|Matcha Gotcha|p1b: Indeedee|[spread] p1a,p1b\n|-supereffective|p1a: Diancie\n|-damage|p1a: Diancie|24\/100\n|-heal|p2b: Sinistcha|94\/100|[from] drain|[of] p1a: Diancie\n|-damage|p1b: Indeedee|40\/100\n|-heal|p2b: Sinistcha|100\/100|[from] drain|[of] p1b: Indeedee\n|\n|upkeep\n|inactive|cotesmcgotes has 120 seconds left.\n|\n|t:|1698616930\n|switch|p2a: Ursaluna|Ursaluna-Bloodmoon, M|100\/100\n|turn|4\n|inactive|cotesmcgotes has 120 seconds left.\n|\n|t:|1698616953\n|move|p1b: Indeedee|Helping Hand|p1a: Diancie\n|-singleturn|p1a: Diancie|Helping Hand|[of] p1b: Indeedee\n|move|p1a: Diancie|Diamond Storm|p2a: Ursaluna|[spread] p2a,p2b\n|-resisted|p2a: Ursaluna\n|-damage|p2a: Ursaluna|77\/100\n|-damage|p2b: Sinistcha|38\/100\n|-damage|p1a: Diancie|14\/100|[from] item: Life Orb\n|move|p2a: Ursaluna|Hyper Voice|p1b: Indeedee|[spread] p1a,p1b\n|-resisted|p1a: Diancie\n|-damage|p1a: Diancie|0 fnt\n|-damage|p1b: Indeedee|0 fnt\n|faint|p1a: Diancie\n|faint|p1b: Indeedee\n|move|p2b: Sinistcha|Matcha Gotcha|p1: Diancie|[notarget]\n|-fail|p2b: Sinistcha\n|\n|upkeep\n|\n|t:|1698616963\n|switch|p1a: Amoonguss|Amoonguss, M|100\/100\n|switch|p1b: Ursaluna|Ursaluna-Bloodmoon, M|100\/100\n|turn|5\n|inactive|cotesmcgotes has 120 seconds left.\n|\n|t:|1698616998\n|switch|p2a: Espathra|Espathra, F|100\/100\n|move|p1a: Amoonguss|Spore|p2a: Espathra\n|-status|p2a: Espathra|slp|[from] move: Spore\n|move|p1b: Ursaluna|Blood Moon|p2b: Sinistcha\n|-damage|p2b: Sinistcha|0 fnt\n|faint|p2b: Sinistcha\n|\n|-fieldend|move: Trick Room\n|upkeep\n|inactive|cotesmcgotes has 120 seconds left.\n|\n|t:|1698617024\n|switch|p2b: Flareon|Flareon, M|100\/100\n|turn|6\n|inactive|cotesmcgotes has 120 seconds left.\n|\n|t:|1698617037\n|switch|p1a: Armarouge|Armarouge, M, shiny|100\/100\n|cant|p2a: Espathra|slp\n|move|p2b: Flareon|Flare Blitz|p1a: Armarouge\n|-start|p1a: Armarouge|ability: Flash Fire\n|move|p1b: Ursaluna|Earth Power|p2b: Flareon\n|-supereffective|p2b: Flareon\n|-damage|p2b: Flareon|0 fnt\n|faint|p2b: Flareon\n|\n|-ability|p2a: Espathra|Speed Boost|boost\n|-boost|p2a: Espathra|spe|1\n|upkeep\n|\n|t:|1698617047\n|switch|p2b: Basculegion|Basculegion-F, F|100\/100\n|turn|7\n|\n|t:|1698617061\n|-curestatus|p2a: Espathra|slp|[msg]\n|move|p2a: Espathra|Protect|p2a: Espathra\n|-singleturn|p2a: Espathra|Protect\n|move|p1a: Armarouge|Expanding Force|p2a: Espathra|[spread] p2b\n|-activate|p2a: Espathra|move: Protect\n|-damage|p2b: Basculegion|57\/100\n|move|p2b: Basculegion|Last Respects|p1a: Armarouge\n|-supereffective|p1a: Armarouge\n|-damage|p1a: Armarouge|0 fnt\n|faint|p1a: Armarouge\n|move|p1b: Ursaluna|Blood Moon|p2a: Espathra\n|-activate|p2a: Espathra|move: Protect\n|\n|-ability|p2a: Espathra|Speed Boost|boost\n|-boost|p2a: Espathra|spe|1\n|upkeep\n|\n|t:|1698617067\n|switch|p1a: Amoonguss|Amoonguss, M|100\/100\n|turn|8\n|\n|t:|1698617083\n|move|p2a: Espathra|Baton Pass|p2a: Espathra\n|\n|t:|1698617085\n|switch|p2a: Ursaluna|Ursaluna-Bloodmoon, M|77\/100|[from] Baton Pass\n|move|p2b: Basculegion|Liquidation|p1b: Ursaluna\n|-supereffective|p1b: Ursaluna\n|-damage|p1b: Ursaluna|30\/100\n|move|p1b: Ursaluna|Moonblast|p2b: Basculegion\n|-damage|p2b: Basculegion|32\/100\n|move|p1a: Amoonguss|Spore|p2a: Ursaluna\n|-status|p2a: Ursaluna|slp|[from] move: Spore\n|\n|-fieldend|move: Psychic Terrain\n|upkeep\n|turn|9\n|\n|t:|1698617108\n|move|p2b: Basculegion|Aqua Jet|p1b: Ursaluna\n|-supereffective|p1b: Ursaluna\n|-damage|p1b: Ursaluna|0 fnt\n|faint|p1b: Ursaluna\n|cant|p2a: Ursaluna|slp\n|move|p1a: Amoonguss|Energy Ball|p2b: Basculegion\n|-supereffective|p2b: Basculegion\n|-damage|p2b: Basculegion|0 fnt\n|faint|p2b: Basculegion\n|\n|upkeep\n|\n|t:|1698617115\n|switch|p2b: Espathra|Espathra, F|100\/100\n|turn|10\n|\n|t:|1698617125\n|move|p2b: Espathra|Substitute|p2b: Espathra\n|-start|p2b: Espathra|Substitute\n|-damage|p2b: Espathra|75\/100\n|-curestatus|p2a: Ursaluna|slp|[msg]\n|move|p2a: Ursaluna|Hyper Voice|p1a: Amoonguss\n|-damage|p1a: Amoonguss|51\/100\n|move|p1a: Amoonguss|Energy Ball|p2a: Ursaluna\n|-supereffective|p2a: Ursaluna\n|-damage|p2a: Ursaluna|31\/100\n|\n|-heal|p1a: Amoonguss|57\/100|[from] item: Leftovers\n|-ability|p2b: Espathra|Speed Boost|boost\n|-boost|p2b: Espathra|spe|1\n|upkeep\n|turn|11\n|-message|Rui-Oniichan forfeited.\n|\n|win|cotesmcgotes\n|raw|Rui-Oniichan's rating: 1300 &rarr; <strong>1278<\/strong><br \/>(-22 for losing)\n|raw|cotesmcgotes's rating: 1339 &rarr; <strong>1357<\/strong><br \/>(+18 for winning)\n|l|\u2606Rui-Oniichan\n","uploadtime":1698617144,"views":28,"p1id":"ruioniichan","p2id":"cotesmcgotes","formatid":"gen9doublesou","rating":1278,"private":0,"password":""}