{"id":"gen9doublesou-1974110309","p1":"Commander2022","p2":"hpl12345","format":"[Gen 9] Doubles OU","log":"|j|\u2606Commander2022\n|j|\u2606hpl12345\n|inactive|Battle timer is ON: inactive players will automatically lose when time's up.\n|t:|1698057258\n|gametype|doubles\n|player|p1|Commander2022|buck|\n|player|p2|hpl12345|169|\n|teamsize|p1|4\n|teamsize|p2|4\n|gen|9\n|tier|[Gen 9] Doubles OU\n|rated|Tournament battle\n|rule|Species Clause: Limit one of each Pok\u00e9mon\n|rule|OHKO Clause: OHKO moves are banned\n|rule|Evasion Moves Clause: Evasion moves are banned\n|rule|Gravity Sleep Clause: The combination of sleep-inducing moves with imperfect accuracy and Gravity or Gigantamax Orbeetle are banned\n|rule|Endless Battle Clause: Forcing endless battles is banned\n|rule|HP Percentage Mod: HP is shown in percentages\n|clearpoke\n|poke|p1|Magnemite|\n|poke|p1|Gabite, M|\n|poke|p1|Hakamo-o, F|\n|poke|p1|Scyther, F|\n|poke|p2|Psyduck, F|\n|poke|p2|Stantler, M|\n|poke|p2|Pupitar, M|\n|poke|p2|Gholdengo|\n|teampreview\n|j| sjjjjjjj\n|c| sjjjjjjj|oh gholdengo\n|\n|t:|1698057282\n|start\n|switch|p1a: Magnemite|Magnemite|100\/100\n|switch|p1b: Gabite|Gabite, M, shiny|100\/100\n|switch|p2a: Psyduck|Psyduck, F|100\/100\n|switch|p2b: Stantler|Stantler, M|100\/100\n|-ability|p2b: Stantler|Intimidate|boost\n|-unboost|p1a: Magnemite|atk|1\n|-unboost|p1b: Gabite|atk|1\n|turn|1\n|\n|t:|1698057301\n|move|p2b: Stantler|Calm Mind|p2b: Stantler\n|-boost|p2b: Stantler|spa|1\n|-boost|p2b: Stantler|spd|1\n|move|p1b: Gabite|Dragon Claw|p2b: Stantler\n|-damage|p2b: Stantler|75\/100\n|move|p2a: Psyduck|Icy Wind|p1b: Gabite|[spread] p1a,p1b\n|-resisted|p1a: Magnemite\n|-supereffective|p1b: Gabite\n|-damage|p1a: Magnemite|93\/100\n|-damage|p1b: Gabite|46\/100\n|-unboost|p1a: Magnemite|spe|1\n|-unboost|p1b: Gabite|spe|1\n|move|p1a: Magnemite|Discharge|p2b: Stantler|[spread] p2a,p2b\n|-immune|p1b: Gabite\n|-supereffective|p2a: Psyduck\n|-damage|p2a: Psyduck|53\/100\n|-damage|p2b: Stantler|54\/100\n|\n|upkeep\n|turn|2\n|j|*Lady Monita \u263d\n|j| meesajarjark\n|inactive|Commander2022 has 120 seconds left.\n|\n|t:|1698057339\n|move|p2b: Stantler|Calm Mind|p2b: Stantler\n|-boost|p2b: Stantler|spa|1\n|-boost|p2b: Stantler|spd|1\n|move|p1b: Gabite|Dragon Claw|p2a: Psyduck\n|-damage|p2a: Psyduck|21\/100\n|move|p2a: Psyduck|Icy Wind|p1a: Magnemite|[spread] p1a,p1b\n|-resisted|p1a: Magnemite\n|-supereffective|p1b: Gabite\n|-damage|p1a: Magnemite|85\/100\n|-damage|p1b: Gabite|0 fnt\n|-unboost|p1a: Magnemite|spe|1\n|faint|p1b: Gabite\n|move|p1a: Magnemite|Light Screen|p1a: Magnemite\n|-sidestart|p1: Commander2022|move: Light Screen\n|\n|upkeep\n|\n|t:|1698057355\n|switch|p1b: Hakamo-o|Hakamo-o, F|100\/100\n|turn|3\n|inactive|Commander2022 has 120 seconds left.\n|l| meesajarjark\n|\n|t:|1698057373\n|move|p2b: Stantler|Calm Mind|p2b: Stantler\n|-boost|p2b: Stantler|spa|1\n|-boost|p2b: Stantler|spd|1\n|move|p1b: Hakamo-o|Drain Punch|p2b: Stantler\n|-supereffective|p2b: Stantler\n|-damage|p2b: Stantler|0 fnt\n|faint|p2b: Stantler\n|move|p2a: Psyduck|Icy Wind|p1b: Hakamo-o|[spread] p1a,p1b\n|-resisted|p1a: Magnemite\n|-supereffective|p1b: Hakamo-o\n|-damage|p1a: Magnemite|80\/100\n|-damage|p1b: Hakamo-o|83\/100\n|-unboost|p1a: Magnemite|spe|1\n|-unboost|p1b: Hakamo-o|spe|1\n|move|p1a: Magnemite|Flash Cannon|p2a: Psyduck\n|-resisted|p2a: Psyduck\n|-crit|p2a: Psyduck\n|-damage|p2a: Psyduck|0 fnt\n|faint|p2a: Psyduck\n|\n|upkeep\n|\n|t:|1698057386\n|switch|p2b: Gholdengo|Gholdengo|100\/100\n|switch|p2a: Pupitar|Pupitar, M|100\/100\n|turn|4\n|\n|t:|1698057420\n|move|p2b: Gholdengo|Shadow Ball|p1b: Hakamo-o\n|-immune|p1b: Hakamo-o|[from] ability: Bulletproof\n|move|p2a: Pupitar|Dragon Dance|p2a: Pupitar\n|-boost|p2a: Pupitar|atk|1\n|-boost|p2a: Pupitar|spe|1\n|move|p1b: Hakamo-o|Dragon Dance|p1b: Hakamo-o\n|-boost|p1b: Hakamo-o|atk|1\n|-boost|p1b: Hakamo-o|spe|1\n|move|p1a: Magnemite|Iron Defense|p1a: Magnemite\n|-boost|p1a: Magnemite|def|2\n|\n|upkeep\n|turn|5\n|inactive|Commander2022 has 120 seconds left.\n|\n|t:|1698057464\n|-terastallize|p1a: Magnemite|Flying\n|move|p2a: Pupitar|Outrage|p1b: Hakamo-o\n|-supereffective|p1b: Hakamo-o\n|-damage|p1b: Hakamo-o|0 fnt\n|faint|p1b: Hakamo-o\n|move|p2b: Gholdengo|Shadow Ball|p1a: Magnemite\n|-damage|p1a: Magnemite|0 fnt\n|faint|p1a: Magnemite\n|\n|upkeep\n|c|\u2606Commander2022|how\n|c|\u2606hpl12345|gg\n|\n|t:|1698057478\n|switch|p1b: Scyther|Scyther, F|100\/100\n|turn|6\n|c|\u2606Commander2022|gg\n|\n|t:|1698057487\n|-terastallize|p2b: Gholdengo|Ghost\n|move|p1b: Scyther|Brick Break|p2a: Pupitar\n|-supereffective|p2a: Pupitar\n|-damage|p2a: Pupitar|48\/100\n|move|p2a: Pupitar|Outrage|p1b: Scyther|[from]lockedmove\n|-damage|p1b: Scyther|32\/100\n|-start|p2a: Pupitar|confusion|[fatigue]\n|move|p2b: Gholdengo|Shadow Ball|p1b: Scyther\n|-damage|p1b: Scyther|0 fnt\n|faint|p1b: Scyther\n|\n|win|hpl12345\n|n|\u2606Commander2022|commander2022\n|n|\u2606hpl12345|hpl12345\n|n| sjjjjjjj|sjjjjjjj\n|n|*Lady Monita \u263d|ladymonita\n","uploadtime":1698057488,"views":12,"p1id":"commander2022","p2id":"hpl12345","formatid":"gen9doublesou","rating":0,"private":0,"password":""}