{"id":"gen9doublesou-1967817994","p1":"sunny458","p2":"sunny457","format":"[Gen 9] Doubles OU","log":"|html|<div class=\"broadcast-blue\"><strong>[Gen 9] Doubles OU is currently suspecting Basculegion & Flutter Mane! For information on how to participate check out the <a href=\"https:\/\/www.smogon.com\/forums\/threads\/np-sv-dou-stage-8-double-trouble.3729153\/\">suspect thread<\/a>.<\/strong><\/div>\n|j|\u2606sunny458\n|j|\u2606sunny457\n|t:|1697342211\n|gametype|doubles\n|player|p1|sunny458|bellelba|\n|player|p2|sunny457|lady-gen4|\n|teamsize|p1|6\n|teamsize|p2|6\n|gen|9\n|tier|[Gen 9] Doubles OU\n|rule|Species Clause: Limit one of each Pok\u00e9mon\n|rule|OHKO Clause: OHKO moves are banned\n|rule|Evasion Moves Clause: Evasion moves are banned\n|rule|Gravity Sleep Clause: The combination of sleep-inducing moves with imperfect accuracy and Gravity or Gigantamax Orbeetle are banned\n|rule|Endless Battle Clause: Forcing endless battles is banned\n|rule|HP Percentage Mod: HP is shown in percentages\n|clearpoke\n|poke|p1|Sylveon, F|\n|poke|p1|Umbreon, M|\n|poke|p1|Espeon, F|\n|poke|p1|Jolteon, M|\n|poke|p1|Diancie|\n|poke|p1|Articuno-Galar|\n|poke|p2|Abomasnow, F|\n|poke|p2|Pachirisu, F|\n|poke|p2|Basculegion, M|\n|poke|p2|Azelf|\n|poke|p2|Dragapult, F|\n|poke|p2|Delphox, F|\n|teampreview\n|\n|t:|1697342226\n|start\n|switch|p1a: hunter|Umbreon, M|100\/100\n|switch|p1b: kira|Sylveon, F|100\/100\n|switch|p2a: Abomasnow|Abomasnow, F|100\/100\n|switch|p2b: Pachirisu|Pachirisu, F|100\/100\n|-weather|Snow|[from] ability: Snow Warning|[of] p2a: Abomasnow\n|turn|1\n|\n|t:|1697342249\n|-terastallize|p1a: hunter|Dark\n|move|p1a: hunter|Protect|p1a: hunter\n|-singleturn|p1a: hunter|Protect\n|move|p1b: kira|Protect|p1b: kira\n|-singleturn|p1b: kira|Protect\n|move|p2b: Pachirisu|Fling|p1a: hunter\n|-activate|p1a: hunter|move: Protect\n|-enditem|p2b: Pachirisu|Choice Scarf|[from] move: Fling\n|move|p2a: Abomasnow|Body Press|p1b: kira\n|-activate|p1b: kira|move: Protect\n|\n|-weather|Snow|[upkeep]\n|upkeep\n|turn|2\n|\n|t:|1697342270\n|move|p2b: Pachirisu|Fling||[still]\n|-fail|p2b: Pachirisu\n|move|p1a: hunter|Taunt|p2b: Pachirisu\n|-start|p2b: Pachirisu|move: Taunt\n|move|p2a: Abomasnow|Body Press|p1a: hunter\n|-supereffective|p1a: hunter\n|-damage|p1a: hunter|76\/100\n|move|p1b: kira|Dazzling Gleam|p2a: Abomasnow|[spread] p2a,p2b\n|-damage|p2a: Abomasnow|90\/100\n|-damage|p2b: Pachirisu|70\/100\n|\n|-weather|Snow|[upkeep]\n|-heal|p1a: hunter|82\/100|[from] item: Leftovers\n|upkeep\n|turn|3\n|\n|t:|1697342294\n|move|p2b: Pachirisu|Facade|p1a: hunter\n|-damage|p1a: hunter|72\/100\n|move|p1a: hunter|Stored Power|p2b: Pachirisu\n|-damage|p2b: Pachirisu|66\/100\n|move|p2a: Abomasnow|Double-Edge|p1a: hunter\n|-damage|p1a: hunter|52\/100\n|-damage|p2a: Abomasnow|84\/100|[from] Recoil\n|move|p1b: kira|Fake Tears|p2a: Abomasnow\n|-unboost|p2a: Abomasnow|spd|2\n|\n|-weather|Snow|[upkeep]\n|-heal|p1a: hunter|58\/100|[from] item: Leftovers\n|upkeep\n|turn|4\n|\n|t:|1697342321\n|move|p1a: hunter|Protect|p1a: hunter\n|-singleturn|p1a: hunter|Protect\n|move|p2b: Pachirisu|Facade|p1a: hunter\n|-activate|p1a: hunter|move: Protect\n|move|p1b: kira|Play Rough|p2a: Abomasnow\n|-damage|p2a: Abomasnow|68\/100\n|move|p2a: Abomasnow|Chilling Water|p1a: hunter\n|-activate|p1a: hunter|move: Protect\n|\n|-weather|Snow|[upkeep]\n|-heal|p1a: hunter|64\/100|[from] item: Leftovers\n|upkeep\n|turn|5\n|\n|t:|1697342340\n|move|p2b: Pachirisu|Discharge|p1b: kira|[spread] p2a,p1a,p1b\n|-resisted|p2a: Abomasnow\n|-damage|p2a: Abomasnow|63\/100\n|-damage|p1a: hunter|59\/100\n|-damage|p1b: kira|94\/100\n|-status|p2a: Abomasnow|par\n|move|p1a: hunter|Facade|p2a: Abomasnow\n|-damage|p2a: Abomasnow|54\/100 par\n|move|p1b: kira|Play Rough|p2a: Abomasnow\n|-damage|p2a: Abomasnow|36\/100 par\n|move|p2a: Abomasnow|Chilling Water|p1a: hunter\n|-damage|p1a: hunter|53\/100\n|-unboost|p1a: hunter|atk|1\n|\n|-weather|none\n|-heal|p1a: hunter|59\/100|[from] item: Leftovers\n|-heal|p1b: kira|100\/100|[from] item: Leftovers\n|-end|p2b: Pachirisu|move: Taunt\n|upkeep\n|turn|6\n|\n|t:|1697342363\n|move|p2b: Pachirisu|Discharge|p1a: hunter|[spread] p2a,p1a,p1b\n|-resisted|p2a: Abomasnow\n|-damage|p2a: Abomasnow|30\/100 par\n|-damage|p1a: hunter|54\/100\n|-damage|p1b: kira|95\/100\n|move|p1a: hunter|Facade|p2b: Pachirisu\n|-damage|p2b: Pachirisu|50\/100\n|move|p1b: kira|Dazzling Gleam|p2b: Pachirisu|[spread] p2a,p2b\n|-damage|p2a: Abomasnow|10\/100 par\n|-damage|p2b: Pachirisu|18\/100\n|move|p2a: Abomasnow|Chilling Water|p1b: kira\n|-damage|p1b: kira|90\/100\n|-unboost|p1b: kira|atk|1\n|\n|-heal|p1a: hunter|60\/100|[from] item: Leftovers\n|-heal|p1b: kira|96\/100|[from] item: Leftovers\n|upkeep\n|turn|7\n|\n|t:|1697342380\n|move|p2b: Pachirisu|Fling||[still]\n|-fail|p2b: Pachirisu\n|move|p1a: hunter|Stored Power|p2b: Pachirisu\n|-damage|p2b: Pachirisu|14\/100\n|move|p1b: kira|Play Rough|p2a: Abomasnow\n|-damage|p2a: Abomasnow|0 fnt\n|faint|p2a: Abomasnow\n|\n|-heal|p1a: hunter|66\/100|[from] item: Leftovers\n|-heal|p1b: kira|100\/100|[from] item: Leftovers\n|upkeep\n|\n|t:|1697342393\n|switch|p2a: Azelf|Azelf|100\/100\n|turn|8\n|\n|t:|1697342426\n|move|p2a: Azelf|Encore|p1a: hunter\n|-start|p1a: hunter|Encore\n|move|p2b: Pachirisu|Discharge|p1b: kira|[spread] p2a,p1a,p1b\n|-damage|p2a: Azelf|84\/100\n|-damage|p1a: hunter|60\/100\n|-damage|p1b: kira|94\/100\n|-status|p2a: Azelf|par\n|-status|p1a: hunter|par\n|-status|p1b: kira|par\n|cant|p1a: hunter|par\n|cant|p1b: kira|par\n|\n|-heal|p1a: hunter|66\/100 par|[from] item: Leftovers\n|-heal|p1b: kira|100\/100 par|[from] item: Leftovers\n|upkeep\n|turn|9\n|\n|t:|1697342473\n|move|p2b: Pachirisu|Helping Hand|p2a: Azelf\n|-singleturn|p2a: Azelf|Helping Hand|[of] p2b: Pachirisu\n|move|p1b: kira|Protect|p1b: kira\n|-singleturn|p1b: kira|Protect\n|move|p2a: Azelf|Encore|p1b: kira\n|-activate|p1b: kira|move: Protect\n|move|p1a: hunter|Stored Power|p2b: Pachirisu\n|-damage|p2b: Pachirisu|9\/100\n|\n|-heal|p1a: hunter|72\/100 par|[from] item: Leftovers\n|upkeep\n|turn|10\n|\n|t:|1697342501\n|switch|p2a: Basculegion|Basculegion, M|100\/100\n|move|p2b: Pachirisu|Fling||[still]\n|-fail|p2b: Pachirisu\n|cant|p1a: hunter|par\n|cant|p1b: kira|par\n|\n|-heal|p1a: hunter|78\/100 par|[from] item: Leftovers\n|-end|p1a: hunter|Encore\n|upkeep\n|turn|11\n|\n|t:|1697342540\n|switch|p2a: Azelf|Azelf|84\/100 par\n|switch|p1a: ice|Articuno-Galar, shiny|100\/100\n|switch|p1b: thunder|Jolteon, M|100\/100\n|move|p2b: Pachirisu|Fling||[still]\n|-fail|p2b: Pachirisu\n|\n|upkeep\n|turn|12\n|\n|t:|1697342581\n|switch|p2a: Dragapult|Dragapult, F|100\/100\n|move|p2b: Pachirisu|Helping Hand|p2a: Dragapult\n|-singleturn|p2a: Dragapult|Helping Hand|[of] p2b: Pachirisu\n|move|p1b: thunder|Volt Switch|p2a: Dragapult\n|-resisted|p2a: Dragapult\n|-damage|p2a: Dragapult|79\/100\n|\n|t:|1697342597\n|switch|p1b: diamond light|Diancie, shiny|100\/100|[from] Volt Switch\n|move|p1a: ice|Ancient Power|p2b: Pachirisu\n|-damage|p2b: Pachirisu|0 fnt\n|faint|p2b: Pachirisu\n|\n|upkeep\n|c|\u2606sunny457|no0nonon\n|c|\u2606sunny457|no\n|c|\u2606sunny457|no\n|c|\u2606sunny457|no\n|-message|sunny457 forfeited.\n|\n|win|sunny458\n|l|\u2606sunny457\n","uploadtime":1697342617,"views":11,"p1id":"sunny458","p2id":"sunny457","formatid":"gen9doublesou","rating":0,"private":0,"password":""}