{"id":"gen9doublesou-1972332621","p1":"nahymo","p2":"wingminmon","format":"[Gen 9] Doubles OU","log":"|j|\u2606nahymo\n|j|\u2606wingminmon\n|t:|1697832198\n|gametype|doubles\n|player|p1|nahymo|102|1230\n|player|p2|wingminmon|preschooler|1218\n|teamsize|p1|6\n|teamsize|p2|6\n|gen|9\n|tier|[Gen 9] Doubles OU\n|rated|\n|rule|Species Clause: Limit one of each Pok\u00e9mon\n|rule|OHKO Clause: OHKO moves are banned\n|rule|Evasion Moves Clause: Evasion moves are banned\n|rule|Gravity Sleep Clause: The combination of sleep-inducing moves with imperfect accuracy and Gravity or Gigantamax Orbeetle are banned\n|rule|Endless Battle Clause: Forcing endless battles is banned\n|rule|HP Percentage Mod: HP is shown in percentages\n|clearpoke\n|poke|p1|Samurott-Hisui, F|\n|poke|p1|Goodra-Hisui, M|\n|poke|p1|Sinistcha|\n|poke|p1|Appletun, M|\n|poke|p1|Pelipper, M|\n|poke|p1|Ogerpon-Wellspring, F|\n|poke|p2|Dragapult, M|\n|poke|p2|Heatran, M|\n|poke|p2|Ogerpon, F|\n|poke|p2|Cresselia, F|\n|poke|p2|Landorus-Therian, M|\n|poke|p2|Tornadus, M|\n|teampreview\n|\n|t:|1697832226\n|start\n|switch|p1a: Pelipper|Pelipper, M, shiny|100\/100\n|switch|p1b: Samurott|Samurott-Hisui, F|100\/100\n|switch|p2a: Tornadus|Tornadus, M|100\/100\n|switch|p2b: Cresselia|Cresselia, F|100\/100\n|-weather|RainDance|[from] ability: Drizzle|[of] p1a: Pelipper\n|turn|1\n|\n|t:|1697832246\n|move|p2a: Tornadus|Tailwind|p2a: Tornadus\n|-sidestart|p2: wingminmon|move: Tailwind\n|move|p2b: Cresselia|Thunder Wave|p1b: Samurott\n|-status|p1b: Samurott|par\n|move|p1a: Pelipper|U-turn|p2b: Cresselia\n|-supereffective|p2b: Cresselia\n|-damage|p2b: Cresselia|91\/100\n|\n|t:|1697832257\n|switch|p1a: Appletun|Appletun, M, shiny|100\/100|[from] U-turn\n|move|p1b: Samurott|Ceaseless Edge|p2b: Cresselia\n|-supereffective|p2b: Cresselia\n|-damage|p2b: Cresselia|4\/100\n|-sidestart|p2: wingminmon|Spikes\n|-enditem|p2b: Cresselia|Sitrus Berry|[eat]\n|-heal|p2b: Cresselia|29\/100|[from] item: Sitrus Berry\n|\n|-weather|RainDance|[upkeep]\n|upkeep\n|turn|2\n|\n|t:|1697832291\n|move|p2b: Cresselia|Helping Hand|p2a: Tornadus\n|-singleturn|p2a: Tornadus|Helping Hand|[of] p2b: Cresselia\n|move|p2a: Tornadus|Bleakwind Storm|p1b: Samurott|[spread] p1a,p1b\n|-supereffective|p1a: Appletun\n|-damage|p1a: Appletun|27\/100\n|-damage|p1b: Samurott|23\/100 par\n|-enditem|p1a: Appletun|Iapapa Berry|[eat]\n|-heal|p1a: Appletun|60\/100|[from] item: Iapapa Berry\n|move|p1b: Samurott|Ceaseless Edge|p2b: Cresselia\n|-supereffective|p2b: Cresselia\n|-damage|p2b: Cresselia|0 fnt\n|-sidestart|p2: wingminmon|Spikes\n|faint|p2b: Cresselia\n|move|p1a: Appletun|Substitute|p1a: Appletun\n|-start|p1a: Appletun|Substitute\n|-damage|p1a: Appletun|35\/100\n|\n|-weather|RainDance|[upkeep]\n|upkeep\n|\n|t:|1697832302\n|switch|p2b: Heatran|Heatran, M|100\/100\n|-damage|p2b: Heatran|84\/100|[from] Spikes\n|turn|3\n|\n|t:|1697832316\n|move|p2a: Tornadus|Bleakwind Storm|p1a: Appletun|[spread] p1a,p1b\n|-supereffective|p1a: Appletun\n|-end|p1a: Appletun|Substitute\n|-damage|p1b: Samurott|0 fnt\n|faint|p1b: Samurott\n|move|p2b: Heatran|Magma Storm|p1a: Appletun\n|-damage|p1a: Appletun|19\/100\n|-activate|p1a: Appletun|move: Magma Storm|[of] p2b: Heatran\n|move|p1a: Appletun|Dragon Tail|p2b: Heatran\n|-resisted|p2b: Heatran\n|-damage|p2b: Heatran|76\/100\n|drag|p2b: Ogerpon|Ogerpon, F|100\/100\n|-damage|p2b: Ogerpon|84\/100|[from] Spikes\n|\n|-weather|RainDance|[upkeep]\n|-heal|p2b: Ogerpon|90\/100|[from] item: Leftovers\n|-end|p1a: Appletun|Magma Storm|[partiallytrapped]|[silent]\n|upkeep\n|\n|t:|1697832339\n|switch|p1b: Sinistcha|Sinistcha|100\/100\n|-heal|p1a: Appletun|44\/100|[from] ability: Hospitality|[of] p1b: Sinistcha\n|turn|4\n|\n|t:|1697832352\n|move|p2b: Ogerpon|U-turn|p1a: Appletun\n|-supereffective|p1a: Appletun\n|-damage|p1a: Appletun|0 fnt\n|faint|p1a: Appletun\n|\n|t:|1697832356\n|switch|p2b: Landorus|Landorus-Therian, M|100\/100|[from] U-turn\n|-ability|p2b: Landorus|Intimidate|boost\n|-unboost|p1b: Sinistcha|atk|1\n|move|p2a: Tornadus|Bleakwind Storm|p1b: Sinistcha\n|-supereffective|p1b: Sinistcha\n|-damage|p1b: Sinistcha|0 fnt\n|faint|p1b: Sinistcha\n|\n|-weather|RainDance|[upkeep]\n|-sideend|p2: wingminmon|move: Tailwind\n|upkeep\n|\n|t:|1697832367\n|switch|p1b: Ogerpon|Ogerpon-Wellspring, F|100\/100\n|switch|p1a: Goodra|Goodra-Hisui, M|100\/100\n|turn|5\n|\n|t:|1697832394\n|-terastallize|p1a: Goodra|Water\n|move|p2a: Tornadus|Tailwind|p2a: Tornadus\n|-sidestart|p2: wingminmon|move: Tailwind\n|move|p2b: Landorus|Stomping Tantrum|p1b: Ogerpon\n|-resisted|p1b: Ogerpon\n|-damage|p1b: Ogerpon|74\/100\n|move|p1b: Ogerpon|Swords Dance|p1b: Ogerpon\n|-boost|p1b: Ogerpon|atk|2\n|move|p1a: Goodra|Thunderbolt|p2a: Tornadus\n|-supereffective|p2a: Tornadus\n|-damage|p2a: Tornadus|34\/100\n|\n|-weather|RainDance|[upkeep]\n|upkeep\n|turn|6\n|\n|t:|1697832411\n|switch|p2b: Heatran|Heatran, M|76\/100\n|-damage|p2b: Heatran|60\/100|[from] Spikes\n|move|p2a: Tornadus|Bleakwind Storm|p1a: Goodra|[spread] p1a,p1b\n|-supereffective|p1b: Ogerpon\n|-damage|p1a: Goodra|83\/100\n|-damage|p1b: Ogerpon|0 fnt\n|faint|p1b: Ogerpon\n|move|p1a: Goodra|Thunderbolt|p2a: Tornadus\n|-supereffective|p2a: Tornadus\n|-damage|p2a: Tornadus|0 fnt\n|faint|p2a: Tornadus\n|\n|-weather|RainDance|[upkeep]\n|upkeep\n|\n|t:|1697832423\n|switch|p1b: Pelipper|Pelipper, M, shiny|100\/100\n|switch|p2a: Ogerpon|Ogerpon, F|90\/100\n|-damage|p2a: Ogerpon|73\/100|[from] Spikes\n|turn|7\n|\n|t:|1697832435\n|move|p2a: Ogerpon|Ivy Cudgel|p1a: Goodra\n|-ability|p1a: Goodra|Sap Sipper|boost\n|-boost|p1a: Goodra|atk|1\n|move|p2b: Heatran|Magma Storm|p1b: Pelipper\n|-resisted|p1b: Pelipper\n|-damage|p1b: Pelipper|83\/100\n|-activate|p1b: Pelipper|move: Magma Storm|[of] p2b: Heatran\n|move|p1b: Pelipper|Tailwind|p1b: Pelipper\n|-sidestart|p1: nahymo|move: Tailwind\n|move|p1a: Goodra|Dragon Pulse|p2a: Ogerpon\n|-damage|p2a: Ogerpon|28\/100\n|\n|-weather|RainDance|[upkeep]\n|-heal|p2a: Ogerpon|34\/100|[from] item: Leftovers\n|-damage|p1b: Pelipper|71\/100|[from] move: Magma Storm|[partiallytrapped]\n|upkeep\n|turn|8\n|\n|t:|1697832460\n|move|p2a: Ogerpon|Spiky Shield|p2a: Ogerpon\n|-singleturn|p2a: Ogerpon|move: Protect\n|move|p2b: Heatran|Flash Cannon|p1a: Goodra\n|-resisted|p1a: Goodra\n|-damage|p1a: Goodra|73\/100\n|-unboost|p1a: Goodra|spd|1\n|move|p1b: Pelipper|Hurricane|p2a: Ogerpon\n|-activate|p2a: Ogerpon|move: Protect\n|move|p1a: Goodra|Hydro Pump|p2b: Heatran|[miss]\n|-miss|p1a: Goodra|p2b: Heatran\n|\n|-weather|none\n|-heal|p2a: Ogerpon|40\/100|[from] item: Leftovers\n|-damage|p1b: Pelipper|58\/100|[from] move: Magma Storm|[partiallytrapped]\n|-sideend|p2: wingminmon|move: Tailwind\n|upkeep\n|turn|9\n|\n|t:|1697832491\n|move|p1b: Pelipper|Hurricane|p2a: Ogerpon\n|-supereffective|p2a: Ogerpon\n|-damage|p2a: Ogerpon|0 fnt\n|faint|p2a: Ogerpon\n|move|p1a: Goodra|Hydro Pump|p2b: Heatran\n|-supereffective|p2b: Heatran\n|-damage|p2b: Heatran|0 fnt\n|faint|p2b: Heatran\n|\n|-end|p1b: Pelipper|Magma Storm|[partiallytrapped]|[silent]\n|upkeep\n|\n|t:|1697832497\n|switch|p2a: Landorus|Landorus-Therian, M|100\/100\n|switch|p2b: Dragapult|Dragapult, M, shiny|100\/100\n|-ability|p2a: Landorus|Intimidate|boost\n|-unboost|p1a: Goodra|atk|1\n|-unboost|p1b: Pelipper|atk|1\n|-damage|p2b: Dragapult|84\/100|[from] Spikes\n|turn|10\n|\n|t:|1697832512\n|-terastallize|p2a: Landorus|Flying\n|move|p1b: Pelipper|Wide Guard|p1b: Pelipper\n|-singleturn|p1b: Pelipper|Wide Guard\n|move|p2a: Landorus|Tera Blast|p1a: Goodra|[anim] Tera Blast Flying\n|-damage|p1a: Goodra|0 fnt\n|faint|p1a: Goodra\n|move|p2b: Dragapult|Phantom Force||[still]\n|-prepare|p2b: Dragapult|Phantom Force\n|\n|-sideend|p1: nahymo|move: Tailwind\n|upkeep\n|turn|11\n|-message|nahymo forfeited.\n|\n|win|wingminmon\n|raw|nahymo's rating: 1230 &rarr; <strong>1204<\/strong><br \/>(-26 for losing)\n|raw|wingminmon's rating: 1218 &rarr; <strong>1244<\/strong><br \/>(+26 for winning)\n|l|\u2606nahymo\n","uploadtime":1697832570,"views":15,"p1id":"nahymo","p2id":"wingminmon","formatid":"gen9doublesou","rating":1204,"private":0,"password":""}