{"id":"gen9doublesou-1979768545","p1":"pignitewaggy","p2":"septiley","format":"[Gen 9] Doubles OU","log":"|j|\u2606pignitewaggy\n|j|\u2606septiley\n|t:|1698711269\n|gametype|doubles\n|player|p1|pignitewaggy|bellelba|1098\n|player|p2|septiley|rosa|1063\n|teamsize|p1|6\n|teamsize|p2|6\n|gen|9\n|tier|[Gen 9] Doubles OU\n|rated|\n|rule|Species Clause: Limit one of each Pok\u00e9mon\n|rule|OHKO Clause: OHKO moves are banned\n|rule|Evasion Moves Clause: Evasion moves are banned\n|rule|Gravity Sleep Clause: The combination of sleep-inducing moves with imperfect accuracy and Gravity or Gigantamax Orbeetle are banned\n|rule|Endless Battle Clause: Forcing endless battles is banned\n|rule|HP Percentage Mod: HP is shown in percentages\n|clearpoke\n|poke|p1|Ogerpon-Wellspring, F|\n|poke|p1|Thundurus-Therian, M|\n|poke|p1|Sinistcha|\n|poke|p1|Raichu, F|\n|poke|p1|Pincurchin, M|\n|poke|p1|Golem-Alola, F|\n|poke|p2|Slaking, F|\n|poke|p2|Bronzong|\n|poke|p2|Weavile, F|\n|poke|p2|Coalossal, M|\n|poke|p2|Regieleki|\n|poke|p2|Medicham, M|\n|teampreview\n|\n|t:|1698711286\n|start\n|switch|p1a: Golem|Golem-Alola, F|100\/100\n|switch|p1b: Raichu|Raichu, F|100\/100\n|switch|p2a: Bronzong|Bronzong, shiny|100\/100\n|switch|p2b: Slaking|Slaking, F|100\/100\n|turn|1\n|\n|t:|1698711306\n|move|p1b: Raichu|Protect|p1b: Raichu\n|-singleturn|p1b: Raichu|Protect\n|move|p2b: Slaking|Earthquake|p1a: Golem|[spread] p1a\n|-activate|p1b: Raichu|move: Protect\n|-immune|p2a: Bronzong|[from] ability: Levitate\n|-supereffective|p1a: Golem\n|-damage|p1a: Golem|0 fnt\n|faint|p1a: Golem\n|move|p2a: Bronzong|Skill Swap|p2b: Slaking\n|-activate|p2a: Bronzong|move: Skill Swap|||[of] p2b: Slaking\n|\n|-status|p2b: Slaking|brn|[from] item: Flame Orb\n|upkeep\n|\n|t:|1698711316\n|switch|p1a: Thundurus|Thundurus-Therian, M, shiny|100\/100\n|turn|2\n|\n|t:|1698711346\n|move|p1a: Thundurus|Discharge|p2b: Slaking|[spread] p2a,p2b\n|-ability|p1b: Raichu|Lightning Rod|boost\n|-boost|p1b: Raichu|spa|1\n|-damage|p2a: Bronzong|79\/100\n|-damage|p2b: Slaking|62\/100 brn\n|move|p1b: Raichu|Discharge|p2b: Slaking|[spread] p2a,p2b\n|-immune|p1a: Thundurus|[from] ability: Volt Absorb\n|-crit|p2a: Bronzong\n|-damage|p2a: Bronzong|39\/100\n|-damage|p2b: Slaking|15\/100 brn\n|move|p2b: Slaking|Facade|p1a: Thundurus\n|-damage|p1a: Thundurus|0 fnt\n|faint|p1a: Thundurus\n|cant|p2a: Bronzong|ability: Truant\n|\n|-damage|p2b: Slaking|9\/100 brn|[from] brn\n|upkeep\n|\n|t:|1698711361\n|switch|p1a: Pincurchin|Pincurchin, M|100\/100\n|turn|3\n|\n|t:|1698711366\n|move|p1b: Raichu|Discharge|p2a: Bronzong|[spread] p2a,p2b\n|-ability|p1a: Pincurchin|Lightning Rod|boost\n|-boost|p1a: Pincurchin|spa|1\n|-damage|p2a: Bronzong|8\/100\n|-damage|p2b: Slaking|0 fnt\n|faint|p2b: Slaking\n|move|p2a: Bronzong|Earthquake|p1b: Raichu|[spread] p1a,p1b\n|-supereffective|p1a: Pincurchin\n|-supereffective|p1b: Raichu\n|-damage|p1a: Pincurchin|60\/100\n|-damage|p1b: Raichu|38\/100\n|move|p1a: Pincurchin|Discharge|p2a: Bronzong|[spread] p2a\n|-ability|p1b: Raichu|Lightning Rod|boost\n|-boost|p1b: Raichu|spa|1\n|-damage|p2a: Bronzong|0 fnt\n|faint|p2a: Bronzong\n|-damage|p1a: Pincurchin|50\/100|[from] item: Life Orb\n|\n|upkeep\n|\n|t:|1698711384\n|switch|p2b: Medicham|Medicham, M|100\/100\n|switch|p2a: Regieleki|Regieleki, shiny|100\/100\n|turn|4\n|\n|t:|1698711409\n|switch|p2a: Weavile|Weavile, F, shiny|100\/100\n|-ability|p2a: Weavile|Pressure\n|-terastallize|p1b: Raichu|Ice\n|move|p1b: Raichu|Tera Blast|p2a: Weavile|[anim] Tera Blast Ice\n|-resisted|p2a: Weavile\n|-damage|p2a: Weavile|54\/100\n|move|p2b: Medicham|Aura Sphere|p1a: Pincurchin\n|-damage|p1a: Pincurchin|16\/100\n|move|p1a: Pincurchin|Discharge|p2a: Weavile|[spread] p2a,p2b\n|-ability|p1b: Raichu|Lightning Rod|boost\n|-boost|p1b: Raichu|spa|1\n|-damage|p2a: Weavile|0 fnt\n|-damage|p2b: Medicham|8\/100\n|faint|p2a: Weavile\n|-damage|p1a: Pincurchin|6\/100|[from] item: Life Orb\n|\n|upkeep\n|\n|t:|1698711424\n|switch|p2a: Coalossal|Coalossal, M, shiny|100\/100\n|turn|5\n|\n|t:|1698711439\n|move|p1b: Raichu|Surf|p2b: Medicham|[spread] p1a,p2a,p2b\n|-supereffective|p2a: Coalossal\n|-damage|p1a: Pincurchin|0 fnt\n|-damage|p2a: Coalossal|0 fnt\n|-damage|p2b: Medicham|0 fnt\n|faint|p1a: Pincurchin\n|faint|p2a: Coalossal\n|faint|p2b: Medicham\n|\n|upkeep\n|\n|t:|1698711447\n|switch|p2b: Regieleki|Regieleki, shiny|100\/100\n|switch|p1a: Sinistcha|Sinistcha|100\/100\n|-heal|p1b: Raichu|63\/100|[from] ability: Hospitality|[of] p1a: Sinistcha\n|turn|6\n|\n|t:|1698711456\n|move|p1a: Sinistcha|Rage Powder|p1a: Sinistcha\n|-singleturn|p1a: Sinistcha|move: Rage Powder\n|move|p2b: Regieleki|Electro Ball|p1a: Sinistcha\n|-resisted|p1a: Sinistcha\n|-damage|p1a: Sinistcha|53\/100\n|move|p1b: Raichu|Tera Blast|p2b: Regieleki|[anim] Tera Blast Ice\n|-damage|p2b: Regieleki|0 fnt\n|faint|p2b: Regieleki\n|\n|win|pignitewaggy\n|raw|pignitewaggy's rating: 1098 &rarr; <strong>1121<\/strong><br \/>(+23 for winning)\n|raw|septiley's rating: 1063 &rarr; <strong>1046<\/strong><br \/>(-17 for losing)\n|l|\u2606septiley\n","uploadtime":1698711469,"views":20,"p1id":"pignitewaggy","p2id":"septiley","formatid":"gen9doublesou","rating":1046,"private":0,"password":""}