{"id":"gen9doublesou-1995025573","p1":"wafflemunchingir","p2":"TY SM MY GUY","format":"[Gen 9] Doubles OU","log":"|j|\u2606wafflemunchingir\n|j|\u2606TY SM MY GUY\n|t:|1700514631\n|gametype|doubles\n|player|p1|wafflemunchingir|1|1320\n|player|p2|TY SM MY GUY|hoopster|1281\n|teamsize|p1|6\n|teamsize|p2|6\n|gen|9\n|tier|[Gen 9] Doubles OU\n|rated|\n|rule|Species Clause: Limit one of each Pok\u00e9mon\n|rule|OHKO Clause: OHKO moves are banned\n|rule|Evasion Moves Clause: Evasion moves are banned\n|rule|Gravity Sleep Clause: The combination of sleep-inducing moves with imperfect accuracy and Gravity or Gigantamax Orbeetle are banned\n|rule|Endless Battle Clause: Forcing endless battles is banned\n|rule|HP Percentage Mod: HP is shown in percentages\n|clearpoke\n|poke|p1|Golem-Alola, F|\n|poke|p1|Gliscor, M|\n|poke|p1|Chi-Yu|\n|poke|p1|Torterra, M|\n|poke|p1|Indeedee-F, F|\n|poke|p1|Milotic, F|\n|poke|p2|Kilowattrel, M|\n|poke|p2|Brambleghast, M|\n|poke|p2|Politoed, M|\n|poke|p2|Ting-Lu|\n|poke|p2|Hatterene, F|\n|poke|p2|Dragonite, M|\n|teampreview\n|\n|t:|1700514643\n|start\n|switch|p1a: Golem|Golem-Alola, F|100\/100\n|switch|p1b: Indeedee|Indeedee-F, F|100\/100\n|switch|p2a: Ting-Lu|Ting-Lu|100\/100\n|switch|p2b: Hatterene|Hatterene, F, shiny|100\/100\n|-fieldstart|move: Psychic Terrain|[from] ability: Psychic Surge|[of] p1b: Indeedee\n|-ability|p2a: Ting-Lu|Vessel of Ruin\n|turn|1\n|\n|t:|1700514668\n|switch|p1a: Torterra|Torterra, M|100\/100\n|move|p1b: Indeedee|Follow Me|p1b: Indeedee\n|-singleturn|p1b: Indeedee|move: Follow Me\n|move|p2a: Ting-Lu|Stealth Rock|p1a: Torterra\n|-sidestart|p1: wafflemunchingir|move: Stealth Rock\n|move|p2b: Hatterene|Nuzzle|p1b: Indeedee\n|-crit|p1b: Indeedee\n|-damage|p1b: Indeedee|94\/100\n|-status|p1b: Indeedee|par\n|\n|upkeep\n|turn|2\n|\n|t:|1700514685\n|move|p1b: Indeedee|Follow Me|p1b: Indeedee\n|-singleturn|p1b: Indeedee|move: Follow Me\n|move|p1a: Torterra|Shell Smash|p1a: Torterra\n|-unboost|p1a: Torterra|def|1\n|-unboost|p1a: Torterra|spd|1\n|-boost|p1a: Torterra|atk|2\n|-boost|p1a: Torterra|spa|2\n|-boost|p1a: Torterra|spe|2\n|move|p2b: Hatterene|Nuzzle|p1b: Indeedee\n|-damage|p1b: Indeedee|89\/100 par\n|move|p2a: Ting-Lu|Whirlwind|p1b: Indeedee\n|drag|p1b: Chi-Yu|Chi-Yu|100\/100\n|-damage|p1b: Chi-Yu|76\/100|[from] Stealth Rock\n|-ability|p1b: Chi-Yu|Beads of Ruin\n|\n|upkeep\n|turn|3\n|\n|t:|1700514712\n|move|p1a: Torterra|Bullet Seed|p2a: Ting-Lu\n|-supereffective|p2a: Ting-Lu\n|-damage|p2a: Ting-Lu|81\/100\n|-supereffective|p2a: Ting-Lu\n|-damage|p2a: Ting-Lu|61\/100\n|-supereffective|p2a: Ting-Lu\n|-damage|p2a: Ting-Lu|41\/100\n|-supereffective|p2a: Ting-Lu\n|-damage|p2a: Ting-Lu|20\/100\n|-hitcount|p2a: Ting-Lu|4\n|move|p1b: Chi-Yu|Dark Pulse|p2b: Hatterene\n|-damage|p2b: Hatterene|59\/100\n|cant|p2b: Hatterene|flinch\n|move|p2a: Ting-Lu|Whirlwind|p1a: Torterra\n|drag|p1a: Indeedee|Indeedee-F, F|89\/100 par\n|-damage|p1a: Indeedee|77\/100 par|[from] Stealth Rock\n|\n|-heal|p2a: Ting-Lu|26\/100|[from] item: Leftovers\n|upkeep\n|turn|4\n|\n|t:|1700514746\n|switch|p1b: Torterra|Torterra, M|100\/100\n|-damage|p1b: Torterra|94\/100|[from] Stealth Rock\n|move|p1a: Indeedee|Follow Me|p1a: Indeedee\n|-singleturn|p1a: Indeedee|move: Follow Me\n|move|p2a: Ting-Lu|Earthquake|p1b: Torterra|[spread] p2b,p1a,p1b\n|-resisted|p1b: Torterra\n|-damage|p2b: Hatterene|27\/100\n|-damage|p1a: Indeedee|48\/100 par\n|-damage|p1b: Torterra|80\/100\n|-enditem|p1a: Indeedee|Sitrus Berry|[eat]\n|-heal|p1a: Indeedee|73\/100 par|[from] item: Sitrus Berry\n|move|p2b: Hatterene|Draining Kiss|p1a: Indeedee\n|-damage|p1a: Indeedee|54\/100 par\n|-heal|p2b: Hatterene|42\/100|[from] drain|[of] p1a: Indeedee\n|\n|-heal|p2a: Ting-Lu|32\/100|[from] item: Leftovers\n|upkeep\n|turn|5\n|\n|t:|1700514771\n|move|p1a: Indeedee|Helping Hand|p1b: Torterra\n|-singleturn|p1b: Torterra|Helping Hand|[of] p1a: Indeedee\n|move|p1b: Torterra|Bullet Seed|p2a: Ting-Lu\n|-supereffective|p2a: Ting-Lu\n|-damage|p2a: Ting-Lu|18\/100\n|-supereffective|p2a: Ting-Lu\n|-damage|p2a: Ting-Lu|2\/100\n|-supereffective|p2a: Ting-Lu\n|-damage|p2a: Ting-Lu|0 fnt\n|faint|p2a: Ting-Lu\n|-hitcount|p2: Ting-Lu|3\n|move|p2b: Hatterene|Mystical Fire|p1b: Torterra\n|-supereffective|p1b: Torterra\n|-damage|p1b: Torterra|13\/100\n|-unboost|p1b: Torterra|spa|1\n|\n|-fieldend|move: Psychic Terrain\n|upkeep\n|\n|t:|1700514784\n|switch|p2a: Politoed|Politoed, M, shiny|100\/100\n|-weather|RainDance|[from] ability: Drizzle|[of] p2a: Politoed\n|turn|6\n|\n|t:|1700514795\n|cant|p1a: Indeedee|par\n|move|p1b: Torterra|Bullet Seed|p2a: Politoed\n|-supereffective|p2a: Politoed\n|-damage|p2a: Politoed|72\/100\n|-supereffective|p2a: Politoed\n|-damage|p2a: Politoed|42\/100\n|-supereffective|p2a: Politoed\n|-damage|p2a: Politoed|16\/100\n|-supereffective|p2a: Politoed\n|-damage|p2a: Politoed|0 fnt\n|faint|p2a: Politoed\n|-hitcount|p2: Politoed|4\n|move|p2b: Hatterene|Draining Kiss|p1a: Indeedee\n|-damage|p1a: Indeedee|32\/100 par\n|-heal|p2b: Hatterene|60\/100|[from] drain|[of] p1a: Indeedee\n|\n|-weather|RainDance|[upkeep]\n|upkeep\n|\n|t:|1700514799\n|switch|p2a: Kilowattrel|Kilowattrel, M, shiny|100\/100\n|turn|7\n|\n|t:|1700514827\n|move|p2a: Kilowattrel|Tailwind|p2a: Kilowattrel\n|-sidestart|p2: TY SM MY GUY|move: Tailwind\n|move|p1b: Torterra|Bullet Seed|p2b: Hatterene\n|-damage|p2b: Hatterene|45\/100\n|-damage|p2b: Hatterene|29\/100\n|-damage|p2b: Hatterene|14\/100\n|-damage|p2b: Hatterene|0 fnt\n|faint|p2b: Hatterene\n|-hitcount|p2: Hatterene|4\n|move|p1a: Indeedee|Heal Pulse|p1b: Torterra\n|-heal|p1b: Torterra|64\/100\n|\n|-weather|RainDance|[upkeep]\n|upkeep\n|\n|t:|1700514843\n|switch|p2b: Brambleghast|Brambleghast, M, shiny|100\/100\n|-ability|p2b: Brambleghast|Wind Rider|boost\n|-boost|p2b: Brambleghast|atk|1\n|turn|8\n|\n|t:|1700514861\n|move|p1a: Indeedee|Follow Me|p1a: Indeedee\n|-singleturn|p1a: Indeedee|move: Follow Me\n|move|p2a: Kilowattrel|Hurricane|p1a: Indeedee\n|-crit|p1a: Indeedee\n|-damage|p1a: Indeedee|0 fnt\n|faint|p1a: Indeedee\n|move|p2b: Brambleghast|Rapid Spin|p1b: Torterra\n|-damage|p1b: Torterra|30\/100\n|-boost|p2b: Brambleghast|spe|1\n|-damage|p2b: Brambleghast|91\/100|[from] item: Life Orb\n|move|p1b: Torterra|Bullet Seed|p2a: Kilowattrel\n|-resisted|p2a: Kilowattrel\n|-damage|p2a: Kilowattrel|89\/100\n|-resisted|p2a: Kilowattrel\n|-damage|p2a: Kilowattrel|77\/100\n|-resisted|p2a: Kilowattrel\n|-damage|p2a: Kilowattrel|66\/100\n|-resisted|p2a: Kilowattrel\n|-damage|p2a: Kilowattrel|54\/100\n|-hitcount|p2a: Kilowattrel|4\n|\n|-weather|RainDance|[upkeep]\n|upkeep\n|\n|t:|1700514923\n|switch|p1a: Milotic|Milotic, F|100\/100\n|-damage|p1a: Milotic|88\/100|[from] Stealth Rock\n|turn|9\n|\n|t:|1700514937\n|move|p1b: Torterra|Protect|p1b: Torterra\n|-singleturn|p1b: Torterra|Protect\n|move|p2b: Brambleghast|Seed Bomb|p1a: Milotic\n|-supereffective|p1a: Milotic\n|-damage|p1a: Milotic|0 fnt\n|faint|p1a: Milotic\n|-damage|p2b: Brambleghast|81\/100|[from] item: Life Orb\n|move|p2a: Kilowattrel|Hurricane|p1b: Torterra\n|-activate|p1b: Torterra|move: Protect\n|\n|-weather|RainDance|[upkeep]\n|upkeep\n|\n|t:|1700514957\n|switch|p1a: Golem|Golem-Alola, F|100\/100\n|-damage|p1a: Golem|88\/100|[from] Stealth Rock\n|turn|10\n|\n|t:|1700514971\n|move|p1a: Golem|Protect|p1a: Golem\n|-singleturn|p1a: Golem|Protect\n|move|p2b: Brambleghast|Seed Bomb|p1a: Golem\n|-activate|p1a: Golem|move: Protect\n|move|p2a: Kilowattrel|Hurricane|p1b: Torterra\n|-supereffective|p1b: Torterra\n|-damage|p1b: Torterra|0 fnt\n|faint|p1b: Torterra\n|\n|-weather|RainDance|[upkeep]\n|-sideend|p2: TY SM MY GUY|move: Tailwind\n|upkeep\n|\n|t:|1700514985\n|switch|p1b: Gliscor|Gliscor, M|100\/100\n|-damage|p1b: Gliscor|88\/100|[from] Stealth Rock\n|turn|11\n|\n|t:|1700515003\n|move|p1b: Gliscor|Protect|p1b: Gliscor\n|-singleturn|p1b: Gliscor|Protect\n|move|p2b: Brambleghast|Seed Bomb|p1a: Golem\n|-supereffective|p1a: Golem\n|-damage|p1a: Golem|0 fnt\n|faint|p1a: Golem\n|-damage|p2b: Brambleghast|71\/100|[from] item: Life Orb\n|move|p2a: Kilowattrel|Tailwind|p2a: Kilowattrel\n|-sidestart|p2: TY SM MY GUY|move: Tailwind\n|-ability|p2b: Brambleghast|Wind Rider|boost\n|-boost|p2b: Brambleghast|atk|1\n|\n|-weather|RainDance|[upkeep]\n|-status|p1b: Gliscor|tox|[from] item: Toxic Orb\n|upkeep\n|c|\u2606TY SM MY GUY|Wyd bro\n|\n|t:|1700515018\n|switch|p1a: Chi-Yu|Chi-Yu|76\/100\n|-damage|p1a: Chi-Yu|51\/100|[from] Stealth Rock\n|-ability|p1a: Chi-Yu|Beads of Ruin\n|turn|12\n|c|\u2606TY SM MY GUY|Gg\n|\n|t:|1700515045\n|-terastallize|p2a: Kilowattrel|Ice\n|move|p2b: Brambleghast|Pounce|p1a: Chi-Yu\n|-damage|p1a: Chi-Yu|0 fnt\n|faint|p1a: Chi-Yu\n|-damage|p2b: Brambleghast|61\/100|[from] item: Life Orb\n|move|p2a: Kilowattrel|Tera Blast|p1b: Gliscor|[anim] Tera Blast Ice\n|-supereffective|p1b: Gliscor\n|-damage|p1b: Gliscor|0 fnt\n|faint|p1b: Gliscor\n|\n|win|TY SM MY GUY\n|raw|wafflemunchingir's rating: 1320 &rarr; <strong>1298<\/strong><br \/>(-22 for losing)\n|raw|TY SM MY GUY's rating: 1281 &rarr; <strong>1309<\/strong><br \/>(+28 for winning)\n|l|\u2606wafflemunchingir\n","uploadtime":1700515061,"views":6,"p1id":"wafflemunchingir","p2id":"tysmmyguy","formatid":"gen9doublesou","rating":1298,"private":0,"password":""}