{"id":"gen9doublesou-1969607428","p1":"serfer123451","p2":"suryansh43","format":"[Gen 9] Doubles OU","log":"|j|\u2606serfer123451\n|j|\u2606suryansh43\n|t:|1697551466\n|gametype|doubles\n|player|p1|serfer123451|266|\n|player|p2|suryansh43|169|\n|teamsize|p1|6\n|teamsize|p2|6\n|gen|9\n|tier|[Gen 9] Doubles OU\n|rule|Species Clause: Limit one of each Pok\u00e9mon\n|rule|OHKO Clause: OHKO moves are banned\n|rule|Evasion Moves Clause: Evasion moves are banned\n|rule|Gravity Sleep Clause: The combination of sleep-inducing moves with imperfect accuracy and Gravity or Gigantamax Orbeetle are banned\n|rule|Endless Battle Clause: Forcing endless battles is banned\n|rule|HP Percentage Mod: HP is shown in percentages\n|clearpoke\n|poke|p1|Rillaboom, M|\n|poke|p1|Ogerpon-Hearthflame, F|\n|poke|p1|Chien-Pao|\n|poke|p1|Dragonite, M|\n|poke|p1|Flutter Mane|\n|poke|p1|Basculegion, M|\n|poke|p2|Rillaboom, F|\n|poke|p2|Ursaluna, M|\n|poke|p2|Cresselia, F|\n|poke|p2|Volcanion|\n|poke|p2|Flutter Mane|\n|poke|p2|Kleavor, M|\n|teampreview\n|\n|t:|1697551484\n|start\n|switch|p1a: Dragonite|Dragonite, M|100\/100\n|switch|p1b: Chien-Pao|Chien-Pao|100\/100\n|switch|p2a: Ursaluna|Ursaluna, M|100\/100\n|switch|p2b: Rillaboom|Rillaboom, F|100\/100\n|-ability|p1b: Chien-Pao|Sword of Ruin\n|-fieldstart|move: Grassy Terrain|[from] ability: Grassy Surge|[of] p2b: Rillaboom\n|turn|1\n|\n|t:|1697551507\n|-terastallize|p1a: Dragonite|Normal\n|move|p2b: Rillaboom|Fake Out|p1b: Chien-Pao\n|-damage|p1b: Chien-Pao|80\/100\n|cant|p1b: Chien-Pao|flinch\n|move|p1a: Dragonite|Aerial Ace|p2b: Rillaboom\n|-supereffective|p2b: Rillaboom\n|-damage|p2b: Rillaboom|0 fnt\n|faint|p2b: Rillaboom\n|move|p2a: Ursaluna|Facade|p1a: Dragonite\n|-damage|p1a: Dragonite|47\/100\n|\n|-heal|p1b: Chien-Pao|86\/100|[from] Grassy Terrain\n|-heal|p1a: Dragonite|53\/100|[from] Grassy Terrain\n|-status|p2a: Ursaluna|brn|[from] item: Flame Orb\n|upkeep\n|\n|t:|1697551517\n|switch|p2b: Cresselia|Cresselia, F|100\/100\n|turn|2\n|\n|t:|1697551548\n|switch|p1b: Rillaboom|Rillaboom, M|100\/100\n|switch|p1a: Basculegion|Basculegion, M|100\/100\n|move|p2b: Cresselia|Lunar Blessing|p2b: Cresselia|[spread] p2a,p2b\n|-curestatus|p2a: Ursaluna|brn|[msg]\n|move|p2a: Ursaluna|Headlong Rush|p1a: Basculegion\n|-damage|p1a: Basculegion|2\/100\n|-unboost|p2a: Ursaluna|def|1\n|-unboost|p2a: Ursaluna|spd|1\n|\n|-heal|p1a: Basculegion|8\/100|[from] Grassy Terrain\n|-status|p2a: Ursaluna|brn|[from] item: Flame Orb\n|upkeep\n|turn|3\n|\n|t:|1697551574\n|move|p1b: Rillaboom|Fake Out|p2b: Cresselia\n|-damage|p2b: Cresselia|91\/100\n|move|p1a: Basculegion|Wave Crash|p2b: Cresselia\n|-crit|p2b: Cresselia\n|-damage|p2b: Cresselia|18\/100\n|-damage|p1a: Basculegion|0 fnt|[from] Recoil\n|faint|p1a: Basculegion\n|cant|p2b: Cresselia|flinch\n|move|p2a: Ursaluna|Swords Dance|p2a: Ursaluna\n|-boost|p2a: Ursaluna|atk|2\n|\n|-damage|p2a: Ursaluna|94\/100 brn|[from] brn\n|upkeep\n|inactive|Battle timer is ON: inactive players will automatically lose when time's up. (requested by suryansh43)\n|\n|t:|1697551591\n|switch|p1a: Chien-Pao|Chien-Pao|86\/100\n|-ability|p1a: Chien-Pao|Sword of Ruin\n|turn|4\n|\n|t:|1697551608\n|move|p1b: Rillaboom|Grassy Glide|p2b: Cresselia\n|-damage|p2b: Cresselia|0 fnt\n|faint|p2b: Cresselia\n|move|p1a: Chien-Pao|Icicle Crash|p2a: Ursaluna\n|-supereffective|p2a: Ursaluna\n|-damage|p2a: Ursaluna|0 fnt\n|faint|p2a: Ursaluna\n|\n|-heal|p1a: Chien-Pao|92\/100|[from] Grassy Terrain\n|upkeep\n|\n|t:|1697551619\n|switch|p2b: Flutter Mane|Flutter Mane|100\/100\n|switch|p2a: Volcanion|Volcanion|100\/100\n|turn|5\n|\n|t:|1697551632\n|move|p1a: Chien-Pao|Sucker Punch||[still]\n|-fail|p1a: Chien-Pao\n|move|p2b: Flutter Mane|Perish Song|p2b: Flutter Mane\n|-start|p1a: Chien-Pao|perish3|[silent]\n|-start|p1b: Rillaboom|perish3|[silent]\n|-start|p2a: Volcanion|perish3|[silent]\n|-start|p2b: Flutter Mane|perish3|[silent]\n|-fieldactivate|move: Perish Song\n|move|p1b: Rillaboom|Wood Hammer|p2a: Volcanion\n|-damage|p2a: Volcanion|8\/100\n|-damage|p1b: Rillaboom|71\/100|[from] Recoil\n|move|p2a: Volcanion|Heat Wave|p1b: Rillaboom|[spread] p1b\n|-miss|p2a: Volcanion|p1a: Chien-Pao\n|-supereffective|p1b: Rillaboom\n|-damage|p1b: Rillaboom|11\/100\n|\n|-heal|p1a: Chien-Pao|98\/100|[from] Grassy Terrain\n|-heal|p1b: Rillaboom|17\/100|[from] Grassy Terrain\n|-heal|p2a: Volcanion|14\/100|[from] Grassy Terrain\n|-start|p1a: Chien-Pao|perish3\n|-start|p2b: Flutter Mane|perish3\n|-start|p1b: Rillaboom|perish3\n|-start|p2a: Volcanion|perish3\n|-fieldend|move: Grassy Terrain\n|upkeep\n|turn|6\n|inactive|serfer123451 has 270 seconds left.\n|inactive|suryansh43 has 270 seconds left.\n|\n|t:|1697551672\n|-end|p2b: Flutter Mane|Protosynthesis|[silent]\n|switch|p2b: Kleavor|Kleavor, M|100\/100\n|-terastallize|p2a: Volcanion|Grass\n|move|p1a: Chien-Pao|Sucker Punch|p2a: Volcanion\n|-damage|p2a: Volcanion|0 fnt\n|faint|p2a: Volcanion\n|move|p1b: Rillaboom|U-turn|p2b: Kleavor\n|-damage|p2b: Kleavor|61\/100\n|inactive|serfer123451 has 270 seconds left.\n|\n|t:|1697551699\n|switch|p1b: Flutter Mane|Flutter Mane|100\/100|[from] U-turn\n|\n|-start|p1a: Chien-Pao|perish2\n|upkeep\n|\n|t:|1697551703\n|switch|p2a: Flutter Mane|Flutter Mane|100\/100\n|turn|7\n|\n|t:|1697551724\n|switch|p1a: Rillaboom|Rillaboom, M|17\/100\n|-fieldstart|move: Grassy Terrain|[from] ability: Grassy Surge|[of] p1a: Rillaboom\n|move|p2b: Kleavor|X-Scissor|p1b: Flutter Mane\n|-resisted|p1b: Flutter Mane\n|-damage|p1b: Flutter Mane|71\/100\n|move|p1b: Flutter Mane|Shadow Ball|p2a: Flutter Mane\n|-supereffective|p2a: Flutter Mane\n|-damage|p2a: Flutter Mane|0 fnt\n|faint|p2a: Flutter Mane\n|-end|p2a: Flutter Mane|Protosynthesis|[silent]\n|\n|-heal|p2b: Kleavor|67\/100|[from] Grassy Terrain\n|-heal|p1b: Flutter Mane|77\/100|[from] Grassy Terrain\n|-heal|p1a: Rillaboom|23\/100|[from] Grassy Terrain\n|upkeep\n|turn|8\n|\n|t:|1697551739\n|move|p1a: Rillaboom|Fake Out|p2b: Kleavor\n|-resisted|p2b: Kleavor\n|-damage|p2b: Kleavor|58\/100\n|cant|p2b: Kleavor|flinch\n|move|p1b: Flutter Mane|Shadow Ball|p2b: Kleavor\n|-damage|p2b: Kleavor|0 fnt\n|faint|p2b: Kleavor\n|\n|win|serfer123451\n|l|\u2606suryansh43\n|c|\u2606serfer123451|ggs\n","uploadtime":1697551757,"views":23,"p1id":"serfer123451","p2id":"suryansh43","formatid":"gen9doublesou","rating":0,"private":0,"password":""}