{"id":"gen9doublesou-1993435466","p1":"maffetikplays","p2":"MrManzanilla","format":"[Gen 9] Doubles OU","log":"|j|\u2606maffetikplays\n|j|\u2606MrManzanilla\n|t:|1700317569\n|gametype|doubles\n|player|p1|maffetikplays|roxie|1091\n|player|p2|MrManzanilla|lucas|1097\n|teamsize|p1|6\n|teamsize|p2|6\n|gen|9\n|tier|[Gen 9] Doubles OU\n|rated|\n|rule|Species Clause: Limit one of each Pok\u00e9mon\n|rule|OHKO Clause: OHKO moves are banned\n|rule|Evasion Moves Clause: Evasion moves are banned\n|rule|Gravity Sleep Clause: The combination of sleep-inducing moves with imperfect accuracy and Gravity or Gigantamax Orbeetle are banned\n|rule|Endless Battle Clause: Forcing endless battles is banned\n|rule|HP Percentage Mod: HP is shown in percentages\n|clearpoke\n|poke|p1|Armarouge, M|\n|poke|p1|Indeedee-F, F|\n|poke|p1|Dachsbun, M|\n|poke|p1|Ninetales-Alola, F|\n|poke|p1|Landorus-Therian, M|\n|poke|p1|Ogerpon-Wellspring, F|\n|poke|p2|Gallade, M|\n|poke|p2|Magnezone|\n|poke|p2|Garchomp, F|\n|poke|p2|Amoonguss, F|\n|poke|p2|Talonflame, F|\n|poke|p2|Azumarill, F|\n|teampreview\n|inactive|Battle timer is ON: inactive players will automatically lose when time's up. (requested by maffetikplays)\n|\n|t:|1700317575\n|start\n|switch|p1a: Armarouge|Armarouge, M|100\/100\n|switch|p1b: Indeedee|Indeedee-F, F|100\/100\n|switch|p2a: Garchomp|Garchomp, F|100\/100\n|switch|p2b: Azumarill|Azumarill, F|100\/100\n|-fieldstart|move: Psychic Terrain|[from] ability: Psychic Surge|[of] p1b: Indeedee\n|turn|1\n|\n|t:|1700317587\n|move|p1b: Indeedee|Follow Me|p1b: Indeedee\n|-singleturn|p1b: Indeedee|move: Follow Me\n|move|p2a: Garchomp|Stealth Rock|p1b: Indeedee\n|-sidestart|p1: maffetikplays|move: Stealth Rock\n|move|p2b: Azumarill|Liquidation|p1b: Indeedee\n|-damage|p1b: Indeedee|77\/100\n|move|p1a: Armarouge|Trick Room|p1a: Armarouge\n|-fieldstart|move: Trick Room|[of] p1a: Armarouge\n|\n|upkeep\n|turn|2\n|\n|t:|1700317604\n|switch|p1b: Dachsbun|Dachsbun, M|100\/100\n|-damage|p1b: Dachsbun|88\/100|[from] Stealth Rock\n|-terastallize|p1a: Armarouge|Grass\n|move|p2b: Azumarill|Protect|p2b: Azumarill\n|-singleturn|p2b: Azumarill|Protect\n|move|p1a: Armarouge|Lava Plume|p2b: Azumarill|[spread] p2a\n|-activate|p2b: Azumarill|move: Protect\n|-ability|p1b: Dachsbun|Well-Baked Body|boost\n|-boost|p1b: Dachsbun|def|2\n|-resisted|p2a: Garchomp\n|-damage|p2a: Garchomp|81\/100\n|-status|p2a: Garchomp|brn\n|-damage|p1a: Armarouge|91\/100|[from] item: Life Orb\n|move|p2a: Garchomp|Dragon Tail|p1a: Armarouge\n|-damage|p1a: Armarouge|78\/100\n|drag|p1a: Ogerpon|Ogerpon-Wellspring, F|100\/100\n|-damage|p1a: Ogerpon|88\/100|[from] Stealth Rock\n|\n|-heal|p1b: Dachsbun|94\/100|[from] item: Leftovers\n|-damage|p2a: Garchomp|75\/100 brn|[from] brn\n|upkeep\n|turn|3\n|\n|t:|1700317630\n|move|p1a: Ogerpon|Spiky Shield|p1a: Ogerpon\n|-singleturn|p1a: Ogerpon|move: Protect\n|move|p2b: Azumarill|Liquidation|p1b: Dachsbun\n|-damage|p1b: Dachsbun|87\/100\n|-unboost|p1b: Dachsbun|def|1\n|move|p1b: Dachsbun|Body Press|p2b: Azumarill\n|-resisted|p2b: Azumarill\n|-damage|p2b: Azumarill|77\/100\n|move|p2a: Garchomp|Dragon Tail|p1a: Ogerpon\n|-activate|p1a: Ogerpon|move: Protect\n|-damage|p2a: Garchomp|63\/100 brn|[from] Spiky Shield|[of] p1a: Ogerpon\n|\n|-heal|p1b: Dachsbun|93\/100|[from] item: Leftovers\n|-damage|p2a: Garchomp|57\/100 brn|[from] brn\n|upkeep\n|turn|4\n|\n|t:|1700317650\n|switch|p1a: Landorus|Landorus-Therian, M|100\/100\n|-damage|p1a: Landorus|88\/100|[from] Stealth Rock\n|-ability|p1a: Landorus|Intimidate|boost\n|-unboost|p2a: Garchomp|atk|1\n|-unboost|p2b: Azumarill|atk|1\n|move|p1b: Dachsbun|Protect|p1b: Dachsbun\n|-singleturn|p1b: Dachsbun|Protect\n|move|p2b: Azumarill|Liquidation|p1b: Dachsbun\n|-activate|p1b: Dachsbun|move: Protect\n|move|p2a: Garchomp|Dragon Tail|p1a: Landorus\n|-damage|p1a: Landorus|79\/100\n|drag|p1a: Armarouge|Armarouge, M, tera:Grass|78\/100\n|-damage|p1a: Armarouge|66\/100|[from] Stealth Rock\n|\n|-heal|p1b: Dachsbun|99\/100|[from] item: Leftovers\n|-damage|p2a: Garchomp|51\/100 brn|[from] brn\n|upkeep\n|turn|5\n|\n|t:|1700317668\n|move|p1a: Armarouge|Lava Plume|p2a: Garchomp|[spread] p2a,p2b\n|-ability|p1b: Dachsbun|Well-Baked Body|boost\n|-boost|p1b: Dachsbun|def|2\n|-resisted|p2a: Garchomp\n|-resisted|p2b: Azumarill\n|-damage|p2a: Garchomp|29\/100 brn\n|-damage|p2b: Azumarill|54\/100\n|-damage|p1a: Armarouge|56\/100|[from] item: Life Orb\n|move|p2b: Azumarill|Liquidation|p1b: Dachsbun\n|-damage|p1b: Dachsbun|94\/100\n|-unboost|p1b: Dachsbun|def|1\n|move|p1b: Dachsbun|Body Press|p2b: Azumarill\n|-resisted|p2b: Azumarill\n|-damage|p2b: Azumarill|25\/100\n|move|p2a: Garchomp|Dragon Tail|p1a: Armarouge\n|-damage|p1a: Armarouge|48\/100\n|drag|p1a: Ninetales|Ninetales-Alola, F|100\/100\n|-damage|p1a: Ninetales|76\/100|[from] Stealth Rock\n|-weather|Snow|[from] ability: Snow Warning|[of] p1a: Ninetales\n|\n|-weather|Snow|[upkeep]\n|-heal|p1b: Dachsbun|99\/100|[from] item: Leftovers\n|-damage|p2a: Garchomp|23\/100 brn|[from] brn\n|-fieldend|move: Trick Room\n|-fieldend|move: Psychic Terrain\n|upkeep\n|turn|6\n|\n|t:|1700317690\n|move|p1b: Dachsbun|Protect|p1b: Dachsbun\n|-singleturn|p1b: Dachsbun|Protect\n|move|p1a: Ninetales|Blizzard|p2a: Garchomp|[spread] p2a,p2b\n|-supereffective|p2a: Garchomp\n|-resisted|p2b: Azumarill\n|-damage|p2a: Garchomp|0 fnt\n|-damage|p2b: Azumarill|12\/100\n|faint|p2a: Garchomp\n|move|p2b: Azumarill|Liquidation|p1a: Ninetales\n|-damage|p1a: Ninetales|64\/100\n|\n|-weather|Snow|[upkeep]\n|-heal|p1b: Dachsbun|100\/100|[from] item: Leftovers\n|upkeep\n|\n|t:|1700317697\n|switch|p2a: Magnezone|Magnezone|100\/100\n|turn|7\n|\n|t:|1700317708\n|move|p2b: Azumarill|Protect|p2b: Azumarill\n|-singleturn|p2b: Azumarill|Protect\n|move|p1a: Ninetales|Aurora Veil|p1a: Ninetales\n|-sidestart|p1: maffetikplays|move: Aurora Veil\n|move|p2a: Magnezone|Thunder Wave|p1b: Dachsbun|[miss]\n|-miss|p2a: Magnezone|p1b: Dachsbun\n|move|p1b: Dachsbun|Body Press|p2a: Magnezone\n|-supereffective|p2a: Magnezone\n|-damage|p2a: Magnezone|0 fnt\n|faint|p2a: Magnezone\n|\n|-weather|Snow|[upkeep]\n|upkeep\n|\n|t:|1700317717\n|switch|p2a: Amoonguss|Amoonguss, F|100\/100\n|turn|8\n|\n|t:|1700317723\n|switch|p1a: Indeedee|Indeedee-F, F|77\/100\n|-damage|p1a: Indeedee|65\/100|[from] Stealth Rock\n|-fieldstart|move: Psychic Terrain|[from] ability: Psychic Surge|[of] p1a: Indeedee\n|move|p1b: Dachsbun|Protect|p1b: Dachsbun\n|-singleturn|p1b: Dachsbun|Protect\n|move|p2b: Azumarill|Liquidation|p1a: Indeedee\n|-damage|p1a: Indeedee|54\/100\n|-unboost|p1a: Indeedee|def|1\n|move|p2a: Amoonguss|Pollen Puff|p2b: Azumarill\n|-heal|p2b: Azumarill|62\/100\n|\n|-weather|Snow|[upkeep]\n|upkeep\n|turn|9\n|\n|t:|1700317753\n|move|p1b: Dachsbun|Body Press|p2b: Azumarill\n|-resisted|p2b: Azumarill\n|-damage|p2b: Azumarill|34\/100\n|move|p2b: Azumarill|Liquidation|p1a: Indeedee\n|-damage|p1a: Indeedee|38\/100\n|move|p2a: Amoonguss|Pollen Puff|p2b: Azumarill\n|-heal|p2b: Azumarill|83\/100\n|move|p1a: Indeedee|Trick Room|p1a: Indeedee\n|-fieldstart|move: Trick Room|[of] p1a: Indeedee\n|\n|-weather|none\n|upkeep\n|turn|10\n|\n|t:|1700317775\n|switch|p1a: Armarouge|Armarouge, M, tera:Grass|48\/100\n|-damage|p1a: Armarouge|36\/100|[from] Stealth Rock\n|move|p1b: Dachsbun|Protect|p1b: Dachsbun\n|-singleturn|p1b: Dachsbun|Protect\n|move|p2a: Amoonguss|Grass Knot|p2b: Azumarill\n|-ability|p2b: Azumarill|Sap Sipper|boost\n|-boost|p2b: Azumarill|atk|1\n|move|p2b: Azumarill|Liquidation|p1b: Dachsbun\n|-activate|p1b: Dachsbun|move: Protect\n|\n|upkeep\n|turn|11\n|\n|t:|1700317790\n|move|p2a: Amoonguss|Protect|p2a: Amoonguss\n|-singleturn|p2a: Amoonguss|Protect\n|move|p2b: Azumarill|Protect|p2b: Azumarill\n|-singleturn|p2b: Azumarill|Protect\n|move|p1a: Armarouge|Lava Plume|p2b: Azumarill|[spread] \n|-activate|p2a: Amoonguss|move: Protect\n|-activate|p2b: Azumarill|move: Protect\n|-ability|p1b: Dachsbun|Well-Baked Body|boost\n|-boost|p1b: Dachsbun|def|2\n|move|p1b: Dachsbun|Body Press|p2b: Azumarill\n|-activate|p2b: Azumarill|move: Protect\n|\n|upkeep\n|turn|12\n|\n|t:|1700317807\n|move|p2a: Amoonguss|Clear Smog|p1b: Dachsbun\n|-supereffective|p1b: Dachsbun\n|-damage|p1b: Dachsbun|64\/100\n|-clearboost|p1b: Dachsbun\n|move|p1a: Armarouge|Lava Plume|p2b: Azumarill|[spread] p2a,p2b\n|-ability|p1b: Dachsbun|Well-Baked Body|boost\n|-boost|p1b: Dachsbun|def|2\n|-supereffective|p2a: Amoonguss\n|-resisted|p2b: Azumarill\n|-damage|p2a: Amoonguss|16\/100\n|-damage|p2b: Azumarill|62\/100\n|-damage|p1a: Armarouge|26\/100|[from] item: Life Orb\n|move|p2b: Azumarill|Liquidation|p1a: Armarouge\n|-resisted|p1a: Armarouge\n|-damage|p1a: Armarouge|19\/100\n|move|p1b: Dachsbun|Body Press|p2b: Azumarill\n|-resisted|p2b: Azumarill\n|-damage|p2b: Azumarill|32\/100\n|\n|-heal|p2a: Amoonguss|22\/100|[from] item: Black Sludge\n|-heal|p1b: Dachsbun|70\/100|[from] item: Leftovers\n|-fieldend|move: Psychic Terrain\n|upkeep\n|turn|13\n|\n|t:|1700317838\n|move|p2b: Azumarill|Protect|p2b: Azumarill\n|-singleturn|p2b: Azumarill|Protect\n|move|p1b: Dachsbun|Protect|p1b: Dachsbun\n|-singleturn|p1b: Dachsbun|Protect\n|move|p2a: Amoonguss|Clear Smog|p1b: Dachsbun\n|-activate|p1b: Dachsbun|move: Protect\n|move|p1a: Armarouge|Expanding Force|p2b: Azumarill\n|-activate|p2b: Azumarill|move: Protect\n|\n|-heal|p2a: Amoonguss|29\/100|[from] item: Black Sludge\n|-heal|p1b: Dachsbun|76\/100|[from] item: Leftovers\n|-fieldend|move: Trick Room\n|upkeep\n|turn|14\n|\n|t:|1700317859\n|switch|p1a: Indeedee|Indeedee-F, F|38\/100\n|-damage|p1a: Indeedee|26\/100|[from] Stealth Rock\n|-fieldstart|move: Psychic Terrain|[from] ability: Psychic Surge|[of] p1a: Indeedee\n|move|p2a: Amoonguss|Protect|p2a: Amoonguss\n|-singleturn|p2a: Amoonguss|Protect\n|move|p1b: Dachsbun|Body Press|p2a: Amoonguss\n|-activate|p2a: Amoonguss|move: Protect\n|move|p2b: Azumarill|Liquidation|p1a: Indeedee\n|-damage|p1a: Indeedee|10\/100\n|\n|-heal|p1b: Dachsbun|82\/100|[from] item: Leftovers\n|-heal|p2a: Amoonguss|35\/100|[from] item: Black Sludge\n|-sideend|p1: maffetikplays|move: Aurora Veil\n|upkeep\n|turn|15\n|\n|t:|1700317875\n|move|p1b: Dachsbun|Body Press|p2a: Amoonguss\n|-resisted|p2a: Amoonguss\n|-damage|p2a: Amoonguss|5\/100\n|move|p2b: Azumarill|Liquidation|p1a: Indeedee\n|-damage|p1a: Indeedee|0 fnt\n|faint|p1a: Indeedee\n|move|p2a: Amoonguss|Pollen Puff|p2b: Azumarill\n|-heal|p2b: Azumarill|82\/100\n|\n|-heal|p1b: Dachsbun|88\/100|[from] item: Leftovers\n|-heal|p2a: Amoonguss|11\/100|[from] item: Black Sludge\n|upkeep\n|\n|t:|1700317888\n|switch|p1a: Armarouge|Armarouge, M, tera:Grass|19\/100\n|-damage|p1a: Armarouge|7\/100|[from] Stealth Rock\n|turn|16\n|\n|t:|1700317897\n|move|p1b: Dachsbun|Protect|p1b: Dachsbun\n|-singleturn|p1b: Dachsbun|Protect\n|move|p2a: Amoonguss|Protect|p2a: Amoonguss\n|-singleturn|p2a: Amoonguss|Protect\n|move|p2b: Azumarill|Liquidation|p1a: Armarouge\n|-resisted|p1a: Armarouge\n|-damage|p1a: Armarouge|0 fnt\n|faint|p1a: Armarouge\n|\n|-heal|p1b: Dachsbun|94\/100|[from] item: Leftovers\n|-heal|p2a: Amoonguss|17\/100|[from] item: Black Sludge\n|upkeep\n|\n|t:|1700317908\n|switch|p1a: Ninetales|Ninetales-Alola, F|64\/100\n|-damage|p1a: Ninetales|40\/100|[from] Stealth Rock\n|-weather|Snow|[from] ability: Snow Warning|[of] p1a: Ninetales\n|turn|17\n|\n|t:|1700317920\n|switch|p2a: Talonflame|Talonflame, F|100\/100\n|move|p2b: Azumarill|Protect|p2b: Azumarill\n|-singleturn|p2b: Azumarill|Protect\n|move|p1a: Ninetales|Aurora Veil|p1a: Ninetales\n|-sidestart|p1: maffetikplays|move: Aurora Veil\n|move|p1b: Dachsbun|Body Press|p2a: Talonflame\n|-resisted|p2a: Talonflame\n|-damage|p2a: Talonflame|66\/100\n|\n|-weather|Snow|[upkeep]\n|-heal|p1b: Dachsbun|99\/100|[from] item: Leftovers\n|upkeep\n|turn|18\n|\n|t:|1700317934\n|move|p1a: Ninetales|Protect|p1a: Ninetales\n|-singleturn|p1a: Ninetales|Protect\n|move|p2a: Talonflame|Steel Wing|p1a: Ninetales\n|-activate|p1a: Ninetales|move: Protect\n|move|p1b: Dachsbun|Body Press|p2b: Azumarill\n|-resisted|p2b: Azumarill\n|-damage|p2b: Azumarill|52\/100\n|move|p2b: Azumarill|Liquidation|p1b: Dachsbun\n|-damage|p1b: Dachsbun|94\/100\n|\n|-weather|Snow|[upkeep]\n|-heal|p1b: Dachsbun|99\/100|[from] item: Leftovers\n|-fieldend|move: Psychic Terrain\n|upkeep\n|turn|19\n|\n|t:|1700317950\n|move|p1b: Dachsbun|Protect|p1b: Dachsbun\n|-singleturn|p1b: Dachsbun|Protect\n|move|p2b: Azumarill|Aqua Jet|p1a: Ninetales\n|-damage|p1a: Ninetales|34\/100\n|move|p1a: Ninetales|Blizzard|p2a: Talonflame|[spread] p2a,p2b\n|-resisted|p2b: Azumarill\n|-damage|p2a: Talonflame|34\/100\n|-damage|p2b: Azumarill|40\/100\n|move|p2a: Talonflame|Steel Wing|p1a: Ninetales\n|-supereffective|p1a: Ninetales\n|-damage|p1a: Ninetales|0 fnt\n|faint|p1a: Ninetales\n|\n|-weather|Snow|[upkeep]\n|-heal|p1b: Dachsbun|100\/100|[from] item: Leftovers\n|upkeep\n|\n|t:|1700317963\n|switch|p1a: Ogerpon|Ogerpon-Wellspring, F|88\/100\n|-damage|p1a: Ogerpon|76\/100|[from] Stealth Rock\n|turn|20\n|\n|t:|1700317974\n|switch|p2a: Amoonguss|Amoonguss, F|50\/100\n|move|p1a: Ogerpon|Spiky Shield|p1a: Ogerpon\n|-singleturn|p1a: Ogerpon|move: Protect\n|move|p2b: Azumarill|Protect|p2b: Azumarill\n|-singleturn|p2b: Azumarill|Protect\n|move|p1b: Dachsbun|Body Press|p2a: Amoonguss\n|-resisted|p2a: Amoonguss\n|-damage|p2a: Amoonguss|23\/100\n|\n|-weather|Snow|[upkeep]\n|-heal|p2a: Amoonguss|30\/100|[from] item: Black Sludge\n|upkeep\n|turn|21\n|\n|t:|1700318003\n|switch|p2b: Talonflame|Talonflame, F|34\/100\n|move|p2a: Amoonguss|Protect|p2a: Amoonguss\n|-singleturn|p2a: Amoonguss|Protect\n|move|p1a: Ogerpon|Swords Dance|p1a: Ogerpon\n|-boost|p1a: Ogerpon|atk|2\n|move|p1b: Dachsbun|Body Press|p2a: Amoonguss\n|-activate|p2a: Amoonguss|move: Protect\n|\n|-weather|none\n|-heal|p2a: Amoonguss|36\/100|[from] item: Black Sludge\n|upkeep\n|turn|22\n|\n|t:|1700318023\n|switch|p2a: Azumarill|Azumarill, F|40\/100\n|move|p2b: Talonflame|Roost|p2b: Talonflame\n|-heal|p2b: Talonflame|84\/100\n|-singleturn|p2b: Talonflame|move: Roost\n|move|p1a: Ogerpon|Ivy Cudgel|p2b: Talonflame|[anim] Ivy Cudgel Water\n|-supereffective|p2b: Talonflame\n|-crit|p2b: Talonflame\n|-damage|p2b: Talonflame|0 fnt\n|faint|p2b: Talonflame\n|move|p1b: Dachsbun|Body Press|p2a: Azumarill\n|-resisted|p2a: Azumarill\n|-damage|p2a: Azumarill|12\/100\n|\n|upkeep\n|\n|t:|1700318034\n|switch|p2b: Amoonguss|Amoonguss, F|69\/100\n|turn|23\n|\n|t:|1700318048\n|move|p1a: Ogerpon|Spiky Shield|p1a: Ogerpon\n|-singleturn|p1a: Ogerpon|move: Protect\n|move|p1b: Dachsbun|Protect|p1b: Dachsbun\n|-singleturn|p1b: Dachsbun|Protect\n|move|p2a: Azumarill|Liquidation|p1b: Dachsbun\n|-activate|p1b: Dachsbun|move: Protect\n|move|p2b: Amoonguss|Pollen Puff|p2a: Azumarill\n|-heal|p2a: Azumarill|61\/100\n|\n|-heal|p2b: Amoonguss|75\/100|[from] item: Black Sludge\n|upkeep\n|turn|24\n|\n|t:|1700318067\n|move|p2a: Azumarill|Protect|p2a: Azumarill\n|-singleturn|p2a: Azumarill|Protect\n|move|p1a: Ogerpon|Ivy Cudgel|p2a: Azumarill|[anim] Ivy Cudgel Water\n|-activate|p2a: Azumarill|move: Protect\n|move|p1b: Dachsbun|Body Press|p2b: Amoonguss\n|-resisted|p2b: Amoonguss\n|-damage|p2b: Amoonguss|49\/100\n|move|p2b: Amoonguss|Clear Smog|p1a: Ogerpon\n|-supereffective|p1a: Ogerpon\n|-damage|p1a: Ogerpon|47\/100\n|-clearboost|p1a: Ogerpon\n|\n|-heal|p2b: Amoonguss|55\/100|[from] item: Black Sludge\n|-sideend|p1: maffetikplays|move: Aurora Veil\n|upkeep\n|turn|25\n|\n|t:|1700318084\n|move|p1a: Ogerpon|Spiky Shield|p1a: Ogerpon\n|-singleturn|p1a: Ogerpon|move: Protect\n|move|p1b: Dachsbun|Protect|p1b: Dachsbun\n|-singleturn|p1b: Dachsbun|Protect\n|move|p2b: Amoonguss|Protect|p2b: Amoonguss\n|-singleturn|p2b: Amoonguss|Protect\n|move|p2a: Azumarill|Bulldoze|p1a: Ogerpon|[spread] \n|-activate|p2b: Amoonguss|move: Protect\n|-activate|p1a: Ogerpon|move: Protect\n|-activate|p1b: Dachsbun|move: Protect\n|\n|-heal|p2b: Amoonguss|61\/100|[from] item: Black Sludge\n|upkeep\n|turn|26\n|\n|t:|1700318106\n|move|p1a: Ogerpon|Ivy Cudgel|p2a: Azumarill|[anim] Ivy Cudgel Water\n|-resisted|p2a: Azumarill\n|-damage|p2a: Azumarill|30\/100\n|move|p1b: Dachsbun|Body Press|p2b: Amoonguss\n|-resisted|p2b: Amoonguss\n|-damage|p2b: Amoonguss|33\/100\n|move|p2a: Azumarill|Liquidation|p1b: Dachsbun\n|-damage|p1b: Dachsbun|93\/100\n|-unboost|p1b: Dachsbun|def|1\n|move|p2b: Amoonguss|Clear Smog|p1b: Dachsbun\n|-supereffective|p1b: Dachsbun\n|-damage|p1b: Dachsbun|34\/100\n|-clearboost|p1b: Dachsbun\n|\n|-heal|p1b: Dachsbun|40\/100|[from] item: Leftovers\n|-heal|p2b: Amoonguss|39\/100|[from] item: Black Sludge\n|upkeep\n|turn|27\n|\n|t:|1700318124\n|move|p2a: Azumarill|Aqua Jet|p1b: Dachsbun\n|-damage|p1b: Dachsbun|33\/100\n|move|p1a: Ogerpon|Horn Leech|p2b: Amoonguss\n|-resisted|p2b: Amoonguss\n|-damage|p2b: Amoonguss|27\/100\n|-heal|p1a: Ogerpon|54\/100|[from] drain|[of] p2b: Amoonguss\n|move|p1b: Dachsbun|Body Press|p2a: Azumarill\n|-resisted|p2a: Azumarill\n|-damage|p2a: Azumarill|14\/100\n|move|p2b: Amoonguss|Pollen Puff|p2a: Azumarill\n|-heal|p2a: Azumarill|64\/100\n|\n|-heal|p1b: Dachsbun|39\/100|[from] item: Leftovers\n|-heal|p2b: Amoonguss|33\/100|[from] item: Black Sludge\n|upkeep\n|turn|28\n|-message|maffetikplays forfeited.\n|\n|win|MrManzanilla\n|raw|maffetikplays's rating: 1091 &rarr; <strong>1068<\/strong><br \/>(-23 for losing)\n|raw|MrManzanilla's rating: 1097 &rarr; <strong>1122<\/strong><br \/>(+25 for winning)\n|l|\u2606maffetikplays\n","uploadtime":1700318144,"views":7,"p1id":"maffetikplays","p2id":"mrmanzanilla","formatid":"gen9doublesou","rating":1068,"private":0,"password":""}