{"id":"gen9doublesou-1976303300","p1":"EirOrIre","p2":"Kongojongo","format":"[Gen 9] Doubles OU","log":"|j|\u2606EirOrIre\n|j|\u2606Kongojongo\n|t:|1698284282\n|gametype|doubles\n|player|p1|EirOrIre|iris-gen5bw2|1023\n|player|p2|Kongojongo|harlequin|1142\n|teamsize|p1|6\n|teamsize|p2|6\n|gen|9\n|tier|[Gen 9] Doubles OU\n|rated|\n|rule|Species Clause: Limit one of each Pok\u00e9mon\n|rule|OHKO Clause: OHKO moves are banned\n|rule|Evasion Moves Clause: Evasion moves are banned\n|rule|Gravity Sleep Clause: The combination of sleep-inducing moves with imperfect accuracy and Gravity or Gigantamax Orbeetle are banned\n|rule|Endless Battle Clause: Forcing endless battles is banned\n|rule|HP Percentage Mod: HP is shown in percentages\n|clearpoke\n|poke|p1|Dragonite, M|\n|poke|p1|Amoonguss, F|\n|poke|p1|Kingambit, F|\n|poke|p1|Ogerpon-Wellspring, F|\n|poke|p1|Ninetales-Alola, M|\n|poke|p1|Ursaluna-Bloodmoon, M|\n|poke|p2|Ogerpon-Hearthflame, F|\n|poke|p2|Ursaluna-Bloodmoon, M|\n|poke|p2|Cramorant, M|\n|poke|p2|Gastrodon-East, M|\n|poke|p2|Iron Hands|\n|poke|p2|Toxapex, F|\n|teampreview\n|\n|t:|1698284317\n|start\n|switch|p1a: Ogerpon|Ogerpon-Wellspring, F|100\/100\n|switch|p1b: Ninetales|Ninetales-Alola, M|100\/100\n|switch|p2a: >:(|Ogerpon-Hearthflame, F|100\/100\n|switch|p2b: Slappems|Iron Hands|100\/100\n|-weather|Snow|[from] ability: Snow Warning|[of] p1b: Ninetales\n|-ability|p2a: >:(|Mold Breaker\n|-enditem|p2b: Slappems|Booster Energy\n|-activate|p2b: Slappems|ability: Quark Drive|[fromitem]\n|-start|p2b: Slappems|quarkdriveatk\n|turn|1\n|\n|t:|1698284352\n|move|p2b: Slappems|Fake Out|p1a: Ogerpon\n|-damage|p1a: Ogerpon|78\/100\n|cant|p1a: Ogerpon|flinch\n|move|p1b: Ninetales|Aurora Veil|p1b: Ninetales\n|-sidestart|p1: EirOrIre|move: Aurora Veil\n|move|p2a: >:(|Ivy Cudgel|p1b: Ninetales\n|-supereffective|p1b: Ninetales\n|-damage|p1b: Ninetales|42\/100\n|\n|-weather|Snow|[upkeep]\n|-heal|p1b: Ninetales|48\/100|[from] item: Leftovers\n|upkeep\n|turn|2\n|\n|t:|1698284374\n|switch|p1b: Ursaluna|Ursaluna-Bloodmoon, M|100\/100\n|switch|p2a: Blumby|Gastrodon-East, M|100\/100\n|move|p1a: Ogerpon|Ivy Cudgel|p2a: Blumby\n|-ability|p2a: Blumby|Storm Drain|boost\n|-boost|p2a: Blumby|spa|1\n|move|p2b: Slappems|Wild Charge|p1a: Ogerpon\n|-damage|p1a: Ogerpon|29\/100\n|-damage|p2b: Slappems|90\/100|[from] Recoil\n|\n|-weather|Snow|[upkeep]\n|upkeep\n|turn|3\n|\n|t:|1698284407\n|move|p1a: Ogerpon|Giga Drain|p2a: Blumby\n|-supereffective|p2a: Blumby\n|-damage|p2a: Blumby|33\/100\n|-heal|p1a: Ogerpon|63\/100|[from] drain|[of] p2a: Blumby\n|move|p2b: Slappems|Wild Charge|p1a: Ogerpon\n|-damage|p1a: Ogerpon|16\/100\n|-damage|p2b: Slappems|81\/100|[from] Recoil\n|move|p2a: Blumby|Chilling Water|p1b: Ursaluna\n|-supereffective|p1b: Ursaluna\n|-damage|p1b: Ursaluna|74\/100\n|-unboost|p1b: Ursaluna|atk|1\n|move|p1b: Ursaluna|Blood Moon|p2b: Slappems\n|-damage|p2b: Slappems|29\/100\n|\n|-weather|Snow|[upkeep]\n|-heal|p2a: Blumby|39\/100|[from] item: Leftovers\n|upkeep\n|turn|4\n|\n|t:|1698284432\n|switch|p2a: >:(|Ogerpon-Hearthflame, F|100\/100\n|-ability|p2a: >:(|Mold Breaker\n|move|p1a: Ogerpon|Giga Drain|p2a: >:(\n|-resisted|p2a: >:(\n|-damage|p2a: >:(|95\/100\n|-heal|p1a: Ogerpon|19\/100|[from] drain|[of] p2a: >:(\n|move|p2b: Slappems|Drain Punch|p1b: Ursaluna\n|-supereffective|p1b: Ursaluna\n|-damage|p1b: Ursaluna|27\/100\n|-heal|p2b: Slappems|52\/100|[from] drain|[of] p1b: Ursaluna\n|move|p1b: Ursaluna|Brick Break|p2b: Slappems\n|-damage|p2b: Slappems|44\/100\n|\n|-weather|Snow|[upkeep]\n|upkeep\n|turn|5\n|\n|t:|1698284488\n|switch|p2a: Red Velvet|Toxapex, F, shiny|100\/100\n|switch|p1b: Dragonite|Dragonite, M|100\/100\n|move|p1a: Ogerpon|Spiky Shield|p1a: Ogerpon\n|-singleturn|p1a: Ogerpon|move: Protect\n|move|p2b: Slappems|Drain Punch|p1b: Dragonite\n|-resisted|p1b: Dragonite\n|-damage|p1b: Dragonite|81\/100\n|-heal|p2b: Slappems|51\/100|[from] drain|[of] p1b: Dragonite\n|\n|-weather|none\n|-heal|p1b: Dragonite|87\/100|[from] item: Leftovers\n|-sideend|p1: EirOrIre|move: Aurora Veil\n|upkeep\n|turn|6\n|\n|t:|1698284514\n|switch|p1a: Amoonguss|Amoonguss, F|100\/100\n|move|p2a: Red Velvet|Baneful Bunker|p2a: Red Velvet\n|-singleturn|p2a: Red Velvet|move: Protect\n|move|p1b: Dragonite|Dragon Claw|p2b: Slappems\n|-damage|p2b: Slappems|18\/100\n|move|p2b: Slappems|Drain Punch|p1a: Amoonguss\n|-resisted|p1a: Amoonguss\n|-damage|p1a: Amoonguss|79\/100\n|-heal|p2b: Slappems|28\/100|[from] drain|[of] p1a: Amoonguss\n|\n|-heal|p1b: Dragonite|94\/100|[from] item: Leftovers\n|-heal|p1a: Amoonguss|85\/100|[from] item: Leftovers\n|upkeep\n|turn|7\n|\n|t:|1698284546\n|switch|p2a: >:(|Ogerpon-Hearthflame, F|95\/100\n|-ability|p2a: >:(|Mold Breaker\n|move|p1b: Dragonite|Dragon Dance|p1b: Dragonite\n|-boost|p1b: Dragonite|atk|1\n|-boost|p1b: Dragonite|spe|1\n|move|p2b: Slappems|Wild Charge|p1b: Dragonite\n|-damage|p1b: Dragonite|23\/100\n|-damage|p2b: Slappems|15\/100|[from] Recoil\n|move|p1a: Amoonguss|Stomping Tantrum|p2a: >:(\n|-damage|p2a: >:(|80\/100\n|\n|-heal|p1b: Dragonite|29\/100|[from] item: Leftovers\n|-heal|p1a: Amoonguss|91\/100|[from] item: Leftovers\n|upkeep\n|turn|8\n|\n|t:|1698284567\n|move|p2a: >:(|Spiky Shield|p2a: >:(\n|-singleturn|p2a: >:(|move: Protect\n|move|p1b: Dragonite|Extreme Speed|p2b: Slappems\n|-damage|p2b: Slappems|0 fnt\n|faint|p2b: Slappems\n|-end|p2b: Slappems|Quark Drive|[silent]\n|move|p1a: Amoonguss|Rage Powder|p1a: Amoonguss\n|-singleturn|p1a: Amoonguss|move: Rage Powder\n|\n|-heal|p1b: Dragonite|35\/100|[from] item: Leftovers\n|-heal|p1a: Amoonguss|97\/100|[from] item: Leftovers\n|upkeep\n|\n|t:|1698284580\n|switch|p2b: Har har har har|Ursaluna-Bloodmoon, M|100\/100\n|turn|9\n|\n|t:|1698284598\n|switch|p1a: Ninetales|Ninetales-Alola, M|48\/100\n|-weather|Snow|[from] ability: Snow Warning|[of] p1a: Ninetales\n|-terastallize|p2a: >:(|Fire\n|detailschange|p2a: >:(|Ogerpon-Hearthflame-Tera, F, tera:Fire\n|-ability|p2a: >:(|Embody Aspect (Hearthflame)|boost\n|-boost|p2a: >:(|atk|1\n|move|p1b: Dragonite|Dragon Claw|p2a: >:(\n|-damage|p2a: >:(|10\/100\n|move|p2a: >:(|Ivy Cudgel|p1a: Ninetales\n|-supereffective|p1a: Ninetales\n|-damage|p1a: Ninetales|0 fnt\n|faint|p1a: Ninetales\n|move|p2b: Har har har har|Moonblast|p1b: Dragonite\n|-supereffective|p1b: Dragonite\n|-damage|p1b: Dragonite|0 fnt\n|faint|p1b: Dragonite\n|\n|-weather|Snow|[upkeep]\n|upkeep\n|\n|t:|1698284621\n|switch|p1a: Amoonguss|Amoonguss, F|97\/100\n|switch|p1b: Ogerpon|Ogerpon-Wellspring, F|19\/100\n|turn|10\n|\n|t:|1698284633\n|switch|p2b: Blumby|Gastrodon-East, M|39\/100\n|move|p2a: >:(|Spiky Shield|p2a: >:(\n|-singleturn|p2a: >:(|move: Protect\n|move|p1a: Amoonguss|Rage Powder|p1a: Amoonguss\n|-singleturn|p1a: Amoonguss|move: Rage Powder\n|move|p1b: Ogerpon|Giga Drain|p2a: >:(\n|-activate|p2a: >:(|move: Protect\n|\n|-weather|Snow|[upkeep]\n|-heal|p2b: Blumby|45\/100|[from] item: Leftovers\n|-heal|p1a: Amoonguss|100\/100|[from] item: Leftovers\n|upkeep\n|turn|11\n|\n|t:|1698284656\n|move|p1a: Amoonguss|Rage Powder|p1a: Amoonguss\n|-singleturn|p1a: Amoonguss|move: Rage Powder\n|move|p1b: Ogerpon|Giga Drain|p2b: Blumby\n|-supereffective|p2b: Blumby\n|-damage|p2b: Blumby|0 fnt\n|-heal|p1b: Ogerpon|41\/100|[from] drain|[of] p2b: Blumby\n|faint|p2b: Blumby\n|move|p2a: >:(|Ivy Cudgel|p1a: Amoonguss\n|-supereffective|p1a: Amoonguss\n|-damage|p1a: Amoonguss|0 fnt\n|faint|p1a: Amoonguss\n|\n|-weather|Snow|[upkeep]\n|upkeep\n|\n|t:|1698284675\n|switch|p2b: Red Velvet|Toxapex, F, shiny|100\/100\n|switch|p1a: Ursaluna|Ursaluna-Bloodmoon, M|27\/100\n|turn|12\n|\n|t:|1698284687\n|move|p2b: Red Velvet|Baneful Bunker|p2b: Red Velvet\n|-singleturn|p2b: Red Velvet|move: Protect\n|move|p1b: Ogerpon|Giga Drain|p2a: >:(\n|-resisted|p2a: >:(\n|-damage|p2a: >:(|0 fnt\n|-heal|p1b: Ogerpon|45\/100|[from] drain|[of] p2a: >:(\n|faint|p2a: >:(\n|move|p1a: Ursaluna|Thunder Punch|p2b: Red Velvet\n|-activate|p2b: Red Velvet|move: Protect\n|-status|p1a: Ursaluna|psn\n|\n|-weather|Snow|[upkeep]\n|-damage|p1a: Ursaluna|14\/100 psn|[from] psn\n|upkeep\n|\n|t:|1698284699\n|switch|p2a: Surfin Bird|Cramorant, M|100\/100\n|turn|13\n|\n|t:|1698284710\n|move|p1b: Ogerpon|Giga Drain|p2b: Red Velvet\n|-damage|p2b: Red Velvet|81\/100\n|-heal|p1b: Ogerpon|52\/100|[from] drain|[of] p2b: Red Velvet\n|move|p2a: Surfin Bird|Surf|p1b: Ogerpon|[spread] p2b,p1a\n|-heal|p1b: Ogerpon|77\/100|[from] ability: Water Absorb|[of] p2a: Surfin Bird\n|-formechange|p2a: Surfin Bird|Cramorant-Gulping|\n|-resisted|p2b: Red Velvet\n|-supereffective|p1a: Ursaluna\n|-crit|p1a: Ursaluna\n|-damage|p2b: Red Velvet|67\/100\n|-damage|p1a: Ursaluna|0 fnt\n|faint|p1a: Ursaluna\n|move|p2b: Red Velvet|Recover|p2b: Red Velvet\n|-heal|p2b: Red Velvet|100\/100\n|\n|-weather|none\n|upkeep\n|\n|t:|1698284723\n|switch|p1a: Kingambit|Kingambit, F|100\/100\n|-activate|p1a: Kingambit|ability: Supreme Overlord\n|-start|p1a: Kingambit|fallen4|[silent]\n|turn|14\n|c|\u2606Kongojongo|I FORGOT ABOUT WATER ABSORB LOL\n|c|\u2606Kongojongo|Its so over for me\n|\n|t:|1698284749\n|move|p2a: Surfin Bird|Endure|p2a: Surfin Bird\n|-singleturn|p2a: Surfin Bird|move: Endure\n|move|p1b: Ogerpon|Giga Drain|p2a: Surfin Bird\n|-damage|p2a: Surfin Bird|79\/100\n|-heal|p1b: Ogerpon|85\/100|[from] drain|[of] p2a: Surfin Bird\n|-damage|p1b: Ogerpon|60\/100|[from] ability: Gulp Missile|[of] p2a: Surfin Bird\n|-unboost|p1b: Ogerpon|def|1\n|-formechange|p2a: Surfin Bird|Cramorant|\n|move|p2b: Red Velvet|Acid Spray|p1b: Ogerpon\n|-supereffective|p1b: Ogerpon\n|-damage|p1b: Ogerpon|43\/100\n|-unboost|p1b: Ogerpon|spd|2\n|move|p1a: Kingambit|Swords Dance|p1a: Kingambit\n|-boost|p1a: Kingambit|atk|2\n|\n|upkeep\n|turn|15\n|\n|t:|1698284781\n|move|p1b: Ogerpon|Spiky Shield|p1b: Ogerpon\n|-singleturn|p1b: Ogerpon|move: Protect\n|move|p2a: Surfin Bird|Surf|p1b: Ogerpon|[spread] p2b,p1a\n|-activate|p1b: Ogerpon|move: Protect\n|-formechange|p2a: Surfin Bird|Cramorant-Gulping|\n|-resisted|p2b: Red Velvet\n|-damage|p2b: Red Velvet|88\/100\n|-damage|p1a: Kingambit|75\/100\n|move|p2b: Red Velvet|Liquidation|p1a: Kingambit\n|-damage|p1a: Kingambit|61\/100\n|move|p1a: Kingambit|Iron Head|p2a: Surfin Bird\n|-resisted|p2a: Surfin Bird\n|-damage|p2a: Surfin Bird|0 fnt\n|-damage|p1a: Kingambit|36\/100|[from] ability: Gulp Missile|[of] p2a: Surfin Bird\n|-unboost|p1a: Kingambit|def|1\n|-formechange|p2a: Surfin Bird|Cramorant|\n|faint|p2a: Surfin Bird\n|-damage|p1a: Kingambit|26\/100|[from] item: Life Orb\n|\n|upkeep\n|\n|t:|1698284798\n|switch|p2a: Har har har har|Ursaluna-Bloodmoon, M|100\/100\n|turn|16\n|\n|t:|1698284813\n|move|p2b: Red Velvet|Baneful Bunker|p2b: Red Velvet\n|-singleturn|p2b: Red Velvet|move: Protect\n|move|p1b: Ogerpon|Giga Drain|p2b: Red Velvet\n|-activate|p2b: Red Velvet|move: Protect\n|move|p2a: Har har har har|Earth Power|p1a: Kingambit\n|-supereffective|p1a: Kingambit\n|-damage|p1a: Kingambit|0 fnt\n|faint|p1a: Kingambit\n|-end|p1a: Kingambit|fallen4|[silent]\n|\n|upkeep\n|turn|17\n|\n|t:|1698284825\n|move|p1b: Ogerpon|Ivy Cudgel|p2a: Har har har har\n|-supereffective|p2a: Har har har har\n|-crit|p2a: Har har har har\n|-damage|p2a: Har har har har|0 fnt\n|faint|p2a: Har har har har\n|move|p2b: Red Velvet|Acid Spray|p1b: Ogerpon\n|-supereffective|p1b: Ogerpon\n|-damage|p1b: Ogerpon|7\/100\n|-unboost|p1b: Ogerpon|spd|2\n|\n|upkeep\n|turn|18\n|\n|t:|1698284838\n|move|p2b: Red Velvet|Baneful Bunker|p2b: Red Velvet\n|-singleturn|p2b: Red Velvet|move: Protect\n|move|p1b: Ogerpon|Giga Drain|p2b: Red Velvet\n|-activate|p2b: Red Velvet|move: Protect\n|\n|upkeep\n|turn|19\n|\n|t:|1698284845\n|move|p1b: Ogerpon|Giga Drain|p2b: Red Velvet\n|-damage|p2b: Red Velvet|69\/100\n|-heal|p1b: Ogerpon|13\/100|[from] drain|[of] p2b: Red Velvet\n|move|p2b: Red Velvet|Acid Spray|p1b: Ogerpon\n|-supereffective|p1b: Ogerpon\n|-damage|p1b: Ogerpon|0 fnt\n|faint|p1b: Ogerpon\n|\n|win|Kongojongo\n|raw|EirOrIre's rating: 1023 &rarr; <strong>1014<\/strong><br \/>(-9 for losing)\n|raw|Kongojongo's rating: 1142 &rarr; <strong>1159<\/strong><br \/>(+17 for winning)\n|c|\u2606Kongojongo|gg\n|c|\u2606EirOrIre|gg\n|c|\u2606Kongojongo|did not think id win\n","uploadtime":1698284865,"views":9,"p1id":"eirorire","p2id":"kongojongo","formatid":"gen9doublesou","rating":1014,"private":0,"password":""}