{"id":"gen9doublesou-1990627653","p1":"MatheusHetero","p2":"Gamerjames93620","format":"[Gen 9] Doubles OU","log":"|j|\u2606MatheusHetero\n|j|\u2606Gamerjames93620\n|t:|1699986919\n|gametype|doubles\n|player|p1|MatheusHetero|lucian|1029\n|player|p2|Gamerjames93620|101|1102\n|teamsize|p1|6\n|teamsize|p2|6\n|gen|9\n|tier|[Gen 9] Doubles OU\n|rated|\n|rule|Species Clause: Limit one of each Pok\u00e9mon\n|rule|OHKO Clause: OHKO moves are banned\n|rule|Evasion Moves Clause: Evasion moves are banned\n|rule|Gravity Sleep Clause: The combination of sleep-inducing moves with imperfect accuracy and Gravity or Gigantamax Orbeetle are banned\n|rule|Endless Battle Clause: Forcing endless battles is banned\n|rule|HP Percentage Mod: HP is shown in percentages\n|clearpoke\n|poke|p1|Glimmora, F|\n|poke|p1|Pelipper, F|\n|poke|p1|Quaquaval, M|\n|poke|p1|Ceruledge, M|\n|poke|p1|Clodsire, F|\n|poke|p1|Meowscarada, F|\n|poke|p2|Alomomola, F|\n|poke|p2|Dragapult, F|\n|poke|p2|Ribombee, M|\n|poke|p2|Jirachi|\n|poke|p2|Gallade, M|\n|poke|p2|Manaphy|\n|teampreview\n|inactive|Battle timer is ON: inactive players will automatically lose when time's up. (requested by MatheusHetero)\n|\n|t:|1699986930\n|start\n|switch|p1a: Glimmora|Glimmora, F, shiny|100\/100\n|switch|p1b: Pelipper|Pelipper, F, shiny|100\/100\n|switch|p2a: Manaphy|Manaphy|100\/100\n|switch|p2b: Ribombee|Ribombee, M, shiny|100\/100\n|-weather|RainDance|[from] ability: Drizzle|[of] p1b: Pelipper\n|turn|1\n|\n|t:|1699986948\n|move|p2b: Ribombee|Sticky Web|p1b: Pelipper\n|-sidestart|p1: MatheusHetero|move: Sticky Web\n|move|p2a: Manaphy|Knock Off|p1a: Glimmora\n|-damage|p1a: Glimmora|80\/100\n|-activate|p1a: Glimmora|ability: Toxic Debris\n|-sidestart|p2: Gamerjames93620|move: Toxic Spikes\n|-enditem|p1a: Glimmora|Sitrus Berry|[from] move: Knock Off|[of] p2a: Manaphy\n|move|p1a: Glimmora|Stealth Rock|p2b: Ribombee\n|-sidestart|p2: Gamerjames93620|move: Stealth Rock\n|move|p1b: Pelipper|Tailwind|p1b: Pelipper\n|-sidestart|p1: MatheusHetero|move: Tailwind\n|\n|-weather|RainDance|[upkeep]\n|upkeep\n|turn|2\n|\n|t:|1699986971\n|move|p1a: Glimmora|Mortal Spin|p2b: Ribombee|[spread] p2a,p2b\n|-supereffective|p2b: Ribombee\n|-damage|p2a: Manaphy|95\/100\n|-damage|p2b: Ribombee|84\/100\n|-status|p2a: Manaphy|psn\n|-damage|p1a: Glimmora|63\/100|[from] item: Rocky Helmet|[of] p2a: Manaphy\n|-sideend|p1: MatheusHetero|Sticky Web|[from] move: Mortal Spin|[of] p1a: Glimmora\n|move|p2b: Ribombee|Stun Spore|p1b: Pelipper|[miss]\n|-miss|p2b: Ribombee|p1b: Pelipper\n|move|p2a: Manaphy|Calm Mind|p2a: Manaphy\n|-boost|p2a: Manaphy|spa|1\n|-boost|p2a: Manaphy|spd|1\n|move|p1b: Pelipper|Tera Blast|p2a: Manaphy\n|-damage|p2a: Manaphy|79\/100 psn\n|\n|-weather|RainDance|[upkeep]\n|-activate|p2a: Manaphy|ability: Hydration\n|-curestatus|p2a: Manaphy|psn|[msg]\n|upkeep\n|turn|3\n|inactive|MatheusHetero has 120 seconds left.\n|\n|t:|1699987010\n|move|p1a: Glimmora|Mortal Spin|p2b: Ribombee|[spread] p2a,p2b\n|-supereffective|p2b: Ribombee\n|-damage|p2a: Manaphy|74\/100\n|-damage|p2b: Ribombee|69\/100\n|-status|p2a: Manaphy|psn\n|-damage|p1a: Glimmora|47\/100|[from] item: Rocky Helmet|[of] p2a: Manaphy\n|move|p2b: Ribombee|Play Rough|p1a: Glimmora\n|-resisted|p1a: Glimmora\n|-damage|p1a: Glimmora|39\/100\n|-activate|p1a: Glimmora|ability: Toxic Debris\n|-sidestart|p2: Gamerjames93620|move: Toxic Spikes\n|move|p2a: Manaphy|Ice Beam|p1b: Pelipper\n|-damage|p1b: Pelipper|32\/100\n|move|p1b: Pelipper|Tera Blast|p2a: Manaphy\n|-damage|p2a: Manaphy|58\/100 psn\n|\n|-weather|RainDance|[upkeep]\n|-activate|p2a: Manaphy|ability: Hydration\n|-curestatus|p2a: Manaphy|psn|[msg]\n|upkeep\n|turn|4\n|inactive|MatheusHetero has 120 seconds left.\n|\n|t:|1699987037\n|move|p1a: Glimmora|Mortal Spin|p2a: Manaphy|[spread] p2a,p2b\n|-supereffective|p2b: Ribombee\n|-damage|p2a: Manaphy|53\/100\n|-damage|p2b: Ribombee|54\/100\n|-status|p2a: Manaphy|psn\n|-damage|p1a: Glimmora|23\/100|[from] item: Rocky Helmet|[of] p2a: Manaphy\n|move|p2b: Ribombee|Play Rough|p1a: Glimmora\n|-resisted|p1a: Glimmora\n|-damage|p1a: Glimmora|15\/100\n|move|p2a: Manaphy|Ice Beam|p1b: Pelipper\n|-damage|p1b: Pelipper|0 fnt\n|faint|p1b: Pelipper\n|\n|-weather|RainDance|[upkeep]\n|-activate|p2a: Manaphy|ability: Hydration\n|-curestatus|p2a: Manaphy|psn|[msg]\n|-sideend|p1: MatheusHetero|move: Tailwind\n|upkeep\n|\n|t:|1699987049\n|switch|p1b: Meowscarada|Meowscarada, F, shiny|100\/100\n|turn|5\n|\n|t:|1699987061\n|move|p2b: Ribombee|Protect|p2b: Ribombee\n|-singleturn|p2b: Ribombee|Protect\n|move|p1b: Meowscarada|Flower Trick|p2a: Manaphy\n|-start|p1b: Meowscarada|typechange|Grass|[from] ability: Protean\n|-supereffective|p2a: Manaphy\n|-crit|p2a: Manaphy\n|-damage|p2a: Manaphy|0 fnt\n|faint|p2a: Manaphy\n|-damage|p1b: Meowscarada|91\/100|[from] item: Life Orb\n|move|p1a: Glimmora|Mortal Spin|p2b: Ribombee\n|-activate|p2b: Ribombee|move: Protect\n|\n|-weather|none\n|upkeep\n|\n|t:|1699987085\n|switch|p2a: Alomomola|Alomomola, F|100\/100\n|-status|p2a: Alomomola|tox\n|-damage|p2a: Alomomola|88\/100 tox|[from] Stealth Rock\n|turn|6\n|\n|t:|1699987101\n|-terastallize|p2a: Alomomola|Steel\n|move|p2b: Ribombee|Play Rough|p1a: Glimmora\n|-resisted|p1a: Glimmora\n|-crit|p1a: Glimmora\n|-damage|p1a: Glimmora|2\/100\n|move|p1b: Meowscarada|Flower Trick|p2a: Alomomola\n|-resisted|p2a: Alomomola\n|-crit|p2a: Alomomola\n|-damage|p2a: Alomomola|68\/100 tox\n|-damage|p1b: Meowscarada|81\/100|[from] item: Life Orb\n|move|p1a: Glimmora|Power Gem|p2b: Ribombee\n|-supereffective|p2b: Ribombee\n|-damage|p2b: Ribombee|0 fnt\n|faint|p2b: Ribombee\n|move|p2a: Alomomola|Acrobatics|p1b: Meowscarada\n|-supereffective|p1b: Meowscarada\n|-damage|p1b: Meowscarada|45\/100\n|\n|-heal|p2a: Alomomola|74\/100 tox|[from] item: Leftovers\n|-damage|p2a: Alomomola|68\/100 tox|[from] psn\n|upkeep\n|\n|t:|1699987122\n|switch|p2b: Dragapult|Dragapult, F|100\/100\n|-status|p2b: Dragapult|tox\n|-damage|p2b: Dragapult|88\/100 tox|[from] Stealth Rock\n|turn|7\n|\n|t:|1699987135\n|move|p2b: Dragapult|Dragon Darts|p1a: Glimmora\n|-damage|p1a: Glimmora|0 fnt\n|-anim|p2b: Dragapult|Dragon Darts|p1b: Meowscarada\n|-damage|p1b: Meowscarada|0 fnt\n|faint|p1a: Glimmora\n|faint|p1b: Meowscarada\n|move|p2a: Alomomola|Acrobatics|p1: Glimmora|[notarget]\n|-fail|p2a: Alomomola\n|\n|-heal|p2a: Alomomola|74\/100 tox|[from] item: Leftovers\n|-damage|p2b: Dragapult|82\/100 tox|[from] psn\n|-damage|p2a: Alomomola|62\/100 tox|[from] psn\n|upkeep\n|\n|t:|1699987145\n|switch|p1b: Quaquaval|Quaquaval, M, shiny|100\/100\n|switch|p1a: Clodsire|Clodsire, F, shiny|100\/100\n|turn|8\n|\n|t:|1699987158\n|move|p2b: Dragapult|Dragon Dance|p2b: Dragapult\n|-boost|p2b: Dragapult|atk|1\n|-boost|p2b: Dragapult|spe|1\n|move|p1b: Quaquaval|Aqua Step|p2b: Dragapult\n|-resisted|p2b: Dragapult\n|-damage|p2b: Dragapult|55\/100 tox\n|-boost|p1b: Quaquaval|spe|1\n|move|p2a: Alomomola|Flip Turn|p1a: Clodsire\n|-immune|p1a: Clodsire|[from] ability: Water Absorb\n|move|p1a: Clodsire|Earthquake|p2b: Dragapult|[spread] p1b,p2a,p2b\n|-supereffective|p2a: Alomomola\n|-damage|p1b: Quaquaval|71\/100\n|-damage|p2a: Alomomola|38\/100 tox\n|-damage|p2b: Dragapult|29\/100 tox\n|\n|-heal|p2a: Alomomola|44\/100 tox|[from] item: Leftovers\n|-damage|p2b: Dragapult|17\/100 tox|[from] psn\n|-damage|p2a: Alomomola|26\/100 tox|[from] psn\n|upkeep\n|turn|9\n|\n|t:|1699987185\n|move|p2b: Dragapult|Dragon Darts|p1a: Clodsire\n|-damage|p1a: Clodsire|53\/100\n|-anim|p2b: Dragapult|Dragon Darts|p1b: Quaquaval\n|-damage|p1b: Quaquaval|15\/100\n|-enditem|p1b: Quaquaval|Sitrus Berry|[eat]\n|-heal|p1b: Quaquaval|40\/100|[from] item: Sitrus Berry\n|move|p1b: Quaquaval|Aqua Step|p2b: Dragapult\n|-resisted|p2b: Dragapult\n|-damage|p2b: Dragapult|0 fnt\n|-boost|p1b: Quaquaval|spe|1\n|faint|p2b: Dragapult\n|-ability|p1b: Quaquaval|Moxie|boost\n|-boost|p1b: Quaquaval|atk|1\n|move|p2a: Alomomola|Flip Turn|p1b: Quaquaval\n|-resisted|p1b: Quaquaval\n|-damage|p1b: Quaquaval|27\/100\n|inactive|Gamerjames93620 has 120 seconds left.\n|\n|t:|1699987205\n|switch|p2a: Gallade|Gallade, M|100\/100|[from] Flip Turn\n|-status|p2a: Gallade|tox\n|-damage|p2a: Gallade|94\/100 tox|[from] Stealth Rock\n|move|p1a: Clodsire|Earthquake|p2a: Gallade|[spread] p1b,p2a\n|-damage|p1b: Quaquaval|0 fnt\n|-damage|p2a: Gallade|60\/100 tox\n|faint|p1b: Quaquaval\n|\n|-heal|p1a: Clodsire|59\/100|[from] item: Leftovers\n|-damage|p2a: Gallade|54\/100 tox|[from] psn\n|upkeep\n|\n|t:|1699987219\n|switch|p2b: Jirachi|Jirachi|100\/100\n|switch|p1b: Ceruledge|Ceruledge, M, shiny|100\/100\n|-damage|p2b: Jirachi|94\/100|[from] Stealth Rock\n|turn|10\n|\n|t:|1699987239\n|move|p1a: Clodsire|Protect|p1a: Clodsire\n|-singleturn|p1a: Clodsire|Protect\n|move|p2b: Jirachi|Psychic|p1a: Clodsire\n|-activate|p1a: Clodsire|move: Protect\n|move|p1b: Ceruledge|Flame Charge|p2b: Jirachi\n|-supereffective|p2b: Jirachi\n|-damage|p2b: Jirachi|35\/100\n|-boost|p1b: Ceruledge|spe|1\n|move|p2a: Gallade|Aqua Cutter|p1b: Ceruledge\n|-supereffective|p1b: Ceruledge\n|-damage|p1b: Ceruledge|0 fnt\n|faint|p1b: Ceruledge\n|\n|-heal|p1a: Clodsire|66\/100|[from] item: Leftovers\n|-damage|p2a: Gallade|41\/100 tox|[from] psn\n|upkeep\n|turn|11\n|\n|t:|1699987265\n|-terastallize|p1a: Clodsire|Flying\n|move|p2b: Jirachi|Psychic|p1a: Clodsire\n|-damage|p1a: Clodsire|36\/100\n|move|p2a: Gallade|Brick Break|p1a: Clodsire\n|-resisted|p1a: Clodsire\n|-damage|p1a: Clodsire|16\/100\n|move|p1a: Clodsire|Earthquake|p2b: Jirachi|[spread] p2a,p2b\n|-supereffective|p2b: Jirachi\n|-damage|p2a: Gallade|6\/100 tox\n|-damage|p2b: Jirachi|0 fnt\n|faint|p2b: Jirachi\n|\n|-heal|p1a: Clodsire|22\/100|[from] item: Leftovers\n|-damage|p2a: Gallade|0 fnt|[from] psn\n|faint|p2a: Gallade\n|upkeep\n|inactive|Gamerjames93620 has 120 seconds left.\n|\n|t:|1699987290\n|switch|p2a: Alomomola|Alomomola, F, tera:Steel|59\/100 tox\n|-damage|p2a: Alomomola|53\/100 tox|[from] Stealth Rock\n|turn|12\n|\n|t:|1699987299\n|move|p2a: Alomomola|Protect|p2a: Alomomola\n|-singleturn|p2a: Alomomola|Protect\n|move|p1a: Clodsire|Protect||[still]\n|-fail|p1a: Clodsire\n|\n|-heal|p2a: Alomomola|59\/100 tox|[from] item: Leftovers\n|-heal|p1a: Clodsire|29\/100|[from] item: Leftovers\n|-damage|p2a: Alomomola|53\/100 tox|[from] psn\n|upkeep\n|turn|13\n|\n|t:|1699987310\n|move|p2a: Alomomola|Flip Turn|p1a: Clodsire\n|-heal|p1a: Clodsire|54\/100|[from] ability: Water Absorb|[of] p2a: Alomomola\n|move|p1a: Clodsire|Earthquake|p2a: Alomomola\n|-supereffective|p2a: Alomomola\n|-damage|p2a: Alomomola|21\/100 tox\n|\n|-heal|p2a: Alomomola|27\/100 tox|[from] item: Leftovers\n|-heal|p1a: Clodsire|60\/100|[from] item: Leftovers\n|-damage|p2a: Alomomola|15\/100 tox|[from] psn\n|upkeep\n|turn|14\n|\n|t:|1699987327\n|move|p1a: Clodsire|Protect|p1a: Clodsire\n|-singleturn|p1a: Clodsire|Protect\n|move|p2a: Alomomola|Light Screen|p2a: Alomomola\n|-sidestart|p2: Gamerjames93620|move: Light Screen\n|\n|-heal|p2a: Alomomola|21\/100 tox|[from] item: Leftovers\n|-heal|p1a: Clodsire|66\/100|[from] item: Leftovers\n|-damage|p2a: Alomomola|3\/100 tox|[from] psn\n|upkeep\n|turn|15\n|\n|t:|1699987337\n|move|p2a: Alomomola|Acrobatics|p1a: Clodsire\n|-damage|p1a: Clodsire|55\/100\n|move|p1a: Clodsire|Earthquake|p2a: Alomomola\n|-supereffective|p2a: Alomomola\n|-damage|p2a: Alomomola|0 fnt\n|faint|p2a: Alomomola\n|\n|win|MatheusHetero\n|raw|MatheusHetero's rating: 1029 &rarr; <strong>1072<\/strong><br \/>(+43 for winning)\n|raw|Gamerjames93620's rating: 1102 &rarr; <strong>1072<\/strong><br \/>(-30 for losing)\n","uploadtime":1699987349,"views":5,"p1id":"matheushetero","p2id":"gamerjames93620","formatid":"gen9doublesou","rating":1072,"private":0,"password":""}