{"id":"gen9doublesou-1987202043","p1":"Onix319","p2":"zeref203","format":"[Gen 9] Doubles OU","log":"|j|\u2606Onix319\n|j|\u2606zeref203\n|t:|1699564808\n|gametype|doubles\n|player|p1|Onix319|dragontamer|1166\n|player|p2|zeref203|265|1261\n|teamsize|p1|6\n|teamsize|p2|6\n|gen|9\n|tier|[Gen 9] Doubles OU\n|rated|\n|rule|Species Clause: Limit one of each Pok\u00e9mon\n|rule|OHKO Clause: OHKO moves are banned\n|rule|Evasion Moves Clause: Evasion moves are banned\n|rule|Gravity Sleep Clause: The combination of sleep-inducing moves with imperfect accuracy and Gravity or Gigantamax Orbeetle are banned\n|rule|Endless Battle Clause: Forcing endless battles is banned\n|rule|HP Percentage Mod: HP is shown in percentages\n|clearpoke\n|poke|p1|Kommo-o, M|\n|poke|p1|Landorus-Therian, M|\n|poke|p1|Grimmsnarl, M|\n|poke|p1|Clefable, F|\n|poke|p1|Amoonguss, F|\n|poke|p1|Infernape, M|\n|poke|p2|Great Tusk|\n|poke|p2|Ninetales, M|\n|poke|p2|Sableye, M|\n|poke|p2|Flutter Mane|\n|poke|p2|Goodra-Hisui, M|\n|poke|p2|Arboliva, F|\n|teampreview\n|inactive|Battle timer is ON: inactive players will automatically lose when time's up. (requested by zeref203)\n|inactive|Onix319 also wants the timer to be on.\n|\n|t:|1699564831\n|start\n|switch|p1a: Grimmsnarl|Grimmsnarl, M|100\/100\n|switch|p1b: Infernape|Infernape, M|100\/100\n|switch|p2a: Benimaru|Ninetales, M|100\/100\n|switch|p2b: Milim|Flutter Mane|100\/100\n|-weather|SunnyDay|[from] ability: Drought|[of] p2a: Benimaru\n|-activate|p2b: Milim|ability: Protosynthesis\n|-start|p2b: Milim|protosynthesisspe\n|turn|1\n|\n|t:|1699564854\n|move|p2a: Benimaru|Protect|p2a: Benimaru\n|-singleturn|p2a: Benimaru|Protect\n|move|p1a: Grimmsnarl|Light Screen|p1a: Grimmsnarl\n|-sidestart|p1: Onix319|move: Light Screen\n|move|p2b: Milim|Dazzling Gleam|p1a: Grimmsnarl|[spread] p1a,p1b\n|-supereffective|p1a: Grimmsnarl\n|-crit|p1a: Grimmsnarl\n|-damage|p1a: Grimmsnarl|0 fnt\n|-damage|p1b: Infernape|59\/100\n|faint|p1a: Grimmsnarl\n|move|p1b: Infernape|Poison Jab|p2b: Milim\n|-damage|p2b: Milim|39\/100\n|\n|-weather|SunnyDay|[upkeep]\n|upkeep\n|inactive|Onix319 has 120 seconds left.\n|\n|t:|1699564869\n|switch|p1a: Clefable|Clefable, F|100\/100\n|turn|2\n|\n|t:|1699564877\n|-end|p2b: Milim|Protosynthesis|[silent]\n|switch|p2b: RIimiru|Goodra-Hisui, M|100\/100\n|move|p1a: Clefable|Follow Me|p1a: Clefable\n|-singleturn|p1a: Clefable|move: Follow Me\n|move|p1b: Infernape|Poison Jab|p2b: RIimiru\n|-immune|p2b: RIimiru\n|move|p2a: Benimaru|Heat Wave|p1b: Infernape|[spread] p1b\n|-miss|p2a: Benimaru|p1a: Clefable\n|-resisted|p1b: Infernape\n|-damage|p1b: Infernape|37\/100\n|\n|-weather|SunnyDay|[upkeep]\n|upkeep\n|turn|3\n|\n|t:|1699564897\n|-terastallize|p2b: RIimiru|Water\n|move|p2a: Benimaru|Protect|p2a: Benimaru\n|-singleturn|p2a: Benimaru|Protect\n|move|p1b: Infernape|Poison Jab|p2a: Benimaru\n|-activate|p2a: Benimaru|move: Protect\n|move|p1a: Clefable|Life Dew||[still]|[spread] p1a,p1b\n|-fail|p1a: Clefable|heal\n|-heal|p1b: Infernape|62\/100\n|move|p2b: RIimiru|Rock Slide|p1a: Clefable|[spread] p1a,p1b\n|-crit|p1b: Infernape\n|-damage|p1a: Clefable|86\/100\n|-damage|p1b: Infernape|24\/100\n|\n|-weather|SunnyDay|[upkeep]\n|-heal|p1a: Clefable|92\/100|[from] item: Leftovers\n|upkeep\n|turn|4\n|inactive|Onix319 has 120 seconds left.\n|\n|t:|1699564928\n|move|p1b: Infernape|Poison Jab|p2a: Benimaru\n|-damage|p2a: Benimaru|52\/100\n|move|p2a: Benimaru|Heat Wave|p1a: Clefable|[spread] p1a,p1b\n|-resisted|p1b: Infernape\n|-damage|p1a: Clefable|71\/100\n|-damage|p1b: Infernape|0 fnt\n|faint|p1b: Infernape\n|move|p2b: RIimiru|Iron Head|p1a: Clefable\n|-supereffective|p1a: Clefable\n|-damage|p1a: Clefable|0 fnt\n|faint|p1a: Clefable\n|\n|-weather|SunnyDay|[upkeep]\n|upkeep\n|inactive|Onix319 has 120 seconds left.\n|\n|t:|1699564946\n|switch|p1b: Amoonguss|Amoonguss, F|100\/100\n|switch|p1a: Kommo-o|Kommo-o, M|100\/100\n|turn|5\n|inactive|Onix319 has 120 seconds left.\n|\n|t:|1699564969\n|move|p2a: Benimaru|Heat Wave|p1a: Kommo-o|[spread] p1a,p1b\n|-resisted|p1a: Kommo-o\n|-supereffective|p1b: Amoonguss\n|-damage|p1a: Kommo-o|85\/100\n|-damage|p1b: Amoonguss|53\/100\n|move|p1a: Kommo-o|Scale Shot|p2b: RIimiru\n|-damage|p2b: RIimiru|89\/100\n|-damage|p2b: RIimiru|77\/100\n|-crit|p2b: RIimiru\n|-damage|p2b: RIimiru|60\/100\n|-damage|p2b: RIimiru|49\/100\n|-damage|p2b: RIimiru|38\/100\n|-hitcount|p2b: RIimiru|5\n|-unboost|p1a: Kommo-o|def|1\n|-boost|p1a: Kommo-o|spe|1\n|move|p2b: RIimiru|Ice Spinner|p1a: Kommo-o\n|-supereffective|p1a: Kommo-o\n|-damage|p1a: Kommo-o|9\/100\n|move|p1b: Amoonguss|Sludge Bomb|p2a: Benimaru\n|-damage|p2a: Benimaru|20\/100\n|-status|p2a: Benimaru|psn\n|\n|-weather|SunnyDay|[upkeep]\n|-heal|p1b: Amoonguss|59\/100|[from] item: Leftovers\n|-damage|p2a: Benimaru|8\/100 psn|[from] psn\n|-sideend|p1: Onix319|move: Light Screen\n|upkeep\n|turn|6\n|inactive|Onix319 has 120 seconds left.\n|inactive|zeref203 has 120 seconds left.\n|\n|t:|1699565000\n|move|p1a: Kommo-o|Protect|p1a: Kommo-o\n|-singleturn|p1a: Kommo-o|Protect\n|move|p2a: Benimaru|Heat Wave|p1a: Kommo-o|[spread] p1b\n|-activate|p1a: Kommo-o|move: Protect\n|-supereffective|p1b: Amoonguss\n|-damage|p1b: Amoonguss|0 fnt\n|faint|p1b: Amoonguss\n|move|p2b: RIimiru|Ice Spinner|p1a: Kommo-o\n|-activate|p1a: Kommo-o|move: Protect\n|\n|-weather|SunnyDay|[upkeep]\n|-damage|p2a: Benimaru|0 fnt|[from] psn\n|faint|p2a: Benimaru\n|upkeep\n|\n|t:|1699565013\n|switch|p2a: Milim|Flutter Mane|39\/100\n|switch|p1b: Landorus|Landorus-Therian, M|100\/100\n|-activate|p2a: Milim|ability: Protosynthesis\n|-start|p2a: Milim|protosynthesisspe\n|-ability|p1b: Landorus|Intimidate|boost\n|-unboost|p2a: Milim|atk|1\n|-unboost|p2b: RIimiru|atk|1\n|turn|7\n|inactive|Onix319 has 120 seconds left.\n|\n|t:|1699565045\n|move|p2a: Milim|Dazzling Gleam|p1a: Kommo-o|[spread] p1a,p1b\n|-supereffective|p1a: Kommo-o\n|-damage|p1a: Kommo-o|0 fnt\n|-damage|p1b: Landorus|59\/100\n|faint|p1a: Kommo-o\n|move|p1b: Landorus|Body Slam|p2b: RIimiru\n|-damage|p2b: RIimiru|0 fnt\n|faint|p2b: RIimiru\n|-damage|p1b: Landorus|49\/100|[from] item: Life Orb\n|\n|-weather|SunnyDay|[upkeep]\n|upkeep\n|\n|t:|1699565059\n|switch|p2b: Diablo|Sableye, M, shiny|100\/100\n|turn|8\n|\n|t:|1699565065\n|-terastallize|p1b: Landorus|Ground\n|move|p2b: Diablo|Encore|p1b: Landorus\n|-start|p1b: Landorus|Encore\n|move|p2a: Milim|Shadow Ball|p1b: Landorus\n|-damage|p1b: Landorus|0 fnt\n|faint|p1b: Landorus\n|\n|win|zeref203\n|raw|Onix319's rating: 1166 &rarr; <strong>1148<\/strong><br \/>(-18 for losing)\n|raw|zeref203's rating: 1261 &rarr; <strong>1279<\/strong><br \/>(+18 for winning)\n|l|\u2606Onix319\n","uploadtime":1699565077,"views":19,"p1id":"onix319","p2id":"zeref203","formatid":"gen9doublesou","rating":1148,"private":0,"password":""}