{"id":"gen9doublesou-1988235353","p1":"DreamyFleur","p2":"pogchimp970314","format":"[Gen 9] Doubles OU","log":"|j|\u2606DreamyFleur\n|j|\u2606pogchimp970314\n|inactive|Battle timer is ON: inactive players will automatically lose when time's up.\n|t:|1699691158\n|gametype|doubles\n|player|p1|DreamyFleur|tulip|\n|player|p2|pogchimp970314|mai|\n|teamsize|p1|6\n|teamsize|p2|6\n|gen|9\n|tier|[Gen 9] Doubles OU\n|rated|Tournament battle\n|rule|Species Clause: Limit one of each Pok\u00e9mon\n|rule|OHKO Clause: OHKO moves are banned\n|rule|Evasion Moves Clause: Evasion moves are banned\n|rule|Gravity Sleep Clause: The combination of sleep-inducing moves with imperfect accuracy and Gravity or Gigantamax Orbeetle are banned\n|rule|Endless Battle Clause: Forcing endless battles is banned\n|rule|HP Percentage Mod: HP is shown in percentages\n|clearpoke\n|poke|p1|Kilowattrel, M|\n|poke|p1|Meowth-Galar, M|\n|poke|p1|Igglybuff, M|\n|poke|p1|Dragapult, F|\n|poke|p1|Phantump, M|\n|poke|p1|Kingambit, F|\n|poke|p2|Lokix, M|\n|poke|p2|Sneasel-Hisui, M|\n|poke|p2|Toedscruel, M|\n|poke|p2|Tynamo, F|\n|poke|p2|Fletchinder, F|\n|poke|p2|Wooper, M|\n|teampreview\n|j|*Lady Monita \u263d\n|inactive|DreamyFleur also wants the timer to be on.\n|inactive|pogchimp970314 also wants the timer to be on.\n|c|\u2606DreamyFleur|hf\n|c|\u2606pogchimp970314|gl\n|\n|t:|1699691173\n|start\n|switch|p1a: Kilowattrel|Kilowattrel, M, shiny|100\/100\n|switch|p1b: Meowth|Meowth-Galar, M, shiny|100\/100\n|switch|p2a: Lokix|Lokix, M|100\/100\n|switch|p2b: Fletchinder|Fletchinder, F|100\/100\n|turn|1\n|\n|t:|1699691184\n|move|p1b: Meowth|Fake Out|p2b: Fletchinder\n|-damage|p2b: Fletchinder|83\/100\n|move|p2a: Lokix|First Impression|p1a: Kilowattrel\n|-resisted|p1a: Kilowattrel\n|-damage|p1a: Kilowattrel|0 fnt\n|faint|p1a: Kilowattrel\n|-damage|p2a: Lokix|91\/100|[from] item: Life Orb\n|cant|p2b: Fletchinder|flinch\n|\n|upkeep\n|\n|t:|1699691194\n|switch|p1a: Dragapult|Dragapult, F, shiny|100\/100\n|turn|2\n|\n|t:|1699691202\n|switch|p1b: Igglybuff|Igglybuff, M, shiny|100\/100\n|move|p2a: Lokix|Protect|p2a: Lokix\n|-singleturn|p2a: Lokix|Protect\n|move|p1a: Dragapult|Fire Blast|p2a: Lokix\n|-activate|p2a: Lokix|move: Protect\n|move|p2b: Fletchinder|Tailwind|p2b: Fletchinder\n|-sidestart|p2: pogchimp970314|move: Tailwind\n|\n|upkeep\n|turn|3\n|j| myouiminari37\n|\n|t:|1699691229\n|move|p2a: Lokix|Sucker Punch|p1a: Dragapult\n|-supereffective|p1a: Dragapult\n|-damage|p1a: Dragapult|0 fnt\n|faint|p1a: Dragapult\n|-damage|p2a: Lokix|81\/100|[from] item: Life Orb\n|move|p2b: Fletchinder|Flare Blitz|p1b: Igglybuff\n|-damage|p1b: Igglybuff|16\/100\n|-damage|p2b: Fletchinder|43\/100|[from] Recoil\n|move|p1b: Igglybuff|Icy Wind|p2a: Lokix|[spread] p2a\n|-miss|p1b: Igglybuff|p2b: Fletchinder\n|-damage|p2a: Lokix|66\/100\n|-unboost|p2a: Lokix|spe|1\n|\n|upkeep\n|\n|t:|1699691240\n|switch|p1a: Meowth|Meowth-Galar, M, shiny|100\/100\n|turn|4\n|\n|t:|1699691247\n|move|p2a: Lokix|Protect|p2a: Lokix\n|-singleturn|p2a: Lokix|Protect\n|move|p1a: Meowth|Fake Out|p2b: Fletchinder\n|-damage|p2b: Fletchinder|25\/100\n|cant|p2b: Fletchinder|flinch\n|move|p1b: Igglybuff|Dazzling Gleam|p2a: Lokix|[spread] p2b\n|-activate|p2a: Lokix|move: Protect\n|-resisted|p2b: Fletchinder\n|-damage|p2b: Fletchinder|13\/100\n|\n|upkeep\n|turn|5\n|\n|t:|1699691261\n|move|p2b: Fletchinder|Brave Bird|p1b: Igglybuff\n|-crit|p1b: Igglybuff\n|-damage|p1b: Igglybuff|0 fnt\n|faint|p1b: Igglybuff\n|-damage|p2b: Fletchinder|5\/100|[from] Recoil\n|move|p2a: Lokix|Axe Kick|p1a: Meowth|[miss]\n|-miss|p2a: Lokix|p1a: Meowth\n|-damage|p2a: Lokix|16\/100|[from] highjumpkick\n|move|p1a: Meowth|Knock Off|p2b: Fletchinder\n|-damage|p2b: Fletchinder|0 fnt\n|-enditem|p2b: Fletchinder|Eviolite|[from] move: Knock Off|[of] p1a: Meowth\n|faint|p2b: Fletchinder\n|\n|-sideend|p2: pogchimp970314|move: Tailwind\n|upkeep\n|\n|t:|1699691273\n|switch|p2b: Toedscruel|Toedscruel, M, shiny|100\/100\n|switch|p1b: Kingambit|Kingambit, F, shiny|100\/100\n|turn|6\n|\n|t:|1699691282\n|move|p1b: Kingambit|Sucker Punch|p2a: Lokix\n|-resisted|p2a: Lokix\n|-damage|p2a: Lokix|0 fnt\n|faint|p2a: Lokix\n|move|p2b: Toedscruel|Earth Power|p1b: Kingambit\n|-supereffective|p1b: Kingambit\n|-damage|p1b: Kingambit|35\/100\n|move|p1a: Meowth|Iron Head|p2b: Toedscruel\n|-damage|p2b: Toedscruel|39\/100\n|-enditem|p2b: Toedscruel|Sitrus Berry|[eat]\n|-heal|p2b: Toedscruel|64\/100|[from] item: Sitrus Berry\n|\n|upkeep\n|\n|t:|1699691287\n|switch|p2a: Tynamo|Tynamo, F|100\/100\n|turn|7\n|\n|t:|1699691301\n|-terastallize|p1b: Kingambit|Dark\n|move|p1b: Kingambit|Sucker Punch|p2b: Toedscruel\n|-damage|p2b: Toedscruel|0 fnt\n|faint|p2b: Toedscruel\n|move|p2a: Tynamo|Thunder Wave|p1a: Meowth\n|-status|p1a: Meowth|par\n|cant|p1a: Meowth|par\n|\n|upkeep\n|\n|t:|1699691307\n|switch|p2b: Sneasel|Sneasel-Hisui, M|100\/100\n|turn|8\n|\n|t:|1699691327\n|move|p1b: Kingambit|Sucker Punch|p2b: Sneasel\n|-resisted|p2b: Sneasel\n|-damage|p2b: Sneasel|54\/100\n|move|p2b: Sneasel|Close Combat|p1b: Kingambit\n|-supereffective|p1b: Kingambit\n|-damage|p1b: Kingambit|0 fnt\n|-unboost|p2b: Sneasel|def|1\n|-unboost|p2b: Sneasel|spd|1\n|faint|p1b: Kingambit\n|move|p2a: Tynamo|Charge|p2a: Tynamo\n|-boost|p2a: Tynamo|spd|1\n|-start|p2a: Tynamo|Charge\n|move|p1a: Meowth|Iron Head|p2b: Sneasel\n|-damage|p2b: Sneasel|0 fnt\n|faint|p2b: Sneasel\n|\n|upkeep\n|j| Osgovs\n|\n|t:|1699691339\n|switch|p2b: Wooper|Wooper, M|100\/100\n|switch|p1b: Phantump|Phantump, M, shiny|100\/100\n|turn|9\n|\n|t:|1699691352\n|-terastallize|p2b: Wooper|Poison\n|move|p2a: Tynamo|Spark|p1a: Meowth\n|-damage|p1a: Meowth|67\/100 par\n|-end|p2a: Tynamo|Charge|[silent]\n|move|p1b: Phantump|Poltergeist|p2a: Tynamo|[miss]\n|-miss|p1b: Phantump|p2a: Tynamo\n|move|p2b: Wooper|Yawn|p1b: Phantump\n|-start|p1b: Phantump|move: Yawn|[of] p2b: Wooper\n|cant|p1a: Meowth|par\n|\n|upkeep\n|turn|10\n|\n|t:|1699691373\n|move|p2a: Tynamo|Knock Off|p1b: Phantump\n|-supereffective|p1b: Phantump\n|-damage|p1b: Phantump|60\/100\n|-enditem|p1b: Phantump|Eviolite|[from] move: Knock Off|[of] p2a: Tynamo\n|move|p1b: Phantump|Poltergeist|p2a: Tynamo\n|-activate|p2a: Tynamo|move: Poltergeist|Eviolite\n|-damage|p2a: Tynamo|50\/100\n|move|p2b: Wooper|Icy Wind|p1a: Meowth|[spread] p1a,p1b\n|-resisted|p1a: Meowth\n|-supereffective|p1b: Phantump\n|-damage|p1a: Meowth|62\/100 par\n|-damage|p1b: Phantump|45\/100\n|-unboost|p1a: Meowth|spe|1\n|-unboost|p1b: Phantump|spe|1\n|move|p1a: Meowth|Iron Head|p2b: Wooper\n|-damage|p2b: Wooper|50\/100\n|\n|-end|p1b: Phantump|move: Yawn|[silent]\n|-status|p1b: Phantump|slp\n|upkeep\n|turn|11\n|\n|t:|1699691399\n|move|p2a: Tynamo|Knock Off|p1a: Meowth\n|-damage|p1a: Meowth|45\/100 par\n|-enditem|p1a: Meowth|Eviolite|[from] move: Knock Off|[of] p2a: Tynamo\n|cant|p1b: Phantump|slp\n|move|p2b: Wooper|Chilling Water|p1a: Meowth\n|-damage|p1a: Meowth|16\/100 par\n|-unboost|p1a: Meowth|atk|1\n|cant|p1a: Meowth|par\n|\n|upkeep\n|turn|12\n|c|\u2606DreamyFleur|gg\n|c|\u2606pogchimp970314|gg\n|j| teamo505\n|\n|t:|1699691420\n|move|p2a: Tynamo|Knock Off|p1b: Phantump\n|-supereffective|p1b: Phantump\n|-damage|p1b: Phantump|2\/100 slp\n|cant|p1b: Phantump|slp\n|move|p2b: Wooper|Chilling Water|p1a: Meowth\n|-damage|p1a: Meowth|0 fnt\n|faint|p1a: Meowth\n|\n|upkeep\n|turn|13\n|c| teamo505|goo pogchimp\n|c|\u2606DreamyFleur|shut up teamo\n|\n|t:|1699691430\n|move|p2a: Tynamo|Knock Off|p1b: Phantump\n|-supereffective|p1b: Phantump\n|-damage|p1b: Phantump|0 fnt\n|faint|p1b: Phantump\n|\n|win|pogchimp970314\n|n|\u2606DreamyFleur|dreamyfleur\n|n|\u2606pogchimp970314|pogchimp970314\n|n|*Lady Monita \u263d|ladymonita\n|n| myouiminari37|myouiminari37\n|n| Osgovs|osgovs\n|n| teamo505|teamo505\n","uploadtime":1699691431,"views":16,"p1id":"dreamyfleur","p2id":"pogchimp970314","formatid":"gen9doublesou","rating":0,"private":0,"password":""}