{"id":"gen9doublesou-1976451454","p1":"Shut Up Shut Up\u00b2","p2":"Schister","format":"[Gen 9] Doubles OU","log":"|j|\u203dShut Up Shut Up\u00b2\n|j|\u2606Schister\n|t:|1698305657\n|gametype|doubles\n|player|p1|Shut Up Shut Up\u00b2|pokemonranger-gen4|1641\n|player|p2|Schister|clair|1684\n|teamsize|p1|6\n|teamsize|p2|6\n|gen|9\n|tier|[Gen 9] Doubles OU\n|rated|\n|rule|Species Clause: Limit one of each Pok\u00e9mon\n|rule|OHKO Clause: OHKO moves are banned\n|rule|Evasion Moves Clause: Evasion moves are banned\n|rule|Gravity Sleep Clause: The combination of sleep-inducing moves with imperfect accuracy and Gravity or Gigantamax Orbeetle are banned\n|rule|Endless Battle Clause: Forcing endless battles is banned\n|rule|HP Percentage Mod: HP is shown in percentages\n|clearpoke\n|poke|p1|Rillaboom, M|\n|poke|p1|Ursaluna, M|\n|poke|p1|Cresselia, F|\n|poke|p1|Iron Hands|\n|poke|p1|Sinistcha|\n|poke|p1|Heatran, M|\n|poke|p2|Ninetales-Alola, F|\n|poke|p2|Flutter Mane|\n|poke|p2|Volcanion|\n|poke|p2|Rillaboom, M|\n|poke|p2|Garganacl, M|\n|poke|p2|Baxcalibur, M|\n|teampreview\n|inactive|Battle timer is ON: inactive players will automatically lose when time's up. (requested by Schister)\n|inactive|Shut Up Shut Up\u00b2 also wants the timer to be on.\n|\n|t:|1698305681\n|start\n|switch|p1a: Rillaboom|Rillaboom, M|100\/100\n|switch|p1b: Cresselia|Cresselia, F|100\/100\n|switch|p2a: Ninetales|Ninetales-Alola, F|100\/100\n|switch|p2b: Rillaboom|Rillaboom, M|100\/100\n|-weather|Snow|[from] ability: Snow Warning|[of] p2a: Ninetales\n|-fieldstart|move: Grassy Terrain|[from] ability: Grassy Surge|[of] p1a: Rillaboom\n|turn|1\n|\n|t:|1698305696\n|move|p2b: Rillaboom|Fake Out|p1b: Cresselia\n|-damage|p1b: Cresselia|91\/100\n|move|p2a: Ninetales|Aurora Veil|p2a: Ninetales\n|-sidestart|p2: Schister|move: Aurora Veil\n|move|p1a: Rillaboom|U-turn|p2b: Rillaboom\n|-supereffective|p2b: Rillaboom\n|-damage|p2b: Rillaboom|52\/100\n|\n|t:|1698305705\n|switch|p1a: Iron Hands|Iron Hands|100\/100|[from] U-turn\n|cant|p1b: Cresselia|flinch\n|\n|-weather|Snow|[upkeep]\n|-heal|p2b: Rillaboom|58\/100|[from] Grassy Terrain\n|upkeep\n|turn|2\n|\n|t:|1698305718\n|move|p2a: Ninetales|Blizzard|p1a: Iron Hands|[spread] p1a,p1b\n|-crit|p1a: Iron Hands\n|-damage|p1a: Iron Hands|78\/100\n|-damage|p1b: Cresselia|77\/100\n|move|p2b: Rillaboom|U-turn|p1b: Cresselia\n|-supereffective|p1b: Cresselia\n|-damage|p1b: Cresselia|45\/100\n|\n|t:|1698305724\n|switch|p2b: Garganacl|Garganacl, M|100\/100|[from] U-turn\n|move|p1a: Iron Hands|Belly Drum|p1a: Iron Hands\n|-damage|p1a: Iron Hands|28\/100\n|-setboost|p1a: Iron Hands|atk|6|[from] move: Belly Drum\n|-enditem|p1a: Iron Hands|Sitrus Berry|[eat]\n|-heal|p1a: Iron Hands|53\/100|[from] item: Sitrus Berry\n|move|p1b: Cresselia|Trick Room|p1b: Cresselia\n|-fieldstart|move: Trick Room|[of] p1b: Cresselia\n|\n|-weather|Snow|[upkeep]\n|-heal|p1a: Iron Hands|59\/100|[from] Grassy Terrain\n|upkeep\n|turn|3\n|\n|t:|1698305735\n|-terastallize|p2b: Garganacl|Poison\n|move|p1a: Iron Hands|Drain Punch|p2b: Garganacl\n|-resisted|p2b: Garganacl\n|-damage|p2b: Garganacl|67\/100\n|-heal|p1a: Iron Hands|73\/100|[from] drain|[of] p2b: Garganacl\n|move|p2b: Garganacl|Iron Defense|p2b: Garganacl\n|-boost|p2b: Garganacl|def|2\n|move|p1b: Cresselia|Lunar Blessing|p1b: Cresselia|[spread] p1a,p1b\n|-heal|p1a: Iron Hands|98\/100\n|-heal|p1b: Cresselia|70\/100\n|move|p2a: Ninetales|Encore|p1a: Iron Hands\n|-start|p1a: Iron Hands|Encore\n|\n|-weather|Snow|[upkeep]\n|-heal|p1a: Iron Hands|100\/100|[from] Grassy Terrain\n|-heal|p2b: Garganacl|73\/100|[from] Grassy Terrain\n|-heal|p2b: Garganacl|79\/100|[from] item: Leftovers\n|upkeep\n|turn|4\n|\n|t:|1698305752\n|move|p2a: Ninetales|Protect|p2a: Ninetales\n|-singleturn|p2a: Ninetales|Protect\n|move|p1a: Iron Hands|Drain Punch|p2b: Garganacl\n|-resisted|p2b: Garganacl\n|-damage|p2b: Garganacl|64\/100\n|move|p2b: Garganacl|Salt Cure|p1b: Cresselia\n|-damage|p1b: Cresselia|61\/100\n|-start|p1b: Cresselia|Salt Cure\n|move|p1b: Cresselia|Psychic|p2b: Garganacl\n|-supereffective|p2b: Garganacl\n|-damage|p2b: Garganacl|45\/100\n|\n|-weather|Snow|[upkeep]\n|-heal|p2b: Garganacl|51\/100|[from] Grassy Terrain\n|-heal|p2b: Garganacl|57\/100|[from] item: Leftovers\n|-damage|p1b: Cresselia|48\/100|[from] Salt Cure\n|upkeep\n|turn|5\n|\n|t:|1698305766\n|switch|p1b: Ursaluna|Ursaluna, M|100\/100\n|switch|p2a: Flutter Mane|Flutter Mane|100\/100\n|move|p1a: Iron Hands|Drain Punch|p2b: Garganacl\n|-resisted|p2b: Garganacl\n|-damage|p2b: Garganacl|43\/100\n|move|p2b: Garganacl|Salt Cure|p1a: Iron Hands\n|-resisted|p1a: Iron Hands\n|-damage|p1a: Iron Hands|96\/100\n|-start|p1a: Iron Hands|Salt Cure\n|\n|-weather|none\n|-heal|p1a: Iron Hands|100\/100|[from] Grassy Terrain\n|-heal|p2b: Garganacl|49\/100|[from] Grassy Terrain\n|-heal|p2b: Garganacl|55\/100|[from] item: Leftovers\n|-damage|p1a: Iron Hands|88\/100|[from] Salt Cure\n|-fieldend|move: Grassy Terrain\n|-status|p1b: Ursaluna|brn|[from] item: Flame Orb\n|upkeep\n|turn|6\n|\n|t:|1698305784\n|-end|p1a: Iron Hands|Quark Drive|[silent]\n|switch|p1a: Rillaboom|Rillaboom, M|100\/100\n|-fieldstart|move: Grassy Terrain|[from] ability: Grassy Surge|[of] p1a: Rillaboom\n|-end|p2a: Flutter Mane|Protosynthesis|[silent]\n|switch|p2a: Rillaboom|Rillaboom, M|58\/100\n|move|p1b: Ursaluna|Swords Dance|p1b: Ursaluna\n|-boost|p1b: Ursaluna|atk|2\n|move|p2b: Garganacl|Recover|p2b: Garganacl\n|-heal|p2b: Garganacl|100\/100\n|\n|-heal|p2a: Rillaboom|64\/100|[from] Grassy Terrain\n|-damage|p1b: Ursaluna|94\/100 brn|[from] brn\n|-fieldend|move: Trick Room\n|upkeep\n|turn|7\n|\n|t:|1698305799\n|move|p1b: Ursaluna|Protect|p1b: Ursaluna\n|-singleturn|p1b: Ursaluna|Protect\n|move|p2a: Rillaboom|Fake Out|p1b: Ursaluna\n|-activate|p1b: Ursaluna|move: Protect\n|move|p1a: Rillaboom|U-turn|p2a: Rillaboom\n|-supereffective|p2a: Rillaboom\n|-damage|p2a: Rillaboom|16\/100\n|\n|t:|1698305813\n|switch|p1a: Sinistcha|Sinistcha|100\/100|[from] U-turn\n|-heal|p1b: Ursaluna|100\/100 brn|[from] ability: Hospitality|[of] p1a: Sinistcha\n|move|p2b: Garganacl|Body Press|p1b: Ursaluna\n|-activate|p1b: Ursaluna|move: Protect\n|\n|-heal|p2a: Rillaboom|22\/100|[from] Grassy Terrain\n|-damage|p1b: Ursaluna|94\/100 brn|[from] brn\n|upkeep\n|turn|8\n|\n|t:|1698305829\n|move|p1a: Sinistcha|Rage Powder|p1a: Sinistcha\n|-singleturn|p1a: Sinistcha|move: Rage Powder\n|move|p2a: Rillaboom|Wood Hammer|p1b: Ursaluna\n|-supereffective|p1b: Ursaluna\n|-damage|p1b: Ursaluna|0 fnt\n|faint|p1b: Ursaluna\n|-damage|p2a: Rillaboom|0 fnt|[from] Recoil\n|faint|p2a: Rillaboom\n|move|p2b: Garganacl|Salt Cure|p1a: Sinistcha\n|-damage|p1a: Sinistcha|88\/100\n|-start|p1a: Sinistcha|Salt Cure\n|\n|-heal|p1a: Sinistcha|94\/100|[from] Grassy Terrain\n|-damage|p1a: Sinistcha|82\/100|[from] Salt Cure\n|-sideend|p2: Schister|move: Aurora Veil\n|upkeep\n|\n|t:|1698305843\n|switch|p2a: Ninetales|Ninetales-Alola, F|100\/100\n|switch|p1b: Rillaboom|Rillaboom, M|100\/100\n|-weather|Snow|[from] ability: Snow Warning|[of] p2a: Ninetales\n|turn|9\n|\n|t:|1698305856\n|move|p2a: Ninetales|Aurora Veil|p2a: Ninetales\n|-sidestart|p2: Schister|move: Aurora Veil\n|move|p1b: Rillaboom|Wood Hammer|p2a: Ninetales\n|-damage|p2a: Ninetales|32\/100\n|-damage|p1b: Rillaboom|77\/100|[from] Recoil\n|move|p2b: Garganacl|Iron Defense|p2b: Garganacl\n|-boost|p2b: Garganacl|def|2\n|move|p1a: Sinistcha|Trick Room|p1a: Sinistcha\n|-fieldstart|move: Trick Room|[of] p1a: Sinistcha\n|\n|-weather|Snow|[upkeep]\n|-heal|p1a: Sinistcha|88\/100|[from] Grassy Terrain\n|-heal|p1b: Rillaboom|83\/100|[from] Grassy Terrain\n|-heal|p2a: Ninetales|38\/100|[from] Grassy Terrain\n|-damage|p1a: Sinistcha|76\/100|[from] Salt Cure\n|upkeep\n|turn|10\n|\n|t:|1698305873\n|switch|p1a: Heatran|Heatran, M|100\/100\n|move|p2b: Garganacl|Body Press|p1b: Rillaboom\n|-damage|p1b: Rillaboom|14\/100\n|move|p1b: Rillaboom|Wood Hammer|p2a: Ninetales\n|-damage|p2a: Ninetales|0 fnt\n|faint|p2a: Ninetales\n|-damage|p1b: Rillaboom|1\/100|[from] Recoil\n|\n|-weather|Snow|[upkeep]\n|-heal|p1b: Rillaboom|8\/100|[from] Grassy Terrain\n|-fieldend|move: Grassy Terrain\n|upkeep\n|\n|t:|1698305884\n|switch|p2a: Baxcalibur|Baxcalibur, M|100\/100\n|turn|11\n|\n|t:|1698305895\n|switch|p1a: Sinistcha|Sinistcha|76\/100\n|-heal|p1b: Rillaboom|32\/100|[from] ability: Hospitality|[of] p1a: Sinistcha\n|move|p2b: Garganacl|Body Press|p1a: Sinistcha\n|-immune|p1a: Sinistcha\n|move|p2a: Baxcalibur|Icicle Crash|p1a: Sinistcha\n|-supereffective|p1a: Sinistcha\n|-damage|p1a: Sinistcha|0 fnt\n|faint|p1a: Sinistcha\n|move|p1b: Rillaboom|Wood Hammer|p2a: Baxcalibur\n|-resisted|p2a: Baxcalibur\n|-crit|p2a: Baxcalibur\n|-damage|p2a: Baxcalibur|56\/100\n|-damage|p1b: Rillaboom|14\/100|[from] Recoil\n|\n|-weather|Snow|[upkeep]\n|upkeep\n|\n|t:|1698305908\n|switch|p1a: Iron Hands|Iron Hands|88\/100\n|turn|12\n|\n|t:|1698305923\n|switch|p1b: Cresselia|Cresselia, F|48\/100\n|move|p1a: Iron Hands|Thunder Punch|p2a: Baxcalibur\n|-resisted|p2a: Baxcalibur\n|-damage|p2a: Baxcalibur|49\/100\n|move|p2b: Garganacl|Salt Cure|p1a: Iron Hands\n|-resisted|p1a: Iron Hands\n|-damage|p1a: Iron Hands|84\/100\n|-start|p1a: Iron Hands|Salt Cure\n|move|p2a: Baxcalibur|High Horsepower|p1a: Iron Hands\n|-supereffective|p1a: Iron Hands\n|-damage|p1a: Iron Hands|38\/100\n|\n|-weather|Snow|[upkeep]\n|-damage|p1a: Iron Hands|26\/100|[from] Salt Cure\n|upkeep\n|turn|13\n|\n|t:|1698305938\n|move|p1a: Iron Hands|Drain Punch|p2a: Baxcalibur\n|-supereffective|p2a: Baxcalibur\n|-crit|p2a: Baxcalibur\n|-damage|p2a: Baxcalibur|0 fnt\n|-heal|p1a: Iron Hands|46\/100|[from] drain|[of] p2a: Baxcalibur\n|faint|p2a: Baxcalibur\n|move|p2b: Garganacl|Body Press|p1a: Iron Hands\n|-damage|p1a: Iron Hands|4\/100\n|move|p1b: Cresselia|Psychic|p2b: Garganacl\n|-supereffective|p2b: Garganacl\n|-damage|p2b: Garganacl|80\/100\n|\n|-weather|none\n|-heal|p2b: Garganacl|86\/100|[from] item: Leftovers\n|-damage|p1a: Iron Hands|0 fnt|[from] Salt Cure\n|faint|p1a: Iron Hands\n|-end|p1a: Iron Hands|Quark Drive|[silent]\n|-fieldend|move: Trick Room\n|upkeep\n|\n|t:|1698305950\n|switch|p2a: Flutter Mane|Flutter Mane|100\/100\n|switch|p1a: Rillaboom|Rillaboom, M|14\/100\n|-fieldstart|move: Grassy Terrain|[from] ability: Grassy Surge|[of] p1a: Rillaboom\n|turn|14\n|\n|t:|1698305960\n|move|p1a: Rillaboom|Grassy Glide|p2a: Flutter Mane\n|-damage|p2a: Flutter Mane|32\/100\n|move|p2a: Flutter Mane|Shadow Ball|p1b: Cresselia\n|-supereffective|p1b: Cresselia\n|-damage|p1b: Cresselia|0 fnt\n|faint|p1b: Cresselia\n|move|p2b: Garganacl|Salt Cure|p1a: Rillaboom\n|-damage|p1a: Rillaboom|0 fnt\n|faint|p1a: Rillaboom\n|\n|-heal|p2a: Flutter Mane|38\/100|[from] Grassy Terrain\n|-heal|p2b: Garganacl|92\/100|[from] Grassy Terrain\n|-heal|p2b: Garganacl|98\/100|[from] item: Leftovers\n|upkeep\n|\n|t:|1698305967\n|switch|p1b: Heatran|Heatran, M|100\/100\n|turn|15\n|\n|t:|1698305971\n|move|p2a: Flutter Mane|Shadow Ball|p1b: Heatran\n|-damage|p1b: Heatran|54\/100\n|-unboost|p1b: Heatran|spd|1\n|move|p1b: Heatran|Earth Power|p2b: Garganacl\n|-supereffective|p2b: Garganacl\n|-damage|p2b: Garganacl|66\/100\n|-unboost|p2b: Garganacl|spd|1\n|move|p2b: Garganacl|Body Press|p1b: Heatran\n|-supereffective|p1b: Heatran\n|-damage|p1b: Heatran|0 fnt\n|faint|p1b: Heatran\n|\n|win|Schister\n|raw|Shut Up Shut Up\u00b2's rating: 1641 &rarr; <strong>1623<\/strong><br \/>(-18 for losing)\n|raw|Schister's rating: 1684 &rarr; <strong>1702<\/strong><br \/>(+18 for winning)\n|l|\u203dShut Up Shut Up\u00b2\n","uploadtime":1698305986,"views":20,"p1id":"shutupshutup","p2id":"schister","formatid":"gen9doublesou","rating":1623,"private":0,"password":""}