{"id":"gen9doublesou-1970245041","p1":"hpl12345","p2":"TitanoTurtle","format":"[Gen 9] Doubles OU","log":"|j|\u2606hpl12345\n|j|\u2606TitanoTurtle\n|inactive|Battle timer is ON: inactive players will automatically lose when time's up.\n|t:|1697616405\n|gametype|doubles\n|player|p1|hpl12345|101|\n|player|p2|TitanoTurtle|n|\n|teamsize|p1|2\n|teamsize|p2|2\n|gen|9\n|tier|[Gen 9] Doubles OU\n|rated|Tournament battle\n|rule|Species Clause: Limit one of each Pok\u00e9mon\n|rule|OHKO Clause: OHKO moves are banned\n|rule|Evasion Moves Clause: Evasion moves are banned\n|rule|Gravity Sleep Clause: The combination of sleep-inducing moves with imperfect accuracy and Gravity or Gigantamax Orbeetle are banned\n|rule|Endless Battle Clause: Forcing endless battles is banned\n|rule|HP Percentage Mod: HP is shown in percentages\n|clearpoke\n|poke|p1|Grimer-Alola, M|\n|poke|p1|Flabe\u0301be\u0301, F|\n|poke|p2|Pawniard, M|\n|poke|p2|Poltchageist|\n|teampreview\n|j|*Lady Monita \u263d\n|\n|t:|1697616410\n|start\n|switch|p1a: Flabe\u0301be\u0301|Flabe\u0301be\u0301, F|100\/100\n|switch|p1b: Grimer|Grimer-Alola, M|100\/100\n|switch|p2a: Poltchageist|Poltchageist|100\/100\n|switch|p2b: Pawniard|Pawniard, M|100\/100\n|turn|1\n|inactive|hpl12345 has 120 seconds left.\n|\n|t:|1697616460\n|-terastallize|p1a: Flabe\u0301be\u0301|Steel\n|move|p1a: Flabe\u0301be\u0301|Helping Hand|p1b: Grimer\n|-singleturn|p1b: Grimer|Helping Hand|[of] p1a: Flabe\u0301be\u0301\n|move|p2b: Pawniard|Thunder Wave|p1b: Grimer\n|-status|p1b: Grimer|par\n|move|p2a: Poltchageist|Stun Spore|p1a: Flabe\u0301be\u0301\n|-status|p1a: Flabe\u0301be\u0301|par\n|move|p1b: Grimer|Knock Off|p2a: Poltchageist\n|-supereffective|p2a: Poltchageist\n|-damage|p2a: Poltchageist|0 fnt\n|-enditem|p2a: Poltchageist|Eviolite|[from] move: Knock Off|[of] p1b: Grimer\n|faint|p2a: Poltchageist\n|\n|upkeep\n|turn|2\n|inactive|hpl12345 has 120 seconds left.\n|j| larssie262\n|\n|t:|1697616482\n|-terastallize|p2b: Pawniard|Fire\n|move|p1a: Flabe\u0301be\u0301|Helping Hand|p1b: Grimer\n|-singleturn|p1b: Grimer|Helping Hand|[of] p1a: Flabe\u0301be\u0301\n|move|p2b: Pawniard|Swords Dance|p2b: Pawniard\n|-boost|p2b: Pawniard|atk|2\n|move|p1b: Grimer|Drain Punch|p2b: Pawniard\n|-damage|p2b: Pawniard|65\/100\n|\n|upkeep\n|turn|3\n|inactive|hpl12345 has 120 seconds left.\n|\n|t:|1697616494\n|move|p1a: Flabe\u0301be\u0301|Helping Hand|p1b: Grimer\n|-singleturn|p1b: Grimer|Helping Hand|[of] p1a: Flabe\u0301be\u0301\n|move|p2b: Pawniard|Iron Head|p1b: Grimer\n|-damage|p1b: Grimer|31\/100 par\n|cant|p1b: Grimer|par\n|\n|upkeep\n|turn|4\n|\n|t:|1697616507\n|cant|p1b: Grimer|par\n|move|p2b: Pawniard|Iron Head|p1b: Grimer\n|-damage|p1b: Grimer|0 fnt\n|faint|p1b: Grimer\n|move|p1a: Flabe\u0301be\u0301|Moonblast|p2b: Pawniard\n|-resisted|p2b: Pawniard\n|-damage|p2b: Pawniard|48\/100\n|\n|upkeep\n|turn|5\n|l| larssie262\n|\n|t:|1697616516\n|move|p2b: Pawniard|Iron Head|p1a: Flabe\u0301be\u0301\n|-resisted|p1a: Flabe\u0301be\u0301\n|-damage|p1a: Flabe\u0301be\u0301|69\/100 par\n|move|p1a: Flabe\u0301be\u0301|Moonblast|p2b: Pawniard\n|-resisted|p2b: Pawniard\n|-damage|p2b: Pawniard|31\/100\n|-unboost|p2b: Pawniard|spa|1\n|-ability|p2b: Pawniard|Defiant|boost\n|-boost|p2b: Pawniard|atk|2\n|\n|upkeep\n|turn|6\n|\n|t:|1697616525\n|move|p2b: Pawniard|Night Slash|p1a: Flabe\u0301be\u0301\n|-damage|p1a: Flabe\u0301be\u0301|0 fnt\n|faint|p1a: Flabe\u0301be\u0301\n|\n|win|TitanoTurtle\n|n|\u2606hpl12345|hpl12345\n|n|\u2606TitanoTurtle|titanoturtle\n|n|*Lady Monita \u263d|ladymonita\n","uploadtime":1697616526,"views":12,"p1id":"hpl12345","p2id":"titanoturtle","formatid":"gen9doublesou","rating":0,"private":0,"password":""}