{"id":"gen9doublesou-1972279004","p1":"rocko546","p2":"Jacataca37","format":"[Gen 9] Doubles OU","log":"|j|\u2606rocko546\n|j|\u2606Jacataca37\n|inactive|Battle timer is ON: inactive players will automatically lose when time's up.\n|t:|1697827463\n|gametype|doubles\n|player|p1|rocko546|scientist-gen4dp|\n|player|p2|Jacataca37|medium|\n|teamsize|p1|6\n|teamsize|p2|6\n|gen|9\n|tier|[Gen 9] Doubles OU\n|rated|Tournament battle\n|rule|Species Clause: Limit one of each Pok\u00e9mon\n|rule|OHKO Clause: OHKO moves are banned\n|rule|Evasion Moves Clause: Evasion moves are banned\n|rule|Gravity Sleep Clause: The combination of sleep-inducing moves with imperfect accuracy and Gravity or Gigantamax Orbeetle are banned\n|rule|Endless Battle Clause: Forcing endless battles is banned\n|rule|HP Percentage Mod: HP is shown in percentages\n|clearpoke\n|poke|p1|Gothitelle, M|\n|poke|p1|Crabominable, M|\n|poke|p1|Masquerain, M|\n|poke|p1|Dudunsparce-*, M|\n|poke|p1|Wugtrio, M|\n|poke|p1|Muk-Alola, F|\n|poke|p2|Houndstone, F|\n|poke|p2|Palossand, F|\n|poke|p2|Kingambit, M|\n|poke|p2|Lumineon, F|\n|poke|p2|Lilligant-Hisui, F|\n|poke|p2|Volcarona, M|\n|teampreview\n|j|*Lady Monita \u263d\n|inactive|Jacataca37 also wants the timer to be on.\n|j| Nazuzzzzzz\n|\n|t:|1697827481\n|start\n|switch|p1a: Masquerain|Masquerain, M|100\/100\n|switch|p1b: Wugtrio|Wugtrio, M|100\/100\n|switch|p2a: Palossand|Palossand, F|100\/100\n|switch|p2b: Lumineon|Lumineon, F|100\/100\n|-ability|p1a: Masquerain|Intimidate|boost\n|-unboost|p2a: Palossand|atk|1\n|-unboost|p2b: Lumineon|atk|1\n|turn|1\n|c|\u2606rocko546|sheesh crazy team\n|inactive|Jacataca37 has 120 seconds left.\n|c|\u2606Jacataca37|my first opponent that got disqualified had a full on sun team lol\n|\n|t:|1697827524\n|move|p1b: Wugtrio|Throat Chop|p2a: Palossand\n|-supereffective|p2a: Palossand\n|-damage|p2a: Palossand|40\/100\n|-start|p2a: Palossand|Throat Chop|[silent]\n|-enditem|p2a: Palossand|Weakness Policy\n|-boost|p2a: Palossand|atk|2|[from] item: Weakness Policy\n|-boost|p2a: Palossand|spa|2|[from] item: Weakness Policy\n|move|p1a: Masquerain|Sticky Web|p2b: Lumineon\n|-sidestart|p2: Jacataca37|move: Sticky Web\n|move|p2b: Lumineon|Flip Turn|p2a: Palossand\n|-supereffective|p2a: Palossand\n|-damage|p2a: Palossand|23\/100\n|-ability|p2a: Palossand|Water Compaction|boost\n|-boost|p2a: Palossand|def|2\n|\n|t:|1697827537\n|switch|p2b: Volcarona|Volcarona, M|100\/100|[from] Flip Turn\n|move|p2a: Palossand|Shadow Ball|p1a: Masquerain\n|-damage|p1a: Masquerain|1\/100\n|\n|upkeep\n|turn|2\n|inactive|Jacataca37 has 120 seconds left.\n|\n|t:|1697827551\n|move|p1b: Wugtrio|Throat Chop|p2a: Palossand\n|-supereffective|p2a: Palossand\n|-damage|p2a: Palossand|0 fnt\n|faint|p2a: Palossand\n|move|p2b: Volcarona|Giga Drain|p1b: Wugtrio\n|-supereffective|p1b: Wugtrio\n|-damage|p1b: Wugtrio|0 fnt\n|faint|p1b: Wugtrio\n|move|p1a: Masquerain|Hurricane|p2b: Volcarona|[miss]\n|-miss|p1a: Masquerain|p2b: Volcarona\n|\n|upkeep\n|\n|t:|1697827563\n|switch|p1b: Gothitelle|Gothitelle, M|100\/100\n|switch|p2a: Lilligant|Lilligant-Hisui, F|100\/100\n|-activate|p2a: Lilligant|move: Sticky Web\n|-unboost|p2a: Lilligant|spe|1\n|turn|3\n|j| Captain Love\n|\n|t:|1697827579\n|move|p1b: Gothitelle|Fake Out|p2b: Volcarona\n|-damage|p2b: Volcarona|92\/100\n|cant|p2b: Volcarona|flinch\n|move|p1a: Masquerain|Hurricane|p2b: Volcarona\n|-supereffective|p2b: Volcarona\n|-damage|p2b: Volcarona|0 fnt\n|faint|p2b: Volcarona\n|move|p2a: Lilligant|Victory Dance|p2a: Lilligant\n|-boost|p2a: Lilligant|atk|1\n|-boost|p2a: Lilligant|def|1\n|-boost|p2a: Lilligant|spe|1\n|\n|upkeep\n|l| Captain Love\n|\n|t:|1697827591\n|switch|p2b: Houndstone|Houndstone, F|100\/100\n|-activate|p2b: Houndstone|move: Sticky Web\n|-unboost|p2b: Houndstone|spe|1\n|turn|4\n|\n|t:|1697827600\n|move|p2b: Houndstone|Shadow Sneak|p1a: Masquerain\n|-damage|p1a: Masquerain|0 fnt\n|faint|p1a: Masquerain\n|-damage|p2b: Houndstone|91\/100|[from] item: Life Orb\n|move|p2a: Lilligant|Leaf Blade|p1b: Gothitelle\n|-damage|p1b: Gothitelle|46\/100\n|-enditem|p1b: Gothitelle|Sitrus Berry|[eat]\n|-heal|p1b: Gothitelle|71\/100|[from] item: Sitrus Berry\n|move|p1b: Gothitelle|Psychic|p2a: Lilligant\n|-supereffective|p2a: Lilligant\n|-crit|p2a: Lilligant\n|-enditem|p2a: Lilligant|Focus Sash\n|-damage|p2a: Lilligant|1\/100\n|\n|upkeep\n|\n|t:|1697827615\n|switch|p1a: Muk|Muk-Alola, F|100\/100\n|turn|5\n|\n|t:|1697827629\n|move|p1b: Gothitelle|Protect|p1b: Gothitelle\n|-singleturn|p1b: Gothitelle|Protect\n|move|p2a: Lilligant|Acrobatics|p1a: Muk\n|-damage|p1a: Muk|43\/100\n|move|p1a: Muk|Knock Off|p2a: Lilligant\n|-resisted|p2a: Lilligant\n|-damage|p2a: Lilligant|0 fnt\n|faint|p2a: Lilligant\n|move|p2b: Houndstone|Last Respects|p1b: Gothitelle\n|-activate|p1b: Gothitelle|move: Protect\n|\n|-heal|p1a: Muk|50\/100|[from] item: Leftovers\n|upkeep\n|c|\u2606Jacataca37|you got a really good bulky team, which scares me\n|\n|t:|1697827641\n|switch|p2a: Lumineon|Lumineon, F|100\/100\n|-activate|p2a: Lumineon|move: Sticky Web\n|-unboost|p2a: Lumineon|spe|1\n|turn|6\n|\n|t:|1697827657\n|switch|p1b: Dudunsparce|Dudunsparce-Three-Segment, M|100\/100\n|move|p2a: Lumineon|Ice Beam|p1a: Muk\n|-damage|p1a: Muk|31\/100\n|move|p1a: Muk|Knock Off|p2a: Lumineon\n|-damage|p2a: Lumineon|36\/100\n|-enditem|p2a: Lumineon|Never-Melt Ice|[from] move: Knock Off|[of] p1a: Muk\n|move|p2b: Houndstone|Play Rough|p1a: Muk\n|-damage|p1a: Muk|1\/100\n|-damage|p2b: Houndstone|81\/100|[from] item: Life Orb\n|\n|-heal|p1a: Muk|7\/100|[from] item: Leftovers\n|upkeep\n|turn|7\n|\n|t:|1697827677\n|move|p1a: Muk|Protect|p1a: Muk\n|-singleturn|p1a: Muk|Protect\n|move|p2b: Houndstone|Shadow Sneak|p1a: Muk\n|-activate|p1a: Muk|move: Protect\n|move|p2a: Lumineon|Ice Beam|p1b: Dudunsparce\n|-damage|p1b: Dudunsparce|79\/100\n|move|p1b: Dudunsparce|Ancient Power|p2a: Lumineon\n|-damage|p2a: Lumineon|14\/100\n|-damage|p1b: Dudunsparce|69\/100|[from] item: Life Orb\n|\n|-heal|p1a: Muk|13\/100|[from] item: Leftovers\n|upkeep\n|turn|8\n|\n|t:|1697827694\n|move|p2a: Lumineon|Encore|p1a: Muk\n|-start|p1a: Muk|Encore\n|move|p1a: Muk|Protect||[still]\n|-fail|p1a: Muk\n|move|p1b: Dudunsparce|Ancient Power|p2a: Lumineon\n|-damage|p2a: Lumineon|0 fnt\n|faint|p2a: Lumineon\n|-damage|p1b: Dudunsparce|59\/100|[from] item: Life Orb\n|move|p2b: Houndstone|Body Press|p1b: Dudunsparce\n|-supereffective|p1b: Dudunsparce\n|-damage|p1b: Dudunsparce|19\/100\n|-damage|p2b: Houndstone|71\/100|[from] item: Life Orb\n|\n|-heal|p1a: Muk|19\/100|[from] item: Leftovers\n|upkeep\n|j| ZacianBoi101\n|\n|t:|1697827707\n|switch|p2a: Kingambit|Kingambit, M|100\/100\n|-activate|p2a: Kingambit|move: Sticky Web\n|-unboost|p2a: Kingambit|spe|1\n|-activate|p2a: Kingambit|ability: Supreme Overlord\n|-start|p2a: Kingambit|fallen4|[silent]\n|turn|9\n|j| Mkap\n|\n|t:|1697827728\n|switch|p1a: Gothitelle|Gothitelle, M|71\/100\n|move|p1b: Dudunsparce|Roost|p1b: Dudunsparce\n|-heal|p1b: Dudunsparce|69\/100\n|-singleturn|p1b: Dudunsparce|move: Roost\n|move|p2b: Houndstone|Body Press|p1b: Dudunsparce\n|-supereffective|p1b: Dudunsparce\n|-damage|p1b: Dudunsparce|31\/100\n|-damage|p2b: Houndstone|61\/100|[from] item: Life Orb\n|move|p2a: Kingambit|Swords Dance|p2a: Kingambit\n|-boost|p2a: Kingambit|atk|2\n|\n|upkeep\n|turn|10\n|\n|t:|1697827749\n|move|p1a: Gothitelle|Fake Out|p2a: Kingambit\n|-resisted|p2a: Kingambit\n|-damage|p2a: Kingambit|99\/100\n|move|p1b: Dudunsparce|Ancient Power|p2b: Houndstone\n|-damage|p2b: Houndstone|46\/100\n|-damage|p1b: Dudunsparce|21\/100|[from] item: Life Orb\n|move|p2b: Houndstone|Last Respects|p1a: Gothitelle\n|-supereffective|p1a: Gothitelle\n|-damage|p1a: Gothitelle|0 fnt\n|faint|p1a: Gothitelle\n|-damage|p2b: Houndstone|36\/100|[from] item: Life Orb\n|cant|p2a: Kingambit|flinch\n|\n|upkeep\n|\n|t:|1697827760\n|switch|p1a: Muk|Muk-Alola, F|19\/100\n|turn|11\n|\n|t:|1697827768\n|move|p2a: Kingambit|Sucker Punch|p1a: Muk\n|-resisted|p1a: Muk\n|-damage|p1a: Muk|0 fnt\n|faint|p1a: Muk\n|move|p1b: Dudunsparce|Zen Headbutt|p2b: Houndstone\n|-damage|p2b: Houndstone|28\/100\n|-damage|p1b: Dudunsparce|11\/100|[from] item: Life Orb\n|move|p2b: Houndstone|Body Press|p1b: Dudunsparce\n|-supereffective|p1b: Dudunsparce\n|-damage|p1b: Dudunsparce|0 fnt\n|faint|p1b: Dudunsparce\n|-damage|p2b: Houndstone|18\/100|[from] item: Life Orb\n|\n|upkeep\n|\n|t:|1697827772\n|switch|p1b: Crabominable|Crabominable, M, shiny|100\/100\n|turn|12\n|c| Mkap|crabominable sweep incoming\n|\n|t:|1697827786\n|-terastallize|p1b: Crabominable|Water\n|move|p2a: Kingambit|Sucker Punch|p1b: Crabominable\n|-damage|p1b: Crabominable|0 fnt\n|faint|p1b: Crabominable\n|\n|win|Jacataca37\n|n|\u2606rocko546|rocko546\n|n|\u2606Jacataca37|jacataca37\n|n|*Lady Monita \u263d|ladymonita\n|n| Nazuzzzzzz|nazuzzzzzz\n|n| ZacianBoi101|zacianboi101\n|n| Mkap|mkap\n","uploadtime":1697827790,"views":12,"p1id":"rocko546","p2id":"jacataca37","formatid":"gen9doublesou","rating":0,"private":0,"password":""}