{"id":"gen9doublesou-1996649246","p1":"chinadollhouse","p2":"QueenNickiDominant","format":"[Gen 9] Doubles OU","log":"|j|\u2606chinadollhouse\n|j|\u2606QueenNickiDominant\n|t:|1700705058\n|gametype|doubles\n|player|p1|chinadollhouse|valerie|\n|player|p2|QueenNickiDominant|beauty-gen7|\n|teamsize|p1|6\n|teamsize|p2|6\n|gen|9\n|tier|[Gen 9] Doubles OU\n|rule|Species Clause: Limit one of each Pok\u00e9mon\n|rule|OHKO Clause: OHKO moves are banned\n|rule|Evasion Moves Clause: Evasion moves are banned\n|rule|Gravity Sleep Clause: The combination of sleep-inducing moves with imperfect accuracy and Gravity or Gigantamax Orbeetle are banned\n|rule|Endless Battle Clause: Forcing endless battles is banned\n|rule|HP Percentage Mod: HP is shown in percentages\n|clearpoke\n|poke|p1|Staraptor, F|\n|poke|p1|Tornadus, M|\n|poke|p1|Zapdos-Galar|\n|poke|p1|Landorus-Therian, M|\n|poke|p1|Vivillon-Icy Snow, F|\n|poke|p1|Garchomp, F|\n|poke|p2|Inteleon, F|\n|poke|p2|Thundurus, M|\n|poke|p2|Talonflame, F|\n|poke|p2|Sneasler, F|\n|poke|p2|Articuno-Galar|\n|poke|p2|Hoopa-Unbound|\n|teampreview\n|inactive|Battle timer is ON: inactive players will automatically lose when time's up. (requested by chinadollhouse)\n|inactive|QueenNickiDominant has 270 seconds left.\n|\n|t:|1700705108\n|start\n|switch|p1a: highlander|Tornadus, M, shiny|100\/100\n|switch|p1b: ANTIFRAGILE|Landorus-Therian, M, shiny|100\/100\n|switch|p2a: Nigel|Thundurus, M, shiny|100\/100\n|switch|p2b: Lucky|Talonflame, F, shiny|100\/100\n|-ability|p1b: ANTIFRAGILE|Intimidate|boost\n|-unboost|p2a: Nigel|atk|1\n|-unboost|p2b: Lucky|atk|1\n|turn|1\n|\n|t:|1700705133\n|move|p2b: Lucky|Quick Guard|p2b: Lucky\n|-singleturn|p2b: Lucky|Quick Guard\n|move|p2a: Nigel|Rain Dance|p2a: Nigel\n|-weather|RainDance\n|move|p1a: highlander|Tailwind|p1a: highlander\n|-sidestart|p1: chinadollhouse|move: Tailwind\n|move|p1b: ANTIFRAGILE|Rock Slide|p2a: Nigel|[spread] p2a,p2b\n|-supereffective|p2a: Nigel\n|-supereffective|p2b: Lucky\n|-damage|p2a: Nigel|0 fnt\n|-damage|p2b: Lucky|0 fnt\n|faint|p2a: Nigel\n|faint|p2b: Lucky\n|\n|-weather|RainDance|[upkeep]\n|upkeep\n|inactive|QueenNickiDominant has 270 seconds left.\n|\n|t:|1700705172\n|switch|p2b: Talula|Hoopa-Unbound|100\/100\n|switch|p2a: Azealia|Inteleon, F, shiny|100\/100\n|turn|2\n|\n|t:|1700705194\n|move|p1a: highlander|Bleakwind Storm|p2b: Talula|[spread] p2a,p2b\n|-damage|p2a: Azealia|31\/100\n|-damage|p2b: Talula|68\/100\n|move|p1b: ANTIFRAGILE|Rock Slide|p2b: Talula|[spread] p2b\n|-miss|p1b: ANTIFRAGILE|p2a: Azealia\n|-damage|p2b: Talula|25\/100\n|move|p2a: Azealia|Snipe Shot|p1b: ANTIFRAGILE\n|-supereffective|p1b: ANTIFRAGILE\n|-crit|p1b: ANTIFRAGILE\n|-damage|p1b: ANTIFRAGILE|0 fnt\n|faint|p1b: ANTIFRAGILE\n|move|p2b: Talula|Hyperspace Fury|p1a: highlander\n|-damage|p1a: highlander|10\/100\n|-unboost|p2b: Talula|def|1\n|\n|-weather|RainDance|[upkeep]\n|upkeep\n|inactive|chinadollhouse has 270 seconds left.\n|\n|t:|1700705219\n|switch|p1b: sukihanna|Vivillon-Icy Snow, F, shiny|100\/100\n|turn|3\n|inactive|QueenNickiDominant has 270 seconds left.\n|\n|t:|1700705235\n|move|p2a: Azealia|Vacuum Wave|p1a: highlander\n|-resisted|p1a: highlander\n|-damage|p1a: highlander|1\/100\n|move|p1a: highlander|Bleakwind Storm|p2a: Azealia|[spread] p2a,p2b\n|-damage|p2a: Azealia|0 fnt\n|-damage|p2b: Talula|0 fnt\n|faint|p2a: Azealia\n|faint|p2b: Talula\n|move|p1b: sukihanna|Quiver Dance|p1b: sukihanna\n|-boost|p1b: sukihanna|spa|1\n|-boost|p1b: sukihanna|spd|1\n|-boost|p1b: sukihanna|spe|1\n|\n|-weather|RainDance|[upkeep]\n|upkeep\n|\n|t:|1700705246\n|switch|p2a: Rasputra|Sneasler, F|100\/100\n|switch|p2b: Miyagi Hyuuga|Articuno-Galar, shiny|100\/100\n|turn|4\n|inactive|QueenNickiDominant has 270 seconds left.\n|\n|t:|1700705284\n|move|p1a: highlander|Protect|p1a: highlander\n|-singleturn|p1a: highlander|Protect\n|move|p1b: sukihanna|Sleep Powder|p2a: Rasputra\n|-status|p2a: Rasputra|slp|[from] move: Sleep Powder\n|cant|p2a: Rasputra|slp\n|move|p2b: Miyagi Hyuuga|Ancient Power|p1b: sukihanna\n|-supereffective|p1b: sukihanna\n|-enditem|p1b: sukihanna|Focus Sash\n|-damage|p1b: sukihanna|1\/100\n|\n|-weather|RainDance|[upkeep]\n|-sideend|p1: chinadollhouse|move: Tailwind\n|upkeep\n|turn|5\n|inactive|QueenNickiDominant has 270 seconds left.\n|\n|t:|1700705302\n|-terastallize|p2a: Rasputra|Dark\n|move|p1a: highlander|Tailwind|p1a: highlander\n|-sidestart|p1: chinadollhouse|move: Tailwind\n|move|p1b: sukihanna|Sleep Powder|p2b: Miyagi Hyuuga\n|-status|p2b: Miyagi Hyuuga|slp|[from] move: Sleep Powder\n|cant|p2a: Rasputra|slp\n|cant|p2b: Miyagi Hyuuga|slp\n|\n|-weather|none\n|upkeep\n|turn|6\n|\n|t:|1700705315\n|move|p1b: sukihanna|Hurricane|p2a: Rasputra\n|-damage|p2a: Rasputra|16\/100 slp\n|-start|p2a: Rasputra|confusion\n|move|p1a: highlander|Bleakwind Storm|p2b: Miyagi Hyuuga|[spread] p2a,p2b\n|-damage|p2a: Rasputra|0 fnt\n|-damage|p2b: Miyagi Hyuuga|53\/100 slp\n|-unboost|p2b: Miyagi Hyuuga|spe|1\n|-ability|p2b: Miyagi Hyuuga|Competitive|boost\n|-boost|p2b: Miyagi Hyuuga|spa|2\n|faint|p2a: Rasputra\n|-curestatus|p2b: Miyagi Hyuuga|slp|[msg]\n|move|p2b: Miyagi Hyuuga|Ancient Power|p1a: highlander\n|-supereffective|p1a: highlander\n|-damage|p1a: highlander|0 fnt\n|faint|p1a: highlander\n|\n|upkeep\n|-message|QueenNickiDominant forfeited.\n|\n|win|chinadollhouse\n|l|\u2606QueenNickiDominant\n","uploadtime":1700705394,"views":1,"p1id":"chinadollhouse","p2id":"queennickidominant","formatid":"gen9doublesou","rating":0,"private":0,"password":""}