{"id":"gen9doublesou-1983365681","p1":"Yuuki Asuna XVII","p2":"Rajastega23","format":"[Gen 9] Doubles OU","log":"|j|\u2606Yuuki Asuna XVII\n|j|\u2606Rajastega23\n|inactive|Battle timer is ON: inactive players will automatically lose when time's up.\n|t:|1699122510\n|gametype|doubles\n|player|p1|Yuuki Asuna XVII|lusamine-nihilego|\n|player|p2|Rajastega23|170|\n|teamsize|p1|6\n|teamsize|p2|6\n|gen|9\n|tier|[Gen 9] Doubles OU\n|rated|Tournament battle\n|rule|Species Clause: Limit one of each Pok\u00e9mon\n|rule|OHKO Clause: OHKO moves are banned\n|rule|Evasion Moves Clause: Evasion moves are banned\n|rule|Gravity Sleep Clause: The combination of sleep-inducing moves with imperfect accuracy and Gravity or Gigantamax Orbeetle are banned\n|rule|Endless Battle Clause: Forcing endless battles is banned\n|rule|HP Percentage Mod: HP is shown in percentages\n|clearpoke\n|poke|p1|Revavroom, F|\n|poke|p1|Bronzong|\n|poke|p1|Igglybuff, F|\n|poke|p1|Nuzleaf, F|\n|poke|p1|Rellor, M|\n|poke|p1|Quaxly, M|\n|poke|p2|Dragonite, M|\n|poke|p2|Capsakid, M|\n|poke|p2|Surskit, F|\n|poke|p2|Tadbulb, M|\n|poke|p2|Litwick, M|\n|poke|p2|Deino, F|\n|teampreview\n|j|*Lady Monita \u263d\n|inactive|Yuuki Asuna XVII also wants the timer to be on.\n|j| card of the joker\n|j| Nitrobinet\n|\n|t:|1699122536\n|start\n|switch|p1a: Bronzong|Bronzong|100\/100\n|switch|p1b: Rellor|Rellor, M|100\/100\n|switch|p2a: Surskit|Surskit, F|100\/100\n|switch|p2b: Capsakid|Capsakid, M|100\/100\n|turn|1\n|\n|t:|1699122548\n|move|p2a: Surskit|Sticky Web|p1b: Rellor\n|-sidestart|p1: Yuuki Asuna XVII|move: Sticky Web\n|move|p2b: Capsakid|Thief|p1a: Bronzong\n|-supereffective|p1a: Bronzong\n|-damage|p1a: Bronzong|82\/100\n|move|p1b: Rellor|Thief|p2a: Surskit\n|-damage|p2a: Surskit|72\/100\n|-enditem|p2a: Surskit|Focus Sash|[silent]|[from] move: Thief|[of] p1b: Rellor\n|-item|p1b: Rellor|Focus Sash|[from] move: Thief|[of] p2a: Surskit\n|move|p1a: Bronzong|Light Screen|p1a: Bronzong\n|-sidestart|p1: Yuuki Asuna XVII|move: Light Screen\n|\n|upkeep\n|turn|2\n|\n|t:|1699122565\n|move|p2a: Surskit|Rain Dance|p2a: Surskit\n|-weather|RainDance\n|move|p2b: Capsakid|Trailblaze|p1b: Rellor\n|-resisted|p1b: Rellor\n|-damage|p1b: Rellor|94\/100\n|-boost|p2b: Capsakid|spe|1\n|move|p1b: Rellor|X-Scissor|p2b: Capsakid\n|-supereffective|p2b: Capsakid\n|-enditem|p2b: Capsakid|Focus Sash\n|-damage|p2b: Capsakid|1\/100\n|move|p1a: Bronzong|Reflect|p1a: Bronzong\n|-sidestart|p1: Yuuki Asuna XVII|Reflect\n|\n|-weather|RainDance|[upkeep]\n|upkeep\n|turn|3\n|\n|t:|1699122582\n|move|p2a: Surskit|Surf|p1a: Bronzong|[spread] p2b,p1a,p1b\n|-resisted|p2b: Capsakid\n|-crit|p1a: Bronzong\n|-damage|p2b: Capsakid|0 fnt\n|-damage|p1a: Bronzong|47\/100\n|-damage|p1b: Rellor|55\/100\n|faint|p2b: Capsakid\n|move|p1b: Rellor|X-Scissor|p2a: Surskit\n|-damage|p2a: Surskit|17\/100\n|move|p1a: Bronzong|Trick Room|p1a: Bronzong\n|-fieldstart|move: Trick Room|[of] p1a: Bronzong\n|\n|-weather|RainDance|[upkeep]\n|upkeep\n|\n|t:|1699122593\n|switch|p2b: Litwick|Litwick, M|100\/100\n|turn|4\n|\n|t:|1699122604\n|-terastallize|p1a: Bronzong|Water\n|move|p2b: Litwick|Fire Blast|p1a: Bronzong\n|-resisted|p1a: Bronzong\n|-damage|p1a: Bronzong|43\/100\n|move|p1a: Bronzong|Gyro Ball|p2b: Litwick\n|-resisted|p2b: Litwick\n|-damage|p2b: Litwick|98\/100\n|move|p1b: Rellor|Thief|p2b: Litwick\n|-supereffective|p2b: Litwick\n|-damage|p2b: Litwick|83\/100\n|move|p2a: Surskit|Bug Buzz|p1b: Rellor\n|-damage|p1b: Rellor|18\/100\n|\n|-weather|RainDance|[upkeep]\n|upkeep\n|turn|5\n|\n|t:|1699122621\n|move|p2b: Litwick|Energy Ball|p1a: Bronzong\n|-supereffective|p1a: Bronzong\n|-damage|p1a: Bronzong|27\/100\n|move|p1a: Bronzong|Gyro Ball|p2a: Surskit\n|-resisted|p2a: Surskit\n|-damage|p2a: Surskit|0 fnt\n|faint|p2a: Surskit\n|move|p1b: Rellor|Recover|p1b: Rellor\n|-heal|p1b: Rellor|68\/100\n|\n|-weather|RainDance|[upkeep]\n|upkeep\n|\n|t:|1699122626\n|switch|p2a: Tadbulb|Tadbulb, M|100\/100\n|turn|6\n|\n|t:|1699122642\n|switch|p1a: Nuzleaf|Nuzleaf, F|100\/100\n|-activate|p1a: Nuzleaf|move: Sticky Web\n|-unboost|p1a: Nuzleaf|spe|1\n|move|p2b: Litwick|Fire Blast|p1b: Rellor\n|-supereffective|p1b: Rellor\n|-damage|p1b: Rellor|34\/100\n|move|p1b: Rellor|X-Scissor|p2a: Tadbulb\n|-damage|p2a: Tadbulb|66\/100\n|move|p2a: Tadbulb|Thunder|p1a: Nuzleaf\n|-resisted|p1a: Nuzleaf\n|-damage|p1a: Nuzleaf|75\/100\n|\n|-weather|none\n|upkeep\n|turn|7\n|\n|t:|1699122653\n|move|p2b: Litwick|Fire Blast|p1b: Rellor|[miss]\n|-miss|p2b: Litwick|p1b: Rellor\n|move|p1a: Nuzleaf|Knock Off|p2b: Litwick\n|-supereffective|p2b: Litwick\n|-damage|p2b: Litwick|4\/100\n|-enditem|p2b: Litwick|Eviolite|[from] move: Knock Off|[of] p1a: Nuzleaf\n|move|p1b: Rellor|X-Scissor|p2a: Tadbulb\n|-damage|p2a: Tadbulb|29\/100\n|move|p2a: Tadbulb|Thunder Wave|p1a: Nuzleaf\n|-status|p1a: Nuzleaf|par\n|\n|-fieldend|move: Trick Room\n|upkeep\n|turn|8\n|\n|t:|1699122665\n|move|p1a: Nuzleaf|Sucker Punch||[still]\n|-fail|p1a: Nuzleaf\n|move|p2a: Tadbulb|Thunder|p1b: Rellor\n|-damage|p1b: Rellor|0 fnt\n|faint|p1b: Rellor\n|move|p2b: Litwick|Memento|p1a: Nuzleaf\n|-unboost|p1a: Nuzleaf|atk|2\n|-unboost|p1a: Nuzleaf|spa|2\n|faint|p2b: Litwick\n|\n|-sideend|p1: Yuuki Asuna XVII|move: Light Screen\n|upkeep\n|\n|t:|1699122677\n|switch|p1b: Bronzong|Bronzong, tera:Water|27\/100\n|switch|p2b: Deino|Deino, F|100\/100\n|turn|9\n|\n|t:|1699122690\n|switch|p1a: Igglybuff|Igglybuff, F, shiny|100\/100\n|-activate|p1a: Igglybuff|move: Sticky Web\n|-unboost|p1a: Igglybuff|spe|1\n|move|p2b: Deino|Outrage|p1a: Igglybuff\n|-immune|p1a: Igglybuff\n|move|p2a: Tadbulb|Thunder|p1b: Bronzong|[miss]\n|-miss|p2a: Tadbulb|p1b: Bronzong\n|move|p1b: Bronzong|Light Screen|p1b: Bronzong\n|-sidestart|p1: Yuuki Asuna XVII|move: Light Screen\n|\n|-sideend|p1: Yuuki Asuna XVII|Reflect\n|upkeep\n|turn|10\n|j| Magiquaza\n|\n|t:|1699122703\n|switch|p1b: Quaxly|Quaxly, M|100\/100\n|-activate|p1b: Quaxly|move: Sticky Web\n|-unboost|p1b: Quaxly|spe|1\n|move|p2b: Deino|Outrage|p1b: Quaxly\n|-damage|p1b: Quaxly|17\/100\n|move|p2a: Tadbulb|Thunder Wave|p1b: Quaxly\n|-status|p1b: Quaxly|par\n|move|p1a: Igglybuff|Wish|p1a: Igglybuff\n|\n|upkeep\n|turn|11\n|\n|t:|1699122714\n|switch|p1a: Bronzong|Bronzong, tera:Water|27\/100\n|move|p2b: Deino|Outrage|p1b: Quaxly|[from]lockedmove|[miss]\n|-miss|p2b: Deino|p1b: Quaxly\n|move|p2a: Tadbulb|Thunder Wave|p1a: Bronzong|[miss]\n|-miss|p2a: Tadbulb|p1a: Bronzong\n|move|p1b: Quaxly|Brave Bird|p2b: Deino\n|-damage|p2b: Deino|35\/100\n|-damage|p1b: Quaxly|0 fnt|[from] Recoil\n|faint|p1b: Quaxly\n|\n|-heal|p1a: Bronzong|86\/100|[from] move: Wish|[wisher] Igglybuff\n|upkeep\n|\n|t:|1699122722\n|switch|p1b: Nuzleaf|Nuzleaf, F|75\/100 par\n|-activate|p1b: Nuzleaf|move: Sticky Web\n|-unboost|p1b: Nuzleaf|spe|1\n|turn|12\n|\n|t:|1699122730\n|cant|p1b: Nuzleaf|par\n|move|p2b: Deino|Outrage|p1b: Nuzleaf|[miss]\n|-miss|p2b: Deino|p1b: Nuzleaf\n|move|p2a: Tadbulb|Volt Switch|p1a: Bronzong\n|-supereffective|p1a: Bronzong\n|-damage|p1a: Bronzong|62\/100\n|\n|t:|1699122733\n|switch|p2a: Dragonite|Dragonite, M, shiny|100\/100|[from] Volt Switch\n|move|p1a: Bronzong|Reflect|p1a: Bronzong\n|-sidestart|p1: Yuuki Asuna XVII|Reflect\n|\n|upkeep\n|turn|13\n|\n|t:|1699122740\n|-terastallize|p2a: Dragonite|Normal\n|move|p2a: Dragonite|Extreme Speed|p1a: Bronzong\n|-damage|p1a: Bronzong|21\/100\n|move|p2b: Deino|Outrage|p1a: Bronzong\n|-damage|p1a: Bronzong|0 fnt\n|faint|p1a: Bronzong\n|move|p1b: Nuzleaf|Knock Off|p2a: Dragonite\n|-damage|p2a: Dragonite|61\/100\n|-enditem|p2a: Dragonite|Choice Band|[from] move: Knock Off|[of] p1b: Nuzleaf\n|\n|upkeep\n|\n|t:|1699122748\n|switch|p1a: Igglybuff|Igglybuff, F, shiny|100\/100\n|-activate|p1a: Igglybuff|move: Sticky Web\n|-unboost|p1a: Igglybuff|spe|1\n|turn|14\n|\n|t:|1699122765\n|switch|p2a: Tadbulb|Tadbulb, M|29\/100\n|cant|p1b: Nuzleaf|par\n|move|p2b: Deino|Outrage|p1a: Igglybuff|[from]lockedmove\n|-immune|p1a: Igglybuff\n|-start|p2b: Deino|confusion|[fatigue]\n|move|p1a: Igglybuff|Thunder Wave|p2a: Tadbulb\n|-immune|p2a: Tadbulb\n|\n|upkeep\n|turn|15\n|j| kingcr2\n|\n|t:|1699122776\n|-activate|p2b: Deino|confusion\n|move|p2b: Deino|Outrage|p1b: Nuzleaf\n|-damage|p1b: Nuzleaf|15\/100 par\n|move|p2a: Tadbulb|Thunder Wave|p1a: Igglybuff\n|-status|p1a: Igglybuff|par\n|move|p1b: Nuzleaf|Leaf Blade|p2b: Deino\n|-resisted|p2b: Deino\n|-damage|p2b: Deino|0 fnt\n|faint|p2b: Deino\n|move|p1a: Igglybuff|Grass Knot|p2a: Tadbulb\n|-damage|p2a: Tadbulb|23\/100\n|\n|upkeep\n|l| kingcr2\n|\n|t:|1699122782\n|switch|p2b: Dragonite|Dragonite, M, shiny, tera:Normal|61\/100\n|turn|16\n|\n|t:|1699122791\n|switch|p1b: Revavroom|Revavroom, F|100\/100\n|-activate|p1b: Revavroom|move: Sticky Web\n|-unboost|p1b: Revavroom|spe|1\n|move|p2b: Dragonite|Earthquake|p1a: Igglybuff|[spread] p2a,p1a,p1b\n|-supereffective|p2a: Tadbulb\n|-supereffective|p1b: Revavroom\n|-damage|p2a: Tadbulb|0 fnt\n|-damage|p1a: Igglybuff|74\/100 par\n|-damage|p1b: Revavroom|37\/100\n|faint|p2a: Tadbulb\n|move|p1a: Igglybuff|Thunder Wave|p2b: Dragonite\n|-status|p2b: Dragonite|par\n|\n|-heal|p1b: Revavroom|43\/100|[from] item: Leftovers\n|-sideend|p1: Yuuki Asuna XVII|move: Light Screen\n|upkeep\n|turn|17\n|j| Beepboopgottem\n|\n|t:|1699122809\n|cant|p2b: Dragonite|par\n|move|p1b: Revavroom|Spin Out|p2b: Dragonite\n|-damage|p2b: Dragonite|5\/100 par\n|-unboost|p1b: Revavroom|spe|2\n|move|p1a: Igglybuff|Grass Knot|p2b: Dragonite\n|-damage|p2b: Dragonite|0 fnt\n|faint|p2b: Dragonite\n|\n|win|Yuuki Asuna XVII\n|n|\u2606Yuuki Asuna XVII|yuukiasunaxvii\n|n|\u2606Rajastega23|rajastega23\n|n|*Lady Monita \u263d|ladymonita\n|n| card of the joker|cardofthejoker\n|n| Nitrobinet|nitrobinet\n|n| Magiquaza|magiquaza\n|n| Beepboopgottem|beepboopgottem\n","uploadtime":1699122810,"views":20,"p1id":"yuukiasunaxvii","p2id":"rajastega23","formatid":"gen9doublesou","rating":0,"private":0,"password":""}