{"id":"gen9doublesou-1985404595","p1":"angelitopene","p2":"X-999","format":"[Gen 9] Doubles OU","log":"|j|\u2606angelitopene\n|j|\u2606X-999\n|t:|1699371887\n|gametype|doubles\n|player|p1|angelitopene|swimmer-gen4|1224\n|player|p2|X-999|supernerd|1352\n|teamsize|p1|6\n|teamsize|p2|6\n|gen|9\n|tier|[Gen 9] Doubles OU\n|rated|\n|rule|Species Clause: Limit one of each Pok\u00e9mon\n|rule|OHKO Clause: OHKO moves are banned\n|rule|Evasion Moves Clause: Evasion moves are banned\n|rule|Gravity Sleep Clause: The combination of sleep-inducing moves with imperfect accuracy and Gravity or Gigantamax Orbeetle are banned\n|rule|Endless Battle Clause: Forcing endless battles is banned\n|rule|HP Percentage Mod: HP is shown in percentages\n|clearpoke\n|poke|p1|Sinistcha-Masterpiece|\n|poke|p1|Sneasler, M|\n|poke|p1|Empoleon, F|\n|poke|p1|Arcanine-Hisui, M|\n|poke|p1|Roaring Moon|\n|poke|p1|Farigiraf, M|\n|poke|p2|Vikavolt, M|\n|poke|p2|Yanmega, M|\n|poke|p2|Illumise, F|\n|poke|p2|Scizor, M|\n|poke|p2|Volcarona, F|\n|poke|p2|Spidops, M|\n|teampreview\n|c|\u2606X-999|nice team!\n|inactive|Battle timer is ON: inactive players will automatically lose when time's up. (requested by angelitopene)\n|\n|t:|1699371922\n|start\n|switch|p1a: Arcanine|Arcanine-Hisui, M|100\/100\n|switch|p1b: Empoleon|Empoleon, F|100\/100\n|switch|p2a: Spidops|Spidops, M|100\/100\n|switch|p2b: Volcarona|Volcarona, F|100\/100\n|-ability|p1a: Arcanine|Intimidate|boost\n|-unboost|p2a: Spidops|atk|1\n|-unboost|p2b: Volcarona|atk|1\n|turn|1\n|inactive|X-999 has 120 seconds left.\n|\n|t:|1699371960\n|move|p2a: Spidops|Silk Trap|p2a: Spidops\n|-singleturn|p2a: Spidops|Protect\n|move|p2b: Volcarona|Fiery Dance|p1b: Empoleon\n|-damage|p1b: Empoleon|72\/100\n|-boost|p2b: Volcarona|spa|1\n|move|p1a: Arcanine|Flare Blitz|p2a: Spidops\n|-activate|p2a: Spidops|move: Protect\n|-unboost|p1a: Arcanine|spe|1\n|move|p1b: Empoleon|Hydro Pump|p2b: Volcarona|[miss]\n|-miss|p1b: Empoleon|p2b: Volcarona\n|\n|upkeep\n|turn|2\n|inactive|X-999 has 120 seconds left.\n|\n|t:|1699371987\n|move|p2a: Spidops|Silk Trap||[still]\n|-fail|p2a: Spidops\n|move|p2b: Volcarona|Fiery Dance|p1b: Empoleon\n|-damage|p1b: Empoleon|28\/100\n|-boost|p2b: Volcarona|spa|1\n|move|p1b: Empoleon|Hydro Pump|p2b: Volcarona\n|-supereffective|p2b: Volcarona\n|-damage|p2b: Volcarona|0 fnt\n|faint|p2b: Volcarona\n|move|p1a: Arcanine|Flare Blitz|p2a: Spidops\n|-supereffective|p2a: Spidops\n|-damage|p2a: Spidops|3\/100\n|-enditem|p2a: Spidops|Enigma Berry|[eat]\n|-heal|p2a: Spidops|28\/100|[from] item: Enigma Berry|[of] p1a: Arcanine\n|-damage|p1a: Arcanine|74\/100|[from] Recoil\n|\n|upkeep\n|inactive|X-999 has 90 seconds left.\n|\n|t:|1699372017\n|switch|p2b: Vikavolt|Vikavolt, M|100\/100\n|turn|3\n|\n|t:|1699372031\n|switch|p1a: Sinistcha|Sinistcha-Masterpiece|100\/100\n|-heal|p1b: Empoleon|53\/100|[from] ability: Hospitality|[of] p1a: Sinistcha\n|-terastallize|p1b: Empoleon|Ground\n|-terastallize|p2b: Vikavolt|Rock\n|move|p1b: Empoleon|Ice Beam|p2b: Vikavolt\n|-damage|p2b: Vikavolt|64\/100\n|move|p2b: Vikavolt|Volt Switch|p1a: Sinistcha\n|-resisted|p1a: Sinistcha\n|-damage|p1a: Sinistcha|64\/100\n|\n|t:|1699372046\n|switch|p2b: Scizor|Scizor, M|100\/100|[from] Volt Switch\n|move|p2a: Spidops|Sticky Web|p1b: Empoleon\n|-sidestart|p1: angelitopene|move: Sticky Web\n|\n|upkeep\n|turn|4\n|inactive|X-999 has 120 seconds left.\n|\n|t:|1699372066\n|switch|p1a: Arcanine|Arcanine-Hisui, M|74\/100\n|-activate|p1a: Arcanine|move: Sticky Web\n|-unboost|p1a: Arcanine|spe|1\n|-ability|p1a: Arcanine|Intimidate|boost\n|-unboost|p2a: Spidops|atk|1\n|-unboost|p2b: Scizor|atk|1\n|move|p2b: Scizor|U-turn|p1a: Arcanine\n|-resisted|p1a: Arcanine\n|-damage|p1a: Arcanine|54\/100\n|\n|t:|1699372076\n|switch|p2b: Yanmega|Yanmega, M|100\/100|[from] U-turn\n|move|p1b: Empoleon|Ice Beam|p2a: Spidops\n|-damage|p2a: Spidops|0 fnt\n|faint|p2a: Spidops\n|\n|upkeep\n|\n|t:|1699372096\n|switch|p2a: Illumise|Illumise, F|100\/100\n|turn|5\n|\n|t:|1699372120\n|move|p2a: Illumise|Tailwind|p2a: Illumise\n|-sidestart|p2: X-999|move: Tailwind\n|move|p2b: Yanmega|Giga Drain|p1b: Empoleon\n|-supereffective|p1b: Empoleon\n|-damage|p1b: Empoleon|11\/100\n|move|p1b: Empoleon|Ice Beam|p2a: Illumise\n|-damage|p2a: Illumise|65\/100\n|move|p1a: Arcanine|Flare Blitz|p2a: Illumise\n|-supereffective|p2a: Illumise\n|-damage|p2a: Illumise|0 fnt\n|faint|p2a: Illumise\n|-damage|p1a: Arcanine|39\/100|[from] Recoil\n|\n|-ability|p2b: Yanmega|Speed Boost|boost\n|-boost|p2b: Yanmega|spe|1\n|upkeep\n|\n|t:|1699372138\n|switch|p2a: Vikavolt|Vikavolt, M, tera:Rock|64\/100\n|turn|6\n|inactive|X-999 has 120 seconds left.\n|\n|t:|1699372149\n|move|p2b: Yanmega|Giga Drain|p1b: Empoleon\n|-supereffective|p1b: Empoleon\n|-damage|p1b: Empoleon|0 fnt\n|faint|p1b: Empoleon\n|move|p2a: Vikavolt|Volt Switch|p1a: Arcanine\n|-damage|p1a: Arcanine|0 fnt\n|faint|p1a: Arcanine\n|\n|t:|1699372155\n|switch|p2a: Scizor|Scizor, M|100\/100|[from] Volt Switch\n|\n|-ability|p2b: Yanmega|Speed Boost|boost\n|-boost|p2b: Yanmega|spe|1\n|upkeep\n|\n|t:|1699372162\n|switch|p1a: Farigiraf|Farigiraf, M|100\/100\n|switch|p1b: Sneasler|Sneasler, M|100\/100\n|-activate|p1b: Sneasler|move: Sticky Web\n|-unboost|p1b: Sneasler|spe|1\n|-activate|p1a: Farigiraf|move: Sticky Web\n|-unboost|p1a: Farigiraf|spe|1\n|turn|7\n|\n|t:|1699372179\n|move|p2b: Yanmega|Air Slash|p1b: Sneasler\n|-supereffective|p1b: Sneasler\n|-enditem|p1b: Sneasler|Focus Sash\n|-damage|p1b: Sneasler|1\/100\n|move|p1b: Sneasler|Dire Claw|p2b: Yanmega\n|-damage|p2b: Yanmega|46\/100\n|-status|p2b: Yanmega|psn\n|move|p2a: Scizor|U-turn|p1a: Farigiraf\n|-supereffective|p1a: Farigiraf\n|-damage|p1a: Farigiraf|0 fnt\n|faint|p1a: Farigiraf\n|\n|t:|1699372190\n|switch|p2a: Vikavolt|Vikavolt, M, tera:Rock|64\/100|[from] U-turn\n|\n|-damage|p2b: Yanmega|33\/100 psn|[from] psn\n|-ability|p2b: Yanmega|Speed Boost|boost\n|-boost|p2b: Yanmega|spe|1\n|upkeep\n|\n|t:|1699372208\n|switch|p1a: Roaring Moon|Roaring Moon|100\/100\n|-activate|p1a: Roaring Moon|move: Sticky Web\n|-unboost|p1a: Roaring Moon|spe|1\n|-enditem|p1a: Roaring Moon|Booster Energy\n|-activate|p1a: Roaring Moon|ability: Protosynthesis|[fromitem]\n|-start|p1a: Roaring Moon|protosynthesisatk\n|turn|8\n|\n|t:|1699372232\n|move|p2b: Yanmega|Ancient Power|p1b: Sneasler\n|-resisted|p1b: Sneasler\n|-damage|p1b: Sneasler|0 fnt\n|faint|p1b: Sneasler\n|move|p1a: Roaring Moon|Dragon Claw|p2b: Yanmega\n|-damage|p2b: Yanmega|0 fnt\n|faint|p2b: Yanmega\n|move|p2a: Vikavolt|Bug Buzz|p1a: Roaring Moon\n|-supereffective|p1a: Roaring Moon\n|-damage|p1a: Roaring Moon|0 fnt\n|faint|p1a: Roaring Moon\n|-end|p1a: Roaring Moon|Protosynthesis|[silent]\n|\n|-sideend|p2: X-999|move: Tailwind\n|upkeep\n|\n|t:|1699372242\n|switch|p1b: Sinistcha|Sinistcha-Masterpiece|64\/100\n|switch|p2b: Scizor|Scizor, M|100\/100\n|-activate|p1b: Sinistcha|move: Sticky Web\n|-unboost|p1b: Sinistcha|spe|1\n|turn|9\n|c|\u2606X-999|gg\n|\n|t:|1699372250\n|move|p2b: Scizor|Knock Off|p1b: Sinistcha\n|-supereffective|p1b: Sinistcha\n|-damage|p1b: Sinistcha|0 fnt\n|-enditem|p1b: Sinistcha|Focus Sash|[from] move: Knock Off|[of] p2b: Scizor\n|faint|p1b: Sinistcha\n|\n|win|X-999\n|raw|angelitopene's rating: 1224 &rarr; <strong>1208<\/strong><br \/>(-16 for losing)\n|raw|X-999's rating: 1352 &rarr; <strong>1365<\/strong><br \/>(+13 for winning)\n|l|\u2606angelitopene\n","uploadtime":1699372261,"views":12,"p1id":"angelitopene","p2id":"x999","formatid":"gen9doublesou","rating":1208,"private":0,"password":""}