{"id":"gen9doublesou-1982111752","p1":"Nido-Rus","p2":"SeraphZ\u2605","format":"[Gen 9] Doubles OU","log":"|j|\u2606Nido-Rus\n|j|\u2606SeraphZ\u2605\n|t:|1698969022\n|gametype|doubles\n|player|p1|Nido-Rus|cheryl|\n|player|p2|SeraphZ\u2605|aromalady|\n|teamsize|p1|6\n|teamsize|p2|6\n|gen|9\n|tier|[Gen 9] Doubles OU\n|rule|Species Clause: Limit one of each Pok\u00e9mon\n|rule|OHKO Clause: OHKO moves are banned\n|rule|Evasion Moves Clause: Evasion moves are banned\n|rule|Gravity Sleep Clause: The combination of sleep-inducing moves with imperfect accuracy and Gravity or Gigantamax Orbeetle are banned\n|rule|Endless Battle Clause: Forcing endless battles is banned\n|rule|HP Percentage Mod: HP is shown in percentages\n|clearpoke\n|poke|p1|Heatran, M|\n|poke|p1|Landorus-Therian, M|\n|poke|p1|Rillaboom, M|\n|poke|p1|Roaring Moon|\n|poke|p1|Flutter Mane|\n|poke|p1|Ogerpon-Wellspring, F|\n|poke|p2|Ogerpon-Hearthflame, F|\n|poke|p2|Iron Hands|\n|poke|p2|Flutter Mane|\n|poke|p2|Tornadus, M|\n|poke|p2|Rillaboom, M|\n|poke|p2|Landorus-Therian, M|\n|teampreview\n|c|\u2606Nido-Rus|gl hf\n|j| AIRedzone\n|c|\u2606SeraphZ\u2605|u2\n|inactive|Battle timer is ON: inactive players will automatically lose when time's up. (requested by SeraphZ\u2605)\n|j|+ryo yamada2001\n|c| AIRedzone|LET'S GO NIDO\n|j| Jello1231\n|l| Jello1231\n|j|+zoe\n|j| Jello1231\n|j| EGAWalreins\n|j| Smudge\n|inactive|SeraphZ\u2605 has 270 seconds left.\n|j| Iceberg77\n|j| kunal2\n|c| kunal2|lets go nido\n|\n|t:|1698969092\n|start\n|switch|p1a: Landorus|Landorus-Therian, M|100\/100\n|switch|p1b: Heatran|Heatran, M|100\/100\n|switch|p2a: Landorus|Landorus-Therian, M|100\/100\n|switch|p2b: Rillaboom|Rillaboom, M|100\/100\n|-ability|p2a: Landorus|Intimidate|boost\n|-unboost|p1a: Landorus|atk|1\n|-unboost|p1b: Heatran|atk|1\n|-ability|p1a: Landorus|Intimidate|boost\n|-unboost|p2a: Landorus|atk|1\n|-unboost|p2b: Rillaboom|atk|1\n|-fieldstart|move: Grassy Terrain|[from] ability: Grassy Surge|[of] p2b: Rillaboom\n|turn|1\n|j| Lemurro\n|l| Lemurro\n|j| VGCLTE ITZY\n|j| Lemurro\n|j| QM3 Rilo\n|\n|t:|1698969118\n|switch|p2b: Iron Hands|Iron Hands|100\/100\n|switch|p1b: Rillaboom|Rillaboom, M|100\/100\n|move|p2a: Landorus|U-turn|p1a: Landorus\n|-resisted|p1a: Landorus\n|-damage|p1a: Landorus|91\/100\n|inactive|SeraphZ\u2605 has 270 seconds left.\n|\n|t:|1698969128\n|switch|p2a: Tornadus|Tornadus, M|100\/100|[from] U-turn\n|move|p1a: Landorus|U-turn|p2b: Iron Hands\n|-resisted|p2b: Iron Hands\n|-damage|p2b: Iron Hands|94\/100\n|\n|t:|1698969158\n|switch|p1a: Roaring Moon|Roaring Moon|100\/100|[from] U-turn\n|-enditem|p1a: Roaring Moon|Booster Energy\n|-activate|p1a: Roaring Moon|ability: Protosynthesis|[fromitem]\n|-start|p1a: Roaring Moon|protosynthesisatk\n|\n|-heal|p2b: Iron Hands|99\/100|[from] Grassy Terrain\n|upkeep\n|turn|2\n|j| R4ye\n|l| Lemurro\n|j| Lemurro\n|\n|t:|1698969175\n|move|p1b: Rillaboom|Fake Out|p2b: Iron Hands\n|-damage|p2b: Iron Hands|91\/100\n|cant|p2b: Iron Hands|flinch\n|move|p2a: Tornadus|Tailwind|p2a: Tornadus\n|-sidestart|p2: SeraphZ\u2605|move: Tailwind\n|move|p1a: Roaring Moon|Dragon Dance|p1a: Roaring Moon\n|-boost|p1a: Roaring Moon|atk|1\n|-boost|p1a: Roaring Moon|spe|1\n|\n|-heal|p2b: Iron Hands|97\/100|[from] Grassy Terrain\n|upkeep\n|turn|3\n|j| eragon11145\n|\n|t:|1698969195\n|switch|p1b: Landorus|Landorus-Therian, M|91\/100\n|-ability|p1b: Landorus|Intimidate|boost\n|-unboost|p2a: Tornadus|atk|1\n|-unboost|p2b: Iron Hands|atk|1\n|move|p1a: Roaring Moon|Protect|p1a: Roaring Moon\n|-singleturn|p1a: Roaring Moon|Protect\n|move|p2a: Tornadus|Bleakwind Storm|p1a: Roaring Moon|[spread] p1b\n|-activate|p1a: Roaring Moon|move: Protect\n|-damage|p1b: Landorus|49\/100\n|move|p2b: Iron Hands|Drain Punch|p1a: Roaring Moon\n|-activate|p1a: Roaring Moon|move: Protect\n|\n|-heal|p2b: Iron Hands|100\/100|[from] Grassy Terrain\n|upkeep\n|turn|4\n|\n|t:|1698969208\n|-end|p2b: Iron Hands|Quark Drive|[silent]\n|switch|p2b: Landorus|Landorus-Therian, M|100\/100\n|-ability|p2b: Landorus|Intimidate|boost\n|-unboost|p1a: Roaring Moon|atk|1\n|-unboost|p1b: Landorus|atk|1\n|-terastallize|p1a: Roaring Moon|Flying\n|move|p2a: Tornadus|Bleakwind Storm|p1b: Landorus|[spread] p1a,p1b\n|-damage|p1a: Roaring Moon|75\/100\n|-damage|p1b: Landorus|8\/100\n|-unboost|p1a: Roaring Moon|spe|1\n|move|p1b: Landorus|U-turn|p2b: Landorus\n|-resisted|p2b: Landorus\n|-damage|p2b: Landorus|90\/100\n|\n|t:|1698969215\n|switch|p1b: Rillaboom|Rillaboom, M|100\/100|[from] U-turn\n|move|p1a: Roaring Moon|Acrobatics|p2a: Tornadus\n|-damage|p2a: Tornadus|5\/100\n|\n|upkeep\n|turn|5\n|\n|t:|1698969241\n|switch|p2a: Ogerpon|Ogerpon-Hearthflame, F|100\/100\n|-ability|p2a: Ogerpon|Mold Breaker\n|move|p1b: Rillaboom|Grassy Glide|p2a: Ogerpon\n|-resisted|p2a: Ogerpon\n|-damage|p2a: Ogerpon|89\/100\n|move|p2b: Landorus|Rock Slide|p1b: Rillaboom|[spread] p1a,p1b\n|-supereffective|p1a: Roaring Moon\n|-damage|p1a: Roaring Moon|25\/100\n|-damage|p1b: Rillaboom|81\/100\n|move|p1a: Roaring Moon|Dragon Dance|p1a: Roaring Moon\n|-boost|p1a: Roaring Moon|atk|1\n|-boost|p1a: Roaring Moon|spe|1\n|\n|-heal|p2a: Ogerpon|95\/100|[from] Grassy Terrain\n|-heal|p1b: Rillaboom|88\/100|[from] Grassy Terrain\n|-sideend|p2: SeraphZ\u2605|move: Tailwind\n|-fieldend|move: Grassy Terrain\n|upkeep\n|turn|6\n|j|+zee\n|\n|t:|1698969261\n|switch|p1b: Landorus|Landorus-Therian, M|8\/100\n|-ability|p1b: Landorus|Intimidate|boost\n|-unboost|p2a: Ogerpon|atk|1\n|-unboost|p2b: Landorus|atk|1\n|move|p1a: Roaring Moon|Protect|p1a: Roaring Moon\n|-singleturn|p1a: Roaring Moon|Protect\n|move|p2a: Ogerpon|Spiky Shield|p2a: Ogerpon\n|-singleturn|p2a: Ogerpon|move: Protect\n|move|p2b: Landorus|Rock Slide|p1a: Roaring Moon|[spread] p1b\n|-activate|p1a: Roaring Moon|move: Protect\n|-damage|p1b: Landorus|0 fnt\n|faint|p1b: Landorus\n|\n|upkeep\n|l| Smudge\n|l| Lemurro\n|j| Lemurro\n|j|+GenOne\n|inactive|Nido-Rus has 270 seconds left.\n|j| YoBuddyTheBaker\n|j| Tenzai\n|\n|t:|1698969309\n|switch|p1b: Ogerpon|Ogerpon-Wellspring, F|100\/100\n|turn|7\n|\n|t:|1698969326\n|move|p1b: Ogerpon|Follow Me|p1b: Ogerpon\n|-singleturn|p1b: Ogerpon|move: Follow Me\n|move|p1a: Roaring Moon|Acrobatics|p2b: Landorus\n|-damage|p2b: Landorus|0 fnt\n|faint|p2b: Landorus\n|move|p2a: Ogerpon|Ivy Cudgel|p1b: Ogerpon\n|-damage|p1b: Ogerpon|56\/100\n|\n|upkeep\n|inactive|SeraphZ\u2605 has 270 seconds left.\n|\n|t:|1698969346\n|switch|p2b: Rillaboom|Rillaboom, M|100\/100\n|-fieldstart|move: Grassy Terrain|[from] ability: Grassy Surge|[of] p2b: Rillaboom\n|turn|8\n|\n|t:|1698969366\n|move|p1a: Roaring Moon|Protect|p1a: Roaring Moon\n|-singleturn|p1a: Roaring Moon|Protect\n|move|p1b: Ogerpon|Spiky Shield|p1b: Ogerpon\n|-singleturn|p1b: Ogerpon|move: Protect\n|move|p2a: Ogerpon|Grassy Glide|p1b: Ogerpon\n|-activate|p1b: Ogerpon|move: Protect\n|-damage|p2a: Ogerpon|83\/100|[from] Spiky Shield|[of] p1b: Ogerpon\n|move|p2b: Rillaboom|Grassy Glide|p1b: Ogerpon\n|-activate|p1b: Ogerpon|move: Protect\n|-damage|p2b: Rillaboom|88\/100|[from] Spiky Shield|[of] p1b: Ogerpon\n|\n|-heal|p2a: Ogerpon|89\/100|[from] Grassy Terrain\n|-heal|p1b: Ogerpon|62\/100|[from] Grassy Terrain\n|-heal|p2b: Rillaboom|94\/100|[from] Grassy Terrain\n|upkeep\n|turn|9\n|j|+Actuarily\n|inactive|SeraphZ\u2605 has 270 seconds left.\n|\n|t:|1698969397\n|move|p1b: Ogerpon|Follow Me|p1b: Ogerpon\n|-singleturn|p1b: Ogerpon|move: Follow Me\n|move|p2a: Ogerpon|Grassy Glide|p1b: Ogerpon\n|-damage|p1b: Ogerpon|30\/100\n|move|p2b: Rillaboom|Grassy Glide|p1b: Ogerpon\n|-damage|p1b: Ogerpon|0 fnt\n|faint|p1b: Ogerpon\n|move|p1a: Roaring Moon|Acrobatics|p2b: Rillaboom\n|-supereffective|p2b: Rillaboom\n|-damage|p2b: Rillaboom|0 fnt\n|faint|p2b: Rillaboom\n|\n|-heal|p2a: Ogerpon|95\/100|[from] Grassy Terrain\n|upkeep\n|\n|t:|1698969411\n|switch|p1b: Rillaboom|Rillaboom, M|88\/100\n|switch|p2b: Tornadus|Tornadus, M|5\/100\n|turn|10\n|l| Lemurro\n|\n|t:|1698969428\n|switch|p2b: Flutter Mane|Flutter Mane|100\/100\n|move|p2a: Ogerpon|Spiky Shield|p2a: Ogerpon\n|-singleturn|p2a: Ogerpon|move: Protect\n|move|p1b: Rillaboom|Fake Out|p2b: Flutter Mane\n|-immune|p2b: Flutter Mane\n|move|p1a: Roaring Moon|Acrobatics|p2a: Ogerpon\n|-activate|p2a: Ogerpon|move: Protect\n|-damage|p1a: Roaring Moon|13\/100|[from] Spiky Shield|[of] p2a: Ogerpon\n|\n|-heal|p2a: Ogerpon|100\/100|[from] Grassy Terrain\n|-heal|p1b: Rillaboom|94\/100|[from] Grassy Terrain\n|upkeep\n|turn|11\n|j| EternalSnowman\n|\n|t:|1698969439\n|-end|p2b: Flutter Mane|Protosynthesis|[silent]\n|switch|p2b: Iron Hands|Iron Hands|100\/100\n|move|p1a: Roaring Moon|Protect|p1a: Roaring Moon\n|-singleturn|p1a: Roaring Moon|Protect\n|move|p2a: Ogerpon|Grassy Glide|p1a: Roaring Moon\n|-activate|p1a: Roaring Moon|move: Protect\n|move|p1b: Rillaboom|Wood Hammer|p2b: Iron Hands\n|-damage|p2b: Iron Hands|44\/100\n|-damage|p1b: Rillaboom|73\/100|[from] Recoil\n|\n|-heal|p1b: Rillaboom|79\/100|[from] Grassy Terrain\n|-heal|p2b: Iron Hands|51\/100|[from] Grassy Terrain\n|upkeep\n|turn|12\n|j| Lemurro\n|\n|t:|1698969466\n|move|p1a: Roaring Moon|Protect||[still]\n|-fail|p1a: Roaring Moon\n|move|p2a: Ogerpon|Grassy Glide|p1a: Roaring Moon\n|-resisted|p1a: Roaring Moon\n|-damage|p1a: Roaring Moon|0 fnt\n|faint|p1a: Roaring Moon\n|-end|p1a: Roaring Moon|Protosynthesis|[silent]\n|move|p1b: Rillaboom|Wood Hammer|p2b: Iron Hands\n|-damage|p2b: Iron Hands|0 fnt\n|faint|p2b: Iron Hands\n|-end|p2b: Iron Hands|Quark Drive|[silent]\n|-damage|p1b: Rillaboom|61\/100|[from] Recoil\n|\n|-heal|p1b: Rillaboom|67\/100|[from] Grassy Terrain\n|-fieldend|move: Grassy Terrain\n|upkeep\n|l|+Actuarily\n|j| BurntSkywalker\n|inactive|Nido-Rus has 270 seconds left.\n|\n|t:|1698969497\n|switch|p1a: Flutter Mane|Flutter Mane|100\/100\n|switch|p2b: Tornadus|Tornadus, M|5\/100\n|-enditem|p1a: Flutter Mane|Booster Energy\n|-activate|p1a: Flutter Mane|ability: Protosynthesis|[fromitem]\n|-start|p1a: Flutter Mane|protosynthesisspe\n|turn|13\n|\n|t:|1698969518\n|move|p2a: Ogerpon|Spiky Shield|p2a: Ogerpon\n|-singleturn|p2a: Ogerpon|move: Protect\n|move|p2b: Tornadus|Tailwind|p2b: Tornadus\n|-sidestart|p2: SeraphZ\u2605|move: Tailwind\n|move|p1a: Flutter Mane|Icy Wind|p2b: Tornadus|[spread] p2b\n|-activate|p2a: Ogerpon|move: Protect\n|-supereffective|p2b: Tornadus\n|-damage|p2b: Tornadus|0 fnt\n|faint|p2b: Tornadus\n|move|p1b: Rillaboom|High Horsepower|p2a: Ogerpon\n|-activate|p2a: Ogerpon|move: Protect\n|-damage|p1b: Rillaboom|55\/100|[from] Spiky Shield|[of] p2a: Ogerpon\n|\n|upkeep\n|\n|t:|1698969522\n|switch|p2b: Flutter Mane|Flutter Mane|100\/100\n|turn|14\n|\n|t:|1698969535\n|move|p1a: Flutter Mane|Protect|p1a: Flutter Mane\n|-singleturn|p1a: Flutter Mane|Protect\n|move|p2b: Flutter Mane|Shadow Ball|p1a: Flutter Mane\n|-activate|p1a: Flutter Mane|move: Protect\n|move|p2a: Ogerpon|Swords Dance|p2a: Ogerpon\n|-boost|p2a: Ogerpon|atk|2\n|move|p1b: Rillaboom|Wood Hammer|p2b: Flutter Mane\n|-damage|p2b: Flutter Mane|5\/100\n|-damage|p1b: Rillaboom|32\/100|[from] Recoil\n|\n|upkeep\n|turn|15\n|\n|t:|1698969546\n|switch|p1b: Heatran|Heatran, M|100\/100\n|move|p2b: Flutter Mane|Shadow Ball|p1a: Flutter Mane\n|-supereffective|p1a: Flutter Mane\n|-damage|p1a: Flutter Mane|0 fnt\n|faint|p1a: Flutter Mane\n|-end|p1a: Flutter Mane|Protosynthesis|[silent]\n|move|p2a: Ogerpon|Ivy Cudgel|p1b: Heatran\n|-damage|p1b: Heatran|30\/100\n|\n|upkeep\n|\n|t:|1698969551\n|switch|p1a: Rillaboom|Rillaboom, M|32\/100\n|-fieldstart|move: Grassy Terrain|[from] ability: Grassy Surge|[of] p1a: Rillaboom\n|turn|16\n|\n|t:|1698969564\n|move|p2a: Ogerpon|Spiky Shield|p2a: Ogerpon\n|-singleturn|p2a: Ogerpon|move: Protect\n|move|p1a: Rillaboom|Fake Out|p2a: Ogerpon\n|-activate|p2a: Ogerpon|move: Protect\n|-damage|p1a: Rillaboom|20\/100|[from] Spiky Shield|[of] p2a: Ogerpon\n|move|p2b: Flutter Mane|Shadow Ball|p1a: Rillaboom\n|-damage|p1a: Rillaboom|0 fnt\n|faint|p1a: Rillaboom\n|move|p1b: Heatran|Heat Wave|p2a: Ogerpon|[spread] p2b\n|-activate|p2a: Ogerpon|move: Protect\n|-damage|p2b: Flutter Mane|0 fnt\n|faint|p2b: Flutter Mane\n|-end|p2b: Flutter Mane|Protosynthesis|[silent]\n|\n|-heal|p1b: Heatran|36\/100|[from] Grassy Terrain\n|-sideend|p2: SeraphZ\u2605|move: Tailwind\n|upkeep\n|turn|17\n|c|\u2606SeraphZ\u2605|gg\n|c|\u2606Nido-Rus|gg\n|\n|t:|1698969576\n|move|p2a: Ogerpon|Ivy Cudgel|p1b: Heatran\n|-damage|p1b: Heatran|0 fnt\n|faint|p1b: Heatran\n|\n|win|SeraphZ\u2605\n","uploadtime":1698969578,"views":149,"p1id":"nidorus","p2id":"seraphz","formatid":"gen9doublesou","rating":0,"private":0,"password":""}