{"id":"gen9doublesou-1979093471","p1":"Dunkyn G.","p2":"Doggle4","format":"[Gen 9] Doubles OU","log":"|j|\u2606Dunkyn G.\n|j|\u2606Doggle4\n|t:|1698631298\n|gametype|doubles\n|player|p1|Dunkyn G.|170|1346\n|player|p2|Doggle4|265|1539\n|teamsize|p1|6\n|teamsize|p2|6\n|gen|9\n|tier|[Gen 9] Doubles OU\n|rated|\n|rule|Species Clause: Limit one of each Pok\u00e9mon\n|rule|OHKO Clause: OHKO moves are banned\n|rule|Evasion Moves Clause: Evasion moves are banned\n|rule|Gravity Sleep Clause: The combination of sleep-inducing moves with imperfect accuracy and Gravity or Gigantamax Orbeetle are banned\n|rule|Endless Battle Clause: Forcing endless battles is banned\n|rule|HP Percentage Mod: HP is shown in percentages\n|clearpoke\n|poke|p1|Torkoal, F|\n|poke|p1|Landorus-Therian, M|\n|poke|p1|Flutter Mane|\n|poke|p1|Walking Wake|\n|poke|p1|Heatran, F|\n|poke|p1|Ogerpon-Hearthflame, F|\n|poke|p2|Okidogi, M|\n|poke|p2|Grimmsnarl, M|\n|poke|p2|Dragonite, M|\n|poke|p2|Sinistcha-Masterpiece|\n|poke|p2|Goodra-Hisui, M|\n|poke|p2|Gholdengo|\n|teampreview\n|\n|t:|1698631315\n|start\n|switch|p1a: Landorus|Landorus-Therian, M|100\/100\n|switch|p1b: Heatran|Heatran, F, shiny|100\/100\n|switch|p2a: Okidogi|Okidogi, M|100\/100\n|switch|p2b: Gholdengo|Gholdengo|100\/100\n|-ability|p1a: Landorus|Intimidate|boost\n|-unboost|p2a: Okidogi|atk|1\n|-unboost|p2b: Gholdengo|atk|1\n|turn|1\n|\n|t:|1698631338\n|move|p2b: Gholdengo|Focus Blast|p1b: Heatran|[miss]\n|-miss|p2b: Gholdengo|p1b: Heatran\n|move|p1a: Landorus|Stealth Rock|p2a: Okidogi\n|-sidestart|p2: Doggle4|move: Stealth Rock\n|move|p2a: Okidogi|Ice Punch|p1a: Landorus\n|-supereffective|p1a: Landorus\n|-damage|p1a: Landorus|49\/100\n|-enditem|p1a: Landorus|Sitrus Berry|[eat]\n|-heal|p1a: Landorus|74\/100|[from] item: Sitrus Berry\n|move|p1b: Heatran|Heat Wave|p2a: Okidogi|[spread] p2a\n|-miss|p1b: Heatran|p2b: Gholdengo\n|-damage|p2a: Okidogi|82\/100\n|-status|p2a: Okidogi|brn\n|\n|-damage|p2a: Okidogi|75\/100 brn|[from] brn\n|upkeep\n|turn|2\n|c|\u2606Dunkyn G.|lmao\n|c|\u2606Doggle4|Thats fucked up\n|\n|t:|1698631370\n|move|p2b: Gholdengo|Focus Blast|p1b: Heatran\n|-supereffective|p1b: Heatran\n|-damage|p1b: Heatran|46\/100\n|move|p1a: Landorus|Stomping Tantrum|p2b: Gholdengo\n|-supereffective|p2b: Gholdengo\n|-damage|p2b: Gholdengo|20\/100\n|move|p2a: Okidogi|Ice Punch|p1a: Landorus\n|-supereffective|p1a: Landorus\n|-damage|p1a: Landorus|50\/100\n|move|p1b: Heatran|Heat Wave|p2a: Okidogi|[spread] p2a,p2b\n|-supereffective|p2b: Gholdengo\n|-damage|p2a: Okidogi|55\/100 brn\n|-damage|p2b: Gholdengo|0 fnt\n|faint|p2b: Gholdengo\n|\n|-damage|p2a: Okidogi|49\/100 brn|[from] brn\n|upkeep\n|c|\u2606Dunkyn G.|you aint wrong\n|\n|t:|1698631391\n|switch|p2b: Grimmsnarl|Grimmsnarl, M|100\/100\n|-damage|p2b: Grimmsnarl|88\/100|[from] Stealth Rock\n|turn|3\n|\n|t:|1698631408\n|move|p2b: Grimmsnarl|Light Screen|p2b: Grimmsnarl\n|-sidestart|p2: Doggle4|move: Light Screen\n|move|p1a: Landorus|U-turn|p2b: Grimmsnarl\n|-damage|p2b: Grimmsnarl|66\/100\n|\n|t:|1698631413\n|switch|p1a: Torkoal|Torkoal, F|100\/100|[from] U-turn\n|-weather|SunnyDay|[from] ability: Drought|[of] p1a: Torkoal\n|move|p2a: Okidogi|Drain Punch|p1b: Heatran\n|-supereffective|p1b: Heatran\n|-damage|p1b: Heatran|26\/100\n|-heal|p2a: Okidogi|57\/100 brn|[from] drain|[of] p1b: Heatran\n|move|p1b: Heatran|Flash Cannon|p2b: Grimmsnarl\n|-supereffective|p2b: Grimmsnarl\n|-damage|p2b: Grimmsnarl|7\/100\n|\n|-weather|SunnyDay|[upkeep]\n|-damage|p2a: Okidogi|51\/100 brn|[from] brn\n|upkeep\n|turn|4\n|\n|t:|1698631446\n|move|p2b: Grimmsnarl|Parting Shot|p1a: Torkoal\n|-unboost|p1a: Torkoal|atk|1\n|-unboost|p1a: Torkoal|spa|1\n|\n|t:|1698631458\n|switch|p2b: Dragonite|Dragonite, M|100\/100|[from] Parting Shot\n|-damage|p2b: Dragonite|76\/100|[from] Stealth Rock\n|move|p2a: Okidogi|Drain Punch|p1a: Torkoal\n|-damage|p1a: Torkoal|93\/100\n|-heal|p2a: Okidogi|55\/100 brn|[from] drain|[of] p1a: Torkoal\n|move|p1b: Heatran|Heat Wave|p2b: Dragonite|[spread] p2a\n|-miss|p1b: Heatran|p2b: Dragonite\n|-damage|p2a: Okidogi|34\/100 brn\n|move|p1a: Torkoal|Eruption|p2a: Okidogi|[spread] p2a,p2b\n|-resisted|p2b: Dragonite\n|-damage|p2a: Okidogi|16\/100 brn\n|-damage|p2b: Dragonite|59\/100\n|\n|-weather|SunnyDay|[upkeep]\n|-damage|p2a: Okidogi|10\/100 brn|[from] brn\n|upkeep\n|turn|5\n|\n|t:|1698631489\n|switch|p1a: Flutter Mane|Flutter Mane|100\/100\n|-activate|p1a: Flutter Mane|ability: Protosynthesis\n|-start|p1a: Flutter Mane|protosynthesisspe\n|move|p2b: Dragonite|Extreme Speed|p1a: Flutter Mane\n|-immune|p1a: Flutter Mane\n|move|p2a: Okidogi|Drain Punch|p1b: Heatran\n|-supereffective|p1b: Heatran\n|-damage|p1b: Heatran|8\/100\n|-heal|p2a: Okidogi|18\/100 brn|[from] drain|[of] p1b: Heatran\n|move|p1b: Heatran|Heat Wave|p2b: Dragonite|[spread] p2a,p2b\n|-resisted|p2b: Dragonite\n|-damage|p2a: Okidogi|0 fnt\n|-damage|p2b: Dragonite|39\/100\n|faint|p2a: Okidogi\n|\n|-weather|SunnyDay|[upkeep]\n|upkeep\n|\n|t:|1698631494\n|switch|p2a: Goodra|Goodra-Hisui, M|100\/100\n|-damage|p2a: Goodra|94\/100|[from] Stealth Rock\n|turn|6\n|c|\u2606Dunkyn G.|called out\n|\n|t:|1698631514\n|switch|p2b: Grimmsnarl|Grimmsnarl, M|7\/100\n|-damage|p2b: Grimmsnarl|0 fnt|[from] Stealth Rock\n|faint|p2b: Grimmsnarl\n|move|p1a: Flutter Mane|Dazzling Gleam|p2a: Goodra\n|-damage|p2a: Goodra|71\/100\n|move|p1b: Heatran|Heat Wave|p2a: Goodra\n|-damage|p2a: Goodra|44\/100\n|move|p2a: Goodra|Heavy Slam|p1a: Flutter Mane\n|-supereffective|p1a: Flutter Mane\n|-damage|p1a: Flutter Mane|0 fnt\n|faint|p1a: Flutter Mane\n|-end|p1a: Flutter Mane|Protosynthesis|[silent]\n|\n|-weather|SunnyDay|[upkeep]\n|-heal|p2a: Goodra|50\/100|[from] item: Leftovers\n|upkeep\n|\n|t:|1698631531\n|switch|p1a: Ogerpon|Ogerpon-Hearthflame, F|100\/100\n|switch|p2b: Sinistcha|Sinistcha-Masterpiece|100\/100\n|-ability|p1a: Ogerpon|Mold Breaker\n|-damage|p2b: Sinistcha|88\/100|[from] Stealth Rock\n|-heal|p2a: Goodra|75\/100|[from] ability: Hospitality|[of] p2b: Sinistcha\n|turn|7\n|\n|t:|1698631551\n|-terastallize|p1a: Ogerpon|Fire\n|detailschange|p1a: Ogerpon|Ogerpon-Hearthflame-Tera, F, tera:Fire\n|-ability|p1a: Ogerpon|Embody Aspect (Hearthflame)|boost\n|-boost|p1a: Ogerpon|atk|1\n|-terastallize|p2b: Sinistcha|Water\n|move|p1a: Ogerpon|Ivy Cudgel|p2a: Goodra\n|-damage|p2a: Goodra|0 fnt\n|faint|p2a: Goodra\n|move|p1b: Heatran|Heat Wave|p2b: Sinistcha|[miss]\n|-miss|p1b: Heatran|p2b: Sinistcha\n|move|p2b: Sinistcha|Scald|p1a: Ogerpon\n|-supereffective|p1a: Ogerpon\n|-damage|p1a: Ogerpon|48\/100\n|\n|-weather|none\n|-heal|p2b: Sinistcha|94\/100|[from] item: Leftovers\n|upkeep\n|\n|t:|1698631567\n|switch|p2a: Dragonite|Dragonite, M|39\/100\n|-damage|p2a: Dragonite|14\/100|[from] Stealth Rock\n|turn|8\n|\n|t:|1698631581\n|move|p1a: Ogerpon|Spiky Shield|p1a: Ogerpon\n|-singleturn|p1a: Ogerpon|move: Protect\n|move|p2a: Dragonite|Extreme Speed|p1a: Ogerpon\n|-activate|p1a: Ogerpon|move: Protect\n|-damage|p2a: Dragonite|2\/100|[from] Spiky Shield|[of] p1a: Ogerpon\n|move|p1b: Heatran|Flash Cannon|p2b: Sinistcha\n|-resisted|p2b: Sinistcha\n|-damage|p2b: Sinistcha|76\/100\n|move|p2b: Sinistcha|Scald|p1a: Ogerpon\n|-activate|p1a: Ogerpon|move: Protect\n|\n|-heal|p2b: Sinistcha|82\/100|[from] item: Leftovers\n|upkeep\n|turn|9\n|\n|t:|1698631598\n|move|p1a: Ogerpon|Spiky Shield|p1a: Ogerpon\n|-singleturn|p1a: Ogerpon|move: Protect\n|move|p2a: Dragonite|Extreme Speed|p1b: Heatran\n|-resisted|p1b: Heatran\n|-damage|p1b: Heatran|0 fnt\n|faint|p1b: Heatran\n|move|p2b: Sinistcha|Scald|p1a: Ogerpon\n|-activate|p1a: Ogerpon|move: Protect\n|\n|-heal|p2b: Sinistcha|88\/100|[from] item: Leftovers\n|upkeep\n|c|\u2606Dunkyn G.|hahahaha\n|\n|t:|1698631616\n|switch|p1b: Torkoal|Torkoal, F|93\/100\n|-weather|SunnyDay|[from] ability: Drought|[of] p1b: Torkoal\n|turn|10\n|\n|t:|1698631632\n|move|p2a: Dragonite|Extreme Speed|p1b: Torkoal\n|-damage|p1b: Torkoal|61\/100\n|move|p1a: Ogerpon|Power Whip|p2b: Sinistcha\n|-supereffective|p2b: Sinistcha\n|-damage|p2b: Sinistcha|0 fnt\n|faint|p2b: Sinistcha\n|move|p1b: Torkoal|Eruption|p2a: Dragonite\n|-resisted|p2a: Dragonite\n|-damage|p2a: Dragonite|0 fnt\n|faint|p2a: Dragonite\n|\n|win|Dunkyn G.\n|raw|Dunkyn G.'s rating: 1346 &rarr; <strong>1376<\/strong><br \/>(+30 for winning)\n|raw|Doggle4's rating: 1539 &rarr; <strong>1509<\/strong><br \/>(-30 for losing)\n","uploadtime":1698631647,"views":16,"p1id":"dunkyng","p2id":"doggle4","formatid":"gen9doublesou","rating":1376,"private":0,"password":""}