{"id":"gen9doublesou-1999250517","p1":"ButterDeButtery","p2":"kaya_araujo","format":"[Gen 9] Doubles OU","log":"|j|\u2606ButterDeButtery\n|j|\u2606kaya_araujo\n|t:|1701050752\n|gametype|doubles\n|player|p1|ButterDeButtery|waitress|1228\n|player|p2|kaya_araujo|169|1103\n|teamsize|p1|6\n|teamsize|p2|6\n|gen|9\n|tier|[Gen 9] Doubles OU\n|rated|\n|rule|Species Clause: Limit one of each Pok\u00e9mon\n|rule|OHKO Clause: OHKO moves are banned\n|rule|Evasion Moves Clause: Evasion moves are banned\n|rule|Gravity Sleep Clause: The combination of sleep-inducing moves with imperfect accuracy and Gravity or Gigantamax Orbeetle are banned\n|rule|Endless Battle Clause: Forcing endless battles is banned\n|rule|HP Percentage Mod: HP is shown in percentages\n|clearpoke\n|poke|p1|Garganacl, F|\n|poke|p1|Amoonguss, F|\n|poke|p1|Chandelure, F|\n|poke|p1|Orthworm, M|\n|poke|p1|Vikavolt, M|\n|poke|p1|Iron Bundle|\n|poke|p2|Politoed, F|\n|poke|p2|Gastrodon, M|\n|poke|p2|Ludicolo, M|\n|poke|p2|Poliwrath, M|\n|poke|p2|Donphan, F|\n|poke|p2|Scizor, F|\n|teampreview\n|\n|t:|1701050763\n|start\n|switch|p1a: Vikavolt|Vikavolt, M|100\/100\n|switch|p1b: Iron Bundle|Iron Bundle|100\/100\n|switch|p2a: Ludicolo|Ludicolo, M|100\/100\n|switch|p2b: Poliwrath|Poliwrath, M|100\/100\n|turn|1\n|\n|t:|1701050779\n|move|p2a: Ludicolo|Fake Out|p1b: Iron Bundle\n|-damage|p1b: Iron Bundle|92\/100\n|cant|p1b: Iron Bundle|flinch\n|move|p2b: Poliwrath|Rock Slide|p1a: Vikavolt|[spread] p1a,p1b\n|-supereffective|p1a: Vikavolt\n|-supereffective|p1b: Iron Bundle\n|-damage|p1a: Vikavolt|64\/100\n|-damage|p1b: Iron Bundle|27\/100\n|move|p1a: Vikavolt|Sticky Web|p2a: Ludicolo\n|-sidestart|p2: kaya_araujo|move: Sticky Web\n|\n|-heal|p1a: Vikavolt|70\/100|[from] item: Leftovers\n|upkeep\n|turn|2\n|\n|t:|1701050794\n|switch|p2a: Politoed|Politoed, F|100\/100\n|-activate|p2a: Politoed|move: Sticky Web\n|-unboost|p2a: Politoed|spe|1\n|-weather|RainDance|[from] ability: Drizzle|[of] p2a: Politoed\n|move|p2b: Poliwrath|Rock Slide|p1a: Vikavolt|[spread] p1a,p1b\n|-supereffective|p1a: Vikavolt\n|-supereffective|p1b: Iron Bundle\n|-damage|p1a: Vikavolt|33\/100\n|-damage|p1b: Iron Bundle|0 fnt\n|faint|p1b: Iron Bundle\n|-end|p1b: Iron Bundle|Quark Drive|[silent]\n|move|p1a: Vikavolt|Thunder Wave|p2b: Poliwrath\n|-status|p2b: Poliwrath|par\n|\n|-weather|RainDance|[upkeep]\n|-heal|p1a: Vikavolt|40\/100|[from] item: Leftovers\n|upkeep\n|\n|t:|1701050805\n|switch|p1b: Amoonguss|Amoonguss, F|100\/100\n|turn|3\n|\n|t:|1701050816\n|move|p2b: Poliwrath|Rock Slide|p1b: Amoonguss|[spread] p1a,p1b\n|-supereffective|p1a: Vikavolt\n|-damage|p1a: Vikavolt|0 fnt\n|-damage|p1b: Amoonguss|75\/100\n|faint|p1a: Vikavolt\n|move|p2a: Politoed|Surf|p1b: Amoonguss|[spread] p2b,p1b\n|-resisted|p2b: Poliwrath\n|-resisted|p1b: Amoonguss\n|-damage|p2b: Poliwrath|83\/100 par\n|-damage|p1b: Amoonguss|64\/100\n|move|p1b: Amoonguss|Pollen Puff|p1: Vikavolt|[notarget]\n|-fail|p1b: Amoonguss\n|\n|-weather|RainDance|[upkeep]\n|-heal|p1b: Amoonguss|70\/100|[from] item: Leftovers\n|upkeep\n|\n|t:|1701050823\n|switch|p1a: Garganacl|Garganacl, F|100\/100\n|turn|4\n|\n|t:|1701050842\n|switch|p2b: Scizor|Scizor, F|100\/100\n|-activate|p2b: Scizor|move: Sticky Web\n|-unboost|p2b: Scizor|spe|1\n|move|p1a: Garganacl|Wide Guard|p1a: Garganacl\n|-singleturn|p1a: Garganacl|Wide Guard\n|move|p2a: Politoed|Perish Song|p2a: Politoed\n|-start|p1a: Garganacl|perish3|[silent]\n|-start|p1b: Amoonguss|perish3|[silent]\n|-start|p2a: Politoed|perish3|[silent]\n|-start|p2b: Scizor|perish3|[silent]\n|-fieldactivate|move: Perish Song\n|move|p1b: Amoonguss|Spore|p2a: Politoed\n|-status|p2a: Politoed|slp|[from] move: Spore\n|\n|-weather|RainDance|[upkeep]\n|-heal|p1b: Amoonguss|77\/100|[from] item: Leftovers\n|-start|p2a: Politoed|perish3\n|-start|p2b: Scizor|perish3\n|-start|p1a: Garganacl|perish3\n|-start|p1b: Amoonguss|perish3\n|upkeep\n|turn|5\n|\n|t:|1701050891\n|cant|p2a: Politoed|slp\n|move|p2b: Scizor|Dual Wingbeat|p1b: Amoonguss\n|-supereffective|p1b: Amoonguss\n|-damage|p1b: Amoonguss|29\/100\n|-supereffective|p1b: Amoonguss\n|-damage|p1b: Amoonguss|0 fnt\n|faint|p1b: Amoonguss\n|-hitcount|p1: Amoonguss|2\n|move|p1a: Garganacl|Salt Cure|p2b: Scizor\n|-damage|p2b: Scizor|87\/100\n|-start|p2b: Scizor|Salt Cure\n|\n|-weather|RainDance|[upkeep]\n|-damage|p2b: Scizor|62\/100|[from] Salt Cure\n|-start|p2a: Politoed|perish2\n|-start|p2b: Scizor|perish2\n|-start|p1a: Garganacl|perish2\n|upkeep\n|\n|t:|1701050899\n|switch|p1b: Chandelure|Chandelure, F|100\/100\n|turn|6\n|\n|t:|1701050912\n|switch|p2b: Gastrodon|Gastrodon, M|100\/100\n|-activate|p2b: Gastrodon|move: Sticky Web\n|-unboost|p2b: Gastrodon|spe|1\n|switch|p1a: Orthworm|Orthworm, M|100\/100\n|move|p1b: Chandelure|Energy Ball|p2a: Politoed\n|-supereffective|p2a: Politoed\n|-damage|p2a: Politoed|55\/100 slp\n|-curestatus|p2a: Politoed|slp|[msg]\n|move|p2a: Politoed|Surf|p1b: Chandelure|[spread] p1a,p1b\n|-ability|p2b: Gastrodon|Storm Drain|boost\n|-boost|p2b: Gastrodon|spa|1\n|-supereffective|p1b: Chandelure\n|-damage|p1a: Orthworm|48\/100\n|-damage|p1b: Chandelure|6\/100\n|\n|-weather|RainDance|[upkeep]\n|-heal|p1a: Orthworm|54\/100|[from] item: Leftovers\n|-start|p2a: Politoed|perish1\n|upkeep\n|turn|7\n|\n|t:|1701050936\n|move|p1b: Chandelure|Energy Ball|p2b: Gastrodon\n|-supereffective|p2b: Gastrodon\n|-damage|p2b: Gastrodon|0 fnt\n|faint|p2b: Gastrodon\n|move|p1a: Orthworm|Coil|p1a: Orthworm\n|-boost|p1a: Orthworm|atk|1\n|-boost|p1a: Orthworm|def|1\n|-boost|p1a: Orthworm|accuracy|1\n|move|p2a: Politoed|Surf|p1a: Orthworm|[spread] p1a,p1b\n|-supereffective|p1b: Chandelure\n|-damage|p1a: Orthworm|3\/100\n|-damage|p1b: Chandelure|0 fnt\n|faint|p1b: Chandelure\n|\n|-weather|RainDance|[upkeep]\n|-heal|p1a: Orthworm|10\/100|[from] item: Leftovers\n|-start|p2a: Politoed|perish0\n|upkeep\n|faint|p2a: Politoed\n|\n|t:|1701050955\n|switch|p1b: Garganacl|Garganacl, F|100\/100\n|switch|p2a: Ludicolo|Ludicolo, M|100\/100\n|switch|p2b: Poliwrath|Poliwrath, M|83\/100 par\n|-activate|p2a: Ludicolo|move: Sticky Web\n|-unboost|p2a: Ludicolo|spe|1\n|-activate|p2b: Poliwrath|move: Sticky Web\n|-unboost|p2b: Poliwrath|spe|1\n|turn|8\n|\n|t:|1701050974\n|move|p1b: Garganacl|Wide Guard|p1b: Garganacl\n|-singleturn|p1b: Garganacl|Wide Guard\n|move|p2a: Ludicolo|Hyper Voice|p1b: Garganacl|[spread] \n|-activate|p1a: Orthworm|move: Wide Guard\n|-activate|p1b: Garganacl|move: Wide Guard\n|move|p2b: Poliwrath|Rock Slide|p1b: Garganacl|[spread] \n|-activate|p1a: Orthworm|move: Wide Guard\n|-activate|p1b: Garganacl|move: Wide Guard\n|move|p1a: Orthworm|Earthquake|p2b: Poliwrath|[spread] p2a,p2b\n|-activate|p1b: Garganacl|move: Wide Guard\n|-resisted|p2a: Ludicolo\n|-damage|p2a: Ludicolo|74\/100\n|-damage|p2b: Poliwrath|49\/100 par\n|\n|-weather|RainDance|[upkeep]\n|-heal|p1a: Orthworm|16\/100|[from] item: Leftovers\n|upkeep\n|turn|9\n|\n|t:|1701050994\n|move|p1b: Garganacl|Wide Guard|p1b: Garganacl\n|-singleturn|p1b: Garganacl|Wide Guard\n|move|p2a: Ludicolo|Surf|p1b: Garganacl|[spread] p2b\n|-activate|p1a: Orthworm|move: Wide Guard\n|-activate|p1b: Garganacl|move: Wide Guard\n|-resisted|p2b: Poliwrath\n|-damage|p2b: Poliwrath|24\/100 par\n|move|p2b: Poliwrath|Rock Slide|p1a: Orthworm|[spread] \n|-activate|p1a: Orthworm|move: Wide Guard\n|-activate|p1b: Garganacl|move: Wide Guard\n|move|p1a: Orthworm|Earthquake|p2b: Poliwrath|[spread] p2a,p2b\n|-activate|p1b: Garganacl|move: Wide Guard\n|-resisted|p2a: Ludicolo\n|-damage|p2a: Ludicolo|49\/100\n|-damage|p2b: Poliwrath|0 fnt\n|faint|p2b: Poliwrath\n|\n|-weather|none\n|-heal|p1a: Orthworm|22\/100|[from] item: Leftovers\n|upkeep\n|\n|t:|1701051006\n|switch|p2b: Scizor|Scizor, F|62\/100\n|-activate|p2b: Scizor|move: Sticky Web\n|-unboost|p2b: Scizor|spe|1\n|turn|10\n|\n|t:|1701051029\n|move|p1b: Garganacl|Wide Guard|p1b: Garganacl\n|-singleturn|p1b: Garganacl|Wide Guard\n|move|p2b: Scizor|Bullet Punch|p1b: Garganacl\n|-supereffective|p1b: Garganacl\n|-damage|p1b: Garganacl|62\/100\n|move|p2a: Ludicolo|Surf|p1b: Garganacl|[spread] p2b\n|-activate|p1a: Orthworm|move: Wide Guard\n|-activate|p1b: Garganacl|move: Wide Guard\n|-damage|p2b: Scizor|37\/100\n|move|p1a: Orthworm|Earthquake|p2b: Scizor|[spread] p2a,p2b\n|-activate|p1b: Garganacl|move: Wide Guard\n|-resisted|p2a: Ludicolo\n|-damage|p2a: Ludicolo|26\/100\n|-damage|p2b: Scizor|2\/100\n|\n|-heal|p1a: Orthworm|28\/100|[from] item: Leftovers\n|-heal|p1b: Garganacl|68\/100|[from] item: Leftovers\n|upkeep\n|turn|11\n|\n|t:|1701051049\n|move|p1b: Garganacl|Wide Guard|p1b: Garganacl\n|-singleturn|p1b: Garganacl|Wide Guard\n|move|p2a: Ludicolo|Hyper Voice|p1b: Garganacl|[spread] \n|-activate|p1a: Orthworm|move: Wide Guard\n|-activate|p1b: Garganacl|move: Wide Guard\n|move|p1a: Orthworm|Earthquake|p2a: Ludicolo|[spread] p2a,p2b\n|-activate|p1b: Garganacl|move: Wide Guard\n|-resisted|p2a: Ludicolo\n|-damage|p2a: Ludicolo|1\/100\n|-damage|p2b: Scizor|0 fnt\n|faint|p2b: Scizor\n|\n|-heal|p1a: Orthworm|34\/100|[from] item: Leftovers\n|-heal|p1b: Garganacl|74\/100|[from] item: Leftovers\n|upkeep\n|\n|t:|1701051055\n|switch|p2b: Donphan|Donphan, F|100\/100\n|-activate|p2b: Donphan|move: Sticky Web\n|-unboost|p2b: Donphan|spe|1\n|turn|12\n|\n|t:|1701051076\n|-terastallize|p1b: Garganacl|Ghost\n|move|p2a: Ludicolo|Fake Out||[still]\n|-hint|Fake Out only works on your first turn out.\n|-fail|p2a: Ludicolo\n|move|p1b: Garganacl|Wide Guard|p1b: Garganacl\n|-singleturn|p1b: Garganacl|Wide Guard\n|move|p1a: Orthworm|Earthquake|p2b: Donphan|[spread] p2a,p2b\n|-activate|p1b: Garganacl|move: Wide Guard\n|-resisted|p2a: Ludicolo\n|-damage|p2a: Ludicolo|0 fnt\n|-damage|p2b: Donphan|76\/100\n|faint|p2a: Ludicolo\n|move|p2b: Donphan|Knock Off|p1a: Orthworm\n|-damage|p1a: Orthworm|17\/100\n|-enditem|p1a: Orthworm|Leftovers|[from] move: Knock Off|[of] p2b: Donphan\n|\n|-heal|p1b: Garganacl|80\/100|[from] item: Leftovers\n|upkeep\n|turn|13\n|\n|t:|1701051097\n|move|p1b: Garganacl|Helping Hand|p1a: Orthworm\n|-singleturn|p1a: Orthworm|Helping Hand|[of] p1b: Garganacl\n|move|p1a: Orthworm|Iron Head|p2b: Donphan\n|-damage|p2b: Donphan|19\/100\n|-enditem|p2b: Donphan|Liechi Berry|[eat]\n|-boost|p2b: Donphan|atk|1|[from] item: Liechi Berry\n|cant|p2b: Donphan|flinch\n|\n|-heal|p1b: Garganacl|87\/100|[from] item: Leftovers\n|upkeep\n|turn|14\n|\n|t:|1701051114\n|-terastallize|p2b: Donphan|Ice\n|move|p1b: Garganacl|Helping Hand|p1a: Orthworm\n|-singleturn|p1a: Orthworm|Helping Hand|[of] p1b: Garganacl\n|move|p2b: Donphan|Ice Shard|p1a: Orthworm\n|-resisted|p1a: Orthworm\n|-damage|p1a: Orthworm|9\/100\n|move|p1a: Orthworm|Iron Head|p2b: Donphan\n|-supereffective|p2b: Donphan\n|-damage|p2b: Donphan|0 fnt\n|faint|p2b: Donphan\n|\n|win|ButterDeButtery\n|raw|ButterDeButtery's rating: 1228 &rarr; <strong>1244<\/strong><br \/>(+16 for winning)\n|raw|kaya_araujo's rating: 1103 &rarr; <strong>1087<\/strong><br \/>(-16 for losing)\n|l|\u2606kaya_araujo\n","uploadtime":1701051155,"views":6,"p1id":"butterdebuttery","p2id":"kayaaraujo","formatid":"gen9doublesou","rating":1087,"private":0,"password":""}