{"id":"gen9doublesou-1991026695","p1":"Pichuper","p2":"Pikablaster","format":"[Gen 9] Doubles OU","log":"|j|\u2606Pichuper\n|j|\u2606Pikablaster\n|t:|1700030368\n|gametype|doubles\n|player|p1|Pichuper|101|1000\n|player|p2|Pikablaster|265|1064\n|teamsize|p1|4\n|teamsize|p2|6\n|gen|9\n|tier|[Gen 9] Doubles OU\n|rated|\n|rule|Species Clause: Limit one of each Pok\u00e9mon\n|rule|OHKO Clause: OHKO moves are banned\n|rule|Evasion Moves Clause: Evasion moves are banned\n|rule|Gravity Sleep Clause: The combination of sleep-inducing moves with imperfect accuracy and Gravity or Gigantamax Orbeetle are banned\n|rule|Endless Battle Clause: Forcing endless battles is banned\n|rule|HP Percentage Mod: HP is shown in percentages\n|clearpoke\n|poke|p1|Rabsca, F|\n|poke|p1|Golem-Alola, M|\n|poke|p1|Pawmot, M|\n|poke|p1|Electrode|\n|poke|p2|Armarouge, F|\n|poke|p2|Indeedee-F, F|\n|poke|p2|Diancie|\n|poke|p2|Glastrier|\n|poke|p2|Amoonguss, M|\n|poke|p2|Torkoal, M|\n|teampreview\n|inactive|Battle timer is ON: inactive players will automatically lose when time's up. (requested by Pikablaster)\n|inactive|Pikablaster has 120 seconds left.\n|\n|t:|1700030403\n|start\n|switch|p1a: Pawmot|Pawmot, M|100\/100\n|switch|p1b: Golem|Golem-Alola, M|100\/100\n|switch|p2a: Armarouge|Armarouge, F, shiny|100\/100\n|switch|p2b: Indeedee|Indeedee-F, F, shiny|100\/100\n|-fieldstart|move: Psychic Terrain|[from] ability: Psychic Surge|[of] p2b: Indeedee\n|turn|1\n|\n|t:|1700030424\n|switch|p2a: Diancie|Diancie, shiny|100\/100\n|move|p1a: Pawmot|Helping Hand|p1b: Golem\n|-singleturn|p1b: Golem|Helping Hand|[of] p1a: Pawmot\n|move|p1b: Golem|Explosion|p2b: Indeedee|[spread] p2a,p2b\n|-immune|p1a: Pawmot|[from] ability: Volt Absorb\n|-damage|p2a: Diancie|0 fnt\n|-damage|p2b: Indeedee|0 fnt\n|faint|p1b: Golem\n|faint|p2a: Diancie\n|faint|p2b: Indeedee\n|\n|upkeep\n|c|\u2606Pikablaster|Welp\n|\n|t:|1700030449\n|switch|p2b: Glastrier|Glastrier|100\/100\n|switch|p1b: Electrode|Electrode|100\/100\n|switch|p2a: Amoonguss|Amoonguss, M, shiny|100\/100\n|turn|2\n|\n|t:|1700030466\n|move|p1a: Pawmot|Protect|p1a: Pawmot\n|-singleturn|p1a: Pawmot|Protect\n|move|p1b: Electrode|Explosion|p2b: Glastrier|[spread] p2a,p2b\n|-activate|p1a: Pawmot|move: Protect\n|-damage|p2a: Amoonguss|49\/100\n|-damage|p2b: Glastrier|63\/100\n|faint|p1b: Electrode\n|move|p2b: Glastrier|High Horsepower|p1a: Pawmot\n|-activate|p1a: Pawmot|move: Protect\n|move|p2a: Amoonguss|Spore|p1a: Pawmot\n|-activate|p1a: Pawmot|move: Protect\n|\n|-heal|p2a: Amoonguss|55\/100|[from] item: Leftovers\n|upkeep\n|\n|t:|1700030482\n|switch|p1b: Rabsca|Rabsca, F|100\/100\n|turn|3\n|\n|t:|1700030500\n|move|p1a: Pawmot|Revival Blessing|p1a: Pawmot\n|-enditem|p1a: Pawmot|Leppa Berry|[eat]\n|-activate|p1a: Pawmot|item: Leppa Berry|Revival Blessing|[consumed]\n|\n|t:|1700030503\n|-heal|p1: Electrode|50\/100|[from] move: Revival Blessing\n|move|p1b: Rabsca|Revival Blessing|p1b: Rabsca\n|-enditem|p1b: Rabsca|Leppa Berry|[eat]\n|-activate|p1b: Rabsca|item: Leppa Berry|Revival Blessing|[consumed]\n|\n|t:|1700030514\n|-heal|p1: Golem|50\/100|[from] move: Revival Blessing\n|move|p2b: Glastrier|Swords Dance|p2b: Glastrier\n|-boost|p2b: Glastrier|atk|2\n|move|p2a: Amoonguss|Spore|p1a: Pawmot\n|-status|p1a: Pawmot|slp|[from] move: Spore\n|\n|-heal|p2a: Amoonguss|61\/100|[from] item: Leftovers\n|upkeep\n|turn|4\n|\n|t:|1700030536\n|switch|p1a: Golem|Golem-Alola, M|50\/100\n|move|p1b: Rabsca|Extrasensory|p2a: Amoonguss\n|-supereffective|p2a: Amoonguss\n|-damage|p2a: Amoonguss|0 fnt\n|faint|p2a: Amoonguss\n|move|p2b: Glastrier|High Horsepower|p1a: Golem\n|-supereffective|p1a: Golem\n|-damage|p1a: Golem|0 fnt\n|faint|p1a: Golem\n|-ability|p2b: Glastrier|Chilling Neigh|boost\n|-boost|p2b: Glastrier|atk|1\n|\n|upkeep\n|\n|t:|1700030554\n|switch|p1a: Electrode|Electrode|50\/100\n|switch|p2a: Armarouge|Armarouge, F, shiny|100\/100\n|turn|5\n|\n|t:|1700030574\n|move|p1a: Electrode|Explosion|p2a: Armarouge|[spread] p2a,p2b\n|-activate|p1b: Rabsca|ability: Telepathy\n|-damage|p2a: Armarouge|56\/100\n|-damage|p2b: Glastrier|29\/100\n|faint|p1a: Electrode\n|move|p2a: Armarouge|Expanding Force|p1b: Rabsca\n|-resisted|p1b: Rabsca\n|-damage|p1b: Rabsca|59\/100\n|move|p1b: Rabsca|Revival Blessing|p1b: Rabsca\n|\n|t:|1700030586\n|-heal|p1: Golem|50\/100|[from] move: Revival Blessing\n|move|p2b: Glastrier|Icicle Crash|p1b: Rabsca\n|-damage|p1b: Rabsca|0 fnt\n|faint|p1b: Rabsca\n|-ability|p2b: Glastrier|Chilling Neigh|boost\n|-boost|p2b: Glastrier|atk|1\n|\n|upkeep\n|\n|t:|1700030594\n|switch|p1a: Golem|Golem-Alola, M|50\/100\n|switch|p1b: Pawmot|Pawmot, M|100\/100 slp\n|turn|6\n|\n|t:|1700030609\n|cant|p1b: Pawmot|slp\n|move|p1a: Golem|Explosion|p2b: Glastrier|[spread] p2a,p2b\n|-immune|p1b: Pawmot|[from] ability: Volt Absorb\n|-damage|p2a: Armarouge|0 fnt\n|-damage|p2b: Glastrier|0 fnt\n|faint|p1a: Golem\n|faint|p2a: Armarouge\n|faint|p2b: Glastrier\n|\n|upkeep\n|\n|t:|1700030616\n|switch|p2b: KILLKILLKILL|Torkoal, M, shiny|100\/100\n|-weather|SunnyDay|[from] ability: Drought|[of] p2b: KILLKILLKILL\n|turn|7\n|\n|t:|1700030623\n|-curestatus|p1b: Pawmot|slp|[msg]\n|move|p1b: Pawmot|Revival Blessing|p1b: Pawmot\n|\n|t:|1700030628\n|-heal|p1: Golem|50\/100|[from] move: Revival Blessing\n|switch|p1a: Golem|Golem-Alola, M|50\/100\n|move|p2b: KILLKILLKILL|Eruption|p1a: Golem|[spread] p1a,p1b\n|-resisted|p1a: Golem\n|-damage|p1a: Golem|10\/100\n|-damage|p1b: Pawmot|7\/100\n|\n|-weather|SunnyDay|[upkeep]\n|upkeep\n|turn|8\n|\n|t:|1700030641\n|move|p1b: Pawmot|Helping Hand|p1a: Golem\n|-singleturn|p1a: Golem|Helping Hand|[of] p1b: Pawmot\n|move|p1a: Golem|Explosion|p2b: KILLKILLKILL|[spread] p2b\n|-heal|p1b: Pawmot|32\/100|[from] ability: Volt Absorb|[of] p1a: Golem\n|-damage|p2b: KILLKILLKILL|0 fnt\n|faint|p1a: Golem\n|faint|p2b: KILLKILLKILL\n|\n|win|Pichuper\n|raw|Pichuper's rating: 1000 &rarr; <strong>1047<\/strong><br \/>(+47 for winning)\n|raw|Pikablaster's rating: 1064 &rarr; <strong>1041<\/strong><br \/>(-23 for losing)\n","uploadtime":1700030653,"views":19,"p1id":"pichuper","p2id":"pikablaster","formatid":"gen9doublesou","rating":1041,"private":0,"password":""}