{"id":"gen9doublesou-1981999329","p1":"hysali30","p2":"vocentee","format":"[Gen 9] Doubles OU","log":"|j|\u2606hysali30\n|j|\u2606vocentee\n|t:|1698958389\n|gametype|doubles\n|player|p1|hysali30|dancer|1099\n|player|p2|vocentee|lucas|1000\n|teamsize|p1|6\n|teamsize|p2|6\n|gen|9\n|tier|[Gen 9] Doubles OU\n|rated|\n|rule|Species Clause: Limit one of each Pok\u00e9mon\n|rule|OHKO Clause: OHKO moves are banned\n|rule|Evasion Moves Clause: Evasion moves are banned\n|rule|Gravity Sleep Clause: The combination of sleep-inducing moves with imperfect accuracy and Gravity or Gigantamax Orbeetle are banned\n|rule|Endless Battle Clause: Forcing endless battles is banned\n|rule|HP Percentage Mod: HP is shown in percentages\n|clearpoke\n|poke|p1|Tornadus, M|\n|poke|p1|Empoleon, M|\n|poke|p1|Scyther, F|\n|poke|p1|Ambipom, F|\n|poke|p1|Garchomp, F|\n|poke|p1|Diancie|\n|poke|p2|Rillaboom, M|\n|poke|p2|Torkoal, M|\n|poke|p2|Talonflame, M|\n|poke|p2|Walking Wake|\n|poke|p2|Regieleki|\n|poke|p2|Farigiraf, M|\n|teampreview\n|inactive|Battle timer is ON: inactive players will automatically lose when time's up. (requested by hysali30)\n|\n|t:|1698958404\n|start\n|switch|p1a: Tornadus|Tornadus, M|100\/100\n|switch|p1b: Ambipom|Ambipom, F|100\/100\n|switch|p2a: Talonflame|Talonflame, M|100\/100\n|switch|p2b: Rillaboom|Rillaboom, M, shiny|100\/100\n|-fieldstart|move: Grassy Terrain|[from] ability: Grassy Surge|[of] p2b: Rillaboom\n|turn|1\n|\n|t:|1698958432\n|move|p1b: Ambipom|Fake Out|p2a: Talonflame\n|-damage|p2a: Talonflame|53\/100\n|-damage|p1b: Ambipom|91\/100|[from] item: Life Orb\n|move|p2b: Rillaboom|Fake Out|p1b: Ambipom\n|-damage|p1b: Ambipom|67\/100\n|move|p1a: Tornadus|Tailwind|p1a: Tornadus\n|-sidestart|p1: hysali30|move: Tailwind\n|cant|p2a: Talonflame|flinch\n|\n|-heal|p1b: Ambipom|73\/100|[from] Grassy Terrain\n|upkeep\n|turn|2\n|\n|t:|1698958457\n|switch|p2b: Torkoal|Torkoal, M|100\/100\n|-weather|SunnyDay|[from] ability: Drought|[of] p2b: Torkoal\n|move|p1b: Ambipom|Knock Off|p2a: Talonflame\n|-damage|p2a: Talonflame|0 fnt\n|-enditem|p2a: Talonflame|Focus Sash|[from] move: Knock Off|[of] p1b: Ambipom\n|faint|p2a: Talonflame\n|-damage|p1b: Ambipom|63\/100|[from] item: Life Orb\n|move|p1a: Tornadus|Bleakwind Storm|p2b: Torkoal\n|-damage|p2b: Torkoal|39\/100\n|\n|-weather|SunnyDay|[upkeep]\n|-heal|p1b: Ambipom|69\/100|[from] Grassy Terrain\n|-heal|p2b: Torkoal|45\/100|[from] Grassy Terrain\n|-heal|p2b: Torkoal|51\/100|[from] item: Leftovers\n|upkeep\n|inactive|vocentee has 120 seconds left.\n|\n|t:|1698958473\n|switch|p2a: Regieleki|Regieleki|100\/100\n|turn|3\n|\n|t:|1698958488\n|switch|p1a: Garchomp|Garchomp, F|100\/100\n|move|p1b: Ambipom|Knock Off|p2b: Torkoal\n|-damage|p2b: Torkoal|21\/100\n|-enditem|p2b: Torkoal|Leftovers|[from] move: Knock Off|[of] p1b: Ambipom\n|-damage|p1b: Ambipom|59\/100|[from] item: Life Orb\n|move|p2a: Regieleki|Electro Ball|p1a: Garchomp\n|-immune|p1a: Garchomp\n|move|p2b: Torkoal|Body Press|p1b: Ambipom\n|-supereffective|p1b: Ambipom\n|-damage|p1b: Ambipom|0 fnt\n|faint|p1b: Ambipom\n|\n|-weather|SunnyDay|[upkeep]\n|-heal|p2b: Torkoal|27\/100|[from] Grassy Terrain\n|upkeep\n|\n|t:|1698958500\n|switch|p1b: Diancie|Diancie|100\/100\n|turn|4\n|\n|t:|1698958521\n|switch|p2a: Rillaboom|Rillaboom, M, shiny|100\/100\n|switch|p2b: Walking Wake|Walking Wake|100\/100\n|-activate|p2b: Walking Wake|ability: Protosynthesis\n|-start|p2b: Walking Wake|protosynthesisspa\n|move|p1a: Garchomp|Swords Dance|p1a: Garchomp\n|-boost|p1a: Garchomp|atk|2\n|move|p1b: Diancie|Diamond Storm|p2b: Walking Wake|[spread] p2a,p2b\n|-damage|p2a: Rillaboom|73\/100\n|-damage|p2b: Walking Wake|73\/100\n|-boost|p1b: Diancie|def|2\n|\n|-weather|SunnyDay|[upkeep]\n|-heal|p2b: Walking Wake|79\/100|[from] Grassy Terrain\n|-heal|p2a: Rillaboom|79\/100|[from] Grassy Terrain\n|-sideend|p1: hysali30|move: Tailwind\n|upkeep\n|turn|5\n|\n|t:|1698958550\n|-terastallize|p1a: Garchomp|Poison\n|move|p2a: Rillaboom|Fake Out|p1a: Garchomp\n|-damage|p1a: Garchomp|86\/100\n|-damage|p2a: Rillaboom|67\/100|[from] ability: Rough Skin|[of] p1a: Garchomp\n|cant|p1a: Garchomp|flinch\n|move|p2b: Walking Wake|Dragon Dance|p2b: Walking Wake\n|-boost|p2b: Walking Wake|atk|1\n|-boost|p2b: Walking Wake|spe|1\n|move|p1b: Diancie|Moonblast|p2b: Walking Wake\n|-supereffective|p2b: Walking Wake\n|-damage|p2b: Walking Wake|0 fnt\n|faint|p2b: Walking Wake\n|-end|p2b: Walking Wake|Protosynthesis|[silent]\n|\n|-weather|SunnyDay|[upkeep]\n|-heal|p1a: Garchomp|92\/100|[from] Grassy Terrain\n|-heal|p2a: Rillaboom|73\/100|[from] Grassy Terrain\n|-fieldend|move: Grassy Terrain\n|upkeep\n|inactive|vocentee has 120 seconds left.\n|\n|t:|1698958579\n|switch|p2b: Farigiraf|Farigiraf, M|100\/100\n|turn|6\n|inactive|vocentee has 120 seconds left.\n|\n|t:|1698958591\n|-terastallize|p2b: Farigiraf|Fairy\n|move|p1a: Garchomp|Poison Jab|p2a: Rillaboom\n|-supereffective|p2a: Rillaboom\n|-damage|p2a: Rillaboom|0 fnt\n|faint|p2a: Rillaboom\n|-damage|p1a: Garchomp|82\/100|[from] item: Life Orb\n|move|p2b: Farigiraf|Psybeam|p1a: Garchomp\n|-supereffective|p1a: Garchomp\n|-damage|p1a: Garchomp|13\/100\n|move|p1b: Diancie|Diamond Storm|p2b: Farigiraf\n|-damage|p2b: Farigiraf|57\/100\n|\n|-weather|none\n|upkeep\n|inactive|vocentee has 120 seconds left.\n|\n|t:|1698958607\n|switch|p2a: Regieleki|Regieleki|100\/100\n|turn|7\n|\n|t:|1698958621\n|move|p2b: Farigiraf|Protect|p2b: Farigiraf\n|-singleturn|p2b: Farigiraf|Protect\n|move|p2a: Regieleki|Reflect|p2a: Regieleki\n|-sidestart|p2: vocentee|Reflect\n|move|p1a: Garchomp|Poison Jab|p2b: Farigiraf\n|-activate|p2b: Farigiraf|move: Protect\n|move|p1b: Diancie|Diamond Storm|p2a: Regieleki|[spread] p2a\n|-activate|p2b: Farigiraf|move: Protect\n|-damage|p2a: Regieleki|65\/100\n|-boost|p1b: Diancie|def|2\n|\n|upkeep\n|turn|8\n|\n|t:|1698958644\n|switch|p1b: Scyther|Scyther, F|100\/100\n|move|p2a: Regieleki|Light Screen|p2a: Regieleki\n|-sidestart|p2: vocentee|move: Light Screen\n|move|p1a: Garchomp|Earthquake|p2a: Regieleki|[spread] p2a,p2b\n|-immune|p1b: Scyther\n|-supereffective|p2a: Regieleki\n|-damage|p2a: Regieleki|0 fnt\n|-damage|p2b: Farigiraf|0 fnt\n|faint|p2a: Regieleki\n|faint|p2b: Farigiraf\n|-damage|p1a: Garchomp|3\/100|[from] item: Life Orb\n|\n|upkeep\n|\n|t:|1698958656\n|switch|p2b: Torkoal|Torkoal, M|27\/100\n|-weather|SunnyDay|[from] ability: Drought|[of] p2b: Torkoal\n|turn|9\n|\n|t:|1698958670\n|switch|p1a: Empoleon|Empoleon, M|100\/100\n|move|p1b: Scyther|Brick Break|p2b: Torkoal\n|-sideend|p2: vocentee|Reflect\n|-sideend|p2: vocentee|move: Light Screen\n|-damage|p2b: Torkoal|7\/100\n|move|p2b: Torkoal|Flare Blitz|p1a: Empoleon\n|-damage|p1a: Empoleon|31\/100\n|-damage|p2b: Torkoal|0 fnt|[from] Recoil\n|faint|p2b: Torkoal\n|\n|win|hysali30\n|raw|hysali30's rating: 1099 &rarr; <strong>1117<\/strong><br \/>(+18 for winning)\n|raw|vocentee's rating: 1000 &rarr; <strong>1000<\/strong><br \/>(+0 for losing)\n|c|\u2606hysali30|Gg\n","uploadtime":1698958686,"views":12,"p1id":"hysali30","p2id":"vocentee","formatid":"gen9doublesou","rating":1000,"private":0,"password":""}