{"id":"gen9doublesou-1970665569","p1":"kadenzah","p2":"SXD2002","format":"[Gen 9] Doubles OU","log":"|j|\u2606kadenzah\n|j|\u2606SXD2002\n|t:|1697656519\n|gametype|doubles\n|player|p1|kadenzah|blackbelt-gen4dp|1198\n|player|p2|SXD2002|silver-masters|1114\n|teamsize|p1|6\n|teamsize|p2|4\n|gen|9\n|tier|[Gen 9] Doubles OU\n|rated|\n|rule|Species Clause: Limit one of each Pok\u00e9mon\n|rule|OHKO Clause: OHKO moves are banned\n|rule|Evasion Moves Clause: Evasion moves are banned\n|rule|Gravity Sleep Clause: The combination of sleep-inducing moves with imperfect accuracy and Gravity or Gigantamax Orbeetle are banned\n|rule|Endless Battle Clause: Forcing endless battles is banned\n|rule|HP Percentage Mod: HP is shown in percentages\n|clearpoke\n|poke|p1|Armarouge, F|\n|poke|p1|Indeedee-F, F|\n|poke|p1|Amoonguss, F|\n|poke|p1|Flutter Mane|\n|poke|p1|Goodra-Hisui, F|\n|poke|p1|Iron Bundle|\n|poke|p2|Lurantis, F|\n|poke|p2|Murkrow, F|\n|poke|p2|Grimmsnarl, M|\n|poke|p2|Clefairy, F|\n|teampreview\n|inactive|Battle timer is ON: inactive players will automatically lose when time's up. (requested by SXD2002)\n|\n|t:|1697656532\n|start\n|switch|p1a: Goodra|Goodra-Hisui, F|100\/100\n|switch|p1b: Flutter Mane|Flutter Mane|100\/100\n|switch|p2a: Grimmsnarl|Grimmsnarl, M|100\/100\n|switch|p2b: Lurantis|Lurantis, F|100\/100\n|-enditem|p1b: Flutter Mane|Booster Energy\n|-activate|p1b: Flutter Mane|ability: Protosynthesis|[fromitem]\n|-start|p1b: Flutter Mane|protosynthesisspe\n|turn|1\n|\n|t:|1697656550\n|move|p2a: Grimmsnarl|Fake Tears|p2b: Lurantis\n|-boost|p2b: Lurantis|spd|2\n|move|p1b: Flutter Mane|Substitute|p1b: Flutter Mane\n|-start|p1b: Flutter Mane|Substitute\n|-damage|p1b: Flutter Mane|76\/100\n|move|p1a: Goodra|Flash Cannon|p2b: Lurantis\n|-damage|p2b: Lurantis|85\/100\n|-boost|p2b: Lurantis|spd|1\n|move|p2b: Lurantis|Superpower|p1a: Goodra\n|-supereffective|p1a: Goodra\n|-damage|p1a: Goodra|51\/100\n|-boost|p2b: Lurantis|atk|1\n|-boost|p2b: Lurantis|def|1\n|\n|-heal|p2b: Lurantis|91\/100|[from] item: Leftovers\n|upkeep\n|turn|2\n|\n|t:|1697656576\n|move|p2a: Grimmsnarl|Fake Tears|p2b: Lurantis\n|-boost|p2b: Lurantis|spd|2\n|move|p1b: Flutter Mane|Dazzling Gleam|p2a: Grimmsnarl|[spread] p2a,p2b\n|-supereffective|p2a: Grimmsnarl\n|-damage|p2a: Grimmsnarl|56\/100\n|-damage|p2b: Lurantis|84\/100\n|move|p1a: Goodra|Sludge Bomb|p2b: Lurantis\n|-supereffective|p2b: Lurantis\n|-damage|p2b: Lurantis|71\/100\n|move|p2b: Lurantis|Superpower|p1a: Goodra\n|-supereffective|p1a: Goodra\n|-damage|p1a: Goodra|0 fnt\n|-boost|p2b: Lurantis|atk|1\n|-boost|p2b: Lurantis|def|1\n|faint|p1a: Goodra\n|\n|-heal|p2a: Grimmsnarl|62\/100|[from] item: Leftovers\n|-heal|p2b: Lurantis|77\/100|[from] item: Leftovers\n|upkeep\n|inactive|kadenzah has 120 seconds left.\n|\n|t:|1697656596\n|switch|p1a: Iron Bundle|Iron Bundle|100\/100\n|-enditem|p1a: Iron Bundle|Booster Energy\n|-activate|p1a: Iron Bundle|ability: Quark Drive|[fromitem]\n|-start|p1a: Iron Bundle|quarkdrivespa\n|turn|3\n|inactive|kadenzah has 120 seconds left.\n|\n|t:|1697656626\n|-terastallize|p2b: Lurantis|Steel\n|move|p2a: Grimmsnarl|Scary Face|p2b: Lurantis\n|-boost|p2b: Lurantis|spe|2\n|move|p1b: Flutter Mane|Mystical Fire|p2b: Lurantis\n|-supereffective|p2b: Lurantis\n|-damage|p2b: Lurantis|65\/100\n|-boost|p2b: Lurantis|spa|1\n|move|p1a: Iron Bundle|Ice Beam|p2b: Lurantis\n|-resisted|p2b: Lurantis\n|-damage|p2b: Lurantis|58\/100\n|move|p2b: Lurantis|Leaf Storm|p1a: Iron Bundle\n|-supereffective|p1a: Iron Bundle\n|-damage|p1a: Iron Bundle|0 fnt\n|-boost|p2b: Lurantis|spa|2\n|faint|p1a: Iron Bundle\n|-end|p1a: Iron Bundle|Quark Drive|[silent]\n|\n|-heal|p2b: Lurantis|64\/100|[from] item: Leftovers\n|-heal|p2a: Grimmsnarl|68\/100|[from] item: Leftovers\n|upkeep\n|inactive|kadenzah has 90 seconds left.\n|\n|t:|1697656659\n|switch|p1a: Indeedee|Indeedee-F, F|100\/100\n|-fieldstart|move: Psychic Terrain|[from] ability: Psychic Surge|[of] p1a: Indeedee\n|-enditem|p1a: Indeedee|Psychic Seed\n|-boost|p1a: Indeedee|spd|1|[from] item: Psychic Seed\n|turn|4\n|inactive|kadenzah has 90 seconds left.\n|\n|t:|1697656676\n|move|p2a: Grimmsnarl|Scary Face|p2b: Lurantis\n|-boost|p2b: Lurantis|spe|2\n|move|p1b: Flutter Mane|Dazzling Gleam|p2b: Lurantis|[spread] p2a,p2b\n|-supereffective|p2a: Grimmsnarl\n|-resisted|p2b: Lurantis\n|-damage|p2a: Grimmsnarl|16\/100\n|-damage|p2b: Lurantis|60\/100\n|move|p2b: Lurantis|Leaf Storm|p1a: Indeedee\n|-damage|p1a: Indeedee|42\/100\n|-boost|p2b: Lurantis|spa|2\n|move|p1a: Indeedee|Trick Room|p1a: Indeedee\n|-fieldstart|move: Trick Room|[of] p1a: Indeedee\n|\n|-heal|p2a: Grimmsnarl|22\/100|[from] item: Leftovers\n|-heal|p2b: Lurantis|66\/100|[from] item: Leftovers\n|upkeep\n|turn|5\n|\n|t:|1697656700\n|move|p1a: Indeedee|Helping Hand|p1b: Flutter Mane\n|-singleturn|p1b: Flutter Mane|Helping Hand|[of] p1a: Indeedee\n|move|p2a: Grimmsnarl|Parting Shot|p2b: Lurantis\n|-boost|p2b: Lurantis|atk|1\n|-boost|p2b: Lurantis|spa|1\n|\n|t:|1697656705\n|switch|p2a: Clefairy|Clefairy, F|100\/100|[from] Parting Shot\n|move|p2b: Lurantis|Leaf Storm|p1b: Flutter Mane\n|-end|p1b: Flutter Mane|Substitute\n|move|p1b: Flutter Mane|Dazzling Gleam|p2a: Clefairy|[spread] p2a,p2b\n|-resisted|p2b: Lurantis\n|-damage|p2a: Clefairy|73\/100\n|-damage|p2b: Lurantis|63\/100\n|\n|-heal|p2b: Lurantis|69\/100|[from] item: Leftovers\n|upkeep\n|turn|6\n|inactive|kadenzah has 120 seconds left.\n|\n|t:|1697656724\n|switch|p1a: Amoonguss|Amoonguss, F|100\/100\n|move|p2a: Clefairy|Helping Hand|p2b: Lurantis\n|-singleturn|p2b: Lurantis|Helping Hand|[of] p2a: Clefairy\n|move|p2b: Lurantis|Leaf Storm|p1a: Amoonguss\n|-resisted|p1a: Amoonguss\n|-damage|p1a: Amoonguss|46\/100\n|move|p1b: Flutter Mane|Substitute|p1b: Flutter Mane\n|-start|p1b: Flutter Mane|Substitute\n|-damage|p1b: Flutter Mane|51\/100\n|\n|-heal|p2b: Lurantis|75\/100|[from] item: Leftovers\n|upkeep\n|turn|7\n|inactive|kadenzah has 120 seconds left.\n|\n|t:|1697656747\n|move|p2a: Clefairy|Helping Hand|p2b: Lurantis\n|-singleturn|p2b: Lurantis|Helping Hand|[of] p2a: Clefairy\n|move|p1a: Amoonguss|Pollen Puff|p1b: Flutter Mane\n|-heal|p1b: Flutter Mane|100\/100\n|move|p2b: Lurantis|Pollen Puff|p1a: Amoonguss\n|-damage|p1a: Amoonguss|0 fnt\n|faint|p1a: Amoonguss\n|move|p1b: Flutter Mane|Mystical Fire|p2b: Lurantis\n|-supereffective|p2b: Lurantis\n|-damage|p2b: Lurantis|66\/100\n|\n|-heal|p2b: Lurantis|72\/100|[from] item: Leftovers\n|upkeep\n|\n|t:|1697656764\n|switch|p1a: Armarouge|Armarouge, F|100\/100\n|turn|8\n|\n|t:|1697656770\n|move|p2a: Clefairy|Follow Me|p2a: Clefairy\n|-singleturn|p2a: Clefairy|move: Follow Me\n|move|p1a: Armarouge|Armor Cannon|p2a: Clefairy\n|-damage|p2a: Clefairy|29\/100\n|-unboost|p1a: Armarouge|def|1\n|-unboost|p1a: Armarouge|spd|1\n|move|p2b: Lurantis|Pollen Puff|p1a: Armarouge\n|-damage|p1a: Armarouge|0 fnt\n|faint|p1a: Armarouge\n|move|p1b: Flutter Mane|Dazzling Gleam|p2b: Lurantis|[spread] p2a,p2b\n|-resisted|p2b: Lurantis\n|-damage|p2a: Clefairy|9\/100\n|-damage|p2b: Lurantis|69\/100\n|\n|-heal|p2b: Lurantis|75\/100|[from] item: Leftovers\n|-fieldend|move: Trick Room\n|-fieldend|move: Psychic Terrain\n|upkeep\n|inactive|kadenzah has 120 seconds left.\n|\n|t:|1697656788\n|switch|p1a: Indeedee|Indeedee-F, F|42\/100\n|-fieldstart|move: Psychic Terrain|[from] ability: Psychic Surge|[of] p1a: Indeedee\n|turn|9\n|\n|t:|1697656798\n|move|p2a: Clefairy|Follow Me|p2a: Clefairy\n|-singleturn|p2a: Clefairy|move: Follow Me\n|move|p1b: Flutter Mane|Dazzling Gleam|p2a: Clefairy|[spread] p2a,p2b\n|-resisted|p2b: Lurantis\n|-damage|p2a: Clefairy|0 fnt\n|-damage|p2b: Lurantis|73\/100\n|faint|p2a: Clefairy\n|move|p2b: Lurantis|Pollen Puff|p2: Clefairy|[notarget]\n|-fail|p2b: Lurantis\n|move|p1a: Indeedee|Hyper Voice|p2b: Lurantis\n|-resisted|p2b: Lurantis\n|-damage|p2b: Lurantis|69\/100\n|\n|-heal|p2b: Lurantis|75\/100|[from] item: Leftovers\n|upkeep\n|\n|t:|1697656807\n|switch|p2a: Grimmsnarl|Grimmsnarl, M|22\/100\n|turn|10\n|\n|t:|1697656819\n|move|p1a: Indeedee|Helping Hand|p1b: Flutter Mane\n|-singleturn|p1b: Flutter Mane|Helping Hand|[of] p1a: Indeedee\n|move|p2a: Grimmsnarl|Scary Face|p2b: Lurantis\n|-boost|p2b: Lurantis|spe|2\n|move|p1b: Flutter Mane|Dazzling Gleam|p2a: Grimmsnarl|[spread] p2a,p2b\n|-supereffective|p2a: Grimmsnarl\n|-resisted|p2b: Lurantis\n|-damage|p2a: Grimmsnarl|0 fnt\n|-damage|p2b: Lurantis|70\/100\n|faint|p2a: Grimmsnarl\n|move|p2b: Lurantis|Pollen Puff|p1a: Indeedee\n|-supereffective|p1a: Indeedee\n|-damage|p1a: Indeedee|0 fnt\n|faint|p1a: Indeedee\n|\n|-heal|p2b: Lurantis|76\/100|[from] item: Leftovers\n|upkeep\n|\n|t:|1697656832\n|switch|p2a: Murkrow|Murkrow, F|100\/100\n|turn|11\n|\n|t:|1697656855\n|move|p1b: Flutter Mane|Mystical Fire|p2b: Lurantis\n|-supereffective|p2b: Lurantis\n|-damage|p2b: Lurantis|64\/100\n|move|p2b: Lurantis|Leaf Storm|p1b: Flutter Mane\n|-end|p1b: Flutter Mane|Substitute\n|move|p2a: Murkrow|Foul Play|p1b: Flutter Mane\n|-damage|p1b: Flutter Mane|71\/100\n|\n|-heal|p2b: Lurantis|71\/100|[from] item: Leftovers\n|upkeep\n|turn|12\n|\n|t:|1697656869\n|move|p1b: Flutter Mane|Hex|p2b: Lurantis\n|-damage|p2b: Lurantis|62\/100\n|move|p2b: Lurantis|Leaf Storm|p1b: Flutter Mane\n|-damage|p1b: Flutter Mane|0 fnt\n|faint|p1b: Flutter Mane\n|-end|p1b: Flutter Mane|Protosynthesis|[silent]\n|\n|win|SXD2002\n|raw|kadenzah's rating: 1198 &rarr; <strong>1167<\/strong><br \/>(-31 for losing)\n|raw|SXD2002's rating: 1114 &rarr; <strong>1145<\/strong><br \/>(+31 for winning)\n|c|\u2606SXD2002|gg\n|l|\u2606kadenzah\n","uploadtime":1697656881,"views":8,"p1id":"kadenzah","p2id":"sxd2002","formatid":"gen9doublesou","rating":1145,"private":0,"password":""}