{"id":"gen9doublesou-1973184953","p1":"GuyGardnerGL","p2":"Pazz The Puzzled","format":"[Gen 9] Doubles OU","log":"|j|\u2606GuyGardnerGL\n|j|\u2606Pazz The Puzzled\n|t:|1697936988\n|gametype|doubles\n|player|p1|GuyGardnerGL|101|1021\n|player|p2|Pazz The Puzzled|unknown|1054\n|teamsize|p1|6\n|teamsize|p2|6\n|gen|9\n|tier|[Gen 9] Doubles OU\n|rated|\n|rule|Species Clause: Limit one of each Pok\u00e9mon\n|rule|OHKO Clause: OHKO moves are banned\n|rule|Evasion Moves Clause: Evasion moves are banned\n|rule|Gravity Sleep Clause: The combination of sleep-inducing moves with imperfect accuracy and Gravity or Gigantamax Orbeetle are banned\n|rule|Endless Battle Clause: Forcing endless battles is banned\n|rule|HP Percentage Mod: HP is shown in percentages\n|clearpoke\n|poke|p1|Politoed, M|\n|poke|p1|Golduck, M|\n|poke|p1|Poliwrath, F|\n|poke|p1|Slowbro, M|\n|poke|p1|Dragonite, F|\n|poke|p1|Milotic, F|\n|poke|p2|Oricorio-Pom-Pom, F|\n|poke|p2|Volcarona, M|\n|poke|p2|Pelipper, M|\n|poke|p2|Palafin, F|\n|poke|p2|Bellibolt, F|\n|poke|p2|Oranguru, M|\n|teampreview\n|\n|t:|1697937005\n|start\n|switch|p1a: Slowbro|Slowbro, M|100\/100\n|switch|p1b: Golduck|Golduck, M|100\/100\n|switch|p2a: Bellibolt|Bellibolt, F|100\/100\n|switch|p2b: Oranguru|Oranguru, M|100\/100\n|turn|1\n|\n|t:|1697937017\n|move|p1b: Golduck|Protect|p1b: Golduck\n|-singleturn|p1b: Golduck|Protect\n|move|p2a: Bellibolt|Protect|p2a: Bellibolt\n|-singleturn|p2a: Bellibolt|Protect\n|move|p2b: Oranguru|Trick Room|p2b: Oranguru\n|-fieldstart|move: Trick Room|[of] p2b: Oranguru\n|move|p1a: Slowbro|Trick Room|p1a: Slowbro\n|-fieldend|move: Trick Room\n|\n|upkeep\n|turn|2\n|c|\u2606Pazz The Puzzled|lmao\n|\n|t:|1697937036\n|move|p1b: Golduck|Icy Wind|p2b: Oranguru|[spread] p2a,p2b\n|-damage|p2a: Bellibolt|89\/100\n|-damage|p2b: Oranguru|90\/100\n|-unboost|p2a: Bellibolt|spe|1\n|-unboost|p2b: Oranguru|spe|1\n|-start|p2a: Bellibolt|Charge|Icy Wind|[from] ability: Electromorphosis\n|move|p2b: Oranguru|Instruct|p2a: Bellibolt\n|-singleturn|p2a: Bellibolt|move: Instruct|[of] p2b: Oranguru\n|move|p2a: Bellibolt|Protect|p2a: Bellibolt\n|-singleturn|p2a: Bellibolt|Protect\n|move|p1a: Slowbro|Yawn|p2a: Bellibolt\n|-activate|p2a: Bellibolt|move: Protect\n|move|p2a: Bellibolt|Discharge|p1b: Golduck|[spread] p1a,p1b\n|-activate|p2b: Oranguru|ability: Telepathy\n|-supereffective|p1a: Slowbro\n|-enditem|p1a: Slowbro|Wacan Berry|[eat]\n|-enditem|p1a: Slowbro|Wacan Berry|[weaken]\n|-supereffective|p1b: Golduck\n|-damage|p1a: Slowbro|32\/100\n|-damage|p1b: Golduck|0 fnt\n|faint|p1b: Golduck\n|-damage|p2a: Bellibolt|79\/100|[from] item: Life Orb\n|-end|p2a: Bellibolt|Charge|[silent]\n|\n|-heal|p2b: Oranguru|97\/100|[from] item: Leftovers\n|upkeep\n|\n|t:|1697937057\n|switch|p1b: Dragonite|Dragonite, F|100\/100\n|turn|3\n|\n|t:|1697937081\n|-terastallize|p1b: Dragonite|Dragon\n|move|p2a: Bellibolt|Protect||[still]\n|-fail|p2a: Bellibolt\n|move|p1b: Dragonite|Earthquake|p2b: Oranguru|[spread] p1a,p2a,p2b\n|-supereffective|p2a: Bellibolt\n|-damage|p1a: Slowbro|16\/100\n|-damage|p2a: Bellibolt|31\/100\n|-damage|p2b: Oranguru|72\/100\n|-start|p2a: Bellibolt|Charge|Earthquake|[from] ability: Electromorphosis\n|move|p1a: Slowbro|Yawn|p2b: Oranguru\n|-start|p2b: Oranguru|move: Yawn|[of] p1a: Slowbro\n|move|p2b: Oranguru|Trick Room|p2b: Oranguru\n|-fieldstart|move: Trick Room|[of] p2b: Oranguru\n|\n|-heal|p2b: Oranguru|78\/100|[from] item: Leftovers\n|upkeep\n|turn|4\n|\n|t:|1697937104\n|move|p2a: Bellibolt|Parabolic Charge|p1b: Dragonite|[spread] p1a,p1b\n|-activate|p2b: Oranguru|ability: Telepathy\n|-supereffective|p1a: Slowbro\n|-resisted|p1b: Dragonite\n|-damage|p1a: Slowbro|0 fnt\n|-heal|p2a: Bellibolt|39\/100|[from] drain|[of] p1a: Slowbro\n|-damage|p1b: Dragonite|71\/100\n|-heal|p2a: Bellibolt|52\/100|[from] drain|[of] p1b: Dragonite\n|faint|p1a: Slowbro\n|-damage|p2a: Bellibolt|42\/100|[from] item: Life Orb\n|-end|p2a: Bellibolt|Charge|[silent]\n|move|p2b: Oranguru|Instruct|p2a: Bellibolt\n|-singleturn|p2a: Bellibolt|move: Instruct|[of] p2b: Oranguru\n|move|p2a: Bellibolt|Parabolic Charge|p1b: Dragonite|[spread] p1b\n|-activate|p2b: Oranguru|ability: Telepathy\n|-resisted|p1b: Dragonite\n|-damage|p1b: Dragonite|56\/100\n|-heal|p2a: Bellibolt|49\/100|[from] drain|[of] p1b: Dragonite\n|-damage|p2a: Bellibolt|39\/100|[from] item: Life Orb\n|move|p1b: Dragonite|Earthquake|p2a: Bellibolt|[spread] p2a,p2b\n|-supereffective|p2a: Bellibolt\n|-damage|p2a: Bellibolt|0 fnt\n|-damage|p2b: Oranguru|53\/100\n|faint|p2a: Bellibolt\n|\n|-heal|p2b: Oranguru|60\/100|[from] item: Leftovers\n|-heal|p1b: Dragonite|62\/100|[from] item: Leftovers\n|-end|p2b: Oranguru|move: Yawn|[silent]\n|-status|p2b: Oranguru|slp\n|upkeep\n|\n|t:|1697937130\n|switch|p1a: Milotic|Milotic, F|100\/100\n|switch|p2a: Palafin|Palafin, F|100\/100\n|turn|5\n|\n|t:|1697937144\n|cant|p2b: Oranguru|slp\n|move|p1a: Milotic|Hypnosis|p2a: Palafin\n|-status|p2a: Palafin|slp|[from] move: Hypnosis\n|move|p1b: Dragonite|Dragon Claw|p2a: Palafin\n|-damage|p2a: Palafin|15\/100 slp\n|cant|p2a: Palafin|slp\n|\n|-heal|p2b: Oranguru|66\/100 slp|[from] item: Leftovers\n|-heal|p1b: Dragonite|68\/100|[from] item: Leftovers\n|-status|p1a: Milotic|brn|[from] item: Flame Orb\n|upkeep\n|turn|6\n|\n|t:|1697937165\n|cant|p2b: Oranguru|slp\n|move|p1a: Milotic|Coil|p1a: Milotic\n|-boost|p1a: Milotic|atk|1\n|-boost|p1a: Milotic|def|1\n|-boost|p1a: Milotic|accuracy|1\n|move|p1b: Dragonite|Dragon Claw|p2b: Oranguru\n|-damage|p2b: Oranguru|11\/100 slp\n|cant|p2a: Palafin|slp\n|\n|-heal|p2b: Oranguru|17\/100 slp|[from] item: Leftovers\n|-heal|p1b: Dragonite|74\/100|[from] item: Leftovers\n|-damage|p1a: Milotic|94\/100 brn|[from] brn\n|upkeep\n|turn|7\n|\n|t:|1697937182\n|-curestatus|p2b: Oranguru|slp|[msg]\n|move|p2b: Oranguru|Yawn|p1b: Dragonite\n|-start|p1b: Dragonite|move: Yawn|[of] p2b: Oranguru\n|move|p1a: Milotic|Coil|p1a: Milotic\n|-boost|p1a: Milotic|atk|1\n|-boost|p1a: Milotic|def|1\n|-boost|p1a: Milotic|accuracy|1\n|move|p1b: Dragonite|Earthquake|p2a: Palafin|[spread] p1a,p2a,p2b\n|-damage|p1a: Milotic|83\/100 brn\n|-damage|p2a: Palafin|0 fnt\n|-damage|p2b: Oranguru|0 fnt\n|faint|p2a: Palafin\n|faint|p2b: Oranguru\n|\n|-heal|p1b: Dragonite|80\/100|[from] item: Leftovers\n|-damage|p1a: Milotic|77\/100 brn|[from] brn\n|-fieldend|move: Trick Room\n|upkeep\n|\n|t:|1697937198\n|switch|p2a: Oricorio|Oricorio-Pom-Pom, F|100\/100\n|switch|p2b: Volcarona|Volcarona, M|100\/100\n|turn|8\n|\n|t:|1697937211\n|move|p2b: Volcarona|Quiver Dance|p2b: Volcarona\n|-boost|p2b: Volcarona|spa|1\n|-boost|p2b: Volcarona|spd|1\n|-boost|p2b: Volcarona|spe|1\n|-activate|p2a: Oricorio|ability: Dancer\n|move|p2a: Oricorio|Quiver Dance|p2a: Oricorio|[from]ability: Dancer\n|-boost|p2a: Oricorio|spa|1\n|-boost|p2a: Oricorio|spd|1\n|-boost|p2a: Oricorio|spe|1\n|move|p2a: Oricorio|Quiver Dance|p2a: Oricorio\n|-boost|p2a: Oricorio|spa|1\n|-boost|p2a: Oricorio|spd|1\n|-boost|p2a: Oricorio|spe|1\n|move|p1b: Dragonite|Dragon Claw|p2a: Oricorio\n|-enditem|p2a: Oricorio|Focus Sash\n|-damage|p2a: Oricorio|1\/100\n|move|p1a: Milotic|Hydro Pump|p2b: Volcarona\n|-supereffective|p2b: Volcarona\n|-damage|p2b: Volcarona|43\/100\n|\n|-heal|p1b: Dragonite|87\/100|[from] item: Leftovers\n|-damage|p1a: Milotic|71\/100 brn|[from] brn\n|-end|p1b: Dragonite|move: Yawn|[silent]\n|-status|p1b: Dragonite|slp\n|upkeep\n|turn|9\n|\n|t:|1697937239\n|cant|p1b: Dragonite|slp\n|move|p2a: Oricorio|Revelation Dance|p1a: Milotic\n|-supereffective|p1a: Milotic\n|-damage|p1a: Milotic|0 fnt\n|faint|p1a: Milotic\n|move|p2b: Volcarona|Fiery Dance|p1b: Dragonite\n|-resisted|p1b: Dragonite\n|-damage|p1b: Dragonite|51\/100 slp\n|-boost|p2b: Volcarona|spa|1\n|-activate|p2a: Oricorio|ability: Dancer\n|move|p2a: Oricorio|Fiery Dance|p1b: Dragonite|[from]ability: Dancer\n|-resisted|p1b: Dragonite\n|-damage|p1b: Dragonite|26\/100 slp\n|-boost|p2a: Oricorio|spa|1\n|\n|-heal|p1b: Dragonite|32\/100 slp|[from] item: Leftovers\n|upkeep\n|\n|t:|1697937265\n|switch|p1a: Politoed|Politoed, M|100\/100\n|-weather|RainDance|[from] ability: Drizzle|[of] p1a: Politoed\n|turn|10\n|\n|t:|1697937282\n|move|p2b: Volcarona|Protect|p2b: Volcarona\n|-singleturn|p2b: Volcarona|Protect\n|move|p1a: Politoed|Protect|p1a: Politoed\n|-singleturn|p1a: Politoed|Protect\n|cant|p1b: Dragonite|slp\n|move|p2a: Oricorio|Revelation Dance|p1a: Politoed\n|-activate|p1a: Politoed|move: Protect\n|\n|-weather|RainDance|[upkeep]\n|-heal|p1b: Dragonite|38\/100 slp|[from] item: Leftovers\n|upkeep\n|turn|11\n|inactive|Battle timer is ON: inactive players will automatically lose when time's up. (requested by GuyGardnerGL)\n|\n|t:|1697937302\n|move|p1a: Politoed|Protect|p1a: Politoed\n|-singleturn|p1a: Politoed|Protect\n|cant|p1b: Dragonite|slp\n|move|p2a: Oricorio|Revelation Dance|p1b: Dragonite\n|-resisted|p1b: Dragonite\n|-damage|p1b: Dragonite|0 fnt\n|faint|p1b: Dragonite\n|move|p2b: Volcarona|Giga Drain|p1a: Politoed\n|-activate|p1a: Politoed|move: Protect\n|\n|-weather|RainDance|[upkeep]\n|upkeep\n|c|\u2606Pazz The Puzzled|bruh\n|\n|t:|1697937314\n|switch|p1b: Poliwrath|Poliwrath, F|100\/100\n|turn|12\n|\n|t:|1697937330\n|move|p2a: Oricorio|Revelation Dance|p1a: Politoed\n|-supereffective|p1a: Politoed\n|-crit|p1a: Politoed\n|-damage|p1a: Politoed|0 fnt\n|faint|p1a: Politoed\n|move|p2b: Volcarona|Giga Drain|p1b: Poliwrath\n|-supereffective|p1b: Poliwrath\n|-damage|p1b: Poliwrath|0 fnt\n|-heal|p2b: Volcarona|94\/100|[from] drain|[of] p1b: Poliwrath\n|faint|p1b: Poliwrath\n|\n|win|Pazz The Puzzled\n|raw|GuyGardnerGL's rating: 1021 &rarr; <strong>1009<\/strong><br \/>(-12 for losing)\n|raw|Pazz The Puzzled's rating: 1054 &rarr; <strong>1083<\/strong><br \/>(+29 for winning)\n|l|\u2606GuyGardnerGL\n","uploadtime":1697937387,"views":14,"p1id":"guygardnergl","p2id":"pazzthepuzzled","formatid":"gen9doublesou","rating":1009,"private":0,"password":""}