{"id":"gen9doublesou-1993451921","p1":"Sakuraa2004","p2":"tiiim48","format":"[Gen 9] Doubles OU","log":"|j|\u2606Sakuraa2004\n|j|\u2606tiiim48\n|t:|1700319619\n|gametype|doubles\n|player|p1|Sakuraa2004|pokemonbreederf-gen4|1743\n|player|p2|tiiim48|swimmerf|1496\n|teamsize|p1|6\n|teamsize|p2|6\n|gen|9\n|tier|[Gen 9] Doubles OU\n|rated|\n|rule|Species Clause: Limit one of each Pok\u00e9mon\n|rule|OHKO Clause: OHKO moves are banned\n|rule|Evasion Moves Clause: Evasion moves are banned\n|rule|Gravity Sleep Clause: The combination of sleep-inducing moves with imperfect accuracy and Gravity or Gigantamax Orbeetle are banned\n|rule|Endless Battle Clause: Forcing endless battles is banned\n|rule|HP Percentage Mod: HP is shown in percentages\n|clearpoke\n|poke|p1|Ursaluna, F|\n|poke|p1|Cresselia, F|\n|poke|p1|Indeedee-F, F|\n|poke|p1|Hatterene, F|\n|poke|p1|Torkoal, L99, F|\n|poke|p1|Kingambit, M|\n|poke|p2|Ninetales-Alola, M|\n|poke|p2|Armarouge, F|\n|poke|p2|Flamigo, M|\n|poke|p2|Iron Bundle|\n|poke|p2|Indeedee-F, F|\n|poke|p2|Talonflame, M|\n|teampreview\n|inactive|Battle timer is ON: inactive players will automatically lose when time's up. (requested by tiiim48)\n|\n|t:|1700319644\n|start\n|switch|p1a: Ursaluna|Ursaluna, F|100\/100\n|switch|p1b: Kingambit|Kingambit, M|100\/100\n|switch|p2a: Princess|Armarouge, F, shiny|100\/100\n|switch|p2b: Talonflame|Talonflame, M, shiny|100\/100\n|turn|1\n|\n|t:|1700319666\n|move|p2a: Princess|Protect|p2a: Princess\n|-singleturn|p2a: Princess|Protect\n|move|p2b: Talonflame|Heat Wave|p1b: Kingambit|[spread] p1b\n|-miss|p2b: Talonflame|p1a: Ursaluna\n|-supereffective|p1b: Kingambit\n|-damage|p1b: Kingambit|63\/100\n|move|p1b: Kingambit|Swords Dance|p1b: Kingambit\n|-boost|p1b: Kingambit|atk|2\n|move|p1a: Ursaluna|Swords Dance|p1a: Ursaluna\n|-boost|p1a: Ursaluna|atk|2\n|\n|-status|p1a: Ursaluna|brn|[from] item: Flame Orb\n|upkeep\n|turn|2\n|\n|t:|1700319688\n|switch|p2a: Alola mola|Ninetales-Alola, M, shiny|100\/100\n|-weather|Snow|[from] ability: Snow Warning|[of] p2a: Alola mola\n|move|p2b: Talonflame|Taunt|p1a: Ursaluna\n|-start|p1a: Ursaluna|move: Taunt\n|move|p1b: Kingambit|Kowtow Cleave|p2b: Talonflame\n|-enditem|p2b: Talonflame|Focus Sash\n|-damage|p2b: Talonflame|1\/100\n|move|p1a: Ursaluna|Facade|p2a: Alola mola\n|-damage|p2a: Alola mola|0 fnt\n|faint|p2a: Alola mola\n|\n|-weather|Snow|[upkeep]\n|-damage|p1a: Ursaluna|94\/100 brn|[from] brn\n|upkeep\n|\n|t:|1700319702\n|switch|p2a: Uhhhhhhhhhh|Iron Bundle, shiny|100\/100\n|turn|3\n|\n|t:|1700319717\n|switch|p1a: Cresselia|Cresselia, F|100\/100\n|move|p2a: Uhhhhhhhhhh|Blizzard|p1a: Cresselia|[spread] p1a,p1b\n|-resisted|p1b: Kingambit\n|-damage|p1a: Cresselia|60\/100\n|-damage|p1b: Kingambit|33\/100\n|move|p2b: Talonflame|U-turn|p1b: Kingambit\n|-damage|p1b: Kingambit|26\/100\n|\n|t:|1700319726\n|switch|p2b: Follow me :3|Indeedee-F, F, shiny|100\/100|[from] U-turn\n|-fieldstart|move: Psychic Terrain|[from] ability: Psychic Surge|[of] p2b: Follow me :3\n|move|p1b: Kingambit|Kowtow Cleave|p2a: Uhhhhhhhhhh\n|-damage|p2a: Uhhhhhhhhhh|12\/100\n|\n|-weather|Snow|[upkeep]\n|upkeep\n|turn|4\n|\n|t:|1700319739\n|-terastallize|p2a: Uhhhhhhhhhh|Ice\n|move|p2b: Follow me :3|Helping Hand|p2a: Uhhhhhhhhhh\n|-singleturn|p2a: Uhhhhhhhhhh|Helping Hand|[of] p2b: Follow me :3\n|move|p1b: Kingambit|Protect|p1b: Kingambit\n|-singleturn|p1b: Kingambit|Protect\n|move|p2a: Uhhhhhhhhhh|Blizzard|p1b: Kingambit|[spread] p1a\n|-activate|p1b: Kingambit|move: Protect\n|-damage|p1a: Cresselia|0 fnt\n|faint|p1a: Cresselia\n|\n|-weather|Snow|[upkeep]\n|upkeep\n|\n|t:|1700319746\n|switch|p1a: Torkoal|Torkoal, L99, F|100\/100\n|-weather|SunnyDay|[from] ability: Drought|[of] p1a: Torkoal\n|turn|5\n|\n|t:|1700319756\n|move|p2b: Follow me :3|Helping Hand|p2a: Uhhhhhhhhhh\n|-singleturn|p2a: Uhhhhhhhhhh|Helping Hand|[of] p2b: Follow me :3\n|move|p2a: Uhhhhhhhhhh|Blizzard|p1a: Torkoal|[spread] p1a\n|-miss|p2a: Uhhhhhhhhhh|p1b: Kingambit\n|-resisted|p1a: Torkoal\n|-damage|p1a: Torkoal|16\/100\n|move|p1b: Kingambit|Kowtow Cleave|p2b: Follow me :3\n|-supereffective|p2b: Follow me :3\n|-crit|p2b: Follow me :3\n|-damage|p2b: Follow me :3|0 fnt\n|faint|p2b: Follow me :3\n|move|p1a: Torkoal|Heat Wave|p2a: Uhhhhhhhhhh\n|-supereffective|p2a: Uhhhhhhhhhh\n|-damage|p2a: Uhhhhhhhhhh|0 fnt\n|faint|p2a: Uhhhhhhhhhh\n|-end|p2a: Uhhhhhhhhhh|Quark Drive|[silent]\n|\n|-weather|SunnyDay|[upkeep]\n|upkeep\n|\n|t:|1700319764\n|switch|p2a: Talonflame|Talonflame, M, shiny|1\/100\n|switch|p2b: Princess|Armarouge, F, shiny|100\/100\n|turn|6\n|\n|t:|1700319779\n|move|p1b: Kingambit|Sucker Punch|p2a: Talonflame\n|-hint|Psychic Terrain doesn't affect Pok\u00e9mon immune to Ground.\n|-damage|p2a: Talonflame|0 fnt\n|faint|p2a: Talonflame\n|move|p2b: Princess|Aura Sphere|p1b: Kingambit\n|-supereffective|p1b: Kingambit\n|-crit|p1b: Kingambit\n|-damage|p1b: Kingambit|0 fnt\n|faint|p1b: Kingambit\n|move|p1a: Torkoal|Heat Wave|p2b: Princess\n|-resisted|p2b: Princess\n|-damage|p2b: Princess|44\/100\n|\n|-weather|SunnyDay|[upkeep]\n|upkeep\n|\n|t:|1700319789\n|switch|p2a: Mogus|Flamigo, M, shiny|100\/100\n|switch|p1b: Hatterene|Hatterene, F|100\/100\n|-copyboost|p2a: Mogus|p2b: Princess|[from] ability: Costar\n|turn|7\n|\n|t:|1700319795\n|move|p2a: Mogus|Brave Bird|p1b: Hatterene\n|-damage|p1b: Hatterene|12\/100\n|-damage|p2a: Mogus|70\/100|[from] Recoil\n|move|p2b: Princess|Expanding Force|p1b: Hatterene|[spread] p1a,p1b\n|-resisted|p1b: Hatterene\n|-damage|p1a: Torkoal|0 fnt\n|-damage|p1b: Hatterene|0 fnt\n|faint|p1a: Torkoal\n|faint|p1b: Hatterene\n|\n|-weather|SunnyDay|[upkeep]\n|upkeep\n|\n|t:|1700319800\n|switch|p1b: Ursaluna|Ursaluna, F|94\/100 brn\n|switch|p1a: Indeedee|Indeedee-F, F|100\/100\n|-enditem|p1a: Indeedee|Psychic Seed\n|-boost|p1a: Indeedee|spd|1|[from] item: Psychic Seed\n|turn|8\n|\n|t:|1700319806\n|move|p1b: Ursaluna|Protect|p1b: Ursaluna\n|-singleturn|p1b: Ursaluna|Protect\n|move|p2a: Mogus|Brave Bird|p1b: Ursaluna\n|-activate|p1b: Ursaluna|move: Protect\n|move|p2b: Princess|Expanding Force|p1a: Indeedee|[spread] p1a\n|-activate|p1b: Ursaluna|move: Protect\n|-resisted|p1a: Indeedee\n|-damage|p1a: Indeedee|81\/100\n|move|p1a: Indeedee|Trick Room|p1a: Indeedee\n|-fieldstart|move: Trick Room|[of] p1a: Indeedee\n|\n|-weather|SunnyDay|[upkeep]\n|-damage|p1b: Ursaluna|88\/100 brn|[from] brn\n|upkeep\n|turn|9\n|\n|t:|1700319820\n|move|p1b: Ursaluna|Facade|p2b: Princess\n|-damage|p2b: Princess|0 fnt\n|faint|p2b: Princess\n|move|p1a: Indeedee|Dazzling Gleam|p2a: Mogus\n|-supereffective|p2a: Mogus\n|-damage|p2a: Mogus|17\/100\n|move|p2a: Mogus|Brave Bird|p1b: Ursaluna\n|-damage|p1b: Ursaluna|26\/100 brn\n|-damage|p2a: Mogus|0 fnt|[from] Recoil\n|faint|p2a: Mogus\n|\n|win|Sakuraa2004\n|raw|Sakuraa2004's rating: 1743 &rarr; <strong>1751<\/strong><br \/>(+8 for winning)\n|raw|tiiim48's rating: 1496 &rarr; <strong>1488<\/strong><br \/>(-8 for losing)\n","uploadtime":1700319824,"views":16,"p1id":"sakuraa2004","p2id":"tiiim48","formatid":"gen9doublesou","rating":1488,"private":0,"password":""}