{"id":"gen9doublesou-1992171630","p1":"jobey","p2":"RUMYMOME","format":"[Gen 9] Doubles OU","log":"|j|\u2606jobey\n|j|\u2606RUMYMOME\n|inactive|Battle timer is ON: inactive players will automatically lose when time's up.\n|t:|1700160944\n|gametype|doubles\n|player|p1|jobey|169|\n|player|p2|RUMYMOME|marshal|\n|teamsize|p1|6\n|teamsize|p2|6\n|gen|9\n|tier|[Gen 9] Doubles OU\n|rated|Tournament battle\n|rule|Species Clause: Limit one of each Pok\u00e9mon\n|rule|OHKO Clause: OHKO moves are banned\n|rule|Evasion Moves Clause: Evasion moves are banned\n|rule|Gravity Sleep Clause: The combination of sleep-inducing moves with imperfect accuracy and Gravity or Gigantamax Orbeetle are banned\n|rule|Endless Battle Clause: Forcing endless battles is banned\n|rule|HP Percentage Mod: HP is shown in percentages\n|clearpoke\n|poke|p1|Chien-Pao|\n|poke|p1|Rillaboom, M|\n|poke|p1|Dragonite, M|\n|poke|p1|Landorus-Therian, M|\n|poke|p1|Iron Hands|\n|poke|p1|Glimmora, F|\n|poke|p2|Armarouge, F|\n|poke|p2|Kingambit, F|\n|poke|p2|Hatterene, F|\n|poke|p2|Torkoal, L99, F|\n|poke|p2|Iron Hands|\n|poke|p2|Indeedee-F, F|\n|teampreview\n|j|*Lady Monita \u2746\n|\n|t:|1700160957\n|start\n|switch|p1a: Glimmora|Glimmora, F|100\/100\n|switch|p1b: Landorus|Landorus-Therian, M|100\/100\n|switch|p2a: Iron Hands|Iron Hands|100\/100\n|switch|p2b: Hatterene|Hatterene, F|100\/100\n|-ability|p1b: Landorus|Intimidate|boost\n|-unboost|p2a: Iron Hands|atk|1\n|-unboost|p2b: Hatterene|atk|1\n|turn|1\n|j| bleahey\n|l| bleahey\n|inactive|jobey has 120 seconds left.\n|\n|t:|1700160991\n|move|p2a: Iron Hands|Fake Out|p1b: Landorus\n|-damage|p1b: Landorus|91\/100\n|move|p1a: Glimmora|Earth Power|p2a: Iron Hands\n|-supereffective|p2a: Iron Hands\n|-damage|p2a: Iron Hands|68\/100\n|cant|p1b: Landorus|flinch\n|move|p2b: Hatterene|Trick Room|p2b: Hatterene\n|-fieldstart|move: Trick Room|[of] p2b: Hatterene\n|\n|upkeep\n|turn|2\n|\n|t:|1700161013\n|-end|p2a: Iron Hands|Quark Drive|[silent]\n|switch|p2a: Indeedee|Indeedee-F, F|100\/100\n|-fieldstart|move: Psychic Terrain|[from] ability: Psychic Surge|[of] p2a: Indeedee\n|-enditem|p2a: Indeedee|Psychic Seed\n|-boost|p2a: Indeedee|spd|1|[from] item: Psychic Seed\n|move|p2b: Hatterene|Expanding Force|p1a: Glimmora|[spread] p1a,p1b\n|-supereffective|p1a: Glimmora\n|-damage|p1a: Glimmora|0 fnt\n|-damage|p1b: Landorus|19\/100\n|-enditem|p1b: Landorus|Sitrus Berry|[eat]\n|-heal|p1b: Landorus|44\/100|[from] item: Sitrus Berry\n|faint|p1a: Glimmora\n|move|p1b: Landorus|U-turn|p2b: Hatterene\n|-crit|p2b: Hatterene\n|-damage|p2b: Hatterene|52\/100\n|\n|t:|1700161026\n|switch|p1b: Rillaboom|Rillaboom, M|100\/100|[from] U-turn\n|-fieldstart|move: Grassy Terrain|[from] ability: Grassy Surge|[of] p1b: Rillaboom\n|\n|-heal|p2b: Hatterene|59\/100|[from] Grassy Terrain\n|upkeep\n|inactive|jobey has 120 seconds left.\n|\n|t:|1700161039\n|switch|p1a: Landorus|Landorus-Therian, M|44\/100\n|-ability|p1a: Landorus|Intimidate|boost\n|-unboost|p2a: Indeedee|atk|1\n|-unboost|p2b: Hatterene|atk|1\n|turn|3\n|\n|t:|1700161053\n|switch|p2a: Iron Hands|Iron Hands|68\/100\n|move|p1b: Rillaboom|Fake Out|p2b: Hatterene\n|-damage|p2b: Hatterene|40\/100\n|cant|p2b: Hatterene|flinch\n|move|p1a: Landorus|U-turn|p2a: Iron Hands\n|-resisted|p2a: Iron Hands\n|-crit|p2a: Iron Hands\n|-damage|p2a: Iron Hands|57\/100\n|\n|t:|1700161063\n|switch|p1a: Iron Hands|Iron Hands|100\/100|[from] U-turn\n|\n|-heal|p2b: Hatterene|46\/100|[from] Grassy Terrain\n|-heal|p2a: Iron Hands|63\/100|[from] Grassy Terrain\n|upkeep\n|turn|4\n|\n|t:|1700161080\n|switch|p2b: Indeedee|Indeedee-F, F|100\/100\n|-fieldstart|move: Psychic Terrain|[from] ability: Psychic Surge|[of] p2b: Indeedee\n|move|p1a: Iron Hands|Fake Out|p2b: Indeedee\n|-activate|p2b: Indeedee|move: Psychic Terrain\n|move|p2a: Iron Hands|Drain Punch|p1b: Rillaboom\n|-damage|p1b: Rillaboom|49\/100\n|-heal|p2a: Iron Hands|82\/100|[from] drain|[of] p1b: Rillaboom\n|move|p1b: Rillaboom|Wood Hammer|p2a: Iron Hands\n|-damage|p2a: Iron Hands|30\/100\n|-damage|p1b: Rillaboom|27\/100|[from] Recoil\n|\n|upkeep\n|turn|5\n|\n|t:|1700161109\n|move|p1b: Rillaboom|Protect|p1b: Rillaboom\n|-singleturn|p1b: Rillaboom|Protect\n|move|p2a: Iron Hands|Drain Punch|p1b: Rillaboom\n|-activate|p1b: Rillaboom|move: Protect\n|move|p1a: Iron Hands|Drain Punch|p2a: Iron Hands\n|-crit|p2a: Iron Hands\n|-damage|p2a: Iron Hands|0 fnt\n|faint|p2a: Iron Hands\n|-end|p2a: Iron Hands|Quark Drive|[silent]\n|move|p2b: Indeedee|Expanding Force|p1b: Rillaboom|[spread] p1a\n|-activate|p1b: Rillaboom|move: Protect\n|-supereffective|p1a: Iron Hands\n|-damage|p1a: Iron Hands|46\/100\n|\n|-fieldend|move: Trick Room\n|upkeep\n|\n|t:|1700161121\n|switch|p2a: Hatterene|Hatterene, F|46\/100\n|turn|6\n|\n|t:|1700161142\n|switch|p1b: Landorus|Landorus-Therian, M|44\/100\n|-ability|p1b: Landorus|Intimidate|boost\n|-unboost|p2a: Hatterene|atk|1\n|-unboost|p2b: Indeedee|atk|1\n|move|p2b: Indeedee|Expanding Force|p1b: Landorus|[spread] p1a,p1b\n|-supereffective|p1a: Iron Hands\n|-damage|p1a: Iron Hands|0 fnt\n|-damage|p1b: Landorus|0 fnt\n|faint|p1a: Iron Hands\n|-end|p1a: Iron Hands|Quark Drive|[silent]\n|faint|p1b: Landorus\n|move|p2a: Hatterene|Trick Room|p2a: Hatterene\n|-fieldstart|move: Trick Room|[of] p2a: Hatterene\n|\n|upkeep\n|\n|t:|1700161154\n|switch|p1a: Rillaboom|Rillaboom, M|27\/100\n|switch|p1b: Dragonite|Dragonite, M|100\/100\n|-fieldstart|move: Grassy Terrain|[from] ability: Grassy Surge|[of] p1a: Rillaboom\n|turn|7\n|inactive|RUMYMOME has 120 seconds left.\n|\n|t:|1700161190\n|switch|p2b: Armarouge|Armarouge, F|100\/100\n|-terastallize|p2a: Hatterene|Ghost\n|move|p1a: Rillaboom|Fake Out|p2b: Armarouge\n|-damage|p2b: Armarouge|88\/100\n|move|p1b: Dragonite|Extreme Speed|p2a: Hatterene\n|-immune|p2a: Hatterene\n|move|p2a: Hatterene|Mystical Fire|p1a: Rillaboom\n|-supereffective|p1a: Rillaboom\n|-damage|p1a: Rillaboom|0 fnt\n|faint|p1a: Rillaboom\n|\n|-heal|p2a: Hatterene|52\/100|[from] Grassy Terrain\n|-heal|p2b: Armarouge|94\/100|[from] Grassy Terrain\n|upkeep\n|\n|t:|1700161206\n|switch|p1a: Chien-Pao|Chien-Pao|100\/100\n|-ability|p1a: Chien-Pao|Sword of Ruin\n|turn|8\n|\n|t:|1700161222\n|switch|p2b: Indeedee|Indeedee-F, F|100\/100\n|-fieldstart|move: Psychic Terrain|[from] ability: Psychic Surge|[of] p2b: Indeedee\n|move|p1a: Chien-Pao|Sucker Punch|p2a: Hatterene\n|-activate|p2a: Hatterene|move: Psychic Terrain\n|move|p2a: Hatterene|Dazzling Gleam|p1a: Chien-Pao|[spread] p1a,p1b\n|-supereffective|p1a: Chien-Pao\n|-supereffective|p1b: Dragonite\n|-enditem|p1a: Chien-Pao|Focus Sash\n|-damage|p1a: Chien-Pao|1\/100\n|-damage|p1b: Dragonite|76\/100\n|move|p1b: Dragonite|Stomping Tantrum|p2b: Indeedee\n|-damage|p2b: Indeedee|0 fnt\n|faint|p2b: Indeedee\n|\n|upkeep\n|\n|t:|1700161242\n|switch|p2b: Armarouge|Armarouge, F|94\/100\n|turn|9\n|inactive|jobey has 120 seconds left.\n|\n|t:|1700161275\n|move|p1a: Chien-Pao|Protect|p1a: Chien-Pao\n|-singleturn|p1a: Chien-Pao|Protect\n|move|p2a: Hatterene|Dazzling Gleam|p1a: Chien-Pao|[spread] p1b\n|-activate|p1a: Chien-Pao|move: Protect\n|-supereffective|p1b: Dragonite\n|-damage|p1b: Dragonite|30\/100\n|move|p2b: Armarouge|Expanding Force|p1b: Dragonite|[spread] p1b\n|-activate|p1a: Chien-Pao|move: Protect\n|-damage|p1b: Dragonite|0 fnt\n|faint|p1b: Dragonite\n|\n|upkeep\n|turn|10\n|\n|t:|1700161291\n|move|p2a: Hatterene|Dazzling Gleam|p1a: Chien-Pao\n|-supereffective|p1a: Chien-Pao\n|-damage|p1a: Chien-Pao|0 fnt\n|faint|p1a: Chien-Pao\n|\n|win|RUMYMOME\n|n|\u2606jobey|jobey\n|n|\u2606RUMYMOME|rumymome\n|n|*Lady Monita \u2746|ladymonita\n","uploadtime":1700161292,"views":8,"p1id":"jobey","p2id":"rumymome","formatid":"gen9doublesou","rating":0,"private":0,"password":""}