{"id":"gen9doublesou-1978108370","p1":"Keboee","p2":"Liam Doria Vinck","format":"[Gen 9] Doubles OU","log":"|j|\u2606Keboee\n|j|\u2606Liam Doria Vinck\n|t:|1698500374\n|gametype|doubles\n|player|p1|Keboee|dawn|1000\n|player|p2|Liam Doria Vinck|riley|1132\n|teamsize|p1|6\n|teamsize|p2|6\n|gen|9\n|tier|[Gen 9] Doubles OU\n|rated|\n|rule|Species Clause: Limit one of each Pok\u00e9mon\n|rule|OHKO Clause: OHKO moves are banned\n|rule|Evasion Moves Clause: Evasion moves are banned\n|rule|Gravity Sleep Clause: The combination of sleep-inducing moves with imperfect accuracy and Gravity or Gigantamax Orbeetle are banned\n|rule|Endless Battle Clause: Forcing endless battles is banned\n|rule|HP Percentage Mod: HP is shown in percentages\n|clearpoke\n|poke|p1|Glimmora, F|\n|poke|p1|Chien-Pao|\n|poke|p1|Ninetales-Alola, M|\n|poke|p1|Kingambit, F|\n|poke|p1|Armarouge, F|\n|poke|p1|Gholdengo|\n|poke|p2|Pikachu-Partner, M|\n|poke|p2|Pachirisu, F|\n|poke|p2|Ninetales-Alola, F|\n|poke|p2|Iron Bundle|\n|poke|p2|Pincurchin, M|\n|poke|p2|Iron Valiant|\n|teampreview\n|\n|t:|1698500385\n|start\n|switch|p1a: Glimmora|Glimmora, F|100\/100\n|switch|p1b: Gholdengo|Gholdengo|100\/100\n|switch|p2a: Ninetales|Ninetales-Alola, F|100\/100\n|switch|p2b: Iron Bundle|Iron Bundle|100\/100\n|-weather|Snow|[from] ability: Snow Warning|[of] p2a: Ninetales\n|turn|1\n|\n|t:|1698500404\n|switch|p2a: Pincurchin|Pincurchin, M|100\/100\n|-fieldstart|move: Electric Terrain|[from] ability: Electric Surge|[of] p2a: Pincurchin\n|-activate|p2b: Iron Bundle|ability: Quark Drive\n|-start|p2b: Iron Bundle|quarkdrivespe\n|move|p2b: Iron Bundle|Aurora Veil|p2b: Iron Bundle\n|-sidestart|p2: Liam Doria Vinck|move: Aurora Veil\n|move|p1a: Glimmora|Stealth Rock|p2a: Pincurchin\n|-sidestart|p2: Liam Doria Vinck|move: Stealth Rock\n|move|p1b: Gholdengo|Make It Rain|p2b: Iron Bundle|[spread] p2a,p2b\n|-resisted|p2a: Pincurchin\n|-damage|p2a: Pincurchin|68\/100\n|-damage|p2b: Iron Bundle|0 fnt\n|-unboost|p1b: Gholdengo|spa|1\n|faint|p2b: Iron Bundle\n|-end|p2b: Iron Bundle|Quark Drive|[silent]\n|\n|-weather|Snow|[upkeep]\n|upkeep\n|\n|t:|1698500421\n|switch|p2b: Pachirisu|Pachirisu, F|100\/100\n|-damage|p2b: Pachirisu|88\/100|[from] Stealth Rock\n|turn|2\n|\n|t:|1698500450\n|switch|p1a: Armarouge|Armarouge, F|100\/100\n|move|p2b: Pachirisu|Protect|p2b: Pachirisu\n|-singleturn|p2b: Pachirisu|Protect\n|move|p1b: Gholdengo|Make It Rain|p2b: Pachirisu|[spread] p2a\n|-activate|p2b: Pachirisu|move: Protect\n|-resisted|p2a: Pincurchin\n|-damage|p2a: Pincurchin|46\/100\n|-unboost|p1b: Gholdengo|spa|1\n|move|p2a: Pincurchin|Memento|p1a: Armarouge\n|-unboost|p1a: Armarouge|atk|2\n|-unboost|p1a: Armarouge|spa|2\n|faint|p2a: Pincurchin\n|\n|-weather|Snow|[upkeep]\n|upkeep\n|\n|t:|1698500460\n|switch|p2a: Pikachu|Pikachu-Partner, M|100\/100\n|-damage|p2a: Pikachu|88\/100|[from] Stealth Rock\n|turn|3\n|\n|t:|1698500479\n|move|p1b: Gholdengo|Make It Rain|p2a: Pikachu|[spread] p2a,p2b\n|-resisted|p2a: Pikachu\n|-resisted|p2b: Pachirisu\n|-damage|p2a: Pikachu|62\/100\n|-damage|p2b: Pachirisu|75\/100\n|-unboost|p1b: Gholdengo|spa|1\n|move|p2b: Pachirisu|Discharge|p1b: Gholdengo|[spread] p1a,p1b\n|-ability|p2a: Pikachu|Lightning Rod|boost\n|-boost|p2a: Pikachu|spa|1\n|-damage|p1a: Armarouge|83\/100\n|-damage|p1b: Gholdengo|86\/100\n|-status|p1a: Armarouge|par\n|move|p2a: Pikachu|Substitute|p2a: Pikachu\n|-start|p2a: Pikachu|Substitute\n|-damage|p2a: Pikachu|37\/100\n|move|p1a: Armarouge|Disable|p2b: Pachirisu\n|-start|p2b: Pachirisu|Disable|Discharge\n|\n|-weather|Snow|[upkeep]\n|upkeep\n|turn|4\n|\n|t:|1698500507\n|move|p2b: Pachirisu|Follow Me|p2b: Pachirisu\n|-singleturn|p2b: Pachirisu|move: Follow Me\n|move|p1b: Gholdengo|Make It Rain|p2a: Pikachu|[spread] p2a,p2b\n|-resisted|p2a: Pikachu\n|-activate|p2a: Pikachu|move: Substitute|[damage]\n|-resisted|p2b: Pachirisu\n|-damage|p2b: Pachirisu|64\/100\n|-unboost|p1b: Gholdengo|spa|1\n|move|p2a: Pikachu|Discharge|p1b: Gholdengo|[spread] p1a,p1b\n|-heal|p2b: Pachirisu|89\/100|[from] ability: Volt Absorb|[of] p2a: Pikachu\n|-damage|p1a: Armarouge|0 fnt\n|-damage|p1b: Gholdengo|2\/100\n|-status|p1b: Gholdengo|par\n|faint|p1a: Armarouge\n|\n|-weather|Snow|[upkeep]\n|upkeep\n|\n|t:|1698500527\n|switch|p1a: Glimmora|Glimmora, F|100\/100\n|turn|5\n|\n|t:|1698500541\n|move|p2b: Pachirisu|Follow Me|p2b: Pachirisu\n|-singleturn|p2b: Pachirisu|move: Follow Me\n|move|p1a: Glimmora|Earth Power|p2b: Pachirisu\n|-supereffective|p2b: Pachirisu\n|-enditem|p2b: Pachirisu|Shuca Berry|[eat]\n|-enditem|p2b: Pachirisu|Shuca Berry|[weaken]\n|-damage|p2b: Pachirisu|67\/100\n|move|p2a: Pikachu|Discharge|p1a: Glimmora|[spread] p1a,p1b\n|-heal|p2b: Pachirisu|92\/100|[from] ability: Volt Absorb|[of] p2a: Pikachu\n|-damage|p1a: Glimmora|4\/100\n|-damage|p1b: Gholdengo|0 fnt\n|faint|p1b: Gholdengo\n|\n|-weather|Snow|[upkeep]\n|upkeep\n|\n|t:|1698500560\n|switch|p1b: Ninetales|Ninetales-Alola, M, shiny|100\/100\n|turn|6\n|\n|t:|1698500570\n|move|p2b: Pachirisu|Follow Me|p2b: Pachirisu\n|-singleturn|p2b: Pachirisu|move: Follow Me\n|move|p1b: Ninetales|Blizzard|p2a: Pikachu|[spread] p2a,p2b\n|-end|p2a: Pikachu|Substitute\n|-damage|p2b: Pachirisu|72\/100\n|move|p1a: Glimmora|Sludge Bomb|p2b: Pachirisu\n|-damage|p2b: Pachirisu|37\/100\n|-status|p2b: Pachirisu|psn\n|move|p2a: Pikachu|Discharge|p1b: Ninetales|[spread] p1a,p1b\n|-heal|p2b: Pachirisu|62\/100 psn|[from] ability: Volt Absorb|[of] p2a: Pikachu\n|-damage|p1a: Glimmora|0 fnt\n|-damage|p1b: Ninetales|20\/100\n|faint|p1a: Glimmora\n|\n|-weather|Snow|[upkeep]\n|-damage|p2b: Pachirisu|50\/100 psn|[from] psn\n|upkeep\n|\n|t:|1698500590\n|switch|p1a: Chien-Pao|Chien-Pao|100\/100\n|-ability|p1a: Chien-Pao|Sword of Ruin\n|turn|7\n|\n|t:|1698500599\n|-terastallize|p2a: Pikachu|Ice\n|move|p2b: Pachirisu|Follow Me|p2b: Pachirisu\n|-singleturn|p2b: Pachirisu|move: Follow Me\n|move|p1a: Chien-Pao|Blizzard|p2b: Pachirisu|[spread] p2a,p2b\n|-resisted|p2a: Pikachu\n|-damage|p2a: Pikachu|0 fnt\n|-damage|p2b: Pachirisu|10\/100 psn\n|faint|p2a: Pikachu\n|move|p1b: Ninetales|Blizzard|p2b: Pachirisu\n|-damage|p2b: Pachirisu|0 fnt\n|faint|p2b: Pachirisu\n|\n|-weather|Snow|[upkeep]\n|upkeep\n|\n|t:|1698500609\n|switch|p2b: Iron Valiant|Iron Valiant|100\/100\n|switch|p2a: Ninetales|Ninetales-Alola, F|100\/100\n|-damage|p2b: Iron Valiant|94\/100|[from] Stealth Rock\n|-activate|p2b: Iron Valiant|ability: Quark Drive\n|-start|p2b: Iron Valiant|quarkdrivespe\n|-enditem|p2b: Iron Valiant|Electric Seed\n|-boost|p2b: Iron Valiant|def|1|[from] item: Electric Seed\n|-damage|p2a: Ninetales|76\/100|[from] Stealth Rock\n|turn|8\n|\n|t:|1698500637\n|move|p2b: Iron Valiant|Aura Sphere|p1a: Chien-Pao\n|-supereffective|p1a: Chien-Pao\n|-damage|p1a: Chien-Pao|0 fnt\n|faint|p1a: Chien-Pao\n|move|p2a: Ninetales|Moonblast|p1b: Ninetales\n|-damage|p1b: Ninetales|0 fnt\n|faint|p1b: Ninetales\n|\n|-weather|none\n|-sideend|p2: Liam Doria Vinck|move: Aurora Veil\n|-fieldend|move: Electric Terrain\n|-end|p2b: Iron Valiant|Quark Drive\n|upkeep\n|\n|t:|1698500650\n|switch|p1a: Kingambit|Kingambit, F, shiny|100\/100\n|-activate|p1a: Kingambit|ability: Supreme Overlord\n|-start|p1a: Kingambit|fallen5|[silent]\n|turn|9\n|\n|t:|1698500661\n|-terastallize|p1a: Kingambit|Dark\n|move|p2b: Iron Valiant|Aura Sphere|p1a: Kingambit\n|-supereffective|p1a: Kingambit\n|-damage|p1a: Kingambit|23\/100\n|move|p2a: Ninetales|Chilling Water|p1a: Kingambit\n|-damage|p1a: Kingambit|14\/100\n|-unboost|p1a: Kingambit|atk|1\n|move|p1a: Kingambit|Kowtow Cleave|p2b: Iron Valiant\n|-resisted|p2b: Iron Valiant\n|-damage|p2b: Iron Valiant|78\/100\n|\n|upkeep\n|turn|10\n|\n|t:|1698500677\n|move|p1a: Kingambit|Protect|p1a: Kingambit\n|-singleturn|p1a: Kingambit|Protect\n|move|p2b: Iron Valiant|Moonblast|p1a: Kingambit\n|-activate|p1a: Kingambit|move: Protect\n|move|p2a: Ninetales|Moonblast|p1a: Kingambit\n|-activate|p1a: Kingambit|move: Protect\n|\n|upkeep\n|turn|11\n|\n|t:|1698500691\n|move|p2b: Iron Valiant|Moonblast|p1a: Kingambit\n|-supereffective|p1a: Kingambit\n|-damage|p1a: Kingambit|0 fnt\n|faint|p1a: Kingambit\n|-end|p1a: Kingambit|fallen5|[silent]\n|\n|win|Liam Doria Vinck\n|raw|Keboee's rating: 1000 &rarr; <strong>1000<\/strong><br \/>(+0 for losing)\n|raw|Liam Doria Vinck's rating: 1132 &rarr; <strong>1148<\/strong><br \/>(+16 for winning)\n|c|\u2606Liam Doria Vinck|gg wp\n|l|\u2606Keboee\n","uploadtime":1698500871,"views":25,"p1id":"keboee","p2id":"liamdoriavinck","formatid":"gen9doublesou","rating":1000,"private":0,"password":""}