{"id":"gen9doublesou-1990635022","p1":"jdh.9","p2":"vegetasfeet","format":"[Gen 9] Doubles OU","log":"|j|\u2606jdh.9\n|j|\u2606vegetasfeet\n|t:|1699987510\n|gametype|doubles\n|player|p1|jdh.9|102|1127\n|player|p2|vegetasfeet|brycen|1134\n|teamsize|p1|6\n|teamsize|p2|6\n|gen|9\n|tier|[Gen 9] Doubles OU\n|rated|\n|rule|Species Clause: Limit one of each Pok\u00e9mon\n|rule|OHKO Clause: OHKO moves are banned\n|rule|Evasion Moves Clause: Evasion moves are banned\n|rule|Gravity Sleep Clause: The combination of sleep-inducing moves with imperfect accuracy and Gravity or Gigantamax Orbeetle are banned\n|rule|Endless Battle Clause: Forcing endless battles is banned\n|rule|HP Percentage Mod: HP is shown in percentages\n|clearpoke\n|poke|p1|Pelipper, M|\n|poke|p1|Thundurus-Therian, M|\n|poke|p1|Landorus-Therian, M|\n|poke|p1|Basculegion-F, F|\n|poke|p1|Politoed, F|\n|poke|p1|Volcanion|\n|poke|p2|Amoonguss, F|\n|poke|p2|Glimmora, M|\n|poke|p2|Heatran, F|\n|poke|p2|Tyranitar, M|\n|poke|p2|Landorus, M|\n|poke|p2|Cresselia, F|\n|teampreview\n|inactive|Battle timer is ON: inactive players will automatically lose when time's up. (requested by jdh.9)\n|\n|t:|1699987553\n|start\n|switch|p1a: Pelipper|Pelipper, M|100\/100\n|switch|p1b: Thundurus|Thundurus-Therian, M|100\/100\n|switch|p2a: Tyranitar|Tyranitar, M|100\/100\n|switch|p2b: Glimmora|Glimmora, M|100\/100\n|-weather|RainDance|[from] ability: Drizzle|[of] p1a: Pelipper\n|-weather|Sandstorm|[from] ability: Sand Stream|[of] p2a: Tyranitar\n|turn|1\n|\n|t:|1699987574\n|switch|p1a: Politoed|Politoed, F|100\/100\n|-weather|RainDance|[from] ability: Drizzle|[of] p1a: Politoed\n|move|p1b: Thundurus|Wildbolt Storm|p2a: Tyranitar|[spread] p2a,p2b\n|-damage|p2a: Tyranitar|75\/100\n|-damage|p2b: Glimmora|49\/100\n|-status|p2a: Tyranitar|par\n|move|p2b: Glimmora|Stealth Rock|p1a: Politoed\n|-sidestart|p1: jdh.9|move: Stealth Rock\n|cant|p2a: Tyranitar|par\n|\n|-weather|RainDance|[upkeep]\n|upkeep\n|turn|2\n|\n|t:|1699987596\n|switch|p2a: Amoonguss|Amoonguss, F|100\/100\n|move|p1a: Politoed|Helping Hand|p1b: Thundurus\n|-singleturn|p1b: Thundurus|Helping Hand|[of] p1a: Politoed\n|move|p2b: Glimmora|Spiky Shield|p2b: Glimmora\n|-singleturn|p2b: Glimmora|move: Protect\n|move|p1b: Thundurus|Wildbolt Storm|p2a: Amoonguss|[spread] p2a\n|-activate|p2b: Glimmora|move: Protect\n|-resisted|p2a: Amoonguss\n|-damage|p2a: Amoonguss|73\/100\n|\n|-weather|RainDance|[upkeep]\n|upkeep\n|turn|3\n|\n|t:|1699987622\n|switch|p1a: Pelipper|Pelipper, M|100\/100\n|-damage|p1a: Pelipper|76\/100|[from] Stealth Rock\n|move|p1b: Thundurus|Wildbolt Storm|p2b: Glimmora|[spread] p2a,p2b\n|-resisted|p2a: Amoonguss\n|-damage|p2a: Amoonguss|57\/100\n|-damage|p2b: Glimmora|0 fnt\n|faint|p2b: Glimmora\n|move|p2a: Amoonguss|Spore|p1b: Thundurus\n|-status|p1b: Thundurus|slp|[from] move: Spore\n|\n|-weather|RainDance|[upkeep]\n|upkeep\n|inactive|vegetasfeet has 120 seconds left.\n|\n|t:|1699987632\n|switch|p2b: Tyranitar|Tyranitar, M|75\/100 par\n|-weather|Sandstorm|[from] ability: Sand Stream|[of] p2b: Tyranitar\n|turn|4\n|\n|t:|1699987653\n|switch|p2a: Cresselia|Cresselia, F|100\/100\n|cant|p1b: Thundurus|slp\n|move|p1a: Pelipper|Tailwind|p1a: Pelipper\n|-sidestart|p1: jdh.9|move: Tailwind\n|move|p2b: Tyranitar|Rock Slide|p1b: Thundurus|[spread] p1a,p1b\n|-supereffective|p1a: Pelipper\n|-supereffective|p1b: Thundurus\n|-damage|p1a: Pelipper|40\/100\n|-damage|p1b: Thundurus|22\/100 slp\n|\n|-weather|Sandstorm|[upkeep]\n|-damage|p1b: Thundurus|16\/100 slp|[from] Sandstorm\n|-damage|p1a: Pelipper|34\/100|[from] Sandstorm\n|upkeep\n|turn|5\n|\n|t:|1699987671\n|move|p1a: Pelipper|Wide Guard|p1a: Pelipper\n|-singleturn|p1a: Pelipper|Wide Guard\n|cant|p1b: Thundurus|slp\n|move|p2a: Cresselia|Light Screen|p2a: Cresselia\n|-sidestart|p2: vegetasfeet|move: Light Screen\n|cant|p2b: Tyranitar|par\n|\n|-weather|Sandstorm|[upkeep]\n|-damage|p1b: Thundurus|10\/100 slp|[from] Sandstorm\n|-damage|p1a: Pelipper|27\/100|[from] Sandstorm\n|upkeep\n|turn|6\n|\n|t:|1699987692\n|cant|p1b: Thundurus|slp\n|move|p1a: Pelipper|U-turn|p2a: Cresselia\n|-supereffective|p2a: Cresselia\n|-damage|p2a: Cresselia|88\/100\n|\n|t:|1699987697\n|switch|p1a: Politoed|Politoed, F|100\/100|[from] U-turn\n|-damage|p1a: Politoed|88\/100|[from] Stealth Rock\n|-weather|RainDance|[from] ability: Drizzle|[of] p1a: Politoed\n|move|p2a: Cresselia|Psychic|p1b: Thundurus\n|-damage|p1b: Thundurus|0 fnt\n|faint|p1b: Thundurus\n|cant|p2b: Tyranitar|par\n|\n|-weather|RainDance|[upkeep]\n|upkeep\n|\n|t:|1699987708\n|switch|p1b: Landorus|Landorus-Therian, M|100\/100\n|-ability|p1b: Landorus|Intimidate|boost\n|-unboost|p2a: Cresselia|atk|1\n|-unboost|p2b: Tyranitar|atk|1\n|turn|7\n|\n|t:|1699987718\n|switch|p2b: Landorus|Landorus, M|100\/100\n|move|p1b: Landorus|Sandsear Storm|p2a: Cresselia|[spread] \n|-immune|p2a: Cresselia|[from] ability: Levitate\n|-immune|p2b: Landorus\n|move|p1a: Politoed|Chilling Water|p2b: Landorus\n|-supereffective|p2b: Landorus\n|-damage|p2b: Landorus|52\/100\n|-unboost|p2b: Landorus|atk|1\n|move|p2a: Cresselia|Reflect|p2a: Cresselia\n|-sidestart|p2: vegetasfeet|Reflect\n|\n|-weather|RainDance|[upkeep]\n|-heal|p2b: Landorus|58\/100|[from] item: Leftovers\n|-sideend|p1: jdh.9|move: Tailwind\n|upkeep\n|turn|8\n|-message|jdh.9 forfeited.\n|\n|win|vegetasfeet\n|raw|jdh.9's rating: 1127 &rarr; <strong>1103<\/strong><br \/>(-24 for losing)\n|raw|vegetasfeet's rating: 1134 &rarr; <strong>1158<\/strong><br \/>(+24 for winning)\n|l|\u2606jdh.9\n","uploadtime":1699987744,"views":21,"p1id":"jdh9","p2id":"vegetasfeet","formatid":"gen9doublesou","rating":1103,"private":0,"password":""}