{"id":"gen9doublesou-1986908029","p1":"TheGreat999","p2":"Vlex1","format":"[Gen 9] Doubles OU","log":"|j|\u2606TheGreat999\n|j|\u2606Vlex1\n|t:|1699539961\n|gametype|doubles\n|player|p1|TheGreat999|elio|1197\n|player|p2|Vlex1|169|1196\n|teamsize|p1|6\n|teamsize|p2|6\n|gen|9\n|tier|[Gen 9] Doubles OU\n|rated|\n|rule|Species Clause: Limit one of each Pok\u00e9mon\n|rule|OHKO Clause: OHKO moves are banned\n|rule|Evasion Moves Clause: Evasion moves are banned\n|rule|Gravity Sleep Clause: The combination of sleep-inducing moves with imperfect accuracy and Gravity or Gigantamax Orbeetle are banned\n|rule|Endless Battle Clause: Forcing endless battles is banned\n|rule|HP Percentage Mod: HP is shown in percentages\n|clearpoke\n|poke|p1|Diancie|\n|poke|p1|Flutter Mane|\n|poke|p1|Palafin, M|\n|poke|p1|Ogerpon-Wellspring, F|\n|poke|p1|Volcanion|\n|poke|p1|Kommo-o, F|\n|poke|p2|Flutter Mane|\n|poke|p2|Rillaboom, M|\n|poke|p2|Landorus, M|\n|poke|p2|Pelipper, F|\n|poke|p2|Gholdengo|\n|poke|p2|Amoonguss, F|\n|teampreview\n|inactive|Battle timer is ON: inactive players will automatically lose when time's up. (requested by Vlex1)\n|\n|t:|1699539967\n|start\n|switch|p1a: Diancie|Diancie|100\/100\n|switch|p1b: Flutter Mane|Flutter Mane|100\/100\n|switch|p2a: Landorus|Landorus, M|100\/100\n|switch|p2b: Rillaboom|Rillaboom, M|100\/100\n|-fieldstart|move: Grassy Terrain|[from] ability: Grassy Surge|[of] p2b: Rillaboom\n|-enditem|p1b: Flutter Mane|Booster Energy\n|-activate|p1b: Flutter Mane|ability: Protosynthesis|[fromitem]\n|-start|p1b: Flutter Mane|protosynthesisspe\n|turn|1\n|inactive|TheGreat999 has 120 seconds left.\n|\n|t:|1699539998\n|move|p1b: Flutter Mane|Protect|p1b: Flutter Mane\n|-singleturn|p1b: Flutter Mane|Protect\n|move|p2b: Rillaboom|Fake Out|p1a: Diancie\n|-resisted|p1a: Diancie\n|-damage|p1a: Diancie|96\/100\n|move|p2a: Landorus|Sludge Bomb|p1b: Flutter Mane\n|-activate|p1b: Flutter Mane|move: Protect\n|cant|p1a: Diancie|flinch\n|\n|-heal|p1a: Diancie|100\/100|[from] Grassy Terrain\n|upkeep\n|turn|2\n|inactive|TheGreat999 has 120 seconds left.\n|\n|t:|1699540030\n|move|p1b: Flutter Mane|Dazzling Gleam|p2a: Landorus|[spread] p2a,p2b\n|-damage|p2a: Landorus|64\/100\n|-damage|p2b: Rillaboom|84\/100\n|move|p2a: Landorus|Sludge Bomb|p1b: Flutter Mane\n|-damage|p1b: Flutter Mane|61\/100\n|move|p2b: Rillaboom|Drum Beating|p1a: Diancie\n|-supereffective|p1a: Diancie\n|-damage|p1a: Diancie|39\/100\n|-enditem|p1a: Diancie|Weakness Policy\n|-boost|p1a: Diancie|atk|2|[from] item: Weakness Policy\n|-boost|p1a: Diancie|spa|2|[from] item: Weakness Policy\n|move|p1a: Diancie|Diamond Storm|p2b: Rillaboom|[spread] p2a,p2b\n|-crit|p2b: Rillaboom\n|-damage|p2a: Landorus|0 fnt\n|-damage|p2b: Rillaboom|17\/100\n|-boost|p1a: Diancie|def|2\n|faint|p2a: Landorus\n|\n|-heal|p1b: Flutter Mane|67\/100|[from] Grassy Terrain\n|-heal|p2b: Rillaboom|24\/100|[from] Grassy Terrain\n|-heal|p1a: Diancie|45\/100|[from] Grassy Terrain\n|upkeep\n|inactive|Vlex1 has 120 seconds left.\n|\n|t:|1699540052\n|switch|p2a: Amoonguss|Amoonguss, F|100\/100\n|turn|3\n|\n|t:|1699540068\n|move|p1b: Flutter Mane|Shadow Ball|p2b: Rillaboom\n|-damage|p2b: Rillaboom|1\/100\n|move|p2b: Rillaboom|Drum Beating|p1a: Diancie\n|-supereffective|p1a: Diancie\n|-damage|p1a: Diancie|13\/100\n|move|p1a: Diancie|Reflect|p1a: Diancie\n|-sidestart|p1: TheGreat999|Reflect\n|move|p2a: Amoonguss|Pollen Puff|p2b: Rillaboom\n|-heal|p2b: Rillaboom|51\/100\n|\n|-heal|p1b: Flutter Mane|73\/100|[from] Grassy Terrain\n|-heal|p2b: Rillaboom|57\/100|[from] Grassy Terrain\n|-heal|p1a: Diancie|20\/100|[from] Grassy Terrain\n|upkeep\n|turn|4\n|inactive|Vlex1 has 120 seconds left.\n|\n|t:|1699540116\n|move|p1b: Flutter Mane|Dazzling Gleam|p2a: Amoonguss|[spread] p2a,p2b\n|-resisted|p2a: Amoonguss\n|-damage|p2a: Amoonguss|89\/100\n|-damage|p2b: Rillaboom|41\/100\n|move|p2b: Rillaboom|Drum Beating|p1a: Diancie\n|-supereffective|p1a: Diancie\n|-damage|p1a: Diancie|0 fnt\n|faint|p1a: Diancie\n|move|p2a: Amoonguss|Spore|p1b: Flutter Mane\n|-status|p1b: Flutter Mane|slp|[from] move: Spore\n|\n|-heal|p1b: Flutter Mane|79\/100 slp|[from] Grassy Terrain\n|-heal|p2b: Rillaboom|47\/100|[from] Grassy Terrain\n|-heal|p2a: Amoonguss|95\/100|[from] Grassy Terrain\n|upkeep\n|\n|t:|1699540127\n|switch|p1a: Palafin|Palafin, M|100\/100\n|turn|5\n|\n|t:|1699540143\n|detailschange|p1a: Palafin|Palafin-Hero, M\n|switch|p1a: Volcanion|Volcanion|100\/100\n|cant|p1b: Flutter Mane|slp\n|move|p2b: Rillaboom|Drum Beating|p1a: Volcanion\n|-damage|p1a: Volcanion|72\/100\n|-unboost|p1a: Volcanion|spe|1\n|move|p2a: Amoonguss|Pollen Puff|p2b: Rillaboom\n|-heal|p2b: Rillaboom|97\/100\n|\n|-heal|p1b: Flutter Mane|85\/100 slp|[from] Grassy Terrain\n|-heal|p2b: Rillaboom|100\/100|[from] Grassy Terrain\n|-heal|p1a: Volcanion|78\/100|[from] Grassy Terrain\n|-heal|p2a: Amoonguss|100\/100|[from] Grassy Terrain\n|-fieldend|move: Grassy Terrain\n|upkeep\n|turn|6\n|\n|t:|1699540168\n|-curestatus|p1b: Flutter Mane|slp|[msg]\n|move|p1b: Flutter Mane|Dazzling Gleam|p2b: Rillaboom|[spread] p2a,p2b\n|-resisted|p2a: Amoonguss\n|-damage|p2a: Amoonguss|88\/100\n|-damage|p2b: Rillaboom|82\/100\n|move|p2b: Rillaboom|Drum Beating|p1b: Flutter Mane\n|-crit|p1b: Flutter Mane\n|-damage|p1b: Flutter Mane|3\/100\n|-unboost|p1b: Flutter Mane|spe|1\n|move|p1a: Volcanion|Heat Wave|p2b: Rillaboom|[spread] p2a,p2b\n|-supereffective|p2a: Amoonguss\n|-supereffective|p2b: Rillaboom\n|-damage|p2a: Amoonguss|12\/100\n|-damage|p2b: Rillaboom|28\/100\n|-enditem|p2a: Amoonguss|Sitrus Berry|[eat]\n|-heal|p2a: Amoonguss|37\/100|[from] item: Sitrus Berry\n|move|p2a: Amoonguss|Spore|p1a: Volcanion\n|-status|p1a: Volcanion|slp|[from] move: Spore\n|\n|upkeep\n|turn|7\n|\n|t:|1699540195\n|move|p1b: Flutter Mane|Protect|p1b: Flutter Mane\n|-singleturn|p1b: Flutter Mane|Protect\n|move|p2a: Amoonguss|Protect|p2a: Amoonguss\n|-singleturn|p2a: Amoonguss|Protect\n|move|p2b: Rillaboom|Drum Beating|p1b: Flutter Mane\n|-activate|p1b: Flutter Mane|move: Protect\n|cant|p1a: Volcanion|slp\n|\n|-sideend|p1: TheGreat999|Reflect\n|upkeep\n|turn|8\n|\n|t:|1699540213\n|move|p1b: Flutter Mane|Shadow Ball|p2a: Amoonguss\n|-damage|p2a: Amoonguss|5\/100\n|move|p2b: Rillaboom|Drum Beating|p1b: Flutter Mane\n|-damage|p1b: Flutter Mane|0 fnt\n|faint|p1b: Flutter Mane\n|-end|p1b: Flutter Mane|Protosynthesis|[silent]\n|-curestatus|p1a: Volcanion|slp|[msg]\n|move|p1a: Volcanion|Heat Wave|p2a: Amoonguss|[spread] p2a,p2b\n|-supereffective|p2a: Amoonguss\n|-supereffective|p2b: Rillaboom\n|-damage|p2a: Amoonguss|0 fnt\n|-damage|p2b: Rillaboom|0 fnt\n|faint|p2a: Amoonguss\n|faint|p2b: Rillaboom\n|\n|upkeep\n|\n|t:|1699540234\n|switch|p1b: Palafin|Palafin-Hero, M|100\/100\n|switch|p2b: Pelipper|Pelipper, F|100\/100\n|switch|p2a: Flutter Mane|Flutter Mane|100\/100\n|-activate|p1b: Palafin|ability: Zero to Hero\n|-weather|RainDance|[from] ability: Drizzle|[of] p2b: Pelipper\n|-enditem|p2a: Flutter Mane|Booster Energy\n|-activate|p2a: Flutter Mane|ability: Protosynthesis|[fromitem]\n|-start|p2a: Flutter Mane|protosynthesisspe\n|turn|9\n|\n|t:|1699540259\n|move|p2a: Flutter Mane|Dazzling Gleam|p1a: Volcanion|[spread] p1a,p1b\n|-resisted|p1a: Volcanion\n|-damage|p1a: Volcanion|69\/100\n|-damage|p1b: Palafin|81\/100\n|move|p1b: Palafin|Bulk Up|p1b: Palafin\n|-boost|p1b: Palafin|atk|1\n|-boost|p1b: Palafin|def|1\n|move|p2b: Pelipper|Icy Wind|p1a: Volcanion|[spread] p1a,p1b\n|-resisted|p1a: Volcanion\n|-resisted|p1b: Palafin\n|-damage|p1a: Volcanion|67\/100\n|-damage|p1b: Palafin|77\/100\n|-unboost|p1a: Volcanion|spe|1\n|-unboost|p1b: Palafin|spe|1\n|move|p1a: Volcanion|Heavy Slam|p2a: Flutter Mane\n|-supereffective|p2a: Flutter Mane\n|-damage|p2a: Flutter Mane|25\/100\n|\n|-weather|RainDance|[upkeep]\n|-heal|p1b: Palafin|84\/100|[from] item: Leftovers\n|upkeep\n|turn|10\n|\n|t:|1699540285\n|switch|p1a: Ogerpon|Ogerpon-Wellspring, F|100\/100\n|move|p1b: Palafin|Jet Punch|p2a: Flutter Mane\n|-damage|p2a: Flutter Mane|0 fnt\n|faint|p2a: Flutter Mane\n|-end|p2a: Flutter Mane|Protosynthesis|[silent]\n|move|p2b: Pelipper|Hurricane|p1a: Ogerpon\n|-supereffective|p1a: Ogerpon\n|-damage|p1a: Ogerpon|18\/100\n|-start|p1a: Ogerpon|confusion\n|\n|-weather|RainDance|[upkeep]\n|-heal|p1b: Palafin|90\/100|[from] item: Leftovers\n|upkeep\n|\n|t:|1699540300\n|switch|p2a: Gholdengo|Gholdengo|100\/100\n|turn|11\n|\n|t:|1699540328\n|switch|p1b: Kommo-o|Kommo-o, F|100\/100\n|-activate|p1a: Ogerpon|confusion\n|move|p1a: Ogerpon|Taunt|p2a: Gholdengo\n|-immune|p2a: Gholdengo|[from] ability: Good as Gold\n|move|p2a: Gholdengo|Thunderbolt|p1b: Kommo-o\n|-resisted|p1b: Kommo-o\n|-crit|p1b: Kommo-o\n|-damage|p1b: Kommo-o|66\/100\n|move|p2b: Pelipper|Hurricane|p1a: Ogerpon\n|-supereffective|p1a: Ogerpon\n|-damage|p1a: Ogerpon|0 fnt\n|faint|p1a: Ogerpon\n|\n|-weather|RainDance|[upkeep]\n|upkeep\n|inactive|TheGreat999 has 120 seconds left.\n|\n|t:|1699540351\n|switch|p1a: Volcanion|Volcanion|67\/100\n|turn|12\n|\n|t:|1699540363\n|move|p2a: Gholdengo|Thunderbolt|p1a: Volcanion\n|-supereffective|p1a: Volcanion\n|-damage|p1a: Volcanion|4\/100\n|move|p1b: Kommo-o|Draco Meteor|p2a: Gholdengo\n|-resisted|p2a: Gholdengo\n|-damage|p2a: Gholdengo|78\/100\n|-unboost|p1b: Kommo-o|spa|2\n|move|p2b: Pelipper|Hurricane|p1b: Kommo-o\n|-supereffective|p1b: Kommo-o\n|-damage|p1b: Kommo-o|3\/100\n|-start|p1b: Kommo-o|confusion\n|move|p1a: Volcanion|Earth Power|p2a: Gholdengo\n|-supereffective|p2a: Gholdengo\n|-damage|p2a: Gholdengo|0 fnt\n|faint|p2a: Gholdengo\n|\n|-weather|RainDance|[upkeep]\n|upkeep\n|turn|13\n|inactive|TheGreat999 has 120 seconds left.\n|\n|t:|1699540394\n|-activate|p1b: Kommo-o|confusion\n|-damage|p1b: Kommo-o|0 fnt|[from] confusion\n|faint|p1b: Kommo-o\n|move|p2b: Pelipper|Icy Wind|p1a: Volcanion\n|-resisted|p1a: Volcanion\n|-damage|p1a: Volcanion|2\/100\n|-unboost|p1a: Volcanion|spe|1\n|move|p1a: Volcanion|Heavy Slam|p2b: Pelipper\n|-resisted|p2b: Pelipper\n|-damage|p2b: Pelipper|89\/100\n|\n|-weather|none\n|upkeep\n|inactive|TheGreat999 has 120 seconds left.\n|\n|t:|1699540400\n|switch|p1b: Palafin|Palafin-Hero, M|90\/100\n|turn|14\n|\n|t:|1699540423\n|-terastallize|p2b: Pelipper|Grass\n|move|p1b: Palafin|Bulk Up|p1b: Palafin\n|-boost|p1b: Palafin|atk|1\n|-boost|p1b: Palafin|def|1\n|move|p2b: Pelipper|Icy Wind|p1a: Volcanion|[spread] p1b\n|-miss|p2b: Pelipper|p1a: Volcanion\n|-resisted|p1b: Palafin\n|-damage|p1b: Palafin|87\/100\n|-unboost|p1b: Palafin|spe|1\n|move|p1a: Volcanion|Heavy Slam|p2b: Pelipper\n|-damage|p2b: Pelipper|67\/100\n|\n|-heal|p1b: Palafin|93\/100|[from] item: Leftovers\n|upkeep\n|turn|15\n|\n|t:|1699540451\n|move|p2b: Pelipper|Hurricane|p1a: Volcanion\n|-damage|p1a: Volcanion|0 fnt\n|faint|p1a: Volcanion\n|move|p1b: Palafin|Drain Punch|p2b: Pelipper\n|-damage|p2b: Pelipper|28\/100\n|-heal|p1b: Palafin|100\/100|[from] drain|[of] p2b: Pelipper\n|\n|upkeep\n|turn|16\n|\n|t:|1699540464\n|-terastallize|p1b: Palafin|Grass\n|move|p2b: Pelipper|Hurricane|p1b: Palafin\n|-supereffective|p1b: Palafin\n|-damage|p1b: Palafin|44\/100\n|-start|p1b: Palafin|confusion\n|-activate|p1b: Palafin|confusion\n|move|p1b: Palafin|Drain Punch|p2b: Pelipper\n|-damage|p2b: Pelipper|0 fnt\n|-heal|p1b: Palafin|54\/100|[from] drain|[of] p2b: Pelipper\n|faint|p2b: Pelipper\n|\n|win|TheGreat999\n|raw|TheGreat999's rating: 1197 &rarr; <strong>1222<\/strong><br \/>(+25 for winning)\n|raw|Vlex1's rating: 1196 &rarr; <strong>1171<\/strong><br \/>(-25 for losing)\n|l|\u2606Vlex1\n","uploadtime":1699540484,"views":15,"p1id":"thegreat999","p2id":"vlex1","formatid":"gen9doublesou","rating":1171,"private":0,"password":""}