{"id":"gen9doublesou-1995164248","p1":"vegetasfeet","p2":"Redfafnir128","format":"[Gen 9] Doubles OU","log":"|j|\u2606vegetasfeet\n|j|\u2606Redfafnir128\n|t:|1700529763\n|gametype|doubles\n|player|p1|vegetasfeet|brycen|1319\n|player|p2|Redfafnir128|lucas-gen4pt|1219\n|teamsize|p1|6\n|teamsize|p2|6\n|gen|9\n|tier|[Gen 9] Doubles OU\n|rated|\n|rule|Species Clause: Limit one of each Pok\u00e9mon\n|rule|OHKO Clause: OHKO moves are banned\n|rule|Evasion Moves Clause: Evasion moves are banned\n|rule|Gravity Sleep Clause: The combination of sleep-inducing moves with imperfect accuracy and Gravity or Gigantamax Orbeetle are banned\n|rule|Endless Battle Clause: Forcing endless battles is banned\n|rule|HP Percentage Mod: HP is shown in percentages\n|clearpoke\n|poke|p1|Dragapult, M|\n|poke|p1|Tinkaton, F|\n|poke|p1|Iron Bundle|\n|poke|p1|Landorus-Therian, M|\n|poke|p1|Goodra-Hisui, F|\n|poke|p1|Ogerpon-Wellspring, F|\n|poke|p2|Palafin, M|\n|poke|p2|Iron Bundle|\n|poke|p2|Pelipper, M|\n|poke|p2|Walking Wake|\n|poke|p2|Ogerpon-Wellspring, F|\n|poke|p2|Azumarill, F|\n|teampreview\n|inactive|Battle timer is ON: inactive players will automatically lose when time's up. (requested by vegetasfeet)\n|c|\u2606vegetasfeet|blue team\n|\n|t:|1700529786\n|start\n|switch|p1a: Iron Bundle|Iron Bundle, shiny|100\/100\n|switch|p1b: Landorus|Landorus-Therian, M, shiny|100\/100\n|switch|p2a: Ogerpon|Ogerpon-Wellspring, F|100\/100\n|switch|p2b: Azumarill|Azumarill, F|100\/100\n|-ability|p1b: Landorus|Intimidate|boost\n|-unboost|p2a: Ogerpon|atk|1\n|-unboost|p2b: Azumarill|atk|1\n|-enditem|p1a: Iron Bundle|Booster Energy\n|-activate|p1a: Iron Bundle|ability: Quark Drive|[fromitem]\n|-start|p1a: Iron Bundle|quarkdrivespe\n|turn|1\n|\n|t:|1700529808\n|switch|p1b: Ogerpon|Ogerpon-Wellspring, F|100\/100\n|-terastallize|p2a: Ogerpon|Water\n|detailschange|p2a: Ogerpon|Ogerpon-Wellspring-Tera, F, tera:Water\n|-ability|p2a: Ogerpon|Embody Aspect (Wellspring)|boost\n|-boost|p2a: Ogerpon|spd|1\n|move|p2a: Ogerpon|Follow Me|p2a: Ogerpon\n|-singleturn|p2a: Ogerpon|move: Follow Me\n|move|p1a: Iron Bundle|Freeze-Dry|p2a: Ogerpon\n|-supereffective|p2a: Ogerpon\n|-damage|p2a: Ogerpon|44\/100\n|move|p2b: Azumarill|Belly Drum|p2b: Azumarill\n|-damage|p2b: Azumarill|50\/100\n|-setboost|p2b: Azumarill|atk|6|[from] move: Belly Drum\n|\n|-heal|p2b: Azumarill|57\/100|[from] item: Leftovers\n|upkeep\n|turn|2\n|inactive|Redfafnir128 has 120 seconds left.\n|\n|t:|1700529840\n|move|p2a: Ogerpon|Spiky Shield|p2a: Ogerpon\n|-singleturn|p2a: Ogerpon|move: Protect\n|move|p2b: Azumarill|Aqua Jet|p1a: Iron Bundle\n|-resisted|p1a: Iron Bundle\n|-crit|p1a: Iron Bundle\n|-damage|p1a: Iron Bundle|11\/100\n|move|p1a: Iron Bundle|Freeze-Dry|p2b: Azumarill\n|-supereffective|p2b: Azumarill\n|-damage|p2b: Azumarill|0 fnt\n|faint|p2b: Azumarill\n|move|p1b: Ogerpon|Horn Leech|p2a: Ogerpon\n|-activate|p2a: Ogerpon|move: Protect\n|-damage|p1b: Ogerpon|88\/100|[from] Spiky Shield|[of] p2a: Ogerpon\n|\n|upkeep\n|inactive|Redfafnir128 has 120 seconds left.\n|\n|t:|1700529856\n|switch|p2b: Palafin|Palafin, M, shiny|100\/100\n|turn|3\n|inactive|Redfafnir128 has 120 seconds left.\n|\n|t:|1700529875\n|move|p1a: Iron Bundle|Protect|p1a: Iron Bundle\n|-singleturn|p1a: Iron Bundle|Protect\n|move|p2a: Ogerpon|Follow Me|p2a: Ogerpon\n|-singleturn|p2a: Ogerpon|move: Follow Me\n|move|p2b: Palafin|Jet Punch|p1a: Iron Bundle\n|-activate|p1a: Iron Bundle|move: Protect\n|move|p1b: Ogerpon|Horn Leech|p2a: Ogerpon\n|-supereffective|p2a: Ogerpon\n|-damage|p2a: Ogerpon|0 fnt\n|-heal|p1b: Ogerpon|100\/100|[from] drain|[of] p2a: Ogerpon\n|faint|p2a: Ogerpon\n|\n|upkeep\n|inactive|Redfafnir128 has 120 seconds left.\n|\n|t:|1700529882\n|switch|p2a: Pelipper|Pelipper, M, shiny|100\/100\n|-weather|RainDance|[from] ability: Drizzle|[of] p2a: Pelipper\n|turn|4\n|\n|t:|1700529911\n|-end|p1a: Iron Bundle|Quark Drive|[silent]\n|switch|p1a: Dragapult|Dragapult, M, shiny|100\/100\n|switch|p1b: Goodra|Goodra-Hisui, F|100\/100\n|detailschange|p2b: Palafin|Palafin-Hero, M, shiny\n|switch|p2b: Walking Wake|Walking Wake|100\/100\n|move|p2a: Pelipper|Tailwind|p2a: Pelipper\n|-sidestart|p2: Redfafnir128|move: Tailwind\n|\n|-weather|RainDance|[upkeep]\n|upkeep\n|turn|5\n|\n|t:|1700529938\n|-terastallize|p1a: Dragapult|Ghost\n|move|p2b: Walking Wake|Dragon Pulse|p1a: Dragapult\n|-damage|p1a: Dragapult|22\/100\n|-damage|p2b: Walking Wake|91\/100|[from] item: Life Orb\n|move|p1a: Dragapult|Dragon Darts|p2b: Walking Wake\n|-supereffective|p2b: Walking Wake\n|-damage|p2b: Walking Wake|12\/100\n|-anim|p1a: Dragapult|Dragon Darts|p2a: Pelipper\n|-damage|p2a: Pelipper|71\/100\n|move|p2a: Pelipper|Hurricane|p1a: Dragapult\n|-damage|p1a: Dragapult|0 fnt\n|faint|p1a: Dragapult\n|move|p1b: Goodra|Acid Armor|p1b: Goodra\n|-boost|p1b: Goodra|def|2\n|\n|-weather|RainDance|[upkeep]\n|upkeep\n|inactive|vegetasfeet has 120 seconds left.\n|\n|t:|1700529955\n|switch|p1a: Landorus|Landorus-Therian, M, shiny|100\/100\n|-ability|p1a: Landorus|Intimidate|boost\n|-unboost|p2a: Pelipper|atk|1\n|-unboost|p2b: Walking Wake|atk|1\n|turn|6\n|\n|t:|1700529988\n|switch|p1a: Tinkaton|Tinkaton, F, shiny|100\/100\n|move|p2b: Walking Wake|Dragon Pulse|p1b: Goodra\n|-damage|p1b: Goodra|61\/100\n|-damage|p2b: Walking Wake|3\/100|[from] item: Life Orb\n|move|p2a: Pelipper|Hurricane|p1b: Goodra\n|-resisted|p1b: Goodra\n|-damage|p1b: Goodra|48\/100\n|-start|p1b: Goodra|confusion\n|-activate|p1b: Goodra|confusion\n|move|p1b: Goodra|Body Press|p2b: Walking Wake\n|-damage|p2b: Walking Wake|0 fnt\n|faint|p2b: Walking Wake\n|-end|p2b: Walking Wake|Protosynthesis|[silent]\n|\n|-weather|RainDance|[upkeep]\n|-heal|p1b: Goodra|54\/100|[from] item: Leftovers\n|upkeep\n|inactive|Redfafnir128 has 120 seconds left.\n|\n|t:|1700530008\n|switch|p2b: Palafin|Palafin-Hero, M, shiny|100\/100\n|-activate|p2b: Palafin|ability: Zero to Hero\n|turn|7\n|\n|t:|1700530023\n|switch|p1a: Landorus|Landorus-Therian, M, shiny|100\/100\n|-ability|p1a: Landorus|Intimidate|boost\n|-unboost|p2a: Pelipper|atk|1\n|-unboost|p2b: Palafin|atk|1\n|move|p2b: Palafin|Wave Crash|p1a: Landorus\n|-supereffective|p1a: Landorus\n|-damage|p1a: Landorus|0 fnt\n|faint|p1a: Landorus\n|-damage|p2b: Palafin|70\/100|[from] Recoil\n|move|p2a: Pelipper|Hurricane|p1b: Goodra\n|-resisted|p1b: Goodra\n|-damage|p1b: Goodra|43\/100\n|-activate|p1b: Goodra|confusion\n|-damage|p1b: Goodra|39\/100|[from] confusion\n|\n|-weather|RainDance|[upkeep]\n|-heal|p1b: Goodra|45\/100|[from] item: Leftovers\n|-sideend|p2: Redfafnir128|move: Tailwind\n|upkeep\n|\n|t:|1700530039\n|switch|p1a: Ogerpon|Ogerpon-Wellspring, F|100\/100\n|turn|8\n|\n|t:|1700530049\n|move|p1a: Ogerpon|Horn Leech|p2b: Palafin\n|-supereffective|p2b: Palafin\n|-damage|p2b: Palafin|0 fnt\n|faint|p2b: Palafin\n|move|p2a: Pelipper|Hurricane|p1a: Ogerpon\n|-supereffective|p1a: Ogerpon\n|-damage|p1a: Ogerpon|8\/100\n|-start|p1a: Ogerpon|confusion\n|-end|p1b: Goodra|confusion\n|move|p1b: Goodra|Acid Armor|p1b: Goodra\n|-boost|p1b: Goodra|def|2\n|\n|-weather|none\n|-heal|p1b: Goodra|52\/100|[from] item: Leftovers\n|upkeep\n|\n|t:|1700530064\n|switch|p2b: Iron Bundle|Iron Bundle, shiny|100\/100\n|turn|9\n|\n|t:|1700530083\n|switch|p1a: Tinkaton|Tinkaton, F, shiny|100\/100\n|move|p2b: Iron Bundle|Freeze-Dry|p1a: Tinkaton\n|-resisted|p1a: Tinkaton\n|-damage|p1a: Tinkaton|76\/100\n|-damage|p2b: Iron Bundle|91\/100|[from] item: Life Orb\n|move|p2a: Pelipper|Hurricane|p1a: Tinkaton|[miss]\n|-miss|p2a: Pelipper|p1a: Tinkaton\n|move|p1b: Goodra|Body Press|p2b: Iron Bundle\n|-supereffective|p2b: Iron Bundle\n|-damage|p2b: Iron Bundle|0 fnt\n|faint|p2b: Iron Bundle\n|-end|p2b: Iron Bundle|Quark Drive|[silent]\n|\n|-heal|p1a: Tinkaton|82\/100|[from] item: Leftovers\n|-heal|p1b: Goodra|58\/100|[from] item: Leftovers\n|upkeep\n|turn|10\n|-message|Redfafnir128 forfeited.\n|\n|win|vegetasfeet\n|raw|vegetasfeet's rating: 1319 &rarr; <strong>1333<\/strong><br \/>(+14 for winning)\n|raw|Redfafnir128's rating: 1219 &rarr; <strong>1201<\/strong><br \/>(-18 for losing)\n|l|\u2606Redfafnir128\n","uploadtime":1700530099,"views":8,"p1id":"vegetasfeet","p2id":"redfafnir128","formatid":"gen9doublesou","rating":1201,"private":0,"password":""}