{"id":"gen9doublesou-1980603349","p1":"Chargren","p2":"Trickroom4dumies","format":"[Gen 9] Doubles OU","log":"|j|\u2606Chargren\n|j|\u2606Trickroom4dumies\n|t:|1698802203\n|gametype|doubles\n|player|p1|Chargren|hilbert|1406\n|player|p2|Trickroom4dumies|hexmaniac-gen3|1634\n|teamsize|p1|6\n|teamsize|p2|6\n|gen|9\n|tier|[Gen 9] Doubles OU\n|rated|\n|rule|Species Clause: Limit one of each Pok\u00e9mon\n|rule|OHKO Clause: OHKO moves are banned\n|rule|Evasion Moves Clause: Evasion moves are banned\n|rule|Gravity Sleep Clause: The combination of sleep-inducing moves with imperfect accuracy and Gravity or Gigantamax Orbeetle are banned\n|rule|Endless Battle Clause: Forcing endless battles is banned\n|rule|HP Percentage Mod: HP is shown in percentages\n|clearpoke\n|poke|p1|Hariyama, M|\n|poke|p1|Farigiraf, M|\n|poke|p1|Torkoal, F|\n|poke|p1|Amoonguss, M|\n|poke|p1|Indeedee-F, F|\n|poke|p1|Armarouge, M|\n|poke|p2|Ninetales-Alola, F|\n|poke|p2|Volcarona, M|\n|poke|p2|Goodra-Hisui, F|\n|poke|p2|Ogerpon-Wellspring, F|\n|poke|p2|Basculegion-F, F|\n|poke|p2|Iron Hands|\n|teampreview\n|c|\u2606Chargren|glhf\n|inactive|Battle timer is ON: inactive players will automatically lose when time's up. (requested by Chargren)\n|l|\u2606Trickroom4dumies\n|inactive|Trickroom4dumies disconnected and has a minute to reconnect!\n|player|p2|\n|j|\u2606Trickroom4dumies\n|inactive|Trickroom4dumies reconnected and has 120 seconds left.\n|player|p2|Trickroom4dumies|hexmaniac-gen3\n|\n|t:|1698802255\n|start\n|switch|p1a: Farigiraf|Farigiraf, M|100\/100\n|switch|p1b: Hariyama|Hariyama, M|100\/100\n|switch|p2a: Volcarona|Volcarona, M, shiny|100\/100\n|switch|p2b: Goodra|Goodra-Hisui, F, shiny|100\/100\n|turn|1\n|inactive|Chargren has 120 seconds left.\n|\n|t:|1698802293\n|-terastallize|p2b: Goodra|Fairy\n|move|p1b: Hariyama|Fake Out|p2b: Goodra\n|-damage|p2b: Goodra|89\/100\n|move|p2a: Volcarona|Quiver Dance|p2a: Volcarona\n|-boost|p2a: Volcarona|spa|1\n|-boost|p2a: Volcarona|spd|1\n|-boost|p2a: Volcarona|spe|1\n|cant|p2b: Goodra|flinch\n|move|p1a: Farigiraf|Trick Room|p1a: Farigiraf\n|-fieldstart|move: Trick Room|[of] p1a: Farigiraf\n|\n|-heal|p2b: Goodra|95\/100|[from] item: Leftovers\n|-status|p1b: Hariyama|brn|[from] item: Flame Orb\n|upkeep\n|turn|2\n|\n|t:|1698802317\n|move|p1b: Hariyama|Facade|p2b: Goodra\n|-damage|p2b: Goodra|32\/100\n|move|p1a: Farigiraf|Dazzling Gleam|p2a: Volcarona|[spread] p2a,p2b\n|-resisted|p2a: Volcarona\n|-damage|p2a: Volcarona|95\/100\n|-damage|p2b: Goodra|23\/100\n|move|p2b: Goodra|Acid Armor|p2b: Goodra\n|-boost|p2b: Goodra|def|2\n|move|p2a: Volcarona|Giga Drain|p1b: Hariyama\n|-damage|p1b: Hariyama|68\/100 brn\n|-heal|p2a: Volcarona|100\/100|[from] drain|[of] p1b: Hariyama\n|\n|-heal|p2b: Goodra|29\/100|[from] item: Leftovers\n|-damage|p1b: Hariyama|62\/100 brn|[from] brn\n|upkeep\n|turn|3\n|inactive|Trickroom4dumies has 120 seconds left.\n|\n|t:|1698802350\n|switch|p2b: Basculegion|Basculegion-F, F|100\/100\n|move|p1b: Hariyama|Facade|p2b: Basculegion\n|-immune|p2b: Basculegion\n|move|p1a: Farigiraf|Hyper Voice|p2b: Basculegion|[spread] p2a\n|-immune|p2b: Basculegion\n|-damage|p2a: Volcarona|83\/100\n|move|p2a: Volcarona|Giga Drain|p1b: Hariyama\n|-damage|p1b: Hariyama|30\/100 brn\n|-heal|p2a: Volcarona|100\/100|[from] drain|[of] p1b: Hariyama\n|\n|-damage|p1b: Hariyama|24\/100 brn|[from] brn\n|upkeep\n|turn|4\n|inactive|Trickroom4dumies has 120 seconds left.\n|\n|t:|1698802398\n|move|p1b: Hariyama|Facade|p2a: Volcarona\n|-damage|p2a: Volcarona|20\/100\n|-enditem|p2a: Volcarona|Sitrus Berry|[eat]\n|-heal|p2a: Volcarona|45\/100|[from] item: Sitrus Berry\n|move|p1a: Farigiraf|Dazzling Gleam|p2b: Basculegion|[spread] p2a,p2b\n|-resisted|p2a: Volcarona\n|-damage|p2a: Volcarona|40\/100\n|-damage|p2b: Basculegion|82\/100\n|move|p2a: Volcarona|Giga Drain|p1b: Hariyama\n|-damage|p1b: Hariyama|0 fnt\n|-heal|p2a: Volcarona|54\/100|[from] drain|[of] p1b: Hariyama\n|faint|p1b: Hariyama\n|move|p2b: Basculegion|Flip Turn|p1a: Farigiraf\n|-damage|p1a: Farigiraf|66\/100\n|inactive|Trickroom4dumies has 90 seconds left.\n|\n|t:|1698802429\n|switch|p2b: Ninetales|Ninetales-Alola, F|100\/100|[from] Flip Turn\n|-weather|Snow|[from] ability: Snow Warning|[of] p2b: Ninetales\n|\n|-weather|Snow|[upkeep]\n|upkeep\n|\n|t:|1698802447\n|switch|p1b: Torkoal|Torkoal, F|100\/100\n|-weather|SunnyDay|[from] ability: Drought|[of] p1b: Torkoal\n|turn|5\n|\n|t:|1698802463\n|move|p2b: Ninetales|Protect|p2b: Ninetales\n|-singleturn|p2b: Ninetales|Protect\n|move|p2a: Volcarona|Protect|p2a: Volcarona\n|-singleturn|p2a: Volcarona|Protect\n|move|p1b: Torkoal|Eruption|p2a: Volcarona|[spread] \n|-activate|p2a: Volcarona|move: Protect\n|-activate|p2b: Ninetales|move: Protect\n|move|p1a: Farigiraf|Hyper Voice|p2b: Ninetales|[spread] \n|-activate|p2a: Volcarona|move: Protect\n|-activate|p2b: Ninetales|move: Protect\n|\n|-weather|SunnyDay|[upkeep]\n|-fieldend|move: Trick Room\n|upkeep\n|turn|6\n|\n|t:|1698802479\n|move|p1b: Torkoal|Protect|p1b: Torkoal\n|-singleturn|p1b: Torkoal|Protect\n|move|p2a: Volcarona|Heat Wave|p1a: Farigiraf|[spread] p1a\n|-activate|p1b: Torkoal|move: Protect\n|-damage|p1a: Farigiraf|0 fnt\n|faint|p1a: Farigiraf\n|move|p2b: Ninetales|Encore|p1b: Torkoal\n|-activate|p1b: Torkoal|move: Protect\n|\n|-weather|SunnyDay|[upkeep]\n|upkeep\n|\n|t:|1698802496\n|switch|p1a: Indeedee|Indeedee-F, F|100\/100\n|-fieldstart|move: Psychic Terrain|[from] ability: Psychic Surge|[of] p1a: Indeedee\n|turn|7\n|\n|t:|1698802522\n|move|p1b: Torkoal|Protect|p1b: Torkoal\n|-singleturn|p1b: Torkoal|Protect\n|move|p2a: Volcarona|Heat Wave|p1a: Indeedee|[spread] p1a\n|-activate|p1b: Torkoal|move: Protect\n|-damage|p1a: Indeedee|28\/100\n|move|p2b: Ninetales|Blizzard|p1a: Indeedee|[spread] p1a\n|-activate|p1b: Torkoal|move: Protect\n|-damage|p1a: Indeedee|8\/100\n|move|p1a: Indeedee|Trick Room|p1a: Indeedee\n|-fieldstart|move: Trick Room|[of] p1a: Indeedee\n|\n|-weather|SunnyDay|[upkeep]\n|upkeep\n|turn|8\n|c|\u2606Trickroom4dumies|So dumb\n|inactive|Trickroom4dumies has 120 seconds left.\n|\n|t:|1698802555\n|switch|p2b: Goodra|Goodra-Hisui, F, shiny, tera:Fairy|29\/100\n|move|p2a: Volcarona|Protect|p2a: Volcarona\n|-singleturn|p2a: Volcarona|Protect\n|move|p1a: Indeedee|Follow Me|p1a: Indeedee\n|-singleturn|p1a: Indeedee|move: Follow Me\n|move|p1b: Torkoal|Eruption|p2b: Goodra|[spread] p2b\n|-activate|p2a: Volcarona|move: Protect\n|-damage|p2b: Goodra|0 fnt\n|faint|p2b: Goodra\n|\n|-weather|SunnyDay|[upkeep]\n|upkeep\n|inactive|Trickroom4dumies has 120 seconds left.\n|\n|t:|1698802567\n|switch|p2b: Ninetales|Ninetales-Alola, F|100\/100\n|-weather|Snow|[from] ability: Snow Warning|[of] p2b: Ninetales\n|turn|9\n|inactive|Chargren has 120 seconds left.\n|\n|t:|1698802601\n|move|p2b: Ninetales|Protect|p2b: Ninetales\n|-singleturn|p2b: Ninetales|Protect\n|move|p1b: Torkoal|Eruption|p2b: Ninetales|[spread] p2a\n|-activate|p2b: Ninetales|move: Protect\n|-damage|p2a: Volcarona|18\/100\n|move|p1a: Indeedee|Dazzling Gleam|p2a: Volcarona|[spread] p2a\n|-activate|p2b: Ninetales|move: Protect\n|-resisted|p2a: Volcarona\n|-damage|p2a: Volcarona|14\/100\n|move|p2a: Volcarona|Heat Wave|p1b: Torkoal|[spread] p1a,p1b\n|-resisted|p1b: Torkoal\n|-damage|p1a: Indeedee|0 fnt\n|-damage|p1b: Torkoal|64\/100\n|faint|p1a: Indeedee\n|\n|-weather|Snow|[upkeep]\n|upkeep\n|inactive|Chargren has 120 seconds left.\n|\n|t:|1698802615\n|switch|p1a: Armarouge|Armarouge, M|100\/100\n|turn|10\n|inactive|Chargren has 120 seconds left.\n|\n|t:|1698802649\n|switch|p2b: Ogerpon|Ogerpon-Wellspring, F|100\/100\n|move|p2a: Volcarona|Protect|p2a: Volcarona\n|-singleturn|p2a: Volcarona|Protect\n|move|p1b: Torkoal|Eruption|p2a: Volcarona|[spread] p2b\n|-activate|p2a: Volcarona|move: Protect\n|-damage|p2b: Ogerpon|65\/100\n|move|p1a: Armarouge|Dark Pulse|p2a: Volcarona\n|-activate|p2a: Volcarona|move: Protect\n|\n|-weather|Snow|[upkeep]\n|upkeep\n|turn|11\n|inactive|Chargren has 120 seconds left.\n|\n|t:|1698802674\n|move|p2b: Ogerpon|Spiky Shield|p2b: Ogerpon\n|-singleturn|p2b: Ogerpon|move: Protect\n|move|p2a: Volcarona|Protect||[still]\n|-fail|p2a: Volcarona\n|move|p1b: Torkoal|Eruption|p2a: Volcarona|[spread] p2a\n|-activate|p2b: Ogerpon|move: Protect\n|-damage|p2a: Volcarona|0 fnt\n|faint|p2a: Volcarona\n|move|p1a: Armarouge|Expanding Force|p2b: Ogerpon\n|-activate|p2b: Ogerpon|move: Protect\n|\n|-weather|Snow|[upkeep]\n|-fieldend|move: Trick Room\n|-fieldend|move: Psychic Terrain\n|upkeep\n|\n|t:|1698802682\n|switch|p2a: Basculegion|Basculegion-F, F|82\/100\n|turn|12\n|\n|t:|1698802705\n|switch|p1a: Amoonguss|Amoonguss, M|100\/100\n|move|p1b: Torkoal|Protect|p1b: Torkoal\n|-singleturn|p1b: Torkoal|Protect\n|move|p2a: Basculegion|Last Respects|p1a: Amoonguss\n|-damage|p1a: Amoonguss|25\/100\n|move|p2b: Ogerpon|Ivy Cudgel|p1a: Amoonguss\n|-resisted|p1a: Amoonguss\n|-damage|p1a: Amoonguss|0 fnt\n|faint|p1a: Amoonguss\n|\n|-weather|Snow|[upkeep]\n|upkeep\n|\n|t:|1698802716\n|switch|p1a: Armarouge|Armarouge, M|100\/100\n|turn|13\n|\n|t:|1698802733\n|move|p2a: Basculegion|Last Respects|p1a: Armarouge\n|-supereffective|p1a: Armarouge\n|-damage|p1a: Armarouge|0 fnt\n|faint|p1a: Armarouge\n|move|p2b: Ogerpon|Ivy Cudgel|p1b: Torkoal\n|-supereffective|p1b: Torkoal\n|-damage|p1b: Torkoal|0 fnt\n|faint|p1b: Torkoal\n|\n|win|Trickroom4dumies\n|raw|Chargren's rating: 1406 &rarr; <strong>1398<\/strong><br \/>(-8 for losing)\n|raw|Trickroom4dumies's rating: 1634 &rarr; <strong>1642<\/strong><br \/>(+8 for winning)\n","uploadtime":1698802591,"views":25,"p1id":"chargren","p2id":"trickroom4dumies","formatid":"gen9doublesou","rating":1398,"private":0,"password":""}