{"id":"gen9doublesou-1987097504","p1":"IdeaNoExist","p2":"GreenOrca24","format":"[Gen 9] Doubles OU","log":"|j|\u2606IdeaNoExist\n|j|\u2606GreenOrca24\n|t:|1699555832\n|gametype|doubles\n|player|p1|IdeaNoExist|plasmagrunt-gen5bw|\n|player|p2|GreenOrca24|volkner|\n|teamsize|p1|6\n|teamsize|p2|6\n|gen|9\n|tier|[Gen 9] Doubles OU\n|rule|Species Clause: Limit one of each Pok\u00e9mon\n|rule|OHKO Clause: OHKO moves are banned\n|rule|Evasion Moves Clause: Evasion moves are banned\n|rule|Gravity Sleep Clause: The combination of sleep-inducing moves with imperfect accuracy and Gravity or Gigantamax Orbeetle are banned\n|rule|Endless Battle Clause: Forcing endless battles is banned\n|rule|HP Percentage Mod: HP is shown in percentages\n|clearpoke\n|poke|p1|Sinistcha-Masterpiece|\n|poke|p1|Baxcalibur, F|\n|poke|p1|Ninetales-Alola, F|\n|poke|p1|Amoonguss, F|\n|poke|p1|Slaking, F|\n|poke|p1|Clefairy, M|\n|poke|p2|Forretress, M|\n|poke|p2|Amoonguss, M|\n|poke|p2|Glimmora, F|\n|poke|p2|Dragapult, M|\n|poke|p2|Samurott-Hisui, M|\n|poke|p2|Garganacl, M|\n|teampreview\n|\n|t:|1699555845\n|start\n|switch|p1a: Sinistcha|Sinistcha-Masterpiece|100\/100\n|switch|p1b: Ninetales|Ninetales-Alola, F|100\/100\n|switch|p2a: Glimmora|Glimmora, F|100\/100\n|switch|p2b: Forretress|Forretress, M|100\/100\n|-weather|Snow|[from] ability: Snow Warning|[of] p1b: Ninetales\n|turn|1\n|\n|t:|1699555866\n|move|p1b: Ninetales|Aurora Veil|p1b: Ninetales\n|-sidestart|p1: IdeaNoExist|move: Aurora Veil\n|move|p2a: Glimmora|Power Gem|p1b: Ninetales\n|-supereffective|p1b: Ninetales\n|-damage|p1b: Ninetales|49\/100\n|move|p2b: Forretress|Stealth Rock|p1b: Ninetales\n|-sidestart|p1: IdeaNoExist|move: Stealth Rock\n|move|p1a: Sinistcha|Stun Spore|p2a: Glimmora\n|-status|p2a: Glimmora|par\n|\n|-weather|Snow|[upkeep]\n|upkeep\n|turn|2\n|c|\u2606IdeaNoExist|you know, i think this is a VGC team\n|\n|t:|1699555883\n|move|p1b: Ninetales|Substitute|p1b: Ninetales\n|-start|p1b: Ninetales|Substitute\n|-damage|p1b: Ninetales|24\/100\n|move|p2b: Forretress|Toxic Spikes|p1a: Sinistcha\n|-sidestart|p1: IdeaNoExist|move: Toxic Spikes\n|move|p2a: Glimmora|Power Gem|p1b: Ninetales\n|-supereffective|p1b: Ninetales\n|-end|p1b: Ninetales|Substitute\n|move|p1a: Sinistcha|Trick Room|p1a: Sinistcha\n|-fieldstart|move: Trick Room|[of] p1a: Sinistcha\n|\n|-weather|Snow|[upkeep]\n|upkeep\n|turn|3\n|\n|t:|1699555901\n|switch|p1b: Amoonguss|Amoonguss, F|100\/100\n|-damage|p1b: Amoonguss|88\/100|[from] Stealth Rock\n|-sideend|p1: IdeaNoExist|move: Toxic Spikes|[of] p1b: Amoonguss\n|cant|p2a: Glimmora|par\n|move|p1a: Sinistcha|Matcha Gotcha|p2a: Glimmora|[spread] p2a,p2b\n|-resisted|p2b: Forretress\n|-damage|p2a: Glimmora|77\/100 par\n|-damage|p2b: Forretress|92\/100\n|move|p2b: Forretress|Toxic Spikes|p1a: Sinistcha\n|-sidestart|p1: IdeaNoExist|move: Toxic Spikes\n|\n|-weather|Snow|[upkeep]\n|upkeep\n|turn|4\n|\n|t:|1699555922\n|move|p1b: Amoonguss|Giga Drain|p2a: Glimmora\n|-damage|p2a: Glimmora|51\/100 par\n|-heal|p1b: Amoonguss|100\/100|[from] drain|[of] p2a: Glimmora\n|move|p2a: Glimmora|Dazzling Gleam|p1b: Amoonguss|[spread] p1a,p1b\n|-resisted|p1b: Amoonguss\n|-damage|p1a: Sinistcha|86\/100\n|-damage|p1b: Amoonguss|96\/100\n|move|p1a: Sinistcha|Matcha Gotcha|p2a: Glimmora|[spread] p2a\n|-miss|p1a: Sinistcha|p2b: Forretress\n|-damage|p2a: Glimmora|24\/100 par\n|-heal|p1a: Sinistcha|98\/100|[from] drain|[of] p2a: Glimmora\n|move|p2b: Forretress|Toxic Spikes|p1b: Amoonguss\n|-sidestart|p1: IdeaNoExist|move: Toxic Spikes\n|\n|-weather|Snow|[upkeep]\n|upkeep\n|turn|5\n|c|\u2606IdeaNoExist|Yeah this is a VGC team\n|\n|t:|1699555958\n|move|p1b: Amoonguss|Giga Drain|p2a: Glimmora\n|-damage|p2a: Glimmora|0 fnt\n|-heal|p1b: Amoonguss|100\/100|[from] drain|[of] p2a: Glimmora\n|faint|p2a: Glimmora\n|move|p1a: Sinistcha|Matcha Gotcha|p2b: Forretress|[miss]\n|-miss|p1a: Sinistcha|p2b: Forretress\n|move|p2b: Forretress|Tera Blast|p2: Glimmora|[notarget]\n|-fail|p2b: Forretress\n|\n|-weather|Snow|[upkeep]\n|-sideend|p1: IdeaNoExist|move: Aurora Veil\n|upkeep\n|\n|t:|1699555976\n|switch|p2a: Garganacl|Garganacl, M|100\/100\n|turn|6\n|\n|t:|1699555995\n|switch|p1b: Ninetales|Ninetales-Alola, F|24\/100\n|-damage|p1b: Ninetales|0 fnt|[from] Stealth Rock\n|faint|p1b: Ninetales\n|move|p1a: Sinistcha|Stun Spore|p2a: Garganacl\n|-status|p2a: Garganacl|par\n|move|p2b: Forretress|Volt Switch|p1a: Sinistcha\n|-resisted|p1a: Sinistcha\n|-damage|p1a: Sinistcha|92\/100\n|\n|t:|1699556008\n|switch|p2b: Amoonguss|Amoonguss, M|100\/100|[from] Volt Switch\n|move|p2a: Garganacl|Avalanche|p1a: Sinistcha\n|-supereffective|p1a: Sinistcha\n|-damage|p1a: Sinistcha|69\/100\n|\n|-weather|Snow|[upkeep]\n|-fieldend|move: Trick Room\n|upkeep\n|\n|t:|1699556018\n|switch|p1b: Baxcalibur|Baxcalibur, F|100\/100\n|-damage|p1b: Baxcalibur|76\/100|[from] Stealth Rock\n|-status|p1b: Baxcalibur|tox\n|turn|7\n|c|\u2606IdeaNoExist|im an idiot\n|-activate|p2b: Amoonguss|item: Quick Claw\n|\n|t:|1699556034\n|move|p2b: Amoonguss|Hex|p1a: Sinistcha\n|-supereffective|p1a: Sinistcha\n|-crit|p1a: Sinistcha\n|-damage|p1a: Sinistcha|24\/100\n|move|p1b: Baxcalibur|Dragon Dance|p1b: Baxcalibur\n|-boost|p1b: Baxcalibur|atk|1\n|-boost|p1b: Baxcalibur|spe|1\n|move|p2a: Garganacl|Stone Edge|p1b: Baxcalibur|[miss]\n|-miss|p2a: Garganacl|p1b: Baxcalibur\n|move|p1a: Sinistcha|Trick Room|p1a: Sinistcha\n|-fieldstart|move: Trick Room|[of] p1a: Sinistcha\n|\n|-weather|Snow|[upkeep]\n|-damage|p1b: Baxcalibur|69\/100 tox|[from] psn\n|upkeep\n|turn|8\n|-activate|p2b: Amoonguss|item: Quick Claw\n|\n|t:|1699556060\n|move|p2b: Amoonguss|Hex|p1a: Sinistcha\n|-supereffective|p1a: Sinistcha\n|-damage|p1a: Sinistcha|0 fnt\n|faint|p1a: Sinistcha\n|move|p2a: Garganacl|Stone Edge|p1b: Baxcalibur\n|-supereffective|p1b: Baxcalibur\n|-damage|p1b: Baxcalibur|20\/100 tox\n|-enditem|p1b: Baxcalibur|Sitrus Berry|[eat]\n|-heal|p1b: Baxcalibur|45\/100 tox|[from] item: Sitrus Berry\n|move|p1b: Baxcalibur|Icicle Spear|p2b: Amoonguss\n|-supereffective|p2b: Amoonguss\n|-damage|p2b: Amoonguss|54\/100\n|-supereffective|p2b: Amoonguss\n|-damage|p2b: Amoonguss|9\/100\n|-hitcount|p2b: Amoonguss|2\n|\n|-weather|none\n|-damage|p1b: Baxcalibur|32\/100 tox|[from] psn\n|upkeep\n|\n|t:|1699556070\n|switch|p1a: Amoonguss|Amoonguss, F|100\/100\n|-damage|p1a: Amoonguss|88\/100|[from] Stealth Rock\n|-sideend|p1: IdeaNoExist|move: Toxic Spikes|[of] p1a: Amoonguss\n|turn|9\n|\n|t:|1699556102\n|cant|p2a: Garganacl|par\n|move|p1a: Amoonguss|Giga Drain|p2b: Amoonguss\n|-resisted|p2b: Amoonguss\n|-damage|p2b: Amoonguss|4\/100\n|-heal|p1a: Amoonguss|91\/100|[from] drain|[of] p2b: Amoonguss\n|move|p2b: Amoonguss|Giga Drain|p1b: Baxcalibur\n|-resisted|p1b: Baxcalibur\n|-damage|p1b: Baxcalibur|22\/100 tox\n|-heal|p2b: Amoonguss|9\/100|[from] drain|[of] p1b: Baxcalibur\n|move|p1b: Baxcalibur|Glaive Rush|p2a: Garganacl\n|-damage|p2a: Garganacl|29\/100 par\n|-singlemove|p1b: Baxcalibur|Glaive Rush|[silent]\n|\n|-damage|p1b: Baxcalibur|4\/100 tox|[from] psn\n|upkeep\n|turn|10\n|\n|t:|1699556141\n|move|p2a: Garganacl|Earthquake|p1b: Baxcalibur|[spread] p2b,p1a,p1b\n|-damage|p2b: Amoonguss|0 fnt\n|-damage|p1a: Amoonguss|69\/100\n|-damage|p1b: Baxcalibur|0 fnt\n|faint|p2b: Amoonguss\n|faint|p1b: Baxcalibur\n|move|p1a: Amoonguss|Giga Drain|p2a: Garganacl\n|-supereffective|p2a: Garganacl\n|-crit|p2a: Garganacl\n|-damage|p2a: Garganacl|0 fnt\n|-heal|p1a: Amoonguss|85\/100|[from] drain|[of] p2a: Garganacl\n|faint|p2a: Garganacl\n|\n|upkeep\n|\n|t:|1699556173\n|switch|p2b: Dragapult|Dragapult, M|100\/100\n|switch|p2a: Samurott|Samurott-Hisui, M|100\/100\n|switch|p1b: Slaking|Slaking, F|100\/100\n|-damage|p1b: Slaking|88\/100|[from] Stealth Rock\n|turn|11\n|\n|t:|1699556194\n|move|p1a: Amoonguss|Spore|p2b: Dragapult\n|-status|p2b: Dragapult|slp|[from] move: Spore\n|move|p1b: Slaking|Outrage|p2b: Dragapult\n|-supereffective|p2b: Dragapult\n|-damage|p2b: Dragapult|0 fnt\n|-start|p1b: Slaking|Disable|Outrage|[from] ability: Cursed Body|[of] p2b: Dragapult\n|faint|p2b: Dragapult\n|move|p2a: Samurott|Ceaseless Edge|p1b: Slaking\n|-damage|p1b: Slaking|44\/100\n|-sidestart|p1: IdeaNoExist|Spikes\n|-damage|p2a: Samurott|91\/100|[from] item: Life Orb\n|\n|-fieldend|move: Trick Room\n|upkeep\n|\n|t:|1699556210\n|switch|p2b: Forretress|Forretress, M|92\/100\n|turn|12\n|\n|t:|1699556225\n|move|p1a: Amoonguss|Rage Powder|p1a: Amoonguss\n|-singleturn|p1a: Amoonguss|move: Rage Powder\n|move|p2a: Samurott|Ceaseless Edge|p1a: Amoonguss\n|-damage|p1a: Amoonguss|16\/100\n|-sidestart|p1: IdeaNoExist|Spikes\n|-damage|p2a: Samurott|81\/100|[from] item: Life Orb\n|cant|p1b: Slaking|ability: Truant\n|move|p2b: Forretress|Tera Blast|p1a: Amoonguss\n|-damage|p1a: Amoonguss|9\/100\n|\n|upkeep\n|turn|13\n|\n|t:|1699556246\n|move|p1a: Amoonguss|Rage Powder|p1a: Amoonguss\n|-singleturn|p1a: Amoonguss|move: Rage Powder\n|move|p2a: Samurott|Ceaseless Edge|p1a: Amoonguss\n|-damage|p1a: Amoonguss|0 fnt\n|-sidestart|p1: IdeaNoExist|Spikes\n|faint|p1a: Amoonguss\n|-damage|p2a: Samurott|71\/100|[from] item: Life Orb\n|move|p1b: Slaking|Giga Impact|p2a: Samurott\n|-damage|p2a: Samurott|0 fnt\n|-mustrecharge|p1b: Slaking\n|faint|p2a: Samurott\n|move|p2b: Forretress|Tera Blast|p1b: Slaking\n|-damage|p1b: Slaking|38\/100\n|\n|upkeep\n|\n|t:|1699556257\n|switch|p1a: Clefairy|Clefairy, M|100\/100\n|-damage|p1a: Clefairy|88\/100|[from] Stealth Rock\n|-damage|p1a: Clefairy|63\/100|[from] Spikes\n|turn|14\n|c|\u2606GreenOrca24|Gg\n|\n|t:|1699556284\n|-terastallize|p2b: Forretress|Dragon\n|cant|p1b: Slaking|recharge\n|move|p2b: Forretress|Tera Blast|p1b: Slaking|[anim] Tera Blast Dragon\n|-damage|p1b: Slaking|26\/100\n|move|p1a: Clefairy|Heal Pulse|p1b: Slaking\n|-heal|p1b: Slaking|76\/100\n|\n|-end|p1b: Slaking|Disable\n|upkeep\n|turn|15\n|\n|t:|1699556314\n|move|p1b: Slaking|Outrage|p2b: Forretress\n|-supereffective|p2b: Forretress\n|-crit|p2b: Forretress\n|-damage|p2b: Forretress|0 fnt\n|faint|p2b: Forretress\n|\n|win|IdeaNoExist\n|c|\u2606IdeaNoExist|gg\n|c|\u2606IdeaNoExist|idk how i won\n|c|\u2606GreenOrca24|Gg\n|c|\u2606GreenOrca24|Trick room desroys my team\n|l|\u2606GreenOrca24\n|c|\u2606IdeaNoExist|not really\n","uploadtime":1699556359,"views":16,"p1id":"ideanoexist","p2id":"greenorca24","formatid":"gen9doublesou","rating":0,"private":0,"password":""}