{"id":"gen9doublesou-1980509815","p1":"VillainArK","p2":"uuuggg","format":"[Gen 9] Doubles OU","log":"|j|\u2606VillainArK\n|j|\u2606uuuggg\n|t:|1698791924\n|gametype|doubles\n|player|p1|VillainArK|cynthia-gen4|1149\n|player|p2|uuuggg|102|1125\n|teamsize|p1|6\n|teamsize|p2|6\n|gen|9\n|tier|[Gen 9] Doubles OU\n|rated|\n|rule|Species Clause: Limit one of each Pok\u00e9mon\n|rule|OHKO Clause: OHKO moves are banned\n|rule|Evasion Moves Clause: Evasion moves are banned\n|rule|Gravity Sleep Clause: The combination of sleep-inducing moves with imperfect accuracy and Gravity or Gigantamax Orbeetle are banned\n|rule|Endless Battle Clause: Forcing endless battles is banned\n|rule|HP Percentage Mod: HP is shown in percentages\n|clearpoke\n|poke|p1|Goodra, M|\n|poke|p1|Pelipper, M|\n|poke|p1|Walking Wake|\n|poke|p1|Quagsire, F|\n|poke|p1|Vikavolt, F|\n|poke|p1|Golduck, M|\n|poke|p2|Sinistcha-Masterpiece|\n|poke|p2|Snorlax, F|\n|poke|p2|Clefairy, M|\n|poke|p2|Kommo-o, M|\n|poke|p2|Landorus-Therian, M|\n|poke|p2|Iron Hands|\n|teampreview\n|inactive|Battle timer is ON: inactive players will automatically lose when time's up. (requested by uuuggg)\n|\n|t:|1698791947\n|start\n|switch|p1a: Pelipper|Pelipper, M|100\/100\n|switch|p1b: Golduck|Golduck, M|100\/100\n|switch|p2a: Sinistcha|Sinistcha-Masterpiece|100\/100\n|switch|p2b: Iron Hands|Iron Hands|100\/100\n|-weather|RainDance|[from] ability: Drizzle|[of] p1a: Pelipper\n|turn|1\n|\n|t:|1698791970\n|switch|p1a: Vikavolt|Vikavolt, F|100\/100\n|move|p2b: Iron Hands|Fake Out|p1a: Vikavolt\n|-damage|p1a: Vikavolt|87\/100\n|move|p1b: Golduck|Skill Swap|p1a: Vikavolt\n|-activate|p1b: Golduck|move: Skill Swap|||[of] p1a: Vikavolt\n|move|p2a: Sinistcha|Trick Room|p2a: Sinistcha\n|-fieldstart|move: Trick Room|[of] p2a: Sinistcha\n|\n|-weather|RainDance|[upkeep]\n|upkeep\n|turn|2\n|inactive|uuuggg has 120 seconds left.\n|\n|t:|1698792007\n|switch|p2a: Kommo-o|Kommo-o, M|100\/100\n|move|p2b: Iron Hands|Wild Charge|p1b: Golduck\n|-supereffective|p1b: Golduck\n|-damage|p1b: Golduck|0 fnt\n|faint|p1b: Golduck\n|-damage|p2b: Iron Hands|80\/100|[from] Recoil\n|move|p1a: Vikavolt|Bug Buzz|p2a: Kommo-o\n|-resisted|p2a: Kommo-o\n|-damage|p2a: Kommo-o|58\/100\n|\n|-weather|RainDance|[upkeep]\n|upkeep\n|inactive|VillainArK has 120 seconds left.\n|\n|t:|1698792020\n|switch|p1b: Pelipper|Pelipper, M|100\/100\n|turn|3\n|inactive|uuuggg has 120 seconds left.\n|\n|t:|1698792050\n|-terastallize|p1b: Pelipper|Ground\n|move|p2b: Iron Hands|Wild Charge|p1b: Pelipper\n|-immune|p1b: Pelipper\n|move|p1b: Pelipper|Hurricane|p2b: Iron Hands\n|-damage|p2b: Iron Hands|52\/100\n|move|p1a: Vikavolt|Bug Buzz|p2a: Kommo-o\n|-resisted|p2a: Kommo-o\n|-damage|p2a: Kommo-o|20\/100\n|move|p2a: Kommo-o|Clangorous Soul||[still]\n|-fail|p2a: Kommo-o\n|\n|-weather|RainDance|[upkeep]\n|upkeep\n|turn|4\n|inactive|uuuggg has 120 seconds left.\n|\n|t:|1698792088\n|move|p2b: Iron Hands|Drain Punch|p1b: Pelipper\n|-damage|p1b: Pelipper|58\/100\n|-heal|p2b: Iron Hands|67\/100|[from] drain|[of] p1b: Pelipper\n|move|p1b: Pelipper|U-turn|p2b: Iron Hands\n|-resisted|p2b: Iron Hands\n|-damage|p2b: Iron Hands|64\/100\n|\n|t:|1698792094\n|switch|p1b: Quagsire|Quagsire, F|100\/100|[from] U-turn\n|move|p1a: Vikavolt|Bug Buzz|p2a: Kommo-o\n|-resisted|p2a: Kommo-o\n|-damage|p2a: Kommo-o|0 fnt\n|faint|p2a: Kommo-o\n|\n|-weather|RainDance|[upkeep]\n|upkeep\n|\n|t:|1698792109\n|switch|p2a: Clefairy|Clefairy, M|100\/100\n|turn|5\n|inactive|uuuggg has 120 seconds left.\n|\n|t:|1698792129\n|move|p2a: Clefairy|Helping Hand|p2b: Iron Hands\n|-singleturn|p2b: Iron Hands|Helping Hand|[of] p2a: Clefairy\n|move|p1b: Quagsire|Yawn|p2b: Iron Hands\n|-start|p2b: Iron Hands|move: Yawn|[of] p1b: Quagsire\n|move|p2b: Iron Hands|Drain Punch|p1b: Quagsire\n|-damage|p1b: Quagsire|56\/100\n|-heal|p2b: Iron Hands|83\/100|[from] drain|[of] p1b: Quagsire\n|move|p1a: Vikavolt|Bug Buzz|p2a: Clefairy\n|-resisted|p2a: Clefairy\n|-damage|p2a: Clefairy|64\/100\n|\n|-weather|none\n|-heal|p1b: Quagsire|62\/100|[from] item: Leftovers\n|-fieldend|move: Trick Room\n|upkeep\n|turn|6\n|inactive|uuuggg has 120 seconds left.\n|\n|t:|1698792156\n|-end|p2b: Iron Hands|Quark Drive|[silent]\n|switch|p2b: Sinistcha|Sinistcha-Masterpiece|100\/100\n|-heal|p2a: Clefairy|89\/100|[from] ability: Hospitality|[of] p2b: Sinistcha\n|switch|p1b: Pelipper|Pelipper, M, tera:Ground|58\/100\n|-weather|RainDance|[from] ability: Drizzle|[of] p1b: Pelipper\n|move|p2a: Clefairy|Protect|p2a: Clefairy\n|-singleturn|p2a: Clefairy|Protect\n|move|p1a: Vikavolt|Bug Buzz|p2a: Clefairy\n|-activate|p2a: Clefairy|move: Protect\n|\n|-weather|RainDance|[upkeep]\n|upkeep\n|turn|7\n|inactive|uuuggg has 120 seconds left.\n|\n|t:|1698792175\n|move|p1a: Vikavolt|Bug Buzz|p2b: Sinistcha\n|-damage|p2b: Sinistcha|27\/100\n|move|p1b: Pelipper|Ice Beam|p2b: Sinistcha\n|-supereffective|p2b: Sinistcha\n|-damage|p2b: Sinistcha|0 fnt\n|faint|p2b: Sinistcha\n|move|p2a: Clefairy|Heal Pulse|p2: Sinistcha|[notarget]\n|-fail|p2a: Clefairy\n|\n|-weather|RainDance|[upkeep]\n|upkeep\n|inactive|uuuggg has 120 seconds left.\n|inactive|uuuggg has 90 seconds left.\n|\n|t:|1698792212\n|switch|p2b: Snorlax|Snorlax, F|100\/100\n|turn|8\n|\n|t:|1698792229\n|switch|p2a: Iron Hands|Iron Hands|83\/100\n|move|p1a: Vikavolt|Bug Buzz|p2b: Snorlax\n|-damage|p2b: Snorlax|50\/100\n|-enditem|p2b: Snorlax|Sitrus Berry|[eat]\n|-heal|p2b: Snorlax|75\/100|[from] item: Sitrus Berry\n|move|p1b: Pelipper|Tailwind|p1b: Pelipper\n|-sidestart|p1: VillainArK|move: Tailwind\n|move|p2b: Snorlax|Belly Drum|p2b: Snorlax\n|-damage|p2b: Snorlax|25\/100\n|-setboost|p2b: Snorlax|atk|6|[from] move: Belly Drum\n|\n|-weather|RainDance|[upkeep]\n|upkeep\n|turn|9\n|inactive|uuuggg has 120 seconds left.\n|\n|t:|1698792247\n|-end|p2a: Iron Hands|Quark Drive|[silent]\n|switch|p2a: Clefairy|Clefairy, M|89\/100\n|move|p2b: Snorlax|Protect|p2b: Snorlax\n|-singleturn|p2b: Snorlax|Protect\n|move|p1a: Vikavolt|Bug Buzz|p2b: Snorlax\n|-activate|p2b: Snorlax|move: Protect\n|move|p1b: Pelipper|U-turn|p2a: Clefairy\n|-resisted|p2a: Clefairy\n|-damage|p2a: Clefairy|85\/100\n|\n|t:|1698792257\n|switch|p1b: Walking Wake|Walking Wake|100\/100|[from] U-turn\n|-enditem|p1b: Walking Wake|Booster Energy\n|-activate|p1b: Walking Wake|ability: Protosynthesis|[fromitem]\n|-start|p1b: Walking Wake|protosynthesisspa\n|\n|-weather|RainDance|[upkeep]\n|upkeep\n|turn|10\n|\n|t:|1698792273\n|move|p2b: Snorlax|Protect||[still]\n|-fail|p2b: Snorlax\n|move|p1b: Walking Wake|Hydro Steam|p2a: Clefairy\n|-damage|p2a: Clefairy|27\/100\n|move|p1a: Vikavolt|Bug Buzz|p2b: Snorlax\n|-damage|p2b: Snorlax|0 fnt\n|faint|p2b: Snorlax\n|move|p2a: Clefairy|Heal Pulse|p2: Snorlax|[notarget]\n|-fail|p2a: Clefairy\n|\n|-weather|none\n|upkeep\n|inactive|uuuggg has 120 seconds left.\n|\n|t:|1698792284\n|switch|p2b: Iron Hands|Iron Hands|83\/100\n|turn|11\n|inactive|uuuggg has 120 seconds left.\n|\n|t:|1698792319\n|move|p1b: Walking Wake|Protect|p1b: Walking Wake\n|-singleturn|p1b: Walking Wake|Protect\n|move|p2a: Clefairy|Protect|p2a: Clefairy\n|-singleturn|p2a: Clefairy|Protect\n|move|p1a: Vikavolt|Bug Buzz|p2a: Clefairy\n|-activate|p2a: Clefairy|move: Protect\n|move|p2b: Iron Hands|Wild Charge|p1b: Walking Wake\n|-activate|p1b: Walking Wake|move: Protect\n|\n|-sideend|p1: VillainArK|move: Tailwind\n|upkeep\n|turn|12\n|\n|t:|1698792332\n|-end|p1b: Walking Wake|Protosynthesis|[silent]\n|switch|p1b: Pelipper|Pelipper, M, tera:Ground|58\/100\n|-weather|RainDance|[from] ability: Drizzle|[of] p1b: Pelipper\n|move|p1a: Vikavolt|Bug Buzz|p2a: Clefairy\n|-resisted|p2a: Clefairy\n|-damage|p2a: Clefairy|0 fnt\n|faint|p2a: Clefairy\n|move|p2b: Iron Hands|Wild Charge|p1b: Pelipper\n|-immune|p1b: Pelipper\n|\n|-weather|RainDance|[upkeep]\n|upkeep\n|\n|t:|1698792337\n|switch|p2a: Landorus|Landorus-Therian, M|100\/100\n|-ability|p2a: Landorus|Intimidate|boost\n|-unboost|p1a: Vikavolt|atk|1\n|-unboost|p1b: Pelipper|atk|1\n|turn|13\n|\n|t:|1698792353\n|-terastallize|p2a: Landorus|Flying\n|move|p2a: Landorus|Rock Slide|p1a: Vikavolt|[spread] p1a,p1b\n|-supereffective|p1a: Vikavolt\n|-resisted|p1b: Pelipper\n|-damage|p1a: Vikavolt|46\/100\n|-damage|p1b: Pelipper|48\/100\n|cant|p1a: Vikavolt|flinch\n|move|p1b: Pelipper|Ice Beam|p2a: Landorus\n|-supereffective|p2a: Landorus\n|-damage|p2a: Landorus|32\/100\n|move|p2b: Iron Hands|Drain Punch|p1b: Pelipper\n|-damage|p1b: Pelipper|5\/100\n|-heal|p2b: Iron Hands|99\/100|[from] drain|[of] p1b: Pelipper\n|\n|-weather|RainDance|[upkeep]\n|upkeep\n|turn|14\n|\n|t:|1698792375\n|move|p2a: Landorus|Rock Slide|p1b: Pelipper|[spread] p1a\n|-miss|p2a: Landorus|p1b: Pelipper\n|-supereffective|p1a: Vikavolt\n|-damage|p1a: Vikavolt|1\/100\n|move|p1a: Vikavolt|Bug Buzz|p2b: Iron Hands\n|-resisted|p2b: Iron Hands\n|-damage|p2b: Iron Hands|77\/100\n|-unboost|p2b: Iron Hands|spd|1\n|move|p1b: Pelipper|Ice Beam|p2a: Landorus\n|-supereffective|p2a: Landorus\n|-damage|p2a: Landorus|0 fnt\n|faint|p2a: Landorus\n|move|p2b: Iron Hands|Drain Punch|p1a: Vikavolt\n|-resisted|p1a: Vikavolt\n|-damage|p1a: Vikavolt|0 fnt\n|-heal|p2b: Iron Hands|77\/100|[from] drain|[of] p1a: Vikavolt\n|faint|p1a: Vikavolt\n|\n|-weather|RainDance|[upkeep]\n|upkeep\n|inactive|VillainArK has 120 seconds left.\n|\n|t:|1698792393\n|switch|p1a: Goodra|Goodra, M|100\/100\n|turn|15\n|\n|t:|1698792404\n|move|p1a: Goodra|Knock Off|p2b: Iron Hands\n|-resisted|p2b: Iron Hands\n|-damage|p2b: Iron Hands|68\/100\n|-enditem|p2b: Iron Hands|Assault Vest|[from] move: Knock Off|[of] p1a: Goodra\n|move|p1b: Pelipper|Tailwind|p1b: Pelipper\n|-sidestart|p1: VillainArK|move: Tailwind\n|move|p2b: Iron Hands|Drain Punch|p1b: Pelipper\n|-crit|p1b: Pelipper\n|-damage|p1b: Pelipper|0 fnt\n|-heal|p2b: Iron Hands|70\/100|[from] drain|[of] p1b: Pelipper\n|faint|p1b: Pelipper\n|\n|-weather|RainDance|[upkeep]\n|upkeep\n|\n|t:|1698792415\n|switch|p1b: Quagsire|Quagsire, F|62\/100\n|turn|16\n|\n|t:|1698792424\n|move|p1a: Goodra|Weather Ball|p2b: Iron Hands\n|-damage|p2b: Iron Hands|11\/100\n|move|p1b: Quagsire|Recover|p1b: Quagsire\n|-heal|p1b: Quagsire|100\/100\n|move|p2b: Iron Hands|Drain Punch|p1b: Quagsire\n|-damage|p1b: Quagsire|72\/100\n|-heal|p2b: Iron Hands|24\/100|[from] drain|[of] p1b: Quagsire\n|\n|-weather|none\n|-heal|p1b: Quagsire|78\/100|[from] item: Leftovers\n|upkeep\n|turn|17\n|\n|t:|1698792439\n|move|p1a: Goodra|Dragon Pulse|p2b: Iron Hands\n|-damage|p2b: Iron Hands|0 fnt\n|faint|p2b: Iron Hands\n|-end|p2b: Iron Hands|Quark Drive|[silent]\n|\n|win|VillainArK\n|raw|VillainArK's rating: 1149 &rarr; <strong>1172<\/strong><br \/>(+23 for winning)\n|raw|uuuggg's rating: 1125 &rarr; <strong>1102<\/strong><br \/>(-23 for losing)\n|l|\u2606uuuggg\n|c|\u2606VillainArK|gg\n","uploadtime":1698792453,"views":22,"p1id":"villainark","p2id":"uuuggg","formatid":"gen9doublesou","rating":1102,"private":0,"password":""}