{"id":"gen9doublesou-1983539452","p1":"Tanaka21","p2":"Chayansito","format":"[Gen 9] Doubles OU","log":"|j|\u2606Tanaka21\n|j|\u2606Chayansito\n|t:|1699141150\n|gametype|doubles\n|player|p1|Tanaka21|cynthia|1268\n|player|p2|Chayansito|n|1314\n|teamsize|p1|6\n|teamsize|p2|6\n|gen|9\n|tier|[Gen 9] Doubles OU\n|rated|\n|rule|Species Clause: Limit one of each Pok\u00e9mon\n|rule|OHKO Clause: OHKO moves are banned\n|rule|Evasion Moves Clause: Evasion moves are banned\n|rule|Gravity Sleep Clause: The combination of sleep-inducing moves with imperfect accuracy and Gravity or Gigantamax Orbeetle are banned\n|rule|Endless Battle Clause: Forcing endless battles is banned\n|rule|HP Percentage Mod: HP is shown in percentages\n|clearpoke\n|poke|p1|Glimmora, M|\n|poke|p1|Toxtricity, F|\n|poke|p1|Chi-Yu|\n|poke|p1|Samurott-Hisui, M|\n|poke|p1|Tornadus, M|\n|poke|p1|Clefairy, M|\n|poke|p2|Chien-Pao|\n|poke|p2|Flutter Mane|\n|poke|p2|Landorus-Therian, M|\n|poke|p2|Gholdengo|\n|poke|p2|Garganacl, M|\n|poke|p2|Ogerpon-Hearthflame, F|\n|teampreview\n|inactive|Battle timer is ON: inactive players will automatically lose when time's up. (requested by Chayansito)\n|inactive|Chayansito has 120 seconds left.\n|\n|t:|1699141182\n|start\n|switch|p1a: Glimmora|Glimmora, M|100\/100\n|switch|p1b: Tornadus|Tornadus, M|100\/100\n|switch|p2a: Chien-Pao|Chien-Pao|100\/100\n|switch|p2b: Garganacl|Garganacl, M|100\/100\n|-ability|p2a: Chien-Pao|Sword of Ruin\n|turn|1\n|\n|t:|1699141208\n|move|p1b: Tornadus|Protect|p1b: Tornadus\n|-singleturn|p1b: Tornadus|Protect\n|move|p2a: Chien-Pao|Icicle Crash|p1b: Tornadus\n|-activate|p1b: Tornadus|move: Protect\n|move|p1a: Glimmora|Stealth Rock|p2a: Chien-Pao\n|-sidestart|p2: Chayansito|move: Stealth Rock\n|move|p2b: Garganacl|Salt Cure|p1a: Glimmora\n|-damage|p1a: Glimmora|86\/100\n|-start|p1a: Glimmora|Salt Cure\n|-activate|p1a: Glimmora|ability: Toxic Debris\n|-sidestart|p2: Chayansito|move: Toxic Spikes\n|\n|-heal|p1a: Glimmora|93\/100|[from] item: Leftovers\n|-damage|p1a: Glimmora|80\/100|[from] Salt Cure\n|upkeep\n|turn|2\n|\n|t:|1699141232\n|switch|p1b: Clefairy|Clefairy, M|100\/100\n|move|p2a: Chien-Pao|Icicle Crash|p1b: Clefairy\n|-damage|p1b: Clefairy|48\/100\n|move|p1a: Glimmora|Mortal Spin|p2b: Garganacl|[spread] p2a,p2b\n|-resisted|p2b: Garganacl\n|-damage|p2a: Chien-Pao|95\/100\n|-damage|p2b: Garganacl|98\/100\n|-status|p2a: Chien-Pao|psn\n|-status|p2b: Garganacl|psn\n|move|p2b: Garganacl|Salt Cure|p1a: Glimmora\n|-damage|p1a: Glimmora|69\/100\n|-activate|p1a: Glimmora|ability: Toxic Debris\n|-sidestart|p2: Chayansito|move: Toxic Spikes\n|\n|-heal|p1a: Glimmora|75\/100|[from] item: Leftovers\n|-heal|p2b: Garganacl|100\/100 psn|[from] item: Leftovers\n|-damage|p2a: Chien-Pao|83\/100 psn|[from] psn\n|-damage|p2b: Garganacl|88\/100 psn|[from] psn\n|-damage|p1a: Glimmora|62\/100|[from] Salt Cure\n|upkeep\n|turn|3\n|\n|t:|1699141260\n|switch|p1b: Samurott|Samurott-Hisui, M|100\/100\n|move|p2a: Chien-Pao|Icicle Crash|p1b: Samurott\n|-resisted|p1b: Samurott\n|-damage|p1b: Samurott|69\/100\n|move|p1a: Glimmora|Power Gem|p2a: Chien-Pao\n|-supereffective|p2a: Chien-Pao\n|-damage|p2a: Chien-Pao|0 fnt\n|faint|p2a: Chien-Pao\n|move|p2b: Garganacl|Body Press|p1a: Glimmora\n|-damage|p1a: Glimmora|46\/100\n|\n|-heal|p1a: Glimmora|52\/100|[from] item: Leftovers\n|-heal|p2b: Garganacl|94\/100 psn|[from] item: Leftovers\n|-damage|p2b: Garganacl|82\/100 psn|[from] psn\n|-damage|p1a: Glimmora|40\/100|[from] Salt Cure\n|upkeep\n|inactive|Chayansito has 120 seconds left.\n|\n|t:|1699141285\n|switch|p2a: Ogerpon|Ogerpon-Hearthflame, F|100\/100\n|-damage|p2a: Ogerpon|76\/100|[from] Stealth Rock\n|-status|p2a: Ogerpon|tox\n|-ability|p2a: Ogerpon|Mold Breaker\n|turn|4\n|inactive|Chayansito has 120 seconds left.\n|\n|t:|1699141310\n|move|p2a: Ogerpon|Horn Leech|p1a: Glimmora\n|-damage|p1a: Glimmora|8\/100\n|-heal|p2a: Ogerpon|95\/100 tox|[from] drain|[of] p1a: Glimmora\n|move|p1b: Samurott|Ceaseless Edge|p2a: Ogerpon\n|-damage|p2a: Ogerpon|37\/100 tox\n|-sidestart|p2: Chayansito|Spikes\n|move|p1a: Glimmora|Power Gem|p2a: Ogerpon\n|-supereffective|p2a: Ogerpon\n|-damage|p2a: Ogerpon|0 fnt\n|faint|p2a: Ogerpon\n|move|p2b: Garganacl|Salt Cure|p1b: Samurott\n|-damage|p1b: Samurott|52\/100\n|-start|p1b: Samurott|Salt Cure\n|\n|-heal|p1a: Glimmora|14\/100|[from] item: Leftovers\n|-heal|p2b: Garganacl|88\/100 psn|[from] item: Leftovers\n|-damage|p2b: Garganacl|76\/100 psn|[from] psn\n|-damage|p1b: Samurott|27\/100|[from] Salt Cure\n|-damage|p1a: Glimmora|2\/100|[from] Salt Cure\n|upkeep\n|\n|t:|1699141335\n|switch|p2a: Gholdengo|Gholdengo|100\/100\n|-damage|p2a: Gholdengo|94\/100|[from] Stealth Rock\n|-item|p2a: Gholdengo|Air Balloon\n|turn|5\n|\n|t:|1699141351\n|move|p2a: Gholdengo|Protect|p2a: Gholdengo\n|-singleturn|p2a: Gholdengo|Protect\n|move|p1b: Samurott|Ceaseless Edge|p2a: Gholdengo\n|-activate|p2a: Gholdengo|move: Protect\n|move|p1a: Glimmora|Power Gem|p2a: Gholdengo\n|-activate|p2a: Gholdengo|move: Protect\n|move|p2b: Garganacl|Salt Cure|p1b: Samurott\n|-damage|p1b: Samurott|9\/100\n|\n|-heal|p1a: Glimmora|8\/100|[from] item: Leftovers\n|-heal|p2b: Garganacl|82\/100 psn|[from] item: Leftovers\n|-damage|p2b: Garganacl|70\/100 psn|[from] psn\n|-damage|p1b: Samurott|0 fnt|[from] Salt Cure\n|faint|p1b: Samurott\n|-damage|p1a: Glimmora|0 fnt|[from] Salt Cure\n|faint|p1a: Glimmora\n|upkeep\n|\n|t:|1699141360\n|switch|p1b: Tornadus|Tornadus, M|100\/100\n|switch|p1a: Chi-Yu|Chi-Yu|100\/100\n|-ability|p1a: Chi-Yu|Beads of Ruin\n|turn|6\n|inactive|Chayansito has 120 seconds left.\n|\n|t:|1699141394\n|move|p1b: Tornadus|Bleakwind Storm|p2b: Garganacl|[spread] p2a\n|-miss|p1b: Tornadus|p2b: Garganacl\n|-resisted|p2a: Gholdengo\n|-damage|p2a: Gholdengo|59\/100\n|-enditem|p2a: Gholdengo|Air Balloon\n|move|p1a: Chi-Yu|Nasty Plot|p1a: Chi-Yu\n|-boost|p1a: Chi-Yu|spa|2\n|move|p2a: Gholdengo|Make It Rain|p1b: Tornadus|[spread] p1a,p1b\n|-resisted|p1a: Chi-Yu\n|-damage|p1a: Chi-Yu|75\/100\n|-damage|p1b: Tornadus|13\/100\n|-unboost|p2a: Gholdengo|spa|1\n|move|p2b: Garganacl|Salt Cure|p1a: Chi-Yu\n|-supereffective|p1a: Chi-Yu\n|-damage|p1a: Chi-Yu|31\/100\n|-start|p1a: Chi-Yu|Salt Cure\n|\n|-heal|p2b: Garganacl|76\/100 psn|[from] item: Leftovers\n|-damage|p2b: Garganacl|63\/100 psn|[from] psn\n|-damage|p1a: Chi-Yu|18\/100|[from] Salt Cure\n|upkeep\n|turn|7\n|inactive|Chayansito has 120 seconds left.\n|\n|t:|1699141424\n|move|p1b: Tornadus|Tailwind|p1b: Tornadus\n|-sidestart|p1: Tanaka21|move: Tailwind\n|move|p1a: Chi-Yu|Flamethrower|p2a: Gholdengo\n|-supereffective|p2a: Gholdengo\n|-damage|p2a: Gholdengo|0 fnt\n|faint|p2a: Gholdengo\n|-damage|p1a: Chi-Yu|8\/100|[from] item: Life Orb\n|move|p2b: Garganacl|Recover|p2b: Garganacl\n|-heal|p2b: Garganacl|100\/100 psn\n|\n|-damage|p2b: Garganacl|88\/100 psn|[from] psn\n|-damage|p1a: Chi-Yu|0 fnt|[from] Salt Cure\n|faint|p1a: Chi-Yu\n|upkeep\n|inactive|Chayansito has 120 seconds left.\n|\n|t:|1699141444\n|switch|p1a: Toxtricity|Toxtricity, F|100\/100\n|switch|p2a: Landorus|Landorus-Therian, M|100\/100\n|-damage|p2a: Landorus|88\/100|[from] Stealth Rock\n|-ability|p2a: Landorus|Intimidate|boost\n|-unboost|p1a: Toxtricity|atk|1\n|-unboost|p1b: Tornadus|atk|1\n|turn|8\n|\n|t:|1699141473\n|-terastallize|p1a: Toxtricity|Poison\n|move|p1b: Tornadus|Bleakwind Storm|p2b: Garganacl|[spread] p2a,p2b\n|-resisted|p2b: Garganacl\n|-damage|p2a: Landorus|30\/100\n|-damage|p2b: Garganacl|75\/100 psn\n|move|p1a: Toxtricity|Venoshock|p2b: Garganacl\n|-resisted|p2b: Garganacl\n|-damage|p2b: Garganacl|47\/100 psn\n|move|p2a: Landorus|Stomping Tantrum|p1a: Toxtricity\n|-supereffective|p1a: Toxtricity\n|-damage|p1a: Toxtricity|0 fnt\n|faint|p1a: Toxtricity\n|move|p2b: Garganacl|Salt Cure|p1b: Tornadus\n|-supereffective|p1b: Tornadus\n|-damage|p1b: Tornadus|0 fnt\n|faint|p1b: Tornadus\n|\n|-heal|p2b: Garganacl|53\/100 psn|[from] item: Leftovers\n|-damage|p2b: Garganacl|41\/100 psn|[from] psn\n|upkeep\n|inactive|Tanaka21 has 120 seconds left.\n|\n|t:|1699141493\n|switch|p1a: Clefairy|Clefairy, M|48\/100\n|turn|9\n|c|\u2606Chayansito|Gg men\n|inactive|Tanaka21 has 120 seconds left.\n|inactive|Tanaka21 has 90 seconds left.\n|\n|t:|1699141550\n|move|p2a: Landorus|Stomping Tantrum|p1a: Clefairy\n|-damage|p1a: Clefairy|7\/100\n|move|p1a: Clefairy|Heal Pulse|p2a: Landorus\n|-heal|p2a: Landorus|80\/100\n|move|p2b: Garganacl|Salt Cure|p1a: Clefairy\n|-damage|p1a: Clefairy|0 fnt\n|faint|p1a: Clefairy\n|\n|win|Chayansito\n|raw|Tanaka21's rating: 1268 &rarr; <strong>1246<\/strong><br \/>(-22 for losing)\n|raw|Chayansito's rating: 1314 &rarr; <strong>1331<\/strong><br \/>(+17 for winning)\n","uploadtime":1699141554,"views":9,"p1id":"tanaka21","p2id":"chayansito","formatid":"gen9doublesou","rating":1246,"private":0,"password":""}