{"id":"gen9doublesou-1992325241","p1":"Franz Ferdiswag","p2":"Metal Jester","format":"[Gen 9] Doubles OU","log":"|j|\u2606Franz Ferdiswag\n|j|\u2606Metal Jester\n|t:|1700174863\n|gametype|doubles\n|player|p1|Franz Ferdiswag|acetrainer-gen4dp|1463\n|player|p2|Metal Jester|ingo|1401\n|teamsize|p1|6\n|teamsize|p2|6\n|gen|9\n|tier|[Gen 9] Doubles OU\n|rated|\n|rule|Species Clause: Limit one of each Pok\u00e9mon\n|rule|OHKO Clause: OHKO moves are banned\n|rule|Evasion Moves Clause: Evasion moves are banned\n|rule|Gravity Sleep Clause: The combination of sleep-inducing moves with imperfect accuracy and Gravity or Gigantamax Orbeetle are banned\n|rule|Endless Battle Clause: Forcing endless battles is banned\n|rule|HP Percentage Mod: HP is shown in percentages\n|clearpoke\n|poke|p1|Wo-Chien|\n|poke|p1|Garganacl, M|\n|poke|p1|Gliscor, F|\n|poke|p1|Glimmora, F|\n|poke|p1|Hoopa-Unbound|\n|poke|p1|Goodra-Hisui, M|\n|poke|p2|Scizor, M|\n|poke|p2|Scyther, M|\n|poke|p2|Kleavor, M|\n|poke|p2|Vivillon-Fancy, F|\n|poke|p2|Great Tusk|\n|poke|p2|Barraskewda, M|\n|teampreview\n|inactive|Battle timer is ON: inactive players will automatically lose when time's up. (requested by Metal Jester)\n|inactive|Franz Ferdiswag has 120 seconds left.\n|\n|t:|1700174923\n|start\n|switch|p1a: Glimmora|Glimmora, F|100\/100\n|switch|p1b: Hoopa|Hoopa-Unbound|100\/100\n|switch|p2a: Vivillon|Vivillon-Fancy, F|100\/100\n|switch|p2b: Barraskewda|Barraskewda, M, shiny|100\/100\n|turn|1\n|\n|t:|1700174940\n|move|p1b: Hoopa|Psychic|p2b: Barraskewda\n|-damage|p2b: Barraskewda|0 fnt\n|faint|p2b: Barraskewda\n|move|p2a: Vivillon|Pollen Puff|p1b: Hoopa\n|-supereffective|p1b: Hoopa\n|-damage|p1b: Hoopa|0 fnt\n|faint|p1b: Hoopa\n|move|p1a: Glimmora|Mortal Spin|p2a: Vivillon\n|-damage|p2a: Vivillon|87\/100\n|-status|p2a: Vivillon|psn\n|\n|-damage|p2a: Vivillon|75\/100 psn|[from] psn\n|upkeep\n|\n|t:|1700174952\n|switch|p2b: Scyther|Scyther, M|100\/100\n|switch|p1b: Gliscor|Gliscor, F, shiny|100\/100\n|turn|2\n|\n|t:|1700174964\n|move|p2b: Scyther|Tailwind|p2b: Scyther\n|-sidestart|p2: Metal Jester|move: Tailwind\n|move|p2a: Vivillon|Sleep Powder|p1b: Gliscor\n|-status|p1b: Gliscor|slp|[from] move: Sleep Powder\n|move|p1a: Glimmora|Power Gem|p2b: Scyther\n|-supereffective|p2b: Scyther\n|-damage|p2b: Scyther|0 fnt\n|faint|p2b: Scyther\n|cant|p1b: Gliscor|slp\n|\n|-damage|p2a: Vivillon|63\/100 psn|[from] psn\n|upkeep\n|\n|t:|1700174975\n|switch|p2b: Scizor|Scizor, M|100\/100\n|turn|3\n|\n|t:|1700174981\n|move|p2a: Vivillon|Sleep Powder|p1a: Glimmora\n|-status|p1a: Glimmora|slp|[from] move: Sleep Powder\n|move|p2b: Scizor|Swords Dance|p2b: Scizor\n|-boost|p2b: Scizor|atk|2\n|cant|p1a: Glimmora|slp\n|cant|p1b: Gliscor|slp\n|\n|-damage|p2a: Vivillon|50\/100 psn|[from] psn\n|upkeep\n|turn|4\n|\n|t:|1700174995\n|move|p2a: Vivillon|Quiver Dance|p2a: Vivillon\n|-boost|p2a: Vivillon|spa|1\n|-boost|p2a: Vivillon|spd|1\n|-boost|p2a: Vivillon|spe|1\n|move|p2b: Scizor|Swords Dance|p2b: Scizor\n|-boost|p2b: Scizor|atk|2\n|cant|p1a: Glimmora|slp\n|-curestatus|p1b: Gliscor|slp|[msg]\n|move|p1b: Gliscor|Knock Off|p2b: Scizor\n|-damage|p2b: Scizor|79\/100\n|-enditem|p2b: Scizor|Life Orb|[from] move: Knock Off|[of] p1b: Gliscor\n|\n|-damage|p2a: Vivillon|38\/100 psn|[from] psn\n|-status|p1b: Gliscor|tox|[from] item: Toxic Orb\n|upkeep\n|turn|5\n|\n|t:|1700175009\n|move|p2b: Scizor|Bullet Punch|p1b: Gliscor\n|-damage|p1b: Gliscor|42\/100 tox\n|move|p2a: Vivillon|Hurricane|p1b: Gliscor\n|-damage|p1b: Gliscor|0 fnt\n|faint|p1b: Gliscor\n|-curestatus|p1a: Glimmora|slp|[msg]\n|move|p1a: Glimmora|Power Gem|p2a: Vivillon\n|-supereffective|p2a: Vivillon\n|-damage|p2a: Vivillon|0 fnt\n|faint|p2a: Vivillon\n|\n|-sideend|p2: Metal Jester|move: Tailwind\n|upkeep\n|\n|t:|1700175018\n|switch|p2a: Great Tusk|Great Tusk|100\/100\n|switch|p1b: Garganacl|Garganacl, M|100\/100\n|-enditem|p2a: Great Tusk|Booster Energy\n|-activate|p2a: Great Tusk|ability: Protosynthesis|[fromitem]\n|-start|p2a: Great Tusk|protosynthesisatk\n|turn|6\n|\n|t:|1700175034\n|-terastallize|p2a: Great Tusk|Steel\n|-terastallize|p1b: Garganacl|Ghost\n|move|p2b: Scizor|Bullet Punch|p1b: Garganacl\n|-damage|p1b: Garganacl|51\/100\n|move|p2a: Great Tusk|Headlong Rush|p1b: Garganacl\n|-damage|p1b: Garganacl|7\/100\n|-unboost|p2a: Great Tusk|def|1\n|-unboost|p2a: Great Tusk|spd|1\n|move|p1a: Glimmora|Mortal Spin|p2b: Scizor|[spread] \n|-immune|p2a: Great Tusk\n|-immune|p2b: Scizor\n|move|p1b: Garganacl|Salt Cure|p2b: Scizor\n|-damage|p2b: Scizor|67\/100\n|-start|p2b: Scizor|Salt Cure\n|\n|-heal|p1b: Garganacl|13\/100|[from] item: Leftovers\n|-damage|p2b: Scizor|42\/100|[from] Salt Cure\n|upkeep\n|turn|7\n|\n|t:|1700175057\n|move|p2b: Scizor|Bullet Punch|p1b: Garganacl\n|-damage|p1b: Garganacl|0 fnt\n|faint|p1b: Garganacl\n|move|p2a: Great Tusk|Headlong Rush|p1a: Glimmora\n|-supereffective|p1a: Glimmora\n|-enditem|p1a: Glimmora|Focus Sash\n|-damage|p1a: Glimmora|1\/100\n|-unboost|p2a: Great Tusk|def|1\n|-unboost|p2a: Great Tusk|spd|1\n|-activate|p1a: Glimmora|ability: Toxic Debris\n|-sidestart|p2: Metal Jester|move: Toxic Spikes\n|move|p1a: Glimmora|Toxic Spikes|p2b: Scizor\n|-sidestart|p2: Metal Jester|move: Toxic Spikes\n|\n|-damage|p2b: Scizor|17\/100|[from] Salt Cure\n|upkeep\n|\n|t:|1700175065\n|switch|p1b: Wo-Chien|Wo-Chien|100\/100\n|-ability|p1b: Wo-Chien|Tablets of Ruin\n|turn|8\n|\n|t:|1700175070\n|move|p1b: Wo-Chien|Protect|p1b: Wo-Chien\n|-singleturn|p1b: Wo-Chien|Protect\n|move|p2b: Scizor|Bullet Punch|p1a: Glimmora\n|-supereffective|p1a: Glimmora\n|-damage|p1a: Glimmora|0 fnt\n|faint|p1a: Glimmora\n|move|p2a: Great Tusk|Close Combat|p1b: Wo-Chien\n|-activate|p1b: Wo-Chien|move: Protect\n|\n|-damage|p2b: Scizor|0 fnt|[from] Salt Cure\n|faint|p2b: Scizor\n|upkeep\n|\n|t:|1700175080\n|switch|p1a: Goodra|Goodra-Hisui, M|100\/100\n|switch|p2b: Kleavor|Kleavor, M, shiny|100\/100\n|-status|p2b: Kleavor|tox\n|turn|9\n|\n|t:|1700175095\n|move|p2a: Great Tusk|Headlong Rush|p1a: Goodra\n|-supereffective|p1a: Goodra\n|-damage|p1a: Goodra|0 fnt\n|-unboost|p2a: Great Tusk|def|1\n|-unboost|p2a: Great Tusk|spd|1\n|faint|p1a: Goodra\n|move|p2b: Kleavor|X-Scissor|p1b: Wo-Chien\n|-supereffective|p1b: Wo-Chien\n|-damage|p1b: Wo-Chien|0 fnt\n|faint|p1b: Wo-Chien\n|-damage|p2b: Kleavor|91\/100 tox|[from] item: Life Orb\n|\n|win|Metal Jester\n|raw|Franz Ferdiswag's rating: 1463 &rarr; <strong>1439<\/strong><br \/>(-24 for losing)\n|raw|Metal Jester's rating: 1401 &rarr; <strong>1425<\/strong><br \/>(+24 for winning)\n|l|\u2606Franz Ferdiswag\n","uploadtime":1700175112,"views":14,"p1id":"franzferdiswag","p2id":"metaljester","formatid":"gen9doublesou","rating":1425,"private":0,"password":""}