{"id":"gen9doublesou-1976126751","p1":"bigger bagel","p2":"thejay1224","format":"[Gen 9] Doubles OU","log":"|j|\u2606bigger bagel\n|j|\u2606thejay1224\n|t:|1698265969\n|gametype|doubles\n|player|p1|bigger bagel|266|1282\n|player|p2|thejay1224|2|1227\n|teamsize|p1|6\n|teamsize|p2|6\n|gen|9\n|tier|[Gen 9] Doubles OU\n|rated|\n|rule|Species Clause: Limit one of each Pok\u00e9mon\n|rule|OHKO Clause: OHKO moves are banned\n|rule|Evasion Moves Clause: Evasion moves are banned\n|rule|Gravity Sleep Clause: The combination of sleep-inducing moves with imperfect accuracy and Gravity or Gigantamax Orbeetle are banned\n|rule|Endless Battle Clause: Forcing endless battles is banned\n|rule|HP Percentage Mod: HP is shown in percentages\n|clearpoke\n|poke|p1|Amoonguss, F|\n|poke|p1|Sableye, F|\n|poke|p1|Charizard, M|\n|poke|p1|Roaring Moon|\n|poke|p1|Torkoal, F|\n|poke|p1|Regieleki|\n|poke|p2|Ambipom, M|\n|poke|p2|Dedenne, F|\n|poke|p2|Chi-Yu|\n|poke|p2|Hydreigon, M|\n|poke|p2|Landorus-Therian, M|\n|poke|p2|Volcanion|\n|teampreview\n|\n|t:|1698265994\n|start\n|switch|p1a: Amoonguss|Amoonguss, F|100\/100\n|switch|p1b: Sableye|Sableye, F|100\/100\n|switch|p2a: Hydreigon|Hydreigon, M|100\/100\n|switch|p2b: Landorus|Landorus-Therian, M|100\/100\n|-ability|p2b: Landorus|Intimidate|boost\n|-unboost|p1a: Amoonguss|atk|1\n|-unboost|p1b: Sableye|atk|1\n|turn|1\n|\n|t:|1698266018\n|switch|p2b: Volcanion|Volcanion|100\/100\n|move|p1b: Sableye|Fake Out|p2b: Volcanion\n|-damage|p2b: Volcanion|96\/100\n|move|p2a: Hydreigon|Draco Meteor|p1b: Sableye\n|-enditem|p1b: Sableye|Focus Sash\n|-damage|p1b: Sableye|1\/100\n|-unboost|p2a: Hydreigon|spa|2\n|move|p1a: Amoonguss|Spore|p2b: Volcanion\n|-status|p2b: Volcanion|slp|[from] move: Spore\n|\n|upkeep\n|turn|2\n|inactive|Battle timer is ON: inactive players will automatically lose when time's up. (requested by bigger bagel)\n|\n|t:|1698266056\n|switch|p2b: Landorus|Landorus-Therian, M|100\/100\n|-ability|p2b: Landorus|Intimidate|boost\n|-unboost|p1a: Amoonguss|atk|1\n|-unboost|p1b: Sableye|atk|1\n|move|p1b: Sableye|Skill Swap|p1a: Amoonguss\n|-activate|p1b: Sableye|move: Skill Swap|||[of] p1a: Amoonguss\n|move|p1a: Amoonguss|Spore|p2a: Hydreigon\n|-hint|Since gen 7, Dark is immune to Prankster moves.\n|-immune|p2a: Hydreigon\n|move|p2a: Hydreigon|Draco Meteor|p1b: Sableye\n|-damage|p1b: Sableye|0 fnt\n|-unboost|p2a: Hydreigon|spa|2\n|faint|p1b: Sableye\n|\n|upkeep\n|c|\u2606thejay1224|lol\n|inactive|bigger bagel has 120 seconds left.\n|\n|t:|1698266087\n|switch|p1b: Charizard|Charizard, M|100\/100\n|turn|3\n|c|\u2606thejay1224|nice set, but it ha fla\n|\n|t:|1698266099\n|switch|p2b: Chi-Yu|Chi-Yu|100\/100\n|-ability|p2b: Chi-Yu|Beads of Ruin\n|move|p1a: Amoonguss|Spore|p2b: Chi-Yu\n|-hint|Since gen 7, Dark is immune to Prankster moves.\n|-immune|p2b: Chi-Yu\n|move|p1b: Charizard|Dragon Pulse|p2a: Hydreigon\n|-supereffective|p2a: Hydreigon\n|-damage|p2a: Hydreigon|0 fnt\n|faint|p2a: Hydreigon\n|\n|upkeep\n|\n|t:|1698266110\n|switch|p2a: Ambipom|Ambipom, M|100\/100\n|turn|4\n|\n|t:|1698266126\n|move|p2a: Ambipom|Fake Out|p1a: Amoonguss\n|-damage|p1a: Amoonguss|85\/100\n|-damage|p2a: Ambipom|84\/100|[from] item: Rocky Helmet|[of] p1a: Amoonguss\n|cant|p1a: Amoonguss|flinch\n|move|p2b: Chi-Yu|Heat Wave|p1b: Charizard|[spread] p1a,p1b\n|-supereffective|p1a: Amoonguss\n|-resisted|p1b: Charizard\n|-damage|p1a: Amoonguss|11\/100\n|-damage|p1b: Charizard|64\/100\n|move|p1b: Charizard|Dragon Pulse|p2b: Chi-Yu\n|-damage|p2b: Chi-Yu|57\/100\n|\n|upkeep\n|turn|5\n|\n|t:|1698266149\n|switch|p2a: Volcanion|Volcanion|96\/100 slp\n|move|p1a: Amoonguss|Spore|p2a: Volcanion\n|-fail|p2a: Volcanion|slp\n|move|p2b: Chi-Yu|Heat Wave|p1a: Amoonguss|[spread] p1a,p1b\n|-supereffective|p1a: Amoonguss\n|-resisted|p1b: Charizard\n|-damage|p1a: Amoonguss|0 fnt\n|-damage|p1b: Charizard|30\/100\n|faint|p1a: Amoonguss\n|move|p1b: Charizard|Dragon Pulse|p2b: Chi-Yu\n|-damage|p2b: Chi-Yu|9\/100\n|\n|upkeep\n|inactive|bigger bagel has 120 seconds left.\n|\n|t:|1698266169\n|switch|p1a: Roaring Moon|Roaring Moon|100\/100\n|turn|6\n|\n|t:|1698266182\n|switch|p2b: Dedenne|Dedenne, F|100\/100\n|switch|p1b: Torkoal|Torkoal, F, shiny|100\/100\n|-weather|SunnyDay|[from] ability: Drought|[of] p1b: Torkoal\n|-activate|p1a: Roaring Moon|ability: Protosynthesis\n|-start|p1a: Roaring Moon|protosynthesisatk\n|move|p1a: Roaring Moon|Breaking Swipe|p2a: Volcanion|[spread] p2a\n|-immune|p2b: Dedenne\n|-damage|p2a: Volcanion|69\/100 slp\n|-unboost|p2a: Volcanion|atk|1\n|cant|p2a: Volcanion|slp\n|\n|-weather|SunnyDay|[upkeep]\n|upkeep\n|turn|7\n|inactive|bigger bagel has 120 seconds left.\n|\n|t:|1698266218\n|switch|p2b: Landorus|Landorus-Therian, M|100\/100\n|-ability|p2b: Landorus|Intimidate|boost\n|-fail|p1a: Roaring Moon|unboost|[from] item: Clear Amulet|[of] p1a: Roaring Moon\n|-unboost|p1b: Torkoal|atk|1\n|move|p1a: Roaring Moon|Protect|p1a: Roaring Moon\n|-singleturn|p1a: Roaring Moon|Protect\n|cant|p2a: Volcanion|slp\n|move|p1b: Torkoal|Eruption|p2b: Landorus|[spread] p2a,p2b\n|-resisted|p2a: Volcanion\n|-damage|p2a: Volcanion|56\/100 slp\n|-damage|p2b: Landorus|4\/100\n|\n|-weather|SunnyDay|[upkeep]\n|upkeep\n|turn|8\n|inactive|bigger bagel has 120 seconds left.\n|\n|t:|1698266245\n|move|p1b: Torkoal|Helping Hand|p1a: Roaring Moon\n|-singleturn|p1a: Roaring Moon|Helping Hand|[of] p1b: Torkoal\n|move|p1a: Roaring Moon|Breaking Swipe|p2a: Volcanion|[spread] p2a,p2b\n|-damage|p2a: Volcanion|16\/100 slp\n|-damage|p2b: Landorus|0 fnt\n|-unboost|p2a: Volcanion|atk|1\n|faint|p2b: Landorus\n|-curestatus|p2a: Volcanion|slp|[msg]\n|move|p2a: Volcanion|Earthquake|p1a: Roaring Moon|[spread] p1a,p1b\n|-supereffective|p1b: Torkoal\n|-damage|p1a: Roaring Moon|89\/100\n|-damage|p1b: Torkoal|85\/100\n|\n|-weather|SunnyDay|[upkeep]\n|upkeep\n|\n|t:|1698266259\n|switch|p2b: Chi-Yu|Chi-Yu|9\/100\n|-ability|p2b: Chi-Yu|Beads of Ruin\n|turn|9\n|\n|t:|1698266277\n|move|p2b: Chi-Yu|Overheat|p1a: Roaring Moon\n|-resisted|p1a: Roaring Moon\n|-damage|p1a: Roaring Moon|25\/100\n|-unboost|p2b: Chi-Yu|spa|2\n|move|p1a: Roaring Moon|Breaking Swipe|p2a: Volcanion|[spread] p2a,p2b\n|-damage|p2a: Volcanion|0 fnt\n|-damage|p2b: Chi-Yu|0 fnt\n|faint|p2a: Volcanion\n|faint|p2b: Chi-Yu\n|move|p1b: Torkoal|Eruption|p2: Volcanion|[notarget]\n|-fail|p1b: Torkoal\n|\n|-weather|SunnyDay|[upkeep]\n|upkeep\n|\n|t:|1698266297\n|switch|p2b: Dedenne|Dedenne, F|100\/100\n|switch|p2a: Ambipom|Ambipom, M|84\/100\n|turn|10\n|\n|t:|1698266323\n|move|p1a: Roaring Moon|Protect|p1a: Roaring Moon\n|-singleturn|p1a: Roaring Moon|Protect\n|move|p2a: Ambipom|Fake Out|p1a: Roaring Moon\n|-activate|p1a: Roaring Moon|move: Protect\n|move|p2b: Dedenne|Trailblaze|p1b: Torkoal\n|-resisted|p1b: Torkoal\n|-damage|p1b: Torkoal|82\/100\n|-boost|p2b: Dedenne|spe|1\n|move|p1b: Torkoal|Solar Beam||[still]\n|-prepare|p1b: Torkoal|Solar Beam\n|-anim|p1b: Torkoal|Solar Beam|p2b: Dedenne\n|-damage|p2b: Dedenne|50\/100\n|\n|-weather|none\n|-end|p1a: Roaring Moon|Protosynthesis\n|upkeep\n|turn|11\n|inactive|bigger bagel has 120 seconds left.\n|\n|t:|1698266354\n|move|p2b: Dedenne|Fling|p1a: Roaring Moon\n|-resisted|p1a: Roaring Moon\n|-damage|p1a: Roaring Moon|22\/100\n|-enditem|p2b: Dedenne|King's Rock|[from] move: Fling\n|move|p2a: Ambipom|Fling|p1b: Torkoal\n|-damage|p1b: Torkoal|74\/100\n|-enditem|p2a: Ambipom|King's Rock|[from] move: Fling\n|cant|p1a: Roaring Moon|flinch\n|cant|p1b: Torkoal|flinch\n|\n|-item|p2b: Dedenne|King's Rock|[from] ability: Pickup\n|-item|p2a: Ambipom|King's Rock|[from] ability: Pickup\n|upkeep\n|turn|12\n|inactive|bigger bagel has 120 seconds left.\n|\n|t:|1698266393\n|move|p2b: Dedenne|Fling|p1a: Roaring Moon\n|-resisted|p1a: Roaring Moon\n|-damage|p1a: Roaring Moon|19\/100\n|-enditem|p2b: Dedenne|King's Rock|[from] move: Fling\n|move|p2a: Ambipom|Fling|p1b: Torkoal\n|-damage|p1b: Torkoal|67\/100\n|-enditem|p2a: Ambipom|King's Rock|[from] move: Fling\n|cant|p1a: Roaring Moon|flinch\n|cant|p1b: Torkoal|flinch\n|\n|-item|p2b: Dedenne|King's Rock|[from] ability: Pickup\n|-item|p2a: Ambipom|King's Rock|[from] ability: Pickup\n|upkeep\n|turn|13\n|inactive|bigger bagel has 120 seconds left.\n|inactive|thejay1224 has 120 seconds left.\n|\n|t:|1698266428\n|-end|p1a: Roaring Moon|Protosynthesis|[silent]\n|switch|p1a: Regieleki|Regieleki|100\/100\n|move|p1b: Torkoal|Protect|p1b: Torkoal\n|-singleturn|p1b: Torkoal|Protect\n|move|p2b: Dedenne|Trailblaze|p1a: Regieleki\n|-damage|p1a: Regieleki|86\/100\n|-boost|p2b: Dedenne|spe|1\n|move|p2a: Ambipom|Fling|p1b: Torkoal\n|-activate|p1b: Torkoal|move: Protect\n|-enditem|p2a: Ambipom|King's Rock|[from] move: Fling\n|\n|upkeep\n|turn|14\n|inactive|bigger bagel has 120 seconds left.\n|\n|t:|1698266449\n|move|p1b: Torkoal|Helping Hand|p1a: Regieleki\n|-singleturn|p1a: Regieleki|Helping Hand|[of] p1b: Torkoal\n|move|p2b: Dedenne|Fling|p1a: Regieleki\n|-damage|p1a: Regieleki|77\/100\n|-enditem|p2b: Dedenne|King's Rock|[from] move: Fling\n|cant|p1a: Regieleki|flinch\n|move|p2a: Ambipom|Facade|p1a: Regieleki\n|-crit|p1a: Regieleki\n|-damage|p1a: Regieleki|0 fnt\n|faint|p1a: Regieleki\n|\n|-item|p2a: Ambipom|King's Rock|[from] ability: Pickup\n|upkeep\n|\n|t:|1698266466\n|switch|p1a: Charizard|Charizard, M|30\/100\n|turn|15\n|inactive|bigger bagel has 120 seconds left.\n|inactive|thejay1224 has 120 seconds left.\n|inactive|thejay1224 has 90 seconds left.\n|\n|t:|1698266534\n|move|p2b: Dedenne|Nuzzle|p1b: Torkoal\n|-damage|p1b: Torkoal|63\/100\n|-status|p1b: Torkoal|par\n|move|p2a: Ambipom|Facade|p1a: Charizard\n|-damage|p1a: Charizard|0 fnt\n|faint|p1a: Charizard\n|cant|p1b: Torkoal|par\n|\n|upkeep\n|\n|t:|1698266543\n|switch|p1a: Roaring Moon|Roaring Moon|19\/100\n|turn|16\n|\n|t:|1698266559\n|-terastallize|p1b: Torkoal|Fire\n|move|p2b: Dedenne|Nuzzle|p1a: Roaring Moon\n|-resisted|p1a: Roaring Moon\n|-damage|p1a: Roaring Moon|16\/100\n|-status|p1a: Roaring Moon|par\n|move|p2a: Ambipom|Fling|p1b: Torkoal\n|-damage|p1b: Torkoal|56\/100 par\n|-enditem|p2a: Ambipom|King's Rock|[from] move: Fling\n|move|p1a: Roaring Moon|Knock Off|p2a: Ambipom\n|-damage|p2a: Ambipom|19\/100\n|cant|p1b: Torkoal|flinch\n|\n|-item|p2b: Dedenne|King's Rock|[from] ability: Pickup\n|upkeep\n|turn|17\n|inactive|thejay1224 has 120 seconds left.\n|\n|t:|1698266578\n|move|p2b: Dedenne|Fling|p1b: Torkoal\n|-damage|p1b: Torkoal|52\/100 par\n|-enditem|p2b: Dedenne|King's Rock|[from] move: Fling\n|move|p2a: Ambipom|Facade|p1a: Roaring Moon\n|-damage|p1a: Roaring Moon|0 fnt\n|faint|p1a: Roaring Moon\n|-end|p1a: Roaring Moon|Protosynthesis|[silent]\n|cant|p1b: Torkoal|flinch\n|\n|-item|p2a: Ambipom|King's Rock|[from] ability: Pickup\n|upkeep\n|turn|18\n|inactive|thejay1224 has 120 seconds left.\n|\n|t:|1698266623\n|cant|p1b: Torkoal|par\n|move|p2b: Dedenne|U-turn|p1b: Torkoal\n|-resisted|p1b: Torkoal\n|-damage|p1b: Torkoal|47\/100 par\n|move|p2a: Ambipom|Fling|p1b: Torkoal\n|-damage|p1b: Torkoal|40\/100 par\n|-enditem|p2a: Ambipom|King's Rock|[from] move: Fling\n|\n|-item|p2b: Dedenne|King's Rock|[from] ability: Pickup\n|upkeep\n|turn|19\n|\n|t:|1698266642\n|move|p1b: Torkoal|Protect|p1b: Torkoal\n|-singleturn|p1b: Torkoal|Protect\n|move|p2b: Dedenne|U-turn|p1b: Torkoal\n|-activate|p1b: Torkoal|move: Protect\n|move|p2a: Ambipom|Facade|p1b: Torkoal\n|-activate|p1b: Torkoal|move: Protect\n|\n|upkeep\n|turn|20\n|\n|t:|1698266653\n|move|p2b: Dedenne|Fling|p1b: Torkoal\n|-damage|p1b: Torkoal|36\/100 par\n|-enditem|p2b: Dedenne|King's Rock|[from] move: Fling\n|move|p2a: Ambipom|Facade|p1b: Torkoal\n|-damage|p1b: Torkoal|12\/100 par\n|cant|p1b: Torkoal|flinch\n|\n|-item|p2a: Ambipom|King's Rock|[from] ability: Pickup\n|upkeep\n|turn|21\n|\n|t:|1698266664\n|move|p2b: Dedenne|U-turn|p1b: Torkoal\n|-resisted|p1b: Torkoal\n|-damage|p1b: Torkoal|8\/100 par\n|move|p2a: Ambipom|Facade|p1b: Torkoal\n|-crit|p1b: Torkoal\n|-damage|p1b: Torkoal|0 fnt\n|faint|p1b: Torkoal\n|\n|win|thejay1224\n|raw|bigger bagel's rating: 1282 &rarr; <strong>1255<\/strong><br \/>(-27 for losing)\n|raw|thejay1224's rating: 1257 &rarr; <strong>1284<\/strong><br \/>(+27 for winning)\n|l|\u2606bigger bagel\n","uploadtime":1698268188,"views":24,"p1id":"biggerbagel","p2id":"thejay1224","formatid":"gen9doublesou","rating":1255,"private":0,"password":""}