{"id":"gen9doublesou-1985874118","p1":"hyroxplayz","p2":"mommy_shynx","format":"[Gen 9] Doubles OU","log":"|j|\u2606hyroxplayz\n|j|\u2606mommy_shynx\n|inactive|Battle timer is ON: inactive players will automatically lose when time's up.\n|t:|1699416005\n|gametype|doubles\n|player|p1|hyroxplayz|ingo|\n|player|p2|mommy_shynx|flannery|\n|teamsize|p1|4\n|teamsize|p2|4\n|gen|9\n|tier|[Gen 9] Doubles OU\n|rated|Tournament battle\n|rule|Species Clause: Limit one of each Pok\u00e9mon\n|rule|OHKO Clause: OHKO moves are banned\n|rule|Evasion Moves Clause: Evasion moves are banned\n|rule|Gravity Sleep Clause: The combination of sleep-inducing moves with imperfect accuracy and Gravity or Gigantamax Orbeetle are banned\n|rule|Endless Battle Clause: Forcing endless battles is banned\n|rule|HP Percentage Mod: HP is shown in percentages\n|clearpoke\n|poke|p1|Shroomish, F|\n|poke|p1|Glimmet, F|\n|poke|p1|Clefairy, M|\n|poke|p1|Armarouge, F|\n|poke|p2|Flabe\u0301be\u0301-White, F|\n|poke|p2|Drakloak, M|\n|poke|p2|Slakoth, M|\n|poke|p2|Maushold-Four|\n|teampreview\n|j|*Lady Monita \u263d\n|j| Im dumb srly\n|c|\u2606mommy_shynx|sorry my opponent was afk\n|c|\u2606hyroxplayz|all good\n|inactive|hyroxplayz has 120 seconds left.\n|\n|t:|1699416046\n|start\n|switch|p1a: Glimmet|Glimmet, F|100\/100\n|switch|p1b: Clefairy|Clefairy, M|100\/100\n|switch|p2a: Slakoth|Slakoth, M|100\/100\n|switch|p2b: Flabe\u0301be\u0301|Flabe\u0301be\u0301-White, F|100\/100\n|turn|1\n|\n|t:|1699416075\n|move|p1a: Glimmet|Sludge Bomb|p2b: Flabe\u0301be\u0301\n|-supereffective|p2b: Flabe\u0301be\u0301\n|-damage|p2b: Flabe\u0301be\u0301|18\/100\n|-status|p2b: Flabe\u0301be\u0301|psn\n|move|p2b: Flabe\u0301be\u0301|Grass Knot|p1b: Clefairy\n|-damage|p1b: Clefairy|98\/100\n|move|p1b: Clefairy|Light Screen|p1b: Clefairy\n|-sidestart|p1: hyroxplayz|move: Light Screen\n|move|p2a: Slakoth|Hammer Arm|p1a: Glimmet\n|-damage|p1a: Glimmet|74\/100\n|-unboost|p2a: Slakoth|spe|1\n|-activate|p1a: Glimmet|ability: Toxic Debris\n|-sidestart|p2: mommy_shynx|move: Toxic Spikes\n|\n|-damage|p2b: Flabe\u0301be\u0301|5\/100 psn|[from] psn\n|upkeep\n|turn|2\n|\n|t:|1699416104\n|move|p1a: Glimmet|Stealth Rock|p2a: Slakoth\n|-sidestart|p2: mommy_shynx|move: Stealth Rock\n|move|p2b: Flabe\u0301be\u0301|Draining Kiss|p1a: Glimmet\n|-resisted|p1a: Glimmet\n|-damage|p1a: Glimmet|70\/100\n|-heal|p2b: Flabe\u0301be\u0301|9\/100 psn|[from] drain|[of] p1a: Glimmet\n|move|p1b: Clefairy|Reflect|p1b: Clefairy\n|-sidestart|p1: hyroxplayz|Reflect\n|cant|p2a: Slakoth|ability: Truant\n|\n|-damage|p2b: Flabe\u0301be\u0301|0 fnt|[from] psn\n|faint|p2b: Flabe\u0301be\u0301\n|upkeep\n|inactive|mommy_shynx has 120 seconds left.\n|\n|t:|1699416115\n|switch|p2b: Drakloak|Drakloak, M|100\/100\n|-status|p2b: Drakloak|psn\n|-damage|p2b: Drakloak|88\/100 psn|[from] Stealth Rock\n|turn|3\n|inactive|mommy_shynx has 120 seconds left.\n|\n|t:|1699416144\n|move|p1b: Clefairy|Helping Hand|p1a: Glimmet\n|-singleturn|p1a: Glimmet|Helping Hand|[of] p1b: Clefairy\n|move|p2b: Drakloak|Shadow Ball|p1b: Clefairy\n|-damage|p1b: Clefairy|87\/100\n|-unboost|p1b: Clefairy|spd|1\n|move|p1a: Glimmet|Power Gem|p2b: Drakloak\n|-damage|p2b: Drakloak|6\/100 psn\n|move|p2a: Slakoth|Hammer Arm|p1b: Clefairy\n|-resisted|p1b: Clefairy\n|-damage|p1b: Clefairy|79\/100\n|-unboost|p2a: Slakoth|spe|1\n|\n|-damage|p2b: Drakloak|0 fnt|[from] psn\n|faint|p2b: Drakloak\n|upkeep\n|inactive|mommy_shynx has 120 seconds left.\n|\n|t:|1699416161\n|switch|p2b: Maushold|Maushold-Four|100\/100\n|-status|p2b: Maushold|psn\n|-damage|p2b: Maushold|88\/100 psn|[from] Stealth Rock\n|turn|4\n|\n|t:|1699416175\n|-singleturn|p2a: Slakoth|move: Focus Punch\n|move|p1b: Clefairy|Helping Hand|p1a: Glimmet\n|-singleturn|p1a: Glimmet|Helping Hand|[of] p1b: Clefairy\n|move|p2b: Maushold|Protect|p2b: Maushold\n|-singleturn|p2b: Maushold|Protect\n|move|p1a: Glimmet|Sludge Bomb|p2b: Maushold\n|-activate|p2b: Maushold|move: Protect\n|cant|p2a: Slakoth|ability: Truant\n|\n|-damage|p2b: Maushold|76\/100 psn|[from] psn\n|upkeep\n|turn|5\n|inactive|mommy_shynx has 120 seconds left.\n|\n|t:|1699416206\n|-singleturn|p2a: Slakoth|move: Focus Punch\n|move|p2b: Maushold|Protect||[still]\n|-fail|p2b: Maushold\n|move|p1b: Clefairy|Protect|p1b: Clefairy\n|-singleturn|p1b: Clefairy|Protect\n|move|p1a: Glimmet|Sludge Bomb|p2a: Slakoth\n|-damage|p2a: Slakoth|49\/100\n|-status|p2a: Slakoth|psn\n|cant|p2a: Slakoth|Focus Punch|Focus Punch\n|\n|-damage|p2b: Maushold|63\/100 psn|[from] psn\n|-damage|p2a: Slakoth|37\/100 psn|[from] psn\n|-sideend|p1: hyroxplayz|move: Light Screen\n|upkeep\n|turn|6\n|\n|t:|1699416226\n|switch|p1b: Armarouge|Armarouge, F|100\/100\n|move|p2b: Maushold|Protect|p2b: Maushold\n|-singleturn|p2b: Maushold|Protect\n|move|p1a: Glimmet|Power Gem|p2b: Maushold\n|-activate|p2b: Maushold|move: Protect\n|cant|p2a: Slakoth|ability: Truant\n|\n|-damage|p2b: Maushold|51\/100 psn|[from] psn\n|-damage|p2a: Slakoth|25\/100 psn|[from] psn\n|-sideend|p1: hyroxplayz|Reflect\n|upkeep\n|turn|7\n|c|\u2606mommy_shynx|i forgot i had a choice band lmao\n|\n|t:|1699416244\n|move|p2b: Maushold|Protect|p2b: Maushold\n|-singleturn|p2b: Maushold|Protect\n|move|p1b: Armarouge|Psychic Terrain|p1b: Armarouge\n|-fieldstart|move: Psychic Terrain\n|move|p1a: Glimmet|Sludge Bomb|p2b: Maushold\n|-activate|p2b: Maushold|move: Protect\n|move|p2a: Slakoth|Hammer Arm|p1b: Armarouge\n|-resisted|p1b: Armarouge\n|-damage|p1b: Armarouge|94\/100\n|-unboost|p2a: Slakoth|spe|1\n|\n|-damage|p2b: Maushold|38\/100 psn|[from] psn\n|-damage|p2a: Slakoth|12\/100 psn|[from] psn\n|upkeep\n|turn|8\n|c|\u2606hyroxplayz|lol\n|c|\u2606hyroxplayz|gg\n|c|\u2606mommy_shynx|gg\n|-message|mommy_shynx forfeited.\n|\n|win|hyroxplayz\n|n|\u2606hyroxplayz|hyroxplayz\n|n|\u2606mommy_shynx|mommyshynx\n|n|*Lady Monita \u263d|ladymonita\n|n| Im dumb srly|imdumbsrly\n","uploadtime":1699416266,"views":8,"p1id":"hyroxplayz","p2id":"mommyshynx","formatid":"gen9doublesou","rating":0,"private":0,"password":""}