{"id":"gen9doublesou-1990493408","p1":"bananaszn","p2":"Testingchev2","format":"[Gen 9] Doubles OU","log":"|j|\u2606bananaszn\n|j|\u2606Testingchev2\n|t:|1699975945\n|gametype|doubles\n|player|p1|bananaszn|brycen|1347\n|player|p2|Testingchev2|102|1344\n|teamsize|p1|6\n|teamsize|p2|6\n|gen|9\n|tier|[Gen 9] Doubles OU\n|rated|\n|rule|Species Clause: Limit one of each Pok\u00e9mon\n|rule|OHKO Clause: OHKO moves are banned\n|rule|Evasion Moves Clause: Evasion moves are banned\n|rule|Gravity Sleep Clause: The combination of sleep-inducing moves with imperfect accuracy and Gravity or Gigantamax Orbeetle are banned\n|rule|Endless Battle Clause: Forcing endless battles is banned\n|rule|HP Percentage Mod: HP is shown in percentages\n|clearpoke\n|poke|p1|Poliwrath, F|\n|poke|p1|Pelipper, F|\n|poke|p1|Basculegion-F, F|\n|poke|p1|Zapdos|\n|poke|p1|Landorus, M|\n|poke|p1|Tsareena, F|\n|poke|p2|Volcanion|\n|poke|p2|Landorus, M|\n|poke|p2|Scizor, F|\n|poke|p2|Iron Hands|\n|poke|p2|Garganacl, F|\n|poke|p2|Tornadus, M|\n|teampreview\n|\n|t:|1699975959\n|start\n|switch|p1a: Pelipper|Pelipper, F|100\/100\n|switch|p1b: Poliwrath|Poliwrath, F|100\/100\n|switch|p2a: Wind Daddy|Tornadus, M|100\/100\n|switch|p2b: Iron Hands|Iron Hands|100\/100\n|-weather|RainDance|[from] ability: Drizzle|[of] p1a: Pelipper\n|turn|1\n|\n|t:|1699975970\n|switch|p1a: Tsareena|Tsareena, F|100\/100\n|move|p2a: Wind Daddy|Tailwind|p2a: Wind Daddy\n|-sidestart|p2: Testingchev2|move: Tailwind\n|move|p1b: Poliwrath|Liquidation|p2a: Wind Daddy\n|-damage|p2a: Wind Daddy|0 fnt\n|faint|p2a: Wind Daddy\n|move|p2b: Iron Hands|Wild Charge|p1b: Poliwrath\n|-supereffective|p1b: Poliwrath\n|-damage|p1b: Poliwrath|0 fnt\n|faint|p1b: Poliwrath\n|-damage|p2b: Iron Hands|85\/100|[from] Recoil\n|\n|-weather|RainDance|[upkeep]\n|upkeep\n|\n|t:|1699975997\n|switch|p2a: Robot Devil|Scizor, F|100\/100\n|switch|p1b: Landorus|Landorus, M|100\/100\n|turn|2\n|\n|t:|1699976011\n|-end|p2b: Iron Hands|Quark Drive|[silent]\n|switch|p2b: Land Daddy|Landorus, M|100\/100\n|switch|p1a: Zapdos|Zapdos|100\/100\n|-terastallize|p1b: Landorus|Steel\n|move|p2a: Robot Devil|Bug Bite|p1a: Zapdos\n|-resisted|p1a: Zapdos\n|-damage|p1a: Zapdos|61\/100\n|move|p1b: Landorus|Sandsear Storm|p2a: Robot Devil|[spread] p2a\n|-immune|p2b: Land Daddy\n|-damage|p2a: Robot Devil|27\/100\n|\n|-weather|RainDance|[upkeep]\n|upkeep\n|turn|3\n|\n|t:|1699976038\n|switch|p2a: Iron Hands|Iron Hands|85\/100\n|move|p1b: Landorus|Protect|p1b: Landorus\n|-singleturn|p1b: Landorus|Protect\n|move|p2b: Land Daddy|Sandsear Storm|p1b: Landorus|[spread] \n|-activate|p1b: Landorus|move: Protect\n|-immune|p1a: Zapdos\n|move|p1a: Zapdos|Tailwind|p1a: Zapdos\n|-sidestart|p1: bananaszn|move: Tailwind\n|\n|-weather|RainDance|[upkeep]\n|upkeep\n|turn|4\n|\n|t:|1699976057\n|switch|p1b: Tsareena|Tsareena, F|100\/100\n|move|p2b: Land Daddy|Sandsear Storm|p1b: Tsareena|[spread] p1b\n|-immune|p1a: Zapdos\n|-resisted|p1b: Tsareena\n|-damage|p1b: Tsareena|86\/100\n|move|p1a: Zapdos|Volt Switch|p2a: Iron Hands\n|-resisted|p2a: Iron Hands\n|-damage|p2a: Iron Hands|68\/100\n|\n|t:|1699976066\n|switch|p1a: Landorus|Landorus, M, tera:Steel|100\/100|[from] Volt Switch\n|move|p2a: Iron Hands|Wild Charge|p1a: Landorus\n|-damage|p1a: Landorus|47\/100\n|-damage|p2a: Iron Hands|60\/100|[from] Recoil\n|\n|-weather|RainDance|[upkeep]\n|-sideend|p2: Testingchev2|move: Tailwind\n|upkeep\n|turn|5\n|\n|t:|1699976128\n|move|p1a: Landorus|Sandsear Storm|p2b: Land Daddy|[spread] p2a\n|-immune|p2b: Land Daddy\n|-supereffective|p2a: Iron Hands\n|-damage|p2a: Iron Hands|0 fnt\n|faint|p2a: Iron Hands\n|-end|p2a: Iron Hands|Quark Drive|[silent]\n|move|p1b: Tsareena|Trop Kick|p2b: Land Daddy\n|-damage|p2b: Land Daddy|59\/100\n|-unboost|p2b: Land Daddy|atk|1\n|move|p2b: Land Daddy|Sludge Bomb|p1b: Tsareena\n|-supereffective|p1b: Tsareena\n|-damage|p1b: Tsareena|46\/100\n|\n|-weather|RainDance|[upkeep]\n|upkeep\n|\n|t:|1699976140\n|switch|p2a: Robot Devil|Scizor, F|27\/100\n|turn|6\n|\n|t:|1699976159\n|move|p2b: Land Daddy|Protect|p2b: Land Daddy\n|-singleturn|p2b: Land Daddy|Protect\n|move|p1a: Landorus|Sandsear Storm|p2a: Robot Devil|[spread] p2a\n|-activate|p2b: Land Daddy|move: Protect\n|-damage|p2a: Robot Devil|0 fnt\n|faint|p2a: Robot Devil\n|move|p1b: Tsareena|Trop Kick|p2b: Land Daddy\n|-activate|p2b: Land Daddy|move: Protect\n|\n|-weather|RainDance|[upkeep]\n|-sideend|p1: bananaszn|move: Tailwind\n|upkeep\n|\n|t:|1699976179\n|switch|p2a: Rocky IV|Garganacl, F|100\/100\n|turn|7\n|\n|t:|1699976185\n|-terastallize|p2a: Rocky IV|Ghost\n|move|p1a: Landorus|Protect|p1a: Landorus\n|-singleturn|p1a: Landorus|Protect\n|move|p2b: Land Daddy|Sludge Bomb|p1b: Tsareena\n|-supereffective|p1b: Tsareena\n|-damage|p1b: Tsareena|0 fnt\n|faint|p1b: Tsareena\n|move|p2a: Rocky IV|Salt Cure|p1a: Landorus\n|-activate|p1a: Landorus|move: Protect\n|\n|-weather|RainDance|[upkeep]\n|upkeep\n|\n|t:|1699976195\n|switch|p1b: Basculegion|Basculegion-F, F|100\/100\n|turn|8\n|\n|t:|1699976207\n|move|p1b: Basculegion|Last Respects|p2a: Rocky IV\n|-supereffective|p2a: Rocky IV\n|-damage|p2a: Rocky IV|31\/100\n|move|p1a: Landorus|Sludge Bomb|p2b: Land Daddy\n|-resisted|p2b: Land Daddy\n|-damage|p2b: Land Daddy|29\/100\n|move|p2b: Land Daddy|Sandsear Storm|p1a: Landorus|[spread] p1a,p1b\n|-supereffective|p1a: Landorus\n|-damage|p1a: Landorus|0 fnt\n|-damage|p1b: Basculegion|44\/100\n|faint|p1a: Landorus\n|move|p2a: Rocky IV|Salt Cure|p1b: Basculegion\n|-damage|p1b: Basculegion|25\/100\n|-start|p1b: Basculegion|Salt Cure\n|\n|-weather|none\n|-heal|p2a: Rocky IV|37\/100|[from] item: Leftovers\n|-damage|p1b: Basculegion|0 fnt|[from] Salt Cure\n|faint|p1b: Basculegion\n|upkeep\n|\n|t:|1699976223\n|switch|p1a: Pelipper|Pelipper, F|100\/100\n|switch|p1b: Zapdos|Zapdos|61\/100\n|-weather|RainDance|[from] ability: Drizzle|[of] p1a: Pelipper\n|turn|9\n|\n|t:|1699976241\n|move|p1a: Pelipper|Wide Guard|p1a: Pelipper\n|-singleturn|p1a: Pelipper|Wide Guard\n|move|p2b: Land Daddy|Taunt|p1b: Zapdos\n|-start|p1b: Zapdos|move: Taunt\n|move|p1b: Zapdos|Hurricane|p2b: Land Daddy\n|-damage|p2b: Land Daddy|0 fnt\n|faint|p2b: Land Daddy\n|move|p2a: Rocky IV|Salt Cure|p1a: Pelipper\n|-supereffective|p1a: Pelipper\n|-damage|p1a: Pelipper|75\/100\n|-start|p1a: Pelipper|Salt Cure\n|\n|-weather|RainDance|[upkeep]\n|-heal|p2a: Rocky IV|43\/100|[from] item: Leftovers\n|-damage|p1a: Pelipper|50\/100|[from] Salt Cure\n|upkeep\n|\n|t:|1699976250\n|switch|p2b: Volcanion|Volcanion|100\/100\n|turn|10\n|\n|t:|1699976258\n|move|p1b: Zapdos|Thunder|p2b: Volcanion\n|-supereffective|p2b: Volcanion\n|-damage|p2b: Volcanion|0 fnt\n|faint|p2b: Volcanion\n|move|p1a: Pelipper|Tailwind|p1a: Pelipper\n|-sidestart|p1: bananaszn|move: Tailwind\n|move|p2a: Rocky IV|Salt Cure|p1b: Zapdos\n|-supereffective|p1b: Zapdos\n|-damage|p1b: Zapdos|32\/100\n|-start|p1b: Zapdos|Salt Cure\n|\n|-weather|RainDance|[upkeep]\n|-heal|p2a: Rocky IV|49\/100|[from] item: Leftovers\n|-damage|p1b: Zapdos|20\/100|[from] Salt Cure\n|-damage|p1a: Pelipper|25\/100|[from] Salt Cure\n|upkeep\n|turn|11\n|\n|t:|1699976269\n|move|p2a: Rocky IV|Protect|p2a: Rocky IV\n|-singleturn|p2a: Rocky IV|Protect\n|move|p1b: Zapdos|Hurricane|p2a: Rocky IV\n|-activate|p2a: Rocky IV|move: Protect\n|move|p1a: Pelipper|Hurricane|p2a: Rocky IV\n|-activate|p2a: Rocky IV|move: Protect\n|\n|-weather|RainDance|[upkeep]\n|-heal|p2a: Rocky IV|55\/100|[from] item: Leftovers\n|-damage|p1b: Zapdos|8\/100|[from] Salt Cure\n|-damage|p1a: Pelipper|0 fnt|[from] Salt Cure\n|faint|p1a: Pelipper\n|-end|p1b: Zapdos|move: Taunt\n|upkeep\n|turn|12\n|\n|t:|1699976281\n|move|p2a: Rocky IV|Protect||[still]\n|-fail|p2a: Rocky IV\n|move|p1b: Zapdos|Hurricane|p2a: Rocky IV\n|-damage|p2a: Rocky IV|11\/100\n|\n|-weather|RainDance|[upkeep]\n|-heal|p2a: Rocky IV|17\/100|[from] item: Leftovers\n|-damage|p1b: Zapdos|0 fnt|[from] Salt Cure\n|faint|p1b: Zapdos\n|\n|win|Testingchev2\n|upkeep\n|raw|bananaszn's rating: 1347 &rarr; <strong>1327<\/strong><br \/>(-20 for losing)\n|raw|Testingchev2's rating: 1344 &rarr; <strong>1364<\/strong><br \/>(+20 for winning)\n|l|\u2606Testingchev2\n","uploadtime":1699976290,"views":4,"p1id":"bananaszn","p2id":"testingchev2","formatid":"gen9doublesou","rating":1327,"private":0,"password":""}