{"id":"gen9doublesou-1996642783","p1":"Scolipede69","p2":"GBarmada","format":"[Gen 9] Doubles OU","log":"|j|\u2606Scolipede69\n|j|\u2606GBarmada\n|t:|1700704267\n|gametype|doubles\n|player|p1|Scolipede69|turo-ai|1311\n|player|p2|GBarmada|nate|1356\n|teamsize|p1|6\n|teamsize|p2|6\n|gen|9\n|tier|[Gen 9] Doubles OU\n|rated|\n|rule|Species Clause: Limit one of each Pok\u00e9mon\n|rule|OHKO Clause: OHKO moves are banned\n|rule|Evasion Moves Clause: Evasion moves are banned\n|rule|Gravity Sleep Clause: The combination of sleep-inducing moves with imperfect accuracy and Gravity or Gigantamax Orbeetle are banned\n|rule|Endless Battle Clause: Forcing endless battles is banned\n|rule|HP Percentage Mod: HP is shown in percentages\n|clearpoke\n|poke|p1|Azumarill, F|\n|poke|p1|Clefairy, F|\n|poke|p1|Landorus, M|\n|poke|p1|Hoopa-Unbound|\n|poke|p1|Amoonguss, F|\n|poke|p1|Arcanine-Hisui, M|\n|poke|p2|Chien-Pao|\n|poke|p2|Clefairy, F|\n|poke|p2|Iron Bundle|\n|poke|p2|Ninetales-Alola, F|\n|poke|p2|Rillaboom, F|\n|poke|p2|Sneasler, F|\n|teampreview\n|c|\u2606GBarmada|GLHF\n|c|\u2606Scolipede69|you too\n|\n|t:|1700704285\n|start\n|switch|p1a: please dont miss|Landorus, M, shiny|100\/100\n|switch|p1b: OneHitKnockOut|Hoopa-Unbound|100\/100\n|switch|p2a: Clefairy|Clefairy, F, shiny|100\/100\n|switch|p2b: Sneasler|Sneasler, F|100\/100\n|turn|1\n|\n|t:|1700704303\n|move|p2a: Clefairy|Follow Me|p2a: Clefairy\n|-singleturn|p2a: Clefairy|move: Follow Me\n|move|p1b: OneHitKnockOut|Psychic|p2a: Clefairy\n|-damage|p2a: Clefairy|62\/100\n|move|p1a: please dont miss|Sludge Bomb|p2a: Clefairy\n|-supereffective|p2a: Clefairy\n|-damage|p2a: Clefairy|0 fnt\n|faint|p2a: Clefairy\n|move|p2b: Sneasler|Swords Dance|p2b: Sneasler\n|-boost|p2b: Sneasler|atk|2\n|\n|upkeep\n|\n|t:|1700704313\n|switch|p2a: Rillaboom|Rillaboom, F|100\/100\n|-fieldstart|move: Grassy Terrain|[from] ability: Grassy Surge|[of] p2a: Rillaboom\n|-enditem|p2b: Sneasler|Grassy Seed\n|-boost|p2b: Sneasler|def|1|[from] item: Grassy Seed\n|turn|2\n|\n|t:|1700704328\n|move|p2b: Sneasler|Protect|p2b: Sneasler\n|-singleturn|p2b: Sneasler|Protect\n|move|p1b: OneHitKnockOut|Psychic|p2b: Sneasler\n|-activate|p2b: Sneasler|move: Protect\n|move|p1a: please dont miss|Sandsear Storm|p2a: Rillaboom|[spread] p2a\n|-activate|p2b: Sneasler|move: Protect\n|-resisted|p2a: Rillaboom\n|-damage|p2a: Rillaboom|79\/100\n|move|p2a: Rillaboom|U-turn|p1b: OneHitKnockOut\n|-supereffective|p1b: OneHitKnockOut\n|-damage|p1b: OneHitKnockOut|0 fnt\n|faint|p1b: OneHitKnockOut\n|\n|t:|1700704341\n|switch|p2a: Ninetales|Ninetales-Alola, F|100\/100|[from] U-turn\n|-weather|Snow|[from] ability: Snow Warning|[of] p2a: Ninetales\n|\n|-weather|Snow|[upkeep]\n|upkeep\n|\n|t:|1700704364\n|switch|p1b: idk man pinks sus|Amoonguss, F, shiny|100\/100\n|turn|3\n|\n|t:|1700704385\n|switch|p1a: Brane Damej|Arcanine-Hisui, M, shiny|100\/100\n|-terastallize|p2b: Sneasler|Flying\n|move|p2b: Sneasler|Acrobatics|p1b: idk man pinks sus\n|-supereffective|p1b: idk man pinks sus\n|-damage|p1b: idk man pinks sus|0 fnt\n|faint|p1b: idk man pinks sus\n|move|p2a: Ninetales|Aurora Veil|p2a: Ninetales\n|-sidestart|p2: GBarmada|move: Aurora Veil\n|\n|-weather|Snow|[upkeep]\n|upkeep\n|inactive|Battle timer is ON: inactive players will automatically lose when time's up. (requested by Scolipede69)\n|\n|t:|1700704396\n|switch|p1b: lookie here|Clefairy, F, shiny|100\/100\n|turn|4\n|\n|t:|1700704412\n|move|p2a: Ninetales|Helping Hand|p2b: Sneasler\n|-singleturn|p2b: Sneasler|Helping Hand|[of] p2a: Ninetales\n|move|p2b: Sneasler|Close Combat|p1a: Brane Damej\n|-supereffective|p1a: Brane Damej\n|-damage|p1a: Brane Damej|0 fnt\n|-unboost|p2b: Sneasler|def|1\n|-unboost|p2b: Sneasler|spd|1\n|faint|p1a: Brane Damej\n|move|p1b: lookie here|Dazzling Gleam|p2a: Ninetales|[spread] p2a,p2b\n|-damage|p2a: Ninetales|91\/100\n|-damage|p2b: Sneasler|84\/100\n|\n|-weather|Snow|[upkeep]\n|-heal|p2a: Ninetales|97\/100|[from] Grassy Terrain\n|upkeep\n|\n|t:|1700704424\n|switch|p1a: please dont miss|Landorus, M, shiny|100\/100\n|turn|5\n|c|\u2606Scolipede69|gg\n|\n|t:|1700704430\n|move|p2b: Sneasler|Protect|p2b: Sneasler\n|-singleturn|p2b: Sneasler|Protect\n|move|p2a: Ninetales|Blizzard|p1a: please dont miss|[spread] p1a,p1b\n|-supereffective|p1a: please dont miss\n|-damage|p1a: please dont miss|2\/100\n|-damage|p1b: lookie here|80\/100\n|move|p1a: please dont miss|Sludge Bomb|p2b: Sneasler\n|-activate|p2b: Sneasler|move: Protect\n|move|p1b: lookie here|Dazzling Gleam|p2b: Sneasler|[spread] p2a\n|-activate|p2b: Sneasler|move: Protect\n|-damage|p2a: Ninetales|90\/100\n|\n|-weather|Snow|[upkeep]\n|-heal|p2a: Ninetales|96\/100|[from] Grassy Terrain\n|-heal|p1b: lookie here|86\/100|[from] Grassy Terrain\n|upkeep\n|turn|6\n|c|\u2606GBarmada|GG\n|\n|t:|1700704448\n|move|p2b: Sneasler|Acrobatics|p1b: lookie here\n|-damage|p1b: lookie here|13\/100\n|move|p2a: Ninetales|Blizzard|p1b: lookie here|[spread] p1a,p1b\n|-supereffective|p1a: please dont miss\n|-damage|p1a: please dont miss|0 fnt\n|-damage|p1b: lookie here|0 fnt\n|faint|p1a: please dont miss\n|faint|p1b: lookie here\n|\n|-weather|none\n|-heal|p2a: Ninetales|100\/100|[from] Grassy Terrain\n|-fieldend|move: Grassy Terrain\n|upkeep\n|\n|t:|1700704453\n|switch|p1b: Marilland|Azumarill, F, shiny|100\/100\n|turn|7\n|\n|t:|1700704458\n|-terastallize|p1b: Marilland|Water\n|move|p1b: Marilland|Aqua Jet|p2b: Sneasler\n|-damage|p2b: Sneasler|71\/100\n|move|p2b: Sneasler|Acrobatics|p1b: Marilland\n|-damage|p1b: Marilland|0 fnt\n|faint|p1b: Marilland\n|\n|win|GBarmada\n|raw|Scolipede69's rating: 1311 &rarr; <strong>1294<\/strong><br \/>(-17 for losing)\n|raw|GBarmada's rating: 1356 &rarr; <strong>1373<\/strong><br \/>(+17 for winning)\n","uploadtime":1700704487,"views":29,"p1id":"scolipede69","p2id":"gbarmada","formatid":"gen9doublesou","rating":1294,"private":0,"password":""}