{"id":"gen9doublesou-1995312969","p1":"wing1234","p2":"bananaszn","format":"[Gen 9] Doubles OU","log":"|j|\u2606wing1234\n|j|\u2606bananaszn\n|t:|1700551857\n|gametype|doubles\n|player|p1|wing1234|ghetsis-gen5bw|1524\n|player|p2|bananaszn|brycen|1484\n|teamsize|p1|6\n|teamsize|p2|6\n|gen|9\n|tier|[Gen 9] Doubles OU\n|rated|\n|rule|Species Clause: Limit one of each Pok\u00e9mon\n|rule|OHKO Clause: OHKO moves are banned\n|rule|Evasion Moves Clause: Evasion moves are banned\n|rule|Gravity Sleep Clause: The combination of sleep-inducing moves with imperfect accuracy and Gravity or Gigantamax Orbeetle are banned\n|rule|Endless Battle Clause: Forcing endless battles is banned\n|rule|HP Percentage Mod: HP is shown in percentages\n|clearpoke\n|poke|p1|Armarouge, F|\n|poke|p1|Indeedee-F, F|\n|poke|p1|Amoonguss, M|\n|poke|p1|Sylveon, F|\n|poke|p1|Oranguru, M|\n|poke|p1|Diancie|\n|poke|p2|Scizor, M|\n|poke|p2|Tornadus, M|\n|poke|p2|Chien-Pao|\n|poke|p2|Iron Hands|\n|poke|p2|Volcanion|\n|poke|p2|Great Tusk|\n|teampreview\n|inactive|Battle timer is ON: inactive players will automatically lose when time's up. (requested by bananaszn)\n|\n|t:|1700551868\n|start\n|switch|p1a: \u6881\u6893\u5e0c|Indeedee-F, F|100\/100\n|switch|p1b: \u5289\u712f\u6587|Oranguru, M|100\/100\n|switch|p2a: YN Jay|Tornadus, M|100\/100\n|switch|p2b: Kawhi Leonard|Scizor, M|100\/100\n|-fieldstart|move: Psychic Terrain|[from] ability: Psychic Surge|[of] p1a: \u6881\u6893\u5e0c\n|turn|1\n|\n|t:|1700551893\n|move|p1a: \u6881\u6893\u5e0c|Follow Me|p1a: \u6881\u6893\u5e0c\n|-singleturn|p1a: \u6881\u6893\u5e0c|move: Follow Me\n|move|p2a: YN Jay|Bleakwind Storm|p1b: \u5289\u712f\u6587|[spread] p1a,p1b\n|-damage|p1a: \u6881\u6893\u5e0c|73\/100\n|-damage|p1b: \u5289\u712f\u6587|72\/100\n|-unboost|p1b: \u5289\u712f\u6587|spe|1\n|move|p2b: Kawhi Leonard|U-turn|p1a: \u6881\u6893\u5e0c\n|-supereffective|p1a: \u6881\u6893\u5e0c\n|-damage|p1a: \u6881\u6893\u5e0c|0 fnt\n|faint|p1a: \u6881\u6893\u5e0c\n|\n|t:|1700551907\n|switch|p2b: Volcanion|Volcanion|100\/100|[from] U-turn\n|move|p1b: \u5289\u712f\u6587|Trick Room|p1b: \u5289\u712f\u6587\n|-fieldstart|move: Trick Room|[of] p1b: \u5289\u712f\u6587\n|\n|upkeep\n|\n|t:|1700551912\n|switch|p1a: \u6881\u5049\u4fca|Sylveon, F|100\/100\n|turn|2\n|\n|t:|1700551925\n|-terastallize|p1a: \u6881\u5049\u4fca|Fairy\n|move|p2a: YN Jay|Taunt|p1a: \u6881\u5049\u4fca\n|-activate|p1a: \u6881\u5049\u4fca|move: Psychic Terrain\n|move|p1b: \u5289\u712f\u6587|Instruct||[still]\n|-fail|p1b: \u5289\u712f\u6587\n|move|p1a: \u6881\u5049\u4fca|Hyper Voice|p2b: Volcanion|[spread] p2a,p2b\n|-resisted|p2b: Volcanion\n|-damage|p2a: YN Jay|29\/100\n|-damage|p2b: Volcanion|72\/100\n|-enditem|p1a: \u6881\u5049\u4fca|Throat Spray\n|-boost|p1a: \u6881\u5049\u4fca|spa|1|[from] item: Throat Spray\n|-activate|p1b: \u5289\u712f\u6587|ability: Symbiosis|Safety Goggles|[of] p1a: \u6881\u5049\u4fca\n|move|p2b: Volcanion|Steam Eruption|p1a: \u6881\u5049\u4fca\n|-damage|p1a: \u6881\u5049\u4fca|54\/100\n|-status|p1a: \u6881\u5049\u4fca|brn\n|\n|-heal|p2b: Volcanion|78\/100|[from] item: Leftovers\n|-damage|p1a: \u6881\u5049\u4fca|48\/100 brn|[from] brn\n|upkeep\n|turn|3\n|c|\u2606bananaszn|agency agency\n|\n|t:|1700551947\n|switch|p1b: \u9673\u8c8c\u6ce2|Amoonguss, M|100\/100\n|move|p2a: YN Jay|Protect|p2a: YN Jay\n|-singleturn|p2a: YN Jay|Protect\n|move|p2b: Volcanion|Protect|p2b: Volcanion\n|-singleturn|p2b: Volcanion|Protect\n|move|p1a: \u6881\u5049\u4fca|Hyper Voice|p2a: YN Jay|[spread] \n|-activate|p2a: YN Jay|move: Protect\n|-activate|p2b: Volcanion|move: Protect\n|\n|-heal|p2b: Volcanion|84\/100|[from] item: Leftovers\n|-damage|p1a: \u6881\u5049\u4fca|42\/100 brn|[from] brn\n|upkeep\n|turn|4\n|\n|t:|1700551963\n|switch|p2a: Kawhi Leonard|Scizor, M|100\/100\n|move|p1b: \u9673\u8c8c\u6ce2|Spore|p2b: Volcanion\n|-status|p2b: Volcanion|slp|[from] move: Spore\n|move|p1a: \u6881\u5049\u4fca|Hyper Voice|p2a: Kawhi Leonard|[spread] p2a,p2b\n|-resisted|p2a: Kawhi Leonard\n|-crit|p2a: Kawhi Leonard\n|-resisted|p2b: Volcanion\n|-damage|p2a: Kawhi Leonard|24\/100\n|-damage|p2b: Volcanion|39\/100 slp\n|cant|p2b: Volcanion|slp\n|\n|-heal|p2b: Volcanion|45\/100 slp|[from] item: Leftovers\n|-damage|p1a: \u6881\u5049\u4fca|36\/100 brn|[from] brn\n|upkeep\n|turn|5\n|\n|t:|1700551982\n|switch|p2a: YN Jay|Tornadus, M|29\/100\n|move|p1b: \u9673\u8c8c\u6ce2|Pollen Puff|p1a: \u6881\u5049\u4fca\n|-heal|p1a: \u6881\u5049\u4fca|86\/100 brn\n|move|p1a: \u6881\u5049\u4fca|Hyper Voice|p2b: Volcanion|[spread] p2a,p2b\n|-resisted|p2b: Volcanion\n|-damage|p2a: YN Jay|0 fnt\n|-damage|p2b: Volcanion|3\/100 slp\n|faint|p2a: YN Jay\n|-curestatus|p2b: Volcanion|slp|[msg]\n|move|p2b: Volcanion|Heat Wave|p1b: \u9673\u8c8c\u6ce2|[spread] p1a,p1b\n|-supereffective|p1b: \u9673\u8c8c\u6ce2\n|-damage|p1a: \u6881\u5049\u4fca|56\/100 brn\n|-damage|p1b: \u9673\u8c8c\u6ce2|47\/100\n|\n|-heal|p1b: \u9673\u8c8c\u6ce2|53\/100|[from] item: Black Sludge\n|-heal|p2b: Volcanion|9\/100|[from] item: Leftovers\n|-damage|p1a: \u6881\u5049\u4fca|50\/100 brn|[from] brn\n|-fieldend|move: Trick Room\n|upkeep\n|inactive|bananaszn has 120 seconds left.\n|\n|t:|1700552005\n|switch|p2a: Iggy Azalea|Chien-Pao|100\/100\n|-ability|p2a: Iggy Azalea|Sword of Ruin\n|turn|6\n|\n|t:|1700552028\n|switch|p1b: \u9673\u6717\u6a4b|Armarouge, F|100\/100\n|move|p1a: \u6881\u5049\u4fca|Protect|p1a: \u6881\u5049\u4fca\n|-singleturn|p1a: \u6881\u5049\u4fca|Protect\n|move|p2a: Iggy Azalea|Ice Spinner|p1b: \u9673\u6717\u6a4b\n|-resisted|p1b: \u9673\u6717\u6a4b\n|-damage|p1b: \u9673\u6717\u6a4b|68\/100\n|-fieldend|move: Psychic Terrain\n|-damage|p2a: Iggy Azalea|91\/100|[from] item: Life Orb\n|move|p2b: Volcanion|Steam Eruption|p1a: \u6881\u5049\u4fca\n|-activate|p1a: \u6881\u5049\u4fca|move: Protect\n|\n|-heal|p2b: Volcanion|15\/100|[from] item: Leftovers\n|-damage|p1a: \u6881\u5049\u4fca|44\/100 brn|[from] brn\n|upkeep\n|turn|7\n|\n|t:|1700552044\n|move|p2a: Iggy Azalea|Throat Chop|p1b: \u9673\u6717\u6a4b\n|-supereffective|p1b: \u9673\u6717\u6a4b\n|-damage|p1b: \u9673\u6717\u6a4b|0 fnt\n|faint|p1b: \u9673\u6717\u6a4b\n|-damage|p2a: Iggy Azalea|81\/100|[from] item: Life Orb\n|move|p2b: Volcanion|Steam Eruption|p1a: \u6881\u5049\u4fca|[miss]\n|-miss|p2b: Volcanion|p1a: \u6881\u5049\u4fca\n|move|p1a: \u6881\u5049\u4fca|Hyper Voice|p2a: Iggy Azalea|[spread] p2a,p2b\n|-supereffective|p2a: Iggy Azalea\n|-resisted|p2b: Volcanion\n|-damage|p2a: Iggy Azalea|0 fnt\n|-damage|p2b: Volcanion|0 fnt\n|faint|p2a: Iggy Azalea\n|faint|p2b: Volcanion\n|\n|-damage|p1a: \u6881\u5049\u4fca|38\/100 brn|[from] brn\n|upkeep\n|\n|t:|1700552061\n|switch|p2a: Kawhi Leonard|Scizor, M|24\/100\n|switch|p2b: Druski|Iron Hands|100\/100\n|switch|p1b: \u5289\u712f\u6587|Oranguru, M|72\/100\n|turn|8\n|\n|t:|1700552072\n|move|p1a: \u6881\u5049\u4fca|Protect|p1a: \u6881\u5049\u4fca\n|-singleturn|p1a: \u6881\u5049\u4fca|Protect\n|move|p2b: Druski|Fake Out|p1a: \u6881\u5049\u4fca\n|-activate|p1a: \u6881\u5049\u4fca|move: Protect\n|move|p2a: Kawhi Leonard|U-turn|p1b: \u5289\u712f\u6587\n|-supereffective|p1b: \u5289\u712f\u6587\n|-damage|p1b: \u5289\u712f\u6587|0 fnt\n|faint|p1b: \u5289\u712f\u6587\n|\n|t:|1700552079\n|switch|p2a: Great Tusk|Great Tusk|100\/100|[from] U-turn\n|\n|-damage|p1a: \u6881\u5049\u4fca|31\/100 brn|[from] brn\n|upkeep\n|\n|t:|1700552082\n|switch|p1b: \u6c34\u541b|Diancie|100\/100\n|turn|9\n|\n|t:|1700552092\n|-terastallize|p2a: Great Tusk|Ground\n|move|p2a: Great Tusk|Headlong Rush|p1b: \u6c34\u541b\n|-supereffective|p1b: \u6c34\u541b\n|-damage|p1b: \u6c34\u541b|0 fnt\n|-unboost|p2a: Great Tusk|def|1\n|-unboost|p2a: Great Tusk|spd|1\n|faint|p1b: \u6c34\u541b\n|move|p2b: Druski|Wild Charge|p1a: \u6881\u5049\u4fca\n|-damage|p1a: \u6881\u5049\u4fca|0 fnt\n|faint|p1a: \u6881\u5049\u4fca\n|-damage|p2b: Druski|94\/100|[from] Recoil\n|\n|upkeep\n|-message|wing1234 forfeited.\n|\n|win|bananaszn\n|raw|wing1234's rating: 1524 &rarr; <strong>1502<\/strong><br \/>(-22 for losing)\n|raw|bananaszn's rating: 1484 &rarr; <strong>1506<\/strong><br \/>(+22 for winning)\n|l|\u2606wing1234\n","uploadtime":1700552109,"views":13,"p1id":"wing1234","p2id":"bananaszn","formatid":"gen9doublesou","rating":1502,"private":0,"password":""}