{"id":"gen9doublesou-1982259522","p1":"PokeKidMax","p2":"tumblezz","format":"[Gen 9] Doubles OU","log":"|j|\u2606PokeKidMax\n|j|\u2606tumblezz\n|inactive|Battle timer is ON: inactive players will automatically lose when time's up.\n|t:|1698985803\n|gametype|doubles\n|player|p1|PokeKidMax|blue-lgpe|\n|player|p2|tumblezz|102|\n|teamsize|p1|6\n|teamsize|p2|6\n|gen|9\n|tier|[Gen 9] Doubles OU\n|rated|Tournament battle\n|rule|Species Clause: Limit one of each Pok\u00e9mon\n|rule|OHKO Clause: OHKO moves are banned\n|rule|Evasion Moves Clause: Evasion moves are banned\n|rule|Gravity Sleep Clause: The combination of sleep-inducing moves with imperfect accuracy and Gravity or Gigantamax Orbeetle are banned\n|rule|Endless Battle Clause: Forcing endless battles is banned\n|rule|HP Percentage Mod: HP is shown in percentages\n|clearpoke\n|poke|p1|Makuhita, F|\n|poke|p1|Shellos-East, M|\n|poke|p1|Buizel, F|\n|poke|p1|Meowth, M|\n|poke|p1|Growlithe-Hisui, M|\n|poke|p1|Thwackey, F|\n|poke|p2|Clauncher, M|\n|poke|p2|Swanna, F|\n|poke|p2|Zweilous, F|\n|poke|p2|Croagunk, M|\n|poke|p2|Tinkatink, F|\n|poke|p2|Cacnea, F|\n|teampreview\n|j|*Lady Monita \u263d\n|inactive|PokeKidMax also wants the timer to be on.\n|\n|t:|1698985831\n|start\n|switch|p1a: Meowth|Meowth, M, shiny|100\/100\n|switch|p1b: Thwackey|Thwackey, F, shiny|100\/100\n|switch|p2a: Swanna|Swanna, F|100\/100\n|switch|p2b: Croagunk|Croagunk, M|100\/100\n|-fieldstart|move: Grassy Terrain|[from] ability: Grassy Surge|[of] p1b: Thwackey\n|turn|1\n|\n|t:|1698985843\n|move|p1a: Meowth|Fake Out|p2b: Croagunk\n|-damage|p2b: Croagunk|75\/100\n|move|p1b: Thwackey|Fake Out|p2a: Swanna\n|-damage|p2a: Swanna|84\/100\n|cant|p2a: Swanna|flinch\n|cant|p2b: Croagunk|flinch\n|\n|-heal|p2b: Croagunk|81\/100|[from] Grassy Terrain\n|upkeep\n|turn|2\n|\n|t:|1698985857\n|move|p2a: Swanna|Hurricane|p1b: Thwackey\n|-supereffective|p1b: Thwackey\n|-damage|p1b: Thwackey|0 fnt\n|faint|p1b: Thwackey\n|move|p1a: Meowth|Aerial Ace|p2b: Croagunk\n|-supereffective|p2b: Croagunk\n|-damage|p2b: Croagunk|31\/100\n|move|p2b: Croagunk|Drain Punch|p1a: Meowth\n|-supereffective|p1a: Meowth\n|-damage|p1a: Meowth|0 fnt\n|-heal|p2b: Croagunk|76\/100|[from] drain|[of] p1a: Meowth\n|faint|p1a: Meowth\n|\n|-heal|p2b: Croagunk|82\/100|[from] Grassy Terrain\n|upkeep\n|c|\u2606tumblezz|lol\n|c|\u2606tumblezz|gg\n|\n|t:|1698985874\n|switch|p1a: Shellos|Shellos-East, M, shiny|100\/100\n|switch|p1b: Buizel|Buizel, F, shiny|100\/100\n|turn|3\n|c|\u2606PokeKidMax|bro already said gg\n|c|\u2606PokeKidMax|im dead\n|\n|t:|1698985889\n|move|p2a: Swanna|Hurricane|p1b: Buizel\n|-damage|p1b: Buizel|0 fnt\n|faint|p1b: Buizel\n|move|p2b: Croagunk|Drain Punch|p1a: Shellos\n|-damage|p1a: Shellos|70\/100\n|-heal|p2b: Croagunk|100\/100|[from] drain|[of] p1a: Shellos\n|move|p1a: Shellos|Rain Dance|p1a: Shellos\n|-weather|RainDance\n|\n|-weather|RainDance|[upkeep]\n|-heal|p1a: Shellos|76\/100|[from] Grassy Terrain\n|upkeep\n|c|\u2606tumblezz|gg\n|\n|t:|1698985893\n|switch|p1b: Makuhita|Makuhita, F, shiny|100\/100\n|turn|4\n|\n|t:|1698985914\n|-terastallize|p1b: Makuhita|Steel\n|move|p2a: Swanna|Hurricane|p1b: Makuhita\n|-resisted|p1b: Makuhita\n|-damage|p1b: Makuhita|47\/100\n|-start|p1b: Makuhita|confusion\n|move|p2b: Croagunk|Drain Punch|p1a: Shellos\n|-damage|p1a: Shellos|50\/100\n|move|p1a: Shellos|Icy Wind|p2a: Swanna|[spread] p2a,p2b\n|-damage|p2a: Swanna|74\/100\n|-damage|p2b: Croagunk|90\/100\n|-unboost|p2a: Swanna|spe|1\n|-unboost|p2b: Croagunk|spe|1\n|-activate|p1b: Makuhita|confusion\n|move|p1b: Makuhita|Knock Off|p2a: Swanna\n|-damage|p2a: Swanna|33\/100\n|-enditem|p2a: Swanna|Choice Specs|[from] move: Knock Off|[of] p1b: Makuhita\n|\n|-weather|RainDance|[upkeep]\n|-heal|p2b: Croagunk|100\/100|[from] ability: Dry Skin\n|-heal|p1a: Shellos|56\/100|[from] Grassy Terrain\n|-heal|p1b: Makuhita|53\/100|[from] Grassy Terrain\n|upkeep\n|turn|5\n|c|\u2606tumblezz|lol\n|\n|t:|1698985940\n|move|p1a: Shellos|Helping Hand|p1b: Makuhita\n|-singleturn|p1b: Makuhita|Helping Hand|[of] p1a: Shellos\n|-end|p1b: Makuhita|confusion\n|move|p1b: Makuhita|Bullet Punch|p2a: Swanna\n|-resisted|p2a: Swanna\n|-damage|p2a: Swanna|16\/100\n|move|p2a: Swanna|Surf|p1a: Shellos|[spread] p1b\n|-immune|p2b: Croagunk|[from] ability: Dry Skin\n|-ability|p1a: Shellos|Storm Drain|boost\n|-boost|p1a: Shellos|spa|1\n|-damage|p1b: Makuhita|0 fnt\n|faint|p1b: Makuhita\n|move|p2b: Croagunk|Drain Punch|p1a: Shellos\n|-damage|p1a: Shellos|25\/100\n|\n|-weather|RainDance|[upkeep]\n|-heal|p1a: Shellos|32\/100|[from] Grassy Terrain\n|-fieldend|move: Grassy Terrain\n|upkeep\n|\n|t:|1698985945\n|switch|p1b: Growlithe|Growlithe-Hisui, M, shiny|100\/100\n|-ability|p1b: Growlithe|Intimidate|boost\n|-unboost|p2a: Swanna|atk|1\n|-unboost|p2b: Croagunk|atk|1\n|turn|6\n|\n|t:|1698985960\n|move|p2a: Swanna|Surf|p1a: Shellos|[spread] p1b\n|-immune|p2b: Croagunk|[from] ability: Dry Skin\n|-ability|p1a: Shellos|Storm Drain|boost\n|-boost|p1a: Shellos|spa|1\n|-supereffective|p1b: Growlithe\n|-damage|p1b: Growlithe|0 fnt\n|faint|p1b: Growlithe\n|move|p2b: Croagunk|Drain Punch|p1a: Shellos\n|-damage|p1a: Shellos|12\/100\n|move|p1a: Shellos|Icy Wind|p2b: Croagunk|[spread] p2a,p2b\n|-damage|p2a: Swanna|0 fnt\n|-damage|p2b: Croagunk|80\/100\n|-unboost|p2b: Croagunk|spe|1\n|faint|p2a: Swanna\n|\n|-weather|RainDance|[upkeep]\n|-heal|p2b: Croagunk|93\/100|[from] ability: Dry Skin\n|upkeep\n|-message|PokeKidMax forfeited.\n|\n|win|tumblezz\n|n|\u2606PokeKidMax|pokekidmax\n|n|\u2606tumblezz|tumblezz\n|n|*Lady Monita \u263d|ladymonita\n","uploadtime":1698985967,"views":19,"p1id":"pokekidmax","p2id":"tumblezz","formatid":"gen9doublesou","rating":0,"private":0,"password":""}