{"id":"gen9doublesou-1985041925","p1":"alucard_wolf","p2":"i am gamering","format":"[Gen 9] Doubles OU","log":"|j|\u2606alucard_wolf\n|j|\u2606i am gamering\n|t:|1699323828\n|gametype|doubles\n|player|p1|alucard_wolf|170|1294\n|player|p2|i am gamering|bugcatcher-gen4dp|1283\n|teamsize|p1|6\n|teamsize|p2|6\n|gen|9\n|tier|[Gen 9] Doubles OU\n|rated|\n|rule|Species Clause: Limit one of each Pok\u00e9mon\n|rule|OHKO Clause: OHKO moves are banned\n|rule|Evasion Moves Clause: Evasion moves are banned\n|rule|Gravity Sleep Clause: The combination of sleep-inducing moves with imperfect accuracy and Gravity or Gigantamax Orbeetle are banned\n|rule|Endless Battle Clause: Forcing endless battles is banned\n|rule|HP Percentage Mod: HP is shown in percentages\n|clearpoke\n|poke|p1|Meowscarada, F|\n|poke|p1|Farigiraf, F|\n|poke|p1|Sneasler, F|\n|poke|p1|Flutter Mane|\n|poke|p1|Armarouge, F|\n|poke|p1|Ogerpon-Wellspring, F|\n|poke|p2|Pelipper, F|\n|poke|p2|Manaphy|\n|poke|p2|Basculegion-F, F|\n|poke|p2|Barraskewda, M|\n|poke|p2|Zapdos|\n|poke|p2|Ogerpon-Wellspring, F|\n|teampreview\n|inactive|Battle timer is ON: inactive players will automatically lose when time's up. (requested by i am gamering)\n|inactive|alucard_wolf has 120 seconds left.\n|\n|t:|1699323867\n|start\n|switch|p1a: Meowscarada|Meowscarada, F, shiny|100\/100\n|switch|p1b: Farigiraf|Farigiraf, F, shiny|100\/100\n|switch|p2a: Pelipper|Pelipper, F|100\/100\n|switch|p2b: Manaphy|Manaphy|100\/100\n|-weather|RainDance|[from] ability: Drizzle|[of] p2a: Pelipper\n|turn|1\n|\n|t:|1699323875\n|move|p1a: Meowscarada|Thunder Punch|p2a: Pelipper\n|-start|p1a: Meowscarada|typechange|Electric|[from] ability: Protean\n|-supereffective|p2a: Pelipper\n|-damage|p2a: Pelipper|0 fnt\n|faint|p2a: Pelipper\n|move|p2b: Manaphy|Tail Glow|p2b: Manaphy\n|-boost|p2b: Manaphy|spa|3\n|move|p1b: Farigiraf|Thunder Wave|p2b: Manaphy\n|-status|p2b: Manaphy|par\n|\n|-weather|RainDance|[upkeep]\n|-activate|p2b: Manaphy|ability: Hydration\n|-curestatus|p2b: Manaphy|par|[msg]\n|upkeep\n|\n|t:|1699323885\n|switch|p2a: Ogerpon|Ogerpon-Wellspring, F|100\/100\n|turn|2\n|\n|t:|1699323899\n|move|p2a: Ogerpon|Follow Me|p2a: Ogerpon\n|-singleturn|p2a: Ogerpon|move: Follow Me\n|move|p1a: Meowscarada|Thunder Punch|p2a: Ogerpon\n|-damage|p2a: Ogerpon|40\/100\n|move|p2b: Manaphy|Surf|p1a: Meowscarada|[spread] p1a,p1b\n|-heal|p2a: Ogerpon|65\/100|[from] ability: Water Absorb|[of] p2b: Manaphy\n|-damage|p1a: Meowscarada|0 fnt\n|-damage|p1b: Farigiraf|0 fnt\n|faint|p1a: Meowscarada\n|faint|p1b: Farigiraf\n|-damage|p2b: Manaphy|91\/100|[from] item: Life Orb\n|\n|-weather|RainDance|[upkeep]\n|upkeep\n|\n|t:|1699323917\n|switch|p1a: Armarouge|Armarouge, F, shiny|100\/100\n|switch|p1b: Sneasler|Sneasler, F, shiny|100\/100\n|turn|3\n|\n|t:|1699323922\n|move|p1a: Armarouge|Wide Guard|p1a: Armarouge\n|-singleturn|p1a: Armarouge|Wide Guard\n|move|p2a: Ogerpon|Follow Me|p2a: Ogerpon\n|-singleturn|p2a: Ogerpon|move: Follow Me\n|move|p1b: Sneasler|Dire Claw|p2a: Ogerpon\n|-supereffective|p2a: Ogerpon\n|-damage|p2a: Ogerpon|0 fnt\n|faint|p2a: Ogerpon\n|move|p2b: Manaphy|Surf|p1b: Sneasler|[spread] \n|-activate|p1a: Armarouge|move: Wide Guard\n|-activate|p1b: Sneasler|move: Wide Guard\n|\n|-weather|RainDance|[upkeep]\n|upkeep\n|\n|t:|1699323930\n|switch|p2a: Barraskewda|Barraskewda, M|100\/100\n|turn|4\n|inactive|alucard_wolf has 120 seconds left.\n|inactive|alucard_wolf has 90 seconds left.\n|inactive|alucard_wolf has 60 seconds left.\n|\n|t:|1699324035\n|-terastallize|p1b: Sneasler|Grass\n|move|p1a: Armarouge|Wide Guard|p1a: Armarouge\n|-singleturn|p1a: Armarouge|Wide Guard\n|move|p2a: Barraskewda|Liquidation|p1a: Armarouge\n|-supereffective|p1a: Armarouge\n|-enditem|p1a: Armarouge|Focus Sash\n|-damage|p1a: Armarouge|1\/100\n|-ability|p1a: Armarouge|Weak Armor|boost\n|-unboost|p1a: Armarouge|def|1\n|-boost|p1a: Armarouge|spe|2\n|move|p1b: Sneasler|Close Combat|p2b: Manaphy\n|-damage|p2b: Manaphy|22\/100\n|-unboost|p1b: Sneasler|def|1\n|-unboost|p1b: Sneasler|spd|1\n|-enditem|p1b: Sneasler|White Herb\n|-clearnegativeboost|p1b: Sneasler|[silent]\n|move|p2b: Manaphy|Ice Beam|p1b: Sneasler\n|-supereffective|p1b: Sneasler\n|-damage|p1b: Sneasler|0 fnt\n|faint|p1b: Sneasler\n|-damage|p2b: Manaphy|13\/100|[from] item: Life Orb\n|\n|-weather|RainDance|[upkeep]\n|upkeep\n|inactive|alucard_wolf has 30 seconds left.\n|\n|t:|1699324062\n|switch|p1b: Ogerpon|Ogerpon-Wellspring, F|100\/100\n|turn|5\n|\n|t:|1699324079\n|move|p1b: Ogerpon|Spiky Shield|p1b: Ogerpon\n|-singleturn|p1b: Ogerpon|move: Protect\n|move|p2a: Barraskewda|Liquidation|p1a: Armarouge\n|-supereffective|p1a: Armarouge\n|-damage|p1a: Armarouge|0 fnt\n|faint|p1a: Armarouge\n|move|p2b: Manaphy|Rest|p2b: Manaphy\n|-status|p2b: Manaphy|slp|[from] move: Rest\n|-heal|p2b: Manaphy|100\/100 slp|[silent]\n|\n|-weather|RainDance|[upkeep]\n|-activate|p2b: Manaphy|ability: Hydration\n|-curestatus|p2b: Manaphy|slp|[msg]\n|upkeep\n|\n|t:|1699324091\n|switch|p1a: Flutter Mane|Flutter Mane, shiny|100\/100\n|turn|6\n|\n|t:|1699324102\n|move|p2a: Barraskewda|Liquidation|p1a: Flutter Mane\n|-damage|p1a: Flutter Mane|0 fnt\n|faint|p1a: Flutter Mane\n|-end|p1a: Flutter Mane|Protosynthesis|[silent]\n|move|p2b: Manaphy|Ice Beam|p1b: Ogerpon\n|-damage|p1b: Ogerpon|21\/100\n|-damage|p2b: Manaphy|91\/100|[from] item: Life Orb\n|move|p1b: Ogerpon|Horn Leech|p2b: Manaphy\n|-supereffective|p2b: Manaphy\n|-damage|p2b: Manaphy|0 fnt\n|-heal|p1b: Ogerpon|63\/100|[from] drain|[of] p2b: Manaphy\n|faint|p2b: Manaphy\n|\n|-weather|RainDance|[upkeep]\n|upkeep\n|\n|t:|1699324116\n|switch|p2b: Basculegion|Basculegion-F, F|100\/100\n|turn|7\n|\n|t:|1699324122\n|switch|p2a: Zapdos|Zapdos|100\/100\n|move|p1b: Ogerpon|Spiky Shield|p1b: Ogerpon\n|-singleturn|p1b: Ogerpon|move: Protect\n|move|p2b: Basculegion|Last Respects|p1b: Ogerpon\n|-activate|p1b: Ogerpon|move: Protect\n|\n|-weather|RainDance|[upkeep]\n|upkeep\n|turn|8\n|inactive|alucard_wolf has 90 seconds left.\n|\n|t:|1699324133\n|move|p2b: Basculegion|Last Respects|p1b: Ogerpon\n|-damage|p1b: Ogerpon|0 fnt\n|faint|p1b: Ogerpon\n|\n|win|i am gamering\n|raw|alucard_wolf's rating: 1294 &rarr; <strong>1268<\/strong><br \/>(-26 for losing)\n|raw|i am gamering's rating: 1283 &rarr; <strong>1309<\/strong><br \/>(+26 for winning)\n|l|\u2606alucard_wolf\n","uploadtime":1699324139,"views":9,"p1id":"alucardwolf","p2id":"iamgamering","formatid":"gen9doublesou","rating":1268,"private":0,"password":""}