{"id":"gen9doublesou-1984867681","p1":"lagaysha","p2":"RudiHoshino","format":"[Gen 9] Doubles OU","log":"|j|\u2606lagaysha\n|j|\u2606RudiHoshino\n|t:|1699305907\n|gametype|doubles\n|player|p1|lagaysha|266|1257\n|player|p2|RudiHoshino|clair|1334\n|teamsize|p1|6\n|teamsize|p2|6\n|gen|9\n|tier|[Gen 9] Doubles OU\n|rated|\n|rule|Species Clause: Limit one of each Pok\u00e9mon\n|rule|OHKO Clause: OHKO moves are banned\n|rule|Evasion Moves Clause: Evasion moves are banned\n|rule|Gravity Sleep Clause: The combination of sleep-inducing moves with imperfect accuracy and Gravity or Gigantamax Orbeetle are banned\n|rule|Endless Battle Clause: Forcing endless battles is banned\n|rule|HP Percentage Mod: HP is shown in percentages\n|clearpoke\n|poke|p1|Blissey, F|\n|poke|p1|Landorus, M|\n|poke|p1|Dipplin, F|\n|poke|p1|Ninetales-Alola, M|\n|poke|p1|Garganacl, M|\n|poke|p1|Lilligant-Hisui, F|\n|poke|p2|Rillaboom, F|\n|poke|p2|Sinistcha|\n|poke|p2|Flutter Mane|\n|poke|p2|Iron Bundle|\n|poke|p2|Ninetales-Alola, M|\n|poke|p2|Kommo-o, M|\n|teampreview\n|\n|t:|1699305924\n|start\n|switch|p1a: Blissey|Blissey, F|100\/100\n|switch|p1b: Ninetales|Ninetales-Alola, M|100\/100\n|switch|p2a: Ninetales|Ninetales-Alola, M|100\/100\n|switch|p2b: Rillaboom|Rillaboom, F|100\/100\n|-weather|Snow|[from] ability: Snow Warning|[of] p2a: Ninetales\n|-fieldstart|move: Grassy Terrain|[from] ability: Grassy Surge|[of] p2b: Rillaboom\n|turn|1\n|\n|t:|1699305942\n|move|p2b: Rillaboom|Fake Out|p1b: Ninetales\n|-damage|p1b: Ninetales|86\/100\n|move|p2a: Ninetales|Aurora Veil|p2a: Ninetales\n|-sidestart|p2: RudiHoshino|move: Aurora Veil\n|cant|p1b: Ninetales|flinch\n|move|p1a: Blissey|Icy Wind|p2a: Ninetales|[spread] p2a,p2b\n|-resisted|p2a: Ninetales\n|-supereffective|p2b: Rillaboom\n|-damage|p2a: Ninetales|98\/100\n|-damage|p2b: Rillaboom|88\/100\n|-unboost|p2a: Ninetales|spe|1\n|-unboost|p2b: Rillaboom|spe|1\n|\n|-weather|Snow|[upkeep]\n|-heal|p1b: Ninetales|92\/100|[from] Grassy Terrain\n|-heal|p2a: Ninetales|100\/100|[from] Grassy Terrain\n|-heal|p2b: Rillaboom|94\/100|[from] Grassy Terrain\n|upkeep\n|turn|2\n|\n|t:|1699305963\n|switch|p2a: Sinistcha|Sinistcha|100\/100\n|-heal|p2b: Rillaboom|100\/100|[from] ability: Hospitality|[of] p2a: Sinistcha\n|-terastallize|p2b: Rillaboom|Grass\n|move|p2b: Rillaboom|Grassy Glide|p1b: Ninetales\n|-damage|p1b: Ninetales|28\/100\n|move|p1b: Ninetales|Aurora Veil|p1b: Ninetales\n|-sidestart|p1: lagaysha|move: Aurora Veil\n|move|p1a: Blissey|Icy Wind|p2a: Sinistcha|[spread] p2a,p2b\n|-supereffective|p2a: Sinistcha\n|-supereffective|p2b: Rillaboom\n|-damage|p2a: Sinistcha|89\/100\n|-damage|p2b: Rillaboom|88\/100\n|-unboost|p2a: Sinistcha|spe|1\n|-unboost|p2b: Rillaboom|spe|1\n|\n|-weather|Snow|[upkeep]\n|-heal|p1b: Ninetales|34\/100|[from] Grassy Terrain\n|-heal|p2b: Rillaboom|95\/100|[from] Grassy Terrain\n|-heal|p2a: Sinistcha|95\/100|[from] Grassy Terrain\n|-heal|p2a: Sinistcha|100\/100|[from] item: Leftovers\n|upkeep\n|turn|3\n|\n|t:|1699305987\n|move|p2b: Rillaboom|Grassy Glide|p1b: Ninetales\n|-damage|p1b: Ninetales|0 fnt\n|faint|p1b: Ninetales\n|move|p1a: Blissey|Gravity|p1a: Blissey\n|-fieldstart|move: Gravity\n|move|p2a: Sinistcha|Matcha Gotcha|p1a: Blissey\n|-damage|p1a: Blissey|90\/100\n|-status|p1a: Blissey|brn\n|\n|-weather|Snow|[upkeep]\n|-heal|p2b: Rillaboom|100\/100|[from] Grassy Terrain\n|-heal|p1a: Blissey|96\/100 brn|[from] Grassy Terrain\n|-heal|p1a: Blissey|100\/100 brn|[from] item: Leftovers\n|-damage|p1a: Blissey|94\/100 brn|[from] brn\n|upkeep\n|\n|t:|1699306011\n|switch|p1b: Lilligant|Lilligant-Hisui, F|100\/100\n|turn|4\n|\n|t:|1699306036\n|move|p2b: Rillaboom|Grassy Glide|p1a: Blissey\n|-damage|p1a: Blissey|59\/100 brn\n|move|p1b: Lilligant|Brick Break|p2b: Rillaboom\n|-sideend|p2: RudiHoshino|move: Aurora Veil\n|-damage|p2b: Rillaboom|34\/100\n|-damage|p1b: Lilligant|91\/100|[from] item: Life Orb\n|move|p1a: Blissey|Seismic Toss|p2b: Rillaboom\n|-damage|p2b: Rillaboom|5\/100\n|move|p2a: Sinistcha|Matcha Gotcha|p1a: Blissey|[spread] p1a,p1b\n|-resisted|p1b: Lilligant\n|-damage|p1a: Blissey|50\/100 brn\n|-damage|p1b: Lilligant|74\/100\n|-status|p1b: Lilligant|brn\n|\n|-weather|Snow|[upkeep]\n|-heal|p1b: Lilligant|80\/100 brn|[from] Grassy Terrain\n|-heal|p2b: Rillaboom|11\/100|[from] Grassy Terrain\n|-heal|p1a: Blissey|56\/100 brn|[from] Grassy Terrain\n|-activate|p1a: Blissey|ability: Healer\n|-curestatus|p1b: Lilligant|brn|[msg]\n|-heal|p1a: Blissey|63\/100 brn|[from] item: Leftovers\n|-damage|p1a: Blissey|56\/100 brn|[from] brn\n|upkeep\n|turn|5\n|\n|t:|1699306071\n|move|p2a: Sinistcha|Rage Powder|p2a: Sinistcha\n|-singleturn|p2a: Sinistcha|move: Rage Powder\n|move|p2b: Rillaboom|Grassy Glide|p1a: Blissey\n|-damage|p1a: Blissey|22\/100 brn\n|move|p1b: Lilligant|Ice Spinner|p2a: Sinistcha\n|-supereffective|p2a: Sinistcha\n|-crit|p2a: Sinistcha\n|-damage|p2a: Sinistcha|4\/100\n|-fieldend|move: Grassy Terrain\n|-damage|p1b: Lilligant|70\/100|[from] item: Life Orb\n|move|p1a: Blissey|Icy Wind|p2b: Rillaboom|[spread] p2a,p2b\n|-supereffective|p2a: Sinistcha\n|-supereffective|p2b: Rillaboom\n|-damage|p2a: Sinistcha|0 fnt\n|-damage|p2b: Rillaboom|0 fnt\n|faint|p2a: Sinistcha\n|faint|p2b: Rillaboom\n|\n|-weather|none\n|-heal|p1a: Blissey|28\/100 brn|[from] item: Leftovers\n|-damage|p1a: Blissey|22\/100 brn|[from] brn\n|upkeep\n|\n|t:|1699306089\n|switch|p2b: Kommo-o|Kommo-o, M|100\/100\n|switch|p2a: Ninetales|Ninetales-Alola, M|100\/100\n|-weather|Snow|[from] ability: Snow Warning|[of] p2a: Ninetales\n|turn|6\n|inactive|Battle timer is ON: inactive players will automatically lose when time's up. (requested by RudiHoshino)\n|\n|t:|1699306133\n|move|p2a: Ninetales|Aurora Veil|p2a: Ninetales\n|-sidestart|p2: RudiHoshino|move: Aurora Veil\n|move|p1b: Lilligant|Brick Break|p2b: Kommo-o\n|-sideend|p2: RudiHoshino|move: Aurora Veil\n|-damage|p2b: Kommo-o|41\/100\n|-damage|p1b: Lilligant|60\/100|[from] item: Life Orb\n|move|p2b: Kommo-o|Clangorous Soul|p2b: Kommo-o\n|-boost|p2b: Kommo-o|atk|1\n|-boost|p2b: Kommo-o|def|1\n|-boost|p2b: Kommo-o|spa|1\n|-boost|p2b: Kommo-o|spd|1\n|-boost|p2b: Kommo-o|spe|1\n|-damage|p2b: Kommo-o|8\/100\n|-enditem|p2b: Kommo-o|Throat Spray\n|-boost|p2b: Kommo-o|spa|1|[from] item: Throat Spray\n|move|p1a: Blissey|Soft-Boiled|p1a: Blissey\n|-heal|p1a: Blissey|72\/100 brn\n|\n|-weather|Snow|[upkeep]\n|-heal|p1a: Blissey|78\/100 brn|[from] item: Leftovers\n|-damage|p1a: Blissey|72\/100 brn|[from] brn\n|upkeep\n|turn|7\n|inactive|RudiHoshino has 120 seconds left.\n|\n|t:|1699306172\n|move|p2b: Kommo-o|Aura Sphere|p1a: Blissey\n|-supereffective|p1a: Blissey\n|-damage|p1a: Blissey|36\/100 brn\n|move|p2a: Ninetales|Blizzard|p1b: Lilligant|[spread] p1a,p1b\n|-supereffective|p1b: Lilligant\n|-damage|p1a: Blissey|29\/100 brn\n|-damage|p1b: Lilligant|2\/100\n|move|p1b: Lilligant|Brick Break|p2b: Kommo-o\n|-damage|p2b: Kommo-o|0 fnt\n|faint|p2b: Kommo-o\n|-damage|p1b: Lilligant|0 fnt|[from] item: Life Orb\n|faint|p1b: Lilligant\n|move|p1a: Blissey|Icy Wind|p2a: Ninetales\n|-resisted|p2a: Ninetales\n|-damage|p2a: Ninetales|95\/100\n|-unboost|p2a: Ninetales|spe|1\n|\n|-weather|Snow|[upkeep]\n|-heal|p1a: Blissey|35\/100 brn|[from] item: Leftovers\n|-damage|p1a: Blissey|29\/100 brn|[from] brn\n|-fieldend|move: Gravity\n|upkeep\n|\n|t:|1699306201\n|switch|p1b: Dipplin|Dipplin, F|100\/100\n|switch|p2b: Iron Bundle|Iron Bundle|100\/100\n|-ability|p1b: Dipplin|Supersweet Syrup\n|-ability|p1b: Dipplin|Supersweet Syrup|boost\n|-unboost|p2a: Ninetales|evasion|1\n|-unboost|p2b: Iron Bundle|evasion|1\n|-enditem|p2b: Iron Bundle|Booster Energy\n|-activate|p2b: Iron Bundle|ability: Quark Drive|[fromitem]\n|-start|p2b: Iron Bundle|quarkdrivespa\n|turn|8\n|\n|t:|1699306222\n|move|p2b: Iron Bundle|Blizzard|p1a: Blissey|[spread] p1a,p1b\n|-supereffective|p1b: Dipplin\n|-damage|p1a: Blissey|14\/100 brn\n|-damage|p1b: Dipplin|0 fnt\n|faint|p1b: Dipplin\n|move|p2a: Ninetales|Blizzard|p1a: Blissey\n|-damage|p1a: Blissey|3\/100 brn\n|move|p1a: Blissey|Soft-Boiled|p1a: Blissey\n|-heal|p1a: Blissey|53\/100 brn\n|\n|-weather|Snow|[upkeep]\n|-heal|p1a: Blissey|59\/100 brn|[from] item: Leftovers\n|-damage|p1a: Blissey|53\/100 brn|[from] brn\n|upkeep\n|inactive|lagaysha has 120 seconds left.\n|\n|t:|1699306254\n|switch|p1b: Garganacl|Garganacl, M|100\/100\n|turn|9\n|inactive|lagaysha has 120 seconds left.\n|\n|t:|1699306288\n|move|p2b: Iron Bundle|Hydro Pump|p1b: Garganacl|[miss]\n|-miss|p2b: Iron Bundle|p1b: Garganacl\n|move|p2a: Ninetales|Blizzard|p1a: Blissey|[spread] p1a,p1b\n|-damage|p1a: Blissey|45\/100 brn\n|-damage|p1b: Garganacl|77\/100\n|move|p1a: Blissey|Icy Wind|p2a: Ninetales|[spread] p2a,p2b\n|-resisted|p2a: Ninetales\n|-resisted|p2b: Iron Bundle\n|-damage|p2a: Ninetales|90\/100\n|-damage|p2b: Iron Bundle|97\/100\n|-unboost|p2a: Ninetales|spe|1\n|-unboost|p2b: Iron Bundle|spe|1\n|move|p1b: Garganacl|Iron Head|p2a: Ninetales\n|-supereffective|p2a: Ninetales\n|-damage|p2a: Ninetales|0 fnt\n|faint|p2a: Ninetales\n|\n|-weather|Snow|[upkeep]\n|-heal|p1a: Blissey|51\/100 brn|[from] item: Leftovers\n|-heal|p1b: Garganacl|84\/100|[from] item: Leftovers\n|-damage|p1a: Blissey|45\/100 brn|[from] brn\n|-sideend|p1: lagaysha|move: Aurora Veil\n|upkeep\n|\n|t:|1699306299\n|switch|p2a: Flutter Mane|Flutter Mane|100\/100\n|-enditem|p2a: Flutter Mane|Booster Energy\n|-activate|p2a: Flutter Mane|ability: Protosynthesis|[fromitem]\n|-start|p2a: Flutter Mane|protosynthesisspa\n|turn|10\n|inactive|lagaysha has 120 seconds left.\n|\n|t:|1699306320\n|move|p2a: Flutter Mane|Dazzling Gleam|p1a: Blissey|[spread] p1a,p1b\n|-damage|p1a: Blissey|29\/100 brn\n|-damage|p1b: Garganacl|36\/100\n|move|p2b: Iron Bundle|Blizzard|p1a: Blissey|[spread] p1a,p1b\n|-damage|p1a: Blissey|8\/100 brn\n|-damage|p1b: Garganacl|0 fnt\n|faint|p1b: Garganacl\n|move|p1a: Blissey|Icy Wind|p2b: Iron Bundle|[spread] p2a,p2b\n|-resisted|p2b: Iron Bundle\n|-damage|p2a: Flutter Mane|93\/100\n|-damage|p2b: Iron Bundle|93\/100\n|-unboost|p2a: Flutter Mane|spe|1\n|-unboost|p2b: Iron Bundle|spe|1\n|\n|-weather|none\n|-heal|p1a: Blissey|14\/100 brn|[from] item: Leftovers\n|-damage|p1a: Blissey|8\/100 brn|[from] brn\n|upkeep\n|\n|t:|1699306333\n|switch|p1b: Landorus|Landorus, M|100\/100\n|turn|11\n|inactive|lagaysha has 120 seconds left.\n|\n|t:|1699306358\n|-terastallize|p1b: Landorus|Fighting\n|move|p1b: Landorus|Sandsear Storm|p2b: Iron Bundle|[spread] p2a,p2b\n|-damage|p2a: Flutter Mane|24\/100\n|-damage|p2b: Iron Bundle|0 fnt\n|faint|p2b: Iron Bundle\n|-end|p2b: Iron Bundle|Quark Drive|[silent]\n|move|p2a: Flutter Mane|Dazzling Gleam|p1b: Landorus|[spread] p1a,p1b\n|-supereffective|p1b: Landorus\n|-damage|p1a: Blissey|0 fnt\n|-damage|p1b: Landorus|0 fnt\n|faint|p1a: Blissey\n|faint|p1b: Landorus\n|\n|win|RudiHoshino\n|raw|lagaysha's rating: 1257 &rarr; <strong>1237<\/strong><br \/>(-20 for losing)\n|raw|RudiHoshino's rating: 1334 &rarr; <strong>1350<\/strong><br \/>(+16 for winning)\n|l|\u2606lagaysha\n|l|\u2606RudiHoshino\n|j|\u2606RudiHoshino\n|player|p2|RudiHoshino|clair\n","uploadtime":1699306426,"views":9,"p1id":"lagaysha","p2id":"rudihoshino","formatid":"gen9doublesou","rating":1237,"private":0,"password":""}