{"id":"gen9doublesou-1989255149","p1":"staraptor44","p2":"Shiritu","format":"[Gen 9] Doubles OU","log":"|j|\u2606staraptor44\n|j|\u2606Shiritu\n|t:|1699828547\n|gametype|doubles\n|player|p1|staraptor44|veteran-gen4|\n|player|p2|Shiritu|ash-sinnoh|\n|teamsize|p1|6\n|teamsize|p2|6\n|gen|9\n|tier|[Gen 9] Doubles OU\n|rule|Species Clause: Limit one of each Pok\u00e9mon\n|rule|OHKO Clause: OHKO moves are banned\n|rule|Evasion Moves Clause: Evasion moves are banned\n|rule|Gravity Sleep Clause: The combination of sleep-inducing moves with imperfect accuracy and Gravity or Gigantamax Orbeetle are banned\n|rule|Endless Battle Clause: Forcing endless battles is banned\n|rule|HP Percentage Mod: HP is shown in percentages\n|clearpoke\n|poke|p1|Indeedee-F, F|\n|poke|p1|Armarouge, M|\n|poke|p1|Gallade, M|\n|poke|p1|Ursaluna, F|\n|poke|p1|Lilligant-Hisui, F|\n|poke|p1|Torkoal, M|\n|poke|p2|Kingambit, F|\n|poke|p2|Ogerpon-Wellspring, F|\n|poke|p2|Landorus, M|\n|poke|p2|Zapdos|\n|poke|p2|Politoed, F|\n|poke|p2|Okidogi, M|\n|teampreview\n|c|\u2606staraptor44|hf\n|c|\u2606Shiritu|\/log Shiritu made this room public.\n|j| Ina fable\n|c|\u2606Shiritu|u2\n|\n|t:|1699828638\n|start\n|switch|p1a: Lilligant|Lilligant-Hisui, F|100\/100\n|switch|p1b: Gallade|Gallade, M|100\/100\n|switch|p2a: Landorus|Landorus, M|100\/100\n|switch|p2b: Kingambit|Kingambit, F|100\/100\n|turn|1\n|j| smudge\n|l|\u2606staraptor44\n|player|p1|\n|j| theyummybagel\n|j| Lemurro\n|j|\u2606staraptor44\n|player|p1|staraptor44|veteran-gen4\n|\n|t:|1699828711\n|move|p2a: Landorus|Earth Power|p1b: Gallade\n|-crit|p1b: Gallade\n|-damage|p1b: Gallade|0 fnt\n|faint|p1b: Gallade\n|move|p1a: Lilligant|Sleep Powder|p2a: Landorus|[miss]\n|-miss|p1a: Lilligant|p2a: Landorus\n|move|p2b: Kingambit|Kowtow Cleave|p1a: Lilligant\n|-resisted|p1a: Lilligant\n|-damage|p1a: Lilligant|62\/100\n|\n|upkeep\n|j| Peter Pan GC\n|j| Akaru Kokuyo\u3075\u308f\n|j| AIRedzone\n|j| R4ye\n|j| FrostPixel\n|j| SEROO@!\n|j| Eragon11145\n|l| R4ye\n|\n|t:|1699828725\n|switch|p1b: Torkoal|Torkoal, M|100\/100\n|-weather|SunnyDay|[from] ability: Drought|[of] p1b: Torkoal\n|turn|2\n|j| R4ye\n|l| Eragon11145\n|j| KeanuVGC\n|j|+ryo yamada2001\n|j| MADARAAAA\n|l| KeanuVGC\n|j| YOUNG MlKO\n|j| qsns\n|l| AIRedzone\n|j| F3rrari450\n|j| KeanuVGC\n|j|+zoe\n|\n|t:|1699828787\n|-end|p2b: Kingambit|fallenundefined|[silent]\n|switch|p2b: Politoed|Politoed, F|100\/100\n|-weather|RainDance|[from] ability: Drizzle|[of] p2b: Politoed\n|move|p2a: Landorus|Sludge Bomb|p1a: Lilligant\n|-supereffective|p1a: Lilligant\n|-damage|p1a: Lilligant|0 fnt\n|faint|p1a: Lilligant\n|move|p1b: Torkoal|Eruption|p2b: Politoed|[spread] p2a,p2b\n|-resisted|p2b: Politoed\n|-crit|p2b: Politoed\n|-damage|p2a: Landorus|58\/100\n|-damage|p2b: Politoed|80\/100\n|-damage|p1b: Torkoal|91\/100|[from] item: Life Orb\n|\n|-weather|RainDance|[upkeep]\n|upkeep\n|l| KeanuVGC\n|\n|t:|1699828806\n|switch|p1a: Indeedee|Indeedee-F, F|100\/100\n|-fieldstart|move: Psychic Terrain|[from] ability: Psychic Surge|[of] p1a: Indeedee\n|-enditem|p1a: Indeedee|Psychic Seed\n|-boost|p1a: Indeedee|spd|1|[from] item: Psychic Seed\n|turn|3\n|j| KeanuVGC\n|j| Tenzai\n|l| KeanuVGC\n|j| Yddeon\n|j| Papiloco\n|j| KeanuVGC\n|j| Eragon11145\n|j| elleapple\n|l| Eragon11145\n|l| Lemurro\n|l| MADARAAAA\n|\n|t:|1699828874\n|switch|p2b: Ogerpon|Ogerpon-Wellspring, F|100\/100\n|switch|p1b: Ursaluna|Ursaluna, F|100\/100\n|move|p2a: Landorus|Sandsear Storm|p1b: Ursaluna|[spread] p1a,p1b\n|-damage|p1a: Indeedee|60\/100\n|-damage|p1b: Ursaluna|50\/100\n|move|p1a: Indeedee|Trick Room|p1a: Indeedee\n|-fieldstart|move: Trick Room|[of] p1a: Indeedee\n|\n|-weather|RainDance|[upkeep]\n|-status|p1b: Ursaluna|brn|[from] item: Flame Orb\n|upkeep\n|turn|4\n|j| Enzonana\n|j| SMB\n|c| Enzonana|insano el shiritu sample\n|j| Lemurro\n|j| RiloBR\n|j| GuitarheroVGC\n|c| Peter Pan GC|Shiritu y su lore\n|\n|t:|1699828960\n|move|p1a: Indeedee|Follow Me|p1a: Indeedee\n|-singleturn|p1a: Indeedee|move: Follow Me\n|move|p1b: Ursaluna|Facade|p2a: Landorus\n|-damage|p2a: Landorus|0 fnt\n|faint|p2a: Landorus\n|move|p2b: Ogerpon|Ivy Cudgel|p1a: Indeedee\n|-damage|p1a: Indeedee|0 fnt\n|faint|p1a: Indeedee\n|\n|-weather|RainDance|[upkeep]\n|-damage|p1b: Ursaluna|44\/100 brn|[from] brn\n|upkeep\n|l| Lemurro\n|l| qsns\n|l| GuitarheroVGC\n|j| LpZ IV\n|\n|t:|1699829017\n|switch|p1a: Armarouge|Armarouge, M|100\/100\n|switch|p2a: Kingambit|Kingambit, F|100\/100\n|-activate|p2a: Kingambit|ability: Supreme Overlord\n|-start|p2a: Kingambit|fallen1|[silent]\n|turn|5\n|j| GuitarheroVGC\n|j| Feyette\n|j| jomatoes\n|l| Feyette\n|\n|t:|1699829092\n|-terastallize|p1a: Armarouge|Psychic\n|move|p2a: Kingambit|Protect|p2a: Kingambit\n|-singleturn|p2a: Kingambit|Protect\n|move|p2b: Ogerpon|Spiky Shield|p2b: Ogerpon\n|-singleturn|p2b: Ogerpon|move: Protect\n|move|p1b: Ursaluna|Headlong Rush|p2a: Kingambit\n|-activate|p2a: Kingambit|move: Protect\n|move|p1a: Armarouge|Expanding Force|p2b: Ogerpon|[spread] \n|-activate|p2a: Kingambit|move: Protect\n|-activate|p2b: Ogerpon|move: Protect\n|\n|-weather|RainDance|[upkeep]\n|-damage|p1b: Ursaluna|37\/100 brn|[from] brn\n|upkeep\n|turn|6\n|j| AIRedzone\n|j| EGAWalreins\n|j| tyo\n|j| voltiix\n|l| voltiix\n|j| voltiix\n|l| voltiix\n|\n|t:|1699829152\n|switch|p2b: Zapdos|Zapdos|100\/100\n|-terastallize|p2a: Kingambit|Fairy\n|move|p1b: Ursaluna|Headlong Rush|p2a: Kingambit\n|-damage|p2a: Kingambit|22\/100\n|-unboost|p1b: Ursaluna|def|1\n|-unboost|p1b: Ursaluna|spd|1\n|move|p2a: Kingambit|Kowtow Cleave|p1a: Armarouge\n|-supereffective|p1a: Armarouge\n|-damage|p1a: Armarouge|0 fnt\n|faint|p1a: Armarouge\n|\n|-weather|none\n|-damage|p1b: Ursaluna|31\/100 brn|[from] brn\n|upkeep\n|l|+zoe\n|\n|t:|1699829166\n|switch|p1a: Torkoal|Torkoal, M|91\/100\n|-weather|SunnyDay|[from] ability: Drought|[of] p1a: Torkoal\n|turn|7\n|l| KeanuVGC\n|l| AIRedzone\n|\n|t:|1699829185\n|switch|p2b: Politoed|Politoed, F|80\/100\n|-weather|RainDance|[from] ability: Drizzle|[of] p2b: Politoed\n|move|p2a: Kingambit|Protect|p2a: Kingambit\n|-singleturn|p2a: Kingambit|Protect\n|move|p1a: Torkoal|Eruption|p2a: Kingambit|[spread] p2b\n|-activate|p2a: Kingambit|move: Protect\n|-resisted|p2b: Politoed\n|-damage|p2b: Politoed|67\/100\n|-damage|p1a: Torkoal|81\/100|[from] item: Life Orb\n|move|p1b: Ursaluna|Facade|p2b: Politoed\n|-damage|p2b: Politoed|0 fnt\n|faint|p2b: Politoed\n|\n|-weather|RainDance|[upkeep]\n|-damage|p1b: Ursaluna|25\/100 brn|[from] brn\n|-fieldend|move: Trick Room\n|-fieldend|move: Psychic Terrain\n|upkeep\n|j| RelicanthPrimal<><\n|j| voltiix\n|l| voltiix\n|c| Ina fable|Shirigoat\n|\n|t:|1699829204\n|switch|p2b: Ogerpon|Ogerpon-Wellspring, F|100\/100\n|turn|8\n|j| voltiix\n|l| Papiloco\n|\n|t:|1699829209\n|move|p2b: Ogerpon|Ivy Cudgel|p1b: Ursaluna\n|-supereffective|p1b: Ursaluna\n|-damage|p1b: Ursaluna|0 fnt\n|faint|p1b: Ursaluna\n|move|p2a: Kingambit|Kowtow Cleave|p1a: Torkoal\n|-damage|p1a: Torkoal|41\/100\n|move|p1a: Torkoal|Eruption|p2a: Kingambit|[spread] p2a,p2b\n|-damage|p2a: Kingambit|11\/100\n|-damage|p2b: Ogerpon|86\/100\n|-damage|p1a: Torkoal|31\/100|[from] item: Life Orb\n|\n|-weather|RainDance|[upkeep]\n|upkeep\n|turn|9\n|\n|t:|1699829217\n|move|p2b: Ogerpon|Ivy Cudgel|p1a: Torkoal\n|-supereffective|p1a: Torkoal\n|-damage|p1a: Torkoal|0 fnt\n|faint|p1a: Torkoal\n|\n|win|Shiritu\n","uploadtime":1699829221,"views":80,"p1id":"staraptor44","p2id":"shiritu","formatid":"gen9doublesou","rating":0,"private":0,"password":""}