{"id":"gen9doublesou-1996412813","p1":"Azathoth461","p2":"PoliteGhost","format":"[Gen 9] Doubles OU","log":"|j|\u2606Azathoth461\n|j|\u2606PoliteGhost\n|t:|1700679584\n|gametype|doubles\n|player|p1|Azathoth461|n|1535\n|player|p2|PoliteGhost|giovanni|1470\n|teamsize|p1|6\n|teamsize|p2|6\n|gen|9\n|tier|[Gen 9] Doubles OU\n|rated|\n|rule|Species Clause: Limit one of each Pok\u00e9mon\n|rule|OHKO Clause: OHKO moves are banned\n|rule|Evasion Moves Clause: Evasion moves are banned\n|rule|Gravity Sleep Clause: The combination of sleep-inducing moves with imperfect accuracy and Gravity or Gigantamax Orbeetle are banned\n|rule|Endless Battle Clause: Forcing endless battles is banned\n|rule|HP Percentage Mod: HP is shown in percentages\n|clearpoke\n|poke|p1|Kingambit, F|\n|poke|p1|Armarouge, F|\n|poke|p1|Indeedee-F, F|\n|poke|p1|Ogerpon-Wellspring, F|\n|poke|p1|Sinistcha|\n|poke|p1|Ursaluna, F|\n|poke|p2|Chi-Yu|\n|poke|p2|Ursaluna-Bloodmoon, M|\n|poke|p2|Goodra-Hisui, F|\n|poke|p2|Iron Hands|\n|poke|p2|Ogerpon-Wellspring, F|\n|poke|p2|Enamorus-Therian, F|\n|teampreview\n|\n|t:|1700679591\n|start\n|switch|p1a: Morgan|Indeedee-F, F|100\/100\n|switch|p1b: Gawain|Armarouge, F, shiny|100\/100\n|switch|p2a: Chi-Yu|Chi-Yu|100\/100\n|switch|p2b: Ursaluna|Ursaluna-Bloodmoon, M|100\/100\n|-ability|p2a: Chi-Yu|Beads of Ruin\n|-fieldstart|move: Psychic Terrain|[from] ability: Psychic Surge|[of] p1a: Morgan\n|-enditem|p1a: Morgan|Psychic Seed\n|-boost|p1a: Morgan|spd|1|[from] item: Psychic Seed\n|turn|1\n|inactive|Battle timer is ON: inactive players will automatically lose when time's up. (requested by PoliteGhost)\n|\n|t:|1700679624\n|-terastallize|p1b: Gawain|Grass\n|move|p2a: Chi-Yu|Dark Pulse|p1b: Gawain\n|-damage|p1b: Gawain|51\/100\n|move|p2b: Ursaluna|Hyper Voice|p1a: Morgan|[spread] p1a,p1b\n|-damage|p1a: Morgan|56\/100\n|-damage|p1b: Gawain|0 fnt\n|faint|p1b: Gawain\n|-damage|p2b: Ursaluna|90\/100|[from] item: Life Orb\n|move|p1a: Morgan|Trick Room|p1a: Morgan\n|-fieldstart|move: Trick Room|[of] p1a: Morgan\n|\n|upkeep\n|\n|t:|1700679634\n|switch|p1b: On Sight|Ursaluna, F|100\/100\n|turn|2\n|\n|t:|1700679652\n|move|p1a: Morgan|Follow Me|p1a: Morgan\n|-singleturn|p1a: Morgan|move: Follow Me\n|move|p1b: On Sight|Swords Dance|p1b: On Sight\n|-boost|p1b: On Sight|atk|2\n|move|p2b: Ursaluna|Blood Moon|p1a: Morgan\n|-damage|p1a: Morgan|0 fnt\n|faint|p1a: Morgan\n|-damage|p2b: Ursaluna|80\/100|[from] item: Life Orb\n|move|p2a: Chi-Yu|Will-O-Wisp|p1b: On Sight|[miss]\n|-miss|p2a: Chi-Yu|p1b: On Sight\n|\n|-status|p1b: On Sight|brn|[from] item: Flame Orb\n|upkeep\n|\n|t:|1700679663\n|switch|p1a: Muramasa|Kingambit, F|100\/100\n|-activate|p1a: Muramasa|ability: Supreme Overlord\n|-start|p1a: Muramasa|fallen2|[silent]\n|turn|3\n|inactive|PoliteGhost has 120 seconds left.\n|\n|t:|1700679707\n|move|p1a: Muramasa|Kowtow Cleave|p2a: Chi-Yu\n|-resisted|p2a: Chi-Yu\n|-damage|p2a: Chi-Yu|59\/100\n|move|p1b: On Sight|Facade|p2b: Ursaluna\n|-damage|p2b: Ursaluna|0 fnt\n|faint|p2b: Ursaluna\n|move|p2a: Chi-Yu|Will-O-Wisp|p1a: Muramasa\n|-status|p1a: Muramasa|brn\n|\n|-damage|p1b: On Sight|94\/100 brn|[from] brn\n|-damage|p1a: Muramasa|94\/100 brn|[from] brn\n|upkeep\n|\n|t:|1700679727\n|switch|p2b: Goodra|Goodra-Hisui, F|100\/100\n|turn|4\n|\n|t:|1700679746\n|-end|p1a: Muramasa|fallen2|[silent]\n|switch|p1a: Rikyu|Sinistcha|100\/100\n|-heal|p1b: On Sight|100\/100 brn|[from] ability: Hospitality|[of] p1a: Rikyu\n|move|p1b: On Sight|Facade|p2a: Chi-Yu\n|-damage|p2a: Chi-Yu|0 fnt\n|faint|p2a: Chi-Yu\n|move|p2b: Goodra|Acid Armor|p2b: Goodra\n|-boost|p2b: Goodra|def|2\n|\n|-damage|p1b: On Sight|94\/100 brn|[from] brn\n|upkeep\n|\n|t:|1700679758\n|switch|p2a: Enamorus|Enamorus-Therian, F|100\/100\n|turn|5\n|inactive|PoliteGhost has 120 seconds left.\n|\n|t:|1700679774\n|move|p1b: On Sight|Facade|p2a: Enamorus\n|-damage|p2a: Enamorus|0 fnt\n|faint|p2a: Enamorus\n|move|p2b: Goodra|Acid Armor|p2b: Goodra\n|-boost|p2b: Goodra|def|2\n|move|p1a: Rikyu|Matcha Gotcha|p2b: Goodra\n|-resisted|p2b: Goodra\n|-damage|p2b: Goodra|96\/100\n|\n|-damage|p1b: On Sight|88\/100 brn|[from] brn\n|-fieldend|move: Trick Room\n|-fieldend|move: Psychic Terrain\n|upkeep\n|\n|t:|1700679787\n|switch|p2a: Ogerpon|Ogerpon-Wellspring, F|100\/100\n|turn|6\n|\n|t:|1700679796\n|move|p1a: Rikyu|Rage Powder|p1a: Rikyu\n|-singleturn|p1a: Rikyu|move: Rage Powder\n|move|p2a: Ogerpon|Ivy Cudgel|p1b: On Sight|[anim] Ivy Cudgel Water\n|-supereffective|p1b: On Sight\n|-damage|p1b: On Sight|8\/100 brn\n|move|p2b: Goodra|Acid Armor|p2b: Goodra\n|-boost|p2b: Goodra|def|2\n|move|p1b: On Sight|Facade|p2a: Ogerpon\n|-damage|p2a: Ogerpon|0 fnt\n|faint|p2a: Ogerpon\n|\n|-damage|p1b: On Sight|2\/100 brn|[from] brn\n|upkeep\n|\n|t:|1700679805\n|switch|p2a: Iron Hands|Iron Hands|100\/100\n|turn|7\n|\n|t:|1700679825\n|-terastallize|p2a: Iron Hands|Grass\n|move|p2a: Iron Hands|Fake Out|p1b: On Sight\n|-damage|p1b: On Sight|0 fnt\n|faint|p1b: On Sight\n|move|p1a: Rikyu|Life Dew||[still]\n|-fail|p1a: Rikyu|heal\n|move|p2b: Goodra|Heavy Slam|p1a: Rikyu\n|-damage|p1a: Rikyu|59\/100\n|\n|upkeep\n|\n|t:|1700679829\n|switch|p1b: Ibaraki|Ogerpon-Wellspring, F|100\/100\n|turn|8\n|c|\u2606Azathoth461|ah fuck\n|c|\u2606Azathoth461|ggs\n|\n|t:|1700679848\n|move|p1a: Rikyu|Rage Powder|p1a: Rikyu\n|-singleturn|p1a: Rikyu|move: Rage Powder\n|move|p1b: Ibaraki|Ivy Cudgel|p2a: Iron Hands|[anim] Ivy Cudgel Water\n|-resisted|p2a: Iron Hands\n|-damage|p2a: Iron Hands|79\/100\n|move|p2b: Goodra|Heavy Slam|p1a: Rikyu\n|-damage|p1a: Rikyu|18\/100\n|-enditem|p1a: Rikyu|Iapapa Berry|[eat]\n|-heal|p1a: Rikyu|51\/100|[from] item: Iapapa Berry\n|move|p2a: Iron Hands|Wild Charge|p1b: Ibaraki\n|-damage|p1b: Ibaraki|23\/100\n|-damage|p2a: Iron Hands|67\/100|[from] Recoil\n|\n|upkeep\n|turn|9\n|\n|t:|1700679869\n|move|p1b: Ibaraki|Ivy Cudgel|p2a: Iron Hands|[anim] Ivy Cudgel Water\n|-resisted|p2a: Iron Hands\n|-damage|p2a: Iron Hands|48\/100\n|move|p1a: Rikyu|Life Dew|p1a: Rikyu|[spread] p1a\n|-heal|p1b: Ibaraki|48\/100|[from] ability: Water Absorb|[of] p1a: Rikyu\n|-heal|p1a: Rikyu|76\/100\n|move|p2b: Goodra|Heavy Slam|p1a: Rikyu\n|-damage|p1a: Rikyu|38\/100\n|move|p2a: Iron Hands|Drain Punch|p1b: Ibaraki\n|-damage|p1b: Ibaraki|0 fnt\n|-heal|p2a: Iron Hands|62\/100|[from] drain|[of] p1b: Ibaraki\n|faint|p1b: Ibaraki\n|\n|upkeep\n|-message|Azathoth461 forfeited.\n|\n|win|PoliteGhost\n|raw|Azathoth461's rating: 1535 &rarr; <strong>1511<\/strong><br \/>(-24 for losing)\n|raw|PoliteGhost's rating: 1470 &rarr; <strong>1494<\/strong><br \/>(+24 for winning)\n|l|\u2606Azathoth461\n","uploadtime":1700679897,"views":6,"p1id":"azathoth461","p2id":"politeghost","formatid":"gen9doublesou","rating":1494,"private":0,"password":""}