{"id":"gen9doublesou-1979432246","p1":"Go a Ghost","p2":"Lunavolt II","format":"[Gen 9] Doubles OU","log":"|j|\u203dGo a Ghost\n|j|\u2606Lunavolt II\n|t:|1698682231\n|gametype|doubles\n|player|p1|Go a Ghost|acerola|1000\n|player|p2|Lunavolt II|101|1015\n|teamsize|p1|6\n|teamsize|p2|6\n|gen|9\n|tier|[Gen 9] Doubles OU\n|rated|\n|rule|Species Clause: Limit one of each Pok\u00e9mon\n|rule|OHKO Clause: OHKO moves are banned\n|rule|Evasion Moves Clause: Evasion moves are banned\n|rule|Gravity Sleep Clause: The combination of sleep-inducing moves with imperfect accuracy and Gravity or Gigantamax Orbeetle are banned\n|rule|Endless Battle Clause: Forcing endless battles is banned\n|rule|HP Percentage Mod: HP is shown in percentages\n|clearpoke\n|poke|p1|Gholdengo|\n|poke|p1|Sinistcha-Masterpiece|\n|poke|p1|Ceruledge, M|\n|poke|p1|Zoroark-Hisui, F|\n|poke|p1|Skeledirge, M|\n|poke|p1|Sableye, M|\n|poke|p2|Hatterene, F|\n|poke|p2|Indeedee-F, F|\n|poke|p2|Sableye, F|\n|poke|p2|Krookodile, F|\n|poke|p2|Flamigo, F|\n|poke|p2|Meowscarada, F|\n|teampreview\n|\n|t:|1698682255\n|start\n|switch|p1a: Gholdengo|Gholdengo|100\/100\n|switch|p1b: Sinistcha|Sinistcha-Masterpiece|100\/100\n|switch|p2a: Krookodile|Krookodile, F|100\/100\n|switch|p2b: Meowscarada|Meowscarada, F|100\/100\n|turn|1\n|\n|t:|1698682268\n|-terastallize|p1b: Sinistcha|Grass\n|move|p2b: Meowscarada|Protect|p2b: Meowscarada\n|-singleturn|p2b: Meowscarada|Protect\n|move|p2a: Krookodile|Protect|p2a: Krookodile\n|-singleturn|p2a: Krookodile|Protect\n|move|p1a: Gholdengo|Thunder Wave|p2b: Meowscarada\n|-activate|p2b: Meowscarada|move: Protect\n|move|p1b: Sinistcha|Matcha Gotcha|p2a: Krookodile|[spread] \n|-activate|p2a: Krookodile|move: Protect\n|-activate|p2b: Meowscarada|move: Protect\n|\n|upkeep\n|turn|2\n|\n|t:|1698682283\n|move|p2b: Meowscarada|Flower Trick|p2a: Krookodile\n|-supereffective|p2a: Krookodile\n|-crit|p2a: Krookodile\n|-damage|p2a: Krookodile|14\/100\n|-setboost|p2a: Krookodile|atk|6|[from] ability: Anger Point\n|-enditem|p2a: Krookodile|Salac Berry|[eat]\n|-boost|p2a: Krookodile|spe|1|[from] item: Salac Berry\n|move|p2a: Krookodile|Earthquake|p1b: Sinistcha|[spread] p2b,p1a,p1b\n|-resisted|p2b: Meowscarada\n|-supereffective|p1a: Gholdengo\n|-resisted|p1b: Sinistcha\n|-damage|p2b: Meowscarada|3\/100\n|-damage|p1a: Gholdengo|0 fnt\n|-damage|p1b: Sinistcha|50\/100\n|faint|p1a: Gholdengo\n|-enditem|p2b: Meowscarada|Eject Button\n|\n|t:|1698682296\n|switch|p2b: Flamigo|Flamigo, F|100\/100\n|-copyboost|p2b: Flamigo|p2a: Krookodile|[from] ability: Costar\n|move|p1b: Sinistcha|Matcha Gotcha|p2a: Krookodile|[spread] p2b\n|-miss|p1b: Sinistcha|p2a: Krookodile\n|-resisted|p2b: Flamigo\n|-damage|p2b: Flamigo|76\/100\n|-heal|p1b: Sinistcha|61\/100|[from] drain|[of] p2b: Flamigo\n|\n|upkeep\n|\n|t:|1698682309\n|switch|p1a: Ceruledge|Ceruledge, M|100\/100\n|turn|3\n|\n|t:|1698682323\n|move|p1b: Sinistcha|Protect|p1b: Sinistcha\n|-singleturn|p1b: Sinistcha|Protect\n|move|p1a: Ceruledge|Shadow Sneak|p2a: Krookodile\n|-resisted|p2a: Krookodile\n|-damage|p2a: Krookodile|0 fnt\n|faint|p2a: Krookodile\n|move|p2b: Flamigo|Acrobatics|p1b: Sinistcha\n|-activate|p1b: Sinistcha|move: Protect\n|\n|upkeep\n|\n|t:|1698682337\n|switch|p2a: Sableye|Sableye, F|100\/100\n|turn|4\n|\n|t:|1698682347\n|switch|p1b: Sableye|Sableye, M|100\/100\n|move|p1a: Ceruledge|Shadow Sneak|p2b: Flamigo\n|-damage|p2b: Flamigo|30\/100\n|move|p2a: Sableye|Skill Swap|p2b: Flamigo\n|-activate|p2a: Sableye|move: Skill Swap|||[of] p2b: Flamigo\n|-copyboost|p2a: Sableye|p2b: Flamigo|[from] ability: Costar\n|move|p2b: Flamigo|Acrobatics|p1b: Sableye\n|-damage|p1b: Sableye|2\/100\n|-enditem|p1b: Sableye|Aguav Berry|[eat]\n|-heal|p1b: Sableye|35\/100|[from] item: Aguav Berry\n|\n|upkeep\n|turn|5\n|\n|t:|1698682365\n|move|p1a: Ceruledge|Shadow Sneak|p2b: Flamigo\n|-damage|p2b: Flamigo|0 fnt\n|faint|p2b: Flamigo\n|move|p2a: Sableye|Shadow Sneak|p1a: Ceruledge\n|-supereffective|p1a: Ceruledge\n|-damage|p1a: Ceruledge|0 fnt\n|faint|p1a: Ceruledge\n|move|p1b: Sableye|Recover|p1b: Sableye\n|-heal|p1b: Sableye|86\/100\n|\n|upkeep\n|\n|t:|1698682379\n|switch|p2b: Meowscarada|Meowscarada, F|3\/100\n|switch|p1a: Sinistcha|Sinistcha-Masterpiece, tera:Grass|61\/100\n|-heal|p1b: Sableye|100\/100|[from] ability: Hospitality|[of] p1a: Sinistcha\n|turn|6\n|\n|t:|1698682390\n|move|p2a: Sableye|Shadow Sneak|p1a: Sinistcha\n|-damage|p1a: Sinistcha|16\/100\n|-damage|p2a: Sableye|84\/100|[from] item: Rocky Helmet|[of] p1a: Sinistcha\n|move|p1b: Sableye|Reflect|p1b: Sableye\n|-sidestart|p1: Go a Ghost|Reflect\n|move|p2b: Meowscarada|Flower Trick|p1b: Sableye\n|-crit|p1b: Sableye\n|-damage|p1b: Sableye|51\/100\n|move|p1a: Sinistcha|Strength Sap|p2b: Meowscarada\n|-unboost|p2b: Meowscarada|atk|1\n|-heal|p1a: Sinistcha|82\/100\n|\n|upkeep\n|turn|7\n|\n|t:|1698682409\n|move|p2a: Sableye|Sucker Punch|p1a: Sinistcha\n|-damage|p1a: Sinistcha|33\/100\n|-damage|p2a: Sableye|68\/100|[from] item: Rocky Helmet|[of] p1a: Sinistcha\n|move|p1b: Sableye|Recover|p1b: Sableye\n|-heal|p1b: Sableye|100\/100\n|move|p2b: Meowscarada|Flower Trick|p1b: Sableye\n|-crit|p1b: Sableye\n|-damage|p1b: Sableye|46\/100\n|move|p1a: Sinistcha|Matcha Gotcha|p2a: Sableye|[spread] p2a,p2b\n|-resisted|p2b: Meowscarada\n|-damage|p2a: Sableye|20\/100\n|-heal|p1a: Sinistcha|54\/100|[from] drain|[of] p2a: Sableye\n|-damage|p2b: Meowscarada|0 fnt\n|-heal|p1a: Sinistcha|55\/100|[from] drain|[of] p2b: Meowscarada\n|faint|p2b: Meowscarada\n|\n|upkeep\n|\n|t:|1698682427\n|switch|p2b: Hatterene|Hatterene, F|100\/100\n|turn|8\n|\n|t:|1698682435\n|move|p2a: Sableye|Shadow Sneak|p1b: Sableye\n|-damage|p1b: Sableye|8\/100\n|move|p1b: Sableye|Taunt|p2b: Hatterene\n|move|p2b: Hatterene|Taunt|p1b: Sableye|[from]ability: Magic Bounce\n|-start|p1b: Sableye|move: Taunt\n|move|p1a: Sinistcha|Matcha Gotcha|p2b: Hatterene|[spread] p2a,p2b\n|-damage|p2a: Sableye|0 fnt\n|-heal|p1a: Sinistcha|64\/100|[from] drain|[of] p2a: Sableye\n|-damage|p2b: Hatterene|67\/100\n|-heal|p1a: Sinistcha|79\/100|[from] drain|[of] p2b: Hatterene\n|faint|p2a: Sableye\n|move|p2b: Hatterene|Trick Room|p2b: Hatterene\n|-fieldstart|move: Trick Room|[of] p2b: Hatterene\n|\n|upkeep\n|\n|t:|1698682452\n|switch|p2a: Indeedee|Indeedee-F, F|100\/100\n|-fieldstart|move: Psychic Terrain|[from] ability: Psychic Surge|[of] p2a: Indeedee\n|-enditem|p2b: Hatterene|Psychic Seed\n|-boost|p2b: Hatterene|spd|1|[from] item: Psychic Seed\n|turn|9\n|\n|t:|1698682465\n|move|p2b: Hatterene|Mystical Fire|p1a: Sinistcha\n|-supereffective|p1a: Sinistcha\n|-damage|p1a: Sinistcha|13\/100\n|-unboost|p1a: Sinistcha|spa|1\n|move|p1b: Sableye|Dazzling Gleam|p2b: Hatterene|[spread] p2a,p2b\n|-damage|p2a: Indeedee|88\/100\n|-damage|p2b: Hatterene|60\/100\n|move|p1a: Sinistcha|Matcha Gotcha|p2a: Indeedee|[spread] p2a,p2b\n|-damage|p2a: Indeedee|63\/100\n|-heal|p1a: Sinistcha|23\/100|[from] drain|[of] p2a: Indeedee\n|-damage|p2b: Hatterene|43\/100\n|-heal|p1a: Sinistcha|30\/100|[from] drain|[of] p2b: Hatterene\n|-status|p2a: Indeedee|brn\n|move|p2a: Indeedee|Dazzling Gleam|p1a: Sinistcha|[spread] p1a,p1b\n|-supereffective|p1b: Sableye\n|-damage|p1a: Sinistcha|11\/100\n|-damage|p1b: Sableye|0 fnt\n|faint|p1b: Sableye\n|\n|-damage|p2a: Indeedee|57\/100 brn|[from] brn\n|upkeep\n|\n|t:|1698682481\n|switch|p1b: Skeledirge|Skeledirge, M|100\/100\n|turn|10\n|\n|t:|1698682497\n|move|p1a: Sinistcha|Protect|p1a: Sinistcha\n|-singleturn|p1a: Sinistcha|Protect\n|move|p2b: Hatterene|Dazzling Gleam|p1b: Skeledirge|[spread] p1b\n|-activate|p1a: Sinistcha|move: Protect\n|-damage|p1b: Skeledirge|30\/100\n|replace|p1b: Zoroark|Zoroark-Hisui, F\n|-end|p1b: Zoroark|Illusion\n|move|p2a: Indeedee|Psychic|p1b: Zoroark\n|-damage|p1b: Zoroark|0 fnt\n|faint|p1b: Zoroark\n|\n|-damage|p2a: Indeedee|51\/100 brn|[from] brn\n|-sideend|p1: Go a Ghost|Reflect\n|upkeep\n|\n|t:|1698682507\n|switch|p1b: Skeledirge|Skeledirge, M|100\/100\n|turn|11\n|\n|t:|1698682521\n|move|p2b: Hatterene|Dazzling Gleam|p1b: Skeledirge|[spread] p1a,p1b\n|-resisted|p1b: Skeledirge\n|-damage|p1a: Sinistcha|0 fnt\n|-damage|p1b: Skeledirge|82\/100\n|faint|p1a: Sinistcha\n|move|p1b: Skeledirge|Torch Song|p2b: Hatterene\n|-damage|p2b: Hatterene|0 fnt\n|-boost|p1b: Skeledirge|spa|1\n|faint|p2b: Hatterene\n|move|p2a: Indeedee|Psychic|p1b: Skeledirge\n|-damage|p1b: Skeledirge|27\/100\n|-unboost|p1b: Skeledirge|spd|1\n|\n|-damage|p2a: Indeedee|45\/100 brn|[from] brn\n|upkeep\n|turn|12\n|\n|t:|1698682538\n|move|p1b: Skeledirge|Torch Song|p2a: Indeedee\n|-damage|p2a: Indeedee|0 fnt\n|-boost|p1b: Skeledirge|spa|1\n|faint|p2a: Indeedee\n|\n|win|Go a Ghost\n|raw|Go a Ghost's rating: 1000 &rarr; <strong>1042<\/strong><br \/>(+42 for winning)\n|raw|Lunavolt II's rating: 1015 &rarr; <strong>1002<\/strong><br \/>(-13 for losing)\n|l|\u2606Lunavolt II\n","uploadtime":1698682550,"views":19,"p1id":"goaghost","p2id":"lunavoltii","formatid":"gen9doublesou","rating":1002,"private":0,"password":""}