{"id":"gen9doublesou-1971708824","p1":"Is_said_Midori","p2":"sion0911","format":"[Gen 9] Doubles OU","log":"|j|\u2606Is_said_Midori\n|j|\u2606sion0911\n|t:|1697763475\n|gametype|doubles\n|player|p1|Is_said_Midori|penny|1041\n|player|p2|sion0911|red|1063\n|teamsize|p1|6\n|teamsize|p2|6\n|gen|9\n|tier|[Gen 9] Doubles OU\n|rated|\n|rule|Species Clause: Limit one of each Pok\u00e9mon\n|rule|OHKO Clause: OHKO moves are banned\n|rule|Evasion Moves Clause: Evasion moves are banned\n|rule|Gravity Sleep Clause: The combination of sleep-inducing moves with imperfect accuracy and Gravity or Gigantamax Orbeetle are banned\n|rule|Endless Battle Clause: Forcing endless battles is banned\n|rule|HP Percentage Mod: HP is shown in percentages\n|clearpoke\n|poke|p1|Ursaluna, F|\n|poke|p1|Cresselia, F|\n|poke|p1|Amoonguss, F|\n|poke|p1|Kingambit, F|\n|poke|p1|Goodra-Hisui, F|\n|poke|p1|Hatterene, F|\n|poke|p2|Lurantis, F|\n|poke|p2|Tornadus, M|\n|poke|p2|Golem-Alola, M|\n|poke|p2|Maushold-Four|\n|poke|p2|Kingambit, F|\n|poke|p2|Iron Bundle|\n|teampreview\n|inactive|Battle timer is ON: inactive players will automatically lose when time's up. (requested by sion0911)\n|\n|t:|1697763491\n|start\n|switch|p1a: Ringo|Ursaluna, F, shiny|100\/100\n|switch|p1b: Cresselia|Cresselia, F, shiny|100\/100\n|switch|p2a: Tornadus|Tornadus, M|100\/100\n|switch|p2b: Lurantis|Lurantis, F|100\/100\n|turn|1\n|\n|t:|1697763506\n|move|p1a: Ringo|Protect|p1a: Ringo\n|-singleturn|p1a: Ringo|Protect\n|move|p2a: Tornadus|Scary Face|p2b: Lurantis\n|-boost|p2b: Lurantis|spe|2\n|move|p2b: Lurantis|Superpower|p1a: Ringo\n|-activate|p1a: Ringo|move: Protect\n|move|p1b: Cresselia|Trick Room|p1b: Cresselia\n|-fieldstart|move: Trick Room|[of] p1b: Cresselia\n|\n|-status|p1a: Ringo|brn|[from] item: Flame Orb\n|upkeep\n|turn|2\n|\n|t:|1697763528\n|-terastallize|p1a: Ringo|Normal\n|move|p2a: Tornadus|Tailwind|p2a: Tornadus\n|-sidestart|p2: sion0911|move: Tailwind\n|move|p1a: Ringo|Facade|p2a: Tornadus\n|-enditem|p2a: Tornadus|Focus Sash\n|-damage|p2a: Tornadus|1\/100\n|move|p1b: Cresselia|Ice Beam|p2b: Lurantis\n|-supereffective|p2b: Lurantis\n|-damage|p2b: Lurantis|67\/100\n|move|p2b: Lurantis|Superpower|p1a: Ringo\n|-supereffective|p1a: Ringo\n|-damage|p1a: Ringo|43\/100 brn\n|-boost|p2b: Lurantis|atk|1\n|-boost|p2b: Lurantis|def|1\n|\n|-damage|p1a: Ringo|37\/100 brn|[from] brn\n|upkeep\n|turn|3\n|inactive|sion0911 has 120 seconds left.\n|\n|t:|1697763566\n|move|p1a: Ringo|Facade|p2b: Lurantis\n|-damage|p2b: Lurantis|0 fnt\n|faint|p2b: Lurantis\n|move|p1b: Cresselia|Ice Beam|p2a: Tornadus\n|-supereffective|p2a: Tornadus\n|-damage|p2a: Tornadus|0 fnt\n|faint|p2a: Tornadus\n|\n|-damage|p1a: Ringo|31\/100 brn|[from] brn\n|upkeep\n|\n|t:|1697763585\n|switch|p2b: Maushold|Maushold-Four|100\/100\n|switch|p2a: Golem|Golem-Alola, M|100\/100\n|turn|4\n|\n|t:|1697763608\n|-terastallize|p2b: Maushold|Ground\n|move|p1a: Ringo|Headlong Rush|p2a: Golem\n|-supereffective|p2a: Golem\n|-damage|p2a: Golem|0 fnt\n|-unboost|p1a: Ringo|def|1\n|-unboost|p1a: Ringo|spd|1\n|faint|p2a: Golem\n|move|p1b: Cresselia|Psychic|p2b: Maushold\n|-damage|p2b: Maushold|63\/100\n|move|p2b: Maushold|Tidy Up|p2b: Maushold\n|-boost|p2b: Maushold|atk|1\n|-boost|p2b: Maushold|spe|1\n|\n|-damage|p1a: Ringo|25\/100 brn|[from] brn\n|upkeep\n|inactive|sion0911 has 120 seconds left.\n|\n|t:|1697763624\n|switch|p2a: Iron Bundle|Iron Bundle|100\/100\n|-enditem|p2a: Iron Bundle|Booster Energy\n|-activate|p2a: Iron Bundle|ability: Quark Drive|[fromitem]\n|-start|p2a: Iron Bundle|quarkdrivespe\n|turn|5\n|inactive|Is_said_Midori has 120 seconds left.\n|\n|t:|1697763670\n|move|p1a: Ringo|Facade|p2b: Maushold\n|-damage|p2b: Maushold|0 fnt\n|faint|p2b: Maushold\n|move|p1b: Cresselia|Psychic|p2a: Iron Bundle\n|-damage|p2a: Iron Bundle|53\/100\n|move|p2a: Iron Bundle|Icy Wind|p1a: Ringo|[spread] p1a,p1b\n|-damage|p1a: Ringo|0 fnt\n|-damage|p1b: Cresselia|89\/100\n|-unboost|p1b: Cresselia|spe|1\n|faint|p1a: Ringo\n|\n|-sideend|p2: sion0911|move: Tailwind\n|-fieldend|move: Trick Room\n|upkeep\n|inactive|Is_said_Midori has 120 seconds left.\n|\n|t:|1697763684\n|switch|p2b: Kingambit|Kingambit, F|100\/100\n|switch|p1a: Kingambit|Kingambit, F|100\/100\n|-activate|p2b: Kingambit|ability: Supreme Overlord\n|-start|p2b: Kingambit|fallen4|[silent]\n|turn|6\n|\n|t:|1697763700\n|move|p2a: Iron Bundle|Hydro Pump|p1b: Cresselia\n|-damage|p1b: Cresselia|55\/100\n|move|p2b: Kingambit|Brick Break|p1a: Kingambit\n|-supereffective|p1a: Kingambit\n|-damage|p1a: Kingambit|0 fnt\n|faint|p1a: Kingambit\n|move|p1b: Cresselia|Trick Room|p1b: Cresselia\n|-fieldstart|move: Trick Room|[of] p1b: Cresselia\n|\n|upkeep\n|\n|t:|1697763713\n|switch|p1a: Goodra|Goodra-Hisui, F, shiny|100\/100\n|turn|7\n|\n|t:|1697763724\n|move|p1b: Cresselia|Helping Hand|p1a: Goodra\n|-singleturn|p1a: Goodra|Helping Hand|[of] p1b: Cresselia\n|move|p2b: Kingambit|Sucker Punch||[still]\n|-fail|p2b: Kingambit\n|move|p1a: Goodra|Body Press|p2b: Kingambit\n|-supereffective|p2b: Kingambit\n|-damage|p2b: Kingambit|0 fnt\n|faint|p2b: Kingambit\n|-end|p2b: Kingambit|fallen4|[silent]\n|move|p2a: Iron Bundle|Freeze-Dry|p1a: Goodra\n|-crit|p1a: Goodra\n|-damage|p1a: Goodra|68\/100\n|-status|p1a: Goodra|frz\n|\n|-heal|p1a: Goodra|74\/100 frz|[from] item: Leftovers\n|upkeep\n|turn|8\n|\n|t:|1697763743\n|move|p1b: Cresselia|Psychic|p2a: Iron Bundle\n|-damage|p2a: Iron Bundle|5\/100\n|cant|p1a: Goodra|frz\n|move|p2a: Iron Bundle|Blizzard|p1a: Goodra|[spread] p1b\n|-miss|p2a: Iron Bundle|p1a: Goodra\n|-damage|p1b: Cresselia|33\/100\n|-status|p1b: Cresselia|frz\n|\n|-heal|p1a: Goodra|81\/100 frz|[from] item: Leftovers\n|upkeep\n|turn|9\n|c|\u2606Is_said_Midori|wtf\n|c|\u2606sion0911|\u3148\n|c|\u2606sion0911|Wow\n|c|\u2606sion0911|Im so luky\n|inactive|Is_said_Midori has 120 seconds left.\n|inactive|sion0911 has 120 seconds left.\n|\n|t:|1697763790\n|cant|p1b: Cresselia|frz\n|cant|p1a: Goodra|frz\n|move|p2a: Iron Bundle|Blizzard|p1b: Cresselia|[spread] p1a,p1b\n|-damage|p1a: Goodra|51\/100 frz\n|-damage|p1b: Cresselia|10\/100 frz\n|-enditem|p1b: Cresselia|Wiki Berry|[eat]\n|-heal|p1b: Cresselia|43\/100 frz|[from] item: Wiki Berry\n|\n|-heal|p1a: Goodra|57\/100 frz|[from] item: Leftovers\n|upkeep\n|turn|10\n|inactive|Is_said_Midori has 120 seconds left.\n|\n|t:|1697763808\n|cant|p1b: Cresselia|frz\n|cant|p1a: Goodra|frz\n|move|p2a: Iron Bundle|Blizzard|p1a: Goodra|[spread] p1b\n|-miss|p2a: Iron Bundle|p1a: Goodra\n|-damage|p1b: Cresselia|18\/100 frz\n|\n|-heal|p1a: Goodra|63\/100 frz|[from] item: Leftovers\n|-fieldend|move: Trick Room\n|upkeep\n|turn|11\n|c|\u2606Is_said_Midori|HOLY\n|\n|t:|1697763823\n|cant|p1a: Goodra|frz\n|move|p2a: Iron Bundle|Blizzard|p1a: Goodra|[spread] p1b\n|-miss|p2a: Iron Bundle|p1a: Goodra\n|-damage|p1b: Cresselia|0 fnt\n|faint|p1b: Cresselia\n|\n|-heal|p1a: Goodra|70\/100 frz|[from] item: Leftovers\n|upkeep\n|\n|t:|1697763833\n|switch|p1b: Hatterene|Hatterene, F, shiny|100\/100\n|turn|12\n|\n|t:|1697763841\n|-curestatus|p1a: Goodra|frz|[msg]\n|move|p1a: Goodra|Protect|p1a: Goodra\n|-singleturn|p1a: Goodra|Protect\n|move|p2a: Iron Bundle|Blizzard|p1b: Hatterene|[spread] \n|-activate|p1a: Goodra|move: Protect\n|-miss|p2a: Iron Bundle|p1b: Hatterene\n|move|p1b: Hatterene|Psychic|p2a: Iron Bundle\n|-damage|p2a: Iron Bundle|0 fnt\n|faint|p2a: Iron Bundle\n|-end|p2a: Iron Bundle|Quark Drive|[silent]\n|-damage|p1b: Hatterene|91\/100|[from] item: Life Orb\n|\n|win|Is_said_Midori\n|raw|Is_said_Midori's rating: 1041 &rarr; <strong>1077<\/strong><br \/>(+36 for winning)\n|raw|sion0911's rating: 1063 &rarr; <strong>1042<\/strong><br \/>(-21 for losing)\n|c|\u2606Is_said_Midori|gg\n|c|\u2606sion0911|G\n","uploadtime":1697763856,"views":23,"p1id":"issaidmidori","p2id":"sion0911","formatid":"gen9doublesou","rating":1042,"private":0,"password":""}