{"id":"gen9doublesou-1985291000","p1":"udhehjeksnd","p2":"maffetikplays","format":"[Gen 9] Doubles OU","log":"|j|\u2606udhehjeksnd\n|j|\u2606maffetikplays\n|t:|1699360793\n|gametype|doubles\n|player|p1|udhehjeksnd|170|1000\n|player|p2|maffetikplays|roxie|1000\n|teamsize|p1|6\n|teamsize|p2|6\n|gen|9\n|tier|[Gen 9] Doubles OU\n|rated|\n|rule|Species Clause: Limit one of each Pok\u00e9mon\n|rule|OHKO Clause: OHKO moves are banned\n|rule|Evasion Moves Clause: Evasion moves are banned\n|rule|Gravity Sleep Clause: The combination of sleep-inducing moves with imperfect accuracy and Gravity or Gigantamax Orbeetle are banned\n|rule|Endless Battle Clause: Forcing endless battles is banned\n|rule|HP Percentage Mod: HP is shown in percentages\n|clearpoke\n|poke|p1|Amoonguss, F|\n|poke|p1|Palafin, M|\n|poke|p1|Roaring Moon|\n|poke|p1|Ogerpon-Wellspring, F|\n|poke|p1|Heatran, M|\n|poke|p1|Flutter Mane|\n|poke|p2|Armarouge, M|\n|poke|p2|Indeedee-F, F|\n|poke|p2|Dachsbun, M|\n|poke|p2|Ninetales-Alola, F|\n|poke|p2|Landorus-Therian, M|\n|poke|p2|Ogerpon-Wellspring, F|\n|teampreview\n|inactive|Battle timer is ON: inactive players will automatically lose when time's up. (requested by maffetikplays)\n|\n|t:|1699360811\n|start\n|switch|p1a: Ogerpon|Ogerpon-Wellspring, F|100\/100\n|switch|p1b: Flutter Mane|Flutter Mane|100\/100\n|switch|p2a: Armarouge|Armarouge, M|100\/100\n|switch|p2b: Indeedee|Indeedee-F, F|100\/100\n|-fieldstart|move: Psychic Terrain|[from] ability: Psychic Surge|[of] p2b: Indeedee\n|turn|1\n|\n|t:|1699360823\n|-terastallize|p1b: Flutter Mane|Fairy\n|move|p2b: Indeedee|Follow Me|p2b: Indeedee\n|-singleturn|p2b: Indeedee|move: Follow Me\n|move|p1b: Flutter Mane|Shadow Ball|p2b: Indeedee\n|-immune|p2b: Indeedee\n|move|p1a: Ogerpon|Ivy Cudgel|p2b: Indeedee\n|-damage|p2b: Indeedee|42\/100\n|move|p2a: Armarouge|Expanding Force|p1a: Ogerpon|[spread] p1a,p1b\n|-damage|p1a: Ogerpon|6\/100\n|-damage|p1b: Flutter Mane|8\/100\n|-damage|p2a: Armarouge|91\/100|[from] item: Life Orb\n|\n|upkeep\n|turn|2\n|\n|t:|1699360844\n|move|p2a: Armarouge|Protect|p2a: Armarouge\n|-singleturn|p2a: Armarouge|Protect\n|move|p2b: Indeedee|Follow Me|p2b: Indeedee\n|-singleturn|p2b: Indeedee|move: Follow Me\n|move|p1b: Flutter Mane|Dazzling Gleam|p2b: Indeedee|[spread] p2b\n|-activate|p2a: Armarouge|move: Protect\n|-damage|p2b: Indeedee|0 fnt\n|faint|p2b: Indeedee\n|-damage|p1b: Flutter Mane|0 fnt|[from] item: Life Orb\n|faint|p1b: Flutter Mane\n|-end|p1b: Flutter Mane|Protosynthesis|[silent]\n|move|p1a: Ogerpon|Ivy Cudgel|p2a: Armarouge\n|-activate|p2a: Armarouge|move: Protect\n|\n|upkeep\n|\n|t:|1699360860\n|switch|p1b: Palafin|Palafin, M|100\/100\n|switch|p2b: Dachsbun|Dachsbun, M|100\/100\n|turn|3\n|inactive|udhehjeksnd has 120 seconds left.\n|\n|t:|1699360891\n|-terastallize|p2a: Armarouge|Grass\n|move|p1a: Ogerpon|Spiky Shield|p1a: Ogerpon\n|-singleturn|p1a: Ogerpon|move: Protect\n|move|p1b: Palafin|Flip Turn|p2a: Armarouge\n|-resisted|p2a: Armarouge\n|-damage|p2a: Armarouge|81\/100\n|inactive|udhehjeksnd has 120 seconds left.\n|\n|t:|1699360902\n|detailschange|p1b: Palafin|Palafin-Hero, M\n|switch|p1b: Roaring Moon|Roaring Moon|100\/100|[from] Flip Turn\n|-enditem|p1b: Roaring Moon|Booster Energy\n|-activate|p1b: Roaring Moon|ability: Protosynthesis|[fromitem]\n|-start|p1b: Roaring Moon|protosynthesisatk\n|move|p2b: Dachsbun|Body Press|p1a: Ogerpon\n|-activate|p1a: Ogerpon|move: Protect\n|-damage|p2b: Dachsbun|88\/100|[from] Spiky Shield|[of] p1a: Ogerpon\n|move|p2a: Armarouge|Lava Plume|p1b: Roaring Moon|[spread] p1b\n|-activate|p1a: Ogerpon|move: Protect\n|-ability|p2b: Dachsbun|Well-Baked Body|boost\n|-boost|p2b: Dachsbun|def|2\n|-resisted|p1b: Roaring Moon\n|-damage|p1b: Roaring Moon|82\/100\n|-status|p1b: Roaring Moon|brn\n|-damage|p2a: Armarouge|71\/100|[from] item: Life Orb\n|\n|-heal|p2b: Dachsbun|94\/100|[from] item: Leftovers\n|-damage|p1b: Roaring Moon|76\/100 brn|[from] brn\n|upkeep\n|turn|4\n|\n|t:|1699360922\n|move|p1a: Ogerpon|Horn Leech|p2b: Dachsbun\n|-damage|p2b: Dachsbun|79\/100\n|-heal|p1a: Ogerpon|14\/100|[from] drain|[of] p2b: Dachsbun\n|move|p1b: Roaring Moon|Acrobatics|p2a: Armarouge\n|-supereffective|p2a: Armarouge\n|-damage|p2a: Armarouge|23\/100\n|move|p2b: Dachsbun|Play Rough|p1b: Roaring Moon\n|-supereffective|p1b: Roaring Moon\n|-damage|p1b: Roaring Moon|0 fnt\n|faint|p1b: Roaring Moon\n|-end|p1b: Roaring Moon|Protosynthesis|[silent]\n|move|p2a: Armarouge|Lava Plume|p1a: Ogerpon|[spread] p1a\n|-ability|p2b: Dachsbun|Well-Baked Body|boost\n|-boost|p2b: Dachsbun|def|2\n|-damage|p1a: Ogerpon|0 fnt\n|faint|p1a: Ogerpon\n|-damage|p2a: Armarouge|13\/100|[from] item: Life Orb\n|\n|-heal|p2b: Dachsbun|85\/100|[from] item: Leftovers\n|upkeep\n|\n|t:|1699360930\n|switch|p1a: Amoonguss|Amoonguss, F|100\/100\n|switch|p1b: Heatran|Heatran, M|100\/100\n|turn|5\n|\n|t:|1699360954\n|move|p2b: Dachsbun|Body Press|p1a: Amoonguss\n|-resisted|p1a: Amoonguss\n|-damage|p1a: Amoonguss|54\/100\n|move|p1b: Heatran|Flash Cannon|p2a: Armarouge\n|-damage|p2a: Armarouge|0 fnt\n|faint|p2a: Armarouge\n|move|p1a: Amoonguss|Spore|p2b: Dachsbun\n|-status|p2b: Dachsbun|slp|[from] move: Spore\n|\n|-heal|p2b: Dachsbun|91\/100 slp|[from] item: Leftovers\n|-fieldend|move: Psychic Terrain\n|upkeep\n|\n|t:|1699360962\n|switch|p2a: Landorus|Landorus-Therian, M|100\/100\n|-ability|p2a: Landorus|Intimidate|boost\n|-unboost|p1a: Amoonguss|atk|1\n|-unboost|p1b: Heatran|atk|1\n|turn|6\n|\n|t:|1699360979\n|move|p1b: Heatran|Protect|p1b: Heatran\n|-singleturn|p1b: Heatran|Protect\n|move|p2a: Landorus|Rock Slide|p1b: Heatran|[spread] \n|-activate|p1b: Heatran|move: Protect\n|-miss|p2a: Landorus|p1a: Amoonguss\n|cant|p2b: Dachsbun|slp\n|move|p1a: Amoonguss|Spore|p2a: Landorus\n|-status|p2a: Landorus|slp|[from] move: Spore\n|\n|-heal|p2b: Dachsbun|97\/100 slp|[from] item: Leftovers\n|upkeep\n|turn|7\n|\n|t:|1699361004\n|cant|p2a: Landorus|slp\n|-curestatus|p2b: Dachsbun|slp|[msg]\n|move|p2b: Dachsbun|Body Press|p1a: Amoonguss\n|-resisted|p1a: Amoonguss\n|-damage|p1a: Amoonguss|7\/100\n|-status|p2b: Dachsbun|slp|[from] ability: Effect Spore|[of] p1a: Amoonguss\n|move|p1b: Heatran|Flash Cannon|p2b: Dachsbun\n|-supereffective|p2b: Dachsbun\n|-damage|p2b: Dachsbun|16\/100 slp\n|move|p1a: Amoonguss|Spore|p2b: Dachsbun\n|-fail|p2b: Dachsbun|slp\n|\n|-heal|p2b: Dachsbun|22\/100 slp|[from] item: Leftovers\n|upkeep\n|turn|8\n|\n|t:|1699361020\n|cant|p2b: Dachsbun|slp\n|move|p1a: Amoonguss|Protect|p1a: Amoonguss\n|-singleturn|p1a: Amoonguss|Protect\n|cant|p2a: Landorus|slp\n|move|p1b: Heatran|Flash Cannon|p2b: Dachsbun\n|-supereffective|p2b: Dachsbun\n|-damage|p2b: Dachsbun|0 fnt\n|faint|p2b: Dachsbun\n|\n|upkeep\n|\n|t:|1699361024\n|switch|p2b: Ninetales|Ninetales-Alola, F|100\/100\n|-weather|Snow|[from] ability: Snow Warning|[of] p2b: Ninetales\n|turn|9\n|\n|t:|1699361031\n|move|p2b: Ninetales|Protect|p2b: Ninetales\n|-singleturn|p2b: Ninetales|Protect\n|-curestatus|p2a: Landorus|slp|[msg]\n|move|p2a: Landorus|Rock Slide|p1a: Amoonguss|[spread] p1a,p1b\n|-damage|p1a: Amoonguss|0 fnt\n|-damage|p1b: Heatran|84\/100\n|faint|p1a: Amoonguss\n|move|p1b: Heatran|Flamethrower|p2b: Ninetales\n|-activate|p2b: Ninetales|move: Protect\n|\n|-weather|Snow|[upkeep]\n|-heal|p1b: Heatran|90\/100|[from] item: Leftovers\n|upkeep\n|\n|t:|1699361034\n|switch|p1a: Palafin|Palafin-Hero, M|100\/100\n|-activate|p1a: Palafin|ability: Zero to Hero\n|turn|10\n|\n|t:|1699361056\n|move|p2a: Landorus|Rock Slide|p1b: Heatran|[spread] p1a,p1b\n|-damage|p1a: Palafin|78\/100\n|-damage|p1b: Heatran|73\/100\n|move|p2b: Ninetales|Aurora Veil|p2b: Ninetales\n|-sidestart|p2: maffetikplays|move: Aurora Veil\n|move|p1a: Palafin|Wave Crash|p2a: Landorus\n|-supereffective|p2a: Landorus\n|-damage|p2a: Landorus|0 fnt\n|faint|p2a: Landorus\n|-damage|p1a: Palafin|47\/100|[from] Recoil\n|cant|p1b: Heatran|flinch\n|\n|-weather|Snow|[upkeep]\n|-heal|p1b: Heatran|79\/100|[from] item: Leftovers\n|upkeep\n|\n|t:|1699361068\n|switch|p2a: Ogerpon|Ogerpon-Wellspring, F|100\/100\n|turn|11\n|\n|t:|1699361079\n|move|p2a: Ogerpon|Spiky Shield|p2a: Ogerpon\n|-singleturn|p2a: Ogerpon|move: Protect\n|move|p2b: Ninetales|Encore|p1a: Palafin\n|-start|p1a: Palafin|Encore\n|move|p1a: Palafin|Wave Crash|p2b: Ninetales\n|-damage|p2b: Ninetales|62\/100\n|-damage|p1a: Palafin|35\/100|[from] Recoil\n|move|p1b: Heatran|Will-O-Wisp|p2a: Ogerpon\n|-activate|p2a: Ogerpon|move: Protect\n|\n|-weather|Snow|[upkeep]\n|-heal|p1b: Heatran|85\/100|[from] item: Leftovers\n|upkeep\n|turn|12\n|\n|t:|1699361098\n|move|p2b: Ninetales|Blizzard|p1a: Palafin|[spread] p1a,p1b\n|-resisted|p1a: Palafin\n|-resisted|p1b: Heatran\n|-damage|p1a: Palafin|22\/100\n|-damage|p1b: Heatran|82\/100\n|move|p1a: Palafin|Wave Crash|p2a: Ogerpon\n|-immune|p2a: Ogerpon|[from] ability: Water Absorb\n|move|p2a: Ogerpon|Ivy Cudgel|p1b: Heatran\n|-supereffective|p1b: Heatran\n|-damage|p1b: Heatran|0 fnt\n|faint|p1b: Heatran\n|\n|-weather|Snow|[upkeep]\n|upkeep\n|turn|13\n|\n|t:|1699361116\n|move|p2b: Ninetales|Protect|p2b: Ninetales\n|-singleturn|p2b: Ninetales|Protect\n|move|p1a: Palafin|Wave Crash|p2b: Ninetales\n|-activate|p2b: Ninetales|move: Protect\n|move|p2a: Ogerpon|Horn Leech|p1a: Palafin\n|-supereffective|p1a: Palafin\n|-damage|p1a: Palafin|0 fnt\n|faint|p1a: Palafin\n|\n|win|maffetikplays\n|raw|udhehjeksnd's rating: 1000 &rarr; <strong>1000<\/strong><br \/>(+0 for losing)\n|raw|maffetikplays's rating: 1000 &rarr; <strong>1040<\/strong><br \/>(+40 for winning)\n|l|\u2606udhehjeksnd\n","uploadtime":1699361126,"views":9,"p1id":"udhehjeksnd","p2id":"maffetikplays","formatid":"gen9doublesou","rating":1000,"private":0,"password":""}