{"id":"gen9doublesou-1972558835","p1":"SXD2002","p2":"highdeff88","format":"[Gen 9] Doubles OU","log":"|j|\u2606SXD2002\n|j|\u2606highdeff88\n|t:|1697856958\n|gametype|doubles\n|player|p1|SXD2002|silver-masters|1049\n|player|p2|highdeff88|101|1046\n|teamsize|p1|4\n|teamsize|p2|6\n|gen|9\n|tier|[Gen 9] Doubles OU\n|rated|\n|rule|Species Clause: Limit one of each Pok\u00e9mon\n|rule|OHKO Clause: OHKO moves are banned\n|rule|Evasion Moves Clause: Evasion moves are banned\n|rule|Gravity Sleep Clause: The combination of sleep-inducing moves with imperfect accuracy and Gravity or Gigantamax Orbeetle are banned\n|rule|Endless Battle Clause: Forcing endless battles is banned\n|rule|HP Percentage Mod: HP is shown in percentages\n|clearpoke\n|poke|p1|Lurantis, M|\n|poke|p1|Murkrow, M|\n|poke|p1|Grimmsnarl, M|\n|poke|p1|Clefairy, M|\n|poke|p2|Infernape, M|\n|poke|p2|Clefable, F|\n|poke|p2|Umbreon, F|\n|poke|p2|Gholdengo|\n|poke|p2|Shaymin-Sky|\n|poke|p2|Ogerpon-Wellspring, F|\n|teampreview\n|inactive|Battle timer is ON: inactive players will automatically lose when time's up. (requested by SXD2002)\n|\n|t:|1697856989\n|start\n|switch|p1a: Murkrow|Murkrow, M|100\/100\n|switch|p1b: Lurantis|Lurantis, M|100\/100\n|switch|p2a: Umbreon|Umbreon, F|100\/100\n|switch|p2b: Clefable|Clefable, F|100\/100\n|turn|1\n|\n|t:|1697857003\n|move|p2b: Clefable|Follow Me|p2b: Clefable\n|-singleturn|p2b: Clefable|move: Follow Me\n|move|p1a: Murkrow|Screech|p2b: Clefable\n|-unboost|p2b: Clefable|def|2\n|move|p2a: Umbreon|Toxic|p1a: Murkrow\n|-status|p1a: Murkrow|tox\n|move|p1b: Lurantis|Superpower|p2b: Clefable\n|-resisted|p2b: Clefable\n|-damage|p2b: Clefable|75\/100\n|-boost|p1b: Lurantis|atk|1\n|-boost|p1b: Lurantis|def|1\n|\n|-damage|p1a: Murkrow|94\/100 tox|[from] psn\n|upkeep\n|turn|2\n|\n|t:|1697857022\n|-terastallize|p1b: Lurantis|Steel\n|move|p2b: Clefable|Follow Me|p2b: Clefable\n|-singleturn|p2b: Clefable|move: Follow Me\n|move|p1a: Murkrow|Thunder Wave|p2b: Clefable\n|-status|p2b: Clefable|par\n|move|p2a: Umbreon|Shadow Ball|p1b: Lurantis\n|-damage|p1b: Lurantis|90\/100\n|-boost|p1b: Lurantis|spd|1\n|move|p1b: Lurantis|Leaf Storm|p2b: Clefable\n|-damage|p2b: Clefable|45\/100 par\n|-boost|p1b: Lurantis|spa|2\n|\n|-heal|p1b: Lurantis|96\/100|[from] item: Leftovers\n|-damage|p1a: Murkrow|82\/100 tox|[from] psn\n|upkeep\n|turn|3\n|inactive|highdeff88 has 120 seconds left.\n|\n|t:|1697857052\n|switch|p2b: Infernape|Infernape, M|100\/100\n|move|p1a: Murkrow|Taunt|p2b: Infernape\n|-start|p2b: Infernape|move: Taunt\n|move|p2a: Umbreon|Toxic|p1b: Lurantis\n|-immune|p1b: Lurantis\n|move|p1b: Lurantis|Leaf Storm|p2b: Infernape\n|-resisted|p2b: Infernape\n|-damage|p2b: Infernape|45\/100\n|-boost|p1b: Lurantis|spa|2\n|\n|-heal|p1b: Lurantis|100\/100|[from] item: Leftovers\n|-damage|p1a: Murkrow|63\/100 tox|[from] psn\n|upkeep\n|turn|4\n|inactive|highdeff88 has 120 seconds left.\n|\n|t:|1697857090\n|move|p1b: Lurantis|Protect|p1b: Lurantis\n|-singleturn|p1b: Lurantis|Protect\n|move|p1a: Murkrow|Thunder Wave|p2b: Infernape\n|-status|p2b: Infernape|par\n|move|p2b: Infernape|Raging Fury|p1b: Lurantis\n|-activate|p1b: Lurantis|move: Protect\n|move|p2a: Umbreon|Shadow Ball|p1b: Lurantis\n|-activate|p1b: Lurantis|move: Protect\n|\n|-damage|p1a: Murkrow|39\/100 tox|[from] psn\n|upkeep\n|turn|5\n|inactive|highdeff88 has 120 seconds left.\n|\n|t:|1697857109\n|move|p1a: Murkrow|Screech|p1b: Lurantis\n|-boost|p1b: Lurantis|def|2\n|cant|p2b: Infernape|par\n|move|p2a: Umbreon|Moonlight|p2a: Umbreon\n|-fail|p2a: Umbreon|heal\n|move|p1b: Lurantis|Leaf Storm|p2b: Infernape\n|-resisted|p2b: Infernape\n|-damage|p2b: Infernape|0 fnt\n|-boost|p1b: Lurantis|spa|2\n|faint|p2b: Infernape\n|\n|-damage|p1a: Murkrow|8\/100 tox|[from] psn\n|upkeep\n|inactive|highdeff88 has 120 seconds left.\n|\n|t:|1697857129\n|switch|p2b: Shaymin|Shaymin-Sky|100\/100\n|turn|6\n|inactive|highdeff88 has 120 seconds left.\n|\n|t:|1697857143\n|move|p1a: Murkrow|Screech|p1b: Lurantis\n|-boost|p1b: Lurantis|def|2\n|move|p2b: Shaymin|Seed Flare|p1b: Lurantis\n|-resisted|p1b: Lurantis\n|-damage|p1b: Lurantis|80\/100\n|-boost|p1b: Lurantis|spd|2\n|-damage|p2b: Shaymin|91\/100|[from] item: Life Orb\n|move|p2a: Umbreon|Last Resort|p1b: Lurantis\n|-resisted|p1b: Lurantis\n|-damage|p1b: Lurantis|77\/100\n|move|p1b: Lurantis|Superpower|p2a: Umbreon\n|-supereffective|p2a: Umbreon\n|-damage|p2a: Umbreon|37\/100\n|-boost|p1b: Lurantis|atk|1\n|-boost|p1b: Lurantis|def|1\n|\n|-heal|p2a: Umbreon|43\/100|[from] item: Leftovers\n|-heal|p1b: Lurantis|83\/100|[from] item: Leftovers\n|-damage|p1a: Murkrow|0 fnt|[from] psn\n|faint|p1a: Murkrow\n|upkeep\n|\n|t:|1697857162\n|switch|p1a: Grimmsnarl|Grimmsnarl, M|100\/100\n|turn|7\n|\n|t:|1697857174\n|move|p1a: Grimmsnarl|Scary Face|p1b: Lurantis\n|-boost|p1b: Lurantis|spe|2\n|move|p2b: Shaymin|Giga Drain|p1b: Lurantis\n|-resisted|p1b: Lurantis\n|-damage|p1b: Lurantis|75\/100\n|-heal|p2b: Shaymin|95\/100|[from] drain|[of] p1b: Lurantis\n|-damage|p2b: Shaymin|85\/100|[from] item: Life Orb\n|move|p1b: Lurantis|Superpower|p2a: Umbreon\n|-supereffective|p2a: Umbreon\n|-damage|p2a: Umbreon|0 fnt\n|-boost|p1b: Lurantis|atk|1\n|faint|p2a: Umbreon\n|\n|-heal|p1b: Lurantis|81\/100|[from] item: Leftovers\n|upkeep\n|\n|t:|1697857189\n|switch|p2a: Clefable|Clefable, F|45\/100 par\n|turn|8\n|\n|t:|1697857203\n|move|p1a: Grimmsnarl|Scary Face|p1b: Lurantis\n|-boost|p1b: Lurantis|spe|2\n|move|p1b: Lurantis|Leaf Storm|p2a: Clefable\n|-crit|p2a: Clefable\n|-damage|p2a: Clefable|0 fnt\n|faint|p2a: Clefable\n|move|p2b: Shaymin|Giga Drain|p1a: Grimmsnarl\n|-damage|p1a: Grimmsnarl|61\/100\n|-heal|p2b: Shaymin|100\/100|[from] drain|[of] p1a: Grimmsnarl\n|-damage|p2b: Shaymin|91\/100|[from] item: Life Orb\n|\n|-heal|p1b: Lurantis|87\/100|[from] item: Leftovers\n|-heal|p1a: Grimmsnarl|67\/100|[from] item: Leftovers\n|upkeep\n|\n|t:|1697857218\n|switch|p2a: Gholdengo|Gholdengo, shiny|100\/100\n|turn|9\n|\n|t:|1697857230\n|move|p1a: Grimmsnarl|Scary Face|p1b: Lurantis\n|-boost|p1b: Lurantis|spe|2\n|move|p1b: Lurantis|Pollen Puff|p2b: Shaymin\n|-damage|p2b: Shaymin|7\/100\n|move|p2b: Shaymin|Giga Drain|p1b: Lurantis\n|-resisted|p1b: Lurantis\n|-damage|p1b: Lurantis|80\/100\n|-heal|p2b: Shaymin|11\/100|[from] drain|[of] p1b: Lurantis\n|-damage|p2b: Shaymin|1\/100|[from] item: Life Orb\n|move|p2a: Gholdengo|Shadow Ball|p1a: Grimmsnarl\n|-resisted|p1a: Grimmsnarl\n|-damage|p1a: Grimmsnarl|50\/100\n|\n|-heal|p1b: Lurantis|86\/100|[from] item: Leftovers\n|-heal|p1a: Grimmsnarl|56\/100|[from] item: Leftovers\n|upkeep\n|turn|10\n|\n|t:|1697857255\n|move|p1a: Grimmsnarl|Fake Tears|p1b: Lurantis\n|-boost|p1b: Lurantis|spd|2\n|move|p1b: Lurantis|Pollen Puff|p1a: Grimmsnarl\n|-heal|p1a: Grimmsnarl|100\/100\n|move|p2b: Shaymin|Seed Flare|p1b: Lurantis\n|-resisted|p1b: Lurantis\n|-damage|p1b: Lurantis|76\/100\n|-damage|p2b: Shaymin|0 fnt|[from] item: Life Orb\n|faint|p2b: Shaymin\n|move|p2a: Gholdengo|Make It Rain|p1a: Grimmsnarl|[spread] p1a,p1b\n|-supereffective|p1a: Grimmsnarl\n|-resisted|p1b: Lurantis\n|-damage|p1a: Grimmsnarl|18\/100\n|-damage|p1b: Lurantis|71\/100\n|-unboost|p2a: Gholdengo|spa|1\n|\n|-heal|p1b: Lurantis|77\/100|[from] item: Leftovers\n|-heal|p1a: Grimmsnarl|24\/100|[from] item: Leftovers\n|upkeep\n|inactive|highdeff88 has 120 seconds left.\n|\n|t:|1697857274\n|switch|p2b: Ogerpon|Ogerpon-Wellspring, F|100\/100\n|turn|11\n|inactive|highdeff88 has 120 seconds left.\n|\n|t:|1697857296\n|move|p1a: Grimmsnarl|Scary Face|p2b: Ogerpon\n|-unboost|p2b: Ogerpon|spe|2\n|move|p1b: Lurantis|Pollen Puff|p2b: Ogerpon\n|-supereffective|p2b: Ogerpon\n|-damage|p2b: Ogerpon|0 fnt\n|faint|p2b: Ogerpon\n|move|p2a: Gholdengo|Make It Rain|p1a: Grimmsnarl|[spread] p1a,p1b\n|-supereffective|p1a: Grimmsnarl\n|-resisted|p1b: Lurantis\n|-damage|p1a: Grimmsnarl|0 fnt\n|-damage|p1b: Lurantis|73\/100\n|-unboost|p2a: Gholdengo|spa|1\n|faint|p1a: Grimmsnarl\n|\n|-heal|p1b: Lurantis|79\/100|[from] item: Leftovers\n|upkeep\n|\n|t:|1697857304\n|switch|p1a: Clefairy|Clefairy, M|100\/100\n|turn|12\n|c|\u2606SXD2002|gg\n|\n|t:|1697857314\n|move|p1a: Clefairy|Helping Hand|p1b: Lurantis\n|-singleturn|p1b: Lurantis|Helping Hand|[of] p1a: Clefairy\n|move|p1b: Lurantis|Leaf Storm|p2a: Gholdengo\n|-resisted|p2a: Gholdengo\n|-damage|p2a: Gholdengo|0 fnt\n|faint|p2a: Gholdengo\n|\n|win|SXD2002\n|raw|SXD2002's rating: 1049 &rarr; <strong>1081<\/strong><br \/>(+32 for winning)\n|raw|highdeff88's rating: 1046 &rarr; <strong>1029<\/strong><br \/>(-17 for losing)\n","uploadtime":1697857325,"views":11,"p1id":"sxd2002","p2id":"highdeff88","formatid":"gen9doublesou","rating":1029,"private":0,"password":""}