{"id":"gen9doublesou-1969888639","p1":"Rungy","p2":"Ougaverde","format":"[Gen 9] Doubles OU","log":"|j|\u2606Rungy\n|j|\u2606Ougaverde\n|t:|1697573375\n|gametype|doubles\n|player|p1|Rungy|gambler|1135\n|player|p2|Ougaverde|170|1232\n|teamsize|p1|6\n|teamsize|p2|6\n|gen|9\n|tier|[Gen 9] Doubles OU\n|rated|\n|rule|Species Clause: Limit one of each Pok\u00e9mon\n|rule|OHKO Clause: OHKO moves are banned\n|rule|Evasion Moves Clause: Evasion moves are banned\n|rule|Gravity Sleep Clause: The combination of sleep-inducing moves with imperfect accuracy and Gravity or Gigantamax Orbeetle are banned\n|rule|Endless Battle Clause: Forcing endless battles is banned\n|rule|HP Percentage Mod: HP is shown in percentages\n|clearpoke\n|poke|p1|Weezing-Galar, M|\n|poke|p1|Gastrodon-East, M|\n|poke|p1|Sinistcha|\n|poke|p1|Farigiraf, M|\n|poke|p1|Pelipper, M|\n|poke|p1|Arbok, M|\n|poke|p2|Ursaluna, F|\n|poke|p2|Cresselia, F|\n|poke|p2|Ogerpon-Wellspring, F|\n|poke|p2|Golduck, F|\n|poke|p2|Pelipper, F|\n|poke|p2|Gastrodon-East, F|\n|teampreview\n|c|\u2606Rungy|glhf!\n|\n|t:|1697573387\n|start\n|switch|p1a: Asthma|Weezing-Galar, M|100\/100\n|switch|p1b: SNEK|Arbok, M|100\/100\n|switch|p2a: Ursaluna|Ursaluna, F|100\/100\n|switch|p2b: Cresselia|Cresselia, F|100\/100\n|-ability|p1b: SNEK|Intimidate|boost\n|-unboost|p2a: Ursaluna|atk|1\n|-unboost|p2b: Cresselia|atk|1\n|-fieldstart|move: Misty Terrain|[from] ability: Misty Surge|[of] p1a: Asthma\n|turn|1\n|\n|t:|1697573413\n|switch|p1a: Khan|Gastrodon-East, M|100\/100\n|move|p1b: SNEK|Trailblaze|p2a: Ursaluna\n|-supereffective|p2a: Ursaluna\n|-damage|p2a: Ursaluna|81\/100\n|-boost|p1b: SNEK|spe|1\n|move|p2b: Cresselia|Psychic|p1a: Khan\n|-damage|p1a: Khan|86\/100\n|move|p2a: Ursaluna|Earthquake|p1b: SNEK|[spread] p1a,p1b\n|-immune|p2b: Cresselia|[from] ability: Levitate\n|-supereffective|p1b: SNEK\n|-damage|p1a: Khan|51\/100\n|-damage|p1b: SNEK|0 fnt\n|faint|p1b: SNEK\n|\n|upkeep\n|\n|t:|1697573427\n|switch|p1b: LIPS INC|Pelipper, M|100\/100\n|-weather|RainDance|[from] ability: Drizzle|[of] p1b: LIPS INC\n|turn|2\n|\n|t:|1697573436\n|move|p2b: Cresselia|Ally Switch|p2b: Cresselia\n|swap|p2b: Cresselia|0|[from] move: Ally Switch\n|move|p1b: LIPS INC|Water Pulse|p1a: Khan\n|-activate|p1a: Khan|ability: Storm Drain\n|-ability|p1a: Khan|Storm Drain|boost\n|-boost|p1a: Khan|spa|1\n|move|p2b: Ursaluna|Thunder Punch|p1b: LIPS INC\n|-supereffective|p1b: LIPS INC\n|-damage|p1b: LIPS INC|0 fnt\n|faint|p1b: LIPS INC\n|move|p1a: Khan|Water Pulse|p2a: Cresselia\n|-damage|p2a: Cresselia|69\/100\n|-start|p2a: Cresselia|confusion\n|\n|-weather|RainDance|[upkeep]\n|upkeep\n|\n|t:|1697573450\n|switch|p1b: KRATOM|Sinistcha|100\/100\n|-heal|p1a: Khan|76\/100|[from] ability: Hospitality|[of] p1b: KRATOM\n|turn|3\n|\n|t:|1697573476\n|move|p1b: KRATOM|Matcha Gotcha|p2a: Cresselia|[spread] p2a,p2b\n|-supereffective|p2b: Ursaluna\n|-damage|p2a: Cresselia|52\/100\n|-damage|p2b: Ursaluna|22\/100\n|-status|p2a: Cresselia|brn\n|-activate|p2a: Cresselia|confusion\n|move|p2a: Cresselia|Psychic|p1b: KRATOM\n|-damage|p1b: KRATOM|68\/100\n|move|p2b: Ursaluna|Earthquake|p1a: Khan|[spread] p1a,p1b\n|-immune|p2a: Cresselia|[from] ability: Levitate\n|-crit|p1a: Khan\n|-resisted|p1b: KRATOM\n|-damage|p1a: Khan|0 fnt\n|-damage|p1b: KRATOM|52\/100\n|faint|p1a: Khan\n|\n|-weather|RainDance|[upkeep]\n|-damage|p2a: Cresselia|46\/100 brn|[from] brn\n|upkeep\n|\n|t:|1697573491\n|switch|p1a: Reticulated|Farigiraf, M|100\/100\n|turn|4\n|\n|t:|1697573499\n|move|p1a: Reticulated|Nasty Plot|p1a: Reticulated\n|-boost|p1a: Reticulated|spa|2\n|move|p1b: KRATOM|Matcha Gotcha|p2b: Ursaluna|[spread] p2a,p2b\n|-supereffective|p2b: Ursaluna\n|-damage|p2a: Cresselia|28\/100 brn\n|-heal|p1b: KRATOM|70\/100|[from] drain|[of] p2a: Cresselia\n|-damage|p2b: Ursaluna|0 fnt\n|-heal|p1b: KRATOM|93\/100|[from] drain|[of] p2b: Ursaluna\n|faint|p2b: Ursaluna\n|-activate|p2a: Cresselia|confusion\n|-damage|p2a: Cresselia|26\/100 brn|[from] confusion\n|\n|-weather|RainDance|[upkeep]\n|-damage|p2a: Cresselia|20\/100 brn|[from] brn\n|upkeep\n|\n|t:|1697573511\n|switch|p2b: Golduck|Golduck, F|100\/100\n|turn|5\n|\n|t:|1697573528\n|-terastallize|p2b: Golduck|Electric\n|move|p2b: Golduck|Psych Up|p1a: Reticulated\n|-copyboost|p2b: Golduck|p1a: Reticulated|[from] move: Psych Up\n|move|p1a: Reticulated|Hyper Voice|p2b: Golduck|[spread] p2a,p2b\n|-damage|p2a: Cresselia|0 fnt\n|-damage|p2b: Golduck|16\/100\n|faint|p2a: Cresselia\n|-enditem|p1a: Reticulated|Throat Spray\n|-boost|p1a: Reticulated|spa|1|[from] item: Throat Spray\n|move|p1b: KRATOM|Shadow Ball|p2b: Golduck\n|-damage|p2b: Golduck|0 fnt\n|faint|p2b: Golduck\n|\n|-weather|RainDance|[upkeep]\n|upkeep\n|\n|t:|1697573535\n|switch|p2b: Ogerpon|Ogerpon-Wellspring, F|100\/100\n|switch|p2a: Gastrodon|Gastrodon-East, F|100\/100\n|turn|6\n|\n|t:|1697573549\n|move|p2b: Ogerpon|Ivy Cudgel|p2a: Gastrodon\n|-ability|p2a: Gastrodon|Storm Drain|boost\n|-boost|p2a: Gastrodon|spa|1\n|move|p1a: Reticulated|Hyper Voice|p2b: Ogerpon|[spread] p2a,p2b\n|-damage|p2a: Gastrodon|28\/100\n|-damage|p2b: Ogerpon|30\/100\n|move|p1b: KRATOM|Matcha Gotcha|p2b: Ogerpon|[spread] p2a,p2b\n|-supereffective|p2a: Gastrodon\n|-damage|p2a: Gastrodon|0 fnt\n|-heal|p1b: KRATOM|100\/100|[from] drain|[of] p2a: Gastrodon\n|-damage|p2b: Ogerpon|0 fnt\n|faint|p2a: Gastrodon\n|faint|p2b: Ogerpon\n|\n|-weather|RainDance|[upkeep]\n|upkeep\n|\n|t:|1697573552\n|switch|p2b: Pelipper|Pelipper, F|100\/100\n|turn|7\n|c|\u2606Rungy|gg\n|\n|t:|1697573565\n|move|p2b: Pelipper|Hurricane|p1b: KRATOM\n|-supereffective|p1b: KRATOM\n|-damage|p1b: KRATOM|0 fnt\n|faint|p1b: KRATOM\n|move|p1a: Reticulated|Hyper Voice|p2b: Pelipper\n|-damage|p2b: Pelipper|0 fnt\n|faint|p2b: Pelipper\n|\n|win|Rungy\n|raw|Rungy's rating: 1135 &rarr; <strong>1167<\/strong><br \/>(+32 for winning)\n|raw|Ougaverde's rating: 1232 &rarr; <strong>1200<\/strong><br \/>(-32 for losing)\n","uploadtime":1697573576,"views":13,"p1id":"rungy","p2id":"ougaverde","formatid":"gen9doublesou","rating":1167,"private":0,"password":""}