{"id":"gen9doublesou-1975890818","p1":"MIRUFUWADAISUKI","p2":"UY QUE RICO PAPI!","format":"[Gen 9] Doubles OU","log":"|j|\u2606MIRUFUWADAISUKI\n|j|\u2606UY QUE RICO PAPI!\n|t:|1698246954\n|gametype|doubles\n|player|p1|MIRUFUWADAISUKI|fisherman-gen4|1355\n|player|p2|UY QUE RICO PAPI!|1|1252\n|teamsize|p1|6\n|teamsize|p2|6\n|gen|9\n|tier|[Gen 9] Doubles OU\n|rated|\n|rule|Species Clause: Limit one of each Pok\u00e9mon\n|rule|OHKO Clause: OHKO moves are banned\n|rule|Evasion Moves Clause: Evasion moves are banned\n|rule|Gravity Sleep Clause: The combination of sleep-inducing moves with imperfect accuracy and Gravity or Gigantamax Orbeetle are banned\n|rule|Endless Battle Clause: Forcing endless battles is banned\n|rule|HP Percentage Mod: HP is shown in percentages\n|clearpoke\n|poke|p1|Ninetales-Alola, M|\n|poke|p1|Iron Bundle|\n|poke|p1|Ogerpon-Hearthflame, F|\n|poke|p1|Sinistcha-Masterpiece|\n|poke|p1|Landorus-Therian, M|\n|poke|p1|Tornadus, M|\n|poke|p2|Murkrow, F|\n|poke|p2|Masquerain, M|\n|poke|p2|Dragapult, F|\n|poke|p2|Chien-Pao|\n|poke|p2|Iron Bundle|\n|poke|p2|Indeedee, M|\n|teampreview\n|inactive|Battle timer is ON: inactive players will automatically lose when time's up. (requested by UY QUE RICO PAPI!)\n|\n|t:|1698246980\n|start\n|switch|p1a: Iron Bundle|Iron Bundle, shiny|100\/100\n|switch|p1b: Tornadus|Tornadus, M|100\/100\n|switch|p2a: Murkrow|Murkrow, F|100\/100\n|switch|p2b: Masquerain|Masquerain, M|100\/100\n|-ability|p2b: Masquerain|Intimidate|boost\n|-unboost|p1a: Iron Bundle|atk|1\n|-unboost|p1b: Tornadus|atk|1\n|-enditem|p1a: Iron Bundle|Booster Energy\n|-activate|p1a: Iron Bundle|ability: Quark Drive|[fromitem]\n|-start|p1a: Iron Bundle|quarkdrivespe\n|turn|1\n|\n|t:|1698246995\n|move|p1b: Tornadus|Tailwind|p1b: Tornadus\n|-sidestart|p1: MIRUFUWADAISUKI|move: Tailwind\n|move|p2a: Murkrow|Tailwind|p2a: Murkrow\n|-sidestart|p2: UY QUE RICO PAPI!|move: Tailwind\n|move|p1a: Iron Bundle|Blizzard|p2b: Masquerain|[spread] p2b\n|-miss|p1a: Iron Bundle|p2a: Murkrow\n|-supereffective|p2b: Masquerain\n|-damage|p2b: Masquerain|0 fnt\n|faint|p2b: Masquerain\n|\n|upkeep\n|\n|t:|1698247014\n|switch|p2b: Iron Bundle|Iron Bundle|100\/100\n|-enditem|p2b: Iron Bundle|Booster Energy\n|-activate|p2b: Iron Bundle|ability: Quark Drive|[fromitem]\n|-start|p2b: Iron Bundle|quarkdrivespe\n|turn|2\n|\n|t:|1698247040\n|switch|p2a: Chien-Pao|Chien-Pao|100\/100\n|-ability|p2a: Chien-Pao|Sword of Ruin\n|move|p1b: Tornadus|Protect|p1b: Tornadus\n|-singleturn|p1b: Tornadus|Protect\n|move|p2b: Iron Bundle|Icy Wind|p1a: Iron Bundle|[spread] p1a\n|-activate|p1b: Tornadus|move: Protect\n|-resisted|p1a: Iron Bundle\n|-damage|p1a: Iron Bundle|90\/100\n|-unboost|p1a: Iron Bundle|spe|1\n|move|p1a: Iron Bundle|Freeze-Dry|p2a: Chien-Pao\n|-resisted|p2a: Chien-Pao\n|-damage|p2a: Chien-Pao|73\/100\n|\n|upkeep\n|turn|3\n|inactive|UY QUE RICO PAPI! has 120 seconds left.\n|\n|t:|1698247083\n|-end|p2b: Iron Bundle|Quark Drive|[silent]\n|switch|p2b: Murkrow|Murkrow, F|100\/100\n|-end|p1a: Iron Bundle|Quark Drive|[silent]\n|switch|p1a: Ninetales|Ninetales-Alola, M|100\/100\n|-weather|Snow|[from] ability: Snow Warning|[of] p1a: Ninetales\n|switch|p1b: Ogerpon|Ogerpon-Hearthflame, F|100\/100\n|-ability|p1b: Ogerpon|Mold Breaker\n|move|p2a: Chien-Pao|Sacred Sword|p1a: Ninetales\n|-damage|p1a: Ninetales|67\/100\n|\n|-weather|Snow|[upkeep]\n|upkeep\n|turn|4\n|inactive|UY QUE RICO PAPI! has 120 seconds left.\n|\n|t:|1698247117\n|switch|p2a: Iron Bundle|Iron Bundle|100\/100\n|-terastallize|p1b: Ogerpon|Fire\n|detailschange|p1b: Ogerpon|Ogerpon-Hearthflame-Tera, F, tera:Fire\n|-ability|p1b: Ogerpon|Embody Aspect (Hearthflame)|boost\n|-boost|p1b: Ogerpon|atk|1\n|move|p2b: Murkrow|Rain Dance|p2b: Murkrow\n|-weather|RainDance\n|move|p1a: Ninetales|Aurora Veil||[still]\n|-fail|p1a: Ninetales\n|move|p1b: Ogerpon|Ivy Cudgel|p2a: Iron Bundle\n|-damage|p2a: Iron Bundle|24\/100\n|\n|-weather|RainDance|[upkeep]\n|-sideend|p1: MIRUFUWADAISUKI|move: Tailwind\n|-sideend|p2: UY QUE RICO PAPI!|move: Tailwind\n|upkeep\n|turn|5\n|inactive|UY QUE RICO PAPI! has 120 seconds left.\n|\n|t:|1698247153\n|move|p1b: Ogerpon|Spiky Shield|p1b: Ogerpon\n|-singleturn|p1b: Ogerpon|move: Protect\n|move|p2b: Murkrow|Tailwind|p2b: Murkrow\n|-sidestart|p2: UY QUE RICO PAPI!|move: Tailwind\n|move|p2a: Iron Bundle|Water Pulse|p1b: Ogerpon\n|-activate|p1b: Ogerpon|move: Protect\n|move|p1a: Ninetales|Moonblast|p2a: Iron Bundle\n|-damage|p2a: Iron Bundle|0 fnt\n|faint|p2a: Iron Bundle\n|-end|p2a: Iron Bundle|Quark Drive|[silent]\n|\n|-weather|RainDance|[upkeep]\n|upkeep\n|inactive|UY QUE RICO PAPI! has 90 seconds left.\n|\n|t:|1698247173\n|switch|p2a: Indeedee|Indeedee, M|100\/100\n|-fieldstart|move: Psychic Terrain|[from] ability: Psychic Surge|[of] p2a: Indeedee\n|-enditem|p2a: Indeedee|Psychic Seed\n|-boost|p2a: Indeedee|spd|1|[from] item: Psychic Seed\n|turn|6\n|inactive|MIRUFUWADAISUKI has 120 seconds left.\n|\n|t:|1698247204\n|switch|p1a: Landorus|Landorus-Therian, M|100\/100\n|-ability|p1a: Landorus|Intimidate|boost\n|-unboost|p2a: Indeedee|atk|1\n|-unboost|p2b: Murkrow|atk|1\n|switch|p1b: Sinistcha|Sinistcha-Masterpiece|100\/100\n|move|p2a: Indeedee|Psychic|p1b: Sinistcha\n|-damage|p1b: Sinistcha|37\/100\n|move|p2b: Murkrow|Brave Bird|p1b: Sinistcha\n|-supereffective|p1b: Sinistcha\n|-damage|p1b: Sinistcha|0 fnt\n|faint|p1b: Sinistcha\n|-damage|p2b: Murkrow|88\/100|[from] Recoil\n|\n|-weather|RainDance|[upkeep]\n|upkeep\n|inactive|MIRUFUWADAISUKI has 120 seconds left.\n|\n|t:|1698247212\n|switch|p1b: Ninetales|Ninetales-Alola, M|67\/100\n|-weather|Snow|[from] ability: Snow Warning|[of] p1b: Ninetales\n|turn|7\n|inactive|UY QUE RICO PAPI! has 120 seconds left.\n|\n|t:|1698247244\n|-terastallize|p2b: Murkrow|Ghost\n|move|p2b: Murkrow|Rain Dance|p2b: Murkrow\n|-weather|RainDance\n|move|p2a: Indeedee|Psychic|p1b: Ninetales\n|-damage|p1b: Ninetales|17\/100\n|move|p1a: Landorus|Rock Slide|p2b: Murkrow|[spread] p2a,p2b\n|-damage|p2a: Indeedee|55\/100\n|-damage|p2b: Murkrow|61\/100\n|-enditem|p2b: Murkrow|Eject Button\n|inactive|UY QUE RICO PAPI! has 90 seconds left.\n|\n|t:|1698247263\n|switch|p2b: Dragapult|Dragapult, F|100\/100\n|move|p1b: Ninetales|Aurora Veil||[still]\n|-fail|p1b: Ninetales\n|\n|-weather|RainDance|[upkeep]\n|upkeep\n|turn|8\n|\n|t:|1698247284\n|switch|p1a: Iron Bundle|Iron Bundle, shiny|90\/100\n|move|p1b: Ninetales|Protect|p1b: Ninetales\n|-singleturn|p1b: Ninetales|Protect\n|move|p2b: Dragapult|Dragon Dance|p2b: Dragapult\n|-boost|p2b: Dragapult|atk|1\n|-boost|p2b: Dragapult|spe|1\n|move|p2a: Indeedee|Psychic|p1b: Ninetales\n|-activate|p1b: Ninetales|move: Protect\n|\n|-weather|RainDance|[upkeep]\n|-sideend|p2: UY QUE RICO PAPI!|move: Tailwind\n|upkeep\n|turn|9\n|\n|t:|1698247303\n|switch|p2a: Chien-Pao|Chien-Pao|73\/100\n|-ability|p2a: Chien-Pao|Sword of Ruin\n|move|p2b: Dragapult|Protect|p2b: Dragapult\n|-singleturn|p2b: Dragapult|Protect\n|move|p1a: Iron Bundle|Freeze-Dry|p2b: Dragapult\n|-activate|p2b: Dragapult|move: Protect\n|move|p1b: Ninetales|Blizzard|p2b: Dragapult|[spread] p2a\n|-activate|p2b: Dragapult|move: Protect\n|-resisted|p2a: Chien-Pao\n|-damage|p2a: Chien-Pao|55\/100\n|\n|-weather|RainDance|[upkeep]\n|upkeep\n|turn|10\n|inactive|UY QUE RICO PAPI! has 120 seconds left.\n|inactive|MIRUFUWADAISUKI has 120 seconds left.\n|inactive|UY QUE RICO PAPI! has 90 seconds left.\n|inactive|UY QUE RICO PAPI! has 60 seconds left.\n|\n|t:|1698247375\n|switch|p1b: Tornadus|Tornadus, M|100\/100\n|move|p2a: Chien-Pao|Throat Chop|p1b: Tornadus\n|-damage|p1b: Tornadus|23\/100\n|-start|p1b: Tornadus|Throat Chop|[silent]\n|move|p2b: Dragapult|Dragon Darts|p1a: Iron Bundle\n|-damage|p1a: Iron Bundle|4\/100\n|-anim|p2b: Dragapult|Dragon Darts|p1b: Tornadus\n|-damage|p1b: Tornadus|0 fnt\n|faint|p1b: Tornadus\n|-damage|p2b: Dragapult|91\/100|[from] item: Life Orb\n|move|p1a: Iron Bundle|Freeze-Dry|p2b: Dragapult\n|-supereffective|p2b: Dragapult\n|-damage|p2b: Dragapult|0 fnt\n|faint|p2b: Dragapult\n|\n|-weather|RainDance|[upkeep]\n|-fieldend|move: Psychic Terrain\n|upkeep\n|\n|t:|1698247396\n|switch|p2b: Murkrow|Murkrow, F, tera:Ghost|61\/100\n|switch|p1b: Ninetales|Ninetales-Alola, M|17\/100\n|-weather|Snow|[from] ability: Snow Warning|[of] p1b: Ninetales\n|turn|11\n|inactive|UY QUE RICO PAPI! has 60 seconds left.\n|\n|t:|1698247426\n|move|p2b: Murkrow|Tailwind|p2b: Murkrow\n|-sidestart|p2: UY QUE RICO PAPI!|move: Tailwind\n|move|p2a: Chien-Pao|Throat Chop|p1b: Ninetales\n|-resisted|p1b: Ninetales\n|-damage|p1b: Ninetales|0 fnt\n|faint|p1b: Ninetales\n|move|p1a: Iron Bundle|Blizzard|p2a: Chien-Pao|[spread] p2a,p2b\n|-resisted|p2a: Chien-Pao\n|-damage|p2a: Chien-Pao|22\/100\n|-damage|p2b: Murkrow|0 fnt\n|faint|p2b: Murkrow\n|\n|-weather|Snow|[upkeep]\n|upkeep\n|\n|t:|1698247437\n|switch|p1b: Ogerpon|Ogerpon-Hearthflame-Tera, F, tera:Fire|100\/100\n|switch|p2b: Indeedee|Indeedee, M|55\/100\n|-fieldstart|move: Psychic Terrain|[from] ability: Psychic Surge|[of] p2b: Indeedee\n|-ability|p1b: Ogerpon|Embody Aspect (Hearthflame)|boost\n|-boost|p1b: Ogerpon|atk|1\n|turn|12\n|inactive|UY QUE RICO PAPI! has 90 seconds left.\n|\n|t:|1698247450\n|move|p2a: Chien-Pao|Throat Chop|p1b: Ogerpon\n|-crit|p1b: Ogerpon\n|-damage|p1b: Ogerpon|0 fnt\n|faint|p1b: Ogerpon\n|move|p2b: Indeedee|Dazzling Gleam|p1a: Iron Bundle\n|-damage|p1a: Iron Bundle|0 fnt\n|faint|p1a: Iron Bundle\n|-end|p1a: Iron Bundle|Quark Drive|[silent]\n|\n|-weather|Snow|[upkeep]\n|upkeep\n|\n|t:|1698247456\n|switch|p1b: Landorus|Landorus-Therian, M|100\/100\n|-ability|p1b: Landorus|Intimidate|boost\n|-unboost|p2a: Chien-Pao|atk|1\n|-unboost|p2b: Indeedee|atk|1\n|turn|13\n|\n|t:|1698247466\n|move|p2a: Chien-Pao|Throat Chop|p1b: Landorus\n|-damage|p1b: Landorus|58\/100\n|-start|p1b: Landorus|Throat Chop|[silent]\n|move|p2b: Indeedee|Psychic|p1b: Landorus\n|-damage|p1b: Landorus|0 fnt\n|faint|p1b: Landorus\n|\n|win|UY QUE RICO PAPI!\n|raw|MIRUFUWADAISUKI's rating: 1355 &rarr; <strong>1329<\/strong><br \/>(-26 for losing)\n|raw|UY QUE RICO PAPI!'s rating: 1252 &rarr; <strong>1284<\/strong><br \/>(+32 for winning)\n","uploadtime":1698247476,"views":16,"p1id":"mirufuwadaisuki","p2id":"uyquericopapi","formatid":"gen9doublesou","rating":1284,"private":0,"password":""}