{"id":"gen9doublesou-1994558492","p1":"mikeyuwu","p2":"Bahg3012","format":"[Gen 9] Doubles OU","log":"|j|\u2606mikeyuwu\n|j|\u2606Bahg3012\n|t:|1700459657\n|gametype|doubles\n|player|p1|mikeyuwu|psychic-gen4|1294\n|player|p2|Bahg3012|marlon|1320\n|teamsize|p1|6\n|teamsize|p2|6\n|gen|9\n|tier|[Gen 9] Doubles OU\n|rated|\n|rule|Species Clause: Limit one of each Pok\u00e9mon\n|rule|OHKO Clause: OHKO moves are banned\n|rule|Evasion Moves Clause: Evasion moves are banned\n|rule|Gravity Sleep Clause: The combination of sleep-inducing moves with imperfect accuracy and Gravity or Gigantamax Orbeetle are banned\n|rule|Endless Battle Clause: Forcing endless battles is banned\n|rule|HP Percentage Mod: HP is shown in percentages\n|clearpoke\n|poke|p1|Garchomp, M|\n|poke|p1|Tyranitar, F|\n|poke|p1|Vaporeon, F|\n|poke|p1|Toxicroak, M|\n|poke|p1|Pelipper, F|\n|poke|p1|Abomasnow, M|\n|poke|p2|Volcarona, F|\n|poke|p2|Dragonite, F|\n|poke|p2|Okidogi, M|\n|poke|p2|Gholdengo|\n|poke|p2|Roaring Moon|\n|poke|p2|Ogerpon-Wellspring, F|\n|teampreview\n|\n|t:|1700459680\n|start\n|switch|p1a: OTLHPM|Toxicroak, M|100\/100\n|switch|p1b: Harmacy|Vaporeon, F|100\/100\n|switch|p2a: Roaring Moon|Roaring Moon, shiny|100\/100\n|switch|p2b: Volcarona|Volcarona, F, shiny|100\/100\n|-enditem|p2a: Roaring Moon|Booster Energy\n|-activate|p2a: Roaring Moon|ability: Protosynthesis|[fromitem]\n|-start|p2a: Roaring Moon|protosynthesisspe\n|turn|1\n|\n|t:|1700459700\n|switch|p1a: ThcrThnSnkr|Tyranitar, F|100\/100\n|-weather|Sandstorm|[from] ability: Sand Stream|[of] p1a: ThcrThnSnkr\n|-terastallize|p2a: Roaring Moon|Flying\n|move|p2a: Roaring Moon|Acrobatics|p1a: ThcrThnSnkr\n|-resisted|p1a: ThcrThnSnkr\n|-damage|p1a: ThcrThnSnkr|73\/100\n|move|p2b: Volcarona|Quiver Dance|p2b: Volcarona\n|-boost|p2b: Volcarona|spa|1\n|-boost|p2b: Volcarona|spd|1\n|-boost|p2b: Volcarona|spe|1\n|move|p1b: Harmacy|Weather Ball|p2b: Volcarona\n|-supereffective|p2b: Volcarona\n|-damage|p2b: Volcarona|31\/100\n|\n|-weather|Sandstorm|[upkeep]\n|-damage|p2a: Roaring Moon|94\/100|[from] Sandstorm\n|-damage|p2b: Volcarona|25\/100|[from] Sandstorm\n|-damage|p1b: Harmacy|94\/100|[from] Sandstorm\n|-heal|p1b: Harmacy|100\/100|[from] item: Leftovers\n|upkeep\n|turn|2\n|\n|t:|1700459739\n|-end|p2a: Roaring Moon|Protosynthesis|[silent]\n|switch|p2a: Okidogi|Okidogi, M|100\/100\n|switch|p1b: OTLHPM|Toxicroak, M|100\/100\n|move|p2b: Volcarona|Bug Buzz|p1a: ThcrThnSnkr\n|-supereffective|p1a: ThcrThnSnkr\n|-damage|p1a: ThcrThnSnkr|28\/100\n|move|p1a: ThcrThnSnkr|Rock Slide|p2a: Okidogi|[spread] p2a,p2b\n|-resisted|p2a: Okidogi\n|-supereffective|p2b: Volcarona\n|-damage|p2a: Okidogi|90\/100\n|-damage|p2b: Volcarona|0 fnt\n|faint|p2b: Volcarona\n|\n|-weather|Sandstorm|[upkeep]\n|-damage|p1b: OTLHPM|94\/100|[from] Sandstorm\n|-damage|p2a: Okidogi|84\/100|[from] Sandstorm\n|-heal|p1b: OTLHPM|100\/100|[from] item: Black Sludge\n|upkeep\n|\n|t:|1700459769\n|switch|p2b: Roaring Moon|Roaring Moon, shiny, tera:Flying|94\/100\n|turn|3\n|\n|t:|1700459778\n|switch|p1b: Extra Spicy|Garchomp, M|100\/100\n|switch|p1a: Weather War|Pelipper, F|100\/100\n|-weather|RainDance|[from] ability: Drizzle|[of] p1a: Weather War\n|move|p2b: Roaring Moon|Acrobatics|p1b: Extra Spicy\n|-damage|p1b: Extra Spicy|67\/100\n|-damage|p2b: Roaring Moon|82\/100|[from] ability: Rough Skin|[of] p1b: Extra Spicy\n|-damage|p2b: Roaring Moon|65\/100|[from] item: Rocky Helmet|[of] p1b: Extra Spicy\n|move|p2a: Okidogi|Drain Punch|p1a: Weather War\n|-resisted|p1a: Weather War\n|-damage|p1a: Weather War|84\/100\n|-heal|p2a: Okidogi|91\/100|[from] drain|[of] p1a: Weather War\n|\n|-weather|RainDance|[upkeep]\n|upkeep\n|turn|4\n|\n|t:|1700459827\n|move|p2b: Roaring Moon|Protect|p2b: Roaring Moon\n|-singleturn|p2b: Roaring Moon|Protect\n|move|p1b: Extra Spicy|Liquidation|p2b: Roaring Moon\n|-activate|p2b: Roaring Moon|move: Protect\n|move|p2a: Okidogi|Knock Off|p1b: Extra Spicy\n|-damage|p1b: Extra Spicy|46\/100\n|-damage|p2a: Okidogi|78\/100|[from] ability: Rough Skin|[of] p1b: Extra Spicy\n|-damage|p2a: Okidogi|62\/100|[from] item: Rocky Helmet|[of] p1b: Extra Spicy\n|-enditem|p1b: Extra Spicy|Rocky Helmet|[from] move: Knock Off|[of] p2a: Okidogi\n|move|p1a: Weather War|Hurricane|p2a: Okidogi\n|-supereffective|p2a: Okidogi\n|-damage|p2a: Okidogi|13\/100\n|\n|-weather|RainDance|[upkeep]\n|upkeep\n|turn|5\n|\n|t:|1700459863\n|switch|p1b: Cold Shoulder|Abomasnow, M, shiny|100\/100\n|-weather|Snow|[from] ability: Snow Warning|[of] p1b: Cold Shoulder\n|move|p2b: Roaring Moon|Tailwind|p2b: Roaring Moon\n|-sidestart|p2: Bahg3012|move: Tailwind\n|move|p2a: Okidogi|Drain Punch|p1b: Cold Shoulder\n|-supereffective|p1b: Cold Shoulder\n|-damage|p1b: Cold Shoulder|52\/100\n|-heal|p2a: Okidogi|35\/100|[from] drain|[of] p1b: Cold Shoulder\n|move|p1a: Weather War|Blizzard|p2b: Roaring Moon|[spread] p2a,p2b\n|-supereffective|p2b: Roaring Moon\n|-damage|p2a: Okidogi|23\/100\n|-damage|p2b: Roaring Moon|33\/100\n|\n|-weather|Snow|[upkeep]\n|upkeep\n|turn|6\n|\n|t:|1700459894\n|-end|p2b: Roaring Moon|Protosynthesis|[silent]\n|switch|p2b: Gholdengo|Gholdengo|100\/100\n|switch|p1b: Extra Spicy|Garchomp, M|46\/100\n|move|p2a: Okidogi|Drain Punch|p1b: Extra Spicy\n|-damage|p1b: Extra Spicy|22\/100\n|-heal|p2a: Okidogi|37\/100|[from] drain|[of] p1b: Extra Spicy\n|-damage|p2a: Okidogi|24\/100|[from] ability: Rough Skin|[of] p1b: Extra Spicy\n|move|p1a: Weather War|Blizzard|p2a: Okidogi|[spread] p2a,p2b\n|-resisted|p2b: Gholdengo\n|-damage|p2a: Okidogi|11\/100\n|-damage|p2b: Gholdengo|90\/100\n|\n|-weather|Snow|[upkeep]\n|upkeep\n|turn|7\n|\n|t:|1700459926\n|move|p2b: Gholdengo|Shadow Ball|p1b: Extra Spicy\n|-damage|p1b: Extra Spicy|0 fnt\n|faint|p1b: Extra Spicy\n|-damage|p2b: Gholdengo|80\/100|[from] item: Life Orb\n|move|p2a: Okidogi|Drain Punch|p1a: Weather War\n|-resisted|p1a: Weather War\n|-damage|p1a: Weather War|68\/100\n|-heal|p2a: Okidogi|18\/100|[from] drain|[of] p1a: Weather War\n|move|p1a: Weather War|Chilling Water|p2b: Gholdengo\n|-damage|p2b: Gholdengo|61\/100\n|-unboost|p2b: Gholdengo|atk|1\n|\n|-weather|Snow|[upkeep]\n|upkeep\n|\n|t:|1700459932\n|switch|p1b: OTLHPM|Toxicroak, M|100\/100\n|turn|8\n|\n|t:|1700459960\n|move|p2b: Gholdengo|Shadow Ball|p1a: Weather War\n|-damage|p1a: Weather War|0 fnt\n|faint|p1a: Weather War\n|-damage|p2b: Gholdengo|51\/100|[from] item: Life Orb\n|move|p2a: Okidogi|Drain Punch|p1b: OTLHPM\n|-resisted|p1b: OTLHPM\n|-damage|p1b: OTLHPM|73\/100\n|-heal|p2a: Okidogi|31\/100|[from] drain|[of] p1b: OTLHPM\n|move|p1b: OTLHPM|Earthquake|p2a: Okidogi|[spread] p2a,p2b\n|-supereffective|p2a: Okidogi\n|-supereffective|p2b: Gholdengo\n|-damage|p2a: Okidogi|0 fnt\n|-damage|p2b: Gholdengo|0 fnt\n|faint|p2a: Okidogi\n|faint|p2b: Gholdengo\n|\n|-weather|Snow|[upkeep]\n|-heal|p1b: OTLHPM|79\/100|[from] item: Black Sludge\n|-sideend|p2: Bahg3012|move: Tailwind\n|upkeep\n|\n|t:|1700459990\n|switch|p2b: Dragonite|Dragonite, F, shiny|100\/100\n|switch|p2a: Roaring Moon|Roaring Moon, shiny, tera:Flying|33\/100\n|switch|p1a: Cold Shoulder|Abomasnow, M, shiny|52\/100\n|turn|9\n|\n|t:|1700460015\n|switch|p1b: Harmacy|Vaporeon, F|100\/100\n|move|p2a: Roaring Moon|Protect|p2a: Roaring Moon\n|-singleturn|p2a: Roaring Moon|Protect\n|move|p2b: Dragonite|Extreme Speed|p1a: Cold Shoulder\n|-damage|p1a: Cold Shoulder|25\/100\n|move|p1a: Cold Shoulder|Blizzard|p2b: Dragonite|[spread] p2b\n|-activate|p2a: Roaring Moon|move: Protect\n|-supereffective|p2b: Dragonite\n|-damage|p2b: Dragonite|0 fnt\n|faint|p2b: Dragonite\n|\n|-weather|none\n|upkeep\n|\n|t:|1700460032\n|switch|p2b: Ogerpon|Ogerpon-Wellspring, F|100\/100\n|turn|10\n|\n|t:|1700460043\n|switch|p1a: ThcrThnSnkr|Tyranitar, F|28\/100\n|-weather|Sandstorm|[from] ability: Sand Stream|[of] p1a: ThcrThnSnkr\n|-terastallize|p1b: Harmacy|Steel\n|move|p2a: Roaring Moon|Throat Chop|p1a: ThcrThnSnkr\n|-resisted|p1a: ThcrThnSnkr\n|-damage|p1a: ThcrThnSnkr|6\/100\n|-start|p1a: ThcrThnSnkr|Throat Chop|[silent]\n|move|p2b: Ogerpon|Horn Leech|p1b: Harmacy\n|-resisted|p1b: Harmacy\n|-damage|p1b: Harmacy|85\/100\n|move|p1b: Harmacy|Weather Ball|p2a: Roaring Moon\n|-supereffective|p2a: Roaring Moon\n|-damage|p2a: Roaring Moon|0 fnt\n|faint|p2a: Roaring Moon\n|-end|p2a: Roaring Moon|Protosynthesis|[silent]\n|\n|-weather|Sandstorm|[upkeep]\n|-damage|p2b: Ogerpon|95\/100|[from] Sandstorm\n|-heal|p1b: Harmacy|91\/100|[from] item: Leftovers\n|upkeep\n|turn|11\n|\n|t:|1700460076\n|switch|p1a: OTLHPM|Toxicroak, M|79\/100\n|move|p2b: Ogerpon|Ivy Cudgel|p1b: Harmacy|[anim] Ivy Cudgel Water\n|-damage|p1b: Harmacy|46\/100\n|move|p1b: Harmacy|Icy Wind|p2b: Ogerpon\n|-damage|p2b: Ogerpon|79\/100\n|-unboost|p2b: Ogerpon|spe|1\n|\n|-weather|Sandstorm|[upkeep]\n|-damage|p2b: Ogerpon|73\/100|[from] Sandstorm\n|-damage|p1a: OTLHPM|73\/100|[from] Sandstorm\n|-heal|p1a: OTLHPM|79\/100|[from] item: Black Sludge\n|-heal|p1b: Harmacy|52\/100|[from] item: Leftovers\n|upkeep\n|turn|12\n|\n|t:|1700460091\n|move|p2b: Ogerpon|Spiky Shield|p2b: Ogerpon\n|-singleturn|p2b: Ogerpon|move: Protect\n|move|p1a: OTLHPM|Poison Jab|p2b: Ogerpon\n|-activate|p2b: Ogerpon|move: Protect\n|-damage|p1a: OTLHPM|67\/100|[from] Spiky Shield|[of] p2b: Ogerpon\n|move|p1b: Harmacy|Icy Wind|p2b: Ogerpon\n|-activate|p2b: Ogerpon|move: Protect\n|\n|-weather|Sandstorm|[upkeep]\n|-damage|p2b: Ogerpon|67\/100|[from] Sandstorm\n|-damage|p1a: OTLHPM|60\/100|[from] Sandstorm\n|-heal|p1a: OTLHPM|67\/100|[from] item: Black Sludge\n|-heal|p1b: Harmacy|58\/100|[from] item: Leftovers\n|upkeep\n|turn|13\n|\n|t:|1700460109\n|move|p2b: Ogerpon|Ivy Cudgel|p1a: OTLHPM|[anim] Ivy Cudgel Water\n|-heal|p1a: OTLHPM|92\/100|[from] ability: Dry Skin|[of] p2b: Ogerpon\n|move|p1a: OTLHPM|Poison Jab|p2b: Ogerpon\n|-supereffective|p2b: Ogerpon\n|-damage|p2b: Ogerpon|0 fnt\n|faint|p2b: Ogerpon\n|\n|win|mikeyuwu\n|raw|mikeyuwu's rating: 1294 &rarr; <strong>1321<\/strong><br \/>(+27 for winning)\n|raw|Bahg3012's rating: 1320 &rarr; <strong>1299<\/strong><br \/>(-21 for losing)\n|c|\u2606mikeyuwu|Gg\n|l|\u2606Bahg3012\n","uploadtime":1700460122,"views":13,"p1id":"mikeyuwu","p2id":"bahg3012","formatid":"gen9doublesou","rating":1299,"private":0,"password":""}