{"id":"gen9doublesou-1983280272","p1":"CyndaKill-IGT","p2":"The JRL","format":"[Gen 9] Doubles OU","log":"|j|\u2606CyndaKill-IGT\n|j|\u2606The JRL\n|t:|1699113654\n|gametype|doubles\n|player|p1|CyndaKill-IGT|blue|\n|player|p2|The JRL|#scl3islanders2|\n|teamsize|p1|6\n|teamsize|p2|6\n|gen|9\n|tier|[Gen 9] Doubles OU\n|rule|Species Clause: Limit one of each Pok\u00e9mon\n|rule|OHKO Clause: OHKO moves are banned\n|rule|Evasion Moves Clause: Evasion moves are banned\n|rule|Gravity Sleep Clause: The combination of sleep-inducing moves with imperfect accuracy and Gravity or Gigantamax Orbeetle are banned\n|rule|Endless Battle Clause: Forcing endless battles is banned\n|rule|HP Percentage Mod: HP is shown in percentages\n|clearpoke\n|poke|p1|Flutter Mane|\n|poke|p1|Ogerpon-Wellspring, F|\n|poke|p1|Tornadus, M|\n|poke|p1|Landorus-Therian, M|\n|poke|p1|Volcanion|\n|poke|p1|Iron Hands|\n|poke|p2|Heatran, F|\n|poke|p2|Ogerpon-Wellspring, F|\n|poke|p2|Landorus-Therian, M|\n|poke|p2|Amoonguss, F|\n|poke|p2|Iron Hands|\n|poke|p2|Flutter Mane|\n|teampreview\n|inactive|Battle timer is ON: inactive players will automatically lose when time's up. (requested by The JRL)\n|c|\u2606CyndaKill-IGT|glhf\n|c|\u2606The JRL|u2\n|j| Tenzai\n|j| eric versus\u30c4\n|j| ratpacker\n|inactive|CyndaKill-IGT has 270 seconds left.\n|inactive|The JRL has 270 seconds left.\n|inactive|CyndaKill-IGT has 240 seconds left.\n|inactive|The JRL has 240 seconds left.\n|j| elagic\n|j| Nephtyrix\n|inactive|CyndaKill-IGT has 210 seconds left.\n|inactive|The JRL has 210 seconds left.\n|c| Nephtyrix|Go France !\n|j| Givrix\n|c| Nephtyrix|High Chance to CyndaKill <3\n|j| John1240\n|inactive|CyndaKill-IGT has 180 seconds left.\n|inactive|The JRL has 180 seconds left.\n|c| eric versus\u30c4|go europe (without france) !\n|j| Eragon11145\n|c| Nephtyrix|And spain\n|\n|t:|1699113793\n|start\n|switch|p1a: Volcanion|Volcanion|100\/100\n|switch|p1b: Tornadus|Tornadus, M|100\/100\n|switch|p2a: Iron Hands|Iron Hands|100\/100\n|switch|p2b: Landorus|Landorus-Therian, M|100\/100\n|-ability|p2b: Landorus|Intimidate|boost\n|-unboost|p1a: Volcanion|atk|1\n|-unboost|p1b: Tornadus|atk|1\n|turn|1\n|c| Nephtyrix|and Italy\n|j| Flying Beagle\n|c| eric versus\u30c4|arguably\n|j| Heerv\n|j| AIRedzone\n|inactive|CyndaKill-IGT has 240 seconds left.\n|j| MADARAAAA\n|j| theyummybagel\n|j| smudgerox\n|inactive|The JRL has 240 seconds left.\n|j| xHys\n|inactive|CyndaKill-IGT has 210 seconds left.\n|j| Iceberg77\n|inactive|The JRL has 210 seconds left.\n|j| momento memento\n|j| Toxinalpaca\n|\n|t:|1699113870\n|switch|p1b: Iron Hands|Iron Hands|100\/100\n|switch|p1a: Landorus|Landorus-Therian, M|100\/100\n|-ability|p1a: Landorus|Intimidate|boost\n|-unboost|p2a: Iron Hands|atk|1\n|-unboost|p2b: Landorus|atk|1\n|move|p2a: Iron Hands|Fake Out|p1a: Landorus\n|-damage|p1a: Landorus|90\/100\n|move|p2b: Landorus|Rock Slide|p1a: Landorus|[spread] p1a,p1b\n|-resisted|p1b: Iron Hands\n|-damage|p1a: Landorus|74\/100\n|-damage|p1b: Iron Hands|95\/100\n|\n|upkeep\n|turn|2\n|inactive|The JRL has 210 seconds left.\n|inactive|CyndaKill-IGT has 210 seconds left.\n|l| Toxinalpaca\n|inactive|The JRL has 180 seconds left.\n|\n|t:|1699113915\n|switch|p2b: Amoonguss|Amoonguss, F|100\/100\n|move|p1a: Landorus|U-turn|p2b: Amoonguss\n|-damage|p2b: Amoonguss|78\/100\n|\n|t:|1699113930\n|switch|p1a: Volcanion|Volcanion|100\/100|[from] U-turn\n|move|p2a: Iron Hands|Volt Switch|p1b: Iron Hands\n|-resisted|p1b: Iron Hands\n|-damage|p1b: Iron Hands|92\/100\n|\n|t:|1699113939\n|-end|p2a: Iron Hands|Quark Drive|[silent]\n|switch|p2a: Landorus|Landorus-Therian, M|100\/100|[from] Volt Switch\n|-ability|p2a: Landorus|Intimidate|boost\n|-unboost|p1a: Volcanion|atk|1\n|-unboost|p1b: Iron Hands|atk|1\n|move|p1b: Iron Hands|Volt Switch|p2a: Landorus\n|-immune|p2a: Landorus\n|\n|upkeep\n|turn|3\n|j| chartreuse hippo\n|inactive|CyndaKill-IGT has 210 seconds left.\n|inactive|The JRL has 180 seconds left.\n|j| frania \u2654\n|inactive|The JRL has 150 seconds left.\n|inactive|The JRL has 120 seconds left.\n|\n|t:|1699114030\n|-end|p1b: Iron Hands|Quark Drive|[silent]\n|switch|p1b: Landorus|Landorus-Therian, M|74\/100\n|-ability|p1b: Landorus|Intimidate|boost\n|-unboost|p2a: Landorus|atk|1\n|-unboost|p2b: Amoonguss|atk|1\n|switch|p2b: Iron Hands|Iron Hands|100\/100\n|-terastallize|p1a: Volcanion|Grass\n|move|p2a: Landorus|U-turn|p1a: Volcanion\n|-supereffective|p1a: Volcanion\n|-damage|p1a: Volcanion|70\/100\n|inactive|The JRL has 90 seconds left.\n|j| juega persona\n|\n|t:|1699114076\n|switch|p2a: Ogerpon|Ogerpon-Wellspring, F|100\/100|[from] U-turn\n|move|p1a: Volcanion|Steam Eruption|p2a: Ogerpon\n|-immune|p2a: Ogerpon|[from] ability: Water Absorb\n|\n|upkeep\n|turn|4\n|inactive|The JRL has 90 seconds left.\n|inactive|CyndaKill-IGT has 210 seconds left.\n|inactive|The JRL has 60 seconds left.\n|\n|t:|1699114121\n|switch|p1b: Ogerpon|Ogerpon-Wellspring, F|100\/100\n|move|p2b: Iron Hands|Fake Out|p1a: Volcanion\n|-damage|p1a: Volcanion|58\/100\n|move|p2a: Ogerpon|Spikes|p1b: Ogerpon\n|-sidestart|p1: CyndaKill-IGT|Spikes\n|move|p1a: Volcanion|Will-O-Wisp|p2a: Ogerpon\n|-status|p2a: Ogerpon|brn\n|\n|-damage|p2a: Ogerpon|94\/100 brn|[from] brn\n|upkeep\n|turn|5\n|c| frania \u2654|cold\n|inactive|CyndaKill-IGT has 210 seconds left.\n|inactive|The JRL has 60 seconds left.\n|\n|t:|1699114147\n|-end|p2b: Iron Hands|Quark Drive|[silent]\n|switch|p2b: Amoonguss|Amoonguss, F|100\/100\n|move|p2a: Ogerpon|Spikes|p1b: Ogerpon\n|-sidestart|p1: CyndaKill-IGT|Spikes\n|move|p1b: Ogerpon|Ivy Cudgel|p2b: Amoonguss\n|-resisted|p2b: Amoonguss\n|-damage|p2b: Amoonguss|73\/100\n|move|p1a: Volcanion|Will-O-Wisp|p2b: Amoonguss\n|-status|p2b: Amoonguss|brn\n|\n|-damage|p2a: Ogerpon|88\/100 brn|[from] brn\n|-damage|p2b: Amoonguss|67\/100 brn|[from] brn\n|upkeep\n|turn|6\n|j| SingleThunder\n|inactive|The JRL has 60 seconds left.\n|l| eric versus\u30c4\n|j| eric versus\u30c4\n|j| scpseptember\u9b3c\u706f\n|\n|t:|1699114189\n|-terastallize|p2b: Amoonguss|Water\n|move|p1b: Ogerpon|Wood Hammer|p2a: Ogerpon\n|-damage|p2a: Ogerpon|8\/100 brn\n|-damage|p1b: Ogerpon|71\/100|[from] Recoil\n|move|p2a: Ogerpon|Spikes|p1b: Ogerpon\n|-sidestart|p1: CyndaKill-IGT|Spikes\n|move|p1a: Volcanion|Heat Wave|p2b: Amoonguss|[spread] p2a,p2b\n|-resisted|p2b: Amoonguss\n|-damage|p2a: Ogerpon|0 fnt\n|-damage|p2b: Amoonguss|52\/100 brn\n|faint|p2a: Ogerpon\n|move|p2b: Amoonguss|Pollen Puff|p1a: Volcanion\n|-supereffective|p1a: Volcanion\n|-damage|p1a: Volcanion|24\/100\n|\n|-damage|p2b: Amoonguss|46\/100 brn|[from] brn\n|upkeep\n|-enditem|p2b: Amoonguss|Sitrus Berry|[eat]\n|-heal|p2b: Amoonguss|71\/100 brn|[from] item: Sitrus Berry\n|l| smudgerox\n|inactive|The JRL has 30 seconds left.\n|\n|t:|1699114208\n|switch|p2a: Landorus|Landorus-Therian, M|100\/100\n|-ability|p2a: Landorus|Intimidate|boost\n|-unboost|p1a: Volcanion|atk|1\n|-unboost|p1b: Ogerpon|atk|1\n|turn|7\n|inactive|CyndaKill-IGT has 240 seconds left.\n|\n|t:|1699114240\n|switch|p2b: Iron Hands|Iron Hands|100\/100\n|move|p2a: Landorus|U-turn|p1a: Volcanion\n|-supereffective|p1a: Volcanion\n|-damage|p1a: Volcanion|0 fnt\n|faint|p1a: Volcanion\n|\n|t:|1699114250\n|switch|p2a: Amoonguss|Amoonguss, F, tera:Water|100\/100 brn|[from] U-turn\n|move|p1b: Ogerpon|Wood Hammer|p2b: Iron Hands\n|-damage|p2b: Iron Hands|67\/100\n|-damage|p1b: Ogerpon|55\/100|[from] Recoil\n|\n|-damage|p2a: Amoonguss|94\/100 brn|[from] brn\n|upkeep\n|j| vgcltesid\n|\n|t:|1699114261\n|switch|p1a: Landorus|Landorus-Therian, M|74\/100\n|-ability|p1a: Landorus|Intimidate|boost\n|-unboost|p2a: Amoonguss|atk|1\n|-unboost|p2b: Iron Hands|atk|1\n|turn|8\n|inactive|The JRL has 60 seconds left.\n|\n|t:|1699114285\n|move|p1b: Ogerpon|Spiky Shield|p1b: Ogerpon\n|-singleturn|p1b: Ogerpon|move: Protect\n|move|p2b: Iron Hands|Fake Out|p1b: Ogerpon\n|-activate|p1b: Ogerpon|move: Protect\n|-damage|p2b: Iron Hands|54\/100|[from] Spiky Shield|[of] p1b: Ogerpon\n|move|p1a: Landorus|Stealth Rock|p2a: Amoonguss\n|-sidestart|p2: The JRL|move: Stealth Rock\n|move|p2a: Amoonguss|Spore|p1a: Landorus\n|-status|p1a: Landorus|slp|[from] move: Spore\n|\n|-damage|p2a: Amoonguss|88\/100 brn|[from] brn\n|upkeep\n|turn|9\n|inactive|CyndaKill-IGT has 240 seconds left.\n|inactive|The JRL has 60 seconds left.\n|l| frania \u2654\n|j| voltiix\n|inactive|CyndaKill-IGT has 210 seconds left.\n|\n|t:|1699114330\n|-end|p2b: Iron Hands|Quark Drive|[silent]\n|switch|p2b: Landorus|Landorus-Therian, M|100\/100\n|-damage|p2b: Landorus|88\/100|[from] Stealth Rock\n|-ability|p2b: Landorus|Intimidate|boost\n|-unboost|p1a: Landorus|atk|1\n|-unboost|p1b: Ogerpon|atk|1\n|switch|p2a: Heatran|Heatran, F|100\/100\n|-damage|p2a: Heatran|88\/100|[from] Stealth Rock\n|move|p1b: Ogerpon|Ivy Cudgel|p2a: Heatran\n|-supereffective|p2a: Heatran\n|-crit|p2a: Heatran\n|-damage|p2a: Heatran|0 fnt\n|faint|p2a: Heatran\n|cant|p1a: Landorus|slp\n|\n|upkeep\n|j| tyo\n|c|\u2606The JRL|ok\n|c|\u2606The JRL|good play\n|\n|t:|1699114360\n|switch|p2a: Flutter Mane|Flutter Mane|100\/100\n|-damage|p2a: Flutter Mane|88\/100|[from] Stealth Rock\n|-enditem|p2a: Flutter Mane|Booster Energy\n|-activate|p2a: Flutter Mane|ability: Protosynthesis|[fromitem]\n|-start|p2a: Flutter Mane|protosynthesisspe\n|turn|10\n|j| Acura RL\n|inactive|The JRL has 30 seconds left.\n|\n|t:|1699114395\n|move|p1b: Ogerpon|Spiky Shield|p1b: Ogerpon\n|-singleturn|p1b: Ogerpon|move: Protect\n|move|p2a: Flutter Mane|Imprison|p2a: Flutter Mane\n|-start|p2a: Flutter Mane|move: Imprison\n|move|p2b: Landorus|U-turn|p1b: Ogerpon\n|-activate|p1b: Ogerpon|move: Protect\n|-damage|p2b: Landorus|75\/100|[from] Spiky Shield|[of] p1b: Ogerpon\n|-curestatus|p1a: Landorus|slp|[msg]\n|move|p1a: Landorus|U-turn|p2b: Landorus\n|-resisted|p2b: Landorus\n|-damage|p2b: Landorus|65\/100\n|inactive|CyndaKill-IGT has 210 seconds left.\n|\n|t:|1699114410\n|switch|p1a: Tornadus|Tornadus, M|100\/100|[from] U-turn\n|\n|upkeep\n|turn|11\n|inactive|CyndaKill-IGT has 210 seconds left.\n|\n|t:|1699114436\n|switch|p2b: Amoonguss|Amoonguss, F, tera:Water|100\/100 brn\n|-damage|p2b: Amoonguss|88\/100 brn|[from] Stealth Rock\n|move|p1a: Tornadus|Tailwind|p1a: Tornadus\n|-sidestart|p1: CyndaKill-IGT|move: Tailwind\n|move|p2a: Flutter Mane|Moonblast|p1b: Ogerpon\n|-damage|p1b: Ogerpon|5\/100\n|-unboost|p1b: Ogerpon|spa|1\n|move|p1b: Ogerpon|U-turn|p2b: Amoonguss\n|-damage|p2b: Amoonguss|75\/100 brn\n|inactive|CyndaKill-IGT has 180 seconds left.\n|\n|t:|1699114472\n|switch|p1b: Iron Hands|Iron Hands|92\/100|[from] U-turn\n|-damage|p1b: Iron Hands|67\/100|[from] Spikes\n|\n|-damage|p2b: Amoonguss|69\/100 brn|[from] brn\n|upkeep\n|turn|12\n|inactive|The JRL has 60 seconds left.\n|inactive|CyndaKill-IGT has 180 seconds left.\n|inactive|The JRL has 30 seconds left.\n|inactive|The JRL has 20 seconds left.\n|c| SingleThunder|fire\n|inactive|The JRL has 15 seconds left.\n|\n|t:|1699114528\n|switch|p2b: Landorus|Landorus-Therian, M|65\/100\n|-damage|p2b: Landorus|53\/100|[from] Stealth Rock\n|-ability|p2b: Landorus|Intimidate|boost\n|-unboost|p1a: Tornadus|atk|1\n|-unboost|p1b: Iron Hands|atk|1\n|move|p2a: Flutter Mane|Protect|p2a: Flutter Mane\n|-singleturn|p2a: Flutter Mane|Protect\n|move|p1b: Iron Hands|Fake Out|p2b: Landorus\n|-damage|p2b: Landorus|40\/100\n|move|p1a: Tornadus|Rain Dance|p1a: Tornadus\n|-weather|RainDance\n|\n|-weather|RainDance|[upkeep]\n|upkeep\n|turn|13\n|inactive|CyndaKill-IGT has 180 seconds left.\n|inactive|The JRL has 30 seconds left.\n|inactive|The JRL has 20 seconds left.\n|inactive|The JRL has 15 seconds left.\n|inactive|The JRL has 10 seconds left.\n|\n|t:|1699114562\n|move|p1a: Tornadus|Bleakwind Storm|p2b: Landorus|[spread] p2a,p2b\n|-damage|p2a: Flutter Mane|56\/100\n|-damage|p2b: Landorus|0 fnt\n|-unboost|p2a: Flutter Mane|spe|1\n|faint|p2b: Landorus\n|move|p2a: Flutter Mane|Moonblast|p1b: Iron Hands\n|-supereffective|p1b: Iron Hands\n|-damage|p1b: Iron Hands|22\/100\n|move|p1b: Iron Hands|Heavy Slam|p2a: Flutter Mane\n|-supereffective|p2a: Flutter Mane\n|-damage|p2a: Flutter Mane|0 fnt\n|faint|p2a: Flutter Mane\n|-end|p2a: Flutter Mane|Protosynthesis|[silent]\n|\n|-weather|RainDance|[upkeep]\n|upkeep\n|inactive|The JRL has 15 seconds left this turn.\n|inactive|The JRL has 10 seconds left.\n|\n|t:|1699114571\n|switch|p2a: Iron Hands|Iron Hands|54\/100\n|switch|p2b: Amoonguss|Amoonguss, F, tera:Water|100\/100 brn\n|-damage|p2a: Iron Hands|48\/100|[from] Stealth Rock\n|-damage|p2b: Amoonguss|88\/100 brn|[from] Stealth Rock\n|turn|14\n|inactive|The JRL has 30 seconds left.\n|inactive|CyndaKill-IGT has 180 seconds left.\n|inactive|The JRL has 20 seconds left.\n|\n|t:|1699114589\n|move|p1a: Tornadus|Protect|p1a: Tornadus\n|-singleturn|p1a: Tornadus|Protect\n|move|p2a: Iron Hands|Fake Out|p1b: Iron Hands\n|-damage|p1b: Iron Hands|11\/100\n|cant|p1b: Iron Hands|flinch\n|move|p2b: Amoonguss|Pollen Puff|p2a: Iron Hands\n|-heal|p2a: Iron Hands|98\/100\n|\n|-weather|RainDance|[upkeep]\n|-damage|p2b: Amoonguss|82\/100 brn|[from] brn\n|-sideend|p1: CyndaKill-IGT|move: Tailwind\n|upkeep\n|turn|15\n|j|+Frixel\n|inactive|The JRL has 30 seconds left.\n|l|+Frixel\n|inactive|The JRL has 20 seconds left.\n|inactive|The JRL has 15 seconds left.\n|\n|t:|1699114619\n|move|p1a: Tornadus|Bleakwind Storm|p2b: Amoonguss|[spread] p2a,p2b\n|-crit|p2b: Amoonguss\n|-damage|p2a: Iron Hands|83\/100\n|-damage|p2b: Amoonguss|42\/100 brn\n|move|p2a: Iron Hands|Drain Punch|p1b: Iron Hands\n|-damage|p1b: Iron Hands|0 fnt\n|-heal|p2a: Iron Hands|88\/100|[from] drain|[of] p1b: Iron Hands\n|faint|p1b: Iron Hands\n|-end|p1b: Iron Hands|Quark Drive|[silent]\n|move|p2b: Amoonguss|Spore|p1a: Tornadus\n|-status|p1a: Tornadus|slp|[from] move: Spore\n|\n|-weather|RainDance|[upkeep]\n|-damage|p2b: Amoonguss|36\/100 brn|[from] brn\n|upkeep\n|inactive|The JRL has 20 seconds left this turn.\n|\n|t:|1699114628\n|switch|p1b: Flutter Mane|Flutter Mane|100\/100\n|-damage|p1b: Flutter Mane|75\/100|[from] Spikes\n|turn|16\n|inactive|CyndaKill-IGT has 210 seconds left.\n|inactive|The JRL has 30 seconds left.\n|\n|t:|1699114650\n|move|p1b: Flutter Mane|Moonblast|p2b: Amoonguss\n|-damage|p2b: Amoonguss|0 fnt\n|faint|p2b: Amoonguss\n|cant|p1a: Tornadus|slp\n|move|p2a: Iron Hands|Heavy Slam|p1b: Flutter Mane\n|-supereffective|p1b: Flutter Mane\n|-damage|p1b: Flutter Mane|0 fnt\n|faint|p1b: Flutter Mane\n|-end|p1b: Flutter Mane|Protosynthesis|[silent]\n|\n|-weather|none\n|upkeep\n|\n|t:|1699114655\n|switch|p1b: Landorus|Landorus-Therian, M|74\/100\n|-ability|p1b: Landorus|Intimidate|boost\n|-unboost|p2a: Iron Hands|atk|1\n|turn|17\n|\n|t:|1699114662\n|cant|p1a: Tornadus|slp\n|move|p1b: Landorus|Stomping Tantrum|p2a: Iron Hands\n|-supereffective|p2a: Iron Hands\n|-damage|p2a: Iron Hands|32\/100\n|move|p2a: Iron Hands|Drain Punch|p1b: Landorus\n|-resisted|p1b: Landorus\n|-damage|p1b: Landorus|60\/100\n|-heal|p2a: Iron Hands|39\/100|[from] drain|[of] p1b: Landorus\n|\n|upkeep\n|turn|18\n|inactive|CyndaKill-IGT has 240 seconds left.\n|l| eric versus\u30c4\n|c|\u2606The JRL|gg\n|-message|The JRL forfeited.\n|\n|win|CyndaKill-IGT\n|c|\u2606CyndaKill-IGT|GG\n|c| Nephtyrix|Let's gooo\n|l|\u2606The JRL\n|l| Flying Beagle\n|l| momento memento\n|c| John1240|LFNGO\n|l| AIRedzone\n|l| Heerv\n|l| ratpacker\n|l| juega persona\n|l| SingleThunder\n|l| voltiix\n|j| HTH Not Registered\n|l| HTH Not Registered\n|l| Eragon11145\n|l| xHys\n|l| Acura RL\n|l| Iceberg77\n|l| tyo\n","uploadtime":1699115034,"views":105,"p1id":"cyndakilligt","p2id":"thejrl","formatid":"gen9doublesou","rating":0,"private":0,"password":""}