{"id":"gen9doublesou-1998172354","p1":"QJD20","p2":"Xbear 797","format":"[Gen 9] Doubles OU","log":"|j|\u2606QJD20\n|j|\u2606Xbear 797\n|t:|1700905875\n|gametype|doubles\n|player|p1|QJD20|n|\n|player|p2|Xbear 797|workerice|\n|teamsize|p1|6\n|teamsize|p2|6\n|gen|9\n|tier|[Gen 9] Doubles OU\n|rule|Species Clause: Limit one of each Pok\u00e9mon\n|rule|OHKO Clause: OHKO moves are banned\n|rule|Evasion Moves Clause: Evasion moves are banned\n|rule|Gravity Sleep Clause: The combination of sleep-inducing moves with imperfect accuracy and Gravity or Gigantamax Orbeetle are banned\n|rule|Endless Battle Clause: Forcing endless battles is banned\n|rule|HP Percentage Mod: HP is shown in percentages\n|clearpoke\n|poke|p1|Snorlax, M|\n|poke|p1|Sinistcha|\n|poke|p1|Maushold-Four|\n|poke|p1|Dipplin, F|\n|poke|p1|Articuno-Galar|\n|poke|p1|Farigiraf, M|\n|poke|p2|Haxorus, M|\n|poke|p2|Pawmot, M|\n|poke|p2|Chien-Pao|\n|poke|p2|Cresselia, F|\n|poke|p2|Dusclops, M|\n|poke|p2|Clodsire, M|\n|teampreview\n|\n|t:|1700905949\n|start\n|switch|p1a: Snorlax|Snorlax, M, shiny|100\/100\n|switch|p1b: Articuno|Articuno-Galar, shiny|100\/100\n|switch|p2a: Dusclops|Dusclops, M|100\/100\n|switch|p2b: Cresselia|Cresselia, F|100\/100\n|-item|p1a: Snorlax|Aguav Berry|[from] ability: Frisk|[of] p2a: Dusclops|[identify]\n|-item|p1b: Articuno|Bright Powder|[from] ability: Frisk|[of] p2a: Dusclops|[identify]\n|turn|1\n|\n|t:|1700906033\n|-terastallize|p1b: Articuno|Dark\n|move|p1b: Articuno|Hypnosis|p2b: Cresselia|[miss]\n|-miss|p1b: Articuno|p2b: Cresselia\n|move|p2b: Cresselia|Light Screen|p2b: Cresselia\n|-sidestart|p2: Xbear 797|move: Light Screen\n|move|p2a: Dusclops|Shadow Punch|p1a: Snorlax\n|-immune|p1a: Snorlax\n|move|p1a: Snorlax|Belly Drum|p1a: Snorlax\n|-damage|p1a: Snorlax|50\/100\n|-setboost|p1a: Snorlax|atk|6|[from] move: Belly Drum\n|-enditem|p1a: Snorlax|Aguav Berry|[eat]\n|-heal|p1a: Snorlax|84\/100|[from] item: Aguav Berry\n|\n|upkeep\n|turn|2\n|\n|t:|1700906127\n|switch|p1b: Sinistcha|Sinistcha|100\/100\n|-heal|p1a: Snorlax|100\/100|[from] ability: Hospitality|[of] p1b: Sinistcha\n|move|p2b: Cresselia|Reflect|p2b: Cresselia\n|-sidestart|p2: Xbear 797|Reflect\n|move|p2a: Dusclops|Will-O-Wisp|p1b: Sinistcha\n|-status|p1b: Sinistcha|brn\n|move|p1a: Snorlax|Ice Punch|p2a: Dusclops\n|-damage|p2a: Dusclops|56\/100\n|\n|-damage|p1b: Sinistcha|94\/100 brn|[from] brn\n|upkeep\n|turn|3\n|\n|t:|1700906180\n|move|p2b: Cresselia|Future Sight|p1b: Sinistcha\n|-start|p2b: Cresselia|move: Future Sight\n|move|p1b: Sinistcha|Hex|p2a: Dusclops\n|-supereffective|p2a: Dusclops\n|-damage|p2a: Dusclops|20\/100\n|move|p2a: Dusclops|Future Sight|p1a: Snorlax\n|-start|p2a: Dusclops|move: Future Sight\n|move|p1a: Snorlax|Fire Punch|p2b: Cresselia\n|-damage|p2b: Cresselia|42\/100\n|\n|-damage|p1b: Sinistcha|88\/100 brn|[from] brn\n|upkeep\n|turn|4\n|\n|t:|1700906213\n|switch|p2a: Clodsire|Clodsire, M, shiny|100\/100\n|move|p2b: Cresselia|Moonblast|p1a: Snorlax\n|-crit|p1a: Snorlax\n|-damage|p1a: Snorlax|80\/100\n|move|p1b: Sinistcha|Hex|p2a: Clodsire\n|-damage|p2a: Clodsire|88\/100\n|move|p1a: Snorlax|Brick Break|p2b: Cresselia\n|-sideend|p2: Xbear 797|Reflect\n|-sideend|p2: Xbear 797|move: Light Screen\n|-resisted|p2b: Cresselia\n|-damage|p2b: Cresselia|0 fnt\n|faint|p2b: Cresselia\n|\n|-damage|p1b: Sinistcha|82\/100 brn|[from] brn\n|upkeep\n|\n|t:|1700906230\n|switch|p2b: Pawmot|Pawmot, M|100\/100\n|turn|5\n|\n|t:|1700906245\n|move|p2b: Pawmot|Close Combat|p1a: Snorlax\n|-supereffective|p1a: Snorlax\n|-damage|p1a: Snorlax|0 fnt\n|-unboost|p2b: Pawmot|def|1\n|-unboost|p2b: Pawmot|spd|1\n|faint|p1a: Snorlax\n|move|p1b: Sinistcha|Matcha Gotcha|p2b: Pawmot|[spread] p2a,p2b\n|-damage|p2a: Clodsire|71\/100\n|-heal|p1b: Sinistcha|94\/100 brn|[from] drain|[of] p2a: Clodsire\n|-damage|p2b: Pawmot|8\/100\n|-heal|p1b: Sinistcha|100\/100 brn|[from] drain|[of] p2b: Pawmot\n|-status|p2b: Pawmot|brn\n|move|p2a: Clodsire|Toxic||[still]\n|-fail|p2a: Clodsire\n|\n|-end|p1b: Sinistcha|move: Future Sight\n|-damage|p1b: Sinistcha|51\/100 brn\n|-hint|Future Sight did not hit because the target is fainted.\n|-damage|p2b: Pawmot|2\/100 brn|[from] brn\n|-damage|p1b: Sinistcha|45\/100 brn|[from] brn\n|upkeep\n|\n|t:|1700906273\n|switch|p1a: Maushold|Maushold-Four|100\/100\n|turn|6\n|\n|t:|1700906293\n|move|p2b: Pawmot|Fake Out||[still]\n|-hint|Fake Out only works on your first turn out.\n|-fail|p2b: Pawmot\n|move|p1a: Maushold|Population Bomb|p2b: Pawmot\n|-damage|p2b: Pawmot|0 fnt\n|faint|p2b: Pawmot\n|-hitcount|p2: Pawmot|1\n|move|p1b: Sinistcha|Matcha Gotcha|p2a: Clodsire|[miss]\n|-miss|p1b: Sinistcha|p2a: Clodsire\n|move|p2a: Clodsire|Toxic Spikes|p1b: Sinistcha\n|-sidestart|p1: QJD20|move: Toxic Spikes\n|\n|-damage|p1b: Sinistcha|39\/100 brn|[from] brn\n|upkeep\n|\n|t:|1700906309\n|switch|p2b: Chien-Pao|Chien-Pao|100\/100\n|-ability|p2b: Chien-Pao|Sword of Ruin\n|turn|7\n|\n|t:|1700906323\n|move|p2b: Chien-Pao|Ice Spinner|p1b: Sinistcha\n|-supereffective|p1b: Sinistcha\n|-damage|p1b: Sinistcha|0 fnt\n|faint|p1b: Sinistcha\n|move|p1a: Maushold|Tidy Up|p1a: Maushold\n|-sideend|p1: QJD20|Toxic Spikes\n|-activate|p1a: Maushold|move: Tidy Up\n|-boost|p1a: Maushold|atk|1\n|-boost|p1a: Maushold|spe|1\n|move|p2a: Clodsire|Toxic|p1a: Maushold\n|-status|p1a: Maushold|tox\n|\n|-damage|p1a: Maushold|95\/100 tox|[from] psn\n|upkeep\n|\n|t:|1700906338\n|switch|p1b: Dipplin|Dipplin, F, shiny|100\/100\n|-ability|p1b: Dipplin|Supersweet Syrup\n|-ability|p1b: Dipplin|Supersweet Syrup|boost\n|-unboost|p2a: Clodsire|evasion|1\n|-unboost|p2b: Chien-Pao|evasion|1\n|turn|8\n|\n|t:|1700906418\n|move|p1b: Dipplin|Protect|p1b: Dipplin\n|-singleturn|p1b: Dipplin|Protect\n|move|p1a: Maushold|Population Bomb|p2b: Chien-Pao\n|-damage|p2b: Chien-Pao|83\/100\n|-damage|p2b: Chien-Pao|66\/100\n|-damage|p2b: Chien-Pao|47\/100\n|-damage|p2b: Chien-Pao|28\/100\n|-damage|p2b: Chien-Pao|12\/100\n|-damage|p2b: Chien-Pao|0 fnt\n|faint|p2b: Chien-Pao\n|-hitcount|p2: Chien-Pao|6\n|move|p2a: Clodsire|Venoshock|p1a: Maushold\n|-damage|p1a: Maushold|66\/100 tox\n|\n|-damage|p1a: Maushold|54\/100 tox|[from] psn\n|upkeep\n|\n|t:|1700906438\n|switch|p2b: Dusclops|Dusclops, M|20\/100\n|-item|p1a: Maushold|Heavy-Duty Boots|[from] ability: Frisk|[of] p2b: Dusclops|[identify]\n|-item|p1b: Dipplin|Chople Berry|[from] ability: Frisk|[of] p2b: Dusclops|[identify]\n|turn|9\n|\n|t:|1700906449\n|move|p1a: Maushold|Population Bomb|p2a: Clodsire\n|-damage|p2a: Clodsire|58\/100\n|-damage|p2a: Clodsire|44\/100\n|-damage|p2a: Clodsire|29\/100\n|-damage|p2a: Clodsire|16\/100\n|-damage|p2a: Clodsire|4\/100\n|-damage|p2a: Clodsire|0 fnt\n|faint|p2a: Clodsire\n|-hitcount|p2: Clodsire|6\n|move|p1b: Dipplin|Syrup Bomb|p2b: Dusclops\n|-damage|p2b: Dusclops|5\/100\n|-start|p2b: Dusclops|Syrup Bomb\n|move|p2b: Dusclops|Future Sight|p1a: Maushold\n|-start|p2b: Dusclops|move: Future Sight\n|\n|-damage|p1a: Maushold|36\/100 tox|[from] psn\n|-unboost|p2b: Dusclops|spe|1\n|upkeep\n|\n|t:|1700906467\n|switch|p2a: Haxorus|Haxorus, M|100\/100\n|-ability|p2a: Haxorus|Mold Breaker\n|turn|10\n|\n|t:|1700906482\n|switch|p1a: Farigiraf|Farigiraf, M|100\/100\n|switch|p1b: Articuno|Articuno-Galar, shiny, tera:Dark|100\/100\n|move|p2a: Haxorus|Dragon Claw|p1b: Articuno\n|-damage|p1b: Articuno|32\/100\n|move|p2b: Dusclops|Shadow Punch|p1b: Articuno\n|-resisted|p1b: Articuno\n|-damage|p1b: Articuno|20\/100\n|\n|-unboost|p2b: Dusclops|spe|1\n|upkeep\n|turn|11\n|\n|t:|1700906506\n|move|p1a: Farigiraf|Helping Hand|p1b: Articuno\n|-singleturn|p1b: Articuno|Helping Hand|[of] p1a: Farigiraf\n|move|p1b: Articuno|Dual Wingbeat|p2b: Dusclops\n|-damage|p2b: Dusclops|0 fnt\n|faint|p2b: Dusclops\n|-hitcount|p2: Dusclops|1\n|move|p2a: Haxorus|Giga Impact|p1a: Farigiraf\n|-damage|p1a: Farigiraf|33\/100\n|-mustrecharge|p2a: Haxorus\n|\n|-end|p1a: Farigiraf|move: Future Sight\n|-resisted|p1a: Farigiraf\n|-damage|p1a: Farigiraf|27\/100\n|upkeep\n|turn|12\n|\n|t:|1700906524\n|move|p1a: Farigiraf|Helping Hand|p1b: Articuno\n|-singleturn|p1b: Articuno|Helping Hand|[of] p1a: Farigiraf\n|move|p1b: Articuno|Dual Wingbeat|p2a: Haxorus\n|-damage|p2a: Haxorus|69\/100\n|-damage|p2a: Haxorus|40\/100\n|-hitcount|p2a: Haxorus|2\n|cant|p2a: Haxorus|recharge\n|\n|upkeep\n|turn|13\n|\n|t:|1700906538\n|move|p1a: Farigiraf|Helping Hand|p1b: Articuno\n|-singleturn|p1b: Articuno|Helping Hand|[of] p1a: Farigiraf\n|move|p1b: Articuno|Dual Wingbeat|p2a: Haxorus\n|-damage|p2a: Haxorus|10\/100\n|-enditem|p2a: Haxorus|Aguav Berry|[eat]\n|-heal|p2a: Haxorus|44\/100|[from] item: Aguav Berry\n|-damage|p2a: Haxorus|15\/100\n|-hitcount|p2a: Haxorus|2\n|move|p2a: Haxorus|Dragon Claw|p1b: Articuno\n|-damage|p1b: Articuno|0 fnt\n|faint|p1b: Articuno\n|\n|upkeep\n|\n|t:|1700906553\n|switch|p1b: Dipplin|Dipplin, F, shiny|100\/100\n|turn|14\n|\n|t:|1700906616\n|move|p1b: Dipplin|Protect|p1b: Dipplin\n|-singleturn|p1b: Dipplin|Protect\n|move|p2a: Haxorus|Dragon Claw|p1b: Dipplin\n|-activate|p1b: Dipplin|move: Protect\n|move|p1a: Farigiraf|Psychic Fangs|p2a: Haxorus\n|-damage|p2a: Haxorus|0 fnt\n|faint|p2a: Haxorus\n|\n|win|QJD20\n|c|\u2606QJD20|ggwp\n","uploadtime":1700906650,"views":7,"p1id":"qjd20","p2id":"xbear797","formatid":"gen9doublesou","rating":0,"private":0,"password":""}