{"id":"gen9doublesou-1998411275","p1":"cotesmcgotes","p2":"Imagine A Place","format":"[Gen 9] Doubles OU","log":"|j|\u2606cotesmcgotes\n|j|\u2606Imagine A Place\n|t:|1700939317\n|gametype|doubles\n|player|p1|cotesmcgotes|flannery|1291\n|player|p2|Imagine A Place|youngster-gen4dp|1211\n|teamsize|p1|6\n|teamsize|p2|6\n|gen|9\n|tier|[Gen 9] Doubles OU\n|rated|\n|rule|Species Clause: Limit one of each Pok\u00e9mon\n|rule|OHKO Clause: OHKO moves are banned\n|rule|Evasion Moves Clause: Evasion moves are banned\n|rule|Gravity Sleep Clause: The combination of sleep-inducing moves with imperfect accuracy and Gravity or Gigantamax Orbeetle are banned\n|rule|Endless Battle Clause: Forcing endless battles is banned\n|rule|HP Percentage Mod: HP is shown in percentages\n|clearpoke\n|poke|p1|Cresselia, F|\n|poke|p1|Tornadus, M|\n|poke|p1|Overqwil, F|\n|poke|p1|Walking Wake|\n|poke|p1|Ogerpon-Hearthflame, F|\n|poke|p1|Tinkaton, F|\n|poke|p2|Cresselia, F|\n|poke|p2|Landorus-Therian, M|\n|poke|p2|Iron Hands|\n|poke|p2|Rotom-Wash|\n|poke|p2|Arcanine-Hisui, F|\n|poke|p2|Piloswine, M|\n|teampreview\n|l|\u2606Imagine A Place\n|player|p2|\n|j|\u2606Imagine A Place\n|player|p2|Imagine A Place|youngster-gen4dp\n|\n|t:|1700939337\n|start\n|switch|p1a: Tornadus|Tornadus, M, shiny|100\/100\n|switch|p1b: Walking Wake|Walking Wake|100\/100\n|switch|p2a: Piloswine|Piloswine, M|100\/100\n|switch|p2b: Arcanine|Arcanine-Hisui, F|100\/100\n|turn|1\n|inactive|Battle timer is ON: inactive players will automatically lose when time's up. (requested by cotesmcgotes)\n|\n|t:|1700939361\n|switch|p2b: Rotom|Rotom-Wash|100\/100\n|move|p1a: Tornadus|Tailwind|p1a: Tornadus\n|-sidestart|p1: cotesmcgotes|move: Tailwind\n|move|p1b: Walking Wake|Hydro Steam|p2b: Rotom\n|-resisted|p2b: Rotom\n|-damage|p2b: Rotom|76\/100\n|move|p2a: Piloswine|Rock Slide|p1b: Walking Wake|[spread] p1b\n|-miss|p2a: Piloswine|p1a: Tornadus\n|-damage|p1b: Walking Wake|79\/100\n|\n|upkeep\n|turn|2\n|inactive|cotesmcgotes has 120 seconds left.\n|\n|t:|1700939401\n|switch|p1a: Ogerpon|Ogerpon-Hearthflame, F|100\/100\n|-ability|p1a: Ogerpon|Mold Breaker\n|move|p1b: Walking Wake|Hydro Steam|p2a: Piloswine\n|-supereffective|p2a: Piloswine\n|-damage|p2a: Piloswine|37\/100\n|move|p2b: Rotom|Thunder Wave|p1b: Walking Wake|[miss]\n|-miss|p2b: Rotom|p1b: Walking Wake\n|move|p2a: Piloswine|Rock Slide|p1b: Walking Wake|[spread] p1a,p1b\n|-supereffective|p1a: Ogerpon\n|-damage|p1a: Ogerpon|55\/100\n|-damage|p1b: Walking Wake|61\/100\n|\n|upkeep\n|turn|3\n|inactive|cotesmcgotes has 120 seconds left.\n|\n|t:|1700939424\n|switch|p2a: Iron Hands|Iron Hands|100\/100\n|move|p1a: Ogerpon|Horn Leech|p2b: Rotom\n|-supereffective|p2b: Rotom\n|-damage|p2b: Rotom|0 fnt\n|-heal|p1a: Ogerpon|85\/100|[from] drain|[of] p2b: Rotom\n|faint|p2b: Rotom\n|move|p1b: Walking Wake|Hydro Steam|p2a: Iron Hands\n|-damage|p2a: Iron Hands|79\/100\n|\n|upkeep\n|\n|t:|1700939432\n|switch|p2b: Arcanine|Arcanine-Hisui, F|100\/100\n|turn|4\n|\n|t:|1700939450\n|move|p2a: Iron Hands|Fake Out|p1b: Walking Wake\n|-damage|p1b: Walking Wake|44\/100\n|move|p1a: Ogerpon|Stomping Tantrum|p2a: Iron Hands\n|-supereffective|p2a: Iron Hands\n|-damage|p2a: Iron Hands|36\/100\n|cant|p1b: Walking Wake|flinch\n|move|p2b: Arcanine|Rock Slide|p1a: Ogerpon|[spread] p1a,p1b\n|-supereffective|p1a: Ogerpon\n|-damage|p1a: Ogerpon|29\/100\n|-damage|p1b: Walking Wake|18\/100\n|\n|-sideend|p1: cotesmcgotes|move: Tailwind\n|upkeep\n|turn|5\n|inactive|cotesmcgotes has 120 seconds left.\n|\n|t:|1700939486\n|-end|p2a: Iron Hands|Quark Drive|[silent]\n|switch|p2a: Landorus|Landorus-Therian, M|100\/100\n|-ability|p2a: Landorus|Intimidate|boost\n|-unboost|p1a: Ogerpon|atk|1\n|-unboost|p1b: Walking Wake|atk|1\n|move|p1a: Ogerpon|Stomping Tantrum|p2b: Arcanine\n|-supereffective|p2b: Arcanine\n|-crit|p2b: Arcanine\n|-damage|p2b: Arcanine|0 fnt\n|faint|p2b: Arcanine\n|move|p1b: Walking Wake|Dragon Pulse|p2a: Landorus\n|-damage|p2a: Landorus|57\/100\n|\n|-heal|p2a: Landorus|63\/100|[from] item: Leftovers\n|upkeep\n|inactive|Imagine A Place has 120 seconds left.\n|\n|t:|1700939504\n|switch|p2b: Iron Hands|Iron Hands|36\/100\n|turn|6\n|\n|t:|1700939526\n|move|p2b: Iron Hands|Fake Out|p1b: Walking Wake\n|-damage|p1b: Walking Wake|0 fnt\n|faint|p1b: Walking Wake\n|-end|p1b: Walking Wake|Protosynthesis|[silent]\n|move|p1a: Ogerpon|Stomping Tantrum|p2b: Iron Hands\n|-supereffective|p2b: Iron Hands\n|-damage|p2b: Iron Hands|10\/100\n|move|p2a: Landorus|Stomping Tantrum|p1a: Ogerpon\n|-damage|p1a: Ogerpon|0 fnt\n|faint|p1a: Ogerpon\n|\n|-heal|p2a: Landorus|69\/100|[from] item: Leftovers\n|upkeep\n|inactive|cotesmcgotes has 120 seconds left.\n|\n|t:|1700939543\n|switch|p1a: Tornadus|Tornadus, M, shiny|100\/100\n|switch|p1b: Cresselia|Cresselia, F, shiny|100\/100\n|turn|7\n|\n|t:|1700939553\n|-end|p2b: Iron Hands|Quark Drive|[silent]\n|switch|p2b: Piloswine|Piloswine, M|37\/100\n|move|p1a: Tornadus|Tailwind|p1a: Tornadus\n|-sidestart|p1: cotesmcgotes|move: Tailwind\n|move|p1b: Cresselia|Moonblast|p2b: Piloswine\n|-damage|p2b: Piloswine|16\/100\n|move|p2a: Landorus|Stone Edge|p1a: Tornadus|[miss]\n|-miss|p2a: Landorus|p1a: Tornadus\n|\n|-heal|p2a: Landorus|75\/100|[from] item: Leftovers\n|upkeep\n|turn|8\n|\n|t:|1700939581\n|switch|p2a: Cresselia|Cresselia, F|100\/100\n|-terastallize|p1b: Cresselia|Electric\n|move|p1a: Tornadus|Rain Dance|p1a: Tornadus\n|-weather|RainDance\n|move|p2b: Piloswine|Ice Shard|p1a: Tornadus\n|-supereffective|p1a: Tornadus\n|-damage|p1a: Tornadus|52\/100\n|move|p1b: Cresselia|Calm Mind|p1b: Cresselia\n|-boost|p1b: Cresselia|spa|1\n|-boost|p1b: Cresselia|spd|1\n|\n|-weather|RainDance|[upkeep]\n|upkeep\n|turn|9\n|\n|t:|1700939601\n|move|p1a: Tornadus|Taunt|p2a: Cresselia\n|-start|p2a: Cresselia|move: Taunt\n|move|p2b: Piloswine|Ice Shard|p1a: Tornadus\n|-supereffective|p1a: Tornadus\n|-crit|p1a: Tornadus\n|-damage|p1a: Tornadus|0 fnt\n|faint|p1a: Tornadus\n|move|p1b: Cresselia|Calm Mind|p1b: Cresselia\n|-boost|p1b: Cresselia|spa|1\n|-boost|p1b: Cresselia|spd|1\n|move|p2a: Cresselia|Icy Wind|p1b: Cresselia\n|-damage|p1b: Cresselia|97\/100\n|-unboost|p1b: Cresselia|spe|1\n|\n|-weather|RainDance|[upkeep]\n|-heal|p1b: Cresselia|100\/100|[from] item: Leftovers\n|upkeep\n|inactive|cotesmcgotes has 120 seconds left.\n|\n|t:|1700939618\n|switch|p1a: Overqwil|Overqwil, F|100\/100\n|turn|10\n|\n|t:|1700939627\n|move|p1a: Overqwil|Crunch|p2a: Cresselia\n|-supereffective|p2a: Cresselia\n|-damage|p2a: Cresselia|49\/100\n|-damage|p1a: Overqwil|84\/100|[from] item: Rocky Helmet|[of] p2a: Cresselia\n|move|p1b: Cresselia|Stored Power|p2b: Piloswine\n|-damage|p2b: Piloswine|0 fnt\n|faint|p2b: Piloswine\n|move|p2a: Cresselia|Icy Wind|p1a: Overqwil|[spread] p1a,p1b\n|-damage|p1a: Overqwil|73\/100\n|-damage|p1b: Cresselia|98\/100\n|-unboost|p1a: Overqwil|spe|1\n|-unboost|p1b: Cresselia|spe|1\n|\n|-weather|RainDance|[upkeep]\n|-heal|p1a: Overqwil|79\/100|[from] item: Black Sludge\n|-heal|p1b: Cresselia|100\/100|[from] item: Leftovers\n|-sideend|p1: cotesmcgotes|move: Tailwind\n|upkeep\n|\n|t:|1700939639\n|switch|p2b: Landorus|Landorus-Therian, M|75\/100\n|-ability|p2b: Landorus|Intimidate|boost\n|-unboost|p1a: Overqwil|atk|1\n|-unboost|p1b: Cresselia|atk|1\n|turn|11\n|\n|t:|1700939659\n|switch|p1a: Tinkaton|Tinkaton, F|100\/100\n|move|p2b: Landorus|U-turn|p1a: Tinkaton\n|-resisted|p1a: Tinkaton\n|-damage|p1a: Tinkaton|90\/100\n|\n|t:|1700939663\n|switch|p2b: Iron Hands|Iron Hands|10\/100|[from] U-turn\n|move|p2a: Cresselia|Future Sight|p1a: Tinkaton\n|-start|p2a: Cresselia|move: Future Sight\n|move|p1b: Cresselia|Stored Power|p2b: Iron Hands\n|-supereffective|p2b: Iron Hands\n|-damage|p2b: Iron Hands|0 fnt\n|faint|p2b: Iron Hands\n|-end|p2b: Iron Hands|Quark Drive|[silent]\n|\n|-weather|RainDance|[upkeep]\n|-end|p2a: Cresselia|move: Taunt\n|upkeep\n|\n|t:|1700939665\n|switch|p2b: Landorus|Landorus-Therian, M|75\/100\n|-ability|p2b: Landorus|Intimidate|boost\n|-fail|p1a: Tinkaton|unboost|Attack|[from] ability: Own Tempo|[of] p1a: Tinkaton\n|-unboost|p1b: Cresselia|atk|1\n|turn|12\n|\n|t:|1700939689\n|move|p1a: Tinkaton|Gigaton Hammer|p2a: Cresselia\n|-damage|p2a: Cresselia|12\/100\n|move|p2b: Landorus|Stomping Tantrum|p1a: Tinkaton\n|-supereffective|p1a: Tinkaton\n|-damage|p1a: Tinkaton|0 fnt\n|faint|p1a: Tinkaton\n|move|p2a: Cresselia|Lunar Blessing|p2a: Cresselia|[spread] p2a,p2b\n|-heal|p2a: Cresselia|37\/100\n|-heal|p2b: Landorus|99\/100\n|move|p1b: Cresselia|Stored Power|p2b: Landorus\n|-damage|p2b: Landorus|10\/100\n|\n|-weather|RainDance|[upkeep]\n|-heal|p2b: Landorus|16\/100|[from] item: Leftovers\n|upkeep\n|\n|t:|1700939703\n|switch|p1a: Overqwil|Overqwil, F|79\/100\n|turn|13\n|\n|t:|1700939712\n|move|p2b: Landorus|Protect|p2b: Landorus\n|-singleturn|p2b: Landorus|Protect\n|move|p1a: Overqwil|Crunch|p2a: Cresselia\n|-supereffective|p2a: Cresselia\n|-damage|p2a: Cresselia|0 fnt\n|-damage|p1a: Overqwil|62\/100|[from] item: Rocky Helmet|[of] p2a: Cresselia\n|faint|p2a: Cresselia\n|move|p1b: Cresselia|Stored Power|p2b: Landorus\n|-activate|p2b: Landorus|move: Protect\n|\n|-weather|RainDance|[upkeep]\n|-end|p1a: Overqwil|move: Future Sight\n|-immune|p1a: Overqwil\n|-heal|p1a: Overqwil|68\/100|[from] item: Black Sludge\n|-heal|p2b: Landorus|22\/100|[from] item: Leftovers\n|upkeep\n|turn|14\n|\n|t:|1700939730\n|move|p1a: Overqwil|Crunch|p2b: Landorus\n|-damage|p2b: Landorus|0 fnt\n|faint|p2b: Landorus\n|\n|win|cotesmcgotes\n|raw|cotesmcgotes's rating: 1291 &rarr; <strong>1310<\/strong><br \/>(+19 for winning)\n|raw|Imagine A Place's rating: 1211 &rarr; <strong>1192<\/strong><br \/>(-19 for losing)\n|l|\u2606Imagine A Place\n","uploadtime":1700939739,"views":7,"p1id":"cotesmcgotes","p2id":"imagineaplace","formatid":"gen9doublesou","rating":1192,"private":0,"password":""}