{"id":"gen9doublesou-1976285134","p1":"C.hinkle","p2":"Drazzy3","format":"[Gen 9] Doubles OU","log":"|j|\u2606C.hinkle\n|j|\u2606Drazzy3\n|t:|1698282286\n|gametype|doubles\n|player|p1|C.hinkle|1|1328\n|player|p2|Drazzy3|akari|1304\n|teamsize|p1|6\n|teamsize|p2|6\n|gen|9\n|tier|[Gen 9] Doubles OU\n|rated|\n|rule|Species Clause: Limit one of each Pok\u00e9mon\n|rule|OHKO Clause: OHKO moves are banned\n|rule|Evasion Moves Clause: Evasion moves are banned\n|rule|Gravity Sleep Clause: The combination of sleep-inducing moves with imperfect accuracy and Gravity or Gigantamax Orbeetle are banned\n|rule|Endless Battle Clause: Forcing endless battles is banned\n|rule|HP Percentage Mod: HP is shown in percentages\n|clearpoke\n|poke|p1|Kommo-o, M|\n|poke|p1|Rillaboom, F|\n|poke|p1|Tyranitar, F|\n|poke|p1|Iron Bundle|\n|poke|p1|Clefairy, M|\n|poke|p1|Fezandipiti, M|\n|poke|p2|Goodra-Hisui, F|\n|poke|p2|Dragonite, M|\n|poke|p2|Cresselia, F|\n|poke|p2|Gastrodon, F|\n|poke|p2|Clodsire, M|\n|poke|p2|Dondozo, M|\n|teampreview\n|inactive|Battle timer is ON: inactive players will automatically lose when time's up. (requested by C.hinkle)\n|\n|t:|1698282328\n|start\n|switch|p1a: Kommo-o|Kommo-o, M|100\/100\n|switch|p1b: Rillaboom|Rillaboom, F|100\/100\n|switch|p2a: Cresselia|Cresselia, F|100\/100\n|switch|p2b: Dondozo|Dondozo, M, shiny|100\/100\n|-fieldstart|move: Grassy Terrain|[from] ability: Grassy Surge|[of] p1b: Rillaboom\n|turn|1\n|\n|t:|1698282346\n|-terastallize|p1a: Kommo-o|Steel\n|move|p1b: Rillaboom|Fake Out|p2a: Cresselia\n|-enditem|p1b: Rillaboom|Normal Gem|[from] gem\n|-damage|p2a: Cresselia|90\/100\n|move|p1a: Kommo-o|Clangorous Soul|p1a: Kommo-o\n|-boost|p1a: Kommo-o|atk|1\n|-boost|p1a: Kommo-o|def|1\n|-boost|p1a: Kommo-o|spa|1\n|-boost|p1a: Kommo-o|spd|1\n|-boost|p1a: Kommo-o|spe|1\n|-damage|p1a: Kommo-o|68\/100\n|cant|p2a: Cresselia|flinch\n|move|p2b: Dondozo|Curse|p2b: Dondozo\n|-unboost|p2b: Dondozo|spe|1\n|-boost|p2b: Dondozo|atk|1\n|-boost|p2b: Dondozo|def|1\n|\n|-heal|p1a: Kommo-o|74\/100|[from] Grassy Terrain\n|-heal|p1a: Kommo-o|80\/100|[from] item: Leftovers\n|-heal|p2a: Cresselia|96\/100|[from] item: Leftovers\n|upkeep\n|turn|2\n|\n|t:|1698282369\n|move|p1a: Kommo-o|Iron Head|p2a: Cresselia\n|-damage|p2a: Cresselia|68\/100\n|move|p1b: Rillaboom|Wood Hammer|p2b: Dondozo\n|-supereffective|p2b: Dondozo\n|-damage|p2b: Dondozo|39\/100\n|-damage|p1b: Rillaboom|71\/100|[from] Recoil\n|move|p2a: Cresselia|Substitute|p2a: Cresselia\n|-start|p2a: Cresselia|Substitute\n|-damage|p2a: Cresselia|43\/100\n|move|p2b: Dondozo|Curse|p2b: Dondozo\n|-unboost|p2b: Dondozo|spe|1\n|-boost|p2b: Dondozo|atk|1\n|-boost|p2b: Dondozo|def|1\n|\n|-heal|p1a: Kommo-o|86\/100|[from] Grassy Terrain\n|-heal|p1a: Kommo-o|93\/100|[from] item: Leftovers\n|-heal|p1b: Rillaboom|77\/100|[from] Grassy Terrain\n|-heal|p2a: Cresselia|49\/100|[from] item: Leftovers\n|-heal|p2b: Dondozo|46\/100|[from] Grassy Terrain\n|-heal|p2b: Dondozo|52\/100|[from] item: Leftovers\n|upkeep\n|turn|3\n|inactive|Drazzy3 has 120 seconds left.\n|\n|t:|1698282417\n|move|p2a: Cresselia|Ally Switch|p2a: Cresselia\n|swap|p2a: Cresselia|1|[from] move: Ally Switch\n|move|p1a: Kommo-o|Drain Punch|p2b: Cresselia\n|-resisted|p2b: Cresselia\n|-crit|p2b: Cresselia\n|-activate|p2b: Cresselia|move: Substitute|[damage]\n|-heal|p1a: Kommo-o|100\/100|[from] drain|[of] p2b: Cresselia\n|move|p1b: Rillaboom|Wood Hammer|p2b: Cresselia\n|-end|p2b: Cresselia|Substitute\n|-damage|p1b: Rillaboom|75\/100|[from] Recoil|[of] p2b: Cresselia\n|move|p2a: Dondozo|Curse|p2a: Dondozo\n|-unboost|p2a: Dondozo|spe|1\n|-boost|p2a: Dondozo|atk|1\n|-boost|p2a: Dondozo|def|1\n|\n|-heal|p1b: Rillaboom|81\/100|[from] Grassy Terrain\n|-heal|p2b: Cresselia|55\/100|[from] item: Leftovers\n|-heal|p2a: Dondozo|58\/100|[from] Grassy Terrain\n|-heal|p2a: Dondozo|64\/100|[from] item: Leftovers\n|upkeep\n|turn|4\n|inactive|Drazzy3 has 120 seconds left.\n|\n|t:|1698282447\n|move|p1a: Kommo-o|Drain Punch|p2a: Dondozo\n|-damage|p2a: Dondozo|57\/100\n|move|p1b: Rillaboom|Wood Hammer|p2a: Dondozo\n|-supereffective|p2a: Dondozo\n|-damage|p2a: Dondozo|20\/100\n|-damage|p1b: Rillaboom|64\/100|[from] Recoil\n|move|p2a: Dondozo|Curse|p2a: Dondozo\n|-unboost|p2a: Dondozo|spe|1\n|-boost|p2a: Dondozo|atk|1\n|-boost|p2a: Dondozo|def|1\n|move|p2b: Cresselia|Trick Room|p2b: Cresselia\n|-fieldstart|move: Trick Room|[of] p2b: Cresselia\n|\n|-heal|p2a: Dondozo|26\/100|[from] Grassy Terrain\n|-heal|p2a: Dondozo|32\/100|[from] item: Leftovers\n|-heal|p2b: Cresselia|61\/100|[from] item: Leftovers\n|-heal|p1b: Rillaboom|70\/100|[from] Grassy Terrain\n|upkeep\n|turn|5\n|inactive|Drazzy3 has 120 seconds left.\n|\n|t:|1698282474\n|move|p1a: Kommo-o|Protect|p1a: Kommo-o\n|-singleturn|p1a: Kommo-o|Protect\n|move|p2a: Dondozo|Earthquake|p1b: Rillaboom|[spread] p1b\n|-activate|p1a: Kommo-o|move: Protect\n|-immune|p2b: Cresselia|[from] ability: Levitate\n|-resisted|p1b: Rillaboom\n|-damage|p1b: Rillaboom|56\/100\n|move|p2b: Cresselia|Lunar Blessing|p2b: Cresselia|[spread] p2a,p2b\n|-heal|p2a: Dondozo|57\/100\n|-heal|p2b: Cresselia|86\/100\n|move|p1b: Rillaboom|Wood Hammer|p2b: Cresselia\n|-damage|p2b: Cresselia|34\/100\n|-damage|p1b: Rillaboom|34\/100|[from] Recoil\n|\n|-heal|p2a: Dondozo|63\/100|[from] Grassy Terrain\n|-heal|p2a: Dondozo|69\/100|[from] item: Leftovers\n|-heal|p2b: Cresselia|40\/100|[from] item: Leftovers\n|-heal|p1b: Rillaboom|40\/100|[from] Grassy Terrain\n|-fieldend|move: Grassy Terrain\n|upkeep\n|turn|6\n|inactive|Drazzy3 has 120 seconds left.\n|inactive|C.hinkle has 120 seconds left.\n|\n|t:|1698282506\n|switch|p1b: Iron Bundle|Iron Bundle|100\/100\n|-enditem|p1b: Iron Bundle|Booster Energy\n|-activate|p1b: Iron Bundle|ability: Quark Drive|[fromitem]\n|-start|p1b: Iron Bundle|quarkdrivespe\n|move|p2b: Cresselia|Ally Switch|p2b: Cresselia\n|swap|p2b: Cresselia|0|[from] move: Ally Switch\n|move|p2b: Dondozo|Earthquake|p1b: Iron Bundle|[spread] p1a,p1b\n|-immune|p2a: Cresselia|[from] ability: Levitate\n|-supereffective|p1a: Kommo-o\n|-damage|p1a: Kommo-o|22\/100\n|-damage|p1b: Iron Bundle|38\/100\n|move|p1a: Kommo-o|Clangorous Soul||[still]\n|-fail|p1a: Kommo-o\n|\n|-heal|p2b: Dondozo|75\/100|[from] item: Leftovers\n|-heal|p2a: Cresselia|47\/100|[from] item: Leftovers\n|-heal|p1a: Kommo-o|28\/100|[from] item: Leftovers\n|upkeep\n|turn|7\n|inactive|Drazzy3 has 120 seconds left.\n|\n|t:|1698282535\n|move|p1a: Kommo-o|Protect|p1a: Kommo-o\n|-singleturn|p1a: Kommo-o|Protect\n|move|p2b: Dondozo|Earthquake|p1a: Kommo-o|[spread] p1b\n|-activate|p1a: Kommo-o|move: Protect\n|-immune|p2a: Cresselia|[from] ability: Levitate\n|-damage|p1b: Iron Bundle|0 fnt\n|faint|p1b: Iron Bundle\n|-end|p1b: Iron Bundle|Quark Drive|[silent]\n|move|p2a: Cresselia|Substitute|p2a: Cresselia\n|-start|p2a: Cresselia|Substitute\n|-damage|p2a: Cresselia|22\/100\n|\n|-heal|p2b: Dondozo|82\/100|[from] item: Leftovers\n|-heal|p2a: Cresselia|28\/100|[from] item: Leftovers\n|-heal|p1a: Kommo-o|34\/100|[from] item: Leftovers\n|upkeep\n|inactive|C.hinkle has 120 seconds left.\n|\n|t:|1698282554\n|switch|p1b: Rillaboom|Rillaboom, F|40\/100\n|-fieldstart|move: Grassy Terrain|[from] ability: Grassy Surge|[of] p1b: Rillaboom\n|turn|8\n|\n|t:|1698282571\n|move|p1b: Rillaboom|Fake Out|p2b: Dondozo\n|-damage|p2b: Dondozo|79\/100\n|cant|p2b: Dondozo|flinch\n|move|p1a: Kommo-o|Drain Punch|p2b: Dondozo\n|-damage|p2b: Dondozo|73\/100\n|-heal|p1a: Kommo-o|39\/100|[from] drain|[of] p2b: Dondozo\n|move|p2a: Cresselia|Trick Room|p2a: Cresselia\n|-fieldend|move: Trick Room\n|\n|-heal|p1a: Kommo-o|45\/100|[from] Grassy Terrain\n|-heal|p1a: Kommo-o|51\/100|[from] item: Leftovers\n|-heal|p1b: Rillaboom|46\/100|[from] Grassy Terrain\n|-heal|p2a: Cresselia|34\/100|[from] item: Leftovers\n|-heal|p2b: Dondozo|79\/100|[from] Grassy Terrain\n|-heal|p2b: Dondozo|85\/100|[from] item: Leftovers\n|upkeep\n|turn|9\n|inactive|C.hinkle has 120 seconds left.\n|\n|t:|1698282606\n|move|p2a: Cresselia|Ally Switch|p2a: Cresselia\n|swap|p2a: Cresselia|1|[from] move: Ally Switch\n|move|p1a: Kommo-o|Drain Punch|p2b: Cresselia\n|-resisted|p2b: Cresselia\n|-activate|p2b: Cresselia|move: Substitute|[damage]\n|-heal|p1a: Kommo-o|59\/100|[from] drain|[of] p2b: Cresselia\n|move|p1b: Rillaboom|Wood Hammer|p2b: Cresselia\n|-end|p2b: Cresselia|Substitute\n|-damage|p1b: Rillaboom|41\/100|[from] Recoil|[of] p2b: Cresselia\n|move|p2a: Dondozo|Earthquake|p1a: Kommo-o|[spread] p1a,p1b\n|-immune|p2b: Cresselia|[from] ability: Levitate\n|-supereffective|p1a: Kommo-o\n|-crit|p1a: Kommo-o\n|-resisted|p1b: Rillaboom\n|-damage|p1a: Kommo-o|2\/100\n|-damage|p1b: Rillaboom|27\/100\n|\n|-heal|p1a: Kommo-o|9\/100|[from] Grassy Terrain\n|-heal|p1a: Kommo-o|15\/100|[from] item: Leftovers\n|-heal|p1b: Rillaboom|33\/100|[from] Grassy Terrain\n|-heal|p2b: Cresselia|40\/100|[from] item: Leftovers\n|-heal|p2a: Dondozo|91\/100|[from] Grassy Terrain\n|-heal|p2a: Dondozo|98\/100|[from] item: Leftovers\n|upkeep\n|turn|10\n|inactive|C.hinkle has 120 seconds left.\n|inactive|Drazzy3 has 120 seconds left.\n|\n|t:|1698282653\n|move|p1a: Kommo-o|Drain Punch|p2b: Cresselia\n|-resisted|p2b: Cresselia\n|-damage|p2b: Cresselia|26\/100\n|-heal|p1a: Kommo-o|24\/100|[from] drain|[of] p2b: Cresselia\n|move|p1b: Rillaboom|Wood Hammer|p2a: Dondozo\n|-supereffective|p2a: Dondozo\n|-damage|p2a: Dondozo|67\/100\n|-damage|p1b: Rillaboom|18\/100|[from] Recoil\n|move|p2b: Cresselia|Lunar Blessing|p2b: Cresselia|[spread] p2a,p2b\n|-heal|p2a: Dondozo|92\/100\n|-heal|p2b: Cresselia|51\/100\n|move|p2a: Dondozo|Earthquake|p1b: Rillaboom|[spread] p1a,p1b\n|-immune|p2b: Cresselia|[from] ability: Levitate\n|-supereffective|p1a: Kommo-o\n|-resisted|p1b: Rillaboom\n|-crit|p1b: Rillaboom\n|-damage|p1a: Kommo-o|0 fnt\n|-damage|p1b: Rillaboom|0 fnt\n|faint|p1a: Kommo-o\n|faint|p1b: Rillaboom\n|\n|-heal|p2b: Cresselia|57\/100|[from] item: Leftovers\n|-heal|p2a: Dondozo|99\/100|[from] Grassy Terrain\n|-heal|p2a: Dondozo|100\/100|[from] item: Leftovers\n|upkeep\n|-message|C.hinkle forfeited.\n|\n|win|Drazzy3\n|raw|C.hinkle's rating: 1328 &rarr; <strong>1307<\/strong><br \/>(-21 for losing)\n|raw|Drazzy3's rating: 1304 &rarr; <strong>1325<\/strong><br \/>(+21 for winning)\n|l|\u2606C.hinkle\n|j|\u2606C.hinkle\n|player|p1|C.hinkle|1\n","uploadtime":1698282693,"views":14,"p1id":"chinkle","p2id":"drazzy3","formatid":"gen9doublesou","rating":1307,"private":0,"password":""}