{"id":"gen9doublesou-1981200980","p1":"Oreng3","p2":"zdorg","format":"[Gen 9] Doubles OU","log":"|j|\u2606Oreng3\n|j|\u2606zdorg\n|t:|1698871943\n|gametype|doubles\n|player|p1|Oreng3|gardenia|1494\n|player|p2|zdorg|drayden|1516\n|teamsize|p1|6\n|teamsize|p2|6\n|gen|9\n|tier|[Gen 9] Doubles OU\n|rated|\n|rule|Species Clause: Limit one of each Pok\u00e9mon\n|rule|OHKO Clause: OHKO moves are banned\n|rule|Evasion Moves Clause: Evasion moves are banned\n|rule|Gravity Sleep Clause: The combination of sleep-inducing moves with imperfect accuracy and Gravity or Gigantamax Orbeetle are banned\n|rule|Endless Battle Clause: Forcing endless battles is banned\n|rule|HP Percentage Mod: HP is shown in percentages\n|clearpoke\n|poke|p1|Gastrodon-East, F|\n|poke|p1|Politoed, F|\n|poke|p1|Goodra-Hisui, M|\n|poke|p1|Shaymin-Sky|\n|poke|p1|Basculegion-F, F|\n|poke|p1|Walking Wake|\n|poke|p2|Thundurus, M|\n|poke|p2|Mamoswine, F|\n|poke|p2|Heatran, M|\n|poke|p2|Cresselia, F|\n|poke|p2|Sneasler, F|\n|poke|p2|Dachsbun, M|\n|teampreview\n|inactive|Battle timer is ON: inactive players will automatically lose when time's up. (requested by Oreng3)\n|inactive|Oreng3 has 120 seconds left.\n|\n|t:|1698871975\n|start\n|switch|p1a: Gastrodon|Gastrodon-East, F, shiny|100\/100\n|switch|p1b: Politoed|Politoed, F, shiny|100\/100\n|switch|p2a: Sneasler|Sneasler, F|100\/100\n|switch|p2b: Thundurus|Thundurus, M|100\/100\n|-weather|RainDance|[from] ability: Drizzle|[of] p1b: Politoed\n|turn|1\n|\n|t:|1698871995\n|move|p2b: Thundurus|Swagger|p1b: Politoed\n|-boost|p1b: Politoed|atk|2\n|-enditem|p2a: Sneasler|Mirror Herb\n|-boost|p2a: Sneasler|atk|2|[from] item: Mirror Herb\n|-start|p1b: Politoed|confusion\n|move|p2a: Sneasler|Close Combat|p1a: Gastrodon\n|-damage|p1a: Gastrodon|0 fnt\n|-unboost|p2a: Sneasler|def|1\n|-unboost|p2a: Sneasler|spd|1\n|faint|p1a: Gastrodon\n|-activate|p1b: Politoed|confusion\n|move|p1b: Politoed|Surf|p2a: Sneasler|[spread] p2a,p2b\n|-damage|p2a: Sneasler|39\/100\n|-damage|p2b: Thundurus|69\/100\n|\n|-weather|RainDance|[upkeep]\n|upkeep\n|inactive|Oreng3 has 120 seconds left.\n|\n|t:|1698872047\n|switch|p1a: Basculegion|Basculegion-F, F, shiny|100\/100\n|turn|2\n|\n|t:|1698872058\n|move|p2a: Sneasler|Protect|p2a: Sneasler\n|-singleturn|p2a: Sneasler|Protect\n|move|p1a: Basculegion|Aqua Jet|p2a: Sneasler\n|-activate|p2a: Sneasler|move: Protect\n|move|p2b: Thundurus|Wildbolt Storm|p1b: Politoed|[spread] p1a,p1b\n|-supereffective|p1a: Basculegion\n|-supereffective|p1b: Politoed\n|-damage|p1a: Basculegion|55\/100\n|-damage|p1b: Politoed|60\/100\n|-activate|p1b: Politoed|confusion\n|-damage|p1b: Politoed|46\/100|[from] confusion\n|\n|-weather|RainDance|[upkeep]\n|upkeep\n|turn|3\n|\n|t:|1698872072\n|move|p1a: Basculegion|Aqua Jet|p2a: Sneasler\n|-damage|p2a: Sneasler|0 fnt\n|faint|p2a: Sneasler\n|move|p2b: Thundurus|Thunder Wave|p1a: Basculegion\n|-status|p1a: Basculegion|par\n|-activate|p1b: Politoed|confusion\n|move|p1b: Politoed|Hypnosis|p2b: Thundurus\n|-status|p2b: Thundurus|slp|[from] move: Hypnosis\n|\n|-weather|RainDance|[upkeep]\n|upkeep\n|\n|t:|1698872089\n|switch|p2a: Cresselia|Cresselia, F|100\/100\n|turn|4\n|\n|t:|1698872107\n|-terastallize|p2a: Cresselia|Electric\n|cant|p2b: Thundurus|slp\n|move|p1a: Basculegion|Last Respects|p2a: Cresselia\n|-damage|p2a: Cresselia|69\/100\n|move|p2a: Cresselia|Charge Beam|p1a: Basculegion\n|-supereffective|p1a: Basculegion\n|-damage|p1a: Basculegion|21\/100 par\n|-boost|p2a: Cresselia|spa|1\n|-activate|p1b: Politoed|confusion\n|-damage|p1b: Politoed|32\/100|[from] confusion\n|\n|-weather|RainDance|[upkeep]\n|-heal|p2a: Cresselia|75\/100|[from] item: Leftovers\n|upkeep\n|turn|5\n|\n|t:|1698872126\n|switch|p1a: Goodra|Goodra-Hisui, M, shiny|100\/100\n|switch|p1b: Walking Wake|Walking Wake|100\/100\n|cant|p2b: Thundurus|slp\n|move|p2a: Cresselia|Lunar Blessing|p2a: Cresselia|[spread] p2a,p2b\n|-heal|p2a: Cresselia|99\/100\n|-heal|p2b: Thundurus|94\/100 slp\n|-curestatus|p2b: Thundurus|slp|[msg]\n|\n|-weather|RainDance|[upkeep]\n|-heal|p2a: Cresselia|100\/100|[from] item: Leftovers\n|upkeep\n|turn|6\n|\n|t:|1698872153\n|move|p1b: Walking Wake|Hydro Steam|p2b: Thundurus\n|-damage|p2b: Thundurus|39\/100\n|move|p2b: Thundurus|Volt Switch|p1b: Walking Wake\n|-damage|p1b: Walking Wake|77\/100\n|\n|t:|1698872162\n|switch|p2b: Heatran|Heatran, M|100\/100|[from] Volt Switch\n|move|p2a: Cresselia|Charge Beam|p1b: Walking Wake\n|-damage|p1b: Walking Wake|49\/100\n|move|p1a: Goodra|Heavy Slam|p2b: Heatran\n|-resisted|p2b: Heatran\n|-damage|p2b: Heatran|96\/100\n|\n|-weather|RainDance|[upkeep]\n|upkeep\n|turn|7\n|inactive|Oreng3 has 120 seconds left.\n|inactive|Oreng3 has 90 seconds left.\n|\n|t:|1698872231\n|move|p1b: Walking Wake|Hydro Steam|p2b: Heatran\n|-supereffective|p2b: Heatran\n|-damage|p2b: Heatran|19\/100\n|move|p2b: Heatran|Earth Power|p1a: Goodra\n|-supereffective|p1a: Goodra\n|-damage|p1a: Goodra|61\/100\n|move|p2a: Cresselia|Calm Mind|p2a: Cresselia\n|-boost|p2a: Cresselia|spa|1\n|-boost|p2a: Cresselia|spd|1\n|move|p1a: Goodra|Earthquake|p2b: Heatran|[spread] p1b,p2b\n|-immune|p2a: Cresselia|[from] ability: Levitate\n|-supereffective|p2b: Heatran\n|-damage|p1b: Walking Wake|22\/100\n|-damage|p2b: Heatran|0 fnt\n|faint|p2b: Heatran\n|\n|-weather|RainDance|[upkeep]\n|-heal|p1a: Goodra|67\/100|[from] item: Leftovers\n|upkeep\n|\n|t:|1698872250\n|switch|p2b: Thundurus|Thundurus, M|39\/100\n|turn|8\n|\n|t:|1698872267\n|move|p2b: Thundurus|Thunder Wave|p1b: Walking Wake\n|-status|p1b: Walking Wake|par\n|move|p2a: Cresselia|Charge Beam|p1b: Walking Wake\n|-damage|p1b: Walking Wake|0 fnt\n|-boost|p2a: Cresselia|spa|1\n|faint|p1b: Walking Wake\n|-end|p1b: Walking Wake|Protosynthesis|[silent]\n|move|p1a: Goodra|Heavy Slam|p2b: Thundurus\n|-resisted|p2b: Thundurus\n|-damage|p2b: Thundurus|3\/100\n|\n|-weather|none\n|-heal|p1a: Goodra|73\/100|[from] item: Leftovers\n|upkeep\n|\n|t:|1698872271\n|switch|p1b: Politoed|Politoed, F, shiny|32\/100\n|-weather|RainDance|[from] ability: Drizzle|[of] p1b: Politoed\n|turn|9\n|inactive|Oreng3 has 120 seconds left.\n|\n|t:|1698872291\n|move|p2b: Thundurus|Thunder Wave|p1a: Goodra\n|-status|p1a: Goodra|par\n|move|p2a: Cresselia|Lunar Blessing|p2a: Cresselia|[spread] p2a,p2b\n|-heal|p2b: Thundurus|28\/100\n|move|p1b: Politoed|Icy Wind|p2b: Thundurus|[spread] p2a,p2b\n|-supereffective|p2b: Thundurus\n|-damage|p2a: Cresselia|97\/100\n|-damage|p2b: Thundurus|12\/100\n|-unboost|p2a: Cresselia|spe|1\n|-unboost|p2b: Thundurus|spe|1\n|move|p1a: Goodra|Heavy Slam|p2b: Thundurus\n|-resisted|p2b: Thundurus\n|-damage|p2b: Thundurus|0 fnt\n|faint|p2b: Thundurus\n|\n|-weather|RainDance|[upkeep]\n|-heal|p2a: Cresselia|100\/100|[from] item: Leftovers\n|-heal|p1a: Goodra|79\/100 par|[from] item: Leftovers\n|upkeep\n|inactive|zdorg has 120 seconds left.\n|\n|t:|1698872310\n|switch|p2b: Dachsbun|Dachsbun, M|100\/100\n|turn|10\n|\n|t:|1698872323\n|move|p2b: Dachsbun|Protect|p2b: Dachsbun\n|-singleturn|p2b: Dachsbun|Protect\n|move|p1b: Politoed|Hypnosis|p2a: Cresselia\n|-status|p2a: Cresselia|slp|[from] move: Hypnosis\n|cant|p2a: Cresselia|slp\n|move|p1a: Goodra|Heavy Slam|p2b: Dachsbun\n|-activate|p2b: Dachsbun|move: Protect\n|\n|-weather|RainDance|[upkeep]\n|-heal|p1a: Goodra|85\/100 par|[from] item: Leftovers\n|upkeep\n|turn|11\n|\n|t:|1698872338\n|move|p2b: Dachsbun|Body Press|p1a: Goodra\n|-supereffective|p1a: Goodra\n|-damage|p1a: Goodra|32\/100 par\n|move|p1b: Politoed|Hypnosis|p2b: Dachsbun\n|-status|p2b: Dachsbun|slp|[from] move: Hypnosis\n|cant|p2a: Cresselia|slp\n|move|p1a: Goodra|Heavy Slam|p2b: Dachsbun\n|-supereffective|p2b: Dachsbun\n|-damage|p2b: Dachsbun|17\/100 slp\n|-damage|p1a: Goodra|15\/100 par|[from] item: Rocky Helmet|[of] p2b: Dachsbun\n|\n|-weather|RainDance|[upkeep]\n|-heal|p1a: Goodra|21\/100 par|[from] item: Leftovers\n|upkeep\n|turn|12\n|c|\u2606zdorg|wtf\n|c|\u2606zdorg|that has like no accuracy\n|c|\u2606Oreng3|yeee\n|\n|t:|1698872364\n|cant|p2b: Dachsbun|slp\n|move|p1b: Politoed|Icy Wind|p2b: Dachsbun|[spread] p2a,p2b\n|-damage|p2a: Cresselia|97\/100 slp\n|-damage|p2b: Dachsbun|5\/100 slp\n|-unboost|p2a: Cresselia|spe|1\n|-unboost|p2b: Dachsbun|spe|1\n|-curestatus|p2a: Cresselia|slp|[msg]\n|move|p2a: Cresselia|Lunar Blessing|p2a: Cresselia|[spread] p2a,p2b\n|-heal|p2a: Cresselia|100\/100\n|-heal|p2b: Dachsbun|30\/100 slp\n|-curestatus|p2b: Dachsbun|slp|[msg]\n|move|p1a: Goodra|Heavy Slam|p2b: Dachsbun\n|-supereffective|p2b: Dachsbun\n|-damage|p2b: Dachsbun|0 fnt\n|-damage|p1a: Goodra|5\/100 par|[from] item: Rocky Helmet|[of] p2b: Dachsbun\n|faint|p2b: Dachsbun\n|\n|-weather|RainDance|[upkeep]\n|-heal|p1a: Goodra|11\/100 par|[from] item: Leftovers\n|upkeep\n|inactive|zdorg has 120 seconds left.\n|\n|t:|1698872381\n|switch|p2b: Mamoswine|Mamoswine, F|100\/100\n|turn|13\n|\n|t:|1698872399\n|move|p2b: Mamoswine|Ice Shard|p1a: Goodra\n|-damage|p1a: Goodra|0 fnt\n|faint|p1a: Goodra\n|-damage|p2b: Mamoswine|91\/100|[from] item: Life Orb\n|move|p1b: Politoed|Surf|p2b: Mamoswine|[spread] p2a,p2b\n|-supereffective|p2b: Mamoswine\n|-damage|p2a: Cresselia|87\/100\n|-damage|p2b: Mamoswine|0 fnt\n|faint|p2b: Mamoswine\n|move|p2a: Cresselia|Charge Beam|p1b: Politoed\n|-supereffective|p1b: Politoed\n|-damage|p1b: Politoed|0 fnt\n|-boost|p2a: Cresselia|spa|1\n|faint|p1b: Politoed\n|\n|-weather|RainDance|[upkeep]\n|-heal|p2a: Cresselia|93\/100|[from] item: Leftovers\n|upkeep\n|\n|t:|1698872407\n|switch|p1b: Shaymin|Shaymin-Sky, shiny|100\/100\n|switch|p1a: Basculegion|Basculegion-F, F, shiny|21\/100 par\n|turn|14\n|\n|t:|1698872426\n|-terastallize|p1a: Basculegion|Normal\n|move|p1b: Shaymin|Air Slash|p2a: Cresselia\n|-resisted|p2a: Cresselia\n|-damage|p2a: Cresselia|86\/100\n|move|p1a: Basculegion|Last Respects|p2a: Cresselia\n|-damage|p2a: Cresselia|9\/100\n|cant|p2a: Cresselia|flinch\n|\n|-weather|RainDance|[upkeep]\n|-heal|p2a: Cresselia|15\/100|[from] item: Leftovers\n|upkeep\n|turn|15\n|c|\u2606Oreng3|gg\n|c|\u2606zdorg|lucky as hell\n|-message|zdorg forfeited.\n|\n|win|Oreng3\n|raw|Oreng3's rating: 1494 &rarr; <strong>1515<\/strong><br \/>(+21 for winning)\n|raw|zdorg's rating: 1516 &rarr; <strong>1495<\/strong><br \/>(-21 for losing)\n|l|\u2606zdorg\n","uploadtime":1698872454,"views":19,"p1id":"oreng3","p2id":"zdorg","formatid":"gen9doublesou","rating":1495,"private":0,"password":""}