{"id":"gen9doublesou-1997237650","p1":"lucaless","p2":"Duckgmr425zzz","format":"[Gen 9] Doubles OU","log":"|j|\u2606lucaless\n|j|\u2606Duckgmr425zzz\n|t:|1700778960\n|gametype|doubles\n|player|p1|lucaless|1|1334\n|player|p2|Duckgmr425zzz|marnie-masters3|1362\n|teamsize|p1|6\n|teamsize|p2|6\n|gen|9\n|tier|[Gen 9] Doubles OU\n|rated|\n|rule|Species Clause: Limit one of each Pok\u00e9mon\n|rule|OHKO Clause: OHKO moves are banned\n|rule|Evasion Moves Clause: Evasion moves are banned\n|rule|Gravity Sleep Clause: The combination of sleep-inducing moves with imperfect accuracy and Gravity or Gigantamax Orbeetle are banned\n|rule|Endless Battle Clause: Forcing endless battles is banned\n|rule|HP Percentage Mod: HP is shown in percentages\n|clearpoke\n|poke|p1|Amoonguss, F|\n|poke|p1|Gliscor, M|\n|poke|p1|Flamigo, F|\n|poke|p1|Flutter Mane|\n|poke|p1|Dragapult, M|\n|poke|p1|Ting-Lu|\n|poke|p2|Diancie|\n|poke|p2|Tyranitar, M|\n|poke|p2|Houndstone, M|\n|poke|p2|Flutter Mane|\n|poke|p2|Slowbro-Galar, F|\n|poke|p2|Grimmsnarl, M|\n|teampreview\n|inactive|Battle timer is ON: inactive players will automatically lose when time's up. (requested by lucaless)\n|inactive|lucaless has 120 seconds left.\n|\n|t:|1700779012\n|start\n|switch|p1a: Gliscor|Gliscor, M|100\/100\n|switch|p1b: Dragapult|Dragapult, M|100\/100\n|switch|p2a: Tyrone|Tyranitar, M|100\/100\n|switch|p2b: Tybone|Houndstone, M|100\/100\n|-weather|Sandstorm|[from] ability: Sand Stream|[of] p2a: Tyrone\n|turn|1\n|\n|t:|1700779034\n|switch|p1b: Ting-Lu|Ting-Lu|100\/100\n|-ability|p1b: Ting-Lu|Vessel of Ruin\n|move|p2b: Tybone|Will-O-Wisp|p1b: Ting-Lu\n|-status|p1b: Ting-Lu|brn\n|move|p1a: Gliscor|Toxic Spikes|p2a: Tyrone\n|-sidestart|p2: Duckgmr425zzz|move: Toxic Spikes\n|move|p2a: Tyrone|Knock Off|p1a: Gliscor\n|-damage|p1a: Gliscor|60\/100\n|-enditem|p1a: Gliscor|Toxic Orb|[from] move: Knock Off|[of] p2a: Tyrone\n|\n|-weather|Sandstorm|[upkeep]\n|-damage|p1b: Ting-Lu|94\/100 brn|[from] brn\n|upkeep\n|turn|2\n|\n|t:|1700779062\n|switch|p2a: Slowbro|Slowbro-Galar, F|100\/100\n|-sideend|p2: Duckgmr425zzz|move: Toxic Spikes|[of] p2a: Slowbro\n|move|p2b: Tybone|Will-O-Wisp|p1a: Gliscor\n|-status|p1a: Gliscor|brn\n|move|p1a: Gliscor|Toxic Spikes|p2b: Tybone\n|-sidestart|p2: Duckgmr425zzz|move: Toxic Spikes\n|move|p1b: Ting-Lu|Stomping Tantrum|p2a: Slowbro\n|-supereffective|p2a: Slowbro\n|-damage|p2a: Slowbro|73\/100\n|\n|-weather|Sandstorm|[upkeep]\n|-damage|p2a: Slowbro|67\/100|[from] Sandstorm\n|-heal|p1b: Ting-Lu|100\/100 brn|[from] item: Leftovers\n|-damage|p1a: Gliscor|53\/100 brn|[from] brn\n|-damage|p1b: Ting-Lu|94\/100 brn|[from] brn\n|upkeep\n|turn|3\n|inactive|Duckgmr425zzz has 120 seconds left.\n|-activate|p2a: Slowbro|item: Quick Claw\n|\n|t:|1700779094\n|switch|p2b: Grimace|Grimmsnarl, M|100\/100\n|-status|p2b: Grimace|psn\n|move|p1a: Gliscor|Facade|p2a: Slowbro\n|-damage|p2a: Slowbro|34\/100\n|move|p1b: Ting-Lu|Snarl|p2b: Grimace|[spread] p2a,p2b\n|-supereffective|p2a: Slowbro\n|-resisted|p2b: Grimace\n|-damage|p2a: Slowbro|18\/100\n|-damage|p2b: Grimace|99\/100 psn\n|-unboost|p2a: Slowbro|spa|1\n|move|p2a: Slowbro|Trick Room|p2a: Slowbro\n|-fieldstart|move: Trick Room|[of] p2a: Slowbro\n|\n|-weather|Sandstorm|[upkeep]\n|-damage|p2a: Slowbro|12\/100|[from] Sandstorm\n|-damage|p2b: Grimace|93\/100 psn|[from] Sandstorm\n|-heal|p1b: Ting-Lu|100\/100 brn|[from] item: Leftovers\n|-damage|p2b: Grimace|80\/100 psn|[from] psn\n|-damage|p1b: Ting-Lu|94\/100 brn|[from] brn\n|-damage|p1a: Gliscor|47\/100 brn|[from] brn\n|upkeep\n|turn|4\n|inactive|Duckgmr425zzz has 120 seconds left.\n|-activate|p2a: Slowbro|item: Quick Claw\n|\n|t:|1700779121\n|move|p2b: Grimace|Reflect|p2b: Grimace\n|-sidestart|p2: Duckgmr425zzz|Reflect\n|move|p2a: Slowbro|Slack Off|p2a: Slowbro\n|-heal|p2a: Slowbro|62\/100\n|move|p1b: Ting-Lu|Stomping Tantrum|p2a: Slowbro\n|-supereffective|p2a: Slowbro\n|-damage|p2a: Slowbro|44\/100\n|move|p1a: Gliscor|Facade|p2b: Grimace\n|-crit|p2b: Grimace\n|-damage|p2b: Grimace|33\/100 psn\n|\n|-weather|Sandstorm|[upkeep]\n|-damage|p2a: Slowbro|38\/100|[from] Sandstorm\n|-damage|p2b: Grimace|27\/100 psn|[from] Sandstorm\n|-heal|p1b: Ting-Lu|100\/100 brn|[from] item: Leftovers\n|-damage|p2b: Grimace|15\/100 psn|[from] psn\n|-damage|p1b: Ting-Lu|94\/100 brn|[from] brn\n|-damage|p1a: Gliscor|41\/100 brn|[from] brn\n|upkeep\n|turn|5\n|inactive|Duckgmr425zzz has 120 seconds left.\n|\n|t:|1700779153\n|switch|p2a: Tybone|Houndstone, M|100\/100\n|-status|p2a: Tybone|psn\n|move|p2b: Grimace|Parting Shot|p1a: Gliscor\n|-unboost|p1a: Gliscor|atk|1\n|-unboost|p1a: Gliscor|spa|1\n|\n|t:|1700779161\n|switch|p2b: Slowbro|Slowbro-Galar, F|38\/100|[from] Parting Shot\n|-sideend|p2: Duckgmr425zzz|move: Toxic Spikes|[of] p2b: Slowbro\n|move|p1b: Ting-Lu|Heavy Slam|p2b: Slowbro\n|-damage|p2b: Slowbro|28\/100\n|move|p1a: Gliscor|Facade|p2a: Tybone\n|-immune|p2a: Tybone\n|\n|-weather|none\n|-heal|p1b: Ting-Lu|100\/100 brn|[from] item: Leftovers\n|-damage|p2a: Tybone|88\/100 psn|[from] psn\n|-damage|p1b: Ting-Lu|94\/100 brn|[from] brn\n|-damage|p1a: Gliscor|35\/100 brn|[from] brn\n|upkeep\n|turn|6\n|inactive|Duckgmr425zzz has 120 seconds left.\n|\n|t:|1700779197\n|move|p2b: Slowbro|Slack Off|p2b: Slowbro\n|-heal|p2b: Slowbro|78\/100\n|move|p1b: Ting-Lu|Stomping Tantrum|p2b: Slowbro\n|-supereffective|p2b: Slowbro\n|-damage|p2b: Slowbro|58\/100\n|move|p2a: Tybone|Howl|p2a: Tybone|[spread] p2a,p2b\n|-boost|p2a: Tybone|atk|1\n|-boost|p2b: Slowbro|atk|1\n|move|p1a: Gliscor|Toxic Spikes|p2b: Slowbro\n|-sidestart|p2: Duckgmr425zzz|move: Toxic Spikes\n|\n|-heal|p1b: Ting-Lu|100\/100 brn|[from] item: Leftovers\n|-damage|p2a: Tybone|76\/100 psn|[from] psn\n|-damage|p1b: Ting-Lu|94\/100 brn|[from] brn\n|-damage|p1a: Gliscor|28\/100 brn|[from] brn\n|upkeep\n|turn|7\n|inactive|Duckgmr425zzz has 120 seconds left.\n|-activate|p2b: Slowbro|ability: Quick Draw\n|\n|t:|1700779230\n|move|p2b: Slowbro|Brick Break|p1b: Ting-Lu\n|-supereffective|p1b: Ting-Lu\n|-damage|p1b: Ting-Lu|66\/100 brn\n|move|p2a: Tybone|Howl|p2a: Tybone|[spread] p2a,p2b\n|-boost|p2a: Tybone|atk|1\n|-boost|p2b: Slowbro|atk|1\n|move|p1a: Gliscor|Stealth Rock|p2a: Tybone\n|-sidestart|p2: Duckgmr425zzz|move: Stealth Rock\n|move|p1b: Ting-Lu|Whirlwind|p2a: Tybone\n|drag|p2a: Grimace|Grimmsnarl, M|15\/100 psn\n|-damage|p2a: Grimace|2\/100 psn|[from] Stealth Rock\n|\n|-heal|p1b: Ting-Lu|72\/100 brn|[from] item: Leftovers\n|-damage|p2a: Grimace|0 fnt|[from] psn\n|faint|p2a: Grimace\n|-damage|p1b: Ting-Lu|66\/100 brn|[from] brn\n|-damage|p1a: Gliscor|22\/100 brn|[from] brn\n|-fieldend|move: Trick Room\n|upkeep\n|inactive|Duckgmr425zzz has 90 seconds left.\n|\n|t:|1700779257\n|switch|p2a: King Boo|Flutter Mane|100\/100\n|-status|p2a: King Boo|psn\n|-damage|p2a: King Boo|88\/100 psn|[from] Stealth Rock\n|-enditem|p2a: King Boo|Booster Energy\n|-activate|p2a: King Boo|ability: Protosynthesis|[fromitem]\n|-start|p2a: King Boo|protosynthesisspe\n|turn|8\n|\n|t:|1700779270\n|switch|p1a: Amoonguss|Amoonguss, F|100\/100\n|move|p2a: King Boo|Dazzling Gleam|p1b: Ting-Lu|[spread] p1a,p1b\n|-resisted|p1a: Amoonguss\n|-supereffective|p1b: Ting-Lu\n|-damage|p1a: Amoonguss|91\/100\n|-damage|p1b: Ting-Lu|29\/100 brn\n|move|p1b: Ting-Lu|Heavy Slam|p2a: King Boo\n|-supereffective|p2a: King Boo\n|-damage|p2a: King Boo|43\/100 psn\n|move|p2b: Slowbro|Slack Off|p2b: Slowbro\n|-heal|p2b: Slowbro|100\/100\n|\n|-heal|p1b: Ting-Lu|36\/100 brn|[from] item: Leftovers\n|-heal|p1a: Amoonguss|98\/100|[from] item: Black Sludge\n|-damage|p2a: King Boo|31\/100 psn|[from] psn\n|-damage|p1b: Ting-Lu|29\/100 brn|[from] brn\n|-sideend|p2: Duckgmr425zzz|Reflect\n|upkeep\n|turn|9\n|inactive|Duckgmr425zzz has 90 seconds left.\n|\n|t:|1700779302\n|switch|p2b: Tybone|Houndstone, M|76\/100 psn\n|-damage|p2b: Tybone|63\/100 psn|[from] Stealth Rock\n|move|p2a: King Boo|Dazzling Gleam|p1b: Ting-Lu|[spread] p1a,p1b\n|-resisted|p1a: Amoonguss\n|-supereffective|p1b: Ting-Lu\n|-damage|p1a: Amoonguss|87\/100\n|-damage|p1b: Ting-Lu|0 fnt\n|faint|p1b: Ting-Lu\n|move|p1a: Amoonguss|Spore||[still]\n|-fail|p1a: Amoonguss\n|\n|-heal|p1a: Amoonguss|93\/100|[from] item: Black Sludge\n|-damage|p2a: King Boo|18\/100 psn|[from] psn\n|-damage|p2b: Tybone|51\/100 psn|[from] psn\n|upkeep\n|\n|t:|1700779310\n|switch|p1b: Dragapult|Dragapult, M|100\/100\n|turn|10\n|\n|t:|1700779341\n|move|p2b: Tybone|Protect|p2b: Tybone\n|-singleturn|p2b: Tybone|Protect\n|move|p2a: King Boo|Dazzling Gleam|p1b: Dragapult|[spread] p1a,p1b\n|-resisted|p1a: Amoonguss\n|-supereffective|p1b: Dragapult\n|-damage|p1a: Amoonguss|79\/100\n|-damage|p1b: Dragapult|35\/100\n|-enditem|p1b: Dragapult|Sitrus Berry|[eat]\n|-heal|p1b: Dragapult|60\/100|[from] item: Sitrus Berry\n|move|p1b: Dragapult|Hex|p2a: King Boo\n|-supereffective|p2a: King Boo\n|-damage|p2a: King Boo|0 fnt\n|faint|p2a: King Boo\n|-end|p2a: King Boo|Protosynthesis|[silent]\n|move|p1a: Amoonguss|Giga Drain|p2b: Tybone\n|-activate|p2b: Tybone|move: Protect\n|\n|-heal|p1a: Amoonguss|85\/100|[from] item: Black Sludge\n|-damage|p2b: Tybone|39\/100 psn|[from] psn\n|upkeep\n|-enditem|p2b: Tybone|Sitrus Berry|[eat]\n|-heal|p2b: Tybone|64\/100 psn|[from] item: Sitrus Berry\n|inactive|Duckgmr425zzz has 90 seconds left.\n|\n|t:|1700779362\n|switch|p2a: Slowbro|Slowbro-Galar, F|100\/100\n|-sideend|p2: Duckgmr425zzz|move: Toxic Spikes|[of] p2a: Slowbro\n|-damage|p2a: Slowbro|88\/100|[from] Stealth Rock\n|turn|11\n|\n|t:|1700779371\n|switch|p2a: Tyrone|Tyranitar, M|100\/100\n|-damage|p2a: Tyrone|88\/100|[from] Stealth Rock\n|-weather|Sandstorm|[from] ability: Sand Stream|[of] p2a: Tyrone\n|move|p2b: Tybone|Will-O-Wisp|p1b: Dragapult\n|-status|p1b: Dragapult|brn\n|move|p1b: Dragapult|Thunder Wave|p2a: Tyrone\n|-status|p2a: Tyrone|par\n|move|p1a: Amoonguss|Pollen Puff|p1b: Dragapult\n|-heal|p1b: Dragapult|100\/100 brn\n|\n|-weather|Sandstorm|[upkeep]\n|-damage|p1b: Dragapult|94\/100 brn|[from] Sandstorm\n|-damage|p1a: Amoonguss|79\/100|[from] Sandstorm\n|-heal|p1a: Amoonguss|85\/100|[from] item: Black Sludge\n|-heal|p2a: Tyrone|94\/100 par|[from] item: Leftovers\n|-damage|p2b: Tybone|51\/100 psn|[from] psn\n|-damage|p1b: Dragapult|88\/100 brn|[from] brn\n|upkeep\n|turn|12\n|inactive|Duckgmr425zzz has 120 seconds left.\n|\n|t:|1700779406\n|move|p2b: Tybone|Howl|p2b: Tybone|[spread] p2a,p2b\n|-boost|p2a: Tyrone|atk|1\n|-boost|p2b: Tybone|atk|1\n|move|p1b: Dragapult|Hex|p2b: Tybone\n|-supereffective|p2b: Tybone\n|-damage|p2b: Tybone|0 fnt\n|faint|p2b: Tybone\n|move|p1a: Amoonguss|Giga Drain|p2a: Tyrone\n|-supereffective|p2a: Tyrone\n|-damage|p2a: Tyrone|66\/100 par\n|-heal|p1a: Amoonguss|100\/100|[from] drain|[of] p2a: Tyrone\n|cant|p2a: Tyrone|par\n|\n|-weather|Sandstorm|[upkeep]\n|-damage|p1b: Dragapult|82\/100 brn|[from] Sandstorm\n|-damage|p1a: Amoonguss|94\/100|[from] Sandstorm\n|-heal|p1a: Amoonguss|100\/100|[from] item: Black Sludge\n|-heal|p2a: Tyrone|72\/100 par|[from] item: Leftovers\n|-damage|p1b: Dragapult|76\/100 brn|[from] brn\n|upkeep\n|inactive|Duckgmr425zzz has 90 seconds left.\n|\n|t:|1700779425\n|switch|p2b: Slowbro|Slowbro-Galar, F|88\/100\n|-damage|p2b: Slowbro|76\/100|[from] Stealth Rock\n|turn|13\n|\n|t:|1700779435\n|move|p1b: Dragapult|Thunder Wave|p2b: Slowbro\n|-status|p2b: Slowbro|par\n|move|p1a: Amoonguss|Clear Smog|p2a: Tyrone\n|-resisted|p2a: Tyrone\n|-damage|p2a: Tyrone|67\/100 par\n|-clearboost|p2a: Tyrone\n|cant|p2a: Tyrone|par\n|move|p2b: Slowbro|Trick Room|p2b: Slowbro\n|-fieldstart|move: Trick Room|[of] p2b: Slowbro\n|\n|-weather|Sandstorm|[upkeep]\n|-damage|p2b: Slowbro|70\/100 par|[from] Sandstorm\n|-damage|p1a: Amoonguss|94\/100|[from] Sandstorm\n|-damage|p1b: Dragapult|70\/100 brn|[from] Sandstorm\n|-heal|p2a: Tyrone|73\/100 par|[from] item: Leftovers\n|-heal|p1a: Amoonguss|100\/100|[from] item: Black Sludge\n|-damage|p1b: Dragapult|64\/100 brn|[from] brn\n|upkeep\n|turn|14\n|inactive|Duckgmr425zzz has 120 seconds left.\n|\n|t:|1700779459\n|cant|p2b: Slowbro|par\n|move|p2a: Tyrone|Knock Off|p1b: Dragapult\n|-supereffective|p1b: Dragapult\n|-damage|p1b: Dragapult|0 fnt\n|faint|p1b: Dragapult\n|move|p1a: Amoonguss|Giga Drain|p2a: Tyrone\n|-supereffective|p2a: Tyrone\n|-damage|p2a: Tyrone|46\/100 par\n|\n|-weather|Sandstorm|[upkeep]\n|-damage|p2b: Slowbro|64\/100 par|[from] Sandstorm\n|-damage|p1a: Amoonguss|94\/100|[from] Sandstorm\n|-heal|p2a: Tyrone|52\/100 par|[from] item: Leftovers\n|-heal|p1a: Amoonguss|100\/100|[from] item: Black Sludge\n|upkeep\n|\n|t:|1700779473\n|switch|p1b: Gliscor|Gliscor, M|22\/100 brn\n|turn|15\n|inactive|Duckgmr425zzz has 120 seconds left.\n|\n|t:|1700779502\n|switch|p2b: Diancie|Diancie|100\/100\n|-damage|p2b: Diancie|88\/100|[from] Stealth Rock\n|move|p2a: Tyrone|Rock Slide|p1a: Amoonguss|[spread] p1b\n|-miss|p2a: Tyrone|p1a: Amoonguss\n|-damage|p1b: Gliscor|0 fnt\n|faint|p1b: Gliscor\n|move|p1a: Amoonguss|Giga Drain|p2a: Tyrone\n|-supereffective|p2a: Tyrone\n|-damage|p2a: Tyrone|25\/100 par\n|\n|-weather|none\n|-heal|p2a: Tyrone|31\/100 par|[from] item: Leftovers\n|upkeep\n|\n|t:|1700779513\n|switch|p1b: Flamigo|Flamigo, F|100\/100\n|turn|16\n|\n|t:|1700779533\n|-terastallize|p1b: Flamigo|Ground\n|move|p1b: Flamigo|Wide Guard|p1b: Flamigo\n|-singleturn|p1b: Flamigo|Wide Guard\n|move|p2a: Tyrone|Knock Off|p1a: Amoonguss\n|-damage|p1a: Amoonguss|52\/100\n|-enditem|p1a: Amoonguss|Black Sludge|[from] move: Knock Off|[of] p2a: Tyrone\n|move|p2b: Diancie|Diamond Storm|p1b: Flamigo|[spread] \n|-activate|p1a: Amoonguss|move: Wide Guard\n|-activate|p1b: Flamigo|move: Wide Guard\n|move|p1a: Amoonguss|Spore|p2b: Diancie\n|-status|p2b: Diancie|slp|[from] move: Spore\n|\n|-heal|p2a: Tyrone|37\/100 par|[from] item: Leftovers\n|upkeep\n|turn|17\n|inactive|Duckgmr425zzz has 120 seconds left.\n|\n|t:|1700779573\n|switch|p2b: Slowbro|Slowbro-Galar, F|64\/100 par\n|-damage|p2b: Slowbro|51\/100 par|[from] Stealth Rock\n|switch|p1b: Flutter Mane|Flutter Mane|100\/100\n|-enditem|p1b: Flutter Mane|Booster Energy\n|-activate|p1b: Flutter Mane|ability: Protosynthesis|[fromitem]\n|-start|p1b: Flutter Mane|protosynthesisspa\n|-terastallize|p2a: Tyrone|Fairy\n|cant|p2a: Tyrone|par\n|move|p1a: Amoonguss|Giga Drain|p2a: Tyrone\n|-damage|p2a: Tyrone|16\/100 par\n|-heal|p1a: Amoonguss|63\/100|[from] drain|[of] p2a: Tyrone\n|\n|-heal|p2a: Tyrone|23\/100 par|[from] item: Leftovers\n|-fieldend|move: Trick Room\n|upkeep\n|turn|18\n|inactive|Duckgmr425zzz has 120 seconds left.\n|\n|t:|1700779598\n|move|p1b: Flutter Mane|Hex|p2b: Slowbro\n|-supereffective|p2b: Slowbro\n|-damage|p2b: Slowbro|0 fnt\n|faint|p2b: Slowbro\n|move|p1a: Amoonguss|Clear Smog|p2a: Tyrone\n|-supereffective|p2a: Tyrone\n|-damage|p2a: Tyrone|0 fnt\n|-clearboost|p2a: Tyrone\n|faint|p2a: Tyrone\n|\n|upkeep\n|inactive|Duckgmr425zzz has 120 seconds left.\n|-message|Duckgmr425zzz forfeited.\n|\n|win|lucaless\n|raw|lucaless's rating: 1334 &rarr; <strong>1356<\/strong><br \/>(+22 for winning)\n|raw|Duckgmr425zzz's rating: 1362 &rarr; <strong>1340<\/strong><br \/>(-22 for losing)\n|l|\u2606Duckgmr425zzz\n","uploadtime":1700779617,"views":5,"p1id":"lucaless","p2id":"duckgmr425zzz","formatid":"gen9doublesou","rating":1340,"private":0,"password":""}