{"id":"gen9doublesou-1968193956","p1":"Stabkill","p2":"tynewname","format":"[Gen 9] Doubles OU","log":"|html|<div class=\"broadcast-blue\"><strong>[Gen 9] Doubles OU is currently suspecting Basculegion & Flutter Mane! For information on how to participate check out the <a href=\"https:\/\/www.smogon.com\/forums\/threads\/np-sv-dou-stage-8-double-trouble.3729153\/\">suspect thread<\/a>.<\/strong><\/div>\n|j|\u2606Stabkill\n|j|\u2606tynewname\n|t:|1697393576\n|gametype|doubles\n|player|p1|Stabkill|265|1107\n|player|p2|tynewname|veteran|1040\n|teamsize|p1|6\n|teamsize|p2|6\n|gen|9\n|tier|[Gen 9] Doubles OU\n|rated|\n|rule|Species Clause: Limit one of each Pok\u00e9mon\n|rule|OHKO Clause: OHKO moves are banned\n|rule|Evasion Moves Clause: Evasion moves are banned\n|rule|Gravity Sleep Clause: The combination of sleep-inducing moves with imperfect accuracy and Gravity or Gigantamax Orbeetle are banned\n|rule|Endless Battle Clause: Forcing endless battles is banned\n|rule|HP Percentage Mod: HP is shown in percentages\n|clearpoke\n|poke|p1|Cresselia, F|\n|poke|p1|Iron Hands|\n|poke|p1|Kingambit, F|\n|poke|p1|Amoonguss, F|\n|poke|p1|Murkrow, M|\n|poke|p1|Kleavor, M|\n|poke|p2|Ambipom, F|\n|poke|p2|Gliscor, F|\n|poke|p2|Ribombee, F|\n|poke|p2|Ogerpon-Hearthflame, F|\n|poke|p2|Flutter Mane|\n|poke|p2|Toxapex, M|\n|teampreview\n|inactive|Battle timer is ON: inactive players will automatically lose when time's up. (requested by tynewname)\n|\n|t:|1697393587\n|start\n|switch|p1a: Kleavor|Kleavor, M|100\/100\n|switch|p1b: Murkrow|Murkrow, M|100\/100\n|switch|p2a: Ambipom|Ambipom, F|100\/100\n|switch|p2b: Ribombee|Ribombee, F|100\/100\n|turn|1\n|\n|t:|1697393602\n|move|p2a: Ambipom|Fake Out|p1a: Kleavor\n|-resisted|p1a: Kleavor\n|-damage|p1a: Kleavor|80\/100\n|move|p1b: Murkrow|Tailwind|p1b: Murkrow\n|-sidestart|p1: Stabkill|move: Tailwind\n|cant|p1a: Kleavor|flinch\n|move|p2b: Ribombee|Sticky Web|p1a: Kleavor\n|-sidestart|p1: Stabkill|move: Sticky Web\n|\n|upkeep\n|turn|2\n|\n|t:|1697393624\n|move|p1a: Kleavor|Stone Axe|p2b: Ribombee|[miss]\n|-miss|p1a: Kleavor|p2b: Ribombee\n|move|p1b: Murkrow|U-turn|p2a: Ambipom\n|-damage|p2a: Ambipom|75\/100\n|\n|t:|1697393639\n|switch|p1b: Amoonguss|Amoonguss, F|100\/100|[from] U-turn\n|-activate|p1b: Amoonguss|move: Sticky Web\n|-unboost|p1b: Amoonguss|spe|1\n|move|p2b: Ribombee|Stun Spore|p1a: Kleavor\n|-status|p1a: Kleavor|par\n|move|p2a: Ambipom|Covet|p1b: Amoonguss\n|-damage|p1b: Amoonguss|54\/100\n|-damage|p2a: Ambipom|59\/100|[from] item: Rocky Helmet|[of] p1b: Amoonguss\n|\n|upkeep\n|turn|3\n|\n|t:|1697393660\n|move|p2b: Ribombee|Moonblast|p1a: Kleavor\n|-damage|p1a: Kleavor|18\/100 par\n|move|p2a: Ambipom|U-turn|p1b: Amoonguss\n|-damage|p1b: Amoonguss|33\/100\n|-damage|p2a: Ambipom|42\/100|[from] item: Rocky Helmet|[of] p1b: Amoonguss\n|\n|t:|1697393667\n|switch|p2a: Gliscor|Gliscor, F|100\/100|[from] U-turn\n|move|p1a: Kleavor|Stone Axe|p2b: Ribombee|[miss]\n|-miss|p1a: Kleavor|p2b: Ribombee\n|move|p1b: Amoonguss|Spore|p2a: Gliscor\n|-block|p2a: Gliscor|ability: Sweet Veil|[of] p2b: Ribombee\n|\n|-status|p2a: Gliscor|tox|[from] item: Toxic Orb\n|upkeep\n|turn|4\n|\n|t:|1697393690\n|move|p2b: Ribombee|Moonblast|p1a: Kleavor\n|-damage|p1a: Kleavor|0 fnt\n|faint|p1a: Kleavor\n|move|p2a: Gliscor|Substitute|p2a: Gliscor\n|-start|p2a: Gliscor|Substitute\n|-damage|p2a: Gliscor|76\/100 tox\n|move|p1b: Amoonguss|Synthesis|p1b: Amoonguss\n|-heal|p1b: Amoonguss|83\/100\n|\n|-heal|p2a: Gliscor|88\/100 tox|[from] ability: Poison Heal\n|-sideend|p1: Stabkill|move: Tailwind\n|upkeep\n|inactive|Stabkill has 120 seconds left.\n|\n|t:|1697393706\n|switch|p1a: Cresselia|Cresselia, F|100\/100\n|turn|5\n|\n|t:|1697393718\n|move|p1b: Amoonguss|Rage Powder|p1b: Amoonguss\n|-singleturn|p1b: Amoonguss|move: Rage Powder\n|move|p2b: Ribombee|Stun Spore|p1b: Amoonguss\n|-immune|p1b: Amoonguss\n|move|p2a: Gliscor|Toxic|p1b: Amoonguss\n|-immune|p1b: Amoonguss\n|move|p1a: Cresselia|Trick Room|p1a: Cresselia\n|-fieldstart|move: Trick Room|[of] p1a: Cresselia\n|\n|-heal|p2a: Gliscor|100\/100 tox|[from] ability: Poison Heal\n|upkeep\n|turn|6\n|\n|t:|1697393747\n|switch|p1a: Iron Hands|Iron Hands|100\/100\n|-activate|p1a: Iron Hands|move: Sticky Web\n|-unboost|p1a: Iron Hands|spe|1\n|move|p1b: Amoonguss|Pollen Puff|p2b: Ribombee\n|-resisted|p2b: Ribombee\n|-damage|p2b: Ribombee|84\/100\n|move|p2a: Gliscor|Earthquake|p1a: Iron Hands|[spread] p2b,p1a,p1b\n|-resisted|p2b: Ribombee\n|-supereffective|p1a: Iron Hands\n|-damage|p2b: Ribombee|61\/100\n|-damage|p1a: Iron Hands|79\/100\n|-damage|p1b: Amoonguss|58\/100\n|move|p2b: Ribombee|Pollen Puff|p1a: Iron Hands\n|-resisted|p1a: Iron Hands\n|-damage|p1a: Iron Hands|61\/100\n|\n|upkeep\n|turn|7\n|inactive|Stabkill has 120 seconds left.\n|\n|t:|1697393778\n|move|p1a: Iron Hands|Fake Out|p2b: Ribombee\n|-damage|p2b: Ribombee|37\/100\n|move|p1b: Amoonguss|Pollen Puff|p1a: Iron Hands\n|-heal|p1a: Iron Hands|100\/100\n|move|p2a: Gliscor|Toxic|p1a: Iron Hands\n|-status|p1a: Iron Hands|tox\n|cant|p2b: Ribombee|flinch\n|\n|-damage|p1a: Iron Hands|94\/100 tox|[from] psn\n|upkeep\n|turn|8\n|\n|t:|1697393798\n|move|p2a: Gliscor|Protect|p2a: Gliscor\n|-singleturn|p2a: Gliscor|Protect\n|move|p1b: Amoonguss|Synthesis|p1b: Amoonguss\n|-heal|p1b: Amoonguss|100\/100\n|move|p1a: Iron Hands|Belly Drum|p1a: Iron Hands\n|-damage|p1a: Iron Hands|45\/100 tox\n|-setboost|p1a: Iron Hands|atk|6|[from] move: Belly Drum\n|-enditem|p1a: Iron Hands|Sitrus Berry|[eat]\n|-heal|p1a: Iron Hands|69\/100 tox|[from] item: Sitrus Berry\n|move|p2b: Ribombee|Moonblast|p1a: Iron Hands\n|-supereffective|p1a: Iron Hands\n|-damage|p1a: Iron Hands|0 fnt\n|faint|p1a: Iron Hands\n|-end|p1a: Iron Hands|Quark Drive|[silent]\n|\n|upkeep\n|inactive|Stabkill has 120 seconds left.\n|\n|t:|1697393816\n|switch|p1a: Kingambit|Kingambit, F|100\/100\n|-activate|p1a: Kingambit|move: Sticky Web\n|-unboost|p1a: Kingambit|spe|1\n|-activate|p1a: Kingambit|ability: Supreme Overlord\n|-start|p1a: Kingambit|fallen2|[silent]\n|-enditem|p1a: Kingambit|Room Service\n|-unboost|p1a: Kingambit|spe|1|[from] item: Room Service\n|turn|9\n|\n|t:|1697393831\n|move|p1b: Amoonguss|Rage Powder|p1b: Amoonguss\n|-singleturn|p1b: Amoonguss|move: Rage Powder\n|move|p1a: Kingambit|Iron Head|p2b: Ribombee\n|-supereffective|p2b: Ribombee\n|-damage|p2b: Ribombee|0 fnt\n|faint|p2b: Ribombee\n|move|p2a: Gliscor|Earthquake|p1b: Amoonguss|[spread] p1a,p1b\n|-supereffective|p1a: Kingambit\n|-damage|p1a: Kingambit|63\/100\n|-damage|p1b: Amoonguss|76\/100\n|\n|-fieldend|move: Trick Room\n|upkeep\n|\n|t:|1697393842\n|switch|p2b: Ambipom|Ambipom, F|42\/100\n|turn|10\n|\n|t:|1697393857\n|move|p2a: Gliscor|Protect|p2a: Gliscor\n|-singleturn|p2a: Gliscor|Protect\n|move|p2b: Ambipom|Fake Out|p1a: Kingambit\n|-resisted|p1a: Kingambit\n|-damage|p1a: Kingambit|53\/100\n|move|p1b: Amoonguss|Rage Powder|p1b: Amoonguss\n|-singleturn|p1b: Amoonguss|move: Rage Powder\n|cant|p1a: Kingambit|flinch\n|\n|upkeep\n|turn|11\n|\n|t:|1697393874\n|move|p2b: Ambipom|Last Resort||[still]\n|-fail|p2b: Ambipom\n|move|p2a: Gliscor|Earthquake|p1b: Amoonguss|[spread] p2b,p1a,p1b\n|-supereffective|p1a: Kingambit\n|-damage|p2b: Ambipom|2\/100\n|-damage|p1a: Kingambit|20\/100\n|-damage|p1b: Amoonguss|54\/100\n|move|p1a: Kingambit|Kowtow Cleave|p2a: Gliscor\n|-end|p2a: Gliscor|Substitute\n|move|p1b: Amoonguss|Spore|p2b: Ambipom\n|-status|p2b: Ambipom|slp|[from] move: Spore\n|\n|upkeep\n|turn|12\n|\n|t:|1697393900\n|cant|p2b: Ambipom|slp\n|move|p2a: Gliscor|Earthquake|p1b: Amoonguss|[spread] p2b,p1a,p1b\n|-supereffective|p1a: Kingambit\n|-damage|p2b: Ambipom|0 fnt\n|-damage|p1a: Kingambit|0 fnt\n|-damage|p1b: Amoonguss|32\/100\n|faint|p2b: Ambipom\n|faint|p1a: Kingambit\n|-end|p1a: Kingambit|fallen2|[silent]\n|move|p1b: Amoonguss|Pollen Puff|p1: Kingambit|[notarget]\n|-fail|p1b: Amoonguss\n|\n|upkeep\n|\n|t:|1697393912\n|switch|p2b: Toxapex|Toxapex, M|100\/100\n|switch|p1a: Cresselia|Cresselia, F|100\/100\n|turn|13\n|\n|t:|1697393928\n|-terastallize|p2b: Toxapex|Steel\n|move|p2a: Gliscor|Substitute|p2a: Gliscor\n|-start|p2a: Gliscor|Substitute\n|-damage|p2a: Gliscor|76\/100 tox\n|move|p2b: Toxapex|Toxic|p1a: Cresselia\n|-status|p1a: Cresselia|tox\n|move|p1b: Amoonguss|Spore|p2b: Toxapex\n|-status|p2b: Toxapex|slp|[from] move: Spore\n|move|p1a: Cresselia|Trick Room|p1a: Cresselia\n|-fieldstart|move: Trick Room|[of] p1a: Cresselia\n|\n|-damage|p2b: Toxapex|88\/100 slp|[from] item: Black Sludge\n|-damage|p1a: Cresselia|94\/100 tox|[from] psn\n|-heal|p2a: Gliscor|88\/100 tox|[from] ability: Poison Heal\n|upkeep\n|turn|14\n|inactive|Stabkill has 120 seconds left.\n|inactive|tynewname has 120 seconds left.\n|\n|t:|1697393963\n|cant|p2b: Toxapex|slp\n|move|p1b: Amoonguss|Synthesis|p1b: Amoonguss\n|-heal|p1b: Amoonguss|82\/100\n|move|p1a: Cresselia|Lunar Blessing|p1a: Cresselia|[spread] p1a,p1b\n|-heal|p1a: Cresselia|100\/100 tox\n|-curestatus|p1a: Cresselia|tox|[msg]\n|-heal|p1b: Amoonguss|100\/100\n|move|p2a: Gliscor|Earthquake|p1b: Amoonguss|[spread] p2b,p1b\n|-immune|p1a: Cresselia|[from] ability: Levitate\n|-supereffective|p2b: Toxapex\n|-damage|p2b: Toxapex|58\/100 slp\n|-damage|p1b: Amoonguss|78\/100\n|\n|-damage|p2b: Toxapex|46\/100 slp|[from] item: Black Sludge\n|-heal|p2a: Gliscor|100\/100 tox|[from] ability: Poison Heal\n|upkeep\n|turn|15\n|inactive|Stabkill has 120 seconds left.\n|\n|t:|1697393994\n|cant|p2b: Toxapex|slp\n|move|p2a: Gliscor|Protect|p2a: Gliscor\n|-singleturn|p2a: Gliscor|Protect\n|move|p1b: Amoonguss|Pollen Puff|p2a: Gliscor\n|-activate|p2a: Gliscor|move: Protect\n|move|p1a: Cresselia|Dazzling Gleam|p2b: Toxapex|[spread] p2b\n|-activate|p2a: Gliscor|move: Protect\n|-resisted|p2b: Toxapex\n|-damage|p2b: Toxapex|41\/100 slp\n|\n|-damage|p2b: Toxapex|29\/100 slp|[from] item: Black Sludge\n|upkeep\n|turn|16\n|inactive|Stabkill has 120 seconds left.\n|\n|t:|1697394020\n|move|p1b: Amoonguss|Pollen Puff|p2a: Gliscor\n|-resisted|p2a: Gliscor\n|-activate|p2a: Gliscor|move: Substitute|[damage]\n|-curestatus|p2b: Toxapex|slp|[msg]\n|move|p2b: Toxapex|Recover|p2b: Toxapex\n|-heal|p2b: Toxapex|79\/100\n|move|p1a: Cresselia|Substitute|p1a: Cresselia\n|-start|p1a: Cresselia|Substitute\n|-damage|p1a: Cresselia|75\/100\n|move|p2a: Gliscor|Toxic||[still]\n|-fail|p2a: Gliscor\n|\n|-damage|p2b: Toxapex|66\/100|[from] item: Black Sludge\n|-heal|p1a: Cresselia|82\/100|[from] item: Leftovers\n|upkeep\n|turn|17\n|inactive|Stabkill has 120 seconds left.\n|\n|t:|1697394047\n|move|p2b: Toxapex|Baneful Bunker|p2b: Toxapex\n|-singleturn|p2b: Toxapex|move: Protect\n|move|p1b: Amoonguss|Pollen Puff|p2a: Gliscor\n|-resisted|p2a: Gliscor\n|-activate|p2a: Gliscor|move: Substitute|[damage]\n|move|p1a: Cresselia|Dazzling Gleam|p2a: Gliscor|[spread] p2a\n|-activate|p2b: Toxapex|move: Protect\n|-end|p2a: Gliscor|Substitute\n|move|p2a: Gliscor|Earthquake|p1a: Cresselia|[spread] p1b\n|-activate|p2b: Toxapex|move: Protect\n|-immune|p1a: Cresselia|[from] ability: Levitate\n|-damage|p1b: Amoonguss|57\/100\n|\n|-damage|p2b: Toxapex|54\/100|[from] item: Black Sludge\n|-heal|p1a: Cresselia|88\/100|[from] item: Leftovers\n|-fieldend|move: Trick Room\n|upkeep\n|turn|18\n|inactive|Stabkill has 120 seconds left.\n|\n|t:|1697394082\n|move|p2a: Gliscor|Substitute|p2a: Gliscor\n|-start|p2a: Gliscor|Substitute\n|-damage|p2a: Gliscor|76\/100 tox\n|move|p2b: Toxapex|Recover|p2b: Toxapex\n|-heal|p2b: Toxapex|100\/100\n|move|p1b: Amoonguss|Pollen Puff|p2a: Gliscor\n|-resisted|p2a: Gliscor\n|-activate|p2a: Gliscor|move: Substitute|[damage]\n|move|p1a: Cresselia|Trick Room|p1a: Cresselia\n|-fieldstart|move: Trick Room|[of] p1a: Cresselia\n|\n|-damage|p2b: Toxapex|88\/100|[from] item: Black Sludge\n|-heal|p1a: Cresselia|94\/100|[from] item: Leftovers\n|-heal|p2a: Gliscor|88\/100 tox|[from] ability: Poison Heal\n|upkeep\n|turn|19\n|-message|Stabkill forfeited.\n|\n|win|tynewname\n|raw|Stabkill's rating: 1107 &rarr; <strong>1077<\/strong><br \/>(-30 for losing)\n|raw|tynewname's rating: 1040 &rarr; <strong>1080<\/strong><br \/>(+40 for winning)\n|l|\u2606Stabkill\n","uploadtime":1697394091,"views":11,"p1id":"stabkill","p2id":"tynewname","formatid":"gen9doublesou","rating":1077,"private":0,"password":""}