{"id":"gen9doublesou-1988840651","p1":"Supre333","p2":"AnimeUproarers","format":"[Gen 9] Doubles OU","log":"|j|\u2606Supre333\n|j|\u2606AnimeUproarers\n|t:|1699771522\n|gametype|doubles\n|player|p1|Supre333|hugh|1040\n|player|p2|AnimeUproarers|2|1125\n|teamsize|p1|6\n|teamsize|p2|6\n|gen|9\n|tier|[Gen 9] Doubles OU\n|rated|\n|rule|Species Clause: Limit one of each Pok\u00e9mon\n|rule|OHKO Clause: OHKO moves are banned\n|rule|Evasion Moves Clause: Evasion moves are banned\n|rule|Gravity Sleep Clause: The combination of sleep-inducing moves with imperfect accuracy and Gravity or Gigantamax Orbeetle are banned\n|rule|Endless Battle Clause: Forcing endless battles is banned\n|rule|HP Percentage Mod: HP is shown in percentages\n|clearpoke\n|poke|p1|Iron Hands|\n|poke|p1|Indeedee-F, F|\n|poke|p1|Armarouge, M|\n|poke|p1|Farigiraf, F|\n|poke|p1|Brute Bonnet|\n|poke|p1|Vikavolt, F|\n|poke|p2|Heatran, M|\n|poke|p2|Torkoal, F|\n|poke|p2|Tornadus, M|\n|poke|p2|Charizard, M|\n|poke|p2|Chi-Yu|\n|poke|p2|Walking Wake|\n|teampreview\n|\n|t:|1699771537\n|start\n|switch|p1a: Iron Hands|Iron Hands|100\/100\n|switch|p1b: Farigiraf|Farigiraf, F|100\/100\n|switch|p2a: Walking Wake|Walking Wake|100\/100\n|switch|p2b: Tornadus|Tornadus, M, shiny|100\/100\n|turn|1\n|\n|t:|1699771557\n|move|p1a: Iron Hands|Fake Out|p2a: Walking Wake\n|-damage|p2a: Walking Wake|82\/100\n|move|p2b: Tornadus|Sunny Day|p2b: Tornadus\n|-weather|SunnyDay\n|-activate|p2a: Walking Wake|ability: Protosynthesis\n|-start|p2a: Walking Wake|protosynthesisspe\n|cant|p2a: Walking Wake|flinch\n|move|p1b: Farigiraf|Trick Room|p1b: Farigiraf\n|-fieldstart|move: Trick Room|[of] p1b: Farigiraf\n|\n|-weather|SunnyDay|[upkeep]\n|upkeep\n|turn|2\n|\n|t:|1699771582\n|move|p2b: Tornadus|Taunt||[still]\n|cant|p1b: Farigiraf|ability: Armor Tail|Taunt|[of] p2b: Tornadus\n|move|p1a: Iron Hands|Thunder Punch|p2b: Tornadus\n|-supereffective|p2b: Tornadus\n|-damage|p2b: Tornadus|0 fnt\n|faint|p2b: Tornadus\n|move|p1b: Farigiraf|Twin Beam|p2a: Walking Wake\n|-damage|p2a: Walking Wake|58\/100\n|-damage|p2a: Walking Wake|34\/100\n|-hitcount|p2a: Walking Wake|2\n|cant|p2a: Walking Wake|flinch\n|\n|-weather|SunnyDay|[upkeep]\n|upkeep\n|\n|t:|1699771598\n|switch|p2b: Torkoal|Torkoal, F, shiny|100\/100\n|turn|3\n|\n|t:|1699771620\n|move|p2b: Torkoal|Heat Wave|p1b: Farigiraf|[spread] p1a,p1b\n|-damage|p1a: Iron Hands|83\/100\n|-damage|p1b: Farigiraf|69\/100\n|-status|p1b: Farigiraf|brn\n|move|p1a: Iron Hands|Thunder Punch|p2b: Torkoal\n|-damage|p2b: Torkoal|65\/100\n|move|p1b: Farigiraf|Hyper Voice|p2b: Torkoal|[spread] p2a,p2b\n|-damage|p2a: Walking Wake|0 fnt\n|-damage|p2b: Torkoal|43\/100\n|faint|p2a: Walking Wake\n|-end|p2a: Walking Wake|Protosynthesis|[silent]\n|\n|-weather|SunnyDay|[upkeep]\n|-damage|p1b: Farigiraf|63\/100 brn|[from] brn\n|upkeep\n|\n|t:|1699771639\n|switch|p2a: Heatran|Heatran, M, shiny|100\/100\n|turn|4\n|\n|t:|1699771657\n|move|p2b: Torkoal|Lava Plume|p1b: Farigiraf|[spread] p1a,p1b\n|-start|p2a: Heatran|ability: Flash Fire\n|-damage|p1a: Iron Hands|68\/100\n|-damage|p1b: Farigiraf|37\/100 brn\n|move|p1a: Iron Hands|Thunder Punch|p2b: Torkoal\n|-damage|p2b: Torkoal|12\/100\n|move|p1b: Farigiraf|Twin Beam|p2a: Heatran\n|-resisted|p2a: Heatran\n|-damage|p2a: Heatran|95\/100\n|-resisted|p2a: Heatran\n|-damage|p2a: Heatran|90\/100\n|-hitcount|p2a: Heatran|2\n|move|p2a: Heatran|Heat Wave|p1a: Iron Hands|[spread] p1a,p1b\n|-crit|p1b: Farigiraf\n|-damage|p1a: Iron Hands|19\/100\n|-damage|p1b: Farigiraf|0 fnt\n|faint|p1b: Farigiraf\n|\n|-weather|SunnyDay|[upkeep]\n|upkeep\n|\n|t:|1699771692\n|switch|p1b: Indeedee|Indeedee-F, F|100\/100\n|-fieldstart|move: Psychic Terrain|[from] ability: Psychic Surge|[of] p1b: Indeedee\n|-enditem|p1b: Indeedee|Psychic Seed\n|-boost|p1b: Indeedee|spd|1|[from] item: Psychic Seed\n|turn|5\n|\n|t:|1699771713\n|move|p2b: Torkoal|Heat Wave|p1a: Iron Hands|[spread] p1a,p1b\n|-crit|p1a: Iron Hands\n|-damage|p1a: Iron Hands|0 fnt\n|-damage|p1b: Indeedee|85\/100\n|faint|p1a: Iron Hands\n|-end|p1a: Iron Hands|Quark Drive|[silent]\n|move|p1b: Indeedee|Light Screen|p1b: Indeedee\n|-sidestart|p1: Supre333|move: Light Screen\n|move|p2a: Heatran|Heat Wave|p1b: Indeedee|[miss]\n|-miss|p2a: Heatran|p1b: Indeedee\n|\n|-weather|SunnyDay|[upkeep]\n|-fieldend|move: Trick Room\n|upkeep\n|\n|t:|1699771722\n|switch|p1a: Armarouge|Armarouge, M|100\/100\n|turn|6\n|\n|t:|1699771735\n|move|p2a: Heatran|Earth Power|p1a: Armarouge\n|-supereffective|p1a: Armarouge\n|-damage|p1a: Armarouge|54\/100\n|move|p1a: Armarouge|Expanding Force|p2b: Torkoal|[spread] p2a,p2b\n|-resisted|p2a: Heatran\n|-damage|p2a: Heatran|64\/100\n|-damage|p2b: Torkoal|0 fnt\n|faint|p2b: Torkoal\n|move|p1b: Indeedee|Trick Room|p1b: Indeedee\n|-fieldstart|move: Trick Room|[of] p1b: Indeedee\n|\n|-weather|SunnyDay|[upkeep]\n|upkeep\n|\n|t:|1699771749\n|switch|p2b: Charizard|Charizard, M, shiny|100\/100\n|turn|7\n|\n|t:|1699771756\n|move|p1b: Indeedee|Helping Hand|p1a: Armarouge\n|-singleturn|p1a: Armarouge|Helping Hand|[of] p1b: Indeedee\n|move|p1a: Armarouge|Expanding Force|p2a: Heatran|[spread] p2a,p2b\n|-resisted|p2a: Heatran\n|-damage|p2a: Heatran|22\/100\n|-damage|p2b: Charizard|0 fnt\n|faint|p2b: Charizard\n|move|p2a: Heatran|Earth Power|p1a: Armarouge\n|-supereffective|p1a: Armarouge\n|-damage|p1a: Armarouge|7\/100\n|\n|-weather|SunnyDay|[upkeep]\n|upkeep\n|\n|t:|1699771768\n|switch|p2b: Chi-Yu|Chi-Yu|100\/100\n|-ability|p2b: Chi-Yu|Beads of Ruin\n|turn|8\n|\n|t:|1699771801\n|move|p1b: Indeedee|Follow Me|p1b: Indeedee\n|-singleturn|p1b: Indeedee|move: Follow Me\n|move|p1a: Armarouge|Expanding Force|p2b: Chi-Yu|[spread] p2a\n|-immune|p2b: Chi-Yu\n|-resisted|p2a: Heatran\n|-damage|p2a: Heatran|0 fnt\n|faint|p2a: Heatran\n|move|p2b: Chi-Yu|Dark Pulse|p1b: Indeedee\n|-supereffective|p1b: Indeedee\n|-damage|p1b: Indeedee|43\/100\n|-damage|p2b: Chi-Yu|91\/100|[from] item: Life Orb\n|\n|-weather|none\n|upkeep\n|turn|9\n|\n|t:|1699771833\n|switch|p1a: Brute Bonnet|Brute Bonnet|100\/100\n|-enditem|p1a: Brute Bonnet|Booster Energy\n|-activate|p1a: Brute Bonnet|ability: Protosynthesis|[fromitem]\n|-start|p1a: Brute Bonnet|protosynthesisatk\n|move|p1b: Indeedee|Follow Me|p1b: Indeedee\n|-singleturn|p1b: Indeedee|move: Follow Me\n|move|p2b: Chi-Yu|Dark Pulse|p1b: Indeedee\n|-supereffective|p1b: Indeedee\n|-damage|p1b: Indeedee|0 fnt\n|faint|p1b: Indeedee\n|-damage|p2b: Chi-Yu|81\/100|[from] item: Life Orb\n|\n|-sideend|p1: Supre333|move: Light Screen\n|-fieldend|move: Psychic Terrain\n|upkeep\n|\n|t:|1699771836\n|switch|p1b: Vikavolt|Vikavolt, F|100\/100\n|turn|10\n|\n|t:|1699771854\n|-terastallize|p2b: Chi-Yu|Water\n|move|p1b: Vikavolt|Thunderbolt|p2b: Chi-Yu\n|-supereffective|p2b: Chi-Yu\n|-damage|p2b: Chi-Yu|0 fnt\n|faint|p2b: Chi-Yu\n|\n|win|Supre333\n|raw|Supre333's rating: 1040 &rarr; <strong>1082<\/strong><br \/>(+42 for winning)\n|raw|AnimeUproarers's rating: 1125 &rarr; <strong>1094<\/strong><br \/>(-31 for losing)\n|l|\u2606AnimeUproarers\n|c|\u2606Supre333|Ggs\n","uploadtime":1699771868,"views":9,"p1id":"supre333","p2id":"animeuproarers","formatid":"gen9doublesou","rating":1082,"private":0,"password":""}