{"id":"gen9doublesou-1998442564","p1":"wiztyga","p2":"BuggsMcFuckz","format":"[Gen 9] Doubles OU","log":"|j|\u2606wiztyga\n|j|\u2606BuggsMcFuckz\n|t:|1700942810\n|gametype|doubles\n|player|p1|wiztyga|170|1258\n|player|p2|BuggsMcFuckz|265|1432\n|teamsize|p1|6\n|teamsize|p2|6\n|gen|9\n|tier|[Gen 9] Doubles OU\n|rated|\n|rule|Species Clause: Limit one of each Pok\u00e9mon\n|rule|OHKO Clause: OHKO moves are banned\n|rule|Evasion Moves Clause: Evasion moves are banned\n|rule|Gravity Sleep Clause: The combination of sleep-inducing moves with imperfect accuracy and Gravity or Gigantamax Orbeetle are banned\n|rule|Endless Battle Clause: Forcing endless battles is banned\n|rule|HP Percentage Mod: HP is shown in percentages\n|clearpoke\n|poke|p1|Tornadus, M|\n|poke|p1|Walking Wake|\n|poke|p1|Rillaboom, F|\n|poke|p1|Typhlosion-Hisui, F|\n|poke|p1|Dragonite, M|\n|poke|p1|Chien-Pao|\n|poke|p2|Torkoal, M|\n|poke|p2|Armarouge, M|\n|poke|p2|Indeedee-F, F|\n|poke|p2|Oranguru, F|\n|poke|p2|Flamigo, M|\n|poke|p2|Iron Bundle|\n|teampreview\n|inactive|Battle timer is ON: inactive players will automatically lose when time's up. (requested by BuggsMcFuckz)\n|inactive|wiztyga also wants the timer to be on.\n|inactive|wiztyga has 120 seconds left.\n|\n|t:|1700942866\n|start\n|switch|p1a: Chien-Pao|Chien-Pao|100\/100\n|switch|p1b: Dragonite|Dragonite, M|100\/100\n|switch|p2a: Armarouge|Armarouge, M|100\/100\n|switch|p2b: Iron Bundle|Iron Bundle|100\/100\n|-ability|p1a: Chien-Pao|Sword of Ruin\n|-enditem|p2b: Iron Bundle|Booster Energy\n|-activate|p2b: Iron Bundle|ability: Quark Drive|[fromitem]\n|-start|p2b: Iron Bundle|quarkdrivespe\n|turn|1\n|\n|t:|1700942882\n|-terastallize|p1b: Dragonite|Normal\n|move|p2a: Armarouge|Endure|p2a: Armarouge\n|-singleturn|p2a: Armarouge|move: Endure\n|move|p1b: Dragonite|Extreme Speed|p2a: Armarouge\n|-damage|p2a: Armarouge|2\/100\n|-ability|p2a: Armarouge|Weak Armor|boost\n|-unboost|p2a: Armarouge|def|1\n|-boost|p2a: Armarouge|spe|2\n|move|p2b: Iron Bundle|Flip Turn|p2a: Armarouge\n|-supereffective|p2a: Armarouge\n|-activate|p2a: Armarouge|move: Endure\n|-damage|p2a: Armarouge|1\/100\n|-ability|p2a: Armarouge|Weak Armor|boost\n|-unboost|p2a: Armarouge|def|1\n|-boost|p2a: Armarouge|spe|2\n|-enditem|p2a: Armarouge|Weakness Policy\n|-boost|p2a: Armarouge|atk|2|[from] item: Weakness Policy\n|-boost|p2a: Armarouge|spa|2|[from] item: Weakness Policy\n|\n|t:|1700942893\n|-end|p2b: Iron Bundle|Quark Drive|[silent]\n|switch|p2b: Indeedee|Indeedee-F, F|100\/100|[from] Flip Turn\n|-fieldstart|move: Psychic Terrain|[from] ability: Psychic Surge|[of] p2b: Indeedee\n|move|p1a: Chien-Pao|Sacred Sword|p2b: Indeedee\n|-damage|p2b: Indeedee|62\/100\n|-enditem|p2b: Indeedee|Eject Button\n|\n|t:|1700942901\n|switch|p2b: Flamigo|Flamigo, M|100\/100\n|-copyboost|p2b: Flamigo|p2a: Armarouge|[from] ability: Costar\n|\n|upkeep\n|turn|2\n|\n|t:|1700942921\n|-terastallize|p2b: Flamigo|Dark\n|move|p1b: Dragonite|Extreme Speed|p2a: Armarouge\n|-activate|p2a: Armarouge|move: Psychic Terrain\n|move|p1a: Chien-Pao|Ice Shard|p2b: Flamigo\n|-activate|p2b: Flamigo|move: Psychic Terrain\n|move|p2b: Flamigo|Throat Chop|p1b: Dragonite\n|-damage|p1b: Dragonite|40\/100\n|-start|p1b: Dragonite|Throat Chop|[silent]\n|move|p2a: Armarouge|Heat Wave|p1b: Dragonite|[spread] p1a,p1b\n|-supereffective|p1a: Chien-Pao\n|-crit|p1a: Chien-Pao\n|-enditem|p1a: Chien-Pao|Focus Sash\n|-damage|p1a: Chien-Pao|1\/100\n|-damage|p1b: Dragonite|0 fnt\n|faint|p1b: Dragonite\n|\n|upkeep\n|\n|t:|1700942935\n|switch|p1b: Rillaboom|Rillaboom, F|100\/100\n|-fieldstart|move: Grassy Terrain|[from] ability: Grassy Surge|[of] p1b: Rillaboom\n|turn|3\n|\n|t:|1700942946\n|switch|p2b: Indeedee|Indeedee-F, F|62\/100\n|-fieldstart|move: Psychic Terrain|[from] ability: Psychic Surge|[of] p2b: Indeedee\n|move|p2a: Armarouge|Endure|p2a: Armarouge\n|-singleturn|p2a: Armarouge|move: Endure\n|move|p1b: Rillaboom|Fake Out|p2b: Indeedee\n|-activate|p2b: Indeedee|move: Psychic Terrain\n|move|p1a: Chien-Pao|Ice Shard|p2a: Armarouge\n|-activate|p2a: Armarouge|move: Psychic Terrain\n|\n|upkeep\n|turn|4\n|\n|t:|1700942965\n|switch|p1a: Walking Wake|Walking Wake|100\/100\n|switch|p1b: Tornadus|Tornadus, M|100\/100\n|move|p2b: Indeedee|Follow Me|p2b: Indeedee\n|-singleturn|p2b: Indeedee|move: Follow Me\n|move|p2a: Armarouge|Heat Wave|p1b: Tornadus|[spread] p1a,p1b\n|-resisted|p1a: Walking Wake\n|-damage|p1a: Walking Wake|78\/100\n|-damage|p1b: Tornadus|22\/100\n|\n|upkeep\n|turn|5\n|\n|t:|1700942982\n|switch|p1b: Rillaboom|Rillaboom, F|100\/100\n|-fieldstart|move: Grassy Terrain|[from] ability: Grassy Surge|[of] p1b: Rillaboom\n|move|p2b: Indeedee|Follow Me|p2b: Indeedee\n|-singleturn|p2b: Indeedee|move: Follow Me\n|move|p1a: Walking Wake|Aqua Jet|p2b: Indeedee\n|-damage|p2b: Indeedee|49\/100\n|-damage|p1a: Walking Wake|68\/100|[from] item: Life Orb\n|move|p2a: Armarouge|Expanding Force|p1b: Rillaboom\n|-damage|p1b: Rillaboom|1\/100\n|\n|-heal|p2a: Armarouge|7\/100|[from] Grassy Terrain\n|-heal|p1a: Walking Wake|75\/100|[from] Grassy Terrain\n|-heal|p1b: Rillaboom|7\/100|[from] Grassy Terrain\n|-heal|p1b: Rillaboom|13\/100|[from] item: Leftovers\n|-heal|p2b: Indeedee|55\/100|[from] Grassy Terrain\n|upkeep\n|turn|6\n|inactive|BuggsMcFuckz has 120 seconds left.\n|\n|t:|1700943015\n|switch|p2b: Iron Bundle|Iron Bundle|100\/100\n|move|p2a: Armarouge|Endure|p2a: Armarouge\n|-singleturn|p2a: Armarouge|move: Endure\n|move|p1b: Rillaboom|Grassy Glide|p2a: Armarouge\n|-resisted|p2a: Armarouge\n|-activate|p2a: Armarouge|move: Endure\n|-damage|p2a: Armarouge|1\/100\n|-ability|p2a: Armarouge|Weak Armor|boost\n|-unboost|p2a: Armarouge|def|1\n|-boost|p2a: Armarouge|spe|2\n|move|p1a: Walking Wake|Hydro Steam|p2b: Iron Bundle\n|-resisted|p2b: Iron Bundle\n|-damage|p2b: Iron Bundle|45\/100\n|-damage|p1a: Walking Wake|65\/100|[from] item: Life Orb\n|\n|-heal|p2a: Armarouge|7\/100|[from] Grassy Terrain\n|-heal|p2b: Iron Bundle|51\/100|[from] Grassy Terrain\n|-heal|p1a: Walking Wake|71\/100|[from] Grassy Terrain\n|-heal|p1b: Rillaboom|19\/100|[from] Grassy Terrain\n|-heal|p1b: Rillaboom|26\/100|[from] item: Leftovers\n|upkeep\n|turn|7\n|\n|t:|1700943040\n|-end|p2b: Iron Bundle|Quark Drive|[silent]\n|switch|p2b: Indeedee|Indeedee-F, F|55\/100\n|-fieldstart|move: Psychic Terrain|[from] ability: Psychic Surge|[of] p2b: Indeedee\n|switch|p1b: Chien-Pao|Chien-Pao|1\/100\n|-ability|p1b: Chien-Pao|Sword of Ruin\n|move|p2a: Armarouge|Expanding Force|p1a: Walking Wake|[spread] p1a\n|-immune|p1b: Chien-Pao\n|-damage|p1a: Walking Wake|0 fnt\n|faint|p1a: Walking Wake\n|-end|p1a: Walking Wake|Protosynthesis|[silent]\n|\n|upkeep\n|inactive|wiztyga has 120 seconds left.\n|\n|t:|1700943052\n|switch|p1a: Rillaboom|Rillaboom, F|26\/100\n|-fieldstart|move: Grassy Terrain|[from] ability: Grassy Surge|[of] p1a: Rillaboom\n|turn|8\n|\n|t:|1700943072\n|move|p2b: Indeedee|Follow Me|p2b: Indeedee\n|-singleturn|p2b: Indeedee|move: Follow Me\n|move|p1a: Rillaboom|Grassy Glide|p2b: Indeedee\n|-damage|p2b: Indeedee|7\/100\n|move|p2a: Armarouge|Heat Wave|p1a: Rillaboom|[spread] p1a,p1b\n|-supereffective|p1a: Rillaboom\n|-supereffective|p1b: Chien-Pao\n|-damage|p1a: Rillaboom|0 fnt\n|-damage|p1b: Chien-Pao|0 fnt\n|faint|p1a: Rillaboom\n|faint|p1b: Chien-Pao\n|\n|-heal|p2a: Armarouge|13\/100|[from] Grassy Terrain\n|-heal|p2b: Indeedee|13\/100|[from] Grassy Terrain\n|upkeep\n|\n|t:|1700943084\n|switch|p1b: Typhlosion|Typhlosion-Hisui, F|100\/100\n|switch|p1a: Tornadus|Tornadus, M|22\/100\n|turn|9\n|\n|t:|1700943098\n|switch|p2b: Flamigo|Flamigo, M, tera:Dark|100\/100\n|-copyboost|p2b: Flamigo|p2a: Armarouge|[from] ability: Costar\n|move|p2a: Armarouge|Endure|p2a: Armarouge\n|-singleturn|p2a: Armarouge|move: Endure\n|move|p1a: Tornadus|Sunny Day|p1a: Tornadus\n|-weather|SunnyDay\n|move|p1b: Typhlosion|Eruption|p2b: Flamigo|[spread] p2a,p2b\n|-resisted|p2a: Armarouge\n|-activate|p2a: Armarouge|move: Endure\n|-damage|p2a: Armarouge|1\/100\n|-enditem|p2b: Flamigo|Focus Sash\n|-damage|p2b: Flamigo|1\/100\n|\n|-weather|SunnyDay|[upkeep]\n|-heal|p2b: Flamigo|7\/100|[from] Grassy Terrain\n|-heal|p2a: Armarouge|7\/100|[from] Grassy Terrain\n|upkeep\n|turn|10\n|\n|t:|1700943116\n|move|p1a: Tornadus|Tailwind|p1a: Tornadus\n|-sidestart|p1: wiztyga|move: Tailwind\n|move|p2b: Flamigo|Throat Chop|p1b: Typhlosion\n|-supereffective|p1b: Typhlosion\n|-damage|p1b: Typhlosion|0 fnt\n|faint|p1b: Typhlosion\n|move|p2a: Armarouge|Armor Cannon|p1a: Tornadus\n|-damage|p1a: Tornadus|0 fnt\n|-unboost|p2a: Armarouge|def|1\n|-unboost|p2a: Armarouge|spd|1\n|faint|p1a: Tornadus\n|\n|win|BuggsMcFuckz\n|raw|wiztyga's rating: 1258 &rarr; <strong>1245<\/strong><br \/>(-13 for losing)\n|raw|BuggsMcFuckz's rating: 1432 &rarr; <strong>1443<\/strong><br \/>(+11 for winning)\n|l|\u2606wiztyga\n","uploadtime":1700943134,"views":9,"p1id":"wiztyga","p2id":"buggsmcfuckz","formatid":"gen9doublesou","rating":1245,"private":0,"password":""}