{"id":"gen9doublesou-1983690677","p1":"Jooooddd","p2":"CaptainDystopia","format":"[Gen 9] Doubles OU","log":"|j|\u2606Jooooddd\n|j|\u203dCaptainDystopia\n|t:|1699161563\n|gametype|doubles\n|player|p1|Jooooddd|102|1448\n|player|p2|CaptainDystopia|169|1631\n|teamsize|p1|6\n|teamsize|p2|6\n|gen|9\n|tier|[Gen 9] Doubles OU\n|rated|\n|rule|Species Clause: Limit one of each Pok\u00e9mon\n|rule|OHKO Clause: OHKO moves are banned\n|rule|Evasion Moves Clause: Evasion moves are banned\n|rule|Gravity Sleep Clause: The combination of sleep-inducing moves with imperfect accuracy and Gravity or Gigantamax Orbeetle are banned\n|rule|Endless Battle Clause: Forcing endless battles is banned\n|rule|HP Percentage Mod: HP is shown in percentages\n|clearpoke\n|poke|p1|Snorlax, F|\n|poke|p1|Sinistcha|\n|poke|p1|Landorus-Therian, M|\n|poke|p1|Iron Hands|\n|poke|p1|Clefairy, M|\n|poke|p1|Kommo-o, F|\n|poke|p2|Dusclops, M|\n|poke|p2|Garganacl, F|\n|poke|p2|Glimmora, F|\n|poke|p2|Sylveon, F|\n|poke|p2|Arcanine-Hisui, M|\n|poke|p2|Iron Hands|\n|teampreview\n|inactive|Battle timer is ON: inactive players will automatically lose when time's up. (requested by Jooooddd)\n|inactive|CaptainDystopia has 120 seconds left.\n|\n|t:|1699161595\n|start\n|switch|p1a: Kommo-o|Kommo-o, F|100\/100\n|switch|p1b: Landorus|Landorus-Therian, M|100\/100\n|switch|p2a: Glimmora|Glimmora, F|100\/100\n|switch|p2b: Arcanine|Arcanine-Hisui, M, shiny|100\/100\n|-ability|p1b: Landorus|Intimidate|boost\n|-unboost|p2a: Glimmora|atk|1\n|-unboost|p2b: Arcanine|atk|1\n|turn|1\n|\n|t:|1699161615\n|move|p1b: Landorus|Stomping Tantrum|p2b: Arcanine\n|-supereffective|p2b: Arcanine\n|-damage|p2b: Arcanine|0 fnt\n|faint|p2b: Arcanine\n|move|p2a: Glimmora|Mortal Spin|p1a: Kommo-o|[spread] p1a,p1b\n|-resisted|p1b: Landorus\n|-damage|p1a: Kommo-o|98\/100\n|-damage|p1b: Landorus|99\/100\n|-status|p1a: Kommo-o|psn\n|-status|p1b: Landorus|psn\n|move|p1a: Kommo-o|Clangorous Soul|p1a: Kommo-o\n|-boost|p1a: Kommo-o|atk|1\n|-boost|p1a: Kommo-o|def|1\n|-boost|p1a: Kommo-o|spa|1\n|-boost|p1a: Kommo-o|spd|1\n|-boost|p1a: Kommo-o|spe|1\n|-damage|p1a: Kommo-o|65\/100 psn\n|-enditem|p1a: Kommo-o|Throat Spray\n|-boost|p1a: Kommo-o|spa|1|[from] item: Throat Spray\n|\n|-damage|p1b: Landorus|86\/100 psn|[from] psn\n|-damage|p1a: Kommo-o|53\/100 psn|[from] psn\n|upkeep\n|\n|t:|1699161632\n|switch|p2b: Garganacl|Garganacl, F|100\/100\n|turn|2\n|\n|t:|1699161653\n|-terastallize|p2b: Garganacl|Ghost\n|move|p2a: Glimmora|Protect|p2a: Glimmora\n|-singleturn|p2a: Glimmora|Protect\n|move|p1b: Landorus|Stomping Tantrum|p2b: Garganacl\n|-damage|p2b: Garganacl|68\/100\n|move|p1a: Kommo-o|Flash Cannon|p2a: Glimmora\n|-activate|p2a: Glimmora|move: Protect\n|move|p2b: Garganacl|Salt Cure|p1a: Kommo-o\n|-resisted|p1a: Kommo-o\n|-damage|p1a: Kommo-o|49\/100 psn\n|-start|p1a: Kommo-o|Salt Cure\n|\n|-heal|p2b: Garganacl|74\/100|[from] item: Leftovers\n|-damage|p1b: Landorus|74\/100 psn|[from] psn\n|-damage|p1a: Kommo-o|36\/100 psn|[from] psn\n|-damage|p1a: Kommo-o|24\/100 psn|[from] Salt Cure\n|upkeep\n|turn|3\n|\n|t:|1699161676\n|switch|p2a: Iron Hands|Iron Hands|100\/100\n|move|p1b: Landorus|Stomping Tantrum|p2a: Iron Hands\n|-supereffective|p2a: Iron Hands\n|-damage|p2a: Iron Hands|43\/100\n|move|p1a: Kommo-o|Flash Cannon|p2a: Iron Hands\n|-resisted|p2a: Iron Hands\n|-crit|p2a: Iron Hands\n|-damage|p2a: Iron Hands|28\/100\n|move|p2b: Garganacl|Recover|p2b: Garganacl\n|-heal|p2b: Garganacl|100\/100\n|\n|-damage|p1b: Landorus|61\/100 psn|[from] psn\n|-damage|p1a: Kommo-o|12\/100 psn|[from] psn\n|-damage|p1a: Kommo-o|0 fnt|[from] Salt Cure\n|faint|p1a: Kommo-o\n|upkeep\n|inactive|Jooooddd has 120 seconds left.\n|\n|t:|1699161697\n|switch|p1a: Snorlax|Snorlax, F|100\/100\n|turn|4\n|\n|t:|1699161706\n|move|p2a: Iron Hands|Fake Out|p1b: Landorus\n|-damage|p1b: Landorus|46\/100 psn\n|cant|p1b: Landorus|flinch\n|move|p2b: Garganacl|Iron Defense|p2b: Garganacl\n|-boost|p2b: Garganacl|def|2\n|move|p1a: Snorlax|Belly Drum|p1a: Snorlax\n|-damage|p1a: Snorlax|50\/100\n|-setboost|p1a: Snorlax|atk|6|[from] move: Belly Drum\n|-enditem|p1a: Snorlax|Sitrus Berry|[eat]\n|-heal|p1a: Snorlax|75\/100|[from] item: Sitrus Berry\n|\n|-damage|p1b: Landorus|33\/100 psn|[from] psn\n|upkeep\n|turn|5\n|\n|t:|1699161721\n|move|p1b: Landorus|Stomping Tantrum|p2a: Iron Hands\n|-supereffective|p2a: Iron Hands\n|-damage|p2a: Iron Hands|0 fnt\n|faint|p2a: Iron Hands\n|-end|p2a: Iron Hands|Quark Drive|[silent]\n|move|p2b: Garganacl|Salt Cure|p1a: Snorlax\n|-damage|p1a: Snorlax|64\/100\n|-start|p1a: Snorlax|Salt Cure\n|move|p1a: Snorlax|High Horsepower|p2b: Garganacl\n|-damage|p2b: Garganacl|62\/100\n|\n|-heal|p2b: Garganacl|69\/100|[from] item: Leftovers\n|-damage|p1b: Landorus|21\/100 psn|[from] psn\n|-damage|p1a: Snorlax|52\/100|[from] Salt Cure\n|upkeep\n|\n|t:|1699161739\n|switch|p2a: Dusclops|Dusclops, M|100\/100\n|-item|p1b: Landorus|Choice Scarf|[from] ability: Frisk|[of] p2a: Dusclops|[identify]\n|turn|6\n|\n|t:|1699161755\n|move|p1b: Landorus|Stomping Tantrum|p2b: Garganacl\n|-damage|p2b: Garganacl|53\/100\n|move|p2b: Garganacl|Recover|p2b: Garganacl\n|-heal|p2b: Garganacl|100\/100\n|move|p1a: Snorlax|High Horsepower|p2b: Garganacl\n|-damage|p2b: Garganacl|62\/100\n|move|p2a: Dusclops|Will-O-Wisp|p1a: Snorlax\n|-status|p1a: Snorlax|brn\n|\n|-heal|p2b: Garganacl|69\/100|[from] item: Leftovers\n|-damage|p1b: Landorus|8\/100 psn|[from] psn\n|-damage|p1a: Snorlax|46\/100 brn|[from] brn\n|-damage|p1a: Snorlax|34\/100 brn|[from] Salt Cure\n|upkeep\n|turn|7\n|\n|t:|1699161777\n|move|p1b: Landorus|Stomping Tantrum|p2a: Dusclops\n|-damage|p2a: Dusclops|75\/100\n|move|p2b: Garganacl|Iron Defense|p2b: Garganacl\n|-boost|p2b: Garganacl|def|2\n|move|p1a: Snorlax|High Horsepower|p2a: Dusclops\n|-damage|p2a: Dusclops|40\/100\n|move|p2a: Dusclops|Trick Room|p2a: Dusclops\n|-fieldstart|move: Trick Room|[of] p2a: Dusclops\n|\n|-heal|p2b: Garganacl|75\/100|[from] item: Leftovers\n|-damage|p1b: Landorus|0 fnt|[from] psn\n|faint|p1b: Landorus\n|-damage|p1a: Snorlax|28\/100 brn|[from] brn\n|-damage|p1a: Snorlax|15\/100 brn|[from] Salt Cure\n|upkeep\n|\n|t:|1699161786\n|switch|p1b: Sinistcha|Sinistcha|100\/100\n|-heal|p1a: Snorlax|40\/100 brn|[from] ability: Hospitality|[of] p1b: Sinistcha\n|turn|8\n|\n|t:|1699161795\n|move|p2a: Dusclops|Pain Split|p1b: Sinistcha\n|-sethp|p1b: Sinistcha|66\/100|[from] move: Pain Split|[silent]\n|-sethp|p2a: Dusclops|84\/100|[from] move: Pain Split\n|move|p1a: Snorlax|High Horsepower|p2a: Dusclops\n|-damage|p2a: Dusclops|48\/100\n|move|p2b: Garganacl|Salt Cure|p1b: Sinistcha\n|-damage|p1b: Sinistcha|55\/100\n|-start|p1b: Sinistcha|Salt Cure\n|move|p1b: Sinistcha|Matcha Gotcha|p2a: Dusclops|[spread] p2a,p2b\n|-damage|p2a: Dusclops|35\/100\n|-heal|p1b: Sinistcha|60\/100|[from] drain|[of] p2a: Dusclops\n|-damage|p2b: Garganacl|58\/100\n|-heal|p1b: Sinistcha|70\/100|[from] drain|[of] p2b: Garganacl\n|\n|-heal|p2b: Garganacl|64\/100|[from] item: Leftovers\n|-heal|p1b: Sinistcha|76\/100|[from] item: Leftovers\n|-damage|p1a: Snorlax|34\/100 brn|[from] brn\n|-damage|p1a: Snorlax|22\/100 brn|[from] Salt Cure\n|-damage|p1b: Sinistcha|64\/100|[from] Salt Cure\n|upkeep\n|turn|9\n|\n|t:|1699161820\n|move|p2a: Dusclops|Curse|p1b: Sinistcha\n|-start|p1b: Sinistcha|Curse|[of] p2a: Dusclops\n|-damage|p2a: Dusclops|0 fnt\n|faint|p2a: Dusclops\n|move|p1a: Snorlax|High Horsepower|p2b: Garganacl\n|-damage|p2b: Garganacl|50\/100\n|move|p2b: Garganacl|Iron Defense|p2b: Garganacl\n|-boost|p2b: Garganacl|def|2\n|move|p1b: Sinistcha|Matcha Gotcha|p2b: Garganacl\n|-damage|p2b: Garganacl|29\/100\n|-heal|p1b: Sinistcha|76\/100|[from] drain|[of] p2b: Garganacl\n|\n|-heal|p2b: Garganacl|35\/100|[from] item: Leftovers\n|-heal|p1b: Sinistcha|82\/100|[from] item: Leftovers\n|-damage|p1a: Snorlax|16\/100 brn|[from] brn\n|-damage|p1b: Sinistcha|57\/100|[from] Curse\n|-damage|p1a: Snorlax|3\/100 brn|[from] Salt Cure\n|-damage|p1b: Sinistcha|45\/100|[from] Salt Cure\n|upkeep\n|inactive|CaptainDystopia has 120 seconds left.\n|\n|t:|1699161841\n|switch|p2a: Glimmora|Glimmora, F|100\/100\n|turn|10\n|\n|t:|1699161847\n|move|p2b: Garganacl|Protect|p2b: Garganacl\n|-singleturn|p2b: Garganacl|Protect\n|move|p2a: Glimmora|Protect|p2a: Glimmora\n|-singleturn|p2a: Glimmora|Protect\n|move|p1a: Snorlax|High Horsepower|p2a: Glimmora\n|-activate|p2a: Glimmora|move: Protect\n|move|p1b: Sinistcha|Matcha Gotcha|p2a: Glimmora|[spread] \n|-activate|p2a: Glimmora|move: Protect\n|-activate|p2b: Garganacl|move: Protect\n|\n|-heal|p2b: Garganacl|41\/100|[from] item: Leftovers\n|-heal|p1b: Sinistcha|51\/100|[from] item: Leftovers\n|-damage|p1a: Snorlax|0 fnt|[from] brn\n|faint|p1a: Snorlax\n|-damage|p1b: Sinistcha|26\/100|[from] Curse\n|-damage|p1b: Sinistcha|14\/100|[from] Salt Cure\n|upkeep\n|\n|t:|1699161854\n|switch|p1a: Iron Hands|Iron Hands|100\/100\n|turn|11\n|\n|t:|1699161864\n|move|p2b: Garganacl|Recover|p2b: Garganacl\n|-heal|p2b: Garganacl|91\/100\n|move|p1a: Iron Hands|Wild Charge|p2b: Garganacl\n|-damage|p2b: Garganacl|82\/100\n|-damage|p1a: Iron Hands|98\/100|[from] Recoil\n|move|p1b: Sinistcha|Matcha Gotcha|p2b: Garganacl|[spread] p2a,p2b\n|-damage|p2a: Glimmora|67\/100\n|-heal|p1b: Sinistcha|29\/100|[from] drain|[of] p2a: Glimmora\n|-damage|p2b: Garganacl|65\/100\n|-heal|p1b: Sinistcha|39\/100|[from] drain|[of] p2b: Garganacl\n|move|p2a: Glimmora|Mortal Spin|p1a: Iron Hands|[spread] p1a,p1b\n|-damage|p1a: Iron Hands|95\/100\n|-damage|p1b: Sinistcha|34\/100\n|-status|p1a: Iron Hands|psn\n|-status|p1b: Sinistcha|psn\n|\n|-heal|p2b: Garganacl|71\/100|[from] item: Leftovers\n|-heal|p1a: Iron Hands|100\/100 psn|[from] item: Leftovers\n|-heal|p1b: Sinistcha|40\/100 psn|[from] item: Leftovers\n|-damage|p1a: Iron Hands|88\/100 psn|[from] psn\n|-damage|p1b: Sinistcha|28\/100 psn|[from] psn\n|-damage|p1b: Sinistcha|3\/100 psn|[from] Curse\n|-damage|p1b: Sinistcha|0 fnt|[from] Salt Cure\n|faint|p1b: Sinistcha\n|-fieldend|move: Trick Room\n|upkeep\n|-message|Jooooddd forfeited.\n|\n|win|CaptainDystopia\n|raw|Jooooddd's rating: 1448 &rarr; <strong>1438<\/strong><br \/>(-10 for losing)\n|raw|CaptainDystopia's rating: 1631 &rarr; <strong>1641<\/strong><br \/>(+10 for winning)\n|l|\u2606Jooooddd\n","uploadtime":1699161899,"views":11,"p1id":"jooooddd","p2id":"captaindystopia","formatid":"gen9doublesou","rating":1438,"private":0,"password":""}