{"id":"gen9doublesou-1991469442","p1":"DreamyFleur","p2":"Buzzpeep","format":"[Gen 9] Doubles OU","log":"|j|\u2606DreamyFleur\n|j|\u2606Buzzpeep\n|inactive|Battle timer is ON: inactive players will automatically lose when time's up.\n|t:|1700079843\n|gametype|doubles\n|player|p1|DreamyFleur|tulip|\n|player|p2|Buzzpeep|proton|\n|teamsize|p1|6\n|teamsize|p2|6\n|gen|9\n|tier|[Gen 9] Doubles OU\n|rated|Tournament battle\n|rule|Species Clause: Limit one of each Pok\u00e9mon\n|rule|OHKO Clause: OHKO moves are banned\n|rule|Evasion Moves Clause: Evasion moves are banned\n|rule|Gravity Sleep Clause: The combination of sleep-inducing moves with imperfect accuracy and Gravity or Gigantamax Orbeetle are banned\n|rule|Endless Battle Clause: Forcing endless battles is banned\n|rule|HP Percentage Mod: HP is shown in percentages\n|clearpoke\n|poke|p1|Houndoom, M|\n|poke|p1|Corviknight, M|\n|poke|p1|Avalugg-Hisui, M|\n|poke|p1|Sinistcha|\n|poke|p1|Gliscor, M|\n|poke|p1|Kingambit, F|\n|poke|p2|Gumshoos, M|\n|poke|p2|Charmander, F|\n|poke|p2|Dragalge, F|\n|poke|p2|Pyroar, F|\n|poke|p2|Dragonite, F|\n|poke|p2|Empoleon, F|\n|teampreview\n|j|*Lady Monita \u2746\n|inactive|DreamyFleur also wants the timer to be on.\n|c|\u2606DreamyFleur|glhf!\n|j| Brendon rulzs\n|\n|t:|1700079858\n|start\n|switch|p1a: Houndoom|Houndoom, M, shiny|100\/100\n|switch|p1b: Gliscor|Gliscor, M, shiny|100\/100\n|switch|p2a: Charmander|Charmander, F|100\/100\n|switch|p2b: Pyroar|Pyroar, F|100\/100\n|-ability|p2b: Pyroar|Unnerve\n|turn|1\n|\n|t:|1700079870\n|move|p1a: Houndoom|Protect|p1a: Houndoom\n|-singleturn|p1a: Houndoom|Protect\n|move|p2b: Pyroar|Hyper Voice|p1a: Houndoom|[spread] p1b\n|-activate|p1a: Houndoom|move: Protect\n|-damage|p1b: Gliscor|54\/100\n|-enditem|p2b: Pyroar|Throat Spray\n|-boost|p2b: Pyroar|spa|1|[from] item: Throat Spray\n|move|p1b: Gliscor|Earthquake|p2b: Pyroar|[spread] p2a,p2b\n|-activate|p1a: Houndoom|move: Protect\n|-supereffective|p2a: Charmander\n|-supereffective|p2b: Pyroar\n|-enditem|p2a: Charmander|Focus Sash\n|-damage|p2a: Charmander|1\/100\n|-damage|p2b: Pyroar|16\/100\n|move|p2a: Charmander|Dragon Dance|p2a: Charmander\n|-boost|p2a: Charmander|atk|1\n|-boost|p2a: Charmander|spe|1\n|\n|-status|p1b: Gliscor|tox|[from] item: Toxic Orb\n|upkeep\n|turn|2\n|j| Gyarikkuho3\n|\n|t:|1700079891\n|move|p1b: Gliscor|Protect|p1b: Gliscor\n|-singleturn|p1b: Gliscor|Protect\n|move|p2b: Pyroar|Hyper Voice|p1a: Houndoom|[spread] p1a\n|-activate|p1b: Gliscor|move: Protect\n|-damage|p1a: Houndoom|35\/100\n|move|p2a: Charmander|Flare Blitz|p1b: Gliscor\n|-activate|p1b: Gliscor|move: Protect\n|move|p1a: Houndoom|Dark Pulse|p2a: Charmander\n|-damage|p2a: Charmander|0 fnt\n|faint|p2a: Charmander\n|\n|-heal|p1b: Gliscor|66\/100 tox|[from] ability: Poison Heal\n|upkeep\n|\n|t:|1700079898\n|switch|p2a: Dragonite|Dragonite, F|100\/100\n|turn|3\n|\n|t:|1700079910\n|switch|p1b: Corviknight|Corviknight, M, shiny|100\/100\n|-ability|p1b: Corviknight|Pressure\n|move|p1a: Houndoom|Protect|p1a: Houndoom\n|-singleturn|p1a: Houndoom|Protect\n|move|p2b: Pyroar|Hyper Voice|p1a: Houndoom|[spread] p1b\n|-activate|p1a: Houndoom|move: Protect\n|-resisted|p1b: Corviknight\n|-damage|p1b: Corviknight|79\/100\n|move|p2a: Dragonite|Dragon Dance|p2a: Dragonite\n|-boost|p2a: Dragonite|atk|1\n|-boost|p2a: Dragonite|spe|1\n|\n|-heal|p1b: Corviknight|85\/100|[from] item: Leftovers\n|upkeep\n|turn|4\n|l| Brendon rulzs\n|\n|t:|1700079933\n|move|p2a: Dragonite|Extreme Speed|p1a: Houndoom\n|-damage|p1a: Houndoom|0 fnt\n|faint|p1a: Houndoom\n|move|p2b: Pyroar|Fire Blast|p1b: Corviknight\n|-supereffective|p1b: Corviknight\n|-damage|p1b: Corviknight|0 fnt\n|faint|p1b: Corviknight\n|\n|upkeep\n|j| Im dumb srly\n|\n|t:|1700079939\n|switch|p1a: Avalugg|Avalugg-Hisui, M|100\/100\n|switch|p1b: Gliscor|Gliscor, M, shiny|66\/100 tox\n|turn|5\n|j| Yeet259\n|\n|t:|1700079956\n|-terastallize|p2a: Dragonite|Normal\n|move|p2a: Dragonite|Dragon Dance|p2a: Dragonite\n|-boost|p2a: Dragonite|atk|1\n|-boost|p2a: Dragonite|spe|1\n|move|p2b: Pyroar|Heat Wave|p1a: Avalugg|[spread] p1a,p1b\n|-damage|p1a: Avalugg|2\/100\n|-damage|p1b: Gliscor|0 fnt\n|faint|p1b: Gliscor\n|move|p1a: Avalugg|Ice Spinner|p2a: Dragonite\n|-damage|p2a: Dragonite|79\/100\n|\n|-heal|p2a: Dragonite|85\/100|[from] item: Leftovers\n|-heal|p1a: Avalugg|8\/100|[from] item: Leftovers\n|upkeep\n|\n|t:|1700079960\n|switch|p1b: Kingambit|Kingambit, F, shiny|100\/100\n|turn|6\n|j|^HEAVY-DUTY B0OTY\n|\n|t:|1700079971\n|-terastallize|p1b: Kingambit|Fairy\n|move|p2a: Dragonite|Stomping Tantrum|p1b: Kingambit\n|-damage|p1b: Kingambit|69\/100\n|move|p2b: Pyroar|Heat Wave|p1b: Kingambit|[spread] p1a,p1b\n|-damage|p1a: Avalugg|0 fnt\n|-damage|p1b: Kingambit|23\/100\n|faint|p1a: Avalugg\n|move|p1b: Kingambit|Tera Blast|p2a: Dragonite|[anim] Tera Blast Fairy\n|-damage|p2a: Dragonite|26\/100\n|-damage|p1b: Kingambit|13\/100|[from] item: Life Orb\n|\n|-heal|p2a: Dragonite|32\/100|[from] item: Leftovers\n|upkeep\n|\n|t:|1700079973\n|switch|p1a: Sinistcha|Sinistcha, shiny|100\/100\n|-heal|p1b: Kingambit|38\/100|[from] ability: Hospitality|[of] p1a: Sinistcha\n|turn|7\n|c|\u2606DreamyFleur|gg\n|-message|DreamyFleur forfeited.\n|\n|win|Buzzpeep\n|n|\u2606DreamyFleur|dreamyfleur\n|n|\u2606Buzzpeep|buzzpeep\n|n|*Lady Monita \u2746|ladymonita\n|n| Gyarikkuho3|gyarikkuho3\n|n| Im dumb srly|imdumbsrly\n|n| Yeet259|yeet259\n|n| HEAVY-DUTY B0OTY|heavydutyb0oty\n","uploadtime":1700079978,"views":7,"p1id":"dreamyfleur","p2id":"buzzpeep","formatid":"gen9doublesou","rating":0,"private":0,"password":""}