{"id":"gen9doublesou-1971321350","p1":"KeshBa45","p2":"banwobDPP","format":"[Gen 9] Doubles OU","log":"|j|\u2606KeshBa45\n|j|\u2606banwobDPP\n|inactive|Battle timer is ON: inactive players will automatically lose when time's up.\n|t:|1697729355\n|gametype|doubles\n|player|p1|KeshBa45|red|\n|player|p2|banwobDPP|n|\n|teamsize|p1|6\n|teamsize|p2|6\n|gen|9\n|tier|[Gen 9] Doubles OU\n|rated|Tournament battle\n|rule|Species Clause: Limit one of each Pok\u00e9mon\n|rule|OHKO Clause: OHKO moves are banned\n|rule|Evasion Moves Clause: Evasion moves are banned\n|rule|Gravity Sleep Clause: The combination of sleep-inducing moves with imperfect accuracy and Gravity or Gigantamax Orbeetle are banned\n|rule|Endless Battle Clause: Forcing endless battles is banned\n|rule|HP Percentage Mod: HP is shown in percentages\n|clearpoke\n|poke|p1|Flutter Mane|\n|poke|p1|Iron Hands|\n|poke|p1|Kingambit, F|\n|poke|p1|Amoonguss, M|\n|poke|p1|Volcanion|\n|poke|p1|Cresselia, F|\n|poke|p2|Weezing-Galar, F|\n|poke|p2|Iron Hands|\n|poke|p2|Indeedee, M|\n|poke|p2|Azelf|\n|poke|p2|Roaring Moon|\n|poke|p2|Chi-Yu|\n|teampreview\n|j|%lord death man\n|c|\u2606KeshBa45|glgl\n|inactive|banwobDPP has 120 seconds left.\n|\n|t:|1697729401\n|start\n|switch|p1a: moon song|Flutter Mane|100\/100\n|switch|p1b: punisher|Iron Hands|100\/100\n|switch|p2a: Indeedee|Indeedee, M|100\/100\n|switch|p2b: Azelf|Azelf|100\/100\n|-fieldstart|move: Psychic Terrain|[from] ability: Psychic Surge|[of] p2a: Indeedee\n|turn|1\n|inactive|KeshBa45 has 120 seconds left.\n|inactive|banwobDPP has 120 seconds left.\n|inactive|KeshBa45 has 90 seconds left.\n|inactive|KeshBa45 has 60 seconds left.\n|c|\u2606banwobDPP|u2\n|\n|t:|1697729497\n|-end|p1b: punisher|Quark Drive|[silent]\n|switch|p1b: i know the end|Kingambit, F|100\/100\n|move|p2b: Azelf|Protect|p2b: Azelf\n|-singleturn|p2b: Azelf|Protect\n|move|p2a: Indeedee|Psyshock|p1a: moon song\n|-damage|p1a: moon song|26\/100\n|move|p1a: moon song|Dazzling Gleam|p2b: Azelf|[spread] p2a\n|-activate|p2b: Azelf|move: Protect\n|-crit|p2a: Indeedee\n|-damage|p2a: Indeedee|16\/100\n|\n|upkeep\n|turn|2\n|inactive|banwobDPP has 120 seconds left.\n|\n|t:|1697729534\n|switch|p2a: Weezing|Weezing-Galar, F|100\/100\n|-ability|p2a: Weezing|Neutralizing Gas\n|switch|p2b: Iron Hands|Iron Hands|100\/100\n|-end|p1a: moon song|Protosynthesis|[silent]\n|switch|p1a: ICU|Cresselia, F|100\/100\n|move|p1b: i know the end|Protect||[still]\n|-fail|p1b: i know the end\n|\n|upkeep\n|turn|3\n|inactive|KeshBa45 has 90 seconds left.\n|inactive|banwobDPP has 120 seconds left.\n|\n|t:|1697729568\n|move|p1b: i know the end|Protect|p1b: i know the end\n|-singleturn|p1b: i know the end|Protect\n|move|p1a: ICU|Psychic|p2b: Iron Hands\n|-supereffective|p2b: Iron Hands\n|-damage|p2b: Iron Hands|63\/100\n|move|p2a: Weezing|Taunt|p1a: ICU\n|-start|p1a: ICU|move: Taunt\n|move|p2b: Iron Hands|Close Combat|p1b: i know the end\n|-activate|p1b: i know the end|move: Protect\n|\n|upkeep\n|turn|4\n|inactive|KeshBa45 has 90 seconds left.\n|inactive|banwobDPP has 120 seconds left.\n|\n|t:|1697729598\n|-end|p1b: i know the end|fallenundefined|[silent]\n|switch|p1b: savior complex|Amoonguss, M|100\/100\n|move|p1a: ICU|Psychic|p2a: Weezing\n|-supereffective|p2a: Weezing\n|-damage|p2a: Weezing|29\/100\n|move|p2a: Weezing|Taunt|p1b: savior complex\n|-start|p1b: savior complex|move: Taunt\n|move|p2b: Iron Hands|Close Combat|p1b: savior complex\n|-resisted|p1b: savior complex\n|-damage|p1b: savior complex|74\/100\n|-unboost|p2b: Iron Hands|def|1\n|-unboost|p2b: Iron Hands|spd|1\n|-damage|p2b: Iron Hands|46\/100|[from] item: Rocky Helmet|[of] p1b: savior complex\n|\n|-heal|p2a: Weezing|35\/100|[from] item: Leftovers\n|upkeep\n|turn|5\n|inactive|banwobDPP has 120 seconds left.\n|\n|t:|1697729621\n|-end|p2b: Iron Hands|Quark Drive|[silent]\n|switch|p2b: Roaring Moon|Roaring Moon|100\/100\n|-enditem|p2b: Roaring Moon|Booster Energy\n|-activate|p2b: Roaring Moon|ability: Protosynthesis|[fromitem]\n|-start|p2b: Roaring Moon|protosynthesisspe\n|switch|p1b: kyoto|Volcanion|100\/100\n|move|p2a: Weezing|Protect|p2a: Weezing\n|-singleturn|p2a: Weezing|Protect\n|move|p1a: ICU|Psychic|p2b: Roaring Moon\n|-immune|p2b: Roaring Moon\n|\n|-heal|p2a: Weezing|41\/100|[from] item: Leftovers\n|-fieldend|move: Psychic Terrain\n|upkeep\n|turn|6\n|inactive|banwobDPP has 120 seconds left.\n|\n|t:|1697729654\n|switch|p1a: punisher|Iron Hands|100\/100\n|-end|p2a: Weezing|ability: Neutralizing Gas\n|switch|p2a: Indeedee|Indeedee, M|16\/100\n|-fieldstart|move: Psychic Terrain|[from] ability: Psychic Surge|[of] p2a: Indeedee\n|move|p2b: Roaring Moon|Knock Off|p1a: punisher\n|-resisted|p1a: punisher\n|-damage|p1a: punisher|84\/100\n|-enditem|p1a: punisher|Assault Vest|[from] move: Knock Off|[of] p2b: Roaring Moon\n|move|p1b: kyoto|Steam Eruption|p2a: Indeedee|[miss]\n|-miss|p1b: kyoto|p2a: Indeedee\n|\n|upkeep\n|turn|7\n|inactive|banwobDPP has 120 seconds left.\n|inactive|banwobDPP has 90 seconds left.\n|\n|t:|1697729706\n|switch|p2a: Weezing|Weezing-Galar, F|41\/100\n|-ability|p2a: Weezing|Neutralizing Gas\n|-end|p1a: punisher|Quark Drive|[silent]\n|switch|p1a: i know the end|Kingambit, F|100\/100\n|move|p2b: Roaring Moon|Breaking Swipe|p1a: i know the end|[spread] p1a,p1b\n|-resisted|p1a: i know the end\n|-crit|p1a: i know the end\n|-damage|p1a: i know the end|87\/100\n|-damage|p1b: kyoto|81\/100\n|-unboost|p1a: i know the end|atk|1\n|-unboost|p1b: kyoto|atk|1\n|move|p1b: kyoto|Heat Wave|p2b: Roaring Moon|[spread] p2a,p2b\n|-resisted|p2b: Roaring Moon\n|-damage|p2a: Weezing|4\/100\n|-damage|p2b: Roaring Moon|83\/100\n|-status|p2a: Weezing|brn\n|\n|-heal|p2a: Weezing|10\/100 brn|[from] item: Leftovers\n|-damage|p2a: Weezing|4\/100 brn|[from] brn\n|upkeep\n|turn|8\n|inactive|KeshBa45 has 120 seconds left.\n|inactive|banwobDPP has 90 seconds left.\n|c|\u2606KeshBa45|burnt wrong one ;V\n|inactive|KeshBa45 has 90 seconds left.\n|inactive|banwobDPP has 60 seconds left.\n|inactive|KeshBa45 has 60 seconds left.\n|\n|t:|1697729782\n|-end|p1a: i know the end|fallenundefined|[silent]\n|switch|p1a: savior complex|Amoonguss, M|74\/100\n|move|p2a: Weezing|Protect|p2a: Weezing\n|-singleturn|p2a: Weezing|Protect\n|move|p2b: Roaring Moon|Knock Off|p1b: kyoto\n|-damage|p1b: kyoto|43\/100\n|-enditem|p1b: kyoto|Assault Vest|[from] move: Knock Off|[of] p2b: Roaring Moon\n|move|p1b: kyoto|Heat Wave|p2b: Roaring Moon|[spread] \n|-activate|p2a: Weezing|move: Protect\n|-miss|p1b: kyoto|p2b: Roaring Moon\n|\n|-heal|p2a: Weezing|10\/100 brn|[from] item: Leftovers\n|-damage|p2a: Weezing|4\/100 brn|[from] brn\n|upkeep\n|turn|9\n|inactive|KeshBa45 has 60 seconds left.\n|inactive|banwobDPP has 60 seconds left.\n|\n|t:|1697729825\n|-end|p2a: Weezing|ability: Neutralizing Gas\n|switch|p2a: Iron Hands|Iron Hands|46\/100\n|switch|p1a: moon song|Flutter Mane|26\/100\n|move|p2b: Roaring Moon|Knock Off|p1a: moon song\n|-damage|p1a: moon song|0 fnt\n|-enditem|p1a: moon song|Choice Specs|[from] move: Knock Off|[of] p2b: Roaring Moon\n|faint|p1a: moon song\n|-end|p1a: moon song|Protosynthesis|[silent]\n|move|p1b: kyoto|Heat Wave|p2a: Iron Hands|[spread] p2a,p2b\n|-resisted|p2b: Roaring Moon\n|-damage|p2a: Iron Hands|26\/100\n|-damage|p2b: Roaring Moon|65\/100\n|\n|upkeep\n|\n|t:|1697729833\n|switch|p1a: punisher|Iron Hands|84\/100\n|turn|10\n|inactive|banwobDPP has 60 seconds left.\n|inactive|banwobDPP has 30 seconds left.\n|\n|t:|1697729880\n|switch|p1b: savior complex|Amoonguss, M|100\/100\n|move|p2b: Roaring Moon|Breaking Swipe|p1a: punisher|[spread] p1a,p1b\n|-damage|p1a: punisher|68\/100\n|-damage|p1b: savior complex|81\/100\n|-unboost|p1a: punisher|atk|1\n|-unboost|p1b: savior complex|atk|1\n|-damage|p2b: Roaring Moon|49\/100|[from] item: Rocky Helmet|[of] p1b: savior complex\n|move|p2a: Iron Hands|Wild Charge|p1b: savior complex\n|-resisted|p1b: savior complex\n|-damage|p1b: savior complex|61\/100\n|-damage|p2a: Iron Hands|9\/100|[from] item: Rocky Helmet|[of] p1b: savior complex\n|-damage|p2a: Iron Hands|5\/100|[from] Recoil\n|move|p1a: punisher|Drain Punch|p2b: Roaring Moon\n|-supereffective|p2b: Roaring Moon\n|-damage|p2b: Roaring Moon|0 fnt\n|-heal|p1a: punisher|87\/100|[from] drain|[of] p2b: Roaring Moon\n|faint|p2b: Roaring Moon\n|-end|p2b: Roaring Moon|Protosynthesis|[silent]\n|\n|-fieldend|move: Psychic Terrain\n|upkeep\n|inactive|banwobDPP has 30 seconds left.\n|\n|t:|1697729893\n|switch|p2b: Indeedee|Indeedee, M|16\/100\n|-fieldstart|move: Psychic Terrain|[from] ability: Psychic Surge|[of] p2b: Indeedee\n|turn|11\n|inactive|KeshBa45 has 90 seconds left.\n|inactive|banwobDPP has 30 seconds left.\n|\n|t:|1697729914\n|-end|p2a: Iron Hands|Quark Drive|[silent]\n|switch|p2a: Azelf|Azelf|100\/100\n|-end|p1a: punisher|Quark Drive|[silent]\n|switch|p1a: ICU|Cresselia, F|100\/100\n|switch|p1b: i know the end|Kingambit, F|87\/100\n|-activate|p1b: i know the end|ability: Supreme Overlord\n|-start|p1b: i know the end|fallen1|[silent]\n|move|p2b: Indeedee|Healing Wish|p2b: Indeedee\n|faint|p2b: Indeedee\n|\n|upkeep\n|inactive|banwobDPP has 30 seconds left.\n|inactive|banwobDPP has 20 seconds left.\n|\n|t:|1697729929\n|switch|p2b: Weezing|Weezing-Galar, F|4\/100 brn\n|-ability|p2b: Weezing|Neutralizing Gas\n|-heal|p2b: Weezing|100\/100|[from] move: Healing Wish\n|turn|12\n|inactive|banwobDPP has 30 seconds left.\n|inactive|banwobDPP has 20 seconds left.\n|inactive|banwobDPP has 15 seconds left.\n|\n|t:|1697729963\n|-end|p1b: i know the end|fallen1|[silent]\n|switch|p1b: kyoto|Volcanion|43\/100\n|move|p2a: Azelf|Protect|p2a: Azelf\n|-singleturn|p2a: Azelf|Protect\n|move|p1a: ICU|Psychic|p2b: Weezing\n|-supereffective|p2b: Weezing\n|-damage|p2b: Weezing|20\/100\n|-unboost|p2b: Weezing|spd|1\n|move|p2b: Weezing|Taunt|p1a: ICU\n|-start|p1a: ICU|move: Taunt\n|\n|-heal|p2b: Weezing|26\/100|[from] item: Leftovers\n|upkeep\n|turn|13\n|inactive|KeshBa45 has 120 seconds left.\n|inactive|banwobDPP has 30 seconds left.\n|inactive|banwobDPP has 20 seconds left.\n|\n|t:|1697729984\n|switch|p1b: i know the end|Kingambit, F|87\/100\n|move|p2b: Weezing|Protect|p2b: Weezing\n|-singleturn|p2b: Weezing|Protect\n|move|p2a: Azelf|Expanding Force|p1a: ICU|[spread] p1a\n|-immune|p1b: i know the end\n|-resisted|p1a: ICU\n|-damage|p1a: ICU|81\/100\n|-damage|p2a: Azelf|91\/100|[from] item: Life Orb\n|move|p1a: ICU|Psychic|p2b: Weezing\n|-activate|p2b: Weezing|move: Protect\n|\n|-heal|p2b: Weezing|32\/100|[from] item: Leftovers\n|upkeep\n|turn|14\n|\n|t:|1697730000\n|-end|p2b: Weezing|ability: Neutralizing Gas\n|-activate|p1b: i know the end|ability: Supreme Overlord\n|-start|p1b: i know the end|fallen1|[silent]\n|switch|p2b: Iron Hands|Iron Hands|5\/100\n|move|p2a: Azelf|Nasty Plot|p2a: Azelf\n|-boost|p2a: Azelf|spa|2\n|move|p1a: ICU|Psychic|p2b: Iron Hands\n|-supereffective|p2b: Iron Hands\n|-damage|p2b: Iron Hands|0 fnt\n|faint|p2b: Iron Hands\n|-end|p2b: Iron Hands|Quark Drive|[silent]\n|move|p1b: i know the end|Kowtow Cleave|p2a: Azelf\n|-supereffective|p2a: Azelf\n|-damage|p2a: Azelf|0 fnt\n|faint|p2a: Azelf\n|\n|upkeep\n|\n|t:|1697730005\n|switch|p2a: Weezing|Weezing-Galar, F|32\/100\n|switch|p2b: Chi-Yu|Chi-Yu|100\/100\n|-ability|p2a: Weezing|Neutralizing Gas\n|turn|15\n|inactive|banwobDPP has 60 seconds left.\n|inactive|KeshBa45 has 120 seconds left.\n|\n|t:|1697730036\n|switch|p1a: kyoto|Volcanion|43\/100\n|move|p2a: Weezing|Protect|p2a: Weezing\n|-singleturn|p2a: Weezing|Protect\n|move|p1b: i know the end|Protect|p1b: i know the end\n|-singleturn|p1b: i know the end|Protect\n|move|p2b: Chi-Yu|Heat Wave|p1a: kyoto|[spread] p1a\n|-activate|p1b: i know the end|move: Protect\n|-resisted|p1a: kyoto\n|-damage|p1a: kyoto|35\/100\n|\n|-heal|p2a: Weezing|38\/100|[from] item: Leftovers\n|-fieldend|move: Psychic Terrain\n|upkeep\n|turn|16\n|inactive|banwobDPP has 60 seconds left.\n|\n|t:|1697730076\n|move|p2b: Chi-Yu|Dark Pulse|p1a: kyoto\n|-damage|p1a: kyoto|0 fnt\n|faint|p1a: kyoto\n|move|p2a: Weezing|Will-O-Wisp|p1b: i know the end|[miss]\n|-miss|p2a: Weezing|p1b: i know the end\n|move|p1b: i know the end|Swords Dance|p1b: i know the end\n|-boost|p1b: i know the end|atk|2\n|\n|-heal|p2a: Weezing|44\/100|[from] item: Leftovers\n|upkeep\n|\n|t:|1697730082\n|switch|p1a: punisher|Iron Hands|87\/100\n|turn|17\n|inactive|banwobDPP has 60 seconds left.\n|\n|t:|1697730105\n|move|p1b: i know the end|Protect|p1b: i know the end\n|-singleturn|p1b: i know the end|Protect\n|move|p2b: Chi-Yu|Heat Wave|p1a: punisher|[spread] p1a\n|-activate|p1b: i know the end|move: Protect\n|-damage|p1a: punisher|58\/100\n|move|p2a: Weezing|Will-O-Wisp|p1b: i know the end\n|-activate|p1b: i know the end|move: Protect\n|move|p1a: punisher|Drain Punch|p2b: Chi-Yu\n|-supereffective|p2b: Chi-Yu\n|-damage|p2b: Chi-Yu|0 fnt\n|-heal|p1a: punisher|93\/100|[from] drain|[of] p2b: Chi-Yu\n|faint|p2b: Chi-Yu\n|\n|-heal|p2a: Weezing|50\/100|[from] item: Leftovers\n|upkeep\n|turn|18\n|-message|banwobDPP forfeited.\n|\n|win|KeshBa45\n|n|\u2606KeshBa45|keshba45\n|n|\u2606banwobDPP|banwobdpp\n|n|+lord death man|lorddeathman\n","uploadtime":1697730117,"views":16,"p1id":"keshba45","p2id":"banwobdpp","formatid":"gen9doublesou","rating":0,"private":0,"password":""}