{"id":"gen9doublesou-1980881441","p1":"thegunpenguin16","p2":"Scummy strats","format":"[Gen 9] Doubles OU","log":"|j|\u2606thegunpenguin16\n|j|\u2606Scummy strats\n|t:|1698845509\n|gametype|doubles\n|player|p1|thegunpenguin16|janitor|1141\n|player|p2|Scummy strats|n|1102\n|teamsize|p1|6\n|teamsize|p2|6\n|gen|9\n|tier|[Gen 9] Doubles OU\n|rated|\n|rule|Species Clause: Limit one of each Pok\u00e9mon\n|rule|OHKO Clause: OHKO moves are banned\n|rule|Evasion Moves Clause: Evasion moves are banned\n|rule|Gravity Sleep Clause: The combination of sleep-inducing moves with imperfect accuracy and Gravity or Gigantamax Orbeetle are banned\n|rule|Endless Battle Clause: Forcing endless battles is banned\n|rule|HP Percentage Mod: HP is shown in percentages\n|clearpoke\n|poke|p1|Flutter Mane|\n|poke|p1|Goodra-Hisui, M|\n|poke|p1|Glimmora, F|\n|poke|p1|Ursaluna, F|\n|poke|p1|Volcarona, F|\n|poke|p1|Oranguru, M|\n|poke|p2|Masquerain, F|\n|poke|p2|Espeon, F|\n|poke|p2|Ogerpon, F|\n|poke|p2|Kingambit, M|\n|poke|p2|Articuno-Galar|\n|poke|p2|Lurantis, F|\n|teampreview\n|c|\u2606Scummy strats|Quite a meta team\n|c|\u2606Scummy strats|Alr\n|c|\u2606Scummy strats|Meta vs gimmick\n|\n|t:|1698845530\n|start\n|switch|p1a: fas fucker|Ursaluna, F, shiny|100\/100\n|switch|p1b: leo luster|Oranguru, M, shiny|100\/100\n|switch|p2a: Masquerain|Masquerain, F|100\/100\n|switch|p2b: Espeon|Espeon, F|100\/100\n|-ability|p2a: Masquerain|Intimidate|boost\n|-unboost|p1a: fas fucker|atk|1\n|-unboost|p1b: leo luster|atk|1\n|turn|1\n|\n|t:|1698845548\n|move|p2b: Espeon|Skill Swap|p1a: fas fucker\n|-activate|p2b: Espeon|move: Skill Swap|Guts|Magic Bounce|[of] p1a: fas fucker\n|move|p2a: Masquerain|Sticky Web|p1b: leo luster\n|move|p1a: fas fucker|Sticky Web|p2a: Masquerain|[from]ability: Magic Bounce\n|-sidestart|p2: Scummy strats|move: Sticky Web\n|move|p1a: fas fucker|Belly Drum|p1a: fas fucker\n|-damage|p1a: fas fucker|51\/100\n|-setboost|p1a: fas fucker|atk|6|[from] move: Belly Drum\n|move|p1b: leo luster|Trick Room|p1b: leo luster\n|-fieldstart|move: Trick Room|[of] p1b: leo luster\n|\n|-status|p1a: fas fucker|brn|[from] item: Flame Orb\n|upkeep\n|turn|2\n|\n|t:|1698845582\n|move|p1a: fas fucker|Facade|p2b: Espeon\n|-enditem|p2b: Espeon|Focus Sash\n|-damage|p2b: Espeon|1\/100\n|move|p1b: leo luster|Instruct|p1a: fas fucker\n|-singleturn|p1a: fas fucker|move: Instruct|[of] p1b: leo luster\n|move|p1a: fas fucker|Facade|p2b: Espeon\n|-damage|p2b: Espeon|0 fnt\n|faint|p2b: Espeon\n|move|p2a: Masquerain|Quiver Dance|p2a: Masquerain\n|-boost|p2a: Masquerain|spa|1\n|-boost|p2a: Masquerain|spd|1\n|-boost|p2a: Masquerain|spe|1\n|\n|-damage|p1a: fas fucker|45\/100 brn|[from] brn\n|upkeep\n|\n|t:|1698845605\n|switch|p2b: Articuno|Articuno-Galar|100\/100\n|-activate|p2b: Articuno|move: Sticky Web\n|-unboost|p2b: Articuno|spe|1\n|-ability|p2b: Articuno|Competitive|boost\n|-boost|p2b: Articuno|spa|2\n|turn|3\n|\n|t:|1698845628\n|move|p2b: Articuno|Freezing Glare|p1a: fas fucker\n|-damage|p1a: fas fucker|0 fnt\n|faint|p1a: fas fucker\n|move|p1b: leo luster|Instruct|p1: fas fucker|[notarget]\n|-fail|p1b: leo luster\n|move|p2a: Masquerain|Quiver Dance|p2a: Masquerain\n|-boost|p2a: Masquerain|spa|1\n|-boost|p2a: Masquerain|spd|1\n|-boost|p2a: Masquerain|spe|1\n|\n|upkeep\n|\n|t:|1698845638\n|switch|p1a: presston|Goodra-Hisui, M, shiny|100\/100\n|turn|4\n|\n|t:|1698845657\n|switch|p2b: Lurantis|Lurantis, F, shiny|100\/100\n|-activate|p2b: Lurantis|move: Sticky Web\n|-boost|p2b: Lurantis|spe|1\n|move|p1a: presston|Acid Armor|p1a: presston\n|-boost|p1a: presston|def|2\n|move|p1b: leo luster|Instruct|p1a: presston\n|-singleturn|p1a: presston|move: Instruct|[of] p1b: leo luster\n|move|p1a: presston|Acid Armor|p1a: presston\n|-boost|p1a: presston|def|2\n|move|p2a: Masquerain|Quiver Dance|p2a: Masquerain\n|-boost|p2a: Masquerain|spa|1\n|-boost|p2a: Masquerain|spd|1\n|-boost|p2a: Masquerain|spe|1\n|\n|upkeep\n|turn|5\n|\n|t:|1698845682\n|move|p1b: leo luster|Instruct|p1a: presston\n|-singleturn|p1a: presston|move: Instruct|[of] p1b: leo luster\n|move|p1a: presston|Acid Armor|p1a: presston\n|-boost|p1a: presston|def|2\n|move|p1a: presston|Body Press|p2a: Masquerain\n|-resisted|p2a: Masquerain\n|-damage|p2a: Masquerain|67\/100\n|move|p2b: Lurantis|Superpower|p1a: presston\n|-supereffective|p1a: presston\n|-damage|p1a: presston|87\/100\n|-boost|p2b: Lurantis|atk|1\n|-boost|p2b: Lurantis|def|1\n|move|p2a: Masquerain|Baton Pass|p2a: Masquerain\n|\n|t:|1698845700\n|switch|p2a: Articuno|Articuno-Galar|100\/100|[from] Baton Pass\n|-activate|p2a: Articuno|move: Sticky Web\n|-unboost|p2a: Articuno|spe|1\n|-ability|p2a: Articuno|Competitive|boost\n|-boost|p2a: Articuno|spa|2\n|\n|-fieldend|move: Trick Room\n|upkeep\n|turn|6\n|\n|t:|1698845726\n|move|p2b: Lurantis|Leaf Storm|p1a: presston\n|-resisted|p1a: presston\n|-damage|p1a: presston|81\/100\n|-boost|p2b: Lurantis|spa|2\n|move|p2a: Articuno|Shadow Ball|p1a: presston\n|-damage|p1a: presston|17\/100\n|move|p1a: presston|Body Press|p2b: Lurantis\n|-damage|p2b: Lurantis|4\/100\n|move|p1b: leo luster|Trick Room|p1b: leo luster\n|-fieldstart|move: Trick Room|[of] p1b: leo luster\n|\n|upkeep\n|turn|7\n|\n|t:|1698845754\n|-terastallize|p2a: Articuno|Ghost\n|move|p1a: presston|Rest|p1a: presston\n|-status|p1a: presston|slp|[from] move: Rest\n|-heal|p1a: presston|100\/100 slp|[silent]\n|-enditem|p1a: presston|Chesto Berry|[eat]\n|-curestatus|p1a: presston|slp|[msg]\n|move|p1b: leo luster|Reflect|p1b: leo luster\n|-sidestart|p1: thegunpenguin16|Reflect\n|move|p2a: Articuno|Trick|p1b: leo luster\n|-activate|p2a: Articuno|move: Trick|[of] p1b: leo luster\n|-item|p1b: leo luster|Iron Ball|[from] move: Trick\n|-item|p2a: Articuno|Leftovers|[from] move: Trick\n|move|p2b: Lurantis|Leaf Storm|p1b: leo luster\n|-damage|p1b: leo luster|40\/100\n|-boost|p2b: Lurantis|spa|2\n|\n|upkeep\n|turn|8\n|\n|t:|1698845788\n|move|p1b: leo luster|Instruct|p1a: presston\n|-singleturn|p1a: presston|move: Instruct|[of] p1b: leo luster\n|move|p1a: presston|Rest|p1a: presston\n|-fail|p1a: presston|heal\n|move|p1a: presston|Heavy Slam|p2a: Articuno\n|-damage|p2a: Articuno|54\/100\n|move|p2b: Lurantis|Leaf Storm|p1b: leo luster\n|-damage|p1b: leo luster|0 fnt\n|-boost|p2b: Lurantis|spa|2\n|faint|p1b: leo luster\n|move|p2a: Articuno|Shadow Ball|p1a: presston\n|-damage|p1a: presston|0 fnt\n|faint|p1a: presston\n|\n|-heal|p2a: Articuno|61\/100|[from] item: Leftovers\n|upkeep\n|\n|t:|1698845810\n|switch|p1a: the lich|Flutter Mane|100\/100\n|switch|p1b: mr white|Glimmora, F, shiny|100\/100\n|turn|9\n|\n|t:|1698845830\n|move|p1a: the lich|Protect|p1a: the lich\n|-singleturn|p1a: the lich|Protect\n|move|p1b: mr white|Mortal Spin|p2a: Articuno|[spread] p2a,p2b\n|-resisted|p2a: Articuno\n|-supereffective|p2b: Lurantis\n|-crit|p2b: Lurantis\n|-damage|p2a: Articuno|58\/100\n|-damage|p2b: Lurantis|0 fnt\n|-status|p2a: Articuno|psn\n|faint|p2b: Lurantis\n|move|p2a: Articuno|Shadow Ball|p1a: the lich\n|-activate|p1a: the lich|move: Protect\n|\n|-heal|p2a: Articuno|64\/100 psn|[from] item: Leftovers\n|-damage|p2a: Articuno|52\/100 psn|[from] psn\n|upkeep\n|\n|t:|1698845844\n|switch|p2b: Kingambit|Kingambit, M|100\/100\n|-activate|p2b: Kingambit|move: Sticky Web\n|-unboost|p2b: Kingambit|spe|1\n|-ability|p2b: Kingambit|Defiant|boost\n|-boost|p2b: Kingambit|atk|2\n|turn|10\n|\n|t:|1698845866\n|move|p1b: mr white|Spiky Shield|p1b: mr white\n|-singleturn|p1b: mr white|move: Protect\n|move|p2b: Kingambit|Kowtow Cleave|p1a: the lich\n|-damage|p1a: the lich|0 fnt\n|faint|p1a: the lich\n|-end|p1a: the lich|Protosynthesis|[silent]\n|move|p2a: Articuno|Shadow Ball|p1b: mr white\n|-activate|p1b: mr white|move: Protect\n|\n|-heal|p2a: Articuno|58\/100 psn|[from] item: Leftovers\n|-damage|p2a: Articuno|46\/100 psn|[from] psn\n|-fieldend|move: Trick Room\n|upkeep\n|\n|t:|1698845879\n|switch|p1a: the sun|Volcarona, F, shiny|100\/100\n|turn|11\n|\n|t:|1698845904\n|-terastallize|p1a: the sun|Bug\n|move|p2b: Kingambit|Protect|p2b: Kingambit\n|-singleturn|p2b: Kingambit|Protect\n|move|p2a: Articuno|Air Cutter|p1b: mr white|[spread] p1a,p1b\n|-supereffective|p1a: the sun\n|-resisted|p1b: mr white\n|-damage|p1a: the sun|0 fnt\n|-damage|p1b: mr white|36\/100\n|faint|p1a: the sun\n|move|p1b: mr white|Venoshock|p2a: Articuno\n|-resisted|p2a: Articuno\n|-damage|p2a: Articuno|32\/100 psn\n|\n|-heal|p2a: Articuno|39\/100 psn|[from] item: Leftovers\n|-damage|p2a: Articuno|26\/100 psn|[from] psn\n|-sideend|p1: thegunpenguin16|Reflect\n|upkeep\n|turn|12\n|\n|t:|1698845923\n|move|p1b: mr white|Spiky Shield|p1b: mr white\n|-singleturn|p1b: mr white|move: Protect\n|move|p2a: Articuno|Freezing Glare|p1b: mr white\n|-activate|p1b: mr white|move: Protect\n|move|p2b: Kingambit|Kowtow Cleave|p1b: mr white\n|-activate|p1b: mr white|move: Protect\n|-damage|p2b: Kingambit|88\/100|[from] Spiky Shield|[of] p1b: mr white\n|\n|-heal|p2a: Articuno|32\/100 psn|[from] item: Leftovers\n|-damage|p2a: Articuno|20\/100 psn|[from] psn\n|upkeep\n|turn|13\n|c|\u2606Scummy strats|Ggs\n|\n|t:|1698845941\n|move|p2a: Articuno|Freezing Glare|p1b: mr white\n|-supereffective|p1b: mr white\n|-damage|p1b: mr white|0 fnt\n|faint|p1b: mr white\n|\n|win|Scummy strats\n|raw|thegunpenguin16's rating: 1141 &rarr; <strong>1113<\/strong><br \/>(-28 for losing)\n|raw|Scummy strats's rating: 1102 &rarr; <strong>1130<\/strong><br \/>(+28 for winning)\n|c|\u2606Scummy strats|Wp\n|l|\u2606thegunpenguin16\n","uploadtime":1698845953,"views":20,"p1id":"thegunpenguin16","p2id":"scummystrats","formatid":"gen9doublesou","rating":1113,"private":0,"password":""}