{"id":"gen9doublesou-1974582362","p1":"MasterHand","p2":"Elite Five Member","format":"[Gen 9] Doubles OU","log":"|j|\u2606MasterHand\n|j|\u2606Elite Five Member\n|t:|1698099509\n|gametype|doubles\n|player|p1|MasterHand|volkner|1231\n|player|p2|Elite Five Member|265|1126\n|teamsize|p1|6\n|teamsize|p2|6\n|gen|9\n|tier|[Gen 9] Doubles OU\n|rated|\n|rule|Species Clause: Limit one of each Pok\u00e9mon\n|rule|OHKO Clause: OHKO moves are banned\n|rule|Evasion Moves Clause: Evasion moves are banned\n|rule|Gravity Sleep Clause: The combination of sleep-inducing moves with imperfect accuracy and Gravity or Gigantamax Orbeetle are banned\n|rule|Endless Battle Clause: Forcing endless battles is banned\n|rule|HP Percentage Mod: HP is shown in percentages\n|clearpoke\n|poke|p1|Oranguru, F|\n|poke|p1|Bronzong|\n|poke|p1|Cresselia, F|\n|poke|p1|Farigiraf, F|\n|poke|p1|Iron Hands|\n|poke|p1|Garganacl, M|\n|poke|p2|Alomomola, M|\n|poke|p2|Hawlucha, F|\n|poke|p2|Thundurus-Therian, M|\n|poke|p2|Iron Treads|\n|poke|p2|Arcanine-Hisui, M|\n|poke|p2|Grafaiai, M|\n|teampreview\n|\n|t:|1698099524\n|start\n|switch|p1a: Oranguru|Oranguru, F|100\/100\n|switch|p1b: Iron Hands|Iron Hands|100\/100\n|switch|p2a: Grafaiai|Grafaiai, M|100\/100\n|switch|p2b: Arcanine|Arcanine-Hisui, M|100\/100\n|-ability|p2b: Arcanine|Intimidate|boost\n|-unboost|p1a: Oranguru|atk|1\n|-unboost|p1b: Iron Hands|atk|1\n|-enditem|p1b: Iron Hands|Booster Energy\n|-activate|p1a: Oranguru|ability: Symbiosis|Life Orb|[of] p1b: Iron Hands\n|-activate|p1b: Iron Hands|ability: Quark Drive|[fromitem]\n|-start|p1b: Iron Hands|quarkdriveatk\n|turn|1\n|\n|t:|1698099540\n|-terastallize|p1a: Oranguru|Dark\n|move|p2b: Arcanine|Protect|p2b: Arcanine\n|-singleturn|p2b: Arcanine|Protect\n|move|p1b: Iron Hands|Fake Out|p2b: Arcanine\n|-activate|p2b: Arcanine|move: Protect\n|move|p2a: Grafaiai|Parting Shot|p1b: Iron Hands\n|-unboost|p1b: Iron Hands|atk|1\n|-unboost|p1b: Iron Hands|spa|1\n|\n|t:|1698099553\n|switch|p2a: Thundurus|Thundurus-Therian, M|100\/100|[from] Parting Shot\n|move|p1a: Oranguru|Trick Room|p1a: Oranguru\n|-fieldstart|move: Trick Room|[of] p1a: Oranguru\n|\n|upkeep\n|turn|2\n|\n|t:|1698099575\n|move|p1b: Iron Hands|Ice Punch|p2a: Thundurus\n|-supereffective|p2a: Thundurus\n|-damage|p2a: Thundurus|24\/100\n|-status|p2a: Thundurus|frz\n|-damage|p1b: Iron Hands|91\/100|[from] item: Life Orb\n|move|p1a: Oranguru|Encore|p2b: Arcanine\n|-start|p2b: Arcanine|Encore\n|move|p2b: Arcanine|Protect||[still]\n|-fail|p2b: Arcanine\n|-curestatus|p2a: Thundurus|frz|[msg]\n|move|p2a: Thundurus|Grass Knot|p1b: Iron Hands\n|-damage|p1b: Iron Hands|56\/100\n|\n|upkeep\n|turn|3\n|\n|t:|1698099602\n|switch|p2b: Alomomola|Alomomola, M|100\/100\n|move|p1b: Iron Hands|Drain Punch|p2a: Thundurus\n|-resisted|p2a: Thundurus\n|-damage|p2a: Thundurus|0 fnt\n|-heal|p1b: Iron Hands|63\/100|[from] drain|[of] p2a: Thundurus\n|faint|p2a: Thundurus\n|-damage|p1b: Iron Hands|53\/100|[from] item: Life Orb\n|move|p1a: Oranguru|Instruct|p1b: Iron Hands\n|-singleturn|p1b: Iron Hands|move: Instruct|[of] p1a: Oranguru\n|move|p1b: Iron Hands|Drain Punch|p2b: Alomomola\n|-damage|p2b: Alomomola|73\/100\n|-heal|p1b: Iron Hands|67\/100|[from] drain|[of] p2b: Alomomola\n|-damage|p1b: Iron Hands|51\/100|[from] item: Rocky Helmet|[of] p2b: Alomomola\n|-damage|p1b: Iron Hands|41\/100|[from] item: Life Orb\n|\n|upkeep\n|\n|t:|1698099619\n|switch|p2a: Arcanine|Arcanine-Hisui, M|100\/100\n|-ability|p2a: Arcanine|Intimidate|boost\n|-unboost|p1a: Oranguru|atk|1\n|-unboost|p1b: Iron Hands|atk|1\n|turn|4\n|\n|t:|1698099629\n|move|p2a: Arcanine|Extreme Speed|p1b: Iron Hands\n|-damage|p1b: Iron Hands|23\/100\n|move|p1b: Iron Hands|Drain Punch|p2a: Arcanine\n|-supereffective|p2a: Arcanine\n|-damage|p2a: Arcanine|39\/100\n|-heal|p1b: Iron Hands|47\/100|[from] drain|[of] p2a: Arcanine\n|-damage|p1b: Iron Hands|37\/100|[from] item: Life Orb\n|move|p1a: Oranguru|Instruct|p1b: Iron Hands\n|-singleturn|p1b: Iron Hands|move: Instruct|[of] p1a: Oranguru\n|move|p1b: Iron Hands|Drain Punch|p2a: Arcanine\n|-supereffective|p2a: Arcanine\n|-damage|p2a: Arcanine|0 fnt\n|-heal|p1b: Iron Hands|52\/100|[from] drain|[of] p2a: Arcanine\n|faint|p2a: Arcanine\n|-damage|p1b: Iron Hands|42\/100|[from] item: Life Orb\n|move|p2b: Alomomola|Wish|p2b: Alomomola\n|\n|upkeep\n|\n|t:|1698099657\n|switch|p2a: Hawlucha|Hawlucha, F|100\/100\n|-ability|p2a: Hawlucha|Mold Breaker\n|turn|5\n|\n|t:|1698099676\n|-terastallize|p2a: Hawlucha|Fighting\n|move|p2b: Alomomola|Protect|p2b: Alomomola\n|-singleturn|p2b: Alomomola|Protect\n|move|p1b: Iron Hands|Thunder Punch|p2b: Alomomola\n|-activate|p2b: Alomomola|move: Protect\n|move|p1a: Oranguru|Yawn|p2a: Hawlucha\n|-start|p2a: Hawlucha|move: Yawn|[of] p1a: Oranguru\n|move|p2a: Hawlucha|Bulk Up|p2a: Hawlucha\n|-boost|p2a: Hawlucha|atk|1\n|-boost|p2a: Hawlucha|def|1\n|\n|-heal|p2b: Alomomola|100\/100|[from] move: Wish|[wisher] Alomomola\n|-fieldend|move: Trick Room\n|upkeep\n|turn|6\n|\n|t:|1698099699\n|-end|p1b: Iron Hands|Quark Drive|[silent]\n|switch|p1b: Bronzong|Bronzong|100\/100\n|move|p2a: Hawlucha|Dual Wingbeat|p1b: Bronzong\n|-resisted|p1b: Bronzong\n|-damage|p1b: Bronzong|89\/100\n|-resisted|p1b: Bronzong\n|-damage|p1b: Bronzong|79\/100\n|-hitcount|p1b: Bronzong|2\n|move|p2b: Alomomola|Scald|p1b: Bronzong\n|-damage|p1b: Bronzong|66\/100\n|-status|p1b: Bronzong|brn\n|move|p1a: Oranguru|Trick Room|p1a: Oranguru\n|-fieldstart|move: Trick Room|[of] p1a: Oranguru\n|\n|-damage|p1b: Bronzong|60\/100 brn|[from] brn\n|-end|p2a: Hawlucha|move: Yawn|[silent]\n|-status|p2a: Hawlucha|slp\n|upkeep\n|turn|7\n|\n|t:|1698099735\n|move|p1b: Bronzong|Charge Beam|p2b: Alomomola\n|-supereffective|p2b: Alomomola\n|-damage|p2b: Alomomola|77\/100\n|move|p1a: Oranguru|Instruct|p1b: Bronzong\n|-singleturn|p1b: Bronzong|move: Instruct|[of] p1a: Oranguru\n|move|p1b: Bronzong|Charge Beam|p2b: Alomomola\n|-supereffective|p2b: Alomomola\n|-damage|p2b: Alomomola|51\/100\n|-boost|p1b: Bronzong|spa|1\n|move|p2b: Alomomola|Scald|p1b: Bronzong\n|-damage|p1b: Bronzong|49\/100 brn\n|-enditem|p1b: Bronzong|Sitrus Berry|[eat]\n|-heal|p1b: Bronzong|74\/100 brn|[from] item: Sitrus Berry\n|cant|p2a: Hawlucha|slp\n|\n|-damage|p1b: Bronzong|68\/100 brn|[from] brn\n|upkeep\n|turn|8\n|\n|t:|1698099755\n|switch|p2b: Iron Treads|Iron Treads|100\/100\n|-enditem|p2b: Iron Treads|Booster Energy\n|-activate|p2b: Iron Treads|ability: Quark Drive|[fromitem]\n|-start|p2b: Iron Treads|quarkdrivespe\n|move|p1b: Bronzong|Stored Power|p2a: Hawlucha\n|-supereffective|p2a: Hawlucha\n|-damage|p2a: Hawlucha|22\/100 slp\n|move|p1a: Oranguru|Instruct|p1b: Bronzong\n|-singleturn|p1b: Bronzong|move: Instruct|[of] p1a: Oranguru\n|move|p1b: Bronzong|Stored Power|p2a: Hawlucha\n|-supereffective|p2a: Hawlucha\n|-crit|p2a: Hawlucha\n|-damage|p2a: Hawlucha|0 fnt\n|faint|p2a: Hawlucha\n|\n|-damage|p1b: Bronzong|61\/100 brn|[from] brn\n|upkeep\n|\n|t:|1698099771\n|switch|p2a: Grafaiai|Grafaiai, M|100\/100\n|turn|9\n|\n|t:|1698099807\n|move|p1b: Bronzong|Iron Defense|p1b: Bronzong\n|-boost|p1b: Bronzong|def|2\n|move|p1a: Oranguru|Instruct|p1b: Bronzong\n|-singleturn|p1b: Bronzong|move: Instruct|[of] p1a: Oranguru\n|move|p1b: Bronzong|Iron Defense|p1b: Bronzong\n|-boost|p1b: Bronzong|def|2\n|move|p2a: Grafaiai|Knock Off|p1b: Bronzong\n|-supereffective|p1b: Bronzong\n|-damage|p1b: Bronzong|51\/100 brn\n|move|p2b: Iron Treads|Iron Head|p1a: Oranguru\n|-damage|p1a: Oranguru|65\/100\n|\n|-damage|p1b: Bronzong|45\/100 brn|[from] brn\n|upkeep\n|turn|10\n|\n|t:|1698099827\n|move|p1b: Bronzong|Body Press|p2a: Grafaiai\n|-damage|p2a: Grafaiai|42\/100\n|move|p1a: Oranguru|Instruct|p1b: Bronzong\n|-singleturn|p1b: Bronzong|move: Instruct|[of] p1a: Oranguru\n|move|p1b: Bronzong|Body Press|p2a: Grafaiai\n|-damage|p2a: Grafaiai|0 fnt\n|faint|p2a: Grafaiai\n|move|p2b: Iron Treads|Iron Head|p1a: Oranguru\n|-damage|p1a: Oranguru|35\/100\n|\n|-damage|p1b: Bronzong|39\/100 brn|[from] brn\n|-fieldend|move: Trick Room\n|upkeep\n|\n|t:|1698099838\n|switch|p2a: Alomomola|Alomomola, M|85\/100\n|turn|11\n|\n|t:|1698099866\n|move|p2b: Iron Treads|Iron Head|p1a: Oranguru\n|-damage|p1a: Oranguru|2\/100\n|move|p2a: Alomomola|Scald|p1b: Bronzong\n|-damage|p1b: Bronzong|28\/100 brn\n|move|p1b: Bronzong|Body Press|p2b: Iron Treads\n|-supereffective|p2b: Iron Treads\n|-damage|p2b: Iron Treads|50\/100\n|move|p1a: Oranguru|Trick Room|p1a: Oranguru\n|-fieldstart|move: Trick Room|[of] p1a: Oranguru\n|\n|-damage|p1b: Bronzong|22\/100 brn|[from] brn\n|upkeep\n|turn|12\n|\n|t:|1698099890\n|move|p1b: Bronzong|Body Press|p2b: Iron Treads\n|-supereffective|p2b: Iron Treads\n|-damage|p2b: Iron Treads|2\/100\n|move|p1a: Oranguru|Instruct|p1b: Bronzong\n|-singleturn|p1b: Bronzong|move: Instruct|[of] p1a: Oranguru\n|move|p1b: Bronzong|Body Press|p2b: Iron Treads\n|-supereffective|p2b: Iron Treads\n|-damage|p2b: Iron Treads|0 fnt\n|faint|p2b: Iron Treads\n|-end|p2b: Iron Treads|Quark Drive|[silent]\n|move|p2a: Alomomola|Scald|p1b: Bronzong\n|-damage|p1b: Bronzong|11\/100 brn\n|\n|-damage|p1b: Bronzong|5\/100 brn|[from] brn\n|upkeep\n|turn|13\n|\n|t:|1698099903\n|move|p1b: Bronzong|Stored Power|p2a: Alomomola\n|-damage|p2a: Alomomola|21\/100\n|move|p1a: Oranguru|Instruct|p1b: Bronzong\n|-singleturn|p1b: Bronzong|move: Instruct|[of] p1a: Oranguru\n|move|p1b: Bronzong|Stored Power|p2a: Alomomola\n|-damage|p2a: Alomomola|0 fnt\n|faint|p2a: Alomomola\n|\n|win|MasterHand\n|raw|MasterHand's rating: 1231 &rarr; <strong>1249<\/strong><br \/>(+18 for winning)\n|raw|Elite Five Member's rating: 1126 &rarr; <strong>1108<\/strong><br \/>(-18 for losing)\n|c|\u2606MasterHand|Ggwp\n|l|\u2606Elite Five Member\n","uploadtime":1698099915,"views":11,"p1id":"masterhand","p2id":"elitefivemember","formatid":"gen9doublesou","rating":1108,"private":0,"password":""}