{"id":"gen9doublesou-1996595303","p1":"Jtsmith86","p2":"stickyfingerss","format":"[Gen 9] Doubles OU","log":"|j|\u2606Jtsmith86\n|j|\u203dstickyfingerss\n|t:|1700698487\n|gametype|doubles\n|player|p1|Jtsmith86|ethan|1090\n|player|p2|stickyfingerss|2|1070\n|teamsize|p1|6\n|teamsize|p2|6\n|gen|9\n|tier|[Gen 9] Doubles OU\n|rated|\n|rule|Species Clause: Limit one of each Pok\u00e9mon\n|rule|OHKO Clause: OHKO moves are banned\n|rule|Evasion Moves Clause: Evasion moves are banned\n|rule|Gravity Sleep Clause: The combination of sleep-inducing moves with imperfect accuracy and Gravity or Gigantamax Orbeetle are banned\n|rule|Endless Battle Clause: Forcing endless battles is banned\n|rule|HP Percentage Mod: HP is shown in percentages\n|clearpoke\n|poke|p1|Wo-Chien|\n|poke|p1|Skeledirge, F|\n|poke|p1|Clefairy, F|\n|poke|p1|Gholdengo|\n|poke|p1|Yanmega, M|\n|poke|p1|Glimmora, F|\n|poke|p2|Slowking, M|\n|poke|p2|Tyranitar, F|\n|poke|p2|Gyarados, M|\n|poke|p2|Snorlax, M|\n|poke|p2|Charizard, F|\n|poke|p2|Garchomp, F|\n|teampreview\n|\n|t:|1700698493\n|start\n|switch|p1a: Wo-Chien|Wo-Chien|100\/100\n|switch|p1b: Skeledirge|Skeledirge, F, shiny|100\/100\n|switch|p2a: Slowking|Slowking, M|100\/100\n|switch|p2b: Tyranitar|Tyranitar, F|100\/100\n|-ability|p1a: Wo-Chien|Tablets of Ruin\n|-weather|Sandstorm|[from] ability: Sand Stream|[of] p2b: Tyranitar\n|turn|1\n|\n|t:|1700698514\n|move|p1b: Skeledirge|Protect|p1b: Skeledirge\n|-singleturn|p1b: Skeledirge|Protect\n|move|p1a: Wo-Chien|Leech Seed|p2b: Tyranitar\n|-start|p2b: Tyranitar|move: Leech Seed\n|move|p2b: Tyranitar|Curse|p2b: Tyranitar\n|-unboost|p2b: Tyranitar|spe|1\n|-boost|p2b: Tyranitar|atk|1\n|-boost|p2b: Tyranitar|def|1\n|move|p2a: Slowking|Trick Room|p2a: Slowking\n|-fieldstart|move: Trick Room|[of] p2a: Slowking\n|\n|-weather|Sandstorm|[upkeep]\n|-damage|p2a: Slowking|95\/100|[from] Sandstorm\n|-damage|p1b: Skeledirge|94\/100|[from] Sandstorm\n|-damage|p1a: Wo-Chien|94\/100|[from] Sandstorm\n|-heal|p2a: Slowking|100\/100|[from] item: Leftovers\n|-heal|p1b: Skeledirge|100\/100|[from] item: Leftovers\n|-damage|p2b: Tyranitar|88\/100|[from] Leech Seed|[of] p1a: Wo-Chien\n|-heal|p1a: Wo-Chien|100\/100|[silent]\n|upkeep\n|turn|2\n|\n|t:|1700698556\n|switch|p1b: Clefairy|Clefairy, F, shiny|100\/100\n|move|p2a: Slowking|Reflect|p2a: Slowking\n|-sidestart|p2: stickyfingerss|Reflect\n|move|p2b: Tyranitar|Curse|p2b: Tyranitar\n|-unboost|p2b: Tyranitar|spe|1\n|-boost|p2b: Tyranitar|atk|1\n|-boost|p2b: Tyranitar|def|1\n|move|p1a: Wo-Chien|Knock Off|p2b: Tyranitar\n|-resisted|p2b: Tyranitar\n|-damage|p2b: Tyranitar|85\/100\n|-enditem|p2b: Tyranitar|Leftovers|[from] move: Knock Off|[of] p1a: Wo-Chien\n|\n|-weather|Sandstorm|[upkeep]\n|-damage|p2a: Slowking|95\/100|[from] Sandstorm\n|-damage|p1b: Clefairy|94\/100|[from] Sandstorm\n|-damage|p1a: Wo-Chien|94\/100|[from] Sandstorm\n|-heal|p2a: Slowking|100\/100|[from] item: Leftovers\n|-damage|p2b: Tyranitar|72\/100|[from] Leech Seed|[of] p1a: Wo-Chien\n|-heal|p1a: Wo-Chien|100\/100|[silent]\n|upkeep\n|turn|3\n|\n|t:|1700698628\n|move|p2b: Tyranitar|Rock Slide|p1a: Wo-Chien|[spread] p1b\n|-miss|p2b: Tyranitar|p1a: Wo-Chien\n|-damage|p1b: Clefairy|58\/100\n|move|p2a: Slowking|Light Screen|p2a: Slowking\n|-sidestart|p2: stickyfingerss|move: Light Screen\n|move|p1b: Clefairy|Life Dew||[still]|[spread] p1a,p1b\n|-fail|p1a: Wo-Chien|heal\n|-heal|p1b: Clefairy|83\/100\n|move|p1a: Wo-Chien|Reflect|p1a: Wo-Chien\n|-sidestart|p1: Jtsmith86|Reflect\n|\n|-weather|Sandstorm|[upkeep]\n|-damage|p2a: Slowking|95\/100|[from] Sandstorm\n|-damage|p1b: Clefairy|77\/100|[from] Sandstorm\n|-damage|p1a: Wo-Chien|94\/100|[from] Sandstorm\n|-heal|p2a: Slowking|100\/100|[from] item: Leftovers\n|-damage|p2b: Tyranitar|60\/100|[from] Leech Seed|[of] p1a: Wo-Chien\n|-heal|p1a: Wo-Chien|100\/100|[silent]\n|upkeep\n|turn|4\n|inactive|Battle timer is ON: inactive players will automatically lose when time's up. (requested by Jtsmith86)\n|inactive|stickyfingerss has 120 seconds left.\n|\n|t:|1700698700\n|switch|p2a: Snorlax|Snorlax, M|100\/100\n|move|p2b: Tyranitar|Curse|p2b: Tyranitar\n|-unboost|p2b: Tyranitar|spe|1\n|-boost|p2b: Tyranitar|atk|1\n|-boost|p2b: Tyranitar|def|1\n|move|p1b: Clefairy|Cosmic Power|p1b: Clefairy\n|-boost|p1b: Clefairy|def|1\n|-boost|p1b: Clefairy|spd|1\n|move|p1a: Wo-Chien|Leech Seed|p2a: Snorlax\n|-start|p2a: Snorlax|move: Leech Seed\n|\n|-weather|Sandstorm|[upkeep]\n|-damage|p2a: Snorlax|94\/100|[from] Sandstorm\n|-damage|p1b: Clefairy|71\/100|[from] Sandstorm\n|-damage|p1a: Wo-Chien|94\/100|[from] Sandstorm\n|-heal|p2a: Snorlax|100\/100|[from] item: Leftovers\n|-damage|p2b: Tyranitar|48\/100|[from] Leech Seed|[of] p1a: Wo-Chien\n|-heal|p1a: Wo-Chien|100\/100|[silent]\n|-damage|p2a: Snorlax|88\/100|[from] Leech Seed|[of] p1a: Wo-Chien\n|upkeep\n|turn|5\n|\n|t:|1700698727\n|move|p2a: Snorlax|Helping Hand|p2b: Tyranitar\n|-singleturn|p2b: Tyranitar|Helping Hand|[of] p2a: Snorlax\n|move|p2b: Tyranitar|Rock Slide|p1b: Clefairy|[spread] p1a,p1b\n|-damage|p1a: Wo-Chien|73\/100\n|-damage|p1b: Clefairy|40\/100\n|cant|p1b: Clefairy|flinch\n|move|p1a: Wo-Chien|Knock Off|p2a: Snorlax\n|-damage|p2a: Snorlax|77\/100\n|-enditem|p2a: Snorlax|Leftovers|[from] move: Knock Off|[of] p1a: Wo-Chien\n|\n|-weather|none\n|-damage|p2b: Tyranitar|36\/100|[from] Leech Seed|[of] p1a: Wo-Chien\n|-heal|p1a: Wo-Chien|85\/100|[silent]\n|-damage|p2a: Snorlax|64\/100|[from] Leech Seed|[of] p1a: Wo-Chien\n|-heal|p1a: Wo-Chien|100\/100|[silent]\n|-fieldend|move: Trick Room\n|upkeep\n|turn|6\n|inactive|stickyfingerss has 120 seconds left.\n|\n|t:|1700698758\n|move|p2a: Snorlax|Helping Hand|p2b: Tyranitar\n|-singleturn|p2b: Tyranitar|Helping Hand|[of] p2a: Snorlax\n|move|p1a: Wo-Chien|Light Screen|p1a: Wo-Chien\n|-sidestart|p1: Jtsmith86|move: Light Screen\n|move|p1b: Clefairy|Life Dew||[still]|[spread] p1a,p1b\n|-fail|p1a: Wo-Chien|heal\n|-heal|p1b: Clefairy|65\/100\n|move|p2b: Tyranitar|Earthquake|p1b: Clefairy|[spread] p2a,p1a,p1b\n|-resisted|p1a: Wo-Chien\n|-damage|p2a: Snorlax|40\/100\n|-damage|p1a: Wo-Chien|87\/100\n|-damage|p1b: Clefairy|37\/100\n|\n|-damage|p2a: Snorlax|28\/100|[from] Leech Seed|[of] p1a: Wo-Chien\n|-heal|p1a: Wo-Chien|100\/100|[silent]\n|-damage|p2b: Tyranitar|23\/100|[from] Leech Seed|[of] p1a: Wo-Chien\n|-sideend|p2: stickyfingerss|Reflect\n|upkeep\n|turn|7\n|inactive|stickyfingerss has 120 seconds left.\n|\n|t:|1700698789\n|move|p1a: Wo-Chien|Knock Off|p2a: Snorlax\n|-damage|p2a: Snorlax|15\/100\n|move|p1b: Clefairy|Life Dew||[still]|[spread] p1a,p1b\n|-fail|p1a: Wo-Chien|heal\n|-heal|p1b: Clefairy|62\/100\n|move|p2a: Snorlax|Yawn|p1b: Clefairy\n|-start|p1b: Clefairy|move: Yawn|[of] p2a: Snorlax\n|move|p2b: Tyranitar|Rock Slide|p1b: Clefairy|[spread] p1a,p1b\n|-damage|p1a: Wo-Chien|82\/100\n|-damage|p1b: Clefairy|41\/100\n|\n|-damage|p2a: Snorlax|3\/100|[from] Leech Seed|[of] p1a: Wo-Chien\n|-heal|p1a: Wo-Chien|99\/100|[silent]\n|-damage|p2b: Tyranitar|11\/100|[from] Leech Seed|[of] p1a: Wo-Chien\n|-heal|p1a: Wo-Chien|100\/100|[silent]\n|-sideend|p1: Jtsmith86|Reflect\n|-sideend|p2: stickyfingerss|move: Light Screen\n|upkeep\n|turn|8\n|inactive|stickyfingerss has 120 seconds left.\n|inactive|Jtsmith86 has 120 seconds left.\n|\n|t:|1700698835\n|switch|p1b: Glimmora|Glimmora, F, shiny|100\/100\n|switch|p2a: Charizard|Charizard, F|100\/100\n|switch|p2b: Gyarados|Gyarados, M|100\/100\n|move|p1a: Wo-Chien|Reflect|p1a: Wo-Chien\n|-sidestart|p1: Jtsmith86|Reflect\n|\n|upkeep\n|turn|9\n|inactive|Jtsmith86 has 120 seconds left.\n|inactive|stickyfingerss has 120 seconds left.\n|\n|t:|1700698873\n|move|p2a: Charizard|Heat Wave|p1b: Glimmora|[spread] p1a,p1b\n|-supereffective|p1a: Wo-Chien\n|-resisted|p1b: Glimmora\n|-damage|p1a: Wo-Chien|69\/100\n|-damage|p1b: Glimmora|88\/100\n|move|p1b: Glimmora|Mortal Spin|p2b: Gyarados|[spread] p2a,p2b\n|-damage|p2a: Charizard|96\/100\n|-damage|p2b: Gyarados|98\/100\n|-status|p2a: Charizard|psn\n|-status|p2b: Gyarados|psn\n|move|p2b: Gyarados|Dragon Dance|p2b: Gyarados\n|-boost|p2b: Gyarados|atk|1\n|-boost|p2b: Gyarados|spe|1\n|move|p1a: Wo-Chien|Knock Off|p2b: Gyarados\n|-damage|p2b: Gyarados|73\/100 psn\n|-enditem|p2b: Gyarados|Splash Plate|[from] move: Knock Off|[of] p1a: Wo-Chien\n|\n|-damage|p2b: Gyarados|60\/100 psn|[from] psn\n|-damage|p2a: Charizard|84\/100 psn|[from] psn\n|upkeep\n|turn|10\n|inactive|Jtsmith86 has 120 seconds left.\n|\n|t:|1700698901\n|move|p2b: Gyarados|Dragon Dance|p2b: Gyarados\n|-boost|p2b: Gyarados|atk|1\n|-boost|p2b: Gyarados|spe|1\n|move|p2a: Charizard|Heat Wave|p1a: Wo-Chien|[spread] p1a,p1b\n|-supereffective|p1a: Wo-Chien\n|-resisted|p1b: Glimmora\n|-damage|p1a: Wo-Chien|35\/100\n|-damage|p1b: Glimmora|76\/100\n|-status|p1b: Glimmora|brn\n|move|p1b: Glimmora|Stealth Rock|p2b: Gyarados\n|-sidestart|p2: stickyfingerss|move: Stealth Rock\n|move|p1a: Wo-Chien|Leech Seed|p2b: Gyarados\n|-start|p2b: Gyarados|move: Leech Seed\n|\n|-damage|p2b: Gyarados|48\/100 psn|[from] Leech Seed|[of] p1a: Wo-Chien\n|-heal|p1a: Wo-Chien|46\/100|[silent]\n|-damage|p2b: Gyarados|36\/100 psn|[from] psn\n|-damage|p2a: Charizard|71\/100 psn|[from] psn\n|-damage|p1b: Glimmora|70\/100 brn|[from] brn\n|-sideend|p1: Jtsmith86|move: Light Screen\n|upkeep\n|turn|11\n|inactive|stickyfingerss has 120 seconds left.\n|inactive|Jtsmith86 has 120 seconds left.\n|\n|t:|1700698938\n|switch|p1a: Skeledirge|Skeledirge, F, shiny|100\/100\n|move|p1b: Glimmora|Spiky Shield|p1b: Glimmora\n|-singleturn|p1b: Glimmora|move: Protect\n|move|p2b: Gyarados|Outrage|p1a: Skeledirge\n|-damage|p1a: Skeledirge|80\/100\n|move|p2a: Charizard|Heat Wave|p1b: Glimmora|[spread] \n|-activate|p1b: Glimmora|move: Protect\n|-miss|p2a: Charizard|p1a: Skeledirge\n|\n|-heal|p1a: Skeledirge|86\/100|[from] item: Leftovers\n|-damage|p2b: Gyarados|23\/100 psn|[from] Leech Seed|[of] p1a: Skeledirge\n|-heal|p1a: Skeledirge|98\/100|[silent]\n|-damage|p2b: Gyarados|11\/100 psn|[from] psn\n|-damage|p2a: Charizard|59\/100 psn|[from] psn\n|-damage|p1b: Glimmora|63\/100 brn|[from] brn\n|upkeep\n|turn|12\n|inactive|Jtsmith86 has 120 seconds left.\n|inactive|stickyfingerss has 120 seconds left.\n|\n|t:|1700698977\n|move|p2b: Gyarados|Outrage|p1a: Skeledirge|[from]lockedmove\n|-damage|p1a: Skeledirge|74\/100\n|-start|p2b: Gyarados|confusion|[fatigue]\n|move|p2a: Charizard|Heat Wave|p1b: Glimmora|[spread] p1a\n|-miss|p2a: Charizard|p1b: Glimmora\n|-resisted|p1a: Skeledirge\n|-damage|p1a: Skeledirge|57\/100\n|move|p1b: Glimmora|Dazzling Gleam|p2b: Gyarados|[spread] p2a,p2b\n|-resisted|p2a: Charizard\n|-damage|p2a: Charizard|48\/100 psn\n|-damage|p2b: Gyarados|0 fnt\n|faint|p2b: Gyarados\n|move|p1a: Skeledirge|Torch Song|p2a: Charizard\n|-resisted|p2a: Charizard\n|-damage|p2a: Charizard|28\/100 psn\n|-boost|p1a: Skeledirge|spa|1\n|\n|-heal|p1a: Skeledirge|63\/100|[from] item: Leftovers\n|-damage|p2a: Charizard|15\/100 psn|[from] psn\n|-damage|p1b: Glimmora|57\/100 brn|[from] brn\n|-sideend|p1: Jtsmith86|Reflect\n|upkeep\n|inactive|stickyfingerss has 90 seconds left.\n|\n|t:|1700699000\n|switch|p2b: Garchomp|Garchomp, F|100\/100\n|-damage|p2b: Garchomp|94\/100|[from] Stealth Rock\n|turn|13\n|inactive|Jtsmith86 has 120 seconds left.\n|\n|t:|1700699019\n|switch|p2a: Slowking|Slowking, M|100\/100\n|-damage|p2a: Slowking|88\/100|[from] Stealth Rock\n|-terastallize|p1a: Skeledirge|Fairy\n|move|p2b: Garchomp|Swords Dance|p2b: Garchomp\n|-boost|p2b: Garchomp|atk|2\n|move|p1b: Glimmora|Mortal Spin|p2b: Garchomp|[spread] p2a,p2b\n|-resisted|p2b: Garchomp\n|-damage|p2a: Slowking|87\/100\n|-damage|p2b: Garchomp|94\/100\n|-status|p2a: Slowking|psn\n|-status|p2b: Garchomp|psn\n|move|p1a: Skeledirge|Tera Blast|p2b: Garchomp|[anim] Tera Blast Fairy\n|-supereffective|p2b: Garchomp\n|-damage|p2b: Garchomp|2\/100 psn\n|\n|-heal|p1a: Skeledirge|69\/100|[from] item: Leftovers\n|-heal|p2a: Slowking|93\/100 psn|[from] item: Leftovers\n|-damage|p2b: Garchomp|0 fnt|[from] psn\n|faint|p2b: Garchomp\n|-damage|p2a: Slowking|80\/100 psn|[from] psn\n|-damage|p1b: Glimmora|51\/100 brn|[from] brn\n|upkeep\n|inactive|stickyfingerss has 90 seconds left.\n|-message|stickyfingerss forfeited.\n|\n|win|Jtsmith86\n|raw|Jtsmith86's rating: 1090 &rarr; <strong>1115<\/strong><br \/>(+25 for winning)\n|raw|stickyfingerss's rating: 1070 &rarr; <strong>1051<\/strong><br \/>(-19 for losing)\n|l|\u203dstickyfingerss\n","uploadtime":1700699048,"views":14,"p1id":"jtsmith86","p2id":"stickyfingerss","formatid":"gen9doublesou","rating":1051,"private":0,"password":""}