{"id":"gen9doublesou-1984295782","p1":"qurtana","p2":"foozeld","format":"[Gen 9] Doubles OU","log":"|j|\u2606qurtana\n|j|\u2606foozeld\n|t:|1699240252\n|gametype|doubles\n|player|p1|qurtana|101|1391\n|player|p2|foozeld|pokemonbreederf-gen4|1312\n|teamsize|p1|6\n|teamsize|p2|6\n|gen|9\n|tier|[Gen 9] Doubles OU\n|rated|\n|rule|Species Clause: Limit one of each Pok\u00e9mon\n|rule|OHKO Clause: OHKO moves are banned\n|rule|Evasion Moves Clause: Evasion moves are banned\n|rule|Gravity Sleep Clause: The combination of sleep-inducing moves with imperfect accuracy and Gravity or Gigantamax Orbeetle are banned\n|rule|Endless Battle Clause: Forcing endless battles is banned\n|rule|HP Percentage Mod: HP is shown in percentages\n|clearpoke\n|poke|p1|Landorus-Therian, M|\n|poke|p1|Gliscor, M|\n|poke|p1|Volcanion|\n|poke|p1|Ogerpon-Wellspring, F|\n|poke|p1|Iron Valiant|\n|poke|p1|Chi-Yu|\n|poke|p2|Armarouge, F|\n|poke|p2|Indeedee, M|\n|poke|p2|Tornadus, M|\n|poke|p2|Iron Bundle|\n|poke|p2|Roaring Moon|\n|poke|p2|Ogerpon-Cornerstone, F|\n|teampreview\n|inactive|Battle timer is ON: inactive players will automatically lose when time's up. (requested by foozeld)\n|inactive|qurtana also wants the timer to be on.\n|\n|t:|1699240257\n|start\n|switch|p1a: Landorus|Landorus-Therian, M|100\/100\n|switch|p1b: Chi-Yu|Chi-Yu|100\/100\n|switch|p2a: Armarouge|Armarouge, F|100\/100\n|switch|p2b: Iron Bundle|Iron Bundle, shiny|100\/100\n|-ability|p1b: Chi-Yu|Beads of Ruin\n|-ability|p1a: Landorus|Intimidate|boost\n|-unboost|p2a: Armarouge|atk|1\n|-unboost|p2b: Iron Bundle|atk|1\n|turn|1\n|\n|t:|1699240267\n|-terastallize|p1b: Chi-Yu|Dark\n|move|p2a: Armarouge|Endure|p2a: Armarouge\n|-singleturn|p2a: Armarouge|move: Endure\n|move|p2b: Iron Bundle|Flip Turn|p2a: Armarouge\n|-supereffective|p2a: Armarouge\n|-damage|p2a: Armarouge|77\/100\n|-ability|p2a: Armarouge|Weak Armor|boost\n|-unboost|p2a: Armarouge|def|1\n|-boost|p2a: Armarouge|spe|2\n|-enditem|p2a: Armarouge|Weakness Policy\n|-boost|p2a: Armarouge|atk|2|[from] item: Weakness Policy\n|-boost|p2a: Armarouge|spa|2|[from] item: Weakness Policy\n|\n|t:|1699240273\n|-end|p2b: Iron Bundle|Quark Drive|[silent]\n|switch|p2b: Indeedee|Indeedee, M|100\/100|[from] Flip Turn\n|-fieldstart|move: Psychic Terrain|[from] ability: Psychic Surge|[of] p2b: Indeedee\n|move|p1b: Chi-Yu|Dark Pulse|p2a: Armarouge\n|-supereffective|p2a: Armarouge\n|-crit|p2a: Armarouge\n|-activate|p2a: Armarouge|move: Endure\n|-damage|p2a: Armarouge|1\/100\n|move|p1a: Landorus|Rock Slide|p2a: Armarouge|[spread] p2b\n|-miss|p1a: Landorus|p2a: Armarouge\n|-damage|p2b: Indeedee|57\/100\n|\n|upkeep\n|turn|2\n|\n|t:|1699240293\n|move|p2a: Armarouge|Heat Wave|p1b: Chi-Yu|[spread] p1a\n|-miss|p2a: Armarouge|p1b: Chi-Yu\n|-crit|p1a: Landorus\n|-damage|p1a: Landorus|0 fnt\n|faint|p1a: Landorus\n|move|p1b: Chi-Yu|Dark Pulse|p2b: Indeedee\n|-supereffective|p2b: Indeedee\n|-damage|p2b: Indeedee|0 fnt\n|faint|p2b: Indeedee\n|\n|upkeep\n|\n|t:|1699240312\n|switch|p2b: Iron Bundle|Iron Bundle, shiny|100\/100\n|switch|p1a: Volcanion|Volcanion|100\/100\n|turn|3\n|\n|t:|1699240330\n|move|p2a: Armarouge|Expanding Force|p1a: Volcanion|[spread] p1a\n|-immune|p1b: Chi-Yu\n|-damage|p1a: Volcanion|0 fnt\n|faint|p1a: Volcanion\n|move|p2b: Iron Bundle|Hydro Pump|p1b: Chi-Yu\n|-damage|p1b: Chi-Yu|10\/100\n|move|p1b: Chi-Yu|Dark Pulse|p2b: Iron Bundle\n|-damage|p2b: Iron Bundle|0 fnt\n|faint|p2b: Iron Bundle\n|-end|p2b: Iron Bundle|Quark Drive|[silent]\n|\n|upkeep\n|\n|t:|1699240345\n|switch|p2b: Ogerpon|Ogerpon-Cornerstone, F|100\/100\n|switch|p1a: Ogerpon|Ogerpon-Wellspring, F|100\/100\n|turn|4\n|\n|t:|1699240354\n|move|p1a: Ogerpon|Spiky Shield|p1a: Ogerpon\n|-singleturn|p1a: Ogerpon|move: Protect\n|move|p2a: Armarouge|Expanding Force|p1b: Chi-Yu|[spread] \n|-activate|p1a: Ogerpon|move: Protect\n|-immune|p1b: Chi-Yu\n|move|p2b: Ogerpon|Horn Leech|p1b: Chi-Yu\n|-damage|p1b: Chi-Yu|0 fnt\n|faint|p1b: Chi-Yu\n|\n|upkeep\n|\n|t:|1699240362\n|switch|p1b: Iron Valiant|Iron Valiant|100\/100\n|turn|5\n|c|\u2606qurtana|i hate this so much\n|-message|qurtana forfeited.\n|\n|win|foozeld\n|raw|qurtana's rating: 1391 &rarr; <strong>1367<\/strong><br \/>(-24 for losing)\n|raw|foozeld's rating: 1312 &rarr; <strong>1336<\/strong><br \/>(+24 for winning)\n|l|\u2606qurtana\n","uploadtime":1699240388,"views":10,"p1id":"qurtana","p2id":"foozeld","formatid":"gen9doublesou","rating":1336,"private":0,"password":""}