{"id":"gen9doublesou-1968956206","p1":"wyvernl0rd","p2":"PromiseOfStress","format":"[Gen 9] Doubles OU","log":"|j|\u2606wyvernl0rd\n|j|\u2606PromiseOfStress\n|t:|1697478325\n|gametype|doubles\n|player|p1|wyvernl0rd|winona|1656\n|player|p2|PromiseOfStress|clown|1564\n|teamsize|p1|6\n|teamsize|p2|6\n|gen|9\n|tier|[Gen 9] Doubles OU\n|rated|\n|rule|Species Clause: Limit one of each Pok\u00e9mon\n|rule|OHKO Clause: OHKO moves are banned\n|rule|Evasion Moves Clause: Evasion moves are banned\n|rule|Gravity Sleep Clause: The combination of sleep-inducing moves with imperfect accuracy and Gravity or Gigantamax Orbeetle are banned\n|rule|Endless Battle Clause: Forcing endless battles is banned\n|rule|HP Percentage Mod: HP is shown in percentages\n|clearpoke\n|poke|p1|Iron Bundle|\n|poke|p1|Ninetales-Alola, M|\n|poke|p1|Gholdengo|\n|poke|p1|Iron Hands|\n|poke|p1|Landorus-Therian, M|\n|poke|p1|Ogerpon-Wellspring, F|\n|poke|p2|Palafin, M|\n|poke|p2|Rillaboom, M|\n|poke|p2|Mew|\n|poke|p2|Ting-Lu|\n|poke|p2|Qwilfish-Hisui, F|\n|poke|p2|Spectrier|\n|teampreview\n|inactive|Battle timer is ON: inactive players will automatically lose when time's up. (requested by wyvernl0rd)\n|\n|t:|1697478340\n|start\n|switch|p1a: Ninetales|Ninetales-Alola, M|100\/100\n|switch|p1b: Iron Bundle|Iron Bundle|100\/100\n|switch|p2a: Palafin|Palafin, M|100\/100\n|switch|p2b: Mew|Mew|100\/100\n|-weather|Snow|[from] ability: Snow Warning|[of] p1a: Ninetales\n|turn|1\n|\n|t:|1697478352\n|move|p2a: Palafin|Protect|p2a: Palafin\n|-singleturn|p2a: Palafin|Protect\n|move|p1b: Iron Bundle|Freeze-Dry|p2a: Palafin\n|-activate|p2a: Palafin|move: Protect\n|move|p1a: Ninetales|Aurora Veil|p1a: Ninetales\n|-sidestart|p1: wyvernl0rd|move: Aurora Veil\n|move|p2b: Mew|Snarl|p1b: Iron Bundle|[spread] p1a\n|-miss|p2b: Mew|p1b: Iron Bundle\n|-resisted|p1a: Ninetales\n|-damage|p1a: Ninetales|97\/100\n|-unboost|p1a: Ninetales|spa|1\n|\n|-weather|Snow|[upkeep]\n|upkeep\n|turn|2\n|\n|t:|1697478367\n|switch|p1a: Ogerpon|Ogerpon-Wellspring, F|100\/100\n|detailschange|p2a: Palafin|Palafin-Hero, M\n|switch|p2a: Qwilfish|Qwilfish-Hisui, F|100\/100\n|-ability|p2a: Qwilfish|Intimidate|boost\n|-unboost|p1a: Ogerpon|atk|1\n|-unboost|p1b: Iron Bundle|atk|1\n|move|p1b: Iron Bundle|Freeze-Dry|p2a: Qwilfish\n|-damage|p2a: Qwilfish|72\/100\n|move|p2b: Mew|Stealth Rock|p1a: Ogerpon\n|-sidestart|p1: wyvernl0rd|move: Stealth Rock\n|\n|-weather|Snow|[upkeep]\n|upkeep\n|turn|3\n|\n|t:|1697478388\n|switch|p1a: Landorus|Landorus-Therian, M|100\/100\n|-damage|p1a: Landorus|88\/100|[from] Stealth Rock\n|-ability|p1a: Landorus|Intimidate|boost\n|-unboost|p2a: Qwilfish|atk|1\n|-unboost|p2b: Mew|atk|1\n|-terastallize|p1b: Iron Bundle|Ice\n|move|p1b: Iron Bundle|Blizzard|p2b: Mew|[spread] p2a,p2b\n|-damage|p2a: Qwilfish|24\/100\n|-damage|p2b: Mew|53\/100\n|move|p2b: Mew|Snarl|p1b: Iron Bundle|[spread] p1a,p1b\n|-damage|p1a: Landorus|82\/100\n|-damage|p1b: Iron Bundle|87\/100\n|-unboost|p1a: Landorus|spa|1\n|-unboost|p1b: Iron Bundle|spa|1\n|move|p2a: Qwilfish|Barb Barrage|p1a: Landorus\n|-resisted|p1a: Landorus\n|-damage|p1a: Landorus|79\/100\n|\n|-weather|Snow|[upkeep]\n|upkeep\n|turn|4\n|\n|t:|1697478418\n|switch|p2a: Palafin|Palafin-Hero, M|100\/100\n|-activate|p2a: Palafin|ability: Zero to Hero\n|move|p1b: Iron Bundle|Blizzard|p2a: Palafin|[spread] p2a,p2b\n|-resisted|p2a: Palafin\n|-damage|p2a: Palafin|81\/100\n|-damage|p2b: Mew|21\/100\n|-enditem|p2b: Mew|Sitrus Berry|[eat]\n|-heal|p2b: Mew|46\/100|[from] item: Sitrus Berry\n|move|p2b: Mew|Snarl|p1a: Landorus|[spread] p1a,p1b\n|-damage|p1a: Landorus|72\/100\n|-damage|p1b: Iron Bundle|75\/100\n|-unboost|p1a: Landorus|spa|1\n|-unboost|p1b: Iron Bundle|spa|1\n|move|p1a: Landorus|Stealth Rock|p2b: Mew\n|-sidestart|p2: PromiseOfStress|move: Stealth Rock\n|\n|-weather|Snow|[upkeep]\n|-heal|p2a: Palafin|87\/100|[from] item: Leftovers\n|upkeep\n|turn|5\n|\n|t:|1697478448\n|-end|p1b: Iron Bundle|Quark Drive|[silent]\n|switch|p1b: Ogerpon|Ogerpon-Wellspring, F|100\/100\n|-damage|p1b: Ogerpon|88\/100|[from] Stealth Rock\n|move|p2a: Palafin|Protect|p2a: Palafin\n|-singleturn|p2a: Palafin|Protect\n|move|p2b: Mew|Spikes|p1b: Ogerpon\n|-sidestart|p1: wyvernl0rd|Spikes\n|move|p1a: Landorus|U-turn|p2b: Mew\n|-supereffective|p2b: Mew\n|-damage|p2b: Mew|11\/100\n|\n|t:|1697478462\n|switch|p1a: Iron Bundle|Iron Bundle, tera:Ice|75\/100|[from] U-turn\n|-damage|p1a: Iron Bundle|50\/100|[from] Stealth Rock\n|-damage|p1a: Iron Bundle|38\/100|[from] Spikes\n|\n|-weather|none\n|-heal|p2a: Palafin|93\/100|[from] item: Leftovers\n|upkeep\n|turn|6\n|\n|t:|1697478476\n|switch|p2a: Qwilfish|Qwilfish-Hisui, F|24\/100\n|-damage|p2a: Qwilfish|12\/100|[from] Stealth Rock\n|-ability|p2a: Qwilfish|Intimidate|boost\n|-unboost|p1a: Iron Bundle|atk|1\n|-unboost|p1b: Ogerpon|atk|1\n|move|p1b: Ogerpon|Follow Me|p1b: Ogerpon\n|-singleturn|p1b: Ogerpon|move: Follow Me\n|move|p1a: Iron Bundle|Freeze-Dry|p2a: Qwilfish\n|-damage|p2a: Qwilfish|0 fnt\n|faint|p2a: Qwilfish\n|move|p2b: Mew|Spikes|p1a: Iron Bundle\n|-sidestart|p1: wyvernl0rd|Spikes\n|\n|upkeep\n|\n|t:|1697478492\n|switch|p2a: Rillaboom|Rillaboom, M|100\/100\n|-damage|p2a: Rillaboom|88\/100|[from] Stealth Rock\n|-fieldstart|move: Grassy Terrain|[from] ability: Grassy Surge|[of] p2a: Rillaboom\n|turn|7\n|\n|t:|1697478504\n|switch|p1b: Ninetales|Ninetales-Alola, M|97\/100\n|-damage|p1b: Ninetales|72\/100|[from] Stealth Rock\n|-damage|p1b: Ninetales|56\/100|[from] Spikes\n|-weather|Snow|[from] ability: Snow Warning|[of] p1b: Ninetales\n|move|p2a: Rillaboom|Fake Out|p1a: Iron Bundle\n|-damage|p1a: Iron Bundle|30\/100\n|cant|p1a: Iron Bundle|flinch\n|move|p2b: Mew|Spikes|p1a: Iron Bundle\n|-sidestart|p1: wyvernl0rd|Spikes\n|\n|-weather|Snow|[upkeep]\n|-heal|p1a: Iron Bundle|36\/100|[from] Grassy Terrain\n|-heal|p1b: Ninetales|62\/100|[from] Grassy Terrain\n|-heal|p2b: Mew|17\/100|[from] Grassy Terrain\n|-heal|p2a: Rillaboom|94\/100|[from] Grassy Terrain\n|upkeep\n|turn|8\n|\n|t:|1697478532\n|move|p1a: Iron Bundle|Blizzard|p2a: Rillaboom|[spread] p2a,p2b\n|-supereffective|p2a: Rillaboom\n|-damage|p2a: Rillaboom|0 fnt\n|-damage|p2b: Mew|0 fnt\n|faint|p2a: Rillaboom\n|faint|p2b: Mew\n|move|p1b: Ninetales|Freeze-Dry|p2: Rillaboom|[notarget]\n|-fail|p1b: Ninetales\n|\n|-weather|Snow|[upkeep]\n|-heal|p1a: Iron Bundle|42\/100|[from] Grassy Terrain\n|-heal|p1b: Ninetales|68\/100|[from] Grassy Terrain\n|-sideend|p1: wyvernl0rd|move: Aurora Veil\n|upkeep\n|inactive|PromiseOfStress has 120 seconds left.\n|\n|t:|1697478550\n|switch|p2b: Palafin|Palafin-Hero, M|93\/100\n|switch|p2a: Ting-Lu|Ting-Lu|100\/100\n|-damage|p2b: Palafin|81\/100|[from] Stealth Rock\n|-damage|p2a: Ting-Lu|94\/100|[from] Stealth Rock\n|-ability|p2a: Ting-Lu|Vessel of Ruin\n|turn|9\n|inactive|PromiseOfStress has 120 seconds left.\n|\n|t:|1697478571\n|move|p2b: Palafin|Jet Punch|p1a: Iron Bundle\n|-damage|p1a: Iron Bundle|8\/100\n|move|p1a: Iron Bundle|Blizzard|p2b: Palafin|[spread] p2a,p2b\n|-supereffective|p2a: Ting-Lu\n|-resisted|p2b: Palafin\n|-damage|p2a: Ting-Lu|37\/100\n|-damage|p2b: Palafin|58\/100\n|move|p1b: Ninetales|Aurora Veil|p1b: Ninetales\n|-sidestart|p1: wyvernl0rd|move: Aurora Veil\n|move|p2a: Ting-Lu|Heavy Slam|p1b: Ninetales\n|-supereffective|p1b: Ninetales\n|-damage|p1b: Ninetales|6\/100\n|\n|-weather|Snow|[upkeep]\n|-heal|p1a: Iron Bundle|14\/100|[from] Grassy Terrain\n|-heal|p1b: Ninetales|12\/100|[from] Grassy Terrain\n|-heal|p2b: Palafin|64\/100|[from] Grassy Terrain\n|-heal|p2b: Palafin|70\/100|[from] item: Leftovers\n|-heal|p2a: Ting-Lu|43\/100|[from] Grassy Terrain\n|-heal|p2a: Ting-Lu|49\/100|[from] item: Leftovers\n|upkeep\n|turn|10\n|inactive|PromiseOfStress has 120 seconds left.\n|\n|t:|1697478601\n|move|p2b: Palafin|Protect|p2b: Palafin\n|-singleturn|p2b: Palafin|Protect\n|move|p1a: Iron Bundle|Freeze-Dry|p2b: Palafin\n|-activate|p2b: Palafin|move: Protect\n|move|p1b: Ninetales|Freeze-Dry|p2b: Palafin\n|-activate|p2b: Palafin|move: Protect\n|move|p2a: Ting-Lu|Whirlwind|p1a: Iron Bundle\n|-end|p1a: Iron Bundle|Quark Drive|[silent]\n|drag|p1a: Landorus|Landorus-Therian, M|72\/100\n|-damage|p1a: Landorus|60\/100|[from] Stealth Rock\n|-ability|p1a: Landorus|Intimidate|boost\n|-unboost|p2a: Ting-Lu|atk|1\n|-unboost|p2b: Palafin|atk|1\n|\n|-weather|Snow|[upkeep]\n|-heal|p1b: Ninetales|18\/100|[from] Grassy Terrain\n|-heal|p2b: Palafin|76\/100|[from] Grassy Terrain\n|-heal|p2b: Palafin|83\/100|[from] item: Leftovers\n|-heal|p2a: Ting-Lu|55\/100|[from] Grassy Terrain\n|-heal|p2a: Ting-Lu|62\/100|[from] item: Leftovers\n|upkeep\n|turn|11\n|inactive|PromiseOfStress has 120 seconds left.\n|\n|t:|1697478637\n|move|p1b: Ninetales|Freeze-Dry|p2b: Palafin\n|-supereffective|p2b: Palafin\n|-damage|p2b: Palafin|54\/100\n|-status|p2b: Palafin|frz\n|cant|p2b: Palafin|frz\n|move|p1a: Landorus|Stomping Tantrum|p2b: Palafin\n|-damage|p2b: Palafin|16\/100 frz\n|move|p2a: Ting-Lu|Heavy Slam|p1b: Ninetales\n|-supereffective|p1b: Ninetales\n|-damage|p1b: Ninetales|0 fnt\n|faint|p1b: Ninetales\n|\n|-weather|none\n|-heal|p2b: Palafin|22\/100 frz|[from] Grassy Terrain\n|-heal|p2b: Palafin|28\/100 frz|[from] item: Leftovers\n|-heal|p2a: Ting-Lu|68\/100|[from] Grassy Terrain\n|-heal|p2a: Ting-Lu|74\/100|[from] item: Leftovers\n|-fieldend|move: Grassy Terrain\n|upkeep\n|c|\u2606PromiseOfStress|rip\n|\n|t:|1697478653\n|switch|p1b: Ogerpon|Ogerpon-Wellspring, F|88\/100\n|-damage|p1b: Ogerpon|76\/100|[from] Stealth Rock\n|-damage|p1b: Ogerpon|51\/100|[from] Spikes\n|turn|12\n|\n|t:|1697478666\n|cant|p2b: Palafin|frz\n|move|p1b: Ogerpon|Power Whip|p2b: Palafin\n|-supereffective|p2b: Palafin\n|-damage|p2b: Palafin|0 fnt\n|faint|p2b: Palafin\n|move|p1a: Landorus|Stomping Tantrum|p2a: Ting-Lu\n|-damage|p2a: Ting-Lu|52\/100\n|move|p2a: Ting-Lu|Whirlwind|p1b: Ogerpon\n|drag|p1b: Iron Hands|Iron Hands|100\/100\n|-damage|p1b: Iron Hands|94\/100|[from] Stealth Rock\n|-damage|p1b: Iron Hands|69\/100|[from] Spikes\n|\n|-heal|p2a: Ting-Lu|58\/100|[from] item: Leftovers\n|upkeep\n|\n|t:|1697478677\n|switch|p2b: Spectrier|Spectrier|100\/100\n|-damage|p2b: Spectrier|88\/100|[from] Stealth Rock\n|turn|13\n|inactive|wyvernl0rd has 120 seconds left.\n|\n|t:|1697478726\n|move|p2b: Spectrier|Protect|p2b: Spectrier\n|-singleturn|p2b: Spectrier|Protect\n|move|p1a: Landorus|U-turn|p2a: Ting-Lu\n|-supereffective|p2a: Ting-Lu\n|-damage|p2a: Ting-Lu|32\/100\n|\n|t:|1697478728\n|switch|p1a: Ogerpon|Ogerpon-Wellspring, F|51\/100|[from] U-turn\n|-damage|p1a: Ogerpon|38\/100|[from] Stealth Rock\n|-damage|p1a: Ogerpon|13\/100|[from] Spikes\n|move|p1b: Iron Hands|Wild Charge|p2b: Spectrier\n|-activate|p2b: Spectrier|move: Protect\n|move|p2a: Ting-Lu|Stomping Tantrum|p1b: Iron Hands\n|-supereffective|p1b: Iron Hands\n|-damage|p1b: Iron Hands|54\/100\n|\n|-heal|p2a: Ting-Lu|39\/100|[from] item: Leftovers\n|upkeep\n|turn|14\n|\n|t:|1697478748\n|move|p2b: Spectrier|Shadow Ball|p1a: Ogerpon\n|-damage|p1a: Ogerpon|0 fnt\n|faint|p1a: Ogerpon\n|-ability|p2b: Spectrier|Grim Neigh|boost\n|-boost|p2b: Spectrier|spa|1\n|move|p1b: Iron Hands|Wild Charge|p2b: Spectrier\n|-damage|p2b: Spectrier|23\/100\n|-damage|p1b: Iron Hands|40\/100|[from] Recoil\n|move|p2a: Ting-Lu|Whirlwind|p1b: Iron Hands\n|-end|p1b: Iron Hands|Quark Drive|[silent]\n|drag|p1b: Iron Bundle|Iron Bundle, tera:Ice|14\/100\n|-damage|p1b: Iron Bundle|0 fnt|[from] Stealth Rock\n|faint|p1b: Iron Bundle\n|-end|p1b: Iron Bundle|Quark Drive|[silent]\n|\n|-heal|p2a: Ting-Lu|45\/100|[from] item: Leftovers\n|upkeep\n|inactive|wyvernl0rd has 120 seconds left.\n|-message|wyvernl0rd forfeited.\n|\n|win|PromiseOfStress\n|raw|wyvernl0rd's rating: 1656 &rarr; <strong>1631<\/strong><br \/>(-25 for losing)\n|raw|PromiseOfStress's rating: 1564 &rarr; <strong>1589<\/strong><br \/>(+25 for winning)\n|l|\u2606wyvernl0rd\n","uploadtime":1697479217,"views":23,"p1id":"wyvernl0rd","p2id":"promiseofstress","formatid":"gen9doublesou","rating":1589,"private":0,"password":""}