{"id":"gen9doublesou-1979823869","p1":"LordSandaime","p2":"Arcticblast","format":"[Gen 9] Doubles OU","log":"|j|\u2606LordSandaime\n|j|\u2606Arcticblast\n|t:|1698717016\n|gametype|doubles\n|player|p1|LordSandaime|alder|1625\n|player|p2|Arcticblast|will|1795\n|teamsize|p1|6\n|teamsize|p2|6\n|gen|9\n|tier|[Gen 9] Doubles OU\n|rated|\n|rule|Species Clause: Limit one of each Pok\u00e9mon\n|rule|OHKO Clause: OHKO moves are banned\n|rule|Evasion Moves Clause: Evasion moves are banned\n|rule|Gravity Sleep Clause: The combination of sleep-inducing moves with imperfect accuracy and Gravity or Gigantamax Orbeetle are banned\n|rule|Endless Battle Clause: Forcing endless battles is banned\n|rule|HP Percentage Mod: HP is shown in percentages\n|clearpoke\n|poke|p1|Tyranitar, M|\n|poke|p1|Sneasler, M|\n|poke|p1|Gholdengo|\n|poke|p1|Volcarona, M|\n|poke|p1|Farigiraf, M|\n|poke|p1|Azumarill, M|\n|poke|p2|Ninetales-Alola, M|\n|poke|p2|Baxcalibur, M|\n|poke|p2|Heatran, M|\n|poke|p2|Iron Hands|\n|poke|p2|Ogerpon-Wellspring, F|\n|poke|p2|Diancie|\n|teampreview\n|inactive|Battle timer is ON: inactive players will automatically lose when time's up. (requested by LordSandaime)\n|inactive|Arcticblast has 120 seconds left.\n|\n|t:|1698717054\n|start\n|switch|p1a: Sneasler|Sneasler, M|100\/100\n|switch|p1b: Gholdengo|Gholdengo|100\/100\n|switch|p2a: Ninetales|Ninetales-Alola, M|100\/100\n|switch|p2b: Iron Hands|Iron Hands|100\/100\n|-weather|Snow|[from] ability: Snow Warning|[of] p2a: Ninetales\n|turn|1\n|\n|t:|1698717074\n|switch|p1b: Tyranitar|Tyranitar, M|100\/100\n|-weather|Sandstorm|[from] ability: Sand Stream|[of] p1b: Tyranitar\n|move|p2a: Ninetales|Protect|p2a: Ninetales\n|-singleturn|p2a: Ninetales|Protect\n|move|p1a: Sneasler|Dire Claw|p2b: Iron Hands\n|-crit|p2b: Iron Hands\n|-damage|p2b: Iron Hands|52\/100\n|move|p2b: Iron Hands|Wild Charge|p1a: Sneasler\n|-damage|p1a: Sneasler|7\/100\n|-damage|p2b: Iron Hands|37\/100|[from] Recoil\n|\n|-weather|Sandstorm|[upkeep]\n|-damage|p2a: Ninetales|94\/100|[from] Sandstorm\n|-damage|p1a: Sneasler|1\/100|[from] Sandstorm\n|-damage|p2b: Iron Hands|31\/100|[from] Sandstorm\n|upkeep\n|turn|2\n|\n|t:|1698717102\n|switch|p2a: Diancie|Diancie|100\/100\n|-end|p2b: Iron Hands|Quark Drive|[silent]\n|switch|p2b: Ogerpon|Ogerpon-Wellspring, F|100\/100\n|move|p1a: Sneasler|Dire Claw|p2b: Ogerpon\n|-supereffective|p2b: Ogerpon\n|-damage|p2b: Ogerpon|4\/100\n|move|p1b: Tyranitar|Rock Slide|p2b: Ogerpon|[spread] p2a\n|-miss|p1b: Tyranitar|p2b: Ogerpon\n|-damage|p2a: Diancie|75\/100\n|\n|-weather|Sandstorm|[upkeep]\n|-damage|p1a: Sneasler|0 fnt|[from] Sandstorm\n|-damage|p2b: Ogerpon|0 fnt|[from] Sandstorm\n|faint|p1a: Sneasler\n|faint|p2b: Ogerpon\n|upkeep\n|\n|t:|1698717117\n|switch|p1a: Gholdengo|Gholdengo|100\/100\n|switch|p2b: Ninetales|Ninetales-Alola, M|94\/100\n|-weather|Snow|[from] ability: Snow Warning|[of] p2b: Ninetales\n|turn|3\n|\n|t:|1698717138\n|move|p2a: Diancie|Protect|p2a: Diancie\n|-singleturn|p2a: Diancie|Protect\n|move|p1a: Gholdengo|Make It Rain|p2b: Ninetales|[spread] p2b\n|-activate|p2a: Diancie|move: Protect\n|-supereffective|p2b: Ninetales\n|-damage|p2b: Ninetales|0 fnt\n|-unboost|p1a: Gholdengo|spa|1\n|faint|p2b: Ninetales\n|move|p1b: Tyranitar|Rock Slide|p2a: Diancie\n|-activate|p2a: Diancie|move: Protect\n|\n|-weather|Snow|[upkeep]\n|upkeep\n|inactive|Arcticblast has 120 seconds left.\n|\n|t:|1698717155\n|switch|p2b: Heatran|Heatran, M|100\/100\n|turn|4\n|\n|t:|1698717162\n|switch|p1a: Farigiraf|Farigiraf, M|100\/100\n|switch|p1b: Azumarill|Azumarill, M|100\/100\n|switch|p2a: Iron Hands|Iron Hands|31\/100\n|move|p2b: Heatran|Flash Cannon|p1b: Azumarill\n|-damage|p1b: Azumarill|41\/100\n|-enditem|p1b: Azumarill|Sitrus Berry|[eat]\n|-heal|p1b: Azumarill|66\/100|[from] item: Sitrus Berry\n|-damage|p2b: Heatran|91\/100|[from] item: Life Orb\n|\n|-weather|Snow|[upkeep]\n|upkeep\n|turn|5\n|\n|t:|1698717184\n|move|p1b: Azumarill|Aqua Jet|p2b: Heatran\n|-supereffective|p2b: Heatran\n|-damage|p2b: Heatran|43\/100\n|move|p2b: Heatran|Heat Wave|p1b: Azumarill|[spread] p1a,p1b\n|-resisted|p1b: Azumarill\n|-damage|p1a: Farigiraf|50\/100\n|-damage|p1b: Azumarill|38\/100\n|-damage|p2b: Heatran|33\/100|[from] item: Life Orb\n|move|p2a: Iron Hands|Wild Charge|p1b: Azumarill\n|-supereffective|p1b: Azumarill\n|-damage|p1b: Azumarill|0 fnt\n|faint|p1b: Azumarill\n|-damage|p2a: Iron Hands|23\/100|[from] Recoil\n|move|p1a: Farigiraf|Psychic|p2a: Iron Hands\n|-supereffective|p2a: Iron Hands\n|-damage|p2a: Iron Hands|0 fnt\n|faint|p2a: Iron Hands\n|-end|p2a: Iron Hands|Quark Drive|[silent]\n|\n|-weather|Snow|[upkeep]\n|upkeep\n|\n|t:|1698717202\n|switch|p2a: Diancie|Diancie|75\/100\n|switch|p1b: Gholdengo|Gholdengo|100\/100\n|turn|6\n|\n|t:|1698717228\n|move|p2b: Heatran|Protect|p2b: Heatran\n|-singleturn|p2b: Heatran|Protect\n|move|p2a: Diancie|Protect|p2a: Diancie\n|-singleturn|p2a: Diancie|Protect\n|move|p1b: Gholdengo|Make It Rain|p2b: Heatran|[spread] \n|-activate|p2a: Diancie|move: Protect\n|-activate|p2b: Heatran|move: Protect\n|move|p1a: Farigiraf|Psychic|p2b: Heatran\n|-activate|p2b: Heatran|move: Protect\n|\n|-weather|Snow|[upkeep]\n|upkeep\n|turn|7\n|\n|t:|1698717244\n|-terastallize|p2a: Diancie|Fire\n|move|p1b: Gholdengo|Make It Rain|p2a: Diancie|[spread] p2a,p2b\n|-resisted|p2a: Diancie\n|-resisted|p2b: Heatran\n|-damage|p2a: Diancie|58\/100\n|-damage|p2b: Heatran|23\/100\n|-unboost|p1b: Gholdengo|spa|1\n|move|p2b: Heatran|Heat Wave|p1b: Gholdengo|[spread] p1a,p1b\n|-supereffective|p1b: Gholdengo\n|-damage|p1a: Farigiraf|0 fnt\n|-damage|p1b: Gholdengo|0 fnt\n|faint|p1a: Farigiraf\n|faint|p1b: Gholdengo\n|-damage|p2b: Heatran|13\/100|[from] item: Life Orb\n|move|p2a: Diancie|Trick Room|p2a: Diancie\n|-fieldstart|move: Trick Room|[of] p2a: Diancie\n|\n|-weather|none\n|upkeep\n|\n|t:|1698717249\n|switch|p1a: Volcarona|Volcarona, M|100\/100\n|switch|p1b: Tyranitar|Tyranitar, M|100\/100\n|-weather|Sandstorm|[from] ability: Sand Stream|[of] p1b: Tyranitar\n|turn|8\n|\n|t:|1698717278\n|-terastallize|p1a: Volcarona|Grass\n|move|p2a: Diancie|Protect|p2a: Diancie\n|-singleturn|p2a: Diancie|Protect\n|move|p1a: Volcarona|Rage Powder|p1a: Volcarona\n|-singleturn|p1a: Volcarona|move: Rage Powder\n|move|p1b: Tyranitar|Rock Slide|p2a: Diancie|[spread] p2b\n|-activate|p2a: Diancie|move: Protect\n|-damage|p2b: Heatran|0 fnt\n|faint|p2b: Heatran\n|\n|-weather|Sandstorm|[upkeep]\n|-damage|p1a: Volcarona|94\/100|[from] Sandstorm\n|upkeep\n|inactive|Arcticblast has 120 seconds left.\n|\n|t:|1698717289\n|switch|p2b: Baxcalibur|Baxcalibur, M|100\/100\n|turn|9\n|\n|t:|1698717303\n|move|p1a: Volcarona|Rage Powder|p1a: Volcarona\n|-singleturn|p1a: Volcarona|move: Rage Powder\n|move|p2a: Diancie|Diamond Storm|p1a: Volcarona|[spread] p1b\n|-miss|p2a: Diancie|p1a: Volcarona\n|-damage|p1b: Tyranitar|70\/100\n|move|p1b: Tyranitar|Rock Slide|p2b: Baxcalibur|[spread] p2a,p2b\n|-supereffective|p2a: Diancie\n|-supereffective|p2b: Baxcalibur\n|-damage|p2a: Diancie|2\/100\n|-damage|p2b: Baxcalibur|43\/100\n|move|p2b: Baxcalibur|Glaive Rush|p1a: Volcarona\n|-damage|p1a: Volcarona|0 fnt\n|-singlemove|p2b: Baxcalibur|Glaive Rush|[silent]\n|faint|p1a: Volcarona\n|\n|-weather|Sandstorm|[upkeep]\n|-damage|p2b: Baxcalibur|37\/100|[from] Sandstorm\n|upkeep\n|turn|10\n|inactive|Arcticblast has 120 seconds left.\n|\n|t:|1698717333\n|move|p2b: Baxcalibur|Protect|p2b: Baxcalibur\n|-singleturn|p2b: Baxcalibur|Protect\n|move|p2a: Diancie|Body Press|p1b: Tyranitar\n|-supereffective|p1b: Tyranitar\n|-damage|p1b: Tyranitar|0 fnt\n|faint|p1b: Tyranitar\n|\n|win|Arcticblast\n|raw|LordSandaime's rating: 1625 &rarr; <strong>1614<\/strong><br \/>(-11 for losing)\n|raw|Arcticblast's rating: 1795 &rarr; <strong>1806<\/strong><br \/>(+11 for winning)\n|c|\u2606Arcticblast|gg\n|l|\u2606LordSandaime\n|l|\u2606Arcticblast\n","uploadtime":1698717348,"views":24,"p1id":"lordsandaime","p2id":"arcticblast","formatid":"gen9doublesou","rating":1614,"private":0,"password":""}