{"id":"gen9doublesou-1994426308","p1":"Block601","p2":"reposefulpallas","format":"[Gen 9] Doubles OU","log":"|j|\u2606Block601\n|j|\u2606reposefulpallas\n|t:|1700442611\n|gametype|doubles\n|player|p1|Block601|101|1431\n|player|p2|reposefulpallas|psychic-gen3|1503\n|teamsize|p1|6\n|teamsize|p2|6\n|gen|9\n|tier|[Gen 9] Doubles OU\n|rated|\n|rule|Species Clause: Limit one of each Pok\u00e9mon\n|rule|OHKO Clause: OHKO moves are banned\n|rule|Evasion Moves Clause: Evasion moves are banned\n|rule|Gravity Sleep Clause: The combination of sleep-inducing moves with imperfect accuracy and Gravity or Gigantamax Orbeetle are banned\n|rule|Endless Battle Clause: Forcing endless battles is banned\n|rule|HP Percentage Mod: HP is shown in percentages\n|clearpoke\n|poke|p1|Gholdengo|\n|poke|p1|Ogerpon-Wellspring, F|\n|poke|p1|Chien-Pao|\n|poke|p1|Dragapult, M|\n|poke|p1|Garchomp, M|\n|poke|p1|Chi-Yu|\n|poke|p2|Kommo-o, M|\n|poke|p2|Arcanine-Hisui, F|\n|poke|p2|Sinistcha|\n|poke|p2|Illumise, F|\n|poke|p2|Oricorio-Pom-Pom, M|\n|poke|p2|Chi-Yu|\n|teampreview\n|inactive|Battle timer is ON: inactive players will automatically lose when time's up. (requested by Block601)\n|\n|t:|1700442617\n|start\n|switch|p1a: Gholdengo|Gholdengo|100\/100\n|switch|p1b: Garchomp|Garchomp, M|100\/100\n|switch|p2a: Trap Queen|Illumise, F|100\/100\n|switch|p2b: Girl's Best Friend|Arcanine-Hisui, F|100\/100\n|-ability|p2b: Girl's Best Friend|Intimidate|boost\n|-unboost|p1a: Gholdengo|atk|1\n|-unboost|p1b: Garchomp|atk|1\n|turn|1\n|\n|t:|1700442630\n|-terastallize|p2b: Girl's Best Friend|Rock\n|-terastallize|p1a: Gholdengo|Flying\n|move|p2a: Trap Queen|Charm|p1b: Garchomp\n|-unboost|p1b: Garchomp|atk|2\n|move|p1b: Garchomp|Earthquake|p2b: Girl's Best Friend|[spread] p2a,p2b\n|-immune|p1a: Gholdengo\n|-resisted|p2a: Trap Queen\n|-supereffective|p2b: Girl's Best Friend\n|-damage|p2a: Trap Queen|89\/100\n|-damage|p2b: Girl's Best Friend|46\/100\n|-damage|p1b: Garchomp|91\/100|[from] item: Life Orb\n|move|p2b: Girl's Best Friend|Flare Blitz|p1a: Gholdengo\n|-damage|p1a: Gholdengo|33\/100\n|-damage|p2b: Girl's Best Friend|25\/100|[from] Recoil\n|move|p1a: Gholdengo|Make It Rain|p2b: Girl's Best Friend|[spread] p2a,p2b\n|-supereffective|p2b: Girl's Best Friend\n|-damage|p2a: Trap Queen|3\/100\n|-damage|p2b: Girl's Best Friend|0 fnt\n|-unboost|p1a: Gholdengo|spa|1\n|faint|p2b: Girl's Best Friend\n|\n|upkeep\n|\n|t:|1700442643\n|switch|p2b: Cup of Cancer|Sinistcha|100\/100\n|-heal|p2a: Trap Queen|28\/100|[from] ability: Hospitality|[of] p2b: Cup of Cancer\n|turn|2\n|\n|t:|1700442662\n|switch|p1b: Ogerpon|Ogerpon-Wellspring, F|100\/100\n|move|p2a: Trap Queen|Tailwind|p2a: Trap Queen\n|-sidestart|p2: reposefulpallas|move: Tailwind\n|move|p2b: Cup of Cancer|Matcha Gotcha|p1a: Gholdengo|[spread] p1a,p1b\n|-resisted|p1a: Gholdengo\n|-damage|p1a: Gholdengo|12\/100\n|-damage|p1b: Ogerpon|59\/100\n|-status|p1a: Gholdengo|brn\n|move|p1a: Gholdengo|Make It Rain|p2a: Trap Queen|[spread] p2a,p2b\n|-crit|p2b: Cup of Cancer\n|-damage|p2a: Trap Queen|0 fnt\n|-damage|p2b: Cup of Cancer|0 fnt\n|-unboost|p1a: Gholdengo|spa|1\n|faint|p2a: Trap Queen\n|faint|p2b: Cup of Cancer\n|\n|-damage|p1a: Gholdengo|6\/100 brn|[from] brn\n|upkeep\n|\n|t:|1700442666\n|switch|p2a: Disco King|Kommo-o, M|100\/100\n|switch|p2b: Backup Dancer|Oricorio-Pom-Pom, M|100\/100\n|turn|3\n|\n|t:|1700442693\n|move|p1b: Ogerpon|Spiky Shield|p1b: Ogerpon\n|-singleturn|p1b: Ogerpon|move: Protect\n|move|p2a: Disco King|Clangorous Soul|p2a: Disco King\n|-boost|p2a: Disco King|atk|1\n|-boost|p2a: Disco King|def|1\n|-boost|p2a: Disco King|spa|1\n|-boost|p2a: Disco King|spd|1\n|-boost|p2a: Disco King|spe|1\n|-damage|p2a: Disco King|68\/100\n|-activate|p2b: Backup Dancer|ability: Dancer\n|move|p2b: Backup Dancer|Clangorous Soul|p2b: Backup Dancer|[from]ability: Dancer\n|-boost|p2b: Backup Dancer|atk|1\n|-boost|p2b: Backup Dancer|def|1\n|-boost|p2b: Backup Dancer|spa|1\n|-boost|p2b: Backup Dancer|spd|1\n|-boost|p2b: Backup Dancer|spe|1\n|-damage|p2b: Backup Dancer|68\/100\n|move|p2b: Backup Dancer|Air Slash|p1b: Ogerpon\n|-activate|p1b: Ogerpon|move: Protect\n|move|p1a: Gholdengo|Make It Rain|p2a: Disco King|[spread] p2a,p2b\n|-resisted|p2b: Backup Dancer\n|-damage|p2a: Disco King|40\/100\n|-damage|p2b: Backup Dancer|50\/100\n|-unboost|p1a: Gholdengo|spa|1\n|\n|-heal|p2b: Backup Dancer|56\/100|[from] item: Leftovers\n|-damage|p1a: Gholdengo|0 fnt|[from] brn\n|faint|p1a: Gholdengo\n|upkeep\n|inactive|Block601 has 120 seconds left.\n|\n|t:|1700442726\n|switch|p1a: Chien-Pao|Chien-Pao|100\/100\n|-ability|p1a: Chien-Pao|Sword of Ruin\n|turn|4\n|inactive|Block601 has 120 seconds left.\n|\n|t:|1700442739\n|move|p1a: Chien-Pao|Ice Shard|p2b: Backup Dancer\n|-supereffective|p2b: Backup Dancer\n|-damage|p2b: Backup Dancer|5\/100\n|move|p2a: Disco King|Drain Punch|p1a: Chien-Pao\n|-supereffective|p1a: Chien-Pao\n|-enditem|p1a: Chien-Pao|Focus Sash\n|-damage|p1a: Chien-Pao|1\/100\n|-heal|p2a: Disco King|91\/100|[from] drain|[of] p1a: Chien-Pao\n|move|p2b: Backup Dancer|Revelation Dance|p1a: Chien-Pao\n|-damage|p1a: Chien-Pao|0 fnt\n|faint|p1a: Chien-Pao\n|move|p1b: Ogerpon|Ivy Cudgel|p2a: Disco King|[anim] Ivy Cudgel Water\n|-resisted|p2a: Disco King\n|-damage|p2a: Disco King|73\/100\n|\n|-heal|p2b: Backup Dancer|11\/100|[from] item: Leftovers\n|upkeep\n|\n|t:|1700442760\n|switch|p1a: Chi-Yu|Chi-Yu|100\/100\n|-ability|p1a: Chi-Yu|Beads of Ruin\n|turn|5\n|inactive|Block601 has 120 seconds left.\n|\n|t:|1700442774\n|move|p2a: Disco King|Drain Punch|p1a: Chi-Yu\n|-supereffective|p1a: Chi-Yu\n|-damage|p1a: Chi-Yu|0 fnt\n|-heal|p2a: Disco King|100\/100|[from] drain|[of] p1a: Chi-Yu\n|faint|p1a: Chi-Yu\n|move|p2b: Backup Dancer|Air Slash|p1b: Ogerpon\n|-supereffective|p1b: Ogerpon\n|-damage|p1b: Ogerpon|0 fnt\n|faint|p1b: Ogerpon\n|\n|-heal|p2b: Backup Dancer|17\/100|[from] item: Leftovers\n|-sideend|p2: reposefulpallas|move: Tailwind\n|upkeep\n|\n|t:|1700442783\n|switch|p1b: Garchomp|Garchomp, M|91\/100\n|switch|p1a: Dragapult|Dragapult, M|100\/100\n|turn|6\n|\n|t:|1700442792\n|move|p1b: Garchomp|Protect|p1b: Garchomp\n|-singleturn|p1b: Garchomp|Protect\n|move|p2a: Disco King|Dragon Claw|p1a: Dragapult\n|-supereffective|p1a: Dragapult\n|-damage|p1a: Dragapult|0 fnt\n|faint|p1a: Dragapult\n|move|p2b: Backup Dancer|Air Slash|p1b: Garchomp\n|-activate|p1b: Garchomp|move: Protect\n|\n|-heal|p2b: Backup Dancer|23\/100|[from] item: Leftovers\n|upkeep\n|turn|7\n|\n|t:|1700442804\n|move|p2a: Disco King|Dragon Claw|p1b: Garchomp\n|-supereffective|p1b: Garchomp\n|-damage|p1b: Garchomp|0 fnt\n|-damage|p2a: Disco King|88\/100|[from] ability: Rough Skin|[of] p1b: Garchomp\n|faint|p1b: Garchomp\n|\n|win|reposefulpallas\n|raw|Block601's rating: 1431 &rarr; <strong>1415<\/strong><br \/>(-16 for losing)\n|raw|reposefulpallas's rating: 1503 &rarr; <strong>1519<\/strong><br \/>(+16 for winning)\n|c|\u2606reposefulpallas|ggwp\n|c|\u2606Block601|ggwp\n","uploadtime":1700442822,"views":10,"p1id":"block601","p2id":"reposefulpallas","formatid":"gen9doublesou","rating":1415,"private":0,"password":""}