{"id":"gen9doublesou-1971274009","p1":"Miss Toni","p2":"Mbozzo11","format":"[Gen 9] Doubles OU","log":"|j|\u2606Miss Toni\n|j|\u2606Mbozzo11\n|t:|1697725641\n|gametype|doubles\n|player|p1|Miss Toni|katy|1064\n|player|p2|Mbozzo11|1|1000\n|teamsize|p1|6\n|teamsize|p2|6\n|gen|9\n|tier|[Gen 9] Doubles OU\n|rated|\n|rule|Species Clause: Limit one of each Pok\u00e9mon\n|rule|OHKO Clause: OHKO moves are banned\n|rule|Evasion Moves Clause: Evasion moves are banned\n|rule|Gravity Sleep Clause: The combination of sleep-inducing moves with imperfect accuracy and Gravity or Gigantamax Orbeetle are banned\n|rule|Endless Battle Clause: Forcing endless battles is banned\n|rule|HP Percentage Mod: HP is shown in percentages\n|clearpoke\n|poke|p1|Wo-Chien|\n|poke|p1|Enamorus, F|\n|poke|p1|Rillaboom, M|\n|poke|p1|Cinderace, F|\n|poke|p1|Inteleon, M|\n|poke|p1|Pachirisu, F|\n|poke|p2|Furret, F|\n|poke|p2|Landorus-Therian, M|\n|poke|p2|Zapdos|\n|poke|p2|Cresselia, F|\n|poke|p2|Pincurchin, M|\n|poke|p2|Tornadus, M|\n|teampreview\n|\n|t:|1697725660\n|start\n|switch|p1a: Inteleon|Inteleon, M|100\/100\n|switch|p1b: Pachirisu|Pachirisu, F|100\/100\n|switch|p2a: Zapdos|Zapdos|100\/100\n|switch|p2b: Pincurchin|Pincurchin, M|100\/100\n|turn|1\n|inactive|Battle timer is ON: inactive players will automatically lose when time's up. (requested by Miss Toni)\n|\n|t:|1697725682\n|move|p1b: Pachirisu|Helping Hand|p1a: Inteleon\n|-singleturn|p1a: Inteleon|Helping Hand|[of] p1b: Pachirisu\n|move|p2a: Zapdos|Discharge|p1a: Inteleon|[spread] p1a\n|-ability|p2b: Pincurchin|Lightning Rod|boost\n|-boost|p2b: Pincurchin|spa|1\n|-immune|p1b: Pachirisu|[from] ability: Volt Absorb\n|-supereffective|p1a: Inteleon\n|-damage|p1a: Inteleon|13\/100\n|move|p1a: Inteleon|Ice Beam|p2a: Zapdos\n|-supereffective|p2a: Zapdos\n|-crit|p2a: Zapdos\n|-damage|p2a: Zapdos|0 fnt\n|faint|p2a: Zapdos\n|move|p2b: Pincurchin|Hex|p1b: Pachirisu\n|-damage|p1b: Pachirisu|68\/100\n|\n|upkeep\n|\n|t:|1697725701\n|switch|p2a: Furret|Furret, F|100\/100\n|-item|p1a: Inteleon|Razor Claw|[from] ability: Frisk|[of] p2a: Furret|[identify]\n|-item|p1b: Pachirisu|Iapapa Berry|[from] ability: Frisk|[of] p2a: Furret|[identify]\n|turn|2\n|\n|t:|1697725713\n|move|p1b: Pachirisu|Helping Hand|p1a: Inteleon\n|-singleturn|p1a: Inteleon|Helping Hand|[of] p1b: Pachirisu\n|move|p1a: Inteleon|Snipe Shot|p2b: Pincurchin\n|-damage|p2b: Pincurchin|15\/100\n|move|p2a: Furret|Trick|p1b: Pachirisu\n|-activate|p2a: Furret|move: Trick|[of] p1b: Pachirisu\n|-item|p1b: Pachirisu|Iron Ball|[from] move: Trick\n|-item|p2a: Furret|Iapapa Berry|[from] move: Trick\n|move|p2b: Pincurchin|Thunderbolt|p1a: Inteleon\n|-supereffective|p1a: Inteleon\n|-crit|p1a: Inteleon\n|-damage|p1a: Inteleon|0 fnt\n|faint|p1a: Inteleon\n|\n|upkeep\n|c|\u2606Miss Toni|Furret is faster than I thought\n|\n|t:|1697725732\n|switch|p1a: Enamorus|Enamorus, F|100\/100\n|turn|3\n|\n|t:|1697725743\n|move|p2a: Furret|Follow Me|p2a: Furret\n|-singleturn|p2a: Furret|move: Follow Me\n|move|p1a: Enamorus|Earth Power|p2a: Furret\n|-damage|p2a: Furret|58\/100\n|move|p1b: Pachirisu|Nuzzle|p2a: Furret\n|-damage|p2a: Furret|54\/100\n|-status|p2a: Furret|par\n|move|p2b: Pincurchin|Thunder|p1a: Enamorus\n|-supereffective|p1a: Enamorus\n|-damage|p1a: Enamorus|0 fnt\n|faint|p1a: Enamorus\n|\n|upkeep\n|inactive|Miss Toni has 120 seconds left.\n|\n|t:|1697725782\n|switch|p1a: Wo-Chien|Wo-Chien|100\/100\n|-ability|p1a: Wo-Chien|Tablets of Ruin\n|turn|4\n|\n|t:|1697725805\n|move|p1b: Pachirisu|Helping Hand|p1a: Wo-Chien\n|-singleturn|p1a: Wo-Chien|Helping Hand|[of] p1b: Pachirisu\n|move|p2a: Furret|Follow Me|p2a: Furret\n|-singleturn|p2a: Furret|move: Follow Me\n|move|p1a: Wo-Chien|Snarl|p2b: Pincurchin|[spread] p2a,p2b\n|-damage|p2a: Furret|19\/100 par\n|-damage|p2b: Pincurchin|0 fnt\n|-unboost|p2a: Furret|spa|1\n|-enditem|p2a: Furret|Iapapa Berry|[eat]\n|-heal|p2a: Furret|52\/100 par|[from] item: Iapapa Berry\n|faint|p2b: Pincurchin\n|\n|upkeep\n|\n|t:|1697725819\n|switch|p2b: Landorus|Landorus-Therian, M|100\/100\n|-ability|p2b: Landorus|Intimidate|boost\n|-unboost|p1a: Wo-Chien|atk|1\n|-unboost|p1b: Pachirisu|atk|1\n|turn|5\n|\n|t:|1697725834\n|switch|p1a: Cinderace|Cinderace, F|100\/100\n|cant|p2a: Furret|par\n|move|p2b: Landorus|Earthquake|p1b: Pachirisu|[spread] p2a,p1a,p1b\n|-supereffective|p1a: Cinderace\n|-supereffective|p1b: Pachirisu\n|-damage|p2a: Furret|7\/100 par\n|-damage|p1a: Cinderace|0 fnt\n|-damage|p1b: Pachirisu|0 fnt\n|faint|p1a: Cinderace\n|faint|p1b: Pachirisu\n|\n|upkeep\n|\n|t:|1697725844\n|switch|p1a: Rillaboom|Rillaboom, M|100\/100\n|switch|p1b: Wo-Chien|Wo-Chien|100\/100\n|-fieldstart|move: Grassy Terrain|[from] ability: Grassy Surge|[of] p1a: Rillaboom\n|-ability|p1b: Wo-Chien|Tablets of Ruin\n|turn|6\n|\n|t:|1697725859\n|-terastallize|p1b: Wo-Chien|Grass\n|move|p2a: Furret|Follow Me|p2a: Furret\n|-singleturn|p2a: Furret|move: Follow Me\n|move|p2b: Landorus|Earthquake|p1b: Wo-Chien|[spread] p2a,p1a,p1b\n|-resisted|p1a: Rillaboom\n|-crit|p1a: Rillaboom\n|-resisted|p1b: Wo-Chien\n|-damage|p2a: Furret|0 fnt\n|-damage|p1a: Rillaboom|89\/100\n|-damage|p1b: Wo-Chien|93\/100\n|faint|p2a: Furret\n|move|p1a: Rillaboom|Swords Dance|p1a: Rillaboom\n|-boost|p1a: Rillaboom|atk|2\n|move|p1b: Wo-Chien|Snarl|p2b: Landorus\n|-damage|p2b: Landorus|78\/100\n|-unboost|p2b: Landorus|spa|1\n|\n|-heal|p1a: Rillaboom|95\/100|[from] Grassy Terrain\n|-heal|p1b: Wo-Chien|99\/100|[from] Grassy Terrain\n|upkeep\n|\n|t:|1697725878\n|switch|p2a: Tornadus|Tornadus, M|100\/100\n|turn|7\n|\n|t:|1697725894\n|move|p1a: Rillaboom|Grassy Glide|p2a: Tornadus\n|-resisted|p2a: Tornadus\n|-damage|p2a: Tornadus|49\/100\n|move|p2a: Tornadus|Sludge Bomb|p1a: Rillaboom\n|-supereffective|p1a: Rillaboom\n|-damage|p1a: Rillaboom|43\/100\n|move|p2b: Landorus|Body Slam|p1b: Wo-Chien\n|-damage|p1b: Wo-Chien|73\/100\n|-status|p1b: Wo-Chien|par\n|cant|p1b: Wo-Chien|par\n|\n|-heal|p1a: Rillaboom|49\/100|[from] Grassy Terrain\n|-heal|p1b: Wo-Chien|79\/100 par|[from] Grassy Terrain\n|upkeep\n|turn|8\n|inactive|Mbozzo11 has 120 seconds left.\n|\n|t:|1697725925\n|move|p1a: Rillaboom|Grassy Glide|p2a: Tornadus\n|-resisted|p2a: Tornadus\n|-damage|p2a: Tornadus|0 fnt\n|faint|p2a: Tornadus\n|move|p2b: Landorus|Stone Edge|p1b: Wo-Chien\n|-damage|p1b: Wo-Chien|51\/100 par\n|move|p1b: Wo-Chien|Energy Ball|p2b: Landorus\n|-damage|p2b: Landorus|17\/100\n|\n|-heal|p1a: Rillaboom|55\/100|[from] Grassy Terrain\n|-heal|p1b: Wo-Chien|57\/100 par|[from] Grassy Terrain\n|upkeep\n|inactive|Mbozzo11 has 120 seconds left.\n|-message|Mbozzo11 forfeited.\n|\n|win|Miss Toni\n|raw|Miss Toni's rating: 1064 &rarr; <strong>1089<\/strong><br \/>(+25 for winning)\n|raw|Mbozzo11's rating: 1000 &rarr; <strong>1000<\/strong><br \/>(+0 for losing)\n|l|\u2606Mbozzo11\n","uploadtime":1697725954,"views":16,"p1id":"misstoni","p2id":"mbozzo11","formatid":"gen9doublesou","rating":1000,"private":0,"password":""}