{"id":"gen9doublesou-1969303899","p1":"wingwingy55","p2":"Gloryinmotin","format":"[Gen 9] Doubles OU","log":"|j|\u2606wingwingy55\n|j|\u2606Gloryinmotin\n|t:|1697511826\n|gametype|doubles\n|player|p1|wingwingy55|preschooler|1108\n|player|p2|Gloryinmotin|2|1167\n|teamsize|p1|6\n|teamsize|p2|6\n|gen|9\n|tier|[Gen 9] Doubles OU\n|rated|\n|rule|Species Clause: Limit one of each Pok\u00e9mon\n|rule|OHKO Clause: OHKO moves are banned\n|rule|Evasion Moves Clause: Evasion moves are banned\n|rule|Gravity Sleep Clause: The combination of sleep-inducing moves with imperfect accuracy and Gravity or Gigantamax Orbeetle are banned\n|rule|Endless Battle Clause: Forcing endless battles is banned\n|rule|HP Percentage Mod: HP is shown in percentages\n|clearpoke\n|poke|p1|Dragapult, M|\n|poke|p1|Chi-Yu|\n|poke|p1|Ogerpon, F|\n|poke|p1|Dipplin, M|\n|poke|p1|Sinistcha-Masterpiece|\n|poke|p1|Iron Hands|\n|poke|p2|Tyranitar, F|\n|poke|p2|Krookodile, M|\n|poke|p2|Shaymin-Sky|\n|poke|p2|Spiritomb, M|\n|poke|p2|Toxapex, M|\n|poke|p2|Lycanroc, F|\n|teampreview\n|\n|t:|1697511840\n|start\n|switch|p1a: Ogerpon|Ogerpon, F|100\/100\n|switch|p1b: Iron Hands|Iron Hands|100\/100\n|switch|p2a: Tyranitar|Tyranitar, F|100\/100\n|switch|p2b: Lycanroc|Lycanroc, F, shiny|100\/100\n|-weather|Sandstorm|[from] ability: Sand Stream|[of] p2a: Tyranitar\n|turn|1\n|\n|t:|1697511862\n|-terastallize|p1a: Ogerpon|Grass\n|detailschange|p1a: Ogerpon|Ogerpon-Teal-Tera, F, tera:Grass\n|-ability|p1a: Ogerpon|Embody Aspect (Teal)|boost\n|-boost|p1a: Ogerpon|spe|1\n|move|p1b: Iron Hands|Fake Out|p2b: Lycanroc\n|-resisted|p2b: Lycanroc\n|-damage|p2b: Lycanroc|90\/100\n|cant|p2b: Lycanroc|flinch\n|move|p1a: Ogerpon|Ivy Cudgel|p2a: Tyranitar\n|-supereffective|p2a: Tyranitar\n|-damage|p2a: Tyranitar|1\/100\n|move|p2a: Tyranitar|Ice Punch|p1a: Ogerpon\n|-supereffective|p1a: Ogerpon\n|-damage|p1a: Ogerpon|36\/100\n|\n|-weather|Sandstorm|[upkeep]\n|-damage|p1a: Ogerpon|30\/100|[from] Sandstorm\n|-damage|p1b: Iron Hands|94\/100|[from] Sandstorm\n|-heal|p1a: Ogerpon|36\/100|[from] item: Leftovers\n|upkeep\n|turn|2\n|\n|t:|1697511886\n|switch|p1a: Dipplin|Dipplin, M|100\/100\n|-ability|p1a: Dipplin|Supersweet Syrup\n|-ability|p1a: Dipplin|Supersweet Syrup|boost\n|-unboost|p2a: Tyranitar|evasion|1\n|-unboost|p2b: Lycanroc|evasion|1\n|move|p2b: Lycanroc|Drill Run|p1b: Iron Hands\n|-supereffective|p1b: Iron Hands\n|-damage|p1b: Iron Hands|42\/100\n|move|p2a: Tyranitar|Ice Punch|p1a: Dipplin\n|-supereffective|p1a: Dipplin\n|-damage|p1a: Dipplin|35\/100\n|move|p1b: Iron Hands|Heavy Slam|p2b: Lycanroc\n|-supereffective|p2b: Lycanroc\n|-damage|p2b: Lycanroc|0 fnt\n|faint|p2b: Lycanroc\n|\n|-weather|Sandstorm|[upkeep]\n|-damage|p1b: Iron Hands|35\/100|[from] Sandstorm\n|-damage|p1a: Dipplin|29\/100|[from] Sandstorm\n|upkeep\n|\n|t:|1697511919\n|switch|p2b: Toxapex|Toxapex, M|100\/100\n|turn|3\n|\n|t:|1697511940\n|move|p2b: Toxapex|Baneful Bunker|p2b: Toxapex\n|-singleturn|p2b: Toxapex|move: Protect\n|move|p2a: Tyranitar|Earthquake|p1b: Iron Hands|[spread] p1a,p1b\n|-activate|p2b: Toxapex|move: Protect\n|-resisted|p1a: Dipplin\n|-supereffective|p1b: Iron Hands\n|-damage|p1a: Dipplin|21\/100\n|-damage|p1b: Iron Hands|1\/100\n|move|p1b: Iron Hands|Drain Punch|p2a: Tyranitar\n|-supereffective|p2a: Tyranitar\n|-damage|p2a: Tyranitar|0 fnt\n|-heal|p1b: Iron Hands|1\/100|[from] drain|[of] p2a: Tyranitar\n|faint|p2a: Tyranitar\n|move|p1a: Dipplin|Pollen Puff|p1b: Iron Hands\n|-heal|p1b: Iron Hands|51\/100\n|\n|-weather|Sandstorm|[upkeep]\n|-damage|p1b: Iron Hands|45\/100|[from] Sandstorm\n|-damage|p1a: Dipplin|15\/100|[from] Sandstorm\n|-damage|p2b: Toxapex|94\/100|[from] Sandstorm\n|upkeep\n|\n|t:|1697511963\n|switch|p2a: Shaymin|Shaymin-Sky|100\/100\n|turn|4\n|\n|t:|1697511979\n|move|p2a: Shaymin|Air Slash|p1b: Iron Hands\n|-damage|p1b: Iron Hands|27\/100\n|cant|p1b: Iron Hands|flinch\n|move|p1a: Dipplin|Pollen Puff|p1b: Iron Hands\n|-heal|p1b: Iron Hands|77\/100\n|move|p2b: Toxapex|Toxic Spikes|p1a: Dipplin\n|-sidestart|p1: wingwingy55|move: Toxic Spikes\n|\n|-weather|Sandstorm|[upkeep]\n|-damage|p2a: Shaymin|94\/100|[from] Sandstorm\n|-damage|p1b: Iron Hands|71\/100|[from] Sandstorm\n|-damage|p1a: Dipplin|9\/100|[from] Sandstorm\n|-damage|p2b: Toxapex|88\/100|[from] Sandstorm\n|upkeep\n|turn|5\n|inactive|Battle timer is ON: inactive players will automatically lose when time's up. (requested by wingwingy55)\n|\n|t:|1697512008\n|move|p2a: Shaymin|Air Slash|p1b: Iron Hands\n|-damage|p1b: Iron Hands|54\/100\n|cant|p1b: Iron Hands|flinch\n|move|p1a: Dipplin|Pollen Puff|p1b: Iron Hands\n|-heal|p1b: Iron Hands|100\/100\n|move|p2b: Toxapex|Liquidation|p1a: Dipplin\n|-resisted|p1a: Dipplin\n|-damage|p1a: Dipplin|6\/100\n|\n|-weather|none\n|upkeep\n|turn|6\n|\n|t:|1697512028\n|move|p2a: Shaymin|Air Slash|p1b: Iron Hands\n|-damage|p1b: Iron Hands|84\/100\n|move|p1b: Iron Hands|Heavy Slam|p2b: Toxapex\n|-resisted|p2b: Toxapex\n|-damage|p2b: Toxapex|73\/100\n|move|p1a: Dipplin|Pollen Puff|p1b: Iron Hands\n|-heal|p1b: Iron Hands|100\/100\n|move|p2b: Toxapex|Toxic Spikes|p1b: Iron Hands\n|-sidestart|p1: wingwingy55|move: Toxic Spikes\n|\n|upkeep\n|turn|7\n|\n|t:|1697512053\n|move|p2b: Toxapex|Baneful Bunker|p2b: Toxapex\n|-singleturn|p2b: Toxapex|move: Protect\n|move|p2a: Shaymin|Air Slash|p1a: Dipplin\n|-supereffective|p1a: Dipplin\n|-damage|p1a: Dipplin|0 fnt\n|faint|p1a: Dipplin\n|move|p1b: Iron Hands|Heavy Slam|p2a: Shaymin\n|-damage|p2a: Shaymin|42\/100\n|\n|upkeep\n|inactive|wingwingy55 has 120 seconds left.\n|\n|t:|1697512073\n|switch|p1a: Sinistcha|Sinistcha-Masterpiece|100\/100\n|-status|p1a: Sinistcha|tox\n|turn|8\n|l|\u2606wingwingy55\n|inactive|wingwingy55 disconnected and has a minute to reconnect!\n|player|p1|\n|inactive|Gloryinmotin has 120 seconds left.\n|\n|t:|1697512107\n|move|p2a: Shaymin|Air Slash|p1a: Sinistcha\n|-supereffective|p1a: Sinistcha\n|-damage|p1a: Sinistcha|36\/100 tox\n|cant|p1a: Sinistcha|flinch\n|move|p1b: Iron Hands|Heavy Slam|p2a: Shaymin\n|-damage|p2a: Shaymin|0 fnt\n|faint|p2a: Shaymin\n|move|p2b: Toxapex|Toxic Spikes||[still]\n|-fail|p2b: Toxapex\n|\n|-damage|p1a: Sinistcha|30\/100 tox|[from] psn\n|upkeep\n|j|\u2606wingwingy55\n|inactive|wingwingy55 reconnected.\n|player|p1|wingwingy55|preschooler\n|inactive|Gloryinmotin has 120 seconds left.\n|\n|t:|1697512129\n|switch|p2a: Spiritomb|Spiritomb, M|100\/100\n|turn|9\n|inactive|Gloryinmotin has 120 seconds left.\n|\n|t:|1697512149\n|move|p2b: Toxapex|Baneful Bunker|p2b: Toxapex\n|-singleturn|p2b: Toxapex|move: Protect\n|move|p2a: Spiritomb|Sucker Punch|p1a: Sinistcha\n|-supereffective|p1a: Sinistcha\n|-damage|p1a: Sinistcha|0 fnt\n|-damage|p2a: Spiritomb|84\/100|[from] item: Rocky Helmet|[of] p1a: Sinistcha\n|faint|p1a: Sinistcha\n|move|p1b: Iron Hands|Wild Charge|p2b: Toxapex\n|-activate|p2b: Toxapex|move: Protect\n|-status|p1b: Iron Hands|psn\n|\n|-damage|p1b: Iron Hands|88\/100 psn|[from] psn\n|upkeep\n|inactive|wingwingy55 has 120 seconds left.\n|\n|t:|1697512179\n|switch|p1a: Chi-Yu|Chi-Yu|100\/100\n|-status|p1a: Chi-Yu|tox\n|-ability|p1a: Chi-Yu|Beads of Ruin\n|turn|10\n|inactive|Gloryinmotin has 120 seconds left.\n|\n|t:|1697512208\n|switch|p2b: Krookodile|Krookodile, M|100\/100\n|move|p1a: Chi-Yu|Overheat|p2a: Spiritomb\n|-damage|p2a: Spiritomb|0 fnt\n|-unboost|p1a: Chi-Yu|spa|2\n|faint|p2a: Spiritomb\n|move|p1b: Iron Hands|Wild Charge|p2b: Krookodile\n|-immune|p2b: Krookodile\n|\n|-damage|p1a: Chi-Yu|94\/100 tox|[from] psn\n|-damage|p1b: Iron Hands|76\/100 psn|[from] psn\n|upkeep\n|inactive|Gloryinmotin has 120 seconds left.\n|\n|t:|1697512220\n|switch|p2a: Toxapex|Toxapex, M|100\/100\n|turn|11\n|\n|t:|1697512228\n|move|p2a: Toxapex|Baneful Bunker|p2a: Toxapex\n|-singleturn|p2a: Toxapex|move: Protect\n|move|p1a: Chi-Yu|Overheat|p2a: Toxapex\n|-activate|p2a: Toxapex|move: Protect\n|move|p2b: Krookodile|Earthquake|p1a: Chi-Yu|[spread] p1a,p1b\n|-activate|p2a: Toxapex|move: Protect\n|-supereffective|p1a: Chi-Yu\n|-supereffective|p1b: Iron Hands\n|-damage|p1a: Chi-Yu|9\/100 tox\n|-damage|p1b: Iron Hands|35\/100 psn\n|move|p1b: Iron Hands|Drain Punch|p2b: Krookodile\n|-supereffective|p2b: Krookodile\n|-damage|p2b: Krookodile|31\/100\n|-heal|p1b: Iron Hands|58\/100 psn|[from] drain|[of] p2b: Krookodile\n|\n|-heal|p2b: Krookodile|37\/100|[from] item: Leftovers\n|-damage|p1a: Chi-Yu|0 fnt|[from] psn\n|faint|p1a: Chi-Yu\n|-damage|p1b: Iron Hands|46\/100 psn|[from] psn\n|upkeep\n|\n|t:|1697512233\n|switch|p1a: Ogerpon|Ogerpon-Teal-Tera, F, tera:Grass|36\/100\n|-status|p1a: Ogerpon|tox\n|-ability|p1a: Ogerpon|Embody Aspect (Teal)|boost\n|-boost|p1a: Ogerpon|spe|1\n|turn|12\n|inactive|Gloryinmotin has 120 seconds left.\n|\n|t:|1697512276\n|move|p1a: Ogerpon|Ivy Cudgel|p2a: Toxapex\n|-damage|p2a: Toxapex|44\/100\n|move|p2b: Krookodile|Dragon Claw|p1b: Iron Hands\n|-damage|p1b: Iron Hands|33\/100 psn\n|move|p1b: Iron Hands|Drain Punch|p2b: Krookodile\n|-supereffective|p2b: Krookodile\n|-damage|p2b: Krookodile|0 fnt\n|-heal|p1b: Iron Hands|46\/100 psn|[from] drain|[of] p2b: Krookodile\n|faint|p2b: Krookodile\n|move|p2a: Toxapex|Liquidation|p1b: Iron Hands\n|-damage|p1b: Iron Hands|32\/100 psn\n|\n|-heal|p1a: Ogerpon|42\/100 tox|[from] item: Leftovers\n|-damage|p1a: Ogerpon|36\/100 tox|[from] psn\n|-damage|p1b: Iron Hands|19\/100 psn|[from] psn\n|upkeep\n|turn|13\n|inactive|Gloryinmotin has 120 seconds left.\n|\n|t:|1697512299\n|move|p2a: Toxapex|Baneful Bunker|p2a: Toxapex\n|-singleturn|p2a: Toxapex|move: Protect\n|move|p1a: Ogerpon|Ivy Cudgel|p2a: Toxapex\n|-activate|p2a: Toxapex|move: Protect\n|move|p1b: Iron Hands|Wild Charge|p2a: Toxapex\n|-activate|p2a: Toxapex|move: Protect\n|\n|-heal|p1a: Ogerpon|42\/100 tox|[from] item: Leftovers\n|-damage|p1a: Ogerpon|30\/100 tox|[from] psn\n|-damage|p1b: Iron Hands|7\/100 psn|[from] psn\n|upkeep\n|turn|14\n|\n|t:|1697512311\n|-terastallize|p2a: Toxapex|Ground\n|move|p1a: Ogerpon|Ivy Cudgel|p2a: Toxapex\n|-supereffective|p2a: Toxapex\n|-damage|p2a: Toxapex|0 fnt\n|faint|p2a: Toxapex\n|\n|win|wingwingy55\n|raw|wingwingy55's rating: 1108 &rarr; <strong>1137<\/strong><br \/>(+29 for winning)\n|raw|Gloryinmotin's rating: 1167 &rarr; <strong>1138<\/strong><br \/>(-29 for losing)\n","uploadtime":1697512317,"views":20,"p1id":"wingwingy55","p2id":"gloryinmotin","formatid":"gen9doublesou","rating":1137,"private":0,"password":""}