{"id":"gen9doublesou-1969299438","p1":"its_fiiine","p2":"YaBmFavorite","format":"[Gen 9] Doubles OU","log":"|j|\u2606its_fiiine\n|j|\u2606YaBmFavorite\n|t:|1697511323\n|gametype|doubles\n|player|p1|its_fiiine|n|1444\n|player|p2|YaBmFavorite|dancer|1295\n|teamsize|p1|6\n|teamsize|p2|6\n|gen|9\n|tier|[Gen 9] Doubles OU\n|rated|\n|rule|Species Clause: Limit one of each Pok\u00e9mon\n|rule|OHKO Clause: OHKO moves are banned\n|rule|Evasion Moves Clause: Evasion moves are banned\n|rule|Gravity Sleep Clause: The combination of sleep-inducing moves with imperfect accuracy and Gravity or Gigantamax Orbeetle are banned\n|rule|Endless Battle Clause: Forcing endless battles is banned\n|rule|HP Percentage Mod: HP is shown in percentages\n|clearpoke\n|poke|p1|Sableye, M|\n|poke|p1|Amoonguss, M|\n|poke|p1|Flutter Mane|\n|poke|p1|Chi-Yu|\n|poke|p1|Iron Bundle|\n|poke|p1|Ursaluna, F|\n|poke|p2|Armarouge, M|\n|poke|p2|Indeedee-F, F|\n|poke|p2|Flamigo, F|\n|poke|p2|Dragapult, M|\n|poke|p2|Slaking, M|\n|poke|p2|Grafaiai, F|\n|teampreview\n|\n|t:|1697511358\n|start\n|switch|p1a: Chi-Yu|Chi-Yu|100\/100\n|switch|p1b: Ursaluna|Ursaluna, F|100\/100\n|switch|p2a: Ah! the good ol'|Dragapult, M, shiny|100\/100\n|switch|p2b: buckle my shoe|Armarouge, M|100\/100\n|-ability|p1a: Chi-Yu|Beads of Ruin\n|turn|1\n|inactive|Battle timer is ON: inactive players will automatically lose when time's up. (requested by YaBmFavorite)\n|\n|t:|1697511375\n|-terastallize|p2b: buckle my shoe|Psychic\n|move|p2a: Ah! the good ol'|U-turn|p2b: buckle my shoe\n|-supereffective|p2b: buckle my shoe\n|-damage|p2b: buckle my shoe|43\/100\n|-ability|p2b: buckle my shoe|Weak Armor|boost\n|-unboost|p2b: buckle my shoe|def|1\n|-boost|p2b: buckle my shoe|spe|2\n|-enditem|p2b: buckle my shoe|Weakness Policy\n|-boost|p2b: buckle my shoe|atk|2|[from] item: Weakness Policy\n|-boost|p2b: buckle my shoe|spa|2|[from] item: Weakness Policy\n|\n|t:|1697511384\n|switch|p2a: one-two|Indeedee-F, F|100\/100|[from] U-turn\n|-fieldstart|move: Psychic Terrain|[from] ability: Psychic Surge|[of] p2a: one-two\n|move|p2b: buckle my shoe|Expanding Force|p1a: Chi-Yu|[spread] p1b\n|-immune|p1a: Chi-Yu\n|-damage|p1b: Ursaluna|0 fnt\n|faint|p1b: Ursaluna\n|move|p1a: Chi-Yu|Dark Pulse|p2b: buckle my shoe\n|-supereffective|p2b: buckle my shoe\n|-damage|p2b: buckle my shoe|0 fnt\n|faint|p2b: buckle my shoe\n|\n|upkeep\n|inactive|its_fiiine has 120 seconds left.\n|\n|t:|1697511437\n|switch|p2b: Ah! the good ol'|Dragapult, M, shiny|100\/100\n|switch|p1b: Amoonguss|Amoonguss, M|100\/100\n|turn|2\n|inactive|its_fiiine has 120 seconds left.\n|inactive|its_fiiine has 90 seconds left.\n|\n|t:|1697511480\n|move|p2a: one-two|Follow Me|p2a: one-two\n|-singleturn|p2a: one-two|move: Follow Me\n|move|p2b: Ah! the good ol'|Dragon Dance|p2b: Ah! the good ol'\n|-boost|p2b: Ah! the good ol'|atk|1\n|-boost|p2b: Ah! the good ol'|spe|1\n|move|p1a: Chi-Yu|Dark Pulse|p2a: one-two\n|-supereffective|p2a: one-two\n|-damage|p2a: one-two|3\/100\n|move|p1b: Amoonguss|Spore|p2a: one-two\n|-status|p2a: one-two|slp|[from] move: Spore\n|\n|upkeep\n|turn|3\n|inactive|its_fiiine has 90 seconds left.\n|\n|t:|1697511501\n|cant|p2a: one-two|slp\n|move|p2b: Ah! the good ol'|Dragon Darts|p1a: Chi-Yu\n|-damage|p1a: Chi-Yu|47\/100\n|-anim|p2b: Ah! the good ol'|Dragon Darts|p1b: Amoonguss\n|-damage|p1b: Amoonguss|64\/100\n|move|p1a: Chi-Yu|Nasty Plot|p1a: Chi-Yu\n|-boost|p1a: Chi-Yu|spa|2\n|move|p1b: Amoonguss|Spore|p2b: Ah! the good ol'\n|-status|p2b: Ah! the good ol'|slp|[from] move: Spore\n|\n|upkeep\n|turn|4\n|inactive|its_fiiine has 90 seconds left.\n|\n|t:|1697511537\n|switch|p2a: featuring|Flamigo, F|100\/100\n|-copyboost|p2a: featuring|p2b: Ah! the good ol'|[from] ability: Costar\n|cant|p2b: Ah! the good ol'|slp\n|move|p1a: Chi-Yu|Dark Pulse|p2b: Ah! the good ol'\n|-supereffective|p2b: Ah! the good ol'\n|-damage|p2b: Ah! the good ol'|0 fnt\n|faint|p2b: Ah! the good ol'\n|move|p1b: Amoonguss|Foul Play|p2a: featuring\n|-resisted|p2a: featuring\n|-damage|p2a: featuring|65\/100\n|\n|upkeep\n|inactive|YaBmFavorite has 120 seconds left.\n|\n|t:|1697511553\n|switch|p2b: Ice king|Slaking, M, shiny|100\/100\n|turn|5\n|\n|t:|1697511570\n|move|p1b: Amoonguss|Protect|p1b: Amoonguss\n|-singleturn|p1b: Amoonguss|Protect\n|move|p2a: featuring|Close Combat|p1a: Chi-Yu\n|-supereffective|p1a: Chi-Yu\n|-damage|p1a: Chi-Yu|0 fnt\n|-unboost|p2a: featuring|def|1\n|-unboost|p2a: featuring|spd|1\n|-enditem|p2a: featuring|White Herb\n|-clearnegativeboost|p2a: featuring|[silent]\n|faint|p1a: Chi-Yu\n|move|p2b: Ice king|Bulk Up|p2b: Ice king\n|-boost|p2b: Ice king|atk|1\n|-boost|p2b: Ice king|def|1\n|\n|-fieldend|move: Psychic Terrain\n|upkeep\n|inactive|its_fiiine has 90 seconds left.\n|\n|t:|1697511583\n|switch|p1a: Sableye|Sableye, M|100\/100\n|turn|6\n|\n|t:|1697511593\n|move|p1a: Sableye|Skill Swap|p1b: Amoonguss\n|-activate|p1a: Sableye|move: Skill Swap|||[of] p1b: Amoonguss\n|move|p1b: Amoonguss|Spore|p2b: Ice king\n|-status|p2b: Ice king|slp|[from] move: Spore\n|move|p2a: featuring|Brave Bird|p1a: Sableye\n|-enditem|p1a: Sableye|Focus Sash\n|-damage|p1a: Sableye|1\/100\n|-damage|p2a: featuring|33\/100|[from] Recoil\n|cant|p2b: Ice king|slp\n|\n|upkeep\n|turn|7\n|inactive|its_fiiine has 120 seconds left.\n|\n|t:|1697511615\n|switch|p1a: Flutter Mane|Flutter Mane|100\/100\n|-enditem|p1a: Flutter Mane|Booster Energy\n|-activate|p1a: Flutter Mane|ability: Protosynthesis|[fromitem]\n|-start|p1a: Flutter Mane|protosynthesisspa\n|move|p1b: Amoonguss|Spore|p2a: featuring\n|-status|p2a: featuring|slp|[from] move: Spore\n|cant|p2a: featuring|slp\n|cant|p2b: Ice king|slp\n|\n|upkeep\n|turn|8\n|inactive|its_fiiine has 120 seconds left.\n|\n|t:|1697511653\n|-curestatus|p2a: featuring|slp|[msg]\n|move|p2a: featuring|Brave Bird|p1b: Amoonguss\n|-supereffective|p1b: Amoonguss\n|-damage|p1b: Amoonguss|0 fnt\n|faint|p1b: Amoonguss\n|-damage|p2a: featuring|3\/100|[from] Recoil\n|move|p1a: Flutter Mane|Dazzling Gleam|p2b: Ice king|[spread] p2a,p2b\n|-supereffective|p2a: featuring\n|-damage|p2a: featuring|0 fnt\n|-damage|p2b: Ice king|58\/100 slp\n|faint|p2a: featuring\n|cant|p2b: Ice king|slp\n|\n|upkeep\n|\n|t:|1697511664\n|switch|p2a: Trap|Grafaiai, F|100\/100\n|switch|p1b: Iron Bundle|Iron Bundle|100\/100\n|turn|9\n|\n|t:|1697511693\n|-terastallize|p1a: Flutter Mane|Fairy\n|move|p2a: Trap|Doodle||[still]\n|-fail|p2a: Trap\n|move|p1b: Iron Bundle|Icy Wind|p2b: Ice king|[spread] p2a,p2b\n|-damage|p2a: Trap|72\/100\n|-damage|p2b: Ice king|38\/100 slp\n|move|p1a: Flutter Mane|Dazzling Gleam|p2b: Ice king|[spread] p2a,p2b\n|-resisted|p2a: Trap\n|-damage|p2a: Trap|26\/100\n|-damage|p2b: Ice king|0 fnt\n|faint|p2b: Ice king\n|\n|upkeep\n|-message|YaBmFavorite forfeited.\n|\n|win|its_fiiine\n|raw|its_fiiine's rating: 1444 &rarr; <strong>1456<\/strong><br \/>(+12 for winning)\n|raw|YaBmFavorite's rating: 1295 &rarr; <strong>1280<\/strong><br \/>(-15 for losing)\n|l|\u2606YaBmFavorite\n","uploadtime":1697511746,"views":18,"p1id":"itsfiiine","p2id":"yabmfavorite","formatid":"gen9doublesou","rating":1280,"private":0,"password":""}