{"id":"gen9doublesou-1986060068","p1":"cgtuh.ocgoj\u201dfyxtg9","p2":"RT-Bubblez","format":"[Gen 9] Doubles OU","log":"|j|\u2606cgtuh.ocgoj\u201dfyxtg9\n|j|\u2606RT-Bubblez\n|t:|1699445325\n|gametype|doubles\n|player|p1|cgtuh.ocgoj\u201dfyxtg9|169|1280\n|player|p2|RT-Bubblez|1|1363\n|teamsize|p1|6\n|teamsize|p2|6\n|gen|9\n|tier|[Gen 9] Doubles OU\n|rated|\n|rule|Species Clause: Limit one of each Pok\u00e9mon\n|rule|OHKO Clause: OHKO moves are banned\n|rule|Evasion Moves Clause: Evasion moves are banned\n|rule|Gravity Sleep Clause: The combination of sleep-inducing moves with imperfect accuracy and Gravity or Gigantamax Orbeetle are banned\n|rule|Endless Battle Clause: Forcing endless battles is banned\n|rule|HP Percentage Mod: HP is shown in percentages\n|clearpoke\n|poke|p1|Talonflame, F|\n|poke|p1|Meowscarada, F|\n|poke|p1|Shiftry, M|\n|poke|p1|Dragonite, M|\n|poke|p1|Ribombee, M|\n|poke|p1|Brambleghast, M|\n|poke|p2|Shiftry, M|\n|poke|p2|Enamorus, F|\n|poke|p2|Hoopa-Unbound|\n|poke|p2|Kingambit, M|\n|poke|p2|Chandelure, F|\n|poke|p2|Gholdengo|\n|teampreview\n|c|\u2606cgtuh.ocgoj\u201dfyxtg9|yoooo! shiftry!\n|c|\u2606cgtuh.ocgoj\u201dfyxtg9|glhf\n|\n|t:|1699445350\n|start\n|switch|p1a: wimdy|Talonflame, F|100\/100\n|switch|p1b: wimby|Shiftry, M|100\/100\n|switch|p2a: Grandpa|Shiftry, M, shiny|100\/100\n|switch|p2b: Dolla dolla bills|Gholdengo|100\/100\n|turn|1\n|\n|t:|1699445364\n|move|p1a: wimdy|Tailwind|p1a: wimdy\n|-sidestart|p1: cgtuh.ocgoj\u201dfyxtg9|move: Tailwind\n|-ability|p1b: wimby|Wind Rider|boost\n|-boost|p1b: wimby|atk|1\n|move|p1b: wimby|Brick Break|p2a: Grandpa\n|-supereffective|p2a: Grandpa\n|-enditem|p2a: Grandpa|Focus Sash\n|-damage|p2a: Grandpa|1\/100\n|move|p2a: Grandpa|Tailwind|p2a: Grandpa\n|-sidestart|p2: RT-Bubblez|move: Tailwind\n|-ability|p2a: Grandpa|Wind Rider|boost\n|-boost|p2a: Grandpa|atk|1\n|move|p2b: Dolla dolla bills|Nasty Plot|p2b: Dolla dolla bills\n|-boost|p2b: Dolla dolla bills|spa|2\n|\n|upkeep\n|turn|2\n|\n|t:|1699445385\n|move|p1a: wimdy|Air Slash|p2a: Grandpa\n|-supereffective|p2a: Grandpa\n|-damage|p2a: Grandpa|0 fnt\n|faint|p2a: Grandpa\n|move|p1b: wimby|Knock Off|p2b: Dolla dolla bills\n|-supereffective|p2b: Dolla dolla bills\n|-damage|p2b: Dolla dolla bills|0 fnt\n|-enditem|p2b: Dolla dolla bills|Sitrus Berry|[from] move: Knock Off|[of] p1b: wimby\n|faint|p2b: Dolla dolla bills\n|\n|upkeep\n|\n|t:|1699445397\n|switch|p2a: Mewing|Hoopa-Unbound|100\/100\n|switch|p2b: KFC deep fryer|Chandelure, F|100\/100\n|turn|3\n|\n|t:|1699445420\n|switch|p2b: Contrary to that|Enamorus, F|100\/100\n|move|p1a: wimdy|Air Slash|p2a: Mewing\n|-damage|p2a: Mewing|87\/100\n|move|p1b: wimby|Knock Off|p2b: Contrary to that\n|-resisted|p2b: Contrary to that\n|-damage|p2b: Contrary to that|58\/100\n|-start|p1b: wimby|Attract|[from] ability: Cute Charm|[of] p2b: Contrary to that\n|-enditem|p2b: Contrary to that|Mental Herb|[from] move: Knock Off|[of] p1b: wimby\n|move|p2a: Mewing|Knock Off|p1a: wimdy\n|-damage|p1a: wimdy|24\/100\n|-enditem|p1a: wimdy|Heavy-Duty Boots|[from] move: Knock Off|[of] p2a: Mewing\n|\n|upkeep\n|turn|4\n|\n|t:|1699445440\n|move|p1a: wimdy|Roost|p1a: wimdy\n|-heal|p1a: wimdy|74\/100\n|-singleturn|p1a: wimdy|move: Roost\n|move|p2b: Contrary to that|Springtide Storm|p1a: wimdy|[spread] p1a\n|-ability|p1b: wimby|Wind Rider|boost\n|-boost|p1b: wimby|atk|1\n|-resisted|p1a: wimdy\n|-damage|p1a: wimdy|51\/100\n|-activate|p1b: wimby|move: Attract|[of] p2b: Contrary to that\n|cant|p1b: wimby|Attract\n|move|p2a: Mewing|Knock Off|p1a: wimdy\n|-damage|p1a: wimdy|0 fnt\n|faint|p1a: wimdy\n|\n|-sideend|p2: RT-Bubblez|move: Tailwind\n|-sideend|p1: cgtuh.ocgoj\u201dfyxtg9|move: Tailwind\n|upkeep\n|\n|t:|1699445462\n|switch|p1a: winby|Ribombee, M|100\/100\n|turn|5\n|l|\u2606cgtuh.ocgoj\u201dfyxtg9\n|player|p1|\n|\n|t:|1699445527\n|move|p1a: winby|Tailwind|p1a: winby\n|-sidestart|p1: cgtuh.ocgoj\u201dfyxtg9|move: Tailwind\n|-ability|p1b: wimby|Wind Rider|boost\n|-boost|p1b: wimby|atk|1\n|-activate|p1b: wimby|move: Attract|[of] p2b: Contrary to that\n|cant|p1b: wimby|Attract\n|move|p2b: Contrary to that|Taunt|p1a: winby\n|-start|p1a: winby|move: Taunt\n|move|p2a: Mewing|Drain Punch|p1b: wimby\n|-supereffective|p1b: wimby\n|-damage|p1b: wimby|0 fnt\n|-heal|p2a: Mewing|100\/100|[from] drain|[of] p1b: wimby\n|faint|p1b: wimby\n|\n|upkeep\n|j|\u2606cgtuh.ocgoj\u201dfyxtg9\n|player|p1|cgtuh.ocgoj\u201dfyxtg9|169\n|\n|t:|1699445542\n|switch|p1b: wimbdy|Brambleghast, M|100\/100\n|-ability|p1b: wimbdy|Wind Rider|boost\n|-boost|p1b: wimbdy|atk|1\n|turn|6\n|l|\u2606cgtuh.ocgoj\u201dfyxtg9\n|player|p1|\n|j|\u2606cgtuh.ocgoj\u201dfyxtg9\n|player|p1|cgtuh.ocgoj\u201dfyxtg9|169\n|\n|t:|1699445580\n|move|p1a: winby|Pollen Puff|p2a: Mewing\n|-supereffective|p2a: Mewing\n|-damage|p2a: Mewing|30\/100\n|move|p1b: wimbdy|Poltergeist||[still]\n|-fail|p1b: wimbdy\n|move|p2b: Contrary to that|Tailwind|p2b: Contrary to that\n|-sidestart|p2: RT-Bubblez|move: Tailwind\n|move|p2a: Mewing|Knock Off|p1b: wimbdy\n|-supereffective|p1b: wimbdy\n|-enditem|p1b: wimbdy|Focus Sash\n|-damage|p1b: wimbdy|1\/100\n|\n|upkeep\n|turn|7\n|\n|t:|1699445613\n|move|p1a: winby|Pollen Puff|p2a: Mewing\n|-supereffective|p2a: Mewing\n|-damage|p2a: Mewing|0 fnt\n|faint|p2a: Mewing\n|move|p2b: Contrary to that|Taunt|p1b: wimbdy\n|-start|p1b: wimbdy|move: Taunt\n|move|p1b: wimbdy|Power Whip|p2b: Contrary to that\n|-resisted|p2b: Contrary to that\n|-damage|p2b: Contrary to that|3\/100\n|\n|upkeep\n|\n|t:|1699445619\n|switch|p2a: Mario\u2019s barber|Kingambit, M, shiny|100\/100\n|-activate|p2a: Mario\u2019s barber|ability: Supreme Overlord\n|-start|p2a: Mario\u2019s barber|fallen3|[silent]\n|turn|8\n|\n|t:|1699445656\n|-end|p2a: Mario\u2019s barber|fallen3|[silent]\n|switch|p2a: KFC deep fryer|Chandelure, F|100\/100\n|move|p1a: winby|Pollen Puff|p2b: Contrary to that\n|-resisted|p2b: Contrary to that\n|-damage|p2b: Contrary to that|0 fnt\n|faint|p2b: Contrary to that\n|move|p1b: wimbdy|Poltergeist|p2a: KFC deep fryer\n|-activate|p2a: KFC deep fryer|move: Poltergeist|Choice Specs\n|-supereffective|p2a: KFC deep fryer\n|-damage|p2a: KFC deep fryer|0 fnt\n|faint|p2a: KFC deep fryer\n|\n|-end|p1a: winby|move: Taunt\n|-sideend|p1: cgtuh.ocgoj\u201dfyxtg9|move: Tailwind\n|upkeep\n|\n|t:|1699445667\n|switch|p2b: Mario\u2019s barber|Kingambit, M, shiny|100\/100\n|-activate|p2b: Mario\u2019s barber|ability: Supreme Overlord\n|-start|p2b: Mario\u2019s barber|fallen5|[silent]\n|turn|9\n|\n|t:|1699445682\n|switch|p1a: windy|Meowscarada, F|100\/100\n|-terastallize|p2b: Mario\u2019s barber|Dark\n|move|p2b: Mario\u2019s barber|Kowtow Cleave|p1a: windy\n|-resisted|p1a: windy\n|-damage|p1a: windy|5\/100\n|move|p1b: wimbdy|Power Whip|p2b: Mario\u2019s barber\n|-damage|p2b: Mario\u2019s barber|23\/100\n|\n|-end|p1b: wimbdy|move: Taunt\n|-sideend|p2: RT-Bubblez|move: Tailwind\n|upkeep\n|turn|10\n|\n|t:|1699445704\n|move|p1a: windy|Ally Switch|p1a: windy\n|-start|p1a: windy|typechange|Psychic|[from] ability: Protean\n|swap|p1a: windy|1|[from] move: Ally Switch\n|move|p2b: Mario\u2019s barber|Sucker Punch|p1a: wimbdy\n|-supereffective|p1a: wimbdy\n|-damage|p1a: wimbdy|0 fnt\n|faint|p1a: wimbdy\n|\n|upkeep\n|\n|t:|1699445714\n|switch|p1a: palm tree|Dragonite, M, shiny|100\/100\n|turn|11\n|\n|t:|1699445721\n|move|p1a: palm tree|Extreme Speed|p2b: Mario\u2019s barber\n|-damage|p2b: Mario\u2019s barber|0 fnt\n|faint|p2b: Mario\u2019s barber\n|-end|p2b: Mario\u2019s barber|fallen5|[silent]\n|\n|win|cgtuh.ocgoj\u201dfyxtg9\n|raw|cgtuh.ocgoj\u201dfyxtg9's rating: 1280 &rarr; <strong>1311<\/strong><br \/>(+31 for winning)\n|raw|RT-Bubblez's rating: 1363 &rarr; <strong>1338<\/strong><br \/>(-25 for losing)\n|l|\u2606RT-Bubblez\n","uploadtime":1699445730,"views":16,"p1id":"cgtuhocgojfyxtg9","p2id":"rtbubblez","formatid":"gen9doublesou","rating":1311,"private":0,"password":""}