{"id":"gen9doublesou-1983925754","p1":"DIMU179","p2":"prinplup fiction","format":"[Gen 9] Doubles OU","log":"|j|\u2606DIMU179\n|j|\u2606prinplup fiction\n|inactive|Battle timer is ON: inactive players will automatically lose when time's up.\n|t:|1699200676\n|gametype|doubles\n|player|p1|DIMU179|benga|\n|player|p2|prinplup fiction|lucas|\n|teamsize|p1|2\n|teamsize|p2|2\n|gen|9\n|tier|[Gen 9] Doubles OU\n|rated|Tournament battle\n|rule|Species Clause: Limit one of each Pok\u00e9mon\n|rule|OHKO Clause: OHKO moves are banned\n|rule|Evasion Moves Clause: Evasion moves are banned\n|rule|Gravity Sleep Clause: The combination of sleep-inducing moves with imperfect accuracy and Gravity or Gigantamax Orbeetle are banned\n|rule|Endless Battle Clause: Forcing endless battles is banned\n|rule|HP Percentage Mod: HP is shown in percentages\n|clearpoke\n|poke|p1|Naclstack, M|\n|poke|p1|Voltorb-Hisui|\n|poke|p2|Thwackey, F|\n|poke|p2|Vullaby, F|\n|teampreview\n|j|*Lady Monita \u263d\n|inactive|DIMU179 also wants the timer to be on.\n|\n|t:|1699200683\n|start\n|switch|p1a: Voltorb|Voltorb-Hisui|100\/100\n|switch|p1b: Naclstack|Naclstack, M|100\/100\n|switch|p2a: Thwackey|Thwackey, F|100\/100\n|switch|p2b: Vullaby|Vullaby, F|100\/100\n|-fieldstart|move: Grassy Terrain|[from] ability: Grassy Surge|[of] p2a: Thwackey\n|turn|1\n|j| KingSnorlax7\n|inactive|prinplup fiction has 120 seconds left.\n|l| KingSnorlax7\n|\n|t:|1699200723\n|-terastallize|p1b: Naclstack|Ghost\n|move|p2a: Thwackey|Fake Out|p1a: Voltorb\n|-damage|p1a: Voltorb|89\/100\n|cant|p1a: Voltorb|flinch\n|move|p2b: Vullaby|Knock Off|p1b: Naclstack\n|-supereffective|p1b: Naclstack\n|-damage|p1b: Naclstack|70\/100\n|-enditem|p1b: Naclstack|Eviolite|[from] move: Knock Off|[of] p2b: Vullaby\n|move|p1b: Naclstack|Iron Defense|p1b: Naclstack\n|-boost|p1b: Naclstack|def|2\n|\n|-heal|p1a: Voltorb|95\/100|[from] Grassy Terrain\n|-heal|p1b: Naclstack|76\/100|[from] Grassy Terrain\n|upkeep\n|turn|2\n|inactive|prinplup fiction has 120 seconds left.\n|inactive|DIMU179 has 120 seconds left.\n|\n|t:|1699200763\n|move|p2a: Thwackey|Knock Off|p1a: Voltorb\n|-damage|p1a: Voltorb|67\/100\n|-enditem|p1a: Voltorb|Eviolite|[from] move: Knock Off|[of] p2a: Thwackey\n|move|p1a: Voltorb|Leech Seed|p2b: Vullaby\n|-start|p2b: Vullaby|move: Leech Seed\n|move|p2b: Vullaby|Knock Off|p1a: Voltorb\n|-damage|p1a: Voltorb|41\/100\n|move|p1b: Naclstack|Iron Defense|p1b: Naclstack\n|-boost|p1b: Naclstack|def|2\n|\n|-heal|p1a: Voltorb|47\/100|[from] Grassy Terrain\n|-heal|p1b: Naclstack|83\/100|[from] Grassy Terrain\n|-damage|p2b: Vullaby|88\/100|[from] Leech Seed|[of] p1a: Voltorb\n|-heal|p1a: Voltorb|63\/100|[silent]\n|upkeep\n|turn|3\n|inactive|prinplup fiction has 120 seconds left.\n|\n|t:|1699200785\n|move|p2a: Thwackey|Wood Hammer|p1a: Voltorb\n|-resisted|p1a: Voltorb\n|-damage|p1a: Voltorb|9\/100\n|-damage|p2a: Thwackey|83\/100|[from] Recoil\n|move|p1a: Voltorb|Substitute|p1a: Voltorb\n|-fail|p1a: Voltorb|move: Substitute|[weak]\n|move|p2b: Vullaby|Foul Play|p1b: Naclstack\n|-supereffective|p1b: Naclstack\n|-damage|p1b: Naclstack|68\/100\n|move|p1b: Naclstack|Salt Cure|p2a: Thwackey\n|-damage|p2a: Thwackey|73\/100\n|-start|p2a: Thwackey|Salt Cure\n|\n|-heal|p2a: Thwackey|80\/100|[from] Grassy Terrain\n|-heal|p1a: Voltorb|15\/100|[from] Grassy Terrain\n|-heal|p1b: Naclstack|74\/100|[from] Grassy Terrain\n|-damage|p2b: Vullaby|76\/100|[from] Leech Seed|[of] p1a: Voltorb\n|-heal|p1a: Voltorb|31\/100|[silent]\n|-damage|p2a: Thwackey|67\/100|[from] Salt Cure\n|upkeep\n|turn|4\n|inactive|prinplup fiction has 120 seconds left.\n|inactive|DIMU179 has 120 seconds left.\n|\n|t:|1699200828\n|move|p1a: Voltorb|Protect|p1a: Voltorb\n|-singleturn|p1a: Voltorb|Protect\n|move|p1b: Naclstack|Protect|p1b: Naclstack\n|-singleturn|p1b: Naclstack|Protect\n|move|p2a: Thwackey|Wood Hammer|p1a: Voltorb\n|-activate|p1a: Voltorb|move: Protect\n|move|p2b: Vullaby|Foul Play|p1a: Voltorb\n|-activate|p1a: Voltorb|move: Protect\n|\n|-heal|p2a: Thwackey|73\/100|[from] Grassy Terrain\n|-heal|p1a: Voltorb|37\/100|[from] Grassy Terrain\n|-heal|p1b: Naclstack|80\/100|[from] Grassy Terrain\n|-damage|p2b: Vullaby|64\/100|[from] Leech Seed|[of] p1a: Voltorb\n|-heal|p1a: Voltorb|53\/100|[silent]\n|-damage|p2a: Thwackey|61\/100|[from] Salt Cure\n|upkeep\n|turn|5\n|\n|t:|1699200848\n|-terastallize|p2a: Thwackey|Grass\n|move|p2a: Thwackey|Wood Hammer|p1a: Voltorb\n|-resisted|p1a: Voltorb\n|-damage|p1a: Voltorb|0 fnt\n|faint|p1a: Voltorb\n|-damage|p2a: Thwackey|44\/100|[from] Recoil\n|move|p2b: Vullaby|Toxic|p1b: Naclstack\n|-immune|p1b: Naclstack|[from] ability: Purifying Salt\n|move|p1b: Naclstack|Recover|p1b: Naclstack\n|-heal|p1b: Naclstack|100\/100\n|\n|-heal|p2a: Thwackey|50\/100|[from] Grassy Terrain\n|-damage|p2a: Thwackey|38\/100|[from] Salt Cure\n|-fieldend|move: Grassy Terrain\n|upkeep\n|turn|6\n|j| Iwillhuntyoudown\n|\n|t:|1699200864\n|move|p2a: Thwackey|Knock Off|p1b: Naclstack\n|-supereffective|p1b: Naclstack\n|-damage|p1b: Naclstack|88\/100\n|move|p2b: Vullaby|Roost|p2b: Vullaby\n|-heal|p2b: Vullaby|100\/100\n|-singleturn|p2b: Vullaby|move: Roost\n|move|p1b: Naclstack|Iron Defense|p1b: Naclstack\n|-boost|p1b: Naclstack|def|2\n|\n|-damage|p2a: Thwackey|25\/100|[from] Salt Cure\n|upkeep\n|turn|7\n|l| Iwillhuntyoudown\n|\n|t:|1699200877\n|move|p2a: Thwackey|Knock Off|p1b: Naclstack\n|-supereffective|p1b: Naclstack\n|-damage|p1b: Naclstack|80\/100\n|move|p2b: Vullaby|Toxic|p1b: Naclstack\n|-immune|p1b: Naclstack|[from] ability: Purifying Salt\n|move|p1b: Naclstack|Salt Cure|p2b: Vullaby\n|-supereffective|p2b: Vullaby\n|-damage|p2b: Vullaby|89\/100\n|-start|p2b: Vullaby|Salt Cure\n|\n|-damage|p2a: Thwackey|13\/100|[from] Salt Cure\n|-damage|p2b: Vullaby|77\/100|[from] Salt Cure\n|upkeep\n|turn|8\n|inactive|prinplup fiction has 120 seconds left.\n|\n|t:|1699200910\n|move|p2a: Thwackey|Wood Hammer|p1b: Naclstack\n|-damage|p1b: Naclstack|63\/100\n|-damage|p2a: Thwackey|7\/100|[from] Recoil\n|move|p2b: Vullaby|Toxic|p1b: Naclstack\n|-immune|p1b: Naclstack|[from] ability: Purifying Salt\n|move|p1b: Naclstack|Salt Cure|p2b: Vullaby\n|-supereffective|p2b: Vullaby\n|-damage|p2b: Vullaby|67\/100\n|\n|-damage|p2a: Thwackey|0 fnt|[from] Salt Cure\n|faint|p2a: Thwackey\n|-damage|p2b: Vullaby|54\/100|[from] Salt Cure\n|upkeep\n|turn|9\n|\n|t:|1699200918\n|move|p2b: Vullaby|Foul Play|p1b: Naclstack\n|-supereffective|p1b: Naclstack\n|-damage|p1b: Naclstack|51\/100\n|move|p1b: Naclstack|Salt Cure|p2b: Vullaby\n|-supereffective|p2b: Vullaby\n|-damage|p2b: Vullaby|44\/100\n|\n|-damage|p2b: Vullaby|32\/100|[from] Salt Cure\n|upkeep\n|turn|10\n|\n|t:|1699200923\n|move|p2b: Vullaby|Foul Play|p1b: Naclstack\n|-supereffective|p1b: Naclstack\n|-damage|p1b: Naclstack|39\/100\n|move|p1b: Naclstack|Salt Cure|p2b: Vullaby\n|-supereffective|p2b: Vullaby\n|-damage|p2b: Vullaby|21\/100\n|\n|-damage|p2b: Vullaby|8\/100|[from] Salt Cure\n|upkeep\n|turn|11\n|\n|t:|1699200929\n|move|p2b: Vullaby|Roost|p2b: Vullaby\n|-heal|p2b: Vullaby|59\/100\n|-singleturn|p2b: Vullaby|move: Roost\n|move|p1b: Naclstack|Salt Cure|p2b: Vullaby\n|-damage|p2b: Vullaby|54\/100\n|\n|-damage|p2b: Vullaby|42\/100|[from] Salt Cure\n|upkeep\n|turn|12\n|\n|t:|1699200938\n|move|p2b: Vullaby|Foul Play|p1b: Naclstack\n|-supereffective|p1b: Naclstack\n|-damage|p1b: Naclstack|26\/100\n|move|p1b: Naclstack|Recover|p1b: Naclstack\n|-heal|p1b: Naclstack|76\/100\n|\n|-damage|p2b: Vullaby|29\/100|[from] Salt Cure\n|upkeep\n|turn|13\n|\n|t:|1699200944\n|move|p2b: Vullaby|Roost|p2b: Vullaby\n|-heal|p2b: Vullaby|80\/100\n|-singleturn|p2b: Vullaby|move: Roost\n|move|p1b: Naclstack|Salt Cure|p2b: Vullaby\n|-damage|p2b: Vullaby|74\/100\n|\n|-damage|p2b: Vullaby|62\/100|[from] Salt Cure\n|upkeep\n|turn|14\n|\n|t:|1699200960\n|move|p2b: Vullaby|Foul Play|p1b: Naclstack\n|-supereffective|p1b: Naclstack\n|-damage|p1b: Naclstack|63\/100\n|move|p1b: Naclstack|Salt Cure|p2b: Vullaby\n|-supereffective|p2b: Vullaby\n|-damage|p2b: Vullaby|51\/100\n|\n|-damage|p2b: Vullaby|39\/100|[from] Salt Cure\n|upkeep\n|turn|15\n|\n|t:|1699200967\n|move|p2b: Vullaby|Foul Play|p1b: Naclstack\n|-supereffective|p1b: Naclstack\n|-damage|p1b: Naclstack|50\/100\n|move|p1b: Naclstack|Salt Cure|p2b: Vullaby\n|-supereffective|p2b: Vullaby\n|-damage|p2b: Vullaby|28\/100\n|\n|-damage|p2b: Vullaby|16\/100|[from] Salt Cure\n|upkeep\n|turn|16\n|\n|t:|1699200976\n|move|p2b: Vullaby|Roost|p2b: Vullaby\n|-heal|p2b: Vullaby|66\/100\n|-singleturn|p2b: Vullaby|move: Roost\n|move|p1b: Naclstack|Salt Cure|p2b: Vullaby\n|-damage|p2b: Vullaby|61\/100\n|\n|-damage|p2b: Vullaby|48\/100|[from] Salt Cure\n|upkeep\n|turn|17\n|\n|t:|1699200985\n|move|p1b: Naclstack|Protect|p1b: Naclstack\n|-singleturn|p1b: Naclstack|Protect\n|move|p2b: Vullaby|Foul Play|p1b: Naclstack\n|-activate|p1b: Naclstack|move: Protect\n|\n|-damage|p2b: Vullaby|36\/100|[from] Salt Cure\n|upkeep\n|turn|18\n|\n|t:|1699200991\n|move|p2b: Vullaby|Foul Play|p1b: Naclstack\n|-supereffective|p1b: Naclstack\n|-damage|p1b: Naclstack|37\/100\n|move|p1b: Naclstack|Iron Defense|p1b: Naclstack\n|-boost|p1b: Naclstack|def|0\n|\n|-damage|p2b: Vullaby|24\/100|[from] Salt Cure\n|upkeep\n|turn|19\n|\n|t:|1699200999\n|move|p2b: Vullaby|Roost|p2b: Vullaby\n|-heal|p2b: Vullaby|74\/100\n|-singleturn|p2b: Vullaby|move: Roost\n|move|p1b: Naclstack|Recover|p1b: Naclstack\n|-heal|p1b: Naclstack|87\/100\n|\n|-damage|p2b: Vullaby|62\/100|[from] Salt Cure\n|upkeep\n|turn|20\n|\n|t:|1699201003\n|move|p1b: Naclstack|Protect|p1b: Naclstack\n|-singleturn|p1b: Naclstack|Protect\n|move|p2b: Vullaby|Foul Play|p1b: Naclstack\n|-activate|p1b: Naclstack|move: Protect\n|\n|-damage|p2b: Vullaby|49\/100|[from] Salt Cure\n|upkeep\n|turn|21\n|inactive|DIMU179 has 120 seconds left.\n|\n|t:|1699201046\n|move|p2b: Vullaby|Foul Play|p1b: Naclstack\n|-supereffective|p1b: Naclstack\n|-damage|p1b: Naclstack|74\/100\n|move|p1b: Naclstack|Salt Cure|p2b: Vullaby\n|-supereffective|p2b: Vullaby\n|-damage|p2b: Vullaby|39\/100\n|\n|-damage|p2b: Vullaby|27\/100|[from] Salt Cure\n|upkeep\n|turn|22\n|j| BigSilverBilver\n|inactive|DIMU179 has 120 seconds left.\n|\n|t:|1699201066\n|move|p2b: Vullaby|Roost|p2b: Vullaby\n|-heal|p2b: Vullaby|77\/100\n|-singleturn|p2b: Vullaby|move: Roost\n|move|p1b: Naclstack|Iron Defense|p1b: Naclstack\n|-boost|p1b: Naclstack|def|0\n|\n|-damage|p2b: Vullaby|65\/100|[from] Salt Cure\n|upkeep\n|turn|23\n|\n|t:|1699201081\n|move|p1b: Naclstack|Protect|p1b: Naclstack\n|-singleturn|p1b: Naclstack|Protect\n|move|p2b: Vullaby|Foul Play|p1b: Naclstack\n|-activate|p1b: Naclstack|move: Protect\n|\n|-damage|p2b: Vullaby|52\/100|[from] Salt Cure\n|upkeep\n|turn|24\n|\n|t:|1699201090\n|move|p2b: Vullaby|Foul Play|p1b: Naclstack\n|-supereffective|p1b: Naclstack\n|-damage|p1b: Naclstack|61\/100\n|move|p1b: Naclstack|Salt Cure|p2b: Vullaby\n|-supereffective|p2b: Vullaby\n|-damage|p2b: Vullaby|42\/100\n|\n|-damage|p2b: Vullaby|30\/100|[from] Salt Cure\n|upkeep\n|turn|25\n|inactive|prinplup fiction has 120 seconds left.\n|\n|t:|1699201126\n|move|p2b: Vullaby|Foul Play|p1b: Naclstack\n|-supereffective|p1b: Naclstack\n|-damage|p1b: Naclstack|49\/100\n|move|p1b: Naclstack|Salt Cure|p2b: Vullaby\n|-supereffective|p2b: Vullaby\n|-damage|p2b: Vullaby|19\/100\n|\n|-damage|p2b: Vullaby|6\/100|[from] Salt Cure\n|upkeep\n|turn|26\n|\n|t:|1699201135\n|move|p2b: Vullaby|Foul Play|p1b: Naclstack\n|-supereffective|p1b: Naclstack\n|-damage|p1b: Naclstack|36\/100\n|move|p1b: Naclstack|Iron Defense|p1b: Naclstack\n|-boost|p1b: Naclstack|def|0\n|\n|-damage|p2b: Vullaby|0 fnt|[from] Salt Cure\n|faint|p2b: Vullaby\n|\n|win|DIMU179\n|upkeep\n|n|\u2606DIMU179|dimu179\n|n|\u2606prinplup fiction|prinplupfiction\n|n|*Lady Monita \u263d|ladymonita\n|n| BigSilverBilver|bigsilverbilver\n","uploadtime":1699201136,"views":7,"p1id":"dimu179","p2id":"prinplupfiction","formatid":"gen9doublesou","rating":0,"private":0,"password":""}