{"id":"gen9doublesou-1974968500","p1":"SuperSoup21","p2":"DoerreKong","format":"[Gen 9] Doubles OU","log":"|j|\u2606SuperSoup21\n|j|\u2606DoerreKong\n|t:|1698150546\n|gametype|doubles\n|player|p1|SuperSoup21|1|1424\n|player|p2|DoerreKong|ltsurge|1472\n|teamsize|p1|6\n|teamsize|p2|6\n|gen|9\n|tier|[Gen 9] Doubles OU\n|rated|\n|rule|Species Clause: Limit one of each Pok\u00e9mon\n|rule|OHKO Clause: OHKO moves are banned\n|rule|Evasion Moves Clause: Evasion moves are banned\n|rule|Gravity Sleep Clause: The combination of sleep-inducing moves with imperfect accuracy and Gravity or Gigantamax Orbeetle are banned\n|rule|Endless Battle Clause: Forcing endless battles is banned\n|rule|HP Percentage Mod: HP is shown in percentages\n|clearpoke\n|poke|p1|Sinistcha|\n|poke|p1|Ursaluna-Bloodmoon, M|\n|poke|p1|Crawdaunt, F|\n|poke|p1|Chandelure, M|\n|poke|p1|Vikavolt, M|\n|poke|p1|Torterra, M|\n|poke|p2|Torkoal, M|\n|poke|p2|Cresselia, F|\n|poke|p2|Diancie|\n|poke|p2|Iron Hands|\n|poke|p2|Farigiraf, M|\n|poke|p2|Dragonite, F|\n|teampreview\n|inactive|Battle timer is ON: inactive players will automatically lose when time's up. (requested by DoerreKong)\n|inactive|DoerreKong has 120 seconds left.\n|\n|t:|1698150604\n|start\n|switch|p1a: Gonna Swing|Chandelure, M|100\/100\n|switch|p1b: Agent Oso|Ursaluna-Bloodmoon, M|100\/100\n|switch|p2a: Iron Hands|Iron Hands|100\/100\n|switch|p2b: Farigiraf|Farigiraf, M|100\/100\n|turn|1\n|\n|t:|1698150617\n|move|p1b: Agent Oso|Protect|p1b: Agent Oso\n|-singleturn|p1b: Agent Oso|Protect\n|move|p2a: Iron Hands|Fake Out|p1b: Agent Oso\n|-activate|p1b: Agent Oso|move: Protect\n|move|p1a: Gonna Swing|Will-O-Wisp|p2a: Iron Hands\n|-status|p2a: Iron Hands|brn\n|move|p2b: Farigiraf|Imprison|p2b: Farigiraf\n|-start|p2b: Farigiraf|move: Imprison\n|\n|-damage|p2a: Iron Hands|94\/100 brn|[from] brn\n|upkeep\n|turn|2\n|\n|t:|1698150646\n|switch|p1a: The Lobster|Crawdaunt, F|100\/100\n|move|p1b: Agent Oso|Earth Power|p2a: Iron Hands\n|-supereffective|p2a: Iron Hands\n|-damage|p2a: Iron Hands|0 fnt\n|faint|p2a: Iron Hands\n|-end|p2a: Iron Hands|Quark Drive|[silent]\n|-damage|p1b: Agent Oso|90\/100|[from] item: Life Orb\n|move|p2b: Farigiraf|Dazzling Gleam|p1a: The Lobster|[spread] p1a,p1b\n|-supereffective|p1a: The Lobster\n|-damage|p1a: The Lobster|50\/100\n|-damage|p1b: Agent Oso|74\/100\n|\n|upkeep\n|\n|t:|1698150659\n|switch|p2a: Dragonite|Dragonite, F|100\/100\n|turn|3\n|\n|t:|1698150674\n|move|p2a: Dragonite|Ice Spinner|p1b: Agent Oso\n|-supereffective|p1b: Agent Oso\n|-damage|p1b: Agent Oso|7\/100\n|move|p1a: The Lobster|Knock Off|p2a: Dragonite\n|-damage|p2a: Dragonite|69\/100\n|-enditem|p2a: Dragonite|Choice Band|[from] move: Knock Off|[of] p1a: The Lobster\n|move|p1b: Agent Oso|Blood Moon|p2b: Farigiraf\n|-damage|p2b: Farigiraf|11\/100\n|-damage|p1b: Agent Oso|0 fnt|[from] item: Life Orb\n|faint|p1b: Agent Oso\n|move|p2b: Farigiraf|Dazzling Gleam|p1a: The Lobster\n|-supereffective|p1a: The Lobster\n|-damage|p1a: The Lobster|0 fnt\n|faint|p1a: The Lobster\n|\n|-heal|p2b: Farigiraf|18\/100|[from] item: Leftovers\n|upkeep\n|\n|t:|1698150693\n|switch|p1a: Gonna Swing|Chandelure, M|100\/100\n|switch|p1b: Electro|Vikavolt, M|100\/100\n|turn|4\n|\n|t:|1698150703\n|move|p2a: Dragonite|Earthquake|p1b: Electro|[spread] p2b,p1a\n|-immune|p1b: Electro|[from] ability: Levitate\n|-supereffective|p1a: Gonna Swing\n|-damage|p2b: Farigiraf|0 fnt\n|-damage|p1a: Gonna Swing|30\/100\n|faint|p2b: Farigiraf\n|move|p1a: Gonna Swing|Will-O-Wisp|p2a: Dragonite\n|-status|p2a: Dragonite|brn\n|move|p1b: Electro|Bug Buzz|p2a: Dragonite\n|-resisted|p2a: Dragonite\n|-damage|p2a: Dragonite|43\/100 brn\n|\n|-damage|p2a: Dragonite|36\/100 brn|[from] brn\n|upkeep\n|\n|t:|1698150709\n|switch|p2b: Cresselia|Cresselia, F|100\/100\n|turn|5\n|\n|t:|1698150720\n|move|p2a: Dragonite|Rock Slide|p1a: Gonna Swing|[spread] p1b\n|-miss|p2a: Dragonite|p1a: Gonna Swing\n|-supereffective|p1b: Electro\n|-damage|p1b: Electro|78\/100\n|cant|p1b: Electro|flinch\n|move|p1a: Gonna Swing|Trick Room|p1a: Gonna Swing\n|-fieldstart|move: Trick Room|[of] p1a: Gonna Swing\n|move|p2b: Cresselia|Trick Room|p2b: Cresselia\n|-fieldend|move: Trick Room\n|\n|-damage|p2a: Dragonite|30\/100 brn|[from] brn\n|upkeep\n|turn|6\n|\n|t:|1698150734\n|move|p2a: Dragonite|Rock Slide|p1b: Electro|[spread] p1a,p1b\n|-supereffective|p1a: Gonna Swing\n|-supereffective|p1b: Electro\n|-damage|p1a: Gonna Swing|6\/100\n|-damage|p1b: Electro|56\/100\n|move|p1b: Electro|Bug Buzz|p2b: Cresselia\n|-supereffective|p2b: Cresselia\n|-damage|p2b: Cresselia|42\/100\n|move|p1a: Gonna Swing|Trick Room|p1a: Gonna Swing\n|-fieldstart|move: Trick Room|[of] p1a: Gonna Swing\n|move|p2b: Cresselia|Trick Room|p2b: Cresselia\n|-fieldend|move: Trick Room\n|\n|-heal|p2b: Cresselia|48\/100|[from] item: Leftovers\n|-damage|p2a: Dragonite|24\/100 brn|[from] brn\n|upkeep\n|turn|7\n|\n|t:|1698150747\n|move|p2a: Dragonite|Rock Slide|p1b: Electro|[spread] p1a\n|-miss|p2a: Dragonite|p1b: Electro\n|-supereffective|p1a: Gonna Swing\n|-damage|p1a: Gonna Swing|0 fnt\n|faint|p1a: Gonna Swing\n|move|p2b: Cresselia|Lunar Blessing|p2b: Cresselia|[spread] p2a,p2b\n|-heal|p2a: Dragonite|49\/100 brn\n|-curestatus|p2a: Dragonite|brn|[msg]\n|-heal|p2b: Cresselia|73\/100\n|move|p1b: Electro|Bug Buzz|p2b: Cresselia\n|-supereffective|p2b: Cresselia\n|-crit|p2b: Cresselia\n|-damage|p2b: Cresselia|0 fnt\n|faint|p2b: Cresselia\n|\n|upkeep\n|\n|t:|1698150761\n|switch|p1a: Mean Green|Sinistcha|100\/100\n|switch|p2b: Diancie|Diancie|100\/100\n|-heal|p1b: Electro|80\/100|[from] ability: Hospitality|[of] p1a: Mean Green\n|turn|8\n|\n|t:|1698150775\n|-terastallize|p1b: Electro|Electric\n|move|p2a: Dragonite|Ice Spinner|p1a: Mean Green\n|-supereffective|p1a: Mean Green\n|-damage|p1a: Mean Green|46\/100\n|move|p1b: Electro|Flash Cannon|p2b: Diancie\n|-supereffective|p2b: Diancie\n|-damage|p2b: Diancie|4\/100\n|-enditem|p2b: Diancie|Weakness Policy\n|-boost|p2b: Diancie|atk|2|[from] item: Weakness Policy\n|-boost|p2b: Diancie|spa|2|[from] item: Weakness Policy\n|move|p2b: Diancie|Diamond Storm|p1a: Mean Green|[spread] p1a,p1b\n|-damage|p1a: Mean Green|0 fnt\n|-damage|p1b: Electro|26\/100\n|-boost|p2b: Diancie|def|2\n|faint|p1a: Mean Green\n|\n|upkeep\n|\n|t:|1698150788\n|switch|p1a: Tree Powers|Torterra, M|100\/100\n|turn|9\n|\n|t:|1698150796\n|-terastallize|p2a: Dragonite|Normal\n|move|p2a: Dragonite|Extreme Speed|p1b: Electro\n|-damage|p1b: Electro|0 fnt\n|faint|p1b: Electro\n|move|p1a: Tree Powers|Iron Head|p2b: Diancie\n|-supereffective|p2b: Diancie\n|-damage|p2b: Diancie|0 fnt\n|faint|p2b: Diancie\n|\n|upkeep\n|\n|t:|1698150804\n|switch|p2b: Torkoal|Torkoal, M|100\/100\n|-weather|SunnyDay|[from] ability: Drought|[of] p2b: Torkoal\n|turn|10\n|\n|t:|1698150817\n|move|p2a: Dragonite|Ice Spinner|p1a: Tree Powers\n|-supereffective|p1a: Tree Powers\n|-enditem|p1a: Tree Powers|Yache Berry|[eat]\n|-enditem|p1a: Tree Powers|Yache Berry|[weaken]\n|-damage|p1a: Tree Powers|49\/100\n|move|p1a: Tree Powers|Headlong Rush|p2a: Dragonite\n|-damage|p2a: Dragonite|0 fnt\n|-unboost|p1a: Tree Powers|def|1\n|-unboost|p1a: Tree Powers|spd|1\n|faint|p2a: Dragonite\n|move|p2b: Torkoal|Eruption|p1a: Tree Powers\n|-supereffective|p1a: Tree Powers\n|-damage|p1a: Tree Powers|0 fnt\n|faint|p1a: Tree Powers\n|\n|win|DoerreKong\n|raw|SuperSoup21's rating: 1424 &rarr; <strong>1407<\/strong><br \/>(-17 for losing)\n|raw|DoerreKong's rating: 1472 &rarr; <strong>1489<\/strong><br \/>(+17 for winning)\n|l|\u2606SuperSoup21\n","uploadtime":1698150831,"views":10,"p1id":"supersoup21","p2id":"doerrekong","formatid":"gen9doublesou","rating":1407,"private":0,"password":""}