{"id":"gen9doublesou-1997222846","p1":"AerBlaziken","p2":"V0ltbit","format":"[Gen 9] Doubles OU","log":"|j|\u2606AerBlaziken\n|j|\u2606V0ltbit\n|t:|1700777296\n|gametype|doubles\n|player|p1|AerBlaziken|hexmaniac-gen6|1287\n|player|p2|V0ltbit|1|1330\n|teamsize|p1|6\n|teamsize|p2|6\n|gen|9\n|tier|[Gen 9] Doubles OU\n|rated|\n|rule|Species Clause: Limit one of each Pok\u00e9mon\n|rule|OHKO Clause: OHKO moves are banned\n|rule|Evasion Moves Clause: Evasion moves are banned\n|rule|Gravity Sleep Clause: The combination of sleep-inducing moves with imperfect accuracy and Gravity or Gigantamax Orbeetle are banned\n|rule|Endless Battle Clause: Forcing endless battles is banned\n|rule|HP Percentage Mod: HP is shown in percentages\n|clearpoke\n|poke|p1|Milotic, F|\n|poke|p1|Gastrodon-East, F|\n|poke|p1|Grimmsnarl, M|\n|poke|p1|Amoonguss, M|\n|poke|p1|Volcanion|\n|poke|p1|Iron Hands|\n|poke|p2|Ogerpon-Hearthflame, F|\n|poke|p2|Iron Hands|\n|poke|p2|Iron Bundle|\n|poke|p2|Kingambit, F|\n|poke|p2|Wo-Chien|\n|poke|p2|Chandelure, M|\n|teampreview\n|\n|t:|1700777318\n|start\n|switch|p1a: Car Wash|Volcanion|100\/100\n|switch|p1b: Venom (2018)|Grimmsnarl, M|100\/100\n|switch|p2a: Iron Bundle|Iron Bundle, shiny|100\/100\n|switch|p2b: Iron Hands|Iron Hands, shiny|100\/100\n|-enditem|p2a: Iron Bundle|Booster Energy\n|-activate|p2a: Iron Bundle|ability: Quark Drive|[fromitem]\n|-start|p2a: Iron Bundle|quarkdrivespe\n|turn|1\n|\n|t:|1700777342\n|move|p1b: Venom (2018)|Fake Out|p2a: Iron Bundle\n|-damage|p2a: Iron Bundle|85\/100\n|move|p2b: Iron Hands|Fake Out|p1b: Venom (2018)\n|-damage|p1b: Venom (2018)|84\/100\n|cant|p2a: Iron Bundle|flinch\n|move|p1a: Car Wash|Heat Wave|p2a: Iron Bundle|[spread] p2a,p2b\n|-damage|p2a: Iron Bundle|15\/100\n|-damage|p2b: Iron Hands|82\/100\n|\n|upkeep\n|turn|2\n|\n|t:|1700777362\n|move|p2a: Iron Bundle|Freeze-Dry|p1a: Car Wash\n|-damage|p1a: Car Wash|71\/100\n|move|p1a: Car Wash|Earth Power|p2b: Iron Hands\n|-supereffective|p2b: Iron Hands\n|-damage|p2b: Iron Hands|48\/100\n|move|p1b: Venom (2018)|Spirit Break|p2b: Iron Hands\n|-supereffective|p2b: Iron Hands\n|-damage|p2b: Iron Hands|6\/100\n|-unboost|p2b: Iron Hands|spa|1\n|move|p2b: Iron Hands|Iron Head|p1b: Venom (2018)\n|-supereffective|p1b: Venom (2018)\n|-damage|p1b: Venom (2018)|15\/100\n|\n|upkeep\n|turn|3\n|\n|t:|1700777381\n|move|p1b: Venom (2018)|Parting Shot|p2a: Iron Bundle\n|-unboost|p2a: Iron Bundle|atk|1\n|-unboost|p2a: Iron Bundle|spa|1\n|\n|t:|1700777387\n|switch|p1b: Piston Honda|Iron Hands|100\/100|[from] Parting Shot\n|move|p2a: Iron Bundle|Icy Wind|p1a: Car Wash|[spread] p1a,p1b\n|-resisted|p1a: Car Wash\n|-damage|p1a: Car Wash|68\/100\n|-damage|p1b: Piston Honda|93\/100\n|-unboost|p1a: Car Wash|spe|1\n|-unboost|p1b: Piston Honda|spe|1\n|move|p2b: Iron Hands|Wild Charge|p1a: Car Wash\n|-supereffective|p1a: Car Wash\n|-damage|p1a: Car Wash|0 fnt\n|faint|p1a: Car Wash\n|-damage|p2b: Iron Hands|0 fnt|[from] Recoil\n|faint|p2b: Iron Hands\n|-end|p2b: Iron Hands|Quark Drive|[silent]\n|\n|upkeep\n|inactive|Battle timer is ON: inactive players will automatically lose when time's up. (requested by V0ltbit)\n|\n|t:|1700777411\n|switch|p1a: Venom (2018)|Grimmsnarl, M|15\/100\n|switch|p2b: Kingambit|Kingambit, F|100\/100\n|-activate|p2b: Kingambit|ability: Supreme Overlord\n|-start|p2b: Kingambit|fallen1|[silent]\n|turn|4\n|\n|t:|1700777444\n|switch|p1a: Among Us|Amoonguss, M, shiny|100\/100\n|-terastallize|p2b: Kingambit|Flying\n|move|p1b: Piston Honda|Fake Out|p2a: Iron Bundle\n|-damage|p2a: Iron Bundle|0 fnt\n|faint|p2a: Iron Bundle\n|-end|p2a: Iron Bundle|Quark Drive|[silent]\n|move|p2b: Kingambit|Tera Blast|p1b: Piston Honda|[anim] Tera Blast Flying\n|-damage|p1b: Piston Honda|60\/100\n|\n|upkeep\n|\n|t:|1700777457\n|switch|p2a: Chandelure|Chandelure, M|100\/100\n|turn|5\n|\n|t:|1700777466\n|move|p1a: Among Us|Protect|p1a: Among Us\n|-singleturn|p1a: Among Us|Protect\n|move|p2a: Chandelure|Substitute|p2a: Chandelure\n|-start|p2a: Chandelure|Substitute\n|-damage|p2a: Chandelure|76\/100\n|move|p2b: Kingambit|Tera Blast|p1a: Among Us|[anim] Tera Blast Flying\n|-activate|p1a: Among Us|move: Protect\n|move|p1b: Piston Honda|Wild Charge|p2b: Kingambit\n|-supereffective|p2b: Kingambit\n|-damage|p2b: Kingambit|30\/100\n|-damage|p1b: Piston Honda|46\/100|[from] Recoil\n|\n|-heal|p2a: Chandelure|82\/100|[from] item: Leftovers\n|upkeep\n|turn|6\n|\n|t:|1700777494\n|move|p2a: Chandelure|Will-O-Wisp|p1b: Piston Honda\n|-status|p1b: Piston Honda|brn\n|move|p2b: Kingambit|Tera Blast|p1a: Among Us|[anim] Tera Blast Flying\n|-supereffective|p1a: Among Us\n|-damage|p1a: Among Us|12\/100\n|-enditem|p1a: Among Us|Sitrus Berry|[eat]\n|-heal|p1a: Among Us|37\/100|[from] item: Sitrus Berry\n|move|p1a: Among Us|Pollen Puff|p1b: Piston Honda\n|-heal|p1b: Piston Honda|96\/100 brn\n|move|p1b: Piston Honda|Wild Charge|p2a: Chandelure\n|-end|p2a: Chandelure|Substitute\n|-damage|p1b: Piston Honda|92\/100 brn|[from] Recoil|[of] p2a: Chandelure\n|\n|-heal|p2a: Chandelure|88\/100|[from] item: Leftovers\n|-damage|p1b: Piston Honda|86\/100 brn|[from] brn\n|upkeep\n|turn|7\n|inactive|V0ltbit has 120 seconds left.\n|\n|t:|1700777533\n|move|p2b: Kingambit|Sucker Punch|p1b: Piston Honda\n|-resisted|p1b: Piston Honda\n|-damage|p1b: Piston Honda|70\/100 brn\n|move|p2a: Chandelure|Substitute|p2a: Chandelure\n|-start|p2a: Chandelure|Substitute\n|-damage|p2a: Chandelure|63\/100\n|move|p1a: Among Us|Spore|p2b: Kingambit\n|-status|p2b: Kingambit|slp|[from] move: Spore\n|move|p1b: Piston Honda|Wild Charge|p2a: Chandelure\n|-end|p2a: Chandelure|Substitute\n|-damage|p1b: Piston Honda|66\/100 brn|[from] Recoil|[of] p2a: Chandelure\n|\n|-heal|p2a: Chandelure|70\/100|[from] item: Leftovers\n|-damage|p1b: Piston Honda|60\/100 brn|[from] brn\n|upkeep\n|turn|8\n|inactive|V0ltbit has 120 seconds left.\n|\n|t:|1700777555\n|move|p2a: Chandelure|Hex|p1b: Piston Honda\n|-damage|p1b: Piston Honda|27\/100 brn\n|cant|p2b: Kingambit|slp\n|move|p1a: Among Us|Spore|p2a: Chandelure\n|-status|p2a: Chandelure|slp|[from] move: Spore\n|move|p1b: Piston Honda|Wild Charge|p2a: Chandelure\n|-damage|p2a: Chandelure|41\/100 slp\n|-damage|p1b: Piston Honda|23\/100 brn|[from] Recoil\n|\n|-heal|p2a: Chandelure|47\/100 slp|[from] item: Leftovers\n|-damage|p1b: Piston Honda|16\/100 brn|[from] brn\n|upkeep\n|turn|9\n|\n|t:|1700777571\n|cant|p2a: Chandelure|slp\n|-curestatus|p2b: Kingambit|slp|[msg]\n|move|p2b: Kingambit|Kowtow Cleave|p1a: Among Us\n|-damage|p1a: Among Us|0 fnt\n|faint|p1a: Among Us\n|move|p1b: Piston Honda|Volt Switch|p2b: Kingambit\n|-supereffective|p2b: Kingambit\n|-damage|p2b: Kingambit|7\/100\n|\n|t:|1700777582\n|-end|p1b: Piston Honda|Quark Drive|[silent]\n|switch|p1b: Mizu|Milotic, F, shiny|100\/100|[from] Volt Switch\n|\n|-heal|p2a: Chandelure|53\/100 slp|[from] item: Leftovers\n|upkeep\n|\n|t:|1700777584\n|switch|p1a: Miushi|Gastrodon-East, F, shiny|100\/100\n|turn|10\n|\n|t:|1700777596\n|move|p2b: Kingambit|Sucker Punch||[still]\n|-fail|p2b: Kingambit\n|move|p1b: Mizu|Coil|p1b: Mizu\n|-boost|p1b: Mizu|atk|1\n|-boost|p1b: Mizu|def|1\n|-boost|p1b: Mizu|accuracy|1\n|cant|p2a: Chandelure|slp\n|move|p1a: Miushi|Surf|p2b: Kingambit|[spread] p1b,p2a,p2b\n|-resisted|p1b: Mizu\n|-supereffective|p2a: Chandelure\n|-damage|p1b: Mizu|90\/100\n|-damage|p2a: Chandelure|1\/100 slp\n|-damage|p2b: Kingambit|0 fnt\n|faint|p2b: Kingambit\n|-end|p2b: Kingambit|fallen1|[silent]\n|\n|-heal|p1b: Mizu|96\/100|[from] item: Leftovers\n|-heal|p2a: Chandelure|7\/100 slp|[from] item: Leftovers\n|upkeep\n|\n|t:|1700777605\n|switch|p2b: Wo-Chien|Wo-Chien|100\/100\n|-ability|p2b: Wo-Chien|Tablets of Ruin\n|turn|11\n|\n|t:|1700777621\n|move|p1a: Miushi|Protect|p1a: Miushi\n|-singleturn|p1a: Miushi|Protect\n|move|p1b: Mizu|Hypnosis|p2b: Wo-Chien\n|-status|p2b: Wo-Chien|slp|[from] move: Hypnosis\n|-curestatus|p2a: Chandelure|slp|[msg]\n|move|p2a: Chandelure|Will-O-Wisp|p1b: Mizu\n|-status|p1b: Mizu|brn\n|cant|p2b: Wo-Chien|slp\n|\n|-heal|p1b: Mizu|100\/100 brn|[from] item: Leftovers\n|-heal|p2a: Chandelure|14\/100|[from] item: Leftovers\n|-damage|p1b: Mizu|94\/100 brn|[from] brn\n|upkeep\n|turn|12\n|\n|t:|1700777632\n|-curestatus|p2b: Wo-Chien|slp|[msg]\n|move|p2b: Wo-Chien|Protect|p2b: Wo-Chien\n|-singleturn|p2b: Wo-Chien|Protect\n|move|p1b: Mizu|Surf|p2b: Wo-Chien|[spread] p2a\n|-activate|p2b: Wo-Chien|move: Protect\n|-ability|p1a: Miushi|Storm Drain|boost\n|-boost|p1a: Miushi|spa|1\n|-supereffective|p2a: Chandelure\n|-damage|p2a: Chandelure|0 fnt\n|faint|p2a: Chandelure\n|move|p1a: Miushi|Ice Beam|p2b: Wo-Chien\n|-activate|p2b: Wo-Chien|move: Protect\n|\n|-heal|p1b: Mizu|100\/100 brn|[from] item: Leftovers\n|-damage|p1b: Mizu|94\/100 brn|[from] brn\n|upkeep\n|\n|t:|1700777639\n|switch|p2a: Ogerpon|Ogerpon-Hearthflame, F|100\/100\n|-ability|p2a: Ogerpon|Mold Breaker\n|turn|13\n|\n|t:|1700777663\n|move|p1a: Miushi|Protect|p1a: Miushi\n|-singleturn|p1a: Miushi|Protect\n|move|p2a: Ogerpon|Horn Leech|p1a: Miushi\n|-activate|p1a: Miushi|move: Protect\n|move|p1b: Mizu|Hypnosis|p2a: Ogerpon|[miss]\n|-miss|p1b: Mizu|p2a: Ogerpon\n|move|p2b: Wo-Chien|Giga Drain|p1b: Mizu\n|-supereffective|p1b: Mizu\n|-damage|p1b: Mizu|59\/100 brn\n|\n|-heal|p1b: Mizu|65\/100 brn|[from] item: Leftovers\n|-damage|p1b: Mizu|59\/100 brn|[from] brn\n|upkeep\n|turn|14\n|\n|t:|1700777682\n|-terastallize|p1a: Miushi|Grass\n|move|p2a: Ogerpon|Horn Leech|p1b: Mizu\n|-supereffective|p1b: Mizu\n|-damage|p1b: Mizu|8\/100 brn\n|move|p1b: Mizu|Surf|p2b: Wo-Chien|[spread] p2a,p2b\n|-ability|p1a: Miushi|Storm Drain|boost\n|-boost|p1a: Miushi|spa|1\n|-resisted|p2b: Wo-Chien\n|-damage|p2a: Ogerpon|63\/100\n|-damage|p2b: Wo-Chien|92\/100\n|move|p2b: Wo-Chien|Leech Seed|p1a: Miushi\n|-immune|p1a: Miushi\n|move|p1a: Miushi|Surf|p2b: Wo-Chien|[spread] p1b,p2a,p2b\n|-resisted|p1b: Mizu\n|-resisted|p2b: Wo-Chien\n|-damage|p1b: Mizu|0 fnt\n|-damage|p2a: Ogerpon|0 fnt\n|-damage|p2b: Wo-Chien|78\/100\n|faint|p1b: Mizu\n|faint|p2a: Ogerpon\n|\n|-heal|p2b: Wo-Chien|84\/100|[from] item: Leftovers\n|upkeep\n|\n|t:|1700777698\n|switch|p1b: Piston Honda|Iron Hands|16\/100 brn\n|turn|15\n|\n|t:|1700777702\n|move|p2b: Wo-Chien|Protect|p2b: Wo-Chien\n|-singleturn|p2b: Wo-Chien|Protect\n|move|p1b: Piston Honda|Fake Out|p2b: Wo-Chien\n|-activate|p2b: Wo-Chien|move: Protect\n|move|p1a: Miushi|Ice Beam|p2b: Wo-Chien\n|-activate|p2b: Wo-Chien|move: Protect\n|\n|-heal|p2b: Wo-Chien|90\/100|[from] item: Leftovers\n|-damage|p1b: Piston Honda|10\/100 brn|[from] brn\n|upkeep\n|turn|16\n|\n|t:|1700777708\n|move|p2b: Wo-Chien|Pollen Puff|p1a: Miushi\n|-supereffective|p1a: Miushi\n|-damage|p1a: Miushi|58\/100\n|move|p1b: Piston Honda|Drain Punch|p2b: Wo-Chien\n|-supereffective|p2b: Wo-Chien\n|-crit|p2b: Wo-Chien\n|-damage|p2b: Wo-Chien|45\/100\n|-heal|p1b: Piston Honda|27\/100 brn|[from] drain|[of] p2b: Wo-Chien\n|move|p1a: Miushi|Ice Beam|p2b: Wo-Chien\n|-supereffective|p2b: Wo-Chien\n|-damage|p2b: Wo-Chien|0 fnt\n|faint|p2b: Wo-Chien\n|\n|win|AerBlaziken\n|raw|AerBlaziken's rating: 1287 &rarr; <strong>1315<\/strong><br \/>(+28 for winning)\n|raw|V0ltbit's rating: 1330 &rarr; <strong>1308<\/strong><br \/>(-22 for losing)\n|l|\u2606V0ltbit\n","uploadtime":1700777723,"views":6,"p1id":"aerblaziken","p2id":"v0ltbit","formatid":"gen9doublesou","rating":1308,"private":0,"password":""}