{"id":"gen9doublesou-1968034758","p1":"Yuri_yaoi_lv","p2":"charizardisnice","format":"[Gen 9] Doubles OU","log":"|html|<div class=\"broadcast-blue\"><strong>[Gen 9] Doubles OU is currently suspecting Basculegion & Flutter Mane! For information on how to participate check out the <a href=\"https:\/\/www.smogon.com\/forums\/threads\/np-sv-dou-stage-8-double-trouble.3729153\/\">suspect thread<\/a>.<\/strong><\/div>\n|j|\u2606Yuri_yaoi_lv\n|j|\u2606charizardisnice\n|t:|1697377005\n|gametype|doubles\n|player|p1|Yuri_yaoi_lv|infielder|\n|player|p2|charizardisnice|102|\n|teamsize|p1|6\n|teamsize|p2|6\n|gen|9\n|tier|[Gen 9] Doubles OU\n|rule|Species Clause: Limit one of each Pok\u00e9mon\n|rule|OHKO Clause: OHKO moves are banned\n|rule|Evasion Moves Clause: Evasion moves are banned\n|rule|Gravity Sleep Clause: The combination of sleep-inducing moves with imperfect accuracy and Gravity or Gigantamax Orbeetle are banned\n|rule|Endless Battle Clause: Forcing endless battles is banned\n|rule|HP Percentage Mod: HP is shown in percentages\n|clearpoke\n|poke|p1|Basculegion-F, F|\n|poke|p1|Ogerpon-Wellspring, F|\n|poke|p1|Glimmora, M|\n|poke|p1|Garganacl, F|\n|poke|p1|Rillaboom, M|\n|poke|p1|Clodsire, M|\n|poke|p2|Chi-Yu|\n|poke|p2|Iron Hands|\n|poke|p2|Diancie|\n|poke|p2|Pelipper, F|\n|poke|p2|Samurott-Hisui, F|\n|poke|p2|Meowscarada, F|\n|teampreview\n|inactive|Battle timer is ON: inactive players will automatically lose when time's up. (requested by Yuri_yaoi_lv)\n|j| burkesayshi\n|\n|t:|1697377024\n|start\n|switch|p1a: Rillaboom|Rillaboom, M|100\/100\n|switch|p1b: Ogerpon|Ogerpon-Wellspring, F|100\/100\n|switch|p2a: Chi-Yu|Chi-Yu|100\/100\n|switch|p2b: Iron Hands|Iron Hands|100\/100\n|-ability|p2a: Chi-Yu|Beads of Ruin\n|-fieldstart|move: Grassy Terrain|[from] ability: Grassy Surge|[of] p1a: Rillaboom\n|turn|1\n|c| burkesayshi|mongsr\n|inactive|Yuri_yaoi_lv has 270 seconds left.\n|\n|t:|1697377058\n|move|p1a: Rillaboom|Fake Out|p2a: Chi-Yu\n|-crit|p2a: Chi-Yu\n|-damage|p2a: Chi-Yu|66\/100\n|move|p2b: Iron Hands|Fake Out|p1b: Ogerpon\n|-damage|p1b: Ogerpon|80\/100\n|cant|p1b: Ogerpon|flinch\n|cant|p2a: Chi-Yu|flinch\n|\n|-heal|p1b: Ogerpon|86\/100|[from] Grassy Terrain\n|-heal|p2a: Chi-Yu|72\/100|[from] Grassy Terrain\n|upkeep\n|turn|2\n|inactive|charizardisnice has 270 seconds left.\n|\n|t:|1697377099\n|-terastallize|p1a: Rillaboom|Normal\n|move|p2a: Chi-Yu|Protect|p2a: Chi-Yu\n|-singleturn|p2a: Chi-Yu|Protect\n|move|p1b: Ogerpon|Ivy Cudgel|p2a: Chi-Yu\n|-activate|p2a: Chi-Yu|move: Protect\n|move|p1a: Rillaboom|Bulk Up|p1a: Rillaboom\n|-boost|p1a: Rillaboom|atk|1\n|-boost|p1a: Rillaboom|def|1\n|move|p2b: Iron Hands|Wild Charge|p1b: Ogerpon\n|-damage|p1b: Ogerpon|15\/100\n|-damage|p2b: Iron Hands|89\/100|[from] Recoil\n|\n|-heal|p1b: Ogerpon|21\/100|[from] Grassy Terrain\n|-heal|p2a: Chi-Yu|78\/100|[from] Grassy Terrain\n|-heal|p2b: Iron Hands|95\/100|[from] Grassy Terrain\n|upkeep\n|turn|3\n|inactive|charizardisnice has 270 seconds left.\n|c| burkesayshi|TERA NORMAL BULK UP???????????\n|\n|t:|1697377141\n|switch|p2a: Meowscarada|Meowscarada, F|100\/100\n|-terastallize|p2b: Iron Hands|Fighting\n|move|p1b: Ogerpon|Ivy Cudgel|p2a: Meowscarada\n|-resisted|p2a: Meowscarada\n|-damage|p2a: Meowscarada|52\/100\n|move|p1a: Rillaboom|Drum Beating|p2b: Iron Hands\n|-damage|p2b: Iron Hands|34\/100\n|-unboost|p2b: Iron Hands|spe|1\n|move|p2b: Iron Hands|Drain Punch|p1a: Rillaboom\n|-supereffective|p1a: Rillaboom\n|-crit|p1a: Rillaboom\n|-damage|p1a: Rillaboom|0 fnt\n|-heal|p2b: Iron Hands|79\/100|[from] drain|[of] p1a: Rillaboom\n|faint|p1a: Rillaboom\n|\n|-heal|p2a: Meowscarada|58\/100|[from] Grassy Terrain\n|-heal|p1b: Ogerpon|27\/100|[from] Grassy Terrain\n|-heal|p2b: Iron Hands|85\/100|[from] Grassy Terrain\n|upkeep\n|inactive|Yuri_yaoi_lv has 270 seconds left.\n|\n|t:|1697377163\n|switch|p1a: Basculegion|Basculegion-F, F|100\/100\n|turn|4\n|inactive|charizardisnice has 270 seconds left.\n|\n|t:|1697377180\n|move|p2a: Meowscarada|Sucker Punch|p1a: Basculegion\n|-start|p2a: Meowscarada|typechange|Dark|[from] ability: Protean\n|-supereffective|p1a: Basculegion\n|-damage|p1a: Basculegion|15\/100\n|-damage|p2a: Meowscarada|42\/100|[from] item: Rocky Helmet|[of] p1a: Basculegion\n|move|p1b: Ogerpon|Play Rough|p2a: Meowscarada|[miss]\n|-miss|p1b: Ogerpon|p2a: Meowscarada\n|move|p1a: Basculegion|Chilling Water|p2b: Iron Hands\n|-damage|p2b: Iron Hands|71\/100\n|-unboost|p2b: Iron Hands|atk|1\n|move|p2b: Iron Hands|Wild Charge|p1a: Basculegion\n|-supereffective|p1a: Basculegion\n|-damage|p1a: Basculegion|0 fnt\n|-damage|p2b: Iron Hands|55\/100|[from] item: Rocky Helmet|[of] p1a: Basculegion\n|faint|p1a: Basculegion\n|-damage|p2b: Iron Hands|51\/100|[from] Recoil\n|\n|-heal|p2a: Meowscarada|48\/100|[from] Grassy Terrain\n|-heal|p1b: Ogerpon|33\/100|[from] Grassy Terrain\n|-heal|p2b: Iron Hands|57\/100|[from] Grassy Terrain\n|upkeep\n|\n|t:|1697377196\n|switch|p1a: Garganacl|Garganacl, F|100\/100\n|turn|5\n|inactive|charizardisnice has 270 seconds left.\n|\n|t:|1697377220\n|move|p2a: Meowscarada|Sucker Punch|p1b: Ogerpon\n|-damage|p1b: Ogerpon|0 fnt\n|faint|p1b: Ogerpon\n|move|p2b: Iron Hands|Drain Punch|p1a: Garganacl\n|-supereffective|p1a: Garganacl\n|-damage|p1a: Garganacl|47\/100\n|-heal|p2b: Iron Hands|81\/100|[from] drain|[of] p1a: Garganacl\n|move|p1a: Garganacl|Salt Cure|p2b: Iron Hands\n|-resisted|p2b: Iron Hands\n|-damage|p2b: Iron Hands|77\/100\n|-start|p2b: Iron Hands|Salt Cure\n|\n|-heal|p2a: Meowscarada|54\/100|[from] Grassy Terrain\n|-heal|p2b: Iron Hands|83\/100|[from] Grassy Terrain\n|-heal|p1a: Garganacl|53\/100|[from] Grassy Terrain\n|-heal|p1a: Garganacl|59\/100|[from] item: Leftovers\n|-damage|p2b: Iron Hands|70\/100|[from] Salt Cure\n|-fieldend|move: Grassy Terrain\n|upkeep\n|\n|t:|1697377224\n|switch|p1b: Glimmora|Glimmora, M|100\/100\n|turn|6\n|inactive|charizardisnice has 270 seconds left.\n|\n|t:|1697377255\n|move|p2a: Meowscarada|Flower Trick|p1a: Garganacl\n|-supereffective|p1a: Garganacl\n|-crit|p1a: Garganacl\n|-damage|p1a: Garganacl|15\/100\n|move|p1b: Glimmora|Substitute|p1b: Glimmora\n|-start|p1b: Glimmora|Substitute\n|-damage|p1b: Glimmora|76\/100\n|move|p2b: Iron Hands|Drain Punch|p1a: Garganacl\n|-supereffective|p1a: Garganacl\n|-damage|p1a: Garganacl|0 fnt\n|-heal|p2b: Iron Hands|77\/100|[from] drain|[of] p1a: Garganacl\n|faint|p1a: Garganacl\n|\n|-damage|p2b: Iron Hands|64\/100|[from] Salt Cure\n|upkeep\n|\n|t:|1697377279\n|switch|p1a: Rika|Clodsire, M|100\/100\n|turn|7\n|\n|t:|1697377307\n|-end|p2b: Iron Hands|Quark Drive|[silent]\n|switch|p2b: Samurott|Samurott-Hisui, F|100\/100\n|move|p2a: Meowscarada|Knock Off|p1a: Rika\n|-damage|p1a: Rika|54\/100\n|-enditem|p1a: Rika|Wiki Berry|[from] move: Knock Off|[of] p2a: Meowscarada\n|move|p1b: Glimmora|Toxic|p2a: Meowscarada\n|-status|p2a: Meowscarada|tox\n|move|p1a: Rika|Toxic|p2b: Samurott\n|-status|p2b: Samurott|tox\n|\n|-damage|p2a: Meowscarada|48\/100 tox|[from] psn\n|-damage|p2b: Samurott|94\/100 tox|[from] psn\n|upkeep\n|turn|8\n|\n|t:|1697377329\n|switch|p2a: Pelipper|Pelipper, F|100\/100\n|-weather|RainDance|[from] ability: Drizzle|[of] p2a: Pelipper\n|move|p1b: Glimmora|Protect|p1b: Glimmora\n|-singleturn|p1b: Glimmora|Protect\n|move|p2b: Samurott|Aqua Cutter|p1a: Rika\n|-heal|p1a: Rika|79\/100|[from] ability: Water Absorb|[of] p2b: Samurott\n|move|p1a: Rika|Chilling Water|p2a: Pelipper\n|-resisted|p2a: Pelipper\n|-damage|p2a: Pelipper|93\/100\n|-unboost|p2a: Pelipper|atk|1\n|-enditem|p2a: Pelipper|Eject Button\n|inactive|charizardisnice has 270 seconds left.\n|\n|t:|1697377355\n|switch|p2a: Iron Hands|Iron Hands, tera:Fighting|64\/100\n|\n|-weather|RainDance|[upkeep]\n|-damage|p2b: Samurott|82\/100 tox|[from] psn\n|upkeep\n|turn|9\n|\n|t:|1697377370\n|move|p2a: Iron Hands|Fake Out|p1a: Rika\n|-damage|p1a: Rika|61\/100\n|move|p2b: Samurott|Aqua Cutter|p1b: Glimmora\n|-supereffective|p1b: Glimmora\n|-end|p1b: Glimmora|Substitute\n|move|p1b: Glimmora|Spikes|p2b: Samurott\n|-sidestart|p2: charizardisnice|Spikes\n|cant|p1a: Rika|flinch\n|\n|-weather|RainDance|[upkeep]\n|-damage|p2b: Samurott|63\/100 tox|[from] psn\n|upkeep\n|turn|10\n|\n|t:|1697377391\n|move|p1b: Glimmora|Protect|p1b: Glimmora\n|-singleturn|p1b: Glimmora|Protect\n|move|p2b: Samurott|Aqua Cutter|p1b: Glimmora\n|-activate|p1b: Glimmora|move: Protect\n|move|p2a: Iron Hands|Drain Punch|p1b: Glimmora\n|-activate|p1b: Glimmora|move: Protect\n|move|p1a: Rika|Chilling Water|p2a: Iron Hands\n|-damage|p2a: Iron Hands|59\/100\n|-unboost|p2a: Iron Hands|atk|1\n|\n|-weather|RainDance|[upkeep]\n|-damage|p2b: Samurott|38\/100 tox|[from] psn\n|upkeep\n|turn|11\n|\n|t:|1697377409\n|switch|p2b: Pelipper|Pelipper, F|93\/100\n|move|p1b: Glimmora|Substitute|p1b: Glimmora\n|-start|p1b: Glimmora|Substitute\n|-damage|p1b: Glimmora|51\/100\n|move|p2a: Iron Hands|Drain Punch|p1b: Glimmora\n|-end|p1b: Glimmora|Substitute\n|-heal|p2a: Iron Hands|70\/100|[from] drain|[of] p1b: Glimmora\n|move|p1a: Rika|Toxic|p2a: Iron Hands\n|-status|p2a: Iron Hands|tox\n|\n|-weather|RainDance|[upkeep]\n|-damage|p2a: Iron Hands|63\/100 tox|[from] psn\n|upkeep\n|turn|12\n|\n|t:|1697377439\n|move|p1b: Glimmora|Protect|p1b: Glimmora\n|-singleturn|p1b: Glimmora|Protect\n|move|p2b: Pelipper|Hydro Pump|p1b: Glimmora\n|-activate|p1b: Glimmora|move: Protect\n|move|p2a: Iron Hands|Drain Punch|p1b: Glimmora\n|-activate|p1b: Glimmora|move: Protect\n|move|p1a: Rika|Toxic|p2b: Pelipper\n|-status|p2b: Pelipper|tox\n|\n|-weather|none\n|-damage|p2b: Pelipper|87\/100 tox|[from] psn\n|-damage|p2a: Iron Hands|51\/100 tox|[from] psn\n|upkeep\n|turn|13\n|\n|t:|1697377464\n|move|p1b: Glimmora|Substitute|p1b: Glimmora\n|-start|p1b: Glimmora|Substitute\n|-damage|p1b: Glimmora|26\/100\n|move|p2b: Pelipper|Hydro Pump|p1b: Glimmora\n|-supereffective|p1b: Glimmora\n|-end|p1b: Glimmora|Substitute\n|move|p2a: Iron Hands|Drain Punch|p1b: Glimmora\n|-damage|p1b: Glimmora|0 fnt\n|-heal|p2a: Iron Hands|61\/100 tox|[from] drain|[of] p1b: Glimmora\n|faint|p1b: Glimmora\n|move|p1a: Rika|Chilling Water|p2a: Iron Hands\n|-damage|p2a: Iron Hands|58\/100 tox\n|-unboost|p2a: Iron Hands|atk|1\n|\n|-damage|p2b: Pelipper|75\/100 tox|[from] psn\n|-damage|p2a: Iron Hands|39\/100 tox|[from] psn\n|upkeep\n|turn|14\n|c|\u2606charizardisnice|toxic reverse sweep?\n|inactive|charizardisnice has 270 seconds left.\n|\n|t:|1697377496\n|switch|p2b: Meowscarada|Meowscarada, F|48\/100 tox\n|-damage|p2b: Meowscarada|36\/100 tox|[from] Spikes\n|-end|p2a: Iron Hands|Quark Drive|[silent]\n|switch|p2a: Diancie|Diancie|100\/100\n|-damage|p2a: Diancie|88\/100|[from] Spikes\n|move|p1a: Rika|Chilling Water|p2a: Diancie\n|-supereffective|p2a: Diancie\n|-damage|p2a: Diancie|80\/100\n|\n|-damage|p2b: Meowscarada|30\/100 tox|[from] psn\n|upkeep\n|turn|15\n|inactive|charizardisnice has 270 seconds left.\n|\n|t:|1697377541\n|move|p2b: Meowscarada|Knock Off|p1a: Rika\n|-start|p2b: Meowscarada|typechange|Dark|[from] ability: Protean\n|-damage|p1a: Rika|29\/100\n|move|p2a: Diancie|Diamond Storm|p1a: Rika\n|-resisted|p1a: Rika\n|-damage|p1a: Rika|4\/100\n|-boost|p2a: Diancie|def|2\n|move|p1a: Rika|Toxic|p2a: Diancie\n|-status|p2a: Diancie|tox\n|\n|-damage|p2b: Meowscarada|17\/100 tox|[from] psn\n|-damage|p2a: Diancie|74\/100 tox|[from] psn\n|upkeep\n|turn|16\n|inactive|charizardisnice has 270 seconds left.\n|inactive|Yuri_yaoi_lv has 270 seconds left.\n|\n|t:|1697377577\n|switch|p2b: Chi-Yu|Chi-Yu|78\/100\n|-damage|p2b: Chi-Yu|65\/100|[from] Spikes\n|-ability|p2b: Chi-Yu|Beads of Ruin\n|move|p2a: Diancie|Diamond Storm|p1a: Rika\n|-resisted|p1a: Rika\n|-damage|p1a: Rika|0 fnt\n|faint|p1a: Rika\n|\n|win|charizardisnice\n|l|\u2606Yuri_yaoi_lv\n|l| burkesayshi\n","uploadtime":1697377588,"views":18,"p1id":"yuriyaoilv","p2id":"charizardisnice","formatid":"gen9doublesou","rating":0,"private":0,"password":""}