{"id":"gen9doublesou-1985008233","p1":"alucard_wolf","p2":"RLisanidiot","format":"[Gen 9] Doubles OU","log":"|j|\u2606alucard_wolf\n|j|\u2606RLisanidiot\n|t:|1699320141\n|gametype|doubles\n|player|p1|alucard_wolf|170|1260\n|player|p2|RLisanidiot|unknownf|1243\n|teamsize|p1|6\n|teamsize|p2|6\n|gen|9\n|tier|[Gen 9] Doubles OU\n|rated|\n|rule|Species Clause: Limit one of each Pok\u00e9mon\n|rule|OHKO Clause: OHKO moves are banned\n|rule|Evasion Moves Clause: Evasion moves are banned\n|rule|Gravity Sleep Clause: The combination of sleep-inducing moves with imperfect accuracy and Gravity or Gigantamax Orbeetle are banned\n|rule|Endless Battle Clause: Forcing endless battles is banned\n|rule|HP Percentage Mod: HP is shown in percentages\n|clearpoke\n|poke|p1|Meowscarada, F|\n|poke|p1|Farigiraf, F|\n|poke|p1|Sneasler, M|\n|poke|p1|Flutter Mane|\n|poke|p1|Armarouge, F|\n|poke|p1|Ogerpon-Wellspring, F|\n|poke|p2|Ninetales-Alola, F|\n|poke|p2|Chien-Pao|\n|poke|p2|Flutter Mane|\n|poke|p2|Tornadus, M|\n|poke|p2|Pachirisu, M|\n|poke|p2|Rillaboom, M|\n|teampreview\n|inactive|Battle timer is ON: inactive players will automatically lose when time's up. (requested by RLisanidiot)\n|\n|t:|1699320150\n|start\n|switch|p1a: Sneasler|Sneasler, M, shiny|100\/100\n|switch|p1b: Flutter Mane|Flutter Mane, shiny|100\/100\n|switch|p2a: Tornadus|Tornadus, M|100\/100\n|switch|p2b: Rillaboom|Rillaboom, M|100\/100\n|-fieldstart|move: Grassy Terrain|[from] ability: Grassy Surge|[of] p2b: Rillaboom\n|turn|1\n|\n|t:|1699320166\n|-end|p1b: Flutter Mane|Protosynthesis|[silent]\n|switch|p1b: Farigiraf|Farigiraf, F, shiny|100\/100\n|move|p2a: Tornadus|Tailwind|p2a: Tornadus\n|-sidestart|p2: RLisanidiot|move: Tailwind\n|move|p2b: Rillaboom|Wood Hammer|p1a: Sneasler\n|-resisted|p1a: Sneasler\n|-crit|p1a: Sneasler\n|-damage|p1a: Sneasler|0 fnt\n|faint|p1a: Sneasler\n|-damage|p2b: Rillaboom|76\/100|[from] Recoil\n|\n|-heal|p2b: Rillaboom|82\/100|[from] Grassy Terrain\n|upkeep\n|\n|t:|1699320183\n|switch|p1a: Armarouge|Armarouge, F, shiny|100\/100\n|turn|2\n|\n|t:|1699320189\n|move|p1a: Armarouge|Wide Guard|p1a: Armarouge\n|-singleturn|p1a: Armarouge|Wide Guard\n|move|p2a: Tornadus|Bleakwind Storm|p1b: Farigiraf|[spread] \n|-activate|p1a: Armarouge|move: Wide Guard\n|-activate|p1b: Farigiraf|move: Wide Guard\n|move|p2b: Rillaboom|Wood Hammer|p1a: Armarouge\n|-resisted|p1a: Armarouge\n|-damage|p1a: Armarouge|45\/100\n|-ability|p1a: Armarouge|Weak Armor|boost\n|-unboost|p1a: Armarouge|def|1\n|-boost|p1a: Armarouge|spe|2\n|-damage|p2b: Rillaboom|65\/100|[from] Recoil\n|move|p1b: Farigiraf|Thunder Wave|p2a: Tornadus\n|-status|p2a: Tornadus|par\n|\n|-heal|p2b: Rillaboom|72\/100|[from] Grassy Terrain\n|-heal|p1a: Armarouge|52\/100|[from] Grassy Terrain\n|upkeep\n|turn|3\n|\n|t:|1699320211\n|-terastallize|p1a: Armarouge|Steel\n|move|p2a: Tornadus|Taunt||[still]\n|cant|p1b: Farigiraf|ability: Armor Tail|Taunt|[of] p2a: Tornadus\n|move|p2b: Rillaboom|Wood Hammer|p1b: Farigiraf\n|-damage|p1b: Farigiraf|0 fnt\n|faint|p1b: Farigiraf\n|-damage|p2b: Rillaboom|35\/100|[from] Recoil\n|move|p1a: Armarouge|Armor Cannon|p2b: Rillaboom\n|-supereffective|p2b: Rillaboom\n|-damage|p2b: Rillaboom|0 fnt\n|-unboost|p1a: Armarouge|def|1\n|-unboost|p1a: Armarouge|spd|1\n|faint|p2b: Rillaboom\n|\n|-heal|p1a: Armarouge|58\/100|[from] Grassy Terrain\n|upkeep\n|\n|t:|1699320237\n|switch|p2b: Ninetales|Ninetales-Alola, F, shiny|100\/100\n|switch|p1b: Meowscarada|Meowscarada, F, shiny|100\/100\n|-weather|Snow|[from] ability: Snow Warning|[of] p2b: Ninetales\n|turn|4\n|\n|t:|1699320255\n|move|p1a: Armarouge|Wide Guard|p1a: Armarouge\n|-singleturn|p1a: Armarouge|Wide Guard\n|move|p2a: Tornadus|Taunt|p1a: Armarouge\n|-start|p1a: Armarouge|move: Taunt\n|move|p2b: Ninetales|Aurora Veil|p2b: Ninetales\n|-sidestart|p2: RLisanidiot|move: Aurora Veil\n|move|p1b: Meowscarada|Thunder Punch|p2a: Tornadus\n|-start|p1b: Meowscarada|typechange|Electric|[from] ability: Protean\n|-supereffective|p2a: Tornadus\n|-damage|p2a: Tornadus|24\/100 par\n|\n|-weather|Snow|[upkeep]\n|-heal|p1a: Armarouge|64\/100|[from] Grassy Terrain\n|-sideend|p2: RLisanidiot|move: Tailwind\n|upkeep\n|turn|5\n|\n|t:|1699320279\n|switch|p1b: Ogerpon|Ogerpon-Wellspring, F|100\/100\n|move|p1a: Armarouge|Armor Cannon|p2b: Ninetales\n|-supereffective|p2b: Ninetales\n|-damage|p2b: Ninetales|16\/100\n|-unboost|p1a: Armarouge|def|1\n|-unboost|p1a: Armarouge|spd|1\n|move|p2b: Ninetales|Confuse Ray|p1a: Armarouge\n|-start|p1a: Armarouge|confusion\n|cant|p2a: Tornadus|par\n|\n|-weather|Snow|[upkeep]\n|-heal|p1a: Armarouge|70\/100|[from] Grassy Terrain\n|-heal|p2b: Ninetales|22\/100|[from] Grassy Terrain\n|-fieldend|move: Grassy Terrain\n|upkeep\n|turn|6\n|\n|t:|1699320299\n|switch|p1a: Meowscarada|Meowscarada, F, shiny|100\/100\n|move|p2b: Ninetales|Icy Wind|p1b: Ogerpon|[spread] p1a,p1b\n|-supereffective|p1a: Meowscarada\n|-damage|p1a: Meowscarada|62\/100\n|-damage|p1b: Ogerpon|90\/100\n|-unboost|p1a: Meowscarada|spe|1\n|-unboost|p1b: Ogerpon|spe|1\n|move|p1b: Ogerpon|Ivy Cudgel|p2a: Tornadus\n|-damage|p2a: Tornadus|0 fnt\n|faint|p2a: Tornadus\n|\n|-weather|Snow|[upkeep]\n|upkeep\n|\n|t:|1699320311\n|switch|p2a: Chien-Pao|Chien-Pao|100\/100\n|-ability|p2a: Chien-Pao|Sword of Ruin\n|turn|7\n|\n|t:|1699320324\n|move|p1b: Ogerpon|Spiky Shield|p1b: Ogerpon\n|-singleturn|p1b: Ogerpon|move: Protect\n|move|p1a: Meowscarada|Sucker Punch|p2a: Chien-Pao\n|-start|p1a: Meowscarada|typechange|Dark|[from] ability: Protean\n|-resisted|p2a: Chien-Pao\n|-damage|p2a: Chien-Pao|88\/100\n|move|p2b: Ninetales|Icy Wind|p1a: Meowscarada|[spread] p1a\n|-activate|p1b: Ogerpon|move: Protect\n|-damage|p1a: Meowscarada|42\/100\n|-unboost|p1a: Meowscarada|spe|1\n|move|p2a: Chien-Pao|Sacred Sword|p1a: Meowscarada\n|-supereffective|p1a: Meowscarada\n|-damage|p1a: Meowscarada|0 fnt\n|faint|p1a: Meowscarada\n|\n|-weather|Snow|[upkeep]\n|upkeep\n|\n|t:|1699320346\n|switch|p1a: Armarouge|Armarouge, F, shiny, tera:Steel|70\/100\n|turn|8\n|\n|t:|1699320355\n|-terastallize|p2a: Chien-Pao|Electric\n|move|p2b: Ninetales|Helping Hand|p2a: Chien-Pao\n|-singleturn|p2a: Chien-Pao|Helping Hand|[of] p2b: Ninetales\n|move|p1a: Armarouge|Wide Guard|p1a: Armarouge\n|-singleturn|p1a: Armarouge|Wide Guard\n|move|p2a: Chien-Pao|Sacred Sword|p1a: Armarouge\n|-supereffective|p1a: Armarouge\n|-damage|p1a: Armarouge|0 fnt\n|faint|p1a: Armarouge\n|move|p1b: Ogerpon|Superpower|p2a: Chien-Pao\n|-crit|p2a: Chien-Pao\n|-damage|p2a: Chien-Pao|0 fnt\n|-unboost|p1b: Ogerpon|atk|1\n|-unboost|p1b: Ogerpon|def|1\n|faint|p2a: Chien-Pao\n|\n|-weather|none\n|upkeep\n|\n|t:|1699320369\n|switch|p2a: Pachirisu|Pachirisu, M|100\/100\n|switch|p1a: Flutter Mane|Flutter Mane, shiny|100\/100\n|turn|9\n|\n|t:|1699320376\n|move|p1b: Ogerpon|Spiky Shield|p1b: Ogerpon\n|-singleturn|p1b: Ogerpon|move: Protect\n|move|p1a: Flutter Mane|Dazzling Gleam|p2a: Pachirisu|[spread] p2a,p2b\n|-damage|p2a: Pachirisu|64\/100\n|-damage|p2b: Ninetales|0 fnt\n|faint|p2b: Ninetales\n|move|p2a: Pachirisu|Nuzzle|p1a: Flutter Mane\n|-damage|p1a: Flutter Mane|91\/100\n|-status|p1a: Flutter Mane|par\n|\n|upkeep\n|\n|t:|1699320384\n|switch|p2b: Flutter Mane|Flutter Mane|100\/100\n|turn|10\n|\n|t:|1699320399\n|move|p2a: Pachirisu|Follow Me|p2a: Pachirisu\n|-singleturn|p2a: Pachirisu|move: Follow Me\n|move|p2b: Flutter Mane|Hex|p1a: Flutter Mane\n|-supereffective|p1a: Flutter Mane\n|-damage|p1a: Flutter Mane|0 fnt\n|faint|p1a: Flutter Mane\n|-end|p1a: Flutter Mane|Protosynthesis|[silent]\n|move|p1b: Ogerpon|Ivy Cudgel|p2a: Pachirisu\n|-damage|p2a: Pachirisu|30\/100\n|-enditem|p2a: Pachirisu|Sitrus Berry|[eat]\n|-heal|p2a: Pachirisu|55\/100|[from] item: Sitrus Berry\n|\n|upkeep\n|turn|11\n|\n|t:|1699320414\n|move|p2a: Pachirisu|Follow Me|p2a: Pachirisu\n|-singleturn|p2a: Pachirisu|move: Follow Me\n|move|p2b: Flutter Mane|Hex|p1b: Ogerpon\n|-damage|p1b: Ogerpon|38\/100\n|move|p1b: Ogerpon|Ivy Cudgel|p2a: Pachirisu\n|-damage|p2a: Pachirisu|25\/100\n|\n|-sideend|p2: RLisanidiot|move: Aurora Veil\n|upkeep\n|turn|12\n|-message|alucard_wolf forfeited.\n|\n|win|RLisanidiot\n|raw|alucard_wolf's rating: 1260 &rarr; <strong>1234<\/strong><br \/>(-26 for losing)\n|raw|RLisanidiot's rating: 1243 &rarr; <strong>1269<\/strong><br \/>(+26 for winning)\n|l|\u2606alucard_wolf\n|l|\u2606RLisanidiot\n|j|\u2606RLisanidiot\n|player|p2|RLisanidiot|unknownf\n","uploadtime":1699320424,"views":19,"p1id":"alucardwolf","p2id":"rlisanidiot","formatid":"gen9doublesou","rating":1234,"private":0,"password":""}