{"id":"gen9doublesou-1984403348","p1":"1103c","p2":"DMartz64","format":"[Gen 9] Doubles OU","log":"|j|\u26061103c\n|j|\u203dDMartz64\n|t:|1699257455\n|gametype|doubles\n|player|p1|1103c|101|1112\n|player|p2|DMartz64|brock|1148\n|teamsize|p1|6\n|teamsize|p2|6\n|gen|9\n|tier|[Gen 9] Doubles OU\n|rated|\n|rule|Species Clause: Limit one of each Pok\u00e9mon\n|rule|OHKO Clause: OHKO moves are banned\n|rule|Evasion Moves Clause: Evasion moves are banned\n|rule|Gravity Sleep Clause: The combination of sleep-inducing moves with imperfect accuracy and Gravity or Gigantamax Orbeetle are banned\n|rule|Endless Battle Clause: Forcing endless battles is banned\n|rule|HP Percentage Mod: HP is shown in percentages\n|clearpoke\n|poke|p1|Luxray, M|\n|poke|p1|Chien-Pao|\n|poke|p1|Meowscarada, F|\n|poke|p1|Pyroar, M|\n|poke|p1|Perrserker, M|\n|poke|p1|Landorus-Therian, M|\n|poke|p2|Garganacl, M|\n|poke|p2|Kleavor, M|\n|poke|p2|Tyranitar, M|\n|poke|p2|Arcanine-Hisui, F|\n|poke|p2|Coalossal, M|\n|poke|p2|Glimmora, F|\n|teampreview\n|\n|t:|1699257472\n|start\n|switch|p1a: Perrserker|Perrserker, M|100\/100\n|switch|p1b: Meowscarada|Meowscarada, F|100\/100\n|switch|p2a: Glimmora|Glimmora, F|100\/100\n|switch|p2b: Kleavor|Kleavor, M|100\/100\n|turn|1\n|inactive|Battle timer is ON: inactive players will automatically lose when time's up. (requested by DMartz64)\n|\n|t:|1699257523\n|move|p2b: Kleavor|U-turn|p1b: Meowscarada\n|-supereffective|p1b: Meowscarada\n|-damage|p1b: Meowscarada|0 fnt\n|faint|p1b: Meowscarada\n|\n|t:|1699257527\n|switch|p2b: Garganacl|Garganacl, M|100\/100|[from] U-turn\n|move|p2a: Glimmora|Spikes|p1a: Perrserker\n|-sidestart|p1: 1103c|Spikes\n|move|p1a: Perrserker|Stealth Rock|p2b: Garganacl\n|-sidestart|p2: DMartz64|move: Stealth Rock\n|\n|upkeep\n|\n|t:|1699257543\n|switch|p1b: Landorus|Landorus-Therian, M|100\/100\n|-ability|p1b: Landorus|Intimidate|boost\n|-unboost|p2a: Glimmora|atk|1\n|-unboost|p2b: Garganacl|atk|1\n|turn|2\n|\n|t:|1699257563\n|move|p2a: Glimmora|Mortal Spin|p1b: Landorus|[spread] p1b\n|-immune|p1a: Perrserker\n|-resisted|p1b: Landorus\n|-damage|p1b: Landorus|99\/100\n|-status|p1b: Landorus|psn\n|-sideend|p2: DMartz64|Stealth Rock|[from] move: Mortal Spin|[of] p2a: Glimmora\n|move|p1b: Landorus|Brick Break|p2b: Garganacl\n|-supereffective|p2b: Garganacl\n|-damage|p2b: Garganacl|64\/100\n|move|p1a: Perrserker|Swords Dance|p1a: Perrserker\n|-boost|p1a: Perrserker|atk|2\n|move|p2b: Garganacl|Salt Cure|p1a: Perrserker\n|-resisted|p1a: Perrserker\n|-damage|p1a: Perrserker|96\/100\n|-start|p1a: Perrserker|Salt Cure\n|\n|-heal|p1a: Perrserker|100\/100|[from] item: Leftovers\n|-damage|p1b: Landorus|87\/100 psn|[from] psn\n|-damage|p1a: Perrserker|76\/100|[from] Salt Cure\n|upkeep\n|turn|3\n|inactive|1103c has 120 seconds left.\n|\n|t:|1699257597\n|move|p2a: Glimmora|Energy Ball|p1b: Landorus\n|-damage|p1b: Landorus|54\/100 psn\n|move|p1b: Landorus|Brick Break|p2b: Garganacl\n|-supereffective|p2b: Garganacl\n|-damage|p2b: Garganacl|22\/100\n|move|p1a: Perrserker|Swords Dance|p1a: Perrserker\n|-boost|p1a: Perrserker|atk|2\n|move|p2b: Garganacl|Iron Defense|p2b: Garganacl\n|-boost|p2b: Garganacl|def|2\n|\n|-heal|p1a: Perrserker|82\/100|[from] item: Leftovers\n|-damage|p1b: Landorus|41\/100 psn|[from] psn\n|-damage|p1a: Perrserker|57\/100|[from] Salt Cure\n|upkeep\n|-enditem|p1b: Landorus|Sitrus Berry|[eat]\n|-heal|p1b: Landorus|66\/100 psn|[from] item: Sitrus Berry\n|turn|4\n|\n|t:|1699257621\n|-terastallize|p2b: Garganacl|Fairy\n|move|p2a: Glimmora|Energy Ball|p1b: Landorus\n|-damage|p1b: Landorus|35\/100 psn\n|move|p1b: Landorus|Brick Break|p2b: Garganacl\n|-resisted|p2b: Garganacl\n|-damage|p2b: Garganacl|18\/100\n|move|p1a: Perrserker|Swords Dance|p1a: Perrserker\n|-boost|p1a: Perrserker|atk|2\n|move|p2b: Garganacl|Recover|p2b: Garganacl\n|-heal|p2b: Garganacl|68\/100\n|\n|-heal|p1a: Perrserker|63\/100|[from] item: Leftovers\n|-damage|p1b: Landorus|23\/100 psn|[from] psn\n|-damage|p1a: Perrserker|38\/100|[from] Salt Cure\n|upkeep\n|turn|5\n|\n|t:|1699257646\n|switch|p1b: Luxray|Luxray, M, shiny|100\/100\n|-damage|p1b: Luxray|88\/100|[from] Spikes\n|move|p2a: Glimmora|Energy Ball|p1b: Luxray\n|-damage|p1b: Luxray|44\/100\n|-unboost|p1b: Luxray|spd|1\n|move|p1a: Perrserker|Baton Pass|p1a: Perrserker\n|inactive|1103c has 120 seconds left.\n|\n|t:|1699257669\n|switch|p1a: Chien-Pao|Chien-Pao|100\/100|[from] Baton Pass\n|-damage|p1a: Chien-Pao|88\/100|[from] Spikes\n|-ability|p1a: Chien-Pao|Sword of Ruin\n|move|p2b: Garganacl|Body Press|p1a: Chien-Pao\n|-supereffective|p1a: Chien-Pao\n|-damage|p1a: Chien-Pao|0 fnt\n|faint|p1a: Chien-Pao\n|\n|-status|p1b: Luxray|brn|[from] item: Flame Orb\n|upkeep\n|\n|t:|1699257685\n|switch|p1a: Perrserker|Perrserker, M|38\/100\n|-damage|p1a: Perrserker|26\/100|[from] Spikes\n|turn|6\n|inactive|1103c has 120 seconds left.\n|\n|t:|1699257701\n|-terastallize|p1b: Luxray|Normal\n|move|p2a: Glimmora|Energy Ball|p1b: Luxray\n|-damage|p1b: Luxray|0 fnt\n|faint|p1b: Luxray\n|move|p1a: Perrserker|Nasty Plot|p1a: Perrserker\n|-boost|p1a: Perrserker|spa|2\n|move|p2b: Garganacl|Body Press|p1a: Perrserker\n|-supereffective|p1a: Perrserker\n|-damage|p1a: Perrserker|0 fnt\n|faint|p1a: Perrserker\n|\n|upkeep\n|-message|1103c forfeited.\n|\n|win|DMartz64\n|raw|1103c's rating: 1112 &rarr; <strong>1090<\/strong><br \/>(-22 for losing)\n|raw|DMartz64's rating: 1148 &rarr; <strong>1170<\/strong><br \/>(+22 for winning)\n|l|\u26061103c\n","uploadtime":1699257719,"views":7,"p1id":"1103c","p2id":"dmartz64","formatid":"gen9doublesou","rating":1090,"private":0,"password":""}