{"id":"gen9doublesou-1971883662","p1":"TwentyTap","p2":"MonikakinoM","format":"[Gen 9] Doubles OU","log":"|j|\u2606TwentyTap\n|j|\u2606MonikakinoM\n|t:|1697786630\n|gametype|doubles\n|player|p1|TwentyTap|n|\n|player|p2|MonikakinoM|hilda-wonderlauncher|\n|teamsize|p1|6\n|teamsize|p2|6\n|gen|9\n|tier|[Gen 9] Doubles OU\n|rule|Species Clause: Limit one of each Pok\u00e9mon\n|rule|OHKO Clause: OHKO moves are banned\n|rule|Evasion Moves Clause: Evasion moves are banned\n|rule|Gravity Sleep Clause: The combination of sleep-inducing moves with imperfect accuracy and Gravity or Gigantamax Orbeetle are banned\n|rule|Endless Battle Clause: Forcing endless battles is banned\n|rule|HP Percentage Mod: HP is shown in percentages\n|clearpoke\n|poke|p1|Flutter Mane|\n|poke|p1|Kingambit, F|\n|poke|p1|Amoonguss, F|\n|poke|p1|Zoroark-Hisui, F|\n|poke|p1|Ogerpon-Wellspring, F|\n|poke|p1|Goodra-Hisui, M|\n|poke|p2|Ursaluna, M|\n|poke|p2|Cresselia, F|\n|poke|p2|Tinkaton, F|\n|poke|p2|Hatterene, F|\n|poke|p2|Avalugg-Hisui, M|\n|poke|p2|Amoonguss, F|\n|teampreview\n|\n|t:|1697786649\n|start\n|switch|p1a: Ogerpon|Ogerpon-Wellspring, F|100\/100\n|switch|p1b: Amoonguss|Amoonguss, F|100\/100\n|switch|p2a: Cresselia|Cresselia, F|100\/100\n|switch|p2b: Avalugg|Avalugg-Hisui, M|100\/100\n|turn|1\n|\n|t:|1697786670\n|-terastallize|p2b: Avalugg|Fighting\n|move|p1a: Ogerpon|Ivy Cudgel|p2b: Avalugg\n|-damage|p2b: Avalugg|66\/100\n|move|p1b: Amoonguss|Spore|p2a: Cresselia\n|-status|p2a: Cresselia|slp|[from] move: Spore\n|move|p2b: Avalugg|Iron Defense|p2b: Avalugg\n|-boost|p2b: Avalugg|def|2\n|cant|p2a: Cresselia|slp\n|\n|upkeep\n|turn|2\n|inactive|Battle timer is ON: inactive players will automatically lose when time's up. (requested by MonikakinoM)\n|\n|t:|1697786707\n|move|p1a: Ogerpon|Ivy Cudgel|p2a: Cresselia\n|-damage|p2a: Cresselia|57\/100 slp\n|move|p1b: Amoonguss|Toxic|p2b: Avalugg\n|-status|p2b: Avalugg|tox\n|move|p2b: Avalugg|Body Press|p1b: Amoonguss\n|-resisted|p1b: Amoonguss\n|-damage|p1b: Amoonguss|46\/100\n|-curestatus|p2a: Cresselia|slp|[msg]\n|move|p2a: Cresselia|Trick Room|p2a: Cresselia\n|-fieldstart|move: Trick Room|[of] p2a: Cresselia\n|\n|-heal|p2a: Cresselia|63\/100|[from] item: Leftovers\n|-damage|p2b: Avalugg|60\/100 tox|[from] psn\n|upkeep\n|turn|3\n|\n|t:|1697786735\n|switch|p1b: Kingambit|Kingambit, F|100\/100\n|move|p2b: Avalugg|Body Press|p1b: Kingambit\n|-supereffective|p1b: Kingambit\n|-damage|p1b: Kingambit|0 fnt\n|faint|p1b: Kingambit\n|move|p2a: Cresselia|Lunar Blessing|p2a: Cresselia|[spread] p2a,p2b\n|-heal|p2a: Cresselia|88\/100\n|-heal|p2b: Avalugg|85\/100 tox\n|-curestatus|p2b: Avalugg|tox|[msg]\n|move|p1a: Ogerpon|Ivy Cudgel|p2a: Cresselia\n|-damage|p2a: Cresselia|42\/100\n|\n|-heal|p2a: Cresselia|48\/100|[from] item: Leftovers\n|upkeep\n|inactive|TwentyTap has 270 seconds left.\n|\n|t:|1697786754\n|switch|p1b: Amoonguss|Amoonguss, F|79\/100\n|turn|4\n|\n|t:|1697786773\n|move|p2b: Avalugg|Iron Defense|p2b: Avalugg\n|-boost|p2b: Avalugg|def|2\n|move|p1b: Amoonguss|Spore|p2b: Avalugg\n|-status|p2b: Avalugg|slp|[from] move: Spore\n|move|p2a: Cresselia|Lunar Blessing|p2a: Cresselia|[spread] p2a,p2b\n|-heal|p2a: Cresselia|73\/100\n|-heal|p2b: Avalugg|100\/100 slp\n|-curestatus|p2b: Avalugg|slp|[msg]\n|move|p1a: Ogerpon|Swords Dance|p1a: Ogerpon\n|-boost|p1a: Ogerpon|atk|2\n|\n|-heal|p2a: Cresselia|79\/100|[from] item: Leftovers\n|upkeep\n|turn|5\n|\n|t:|1697786794\n|move|p1b: Amoonguss|Rage Powder|p1b: Amoonguss\n|-singleturn|p1b: Amoonguss|move: Rage Powder\n|move|p2b: Avalugg|Body Press|p1b: Amoonguss\n|-resisted|p1b: Amoonguss\n|-damage|p1b: Amoonguss|0 fnt\n|faint|p1b: Amoonguss\n|move|p2a: Cresselia|Psychic|p1a: Ogerpon\n|-damage|p1a: Ogerpon|77\/100\n|-unboost|p1a: Ogerpon|spd|1\n|move|p1a: Ogerpon|Swords Dance|p1a: Ogerpon\n|-boost|p1a: Ogerpon|atk|2\n|\n|-heal|p2a: Cresselia|85\/100|[from] item: Leftovers\n|upkeep\n|\n|t:|1697786812\n|switch|p1b: Flutter Mane|Flutter Mane, shiny|100\/100\n|-enditem|p1b: Flutter Mane|Booster Energy\n|-activate|p1b: Flutter Mane|ability: Protosynthesis|[fromitem]\n|-start|p1b: Flutter Mane|protosynthesisspe\n|turn|6\n|\n|t:|1697786824\n|move|p1b: Flutter Mane|Protect|p1b: Flutter Mane\n|-singleturn|p1b: Flutter Mane|Protect\n|move|p2b: Avalugg|Body Press|p1a: Ogerpon\n|-damage|p1a: Ogerpon|0 fnt\n|faint|p1a: Ogerpon\n|move|p2a: Cresselia|Dazzling Gleam|p1b: Flutter Mane\n|-activate|p1b: Flutter Mane|move: Protect\n|\n|-heal|p2a: Cresselia|91\/100|[from] item: Leftovers\n|-fieldend|move: Trick Room\n|upkeep\n|\n|t:|1697786838\n|switch|p1a: Goodra|Goodra-Hisui, M|100\/100\n|turn|7\n|\n|t:|1697786851\n|move|p1b: Flutter Mane|Dazzling Gleam|p2b: Avalugg|[spread] p2a,p2b\n|-supereffective|p2b: Avalugg\n|-damage|p2a: Cresselia|76\/100\n|-damage|p2b: Avalugg|0 fnt\n|faint|p2b: Avalugg\n|move|p1a: Goodra|U-turn|p2a: Cresselia\n|-supereffective|p2a: Cresselia\n|-damage|p2a: Cresselia|57\/100\n|\n|t:|1697786862\n|switch|p1a: Goodra|Goodra-Hisui, M|100\/100|[from] U-turn\n|move|p2a: Cresselia|Trick Room|p2a: Cresselia\n|-fieldstart|move: Trick Room|[of] p2a: Cresselia\n|\n|-heal|p2a: Cresselia|63\/100|[from] item: Leftovers\n|upkeep\n|\n|t:|1697786868\n|switch|p2b: Ursaluna|Ursaluna, M|100\/100\n|turn|8\n|\n|t:|1697786882\n|move|p2b: Ursaluna|Crunch|p1b: Flutter Mane\n|-damage|p1b: Flutter Mane|32\/100\n|move|p1a: Goodra|Acid Spray|p2b: Ursaluna\n|-resisted|p2b: Ursaluna\n|-damage|p2b: Ursaluna|96\/100\n|-unboost|p2b: Ursaluna|spd|2\n|move|p2a: Cresselia|Lunar Blessing|p2a: Cresselia|[spread] p2a,p2b\n|-heal|p2a: Cresselia|88\/100\n|-heal|p2b: Ursaluna|100\/100\n|move|p1b: Flutter Mane|Dazzling Gleam|p2b: Ursaluna|[spread] p2a,p2b\n|-damage|p2a: Cresselia|73\/100\n|-damage|p2b: Ursaluna|43\/100\n|\n|-heal|p2a: Cresselia|79\/100|[from] item: Leftovers\n|-status|p2b: Ursaluna|brn|[from] item: Flame Orb\n|upkeep\n|turn|9\n|\n|t:|1697786904\n|move|p1b: Flutter Mane|Protect|p1b: Flutter Mane\n|-singleturn|p1b: Flutter Mane|Protect\n|move|p2b: Ursaluna|Facade|p1a: Goodra\n|-resisted|p1a: Goodra\n|-damage|p1a: Goodra|43\/100\n|-ability|p1a: Goodra|Gooey\n|-unboost|p2b: Ursaluna|spe|1\n|move|p1a: Goodra|Draco Meteor|p2b: Ursaluna\n|-damage|p2b: Ursaluna|0 fnt\n|-unboost|p1a: Goodra|spa|2\n|faint|p2b: Ursaluna\n|move|p2a: Cresselia|Lunar Blessing|p2a: Cresselia\n|-heal|p2a: Cresselia|100\/100\n|\n|-heal|p1a: Goodra|50\/100|[from] item: Leftovers\n|upkeep\n|inactive|MonikakinoM has 270 seconds left.\n|\n|t:|1697786921\n|switch|p2b: Tinkaton|Tinkaton, F|100\/100\n|-ability|p2b: Tinkaton|Mold Breaker\n|turn|10\n|\n|t:|1697786947\n|-end|p1b: Flutter Mane|Protosynthesis|[silent]\n|switch|p1b: Flutter Mane|Flutter Mane, shiny|100\/100\n|move|p2b: Tinkaton|Fake Out|p1a: Goodra\n|-resisted|p1a: Goodra\n|-damage|p1a: Goodra|45\/100\n|-ability|p1a: Goodra|Gooey\n|-unboost|p2b: Tinkaton|spe|1\n|cant|p1a: Goodra|flinch\n|move|p2a: Cresselia|Psychic|p1a: Goodra\n|-resisted|p1a: Goodra\n|-damage|p1a: Goodra|38\/100\n|\n|-heal|p1a: Goodra|44\/100|[from] item: Leftovers\n|upkeep\n|turn|11\n|inactive|TwentyTap has 270 seconds left.\n|\n|t:|1697786983\n|move|p2b: Tinkaton|Gigaton Hammer|p1b: Flutter Mane\n|-damage|p1b: Flutter Mane|0 fnt\n|replace|p1b: Zoroark|Zoroark-Hisui, F\n|-end|p1b: Zoroark|Illusion\n|faint|p1b: Zoroark\n|move|p1a: Goodra|Flamethrower|p2b: Tinkaton\n|-supereffective|p2b: Tinkaton\n|-damage|p2b: Tinkaton|82\/100\n|move|p2a: Cresselia|Dazzling Gleam|p1a: Goodra\n|-damage|p1a: Goodra|36\/100\n|\n|-heal|p1a: Goodra|43\/100|[from] item: Leftovers\n|-fieldend|move: Trick Room\n|upkeep\n|\n|t:|1697786996\n|switch|p1b: Flutter Mane|Flutter Mane, shiny|32\/100\n|turn|12\n|inactive|TwentyTap has 270 seconds left.\n|\n|t:|1697787013\n|-terastallize|p1b: Flutter Mane|Fairy\n|move|p1b: Flutter Mane|Moonblast|p2a: Cresselia\n|-crit|p2a: Cresselia\n|-damage|p2a: Cresselia|51\/100\n|-unboost|p2a: Cresselia|spa|1\n|move|p1a: Goodra|Flamethrower|p2b: Tinkaton\n|-supereffective|p2b: Tinkaton\n|-damage|p2b: Tinkaton|64\/100\n|-status|p2b: Tinkaton|brn\n|move|p2b: Tinkaton|Knock Off|p1a: Goodra\n|-damage|p1a: Goodra|31\/100\n|-ability|p1a: Goodra|Gooey\n|-unboost|p2b: Tinkaton|spe|1\n|-enditem|p1a: Goodra|Leftovers|[from] move: Knock Off|[of] p2b: Tinkaton\n|move|p2a: Cresselia|Trick Room|p2a: Cresselia\n|-fieldstart|move: Trick Room|[of] p2a: Cresselia\n|\n|-heal|p2a: Cresselia|57\/100|[from] item: Leftovers\n|-damage|p2b: Tinkaton|58\/100 brn|[from] brn\n|upkeep\n|turn|13\n|inactive|TwentyTap has 270 seconds left.\n|\n|t:|1697787041\n|move|p1b: Flutter Mane|Protect|p1b: Flutter Mane\n|-singleturn|p1b: Flutter Mane|Protect\n|move|p2b: Tinkaton|Gigaton Hammer|p1b: Flutter Mane\n|-activate|p1b: Flutter Mane|move: Protect\n|move|p1a: Goodra|Draco Meteor|p2a: Cresselia\n|-damage|p2a: Cresselia|46\/100\n|-unboost|p1a: Goodra|spa|2\n|move|p2a: Cresselia|Lunar Blessing|p2a: Cresselia|[spread] p2a,p2b\n|-heal|p2a: Cresselia|71\/100\n|-heal|p2b: Tinkaton|83\/100 brn\n|-curestatus|p2b: Tinkaton|brn|[msg]\n|\n|-heal|p2a: Cresselia|77\/100|[from] item: Leftovers\n|upkeep\n|turn|14\n|\n|t:|1697787065\n|move|p2b: Tinkaton|Play Rough|p1a: Goodra|[miss]\n|-miss|p2b: Tinkaton|p1a: Goodra\n|move|p1a: Goodra|Flamethrower|p2b: Tinkaton\n|-supereffective|p2b: Tinkaton\n|-damage|p2b: Tinkaton|71\/100\n|move|p2a: Cresselia|Psychic|p1b: Flutter Mane\n|-damage|p1b: Flutter Mane|13\/100\n|move|p1b: Flutter Mane|Dazzling Gleam|p2b: Tinkaton|[spread] p2a,p2b\n|-resisted|p2b: Tinkaton\n|-damage|p2a: Cresselia|54\/100\n|-damage|p2b: Tinkaton|57\/100\n|\n|-heal|p2a: Cresselia|60\/100|[from] item: Leftovers\n|upkeep\n|turn|15\n|\n|t:|1697787093\n|move|p2b: Tinkaton|Play Rough|p1a: Goodra\n|-crit|p1a: Goodra\n|-damage|p1a: Goodra|0 fnt\n|-ability|p1a: Goodra|Gooey\n|-unboost|p2b: Tinkaton|spe|1\n|faint|p1a: Goodra\n|move|p2a: Cresselia|Lunar Blessing|p2a: Cresselia|[spread] p2a,p2b\n|-heal|p2a: Cresselia|85\/100\n|-heal|p2b: Tinkaton|82\/100\n|move|p1b: Flutter Mane|Dazzling Gleam|p2a: Cresselia|[spread] p2a,p2b\n|-resisted|p2b: Tinkaton\n|-damage|p2a: Cresselia|63\/100\n|-damage|p2b: Tinkaton|66\/100\n|\n|-heal|p2a: Cresselia|69\/100|[from] item: Leftovers\n|upkeep\n|turn|16\n|\n|t:|1697787117\n|move|p1b: Flutter Mane|Protect|p1b: Flutter Mane\n|-singleturn|p1b: Flutter Mane|Protect\n|move|p2b: Tinkaton|Knock Off|p1b: Flutter Mane\n|-activate|p1b: Flutter Mane|move: Protect\n|move|p2a: Cresselia|Lunar Blessing|p2a: Cresselia|[spread] p2a,p2b\n|-heal|p2a: Cresselia|94\/100\n|-heal|p2b: Tinkaton|91\/100\n|\n|-heal|p2a: Cresselia|99\/100|[from] item: Leftovers\n|-fieldend|move: Trick Room\n|upkeep\n|turn|17\n|\n|t:|1697787134\n|move|p1b: Flutter Mane|Dazzling Gleam|p2a: Cresselia|[spread] p2a,p2b\n|-resisted|p2b: Tinkaton\n|-damage|p2a: Cresselia|80\/100\n|-damage|p2b: Tinkaton|75\/100\n|move|p2b: Tinkaton|Gigaton Hammer|p1b: Flutter Mane\n|-supereffective|p1b: Flutter Mane\n|-damage|p1b: Flutter Mane|0 fnt\n|faint|p1b: Flutter Mane\n|-end|p1b: Flutter Mane|Protosynthesis|[silent]\n|\n|win|MonikakinoM\n|l|\u2606TwentyTap\n","uploadtime":1697787145,"views":32,"p1id":"twentytap","p2id":"monikakinom","formatid":"gen9doublesou","rating":0,"private":0,"password":""}