{"id":"gen9doublesou-1975926982","p1":"BlockPor232","p2":"Kyukutsu","format":"[Gen 9] Doubles OU","log":"|j|\u2606BlockPor232\n|j|\u2606Kyukutsu\n|t:|1698249809\n|gametype|doubles\n|player|p1|BlockPor232|swimmerf-gen4dp|1269\n|player|p2|Kyukutsu|chuck|1367\n|teamsize|p1|6\n|teamsize|p2|6\n|gen|9\n|tier|[Gen 9] Doubles OU\n|rated|\n|rule|Species Clause: Limit one of each Pok\u00e9mon\n|rule|OHKO Clause: OHKO moves are banned\n|rule|Evasion Moves Clause: Evasion moves are banned\n|rule|Gravity Sleep Clause: The combination of sleep-inducing moves with imperfect accuracy and Gravity or Gigantamax Orbeetle are banned\n|rule|Endless Battle Clause: Forcing endless battles is banned\n|rule|HP Percentage Mod: HP is shown in percentages\n|clearpoke\n|poke|p1|Typhlosion-Hisui, F|\n|poke|p1|Torkoal, M|\n|poke|p1|Lilligant-Hisui, F|\n|poke|p1|Ursaluna, M|\n|poke|p1|Flutter Mane|\n|poke|p1|Thundurus, M|\n|poke|p2|Meowscarada, M|\n|poke|p2|Iron Hands|\n|poke|p2|Sylveon, M|\n|poke|p2|Arcanine-Hisui, M|\n|poke|p2|Scizor, F|\n|poke|p2|Hydreigon, M|\n|teampreview\n|inactive|Battle timer is ON: inactive players will automatically lose when time's up. (requested by BlockPor232)\n|c|\u2606Kyukutsu|Hi again\n|c|\u2606BlockPor232|ello again\n|\n|t:|1698249838\n|start\n|switch|p1a: Torkoal|Torkoal, M|100\/100\n|switch|p1b: Lilligant|Lilligant-Hisui, F|100\/100\n|switch|p2a: Dog|Arcanine-Hisui, M, shiny|100\/100\n|switch|p2b: Puff Daddy|Hydreigon, M|100\/100\n|-ability|p2a: Dog|Intimidate|boost\n|-unboost|p1a: Torkoal|atk|1\n|-unboost|p1b: Lilligant|atk|1\n|-weather|SunnyDay|[from] ability: Drought|[of] p1a: Torkoal\n|turn|1\n|\n|t:|1698249874\n|switch|p2b: Bit Knight|Iron Hands|100\/100\n|move|p1a: Torkoal|Helping Hand|p1b: Lilligant\n|-singleturn|p1b: Lilligant|Helping Hand|[of] p1a: Torkoal\n|move|p1b: Lilligant|Close Combat|p2a: Dog\n|-supereffective|p2a: Dog\n|-damage|p2a: Dog|0 fnt\n|-unboost|p1b: Lilligant|def|1\n|-unboost|p1b: Lilligant|spd|1\n|faint|p2a: Dog\n|\n|-weather|SunnyDay|[upkeep]\n|upkeep\n|inactive|Kyukutsu has 120 seconds left.\n|c|\u2606Kyukutsu|Dang i got the wrong read\n|\n|t:|1698249905\n|switch|p2a: Cat|Sylveon, M|100\/100\n|turn|2\n|inactive|Kyukutsu has 120 seconds left.\n|\n|t:|1698249915\n|switch|p1b: Typhlosion|Typhlosion-Hisui, F|100\/100\n|move|p1a: Torkoal|Protect|p1a: Torkoal\n|-singleturn|p1a: Torkoal|Protect\n|move|p2b: Bit Knight|Fake Out|p1b: Typhlosion\n|-immune|p1b: Typhlosion\n|move|p2a: Cat|Hyper Voice|p1b: Typhlosion|[spread] p1b\n|-activate|p1a: Torkoal|move: Protect\n|-resisted|p1b: Typhlosion\n|-damage|p1b: Typhlosion|64\/100\n|\n|-weather|SunnyDay|[upkeep]\n|upkeep\n|turn|3\n|\n|t:|1698249937\n|-terastallize|p1b: Typhlosion|Fire\n|move|p1a: Torkoal|Helping Hand|p1b: Typhlosion\n|-singleturn|p1b: Typhlosion|Helping Hand|[of] p1a: Torkoal\n|move|p1b: Typhlosion|Heat Wave|p2b: Bit Knight|[spread] p2a,p2b\n|-damage|p2a: Cat|14\/100\n|-damage|p2b: Bit Knight|45\/100\n|move|p2a: Cat|Hyper Voice|p1a: Torkoal|[spread] p1a,p1b\n|-resisted|p1a: Torkoal\n|-resisted|p1b: Typhlosion\n|-damage|p1a: Torkoal|65\/100\n|-damage|p1b: Typhlosion|24\/100\n|move|p2b: Bit Knight|Wild Charge|p1b: Typhlosion\n|-damage|p1b: Typhlosion|0 fnt\n|faint|p1b: Typhlosion\n|-damage|p2b: Bit Knight|41\/100|[from] Recoil\n|\n|-weather|SunnyDay|[upkeep]\n|upkeep\n|\n|t:|1698249946\n|switch|p1b: Flutter Mane|Flutter Mane|100\/100\n|-activate|p1b: Flutter Mane|ability: Protosynthesis\n|-start|p1b: Flutter Mane|protosynthesisspe\n|turn|4\n|\n|t:|1698249962\n|move|p1a: Torkoal|Helping Hand|p1b: Flutter Mane\n|-singleturn|p1b: Flutter Mane|Helping Hand|[of] p1a: Torkoal\n|move|p1b: Flutter Mane|Dazzling Gleam|p2a: Cat|[spread] p2a,p2b\n|-supereffective|p2b: Bit Knight\n|-damage|p2a: Cat|0 fnt\n|-damage|p2b: Bit Knight|0 fnt\n|faint|p2a: Cat\n|faint|p2b: Bit Knight\n|-end|p2b: Bit Knight|Quark Drive|[silent]\n|\n|-weather|SunnyDay|[upkeep]\n|upkeep\n|\n|t:|1698249979\n|switch|p2a: Scyther MK 2|Scizor, F, shiny|100\/100\n|switch|p2b: Puff Daddy|Hydreigon, M|100\/100\n|turn|5\n|\n|t:|1698249995\n|move|p1b: Flutter Mane|Protect|p1b: Flutter Mane\n|-singleturn|p1b: Flutter Mane|Protect\n|move|p2a: Scyther MK 2|Bullet Punch|p1b: Flutter Mane\n|-activate|p1b: Flutter Mane|move: Protect\n|move|p2b: Puff Daddy|Tailwind|p2b: Puff Daddy\n|-sidestart|p2: Kyukutsu|move: Tailwind\n|move|p1a: Torkoal|Overheat|p2a: Scyther MK 2\n|-supereffective|p2a: Scyther MK 2\n|-damage|p2a: Scyther MK 2|0 fnt\n|-unboost|p1a: Torkoal|spa|2\n|faint|p2a: Scyther MK 2\n|\n|-weather|SunnyDay|[upkeep]\n|upkeep\n|\n|t:|1698250009\n|switch|p2a: Bully|Meowscarada, M|100\/100\n|turn|6\n|\n|t:|1698250031\n|move|p1a: Torkoal|Helping Hand|p1b: Flutter Mane\n|-singleturn|p1b: Flutter Mane|Helping Hand|[of] p1a: Torkoal\n|move|p2a: Bully|Flower Trick|p1b: Flutter Mane\n|-crit|p1b: Flutter Mane\n|-damage|p1b: Flutter Mane|0 fnt\n|faint|p1b: Flutter Mane\n|-end|p1b: Flutter Mane|Protosynthesis|[silent]\n|move|p2b: Puff Daddy|Snarl|p1a: Torkoal\n|-damage|p1a: Torkoal|13\/100\n|-unboost|p1a: Torkoal|spa|1\n|-damage|p2b: Puff Daddy|91\/100|[from] item: Life Orb\n|\n|-weather|SunnyDay|[upkeep]\n|upkeep\n|c|\u2606BlockPor232|choice scarf?\n|inactive|BlockPor232 has 120 seconds left.\n|\n|t:|1698250052\n|switch|p1b: Lilligant|Lilligant-Hisui, F|100\/100\n|turn|7\n|\n|t:|1698250063\n|move|p2a: Bully|Protect|p2a: Bully\n|-singleturn|p2a: Bully|Protect\n|move|p2b: Puff Daddy|Heat Wave|p1a: Torkoal|[spread] p1a,p1b\n|-resisted|p1a: Torkoal\n|-supereffective|p1b: Lilligant\n|-damage|p1a: Torkoal|0 fnt\n|-enditem|p1b: Lilligant|Focus Sash\n|-damage|p1b: Lilligant|1\/100\n|faint|p1a: Torkoal\n|-damage|p2b: Puff Daddy|81\/100|[from] item: Life Orb\n|move|p1b: Lilligant|Close Combat|p2a: Bully\n|-activate|p2a: Bully|move: Protect\n|\n|-weather|SunnyDay|[upkeep]\n|upkeep\n|\n|t:|1698250069\n|switch|p1a: Thundurus|Thundurus, M|100\/100\n|turn|8\n|c|\u2606BlockPor232|gg\n|\n|t:|1698250084\n|move|p1a: Thundurus|Scary Face|p2a: Bully\n|-hint|Since gen 7, Dark is immune to Prankster moves.\n|-immune|p2a: Bully\n|move|p2a: Bully|Knock Off|p1a: Thundurus\n|-damage|p1a: Thundurus|40\/100\n|-enditem|p1a: Thundurus|Covert Cloak|[from] move: Knock Off|[of] p2a: Bully\n|move|p2b: Puff Daddy|Heat Wave|p1a: Thundurus|[spread] p1a,p1b\n|-supereffective|p1b: Lilligant\n|-damage|p1a: Thundurus|5\/100\n|-damage|p1b: Lilligant|0 fnt\n|faint|p1b: Lilligant\n|-damage|p2b: Puff Daddy|71\/100|[from] item: Life Orb\n|\n|-weather|none\n|-sideend|p2: Kyukutsu|move: Tailwind\n|upkeep\n|\n|t:|1698250095\n|switch|p1b: Ursaluna|Ursaluna, M|100\/100\n|turn|9\n|c|\u2606BlockPor232|I forgot about tailwind..\n|\n|t:|1698250119\n|-terastallize|p2a: Bully|Grass\n|move|p2a: Bully|Flower Trick|p1b: Ursaluna\n|-supereffective|p1b: Ursaluna\n|-crit|p1b: Ursaluna\n|-damage|p1b: Ursaluna|15\/100\n|move|p2b: Puff Daddy|Snarl|p1a: Thundurus|[spread] p1a,p1b\n|-damage|p1a: Thundurus|0 fnt\n|-damage|p1b: Ursaluna|0 fnt\n|faint|p1a: Thundurus\n|faint|p1b: Ursaluna\n|-damage|p2b: Puff Daddy|61\/100|[from] item: Life Orb\n|\n|win|Kyukutsu\n|raw|BlockPor232's rating: 1269 &rarr; <strong>1251<\/strong><br \/>(-18 for losing)\n|raw|Kyukutsu's rating: 1367 &rarr; <strong>1382<\/strong><br \/>(+15 for winning)\n|l|\u2606BlockPor232\n|c|\u2606Kyukutsu|Gg\n|c|\u2606Kyukutsu|Cant believe i made thst come back\n","uploadtime":1698250155,"views":13,"p1id":"blockpor232","p2id":"kyukutsu","formatid":"gen9doublesou","rating":1251,"private":0,"password":""}