{"id":"gen9doublesou-1969576669","p1":"Mr-Mongol","p2":"Mtygk4","format":"[Gen 9] Doubles OU","log":"|j|\u2606Mr-Mongol\n|j|\u2606Mtygk4\n|t:|1697548795\n|gametype|doubles\n|player|p1|Mr-Mongol|alec-anime|\n|player|p2|Mtygk4|steven|\n|teamsize|p1|6\n|teamsize|p2|6\n|gen|9\n|tier|[Gen 9] Doubles OU\n|rule|Species Clause: Limit one of each Pok\u00e9mon\n|rule|OHKO Clause: OHKO moves are banned\n|rule|Evasion Moves Clause: Evasion moves are banned\n|rule|Gravity Sleep Clause: The combination of sleep-inducing moves with imperfect accuracy and Gravity or Gigantamax Orbeetle are banned\n|rule|Endless Battle Clause: Forcing endless battles is banned\n|rule|HP Percentage Mod: HP is shown in percentages\n|clearpoke\n|poke|p1|Flutter Mane|\n|poke|p1|Chi-Yu|\n|poke|p1|Tornadus, M|\n|poke|p1|Ogerpon-Hearthflame, F|\n|poke|p1|Landorus-Therian, M|\n|poke|p1|Rillaboom, M|\n|poke|p2|Ogerpon-Hearthflame, F|\n|poke|p2|Sinistcha|\n|poke|p2|Flutter Mane|\n|poke|p2|Chien-Pao|\n|poke|p2|Tornadus, M|\n|poke|p2|Empoleon, M|\n|teampreview\n|\n|t:|1697548886\n|start\n|switch|p1a: Tornadus|Tornadus, M|100\/100\n|switch|p1b: Ogerpon|Ogerpon-Hearthflame, F|100\/100\n|switch|p2a: Flutter Mane|Flutter Mane|100\/100\n|switch|p2b: Tornadus|Tornadus, M|100\/100\n|-ability|p1b: Ogerpon|Mold Breaker\n|turn|1\n|\n|t:|1697548910\n|move|p2b: Tornadus|Tailwind|p2b: Tornadus\n|-sidestart|p2: Mtygk4|move: Tailwind\n|move|p1a: Tornadus|Tailwind|p1a: Tornadus\n|-sidestart|p1: Mr-Mongol|move: Tailwind\n|move|p2a: Flutter Mane|Shadow Ball|p1b: Ogerpon\n|-damage|p1b: Ogerpon|24\/100\n|-unboost|p1b: Ogerpon|spd|1\n|move|p1b: Ogerpon|Ivy Cudgel|p2a: Flutter Mane\n|-crit|p2a: Flutter Mane\n|-damage|p2a: Flutter Mane|0 fnt\n|faint|p2a: Flutter Mane\n|-end|p2a: Flutter Mane|Protosynthesis|[silent]\n|\n|upkeep\n|\n|t:|1697548944\n|switch|p2a: Chien-Pao|Chien-Pao|100\/100\n|-ability|p2a: Chien-Pao|Sword of Ruin\n|turn|2\n|\n|t:|1697549002\n|move|p1b: Ogerpon|Spiky Shield|p1b: Ogerpon\n|-singleturn|p1b: Ogerpon|move: Protect\n|move|p2a: Chien-Pao|Crunch|p1b: Ogerpon\n|-activate|p1b: Ogerpon|move: Protect\n|-damage|p2a: Chien-Pao|88\/100|[from] Spiky Shield|[of] p1b: Ogerpon\n|move|p2b: Tornadus|Bleakwind Storm|p1a: Tornadus|[spread] p1a\n|-activate|p1b: Ogerpon|move: Protect\n|-damage|p1a: Tornadus|77\/100\n|move|p1a: Tornadus|Bleakwind Storm|p2b: Tornadus|[spread] p2a,p2b\n|-damage|p2a: Chien-Pao|38\/100\n|-damage|p2b: Tornadus|72\/100\n|-unboost|p2a: Chien-Pao|spe|1\n|\n|upkeep\n|turn|3\n|\n|t:|1697549031\n|switch|p1a: Rillaboom|Rillaboom, M|100\/100\n|-fieldstart|move: Grassy Terrain|[from] ability: Grassy Surge|[of] p1a: Rillaboom\n|move|p2a: Chien-Pao|Protect|p2a: Chien-Pao\n|-singleturn|p2a: Chien-Pao|Protect\n|move|p1b: Ogerpon|Grassy Glide|p2a: Chien-Pao\n|-activate|p2a: Chien-Pao|move: Protect\n|move|p2b: Tornadus|Bleakwind Storm|p1a: Rillaboom|[spread] p1a,p1b\n|-supereffective|p1a: Rillaboom\n|-supereffective|p1b: Ogerpon\n|-damage|p1a: Rillaboom|49\/100\n|-damage|p1b: Ogerpon|0 fnt\n|faint|p1b: Ogerpon\n|\n|-heal|p2a: Chien-Pao|44\/100|[from] Grassy Terrain\n|-heal|p1a: Rillaboom|55\/100|[from] Grassy Terrain\n|upkeep\n|\n|t:|1697549046\n|switch|p1b: Chi-Yu|Chi-Yu|100\/100\n|-ability|p1b: Chi-Yu|Beads of Ruin\n|turn|4\n|\n|t:|1697549063\n|switch|p2a: Empoleon|Empoleon, M|100\/100\n|move|p1a: Rillaboom|Grassy Glide|p2a: Empoleon\n|-damage|p2a: Empoleon|59\/100\n|move|p1b: Chi-Yu|Heat Wave|p2a: Empoleon|[spread] p2a,p2b\n|-damage|p2a: Empoleon|0 fnt\n|-damage|p2b: Tornadus|4\/100\n|faint|p2a: Empoleon\n|move|p2b: Tornadus|Bleakwind Storm|p1b: Chi-Yu|[spread] p1a,p1b\n|-supereffective|p1a: Rillaboom\n|-damage|p1a: Rillaboom|0 fnt\n|-damage|p1b: Chi-Yu|63\/100\n|-unboost|p1b: Chi-Yu|spe|1\n|faint|p1a: Rillaboom\n|\n|-heal|p1b: Chi-Yu|69\/100|[from] Grassy Terrain\n|-sideend|p1: Mr-Mongol|move: Tailwind\n|-sideend|p2: Mtygk4|move: Tailwind\n|upkeep\n|\n|t:|1697549082\n|switch|p1a: Tornadus|Tornadus, M|77\/100\n|switch|p2a: Sinistcha|Sinistcha|100\/100\n|-heal|p2b: Tornadus|29\/100|[from] ability: Hospitality|[of] p2a: Sinistcha\n|turn|5\n|\n|t:|1697549108\n|-terastallize|p2a: Sinistcha|Water\n|move|p2b: Tornadus|Tailwind|p2b: Tornadus\n|-sidestart|p2: Mtygk4|move: Tailwind\n|move|p1a: Tornadus|Tailwind|p1a: Tornadus\n|-sidestart|p1: Mr-Mongol|move: Tailwind\n|move|p1b: Chi-Yu|Heat Wave|p2b: Tornadus|[spread] p2a,p2b\n|-resisted|p2a: Sinistcha\n|-damage|p2a: Sinistcha|65\/100\n|-damage|p2b: Tornadus|0 fnt\n|-status|p2a: Sinistcha|brn\n|faint|p2b: Tornadus\n|move|p2a: Sinistcha|Scald|p1b: Chi-Yu\n|-supereffective|p1b: Chi-Yu\n|-damage|p1b: Chi-Yu|0 fnt\n|faint|p1b: Chi-Yu\n|\n|-heal|p2a: Sinistcha|71\/100 brn|[from] Grassy Terrain\n|-heal|p2a: Sinistcha|77\/100 brn|[from] item: Leftovers\n|-damage|p2a: Sinistcha|71\/100 brn|[from] brn\n|upkeep\n|\n|t:|1697549133\n|switch|p1b: Flutter Mane|Flutter Mane|100\/100\n|switch|p2b: Chien-Pao|Chien-Pao|44\/100\n|-ability|p2b: Chien-Pao|Sword of Ruin\n|-enditem|p1b: Flutter Mane|Booster Energy\n|-activate|p1b: Flutter Mane|ability: Protosynthesis|[fromitem]\n|-start|p1b: Flutter Mane|protosynthesisspe\n|turn|6\n|\n|t:|1697549164\n|move|p1b: Flutter Mane|Protect|p1b: Flutter Mane\n|-singleturn|p1b: Flutter Mane|Protect\n|move|p2b: Chien-Pao|Protect|p2b: Chien-Pao\n|-singleturn|p2b: Chien-Pao|Protect\n|move|p1a: Tornadus|Taunt|p2a: Sinistcha\n|-start|p2a: Sinistcha|move: Taunt\n|move|p2a: Sinistcha|Matcha Gotcha|p1b: Flutter Mane|[spread] p1a\n|-activate|p1b: Flutter Mane|move: Protect\n|-resisted|p1a: Tornadus\n|-damage|p1a: Tornadus|66\/100\n|-heal|p2a: Sinistcha|77\/100 brn|[from] drain|[of] p1a: Tornadus\n|\n|-heal|p2b: Chien-Pao|50\/100|[from] Grassy Terrain\n|-heal|p2a: Sinistcha|83\/100 brn|[from] Grassy Terrain\n|-heal|p2a: Sinistcha|89\/100 brn|[from] item: Leftovers\n|-damage|p2a: Sinistcha|83\/100 brn|[from] brn\n|upkeep\n|turn|7\n|\n|t:|1697549194\n|-terastallize|p1b: Flutter Mane|Fairy\n|move|p2b: Chien-Pao|Ice Shard|p1a: Tornadus\n|-supereffective|p1a: Tornadus\n|-damage|p1a: Tornadus|0 fnt\n|faint|p1a: Tornadus\n|move|p1b: Flutter Mane|Dazzling Gleam|p2b: Chien-Pao|[spread] p2a,p2b\n|-supereffective|p2b: Chien-Pao\n|-damage|p2a: Sinistcha|47\/100 brn\n|-damage|p2b: Chien-Pao|0 fnt\n|faint|p2b: Chien-Pao\n|move|p2a: Sinistcha|Matcha Gotcha|p1b: Flutter Mane\n|-damage|p1b: Flutter Mane|58\/100\n|-heal|p2a: Sinistcha|62\/100 brn|[from] drain|[of] p1b: Flutter Mane\n|\n|-heal|p1b: Flutter Mane|64\/100|[from] Grassy Terrain\n|-heal|p2a: Sinistcha|68\/100 brn|[from] Grassy Terrain\n|-heal|p2a: Sinistcha|74\/100 brn|[from] item: Leftovers\n|-damage|p2a: Sinistcha|68\/100 brn|[from] brn\n|-fieldend|move: Grassy Terrain\n|upkeep\n|\n|t:|1697549213\n|switch|p2b: Ogerpon|Ogerpon-Hearthflame, F|100\/100\n|switch|p1a: Landorus|Landorus-Therian, M|100\/100\n|-ability|p2b: Ogerpon|Mold Breaker\n|-ability|p1a: Landorus|Intimidate|boost\n|-unboost|p2a: Sinistcha|atk|1\n|-unboost|p2b: Ogerpon|atk|1\n|turn|8\n|\n|t:|1697549267\n|move|p2b: Ogerpon|Spiky Shield|p2b: Ogerpon\n|-singleturn|p2b: Ogerpon|move: Protect\n|move|p1b: Flutter Mane|Shadow Ball|p2b: Ogerpon\n|-activate|p2b: Ogerpon|move: Protect\n|move|p1a: Landorus|Stomping Tantrum|p2b: Ogerpon\n|-activate|p2b: Ogerpon|move: Protect\n|-damage|p1a: Landorus|88\/100|[from] Spiky Shield|[of] p2b: Ogerpon\n|move|p2a: Sinistcha|Matcha Gotcha|p1b: Flutter Mane|[spread] p1a,p1b\n|-damage|p1a: Landorus|59\/100\n|-heal|p2a: Sinistcha|82\/100 brn|[from] drain|[of] p1a: Landorus\n|-damage|p1b: Flutter Mane|37\/100\n|-heal|p2a: Sinistcha|92\/100 brn|[from] drain|[of] p1b: Flutter Mane\n|\n|-heal|p2a: Sinistcha|98\/100 brn|[from] item: Leftovers\n|-damage|p2a: Sinistcha|92\/100 brn|[from] brn\n|-end|p2a: Sinistcha|move: Taunt\n|-sideend|p1: Mr-Mongol|move: Tailwind\n|-sideend|p2: Mtygk4|move: Tailwind\n|upkeep\n|turn|9\n|\n|t:|1697549293\n|move|p2a: Sinistcha|Rage Powder|p2a: Sinistcha\n|-singleturn|p2a: Sinistcha|move: Rage Powder\n|move|p1b: Flutter Mane|Shadow Ball|p2a: Sinistcha\n|-damage|p2a: Sinistcha|53\/100 brn\n|-unboost|p2a: Sinistcha|spd|1\n|move|p2b: Ogerpon|Horn Leech|p1a: Landorus\n|-damage|p1a: Landorus|22\/100\n|-enditem|p1a: Landorus|Sitrus Berry|[eat]\n|-heal|p1a: Landorus|47\/100|[from] item: Sitrus Berry\n|move|p1a: Landorus|Stomping Tantrum|p2a: Sinistcha\n|-damage|p2a: Sinistcha|17\/100 brn\n|\n|-heal|p2a: Sinistcha|24\/100 brn|[from] item: Leftovers\n|-damage|p2a: Sinistcha|17\/100 brn|[from] brn\n|upkeep\n|turn|10\n|\n|t:|1697549356\n|move|p2b: Ogerpon|Spiky Shield|p2b: Ogerpon\n|-singleturn|p2b: Ogerpon|move: Protect\n|move|p1b: Flutter Mane|Icy Wind|p2a: Sinistcha|[spread] p2a\n|-activate|p2b: Ogerpon|move: Protect\n|-resisted|p2a: Sinistcha\n|-damage|p2a: Sinistcha|7\/100 brn\n|-unboost|p2a: Sinistcha|spe|1\n|move|p1a: Landorus|Rock Slide|p2a: Sinistcha|[spread] p2a\n|-activate|p2b: Ogerpon|move: Protect\n|-damage|p2a: Sinistcha|0 fnt\n|faint|p2a: Sinistcha\n|\n|upkeep\n|turn|11\n|\n|t:|1697549375\n|move|p1b: Flutter Mane|Shadow Ball|p2b: Ogerpon\n|-damage|p2b: Ogerpon|54\/100\n|move|p2b: Ogerpon|Horn Leech|p1a: Landorus\n|-damage|p1a: Landorus|10\/100\n|-heal|p2b: Ogerpon|74\/100|[from] drain|[of] p1a: Landorus\n|move|p1a: Landorus|Stomping Tantrum|p2b: Ogerpon\n|-damage|p2b: Ogerpon|14\/100\n|\n|upkeep\n|turn|12\n|\n|t:|1697549385\n|move|p1b: Flutter Mane|Shadow Ball|p2b: Ogerpon\n|-damage|p2b: Ogerpon|0 fnt\n|faint|p2b: Ogerpon\n|\n|win|Mr-Mongol\n","uploadtime":1697549401,"views":22,"p1id":"mrmongol","p2id":"mtygk4","formatid":"gen9doublesou","rating":0,"private":0,"password":""}