{"id":"gen9doublesou-1990157988","p1":"dsmooth_supprise","p2":"FOXSSR","format":"[Gen 9] Doubles OU","log":"|j|\u2606dsmooth_supprise\n|j|\u2606FOXSSR\n|t:|1699930953\n|gametype|doubles\n|player|p1|dsmooth_supprise|n|1286\n|player|p2|FOXSSR|pokemonbreederf-gen4|1337\n|teamsize|p1|6\n|teamsize|p2|6\n|gen|9\n|tier|[Gen 9] Doubles OU\n|rated|\n|rule|Species Clause: Limit one of each Pok\u00e9mon\n|rule|OHKO Clause: OHKO moves are banned\n|rule|Evasion Moves Clause: Evasion moves are banned\n|rule|Gravity Sleep Clause: The combination of sleep-inducing moves with imperfect accuracy and Gravity or Gigantamax Orbeetle are banned\n|rule|Endless Battle Clause: Forcing endless battles is banned\n|rule|HP Percentage Mod: HP is shown in percentages\n|clearpoke\n|poke|p1|Typhlosion-Hisui, M|\n|poke|p1|Lilligant-Hisui, F|\n|poke|p1|Ursaluna, M|\n|poke|p1|Torkoal, F|\n|poke|p1|Flutter Mane|\n|poke|p1|Thundurus, M|\n|poke|p2|Landorus-Therian, M|\n|poke|p2|Rillaboom, M|\n|poke|p2|Arcanine-Hisui, M|\n|poke|p2|Chi-Yu|\n|poke|p2|Regieleki|\n|poke|p2|Tornadus, M|\n|teampreview\n|\n|t:|1699930972\n|start\n|switch|p1a: stupid turtle|Torkoal, F|100\/100\n|switch|p1b: Lilligant|Lilligant-Hisui, F|100\/100\n|switch|p2a: Regieleki|Regieleki, shiny|100\/100\n|switch|p2b: Tornadus|Tornadus, M, shiny|100\/100\n|-weather|SunnyDay|[from] ability: Drought|[of] p1a: stupid turtle\n|turn|1\n|inactive|Battle timer is ON: inactive players will automatically lose when time's up. (requested by FOXSSR)\n|\n|t:|1699930996\n|move|p2b: Tornadus|Tailwind|p2b: Tornadus\n|-sidestart|p2: FOXSSR|move: Tailwind\n|move|p2a: Regieleki|Light Screen|p2a: Regieleki\n|-sidestart|p2: FOXSSR|move: Light Screen\n|move|p1b: Lilligant|Sleep Powder|p2a: Regieleki\n|-status|p2a: Regieleki|slp|[from] move: Sleep Powder\n|move|p1a: stupid turtle|Yawn|p2b: Tornadus\n|-start|p2b: Tornadus|move: Yawn|[of] p1a: stupid turtle\n|\n|-weather|SunnyDay|[upkeep]\n|upkeep\n|turn|2\n|\n|t:|1699931008\n|switch|p2b: Arcanine|Arcanine-Hisui, M|100\/100\n|-ability|p2b: Arcanine|Intimidate|boost\n|-unboost|p1a: stupid turtle|atk|1\n|-unboost|p1b: Lilligant|atk|1\n|cant|p2a: Regieleki|slp\n|move|p1b: Lilligant|Protect|p1b: Lilligant\n|-singleturn|p1b: Lilligant|Protect\n|move|p1a: stupid turtle|Protect||[still]\n|-fail|p1a: stupid turtle\n|\n|-weather|SunnyDay|[upkeep]\n|upkeep\n|turn|3\n|\n|t:|1699931033\n|move|p1a: stupid turtle|Helping Hand|p1b: Lilligant\n|-singleturn|p1b: Lilligant|Helping Hand|[of] p1a: stupid turtle\n|move|p2b: Arcanine|Extreme Speed|p1b: Lilligant\n|-damage|p1b: Lilligant|34\/100\n|cant|p2a: Regieleki|slp\n|move|p1b: Lilligant|Close Combat|p2b: Arcanine\n|-supereffective|p2b: Arcanine\n|-damage|p2b: Arcanine|0 fnt\n|-unboost|p1b: Lilligant|def|1\n|-unboost|p1b: Lilligant|spd|1\n|faint|p2b: Arcanine\n|\n|-weather|SunnyDay|[upkeep]\n|upkeep\n|inactive|FOXSSR has 120 seconds left.\n|\n|t:|1699931052\n|switch|p2b: Rillaboom|Rillaboom, M, shiny|100\/100\n|-fieldstart|move: Grassy Terrain|[from] ability: Grassy Surge|[of] p2b: Rillaboom\n|turn|4\n|\n|t:|1699931061\n|switch|p1b: Typhlosion|Typhlosion-Hisui, M|100\/100\n|move|p1a: stupid turtle|Protect|p1a: stupid turtle\n|-singleturn|p1a: stupid turtle|Protect\n|move|p2b: Rillaboom|Fake Out|p1a: stupid turtle\n|-activate|p1a: stupid turtle|move: Protect\n|cant|p2a: Regieleki|slp\n|\n|-weather|SunnyDay|[upkeep]\n|-sideend|p2: FOXSSR|move: Tailwind\n|upkeep\n|turn|5\n|\n|t:|1699931079\n|-terastallize|p2b: Rillaboom|Fire\n|move|p1a: stupid turtle|Helping Hand|p1b: Typhlosion\n|-singleturn|p1b: Typhlosion|Helping Hand|[of] p1a: stupid turtle\n|-curestatus|p2a: Regieleki|slp|[msg]\n|move|p2a: Regieleki|Electroweb|p1b: Typhlosion|[spread] p1a,p1b\n|-damage|p1a: stupid turtle|66\/100\n|-damage|p1b: Typhlosion|57\/100\n|-unboost|p1a: stupid turtle|spe|1\n|-unboost|p1b: Typhlosion|spe|1\n|move|p1b: Typhlosion|Eruption|p2a: Regieleki|[spread] p2a,p2b\n|-resisted|p2b: Rillaboom\n|-damage|p2a: Regieleki|8\/100\n|-damage|p2b: Rillaboom|83\/100\n|move|p2b: Rillaboom|High Horsepower|p1b: Typhlosion\n|-supereffective|p1b: Typhlosion\n|-damage|p1b: Typhlosion|0 fnt\n|faint|p1b: Typhlosion\n|\n|-weather|SunnyDay|[upkeep]\n|-heal|p2a: Regieleki|14\/100|[from] Grassy Terrain\n|-heal|p2b: Rillaboom|89\/100|[from] Grassy Terrain\n|-heal|p1a: stupid turtle|72\/100|[from] Grassy Terrain\n|-sideend|p2: FOXSSR|move: Light Screen\n|upkeep\n|\n|t:|1699931105\n|switch|p1b: Lilligant|Lilligant-Hisui, F|34\/100\n|turn|6\n|\n|t:|1699931116\n|move|p2a: Regieleki|Protect|p2a: Regieleki\n|-singleturn|p2a: Regieleki|Protect\n|move|p1a: stupid turtle|Protect|p1a: stupid turtle\n|-singleturn|p1a: stupid turtle|Protect\n|move|p1b: Lilligant|Sleep Powder|p2b: Rillaboom\n|-status|p2b: Rillaboom|slp|[from] move: Sleep Powder\n|cant|p2b: Rillaboom|slp\n|\n|-weather|SunnyDay|[upkeep]\n|-heal|p1b: Lilligant|40\/100|[from] Grassy Terrain\n|-heal|p2a: Regieleki|20\/100|[from] Grassy Terrain\n|-heal|p2b: Rillaboom|95\/100 slp|[from] Grassy Terrain\n|-heal|p1a: stupid turtle|78\/100|[from] Grassy Terrain\n|upkeep\n|turn|7\n|\n|t:|1699931138\n|move|p1b: Lilligant|Close Combat|p2b: Rillaboom\n|-damage|p2b: Rillaboom|44\/100 slp\n|-unboost|p1b: Lilligant|def|1\n|-unboost|p1b: Lilligant|spd|1\n|move|p2a: Regieleki|Electroweb|p1a: stupid turtle|[spread] p1a,p1b\n|-resisted|p1b: Lilligant\n|-damage|p1a: stupid turtle|46\/100\n|-damage|p1b: Lilligant|2\/100\n|-unboost|p1a: stupid turtle|spe|1\n|-unboost|p1b: Lilligant|spe|1\n|cant|p2b: Rillaboom|slp\n|move|p1a: stupid turtle|Overheat|p2a: Regieleki\n|-damage|p2a: Regieleki|0 fnt\n|-unboost|p1a: stupid turtle|spa|2\n|faint|p2a: Regieleki\n|\n|-weather|SunnyDay|[upkeep]\n|-heal|p1b: Lilligant|8\/100|[from] Grassy Terrain\n|-heal|p2b: Rillaboom|50\/100 slp|[from] Grassy Terrain\n|-heal|p1a: stupid turtle|52\/100|[from] Grassy Terrain\n|upkeep\n|inactive|FOXSSR has 120 seconds left.\n|c|\u2606FOXSSR|\uff1f\uff1f\uff1f\n|\n|t:|1699931167\n|switch|p2a: Tornadus|Tornadus, M, shiny|100\/100\n|turn|8\n|c|\u2606dsmooth_supprise|what\n|\n|t:|1699931181\n|switch|p1a: unbearable|Ursaluna, M|100\/100\n|move|p2a: Tornadus|Tailwind|p2a: Tornadus\n|-sidestart|p2: FOXSSR|move: Tailwind\n|move|p1b: Lilligant|Sleep Powder|p2a: Tornadus\n|-status|p2a: Tornadus|slp|[from] move: Sleep Powder\n|-curestatus|p2b: Rillaboom|slp|[msg]\n|move|p2b: Rillaboom|High Horsepower|p1a: unbearable\n|-damage|p1a: unbearable|75\/100\n|\n|-weather|none\n|-heal|p1b: Lilligant|14\/100|[from] Grassy Terrain\n|-heal|p2b: Rillaboom|56\/100|[from] Grassy Terrain\n|-heal|p1a: unbearable|82\/100|[from] Grassy Terrain\n|-fieldend|move: Grassy Terrain\n|upkeep\n|turn|9\n|c|\u2606FOXSSR|why sleep\n|c|\u2606dsmooth_supprise|because its useful?\n|inactive|dsmooth_supprise has 120 seconds left.\n|c|\u2606FOXSSR|\u3002\u3002\u3002\n|\n|t:|1699931221\n|switch|p1b: stupid turtle|Torkoal, F|52\/100\n|-weather|SunnyDay|[from] ability: Drought|[of] p1b: stupid turtle\n|cant|p2a: Tornadus|slp\n|move|p2b: Rillaboom|U-turn|p1b: stupid turtle\n|-resisted|p1b: stupid turtle\n|-damage|p1b: stupid turtle|44\/100\n|\n|t:|1699931231\n|switch|p2b: Landorus|Landorus-Therian, M, shiny|100\/100|[from] U-turn\n|-ability|p2b: Landorus|Intimidate|boost\n|-unboost|p1a: unbearable|atk|1\n|-unboost|p1b: stupid turtle|atk|1\n|move|p1a: unbearable|Headlong Rush|p2b: Landorus\n|-immune|p2b: Landorus\n|\n|-weather|SunnyDay|[upkeep]\n|upkeep\n|turn|10\n|inactive|dsmooth_supprise has 120 seconds left.\n|\n|t:|1699931254\n|-curestatus|p2a: Tornadus|slp|[msg]\n|move|p2a: Tornadus|Taunt|p1b: stupid turtle\n|-start|p1b: stupid turtle|move: Taunt\n|move|p2b: Landorus|U-turn|p1a: unbearable\n|-damage|p1a: unbearable|63\/100\n|\n|t:|1699931262\n|switch|p2b: Rillaboom|Rillaboom, M, shiny, tera:Fire|56\/100|[from] U-turn\n|-fieldstart|move: Grassy Terrain|[from] ability: Grassy Surge|[of] p2b: Rillaboom\n|move|p1a: unbearable|Rock Slide|p2b: Rillaboom|[spread] p2a\n|-miss|p1a: unbearable|p2b: Rillaboom\n|-supereffective|p2a: Tornadus\n|-damage|p2a: Tornadus|54\/100\n|cant|p1b: stupid turtle|move: Taunt|Yawn\n|\n|-weather|SunnyDay|[upkeep]\n|-heal|p2b: Rillaboom|62\/100|[from] Grassy Terrain\n|-heal|p1a: unbearable|70\/100|[from] Grassy Terrain\n|-heal|p1b: stupid turtle|50\/100|[from] Grassy Terrain\n|upkeep\n|turn|11\n|\n|t:|1699931280\n|move|p2a: Tornadus|Bleakwind Storm|p1b: stupid turtle|[spread] \n|-miss|p2a: Tornadus|p1a: unbearable\n|-miss|p2a: Tornadus|p1b: stupid turtle\n|move|p2b: Rillaboom|Wood Hammer|p1a: unbearable\n|-supereffective|p1a: unbearable\n|-damage|p1a: unbearable|0 fnt\n|faint|p1a: unbearable\n|-damage|p2b: Rillaboom|32\/100|[from] Recoil\n|move|p1b: stupid turtle|Overheat|p2a: Tornadus\n|-damage|p2a: Tornadus|0 fnt\n|-unboost|p1b: stupid turtle|spa|2\n|faint|p2a: Tornadus\n|\n|-weather|SunnyDay|[upkeep]\n|-heal|p2b: Rillaboom|38\/100|[from] Grassy Terrain\n|-heal|p1b: stupid turtle|56\/100|[from] Grassy Terrain\n|-sideend|p2: FOXSSR|move: Tailwind\n|upkeep\n|\n|t:|1699931300\n|switch|p2a: Landorus|Landorus-Therian, M, shiny|100\/100\n|switch|p1a: Lilligant|Lilligant-Hisui, F|14\/100\n|-ability|p2a: Landorus|Intimidate|boost\n|-unboost|p1a: Lilligant|atk|1\n|-unboost|p1b: stupid turtle|atk|1\n|turn|12\n|inactive|dsmooth_supprise has 120 seconds left.\n|\n|t:|1699931338\n|switch|p1b: belongs in ubers|Flutter Mane|100\/100\n|-activate|p1b: belongs in ubers|ability: Protosynthesis\n|-start|p1b: belongs in ubers|protosynthesisspa\n|move|p1a: Lilligant|Protect|p1a: Lilligant\n|-singleturn|p1a: Lilligant|Protect\n|move|p2a: Landorus|Rock Slide|p1a: Lilligant|[spread] p1b\n|-activate|p1a: Lilligant|move: Protect\n|-damage|p1b: belongs in ubers|66\/100\n|move|p2b: Rillaboom|U-turn|p1a: Lilligant\n|-activate|p1a: Lilligant|move: Protect\n|\n|-weather|SunnyDay|[upkeep]\n|-heal|p1a: Lilligant|20\/100|[from] Grassy Terrain\n|-heal|p1b: belongs in ubers|72\/100|[from] Grassy Terrain\n|-heal|p2b: Rillaboom|44\/100|[from] Grassy Terrain\n|upkeep\n|turn|13\n|inactive|dsmooth_supprise has 120 seconds left.\n|\n|t:|1699931365\n|move|p1a: Lilligant|Sleep Powder|p2b: Rillaboom\n|-status|p2b: Rillaboom|slp|[from] move: Sleep Powder\n|move|p2a: Landorus|Rock Slide|p1b: belongs in ubers|[spread] p1a\n|-miss|p2a: Landorus|p1b: belongs in ubers\n|-resisted|p1a: Lilligant\n|-damage|p1a: Lilligant|5\/100\n|move|p1b: belongs in ubers|Dazzling Gleam|p2a: Landorus|[spread] p2a,p2b\n|-resisted|p2b: Rillaboom\n|-damage|p2a: Landorus|37\/100\n|-damage|p2b: Rillaboom|26\/100 slp\n|cant|p2b: Rillaboom|slp\n|\n|-weather|SunnyDay|[upkeep]\n|-heal|p1a: Lilligant|11\/100|[from] Grassy Terrain\n|-heal|p1b: belongs in ubers|78\/100|[from] Grassy Terrain\n|-heal|p2b: Rillaboom|32\/100 slp|[from] Grassy Terrain\n|upkeep\n|turn|14\n|\n|t:|1699931388\n|move|p1a: Lilligant|Sleep Powder|p2a: Landorus\n|-status|p2a: Landorus|slp|[from] move: Sleep Powder\n|cant|p2a: Landorus|slp\n|move|p1b: belongs in ubers|Dazzling Gleam|p2b: Rillaboom|[spread] p2a,p2b\n|-resisted|p2b: Rillaboom\n|-damage|p2a: Landorus|0 fnt\n|-damage|p2b: Rillaboom|13\/100 slp\n|faint|p2a: Landorus\n|cant|p2b: Rillaboom|slp\n|\n|-weather|SunnyDay|[upkeep]\n|-heal|p1a: Lilligant|17\/100|[from] Grassy Terrain\n|-heal|p1b: belongs in ubers|84\/100|[from] Grassy Terrain\n|-heal|p2b: Rillaboom|20\/100 slp|[from] Grassy Terrain\n|-fieldend|move: Grassy Terrain\n|upkeep\n|\n|t:|1699931404\n|switch|p2a: Chi-Yu|Chi-Yu|100\/100\n|-ability|p2a: Chi-Yu|Beads of Ruin\n|turn|15\n|\n|t:|1699931418\n|-terastallize|p1b: belongs in ubers|Fairy\n|move|p2a: Chi-Yu|Protect|p2a: Chi-Yu\n|-singleturn|p2a: Chi-Yu|Protect\n|move|p1a: Lilligant|Close Combat|p2a: Chi-Yu\n|-activate|p2a: Chi-Yu|move: Protect\n|move|p1b: belongs in ubers|Dazzling Gleam|p2a: Chi-Yu|[spread] p2b\n|-activate|p2a: Chi-Yu|move: Protect\n|-resisted|p2b: Rillaboom\n|-damage|p2b: Rillaboom|0 fnt\n|faint|p2b: Rillaboom\n|\n|-weather|SunnyDay|[upkeep]\n|upkeep\n|turn|16\n|\n|t:|1699931436\n|move|p2a: Chi-Yu|Protect||[still]\n|-fail|p2a: Chi-Yu\n|move|p1a: Lilligant|Close Combat|p2a: Chi-Yu\n|-supereffective|p2a: Chi-Yu\n|-enditem|p2a: Chi-Yu|Focus Sash\n|-damage|p2a: Chi-Yu|1\/100\n|-unboost|p1a: Lilligant|def|1\n|-unboost|p1a: Lilligant|spd|1\n|move|p1b: belongs in ubers|Dazzling Gleam|p2a: Chi-Yu\n|-crit|p2a: Chi-Yu\n|-damage|p2a: Chi-Yu|0 fnt\n|faint|p2a: Chi-Yu\n|\n|win|dsmooth_supprise\n|raw|dsmooth_supprise's rating: 1286 &rarr; <strong>1315<\/strong><br \/>(+29 for winning)\n|raw|FOXSSR's rating: 1337 &rarr; <strong>1314<\/strong><br \/>(-23 for losing)\n|c|\u2606dsmooth_supprise|ggs\n|c|\u2606FOXSSR|\u3002\u3002\u3002\n|l|\u2606FOXSSR\n","uploadtime":1699931472,"views":7,"p1id":"dsmoothsupprise","p2id":"foxssr","formatid":"gen9doublesou","rating":1314,"private":0,"password":""}