{"id":"gen9doublesou-1971768681","p1":"sharkydee","p2":"Nemasilla","format":"[Gen 9] Doubles OU","log":"|j|\u2606sharkydee\n|j|\u2606Nemasilla\n|t:|1697770017\n|gametype|doubles\n|player|p1|sharkydee|wattson|1153\n|player|p2|Nemasilla|guzma|1259\n|teamsize|p1|6\n|teamsize|p2|6\n|gen|9\n|tier|[Gen 9] Doubles OU\n|rated|\n|rule|Species Clause: Limit one of each Pok\u00e9mon\n|rule|OHKO Clause: OHKO moves are banned\n|rule|Evasion Moves Clause: Evasion moves are banned\n|rule|Gravity Sleep Clause: The combination of sleep-inducing moves with imperfect accuracy and Gravity or Gigantamax Orbeetle are banned\n|rule|Endless Battle Clause: Forcing endless battles is banned\n|rule|HP Percentage Mod: HP is shown in percentages\n|clearpoke\n|poke|p1|Slaking, F|\n|poke|p1|Weezing-Galar, M|\n|poke|p1|Goodra-Hisui, F|\n|poke|p1|Sinistcha-Masterpiece|\n|poke|p1|Iron Hands|\n|poke|p1|Iron Bundle|\n|poke|p2|Gastrodon, F|\n|poke|p2|Zapdos|\n|poke|p2|Arcanine-Hisui, M|\n|poke|p2|Sylveon, F|\n|poke|p2|Rillaboom, F|\n|poke|p2|Chien-Pao|\n|teampreview\n|inactive|Battle timer is ON: inactive players will automatically lose when time's up. (requested by Nemasilla)\n|\n|t:|1697770033\n|start\n|switch|p1a: Weezing|Weezing-Galar, M|100\/100\n|switch|p1b: Slaking|Slaking, F|100\/100\n|switch|p2a: Zapdos|Zapdos|100\/100\n|switch|p2b: Arcanine|Arcanine-Hisui, M|100\/100\n|-ability|p1a: Weezing|Neutralizing Gas\n|-item|p1a: Weezing|Air Balloon\n|turn|1\n|\n|t:|1697770053\n|-terastallize|p2b: Arcanine|Fairy\n|move|p2b: Arcanine|Rock Slide|p1a: Weezing|[spread] p1a,p1b\n|-damage|p1a: Weezing|75\/100\n|-damage|p1b: Slaking|81\/100\n|-enditem|p1a: Weezing|Air Balloon\n|move|p2a: Zapdos|Tailwind|p2a: Zapdos\n|-sidestart|p2: Nemasilla|move: Tailwind\n|move|p1b: Slaking|Earthquake|p2b: Arcanine|[spread] p1a,p2b\n|-immune|p2a: Zapdos\n|-supereffective|p1a: Weezing\n|-damage|p1a: Weezing|18\/100\n|-damage|p2b: Arcanine|61\/100\n|move|p1a: Weezing|Toxic|p2a: Zapdos\n|-status|p2a: Zapdos|tox\n|\n|-heal|p1b: Slaking|88\/100|[from] item: Leftovers\n|-damage|p2a: Zapdos|94\/100 tox|[from] psn\n|upkeep\n|turn|2\n|\n|t:|1697770077\n|move|p2b: Arcanine|Rock Slide|p1a: Weezing|[spread] p1a,p1b\n|-damage|p1a: Weezing|0 fnt\n|-damage|p1b: Slaking|69\/100\n|faint|p1a: Weezing\n|-end|p1a: Weezing|ability: Neutralizing Gas\n|-ability|p2b: Arcanine|Intimidate|boost\n|-unboost|p1b: Slaking|atk|1\n|move|p2a: Zapdos|Thunderbolt|p1b: Slaking\n|-damage|p1b: Slaking|35\/100\n|move|p1b: Slaking|Bulk Up|p1b: Slaking\n|-boost|p1b: Slaking|atk|1\n|-boost|p1b: Slaking|def|1\n|\n|-heal|p1b: Slaking|41\/100|[from] item: Leftovers\n|-damage|p2a: Zapdos|82\/100 tox|[from] psn\n|upkeep\n|inactive|sharkydee has 120 seconds left.\n|\n|t:|1697770093\n|switch|p1a: Goodra|Goodra-Hisui, F|100\/100\n|turn|3\n|\n|t:|1697770119\n|switch|p2b: Rillaboom|Rillaboom, F|100\/100\n|-fieldstart|move: Grassy Terrain|[from] ability: Grassy Surge|[of] p2b: Rillaboom\n|switch|p2a: Sylveon|Sylveon, F|100\/100\n|cant|p1b: Slaking|ability: Truant\n|move|p1a: Goodra|Flash Cannon|p2b: Rillaboom\n|-damage|p2b: Rillaboom|62\/100\n|\n|-heal|p2b: Rillaboom|69\/100|[from] Grassy Terrain\n|-heal|p2b: Rillaboom|75\/100|[from] item: Leftovers\n|-heal|p1b: Slaking|47\/100|[from] Grassy Terrain\n|-heal|p1b: Slaking|53\/100|[from] item: Leftovers\n|upkeep\n|turn|4\n|\n|t:|1697770143\n|move|p2b: Rillaboom|Fake Out|p1b: Slaking\n|-damage|p1b: Slaking|48\/100\n|move|p2a: Sylveon|Hyper Voice|p1a: Goodra|[spread] p1a,p1b\n|-damage|p1a: Goodra|76\/100\n|-damage|p1b: Slaking|0 fnt\n|faint|p1b: Slaking\n|move|p1a: Goodra|Chilling Water|p2b: Rillaboom\n|-resisted|p2b: Rillaboom\n|-damage|p2b: Rillaboom|66\/100\n|-unboost|p2b: Rillaboom|atk|1\n|\n|-heal|p2b: Rillaboom|73\/100|[from] Grassy Terrain\n|-heal|p2b: Rillaboom|79\/100|[from] item: Leftovers\n|-heal|p1a: Goodra|82\/100|[from] Grassy Terrain\n|-sideend|p2: Nemasilla|move: Tailwind\n|upkeep\n|\n|t:|1697770149\n|switch|p1b: Iron Bundle|Iron Bundle|100\/100\n|-enditem|p1b: Iron Bundle|Booster Energy\n|-activate|p1b: Iron Bundle|ability: Quark Drive|[fromitem]\n|-start|p1b: Iron Bundle|quarkdrivespe\n|turn|5\n|\n|t:|1697770162\n|move|p1b: Iron Bundle|Acrobatics|p2b: Rillaboom\n|-supereffective|p2b: Rillaboom\n|-damage|p2b: Rillaboom|47\/100\n|move|p2b: Rillaboom|U-turn|p1b: Iron Bundle\n|-damage|p1b: Iron Bundle|85\/100\n|\n|t:|1697770170\n|switch|p2b: Gastrodon|Gastrodon, F|100\/100|[from] U-turn\n|move|p2a: Sylveon|Hyper Voice|p1b: Iron Bundle|[spread] p1a,p1b\n|-crit|p1b: Iron Bundle\n|-damage|p1a: Goodra|54\/100\n|-damage|p1b: Iron Bundle|0 fnt\n|faint|p1b: Iron Bundle\n|-end|p1b: Iron Bundle|Quark Drive|[silent]\n|move|p1a: Goodra|Flash Cannon|p2a: Sylveon\n|-supereffective|p2a: Sylveon\n|-damage|p2a: Sylveon|41\/100\n|\n|-heal|p2a: Sylveon|47\/100|[from] Grassy Terrain\n|-heal|p1a: Goodra|60\/100|[from] Grassy Terrain\n|upkeep\n|\n|t:|1697770197\n|switch|p1b: Sinistcha|Sinistcha-Masterpiece|100\/100\n|-heal|p1a: Goodra|85\/100|[from] ability: Hospitality|[of] p1b: Sinistcha\n|turn|6\n|\n|t:|1697770208\n|move|p1b: Sinistcha|Matcha Gotcha|p2a: Sylveon|[spread] p2a,p2b\n|-supereffective|p2b: Gastrodon\n|-damage|p2a: Sylveon|24\/100\n|-damage|p2b: Gastrodon|0 fnt\n|faint|p2b: Gastrodon\n|move|p2a: Sylveon|Hyper Voice|p1b: Sinistcha|[spread] p1a,p1b\n|-damage|p1a: Goodra|59\/100\n|-damage|p1b: Sinistcha|32\/100\n|move|p1a: Goodra|Flash Cannon|p2a: Sylveon\n|-supereffective|p2a: Sylveon\n|-damage|p2a: Sylveon|0 fnt\n|faint|p2a: Sylveon\n|\n|-heal|p1b: Sinistcha|38\/100|[from] Grassy Terrain\n|-heal|p1b: Sinistcha|44\/100|[from] item: Leftovers\n|-heal|p1a: Goodra|65\/100|[from] Grassy Terrain\n|upkeep\n|\n|t:|1697770222\n|switch|p2a: Chien-Pao|Chien-Pao|100\/100\n|switch|p2b: Zapdos|Zapdos|82\/100 tox\n|-ability|p2a: Chien-Pao|Sword of Ruin\n|turn|7\n|\n|t:|1697770236\n|move|p2a: Chien-Pao|Protect|p2a: Chien-Pao\n|-singleturn|p2a: Chien-Pao|Protect\n|move|p2b: Zapdos|Air Cutter|p1b: Sinistcha|[spread] p1a,p1b\n|-resisted|p1a: Goodra\n|-supereffective|p1b: Sinistcha\n|-damage|p1a: Goodra|61\/100\n|-damage|p1b: Sinistcha|0 fnt\n|faint|p1b: Sinistcha\n|move|p1a: Goodra|Flash Cannon|p2a: Chien-Pao\n|-activate|p2a: Chien-Pao|move: Protect\n|\n|-heal|p1a: Goodra|67\/100|[from] Grassy Terrain\n|-damage|p2b: Zapdos|75\/100 tox|[from] psn\n|-fieldend|move: Grassy Terrain\n|upkeep\n|\n|t:|1697770246\n|switch|p1b: Iron Hands|Iron Hands|100\/100\n|turn|8\n|\n|t:|1697770256\n|switch|p2a: Arcanine|Arcanine-Hisui, M, tera:Fairy|61\/100\n|-ability|p2a: Arcanine|Intimidate|boost\n|-unboost|p1a: Goodra|atk|1\n|-unboost|p1b: Iron Hands|atk|1\n|-terastallize|p1a: Goodra|Steel\n|move|p1b: Iron Hands|Fake Out|p2b: Zapdos\n|-damage|p2b: Zapdos|67\/100 tox\n|cant|p2b: Zapdos|flinch\n|move|p1a: Goodra|Flash Cannon|p2a: Arcanine\n|-supereffective|p2a: Arcanine\n|-damage|p2a: Arcanine|0 fnt\n|faint|p2a: Arcanine\n|\n|-damage|p2b: Zapdos|54\/100 tox|[from] psn\n|upkeep\n|\n|t:|1697770269\n|switch|p2a: Rillaboom|Rillaboom, F|47\/100\n|-fieldstart|move: Grassy Terrain|[from] ability: Grassy Surge|[of] p2a: Rillaboom\n|turn|9\n|\n|t:|1697770289\n|move|p2a: Rillaboom|Fake Out|p1b: Iron Hands\n|-damage|p1b: Iron Hands|93\/100\n|move|p2b: Zapdos|Air Cutter|p1b: Iron Hands|[spread] p1a,p1b\n|-resisted|p1a: Goodra\n|-damage|p1a: Goodra|63\/100\n|-damage|p1b: Iron Hands|77\/100\n|move|p1a: Goodra|Dragon Pulse|p2b: Zapdos\n|-damage|p2b: Zapdos|12\/100 tox\n|-enditem|p2b: Zapdos|Sitrus Berry|[eat]\n|-heal|p2b: Zapdos|37\/100 tox|[from] item: Sitrus Berry\n|cant|p1b: Iron Hands|flinch\n|\n|-heal|p2a: Rillaboom|53\/100|[from] Grassy Terrain\n|-heal|p2a: Rillaboom|59\/100|[from] item: Leftovers\n|-heal|p1a: Goodra|69\/100|[from] Grassy Terrain\n|-heal|p1b: Iron Hands|83\/100|[from] Grassy Terrain\n|-damage|p2b: Zapdos|19\/100 tox|[from] psn\n|upkeep\n|turn|10\n|\n|t:|1697770315\n|move|p2b: Zapdos|Roost|p2b: Zapdos\n|-heal|p2b: Zapdos|69\/100 tox\n|-singleturn|p2b: Zapdos|move: Roost\n|move|p2a: Rillaboom|Drum Beating|p1a: Goodra\n|-ability|p1a: Goodra|Sap Sipper|boost\n|-boost|p1a: Goodra|atk|1\n|move|p1a: Goodra|Flash Cannon|p2a: Rillaboom\n|-damage|p2a: Rillaboom|11\/100\n|move|p1b: Iron Hands|Drain Punch|p2a: Rillaboom\n|-damage|p2a: Rillaboom|0 fnt\n|-heal|p1b: Iron Hands|87\/100|[from] drain|[of] p2a: Rillaboom\n|faint|p2a: Rillaboom\n|\n|-heal|p2b: Zapdos|75\/100 tox|[from] Grassy Terrain\n|-heal|p1a: Goodra|75\/100|[from] Grassy Terrain\n|-heal|p1b: Iron Hands|93\/100|[from] Grassy Terrain\n|-damage|p2b: Zapdos|50\/100 tox|[from] psn\n|upkeep\n|\n|t:|1697770323\n|switch|p2a: Chien-Pao|Chien-Pao|100\/100\n|-ability|p2a: Chien-Pao|Sword of Ruin\n|turn|11\n|\n|t:|1697770347\n|move|p1b: Iron Hands|Detect|p1b: Iron Hands\n|-singleturn|p1b: Iron Hands|Protect\n|move|p2a: Chien-Pao|Sucker Punch||[still]\n|-fail|p2a: Chien-Pao\n|move|p2b: Zapdos|Air Cutter|p1a: Goodra|[spread] p1a\n|-activate|p1b: Iron Hands|move: Protect\n|-resisted|p1a: Goodra\n|-damage|p1a: Goodra|71\/100\n|move|p1a: Goodra|Flash Cannon|p2a: Chien-Pao\n|-supereffective|p2a: Chien-Pao\n|-damage|p2a: Chien-Pao|0 fnt\n|faint|p2a: Chien-Pao\n|\n|-heal|p1a: Goodra|77\/100|[from] Grassy Terrain\n|-heal|p1b: Iron Hands|99\/100|[from] Grassy Terrain\n|-damage|p2b: Zapdos|19\/100 tox|[from] psn\n|upkeep\n|turn|12\n|-message|Nemasilla forfeited.\n|\n|win|sharkydee\n|raw|sharkydee's rating: 1153 &rarr; <strong>1185<\/strong><br \/>(+32 for winning)\n|raw|Nemasilla's rating: 1259 &rarr; <strong>1227<\/strong><br \/>(-32 for losing)\n|l|\u2606Nemasilla\n","uploadtime":1697770370,"views":16,"p1id":"sharkydee","p2id":"nemasilla","formatid":"gen9doublesou","rating":1185,"private":0,"password":""}