{"id":"gen9doublesou-1978604098","p1":"MiloticFanboi","p2":"Cuty flam","format":"[Gen 9] Doubles OU","log":"|j|\u2606MiloticFanboi\n|j|\u2606Cuty flam\n|t:|1698564856\n|gametype|doubles\n|player|p1|MiloticFanboi|101|1000\n|player|p2|Cuty flam|linebacker|1026\n|teamsize|p1|6\n|teamsize|p2|6\n|gen|9\n|tier|[Gen 9] Doubles OU\n|rated|\n|rule|Species Clause: Limit one of each Pok\u00e9mon\n|rule|OHKO Clause: OHKO moves are banned\n|rule|Evasion Moves Clause: Evasion moves are banned\n|rule|Gravity Sleep Clause: The combination of sleep-inducing moves with imperfect accuracy and Gravity or Gigantamax Orbeetle are banned\n|rule|Endless Battle Clause: Forcing endless battles is banned\n|rule|HP Percentage Mod: HP is shown in percentages\n|clearpoke\n|poke|p1|Zapdos|\n|poke|p1|Frosmoth, F|\n|poke|p1|Oricorio-Pa'u, M|\n|poke|p1|Pelipper, F|\n|poke|p1|Poliwrath, F|\n|poke|p1|Lumineon, F|\n|poke|p2|Palafin, F|\n|poke|p2|Clefairy, M|\n|poke|p2|Flutter Mane|\n|poke|p2|Roaring Moon|\n|poke|p2|Bisharp, F|\n|poke|p2|Empoleon, F|\n|teampreview\n|c|\u2606MiloticFanboi|Very nice team good luck and have fun\n|\n|t:|1698564881\n|start\n|switch|p1a: Frosmoth|Frosmoth, F|100\/100\n|switch|p1b: Oricorio|Oricorio-Pa'u, M|100\/100\n|switch|p2a: Clefairy|Clefairy, M|100\/100\n|switch|p2b: Palafin|Palafin, F|100\/100\n|turn|1\n|-activate|p1a: Frosmoth|item: Quick Claw\n|\n|t:|1698564896\n|move|p2a: Clefairy|Follow Me|p2a: Clefairy\n|-singleturn|p2a: Clefairy|move: Follow Me\n|move|p1a: Frosmoth|Quiver Dance|p1a: Frosmoth\n|-boost|p1a: Frosmoth|spa|1\n|-boost|p1a: Frosmoth|spd|1\n|-boost|p1a: Frosmoth|spe|1\n|-activate|p1b: Oricorio|ability: Dancer\n|move|p1b: Oricorio|Quiver Dance|p1b: Oricorio|[from]ability: Dancer\n|-boost|p1b: Oricorio|spa|1\n|-boost|p1b: Oricorio|spd|1\n|-boost|p1b: Oricorio|spe|1\n|move|p1b: Oricorio|Quiver Dance|p1b: Oricorio\n|-boost|p1b: Oricorio|spa|1\n|-boost|p1b: Oricorio|spd|1\n|-boost|p1b: Oricorio|spe|1\n|move|p2b: Palafin|Flip Turn|p1a: Frosmoth\n|-damage|p1a: Frosmoth|62\/100\n|\n|t:|1698564904\n|detailschange|p2b: Palafin|Palafin-Hero, F\n|switch|p2b: Bisharp|Bisharp, F|100\/100|[from] Flip Turn\n|\n|upkeep\n|turn|2\n|inactive|Battle timer is ON: inactive players will automatically lose when time's up. (requested by Cuty flam)\n|\n|t:|1698564951\n|move|p1b: Oricorio|Baton Pass|p1b: Oricorio\n|inactiveoff|Battle timer is now OFF.\n|\n|t:|1698564961\n|switch|p1b: Poliwrath|Poliwrath, F, shiny|100\/100|[from] Baton Pass\n|move|p1a: Frosmoth|Stun Spore|p2b: Bisharp\n|-status|p2b: Bisharp|par\n|move|p2a: Clefairy|Encore||[still]\n|-fail|p2a: Clefairy\n|move|p2b: Bisharp|Night Slash|p1b: Poliwrath\n|-resisted|p1b: Poliwrath\n|-damage|p1b: Poliwrath|80\/100\n|\n|upkeep\n|turn|3\n|\n|t:|1698564982\n|switch|p1a: Pelipper|Pelipper, F|100\/100\n|move|p2a: Clefairy|Helping Hand|p2b: Bisharp\n|-singleturn|p2b: Bisharp|Helping Hand|[of] p2a: Clefairy\n|move|p1b: Poliwrath|Drain Punch|p2b: Bisharp\n|-supereffective|p2b: Bisharp\n|-damage|p2b: Bisharp|32\/100 par\n|-heal|p1b: Poliwrath|100\/100|[from] drain|[of] p2b: Bisharp\n|move|p2b: Bisharp|Iron Head|p1a: Pelipper\n|-resisted|p1a: Pelipper\n|-damage|p1a: Pelipper|67\/100\n|\n|upkeep\n|turn|4\n|\n|t:|1698565006\n|switch|p2b: Flutter Mane|Flutter Mane|100\/100\n|-enditem|p2b: Flutter Mane|Booster Energy\n|-activate|p2b: Flutter Mane|ability: Protosynthesis|[fromitem]\n|-start|p2b: Flutter Mane|protosynthesisspe\n|move|p2a: Clefairy|Follow Me|p2a: Clefairy\n|-singleturn|p2a: Clefairy|move: Follow Me\n|move|p1b: Poliwrath|Drain Punch|p2a: Clefairy\n|-resisted|p2a: Clefairy\n|-damage|p2a: Clefairy|83\/100\n|move|p1a: Pelipper|Tailwind|p1a: Pelipper\n|-sidestart|p1: MiloticFanboi|move: Tailwind\n|\n|upkeep\n|turn|5\n|\n|t:|1698565027\n|-terastallize|p1a: Pelipper|Water\n|move|p2a: Clefairy|Follow Me|p2a: Clefairy\n|-singleturn|p2a: Clefairy|move: Follow Me\n|move|p1b: Poliwrath|Baton Pass|p1b: Poliwrath\n|\n|t:|1698565034\n|switch|p1b: Zapdos|Zapdos|100\/100|[from] Baton Pass\n|-ability|p1b: Zapdos|Pressure\n|move|p2b: Flutter Mane|Moonblast|p1b: Zapdos\n|-damage|p1b: Zapdos|70\/100\n|-unboost|p1b: Zapdos|spa|1\n|move|p1a: Pelipper|Hydro Pump|p2a: Clefairy|[miss]\n|-miss|p1a: Pelipper|p2a: Clefairy\n|\n|upkeep\n|turn|6\n|\n|t:|1698565054\n|move|p2a: Clefairy|Follow Me|p2a: Clefairy\n|-singleturn|p2a: Clefairy|move: Follow Me\n|move|p1b: Zapdos|Thunderbolt|p2a: Clefairy\n|-damage|p2a: Clefairy|35\/100\n|move|p2b: Flutter Mane|Power Gem|p1b: Zapdos\n|-supereffective|p1b: Zapdos\n|-damage|p1b: Zapdos|36\/100\n|-enditem|p1b: Zapdos|Weakness Policy\n|-boost|p1b: Zapdos|atk|2|[from] item: Weakness Policy\n|-boost|p1b: Zapdos|spa|2|[from] item: Weakness Policy\n|move|p1a: Pelipper|Dual Wingbeat|p2a: Clefairy\n|-damage|p2a: Clefairy|26\/100\n|-damage|p2a: Clefairy|17\/100\n|-hitcount|p2a: Clefairy|2\n|\n|upkeep\n|turn|7\n|\n|t:|1698565078\n|move|p2a: Clefairy|Helping Hand|p2b: Flutter Mane\n|-singleturn|p2b: Flutter Mane|Helping Hand|[of] p2a: Clefairy\n|move|p1b: Zapdos|Baton Pass|p1b: Zapdos\n|\n|t:|1698565084\n|switch|p1b: Poliwrath|Poliwrath, F, shiny|100\/100|[from] Baton Pass\n|move|p2b: Flutter Mane|Power Gem|p1b: Poliwrath\n|-resisted|p1b: Poliwrath\n|-damage|p1b: Poliwrath|89\/100\n|move|p1a: Pelipper|Hydro Pump|p2b: Flutter Mane\n|-damage|p2b: Flutter Mane|53\/100\n|\n|-sideend|p1: MiloticFanboi|move: Tailwind\n|upkeep\n|turn|8\n|\n|t:|1698565113\n|move|p2a: Clefairy|Follow Me|p2a: Clefairy\n|-singleturn|p2a: Clefairy|move: Follow Me\n|move|p2b: Flutter Mane|Moonblast|p1b: Poliwrath\n|-supereffective|p1b: Poliwrath\n|-damage|p1b: Poliwrath|29\/100\n|-unboost|p1b: Poliwrath|spa|1\n|-enditem|p1b: Poliwrath|Sitrus Berry|[eat]\n|-heal|p1b: Poliwrath|54\/100|[from] item: Sitrus Berry\n|move|p1b: Poliwrath|Waterfall|p2a: Clefairy\n|-damage|p2a: Clefairy|0 fnt\n|faint|p2a: Clefairy\n|move|p1a: Pelipper|Hydro Pump|p2b: Flutter Mane|[miss]\n|-miss|p1a: Pelipper|p2b: Flutter Mane\n|\n|upkeep\n|\n|t:|1698565129\n|switch|p2a: Empoleon|Empoleon, F|100\/100\n|turn|9\n|inactive|Battle timer is ON: inactive players will automatically lose when time's up. (requested by Cuty flam)\n|\n|t:|1698565147\n|-terastallize|p2a: Empoleon|Water\n|move|p2b: Flutter Mane|Moonblast|p1b: Poliwrath\n|-supereffective|p1b: Poliwrath\n|-crit|p1b: Poliwrath\n|-damage|p1b: Poliwrath|0 fnt\n|faint|p1b: Poliwrath\n|move|p2a: Empoleon|Agility|p2a: Empoleon\n|-boost|p2a: Empoleon|spe|2\n|move|p1a: Pelipper|Hydro Pump|p2b: Flutter Mane\n|-damage|p2b: Flutter Mane|0 fnt\n|faint|p2b: Flutter Mane\n|-end|p2b: Flutter Mane|Protosynthesis|[silent]\n|\n|upkeep\n|\n|t:|1698565167\n|switch|p2b: Bisharp|Bisharp, F|32\/100 par\n|switch|p1b: Zapdos|Zapdos|36\/100\n|-ability|p1b: Zapdos|Pressure\n|turn|10\n|\n|t:|1698565186\n|move|p2a: Empoleon|Flash Cannon|p1b: Zapdos\n|-resisted|p1b: Zapdos\n|-damage|p1b: Zapdos|7\/100\n|-damage|p2a: Empoleon|91\/100|[from] item: Life Orb\n|move|p1b: Zapdos|Thunderbolt|p2a: Empoleon\n|-supereffective|p2a: Empoleon\n|-damage|p2a: Empoleon|0 fnt\n|faint|p2a: Empoleon\n|move|p1a: Pelipper|Hydro Pump|p2b: Bisharp|[miss]\n|-miss|p1a: Pelipper|p2b: Bisharp\n|move|p2b: Bisharp|Night Slash|p1a: Pelipper\n|-damage|p1a: Pelipper|25\/100\n|\n|upkeep\n|\n|t:|1698565193\n|switch|p2a: Roaring Moon|Roaring Moon|100\/100\n|-enditem|p2a: Roaring Moon|Booster Energy\n|-activate|p2a: Roaring Moon|ability: Protosynthesis|[fromitem]\n|-start|p2a: Roaring Moon|protosynthesisatk\n|turn|11\n|inactive|MiloticFanboi has 120 seconds left.\n|\n|t:|1698565234\n|move|p2a: Roaring Moon|Dragon Claw|p1b: Zapdos\n|-damage|p1b: Zapdos|0 fnt\n|faint|p1b: Zapdos\n|move|p1a: Pelipper|Hydro Pump|p2a: Roaring Moon\n|-resisted|p2a: Roaring Moon\n|-damage|p2a: Roaring Moon|67\/100\n|move|p2b: Bisharp|Iron Head|p1a: Pelipper\n|-resisted|p1a: Pelipper\n|-damage|p1a: Pelipper|1\/100\n|\n|upkeep\n|\n|t:|1698565252\n|switch|p1b: Lumineon|Lumineon, F, shiny|100\/100\n|turn|12\n|inactive|MiloticFanboi has 120 seconds left.\n|\n|t:|1698565266\n|move|p2a: Roaring Moon|Dragon Claw|p1b: Lumineon\n|-damage|p1b: Lumineon|0 fnt\n|faint|p1b: Lumineon\n|move|p1a: Pelipper|Tailwind|p1a: Pelipper\n|-sidestart|p1: MiloticFanboi|move: Tailwind\n|move|p2b: Bisharp|Night Slash|p1a: Pelipper\n|-damage|p1a: Pelipper|0 fnt\n|faint|p1a: Pelipper\n|\n|upkeep\n|\n|t:|1698565281\n|switch|p1b: Oricorio|Oricorio-Pa'u, M|100\/100\n|switch|p1a: Frosmoth|Frosmoth, F|62\/100\n|turn|13\n|inactive|MiloticFanboi has 120 seconds left.\n|\n|t:|1698565301\n|move|p1b: Oricorio|Hurricane|p2b: Bisharp\n|-resisted|p2b: Bisharp\n|-damage|p2b: Bisharp|10\/100 par\n|move|p1a: Frosmoth|Blizzard|p2b: Bisharp|[spread] p2a,p2b\n|-supereffective|p2a: Roaring Moon\n|-crit|p2a: Roaring Moon\n|-resisted|p2b: Bisharp\n|-damage|p2a: Roaring Moon|0 fnt\n|-damage|p2b: Bisharp|0 fnt\n|faint|p2a: Roaring Moon\n|-end|p2a: Roaring Moon|Protosynthesis|[silent]\n|faint|p2b: Bisharp\n|\n|upkeep\n|\n|t:|1698565308\n|switch|p2b: Palafin|Palafin-Hero, F|100\/100\n|-activate|p2b: Palafin|ability: Zero to Hero\n|turn|14\n|-activate|p1a: Frosmoth|item: Quick Claw\n|\n|t:|1698565322\n|move|p1a: Frosmoth|Stun Spore|p2b: Palafin|[miss]\n|-miss|p1a: Frosmoth|p2b: Palafin\n|move|p1b: Oricorio|Quiver Dance|p1b: Oricorio\n|-boost|p1b: Oricorio|spa|1\n|-boost|p1b: Oricorio|spd|1\n|-boost|p1b: Oricorio|spe|1\n|move|p2b: Palafin|Ice Punch|p1b: Oricorio\n|-supereffective|p1b: Oricorio\n|-enditem|p1b: Oricorio|Focus Sash\n|-damage|p1b: Oricorio|1\/100\n|\n|upkeep\n|turn|15\n|\n|t:|1698565340\n|move|p1b: Oricorio|Revelation Dance|p2b: Palafin\n|-damage|p2b: Palafin|23\/100\n|move|p1a: Frosmoth|Quiver Dance|p1a: Frosmoth\n|-boost|p1a: Frosmoth|spa|1\n|-boost|p1a: Frosmoth|spd|1\n|-boost|p1a: Frosmoth|spe|1\n|-activate|p1b: Oricorio|ability: Dancer\n|move|p1b: Oricorio|Quiver Dance|p1b: Oricorio|[from]ability: Dancer\n|-boost|p1b: Oricorio|spa|1\n|-boost|p1b: Oricorio|spd|1\n|-boost|p1b: Oricorio|spe|1\n|move|p2b: Palafin|Flip Turn|p1b: Oricorio\n|-damage|p1b: Oricorio|0 fnt\n|faint|p1b: Oricorio\n|\n|-sideend|p1: MiloticFanboi|move: Tailwind\n|upkeep\n|turn|16\n|\n|t:|1698565363\n|move|p1a: Frosmoth|Blizzard|p2b: Palafin|[miss]\n|-miss|p1a: Frosmoth|p2b: Palafin\n|move|p2b: Palafin|Close Combat|p1a: Frosmoth\n|-damage|p1a: Frosmoth|0 fnt\n|-unboost|p2b: Palafin|def|1\n|-unboost|p2b: Palafin|spd|1\n|faint|p1a: Frosmoth\n|\n|win|Cuty flam\n|raw|MiloticFanboi's rating: 1000 &rarr; <strong>1000<\/strong><br \/>(+0 for losing)\n|raw|Cuty flam's rating: 1026 &rarr; <strong>1059<\/strong><br \/>(+33 for winning)\n","uploadtime":1698565375,"views":27,"p1id":"miloticfanboi","p2id":"cutyflam","formatid":"gen9doublesou","rating":1000,"private":0,"password":""}