{"id":"gen9doublesou-1989869858","p1":"yescaman","p2":"Silverrey","format":"[Gen 9] Doubles OU","log":"|j|\u2606yescaman\n|j|\u2606Silverrey\n|t:|1699902568\n|gametype|doubles\n|player|p1|yescaman|chuck|1162\n|player|p2|Silverrey|acetrainer-gen4|1302\n|teamsize|p1|6\n|teamsize|p2|6\n|gen|9\n|tier|[Gen 9] Doubles OU\n|rated|\n|rule|Species Clause: Limit one of each Pok\u00e9mon\n|rule|OHKO Clause: OHKO moves are banned\n|rule|Evasion Moves Clause: Evasion moves are banned\n|rule|Gravity Sleep Clause: The combination of sleep-inducing moves with imperfect accuracy and Gravity or Gigantamax Orbeetle are banned\n|rule|Endless Battle Clause: Forcing endless battles is banned\n|rule|HP Percentage Mod: HP is shown in percentages\n|clearpoke\n|poke|p1|Shiftry, F|\n|poke|p1|Murkrow, M|\n|poke|p1|Rillaboom, M|\n|poke|p1|Gliscor, F|\n|poke|p1|Goodra-Hisui, M|\n|poke|p1|Flutter Mane|\n|poke|p2|Garganacl, M|\n|poke|p2|Tyranitar, F|\n|poke|p2|Pincurchin, M|\n|poke|p2|Regieleki|\n|poke|p2|Ting-Lu|\n|poke|p2|Typhlosion-Hisui, M|\n|teampreview\n|inactive|Battle timer is ON: inactive players will automatically lose when time's up. (requested by Silverrey)\n|\n|t:|1699902577\n|start\n|switch|p1a: Shiftry|Shiftry, F|100\/100\n|switch|p1b: Murkrow|Murkrow, M|100\/100\n|switch|p2a: Pincurchin|Pincurchin, M|100\/100\n|switch|p2b: Ting-Lu|Ting-Lu|100\/100\n|-ability|p2b: Ting-Lu|Vessel of Ruin\n|-fieldstart|move: Electric Terrain|[from] ability: Electric Surge|[of] p2a: Pincurchin\n|-item|p2a: Pincurchin|Air Balloon\n|turn|1\n|\n|t:|1699902592\n|move|p1a: Shiftry|Fake Out|p2a: Pincurchin\n|-damage|p2a: Pincurchin|85\/100\n|-enditem|p2a: Pincurchin|Air Balloon\n|move|p1b: Murkrow|Tailwind|p1b: Murkrow\n|-sidestart|p1: yescaman|move: Tailwind\n|-ability|p1a: Shiftry|Wind Rider|boost\n|-boost|p1a: Shiftry|atk|1\n|move|p2b: Ting-Lu|Stealth Rock|p1a: Shiftry\n|-sidestart|p1: yescaman|move: Stealth Rock\n|cant|p2a: Pincurchin|flinch\n|\n|upkeep\n|turn|2\n|\n|t:|1699902612\n|move|p1b: Murkrow|Taunt|p2a: Pincurchin\n|-start|p2a: Pincurchin|move: Taunt\n|move|p1a: Shiftry|Leaf Blade|p2b: Ting-Lu\n|-supereffective|p2b: Ting-Lu\n|-damage|p2b: Ting-Lu|51\/100\n|move|p2b: Ting-Lu|Spikes|p1a: Shiftry\n|-sidestart|p1: yescaman|Spikes\n|move|p2a: Pincurchin|Poison Jab|p1a: Shiftry\n|-supereffective|p1a: Shiftry\n|-damage|p1a: Shiftry|19\/100\n|\n|-heal|p2b: Ting-Lu|57\/100|[from] item: Leftovers\n|upkeep\n|turn|3\n|\n|t:|1699902633\n|move|p2a: Pincurchin|Sucker Punch|p1a: Shiftry\n|-resisted|p1a: Shiftry\n|-damage|p1a: Shiftry|1\/100\n|move|p1a: Shiftry|Leaf Blade|p2a: Pincurchin\n|-damage|p2a: Pincurchin|12\/100\n|move|p1b: Murkrow|U-turn|p2a: Pincurchin\n|-damage|p2a: Pincurchin|0 fnt\n|faint|p2a: Pincurchin\n|\n|t:|1699902639\n|switch|p1b: Rillaboom|Rillaboom, M|100\/100|[from] U-turn\n|-damage|p1b: Rillaboom|88\/100|[from] Stealth Rock\n|-damage|p1b: Rillaboom|76\/100|[from] Spikes\n|-fieldstart|move: Grassy Terrain|[from] ability: Grassy Surge|[of] p1b: Rillaboom\n|-enditem|p1b: Rillaboom|Grassy Seed\n|-boost|p1b: Rillaboom|def|1|[from] item: Grassy Seed\n|move|p2b: Ting-Lu|Spikes|p1a: Shiftry\n|-sidestart|p1: yescaman|Spikes\n|\n|-heal|p1b: Rillaboom|82\/100|[from] Grassy Terrain\n|-heal|p1a: Shiftry|7\/100|[from] Grassy Terrain\n|-heal|p2b: Ting-Lu|64\/100|[from] Grassy Terrain\n|-heal|p2b: Ting-Lu|70\/100|[from] item: Leftovers\n|upkeep\n|\n|t:|1699902647\n|switch|p2a: Tyranitar|Tyranitar, F|100\/100\n|-weather|Sandstorm|[from] ability: Sand Stream|[of] p2a: Tyranitar\n|turn|4\n|\n|t:|1699902666\n|-terastallize|p2a: Tyranitar|Rock\n|move|p1b: Rillaboom|Grassy Glide|p2b: Ting-Lu\n|-supereffective|p2b: Ting-Lu\n|-damage|p2b: Ting-Lu|39\/100\n|move|p1a: Shiftry|Leaf Blade|p2a: Tyranitar\n|-supereffective|p2a: Tyranitar\n|-damage|p2a: Tyranitar|0 fnt\n|faint|p2a: Tyranitar\n|move|p2b: Ting-Lu|Whirlwind|p1b: Rillaboom\n|drag|p1b: Flutter Mane|Flutter Mane|100\/100\n|-damage|p1b: Flutter Mane|88\/100|[from] Stealth Rock\n|-damage|p1b: Flutter Mane|72\/100|[from] Spikes\n|\n|-weather|Sandstorm|[upkeep]\n|-damage|p1b: Flutter Mane|66\/100|[from] Sandstorm\n|-damage|p1a: Shiftry|1\/100|[from] Sandstorm\n|-heal|p1b: Flutter Mane|72\/100|[from] Grassy Terrain\n|-heal|p1a: Shiftry|7\/100|[from] Grassy Terrain\n|-heal|p2b: Ting-Lu|46\/100|[from] Grassy Terrain\n|-heal|p2b: Ting-Lu|52\/100|[from] item: Leftovers\n|-sideend|p1: yescaman|move: Tailwind\n|upkeep\n|\n|t:|1699902671\n|switch|p2a: Typhlosion|Typhlosion-Hisui, M|100\/100\n|-item|p1a: Shiftry|Assault Vest|[from] ability: Frisk|[of] p2a: Typhlosion|[identify]\n|-item|p1b: Flutter Mane|Choice Scarf|[from] ability: Frisk|[of] p2a: Typhlosion|[identify]\n|turn|5\n|\n|t:|1699902686\n|move|p1b: Flutter Mane|Moonblast|p2b: Ting-Lu\n|-supereffective|p2b: Ting-Lu\n|-damage|p2b: Ting-Lu|0 fnt\n|faint|p2b: Ting-Lu\n|move|p2a: Typhlosion|Eruption|p1a: Shiftry|[spread] p1a,p1b\n|-supereffective|p1a: Shiftry\n|-damage|p1a: Shiftry|0 fnt\n|-damage|p1b: Flutter Mane|14\/100\n|faint|p1a: Shiftry\n|\n|-weather|Sandstorm|[upkeep]\n|-damage|p1b: Flutter Mane|8\/100|[from] Sandstorm\n|-damage|p2a: Typhlosion|95\/100|[from] Sandstorm\n|-heal|p1b: Flutter Mane|14\/100|[from] Grassy Terrain\n|-heal|p2a: Typhlosion|100\/100|[from] Grassy Terrain\n|upkeep\n|inactive|Silverrey has 120 seconds left.\n|\n|t:|1699902738\n|switch|p1a: Murkrow|Murkrow, M|100\/100\n|switch|p2b: Regieleki|Regieleki|100\/100\n|-damage|p1a: Murkrow|75\/100|[from] Stealth Rock\n|turn|6\n|\n|t:|1699902744\n|move|p1a: Murkrow|Tailwind|p1a: Murkrow\n|-sidestart|p1: yescaman|move: Tailwind\n|move|p1b: Flutter Mane|Moonblast|p2b: Regieleki\n|-damage|p2b: Regieleki|0 fnt\n|faint|p2b: Regieleki\n|move|p2a: Typhlosion|Eruption|p1b: Flutter Mane|[spread] p1a,p1b\n|-damage|p1a: Murkrow|18\/100\n|-damage|p1b: Flutter Mane|0 fnt\n|faint|p1b: Flutter Mane\n|-end|p1b: Flutter Mane|Protosynthesis|[silent]\n|\n|-weather|Sandstorm|[upkeep]\n|-damage|p2a: Typhlosion|95\/100|[from] Sandstorm\n|-damage|p1a: Murkrow|12\/100|[from] Sandstorm\n|-heal|p2a: Typhlosion|100\/100|[from] Grassy Terrain\n|upkeep\n|\n|t:|1699902766\n|switch|p2b: Garganacl|Garganacl, M|100\/100\n|switch|p1b: Rillaboom|Rillaboom, M|82\/100\n|-damage|p1b: Rillaboom|70\/100|[from] Stealth Rock\n|-damage|p1b: Rillaboom|53\/100|[from] Spikes\n|turn|7\n|\n|t:|1699902777\n|move|p1a: Murkrow|Taunt|p2b: Garganacl\n|-start|p2b: Garganacl|move: Taunt\n|move|p1b: Rillaboom|Acrobatics|p2a: Typhlosion\n|-crit|p2a: Typhlosion\n|-damage|p2a: Typhlosion|16\/100\n|move|p2a: Typhlosion|Eruption|p1a: Murkrow|[spread] p1a,p1b\n|-supereffective|p1b: Rillaboom\n|-damage|p1a: Murkrow|4\/100\n|-damage|p1b: Rillaboom|32\/100\n|cant|p2b: Garganacl|move: Taunt|Curse\n|\n|-weather|Sandstorm|[upkeep]\n|-damage|p1b: Rillaboom|26\/100|[from] Sandstorm\n|-damage|p2a: Typhlosion|10\/100|[from] Sandstorm\n|-damage|p1a: Murkrow|0 fnt|[from] Sandstorm\n|faint|p1a: Murkrow\n|-heal|p1b: Rillaboom|32\/100|[from] Grassy Terrain\n|-heal|p2a: Typhlosion|16\/100|[from] Grassy Terrain\n|-fieldend|move: Grassy Terrain\n|upkeep\n|\n|t:|1699902794\n|switch|p1a: Goodra|Goodra-Hisui, M|100\/100\n|-damage|p1a: Goodra|94\/100|[from] Stealth Rock\n|-damage|p1a: Goodra|78\/100|[from] Spikes\n|turn|8\n|\n|t:|1699902808\n|move|p1b: Rillaboom|Acrobatics|p2a: Typhlosion\n|-damage|p2a: Typhlosion|0 fnt\n|faint|p2a: Typhlosion\n|move|p1a: Goodra|Shelter|p1a: Goodra\n|-boost|p1a: Goodra|def|2\n|move|p2b: Garganacl|Salt Cure|p1a: Goodra\n|-resisted|p1a: Goodra\n|-damage|p1a: Goodra|75\/100\n|-start|p1a: Goodra|Salt Cure\n|\n|-weather|none\n|-damage|p1a: Goodra|50\/100|[from] Salt Cure\n|upkeep\n|turn|9\n|\n|t:|1699902818\n|move|p1b: Rillaboom|U-turn|p2b: Garganacl\n|-damage|p2b: Garganacl|87\/100\n|-damage|p1b: Rillaboom|15\/100|[from] item: Rocky Helmet|[of] p2b: Garganacl\n|\n|t:|1699902821\n|switch|p1b: Gliscor|Gliscor, F|100\/100|[from] U-turn\n|-damage|p1b: Gliscor|88\/100|[from] Stealth Rock\n|move|p1a: Goodra|Body Press|p2b: Garganacl\n|-supereffective|p2b: Garganacl\n|-damage|p2b: Garganacl|48\/100\n|-damage|p1a: Goodra|34\/100|[from] item: Rocky Helmet|[of] p2b: Garganacl\n|move|p2b: Garganacl|Salt Cure|p1b: Gliscor\n|-damage|p1b: Gliscor|78\/100\n|-start|p1b: Gliscor|Salt Cure\n|\n|-damage|p1b: Gliscor|65\/100|[from] Salt Cure\n|-damage|p1a: Goodra|9\/100|[from] Salt Cure\n|-end|p2b: Garganacl|move: Taunt\n|-sideend|p1: yescaman|move: Tailwind\n|-status|p1b: Gliscor|tox|[from] item: Toxic Orb\n|upkeep\n|turn|10\n|\n|t:|1699902832\n|move|p1b: Gliscor|Toxic|p2b: Garganacl\n|-immune|p2b: Garganacl|[from] ability: Purifying Salt\n|move|p1a: Goodra|Rest|p1a: Goodra\n|-status|p1a: Goodra|slp|[from] move: Rest\n|-heal|p1a: Goodra|100\/100 slp|[silent]\n|-enditem|p1a: Goodra|Chesto Berry|[eat]\n|-curestatus|p1a: Goodra|slp|[msg]\n|move|p2b: Garganacl|Recover|p2b: Garganacl\n|-heal|p2b: Garganacl|98\/100\n|\n|-heal|p1b: Gliscor|78\/100 tox|[from] ability: Poison Heal\n|-damage|p1b: Gliscor|65\/100 tox|[from] Salt Cure\n|-damage|p1a: Goodra|76\/100|[from] Salt Cure\n|upkeep\n|turn|11\n|\n|t:|1699902841\n|move|p1b: Gliscor|Swords Dance|p1b: Gliscor\n|-boost|p1b: Gliscor|atk|2\n|move|p1a: Goodra|Shelter|p1a: Goodra\n|-boost|p1a: Goodra|def|2\n|move|p2b: Garganacl|Curse|p2b: Garganacl\n|-unboost|p2b: Garganacl|spe|1\n|-boost|p2b: Garganacl|atk|1\n|-boost|p2b: Garganacl|def|1\n|\n|-heal|p1b: Gliscor|78\/100 tox|[from] ability: Poison Heal\n|-damage|p1b: Gliscor|65\/100 tox|[from] Salt Cure\n|-damage|p1a: Goodra|51\/100|[from] Salt Cure\n|upkeep\n|turn|12\n|\n|t:|1699902849\n|move|p1b: Gliscor|Dual Wingbeat|p2b: Garganacl\n|-resisted|p2b: Garganacl\n|-damage|p2b: Garganacl|94\/100\n|-damage|p1b: Gliscor|49\/100 tox|[from] item: Rocky Helmet|[of] p2b: Garganacl\n|-resisted|p2b: Garganacl\n|-damage|p2b: Garganacl|89\/100\n|-damage|p1b: Gliscor|32\/100 tox|[from] item: Rocky Helmet|[of] p2b: Garganacl\n|-hitcount|p2b: Garganacl|2\n|move|p1a: Goodra|Body Press|p2b: Garganacl\n|-supereffective|p2b: Garganacl\n|-damage|p2b: Garganacl|47\/100\n|-damage|p1a: Goodra|34\/100|[from] item: Rocky Helmet|[of] p2b: Garganacl\n|move|p2b: Garganacl|Curse|p2b: Garganacl\n|-unboost|p2b: Garganacl|spe|1\n|-boost|p2b: Garganacl|atk|1\n|-boost|p2b: Garganacl|def|1\n|\n|-heal|p1b: Gliscor|45\/100 tox|[from] ability: Poison Heal\n|-damage|p1b: Gliscor|32\/100 tox|[from] Salt Cure\n|-damage|p1a: Goodra|9\/100|[from] Salt Cure\n|upkeep\n|turn|13\n|\n|t:|1699902856\n|move|p1b: Gliscor|Dual Wingbeat|p2b: Garganacl\n|-resisted|p2b: Garganacl\n|-damage|p2b: Garganacl|44\/100\n|-damage|p1b: Gliscor|15\/100 tox|[from] item: Rocky Helmet|[of] p2b: Garganacl\n|-resisted|p2b: Garganacl\n|-damage|p2b: Garganacl|40\/100\n|-damage|p1b: Gliscor|0 fnt|[from] item: Rocky Helmet|[of] p2b: Garganacl\n|faint|p1b: Gliscor\n|-hitcount|p2b: Garganacl|2\n|move|p1a: Goodra|Body Press|p2b: Garganacl\n|-supereffective|p2b: Garganacl\n|-damage|p2b: Garganacl|7\/100\n|-damage|p1a: Goodra|0 fnt|[from] item: Rocky Helmet|[of] p2b: Garganacl\n|faint|p1a: Goodra\n|move|p2b: Garganacl|Recover|p2b: Garganacl\n|-heal|p2b: Garganacl|57\/100\n|\n|upkeep\n|\n|t:|1699902871\n|switch|p1a: Rillaboom|Rillaboom, M|15\/100\n|-damage|p1a: Rillaboom|3\/100|[from] Stealth Rock\n|-damage|p1a: Rillaboom|0 fnt|[from] Spikes\n|faint|p1a: Rillaboom\n|\n|win|Silverrey\n|raw|yescaman's rating: 1162 &rarr; <strong>1147<\/strong><br \/>(-15 for losing)\n|raw|Silverrey's rating: 1302 &rarr; <strong>1314<\/strong><br \/>(+12 for winning)\n|c|\u2606yescaman|Gg\n|c|\u2606Silverrey|gg\n","uploadtime":1699902888,"views":9,"p1id":"yescaman","p2id":"silverrey","formatid":"gen9doublesou","rating":1147,"private":0,"password":""}