{"id":"gen9doublesou-1994538475","p1":"daily tar heel","p2":"kataia","format":"[Gen 9] Doubles OU","log":"|j|\u2606daily tar heel\n|j|\u2606kataia\n|t:|1700456449\n|gametype|doubles\n|player|p1|daily tar heel|schoolkid|1125\n|player|p2|kataia|unknown|1007\n|teamsize|p1|6\n|teamsize|p2|6\n|gen|9\n|tier|[Gen 9] Doubles OU\n|rated|\n|rule|Species Clause: Limit one of each Pok\u00e9mon\n|rule|OHKO Clause: OHKO moves are banned\n|rule|Evasion Moves Clause: Evasion moves are banned\n|rule|Gravity Sleep Clause: The combination of sleep-inducing moves with imperfect accuracy and Gravity or Gigantamax Orbeetle are banned\n|rule|Endless Battle Clause: Forcing endless battles is banned\n|rule|HP Percentage Mod: HP is shown in percentages\n|clearpoke\n|poke|p1|Spectrier|\n|poke|p1|Talonflame, M|\n|poke|p1|Baxcalibur, M|\n|poke|p1|Milotic, M|\n|poke|p1|Gliscor, M|\n|poke|p1|Shiftry, M|\n|poke|p2|Lurantis, F|\n|poke|p2|Politoed, M|\n|poke|p2|Clefable, F|\n|poke|p2|Milotic, F|\n|poke|p2|Ninetales-Alola, F|\n|poke|p2|Delphox, F|\n|teampreview\n|\n|t:|1700456468\n|start\n|switch|p1a: Talonflame|Talonflame, M|100\/100\n|switch|p1b: snek|Milotic, M, shiny|100\/100\n|switch|p2a: Delphox|Delphox, F, shiny|100\/100\n|switch|p2b: Lurantis|Lurantis, F|100\/100\n|turn|1\n|inactive|Battle timer is ON: inactive players will automatically lose when time's up. (requested by daily tar heel)\n|\n|t:|1700456510\n|-terastallize|p2b: Lurantis|Steel\n|move|p1a: Talonflame|Tailwind|p1a: Talonflame\n|-sidestart|p1: daily tar heel|move: Tailwind\n|move|p1b: snek|Flip Turn|p2a: Delphox\n|-supereffective|p2a: Delphox\n|-damage|p2a: Delphox|63\/100\n|\n|t:|1700456522\n|switch|p1b: tree|Shiftry, M|100\/100|[from] Flip Turn\n|-ability|p1b: tree|Wind Rider|boost\n|-boost|p1b: tree|atk|1\n|move|p2b: Lurantis|Leaf Storm|p1a: Talonflame\n|-resisted|p1a: Talonflame\n|-damage|p1a: Talonflame|87\/100\n|-boost|p2b: Lurantis|spa|2\n|move|p2a: Delphox|Trick Room|p2a: Delphox\n|-fieldstart|move: Trick Room|[of] p2a: Delphox\n|\n|upkeep\n|turn|2\n|\n|t:|1700456550\n|move|p1b: tree|Sucker Punch|p2a: Delphox\n|-supereffective|p2a: Delphox\n|-damage|p2a: Delphox|0 fnt\n|faint|p2a: Delphox\n|move|p2b: Lurantis|Superpower|p1b: tree\n|-supereffective|p1b: tree\n|-damage|p1b: tree|17\/100\n|-boost|p2b: Lurantis|atk|1\n|-boost|p2b: Lurantis|def|1\n|move|p1a: Talonflame|Heat Wave|p2b: Lurantis\n|-supereffective|p2b: Lurantis\n|-crit|p2b: Lurantis\n|-damage|p2b: Lurantis|24\/100\n|\n|-heal|p2b: Lurantis|30\/100|[from] item: Leftovers\n|upkeep\n|inactive|kataia has 120 seconds left.\n|\n|t:|1700456577\n|switch|p2a: Ms.Teacher|Clefable, F|100\/100\n|turn|3\n|inactive|kataia has 120 seconds left.\n|\n|t:|1700456601\n|move|p1b: tree|Sucker Punch|p2b: Lurantis\n|-damage|p2b: Lurantis|0 fnt\n|faint|p2b: Lurantis\n|move|p2a: Ms.Teacher|Thunder|p1a: Talonflame|[miss]\n|-miss|p2a: Ms.Teacher|p1a: Talonflame\n|move|p1a: Talonflame|Taunt|p2a: Ms.Teacher\n|-start|p2a: Ms.Teacher|move: Taunt\n|\n|upkeep\n|\n|t:|1700456612\n|switch|p2b: Baby Blue|Politoed, M, shiny|100\/100\n|-weather|RainDance|[from] ability: Drizzle|[of] p2b: Baby Blue\n|turn|4\n|inactive|daily tar heel has 120 seconds left.\n|\n|t:|1700456652\n|switch|p1b: ooga booga|Baxcalibur, M|100\/100\n|switch|p1a: snek|Milotic, M, shiny|100\/100\n|move|p2a: Ms.Teacher|Draining Kiss|p1b: ooga booga\n|-supereffective|p1b: ooga booga\n|-damage|p1b: ooga booga|53\/100\n|move|p2b: Baby Blue|Muddy Water|p1a: snek|[spread] p1b\n|-miss|p2b: Baby Blue|p1a: snek\n|-resisted|p1b: ooga booga\n|-damage|p1b: ooga booga|34\/100\n|\n|-weather|RainDance|[upkeep]\n|-sideend|p1: daily tar heel|move: Tailwind\n|-status|p1a: snek|brn|[from] item: Flame Orb\n|upkeep\n|turn|5\n|inactive|daily tar heel has 120 seconds left.\n|\n|t:|1700456688\n|move|p2a: Ms.Teacher|Thunder|p1a: snek\n|-supereffective|p1a: snek\n|-damage|p1a: snek|56\/100 brn\n|move|p2b: Baby Blue|Icy Wind|p1a: snek|[spread] p1a,p1b\n|-resisted|p1a: snek\n|-damage|p1a: snek|53\/100 brn\n|-damage|p1b: ooga booga|24\/100\n|-unboost|p1a: snek|spe|1\n|-unboost|p1b: ooga booga|spe|1\n|move|p1a: snek|Flip Turn|p2a: Ms.Teacher\n|-damage|p2a: Ms.Teacher|91\/100\n|inactive|daily tar heel has 90 seconds left.\n|\n|t:|1700456706\n|switch|p1a: ghost horse|Spectrier|100\/100|[from] Flip Turn\n|move|p1b: ooga booga|Scale Shot|p2b: Baby Blue\n|-damage|p2b: Baby Blue|87\/100\n|-damage|p2b: Baby Blue|75\/100\n|-damage|p2b: Baby Blue|62\/100\n|-damage|p2b: Baby Blue|49\/100\n|-damage|p2b: Baby Blue|37\/100\n|-hitcount|p2b: Baby Blue|5\n|-unboost|p1b: ooga booga|def|1\n|-boost|p1b: ooga booga|spe|1\n|\n|-weather|RainDance|[upkeep]\n|-heal|p2b: Baby Blue|43\/100|[from] item: Leftovers\n|-fieldend|move: Trick Room\n|upkeep\n|turn|6\n|inactive|daily tar heel has 90 seconds left.\n|\n|t:|1700456742\n|switch|p2b: Jadis|Ninetales-Alola, F, shiny|100\/100\n|-weather|Snow|[from] ability: Snow Warning|[of] p2b: Jadis\n|move|p1a: ghost horse|Nasty Plot|p1a: ghost horse\n|-boost|p1a: ghost horse|spa|2\n|move|p1b: ooga booga|Icicle Spear|p2a: Ms.Teacher\n|-damage|p2a: Ms.Teacher|77\/100\n|-damage|p2a: Ms.Teacher|63\/100\n|-damage|p2a: Ms.Teacher|48\/100\n|-damage|p2a: Ms.Teacher|34\/100\n|-damage|p2a: Ms.Teacher|20\/100\n|-hitcount|p2a: Ms.Teacher|5\n|move|p2a: Ms.Teacher|Blizzard|p1b: ooga booga|[spread] p1a,p1b\n|-damage|p1a: ghost horse|72\/100\n|-damage|p1b: ooga booga|0 fnt\n|faint|p1b: ooga booga\n|\n|-weather|Snow|[upkeep]\n|-end|p2a: Ms.Teacher|move: Taunt\n|upkeep\n|\n|t:|1700456763\n|switch|p1b: Talonflame|Talonflame, M|87\/100\n|turn|7\n|\n|t:|1700456782\n|switch|p2a: Milotic|Milotic, F, shiny|100\/100\n|move|p1a: ghost horse|Shadow Ball|p2a: Milotic\n|-damage|p2a: Milotic|19\/100\n|move|p1b: Talonflame|Taunt|p2b: Jadis\n|-start|p2b: Jadis|move: Taunt\n|cant|p2b: Jadis|move: Taunt|Aurora Veil\n|\n|-weather|Snow|[upkeep]\n|-heal|p2a: Milotic|25\/100|[from] item: Leftovers\n|upkeep\n|turn|8\n|inactive|daily tar heel has 90 seconds left.\n|\n|t:|1700456803\n|move|p2a: Milotic|Protect|p2a: Milotic\n|-singleturn|p2a: Milotic|Protect\n|move|p1a: ghost horse|Draining Kiss|p2a: Milotic\n|-activate|p2a: Milotic|move: Protect\n|move|p1b: Talonflame|Heat Wave|p2b: Jadis|[spread] p2b\n|-activate|p2a: Milotic|move: Protect\n|-supereffective|p2b: Jadis\n|-damage|p2b: Jadis|58\/100\n|move|p2b: Jadis|Blizzard|p1b: Talonflame|[spread] p1a,p1b\n|-damage|p1a: ghost horse|35\/100\n|-damage|p1b: Talonflame|50\/100\n|\n|-weather|Snow|[upkeep]\n|-heal|p2a: Milotic|31\/100|[from] item: Leftovers\n|upkeep\n|turn|9\n|inactive|daily tar heel has 90 seconds left.\n|\n|t:|1700456843\n|move|p1a: ghost horse|Draining Kiss|p2a: Milotic\n|-damage|p2a: Milotic|0 fnt\n|-heal|p1a: ghost horse|58\/100|[from] drain|[of] p2a: Milotic\n|faint|p2a: Milotic\n|-ability|p1a: ghost horse|Grim Neigh|boost\n|-boost|p1a: ghost horse|spa|1\n|move|p1b: Talonflame|Heat Wave|p2b: Jadis\n|-supereffective|p2b: Jadis\n|-damage|p2b: Jadis|0 fnt\n|faint|p2b: Jadis\n|\n|-weather|Snow|[upkeep]\n|upkeep\n|inactive|kataia has 120 seconds left.\n|-message|kataia forfeited.\n|\n|win|daily tar heel\n|raw|daily tar heel's rating: 1125 &rarr; <strong>1142<\/strong><br \/>(+17 for winning)\n|raw|kataia's rating: 1007 &rarr; <strong>1000<\/strong><br \/>(-7 for losing)\n|l|\u2606kataia\n","uploadtime":1700456871,"views":6,"p1id":"dailytarheel","p2id":"kataia","formatid":"gen9doublesou","rating":1000,"private":0,"password":""}