{"id":"gen9doublesou-1973126161","p1":"Zelorkwad","p2":"AntonyJ0666","format":"[Gen 9] Doubles OU","log":"|j|\u2606Zelorkwad\n|j|\u2606AntonyJ0666\n|t:|1697930547\n|gametype|doubles\n|player|p1|Zelorkwad|cameraman|1259\n|player|p2|AntonyJ0666|cynthia|1188\n|teamsize|p1|6\n|teamsize|p2|6\n|gen|9\n|tier|[Gen 9] Doubles OU\n|rated|\n|rule|Species Clause: Limit one of each Pok\u00e9mon\n|rule|OHKO Clause: OHKO moves are banned\n|rule|Evasion Moves Clause: Evasion moves are banned\n|rule|Gravity Sleep Clause: The combination of sleep-inducing moves with imperfect accuracy and Gravity or Gigantamax Orbeetle are banned\n|rule|Endless Battle Clause: Forcing endless battles is banned\n|rule|HP Percentage Mod: HP is shown in percentages\n|clearpoke\n|poke|p1|Roaring Moon|\n|poke|p1|Torkoal, M|\n|poke|p1|Pincurchin, F|\n|poke|p1|Iron Moth|\n|poke|p1|Slither Wing|\n|poke|p1|Eelektross, M|\n|poke|p2|Sylveon, M|\n|poke|p2|Oranguru, M|\n|poke|p2|Torkoal, M|\n|poke|p2|Ursaluna, M|\n|poke|p2|Heatran, M|\n|poke|p2|Goodra-Hisui, F|\n|teampreview\n|inactive|Battle timer is ON: inactive players will automatically lose when time's up. (requested by AntonyJ0666)\n|\n|t:|1697930570\n|start\n|switch|p1a: Pincurchin|Pincurchin, F|100\/100\n|switch|p1b: Torkoal|Torkoal, M|100\/100\n|switch|p2a: Ursaluna|Ursaluna, M|100\/100\n|switch|p2b: Oranguru|Oranguru, M|100\/100\n|-weather|SunnyDay|[from] ability: Drought|[of] p1b: Torkoal\n|-fieldstart|move: Electric Terrain|[from] ability: Electric Surge|[of] p1a: Pincurchin\n|turn|1\n|\n|t:|1697930593\n|move|p2a: Ursaluna|Protect|p2a: Ursaluna\n|-singleturn|p2a: Ursaluna|Protect\n|move|p1b: Torkoal|Overheat|p2b: Oranguru\n|-damage|p2b: Oranguru|67\/100\n|-unboost|p1b: Torkoal|spa|2\n|-enditem|p1b: Torkoal|Eject Pack\n|\n|t:|1697930604\n|switch|p1b: Iron Moth|Iron Moth|100\/100\n|-activate|p1b: Iron Moth|ability: Quark Drive\n|-start|p1b: Iron Moth|quarkdrivespa\n|move|p1a: Pincurchin|Zing Zap|p2b: Oranguru\n|-damage|p2b: Oranguru|25\/100\n|move|p2b: Oranguru|Trick Room|p2b: Oranguru\n|-fieldstart|move: Trick Room|[of] p2b: Oranguru\n|\n|-weather|SunnyDay|[upkeep]\n|-status|p2a: Ursaluna|brn|[from] item: Flame Orb\n|upkeep\n|turn|2\n|\n|t:|1697930623\n|-end|p1b: Iron Moth|Quark Drive|[silent]\n|switch|p1b: Eelektross|Eelektross, M|100\/100\n|move|p2b: Oranguru|Protect|p2b: Oranguru\n|-singleturn|p2b: Oranguru|Protect\n|move|p1a: Pincurchin|Zing Zap|p2b: Oranguru\n|-activate|p2b: Oranguru|move: Protect\n|move|p2a: Ursaluna|Headlong Rush|p1b: Eelektross\n|-immune|p1b: Eelektross|[from] ability: Levitate\n|\n|-weather|SunnyDay|[upkeep]\n|-damage|p2a: Ursaluna|94\/100 brn|[from] brn\n|upkeep\n|turn|3\n|\n|t:|1697930643\n|move|p1a: Pincurchin|Zing Zap|p2b: Oranguru\n|-damage|p2b: Oranguru|0 fnt\n|faint|p2b: Oranguru\n|move|p1b: Eelektross|Coil|p1b: Eelektross\n|-boost|p1b: Eelektross|atk|1\n|-boost|p1b: Eelektross|def|1\n|-boost|p1b: Eelektross|accuracy|1\n|move|p2a: Ursaluna|Facade|p1b: Eelektross\n|-damage|p1b: Eelektross|19\/100\n|-enditem|p1b: Eelektross|Iapapa Berry|[eat]\n|-heal|p1b: Eelektross|52\/100|[from] item: Iapapa Berry\n|\n|-weather|SunnyDay|[upkeep]\n|-damage|p2a: Ursaluna|88\/100 brn|[from] brn\n|upkeep\n|\n|t:|1697930662\n|switch|p2b: Torkoal|Torkoal, M|100\/100\n|turn|4\n|\n|t:|1697930672\n|move|p2b: Torkoal|Protect|p2b: Torkoal\n|-singleturn|p2b: Torkoal|Protect\n|move|p1a: Pincurchin|Zing Zap|p2b: Torkoal\n|-activate|p2b: Torkoal|move: Protect\n|move|p1b: Eelektross|Drain Punch|p2a: Ursaluna\n|-supereffective|p2a: Ursaluna\n|-damage|p2a: Ursaluna|43\/100 brn\n|-heal|p1b: Eelektross|80\/100|[from] drain|[of] p2a: Ursaluna\n|move|p2a: Ursaluna|Headlong Rush|p1a: Pincurchin\n|-supereffective|p1a: Pincurchin\n|-damage|p1a: Pincurchin|0 fnt\n|-unboost|p2a: Ursaluna|def|1\n|-unboost|p2a: Ursaluna|spd|1\n|faint|p1a: Pincurchin\n|\n|-weather|SunnyDay|[upkeep]\n|-damage|p2a: Ursaluna|37\/100 brn|[from] brn\n|upkeep\n|\n|t:|1697930685\n|switch|p1a: Slither Wing|Slither Wing|100\/100\n|-activate|p1a: Slither Wing|ability: Protosynthesis\n|-start|p1a: Slither Wing|protosynthesisatk\n|turn|5\n|inactive|Zelorkwad has 120 seconds left.\n|\n|t:|1697930727\n|move|p2a: Ursaluna|Protect|p2a: Ursaluna\n|-singleturn|p2a: Ursaluna|Protect\n|move|p1a: Slither Wing|First Impression|p2a: Ursaluna\n|-activate|p2a: Ursaluna|move: Protect\n|move|p2b: Torkoal|Eruption|p1a: Slither Wing|[spread] p1a,p1b\n|-supereffective|p1a: Slither Wing\n|-damage|p1a: Slither Wing|0 fnt\n|-damage|p1b: Eelektross|36\/100\n|faint|p1a: Slither Wing\n|-end|p1a: Slither Wing|Protosynthesis|[silent]\n|move|p1b: Eelektross|Zap Cannon|p2b: Torkoal\n|-damage|p2b: Torkoal|41\/100\n|-status|p2b: Torkoal|par\n|\n|-weather|none\n|-damage|p2a: Ursaluna|31\/100 brn|[from] brn\n|-fieldend|move: Trick Room\n|upkeep\n|inactive|Zelorkwad has 90 seconds left.\n|\n|t:|1697930752\n|switch|p1a: Roaring Moon|Roaring Moon|100\/100\n|-enditem|p1a: Roaring Moon|Electric Seed\n|-boost|p1a: Roaring Moon|def|1|[from] item: Electric Seed\n|turn|6\n|\n|t:|1697930779\n|switch|p2a: Heatran|Heatran, M|100\/100\n|move|p1a: Roaring Moon|Crunch|p2a: Heatran\n|-damage|p2a: Heatran|66\/100\n|move|p1b: Eelektross|Drain Punch|p2b: Torkoal\n|-damage|p2b: Torkoal|24\/100 par\n|-heal|p1b: Eelektross|44\/100|[from] drain|[of] p2b: Torkoal\n|move|p2b: Torkoal|Lava Plume|p1b: Eelektross|[spread] p1a,p1b\n|-start|p2a: Heatran|ability: Flash Fire\n|-resisted|p1a: Roaring Moon\n|-damage|p1a: Roaring Moon|92\/100\n|-damage|p1b: Eelektross|26\/100\n|-status|p1a: Roaring Moon|brn\n|-status|p1b: Eelektross|brn\n|\n|-damage|p1a: Roaring Moon|86\/100 brn|[from] brn\n|-damage|p1b: Eelektross|20\/100 brn|[from] brn\n|upkeep\n|turn|7\n|inactive|Zelorkwad has 120 seconds left.\n|c|\u2606Zelorkwad|oh\n|c|\u2606Zelorkwad|lol\n|inactive|AntonyJ0666 has 120 seconds left.\n|\n|t:|1697930813\n|move|p1a: Roaring Moon|Crunch|p2a: Heatran\n|-damage|p2a: Heatran|48\/100\n|-unboost|p2a: Heatran|def|1\n|move|p2a: Heatran|Heat Wave|p1b: Eelektross|[spread] p1a,p1b\n|-resisted|p1a: Roaring Moon\n|-damage|p1a: Roaring Moon|48\/100 brn\n|-damage|p1b: Eelektross|0 fnt\n|faint|p1b: Eelektross\n|-damage|p2a: Heatran|39\/100|[from] item: Life Orb\n|move|p2b: Torkoal|Lava Plume|p1a: Roaring Moon|[spread] p1a\n|-immune|p2a: Heatran|[from] ability: Flash Fire\n|-resisted|p1a: Roaring Moon\n|-damage|p1a: Roaring Moon|39\/100 brn\n|\n|-damage|p1a: Roaring Moon|33\/100 brn|[from] brn\n|upkeep\n|\n|t:|1697930821\n|switch|p1b: Iron Moth|Iron Moth|100\/100\n|-activate|p1b: Iron Moth|ability: Quark Drive\n|-start|p1b: Iron Moth|quarkdrivespa\n|turn|8\n|inactive|Zelorkwad has 120 seconds left.\n|\n|t:|1697930853\n|move|p2b: Torkoal|Protect|p2b: Torkoal\n|-singleturn|p2b: Torkoal|Protect\n|move|p1a: Roaring Moon|Crunch|p2a: Heatran\n|-damage|p2a: Heatran|11\/100\n|move|p1b: Iron Moth|Fiery Dance|p2b: Torkoal\n|-activate|p2b: Torkoal|move: Protect\n|move|p2a: Heatran|Earth Power|p1b: Iron Moth\n|-supereffective|p1b: Iron Moth\n|-damage|p1b: Iron Moth|0 fnt\n|faint|p1b: Iron Moth\n|-end|p1b: Iron Moth|Quark Drive|[silent]\n|-damage|p2a: Heatran|2\/100|[from] item: Life Orb\n|\n|-damage|p1a: Roaring Moon|27\/100 brn|[from] brn\n|-fieldend|move: Electric Terrain\n|upkeep\n|\n|t:|1697930855\n|switch|p1b: Torkoal|Torkoal, M|100\/100\n|-weather|SunnyDay|[from] ability: Drought|[of] p1b: Torkoal\n|-activate|p1a: Roaring Moon|ability: Protosynthesis\n|-start|p1a: Roaring Moon|protosynthesisspe\n|turn|9\n|-message|Zelorkwad forfeited.\n|\n|win|AntonyJ0666\n|raw|Zelorkwad's rating: 1259 &rarr; <strong>1229<\/strong><br \/>(-30 for losing)\n|raw|AntonyJ0666's rating: 1188 &rarr; <strong>1218<\/strong><br \/>(+30 for winning)\n|l|\u2606Zelorkwad\n","uploadtime":1697930942,"views":9,"p1id":"zelorkwad","p2id":"antonyj0666","formatid":"gen9doublesou","rating":1218,"private":0,"password":""}