{"id":"gen9doublesou-2000395858","p1":"Brawler206","p2":"Apullo","format":"[Gen 9] Doubles OU","log":"|j|\u2606Brawler206\n|j|\u2606Apullo\n|t:|1701191268\n|gametype|doubles\n|player|p1|Brawler206|marshal|1114\n|player|p2|Apullo|hiker-gen4|1188\n|teamsize|p1|6\n|teamsize|p2|6\n|gen|9\n|tier|[Gen 9] Doubles OU\n|rated|\n|rule|Species Clause: Limit one of each Pok\u00e9mon\n|rule|OHKO Clause: OHKO moves are banned\n|rule|Evasion Moves Clause: Evasion moves are banned\n|rule|Gravity Sleep Clause: The combination of sleep-inducing moves with imperfect accuracy and Gravity or Gigantamax Orbeetle are banned\n|rule|Endless Battle Clause: Forcing endless battles is banned\n|rule|HP Percentage Mod: HP is shown in percentages\n|clearpoke\n|poke|p1|Weavile, M|\n|poke|p1|Gengar, M|\n|poke|p1|Overqwil, F|\n|poke|p1|Politoed, F|\n|poke|p1|Jolteon, F|\n|poke|p1|Bellibolt, M|\n|poke|p2|Sinistcha-Masterpiece|\n|poke|p2|Chien-Pao|\n|poke|p2|Gliscor, F|\n|poke|p2|Heatran, M|\n|poke|p2|Tornadus, M|\n|poke|p2|Indeedee-F, F|\n|teampreview\n|inactive|Battle timer is ON: inactive players will automatically lose when time's up. (requested by Apullo)\n|inactive|Apullo has 120 seconds left.\n|\n|t:|1701191303\n|start\n|switch|p1a: Weavile|Weavile, M|100\/100\n|switch|p1b: Gengar|Gengar, M|100\/100\n|switch|p2a: Tornadus|Tornadus, M|100\/100\n|switch|p2b: Heatran|Heatran, M|100\/100\n|-ability|p1a: Weavile|Pressure\n|-item|p2b: Heatran|Air Balloon\n|turn|1\n|\n|t:|1701191331\n|move|p1a: Weavile|Fake Out|p2a: Tornadus\n|-damage|p2a: Tornadus|85\/100\n|cant|p2a: Tornadus|flinch\n|move|p1b: Gengar|Skill Swap|p2a: Tornadus\n|-activate|p1b: Gengar|move: Skill Swap|Prankster|Cursed Body|[of] p2a: Tornadus\n|move|p2b: Heatran|Flash Cannon|p1a: Weavile\n|-supereffective|p1a: Weavile\n|-enditem|p1a: Weavile|Focus Sash\n|-damage|p1a: Weavile|1\/100\n|\n|upkeep\n|turn|2\n|\n|t:|1701191357\n|move|p2a: Tornadus|Protect|p2a: Tornadus\n|-singleturn|p2a: Tornadus|Protect\n|move|p1b: Gengar|Taunt|p2a: Tornadus\n|-activate|p2a: Tornadus|move: Protect\n|move|p1a: Weavile|Ice Spinner|p2a: Tornadus\n|-activate|p2a: Tornadus|move: Protect\n|move|p2b: Heatran|Lava Plume|p1b: Gengar|[spread] p1a,p1b\n|-activate|p2a: Tornadus|move: Protect\n|-supereffective|p1a: Weavile\n|-crit|p1a: Weavile\n|-damage|p1a: Weavile|0 fnt\n|-damage|p1b: Gengar|51\/100\n|faint|p1a: Weavile\n|\n|upkeep\n|\n|t:|1701191370\n|switch|p1a: Jolteon|Jolteon, F|100\/100\n|turn|3\n|\n|t:|1701191395\n|switch|p2a: Gliscor|Gliscor, F|100\/100\n|move|p1a: Jolteon|Protect|p1a: Jolteon\n|-singleturn|p1a: Jolteon|Protect\n|move|p2b: Heatran|Protect|p2b: Heatran\n|-singleturn|p2b: Heatran|Protect\n|move|p1b: Gengar|Encore|p2b: Heatran\n|-activate|p2b: Heatran|move: Protect\n|\n|-status|p2a: Gliscor|tox|[from] item: Toxic Orb\n|upkeep\n|turn|4\n|\n|t:|1701191417\n|switch|p1a: Politoed|Politoed, F|100\/100\n|-weather|RainDance|[from] ability: Drizzle|[of] p1a: Politoed\n|switch|p2b: Tornadus|Tornadus, M|85\/100\n|move|p1b: Gengar|Encore||[still]\n|-fail|p1b: Gengar\n|move|p2a: Gliscor|Earthquake|p1b: Gengar|[spread] p1a,p1b\n|-immune|p2b: Tornadus\n|-supereffective|p1b: Gengar\n|-damage|p1a: Politoed|64\/100\n|-damage|p1b: Gengar|0 fnt\n|faint|p1b: Gengar\n|\n|-weather|RainDance|[upkeep]\n|upkeep\n|\n|t:|1701191432\n|switch|p1b: Jolteon|Jolteon, F|100\/100\n|turn|5\n|\n|t:|1701191440\n|move|p2b: Tornadus|Tailwind|p2b: Tornadus\n|-sidestart|p2: Apullo|move: Tailwind\n|move|p2a: Gliscor|Substitute|p2a: Gliscor\n|-start|p2a: Gliscor|Substitute\n|-damage|p2a: Gliscor|76\/100 tox\n|move|p1b: Jolteon|Discharge|p2b: Tornadus|[spread] p1a,p2b\n|-immune|p2a: Gliscor\n|-supereffective|p1a: Politoed\n|-supereffective|p2b: Tornadus\n|-damage|p1a: Politoed|16\/100\n|-damage|p2b: Tornadus|43\/100\n|move|p1a: Politoed|Icy Wind|p2b: Tornadus|[spread] p2a,p2b\n|-supereffective|p2a: Gliscor\n|-end|p2a: Gliscor|Substitute\n|-supereffective|p2b: Tornadus\n|-damage|p2b: Tornadus|24\/100\n|-unboost|p2b: Tornadus|spe|1\n|\n|-weather|RainDance|[upkeep]\n|-heal|p2a: Gliscor|88\/100 tox|[from] ability: Poison Heal\n|upkeep\n|turn|6\n|-message|Brawler206 forfeited.\n|\n|win|Apullo\n|raw|Brawler206's rating: 1114 &rarr; <strong>1094<\/strong><br \/>(-20 for losing)\n|raw|Apullo's rating: 1188 &rarr; <strong>1208<\/strong><br \/>(+20 for winning)\n|l|\u2606Brawler206\n","uploadtime":1701191462,"views":3,"p1id":"brawler206","p2id":"apullo","formatid":"gen9doublesou","rating":1094,"private":0,"password":""}