{"id":"gen9doublesou-1971879560","p1":"GTRSoLNeo","p2":"skullatech","format":"[Gen 9] Doubles OU","log":"|j|\u2606GTRSoLNeo\n|j|\u2606skullatech\n|t:|1697785982\n|gametype|doubles\n|player|p1|GTRSoLNeo|rocketgrunt|\n|player|p2|skullatech|bellelba|\n|teamsize|p1|6\n|teamsize|p2|6\n|gen|9\n|tier|[Gen 9] Doubles OU\n|rule|Species Clause: Limit one of each Pok\u00e9mon\n|rule|OHKO Clause: OHKO moves are banned\n|rule|Evasion Moves Clause: Evasion moves are banned\n|rule|Gravity Sleep Clause: The combination of sleep-inducing moves with imperfect accuracy and Gravity or Gigantamax Orbeetle are banned\n|rule|Endless Battle Clause: Forcing endless battles is banned\n|rule|HP Percentage Mod: HP is shown in percentages\n|clearpoke\n|poke|p1|Bisharp, F|\n|poke|p1|Eelektross, M|\n|poke|p1|Slowbro, M|\n|poke|p1|Clodsire, F|\n|poke|p1|Chandelure, M|\n|poke|p1|Drifblim, F|\n|poke|p2|Gholdengo|\n|poke|p2|Clefable, F|\n|poke|p2|Palafin, M|\n|poke|p2|Leavanny, F|\n|poke|p2|Scizor, M|\n|poke|p2|Gliscor, M|\n|teampreview\n|\n|t:|1697785996\n|start\n|switch|p1a: Charger|Chandelure, M, shiny|100\/100\n|switch|p1b: Doncamatic|Eelektross, M|100\/100\n|switch|p2a: Toxsick|Gliscor, M|100\/100\n|switch|p2b: Neos|Palafin, M|100\/100\n|turn|1\n|\n|t:|1697786012\n|switch|p1a: Sleepyhead|Slowbro, M|100\/100\n|move|p2b: Neos|Flip Turn|p1a: Sleepyhead\n|-resisted|p1a: Sleepyhead\n|-damage|p1a: Sleepyhead|89\/100\n|-damage|p2b: Neos|91\/100|[from] item: Life Orb\n|\n|t:|1697786038\n|detailschange|p2b: Neos|Palafin-Hero, M\n|switch|p2b: Mama bug|Leavanny, F, shiny|100\/100|[from] Flip Turn\n|move|p2a: Toxsick|Stealth Rock|p1a: Sleepyhead\n|-sidestart|p1: GTRSoLNeo|move: Stealth Rock\n|move|p1b: Doncamatic|Volt Switch|p2b: Mama bug\n|-resisted|p2b: Mama bug\n|-damage|p2b: Mama bug|82\/100\n|\n|t:|1697786048\n|switch|p1b: Charger|Chandelure, M, shiny|100\/100|[from] Volt Switch\n|-damage|p1b: Charger|76\/100|[from] Stealth Rock\n|\n|-status|p2a: Toxsick|tox|[from] item: Toxic Orb\n|upkeep\n|turn|2\n|\n|t:|1697786062\n|switch|p2b: Kill|Clefable, F, shiny|100\/100\n|move|p1b: Charger|Flamethrower|p2b: Kill\n|-damage|p2b: Kill|60\/100\n|move|p2a: Toxsick|Crabhammer|p1b: Charger\n|-supereffective|p1b: Charger\n|-damage|p1b: Charger|0 fnt\n|faint|p1b: Charger\n|move|p1a: Sleepyhead|Liquidation|p2a: Toxsick\n|-supereffective|p2a: Toxsick\n|-crit|p2a: Toxsick\n|-damage|p2a: Toxsick|51\/100 tox\n|\n|-heal|p2b: Kill|66\/100|[from] item: Leftovers\n|-heal|p2a: Toxsick|63\/100 tox|[from] ability: Poison Heal\n|upkeep\n|\n|t:|1697786077\n|switch|p1b: Coconut Ranger|Bisharp, F|100\/100\n|-damage|p1b: Coconut Ranger|95\/100|[from] Stealth Rock\n|turn|3\n|\n|t:|1697786097\n|move|p1b: Coconut Ranger|Iron Head|p2b: Kill\n|-supereffective|p2b: Kill\n|-damage|p2b: Kill|0 fnt\n|faint|p2b: Kill\n|move|p2a: Toxsick|Earthquake|p1a: Sleepyhead|[spread] p1a,p1b\n|-supereffective|p1b: Coconut Ranger\n|-damage|p1a: Sleepyhead|62\/100\n|-damage|p1b: Coconut Ranger|10\/100\n|move|p1a: Sleepyhead|Iron Defense|p1a: Sleepyhead\n|-boost|p1a: Sleepyhead|def|2\n|\n|-heal|p2a: Toxsick|75\/100 tox|[from] ability: Poison Heal\n|upkeep\n|\n|t:|1697786112\n|switch|p2b: Dagger Dan|Scizor, M, shiny|100\/100\n|turn|4\n|\n|t:|1697786123\n|switch|p1b: Doncamatic|Eelektross, M|100\/100\n|-damage|p1b: Doncamatic|88\/100|[from] Stealth Rock\n|move|p2b: Dagger Dan|Bullet Punch|p1b: Doncamatic\n|-resisted|p1b: Doncamatic\n|-damage|p1b: Doncamatic|69\/100\n|move|p2a: Toxsick|Toxic|p1a: Sleepyhead\n|-status|p1a: Sleepyhead|tox\n|move|p1a: Sleepyhead|Liquidation|p2a: Toxsick\n|-supereffective|p2a: Toxsick\n|-damage|p2a: Toxsick|41\/100 tox\n|\n|-heal|p1b: Doncamatic|75\/100|[from] item: Leftovers\n|-heal|p2a: Toxsick|53\/100 tox|[from] ability: Poison Heal\n|-damage|p1a: Sleepyhead|56\/100 tox|[from] psn\n|upkeep\n|turn|5\n|\n|t:|1697786149\n|move|p2a: Toxsick|Toxic|p1b: Doncamatic|[miss]\n|-miss|p2a: Toxsick|p1b: Doncamatic\n|move|p2b: Dagger Dan|U-turn|p1b: Doncamatic\n|-damage|p1b: Doncamatic|30\/100\n|\n|t:|1697786153\n|switch|p2b: Neos|Palafin-Hero, M|91\/100|[from] U-turn\n|-activate|p2b: Neos|ability: Zero to Hero\n|move|p1b: Doncamatic|Flamethrower|p2b: Neos\n|-resisted|p2b: Neos\n|-damage|p2b: Neos|79\/100\n|move|p1a: Sleepyhead|Slack Off|p1a: Sleepyhead\n|-heal|p1a: Sleepyhead|100\/100 tox\n|\n|-heal|p1b: Doncamatic|36\/100|[from] item: Leftovers\n|-heal|p2a: Toxsick|66\/100 tox|[from] ability: Poison Heal\n|-damage|p1a: Sleepyhead|88\/100 tox|[from] psn\n|upkeep\n|turn|6\n|\n|t:|1697786192\n|move|p2b: Neos|Flip Turn|p1b: Doncamatic\n|-damage|p1b: Doncamatic|0 fnt\n|faint|p1b: Doncamatic\n|-damage|p2b: Neos|69\/100|[from] item: Life Orb\n|\n|t:|1697786197\n|switch|p2b: Goldie|Gholdengo|100\/100|[from] Flip Turn\n|move|p2a: Toxsick|Crabhammer|p1a: Sleepyhead|[miss]\n|-miss|p2a: Toxsick|p1a: Sleepyhead\n|move|p1a: Sleepyhead|Iron Defense|p1a: Sleepyhead\n|-boost|p1a: Sleepyhead|def|2\n|\n|-heal|p2a: Toxsick|78\/100 tox|[from] ability: Poison Heal\n|-damage|p1a: Sleepyhead|70\/100 tox|[from] psn\n|upkeep\n|\n|t:|1697786208\n|switch|p1b: Coconut Ranger|Bisharp, F|10\/100\n|-damage|p1b: Coconut Ranger|4\/100|[from] Stealth Rock\n|turn|7\n|\n|t:|1697786219\n|move|p1b: Coconut Ranger|Sucker Punch|p2a: Toxsick\n|-crit|p2a: Toxsick\n|-damage|p2a: Toxsick|27\/100 tox\n|move|p2b: Goldie|Nasty Plot|p2b: Goldie\n|-boost|p2b: Goldie|spa|2\n|move|p2a: Toxsick|Crabhammer|p1b: Coconut Ranger\n|-damage|p1b: Coconut Ranger|0 fnt\n|faint|p1b: Coconut Ranger\n|move|p1a: Sleepyhead|Psyshock|p2a: Toxsick\n|-damage|p2a: Toxsick|6\/100 tox\n|\n|-heal|p2a: Toxsick|18\/100 tox|[from] ability: Poison Heal\n|-damage|p1a: Sleepyhead|46\/100 tox|[from] psn\n|upkeep\n|\n|t:|1697786237\n|switch|p1b: Topeka|Drifblim, F|100\/100\n|-damage|p1b: Topeka|76\/100|[from] Stealth Rock\n|turn|8\n|\n|t:|1697786256\n|move|p1b: Topeka|Strength Sap|p2b: Goldie\n|-immune|p2b: Goldie|[from] ability: Good as Gold\n|move|p2b: Goldie|Shadow Ball|p1b: Topeka\n|-supereffective|p1b: Topeka\n|-damage|p1b: Topeka|0 fnt\n|faint|p1b: Topeka\n|move|p2a: Toxsick|Toxic|p1a: Sleepyhead\n|-fail|p1a: Sleepyhead|tox\n|move|p1a: Sleepyhead|Slack Off|p1a: Sleepyhead\n|-heal|p1a: Sleepyhead|96\/100 tox\n|\n|-heal|p2a: Toxsick|31\/100 tox|[from] ability: Poison Heal\n|-damage|p1a: Sleepyhead|65\/100 tox|[from] psn\n|upkeep\n|\n|t:|1697786270\n|switch|p1b: The Bomb|Clodsire, F|100\/100\n|-damage|p1b: The Bomb|94\/100|[from] Stealth Rock\n|turn|9\n|\n|t:|1697786290\n|move|p2b: Goldie|Make It Rain|p1b: The Bomb|[spread] p1a,p1b\n|-resisted|p1a: Sleepyhead\n|-damage|p1a: Sleepyhead|30\/100 tox\n|-damage|p1b: The Bomb|68\/100\n|-unboost|p2b: Goldie|spa|1\n|move|p2a: Toxsick|Crabhammer|p1b: The Bomb\n|-supereffective|p1b: The Bomb\n|-damage|p1b: The Bomb|0 fnt\n|faint|p1b: The Bomb\n|move|p1a: Sleepyhead|Liquidation|p2a: Toxsick\n|-supereffective|p2a: Toxsick\n|-crit|p2a: Toxsick\n|-damage|p2a: Toxsick|0 fnt\n|faint|p2a: Toxsick\n|\n|-damage|p1a: Sleepyhead|0 fnt|[from] psn\n|faint|p1a: Sleepyhead\n|\n|win|skullatech\n|upkeep\n|l|\u2606GTRSoLNeo\n","uploadtime":1697786307,"views":18,"p1id":"gtrsolneo","p2id":"skullatech","formatid":"gen9doublesou","rating":0,"private":0,"password":""}