{"id":"gen9doublesou-1983986448","p1":"Wisdom1472","p2":"Ca_No1","format":"[Gen 9] Doubles OU","log":"|j|\u2606Wisdom1472\n|j|\u2606Ca_No1\n|t:|1699207048\n|gametype|doubles\n|player|p1|Wisdom1472|swimmer|1272\n|player|p2|Ca_No1|wallace|1216\n|teamsize|p1|6\n|teamsize|p2|6\n|gen|9\n|tier|[Gen 9] Doubles OU\n|rated|\n|rule|Species Clause: Limit one of each Pok\u00e9mon\n|rule|OHKO Clause: OHKO moves are banned\n|rule|Evasion Moves Clause: Evasion moves are banned\n|rule|Gravity Sleep Clause: The combination of sleep-inducing moves with imperfect accuracy and Gravity or Gigantamax Orbeetle are banned\n|rule|Endless Battle Clause: Forcing endless battles is banned\n|rule|HP Percentage Mod: HP is shown in percentages\n|clearpoke\n|poke|p1|Glimmora, M|\n|poke|p1|Sinistcha|\n|poke|p1|Ursaluna-Bloodmoon, M|\n|poke|p1|Okidogi, M|\n|poke|p1|Flutter Mane|\n|poke|p1|Kommo-o, F|\n|poke|p2|Flutter Mane|\n|poke|p2|Torkoal, M|\n|poke|p2|Farigiraf, F|\n|poke|p2|Chi-Yu|\n|poke|p2|Dragonite, F|\n|poke|p2|Amoonguss, M|\n|teampreview\n|\n|t:|1699207073\n|start\n|switch|p1a: Glimmorbin time|Glimmora, M|100\/100\n|switch|p1b: Baloo|Ursaluna-Bloodmoon, M|100\/100\n|switch|p2a: Amoonguss|Amoonguss, M|100\/100\n|switch|p2b: Farigiraf|Farigiraf, F|100\/100\n|-item|p1a: Glimmorbin time|Air Balloon\n|turn|1\n|\n|t:|1699207089\n|switch|p1b: Kommo-o|Kommo-o, F|100\/100\n|move|p1a: Glimmorbin time|Stealth Rock|p2b: Farigiraf\n|-sidestart|p2: Ca_No1|move: Stealth Rock\n|move|p2a: Amoonguss|Spore|p1b: Kommo-o\n|-immune|p1b: Kommo-o|[from] ability: Overcoat\n|move|p2b: Farigiraf|Trick Room|p2b: Farigiraf\n|-fieldstart|move: Trick Room|[of] p2b: Farigiraf\n|\n|upkeep\n|turn|2\n|\n|t:|1699207109\n|move|p2a: Amoonguss|Spore|p1a: Glimmorbin time\n|-status|p1a: Glimmorbin time|slp|[from] move: Spore\n|move|p2b: Farigiraf|Nasty Plot|p2b: Farigiraf\n|-boost|p2b: Farigiraf|spa|2\n|cant|p1a: Glimmorbin time|slp\n|move|p1b: Kommo-o|Clangorous Soul|p1b: Kommo-o\n|-boost|p1b: Kommo-o|atk|1\n|-boost|p1b: Kommo-o|def|1\n|-boost|p1b: Kommo-o|spa|1\n|-boost|p1b: Kommo-o|spd|1\n|-boost|p1b: Kommo-o|spe|1\n|-damage|p1b: Kommo-o|68\/100\n|\n|-heal|p1b: Kommo-o|74\/100|[from] item: Leftovers\n|upkeep\n|turn|3\n|\n|t:|1699207126\n|switch|p1a: Tea time|Sinistcha|100\/100\n|-heal|p1b: Kommo-o|99\/100|[from] ability: Hospitality|[of] p1a: Tea time\n|-terastallize|p1b: Kommo-o|Steel\n|move|p2a: Amoonguss|Clear Smog|p1b: Kommo-o\n|-immune|p1b: Kommo-o\n|move|p2b: Farigiraf|Psychic|p1b: Kommo-o\n|-resisted|p1b: Kommo-o\n|-damage|p1b: Kommo-o|65\/100\n|move|p1b: Kommo-o|Clangorous Soul|p1b: Kommo-o\n|-boost|p1b: Kommo-o|atk|1\n|-boost|p1b: Kommo-o|def|1\n|-boost|p1b: Kommo-o|spa|1\n|-boost|p1b: Kommo-o|spd|1\n|-boost|p1b: Kommo-o|spe|1\n|-damage|p1b: Kommo-o|32\/100\n|\n|-heal|p1b: Kommo-o|39\/100|[from] item: Leftovers\n|upkeep\n|turn|4\n|\n|t:|1699207169\n|move|p2a: Amoonguss|Rage Powder|p2a: Amoonguss\n|-singleturn|p2a: Amoonguss|move: Rage Powder\n|move|p1a: Tea time|Rage Powder|p1a: Tea time\n|-singleturn|p1a: Tea time|move: Rage Powder\n|move|p2b: Farigiraf|Baton Pass|p2b: Farigiraf\n|\n|t:|1699207174\n|switch|p2b: Flutter Mane|Flutter Mane|100\/100|[from] Baton Pass\n|-damage|p2b: Flutter Mane|88\/100|[from] Stealth Rock\n|move|p1b: Kommo-o|Drain Punch|p2b: Flutter Mane\n|-immune|p2b: Flutter Mane\n|\n|-heal|p1b: Kommo-o|45\/100|[from] item: Leftovers\n|upkeep\n|turn|5\n|\n|t:|1699207214\n|-terastallize|p2b: Flutter Mane|Fairy\n|move|p1a: Tea time|Rage Powder|p1a: Tea time\n|-singleturn|p1a: Tea time|move: Rage Powder\n|move|p2a: Amoonguss|Pollen Puff|p1a: Tea time\n|-damage|p1a: Tea time|77\/100\n|move|p2b: Flutter Mane|Dazzling Gleam|p1b: Kommo-o|[spread] p1a,p1b\n|-resisted|p1b: Kommo-o\n|-damage|p1a: Tea time|0 fnt\n|-damage|p1b: Kommo-o|16\/100\n|faint|p1a: Tea time\n|-damage|p2b: Flutter Mane|78\/100|[from] item: Life Orb\n|move|p1b: Kommo-o|Drain Punch|p2a: Amoonguss\n|-resisted|p2a: Amoonguss\n|-damage|p2a: Amoonguss|61\/100\n|-heal|p1b: Kommo-o|43\/100|[from] drain|[of] p2a: Amoonguss\n|\n|-heal|p1b: Kommo-o|49\/100|[from] item: Leftovers\n|-fieldend|move: Trick Room\n|upkeep\n|\n|t:|1699207245\n|switch|p1a: Flutter Mane|Flutter Mane|100\/100\n|turn|6\n|\n|t:|1699207268\n|switch|p2a: Torkoal|Torkoal, M|100\/100\n|-damage|p2a: Torkoal|75\/100|[from] Stealth Rock\n|-weather|SunnyDay|[from] ability: Drought|[of] p2a: Torkoal\n|-activate|p2b: Flutter Mane|ability: Protosynthesis\n|-start|p2b: Flutter Mane|protosynthesisspa\n|-activate|p1a: Flutter Mane|ability: Protosynthesis\n|-start|p1a: Flutter Mane|protosynthesisspe\n|move|p1a: Flutter Mane|Shadow Ball|p2a: Torkoal\n|-damage|p2a: Torkoal|0 fnt\n|faint|p2a: Torkoal\n|move|p1b: Kommo-o|Iron Head|p2b: Flutter Mane\n|-supereffective|p2b: Flutter Mane\n|-damage|p2b: Flutter Mane|0 fnt\n|faint|p2b: Flutter Mane\n|-end|p2b: Flutter Mane|Protosynthesis|[silent]\n|\n|-weather|SunnyDay|[upkeep]\n|-heal|p1b: Kommo-o|56\/100|[from] item: Leftovers\n|upkeep\n|-message|Ca_No1 forfeited.\n|\n|win|Wisdom1472\n|raw|Wisdom1472's rating: 1272 &rarr; <strong>1293<\/strong><br \/>(+21 for winning)\n|raw|Ca_No1's rating: 1216 &rarr; <strong>1195<\/strong><br \/>(-21 for losing)\n|l|\u2606Ca_No1\n","uploadtime":1699207291,"views":7,"p1id":"wisdom1472","p2id":"cano1","formatid":"gen9doublesou","rating":1195,"private":0,"password":""}