{"id":"gen9doublesou-1973573301","p1":"Gdhdhdhehe","p2":"Phiscyoo","format":"[Gen 9] Doubles OU","log":"|j|\u2606Gdhdhdhehe\n|j|\u2606Phiscyoo\n|t:|1697992172\n|gametype|doubles\n|player|p1|Gdhdhdhehe|169|1049\n|player|p2|Phiscyoo|swimmer-gen4dp|1065\n|teamsize|p1|6\n|teamsize|p2|6\n|gen|9\n|tier|[Gen 9] Doubles OU\n|rated|\n|rule|Species Clause: Limit one of each Pok\u00e9mon\n|rule|OHKO Clause: OHKO moves are banned\n|rule|Evasion Moves Clause: Evasion moves are banned\n|rule|Gravity Sleep Clause: The combination of sleep-inducing moves with imperfect accuracy and Gravity or Gigantamax Orbeetle are banned\n|rule|Endless Battle Clause: Forcing endless battles is banned\n|rule|HP Percentage Mod: HP is shown in percentages\n|clearpoke\n|poke|p1|Amoonguss, F|\n|poke|p1|Armarouge, M|\n|poke|p1|Indeedee-F, F|\n|poke|p1|Iron Hands|\n|poke|p1|Gliscor, M|\n|poke|p1|Persian, M|\n|poke|p2|Meowscarada, F|\n|poke|p2|Murkrow, M|\n|poke|p2|Gholdengo|\n|poke|p2|Armarouge, M|\n|poke|p2|Indeedee-F, F|\n|poke|p2|Baxcalibur, F|\n|teampreview\n|inactive|Battle timer is ON: inactive players will automatically lose when time's up. (requested by Gdhdhdhehe)\n|\n|t:|1697992195\n|start\n|switch|p1a: Iron Hands|Iron Hands|100\/100\n|switch|p1b: Persian|Persian, M|100\/100\n|switch|p2a: Murkrow|Murkrow, M, shiny|100\/100\n|switch|p2b: Baxcalibur|Baxcalibur, F, shiny|100\/100\n|turn|1\n|\n|t:|1697992212\n|-terastallize|p1b: Persian|Normal\n|move|p1b: Persian|Fake Out|p2b: Baxcalibur\n|-damage|p2b: Baxcalibur|75\/100\n|move|p1a: Iron Hands|Fake Out|p2a: Murkrow\n|-damage|p2a: Murkrow|83\/100\n|cant|p2a: Murkrow|flinch\n|cant|p2b: Baxcalibur|flinch\n|\n|upkeep\n|turn|2\n|\n|t:|1697992230\n|move|p1b: Persian|Protect|p1b: Persian\n|-singleturn|p1b: Persian|Protect\n|move|p2a: Murkrow|Tailwind|p2a: Murkrow\n|-sidestart|p2: Phiscyoo|move: Tailwind\n|move|p2b: Baxcalibur|Scale Shot|p1b: Persian\n|-activate|p1b: Persian|move: Protect\n|move|p1a: Iron Hands|Body Press|p2b: Baxcalibur\n|-supereffective|p2b: Baxcalibur\n|-damage|p2b: Baxcalibur|8\/100\n|\n|upkeep\n|turn|3\n|\n|t:|1697992244\n|move|p1b: Persian|Protect|p1b: Persian\n|-singleturn|p1b: Persian|Protect\n|move|p2b: Baxcalibur|Scale Shot|p1b: Persian\n|-activate|p1b: Persian|move: Protect\n|move|p2a: Murkrow|Foul Play|p1a: Iron Hands\n|-resisted|p1a: Iron Hands\n|-damage|p1a: Iron Hands|87\/100\n|move|p1a: Iron Hands|Drain Punch|p2b: Baxcalibur\n|-supereffective|p2b: Baxcalibur\n|-damage|p2b: Baxcalibur|0 fnt\n|-heal|p1a: Iron Hands|90\/100|[from] drain|[of] p2b: Baxcalibur\n|faint|p2b: Baxcalibur\n|\n|upkeep\n|c|\u2606Phiscyoo|wow\n|\n|t:|1697992256\n|switch|p2b: Armarouge|Armarouge, M, shiny|100\/100\n|turn|4\n|\n|t:|1697992276\n|switch|p2a: Indeedee|Indeedee-F, F, shiny|100\/100\n|-fieldstart|move: Psychic Terrain|[from] ability: Psychic Surge|[of] p2a: Indeedee\n|move|p1b: Persian|Last Resort|p2b: Armarouge\n|-damage|p2b: Armarouge|32\/100\n|move|p2b: Armarouge|Expanding Force|p1b: Persian|[spread] p1a,p1b\n|-supereffective|p1a: Iron Hands\n|-damage|p1a: Iron Hands|3\/100\n|-damage|p1b: Persian|0 fnt\n|faint|p1b: Persian\n|-damage|p2b: Armarouge|22\/100|[from] item: Life Orb\n|move|p1a: Iron Hands|Wild Charge|p2a: Indeedee\n|-damage|p2a: Indeedee|53\/100\n|-damage|p1a: Iron Hands|0 fnt|[from] Recoil\n|faint|p1a: Iron Hands\n|-end|p1a: Iron Hands|Quark Drive|[silent]\n|\n|upkeep\n|\n|t:|1697992297\n|switch|p1b: Indeedee|Indeedee-F, F, shiny|100\/100\n|switch|p1a: Armarouge|Armarouge, M|100\/100\n|turn|5\n|\n|t:|1697992309\n|move|p1b: Indeedee|Protect|p1b: Indeedee\n|-singleturn|p1b: Indeedee|Protect\n|move|p1a: Armarouge|Protect|p1a: Armarouge\n|-singleturn|p1a: Armarouge|Protect\n|move|p2a: Indeedee|Psychic|p1a: Armarouge\n|-activate|p1a: Armarouge|move: Protect\n|move|p2b: Armarouge|Expanding Force|p1b: Indeedee|[spread] \n|-activate|p1a: Armarouge|move: Protect\n|-activate|p1b: Indeedee|move: Protect\n|\n|-sideend|p2: Phiscyoo|move: Tailwind\n|upkeep\n|turn|6\n|\n|t:|1697992325\n|move|p1b: Indeedee|Helping Hand|p1a: Armarouge\n|-singleturn|p1a: Armarouge|Helping Hand|[of] p1b: Indeedee\n|move|p2a: Indeedee|Follow Me|p2a: Indeedee\n|-singleturn|p2a: Indeedee|move: Follow Me\n|move|p1a: Armarouge|Expanding Force|p2b: Armarouge|[spread] p2a,p2b\n|-resisted|p2a: Indeedee\n|-resisted|p2b: Armarouge\n|-damage|p2a: Indeedee|4\/100\n|-damage|p2b: Armarouge|0 fnt\n|faint|p2b: Armarouge\n|-damage|p1a: Armarouge|91\/100|[from] item: Life Orb\n|\n|upkeep\n|\n|t:|1697992333\n|switch|p2b: Meowscarada|Meowscarada, F, shiny|100\/100\n|turn|7\n|\n|t:|1697992342\n|move|p2a: Indeedee|Helping Hand|p2b: Meowscarada\n|-singleturn|p2b: Meowscarada|Helping Hand|[of] p2a: Indeedee\n|move|p1b: Indeedee|Helping Hand|p1a: Armarouge\n|-singleturn|p1a: Armarouge|Helping Hand|[of] p1b: Indeedee\n|move|p2b: Meowscarada|Knock Off|p1a: Armarouge\n|-supereffective|p1a: Armarouge\n|-crit|p1a: Armarouge\n|-damage|p1a: Armarouge|0 fnt\n|-enditem|p1a: Armarouge|Life Orb|[from] move: Knock Off|[of] p2b: Meowscarada\n|faint|p1a: Armarouge\n|\n|upkeep\n|\n|t:|1697992355\n|switch|p1a: Gliscor|Gliscor, M|100\/100\n|turn|8\n|\n|t:|1697992367\n|move|p2a: Indeedee|Helping Hand|p2b: Meowscarada\n|-singleturn|p2b: Meowscarada|Helping Hand|[of] p2a: Indeedee\n|move|p1a: Gliscor|Protect|p1a: Gliscor\n|-singleturn|p1a: Gliscor|Protect\n|move|p2b: Meowscarada|Knock Off|p1a: Gliscor\n|-activate|p1a: Gliscor|move: Protect\n|move|p1b: Indeedee|Psychic|p2a: Indeedee\n|-resisted|p2a: Indeedee\n|-damage|p2a: Indeedee|0 fnt\n|faint|p2a: Indeedee\n|\n|-fieldend|move: Psychic Terrain\n|-status|p1a: Gliscor|tox|[from] item: Toxic Orb\n|upkeep\n|\n|t:|1697992373\n|switch|p2a: Murkrow|Murkrow, M, shiny|83\/100\n|turn|9\n|\n|t:|1697992386\n|move|p1b: Indeedee|Helping Hand|p1a: Gliscor\n|-singleturn|p1a: Gliscor|Helping Hand|[of] p1b: Indeedee\n|move|p2a: Murkrow|Tailwind|p2a: Murkrow\n|-sidestart|p2: Phiscyoo|move: Tailwind\n|move|p2b: Meowscarada|Knock Off|p1b: Indeedee\n|-supereffective|p1b: Indeedee\n|-damage|p1b: Indeedee|0 fnt\n|-enditem|p1b: Indeedee|Mental Herb|[from] move: Knock Off|[of] p2b: Meowscarada\n|faint|p1b: Indeedee\n|move|p1a: Gliscor|Facade|p2b: Meowscarada\n|-damage|p2b: Meowscarada|8\/100\n|\n|upkeep\n|\n|t:|1697992399\n|switch|p1b: Amoonguss|Amoonguss, F, shiny|100\/100\n|turn|10\n|\n|t:|1697992413\n|move|p2a: Murkrow|Taunt|p1b: Amoonguss\n|-start|p1b: Amoonguss|move: Taunt\n|move|p2b: Meowscarada|Flower Trick|p1a: Gliscor\n|-crit|p1a: Gliscor\n|-damage|p1a: Gliscor|37\/100 tox\n|move|p1a: Gliscor|Facade|p2b: Meowscarada\n|-damage|p2b: Meowscarada|0 fnt\n|faint|p2b: Meowscarada\n|move|p1b: Amoonguss|Pollen Puff|p2a: Murkrow\n|-crit|p2a: Murkrow\n|-damage|p2a: Murkrow|54\/100\n|\n|-heal|p1a: Gliscor|50\/100 tox|[from] ability: Poison Heal\n|upkeep\n|\n|t:|1697992424\n|switch|p2b: Gholdengo|Gholdengo|100\/100\n|turn|11\n|\n|t:|1697992443\n|move|p1a: Gliscor|Protect|p1a: Gliscor\n|-singleturn|p1a: Gliscor|Protect\n|move|p2a: Murkrow|Taunt|p1a: Gliscor\n|-activate|p1a: Gliscor|move: Protect\n|move|p2b: Gholdengo|Make It Rain|p1b: Amoonguss|[spread] p1b\n|-activate|p1a: Gliscor|move: Protect\n|-damage|p1b: Amoonguss|50\/100\n|-unboost|p2b: Gholdengo|spa|1\n|move|p1b: Amoonguss|Energy Ball|p2b: Gholdengo\n|-resisted|p2b: Gholdengo\n|-damage|p2b: Gholdengo|85\/100\n|\n|-heal|p2b: Gholdengo|91\/100|[from] item: Leftovers\n|-heal|p1a: Gliscor|62\/100 tox|[from] ability: Poison Heal\n|upkeep\n|turn|12\n|inactive|Gdhdhdhehe has 120 seconds left.\n|\n|t:|1697992483\n|move|p2a: Murkrow|Haze|p2a: Murkrow\n|-clearallboost\n|move|p2b: Gholdengo|Make It Rain|p1b: Amoonguss|[spread] p1a,p1b\n|-damage|p1a: Gliscor|0 fnt\n|-damage|p1b: Amoonguss|3\/100\n|-unboost|p2b: Gholdengo|spa|1\n|-enditem|p1b: Amoonguss|Aguav Berry|[eat]\n|-heal|p1b: Amoonguss|36\/100|[from] item: Aguav Berry\n|faint|p1a: Gliscor\n|move|p1b: Amoonguss|Pollen Puff|p2b: Gholdengo\n|-resisted|p2b: Gholdengo\n|-damage|p2b: Gholdengo|86\/100\n|\n|-heal|p2b: Gholdengo|92\/100|[from] item: Leftovers\n|-end|p1b: Amoonguss|move: Taunt\n|-sideend|p2: Phiscyoo|move: Tailwind\n|upkeep\n|turn|13\n|inactive|Gdhdhdhehe has 120 seconds left.\n|c|\u2606Phiscyoo|gg\n|\n|t:|1697992505\n|move|p2a: Murkrow|Haze|p2a: Murkrow\n|-clearallboost\n|move|p2b: Gholdengo|Make It Rain|p1b: Amoonguss\n|-damage|p1b: Amoonguss|0 fnt\n|-unboost|p2b: Gholdengo|spa|1\n|faint|p1b: Amoonguss\n|\n|win|Phiscyoo\n|raw|Gdhdhdhehe's rating: 1049 &rarr; <strong>1032<\/strong><br \/>(-17 for losing)\n|raw|Phiscyoo's rating: 1065 &rarr; <strong>1094<\/strong><br \/>(+29 for winning)\n|l|\u2606Gdhdhdhehe\n","uploadtime":1697992521,"views":20,"p1id":"gdhdhdhehe","p2id":"phiscyoo","formatid":"gen9doublesou","rating":1032,"private":0,"password":""}