{"id":"gen9doublesou-1997194422","p1":"LordSandaime","p2":"PoliteGhost","format":"[Gen 9] Doubles OU","log":"|j|\u2606LordSandaime\n|j|\u2606PoliteGhost\n|t:|1700774240\n|gametype|doubles\n|player|p1|LordSandaime|alder|1568\n|player|p2|PoliteGhost|giovanni|1515\n|teamsize|p1|6\n|teamsize|p2|6\n|gen|9\n|tier|[Gen 9] Doubles OU\n|rated|\n|rule|Species Clause: Limit one of each Pok\u00e9mon\n|rule|OHKO Clause: OHKO moves are banned\n|rule|Evasion Moves Clause: Evasion moves are banned\n|rule|Gravity Sleep Clause: The combination of sleep-inducing moves with imperfect accuracy and Gravity or Gigantamax Orbeetle are banned\n|rule|Endless Battle Clause: Forcing endless battles is banned\n|rule|HP Percentage Mod: HP is shown in percentages\n|clearpoke\n|poke|p1|Tyranitar, M|\n|poke|p1|Sneasler, M|\n|poke|p1|Gholdengo|\n|poke|p1|Volcarona, M|\n|poke|p1|Farigiraf, M|\n|poke|p1|Azumarill, M|\n|poke|p2|Amoonguss, M|\n|poke|p2|Iron Hands|\n|poke|p2|Landorus-Therian, M|\n|poke|p2|Flutter Mane|\n|poke|p2|Iron Bundle|\n|poke|p2|Chi-Yu|\n|teampreview\n|inactive|Battle timer is ON: inactive players will automatically lose when time's up. (requested by LordSandaime)\n|\n|t:|1700774263\n|start\n|switch|p1a: Sneasler|Sneasler, M|100\/100\n|switch|p1b: Volcarona|Volcarona, M|100\/100\n|switch|p2a: Chi-Yu|Chi-Yu|100\/100\n|switch|p2b: Iron Hands|Iron Hands|100\/100\n|-ability|p2a: Chi-Yu|Beads of Ruin\n|turn|1\n|\n|t:|1700774285\n|switch|p1b: Farigiraf|Farigiraf, M|100\/100\n|switch|p2a: Landorus|Landorus-Therian, M|100\/100\n|-ability|p2a: Landorus|Intimidate|boost\n|-unboost|p1a: Sneasler|atk|1\n|-unboost|p1b: Farigiraf|atk|1\n|-enditem|p1a: Sneasler|White Herb\n|-clearnegativeboost|p1a: Sneasler|[silent]\n|move|p2b: Iron Hands|Fake Out||[still]\n|cant|p1b: Farigiraf|ability: Armor Tail|Fake Out|[of] p2b: Iron Hands\n|move|p1a: Sneasler|Dire Claw|p2a: Landorus\n|-resisted|p2a: Landorus\n|-damage|p2a: Landorus|78\/100\n|\n|upkeep\n|turn|2\n|\n|t:|1700774303\n|-terastallize|p1a: Sneasler|Flying\n|move|p1a: Sneasler|Dire Claw|p2b: Iron Hands\n|-damage|p2b: Iron Hands|75\/100\n|-status|p2b: Iron Hands|psn\n|move|p2a: Landorus|U-turn|p1b: Farigiraf\n|-supereffective|p1b: Farigiraf\n|-damage|p1b: Farigiraf|44\/100\n|\n|t:|1700774314\n|switch|p2a: Amoonguss|Amoonguss, M|100\/100|[from] U-turn\n|move|p1b: Farigiraf|Psychic|p2b: Iron Hands\n|-supereffective|p2b: Iron Hands\n|-damage|p2b: Iron Hands|27\/100 psn\n|move|p2b: Iron Hands|Drain Punch|p1b: Farigiraf\n|-damage|p1b: Farigiraf|0 fnt\n|-heal|p2b: Iron Hands|47\/100 psn|[from] drain|[of] p1b: Farigiraf\n|faint|p1b: Farigiraf\n|\n|-damage|p2b: Iron Hands|35\/100 psn|[from] psn\n|upkeep\n|\n|t:|1700774321\n|switch|p1b: Gholdengo|Gholdengo|100\/100\n|turn|3\n|\n|t:|1700774343\n|-end|p2b: Iron Hands|Quark Drive|[silent]\n|switch|p2b: Landorus|Landorus-Therian, M|78\/100\n|-ability|p2b: Landorus|Intimidate|boost\n|-unboost|p1a: Sneasler|atk|1\n|-unboost|p1b: Gholdengo|atk|1\n|move|p1a: Sneasler|Acrobatics|p2a: Amoonguss\n|-supereffective|p2a: Amoonguss\n|-damage|p2a: Amoonguss|34\/100\n|-damage|p1a: Sneasler|84\/100|[from] item: Rocky Helmet|[of] p2a: Amoonguss\n|move|p1b: Gholdengo|Make It Rain|p2a: Amoonguss|[spread] p2a,p2b\n|-damage|p2a: Amoonguss|0 fnt\n|-damage|p2b: Landorus|16\/100\n|-unboost|p1b: Gholdengo|spa|1\n|-enditem|p2b: Landorus|Sitrus Berry|[eat]\n|-heal|p2b: Landorus|40\/100|[from] item: Sitrus Berry\n|faint|p2a: Amoonguss\n|\n|upkeep\n|\n|t:|1700774355\n|switch|p2a: Flutter Mane|Flutter Mane|100\/100\n|-enditem|p2a: Flutter Mane|Booster Energy\n|-activate|p2a: Flutter Mane|ability: Protosynthesis|[fromitem]\n|-start|p2a: Flutter Mane|protosynthesisspe\n|turn|4\n|\n|t:|1700774363\n|move|p1a: Sneasler|Dire Claw|p2a: Flutter Mane\n|-damage|p2a: Flutter Mane|44\/100\n|move|p2a: Flutter Mane|Shadow Ball|p1b: Gholdengo\n|-supereffective|p1b: Gholdengo\n|-damage|p1b: Gholdengo|1\/100\n|move|p1b: Gholdengo|Make It Rain|p2a: Flutter Mane|[spread] p2a,p2b\n|-supereffective|p2a: Flutter Mane\n|-damage|p2a: Flutter Mane|0 fnt\n|-damage|p2b: Landorus|1\/100\n|-unboost|p1b: Gholdengo|spa|1\n|faint|p2a: Flutter Mane\n|-end|p2a: Flutter Mane|Protosynthesis|[silent]\n|move|p2b: Landorus|Rock Slide|p1a: Sneasler|[spread] p1b\n|-miss|p2b: Landorus|p1a: Sneasler\n|-resisted|p1b: Gholdengo\n|-damage|p1b: Gholdengo|0 fnt\n|faint|p1b: Gholdengo\n|\n|upkeep\n|\n|t:|1700774381\n|switch|p2a: Iron Bundle|Iron Bundle|100\/100\n|switch|p1b: Azumarill|Azumarill, M|100\/100\n|turn|5\n|\n|t:|1700774395\n|switch|p2b: Iron Hands|Iron Hands|35\/100 psn\n|move|p1a: Sneasler|Close Combat|p2a: Iron Bundle\n|-supereffective|p2a: Iron Bundle\n|-enditem|p2a: Iron Bundle|Focus Sash\n|-damage|p2a: Iron Bundle|1\/100\n|-unboost|p1a: Sneasler|def|1\n|-unboost|p1a: Sneasler|spd|1\n|move|p2a: Iron Bundle|Freeze-Dry|p1a: Sneasler\n|-supereffective|p1a: Sneasler\n|-damage|p1a: Sneasler|0 fnt\n|faint|p1a: Sneasler\n|move|p1b: Azumarill|Belly Drum|p1b: Azumarill\n|-damage|p1b: Azumarill|50\/100\n|-setboost|p1b: Azumarill|atk|6|[from] move: Belly Drum\n|-enditem|p1b: Azumarill|Sitrus Berry|[eat]\n|-heal|p1b: Azumarill|75\/100|[from] item: Sitrus Berry\n|\n|-damage|p2b: Iron Hands|22\/100 psn|[from] psn\n|upkeep\n|\n|t:|1700774405\n|switch|p1a: Volcarona|Volcarona, M|100\/100\n|turn|6\n|\n|t:|1700774418\n|switch|p1a: Tyranitar|Tyranitar, M|100\/100\n|-weather|Sandstorm|[from] ability: Sand Stream|[of] p1a: Tyranitar\n|move|p1b: Azumarill|Protect|p1b: Azumarill\n|-singleturn|p1b: Azumarill|Protect\n|move|p2a: Iron Bundle|Hydro Pump|p1a: Tyranitar|[miss]\n|-miss|p2a: Iron Bundle|p1a: Tyranitar\n|move|p2b: Iron Hands|Heavy Slam|p1b: Azumarill\n|-activate|p1b: Azumarill|move: Protect\n|\n|-weather|Sandstorm|[upkeep]\n|-damage|p2a: Iron Bundle|0 fnt|[from] Sandstorm\n|-damage|p2b: Iron Hands|16\/100 psn|[from] Sandstorm\n|-damage|p1b: Azumarill|69\/100|[from] Sandstorm\n|faint|p2a: Iron Bundle\n|-end|p2a: Iron Bundle|Quark Drive|[silent]\n|-damage|p2b: Iron Hands|4\/100 psn|[from] psn\n|upkeep\n|\n|t:|1700774429\n|switch|p2a: Landorus|Landorus-Therian, M|1\/100\n|-ability|p2a: Landorus|Intimidate|boost\n|-unboost|p1a: Tyranitar|atk|1\n|-unboost|p1b: Azumarill|atk|1\n|turn|7\n|\n|t:|1700774438\n|switch|p1a: Volcarona|Volcarona, M|100\/100\n|move|p1b: Azumarill|Aqua Jet|p2a: Landorus\n|-supereffective|p2a: Landorus\n|-damage|p2a: Landorus|0 fnt\n|faint|p2a: Landorus\n|move|p2b: Iron Hands|Heavy Slam|p1b: Azumarill\n|-damage|p1b: Azumarill|19\/100\n|\n|-weather|Sandstorm|[upkeep]\n|-damage|p1a: Volcarona|94\/100|[from] Sandstorm\n|-damage|p2b: Iron Hands|0 fnt|[from] Sandstorm\n|-damage|p1b: Azumarill|13\/100|[from] Sandstorm\n|faint|p2b: Iron Hands\n|-end|p2b: Iron Hands|Quark Drive|[silent]\n|upkeep\n|\n|t:|1700774447\n|switch|p2b: Chi-Yu|Chi-Yu|100\/100\n|-ability|p2b: Chi-Yu|Beads of Ruin\n|turn|8\n|\n|t:|1700774455\n|-terastallize|p2b: Chi-Yu|Ghost\n|move|p1b: Azumarill|Aqua Jet|p2b: Chi-Yu\n|-enditem|p2b: Chi-Yu|Focus Sash\n|-damage|p2b: Chi-Yu|1\/100\n|move|p1a: Volcarona|Tailwind|p1a: Volcarona\n|-sidestart|p1: LordSandaime|move: Tailwind\n|move|p2b: Chi-Yu|Heat Wave|p1a: Volcarona|[spread] p1a,p1b\n|-resisted|p1b: Azumarill\n|-damage|p1a: Volcarona|38\/100\n|-damage|p1b: Azumarill|0 fnt\n|faint|p1b: Azumarill\n|\n|-weather|Sandstorm|[upkeep]\n|-damage|p1a: Volcarona|32\/100|[from] Sandstorm\n|-damage|p2b: Chi-Yu|0 fnt|[from] Sandstorm\n|faint|p2b: Chi-Yu\n|\n|win|LordSandaime\n|upkeep\n|raw|LordSandaime's rating: 1568 &rarr; <strong>1585<\/strong><br \/>(+17 for winning)\n|raw|PoliteGhost's rating: 1515 &rarr; <strong>1498<\/strong><br \/>(-17 for losing)\n|c|\u2606PoliteGhost|How was Sneasler faster?\n","uploadtime":1700774544,"views":5,"p1id":"lordsandaime","p2id":"politeghost","formatid":"gen9doublesou","rating":1498,"private":0,"password":""}