{"id":"gen9doublesou-1987367920","p1":"Greenbeen33","p2":"funmna","format":"[Gen 9] Doubles OU","log":"|j|\u2606Greenbeen33\n|j|\u2606funmna\n|t:|1699582556\n|gametype|doubles\n|player|p1|Greenbeen33|170|1000\n|player|p2|funmna|iris-gen5bw2|1125\n|teamsize|p1|6\n|teamsize|p2|6\n|gen|9\n|tier|[Gen 9] Doubles OU\n|rated|\n|rule|Species Clause: Limit one of each Pok\u00e9mon\n|rule|OHKO Clause: OHKO moves are banned\n|rule|Evasion Moves Clause: Evasion moves are banned\n|rule|Gravity Sleep Clause: The combination of sleep-inducing moves with imperfect accuracy and Gravity or Gigantamax Orbeetle are banned\n|rule|Endless Battle Clause: Forcing endless battles is banned\n|rule|HP Percentage Mod: HP is shown in percentages\n|clearpoke\n|poke|p1|Goodra-Hisui, M|\n|poke|p1|Greninja-*, M|\n|poke|p1|Landorus-Therian, M|\n|poke|p1|Clefairy, F|\n|poke|p1|Tinkaton, F|\n|poke|p1|Noivern, F|\n|poke|p2|Ninetales-Alola, M|\n|poke|p2|Ursaluna-Bloodmoon, M|\n|poke|p2|Oricorio-Pa'u, M|\n|poke|p2|Kommo-o, F|\n|poke|p2|Iron Hands|\n|poke|p2|Chien-Pao|\n|teampreview\n|inactive|Battle timer is ON: inactive players will automatically lose when time's up. (requested by funmna)\n|\n|t:|1699582559\n|start\n|switch|p1a: Greninja|Greninja, M|100\/100\n|switch|p1b: Tinkaton|Tinkaton, F|100\/100\n|switch|p2a: Oricorio|Oricorio-Pa'u, M|100\/100\n|switch|p2b: Kommo-o|Kommo-o, F|100\/100\n|-ability|p1b: Tinkaton|Mold Breaker\n|turn|1\n|l|\u2606Greenbeen33\n|inactive|Greenbeen33 disconnected and has a minute to reconnect!\n|player|p1|\n|j|\u2606Greenbeen33\n|inactive|Greenbeen33 reconnected and has 130 seconds left.\n|player|p1|Greenbeen33|170\n|inactive|Greenbeen33 has 120 seconds left.\n|\n|t:|1699582614\n|move|p2a: Oricorio|Protect|p2a: Oricorio\n|-singleturn|p2a: Oricorio|Protect\n|move|p1a: Greninja|Hydro Pump|p2a: Oricorio\n|-activate|p2a: Oricorio|move: Protect\n|move|p2b: Kommo-o|Clangorous Soul|p2b: Kommo-o\n|-boost|p2b: Kommo-o|atk|1\n|-boost|p2b: Kommo-o|def|1\n|-boost|p2b: Kommo-o|spa|1\n|-boost|p2b: Kommo-o|spd|1\n|-boost|p2b: Kommo-o|spe|1\n|-damage|p2b: Kommo-o|68\/100\n|-activate|p2a: Oricorio|ability: Dancer\n|move|p2a: Oricorio|Clangorous Soul|p2a: Oricorio|[from]ability: Dancer\n|-boost|p2a: Oricorio|atk|1\n|-boost|p2a: Oricorio|def|1\n|-boost|p2a: Oricorio|spa|1\n|-boost|p2a: Oricorio|spd|1\n|-boost|p2a: Oricorio|spe|1\n|-damage|p2a: Oricorio|68\/100\n|-enditem|p2a: Oricorio|Throat Spray\n|-boost|p2a: Oricorio|spa|1|[from] item: Throat Spray\n|move|p1b: Tinkaton|Light Screen|p1b: Tinkaton\n|-sidestart|p1: Greenbeen33|move: Light Screen\n|\n|-heal|p2b: Kommo-o|74\/100|[from] item: Leftovers\n|upkeep\n|turn|2\n|inactive|Greenbeen33 has 120 seconds left.\n|\n|t:|1699582648\n|move|p1b: Tinkaton|Protect|p1b: Tinkaton\n|-singleturn|p1b: Tinkaton|Protect\n|move|p2a: Oricorio|Baton Pass|p2a: Oricorio\n|\n|t:|1699582652\n|switch|p2a: Ninetales|Ninetales-Alola, M|100\/100|[from] Baton Pass\n|-weather|Snow|[from] ability: Snow Warning|[of] p2a: Ninetales\n|move|p2b: Kommo-o|Flash Cannon|p1a: Greninja\n|-resisted|p1a: Greninja\n|-damage|p1a: Greninja|82\/100\n|move|p1a: Greninja|Ice Beam|p2b: Kommo-o\n|-supereffective|p2b: Kommo-o\n|-damage|p2b: Kommo-o|32\/100\n|\n|-weather|Snow|[upkeep]\n|-heal|p2b: Kommo-o|38\/100|[from] item: Leftovers\n|upkeep\n|turn|3\n|inactive|Greenbeen33 has 120 seconds left.\n|inactive|Greenbeen33 has 90 seconds left.\n|\n|t:|1699582713\n|-terastallize|p2a: Ninetales|Ice\n|move|p2a: Ninetales|Blizzard|p1b: Tinkaton|[spread] p1a,p1b\n|-resisted|p1a: Greninja\n|-resisted|p1b: Tinkaton\n|-damage|p1a: Greninja|22\/100\n|-damage|p1b: Tinkaton|75\/100\n|-status|p1b: Tinkaton|frz\n|-enditem|p1a: Greninja|Aguav Berry|[eat]\n|-heal|p1a: Greninja|55\/100|[from] item: Aguav Berry\n|move|p2b: Kommo-o|Clanging Scales|p1a: Greninja|[spread] p1a\n|-immune|p1b: Tinkaton\n|-damage|p1a: Greninja|0 fnt\n|faint|p1a: Greninja\n|-unboost|p2b: Kommo-o|def|1\n|cant|p1b: Tinkaton|frz\n|\n|-weather|Snow|[upkeep]\n|-heal|p2b: Kommo-o|44\/100|[from] item: Leftovers\n|-heal|p1b: Tinkaton|81\/100 frz|[from] item: Leftovers\n|upkeep\n|inactive|Greenbeen33 has 60 seconds left.\n|\n|t:|1699582736\n|switch|p1a: Noivern|Noivern, F|100\/100\n|turn|4\n|inactive|Greenbeen33 has 60 seconds left.\n|\n|t:|1699582762\n|cant|p1b: Tinkaton|frz\n|move|p2a: Ninetales|Blizzard|p1a: Noivern|[spread] p1a,p1b\n|-supereffective|p1a: Noivern\n|-resisted|p1b: Tinkaton\n|-enditem|p1a: Noivern|Focus Sash\n|-damage|p1a: Noivern|1\/100\n|-damage|p1b: Tinkaton|54\/100 frz\n|move|p2b: Kommo-o|Clanging Scales|p1b: Tinkaton|[spread] p1a\n|-immune|p1b: Tinkaton\n|-supereffective|p1a: Noivern\n|-damage|p1a: Noivern|0 fnt\n|faint|p1a: Noivern\n|-unboost|p2b: Kommo-o|def|1\n|\n|-weather|Snow|[upkeep]\n|-heal|p2b: Kommo-o|50\/100|[from] item: Leftovers\n|-heal|p1b: Tinkaton|60\/100 frz|[from] item: Leftovers\n|upkeep\n|\n|t:|1699582778\n|switch|p1a: Landorus|Landorus-Therian, M|100\/100\n|-ability|p1a: Landorus|Intimidate|boost\n|-unboost|p2a: Ninetales|atk|1\n|-unboost|p2b: Kommo-o|atk|1\n|turn|5\n|inactive|Greenbeen33 has 60 seconds left.\n|\n|t:|1699582799\n|move|p1a: Landorus|Protect|p1a: Landorus\n|-singleturn|p1a: Landorus|Protect\n|move|p2a: Ninetales|Blizzard|p1b: Tinkaton|[spread] p1b\n|-activate|p1a: Landorus|move: Protect\n|-resisted|p1b: Tinkaton\n|-crit|p1b: Tinkaton\n|-damage|p1b: Tinkaton|0 fnt\n|faint|p1b: Tinkaton\n|move|p2b: Kommo-o|Clanging Scales|p1a: Landorus\n|-activate|p1a: Landorus|move: Protect\n|\n|-weather|Snow|[upkeep]\n|-heal|p2b: Kommo-o|57\/100|[from] item: Leftovers\n|-sideend|p1: Greenbeen33|move: Light Screen\n|upkeep\n|\n|t:|1699582811\n|switch|p1b: Clefairy|Clefairy, F|100\/100\n|turn|6\n|inactive|Greenbeen33 has 60 seconds left.\n|\n|t:|1699582823\n|move|p1b: Clefairy|Follow Me|p1b: Clefairy\n|-singleturn|p1b: Clefairy|move: Follow Me\n|move|p2a: Ninetales|Blizzard|p1b: Clefairy|[spread] p1a,p1b\n|-supereffective|p1a: Landorus\n|-damage|p1a: Landorus|0 fnt\n|-damage|p1b: Clefairy|18\/100\n|faint|p1a: Landorus\n|move|p2b: Kommo-o|Boomburst|p1b: Clefairy|[spread] p2a,p1b\n|-damage|p2a: Ninetales|63\/100\n|-damage|p1b: Clefairy|0 fnt\n|faint|p1b: Clefairy\n|\n|-weather|none\n|-heal|p2b: Kommo-o|63\/100|[from] item: Leftovers\n|upkeep\n|-message|Greenbeen33 forfeited.\n|\n|win|funmna\n|raw|Greenbeen33's rating: 1000 &rarr; <strong>1000<\/strong><br \/>(+0 for losing)\n|raw|funmna's rating: 1125 &rarr; <strong>1141<\/strong><br \/>(+16 for winning)\n|l|\u2606Greenbeen33\n","uploadtime":1699583631,"views":22,"p1id":"greenbeen33","p2id":"funmna","formatid":"gen9doublesou","rating":1000,"private":0,"password":""}