{"id":"gen9doublesou-1988969665","p1":"Pasq22","p2":"Skeatchee","format":"[Gen 9] Doubles OU","log":"|j|\u2606Pasq22\n|j|\u2606Skeatchee\n|t:|1699796274\n|gametype|doubles\n|player|p1|Pasq22|red|1283\n|player|p2|Skeatchee|266|1113\n|teamsize|p1|6\n|teamsize|p2|6\n|gen|9\n|tier|[Gen 9] Doubles OU\n|rated|\n|rule|Species Clause: Limit one of each Pok\u00e9mon\n|rule|OHKO Clause: OHKO moves are banned\n|rule|Evasion Moves Clause: Evasion moves are banned\n|rule|Gravity Sleep Clause: The combination of sleep-inducing moves with imperfect accuracy and Gravity or Gigantamax Orbeetle are banned\n|rule|Endless Battle Clause: Forcing endless battles is banned\n|rule|HP Percentage Mod: HP is shown in percentages\n|clearpoke\n|poke|p1|Charizard, M|\n|poke|p1|Torkoal, M|\n|poke|p1|Landorus-Therian, M|\n|poke|p1|Scizor, F|\n|poke|p1|Murkrow, F|\n|poke|p1|Dragonite, M|\n|poke|p2|Electrode-Hisui|\n|poke|p2|Lurantis, F|\n|poke|p2|Grafaiai, M|\n|poke|p2|Milotic, F|\n|poke|p2|Bronzong|\n|poke|p2|Rillaboom, F|\n|teampreview\n|inactive|Battle timer is ON: inactive players will automatically lose when time's up. (requested by Pasq22)\n|inactive|Pasq22 has 120 seconds left.\n|\n|t:|1699796318\n|start\n|switch|p1a: Murkrow|Murkrow, F|100\/100\n|switch|p1b: Landorus|Landorus-Therian, M|100\/100\n|switch|p2a: Lurantis|Lurantis, F|100\/100\n|switch|p2b: Grafaiai|Grafaiai, M|100\/100\n|-ability|p1b: Landorus|Intimidate|boost\n|-boost|p2a: Lurantis|atk|1\n|-unboost|p2b: Grafaiai|atk|1\n|turn|1\n|inactive|Skeatchee has 120 seconds left.\n|\n|t:|1699796360\n|move|p2b: Grafaiai|Parting Shot|p2a: Lurantis\n|-boost|p2a: Lurantis|atk|1\n|-boost|p2a: Lurantis|spa|1\n|\n|t:|1699796367\n|switch|p2b: Rillaboom|Rillaboom, F|100\/100|[from] Parting Shot\n|-fieldstart|move: Grassy Terrain|[from] ability: Grassy Surge|[of] p2b: Rillaboom\n|move|p1a: Murkrow|Taunt|p2b: Rillaboom\n|-start|p2b: Rillaboom|move: Taunt\n|move|p1b: Landorus|Stomping Tantrum|p2b: Rillaboom\n|-resisted|p2b: Rillaboom\n|-crit|p2b: Rillaboom\n|-damage|p2b: Rillaboom|66\/100\n|move|p2a: Lurantis|Superpower|p1a: Murkrow\n|-enditem|p1a: Murkrow|Focus Sash\n|-damage|p1a: Murkrow|1\/100\n|-boost|p2a: Lurantis|atk|1\n|-boost|p2a: Lurantis|def|1\n|\n|-heal|p2b: Rillaboom|72\/100|[from] Grassy Terrain\n|upkeep\n|turn|2\n|inactive|Skeatchee has 120 seconds left.\n|\n|t:|1699796397\n|move|p2b: Rillaboom|Fake Out|p1a: Murkrow\n|-damage|p1a: Murkrow|0 fnt\n|faint|p1a: Murkrow\n|move|p1b: Landorus|U-turn|p2a: Lurantis\n|-supereffective|p2a: Lurantis\n|-damage|p2a: Lurantis|62\/100\n|inactive|Pasq22 has 120 seconds left.\n|\n|t:|1699796409\n|switch|p1b: Torkoal|Torkoal, M|100\/100|[from] U-turn\n|-weather|SunnyDay|[from] ability: Drought|[of] p1b: Torkoal\n|move|p2a: Lurantis|Petal Blizzard|p1b: Torkoal|[spread] p2b,p1b\n|-resisted|p2b: Rillaboom\n|-resisted|p1b: Torkoal\n|-damage|p2b: Rillaboom|9\/100\n|-damage|p1b: Torkoal|64\/100\n|\n|-weather|SunnyDay|[upkeep]\n|-heal|p2b: Rillaboom|15\/100|[from] Grassy Terrain\n|-heal|p2a: Lurantis|68\/100|[from] Grassy Terrain\n|-heal|p1b: Torkoal|70\/100|[from] Grassy Terrain\n|upkeep\n|inactive|Pasq22 has 120 seconds left.\n|\n|t:|1699796427\n|switch|p1a: Charizard|Charizard, M|100\/100\n|turn|3\n|inactive|Skeatchee has 120 seconds left.\n|\n|t:|1699796469\n|-terastallize|p2a: Lurantis|Fire\n|move|p1a: Charizard|Heat Wave|p2b: Rillaboom|[spread] p2a,p2b\n|-resisted|p2a: Lurantis\n|-supereffective|p2b: Rillaboom\n|-damage|p2a: Lurantis|44\/100\n|-damage|p2b: Rillaboom|0 fnt\n|faint|p2b: Rillaboom\n|move|p2a: Lurantis|Superpower|p1b: Torkoal\n|-damage|p1b: Torkoal|0 fnt\n|-boost|p2a: Lurantis|atk|1\n|-boost|p2a: Lurantis|def|1\n|faint|p1b: Torkoal\n|\n|-weather|SunnyDay|[upkeep]\n|-damage|p1a: Charizard|88\/100|[from] ability: Solar Power|[of] p1a: Charizard\n|-heal|p2a: Lurantis|50\/100|[from] Grassy Terrain\n|upkeep\n|inactive|Skeatchee has 120 seconds left.\n|inactive|Pasq22 has 120 seconds left.\n|\n|t:|1699796500\n|switch|p2b: Milotic|Milotic, F|100\/100\n|switch|p1b: Landorus|Landorus-Therian, M|100\/100\n|-ability|p1b: Landorus|Intimidate|boost\n|-boost|p2a: Lurantis|atk|1\n|-unboost|p2b: Milotic|atk|1\n|-ability|p2b: Milotic|Competitive|boost\n|-boost|p2b: Milotic|spa|2\n|-enditem|p2b: Milotic|Grassy Seed\n|-boost|p2b: Milotic|def|1|[from] item: Grassy Seed\n|turn|4\n|\n|t:|1699796515\n|move|p2a: Lurantis|Grassy Glide|p1b: Landorus\n|-damage|p1b: Landorus|0 fnt\n|faint|p1b: Landorus\n|move|p1a: Charizard|Solar Beam||[still]\n|-prepare|p1a: Charizard|Solar Beam\n|-anim|p1a: Charizard|Solar Beam|p2b: Milotic\n|-supereffective|p2b: Milotic\n|-damage|p2b: Milotic|26\/100\n|move|p2b: Milotic|Life Dew|p2b: Milotic|[spread] p2a,p2b\n|-heal|p2a: Lurantis|75\/100\n|-heal|p2b: Milotic|51\/100\n|\n|-weather|SunnyDay|[upkeep]\n|-damage|p1a: Charizard|76\/100|[from] ability: Solar Power|[of] p1a: Charizard\n|-heal|p2b: Milotic|57\/100|[from] Grassy Terrain\n|-heal|p2a: Lurantis|81\/100|[from] Grassy Terrain\n|upkeep\n|inactive|Pasq22 has 120 seconds left.\n|\n|t:|1699796539\n|switch|p1b: Scizor|Scizor, F|100\/100\n|turn|5\n|\n|t:|1699796551\n|move|p1a: Charizard|Focus Blast|p2a: Lurantis\n|-damage|p2a: Lurantis|44\/100\n|move|p2b: Milotic|Life Dew|p2b: Milotic|[spread] p2a,p2b\n|-heal|p2a: Lurantis|69\/100\n|-heal|p2b: Milotic|82\/100\n|move|p1b: Scizor|Close Combat|p2a: Lurantis\n|-damage|p2a: Lurantis|45\/100\n|-unboost|p1b: Scizor|def|1\n|-unboost|p1b: Scizor|spd|1\n|move|p2a: Lurantis|Superpower|p1b: Scizor\n|-damage|p1b: Scizor|0 fnt\n|-boost|p2a: Lurantis|atk|1\n|-boost|p2a: Lurantis|def|1\n|faint|p1b: Scizor\n|\n|-weather|SunnyDay|[upkeep]\n|-damage|p1a: Charizard|63\/100|[from] ability: Solar Power|[of] p1a: Charizard\n|-heal|p2b: Milotic|88\/100|[from] Grassy Terrain\n|-heal|p2a: Lurantis|51\/100|[from] Grassy Terrain\n|upkeep\n|\n|t:|1699796557\n|switch|p1b: Dragonite|Dragonite, M|100\/100\n|turn|6\n|-message|Pasq22 forfeited.\n|\n|win|Skeatchee\n|raw|Pasq22's rating: 1283 &rarr; <strong>1247<\/strong><br \/>(-36 for losing)\n|raw|Skeatchee's rating: 1113 &rarr; <strong>1149<\/strong><br \/>(+36 for winning)\n|l|\u2606Pasq22\n","uploadtime":1699796579,"views":5,"p1id":"pasq22","p2id":"skeatchee","formatid":"gen9doublesou","rating":1149,"private":0,"password":""}