{"id":"gen9doublesou-1974671711","p1":"weredidyoucomefrom","p2":"pignitewaggy","format":"[Gen 9] Doubles OU","log":"|j|\u2606weredidyoucomefrom\n|j|\u2606pignitewaggy\n|t:|1698108896\n|gametype|doubles\n|player|p1|weredidyoucomefrom|1|1080\n|player|p2|pignitewaggy|1|1104\n|teamsize|p1|6\n|teamsize|p2|6\n|gen|9\n|tier|[Gen 9] Doubles OU\n|rated|\n|rule|Species Clause: Limit one of each Pok\u00e9mon\n|rule|OHKO Clause: OHKO moves are banned\n|rule|Evasion Moves Clause: Evasion moves are banned\n|rule|Gravity Sleep Clause: The combination of sleep-inducing moves with imperfect accuracy and Gravity or Gigantamax Orbeetle are banned\n|rule|Endless Battle Clause: Forcing endless battles is banned\n|rule|HP Percentage Mod: HP is shown in percentages\n|clearpoke\n|poke|p1|Ogerpon-Wellspring, F|\n|poke|p1|Glimmora, M|\n|poke|p1|Walking Wake|\n|poke|p1|Flutter Mane|\n|poke|p1|Kingambit, M|\n|poke|p1|Okidogi, M|\n|poke|p2|Gyarados, M|\n|poke|p2|Tornadus, M|\n|poke|p2|Iron Hands|\n|poke|p2|Orthworm, F|\n|poke|p2|Tauros-Paldea-Blaze, M|\n|poke|p2|Oranguru, M|\n|teampreview\n|\n|t:|1698108903\n|start\n|switch|p1a: Glimmora|Glimmora, M|100\/100\n|switch|p1b: Kingambit|Kingambit, M|100\/100\n|switch|p2a: Tornadus|Tornadus, M, shiny|100\/100\n|switch|p2b: Orthworm|Orthworm, F|100\/100\n|turn|1\n|\n|t:|1698108937\n|move|p2a: Tornadus|Tailwind|p2a: Tornadus\n|-sidestart|p2: pignitewaggy|move: Tailwind\n|move|p2b: Orthworm|Shed Tail|p2b: Orthworm\n|-start|p2b: Orthworm|Substitute|[from] move: Shed Tail\n|-damage|p2b: Orthworm|50\/100\n|-enditem|p2b: Orthworm|Sitrus Berry|[eat]\n|-heal|p2b: Orthworm|75\/100|[from] item: Sitrus Berry\n|\n|t:|1698108945\n|switch|p2b: Gyarados|Gyarados, M|100\/100|[from] Shed Tail\n|-ability|p2b: Gyarados|Intimidate|boost\n|-unboost|p1a: Glimmora|atk|1\n|-unboost|p1b: Kingambit|atk|1\n|move|p1a: Glimmora|Stealth Rock|p2b: Gyarados\n|-sidestart|p2: pignitewaggy|move: Stealth Rock\n|move|p1b: Kingambit|Brick Break|p2b: Gyarados\n|-resisted|p2b: Gyarados\n|-activate|p2b: Gyarados|move: Substitute|[damage]\n|\n|upkeep\n|turn|2\n|\n|t:|1698108967\n|move|p2a: Tornadus|U-turn|p1b: Kingambit\n|-damage|p1b: Kingambit|89\/100\n|\n|t:|1698108971\n|switch|p2a: Oranguru|Oranguru, M|100\/100|[from] U-turn\n|-damage|p2a: Oranguru|88\/100|[from] Stealth Rock\n|move|p2b: Gyarados|Dragon Dance|p2b: Gyarados\n|-boost|p2b: Gyarados|atk|1\n|-boost|p2b: Gyarados|spe|1\n|move|p1a: Glimmora|Toxic Spikes|p2a: Oranguru\n|-sidestart|p2: pignitewaggy|move: Toxic Spikes\n|move|p1b: Kingambit|Kowtow Cleave|p2b: Gyarados\n|-end|p2b: Gyarados|Substitute\n|\n|upkeep\n|turn|3\n|\n|t:|1698108988\n|-end|p1b: Kingambit|fallenundefined|[silent]\n|switch|p1b: Flutter Mane|Flutter Mane|100\/100\n|move|p2b: Gyarados|Waterfall|p1b: Flutter Mane\n|-damage|p1b: Flutter Mane|0 fnt\n|faint|p1b: Flutter Mane\n|-end|p1b: Flutter Mane|Protosynthesis|[silent]\n|move|p2a: Oranguru|Instruct|p2b: Gyarados\n|-singleturn|p2b: Gyarados|move: Instruct|[of] p2a: Oranguru\n|move|p2b: Gyarados|Waterfall|p1a: Glimmora\n|-supereffective|p1a: Glimmora\n|-damage|p1a: Glimmora|0 fnt\n|-activate|p1a: Glimmora|ability: Toxic Debris\n|-sidestart|p2: pignitewaggy|move: Toxic Spikes\n|faint|p1a: Glimmora\n|\n|upkeep\n|\n|t:|1698109006\n|switch|p1b: Kingambit|Kingambit, M|89\/100\n|switch|p1a: Okidogi|Okidogi, M|100\/100\n|-activate|p1b: Kingambit|ability: Supreme Overlord\n|-start|p1b: Kingambit|fallen2|[silent]\n|turn|4\n|\n|t:|1698109028\n|move|p2b: Gyarados|Waterfall|p1b: Kingambit\n|-crit|p1b: Kingambit\n|-damage|p1b: Kingambit|16\/100\n|-enditem|p1b: Kingambit|Iapapa Berry|[eat]\n|-heal|p1b: Kingambit|50\/100|[from] item: Iapapa Berry\n|move|p2a: Oranguru|Instruct|p2b: Gyarados\n|-singleturn|p2b: Gyarados|move: Instruct|[of] p2a: Oranguru\n|move|p2b: Gyarados|Waterfall|p1b: Kingambit\n|-damage|p1b: Kingambit|0 fnt\n|faint|p1b: Kingambit\n|-end|p1b: Kingambit|fallen2|[silent]\n|move|p1a: Okidogi|Ice Fang|p2b: Gyarados\n|-damage|p2b: Gyarados|71\/100\n|-status|p2b: Gyarados|tox|[from] ability: Toxic Chain|[of] p1a: Okidogi\n|\n|-damage|p2b: Gyarados|65\/100 tox|[from] psn\n|-sideend|p2: pignitewaggy|move: Tailwind\n|upkeep\n|\n|t:|1698109035\n|switch|p1b: Ogerpon|Ogerpon-Wellspring, F|100\/100\n|turn|5\n|\n|t:|1698109053\n|move|p1b: Ogerpon|Spiky Shield|p1b: Ogerpon\n|-singleturn|p1b: Ogerpon|move: Protect\n|move|p2b: Gyarados|Earthquake|p1a: Okidogi|[spread] p1a\n|-activate|p1b: Ogerpon|move: Protect\n|-activate|p2a: Oranguru|ability: Telepathy\n|-supereffective|p1a: Okidogi\n|-damage|p1a: Okidogi|39\/100\n|move|p1a: Okidogi|Body Press|p2b: Gyarados\n|-resisted|p2b: Gyarados\n|-damage|p2b: Gyarados|44\/100 tox\n|move|p2a: Oranguru|Instruct|p2b: Gyarados\n|-singleturn|p2b: Gyarados|move: Instruct|[of] p2a: Oranguru\n|move|p2b: Gyarados|Earthquake|p1a: Okidogi|[spread] p1a\n|-activate|p1b: Ogerpon|move: Protect\n|-activate|p2a: Oranguru|ability: Telepathy\n|-supereffective|p1a: Okidogi\n|-damage|p1a: Okidogi|0 fnt\n|faint|p1a: Okidogi\n|\n|-damage|p2b: Gyarados|32\/100 tox|[from] psn\n|upkeep\n|\n|t:|1698109072\n|switch|p1a: Walking Wake|Walking Wake|100\/100\n|turn|6\n|\n|t:|1698109087\n|move|p2b: Gyarados|Earthquake|p1a: Walking Wake|[spread] p1a,p1b\n|-activate|p2a: Oranguru|ability: Telepathy\n|-resisted|p1b: Ogerpon\n|-damage|p1a: Walking Wake|51\/100\n|-damage|p1b: Ogerpon|74\/100\n|move|p1b: Ogerpon|Ivy Cudgel|p2a: Oranguru\n|-damage|p2a: Oranguru|34\/100\n|move|p1a: Walking Wake|Dragon Pulse|p2a: Oranguru\n|-damage|p2a: Oranguru|11\/100\n|move|p2a: Oranguru|Instruct|p2b: Gyarados\n|-singleturn|p2b: Gyarados|move: Instruct|[of] p2a: Oranguru\n|move|p2b: Gyarados|Earthquake|p1b: Ogerpon|[spread] p1a,p1b\n|-activate|p2a: Oranguru|ability: Telepathy\n|-resisted|p1b: Ogerpon\n|-damage|p1a: Walking Wake|8\/100\n|-damage|p1b: Ogerpon|50\/100\n|\n|-damage|p2b: Gyarados|13\/100 tox|[from] psn\n|upkeep\n|turn|7\n|c|\u2606pignitewaggy|Unlucky damage\n|\n|t:|1698109125\n|move|p2b: Gyarados|Earthquake|p1a: Walking Wake|[spread] p1a,p1b\n|-activate|p2a: Oranguru|ability: Telepathy\n|-resisted|p1b: Ogerpon\n|-damage|p1a: Walking Wake|0 fnt\n|-damage|p1b: Ogerpon|26\/100\n|faint|p1a: Walking Wake\n|-end|p1a: Walking Wake|Protosynthesis|[silent]\n|move|p1b: Ogerpon|Giga Drain|p2b: Gyarados\n|-damage|p2b: Gyarados|0 fnt\n|-heal|p1b: Ogerpon|32\/100|[from] drain|[of] p2b: Gyarados\n|faint|p2b: Gyarados\n|move|p2a: Oranguru|Psychic|p1b: Ogerpon\n|-damage|p1b: Ogerpon|5\/100\n|\n|upkeep\n|\n|t:|1698109136\n|switch|p2b: Tornadus|Tornadus, M, shiny|100\/100\n|-damage|p2b: Tornadus|76\/100|[from] Stealth Rock\n|turn|8\n|\n|t:|1698109144\n|-terastallize|p1b: Ogerpon|Water\n|detailschange|p1b: Ogerpon|Ogerpon-Wellspring-Tera, F, tera:Water\n|-ability|p1b: Ogerpon|Embody Aspect (Wellspring)|boost\n|-boost|p1b: Ogerpon|spd|1\n|move|p1b: Ogerpon|Spiky Shield|p1b: Ogerpon\n|-singleturn|p1b: Ogerpon|move: Protect\n|move|p2b: Tornadus|Knock Off|p1b: Ogerpon\n|-activate|p1b: Ogerpon|move: Protect\n|-damage|p2b: Tornadus|63\/100|[from] Spiky Shield|[of] p1b: Ogerpon\n|move|p2a: Oranguru|Instruct|p2b: Tornadus\n|-singleturn|p2b: Tornadus|move: Instruct|[of] p2a: Oranguru\n|move|p2b: Tornadus|Knock Off|p1b: Ogerpon\n|-activate|p1b: Ogerpon|move: Protect\n|-damage|p2b: Tornadus|51\/100|[from] Spiky Shield|[of] p1b: Ogerpon\n|\n|upkeep\n|turn|9\n|\n|t:|1698109160\n|move|p1b: Ogerpon|Spiky Shield||[still]\n|-fail|p1b: Ogerpon\n|move|p2b: Tornadus|Knock Off|p1b: Ogerpon\n|-damage|p1b: Ogerpon|0 fnt\n|faint|p1b: Ogerpon\n|\n|win|pignitewaggy\n|raw|weredidyoucomefrom's rating: 1080 &rarr; <strong>1060<\/strong><br \/>(-20 for losing)\n|raw|pignitewaggy's rating: 1104 &rarr; <strong>1127<\/strong><br \/>(+23 for winning)\n|c|\u2606pignitewaggy|GG\n","uploadtime":1698109183,"views":25,"p1id":"weredidyoucomefrom","p2id":"pignitewaggy","formatid":"gen9doublesou","rating":1060,"private":0,"password":""}