{"id":"gen9doublesou-1999856675","p1":"Pynoswine","p2":"ButterDeButtery","format":"[Gen 9] Doubles OU","log":"|j|\u2606Pynoswine\n|j|\u2606ButterDeButtery\n|t:|1701123288\n|gametype|doubles\n|player|p1|Pynoswine|169|1193\n|player|p2|ButterDeButtery|waitress|1270\n|teamsize|p1|6\n|teamsize|p2|6\n|gen|9\n|tier|[Gen 9] Doubles OU\n|rated|\n|rule|Species Clause: Limit one of each Pok\u00e9mon\n|rule|OHKO Clause: OHKO moves are banned\n|rule|Evasion Moves Clause: Evasion moves are banned\n|rule|Gravity Sleep Clause: The combination of sleep-inducing moves with imperfect accuracy and Gravity or Gigantamax Orbeetle are banned\n|rule|Endless Battle Clause: Forcing endless battles is banned\n|rule|HP Percentage Mod: HP is shown in percentages\n|clearpoke\n|poke|p1|Torkoal, F|\n|poke|p1|Politoed, M|\n|poke|p1|Volcanion|\n|poke|p1|Iron Bundle|\n|poke|p1|Victreebel, F|\n|poke|p1|Baxcalibur, M|\n|poke|p2|Garganacl, F|\n|poke|p2|Amoonguss, M|\n|poke|p2|Chandelure, M|\n|poke|p2|Orthworm, F|\n|poke|p2|Ribombee, F|\n|poke|p2|Iron Bundle|\n|teampreview\n|\n|t:|1701123325\n|start\n|switch|p1a: Torkoal|Torkoal, F|100\/100\n|switch|p1b: Victreebel|Victreebel, F|100\/100\n|switch|p2a: Garganacl|Garganacl, F|100\/100\n|switch|p2b: Ribombee|Ribombee, F|100\/100\n|-weather|SunnyDay|[from] ability: Drought|[of] p1a: Torkoal\n|turn|1\n|\n|t:|1701123359\n|move|p1b: Victreebel|Solar Beam||[still]\n|-prepare|p1b: Victreebel|Solar Beam\n|-anim|p1b: Victreebel|Solar Beam|p2a: Garganacl\n|-supereffective|p2a: Garganacl\n|-damage|p2a: Garganacl|0 fnt\n|faint|p2a: Garganacl\n|move|p2b: Ribombee|Sticky Web|p1a: Torkoal\n|-sidestart|p1: Pynoswine|move: Sticky Web\n|move|p1a: Torkoal|Gyro Ball|p2b: Ribombee\n|-supereffective|p2b: Ribombee\n|-damage|p2b: Ribombee|0 fnt\n|faint|p2b: Ribombee\n|\n|-weather|SunnyDay|[upkeep]\n|upkeep\n|\n|t:|1701123380\n|switch|p2b: Amoonguss|Amoonguss, M|100\/100\n|switch|p2a: Chandelure|Chandelure, M|100\/100\n|turn|2\n|\n|t:|1701123397\n|move|p1b: Victreebel|Weather Ball|p2b: Amoonguss\n|-supereffective|p2b: Amoonguss\n|-damage|p2b: Amoonguss|33\/100\n|move|p2a: Chandelure|Heat Wave|p1b: Victreebel|[spread] p1a,p1b\n|-resisted|p1a: Torkoal\n|-supereffective|p1b: Victreebel\n|-damage|p1a: Torkoal|69\/100\n|-damage|p1b: Victreebel|0 fnt\n|faint|p1b: Victreebel\n|move|p2b: Amoonguss|Spore|p1a: Torkoal\n|-status|p1a: Torkoal|slp|[from] move: Spore\n|cant|p1a: Torkoal|slp\n|\n|-weather|SunnyDay|[upkeep]\n|-heal|p2b: Amoonguss|40\/100|[from] item: Leftovers\n|upkeep\n|\n|t:|1701123424\n|switch|p1b: Baxcalibur|Baxcalibur, M|100\/100\n|-activate|p1b: Baxcalibur|move: Sticky Web\n|-unboost|p1b: Baxcalibur|spe|1\n|turn|3\n|\n|t:|1701123442\n|switch|p1a: Politoed|Politoed, M, shiny|100\/100\n|-activate|p1a: Politoed|move: Sticky Web\n|-unboost|p1a: Politoed|spe|1\n|-weather|RainDance|[from] ability: Drizzle|[of] p1a: Politoed\n|move|p2a: Chandelure|Heat Wave|p1a: Politoed|[spread] p1a,p1b\n|-resisted|p1a: Politoed\n|-damage|p1a: Politoed|92\/100\n|-damage|p1b: Baxcalibur|78\/100\n|-ability|p1b: Baxcalibur|Thermal Exchange|boost\n|-boost|p1b: Baxcalibur|atk|1\n|move|p1b: Baxcalibur|Icicle Crash|p2b: Amoonguss|[miss]\n|-miss|p1b: Baxcalibur|p2b: Amoonguss\n|move|p2b: Amoonguss|Spore|p1b: Baxcalibur\n|-status|p1b: Baxcalibur|slp|[from] move: Spore\n|\n|-weather|RainDance|[upkeep]\n|-heal|p2b: Amoonguss|46\/100|[from] item: Leftovers\n|upkeep\n|turn|4\n|\n|t:|1701123472\n|switch|p2a: Iron Bundle|Iron Bundle|100\/100\n|cant|p1b: Baxcalibur|slp\n|move|p1a: Politoed|Hydro Pump|p2a: Iron Bundle\n|-resisted|p2a: Iron Bundle\n|-damage|p2a: Iron Bundle|26\/100\n|move|p2b: Amoonguss|Spore|p1a: Politoed\n|-status|p1a: Politoed|slp|[from] move: Spore\n|\n|-weather|RainDance|[upkeep]\n|-heal|p2b: Amoonguss|52\/100|[from] item: Leftovers\n|upkeep\n|turn|5\n|\n|t:|1701123527\n|move|p2a: Iron Bundle|Freeze-Dry|p1a: Politoed\n|-supereffective|p1a: Politoed\n|-crit|p1a: Politoed\n|-damage|p1a: Politoed|0 fnt\n|faint|p1a: Politoed\n|cant|p1b: Baxcalibur|slp\n|move|p2b: Amoonguss|Clear Smog|p1b: Baxcalibur\n|-damage|p1b: Baxcalibur|61\/100 slp\n|-clearboost|p1b: Baxcalibur\n|\n|-weather|RainDance|[upkeep]\n|-heal|p2b: Amoonguss|58\/100|[from] item: Leftovers\n|upkeep\n|\n|t:|1701123562\n|switch|p1a: Volcanion|Volcanion|100\/100\n|-activate|p1a: Volcanion|move: Sticky Web\n|-unboost|p1a: Volcanion|spe|1\n|turn|6\n|\n|t:|1701123581\n|switch|p1b: Torkoal|Torkoal, F|69\/100 slp\n|-activate|p1b: Torkoal|move: Sticky Web\n|-unboost|p1b: Torkoal|spe|1\n|-weather|SunnyDay|[from] ability: Drought|[of] p1b: Torkoal\n|move|p2a: Iron Bundle|Freeze-Dry|p1a: Volcanion\n|-damage|p1a: Volcanion|31\/100\n|move|p1a: Volcanion|Heat Wave|p2b: Amoonguss|[spread] p2a,p2b\n|-supereffective|p2b: Amoonguss\n|-damage|p2a: Iron Bundle|0 fnt\n|-damage|p2b: Amoonguss|0 fnt\n|faint|p2a: Iron Bundle\n|-end|p2a: Iron Bundle|Quark Drive|[silent]\n|faint|p2b: Amoonguss\n|\n|-weather|SunnyDay|[upkeep]\n|upkeep\n|\n|t:|1701123595\n|switch|p2a: Chandelure|Chandelure, M|100\/100\n|switch|p2b: Orthworm|Orthworm, F|100\/100\n|turn|7\n|\n|t:|1701123606\n|move|p2a: Chandelure|Shadow Ball|p1a: Volcanion\n|-damage|p1a: Volcanion|0 fnt\n|faint|p1a: Volcanion\n|move|p2b: Orthworm|Coil|p2b: Orthworm\n|-boost|p2b: Orthworm|atk|1\n|-boost|p2b: Orthworm|def|1\n|-boost|p2b: Orthworm|accuracy|1\n|cant|p1b: Torkoal|slp\n|\n|-weather|SunnyDay|[upkeep]\n|upkeep\n|\n|t:|1701123622\n|switch|p1a: Baxcalibur|Baxcalibur, M|61\/100 slp\n|-activate|p1a: Baxcalibur|move: Sticky Web\n|-unboost|p1a: Baxcalibur|spe|1\n|turn|8\n|\n|t:|1701123657\n|move|p2a: Chandelure|Shadow Ball|p1b: Torkoal\n|-damage|p1b: Torkoal|18\/100 slp\n|-curestatus|p1a: Baxcalibur|slp|[msg]\n|move|p1a: Baxcalibur|Glaive Rush|p2a: Chandelure\n|-damage|p2a: Chandelure|0 fnt\n|-singlemove|p1a: Baxcalibur|Glaive Rush|[silent]\n|faint|p2a: Chandelure\n|-damage|p1a: Baxcalibur|51\/100|[from] item: Life Orb\n|move|p2b: Orthworm|Iron Head|p1a: Baxcalibur\n|-supereffective|p1a: Baxcalibur\n|-damage|p1a: Baxcalibur|0 fnt\n|faint|p1a: Baxcalibur\n|cant|p1b: Torkoal|slp\n|\n|-weather|SunnyDay|[upkeep]\n|upkeep\n|\n|t:|1701123674\n|switch|p1a: Iron Bundle|Iron Bundle|100\/100\n|-activate|p1a: Iron Bundle|move: Sticky Web\n|-unboost|p1a: Iron Bundle|spe|1\n|turn|9\n|\n|t:|1701123702\n|move|p1a: Iron Bundle|Hydro Pump|p2b: Orthworm\n|-damage|p2b: Orthworm|58\/100\n|move|p2b: Orthworm|Earthquake|p1a: Iron Bundle|[spread] p1a,p1b\n|-supereffective|p1b: Torkoal\n|-damage|p1a: Iron Bundle|63\/100\n|-damage|p1b: Torkoal|0 fnt\n|faint|p1b: Torkoal\n|\n|-weather|SunnyDay|[upkeep]\n|-heal|p2b: Orthworm|64\/100|[from] item: Leftovers\n|upkeep\n|turn|10\n|\n|t:|1701123718\n|-terastallize|p2b: Orthworm|Electric\n|move|p1a: Iron Bundle|Hydro Pump|p2b: Orthworm\n|-damage|p2b: Orthworm|23\/100\n|move|p2b: Orthworm|Tera Blast|p1a: Iron Bundle|[anim] Tera Blast Electric\n|-supereffective|p1a: Iron Bundle\n|-damage|p1a: Iron Bundle|0 fnt\n|faint|p1a: Iron Bundle\n|-end|p1a: Iron Bundle|Quark Drive|[silent]\n|\n|win|ButterDeButtery\n|raw|Pynoswine's rating: 1193 &rarr; <strong>1173<\/strong><br \/>(-20 for losing)\n|raw|ButterDeButtery's rating: 1270 &rarr; <strong>1290<\/strong><br \/>(+20 for winning)\n","uploadtime":1701123726,"views":3,"p1id":"pynoswine","p2id":"butterdebuttery","formatid":"gen9doublesou","rating":1173,"private":0,"password":""}