{"id":"gen9doublesou-1979113660","p1":"IndiaPaleWhAle","p2":"Fire410","format":"[Gen 9] Doubles OU","log":"|j|\u2606IndiaPaleWhAle\n|j|\u2606Fire410\n|t:|1698634004\n|gametype|doubles\n|player|p1|IndiaPaleWhAle|musician|1372\n|player|p2|Fire410|koga|1297\n|teamsize|p1|6\n|teamsize|p2|6\n|gen|9\n|tier|[Gen 9] Doubles OU\n|rated|\n|rule|Species Clause: Limit one of each Pok\u00e9mon\n|rule|OHKO Clause: OHKO moves are banned\n|rule|Evasion Moves Clause: Evasion moves are banned\n|rule|Gravity Sleep Clause: The combination of sleep-inducing moves with imperfect accuracy and Gravity or Gigantamax Orbeetle are banned\n|rule|Endless Battle Clause: Forcing endless battles is banned\n|rule|HP Percentage Mod: HP is shown in percentages\n|clearpoke\n|poke|p1|Dachsbun, M|\n|poke|p1|Armarouge, M|\n|poke|p1|Indeedee-F, F|\n|poke|p1|Hawlucha, M|\n|poke|p1|Torkoal, F|\n|poke|p1|Leafeon, M|\n|poke|p2|Iron Hands|\n|poke|p2|Landorus-Therian, M|\n|poke|p2|Ogerpon-Wellspring, F|\n|poke|p2|Tornadus, M|\n|poke|p2|Sinistcha-Masterpiece|\n|poke|p2|Iron Bundle|\n|teampreview\n|inactive|Battle timer is ON: inactive players will automatically lose when time's up. (requested by IndiaPaleWhAle)\n|\n|t:|1698634035\n|start\n|switch|p1a: \ud83c\udfb7\ud83d\udc13|Indeedee-F, F|100\/100\n|switch|p1b: \ud83c\udf78 Martini \ud83c\udf78|Hawlucha, M, shiny|100\/100\n|switch|p2a: Ogerpon|Ogerpon-Wellspring, F|100\/100\n|switch|p2b: Landorus|Landorus-Therian, M|100\/100\n|-ability|p2b: Landorus|Intimidate|boost\n|-unboost|p1a: \ud83c\udfb7\ud83d\udc13|atk|1\n|-unboost|p1b: \ud83c\udf78 Martini \ud83c\udf78|atk|1\n|-fieldstart|move: Psychic Terrain|[from] ability: Psychic Surge|[of] p1a: \ud83c\udfb7\ud83d\udc13\n|-enditem|p1b: \ud83c\udf78 Martini \ud83c\udf78|Psychic Seed\n|-boost|p1b: \ud83c\udf78 Martini \ud83c\udf78|spd|1|[from] item: Psychic Seed\n|turn|1\n|\n|t:|1698634052\n|-terastallize|p2a: Ogerpon|Water\n|detailschange|p2a: Ogerpon|Ogerpon-Wellspring-Tera, F, tera:Water\n|-ability|p2a: Ogerpon|Embody Aspect (Wellspring)|boost\n|-boost|p2a: Ogerpon|spd|1\n|move|p1a: \ud83c\udfb7\ud83d\udc13|Follow Me|p1a: \ud83c\udfb7\ud83d\udc13\n|-singleturn|p1a: \ud83c\udfb7\ud83d\udc13|move: Follow Me\n|move|p1b: \ud83c\udf78 Martini \ud83c\udf78|Swords Dance|p1b: \ud83c\udf78 Martini \ud83c\udf78\n|-boost|p1b: \ud83c\udf78 Martini \ud83c\udf78|atk|2\n|move|p2b: Landorus|U-turn|p1a: \ud83c\udfb7\ud83d\udc13\n|-supereffective|p1a: \ud83c\udfb7\ud83d\udc13\n|-damage|p1a: \ud83c\udfb7\ud83d\udc13|49\/100\n|\n|t:|1698634062\n|switch|p2b: Tornadus|Tornadus, M|100\/100|[from] U-turn\n|move|p2a: Ogerpon|Swords Dance|p2a: Ogerpon\n|-boost|p2a: Ogerpon|atk|2\n|\n|upkeep\n|turn|2\n|\n|t:|1698634078\n|move|p2a: Ogerpon|Spiky Shield|p2a: Ogerpon\n|-singleturn|p2a: Ogerpon|move: Protect\n|move|p1a: \ud83c\udfb7\ud83d\udc13|Protect|p1a: \ud83c\udfb7\ud83d\udc13\n|-singleturn|p1a: \ud83c\udfb7\ud83d\udc13|Protect\n|move|p2b: Tornadus|Tailwind|p2b: Tornadus\n|-sidestart|p2: Fire410|move: Tailwind\n|move|p1b: \ud83c\udf78 Martini \ud83c\udf78|Acrobatics|p2a: Ogerpon\n|-activate|p2a: Ogerpon|move: Protect\n|-damage|p1b: \ud83c\udf78 Martini \ud83c\udf78|88\/100|[from] Spiky Shield|[of] p2a: Ogerpon\n|\n|upkeep\n|turn|3\n|\n|t:|1698634099\n|move|p1a: \ud83c\udfb7\ud83d\udc13|Follow Me|p1a: \ud83c\udfb7\ud83d\udc13\n|-singleturn|p1a: \ud83c\udfb7\ud83d\udc13|move: Follow Me\n|move|p2b: Tornadus|Bleakwind Storm|p1a: \ud83c\udfb7\ud83d\udc13|[spread] p1a,p1b\n|-supereffective|p1b: \ud83c\udf78 Martini \ud83c\udf78\n|-damage|p1a: \ud83c\udfb7\ud83d\udc13|19\/100\n|-damage|p1b: \ud83c\udf78 Martini \ud83c\udf78|21\/100\n|-unboost|p1a: \ud83c\udfb7\ud83d\udc13|spe|1\n|-unboost|p1b: \ud83c\udf78 Martini \ud83c\udf78|spe|1\n|move|p2a: Ogerpon|Ivy Cudgel|p1a: \ud83c\udfb7\ud83d\udc13\n|-damage|p1a: \ud83c\udfb7\ud83d\udc13|0 fnt\n|faint|p1a: \ud83c\udfb7\ud83d\udc13\n|move|p1b: \ud83c\udf78 Martini \ud83c\udf78|Acrobatics|p2a: Ogerpon\n|-damage|p2a: Ogerpon|9\/100\n|\n|upkeep\n|\n|t:|1698634110\n|switch|p1a: Hot Cheetos \u2764\ufe0f\u200d\ud83d\udd25|Armarouge, M|100\/100\n|turn|4\n|\n|t:|1698634121\n|switch|p2b: Landorus|Landorus-Therian, M|100\/100\n|-ability|p2b: Landorus|Intimidate|boost\n|-unboost|p1a: Hot Cheetos \u2764\ufe0f\u200d\ud83d\udd25|atk|1\n|-unboost|p1b: \ud83c\udf78 Martini \ud83c\udf78|atk|1\n|move|p2a: Ogerpon|Ivy Cudgel|p1a: Hot Cheetos \u2764\ufe0f\u200d\ud83d\udd25\n|-supereffective|p1a: Hot Cheetos \u2764\ufe0f\u200d\ud83d\udd25\n|-damage|p1a: Hot Cheetos \u2764\ufe0f\u200d\ud83d\udd25|0 fnt\n|faint|p1a: Hot Cheetos \u2764\ufe0f\u200d\ud83d\udd25\n|move|p1b: \ud83c\udf78 Martini \ud83c\udf78|Thunder Punch|p2b: Landorus\n|-immune|p2b: Landorus\n|\n|upkeep\n|\n|t:|1698634131\n|switch|p1a: Lord Breadington\ud83c\udf5e|Dachsbun, M|100\/100\n|turn|5\n|\n|t:|1698634142\n|-terastallize|p1a: Lord Breadington\ud83c\udf5e|Steel\n|move|p2a: Ogerpon|Spiky Shield|p2a: Ogerpon\n|-singleturn|p2a: Ogerpon|move: Protect\n|move|p2b: Landorus|U-turn|p1b: \ud83c\udf78 Martini \ud83c\udf78\n|-resisted|p1b: \ud83c\udf78 Martini \ud83c\udf78\n|-damage|p1b: \ud83c\udf78 Martini \ud83c\udf78|13\/100\n|\n|t:|1698634150\n|switch|p2b: Sinistcha|Sinistcha-Masterpiece|100\/100|[from] U-turn\n|-heal|p2a: Ogerpon|34\/100|[from] ability: Hospitality|[of] p2b: Sinistcha\n|move|p1b: \ud83c\udf78 Martini \ud83c\udf78|Acrobatics|p2a: Ogerpon\n|-activate|p2a: Ogerpon|move: Protect\n|-damage|p1b: \ud83c\udf78 Martini \ud83c\udf78|0 fnt|[from] Spiky Shield|[of] p2a: Ogerpon\n|faint|p1b: \ud83c\udf78 Martini \ud83c\udf78\n|move|p1a: Lord Breadington\ud83c\udf5e|Substitute|p1a: Lord Breadington\ud83c\udf5e\n|-start|p1a: Lord Breadington\ud83c\udf5e|Substitute\n|-damage|p1a: Lord Breadington\ud83c\udf5e|76\/100\n|\n|-heal|p1a: Lord Breadington\ud83c\udf5e|82\/100|[from] item: Leftovers\n|-sideend|p2: Fire410|move: Tailwind\n|-fieldend|move: Psychic Terrain\n|upkeep\n|\n|t:|1698634162\n|switch|p1b: Turtle Soup \ud83e\udd63|Torkoal, F|100\/100\n|-weather|SunnyDay|[from] ability: Drought|[of] p1b: Turtle Soup \ud83e\udd63\n|turn|6\n|\n|t:|1698634169\n|move|p2a: Ogerpon|Ivy Cudgel|p1b: Turtle Soup \ud83e\udd63\n|-supereffective|p1b: Turtle Soup \ud83e\udd63\n|-damage|p1b: Turtle Soup \ud83e\udd63|0 fnt\n|faint|p1b: Turtle Soup \ud83e\udd63\n|move|p1a: Lord Breadington\ud83c\udf5e|Body Press|p2a: Ogerpon\n|-damage|p2a: Ogerpon|0 fnt\n|faint|p2a: Ogerpon\n|move|p2b: Sinistcha|Life Dew||[still]\n|-fail|p2b: Sinistcha|heal\n|\n|-weather|SunnyDay|[upkeep]\n|-heal|p1a: Lord Breadington\ud83c\udf5e|88\/100|[from] item: Leftovers\n|upkeep\n|\n|t:|1698634180\n|switch|p2a: Tornadus|Tornadus, M|100\/100\n|switch|p1b: Bok Choy \ud83e\udd6c|Leafeon, M|100\/100\n|turn|7\n|\n|t:|1698634188\n|switch|p2b: Iron Hands|Iron Hands|100\/100\n|move|p2a: Tornadus|Rain Dance|p2a: Tornadus\n|-weather|RainDance\n|move|p1b: Bok Choy \ud83e\udd6c|Solar Blade||[still]\n|-prepare|p1b: Bok Choy \ud83e\udd6c|Solar Blade\n|move|p1a: Lord Breadington\ud83c\udf5e|Body Press|p2b: Iron Hands\n|-damage|p2b: Iron Hands|83\/100\n|\n|-weather|RainDance|[upkeep]\n|-heal|p1a: Lord Breadington\ud83c\udf5e|94\/100|[from] item: Leftovers\n|-heal|p2b: Iron Hands|89\/100|[from] item: Leftovers\n|upkeep\n|turn|8\n|\n|t:|1698634208\n|move|p2b: Iron Hands|Fake Out|p1b: Bok Choy \ud83e\udd6c\n|-damage|p1b: Bok Choy \ud83e\udd6c|87\/100\n|move|p2a: Tornadus|Tailwind|p2a: Tornadus\n|-sidestart|p2: Fire410|move: Tailwind\n|move|p1a: Lord Breadington\ud83c\udf5e|Body Press|p2b: Iron Hands\n|-damage|p2b: Iron Hands|71\/100\n|cant|p1b: Bok Choy \ud83e\udd6c|flinch\n|\n|-weather|RainDance|[upkeep]\n|-heal|p2b: Iron Hands|77\/100|[from] item: Leftovers\n|-heal|p1a: Lord Breadington\ud83c\udf5e|99\/100|[from] item: Leftovers\n|-heal|p1b: Bok Choy \ud83e\udd6c|93\/100|[from] item: Leftovers\n|upkeep\n|turn|9\n|\n|t:|1698634224\n|move|p2a: Tornadus|Bleakwind Storm|p1a: Lord Breadington\ud83c\udf5e|[spread] p1a,p1b\n|-resisted|p1a: Lord Breadington\ud83c\udf5e\n|-activate|p1a: Lord Breadington\ud83c\udf5e|move: Substitute|[damage]\n|-supereffective|p1b: Bok Choy \ud83e\udd6c\n|-damage|p1b: Bok Choy \ud83e\udd6c|0 fnt\n|faint|p1b: Bok Choy \ud83e\udd6c\n|move|p2b: Iron Hands|Drain Punch|p1a: Lord Breadington\ud83c\udf5e\n|-supereffective|p1a: Lord Breadington\ud83c\udf5e\n|-end|p1a: Lord Breadington\ud83c\udf5e|Substitute\n|-heal|p2b: Iron Hands|78\/100|[from] drain|[of] p1a: Lord Breadington\ud83c\udf5e\n|move|p1a: Lord Breadington\ud83c\udf5e|Yawn|p2a: Tornadus\n|-start|p2a: Tornadus|move: Yawn|[of] p1a: Lord Breadington\ud83c\udf5e\n|\n|-weather|RainDance|[upkeep]\n|-heal|p2b: Iron Hands|84\/100|[from] item: Leftovers\n|-heal|p1a: Lord Breadington\ud83c\udf5e|100\/100|[from] item: Leftovers\n|upkeep\n|turn|10\n|-message|IndiaPaleWhAle forfeited.\n|\n|win|Fire410\n|raw|IndiaPaleWhAle's rating: 1372 &rarr; <strong>1348<\/strong><br \/>(-24 for losing)\n|raw|Fire410's rating: 1297 &rarr; <strong>1327<\/strong><br \/>(+30 for winning)\n|l|\u2606IndiaPaleWhAle\n","uploadtime":1698634261,"views":16,"p1id":"indiapalewhale","p2id":"fire410","formatid":"gen9doublesou","rating":1327,"private":0,"password":""}