{"id":"gen9doublesou-1998014860","p1":"RLisanidiot","p2":"Ca$h ketchup","format":"[Gen 9] Doubles OU","log":"|j|\u2606RLisanidiot\n|j|\u2606Ca$h ketchup\n|t:|1700879167\n|gametype|doubles\n|player|p1|RLisanidiot|cynthia-masters|1319\n|player|p2|Ca$h ketchup|riley|1299\n|teamsize|p1|6\n|teamsize|p2|6\n|gen|9\n|tier|[Gen 9] Doubles OU\n|rated|\n|rule|Species Clause: Limit one of each Pok\u00e9mon\n|rule|OHKO Clause: OHKO moves are banned\n|rule|Evasion Moves Clause: Evasion moves are banned\n|rule|Gravity Sleep Clause: The combination of sleep-inducing moves with imperfect accuracy and Gravity or Gigantamax Orbeetle are banned\n|rule|Endless Battle Clause: Forcing endless battles is banned\n|rule|HP Percentage Mod: HP is shown in percentages\n|clearpoke\n|poke|p1|Ninetales-Alola, F|\n|poke|p1|Chien-Pao|\n|poke|p1|Flutter Mane|\n|poke|p1|Tornadus, M|\n|poke|p1|Pachirisu, M|\n|poke|p1|Landorus-Therian, M|\n|poke|p2|Gliscor, F|\n|poke|p2|Sinistcha-Masterpiece|\n|poke|p2|Goodra-Hisui, F|\n|poke|p2|Volcarona, F|\n|poke|p2|Zoroark-Hisui, F|\n|poke|p2|Cresselia, F|\n|teampreview\n|inactive|Battle timer is ON: inactive players will automatically lose when time's up. (requested by Ca$h ketchup)\n|inactive|RLisanidiot also wants the timer to be on.\n|\n|t:|1700879191\n|start\n|switch|p1a: Ninetales|Ninetales-Alola, F, shiny|100\/100\n|switch|p1b: Landorus|Landorus-Therian, M, shiny|100\/100\n|switch|p2a: Goodra|Goodra-Hisui, F|100\/100\n|switch|p2b: Cresselia|Cresselia, F|100\/100\n|-ability|p1b: Landorus|Intimidate|boost\n|-unboost|p2a: Goodra|atk|1\n|-unboost|p2b: Cresselia|atk|1\n|-weather|Snow|[from] ability: Snow Warning|[of] p1a: Ninetales\n|turn|1\n|inactive|Ca$h ketchup has 120 seconds left.\n|\n|t:|1700879231\n|move|p1b: Landorus|U-turn|p2b: Cresselia\n|-supereffective|p2b: Cresselia\n|-damage|p2b: Cresselia|66\/100\n|\n|t:|1700879235\n|switch|p1b: Tornadus|Tornadus, M|100\/100|[from] U-turn\n|move|p1a: Ninetales|Aurora Veil|p1a: Ninetales\n|-sidestart|p1: RLisanidiot|move: Aurora Veil\n|move|p2a: Goodra|Heavy Slam|p1a: Ninetales\n|-supereffective|p1a: Ninetales\n|-damage|p1a: Ninetales|43\/100\n|move|p2b: Cresselia|Trick Room|p2b: Cresselia\n|-fieldstart|move: Trick Room|[of] p2b: Cresselia\n|\n|-weather|Snow|[upkeep]\n|upkeep\n|turn|2\n|\n|t:|1700879257\n|switch|p1a: Landorus|Landorus-Therian, M, shiny|100\/100\n|-ability|p1a: Landorus|Intimidate|boost\n|-unboost|p2a: Goodra|atk|1\n|-unboost|p2b: Cresselia|atk|1\n|move|p1b: Tornadus|Taunt|p2b: Cresselia\n|-start|p2b: Cresselia|move: Taunt\n|move|p2a: Goodra|Heavy Slam|p1a: Landorus\n|-damage|p1a: Landorus|87\/100\n|cant|p2b: Cresselia|move: Taunt|Calm Mind\n|\n|-weather|Snow|[upkeep]\n|upkeep\n|turn|3\n|inactive|RLisanidiot has 120 seconds left.\n|inactive|Ca$h ketchup has 120 seconds left.\n|\n|t:|1700879301\n|switch|p2b: Sinistcha|Sinistcha-Masterpiece|100\/100\n|move|p2a: Goodra|Heavy Slam|p1b: Tornadus\n|-damage|p1b: Tornadus|86\/100\n|move|p1b: Tornadus|Bleakwind Storm|p2a: Goodra|[spread] p2a,p2b\n|-resisted|p2a: Goodra\n|-supereffective|p2b: Sinistcha\n|-damage|p2a: Goodra|92\/100\n|-damage|p2b: Sinistcha|24\/100\n|move|p1a: Landorus|U-turn|p2b: Sinistcha\n|-damage|p2b: Sinistcha|8\/100\n|\n|t:|1700879312\n|switch|p1a: Ninetales|Ninetales-Alola, F, shiny|43\/100|[from] U-turn\n|\n|-weather|Snow|[upkeep]\n|upkeep\n|turn|4\n|\n|t:|1700879328\n|move|p1a: Ninetales|Helping Hand|p1b: Tornadus\n|-singleturn|p1b: Tornadus|Helping Hand|[of] p1a: Ninetales\n|move|p2a: Goodra|Heavy Slam|p1a: Ninetales\n|-supereffective|p1a: Ninetales\n|-damage|p1a: Ninetales|0 fnt\n|faint|p1a: Ninetales\n|move|p2b: Sinistcha|Life Dew|p2b: Sinistcha|[spread] p2a,p2b\n|-heal|p2a: Goodra|100\/100\n|-heal|p2b: Sinistcha|33\/100\n|move|p1b: Tornadus|Bleakwind Storm|p2b: Sinistcha|[spread] p2a,p2b\n|-resisted|p2a: Goodra\n|-supereffective|p2b: Sinistcha\n|-damage|p2a: Goodra|89\/100\n|-damage|p2b: Sinistcha|0 fnt\n|faint|p2b: Sinistcha\n|\n|-weather|Snow|[upkeep]\n|upkeep\n|\n|t:|1700879343\n|switch|p2b: Cresselia|Cresselia, F|66\/100\n|switch|p1a: Landorus|Landorus-Therian, M, shiny|87\/100\n|-ability|p1a: Landorus|Intimidate|boost\n|-unboost|p2a: Goodra|atk|1\n|-unboost|p2b: Cresselia|atk|1\n|turn|5\n|\n|t:|1700879368\n|switch|p2a: Volcarona|Volcarona, F|100\/100\n|switch|p2b: Gliscor|Gliscor, F|100\/100\n|move|p1b: Tornadus|Taunt|p2b: Gliscor\n|-start|p2b: Gliscor|move: Taunt\n|move|p1a: Landorus|U-turn|p2b: Gliscor\n|-resisted|p2b: Gliscor\n|-damage|p2b: Gliscor|90\/100\n|\n|t:|1700879378\n|switch|p1a: Chien-Pao|Chien-Pao|100\/100|[from] U-turn\n|-ability|p1a: Chien-Pao|Sword of Ruin\n|\n|-weather|none\n|-fieldend|move: Trick Room\n|-status|p2b: Gliscor|tox|[from] item: Toxic Orb\n|upkeep\n|turn|6\n|\n|t:|1700879410\n|-terastallize|p2b: Gliscor|Water\n|move|p1b: Tornadus|Rain Dance|p1b: Tornadus\n|-weather|RainDance\n|move|p1a: Chien-Pao|Ice Spinner|p2b: Gliscor\n|-resisted|p2b: Gliscor\n|-damage|p2b: Gliscor|65\/100 tox\n|move|p2b: Gliscor|Facade|p1a: Chien-Pao\n|-damage|p1a: Chien-Pao|73\/100\n|move|p2a: Volcarona|Fiery Dance|p1a: Chien-Pao\n|-supereffective|p1a: Chien-Pao\n|-damage|p1a: Chien-Pao|48\/100\n|\n|-weather|RainDance|[upkeep]\n|-heal|p2b: Gliscor|77\/100 tox|[from] ability: Poison Heal\n|upkeep\n|turn|7\n|\n|t:|1700879433\n|-terastallize|p1a: Chien-Pao|Electric\n|move|p1a: Chien-Pao|Tera Blast|p2b: Gliscor|[anim] Tera Blast Electric\n|-supereffective|p2b: Gliscor\n|-damage|p2b: Gliscor|0 fnt\n|faint|p2b: Gliscor\n|move|p2a: Volcarona|Bug Buzz|p1a: Chien-Pao\n|-damage|p1a: Chien-Pao|20\/100\n|move|p1b: Tornadus|Bleakwind Storm|p2a: Volcarona\n|-supereffective|p2a: Volcarona\n|-crit|p2a: Volcarona\n|-damage|p2a: Volcarona|0 fnt\n|faint|p2a: Volcarona\n|\n|-weather|RainDance|[upkeep]\n|upkeep\n|inactive|Ca$h ketchup has 120 seconds left.\n|\n|t:|1700879455\n|switch|p2b: Cresselia|Cresselia, F|66\/100\n|switch|p2a: Goodra|Goodra-Hisui, F|100\/100\n|turn|8\n|inactive|Ca$h ketchup has 120 seconds left.\n|\n|t:|1700879478\n|switch|p1a: Landorus|Landorus-Therian, M, shiny|87\/100\n|-ability|p1a: Landorus|Intimidate|boost\n|-unboost|p2a: Goodra|atk|1\n|-unboost|p2b: Cresselia|atk|1\n|move|p1b: Tornadus|Taunt|p2b: Cresselia\n|-start|p2b: Cresselia|move: Taunt\n|move|p2a: Goodra|Hyper Voice|p1a: Landorus|[spread] p1a,p1b\n|-damage|p1a: Landorus|61\/100\n|-damage|p1b: Tornadus|62\/100\n|-enditem|p2a: Goodra|Throat Spray\n|-boost|p2a: Goodra|spa|1|[from] item: Throat Spray\n|cant|p2b: Cresselia|move: Taunt|Trick Room\n|\n|-weather|RainDance|[upkeep]\n|-sideend|p1: RLisanidiot|move: Aurora Veil\n|upkeep\n|turn|9\n|inactive|Ca$h ketchup has 120 seconds left.\n|\n|t:|1700879505\n|move|p1a: Landorus|U-turn|p2b: Cresselia\n|-supereffective|p2b: Cresselia\n|-damage|p2b: Cresselia|37\/100\n|inactive|RLisanidiot has 120 seconds left.\n|\n|t:|1700879535\n|switch|p1a: Pachirisu|Pachirisu, M|100\/100|[from] U-turn\n|move|p2a: Goodra|Hyper Voice|p1b: Tornadus|[spread] p1a,p1b\n|-damage|p1a: Pachirisu|50\/100\n|-damage|p1b: Tornadus|10\/100\n|-enditem|p1a: Pachirisu|Sitrus Berry|[eat]\n|-heal|p1a: Pachirisu|75\/100|[from] item: Sitrus Berry\n|move|p1b: Tornadus|Bleakwind Storm|p2a: Goodra|[spread] p2a,p2b\n|-damage|p2a: Goodra|42\/100\n|-damage|p2b: Cresselia|14\/100\n|-unboost|p2a: Goodra|spe|1\n|replace|p2a: Zoroark|Zoroark-Hisui, F\n|-end|p2a: Zoroark|Illusion\n|move|p2b: Cresselia|Stored Power|p1b: Tornadus\n|-damage|p1b: Tornadus|1\/100\n|\n|-weather|RainDance|[upkeep]\n|upkeep\n|turn|10\n|inactive|RLisanidiot has 120 seconds left.\n|\n|t:|1700879563\n|switch|p2b: Goodra|Goodra-Hisui, F|89\/100\n|move|p1b: Tornadus|Bleakwind Storm|p2b: Goodra|[spread] p2a,p2b\n|-resisted|p2b: Goodra\n|-damage|p2a: Zoroark|0 fnt\n|-damage|p2b: Goodra|81\/100\n|faint|p2a: Zoroark\n|move|p1a: Pachirisu|U-turn|p2b: Goodra\n|-resisted|p2b: Goodra\n|-damage|p2b: Goodra|76\/100\n|-damage|p1a: Pachirisu|58\/100|[from] item: Rocky Helmet|[of] p2b: Goodra\n|\n|t:|1700879573\n|switch|p1a: Landorus|Landorus-Therian, M, shiny|61\/100|[from] U-turn\n|-ability|p1a: Landorus|Intimidate|boost\n|-unboost|p2b: Goodra|atk|1\n|\n|-weather|none\n|upkeep\n|\n|t:|1700879578\n|switch|p2a: Cresselia|Cresselia, F|14\/100\n|turn|11\n|\n|t:|1700879594\n|move|p1b: Tornadus|Rain Dance|p1b: Tornadus\n|-weather|RainDance\n|move|p1a: Landorus|Sandsear Storm|p2b: Goodra|[spread] p2b\n|-immune|p2a: Cresselia|[from] ability: Levitate\n|-supereffective|p2b: Goodra\n|-damage|p2b: Goodra|41\/100\n|-status|p2b: Goodra|brn\n|move|p2b: Goodra|Acid Armor|p2b: Goodra\n|-boost|p2b: Goodra|def|2\n|move|p2a: Cresselia|Trick Room|p2a: Cresselia\n|-fieldstart|move: Trick Room|[of] p2a: Cresselia\n|\n|-weather|RainDance|[upkeep]\n|-damage|p2b: Goodra|35\/100 brn|[from] brn\n|upkeep\n|turn|12\n|inactive|RLisanidiot has 120 seconds left.\n|\n|t:|1700879627\n|move|p2b: Goodra|Acid Armor|p2b: Goodra\n|-boost|p2b: Goodra|def|2\n|move|p2a: Cresselia|Lunar Blessing|p2a: Cresselia|[spread] p2a,p2b\n|-heal|p2a: Cresselia|39\/100\n|-heal|p2b: Goodra|60\/100 brn\n|-curestatus|p2b: Goodra|brn|[msg]\n|move|p1b: Tornadus|Bleakwind Storm|p2a: Cresselia|[spread] p2a,p2b\n|-resisted|p2b: Goodra\n|-damage|p2a: Cresselia|16\/100\n|-damage|p2b: Goodra|53\/100\n|move|p1a: Landorus|Sandsear Storm|p2b: Goodra|[spread] p2b\n|-immune|p2a: Cresselia|[from] ability: Levitate\n|-supereffective|p2b: Goodra\n|-damage|p2b: Goodra|18\/100\n|\n|-weather|RainDance|[upkeep]\n|upkeep\n|turn|13\n|inactive|RLisanidiot has 120 seconds left.\n|inactive|Ca$h ketchup has 120 seconds left.\n|\n|t:|1700879675\n|move|p1b: Tornadus|Taunt|p2a: Cresselia\n|-start|p2a: Cresselia|move: Taunt\n|move|p2b: Goodra|Heavy Slam|p1a: Landorus\n|-damage|p1a: Landorus|32\/100\n|move|p2a: Cresselia|Stored Power|p1b: Tornadus\n|-damage|p1b: Tornadus|0 fnt\n|faint|p1b: Tornadus\n|move|p1a: Landorus|Sandsear Storm|p2b: Goodra|[spread] p2b\n|-immune|p2a: Cresselia|[from] ability: Levitate\n|-supereffective|p2b: Goodra\n|-damage|p2b: Goodra|0 fnt\n|faint|p2b: Goodra\n|\n|-weather|RainDance|[upkeep]\n|upkeep\n|inactive|RLisanidiot has 120 seconds left.\n|c|\u2606Ca$h ketchup|gg\n|\n|t:|1700879694\n|switch|p1b: Chien-Pao|Chien-Pao, tera:Electric|20\/100\n|-ability|p1b: Chien-Pao|Sword of Ruin\n|turn|14\n|\n|t:|1700879701\n|move|p2a: Cresselia|Stored Power|p1a: Landorus\n|-damage|p1a: Landorus|22\/100\n|move|p1b: Chien-Pao|Sacred Sword|p2a: Cresselia\n|-resisted|p2a: Cresselia\n|-damage|p2a: Cresselia|3\/100\n|move|p1a: Landorus|Sandsear Storm|p2a: Cresselia\n|-immune|p2a: Cresselia|[from] ability: Levitate\n|\n|-weather|RainDance|[upkeep]\n|upkeep\n|turn|15\n|c|\u2606RLisanidiot|ggwp\n|\n|t:|1700879720\n|move|p1b: Chien-Pao|Sucker Punch|p2a: Cresselia\n|-supereffective|p2a: Cresselia\n|-damage|p2a: Cresselia|0 fnt\n|faint|p2a: Cresselia\n|\n|win|RLisanidiot\n|raw|RLisanidiot's rating: 1319 &rarr; <strong>1338<\/strong><br \/>(+19 for winning)\n|raw|Ca$h ketchup's rating: 1299 &rarr; <strong>1275<\/strong><br \/>(-24 for losing)\n|l|\u2606Ca$h ketchup\n","uploadtime":1700879858,"views":10,"p1id":"rlisanidiot","p2id":"cahketchup","formatid":"gen9doublesou","rating":1275,"private":0,"password":""}