{"id":"gen9doublesou-1973861740","p1":"RazerDZ","p2":"mikeyuwu","format":"[Gen 9] Doubles OU","log":"|j|\u2606RazerDZ\n|j|\u2606mikeyuwu\n|t:|1698021658\n|gametype|doubles\n|player|p1|RazerDZ|101|1257\n|player|p2|mikeyuwu|psychic-gen4|1223\n|teamsize|p1|6\n|teamsize|p2|6\n|gen|9\n|tier|[Gen 9] Doubles OU\n|rated|\n|rule|Species Clause: Limit one of each Pok\u00e9mon\n|rule|OHKO Clause: OHKO moves are banned\n|rule|Evasion Moves Clause: Evasion moves are banned\n|rule|Gravity Sleep Clause: The combination of sleep-inducing moves with imperfect accuracy and Gravity or Gigantamax Orbeetle are banned\n|rule|Endless Battle Clause: Forcing endless battles is banned\n|rule|HP Percentage Mod: HP is shown in percentages\n|clearpoke\n|poke|p1|Iron Hands|\n|poke|p1|Amoonguss, F|\n|poke|p1|Ogerpon-Hearthflame, F|\n|poke|p1|Clefairy, M|\n|poke|p1|Milotic, F|\n|poke|p1|Landorus-Therian, M|\n|poke|p2|Garchomp, M|\n|poke|p2|Tyranitar, F|\n|poke|p2|Vaporeon, F|\n|poke|p2|Toxicroak, M|\n|poke|p2|Pelipper, F|\n|poke|p2|Abomasnow, M|\n|teampreview\n|\n|t:|1698021666\n|start\n|switch|p1a: Amoonguss|Amoonguss, F|100\/100\n|switch|p1b: Landorus|Landorus-Therian, M|100\/100\n|switch|p2a: OTLHPM|Toxicroak, M|100\/100\n|switch|p2b: Harmacy|Vaporeon, F|100\/100\n|-ability|p1b: Landorus|Intimidate|boost\n|-unboost|p2a: OTLHPM|atk|1\n|-unboost|p2b: Harmacy|atk|1\n|turn|1\n|\n|t:|1698021676\n|switch|p2a: Cold Shoulder|Abomasnow, M, shiny|100\/100\n|-weather|Snow|[from] ability: Snow Warning|[of] p2a: Cold Shoulder\n|move|p1a: Amoonguss|Protect|p1a: Amoonguss\n|-singleturn|p1a: Amoonguss|Protect\n|move|p1b: Landorus|U-turn|p2b: Harmacy\n|-damage|p2b: Harmacy|80\/100\n|\n|t:|1698021688\n|switch|p1b: Clefairy|Clefairy, M|100\/100|[from] U-turn\n|move|p2b: Harmacy|Icy Wind|p1b: Clefairy|[spread] p1b\n|-activate|p1a: Amoonguss|move: Protect\n|-damage|p1b: Clefairy|92\/100\n|-unboost|p1b: Clefairy|spe|1\n|\n|-weather|Snow|[upkeep]\n|-heal|p2b: Harmacy|86\/100|[from] item: Leftovers\n|upkeep\n|turn|2\n|\n|t:|1698021700\n|move|p1b: Clefairy|Follow Me|p1b: Clefairy\n|-singleturn|p1b: Clefairy|move: Follow Me\n|move|p2a: Cold Shoulder|Blizzard|p1b: Clefairy|[spread] p1a,p1b\n|-supereffective|p1a: Amoonguss\n|-damage|p1a: Amoonguss|63\/100\n|-damage|p1b: Clefairy|65\/100\n|-status|p1a: Amoonguss|frz\n|move|p2b: Harmacy|Copycat|p2b: Harmacy\n|move|p2b: Harmacy|Blizzard|p1b: Clefairy|[from]move: Copycat|[spread] p1a,p1b\n|-supereffective|p1a: Amoonguss\n|-damage|p1a: Amoonguss|35\/100 frz\n|-damage|p1b: Clefairy|47\/100\n|-status|p1b: Clefairy|frz\n|-curestatus|p1a: Amoonguss|frz|[msg]\n|move|p1a: Amoonguss|Spore|p2a: Cold Shoulder\n|-immune|p2a: Cold Shoulder\n|\n|-weather|Snow|[upkeep]\n|-heal|p2b: Harmacy|92\/100|[from] item: Leftovers\n|-heal|p1a: Amoonguss|41\/100|[from] item: Leftovers\n|upkeep\n|turn|3\n|\n|t:|1698021744\n|switch|p1b: Iron Hands|Iron Hands|100\/100\n|move|p1a: Amoonguss|Protect|p1a: Amoonguss\n|-singleturn|p1a: Amoonguss|Protect\n|move|p2a: Cold Shoulder|Blizzard|p1b: Iron Hands|[spread] p1b\n|-activate|p1a: Amoonguss|move: Protect\n|-damage|p1b: Iron Hands|84\/100\n|move|p2b: Harmacy|Copycat|p2b: Harmacy\n|move|p2b: Harmacy|Blizzard|p1a: Amoonguss|[from]move: Copycat|[spread] p1b\n|-activate|p1a: Amoonguss|move: Protect\n|-damage|p1b: Iron Hands|73\/100\n|\n|-weather|Snow|[upkeep]\n|-heal|p2b: Harmacy|98\/100|[from] item: Leftovers\n|-heal|p1a: Amoonguss|47\/100|[from] item: Leftovers\n|upkeep\n|turn|4\n|\n|t:|1698021788\n|switch|p2a: Extra Spicy|Garchomp, M|100\/100\n|move|p1b: Iron Hands|Fake Out|p2a: Extra Spicy\n|-damage|p2a: Extra Spicy|91\/100\n|-damage|p1b: Iron Hands|60\/100|[from] ability: Rough Skin|[of] p2a: Extra Spicy\n|-damage|p1b: Iron Hands|44\/100|[from] item: Rocky Helmet|[of] p2a: Extra Spicy\n|move|p2b: Harmacy|Weather Ball|p1a: Amoonguss\n|-supereffective|p1a: Amoonguss\n|-crit|p1a: Amoonguss\n|-damage|p1a: Amoonguss|0 fnt\n|faint|p1a: Amoonguss\n|\n|-weather|Snow|[upkeep]\n|-heal|p2b: Harmacy|100\/100|[from] item: Leftovers\n|upkeep\n|\n|t:|1698021801\n|switch|p1a: Landorus|Landorus-Therian, M|100\/100\n|-ability|p1a: Landorus|Intimidate|boost\n|-unboost|p2a: Extra Spicy|atk|1\n|-unboost|p2b: Harmacy|atk|1\n|turn|5\n|\n|t:|1698021813\n|switch|p2a: Weather War|Pelipper, F|100\/100\n|-weather|RainDance|[from] ability: Drizzle|[of] p2a: Weather War\n|-end|p1b: Iron Hands|Quark Drive|[silent]\n|switch|p1b: Milotic|Milotic, F|100\/100\n|switch|p2b: Cold Shoulder|Abomasnow, M, shiny|100\/100\n|-weather|Snow|[from] ability: Snow Warning|[of] p2b: Cold Shoulder\n|move|p1a: Landorus|U-turn|p2a: Weather War\n|-resisted|p2a: Weather War\n|-crit|p2a: Weather War\n|-damage|p2a: Weather War|86\/100\n|\n|t:|1698021822\n|switch|p1a: Iron Hands|Iron Hands|44\/100|[from] U-turn\n|\n|-weather|Snow|[upkeep]\n|upkeep\n|turn|6\n|\n|t:|1698021836\n|switch|p2b: Extra Spicy|Garchomp, M|91\/100\n|move|p1b: Milotic|Blizzard|p2b: Extra Spicy|[spread] p2a,p2b\n|-supereffective|p2b: Extra Spicy\n|-damage|p2a: Weather War|61\/100\n|-damage|p2b: Extra Spicy|20\/100\n|-status|p2a: Weather War|frz\n|move|p1a: Iron Hands|Drain Punch|p2b: Extra Spicy\n|-damage|p2b: Extra Spicy|0 fnt\n|-heal|p1a: Iron Hands|53\/100|[from] drain|[of] p2b: Extra Spicy\n|-damage|p1a: Iron Hands|40\/100|[from] ability: Rough Skin|[of] p2b: Extra Spicy\n|-damage|p1a: Iron Hands|24\/100|[from] item: Rocky Helmet|[of] p2b: Extra Spicy\n|faint|p2b: Extra Spicy\n|cant|p2a: Weather War|frz\n|\n|-weather|Snow|[upkeep]\n|upkeep\n|\n|t:|1698021849\n|switch|p2b: OTLHPM|Toxicroak, M|100\/100\n|turn|7\n|\n|t:|1698021866\n|-end|p1a: Iron Hands|Quark Drive|[silent]\n|switch|p1a: Landorus|Landorus-Therian, M|100\/100\n|-ability|p1a: Landorus|Intimidate|boost\n|-unboost|p2a: Weather War|atk|1\n|-unboost|p2b: OTLHPM|atk|1\n|move|p1b: Milotic|Blizzard|p2b: OTLHPM|[spread] p2a,p2b\n|-damage|p2a: Weather War|34\/100 frz\n|-damage|p2b: OTLHPM|77\/100\n|move|p2b: OTLHPM|Earthquake|p1a: Landorus|[spread] p1b\n|-immune|p2a: Weather War\n|-immune|p1a: Landorus\n|-damage|p1b: Milotic|86\/100\n|cant|p2a: Weather War|frz\n|\n|-weather|Snow|[upkeep]\n|-heal|p1b: Milotic|92\/100|[from] item: Leftovers\n|-heal|p2b: OTLHPM|84\/100|[from] item: Black Sludge\n|upkeep\n|turn|8\n|inactive|Battle timer is ON: inactive players will automatically lose when time's up. (requested by mikeyuwu)\n|\n|t:|1698021910\n|switch|p2b: Harmacy|Vaporeon, F|100\/100\n|switch|p2a: Cold Shoulder|Abomasnow, M, shiny|100\/100\n|move|p1a: Landorus|Stone Edge|p2a: Cold Shoulder|[miss]\n|-miss|p1a: Landorus|p2a: Cold Shoulder\n|move|p1b: Milotic|Scald|p2b: Harmacy\n|-resisted|p2b: Harmacy\n|-damage|p2b: Harmacy|91\/100\n|\n|-weather|Snow|[upkeep]\n|-heal|p1b: Milotic|98\/100|[from] item: Leftovers\n|-heal|p2b: Harmacy|97\/100|[from] item: Leftovers\n|upkeep\n|turn|9\n|\n|t:|1698021932\n|move|p1a: Landorus|U-turn|p2a: Cold Shoulder\n|-supereffective|p2a: Cold Shoulder\n|-damage|p2a: Cold Shoulder|71\/100\n|\n|t:|1698021940\n|switch|p1a: Clefairy|Clefairy, M|47\/100 frz|[from] U-turn\n|move|p1b: Milotic|Blizzard|p2a: Cold Shoulder|[spread] p2a,p2b\n|-resisted|p2b: Harmacy\n|-damage|p2a: Cold Shoulder|50\/100\n|-damage|p2b: Harmacy|89\/100\n|move|p2a: Cold Shoulder|Leech Seed|p1b: Milotic\n|-start|p1b: Milotic|move: Leech Seed\n|move|p2b: Harmacy|Icy Wind|p1a: Clefairy|[spread] p1a,p1b\n|-resisted|p1b: Milotic\n|-damage|p1a: Clefairy|38\/100 frz\n|-damage|p1b: Milotic|95\/100\n|-unboost|p1a: Clefairy|spe|1\n|-unboost|p1b: Milotic|spe|1\n|-ability|p1b: Milotic|Competitive|boost\n|-boost|p1b: Milotic|spa|2\n|\n|-weather|none\n|-heal|p1b: Milotic|100\/100|[from] item: Leftovers\n|-heal|p2b: Harmacy|96\/100|[from] item: Leftovers\n|-damage|p1b: Milotic|88\/100|[from] Leech Seed|[of] p2a: Cold Shoulder\n|-heal|p2a: Cold Shoulder|61\/100|[silent]\n|upkeep\n|turn|10\n|\n|t:|1698021962\n|move|p1b: Milotic|Blizzard|p2b: Harmacy|[spread] p2b\n|-miss|p1b: Milotic|p2a: Cold Shoulder\n|-resisted|p2b: Harmacy\n|-damage|p2b: Harmacy|80\/100\n|move|p2a: Cold Shoulder|Giga Drain|p1b: Milotic\n|-supereffective|p1b: Milotic\n|-damage|p1b: Milotic|54\/100\n|-heal|p2a: Cold Shoulder|77\/100|[from] drain|[of] p1b: Milotic\n|move|p2b: Harmacy|Copycat|p2b: Harmacy\n|move|p2b: Harmacy|Giga Drain|p1b: Milotic|[from]move: Copycat\n|-supereffective|p1b: Milotic\n|-damage|p1b: Milotic|30\/100\n|-heal|p2b: Harmacy|89\/100|[from] drain|[of] p1b: Milotic\n|cant|p1a: Clefairy|frz\n|\n|-heal|p1b: Milotic|36\/100|[from] item: Leftovers\n|-heal|p2b: Harmacy|95\/100|[from] item: Leftovers\n|-damage|p1b: Milotic|23\/100|[from] Leech Seed|[of] p2a: Cold Shoulder\n|-heal|p2a: Cold Shoulder|89\/100|[silent]\n|upkeep\n|turn|11\n|\n|t:|1698021977\n|switch|p1a: Iron Hands|Iron Hands|24\/100\n|move|p1b: Milotic|Blizzard|p2a: Cold Shoulder|[spread] p2a\n|-miss|p1b: Milotic|p2b: Harmacy\n|-damage|p2a: Cold Shoulder|50\/100\n|move|p2a: Cold Shoulder|Giga Drain|p1b: Milotic\n|-supereffective|p1b: Milotic\n|-damage|p1b: Milotic|0 fnt\n|-heal|p2a: Cold Shoulder|61\/100|[from] drain|[of] p1b: Milotic\n|faint|p1b: Milotic\n|move|p2b: Harmacy|Copycat|p2b: Harmacy\n|move|p2b: Harmacy|Giga Drain|p1a: Iron Hands|[from]move: Copycat\n|-damage|p1a: Iron Hands|14\/100\n|-heal|p2b: Harmacy|99\/100|[from] drain|[of] p1a: Iron Hands\n|\n|-heal|p2b: Harmacy|100\/100|[from] item: Leftovers\n|upkeep\n|\n|t:|1698021990\n|switch|p1b: Ogerpon|Ogerpon-Hearthflame, F|100\/100\n|-ability|p1b: Ogerpon|Mold Breaker\n|turn|12\n|\n|t:|1698022009\n|switch|p2a: Weather War|Pelipper, F|34\/100 frz\n|-weather|RainDance|[from] ability: Drizzle|[of] p2a: Weather War\n|move|p1b: Ogerpon|Horn Leech|p2b: Harmacy\n|-supereffective|p2b: Harmacy\n|-damage|p2b: Harmacy|37\/100\n|move|p1a: Iron Hands|Drain Punch|p2a: Weather War\n|-resisted|p2a: Weather War\n|-damage|p2a: Weather War|20\/100 frz\n|-heal|p1a: Iron Hands|19\/100|[from] drain|[of] p2a: Weather War\n|move|p2b: Harmacy|Weather Ball|p1a: Iron Hands\n|-damage|p1a: Iron Hands|0 fnt\n|faint|p1a: Iron Hands\n|-end|p1a: Iron Hands|Quark Drive|[silent]\n|\n|-weather|RainDance|[upkeep]\n|-heal|p2b: Harmacy|43\/100|[from] item: Leftovers\n|upkeep\n|\n|t:|1698022018\n|switch|p1a: Landorus|Landorus-Therian, M|100\/100\n|-ability|p1a: Landorus|Intimidate|boost\n|-unboost|p2a: Weather War|atk|1\n|-unboost|p2b: Harmacy|atk|1\n|turn|13\n|\n|t:|1698022026\n|switch|p2b: OTLHPM|Toxicroak, M|84\/100\n|move|p1b: Ogerpon|Horn Leech|p2b: OTLHPM\n|-resisted|p2b: OTLHPM\n|-damage|p2b: OTLHPM|54\/100\n|move|p1a: Landorus|Stone Edge|p2a: Weather War\n|-supereffective|p2a: Weather War\n|-damage|p2a: Weather War|0 fnt\n|faint|p2a: Weather War\n|\n|-weather|RainDance|[upkeep]\n|-heal|p2b: OTLHPM|66\/100|[from] ability: Dry Skin\n|-heal|p2b: OTLHPM|72\/100|[from] item: Black Sludge\n|upkeep\n|\n|t:|1698022035\n|switch|p2a: Harmacy|Vaporeon, F|43\/100\n|turn|14\n|\n|t:|1698022051\n|move|p1b: Ogerpon|Horn Leech|p2a: Harmacy\n|-supereffective|p2a: Harmacy\n|-damage|p2a: Harmacy|0 fnt\n|faint|p2a: Harmacy\n|move|p1a: Landorus|Brick Break|p2b: OTLHPM\n|-resisted|p2b: OTLHPM\n|-damage|p2b: OTLHPM|53\/100\n|move|p2b: OTLHPM|Poison Jab|p1b: Ogerpon\n|-supereffective|p1b: Ogerpon\n|-damage|p1b: Ogerpon|0 fnt\n|faint|p1b: Ogerpon\n|\n|-weather|RainDance|[upkeep]\n|-heal|p2b: OTLHPM|66\/100|[from] ability: Dry Skin\n|-heal|p2b: OTLHPM|72\/100|[from] item: Black Sludge\n|upkeep\n|\n|t:|1698022056\n|switch|p1b: Clefairy|Clefairy, M|38\/100 frz\n|switch|p2a: Cold Shoulder|Abomasnow, M, shiny|61\/100\n|-weather|Snow|[from] ability: Snow Warning|[of] p2a: Cold Shoulder\n|turn|15\n|\n|t:|1698022065\n|-terastallize|p2a: Cold Shoulder|Water\n|move|p1a: Landorus|Brick Break|p2a: Cold Shoulder\n|-damage|p2a: Cold Shoulder|36\/100\n|move|p2b: OTLHPM|Poison Jab|p1b: Clefairy\n|-supereffective|p1b: Clefairy\n|-damage|p1b: Clefairy|0 fnt\n|faint|p1b: Clefairy\n|move|p2a: Cold Shoulder|Blizzard|p1a: Landorus\n|-supereffective|p1a: Landorus\n|-damage|p1a: Landorus|0 fnt\n|faint|p1a: Landorus\n|\n|win|mikeyuwu\n|raw|RazerDZ's rating: 1257 &rarr; <strong>1230<\/strong><br \/>(-27 for losing)\n|raw|mikeyuwu's rating: 1223 &rarr; <strong>1250<\/strong><br \/>(+27 for winning)\n|c|\u2606mikeyuwu|Gg\n|l|\u2606RazerDZ\n","uploadtime":1698022094,"views":16,"p1id":"razerdz","p2id":"mikeyuwu","formatid":"gen9doublesou","rating":1230,"private":0,"password":""}