{"id":"gen9doublesou-1998997314","p1":"BASILBOYXD","p2":"GiacUzuki","format":"[Gen 9] Doubles OU","log":"|j|\u2606BASILBOYXD\n|j|\u2606GiacUzuki\n|t:|1701022161\n|gametype|doubles\n|player|p1|BASILBOYXD|guitarist-gen4|1052\n|player|p2|GiacUzuki|bugcatcher-gen4dp|1023\n|teamsize|p1|6\n|teamsize|p2|6\n|gen|9\n|tier|[Gen 9] Doubles OU\n|rated|\n|rule|Species Clause: Limit one of each Pok\u00e9mon\n|rule|OHKO Clause: OHKO moves are banned\n|rule|Evasion Moves Clause: Evasion moves are banned\n|rule|Gravity Sleep Clause: The combination of sleep-inducing moves with imperfect accuracy and Gravity or Gigantamax Orbeetle are banned\n|rule|Endless Battle Clause: Forcing endless battles is banned\n|rule|HP Percentage Mod: HP is shown in percentages\n|clearpoke\n|poke|p1|Torterra, M|\n|poke|p1|Skeledirge, M|\n|poke|p1|Rabsca, M|\n|poke|p1|Pawmot, F|\n|poke|p1|Rillaboom, F|\n|poke|p1|Cinderace, F|\n|poke|p2|Ambipom, M|\n|poke|p2|Lurantis, F|\n|poke|p2|Dusknoir, M|\n|poke|p2|Grafaiai, M|\n|poke|p2|Flamigo, F|\n|poke|p2|Sinistcha|\n|teampreview\n|\n|t:|1701022180\n|start\n|switch|p1a: Torterra|Torterra, M, shiny|100\/100\n|switch|p1b: Skeledirge|Skeledirge, M, shiny|100\/100\n|switch|p2a: Lurantis|Lurantis, F|100\/100\n|switch|p2b: Grafaiai|Grafaiai, M|100\/100\n|turn|1\n|\n|t:|1701022212\n|-terastallize|p2a: Lurantis|Electric\n|move|p2b: Grafaiai|Acid Spray|p2a: Lurantis\n|-crit|p2a: Lurantis\n|-damage|p2a: Lurantis|89\/100\n|-boost|p2a: Lurantis|spd|2\n|move|p1b: Skeledirge|Fire Pledge|p2b: Grafaiai\n|-waiting|p1b: Skeledirge|p1a: Torterra\n|move|p1a: Torterra|Grass Pledge|p2b: Grafaiai|[from]move: Fire Pledge\n|-combine\n|-damage|p2b: Grafaiai|25\/100\n|-sidestart|p2: GiacUzuki|Fire Pledge\n|move|p2a: Lurantis|Superpower|p1a: Torterra\n|-damage|p1a: Torterra|70\/100\n|-boost|p2a: Lurantis|atk|1\n|-boost|p2a: Lurantis|def|1\n|\n|-damage|p2b: Grafaiai|12\/100|[from] Fire Pledge\n|-damage|p2a: Lurantis|76\/100|[from] Fire Pledge\n|-heal|p2a: Lurantis|82\/100|[from] item: Leftovers\n|upkeep\n|turn|2\n|\n|t:|1701022249\n|move|p2b: Grafaiai|Parting Shot|p2a: Lurantis\n|-boost|p2a: Lurantis|atk|1\n|-boost|p2a: Lurantis|spa|1\n|\n|t:|1701022257\n|switch|p2b: Dusknoir|Dusknoir, M, shiny|100\/100|[from] Parting Shot\n|-ability|p2b: Dusknoir|Pressure\n|move|p1b: Skeledirge|Earth Power|p2b: Dusknoir\n|-damage|p2b: Dusknoir|79\/100\n|move|p1a: Torterra|Reflect|p1a: Torterra\n|-sidestart|p1: BASILBOYXD|Reflect\n|move|p2a: Lurantis|Superpower|p1a: Torterra\n|-damage|p1a: Torterra|31\/100\n|-boost|p2a: Lurantis|atk|1\n|-boost|p2a: Lurantis|def|1\n|\n|-damage|p2b: Dusknoir|67\/100|[from] Fire Pledge\n|-heal|p2b: Dusknoir|73\/100|[from] item: Leftovers\n|-damage|p2a: Lurantis|70\/100|[from] Fire Pledge\n|-heal|p2a: Lurantis|76\/100|[from] item: Leftovers\n|upkeep\n|turn|3\n|\n|t:|1701022306\n|move|p1b: Skeledirge|Earth Power|p2a: Lurantis\n|-supereffective|p2a: Lurantis\n|-damage|p2a: Lurantis|53\/100\n|move|p1a: Torterra|Grass Pledge|p2a: Lurantis\n|-damage|p2a: Lurantis|39\/100\n|move|p2a: Lurantis|Superpower|p1a: Torterra\n|-damage|p1a: Torterra|0 fnt\n|-boost|p2a: Lurantis|atk|1\n|-boost|p2a: Lurantis|def|1\n|faint|p1a: Torterra\n|move|p2b: Dusknoir|Trick Room|p2b: Dusknoir\n|-fieldstart|move: Trick Room|[of] p2b: Dusknoir\n|\n|-damage|p2a: Lurantis|27\/100|[from] Fire Pledge\n|-heal|p2a: Lurantis|33\/100|[from] item: Leftovers\n|-damage|p2b: Dusknoir|61\/100|[from] Fire Pledge\n|-heal|p2b: Dusknoir|67\/100|[from] item: Leftovers\n|upkeep\n|\n|t:|1701022323\n|switch|p1a: Pawmot|Pawmot, F, shiny|100\/100\n|turn|4\n|\n|t:|1701022335\n|move|p2a: Lurantis|Synthesis|p2a: Lurantis\n|-heal|p2a: Lurantis|83\/100\n|move|p2b: Dusknoir|Will-O-Wisp|p1a: Pawmot\n|-status|p1a: Pawmot|brn\n|move|p1b: Skeledirge|Earth Power|p2a: Lurantis\n|-supereffective|p2a: Lurantis\n|-damage|p2a: Lurantis|59\/100\n|move|p1a: Pawmot|Revival Blessing|p1a: Pawmot\n|\n|t:|1701022345\n|-heal|p1: Torterra|50\/100|[from] move: Revival Blessing\n|\n|-damage|p2a: Lurantis|46\/100|[from] Fire Pledge\n|-heal|p2a: Lurantis|52\/100|[from] item: Leftovers\n|-damage|p2b: Dusknoir|55\/100|[from] Fire Pledge\n|-heal|p2b: Dusknoir|61\/100|[from] item: Leftovers\n|-damage|p1a: Pawmot|94\/100 brn|[from] brn\n|-sideend|p2: GiacUzuki|Fire Pledge\n|upkeep\n|turn|5\n|\n|t:|1701022377\n|move|p2a: Lurantis|Superpower|p1a: Pawmot\n|-damage|p1a: Pawmot|37\/100 brn\n|-boost|p2a: Lurantis|atk|1\n|-boost|p2a: Lurantis|def|1\n|move|p2b: Dusknoir|Memento|p2a: Lurantis\n|-boost|p2a: Lurantis|atk|1\n|-boost|p2a: Lurantis|spa|2\n|faint|p2b: Dusknoir\n|move|p1b: Skeledirge|Will-O-Wisp|p2a: Lurantis\n|-status|p2a: Lurantis|brn\n|move|p1a: Pawmot|Entrainment|p2a: Lurantis\n|-endability|p2a: Lurantis|Contrary|[from] move: Entrainment\n|-ability|p2a: Lurantis|Volt Absorb|[from] move: Entrainment\n|\n|-heal|p2a: Lurantis|58\/100 brn|[from] item: Leftovers\n|-damage|p2a: Lurantis|52\/100 brn|[from] brn\n|-damage|p1a: Pawmot|30\/100 brn|[from] brn\n|upkeep\n|\n|t:|1701022410\n|switch|p2b: Ambipom|Ambipom, M|100\/100\n|turn|6\n|\n|t:|1701022431\n|move|p2a: Lurantis|Superpower|p1a: Pawmot\n|-damage|p1a: Pawmot|0 fnt\n|-unboost|p2a: Lurantis|atk|1\n|-unboost|p2a: Lurantis|def|1\n|faint|p1a: Pawmot\n|move|p1b: Skeledirge|Earth Power|p2a: Lurantis\n|-supereffective|p2a: Lurantis\n|-damage|p2a: Lurantis|30\/100 brn\n|move|p2b: Ambipom|Knock Off|p1b: Skeledirge\n|-supereffective|p1b: Skeledirge\n|-damage|p1b: Skeledirge|56\/100\n|-enditem|p1b: Skeledirge|Jaboca Berry|[eat]\n|-damage|p2b: Ambipom|88\/100|[from] item: Jaboca Berry|[of] p1b: Skeledirge\n|-damage|p2b: Ambipom|78\/100|[from] item: Life Orb\n|\n|-heal|p2a: Lurantis|36\/100 brn|[from] item: Leftovers\n|-damage|p2a: Lurantis|30\/100 brn|[from] brn\n|-sideend|p1: BASILBOYXD|Reflect\n|upkeep\n|\n|t:|1701022447\n|switch|p1a: Torterra|Torterra, M, shiny|50\/100\n|turn|7\n|\n|t:|1701022467\n|move|p2a: Lurantis|Synthesis|p2a: Lurantis\n|-heal|p2a: Lurantis|80\/100 brn\n|move|p1a: Torterra|Grass Pledge|p2a: Lurantis\n|-waiting|p1a: Torterra|p1b: Skeledirge\n|move|p1b: Skeledirge|Fire Pledge|p2a: Lurantis|[from]move: Grass Pledge\n|-combine\n|-damage|p2a: Lurantis|52\/100 brn\n|-sidestart|p2: GiacUzuki|Fire Pledge\n|move|p2b: Ambipom|Double Hit|p1a: Torterra\n|-damage|p1a: Torterra|18\/100\n|-damage|p1a: Torterra|0 fnt\n|faint|p1a: Torterra\n|-hitcount|p1: Torterra|2\n|-damage|p2b: Ambipom|68\/100|[from] item: Life Orb\n|\n|-damage|p2a: Lurantis|40\/100 brn|[from] Fire Pledge\n|-heal|p2a: Lurantis|46\/100 brn|[from] item: Leftovers\n|-damage|p2b: Ambipom|56\/100|[from] Fire Pledge\n|-damage|p2a: Lurantis|40\/100 brn|[from] brn\n|-fieldend|move: Trick Room\n|upkeep\n|\n|t:|1701022493\n|switch|p1a: Rillaboom|Rillaboom, F, shiny|100\/100\n|turn|8\n|\n|t:|1701022512\n|switch|p2b: Flamigo|Flamigo, F|100\/100\n|-copyboost|p2b: Flamigo|p2a: Lurantis|[from] ability: Costar\n|move|p1a: Rillaboom|Worry Seed|p2a: Lurantis\n|-endability|p2a: Lurantis|Volt Absorb|[from] move: Worry Seed\n|-ability|p2a: Lurantis|Insomnia|[from] move: Worry Seed\n|move|p1b: Skeledirge|Belch|p2a: Lurantis\n|-damage|p2a: Lurantis|23\/100 brn\n|move|p2a: Lurantis|Synthesis|p2a: Lurantis\n|-heal|p2a: Lurantis|73\/100 brn\n|\n|-damage|p2b: Flamigo|88\/100|[from] Fire Pledge\n|-damage|p2a: Lurantis|61\/100 brn|[from] Fire Pledge\n|-heal|p2a: Lurantis|67\/100 brn|[from] item: Leftovers\n|-damage|p2a: Lurantis|61\/100 brn|[from] brn\n|upkeep\n|turn|9\n|\n|t:|1701022548\n|switch|p2a: Ambipom|Ambipom, M|56\/100\n|move|p2b: Flamigo|Brave Bird|p1a: Rillaboom\n|-supereffective|p1a: Rillaboom\n|-damage|p1a: Rillaboom|0 fnt\n|faint|p1a: Rillaboom\n|-damage|p2b: Flamigo|51\/100|[from] Recoil\n|-damage|p2b: Flamigo|41\/100|[from] item: Life Orb\n|move|p1b: Skeledirge|Belch|p2a: Ambipom|[miss]\n|-miss|p1b: Skeledirge|p2a: Ambipom\n|\n|-damage|p2a: Ambipom|43\/100|[from] Fire Pledge\n|-damage|p2b: Flamigo|29\/100|[from] Fire Pledge\n|upkeep\n|\n|t:|1701022565\n|switch|p1a: Rabsca|Rabsca, M|100\/100\n|turn|10\n|\n|t:|1701022610\n|move|p2a: Ambipom|Fake Out|p1a: Rabsca\n|-damage|p1a: Rabsca|73\/100\n|-damage|p2a: Ambipom|33\/100|[from] item: Life Orb\n|move|p2b: Flamigo|Brave Bird|p1a: Rabsca\n|-supereffective|p1a: Rabsca\n|-damage|p1a: Rabsca|0 fnt\n|faint|p1a: Rabsca\n|-damage|p2b: Flamigo|1\/100|[from] Recoil\n|-damage|p2b: Flamigo|0 fnt|[from] item: Life Orb\n|faint|p2b: Flamigo\n|move|p1b: Skeledirge|Belch|p2a: Ambipom\n|-damage|p2a: Ambipom|0 fnt\n|faint|p2a: Ambipom\n|\n|-sideend|p2: GiacUzuki|Fire Pledge\n|upkeep\n|\n|t:|1701022631\n|switch|p2a: Grafaiai|Grafaiai, M|12\/100\n|switch|p2b: Lurantis|Lurantis, F, tera:Electric|61\/100 brn\n|switch|p1a: Cinderace|Cinderace, F, shiny|100\/100\n|turn|11\n|\n|t:|1701022647\n|move|p2a: Grafaiai|Parting Shot|p1a: Cinderace\n|-unboost|p1a: Cinderace|atk|1\n|-unboost|p1a: Cinderace|spa|1\n|\n|t:|1701022651\n|switch|p2a: Sinistcha|Sinistcha|100\/100|[from] Parting Shot\n|-heal|p2b: Lurantis|86\/100 brn|[from] ability: Hospitality|[of] p2a: Sinistcha\n|move|p1a: Cinderace|Fire Pledge|p2a: Sinistcha\n|-supereffective|p2a: Sinistcha\n|-damage|p2a: Sinistcha|50\/100\n|move|p1b: Skeledirge|Belch|p2b: Lurantis\n|-damage|p2b: Lurantis|57\/100 brn\n|move|p2b: Lurantis|Superpower|p1a: Cinderace\n|-damage|p1a: Cinderace|83\/100\n|-boost|p2b: Lurantis|atk|1\n|-boost|p2b: Lurantis|def|1\n|-damage|p2b: Lurantis|41\/100 brn|[from] item: Rocky Helmet|[of] p1a: Cinderace\n|\n|-heal|p2b: Lurantis|47\/100 brn|[from] item: Leftovers\n|-damage|p2b: Lurantis|41\/100 brn|[from] brn\n|upkeep\n|turn|12\n|\n|t:|1701022684\n|move|p1a: Cinderace|Fire Pledge|p2b: Lurantis\n|-damage|p2b: Lurantis|26\/100 brn\n|move|p1b: Skeledirge|Belch|p2b: Lurantis\n|-damage|p2b: Lurantis|0 fnt\n|faint|p2b: Lurantis\n|move|p2a: Sinistcha|Trick Room|p2a: Sinistcha\n|-fieldstart|move: Trick Room|[of] p2a: Sinistcha\n|\n|upkeep\n|\n|t:|1701022692\n|switch|p2b: Grafaiai|Grafaiai, M|12\/100\n|turn|13\n|\n|t:|1701022724\n|move|p2b: Grafaiai|Encore|p1b: Skeledirge\n|-start|p1b: Skeledirge|Encore\n|move|p2a: Sinistcha|Strength Sap|p1a: Cinderace\n|-unboost|p1a: Cinderace|atk|1\n|-heal|p2a: Sinistcha|91\/100\n|move|p1b: Skeledirge|Belch|p2a: Sinistcha\n|-damage|p2a: Sinistcha|39\/100\n|move|p1a: Cinderace|Fire Pledge|p2a: Sinistcha\n|-supereffective|p2a: Sinistcha\n|-damage|p2a: Sinistcha|0 fnt\n|faint|p2a: Sinistcha\n|\n|upkeep\n|turn|14\n|-message|GiacUzuki forfeited.\n|\n|win|BASILBOYXD\n|raw|BASILBOYXD's rating: 1052 &rarr; <strong>1082<\/strong><br \/>(+30 for winning)\n|raw|GiacUzuki's rating: 1023 &rarr; <strong>1011<\/strong><br \/>(-12 for losing)\n|l|\u2606GiacUzuki\n|c|\u2606BASILBOYXD|gg\n|c|\u2606BASILBOYXD|=D\n","uploadtime":1701022759,"views":12,"p1id":"basilboyxd","p2id":"giacuzuki","formatid":"gen9doublesou","rating":1011,"private":0,"password":""}