{"id":"gen9doublesou-1991200895","p1":"Messy fighter","p2":"Amberrunner","format":"[Gen 9] Doubles OU","log":"|j|\u2606Messy fighter\n|j|\u2606Amberrunner\n|t:|1700056504\n|gametype|doubles\n|player|p1|Messy fighter|swimmer-gen4dp|1507\n|player|p2|Amberrunner|ninjaboy|1419\n|teamsize|p1|6\n|teamsize|p2|6\n|gen|9\n|tier|[Gen 9] Doubles OU\n|rated|\n|rule|Species Clause: Limit one of each Pok\u00e9mon\n|rule|OHKO Clause: OHKO moves are banned\n|rule|Evasion Moves Clause: Evasion moves are banned\n|rule|Gravity Sleep Clause: The combination of sleep-inducing moves with imperfect accuracy and Gravity or Gigantamax Orbeetle are banned\n|rule|Endless Battle Clause: Forcing endless battles is banned\n|rule|HP Percentage Mod: HP is shown in percentages\n|clearpoke\n|poke|p1|Basculegion-F, F|\n|poke|p1|Iron Hands|\n|poke|p1|Cresselia, F|\n|poke|p1|Ursaluna-Bloodmoon, M|\n|poke|p1|Roaring Moon|\n|poke|p1|Farigiraf, F|\n|poke|p2|Armarouge, F|\n|poke|p2|Arcanine-Hisui, M|\n|poke|p2|Chi-Yu|\n|poke|p2|Ogerpon-Hearthflame, F|\n|poke|p2|Volcanion|\n|poke|p2|Torkoal, M|\n|teampreview\n|inactive|Battle timer is ON: inactive players will automatically lose when time's up. (requested by Amberrunner)\n|\n|t:|1700056512\n|start\n|switch|p1a: Ursaluna|Ursaluna-Bloodmoon, M|100\/100\n|switch|p1b: Cresselia|Cresselia, F|100\/100\n|switch|p2a: Torkoal|Torkoal, M|100\/100\n|switch|p2b: Chi-Yu|Chi-Yu|100\/100\n|-ability|p2b: Chi-Yu|Beads of Ruin\n|-weather|SunnyDay|[from] ability: Drought|[of] p2a: Torkoal\n|turn|1\n|\n|t:|1700056535\n|-terastallize|p1b: Cresselia|Electric\n|move|p2b: Chi-Yu|Snarl|p1a: Ursaluna|[spread] p1b\n|-miss|p2b: Chi-Yu|p1a: Ursaluna\n|-damage|p1b: Cresselia|79\/100\n|-unboost|p1b: Cresselia|spa|1\n|move|p2a: Torkoal|Heat Wave|p1b: Cresselia|[spread] p1a,p1b\n|-damage|p1a: Ursaluna|48\/100\n|-damage|p1b: Cresselia|57\/100\n|move|p1a: Ursaluna|Calm Mind|p1a: Ursaluna\n|-boost|p1a: Ursaluna|spa|1\n|-boost|p1a: Ursaluna|spd|1\n|move|p1b: Cresselia|Trick Room|p1b: Cresselia\n|-fieldstart|move: Trick Room|[of] p1b: Cresselia\n|\n|-weather|SunnyDay|[upkeep]\n|upkeep\n|turn|2\n|\n|t:|1700056556\n|switch|p2b: Armarouge|Armarouge, F|100\/100\n|move|p1a: Ursaluna|Blood Moon|p2a: Torkoal\n|-damage|p2a: Torkoal|0 fnt\n|faint|p2a: Torkoal\n|move|p1b: Cresselia|Lunar Blessing|p1b: Cresselia|[spread] p1a,p1b\n|-heal|p1a: Ursaluna|73\/100\n|-heal|p1b: Cresselia|82\/100\n|\n|-weather|SunnyDay|[upkeep]\n|upkeep\n|\n|t:|1700056567\n|switch|p2a: Volcanion|Volcanion|100\/100\n|turn|3\n|\n|t:|1700056579\n|move|p1a: Ursaluna|Calm Mind|p1a: Ursaluna\n|-boost|p1a: Ursaluna|spa|1\n|-boost|p1a: Ursaluna|spd|1\n|move|p1b: Cresselia|Lunar Blessing|p1b: Cresselia|[spread] p1a,p1b\n|-heal|p1a: Ursaluna|98\/100\n|-heal|p1b: Cresselia|100\/100\n|move|p2a: Volcanion|Steam Eruption|p1a: Ursaluna\n|-supereffective|p1a: Ursaluna\n|-damage|p1a: Ursaluna|61\/100\n|-status|p1a: Ursaluna|brn\n|move|p2b: Armarouge|Armor Cannon|p1a: Ursaluna\n|-damage|p1a: Ursaluna|7\/100 brn\n|-unboost|p2b: Armarouge|def|1\n|-unboost|p2b: Armarouge|spd|1\n|\n|-weather|SunnyDay|[upkeep]\n|-damage|p1a: Ursaluna|1\/100 brn|[from] brn\n|upkeep\n|turn|4\n|\n|t:|1700056597\n|move|p1a: Ursaluna|Blood Moon|p2a: Volcanion\n|-damage|p2a: Volcanion|0 fnt\n|faint|p2a: Volcanion\n|move|p1b: Cresselia|Lunar Blessing|p1b: Cresselia|[spread] p1a,p1b\n|-heal|p1a: Ursaluna|26\/100 brn\n|-curestatus|p1a: Ursaluna|brn|[msg]\n|move|p2b: Armarouge|Heat Wave|p1a: Ursaluna|[spread] p1a\n|-miss|p2b: Armarouge|p1b: Cresselia\n|-damage|p1a: Ursaluna|0 fnt\n|faint|p1a: Ursaluna\n|\n|-weather|SunnyDay|[upkeep]\n|upkeep\n|inactive|Messy fighter has 120 seconds left.\n|\n|t:|1700056628\n|switch|p1a: Basculegion|Basculegion-F, F|100\/100\n|switch|p2a: Arcanine|Arcanine-Hisui, M|100\/100\n|-ability|p2a: Arcanine|Intimidate|boost\n|-unboost|p1a: Basculegion|atk|1\n|-unboost|p1b: Cresselia|atk|1\n|turn|5\n|inactive|Messy fighter has 120 seconds left.\n|inactive|Amberrunner has 120 seconds left.\n|\n|t:|1700056660\n|move|p1b: Cresselia|Helping Hand|p1a: Basculegion\n|-singleturn|p1a: Basculegion|Helping Hand|[of] p1b: Cresselia\n|move|p1a: Basculegion|Last Respects|p2b: Armarouge\n|-supereffective|p2b: Armarouge\n|-enditem|p2b: Armarouge|Focus Sash\n|-damage|p2b: Armarouge|1\/100\n|-ability|p2b: Armarouge|Weak Armor|boost\n|-unboost|p2b: Armarouge|def|1\n|-boost|p2b: Armarouge|spe|2\n|move|p2a: Arcanine|Rock Slide|p1b: Cresselia|[spread] p1a,p1b\n|-crit|p1a: Basculegion\n|-damage|p1a: Basculegion|57\/100\n|-damage|p1b: Cresselia|83\/100\n|move|p2b: Armarouge|Armor Cannon|p1b: Cresselia\n|-damage|p1b: Cresselia|34\/100\n|-unboost|p2b: Armarouge|def|1\n|-unboost|p2b: Armarouge|spd|1\n|\n|-weather|none\n|-fieldend|move: Trick Room\n|upkeep\n|turn|6\n|inactive|Amberrunner has 120 seconds left.\n|inactive|Messy fighter has 120 seconds left.\n|\n|t:|1700056693\n|move|p1b: Cresselia|Helping Hand|p1a: Basculegion\n|-singleturn|p1a: Basculegion|Helping Hand|[of] p1b: Cresselia\n|move|p1a: Basculegion|Aqua Jet|p2a: Arcanine\n|-supereffective|p2a: Arcanine\n|-damage|p2a: Arcanine|0 fnt\n|faint|p2a: Arcanine\n|move|p2b: Armarouge|Energy Ball|p1a: Basculegion\n|-supereffective|p1a: Basculegion\n|-damage|p1a: Basculegion|0 fnt\n|faint|p1a: Basculegion\n|\n|upkeep\n|\n|t:|1700056703\n|switch|p2a: Ogerpon|Ogerpon-Hearthflame, F|100\/100\n|switch|p1a: Roaring Moon|Roaring Moon|100\/100\n|-ability|p2a: Ogerpon|Mold Breaker\n|turn|7\n|\n|t:|1700056721\n|move|p1b: Cresselia|Helping Hand|p1a: Roaring Moon\n|-singleturn|p1a: Roaring Moon|Helping Hand|[of] p1b: Cresselia\n|move|p1a: Roaring Moon|Earthquake|p2a: Ogerpon|[spread] p2a,p2b\n|-immune|p1b: Cresselia|[from] ability: Levitate\n|-supereffective|p2b: Armarouge\n|-damage|p2a: Ogerpon|42\/100\n|-damage|p2b: Armarouge|0 fnt\n|faint|p2b: Armarouge\n|move|p2a: Ogerpon|Swords Dance|p2a: Ogerpon\n|-boost|p2a: Ogerpon|atk|2\n|\n|upkeep\n|\n|t:|1700056727\n|switch|p2b: Chi-Yu|Chi-Yu|100\/100\n|-ability|p2b: Chi-Yu|Beads of Ruin\n|turn|8\n|-message|Amberrunner forfeited.\n|\n|win|Messy fighter\n|raw|Messy fighter's rating: 1507 &rarr; <strong>1522<\/strong><br \/>(+15 for winning)\n|raw|Amberrunner's rating: 1419 &rarr; <strong>1404<\/strong><br \/>(-15 for losing)\n|l|\u2606Amberrunner\n|c|\u2606Messy fighter|Gg\n","uploadtime":1700056751,"views":12,"p1id":"messyfighter","p2id":"amberrunner","formatid":"gen9doublesou","rating":1404,"private":0,"password":""}