{"id":"gen9doublesou-1980266507","p1":"uhdfhadfdaf","p2":"Haxo SA de CV","format":"[Gen 9] Doubles OU","log":"|j|\u2606uhdfhadfdaf\n|j|\u2606Haxo SA de CV\n|t:|1698770870\n|gametype|doubles\n|player|p1|uhdfhadfdaf|cynthia-gen4|1072\n|player|p2|Haxo SA de CV|102|1000\n|teamsize|p1|6\n|teamsize|p2|6\n|gen|9\n|tier|[Gen 9] Doubles OU\n|rated|\n|rule|Species Clause: Limit one of each Pok\u00e9mon\n|rule|OHKO Clause: OHKO moves are banned\n|rule|Evasion Moves Clause: Evasion moves are banned\n|rule|Gravity Sleep Clause: The combination of sleep-inducing moves with imperfect accuracy and Gravity or Gigantamax Orbeetle are banned\n|rule|Endless Battle Clause: Forcing endless battles is banned\n|rule|HP Percentage Mod: HP is shown in percentages\n|clearpoke\n|poke|p1|Torterra, M|\n|poke|p1|Golduck, F|\n|poke|p1|Sinistcha-Masterpiece|\n|poke|p1|Sableye, F|\n|poke|p1|Diancie|\n|poke|p1|Corviknight, M|\n|poke|p2|Hoopa-Unbound|\n|poke|p2|Chien-Pao|\n|poke|p2|Palafin, M|\n|poke|p2|Tornadus, M|\n|poke|p2|Flutter Mane|\n|poke|p2|Chi-Yu|\n|teampreview\n|inactive|Battle timer is ON: inactive players will automatically lose when time's up. (requested by Haxo SA de CV)\n|\n|t:|1698770886\n|start\n|switch|p1a: Torterra|Torterra, M|100\/100\n|switch|p1b: Golduck|Golduck, F|100\/100\n|switch|p2a: Chi-Yu|Chi-Yu|100\/100\n|switch|p2b: Tornadus|Tornadus, M|100\/100\n|-ability|p2a: Chi-Yu|Beads of Ruin\n|turn|1\n|inactive|uhdfhadfdaf has 120 seconds left.\n|\n|t:|1698770917\n|switch|p1a: Diancie|Diancie|100\/100\n|move|p2b: Tornadus|Tailwind|p2b: Tornadus\n|-sidestart|p2: Haxo SA de CV|move: Tailwind\n|move|p2a: Chi-Yu|Heat Wave|p1a: Diancie|[spread] p1b\n|-miss|p2a: Chi-Yu|p1a: Diancie\n|-resisted|p1b: Golduck\n|-damage|p1b: Golduck|74\/100\n|move|p1b: Golduck|Knock Off|p2b: Tornadus\n|-damage|p2b: Tornadus|74\/100\n|-enditem|p2b: Tornadus|Covert Cloak|[from] move: Knock Off|[of] p1b: Golduck\n|\n|upkeep\n|turn|2\n|inactive|Haxo SA de CV has 120 seconds left.\n|\n|t:|1698770954\n|switch|p2a: Hoopa|Hoopa-Unbound|100\/100\n|move|p2b: Tornadus|Taunt|p1a: Diancie\n|-start|p1a: Diancie|move: Taunt\n|move|p1b: Golduck|Knock Off|p2a: Hoopa\n|-damage|p2a: Hoopa|73\/100\n|-enditem|p2a: Hoopa|Choice Band|[from] move: Knock Off|[of] p1b: Golduck\n|move|p1a: Diancie|Diamond Storm|p2a: Hoopa|[spread] p2a,p2b\n|-supereffective|p2b: Tornadus\n|-damage|p2a: Hoopa|25\/100\n|-damage|p2b: Tornadus|0 fnt\n|-boost|p1a: Diancie|def|2\n|faint|p2b: Tornadus\n|\n|upkeep\n|\n|t:|1698770966\n|switch|p2b: Flutter Mane|Flutter Mane|100\/100\n|turn|3\n|\n|t:|1698770977\n|move|p2b: Flutter Mane|Moonblast|p1a: Diancie\n|-damage|p1a: Diancie|51\/100\n|move|p2a: Hoopa|Hyperspace Fury|p1b: Golduck\n|-damage|p1b: Golduck|10\/100\n|-unboost|p2a: Hoopa|def|1\n|-item|p2a: Hoopa|Choice Scarf|[from] ability: Magician|[of] p1b: Golduck\n|move|p1b: Golduck|Knock Off|p2a: Hoopa\n|-damage|p2a: Hoopa|0 fnt\n|-enditem|p2a: Hoopa|Choice Scarf|[from] move: Knock Off|[of] p1b: Golduck\n|faint|p2a: Hoopa\n|move|p1a: Diancie|Diamond Storm|p2b: Flutter Mane\n|-damage|p2b: Flutter Mane|25\/100\n|\n|-heal|p1a: Diancie|57\/100|[from] item: Leftovers\n|upkeep\n|inactive|Haxo SA de CV has 120 seconds left.\n|\n|t:|1698770994\n|switch|p2a: Chien-Pao|Chien-Pao|100\/100\n|-ability|p2a: Chien-Pao|Sword of Ruin\n|turn|4\n|\n|t:|1698771004\n|switch|p1b: Sinistcha|Sinistcha-Masterpiece|100\/100\n|-heal|p1a: Diancie|82\/100|[from] ability: Hospitality|[of] p1b: Sinistcha\n|-terastallize|p2b: Flutter Mane|Fairy\n|-terastallize|p1a: Diancie|Fire\n|move|p2a: Chien-Pao|Ice Spinner|p1b: Sinistcha\n|-supereffective|p1b: Sinistcha\n|-damage|p1b: Sinistcha|0 fnt\n|faint|p1b: Sinistcha\n|move|p2b: Flutter Mane|Moonblast|p1a: Diancie\n|-resisted|p1a: Diancie\n|-damage|p1a: Diancie|50\/100\n|move|p1a: Diancie|Diamond Storm|p2a: Chien-Pao|[spread] p2a,p2b\n|-supereffective|p2a: Chien-Pao\n|-damage|p2a: Chien-Pao|28\/100\n|-damage|p2b: Flutter Mane|0 fnt\n|faint|p2b: Flutter Mane\n|-end|p2b: Flutter Mane|Protosynthesis|[silent]\n|\n|-heal|p1a: Diancie|57\/100|[from] item: Leftovers\n|-end|p1a: Diancie|move: Taunt\n|-sideend|p2: Haxo SA de CV|move: Tailwind\n|upkeep\n|\n|t:|1698771023\n|switch|p2b: Palafin|Palafin, M|100\/100\n|switch|p1b: Sableye|Sableye, F|100\/100\n|turn|5\n|\n|t:|1698771031\n|detailschange|p2b: Palafin|Palafin-Hero, M\n|switch|p2b: Chi-Yu|Chi-Yu|100\/100\n|-ability|p2b: Chi-Yu|Beads of Ruin\n|move|p2a: Chien-Pao|Protect|p2a: Chien-Pao\n|-singleturn|p2a: Chien-Pao|Protect\n|move|p1b: Sableye|Fake Out|p2b: Chi-Yu\n|-damage|p2b: Chi-Yu|84\/100\n|move|p1a: Diancie|Diamond Storm|p2b: Chi-Yu|[spread] p2b\n|-activate|p2a: Chien-Pao|move: Protect\n|-supereffective|p2b: Chi-Yu\n|-damage|p2b: Chi-Yu|0 fnt\n|-boost|p1a: Diancie|def|2\n|faint|p2b: Chi-Yu\n|\n|-heal|p1a: Diancie|63\/100|[from] item: Leftovers\n|upkeep\n|\n|t:|1698771042\n|switch|p2b: Palafin|Palafin-Hero, M|100\/100\n|-activate|p2b: Palafin|ability: Zero to Hero\n|turn|6\n|\n|t:|1698771054\n|move|p2a: Chien-Pao|Sacred Sword|p1a: Diancie\n|-damage|p1a: Diancie|32\/100\n|move|p2b: Palafin|Bulk Up|p2b: Palafin\n|-boost|p2b: Palafin|atk|1\n|-boost|p2b: Palafin|def|1\n|move|p1b: Sableye|Icy Wind|p2a: Chien-Pao|[spread] p2a\n|-miss|p1b: Sableye|p2b: Palafin\n|-resisted|p2a: Chien-Pao\n|-crit|p2a: Chien-Pao\n|-damage|p2a: Chien-Pao|21\/100\n|-unboost|p2a: Chien-Pao|spe|1\n|move|p1a: Diancie|Body Press|p2b: Palafin\n|-damage|p2b: Palafin|43\/100\n|\n|-heal|p2b: Palafin|50\/100|[from] item: Leftovers\n|-heal|p1a: Diancie|39\/100|[from] item: Leftovers\n|upkeep\n|turn|7\n|\n|t:|1698771067\n|move|p2a: Chien-Pao|Protect|p2a: Chien-Pao\n|-singleturn|p2a: Chien-Pao|Protect\n|move|p2b: Palafin|Jet Punch|p1a: Diancie\n|-supereffective|p1a: Diancie\n|-damage|p1a: Diancie|6\/100\n|move|p1b: Sableye|Icy Wind|p2b: Palafin|[spread] p2b\n|-activate|p2a: Chien-Pao|move: Protect\n|-resisted|p2b: Palafin\n|-damage|p2b: Palafin|47\/100\n|-unboost|p2b: Palafin|spe|1\n|move|p1a: Diancie|Body Press|p2b: Palafin\n|-damage|p2b: Palafin|0 fnt\n|faint|p2b: Palafin\n|\n|-heal|p1a: Diancie|13\/100|[from] item: Leftovers\n|upkeep\n|turn|8\n|-message|Haxo SA de CV forfeited.\n|\n|win|uhdfhadfdaf\n|raw|uhdfhadfdaf's rating: 1072 &rarr; <strong>1095<\/strong><br \/>(+23 for winning)\n|raw|Haxo SA de CV's rating: 1000 &rarr; <strong>1000<\/strong><br \/>(+0 for losing)\n|l|\u2606Haxo SA de CV\n","uploadtime":1698771085,"views":22,"p1id":"uhdfhadfdaf","p2id":"haxosadecv","formatid":"gen9doublesou","rating":1000,"private":0,"password":""}