{"id":"gen9doublesou-1982576545","p1":"Rungy","p2":"NOOB_1352011","format":"[Gen 9] Doubles OU","log":"|j|\u2606Rungy\n|j|\u2606NOOB_1352011\n|t:|1699026905\n|gametype|doubles\n|player|p1|Rungy|gambler|1257\n|player|p2|NOOB_1352011|iris-gen5bw2|1236\n|teamsize|p1|6\n|teamsize|p2|6\n|gen|9\n|tier|[Gen 9] Doubles OU\n|rated|\n|rule|Species Clause: Limit one of each Pok\u00e9mon\n|rule|OHKO Clause: OHKO moves are banned\n|rule|Evasion Moves Clause: Evasion moves are banned\n|rule|Gravity Sleep Clause: The combination of sleep-inducing moves with imperfect accuracy and Gravity or Gigantamax Orbeetle are banned\n|rule|Endless Battle Clause: Forcing endless battles is banned\n|rule|HP Percentage Mod: HP is shown in percentages\n|clearpoke\n|poke|p1|Weezing-Galar, F|\n|poke|p1|Ribombee, M|\n|poke|p1|Farigiraf, M|\n|poke|p1|Gastrodon-East, M|\n|poke|p1|Arcanine, F|\n|poke|p1|Sawsbuck-Autumn, M|\n|poke|p2|Armarouge, F|\n|poke|p2|Iron Bundle|\n|poke|p2|Indeedee, M|\n|poke|p2|Kommo-o, F|\n|poke|p2|Sinistcha|\n|poke|p2|Lycanroc-Dusk, F|\n|teampreview\n|inactive|Battle timer is ON: inactive players will automatically lose when time's up. (requested by NOOB_1352011)\n|c|\u2606Rungy|glhf!\n|c|\u2606NOOB_1352011|u2\n|inactive|NOOB_1352011 has 120 seconds left.\n|\n|t:|1699026942\n|start\n|switch|p1a: Assmar|Weezing-Galar, F|100\/100\n|switch|p1b: Bee Movie|Ribombee, M|100\/100\n|switch|p2a: Kommo-o|Kommo-o, F|100\/100\n|switch|p2b: Lycanroc|Lycanroc-Dusk, F|100\/100\n|-fieldstart|move: Misty Terrain|[from] ability: Misty Surge|[of] p1a: Assmar\n|turn|1\n|\n|t:|1699026958\n|switch|p1a: Mr. Rothschild|Farigiraf, M|100\/100\n|-terastallize|p2a: Kommo-o|Steel\n|move|p1b: Bee Movie|Sticky Web|p2a: Kommo-o\n|-sidestart|p2: NOOB_1352011|move: Sticky Web\n|move|p2b: Lycanroc|Stealth Rock|p1a: Mr. Rothschild\n|-sidestart|p1: Rungy|move: Stealth Rock\n|move|p2a: Kommo-o|Clangorous Soul|p2a: Kommo-o\n|-boost|p2a: Kommo-o|atk|1\n|-boost|p2a: Kommo-o|def|1\n|-boost|p2a: Kommo-o|spa|1\n|-boost|p2a: Kommo-o|spd|1\n|-boost|p2a: Kommo-o|spe|1\n|-damage|p2a: Kommo-o|68\/100\n|-enditem|p2a: Kommo-o|Throat Spray\n|-boost|p2a: Kommo-o|spa|1|[from] item: Throat Spray\n|\n|upkeep\n|turn|2\n|c|\u2606Rungy|Oh snap! Throat Spray works on Clangorous Soul??\n|inactive|Rungy has 120 seconds left.\n|c|\u2606NOOB_1352011|yep its a sound based move\n|\n|t:|1699027003\n|switch|p1b: Khan|Gastrodon-East, M|100\/100\n|-damage|p1b: Khan|94\/100|[from] Stealth Rock\n|switch|p1a: Buckley|Sawsbuck-Autumn, M|100\/100\n|-damage|p1a: Buckley|88\/100|[from] Stealth Rock\n|move|p2b: Lycanroc|Accelerock|p1b: Khan\n|-resisted|p1b: Khan\n|-damage|p1b: Khan|81\/100\n|move|p2a: Kommo-o|Flash Cannon|p1b: Khan\n|-resisted|p1b: Khan\n|-damage|p1b: Khan|60\/100\n|-unboost|p1b: Khan|spd|1\n|\n|upkeep\n|turn|3\n|inactive|Rungy has 120 seconds left.\n|\n|t:|1699027036\n|switch|p2b: Sinistcha|Sinistcha|100\/100\n|-activate|p2b: Sinistcha|move: Sticky Web\n|-unboost|p2b: Sinistcha|spe|1\n|-heal|p2a: Kommo-o|92\/100|[from] ability: Hospitality|[of] p2b: Sinistcha\n|-terastallize|p1b: Khan|Fire\n|move|p2a: Kommo-o|Clanging Scales|p1a: Buckley|[spread] p1a,p1b\n|-damage|p1a: Buckley|35\/100\n|-damage|p1b: Khan|27\/100\n|-unboost|p2a: Kommo-o|def|1\n|move|p1a: Buckley|High Horsepower|p2a: Kommo-o\n|-supereffective|p2a: Kommo-o\n|-damage|p2a: Kommo-o|41\/100\n|move|p1b: Khan|Earth Power|p2a: Kommo-o\n|-supereffective|p2a: Kommo-o\n|-damage|p2a: Kommo-o|0 fnt\n|faint|p2a: Kommo-o\n|\n|upkeep\n|inactive|NOOB_1352011 has 120 seconds left.\n|\n|t:|1699027060\n|switch|p2a: Lycanroc|Lycanroc-Dusk, F|100\/100\n|-activate|p2a: Lycanroc|move: Sticky Web\n|-unboost|p2a: Lycanroc|spe|1\n|turn|4\n|inactive|NOOB_1352011 has 120 seconds left.\n|\n|t:|1699027098\n|switch|p1a: Mr. Rothschild|Farigiraf, M|100\/100\n|-damage|p1a: Mr. Rothschild|88\/100|[from] Stealth Rock\n|switch|p2b: Iron Bundle|Iron Bundle|100\/100\n|-activate|p2b: Iron Bundle|move: Sticky Web\n|-unboost|p2b: Iron Bundle|spe|1\n|move|p2a: Lycanroc|Accelerock||[still]\n|cant|p1a: Mr. Rothschild|ability: Armor Tail|Accelerock|[of] p2a: Lycanroc\n|move|p1b: Khan|Water Pulse|p2a: Lycanroc\n|-supereffective|p2a: Lycanroc\n|-damage|p2a: Lycanroc|3\/100\n|\n|upkeep\n|turn|5\n|inactive|NOOB_1352011 has 120 seconds left.\n|\n|t:|1699027118\n|move|p2b: Iron Bundle|Protect|p2b: Iron Bundle\n|-singleturn|p2b: Iron Bundle|Protect\n|move|p2a: Lycanroc|Rock Slide|p1a: Mr. Rothschild|[spread] p1a,p1b\n|-supereffective|p1b: Khan\n|-damage|p1a: Mr. Rothschild|58\/100\n|-damage|p1b: Khan|0 fnt\n|faint|p1b: Khan\n|cant|p1a: Mr. Rothschild|flinch\n|\n|upkeep\n|\n|t:|1699027132\n|switch|p1b: Fang|Arcanine, F|100\/100\n|-damage|p1b: Fang|76\/100|[from] Stealth Rock\n|turn|6\n|\n|t:|1699027141\n|move|p2a: Lycanroc|Accelerock||[still]\n|cant|p1a: Mr. Rothschild|ability: Armor Tail|Accelerock|[of] p2a: Lycanroc\n|move|p1b: Fang|Wild Charge|p2b: Iron Bundle\n|-supereffective|p2b: Iron Bundle\n|-damage|p2b: Iron Bundle|45\/100\n|-damage|p1b: Fang|62\/100|[from] Recoil\n|-heal|p1b: Fang|69\/100|[from] item: Shell Bell|[of] p2b: Iron Bundle\n|move|p2b: Iron Bundle|Icy Wind|p1a: Mr. Rothschild|[spread] p1b\n|-miss|p2b: Iron Bundle|p1a: Mr. Rothschild\n|-resisted|p1b: Fang\n|-damage|p1b: Fang|57\/100\n|-unboost|p1b: Fang|spe|1\n|move|p1a: Mr. Rothschild|Hyper Voice|p2a: Lycanroc|[spread] p2a,p2b\n|-resisted|p2a: Lycanroc\n|-damage|p2a: Lycanroc|0 fnt\n|-damage|p2b: Iron Bundle|0 fnt\n|faint|p2a: Lycanroc\n|faint|p2b: Iron Bundle\n|-end|p2b: Iron Bundle|Quark Drive|[silent]\n|-enditem|p1a: Mr. Rothschild|Throat Spray\n|-boost|p1a: Mr. Rothschild|spa|1|[from] item: Throat Spray\n|\n|upkeep\n|inactive|NOOB_1352011 has 120 seconds left.\n|c|\u2606NOOB_1352011|but I targeted arcanine\n|c|\u2606NOOB_1352011|I didn't know thats how armor tail works :(\n|-message|NOOB_1352011 forfeited.\n|\n|win|Rungy\n|raw|Rungy's rating: 1257 &rarr; <strong>1280<\/strong><br \/>(+23 for winning)\n|raw|NOOB_1352011's rating: 1236 &rarr; <strong>1213<\/strong><br \/>(-23 for losing)\n|l|\u2606NOOB_1352011\n","uploadtime":1699027187,"views":13,"p1id":"rungy","p2id":"noob1352011","formatid":"gen9doublesou","rating":1213,"private":0,"password":""}