{"id":"gen9doublesou-1986908390","p1":"Marcasfitz","p2":"okiida","format":"[Gen 9] Doubles OU","log":"|j|\u2606Marcasfitz\n|j|\u2606okiida\n|t:|1699539996\n|gametype|doubles\n|player|p1|Marcasfitz|2|1253\n|player|p2|okiida|169|1182\n|teamsize|p1|6\n|teamsize|p2|6\n|gen|9\n|tier|[Gen 9] Doubles OU\n|rated|\n|rule|Species Clause: Limit one of each Pok\u00e9mon\n|rule|OHKO Clause: OHKO moves are banned\n|rule|Evasion Moves Clause: Evasion moves are banned\n|rule|Gravity Sleep Clause: The combination of sleep-inducing moves with imperfect accuracy and Gravity or Gigantamax Orbeetle are banned\n|rule|Endless Battle Clause: Forcing endless battles is banned\n|rule|HP Percentage Mod: HP is shown in percentages\n|clearpoke\n|poke|p1|Snorlax, F|\n|poke|p1|Clefairy, F|\n|poke|p1|Iron Hands|\n|poke|p1|Kommo-o, M|\n|poke|p1|Sinistcha|\n|poke|p1|Landorus-Therian, M|\n|poke|p2|Landorus-Therian, M|\n|poke|p2|Iron Hands|\n|poke|p2|Farigiraf, F|\n|poke|p2|Clefairy, M|\n|poke|p2|Flutter Mane|\n|poke|p2|Ogerpon-Hearthflame, F|\n|teampreview\n|inactive|Battle timer is ON: inactive players will automatically lose when time's up. (requested by Marcasfitz)\n|inactive|okiida has 120 seconds left.\n|\n|t:|1699540032\n|start\n|switch|p1a: Clefairy|Clefairy, F|100\/100\n|switch|p1b: Kommo-o|Kommo-o, M|100\/100\n|switch|p2a: Flutter Mane|Flutter Mane|100\/100\n|switch|p2b: Ogerpon|Ogerpon-Hearthflame, F|100\/100\n|-ability|p2b: Ogerpon|Mold Breaker\n|turn|1\n|\n|t:|1699540050\n|-terastallize|p2b: Ogerpon|Fire\n|detailschange|p2b: Ogerpon|Ogerpon-Hearthflame-Tera, F, tera:Fire\n|-ability|p2b: Ogerpon|Embody Aspect (Hearthflame)|boost\n|-boost|p2b: Ogerpon|atk|1\n|move|p2a: Flutter Mane|Protect|p2a: Flutter Mane\n|-singleturn|p2a: Flutter Mane|Protect\n|move|p1a: Clefairy|Follow Me|p1a: Clefairy\n|-singleturn|p1a: Clefairy|move: Follow Me\n|move|p1b: Kommo-o|Clangorous Soul|p1b: Kommo-o\n|-boost|p1b: Kommo-o|atk|1\n|-boost|p1b: Kommo-o|def|1\n|-boost|p1b: Kommo-o|spa|1\n|-boost|p1b: Kommo-o|spd|1\n|-boost|p1b: Kommo-o|spe|1\n|-damage|p1b: Kommo-o|68\/100\n|-enditem|p1b: Kommo-o|Throat Spray\n|-boost|p1b: Kommo-o|spa|1|[from] item: Throat Spray\n|move|p2b: Ogerpon|Ivy Cudgel|p1a: Clefairy\n|-damage|p1a: Clefairy|6\/100\n|\n|upkeep\n|turn|2\n|inactive|Marcasfitz has 120 seconds left.\n|inactive|okiida has 120 seconds left.\n|\n|t:|1699540088\n|-end|p2a: Flutter Mane|Protosynthesis|[silent]\n|switch|p2a: Clefairy|Clefairy, M|100\/100\n|-terastallize|p1b: Kommo-o|Steel\n|move|p1a: Clefairy|Helping Hand|p1b: Kommo-o\n|-singleturn|p1b: Kommo-o|Helping Hand|[of] p1a: Clefairy\n|move|p2b: Ogerpon|Spiky Shield|p2b: Ogerpon\n|-singleturn|p2b: Ogerpon|move: Protect\n|move|p1b: Kommo-o|Clanging Scales|p2b: Ogerpon|[spread] \n|-activate|p2b: Ogerpon|move: Protect\n|-immune|p2a: Clefairy\n|\n|upkeep\n|turn|3\n|\n|t:|1699540108\n|move|p1a: Clefairy|Helping Hand|p1b: Kommo-o\n|-singleturn|p1b: Kommo-o|Helping Hand|[of] p1a: Clefairy\n|move|p2a: Clefairy|Follow Me|p2a: Clefairy\n|-singleturn|p2a: Clefairy|move: Follow Me\n|move|p1b: Kommo-o|Clanging Scales|p2b: Ogerpon|[spread] p2b\n|-immune|p2a: Clefairy\n|-damage|p2b: Ogerpon|23\/100\n|-unboost|p1b: Kommo-o|def|1\n|move|p2b: Ogerpon|Ivy Cudgel|p1b: Kommo-o\n|-supereffective|p1b: Kommo-o\n|-damage|p1b: Kommo-o|0 fnt\n|faint|p1b: Kommo-o\n|\n|upkeep\n|inactive|Marcasfitz has 120 seconds left.\n|\n|t:|1699540125\n|switch|p1b: Snorlax|Snorlax, F|100\/100\n|turn|4\n|\n|t:|1699540138\n|move|p1a: Clefairy|Follow Me|p1a: Clefairy\n|-singleturn|p1a: Clefairy|move: Follow Me\n|move|p2b: Ogerpon|Horn Leech|p1a: Clefairy\n|-damage|p1a: Clefairy|0 fnt\n|-heal|p2b: Ogerpon|26\/100|[from] drain|[of] p1a: Clefairy\n|faint|p1a: Clefairy\n|move|p2a: Clefairy|Heal Pulse|p2b: Ogerpon\n|-heal|p2b: Ogerpon|76\/100\n|move|p1b: Snorlax|Belly Drum|p1b: Snorlax\n|-damage|p1b: Snorlax|50\/100\n|-setboost|p1b: Snorlax|atk|6|[from] move: Belly Drum\n|-enditem|p1b: Snorlax|Sitrus Berry|[eat]\n|-heal|p1b: Snorlax|75\/100|[from] item: Sitrus Berry\n|\n|upkeep\n|\n|t:|1699540154\n|switch|p1a: Sinistcha|Sinistcha|100\/100\n|-heal|p1b: Snorlax|100\/100|[from] ability: Hospitality|[of] p1a: Sinistcha\n|turn|5\n|\n|t:|1699540174\n|move|p2a: Clefairy|Follow Me|p2a: Clefairy\n|-singleturn|p2a: Clefairy|move: Follow Me\n|move|p2b: Ogerpon|Ivy Cudgel|p1b: Snorlax\n|-damage|p1b: Snorlax|63\/100\n|move|p1b: Snorlax|High Horsepower|p2a: Clefairy\n|-damage|p2a: Clefairy|25\/100\n|move|p1a: Sinistcha|Trick Room|p1a: Sinistcha\n|-fieldstart|move: Trick Room|[of] p1a: Sinistcha\n|\n|upkeep\n|turn|6\n|\n|t:|1699540200\n|move|p1b: Snorlax|High Horsepower|p2b: Ogerpon|[miss]\n|-miss|p1b: Snorlax|p2b: Ogerpon\n|move|p2a: Clefairy|Heal Pulse|p2b: Ogerpon\n|-heal|p2b: Ogerpon|100\/100\n|move|p1a: Sinistcha|Matcha Gotcha|p2b: Ogerpon|[spread] p2a,p2b\n|-resisted|p2b: Ogerpon\n|-damage|p2a: Clefairy|5\/100\n|-damage|p2b: Ogerpon|91\/100\n|move|p2b: Ogerpon|Ivy Cudgel|p1a: Sinistcha\n|-supereffective|p1a: Sinistcha\n|-damage|p1a: Sinistcha|0 fnt\n|faint|p1a: Sinistcha\n|\n|upkeep\n|inactive|Marcasfitz has 120 seconds left.\n|\n|t:|1699540215\n|switch|p1a: Iron Hands|Iron Hands|100\/100\n|turn|7\n|\n|t:|1699540224\n|switch|p2a: Farigiraf|Farigiraf, F|100\/100\n|move|p2b: Ogerpon|Spiky Shield|p2b: Ogerpon\n|-singleturn|p2b: Ogerpon|move: Protect\n|move|p1a: Iron Hands|Fake Out||[still]\n|cant|p2a: Farigiraf|ability: Armor Tail|Fake Out|[of] p1a: Iron Hands\n|move|p1b: Snorlax|High Horsepower|p2b: Ogerpon\n|-activate|p2b: Ogerpon|move: Protect\n|-damage|p1b: Snorlax|50\/100|[from] Spiky Shield|[of] p2b: Ogerpon\n|\n|upkeep\n|turn|8\n|\n|t:|1699540253\n|-end|p1a: Iron Hands|Quark Drive|[silent]\n|switch|p1a: Landorus|Landorus-Therian, M|100\/100\n|-ability|p1a: Landorus|Intimidate|boost\n|-unboost|p2a: Farigiraf|atk|1\n|-unboost|p2b: Ogerpon|atk|1\n|switch|p2b: Landorus|Landorus-Therian, M|100\/100\n|-ability|p2b: Landorus|Intimidate|boost\n|-unboost|p1a: Landorus|atk|1\n|-unboost|p1b: Snorlax|atk|1\n|move|p1b: Snorlax|High Horsepower|p2b: Landorus\n|-immune|p2b: Landorus\n|move|p2a: Farigiraf|Nasty Plot|p2a: Farigiraf\n|-boost|p2a: Farigiraf|spa|2\n|\n|upkeep\n|turn|9\n|-message|Marcasfitz forfeited.\n|\n|win|okiida\n|raw|Marcasfitz's rating: 1253 &rarr; <strong>1223<\/strong><br \/>(-30 for losing)\n|raw|okiida's rating: 1182 &rarr; <strong>1212<\/strong><br \/>(+30 for winning)\n|l|\u2606Marcasfitz\n","uploadtime":1699540271,"views":16,"p1id":"marcasfitz","p2id":"okiida","formatid":"gen9doublesou","rating":1212,"private":0,"password":""}