{"id":"gen9doublesou-1994470656","p1":"Zulneily","p2":"exprezzo","format":"[Gen 9] Doubles OU","log":"|j|\u2606Zulneily\n|j|\u2606exprezzo\n|t:|1700447683\n|gametype|doubles\n|player|p1|Zulneily|hilda-wonderlauncher|1046\n|player|p2|exprezzo|266|1000\n|teamsize|p1|6\n|teamsize|p2|6\n|gen|9\n|tier|[Gen 9] Doubles OU\n|rated|\n|rule|Species Clause: Limit one of each Pok\u00e9mon\n|rule|OHKO Clause: OHKO moves are banned\n|rule|Evasion Moves Clause: Evasion moves are banned\n|rule|Gravity Sleep Clause: The combination of sleep-inducing moves with imperfect accuracy and Gravity or Gigantamax Orbeetle are banned\n|rule|Endless Battle Clause: Forcing endless battles is banned\n|rule|HP Percentage Mod: HP is shown in percentages\n|clearpoke\n|poke|p1|Sinistcha|\n|poke|p1|Moltres-Galar|\n|poke|p1|Arcanine-Hisui, M|\n|poke|p1|Ogerpon-Wellspring, F|\n|poke|p1|Klefki, F|\n|poke|p1|Okidogi, M|\n|poke|p2|Fezandipiti, M|\n|poke|p2|Chi-Yu|\n|poke|p2|Maushold-Four|\n|poke|p2|Ogerpon-Wellspring, F|\n|poke|p2|Flutter Mane|\n|poke|p2|Appletun, F|\n|teampreview\n|inactive|Battle timer is ON: inactive players will automatically lose when time's up. (requested by exprezzo)\n|\n|t:|1700447703\n|start\n|switch|p1a: Klefki|Klefki, F|100\/100\n|switch|p1b: Ogerpon|Ogerpon-Wellspring, F|100\/100\n|switch|p2a: Fezandipiti|Fezandipiti, M|100\/100\n|switch|p2b: Ogerpon|Ogerpon-Wellspring, F|100\/100\n|turn|1\n|\n|t:|1700447725\n|switch|p1b: Okidogi|Okidogi, M|100\/100\n|move|p2b: Ogerpon|Spiky Shield|p2b: Ogerpon\n|-singleturn|p2b: Ogerpon|move: Protect\n|move|p1a: Klefki|Light Screen|p1a: Klefki\n|-sidestart|p1: Zulneily|move: Light Screen\n|move|p2a: Fezandipiti|Poison Gas|p1b: Okidogi|[spread] \n|-immune|p1a: Klefki\n|-immune|p1b: Okidogi\n|\n|upkeep\n|turn|2\n|\n|t:|1700447749\n|move|p2b: Ogerpon|Spiky Shield||[still]\n|-fail|p2b: Ogerpon\n|move|p1a: Klefki|Reflect|p1a: Klefki\n|-sidestart|p1: Zulneily|Reflect\n|move|p2a: Fezandipiti|Wing Attack|p1b: Okidogi\n|-supereffective|p1b: Okidogi\n|-damage|p1b: Okidogi|66\/100\n|-damage|p2a: Fezandipiti|91\/100|[from] item: Life Orb\n|move|p1b: Okidogi|Poison Jab|p2a: Fezandipiti\n|-damage|p2a: Fezandipiti|28\/100\n|-damage|p1b: Okidogi|56\/100|[from] item: Life Orb\n|\n|upkeep\n|turn|3\n|\n|t:|1700447766\n|move|p2b: Ogerpon|Helping Hand|p2a: Fezandipiti\n|-singleturn|p2a: Fezandipiti|Helping Hand|[of] p2b: Ogerpon\n|move|p1b: Okidogi|Protect|p1b: Okidogi\n|-singleturn|p1b: Okidogi|Protect\n|move|p2a: Fezandipiti|Wing Attack|p1b: Okidogi\n|-activate|p1b: Okidogi|move: Protect\n|move|p1a: Klefki|Dazzling Gleam|p2b: Ogerpon|[spread] p2a,p2b\n|-resisted|p2a: Fezandipiti\n|-damage|p2a: Fezandipiti|21\/100\n|-damage|p2b: Ogerpon|85\/100\n|\n|upkeep\n|turn|4\n|\n|t:|1700447782\n|move|p2b: Ogerpon|Helping Hand|p2a: Fezandipiti\n|-singleturn|p2a: Fezandipiti|Helping Hand|[of] p2b: Ogerpon\n|move|p1a: Klefki|Thunder Wave|p2a: Fezandipiti\n|-status|p2a: Fezandipiti|par\n|move|p1b: Okidogi|Poison Jab|p2a: Fezandipiti\n|-damage|p2a: Fezandipiti|0 fnt\n|faint|p2a: Fezandipiti\n|-damage|p1b: Okidogi|46\/100|[from] item: Life Orb\n|\n|upkeep\n|\n|t:|1700447792\n|switch|p2a: Flutter Mane|Flutter Mane|100\/100\n|turn|5\n|\n|t:|1700447808\n|move|p1b: Okidogi|Protect|p1b: Okidogi\n|-singleturn|p1b: Okidogi|Protect\n|move|p1a: Klefki|Thunder Wave|p2a: Flutter Mane\n|-status|p2a: Flutter Mane|par\n|move|p2b: Ogerpon|Energy Ball|p1a: Klefki\n|-resisted|p1a: Klefki\n|-damage|p1a: Klefki|93\/100\n|-unboost|p1a: Klefki|spd|1\n|move|p2a: Flutter Mane|Shadow Ball|p1a: Klefki\n|-damage|p1a: Klefki|46\/100\n|\n|upkeep\n|turn|6\n|\n|t:|1700447831\n|-end|p2a: Flutter Mane|Protosynthesis|[silent]\n|switch|p2a: Chi-Yu|Chi-Yu|100\/100\n|-ability|p2a: Chi-Yu|Beads of Ruin\n|move|p1a: Klefki|Thunder Wave|p2b: Ogerpon|[miss]\n|-miss|p1a: Klefki|p2b: Ogerpon\n|move|p2b: Ogerpon|Play Rough|p1a: Klefki\n|-resisted|p1a: Klefki\n|-damage|p1a: Klefki|37\/100\n|move|p1b: Okidogi|Poison Jab|p2a: Chi-Yu\n|-damage|p2a: Chi-Yu|32\/100\n|-damage|p1b: Okidogi|36\/100|[from] item: Life Orb\n|\n|upkeep\n|turn|7\n|inactive|Zulneily has 120 seconds left.\n|\n|t:|1700447861\n|switch|p1a: Sinistcha|Sinistcha|100\/100\n|-heal|p1b: Okidogi|61\/100|[from] ability: Hospitality|[of] p1a: Sinistcha\n|move|p2b: Ogerpon|Spiky Shield|p2b: Ogerpon\n|-singleturn|p2b: Ogerpon|move: Protect\n|move|p1b: Okidogi|Protect|p1b: Okidogi\n|-singleturn|p1b: Okidogi|Protect\n|move|p2a: Chi-Yu|Overheat|p1a: Sinistcha\n|-supereffective|p1a: Sinistcha\n|-damage|p1a: Sinistcha|0 fnt\n|-unboost|p2a: Chi-Yu|spa|2\n|faint|p1a: Sinistcha\n|\n|upkeep\n|inactive|Zulneily has 120 seconds left.\n|\n|t:|1700447877\n|switch|p1a: Arcanine|Arcanine-Hisui, M|100\/100\n|-ability|p1a: Arcanine|Intimidate|boost\n|-unboost|p2a: Chi-Yu|atk|1\n|-unboost|p2b: Ogerpon|atk|1\n|turn|8\n|inactive|Zulneily has 120 seconds left.\n|\n|t:|1700447894\n|switch|p2a: Flutter Mane|Flutter Mane|100\/100 par\n|move|p1a: Arcanine|Protect|p1a: Arcanine\n|-singleturn|p1a: Arcanine|Protect\n|move|p2b: Ogerpon|Play Rough|p1b: Okidogi\n|-damage|p1b: Okidogi|50\/100\n|move|p1b: Okidogi|Poison Jab|p2b: Ogerpon\n|-supereffective|p2b: Ogerpon\n|-damage|p2b: Ogerpon|0 fnt\n|faint|p2b: Ogerpon\n|-damage|p1b: Okidogi|40\/100|[from] item: Life Orb\n|\n|-sideend|p1: Zulneily|move: Light Screen\n|upkeep\n|\n|t:|1700447903\n|switch|p2b: Maushold|Maushold-Four|100\/100\n|turn|9\n|\n|t:|1700447927\n|switch|p1a: Klefki|Klefki, F|37\/100\n|move|p2a: Flutter Mane|Helping Hand|p2b: Maushold\n|-singleturn|p2b: Maushold|Helping Hand|[of] p2a: Flutter Mane\n|move|p2b: Maushold|Population Bomb|p1a: Klefki\n|-resisted|p1a: Klefki\n|-crit|p1a: Klefki\n|-damage|p1a: Klefki|29\/100\n|-resisted|p1a: Klefki\n|-damage|p1a: Klefki|25\/100\n|-resisted|p1a: Klefki\n|-damage|p1a: Klefki|21\/100\n|-hitcount|p1a: Klefki|3\n|move|p1b: Okidogi|Drain Punch|p2b: Maushold\n|-supereffective|p2b: Maushold\n|-damage|p2b: Maushold|0 fnt\n|-heal|p1b: Okidogi|87\/100|[from] drain|[of] p2b: Maushold\n|faint|p2b: Maushold\n|-damage|p1b: Okidogi|77\/100|[from] item: Life Orb\n|\n|-sideend|p1: Zulneily|Reflect\n|upkeep\n|\n|t:|1700447941\n|switch|p2b: Appletun|Appletun, F|100\/100\n|turn|10\n|\n|t:|1700447959\n|move|p1a: Klefki|Light Screen|p1a: Klefki\n|-sidestart|p1: Zulneily|move: Light Screen\n|move|p2a: Flutter Mane|Shadow Ball|p1b: Okidogi\n|-damage|p1b: Okidogi|53\/100\n|-unboost|p1b: Okidogi|spd|1\n|move|p1b: Okidogi|Poison Jab|p2a: Flutter Mane\n|-damage|p2a: Flutter Mane|0 fnt\n|faint|p2a: Flutter Mane\n|-end|p2a: Flutter Mane|Protosynthesis|[silent]\n|-damage|p1b: Okidogi|43\/100|[from] item: Life Orb\n|move|p2b: Appletun|Apple Acid|p1a: Klefki\n|-resisted|p1a: Klefki\n|-damage|p1a: Klefki|11\/100\n|-unboost|p1a: Klefki|spd|1\n|\n|upkeep\n|\n|t:|1700447966\n|switch|p2a: Chi-Yu|Chi-Yu|32\/100\n|-ability|p2a: Chi-Yu|Beads of Ruin\n|turn|11\n|\n|t:|1700447982\n|move|p1a: Klefki|Thunder Wave|p2b: Appletun\n|-status|p2b: Appletun|par\n|move|p2a: Chi-Yu|Overheat|p1b: Okidogi\n|-damage|p1b: Okidogi|0 fnt\n|-unboost|p2a: Chi-Yu|spa|2\n|faint|p1b: Okidogi\n|cant|p2b: Appletun|par\n|\n|upkeep\n|\n|t:|1700447996\n|switch|p1b: Ogerpon|Ogerpon-Wellspring, F|100\/100\n|turn|12\n|\n|t:|1700448001\n|move|p1b: Ogerpon|Ivy Cudgel|p2a: Chi-Yu|[anim] Ivy Cudgel Water\n|-supereffective|p2a: Chi-Yu\n|-damage|p2a: Chi-Yu|0 fnt\n|faint|p2a: Chi-Yu\n|move|p1a: Klefki|Dazzling Gleam|p2b: Appletun\n|-supereffective|p2b: Appletun\n|-damage|p2b: Appletun|70\/100 par\n|move|p2b: Appletun|Energy Ball|p1b: Ogerpon\n|-damage|p1b: Ogerpon|82\/100\n|\n|upkeep\n|turn|13\n|\n|t:|1700448018\n|switch|p1b: Moltres|Moltres-Galar|100\/100\n|move|p1a: Klefki|Dazzling Gleam|p2b: Appletun\n|-supereffective|p2b: Appletun\n|-damage|p2b: Appletun|39\/100 par\n|move|p2b: Appletun|Apple Acid|p1b: Moltres\n|-resisted|p1b: Moltres\n|-damage|p1b: Moltres|94\/100\n|-unboost|p1b: Moltres|spd|1\n|\n|upkeep\n|turn|14\n|\n|t:|1700448030\n|move|p1b: Moltres|Air Slash|p2b: Appletun\n|-supereffective|p2b: Appletun\n|-damage|p2b: Appletun|2\/100 par\n|-activate|p2b: Appletun|ability: Ripen\n|-enditem|p2b: Appletun|Starf Berry|[eat]\n|-boost|p2b: Appletun|spa|4|[from] item: Starf Berry\n|move|p1a: Klefki|Dazzling Gleam|p2b: Appletun\n|-supereffective|p2b: Appletun\n|-damage|p2b: Appletun|0 fnt\n|faint|p2b: Appletun\n|\n|win|Zulneily\n|raw|Zulneily's rating: 1046 &rarr; <strong>1075<\/strong><br \/>(+29 for winning)\n|raw|exprezzo's rating: 1000 &rarr; <strong>1000<\/strong><br \/>(+0 for losing)\n|l|\u2606exprezzo\n","uploadtime":1700448053,"views":6,"p1id":"zulneily","p2id":"exprezzo","formatid":"gen9doublesou","rating":1000,"private":0,"password":""}