{"id":"gen9doublesou-1974607317","p1":"mikeyuwu","p2":"MasterHand","format":"[Gen 9] Doubles OU","log":"|j|\u2606mikeyuwu\n|j|\u2606MasterHand\n|t:|1698102037\n|gametype|doubles\n|player|p1|mikeyuwu|psychic-gen4|1324\n|player|p2|MasterHand|volkner|1336\n|teamsize|p1|6\n|teamsize|p2|6\n|gen|9\n|tier|[Gen 9] Doubles OU\n|rated|\n|rule|Species Clause: Limit one of each Pok\u00e9mon\n|rule|OHKO Clause: OHKO moves are banned\n|rule|Evasion Moves Clause: Evasion moves are banned\n|rule|Gravity Sleep Clause: The combination of sleep-inducing moves with imperfect accuracy and Gravity or Gigantamax Orbeetle are banned\n|rule|Endless Battle Clause: Forcing endless battles is banned\n|rule|HP Percentage Mod: HP is shown in percentages\n|clearpoke\n|poke|p1|Garchomp, M|\n|poke|p1|Tyranitar, F|\n|poke|p1|Vaporeon, F|\n|poke|p1|Toxicroak, M|\n|poke|p1|Pelipper, F|\n|poke|p1|Abomasnow, M|\n|poke|p2|Oranguru, M|\n|poke|p2|Bronzong|\n|poke|p2|Cresselia, F|\n|poke|p2|Farigiraf, F|\n|poke|p2|Iron Hands|\n|poke|p2|Garganacl, M|\n|teampreview\n|\n|t:|1698102047\n|start\n|switch|p1a: ThcrThnSnkr|Tyranitar, F|100\/100\n|switch|p1b: Harmacy|Vaporeon, F|100\/100\n|switch|p2a: Iron Hands|Iron Hands|100\/100\n|switch|p2b: Oranguru|Oranguru, M|100\/100\n|-weather|Sandstorm|[from] ability: Sand Stream|[of] p1a: ThcrThnSnkr\n|-enditem|p2a: Iron Hands|Booster Energy\n|-activate|p2b: Oranguru|ability: Symbiosis|Life Orb|[of] p2a: Iron Hands\n|-activate|p2a: Iron Hands|ability: Quark Drive|[fromitem]\n|-start|p2a: Iron Hands|quarkdriveatk\n|turn|1\n|\n|t:|1698102058\n|move|p2a: Iron Hands|Fake Out|p1a: ThcrThnSnkr\n|-resisted|p1a: ThcrThnSnkr\n|-damage|p1a: ThcrThnSnkr|88\/100\n|-damage|p2a: Iron Hands|91\/100|[from] item: Life Orb\n|cant|p1a: ThcrThnSnkr|flinch\n|move|p1b: Harmacy|Copycat|p1b: Harmacy\n|move|p1b: Harmacy|Fake Out|p2a: Iron Hands|[from]move: Copycat\n|-damage|p2a: Iron Hands|87\/100\n|move|p2b: Oranguru|Trick Room|p2b: Oranguru\n|-fieldstart|move: Trick Room|[of] p2b: Oranguru\n|\n|-weather|Sandstorm|[upkeep]\n|-damage|p2a: Iron Hands|81\/100|[from] Sandstorm\n|-damage|p2b: Oranguru|94\/100|[from] Sandstorm\n|-damage|p1b: Harmacy|94\/100|[from] Sandstorm\n|-heal|p1b: Harmacy|100\/100|[from] item: Leftovers\n|upkeep\n|turn|2\n|\n|t:|1698102086\n|switch|p1a: Extra Spicy|Garchomp, M|100\/100\n|move|p2a: Iron Hands|Thunder Punch|p1a: Extra Spicy\n|-immune|p1a: Extra Spicy\n|move|p2b: Oranguru|Instruct|p2a: Iron Hands\n|-singleturn|p2a: Iron Hands|move: Instruct|[of] p2b: Oranguru\n|move|p2a: Iron Hands|Thunder Punch|p1a: Extra Spicy\n|-immune|p1a: Extra Spicy\n|move|p1b: Harmacy|Copycat|p1b: Harmacy\n|move|p1b: Harmacy|Thunder Punch|p2a: Iron Hands|[from]move: Copycat\n|-resisted|p2a: Iron Hands\n|-damage|p2a: Iron Hands|77\/100\n|\n|-weather|Sandstorm|[upkeep]\n|-damage|p2a: Iron Hands|71\/100|[from] Sandstorm\n|-damage|p2b: Oranguru|88\/100|[from] Sandstorm\n|-damage|p1b: Harmacy|94\/100|[from] Sandstorm\n|-heal|p1b: Harmacy|100\/100|[from] item: Leftovers\n|upkeep\n|turn|3\n|\n|t:|1698102107\n|switch|p1b: Cold Shoulder|Abomasnow, M, shiny|100\/100\n|-weather|Snow|[from] ability: Snow Warning|[of] p1b: Cold Shoulder\n|move|p2a: Iron Hands|Drain Punch|p1a: Extra Spicy\n|-damage|p1a: Extra Spicy|56\/100\n|-heal|p2a: Iron Hands|89\/100|[from] drain|[of] p1a: Extra Spicy\n|-damage|p2a: Iron Hands|77\/100|[from] ability: Rough Skin|[of] p1a: Extra Spicy\n|-damage|p2a: Iron Hands|60\/100|[from] item: Rocky Helmet|[of] p1a: Extra Spicy\n|-damage|p2a: Iron Hands|50\/100|[from] item: Life Orb\n|move|p2b: Oranguru|Instruct|p2a: Iron Hands\n|-singleturn|p2a: Iron Hands|move: Instruct|[of] p2b: Oranguru\n|move|p2a: Iron Hands|Drain Punch|p1a: Extra Spicy\n|-damage|p1a: Extra Spicy|13\/100\n|-heal|p2a: Iron Hands|68\/100|[from] drain|[of] p1a: Extra Spicy\n|-damage|p2a: Iron Hands|56\/100|[from] ability: Rough Skin|[of] p1a: Extra Spicy\n|-damage|p2a: Iron Hands|39\/100|[from] item: Rocky Helmet|[of] p1a: Extra Spicy\n|-damage|p2a: Iron Hands|29\/100|[from] item: Life Orb\n|move|p1a: Extra Spicy|Earthquake|p2a: Iron Hands|[spread] p1b,p2a,p2b\n|-resisted|p1b: Cold Shoulder\n|-supereffective|p2a: Iron Hands\n|-damage|p1b: Cold Shoulder|91\/100\n|-damage|p2a: Iron Hands|0 fnt\n|-damage|p2b: Oranguru|54\/100\n|faint|p2a: Iron Hands\n|-end|p2a: Iron Hands|Quark Drive|[silent]\n|\n|-weather|Snow|[upkeep]\n|upkeep\n|\n|t:|1698102122\n|switch|p2a: Bronzong|Bronzong|100\/100\n|turn|4\n|\n|t:|1698102141\n|switch|p1a: ThcrThnSnkr|Tyranitar, F|88\/100\n|-weather|Sandstorm|[from] ability: Sand Stream|[of] p1a: ThcrThnSnkr\n|move|p2a: Bronzong|Iron Defense|p2a: Bronzong\n|-boost|p2a: Bronzong|def|2\n|move|p2b: Oranguru|Instruct|p2a: Bronzong\n|-singleturn|p2a: Bronzong|move: Instruct|[of] p2b: Oranguru\n|move|p2a: Bronzong|Iron Defense|p2a: Bronzong\n|-boost|p2a: Bronzong|def|2\n|move|p1b: Cold Shoulder|Leech Seed|p2b: Oranguru\n|-start|p2b: Oranguru|move: Leech Seed\n|\n|-weather|Sandstorm|[upkeep]\n|-damage|p2b: Oranguru|48\/100|[from] Sandstorm\n|-damage|p1b: Cold Shoulder|85\/100|[from] Sandstorm\n|-damage|p2b: Oranguru|36\/100|[from] Leech Seed|[of] p1b: Cold Shoulder\n|-heal|p1b: Cold Shoulder|98\/100|[silent]\n|upkeep\n|turn|5\n|\n|t:|1698102164\n|switch|p1a: Weather War|Pelipper, F|100\/100\n|-weather|RainDance|[from] ability: Drizzle|[of] p1a: Weather War\n|-terastallize|p1b: Cold Shoulder|Water\n|move|p2a: Bronzong|Body Press|p1a: Weather War\n|-resisted|p1a: Weather War\n|-damage|p1a: Weather War|75\/100\n|move|p2b: Oranguru|Instruct|p2a: Bronzong\n|-singleturn|p2a: Bronzong|move: Instruct|[of] p2b: Oranguru\n|move|p2a: Bronzong|Body Press|p1a: Weather War\n|-resisted|p1a: Weather War\n|-damage|p1a: Weather War|51\/100\n|move|p1b: Cold Shoulder|Leech Seed|p2a: Bronzong\n|-start|p2a: Bronzong|move: Leech Seed\n|\n|-weather|RainDance|[upkeep]\n|-damage|p2a: Bronzong|88\/100|[from] Leech Seed|[of] p1b: Cold Shoulder\n|-heal|p1b: Cold Shoulder|100\/100|[silent]\n|-damage|p2b: Oranguru|23\/100|[from] Leech Seed|[of] p1b: Cold Shoulder\n|-fieldend|move: Trick Room\n|upkeep\n|turn|6\n|\n|t:|1698102195\n|move|p1a: Weather War|Soak|p2a: Bronzong\n|-start|p2a: Bronzong|typechange|Water\n|move|p1b: Cold Shoulder|Giga Drain|p2a: Bronzong\n|-supereffective|p2a: Bronzong\n|-damage|p2a: Bronzong|47\/100\n|-enditem|p2a: Bronzong|Sitrus Berry|[eat]\n|-heal|p2a: Bronzong|72\/100|[from] item: Sitrus Berry\n|move|p2a: Bronzong|Charge Beam|p1a: Weather War\n|-supereffective|p1a: Weather War\n|-damage|p1a: Weather War|0 fnt\n|faint|p1a: Weather War\n|move|p2b: Oranguru|Trick Room|p2b: Oranguru\n|-fieldstart|move: Trick Room|[of] p2b: Oranguru\n|\n|-weather|RainDance|[upkeep]\n|-damage|p2a: Bronzong|60\/100|[from] Leech Seed|[of] p1b: Cold Shoulder\n|-damage|p2b: Oranguru|11\/100|[from] Leech Seed|[of] p1b: Cold Shoulder\n|upkeep\n|c|\u2606MasterHand|Nice soak\n|\n|t:|1698102212\n|switch|p1a: Harmacy|Vaporeon, F|100\/100\n|turn|7\n|\n|t:|1698102237\n|switch|p1b: ThcrThnSnkr|Tyranitar, F|88\/100\n|-weather|Sandstorm|[from] ability: Sand Stream|[of] p1b: ThcrThnSnkr\n|move|p2a: Bronzong|Charge Beam|p1a: Harmacy\n|-supereffective|p1a: Harmacy\n|-damage|p1a: Harmacy|81\/100\n|move|p2b: Oranguru|Instruct|p2a: Bronzong\n|-singleturn|p2a: Bronzong|move: Instruct|[of] p2b: Oranguru\n|move|p2a: Bronzong|Charge Beam|p1a: Harmacy\n|-supereffective|p1a: Harmacy\n|-damage|p1a: Harmacy|62\/100\n|-boost|p2a: Bronzong|spa|1\n|move|p1a: Harmacy|Copycat|p1a: Harmacy\n|move|p1a: Harmacy|Charge Beam|p2b: Oranguru|[from]move: Copycat\n|-damage|p2b: Oranguru|3\/100\n|\n|-weather|Sandstorm|[upkeep]\n|-damage|p2a: Bronzong|53\/100|[from] Sandstorm\n|-damage|p2b: Oranguru|0 fnt|[from] Sandstorm\n|-damage|p1a: Harmacy|56\/100|[from] Sandstorm\n|faint|p2b: Oranguru\n|-heal|p1a: Harmacy|62\/100|[from] item: Leftovers\n|-damage|p2a: Bronzong|41\/100|[from] Leech Seed|[of] p1b: ThcrThnSnkr\n|-heal|p1b: ThcrThnSnkr|99\/100|[silent]\n|upkeep\n|c|\u2606mikeyuwu|Thanks\n|\n|t:|1698102252\n|switch|p2b: Cresselia|Cresselia, F, shiny|100\/100\n|turn|8\n|\n|t:|1698102271\n|switch|p1b: Extra Spicy|Garchomp, M|13\/100\n|move|p2a: Bronzong|Stored Power|p1a: Harmacy\n|-damage|p1a: Harmacy|29\/100\n|move|p2b: Cresselia|Lunar Blessing|p2b: Cresselia|[spread] p2a,p2b\n|-heal|p2a: Bronzong|66\/100\n|move|p1a: Harmacy|Copycat|p1a: Harmacy\n|move|p1a: Harmacy|Lunar Blessing|p1a: Harmacy|[from]move: Copycat|[spread] p1a,p1b\n|-heal|p1a: Harmacy|54\/100\n|-heal|p1b: Extra Spicy|38\/100\n|\n|-weather|Sandstorm|[upkeep]\n|-damage|p2a: Bronzong|60\/100|[from] Sandstorm\n|-damage|p2b: Cresselia|94\/100|[from] Sandstorm\n|-damage|p1a: Harmacy|48\/100|[from] Sandstorm\n|-heal|p2b: Cresselia|100\/100|[from] item: Leftovers\n|-heal|p1a: Harmacy|54\/100|[from] item: Leftovers\n|-damage|p2a: Bronzong|47\/100|[from] Leech Seed|[of] p1b: Extra Spicy\n|-heal|p1b: Extra Spicy|48\/100|[silent]\n|upkeep\n|turn|9\n|\n|t:|1698102294\n|move|p2a: Bronzong|Stored Power|p1b: Extra Spicy\n|-damage|p1b: Extra Spicy|10\/100\n|move|p2b: Cresselia|Lunar Blessing|p2b: Cresselia|[spread] p2a,p2b\n|-heal|p2a: Bronzong|72\/100\n|move|p1a: Harmacy|Wish|p1a: Harmacy\n|move|p1b: Extra Spicy|Poison Jab|p2a: Bronzong\n|-damage|p2a: Bronzong|65\/100\n|-status|p2a: Bronzong|psn\n|\n|-weather|Sandstorm|[upkeep]\n|-damage|p2a: Bronzong|59\/100 psn|[from] Sandstorm\n|-damage|p2b: Cresselia|94\/100|[from] Sandstorm\n|-damage|p1a: Harmacy|48\/100|[from] Sandstorm\n|-heal|p2b: Cresselia|100\/100|[from] item: Leftovers\n|-heal|p1a: Harmacy|54\/100|[from] item: Leftovers\n|-damage|p2a: Bronzong|46\/100 psn|[from] Leech Seed|[of] p1b: Extra Spicy\n|-heal|p1b: Extra Spicy|20\/100|[silent]\n|-damage|p2a: Bronzong|34\/100 psn|[from] psn\n|upkeep\n|turn|10\n|\n|t:|1698102318\n|switch|p1b: ThcrThnSnkr|Tyranitar, F|99\/100\n|move|p2a: Bronzong|Iron Defense|p2a: Bronzong\n|-boost|p2a: Bronzong|def|2\n|move|p2b: Cresselia|Lunar Blessing|p2b: Cresselia|[spread] p2a,p2b\n|-heal|p2a: Bronzong|59\/100 psn\n|-curestatus|p2a: Bronzong|psn|[msg]\n|move|p1a: Harmacy|Copycat|p1a: Harmacy\n|move|p1a: Harmacy|Lunar Blessing|p1a: Harmacy|[from]move: Copycat|[spread] p1a,p1b\n|-heal|p1a: Harmacy|79\/100\n|-heal|p1b: ThcrThnSnkr|100\/100\n|\n|-weather|Sandstorm|[upkeep]\n|-damage|p2a: Bronzong|53\/100|[from] Sandstorm\n|-damage|p2b: Cresselia|94\/100|[from] Sandstorm\n|-damage|p1a: Harmacy|73\/100|[from] Sandstorm\n|-heal|p1a: Harmacy|100\/100|[from] move: Wish|[wisher] Harmacy\n|-heal|p2b: Cresselia|100\/100|[from] item: Leftovers\n|-damage|p2a: Bronzong|40\/100|[from] Leech Seed|[of] p1b: ThcrThnSnkr\n|-fieldend|move: Trick Room\n|upkeep\n|turn|11\n|\n|t:|1698102335\n|move|p1b: ThcrThnSnkr|Thunderbolt|p2a: Bronzong\n|-supereffective|p2a: Bronzong\n|-damage|p2a: Bronzong|3\/100\n|move|p1a: Harmacy|Copycat|p1a: Harmacy\n|move|p1a: Harmacy|Thunderbolt|p2a: Bronzong|[from]move: Copycat\n|-supereffective|p2a: Bronzong\n|-crit|p2a: Bronzong\n|-damage|p2a: Bronzong|0 fnt\n|faint|p2a: Bronzong\n|move|p2b: Cresselia|Trick Room|p2b: Cresselia\n|-fieldstart|move: Trick Room|[of] p2b: Cresselia\n|\n|-weather|none\n|upkeep\n|\n|t:|1698102338\n|switch|p2a: Garganacl|Garganacl, M|100\/100\n|turn|12\n|c|\u2606MasterHand|Dope team\n|\n|t:|1698102381\n|switch|p1a: Cold Shoulder|Abomasnow, M, shiny, tera:Water|100\/100\n|-weather|Snow|[from] ability: Snow Warning|[of] p1a: Cold Shoulder\n|switch|p1b: OTLHPM|Toxicroak, M|100\/100\n|move|p2a: Garganacl|Salt Cure|p1a: Cold Shoulder\n|-damage|p1a: Cold Shoulder|89\/100\n|-start|p1a: Cold Shoulder|Salt Cure\n|move|p2b: Cresselia|Dazzling Gleam|p1a: Cold Shoulder|[spread] p1a,p1b\n|-damage|p1a: Cold Shoulder|76\/100\n|-damage|p1b: OTLHPM|87\/100\n|\n|-weather|Snow|[upkeep]\n|-heal|p1b: OTLHPM|93\/100|[from] item: Black Sludge\n|-damage|p1a: Cold Shoulder|51\/100|[from] Salt Cure\n|upkeep\n|turn|13\n|\n|t:|1698102393\n|move|p2a: Garganacl|Heavy Slam|p1b: OTLHPM\n|-damage|p1b: OTLHPM|55\/100\n|move|p2b: Cresselia|Dazzling Gleam|p1b: OTLHPM|[spread] p1a,p1b\n|-damage|p1a: Cold Shoulder|39\/100\n|-damage|p1b: OTLHPM|42\/100\n|move|p1a: Cold Shoulder|Leech Seed|p2b: Cresselia\n|-start|p2b: Cresselia|move: Leech Seed\n|move|p1b: OTLHPM|Drain Punch|p2a: Garganacl\n|-supereffective|p2a: Garganacl\n|-damage|p2a: Garganacl|50\/100\n|-heal|p1b: OTLHPM|73\/100|[from] drain|[of] p2a: Garganacl\n|\n|-weather|Snow|[upkeep]\n|-heal|p1b: OTLHPM|79\/100|[from] item: Black Sludge\n|-damage|p2b: Cresselia|88\/100|[from] Leech Seed|[of] p1a: Cold Shoulder\n|-heal|p1a: Cold Shoulder|55\/100|[silent]\n|-damage|p1a: Cold Shoulder|30\/100|[from] Salt Cure\n|upkeep\n|turn|14\n|c|\u2606mikeyuwu|Thanks!\n|\n|t:|1698102421\n|switch|p1a: Harmacy|Vaporeon, F|100\/100\n|move|p2a: Garganacl|Salt Cure|p1a: Harmacy\n|-damage|p1a: Harmacy|90\/100\n|-start|p1a: Harmacy|Salt Cure\n|move|p2b: Cresselia|Dazzling Gleam|p1b: OTLHPM|[spread] p1a,p1b\n|-damage|p1a: Harmacy|81\/100\n|-damage|p1b: OTLHPM|66\/100\n|move|p1b: OTLHPM|Drain Punch|p2a: Garganacl\n|-supereffective|p2a: Garganacl\n|-damage|p2a: Garganacl|0 fnt\n|-heal|p1b: OTLHPM|96\/100|[from] drain|[of] p2a: Garganacl\n|faint|p2a: Garganacl\n|\n|-weather|Snow|[upkeep]\n|-heal|p2b: Cresselia|94\/100|[from] item: Leftovers\n|-heal|p1a: Harmacy|87\/100|[from] item: Leftovers\n|-heal|p1b: OTLHPM|100\/100|[from] item: Black Sludge\n|-damage|p2b: Cresselia|82\/100|[from] Leech Seed|[of] p1a: Harmacy\n|-heal|p1a: Harmacy|99\/100|[silent]\n|-damage|p1a: Harmacy|74\/100|[from] Salt Cure\n|upkeep\n|c|\u2606mikeyuwu|Ive been working on it for 2 gens now\n|\n|t:|1698102424\n|switch|p2a: Farigiraf|Farigiraf, F, shiny|100\/100\n|turn|15\n|\n|t:|1698102438\n|switch|p1b: ThcrThnSnkr|Tyranitar, F|100\/100\n|-weather|Sandstorm|[from] ability: Sand Stream|[of] p1b: ThcrThnSnkr\n|move|p2a: Farigiraf|Uproar|p1a: Harmacy\n|-damage|p1a: Harmacy|41\/100\n|-start|p2a: Farigiraf|Uproar\n|-enditem|p2a: Farigiraf|Throat Spray\n|-boost|p2a: Farigiraf|spa|1|[from] item: Throat Spray\n|move|p2b: Cresselia|Dazzling Gleam|p1b: ThcrThnSnkr|[spread] p1a,p1b\n|-supereffective|p1b: ThcrThnSnkr\n|-damage|p1a: Harmacy|33\/100\n|-damage|p1b: ThcrThnSnkr|94\/100\n|move|p1a: Harmacy|Copycat|p1a: Harmacy\n|move|p1a: Harmacy|Dazzling Gleam|p2b: Cresselia|[from]move: Copycat|[spread] p2a,p2b\n|-crit|p2a: Farigiraf\n|-damage|p2a: Farigiraf|76\/100\n|-damage|p2b: Cresselia|75\/100\n|\n|-weather|Sandstorm|[upkeep]\n|-damage|p2a: Farigiraf|70\/100|[from] Sandstorm\n|-damage|p2b: Cresselia|69\/100|[from] Sandstorm\n|-damage|p1a: Harmacy|27\/100|[from] Sandstorm\n|-heal|p2b: Cresselia|75\/100|[from] item: Leftovers\n|-heal|p1a: Harmacy|33\/100|[from] item: Leftovers\n|-damage|p2b: Cresselia|62\/100|[from] Leech Seed|[of] p1a: Harmacy\n|-heal|p1a: Harmacy|45\/100|[silent]\n|-damage|p1a: Harmacy|20\/100|[from] Salt Cure\n|-fieldend|move: Trick Room\n|-start|p2a: Farigiraf|Uproar|[upkeep]\n|upkeep\n|turn|16\n|\n|t:|1698102469\n|switch|p1a: OTLHPM|Toxicroak, M|100\/100\n|move|p1b: ThcrThnSnkr|Knock Off|p2b: Cresselia\n|-supereffective|p2b: Cresselia\n|-damage|p2b: Cresselia|0 fnt\n|-enditem|p2b: Cresselia|Leftovers|[from] move: Knock Off|[of] p1b: ThcrThnSnkr\n|faint|p2b: Cresselia\n|move|p2a: Farigiraf|Uproar|p1a: OTLHPM|[from]lockedmove\n|-damage|p1a: OTLHPM|17\/100\n|\n|-weather|Sandstorm|[upkeep]\n|-damage|p1a: OTLHPM|11\/100|[from] Sandstorm\n|-damage|p2a: Farigiraf|64\/100|[from] Sandstorm\n|-heal|p1a: OTLHPM|17\/100|[from] item: Black Sludge\n|-start|p2a: Farigiraf|Uproar|[upkeep]\n|upkeep\n|turn|17\n|\n|t:|1698102480\n|move|p1a: OTLHPM|Drain Punch|p2a: Farigiraf\n|-damage|p2a: Farigiraf|27\/100\n|-heal|p1a: OTLHPM|41\/100|[from] drain|[of] p2a: Farigiraf\n|move|p1b: ThcrThnSnkr|Knock Off|p2a: Farigiraf\n|-supereffective|p2a: Farigiraf\n|-damage|p2a: Farigiraf|0 fnt\n|faint|p2a: Farigiraf\n|\n|win|mikeyuwu\n|raw|mikeyuwu's rating: 1324 &rarr; <strong>1345<\/strong><br \/>(+21 for winning)\n|raw|MasterHand's rating: 1336 &rarr; <strong>1315<\/strong><br \/>(-21 for losing)\n|c|\u2606mikeyuwu|Ggs\n|c|\u2606MasterHand|Gg\n","uploadtime":1698102501,"views":20,"p1id":"mikeyuwu","p2id":"masterhand","formatid":"gen9doublesou","rating":1315,"private":0,"password":""}