{"id":"gen9doublesou-1993887266","p1":"EVE09","p2":"Geniusatstuff","format":"[Gen 9] Doubles OU","log":"|j|\u2606EVE09\n|j|\u2606Geniusatstuff\n|t:|1700370302\n|gametype|doubles\n|player|p1|EVE09|101|1482\n|player|p2|Geniusatstuff|266|1344\n|teamsize|p1|6\n|teamsize|p2|6\n|gen|9\n|tier|[Gen 9] Doubles OU\n|rated|\n|rule|Species Clause: Limit one of each Pok\u00e9mon\n|rule|OHKO Clause: OHKO moves are banned\n|rule|Evasion Moves Clause: Evasion moves are banned\n|rule|Gravity Sleep Clause: The combination of sleep-inducing moves with imperfect accuracy and Gravity or Gigantamax Orbeetle are banned\n|rule|Endless Battle Clause: Forcing endless battles is banned\n|rule|HP Percentage Mod: HP is shown in percentages\n|clearpoke\n|poke|p1|Sylveon, F|\n|poke|p1|Kingambit, M|\n|poke|p1|Ceruledge, F|\n|poke|p1|Ting-Lu|\n|poke|p1|Sinistcha|\n|poke|p1|Landorus-Therian, M|\n|poke|p2|Gyarados, F|\n|poke|p2|Armarouge, F|\n|poke|p2|Chien-Pao|\n|poke|p2|Indeedee-F, F|\n|poke|p2|Tornadus, M|\n|poke|p2|Sneasler, M|\n|teampreview\n|inactive|Battle timer is ON: inactive players will automatically lose when time's up. (requested by EVE09)\n|inactive|Geniusatstuff has 120 seconds left.\n|\n|t:|1700370355\n|start\n|switch|p1a: Sylveon|Sylveon, F|100\/100\n|switch|p1b: Landorus|Landorus-Therian, M|100\/100\n|switch|p2a: Indeedee|Indeedee-F, F|100\/100\n|switch|p2b: Sneasler|Sneasler, M|100\/100\n|-ability|p1b: Landorus|Intimidate|boost\n|-unboost|p2a: Indeedee|atk|1\n|-unboost|p2b: Sneasler|atk|1\n|-fieldstart|move: Psychic Terrain|[from] ability: Psychic Surge|[of] p2a: Indeedee\n|-enditem|p2b: Sneasler|Psychic Seed\n|-boost|p2b: Sneasler|spd|1|[from] item: Psychic Seed\n|turn|1\n|\n|t:|1700370381\n|-terastallize|p2b: Sneasler|Rock\n|-terastallize|p1a: Sylveon|Steel\n|move|p2a: Indeedee|Helping Hand|p2b: Sneasler\n|-singleturn|p2b: Sneasler|Helping Hand|[of] p2a: Indeedee\n|move|p2b: Sneasler|Rock Slide|p1a: Sylveon|[spread] p1a\n|-miss|p2b: Sneasler|p1b: Landorus\n|-resisted|p1a: Sylveon\n|-damage|p1a: Sylveon|81\/100\n|move|p1b: Landorus|U-turn|p2a: Indeedee\n|-supereffective|p2a: Indeedee\n|-damage|p2a: Indeedee|42\/100\n|-damage|p1b: Landorus|84\/100|[from] item: Rocky Helmet|[of] p2a: Indeedee\n|inactive|EVE09 has 120 seconds left.\n|\n|t:|1700370408\n|switch|p1b: Sinistcha|Sinistcha|100\/100|[from] U-turn\n|-heal|p1a: Sylveon|100\/100|[from] ability: Hospitality|[of] p1b: Sinistcha\n|move|p1a: Sylveon|Psyshock|p2b: Sneasler\n|-damage|p2b: Sneasler|52\/100\n|\n|upkeep\n|turn|2\n|\n|t:|1700370431\n|switch|p2a: Armarouge|Armarouge, F|100\/100\n|switch|p1a: Landorus|Landorus-Therian, M|84\/100\n|-ability|p1a: Landorus|Intimidate|boost\n|-unboost|p2a: Armarouge|atk|1\n|-unboost|p2b: Sneasler|atk|1\n|move|p2b: Sneasler|Close Combat|p1a: Landorus\n|-resisted|p1a: Landorus\n|-damage|p1a: Landorus|69\/100\n|-unboost|p2b: Sneasler|def|1\n|-unboost|p2b: Sneasler|spd|1\n|move|p1b: Sinistcha|Matcha Gotcha|p2b: Sneasler|[spread] p2a,p2b\n|-resisted|p2a: Armarouge\n|-supereffective|p2b: Sneasler\n|-damage|p2a: Armarouge|85\/100\n|-damage|p2b: Sneasler|0 fnt\n|faint|p2b: Sneasler\n|\n|upkeep\n|inactive|Geniusatstuff has 120 seconds left.\n|\n|t:|1700370458\n|switch|p2b: Chien-Pao|Chien-Pao|100\/100\n|-ability|p2b: Chien-Pao|Sword of Ruin\n|turn|3\n|inactive|Geniusatstuff has 120 seconds left.\n|\n|t:|1700370487\n|switch|p1a: Ting-Lu|Ting-Lu|100\/100\n|-ability|p1a: Ting-Lu|Vessel of Ruin\n|move|p2b: Chien-Pao|Ice Shard|p1a: Ting-Lu\n|-activate|p1a: Ting-Lu|move: Psychic Terrain\n|move|p2a: Armarouge|Expanding Force|p1a: Ting-Lu|[spread] p1b\n|-immune|p1a: Ting-Lu\n|-damage|p1b: Sinistcha|44\/100\n|-enditem|p1b: Sinistcha|Sitrus Berry|[eat]\n|-heal|p1b: Sinistcha|69\/100|[from] item: Sitrus Berry\n|move|p1b: Sinistcha|Shadow Ball|p2a: Armarouge\n|-supereffective|p2a: Armarouge\n|-damage|p2a: Armarouge|27\/100\n|\n|upkeep\n|turn|4\n|inactive|Geniusatstuff has 120 seconds left.\n|inactive|EVE09 has 120 seconds left.\n|\n|t:|1700370517\n|switch|p1b: Kingambit|Kingambit, M|100\/100\n|move|p2b: Chien-Pao|Icicle Crash|p1a: Ting-Lu\n|-supereffective|p1a: Ting-Lu\n|-damage|p1a: Ting-Lu|26\/100\n|-damage|p2b: Chien-Pao|91\/100|[from] item: Life Orb\n|move|p2a: Armarouge|Expanding Force|p1a: Ting-Lu|[spread] \n|-immune|p1a: Ting-Lu\n|-immune|p1b: Kingambit\n|move|p1a: Ting-Lu|Heavy Slam|p2b: Chien-Pao\n|-supereffective|p2b: Chien-Pao\n|-damage|p2b: Chien-Pao|1\/100\n|\n|upkeep\n|turn|5\n|inactive|EVE09 has 120 seconds left.\n|\n|t:|1700370551\n|switch|p1a: Landorus|Landorus-Therian, M|69\/100\n|-ability|p1a: Landorus|Intimidate|boost\n|-unboost|p2a: Armarouge|atk|1\n|-unboost|p2b: Chien-Pao|atk|1\n|move|p2b: Chien-Pao|Protect|p2b: Chien-Pao\n|-singleturn|p2b: Chien-Pao|Protect\n|move|p2a: Armarouge|Armor Cannon|p1b: Kingambit\n|-supereffective|p1b: Kingambit\n|-damage|p1b: Kingambit|22\/100\n|-unboost|p2a: Armarouge|def|1\n|-unboost|p2a: Armarouge|spd|1\n|move|p1b: Kingambit|Kowtow Cleave|p2a: Armarouge\n|-supereffective|p2a: Armarouge\n|-damage|p2a: Armarouge|0 fnt\n|faint|p2a: Armarouge\n|\n|-fieldend|move: Psychic Terrain\n|upkeep\n|inactive|Geniusatstuff has 120 seconds left.\n|\n|t:|1700370577\n|switch|p2a: Indeedee|Indeedee-F, F|42\/100\n|-fieldstart|move: Psychic Terrain|[from] ability: Psychic Surge|[of] p2a: Indeedee\n|turn|6\n|inactive|Geniusatstuff has 120 seconds left.\n|\n|t:|1700370599\n|move|p2a: Indeedee|Follow Me|p2a: Indeedee\n|-singleturn|p2a: Indeedee|move: Follow Me\n|move|p2b: Chien-Pao|Icicle Crash|p1a: Landorus\n|-supereffective|p1a: Landorus\n|-damage|p1a: Landorus|0 fnt\n|faint|p1a: Landorus\n|-damage|p2b: Chien-Pao|0 fnt|[from] item: Life Orb\n|faint|p2b: Chien-Pao\n|move|p1b: Kingambit|Kowtow Cleave|p2a: Indeedee\n|-supereffective|p2a: Indeedee\n|-damage|p2a: Indeedee|0 fnt\n|-damage|p1b: Kingambit|5\/100|[from] item: Rocky Helmet|[of] p2a: Indeedee\n|faint|p2a: Indeedee\n|\n|upkeep\n|\n|t:|1700370616\n|switch|p2b: Gyarados|Gyarados, F|100\/100\n|switch|p1a: Sylveon|Sylveon, F, tera:Steel|100\/100\n|switch|p2a: Tornadus|Tornadus, M|100\/100\n|-ability|p2b: Gyarados|Intimidate|boost\n|-unboost|p1a: Sylveon|atk|1\n|-unboost|p1b: Kingambit|atk|1\n|-ability|p1b: Kingambit|Defiant|boost\n|-boost|p1b: Kingambit|atk|2\n|turn|7\n|inactive|EVE09 has 120 seconds left.\n|\n|t:|1700370646\n|switch|p1b: Ceruledge|Ceruledge, F|100\/100\n|move|p2b: Gyarados|Earthquake|p1b: Ceruledge|[spread] p1a,p1b\n|-immune|p2a: Tornadus\n|-supereffective|p1a: Sylveon\n|-supereffective|p1b: Ceruledge\n|-damage|p1a: Sylveon|42\/100\n|-damage|p1b: Ceruledge|30\/100\n|-ability|p1b: Ceruledge|Weak Armor|boost\n|-unboost|p1b: Ceruledge|def|1\n|-boost|p1b: Ceruledge|spe|2\n|move|p2a: Tornadus|Bleakwind Storm|p1b: Ceruledge|[spread] p1a,p1b\n|-resisted|p1a: Sylveon\n|-damage|p1a: Sylveon|31\/100\n|-damage|p1b: Ceruledge|0 fnt\n|faint|p1b: Ceruledge\n|move|p1a: Sylveon|Hyper Voice|p2b: Gyarados|[spread] p2a,p2b\n|-damage|p2a: Tornadus|41\/100\n|-damage|p2b: Gyarados|57\/100\n|\n|upkeep\n|inactive|EVE09 has 120 seconds left.\n|\n|t:|1700370668\n|switch|p1b: Sinistcha|Sinistcha|69\/100\n|-heal|p1a: Sylveon|56\/100|[from] ability: Hospitality|[of] p1b: Sinistcha\n|turn|8\n|inactive|EVE09 has 120 seconds left.\n|\n|t:|1700370696\n|switch|p1a: Ting-Lu|Ting-Lu|26\/100\n|-ability|p1a: Ting-Lu|Vessel of Ruin\n|move|p2b: Gyarados|Earthquake|p1a: Ting-Lu|[spread] p1a,p1b\n|-immune|p2a: Tornadus\n|-crit|p1a: Ting-Lu\n|-resisted|p1b: Sinistcha\n|-damage|p1a: Ting-Lu|9\/100\n|-damage|p1b: Sinistcha|60\/100\n|move|p2a: Tornadus|Bleakwind Storm|p1a: Ting-Lu|[spread] p1a,p1b\n|-supereffective|p1b: Sinistcha\n|-damage|p1a: Ting-Lu|0 fnt\n|-damage|p1b: Sinistcha|0 fnt\n|faint|p1a: Ting-Lu\n|faint|p1b: Sinistcha\n|\n|upkeep\n|\n|t:|1700370710\n|switch|p1b: Kingambit|Kingambit, M|5\/100\n|switch|p1a: Sylveon|Sylveon, F, tera:Steel|56\/100\n|turn|9\n|inactive|EVE09 has 120 seconds left.\n|\n|t:|1700370732\n|move|p2a: Tornadus|Tailwind|p2a: Tornadus\n|-sidestart|p2: Geniusatstuff|move: Tailwind\n|move|p2b: Gyarados|Earthquake|p1b: Kingambit|[spread] p1a,p1b\n|-immune|p2a: Tornadus\n|-supereffective|p1a: Sylveon\n|-supereffective|p1b: Kingambit\n|-damage|p1a: Sylveon|0 fnt\n|-damage|p1b: Kingambit|0 fnt\n|faint|p1a: Sylveon\n|faint|p1b: Kingambit\n|\n|win|Geniusatstuff\n|raw|EVE09's rating: 1482 &rarr; <strong>1454<\/strong><br \/>(-28 for losing)\n|raw|Geniusatstuff's rating: 1344 &rarr; <strong>1372<\/strong><br \/>(+28 for winning)\n|player|p1|EVE09|101\n","uploadtime":1700370760,"views":13,"p1id":"eve09","p2id":"geniusatstuff","formatid":"gen9doublesou","rating":1372,"private":0,"password":""}