{"id":"gen9doublesou-1989145748","p1":"Shadow Ballers","p2":"supersayandraft","format":"[Gen 9] Doubles OU","log":"|j|\u2606Shadow Ballers\n|j|\u2606supersayandraft\n|t:|1699817097\n|gametype|doubles\n|player|p1|Shadow Ballers|roughneck|1618\n|player|p2|supersayandraft|101|1687\n|teamsize|p1|6\n|teamsize|p2|6\n|gen|9\n|tier|[Gen 9] Doubles OU\n|rated|\n|rule|Species Clause: Limit one of each Pok\u00e9mon\n|rule|OHKO Clause: OHKO moves are banned\n|rule|Evasion Moves Clause: Evasion moves are banned\n|rule|Gravity Sleep Clause: The combination of sleep-inducing moves with imperfect accuracy and Gravity or Gigantamax Orbeetle are banned\n|rule|Endless Battle Clause: Forcing endless battles is banned\n|rule|HP Percentage Mod: HP is shown in percentages\n|clearpoke\n|poke|p1|Ogerpon-Wellspring, F|\n|poke|p1|Ceruledge, F|\n|poke|p1|Iron Hands|\n|poke|p1|Landorus-Therian, M|\n|poke|p1|Weezing-Galar, M|\n|poke|p1|Weavile, M|\n|poke|p2|Tornadus, M|\n|poke|p2|Iron Hands|\n|poke|p2|Rillaboom, F|\n|poke|p2|Flutter Mane|\n|poke|p2|Ogerpon-Hearthflame, F|\n|poke|p2|Heatran, M|\n|teampreview\n|inactive|Battle timer is ON: inactive players will automatically lose when time's up. (requested by Shadow Ballers)\n|\n|t:|1699817130\n|start\n|switch|p1a: Weezing|Weezing-Galar, M, shiny|100\/100\n|switch|p1b: Weavile|Weavile, M, shiny|100\/100\n|switch|p2a: Tornadus|Tornadus, M|100\/100\n|switch|p2b: Flutter Mane|Flutter Mane|100\/100\n|-ability|p1a: Weezing|Neutralizing Gas\n|turn|1\n|\n|t:|1699817143\n|-terastallize|p1b: Weavile|Ghost\n|move|p1b: Weavile|Icicle Spear|p2a: Tornadus\n|-supereffective|p2a: Tornadus\n|-damage|p2a: Tornadus|66\/100\n|-supereffective|p2a: Tornadus\n|-damage|p2a: Tornadus|25\/100\n|-supereffective|p2a: Tornadus\n|-crit|p2a: Tornadus\n|-damage|p2a: Tornadus|0 fnt\n|faint|p2a: Tornadus\n|-hitcount|p2: Tornadus|3\n|move|p2b: Flutter Mane|Dazzling Gleam|p1a: Weezing|[spread] p1a,p1b\n|-resisted|p1a: Weezing\n|-crit|p1b: Weavile\n|-damage|p1a: Weezing|67\/100\n|-damage|p1b: Weavile|8\/100\n|move|p1a: Weezing|Gyro Ball|p2b: Flutter Mane\n|-supereffective|p2b: Flutter Mane\n|-damage|p2b: Flutter Mane|22\/100\n|\n|upkeep\n|\n|t:|1699817162\n|switch|p2a: Iron Hands|Iron Hands|100\/100\n|turn|2\n|j| OPieceOfHeroGhost\n|\n|t:|1699817183\n|move|p1b: Weavile|Beat Up|p2b: Flutter Mane\n|-crit|p2b: Flutter Mane\n|-damage|p2b: Flutter Mane|5\/100\n|-damage|p2b: Flutter Mane|0 fnt\n|faint|p2b: Flutter Mane\n|-end|p2b: Flutter Mane|Protosynthesis|[silent]\n|-hitcount|p2: Flutter Mane|2\n|move|p2a: Iron Hands|Heavy Slam|p1a: Weezing\n|-supereffective|p1a: Weezing\n|-damage|p1a: Weezing|0 fnt\n|faint|p1a: Weezing\n|-end|p1a: Weezing|ability: Neutralizing Gas\n|\n|upkeep\n|\n|t:|1699817205\n|switch|p2b: Rillaboom|Rillaboom, F|100\/100\n|switch|p1a: Landorus|Landorus-Therian, M, shiny|100\/100\n|-ability|p1a: Landorus|Intimidate|boost\n|-unboost|p2a: Iron Hands|atk|1\n|-unboost|p2b: Rillaboom|atk|1\n|-fieldstart|move: Grassy Terrain|[from] ability: Grassy Surge|[of] p2b: Rillaboom\n|turn|3\n|\n|t:|1699817233\n|switch|p1b: Ceruledge|Ceruledge, F, shiny|100\/100\n|move|p2b: Rillaboom|Grassy Glide|p1b: Ceruledge\n|-resisted|p1b: Ceruledge\n|-damage|p1b: Ceruledge|85\/100\n|move|p1a: Landorus|Stomping Tantrum|p2a: Iron Hands\n|-supereffective|p2a: Iron Hands\n|-damage|p2a: Iron Hands|46\/100\n|move|p2a: Iron Hands|Heavy Slam|p1a: Landorus\n|-damage|p1a: Landorus|63\/100\n|\n|-heal|p1b: Ceruledge|91\/100|[from] Grassy Terrain\n|-heal|p2a: Iron Hands|52\/100|[from] Grassy Terrain\n|upkeep\n|turn|4\n|\n|t:|1699817260\n|move|p1a: Landorus|Stomping Tantrum|p2a: Iron Hands\n|-supereffective|p2a: Iron Hands\n|-damage|p2a: Iron Hands|0 fnt\n|faint|p2a: Iron Hands\n|-end|p2a: Iron Hands|Quark Drive|[silent]\n|move|p2b: Rillaboom|High Horsepower|p1b: Ceruledge\n|-supereffective|p1b: Ceruledge\n|-damage|p1b: Ceruledge|37\/100\n|move|p1b: Ceruledge|Bitter Blade|p2b: Rillaboom\n|-supereffective|p2b: Rillaboom\n|-damage|p2b: Rillaboom|10\/100\n|-heal|p1b: Ceruledge|88\/100|[from] drain|[of] p2b: Rillaboom\n|\n|-heal|p1b: Ceruledge|95\/100|[from] Grassy Terrain\n|-heal|p2b: Rillaboom|16\/100|[from] Grassy Terrain\n|upkeep\n|\n|t:|1699817270\n|switch|p2a: Ogerpon|Ogerpon-Hearthflame, F|100\/100\n|-ability|p2a: Ogerpon|Mold Breaker\n|turn|5\n|\n|t:|1699817293\n|switch|p1a: Iron Hands|Iron Hands, shiny|100\/100\n|move|p2a: Ogerpon|Grassy Glide|p1b: Ceruledge\n|-resisted|p1b: Ceruledge\n|-damage|p1b: Ceruledge|72\/100\n|move|p2b: Rillaboom|High Horsepower|p1b: Ceruledge\n|-supereffective|p1b: Ceruledge\n|-damage|p1b: Ceruledge|21\/100\n|move|p1b: Ceruledge|Close Combat|p2b: Rillaboom\n|-damage|p2b: Rillaboom|0 fnt\n|-unboost|p1b: Ceruledge|def|1\n|-unboost|p1b: Ceruledge|spd|1\n|faint|p2b: Rillaboom\n|\n|-heal|p1b: Ceruledge|27\/100|[from] Grassy Terrain\n|upkeep\n|l| OPieceOfHeroGhost\n|\n|t:|1699817304\n|switch|p2b: Heatran|Heatran, M|100\/100\n|turn|6\n|\n|t:|1699817328\n|switch|p1b: Landorus|Landorus-Therian, M, shiny|63\/100\n|-ability|p1b: Landorus|Intimidate|boost\n|-unboost|p2a: Ogerpon|atk|1\n|-unboost|p2b: Heatran|atk|1\n|-terastallize|p2a: Ogerpon|Fire\n|detailschange|p2a: Ogerpon|Ogerpon-Hearthflame-Tera, F, tera:Fire\n|-ability|p2a: Ogerpon|Embody Aspect (Hearthflame)|boost\n|-boost|p2a: Ogerpon|atk|1\n|move|p1a: Iron Hands|Fake Out|p2b: Heatran\n|-resisted|p2b: Heatran\n|-damage|p2b: Heatran|93\/100\n|move|p2a: Ogerpon|Ivy Cudgel|p1a: Iron Hands\n|-damage|p1a: Iron Hands|52\/100\n|cant|p2b: Heatran|flinch\n|\n|-heal|p2b: Heatran|99\/100|[from] Grassy Terrain\n|-heal|p1a: Iron Hands|58\/100|[from] Grassy Terrain\n|upkeep\n|turn|7\n|inactive|Shadow Ballers has 120 seconds left.\n|inactive|supersayandraft has 120 seconds left.\n|\n|t:|1699817363\n|-end|p1a: Iron Hands|Quark Drive|[silent]\n|switch|p1a: Ogerpon|Ogerpon-Wellspring, F|100\/100\n|move|p1b: Landorus|Stomping Tantrum|p2b: Heatran\n|-supereffective|p2b: Heatran\n|-damage|p2b: Heatran|0 fnt\n|faint|p2b: Heatran\n|move|p2a: Ogerpon|Ivy Cudgel|p1b: Landorus\n|-damage|p1b: Landorus|0 fnt\n|faint|p1b: Landorus\n|\n|-fieldend|move: Grassy Terrain\n|upkeep\n|inactive|Shadow Ballers has 120 seconds left.\n|l|\u2606Shadow Ballers\n|inactive|Shadow Ballers disconnected and has a minute to reconnect!\n|player|p1|\n|j|\u2606Shadow Ballers\n|inactive|Shadow Ballers reconnected and has 105 seconds left.\n|player|p1|Shadow Ballers|roughneck\n|\n|t:|1699817389\n|switch|p1b: Iron Hands|Iron Hands, shiny|58\/100\n|turn|8\n|c|\u2606Shadow Ballers|Gg\n|inactive|Shadow Ballers has 120 seconds left.\n|inactive|supersayandraft has 120 seconds left.\n|inactive|supersayandraft has 90 seconds left.\n|-message|supersayandraft forfeited.\n|\n|win|Shadow Ballers\n|raw|Shadow Ballers's rating: 1618 &rarr; <strong>1642<\/strong><br \/>(+24 for winning)\n|raw|supersayandraft's rating: 1687 &rarr; <strong>1663<\/strong><br \/>(-24 for losing)\n|l|\u2606supersayandraft\n","uploadtime":1699817460,"views":11,"p1id":"shadowballers","p2id":"supersayandraft","formatid":"gen9doublesou","rating":1642,"private":0,"password":""}