{"id":"gen9doublesou-1993400048","p1":"Kumra21","p2":"12 Charlie","format":"[Gen 9] Doubles OU","log":"|j|\u2606Kumra21\n|j|\u260612 Charlie\n|t:|1700312589\n|gametype|doubles\n|player|p1|Kumra21|silver|1259\n|player|p2|12 Charlie|falkner|1172\n|teamsize|p1|6\n|teamsize|p2|6\n|gen|9\n|tier|[Gen 9] Doubles OU\n|rated|\n|rule|Species Clause: Limit one of each Pok\u00e9mon\n|rule|OHKO Clause: OHKO moves are banned\n|rule|Evasion Moves Clause: Evasion moves are banned\n|rule|Gravity Sleep Clause: The combination of sleep-inducing moves with imperfect accuracy and Gravity or Gigantamax Orbeetle are banned\n|rule|Endless Battle Clause: Forcing endless battles is banned\n|rule|HP Percentage Mod: HP is shown in percentages\n|clearpoke\n|poke|p1|Tornadus, M|\n|poke|p1|Politoed, F|\n|poke|p1|Ludicolo, F|\n|poke|p1|Kilowattrel, F|\n|poke|p1|Basculegion-F, F|\n|poke|p1|Corviknight, F|\n|poke|p2|Sinistcha|\n|poke|p2|Ogerpon-Wellspring, F|\n|poke|p2|Iron Hands|\n|poke|p2|Ursaluna-Bloodmoon, M|\n|poke|p2|Arcanine-Hisui, F|\n|poke|p2|Clefairy, M|\n|teampreview\n|\n|t:|1700312604\n|start\n|switch|p1a: Mr. Charming|Politoed, F|100\/100\n|switch|p1b: Zapata|Ludicolo, F|100\/100\n|switch|p2a: Arcanine|Arcanine-Hisui, F|100\/100\n|switch|p2b: Sinistchy|Sinistcha, shiny|100\/100\n|-weather|RainDance|[from] ability: Drizzle|[of] p1a: Mr. Charming\n|turn|1\n|\n|t:|1700312619\n|switch|p2a: Ogerpon|Ogerpon-Wellspring, F|100\/100\n|move|p1b: Zapata|Hydro Pump|p2a: Ogerpon\n|-immune|p2a: Ogerpon|[from] ability: Water Absorb\n|move|p1a: Mr. Charming|Ice Beam|p2b: Sinistchy\n|-supereffective|p2b: Sinistchy\n|-damage|p2b: Sinistchy|60\/100\n|move|p2b: Sinistchy|Matcha Gotcha|p1b: Zapata|[spread] p1a,p1b\n|-supereffective|p1a: Mr. Charming\n|-damage|p1a: Mr. Charming|59\/100\n|-heal|p2b: Sinistchy|83\/100|[from] drain|[of] p1a: Mr. Charming\n|-damage|p1b: Zapata|61\/100\n|-heal|p2b: Sinistchy|99\/100|[from] drain|[of] p1b: Zapata\n|\n|-weather|RainDance|[upkeep]\n|upkeep\n|turn|2\n|\n|t:|1700312643\n|move|p1b: Zapata|Hydro Pump|p2b: Sinistchy\n|-resisted|p2b: Sinistchy\n|-damage|p2b: Sinistchy|42\/100\n|move|p2a: Ogerpon|Ivy Cudgel|p1a: Mr. Charming|[anim] Ivy Cudgel Water\n|-resisted|p1a: Mr. Charming\n|-damage|p1a: Mr. Charming|14\/100\n|move|p1a: Mr. Charming|Encore|p2a: Ogerpon\n|-start|p2a: Ogerpon|Encore\n|move|p2b: Sinistchy|Matcha Gotcha|p1a: Mr. Charming|[spread] p1a,p1b\n|-supereffective|p1a: Mr. Charming\n|-damage|p1a: Mr. Charming|0 fnt\n|-heal|p2b: Sinistchy|50\/100|[from] drain|[of] p1a: Mr. Charming\n|-damage|p1b: Zapata|20\/100\n|-heal|p2b: Sinistchy|68\/100|[from] drain|[of] p1b: Zapata\n|faint|p1a: Mr. Charming\n|\n|-weather|RainDance|[upkeep]\n|upkeep\n|\n|t:|1700312663\n|switch|p1a: Ramphorincus|Kilowattrel, F|100\/100\n|turn|3\n|\n|t:|1700312673\n|switch|p2a: Brion Hands|Iron Hands, shiny|100\/100\n|move|p1b: Zapata|Hydro Pump|p2b: Sinistchy|[miss]\n|-miss|p1b: Zapata|p2b: Sinistchy\n|move|p1a: Ramphorincus|Air Slash|p2b: Sinistchy\n|-supereffective|p2b: Sinistchy\n|-damage|p2b: Sinistchy|0 fnt\n|faint|p2b: Sinistchy\n|\n|-weather|RainDance|[upkeep]\n|upkeep\n|\n|t:|1700312685\n|switch|p2b: Freddy fazbear|Ursaluna-Bloodmoon, M|100\/100\n|turn|4\n|\n|t:|1700312694\n|move|p1b: Zapata|Hydro Pump|p2b: Freddy fazbear\n|-supereffective|p2b: Freddy fazbear\n|-damage|p2b: Freddy fazbear|0 fnt\n|faint|p2b: Freddy fazbear\n|move|p1a: Ramphorincus|Volt Switch|p2a: Brion Hands\n|-resisted|p2a: Brion Hands\n|-damage|p2a: Brion Hands|90\/100\n|\n|t:|1700312705\n|switch|p1a: Odin|Corviknight, F|100\/100|[from] Volt Switch\n|move|p2a: Brion Hands|Wild Charge|p1a: Odin\n|-supereffective|p1a: Odin\n|-damage|p1a: Odin|37\/100\n|-damage|p2a: Brion Hands|77\/100|[from] Recoil\n|\n|-weather|RainDance|[upkeep]\n|-heal|p1a: Odin|43\/100|[from] item: Leftovers\n|upkeep\n|\n|t:|1700312719\n|switch|p2b: Ogerpon|Ogerpon-Wellspring, F|100\/100\n|turn|5\n|\n|t:|1700312731\n|-terastallize|p2b: Ogerpon|Water\n|detailschange|p2b: Ogerpon|Ogerpon-Wellspring-Tera, F, tera:Water\n|-ability|p2b: Ogerpon|Embody Aspect (Wellspring)|boost\n|-boost|p2b: Ogerpon|spd|1\n|move|p1b: Zapata|Hydro Pump|p2a: Brion Hands\n|-damage|p2a: Brion Hands|10\/100\n|move|p2b: Ogerpon|Ivy Cudgel|p1a: Odin|[anim] Ivy Cudgel Water\n|-damage|p1a: Odin|0 fnt\n|faint|p1a: Odin\n|move|p2a: Brion Hands|Wild Charge|p1b: Zapata\n|-damage|p1b: Zapata|0 fnt\n|faint|p1b: Zapata\n|-damage|p2a: Brion Hands|8\/100|[from] Recoil\n|\n|-weather|RainDance|[upkeep]\n|upkeep\n|\n|t:|1700312751\n|switch|p1b: Ramphorincus|Kilowattrel, F|100\/100\n|switch|p1a: Rogue|Tornadus, M|100\/100\n|turn|6\n|\n|t:|1700312762\n|switch|p2b: Arcanine|Arcanine-Hisui, F|100\/100\n|move|p1a: Rogue|Tailwind|p1a: Rogue\n|-sidestart|p1: Kumra21|move: Tailwind\n|-start|p1b: Ramphorincus|Charge|Tailwind|[from] ability: Wind Power\n|move|p1b: Ramphorincus|Thunder|p2b: Arcanine\n|-damage|p2b: Arcanine|0 fnt\n|faint|p2b: Arcanine\n|-end|p1b: Ramphorincus|Charge|[silent]\n|move|p2a: Brion Hands|Wild Charge|p1a: Rogue\n|-supereffective|p1a: Rogue\n|-damage|p1a: Rogue|0 fnt\n|faint|p1a: Rogue\n|-damage|p2a: Brion Hands|0 fnt|[from] Recoil\n|faint|p2a: Brion Hands\n|-end|p2a: Brion Hands|Quark Drive|[silent]\n|\n|-weather|RainDance|[upkeep]\n|upkeep\n|\n|t:|1700312782\n|switch|p1a: Sparta|Basculegion-F, F|100\/100\n|switch|p2b: Clefairy|Clefairy, M|100\/100\n|switch|p2a: Ogerpon|Ogerpon-Wellspring-Tera, F, tera:Water|100\/100\n|-ability|p2a: Ogerpon|Embody Aspect (Wellspring)|boost\n|-boost|p2a: Ogerpon|spd|1\n|turn|7\n|\n|t:|1700312803\n|move|p2b: Clefairy|Follow Me|p2b: Clefairy\n|-singleturn|p2b: Clefairy|move: Follow Me\n|move|p1a: Sparta|Last Respects|p2b: Clefairy\n|-damage|p2b: Clefairy|0 fnt\n|faint|p2b: Clefairy\n|move|p1b: Ramphorincus|Thunder|p2a: Ogerpon\n|-supereffective|p2a: Ogerpon\n|-damage|p2a: Ogerpon|37\/100\n|move|p2a: Ogerpon|Ivy Cudgel|p1a: Sparta|[anim] Ivy Cudgel Water\n|-resisted|p1a: Sparta\n|-damage|p1a: Sparta|28\/100\n|\n|-weather|RainDance|[upkeep]\n|upkeep\n|turn|8\n|\n|t:|1700312820\n|move|p1a: Sparta|Last Respects|p2a: Ogerpon\n|-damage|p2a: Ogerpon|0 fnt\n|faint|p2a: Ogerpon\n|\n|win|Kumra21\n|raw|Kumra21's rating: 1259 &rarr; <strong>1278<\/strong><br \/>(+19 for winning)\n|raw|12 Charlie's rating: 1172 &rarr; <strong>1153<\/strong><br \/>(-19 for losing)\n","uploadtime":1700312827,"views":7,"p1id":"kumra21","p2id":"12charlie","formatid":"gen9doublesou","rating":1153,"private":0,"password":""}