{"id":"gen9doublesou-1984748803","p1":"Ditto32","p2":"flitxry","format":"[Gen 9] Doubles OU","log":"|j|\u2606Ditto32\n|j|\u2606flitxry\n|t:|1699295847\n|gametype|doubles\n|player|p1|Ditto32|ingo|1106\n|player|p2|flitxry|alder|1032\n|teamsize|p1|6\n|teamsize|p2|6\n|gen|9\n|tier|[Gen 9] Doubles OU\n|rated|\n|rule|Species Clause: Limit one of each Pok\u00e9mon\n|rule|OHKO Clause: OHKO moves are banned\n|rule|Evasion Moves Clause: Evasion moves are banned\n|rule|Gravity Sleep Clause: The combination of sleep-inducing moves with imperfect accuracy and Gravity or Gigantamax Orbeetle are banned\n|rule|Endless Battle Clause: Forcing endless battles is banned\n|rule|HP Percentage Mod: HP is shown in percentages\n|clearpoke\n|poke|p1|Kingambit, M|\n|poke|p1|Ceruledge, M|\n|poke|p1|Eelektross, M|\n|poke|p1|Rillaboom, M|\n|poke|p1|Clefairy, M|\n|poke|p1|Armarouge, F|\n|poke|p2|Ceruledge, M|\n|poke|p2|Empoleon, F|\n|poke|p2|Sinistcha-Masterpiece|\n|poke|p2|Clefairy, F|\n|poke|p2|Arcanine-Hisui, M|\n|poke|p2|Corviknight, M|\n|teampreview\n|\n|t:|1699295858\n|start\n|switch|p1a: Sage|Armarouge, F|100\/100\n|switch|p1b: Koco|Clefairy, M, shiny|100\/100\n|switch|p2a: Clefairy|Clefairy, F, shiny|100\/100\n|switch|p2b: Empoleon|Empoleon, F, shiny|100\/100\n|turn|1\n|\n|t:|1699295869\n|move|p2a: Clefairy|Protect|p2a: Clefairy\n|-singleturn|p2a: Clefairy|Protect\n|move|p1b: Koco|Follow Me|p1b: Koco\n|-singleturn|p1b: Koco|move: Follow Me\n|move|p2b: Empoleon|Hydro Pump|p1b: Koco\n|-damage|p1b: Koco|46\/100\n|move|p1a: Sage|Trick Room|p1a: Sage\n|-fieldstart|move: Trick Room|[of] p1a: Sage\n|\n|upkeep\n|turn|2\n|\n|t:|1699295884\n|move|p1b: Koco|Thunderbolt|p2b: Empoleon\n|-supereffective|p2b: Empoleon\n|-damage|p2b: Empoleon|71\/100\n|move|p2a: Clefairy|Knock Off|p1a: Sage\n|-supereffective|p1a: Sage\n|-damage|p1a: Sage|87\/100\n|-enditem|p1a: Sage|Heavy-Duty Boots|[from] move: Knock Off|[of] p2a: Clefairy\n|move|p2b: Empoleon|Hydro Pump|p1a: Sage\n|-supereffective|p1a: Sage\n|-damage|p1a: Sage|0 fnt\n|faint|p1a: Sage\n|\n|-heal|p2b: Empoleon|77\/100|[from] item: Leftovers\n|upkeep\n|\n|t:|1699295908\n|switch|p1a: Wyvern|Eelektross, M|100\/100\n|turn|3\n|\n|t:|1699295929\n|switch|p2b: Sinistcha|Sinistcha-Masterpiece|100\/100\n|move|p1b: Koco|Follow Me|p1b: Koco\n|-singleturn|p1b: Koco|move: Follow Me\n|move|p2a: Clefairy|Follow Me|p2a: Clefairy\n|-singleturn|p2a: Clefairy|move: Follow Me\n|move|p1a: Wyvern|Coil|p1a: Wyvern\n|-boost|p1a: Wyvern|atk|1\n|-boost|p1a: Wyvern|def|1\n|-boost|p1a: Wyvern|accuracy|1\n|\n|upkeep\n|turn|4\n|\n|t:|1699295961\n|move|p1b: Koco|Follow Me|p1b: Koco\n|-singleturn|p1b: Koco|move: Follow Me\n|move|p2a: Clefairy|Knock Off|p1b: Koco\n|-resisted|p1b: Koco\n|-crit|p1b: Koco\n|-damage|p1b: Koco|37\/100\n|-enditem|p1b: Koco|Eviolite|[from] move: Knock Off|[of] p2a: Clefairy\n|move|p1a: Wyvern|Coil|p1a: Wyvern\n|-boost|p1a: Wyvern|atk|1\n|-boost|p1a: Wyvern|def|1\n|-boost|p1a: Wyvern|accuracy|1\n|move|p2b: Sinistcha|Shadow Ball|p1b: Koco\n|-damage|p1b: Koco|0 fnt\n|faint|p1b: Koco\n|\n|upkeep\n|\n|t:|1699295983\n|switch|p1b: Giganto|Rillaboom, M, shiny|100\/100\n|-fieldstart|move: Grassy Terrain|[from] ability: Grassy Surge|[of] p1b: Giganto\n|turn|5\n|\n|t:|1699296006\n|switch|p2b: Ceruledge|Ceruledge, M|100\/100\n|move|p2a: Clefairy|Follow Me|p2a: Clefairy\n|-singleturn|p2a: Clefairy|move: Follow Me\n|move|p1b: Giganto|Grassy Glide|p2a: Clefairy\n|-damage|p2a: Clefairy|71\/100\n|move|p1a: Wyvern|Fire Punch|p2a: Clefairy\n|-damage|p2a: Clefairy|21\/100\n|\n|-heal|p2a: Clefairy|27\/100|[from] Grassy Terrain\n|-fieldend|move: Trick Room\n|upkeep\n|turn|6\n|\n|t:|1699296026\n|move|p1b: Giganto|Knock Off|p2b: Ceruledge\n|-supereffective|p2b: Ceruledge\n|-damage|p2b: Ceruledge|39\/100\n|-enditem|p2b: Ceruledge|Heavy-Duty Boots|[from] move: Knock Off|[of] p1b: Giganto\n|move|p2b: Ceruledge|Will-O-Wisp|p1a: Wyvern\n|-status|p1a: Wyvern|brn\n|move|p1a: Wyvern|Coil|p1a: Wyvern\n|-boost|p1a: Wyvern|atk|1\n|-boost|p1a: Wyvern|def|1\n|-boost|p1a: Wyvern|accuracy|1\n|move|p2a: Clefairy|Knock Off|p1a: Wyvern\n|-damage|p1a: Wyvern|96\/100 brn\n|-enditem|p1a: Wyvern|Leftovers|[from] move: Knock Off|[of] p2a: Clefairy\n|\n|-heal|p2b: Ceruledge|45\/100|[from] Grassy Terrain\n|-heal|p2a: Clefairy|33\/100|[from] Grassy Terrain\n|-damage|p1a: Wyvern|90\/100 brn|[from] brn\n|upkeep\n|turn|7\n|\n|t:|1699296042\n|move|p2a: Clefairy|Follow Me|p2a: Clefairy\n|-singleturn|p2a: Clefairy|move: Follow Me\n|move|p1b: Giganto|Knock Off|p2a: Clefairy\n|-resisted|p2a: Clefairy\n|-damage|p2a: Clefairy|18\/100\n|-enditem|p2a: Clefairy|Eviolite|[from] move: Knock Off|[of] p1b: Giganto\n|move|p2b: Ceruledge|Bitter Blade|p1b: Giganto\n|-supereffective|p1b: Giganto\n|-damage|p1b: Giganto|0 fnt\n|-heal|p2b: Ceruledge|100\/100|[from] drain|[of] p1b: Giganto\n|-damage|p2b: Ceruledge|84\/100|[from] item: Rocky Helmet|[of] p1b: Giganto\n|faint|p1b: Giganto\n|move|p1a: Wyvern|Coil|p1a: Wyvern\n|-boost|p1a: Wyvern|atk|1\n|-boost|p1a: Wyvern|def|1\n|-boost|p1a: Wyvern|accuracy|1\n|\n|-heal|p2b: Ceruledge|90\/100|[from] Grassy Terrain\n|-heal|p2a: Clefairy|24\/100|[from] Grassy Terrain\n|-damage|p1a: Wyvern|83\/100 brn|[from] brn\n|upkeep\n|\n|t:|1699296048\n|switch|p1b: Knight|Ceruledge, M, shiny|100\/100\n|turn|8\n|\n|t:|1699296085\n|switch|p2b: Empoleon|Empoleon, F, shiny|77\/100\n|move|p2a: Clefairy|Follow Me|p2a: Clefairy\n|-singleturn|p2a: Clefairy|move: Follow Me\n|move|p1b: Knight|Shadow Claw|p2a: Clefairy\n|-damage|p2a: Clefairy|0 fnt\n|faint|p2a: Clefairy\n|move|p1a: Wyvern|Coil|p1a: Wyvern\n|-boost|p1a: Wyvern|atk|1\n|-boost|p1a: Wyvern|def|1\n|-boost|p1a: Wyvern|accuracy|1\n|\n|-heal|p2b: Empoleon|83\/100|[from] Grassy Terrain\n|-heal|p2b: Empoleon|89\/100|[from] item: Leftovers\n|-damage|p1a: Wyvern|77\/100 brn|[from] brn\n|upkeep\n|inactive|Battle timer is ON: inactive players will automatically lose when time's up. (requested by Ditto32)\n|\n|t:|1699296100\n|switch|p2a: Arcanine|Arcanine-Hisui, M, shiny|100\/100\n|-ability|p2a: Arcanine|Intimidate|boost\n|-unboost|p1a: Wyvern|atk|1\n|-unboost|p1b: Knight|atk|1\n|turn|9\n|inactive|flitxry has 120 seconds left.\n|\n|t:|1699296130\n|move|p1b: Knight|Shadow Claw|p2b: Empoleon\n|-damage|p2b: Empoleon|60\/100\n|move|p2a: Arcanine|Wild Charge|p1b: Knight\n|-damage|p1b: Knight|59\/100\n|-damage|p2a: Arcanine|92\/100|[from] Recoil\n|move|p2b: Empoleon|Hydro Pump|p1b: Knight|[miss]\n|-miss|p2b: Empoleon|p1b: Knight\n|move|p1a: Wyvern|Wild Charge|p2b: Empoleon\n|-supereffective|p2b: Empoleon\n|-damage|p2b: Empoleon|0 fnt\n|faint|p2b: Empoleon\n|-damage|p1a: Wyvern|65\/100 brn|[from] Recoil\n|\n|-heal|p1b: Knight|65\/100|[from] Grassy Terrain\n|-heal|p2a: Arcanine|98\/100|[from] Grassy Terrain\n|-damage|p1a: Wyvern|59\/100 brn|[from] brn\n|-fieldend|move: Grassy Terrain\n|upkeep\n|inactive|flitxry has 120 seconds left.\n|\n|t:|1699296144\n|switch|p2b: Corviknight|Corviknight, M|100\/100\n|turn|10\n|\n|t:|1699296152\n|-terastallize|p2b: Corviknight|Dragon\n|move|p2a: Arcanine|Extreme Speed|p1a: Wyvern\n|-crit|p1a: Wyvern\n|-damage|p1a: Wyvern|18\/100 brn\n|move|p1b: Knight|Shadow Claw|p2b: Corviknight\n|-damage|p2b: Corviknight|80\/100\n|move|p2b: Corviknight|Brave Bird|p1b: Knight\n|-crit|p1b: Knight\n|-damage|p1b: Knight|0 fnt\n|faint|p1b: Knight\n|-damage|p2b: Corviknight|63\/100|[from] Recoil\n|move|p1a: Wyvern|Wild Charge|p2b: Corviknight\n|-resisted|p2b: Corviknight\n|-damage|p2b: Corviknight|36\/100\n|-damage|p1a: Wyvern|11\/100 brn|[from] Recoil\n|\n|-heal|p2b: Corviknight|42\/100|[from] item: Leftovers\n|-damage|p1a: Wyvern|5\/100 brn|[from] brn\n|upkeep\n|\n|t:|1699296155\n|switch|p1b: Supreme|Kingambit, M, shiny|100\/100\n|-activate|p1b: Supreme|ability: Supreme Overlord\n|-start|p1b: Supreme|fallen4|[silent]\n|turn|11\n|\n|t:|1699296176\n|switch|p2b: Sinistcha|Sinistcha-Masterpiece|100\/100\n|-heal|p2a: Arcanine|100\/100|[from] ability: Hospitality|[of] p2b: Sinistcha\n|move|p2a: Arcanine|Will-O-Wisp|p1b: Supreme\n|-status|p1b: Supreme|brn\n|move|p1a: Wyvern|Drain Punch|p2a: Arcanine\n|-supereffective|p2a: Arcanine\n|-crit|p2a: Arcanine\n|-damage|p2a: Arcanine|0 fnt\n|-heal|p1a: Wyvern|52\/100 brn|[from] drain|[of] p2a: Arcanine\n|faint|p2a: Arcanine\n|move|p1b: Supreme|Kowtow Cleave|p2b: Sinistcha\n|-supereffective|p2b: Sinistcha\n|-damage|p2b: Sinistcha|39\/100\n|\n|-heal|p2b: Sinistcha|45\/100|[from] item: Leftovers\n|-damage|p1a: Wyvern|46\/100 brn|[from] brn\n|-damage|p1b: Supreme|94\/100 brn|[from] brn\n|upkeep\n|\n|t:|1699296187\n|switch|p2a: Corviknight|Corviknight, M, tera:Dragon|42\/100\n|turn|12\n|\n|t:|1699296208\n|move|p2a: Corviknight|Roost|p2a: Corviknight\n|-heal|p2a: Corviknight|92\/100\n|move|p2b: Sinistcha|Life Dew|p2b: Sinistcha|[spread] p2a,p2b\n|-heal|p2a: Corviknight|100\/100\n|-heal|p2b: Sinistcha|70\/100\n|move|p1a: Wyvern|Drain Punch|p2a: Corviknight\n|-damage|p2a: Corviknight|67\/100\n|-heal|p1a: Wyvern|62\/100 brn|[from] drain|[of] p2a: Corviknight\n|move|p1b: Supreme|Kowtow Cleave|p2b: Sinistcha\n|-supereffective|p2b: Sinistcha\n|-damage|p2b: Sinistcha|5\/100\n|\n|-heal|p2a: Corviknight|73\/100|[from] item: Leftovers\n|-heal|p2b: Sinistcha|11\/100|[from] item: Leftovers\n|-heal|p1b: Supreme|100\/100 brn|[from] item: Leftovers\n|-damage|p1a: Wyvern|56\/100 brn|[from] brn\n|-damage|p1b: Supreme|94\/100 brn|[from] brn\n|upkeep\n|turn|13\n|inactive|flitxry has 120 seconds left.\n|\n|t:|1699296242\n|move|p2a: Corviknight|Brave Bird|p1a: Wyvern\n|-resisted|p1a: Wyvern\n|-damage|p1a: Wyvern|48\/100 brn\n|-damage|p2a: Corviknight|70\/100|[from] Recoil\n|move|p2b: Sinistcha|Strength Sap|p1b: Supreme\n|-unboost|p1b: Supreme|atk|1\n|-heal|p2b: Sinistcha|100\/100\n|move|p1a: Wyvern|Drain Punch|p2a: Corviknight\n|-damage|p2a: Corviknight|35\/100\n|-heal|p1a: Wyvern|65\/100 brn|[from] drain|[of] p2a: Corviknight\n|move|p1b: Supreme|Kowtow Cleave|p2b: Sinistcha\n|-supereffective|p2b: Sinistcha\n|-damage|p2b: Sinistcha|58\/100\n|\n|-heal|p2a: Corviknight|41\/100|[from] item: Leftovers\n|-heal|p2b: Sinistcha|65\/100|[from] item: Leftovers\n|-heal|p1b: Supreme|100\/100 brn|[from] item: Leftovers\n|-damage|p1a: Wyvern|59\/100 brn|[from] brn\n|-damage|p1b: Supreme|94\/100 brn|[from] brn\n|upkeep\n|turn|14\n|inactive|flitxry has 120 seconds left.\n|\n|t:|1699296271\n|-terastallize|p1b: Supreme|Flying\n|move|p2a: Corviknight|Brave Bird|p1a: Wyvern\n|-resisted|p1a: Wyvern\n|-damage|p1a: Wyvern|50\/100 brn\n|-damage|p2a: Corviknight|38\/100|[from] Recoil\n|move|p2b: Sinistcha|Life Dew|p2b: Sinistcha|[spread] p2a,p2b\n|-heal|p2a: Corviknight|63\/100\n|-heal|p2b: Sinistcha|90\/100\n|move|p1a: Wyvern|Fire Punch|p2b: Sinistcha\n|-supereffective|p2b: Sinistcha\n|-crit|p2b: Sinistcha\n|-damage|p2b: Sinistcha|0 fnt\n|faint|p2b: Sinistcha\n|move|p1b: Supreme|Tera Blast|p2a: Corviknight|[anim] Tera Blast Flying\n|-crit|p2a: Corviknight\n|-damage|p2a: Corviknight|26\/100\n|\n|-heal|p2a: Corviknight|32\/100|[from] item: Leftovers\n|-heal|p1b: Supreme|100\/100 brn|[from] item: Leftovers\n|-damage|p1a: Wyvern|44\/100 brn|[from] brn\n|-damage|p1b: Supreme|94\/100 brn|[from] brn\n|upkeep\n|inactive|flitxry has 120 seconds left.\n|\n|t:|1699296282\n|switch|p2b: Ceruledge|Ceruledge, M|90\/100\n|turn|15\n|\n|t:|1699296297\n|move|p2b: Ceruledge|Bitter Blade|p1b: Supreme\n|-damage|p1b: Supreme|63\/100 brn\n|-heal|p2b: Ceruledge|100\/100|[from] drain|[of] p1b: Supreme\n|move|p2a: Corviknight|Iron Head|p1a: Wyvern\n|-resisted|p1a: Wyvern\n|-damage|p1a: Wyvern|40\/100 brn\n|move|p1a: Wyvern|Drain Punch|p2a: Corviknight\n|-damage|p2a: Corviknight|0 fnt\n|-heal|p1a: Wyvern|55\/100 brn|[from] drain|[of] p2a: Corviknight\n|faint|p2a: Corviknight\n|move|p1b: Supreme|Kowtow Cleave|p2b: Ceruledge\n|-supereffective|p2b: Ceruledge\n|-damage|p2b: Ceruledge|37\/100\n|\n|-heal|p1b: Supreme|69\/100 brn|[from] item: Leftovers\n|-damage|p1a: Wyvern|48\/100 brn|[from] brn\n|-damage|p1b: Supreme|63\/100 brn|[from] brn\n|upkeep\n|turn|16\n|\n|t:|1699296320\n|move|p2b: Ceruledge|Bitter Blade|p1b: Supreme\n|-damage|p1b: Supreme|30\/100 brn\n|-heal|p2b: Ceruledge|60\/100|[from] drain|[of] p1b: Supreme\n|move|p1a: Wyvern|Wild Charge|p2b: Ceruledge\n|-damage|p2b: Ceruledge|0 fnt\n|faint|p2b: Ceruledge\n|-damage|p1a: Wyvern|37\/100 brn|[from] Recoil\n|\n|win|Ditto32\n|raw|Ditto32's rating: 1106 &rarr; <strong>1126<\/strong><br \/>(+20 for winning)\n|raw|flitxry's rating: 1032 &rarr; <strong>1020<\/strong><br \/>(-12 for losing)\n|c|\u2606Ditto32|gg wp\n|l|\u2606flitxry\n","uploadtime":1699296332,"views":9,"p1id":"ditto32","p2id":"flitxry","formatid":"gen9doublesou","rating":1020,"private":0,"password":""}