{"id":"gen9doublesou-1968298955","p1":"megamat_16","p2":"FabioRMC4264","format":"[Gen 9] Doubles OU","log":"|html|<div class=\"broadcast-blue\"><strong>[Gen 9] Doubles OU is currently suspecting Basculegion & Flutter Mane! For information on how to participate check out the <a href=\"https:\/\/www.smogon.com\/forums\/threads\/np-sv-dou-stage-8-double-trouble.3729153\/\">suspect thread<\/a>.<\/strong><\/div>\n|j|\u2606megamat_16\n|j|\u2606FabioRMC4264\n|t:|1697403691\n|gametype|doubles\n|player|p1|megamat_16|shadowtriad|1394\n|player|p2|FabioRMC4264|blue|1444\n|teamsize|p1|6\n|teamsize|p2|6\n|gen|9\n|tier|[Gen 9] Doubles OU\n|rated|\n|rule|Species Clause: Limit one of each Pok\u00e9mon\n|rule|OHKO Clause: OHKO moves are banned\n|rule|Evasion Moves Clause: Evasion moves are banned\n|rule|Gravity Sleep Clause: The combination of sleep-inducing moves with imperfect accuracy and Gravity or Gigantamax Orbeetle are banned\n|rule|Endless Battle Clause: Forcing endless battles is banned\n|rule|HP Percentage Mod: HP is shown in percentages\n|clearpoke\n|poke|p1|Landorus-Therian, M|\n|poke|p1|Grimmsnarl, M|\n|poke|p1|Roaring Moon|\n|poke|p1|Toxtricity, F|\n|poke|p1|Gholdengo|\n|poke|p1|Palafin, M|\n|poke|p2|Flutter Mane|\n|poke|p2|Tornadus, M|\n|poke|p2|Amoonguss, M|\n|poke|p2|Chien-Pao|\n|poke|p2|Rillaboom, F|\n|poke|p2|Arcanine-Hisui, M|\n|teampreview\n|inactive|Battle timer is ON: inactive players will automatically lose when time's up. (requested by megamat_16)\n|\n|t:|1697403703\n|start\n|switch|p1a: Landorus|Landorus-Therian, M|100\/100\n|switch|p1b: Toxtricity|Toxtricity, F|100\/100\n|switch|p2a: Tornadus|Tornadus, M|100\/100\n|switch|p2b: Rillaboom|Rillaboom, F|100\/100\n|-ability|p1a: Landorus|Intimidate|boost\n|-unboost|p2a: Tornadus|atk|1\n|-unboost|p2b: Rillaboom|atk|1\n|-fieldstart|move: Grassy Terrain|[from] ability: Grassy Surge|[of] p2b: Rillaboom\n|turn|1\n|\n|t:|1697403725\n|-terastallize|p1b: Toxtricity|Flying\n|move|p2a: Tornadus|Tailwind|p2a: Tornadus\n|-sidestart|p2: FabioRMC4264|move: Tailwind\n|move|p2b: Rillaboom|Knock Off|p1a: Landorus\n|-damage|p1a: Landorus|59\/100\n|-enditem|p1a: Landorus|Life Orb|[from] move: Knock Off|[of] p2b: Rillaboom\n|move|p1a: Landorus|Rock Slide|p2a: Tornadus|[spread] p2a,p2b\n|-supereffective|p2a: Tornadus\n|-damage|p2a: Tornadus|45\/100\n|-damage|p2b: Rillaboom|77\/100\n|move|p1b: Toxtricity|Sludge Bomb|p2b: Rillaboom\n|-supereffective|p2b: Rillaboom\n|-damage|p2b: Rillaboom|0 fnt\n|faint|p2b: Rillaboom\n|\n|upkeep\n|inactive|FabioRMC4264 has 120 seconds left.\n|\n|t:|1697403745\n|switch|p2b: Chien-Pao|Chien-Pao|100\/100\n|-ability|p2b: Chien-Pao|Sword of Ruin\n|turn|2\n|\n|t:|1697403759\n|switch|p1a: Gholdengo|Gholdengo|100\/100\n|move|p2a: Tornadus|Protect|p2a: Tornadus\n|-singleturn|p2a: Tornadus|Protect\n|move|p2b: Chien-Pao|Ice Spinner|p1b: Toxtricity\n|-supereffective|p1b: Toxtricity\n|-damage|p1b: Toxtricity|0 fnt\n|-fieldend|move: Grassy Terrain\n|faint|p1b: Toxtricity\n|\n|upkeep\n|\n|t:|1697403768\n|switch|p1b: Grimmsnarl|Grimmsnarl, M|100\/100\n|turn|3\n|\n|t:|1697403787\n|switch|p2a: Arcanine|Arcanine-Hisui, M|100\/100\n|-ability|p2a: Arcanine|Intimidate|boost\n|-unboost|p1a: Gholdengo|atk|1\n|-unboost|p1b: Grimmsnarl|atk|1\n|move|p1b: Grimmsnarl|Light Screen|p1b: Grimmsnarl\n|-sidestart|p1: megamat_16|move: Light Screen\n|move|p2b: Chien-Pao|Crunch|p1a: Gholdengo\n|-supereffective|p1a: Gholdengo\n|-damage|p1a: Gholdengo|0 fnt\n|faint|p1a: Gholdengo\n|\n|upkeep\n|\n|t:|1697403799\n|switch|p1a: Palafin|Palafin, M|100\/100\n|turn|4\n|\n|t:|1697403828\n|-terastallize|p2a: Arcanine|Fairy\n|move|p1a: Palafin|Jet Punch|p2a: Arcanine\n|-damage|p2a: Arcanine|58\/100\n|move|p1b: Grimmsnarl|Reflect|p1b: Grimmsnarl\n|-sidestart|p1: megamat_16|Reflect\n|move|p2b: Chien-Pao|Crunch|p1a: Palafin\n|-damage|p1a: Palafin|58\/100\n|-unboost|p1a: Palafin|def|1\n|move|p2a: Arcanine|Tera Blast|p1b: Grimmsnarl|[anim] Tera Blast Fairy\n|-supereffective|p1b: Grimmsnarl\n|-damage|p1b: Grimmsnarl|18\/100\n|\n|-sideend|p2: FabioRMC4264|move: Tailwind\n|upkeep\n|turn|5\n|inactive|FabioRMC4264 has 120 seconds left.\n|\n|t:|1697403862\n|move|p1a: Palafin|Jet Punch|p2b: Chien-Pao\n|-damage|p2b: Chien-Pao|57\/100\n|move|p2b: Chien-Pao|Crunch|p1a: Palafin\n|-crit|p1a: Palafin\n|-damage|p1a: Palafin|0 fnt\n|faint|p1a: Palafin\n|move|p2a: Arcanine|Tera Blast|p1b: Grimmsnarl|[anim] Tera Blast Fairy\n|-supereffective|p1b: Grimmsnarl\n|-damage|p1b: Grimmsnarl|0 fnt\n|faint|p1b: Grimmsnarl\n|\n|upkeep\n|\n|t:|1697403870\n|switch|p1a: Roaring Moon|Roaring Moon|100\/100\n|switch|p1b: Landorus|Landorus-Therian, M|59\/100\n|-ability|p1b: Landorus|Intimidate|boost\n|-unboost|p2a: Arcanine|atk|1\n|-unboost|p2b: Chien-Pao|atk|1\n|-enditem|p1a: Roaring Moon|Booster Energy\n|-activate|p1a: Roaring Moon|ability: Protosynthesis|[fromitem]\n|-start|p1a: Roaring Moon|protosynthesisatk\n|turn|6\n|\n|t:|1697403877\n|move|p2b: Chien-Pao|Ice Spinner|p1b: Landorus\n|-supereffective|p1b: Landorus\n|-damage|p1b: Landorus|0 fnt\n|faint|p1b: Landorus\n|move|p1a: Roaring Moon|Dragon Dance|p1a: Roaring Moon\n|-boost|p1a: Roaring Moon|atk|1\n|-boost|p1a: Roaring Moon|spe|1\n|move|p2a: Arcanine|Tera Blast|p1a: Roaring Moon|[anim] Tera Blast Fairy\n|-supereffective|p1a: Roaring Moon\n|-crit|p1a: Roaring Moon\n|-damage|p1a: Roaring Moon|0 fnt\n|faint|p1a: Roaring Moon\n|-end|p1a: Roaring Moon|Protosynthesis|[silent]\n|\n|win|FabioRMC4264\n|raw|megamat_16's rating: 1394 &rarr; <strong>1377<\/strong><br \/>(-17 for losing)\n|raw|FabioRMC4264's rating: 1444 &rarr; <strong>1461<\/strong><br \/>(+17 for winning)\n|l|\u2606megamat_16\n","uploadtime":1697403886,"views":9,"p1id":"megamat16","p2id":"fabiormc4264","formatid":"gen9doublesou","rating":1377,"private":0,"password":""}