{"id":"gen9doublesou-1983584263","p1":"H4LFBLOOD","p2":"bigbranonbampus","format":"[Gen 9] Doubles OU","log":"|j|\u2606H4LFBLOOD\n|j|\u2606bigbranonbampus\n|t:|1699146117\n|gametype|doubles\n|player|p1|H4LFBLOOD|n|1504\n|player|p2|bigbranonbampus|hiker|1386\n|teamsize|p1|6\n|teamsize|p2|6\n|gen|9\n|tier|[Gen 9] Doubles OU\n|rated|\n|rule|Species Clause: Limit one of each Pok\u00e9mon\n|rule|OHKO Clause: OHKO moves are banned\n|rule|Evasion Moves Clause: Evasion moves are banned\n|rule|Gravity Sleep Clause: The combination of sleep-inducing moves with imperfect accuracy and Gravity or Gigantamax Orbeetle are banned\n|rule|Endless Battle Clause: Forcing endless battles is banned\n|rule|HP Percentage Mod: HP is shown in percentages\n|clearpoke\n|poke|p1|Lilligant-Hisui, F|\n|poke|p1|Torkoal, F|\n|poke|p1|Flutter Mane|\n|poke|p1|Chien-Pao|\n|poke|p1|Dragonite, F|\n|poke|p1|Ribombee, F|\n|poke|p2|Lilligant-Hisui, F|\n|poke|p2|Walking Wake|\n|poke|p2|Sinistcha|\n|poke|p2|Ceruledge, M|\n|poke|p2|Ninetales, M|\n|poke|p2|Sylveon, F|\n|teampreview\n|inactive|Battle timer is ON: inactive players will automatically lose when time's up. (requested by bigbranonbampus)\n|\n|t:|1699146143\n|start\n|switch|p1a: Ribombee|Ribombee, F|100\/100\n|switch|p1b: Dragonite|Dragonite, F|100\/100\n|switch|p2a: LilliGayAunt|Lilligant-Hisui, F|100\/100\n|switch|p2b: Ninetales|Ninetales, M|100\/100\n|-weather|SunnyDay|[from] ability: Drought|[of] p2b: Ninetales\n|turn|1\n|\n|t:|1699146161\n|move|p2a: LilliGayAunt|Ice Spinner|p1b: Dragonite\n|-supereffective|p1b: Dragonite\n|-damage|p1b: Dragonite|0 fnt\n|faint|p1b: Dragonite\n|move|p1a: Ribombee|Sticky Web|p2b: Ninetales\n|-sidestart|p2: bigbranonbampus|move: Sticky Web\n|move|p2b: Ninetales|Agility|p2b: Ninetales\n|-boost|p2b: Ninetales|spe|2\n|\n|-weather|SunnyDay|[upkeep]\n|upkeep\n|\n|t:|1699146173\n|switch|p1b: Flutter Mane|Flutter Mane|100\/100\n|-activate|p1b: Flutter Mane|ability: Protosynthesis\n|-start|p1b: Flutter Mane|protosynthesisspa\n|turn|2\n|\n|t:|1699146198\n|move|p2a: LilliGayAunt|Ice Spinner|p1b: Flutter Mane\n|-damage|p1b: Flutter Mane|43\/100\n|move|p2b: Ninetales|Weather Ball|p1b: Flutter Mane\n|-damage|p1b: Flutter Mane|0 fnt\n|faint|p1b: Flutter Mane\n|-end|p1b: Flutter Mane|Protosynthesis|[silent]\n|move|p1a: Ribombee|Pollen Puff|p2a: LilliGayAunt\n|-damage|p2a: LilliGayAunt|59\/100\n|\n|-weather|SunnyDay|[upkeep]\n|upkeep\n|\n|t:|1699146207\n|switch|p1b: Chien-Pao|Chien-Pao|100\/100\n|-ability|p1b: Chien-Pao|Sword of Ruin\n|turn|3\n|inactive|bigbranonbampus has 120 seconds left.\n|\n|t:|1699146243\n|switch|p2a: CerulPudge|Ceruledge, M|100\/100\n|-activate|p2a: CerulPudge|move: Sticky Web\n|-unboost|p2a: CerulPudge|spe|1\n|move|p1b: Chien-Pao|Protect|p1b: Chien-Pao\n|-singleturn|p1b: Chien-Pao|Protect\n|move|p2b: Ninetales|Howl|p2b: Ninetales|[spread] p2a,p2b\n|-boost|p2a: CerulPudge|atk|1\n|-boost|p2b: Ninetales|atk|1\n|move|p1a: Ribombee|Pollen Puff|p2a: CerulPudge\n|-resisted|p2a: CerulPudge\n|-damage|p2a: CerulPudge|92\/100\n|\n|-weather|SunnyDay|[upkeep]\n|upkeep\n|turn|4\n|inactive|bigbranonbampus has 120 seconds left.\n|\n|t:|1699146266\n|-terastallize|p2a: CerulPudge|Fire\n|move|p1b: Chien-Pao|Sucker Punch|p2a: CerulPudge\n|-damage|p2a: CerulPudge|29\/100\n|move|p2b: Ninetales|Weather Ball|p1a: Ribombee\n|-supereffective|p1a: Ribombee\n|-damage|p1a: Ribombee|0 fnt\n|faint|p1a: Ribombee\n|move|p2a: CerulPudge|Bitter Blade|p1b: Chien-Pao\n|-supereffective|p1b: Chien-Pao\n|-crit|p1b: Chien-Pao\n|-enditem|p1b: Chien-Pao|Focus Sash\n|-damage|p1b: Chien-Pao|1\/100\n|-heal|p2a: CerulPudge|80\/100|[from] drain|[of] p1b: Chien-Pao\n|\n|-weather|SunnyDay|[upkeep]\n|upkeep\n|\n|t:|1699146277\n|switch|p1a: Lilligant|Lilligant-Hisui, F|100\/100\n|turn|5\n|\n|t:|1699146298\n|switch|p2a: Sylveon|Sylveon, F|100\/100\n|-activate|p2a: Sylveon|move: Sticky Web\n|-unboost|p2a: Sylveon|spe|1\n|move|p1b: Chien-Pao|Sucker Punch||[still]\n|-fail|p1b: Chien-Pao\n|move|p1a: Lilligant|Close Combat|p2a: Sylveon\n|-resisted|p2a: Sylveon\n|-damage|p2a: Sylveon|55\/100\n|-unboost|p1a: Lilligant|def|1\n|-unboost|p1a: Lilligant|spd|1\n|move|p2b: Ninetales|Encore|p1b: Chien-Pao\n|-start|p1b: Chien-Pao|Encore\n|\n|-weather|SunnyDay|[upkeep]\n|upkeep\n|turn|6\n|\n|t:|1699146327\n|move|p1b: Chien-Pao|Sucker Punch||[still]\n|-fail|p1b: Chien-Pao\n|move|p1a: Lilligant|Solar Blade||[still]\n|-prepare|p1a: Lilligant|Solar Blade\n|-anim|p1a: Lilligant|Solar Blade|p2a: Sylveon\n|-damage|p2a: Sylveon|0 fnt\n|faint|p2a: Sylveon\n|move|p2b: Ninetales|Howl|p2b: Ninetales\n|-boost|p2b: Ninetales|atk|1\n|\n|-weather|SunnyDay|[upkeep]\n|upkeep\n|inactive|bigbranonbampus has 120 seconds left.\n|\n|t:|1699146341\n|switch|p2a: Walking Werk|Walking Wake|100\/100\n|-activate|p2a: Walking Werk|move: Sticky Web\n|-unboost|p2a: Walking Werk|spe|1\n|-activate|p2a: Walking Werk|ability: Protosynthesis\n|-start|p2a: Walking Werk|protosynthesisspa\n|turn|7\n|\n|t:|1699146350\n|move|p1b: Chien-Pao|Sucker Punch|p2a: Walking Werk\n|-damage|p2a: Walking Werk|47\/100\n|move|p1a: Lilligant|Close Combat|p2a: Walking Werk\n|-damage|p2a: Walking Werk|0 fnt\n|-unboost|p1a: Lilligant|def|1\n|-unboost|p1a: Lilligant|spd|1\n|faint|p2a: Walking Werk\n|-end|p2a: Walking Werk|Protosynthesis|[silent]\n|move|p2b: Ninetales|Weather Ball|p1a: Lilligant\n|-supereffective|p1a: Lilligant\n|-enditem|p1a: Lilligant|Focus Sash\n|-damage|p1a: Lilligant|1\/100\n|\n|-weather|SunnyDay|[upkeep]\n|upkeep\n|\n|t:|1699146372\n|switch|p2a: LilliGayAunt|Lilligant-Hisui, F|59\/100\n|-activate|p2a: LilliGayAunt|move: Sticky Web\n|-unboost|p2a: LilliGayAunt|spe|1\n|turn|8\n|\n|t:|1699146384\n|move|p1b: Chien-Pao|Sucker Punch|p2a: LilliGayAunt\n|-resisted|p2a: LilliGayAunt\n|-damage|p2a: LilliGayAunt|21\/100\n|move|p1a: Lilligant|Close Combat|p2a: LilliGayAunt\n|-damage|p2a: LilliGayAunt|0 fnt\n|-unboost|p1a: Lilligant|def|1\n|-unboost|p1a: Lilligant|spd|1\n|faint|p2a: LilliGayAunt\n|move|p2b: Ninetales|Weather Ball|p1b: Chien-Pao\n|-supereffective|p1b: Chien-Pao\n|-damage|p1b: Chien-Pao|0 fnt\n|faint|p1b: Chien-Pao\n|\n|-weather|none\n|upkeep\n|\n|t:|1699146403\n|switch|p1b: Torkoal|Torkoal, F|100\/100\n|switch|p2a: SinistChad|Sinistcha|100\/100\n|-activate|p2a: SinistChad|move: Sticky Web\n|-unboost|p2a: SinistChad|spe|1\n|-weather|SunnyDay|[from] ability: Drought|[of] p1b: Torkoal\n|turn|9\n|\n|t:|1699146416\n|-terastallize|p1b: Torkoal|Fire\n|move|p2a: SinistChad|Protect|p2a: SinistChad\n|-singleturn|p2a: SinistChad|Protect\n|move|p1a: Lilligant|After You|p1b: Torkoal\n|-activate|p1b: Torkoal|move: After You\n|move|p1b: Torkoal|Eruption|p2b: Ninetales|[spread] p2b\n|-activate|p2a: SinistChad|move: Protect\n|-resisted|p2b: Ninetales\n|-damage|p2b: Ninetales|26\/100\n|move|p2b: Ninetales|Weather Ball|p1a: Lilligant\n|-supereffective|p1a: Lilligant\n|-damage|p1a: Lilligant|0 fnt\n|faint|p1a: Lilligant\n|\n|-weather|SunnyDay|[upkeep]\n|upkeep\n|turn|10\n|\n|t:|1699146440\n|switch|p2b: CerulPudge|Ceruledge, M, tera:Fire|80\/100\n|-activate|p2b: CerulPudge|move: Sticky Web\n|-unboost|p2b: CerulPudge|spe|1\n|move|p2a: SinistChad|Shadow Ball|p1b: Torkoal\n|-damage|p1b: Torkoal|56\/100\n|move|p1b: Torkoal|Heat Wave|p2b: CerulPudge|[spread] p2a\n|-start|p2b: CerulPudge|ability: Flash Fire\n|-supereffective|p2a: SinistChad\n|-damage|p2a: SinistChad|0 fnt\n|faint|p2a: SinistChad\n|\n|-weather|SunnyDay|[upkeep]\n|upkeep\n|\n|t:|1699146455\n|switch|p2a: Ninetales|Ninetales, M|26\/100\n|-activate|p2a: Ninetales|move: Sticky Web\n|-unboost|p2a: Ninetales|spe|1\n|turn|11\n|\n|t:|1699146465\n|move|p2b: CerulPudge|Psycho Cut|p1b: Torkoal\n|-crit|p1b: Torkoal\n|-damage|p1b: Torkoal|27\/100\n|move|p2a: Ninetales|Howl|p2a: Ninetales|[spread] p2a,p2b\n|-boost|p2a: Ninetales|atk|1\n|-boost|p2b: CerulPudge|atk|1\n|move|p1b: Torkoal|Earth Power|p2b: CerulPudge\n|-supereffective|p2b: CerulPudge\n|-damage|p2b: CerulPudge|18\/100\n|\n|-weather|SunnyDay|[upkeep]\n|upkeep\n|turn|12\n|c|\u2606H4LFBLOOD|gg\n|\n|t:|1699146477\n|move|p2b: CerulPudge|Psycho Cut|p1b: Torkoal\n|-damage|p1b: Torkoal|0 fnt\n|faint|p1b: Torkoal\n|\n|win|bigbranonbampus\n|raw|H4LFBLOOD's rating: 1504 &rarr; <strong>1477<\/strong><br \/>(-27 for losing)\n|raw|bigbranonbampus's rating: 1386 &rarr; <strong>1413<\/strong><br \/>(+27 for winning)\n|l|\u2606H4LFBLOOD\n|c|\u2606bigbranonbampus|Gg\n","uploadtime":1699146496,"views":19,"p1id":"h4lfblood","p2id":"bigbranonbampus","formatid":"gen9doublesou","rating":1413,"private":0,"password":""}