{"id":"gen9doublesou-1979975111","p1":"Metal Jester","p2":"Reuben_Thomas05","format":"[Gen 9] Doubles OU","log":"|j|\u2606Metal Jester\n|j|\u2606Reuben_Thomas05\n|t:|1698740191\n|gametype|doubles\n|player|p1|Metal Jester|guitarist|1293\n|player|p2|Reuben_Thomas05|nemona-s|1231\n|teamsize|p1|6\n|teamsize|p2|6\n|gen|9\n|tier|[Gen 9] Doubles OU\n|rated|\n|rule|Species Clause: Limit one of each Pok\u00e9mon\n|rule|OHKO Clause: OHKO moves are banned\n|rule|Evasion Moves Clause: Evasion moves are banned\n|rule|Gravity Sleep Clause: The combination of sleep-inducing moves with imperfect accuracy and Gravity or Gigantamax Orbeetle are banned\n|rule|Endless Battle Clause: Forcing endless battles is banned\n|rule|HP Percentage Mod: HP is shown in percentages\n|clearpoke\n|poke|p1|Tornadus, M|\n|poke|p1|Stonjourner, M|\n|poke|p1|Flutter Mane|\n|poke|p1|Iron Hands|\n|poke|p1|Landorus-Therian, M|\n|poke|p1|Chien-Pao|\n|poke|p2|Scovillain, M|\n|poke|p2|Dragapult, F|\n|poke|p2|Torkoal, M|\n|poke|p2|Lilligant-Hisui, F|\n|poke|p2|Flutter Mane|\n|poke|p2|Tornadus, M|\n|teampreview\n|inactive|Battle timer is ON: inactive players will automatically lose when time's up. (requested by Metal Jester)\n|\n|t:|1698740209\n|start\n|switch|p1a: Tornadus|Tornadus, M|100\/100\n|switch|p1b: Chien-Pao|Chien-Pao|100\/100\n|switch|p2a: Tornadus|Tornadus, M|100\/100\n|switch|p2b: Dragapult|Dragapult, F|100\/100\n|-ability|p1b: Chien-Pao|Sword of Ruin\n|turn|1\n|\n|t:|1698740222\n|move|p2b: Dragapult|Protect|p2b: Dragapult\n|-singleturn|p2b: Dragapult|Protect\n|move|p2a: Tornadus|Sunny Day|p2a: Tornadus\n|-weather|SunnyDay\n|move|p1a: Tornadus|Taunt|p2a: Tornadus\n|-start|p2a: Tornadus|move: Taunt\n|move|p1b: Chien-Pao|Icicle Crash|p2b: Dragapult\n|-activate|p2b: Dragapult|move: Protect\n|\n|-weather|SunnyDay|[upkeep]\n|upkeep\n|turn|2\n|\n|t:|1698740239\n|switch|p2b: Flutter Mane|Flutter Mane|100\/100\n|-activate|p2b: Flutter Mane|ability: Protosynthesis\n|-start|p2b: Flutter Mane|protosynthesisspe\n|move|p1a: Tornadus|Tailwind|p1a: Tornadus\n|-sidestart|p1: Metal Jester|move: Tailwind\n|move|p1b: Chien-Pao|Icicle Crash|p2b: Flutter Mane\n|-damage|p2b: Flutter Mane|24\/100\n|move|p2a: Tornadus|Heat Wave|p1b: Chien-Pao|[spread] p1a,p1b\n|-supereffective|p1b: Chien-Pao\n|-damage|p1a: Tornadus|54\/100\n|-enditem|p1b: Chien-Pao|Focus Sash\n|-damage|p1b: Chien-Pao|1\/100\n|\n|-weather|SunnyDay|[upkeep]\n|upkeep\n|turn|3\n|\n|t:|1698740264\n|move|p2b: Flutter Mane|Protect|p2b: Flutter Mane\n|-singleturn|p2b: Flutter Mane|Protect\n|move|p1b: Chien-Pao|Ice Shard|p2b: Flutter Mane\n|-activate|p2b: Flutter Mane|move: Protect\n|move|p1a: Tornadus|Heat Wave|p2a: Tornadus|[spread] p2a\n|-activate|p2b: Flutter Mane|move: Protect\n|-damage|p2a: Tornadus|50\/100\n|-enditem|p2a: Tornadus|Eject Button\n|inactive|Reuben_Thomas05 has 120 seconds left.\n|inactive|Reuben_Thomas05 has 90 seconds left.\n|\n|t:|1698740319\n|switch|p2a: Scovillain|Scovillain, M|100\/100\n|\n|-weather|SunnyDay|[upkeep]\n|upkeep\n|turn|4\n|\n|t:|1698740332\n|move|p2a: Scovillain|Protect|p2a: Scovillain\n|-singleturn|p2a: Scovillain|Protect\n|move|p1b: Chien-Pao|Ice Shard|p2b: Flutter Mane\n|-damage|p2b: Flutter Mane|0 fnt\n|faint|p2b: Flutter Mane\n|-end|p2b: Flutter Mane|Protosynthesis|[silent]\n|move|p1a: Tornadus|Bleakwind Storm|p2a: Scovillain\n|-activate|p2a: Scovillain|move: Protect\n|\n|-weather|SunnyDay|[upkeep]\n|upkeep\n|\n|t:|1698740338\n|switch|p2b: Dragapult|Dragapult, F|100\/100\n|turn|5\n|inactive|Reuben_Thomas05 has 120 seconds left.\n|\n|t:|1698740370\n|move|p2b: Dragapult|Protect|p2b: Dragapult\n|-singleturn|p2b: Dragapult|Protect\n|move|p1b: Chien-Pao|Icicle Crash|p2b: Dragapult\n|-activate|p2b: Dragapult|move: Protect\n|move|p1a: Tornadus|Bleakwind Storm|p2b: Dragapult|[spread] \n|-activate|p2b: Dragapult|move: Protect\n|-miss|p1a: Tornadus|p2a: Scovillain\n|move|p2a: Scovillain|Energy Ball|p1b: Chien-Pao\n|-damage|p1b: Chien-Pao|0 fnt\n|faint|p1b: Chien-Pao\n|\n|-weather|none\n|-sideend|p1: Metal Jester|move: Tailwind\n|upkeep\n|\n|t:|1698740389\n|switch|p1b: Iron Hands|Iron Hands|100\/100\n|turn|6\n|inactive|Reuben_Thomas05 has 120 seconds left.\n|\n|t:|1698740427\n|switch|p2b: Torkoal|Torkoal, M|100\/100\n|-weather|SunnyDay|[from] ability: Drought|[of] p2b: Torkoal\n|move|p2a: Scovillain|Protect|p2a: Scovillain\n|-singleturn|p2a: Scovillain|Protect\n|move|p1b: Iron Hands|Fake Out|p2a: Scovillain\n|-activate|p2a: Scovillain|move: Protect\n|move|p1a: Tornadus|Tailwind|p1a: Tornadus\n|-sidestart|p1: Metal Jester|move: Tailwind\n|\n|-weather|SunnyDay|[upkeep]\n|upkeep\n|turn|7\n|inactive|Reuben_Thomas05 has 120 seconds left.\n|\n|t:|1698740456\n|switch|p2a: Tornadus|Tornadus, M|50\/100\n|move|p1a: Tornadus|Bleakwind Storm|p2a: Tornadus|[spread] p2b\n|-miss|p1a: Tornadus|p2a: Tornadus\n|-damage|p2b: Torkoal|48\/100\n|-unboost|p2b: Torkoal|spe|1\n|move|p1b: Iron Hands|Close Combat|p2a: Tornadus\n|-resisted|p2a: Tornadus\n|-damage|p2a: Tornadus|0 fnt\n|-unboost|p1b: Iron Hands|def|1\n|-unboost|p1b: Iron Hands|spd|1\n|faint|p2a: Tornadus\n|move|p2b: Torkoal|Heat Wave|p1b: Iron Hands|[spread] p1a,p1b\n|-damage|p1a: Tornadus|0 fnt\n|-damage|p1b: Iron Hands|50\/100\n|faint|p1a: Tornadus\n|\n|-weather|SunnyDay|[upkeep]\n|upkeep\n|inactive|Reuben_Thomas05 has 120 seconds left.\n|inactive|Reuben_Thomas05 has 90 seconds left.\n|\n|t:|1698740508\n|switch|p2a: Lilligant|Lilligant-Hisui, F|100\/100\n|switch|p1a: Flutter Mane|Flutter Mane|100\/100\n|-activate|p1a: Flutter Mane|ability: Protosynthesis\n|-start|p1a: Flutter Mane|protosynthesisspe\n|turn|8\n|\n|t:|1698740515\n|-terastallize|p1a: Flutter Mane|Fairy\n|move|p1a: Flutter Mane|Dazzling Gleam|p2b: Torkoal|[spread] p2a,p2b\n|-supereffective|p2a: Lilligant\n|-resisted|p2b: Torkoal\n|-damage|p2a: Lilligant|0 fnt\n|-damage|p2b: Torkoal|8\/100\n|faint|p2a: Lilligant\n|move|p1b: Iron Hands|Close Combat|p2b: Torkoal\n|-damage|p2b: Torkoal|0 fnt\n|-unboost|p1b: Iron Hands|def|1\n|-unboost|p1b: Iron Hands|spd|1\n|faint|p2b: Torkoal\n|\n|-weather|SunnyDay|[upkeep]\n|upkeep\n|\n|t:|1698740524\n|switch|p2a: Dragapult|Dragapult, F|100\/100\n|switch|p2b: Scovillain|Scovillain, M|100\/100\n|turn|9\n|\n|t:|1698740528\n|move|p2b: Scovillain|Protect|p2b: Scovillain\n|-singleturn|p2b: Scovillain|Protect\n|move|p2a: Dragapult|Protect|p2a: Dragapult\n|-singleturn|p2a: Dragapult|Protect\n|move|p1a: Flutter Mane|Dazzling Gleam|p2b: Scovillain|[spread] \n|-activate|p2a: Dragapult|move: Protect\n|-activate|p2b: Scovillain|move: Protect\n|move|p1b: Iron Hands|Close Combat|p2b: Scovillain\n|-activate|p2b: Scovillain|move: Protect\n|\n|-weather|SunnyDay|[upkeep]\n|-sideend|p1: Metal Jester|move: Tailwind\n|upkeep\n|turn|10\n|\n|t:|1698740543\n|-terastallize|p2a: Dragapult|Ghost\n|move|p1a: Flutter Mane|Dazzling Gleam|p2b: Scovillain|[spread] p2a,p2b\n|-resisted|p2b: Scovillain\n|-damage|p2a: Dragapult|19\/100\n|-damage|p2b: Scovillain|40\/100\n|move|p2b: Scovillain|Spicy Extract|p2a: Dragapult\n|-fail|p2a: Dragapult|unboost|[from] ability: Clear Body|[of] p2a: Dragapult\n|-boost|p2a: Dragapult|atk|2\n|move|p2a: Dragapult|Tera Blast|p1a: Flutter Mane|[anim] Tera Blast Ghost\n|-damage|p1a: Flutter Mane|0 fnt\n|faint|p1a: Flutter Mane\n|-end|p1a: Flutter Mane|Protosynthesis|[silent]\n|move|p1b: Iron Hands|Close Combat|p2b: Scovillain\n|-damage|p2b: Scovillain|0 fnt\n|-unboost|p1b: Iron Hands|def|1\n|-unboost|p1b: Iron Hands|spd|1\n|faint|p2b: Scovillain\n|\n|-weather|none\n|upkeep\n|\n|t:|1698740557\n|switch|p1a: Landorus|Landorus-Therian, M|100\/100\n|-ability|p1a: Landorus|Intimidate|boost\n|-fail|p2a: Dragapult|unboost|[from] ability: Clear Body|[of] p2a: Dragapult\n|turn|11\n|\n|t:|1698740566\n|move|p2a: Dragapult|Dragon Darts|p1b: Iron Hands\n|-damage|p1b: Iron Hands|0 fnt\n|-anim|p2a: Dragapult|Dragon Darts|p1a: Landorus\n|-damage|p1a: Landorus|48\/100\n|faint|p1b: Iron Hands\n|-end|p1b: Iron Hands|Quark Drive|[silent]\n|move|p1a: Landorus|Rock Slide|p2a: Dragapult\n|-damage|p2a: Dragapult|0 fnt\n|faint|p2a: Dragapult\n|-damage|p1a: Landorus|38\/100|[from] item: Life Orb\n|\n|win|Metal Jester\n|raw|Metal Jester's rating: 1293 &rarr; <strong>1314<\/strong><br \/>(+21 for winning)\n|raw|Reuben_Thomas05's rating: 1231 &rarr; <strong>1210<\/strong><br \/>(-21 for losing)\n","uploadtime":1698740571,"views":23,"p1id":"metaljester","p2id":"reubenthomas05","formatid":"gen9doublesou","rating":1210,"private":0,"password":""}