{"id":"gen9doublesou-1998743358","p1":"Sylent knight","p2":"silvaasunto","format":"[Gen 9] Doubles OU","log":"|j|\u2606Sylent knight\n|j|\u2606silvaasunto\n|t:|1700981755\n|gametype|doubles\n|player|p1|Sylent knight|170|1430\n|player|p2|silvaasunto|winona|1338\n|teamsize|p1|6\n|teamsize|p2|6\n|gen|9\n|tier|[Gen 9] Doubles OU\n|rated|\n|rule|Species Clause: Limit one of each Pok\u00e9mon\n|rule|OHKO Clause: OHKO moves are banned\n|rule|Evasion Moves Clause: Evasion moves are banned\n|rule|Gravity Sleep Clause: The combination of sleep-inducing moves with imperfect accuracy and Gravity or Gigantamax Orbeetle are banned\n|rule|Endless Battle Clause: Forcing endless battles is banned\n|rule|HP Percentage Mod: HP is shown in percentages\n|clearpoke\n|poke|p1|Indeedee-F, F|\n|poke|p1|Okidogi, M|\n|poke|p1|Iron Hands|\n|poke|p1|Ceruledge, M|\n|poke|p1|Sinistcha-Masterpiece|\n|poke|p1|Azelf|\n|poke|p2|Chien-Pao|\n|poke|p2|Baxcalibur, F|\n|poke|p2|Froslass, F|\n|poke|p2|Iron Bundle|\n|poke|p2|Abomasnow, F|\n|poke|p2|Ninetales-Alola, F|\n|teampreview\n|inactive|Battle timer is ON: inactive players will automatically lose when time's up. (requested by Sylent knight)\n|inactive|silvaasunto has 120 seconds left.\n|\n|t:|1700981818\n|start\n|switch|p1a: Indeedee|Indeedee-F, F|100\/100\n|switch|p1b: Iron Hands|Iron Hands|100\/100\n|switch|p2a: OBAMAsnow|Abomasnow, F|100\/100\n|switch|p2b: Yuh|Froslass, F|100\/100\n|-fieldstart|move: Psychic Terrain|[from] ability: Psychic Surge|[of] p1a: Indeedee\n|-enditem|p1b: Iron Hands|Psychic Seed\n|-boost|p1b: Iron Hands|spd|1|[from] item: Psychic Seed\n|-weather|Snow|[from] ability: Snow Warning|[of] p2a: OBAMAsnow\n|turn|1\n|l|\u2606silvaasunto\n|inactive|silvaasunto disconnected and has a minute to reconnect!\n|player|p2|\n|inactive|Sylent knight has 120 seconds left.\n|j|\u2606silvaasunto\n|inactive|silvaasunto reconnected.\n|player|p2|silvaasunto|winona\n|\n|t:|1700981868\n|move|p2b: Yuh|Trick|p1b: Iron Hands\n|-activate|p2b: Yuh|move: Trick|[of] p1b: Iron Hands\n|-item|p1b: Iron Hands|Choice Scarf|[from] move: Trick\n|-enditem|p2b: Yuh|Choice Scarf|[silent]|[from] move: Trick\n|move|p1b: Iron Hands|Belly Drum|p1b: Iron Hands\n|-damage|p1b: Iron Hands|51\/100\n|-setboost|p1b: Iron Hands|atk|6|[from] move: Belly Drum\n|move|p2a: OBAMAsnow|Aurora Veil|p2a: OBAMAsnow\n|-sidestart|p2: silvaasunto|move: Aurora Veil\n|move|p1a: Indeedee|Trick Room|p1a: Indeedee\n|-fieldstart|move: Trick Room|[of] p1a: Indeedee\n|\n|-weather|Snow|[upkeep]\n|upkeep\n|turn|2\n|inactive|Sylent knight has 120 seconds left.\n|\n|t:|1700981889\n|-end|p1b: Iron Hands|Quark Drive|[silent]\n|switch|p1b: Okidogi|Okidogi, M|100\/100\n|switch|p2b: Shes EXTRA-libur|Baxcalibur, F|100\/100\n|move|p2a: OBAMAsnow|Blizzard|p1a: Indeedee|[spread] p1a,p1b\n|-damage|p1a: Indeedee|77\/100\n|-damage|p1b: Okidogi|72\/100\n|move|p1a: Indeedee|Heal Pulse|p1b: Okidogi\n|-heal|p1b: Okidogi|100\/100\n|\n|-weather|Snow|[upkeep]\n|upkeep\n|turn|3\n|inactive|Sylent knight has 120 seconds left.\n|\n|t:|1700981907\n|move|p2a: OBAMAsnow|Blizzard|p1a: Indeedee|[spread] p1a,p1b\n|-damage|p1a: Indeedee|50\/100\n|-damage|p1b: Okidogi|74\/100\n|move|p1b: Okidogi|Bulk Up|p1b: Okidogi\n|-boost|p1b: Okidogi|atk|1\n|-boost|p1b: Okidogi|def|1\n|move|p1a: Indeedee|Heal Pulse|p1b: Okidogi\n|-heal|p1b: Okidogi|100\/100\n|move|p2b: Shes EXTRA-libur|Dragon Claw|p1b: Okidogi\n|-damage|p1b: Okidogi|73\/100\n|\n|-weather|Snow|[upkeep]\n|-heal|p1b: Okidogi|79\/100|[from] item: Leftovers\n|upkeep\n|turn|4\n|\n|t:|1700981923\n|move|p2a: OBAMAsnow|Blizzard|p1a: Indeedee|[spread] p1a,p1b\n|-damage|p1a: Indeedee|26\/100\n|-damage|p1b: Okidogi|52\/100\n|move|p1b: Okidogi|Bulk Up|p1b: Okidogi\n|-boost|p1b: Okidogi|atk|1\n|-boost|p1b: Okidogi|def|1\n|move|p1a: Indeedee|Heal Pulse|p1b: Okidogi\n|-heal|p1b: Okidogi|100\/100\n|move|p2b: Shes EXTRA-libur|Dragon Tail|p1b: Okidogi\n|-damage|p1b: Okidogi|86\/100\n|-activate|p1b: Okidogi|ability: Guard Dog\n|\n|-weather|Snow|[upkeep]\n|-heal|p1b: Okidogi|92\/100|[from] item: Leftovers\n|upkeep\n|turn|5\n|c|\u2606silvaasunto|Gag me a bit\n|\n|t:|1700981950\n|move|p2a: OBAMAsnow|Blizzard|p1a: Indeedee|[spread] p1a,p1b\n|-damage|p1a: Indeedee|1\/100\n|-damage|p1b: Okidogi|68\/100\n|-status|p1b: Okidogi|frz\n|cant|p1b: Okidogi|frz\n|move|p1a: Indeedee|Heal Pulse|p1b: Okidogi\n|-heal|p1b: Okidogi|100\/100 frz\n|move|p2b: Shes EXTRA-libur|Icicle Crash|p1b: Okidogi\n|-damage|p1b: Okidogi|80\/100 frz\n|\n|-weather|none\n|-heal|p1b: Okidogi|86\/100 frz|[from] item: Leftovers\n|-fieldend|move: Trick Room\n|-fieldend|move: Psychic Terrain\n|upkeep\n|turn|6\n|\n|t:|1700981961\n|switch|p2b: NineInches|Ninetales-Alola, F|100\/100\n|-weather|Snow|[from] ability: Snow Warning|[of] p2b: NineInches\n|cant|p1b: Okidogi|frz\n|move|p2a: OBAMAsnow|Blizzard|p1a: Indeedee|[spread] p1a,p1b\n|-damage|p1a: Indeedee|0 fnt\n|-damage|p1b: Okidogi|58\/100 frz\n|faint|p1a: Indeedee\n|\n|-weather|Snow|[upkeep]\n|-heal|p1b: Okidogi|64\/100 frz|[from] item: Leftovers\n|upkeep\n|\n|t:|1700981972\n|switch|p1a: Ceruledge|Ceruledge, M|100\/100\n|turn|7\n|\n|t:|1700981978\n|switch|p2a: Shes EXTRA-libur|Baxcalibur, F|100\/100\n|move|p2b: NineInches|Encore|p1b: Okidogi\n|-start|p1b: Okidogi|Encore\n|move|p1a: Ceruledge|Bitter Blade|p2a: Shes EXTRA-libur\n|-damage|p2a: Shes EXTRA-libur|86\/100\n|-ability|p2a: Shes EXTRA-libur|Thermal Exchange|boost\n|-boost|p2a: Shes EXTRA-libur|atk|1\n|-curestatus|p1b: Okidogi|frz|[msg]\n|move|p1b: Okidogi|Bulk Up|p1b: Okidogi\n|-boost|p1b: Okidogi|atk|1\n|-boost|p1b: Okidogi|def|1\n|\n|-weather|Snow|[upkeep]\n|-heal|p1b: Okidogi|70\/100|[from] item: Leftovers\n|upkeep\n|turn|8\n|\n|t:|1700982001\n|move|p2b: NineInches|Hypnosis|p1a: Ceruledge|[miss]\n|-miss|p2b: NineInches|p1a: Ceruledge\n|move|p2a: Shes EXTRA-libur|Swords Dance|p2a: Shes EXTRA-libur\n|-boost|p2a: Shes EXTRA-libur|atk|2\n|move|p1a: Ceruledge|Bitter Blade|p2b: NineInches\n|-supereffective|p2b: NineInches\n|-damage|p2b: NineInches|54\/100\n|move|p1b: Okidogi|Bulk Up|p1b: Okidogi\n|-boost|p1b: Okidogi|atk|1\n|-boost|p1b: Okidogi|def|1\n|\n|-weather|Snow|[upkeep]\n|-heal|p1b: Okidogi|76\/100|[from] item: Leftovers\n|-sideend|p2: silvaasunto|move: Aurora Veil\n|upkeep\n|turn|9\n|\n|t:|1700982015\n|move|p2b: NineInches|Hypnosis|p1a: Ceruledge\n|-status|p1a: Ceruledge|slp|[from] move: Hypnosis\n|move|p2a: Shes EXTRA-libur|Swords Dance|p2a: Shes EXTRA-libur\n|-boost|p2a: Shes EXTRA-libur|atk|2\n|cant|p1a: Ceruledge|slp\n|move|p1b: Okidogi|Bulk Up|p1b: Okidogi\n|-boost|p1b: Okidogi|atk|1\n|-boost|p1b: Okidogi|def|1\n|\n|-weather|Snow|[upkeep]\n|-heal|p1b: Okidogi|82\/100|[from] item: Leftovers\n|-end|p1b: Okidogi|Encore\n|upkeep\n|turn|10\n|\n|t:|1700982025\n|move|p2b: NineInches|Encore|p1b: Okidogi\n|-start|p1b: Okidogi|Encore\n|move|p2a: Shes EXTRA-libur|Dragon Claw|p1a: Ceruledge\n|-damage|p1a: Ceruledge|0 fnt\n|faint|p1a: Ceruledge\n|move|p1b: Okidogi|Bulk Up|p1b: Okidogi\n|-boost|p1b: Okidogi|atk|1\n|-boost|p1b: Okidogi|def|1\n|\n|-weather|none\n|-heal|p1b: Okidogi|88\/100|[from] item: Leftovers\n|upkeep\n|\n|t:|1700982031\n|switch|p1a: Sinistcha|Sinistcha-Masterpiece|100\/100\n|turn|11\n|\n|t:|1700982046\n|move|p2b: NineInches|Moonblast|p1b: Okidogi\n|-damage|p1b: Okidogi|54\/100\n|move|p2a: Shes EXTRA-libur|Icicle Crash|p1a: Sinistcha\n|-supereffective|p1a: Sinistcha\n|-damage|p1a: Sinistcha|0 fnt\n|faint|p1a: Sinistcha\n|move|p1b: Okidogi|Bulk Up|p1b: Okidogi\n|-boost|p1b: Okidogi|atk|0\n|-boost|p1b: Okidogi|def|0\n|\n|-heal|p1b: Okidogi|60\/100|[from] item: Leftovers\n|upkeep\n|\n|t:|1700982054\n|switch|p1a: Azelf|Azelf|100\/100\n|turn|12\n|\n|t:|1700982066\n|-terastallize|p1a: Azelf|Psychic\n|move|p2b: NineInches|Moonblast|p1b: Okidogi\n|-damage|p1b: Okidogi|24\/100\n|move|p1a: Azelf|Expanding Force|p2b: NineInches\n|-damage|p2b: NineInches|3\/100\n|-enditem|p2b: NineInches|Sitrus Berry|[eat]\n|-heal|p2b: NineInches|28\/100|[from] item: Sitrus Berry\n|move|p2a: Shes EXTRA-libur|Dragon Claw|p1a: Azelf\n|-damage|p1a: Azelf|0 fnt\n|faint|p1a: Azelf\n|move|p1b: Okidogi|Bulk Up|p1b: Okidogi\n|-boost|p1b: Okidogi|atk|0\n|-boost|p1b: Okidogi|def|0\n|\n|-heal|p1b: Okidogi|30\/100|[from] item: Leftovers\n|-end|p1b: Okidogi|Encore\n|upkeep\n|\n|t:|1700982080\n|switch|p1a: Iron Hands|Iron Hands|51\/100\n|turn|13\n|-message|Sylent knight forfeited.\n|\n|win|silvaasunto\n|raw|Sylent knight's rating: 1423 &rarr; <strong>1399<\/strong><br \/>(-24 for losing)\n|raw|silvaasunto's rating: 1352 &rarr; <strong>1376<\/strong><br \/>(+24 for winning)\n|l|\u2606Sylent knight\n","uploadtime":1700982099,"views":11,"p1id":"sylentknight","p2id":"silvaasunto","formatid":"gen9doublesou","rating":1376,"private":0,"password":""}