{"id":"gen9doublesou-1997558071","p1":"FSLYSOKOLY","p2":"Guest 2814748","format":"[Gen 9] Doubles OU","log":"|j|\u2606FSLYSOKOLY\n|j|\u203dGuest 2814748\n|t:|1700825225\n|gametype|doubles\n|player|p1|FSLYSOKOLY|dawn|1000\n|player|p2|Guest 2814748|chuck|1000\n|teamsize|p1|6\n|teamsize|p2|6\n|gen|9\n|tier|[Gen 9] Doubles OU\n|rated|\n|rule|Species Clause: Limit one of each Pok\u00e9mon\n|rule|OHKO Clause: OHKO moves are banned\n|rule|Evasion Moves Clause: Evasion moves are banned\n|rule|Gravity Sleep Clause: The combination of sleep-inducing moves with imperfect accuracy and Gravity or Gigantamax Orbeetle are banned\n|rule|Endless Battle Clause: Forcing endless battles is banned\n|rule|HP Percentage Mod: HP is shown in percentages\n|clearpoke\n|poke|p1|Chandelure, F|\n|poke|p1|Roaring Moon|\n|poke|p1|Tornadus, M|\n|poke|p1|Iron Bundle|\n|poke|p1|Iron Hands|\n|poke|p1|Cresselia, F|\n|poke|p2|Azumarill, F|\n|poke|p2|Flamigo, M|\n|poke|p2|Oricorio-Sensu, F|\n|poke|p2|Lilligant-Hisui, F|\n|poke|p2|Dondozo, M|\n|poke|p2|Muk-Alola, F|\n|teampreview\n|\n|t:|1700825249\n|start\n|switch|p1a: Iron Hands|Iron Hands|100\/100\n|switch|p1b: Roaring Moon|Roaring Moon|100\/100\n|switch|p2a: Lilligant|Lilligant-Hisui, F|100\/100\n|switch|p2b: Oricorio|Oricorio-Sensu, F|100\/100\n|-enditem|p1b: Roaring Moon|Booster Energy\n|-activate|p1b: Roaring Moon|ability: Protosynthesis|[fromitem]\n|-start|p1b: Roaring Moon|protosynthesisspe\n|turn|1\n|\n|t:|1700825262\n|-terastallize|p1b: Roaring Moon|Fire\n|move|p2b: Oricorio|Protect|p2b: Oricorio\n|-singleturn|p2b: Oricorio|Protect\n|move|p1a: Iron Hands|Fake Out|p2b: Oricorio\n|-activate|p2b: Oricorio|move: Protect\n|move|p1b: Roaring Moon|Knock Off|p2b: Oricorio\n|-activate|p2b: Oricorio|move: Protect\n|move|p2a: Lilligant|Victory Dance|p2a: Lilligant\n|-boost|p2a: Lilligant|atk|1\n|-boost|p2a: Lilligant|def|1\n|-boost|p2a: Lilligant|spe|1\n|-activate|p2b: Oricorio|ability: Dancer\n|move|p2b: Oricorio|Victory Dance|p2b: Oricorio|[from]ability: Dancer\n|-boost|p2b: Oricorio|atk|1\n|-boost|p2b: Oricorio|def|1\n|-boost|p2b: Oricorio|spe|1\n|\n|upkeep\n|turn|2\n|\n|t:|1700825289\n|move|p1b: Roaring Moon|Fire Fang|p2a: Lilligant\n|-supereffective|p2a: Lilligant\n|-damage|p2a: Lilligant|34\/100\n|move|p2a: Lilligant|Victory Dance|p2a: Lilligant\n|-boost|p2a: Lilligant|atk|1\n|-boost|p2a: Lilligant|def|1\n|-boost|p2a: Lilligant|spe|1\n|-activate|p2b: Oricorio|ability: Dancer\n|move|p2b: Oricorio|Victory Dance|p2b: Oricorio|[from]ability: Dancer\n|-boost|p2b: Oricorio|atk|1\n|-boost|p2b: Oricorio|def|1\n|-boost|p2b: Oricorio|spe|1\n|move|p2b: Oricorio|Substitute|p2b: Oricorio\n|-start|p2b: Oricorio|Substitute\n|-damage|p2b: Oricorio|76\/100\n|move|p1a: Iron Hands|Heavy Slam|p2b: Oricorio\n|-end|p2b: Oricorio|Substitute\n|\n|upkeep\n|turn|3\n|\n|t:|1700825332\n|move|p2a: Lilligant|Close Combat|p1b: Roaring Moon\n|-crit|p1b: Roaring Moon\n|-damage|p1b: Roaring Moon|0 fnt\n|-unboost|p2a: Lilligant|def|1\n|-unboost|p2a: Lilligant|spd|1\n|faint|p1b: Roaring Moon\n|-end|p1b: Roaring Moon|Protosynthesis|[silent]\n|move|p2b: Oricorio|Baton Pass|p2b: Oricorio\n|\n|t:|1700825351\n|switch|p2b: Azumarill|Azumarill, F|100\/100|[from] Baton Pass\n|move|p1a: Iron Hands|Wild Charge|p2b: Azumarill\n|-supereffective|p2b: Azumarill\n|-damage|p2b: Azumarill|53\/100\n|-damage|p1a: Iron Hands|92\/100|[from] Recoil\n|\n|upkeep\n|\n|t:|1700825372\n|switch|p1b: Cresselia|Cresselia, F|100\/100\n|turn|4\n|\n|t:|1700825400\n|move|p2a: Lilligant|Sleep Powder|p1b: Cresselia\n|-status|p1b: Cresselia|slp|[from] move: Sleep Powder\n|move|p2b: Azumarill|Liquidation|p1a: Iron Hands\n|-damage|p1a: Iron Hands|1\/100\n|move|p1a: Iron Hands|Wild Charge|p2b: Azumarill\n|-supereffective|p2b: Azumarill\n|-damage|p2b: Azumarill|0 fnt\n|faint|p2b: Azumarill\n|-damage|p1a: Iron Hands|0 fnt|[from] Recoil\n|faint|p1a: Iron Hands\n|-end|p1a: Iron Hands|Quark Drive|[silent]\n|cant|p1b: Cresselia|slp\n|\n|upkeep\n|\n|t:|1700825420\n|switch|p2b: Flamigo|Flamigo, M|100\/100\n|switch|p1a: Chandelure|Chandelure, F, shiny|100\/100\n|-copyboost|p2b: Flamigo|p2a: Lilligant|[from] ability: Costar\n|turn|5\n|-message|FSLYSOKOLY forfeited.\n|\n|win|Guest 2814748\n|raw|FSLYSOKOLY's rating: 1000 &rarr; <strong>1000<\/strong><br \/>(+0 for losing)\n|raw|Guest 2814748's rating: 1000 &rarr; <strong>1040<\/strong><br \/>(+40 for winning)\n|l|\u2606FSLYSOKOLY\n","uploadtime":1700825432,"views":6,"p1id":"fslysokoly","p2id":"guest2814748","formatid":"gen9doublesou","rating":1000,"private":0,"password":""}