{"id":"gen9doublesou-1987575728","p1":"TakeshiKero","p2":"pira.xe","format":"[Gen 9] Doubles OU","log":"|j|\u2606TakeshiKero\n|j|\u2606pira.xe\n|t:|1699614444\n|gametype|doubles\n|player|p1|TakeshiKero|169|1188\n|player|p2|pira.xe|2|1229\n|teamsize|p1|6\n|teamsize|p2|6\n|gen|9\n|tier|[Gen 9] Doubles OU\n|rated|\n|rule|Species Clause: Limit one of each Pok\u00e9mon\n|rule|OHKO Clause: OHKO moves are banned\n|rule|Evasion Moves Clause: Evasion moves are banned\n|rule|Gravity Sleep Clause: The combination of sleep-inducing moves with imperfect accuracy and Gravity or Gigantamax Orbeetle are banned\n|rule|Endless Battle Clause: Forcing endless battles is banned\n|rule|HP Percentage Mod: HP is shown in percentages\n|clearpoke\n|poke|p1|Indeedee-F, F|\n|poke|p1|Grimmsnarl, M|\n|poke|p1|Iron Hands|\n|poke|p1|Glimmora, F|\n|poke|p1|Baxcalibur, M|\n|poke|p1|Arboliva, F|\n|poke|p2|Sinistcha-Masterpiece|\n|poke|p2|Ogerpon-Hearthflame, F|\n|poke|p2|Milotic, F|\n|poke|p2|Roaring Moon|\n|poke|p2|Landorus-Therian, M|\n|poke|p2|Iron Hands|\n|teampreview\n|inactive|Battle timer is ON: inactive players will automatically lose when time's up. (requested by pira.xe)\n|inactive|TakeshiKero has 120 seconds left.\n|\n|t:|1699614475\n|start\n|switch|p1a: Iron Hands|Iron Hands|100\/100\n|switch|p1b: Glimmora|Glimmora, F|100\/100\n|switch|p2a: Roaring Moon|Roaring Moon|100\/100\n|switch|p2b: Iron Hands|Iron Hands|100\/100\n|-item|p1b: Glimmora|Air Balloon\n|-item|p2b: Iron Hands|Air Balloon\n|-enditem|p2a: Roaring Moon|Booster Energy\n|-activate|p2a: Roaring Moon|ability: Protosynthesis|[fromitem]\n|-start|p2a: Roaring Moon|protosynthesisatk\n|turn|1\n|\n|t:|1699614496\n|move|p2b: Iron Hands|Fake Out|p1b: Glimmora\n|-resisted|p1b: Glimmora\n|-damage|p1b: Glimmora|93\/100\n|-activate|p1b: Glimmora|ability: Toxic Debris\n|-sidestart|p2: pira.xe|move: Toxic Spikes\n|-enditem|p1b: Glimmora|Air Balloon\n|move|p2a: Roaring Moon|Stomping Tantrum|p1b: Glimmora\n|-supereffective|p1b: Glimmora\n|-damage|p1b: Glimmora|0 fnt\n|-activate|p1b: Glimmora|ability: Toxic Debris\n|-sidestart|p2: pira.xe|move: Toxic Spikes\n|faint|p1b: Glimmora\n|move|p1a: Iron Hands|Drain Punch|p2a: Roaring Moon\n|-supereffective|p2a: Roaring Moon\n|-damage|p2a: Roaring Moon|0 fnt\n|faint|p2a: Roaring Moon\n|-end|p2a: Roaring Moon|Protosynthesis|[silent]\n|\n|upkeep\n|\n|t:|1699614516\n|switch|p2a: Landorus|Landorus-Therian, M|100\/100\n|switch|p1b: Arboliva|Arboliva, F|100\/100\n|-ability|p2a: Landorus|Intimidate|boost\n|-unboost|p1a: Iron Hands|atk|1\n|-unboost|p1b: Arboliva|atk|1\n|turn|2\n|\n|t:|1699614532\n|-end|p2b: Iron Hands|Quark Drive|[silent]\n|switch|p2b: Ogerpon|Ogerpon-Hearthflame, F|100\/100\n|-status|p2b: Ogerpon|tox\n|-ability|p2b: Ogerpon|Mold Breaker\n|move|p2a: Landorus|Earthquake|p1a: Iron Hands|[spread] p2b,p1a,p1b\n|-supereffective|p1a: Iron Hands\n|-resisted|p1b: Arboliva\n|-damage|p2b: Ogerpon|32\/100 tox\n|-damage|p1a: Iron Hands|31\/100\n|-damage|p1b: Arboliva|74\/100\n|move|p1a: Iron Hands|Ice Punch|p2a: Landorus\n|-supereffective|p2a: Landorus\n|-damage|p2a: Landorus|10\/100\n|move|p1b: Arboliva|Earth Power|p2b: Ogerpon\n|-damage|p2b: Ogerpon|0 fnt\n|faint|p2b: Ogerpon\n|\n|upkeep\n|\n|t:|1699614542\n|switch|p2b: Sinistcha|Sinistcha-Masterpiece|100\/100\n|-status|p2b: Sinistcha|tox\n|-heal|p2a: Landorus|35\/100|[from] ability: Hospitality|[of] p2b: Sinistcha\n|turn|3\n|inactive|TakeshiKero has 120 seconds left.\n|\n|t:|1699614574\n|move|p2a: Landorus|Earthquake|p1b: Arboliva|[spread] p2b,p1a,p1b\n|-resisted|p2b: Sinistcha\n|-supereffective|p1a: Iron Hands\n|-resisted|p1b: Arboliva\n|-damage|p2b: Sinistcha|79\/100 tox\n|-damage|p1a: Iron Hands|0 fnt\n|-damage|p1b: Arboliva|52\/100\n|faint|p1a: Iron Hands\n|-end|p1a: Iron Hands|Quark Drive|[silent]\n|move|p2b: Sinistcha|Matcha Gotcha|p1b: Arboliva\n|-resisted|p1b: Arboliva\n|-damage|p1b: Arboliva|35\/100\n|-heal|p2b: Sinistcha|88\/100 tox|[from] drain|[of] p1b: Arboliva\n|-enditem|p1b: Arboliva|Sitrus Berry|[eat]\n|-heal|p1b: Arboliva|60\/100|[from] item: Sitrus Berry\n|move|p1b: Arboliva|Pollen Puff|p2b: Sinistcha\n|-damage|p2b: Sinistcha|57\/100 tox\n|\n|-heal|p2b: Sinistcha|63\/100 tox|[from] item: Leftovers\n|-damage|p2b: Sinistcha|57\/100 tox|[from] psn\n|upkeep\n|inactive|TakeshiKero has 120 seconds left.\n|\n|t:|1699614585\n|switch|p1a: Baxcalibur|Baxcalibur, M|100\/100\n|turn|4\n|\n|t:|1699614593\n|move|p2a: Landorus|Rock Slide|p1a: Baxcalibur|[spread] p1a,p1b\n|-supereffective|p1a: Baxcalibur\n|-damage|p1a: Baxcalibur|63\/100\n|-damage|p1b: Arboliva|40\/100\n|cant|p1a: Baxcalibur|flinch\n|move|p2b: Sinistcha|Strength Sap|p1a: Baxcalibur\n|-unboost|p1a: Baxcalibur|atk|1\n|-heal|p2b: Sinistcha|100\/100 tox\n|move|p1b: Arboliva|Strength Sap|p2a: Landorus\n|-unboost|p2a: Landorus|atk|1\n|-heal|p1b: Arboliva|100\/100\n|\n|-damage|p2b: Sinistcha|88\/100 tox|[from] psn\n|upkeep\n|turn|5\n|\n|t:|1699614617\n|switch|p2a: Iron Hands|Iron Hands|100\/100\n|-item|p2a: Iron Hands|Air Balloon\n|-terastallize|p2b: Sinistcha|Water\n|move|p1a: Baxcalibur|Icicle Spear|p2b: Sinistcha\n|-resisted|p2b: Sinistcha\n|-damage|p2b: Sinistcha|84\/100 tox\n|-resisted|p2b: Sinistcha\n|-damage|p2b: Sinistcha|79\/100 tox\n|-resisted|p2b: Sinistcha\n|-damage|p2b: Sinistcha|75\/100 tox\n|-resisted|p2b: Sinistcha\n|-damage|p2b: Sinistcha|70\/100 tox\n|-hitcount|p2b: Sinistcha|4\n|move|p2b: Sinistcha|Strength Sap|p1a: Baxcalibur\n|-unboost|p1a: Baxcalibur|atk|1\n|-heal|p2b: Sinistcha|100\/100 tox\n|move|p1b: Arboliva|Pollen Puff|p2a: Iron Hands\n|-resisted|p2a: Iron Hands\n|-damage|p2a: Iron Hands|88\/100\n|-enditem|p2a: Iron Hands|Air Balloon\n|\n|-damage|p2b: Sinistcha|82\/100 tox|[from] psn\n|-item|p1b: Arboliva|Sitrus Berry|[from] ability: Harvest\n|upkeep\n|turn|6\n|\n|t:|1699614639\n|switch|p1a: Grimmsnarl|Grimmsnarl, M|100\/100\n|move|p2b: Sinistcha|Matcha Gotcha|p1b: Arboliva|[spread] p1a,p1b\n|-resisted|p1b: Arboliva\n|-damage|p1a: Grimmsnarl|71\/100\n|-heal|p2b: Sinistcha|100\/100 tox|[from] drain|[of] p1a: Grimmsnarl\n|-damage|p1b: Arboliva|90\/100\n|move|p2a: Iron Hands|Drain Punch|p1a: Grimmsnarl\n|-damage|p1a: Grimmsnarl|20\/100\n|-heal|p2a: Iron Hands|100\/100|[from] drain|[of] p1a: Grimmsnarl\n|move|p1b: Arboliva|Giga Drain|p2b: Sinistcha\n|-supereffective|p2b: Sinistcha\n|-damage|p2b: Sinistcha|13\/100 tox\n|-heal|p1b: Arboliva|100\/100|[from] drain|[of] p2b: Sinistcha\n|\n|-heal|p2b: Sinistcha|19\/100 tox|[from] item: Leftovers\n|-damage|p2b: Sinistcha|0 fnt|[from] psn\n|faint|p2b: Sinistcha\n|upkeep\n|\n|t:|1699614654\n|switch|p2b: Landorus|Landorus-Therian, M|35\/100\n|-ability|p2b: Landorus|Intimidate|boost\n|-unboost|p1a: Grimmsnarl|atk|1\n|-unboost|p1b: Arboliva|atk|1\n|turn|7\n|\n|t:|1699614666\n|move|p1a: Grimmsnarl|Reflect|p1a: Grimmsnarl\n|-sidestart|p1: TakeshiKero|Reflect\n|move|p2b: Landorus|U-turn|p1b: Arboliva\n|-supereffective|p1b: Arboliva\n|-damage|p1b: Arboliva|65\/100\n|\n|t:|1699614670\n|switch|p2b: Milotic|Milotic, F|100\/100|[from] U-turn\n|-status|p2b: Milotic|tox\n|move|p2a: Iron Hands|Heavy Slam|p1a: Grimmsnarl\n|-supereffective|p1a: Grimmsnarl\n|-damage|p1a: Grimmsnarl|0 fnt\n|faint|p1a: Grimmsnarl\n|move|p1b: Arboliva|Earth Power|p2a: Iron Hands\n|-supereffective|p2a: Iron Hands\n|-damage|p2a: Iron Hands|46\/100\n|\n|-damage|p2b: Milotic|95\/100 tox|[from] psn\n|upkeep\n|\n|t:|1699614682\n|switch|p1a: Indeedee|Indeedee-F, F|100\/100\n|turn|8\n|\n|t:|1699614697\n|move|p2b: Milotic|Ice Beam|p1b: Arboliva\n|-supereffective|p1b: Arboliva\n|-damage|p1b: Arboliva|25\/100\n|-enditem|p1b: Arboliva|Sitrus Berry|[eat]\n|-heal|p1b: Arboliva|50\/100|[from] item: Sitrus Berry\n|move|p1a: Indeedee|Psychic|p2a: Iron Hands\n|-supereffective|p2a: Iron Hands\n|-damage|p2a: Iron Hands|0 fnt\n|faint|p2a: Iron Hands\n|-end|p2a: Iron Hands|Quark Drive|[silent]\n|move|p1b: Arboliva|Giga Drain|p2b: Milotic\n|-supereffective|p2b: Milotic\n|-damage|p2b: Milotic|43\/100 tox\n|-heal|p1b: Arboliva|75\/100|[from] drain|[of] p2b: Milotic\n|\n|-damage|p2b: Milotic|31\/100 tox|[from] psn\n|-item|p1b: Arboliva|Sitrus Berry|[from] ability: Harvest\n|upkeep\n|\n|t:|1699614702\n|switch|p2a: Landorus|Landorus-Therian, M|35\/100\n|-ability|p2a: Landorus|Intimidate|boost\n|-unboost|p1a: Indeedee|atk|1\n|-unboost|p1b: Arboliva|atk|1\n|turn|9\n|inactive|TakeshiKero has 120 seconds left.\n|\n|t:|1699614732\n|move|p2a: Landorus|U-turn|p1b: Arboliva\n|-supereffective|p1b: Arboliva\n|-damage|p1b: Arboliva|41\/100\n|-enditem|p1b: Arboliva|Sitrus Berry|[eat]\n|-heal|p1b: Arboliva|66\/100|[from] item: Sitrus Berry\n|move|p2b: Milotic|Ice Beam|p1b: Arboliva\n|-supereffective|p1b: Arboliva\n|-damage|p1b: Arboliva|24\/100\n|move|p1a: Indeedee|Psychic|p2a: Landorus\n|-damage|p2a: Landorus|0 fnt\n|faint|p2a: Landorus\n|move|p1b: Arboliva|Giga Drain|p2b: Milotic\n|-supereffective|p2b: Milotic\n|-crit|p2b: Milotic\n|-damage|p2b: Milotic|0 fnt\n|-heal|p1b: Arboliva|38\/100|[from] drain|[of] p2b: Milotic\n|faint|p2b: Milotic\n|\n|win|TakeshiKero\n|raw|TakeshiKero's rating: 1188 &rarr; <strong>1216<\/strong><br \/>(+28 for winning)\n|raw|pira.xe's rating: 1229 &rarr; <strong>1201<\/strong><br \/>(-28 for losing)\n|c|\u2606TakeshiKero|gg\n|c|\u2606pira.xe|rematch\n|c|\u2606pira.xe|?\n|l|\u2606pira.xe\n|c|\u2606TakeshiKero|yeah sure\n","uploadtime":1699614767,"views":9,"p1id":"takeshikero","p2id":"piraxe","formatid":"gen9doublesou","rating":1201,"private":0,"password":""}