{"id":"gen9doublesou-1996408191","p1":"GBarmada","p2":"mikeyuwu","format":"[Gen 9] Doubles OU","log":"|j|\u2606GBarmada\n|j|\u2606mikeyuwu\n|t:|1700679157\n|gametype|doubles\n|player|p1|GBarmada|nate|1367\n|player|p2|mikeyuwu|psychic-gen4|1369\n|teamsize|p1|6\n|teamsize|p2|6\n|gen|9\n|tier|[Gen 9] Doubles OU\n|rated|\n|rule|Species Clause: Limit one of each Pok\u00e9mon\n|rule|OHKO Clause: OHKO moves are banned\n|rule|Evasion Moves Clause: Evasion moves are banned\n|rule|Gravity Sleep Clause: The combination of sleep-inducing moves with imperfect accuracy and Gravity or Gigantamax Orbeetle are banned\n|rule|Endless Battle Clause: Forcing endless battles is banned\n|rule|HP Percentage Mod: HP is shown in percentages\n|clearpoke\n|poke|p1|Flutter Mane|\n|poke|p1|Landorus-Therian, M|\n|poke|p1|Roaring Moon|\n|poke|p1|Sinistcha-Masterpiece|\n|poke|p1|Torkoal, F|\n|poke|p1|Tornadus, M|\n|poke|p2|Garchomp, M|\n|poke|p2|Tyranitar, F|\n|poke|p2|Vaporeon, F|\n|poke|p2|Toxicroak, M|\n|poke|p2|Pelipper, F|\n|poke|p2|Abomasnow, M|\n|teampreview\n|c|\u2606GBarmada|GLHF\n|c|\u2606GBarmada|That's a lot of weather setters\n|\n|t:|1700679196\n|start\n|switch|p1a: Flutter Mane|Flutter Mane|100\/100\n|switch|p1b: Tornadus|Tornadus, M|100\/100\n|switch|p2a: OTLHPM|Toxicroak, M|100\/100\n|switch|p2b: Cold Shoulder|Abomasnow, M, shiny|100\/100\n|-weather|Snow|[from] ability: Snow Warning|[of] p2b: Cold Shoulder\n|turn|1\n|\n|t:|1700679233\n|-end|p1a: Flutter Mane|Protosynthesis|[silent]\n|switch|p1a: Landorus|Landorus-Therian, M|100\/100\n|-ability|p1a: Landorus|Intimidate|boost\n|-unboost|p2a: OTLHPM|atk|1\n|-unboost|p2b: Cold Shoulder|atk|1\n|switch|p1b: Torkoal|Torkoal, F|100\/100\n|-weather|SunnyDay|[from] ability: Drought|[of] p1b: Torkoal\n|switch|p2b: ThcrThnSnkr|Tyranitar, F|100\/100\n|-weather|Sandstorm|[from] ability: Sand Stream|[of] p2b: ThcrThnSnkr\n|move|p2a: OTLHPM|Poison Jab|p1a: Landorus\n|-resisted|p1a: Landorus\n|-damage|p1a: Landorus|84\/100\n|-status|p1a: Landorus|psn\n|\n|-weather|Sandstorm|[upkeep]\n|-damage|p2a: OTLHPM|94\/100|[from] Sandstorm\n|-damage|p1b: Torkoal|94\/100|[from] Sandstorm\n|-heal|p2a: OTLHPM|100\/100|[from] item: Black Sludge\n|-damage|p1a: Landorus|72\/100 psn|[from] psn\n|upkeep\n|turn|2\n|\n|t:|1700679278\n|switch|p2a: Weather War|Pelipper, F|100\/100\n|-weather|RainDance|[from] ability: Drizzle|[of] p2a: Weather War\n|switch|p2b: Harmacy|Vaporeon, F|100\/100\n|-terastallize|p1b: Torkoal|Grass\n|move|p1a: Landorus|Stomping Tantrum|p2a: Weather War\n|-immune|p2a: Weather War\n|move|p1b: Torkoal|Will-O-Wisp|p2b: Harmacy\n|-status|p2b: Harmacy|brn\n|\n|-weather|RainDance|[upkeep]\n|-activate|p2b: Harmacy|ability: Hydration\n|-curestatus|p2b: Harmacy|brn|[msg]\n|-damage|p1a: Landorus|59\/100 psn|[from] psn\n|upkeep\n|turn|3\n|\n|t:|1700679298\n|switch|p1a: Tornadus|Tornadus, M|100\/100\n|move|p1b: Torkoal|Protect|p1b: Torkoal\n|-singleturn|p1b: Torkoal|Protect\n|move|p2a: Weather War|Hurricane|p1b: Torkoal\n|-activate|p1b: Torkoal|move: Protect\n|move|p2b: Harmacy|Copycat|p2b: Harmacy\n|move|p2b: Harmacy|Hurricane|p1b: Torkoal|[from]move: Copycat\n|-activate|p1b: Torkoal|move: Protect\n|\n|-weather|RainDance|[upkeep]\n|upkeep\n|turn|4\n|\n|t:|1700679316\n|switch|p2a: ThcrThnSnkr|Tyranitar, F|100\/100\n|-weather|Sandstorm|[from] ability: Sand Stream|[of] p2a: ThcrThnSnkr\n|move|p1a: Tornadus|Sunny Day|p1a: Tornadus\n|-weather|SunnyDay\n|move|p2b: Harmacy|Icy Wind|p1b: Torkoal|[spread] p1a,p1b\n|-supereffective|p1a: Tornadus\n|-supereffective|p1b: Torkoal\n|-damage|p1a: Tornadus|79\/100\n|-damage|p1b: Torkoal|70\/100\n|-unboost|p1b: Torkoal|spe|1\n|move|p1b: Torkoal|Solar Beam||[still]\n|-prepare|p1b: Torkoal|Solar Beam\n|-anim|p1b: Torkoal|Solar Beam|p2b: Harmacy\n|-supereffective|p2b: Harmacy\n|-damage|p2b: Harmacy|25\/100\n|\n|-weather|SunnyDay|[upkeep]\n|-heal|p2b: Harmacy|31\/100|[from] item: Leftovers\n|upkeep\n|turn|5\n|\n|t:|1700679365\n|switch|p1b: Sinistcha|Sinistcha-Masterpiece|100\/100\n|-heal|p1a: Tornadus|100\/100|[from] ability: Hospitality|[of] p1b: Sinistcha\n|move|p1a: Tornadus|Bleakwind Storm|p2a: ThcrThnSnkr|[spread] \n|-miss|p1a: Tornadus|p2a: ThcrThnSnkr\n|-miss|p1a: Tornadus|p2b: Harmacy\n|move|p2a: ThcrThnSnkr|Rock Slide|p1a: Tornadus|[spread] p1a,p1b\n|-supereffective|p1a: Tornadus\n|-damage|p1a: Tornadus|55\/100\n|-damage|p1b: Sinistcha|82\/100\n|move|p2b: Harmacy|Weather Ball|p1b: Sinistcha\n|-supereffective|p1b: Sinistcha\n|-damage|p1b: Sinistcha|0 fnt\n|faint|p1b: Sinistcha\n|\n|-weather|SunnyDay|[upkeep]\n|-heal|p2b: Harmacy|37\/100|[from] item: Leftovers\n|upkeep\n|c|\u2606mikeyuwu|Thats why\n|c|\u2606GBarmada|It's getting in my head. It's a nice team.\n|c|\u2606mikeyuwu|Thanks!\n|\n|t:|1700679431\n|switch|p1b: Flutter Mane|Flutter Mane|100\/100\n|-activate|p1b: Flutter Mane|ability: Protosynthesis\n|-start|p1b: Flutter Mane|protosynthesisspe\n|turn|6\n|\n|t:|1700679441\n|switch|p2a: Weather War|Pelipper, F|100\/100\n|-weather|RainDance|[from] ability: Drizzle|[of] p2a: Weather War\n|-end|p1b: Flutter Mane|Protosynthesis\n|switch|p2b: OTLHPM|Toxicroak, M|100\/100\n|move|p1a: Tornadus|Tailwind|p1a: Tornadus\n|-sidestart|p1: GBarmada|move: Tailwind\n|move|p1b: Flutter Mane|Dazzling Gleam|p2a: Weather War|[spread] p2a,p2b\n|-damage|p2a: Weather War|29\/100\n|-damage|p2b: OTLHPM|45\/100\n|\n|-weather|RainDance|[upkeep]\n|-heal|p2b: OTLHPM|57\/100|[from] ability: Dry Skin\n|-heal|p2b: OTLHPM|64\/100|[from] item: Black Sludge\n|upkeep\n|turn|7\n|\n|t:|1700679470\n|-end|p1b: Flutter Mane|Protosynthesis|[silent]\n|switch|p1b: Landorus|Landorus-Therian, M|59\/100 psn\n|-ability|p1b: Landorus|Intimidate|boost\n|-unboost|p2a: Weather War|atk|1\n|-unboost|p2b: OTLHPM|atk|1\n|switch|p2a: ThcrThnSnkr|Tyranitar, F|100\/100\n|-weather|Sandstorm|[from] ability: Sand Stream|[of] p2a: ThcrThnSnkr\n|move|p1a: Tornadus|Bleakwind Storm|p2a: ThcrThnSnkr|[spread] p2a,p2b\n|-resisted|p2a: ThcrThnSnkr\n|-supereffective|p2b: OTLHPM\n|-damage|p2a: ThcrThnSnkr|96\/100\n|-damage|p2b: OTLHPM|0 fnt\n|-unboost|p2a: ThcrThnSnkr|spe|1\n|faint|p2b: OTLHPM\n|\n|-weather|Sandstorm|[upkeep]\n|-damage|p1a: Tornadus|49\/100|[from] Sandstorm\n|-damage|p1b: Landorus|47\/100 psn|[from] psn\n|upkeep\n|\n|t:|1700679481\n|switch|p2b: Cold Shoulder|Abomasnow, M, shiny|100\/100\n|-weather|Snow|[from] ability: Snow Warning|[of] p2b: Cold Shoulder\n|turn|8\n|inactive|Battle timer is ON: inactive players will automatically lose when time's up. (requested by mikeyuwu)\n|\n|t:|1700679536\n|switch|p2a: Extra Spicy|Garchomp, M|100\/100\n|move|p1b: Landorus|Rock Slide|p2b: Cold Shoulder|[spread] p2a,p2b\n|-resisted|p2a: Extra Spicy\n|-supereffective|p2b: Cold Shoulder\n|-damage|p2a: Extra Spicy|93\/100\n|-damage|p2b: Cold Shoulder|75\/100\n|move|p1a: Tornadus|Bleakwind Storm|p2a: Extra Spicy|[spread] p2a,p2b\n|-supereffective|p2b: Cold Shoulder\n|-damage|p2a: Extra Spicy|66\/100\n|-damage|p2b: Cold Shoulder|11\/100\n|move|p2b: Cold Shoulder|Blizzard|p1b: Landorus|[spread] p1a,p1b\n|-supereffective|p1a: Tornadus\n|-supereffective|p1b: Landorus\n|-damage|p1a: Tornadus|0 fnt\n|-damage|p1b: Landorus|0 fnt\n|faint|p1a: Tornadus\n|faint|p1b: Landorus\n|\n|-weather|Snow|[upkeep]\n|upkeep\n|\n|t:|1700679557\n|switch|p1b: Flutter Mane|Flutter Mane|100\/100\n|switch|p1a: Roaring Moon|Roaring Moon|100\/100\n|turn|9\n|\n|t:|1700679569\n|-terastallize|p2a: Extra Spicy|Steel\n|move|p1b: Flutter Mane|Dazzling Gleam|p2a: Extra Spicy|[spread] p2a,p2b\n|-resisted|p2a: Extra Spicy\n|-damage|p2a: Extra Spicy|44\/100\n|-damage|p2b: Cold Shoulder|0 fnt\n|faint|p2b: Cold Shoulder\n|move|p1a: Roaring Moon|Dragon Dance|p1a: Roaring Moon\n|-boost|p1a: Roaring Moon|atk|1\n|-boost|p1a: Roaring Moon|spe|1\n|move|p2a: Extra Spicy|Poison Jab|p1b: Flutter Mane\n|-crit|p1b: Flutter Mane\n|-damage|p1b: Flutter Mane|21\/100\n|-status|p1b: Flutter Mane|psn\n|\n|-weather|Snow|[upkeep]\n|-damage|p1b: Flutter Mane|8\/100 psn|[from] psn\n|-sideend|p1: GBarmada|move: Tailwind\n|upkeep\n|\n|t:|1700679577\n|switch|p2b: Harmacy|Vaporeon, F|37\/100\n|turn|10\n|c|\u2606GBarmada|That was a rough crit\n|inactive|GBarmada has 120 seconds left.\n|c|\u2606GBarmada|Suprised that my Flutter lived tho\n|c|\u2606mikeyuwu|Ill give you a warning since it seems rare\n|c|\u2606mikeyuwu|My tta4 has heavy slam and even full health and burned that flutter mane would die\n|inactive|GBarmada has 90 seconds left.\n|c|\u2606mikeyuwu|So be wary\n|inactive|GBarmada has 60 seconds left.\n|c|\u2606GBarmada|Not like it matters all too much rn\n|c|\u2606mikeyuwu|Yeah no i w\n|inactive|GBarmada has 30 seconds left.\n|\n|t:|1700679697\n|-end|p1b: Flutter Mane|Protosynthesis|[silent]\n|switch|p1b: Torkoal|Torkoal, F, tera:Grass|70\/100\n|-weather|SunnyDay|[from] ability: Drought|[of] p1b: Torkoal\n|-activate|p1a: Roaring Moon|ability: Protosynthesis\n|-start|p1a: Roaring Moon|protosynthesisatk\n|move|p1a: Roaring Moon|Knock Off|p2a: Extra Spicy\n|-damage|p2a: Extra Spicy|0 fnt\n|-damage|p1a: Roaring Moon|88\/100|[from] ability: Rough Skin|[of] p2a: Extra Spicy\n|-damage|p1a: Roaring Moon|72\/100|[from] item: Rocky Helmet|[of] p2a: Extra Spicy\n|-enditem|p2a: Extra Spicy|Rocky Helmet|[from] move: Knock Off|[of] p1a: Roaring Moon\n|faint|p2a: Extra Spicy\n|move|p2b: Harmacy|Icy Wind|p1b: Torkoal|[spread] p1a,p1b\n|-supereffective|p1a: Roaring Moon\n|-supereffective|p1b: Torkoal\n|-damage|p1a: Roaring Moon|51\/100\n|-damage|p1b: Torkoal|46\/100\n|-unboost|p1b: Torkoal|spe|1\n|\n|-weather|SunnyDay|[upkeep]\n|-heal|p2b: Harmacy|43\/100|[from] item: Leftovers\n|upkeep\n|c|\u2606mikeyuwu|I just mesnt be wary of ttars in your other games\n|\n|t:|1700679718\n|switch|p2a: Weather War|Pelipper, F|29\/100\n|-weather|RainDance|[from] ability: Drizzle|[of] p2a: Weather War\n|-end|p1a: Roaring Moon|Protosynthesis\n|turn|11\n|\n|t:|1700679733\n|move|p1b: Torkoal|Protect|p1b: Torkoal\n|-singleturn|p1b: Torkoal|Protect\n|move|p1a: Roaring Moon|Dragon Claw|p2a: Weather War\n|-damage|p2a: Weather War|0 fnt\n|faint|p2a: Weather War\n|move|p2b: Harmacy|Icy Wind|p1a: Roaring Moon|[spread] p1a\n|-activate|p1b: Torkoal|move: Protect\n|-supereffective|p1a: Roaring Moon\n|-damage|p1a: Roaring Moon|32\/100\n|\n|-weather|RainDance|[upkeep]\n|-heal|p2b: Harmacy|49\/100|[from] item: Leftovers\n|upkeep\n|\n|t:|1700679739\n|switch|p2a: ThcrThnSnkr|Tyranitar, F|96\/100\n|-weather|Sandstorm|[from] ability: Sand Stream|[of] p2a: ThcrThnSnkr\n|turn|12\n|\n|t:|1700679748\n|move|p1a: Roaring Moon|Knock Off|p2b: Harmacy\n|-damage|p2b: Harmacy|0 fnt\n|-enditem|p2b: Harmacy|Leftovers|[from] move: Knock Off|[of] p1a: Roaring Moon\n|faint|p2b: Harmacy\n|move|p2a: ThcrThnSnkr|Knock Off|p1b: Torkoal\n|-damage|p1b: Torkoal|13\/100\n|-enditem|p1b: Torkoal|Shuca Berry|[from] move: Knock Off|[of] p2a: ThcrThnSnkr\n|move|p1b: Torkoal|Solar Beam||[still]\n|-prepare|p1b: Torkoal|Solar Beam\n|\n|-weather|Sandstorm|[upkeep]\n|-damage|p1a: Roaring Moon|26\/100|[from] Sandstorm\n|-damage|p1b: Torkoal|7\/100|[from] Sandstorm\n|upkeep\n|turn|13\n|inactive|GBarmada has 90 seconds left.\n|\n|t:|1700679764\n|move|p1a: Roaring Moon|Knock Off|p2a: ThcrThnSnkr\n|-resisted|p2a: ThcrThnSnkr\n|-damage|p2a: ThcrThnSnkr|59\/100\n|-enditem|p2a: ThcrThnSnkr|Assault Vest|[from] move: Knock Off|[of] p1a: Roaring Moon\n|move|p2a: ThcrThnSnkr|Rock Slide|p1b: Torkoal|[spread] p1a,p1b\n|-damage|p1a: Roaring Moon|0 fnt\n|-damage|p1b: Torkoal|0 fnt\n|faint|p1a: Roaring Moon\n|-end|p1a: Roaring Moon|Protosynthesis|[silent]\n|faint|p1b: Torkoal\n|\n|-weather|Sandstorm|[upkeep]\n|upkeep\n|\n|t:|1700679772\n|switch|p1b: Flutter Mane|Flutter Mane|8\/100 psn\n|turn|14\n|c|\u2606mikeyuwu|Ggs\n|c|\u2606GBarmada|GG\n|\n|t:|1700679779\n|move|p1b: Flutter Mane|Moonblast|p2a: ThcrThnSnkr\n|-supereffective|p2a: ThcrThnSnkr\n|-damage|p2a: ThcrThnSnkr|0 fnt\n|faint|p2a: ThcrThnSnkr\n|\n|win|GBarmada\n|raw|GBarmada's rating: 1367 &rarr; <strong>1387<\/strong><br \/>(+20 for winning)\n|raw|mikeyuwu's rating: 1369 &rarr; <strong>1349<\/strong><br \/>(-20 for losing)\n|c|\u2606GBarmada|WP\n|l|\u2606mikeyuwu\n","uploadtime":1700679800,"views":21,"p1id":"gbarmada","p2id":"mikeyuwu","formatid":"gen9doublesou","rating":1349,"private":0,"password":""}