{"id":"gen9doublesou-1972635666","p1":"RyanTheSmith505","p2":"shrekost","format":"[Gen 9] Doubles OU","log":"|j|\u2606RyanTheSmith505\n|j|\u2606shrekost\n|t:|1697868150\n|gametype|doubles\n|player|p1|RyanTheSmith505|crasherwake|1369\n|player|p2|shrekost|whitney|1314\n|teamsize|p1|6\n|teamsize|p2|6\n|gen|9\n|tier|[Gen 9] Doubles OU\n|rated|\n|rule|Species Clause: Limit one of each Pok\u00e9mon\n|rule|OHKO Clause: OHKO moves are banned\n|rule|Evasion Moves Clause: Evasion moves are banned\n|rule|Gravity Sleep Clause: The combination of sleep-inducing moves with imperfect accuracy and Gravity or Gigantamax Orbeetle are banned\n|rule|Endless Battle Clause: Forcing endless battles is banned\n|rule|HP Percentage Mod: HP is shown in percentages\n|clearpoke\n|poke|p1|Ursaluna-Bloodmoon, M|\n|poke|p1|Sinistcha-Masterpiece|\n|poke|p1|Iron Hands|\n|poke|p1|Pelipper, F|\n|poke|p1|Pincurchin, F|\n|poke|p1|Oranguru, F|\n|poke|p2|Chien-Pao|\n|poke|p2|Dragapult, M|\n|poke|p2|Heatran, M|\n|poke|p2|Farigiraf, M|\n|poke|p2|Rillaboom, M|\n|poke|p2|Sylveon, F|\n|teampreview\n|\n|t:|1697868160\n|start\n|switch|p1a: Pelipper|Pelipper, F|100\/100\n|switch|p1b: Oranguru|Oranguru, F|100\/100\n|switch|p2a: Chien-Pao|Chien-Pao|100\/100\n|switch|p2b: Rillaboom|Rillaboom, M|100\/100\n|-ability|p2a: Chien-Pao|Sword of Ruin\n|-fieldstart|move: Grassy Terrain|[from] ability: Grassy Surge|[of] p2b: Rillaboom\n|-weather|RainDance|[from] ability: Drizzle|[of] p1a: Pelipper\n|turn|1\n|\n|t:|1697868181\n|move|p1b: Oranguru|Protect|p1b: Oranguru\n|-singleturn|p1b: Oranguru|Protect\n|move|p2b: Rillaboom|Fake Out|p1a: Pelipper\n|-damage|p1a: Pelipper|80\/100\n|move|p2a: Chien-Pao|Crunch|p1b: Oranguru\n|-activate|p1b: Oranguru|move: Protect\n|cant|p1a: Pelipper|flinch\n|\n|-weather|RainDance|[upkeep]\n|upkeep\n|turn|2\n|\n|t:|1697868207\n|switch|p1b: Iron Hands|Iron Hands|100\/100\n|switch|p1a: Sinistcha|Sinistcha-Masterpiece|100\/100\n|move|p2a: Chien-Pao|Icicle Crash|p1b: Iron Hands\n|-damage|p1b: Iron Hands|61\/100\n|move|p2b: Rillaboom|Wood Hammer|p1a: Sinistcha\n|-resisted|p1a: Sinistcha\n|-damage|p1a: Sinistcha|55\/100\n|-damage|p2b: Rillaboom|88\/100|[from] Recoil\n|\n|-weather|RainDance|[upkeep]\n|-heal|p2b: Rillaboom|94\/100|[from] Grassy Terrain\n|-heal|p1a: Sinistcha|61\/100|[from] Grassy Terrain\n|-heal|p1b: Iron Hands|67\/100|[from] Grassy Terrain\n|upkeep\n|turn|3\n|\n|t:|1697868235\n|switch|p1a: Ursaluna|Ursaluna-Bloodmoon, M|100\/100\n|move|p2a: Chien-Pao|Crunch|p1a: Ursaluna\n|-damage|p1a: Ursaluna|61\/100\n|move|p2b: Rillaboom|Stomping Tantrum|p1b: Iron Hands\n|-supereffective|p1b: Iron Hands\n|-crit|p1b: Iron Hands\n|-damage|p1b: Iron Hands|1\/100\n|move|p1b: Iron Hands|Drain Punch|p2a: Chien-Pao\n|-supereffective|p2a: Chien-Pao\n|-enditem|p2a: Chien-Pao|Focus Sash\n|-damage|p2a: Chien-Pao|1\/100\n|-heal|p1b: Iron Hands|30\/100|[from] drain|[of] p2a: Chien-Pao\n|\n|-weather|RainDance|[upkeep]\n|-heal|p2a: Chien-Pao|7\/100|[from] Grassy Terrain\n|-heal|p2b: Rillaboom|99\/100|[from] Grassy Terrain\n|-heal|p1a: Ursaluna|67\/100|[from] Grassy Terrain\n|-heal|p1b: Iron Hands|37\/100|[from] Grassy Terrain\n|upkeep\n|turn|4\n|\n|t:|1697868256\n|-end|p1b: Iron Hands|Quark Drive|[silent]\n|switch|p1b: Sinistcha|Sinistcha-Masterpiece|61\/100\n|-heal|p1a: Ursaluna|92\/100|[from] ability: Hospitality|[of] p1b: Sinistcha\n|-terastallize|p1a: Ursaluna|Normal\n|move|p2a: Chien-Pao|Icicle Crash|p1a: Ursaluna\n|-damage|p1a: Ursaluna|46\/100\n|move|p2b: Rillaboom|Stomping Tantrum|p1b: Sinistcha\n|-resisted|p1b: Sinistcha\n|-damage|p1b: Sinistcha|44\/100\n|move|p1a: Ursaluna|Hyper Voice|p2a: Chien-Pao|[spread] p2a,p2b\n|-damage|p2a: Chien-Pao|0 fnt\n|-damage|p2b: Rillaboom|27\/100\n|-enditem|p2b: Rillaboom|Sitrus Berry|[eat]\n|-heal|p2b: Rillaboom|52\/100|[from] item: Sitrus Berry\n|faint|p2a: Chien-Pao\n|-damage|p1a: Ursaluna|36\/100|[from] item: Life Orb\n|\n|-weather|RainDance|[upkeep]\n|-heal|p2b: Rillaboom|58\/100|[from] Grassy Terrain\n|-heal|p1b: Sinistcha|50\/100|[from] Grassy Terrain\n|-heal|p1a: Ursaluna|42\/100|[from] Grassy Terrain\n|upkeep\n|\n|t:|1697868290\n|switch|p2a: Heatran|Heatran, M, shiny|100\/100\n|turn|5\n|\n|t:|1697868308\n|switch|p1b: Oranguru|Oranguru, F|100\/100\n|move|p1a: Ursaluna|Protect|p1a: Ursaluna\n|-singleturn|p1a: Ursaluna|Protect\n|move|p2b: Rillaboom|Wood Hammer|p1a: Ursaluna\n|-activate|p1a: Ursaluna|move: Protect\n|move|p2a: Heatran|Heat Wave|p1b: Oranguru|[spread] p1b\n|-activate|p1a: Ursaluna|move: Protect\n|-damage|p1b: Oranguru|90\/100\n|\n|-weather|RainDance|[upkeep]\n|-heal|p2b: Rillaboom|64\/100|[from] Grassy Terrain\n|-heal|p1b: Oranguru|96\/100|[from] Grassy Terrain\n|-heal|p1a: Ursaluna|48\/100|[from] Grassy Terrain\n|-fieldend|move: Grassy Terrain\n|upkeep\n|turn|6\n|\n|t:|1697868347\n|switch|p2a: Farigiraf|Farigiraf, M|100\/100\n|switch|p1b: Sinistcha|Sinistcha-Masterpiece|50\/100\n|-heal|p1a: Ursaluna|73\/100|[from] ability: Hospitality|[of] p1b: Sinistcha\n|move|p2b: Rillaboom|Wood Hammer|p1a: Ursaluna\n|-damage|p1a: Ursaluna|36\/100\n|-damage|p2b: Rillaboom|51\/100|[from] Recoil\n|move|p1a: Ursaluna|Hyper Voice|p2a: Farigiraf|[spread] p2a,p2b\n|-damage|p2a: Farigiraf|34\/100\n|-damage|p2b: Rillaboom|0 fnt\n|faint|p2b: Rillaboom\n|-damage|p1a: Ursaluna|26\/100|[from] item: Life Orb\n|\n|-weather|RainDance|[upkeep]\n|upkeep\n|\n|t:|1697868371\n|switch|p2b: Sylveon|Sylveon, F|100\/100\n|turn|7\n|\n|t:|1697868385\n|switch|p1b: Oranguru|Oranguru, F|96\/100\n|move|p1a: Ursaluna|Protect|p1a: Ursaluna\n|-singleturn|p1a: Ursaluna|Protect\n|move|p2b: Sylveon|Quick Attack|p1a: Ursaluna\n|-activate|p1a: Ursaluna|move: Protect\n|move|p2a: Farigiraf|Dazzling Gleam|p1b: Oranguru|[spread] p1b\n|-activate|p1a: Ursaluna|move: Protect\n|-damage|p1b: Oranguru|86\/100\n|\n|-weather|RainDance|[upkeep]\n|upkeep\n|turn|8\n|\n|t:|1697868416\n|move|p2a: Farigiraf|Dazzling Gleam|p1b: Oranguru|[spread] p1a,p1b\n|-damage|p1a: Ursaluna|7\/100\n|-damage|p1b: Oranguru|75\/100\n|move|p2b: Sylveon|Hyper Voice|p1a: Ursaluna|[spread] p1a,p1b\n|-damage|p1a: Ursaluna|0 fnt\n|-damage|p1b: Oranguru|52\/100\n|faint|p1a: Ursaluna\n|move|p1b: Oranguru|Trick Room|p1b: Oranguru\n|-fieldstart|move: Trick Room|[of] p1b: Oranguru\n|\n|-weather|none\n|upkeep\n|\n|t:|1697868430\n|switch|p1a: Iron Hands|Iron Hands|37\/100\n|turn|9\n|\n|t:|1697868450\n|move|p1a: Iron Hands|Iron Head|p2b: Sylveon\n|-supereffective|p2b: Sylveon\n|-damage|p2b: Sylveon|34\/100\n|move|p1b: Oranguru|Instruct|p1a: Iron Hands\n|-singleturn|p1a: Iron Hands|move: Instruct|[of] p1b: Oranguru\n|move|p1a: Iron Hands|Iron Head|p2b: Sylveon\n|-supereffective|p2b: Sylveon\n|-damage|p2b: Sylveon|0 fnt\n|faint|p2b: Sylveon\n|move|p2a: Farigiraf|Dazzling Gleam|p1a: Iron Hands|[spread] p1a,p1b\n|-supereffective|p1a: Iron Hands\n|-damage|p1a: Iron Hands|17\/100\n|-damage|p1b: Oranguru|41\/100\n|\n|upkeep\n|\n|t:|1697868464\n|switch|p2b: Heatran|Heatran, M, shiny|100\/100\n|turn|10\n|\n|t:|1697868478\n|switch|p1b: Pincurchin|Pincurchin, F|100\/100\n|-fieldstart|move: Electric Terrain|[from] ability: Electric Surge|[of] p1b: Pincurchin\n|-activate|p1a: Iron Hands|ability: Quark Drive\n|-start|p1a: Iron Hands|quarkdriveatk\n|move|p1a: Iron Hands|Thunder Punch|p2a: Farigiraf\n|-damage|p2a: Farigiraf|0 fnt\n|-damage|p1a: Iron Hands|0 fnt|[from] item: Rocky Helmet|[of] p2a: Farigiraf\n|faint|p2a: Farigiraf\n|faint|p1a: Iron Hands\n|-end|p1a: Iron Hands|Quark Drive|[silent]\n|move|p2b: Heatran|Heat Wave|p1b: Pincurchin|[miss]\n|-miss|p2b: Heatran|p1b: Pincurchin\n|\n|upkeep\n|\n|t:|1697868492\n|switch|p1a: Pelipper|Pelipper, F|80\/100\n|switch|p2a: Dragapult|Dragapult, M|100\/100\n|-weather|RainDance|[from] ability: Drizzle|[of] p1a: Pelipper\n|turn|11\n|\n|t:|1697868521\n|-terastallize|p2b: Heatran|Grass\n|move|p1b: Pincurchin|Thunder|p2a: Dragapult\n|-resisted|p2a: Dragapult\n|-damage|p2a: Dragapult|56\/100\n|move|p1a: Pelipper|Hurricane|p2a: Dragapult\n|-damage|p2a: Dragapult|0 fnt\n|faint|p2a: Dragapult\n|move|p2b: Heatran|Tera Blast|p1a: Pelipper|[anim] Tera Blast Grass\n|-damage|p1a: Pelipper|20\/100\n|\n|-weather|RainDance|[upkeep]\n|upkeep\n|turn|12\n|-message|shrekost forfeited.\n|\n|win|RyanTheSmith505\n|raw|RyanTheSmith505's rating: 1369 &rarr; <strong>1386<\/strong><br \/>(+17 for winning)\n|raw|shrekost's rating: 1314 &rarr; <strong>1297<\/strong><br \/>(-17 for losing)\n|l|\u2606shrekost\n","uploadtime":1697868538,"views":12,"p1id":"ryanthesmith505","p2id":"shrekost","formatid":"gen9doublesou","rating":1297,"private":0,"password":""}