{"id":"gen9doublesou-1973384044","p1":"MythAst","p2":"serfer123451","format":"[Gen 9] Doubles OU","log":"|j|\u2606MythAst\n|j|\u2606serfer123451\n|t:|1697965944\n|gametype|doubles\n|player|p1|MythAst|cyrus-masters|\n|player|p2|serfer123451|169|\n|teamsize|p1|6\n|teamsize|p2|6\n|gen|9\n|tier|[Gen 9] Doubles OU\n|rule|Species Clause: Limit one of each Pok\u00e9mon\n|rule|OHKO Clause: OHKO moves are banned\n|rule|Evasion Moves Clause: Evasion moves are banned\n|rule|Gravity Sleep Clause: The combination of sleep-inducing moves with imperfect accuracy and Gravity or Gigantamax Orbeetle are banned\n|rule|Endless Battle Clause: Forcing endless battles is banned\n|rule|HP Percentage Mod: HP is shown in percentages\n|clearpoke\n|poke|p1|Gothitelle, F|\n|poke|p1|Flutter Mane|\n|poke|p1|Chi-Yu|\n|poke|p1|Torkoal, M|\n|poke|p1|Iron Hands|\n|poke|p1|Lilligant, F|\n|poke|p2|Rillaboom, F|\n|poke|p2|Ogerpon-Hearthflame, F|\n|poke|p2|Chien-Pao|\n|poke|p2|Dragonite, M|\n|poke|p2|Flutter Mane|\n|poke|p2|Volcanion|\n|teampreview\n|inactive|Battle timer is ON: inactive players will automatically lose when time's up. (requested by MythAst)\n|inactive|MythAst has 270 seconds left.\n|\n|t:|1697965983\n|start\n|switch|p1a: Gothitelle|Gothitelle, F|100\/100\n|switch|p1b: Iron Hands|Iron Hands|100\/100\n|switch|p2a: Rillaboom|Rillaboom, F|100\/100\n|switch|p2b: Dragonite|Dragonite, M|100\/100\n|-fieldstart|move: Grassy Terrain|[from] ability: Grassy Surge|[of] p2a: Rillaboom\n|-item|p2a: Rillaboom|Assault Vest|[from] ability: Frisk|[of] p1a: Gothitelle|[identify]\n|-item|p2b: Dragonite|Choice Band|[from] ability: Frisk|[of] p1a: Gothitelle|[identify]\n|turn|1\n|\n|t:|1697965995\n|-terastallize|p2b: Dragonite|Normal\n|move|p2a: Rillaboom|Fake Out|p1a: Gothitelle\n|-damage|p1a: Gothitelle|89\/100\n|move|p1b: Iron Hands|Fake Out|p2a: Rillaboom\n|-damage|p2a: Rillaboom|84\/100\n|move|p2b: Dragonite|Stomping Tantrum|p1b: Iron Hands\n|-supereffective|p1b: Iron Hands\n|-damage|p1b: Iron Hands|42\/100\n|cant|p1a: Gothitelle|flinch\n|\n|-heal|p2a: Rillaboom|90\/100|[from] Grassy Terrain\n|-heal|p1a: Gothitelle|95\/100|[from] Grassy Terrain\n|-heal|p1b: Iron Hands|48\/100|[from] Grassy Terrain\n|upkeep\n|turn|2\n|\n|t:|1697966018\n|move|p2a: Rillaboom|U-turn|p1a: Gothitelle\n|-supereffective|p1a: Gothitelle\n|-damage|p1a: Gothitelle|55\/100\n|\n|t:|1697966022\n|switch|p2a: Ogerpon|Ogerpon-Hearthflame, F|100\/100|[from] U-turn\n|-ability|p2a: Ogerpon|Mold Breaker\n|move|p2b: Dragonite|Stomping Tantrum|p1b: Iron Hands\n|-supereffective|p1b: Iron Hands\n|-damage|p1b: Iron Hands|0 fnt\n|faint|p1b: Iron Hands\n|-end|p1b: Iron Hands|Quark Drive|[silent]\n|move|p1a: Gothitelle|Trick Room|p1a: Gothitelle\n|-fieldstart|move: Trick Room|[of] p1a: Gothitelle\n|\n|-heal|p1a: Gothitelle|61\/100|[from] Grassy Terrain\n|upkeep\n|\n|t:|1697966032\n|switch|p1b: Torkoal|Torkoal, M|100\/100\n|-weather|SunnyDay|[from] ability: Drought|[of] p1b: Torkoal\n|turn|3\n|\n|t:|1697966061\n|switch|p2b: Volcanion|Volcanion|100\/100\n|move|p2a: Ogerpon|Protect|p2a: Ogerpon\n|-singleturn|p2a: Ogerpon|Protect\n|move|p1b: Torkoal|Eruption|p2a: Ogerpon|[spread] p2b\n|-activate|p2a: Ogerpon|move: Protect\n|-resisted|p2b: Volcanion\n|-damage|p2b: Volcanion|86\/100\n|move|p1a: Gothitelle|Hypnosis|p2b: Volcanion\n|-status|p2b: Volcanion|slp|[from] move: Hypnosis\n|\n|-weather|SunnyDay|[upkeep]\n|-heal|p1a: Gothitelle|67\/100|[from] Grassy Terrain\n|-heal|p2b: Volcanion|92\/100 slp|[from] Grassy Terrain\n|upkeep\n|turn|4\n|\n|t:|1697966077\n|move|p1b: Torkoal|Protect|p1b: Torkoal\n|-singleturn|p1b: Torkoal|Protect\n|move|p2a: Ogerpon|Grassy Glide|p1a: Gothitelle\n|-damage|p1a: Gothitelle|30\/100\n|-enditem|p1a: Gothitelle|Sitrus Berry|[eat]\n|-heal|p1a: Gothitelle|55\/100|[from] item: Sitrus Berry\n|move|p1a: Gothitelle|Hypnosis|p2a: Ogerpon\n|-status|p2a: Ogerpon|slp|[from] move: Hypnosis\n|cant|p2b: Volcanion|slp\n|\n|-weather|SunnyDay|[upkeep]\n|-heal|p1a: Gothitelle|62\/100|[from] Grassy Terrain\n|-heal|p2b: Volcanion|98\/100 slp|[from] Grassy Terrain\n|upkeep\n|turn|5\n|c|\u2606serfer123451|60 accuracy ;-;\n|\n|t:|1697966102\n|switch|p1a: Chi-Yu|Chi-Yu|100\/100\n|-ability|p1a: Chi-Yu|Beads of Ruin\n|-terastallize|p1b: Torkoal|Fire\n|move|p1b: Torkoal|Eruption|p2b: Volcanion|[spread] p2a,p2b\n|-resisted|p2b: Volcanion\n|-damage|p2a: Ogerpon|0 fnt\n|-damage|p2b: Volcanion|70\/100 slp\n|faint|p2a: Ogerpon\n|cant|p2b: Volcanion|slp\n|\n|-weather|SunnyDay|[upkeep]\n|-heal|p2b: Volcanion|76\/100 slp|[from] Grassy Terrain\n|-fieldend|move: Grassy Terrain\n|upkeep\n|inactive|serfer123451 has 270 seconds left.\n|\n|t:|1697966121\n|switch|p2a: Dragonite|Dragonite, M, tera:Normal|100\/100\n|turn|6\n|\n|t:|1697966136\n|move|p1b: Torkoal|Earth Power|p2b: Volcanion\n|-supereffective|p2b: Volcanion\n|-damage|p2b: Volcanion|33\/100 slp\n|-curestatus|p2b: Volcanion|slp|[msg]\n|move|p2b: Volcanion|Earth Power|p1b: Torkoal\n|-supereffective|p1b: Torkoal\n|-damage|p1b: Torkoal|0 fnt\n|faint|p1b: Torkoal\n|move|p2a: Dragonite|Stomping Tantrum|p1a: Chi-Yu\n|-supereffective|p1a: Chi-Yu\n|-damage|p1a: Chi-Yu|0 fnt\n|faint|p1a: Chi-Yu\n|\n|-weather|SunnyDay|[upkeep]\n|-fieldend|move: Trick Room\n|upkeep\n|\n|t:|1697966148\n|switch|p1a: Lilligant|Lilligant, F|100\/100\n|switch|p1b: Gothitelle|Gothitelle, F|62\/100\n|-item|p2a: Dragonite|Choice Band|[from] ability: Frisk|[of] p1b: Gothitelle|[identify]\n|-item|p2b: Volcanion|Assault Vest|[from] ability: Frisk|[of] p1b: Gothitelle|[identify]\n|turn|7\n|\n|t:|1697966163\n|move|p1a: Lilligant|Sleep Powder|p2a: Dragonite\n|-status|p2a: Dragonite|slp|[from] move: Sleep Powder\n|cant|p2a: Dragonite|slp\n|move|p2b: Volcanion|Heat Wave|p1a: Lilligant|[spread] p1a,p1b\n|-supereffective|p1a: Lilligant\n|-damage|p1a: Lilligant|0 fnt\n|-damage|p1b: Gothitelle|8\/100\n|faint|p1a: Lilligant\n|move|p1b: Gothitelle|Hypnosis|p2b: Volcanion\n|-status|p2b: Volcanion|slp|[from] move: Hypnosis\n|\n|-weather|none\n|upkeep\n|\n|t:|1697966173\n|switch|p1a: Flutter Mane|Flutter Mane|100\/100\n|turn|8\n|\n|t:|1697966184\n|move|p1a: Flutter Mane|Dazzling Gleam|p2a: Dragonite|[spread] p2a,p2b\n|-resisted|p2b: Volcanion\n|-damage|p2a: Dragonite|64\/100 slp\n|-damage|p2b: Volcanion|18\/100 slp\n|-damage|p1a: Flutter Mane|91\/100|[from] item: Life Orb\n|-curestatus|p2a: Dragonite|slp|[msg]\n|move|p2a: Dragonite|Stomping Tantrum|p1a: Flutter Mane\n|-damage|p1a: Flutter Mane|0 fnt\n|faint|p1a: Flutter Mane\n|-end|p1a: Flutter Mane|Protosynthesis|[silent]\n|cant|p2b: Volcanion|slp\n|move|p1b: Gothitelle|Heal Pulse|p1: Flutter Mane|[notarget]\n|-fail|p1b: Gothitelle\n|\n|upkeep\n|turn|9\n|\n|t:|1697966199\n|move|p2a: Dragonite|Stomping Tantrum|p1b: Gothitelle\n|-damage|p1b: Gothitelle|0 fnt\n|faint|p1b: Gothitelle\n|\n|win|serfer123451\n|c|\u2606serfer123451|gg\n","uploadtime":1697966207,"views":21,"p1id":"mythast","p2id":"serfer123451","formatid":"gen9doublesou","rating":0,"private":0,"password":""}