{"id":"gen9doublesou-1982749803","p1":"its-sam87","p2":"kkigt","format":"[Gen 9] Doubles OU","log":"|j|\u2606its-sam87\n|j|\u2606kkigt\n|t:|1699041335\n|gametype|doubles\n|player|p1|its-sam87|acetrainer-gen2|1422\n|player|p2|kkigt|janitor|1374\n|teamsize|p1|6\n|teamsize|p2|6\n|gen|9\n|tier|[Gen 9] Doubles OU\n|rated|\n|rule|Species Clause: Limit one of each Pok\u00e9mon\n|rule|OHKO Clause: OHKO moves are banned\n|rule|Evasion Moves Clause: Evasion moves are banned\n|rule|Gravity Sleep Clause: The combination of sleep-inducing moves with imperfect accuracy and Gravity or Gigantamax Orbeetle are banned\n|rule|Endless Battle Clause: Forcing endless battles is banned\n|rule|HP Percentage Mod: HP is shown in percentages\n|clearpoke\n|poke|p1|Tornadus, M|\n|poke|p1|Amoonguss, F|\n|poke|p1|Basculegion-F, F|\n|poke|p1|Pelipper, F|\n|poke|p1|Palafin, M|\n|poke|p1|Regieleki|\n|poke|p2|Basculegion-F, F|\n|poke|p2|Pelipper, F|\n|poke|p2|Ogerpon-Wellspring, F|\n|poke|p2|Clodsire, M|\n|poke|p2|Overqwil, M|\n|poke|p2|Dragonite, M|\n|teampreview\n|inactive|Battle timer is ON: inactive players will automatically lose when time's up. (requested by its-sam87)\n|\n|t:|1699041357\n|start\n|switch|p1a: Palafin|Palafin, M|100\/100\n|switch|p1b: Regieleki|Regieleki, shiny|100\/100\n|switch|p2a: Dragonite|Dragonite, M|100\/100\n|switch|p2b: Pelipper|Pelipper, F|100\/100\n|-weather|RainDance|[from] ability: Drizzle|[of] p2b: Pelipper\n|turn|1\n|\n|t:|1699041375\n|detailschange|p1a: Palafin|Palafin-Hero, M\n|switch|p1a: Tornadus|Tornadus, M, shiny|100\/100\n|switch|p2b: Clodsire|Clodsire, M|100\/100\n|move|p1b: Regieleki|Volt Switch|p2a: Dragonite\n|-damage|p2a: Dragonite|72\/100\n|\n|t:|1699041390\n|switch|p1b: Palafin|Palafin-Hero, M|100\/100|[from] Volt Switch\n|-activate|p1b: Palafin|ability: Zero to Hero\n|move|p2a: Dragonite|Dragon Claw|p1b: Palafin\n|-damage|p1b: Palafin|40\/100\n|\n|-weather|RainDance|[upkeep]\n|upkeep\n|turn|2\n|\n|t:|1699041404\n|move|p1a: Tornadus|Tailwind|p1a: Tornadus\n|-sidestart|p1: its-sam87|move: Tailwind\n|move|p1b: Palafin|Ice Punch|p2a: Dragonite\n|-supereffective|p2a: Dragonite\n|-damage|p2a: Dragonite|0 fnt\n|faint|p2a: Dragonite\n|move|p2b: Clodsire|Yawn|p1a: Tornadus\n|-start|p1a: Tornadus|move: Yawn|[of] p2b: Clodsire\n|\n|-weather|RainDance|[upkeep]\n|upkeep\n|\n|t:|1699041418\n|switch|p2a: Basculegion|Basculegion-F, F|100\/100\n|turn|3\n|\n|t:|1699041431\n|switch|p1a: Amoonguss|Amoonguss, F|100\/100\n|-terastallize|p2a: Basculegion|Water\n|move|p2a: Basculegion|Surf|p1a: Amoonguss|[spread] p1a,p1b\n|-immune|p2b: Clodsire|[from] ability: Water Absorb\n|-resisted|p1a: Amoonguss\n|-resisted|p1b: Palafin\n|-damage|p1a: Amoonguss|63\/100\n|-damage|p1b: Palafin|0 fnt\n|faint|p1b: Palafin\n|move|p2b: Clodsire|Yawn|p1a: Amoonguss\n|-start|p1a: Amoonguss|move: Yawn|[of] p2b: Clodsire\n|\n|-weather|RainDance|[upkeep]\n|upkeep\n|\n|t:|1699041445\n|switch|p1b: Regieleki|Regieleki, shiny|100\/100\n|turn|4\n|\n|t:|1699041462\n|move|p2b: Clodsire|Helping Hand|p2a: Basculegion\n|-singleturn|p2a: Basculegion|Helping Hand|[of] p2b: Clodsire\n|move|p1b: Regieleki|Thunder|p2a: Basculegion\n|-supereffective|p2a: Basculegion\n|-damage|p2a: Basculegion|0 fnt\n|faint|p2a: Basculegion\n|move|p1a: Amoonguss|Spore|p2b: Clodsire\n|-status|p2b: Clodsire|slp|[from] move: Spore\n|\n|-weather|RainDance|[upkeep]\n|-end|p1a: Amoonguss|move: Yawn|[silent]\n|-status|p1a: Amoonguss|slp\n|upkeep\n|\n|t:|1699041472\n|switch|p2a: Overqwil|Overqwil, M|100\/100\n|turn|5\n|\n|t:|1699041491\n|switch|p2b: Ogerpon|Ogerpon-Wellspring, F|100\/100\n|move|p1b: Regieleki|Thunder|p2a: Overqwil\n|-damage|p2a: Overqwil|0 fnt\n|faint|p2a: Overqwil\n|cant|p1a: Amoonguss|slp\n|\n|-weather|RainDance|[upkeep]\n|-sideend|p1: its-sam87|move: Tailwind\n|upkeep\n|\n|t:|1699041500\n|switch|p2a: Pelipper|Pelipper, F|100\/100\n|turn|6\n|\n|t:|1699041508\n|move|p2a: Pelipper|Protect|p2a: Pelipper\n|-singleturn|p2a: Pelipper|Protect\n|move|p1b: Regieleki|Thunder|p2b: Ogerpon\n|-damage|p2b: Ogerpon|5\/100\n|move|p2b: Ogerpon|Knock Off|p1a: Amoonguss\n|-damage|p1a: Amoonguss|30\/100 slp\n|-damage|p2b: Ogerpon|0 fnt|[from] item: Rocky Helmet|[of] p1a: Amoonguss\n|faint|p2b: Ogerpon\n|cant|p1a: Amoonguss|slp\n|\n|-weather|RainDance|[upkeep]\n|upkeep\n|\n|t:|1699041520\n|switch|p2b: Clodsire|Clodsire, M|100\/100 slp\n|turn|7\n|\n|t:|1699041529\n|cant|p1a: Amoonguss|slp\n|move|p1b: Regieleki|Thunder|p2a: Pelipper\n|-supereffective|p2a: Pelipper\n|-damage|p2a: Pelipper|0 fnt\n|faint|p2a: Pelipper\n|cant|p2b: Clodsire|slp\n|\n|-weather|RainDance|[upkeep]\n|upkeep\n|turn|8\n|\n|t:|1699041557\n|switch|p1a: Basculegion|Basculegion-F, F|100\/100\n|-terastallize|p1b: Regieleki|Ice\n|move|p1b: Regieleki|Tera Blast|p2b: Clodsire|[anim] Tera Blast Ice\n|-supereffective|p2b: Clodsire\n|-damage|p2b: Clodsire|62\/100 slp\n|cant|p2b: Clodsire|slp\n|\n|-weather|none\n|-heal|p2b: Clodsire|68\/100 slp|[from] item: Leftovers\n|upkeep\n|turn|9\n|\n|t:|1699041568\n|move|p1b: Regieleki|Tera Blast|p2b: Clodsire|[anim] Tera Blast Ice\n|-supereffective|p2b: Clodsire\n|-damage|p2b: Clodsire|30\/100 slp\n|move|p1a: Basculegion|Last Respects|p2b: Clodsire\n|-damage|p2b: Clodsire|0 fnt\n|faint|p2b: Clodsire\n|\n|win|its-sam87\n|raw|its-sam87's rating: 1422 &rarr; <strong>1439<\/strong><br \/>(+17 for winning)\n|raw|kkigt's rating: 1374 &rarr; <strong>1357<\/strong><br \/>(-17 for losing)\n|c|\u2606its-sam87|gg\n|l|\u2606kkigt\n","uploadtime":1699041579,"views":19,"p1id":"itssam87","p2id":"kkigt","formatid":"gen9doublesou","rating":1357,"private":0,"password":""}