{"id":"gen9doublesou-1971330050","p1":"God_of_STANK!","p2":"PinchChristian","format":"[Gen 9] Doubles OU","log":"|j|\u2606God_of_STANK!\n|j|\u2606PinchChristian\n|t:|1697730015\n|gametype|doubles\n|player|p1|God_of_STANK!|psychic|1418\n|player|p2|PinchChristian|102|1439\n|teamsize|p1|6\n|teamsize|p2|6\n|gen|9\n|tier|[Gen 9] Doubles OU\n|rated|\n|rule|Species Clause: Limit one of each Pok\u00e9mon\n|rule|OHKO Clause: OHKO moves are banned\n|rule|Evasion Moves Clause: Evasion moves are banned\n|rule|Gravity Sleep Clause: The combination of sleep-inducing moves with imperfect accuracy and Gravity or Gigantamax Orbeetle are banned\n|rule|Endless Battle Clause: Forcing endless battles is banned\n|rule|HP Percentage Mod: HP is shown in percentages\n|clearpoke\n|poke|p1|Rillaboom, M|\n|poke|p1|Tornadus, M|\n|poke|p1|Cresselia, F|\n|poke|p1|Iron Hands|\n|poke|p1|Snorlax, M|\n|poke|p1|Volcanion|\n|poke|p2|Arcanine-Hisui, M|\n|poke|p2|Amoonguss, F|\n|poke|p2|Iron Hands|\n|poke|p2|Landorus-Therian, M|\n|poke|p2|Cresselia, F|\n|poke|p2|Iron Moth|\n|teampreview\n|inactive|Battle timer is ON: inactive players will automatically lose when time's up. (requested by God_of_STANK!)\n|inactive|PinchChristian has 120 seconds left.\n|\n|t:|1697730064\n|start\n|switch|p1a: Tornadus|Tornadus, M, shiny|100\/100\n|switch|p1b: Iron Hands|Iron Hands|100\/100\n|switch|p2a: Cresselia|Cresselia, F|100\/100\n|switch|p2b: Iron Hands|Iron Hands|100\/100\n|turn|1\n|\n|t:|1697730083\n|move|p1a: Tornadus|Taunt|p2b: Iron Hands\n|-start|p2b: Iron Hands|move: Taunt\n|move|p1b: Iron Hands|Belly Drum|p1b: Iron Hands\n|-damage|p1b: Iron Hands|51\/100\n|-setboost|p1b: Iron Hands|atk|6|[from] move: Belly Drum\n|move|p2b: Iron Hands|Wild Charge|p1a: Tornadus\n|-supereffective|p1a: Tornadus\n|-damage|p1a: Tornadus|0 fnt\n|faint|p1a: Tornadus\n|-damage|p2b: Iron Hands|85\/100|[from] Recoil\n|move|p2a: Cresselia|Trick Room|p2a: Cresselia\n|-fieldstart|move: Trick Room|[of] p2a: Cresselia\n|\n|upkeep\n|\n|t:|1697730092\n|switch|p1a: Cresselia|Cresselia, F|100\/100\n|turn|2\n|\n|t:|1697730109\n|move|p1a: Cresselia|Ally Switch|p1a: Cresselia\n|swap|p1a: Cresselia|1|[from] move: Ally Switch\n|move|p2b: Iron Hands|Drain Punch|p1b: Cresselia\n|-resisted|p1b: Cresselia\n|-damage|p1b: Cresselia|86\/100\n|-heal|p2b: Iron Hands|91\/100|[from] drain|[of] p1b: Cresselia\n|move|p1a: Iron Hands|Drain Punch|p2b: Iron Hands\n|-damage|p2b: Iron Hands|0 fnt\n|-heal|p1a: Iron Hands|99\/100|[from] drain|[of] p2b: Iron Hands\n|faint|p2b: Iron Hands\n|-end|p2b: Iron Hands|Quark Drive|[silent]\n|move|p2a: Cresselia|Calm Mind|p2a: Cresselia\n|-boost|p2a: Cresselia|spa|1\n|-boost|p2a: Cresselia|spd|1\n|\n|upkeep\n|\n|t:|1697730122\n|switch|p2b: Amoonguss|Amoonguss, F|100\/100\n|turn|3\n|\n|t:|1697730133\n|move|p2b: Amoonguss|Spore|p1a: Iron Hands\n|-status|p1a: Iron Hands|slp|[from] move: Spore\n|cant|p1a: Iron Hands|slp\n|move|p2a: Cresselia|Calm Mind|p2a: Cresselia\n|-boost|p2a: Cresselia|spa|1\n|-boost|p2a: Cresselia|spd|1\n|move|p1b: Cresselia|Psychic|p2b: Amoonguss\n|-supereffective|p2b: Amoonguss\n|-damage|p2b: Amoonguss|52\/100\n|\n|-heal|p2b: Amoonguss|58\/100|[from] item: Leftovers\n|upkeep\n|turn|4\n|\n|t:|1697730149\n|move|p1b: Cresselia|Ally Switch|p1b: Cresselia\n|swap|p1b: Cresselia|0|[from] move: Ally Switch\n|move|p2b: Amoonguss|Spore|p1b: Iron Hands\n|-fail|p1b: Iron Hands|slp\n|-curestatus|p1b: Iron Hands|slp|[msg]\n|move|p1b: Iron Hands|Ice Punch|p2b: Amoonguss\n|-supereffective|p2b: Amoonguss\n|-damage|p2b: Amoonguss|0 fnt\n|faint|p2b: Amoonguss\n|move|p2a: Cresselia|Calm Mind|p2a: Cresselia\n|-boost|p2a: Cresselia|spa|1\n|-boost|p2a: Cresselia|spd|1\n|\n|upkeep\n|\n|t:|1697730162\n|switch|p2b: Landorus|Landorus-Therian, M|100\/100\n|-ability|p2b: Landorus|Intimidate|boost\n|-unboost|p1a: Cresselia|atk|1\n|-unboost|p1b: Iron Hands|atk|1\n|turn|5\n|inactive|God_of_STANK! has 120 seconds left.\n|inactive|God_of_STANK! has 90 seconds left.\n|\n|t:|1697730225\n|switch|p2b: Arcanine|Arcanine-Hisui, M|100\/100\n|move|p1a: Cresselia|Ally Switch||[still]\n|-fail|p1a: Cresselia\n|move|p1b: Iron Hands|Ice Punch|p2a: Cresselia\n|-damage|p2a: Cresselia|49\/100\n|move|p2a: Cresselia|Stored Power|p1b: Iron Hands\n|-supereffective|p1b: Iron Hands\n|-damage|p1b: Iron Hands|0 fnt\n|faint|p1b: Iron Hands\n|-end|p1b: Iron Hands|Quark Drive|[silent]\n|\n|-heal|p2a: Cresselia|55\/100|[from] item: Leftovers\n|-fieldend|move: Trick Room\n|upkeep\n|inactive|God_of_STANK! has 90 seconds left.\n|\n|t:|1697730234\n|switch|p1b: Snorlax|Snorlax, M, shiny|100\/100\n|turn|6\n|\n|t:|1697730254\n|move|p1a: Cresselia|Ally Switch|p1a: Cresselia\n|swap|p1a: Cresselia|1|[from] move: Ally Switch\n|move|p2b: Arcanine|Flare Blitz|p1b: Cresselia\n|-damage|p1b: Cresselia|38\/100\n|-damage|p2b: Arcanine|91\/100|[from] item: Life Orb\n|move|p2a: Cresselia|Stored Power|p1b: Cresselia\n|-resisted|p1b: Cresselia\n|-damage|p1b: Cresselia|7\/100\n|move|p1a: Snorlax|Belly Drum|p1a: Snorlax\n|-damage|p1a: Snorlax|50\/100\n|-setboost|p1a: Snorlax|atk|6|[from] move: Belly Drum\n|-enditem|p1a: Snorlax|Sitrus Berry|[eat]\n|-heal|p1a: Snorlax|75\/100|[from] item: Sitrus Berry\n|\n|-heal|p2a: Cresselia|61\/100|[from] item: Leftovers\n|upkeep\n|turn|7\n|inactive|God_of_STANK! has 120 seconds left.\n|inactive|God_of_STANK! has 90 seconds left.\n|\n|t:|1697730318\n|move|p2b: Arcanine|Flare Blitz|p1a: Snorlax\n|-damage|p1a: Snorlax|27\/100\n|-damage|p2b: Arcanine|81\/100|[from] item: Life Orb\n|move|p1b: Cresselia|Lunar Blessing|p1b: Cresselia|[spread] p1a,p1b\n|-heal|p1a: Snorlax|52\/100\n|-heal|p1b: Cresselia|32\/100\n|move|p2a: Cresselia|Stored Power|p1a: Snorlax\n|-damage|p1a: Snorlax|0 fnt\n|faint|p1a: Snorlax\n|\n|-heal|p2a: Cresselia|67\/100|[from] item: Leftovers\n|upkeep\n|\n|t:|1697730328\n|switch|p1a: Rillaboom|Rillaboom, M|100\/100\n|-fieldstart|move: Grassy Terrain|[from] ability: Grassy Surge|[of] p1a: Rillaboom\n|turn|8\n|inactive|God_of_STANK! has 90 seconds left.\n|\n|t:|1697730338\n|-terastallize|p1a: Rillaboom|Water\n|move|p2b: Arcanine|Protect|p2b: Arcanine\n|-singleturn|p2b: Arcanine|Protect\n|move|p1a: Rillaboom|Fake Out|p2a: Cresselia\n|-damage|p2a: Cresselia|57\/100\n|-damage|p1a: Rillaboom|91\/100|[from] item: Life Orb\n|cant|p2a: Cresselia|flinch\n|move|p1b: Cresselia|Trick Room|p1b: Cresselia\n|-fieldstart|move: Trick Room|[of] p1b: Cresselia\n|\n|-heal|p2a: Cresselia|63\/100|[from] item: Leftovers\n|-heal|p1a: Rillaboom|97\/100|[from] Grassy Terrain\n|-heal|p2b: Arcanine|87\/100|[from] Grassy Terrain\n|upkeep\n|turn|9\n|inactive|God_of_STANK! has 90 seconds left.\n|\n|t:|1697730359\n|move|p2a: Cresselia|Stored Power|p1a: Rillaboom\n|-damage|p1a: Rillaboom|5\/100\n|move|p1b: Cresselia|Lunar Blessing|p1b: Cresselia|[spread] p1a,p1b\n|-heal|p1a: Rillaboom|30\/100\n|-heal|p1b: Cresselia|57\/100\n|move|p1a: Rillaboom|U-turn|p2a: Cresselia\n|-supereffective|p2a: Cresselia\n|-damage|p2a: Cresselia|30\/100\n|-damage|p1a: Rillaboom|20\/100|[from] item: Life Orb\n|inactive|God_of_STANK! has 90 seconds left.\n|\n|t:|1697730369\n|switch|p1a: Volcanion|Volcanion|100\/100|[from] U-turn\n|move|p2b: Arcanine|Flare Blitz|p1a: Volcanion\n|-resisted|p1a: Volcanion\n|-damage|p1a: Volcanion|85\/100\n|-damage|p2b: Arcanine|77\/100|[from] item: Life Orb\n|\n|-heal|p1a: Volcanion|91\/100|[from] Grassy Terrain\n|-heal|p2a: Cresselia|36\/100|[from] item: Leftovers\n|-heal|p2b: Arcanine|83\/100|[from] Grassy Terrain\n|upkeep\n|turn|10\n|\n|t:|1697730382\n|move|p2b: Arcanine|Protect|p2b: Arcanine\n|-singleturn|p2b: Arcanine|Protect\n|move|p1b: Cresselia|Ally Switch|p1b: Cresselia\n|swap|p1b: Cresselia|0|[from] move: Ally Switch\n|move|p1b: Volcanion|Steam Eruption|p2a: Cresselia\n|-crit|p2a: Cresselia\n|-damage|p2a: Cresselia|0 fnt\n|faint|p2a: Cresselia\n|\n|-heal|p1b: Volcanion|97\/100|[from] Grassy Terrain\n|-heal|p2b: Arcanine|89\/100|[from] Grassy Terrain\n|upkeep\n|\n|t:|1697730398\n|switch|p2a: Landorus|Landorus-Therian, M|100\/100\n|-ability|p2a: Landorus|Intimidate|boost\n|-unboost|p1a: Cresselia|atk|1\n|-unboost|p1b: Volcanion|atk|1\n|turn|11\n|\n|t:|1697730415\n|-terastallize|p2a: Landorus|Water\n|move|p2b: Arcanine|Protect||[still]\n|-fail|p2b: Arcanine\n|move|p1b: Volcanion|Steam Eruption|p2b: Arcanine\n|-supereffective|p2b: Arcanine\n|-damage|p2b: Arcanine|0 fnt\n|faint|p2b: Arcanine\n|move|p1a: Cresselia|Lunar Blessing|p1a: Cresselia|[spread] p1a,p1b\n|-heal|p1a: Cresselia|82\/100\n|-heal|p1b: Volcanion|100\/100\n|move|p2a: Landorus|Earthquake|p1b: Volcanion|[spread] p1b\n|-immune|p1a: Cresselia|[from] ability: Levitate\n|-supereffective|p1b: Volcanion\n|-damage|p1b: Volcanion|58\/100\n|-damage|p2a: Landorus|91\/100|[from] item: Life Orb\n|\n|-heal|p1b: Volcanion|64\/100|[from] Grassy Terrain\n|-heal|p2a: Landorus|97\/100|[from] Grassy Terrain\n|upkeep\n|inactive|PinchChristian has 120 seconds left.\n|\n|t:|1697730441\n|switch|p2b: Iron Moth|Iron Moth|100\/100\n|turn|12\n|\n|t:|1697730454\n|move|p1b: Volcanion|Earth Power|p2b: Iron Moth\n|-supereffective|p2b: Iron Moth\n|-damage|p2b: Iron Moth|3\/100\n|move|p1a: Cresselia|Lunar Blessing|p1a: Cresselia|[spread] p1a,p1b\n|-heal|p1a: Cresselia|100\/100\n|-heal|p1b: Volcanion|89\/100\n|move|p2a: Landorus|Swords Dance|p2a: Landorus\n|-boost|p2a: Landorus|atk|2\n|move|p2b: Iron Moth|Heat Wave|p1b: Volcanion|[spread] p1a,p1b\n|-crit|p1a: Cresselia\n|-resisted|p1b: Volcanion\n|-damage|p1a: Cresselia|58\/100\n|-damage|p1b: Volcanion|82\/100\n|-status|p1a: Cresselia|brn\n|\n|-heal|p1b: Volcanion|88\/100|[from] Grassy Terrain\n|-heal|p2a: Landorus|100\/100|[from] Grassy Terrain\n|-heal|p2b: Iron Moth|9\/100|[from] Grassy Terrain\n|-damage|p1a: Cresselia|52\/100 brn|[from] brn\n|-fieldend|move: Trick Room\n|-fieldend|move: Grassy Terrain\n|upkeep\n|turn|13\n|\n|t:|1697730482\n|move|p1a: Cresselia|Ally Switch|p1a: Cresselia\n|swap|p1a: Cresselia|1|[from] move: Ally Switch\n|move|p2b: Iron Moth|Energy Ball|p1b: Cresselia\n|-damage|p1b: Cresselia|31\/100 brn\n|move|p2a: Landorus|Rock Slide|p1a: Volcanion|[spread] p1a,p1b\n|-supereffective|p1a: Volcanion\n|-damage|p1a: Volcanion|0 fnt\n|-damage|p1b: Cresselia|0 fnt\n|faint|p1a: Volcanion\n|faint|p1b: Cresselia\n|-damage|p2a: Landorus|91\/100|[from] item: Life Orb\n|\n|upkeep\n|\n|t:|1697730488\n|switch|p1b: Rillaboom|Rillaboom, M, tera:Water|20\/100\n|-fieldstart|move: Grassy Terrain|[from] ability: Grassy Surge|[of] p1b: Rillaboom\n|turn|14\n|n|!God_of_STANK!|godofstank\n|inactive|God_of_STANK! has 120 seconds left.\n|\n|t:|1697730529\n|move|p1b: Rillaboom|Fake Out|p2b: Iron Moth\n|-damage|p2b: Iron Moth|0 fnt\n|faint|p2b: Iron Moth\n|-end|p2b: Iron Moth|Quark Drive|[silent]\n|-damage|p1b: Rillaboom|10\/100|[from] item: Life Orb\n|move|p2a: Landorus|Rock Slide|p1b: Rillaboom\n|-damage|p1b: Rillaboom|0 fnt\n|faint|p1b: Rillaboom\n|-damage|p2a: Landorus|81\/100|[from] item: Life Orb\n|\n|win|PinchChristian\n|raw|God_of_STANK!'s rating: 1418 &rarr; <strong>1399<\/strong><br \/>(-19 for losing)\n|raw|PinchChristian's rating: 1439 &rarr; <strong>1458<\/strong><br \/>(+19 for winning)\n","uploadtime":1697730493,"views":13,"p1id":"godofstank","p2id":"pinchchristian","formatid":"gen9doublesou","rating":1399,"private":0,"password":""}