{"id":"gen9doublesou-1997545330","p1":"XYZ15","p2":"BadTimeTimmothy","format":"[Gen 9] Doubles OU","log":"|j|\u2606XYZ15\n|j|\u2606BadTimeTimmothy\n|t:|1700823282\n|gametype|doubles\n|player|p1|XYZ15|rei|1344\n|player|p2|BadTimeTimmothy|1|1184\n|teamsize|p1|6\n|teamsize|p2|6\n|gen|9\n|tier|[Gen 9] Doubles OU\n|rated|\n|rule|Species Clause: Limit one of each Pok\u00e9mon\n|rule|OHKO Clause: OHKO moves are banned\n|rule|Evasion Moves Clause: Evasion moves are banned\n|rule|Gravity Sleep Clause: The combination of sleep-inducing moves with imperfect accuracy and Gravity or Gigantamax Orbeetle are banned\n|rule|Endless Battle Clause: Forcing endless battles is banned\n|rule|HP Percentage Mod: HP is shown in percentages\n|clearpoke\n|poke|p1|Dusclops, F|\n|poke|p1|Ursaluna, M|\n|poke|p1|Farigiraf, M|\n|poke|p1|Iron Hands|\n|poke|p1|Sinistcha|\n|poke|p1|Rillaboom, F|\n|poke|p2|Rillaboom, F|\n|poke|p2|Sneasler, F|\n|poke|p2|Garganacl, F|\n|poke|p2|Sinistcha|\n|poke|p2|Gholdengo|\n|poke|p2|Tornadus, M|\n|teampreview\n|c|\u2606BadTimeTimmothy|glhf!\n|c|\u2606XYZ15|same\n|inactive|Battle timer is ON: inactive players will automatically lose when time's up. (requested by XYZ15)\n|\n|t:|1700823306\n|start\n|switch|p1a: Dusclops|Dusclops, F|100\/100\n|switch|p1b: Ursaluna|Ursaluna, M|100\/100\n|switch|p2a: Wacky|Gholdengo|100\/100\n|switch|p2b: Guacamole|Sinistcha|100\/100\n|-item|p2a: Wacky|Air Balloon\n|-item|p2a: Wacky|Air Balloon|[from] ability: Frisk|[of] p1a: Dusclops|[identify]\n|-item|p2b: Guacamole|Rocky Helmet|[from] ability: Frisk|[of] p1a: Dusclops|[identify]\n|turn|1\n|\n|t:|1700823321\n|switch|p1b: Farigiraf|Farigiraf, M|100\/100\n|move|p2a: Wacky|Shadow Ball|p1a: Dusclops\n|-supereffective|p1a: Dusclops\n|-damage|p1a: Dusclops|60\/100\n|move|p2b: Guacamole|Shadow Ball|p1a: Dusclops\n|-supereffective|p1a: Dusclops\n|-damage|p1a: Dusclops|15\/100\n|move|p1a: Dusclops|Trick Room|p1a: Dusclops\n|-fieldstart|move: Trick Room|[of] p1a: Dusclops\n|\n|upkeep\n|turn|2\n|\n|t:|1700823340\n|move|p1b: Farigiraf|Ally Switch|p1b: Farigiraf\n|swap|p1b: Farigiraf|0|[from] move: Ally Switch\n|move|p2b: Guacamole|Rage Powder|p2b: Guacamole\n|-singleturn|p2b: Guacamole|move: Rage Powder\n|move|p1b: Dusclops|Hex|p2b: Guacamole\n|-supereffective|p2b: Guacamole\n|-damage|p2b: Guacamole|66\/100\n|move|p2a: Wacky|Nasty Plot|p2a: Wacky\n|-boost|p2a: Wacky|spa|2\n|\n|upkeep\n|turn|3\n|\n|t:|1700823363\n|move|p1a: Farigiraf|Ally Switch||[still]\n|-fail|p1a: Farigiraf\n|move|p1b: Dusclops|Hex|p2b: Guacamole\n|-supereffective|p2b: Guacamole\n|-damage|p2b: Guacamole|31\/100\n|move|p2b: Guacamole|Matcha Gotcha|p1a: Farigiraf|[spread] p1a,p1b\n|-damage|p1a: Farigiraf|78\/100\n|-heal|p2b: Guacamole|46\/100|[from] drain|[of] p1a: Farigiraf\n|-damage|p1b: Dusclops|0 fnt\n|-heal|p2b: Guacamole|52\/100|[from] drain|[of] p1b: Dusclops\n|faint|p1b: Dusclops\n|move|p2a: Wacky|Make It Rain|p1a: Farigiraf\n|-damage|p1a: Farigiraf|0 fnt\n|-unboost|p2a: Wacky|spa|1\n|faint|p1a: Farigiraf\n|\n|upkeep\n|\n|t:|1700823375\n|switch|p1b: Iron Hands|Iron Hands|100\/100\n|switch|p1a: Ursaluna|Ursaluna, M|100\/100\n|-enditem|p1b: Iron Hands|Booster Energy\n|-activate|p1b: Iron Hands|ability: Quark Drive|[fromitem]\n|-start|p1b: Iron Hands|quarkdriveatk\n|turn|4\n|\n|t:|1700823393\n|move|p2b: Guacamole|Rage Powder|p2b: Guacamole\n|-singleturn|p2b: Guacamole|move: Rage Powder\n|move|p1a: Ursaluna|Rock Slide|p2a: Wacky|[spread] p2a,p2b\n|-resisted|p2a: Wacky\n|-damage|p2a: Wacky|87\/100\n|-damage|p2b: Guacamole|29\/100\n|-enditem|p2a: Wacky|Air Balloon\n|move|p1b: Iron Hands|Wild Charge|p2b: Guacamole\n|-resisted|p2b: Guacamole\n|-damage|p2b: Guacamole|0 fnt\n|-damage|p1b: Iron Hands|84\/100|[from] item: Rocky Helmet|[of] p2b: Guacamole\n|faint|p2b: Guacamole\n|-damage|p1b: Iron Hands|79\/100|[from] Recoil\n|move|p2a: Wacky|Make It Rain|p1b: Iron Hands|[spread] p1a,p1b\n|-resisted|p1b: Iron Hands\n|-damage|p1a: Ursaluna|36\/100\n|-damage|p1b: Iron Hands|44\/100\n|-unboost|p2a: Wacky|spa|1\n|\n|-status|p1a: Ursaluna|brn|[from] item: Flame Orb\n|upkeep\n|\n|t:|1700823409\n|switch|p2b: Monke|Rillaboom, F|100\/100\n|-fieldstart|move: Grassy Terrain|[from] ability: Grassy Surge|[of] p2b: Monke\n|turn|5\n|\n|t:|1700823429\n|move|p1a: Ursaluna|Protect|p1a: Ursaluna\n|-singleturn|p1a: Ursaluna|Protect\n|move|p2b: Monke|Fake Out|p1b: Iron Hands\n|-damage|p1b: Iron Hands|35\/100\n|cant|p1b: Iron Hands|flinch\n|move|p2a: Wacky|Nasty Plot|p2a: Wacky\n|-boost|p2a: Wacky|spa|2\n|\n|-heal|p1b: Iron Hands|41\/100|[from] Grassy Terrain\n|-heal|p1a: Ursaluna|42\/100 brn|[from] Grassy Terrain\n|-heal|p2a: Wacky|94\/100|[from] Grassy Terrain\n|-damage|p1a: Ursaluna|36\/100 brn|[from] brn\n|-fieldend|move: Trick Room\n|upkeep\n|turn|6\n|\n|t:|1700823451\n|switch|p1a: Sinistcha|Sinistcha|100\/100\n|-heal|p1b: Iron Hands|66\/100|[from] ability: Hospitality|[of] p1a: Sinistcha\n|move|p2b: Monke|Grassy Glide|p1a: Sinistcha\n|-resisted|p1a: Sinistcha\n|-damage|p1a: Sinistcha|83\/100\n|move|p2a: Wacky|Shadow Ball|p1b: Iron Hands\n|-damage|p1b: Iron Hands|0 fnt\n|faint|p1b: Iron Hands\n|-end|p1b: Iron Hands|Quark Drive|[silent]\n|\n|-heal|p2a: Wacky|99\/100|[from] Grassy Terrain\n|-heal|p1a: Sinistcha|89\/100|[from] Grassy Terrain\n|-heal|p1a: Sinistcha|95\/100|[from] item: Leftovers\n|upkeep\n|\n|t:|1700823462\n|switch|p1b: Rillaboom|Rillaboom, F|100\/100\n|turn|7\n|\n|t:|1700823470\n|move|p1b: Rillaboom|Grassy Glide|p2a: Wacky\n|-resisted|p2a: Wacky\n|-damage|p2a: Wacky|66\/100\n|move|p2b: Monke|U-turn|p1b: Rillaboom\n|-supereffective|p1b: Rillaboom\n|-damage|p1b: Rillaboom|54\/100\n|\n|t:|1700823476\n|switch|p2b: Swindle|Sneasler, F, shiny|100\/100|[from] U-turn\n|-enditem|p2b: Swindle|Grassy Seed\n|-boost|p2b: Swindle|def|1|[from] item: Grassy Seed\n|move|p2a: Wacky|Make It Rain|p1a: Sinistcha|[spread] p1a,p1b\n|-damage|p1a: Sinistcha|0 fnt\n|-damage|p1b: Rillaboom|0 fnt\n|-unboost|p2a: Wacky|spa|1\n|faint|p1a: Sinistcha\n|faint|p1b: Rillaboom\n|\n|-heal|p2a: Wacky|72\/100|[from] Grassy Terrain\n|upkeep\n|\n|t:|1700823485\n|switch|p1b: Ursaluna|Ursaluna, M|36\/100 brn\n|turn|8\n|\n|t:|1700823493\n|move|p1b: Ursaluna|Protect|p1b: Ursaluna\n|-singleturn|p1b: Ursaluna|Protect\n|move|p2b: Swindle|Close Combat|p1b: Ursaluna\n|-activate|p1b: Ursaluna|move: Protect\n|move|p2a: Wacky|Make It Rain|p1b: Ursaluna\n|-activate|p1b: Ursaluna|move: Protect\n|\n|-heal|p2a: Wacky|78\/100|[from] Grassy Terrain\n|-heal|p1b: Ursaluna|42\/100 brn|[from] Grassy Terrain\n|-damage|p1b: Ursaluna|36\/100 brn|[from] brn\n|upkeep\n|turn|9\n|\n|t:|1700823499\n|move|p2b: Swindle|Close Combat|p1b: Ursaluna\n|-supereffective|p1b: Ursaluna\n|-damage|p1b: Ursaluna|0 fnt\n|-unboost|p2b: Swindle|def|1\n|-unboost|p2b: Swindle|spd|1\n|faint|p1b: Ursaluna\n|\n|win|BadTimeTimmothy\n|raw|XYZ15's rating: 1344 &rarr; <strong>1315<\/strong><br \/>(-29 for losing)\n|raw|BadTimeTimmothy's rating: 1184 &rarr; <strong>1220<\/strong><br \/>(+36 for winning)\n|l|\u2606XYZ15\n|c|\u2606BadTimeTimmothy|gg\n","uploadtime":1700823509,"views":10,"p1id":"xyz15","p2id":"badtimetimmothy","formatid":"gen9doublesou","rating":1220,"private":0,"password":""}