{"id":"gen9doublesou-1999798512","p1":"its-sam87","p2":"chaddy18","format":"[Gen 9] Doubles OU","log":"|j|\u2606its-sam87\n|j|\u2606chaddy18\n|t:|1701117695\n|gametype|doubles\n|player|p1|its-sam87|acetrainer-gen2|1642\n|player|p2|chaddy18|medium|1450\n|teamsize|p1|6\n|teamsize|p2|6\n|gen|9\n|tier|[Gen 9] Doubles OU\n|rated|\n|rule|Species Clause: Limit one of each Pok\u00e9mon\n|rule|OHKO Clause: OHKO moves are banned\n|rule|Evasion Moves Clause: Evasion moves are banned\n|rule|Gravity Sleep Clause: The combination of sleep-inducing moves with imperfect accuracy and Gravity or Gigantamax Orbeetle are banned\n|rule|Endless Battle Clause: Forcing endless battles is banned\n|rule|HP Percentage Mod: HP is shown in percentages\n|clearpoke\n|poke|p1|Tornadus, M|\n|poke|p1|Amoonguss, M|\n|poke|p1|Basculegion-F, F|\n|poke|p1|Pelipper, M|\n|poke|p1|Palafin, M|\n|poke|p1|Iron Bundle|\n|poke|p2|Glimmora, F|\n|poke|p2|Kleavor, F|\n|poke|p2|Goodra-Hisui, F|\n|poke|p2|Samurott-Hisui, F|\n|poke|p2|Mew|\n|poke|p2|Ting-Lu|\n|teampreview\n|inactive|Battle timer is ON: inactive players will automatically lose when time's up. (requested by chaddy18)\n|inactive|its-sam87 also wants the timer to be on.\n|c|\u2606its-sam87|gl hf\n|\n|t:|1701117714\n|start\n|switch|p1a: Tornadus|Tornadus, M, shiny|100\/100\n|switch|p1b: Palafin|Palafin, M|100\/100\n|switch|p2a: Kleavor|Kleavor, F, shiny|100\/100\n|switch|p2b: Samurott|Samurott-Hisui, F|100\/100\n|turn|1\n|inactive|chaddy18 has 120 seconds left.\n|\n|t:|1701117763\n|detailschange|p1b: Palafin|Palafin-Hero, M\n|switch|p1b: Amoonguss|Amoonguss, M, shiny|100\/100\n|move|p1a: Tornadus|Tailwind|p1a: Tornadus\n|-sidestart|p1: its-sam87|move: Tailwind\n|move|p2a: Kleavor|Stone Axe|p1b: Amoonguss\n|-damage|p1b: Amoonguss|51\/100\n|-damage|p2a: Kleavor|84\/100|[from] item: Rocky Helmet|[of] p1b: Amoonguss\n|-sidestart|p1: its-sam87|move: Stealth Rock\n|move|p2b: Samurott|Ceaseless Edge|p1b: Amoonguss\n|-damage|p1b: Amoonguss|9\/100\n|-damage|p2b: Samurott|84\/100|[from] item: Rocky Helmet|[of] p1b: Amoonguss\n|-sidestart|p1: its-sam87|Spikes\n|\n|upkeep\n|turn|2\n|inactive|chaddy18 has 120 seconds left.\n|\n|t:|1701117782\n|move|p1b: Amoonguss|Rage Powder|p1b: Amoonguss\n|-singleturn|p1b: Amoonguss|move: Rage Powder\n|move|p1a: Tornadus|Bleakwind Storm|p2b: Samurott|[spread] p2a,p2b\n|-damage|p2a: Kleavor|36\/100\n|-damage|p2b: Samurott|38\/100\n|-unboost|p2b: Samurott|spe|1\n|move|p2a: Kleavor|Stone Axe|p1b: Amoonguss|[miss]\n|-miss|p2a: Kleavor|p1b: Amoonguss\n|move|p2b: Samurott|Ceaseless Edge|p1b: Amoonguss\n|-damage|p1b: Amoonguss|0 fnt\n|-damage|p2b: Samurott|22\/100|[from] item: Rocky Helmet|[of] p1b: Amoonguss\n|-sidestart|p1: its-sam87|Spikes\n|faint|p1b: Amoonguss\n|\n|upkeep\n|\n|t:|1701117796\n|switch|p1b: Palafin|Palafin-Hero, M|100\/100\n|-damage|p1b: Palafin|88\/100|[from] Stealth Rock\n|-damage|p1b: Palafin|72\/100|[from] Spikes\n|-activate|p1b: Palafin|ability: Zero to Hero\n|turn|3\n|\n|t:|1701117805\n|move|p2a: Kleavor|Protect|p2a: Kleavor\n|-singleturn|p2a: Kleavor|Protect\n|move|p1b: Palafin|Jet Punch|p2b: Samurott\n|-resisted|p2b: Samurott\n|-damage|p2b: Samurott|0 fnt\n|faint|p2b: Samurott\n|move|p1a: Tornadus|Bleakwind Storm|p2a: Kleavor\n|-activate|p2a: Kleavor|move: Protect\n|\n|upkeep\n|\n|t:|1701117816\n|switch|p2b: Mew|Mew, shiny|100\/100\n|turn|4\n|\n|t:|1701117821\n|switch|p2a: Glimmora|Glimmora, F|100\/100\n|move|p1a: Tornadus|Taunt|p2b: Mew\n|-start|p2b: Mew|move: Taunt\n|move|p1b: Palafin|Jet Punch|p2a: Glimmora\n|-supereffective|p2a: Glimmora\n|-crit|p2a: Glimmora\n|-enditem|p2a: Glimmora|Focus Sash\n|-damage|p2a: Glimmora|1\/100\n|-activate|p2a: Glimmora|ability: Toxic Debris\n|-sidestart|p1: its-sam87|move: Toxic Spikes\n|cant|p2b: Mew|move: Taunt|Toxic Spikes\n|\n|-sideend|p1: its-sam87|move: Tailwind\n|upkeep\n|turn|5\n|\n|t:|1701117844\n|switch|p2b: Kleavor|Kleavor, F, shiny|36\/100\n|move|p2a: Glimmora|Spiky Shield|p2a: Glimmora\n|-singleturn|p2a: Glimmora|move: Protect\n|move|p1a: Tornadus|Rain Dance|p1a: Tornadus\n|-weather|RainDance\n|move|p1b: Palafin|Jet Punch|p2a: Glimmora\n|-activate|p2a: Glimmora|move: Protect\n|-damage|p1b: Palafin|59\/100|[from] Spiky Shield|[of] p2a: Glimmora\n|\n|-weather|RainDance|[upkeep]\n|upkeep\n|turn|6\n|\n|t:|1701117864\n|move|p1b: Palafin|Jet Punch|p2a: Glimmora\n|-supereffective|p2a: Glimmora\n|-damage|p2a: Glimmora|0 fnt\n|-activate|p2a: Glimmora|ability: Toxic Debris\n|-sidestart|p1: its-sam87|move: Toxic Spikes\n|faint|p2a: Glimmora\n|move|p2b: Kleavor|Stone Axe|p1a: Tornadus\n|-supereffective|p1a: Tornadus\n|-damage|p1a: Tornadus|10\/100\n|move|p1a: Tornadus|Bleakwind Storm|p2b: Kleavor\n|-damage|p2b: Kleavor|0 fnt\n|faint|p2b: Kleavor\n|\n|-weather|RainDance|[upkeep]\n|upkeep\n|\n|t:|1701117877\n|switch|p2b: Goodra|Goodra-Hisui, F|100\/100\n|switch|p2a: Mew|Mew, shiny|100\/100\n|turn|7\n|\n|t:|1701117889\n|move|p2b: Goodra|Protect|p2b: Goodra\n|-singleturn|p2b: Goodra|Protect\n|move|p1a: Tornadus|Taunt|p2b: Goodra\n|-activate|p2b: Goodra|move: Protect\n|move|p1b: Palafin|Jet Punch|p2a: Mew\n|-damage|p2a: Mew|31\/100\n|-enditem|p2a: Mew|Red Card|[of] p1b: Palafin\n|drag|p1b: Iron Bundle|Iron Bundle, shiny|100\/100\n|-damage|p1b: Iron Bundle|76\/100|[from] Stealth Rock\n|-damage|p1b: Iron Bundle|59\/100|[from] Spikes\n|-status|p1b: Iron Bundle|tox\n|-enditem|p1b: Iron Bundle|Booster Energy\n|-activate|p1b: Iron Bundle|ability: Quark Drive|[fromitem]\n|-start|p1b: Iron Bundle|quarkdrivespe\n|move|p2a: Mew|Dragon Tail|p1b: Iron Bundle\n|-damage|p1b: Iron Bundle|43\/100 tox\n|-end|p1b: Iron Bundle|Quark Drive|[silent]\n|drag|p1b: Palafin|Palafin-Hero, M|59\/100\n|-damage|p1b: Palafin|47\/100|[from] Stealth Rock\n|-damage|p1b: Palafin|30\/100|[from] Spikes\n|-status|p1b: Palafin|tox\n|\n|-weather|RainDance|[upkeep]\n|-damage|p1b: Palafin|24\/100 tox|[from] psn\n|upkeep\n|turn|8\n|inactive|chaddy18 has 120 seconds left.\n|\n|t:|1701117920\n|move|p1a: Tornadus|Taunt|p2b: Goodra\n|-start|p2b: Goodra|move: Taunt\n|move|p1b: Palafin|Jet Punch|p2a: Mew\n|-damage|p2a: Mew|0 fnt\n|faint|p2a: Mew\n|cant|p2b: Goodra|move: Taunt|Life Dew\n|\n|-weather|RainDance|[upkeep]\n|-damage|p1b: Palafin|12\/100 tox|[from] psn\n|upkeep\n|inactive|chaddy18 has 120 seconds left.\n|\n|t:|1701117929\n|switch|p2a: Ting-Lu|Ting-Lu|100\/100\n|-ability|p2a: Ting-Lu|Vessel of Ruin\n|turn|9\n|\n|t:|1701117941\n|move|p2a: Ting-Lu|Protect|p2a: Ting-Lu\n|-singleturn|p2a: Ting-Lu|Protect\n|move|p1b: Palafin|Jet Punch|p2a: Ting-Lu\n|-activate|p2a: Ting-Lu|move: Protect\n|move|p1a: Tornadus|Bleakwind Storm|p2b: Goodra|[spread] p2b\n|-activate|p2a: Ting-Lu|move: Protect\n|-resisted|p2b: Goodra\n|-damage|p2b: Goodra|93\/100\n|-enditem|p2b: Goodra|Red Card|[of] p1a: Tornadus\n|drag|p1a: Pelipper|Pelipper, M, shiny|100\/100\n|-damage|p1a: Pelipper|75\/100|[from] Stealth Rock\n|move|p2b: Goodra|Dragon Tail|p1a: Pelipper\n|-damage|p1a: Pelipper|59\/100\n|drag|p1a: Iron Bundle|Iron Bundle, shiny|43\/100 tox\n|-damage|p1a: Iron Bundle|18\/100 tox|[from] Stealth Rock\n|-damage|p1a: Iron Bundle|1\/100 tox|[from] Spikes\n|\n|-weather|none\n|-damage|p1a: Iron Bundle|0 fnt|[from] psn\n|faint|p1a: Iron Bundle\n|-end|p1a: Iron Bundle|Quark Drive|[silent]\n|-damage|p1b: Palafin|0 fnt|[from] psn\n|faint|p1b: Palafin\n|upkeep\n|\n|t:|1701117959\n|switch|p1a: Tornadus|Tornadus, M, shiny|10\/100\n|switch|p1b: Basculegion|Basculegion-F, F|100\/100\n|-damage|p1b: Basculegion|88\/100|[from] Stealth Rock\n|-damage|p1b: Basculegion|72\/100|[from] Spikes\n|-status|p1b: Basculegion|tox\n|-damage|p1a: Tornadus|0 fnt|[from] Stealth Rock\n|faint|p1a: Tornadus\n|\n|t:|1701117962\n|switch|p1a: Pelipper|Pelipper, M, shiny|59\/100\n|-damage|p1a: Pelipper|34\/100|[from] Stealth Rock\n|-weather|RainDance|[from] ability: Drizzle|[of] p1a: Pelipper\n|turn|10\n|\n|t:|1701117988\n|-terastallize|p1b: Basculegion|Ghost\n|move|p1b: Basculegion|Last Respects|p2b: Goodra\n|-damage|p2b: Goodra|0 fnt\n|faint|p2b: Goodra\n|move|p1a: Pelipper|Hydro Pump|p2a: Ting-Lu\n|-supereffective|p2a: Ting-Lu\n|-damage|p2a: Ting-Lu|40\/100\n|move|p2a: Ting-Lu|Throat Chop|p1b: Basculegion\n|-supereffective|p1b: Basculegion\n|-damage|p1b: Basculegion|2\/100 tox\n|-start|p1b: Basculegion|Throat Chop|[silent]\n|\n|-weather|RainDance|[upkeep]\n|-heal|p2a: Ting-Lu|47\/100|[from] item: Leftovers\n|-damage|p1b: Basculegion|0 fnt|[from] psn\n|faint|p1b: Basculegion\n|upkeep\n|turn|11\n|c|\u2606its-sam87|pelipper pls dont miss\n|\n|t:|1701118014\n|move|p2a: Ting-Lu|Protect|p2a: Ting-Lu\n|-singleturn|p2a: Ting-Lu|Protect\n|move|p1a: Pelipper|Hydro Pump|p2a: Ting-Lu\n|-activate|p2a: Ting-Lu|move: Protect\n|\n|-weather|RainDance|[upkeep]\n|-heal|p2a: Ting-Lu|53\/100|[from] item: Leftovers\n|upkeep\n|turn|12\n|\n|t:|1701118033\n|-terastallize|p2a: Ting-Lu|Ghost\n|move|p1a: Pelipper|Hydro Pump|p2a: Ting-Lu\n|-damage|p2a: Ting-Lu|25\/100\n|move|p2a: Ting-Lu|Throat Chop|p1a: Pelipper\n|-damage|p1a: Pelipper|11\/100\n|-start|p1a: Pelipper|Throat Chop|[silent]\n|\n|-weather|RainDance|[upkeep]\n|-heal|p2a: Ting-Lu|31\/100|[from] item: Leftovers\n|upkeep\n|turn|13\n|\n|t:|1701118041\n|move|p2a: Ting-Lu|Protect|p2a: Ting-Lu\n|-singleturn|p2a: Ting-Lu|Protect\n|move|p1a: Pelipper|Hydro Pump|p2a: Ting-Lu\n|-activate|p2a: Ting-Lu|move: Protect\n|\n|-weather|RainDance|[upkeep]\n|-heal|p2a: Ting-Lu|38\/100|[from] item: Leftovers\n|-end|p1a: Pelipper|Throat Chop|[silent]\n|upkeep\n|turn|14\n|\n|t:|1701118049\n|move|p1a: Pelipper|Hydro Pump|p2a: Ting-Lu\n|-damage|p2a: Ting-Lu|9\/100\n|move|p2a: Ting-Lu|Throat Chop|p1a: Pelipper\n|-crit|p1a: Pelipper\n|-damage|p1a: Pelipper|0 fnt\n|faint|p1a: Pelipper\n|\n|win|chaddy18\n|raw|its-sam87's rating: 1642 &rarr; <strong>1612<\/strong><br \/>(-30 for losing)\n|raw|chaddy18's rating: 1450 &rarr; <strong>1480<\/strong><br \/>(+30 for winning)\n|c|\u2606its-sam87|noooo\n|c|\u2606chaddy18|gg\n|c|\u2606its-sam87|gg\n|l|\u2606chaddy18\n","uploadtime":1701118062,"views":11,"p1id":"itssam87","p2id":"chaddy18","formatid":"gen9doublesou","rating":1480,"private":0,"password":""}