{"id":"gen9doublesou-1969572002","p1":"Tired of Legends","p2":"lolIwatchYT","format":"[Gen 9] Doubles OU","log":"|j|\u2606Tired of Legends\n|j|\u2606lolIwatchYT\n|t:|1697548363\n|gametype|doubles\n|player|p1|Tired of Legends|birdkeeper-gen4dp|1143\n|player|p2|lolIwatchYT|265|1195\n|teamsize|p1|6\n|teamsize|p2|6\n|gen|9\n|tier|[Gen 9] Doubles OU\n|rated|\n|rule|Species Clause: Limit one of each Pok\u00e9mon\n|rule|OHKO Clause: OHKO moves are banned\n|rule|Evasion Moves Clause: Evasion moves are banned\n|rule|Gravity Sleep Clause: The combination of sleep-inducing moves with imperfect accuracy and Gravity or Gigantamax Orbeetle are banned\n|rule|Endless Battle Clause: Forcing endless battles is banned\n|rule|HP Percentage Mod: HP is shown in percentages\n|clearpoke\n|poke|p1|Scovillain, M|\n|poke|p1|Klefki, F|\n|poke|p1|Weavile, M|\n|poke|p1|Weezing, M|\n|poke|p1|Quagsire, F|\n|poke|p1|Milotic, F|\n|poke|p2|Azumarill, F|\n|poke|p2|Arcanine-Hisui, F|\n|poke|p2|Typhlosion-Hisui, F|\n|poke|p2|Gastrodon, M|\n|poke|p2|Tornadus, M|\n|poke|p2|Klefki, M|\n|teampreview\n|inactive|Battle timer is ON: inactive players will automatically lose when time's up. (requested by Tired of Legends)\n|\n|t:|1697548383\n|start\n|switch|p1a: Weavile|Weavile, M|100\/100\n|switch|p1b: Weezing|Weezing, M|100\/100\n|switch|p2a: Arcanine|Arcanine-Hisui, F|100\/100\n|switch|p2b: Typhlosion|Typhlosion-Hisui, F|100\/100\n|-item|p1a: Weavile|Focus Sash|[from] ability: Frisk|[of] p2b: Typhlosion|[identify]\n|-item|p1b: Weezing|Black Sludge|[from] ability: Frisk|[of] p2b: Typhlosion|[identify]\n|-ability|p2a: Arcanine|Intimidate|boost\n|-unboost|p1a: Weavile|atk|1\n|-unboost|p1b: Weezing|atk|1\n|-item|p2a: Arcanine|Air Balloon\n|turn|1\n|\n|t:|1697548410\n|move|p1a: Weavile|Fake Out|p2a: Arcanine\n|-resisted|p2a: Arcanine\n|-damage|p2a: Arcanine|95\/100\n|-enditem|p2a: Arcanine|Air Balloon\n|move|p2b: Typhlosion|Eruption|p1b: Weezing|[spread] p1a,p1b\n|-supereffective|p1a: Weavile\n|-enditem|p1a: Weavile|Focus Sash\n|-damage|p1a: Weavile|1\/100\n|-damage|p1b: Weezing|49\/100\n|cant|p2a: Arcanine|flinch\n|move|p1b: Weezing|Stockpile|p1b: Weezing\n|-start|p1b: Weezing|stockpile1\n|-boost|p1b: Weezing|def|1\n|-boost|p1b: Weezing|spd|1\n|\n|-heal|p1b: Weezing|55\/100|[from] item: Black Sludge\n|upkeep\n|turn|2\n|inactive|lolIwatchYT has 120 seconds left.\n|\n|t:|1697548444\n|move|p1a: Weavile|Knock Off|p2b: Typhlosion\n|-supereffective|p2b: Typhlosion\n|-damage|p2b: Typhlosion|8\/100\n|-enditem|p2b: Typhlosion|Wise Glasses|[from] move: Knock Off|[of] p1a: Weavile\n|move|p2b: Typhlosion|Infernal Parade|p1a: Weavile\n|-resisted|p1a: Weavile\n|-damage|p1a: Weavile|0 fnt\n|faint|p1a: Weavile\n|move|p2a: Arcanine|Flare Blitz|p1b: Weezing\n|-damage|p1b: Weezing|24\/100\n|-damage|p2a: Arcanine|86\/100|[from] Recoil\n|move|p1b: Weezing|Sludge Bomb|p2a: Arcanine\n|-resisted|p2a: Arcanine\n|-damage|p2a: Arcanine|72\/100\n|\n|-heal|p1b: Weezing|30\/100|[from] item: Black Sludge\n|upkeep\n|\n|t:|1697548448\n|switch|p1a: Klefki|Klefki, F|100\/100\n|turn|3\n|\n|t:|1697548471\n|move|p1a: Klefki|Thunder Wave|p2a: Arcanine\n|-status|p2a: Arcanine|par\n|move|p2b: Typhlosion|Infernal Parade|p1b: Weezing\n|-damage|p1b: Weezing|11\/100\n|move|p1b: Weezing|Sludge Bomb|p2b: Typhlosion\n|-resisted|p2b: Typhlosion\n|-damage|p2b: Typhlosion|0 fnt\n|faint|p2b: Typhlosion\n|move|p2a: Arcanine|Will-O-Wisp|p1b: Weezing\n|-status|p1b: Weezing|brn\n|\n|-heal|p1b: Weezing|17\/100 brn|[from] item: Black Sludge\n|-damage|p1b: Weezing|11\/100 brn|[from] brn\n|upkeep\n|\n|t:|1697548485\n|switch|p2b: Klefki|Klefki, M|100\/100\n|-item|p2b: Klefki|Air Balloon\n|turn|4\n|\n|t:|1697548497\n|move|p2b: Klefki|Light Screen|p2b: Klefki\n|-sidestart|p2: lolIwatchYT|move: Light Screen\n|move|p1a: Klefki|Light Screen|p1a: Klefki\n|-sidestart|p1: Tired of Legends|move: Light Screen\n|move|p1b: Weezing|Will-O-Wisp|p2b: Klefki\n|-status|p2b: Klefki|brn\n|move|p2a: Arcanine|Flare Blitz|p1a: Klefki\n|-supereffective|p1a: Klefki\n|-damage|p1a: Klefki|23\/100\n|-damage|p2a: Arcanine|50\/100 par|[from] Recoil\n|\n|-heal|p1b: Weezing|17\/100 brn|[from] item: Black Sludge\n|-damage|p2b: Klefki|94\/100 brn|[from] brn\n|-damage|p1b: Weezing|11\/100 brn|[from] brn\n|upkeep\n|turn|5\n|\n|t:|1697548521\n|move|p2b: Klefki|Spikes|p1b: Weezing\n|-sidestart|p1: Tired of Legends|Spikes\n|move|p1a: Klefki|Reflect|p1a: Klefki\n|-sidestart|p1: Tired of Legends|Reflect\n|move|p1b: Weezing|Stockpile|p1b: Weezing\n|-start|p1b: Weezing|stockpile2\n|-boost|p1b: Weezing|def|1\n|-boost|p1b: Weezing|spd|1\n|cant|p2a: Arcanine|par\n|\n|-heal|p1b: Weezing|17\/100 brn|[from] item: Black Sludge\n|-damage|p2b: Klefki|88\/100 brn|[from] brn\n|-damage|p1b: Weezing|11\/100 brn|[from] brn\n|upkeep\n|turn|6\n|\n|t:|1697548548\n|move|p2b: Klefki|Spikes|p1a: Klefki\n|-sidestart|p1: Tired of Legends|Spikes\n|move|p1a: Klefki|Dazzling Gleam|p2b: Klefki|[spread] p2a,p2b\n|-resisted|p2a: Arcanine\n|-resisted|p2b: Klefki\n|-damage|p2a: Arcanine|44\/100 par\n|-damage|p2b: Klefki|82\/100 brn\n|-enditem|p2b: Klefki|Air Balloon\n|move|p1b: Weezing|Sludge Bomb|p2a: Arcanine\n|-resisted|p2a: Arcanine\n|-damage|p2a: Arcanine|34\/100 par\n|cant|p2a: Arcanine|par\n|\n|-heal|p1b: Weezing|17\/100 brn|[from] item: Black Sludge\n|-damage|p2b: Klefki|76\/100 brn|[from] brn\n|-damage|p1b: Weezing|11\/100 brn|[from] brn\n|upkeep\n|turn|7\n|\n|t:|1697548567\n|move|p2b: Klefki|Dazzling Gleam|p1b: Weezing|[spread] p1a,p1b\n|-resisted|p1a: Klefki\n|-resisted|p1b: Weezing\n|-damage|p1a: Klefki|15\/100\n|-damage|p1b: Weezing|8\/100 brn\n|move|p1a: Klefki|Dazzling Gleam|p2b: Klefki|[spread] p2a,p2b\n|-resisted|p2a: Arcanine\n|-resisted|p2b: Klefki\n|-crit|p2b: Klefki\n|-damage|p2a: Arcanine|27\/100 par\n|-damage|p2b: Klefki|62\/100 brn\n|move|p1b: Weezing|Sludge Bomb|p2a: Arcanine\n|-resisted|p2a: Arcanine\n|-damage|p2a: Arcanine|16\/100 par\n|move|p2a: Arcanine|Flare Blitz|p1a: Klefki\n|-supereffective|p1a: Klefki\n|-damage|p1a: Klefki|0 fnt\n|faint|p1a: Klefki\n|-damage|p2a: Arcanine|12\/100 par|[from] Recoil\n|\n|-heal|p1b: Weezing|14\/100 brn|[from] item: Black Sludge\n|-damage|p2b: Klefki|56\/100 brn|[from] brn\n|-damage|p1b: Weezing|8\/100 brn|[from] brn\n|upkeep\n|\n|t:|1697548575\n|switch|p1a: Quagsire|Quagsire, F|100\/100\n|-damage|p1a: Quagsire|84\/100|[from] Spikes\n|turn|8\n|\n|t:|1697548594\n|switch|p2a: Gastrodon|Gastrodon, M|100\/100\n|move|p2b: Klefki|Spikes|p1a: Quagsire\n|-sidestart|p1: Tired of Legends|Spikes\n|move|p1b: Weezing|Sludge Bomb|p2a: Gastrodon\n|-resisted|p2a: Gastrodon\n|-damage|p2a: Gastrodon|92\/100\n|move|p1a: Quagsire|Earthquake|p2b: Klefki|[spread] p2a,p2b\n|-immune|p1b: Weezing|[from] ability: Levitate\n|-supereffective|p2b: Klefki\n|-damage|p2a: Gastrodon|55\/100\n|-damage|p2b: Klefki|0 fnt\n|faint|p2b: Klefki\n|\n|-heal|p1b: Weezing|14\/100 brn|[from] item: Black Sludge\n|-heal|p2a: Gastrodon|62\/100|[from] item: Leftovers\n|-damage|p1b: Weezing|8\/100 brn|[from] brn\n|-sideend|p2: lolIwatchYT|move: Light Screen\n|-sideend|p1: Tired of Legends|move: Light Screen\n|upkeep\n|\n|t:|1697548612\n|switch|p2b: Tornadus|Tornadus, M|100\/100\n|turn|9\n|\n|t:|1697548622\n|move|p2b: Tornadus|Tailwind|p2b: Tornadus\n|-sidestart|p2: lolIwatchYT|move: Tailwind\n|move|p2a: Gastrodon|Recover|p2a: Gastrodon\n|-heal|p2a: Gastrodon|100\/100\n|move|p1b: Weezing|Sludge Bomb|p2b: Tornadus\n|-damage|p2b: Tornadus|67\/100\n|move|p1a: Quagsire|Rock Slide|p2a: Gastrodon|[spread] p2a,p2b\n|-resisted|p2a: Gastrodon\n|-supereffective|p2b: Tornadus\n|-damage|p2a: Gastrodon|92\/100\n|-damage|p2b: Tornadus|19\/100\n|\n|-heal|p2a: Gastrodon|98\/100|[from] item: Leftovers\n|-heal|p1b: Weezing|14\/100 brn|[from] item: Black Sludge\n|-damage|p1b: Weezing|8\/100 brn|[from] brn\n|-sideend|p1: Tired of Legends|Reflect\n|upkeep\n|turn|10\n|\n|t:|1697548643\n|move|p2b: Tornadus|Protect|p2b: Tornadus\n|-singleturn|p2b: Tornadus|Protect\n|move|p2a: Gastrodon|Earth Power|p1a: Quagsire\n|-damage|p1a: Quagsire|53\/100\n|move|p1b: Weezing|Sludge Bomb|p2b: Tornadus\n|-activate|p2b: Tornadus|move: Protect\n|move|p1a: Quagsire|Rock Slide|p2a: Gastrodon|[spread] p2a\n|-activate|p2b: Tornadus|move: Protect\n|-resisted|p2a: Gastrodon\n|-damage|p2a: Gastrodon|89\/100\n|\n|-heal|p2a: Gastrodon|95\/100|[from] item: Leftovers\n|-heal|p1b: Weezing|14\/100 brn|[from] item: Black Sludge\n|-damage|p1b: Weezing|8\/100 brn|[from] brn\n|upkeep\n|turn|11\n|\n|t:|1697548661\n|move|p2b: Tornadus|Bleakwind Storm|p1a: Quagsire|[spread] p1a,p1b\n|-damage|p1a: Quagsire|18\/100\n|-damage|p1b: Weezing|0 fnt\n|-unboost|p1a: Quagsire|spe|1\n|faint|p1b: Weezing\n|move|p2a: Gastrodon|Earth Power|p1a: Quagsire\n|-damage|p1a: Quagsire|0 fnt\n|faint|p1a: Quagsire\n|\n|-heal|p2a: Gastrodon|100\/100|[from] item: Leftovers\n|upkeep\n|\n|t:|1697548669\n|switch|p1b: Milotic|Milotic, F|100\/100\n|switch|p1a: Scovillain|Scovillain, M|100\/100\n|-damage|p1b: Milotic|76\/100|[from] Spikes\n|-damage|p1a: Scovillain|76\/100|[from] Spikes\n|turn|12\n|\n|t:|1697548696\n|-terastallize|p2a: Gastrodon|Bug\n|move|p2b: Tornadus|Protect|p2b: Tornadus\n|-singleturn|p2b: Tornadus|Protect\n|move|p1a: Scovillain|Protect|p1a: Scovillain\n|-singleturn|p1a: Scovillain|Protect\n|move|p2a: Gastrodon|Earth Power|p1b: Milotic\n|-damage|p1b: Milotic|48\/100\n|move|p1b: Milotic|Ice Beam|p2b: Tornadus\n|-activate|p2b: Tornadus|move: Protect\n|\n|-heal|p1a: Scovillain|82\/100|[from] item: Leftovers\n|-sideend|p2: lolIwatchYT|move: Tailwind\n|-status|p1b: Milotic|brn|[from] item: Flame Orb\n|-ability|p1a: Scovillain|Moody|boost\n|-boost|p1a: Scovillain|spe|2\n|-unboost|p1a: Scovillain|spa|1\n|upkeep\n|turn|13\n|\n|t:|1697548716\n|move|p2b: Tornadus|Tailwind|p2b: Tornadus\n|-sidestart|p2: lolIwatchYT|move: Tailwind\n|move|p1a: Scovillain|Flamethrower|p2a: Gastrodon\n|-supereffective|p2a: Gastrodon\n|-crit|p2a: Gastrodon\n|-damage|p2a: Gastrodon|0 fnt\n|faint|p2a: Gastrodon\n|move|p1b: Milotic|Life Dew|p1b: Milotic|[spread] p1a,p1b\n|-heal|p1a: Scovillain|100\/100\n|-heal|p1b: Milotic|73\/100 brn\n|\n|-damage|p1b: Milotic|67\/100 brn|[from] brn\n|-ability|p1a: Scovillain|Moody|boost\n|-boost|p1a: Scovillain|def|2\n|-unboost|p1a: Scovillain|spe|1\n|upkeep\n|\n|t:|1697548733\n|switch|p2a: Azumarill|Azumarill, F|100\/100\n|turn|14\n|\n|t:|1697548743\n|switch|p2a: Arcanine|Arcanine-Hisui, F|12\/100 par\n|-ability|p2a: Arcanine|Intimidate|boost\n|-unboost|p1a: Scovillain|atk|1\n|-unboost|p1b: Milotic|atk|1\n|move|p2b: Tornadus|Bleakwind Storm|p1a: Scovillain|[spread] p1a,p1b\n|-supereffective|p1a: Scovillain\n|-crit|p1a: Scovillain\n|-damage|p1a: Scovillain|0 fnt\n|-damage|p1b: Milotic|36\/100 brn\n|faint|p1a: Scovillain\n|move|p1b: Milotic|Scald|p2a: Arcanine\n|-supereffective|p2a: Arcanine\n|-damage|p2a: Arcanine|0 fnt\n|faint|p2a: Arcanine\n|\n|-damage|p1b: Milotic|30\/100 brn|[from] brn\n|upkeep\n|\n|t:|1697548757\n|switch|p2a: Azumarill|Azumarill, F|100\/100\n|turn|15\n|\n|t:|1697548763\n|move|p2b: Tornadus|Bleakwind Storm|p1b: Milotic\n|-damage|p1b: Milotic|0 fnt\n|faint|p1b: Milotic\n|\n|win|lolIwatchYT\n|raw|Tired of Legends's rating: 1114 &rarr; <strong>1095<\/strong><br \/>(-19 for losing)\n|raw|lolIwatchYT's rating: 1195 &rarr; <strong>1214<\/strong><br \/>(+19 for winning)\n|l|\u2606Tired of Legends\n","uploadtime":1697548769,"views":15,"p1id":"tiredoflegends","p2id":"loliwatchyt","formatid":"gen9doublesou","rating":1095,"private":0,"password":""}