{"id":"gen9doublesou-1981830707","p1":"Pikablaster","p2":"Nemasilla","format":"[Gen 9] Doubles OU","log":"|j|\u2606Pikablaster\n|j|\u2606Nemasilla\n|t:|1698944858\n|gametype|doubles\n|player|p1|Pikablaster|101|1143\n|player|p2|Nemasilla|guzma|1173\n|teamsize|p1|6\n|teamsize|p2|6\n|gen|9\n|tier|[Gen 9] Doubles OU\n|rated|\n|rule|Species Clause: Limit one of each Pok\u00e9mon\n|rule|OHKO Clause: OHKO moves are banned\n|rule|Evasion Moves Clause: Evasion moves are banned\n|rule|Gravity Sleep Clause: The combination of sleep-inducing moves with imperfect accuracy and Gravity or Gigantamax Orbeetle are banned\n|rule|Endless Battle Clause: Forcing endless battles is banned\n|rule|HP Percentage Mod: HP is shown in percentages\n|clearpoke\n|poke|p1|Cresselia, F|\n|poke|p1|Klefki, M|\n|poke|p1|Diancie|\n|poke|p1|Glastrier|\n|poke|p1|Skeledirge, M|\n|poke|p1|Amoonguss, M|\n|poke|p2|Ursaluna-Bloodmoon, M|\n|poke|p2|Dusclops, F|\n|poke|p2|Rillaboom, F|\n|poke|p2|Landorus-Therian, M|\n|poke|p2|Flutter Mane|\n|poke|p2|Ogerpon-Hearthflame, F|\n|teampreview\n|inactive|Battle timer is ON: inactive players will automatically lose when time's up. (requested by Nemasilla)\n|inactive|Pikablaster also wants the timer to be on.\n|\n|t:|1698944878\n|start\n|switch|p1a: Skeledirge|Skeledirge, M, shiny|100\/100\n|switch|p1b: Klefki|Klefki, M, shiny|100\/100\n|switch|p2a: Flutter Mane|Flutter Mane|100\/100\n|switch|p2b: Ogerpon|Ogerpon-Hearthflame, F|100\/100\n|-ability|p2b: Ogerpon|Mold Breaker\n|-enditem|p2a: Flutter Mane|Booster Energy\n|-activate|p2a: Flutter Mane|ability: Protosynthesis|[fromitem]\n|-start|p2a: Flutter Mane|protosynthesisspa\n|turn|1\n|\n|t:|1698944894\n|move|p2a: Flutter Mane|Protect|p2a: Flutter Mane\n|-singleturn|p2a: Flutter Mane|Protect\n|move|p2b: Ogerpon|Ivy Cudgel|p1b: Klefki\n|-supereffective|p1b: Klefki\n|-damage|p1b: Klefki|0 fnt\n|faint|p1b: Klefki\n|move|p1a: Skeledirge|Torch Song|p2a: Flutter Mane\n|-activate|p2a: Flutter Mane|move: Protect\n|\n|upkeep\n|\n|t:|1698944899\n|switch|p1b: Diancie|Diancie, shiny|100\/100\n|turn|2\n|inactive|Nemasilla has 120 seconds left.\n|\n|t:|1698944930\n|switch|p2b: Dusclops|Dusclops, F|100\/100\n|-item|p1a: Skeledirge|Throat Spray|[from] ability: Frisk|[of] p2b: Dusclops|[identify]\n|-item|p1b: Diancie|Aguav Berry|[from] ability: Frisk|[of] p2b: Dusclops|[identify]\n|switch|p1a: Cresselia|Cresselia, F, shiny|100\/100\n|move|p2a: Flutter Mane|Shadow Ball|p1a: Cresselia\n|-supereffective|p1a: Cresselia\n|-damage|p1a: Cresselia|21\/100\n|-unboost|p1a: Cresselia|spd|1\n|move|p1b: Diancie|Trick Room|p1b: Diancie\n|-fieldstart|move: Trick Room|[of] p1b: Diancie\n|\n|-heal|p1a: Cresselia|27\/100|[from] item: Leftovers\n|upkeep\n|turn|3\n|inactive|Nemasilla has 120 seconds left.\n|inactive|Pikablaster has 120 seconds left.\n|\n|t:|1698944979\n|switch|p1a: Glastrier|Glastrier|100\/100\n|move|p2b: Dusclops|Night Shade|p1a: Glastrier\n|-damage|p1a: Glastrier|76\/100\n|move|p1b: Diancie|Diamond Storm|p2b: Dusclops|[spread] p2a\n|-miss|p1b: Diancie|p2b: Dusclops\n|-damage|p2a: Flutter Mane|58\/100\n|-boost|p1b: Diancie|def|2\n|move|p2a: Flutter Mane|Shadow Ball|p1a: Glastrier\n|-damage|p1a: Glastrier|24\/100\n|\n|upkeep\n|turn|4\n|inactive|Nemasilla has 120 seconds left.\n|inactive|Pikablaster has 120 seconds left.\n|inactive|Pikablaster has 90 seconds left.\n|\n|t:|1698945024\n|move|p2b: Dusclops|Night Shade|p1a: Glastrier\n|-damage|p1a: Glastrier|0 fnt\n|faint|p1a: Glastrier\n|move|p1b: Diancie|Diamond Storm|p2b: Dusclops|[spread] p2a,p2b\n|-damage|p2a: Flutter Mane|19\/100\n|-damage|p2b: Dusclops|84\/100\n|-boost|p1b: Diancie|def|2\n|move|p2a: Flutter Mane|Shadow Ball|p1b: Diancie\n|-damage|p1b: Diancie|49\/100\n|\n|upkeep\n|\n|t:|1698945029\n|switch|p1a: Amoonguss|Amoonguss, M, shiny|100\/100\n|turn|5\n|inactive|Nemasilla has 120 seconds left.\n|\n|t:|1698945057\n|switch|p2b: Rillaboom|Rillaboom, F|100\/100\n|-fieldstart|move: Grassy Terrain|[from] ability: Grassy Surge|[of] p2b: Rillaboom\n|move|p1a: Amoonguss|Pollen Puff|p1b: Diancie\n|-heal|p1b: Diancie|99\/100\n|move|p1b: Diancie|Diamond Storm|p2a: Flutter Mane|[spread] p2a\n|-miss|p1b: Diancie|p2b: Rillaboom\n|-damage|p2a: Flutter Mane|0 fnt\n|-boost|p1b: Diancie|def|2\n|faint|p2a: Flutter Mane\n|-end|p2a: Flutter Mane|Protosynthesis|[silent]\n|\n|-heal|p1b: Diancie|100\/100|[from] Grassy Terrain\n|upkeep\n|\n|t:|1698945076\n|switch|p2a: Ogerpon|Ogerpon-Hearthflame, F|100\/100\n|-ability|p2a: Ogerpon|Mold Breaker\n|turn|6\n|inactive|Nemasilla has 120 seconds left.\n|\n|t:|1698945088\n|switch|p1a: Cresselia|Cresselia, F, shiny|27\/100\n|move|p2b: Rillaboom|Fake Out|p1b: Diancie\n|-resisted|p1b: Diancie\n|-crit|p1b: Diancie\n|-damage|p1b: Diancie|93\/100\n|cant|p1b: Diancie|flinch\n|move|p2a: Ogerpon|Ivy Cudgel|p1a: Cresselia\n|-damage|p1a: Cresselia|0 fnt\n|faint|p1a: Cresselia\n|\n|-heal|p1b: Diancie|99\/100|[from] Grassy Terrain\n|-fieldend|move: Trick Room\n|upkeep\n|\n|t:|1698945098\n|switch|p1a: Skeledirge|Skeledirge, M, shiny|100\/100\n|turn|7\n|inactive|Nemasilla has 120 seconds left.\n|\n|t:|1698945142\n|switch|p2a: Landorus|Landorus-Therian, M|100\/100\n|-ability|p2a: Landorus|Intimidate|boost\n|-unboost|p1a: Skeledirge|atk|1\n|-fail|p1b: Diancie|unboost|[from] ability: Clear Body|[of] p1b: Diancie\n|move|p2b: Rillaboom|Wood Hammer|p1b: Diancie\n|-supereffective|p1b: Diancie\n|-damage|p1b: Diancie|65\/100\n|-damage|p2b: Rillaboom|91\/100|[from] Recoil\n|move|p1a: Skeledirge|Torch Song|p2b: Rillaboom\n|-supereffective|p2b: Rillaboom\n|-damage|p2b: Rillaboom|32\/100\n|-boost|p1a: Skeledirge|spa|1\n|-enditem|p1a: Skeledirge|Throat Spray\n|-boost|p1a: Skeledirge|spa|1|[from] item: Throat Spray\n|move|p1b: Diancie|Body Press|p2a: Landorus\n|-resisted|p2a: Landorus\n|-damage|p2a: Landorus|38\/100\n|\n|-heal|p2b: Rillaboom|38\/100|[from] Grassy Terrain\n|-heal|p1b: Diancie|71\/100|[from] Grassy Terrain\n|upkeep\n|turn|8\n|inactive|Nemasilla has 120 seconds left.\n|inactive|Pikablaster has 120 seconds left.\n|\n|t:|1698945190\n|-terastallize|p1a: Skeledirge|Ghost\n|move|p2a: Landorus|Stomping Tantrum|p1a: Skeledirge\n|-damage|p1a: Skeledirge|75\/100\n|move|p2b: Rillaboom|Wood Hammer|p1b: Diancie\n|-supereffective|p1b: Diancie\n|-damage|p1b: Diancie|37\/100\n|-damage|p2b: Rillaboom|28\/100|[from] Recoil\n|move|p1a: Skeledirge|Torch Song|p2b: Rillaboom\n|-supereffective|p2b: Rillaboom\n|-damage|p2b: Rillaboom|0 fnt\n|-boost|p1a: Skeledirge|spa|1\n|faint|p2b: Rillaboom\n|move|p1b: Diancie|Trick Room|p1b: Diancie\n|-fieldstart|move: Trick Room|[of] p1b: Diancie\n|\n|-heal|p1b: Diancie|43\/100|[from] Grassy Terrain\n|-heal|p1a: Skeledirge|81\/100|[from] Grassy Terrain\n|upkeep\n|inactive|Nemasilla has 90 seconds left.\n|\n|t:|1698945204\n|switch|p2b: Ursaluna|Ursaluna-Bloodmoon, M|100\/100\n|turn|9\n|c|\u2606Pikablaster|YIPPIE YOU DIE NOW!!!\n|\n|t:|1698945229\n|-terastallize|p2b: Ursaluna|Normal\n|move|p1b: Diancie|Body Press|p2b: Ursaluna\n|-supereffective|p2b: Ursaluna\n|-damage|p2b: Ursaluna|0 fnt\n|faint|p2b: Ursaluna\n|move|p1a: Skeledirge|Shadow Ball|p2a: Landorus\n|-damage|p2a: Landorus|0 fnt\n|faint|p2a: Landorus\n|\n|-heal|p1b: Diancie|49\/100|[from] Grassy Terrain\n|-heal|p1a: Skeledirge|87\/100|[from] Grassy Terrain\n|-fieldend|move: Grassy Terrain\n|upkeep\n|\n|t:|1698945234\n|switch|p2b: Dusclops|Dusclops, F|84\/100\n|switch|p2a: Ogerpon|Ogerpon-Hearthflame, F|100\/100\n|-item|p1b: Diancie|Aguav Berry|[from] ability: Frisk|[of] p2b: Dusclops|[identify]\n|-ability|p2a: Ogerpon|Mold Breaker\n|turn|10\n|-message|Nemasilla forfeited.\n|\n|win|Pikablaster\n|raw|Pikablaster's rating: 1143 &rarr; <strong>1170<\/strong><br \/>(+27 for winning)\n|raw|Nemasilla's rating: 1173 &rarr; <strong>1146<\/strong><br \/>(-27 for losing)\n|l|\u2606Nemasilla\n","uploadtime":1698945217,"views":21,"p1id":"pikablaster","p2id":"nemasilla","formatid":"gen9doublesou","rating":1146,"private":0,"password":""}