{"id":"gen9doublesou-1995058362","p1":"stgamezz","p2":"paradox1600","format":"[Gen 9] Doubles OU","log":"|j|\u2606stgamezz\n|j|\u2606paradox1600\n|t:|1700518043\n|gametype|doubles\n|player|p1|stgamezz|emmet|1438\n|player|p2|paradox1600|ghetsis-gen5bw|1328\n|teamsize|p1|6\n|teamsize|p2|6\n|gen|9\n|tier|[Gen 9] Doubles OU\n|rated|\n|rule|Species Clause: Limit one of each Pok\u00e9mon\n|rule|OHKO Clause: OHKO moves are banned\n|rule|Evasion Moves Clause: Evasion moves are banned\n|rule|Gravity Sleep Clause: The combination of sleep-inducing moves with imperfect accuracy and Gravity or Gigantamax Orbeetle are banned\n|rule|Endless Battle Clause: Forcing endless battles is banned\n|rule|HP Percentage Mod: HP is shown in percentages\n|clearpoke\n|poke|p1|Farigiraf, F|\n|poke|p1|Ursaluna, M|\n|poke|p1|Iron Hands|\n|poke|p1|Sinistcha|\n|poke|p1|Arcanine-Hisui, M|\n|poke|p1|Avalugg-Hisui, F|\n|poke|p2|Armarouge, M|\n|poke|p2|Indeedee-F, F|\n|poke|p2|Kingambit, M|\n|poke|p2|Amoonguss, M|\n|poke|p2|Clefairy, M|\n|poke|p2|Iron Hands|\n|teampreview\n|inactive|Battle timer is ON: inactive players will automatically lose when time's up. (requested by paradox1600)\n|\n|t:|1700518079\n|start\n|switch|p1a: Arcanine|Arcanine-Hisui, M|100\/100\n|switch|p1b: Avalugg|Avalugg-Hisui, F|100\/100\n|switch|p2a: Armarouge|Armarouge, M, shiny|100\/100\n|switch|p2b: Indeedee|Indeedee-F, F|100\/100\n|-ability|p1a: Arcanine|Intimidate|boost\n|-unboost|p2a: Armarouge|atk|1\n|-unboost|p2b: Indeedee|atk|1\n|-enditem|p2a: Armarouge|White Herb\n|-clearnegativeboost|p2a: Armarouge|[silent]\n|-fieldstart|move: Psychic Terrain|[from] ability: Psychic Surge|[of] p2b: Indeedee\n|-enditem|p2b: Indeedee|Psychic Seed\n|-boost|p2b: Indeedee|spd|1|[from] item: Psychic Seed\n|turn|1\n|inactive|paradox1600 has 120 seconds left.\n|c|\u2606stgamezz|i predicted it\n|c|\u2606stgamezz|yes\n|inactive|paradox1600 has 90 seconds left.\n|c|\u2606paradox1600|good for u buddy\n|\n|t:|1700518151\n|move|p2a: Armarouge|Wide Guard|p2a: Armarouge\n|-singleturn|p2a: Armarouge|Wide Guard\n|move|p1b: Avalugg|Wide Guard|p1b: Avalugg\n|-singleturn|p1b: Avalugg|Wide Guard\n|move|p1a: Arcanine|Rock Slide|p2a: Armarouge|[spread] \n|-activate|p2a: Armarouge|move: Wide Guard\n|-activate|p2b: Indeedee|move: Wide Guard\n|move|p2b: Indeedee|Trick Room|p2b: Indeedee\n|-fieldstart|move: Trick Room|[of] p2b: Indeedee\n|\n|upkeep\n|turn|2\n|c|\u2606paradox1600|i predicted it too lol\n|inactive|paradox1600 has 90 seconds left.\n|c|\u2606stgamezz|wp\n|inactive|stgamezz has 120 seconds left.\n|c|\u2606stgamezz|but\n|c|\u2606stgamezz|ypu made a mistake\n|\n|t:|1700518206\n|switch|p1a: Ursaluna|Ursaluna, M, shiny|100\/100\n|move|p1b: Avalugg|Crunch|p2a: Armarouge\n|-supereffective|p2a: Armarouge\n|-damage|p2a: Armarouge|21\/100\n|-unboost|p2a: Armarouge|def|1\n|move|p2a: Armarouge|Expanding Force|p1a: Ursaluna|[spread] p1a,p1b\n|-damage|p1a: Ursaluna|41\/100\n|-damage|p1b: Avalugg|0 fnt\n|faint|p1b: Avalugg\n|move|p2b: Indeedee|Shadow Ball|p1a: Ursaluna\n|-immune|p1a: Ursaluna\n|\n|-status|p1a: Ursaluna|brn|[from] item: Flame Orb\n|upkeep\n|c|\u2606stgamezz|shit\n|inactive|stgamezz has 90 seconds left.\n|c|\u2606stgamezz|hoping that would have killed\n|\n|t:|1700518248\n|switch|p1b: Sinistcha|Sinistcha|100\/100\n|-heal|p1a: Ursaluna|66\/100 brn|[from] ability: Hospitality|[of] p1b: Sinistcha\n|turn|3\n|inactive|stgamezz has 90 seconds left.\n|inactive|paradox1600 has 90 seconds left.\n|\n|t:|1700518267\n|move|p2a: Armarouge|Wide Guard|p2a: Armarouge\n|-singleturn|p2a: Armarouge|Wide Guard\n|move|p1b: Sinistcha|Rage Powder|p1b: Sinistcha\n|-singleturn|p1b: Sinistcha|move: Rage Powder\n|move|p1a: Ursaluna|Earthquake|p2b: Indeedee|[spread] p1b\n|-activate|p2a: Armarouge|move: Wide Guard\n|-activate|p2b: Indeedee|move: Wide Guard\n|-resisted|p1b: Sinistcha\n|-damage|p1b: Sinistcha|70\/100\n|move|p2b: Indeedee|Shadow Ball|p1b: Sinistcha\n|-supereffective|p1b: Sinistcha\n|-damage|p1b: Sinistcha|32\/100\n|\n|-damage|p1a: Ursaluna|60\/100 brn|[from] brn\n|upkeep\n|turn|4\n|\n|t:|1700518293\n|switch|p1b: Farigiraf|Farigiraf, F|100\/100\n|move|p2b: Indeedee|Follow Me|p2b: Indeedee\n|-singleturn|p2b: Indeedee|move: Follow Me\n|move|p1a: Ursaluna|Earthquake|p2a: Armarouge|[spread] p1b,p2a,p2b\n|-supereffective|p2a: Armarouge\n|-crit|p2b: Indeedee\n|-damage|p1b: Farigiraf|27\/100\n|-damage|p2a: Armarouge|0 fnt\n|-damage|p2b: Indeedee|6\/100\n|faint|p2a: Armarouge\n|\n|-damage|p1a: Ursaluna|54\/100 brn|[from] brn\n|upkeep\n|inactive|paradox1600 has 90 seconds left.\n|c|\u2606paradox1600|dangg\n|\n|t:|1700518309\n|switch|p2a: Kingambit|Kingambit, M, shiny|100\/100\n|turn|5\n|inactive|stgamezz has 120 seconds left.\n|c|\u2606stgamezz|ik right\n|inactive|paradox1600 has 90 seconds left.\n|\n|t:|1700518338\n|-terastallize|p2a: Kingambit|Fairy\n|move|p2a: Kingambit|Brick Break|p1a: Ursaluna\n|-supereffective|p1a: Ursaluna\n|-damage|p1a: Ursaluna|15\/100 brn\n|move|p1a: Ursaluna|Earthquake|p2a: Kingambit|[spread] p1b,p2a,p2b\n|-crit|p1b: Farigiraf\n|-damage|p1b: Farigiraf|0 fnt\n|-damage|p2a: Kingambit|52\/100\n|-damage|p2b: Indeedee|0 fnt\n|faint|p1b: Farigiraf\n|faint|p2b: Indeedee\n|\n|-damage|p1a: Ursaluna|9\/100 brn|[from] brn\n|-fieldend|move: Trick Room\n|-fieldend|move: Psychic Terrain\n|upkeep\n|inactive|stgamezz has 120 seconds left.\n|\n|t:|1700518355\n|switch|p2b: Amoonguss|Amoonguss, M, shiny|100\/100\n|switch|p1b: Iron Hands|Iron Hands|100\/100\n|turn|6\n|inactive|paradox1600 has 120 seconds left.\n|\n|t:|1700518371\n|-terastallize|p1b: Iron Hands|Grass\n|move|p1b: Iron Hands|Fake Out|p2a: Kingambit\n|-damage|p2a: Kingambit|40\/100\n|cant|p2a: Kingambit|flinch\n|move|p1a: Ursaluna|Facade|p2a: Kingambit\n|-damage|p2a: Kingambit|0 fnt\n|faint|p2a: Kingambit\n|move|p2b: Amoonguss|Spore|p1b: Iron Hands\n|-immune|p1b: Iron Hands\n|\n|-damage|p1a: Ursaluna|3\/100 brn|[from] brn\n|upkeep\n|c|\u2606paradox1600|yooo\n|c|\u2606paradox1600|good one\n|\n|t:|1700518388\n|switch|p2a: Iron Hands|Iron Hands|100\/100\n|turn|7\n|c|\u2606stgamezz|thnks\n|inactive|paradox1600 has 120 seconds left.\n|inactive|stgamezz has 120 seconds left.\n|\n|t:|1700518424\n|switch|p1a: Sinistcha|Sinistcha|32\/100\n|move|p1b: Iron Hands|Heavy Slam|p2b: Amoonguss\n|-damage|p2b: Amoonguss|52\/100\n|move|p2a: Iron Hands|Drain Punch|p1a: Sinistcha\n|-immune|p1a: Sinistcha\n|move|p2b: Amoonguss|Pollen Puff|p2a: Iron Hands\n|-immune|p2a: Iron Hands\n|\n|-heal|p2b: Amoonguss|58\/100|[from] item: Black Sludge\n|upkeep\n|turn|8\n|inactive|paradox1600 has 120 seconds left.\n|c|\u2606paradox1600|yooo\n|inactive|stgamezz has 120 seconds left.\n|c|\u2606stgamezz|bro your a goddamn book\n|inactive|stgamezz has 90 seconds left.\n|c|\u2606paradox1600|how abt you shut your bitch ass up\n|\n|t:|1700518485\n|move|p1a: Sinistcha|Rage Powder|p1a: Sinistcha\n|-singleturn|p1a: Sinistcha|move: Rage Powder\n|move|p1b: Iron Hands|Wild Charge|p2b: Amoonguss\n|-resisted|p2b: Amoonguss\n|-damage|p2b: Amoonguss|33\/100\n|-damage|p1b: Iron Hands|95\/100|[from] Recoil\n|move|p2a: Iron Hands|Belly Drum|p2a: Iron Hands\n|-damage|p2a: Iron Hands|51\/100\n|-setboost|p2a: Iron Hands|atk|6|[from] move: Belly Drum\n|move|p2b: Amoonguss|Pollen Puff|p2a: Iron Hands\n|-heal|p2a: Iron Hands|100\/100\n|\n|-heal|p2b: Amoonguss|39\/100|[from] item: Black Sludge\n|upkeep\n|turn|9\n|inactive|paradox1600 has 120 seconds left.\n|inactive|stgamezz has 90 seconds left.\n|inactive|paradox1600 has 90 seconds left.\n|\n|t:|1700518527\n|move|p1a: Sinistcha|Rage Powder|p1a: Sinistcha\n|-singleturn|p1a: Sinistcha|move: Rage Powder\n|move|p1b: Iron Hands|Heavy Slam|p2b: Amoonguss\n|-damage|p2b: Amoonguss|0 fnt\n|faint|p2b: Amoonguss\n|move|p2a: Iron Hands|Wild Charge|p1a: Sinistcha\n|-resisted|p1a: Sinistcha\n|-damage|p1a: Sinistcha|0 fnt\n|-damage|p2a: Iron Hands|84\/100|[from] item: Rocky Helmet|[of] p1a: Sinistcha\n|faint|p1a: Sinistcha\n|-damage|p2a: Iron Hands|79\/100|[from] Recoil\n|\n|upkeep\n|c|\u2606stgamezz|dont like that\n|\n|t:|1700518538\n|switch|p1a: Arcanine|Arcanine-Hisui, M|100\/100\n|switch|p2b: Clefairy|Clefairy, M|100\/100\n|-ability|p1a: Arcanine|Intimidate|boost\n|-unboost|p2a: Iron Hands|atk|1\n|-unboost|p2b: Clefairy|atk|1\n|turn|10\n|inactive|stgamezz has 120 seconds left.\n|inactive|paradox1600 has 120 seconds left.\n|\n|t:|1700518557\n|move|p2b: Clefairy|Follow Me|p2b: Clefairy\n|-singleturn|p2b: Clefairy|move: Follow Me\n|move|p1a: Arcanine|Rock Slide|p2b: Clefairy|[spread] p2a,p2b\n|-resisted|p2a: Iron Hands\n|-damage|p2a: Iron Hands|68\/100\n|-damage|p2b: Clefairy|61\/100\n|move|p2a: Iron Hands|Drain Punch|p1a: Arcanine\n|-supereffective|p1a: Arcanine\n|-damage|p1a: Arcanine|0 fnt\n|-heal|p2a: Iron Hands|100\/100|[from] drain|[of] p1a: Arcanine\n|faint|p1a: Arcanine\n|move|p1b: Iron Hands|Heavy Slam|p2b: Clefairy\n|-supereffective|p2b: Clefairy\n|-damage|p2b: Clefairy|0 fnt\n|faint|p2b: Clefairy\n|\n|upkeep\n|\n|t:|1700518570\n|switch|p1a: Ursaluna|Ursaluna, M, shiny|3\/100 brn\n|turn|11\n|inactive|stgamezz has 120 seconds left.\n|c|\u2606paradox1600|oh boy\n|c|\u2606paradox1600|im done for\n|c|\u2606stgamezz|no you have a chanse\n|c|\u2606paradox1600|yeah but\n|\n|t:|1700518606\n|move|p2a: Iron Hands|Drain Punch|p1b: Iron Hands\n|-damage|p1b: Iron Hands|0 fnt\n|faint|p1b: Iron Hands\n|-end|p1b: Iron Hands|Quark Drive|[silent]\n|move|p1a: Ursaluna|Facade|p2a: Iron Hands\n|-damage|p2a: Iron Hands|22\/100\n|\n|-damage|p1a: Ursaluna|0 fnt|[from] brn\n|faint|p1a: Ursaluna\n|\n|win|paradox1600\n|upkeep\n|raw|stgamezz's rating: 1438 &rarr; <strong>1412<\/strong><br \/>(-26 for losing)\n|raw|paradox1600's rating: 1328 &rarr; <strong>1354<\/strong><br \/>(+26 for winning)\n|c|\u2606paradox1600|you more\n","uploadtime":1700518483,"views":2,"p1id":"stgamezz","p2id":"paradox1600","formatid":"gen9doublesou","rating":1354,"private":0,"password":""}