{"id":"gen9doublesou-1995176013","p1":"zaqplm123","p2":"dropthemike","format":"[Gen 9] Doubles OU","log":"|j|\u2606zaqplm123\n|j|\u2606dropthemike\n|t:|1700531101\n|gametype|doubles\n|player|p1|zaqplm123|101|1051\n|player|p2|dropthemike|roxie|1043\n|teamsize|p1|6\n|teamsize|p2|6\n|gen|9\n|tier|[Gen 9] Doubles OU\n|rated|\n|rule|Species Clause: Limit one of each Pok\u00e9mon\n|rule|OHKO Clause: OHKO moves are banned\n|rule|Evasion Moves Clause: Evasion moves are banned\n|rule|Gravity Sleep Clause: The combination of sleep-inducing moves with imperfect accuracy and Gravity or Gigantamax Orbeetle are banned\n|rule|Endless Battle Clause: Forcing endless battles is banned\n|rule|HP Percentage Mod: HP is shown in percentages\n|clearpoke\n|poke|p1|Skeledirge, F|\n|poke|p1|Corviknight, F|\n|poke|p1|Landorus-Therian, M|\n|poke|p1|Zapdos|\n|poke|p1|Ting-Lu|\n|poke|p1|Slowking-Galar, M|\n|poke|p2|Skeledirge, M|\n|poke|p2|Diancie|\n|poke|p2|Noivern, F|\n|poke|p2|Regieleki|\n|poke|p2|Samurott, M|\n|poke|p2|Chesnaught, M|\n|teampreview\n|inactive|Battle timer is ON: inactive players will automatically lose when time's up. (requested by zaqplm123)\n|\n|t:|1700531127\n|start\n|switch|p1a: Ting-Lu|Ting-Lu|100\/100\n|switch|p1b: Slowking|Slowking-Galar, M|100\/100\n|switch|p2a: Skeledirge|Skeledirge, M|100\/100\n|switch|p2b: Chesnaught|Chesnaught, M|100\/100\n|-ability|p1a: Ting-Lu|Vessel of Ruin\n|turn|1\n|\n|t:|1700531142\n|move|p2a: Skeledirge|Fire Pledge|p1a: Ting-Lu\n|-waiting|p2a: Skeledirge|p2b: Chesnaught\n|move|p2b: Chesnaught|Grass Pledge|p1a: Ting-Lu|[from]move: Fire Pledge\n|-combine\n|-damage|p1a: Ting-Lu|83\/100\n|-sidestart|p1: zaqplm123|Fire Pledge\n|move|p1a: Ting-Lu|Stealth Rock|p2a: Skeledirge\n|-sidestart|p2: dropthemike|move: Stealth Rock\n|move|p1b: Slowking|Taunt|p2b: Chesnaught\n|-start|p2b: Chesnaught|move: Taunt\n|\n|-damage|p1a: Ting-Lu|71\/100|[from] Fire Pledge\n|-damage|p1b: Slowking|88\/100|[from] Fire Pledge\n|-heal|p1b: Slowking|94\/100|[from] item: Leftovers\n|upkeep\n|turn|2\n|inactive|zaqplm123 has 120 seconds left.\n|inactive|dropthemike has 120 seconds left.\n|\n|t:|1700531178\n|switch|p1a: Corviknight|Corviknight, F|100\/100\n|move|p2a: Skeledirge|Torch Song|p1b: Slowking\n|-damage|p1b: Slowking|64\/100\n|-boost|p2a: Skeledirge|spa|1\n|move|p2b: Chesnaught|Body Press|p1b: Slowking\n|-resisted|p1b: Slowking\n|-damage|p1b: Slowking|56\/100\n|move|p1b: Slowking|Psychic|p2b: Chesnaught\n|-supereffective|p2b: Chesnaught\n|-damage|p2b: Chesnaught|26\/100\n|\n|-damage|p1a: Corviknight|88\/100|[from] Fire Pledge\n|-damage|p1b: Slowking|44\/100|[from] Fire Pledge\n|-heal|p1b: Slowking|50\/100|[from] item: Leftovers\n|upkeep\n|turn|3\n|inactive|zaqplm123 has 120 seconds left.\n|\n|t:|1700531206\n|move|p1a: Corviknight|U-turn|p2b: Chesnaught\n|-damage|p2b: Chesnaught|18\/100\n|\n|t:|1700531213\n|switch|p1a: Skeledirge|Skeledirge, F|100\/100|[from] U-turn\n|move|p2a: Skeledirge|Torch Song|p1a: Skeledirge\n|-resisted|p1a: Skeledirge\n|-damage|p1a: Skeledirge|78\/100\n|-boost|p2a: Skeledirge|spa|1\n|move|p2b: Chesnaught|Close Combat|p1a: Skeledirge\n|-immune|p1a: Skeledirge\n|move|p1b: Slowking|Psychic|p2b: Chesnaught\n|-supereffective|p2b: Chesnaught\n|-damage|p2b: Chesnaught|0 fnt\n|faint|p2b: Chesnaught\n|\n|-damage|p1b: Slowking|37\/100|[from] Fire Pledge\n|-heal|p1b: Slowking|43\/100|[from] item: Leftovers\n|upkeep\n|\n|t:|1700531230\n|switch|p2b: Samurott|Samurott, M|100\/100\n|-damage|p2b: Samurott|88\/100|[from] Stealth Rock\n|turn|4\n|\n|t:|1700531254\n|switch|p1a: Corviknight|Corviknight, F|88\/100\n|move|p2b: Samurott|Water Pledge|p1b: Slowking\n|-waiting|p2b: Samurott|p2a: Skeledirge\n|move|p2a: Skeledirge|Fire Pledge|p1b: Slowking|[from]move: Water Pledge\n|-combine\n|-crit|p1b: Slowking\n|-damage|p1b: Slowking|0 fnt\n|-sidestart|p2: dropthemike|Water Pledge\n|faint|p1b: Slowking\n|\n|-damage|p1a: Corviknight|76\/100|[from] Fire Pledge\n|-sideend|p1: zaqplm123|Fire Pledge\n|upkeep\n|inactive|zaqplm123 has 120 seconds left.\n|\n|t:|1700531274\n|switch|p1b: Ting-Lu|Ting-Lu|71\/100\n|-ability|p1b: Ting-Lu|Vessel of Ruin\n|turn|5\n|\n|t:|1700531291\n|move|p2b: Samurott|Water Pulse|p1b: Ting-Lu\n|-supereffective|p1b: Ting-Lu\n|-damage|p1b: Ting-Lu|43\/100\n|move|p1a: Corviknight|Body Press|p2b: Samurott\n|-damage|p2b: Samurott|62\/100\n|move|p2a: Skeledirge|Torch Song|p1a: Corviknight\n|-supereffective|p1a: Corviknight\n|-damage|p1a: Corviknight|0 fnt\n|-boost|p2a: Skeledirge|spa|1\n|faint|p1a: Corviknight\n|move|p1b: Ting-Lu|Whirlwind|p2a: Skeledirge\n|drag|p2a: Noivern|Noivern, F|100\/100\n|-damage|p2a: Noivern|76\/100|[from] Stealth Rock\n|\n|-heal|p2a: Noivern|82\/100|[from] item: Leftovers\n|upkeep\n|\n|t:|1700531304\n|switch|p1a: Landorus|Landorus-Therian, M|100\/100\n|-ability|p1a: Landorus|Intimidate|boost\n|-unboost|p2a: Noivern|atk|1\n|-unboost|p2b: Samurott|atk|1\n|turn|6\n|\n|t:|1700531328\n|-terastallize|p1a: Landorus|Rock\n|move|p1a: Landorus|Rock Slide|p2b: Samurott|[spread] p2a\n|-miss|p1a: Landorus|p2b: Samurott\n|-supereffective|p2a: Noivern\n|-crit|p2a: Noivern\n|-damage|p2a: Noivern|0 fnt\n|faint|p2a: Noivern\n|move|p2b: Samurott|Water Pledge|p1b: Ting-Lu\n|-supereffective|p1b: Ting-Lu\n|-damage|p1b: Ting-Lu|6\/100\n|move|p1b: Ting-Lu|Earth Power|p2b: Samurott\n|-damage|p2b: Samurott|39\/100\n|\n|upkeep\n|\n|t:|1700531347\n|switch|p2a: Skeledirge|Skeledirge, M|100\/100\n|-damage|p2a: Skeledirge|76\/100|[from] Stealth Rock\n|turn|7\n|\n|t:|1700531357\n|move|p1a: Landorus|Rock Slide|p2b: Samurott|[spread] p2a,p2b\n|-supereffective|p2a: Skeledirge\n|-damage|p2a: Skeledirge|25\/100\n|-damage|p2b: Samurott|5\/100\n|move|p2b: Samurott|Water Pledge|p1a: Landorus\n|-waiting|p2b: Samurott|p2a: Skeledirge\n|move|p2a: Skeledirge|Fire Pledge|p1a: Landorus|[from]move: Water Pledge\n|-combine\n|-supereffective|p1a: Landorus\n|-damage|p1a: Landorus|0 fnt\n|faint|p1a: Landorus\n|move|p1b: Ting-Lu|Whirlwind|p2b: Samurott\n|drag|p2b: Regieleki|Regieleki|100\/100\n|-damage|p2b: Regieleki|88\/100|[from] Stealth Rock\n|\n|-sideend|p2: dropthemike|Water Pledge\n|upkeep\n|\n|t:|1700531380\n|switch|p1a: Skeledirge|Skeledirge, F|78\/100\n|turn|8\n|\n|t:|1700531395\n|-terastallize|p2b: Regieleki|Electric\n|move|p2b: Regieleki|Electro Ball|p1a: Skeledirge\n|-damage|p1a: Skeledirge|0 fnt\n|faint|p1a: Skeledirge\n|move|p2a: Skeledirge|Torch Song|p1b: Ting-Lu\n|-damage|p1b: Ting-Lu|0 fnt\n|-boost|p2a: Skeledirge|spa|1\n|faint|p1b: Ting-Lu\n|\n|upkeep\n|\n|t:|1700531404\n|switch|p1b: Zapdos|Zapdos|100\/100\n|turn|9\n|c|\u2606dropthemike|gg\n|\n|t:|1700531413\n|move|p2b: Regieleki|Electro Ball|p1b: Zapdos\n|-damage|p1b: Zapdos|24\/100\n|-enditem|p1b: Zapdos|Iapapa Berry|[eat]\n|-heal|p1b: Zapdos|57\/100|[from] item: Iapapa Berry\n|move|p1b: Zapdos|Discharge|p2a: Skeledirge|[spread] p2a,p2b\n|-resisted|p2b: Regieleki\n|-damage|p2a: Skeledirge|0 fnt\n|-damage|p2b: Regieleki|58\/100\n|faint|p2a: Skeledirge\n|\n|upkeep\n|c|\u2606dropthemike|Oh?\n|\n|t:|1700531424\n|switch|p2a: Diancie|Diancie|100\/100\n|-damage|p2a: Diancie|88\/100|[from] Stealth Rock\n|turn|10\n|\n|t:|1700531430\n|move|p2b: Regieleki|Electro Ball|p1b: Zapdos\n|-damage|p1b: Zapdos|0 fnt\n|faint|p1b: Zapdos\n|\n|win|dropthemike\n|raw|zaqplm123's rating: 1051 &rarr; <strong>1033<\/strong><br \/>(-18 for losing)\n|raw|dropthemike's rating: 1043 &rarr; <strong>1077<\/strong><br \/>(+34 for winning)\n|l|\u2606zaqplm123\n|c|\u2606dropthemike|Ggwp\n","uploadtime":1700531439,"views":14,"p1id":"zaqplm123","p2id":"dropthemike","formatid":"gen9doublesou","rating":1033,"private":0,"password":""}