{"id":"gen9doublesou-1998731511","p1":"akaninski","p2":"vegetasfeet","format":"[Gen 9] Doubles OU","log":"|j|\u2606akaninski\n|j|\u2606vegetasfeet\n|t:|1700979520\n|gametype|doubles\n|player|p1|akaninski|265|1306\n|player|p2|vegetasfeet|brycen|1284\n|teamsize|p1|6\n|teamsize|p2|6\n|gen|9\n|tier|[Gen 9] Doubles OU\n|rated|\n|rule|Species Clause: Limit one of each Pok\u00e9mon\n|rule|OHKO Clause: OHKO moves are banned\n|rule|Evasion Moves Clause: Evasion moves are banned\n|rule|Gravity Sleep Clause: The combination of sleep-inducing moves with imperfect accuracy and Gravity or Gigantamax Orbeetle are banned\n|rule|Endless Battle Clause: Forcing endless battles is banned\n|rule|HP Percentage Mod: HP is shown in percentages\n|clearpoke\n|poke|p1|Iron Hands|\n|poke|p1|Ninetales-Alola, M|\n|poke|p1|Articuno|\n|poke|p1|Landorus-Therian, M|\n|poke|p1|Tornadus, M|\n|poke|p1|Sinistcha-Masterpiece|\n|poke|p2|Hatterene, F|\n|poke|p2|Rillaboom, M|\n|poke|p2|Torkoal, F|\n|poke|p2|Typhlosion-Hisui, M|\n|poke|p2|Hoopa-Unbound|\n|poke|p2|Kingambit, M|\n|teampreview\n|j| Elite.4.Challenger\n|\n|t:|1700979546\n|start\n|switch|p1a: Landorus|Landorus-Therian, M|100\/100\n|switch|p1b: Tornadus|Tornadus, M|100\/100\n|switch|p2a: Torkoal|Torkoal, F|100\/100\n|switch|p2b: Kingambit|Kingambit, M|100\/100\n|-ability|p1a: Landorus|Intimidate|boost\n|-unboost|p2a: Torkoal|atk|1\n|-unboost|p2b: Kingambit|atk|1\n|-ability|p2b: Kingambit|Defiant|boost\n|-boost|p2b: Kingambit|atk|2\n|-weather|SunnyDay|[from] ability: Drought|[of] p2a: Torkoal\n|turn|1\n|\n|t:|1700979605\n|move|p2a: Torkoal|Protect|p2a: Torkoal\n|-singleturn|p2a: Torkoal|Protect\n|move|p1b: Tornadus|Snowscape|p1b: Tornadus\n|-weather|Snow\n|move|p1a: Landorus|Earthquake|p2a: Torkoal|[spread] p2b\n|-activate|p2a: Torkoal|move: Protect\n|-immune|p1b: Tornadus\n|-supereffective|p2b: Kingambit\n|-damage|p2b: Kingambit|0 fnt\n|faint|p2b: Kingambit\n|\n|-weather|Snow|[upkeep]\n|upkeep\n|\n|t:|1700979628\n|switch|p2b: Rillaboom|Rillaboom, M|100\/100\n|-fieldstart|move: Grassy Terrain|[from] ability: Grassy Surge|[of] p2b: Rillaboom\n|turn|2\n|\n|t:|1700979670\n|switch|p2a: Joe's Ex-Wife|Hatterene, F|100\/100\n|-terastallize|p1a: Landorus|Water\n|move|p1b: Tornadus|Bleakwind Storm|p2a: Joe's Ex-Wife|[spread] p2a,p2b\n|-supereffective|p2b: Rillaboom\n|-damage|p2a: Joe's Ex-Wife|68\/100\n|-damage|p2b: Rillaboom|60\/100\n|move|p1a: Landorus|Earthquake|p2b: Rillaboom|[spread] p2a,p2b\n|-immune|p1b: Tornadus\n|-resisted|p2b: Rillaboom\n|-damage|p2a: Joe's Ex-Wife|24\/100\n|-damage|p2b: Rillaboom|45\/100\n|move|p2b: Rillaboom|Wood Hammer|p1a: Landorus\n|-supereffective|p1a: Landorus\n|-damage|p1a: Landorus|0 fnt\n|faint|p1a: Landorus\n|-damage|p2b: Rillaboom|19\/100|[from] Recoil\n|\n|-weather|Snow|[upkeep]\n|-heal|p2b: Rillaboom|25\/100|[from] Grassy Terrain\n|-heal|p2a: Joe's Ex-Wife|30\/100|[from] Grassy Terrain\n|upkeep\n|\n|t:|1700979691\n|switch|p1a: Articuno|Articuno|100\/100\n|turn|3\n|inactive|Battle timer is ON: inactive players will automatically lose when time's up. (requested by akaninski)\n|inactive|vegetasfeet has 120 seconds left.\n|\n|t:|1700979801\n|switch|p2b: Hoopa|Hoopa-Unbound|100\/100\n|-enditem|p2b: Hoopa|Grassy Seed\n|-boost|p2b: Hoopa|def|1|[from] item: Grassy Seed\n|move|p1b: Tornadus|Bleakwind Storm|p2b: Hoopa|[spread] p2b\n|-miss|p1b: Tornadus|p2a: Joe's Ex-Wife\n|-damage|p2b: Hoopa|71\/100\n|move|p1a: Articuno|Blizzard|p2a: Joe's Ex-Wife|[spread] p2a,p2b\n|-damage|p2a: Joe's Ex-Wife|0 fnt\n|-damage|p2b: Hoopa|41\/100\n|faint|p2a: Joe's Ex-Wife\n|\n|-weather|Snow|[upkeep]\n|-heal|p2b: Hoopa|48\/100|[from] Grassy Terrain\n|upkeep\n|\n|t:|1700979815\n|switch|p2a: Torkoal|Torkoal, F|100\/100\n|-weather|SunnyDay|[from] ability: Drought|[of] p2a: Torkoal\n|turn|4\n|inactive|akaninski has 120 seconds left.\n|inactive|vegetasfeet has 120 seconds left.\n|inactive|vegetasfeet has 90 seconds left.\n|inactive|vegetasfeet has 60 seconds left.\n|inactive|vegetasfeet has 30 seconds left.\n|inactive|vegetasfeet has 20 seconds left.\n|\n|t:|1700979952\n|move|p1b: Tornadus|Snowscape|p1b: Tornadus\n|-weather|Snow\n|move|p1a: Articuno|Blizzard|p2a: Torkoal|[spread] p2a,p2b\n|-resisted|p2a: Torkoal\n|-damage|p2a: Torkoal|79\/100\n|-damage|p2b: Hoopa|19\/100\n|move|p2a: Torkoal|Heat Wave|p1a: Articuno|[spread] p1a,p1b\n|-supereffective|p1a: Articuno\n|-damage|p1a: Articuno|53\/100\n|-damage|p1b: Tornadus|66\/100\n|move|p2b: Hoopa|Trick Room|p2b: Hoopa\n|-fieldstart|move: Trick Room|[of] p2b: Hoopa\n|\n|-weather|Snow|[upkeep]\n|-heal|p2a: Torkoal|85\/100|[from] Grassy Terrain\n|-heal|p2b: Hoopa|25\/100|[from] Grassy Terrain\n|upkeep\n|turn|5\n|inactive|akaninski has 120 seconds left.\n|inactive|vegetasfeet has 30 seconds left.\n|inactive|vegetasfeet has 20 seconds left.\n|inactive|vegetasfeet has 15 seconds left.\n|\n|t:|1700979986\n|move|p2a: Torkoal|Eruption|p1b: Tornadus|[spread] p1a,p1b\n|-supereffective|p1a: Articuno\n|-damage|p1a: Articuno|0 fnt\n|-damage|p1b: Tornadus|19\/100\n|faint|p1a: Articuno\n|move|p2b: Hoopa|Hyperspace Fury|p1b: Tornadus\n|-damage|p1b: Tornadus|0 fnt\n|-unboost|p2b: Hoopa|def|1\n|faint|p1b: Tornadus\n|\n|-weather|Snow|[upkeep]\n|-heal|p2a: Torkoal|91\/100|[from] Grassy Terrain\n|-heal|p2b: Hoopa|31\/100|[from] Grassy Terrain\n|upkeep\n|inactive|vegetasfeet has 20 seconds left this turn.\n|\n|t:|1700980002\n|switch|p1a: Iron Hands|Iron Hands|100\/100\n|switch|p1b: Sinistcha|Sinistcha-Masterpiece|100\/100\n|turn|6\n|inactive|akaninski has 120 seconds left.\n|inactive|vegetasfeet has 30 seconds left.\n|inactive|vegetasfeet has 20 seconds left.\n|inactive|vegetasfeet has 15 seconds left.\n|inactive|vegetasfeet has 10 seconds left.\n|\n|t:|1700980041\n|move|p2a: Torkoal|Protect|p2a: Torkoal\n|-singleturn|p2a: Torkoal|Protect\n|move|p1a: Iron Hands|Fake Out|p2a: Torkoal\n|-activate|p2a: Torkoal|move: Protect\n|move|p2b: Hoopa|Zen Headbutt|p1a: Iron Hands\n|-supereffective|p1a: Iron Hands\n|-damage|p1a: Iron Hands|28\/100\n|-item|p2b: Hoopa|Assault Vest|[from] ability: Magician|[of] p1a: Iron Hands\n|move|p1b: Sinistcha|Scald|p2a: Torkoal\n|-activate|p2a: Torkoal|move: Protect\n|\n|-weather|Snow|[upkeep]\n|-heal|p2a: Torkoal|97\/100|[from] Grassy Terrain\n|-heal|p1a: Iron Hands|34\/100|[from] Grassy Terrain\n|-heal|p2b: Hoopa|37\/100|[from] Grassy Terrain\n|-fieldend|move: Grassy Terrain\n|upkeep\n|turn|7\n|inactive|vegetasfeet has 30 seconds left.\n|-message|akaninski forfeited.\n|\n|win|vegetasfeet\n|raw|akaninski's rating: 1306 &rarr; <strong>1285<\/strong><br \/>(-21 for losing)\n|raw|vegetasfeet's rating: 1284 &rarr; <strong>1311<\/strong><br \/>(+27 for winning)\n|l|\u2606akaninski\n","uploadtime":1700980443,"views":14,"p1id":"akaninski","p2id":"vegetasfeet","formatid":"gen9doublesou","rating":1285,"private":0,"password":""}