{"id":"gen9doublesou-2000478394","p1":"LukeTheDwarf336","p2":"ImperialDramon46","format":"[Gen 9] Doubles OU","log":"|j|\u2606LukeTheDwarf336\n|j|\u2606ImperialDramon46\n|t:|1701198178\n|gametype|doubles\n|player|p1|LukeTheDwarf336|265|1587\n|player|p2|ImperialDramon46|lance-gen2|1536\n|teamsize|p1|6\n|teamsize|p2|6\n|gen|9\n|tier|[Gen 9] Doubles OU\n|rated|\n|rule|Species Clause: Limit one of each Pok\u00e9mon\n|rule|OHKO Clause: OHKO moves are banned\n|rule|Evasion Moves Clause: Evasion moves are banned\n|rule|Gravity Sleep Clause: The combination of sleep-inducing moves with imperfect accuracy and Gravity or Gigantamax Orbeetle are banned\n|rule|Endless Battle Clause: Forcing endless battles is banned\n|rule|HP Percentage Mod: HP is shown in percentages\n|clearpoke\n|poke|p1|Flutter Mane|\n|poke|p1|Tornadus, M|\n|poke|p1|Amoonguss, M|\n|poke|p1|Heatran, M|\n|poke|p1|Arcanine-Hisui, M|\n|poke|p1|Chien-Pao|\n|poke|p2|Volcanion|\n|poke|p2|Diancie|\n|poke|p2|Kingambit, F|\n|poke|p2|Landorus-Therian, M|\n|poke|p2|Rillaboom, M|\n|poke|p2|Tornadus, M|\n|teampreview\n|inactive|Battle timer is ON: inactive players will automatically lose when time's up. (requested by LukeTheDwarf336)\n|inactive|LukeTheDwarf336 has 120 seconds left.\n|\n|t:|1701198239\n|start\n|switch|p1a: Heatran|Heatran, M|100\/100\n|switch|p1b: Amoonguss|Amoonguss, M|100\/100\n|switch|p2a: Volcanion|Volcanion|100\/100\n|switch|p2b: Tornadus|Tornadus, M|100\/100\n|turn|1\n|\n|t:|1701198262\n|-terastallize|p1a: Heatran|Grass\n|move|p2b: Tornadus|Taunt|p1b: Amoonguss\n|-start|p1b: Amoonguss|move: Taunt\n|move|p1a: Heatran|Earth Power|p2a: Volcanion\n|-supereffective|p2a: Volcanion\n|-damage|p2a: Volcanion|28\/100\n|move|p2a: Volcanion|Steam Eruption|p1a: Heatran\n|-resisted|p1a: Heatran\n|-crit|p1a: Heatran\n|-damage|p1a: Heatran|75\/100\n|cant|p1b: Amoonguss|move: Taunt|Spore\n|\n|-heal|p2a: Volcanion|34\/100|[from] item: Leftovers\n|upkeep\n|turn|2\n|\n|t:|1701198283\n|move|p2b: Tornadus|Bleakwind Storm|p1a: Heatran|[spread] p1a,p1b\n|-supereffective|p1a: Heatran\n|-crit|p1a: Heatran\n|-supereffective|p1b: Amoonguss\n|-damage|p1a: Heatran|9\/100\n|-damage|p1b: Amoonguss|42\/100\n|-unboost|p1b: Amoonguss|spe|1\n|-enditem|p1b: Amoonguss|Sitrus Berry|[eat]\n|-heal|p1b: Amoonguss|67\/100|[from] item: Sitrus Berry\n|move|p1a: Heatran|Heat Wave|p2b: Tornadus|[spread] p2a,p2b\n|-resisted|p2a: Volcanion\n|-damage|p2a: Volcanion|24\/100\n|-damage|p2b: Tornadus|49\/100\n|move|p2a: Volcanion|Steam Eruption|p1a: Heatran\n|-resisted|p1a: Heatran\n|-damage|p1a: Heatran|0 fnt\n|faint|p1a: Heatran\n|move|p1b: Amoonguss|Pollen Puff|p1: Heatran|[notarget]\n|-fail|p1b: Amoonguss\n|\n|-heal|p2a: Volcanion|30\/100|[from] item: Leftovers\n|upkeep\n|\n|t:|1701198298\n|switch|p1a: Arcanine|Arcanine-Hisui, M|100\/100\n|-ability|p1a: Arcanine|Intimidate|boost\n|-unboost|p2a: Volcanion|atk|1\n|-unboost|p2b: Tornadus|atk|1\n|turn|3\n|\n|t:|1701198303\n|switch|p1b: Tornadus|Tornadus, M|100\/100\n|move|p2b: Tornadus|Tailwind|p2b: Tornadus\n|-sidestart|p2: ImperialDramon46|move: Tailwind\n|move|p2a: Volcanion|Steam Eruption|p1a: Arcanine\n|-supereffective|p1a: Arcanine\n|-damage|p1a: Arcanine|0 fnt\n|faint|p1a: Arcanine\n|\n|-heal|p2a: Volcanion|36\/100|[from] item: Leftovers\n|upkeep\n|\n|t:|1701198313\n|switch|p1a: Flutter Mane|Flutter Mane|100\/100\n|turn|4\n|\n|t:|1701198321\n|move|p2a: Volcanion|Protect|p2a: Volcanion\n|-singleturn|p2a: Volcanion|Protect\n|move|p2b: Tornadus|Taunt|p1b: Tornadus\n|-start|p1b: Tornadus|move: Taunt\n|cant|p1b: Tornadus|move: Taunt|Tailwind\n|move|p1a: Flutter Mane|Dazzling Gleam|p2b: Tornadus|[spread] p2b\n|-activate|p2a: Volcanion|move: Protect\n|-crit|p2b: Tornadus\n|-damage|p2b: Tornadus|0 fnt\n|faint|p2b: Tornadus\n|\n|-heal|p2a: Volcanion|42\/100|[from] item: Leftovers\n|upkeep\n|\n|t:|1701198337\n|switch|p2b: Landorus|Landorus-Therian, M|100\/100\n|-ability|p2b: Landorus|Intimidate|boost\n|-unboost|p1a: Flutter Mane|atk|1\n|-unboost|p1b: Tornadus|atk|1\n|turn|5\n|\n|t:|1701198351\n|switch|p2a: Diancie|Diancie|100\/100\n|move|p1a: Flutter Mane|Protect|p1a: Flutter Mane\n|-singleturn|p1a: Flutter Mane|Protect\n|move|p2b: Landorus|Rock Slide|p1b: Tornadus|[spread] p1b\n|-activate|p1a: Flutter Mane|move: Protect\n|-supereffective|p1b: Tornadus\n|-damage|p1b: Tornadus|32\/100\n|move|p1b: Tornadus|Bleakwind Storm|p2a: Diancie|[spread] p2a,p2b\n|-resisted|p2a: Diancie\n|-damage|p2a: Diancie|86\/100\n|-damage|p2b: Landorus|74\/100\n|-unboost|p2b: Landorus|spe|1\n|\n|upkeep\n|turn|6\n|\n|t:|1701198375\n|-end|p1a: Flutter Mane|Protosynthesis|[silent]\n|switch|p1a: Amoonguss|Amoonguss, M|99\/100\n|-terastallize|p2a: Diancie|Flying\n|move|p1b: Tornadus|Bleakwind Storm|p2b: Landorus|[spread] p2a,p2b\n|-damage|p2a: Diancie|57\/100\n|-damage|p2b: Landorus|44\/100\n|move|p2b: Landorus|Rock Slide|p1b: Tornadus|[spread] p1a,p1b\n|-supereffective|p1b: Tornadus\n|-damage|p1a: Amoonguss|80\/100\n|-damage|p1b: Tornadus|0 fnt\n|faint|p1b: Tornadus\n|move|p2a: Diancie|Trick Room|p2a: Diancie\n|-fieldstart|move: Trick Room|[of] p2a: Diancie\n|\n|-sideend|p2: ImperialDramon46|move: Tailwind\n|upkeep\n|\n|t:|1701198385\n|switch|p1b: Flutter Mane|Flutter Mane|100\/100\n|turn|7\n|\n|t:|1701198397\n|move|p1a: Amoonguss|Spore|p2a: Diancie\n|-status|p2a: Diancie|slp|[from] move: Spore\n|cant|p2a: Diancie|slp\n|move|p2b: Landorus|Earthquake|p1a: Amoonguss|[spread] p1a,p1b\n|-immune|p2a: Diancie\n|-crit|p1a: Amoonguss\n|-damage|p1a: Amoonguss|20\/100\n|-enditem|p1b: Flutter Mane|Focus Sash\n|-damage|p1b: Flutter Mane|1\/100\n|move|p1b: Flutter Mane|Dazzling Gleam|p2a: Diancie|[spread] p2a,p2b\n|-damage|p2a: Diancie|32\/100 slp\n|-damage|p2b: Landorus|18\/100\n|\n|upkeep\n|turn|8\n|\n|t:|1701198418\n|move|p1a: Amoonguss|Pollen Puff|p2b: Landorus\n|-resisted|p2b: Landorus\n|-damage|p2b: Landorus|11\/100\n|cant|p2a: Diancie|slp\n|move|p2b: Landorus|Earthquake|p1b: Flutter Mane|[spread] p1a,p1b\n|-immune|p2a: Diancie\n|-damage|p1a: Amoonguss|0 fnt\n|-damage|p1b: Flutter Mane|0 fnt\n|faint|p1a: Amoonguss\n|faint|p1b: Flutter Mane\n|-end|p1b: Flutter Mane|Protosynthesis|[silent]\n|\n|upkeep\n|\n|t:|1701198426\n|switch|p1b: Chien-Pao|Chien-Pao|100\/100\n|-ability|p1b: Chien-Pao|Sword of Ruin\n|turn|9\n|\n|t:|1701198435\n|-curestatus|p2a: Diancie|slp|[msg]\n|move|p2a: Diancie|Diamond Storm|p1b: Chien-Pao\n|-supereffective|p1b: Chien-Pao\n|-damage|p1b: Chien-Pao|0 fnt\n|-boost|p2a: Diancie|def|2\n|faint|p1b: Chien-Pao\n|\n|win|ImperialDramon46\n|raw|LukeTheDwarf336's rating: 1587 &rarr; <strong>1564<\/strong><br \/>(-23 for losing)\n|raw|ImperialDramon46's rating: 1536 &rarr; <strong>1559<\/strong><br \/>(+23 for winning)\n|l|\u2606LukeTheDwarf336\n","uploadtime":1701198458,"views":7,"p1id":"lukethedwarf336","p2id":"imperialdramon46","formatid":"gen9doublesou","rating":1559,"private":0,"password":""}