{"id":"gen9doublesou-1991584998","p1":"Hybbridd","p2":"Lafayy","format":"[Gen 9] Doubles OU","log":"|j|\u2606Hybbridd\n|j|\u2606Lafayy\n|t:|1700091091\n|gametype|doubles\n|player|p1|Hybbridd|lucas-gen4pt|\n|player|p2|Lafayy|juan|\n|teamsize|p1|6\n|teamsize|p2|6\n|gen|9\n|tier|[Gen 9] Doubles OU\n|rule|Species Clause: Limit one of each Pok\u00e9mon\n|rule|OHKO Clause: OHKO moves are banned\n|rule|Evasion Moves Clause: Evasion moves are banned\n|rule|Gravity Sleep Clause: The combination of sleep-inducing moves with imperfect accuracy and Gravity or Gigantamax Orbeetle are banned\n|rule|Endless Battle Clause: Forcing endless battles is banned\n|rule|HP Percentage Mod: HP is shown in percentages\n|clearpoke\n|poke|p1|Glimmora, M|\n|poke|p1|Sableye, M|\n|poke|p1|Zoroark-Hisui, F|\n|poke|p1|Amoonguss, M|\n|poke|p1|Flutter Mane|\n|poke|p1|Garganacl, M|\n|poke|p2|Iron Bundle|\n|poke|p2|Torkoal, L99, M|\n|poke|p2|Great Tusk|\n|poke|p2|Roaring Moon|\n|poke|p2|Flutter Mane|\n|poke|p2|Tornadus, M|\n|teampreview\n|inactive|Battle timer is ON: inactive players will automatically lose when time's up. (requested by Lafayy)\n|\n|t:|1700091117\n|start\n|switch|p1a: Gremlin|Sableye, M, shiny|100\/100\n|switch|p1b: Nuh-Uh|Glimmora, M|100\/100\n|switch|p2a: Torkoal|Torkoal, L99, M|100\/100\n|switch|p2b: Flutter Mane|Flutter Mane|100\/100\n|-weather|SunnyDay|[from] ability: Drought|[of] p2a: Torkoal\n|-activate|p2b: Flutter Mane|ability: Protosynthesis\n|-start|p2b: Flutter Mane|protosynthesisspa\n|turn|1\n|\n|t:|1700091134\n|move|p2b: Flutter Mane|Protect|p2b: Flutter Mane\n|-singleturn|p2b: Flutter Mane|Protect\n|move|p1a: Gremlin|Thunder Wave|p2b: Flutter Mane\n|-activate|p2b: Flutter Mane|move: Protect\n|move|p1b: Nuh-Uh|Hex|p2b: Flutter Mane\n|-activate|p2b: Flutter Mane|move: Protect\n|move|p2a: Torkoal|Stealth Rock|p1b: Nuh-Uh\n|-sidestart|p1: Hybbridd|move: Stealth Rock\n|\n|-weather|SunnyDay|[upkeep]\n|upkeep\n|turn|2\n|c|\u2606Lafayy|Go easy\ud83e\udd7a\n|c|\u2606Hybbridd|Maybe\n|\n|t:|1700091161\n|-end|p2b: Flutter Mane|Protosynthesis|[silent]\n|switch|p2b: Great Tusk|Great Tusk|100\/100\n|-activate|p2b: Great Tusk|ability: Protosynthesis\n|-start|p2b: Great Tusk|protosynthesisatk\n|move|p1a: Gremlin|Taunt|p2a: Torkoal\n|-start|p2a: Torkoal|move: Taunt\n|move|p1b: Nuh-Uh|Nasty Plot|p1b: Nuh-Uh\n|-boost|p1b: Nuh-Uh|spa|2\n|cant|p2a: Torkoal|move: Taunt|Yawn\n|\n|-weather|SunnyDay|[upkeep]\n|upkeep\n|turn|3\n|inactive|Hybbridd has 270 seconds left.\n|\n|t:|1700091216\n|move|p1a: Gremlin|Thunder Wave|p2a: Torkoal\n|-status|p2a: Torkoal|par\n|move|p1b: Nuh-Uh|Hex|p2a: Torkoal\n|-damage|p2a: Torkoal|0 fnt\n|faint|p2a: Torkoal\n|move|p2b: Great Tusk|Headlong Rush|p1b: Nuh-Uh\n|-enditem|p1b: Nuh-Uh|Focus Sash\n|-damage|p1b: Nuh-Uh|1\/100\n|-unboost|p2b: Great Tusk|def|1\n|-unboost|p2b: Great Tusk|spd|1\n|replace|p1b: Shade|Zoroark-Hisui, F, shiny\n|-end|p1b: Shade|Illusion\n|\n|-weather|SunnyDay|[upkeep]\n|upkeep\n|inactive|Lafayy has 270 seconds left.\n|\n|t:|1700091233\n|switch|p2a: Tornadus|Tornadus, M|100\/100\n|turn|4\n|inactive|Hybbridd has 270 seconds left.\n|\n|t:|1700091254\n|move|p1a: Gremlin|Taunt|p2a: Tornadus\n|-start|p2a: Tornadus|move: Taunt\n|move|p2a: Tornadus|Icy Wind|p1a: Gremlin|[spread] p1a,p1b\n|-damage|p1a: Gremlin|77\/100\n|-damage|p1b: Shade|0 fnt\n|-unboost|p1a: Gremlin|spe|1\n|faint|p1b: Shade\n|move|p2b: Great Tusk|Headlong Rush|p1a: Gremlin\n|-damage|p1a: Gremlin|0 fnt\n|-unboost|p2b: Great Tusk|def|1\n|-unboost|p2b: Great Tusk|spd|1\n|faint|p1a: Gremlin\n|\n|-weather|SunnyDay|[upkeep]\n|upkeep\n|c|\u2606Hybbridd|Damn that fucker\u2019s fast\n|inactive|Hybbridd has 240 seconds left.\n|c|\u2606Lafayy|Glad that thing it\u2019s gone\n|\n|t:|1700091281\n|switch|p1b: Among Sus|Amoonguss, M, shiny|100\/100\n|switch|p1a: Nuh-Uh|Glimmora, M|100\/100\n|-damage|p1a: Nuh-Uh|88\/100|[from] Stealth Rock\n|-damage|p1b: Among Sus|88\/100|[from] Stealth Rock\n|turn|5\n|c|\u2606Lafayy|wanna say 353\n|inactive|Hybbridd has 240 seconds left.\n|\n|t:|1700091320\n|-terastallize|p1b: Among Sus|Water\n|move|p1b: Among Sus|Rage Powder|p1b: Among Sus\n|-singleturn|p1b: Among Sus|move: Rage Powder\n|move|p2a: Tornadus|Icy Wind|p1b: Among Sus|[spread] p1a,p1b\n|-resisted|p1b: Among Sus\n|-damage|p1a: Nuh-Uh|73\/100\n|-damage|p1b: Among Sus|84\/100\n|-unboost|p1a: Nuh-Uh|spe|1\n|-unboost|p1b: Among Sus|spe|1\n|-enditem|p1a: Nuh-Uh|Red Card|[of] p2a: Tornadus\n|drag|p2a: Roaring Moon|Roaring Moon|100\/100\n|-activate|p2a: Roaring Moon|ability: Protosynthesis\n|-start|p2a: Roaring Moon|protosynthesisatk\n|move|p2b: Great Tusk|Headlong Rush|p1b: Among Sus\n|-damage|p1b: Among Sus|0 fnt\n|-unboost|p2b: Great Tusk|def|1\n|-unboost|p2b: Great Tusk|spd|1\n|faint|p1b: Among Sus\n|move|p1a: Nuh-Uh|Stealth Rock|p2b: Great Tusk\n|-sidestart|p2: Lafayy|move: Stealth Rock\n|\n|-weather|none\n|-end|p2a: Roaring Moon|Protosynthesis\n|-end|p2b: Great Tusk|Protosynthesis\n|upkeep\n|-enditem|p2a: Roaring Moon|Booster Energy\n|-activate|p2a: Roaring Moon|ability: Protosynthesis|[fromitem]\n|-start|p2a: Roaring Moon|protosynthesisatk\n|inactive|Hybbridd has 210 seconds left.\n|\n|t:|1700091347\n|switch|p1b: FlutterinTheseNuts|Flutter Mane|100\/100\n|-damage|p1b: FlutterinTheseNuts|88\/100|[from] Stealth Rock\n|-enditem|p1b: FlutterinTheseNuts|Booster Energy\n|-activate|p1b: FlutterinTheseNuts|ability: Protosynthesis|[fromitem]\n|-start|p1b: FlutterinTheseNuts|protosynthesisspe\n|turn|6\n|inactive|Hybbridd has 210 seconds left.\n|\n|t:|1700091372\n|-end|p2b: Great Tusk|Protosynthesis|[silent]\n|switch|p2b: Tornadus|Tornadus, M|100\/100\n|-damage|p2b: Tornadus|76\/100|[from] Stealth Rock\n|-terastallize|p2a: Roaring Moon|Ground\n|move|p1b: FlutterinTheseNuts|Moonblast|p2b: Tornadus\n|-damage|p2b: Tornadus|8\/100\n|move|p2a: Roaring Moon|Earthquake|p1b: FlutterinTheseNuts|[spread] p1a,p1b\n|-immune|p2b: Tornadus\n|-supereffective|p1a: Nuh-Uh\n|-damage|p1a: Nuh-Uh|0 fnt\n|-damage|p1b: FlutterinTheseNuts|0 fnt\n|faint|p1a: Nuh-Uh\n|faint|p1b: FlutterinTheseNuts\n|-end|p1b: FlutterinTheseNuts|Protosynthesis|[silent]\n|\n|upkeep\n|c|\u2606Hybbridd|Yeah, that\u2019s a loss lol\n|\n|t:|1700091385\n|switch|p1b: GarganaclTheseNuts|Garganacl, M, shiny|100\/100\n|-damage|p1b: GarganaclTheseNuts|88\/100|[from] Stealth Rock\n|turn|7\n|\n|t:|1700091397\n|move|p2b: Tornadus|Icy Wind|p1b: GarganaclTheseNuts\n|-damage|p1b: GarganaclTheseNuts|70\/100\n|-unboost|p1b: GarganaclTheseNuts|spe|1\n|move|p2a: Roaring Moon|Earthquake|p1b: GarganaclTheseNuts|[spread] p1b\n|-immune|p2b: Tornadus\n|-supereffective|p1b: GarganaclTheseNuts\n|-damage|p1b: GarganaclTheseNuts|10\/100\n|move|p1b: GarganaclTheseNuts|Salt Cure|p2a: Roaring Moon\n|-resisted|p2a: Roaring Moon\n|-damage|p2a: Roaring Moon|92\/100\n|-start|p2a: Roaring Moon|Salt Cure\n|\n|-heal|p1b: GarganaclTheseNuts|16\/100|[from] item: Leftovers\n|-damage|p2a: Roaring Moon|80\/100|[from] Salt Cure\n|upkeep\n|turn|8\n|c|\u2606Lafayy|What\u2019s a good tera for garg\n|\n|t:|1700091422\n|move|p2b: Tornadus|Sunny Day|p2b: Tornadus\n|-weather|SunnyDay\n|move|p2a: Roaring Moon|Earthquake|p1b: GarganaclTheseNuts|[spread] p1b\n|-immune|p2b: Tornadus\n|-supereffective|p1b: GarganaclTheseNuts\n|-damage|p1b: GarganaclTheseNuts|0 fnt\n|faint|p1b: GarganaclTheseNuts\n|\n|win|Lafayy\n|c|\u2606Lafayy|Gg\n","uploadtime":1700091437,"views":5,"p1id":"hybbridd","p2id":"lafayy","formatid":"gen9doublesou","rating":0,"private":0,"password":""}