{"id":"gen9doublesou-1975691033","p1":"GuitarheroVGC","p2":"Penter","format":"[Gen 9] Doubles OU","log":"|j|\u2606GuitarheroVGC\n|j|\u2606Penter\n|inactive|Battle timer is ON: inactive players will automatically lose when time's up.\n|t:|1698225714\n|gametype|doubles\n|player|p1|GuitarheroVGC|kimonogirl|\n|player|p2|Penter|n|\n|teamsize|p1|6\n|teamsize|p2|6\n|gen|9\n|tier|[Gen 9] Doubles OU\n|rated|Tournament battle\n|rule|Species Clause: Limit one of each Pok\u00e9mon\n|rule|OHKO Clause: OHKO moves are banned\n|rule|Evasion Moves Clause: Evasion moves are banned\n|rule|Gravity Sleep Clause: The combination of sleep-inducing moves with imperfect accuracy and Gravity or Gigantamax Orbeetle are banned\n|rule|Endless Battle Clause: Forcing endless battles is banned\n|rule|HP Percentage Mod: HP is shown in percentages\n|clearpoke\n|poke|p1|Landorus-Therian, M|\n|poke|p1|Heatran, F|\n|poke|p1|Rillaboom, F|\n|poke|p1|Ogerpon-Hearthflame, F|\n|poke|p1|Iron Bundle|\n|poke|p1|Iron Hands|\n|poke|p2|Kleavor, M|\n|poke|p2|Weezing-Galar, M|\n|poke|p2|Roaring Moon|\n|poke|p2|Samurott-Hisui, M|\n|poke|p2|Ogerpon-Hearthflame, F|\n|poke|p2|Flutter Mane|\n|teampreview\n|j|*Lady Monita \u263d\n|inactive|GuitarheroVGC also wants the timer to be on.\n|inactive|GuitarheroVGC has 120 seconds left.\n|\n|t:|1698225749\n|start\n|switch|p1a: Iron Bundle|Iron Bundle|100\/100\n|switch|p1b: Iron Hands|Iron Hands|100\/100\n|switch|p2a: Weezing|Weezing-Galar, M|100\/100\n|switch|p2b: Samurott|Samurott-Hisui, M|100\/100\n|-ability|p2a: Weezing|Neutralizing Gas\n|-enditem|p1a: Iron Bundle|Booster Energy\n|-activate|p1a: Iron Bundle|ability: Quark Drive|[fromitem]\n|-start|p1a: Iron Bundle|quarkdrivespe\n|turn|1\n|\n|t:|1698225773\n|move|p1b: Iron Hands|Fake Out|p2b: Samurott\n|-damage|p2b: Samurott|82\/100\n|move|p1a: Iron Bundle|Freeze-Dry|p2b: Samurott\n|-supereffective|p2b: Samurott\n|-damage|p2b: Samurott|0 fnt\n|faint|p2b: Samurott\n|move|p2a: Weezing|Will-O-Wisp|p1b: Iron Hands\n|-status|p1b: Iron Hands|brn\n|\n|-damage|p1b: Iron Hands|94\/100 brn|[from] brn\n|upkeep\n|inactive|Penter has 120 seconds left.\n|\n|t:|1698225805\n|switch|p2b: Kleavor|Kleavor, M|100\/100\n|turn|2\n|inactive|Penter has 120 seconds left.\n|inactive|GuitarheroVGC has 120 seconds left.\n|\n|t:|1698225841\n|move|p1a: Iron Bundle|Protect|p1a: Iron Bundle\n|-singleturn|p1a: Iron Bundle|Protect\n|move|p2b: Kleavor|Stone Axe|p1b: Iron Hands\n|-resisted|p1b: Iron Hands\n|-damage|p1b: Iron Hands|82\/100 brn\n|-sidestart|p1: GuitarheroVGC|move: Stealth Rock\n|move|p2a: Weezing|Gunk Shot|p1a: Iron Bundle\n|-activate|p1a: Iron Bundle|move: Protect\n|move|p1b: Iron Hands|Heavy Slam|p2b: Kleavor\n|-supereffective|p2b: Kleavor\n|-damage|p2b: Kleavor|48\/100\n|\n|-damage|p1b: Iron Hands|76\/100 brn|[from] brn\n|upkeep\n|turn|3\n|\n|t:|1698225859\n|switch|p2b: Ogerpon|Ogerpon-Hearthflame, F|100\/100\n|move|p1a: Iron Bundle|Icy Wind|p2b: Ogerpon|[spread] p2a,p2b\n|-damage|p2a: Weezing|83\/100\n|-damage|p2b: Ogerpon|80\/100\n|-unboost|p2a: Weezing|spe|1\n|-unboost|p2b: Ogerpon|spe|1\n|move|p1b: Iron Hands|Heavy Slam|p2b: Ogerpon\n|-resisted|p2b: Ogerpon\n|-damage|p2b: Ogerpon|66\/100\n|move|p2a: Weezing|Gunk Shot|p1a: Iron Bundle\n|-damage|p1a: Iron Bundle|61\/100\n|\n|-heal|p2a: Weezing|89\/100|[from] item: Leftovers\n|-damage|p1b: Iron Hands|70\/100 brn|[from] brn\n|upkeep\n|turn|4\n|inactive|Penter has 120 seconds left.\n|\n|t:|1698225904\n|move|p1a: Iron Bundle|Icy Wind|p2a: Weezing|[spread] p2a,p2b\n|-damage|p2a: Weezing|72\/100\n|-damage|p2b: Ogerpon|45\/100\n|-unboost|p2a: Weezing|spe|1\n|-unboost|p2b: Ogerpon|spe|1\n|move|p2b: Ogerpon|Horn Leech|p1a: Iron Bundle\n|-supereffective|p1a: Iron Bundle\n|-damage|p1a: Iron Bundle|0 fnt\n|-heal|p2b: Ogerpon|77\/100|[from] drain|[of] p1a: Iron Bundle\n|faint|p1a: Iron Bundle\n|-end|p1a: Iron Bundle|Quark Drive|[silent]\n|move|p1b: Iron Hands|Drain Punch|p2b: Ogerpon\n|-damage|p2b: Ogerpon|50\/100\n|-heal|p1b: Iron Hands|79\/100 brn|[from] drain|[of] p2b: Ogerpon\n|move|p2a: Weezing|Gunk Shot|p1b: Iron Hands\n|-damage|p1b: Iron Hands|52\/100 brn\n|\n|-heal|p2a: Weezing|78\/100|[from] item: Leftovers\n|-damage|p1b: Iron Hands|46\/100 brn|[from] brn\n|upkeep\n|inactive|GuitarheroVGC has 120 seconds left.\n|\n|t:|1698225921\n|switch|p1a: Landorus|Landorus-Therian, M|100\/100\n|-damage|p1a: Landorus|88\/100|[from] Stealth Rock\n|turn|5\n|inactive|Penter has 120 seconds left.\n|inactive|Penter has 90 seconds left.\n|\n|t:|1698225979\n|switch|p2b: Kleavor|Kleavor, M|48\/100\n|move|p2a: Weezing|Protect|p2a: Weezing\n|-singleturn|p2a: Weezing|Protect\n|move|p1a: Landorus|Stomping Tantrum|p2a: Weezing\n|-activate|p2a: Weezing|move: Protect\n|move|p1b: Iron Hands|Heavy Slam|p2a: Weezing\n|-activate|p2a: Weezing|move: Protect\n|\n|-heal|p2a: Weezing|84\/100|[from] item: Leftovers\n|-damage|p1b: Iron Hands|40\/100 brn|[from] brn\n|upkeep\n|turn|6\n|inactive|Penter has 90 seconds left.\n|\n|t:|1698226010\n|-terastallize|p2a: Weezing|Water\n|move|p2b: Kleavor|Stone Axe|p1a: Landorus\n|-crit|p1a: Landorus\n|-damage|p1a: Landorus|33\/100\n|move|p1a: Landorus|Stomping Tantrum|p2a: Weezing\n|-damage|p2a: Weezing|46\/100\n|move|p1b: Iron Hands|Heavy Slam|p2a: Weezing\n|-resisted|p2a: Weezing\n|-crit|p2a: Weezing\n|-damage|p2a: Weezing|33\/100\n|move|p2a: Weezing|Will-O-Wisp|p1a: Landorus\n|-status|p1a: Landorus|brn\n|\n|-heal|p2a: Weezing|39\/100|[from] item: Leftovers\n|-damage|p1a: Landorus|27\/100 brn|[from] brn\n|-damage|p1b: Iron Hands|34\/100 brn|[from] brn\n|upkeep\n|turn|7\n|\n|t:|1698226031\n|move|p2a: Weezing|Protect|p2a: Weezing\n|-singleturn|p2a: Weezing|Protect\n|move|p2b: Kleavor|Stone Axe|p1a: Landorus\n|-damage|p1a: Landorus|0 fnt\n|faint|p1a: Landorus\n|move|p1b: Iron Hands|Wild Charge|p2a: Weezing\n|-activate|p2a: Weezing|move: Protect\n|\n|-heal|p2a: Weezing|45\/100|[from] item: Leftovers\n|-damage|p1b: Iron Hands|27\/100 brn|[from] brn\n|upkeep\n|\n|t:|1698226040\n|switch|p1a: Heatran|Heatran, F|100\/100\n|-damage|p1a: Heatran|88\/100|[from] Stealth Rock\n|turn|8\n|inactive|Penter has 120 seconds left.\n|\n|t:|1698226056\n|-end|p2a: Weezing|ability: Neutralizing Gas\n|switch|p2a: Roaring Moon|Roaring Moon|100\/100\n|-enditem|p2a: Roaring Moon|Booster Energy\n|-activate|p2a: Roaring Moon|ability: Protosynthesis|[fromitem]\n|-start|p2a: Roaring Moon|protosynthesisspe\n|-terastallize|p1a: Heatran|Fairy\n|move|p2b: Kleavor|Stone Axe|p1a: Heatran|[miss]\n|-miss|p2b: Kleavor|p1a: Heatran\n|move|p1a: Heatran|Flash Cannon|p2b: Kleavor\n|-supereffective|p2b: Kleavor\n|-damage|p2b: Kleavor|0 fnt\n|faint|p2b: Kleavor\n|-damage|p1a: Heatran|78\/100|[from] item: Life Orb\n|move|p1b: Iron Hands|Wild Charge|p2a: Roaring Moon\n|-resisted|p2a: Roaring Moon\n|-damage|p2a: Roaring Moon|87\/100\n|-damage|p1b: Iron Hands|25\/100 brn|[from] Recoil\n|\n|-damage|p1b: Iron Hands|19\/100 brn|[from] brn\n|upkeep\n|\n|t:|1698226068\n|switch|p2b: Weezing|Weezing-Galar, M, tera:Water|45\/100\n|-ability|p2b: Weezing|Neutralizing Gas\n|turn|9\n|inactive|Penter has 120 seconds left.\n|inactive|GuitarheroVGC has 120 seconds left.\n|inactive|Penter has 90 seconds left.\n|\n|t:|1698226135\n|move|p2a: Roaring Moon|Knock Off|p1a: Heatran\n|-resisted|p1a: Heatran\n|-damage|p1a: Heatran|56\/100\n|-enditem|p1a: Heatran|Life Orb|[from] move: Knock Off|[of] p2a: Roaring Moon\n|move|p1a: Heatran|Flash Cannon|p2a: Roaring Moon\n|-damage|p2a: Roaring Moon|43\/100\n|move|p2b: Weezing|Gunk Shot|p1b: Iron Hands\n|-damage|p1b: Iron Hands|0 fnt\n|faint|p1b: Iron Hands\n|-end|p1b: Iron Hands|Quark Drive|[silent]\n|\n|-heal|p2b: Weezing|50\/100|[from] item: Leftovers\n|upkeep\n|\n|t:|1698226146\n|switch|p1b: Rillaboom|Rillaboom, F|100\/100\n|-damage|p1b: Rillaboom|88\/100|[from] Stealth Rock\n|turn|10\n|\n|t:|1698226155\n|move|p2a: Roaring Moon|Protect|p2a: Roaring Moon\n|-singleturn|p2a: Roaring Moon|Protect\n|move|p2b: Weezing|Protect|p2b: Weezing\n|-singleturn|p2b: Weezing|Protect\n|move|p1a: Heatran|Flash Cannon|p2a: Roaring Moon\n|-activate|p2a: Roaring Moon|move: Protect\n|move|p1b: Rillaboom|Wood Hammer|p2b: Weezing\n|-activate|p2b: Weezing|move: Protect\n|\n|-heal|p2b: Weezing|56\/100|[from] item: Leftovers\n|upkeep\n|turn|11\n|inactive|Penter has 120 seconds left.\n|\n|t:|1698226174\n|move|p2a: Roaring Moon|Tailwind|p2a: Roaring Moon\n|-sidestart|p2: Penter|move: Tailwind\n|move|p2b: Weezing|Gunk Shot|p1a: Heatran\n|-supereffective|p1a: Heatran\n|-damage|p1a: Heatran|0 fnt\n|faint|p1a: Heatran\n|move|p1b: Rillaboom|Wood Hammer|p2b: Weezing\n|-supereffective|p2b: Weezing\n|-damage|p2b: Weezing|0 fnt\n|faint|p2b: Weezing\n|-end|p2b: Weezing|ability: Neutralizing Gas\n|-fieldstart|move: Grassy Terrain|[from] ability: Grassy Surge|[of] p1b: Rillaboom\n|-damage|p1b: Rillaboom|73\/100|[from] Recoil\n|\n|-heal|p2a: Roaring Moon|49\/100|[from] Grassy Terrain\n|-heal|p1b: Rillaboom|79\/100|[from] Grassy Terrain\n|upkeep\n|\n|t:|1698226187\n|switch|p1a: Ogerpon|Ogerpon-Hearthflame, F|100\/100\n|switch|p2b: Ogerpon|Ogerpon-Hearthflame, F|50\/100\n|-ability|p2b: Ogerpon|Mold Breaker\n|-damage|p1a: Ogerpon|75\/100|[from] Stealth Rock\n|-ability|p1a: Ogerpon|Mold Breaker\n|turn|12\n|\n|t:|1698226213\n|move|p2b: Ogerpon|Spiky Shield|p2b: Ogerpon\n|-singleturn|p2b: Ogerpon|move: Protect\n|move|p2a: Roaring Moon|Breaking Swipe|p1b: Rillaboom|[spread] p1a,p1b\n|-damage|p1a: Ogerpon|52\/100\n|-damage|p1b: Rillaboom|58\/100\n|-unboost|p1a: Ogerpon|atk|1\n|-unboost|p1b: Rillaboom|atk|1\n|move|p1a: Ogerpon|Ivy Cudgel|p2b: Ogerpon\n|-activate|p2b: Ogerpon|move: Protect\n|move|p1b: Rillaboom|U-turn|p2a: Roaring Moon\n|-supereffective|p2a: Roaring Moon\n|-damage|p2a: Roaring Moon|13\/100\n|\n|-heal|p2a: Roaring Moon|19\/100|[from] Grassy Terrain\n|-heal|p2b: Ogerpon|56\/100|[from] Grassy Terrain\n|-heal|p1a: Ogerpon|58\/100|[from] Grassy Terrain\n|-heal|p1b: Rillaboom|64\/100|[from] Grassy Terrain\n|upkeep\n|turn|13\n|\n|t:|1698226231\n|move|p1a: Ogerpon|Spiky Shield|p1a: Ogerpon\n|-singleturn|p1a: Ogerpon|move: Protect\n|move|p1b: Rillaboom|Grassy Glide|p2a: Roaring Moon\n|-resisted|p2a: Roaring Moon\n|-damage|p2a: Roaring Moon|3\/100\n|move|p2a: Roaring Moon|Breaking Swipe|p1a: Ogerpon|[spread] p1b\n|-activate|p1a: Ogerpon|move: Protect\n|-damage|p2a: Roaring Moon|0 fnt|[from] Spiky Shield|[of] p1a: Ogerpon\n|-damage|p1b: Rillaboom|43\/100\n|-unboost|p1b: Rillaboom|atk|1\n|faint|p2a: Roaring Moon\n|-end|p2a: Roaring Moon|Protosynthesis|[silent]\n|move|p2b: Ogerpon|Ivy Cudgel|p1b: Rillaboom\n|-supereffective|p1b: Rillaboom\n|-damage|p1b: Rillaboom|0 fnt\n|faint|p1b: Rillaboom\n|\n|-heal|p2b: Ogerpon|62\/100|[from] Grassy Terrain\n|-heal|p1a: Ogerpon|64\/100|[from] Grassy Terrain\n|upkeep\n|\n|t:|1698226233\n|switch|p2a: Flutter Mane|Flutter Mane|100\/100\n|-enditem|p2a: Flutter Mane|Booster Energy\n|-activate|p2a: Flutter Mane|ability: Protosynthesis|[fromitem]\n|-start|p2a: Flutter Mane|protosynthesisspa\n|turn|14\n|\n|t:|1698226253\n|move|p2a: Flutter Mane|Shadow Ball|p1a: Ogerpon\n|-damage|p1a: Ogerpon|10\/100\n|move|p2b: Ogerpon|Ivy Cudgel|p1a: Ogerpon\n|-damage|p1a: Ogerpon|0 fnt\n|faint|p1a: Ogerpon\n|\n|win|Penter\n|n|\u2606GuitarheroVGC|guitarherovgc\n|n|\u2606Penter|penter\n|n|*Lady Monita \u263d|ladymonita\n|l|*Lady Monita \u263d\n|l|\u2606GuitarheroVGC\n","uploadtime":1698226271,"views":24,"p1id":"guitarherovgc","p2id":"penter","formatid":"gen9doublesou","rating":0,"private":0,"password":""}