{"id":"gen9doublesou-1972220740","p1":"WEED_SOLDIAH","p2":"ChimeBliss","format":"[Gen 9] Doubles OU","log":"|j|\u2606WEED_SOLDIAH\n|j|\u2606ChimeBliss\n|t:|1697822620\n|gametype|doubles\n|player|p1|WEED_SOLDIAH|lusamine-nihilego|1134\n|player|p2|ChimeBliss|bianca|1219\n|teamsize|p1|6\n|teamsize|p2|6\n|gen|9\n|tier|[Gen 9] Doubles OU\n|rated|\n|rule|Species Clause: Limit one of each Pok\u00e9mon\n|rule|OHKO Clause: OHKO moves are banned\n|rule|Evasion Moves Clause: Evasion moves are banned\n|rule|Gravity Sleep Clause: The combination of sleep-inducing moves with imperfect accuracy and Gravity or Gigantamax Orbeetle are banned\n|rule|Endless Battle Clause: Forcing endless battles is banned\n|rule|HP Percentage Mod: HP is shown in percentages\n|clearpoke\n|poke|p1|Tornadus, M|\n|poke|p1|Barraskewda, F|\n|poke|p1|Volcanion|\n|poke|p1|Basculegion-F, F|\n|poke|p1|Zapdos|\n|poke|p1|Thundurus-Therian, M|\n|poke|p2|Tornadus, M|\n|poke|p2|Iron Hands|\n|poke|p2|Rillaboom, M|\n|poke|p2|Flutter Mane|\n|poke|p2|Ogerpon-Hearthflame, F|\n|poke|p2|Heatran, M|\n|teampreview\n|inactive|Battle timer is ON: inactive players will automatically lose when time's up. (requested by WEED_SOLDIAH)\n|\n|t:|1697822701\n|start\n|switch|p1a: Tornadus|Tornadus, M|100\/100\n|switch|p1b: Barraskewda|Barraskewda, F|100\/100\n|switch|p2a: Tornadus|Tornadus, M|100\/100\n|switch|p2b: Flutter Mane|Flutter Mane|100\/100\n|turn|1\n|inactive|ChimeBliss has 120 seconds left.\n|\n|t:|1697822739\n|-end|p2b: Flutter Mane|Protosynthesis|[silent]\n|switch|p2b: Rillaboom|Rillaboom, M|100\/100\n|-fieldstart|move: Grassy Terrain|[from] ability: Grassy Surge|[of] p2b: Rillaboom\n|move|p2a: Tornadus|Tailwind|p2a: Tornadus\n|-sidestart|p2: ChimeBliss|move: Tailwind\n|move|p1a: Tornadus|Rain Dance|p1a: Tornadus\n|-weather|RainDance\n|move|p1b: Barraskewda|Waterfall|p2b: Rillaboom\n|-resisted|p2b: Rillaboom\n|-damage|p2b: Rillaboom|54\/100\n|\n|-weather|RainDance|[upkeep]\n|-heal|p2b: Rillaboom|60\/100|[from] Grassy Terrain\n|upkeep\n|turn|2\n|inactive|ChimeBliss has 120 seconds left.\n|inactive|ChimeBliss has 90 seconds left.\n|\n|t:|1697822802\n|switch|p1b: Zapdos|Zapdos|100\/100\n|move|p2b: Rillaboom|Grassy Glide|p1b: Zapdos\n|-resisted|p1b: Zapdos\n|-damage|p1b: Zapdos|87\/100\n|-damage|p2b: Rillaboom|43\/100|[from] item: Rocky Helmet|[of] p1b: Zapdos\n|move|p1a: Tornadus|Tailwind|p1a: Tornadus\n|-sidestart|p1: WEED_SOLDIAH|move: Tailwind\n|move|p2a: Tornadus|Bleakwind Storm|p1a: Tornadus|[spread] p1a,p1b\n|-resisted|p1b: Zapdos\n|-damage|p1a: Tornadus|76\/100\n|-damage|p1b: Zapdos|73\/100\n|\n|-weather|RainDance|[upkeep]\n|-heal|p1a: Tornadus|83\/100|[from] item: Leftovers\n|-heal|p2b: Rillaboom|50\/100|[from] Grassy Terrain\n|upkeep\n|turn|3\n|inactive|ChimeBliss has 90 seconds left.\n|\n|t:|1697822826\n|switch|p2b: Heatran|Heatran, M|100\/100\n|move|p2a: Tornadus|Sunny Day|p2a: Tornadus\n|-weather|SunnyDay\n|move|p1a: Tornadus|Taunt|p2a: Tornadus\n|-start|p2a: Tornadus|move: Taunt\n|move|p1b: Zapdos|Hurricane|p2b: Heatran|[miss]\n|-miss|p1b: Zapdos|p2b: Heatran\n|\n|-weather|SunnyDay|[upkeep]\n|-heal|p1a: Tornadus|89\/100|[from] item: Leftovers\n|upkeep\n|turn|4\n|inactive|ChimeBliss has 90 seconds left.\n|\n|t:|1697822855\n|switch|p1b: Volcanion|Volcanion|100\/100\n|move|p1a: Tornadus|Rain Dance|p1a: Tornadus\n|-weather|RainDance\n|move|p2a: Tornadus|Bleakwind Storm|p1a: Tornadus|[spread] p1a,p1b\n|-damage|p1a: Tornadus|65\/100\n|-damage|p1b: Volcanion|79\/100\n|move|p2b: Heatran|Flash Cannon|p1a: Tornadus\n|-damage|p1a: Tornadus|30\/100\n|\n|-weather|RainDance|[upkeep]\n|-heal|p1a: Tornadus|36\/100|[from] item: Leftovers\n|-heal|p1b: Volcanion|85\/100|[from] Grassy Terrain\n|-sideend|p2: ChimeBliss|move: Tailwind\n|upkeep\n|turn|5\n|inactive|ChimeBliss has 90 seconds left.\n|inactive|WEED_SOLDIAH has 120 seconds left.\n|inactive|ChimeBliss has 60 seconds left.\n|\n|t:|1697822915\n|switch|p1a: Zapdos|Zapdos|73\/100\n|switch|p2a: Iron Hands|Iron Hands|100\/100\n|switch|p2b: Rillaboom|Rillaboom, M|50\/100\n|move|p1b: Volcanion|Steam Eruption|p2a: Iron Hands\n|-damage|p2a: Iron Hands|25\/100\n|-status|p2a: Iron Hands|brn\n|-enditem|p2a: Iron Hands|Sitrus Berry|[eat]\n|-heal|p2a: Iron Hands|50\/100 brn|[from] item: Sitrus Berry\n|\n|-weather|RainDance|[upkeep]\n|-heal|p1b: Volcanion|91\/100|[from] Grassy Terrain\n|-heal|p2b: Rillaboom|56\/100|[from] Grassy Terrain\n|-heal|p2a: Iron Hands|57\/100 brn|[from] Grassy Terrain\n|-damage|p2a: Iron Hands|50\/100 brn|[from] brn\n|-sideend|p1: WEED_SOLDIAH|move: Tailwind\n|-fieldend|move: Grassy Terrain\n|upkeep\n|turn|6\n|inactive|WEED_SOLDIAH has 120 seconds left.\n|\n|t:|1697822942\n|move|p1a: Zapdos|Hurricane|p2b: Rillaboom\n|-supereffective|p2b: Rillaboom\n|-damage|p2b: Rillaboom|0 fnt\n|faint|p2b: Rillaboom\n|move|p2a: Iron Hands|Drain Punch|p1b: Volcanion\n|-damage|p1b: Volcanion|75\/100\n|-heal|p2a: Iron Hands|57\/100 brn|[from] drain|[of] p1b: Volcanion\n|move|p1b: Volcanion|Steam Eruption|p2a: Iron Hands\n|-damage|p2a: Iron Hands|0 fnt\n|faint|p2a: Iron Hands\n|-end|p2a: Iron Hands|Quark Drive|[silent]\n|\n|-weather|RainDance|[upkeep]\n|upkeep\n|inactive|ChimeBliss has 60 seconds left.\n|\n|t:|1697822956\n|switch|p2b: Ogerpon|Ogerpon-Hearthflame, F|100\/100\n|switch|p2a: Tornadus|Tornadus, M|100\/100\n|-ability|p2b: Ogerpon|Mold Breaker\n|turn|7\n|\n|t:|1697822974\n|move|p2a: Tornadus|Sunny Day|p2a: Tornadus\n|-weather|SunnyDay\n|move|p2b: Ogerpon|Substitute|p2b: Ogerpon\n|-start|p2b: Ogerpon|Substitute\n|-damage|p2b: Ogerpon|76\/100\n|move|p1a: Zapdos|Thunder Wave|p2b: Ogerpon|[miss]\n|-miss|p1a: Zapdos|p2b: Ogerpon\n|move|p1b: Volcanion|Steam Eruption|p2b: Ogerpon\n|-end|p2b: Ogerpon|Substitute\n|\n|-weather|SunnyDay|[upkeep]\n|upkeep\n|turn|8\n|inactive|ChimeBliss has 90 seconds left.\n|\n|t:|1697822992\n|move|p2b: Ogerpon|Horn Leech|p1b: Volcanion\n|-damage|p1b: Volcanion|38\/100\n|-heal|p2b: Ogerpon|97\/100|[from] drain|[of] p1b: Volcanion\n|move|p2a: Tornadus|Bleakwind Storm|p1b: Volcanion|[spread] p1a,p1b\n|-resisted|p1a: Zapdos\n|-damage|p1a: Zapdos|57\/100\n|-damage|p1b: Volcanion|15\/100\n|-unboost|p1b: Volcanion|spe|1\n|move|p1a: Zapdos|Thunder Wave|p2b: Ogerpon\n|-status|p2b: Ogerpon|par\n|move|p1b: Volcanion|Steam Eruption|p2b: Ogerpon\n|-damage|p2b: Ogerpon|65\/100 par\n|\n|-weather|SunnyDay|[upkeep]\n|upkeep\n|turn|9\n|\n|t:|1697823014\n|move|p2a: Tornadus|Tailwind|p2a: Tornadus\n|-sidestart|p2: ChimeBliss|move: Tailwind\n|move|p2b: Ogerpon|Horn Leech|p1b: Volcanion\n|-damage|p1b: Volcanion|0 fnt\n|-heal|p2b: Ogerpon|74\/100 par|[from] drain|[of] p1b: Volcanion\n|faint|p1b: Volcanion\n|move|p1a: Zapdos|Roost|p1a: Zapdos\n|-heal|p1a: Zapdos|100\/100\n|-singleturn|p1a: Zapdos|move: Roost\n|\n|-weather|SunnyDay|[upkeep]\n|upkeep\n|\n|t:|1697823027\n|switch|p1b: Tornadus|Tornadus, M|36\/100\n|turn|10\n|\n|t:|1697823036\n|move|p2a: Tornadus|Taunt|p1b: Tornadus\n|-start|p1b: Tornadus|move: Taunt\n|cant|p1b: Tornadus|move: Taunt|Rain Dance\n|move|p2b: Ogerpon|Ivy Cudgel|p1a: Zapdos\n|-damage|p1a: Zapdos|40\/100\n|move|p1a: Zapdos|Hurricane|p2b: Ogerpon\n|-supereffective|p2b: Ogerpon\n|-damage|p2b: Ogerpon|0 fnt\n|faint|p2b: Ogerpon\n|\n|-weather|SunnyDay|[upkeep]\n|-heal|p1b: Tornadus|42\/100|[from] item: Leftovers\n|upkeep\n|\n|t:|1697823041\n|switch|p2b: Flutter Mane|Flutter Mane|100\/100\n|-activate|p2b: Flutter Mane|ability: Protosynthesis\n|-start|p2b: Flutter Mane|protosynthesisspa\n|turn|11\n|\n|t:|1697823069\n|switch|p1b: Thundurus|Thundurus-Therian, M|100\/100\n|-terastallize|p2b: Flutter Mane|Fairy\n|move|p2b: Flutter Mane|Dazzling Gleam|p1a: Zapdos|[spread] p1a,p1b\n|-damage|p1a: Zapdos|0 fnt\n|-damage|p1b: Thundurus|0 fnt\n|faint|p1a: Zapdos\n|faint|p1b: Thundurus\n|move|p2a: Tornadus|Bleakwind Storm|p1: Zapdos|[notarget]\n|-fail|p2a: Tornadus\n|\n|-weather|none\n|-end|p2b: Flutter Mane|Protosynthesis\n|upkeep\n|inactive|WEED_SOLDIAH has 120 seconds left.\n|\n|t:|1697823084\n|switch|p1b: Barraskewda|Barraskewda, F|100\/100\n|switch|p1a: Tornadus|Tornadus, M|42\/100\n|turn|12\n|\n|t:|1697823111\n|move|p2a: Tornadus|Taunt|p1a: Tornadus\n|-start|p1a: Tornadus|move: Taunt\n|cant|p1a: Tornadus|move: Taunt|Rain Dance\n|move|p2b: Flutter Mane|Dazzling Gleam|p1b: Barraskewda|[spread] p1a,p1b\n|-damage|p1a: Tornadus|0 fnt\n|-damage|p1b: Barraskewda|0 fnt\n|faint|p1a: Tornadus\n|faint|p1b: Barraskewda\n|\n|-sideend|p2: ChimeBliss|move: Tailwind\n|upkeep\n|inactive|WEED_SOLDIAH has 120 seconds left.\n|\n|t:|1697823135\n|switch|p1b: Basculegion|Basculegion-F, F|100\/100\n|turn|13\n|\n|t:|1697823150\n|move|p2a: Tornadus|Tailwind|p2a: Tornadus\n|-sidestart|p2: ChimeBliss|move: Tailwind\n|move|p2b: Flutter Mane|Dazzling Gleam|p1b: Basculegion\n|-crit|p1b: Basculegion\n|-damage|p1b: Basculegion|0 fnt\n|faint|p1b: Basculegion\n|\n|win|ChimeBliss\n|raw|WEED_SOLDIAH's rating: 1134 &rarr; <strong>1115<\/strong><br \/>(-19 for losing)\n|raw|ChimeBliss's rating: 1219 &rarr; <strong>1238<\/strong><br \/>(+19 for winning)\n|l|\u2606WEED_SOLDIAH\n","uploadtime":1697823154,"views":16,"p1id":"weedsoldiah","p2id":"chimebliss","formatid":"gen9doublesou","rating":1115,"private":0,"password":""}