{"id":"gen9doublesou-1968525516","p1":"vshoegaze","p2":"hoiymenomimnn 4v6","format":"[Gen 9] Doubles OU","log":"|j|\u2606vshoegaze\n|j|\u2606hoiymenomimnn 4v6\n|t:|1697428477\n|gametype|doubles\n|player|p1|vshoegaze|larry|1317\n|player|p2|hoiymenomimnn 4v6|policeman-gen4|1562\n|teamsize|p1|6\n|teamsize|p2|6\n|gen|9\n|tier|[Gen 9] Doubles OU\n|rated|\n|rule|Species Clause: Limit one of each Pok\u00e9mon\n|rule|OHKO Clause: OHKO moves are banned\n|rule|Evasion Moves Clause: Evasion moves are banned\n|rule|Gravity Sleep Clause: The combination of sleep-inducing moves with imperfect accuracy and Gravity or Gigantamax Orbeetle are banned\n|rule|Endless Battle Clause: Forcing endless battles is banned\n|rule|HP Percentage Mod: HP is shown in percentages\n|clearpoke\n|poke|p1|Ninetales-Alola, F|\n|poke|p1|Baxcalibur, F|\n|poke|p1|Slowking-Galar, F|\n|poke|p1|Tornadus, M|\n|poke|p1|Ting-Lu|\n|poke|p1|Heatran, F|\n|poke|p2|Diancie|\n|poke|p2|Torkoal, L98, M|\n|poke|p2|Armarouge, M|\n|poke|p2|Indeedee-F, F|\n|poke|p2|Sinistcha|\n|poke|p2|Regidrago|\n|teampreview\n|\n|t:|1697428502\n|start\n|switch|p1a: Ninetales|Ninetales-Alola, F|100\/100\n|switch|p1b: Baxcalibur|Baxcalibur, F|100\/100\n|switch|p2a: ChaScrnPulsWisFO|Indeedee-F, F|100\/100\n|switch|p2b: Fake Tears|Diancie|100\/100\n|-weather|Snow|[from] ability: Snow Warning|[of] p1a: Ninetales\n|-fieldstart|move: Psychic Terrain|[from] ability: Psychic Surge|[of] p2a: ChaScrnPulsWisFO\n|turn|1\n|\n|t:|1697428517\n|move|p2a: ChaScrnPulsWisFO|Follow Me|p2a: ChaScrnPulsWisFO\n|-singleturn|p2a: ChaScrnPulsWisFO|move: Follow Me\n|move|p1a: Ninetales|Aurora Veil|p1a: Ninetales\n|-sidestart|p1: vshoegaze|move: Aurora Veil\n|move|p1b: Baxcalibur|Icicle Spear|p2a: ChaScrnPulsWisFO\n|-damage|p2a: ChaScrnPulsWisFO|85\/100\n|-crit|p2a: ChaScrnPulsWisFO\n|-damage|p2a: ChaScrnPulsWisFO|62\/100\n|-damage|p2a: ChaScrnPulsWisFO|46\/100\n|-damage|p2a: ChaScrnPulsWisFO|30\/100\n|-hitcount|p2a: ChaScrnPulsWisFO|4\n|-enditem|p2a: ChaScrnPulsWisFO|Eject Button\n|inactive|Battle timer is ON: inactive players will automatically lose when time's up. (requested by vshoegaze)\n|\n|t:|1697428531\n|switch|p2a: Regidrago|Regidrago|100\/100\n|move|p2b: Fake Tears|Trick Room|p2b: Fake Tears\n|-fieldstart|move: Trick Room|[of] p2b: Fake Tears\n|\n|-weather|Snow|[upkeep]\n|upkeep\n|turn|2\n|\n|t:|1697428546\n|move|p2b: Fake Tears|Diamond Storm|p1a: Ninetales|[spread] p1a,p1b\n|-supereffective|p1a: Ninetales\n|-supereffective|p1b: Baxcalibur\n|-damage|p1a: Ninetales|49\/100\n|-damage|p1b: Baxcalibur|67\/100\n|move|p2a: Regidrago|Dragon Energy|p1b: Baxcalibur|[spread] p1b\n|-immune|p1a: Ninetales\n|-supereffective|p1b: Baxcalibur\n|-crit|p1b: Baxcalibur\n|-damage|p1b: Baxcalibur|0 fnt\n|faint|p1b: Baxcalibur\n|move|p1a: Ninetales|Dazzling Gleam|p2b: Fake Tears|[spread] p2a,p2b\n|-supereffective|p2a: Regidrago\n|-damage|p2a: Regidrago|54\/100\n|-damage|p2b: Fake Tears|82\/100\n|\n|-weather|Snow|[upkeep]\n|upkeep\n|\n|t:|1697428560\n|switch|p1b: Ting-Lu|Ting-Lu|100\/100\n|-ability|p1b: Ting-Lu|Vessel of Ruin\n|turn|3\n|\n|t:|1697428579\n|move|p2b: Fake Tears|Diamond Storm|p1a: Ninetales|[spread] p1a,p1b\n|-supereffective|p1a: Ninetales\n|-resisted|p1b: Ting-Lu\n|-damage|p1a: Ninetales|0 fnt\n|-damage|p1b: Ting-Lu|96\/100\n|-boost|p2b: Fake Tears|def|2\n|faint|p1a: Ninetales\n|move|p1b: Ting-Lu|Stealth Rock|p2b: Fake Tears\n|-sidestart|p2: hoiymenomimnn 4v6|move: Stealth Rock\n|move|p2a: Regidrago|Draco Meteor|p1b: Ting-Lu\n|-damage|p1b: Ting-Lu|49\/100\n|-unboost|p2a: Regidrago|spa|2\n|\n|-weather|Snow|[upkeep]\n|-heal|p1b: Ting-Lu|55\/100|[from] item: Leftovers\n|upkeep\n|\n|t:|1697428593\n|switch|p1a: Slowking|Slowking-Galar, F|100\/100\n|turn|4\n|\n|t:|1697428619\n|switch|p2a: Shadow Ball|Sinistcha|100\/100\n|-damage|p2a: Shadow Ball|88\/100|[from] Stealth Rock\n|-heal|p2b: Fake Tears|100\/100|[from] ability: Hospitality|[of] p2a: Shadow Ball\n|move|p2b: Fake Tears|Encore|p1b: Ting-Lu\n|-start|p1b: Ting-Lu|Encore\n|move|p1a: Slowking|Sludge Bomb|p2b: Fake Tears\n|-damage|p2b: Fake Tears|74\/100\n|move|p1b: Ting-Lu|Stealth Rock||[still]\n|-fail|p1b: Ting-Lu\n|\n|-weather|Snow|[upkeep]\n|-heal|p1b: Ting-Lu|61\/100|[from] item: Leftovers\n|upkeep\n|turn|5\n|\n|t:|1697428643\n|switch|p1b: Heatran|Heatran, F|100\/100\n|-item|p1b: Heatran|Air Balloon\n|move|p1a: Slowking|Sludge Bomb|p2b: Fake Tears\n|-damage|p2b: Fake Tears|35\/100\n|move|p2b: Fake Tears|Trick Room|p2b: Fake Tears\n|-fieldend|move: Trick Room\n|move|p2a: Shadow Ball|Trick Room|p2a: Shadow Ball\n|-fieldstart|move: Trick Room|[of] p2a: Shadow Ball\n|\n|-weather|none\n|-fieldend|move: Psychic Terrain\n|upkeep\n|turn|6\n|-message|vshoegaze forfeited.\n|\n|win|hoiymenomimnn 4v6\n|raw|vshoegaze's rating: 1317 &rarr; <strong>1309<\/strong><br \/>(-8 for losing)\n|raw|hoiymenomimnn 4v6's rating: 1562 &rarr; <strong>1570<\/strong><br \/>(+8 for winning)\n|l|\u2606vshoegaze\n","uploadtime":1697428662,"views":8,"p1id":"vshoegaze","p2id":"hoiymenomimnn4v6","formatid":"gen9doublesou","rating":1309,"private":0,"password":""}