{"id":"gen9doublesou-1992377783","p1":"ReligiousTweezer","p2":"Critian Caceorte","format":"[Gen 9] Doubles OU","log":"|j|\u2606ReligiousTweezer\n|j|\u2606Critian Caceorte\n|t:|1700180595\n|gametype|doubles\n|player|p1|ReligiousTweezer|medium|1222\n|player|p2|Critian Caceorte|hilda|1263\n|teamsize|p1|6\n|teamsize|p2|6\n|gen|9\n|tier|[Gen 9] Doubles OU\n|rated|\n|rule|Species Clause: Limit one of each Pok\u00e9mon\n|rule|OHKO Clause: OHKO moves are banned\n|rule|Evasion Moves Clause: Evasion moves are banned\n|rule|Gravity Sleep Clause: The combination of sleep-inducing moves with imperfect accuracy and Gravity or Gigantamax Orbeetle are banned\n|rule|Endless Battle Clause: Forcing endless battles is banned\n|rule|HP Percentage Mod: HP is shown in percentages\n|clearpoke\n|poke|p1|Empoleon, M|\n|poke|p1|Torterra, F|\n|poke|p1|Corviknight, M|\n|poke|p1|Skeledirge, M|\n|poke|p1|Umbreon, M|\n|poke|p1|Ninetales-Alola, F|\n|poke|p2|Torkoal, F|\n|poke|p2|Ninetales, M|\n|poke|p2|Scovillain, F|\n|poke|p2|Lilligant-Hisui, F|\n|poke|p2|Dachsbun, M|\n|poke|p2|Walking Wake|\n|teampreview\n|inactive|Battle timer is ON: inactive players will automatically lose when time's up. (requested by ReligiousTweezer)\n|\n|t:|1700180606\n|start\n|switch|p1a: Galadriel|Ninetales-Alola, F, shiny|100\/100\n|switch|p1b: Blue Man Group|Empoleon, M, shiny|100\/100\n|switch|p2a: Torkoal|Torkoal, F|100\/100\n|switch|p2b: Dachsbun|Dachsbun, M|100\/100\n|-weather|Snow|[from] ability: Snow Warning|[of] p1a: Galadriel\n|-weather|SunnyDay|[from] ability: Drought|[of] p2a: Torkoal\n|turn|1\n|\n|t:|1700180634\n|switch|p1a: Crocodile Rock|Skeledirge, M|100\/100\n|-terastallize|p1b: Blue Man Group|Ground\n|-terastallize|p2a: Torkoal|Fire\n|move|p2b: Dachsbun|Agility|p2b: Dachsbun\n|-boost|p2b: Dachsbun|spe|2\n|move|p1b: Blue Man Group|Tera Blast|p2a: Torkoal|[anim] Tera Blast Ground\n|-supereffective|p2a: Torkoal\n|-damage|p2a: Torkoal|19\/100\n|move|p2a: Torkoal|Lava Plume|p1a: Crocodile Rock|[spread] p1a,p1b\n|-ability|p2b: Dachsbun|Well-Baked Body|boost\n|-boost|p2b: Dachsbun|def|2\n|-resisted|p1a: Crocodile Rock\n|-damage|p1a: Crocodile Rock|70\/100\n|-damage|p1b: Blue Man Group|58\/100\n|\n|-weather|SunnyDay|[upkeep]\n|-heal|p1a: Crocodile Rock|76\/100|[from] item: Leftovers\n|upkeep\n|turn|2\n|\n|t:|1700180660\n|switch|p2a: Lilligant|Lilligant-Hisui, F|100\/100\n|move|p1a: Crocodile Rock|Protect|p1a: Crocodile Rock\n|-singleturn|p1a: Crocodile Rock|Protect\n|move|p2b: Dachsbun|Baton Pass|p2b: Dachsbun\n|\n|t:|1700180666\n|switch|p2b: Walking Wake|Walking Wake|100\/100|[from] Baton Pass\n|-activate|p2b: Walking Wake|ability: Protosynthesis\n|-start|p2b: Walking Wake|protosynthesisspe\n|move|p1b: Blue Man Group|Surf|p2a: Lilligant|[spread] p2a,p2b\n|-activate|p1a: Crocodile Rock|move: Protect\n|-resisted|p2a: Lilligant\n|-resisted|p2b: Walking Wake\n|-damage|p2a: Lilligant|89\/100\n|-damage|p2b: Walking Wake|98\/100\n|\n|-weather|SunnyDay|[upkeep]\n|-heal|p1a: Crocodile Rock|82\/100|[from] item: Leftovers\n|upkeep\n|turn|3\n|\n|t:|1700180680\n|switch|p1a: Galadriel|Ninetales-Alola, F, shiny|100\/100\n|-weather|Snow|[from] ability: Snow Warning|[of] p1a: Galadriel\n|-end|p2b: Walking Wake|Protosynthesis\n|switch|p1b: Ring Doorbell|Umbreon, M, shiny|100\/100\n|move|p2b: Walking Wake|Hydro Steam|p1a: Galadriel\n|-damage|p1a: Galadriel|50\/100\n|-enditem|p1a: Galadriel|Red Card|[of] p2b: Walking Wake\n|-end|p2b: Walking Wake|Protosynthesis|[silent]\n|drag|p2b: Scovillain|Scovillain, F|100\/100\n|move|p2a: Lilligant|Leaf Blade|p1b: Ring Doorbell\n|-damage|p1b: Ring Doorbell|72\/100\n|\n|-weather|Snow|[upkeep]\n|upkeep\n|turn|4\n|\n|t:|1700180698\n|switch|p2a: Torkoal|Torkoal, F, tera:Fire|19\/100\n|-weather|SunnyDay|[from] ability: Drought|[of] p2a: Torkoal\n|move|p2b: Scovillain|Flamethrower|p1a: Galadriel\n|-supereffective|p1a: Galadriel\n|-damage|p1a: Galadriel|0 fnt\n|faint|p1a: Galadriel\n|-damage|p2b: Scovillain|91\/100|[from] item: Life Orb\n|move|p1b: Ring Doorbell|Calm Mind|p1b: Ring Doorbell\n|-boost|p1b: Ring Doorbell|spa|1\n|-boost|p1b: Ring Doorbell|spd|1\n|\n|-weather|SunnyDay|[upkeep]\n|upkeep\n|\n|t:|1700180717\n|switch|p1a: Treetops|Torterra, F, shiny|100\/100\n|turn|5\n|\n|t:|1700180730\n|move|p1b: Ring Doorbell|Protect|p1b: Ring Doorbell\n|-singleturn|p1b: Ring Doorbell|Protect\n|move|p2b: Scovillain|Flamethrower|p1b: Ring Doorbell\n|-activate|p1b: Ring Doorbell|move: Protect\n|move|p1a: Treetops|Earthquake|p2a: Torkoal|[spread] p2a,p2b\n|-activate|p1b: Ring Doorbell|move: Protect\n|-supereffective|p2a: Torkoal\n|-damage|p2a: Torkoal|0 fnt\n|-damage|p2b: Scovillain|39\/100\n|faint|p2a: Torkoal\n|\n|-weather|SunnyDay|[upkeep]\n|upkeep\n|\n|t:|1700180743\n|switch|p2a: Lilligant|Lilligant-Hisui, F|89\/100\n|turn|6\n|\n|t:|1700180753\n|switch|p1a: Crocodile Rock|Skeledirge, M|82\/100\n|move|p2a: Lilligant|Axe Kick|p1b: Ring Doorbell\n|-supereffective|p1b: Ring Doorbell\n|-damage|p1b: Ring Doorbell|0 fnt\n|faint|p1b: Ring Doorbell\n|move|p2b: Scovillain|Flamethrower|p1a: Crocodile Rock\n|-resisted|p1a: Crocodile Rock\n|-damage|p1a: Crocodile Rock|44\/100\n|-damage|p2b: Scovillain|30\/100|[from] item: Life Orb\n|\n|-weather|SunnyDay|[upkeep]\n|-heal|p1a: Crocodile Rock|50\/100|[from] item: Leftovers\n|upkeep\n|\n|t:|1700180763\n|switch|p1b: Birdman|Corviknight, M, shiny|100\/100\n|turn|7\n|\n|t:|1700180772\n|move|p1b: Birdman|Protect|p1b: Birdman\n|-singleturn|p1b: Birdman|Protect\n|move|p2a: Lilligant|Sleep Powder|p1a: Crocodile Rock\n|-status|p1a: Crocodile Rock|slp|[from] move: Sleep Powder\n|move|p2b: Scovillain|Flamethrower|p1b: Birdman\n|-activate|p1b: Birdman|move: Protect\n|cant|p1a: Crocodile Rock|slp\n|\n|-weather|SunnyDay|[upkeep]\n|-heal|p1a: Crocodile Rock|56\/100 slp|[from] item: Leftovers\n|upkeep\n|turn|8\n|inactive|ReligiousTweezer has 120 seconds left.\n|\n|t:|1700180808\n|switch|p1b: Blue Man Group|Empoleon, M, shiny, tera:Ground|58\/100\n|move|p2a: Lilligant|Leaf Blade|p1b: Blue Man Group\n|-supereffective|p1b: Blue Man Group\n|-crit|p1b: Blue Man Group\n|-damage|p1b: Blue Man Group|0 fnt\n|faint|p1b: Blue Man Group\n|move|p2b: Scovillain|Flamethrower|p1a: Crocodile Rock\n|-resisted|p1a: Crocodile Rock\n|-damage|p1a: Crocodile Rock|13\/100 slp\n|-damage|p2b: Scovillain|20\/100|[from] item: Life Orb\n|-curestatus|p1a: Crocodile Rock|slp|[msg]\n|move|p1a: Crocodile Rock|Torch Song|p2b: Scovillain\n|-damage|p2b: Scovillain|0 fnt\n|-boost|p1a: Crocodile Rock|spa|1\n|faint|p2b: Scovillain\n|\n|-weather|none\n|-heal|p1a: Crocodile Rock|19\/100|[from] item: Leftovers\n|upkeep\n|\n|t:|1700180826\n|switch|p2b: Ninetales|Ninetales, M|100\/100\n|switch|p1b: Birdman|Corviknight, M, shiny|100\/100\n|-weather|SunnyDay|[from] ability: Drought|[of] p2b: Ninetales\n|turn|9\n|\n|t:|1700180841\n|move|p2a: Lilligant|Protect|p2a: Lilligant\n|-singleturn|p2a: Lilligant|Protect\n|move|p1b: Birdman|Protect|p1b: Birdman\n|-singleturn|p1b: Birdman|Protect\n|move|p2b: Ninetales|Dark Pulse|p1a: Crocodile Rock\n|-supereffective|p1a: Crocodile Rock\n|-damage|p1a: Crocodile Rock|0 fnt\n|faint|p1a: Crocodile Rock\n|\n|-weather|SunnyDay|[upkeep]\n|upkeep\n|\n|t:|1700180843\n|switch|p1a: Treetops|Torterra, F, shiny|100\/100\n|turn|10\n|c|\u2606ReligiousTweezer|This match hurt\n|\n|t:|1700180862\n|move|p2a: Lilligant|Axe Kick|p1b: Birdman\n|-damage|p1b: Birdman|41\/100\n|-start|p1b: Birdman|confusion\n|move|p2b: Ninetales|Heat Wave|p1a: Treetops|[spread] p1a,p1b\n|-supereffective|p1a: Treetops\n|-supereffective|p1b: Birdman\n|-crit|p1b: Birdman\n|-damage|p1a: Treetops|19\/100\n|-damage|p1b: Birdman|0 fnt\n|faint|p1b: Birdman\n|move|p1a: Treetops|Earthquake|p2b: Ninetales|[spread] p2a,p2b\n|-resisted|p2a: Lilligant\n|-supereffective|p2b: Ninetales\n|-damage|p2a: Lilligant|69\/100\n|-damage|p2b: Ninetales|13\/100\n|\n|-weather|SunnyDay|[upkeep]\n|-heal|p1a: Treetops|25\/100|[from] item: Leftovers\n|upkeep\n|turn|11\n|c|\u2606Critian Caceorte|yeah, I can feel that sometimes\n|\n|t:|1700180881\n|move|p2a: Lilligant|Axe Kick|p1a: Treetops\n|-damage|p1a: Treetops|0 fnt\n|faint|p1a: Treetops\n|\n|win|Critian Caceorte\n|raw|ReligiousTweezer's rating: 1222 &rarr; <strong>1200<\/strong><br \/>(-22 for losing)\n|raw|Critian Caceorte's rating: 1263 &rarr; <strong>1285<\/strong><br \/>(+22 for winning)\n|c|\u2606Critian Caceorte|hh\n|c|\u2606Critian Caceorte|gg\n|c|\u2606ReligiousTweezer|Gg\n","uploadtime":1700180891,"views":7,"p1id":"religioustweezer","p2id":"critiancaceorte","formatid":"gen9doublesou","rating":1200,"private":0,"password":""}