{"id":"gen9doublesou-1993959518","p1":"GalvarinoTheBlade","p2":"Corey7706","format":"[Gen 9] Doubles OU","log":"|j|\u2606GalvarinoTheBlade\n|j|\u2606Corey7706\n|t:|1700383077\n|gametype|doubles\n|player|p1|GalvarinoTheBlade|unknown|1048\n|player|p2|Corey7706|steven|1155\n|teamsize|p1|6\n|teamsize|p2|6\n|gen|9\n|tier|[Gen 9] Doubles OU\n|rated|\n|rule|Species Clause: Limit one of each Pok\u00e9mon\n|rule|OHKO Clause: OHKO moves are banned\n|rule|Evasion Moves Clause: Evasion moves are banned\n|rule|Gravity Sleep Clause: The combination of sleep-inducing moves with imperfect accuracy and Gravity or Gigantamax Orbeetle are banned\n|rule|Endless Battle Clause: Forcing endless battles is banned\n|rule|HP Percentage Mod: HP is shown in percentages\n|clearpoke\n|poke|p1|Grimmsnarl, M|\n|poke|p1|Chien-Pao|\n|poke|p1|Roaring Moon|\n|poke|p1|Gholdengo|\n|poke|p1|Landorus-Therian, M|\n|poke|p1|Fezandipiti, M|\n|poke|p2|Kommo-o, F|\n|poke|p2|Clefairy, F|\n|poke|p2|Sinistcha-Masterpiece|\n|poke|p2|Tyranitar, F|\n|poke|p2|Armarouge, F|\n|poke|p2|Scizor, M|\n|teampreview\n|inactive|Battle timer is ON: inactive players will automatically lose when time's up. (requested by Corey7706)\n|c|\u2606GalvarinoTheBlade|I just made this so sorry if it\u2019s crap\n|\n|t:|1700383097\n|start\n|switch|p1a: Grimmsnarl|Grimmsnarl, M|100\/100\n|switch|p1b: Chien-Pao|Chien-Pao|100\/100\n|switch|p2a: Tyranitar|Tyranitar, F|100\/100\n|switch|p2b: Clefairy|Clefairy, F|100\/100\n|-ability|p1b: Chien-Pao|Sword of Ruin\n|-weather|Sandstorm|[from] ability: Sand Stream|[of] p2a: Tyranitar\n|turn|1\n|inactive|GalvarinoTheBlade has 120 seconds left.\n|c|\u2606Corey7706|It's making me upset just by looking at it\n|c|\u2606GalvarinoTheBlade|I\u2019m back\n|inactive|GalvarinoTheBlade has 90 seconds left.\n|\n|t:|1700383171\n|move|p2b: Clefairy|Follow Me|p2b: Clefairy\n|-singleturn|p2b: Clefairy|move: Follow Me\n|move|p1a: Grimmsnarl|Swagger|p2b: Clefairy\n|-boost|p2b: Clefairy|atk|2\n|-start|p2b: Clefairy|confusion\n|move|p1b: Chien-Pao|Acrobatics|p2b: Clefairy\n|-damage|p2b: Clefairy|72\/100\n|move|p2a: Tyranitar|Rock Slide|p1a: Grimmsnarl|[spread] p1a,p1b\n|-supereffective|p1b: Chien-Pao\n|-damage|p1a: Grimmsnarl|28\/100\n|-damage|p1b: Chien-Pao|0 fnt\n|faint|p1b: Chien-Pao\n|-damage|p2a: Tyranitar|91\/100|[from] item: Life Orb\n|\n|-weather|Sandstorm|[upkeep]\n|-damage|p1a: Grimmsnarl|22\/100|[from] Sandstorm\n|-damage|p2b: Clefairy|66\/100|[from] Sandstorm\n|-heal|p1a: Grimmsnarl|28\/100|[from] item: Leftovers\n|upkeep\n|\n|t:|1700383187\n|switch|p1b: Fezandipiti|Fezandipiti, M|100\/100\n|turn|2\n|inactive|GalvarinoTheBlade has 90 seconds left.\n|\n|t:|1700383201\n|-activate|p2b: Clefairy|confusion\n|-damage|p2b: Clefairy|56\/100|[from] confusion\n|move|p1a: Grimmsnarl|Parting Shot|p2b: Clefairy\n|-unboost|p2b: Clefairy|atk|1\n|-unboost|p2b: Clefairy|spa|1\n|\n|t:|1700383209\n|switch|p1a: Landorus|Landorus-Therian, M|100\/100|[from] Parting Shot\n|-ability|p1a: Landorus|Intimidate|boost\n|-unboost|p2a: Tyranitar|atk|1\n|-unboost|p2b: Clefairy|atk|1\n|move|p1b: Fezandipiti|Dazzling Gleam|p2b: Clefairy|[spread] p2a,p2b\n|-supereffective|p2a: Tyranitar\n|-damage|p2a: Tyranitar|69\/100\n|-damage|p2b: Clefairy|41\/100\n|move|p2a: Tyranitar|Earthquake|p1b: Fezandipiti|[spread] p2b,p1b\n|-immune|p1a: Landorus\n|-supereffective|p1b: Fezandipiti\n|-damage|p2b: Clefairy|14\/100\n|-damage|p1b: Fezandipiti|41\/100\n|-damage|p2a: Tyranitar|59\/100|[from] item: Life Orb\n|\n|-weather|Sandstorm|[upkeep]\n|-damage|p1b: Fezandipiti|35\/100|[from] Sandstorm\n|-damage|p2b: Clefairy|8\/100|[from] Sandstorm\n|upkeep\n|turn|3\n|inactive|GalvarinoTheBlade has 90 seconds left.\n|\n|t:|1700383236\n|switch|p1b: Grimmsnarl|Grimmsnarl, M|28\/100\n|move|p1a: Landorus|U-turn|p2b: Clefairy\n|-resisted|p2b: Clefairy\n|-damage|p2b: Clefairy|0 fnt\n|faint|p2b: Clefairy\n|\n|t:|1700383246\n|switch|p1a: Roaring Moon|Roaring Moon|100\/100|[from] U-turn\n|-enditem|p1a: Roaring Moon|Booster Energy\n|-activate|p1a: Roaring Moon|ability: Protosynthesis|[fromitem]\n|-start|p1a: Roaring Moon|protosynthesisatk\n|move|p2a: Tyranitar|Rock Slide|p1a: Roaring Moon|[spread] p1a,p1b\n|-crit|p1b: Grimmsnarl\n|-damage|p1a: Roaring Moon|62\/100\n|-damage|p1b: Grimmsnarl|0 fnt\n|faint|p1b: Grimmsnarl\n|-damage|p2a: Tyranitar|49\/100|[from] item: Life Orb\n|\n|-weather|Sandstorm|[upkeep]\n|-damage|p1a: Roaring Moon|56\/100|[from] Sandstorm\n|upkeep\n|\n|t:|1700383260\n|switch|p1b: Landorus|Landorus-Therian, M|100\/100\n|switch|p2b: Kommo-o|Kommo-o, F, shiny|100\/100\n|-ability|p1b: Landorus|Intimidate|boost\n|-unboost|p2a: Tyranitar|atk|1\n|-unboost|p2b: Kommo-o|atk|1\n|turn|4\n|inactive|GalvarinoTheBlade has 120 seconds left.\n|\n|t:|1700383290\n|switch|p2a: Sinistcha|Sinistcha-Masterpiece|100\/100\n|-terastallize|p1b: Landorus|Flying\n|move|p1a: Roaring Moon|Dragon Dance|p1a: Roaring Moon\n|-boost|p1a: Roaring Moon|atk|1\n|-boost|p1a: Roaring Moon|spe|1\n|move|p1b: Landorus|Tera Blast|p2b: Kommo-o|[anim] Tera Blast Flying\n|-supereffective|p2b: Kommo-o\n|-damage|p2b: Kommo-o|0 fnt\n|faint|p2b: Kommo-o\n|\n|-weather|Sandstorm|[upkeep]\n|-damage|p1a: Roaring Moon|50\/100|[from] Sandstorm\n|-damage|p1b: Landorus|95\/100|[from] Sandstorm\n|-damage|p2a: Sinistcha|94\/100|[from] Sandstorm\n|upkeep\n|\n|t:|1700383311\n|switch|p2b: Tyranitar|Tyranitar, F|49\/100\n|turn|5\n|inactive|GalvarinoTheBlade has 120 seconds left.\n|\n|t:|1700383323\n|move|p1a: Roaring Moon|Iron Head|p2b: Tyranitar\n|-supereffective|p2b: Tyranitar\n|-damage|p2b: Tyranitar|0 fnt\n|faint|p2b: Tyranitar\n|move|p1b: Landorus|Tera Blast|p2a: Sinistcha|[anim] Tera Blast Flying\n|-supereffective|p2a: Sinistcha\n|-damage|p2a: Sinistcha|0 fnt\n|faint|p2a: Sinistcha\n|\n|-weather|none\n|upkeep\n|\n|t:|1700383329\n|switch|p2b: Scizor|Scizor, M|100\/100\n|switch|p2a: Armarouge|Armarouge, F|100\/100\n|turn|6\n|\n|t:|1700383345\n|move|p2b: Scizor|Bullet Punch|p1a: Roaring Moon\n|-damage|p1a: Roaring Moon|6\/100\n|move|p1a: Roaring Moon|Knock Off|p2a: Armarouge\n|-supereffective|p2a: Armarouge\n|-damage|p2a: Armarouge|0 fnt\n|-enditem|p2a: Armarouge|Leftovers|[from] move: Knock Off|[of] p1a: Roaring Moon\n|faint|p2a: Armarouge\n|move|p1b: Landorus|U-turn|p2b: Scizor\n|-resisted|p2b: Scizor\n|-damage|p2b: Scizor|88\/100\n|\n|t:|1700383357\n|switch|p1b: Fezandipiti|Fezandipiti, M|35\/100|[from] U-turn\n|\n|upkeep\n|turn|7\n|\n|t:|1700383363\n|move|p2b: Scizor|Bullet Punch|p1a: Roaring Moon\n|-damage|p1a: Roaring Moon|0 fnt\n|faint|p1a: Roaring Moon\n|-end|p1a: Roaring Moon|Protosynthesis|[silent]\n|move|p1b: Fezandipiti|Heat Wave|p2b: Scizor\n|-supereffective|p2b: Scizor\n|-damage|p2b: Scizor|0 fnt\n|faint|p2b: Scizor\n|\n|win|GalvarinoTheBlade\n|raw|GalvarinoTheBlade's rating: 1048 &rarr; <strong>1091<\/strong><br \/>(+43 for winning)\n|raw|Corey7706's rating: 1155 &rarr; <strong>1123<\/strong><br \/>(-32 for losing)\n|l|\u2606Corey7706\n|c|\u2606GalvarinoTheBlade|Would you say my team is good?\n","uploadtime":1700383378,"views":9,"p1id":"galvarinotheblade","p2id":"corey7706","formatid":"gen9doublesou","rating":1091,"private":0,"password":""}