{"id":"gen9doublesou-1993824690","p1":"Schister","p2":"sirazurill","format":"[Gen 9] Doubles OU","log":"|j|\u2606Schister\n|j|\u2606sirazurill\n|t:|1700361863\n|gametype|doubles\n|player|p1|Schister|clair|1816\n|player|p2|sirazurill|bugcatcher-gen4dp|1724\n|teamsize|p1|6\n|teamsize|p2|6\n|gen|9\n|tier|[Gen 9] Doubles OU\n|rated|\n|rule|Species Clause: Limit one of each Pok\u00e9mon\n|rule|OHKO Clause: OHKO moves are banned\n|rule|Evasion Moves Clause: Evasion moves are banned\n|rule|Gravity Sleep Clause: The combination of sleep-inducing moves with imperfect accuracy and Gravity or Gigantamax Orbeetle are banned\n|rule|Endless Battle Clause: Forcing endless battles is banned\n|rule|HP Percentage Mod: HP is shown in percentages\n|clearpoke\n|poke|p1|Grimmsnarl, M|\n|poke|p1|Landorus-Therian, M|\n|poke|p1|Rillaboom, M|\n|poke|p1|Skeledirge, M|\n|poke|p1|Kingambit, M|\n|poke|p1|Cresselia, F|\n|poke|p2|Kingambit, F|\n|poke|p2|Tornadus, M|\n|poke|p2|Flutter Mane|\n|poke|p2|Landorus-Therian, M|\n|poke|p2|Ogerpon-Wellspring, F|\n|poke|p2|Heatran, M|\n|teampreview\n|inactive|Battle timer is ON: inactive players will automatically lose when time's up. (requested by Schister)\n|\n|t:|1700361893\n|start\n|switch|p1a: Chairbutt|Kingambit, M|100\/100\n|switch|p1b: Gremlin|Grimmsnarl, M|100\/100\n|switch|p2a: Flutter Mane|Flutter Mane|100\/100\n|switch|p2b: Oregon-Wellspring|Ogerpon-Wellspring, F|100\/100\n|turn|1\n|\n|t:|1700361914\n|move|p1a: Chairbutt|Protect|p1a: Chairbutt\n|-singleturn|p1a: Chairbutt|Protect\n|move|p2b: Oregon-Wellspring|Follow Me|p2b: Oregon-Wellspring\n|-singleturn|p2b: Oregon-Wellspring|move: Follow Me\n|move|p1b: Gremlin|Light Screen|p1b: Gremlin\n|-sidestart|p1: Schister|move: Light Screen\n|move|p2a: Flutter Mane|Moonblast|p1b: Gremlin\n|-supereffective|p1b: Gremlin\n|-damage|p1b: Gremlin|0 fnt\n|faint|p1b: Gremlin\n|\n|upkeep\n|\n|t:|1700361924\n|switch|p1b: Bungo Kong|Rillaboom, M|100\/100\n|-fieldstart|move: Grassy Terrain|[from] ability: Grassy Surge|[of] p1b: Bungo Kong\n|turn|2\n|\n|t:|1700361934\n|-end|p2a: Flutter Mane|Protosynthesis|[silent]\n|switch|p2a: Heatran|Heatran, M|100\/100\n|move|p2b: Oregon-Wellspring|Spiky Shield|p2b: Oregon-Wellspring\n|-singleturn|p2b: Oregon-Wellspring|move: Protect\n|move|p1b: Bungo Kong|Wood Hammer|p2b: Oregon-Wellspring\n|-activate|p2b: Oregon-Wellspring|move: Protect\n|-damage|p1b: Bungo Kong|88\/100|[from] Spiky Shield|[of] p2b: Oregon-Wellspring\n|move|p1a: Chairbutt|Swords Dance|p1a: Chairbutt\n|-boost|p1a: Chairbutt|atk|2\n|\n|-heal|p1b: Bungo Kong|94\/100|[from] Grassy Terrain\n|upkeep\n|turn|3\n|\n|t:|1700361950\n|-terastallize|p1a: Chairbutt|Fairy\n|move|p2b: Oregon-Wellspring|Follow Me|p2b: Oregon-Wellspring\n|-singleturn|p2b: Oregon-Wellspring|move: Follow Me\n|move|p1b: Bungo Kong|Wood Hammer|p2b: Oregon-Wellspring\n|-damage|p2b: Oregon-Wellspring|10\/100\n|-damage|p1b: Bungo Kong|69\/100|[from] Recoil\n|move|p2a: Heatran|Heat Wave|p1a: Chairbutt|[spread] p1a\n|-miss|p2a: Heatran|p1b: Bungo Kong\n|-damage|p1a: Chairbutt|76\/100\n|move|p1a: Chairbutt|Swords Dance|p1a: Chairbutt\n|-boost|p1a: Chairbutt|atk|2\n|\n|-heal|p2b: Oregon-Wellspring|16\/100|[from] Grassy Terrain\n|-heal|p1b: Bungo Kong|75\/100|[from] Grassy Terrain\n|-heal|p1a: Chairbutt|82\/100|[from] Grassy Terrain\n|-heal|p1a: Chairbutt|88\/100|[from] item: Leftovers\n|upkeep\n|turn|4\n|\n|t:|1700361968\n|move|p2b: Oregon-Wellspring|Spiky Shield|p2b: Oregon-Wellspring\n|-singleturn|p2b: Oregon-Wellspring|move: Protect\n|move|p1b: Bungo Kong|Grassy Glide|p2b: Oregon-Wellspring\n|-activate|p2b: Oregon-Wellspring|move: Protect\n|-damage|p1b: Bungo Kong|63\/100|[from] Spiky Shield|[of] p2b: Oregon-Wellspring\n|move|p1a: Chairbutt|Sucker Punch|p2a: Heatran\n|-damage|p2a: Heatran|0 fnt\n|faint|p2a: Heatran\n|\n|-heal|p2b: Oregon-Wellspring|22\/100|[from] Grassy Terrain\n|-heal|p1b: Bungo Kong|69\/100|[from] Grassy Terrain\n|-heal|p1a: Chairbutt|94\/100|[from] Grassy Terrain\n|-heal|p1a: Chairbutt|100\/100|[from] item: Leftovers\n|upkeep\n|inactive|sirazurill has 120 seconds left.\n|\n|t:|1700361989\n|switch|p2a: Tornadus|Tornadus, M|100\/100\n|turn|5\n|\n|t:|1700362001\n|move|p2a: Tornadus|Tailwind|p2a: Tornadus\n|-sidestart|p2: sirazurill|move: Tailwind\n|move|p2b: Oregon-Wellspring|Wood Hammer|p1a: Chairbutt\n|-damage|p1a: Chairbutt|24\/100\n|-damage|p2b: Oregon-Wellspring|0 fnt|[from] Recoil\n|faint|p2b: Oregon-Wellspring\n|move|p1b: Bungo Kong|U-turn|p2a: Tornadus\n|-resisted|p2a: Tornadus\n|-damage|p2a: Tornadus|86\/100\n|-enditem|p2a: Tornadus|Eject Button\n|\n|t:|1700362013\n|switch|p2a: Kingambit|Kingambit, F|100\/100\n|-activate|p2a: Kingambit|ability: Supreme Overlord\n|-start|p2a: Kingambit|fallen2|[silent]\n|move|p1a: Chairbutt|Iron Head|p2a: Kingambit\n|-resisted|p2a: Kingambit\n|-damage|p2a: Kingambit|46\/100\n|\n|-heal|p2a: Kingambit|52\/100|[from] Grassy Terrain\n|-heal|p1b: Bungo Kong|75\/100|[from] Grassy Terrain\n|-heal|p1a: Chairbutt|30\/100|[from] Grassy Terrain\n|-heal|p1a: Chairbutt|36\/100|[from] item: Leftovers\n|upkeep\n|inactive|sirazurill has 120 seconds left.\n|\n|t:|1700362030\n|switch|p2b: Tornadus|Tornadus, M|86\/100\n|turn|6\n|\n|t:|1700362038\n|move|p1a: Chairbutt|Protect|p1a: Chairbutt\n|-singleturn|p1a: Chairbutt|Protect\n|move|p2a: Kingambit|Sucker Punch||[still]\n|-fail|p2a: Kingambit\n|move|p2b: Tornadus|Bleakwind Storm|p1b: Bungo Kong|[spread] p1b\n|-activate|p1a: Chairbutt|move: Protect\n|-supereffective|p1b: Bungo Kong\n|-damage|p1b: Bungo Kong|36\/100\n|-unboost|p1b: Bungo Kong|spe|1\n|move|p1b: Bungo Kong|U-turn|p2a: Kingambit\n|-crit|p2a: Kingambit\n|-damage|p2a: Kingambit|24\/100\n|\n|t:|1700362051\n|switch|p1b: HIM|Landorus-Therian, M|100\/100|[from] U-turn\n|-ability|p1b: HIM|Intimidate|boost\n|-unboost|p2a: Kingambit|atk|1\n|-unboost|p2b: Tornadus|atk|1\n|\n|-heal|p2a: Kingambit|30\/100|[from] Grassy Terrain\n|-heal|p1a: Chairbutt|42\/100|[from] Grassy Terrain\n|-heal|p1a: Chairbutt|49\/100|[from] item: Leftovers\n|-fieldend|move: Grassy Terrain\n|upkeep\n|turn|7\n|\n|t:|1700362076\n|move|p2b: Tornadus|Bleakwind Storm|p1b: HIM|[spread] p1a\n|-miss|p2b: Tornadus|p1b: HIM\n|-damage|p1a: Chairbutt|22\/100\n|-unboost|p1a: Chairbutt|spe|1\n|-ability|p1a: Chairbutt|Defiant|boost\n|-boost|p1a: Chairbutt|atk|2\n|move|p2a: Kingambit|Iron Head|p1a: Chairbutt\n|-supereffective|p1a: Chairbutt\n|-damage|p1a: Chairbutt|0 fnt\n|faint|p1a: Chairbutt\n|move|p1b: HIM|Stomping Tantrum|p2a: Kingambit\n|-supereffective|p2a: Kingambit\n|-damage|p2a: Kingambit|0 fnt\n|faint|p2a: Kingambit\n|-end|p2a: Kingambit|fallen2|[silent]\n|\n|upkeep\n|\n|t:|1700362095\n|switch|p2a: Landorus|Landorus-Therian, M|100\/100\n|switch|p1a: Hoverboard|Cresselia, F|100\/100\n|-ability|p2a: Landorus|Intimidate|boost\n|-unboost|p1a: Hoverboard|atk|1\n|-unboost|p1b: HIM|atk|1\n|turn|8\n|\n|t:|1700362116\n|move|p2a: Landorus|U-turn|p1a: Hoverboard\n|-supereffective|p1a: Hoverboard\n|-damage|p1a: Hoverboard|49\/100\n|\n|t:|1700362119\n|switch|p2a: Flutter Mane|Flutter Mane|100\/100|[from] U-turn\n|move|p2b: Tornadus|Bleakwind Storm|p1a: Hoverboard|[spread] p1a\n|-miss|p2b: Tornadus|p1b: HIM\n|-damage|p1a: Hoverboard|33\/100\n|-unboost|p1a: Hoverboard|spe|1\n|move|p1b: HIM|Taunt|p2b: Tornadus\n|-start|p2b: Tornadus|move: Taunt\n|move|p1a: Hoverboard|Trick Room|p1a: Hoverboard\n|-fieldstart|move: Trick Room|[of] p1a: Hoverboard\n|\n|-sideend|p1: Schister|move: Light Screen\n|-sideend|p2: sirazurill|move: Tailwind\n|upkeep\n|turn|9\n|\n|t:|1700362144\n|switch|p2b: Landorus|Landorus-Therian, M|100\/100\n|-ability|p2b: Landorus|Intimidate|boost\n|-unboost|p1a: Hoverboard|atk|1\n|-unboost|p1b: HIM|atk|1\n|-terastallize|p2a: Flutter Mane|Fairy\n|move|p1a: Hoverboard|Psychic|p2b: Landorus\n|-damage|p2b: Landorus|64\/100\n|move|p1b: HIM|U-turn|p2b: Landorus\n|-resisted|p2b: Landorus\n|-damage|p2b: Landorus|56\/100\n|\n|t:|1700362152\n|switch|p1b: Charlie|Skeledirge, M|100\/100|[from] U-turn\n|move|p2a: Flutter Mane|Dazzling Gleam|p1b: Charlie|[spread] p1a,p1b\n|-resisted|p1b: Charlie\n|-damage|p1a: Hoverboard|0 fnt\n|-damage|p1b: Charlie|72\/100\n|faint|p1a: Hoverboard\n|\n|-heal|p1b: Charlie|78\/100|[from] item: Leftovers\n|upkeep\n|\n|t:|1700362159\n|switch|p1a: HIM|Landorus-Therian, M|100\/100\n|-ability|p1a: HIM|Intimidate|boost\n|-unboost|p2a: Flutter Mane|atk|1\n|-unboost|p2b: Landorus|atk|1\n|turn|10\n|\n|t:|1700362169\n|move|p1b: Charlie|Torch Song|p2a: Flutter Mane\n|-damage|p2a: Flutter Mane|70\/100\n|-boost|p1b: Charlie|spa|1\n|move|p1a: HIM|U-turn|p2a: Flutter Mane\n|-resisted|p2a: Flutter Mane\n|-damage|p2a: Flutter Mane|45\/100\n|\n|t:|1700362173\n|switch|p1a: Bungo Kong|Rillaboom, M|36\/100|[from] U-turn\n|-fieldstart|move: Grassy Terrain|[from] ability: Grassy Surge|[of] p1a: Bungo Kong\n|move|p2b: Landorus|Stomping Tantrum|p1b: Charlie\n|-supereffective|p1b: Charlie\n|-damage|p1b: Charlie|0 fnt\n|faint|p1b: Charlie\n|move|p2a: Flutter Mane|Dazzling Gleam|p1a: Bungo Kong\n|-damage|p1a: Bungo Kong|0 fnt\n|faint|p1a: Bungo Kong\n|\n|-heal|p2a: Flutter Mane|51\/100|[from] Grassy Terrain\n|upkeep\n|\n|t:|1700362181\n|switch|p1a: HIM|Landorus-Therian, M|100\/100\n|-ability|p1a: HIM|Intimidate|boost\n|-unboost|p2a: Flutter Mane|atk|1\n|-unboost|p2b: Landorus|atk|1\n|turn|11\n|-message|Schister forfeited.\n|\n|win|sirazurill\n|raw|Schister's rating: 1816 &rarr; <strong>1791<\/strong><br \/>(-25 for losing)\n|raw|sirazurill's rating: 1724 &rarr; <strong>1749<\/strong><br \/>(+25 for winning)\n|l|\u2606Schister\n|l|\u2606sirazurill\n|j|\u2606sirazurill\n|player|p2|sirazurill|bugcatcher-gen4dp\n","uploadtime":1700362592,"views":5,"p1id":"schister","p2id":"sirazurill","formatid":"gen9doublesou","rating":1749,"private":0,"password":""}