{"id":"gen9doublesou-1975881862","p1":"Pratik2007","p2":"tkhanh","format":"[Gen 9] Doubles OU","log":"|j|\u2606Pratik2007\n|j|\u2606tkhanh\n|t:|1698246251\n|gametype|doubles\n|player|p1|Pratik2007|n|\n|player|p2|tkhanh|morty|\n|teamsize|p1|6\n|teamsize|p2|6\n|gen|9\n|tier|[Gen 9] Doubles OU\n|rule|Species Clause: Limit one of each Pok\u00e9mon\n|rule|OHKO Clause: OHKO moves are banned\n|rule|Evasion Moves Clause: Evasion moves are banned\n|rule|Gravity Sleep Clause: The combination of sleep-inducing moves with imperfect accuracy and Gravity or Gigantamax Orbeetle are banned\n|rule|Endless Battle Clause: Forcing endless battles is banned\n|rule|HP Percentage Mod: HP is shown in percentages\n|clearpoke\n|poke|p1|Ninetales-Alola, F|\n|poke|p1|Ogerpon-Wellspring, F|\n|poke|p1|Flutter Mane|\n|poke|p1|Landorus-Therian, M|\n|poke|p1|Roaring Moon|\n|poke|p1|Heatran, F|\n|poke|p2|Cresselia, F|\n|poke|p2|Diancie|\n|poke|p2|Indeedee-F, F|\n|poke|p2|Armarouge, M|\n|poke|p2|Ursaluna, M|\n|poke|p2|Kingambit, F|\n|teampreview\n|c|\u2606tkhanh|took a billion years to upload\n|j| spc but double\n|j| Realblazing2\n|\n|t:|1698246302\n|start\n|switch|p1a: Landorus|Landorus-Therian, M|100\/100\n|switch|p1b: Roaring Moon|Roaring Moon|100\/100\n|switch|p2a: Indeedee|Indeedee-F, F|100\/100\n|switch|p2b: Diancie|Diancie|100\/100\n|-ability|p1a: Landorus|Intimidate|boost\n|-unboost|p2a: Indeedee|atk|1\n|-fail|p2b: Diancie|unboost|[from] ability: Clear Body|[of] p2b: Diancie\n|-fieldstart|move: Psychic Terrain|[from] ability: Psychic Surge|[of] p2a: Indeedee\n|-enditem|p1b: Roaring Moon|Booster Energy\n|-activate|p1b: Roaring Moon|ability: Protosynthesis|[fromitem]\n|-start|p1b: Roaring Moon|protosynthesisspe\n|turn|1\n|j|+sundays.n_sundaes\n|\n|t:|1698246339\n|move|p2a: Indeedee|Follow Me|p2a: Indeedee\n|-singleturn|p2a: Indeedee|move: Follow Me\n|move|p1b: Roaring Moon|Knock Off|p2a: Indeedee\n|-supereffective|p2a: Indeedee\n|-enditem|p2a: Indeedee|Colbur Berry|[eat]\n|-enditem|p2a: Indeedee|Colbur Berry|[weaken]\n|-damage|p2a: Indeedee|28\/100\n|move|p1a: Landorus|Stomping Tantrum|p2a: Indeedee\n|-damage|p2a: Indeedee|0 fnt\n|faint|p2a: Indeedee\n|move|p2b: Diancie|Trick Room|p2b: Diancie\n|-fieldstart|move: Trick Room|[of] p2b: Diancie\n|\n|upkeep\n|inactive|Battle timer is ON: inactive players will automatically lose when time's up. (requested by Pratik2007)\n|\n|t:|1698246420\n|switch|p2a: Armarouge|Armarouge, M|100\/100\n|turn|2\n|\n|t:|1698246449\n|-terastallize|p2a: Armarouge|Grass\n|move|p2b: Diancie|Body Press|p1b: Roaring Moon\n|-supereffective|p1b: Roaring Moon\n|-damage|p1b: Roaring Moon|14\/100\n|move|p2a: Armarouge|Heat Wave|p1b: Roaring Moon|[spread] p1a,p1b\n|-resisted|p1b: Roaring Moon\n|-crit|p1b: Roaring Moon\n|-damage|p1a: Landorus|66\/100\n|-damage|p1b: Roaring Moon|0 fnt\n|faint|p1b: Roaring Moon\n|-end|p1b: Roaring Moon|Protosynthesis|[silent]\n|-damage|p2a: Armarouge|91\/100|[from] item: Life Orb\n|move|p1a: Landorus|Stomping Tantrum|p2a: Armarouge\n|-resisted|p2a: Armarouge\n|-crit|p2a: Armarouge\n|-damage|p2a: Armarouge|58\/100\n|\n|upkeep\n|inactive|Pratik2007 has 270 seconds left.\n|inactive|Pratik2007 has 240 seconds left.\n|\n|t:|1698246491\n|switch|p1b: Heatran|Heatran, F|100\/100\n|turn|3\n|j| ionnss\n|c| ionnss|are ya winnin son\n|inactive|tkhanh has 270 seconds left.\n|c|\u2606tkhanh|my moves are hitting\n|c|\u2606tkhanh|so ye\n|c|\u2606tkhanh|for now\n|c| ionnss|good start\n|\n|t:|1698246543\n|move|p2b: Diancie|Body Press|p1b: Heatran\n|-supereffective|p1b: Heatran\n|-damage|p1b: Heatran|46\/100\n|move|p2a: Armarouge|Expanding Force|p1b: Heatran|[spread] p1a,p1b\n|-resisted|p1b: Heatran\n|-damage|p1a: Landorus|13\/100\n|-damage|p1b: Heatran|9\/100\n|-damage|p2a: Armarouge|48\/100|[from] item: Life Orb\n|move|p1b: Heatran|Flash Cannon|p2b: Diancie\n|-supereffective|p2b: Diancie\n|-damage|p2b: Diancie|0 fnt\n|faint|p2b: Diancie\n|move|p1a: Landorus|U-turn|p2a: Armarouge\n|-supereffective|p2a: Armarouge\n|-damage|p2a: Armarouge|0 fnt\n|faint|p2a: Armarouge\n|inactive|Pratik2007 has 240 seconds left.\n|\n|t:|1698246565\n|switch|p1a: Ogerpon|Ogerpon-Wellspring, F|100\/100|[from] U-turn\n|\n|upkeep\n|c| Realblazing2|If shadow is ions son, then Cyril must be his grandfather\n|inactive|tkhanh has 240 seconds left.\n|c| spc but double|hgpl lore\n|inactive|tkhanh has 210 seconds left.\n|inactive|tkhanh has 180 seconds left.\n|\n|t:|1698246646\n|switch|p2b: Kingambit|Kingambit, F|100\/100\n|switch|p2a: Ursaluna|Ursaluna, M|100\/100\n|turn|4\n|c| ionnss|cyril is my dad??\n|inactive|Pratik2007 has 240 seconds left.\n|c| ionnss|Oh right\n|\n|t:|1698246672\n|move|p2a: Ursaluna|Protect|p2a: Ursaluna\n|-singleturn|p2a: Ursaluna|Protect\n|move|p1a: Ogerpon|Spiky Shield|p1a: Ogerpon\n|-singleturn|p1a: Ogerpon|move: Protect\n|move|p2b: Kingambit|Swords Dance|p2b: Kingambit\n|-boost|p2b: Kingambit|atk|2\n|move|p1b: Heatran|Will-O-Wisp|p2b: Kingambit\n|-status|p2b: Kingambit|brn\n|\n|-damage|p2b: Kingambit|94\/100 brn|[from] brn\n|-status|p2a: Ursaluna|brn|[from] item: Flame Orb\n|upkeep\n|turn|5\n|c|\u2606tkhanh|you don't know your dad???\n|inactive|tkhanh has 210 seconds left.\n|c|\u2606tkhanh|what the\n|inactive|Pratik2007 has 240 seconds left.\n|c| ionnss|its complicated\n|inactive|tkhanh has 180 seconds left.\n|\n|t:|1698246723\n|switch|p1a: Flutter Mane|Flutter Mane|100\/100\n|move|p2a: Ursaluna|Facade|p1a: Flutter Mane\n|-immune|p1a: Flutter Mane\n|move|p2b: Kingambit|Kowtow Cleave|p1b: Heatran\n|-damage|p1b: Heatran|0 fnt\n|faint|p1b: Heatran\n|\n|-damage|p2b: Kingambit|88\/100 brn|[from] brn\n|-damage|p2a: Ursaluna|94\/100 brn|[from] brn\n|-fieldend|move: Trick Room\n|-fieldend|move: Psychic Terrain\n|upkeep\n|\n|t:|1698246739\n|switch|p1b: Ogerpon|Ogerpon-Wellspring, F|100\/100\n|turn|6\n|\n|t:|1698246770\n|switch|p2a: Cresselia|Cresselia, F|100\/100\n|-terastallize|p1b: Ogerpon|Water\n|detailschange|p1b: Ogerpon|Ogerpon-Wellspring-Tera, F, tera:Water\n|-ability|p1b: Ogerpon|Embody Aspect (Wellspring)|boost\n|-boost|p1b: Ogerpon|spd|1\n|move|p1a: Flutter Mane|Dazzling Gleam|p2a: Cresselia|[spread] p2a,p2b\n|-damage|p2a: Cresselia|69\/100\n|-damage|p2b: Kingambit|39\/100 brn\n|move|p1b: Ogerpon|Ivy Cudgel|p2b: Kingambit\n|-damage|p2b: Kingambit|0 fnt\n|faint|p2b: Kingambit\n|\n|upkeep\n|inactive|tkhanh has 180 seconds left.\n|\n|t:|1698246780\n|switch|p2b: Ursaluna|Ursaluna, M|94\/100 brn\n|turn|7\n|\n|t:|1698246796\n|move|p2b: Ursaluna|Protect|p2b: Ursaluna\n|-singleturn|p2b: Ursaluna|Protect\n|move|p1a: Flutter Mane|Dazzling Gleam|p2a: Cresselia|[spread] p2a\n|-activate|p2b: Ursaluna|move: Protect\n|-damage|p2a: Cresselia|35\/100\n|move|p1b: Ogerpon|Ivy Cudgel|p2a: Cresselia\n|-damage|p2a: Cresselia|0 fnt\n|faint|p2a: Cresselia\n|\n|-damage|p2b: Ursaluna|88\/100 brn|[from] brn\n|upkeep\n|turn|8\n|c|\u2606tkhanh|gg\n|inactive|tkhanh has 210 seconds left.\n|-message|tkhanh forfeited.\n|\n|win|Pratik2007\n|l|\u2606tkhanh\n|c|\u2606Pratik2007|gg\n|c| ionnss|g3 time\n","uploadtime":1698246807,"views":14,"p1id":"pratik2007","p2id":"tkhanh","formatid":"gen9doublesou","rating":0,"private":0,"password":""}