{"id":"gen9doublesou-1977760864","p1":"Ftyftyfytf","p2":"MineEnder","format":"[Gen 9] Doubles OU","log":"|j|\u2606Ftyftyfytf\n|j|\u2606MineEnder\n|t:|1698446437\n|gametype|doubles\n|player|p1|Ftyftyfytf|169|1092\n|player|p2|MineEnder|265|1162\n|teamsize|p1|6\n|teamsize|p2|6\n|gen|9\n|tier|[Gen 9] Doubles OU\n|rated|\n|rule|Species Clause: Limit one of each Pok\u00e9mon\n|rule|OHKO Clause: OHKO moves are banned\n|rule|Evasion Moves Clause: Evasion moves are banned\n|rule|Gravity Sleep Clause: The combination of sleep-inducing moves with imperfect accuracy and Gravity or Gigantamax Orbeetle are banned\n|rule|Endless Battle Clause: Forcing endless battles is banned\n|rule|HP Percentage Mod: HP is shown in percentages\n|clearpoke\n|poke|p1|Sinistcha-Masterpiece|\n|poke|p1|Palafin, F|\n|poke|p1|Ambipom, F|\n|poke|p1|Vikavolt, F|\n|poke|p1|Kommo-o, M|\n|poke|p1|Pawmot, M|\n|poke|p2|Tornadus, M|\n|poke|p2|Amoonguss, F|\n|poke|p2|Flutter Mane|\n|poke|p2|Chi-Yu|\n|poke|p2|Ninetales-Alola, F|\n|poke|p2|Glimmora, F|\n|teampreview\n|\n|t:|1698446444\n|start\n|switch|p1a: Pawmot|Pawmot, M, shiny|100\/100\n|switch|p1b: Palafin|Palafin, F|100\/100\n|switch|p2a: Glimmora|Glimmora, F|100\/100\n|switch|p2b: Amoonguss|Amoonguss, F|100\/100\n|turn|1\n|inactive|Battle timer is ON: inactive players will automatically lose when time's up. (requested by Ftyftyfytf)\n|\n|t:|1698446455\n|move|p2a: Glimmora|Spiky Shield|p2a: Glimmora\n|-singleturn|p2a: Glimmora|move: Protect\n|move|p1a: Pawmot|Fake Out|p2b: Amoonguss\n|-damage|p2b: Amoonguss|87\/100\n|move|p1b: Palafin|Flip Turn|p2a: Glimmora\n|-activate|p2a: Glimmora|move: Protect\n|-damage|p1b: Palafin|88\/100|[from] Spiky Shield|[of] p2a: Glimmora\n|cant|p2b: Amoonguss|flinch\n|\n|-heal|p2b: Amoonguss|93\/100|[from] item: Leftovers\n|upkeep\n|turn|2\n|\n|t:|1698446478\n|switch|p1a: Vikavolt|Vikavolt, F, shiny|100\/100\n|detailschange|p1b: Palafin|Palafin-Hero, F\n|switch|p1b: Sinistcha|Sinistcha-Masterpiece, shiny|100\/100\n|move|p2a: Glimmora|Stealth Rock|p1b: Sinistcha\n|-sidestart|p1: Ftyftyfytf|move: Stealth Rock\n|move|p2b: Amoonguss|Spore|p1a: Vikavolt\n|-status|p1a: Vikavolt|slp|[from] move: Spore\n|\n|-heal|p2b: Amoonguss|99\/100|[from] item: Leftovers\n|upkeep\n|turn|3\n|\n|t:|1698446506\n|move|p2a: Glimmora|Mortal Spin|p1b: Sinistcha|[spread] p1a,p1b\n|-damage|p1a: Vikavolt|95\/100 slp\n|-damage|p1b: Sinistcha|96\/100\n|-status|p1b: Sinistcha|psn\n|move|p1b: Sinistcha|Stun Spore|p2a: Glimmora\n|-status|p2a: Glimmora|par\n|cant|p1a: Vikavolt|slp\n|move|p2b: Amoonguss|Pollen Puff|p1b: Sinistcha\n|-damage|p1b: Sinistcha|63\/100 psn\n|\n|-heal|p1b: Sinistcha|69\/100 psn|[from] item: Leftovers\n|-heal|p2b: Amoonguss|100\/100|[from] item: Leftovers\n|-damage|p1b: Sinistcha|57\/100 psn|[from] psn\n|upkeep\n|turn|4\n|inactive|MineEnder has 120 seconds left.\n|\n|t:|1698446538\n|move|p1b: Sinistcha|Strength Sap|p2b: Amoonguss\n|-unboost|p2b: Amoonguss|atk|1\n|-heal|p1b: Sinistcha|100\/100 psn\n|move|p2a: Glimmora|Power Gem|p1a: Vikavolt\n|-supereffective|p1a: Vikavolt\n|-damage|p1a: Vikavolt|12\/100 slp\n|cant|p1a: Vikavolt|slp\n|move|p2b: Amoonguss|Pollen Puff|p1b: Sinistcha\n|-damage|p1b: Sinistcha|69\/100 psn\n|\n|-heal|p1b: Sinistcha|75\/100 psn|[from] item: Leftovers\n|-damage|p1b: Sinistcha|62\/100 psn|[from] psn\n|upkeep\n|turn|5\n|inactive|MineEnder has 120 seconds left.\n|\n|t:|1698446571\n|move|p1b: Sinistcha|Rage Powder|p1b: Sinistcha\n|-singleturn|p1b: Sinistcha|move: Rage Powder\n|move|p2a: Glimmora|Power Gem|p1b: Sinistcha\n|-damage|p1b: Sinistcha|23\/100 psn\n|-curestatus|p1a: Vikavolt|slp|[msg]\n|move|p1a: Vikavolt|Sticky Web|p2b: Amoonguss\n|-sidestart|p2: MineEnder|move: Sticky Web\n|move|p2b: Amoonguss|Pollen Puff|p1b: Sinistcha\n|-damage|p1b: Sinistcha|0 fnt\n|faint|p1b: Sinistcha\n|\n|upkeep\n|inactive|Ftyftyfytf has 120 seconds left.\n|\n|t:|1698446589\n|switch|p1b: Ambipom|Ambipom, F, shiny|100\/100\n|-damage|p1b: Ambipom|88\/100|[from] Stealth Rock\n|turn|6\n|\n|t:|1698446601\n|cant|p2a: Glimmora|par\n|move|p1b: Ambipom|Fake Out|p2b: Amoonguss\n|-damage|p2b: Amoonguss|66\/100\n|move|p1a: Vikavolt|Bug Buzz|p2b: Amoonguss\n|-damage|p2b: Amoonguss|1\/100\n|-damage|p1a: Vikavolt|2\/100|[from] item: Life Orb\n|cant|p2b: Amoonguss|flinch\n|\n|-heal|p2b: Amoonguss|7\/100|[from] item: Leftovers\n|upkeep\n|turn|7\n|\n|t:|1698446613\n|switch|p2b: Tornadus|Tornadus, M|100\/100\n|move|p1b: Ambipom|Knock Off|p2a: Glimmora\n|-damage|p2a: Glimmora|72\/100 par\n|-activate|p2a: Glimmora|ability: Toxic Debris\n|-sidestart|p1: Ftyftyfytf|move: Toxic Spikes\n|-enditem|p2a: Glimmora|Focus Sash|[from] move: Knock Off|[of] p1b: Ambipom\n|move|p2a: Glimmora|Mortal Spin|p1a: Vikavolt|[spread] p1a,p1b\n|-damage|p1a: Vikavolt|0 fnt\n|-damage|p1b: Ambipom|80\/100\n|-status|p1b: Ambipom|psn\n|-sideend|p2: MineEnder|Sticky Web|[from] move: Mortal Spin|[of] p2a: Glimmora\n|faint|p1a: Vikavolt\n|\n|-damage|p1b: Ambipom|68\/100 psn|[from] psn\n|upkeep\n|\n|t:|1698446635\n|switch|p1a: Pawmot|Pawmot, M, shiny|100\/100\n|-damage|p1a: Pawmot|94\/100|[from] Stealth Rock\n|-status|p1a: Pawmot|psn\n|turn|8\n|\n|t:|1698446644\n|-terastallize|p1b: Ambipom|Normal\n|cant|p2a: Glimmora|par\n|move|p2b: Tornadus|Tailwind|p2b: Tornadus\n|-sidestart|p2: MineEnder|move: Tailwind\n|move|p1b: Ambipom|Double Hit|p2a: Glimmora\n|-resisted|p2a: Glimmora\n|-damage|p2a: Glimmora|53\/100 par\n|-activate|p2a: Glimmora|ability: Toxic Debris\n|-sidestart|p1: Ftyftyfytf|move: Toxic Spikes\n|-resisted|p2a: Glimmora\n|-damage|p2a: Glimmora|36\/100 par\n|-hitcount|p2a: Glimmora|2\n|move|p1a: Pawmot|Thunder Punch|p2b: Tornadus\n|-supereffective|p2b: Tornadus\n|-enditem|p2b: Tornadus|Focus Sash\n|-damage|p2b: Tornadus|1\/100\n|\n|-damage|p1b: Ambipom|55\/100 psn|[from] psn\n|-damage|p1a: Pawmot|82\/100 psn|[from] psn\n|upkeep\n|turn|9\n|\n|t:|1698446668\n|move|p2a: Glimmora|Spiky Shield|p2a: Glimmora\n|-singleturn|p2a: Glimmora|move: Protect\n|move|p1a: Pawmot|Mach Punch|p2b: Tornadus\n|-resisted|p2b: Tornadus\n|-damage|p2b: Tornadus|0 fnt\n|faint|p2b: Tornadus\n|move|p1b: Ambipom|Double Hit|p2a: Glimmora\n|-activate|p2a: Glimmora|move: Protect\n|-damage|p1b: Ambipom|43\/100 psn|[from] Spiky Shield|[of] p2a: Glimmora\n|\n|-damage|p1b: Ambipom|31\/100 psn|[from] psn\n|-damage|p1a: Pawmot|70\/100 psn|[from] psn\n|upkeep\n|inactive|MineEnder has 120 seconds left.\n|\n|t:|1698446684\n|switch|p2b: Amoonguss|Amoonguss, F|41\/100\n|turn|10\n|\n|t:|1698446707\n|move|p2b: Amoonguss|Rage Powder|p2b: Amoonguss\n|-singleturn|p2b: Amoonguss|move: Rage Powder\n|move|p1b: Ambipom|Double Hit|p2b: Amoonguss\n|-damage|p2b: Amoonguss|0 fnt\n|faint|p2b: Amoonguss\n|-hitcount|p2: Amoonguss|1\n|move|p1a: Pawmot|Thunder Punch|p2a: Glimmora\n|-damage|p2a: Glimmora|0 fnt\n|faint|p2a: Glimmora\n|\n|-damage|p1b: Ambipom|18\/100 psn|[from] psn\n|-damage|p1a: Pawmot|57\/100 psn|[from] psn\n|upkeep\n|inactive|MineEnder has 120 seconds left.\n|\n|t:|1698446718\n|switch|p2a: Ninetales|Ninetales-Alola, F|100\/100\n|switch|p2b: Flutter Mane|Flutter Mane|100\/100\n|-weather|Snow|[from] ability: Snow Warning|[of] p2a: Ninetales\n|-enditem|p2b: Flutter Mane|Booster Energy\n|-activate|p2b: Flutter Mane|ability: Protosynthesis|[fromitem]\n|-start|p2b: Flutter Mane|protosynthesisspa\n|turn|11\n|\n|t:|1698446730\n|-terastallize|p2b: Flutter Mane|Fairy\n|move|p2b: Flutter Mane|Dazzling Gleam|p1a: Pawmot|[spread] p1a,p1b\n|-supereffective|p1a: Pawmot\n|-damage|p1a: Pawmot|0 fnt\n|-damage|p1b: Ambipom|0 fnt\n|faint|p1a: Pawmot\n|faint|p1b: Ambipom\n|move|p2a: Ninetales|Aurora Veil|p2a: Ninetales\n|-sidestart|p2: MineEnder|move: Aurora Veil\n|\n|-weather|Snow|[upkeep]\n|-sideend|p2: MineEnder|move: Tailwind\n|upkeep\n|\n|t:|1698446734\n|switch|p1b: Palafin|Palafin-Hero, F|88\/100\n|switch|p1a: Kommo-o|Kommo-o, M, shiny|100\/100\n|-damage|p1b: Palafin|76\/100|[from] Stealth Rock\n|-status|p1b: Palafin|tox\n|-activate|p1b: Palafin|ability: Zero to Hero\n|-damage|p1a: Kommo-o|94\/100|[from] Stealth Rock\n|-status|p1a: Kommo-o|tox\n|turn|12\n|\n|t:|1698446753\n|move|p1b: Palafin|Jet Punch|p2b: Flutter Mane\n|-damage|p2b: Flutter Mane|26\/100\n|-damage|p1b: Palafin|66\/100 tox|[from] item: Life Orb\n|move|p2b: Flutter Mane|Dazzling Gleam|p1a: Kommo-o|[spread] p1a,p1b\n|-supereffective|p1a: Kommo-o\n|-damage|p1a: Kommo-o|0 fnt\n|-damage|p1b: Palafin|0 fnt\n|faint|p1a: Kommo-o\n|faint|p1b: Palafin\n|\n|win|MineEnder\n|raw|Ftyftyfytf's rating: 1092 &rarr; <strong>1073<\/strong><br \/>(-19 for losing)\n|raw|MineEnder's rating: 1162 &rarr; <strong>1182<\/strong><br \/>(+20 for winning)\n|l|\u2606Ftyftyfytf\n","uploadtime":1698446769,"views":23,"p1id":"ftyftyfytf","p2id":"mineender","formatid":"gen9doublesou","rating":1073,"private":0,"password":""}