{"id":"gen9doublesou-1981497542","p1":"lingmoyuan","p2":"Ghastlypixie","format":"[Gen 9] Doubles OU","log":"|j|\u2606lingmoyuan\n|j|\u2606Ghastlypixie\n|t:|1698906927\n|gametype|doubles\n|player|p1|lingmoyuan|170|1372\n|player|p2|Ghastlypixie|plasmagruntf|1449\n|teamsize|p1|6\n|teamsize|p2|6\n|gen|9\n|tier|[Gen 9] Doubles OU\n|rated|\n|rule|Species Clause: Limit one of each Pok\u00e9mon\n|rule|OHKO Clause: OHKO moves are banned\n|rule|Evasion Moves Clause: Evasion moves are banned\n|rule|Gravity Sleep Clause: The combination of sleep-inducing moves with imperfect accuracy and Gravity or Gigantamax Orbeetle are banned\n|rule|Endless Battle Clause: Forcing endless battles is banned\n|rule|HP Percentage Mod: HP is shown in percentages\n|clearpoke\n|poke|p1|Dragonite, M|\n|poke|p1|Amoonguss, M|\n|poke|p1|Torkoal, M|\n|poke|p1|Walking Wake|\n|poke|p1|Chien-Pao|\n|poke|p1|Flutter Mane|\n|poke|p2|Flutter Mane|\n|poke|p2|Hariyama, F|\n|poke|p2|Tornadus, M|\n|poke|p2|Ogerpon-Wellspring, F|\n|poke|p2|Chien-Pao|\n|poke|p2|Iron Hands|\n|teampreview\n|inactive|Battle timer is ON: inactive players will automatically lose when time's up. (requested by Ghastlypixie)\n|\n|t:|1698906939\n|start\n|switch|p1a: Chien-Pao|Chien-Pao|100\/100\n|switch|p1b: \u7239|Dragonite, M|100\/100\n|switch|p2a: Hariyama|Hariyama, F, shiny|100\/100\n|switch|p2b: Tornadus|Tornadus, M|100\/100\n|-ability|p1a: Chien-Pao|Sword of Ruin\n|turn|1\n|\n|t:|1698906965\n|move|p1a: Chien-Pao|Protect|p1a: Chien-Pao\n|-singleturn|p1a: Chien-Pao|Protect\n|move|p2a: Hariyama|Fake Out|p1b: \u7239\n|-damage|p1b: \u7239|79\/100\n|move|p2b: Tornadus|Tailwind|p2b: Tornadus\n|-sidestart|p2: Ghastlypixie|move: Tailwind\n|move|p1b: \u7239|Ice Spinner|p2b: Tornadus\n|-supereffective|p2b: Tornadus\n|-damage|p2b: Tornadus|0 fnt\n|faint|p2b: Tornadus\n|\n|upkeep\n|inactive|Ghastlypixie has 120 seconds left.\n|\n|t:|1698906980\n|switch|p2b: Chien-Pao|Chien-Pao|100\/100\n|-ability|p2b: Chien-Pao|Sword of Ruin\n|turn|2\n|inactive|lingmoyuan has 120 seconds left.\n|\n|t:|1698907016\n|-terastallize|p1b: \u7239|Normal\n|move|p2b: Chien-Pao|Protect|p2b: Chien-Pao\n|-singleturn|p2b: Chien-Pao|Protect\n|move|p1a: Chien-Pao|Sucker Punch||[still]\n|-fail|p1a: Chien-Pao\n|move|p1b: \u7239|Ice Spinner|p2b: Chien-Pao\n|-activate|p2b: Chien-Pao|move: Protect\n|move|p2a: Hariyama|Drain Punch|p1b: \u7239\n|-supereffective|p1b: \u7239\n|-damage|p1b: \u7239|0 fnt\n|faint|p1b: \u7239\n|\n|upkeep\n|\n|t:|1698907038\n|switch|p1b: Flutter Mane|Flutter Mane|100\/100\n|turn|3\n|inactive|lingmoyuan has 120 seconds left.\n|\n|t:|1698907049\n|-terastallize|p2a: Hariyama|Poison\n|move|p1b: Flutter Mane|Protect|p1b: Flutter Mane\n|-singleturn|p1b: Flutter Mane|Protect\n|move|p1a: Chien-Pao|Sucker Punch|p2b: Chien-Pao\n|-resisted|p2b: Chien-Pao\n|-damage|p2b: Chien-Pao|76\/100\n|move|p2b: Chien-Pao|Sacred Sword|p1a: Chien-Pao\n|-supereffective|p1a: Chien-Pao\n|-enditem|p1a: Chien-Pao|Focus Sash\n|-damage|p1a: Chien-Pao|1\/100\n|move|p2a: Hariyama|Tera Blast|p1b: Flutter Mane|[anim] Tera Blast Poison\n|-activate|p1b: Flutter Mane|move: Protect\n|\n|upkeep\n|turn|4\n|inactive|lingmoyuan has 120 seconds left.\n|\n|t:|1698907082\n|-end|p1b: Flutter Mane|Protosynthesis|[silent]\n|switch|p1b: Amoonguss|Amoonguss, M, shiny|100\/100\n|move|p2b: Chien-Pao|Protect|p2b: Chien-Pao\n|-singleturn|p2b: Chien-Pao|Protect\n|move|p1a: Chien-Pao|Protect|p1a: Chien-Pao\n|-singleturn|p1a: Chien-Pao|Protect\n|move|p2a: Hariyama|Tera Blast|p1b: Amoonguss|[anim] Tera Blast Poison\n|-damage|p1b: Amoonguss|62\/100\n|\n|-heal|p1b: Amoonguss|68\/100|[from] item: Black Sludge\n|-sideend|p2: Ghastlypixie|move: Tailwind\n|upkeep\n|turn|5\n|inactive|lingmoyuan has 120 seconds left.\n|\n|t:|1698907102\n|move|p1b: Amoonguss|Protect|p1b: Amoonguss\n|-singleturn|p1b: Amoonguss|Protect\n|move|p1a: Chien-Pao|Icicle Crash|p2a: Hariyama\n|-damage|p2a: Hariyama|72\/100\n|move|p2b: Chien-Pao|Ice Spinner|p1b: Amoonguss\n|-activate|p1b: Amoonguss|move: Protect\n|move|p2a: Hariyama|Tera Blast|p1a: Chien-Pao|[anim] Tera Blast Poison\n|-damage|p1a: Chien-Pao|0 fnt\n|faint|p1a: Chien-Pao\n|\n|-heal|p2a: Hariyama|78\/100|[from] item: Leftovers\n|-heal|p1b: Amoonguss|74\/100|[from] item: Black Sludge\n|upkeep\n|\n|t:|1698907119\n|switch|p1a: Flutter Mane|Flutter Mane|100\/100\n|turn|6\n|inactive|lingmoyuan has 120 seconds left.\n|\n|t:|1698907140\n|move|p2a: Hariyama|Wide Guard|p2a: Hariyama\n|-singleturn|p2a: Hariyama|Wide Guard\n|move|p1b: Amoonguss|Rage Powder|p1b: Amoonguss\n|-singleturn|p1b: Amoonguss|move: Rage Powder\n|move|p1a: Flutter Mane|Shadow Ball|p2a: Hariyama\n|-damage|p2a: Hariyama|15\/100\n|-damage|p1a: Flutter Mane|91\/100|[from] item: Life Orb\n|move|p2b: Chien-Pao|Ice Spinner|p1b: Amoonguss\n|-supereffective|p1b: Amoonguss\n|-damage|p1b: Amoonguss|1\/100\n|\n|-heal|p2a: Hariyama|21\/100|[from] item: Leftovers\n|-heal|p1b: Amoonguss|8\/100|[from] item: Black Sludge\n|upkeep\n|turn|7\n|inactive|lingmoyuan has 120 seconds left.\n|inactive|Ghastlypixie has 120 seconds left.\n|\n|t:|1698907181\n|switch|p1b: Walking Wake|Walking Wake|100\/100\n|move|p2b: Chien-Pao|Protect|p2b: Chien-Pao\n|-singleturn|p2b: Chien-Pao|Protect\n|move|p1a: Flutter Mane|Dazzling Gleam|p2b: Chien-Pao|[spread] p2a\n|-activate|p2b: Chien-Pao|move: Protect\n|-resisted|p2a: Hariyama\n|-damage|p2a: Hariyama|0 fnt\n|faint|p2a: Hariyama\n|-damage|p1a: Flutter Mane|81\/100|[from] item: Life Orb\n|\n|upkeep\n|\n|t:|1698907199\n|switch|p2a: Flutter Mane|Flutter Mane|100\/100\n|turn|8\n|inactive|lingmoyuan has 120 seconds left.\n|inactive|Ghastlypixie has 120 seconds left.\n|inactive|lingmoyuan has 90 seconds left.\n|\n|t:|1698907259\n|move|p2b: Chien-Pao|Sucker Punch|p1a: Flutter Mane\n|-damage|p1a: Flutter Mane|0 fnt\n|faint|p1a: Flutter Mane\n|-end|p1a: Flutter Mane|Protosynthesis|[silent]\n|move|p2a: Flutter Mane|Dazzling Gleam|p1b: Walking Wake\n|-supereffective|p1b: Walking Wake\n|-damage|p1b: Walking Wake|0 fnt\n|faint|p1b: Walking Wake\n|-end|p1b: Walking Wake|Protosynthesis|[silent]\n|\n|upkeep\n|-message|lingmoyuan forfeited.\n|\n|win|Ghastlypixie\n|raw|lingmoyuan's rating: 1372 &rarr; <strong>1356<\/strong><br \/>(-16 for losing)\n|raw|Ghastlypixie's rating: 1449 &rarr; <strong>1465<\/strong><br \/>(+16 for winning)\n|l|\u2606lingmoyuan\n","uploadtime":1698907291,"views":19,"p1id":"lingmoyuan","p2id":"ghastlypixie","formatid":"gen9doublesou","rating":1356,"private":0,"password":""}