{"id":"gen9doublesou-2000339136","p1":"Pokerimestari","p2":"lilmaad","format":"[Gen 9] Doubles OU","log":"|j|\u2606Pokerimestari\n|j|\u2606lilmaad\n|inactive|Battle timer is ON: inactive players will automatically lose when time's up.\n|t:|1701186344\n|gametype|doubles\n|player|p1|Pokerimestari|102|\n|player|p2|lilmaad|266|\n|teamsize|p1|6\n|teamsize|p2|6\n|gen|9\n|tier|[Gen 9] Doubles OU\n|rated|Tournament battle\n|rule|Species Clause: Limit one of each Pok\u00e9mon\n|rule|OHKO Clause: OHKO moves are banned\n|rule|Evasion Moves Clause: Evasion moves are banned\n|rule|Gravity Sleep Clause: The combination of sleep-inducing moves with imperfect accuracy and Gravity or Gigantamax Orbeetle are banned\n|rule|Endless Battle Clause: Forcing endless battles is banned\n|rule|HP Percentage Mod: HP is shown in percentages\n|clearpoke\n|poke|p1|Dragonair, M|\n|poke|p1|Skiddo, F|\n|poke|p1|Tynamo, F|\n|poke|p1|Sandygast, M|\n|poke|p1|Growlithe-Hisui, M|\n|poke|p1|Espathra, F|\n|poke|p2|Arboliva, M|\n|poke|p2|Phanpy, F|\n|poke|p2|Poltchageist|\n|poke|p2|Grimer, F|\n|poke|p2|Chimchar, F|\n|poke|p2|Gligar, F|\n|teampreview\n|j|*Lady Monita \u2746\n|c|\u2606Pokerimestari|glhf\n|c|\u2606lilmaad|u too\n|j| Oscarx90\n|\n|t:|1701186360\n|start\n|switch|p1a: Sandygast|Sandygast, M|100\/100\n|switch|p1b: Growlithe|Growlithe-Hisui, M|100\/100\n|switch|p2a: Phanpy|Phanpy, F|100\/100\n|switch|p2b: Poltchageist|Poltchageist|100\/100\n|turn|1\n|\n|t:|1701186377\n|switch|p1b: Skiddo|Skiddo, F|100\/100\n|move|p2b: Poltchageist|Stun Spore|p1b: Skiddo\n|-ability|p1b: Skiddo|Sap Sipper|boost\n|-boost|p1b: Skiddo|atk|1\n|move|p2a: Phanpy|Stealth Rock|p1b: Skiddo\n|-sidestart|p1: Pokerimestari|move: Stealth Rock\n|move|p1a: Sandygast|Stealth Rock|p2b: Poltchageist\n|-sidestart|p2: lilmaad|move: Stealth Rock\n|\n|upkeep\n|turn|2\n|c|\u2606lilmaad|nice prediction\n|\n|t:|1701186403\n|switch|p1a: Tynamo|Tynamo, F|100\/100\n|-damage|p1a: Tynamo|88\/100|[from] Stealth Rock\n|move|p2a: Phanpy|Ice Shard|p1b: Skiddo\n|-supereffective|p1b: Skiddo\n|-damage|p1b: Skiddo|69\/100\n|move|p1b: Skiddo|Bulk Up|p1b: Skiddo\n|-boost|p1b: Skiddo|atk|1\n|-boost|p1b: Skiddo|def|1\n|move|p2b: Poltchageist|Shadow Ball|p1a: Tynamo\n|-damage|p1a: Tynamo|54\/100\n|\n|upkeep\n|turn|3\n|j|^HEAVY-DUTY B0OTY\n|\n|t:|1701186422\n|move|p2a: Phanpy|Ice Shard|p1b: Skiddo\n|-supereffective|p1b: Skiddo\n|-damage|p1b: Skiddo|46\/100\n|move|p1b: Skiddo|Milk Drink|p1b: Skiddo\n|-heal|p1b: Skiddo|96\/100\n|move|p2b: Poltchageist|Shadow Ball|p1b: Skiddo\n|-damage|p1b: Skiddo|63\/100\n|move|p1a: Tynamo|Thunder Wave|p2b: Poltchageist\n|-status|p2b: Poltchageist|par\n|\n|upkeep\n|turn|4\n|\n|t:|1701186446\n|move|p2a: Phanpy|Ice Shard|p1b: Skiddo\n|-supereffective|p1b: Skiddo\n|-damage|p1b: Skiddo|42\/100\n|move|p1b: Skiddo|Horn Leech|p2a: Phanpy\n|-supereffective|p2a: Phanpy\n|-damage|p2a: Phanpy|36\/100\n|-heal|p1b: Skiddo|78\/100|[from] drain|[of] p2a: Phanpy\n|move|p1a: Tynamo|Knock Off|p2b: Poltchageist\n|-supereffective|p2b: Poltchageist\n|-damage|p2b: Poltchageist|57\/100 par\n|-enditem|p2b: Poltchageist|Eviolite|[from] move: Knock Off|[of] p1a: Tynamo\n|move|p2b: Poltchageist|Trick Room|p2b: Poltchageist\n|-fieldstart|move: Trick Room|[of] p2b: Poltchageist\n|\n|upkeep\n|turn|5\n|inactive|Pokerimestari has 120 seconds left.\n|\n|t:|1701186487\n|move|p2b: Poltchageist|Shadow Ball|p1b: Skiddo\n|-damage|p1b: Skiddo|48\/100\n|move|p1a: Tynamo|Knock Off|p2a: Phanpy\n|-damage|p2a: Phanpy|25\/100\n|-enditem|p2a: Phanpy|Eviolite|[from] move: Knock Off|[of] p1a: Tynamo\n|move|p2a: Phanpy|Earthquake|p1a: Tynamo|[spread] p2b,p1b\n|-immune|p1a: Tynamo|[from] ability: Levitate\n|-resisted|p2b: Poltchageist\n|-resisted|p1b: Skiddo\n|-damage|p2b: Poltchageist|28\/100 par\n|-damage|p1b: Skiddo|31\/100\n|move|p1b: Skiddo|Horn Leech|p2a: Phanpy\n|-supereffective|p2a: Phanpy\n|-damage|p2a: Phanpy|0 fnt\n|-heal|p1b: Skiddo|45\/100|[from] drain|[of] p2a: Phanpy\n|faint|p2a: Phanpy\n|\n|upkeep\n|inactive|lilmaad has 120 seconds left.\n|\n|t:|1701186507\n|switch|p2a: Arboliva|Arboliva, M|100\/100\n|-damage|p2a: Arboliva|88\/100|[from] Stealth Rock\n|turn|6\n|inactive|Pokerimestari has 120 seconds left.\n|\n|t:|1701186532\n|move|p2b: Poltchageist|Shadow Ball|p1b: Skiddo\n|-damage|p1b: Skiddo|15\/100\n|move|p1a: Tynamo|Thunder Wave|p2a: Arboliva\n|-status|p2a: Arboliva|par\n|move|p2a: Arboliva|Dazzling Gleam|p1a: Tynamo|[spread] p1a,p1b\n|-damage|p1a: Tynamo|37\/100\n|-damage|p1b: Skiddo|0 fnt\n|faint|p1b: Skiddo\n|\n|upkeep\n|j| FrostArcanine19\n|\n|t:|1701186544\n|switch|p1b: Growlithe|Growlithe-Hisui, M|100\/100\n|-damage|p1b: Growlithe|76\/100|[from] Stealth Rock\n|turn|7\n|inactive|Pokerimestari has 120 seconds left.\n|\n|t:|1701186567\n|move|p2a: Arboliva|Leech Seed|p1b: Growlithe\n|-start|p1b: Growlithe|move: Leech Seed\n|cant|p2b: Poltchageist|par\n|move|p1a: Tynamo|Knock Off|p2a: Arboliva\n|-damage|p2a: Arboliva|72\/100 par\n|-enditem|p2a: Arboliva|Sitrus Berry|[from] move: Knock Off|[of] p1a: Tynamo\n|move|p1b: Growlithe|Flame Charge|p2b: Poltchageist\n|-supereffective|p2b: Poltchageist\n|-damage|p2b: Poltchageist|0 fnt\n|-boost|p1b: Growlithe|spe|1\n|faint|p2b: Poltchageist\n|\n|-damage|p1b: Growlithe|63\/100|[from] Leech Seed|[of] p2a: Arboliva\n|-heal|p2a: Arboliva|81\/100 par|[silent]\n|upkeep\n|l| FrostArcanine19\n|\n|t:|1701186581\n|switch|p2b: Grimer|Grimer, F|100\/100\n|-damage|p2b: Grimer|88\/100|[from] Stealth Rock\n|turn|8\n|\n|t:|1701186606\n|move|p2a: Arboliva|Dazzling Gleam|p1a: Tynamo|[spread] p1a,p1b\n|-resisted|p1b: Growlithe\n|-damage|p1a: Tynamo|22\/100\n|-damage|p1b: Growlithe|51\/100\n|move|p2b: Grimer|Toxic|p1b: Growlithe\n|-status|p1b: Growlithe|tox\n|move|p1a: Tynamo|Thunder Wave|p2b: Grimer\n|-status|p2b: Grimer|par\n|move|p1b: Growlithe|Flare Blitz|p2a: Arboliva\n|-supereffective|p2a: Arboliva\n|-damage|p2a: Arboliva|0 fnt\n|faint|p2a: Arboliva\n|\n|-damage|p1b: Growlithe|45\/100 tox|[from] psn\n|-fieldend|move: Trick Room\n|upkeep\n|j| el premo\n|\n|t:|1701186622\n|switch|p2a: Chimchar|Chimchar, F|100\/100\n|-damage|p2a: Chimchar|76\/100|[from] Stealth Rock\n|turn|9\n|\n|t:|1701186633\n|move|p2a: Chimchar|Fake Out|p1b: Growlithe\n|-resisted|p1b: Growlithe\n|-damage|p1b: Growlithe|38\/100 tox\n|cant|p1b: Growlithe|flinch\n|move|p1a: Tynamo|Thunder Wave|p2a: Chimchar\n|-status|p2a: Chimchar|par\n|move|p2b: Grimer|Gunk Shot|p1a: Tynamo\n|-damage|p1a: Tynamo|0 fnt\n|faint|p1a: Tynamo\n|\n|-heal|p2a: Chimchar|82\/100 par|[from] item: Leftovers\n|-damage|p1b: Growlithe|26\/100 tox|[from] Leech Seed|[of] p2a: Chimchar\n|-heal|p2a: Chimchar|94\/100 par|[silent]\n|-damage|p1b: Growlithe|14\/100 tox|[from] psn\n|upkeep\n|c|\u2606lilmaad|more para please\n|l| el premo\n|\n|t:|1701186651\n|switch|p1a: Sandygast|Sandygast, M|100\/100\n|-damage|p1a: Sandygast|94\/100|[from] Stealth Rock\n|turn|10\n|\n|t:|1701186667\n|move|p1b: Growlithe|Head Smash|p2a: Chimchar\n|-supereffective|p2a: Chimchar\n|-damage|p2a: Chimchar|0 fnt\n|faint|p2a: Chimchar\n|move|p1a: Sandygast|Earth Power|p2b: Grimer\n|-supereffective|p2b: Grimer\n|-damage|p2b: Grimer|56\/100 par\n|cant|p2b: Grimer|par\n|\n|-damage|p1b: Growlithe|0 fnt|[from] psn\n|faint|p1b: Growlithe\n|upkeep\n|c|\u2606lilmaad|gg\n|\n|t:|1701186678\n|switch|p1b: Dragonair|Dragonair, M|100\/100\n|switch|p2a: Gligar|Gligar, F|100\/100\n|-damage|p2a: Gligar|88\/100|[from] Stealth Rock\n|-damage|p1b: Dragonair|88\/100|[from] Stealth Rock\n|turn|11\n|\n|t:|1701186696\n|move|p2a: Gligar|Knock Off|p1b: Dragonair\n|-damage|p1b: Dragonair|61\/100\n|-enditem|p1b: Dragonair|Eviolite|[from] move: Knock Off|[of] p2a: Gligar\n|move|p1b: Dragonair|Dragon Dance|p1b: Dragonair\n|-boost|p1b: Dragonair|atk|1\n|-boost|p1b: Dragonair|spe|1\n|move|p1a: Sandygast|Earth Power|p2b: Grimer\n|-supereffective|p2b: Grimer\n|-damage|p2b: Grimer|23\/100 par\n|move|p2b: Grimer|Toxic|p1b: Dragonair\n|-status|p1b: Dragonair|tox\n|\n|-damage|p1b: Dragonair|54\/100 tox|[from] psn\n|upkeep\n|turn|12\n|\n|t:|1701186725\n|move|p1b: Dragonair|Rest|p1b: Dragonair\n|-status|p1b: Dragonair|slp|[from] move: Rest\n|-heal|p1b: Dragonair|100\/100 slp|[silent]\n|move|p2a: Gligar|Acrobatics|p1b: Dragonair\n|-damage|p1b: Dragonair|33\/100 slp\n|move|p1a: Sandygast|Earth Power|p2b: Grimer\n|-supereffective|p2b: Grimer\n|-damage|p2b: Grimer|0 fnt\n|faint|p2b: Grimer\n|\n|upkeep\n|turn|13\n|\n|t:|1701186738\n|cant|p1b: Dragonair|slp\n|move|p2a: Gligar|Acrobatics|p1b: Dragonair\n|-damage|p1b: Dragonair|0 fnt\n|faint|p1b: Dragonair\n|move|p1a: Sandygast|Night Shade|p2a: Gligar\n|-damage|p2a: Gligar|51\/100\n|\n|upkeep\n|\n|t:|1701186742\n|switch|p1b: Espathra|Espathra, F|100\/100\n|-damage|p1b: Espathra|88\/100|[from] Stealth Rock\n|turn|14\n|\n|t:|1701186750\n|move|p2a: Gligar|Knock Off|p1b: Espathra\n|-supereffective|p1b: Espathra\n|-damage|p1b: Espathra|43\/100\n|-enditem|p1b: Espathra|Leftovers|[from] move: Knock Off|[of] p2a: Gligar\n|move|p1b: Espathra|Calm Mind|p1b: Espathra\n|-boost|p1b: Espathra|spa|1\n|-boost|p1b: Espathra|spd|1\n|move|p1a: Sandygast|Night Shade|p2a: Gligar\n|-damage|p2a: Gligar|15\/100\n|\n|-ability|p1b: Espathra|Speed Boost|boost\n|-boost|p1b: Espathra|spe|1\n|upkeep\n|turn|15\n|c|\u2606lilmaad|ggg\n|\n|t:|1701186759\n|-terastallize|p2a: Gligar|Ground\n|move|p1b: Espathra|Stored Power|p2a: Gligar\n|-damage|p2a: Gligar|0 fnt\n|faint|p2a: Gligar\n|\n|win|Pokerimestari\n|n|\u2606Pokerimestari|pokerimestari\n|n|\u2606lilmaad|lilmaad\n|n|*Lady Monita \u2746|ladymonita\n|n| Oscarx90|oscarx90\n|n| HEAVY-DUTY B0OTY|heavydutyb0oty\n","uploadtime":1701186760,"views":4,"p1id":"pokerimestari","p2id":"lilmaad","formatid":"gen9doublesou","rating":0,"private":0,"password":""}