{"id":"gen9doublesou-1980020418","p1":"toedstool","p2":"Pqncks","format":"[Gen 9] Doubles OU","log":"|j|\u2606toedstool\n|j|\u2606Pqncks\n|t:|1698747594\n|gametype|doubles\n|player|p1|toedstool|gardenia|\n|player|p2|Pqncks|skyla|\n|teamsize|p1|6\n|teamsize|p2|6\n|gen|9\n|tier|[Gen 9] Doubles OU\n|rule|Species Clause: Limit one of each Pok\u00e9mon\n|rule|OHKO Clause: OHKO moves are banned\n|rule|Evasion Moves Clause: Evasion moves are banned\n|rule|Gravity Sleep Clause: The combination of sleep-inducing moves with imperfect accuracy and Gravity or Gigantamax Orbeetle are banned\n|rule|Endless Battle Clause: Forcing endless battles is banned\n|rule|HP Percentage Mod: HP is shown in percentages\n|clearpoke\n|poke|p1|Sinistcha|\n|poke|p1|Regidrago|\n|poke|p1|Empoleon, F|\n|poke|p1|Cresselia, F|\n|poke|p1|Delphox, M|\n|poke|p1|Ursaluna, M|\n|poke|p2|Palafin, M|\n|poke|p2|Chien-Pao|\n|poke|p2|Amoonguss, M|\n|poke|p2|Garganacl, M|\n|poke|p2|Armarouge, M|\n|poke|p2|Indeedee-F, F|\n|teampreview\n|j| Metal Jester\n|\n|t:|1698747636\n|start\n|switch|p1a: Empoleon|Empoleon, F|100\/100\n|switch|p1b: Ursaluna|Ursaluna, M|100\/100\n|switch|p2a: >:)|Armarouge, M|100\/100\n|switch|p2b: Imposter|Amoonguss, M|100\/100\n|turn|1\n|c|\u2606toedstool|bro who is this metal lad\n|\n|t:|1698747660\n|switch|p1a: Cresselia|Cresselia, F|100\/100\n|switch|p1b: Sinistcha|Sinistcha|100\/100\n|switch|p2b: Gyat|Indeedee-F, F, shiny|100\/100\n|-fieldstart|move: Psychic Terrain|[from] ability: Psychic Surge|[of] p2b: Gyat\n|move|p2a: >:)|Expanding Force|p1b: Sinistcha|[spread] p1a,p1b\n|-resisted|p1a: Cresselia\n|-damage|p1a: Cresselia|79\/100\n|-damage|p1b: Sinistcha|0 fnt\n|faint|p1b: Sinistcha\n|-damage|p2a: >:)|91\/100|[from] item: Life Orb\n|\n|upkeep\n|\n|t:|1698747677\n|switch|p1b: Ursaluna|Ursaluna, M|100\/100\n|turn|2\n|\n|t:|1698747689\n|-terastallize|p2a: >:)|Grass\n|move|p1b: Ursaluna|Protect|p1b: Ursaluna\n|-singleturn|p1b: Ursaluna|Protect\n|move|p2b: Gyat|Follow Me|p2b: Gyat\n|-singleturn|p2b: Gyat|move: Follow Me\n|move|p2a: >:)|Expanding Force|p1b: Ursaluna|[spread] p1a\n|-activate|p1b: Ursaluna|move: Protect\n|-resisted|p1a: Cresselia\n|-damage|p1a: Cresselia|59\/100\n|-damage|p2a: >:)|81\/100|[from] item: Life Orb\n|move|p1a: Cresselia|Trick Room|p1a: Cresselia\n|-fieldstart|move: Trick Room|[of] p1a: Cresselia\n|\n|-status|p1b: Ursaluna|brn|[from] item: Flame Orb\n|upkeep\n|turn|3\n|c|\u2606toedstool|go away bro what\n|c| Metal Jester|no im watching\n|c|\u2606toedstool|bro what\n|c|\u2606toedstool|evacuate the area\n|c| Metal Jester|nu uh\n|c|\u2606Pqncks|what are u watching little bro\n|c| Metal Jester|u\n|c|\u2606Pqncks|why\n|\n|t:|1698747730\n|move|p2b: Gyat|Follow Me|p2b: Gyat\n|-singleturn|p2b: Gyat|move: Follow Me\n|move|p1b: Ursaluna|Earthquake|p2a: >:)|[spread] p2a,p2b\n|-immune|p1a: Cresselia|[from] ability: Levitate\n|-resisted|p2a: >:)\n|-damage|p2a: >:)|46\/100\n|-damage|p2b: Gyat|39\/100\n|move|p1a: Cresselia|Lunar Blessing|p1a: Cresselia|[spread] p1a,p1b\n|-heal|p1a: Cresselia|84\/100\n|-curestatus|p1b: Ursaluna|brn|[msg]\n|move|p2a: >:)|Expanding Force|p1b: Ursaluna|[spread] p1a,p1b\n|-resisted|p1a: Cresselia\n|-damage|p1a: Cresselia|63\/100\n|-damage|p1b: Ursaluna|24\/100\n|-damage|p2a: >:)|36\/100|[from] item: Life Orb\n|\n|-status|p1b: Ursaluna|brn|[from] item: Flame Orb\n|upkeep\n|turn|4\n|c| Metal Jester|boredom\n|\n|t:|1698747750\n|move|p1b: Ursaluna|Earthquake|p2a: >:)|[spread] p2a,p2b\n|-immune|p1a: Cresselia|[from] ability: Levitate\n|-resisted|p2a: >:)\n|-damage|p2a: >:)|3\/100\n|-damage|p2b: Gyat|0 fnt\n|faint|p2b: Gyat\n|move|p1a: Cresselia|Lunar Blessing|p1a: Cresselia|[spread] p1a,p1b\n|-heal|p1a: Cresselia|88\/100\n|-heal|p1b: Ursaluna|49\/100 brn\n|-curestatus|p1b: Ursaluna|brn|[msg]\n|move|p2a: >:)|Expanding Force|p1b: Ursaluna|[spread] p1a,p1b\n|-resisted|p1a: Cresselia\n|-damage|p1a: Cresselia|69\/100\n|-damage|p1b: Ursaluna|0 fnt\n|faint|p1b: Ursaluna\n|-damage|p2a: >:)|0 fnt|[from] item: Life Orb\n|faint|p2a: >:)\n|\n|upkeep\n|\n|t:|1698747775\n|switch|p1b: Regidrago|Regidrago|100\/100\n|switch|p2a: Chad|Palafin, M|100\/100\n|switch|p2b: Jesus|Garganacl, M|100\/100\n|turn|5\n|\n|t:|1698747788\n|detailschange|p2a: Chad|Palafin-Hero, M\n|switch|p2a: Ching|Chien-Pao|100\/100\n|-ability|p2a: Ching|Sword of Ruin\n|move|p1a: Cresselia|Ally Switch|p1a: Cresselia\n|swap|p1a: Cresselia|1|[from] move: Ally Switch\n|move|p2b: Jesus|Salt Cure|p1b: Cresselia\n|-damage|p1b: Cresselia|55\/100\n|-start|p1b: Cresselia|Salt Cure\n|move|p1a: Regidrago|Dragon Energy|p2b: Jesus|[spread] p2a,p2b\n|-enditem|p2a: Ching|Focus Sash\n|-damage|p2a: Ching|1\/100\n|-damage|p2b: Jesus|31\/100\n|\n|-heal|p2b: Jesus|38\/100|[from] item: Leftovers\n|-damage|p1b: Cresselia|43\/100|[from] Salt Cure\n|-fieldend|move: Psychic Terrain\n|upkeep\n|turn|6\n|c|\u2606toedstool|brother\n|c|\u2606toedstool|leave\n|\n|t:|1698747808\n|move|p2b: Jesus|Stealth Rock|p1b: Cresselia\n|-sidestart|p1: toedstool|move: Stealth Rock\n|move|p1a: Regidrago|Dragon Energy|p2b: Jesus|[spread] p2a,p2b\n|-damage|p2a: Ching|0 fnt\n|-damage|p2b: Jesus|0 fnt\n|faint|p2a: Ching\n|faint|p2b: Jesus\n|move|p1b: Cresselia|Lunar Blessing|p1b: Cresselia|[spread] p1a,p1b\n|-heal|p1b: Cresselia|68\/100\n|\n|-damage|p1b: Cresselia|56\/100|[from] Salt Cure\n|-fieldend|move: Trick Room\n|upkeep\n|c| Metal Jester|nah\n|\n|t:|1698747819\n|switch|p2a: Chad|Palafin-Hero, M|100\/100\n|switch|p2b: Imposter|Amoonguss, M|100\/100\n|-activate|p2a: Chad|ability: Zero to Hero\n|turn|7\n|\n|t:|1698747832\n|move|p1a: Regidrago|Protect|p1a: Regidrago\n|-singleturn|p1a: Regidrago|Protect\n|move|p2a: Chad|Wave Crash|p1b: Cresselia\n|-damage|p1b: Cresselia|0 fnt\n|faint|p1b: Cresselia\n|-damage|p2a: Chad|80\/100|[from] Recoil\n|move|p2b: Imposter|Spore|p1a: Regidrago\n|-activate|p1a: Regidrago|move: Protect\n|\n|upkeep\n|\n|t:|1698747841\n|switch|p1b: Delphox|Delphox, M|100\/100\n|-damage|p1b: Delphox|76\/100|[from] Stealth Rock\n|turn|8\n|\n|t:|1698747853\n|move|p1b: Delphox|Helping Hand|p1a: Regidrago\n|-singleturn|p1a: Regidrago|Helping Hand|[of] p1b: Delphox\n|move|p2a: Chad|Protect|p2a: Chad\n|-singleturn|p2a: Chad|Protect\n|move|p1a: Regidrago|Dragon Energy|p2a: Chad|[spread] p2b\n|-activate|p2a: Chad|move: Protect\n|-damage|p2b: Imposter|0 fnt\n|faint|p2b: Imposter\n|\n|upkeep\n|turn|9\n|\n|t:|1698747876\n|move|p1b: Delphox|Helping Hand|p1a: Regidrago\n|-singleturn|p1a: Regidrago|Helping Hand|[of] p1b: Delphox\n|move|p2a: Chad|Wave Crash|p1a: Regidrago\n|-resisted|p1a: Regidrago\n|-damage|p1a: Regidrago|56\/100\n|-damage|p2a: Chad|58\/100|[from] Recoil\n|move|p1a: Regidrago|Dragon Energy|p2a: Chad\n|-damage|p2a: Chad|0 fnt\n|faint|p2a: Chad\n|\n|win|toedstool\n|l|\u2606toedstool\n","uploadtime":1698747890,"views":25,"p1id":"toedstool","p2id":"pqncks","formatid":"gen9doublesou","rating":0,"private":0,"password":""}