{"id":"gen9doublesou-1987639992","p1":"axuana","p2":"SylveSweep","format":"[Gen 9] Doubles OU","log":"|j|\u2606axuana\n|j|\u2606SylveSweep\n|t:|1699622849\n|gametype|doubles\n|player|p1|axuana|swimmer-gen4dp|1031\n|player|p2|SylveSweep|caitlin|1126\n|teamsize|p1|6\n|teamsize|p2|6\n|gen|9\n|tier|[Gen 9] Doubles OU\n|rated|\n|rule|Species Clause: Limit one of each Pok\u00e9mon\n|rule|OHKO Clause: OHKO moves are banned\n|rule|Evasion Moves Clause: Evasion moves are banned\n|rule|Gravity Sleep Clause: The combination of sleep-inducing moves with imperfect accuracy and Gravity or Gigantamax Orbeetle are banned\n|rule|Endless Battle Clause: Forcing endless battles is banned\n|rule|HP Percentage Mod: HP is shown in percentages\n|clearpoke\n|poke|p1|Hatterene, F|\n|poke|p1|Mudsdale, M|\n|poke|p1|Kingambit, F|\n|poke|p1|Ting-Lu|\n|poke|p1|Cresselia, F|\n|poke|p1|Ursaluna, M|\n|poke|p2|Landorus-Therian, M|\n|poke|p2|Kommo-o, M|\n|poke|p2|Sylveon, F|\n|poke|p2|Sinistcha-Masterpiece|\n|poke|p2|Clefairy, F|\n|poke|p2|Fezandipiti, M|\n|teampreview\n|\n|t:|1699622874\n|start\n|switch|p1a: Cresselia|Cresselia, F|100\/100\n|switch|p1b: Mudsdale|Mudsdale, M|100\/100\n|switch|p2a: Sylveon|Sylveon, F, shiny|100\/100\n|switch|p2b: Kommo-o|Kommo-o, M|100\/100\n|turn|1\n|\n|t:|1699622891\n|switch|p2b: Landorus|Landorus-Therian, M|100\/100\n|-ability|p2b: Landorus|Intimidate|boost\n|-unboost|p1a: Cresselia|atk|1\n|-unboost|p1b: Mudsdale|atk|1\n|move|p2a: Sylveon|Shadow Ball|p1a: Cresselia\n|-supereffective|p1a: Cresselia\n|-damage|p1a: Cresselia|66\/100\n|move|p1b: Mudsdale|Stealth Rock|p2a: Sylveon\n|-sidestart|p2: SylveSweep|move: Stealth Rock\n|move|p1a: Cresselia|Trick Room|p1a: Cresselia\n|-fieldstart|move: Trick Room|[of] p1a: Cresselia\n|\n|-heal|p1a: Cresselia|72\/100|[from] item: Leftovers\n|upkeep\n|turn|2\n|\n|t:|1699622915\n|switch|p1a: Ursaluna|Ursaluna, M|100\/100\n|move|p1b: Mudsdale|Iron Head|p2a: Sylveon\n|-supereffective|p2a: Sylveon\n|-damage|p2a: Sylveon|43\/100\n|move|p2a: Sylveon|Shadow Ball|p1a: Ursaluna\n|-immune|p1a: Ursaluna\n|move|p2b: Landorus|Crunch|p1a: Ursaluna\n|-damage|p1a: Ursaluna|80\/100\n|\n|-status|p1a: Ursaluna|brn|[from] item: Flame Orb\n|upkeep\n|turn|3\n|\n|t:|1699622940\n|switch|p2a: Sinistcha|Sinistcha-Masterpiece|100\/100\n|-damage|p2a: Sinistcha|88\/100|[from] Stealth Rock\n|move|p1b: Mudsdale|Iron Head|p2a: Sinistcha\n|-damage|p2a: Sinistcha|69\/100\n|move|p1a: Ursaluna|Drain Punch|p2b: Landorus\n|-resisted|p2b: Landorus\n|-damage|p2b: Landorus|79\/100\n|-heal|p1a: Ursaluna|88\/100 brn|[from] drain|[of] p2b: Landorus\n|move|p2b: Landorus|U-turn|p1a: Ursaluna\n|-damage|p1a: Ursaluna|70\/100 brn\n|\n|t:|1699622958\n|switch|p2b: Kommo-o|Kommo-o, M|100\/100|[from] U-turn\n|-damage|p2b: Kommo-o|94\/100|[from] Stealth Rock\n|\n|-damage|p1a: Ursaluna|64\/100 brn|[from] brn\n|upkeep\n|turn|4\n|inactive|Battle timer is ON: inactive players will automatically lose when time's up. (requested by SylveSweep)\n|\n|t:|1699622983\n|-terastallize|p1a: Ursaluna|Ground\n|move|p2a: Sinistcha|Rage Powder|p2a: Sinistcha\n|-singleturn|p2a: Sinistcha|move: Rage Powder\n|move|p1b: Mudsdale|Iron Head|p2a: Sinistcha\n|-damage|p2a: Sinistcha|51\/100\n|move|p1a: Ursaluna|Headlong Rush|p2a: Sinistcha\n|-resisted|p2a: Sinistcha\n|-damage|p2a: Sinistcha|0 fnt\n|-unboost|p1a: Ursaluna|def|1\n|-unboost|p1a: Ursaluna|spd|1\n|faint|p2a: Sinistcha\n|move|p2b: Kommo-o|Flash Cannon|p1a: Ursaluna\n|-damage|p1a: Ursaluna|29\/100 brn\n|\n|-damage|p1a: Ursaluna|23\/100 brn|[from] brn\n|upkeep\n|\n|t:|1699623008\n|switch|p2a: Clefairy|Clefairy, F|100\/100\n|-damage|p2a: Clefairy|88\/100|[from] Stealth Rock\n|turn|5\n|\n|t:|1699623022\n|move|p2b: Kommo-o|Protect|p2b: Kommo-o\n|-singleturn|p2b: Kommo-o|Protect\n|move|p1b: Mudsdale|Iron Head|p2a: Clefairy\n|-supereffective|p2a: Clefairy\n|-damage|p2a: Clefairy|49\/100\n|move|p1a: Ursaluna|Drain Punch|p2b: Kommo-o\n|-activate|p2b: Kommo-o|move: Protect\n|cant|p2a: Clefairy|flinch\n|\n|-damage|p1a: Ursaluna|17\/100 brn|[from] brn\n|-fieldend|move: Trick Room\n|upkeep\n|turn|6\n|\n|t:|1699623045\n|switch|p1a: Cresselia|Cresselia, F|72\/100\n|move|p2b: Kommo-o|Clanging Scales|p1b: Mudsdale|[spread] p1a,p1b\n|-damage|p1a: Cresselia|47\/100\n|-damage|p1b: Mudsdale|59\/100\n|-ability|p1b: Mudsdale|Stamina|boost\n|-boost|p1b: Mudsdale|def|1\n|-unboost|p2b: Kommo-o|def|1\n|-enditem|p2b: Kommo-o|Throat Spray\n|-boost|p2b: Kommo-o|spa|1|[from] item: Throat Spray\n|move|p2a: Clefairy|Reflect|p2a: Clefairy\n|-sidestart|p2: SylveSweep|Reflect\n|move|p1b: Mudsdale|Iron Head|p2a: Clefairy\n|-supereffective|p2a: Clefairy\n|-damage|p2a: Clefairy|24\/100\n|\n|-heal|p1a: Cresselia|53\/100|[from] item: Leftovers\n|-heal|p1b: Mudsdale|65\/100|[from] item: Leftovers\n|upkeep\n|turn|7\n|\n|t:|1699623073\n|move|p2a: Clefairy|Protect|p2a: Clefairy\n|-singleturn|p2a: Clefairy|Protect\n|move|p2b: Kommo-o|Flash Cannon|p1a: Cresselia\n|-damage|p1a: Cresselia|27\/100\n|move|p1b: Mudsdale|Body Press|p2b: Kommo-o\n|-damage|p2b: Kommo-o|77\/100\n|move|p1a: Cresselia|Trick Room|p1a: Cresselia\n|-fieldstart|move: Trick Room|[of] p1a: Cresselia\n|\n|-heal|p1b: Mudsdale|71\/100|[from] item: Leftovers\n|-heal|p1a: Cresselia|33\/100|[from] item: Leftovers\n|upkeep\n|turn|8\n|\n|t:|1699623100\n|switch|p2a: Sylveon|Sylveon, F, shiny|43\/100\n|-damage|p2a: Sylveon|30\/100|[from] Stealth Rock\n|move|p1b: Mudsdale|Iron Head|p2a: Sylveon\n|-supereffective|p2a: Sylveon\n|-damage|p2a: Sylveon|0 fnt\n|faint|p2a: Sylveon\n|move|p1a: Cresselia|Psychic|p2b: Kommo-o\n|-supereffective|p2b: Kommo-o\n|-damage|p2b: Kommo-o|8\/100\n|move|p2b: Kommo-o|Flash Cannon|p1a: Cresselia\n|-damage|p1a: Cresselia|7\/100\n|\n|-heal|p1b: Mudsdale|77\/100|[from] item: Leftovers\n|-heal|p1a: Cresselia|13\/100|[from] item: Leftovers\n|upkeep\n|inactive|SylveSweep has 120 seconds left.\n|\n|t:|1699623115\n|switch|p2a: Clefairy|Clefairy, F|24\/100\n|-damage|p2a: Clefairy|11\/100|[from] Stealth Rock\n|turn|9\n|\n|t:|1699623127\n|switch|p1a: Ting-Lu|Ting-Lu|100\/100\n|-ability|p1a: Ting-Lu|Vessel of Ruin\n|move|p2b: Kommo-o|Protect|p2b: Kommo-o\n|-singleturn|p2b: Kommo-o|Protect\n|move|p1b: Mudsdale|Iron Head|p2a: Clefairy\n|-supereffective|p2a: Clefairy\n|-damage|p2a: Clefairy|0 fnt\n|faint|p2a: Clefairy\n|\n|-heal|p1b: Mudsdale|84\/100|[from] item: Leftovers\n|upkeep\n|-message|SylveSweep forfeited.\n|\n|win|axuana\n|raw|axuana's rating: 1031 &rarr; <strong>1076<\/strong><br \/>(+45 for winning)\n|raw|SylveSweep's rating: 1126 &rarr; <strong>1094<\/strong><br \/>(-32 for losing)\n|l|\u2606SylveSweep\n","uploadtime":1699623148,"views":15,"p1id":"axuana","p2id":"sylvesweep","formatid":"gen9doublesou","rating":1076,"private":0,"password":""}