{"id":"gen9doublesou-1986574010","p1":"Coralzon","p2":"nyx47747","format":"[Gen 9] Doubles OU","log":"|j|\u2606Coralzon\n|j|\u2606nyx47747\n|t:|1699493562\n|gametype|doubles\n|player|p1|Coralzon|steven|1223\n|player|p2|nyx47747|roxie|1400\n|teamsize|p1|6\n|teamsize|p2|6\n|gen|9\n|tier|[Gen 9] Doubles OU\n|rated|\n|rule|Species Clause: Limit one of each Pok\u00e9mon\n|rule|OHKO Clause: OHKO moves are banned\n|rule|Evasion Moves Clause: Evasion moves are banned\n|rule|Gravity Sleep Clause: The combination of sleep-inducing moves with imperfect accuracy and Gravity or Gigantamax Orbeetle are banned\n|rule|Endless Battle Clause: Forcing endless battles is banned\n|rule|HP Percentage Mod: HP is shown in percentages\n|clearpoke\n|poke|p1|Magneton|\n|poke|p1|Landorus-Therian, M|\n|poke|p1|Rillaboom, F|\n|poke|p1|Gastrodon-East, M|\n|poke|p1|Amoonguss, M|\n|poke|p1|Kommo-o, M|\n|poke|p2|Iron Hands|\n|poke|p2|Flutter Mane|\n|poke|p2|Landorus-Therian, M|\n|poke|p2|Roaring Moon|\n|poke|p2|Tornadus, M|\n|poke|p2|Ogerpon-Wellspring, F|\n|teampreview\n|inactive|Battle timer is ON: inactive players will automatically lose when time's up. (requested by nyx47747)\n|\n|t:|1699493591\n|start\n|switch|p1a: Ethan|Magneton|100\/100\n|switch|p1b: Beats by Dre|Rillaboom, F|100\/100\n|switch|p2a: Roaring Moon|Roaring Moon|100\/100\n|switch|p2b: special attacker|Tornadus, M|100\/100\n|-fieldstart|move: Grassy Terrain|[from] ability: Grassy Surge|[of] p1b: Beats by Dre\n|-enditem|p2a: Roaring Moon|Booster Energy\n|-activate|p2a: Roaring Moon|ability: Protosynthesis|[fromitem]\n|-start|p2a: Roaring Moon|protosynthesisatk\n|turn|1\n|\n|t:|1699493615\n|move|p1b: Beats by Dre|Fake Out|p2b: special attacker\n|-damage|p2b: special attacker|78\/100\n|cant|p2b: special attacker|flinch\n|move|p2a: Roaring Moon|Knock Off|p1a: Ethan\n|-damage|p1a: Ethan|41\/100\n|-enditem|p1a: Ethan|Eviolite|[from] move: Knock Off|[of] p2a: Roaring Moon\n|move|p1a: Ethan|Volt Switch|p2b: special attacker\n|-supereffective|p2b: special attacker\n|-damage|p2b: special attacker|0 fnt\n|faint|p2b: special attacker\n|inactive|Coralzon has 120 seconds left.\n|\n|t:|1699493647\n|switch|p1a: RAHHH|Kommo-o, M|100\/100|[from] Volt Switch\n|\n|upkeep\n|\n|t:|1699493651\n|switch|p2b: Landorus|Landorus-Therian, M|100\/100\n|-ability|p2b: Landorus|Intimidate|boost\n|-unboost|p1a: RAHHH|atk|1\n|-unboost|p1b: Beats by Dre|atk|1\n|turn|2\n|inactive|Coralzon has 120 seconds left.\n|\n|t:|1699493685\n|switch|p1b: Ethan|Magneton|41\/100\n|-terastallize|p1a: RAHHH|Fairy\n|move|p2a: Roaring Moon|Dragon Claw|p1a: RAHHH\n|-immune|p1a: RAHHH\n|move|p2b: Landorus|U-turn|p1b: Ethan\n|-resisted|p1b: Ethan\n|-damage|p1b: Ethan|20\/100\n|-damage|p2b: Landorus|91\/100|[from] item: Life Orb\n|\n|t:|1699493694\n|switch|p2b: Ogerpon|Ogerpon-Wellspring, F|100\/100|[from] U-turn\n|move|p1a: RAHHH|Clangorous Soul|p1a: RAHHH\n|-boost|p1a: RAHHH|atk|1\n|-boost|p1a: RAHHH|def|1\n|-boost|p1a: RAHHH|spa|1\n|-boost|p1a: RAHHH|spd|1\n|-boost|p1a: RAHHH|spe|1\n|-damage|p1a: RAHHH|68\/100\n|\n|-heal|p1a: RAHHH|74\/100|[from] Grassy Terrain\n|-heal|p1b: Ethan|26\/100|[from] Grassy Terrain\n|upkeep\n|turn|3\n|inactive|Coralzon has 120 seconds left.\n|\n|t:|1699493721\n|-end|p2a: Roaring Moon|Protosynthesis|[silent]\n|switch|p2a: Landorus|Landorus-Therian, M|91\/100\n|-ability|p2a: Landorus|Intimidate|boost\n|-unboost|p1a: RAHHH|atk|1\n|-unboost|p1b: Ethan|atk|1\n|move|p1a: RAHHH|Tera Blast|p2a: Landorus|[anim] Tera Blast Fairy\n|-damage|p2a: Landorus|18\/100\n|move|p2b: Ogerpon|Ivy Cudgel|p1b: Ethan\n|-crit|p1b: Ethan\n|-damage|p1b: Ethan|0 fnt\n|faint|p1b: Ethan\n|\n|-heal|p1a: RAHHH|80\/100|[from] Grassy Terrain\n|upkeep\n|inactive|Coralzon has 90 seconds left.\n|\n|t:|1699493753\n|switch|p1b: Beats by Dre|Rillaboom, F|100\/100\n|turn|4\n|\n|t:|1699493765\n|move|p1b: Beats by Dre|Fake Out|p2b: Ogerpon\n|-damage|p2b: Ogerpon|80\/100\n|move|p1a: RAHHH|Clanging Scales|p2a: Landorus|[spread] p2a,p2b\n|-damage|p2a: Landorus|0 fnt\n|-damage|p2b: Ogerpon|8\/100\n|faint|p2a: Landorus\n|-unboost|p1a: RAHHH|def|1\n|cant|p2b: Ogerpon|flinch\n|\n|-heal|p1a: RAHHH|86\/100|[from] Grassy Terrain\n|-heal|p2b: Ogerpon|14\/100|[from] Grassy Terrain\n|upkeep\n|\n|t:|1699493776\n|switch|p2a: Iron Hands|Iron Hands|100\/100\n|turn|5\n|\n|t:|1699493794\n|move|p2a: Iron Hands|Fake Out|p1a: RAHHH\n|-damage|p1a: RAHHH|71\/100\n|move|p1b: Beats by Dre|Grassy Glide|p2b: Ogerpon\n|-damage|p2b: Ogerpon|0 fnt\n|faint|p2b: Ogerpon\n|cant|p1a: RAHHH|flinch\n|\n|-heal|p1a: RAHHH|77\/100|[from] Grassy Terrain\n|-fieldend|move: Grassy Terrain\n|upkeep\n|\n|t:|1699493803\n|switch|p2b: Flutter Mane|Flutter Mane|100\/100\n|-enditem|p2b: Flutter Mane|Booster Energy\n|-activate|p2b: Flutter Mane|ability: Protosynthesis|[fromitem]\n|-start|p2b: Flutter Mane|protosynthesisspe\n|turn|6\n|\n|t:|1699493823\n|move|p2b: Flutter Mane|Moonblast|p1a: RAHHH\n|-damage|p1a: RAHHH|38\/100\n|move|p1a: RAHHH|Tera Blast|p2a: Iron Hands|[anim] Tera Blast Fairy\n|-supereffective|p2a: Iron Hands\n|-damage|p2a: Iron Hands|3\/100\n|move|p1b: Beats by Dre|Knock Off|p2b: Flutter Mane\n|-crit|p2b: Flutter Mane\n|-damage|p2b: Flutter Mane|23\/100\n|move|p2a: Iron Hands|Thunder Punch|p1a: RAHHH\n|-damage|p1a: RAHHH|0 fnt\n|faint|p1a: RAHHH\n|\n|-heal|p2a: Iron Hands|9\/100|[from] item: Leftovers\n|upkeep\n|\n|t:|1699493840\n|switch|p1a: Sky Dog|Landorus-Therian, M|100\/100\n|-ability|p1a: Sky Dog|Intimidate|boost\n|-unboost|p2a: Iron Hands|atk|1\n|-unboost|p2b: Flutter Mane|atk|1\n|turn|7\n|inactive|Coralzon has 120 seconds left.\n|\n|t:|1699493873\n|switch|p1a: Santa Cruz|Gastrodon-East, M|100\/100\n|move|p2b: Flutter Mane|Protect|p2b: Flutter Mane\n|-singleturn|p2b: Flutter Mane|Protect\n|move|p1b: Beats by Dre|Knock Off|p2b: Flutter Mane\n|-activate|p2b: Flutter Mane|move: Protect\n|move|p2a: Iron Hands|Drain Punch|p1b: Beats by Dre\n|-crit|p1b: Beats by Dre\n|-damage|p1b: Beats by Dre|35\/100\n|-heal|p2a: Iron Hands|35\/100|[from] drain|[of] p1b: Beats by Dre\n|\n|-heal|p2a: Iron Hands|41\/100|[from] item: Leftovers\n|upkeep\n|turn|8\n|\n|t:|1699493897\n|move|p2b: Flutter Mane|Dazzling Gleam|p1b: Beats by Dre|[spread] p1a,p1b\n|-crit|p1a: Santa Cruz\n|-damage|p1a: Santa Cruz|55\/100\n|-damage|p1b: Beats by Dre|11\/100\n|move|p1b: Beats by Dre|Knock Off|p2b: Flutter Mane\n|-damage|p2b: Flutter Mane|0 fnt\n|faint|p2b: Flutter Mane\n|-end|p2b: Flutter Mane|Protosynthesis|[silent]\n|move|p2a: Iron Hands|Drain Punch|p1a: Santa Cruz\n|-damage|p1a: Santa Cruz|24\/100\n|-heal|p2a: Iron Hands|52\/100|[from] drain|[of] p1a: Santa Cruz\n|move|p1a: Santa Cruz|Earth Power|p2a: Iron Hands\n|-supereffective|p2a: Iron Hands\n|-damage|p2a: Iron Hands|0 fnt\n|faint|p2a: Iron Hands\n|-end|p2a: Iron Hands|Quark Drive|[silent]\n|\n|-heal|p1a: Santa Cruz|30\/100|[from] item: Leftovers\n|upkeep\n|-message|nyx47747 forfeited.\n|\n|win|Coralzon\n|raw|Coralzon's rating: 1223 &rarr; <strong>1260<\/strong><br \/>(+37 for winning)\n|raw|nyx47747's rating: 1400 &rarr; <strong>1371<\/strong><br \/>(-29 for losing)\n|l|\u2606nyx47747\n","uploadtime":1699494029,"views":44,"p1id":"coralzon","p2id":"nyx47747","formatid":"gen9doublesou","rating":1260,"private":0,"password":""}