{"id":"gen9doublesou-1977321339","p1":"Messy fighter","p2":"Artmis03","format":"[Gen 9] Doubles OU","log":"|j|\u2606Messy fighter\n|j|\u2606Artmis03\n|t:|1698404753\n|gametype|doubles\n|player|p1|Messy fighter|swimmer-gen4dp|1214\n|player|p2|Artmis03|richboy|1114\n|teamsize|p1|6\n|teamsize|p2|6\n|gen|9\n|tier|[Gen 9] Doubles OU\n|rated|\n|rule|Species Clause: Limit one of each Pok\u00e9mon\n|rule|OHKO Clause: OHKO moves are banned\n|rule|Evasion Moves Clause: Evasion moves are banned\n|rule|Gravity Sleep Clause: The combination of sleep-inducing moves with imperfect accuracy and Gravity or Gigantamax Orbeetle are banned\n|rule|Endless Battle Clause: Forcing endless battles is banned\n|rule|HP Percentage Mod: HP is shown in percentages\n|clearpoke\n|poke|p1|Basculegion-F, F|\n|poke|p1|Iron Hands|\n|poke|p1|Cresselia, F|\n|poke|p1|Ursaluna-Bloodmoon, M|\n|poke|p1|Roaring Moon|\n|poke|p1|Farigiraf, F|\n|poke|p2|Amoonguss, M|\n|poke|p2|Diancie|\n|poke|p2|Farigiraf, M|\n|poke|p2|Grimmsnarl, M|\n|poke|p2|Heatran, M|\n|poke|p2|Gholdengo|\n|teampreview\n|c|\u2606Artmis03|gl hf\n|\n|t:|1698404769\n|start\n|switch|p1a: Ursaluna|Ursaluna-Bloodmoon, M|100\/100\n|switch|p1b: Cresselia|Cresselia, F|100\/100\n|switch|p2a: Farigiraf|Farigiraf, M|100\/100\n|switch|p2b: Grimmsnarl|Grimmsnarl, M|100\/100\n|turn|1\n|\n|t:|1698404780\n|move|p2b: Grimmsnarl|Light Screen|p2b: Grimmsnarl\n|-sidestart|p2: Artmis03|move: Light Screen\n|move|p2a: Farigiraf|Thunder Wave|p1a: Ursaluna\n|-immune|p1a: Ursaluna\n|move|p1a: Ursaluna|Moonblast|p2b: Grimmsnarl\n|-supereffective|p2b: Grimmsnarl\n|-damage|p2b: Grimmsnarl|65\/100\n|move|p1b: Cresselia|Trick Room|p1b: Cresselia\n|-fieldstart|move: Trick Room|[of] p1b: Cresselia\n|\n|upkeep\n|turn|2\n|\n|t:|1698404798\n|move|p1b: Cresselia|Helping Hand|p1a: Ursaluna\n|-singleturn|p1a: Ursaluna|Helping Hand|[of] p1b: Cresselia\n|move|p2b: Grimmsnarl|Parting Shot|p1a: Ursaluna\n|-unboost|p1a: Ursaluna|atk|1\n|-unboost|p1a: Ursaluna|spa|1\n|\n|t:|1698404806\n|switch|p2b: Diancie|Diancie|100\/100|[from] Parting Shot\n|move|p1a: Ursaluna|Hyper Voice|p2b: Diancie|[spread] p2a,p2b\n|-resisted|p2b: Diancie\n|-damage|p2a: Farigiraf|75\/100\n|-damage|p2b: Diancie|90\/100\n|-enditem|p1a: Ursaluna|Throat Spray\n|-boost|p1a: Ursaluna|spa|1|[from] item: Throat Spray\n|move|p2a: Farigiraf|Future Sight|p1a: Ursaluna\n|-start|p2a: Farigiraf|move: Future Sight\n|\n|-heal|p2b: Diancie|96\/100|[from] item: Leftovers\n|-heal|p2a: Farigiraf|81\/100|[from] item: Leftovers\n|upkeep\n|turn|3\n|\n|t:|1698404834\n|switch|p1a: Iron Hands|Iron Hands|100\/100\n|-enditem|p1a: Iron Hands|Booster Energy\n|-activate|p1a: Iron Hands|ability: Quark Drive|[fromitem]\n|-start|p1a: Iron Hands|quarkdriveatk\n|move|p2b: Diancie|Stealth Rock|p1b: Cresselia\n|-sidestart|p1: Messy fighter|move: Stealth Rock\n|move|p2a: Farigiraf|Hyper Voice|p1b: Cresselia|[spread] p1a,p1b\n|-damage|p1a: Iron Hands|70\/100\n|-damage|p1b: Cresselia|84\/100\n|move|p1b: Cresselia|Lunar Blessing|p1b: Cresselia|[spread] p1a,p1b\n|-heal|p1a: Iron Hands|95\/100\n|-heal|p1b: Cresselia|100\/100\n|\n|-heal|p2b: Diancie|100\/100|[from] item: Leftovers\n|-heal|p2a: Farigiraf|87\/100|[from] item: Leftovers\n|upkeep\n|turn|4\n|\n|t:|1698404877\n|-terastallize|p1a: Iron Hands|Flying\n|move|p1a: Iron Hands|Swords Dance|p1a: Iron Hands\n|-boost|p1a: Iron Hands|atk|2\n|move|p2b: Diancie|Dazzling Gleam|p1a: Iron Hands|[spread] p1a,p1b\n|-damage|p1a: Iron Hands|70\/100\n|-damage|p1b: Cresselia|87\/100\n|move|p2a: Farigiraf|Thunder Wave|p1b: Cresselia\n|-status|p1b: Cresselia|par\n|move|p1b: Cresselia|Lunar Blessing|p1b: Cresselia|[spread] p1a,p1b\n|-heal|p1a: Iron Hands|95\/100\n|-heal|p1b: Cresselia|100\/100 par\n|-curestatus|p1b: Cresselia|par|[msg]\n|\n|-end|p1a: Iron Hands|move: Future Sight\n|-damage|p1a: Iron Hands|36\/100\n|-heal|p2a: Farigiraf|93\/100|[from] item: Leftovers\n|upkeep\n|turn|5\n|\n|t:|1698404918\n|switch|p2a: Amoonguss|Amoonguss, M|100\/100\n|move|p1b: Cresselia|Helping Hand|p1a: Iron Hands\n|-singleturn|p1a: Iron Hands|Helping Hand|[of] p1b: Cresselia\n|move|p1a: Iron Hands|Drain Punch|p2b: Diancie\n|-damage|p2b: Diancie|0 fnt\n|-heal|p1a: Iron Hands|65\/100|[from] drain|[of] p2b: Diancie\n|faint|p2b: Diancie\n|\n|-fieldend|move: Trick Room\n|upkeep\n|\n|t:|1698404926\n|switch|p2b: Grimmsnarl|Grimmsnarl, M|65\/100\n|turn|6\n|\n|t:|1698404941\n|move|p2b: Grimmsnarl|Reflect|p2b: Grimmsnarl\n|-sidestart|p2: Artmis03|Reflect\n|move|p2a: Amoonguss|Foul Play|p1a: Iron Hands\n|-damage|p1a: Iron Hands|17\/100\n|move|p1a: Iron Hands|Drain Punch|p2b: Grimmsnarl\n|-damage|p2b: Grimmsnarl|0 fnt\n|-heal|p1a: Iron Hands|42\/100|[from] drain|[of] p2b: Grimmsnarl\n|faint|p2b: Grimmsnarl\n|move|p1b: Cresselia|Trick Room|p1b: Cresselia\n|-fieldstart|move: Trick Room|[of] p1b: Cresselia\n|\n|upkeep\n|\n|t:|1698404953\n|switch|p2b: Farigiraf|Farigiraf, M|93\/100\n|turn|7\n|\n|t:|1698404967\n|move|p1a: Iron Hands|Drain Punch|p2a: Amoonguss\n|-resisted|p2a: Amoonguss\n|-damage|p2a: Amoonguss|59\/100\n|-heal|p1a: Iron Hands|60\/100|[from] drain|[of] p2a: Amoonguss\n|-damage|p1a: Iron Hands|43\/100|[from] item: Rocky Helmet|[of] p2a: Amoonguss\n|move|p2a: Amoonguss|Spore|p1a: Iron Hands\n|-status|p1a: Iron Hands|slp|[from] move: Spore\n|move|p2b: Farigiraf|Future Sight|p1a: Iron Hands\n|-start|p2b: Farigiraf|move: Future Sight\n|move|p1b: Cresselia|Psychic|p2a: Amoonguss\n|-supereffective|p2a: Amoonguss\n|-damage|p2a: Amoonguss|38\/100\n|\n|-heal|p2b: Farigiraf|99\/100|[from] item: Leftovers\n|upkeep\n|turn|8\n|\n|t:|1698404993\n|cant|p1a: Iron Hands|slp\n|move|p2a: Amoonguss|Spore|p1b: Cresselia\n|-status|p1b: Cresselia|slp|[from] move: Spore\n|move|p2b: Farigiraf|Future Sight|p1b: Cresselia\n|-start|p2b: Farigiraf|move: Future Sight\n|cant|p1b: Cresselia|slp\n|\n|-heal|p2b: Farigiraf|100\/100|[from] item: Leftovers\n|-sideend|p2: Artmis03|move: Light Screen\n|upkeep\n|turn|9\n|\n|t:|1698405011\n|switch|p2a: Gholdengo|Gholdengo|100\/100\n|cant|p1a: Iron Hands|slp\n|move|p2b: Farigiraf|Hyper Voice|p1a: Iron Hands|[spread] p1a,p1b\n|-damage|p1a: Iron Hands|13\/100 slp\n|-damage|p1b: Cresselia|83\/100 slp\n|-curestatus|p1b: Cresselia|slp|[msg]\n|move|p1b: Cresselia|Lunar Blessing|p1b: Cresselia|[spread] p1a,p1b\n|-heal|p1a: Iron Hands|38\/100 slp\n|-curestatus|p1a: Iron Hands|slp|[msg]\n|-heal|p1b: Cresselia|100\/100\n|\n|-end|p1a: Iron Hands|move: Future Sight\n|-damage|p1a: Iron Hands|0 fnt\n|faint|p1a: Iron Hands\n|-end|p1a: Iron Hands|Quark Drive|[silent]\n|upkeep\n|\n|t:|1698405035\n|switch|p1a: Basculegion|Basculegion-F, F|100\/100\n|-damage|p1a: Basculegion|88\/100|[from] Stealth Rock\n|turn|10\n|\n|t:|1698405049\n|move|p1b: Cresselia|Helping Hand|p1a: Basculegion\n|-singleturn|p1a: Basculegion|Helping Hand|[of] p1b: Cresselia\n|move|p1a: Basculegion|Last Respects|p2a: Gholdengo\n|-supereffective|p2a: Gholdengo\n|-damage|p2a: Gholdengo|0 fnt\n|faint|p2a: Gholdengo\n|move|p2b: Farigiraf|Future Sight|p1a: Basculegion\n|-start|p2b: Farigiraf|move: Future Sight\n|\n|-end|p1b: Cresselia|move: Future Sight\n|-resisted|p1b: Cresselia\n|-damage|p1b: Cresselia|85\/100\n|-fieldend|move: Trick Room\n|upkeep\n|\n|t:|1698405059\n|switch|p2a: Amoonguss|Amoonguss, M|38\/100\n|turn|11\n|\n|t:|1698405071\n|move|p2b: Farigiraf|Thunder Wave|p1b: Cresselia\n|-status|p1b: Cresselia|par\n|move|p1a: Basculegion|Psychic Fangs|p2a: Amoonguss\n|-sideend|p2: Artmis03|Reflect\n|-supereffective|p2a: Amoonguss\n|-damage|p2a: Amoonguss|0 fnt\n|-damage|p1a: Basculegion|71\/100|[from] item: Rocky Helmet|[of] p2a: Amoonguss\n|-status|p1a: Basculegion|psn|[from] ability: Effect Spore|[of] p2a: Amoonguss\n|faint|p2a: Amoonguss\n|move|p1b: Cresselia|Trick Room|p1b: Cresselia\n|-fieldstart|move: Trick Room|[of] p1b: Cresselia\n|\n|-damage|p1a: Basculegion|59\/100 psn|[from] psn\n|upkeep\n|\n|t:|1698405077\n|switch|p2a: Heatran|Heatran, M|100\/100\n|-item|p2a: Heatran|Air Balloon\n|turn|12\n|\n|t:|1698405088\n|move|p2b: Farigiraf|Ally Switch|p2b: Farigiraf\n|swap|p2b: Farigiraf|0|[from] move: Ally Switch\n|cant|p1b: Cresselia|par\n|move|p1a: Basculegion|Wave Crash|p2a: Farigiraf\n|-damage|p2a: Farigiraf|26\/100\n|-damage|p1a: Basculegion|35\/100 psn|[from] Recoil\n|move|p2b: Heatran|Heat Wave|p1b: Cresselia|[spread] p1a,p1b\n|-resisted|p1a: Basculegion\n|-crit|p1b: Cresselia\n|-damage|p1a: Basculegion|19\/100 psn\n|-damage|p1b: Cresselia|62\/100 par\n|\n|-end|p1a: Basculegion|move: Future Sight\n|-damage|p1a: Basculegion|0 fnt\n|faint|p1a: Basculegion\n|-heal|p2a: Farigiraf|32\/100|[from] item: Leftovers\n|upkeep\n|\n|t:|1698405104\n|switch|p1a: Ursaluna|Ursaluna-Bloodmoon, M|100\/100\n|-damage|p1a: Ursaluna|94\/100|[from] Stealth Rock\n|turn|13\n|\n|t:|1698405117\n|move|p1a: Ursaluna|Vacuum Wave||[still]\n|cant|p2a: Farigiraf|ability: Armor Tail|Vacuum Wave|[of] p1a: Ursaluna\n|move|p1b: Cresselia|Lunar Blessing|p1b: Cresselia|[spread] p1a,p1b\n|-heal|p1a: Ursaluna|100\/100\n|-heal|p1b: Cresselia|87\/100 par\n|-curestatus|p1b: Cresselia|par|[msg]\n|move|p2a: Farigiraf|Future Sight|p1a: Ursaluna\n|-start|p2a: Farigiraf|move: Future Sight\n|move|p2b: Heatran|Heat Wave|p1a: Ursaluna|[spread] p1a,p1b\n|-damage|p1a: Ursaluna|69\/100\n|-damage|p1b: Cresselia|71\/100\n|\n|-heal|p2a: Farigiraf|38\/100|[from] item: Leftovers\n|upkeep\n|turn|14\n|\n|t:|1698405132\n|move|p2a: Farigiraf|Ally Switch|p2a: Farigiraf\n|swap|p2a: Farigiraf|1|[from] move: Ally Switch\n|move|p1a: Ursaluna|Blood Moon|p2a: Heatran\n|-resisted|p2a: Heatran\n|-damage|p2a: Heatran|77\/100\n|-enditem|p2a: Heatran|Air Balloon\n|move|p1b: Cresselia|Lunar Blessing|p1b: Cresselia|[spread] p1a,p1b\n|-heal|p1a: Ursaluna|94\/100\n|-heal|p1b: Cresselia|96\/100\n|move|p2a: Heatran|Heat Wave|p1a: Ursaluna|[spread] p1a\n|-miss|p2a: Heatran|p1b: Cresselia\n|-damage|p1a: Ursaluna|61\/100\n|-status|p1a: Ursaluna|brn\n|\n|-heal|p2b: Farigiraf|44\/100|[from] item: Leftovers\n|-damage|p1a: Ursaluna|55\/100 brn|[from] brn\n|upkeep\n|turn|15\n|\n|t:|1698405154\n|move|p1b: Cresselia|Helping Hand|p1a: Ursaluna\n|-singleturn|p1a: Ursaluna|Helping Hand|[of] p1b: Cresselia\n|move|p1a: Ursaluna|Hyper Voice|p2a: Heatran|[spread] p2a,p2b\n|-resisted|p2a: Heatran\n|-damage|p2a: Heatran|60\/100\n|-damage|p2b: Farigiraf|0 fnt\n|faint|p2b: Farigiraf\n|move|p2a: Heatran|Magma Storm|p1a: Ursaluna|[miss]\n|-miss|p2a: Heatran|p1a: Ursaluna\n|\n|-end|p1a: Ursaluna|move: Future Sight\n|-damage|p1a: Ursaluna|0 fnt\n|faint|p1a: Ursaluna\n|-fieldend|move: Trick Room\n|upkeep\n|\n|t:|1698405164\n|switch|p1a: Roaring Moon|Roaring Moon|100\/100\n|-damage|p1a: Roaring Moon|88\/100|[from] Stealth Rock\n|turn|16\n|\n|t:|1698405170\n|move|p1b: Cresselia|Helping Hand|p1a: Roaring Moon\n|-singleturn|p1a: Roaring Moon|Helping Hand|[of] p1b: Cresselia\n|move|p1a: Roaring Moon|Earthquake|p2a: Heatran|[spread] p2a\n|-immune|p1b: Cresselia|[from] ability: Levitate\n|-supereffective|p2a: Heatran\n|-damage|p2a: Heatran|0 fnt\n|faint|p2a: Heatran\n|\n|win|Messy fighter\n|raw|Messy fighter's rating: 1214 &rarr; <strong>1232<\/strong><br \/>(+18 for winning)\n|raw|Artmis03's rating: 1114 &rarr; <strong>1096<\/strong><br \/>(-18 for losing)\n|c|\u2606Messy fighter|Gg\n|c|\u2606Artmis03|gg\n","uploadtime":1698405185,"views":18,"p1id":"messyfighter","p2id":"artmis03","formatid":"gen9doublesou","rating":1096,"private":0,"password":""}