{"id":"gen9doublesou-1994423204","p1":"z0gre","p2":"C0SuMa","format":"[Gen 9] Doubles OU","log":"|j|\u2606z0gre\n|j|\u2606C0SuMa\n|t:|1700442259\n|gametype|doubles\n|player|p1|z0gre|2|1478\n|player|p2|C0SuMa|caitlin|1376\n|teamsize|p1|6\n|teamsize|p2|6\n|gen|9\n|tier|[Gen 9] Doubles OU\n|rated|\n|rule|Species Clause: Limit one of each Pok\u00e9mon\n|rule|OHKO Clause: OHKO moves are banned\n|rule|Evasion Moves Clause: Evasion moves are banned\n|rule|Gravity Sleep Clause: The combination of sleep-inducing moves with imperfect accuracy and Gravity or Gigantamax Orbeetle are banned\n|rule|Endless Battle Clause: Forcing endless battles is banned\n|rule|HP Percentage Mod: HP is shown in percentages\n|clearpoke\n|poke|p1|Tyranitar, M|\n|poke|p1|Glimmora, F|\n|poke|p1|Diancie|\n|poke|p1|Garganacl, M|\n|poke|p1|Houndstone, F|\n|poke|p1|Ogerpon-Cornerstone, F|\n|poke|p2|Ninetales-Alola, F|\n|poke|p2|Flutter Mane|\n|poke|p2|Iron Bundle|\n|poke|p2|Ogerpon-Hearthflame, F|\n|poke|p2|Iron Hands|\n|poke|p2|Cresselia, F|\n|teampreview\n|inactive|Battle timer is ON: inactive players will automatically lose when time's up. (requested by z0gre)\n|inactive|C0SuMa has 120 seconds left.\n|inactive|C0SuMa has 90 seconds left.\n|\n|t:|1700442338\n|start\n|switch|p1a: Glimmora|Glimmora, F, shiny|100\/100\n|switch|p1b: Diancie|Diancie, shiny|100\/100\n|switch|p2a: Iron Bundle|Iron Bundle|100\/100\n|switch|p2b: Iron Hands|Iron Hands|100\/100\n|turn|1\n|inactive|C0SuMa has 120 seconds left.\n|\n|t:|1700442397\n|move|p1a: Glimmora|Spiky Shield|p1a: Glimmora\n|-singleturn|p1a: Glimmora|move: Protect\n|move|p2b: Iron Hands|Fake Out|p1b: Diancie\n|-resisted|p1b: Diancie\n|-damage|p1b: Diancie|95\/100\n|move|p2a: Iron Bundle|Hydro Pump|p1b: Diancie\n|-supereffective|p1b: Diancie\n|-damage|p1b: Diancie|25\/100\n|cant|p1b: Diancie|flinch\n|\n|upkeep\n|turn|2\n|\n|t:|1700442423\n|-end|p2b: Iron Hands|Quark Drive|[silent]\n|switch|p2b: Ninetales|Ninetales-Alola, F|100\/100\n|-weather|Snow|[from] ability: Snow Warning|[of] p2b: Ninetales\n|switch|p1b: Tyranitar|Tyranitar, M, shiny|100\/100\n|-weather|Sandstorm|[from] ability: Sand Stream|[of] p1b: Tyranitar\n|move|p2a: Iron Bundle|Blizzard|p1a: Glimmora|[spread] p1b\n|-miss|p2a: Iron Bundle|p1a: Glimmora\n|-damage|p1b: Tyranitar|77\/100\n|move|p1a: Glimmora|Mortal Spin|p2a: Iron Bundle|[spread] p2a,p2b\n|-supereffective|p2b: Ninetales\n|-damage|p2a: Iron Bundle|95\/100\n|-damage|p2b: Ninetales|89\/100\n|-status|p2a: Iron Bundle|psn\n|-status|p2b: Ninetales|psn\n|\n|-weather|Sandstorm|[upkeep]\n|-damage|p2a: Iron Bundle|89\/100 psn|[from] Sandstorm\n|-damage|p2b: Ninetales|83\/100 psn|[from] Sandstorm\n|-damage|p2a: Iron Bundle|77\/100 psn|[from] psn\n|-damage|p2b: Ninetales|71\/100 psn|[from] psn\n|upkeep\n|turn|3\n|inactive|z0gre has 120 seconds left.\n|\n|t:|1700442454\n|switch|p2b: Cresselia|Cresselia, F|100\/100\n|switch|p1b: Diancie|Diancie, shiny|25\/100\n|move|p2a: Iron Bundle|Protect|p2a: Iron Bundle\n|-singleturn|p2a: Iron Bundle|Protect\n|move|p1a: Glimmora|Toxic Spikes|p2b: Cresselia\n|-sidestart|p2: C0SuMa|move: Toxic Spikes\n|\n|-weather|Sandstorm|[upkeep]\n|-damage|p2a: Iron Bundle|71\/100 psn|[from] Sandstorm\n|-damage|p2b: Cresselia|94\/100|[from] Sandstorm\n|-damage|p2a: Iron Bundle|59\/100 psn|[from] psn\n|upkeep\n|turn|4\n|inactive|C0SuMa has 120 seconds left.\n|\n|t:|1700442466\n|move|p2a: Iron Bundle|Hydro Pump|p1b: Diancie\n|-supereffective|p1b: Diancie\n|-damage|p1b: Diancie|0 fnt\n|faint|p1b: Diancie\n|move|p1a: Glimmora|Toxic Spikes|p2a: Iron Bundle\n|-sidestart|p2: C0SuMa|move: Toxic Spikes\n|move|p2b: Cresselia|Lunar Blessing|p2b: Cresselia|[spread] p2a,p2b\n|-heal|p2a: Iron Bundle|84\/100 psn\n|-curestatus|p2a: Iron Bundle|psn|[msg]\n|-heal|p2b: Cresselia|100\/100\n|\n|-weather|Sandstorm|[upkeep]\n|-damage|p2a: Iron Bundle|78\/100|[from] Sandstorm\n|-damage|p2b: Cresselia|94\/100|[from] Sandstorm\n|upkeep\n|inactive|z0gre has 120 seconds left.\n|\n|t:|1700442490\n|switch|p1b: Tyranitar|Tyranitar, M, shiny|77\/100\n|turn|5\n|\n|t:|1700442497\n|switch|p2b: Ninetales|Ninetales-Alola, F|71\/100 psn\n|-weather|Snow|[from] ability: Snow Warning|[of] p2b: Ninetales\n|move|p2a: Iron Bundle|Aurora Veil|p2a: Iron Bundle\n|-sidestart|p2: C0SuMa|move: Aurora Veil\n|move|p1a: Glimmora|Mortal Spin|p2b: Ninetales|[spread] p2a,p2b\n|-supereffective|p2b: Ninetales\n|-crit|p2b: Ninetales\n|-damage|p2a: Iron Bundle|76\/100\n|-damage|p2b: Ninetales|60\/100 psn\n|-status|p2a: Iron Bundle|psn\n|move|p1b: Tyranitar|Knock Off|p2b: Ninetales\n|-resisted|p2b: Ninetales\n|-damage|p2b: Ninetales|46\/100 psn\n|-enditem|p2b: Ninetales|Icy Rock|[from] move: Knock Off|[of] p1b: Tyranitar\n|\n|-weather|Snow|[upkeep]\n|-damage|p2a: Iron Bundle|63\/100 psn|[from] psn\n|-damage|p2b: Ninetales|34\/100 psn|[from] psn\n|upkeep\n|turn|6\n|\n|t:|1700442517\n|move|p1b: Tyranitar|Protect|p1b: Tyranitar\n|-singleturn|p1b: Tyranitar|Protect\n|move|p2a: Iron Bundle|Hydro Pump|p1a: Glimmora\n|-supereffective|p1a: Glimmora\n|-enditem|p1a: Glimmora|Focus Sash\n|-damage|p1a: Glimmora|1\/100\n|move|p2b: Ninetales|Dazzling Gleam|p1b: Tyranitar|[spread] p1a\n|-activate|p1b: Tyranitar|move: Protect\n|-resisted|p1a: Glimmora\n|-damage|p1a: Glimmora|0 fnt\n|faint|p1a: Glimmora\n|\n|-weather|Snow|[upkeep]\n|-damage|p2a: Iron Bundle|51\/100 psn|[from] psn\n|-damage|p2b: Ninetales|22\/100 psn|[from] psn\n|upkeep\n|\n|t:|1700442529\n|switch|p1a: Garganacl|Garganacl, M, shiny|100\/100\n|turn|7\n|\n|t:|1700442536\n|switch|p1b: Ogerpon|Ogerpon-Cornerstone, F|100\/100\n|move|p1a: Garganacl|Protect|p1a: Garganacl\n|-singleturn|p1a: Garganacl|Protect\n|move|p2a: Iron Bundle|Hydro Pump|p1a: Garganacl\n|-activate|p1a: Garganacl|move: Protect\n|move|p2b: Ninetales|Dazzling Gleam|p1b: Ogerpon|[spread] p1b\n|-activate|p1a: Garganacl|move: Protect\n|-damage|p1b: Ogerpon|78\/100\n|\n|-weather|Snow|[upkeep]\n|-damage|p2a: Iron Bundle|39\/100 psn|[from] psn\n|-damage|p2b: Ninetales|10\/100 psn|[from] psn\n|upkeep\n|turn|8\n|\n|t:|1700442560\n|move|p2a: Iron Bundle|Blizzard|p1a: Garganacl|[spread] p1a,p1b\n|-supereffective|p1b: Ogerpon\n|-damage|p1a: Garganacl|74\/100\n|-damage|p1b: Ogerpon|0 fnt\n|faint|p1b: Ogerpon\n|move|p2b: Ninetales|Blizzard|p1a: Garganacl\n|-damage|p1a: Garganacl|49\/100\n|move|p1a: Garganacl|Salt Cure|p2a: Iron Bundle\n|-supereffective|p2a: Iron Bundle\n|-damage|p2a: Iron Bundle|25\/100 psn\n|-start|p2a: Iron Bundle|Salt Cure\n|\n|-weather|Snow|[upkeep]\n|-heal|p1a: Garganacl|55\/100|[from] item: Leftovers\n|-damage|p2a: Iron Bundle|12\/100 psn|[from] psn\n|-damage|p2b: Ninetales|0 fnt|[from] psn\n|faint|p2b: Ninetales\n|-damage|p2a: Iron Bundle|0 fnt|[from] Salt Cure\n|faint|p2a: Iron Bundle\n|-end|p2a: Iron Bundle|Quark Drive|[silent]\n|upkeep\n|\n|t:|1700442589\n|switch|p2a: Iron Hands|Iron Hands|100\/100\n|switch|p1b: Tyranitar|Tyranitar, M, shiny|77\/100\n|switch|p2b: Cresselia|Cresselia, F|94\/100\n|-status|p2a: Iron Hands|tox\n|-weather|Sandstorm|[from] ability: Sand Stream|[of] p1b: Tyranitar\n|turn|9\n|\n|t:|1700442608\n|move|p1b: Tyranitar|Protect|p1b: Tyranitar\n|-singleturn|p1b: Tyranitar|Protect\n|move|p1a: Garganacl|Protect|p1a: Garganacl\n|-singleturn|p1a: Garganacl|Protect\n|move|p2b: Cresselia|Lunar Blessing|p2b: Cresselia|[spread] p2a,p2b\n|-curestatus|p2a: Iron Hands|tox|[msg]\n|-heal|p2b: Cresselia|100\/100\n|move|p2a: Iron Hands|Swords Dance|p2a: Iron Hands\n|-boost|p2a: Iron Hands|atk|2\n|\n|-weather|Sandstorm|[upkeep]\n|-damage|p2b: Cresselia|94\/100|[from] Sandstorm\n|-damage|p2a: Iron Hands|94\/100|[from] Sandstorm\n|-heal|p1a: Garganacl|61\/100|[from] item: Leftovers\n|upkeep\n|turn|10\n|\n|t:|1700442636\n|move|p2a: Iron Hands|Swords Dance|p2a: Iron Hands\n|-boost|p2a: Iron Hands|atk|2\n|move|p1b: Tyranitar|Knock Off|p2b: Cresselia\n|-supereffective|p2b: Cresselia\n|-damage|p2b: Cresselia|61\/100\n|-enditem|p2b: Cresselia|Mental Herb|[from] move: Knock Off|[of] p1b: Tyranitar\n|move|p1a: Garganacl|Salt Cure|p2a: Iron Hands\n|-resisted|p2a: Iron Hands\n|-crit|p2a: Iron Hands\n|-damage|p2a: Iron Hands|88\/100\n|-start|p2a: Iron Hands|Salt Cure\n|move|p2b: Cresselia|Trick Room|p2b: Cresselia\n|-fieldstart|move: Trick Room|[of] p2b: Cresselia\n|\n|-weather|Sandstorm|[upkeep]\n|-damage|p2a: Iron Hands|82\/100|[from] Sandstorm\n|-damage|p2b: Cresselia|55\/100|[from] Sandstorm\n|-heal|p1a: Garganacl|68\/100|[from] item: Leftovers\n|-damage|p2a: Iron Hands|69\/100|[from] Salt Cure\n|upkeep\n|turn|11\n|\n|t:|1700442654\n|move|p1a: Garganacl|Recover|p1a: Garganacl\n|-heal|p1a: Garganacl|100\/100\n|move|p1b: Tyranitar|Taunt|p2b: Cresselia\n|-start|p2b: Cresselia|move: Taunt\n|move|p2a: Iron Hands|Drain Punch|p1a: Garganacl\n|-supereffective|p1a: Garganacl\n|-damage|p1a: Garganacl|0 fnt\n|-heal|p2a: Iron Hands|100\/100|[from] drain|[of] p1a: Garganacl\n|faint|p1a: Garganacl\n|cant|p2b: Cresselia|move: Taunt|Lunar Blessing\n|\n|-weather|Sandstorm|[upkeep]\n|-damage|p2a: Iron Hands|94\/100|[from] Sandstorm\n|-damage|p2b: Cresselia|49\/100|[from] Sandstorm\n|-damage|p2a: Iron Hands|82\/100|[from] Salt Cure\n|upkeep\n|\n|t:|1700442664\n|switch|p1a: Houndstone|Houndstone, F, shiny|100\/100\n|turn|12\n|\n|t:|1700442679\n|-terastallize|p1a: Houndstone|Ghost\n|move|p1b: Tyranitar|Stealth Rock|p2a: Iron Hands\n|-sidestart|p2: C0SuMa|move: Stealth Rock\n|move|p2a: Iron Hands|Thunder Punch|p1a: Houndstone\n|-activate|p1a: Houndstone|item: Focus Band\n|-damage|p1a: Houndstone|1\/100\n|move|p2b: Cresselia|Icy Wind|p1b: Tyranitar|[spread] p1a,p1b\n|-crit|p1a: Houndstone\n|-damage|p1a: Houndstone|0 fnt\n|-damage|p1b: Tyranitar|73\/100\n|-unboost|p1b: Tyranitar|spe|1\n|faint|p1a: Houndstone\n|\n|-weather|Sandstorm|[upkeep]\n|-damage|p2a: Iron Hands|76\/100|[from] Sandstorm\n|-damage|p2b: Cresselia|43\/100|[from] Sandstorm\n|-damage|p2a: Iron Hands|64\/100|[from] Salt Cure\n|-sideend|p2: C0SuMa|move: Aurora Veil\n|upkeep\n|turn|13\n|-message|z0gre forfeited.\n|\n|win|C0SuMa\n|raw|z0gre's rating: 1478 &rarr; <strong>1452<\/strong><br \/>(-26 for losing)\n|raw|C0SuMa's rating: 1376 &rarr; <strong>1402<\/strong><br \/>(+26 for winning)\n|l|\u2606z0gre\n|c|\u2606C0SuMa|gg\n","uploadtime":1700442737,"views":3,"p1id":"z0gre","p2id":"c0suma","formatid":"gen9doublesou","rating":1402,"private":0,"password":""}