{"id":"gen9doublesou-1995083564","p1":"KarimEdiel","p2":"polona","format":"[Gen 9] Doubles OU","log":"|j|\u2606KarimEdiel\n|j|\u2606polona\n|t:|1700520723\n|gametype|doubles\n|player|p1|KarimEdiel|bugsy|1032\n|player|p2|polona|170|1134\n|teamsize|p1|6\n|teamsize|p2|6\n|gen|9\n|tier|[Gen 9] Doubles OU\n|rated|\n|rule|Species Clause: Limit one of each Pok\u00e9mon\n|rule|OHKO Clause: OHKO moves are banned\n|rule|Evasion Moves Clause: Evasion moves are banned\n|rule|Gravity Sleep Clause: The combination of sleep-inducing moves with imperfect accuracy and Gravity or Gigantamax Orbeetle are banned\n|rule|Endless Battle Clause: Forcing endless battles is banned\n|rule|HP Percentage Mod: HP is shown in percentages\n|clearpoke\n|poke|p1|Masquerain, M|\n|poke|p1|Jumpluff, F|\n|poke|p1|Bronzong|\n|poke|p1|Glimmora, M|\n|poke|p1|Kilowattrel, F|\n|poke|p1|Breloom, F|\n|poke|p2|Cyclizar, M|\n|poke|p2|Gholdengo|\n|poke|p2|Amoonguss, M|\n|poke|p2|Chien-Pao|\n|poke|p2|Murkrow, F|\n|poke|p2|Arcanine-Hisui, M|\n|teampreview\n|\n|t:|1700520733\n|start\n|switch|p1a: Bronzong|Bronzong|100\/100\n|switch|p1b: Jumpluff|Jumpluff, F|100\/100\n|switch|p2a: Cyclizar|Cyclizar, M|100\/100\n|switch|p2b: Murkrow|Murkrow, F|100\/100\n|turn|1\n|\n|t:|1700520753\n|move|p2b: Murkrow|Tailwind|p2b: Murkrow\n|-sidestart|p2: polona|move: Tailwind\n|move|p2a: Cyclizar|Shed Tail|p2a: Cyclizar\n|-start|p2a: Cyclizar|Substitute|[from] move: Shed Tail\n|-damage|p2a: Cyclizar|50\/100\n|\n|t:|1700520763\n|switch|p2a: Arcanine|Arcanine-Hisui, M|100\/100|[from] Shed Tail\n|move|p1b: Jumpluff|Leech Seed|p2a: Arcanine\n|-start|p2a: Arcanine|move: Leech Seed\n|move|p1a: Bronzong|Gyro Ball|p2b: Murkrow\n|-enditem|p2b: Murkrow|Focus Sash\n|-damage|p2b: Murkrow|1\/100\n|\n|-damage|p2a: Arcanine|88\/100|[from] Leech Seed|[of] p1b: Jumpluff\n|upkeep\n|turn|2\n|\n|t:|1700520799\n|-terastallize|p1b: Jumpluff|Rock\n|move|p2b: Murkrow|Taunt|p1a: Bronzong\n|-start|p1a: Bronzong|move: Taunt\n|move|p2a: Arcanine|Flare Blitz|p1b: Jumpluff\n|-resisted|p1b: Jumpluff\n|-damage|p1b: Jumpluff|47\/100\n|move|p1b: Jumpluff|Cotton Guard|p1b: Jumpluff\n|-boost|p1b: Jumpluff|def|3\n|cant|p1a: Bronzong|move: Taunt|Reflect\n|\n|-heal|p1b: Jumpluff|53\/100|[from] item: Leftovers\n|-damage|p2a: Arcanine|76\/100|[from] Leech Seed|[of] p1b: Jumpluff\n|-heal|p1b: Jumpluff|65\/100|[silent]\n|upkeep\n|turn|3\n|\n|t:|1700520814\n|-terastallize|p2a: Arcanine|Fire\n|move|p2b: Murkrow|Haze|p2b: Murkrow\n|-clearallboost\n|move|p2a: Arcanine|Flare Blitz|p1b: Jumpluff\n|-resisted|p1b: Jumpluff\n|-damage|p1b: Jumpluff|0 fnt\n|faint|p1b: Jumpluff\n|move|p1a: Bronzong|Gyro Ball|p2b: Murkrow\n|-damage|p2b: Murkrow|0 fnt\n|faint|p2b: Murkrow\n|\n|upkeep\n|\n|t:|1700520827\n|switch|p1b: Masquerain|Masquerain, M|100\/100\n|switch|p2b: Cyclizar|Cyclizar, M|83\/100\n|-ability|p1b: Masquerain|Intimidate|boost\n|-immune|p2a: Arcanine\n|-unboost|p2b: Cyclizar|atk|1\n|turn|4\n|\n|t:|1700520847\n|move|p2b: Cyclizar|Shed Tail|p2b: Cyclizar\n|-start|p2b: Cyclizar|Substitute|[from] move: Shed Tail\n|-damage|p2b: Cyclizar|33\/100\n|\n|t:|1700520853\n|switch|p2b: Chien-Pao|Chien-Pao|100\/100|[from] Shed Tail\n|-ability|p2b: Chien-Pao|Sword of Ruin\n|move|p2a: Arcanine|Flare Blitz|p1a: Bronzong\n|-supereffective|p1a: Bronzong\n|-damage|p1a: Bronzong|0 fnt\n|faint|p1a: Bronzong\n|move|p1b: Masquerain|Quiver Dance|p1b: Masquerain\n|-boost|p1b: Masquerain|spa|1\n|-boost|p1b: Masquerain|spd|1\n|-boost|p1b: Masquerain|spe|1\n|\n|-damage|p2a: Arcanine|63\/100|[from] Leech Seed|[of] p1b: Masquerain\n|-sideend|p2: polona|move: Tailwind\n|upkeep\n|\n|t:|1700520863\n|switch|p1a: Breloom|Breloom, F|100\/100\n|turn|5\n|\n|t:|1700520878\n|move|p1a: Breloom|Mach Punch|p2b: Chien-Pao\n|-supereffective|p2b: Chien-Pao\n|-end|p2b: Chien-Pao|Substitute\n|move|p2b: Chien-Pao|Ice Spinner|p1b: Masquerain\n|-supereffective|p1b: Masquerain\n|-enditem|p1b: Masquerain|Focus Sash\n|-damage|p1b: Masquerain|1\/100\n|move|p1b: Masquerain|Bug Buzz|p2b: Chien-Pao\n|-supereffective|p2b: Chien-Pao\n|-damage|p2b: Chien-Pao|0 fnt\n|faint|p2b: Chien-Pao\n|move|p2a: Arcanine|Flare Blitz|p1a: Breloom\n|-supereffective|p1a: Breloom\n|-damage|p1a: Breloom|0 fnt\n|faint|p1a: Breloom\n|\n|-damage|p2a: Arcanine|51\/100|[from] Leech Seed|[of] p1b: Masquerain\n|-heal|p1b: Masquerain|15\/100|[silent]\n|upkeep\n|\n|t:|1700520899\n|switch|p2b: Cyclizar|Cyclizar, M|66\/100\n|switch|p1a: Kilowattrel|Kilowattrel, F|100\/100\n|turn|6\n|\n|t:|1700520906\n|move|p2b: Cyclizar|Knock Off|p1b: Masquerain\n|-damage|p1b: Masquerain|0 fnt\n|faint|p1b: Masquerain\n|move|p1a: Kilowattrel|Charge Beam|p2b: Cyclizar\n|-resisted|p2b: Cyclizar\n|-damage|p2b: Cyclizar|46\/100\n|move|p2a: Arcanine|Flare Blitz|p1a: Kilowattrel\n|-damage|p1a: Kilowattrel|0 fnt\n|faint|p1a: Kilowattrel\n|\n|upkeep\n|-message|KarimEdiel forfeited.\n|l|\u2606KarimEdiel\n|player|p1|\n|\n|win|polona\n|raw|KarimEdiel's rating: 1032 &rarr; <strong>1021<\/strong><br \/>(-11 for losing)\n|raw|polona's rating: 1134 &rarr; <strong>1152<\/strong><br \/>(+18 for winning)\n","uploadtime":1700520915,"views":2,"p1id":"karimediel","p2id":"polona","formatid":"gen9doublesou","rating":1021,"private":0,"password":""}