{"id":"gen9doublesou-1981377843","p1":"deadlydirt","p2":"sgggggggs","format":"[Gen 9] Doubles OU","log":"|j|\u2606deadlydirt\n|j|\u2606sgggggggs\n|t:|1698889236\n|gametype|doubles\n|player|p1|deadlydirt|harlequin|1022\n|player|p2|sgggggggs|265|1000\n|teamsize|p1|6\n|teamsize|p2|6\n|gen|9\n|tier|[Gen 9] Doubles OU\n|rated|\n|rule|Species Clause: Limit one of each Pok\u00e9mon\n|rule|OHKO Clause: OHKO moves are banned\n|rule|Evasion Moves Clause: Evasion moves are banned\n|rule|Gravity Sleep Clause: The combination of sleep-inducing moves with imperfect accuracy and Gravity or Gigantamax Orbeetle are banned\n|rule|Endless Battle Clause: Forcing endless battles is banned\n|rule|HP Percentage Mod: HP is shown in percentages\n|clearpoke\n|poke|p1|Mienshao, M|\n|poke|p1|Amoonguss, M|\n|poke|p1|Gholdengo|\n|poke|p1|Dragonite, M|\n|poke|p1|Cyclizar, M|\n|poke|p1|Ludicolo, M|\n|poke|p2|Tornadus, M|\n|poke|p2|Dragonite, M|\n|poke|p2|Chien-Pao|\n|poke|p2|Scizor, M|\n|poke|p2|Clefable, M|\n|poke|p2|Amoonguss, M|\n|teampreview\n|inactive|Battle timer is ON: inactive players will automatically lose when time's up. (requested by deadlydirt)\n|\n|t:|1698889254\n|start\n|switch|p1a: Cyclizar|Cyclizar, M, shiny|100\/100\n|switch|p1b: Ludicolo|Ludicolo, M, shiny|100\/100\n|switch|p2a: Tornadus|Tornadus, M|100\/100\n|switch|p2b: Clefable|Clefable, M|100\/100\n|turn|1\n|\n|t:|1698889268\n|move|p2a: Tornadus|Taunt|p1a: Cyclizar\n|-start|p1a: Cyclizar|move: Taunt\n|cant|p1a: Cyclizar|move: Taunt|Shed Tail\n|move|p1b: Ludicolo|Leech Seed|p2a: Tornadus\n|-start|p2a: Tornadus|move: Leech Seed\n|move|p2b: Clefable|Light Screen|p2b: Clefable\n|-sidestart|p2: sgggggggs|move: Light Screen\n|\n|-damage|p2a: Tornadus|88\/100|[from] Leech Seed|[of] p1b: Ludicolo\n|upkeep\n|turn|2\n|\n|t:|1698889290\n|switch|p1a: Gholdengo|Gholdengo|100\/100\n|move|p1b: Ludicolo|Protect|p1b: Ludicolo\n|-singleturn|p1b: Ludicolo|Protect\n|move|p2a: Tornadus|Tailwind|p2a: Tornadus\n|-sidestart|p2: sgggggggs|move: Tailwind\n|move|p2b: Clefable|Moonblast|p1a: Gholdengo\n|-resisted|p1a: Gholdengo\n|-damage|p1a: Gholdengo|85\/100\n|\n|-heal|p2a: Tornadus|94\/100|[from] item: Leftovers\n|-damage|p2a: Tornadus|82\/100|[from] Leech Seed|[of] p1b: Ludicolo\n|upkeep\n|turn|3\n|inactive|sgggggggs has 120 seconds left.\n|\n|t:|1698889322\n|switch|p2b: Chien-Pao|Chien-Pao|100\/100\n|-ability|p2b: Chien-Pao|Sword of Ruin\n|move|p2a: Tornadus|Tailwind||[still]\n|-fail|p2a: Tornadus\n|move|p1a: Gholdengo|Make It Rain|p2a: Tornadus|[spread] p2a,p2b\n|-supereffective|p2b: Chien-Pao\n|-damage|p2a: Tornadus|52\/100\n|-damage|p2b: Chien-Pao|13\/100\n|-unboost|p1a: Gholdengo|spa|1\n|-enditem|p2b: Chien-Pao|Sitrus Berry|[eat]\n|-heal|p2b: Chien-Pao|38\/100|[from] item: Sitrus Berry\n|move|p1b: Ludicolo|Leech Seed|p2b: Chien-Pao\n|-start|p2b: Chien-Pao|move: Leech Seed\n|\n|-heal|p2a: Tornadus|59\/100|[from] item: Leftovers\n|-damage|p2b: Chien-Pao|26\/100|[from] Leech Seed|[of] p1b: Ludicolo\n|-damage|p2a: Tornadus|46\/100|[from] Leech Seed|[of] p1b: Ludicolo\n|upkeep\n|turn|4\n|\n|t:|1698889348\n|switch|p2b: Amoonguss|Amoonguss, M|100\/100\n|switch|p2a: Scizor|Scizor, M|100\/100\n|switch|p1a: Amoonguss|Amoonguss, M|100\/100\n|move|p1b: Ludicolo|Protect||[still]\n|-fail|p1b: Ludicolo\n|\n|upkeep\n|turn|5\n|\n|t:|1698889364\n|move|p2b: Amoonguss|Rage Powder|p2b: Amoonguss\n|-singleturn|p2b: Amoonguss|move: Rage Powder\n|move|p2a: Scizor|U-turn|p1a: Amoonguss\n|-damage|p1a: Amoonguss|65\/100\n|-damage|p2a: Scizor|91\/100|[from] item: Life Orb\n|\n|t:|1698889369\n|switch|p2a: Dragonite|Dragonite, M|100\/100|[from] U-turn\n|move|p1b: Ludicolo|Leech Seed|p2a: Dragonite\n|-start|p2a: Dragonite|move: Leech Seed\n|move|p1a: Amoonguss|Spore|p2a: Dragonite\n|-status|p2a: Dragonite|slp|[from] move: Spore\n|\n|-heal|p1a: Amoonguss|72\/100|[from] item: Black Sludge\n|-damage|p2a: Dragonite|88\/100 slp|[from] Leech Seed|[of] p1b: Ludicolo\n|-sideend|p2: sgggggggs|move: Tailwind\n|upkeep\n|turn|6\n|-message|sgggggggs forfeited.\n|\n|win|deadlydirt\n|raw|deadlydirt's rating: 1022 &rarr; <strong>1056<\/strong><br \/>(+34 for winning)\n|raw|sgggggggs's rating: 1000 &rarr; <strong>1000<\/strong><br \/>(+0 for losing)\n|l|\u2606sgggggggs\n","uploadtime":1698889388,"views":25,"p1id":"deadlydirt","p2id":"sgggggggs","formatid":"gen9doublesou","rating":1000,"private":0,"password":""}