{"id":"gen9doublesou-1972798244","p1":"edgypunishment","p2":"Bell of the Air","format":"[Gen 9] Doubles OU","log":"|j|\u2606edgypunishment\n|j|\u2606Bell of the Air\n|t:|1697896390\n|gametype|doubles\n|player|p1|edgypunishment|265|1304\n|player|p2|Bell of the Air|caitlin|1302\n|teamsize|p1|6\n|teamsize|p2|6\n|gen|9\n|tier|[Gen 9] Doubles OU\n|rated|\n|rule|Species Clause: Limit one of each Pok\u00e9mon\n|rule|OHKO Clause: OHKO moves are banned\n|rule|Evasion Moves Clause: Evasion moves are banned\n|rule|Gravity Sleep Clause: The combination of sleep-inducing moves with imperfect accuracy and Gravity or Gigantamax Orbeetle are banned\n|rule|Endless Battle Clause: Forcing endless battles is banned\n|rule|HP Percentage Mod: HP is shown in percentages\n|clearpoke\n|poke|p1|Mabosstiff, F|\n|poke|p1|Grimmsnarl, M|\n|poke|p1|Kingambit, F|\n|poke|p1|Iron Jugulis|\n|poke|p1|Sableye, F|\n|poke|p1|Overqwil, M|\n|poke|p2|Amoonguss, M|\n|poke|p2|Flutter Mane|\n|poke|p2|Garganacl, M|\n|poke|p2|Lilligant-Hisui, F|\n|poke|p2|Torkoal, F|\n|poke|p2|Diancie|\n|teampreview\n|inactive|Battle timer is ON: inactive players will automatically lose when time's up. (requested by edgypunishment)\n|\n|t:|1697896413\n|start\n|switch|p1a: Mabosstiff|Mabosstiff, F|100\/100\n|switch|p1b: Grimmsnarl|Grimmsnarl, M|100\/100\n|switch|p2a: Leaf lady|Lilligant-Hisui, F|100\/100\n|switch|p2b: The turtle|Torkoal, F|100\/100\n|-weather|SunnyDay|[from] ability: Drought|[of] p2b: The turtle\n|turn|1\n|c|\u2606Bell of the Air|The dark squad\n|inactive|Bell of the Air has 120 seconds left.\n|\n|t:|1697896445\n|move|p1b: Grimmsnarl|Reflect|p1b: Grimmsnarl\n|-sidestart|p1: edgypunishment|Reflect\n|move|p2a: Leaf lady|Axe Kick|p1b: Grimmsnarl|[miss]\n|-miss|p2a: Leaf lady|p1b: Grimmsnarl\n|-damage|p2a: Leaf lady|51\/100|[from] highjumpkick\n|move|p1a: Mabosstiff|Fire Fang|p2a: Leaf lady\n|-supereffective|p2a: Leaf lady\n|-damage|p2a: Leaf lady|0 fnt\n|faint|p2a: Leaf lady\n|move|p2b: The turtle|Shell Smash|p2b: The turtle\n|-unboost|p2b: The turtle|def|1\n|-unboost|p2b: The turtle|spd|1\n|-boost|p2b: The turtle|atk|2\n|-boost|p2b: The turtle|spa|2\n|-boost|p2b: The turtle|spe|2\n|-enditem|p2b: The turtle|White Herb\n|-clearnegativeboost|p2b: The turtle|[silent]\n|\n|-weather|SunnyDay|[upkeep]\n|upkeep\n|inactive|Bell of the Air has 120 seconds left.\n|\n|t:|1697896464\n|switch|p2a: Booterfly|Flutter Mane|100\/100\n|-activate|p2a: Booterfly|ability: Protosynthesis\n|-start|p2a: Booterfly|protosynthesisspe\n|turn|2\n|\n|t:|1697896486\n|move|p1b: Grimmsnarl|Light Screen|p1b: Grimmsnarl\n|-sidestart|p1: edgypunishment|move: Light Screen\n|move|p2a: Booterfly|Moonblast|p1a: Mabosstiff\n|-supereffective|p1a: Mabosstiff\n|-damage|p1a: Mabosstiff|33\/100\n|move|p2b: The turtle|Eruption|p1a: Mabosstiff|[spread] p1a,p1b\n|-damage|p1a: Mabosstiff|0 fnt\n|-damage|p1b: Grimmsnarl|0 fnt\n|faint|p1a: Mabosstiff\n|faint|p1b: Grimmsnarl\n|\n|-weather|SunnyDay|[upkeep]\n|upkeep\n|inactive|edgypunishment has 120 seconds left.\n|\n|t:|1697896522\n|switch|p1a: Sableye|Sableye, F|100\/100\n|switch|p1b: Overqwil|Overqwil, M|100\/100\n|-item|p1b: Overqwil|Air Balloon\n|turn|3\n|inactive|edgypunishment has 120 seconds left.\n|\n|t:|1697896546\n|move|p2b: The turtle|Protect|p2b: The turtle\n|-singleturn|p2b: The turtle|Protect\n|move|p1a: Sableye|Disable|p2b: The turtle\n|-activate|p2b: The turtle|move: Protect\n|move|p2a: Booterfly|Moonblast|p1a: Sableye\n|-supereffective|p1a: Sableye\n|-damage|p1a: Sableye|14\/100\n|-unboost|p1a: Sableye|spa|1\n|move|p1b: Overqwil|Crunch|p2a: Booterfly\n|-damage|p2a: Booterfly|16\/100\n|\n|-weather|SunnyDay|[upkeep]\n|upkeep\n|turn|4\n|inactive|edgypunishment has 120 seconds left.\n|\n|t:|1697896573\n|move|p1a: Sableye|Quash|p2b: The turtle\n|-activate|p2b: The turtle|move: Quash\n|move|p2a: Booterfly|Moonblast|p1a: Sableye\n|-supereffective|p1a: Sableye\n|-damage|p1a: Sableye|0 fnt\n|faint|p1a: Sableye\n|move|p1b: Overqwil|Crunch|p2a: Booterfly\n|-crit|p2a: Booterfly\n|-damage|p2a: Booterfly|0 fnt\n|faint|p2a: Booterfly\n|-end|p2a: Booterfly|Protosynthesis|[silent]\n|move|p2b: The turtle|Eruption|p1b: Overqwil\n|-damage|p1b: Overqwil|0 fnt\n|-enditem|p1b: Overqwil|Air Balloon\n|faint|p1b: Overqwil\n|\n|-weather|SunnyDay|[upkeep]\n|upkeep\n|inactive|edgypunishment has 120 seconds left.\n|\n|t:|1697896597\n|switch|p2a: Melee player|Garganacl, M|100\/100\n|switch|p1b: Iron Jugulis|Iron Jugulis|100\/100\n|switch|p1a: Kingambit|Kingambit, F|100\/100\n|-activate|p1a: Kingambit|ability: Supreme Overlord\n|-start|p1a: Kingambit|fallen4|[silent]\n|-enditem|p1b: Iron Jugulis|Booster Energy\n|-activate|p1b: Iron Jugulis|ability: Quark Drive|[fromitem]\n|-start|p1b: Iron Jugulis|quarkdrivespa\n|turn|5\n|\n|t:|1697896620\n|-terastallize|p1a: Kingambit|Dark\n|move|p1a: Kingambit|Sucker Punch|p2b: The turtle\n|-damage|p2b: The turtle|24\/100\n|move|p2b: The turtle|Eruption|p1b: Iron Jugulis|[spread] p1a,p1b\n|-crit|p1a: Kingambit\n|-damage|p1a: Kingambit|59\/100\n|-damage|p1b: Iron Jugulis|77\/100\n|move|p1b: Iron Jugulis|Flash Cannon|p2a: Melee player\n|-supereffective|p2a: Melee player\n|-damage|p2a: Melee player|36\/100\n|move|p2a: Melee player|Salt Cure|p1a: Kingambit\n|-damage|p1a: Kingambit|49\/100\n|-start|p1a: Kingambit|Salt Cure\n|\n|-weather|none\n|-heal|p1a: Kingambit|55\/100|[from] item: Leftovers\n|-heal|p2a: Melee player|42\/100|[from] item: Leftovers\n|-damage|p1a: Kingambit|43\/100|[from] Salt Cure\n|upkeep\n|turn|6\n|inactive|edgypunishment has 120 seconds left.\n|inactive|Bell of the Air has 120 seconds left.\n|\n|t:|1697896676\n|switch|p2b: Mogus|Amoonguss, M|100\/100\n|move|p1a: Kingambit|Sucker Punch||[still]\n|-fail|p1a: Kingambit\n|move|p1b: Iron Jugulis|Flash Cannon|p2a: Melee player\n|-supereffective|p2a: Melee player\n|-damage|p2a: Melee player|0 fnt\n|faint|p2a: Melee player\n|\n|-heal|p1a: Kingambit|49\/100|[from] item: Leftovers\n|-damage|p1a: Kingambit|37\/100|[from] Salt Cure\n|upkeep\n|inactive|Bell of the Air has 120 seconds left.\n|\n|t:|1697896690\n|switch|p2a: Diantha|Diancie|100\/100\n|turn|7\n|inactive|edgypunishment has 120 seconds left.\n|\n|t:|1697896701\n|move|p2b: Mogus|Rage Powder|p2b: Mogus\n|-singleturn|p2b: Mogus|move: Rage Powder\n|move|p1b: Iron Jugulis|Air Slash|p2b: Mogus\n|-supereffective|p2b: Mogus\n|-damage|p2b: Mogus|0 fnt\n|faint|p2b: Mogus\n|move|p1a: Kingambit|Iron Head|p2a: Diantha\n|-supereffective|p2a: Diantha\n|-damage|p2a: Diantha|0 fnt\n|faint|p2a: Diantha\n|\n|-heal|p1a: Kingambit|43\/100|[from] item: Leftovers\n|-damage|p1a: Kingambit|31\/100|[from] Salt Cure\n|upkeep\n|c|\u2606Bell of the Air|Yeesh\n|c|\u2606Bell of the Air|Well gg i lose lol\n|inactive|Bell of the Air has 120 seconds left.\n|\n|t:|1697896721\n|switch|p2a: The turtle|Torkoal, F|24\/100\n|-weather|SunnyDay|[from] ability: Drought|[of] p2a: The turtle\n|turn|8\n|c|\u2606edgypunishment|gg\n|\n|t:|1697896734\n|-terastallize|p2a: The turtle|Fire\n|move|p1b: Iron Jugulis|Dark Pulse|p2a: The turtle\n|-damage|p2a: The turtle|0 fnt\n|faint|p2a: The turtle\n|\n|win|edgypunishment\n|raw|edgypunishment's rating: 1304 &rarr; <strong>1324<\/strong><br \/>(+20 for winning)\n|raw|Bell of the Air's rating: 1302 &rarr; <strong>1282<\/strong><br \/>(-20 for losing)\n|l|\u2606Bell of the Air\n","uploadtime":1697896743,"views":12,"p1id":"edgypunishment","p2id":"belloftheair","formatid":"gen9doublesou","rating":1282,"private":0,"password":""}