{"id":"gen9doublesou-1971976573","p1":"Neonact","p2":"cgtuh.ocgoj\u201dfyxtg9","format":"[Gen 9] Doubles OU","log":"|j|\u2606Neonact\n|j|\u2606cgtuh.ocgoj\u201dfyxtg9\n|t:|1697800312\n|gametype|doubles\n|player|p1|Neonact|266|1189\n|player|p2|cgtuh.ocgoj\u201dfyxtg9|101|1168\n|teamsize|p1|6\n|teamsize|p2|6\n|gen|9\n|tier|[Gen 9] Doubles OU\n|rated|\n|rule|Species Clause: Limit one of each Pok\u00e9mon\n|rule|OHKO Clause: OHKO moves are banned\n|rule|Evasion Moves Clause: Evasion moves are banned\n|rule|Gravity Sleep Clause: The combination of sleep-inducing moves with imperfect accuracy and Gravity or Gigantamax Orbeetle are banned\n|rule|Endless Battle Clause: Forcing endless battles is banned\n|rule|HP Percentage Mod: HP is shown in percentages\n|clearpoke\n|poke|p1|Ogerpon-Wellspring, F|\n|poke|p1|Pelipper, F|\n|poke|p1|Meowscarada, F|\n|poke|p1|Empoleon, F|\n|poke|p1|Landorus, M|\n|poke|p1|Rillaboom, M|\n|poke|p2|Talonflame, F|\n|poke|p2|Meowscarada, F|\n|poke|p2|Shiftry, M|\n|poke|p2|Dragonite, M|\n|poke|p2|Ribombee, F|\n|poke|p2|Brambleghast, M|\n|teampreview\n|\n|t:|1697800341\n|start\n|switch|p1a: Landorus|Landorus, M|100\/100\n|switch|p1b: Pelipper|Pelipper, F|100\/100\n|switch|p2a: Talonflame|Talonflame, F|100\/100\n|switch|p2b: Shiftry|Shiftry, M|100\/100\n|-weather|RainDance|[from] ability: Drizzle|[of] p1b: Pelipper\n|turn|1\n|\n|t:|1697800356\n|move|p2a: Talonflame|Tailwind|p2a: Talonflame\n|-sidestart|p2: cgtuh.ocgoj\u201dfyxtg9|move: Tailwind\n|-ability|p2b: Shiftry|Wind Rider|boost\n|-boost|p2b: Shiftry|atk|1\n|move|p2b: Shiftry|Rock Slide|p1b: Pelipper|[spread] p1a,p1b\n|-supereffective|p1b: Pelipper\n|-damage|p1a: Landorus|70\/100\n|-damage|p1b: Pelipper|22\/100\n|move|p1a: Landorus|Sandsear Storm|p2b: Shiftry|[spread] \n|-ability|p2b: Shiftry|Wind Rider|boost\n|-boost|p2b: Shiftry|atk|1\n|-immune|p2a: Talonflame\n|move|p1b: Pelipper|Weather Ball|p2a: Talonflame\n|-supereffective|p2a: Talonflame\n|-damage|p2a: Talonflame|0 fnt\n|faint|p2a: Talonflame\n|\n|-weather|RainDance|[upkeep]\n|upkeep\n|\n|t:|1697800376\n|switch|p2a: Brambleghast|Brambleghast, M|100\/100\n|-ability|p2a: Brambleghast|Wind Rider|boost\n|-boost|p2a: Brambleghast|atk|1\n|turn|2\n|\n|t:|1697800393\n|move|p1a: Landorus|Protect|p1a: Landorus\n|-singleturn|p1a: Landorus|Protect\n|move|p2a: Brambleghast|Poltergeist|p1a: Landorus\n|-activate|p1a: Landorus|move: Protect\n|move|p2b: Shiftry|Rock Slide|p1a: Landorus|[spread] p1b\n|-activate|p1a: Landorus|move: Protect\n|-supereffective|p1b: Pelipper\n|-damage|p1b: Pelipper|0 fnt\n|faint|p1b: Pelipper\n|\n|-weather|RainDance|[upkeep]\n|upkeep\n|\n|t:|1697800423\n|switch|p1b: Rillaboom|Rillaboom, M|100\/100\n|-fieldstart|move: Grassy Terrain|[from] ability: Grassy Surge|[of] p1b: Rillaboom\n|turn|3\n|\n|t:|1697800439\n|-terastallize|p1b: Rillaboom|Fire\n|move|p2a: Brambleghast|Poltergeist|p1b: Rillaboom\n|-activate|p1b: Rillaboom|move: Poltergeist|Miracle Seed\n|-damage|p1b: Rillaboom|30\/100\n|move|p2b: Shiftry|Rock Slide|p1b: Rillaboom|[spread] p1a,p1b\n|-supereffective|p1b: Rillaboom\n|-damage|p1a: Landorus|29\/100\n|-damage|p1b: Rillaboom|0 fnt\n|faint|p1b: Rillaboom\n|move|p1a: Landorus|Sludge Bomb|p2a: Brambleghast\n|-damage|p2a: Brambleghast|15\/100\n|\n|-weather|RainDance|[upkeep]\n|-heal|p2a: Brambleghast|21\/100|[from] Grassy Terrain\n|upkeep\n|\n|t:|1697800454\n|switch|p1b: Ogerpon|Ogerpon-Wellspring, F|100\/100\n|turn|4\n|\n|t:|1697800462\n|move|p2a: Brambleghast|Power Whip|p1b: Ogerpon\n|-damage|p1b: Ogerpon|0 fnt\n|faint|p1b: Ogerpon\n|move|p2b: Shiftry|Rock Slide|p1a: Landorus\n|-damage|p1a: Landorus|0 fnt\n|faint|p1a: Landorus\n|\n|-weather|RainDance|[upkeep]\n|-heal|p2a: Brambleghast|27\/100|[from] Grassy Terrain\n|-sideend|p2: cgtuh.ocgoj\u201dfyxtg9|move: Tailwind\n|upkeep\n|\n|t:|1697800471\n|switch|p1a: Empoleon|Empoleon, F|100\/100\n|switch|p1b: Meowscarada|Meowscarada, F|100\/100\n|turn|5\n|\n|t:|1697800482\n|move|p1b: Meowscarada|Grass Pledge|p2b: Shiftry\n|-waiting|p1b: Meowscarada|p1a: Empoleon\n|move|p1a: Empoleon|Water Pledge|p2a: Brambleghast|[from]move: Grass Pledge\n|-combine\n|-resisted|p2a: Brambleghast\n|-damage|p2a: Brambleghast|0 fnt\n|-sidestart|p2: cgtuh.ocgoj\u201dfyxtg9|Grass Pledge\n|faint|p2a: Brambleghast\n|move|p2b: Shiftry|Brick Break|p1a: Empoleon\n|-supereffective|p1a: Empoleon\n|-damage|p1a: Empoleon|0 fnt\n|faint|p1a: Empoleon\n|\n|-weather|RainDance|[upkeep]\n|upkeep\n|\n|t:|1697800497\n|switch|p2a: Ribombee|Ribombee, F|100\/100\n|turn|6\n|\n|t:|1697800507\n|move|p1b: Meowscarada|Grass Pledge|p2a: Ribombee\n|-resisted|p2a: Ribombee\n|-damage|p2a: Ribombee|80\/100\n|move|p2a: Ribombee|Pollen Puff|p2b: Shiftry\n|-immune|p2b: Shiftry\n|move|p2b: Shiftry|Brick Break|p1b: Meowscarada\n|-supereffective|p1b: Meowscarada\n|-enditem|p1b: Meowscarada|Focus Sash\n|-damage|p1b: Meowscarada|1\/100\n|\n|-weather|RainDance|[upkeep]\n|-heal|p1b: Meowscarada|7\/100|[from] Grassy Terrain\n|-heal|p2a: Ribombee|86\/100|[from] Grassy Terrain\n|upkeep\n|turn|7\n|\n|t:|1697800525\n|move|p1b: Meowscarada|Knock Off|p2b: Shiftry\n|-resisted|p2b: Shiftry\n|-damage|p2b: Shiftry|66\/100\n|-enditem|p2b: Shiftry|Expert Belt|[from] move: Knock Off|[of] p1b: Meowscarada\n|move|p2a: Ribombee|Pollen Puff|p1b: Meowscarada\n|-supereffective|p1b: Meowscarada\n|-damage|p1b: Meowscarada|0 fnt\n|faint|p1b: Meowscarada\n|\n|win|cgtuh.ocgoj\u201dfyxtg9\n|raw|Neonact's rating: 1189 &rarr; <strong>1162<\/strong><br \/>(-27 for losing)\n|raw|cgtuh.ocgoj\u201dfyxtg9's rating: 1168 &rarr; <strong>1195<\/strong><br \/>(+27 for winning)\n|l|\u2606Neonact\n","uploadtime":1697800746,"views":18,"p1id":"neonact","p2id":"cgtuhocgojfyxtg9","formatid":"gen9doublesou","rating":1162,"private":0,"password":""}