{"id":"gen9doublesou-1976184951","p1":"SXD2002","p2":"iajhdawd","format":"[Gen 9] Doubles OU","log":"|j|\u2606SXD2002\n|j|\u2606iajhdawd\n|t:|1698271490\n|gametype|doubles\n|player|p1|SXD2002|silver-masters|1058\n|player|p2|iajhdawd|265|1000\n|teamsize|p1|6\n|teamsize|p2|6\n|gen|9\n|tier|[Gen 9] Doubles OU\n|rated|\n|rule|Species Clause: Limit one of each Pok\u00e9mon\n|rule|OHKO Clause: OHKO moves are banned\n|rule|Evasion Moves Clause: Evasion moves are banned\n|rule|Gravity Sleep Clause: The combination of sleep-inducing moves with imperfect accuracy and Gravity or Gigantamax Orbeetle are banned\n|rule|Endless Battle Clause: Forcing endless battles is banned\n|rule|HP Percentage Mod: HP is shown in percentages\n|clearpoke\n|poke|p1|Lurantis, M|\n|poke|p1|Murkrow, M|\n|poke|p1|Grimmsnarl, M|\n|poke|p1|Clefairy, F|\n|poke|p1|Talonflame, F|\n|poke|p1|Espeon, F|\n|poke|p2|Slaking, F|\n|poke|p2|Gengar, M|\n|poke|p2|Ludicolo, M|\n|poke|p2|Gastrodon, F|\n|poke|p2|Jirachi|\n|poke|p2|Moltres|\n|teampreview\n|inactive|Battle timer is ON: inactive players will automatically lose when time's up. (requested by SXD2002)\n|\n|t:|1698271511\n|start\n|switch|p1a: Murkrow|Murkrow, M|100\/100\n|switch|p1b: Lurantis|Lurantis, M|100\/100\n|switch|p2a: Gastrodon|Gastrodon, F|100\/100\n|switch|p2b: Slaking|Slaking, F|100\/100\n|turn|1\n|\n|t:|1698271535\n|move|p1b: Lurantis|Protect|p1b: Lurantis\n|-singleturn|p1b: Lurantis|Protect\n|move|p1a: Murkrow|Feather Dance|p2b: Slaking\n|-unboost|p2b: Slaking|atk|2\n|move|p2b: Slaking|Ice Punch|p1b: Lurantis\n|-activate|p1b: Lurantis|move: Protect\n|move|p2a: Gastrodon|Yawn|p1b: Lurantis\n|-activate|p1b: Lurantis|move: Protect\n|\n|upkeep\n|turn|2\n|\n|t:|1698271558\n|move|p1a: Murkrow|Feather Dance|p1b: Lurantis\n|-boost|p1b: Lurantis|atk|2\n|cant|p2b: Slaking|ability: Truant\n|move|p2a: Gastrodon|Yawn|p1a: Murkrow\n|-start|p1a: Murkrow|move: Yawn|[of] p2a: Gastrodon\n|move|p1b: Lurantis|Leaf Storm|p2a: Gastrodon\n|-supereffective|p2a: Gastrodon\n|-damage|p2a: Gastrodon|0 fnt\n|-boost|p1b: Lurantis|spa|2\n|faint|p2a: Gastrodon\n|\n|upkeep\n|inactive|iajhdawd has 120 seconds left.\n|\n|t:|1698271573\n|switch|p2a: Moltres|Moltres|100\/100\n|-ability|p2a: Moltres|Pressure\n|turn|3\n|\n|t:|1698271588\n|switch|p1a: Grimmsnarl|Grimmsnarl, M|100\/100\n|move|p1b: Lurantis|Protect|p1b: Lurantis\n|-singleturn|p1b: Lurantis|Protect\n|move|p2a: Moltres|Substitute|p2a: Moltres\n|-start|p2a: Moltres|Substitute\n|-damage|p2a: Moltres|76\/100\n|move|p2b: Slaking|Ice Punch|p1b: Lurantis\n|-activate|p1b: Lurantis|move: Protect\n|\n|upkeep\n|turn|4\n|\n|t:|1698271607\n|-terastallize|p1b: Lurantis|Steel\n|move|p1a: Grimmsnarl|Fake Tears|p1b: Lurantis\n|-boost|p1b: Lurantis|spd|2\n|move|p2a: Moltres|Fire Blast|p1b: Lurantis\n|-supereffective|p1b: Lurantis\n|-damage|p1b: Lurantis|46\/100\n|-damage|p2a: Moltres|66\/100|[from] item: Life Orb\n|cant|p2b: Slaking|ability: Truant\n|move|p1b: Lurantis|Superpower|p2b: Slaking\n|-supereffective|p2b: Slaking\n|-damage|p2b: Slaking|25\/100\n|-boost|p1b: Lurantis|atk|1\n|-boost|p1b: Lurantis|def|1\n|\n|-heal|p1b: Lurantis|52\/100|[from] item: Leftovers\n|upkeep\n|turn|5\n|\n|t:|1698271634\n|switch|p2b: Jirachi|Jirachi|100\/100\n|move|p1b: Lurantis|Protect|p1b: Lurantis\n|-singleturn|p1b: Lurantis|Protect\n|move|p1a: Grimmsnarl|Parting Shot|p2b: Jirachi\n|-unboost|p2b: Jirachi|atk|1\n|-unboost|p2b: Jirachi|spa|1\n|\n|t:|1698271643\n|switch|p1a: Murkrow|Murkrow, M|100\/100|[from] Parting Shot\n|move|p2a: Moltres|Hurricane|p1a: Murkrow\n|-damage|p1a: Murkrow|40\/100\n|-damage|p2a: Moltres|56\/100|[from] item: Life Orb\n|\n|-heal|p1b: Lurantis|58\/100|[from] item: Leftovers\n|upkeep\n|turn|6\n|\n|t:|1698271658\n|move|p2b: Jirachi|Healing Wish|p2b: Jirachi\n|faint|p2b: Jirachi\n|move|p2a: Moltres|Hurricane|p1a: Murkrow\n|-damage|p1a: Murkrow|0 fnt\n|faint|p1a: Murkrow\n|-damage|p2a: Moltres|46\/100|[from] item: Life Orb\n|move|p1b: Lurantis|Superpower|p2a: Moltres\n|-resisted|p2a: Moltres\n|-end|p2a: Moltres|Substitute\n|-boost|p1b: Lurantis|atk|1\n|-boost|p1b: Lurantis|def|1\n|\n|-heal|p1b: Lurantis|64\/100|[from] item: Leftovers\n|upkeep\n|\n|t:|1698271681\n|switch|p2b: Slaking|Slaking, F|25\/100\n|switch|p1a: Talonflame|Talonflame, F|100\/100\n|-heal|p2b: Slaking|100\/100|[from] move: Healing Wish\n|turn|7\n|\n|t:|1698271701\n|move|p1a: Talonflame|Defog|p1b: Lurantis\n|-boost|p1b: Lurantis|evasion|1\n|move|p2a: Moltres|Hurricane|p1a: Talonflame\n|-damage|p1a: Talonflame|6\/100\n|-damage|p2a: Moltres|36\/100|[from] item: Life Orb\n|move|p2b: Slaking|Bulk Up|p2b: Slaking\n|-boost|p2b: Slaking|atk|1\n|-boost|p2b: Slaking|def|1\n|move|p1b: Lurantis|Superpower|p2a: Moltres\n|-resisted|p2a: Moltres\n|-damage|p2a: Moltres|0 fnt\n|-boost|p1b: Lurantis|atk|1\n|-boost|p1b: Lurantis|def|1\n|faint|p2a: Moltres\n|\n|-heal|p1b: Lurantis|70\/100|[from] item: Leftovers\n|upkeep\n|\n|t:|1698271716\n|switch|p2a: Ludicolo|Ludicolo, M, shiny|100\/100\n|turn|8\n|\n|t:|1698271725\n|move|p1a: Talonflame|Defog|p1b: Lurantis\n|-boost|p1b: Lurantis|evasion|1\n|move|p2a: Ludicolo|Rain Dance|p2a: Ludicolo\n|-weather|RainDance\n|cant|p2b: Slaking|ability: Truant\n|move|p1b: Lurantis|Leech Life|p2a: Ludicolo\n|-supereffective|p2a: Ludicolo\n|-enditem|p2a: Ludicolo|Focus Sash\n|-damage|p2a: Ludicolo|1\/100\n|-heal|p1b: Lurantis|100\/100|[from] drain|[of] p2a: Ludicolo\n|\n|-weather|RainDance|[upkeep]\n|-heal|p2a: Ludicolo|7\/100|[from] ability: Rain Dish\n|upkeep\n|turn|9\n|\n|t:|1698271754\n|-terastallize|p2b: Slaking|Normal\n|move|p1a: Talonflame|Defog|p1b: Lurantis\n|-boost|p1b: Lurantis|evasion|1\n|move|p2a: Ludicolo|Waterfall|p1b: Lurantis\n|-damage|p1b: Lurantis|86\/100\n|move|p2b: Slaking|Bulk Up|p2b: Slaking\n|-boost|p2b: Slaking|atk|1\n|-boost|p2b: Slaking|def|1\n|move|p1b: Lurantis|Superpower|p2b: Slaking\n|-supereffective|p2b: Slaking\n|-damage|p2b: Slaking|30\/100\n|-boost|p1b: Lurantis|atk|1\n|-boost|p1b: Lurantis|def|1\n|\n|-weather|RainDance|[upkeep]\n|-heal|p2a: Ludicolo|13\/100|[from] ability: Rain Dish\n|-heal|p1b: Lurantis|92\/100|[from] item: Leftovers\n|upkeep\n|turn|10\n|\n|t:|1698271777\n|switch|p2b: Gengar|Gengar, M|100\/100\n|move|p1a: Talonflame|Defog|p1b: Lurantis\n|-boost|p1b: Lurantis|evasion|1\n|move|p2a: Ludicolo|Waterfall|p1a: Talonflame\n|-supereffective|p1a: Talonflame\n|-crit|p1a: Talonflame\n|-damage|p1a: Talonflame|0 fnt\n|faint|p1a: Talonflame\n|move|p1b: Lurantis|Leaf Storm|p2b: Gengar|[miss]\n|-miss|p1b: Lurantis|p2b: Gengar\n|\n|-weather|RainDance|[upkeep]\n|-heal|p2a: Ludicolo|20\/100|[from] ability: Rain Dish\n|-heal|p1b: Lurantis|98\/100|[from] item: Leftovers\n|upkeep\n|\n|t:|1698271789\n|switch|p1a: Espeon|Espeon, F|100\/100\n|turn|11\n|\n|t:|1698271807\n|move|p2b: Gengar|Thunder|p1b: Lurantis\n|-damage|p1b: Lurantis|86\/100\n|move|p1a: Espeon|Psych Up|p1b: Lurantis\n|-copyboost|p1a: Espeon|p1b: Lurantis|[from] move: Psych Up\n|move|p2a: Ludicolo|Waterfall|p1a: Espeon|[miss]\n|-miss|p2a: Ludicolo|p1a: Espeon\n|move|p1b: Lurantis|Leaf Storm|p2b: Gengar|[miss]\n|-miss|p1b: Lurantis|p2b: Gengar\n|\n|-weather|RainDance|[upkeep]\n|-heal|p2a: Ludicolo|26\/100|[from] ability: Rain Dish\n|-heal|p1b: Lurantis|92\/100|[from] item: Leftovers\n|upkeep\n|turn|12\n|\n|t:|1698271828\n|move|p2b: Gengar|Thunder|p1a: Espeon\n|-damage|p1a: Espeon|78\/100\n|move|p1a: Espeon|Stored Power|p2b: Gengar\n|-supereffective|p2b: Gengar\n|-damage|p2b: Gengar|0 fnt\n|-start|p1a: Espeon|Disable|Stored Power|[from] ability: Cursed Body|[of] p2b: Gengar\n|faint|p2b: Gengar\n|move|p2a: Ludicolo|Waterfall|p1a: Espeon\n|-damage|p1a: Espeon|57\/100\n|move|p1b: Lurantis|Leech Life|p2a: Ludicolo\n|-supereffective|p2a: Ludicolo\n|-damage|p2a: Ludicolo|0 fnt\n|-heal|p1b: Lurantis|100\/100|[from] drain|[of] p2a: Ludicolo\n|faint|p2a: Ludicolo\n|\n|-weather|none\n|-heal|p1a: Espeon|63\/100|[from] item: Leftovers\n|upkeep\n|inactive|iajhdawd has 120 seconds left.\n|-message|iajhdawd forfeited.\n|\n|win|SXD2002\n|raw|SXD2002's rating: 1058 &rarr; <strong>1084<\/strong><br \/>(+26 for winning)\n|raw|iajhdawd's rating: 1000 &rarr; <strong>1000<\/strong><br \/>(+0 for losing)\n|l|\u2606iajhdawd\n","uploadtime":1698271857,"views":14,"p1id":"sxd2002","p2id":"iajhdawd","formatid":"gen9doublesou","rating":1000,"private":0,"password":""}