{"id":"gen9doublesou-1968435994","p1":"etpokemon","p2":"Nerdygolem513","format":"[Gen 9] Doubles OU","log":"|html|<div class=\"broadcast-blue\"><strong>[Gen 9] Doubles OU is currently suspecting Basculegion & Flutter Mane! For information on how to participate check out the <a href=\"https:\/\/www.smogon.com\/forums\/threads\/np-sv-dou-stage-8-double-trouble.3729153\/\">suspect thread<\/a>.<\/strong><\/div>\n|j|\u2606etpokemon\n|j|\u2606Nerdygolem513\n|t:|1697418332\n|gametype|doubles\n|player|p1|etpokemon|265|1410\n|player|p2|Nerdygolem513|skullgrunt|1476\n|teamsize|p1|6\n|teamsize|p2|6\n|gen|9\n|tier|[Gen 9] Doubles OU\n|rated|\n|rule|Species Clause: Limit one of each Pok\u00e9mon\n|rule|OHKO Clause: OHKO moves are banned\n|rule|Evasion Moves Clause: Evasion moves are banned\n|rule|Gravity Sleep Clause: The combination of sleep-inducing moves with imperfect accuracy and Gravity or Gigantamax Orbeetle are banned\n|rule|Endless Battle Clause: Forcing endless battles is banned\n|rule|HP Percentage Mod: HP is shown in percentages\n|clearpoke\n|poke|p1|Decidueye-Hisui, M|\n|poke|p1|Pelipper, F|\n|poke|p1|Basculegion, M|\n|poke|p1|Skeledirge, F|\n|poke|p1|Arboliva, M|\n|poke|p1|Kilowattrel, F|\n|poke|p2|Hatterene, F|\n|poke|p2|Farigiraf, M|\n|poke|p2|Chandelure, M|\n|poke|p2|Kingambit, F|\n|poke|p2|Crawdaunt, F|\n|poke|p2|Amoonguss, M|\n|teampreview\n|inactive|Battle timer is ON: inactive players will automatically lose when time's up. (requested by etpokemon)\n|\n|t:|1697418354\n|start\n|switch|p1a: Kilowattrel|Kilowattrel, F|100\/100\n|switch|p1b: Pelipper|Pelipper, F|100\/100\n|switch|p2a: Hatterene|Hatterene, F|100\/100\n|switch|p2b: Amoonguss|Amoonguss, M|100\/100\n|-weather|RainDance|[from] ability: Drizzle|[of] p1b: Pelipper\n|turn|1\n|\n|t:|1697418371\n|move|p1a: Kilowattrel|Hurricane|p2a: Hatterene\n|-damage|p2a: Hatterene|49\/100\n|move|p1b: Pelipper|Hurricane|p2a: Hatterene\n|-damage|p2a: Hatterene|1\/100\n|-start|p2a: Hatterene|confusion\n|-enditem|p2a: Hatterene|Aguav Berry|[eat]\n|-heal|p2a: Hatterene|34\/100|[from] item: Aguav Berry\n|move|p2b: Amoonguss|Spore|p1a: Kilowattrel\n|-status|p1a: Kilowattrel|slp|[from] move: Spore\n|-activate|p2a: Hatterene|confusion\n|-damage|p2a: Hatterene|27\/100|[from] confusion\n|\n|-weather|RainDance|[upkeep]\n|upkeep\n|turn|2\n|\n|t:|1697418393\n|switch|p2a: Farigiraf|Farigiraf, M|100\/100\n|cant|p1a: Kilowattrel|slp\n|move|p1b: Pelipper|Hurricane|p2a: Farigiraf\n|-damage|p2a: Farigiraf|65\/100\n|-start|p2a: Farigiraf|confusion\n|move|p2b: Amoonguss|Spore|p1b: Pelipper\n|-status|p1b: Pelipper|slp|[from] move: Spore\n|\n|-weather|RainDance|[upkeep]\n|upkeep\n|turn|3\n|\n|t:|1697418410\n|cant|p1a: Kilowattrel|slp\n|cant|p1b: Pelipper|slp\n|move|p2b: Amoonguss|Pollen Puff|p2a: Farigiraf\n|-heal|p2a: Farigiraf|100\/100\n|-activate|p2a: Farigiraf|confusion\n|-damage|p2a: Farigiraf|93\/100|[from] confusion\n|\n|-weather|RainDance|[upkeep]\n|upkeep\n|turn|4\n|j| Stealth Croc\n|\n|t:|1697418424\n|-curestatus|p1a: Kilowattrel|slp|[msg]\n|move|p1a: Kilowattrel|Hurricane|p2b: Amoonguss\n|-supereffective|p2b: Amoonguss\n|-crit|p2b: Amoonguss\n|-damage|p2b: Amoonguss|0 fnt\n|faint|p2b: Amoonguss\n|-curestatus|p1b: Pelipper|slp|[msg]\n|move|p1b: Pelipper|Hurricane|p2a: Farigiraf\n|-damage|p2a: Farigiraf|54\/100\n|-activate|p2a: Farigiraf|confusion\n|move|p2a: Farigiraf|Trick Room|p2a: Farigiraf\n|-fieldstart|move: Trick Room|[of] p2a: Farigiraf\n|\n|-weather|RainDance|[upkeep]\n|upkeep\n|\n|t:|1697418441\n|switch|p2b: Crawdaunt|Crawdaunt, F|100\/100\n|turn|5\n|\n|t:|1697418450\n|move|p2b: Crawdaunt|Crabhammer|p1a: Kilowattrel\n|-enditem|p1a: Kilowattrel|Focus Sash\n|-damage|p1a: Kilowattrel|1\/100\n|-activate|p2a: Farigiraf|confusion\n|-damage|p2a: Farigiraf|47\/100|[from] confusion\n|move|p1b: Pelipper|Hurricane|p2a: Farigiraf\n|-damage|p2a: Farigiraf|11\/100\n|move|p1a: Kilowattrel|Thunder|p2b: Crawdaunt\n|-supereffective|p2b: Crawdaunt\n|-damage|p2b: Crawdaunt|0 fnt\n|faint|p2b: Crawdaunt\n|\n|-weather|RainDance|[upkeep]\n|upkeep\n|\n|t:|1697418466\n|switch|p2b: Hatterene|Hatterene, F|27\/100\n|turn|6\n|\n|t:|1697418494\n|move|p2b: Hatterene|Psychic|p1b: Pelipper\n|-damage|p1b: Pelipper|2\/100\n|-activate|p2a: Farigiraf|confusion\n|-damage|p2a: Farigiraf|4\/100|[from] confusion\n|move|p1b: Pelipper|Hurricane|p2a: Farigiraf\n|-damage|p2a: Farigiraf|0 fnt\n|faint|p2a: Farigiraf\n|move|p1a: Kilowattrel|Hurricane|p2b: Hatterene\n|-damage|p2b: Hatterene|0 fnt\n|faint|p2b: Hatterene\n|\n|-weather|RainDance|[upkeep]\n|upkeep\n|\n|t:|1697418509\n|switch|p2b: Chandelure|Chandelure, M|100\/100\n|switch|p2a: Kingambit|Kingambit, F|100\/100\n|-activate|p2a: Kingambit|ability: Supreme Overlord\n|-start|p2a: Kingambit|fallen4|[silent]\n|turn|7\n|\n|t:|1697418520\n|move|p2a: Kingambit|Iron Head|p1a: Kilowattrel\n|-resisted|p1a: Kilowattrel\n|-damage|p1a: Kilowattrel|0 fnt\n|faint|p1a: Kilowattrel\n|move|p2b: Chandelure|Heat Wave|p1b: Pelipper\n|-resisted|p1b: Pelipper\n|-crit|p1b: Pelipper\n|-damage|p1b: Pelipper|0 fnt\n|faint|p1b: Pelipper\n|-damage|p2b: Chandelure|91\/100|[from] item: Life Orb\n|\n|-weather|RainDance|[upkeep]\n|upkeep\n|\n|t:|1697418536\n|switch|p1b: Skeledirge|Skeledirge, F|100\/100\n|switch|p1a: Decidueye|Decidueye-Hisui, M|100\/100\n|turn|8\n|\n|t:|1697418553\n|-terastallize|p2a: Kingambit|Steel\n|move|p2a: Kingambit|Iron Head|p1a: Decidueye\n|-damage|p1a: Decidueye|11\/100\n|move|p2b: Chandelure|Shadow Ball|p1a: Decidueye\n|-damage|p1a: Decidueye|0 fnt\n|faint|p1a: Decidueye\n|-damage|p2b: Chandelure|81\/100|[from] item: Life Orb\n|move|p1b: Skeledirge|Earth Power|p2b: Chandelure\n|-supereffective|p2b: Chandelure\n|-damage|p2b: Chandelure|25\/100\n|\n|-weather|none\n|-fieldend|move: Trick Room\n|upkeep\n|\n|t:|1697418570\n|switch|p1a: Basculegion|Basculegion, M|100\/100\n|turn|9\n|\n|t:|1697418576\n|-terastallize|p1a: Basculegion|Bug\n|move|p1b: Skeledirge|Protect|p1b: Skeledirge\n|-singleturn|p1b: Skeledirge|Protect\n|move|p2a: Kingambit|Sucker Punch|p1a: Basculegion\n|-damage|p1a: Basculegion|18\/100\n|move|p1a: Basculegion|Wave Crash|p2b: Chandelure\n|-supereffective|p2b: Chandelure\n|-damage|p2b: Chandelure|0 fnt\n|faint|p2b: Chandelure\n|-damage|p1a: Basculegion|12\/100|[from] Recoil\n|\n|upkeep\n|turn|10\n|\n|t:|1697418591\n|move|p1a: Basculegion|Wave Crash|p2a: Kingambit\n|-damage|p2a: Kingambit|37\/100\n|-damage|p1a: Basculegion|0 fnt|[from] Recoil\n|faint|p1a: Basculegion\n|move|p1b: Skeledirge|Yawn|p2a: Kingambit\n|-start|p2a: Kingambit|move: Yawn|[of] p1b: Skeledirge\n|move|p2a: Kingambit|Kowtow Cleave|p1b: Skeledirge\n|-supereffective|p1b: Skeledirge\n|-damage|p1b: Skeledirge|23\/100\n|-enditem|p1b: Skeledirge|Sitrus Berry|[eat]\n|-heal|p1b: Skeledirge|48\/100|[from] item: Sitrus Berry\n|\n|upkeep\n|\n|t:|1697418597\n|switch|p1a: Arboliva|Arboliva, M|100\/100\n|turn|11\n|\n|t:|1697418609\n|move|p1b: Skeledirge|Protect|p1b: Skeledirge\n|-singleturn|p1b: Skeledirge|Protect\n|move|p2a: Kingambit|Low Kick|p1a: Arboliva\n|-supereffective|p1a: Arboliva\n|-damage|p1a: Arboliva|34\/100\n|-fieldstart|move: Grassy Terrain|[from] ability: Seed Sower|[of] p1a: Arboliva\n|move|p1a: Arboliva|Energy Ball|p2a: Kingambit\n|-resisted|p2a: Kingambit\n|-damage|p2a: Kingambit|15\/100\n|-unboost|p2a: Kingambit|spd|1\n|\n|-heal|p1b: Skeledirge|54\/100|[from] Grassy Terrain\n|-heal|p2a: Kingambit|21\/100|[from] Grassy Terrain\n|-heal|p1a: Arboliva|40\/100|[from] Grassy Terrain\n|-end|p2a: Kingambit|move: Yawn|[silent]\n|-status|p2a: Kingambit|slp\n|upkeep\n|turn|12\n|\n|t:|1697418627\n|cant|p2a: Kingambit|slp\n|move|p1b: Skeledirge|Earth Power|p2a: Kingambit\n|-supereffective|p2a: Kingambit\n|-damage|p2a: Kingambit|0 fnt\n|faint|p2a: Kingambit\n|-end|p2a: Kingambit|fallen4|[silent]\n|\n|win|etpokemon\n|raw|etpokemon's rating: 1410 &rarr; <strong>1434<\/strong><br \/>(+24 for winning)\n|raw|Nerdygolem513's rating: 1476 &rarr; <strong>1452<\/strong><br \/>(-24 for losing)\n|l|\u2606etpokemon\n","uploadtime":1697418640,"views":18,"p1id":"etpokemon","p2id":"nerdygolem513","formatid":"gen9doublesou","rating":1434,"private":0,"password":""}