{"id":"gen9doublesou-1999225243","p1":"sirazurill","p2":"fe4567","format":"[Gen 9] Doubles OU","log":"|j|\u2606sirazurill\n|j|\u2606fe4567\n|t:|1701047686\n|gametype|doubles\n|player|p1|sirazurill|bugcatcher-gen4dp|1749\n|player|p2|fe4567|pokekid|1689\n|teamsize|p1|6\n|teamsize|p2|6\n|gen|9\n|tier|[Gen 9] Doubles OU\n|rated|\n|rule|Species Clause: Limit one of each Pok\u00e9mon\n|rule|OHKO Clause: OHKO moves are banned\n|rule|Evasion Moves Clause: Evasion moves are banned\n|rule|Gravity Sleep Clause: The combination of sleep-inducing moves with imperfect accuracy and Gravity or Gigantamax Orbeetle are banned\n|rule|Endless Battle Clause: Forcing endless battles is banned\n|rule|HP Percentage Mod: HP is shown in percentages\n|clearpoke\n|poke|p1|Kingambit, F|\n|poke|p1|Tornadus, M|\n|poke|p1|Flutter Mane|\n|poke|p1|Landorus-Therian, M|\n|poke|p1|Ogerpon-Wellspring, F|\n|poke|p1|Iron Hands|\n|poke|p2|Armarouge, F|\n|poke|p2|Indeedee-F, F|\n|poke|p2|Roaring Moon|\n|poke|p2|Torkoal, M|\n|poke|p2|Bronzong|\n|poke|p2|Ursaluna, F|\n|teampreview\n|\n|t:|1701047705\n|start\n|switch|p1a: Tornadus|Tornadus, M|100\/100\n|switch|p1b: Flutter Mane|Flutter Mane|100\/100\n|switch|p2a: Bronzong|Bronzong|100\/100\n|switch|p2b: Indeedee|Indeedee-F, F|100\/100\n|-fieldstart|move: Psychic Terrain|[from] ability: Psychic Surge|[of] p2b: Indeedee\n|-enditem|p2b: Indeedee|Psychic Seed\n|-boost|p2b: Indeedee|spd|1|[from] item: Psychic Seed\n|turn|1\n|\n|t:|1701047730\n|move|p2b: Indeedee|Follow Me|p2b: Indeedee\n|-singleturn|p2b: Indeedee|move: Follow Me\n|move|p1b: Flutter Mane|Moonblast|p2b: Indeedee\n|-damage|p2b: Indeedee|50\/100\n|-unboost|p2b: Indeedee|spa|1\n|move|p1a: Tornadus|Bleakwind Storm|p2a: Bronzong|[spread] p2a,p2b\n|-resisted|p2a: Bronzong\n|-damage|p2a: Bronzong|84\/100\n|-damage|p2b: Indeedee|27\/100\n|-unboost|p2b: Indeedee|spe|1\n|move|p2a: Bronzong|Trick Room|p2a: Bronzong\n|-fieldstart|move: Trick Room|[of] p2a: Bronzong\n|\n|upkeep\n|turn|2\n|\n|t:|1701047751\n|switch|p2b: Torkoal|Torkoal, M|100\/100\n|-weather|SunnyDay|[from] ability: Drought|[of] p2b: Torkoal\n|-activate|p1b: Flutter Mane|ability: Protosynthesis\n|-start|p1b: Flutter Mane|protosynthesisspa\n|-end|p1b: Flutter Mane|Protosynthesis|[silent]\n|switch|p1b: Kingambit|Kingambit, F|100\/100\n|move|p2a: Bronzong|Iron Defense|p2a: Bronzong\n|-boost|p2a: Bronzong|def|2\n|move|p1a: Tornadus|Bleakwind Storm|p2b: Torkoal|[spread] p2a,p2b\n|-resisted|p2a: Bronzong\n|-damage|p2a: Bronzong|67\/100\n|-damage|p2b: Torkoal|48\/100\n|-unboost|p2a: Bronzong|spe|1\n|\n|-weather|SunnyDay|[upkeep]\n|upkeep\n|turn|3\n|\n|t:|1701047786\n|-terastallize|p2b: Torkoal|Fire\n|move|p1a: Tornadus|Protect|p1a: Tornadus\n|-singleturn|p1a: Tornadus|Protect\n|move|p2a: Bronzong|Body Press|p1b: Kingambit\n|-supereffective|p1b: Kingambit\n|-damage|p1b: Kingambit|0 fnt\n|faint|p1b: Kingambit\n|-end|p1b: Kingambit|fallenundefined|[silent]\n|move|p2b: Torkoal|Heat Wave|p1a: Tornadus\n|-activate|p1a: Tornadus|move: Protect\n|\n|-weather|SunnyDay|[upkeep]\n|upkeep\n|\n|t:|1701047801\n|switch|p1b: Iron Hands|Iron Hands|100\/100\n|turn|4\n|\n|t:|1701047810\n|move|p2a: Bronzong|Body Press|p1b: Iron Hands\n|-damage|p1b: Iron Hands|64\/100\n|move|p2b: Torkoal|Heat Wave|p1b: Iron Hands|[spread] p1a,p1b\n|-damage|p1a: Tornadus|0 fnt\n|-damage|p1b: Iron Hands|18\/100\n|faint|p1a: Tornadus\n|move|p1b: Iron Hands|Wild Charge|p2b: Torkoal\n|-damage|p2b: Torkoal|5\/100\n|-damage|p1b: Iron Hands|10\/100|[from] Recoil\n|\n|-weather|SunnyDay|[upkeep]\n|upkeep\n|\n|t:|1701047821\n|switch|p1a: Oregon-Wellspring|Ogerpon-Wellspring, F|100\/100\n|turn|5\n|\n|t:|1701047830\n|move|p1a: Oregon-Wellspring|Spiky Shield|p1a: Oregon-Wellspring\n|-singleturn|p1a: Oregon-Wellspring|move: Protect\n|move|p2a: Bronzong|Body Press|p1b: Iron Hands\n|-damage|p1b: Iron Hands|0 fnt\n|faint|p1b: Iron Hands\n|-end|p1b: Iron Hands|Quark Drive|[silent]\n|move|p2b: Torkoal|Heat Wave|p1a: Oregon-Wellspring\n|-activate|p1a: Oregon-Wellspring|move: Protect\n|\n|-weather|SunnyDay|[upkeep]\n|-fieldend|move: Trick Room\n|-fieldend|move: Psychic Terrain\n|upkeep\n|\n|t:|1701047841\n|switch|p1b: Landorus|Landorus-Therian, M|100\/100\n|-ability|p1b: Landorus|Intimidate|boost\n|-unboost|p2a: Bronzong|atk|1\n|-unboost|p2b: Torkoal|atk|1\n|turn|6\n|\n|t:|1701047851\n|switch|p2b: Indeedee|Indeedee-F, F|27\/100\n|-fieldstart|move: Psychic Terrain|[from] ability: Psychic Surge|[of] p2b: Indeedee\n|move|p1b: Landorus|Rock Slide|p2a: Bronzong|[spread] p2b\n|-miss|p1b: Landorus|p2a: Bronzong\n|-damage|p2b: Indeedee|0 fnt\n|faint|p2b: Indeedee\n|move|p1a: Oregon-Wellspring|Ivy Cudgel|p2a: Bronzong|[anim] Ivy Cudgel Water\n|-damage|p2a: Bronzong|56\/100\n|move|p2a: Bronzong|Trick Room|p2a: Bronzong\n|-fieldstart|move: Trick Room|[of] p2a: Bronzong\n|\n|-weather|none\n|upkeep\n|\n|t:|1701047863\n|switch|p2b: Torkoal|Torkoal, M, tera:Fire|5\/100\n|-weather|SunnyDay|[from] ability: Drought|[of] p2b: Torkoal\n|turn|7\n|\n|t:|1701047868\n|-terastallize|p1a: Oregon-Wellspring|Water\n|detailschange|p1a: Oregon-Wellspring|Ogerpon-Wellspring-Tera, F, tera:Water\n|-ability|p1a: Oregon-Wellspring|Embody Aspect (Wellspring)|boost\n|-boost|p1a: Oregon-Wellspring|spd|1\n|move|p2a: Bronzong|Body Press|p1a: Oregon-Wellspring\n|-damage|p1a: Oregon-Wellspring|43\/100\n|move|p2b: Torkoal|Heat Wave|p1b: Landorus|[spread] p1a,p1b\n|-resisted|p1a: Oregon-Wellspring\n|-damage|p1a: Oregon-Wellspring|13\/100\n|-damage|p1b: Landorus|0 fnt\n|faint|p1b: Landorus\n|move|p1a: Oregon-Wellspring|Ivy Cudgel|p2a: Bronzong|[anim] Ivy Cudgel Water\n|-damage|p2a: Bronzong|40\/100\n|\n|-weather|SunnyDay|[upkeep]\n|upkeep\n|\n|t:|1701047877\n|switch|p1b: Flutter Mane|Flutter Mane|100\/100\n|-activate|p1b: Flutter Mane|ability: Protosynthesis\n|-start|p1b: Flutter Mane|protosynthesisspa\n|turn|8\n|\n|t:|1701047885\n|move|p2a: Bronzong|Body Press|p1a: Oregon-Wellspring\n|-damage|p1a: Oregon-Wellspring|0 fnt\n|faint|p1a: Oregon-Wellspring\n|move|p2b: Torkoal|Heat Wave|p1b: Flutter Mane\n|-damage|p1b: Flutter Mane|0 fnt\n|faint|p1b: Flutter Mane\n|-end|p1b: Flutter Mane|Protosynthesis|[silent]\n|\n|win|fe4567\n|raw|sirazurill's rating: 1749 &rarr; <strong>1726<\/strong><br \/>(-23 for losing)\n|raw|fe4567's rating: 1689 &rarr; <strong>1712<\/strong><br \/>(+23 for winning)\n|l|\u2606fe4567\n|l|\u2606sirazurill\n","uploadtime":1701047926,"views":8,"p1id":"sirazurill","p2id":"fe4567","formatid":"gen9doublesou","rating":1712,"private":0,"password":""}