{"id":"gen9doublesou-1975242098","p1":"EL145898","p2":"Wargoth","format":"[Gen 9] Doubles OU","log":"|j|\u2606EL145898\n|j|\u2606Wargoth\n|t:|1698172966\n|gametype|doubles\n|player|p1|EL145898|2|1140\n|player|p2|Wargoth|psychic-gen4|1148\n|teamsize|p1|6\n|teamsize|p2|6\n|gen|9\n|tier|[Gen 9] Doubles OU\n|rated|\n|rule|Species Clause: Limit one of each Pok\u00e9mon\n|rule|OHKO Clause: OHKO moves are banned\n|rule|Evasion Moves Clause: Evasion moves are banned\n|rule|Gravity Sleep Clause: The combination of sleep-inducing moves with imperfect accuracy and Gravity or Gigantamax Orbeetle are banned\n|rule|Endless Battle Clause: Forcing endless battles is banned\n|rule|HP Percentage Mod: HP is shown in percentages\n|clearpoke\n|poke|p1|Regidrago|\n|poke|p1|Tornadus, M|\n|poke|p1|Typhlosion-Hisui, F|\n|poke|p1|Talonflame, F|\n|poke|p1|Kingambit, F|\n|poke|p1|Chi-Yu|\n|poke|p2|Slaking, F|\n|poke|p2|Grafaiai, M|\n|poke|p2|Oranguru, M|\n|poke|p2|Torkoal, F|\n|poke|p2|Ursaluna-Bloodmoon, M|\n|poke|p2|Ogerpon-Wellspring, F|\n|teampreview\n|\n|t:|1698172973\n|start\n|switch|p1a: Tornadus|Tornadus, M|100\/100\n|switch|p1b: Regidrago|Regidrago|100\/100\n|switch|p2a: aries|Slaking, F, shiny|100\/100\n|switch|p2b: pisces|Grafaiai, M, shiny|100\/100\n|turn|1\n|\n|t:|1698172994\n|-terastallize|p1b: Regidrago|Dragon\n|-terastallize|p2a: aries|Electric\n|move|p1a: Tornadus|Tailwind|p1a: Tornadus\n|-sidestart|p1: EL145898|move: Tailwind\n|move|p2b: pisces|Doodle|p1b: Regidrago\n|-endability|p2a: aries|Truant|[from] move: Doodle\n|-ability|p2a: aries|Dragon's Maw|[from] move: Doodle\n|-endability|p2b: pisces|Prankster|[from] move: Doodle\n|-ability|p2b: pisces|Dragon's Maw|[from] move: Doodle\n|move|p1b: Regidrago|Dragon Energy|p2b: pisces|[spread] p2a,p2b\n|-damage|p2a: aries|1\/100\n|-damage|p2b: pisces|0 fnt\n|faint|p2b: pisces\n|move|p2a: aries|Ice Punch|p1b: Regidrago\n|-supereffective|p1b: Regidrago\n|-damage|p1b: Regidrago|33\/100\n|\n|upkeep\n|\n|t:|1698173013\n|switch|p2b: gemini|Ogerpon-Wellspring, F|100\/100\n|turn|2\n|\n|t:|1698173024\n|move|p2b: gemini|Follow Me|p2b: gemini\n|-singleturn|p2b: gemini|move: Follow Me\n|move|p1a: Tornadus|Bleakwind Storm|p2b: gemini|[spread] p2a,p2b\n|-resisted|p2a: aries\n|-supereffective|p2b: gemini\n|-damage|p2a: aries|0 fnt\n|-damage|p2b: gemini|30\/100\n|-unboost|p2b: gemini|spe|1\n|faint|p2a: aries\n|move|p1b: Regidrago|Dragon Energy|p2b: gemini\n|-damage|p2b: gemini|0 fnt\n|faint|p2b: gemini\n|\n|upkeep\n|\n|t:|1698173039\n|switch|p2b: leo|Oranguru, M, shiny|100\/100\n|switch|p2a: scorpio|Torkoal, F, shiny|100\/100\n|-weather|SunnyDay|[from] ability: Drought|[of] p2a: scorpio\n|turn|3\n|\n|t:|1698173062\n|move|p1a: Tornadus|Taunt|p2b: leo\n|-start|p2b: leo|move: Taunt\n|move|p1b: Regidrago|Dragon Energy|p2a: scorpio|[spread] p2a,p2b\n|-damage|p2a: scorpio|36\/100\n|-damage|p2b: leo|70\/100\n|cant|p2b: leo|move: Taunt|Instruct\n|move|p2a: scorpio|Eruption|p1a: Tornadus|[spread] p1a,p1b\n|-resisted|p1b: Regidrago\n|-damage|p1a: Tornadus|77\/100\n|-damage|p1b: Regidrago|24\/100\n|\n|-weather|SunnyDay|[upkeep]\n|-heal|p2a: scorpio|42\/100|[from] item: Leftovers\n|upkeep\n|turn|4\n|\n|t:|1698173085\n|switch|p1b: Chi-Yu|Chi-Yu|100\/100\n|-ability|p1b: Chi-Yu|Beads of Ruin\n|move|p1a: Tornadus|Fling|p1b: Chi-Yu\n|-resisted|p1b: Chi-Yu\n|-damage|p1b: Chi-Yu|99\/100\n|-boost|p1b: Chi-Yu|spa|1|[from] item: Petaya Berry\n|-enditem|p1a: Tornadus|Petaya Berry|[from] move: Fling\n|move|p2b: leo|Hyper Voice|p1b: Chi-Yu|[spread] p1a,p1b\n|-damage|p1a: Tornadus|35\/100\n|-damage|p1b: Chi-Yu|75\/100\n|move|p2a: scorpio|Sludge Bomb|p1b: Chi-Yu\n|-damage|p1b: Chi-Yu|53\/100\n|\n|-weather|SunnyDay|[upkeep]\n|-heal|p2a: scorpio|48\/100|[from] item: Leftovers\n|-sideend|p1: EL145898|move: Tailwind\n|upkeep\n|turn|5\n|\n|t:|1698173105\n|move|p1a: Tornadus|Bleakwind Storm|p2a: scorpio|[spread] p2a,p2b\n|-damage|p2a: scorpio|0 fnt\n|-damage|p2b: leo|41\/100\n|faint|p2a: scorpio\n|move|p1b: Chi-Yu|Heat Wave|p2b: leo\n|-damage|p2b: leo|0 fnt\n|faint|p2b: leo\n|\n|-weather|SunnyDay|[upkeep]\n|upkeep\n|\n|t:|1698173117\n|switch|p2a: taurus|Ursaluna-Bloodmoon, M|100\/100\n|turn|6\n|\n|t:|1698173122\n|move|p1a: Tornadus|Tailwind|p1a: Tornadus\n|-sidestart|p1: EL145898|move: Tailwind\n|move|p1b: Chi-Yu|Heat Wave|p2a: taurus\n|-damage|p2a: taurus|0 fnt\n|faint|p2a: taurus\n|\n|win|EL145898\n|raw|EL145898's rating: 1140 &rarr; <strong>1166<\/strong><br \/>(+26 for winning)\n|raw|Wargoth's rating: 1148 &rarr; <strong>1122<\/strong><br \/>(-26 for losing)\n|l|\u2606Wargoth\n|l|\u2606EL145898\n|j|\u2606EL145898\n|player|p1|EL145898|2\n|l|\u2606EL145898\n|player|p1|\n|j|\u2606EL145898\n|player|p1|EL145898|2\n","uploadtime":1698173164,"views":12,"p1id":"el145898","p2id":"wargoth","formatid":"gen9doublesou","rating":1122,"private":0,"password":""}