{"id":"gen9doublesou-1992181848","p1":"nugiees","p2":"cotesmcgotes","format":"[Gen 9] Doubles OU","log":"|j|\u2606nugiees\n|j|\u2606cotesmcgotes\n|t:|1700161778\n|gametype|doubles\n|player|p1|nugiees|bugcatcher-gen4dp|1147\n|player|p2|cotesmcgotes|flannery|1207\n|teamsize|p1|6\n|teamsize|p2|6\n|gen|9\n|tier|[Gen 9] Doubles OU\n|rated|\n|rule|Species Clause: Limit one of each Pok\u00e9mon\n|rule|OHKO Clause: OHKO moves are banned\n|rule|Evasion Moves Clause: Evasion moves are banned\n|rule|Gravity Sleep Clause: The combination of sleep-inducing moves with imperfect accuracy and Gravity or Gigantamax Orbeetle are banned\n|rule|Endless Battle Clause: Forcing endless battles is banned\n|rule|HP Percentage Mod: HP is shown in percentages\n|clearpoke\n|poke|p1|Amoonguss, F|\n|poke|p1|Sneasler, F|\n|poke|p1|Gengar, M|\n|poke|p1|Dragonite, M|\n|poke|p1|Flutter Mane|\n|poke|p1|Garganacl, M|\n|poke|p2|Cresselia, F|\n|poke|p2|Overqwil, M|\n|poke|p2|Tornadus, M|\n|poke|p2|Palafin, M|\n|poke|p2|Amoonguss, F|\n|poke|p2|Great Tusk|\n|teampreview\n|\n|t:|1700161788\n|start\n|switch|p1a: Amoonguss|Amoonguss, F|100\/100\n|switch|p1b: Flutter Mane|Flutter Mane|100\/100\n|switch|p2a: Tornadus|Tornadus, M, shiny|100\/100\n|switch|p2b: Palafin|Palafin, M|100\/100\n|-enditem|p1b: Flutter Mane|Booster Energy\n|-activate|p1b: Flutter Mane|ability: Protosynthesis|[fromitem]\n|-start|p1b: Flutter Mane|protosynthesisspe\n|turn|1\n|inactive|Battle timer is ON: inactive players will automatically lose when time's up. (requested by cotesmcgotes)\n|\n|t:|1700161809\n|move|p2a: Tornadus|Taunt|p1a: Amoonguss\n|-start|p1a: Amoonguss|move: Taunt\n|move|p1b: Flutter Mane|Shadow Ball|p2a: Tornadus\n|-damage|p2a: Tornadus|68\/100\n|move|p2b: Palafin|Flip Turn|p1b: Flutter Mane\n|-damage|p1b: Flutter Mane|55\/100\n|\n|t:|1700161829\n|detailschange|p2b: Palafin|Palafin-Hero, M\n|switch|p2b: Cresselia|Cresselia, F, shiny|100\/100|[from] Flip Turn\n|move|p1a: Amoonguss|Giga Drain|p2b: Cresselia\n|-damage|p2b: Cresselia|81\/100\n|\n|-heal|p2b: Cresselia|87\/100|[from] item: Leftovers\n|upkeep\n|turn|2\n|\n|t:|1700161843\n|-terastallize|p2b: Cresselia|Electric\n|move|p2a: Tornadus|Rain Dance|p2a: Tornadus\n|-weather|RainDance\n|move|p1b: Flutter Mane|Wish|p1b: Flutter Mane\n|move|p2b: Cresselia|Calm Mind|p2b: Cresselia\n|-boost|p2b: Cresselia|spa|1\n|-boost|p2b: Cresselia|spd|1\n|move|p1a: Amoonguss|Sludge Bomb|p2b: Cresselia\n|-damage|p2b: Cresselia|69\/100\n|-status|p2b: Cresselia|psn\n|\n|-weather|RainDance|[upkeep]\n|-heal|p2b: Cresselia|75\/100 psn|[from] item: Leftovers\n|-damage|p2b: Cresselia|62\/100 psn|[from] psn\n|upkeep\n|turn|3\n|\n|t:|1700161868\n|move|p1b: Flutter Mane|Moonblast|p2a: Tornadus\n|-damage|p2a: Tornadus|28\/100\n|move|p2a: Tornadus|Bleakwind Storm|p1b: Flutter Mane|[spread] p1a,p1b\n|-supereffective|p1a: Amoonguss\n|-damage|p1a: Amoonguss|39\/100\n|-damage|p1b: Flutter Mane|21\/100\n|move|p2b: Cresselia|Calm Mind|p2b: Cresselia\n|-boost|p2b: Cresselia|spa|1\n|-boost|p2b: Cresselia|spd|1\n|move|p1a: Amoonguss|Energy Ball|p2b: Cresselia\n|-damage|p2b: Cresselia|49\/100 psn\n|\n|-weather|RainDance|[upkeep]\n|-heal|p1b: Flutter Mane|71\/100|[from] move: Wish|[wisher] Flutter Mane\n|-heal|p2b: Cresselia|55\/100 psn|[from] item: Leftovers\n|-damage|p2b: Cresselia|43\/100 psn|[from] psn\n|-end|p1a: Amoonguss|move: Taunt\n|upkeep\n|turn|4\n|\n|t:|1700161898\n|move|p2a: Tornadus|Tailwind|p2a: Tornadus\n|-sidestart|p2: cotesmcgotes|move: Tailwind\n|move|p1b: Flutter Mane|Wish|p1b: Flutter Mane\n|move|p2b: Cresselia|Stored Power|p1a: Amoonguss\n|-supereffective|p1a: Amoonguss\n|-damage|p1a: Amoonguss|0 fnt\n|faint|p1a: Amoonguss\n|\n|-weather|RainDance|[upkeep]\n|-heal|p2b: Cresselia|49\/100 psn|[from] item: Leftovers\n|-damage|p2b: Cresselia|37\/100 psn|[from] psn\n|upkeep\n|inactive|nugiees has 120 seconds left.\n|\n|t:|1700161911\n|switch|p1a: Dragonite|Dragonite, M|100\/100\n|turn|5\n|\n|t:|1700161932\n|switch|p2a: Overqwil|Overqwil, M|100\/100\n|move|p1a: Dragonite|Extreme Speed|p2a: Overqwil\n|-damage|p2a: Overqwil|68\/100\n|move|p1b: Flutter Mane|Moonblast|p2b: Cresselia\n|-damage|p2b: Cresselia|21\/100 psn\n|move|p2b: Cresselia|Moonblast|p1a: Dragonite\n|-supereffective|p1a: Dragonite\n|-damage|p1a: Dragonite|47\/100\n|-unboost|p1a: Dragonite|spa|1\n|\n|-weather|RainDance|[upkeep]\n|-heal|p1b: Flutter Mane|100\/100|[from] move: Wish|[wisher] Flutter Mane\n|-heal|p2a: Overqwil|74\/100|[from] item: Black Sludge\n|-heal|p2b: Cresselia|27\/100 psn|[from] item: Leftovers\n|-heal|p1a: Dragonite|53\/100|[from] item: Leftovers\n|-damage|p2b: Cresselia|15\/100 psn|[from] psn\n|upkeep\n|turn|6\n|\n|t:|1700161962\n|move|p1a: Dragonite|Extreme Speed|p2b: Cresselia\n|-damage|p2b: Cresselia|0 fnt\n|faint|p2b: Cresselia\n|move|p2a: Overqwil|Barb Barrage|p1b: Flutter Mane\n|-damage|p1b: Flutter Mane|36\/100\n|move|p1b: Flutter Mane|Wish|p1b: Flutter Mane\n|\n|-weather|RainDance|[upkeep]\n|-heal|p2a: Overqwil|80\/100|[from] item: Black Sludge\n|-heal|p1a: Dragonite|60\/100|[from] item: Leftovers\n|upkeep\n|inactive|cotesmcgotes has 120 seconds left.\n|\n|t:|1700161976\n|switch|p2b: Palafin|Palafin-Hero, M|100\/100\n|-activate|p2b: Palafin|ability: Zero to Hero\n|turn|7\n|inactive|nugiees has 120 seconds left.\n|\n|t:|1700162017\n|move|p1a: Dragonite|Extreme Speed|p2b: Palafin\n|-damage|p2b: Palafin|69\/100\n|move|p2a: Overqwil|Barb Barrage|p1b: Flutter Mane\n|-damage|p1b: Flutter Mane|0 fnt\n|faint|p1b: Flutter Mane\n|-end|p1b: Flutter Mane|Protosynthesis|[silent]\n|move|p2b: Palafin|Ice Punch|p1a: Dragonite\n|-supereffective|p1a: Dragonite\n|-damage|p1a: Dragonite|0 fnt\n|faint|p1a: Dragonite\n|\n|-weather|RainDance|[upkeep]\n|-heal|p2a: Overqwil|86\/100|[from] item: Black Sludge\n|-sideend|p2: cotesmcgotes|move: Tailwind\n|upkeep\n|\n|t:|1700162035\n|switch|p1b: Cherry|Sneasler, F|100\/100\n|switch|p1a: Fred|Gengar, M|100\/100\n|turn|8\n|inactive|nugiees has 120 seconds left.\n|\n|t:|1700162059\n|-terastallize|p1a: Fred|Dark\n|move|p2b: Palafin|Jet Punch|p1b: Cherry\n|-damage|p1b: Cherry|0 fnt\n|faint|p1b: Cherry\n|move|p2a: Overqwil|Toxic Spikes|p1a: Fred\n|-sidestart|p1: nugiees|move: Toxic Spikes\n|move|p1a: Fred|Nasty Plot|p1a: Fred\n|-boost|p1a: Fred|spa|2\n|\n|-weather|RainDance|[upkeep]\n|-heal|p2a: Overqwil|92\/100|[from] item: Black Sludge\n|upkeep\n|inactive|nugiees has 120 seconds left.\n|\n|t:|1700162071\n|switch|p1b: Garganacl|Garganacl, M|100\/100\n|turn|9\n|\n|t:|1700162092\n|move|p2b: Palafin|Jet Punch|p1a: Fred\n|-enditem|p1a: Fred|Focus Sash\n|-damage|p1a: Fred|1\/100\n|move|p2a: Overqwil|Barb Barrage|p1b: Garganacl\n|-resisted|p1b: Garganacl\n|-damage|p1b: Garganacl|91\/100\n|move|p1a: Fred|Sludge Bomb|p2b: Palafin\n|-crit|p2b: Palafin\n|-damage|p2b: Palafin|0 fnt\n|faint|p2b: Palafin\n|move|p1b: Garganacl|Earthquake|p2a: Overqwil|[spread] p1a,p2a\n|-supereffective|p2a: Overqwil\n|-damage|p1a: Fred|0 fnt\n|-damage|p2a: Overqwil|36\/100\n|-start|p1b: Garganacl|Disable|Earthquake|[from] ability: Cursed Body|[of] p1a: Fred\n|faint|p1a: Fred\n|\n|-weather|none\n|-heal|p2a: Overqwil|42\/100|[from] item: Black Sludge\n|upkeep\n|inactive|cotesmcgotes has 120 seconds left.\n|-message|nugiees forfeited.\n|\n|win|cotesmcgotes\n|raw|nugiees's rating: 1147 &rarr; <strong>1126<\/strong><br \/>(-21 for losing)\n|raw|cotesmcgotes's rating: 1207 &rarr; <strong>1228<\/strong><br \/>(+21 for winning)\n|l|\u2606nugiees\n","uploadtime":1700162111,"views":6,"p1id":"nugiees","p2id":"cotesmcgotes","formatid":"gen9doublesou","rating":1126,"private":0,"password":""}