{"id":"gen9doublesou-1973805425","p1":"lonelyzombi3","p2":"12123434a","format":"[Gen 9] Doubles OU","log":"|j|\u2606lonelyzombi3\n|j|\u260612123434a\n|t:|1698015370\n|gametype|doubles\n|player|p1|lonelyzombi3|unknown|1545\n|player|p2|12123434a|twins-gen4dp|1615\n|teamsize|p1|6\n|teamsize|p2|6\n|gen|9\n|tier|[Gen 9] Doubles OU\n|rated|\n|rule|Species Clause: Limit one of each Pok\u00e9mon\n|rule|OHKO Clause: OHKO moves are banned\n|rule|Evasion Moves Clause: Evasion moves are banned\n|rule|Gravity Sleep Clause: The combination of sleep-inducing moves with imperfect accuracy and Gravity or Gigantamax Orbeetle are banned\n|rule|Endless Battle Clause: Forcing endless battles is banned\n|rule|HP Percentage Mod: HP is shown in percentages\n|clearpoke\n|poke|p1|Grimmsnarl, M|\n|poke|p1|Arcanine-Hisui, F|\n|poke|p1|Rillaboom, F|\n|poke|p1|Volcarona, F|\n|poke|p1|Dragapult, F|\n|poke|p1|Amoonguss, F|\n|poke|p2|Chien-Pao|\n|poke|p2|Dragonite, F|\n|poke|p2|Gholdengo|\n|poke|p2|Chi-Yu|\n|poke|p2|Enamorus-Therian, F|\n|poke|p2|Glimmora, F|\n|teampreview\n|inactive|Battle timer is ON: inactive players will automatically lose when time's up. (requested by 12123434a)\n|inactive|lonelyzombi3 has 120 seconds left.\n|\n|t:|1698015423\n|start\n|switch|p1a: Grimmsnarl|Grimmsnarl, M|100\/100\n|switch|p1b: Arcanine|Arcanine-Hisui, F|100\/100\n|switch|p2a: Enamorus|Enamorus-Therian, F|100\/100\n|switch|p2b: Glimmora|Glimmora, F|100\/100\n|-ability|p1b: Arcanine|Intimidate|boost\n|-unboost|p2a: Enamorus|atk|1\n|-unboost|p2b: Glimmora|atk|1\n|turn|1\n|inactive|12123434a has 120 seconds left.\n|\n|t:|1698015469\n|move|p1a: Grimmsnarl|Fake Out|p2a: Enamorus\n|-damage|p2a: Enamorus|90\/100\n|-damage|p1a: Grimmsnarl|84\/100|[from] item: Rocky Helmet|[of] p2a: Enamorus\n|move|p2b: Glimmora|Stealth Rock|p1b: Arcanine\n|-sidestart|p1: lonelyzombi3|move: Stealth Rock\n|move|p1b: Arcanine|Rock Slide|p2b: Glimmora|[spread] p2a,p2b\n|-supereffective|p2a: Enamorus\n|-damage|p2a: Enamorus|41\/100\n|-damage|p2b: Glimmora|68\/100\n|-activate|p2b: Glimmora|ability: Toxic Debris\n|-sidestart|p1: lonelyzombi3|move: Toxic Spikes\n|cant|p2a: Enamorus|flinch\n|\n|upkeep\n|turn|2\n|inactive|12123434a has 120 seconds left.\n|\n|t:|1698015492\n|move|p1a: Grimmsnarl|Light Screen|p1a: Grimmsnarl\n|-sidestart|p1: lonelyzombi3|move: Light Screen\n|move|p2b: Glimmora|Earth Power|p1b: Arcanine\n|-supereffective|p1b: Arcanine\n|-crit|p1b: Arcanine\n|-damage|p1b: Arcanine|0 fnt\n|faint|p1b: Arcanine\n|move|p2a: Enamorus|Tailwind|p2a: Enamorus\n|-sidestart|p2: 12123434a|move: Tailwind\n|\n|upkeep\n|\n|t:|1698015502\n|switch|p1b: Amoonguss|Amoonguss, F|100\/100\n|-damage|p1b: Amoonguss|88\/100|[from] Stealth Rock\n|-sideend|p1: lonelyzombi3|move: Toxic Spikes|[of] p1b: Amoonguss\n|turn|3\n|c|\u260612123434a|Unfortunate\n|\n|t:|1698015513\n|move|p1a: Grimmsnarl|Parting Shot|p2b: Glimmora\n|-unboost|p2b: Glimmora|atk|1\n|-unboost|p2b: Glimmora|spa|1\n|\n|t:|1698015516\n|switch|p1a: Volcarona|Volcarona, F|100\/100|[from] Parting Shot\n|move|p2b: Glimmora|Power Gem|p1b: Amoonguss\n|-damage|p1b: Amoonguss|73\/100\n|move|p2a: Enamorus|Mystical Fire|p1b: Amoonguss\n|-supereffective|p1b: Amoonguss\n|-damage|p1b: Amoonguss|40\/100\n|-unboost|p1b: Amoonguss|spa|1\n|move|p1b: Amoonguss|Spore|p2b: Glimmora\n|-status|p2b: Glimmora|slp|[from] move: Spore\n|\n|upkeep\n|turn|4\n|\n|t:|1698015530\n|switch|p1b: Grimmsnarl|Grimmsnarl, M|84\/100\n|-damage|p1b: Grimmsnarl|72\/100|[from] Stealth Rock\n|cant|p2b: Glimmora|slp\n|move|p1a: Volcarona|Quiver Dance|p1a: Volcarona\n|-boost|p1a: Volcarona|spa|1\n|-boost|p1a: Volcarona|spd|1\n|-boost|p1a: Volcarona|spe|1\n|move|p2a: Enamorus|Mystical Fire|p1a: Volcarona\n|-damage|p1a: Volcarona|86\/100\n|-unboost|p1a: Volcarona|spa|1\n|\n|upkeep\n|turn|5\n|\n|t:|1698015548\n|move|p1b: Grimmsnarl|Fake Out|p2a: Enamorus\n|-damage|p2a: Enamorus|30\/100\n|-damage|p1b: Grimmsnarl|55\/100|[from] item: Rocky Helmet|[of] p2a: Enamorus\n|-curestatus|p2b: Glimmora|slp|[msg]\n|move|p2b: Glimmora|Power Gem|p1a: Volcarona\n|-supereffective|p1a: Volcarona\n|-damage|p1a: Volcarona|39\/100\n|move|p1a: Volcarona|Quiver Dance|p1a: Volcarona\n|-boost|p1a: Volcarona|spa|1\n|-boost|p1a: Volcarona|spd|1\n|-boost|p1a: Volcarona|spe|1\n|cant|p2a: Enamorus|flinch\n|\n|-sideend|p2: 12123434a|move: Tailwind\n|upkeep\n|turn|6\n|inactive|lonelyzombi3 has 120 seconds left.\n|\n|t:|1698015584\n|move|p1a: Volcarona|Protect|p1a: Volcarona\n|-singleturn|p1a: Volcarona|Protect\n|move|p1b: Grimmsnarl|Parting Shot|p2b: Glimmora\n|-unboost|p2b: Glimmora|atk|1\n|-unboost|p2b: Glimmora|spa|1\n|\n|t:|1698015590\n|switch|p1b: Amoonguss|Amoonguss, F|73\/100|[from] Parting Shot\n|-damage|p1b: Amoonguss|61\/100|[from] Stealth Rock\n|move|p2b: Glimmora|Power Gem|p1a: Volcarona\n|-activate|p1a: Volcarona|move: Protect\n|move|p2a: Enamorus|Springtide Storm|p1a: Volcarona|[spread] p1b\n|-activate|p1a: Volcarona|move: Protect\n|-resisted|p1b: Amoonguss\n|-damage|p1b: Amoonguss|48\/100\n|\n|upkeep\n|turn|7\n|\n|t:|1698015601\n|move|p1b: Amoonguss|Rage Powder|p1b: Amoonguss\n|-singleturn|p1b: Amoonguss|move: Rage Powder\n|move|p1a: Volcarona|Giga Drain|p2b: Glimmora\n|-damage|p2b: Glimmora|17\/100\n|-heal|p1a: Volcarona|63\/100|[from] drain|[of] p2b: Glimmora\n|move|p2b: Glimmora|Power Gem|p1b: Amoonguss\n|-damage|p1b: Amoonguss|37\/100\n|move|p2a: Enamorus|Mystical Fire|p1b: Amoonguss\n|-supereffective|p1b: Amoonguss\n|-damage|p1b: Amoonguss|4\/100\n|-unboost|p1b: Amoonguss|spa|1\n|-enditem|p1b: Amoonguss|Iapapa Berry|[eat]\n|-heal|p1b: Amoonguss|37\/100|[from] item: Iapapa Berry\n|\n|upkeep\n|turn|8\n|\n|t:|1698015618\n|move|p1b: Amoonguss|Rage Powder|p1b: Amoonguss\n|-singleturn|p1b: Amoonguss|move: Rage Powder\n|move|p1a: Volcarona|Fiery Dance|p2a: Enamorus\n|-damage|p2a: Enamorus|0 fnt\n|-boost|p1a: Volcarona|spa|1\n|faint|p2a: Enamorus\n|move|p2b: Glimmora|Mortal Spin|p1a: Volcarona|[spread] p1a,p1b\n|-damage|p1a: Volcarona|61\/100\n|-damage|p1b: Amoonguss|36\/100\n|-status|p1a: Volcarona|psn\n|\n|-damage|p1a: Volcarona|49\/100 psn|[from] psn\n|upkeep\n|\n|t:|1698015626\n|switch|p2a: Dragonite|Dragonite, F|100\/100\n|turn|9\n|\n|t:|1698015651\n|switch|p2b: Chien-Pao|Chien-Pao|100\/100\n|-ability|p2b: Chien-Pao|Sword of Ruin\n|move|p1a: Volcarona|Protect|p1a: Volcarona\n|-singleturn|p1a: Volcarona|Protect\n|move|p2a: Dragonite|Rock Slide|p1a: Volcarona|[spread] p1b\n|-activate|p1a: Volcarona|move: Protect\n|-damage|p1b: Amoonguss|9\/100\n|move|p1b: Amoonguss|Spore|p2a: Dragonite\n|-status|p2a: Dragonite|slp|[from] move: Spore\n|\n|-damage|p1a: Volcarona|36\/100 psn|[from] psn\n|-sideend|p1: lonelyzombi3|move: Light Screen\n|upkeep\n|turn|10\n|\n|t:|1698015668\n|move|p1b: Amoonguss|Rage Powder|p1b: Amoonguss\n|-singleturn|p1b: Amoonguss|move: Rage Powder\n|move|p2b: Chien-Pao|Sucker Punch||[still]\n|-fail|p2b: Chien-Pao\n|move|p1a: Volcarona|Giga Drain|p2b: Chien-Pao\n|-damage|p2b: Chien-Pao|45\/100\n|-heal|p1a: Volcarona|62\/100 psn|[from] drain|[of] p2b: Chien-Pao\n|cant|p2a: Dragonite|slp\n|\n|-damage|p1a: Volcarona|50\/100 psn|[from] psn\n|upkeep\n|turn|11\n|inactive|lonelyzombi3 has 120 seconds left.\n|inactive|12123434a has 120 seconds left.\n|\n|t:|1698015721\n|switch|p2b: Gholdengo|Gholdengo|100\/100\n|move|p1b: Amoonguss|Rage Powder|p1b: Amoonguss\n|-singleturn|p1b: Amoonguss|move: Rage Powder\n|move|p1a: Volcarona|Giga Drain|p2b: Gholdengo\n|-resisted|p2b: Gholdengo\n|-damage|p2b: Gholdengo|72\/100\n|-heal|p1a: Volcarona|64\/100 psn|[from] drain|[of] p2b: Gholdengo\n|cant|p2a: Dragonite|slp\n|\n|-heal|p2b: Gholdengo|78\/100|[from] item: Leftovers\n|-damage|p1a: Volcarona|52\/100 psn|[from] psn\n|upkeep\n|turn|12\n|inactive|lonelyzombi3 has 120 seconds left.\n|inactive|12123434a has 120 seconds left.\n|inactive|lonelyzombi3 has 90 seconds left.\n|\n|t:|1698015763\n|switch|p1b: Grimmsnarl|Grimmsnarl, M|55\/100\n|-damage|p1b: Grimmsnarl|43\/100|[from] Stealth Rock\n|move|p1a: Volcarona|Protect|p1a: Volcarona\n|-singleturn|p1a: Volcarona|Protect\n|move|p2b: Gholdengo|Shadow Ball|p1b: Grimmsnarl\n|-resisted|p1b: Grimmsnarl\n|-damage|p1b: Grimmsnarl|21\/100\n|cant|p2a: Dragonite|slp\n|\n|-heal|p2b: Gholdengo|84\/100|[from] item: Leftovers\n|-damage|p1a: Volcarona|39\/100 psn|[from] psn\n|upkeep\n|turn|13\n|inactive|12123434a has 120 seconds left.\n|\n|t:|1698015779\n|move|p1b: Grimmsnarl|Reflect|p1b: Grimmsnarl\n|-sidestart|p1: lonelyzombi3|Reflect\n|move|p1a: Volcarona|Fiery Dance|p2b: Gholdengo\n|-supereffective|p2b: Gholdengo\n|-damage|p2b: Gholdengo|0 fnt\n|faint|p2b: Gholdengo\n|-curestatus|p2a: Dragonite|slp|[msg]\n|move|p2a: Dragonite|Rock Slide|p1b: Grimmsnarl|[spread] p1b\n|-miss|p2a: Dragonite|p1a: Volcarona\n|-damage|p1b: Grimmsnarl|6\/100\n|\n|-damage|p1a: Volcarona|27\/100 psn|[from] psn\n|upkeep\n|c|\u260612123434a|Bruh\n|c|\u260612123434a|Luckies dude ever \ud83d\ude35\n|\n|t:|1698015801\n|switch|p2b: Chien-Pao|Chien-Pao|45\/100\n|-ability|p2b: Chien-Pao|Sword of Ruin\n|turn|14\n|inactive|12123434a has 120 seconds left.\n|\n|t:|1698015809\n|move|p1a: Volcarona|Protect|p1a: Volcarona\n|-singleturn|p1a: Volcarona|Protect\n|move|p2a: Dragonite|Extreme Speed|p1a: Volcarona\n|-activate|p1a: Volcarona|move: Protect\n|move|p2b: Chien-Pao|Ice Shard|p1b: Grimmsnarl\n|-damage|p1b: Grimmsnarl|0 fnt\n|faint|p1b: Grimmsnarl\n|\n|-damage|p1a: Volcarona|14\/100 psn|[from] psn\n|upkeep\n|c|\u260612123434a|This bs\n|\n|t:|1698015817\n|switch|p1b: Dragapult|Dragapult, F|100\/100\n|-damage|p1b: Dragapult|88\/100|[from] Stealth Rock\n|turn|15\n|\n|t:|1698015833\n|-terastallize|p2a: Dragonite|Normal\n|move|p1b: Dragapult|Protect|p1b: Dragapult\n|-singleturn|p1b: Dragapult|Protect\n|move|p2b: Chien-Pao|Sucker Punch||[still]\n|-fail|p2b: Chien-Pao\n|move|p1a: Volcarona|Fiery Dance|p2b: Chien-Pao\n|-supereffective|p2b: Chien-Pao\n|-damage|p2b: Chien-Pao|0 fnt\n|faint|p2b: Chien-Pao\n|move|p2a: Dragonite|Dragon Dance|p2a: Dragonite\n|-boost|p2a: Dragonite|atk|1\n|-boost|p2a: Dragonite|spe|1\n|\n|-heal|p1b: Dragapult|94\/100|[from] item: Leftovers\n|-damage|p1a: Volcarona|2\/100 psn|[from] psn\n|upkeep\n|\n|t:|1698015837\n|switch|p2b: Chi-Yu|Chi-Yu|100\/100\n|-ability|p2b: Chi-Yu|Beads of Ruin\n|turn|16\n|inactive|lonelyzombi3 has 120 seconds left.\n|inactive|12123434a has 120 seconds left.\n|\n|t:|1698015889\n|switch|p1b: Amoonguss|Amoonguss, F|42\/100\n|-damage|p1b: Amoonguss|30\/100|[from] Stealth Rock\n|move|p1a: Volcarona|Giga Drain|p2b: Chi-Yu\n|-resisted|p2b: Chi-Yu\n|-damage|p2b: Chi-Yu|72\/100\n|-heal|p1a: Volcarona|14\/100 psn|[from] drain|[of] p2b: Chi-Yu\n|move|p2b: Chi-Yu|Dark Pulse|p1b: Amoonguss\n|-damage|p1b: Amoonguss|0 fnt\n|faint|p1b: Amoonguss\n|-damage|p2b: Chi-Yu|62\/100|[from] item: Life Orb\n|move|p2a: Dragonite|Rock Slide|p1a: Volcarona\n|-supereffective|p1a: Volcarona\n|-crit|p1a: Volcarona\n|-damage|p1a: Volcarona|0 fnt\n|faint|p1a: Volcarona\n|\n|upkeep\n|inactive|lonelyzombi3 has 90 seconds left.\n|\n|t:|1698015914\n|switch|p1a: Rillaboom|Rillaboom, F|100\/100\n|switch|p1b: Dragapult|Dragapult, F|94\/100\n|-damage|p1b: Dragapult|82\/100|[from] Stealth Rock\n|-damage|p1a: Rillaboom|88\/100|[from] Stealth Rock\n|-fieldstart|move: Grassy Terrain|[from] ability: Grassy Surge|[of] p1a: Rillaboom\n|turn|17\n|\n|t:|1698015922\n|move|p1a: Rillaboom|Grassy Glide|p2b: Chi-Yu\n|-resisted|p2b: Chi-Yu\n|-damage|p2b: Chi-Yu|20\/100\n|move|p1b: Dragapult|Dragon Darts|p2a: Dragonite\n|-damage|p2a: Dragonite|88\/100\n|-anim|p1b: Dragapult|Dragon Darts|p2b: Chi-Yu\n|-crit|p2b: Chi-Yu\n|-damage|p2b: Chi-Yu|0 fnt\n|faint|p2b: Chi-Yu\n|move|p2a: Dragonite|Dragon Claw|p1b: Dragapult\n|-supereffective|p1b: Dragapult\n|-damage|p1b: Dragapult|0 fnt\n|faint|p1b: Dragapult\n|\n|-heal|p2a: Dragonite|94\/100|[from] Grassy Terrain\n|-heal|p1a: Rillaboom|94\/100|[from] Grassy Terrain\n|upkeep\n|\n|t:|1698015934\n|switch|p2b: Glimmora|Glimmora, F|17\/100\n|turn|18\n|\n|t:|1698015940\n|move|p2a: Dragonite|Extreme Speed|p1a: Rillaboom\n|-enditem|p2a: Dragonite|Normal Gem|[from] gem\n|-damage|p1a: Rillaboom|37\/100\n|move|p1a: Rillaboom|Grassy Glide|p2b: Glimmora\n|-damage|p2b: Glimmora|0 fnt\n|-activate|p2b: Glimmora|ability: Toxic Debris\n|-sidestart|p1: lonelyzombi3|move: Toxic Spikes\n|faint|p2b: Glimmora\n|\n|-heal|p2a: Dragonite|99\/100|[from] Grassy Terrain\n|-heal|p1a: Rillaboom|43\/100|[from] Grassy Terrain\n|upkeep\n|turn|19\n|-message|lonelyzombi3 forfeited.\n|\n|win|12123434a\n|raw|lonelyzombi3's rating: 1572 &rarr; <strong>1554<\/strong><br \/>(-18 for losing)\n|raw|12123434a's rating: 1615 &rarr; <strong>1633<\/strong><br \/>(+18 for winning)\n|l|\u2606lonelyzombi3\n|c|\u260612123434a|Bruh\n","uploadtime":1698015955,"views":15,"p1id":"lonelyzombi3","p2id":"12123434a","formatid":"gen9doublesou","rating":1554,"private":0,"password":""}