{"id":"gen9doublesou-1994758344","p1":"vegetasfeet","p2":"Mhammed","format":"[Gen 9] Doubles OU","log":"|j|\u2606vegetasfeet\n|j|\u2606Mhammed\n|t:|1700489824\n|gametype|doubles\n|player|p1|vegetasfeet|brycen|1313\n|player|p2|Mhammed|benga|1329\n|teamsize|p1|6\n|teamsize|p2|6\n|gen|9\n|tier|[Gen 9] Doubles OU\n|rated|\n|rule|Species Clause: Limit one of each Pok\u00e9mon\n|rule|OHKO Clause: OHKO moves are banned\n|rule|Evasion Moves Clause: Evasion moves are banned\n|rule|Gravity Sleep Clause: The combination of sleep-inducing moves with imperfect accuracy and Gravity or Gigantamax Orbeetle are banned\n|rule|Endless Battle Clause: Forcing endless battles is banned\n|rule|HP Percentage Mod: HP is shown in percentages\n|clearpoke\n|poke|p1|Scizor, F|\n|poke|p1|Tornadus, M|\n|poke|p1|Chien-Pao|\n|poke|p1|Iron Hands|\n|poke|p1|Volcanion|\n|poke|p1|Great Tusk|\n|poke|p2|Ursaluna, M|\n|poke|p2|Gallade, M|\n|poke|p2|Chien-Pao|\n|poke|p2|Flutter Mane|\n|poke|p2|Sinistcha|\n|poke|p2|Tornadus, M|\n|teampreview\n|inactive|Battle timer is ON: inactive players will automatically lose when time's up. (requested by vegetasfeet)\n|\n|t:|1700489829\n|start\n|switch|p1a: YN Jay|Tornadus, M|100\/100\n|switch|p1b: Kawhi Leonard|Scizor, F|100\/100\n|switch|p2a: Tornadus|Tornadus, M|100\/100\n|switch|p2b: Gallade|Gallade, M|100\/100\n|turn|1\n|\n|t:|1700489838\n|move|p1a: YN Jay|Tailwind|p1a: YN Jay\n|-sidestart|p1: vegetasfeet|move: Tailwind\n|move|p2a: Tornadus|Tailwind|p2a: Tornadus\n|-sidestart|p2: Mhammed|move: Tailwind\n|move|p2b: Gallade|Sacred Sword|p1b: Kawhi Leonard\n|-damage|p1b: Kawhi Leonard|3\/100\n|-damage|p2b: Gallade|91\/100|[from] item: Life Orb\n|move|p1b: Kawhi Leonard|U-turn|p2b: Gallade\n|-damage|p2b: Gallade|0 fnt\n|faint|p2b: Gallade\n|\n|t:|1700489854\n|switch|p1b: Iggy Azalea|Chien-Pao|100\/100|[from] U-turn\n|-ability|p1b: Iggy Azalea|Sword of Ruin\n|\n|upkeep\n|\n|t:|1700489870\n|switch|p2b: Chien-Pao|Chien-Pao|100\/100\n|-ability|p2b: Chien-Pao|Sword of Ruin\n|turn|2\n|\n|t:|1700489879\n|move|p1b: Iggy Azalea|Protect|p1b: Iggy Azalea\n|-singleturn|p1b: Iggy Azalea|Protect\n|move|p2b: Chien-Pao|Sacred Sword|p1b: Iggy Azalea\n|-activate|p1b: Iggy Azalea|move: Protect\n|move|p1a: YN Jay|Bleakwind Storm|p2b: Chien-Pao|[spread] p2a\n|-miss|p1a: YN Jay|p2b: Chien-Pao\n|-damage|p2a: Tornadus|51\/100\n|move|p2a: Tornadus|Bleakwind Storm|p1b: Iggy Azalea|[spread] \n|-activate|p1b: Iggy Azalea|move: Protect\n|-miss|p2a: Tornadus|p1a: YN Jay\n|\n|upkeep\n|turn|3\n|\n|t:|1700489895\n|-terastallize|p1b: Iggy Azalea|Ghost\n|move|p2b: Chien-Pao|Sacred Sword|p1b: Iggy Azalea\n|-immune|p1b: Iggy Azalea\n|move|p1b: Iggy Azalea|Sacred Sword|p2b: Chien-Pao\n|-supereffective|p2b: Chien-Pao\n|-crit|p2b: Chien-Pao\n|-damage|p2b: Chien-Pao|0 fnt\n|faint|p2b: Chien-Pao\n|-damage|p1b: Iggy Azalea|91\/100|[from] item: Life Orb\n|move|p1a: YN Jay|Bleakwind Storm|p2a: Tornadus\n|-crit|p2a: Tornadus\n|-damage|p2a: Tornadus|0 fnt\n|faint|p2a: Tornadus\n|\n|upkeep\n|\n|t:|1700489900\n|switch|p2b: freddy fazbear|Ursaluna, M|100\/100\n|switch|p2a: Flutter Mane|Flutter Mane|100\/100\n|-enditem|p2a: Flutter Mane|Booster Energy\n|-activate|p2a: Flutter Mane|ability: Protosynthesis|[fromitem]\n|-start|p2a: Flutter Mane|protosynthesisspa\n|turn|4\n|\n|t:|1700489916\n|move|p1b: Iggy Azalea|Protect|p1b: Iggy Azalea\n|-singleturn|p1b: Iggy Azalea|Protect\n|move|p2a: Flutter Mane|Shadow Ball|p1b: Iggy Azalea\n|-activate|p1b: Iggy Azalea|move: Protect\n|move|p1a: YN Jay|Bleakwind Storm|p2a: Flutter Mane|[spread] p2a,p2b\n|-damage|p2a: Flutter Mane|63\/100\n|-damage|p2b: freddy fazbear|67\/100\n|-unboost|p2b: freddy fazbear|spe|1\n|move|p2b: freddy fazbear|Rock Slide|p1b: Iggy Azalea|[spread] p1a\n|-activate|p1b: Iggy Azalea|move: Protect\n|-supereffective|p1a: YN Jay\n|-damage|p1a: YN Jay|13\/100\n|\n|-sideend|p1: vegetasfeet|move: Tailwind\n|-sideend|p2: Mhammed|move: Tailwind\n|-status|p2b: freddy fazbear|brn|[from] item: Flame Orb\n|upkeep\n|turn|5\n|\n|t:|1700489937\n|move|p1a: YN Jay|Tailwind|p1a: YN Jay\n|-sidestart|p1: vegetasfeet|move: Tailwind\n|move|p1b: Iggy Azalea|Throat Chop|p2a: Flutter Mane\n|-damage|p2a: Flutter Mane|0 fnt\n|faint|p2a: Flutter Mane\n|-end|p2a: Flutter Mane|Protosynthesis|[silent]\n|-damage|p1b: Iggy Azalea|81\/100|[from] item: Life Orb\n|move|p2b: freddy fazbear|Rock Slide|p1a: YN Jay|[spread] p1a,p1b\n|-supereffective|p1a: YN Jay\n|-damage|p1a: YN Jay|0 fnt\n|-damage|p1b: Iggy Azalea|38\/100\n|faint|p1a: YN Jay\n|\n|-damage|p2b: freddy fazbear|61\/100 brn|[from] brn\n|upkeep\n|\n|t:|1700489946\n|switch|p2a: THE GOAT|Sinistcha|100\/100\n|switch|p1a: Volcanion|Volcanion|100\/100\n|-heal|p2b: freddy fazbear|85\/100 brn|[from] ability: Hospitality|[of] p2a: THE GOAT\n|turn|6\n|\n|t:|1700489952\n|move|p1b: Iggy Azalea|Throat Chop|p2a: THE GOAT\n|-supereffective|p2a: THE GOAT\n|-damage|p2a: THE GOAT|0 fnt\n|faint|p2a: THE GOAT\n|-damage|p1b: Iggy Azalea|28\/100|[from] item: Life Orb\n|move|p1a: Volcanion|Steam Eruption|p2b: freddy fazbear\n|-supereffective|p2b: freddy fazbear\n|-damage|p2b: freddy fazbear|0 fnt\n|faint|p2b: freddy fazbear\n|\n|win|vegetasfeet\n|raw|vegetasfeet's rating: 1313 &rarr; <strong>1334<\/strong><br \/>(+21 for winning)\n|raw|Mhammed's rating: 1329 &rarr; <strong>1308<\/strong><br \/>(-21 for losing)\n|l|\u2606Mhammed\n","uploadtime":1700489961,"views":11,"p1id":"vegetasfeet","p2id":"mhammed","formatid":"gen9doublesou","rating":1308,"private":0,"password":""}