{"id":"gen9doublesou-1992528133","p1":"gbutters19","p2":"Happy1912owl","format":"[Gen 9] Doubles OU","log":"|j|\u2606gbutters19\n|j|\u2606Happy1912owl\n|t:|1700200036\n|gametype|doubles\n|player|p1|gbutters19|chef|\n|player|p2|Happy1912owl|steven|\n|teamsize|p1|6\n|teamsize|p2|6\n|gen|9\n|tier|[Gen 9] Doubles OU\n|rule|Species Clause: Limit one of each Pok\u00e9mon\n|rule|OHKO Clause: OHKO moves are banned\n|rule|Evasion Moves Clause: Evasion moves are banned\n|rule|Gravity Sleep Clause: The combination of sleep-inducing moves with imperfect accuracy and Gravity or Gigantamax Orbeetle are banned\n|rule|Endless Battle Clause: Forcing endless battles is banned\n|rule|HP Percentage Mod: HP is shown in percentages\n|clearpoke\n|poke|p1|Toedscool, F|\n|poke|p1|Iron Hands|\n|poke|p1|Cresselia, F|\n|poke|p1|Rotom-Fan|\n|poke|p1|Sylveon, M|\n|poke|p1|Snorlax, M|\n|poke|p2|Dipplin, F|\n|poke|p2|Scovillain, F|\n|poke|p2|Tropius, M|\n|poke|p2|Scream Tail|\n|poke|p2|Farigiraf, F|\n|poke|p2|Azumarill, M|\n|teampreview\n|c|\u2606gbutters19|glhf!\n|j| ff4fan\n|\n|t:|1700200064\n|start\n|switch|p1a: Toedscool|Toedscool, F, shiny|100\/100\n|switch|p1b: Snorlax|Snorlax, M|100\/100\n|switch|p2a: Flying mower|Tropius, M, shiny|100\/100\n|switch|p2b: Carolina Reaper|Scovillain, F, shiny|100\/100\n|turn|1\n|c| ff4fan|glhf\n|\n|t:|1700200087\n|move|p2b: Carolina Reaper|Lash Out|p1a: Toedscool\n|-damage|p1a: Toedscool|82\/100\n|move|p2a: Flying mower|Sunny Day|p2a: Flying mower\n|-weather|SunnyDay\n|move|p1b: Snorlax|Belly Drum|p1b: Snorlax\n|-damage|p1b: Snorlax|50\/100\n|-setboost|p1b: Snorlax|atk|6|[from] move: Belly Drum\n|-enditem|p1b: Snorlax|Sitrus Berry|[eat]\n|-heal|p1b: Snorlax|75\/100|[from] item: Sitrus Berry\n|move|p1a: Toedscool|Trick Room|p1a: Toedscool\n|-fieldstart|move: Trick Room|[of] p1a: Toedscool\n|\n|-weather|SunnyDay|[upkeep]\n|upkeep\n|turn|2\n|\n|t:|1700200113\n|switch|p1a: Rotom|Rotom-Fan|100\/100\n|move|p1b: Snorlax|Facade|p2b: Carolina Reaper\n|-enditem|p2b: Carolina Reaper|Focus Sash\n|-damage|p2b: Carolina Reaper|1\/100\n|move|p2a: Flying mower|Leech Seed|p1b: Snorlax\n|-start|p1b: Snorlax|move: Leech Seed\n|move|p2b: Carolina Reaper|Lash Out|p1a: Rotom\n|-crit|p1a: Rotom\n|-damage|p1a: Rotom|67\/100\n|\n|-weather|SunnyDay|[upkeep]\n|-heal|p1a: Rotom|73\/100|[from] item: Leftovers\n|-damage|p1b: Snorlax|63\/100|[from] Leech Seed|[of] p2a: Flying mower\n|upkeep\n|turn|3\n|\n|t:|1700200144\n|move|p1b: Snorlax|Facade|p2a: Flying mower\n|-damage|p2a: Flying mower|0 fnt\n|faint|p2a: Flying mower\n|move|p1a: Rotom|Volt Switch|p2b: Carolina Reaper\n|-resisted|p2b: Carolina Reaper\n|-damage|p2b: Carolina Reaper|0 fnt\n|faint|p2b: Carolina Reaper\n|\n|t:|1700200152\n|switch|p1a: Cresselia|Cresselia, F|100\/100|[from] Volt Switch\n|\n|-weather|SunnyDay|[upkeep]\n|upkeep\n|\n|t:|1700200166\n|switch|p2a: Happy\u2019s revenge|Dipplin, F, shiny|100\/100\n|switch|p2b: Zombie Happy|Scream Tail, shiny|100\/100\n|-ability|p2a: Happy\u2019s revenge|Supersweet Syrup\n|-ability|p2a: Happy\u2019s revenge|Supersweet Syrup|boost\n|-unboost|p1a: Cresselia|evasion|1\n|-unboost|p1b: Snorlax|evasion|1\n|-activate|p2b: Zombie Happy|ability: Protosynthesis\n|-start|p2b: Zombie Happy|protosynthesisspd\n|turn|4\n|\n|t:|1700200187\n|move|p1b: Snorlax|Facade|p2a: Happy\u2019s revenge\n|-damage|p2a: Happy\u2019s revenge|0 fnt\n|faint|p2a: Happy\u2019s revenge\n|move|p1a: Cresselia|Lunar Blessing|p1a: Cresselia|[spread] p1a,p1b\n|-heal|p1b: Snorlax|88\/100\n|move|p2b: Zombie Happy|Psychic Fangs|p1a: Cresselia\n|-resisted|p1a: Cresselia\n|-damage|p1a: Cresselia|94\/100\n|-damage|p2b: Zombie Happy|84\/100|[from] item: Rocky Helmet|[of] p1a: Cresselia\n|\n|-weather|SunnyDay|[upkeep]\n|upkeep\n|\n|t:|1700200201\n|switch|p2a: Safari Guardians|Farigiraf, F, shiny|100\/100\n|turn|5\n|\n|t:|1700200213\n|switch|p1a: Toedscool|Toedscool, F, shiny|82\/100\n|move|p1b: Snorlax|Facade|p2a: Safari Guardians\n|-damage|p2a: Safari Guardians|0 fnt\n|faint|p2a: Safari Guardians\n|move|p2b: Zombie Happy|Ice Punch|p1a: Toedscool\n|-supereffective|p1a: Toedscool\n|-damage|p1a: Toedscool|13\/100\n|\n|-weather|none\n|-end|p2b: Zombie Happy|Protosynthesis\n|-fieldend|move: Trick Room\n|upkeep\n|\n|t:|1700200226\n|switch|p2a: Belly rubs please|Azumarill, M, shiny|100\/100\n|turn|6\n|\n|t:|1700200239\n|switch|p1a: Iron Hands|Iron Hands, shiny|100\/100\n|-terastallize|p1b: Snorlax|Water\n|move|p2b: Zombie Happy|Crunch|p1a: Iron Hands\n|-resisted|p1a: Iron Hands\n|-damage|p1a: Iron Hands|95\/100\n|move|p2a: Belly rubs please|Knock Off|p1b: Snorlax\n|-damage|p1b: Snorlax|64\/100\n|move|p1b: Snorlax|Facade|p2a: Belly rubs please\n|-damage|p2a: Belly rubs please|0 fnt\n|faint|p2a: Belly rubs please\n|\n|upkeep\n|turn|7\n|\n|t:|1700200258\n|move|p2b: Zombie Happy|Ice Punch|p1a: Iron Hands\n|-damage|p1a: Iron Hands|85\/100\n|move|p1a: Iron Hands|Heavy Slam|p2b: Zombie Happy\n|-supereffective|p2b: Zombie Happy\n|-damage|p2b: Zombie Happy|9\/100\n|move|p1b: Snorlax|Facade|p2b: Zombie Happy\n|-damage|p2b: Zombie Happy|0 fnt\n|faint|p2b: Zombie Happy\n|-end|p2b: Zombie Happy|Protosynthesis|[silent]\n|\n|win|gbutters19\n|c|\u2606gbutters19|gg\n|c| ff4fan|oof.  gg\n|l|\u2606Happy1912owl\n|l| ff4fan\n|j|\u2606Happy1912owl\n|player|p2|Happy1912owl|steven\n|l|\u2606Happy1912owl\n|player|p2|\n","uploadtime":1700200271,"views":11,"p1id":"gbutters19","p2id":"happy1912owl","formatid":"gen9doublesou","rating":0,"private":0,"password":""}