{"id":"gen9doublesou-1974376673","p1":"NZera","p2":"Thingsandsturf","format":"[Gen 9] Doubles OU","log":"|j|\u2606NZera\n|j|\u2606Thingsandsturf\n|t:|1698082107\n|gametype|doubles\n|player|p1|NZera|grimsley|1264\n|player|p2|Thingsandsturf|169|1316\n|teamsize|p1|6\n|teamsize|p2|6\n|gen|9\n|tier|[Gen 9] Doubles OU\n|rated|\n|rule|Species Clause: Limit one of each Pok\u00e9mon\n|rule|OHKO Clause: OHKO moves are banned\n|rule|Evasion Moves Clause: Evasion moves are banned\n|rule|Gravity Sleep Clause: The combination of sleep-inducing moves with imperfect accuracy and Gravity or Gigantamax Orbeetle are banned\n|rule|Endless Battle Clause: Forcing endless battles is banned\n|rule|HP Percentage Mod: HP is shown in percentages\n|clearpoke\n|poke|p1|Mienshao, M|\n|poke|p1|Amoonguss, M|\n|poke|p1|Slowbro-Galar, M|\n|poke|p1|Slowking-Galar, M|\n|poke|p1|Tornadus-Therian, M|\n|poke|p1|Toxapex, M|\n|poke|p2|Diancie|\n|poke|p2|Golduck, F|\n|poke|p2|Grimmsnarl, M|\n|poke|p2|Pincurchin, F|\n|poke|p2|Magcargo, F|\n|poke|p2|Farigiraf, M|\n|teampreview\n|inactive|Battle timer is ON: inactive players will automatically lose when time's up. (requested by NZera)\n|\n|t:|1698082130\n|start\n|switch|p1a: Mienshao|Mienshao, M|100\/100\n|switch|p1b: Amoonguss|Amoonguss, M|100\/100\n|switch|p2a: Magcargo|Magcargo, F|100\/100\n|switch|p2b: Grimmsnarl|Grimmsnarl, M|100\/100\n|turn|1\n|inactive|NZera has 120 seconds left.\n|c|\u2606Thingsandsturf|Think long and hard\n|\n|t:|1698082164\n|switch|p2b: Farigiraf|Farigiraf, M|100\/100\n|move|p1a: Mienshao|Fake Out||[still]\n|cant|p2b: Farigiraf|ability: Armor Tail|Fake Out|[of] p1a: Mienshao\n|move|p1b: Amoonguss|Spore|p2b: Farigiraf\n|-status|p2b: Farigiraf|slp|[from] move: Spore\n|move|p2a: Magcargo|Heat Wave|p1a: Mienshao|[spread] p1a,p1b\n|-supereffective|p1b: Amoonguss\n|-damage|p1a: Mienshao|59\/100\n|-damage|p1b: Amoonguss|46\/100\n|\n|-heal|p1b: Amoonguss|53\/100|[from] item: Black Sludge\n|upkeep\n|turn|2\n|c|\u2606Thingsandsturf|It's a struggle\n|c|\u2606NZera|ok\n|inactive|NZera has 120 seconds left.\n|\n|t:|1698082193\n|switch|p2b: Pincurchin|Pincurchin, F|100\/100\n|-fieldstart|move: Electric Terrain|[from] ability: Electric Surge|[of] p2b: Pincurchin\n|-terastallize|p2a: Magcargo|Water\n|move|p1a: Mienshao|Knock Off|p2a: Magcargo\n|-damage|p2a: Magcargo|69\/100\n|-enditem|p2a: Magcargo|Leftovers|[from] move: Knock Off|[of] p1a: Mienshao\n|move|p1b: Amoonguss|Giga Drain|p2b: Pincurchin\n|-damage|p2b: Pincurchin|73\/100\n|-heal|p1b: Amoonguss|62\/100|[from] drain|[of] p2b: Pincurchin\n|move|p2a: Magcargo|Heat Wave|p1a: Mienshao|[spread] p1a,p1b\n|-crit|p1a: Mienshao\n|-supereffective|p1b: Amoonguss\n|-damage|p1a: Mienshao|0 fnt\n|-damage|p1b: Amoonguss|6\/100\n|-status|p1b: Amoonguss|brn\n|faint|p1a: Mienshao\n|\n|-heal|p1b: Amoonguss|12\/100 brn|[from] item: Black Sludge\n|-damage|p1b: Amoonguss|6\/100 brn|[from] brn\n|upkeep\n|inactive|NZera has 120 seconds left.\n|c|\u2606Thingsandsturf|Think so deeply!\n|\n|t:|1698082210\n|switch|p1a: Toxapex|Toxapex, M|100\/100\n|turn|3\n|\n|t:|1698082228\n|move|p1b: Amoonguss|Rage Powder|p1b: Amoonguss\n|-singleturn|p1b: Amoonguss|move: Rage Powder\n|move|p1a: Toxapex|Toxic|p2a: Magcargo\n|-status|p2a: Magcargo|tox\n|move|p2a: Magcargo|Heat Wave|p1b: Amoonguss|[spread] p1a,p1b\n|-resisted|p1a: Toxapex\n|-supereffective|p1b: Amoonguss\n|-damage|p1a: Toxapex|90\/100\n|-damage|p1b: Amoonguss|0 fnt\n|faint|p1b: Amoonguss\n|move|p2b: Pincurchin|Zing Zap|p1a: Toxapex\n|-supereffective|p1a: Toxapex\n|-damage|p1a: Toxapex|2\/100\n|-damage|p2b: Pincurchin|63\/100|[from] item: Life Orb\n|\n|-heal|p1a: Toxapex|9\/100|[from] item: Black Sludge\n|-damage|p2a: Magcargo|63\/100 tox|[from] psn\n|upkeep\n|inactive|NZera has 120 seconds left.\n|\n|t:|1698082248\n|switch|p1b: Slowbro|Slowbro-Galar, M|100\/100\n|turn|4\n|\n|t:|1698082261\n|move|p1a: Toxapex|Baneful Bunker|p1a: Toxapex\n|-singleturn|p1a: Toxapex|move: Protect\n|move|p1b: Slowbro|Shell Side Arm|p2b: Pincurchin|[anim] Shell Side Arm Special\n|-damage|p2b: Pincurchin|4\/100\n|-hint|Special Shell Side Arm\n|move|p2a: Magcargo|Earth Power|p1b: Slowbro\n|-supereffective|p1b: Slowbro\n|-damage|p1b: Slowbro|39\/100\n|move|p2b: Pincurchin|Zing Zap|p1b: Slowbro\n|-damage|p1b: Slowbro|0 fnt\n|faint|p1b: Slowbro\n|-damage|p2b: Pincurchin|0 fnt|[from] item: Life Orb\n|faint|p2b: Pincurchin\n|\n|-heal|p1a: Toxapex|15\/100|[from] item: Black Sludge\n|-damage|p2a: Magcargo|51\/100 tox|[from] psn\n|upkeep\n|\n|t:|1698082282\n|switch|p1b: Slowking|Slowking-Galar, M|100\/100\n|switch|p2b: Grimmsnarl|Grimmsnarl, M|100\/100\n|turn|5\n|\n|t:|1698082296\n|switch|p1a: Tornadus|Tornadus-Therian, M|100\/100\n|move|p2b: Grimmsnarl|Light Screen|p2b: Grimmsnarl\n|-sidestart|p2: Thingsandsturf|move: Light Screen\n|move|p1b: Slowking|Chilly Reception|p1b: Slowking\n|-weather|Snow\n|\n|t:|1698082303\n|switch|p1b: Toxapex|Toxapex, M|48\/100|[from] Chilly Reception\n|move|p2a: Magcargo|Earth Power|p1a: Tornadus\n|-immune|p1a: Tornadus\n|\n|-weather|Snow|[upkeep]\n|-heal|p1b: Toxapex|54\/100|[from] item: Black Sludge\n|-damage|p2a: Magcargo|32\/100 tox|[from] psn\n|upkeep\n|turn|6\n|\n|t:|1698082320\n|switch|p2a: Farigiraf|Farigiraf, M|100\/100 slp\n|move|p1b: Toxapex|Baneful Bunker|p1b: Toxapex\n|-singleturn|p1b: Toxapex|move: Protect\n|move|p1a: Tornadus|Taunt|p2b: Grimmsnarl\n|-start|p2b: Grimmsnarl|move: Taunt\n|move|p2b: Grimmsnarl|Spirit Break|p1a: Tornadus\n|-damage|p1a: Tornadus|57\/100\n|-unboost|p1a: Tornadus|spa|1\n|\n|-weather|Snow|[upkeep]\n|-heal|p1b: Toxapex|61\/100|[from] item: Black Sludge\n|-fieldend|move: Electric Terrain\n|upkeep\n|turn|7\n|\n|t:|1698082341\n|switch|p1a: Slowking|Slowking-Galar, M|100\/100\n|switch|p2b: Diancie|Diancie|100\/100\n|move|p1b: Toxapex|Toxic|p2b: Diancie\n|-status|p2b: Diancie|tox\n|cant|p2a: Farigiraf|slp\n|\n|-weather|Snow|[upkeep]\n|-heal|p1b: Toxapex|67\/100|[from] item: Black Sludge\n|-damage|p2b: Diancie|94\/100 tox|[from] psn\n|upkeep\n|turn|8\n|\n|t:|1698082362\n|cant|p2a: Farigiraf|slp\n|move|p1a: Slowking|Sludge Bomb|p2b: Diancie\n|-damage|p2b: Diancie|71\/100 tox\n|move|p1b: Toxapex|Infestation|p2a: Farigiraf\n|-supereffective|p2a: Farigiraf\n|-damage|p2a: Farigiraf|97\/100 slp\n|-activate|p2a: Farigiraf|move: Infestation|[of] p1b: Toxapex\n|move|p2b: Diancie|Diamond Storm|p1a: Slowking|[spread] p1a,p1b\n|-damage|p1a: Slowking|74\/100\n|-damage|p1b: Toxapex|49\/100\n|-boost|p2b: Diancie|def|2\n|\n|-weather|Snow|[upkeep]\n|-heal|p1a: Slowking|80\/100|[from] item: Black Sludge\n|-heal|p1b: Toxapex|55\/100|[from] item: Black Sludge\n|-heal|p2b: Diancie|77\/100 tox|[from] item: Leftovers\n|-damage|p2b: Diancie|65\/100 tox|[from] psn\n|-damage|p2a: Farigiraf|85\/100 slp|[from] move: Infestation|[partiallytrapped]\n|upkeep\n|turn|9\n|\n|t:|1698082384\n|-curestatus|p2a: Farigiraf|slp|[msg]\n|move|p2a: Farigiraf|Twin Beam|p1a: Slowking\n|-damage|p1a: Slowking|67\/100\n|-damage|p1a: Slowking|52\/100\n|-hitcount|p1a: Slowking|2\n|move|p1a: Slowking|Eerie Spell|p2b: Diancie\n|-damage|p2b: Diancie|45\/100 tox\n|-activate|p2b: Diancie|move: Eerie Spell|Diamond Storm|3\n|move|p1b: Toxapex|Recover|p1b: Toxapex\n|-heal|p1b: Toxapex|100\/100\n|move|p2b: Diancie|Diamond Storm|p1b: Toxapex|[spread] p1a,p1b\n|-damage|p1a: Slowking|23\/100\n|-damage|p1b: Toxapex|80\/100\n|-boost|p2b: Diancie|def|2\n|\n|-weather|none\n|-heal|p1a: Slowking|29\/100|[from] item: Black Sludge\n|-heal|p1b: Toxapex|87\/100|[from] item: Black Sludge\n|-heal|p2b: Diancie|51\/100 tox|[from] item: Leftovers\n|-damage|p2b: Diancie|32\/100 tox|[from] psn\n|-damage|p2a: Farigiraf|72\/100|[from] move: Infestation|[partiallytrapped]\n|upkeep\n|turn|10\n|\n|t:|1698082411\n|switch|p2b: Golduck|Golduck, F|100\/100\n|-ability|p2b: Golduck|Cloud Nine\n|move|p2a: Farigiraf|Hyper Voice|p1a: Slowking|[spread] p1a,p1b\n|-damage|p1a: Slowking|9\/100\n|-damage|p1b: Toxapex|69\/100\n|move|p1a: Slowking|Slack Off|p1a: Slowking\n|-heal|p1a: Slowking|59\/100\n|move|p1b: Toxapex|Toxic|p2a: Farigiraf\n|-status|p2a: Farigiraf|tox\n|\n|-heal|p1a: Slowking|65\/100|[from] item: Black Sludge\n|-heal|p1b: Toxapex|75\/100|[from] item: Black Sludge\n|-damage|p2a: Farigiraf|66\/100 tox|[from] psn\n|-damage|p2a: Farigiraf|54\/100 tox|[from] move: Infestation|[partiallytrapped]\n|upkeep\n|turn|11\n|\n|t:|1698082427\n|switch|p1a: Tornadus|Tornadus-Therian, M|91\/100\n|move|p2b: Golduck|Taunt|p1a: Tornadus\n|-start|p1a: Tornadus|move: Taunt\n|move|p2a: Farigiraf|Twin Beam|p1b: Toxapex\n|-supereffective|p1b: Toxapex\n|-damage|p1b: Toxapex|53\/100\n|-supereffective|p1b: Toxapex\n|-damage|p1b: Toxapex|32\/100\n|-hitcount|p1b: Toxapex|2\n|move|p1b: Toxapex|Infestation|p2b: Golduck\n|-damage|p2b: Golduck|99\/100\n|-activate|p2b: Golduck|move: Infestation|[of] p1b: Toxapex\n|\n|-heal|p2b: Golduck|100\/100|[from] item: Leftovers\n|-heal|p1b: Toxapex|38\/100|[from] item: Black Sludge\n|-damage|p2a: Farigiraf|42\/100 tox|[from] psn\n|-damage|p2b: Golduck|88\/100|[from] move: Infestation|[partiallytrapped]\n|-damage|p2a: Farigiraf|29\/100 tox|[from] move: Infestation|[partiallytrapped]\n|upkeep\n|turn|12\n|\n|t:|1698082448\n|switch|p1b: Slowking|Slowking-Galar, M|98\/100\n|move|p1a: Tornadus|Bleakwind Storm|p2b: Golduck|[spread] p2b\n|-miss|p1a: Tornadus|p2a: Farigiraf\n|-damage|p2b: Golduck|60\/100\n|move|p2b: Golduck|Ice Beam|p1a: Tornadus\n|-supereffective|p1a: Tornadus\n|-damage|p1a: Tornadus|26\/100\n|-status|p1a: Tornadus|frz\n|move|p2a: Farigiraf|Twin Beam|p1b: Slowking\n|-damage|p1b: Slowking|85\/100\n|-damage|p1b: Slowking|72\/100\n|-hitcount|p1b: Slowking|2\n|\n|-heal|p2b: Golduck|66\/100|[from] item: Leftovers\n|-heal|p1b: Slowking|78\/100|[from] item: Black Sludge\n|-damage|p2a: Farigiraf|11\/100 tox|[from] psn\n|-end|p2b: Golduck|Infestation|[partiallytrapped]|[silent]\n|-end|p2a: Farigiraf|Infestation|[partiallytrapped]\n|-sideend|p2: Thingsandsturf|move: Light Screen\n|upkeep\n|-enditem|p2a: Farigiraf|Aguav Berry|[eat]\n|-heal|p2a: Farigiraf|44\/100 tox|[from] item: Aguav Berry\n|turn|13\n|\n|t:|1698082471\n|switch|p1a: Toxapex|Toxapex, M|71\/100\n|move|p2b: Golduck|Taunt|p1b: Slowking\n|-start|p1b: Slowking|move: Taunt\n|move|p2a: Farigiraf|Twin Beam|p1a: Toxapex\n|-supereffective|p1a: Toxapex\n|-damage|p1a: Toxapex|50\/100\n|-supereffective|p1a: Toxapex\n|-damage|p1a: Toxapex|28\/100\n|-hitcount|p1a: Toxapex|2\n|cant|p1b: Slowking|move: Taunt|Chilly Reception\n|\n|-heal|p2b: Golduck|72\/100|[from] item: Leftovers\n|-heal|p1b: Slowking|84\/100|[from] item: Black Sludge\n|-heal|p1a: Toxapex|34\/100|[from] item: Black Sludge\n|-damage|p2a: Farigiraf|20\/100 tox|[from] psn\n|upkeep\n|turn|14\n|\n|t:|1698082499\n|switch|p2a: Grimmsnarl|Grimmsnarl, M|100\/100\n|switch|p1b: Tornadus|Tornadus-Therian, M|59\/100 frz\n|move|p1a: Toxapex|Baneful Bunker|p1a: Toxapex\n|-singleturn|p1a: Toxapex|move: Protect\n|move|p2b: Golduck|Hydro Pump|p1b: Tornadus\n|-damage|p1b: Tornadus|3\/100 frz\n|\n|-heal|p2b: Golduck|78\/100|[from] item: Leftovers\n|-heal|p1a: Toxapex|40\/100|[from] item: Black Sludge\n|upkeep\n|turn|15\n|\n|t:|1698082518\n|switch|p1b: Slowking|Slowking-Galar, M|100\/100\n|move|p2b: Golduck|Hydro Pump|p1a: Toxapex\n|-resisted|p1a: Toxapex\n|-damage|p1a: Toxapex|25\/100\n|move|p2a: Grimmsnarl|Spirit Break|p1a: Toxapex\n|-resisted|p1a: Toxapex\n|-damage|p1a: Toxapex|13\/100\n|-unboost|p1a: Toxapex|spa|1\n|move|p1a: Toxapex|Toxic|p2a: Grimmsnarl\n|-status|p2a: Grimmsnarl|tox\n|\n|-heal|p2b: Golduck|84\/100|[from] item: Leftovers\n|-heal|p1a: Toxapex|20\/100|[from] item: Black Sludge\n|-damage|p2a: Grimmsnarl|94\/100 tox|[from] psn\n|upkeep\n|turn|16\n|\n|t:|1698082540\n|switch|p1a: Tornadus|Tornadus-Therian, M|36\/100 frz\n|move|p2b: Golduck|Hydro Pump|p1b: Slowking\n|-damage|p1b: Slowking|62\/100\n|move|p2a: Grimmsnarl|Spirit Break|p1b: Slowking\n|-resisted|p1b: Slowking\n|-damage|p1b: Slowking|46\/100\n|-unboost|p1b: Slowking|spa|1\n|move|p1b: Slowking|Sludge Bomb|p2a: Grimmsnarl\n|-supereffective|p2a: Grimmsnarl\n|-damage|p2a: Grimmsnarl|37\/100 tox\n|\n|-heal|p2b: Golduck|90\/100|[from] item: Leftovers\n|-heal|p1b: Slowking|53\/100|[from] item: Black Sludge\n|-damage|p2a: Grimmsnarl|24\/100 tox|[from] psn\n|upkeep\n|turn|17\n|\n|t:|1698082559\n|cant|p1a: Tornadus|frz\n|move|p2b: Golduck|Ice Beam|p1a: Tornadus\n|-supereffective|p1a: Tornadus\n|-damage|p1a: Tornadus|0 fnt\n|faint|p1a: Tornadus\n|move|p2a: Grimmsnarl|Spirit Break|p1b: Slowking\n|-resisted|p1b: Slowking\n|-damage|p1b: Slowking|35\/100\n|-unboost|p1b: Slowking|spa|1\n|move|p1b: Slowking|Slack Off|p1b: Slowking\n|-heal|p1b: Slowking|85\/100\n|\n|-heal|p2b: Golduck|96\/100|[from] item: Leftovers\n|-heal|p1b: Slowking|91\/100|[from] item: Black Sludge\n|-damage|p2a: Grimmsnarl|6\/100 tox|[from] psn\n|upkeep\n|\n|t:|1698082570\n|switch|p1a: Toxapex|Toxapex, M|53\/100\n|turn|18\n|\n|t:|1698082587\n|move|p1a: Toxapex|Baneful Bunker|p1a: Toxapex\n|-singleturn|p1a: Toxapex|move: Protect\n|move|p2a: Grimmsnarl|Light Screen|p2a: Grimmsnarl\n|-sidestart|p2: Thingsandsturf|move: Light Screen\n|move|p2b: Golduck|Taunt|p1b: Slowking\n|-start|p1b: Slowking|move: Taunt\n|move|p1b: Slowking|Eerie Spell|p2b: Golduck\n|-damage|p2b: Golduck|82\/100\n|-activate|p2b: Golduck|move: Eerie Spell|Taunt|3\n|\n|-heal|p2b: Golduck|88\/100|[from] item: Leftovers\n|-heal|p1b: Slowking|97\/100|[from] item: Black Sludge\n|-heal|p1a: Toxapex|59\/100|[from] item: Black Sludge\n|-damage|p2a: Grimmsnarl|0 fnt|[from] psn\n|faint|p2a: Grimmsnarl\n|upkeep\n|n|!Thingsandsturf|thingsandsturf\n|\n|t:|1698082604\n|switch|p2a: Farigiraf|Farigiraf, M|20\/100 tox\n|turn|19\n|\n|t:|1698082614\n|move|p2b: Golduck|Taunt|p1a: Toxapex\n|-start|p1a: Toxapex|move: Taunt\n|move|p2a: Farigiraf|Twin Beam|p1a: Toxapex\n|-supereffective|p1a: Toxapex\n|-damage|p1a: Toxapex|37\/100\n|-supereffective|p1a: Toxapex\n|-damage|p1a: Toxapex|15\/100\n|-hitcount|p1a: Toxapex|2\n|move|p1b: Slowking|Sludge Bomb|p2a: Farigiraf\n|-damage|p2a: Farigiraf|7\/100 tox\n|cant|p1a: Toxapex|move: Taunt|Recover\n|\n|-heal|p2b: Golduck|94\/100|[from] item: Leftovers\n|-heal|p1b: Slowking|100\/100|[from] item: Black Sludge\n|-heal|p1a: Toxapex|21\/100|[from] item: Black Sludge\n|-damage|p2a: Farigiraf|0 fnt|[from] psn\n|faint|p2a: Farigiraf\n|upkeep\n|\n|t:|1698082628\n|switch|p2a: Diancie|Diancie|32\/100 tox\n|turn|20\n|\n|t:|1698082645\n|move|p2b: Golduck|Hydro Pump|p1b: Slowking|[miss]\n|-miss|p2b: Golduck|p1b: Slowking\n|move|p1b: Slowking|Eerie Spell|p2a: Diancie\n|-damage|p2a: Diancie|23\/100 tox\n|move|p1a: Toxapex|Infestation|p2b: Golduck\n|-damage|p2b: Golduck|92\/100\n|-activate|p2b: Golduck|move: Infestation|[of] p1a: Toxapex\n|move|p2a: Diancie|Diamond Storm|p1a: Toxapex|[spread] p1a,p1b\n|-damage|p1a: Toxapex|3\/100\n|-damage|p1b: Slowking|74\/100\n|\n|-heal|p2b: Golduck|98\/100|[from] item: Leftovers\n|-heal|p1b: Slowking|80\/100|[from] item: Black Sludge\n|-heal|p1a: Toxapex|9\/100|[from] item: Black Sludge\n|-heal|p2a: Diancie|29\/100 tox|[from] item: Leftovers\n|-damage|p2a: Diancie|23\/100 tox|[from] psn\n|-damage|p2b: Golduck|86\/100|[from] move: Infestation|[partiallytrapped]\n|-end|p1b: Slowking|move: Taunt\n|upkeep\n|turn|21\n|\n|t:|1698082663\n|move|p2b: Golduck|Ice Beam|p1a: Toxapex\n|-resisted|p1a: Toxapex\n|-damage|p1a: Toxapex|0 fnt\n|faint|p1a: Toxapex\n|move|p1b: Slowking|Eerie Spell|p2a: Diancie\n|-damage|p2a: Diancie|11\/100 tox\n|-activate|p2a: Diancie|move: Eerie Spell|Diamond Storm|2\n|move|p2a: Diancie|Moonblast|p1b: Slowking\n|-resisted|p1b: Slowking\n|-damage|p1b: Slowking|66\/100\n|-unboost|p1b: Slowking|spa|1\n|\n|-heal|p2b: Golduck|92\/100|[from] item: Leftovers\n|-heal|p1b: Slowking|72\/100|[from] item: Black Sludge\n|-heal|p2a: Diancie|18\/100 tox|[from] item: Leftovers\n|-damage|p2a: Diancie|5\/100 tox|[from] psn\n|-end|p2b: Golduck|Infestation|[partiallytrapped]|[silent]\n|upkeep\n|turn|22\n|\n|t:|1698082681\n|move|p2b: Golduck|Taunt|p1b: Slowking\n|-start|p1b: Slowking|move: Taunt\n|cant|p1b: Slowking|move: Taunt|Slack Off\n|move|p2a: Diancie|Moonblast|p1b: Slowking\n|-resisted|p1b: Slowking\n|-damage|p1b: Slowking|58\/100\n|-unboost|p1b: Slowking|spa|1\n|\n|-heal|p2b: Golduck|98\/100|[from] item: Leftovers\n|-heal|p1b: Slowking|64\/100|[from] item: Black Sludge\n|-heal|p2a: Diancie|11\/100 tox|[from] item: Leftovers\n|-damage|p2a: Diancie|0 fnt|[from] psn\n|faint|p2a: Diancie\n|upkeep\n|\n|t:|1698082685\n|switch|p2a: Magcargo|Magcargo, F, tera:Water|32\/100 tox\n|turn|23\n|\n|t:|1698082692\n|-terastallize|p1b: Slowking|Psychic\n|move|p2b: Golduck|Hydro Pump|p1b: Slowking\n|-damage|p1b: Slowking|31\/100\n|move|p1b: Slowking|Eerie Spell|p2a: Magcargo\n|-damage|p2a: Magcargo|17\/100 tox\n|move|p2a: Magcargo|Earth Power|p1b: Slowking\n|-damage|p1b: Slowking|9\/100\n|\n|-heal|p2b: Golduck|100\/100|[from] item: Leftovers\n|-damage|p1b: Slowking|0 fnt|[from] item: Black Sludge\n|faint|p1b: Slowking\n|\n|win|Thingsandsturf\n|upkeep\n|raw|NZera's rating: 1264 &rarr; <strong>1243<\/strong><br \/>(-21 for losing)\n|raw|Thingsandsturf's rating: 1316 &rarr; <strong>1333<\/strong><br \/>(+17 for winning)\n","uploadtime":1698082590,"views":9,"p1id":"nzera","p2id":"thingsandsturf","formatid":"gen9doublesou","rating":1243,"private":0,"password":""}