{"id":"gen9doublesou-1979669892","p1":"bananaszn","p2":"Downtownclown","format":"[Gen 9] Doubles OU","log":"|j|\u2606bananaszn\n|j|\u2606Downtownclown\n|t:|1698701702\n|gametype|doubles\n|player|p1|bananaszn|brycen|1211\n|player|p2|Downtownclown|2|1201\n|teamsize|p1|6\n|teamsize|p2|6\n|gen|9\n|tier|[Gen 9] Doubles OU\n|rated|\n|rule|Species Clause: Limit one of each Pok\u00e9mon\n|rule|OHKO Clause: OHKO moves are banned\n|rule|Evasion Moves Clause: Evasion moves are banned\n|rule|Gravity Sleep Clause: The combination of sleep-inducing moves with imperfect accuracy and Gravity or Gigantamax Orbeetle are banned\n|rule|Endless Battle Clause: Forcing endless battles is banned\n|rule|HP Percentage Mod: HP is shown in percentages\n|clearpoke\n|poke|p1|Poliwrath, M|\n|poke|p1|Pelipper, M|\n|poke|p1|Basculegion-F, F|\n|poke|p1|Zapdos|\n|poke|p1|Landorus-Therian, M|\n|poke|p1|Tsareena, F|\n|poke|p2|Sinistcha|\n|poke|p2|Glimmora, F|\n|poke|p2|Grimmsnarl, M|\n|poke|p2|Dragonite, M|\n|poke|p2|Kingambit, F|\n|poke|p2|Goodra-Hisui, M|\n|teampreview\n|\n|t:|1698701711\n|start\n|switch|p1a: Pelipper|Pelipper, M|100\/100\n|switch|p1b: Poliwrath|Poliwrath, M|100\/100\n|switch|p2a: Glimmora|Glimmora, F|100\/100\n|switch|p2b: Grimmsnarl|Grimmsnarl, M|100\/100\n|-weather|RainDance|[from] ability: Drizzle|[of] p1a: Pelipper\n|turn|1\n|\n|t:|1698701726\n|switch|p1a: Zapdos|Zapdos|100\/100\n|move|p2b: Grimmsnarl|Fake Out|p1b: Poliwrath\n|-damage|p1b: Poliwrath|88\/100\n|cant|p1b: Poliwrath|flinch\n|move|p2a: Glimmora|Mortal Spin|p1b: Poliwrath|[spread] p1a,p1b\n|-damage|p1a: Zapdos|96\/100\n|-damage|p1b: Poliwrath|82\/100\n|-status|p1a: Zapdos|psn\n|-status|p1b: Poliwrath|psn\n|\n|-weather|RainDance|[upkeep]\n|-damage|p1b: Poliwrath|69\/100 psn|[from] psn\n|-damage|p1a: Zapdos|83\/100 psn|[from] psn\n|upkeep\n|turn|2\n|\n|t:|1698701761\n|move|p2a: Glimmora|Protect|p2a: Glimmora\n|-singleturn|p2a: Glimmora|Protect\n|move|p2b: Grimmsnarl|Parting Shot|p1a: Zapdos\n|-unboost|p1a: Zapdos|atk|1\n|-unboost|p1a: Zapdos|spa|1\n|\n|t:|1698701776\n|switch|p2b: Goodra|Goodra-Hisui, M|100\/100|[from] Parting Shot\n|move|p1b: Poliwrath|Liquidation|p2a: Glimmora\n|-activate|p2a: Glimmora|move: Protect\n|move|p1a: Zapdos|Hurricane|p2a: Glimmora\n|-activate|p2a: Glimmora|move: Protect\n|\n|-weather|RainDance|[upkeep]\n|-damage|p1b: Poliwrath|57\/100 psn|[from] psn\n|-damage|p1a: Zapdos|71\/100 psn|[from] psn\n|upkeep\n|turn|3\n|\n|t:|1698701812\n|switch|p2a: Dragonite|Dragonite, M|100\/100\n|move|p1b: Poliwrath|Liquidation|p2a: Dragonite\n|-resisted|p2a: Dragonite\n|-damage|p2a: Dragonite|85\/100\n|move|p1a: Zapdos|Hurricane|p2b: Goodra\n|-resisted|p2b: Goodra\n|-damage|p2b: Goodra|92\/100\n|-start|p2b: Goodra|confusion\n|-activate|p2b: Goodra|confusion\n|move|p2b: Goodra|Dragon Pulse|p1a: Zapdos\n|-damage|p1a: Zapdos|35\/100 psn\n|\n|-weather|RainDance|[upkeep]\n|-damage|p1b: Poliwrath|45\/100 psn|[from] psn\n|-damage|p1a: Zapdos|22\/100 psn|[from] psn\n|upkeep\n|turn|4\n|\n|t:|1698701843\n|switch|p1b: Basculegion|Basculegion-F, F|100\/100\n|switch|p2b: Glimmora|Glimmora, F|100\/100\n|move|p2a: Dragonite|Extreme Speed|p1a: Zapdos\n|-crit|p1a: Zapdos\n|-damage|p1a: Zapdos|0 fnt\n|-status|p2a: Dragonite|par|[from] ability: Static|[of] p1a: Zapdos\n|faint|p1a: Zapdos\n|\n|-weather|RainDance|[upkeep]\n|upkeep\n|\n|t:|1698701855\n|switch|p1a: Landorus|Landorus-Therian, M|100\/100\n|-ability|p1a: Landorus|Intimidate|boost\n|-unboost|p2a: Dragonite|atk|1\n|-unboost|p2b: Glimmora|atk|1\n|turn|5\n|\n|t:|1698701866\n|move|p1b: Basculegion|Phantom Force||[still]\n|-prepare|p1b: Basculegion|Phantom Force\n|move|p1a: Landorus|Earthquake|p2b: Glimmora|[spread] p2b\n|-miss|p1a: Landorus|p1b: Basculegion\n|-immune|p2a: Dragonite\n|-supereffective|p2b: Glimmora\n|-damage|p2b: Glimmora|0 fnt\n|faint|p2b: Glimmora\n|move|p2a: Dragonite|Haze|p2a: Dragonite\n|-clearallboost\n|\n|-weather|RainDance|[upkeep]\n|upkeep\n|\n|t:|1698701889\n|switch|p2b: Goodra|Goodra-Hisui, M|92\/100\n|turn|6\n|\n|t:|1698701899\n|move|p2a: Dragonite|Extreme Speed|p1a: Landorus\n|-crit|p1a: Landorus\n|-damage|p1a: Landorus|57\/100\n|move|p1b: Basculegion|Phantom Force|p2b: Goodra|[from]lockedmove\n|-damage|p2b: Goodra|32\/100\n|move|p1a: Landorus|Earthquake|p2a: Dragonite|[spread] p1b,p2b\n|-immune|p2a: Dragonite\n|-supereffective|p2b: Goodra\n|-damage|p1b: Basculegion|47\/100\n|-damage|p2b: Goodra|0 fnt\n|faint|p2b: Goodra\n|\n|-weather|RainDance|[upkeep]\n|upkeep\n|\n|t:|1698701914\n|switch|p2b: Sinistcha|Sinistcha|100\/100\n|-heal|p2a: Dragonite|100\/100 par|[from] ability: Hospitality|[of] p2b: Sinistcha\n|turn|7\n|\n|t:|1698701928\n|cant|p2a: Dragonite|par\n|move|p1b: Basculegion|Phantom Force||[still]\n|-prepare|p1b: Basculegion|Phantom Force\n|move|p1a: Landorus|U-turn|p2a: Dragonite\n|-resisted|p2a: Dragonite\n|-damage|p2a: Dragonite|96\/100 par\n|\n|t:|1698701944\n|switch|p1a: Tsareena|Tsareena, F|100\/100|[from] U-turn\n|move|p2b: Sinistcha|Matcha Gotcha|p1a: Tsareena|[spread] p1a\n|-miss|p2b: Sinistcha|p1b: Basculegion\n|-resisted|p1a: Tsareena\n|-damage|p1a: Tsareena|92\/100\n|\n|-weather|RainDance|[upkeep]\n|upkeep\n|turn|8\n|\n|t:|1698701967\n|switch|p2b: Kingambit|Kingambit, F|100\/100\n|-activate|p2b: Kingambit|ability: Supreme Overlord\n|-start|p2b: Kingambit|fallen2|[silent]\n|switch|p2a: Grimmsnarl|Grimmsnarl, M|100\/100\n|move|p1b: Basculegion|Phantom Force|p2b: Kingambit|[from]lockedmove\n|-resisted|p2b: Kingambit\n|-damage|p2b: Kingambit|78\/100\n|move|p1a: Tsareena|Rapid Spin|p2a: Grimmsnarl\n|-damage|p2a: Grimmsnarl|77\/100\n|-boost|p1a: Tsareena|spe|1\n|\n|-weather|none\n|upkeep\n|turn|9\n|\n|t:|1698701991\n|switch|p1b: Pelipper|Pelipper, M|100\/100\n|-weather|RainDance|[from] ability: Drizzle|[of] p1b: Pelipper\n|-terastallize|p1a: Tsareena|Steel\n|move|p2a: Grimmsnarl|Parting Shot||[still]\n|cant|p1a: Tsareena|ability: Queenly Majesty|Parting Shot|[of] p2a: Grimmsnarl\n|move|p1a: Tsareena|High Jump Kick|p2b: Kingambit\n|-supereffective|p2b: Kingambit\n|-damage|p2b: Kingambit|0 fnt\n|faint|p2b: Kingambit\n|-end|p2b: Kingambit|fallen2|[silent]\n|\n|-weather|RainDance|[upkeep]\n|upkeep\n|-message|Downtownclown forfeited.\n|\n|win|bananaszn\n|raw|bananaszn's rating: 1211 &rarr; <strong>1235<\/strong><br \/>(+24 for winning)\n|raw|Downtownclown's rating: 1201 &rarr; <strong>1177<\/strong><br \/>(-24 for losing)\n|l|\u2606Downtownclown\n","uploadtime":1698702021,"views":18,"p1id":"bananaszn","p2id":"downtownclown","formatid":"gen9doublesou","rating":1177,"private":0,"password":""}