{"id":"gen9doublesou-1999460618","p1":"buddhist ameba","p2":"Carso","format":"[Gen 9] Doubles OU","log":"|j|\u2606buddhist ameba\n|j|\u2606Carso\n|t:|1701084029\n|gametype|doubles\n|player|p1|buddhist ameba|169|1671\n|player|p2|Carso|nate|1540\n|teamsize|p1|6\n|teamsize|p2|6\n|gen|9\n|tier|[Gen 9] Doubles OU\n|rated|\n|rule|Species Clause: Limit one of each Pok\u00e9mon\n|rule|OHKO Clause: OHKO moves are banned\n|rule|Evasion Moves Clause: Evasion moves are banned\n|rule|Gravity Sleep Clause: The combination of sleep-inducing moves with imperfect accuracy and Gravity or Gigantamax Orbeetle are banned\n|rule|Endless Battle Clause: Forcing endless battles is banned\n|rule|HP Percentage Mod: HP is shown in percentages\n|clearpoke\n|poke|p1|Rillaboom, M|\n|poke|p1|Iron Bundle|\n|poke|p1|Chi-Yu|\n|poke|p1|Diancie|\n|poke|p1|Ninetales-Alola, F|\n|poke|p1|Heatran, F|\n|poke|p2|Ogerpon-Wellspring, F|\n|poke|p2|Arcanine-Hisui, M|\n|poke|p2|Grimmsnarl, M|\n|poke|p2|Iron Hands|\n|poke|p2|Rillaboom, F|\n|poke|p2|Walking Wake|\n|teampreview\n|inactive|Battle timer is ON: inactive players will automatically lose when time's up. (requested by buddhist ameba)\n|\n|t:|1701084063\n|start\n|switch|p1a: Heatran|Heatran, F|100\/100\n|switch|p1b: Rillaboom|Rillaboom, M|100\/100\n|switch|p2a: Grimmsnarl|Grimmsnarl, M|100\/100\n|switch|p2b: Iron Hands|Iron Hands|100\/100\n|-fieldstart|move: Grassy Terrain|[from] ability: Grassy Surge|[of] p1b: Rillaboom\n|turn|1\n|\n|t:|1701084075\n|move|p1b: Rillaboom|Fake Out|p2b: Iron Hands\n|-damage|p2b: Iron Hands|92\/100\n|move|p2a: Grimmsnarl|Light Screen|p2a: Grimmsnarl\n|-sidestart|p2: Carso|move: Light Screen\n|move|p1a: Heatran|Flash Cannon|p2a: Grimmsnarl\n|-supereffective|p2a: Grimmsnarl\n|-damage|p2a: Grimmsnarl|57\/100\n|cant|p2b: Iron Hands|flinch\n|\n|-heal|p2a: Grimmsnarl|63\/100|[from] Grassy Terrain\n|-heal|p2b: Iron Hands|98\/100|[from] Grassy Terrain\n|upkeep\n|turn|2\n|inactive|buddhist ameba has 120 seconds left.\n|\n|t:|1701084123\n|move|p2a: Grimmsnarl|Reflect|p2a: Grimmsnarl\n|-sidestart|p2: Carso|Reflect\n|move|p1b: Rillaboom|Brick Break|p2a: Grimmsnarl\n|-sideend|p2: Carso|Reflect\n|-sideend|p2: Carso|move: Light Screen\n|-damage|p2a: Grimmsnarl|27\/100\n|move|p1a: Heatran|Heat Wave|p2b: Iron Hands|[spread] p2a,p2b\n|-damage|p2a: Grimmsnarl|0 fnt\n|-damage|p2b: Iron Hands|75\/100\n|faint|p2a: Grimmsnarl\n|move|p2b: Iron Hands|Drain Punch|p1a: Heatran\n|-supereffective|p1a: Heatran\n|-damage|p1a: Heatran|21\/100\n|-heal|p2b: Iron Hands|100\/100|[from] drain|[of] p1a: Heatran\n|-enditem|p1a: Heatran|Weakness Policy\n|-boost|p1a: Heatran|atk|2|[from] item: Weakness Policy\n|-boost|p1a: Heatran|spa|2|[from] item: Weakness Policy\n|\n|-heal|p1a: Heatran|27\/100|[from] Grassy Terrain\n|upkeep\n|inactive|Carso has 120 seconds left.\n|j| Youngster Nois\n|inactive|Carso has 90 seconds left.\n|\n|t:|1701084196\n|switch|p2a: Arcanine|Arcanine-Hisui, M|100\/100\n|-ability|p2a: Arcanine|Intimidate|boost\n|-unboost|p1a: Heatran|atk|1\n|-unboost|p1b: Rillaboom|atk|1\n|turn|3\n|inactive|buddhist ameba has 120 seconds left.\n|inactive|buddhist ameba has 90 seconds left.\n|\n|t:|1701084244\n|move|p1a: Heatran|Protect|p1a: Heatran\n|-singleturn|p1a: Heatran|Protect\n|move|p2a: Arcanine|Rock Slide|p1b: Rillaboom|[spread] p1b\n|-activate|p1a: Heatran|move: Protect\n|-damage|p1b: Rillaboom|76\/100\n|move|p1b: Rillaboom|Brick Break|p2a: Arcanine\n|-supereffective|p2a: Arcanine\n|-damage|p2a: Arcanine|58\/100\n|move|p2b: Iron Hands|Drain Punch|p1a: Heatran\n|-activate|p1a: Heatran|move: Protect\n|\n|-heal|p2a: Arcanine|64\/100|[from] Grassy Terrain\n|-heal|p1b: Rillaboom|83\/100|[from] Grassy Terrain\n|-heal|p1a: Heatran|34\/100|[from] Grassy Terrain\n|upkeep\n|turn|4\n|inactive|Carso has 120 seconds left.\n|\n|t:|1701084265\n|move|p2a: Arcanine|Rock Slide|p1a: Heatran|[spread] p1a,p1b\n|-damage|p1a: Heatran|9\/100\n|-damage|p1b: Rillaboom|60\/100\n|cant|p1b: Rillaboom|flinch\n|move|p1a: Heatran|Earth Power|p2a: Arcanine\n|-supereffective|p2a: Arcanine\n|-damage|p2a: Arcanine|0 fnt\n|faint|p2a: Arcanine\n|move|p2b: Iron Hands|Drain Punch|p1a: Heatran\n|-supereffective|p1a: Heatran\n|-damage|p1a: Heatran|0 fnt\n|faint|p1a: Heatran\n|\n|-heal|p1b: Rillaboom|66\/100|[from] Grassy Terrain\n|upkeep\n|inactive|Carso has 120 seconds left.\n|\n|t:|1701084298\n|switch|p2a: Walking Wake|Walking Wake|100\/100\n|switch|p1a: Ninetales|Ninetales-Alola, F|100\/100\n|-weather|Snow|[from] ability: Snow Warning|[of] p1a: Ninetales\n|turn|5\n|inactive|buddhist ameba has 120 seconds left.\n|inactive|buddhist ameba has 90 seconds left.\n|\n|t:|1701084340\n|switch|p1b: Diancie|Diancie|100\/100\n|move|p2a: Walking Wake|Flamethrower|p1b: Diancie\n|-resisted|p1b: Diancie\n|-damage|p1b: Diancie|89\/100\n|move|p1a: Ninetales|Aurora Veil|p1a: Ninetales\n|-sidestart|p1: buddhist ameba|move: Aurora Veil\n|move|p2b: Iron Hands|Heavy Slam|p1a: Ninetales\n|-supereffective|p1a: Ninetales\n|-crit|p1a: Ninetales\n|-damage|p1a: Ninetales|0 fnt\n|faint|p1a: Ninetales\n|\n|-weather|Snow|[upkeep]\n|-heal|p1b: Diancie|95\/100|[from] Grassy Terrain\n|-fieldend|move: Grassy Terrain\n|upkeep\n|inactive|buddhist ameba has 90 seconds left.\n|\n|t:|1701084346\n|switch|p1a: Iron Bundle|Iron Bundle|100\/100\n|-enditem|p1a: Iron Bundle|Booster Energy\n|-activate|p1a: Iron Bundle|ability: Quark Drive|[fromitem]\n|-start|p1a: Iron Bundle|quarkdrivespe\n|turn|6\n|inactive|buddhist ameba has 90 seconds left.\n|\n|t:|1701084374\n|-end|p2a: Walking Wake|Protosynthesis|[silent]\n|switch|p2a: Rillaboom|Rillaboom, F|100\/100\n|-fieldstart|move: Grassy Terrain|[from] ability: Grassy Surge|[of] p2a: Rillaboom\n|move|p1a: Iron Bundle|Freeze-Dry|p2a: Rillaboom\n|-supereffective|p2a: Rillaboom\n|-damage|p2a: Rillaboom|15\/100\n|move|p1b: Diancie|Play Rough|p2b: Iron Hands\n|-supereffective|p2b: Iron Hands\n|-damage|p2b: Iron Hands|47\/100\n|move|p2b: Iron Hands|Wild Charge|p1a: Iron Bundle\n|-supereffective|p1a: Iron Bundle\n|-damage|p1a: Iron Bundle|38\/100\n|-damage|p2b: Iron Hands|40\/100|[from] Recoil\n|\n|-weather|Snow|[upkeep]\n|-heal|p1a: Iron Bundle|44\/100|[from] Grassy Terrain\n|-heal|p2a: Rillaboom|22\/100|[from] Grassy Terrain\n|-heal|p1b: Diancie|100\/100|[from] Grassy Terrain\n|-heal|p2b: Iron Hands|46\/100|[from] Grassy Terrain\n|upkeep\n|turn|7\n|\n|t:|1701084395\n|move|p1a: Iron Bundle|Protect|p1a: Iron Bundle\n|-singleturn|p1a: Iron Bundle|Protect\n|move|p2a: Rillaboom|Grassy Glide|p1a: Iron Bundle\n|-activate|p1a: Iron Bundle|move: Protect\n|move|p1b: Diancie|Diamond Storm|p2a: Rillaboom|[spread] p2a,p2b\n|-resisted|p2b: Iron Hands\n|-damage|p2a: Rillaboom|0 fnt\n|-damage|p2b: Iron Hands|35\/100\n|faint|p2a: Rillaboom\n|move|p2b: Iron Hands|Heavy Slam|p1b: Diancie\n|-supereffective|p1b: Diancie\n|-damage|p1b: Diancie|5\/100\n|-enditem|p1b: Diancie|Weakness Policy\n|-boost|p1b: Diancie|atk|2|[from] item: Weakness Policy\n|-boost|p1b: Diancie|spa|2|[from] item: Weakness Policy\n|\n|-weather|Snow|[upkeep]\n|-heal|p1a: Iron Bundle|50\/100|[from] Grassy Terrain\n|-heal|p1b: Diancie|11\/100|[from] Grassy Terrain\n|-heal|p2b: Iron Hands|41\/100|[from] Grassy Terrain\n|upkeep\n|\n|t:|1701084400\n|switch|p2a: Ogerpon|Ogerpon-Wellspring, F|100\/100\n|turn|8\n|inactive|buddhist ameba has 120 seconds left.\n|\n|t:|1701084415\n|-terastallize|p2a: Ogerpon|Water\n|detailschange|p2a: Ogerpon|Ogerpon-Wellspring-Tera, F, tera:Water\n|-ability|p2a: Ogerpon|Embody Aspect (Wellspring)|boost\n|-boost|p2a: Ogerpon|spd|1\n|move|p1a: Iron Bundle|Freeze-Dry|p2a: Ogerpon\n|-supereffective|p2a: Ogerpon\n|-damage|p2a: Ogerpon|47\/100\n|move|p2a: Ogerpon|Horn Leech|p1a: Iron Bundle\n|-supereffective|p1a: Iron Bundle\n|-damage|p1a: Iron Bundle|0 fnt\n|-heal|p2a: Ogerpon|68\/100|[from] drain|[of] p1a: Iron Bundle\n|faint|p1a: Iron Bundle\n|-end|p1a: Iron Bundle|Quark Drive|[silent]\n|move|p1b: Diancie|Play Rough|p2b: Iron Hands\n|-supereffective|p2b: Iron Hands\n|-damage|p2b: Iron Hands|0 fnt\n|faint|p2b: Iron Hands\n|-end|p2b: Iron Hands|Quark Drive|[silent]\n|\n|-weather|Snow|[upkeep]\n|-heal|p2a: Ogerpon|74\/100|[from] Grassy Terrain\n|-heal|p1b: Diancie|17\/100|[from] Grassy Terrain\n|upkeep\n|inactive|Carso has 120 seconds left.\n|\n|t:|1701084448\n|switch|p1a: Rillaboom|Rillaboom, M|66\/100\n|switch|p2b: Walking Wake|Walking Wake|100\/100\n|turn|9\n|inactive|buddhist ameba has 120 seconds left.\n|\n|t:|1701084492\n|move|p1a: Rillaboom|Fake Out|p2b: Walking Wake\n|-damage|p2b: Walking Wake|85\/100\n|cant|p2b: Walking Wake|flinch\n|move|p2a: Ogerpon|Ivy Cudgel|p1b: Diancie|[anim] Ivy Cudgel Water\n|-supereffective|p1b: Diancie\n|-damage|p1b: Diancie|0 fnt\n|faint|p1b: Diancie\n|\n|-weather|none\n|-heal|p2b: Walking Wake|92\/100|[from] Grassy Terrain\n|-heal|p2a: Ogerpon|80\/100|[from] Grassy Terrain\n|-heal|p1a: Rillaboom|72\/100|[from] Grassy Terrain\n|upkeep\n|\n|t:|1701084499\n|switch|p1b: Chi-Yu|Chi-Yu|100\/100\n|-ability|p1b: Chi-Yu|Beads of Ruin\n|turn|10\n|inactive|buddhist ameba has 120 seconds left.\n|\n|t:|1701084528\n|-terastallize|p1b: Chi-Yu|Grass\n|move|p1a: Rillaboom|Grassy Glide|p2a: Ogerpon\n|-supereffective|p2a: Ogerpon\n|-damage|p2a: Ogerpon|0 fnt\n|faint|p2a: Ogerpon\n|move|p2b: Walking Wake|Hydro Steam|p1b: Chi-Yu\n|-resisted|p1b: Chi-Yu\n|-damage|p1b: Chi-Yu|86\/100\n|move|p1b: Chi-Yu|Dark Pulse|p2b: Walking Wake\n|-damage|p2b: Walking Wake|0 fnt\n|faint|p2b: Walking Wake\n|-end|p2b: Walking Wake|Protosynthesis|[silent]\n|\n|win|buddhist ameba\n|raw|buddhist ameba's rating: 1671 &rarr; <strong>1683<\/strong><br \/>(+12 for winning)\n|raw|Carso's rating: 1519 &rarr; <strong>1507<\/strong><br \/>(-12 for losing)\n|l|\u2606Carso\n","uploadtime":1701084551,"views":10,"p1id":"buddhistameba","p2id":"carso","formatid":"gen9doublesou","rating":1507,"private":0,"password":""}