{"id":"gen9doublesou-1987820330","p1":"aeroblaster7","p2":"Happy1912owl","format":"[Gen 9] Doubles OU","log":"|j|\u2606aeroblaster7\n|j|\u2606Happy1912owl\n|t:|1699639859\n|gametype|doubles\n|player|p1|aeroblaster7|skyla|\n|player|p2|Happy1912owl|steven|\n|teamsize|p1|6\n|teamsize|p2|6\n|gen|9\n|tier|[Gen 9] Doubles OU\n|rule|Species Clause: Limit one of each Pok\u00e9mon\n|rule|OHKO Clause: OHKO moves are banned\n|rule|Evasion Moves Clause: Evasion moves are banned\n|rule|Gravity Sleep Clause: The combination of sleep-inducing moves with imperfect accuracy and Gravity or Gigantamax Orbeetle are banned\n|rule|Endless Battle Clause: Forcing endless battles is banned\n|rule|HP Percentage Mod: HP is shown in percentages\n|clearpoke\n|poke|p1|Pelipper, F|\n|poke|p1|Iron Bundle|\n|poke|p1|Manaphy|\n|poke|p1|Overqwil, M|\n|poke|p1|Articuno|\n|poke|p1|Raichu, F|\n|poke|p2|Dipplin, M|\n|poke|p2|Scovillain, F|\n|poke|p2|Tropius, M|\n|poke|p2|Scream Tail|\n|poke|p2|Farigiraf, M|\n|poke|p2|Azumarill, F|\n|teampreview\n|\n|t:|1699639867\n|start\n|switch|p1a: Pelipper|Pelipper, F|100\/100\n|switch|p1b: Overqwil|Overqwil, M|100\/100\n|switch|p2a: Flying mower|Tropius, M, shiny|100\/100\n|switch|p2b: Carolina Reaper|Scovillain, F, shiny|100\/100\n|-weather|RainDance|[from] ability: Drizzle|[of] p1a: Pelipper\n|turn|1\n|\n|t:|1699639885\n|move|p1a: Pelipper|Helping Hand|p1b: Overqwil\n|-singleturn|p1b: Overqwil|Helping Hand|[of] p1a: Pelipper\n|move|p1b: Overqwil|Barb Barrage|p2a: Flying mower\n|-supereffective|p2a: Flying mower\n|-damage|p2a: Flying mower|0 fnt\n|faint|p2a: Flying mower\n|-damage|p1b: Overqwil|91\/100|[from] item: Life Orb\n|move|p2b: Carolina Reaper|Lash Out|p1b: Overqwil\n|-resisted|p1b: Overqwil\n|-damage|p1b: Overqwil|80\/100\n|\n|-weather|RainDance|[upkeep]\n|upkeep\n|\n|t:|1699639902\n|switch|p2a: Belly rubs please|Azumarill, F, shiny|100\/100\n|turn|2\n|\n|t:|1699639921\n|move|p1a: Pelipper|Helping Hand|p1b: Overqwil\n|-singleturn|p1b: Overqwil|Helping Hand|[of] p1a: Pelipper\n|move|p1b: Overqwil|Barb Barrage|p2a: Belly rubs please\n|-supereffective|p2a: Belly rubs please\n|-damage|p2a: Belly rubs please|0 fnt\n|faint|p2a: Belly rubs please\n|-damage|p1b: Overqwil|70\/100|[from] item: Life Orb\n|move|p2b: Carolina Reaper|Fire Fang|p1a: Pelipper\n|-resisted|p1a: Pelipper\n|-damage|p1a: Pelipper|96\/100\n|-enditem|p1a: Pelipper|Eject Button\n|\n|t:|1699639936\n|switch|p1a: Iron Bundle|Iron Bundle|100\/100\n|-enditem|p1a: Iron Bundle|Booster Energy\n|-activate|p1a: Iron Bundle|ability: Quark Drive|[fromitem]\n|-start|p1a: Iron Bundle|quarkdrivespe\n|\n|-weather|RainDance|[upkeep]\n|upkeep\n|\n|t:|1699639947\n|switch|p2a: Zombie Happy|Scream Tail, shiny|100\/100\n|turn|3\n|\n|t:|1699639959\n|move|p2b: Carolina Reaper|Helping Hand|p2a: Zombie Happy\n|-singleturn|p2a: Zombie Happy|Helping Hand|[of] p2b: Carolina Reaper\n|move|p1a: Iron Bundle|Freeze-Dry|p2b: Carolina Reaper\n|-damage|p2b: Carolina Reaper|49\/100\n|move|p1b: Overqwil|Barb Barrage|p2a: Zombie Happy\n|-supereffective|p2a: Zombie Happy\n|-damage|p2a: Zombie Happy|32\/100\n|-damage|p1b: Overqwil|60\/100|[from] item: Life Orb\n|move|p2a: Zombie Happy|Thunder Punch|p1b: Overqwil\n|-damage|p1b: Overqwil|34\/100\n|\n|-weather|RainDance|[upkeep]\n|upkeep\n|turn|4\n|\n|t:|1699639984\n|move|p1a: Iron Bundle|Freeze-Dry|p2b: Carolina Reaper\n|-damage|p2b: Carolina Reaper|0 fnt\n|faint|p2b: Carolina Reaper\n|move|p1b: Overqwil|Barb Barrage|p2a: Zombie Happy\n|-supereffective|p2a: Zombie Happy\n|-damage|p2a: Zombie Happy|0 fnt\n|faint|p2a: Zombie Happy\n|-end|p2a: Zombie Happy|Protosynthesis|[silent]\n|-damage|p1b: Overqwil|24\/100|[from] item: Life Orb\n|\n|-weather|RainDance|[upkeep]\n|upkeep\n|\n|t:|1699639998\n|switch|p2b: Safari Guardians|Farigiraf, M, shiny|100\/100\n|switch|p2a: Happy\u2019s revenge|Dipplin, M, shiny|100\/100\n|-ability|p2a: Happy\u2019s revenge|Supersweet Syrup\n|-ability|p2a: Happy\u2019s revenge|Supersweet Syrup|boost\n|-unboost|p1a: Iron Bundle|evasion|1\n|-unboost|p1b: Overqwil|evasion|1\n|turn|5\n|\n|t:|1699640014\n|move|p1a: Iron Bundle|Freeze-Dry|p2a: Happy\u2019s revenge\n|-supereffective|p2a: Happy\u2019s revenge\n|-damage|p2a: Happy\u2019s revenge|0 fnt\n|faint|p2a: Happy\u2019s revenge\n|move|p1b: Overqwil|Crunch|p2b: Safari Guardians\n|-supereffective|p2b: Safari Guardians\n|-damage|p2b: Safari Guardians|0 fnt\n|faint|p2b: Safari Guardians\n|-damage|p1b: Overqwil|14\/100|[from] item: Life Orb\n|\n|win|aeroblaster7\n|c|\u2606aeroblaster7|gg\n","uploadtime":1699640028,"views":11,"p1id":"aeroblaster7","p2id":"happy1912owl","formatid":"gen9doublesou","rating":0,"private":0,"password":""}