{"id":"gen9doublesou-1988826141","p1":"Dark Spirit Faren","p2":"Ragerz","format":"[Gen 9] Doubles OU","log":"|j|\u2606Dark Spirit Faren\n|j|\u2606Ragerz\n|t:|1699769004\n|gametype|doubles\n|player|p1|Dark Spirit Faren|shadowtriad|1035\n|player|p2|Ragerz|169|1039\n|teamsize|p1|6\n|teamsize|p2|6\n|gen|9\n|tier|[Gen 9] Doubles OU\n|rated|\n|rule|Species Clause: Limit one of each Pok\u00e9mon\n|rule|OHKO Clause: OHKO moves are banned\n|rule|Evasion Moves Clause: Evasion moves are banned\n|rule|Gravity Sleep Clause: The combination of sleep-inducing moves with imperfect accuracy and Gravity or Gigantamax Orbeetle are banned\n|rule|Endless Battle Clause: Forcing endless battles is banned\n|rule|HP Percentage Mod: HP is shown in percentages\n|clearpoke\n|poke|p1|Varoom, F|\n|poke|p1|Klefki, M|\n|poke|p1|Cyclizar, F|\n|poke|p1|Kingambit, F|\n|poke|p1|Maushold-Four|\n|poke|p1|Kommo-o, F|\n|poke|p2|Arboliva, F|\n|poke|p2|Wo-Chien|\n|poke|p2|Ogerpon-Wellspring, F|\n|poke|p2|Tsareena, F|\n|poke|p2|Abomasnow, F|\n|poke|p2|Toedscruel, F|\n|teampreview\n|\n|t:|1699769009\n|start\n|switch|p1a: Varoom|Varoom, F|100\/100\n|switch|p1b: Klefki|Klefki, M|100\/100\n|switch|p2a: Arboliva|Arboliva, F|100\/100\n|switch|p2b: Tsareena|Tsareena, F|100\/100\n|-start|p1a: Varoom|ability: Slow Start\n|turn|1\n|\n|t:|1699769034\n|move|p1a: Varoom|Protect|p1a: Varoom\n|-singleturn|p1a: Varoom|Protect\n|move|p1b: Klefki|Light Screen|p1b: Klefki\n|-sidestart|p1: Dark Spirit Faren|move: Light Screen\n|move|p2b: Tsareena|Acupressure|p2b: Tsareena\n|-boost|p2b: Tsareena|spd|2\n|move|p2a: Arboliva|Strength Sap|p1a: Varoom\n|-activate|p1a: Varoom|move: Protect\n|\n|upkeep\n|turn|2\n|\n|t:|1699769063\n|move|p1b: Klefki|Imprison|p1b: Klefki\n|-start|p1b: Klefki|move: Imprison\n|move|p2b: Tsareena|Acupressure|p2a: Arboliva\n|-boost|p2a: Arboliva|accuracy|2\n|move|p2a: Arboliva|Encore|p1a: Varoom\n|-start|p1a: Varoom|Encore\n|move|p1a: Varoom|Protect||[still]\n|-fail|p1a: Varoom\n|\n|upkeep\n|turn|3\n|\n|t:|1699769102\n|-end|p1a: Varoom|Slow Start|[silent]\n|switch|p1a: Kommo-o|Kommo-o, F|100\/100\n|move|p1b: Klefki|Dazzling Gleam|p2b: Tsareena|[spread] p2a,p2b\n|-damage|p2a: Arboliva|89\/100\n|-damage|p2b: Tsareena|94\/100\n|-fieldstart|move: Grassy Terrain|[from] ability: Seed Sower|[of] p2a: Arboliva\n|move|p2b: Tsareena|Acupressure|p2a: Arboliva\n|-boost|p2a: Arboliva|def|2\n|move|p2a: Arboliva|Substitute|p2a: Arboliva\n|-start|p2a: Arboliva|Substitute\n|-damage|p2a: Arboliva|64\/100\n|\n|-heal|p2b: Tsareena|99\/100|[from] Grassy Terrain\n|-heal|p2b: Tsareena|100\/100|[from] item: Leftovers\n|-heal|p2a: Arboliva|70\/100|[from] Grassy Terrain\n|upkeep\n|turn|4\n|\n|t:|1699769142\n|move|p1a: Kommo-o|Boomburst|p2b: Tsareena|[spread] p1b,p2a,p2b\n|-resisted|p1b: Klefki\n|-damage|p1b: Klefki|88\/100\n|-damage|p2a: Arboliva|49\/100\n|-damage|p2b: Tsareena|90\/100\n|-enditem|p1a: Kommo-o|Throat Spray\n|-boost|p1a: Kommo-o|spa|1|[from] item: Throat Spray\n|move|p1b: Klefki|Dazzling Gleam|p2b: Tsareena|[spread] p2a,p2b\n|-activate|p2a: Arboliva|move: Substitute|[damage]\n|-damage|p2b: Tsareena|84\/100\n|move|p2b: Tsareena|Trailblaze|p1a: Kommo-o\n|-resisted|p1a: Kommo-o\n|-damage|p1a: Kommo-o|89\/100\n|-boost|p2b: Tsareena|spe|1\n|move|p2a: Arboliva|Strength Sap|p1a: Kommo-o\n|-unboost|p1a: Kommo-o|atk|1\n|-heal|p2a: Arboliva|100\/100\n|\n|-heal|p1a: Kommo-o|95\/100|[from] Grassy Terrain\n|-heal|p2b: Tsareena|90\/100|[from] Grassy Terrain\n|-heal|p2b: Tsareena|96\/100|[from] item: Leftovers\n|-heal|p1b: Klefki|94\/100|[from] Grassy Terrain\n|upkeep\n|turn|5\n|\n|t:|1699769185\n|move|p1a: Kommo-o|Clangorous Soul|p1a: Kommo-o\n|-boost|p1a: Kommo-o|atk|1\n|-boost|p1a: Kommo-o|def|1\n|-boost|p1a: Kommo-o|spa|1\n|-boost|p1a: Kommo-o|spd|1\n|-boost|p1a: Kommo-o|spe|1\n|-damage|p1a: Kommo-o|62\/100\n|move|p2b: Tsareena|Acupressure|p2b: Tsareena\n|-boost|p2b: Tsareena|spd|2\n|move|p1b: Klefki|Dazzling Gleam|p2b: Tsareena|[spread] p2a,p2b\n|-activate|p2a: Arboliva|move: Substitute|[damage]\n|-damage|p2b: Tsareena|91\/100\n|move|p2a: Arboliva|Encore|p1a: Kommo-o\n|-start|p1a: Kommo-o|Encore\n|\n|-heal|p1a: Kommo-o|69\/100|[from] Grassy Terrain\n|-heal|p2b: Tsareena|97\/100|[from] Grassy Terrain\n|-heal|p2b: Tsareena|100\/100|[from] item: Leftovers\n|-heal|p1b: Klefki|99\/100|[from] Grassy Terrain\n|-sideend|p1: Dark Spirit Faren|move: Light Screen\n|upkeep\n|turn|6\n|-message|Dark Spirit Faren forfeited.\n|\n|win|Ragerz\n|raw|Dark Spirit Faren's rating: 1035 &rarr; <strong>1020<\/strong><br \/>(-15 for losing)\n|raw|Ragerz's rating: 1039 &rarr; <strong>1073<\/strong><br \/>(+34 for winning)\n|l|\u2606Dark Spirit Faren\n","uploadtime":1699769240,"views":19,"p1id":"darkspiritfaren","p2id":"ragerz","formatid":"gen9doublesou","rating":1020,"private":0,"password":""}