{"id":"gen9doublesou-1975572689","p1":"PrestonYIP","p2":"Sargenbob","format":"[Gen 9] Doubles OU","log":"|j|\u2606PrestonYIP\n|j|\u2606Sargenbob\n|t:|1698206607\n|gametype|doubles\n|player|p1|PrestonYIP|ghetsis|1000\n|player|p2|Sargenbob|red|1024\n|teamsize|p1|6\n|teamsize|p2|6\n|gen|9\n|tier|[Gen 9] Doubles OU\n|rated|\n|rule|Species Clause: Limit one of each Pok\u00e9mon\n|rule|OHKO Clause: OHKO moves are banned\n|rule|Evasion Moves Clause: Evasion moves are banned\n|rule|Gravity Sleep Clause: The combination of sleep-inducing moves with imperfect accuracy and Gravity or Gigantamax Orbeetle are banned\n|rule|Endless Battle Clause: Forcing endless battles is banned\n|rule|HP Percentage Mod: HP is shown in percentages\n|clearpoke\n|poke|p1|Great Tusk|\n|poke|p1|Torkoal, M|\n|poke|p1|Roaring Moon|\n|poke|p1|Greninja-*, M|\n|poke|p1|Walking Wake|\n|poke|p1|Yanmega, F|\n|poke|p2|Oranguru, M|\n|poke|p2|Torkoal, M|\n|poke|p2|Amoonguss, M|\n|poke|p2|Garganacl, M|\n|poke|p2|Toxapex, F|\n|poke|p2|Vikavolt, M|\n|teampreview\n|inactive|Battle timer is ON: inactive players will automatically lose when time's up. (requested by PrestonYIP)\n|\n|t:|1698206619\n|start\n|switch|p1a: Torkoal|Torkoal, M|100\/100\n|switch|p1b: Walking Wake|Walking Wake|100\/100\n|switch|p2a: Donkey Kong|Oranguru, M, shiny|100\/100\n|switch|p2b: Steven|Vikavolt, M, shiny|100\/100\n|-weather|SunnyDay|[from] ability: Drought|[of] p1a: Torkoal\n|-activate|p1b: Walking Wake|ability: Protosynthesis\n|-start|p1b: Walking Wake|protosynthesisspe\n|turn|1\n|\n|t:|1698206637\n|move|p2b: Steven|Protect|p2b: Steven\n|-singleturn|p2b: Steven|Protect\n|move|p1b: Walking Wake|Flamethrower|p2b: Steven\n|-activate|p2b: Steven|move: Protect\n|move|p1a: Torkoal|Lava Plume|p2a: Donkey Kong|[spread] p1b,p2a\n|-activate|p2b: Steven|move: Protect\n|-resisted|p1b: Walking Wake\n|-damage|p1b: Walking Wake|92\/100\n|-damage|p2a: Donkey Kong|82\/100\n|-status|p1b: Walking Wake|brn\n|move|p2a: Donkey Kong|Trick Room|p2a: Donkey Kong\n|-fieldstart|move: Trick Room|[of] p2a: Donkey Kong\n|\n|-weather|SunnyDay|[upkeep]\n|-damage|p1b: Walking Wake|86\/100 brn|[from] brn\n|upkeep\n|turn|2\n|\n|t:|1698206662\n|move|p1a: Torkoal|Stealth Rock|p2a: Donkey Kong\n|-sidestart|p2: Sargenbob|move: Stealth Rock\n|move|p2b: Steven|Discharge|p1a: Torkoal|[spread] p1a,p1b\n|-activate|p2a: Donkey Kong|ability: Telepathy\n|-damage|p1a: Torkoal|59\/100\n|-damage|p1b: Walking Wake|48\/100 brn\n|move|p2a: Donkey Kong|Instruct|p2b: Steven\n|-singleturn|p2b: Steven|move: Instruct|[of] p2a: Donkey Kong\n|move|p2b: Steven|Discharge|p1a: Torkoal|[spread] p1a,p1b\n|-activate|p2a: Donkey Kong|ability: Telepathy\n|-damage|p1a: Torkoal|15\/100\n|-damage|p1b: Walking Wake|12\/100 brn\n|-status|p1a: Torkoal|par\n|move|p1b: Walking Wake|Hydro Steam|p2a: Donkey Kong\n|-damage|p2a: Donkey Kong|27\/100\n|-damage|p1b: Walking Wake|3\/100 brn|[from] item: Life Orb\n|\n|-weather|SunnyDay|[upkeep]\n|-damage|p1b: Walking Wake|0 fnt|[from] brn\n|faint|p1b: Walking Wake\n|-end|p1b: Walking Wake|Protosynthesis|[silent]\n|upkeep\n|inactive|PrestonYIP has 120 seconds left.\n|\n|t:|1698206684\n|switch|p1b: Great Tusk|Great Tusk|100\/100\n|-activate|p1b: Great Tusk|ability: Protosynthesis\n|-start|p1b: Great Tusk|protosynthesisspe\n|turn|3\n|\n|t:|1698206697\n|move|p1a: Torkoal|Stealth Rock||[still]\n|-fail|p1a: Torkoal\n|move|p2b: Steven|Energy Ball|p1b: Great Tusk\n|-supereffective|p1b: Great Tusk\n|-damage|p1b: Great Tusk|24\/100\n|move|p2a: Donkey Kong|Psychic|p1b: Great Tusk\n|-supereffective|p1b: Great Tusk\n|-damage|p1b: Great Tusk|0 fnt\n|faint|p1b: Great Tusk\n|-end|p1b: Great Tusk|Protosynthesis|[silent]\n|\n|-weather|SunnyDay|[upkeep]\n|upkeep\n|inactive|PrestonYIP has 120 seconds left.\n|\n|t:|1698206709\n|switch|p1b: Greninja|Greninja, M|100\/100\n|turn|4\n|\n|t:|1698206721\n|move|p1a: Torkoal|Yawn|p2b: Steven\n|-start|p2b: Steven|move: Yawn|[of] p1a: Torkoal\n|move|p2b: Steven|Discharge|p1a: Torkoal|[spread] p1a,p1b\n|-activate|p2a: Donkey Kong|ability: Telepathy\n|-supereffective|p1b: Greninja\n|-damage|p1a: Torkoal|0 fnt\n|-damage|p1b: Greninja|7\/100\n|-enditem|p1b: Greninja|Salac Berry|[eat]\n|-boost|p1b: Greninja|spe|1|[from] item: Salac Berry\n|faint|p1a: Torkoal\n|move|p2a: Donkey Kong|Instruct|p2b: Steven\n|-singleturn|p2b: Steven|move: Instruct|[of] p2a: Donkey Kong\n|move|p2b: Steven|Discharge|p1b: Greninja|[spread] p1b\n|-activate|p2a: Donkey Kong|ability: Telepathy\n|-supereffective|p1b: Greninja\n|-damage|p1b: Greninja|0 fnt\n|faint|p1b: Greninja\n|\n|-weather|SunnyDay|[upkeep]\n|upkeep\n|\n|t:|1698206735\n|switch|p1a: Roaring Moon|Roaring Moon|100\/100\n|switch|p1b: Yanmega|Yanmega, F|100\/100\n|-activate|p1a: Roaring Moon|ability: Protosynthesis\n|-start|p1a: Roaring Moon|protosynthesisatk\n|turn|5\n|\n|t:|1698206753\n|-terastallize|p1b: Yanmega|Ground\n|move|p2b: Steven|Discharge|p1a: Roaring Moon|[spread] p1a\n|-activate|p2a: Donkey Kong|ability: Telepathy\n|-immune|p1b: Yanmega\n|-resisted|p1a: Roaring Moon\n|-damage|p1a: Roaring Moon|85\/100\n|-status|p1a: Roaring Moon|par\n|move|p2a: Donkey Kong|Instruct|p2b: Steven\n|-singleturn|p2b: Steven|move: Instruct|[of] p2a: Donkey Kong\n|move|p2b: Steven|Discharge|p1a: Roaring Moon|[spread] p1a\n|-activate|p2a: Donkey Kong|ability: Telepathy\n|-immune|p1b: Yanmega\n|-resisted|p1a: Roaring Moon\n|-crit|p1a: Roaring Moon\n|-damage|p1a: Roaring Moon|60\/100 par\n|cant|p1a: Roaring Moon|par\n|move|p1b: Yanmega|Swords Dance|p1b: Yanmega\n|-boost|p1b: Yanmega|atk|2\n|\n|-weather|SunnyDay|[upkeep]\n|-end|p2b: Steven|move: Yawn|[silent]\n|-status|p2b: Steven|slp\n|-fieldend|move: Trick Room\n|-ability|p1b: Yanmega|Speed Boost|boost\n|-boost|p1b: Yanmega|spe|1\n|upkeep\n|turn|6\n|\n|t:|1698206775\n|switch|p2b: Stronghold|Garganacl, M|100\/100\n|-damage|p2b: Stronghold|88\/100|[from] Stealth Rock\n|move|p1b: Yanmega|Swords Dance|p1b: Yanmega\n|-boost|p1b: Yanmega|atk|2\n|move|p1a: Roaring Moon|Knock Off|p2b: Stronghold\n|-damage|p2b: Stronghold|51\/100\n|-enditem|p2b: Stronghold|Leftovers|[from] move: Knock Off|[of] p1a: Roaring Moon\n|move|p2a: Donkey Kong|Trick Room|p2a: Donkey Kong\n|-fieldstart|move: Trick Room|[of] p2a: Donkey Kong\n|\n|-weather|SunnyDay|[upkeep]\n|-ability|p1b: Yanmega|Speed Boost|boost\n|-boost|p1b: Yanmega|spe|1\n|upkeep\n|turn|7\n|\n|t:|1698206791\n|move|p2a: Donkey Kong|Protect|p2a: Donkey Kong\n|-singleturn|p2a: Donkey Kong|Protect\n|move|p2b: Stronghold|Salt Cure|p1b: Yanmega\n|-resisted|p1b: Yanmega\n|-damage|p1b: Yanmega|93\/100\n|-start|p1b: Yanmega|Salt Cure\n|move|p1a: Roaring Moon|Knock Off|p2a: Donkey Kong\n|-activate|p2a: Donkey Kong|move: Protect\n|move|p1b: Yanmega|Leech Life|p2b: Stronghold\n|-crit|p2b: Stronghold\n|-damage|p2b: Stronghold|0 fnt\n|-heal|p1b: Yanmega|100\/100|[from] drain|[of] p2b: Stronghold\n|faint|p2b: Stronghold\n|\n|-weather|SunnyDay|[upkeep]\n|-damage|p1b: Yanmega|88\/100|[from] Salt Cure\n|-ability|p1b: Yanmega|Speed Boost|boost\n|-boost|p1b: Yanmega|spe|1\n|upkeep\n|\n|t:|1698206805\n|switch|p2b: Rafael|Torkoal, M, shiny|100\/100\n|-damage|p2b: Rafael|76\/100|[from] Stealth Rock\n|turn|8\n|\n|t:|1698206816\n|move|p2b: Rafael|Solar Beam||[still]\n|-prepare|p2b: Rafael|Solar Beam\n|-anim|p2b: Rafael|Solar Beam|p1b: Yanmega\n|-supereffective|p1b: Yanmega\n|-damage|p1b: Yanmega|0 fnt\n|faint|p1b: Yanmega\n|move|p2a: Donkey Kong|Instruct||[still]\n|-fail|p2a: Donkey Kong\n|move|p1a: Roaring Moon|Knock Off|p2b: Rafael\n|-damage|p2b: Rafael|21\/100\n|-enditem|p2b: Rafael|Charcoal|[from] move: Knock Off|[of] p1a: Roaring Moon\n|\n|-weather|none\n|-end|p1a: Roaring Moon|Protosynthesis\n|upkeep\n|-enditem|p1a: Roaring Moon|Booster Energy\n|-activate|p1a: Roaring Moon|ability: Protosynthesis|[fromitem]\n|-start|p1a: Roaring Moon|protosynthesisatk\n|turn|9\n|\n|t:|1698206830\n|move|p2b: Rafael|Heat Wave|p1a: Roaring Moon\n|-resisted|p1a: Roaring Moon\n|-damage|p1a: Roaring Moon|42\/100 par\n|move|p2a: Donkey Kong|Instruct|p2b: Rafael\n|-singleturn|p2b: Rafael|move: Instruct|[of] p2a: Donkey Kong\n|move|p2b: Rafael|Heat Wave|p1a: Roaring Moon\n|-resisted|p1a: Roaring Moon\n|-damage|p1a: Roaring Moon|22\/100 par\n|move|p1a: Roaring Moon|Earthquake|p2b: Rafael|[spread] p2a,p2b\n|-supereffective|p2b: Rafael\n|-damage|p2a: Donkey Kong|0 fnt\n|-damage|p2b: Rafael|0 fnt\n|faint|p2a: Donkey Kong\n|faint|p2b: Rafael\n|\n|upkeep\n|\n|t:|1698206839\n|switch|p2b: Toad|Amoonguss, M, shiny|100\/100\n|switch|p2a: Steven|Vikavolt, M, shiny|100\/100 slp\n|-damage|p2b: Toad|88\/100|[from] Stealth Rock\n|-damage|p2a: Steven|75\/100 slp|[from] Stealth Rock\n|turn|10\n|\n|t:|1698206848\n|move|p2b: Toad|Sludge Bomb|p1a: Roaring Moon\n|-damage|p1a: Roaring Moon|0 fnt\n|faint|p1a: Roaring Moon\n|-end|p1a: Roaring Moon|Protosynthesis|[silent]\n|\n|win|Sargenbob\n|raw|PrestonYIP's rating: 1000 &rarr; <strong>1000<\/strong><br \/>(+0 for losing)\n|raw|Sargenbob's rating: 1024 &rarr; <strong>1058<\/strong><br \/>(+34 for winning)\n|l|\u2606PrestonYIP\n","uploadtime":1698206854,"views":24,"p1id":"prestonyip","p2id":"sargenbob","formatid":"gen9doublesou","rating":1000,"private":0,"password":""}