{"id":"gen9doublesou-1979460764","p1":"RaigatheWeeb","p2":"ZippleZapple","format":"[Gen 9] Doubles OU","log":"|j|\u2606RaigatheWeeb\n|j|\u2606ZippleZapple\n|t:|1698684464\n|gametype|doubles\n|player|p1|RaigatheWeeb|266|1282\n|player|p2|ZippleZapple|169|1319\n|teamsize|p1|6\n|teamsize|p2|6\n|gen|9\n|tier|[Gen 9] Doubles OU\n|rated|\n|rule|Species Clause: Limit one of each Pok\u00e9mon\n|rule|OHKO Clause: OHKO moves are banned\n|rule|Evasion Moves Clause: Evasion moves are banned\n|rule|Gravity Sleep Clause: The combination of sleep-inducing moves with imperfect accuracy and Gravity or Gigantamax Orbeetle are banned\n|rule|Endless Battle Clause: Forcing endless battles is banned\n|rule|HP Percentage Mod: HP is shown in percentages\n|clearpoke\n|poke|p1|Kommo-o, F|\n|poke|p1|Clefairy, M|\n|poke|p1|Ogerpon-Hearthflame, F|\n|poke|p1|Iron Bundle|\n|poke|p1|Sinistcha|\n|poke|p1|Kingambit, M|\n|poke|p2|Grimmsnarl, M|\n|poke|p2|Pelipper, F|\n|poke|p2|Bruxish, F|\n|poke|p2|Samurott-Hisui, M|\n|poke|p2|Vikavolt, F|\n|poke|p2|Kleavor, F|\n|teampreview\n|c|\u2606RaigatheWeeb|Gl\n|\n|t:|1698684474\n|start\n|switch|p1a: Kommo-o|Kommo-o, F|100\/100\n|switch|p1b: Clefairy|Clefairy, M|100\/100\n|switch|p2a: Kleavor|Kleavor, F|100\/100\n|switch|p2b: Grimmsnarl|Grimmsnarl, M|100\/100\n|turn|1\n|\n|t:|1698684480\n|move|p1b: Clefairy|Follow Me|p1b: Clefairy\n|-singleturn|p1b: Clefairy|move: Follow Me\n|move|p2a: Kleavor|U-turn|p1b: Clefairy\n|-resisted|p1b: Clefairy\n|-damage|p1b: Clefairy|80\/100\n|\n|t:|1698684483\n|switch|p2a: Pelipper|Pelipper, F|100\/100|[from] U-turn\n|-weather|RainDance|[from] ability: Drizzle|[of] p2a: Pelipper\n|move|p1a: Kommo-o|Clangorous Soul|p1a: Kommo-o\n|-boost|p1a: Kommo-o|atk|1\n|-boost|p1a: Kommo-o|def|1\n|-boost|p1a: Kommo-o|spa|1\n|-boost|p1a: Kommo-o|spd|1\n|-boost|p1a: Kommo-o|spe|1\n|-damage|p1a: Kommo-o|68\/100\n|-enditem|p1a: Kommo-o|Throat Spray\n|-boost|p1a: Kommo-o|spa|1|[from] item: Throat Spray\n|move|p2b: Grimmsnarl|Spirit Break|p1b: Clefairy\n|-damage|p1b: Clefairy|44\/100\n|-unboost|p1b: Clefairy|spa|1\n|\n|-weather|RainDance|[upkeep]\n|upkeep\n|turn|2\n|\n|t:|1698684506\n|move|p1b: Clefairy|Follow Me|p1b: Clefairy\n|-singleturn|p1b: Clefairy|move: Follow Me\n|move|p1a: Kommo-o|Flash Cannon|p2b: Grimmsnarl\n|-supereffective|p2b: Grimmsnarl\n|-damage|p2b: Grimmsnarl|32\/100\n|move|p2a: Pelipper|Hurricane|p1b: Clefairy\n|-damage|p1b: Clefairy|23\/100\n|-start|p1b: Clefairy|confusion\n|move|p2b: Grimmsnarl|Spirit Break|p1b: Clefairy\n|-damage|p1b: Clefairy|0 fnt\n|faint|p1b: Clefairy\n|\n|-weather|RainDance|[upkeep]\n|-heal|p2b: Grimmsnarl|39\/100|[from] item: Leftovers\n|upkeep\n|\n|t:|1698684514\n|switch|p1b: Sinistcha|Sinistcha|100\/100\n|-heal|p1a: Kommo-o|92\/100|[from] ability: Hospitality|[of] p1b: Sinistcha\n|turn|3\n|\n|t:|1698684521\n|move|p2b: Grimmsnarl|Protect|p2b: Grimmsnarl\n|-singleturn|p2b: Grimmsnarl|Protect\n|move|p1b: Sinistcha|Rage Powder|p1b: Sinistcha\n|-singleturn|p1b: Sinistcha|move: Rage Powder\n|move|p1a: Kommo-o|Clanging Scales|p2a: Pelipper|[spread] p2a\n|-activate|p2b: Grimmsnarl|move: Protect\n|-damage|p2a: Pelipper|6\/100\n|-unboost|p1a: Kommo-o|def|1\n|move|p2a: Pelipper|Hurricane|p1b: Sinistcha\n|-supereffective|p1b: Sinistcha\n|-damage|p1b: Sinistcha|10\/100\n|-start|p1b: Sinistcha|confusion\n|\n|-weather|RainDance|[upkeep]\n|-heal|p1b: Sinistcha|16\/100|[from] item: Leftovers\n|-heal|p2b: Grimmsnarl|45\/100|[from] item: Leftovers\n|upkeep\n|turn|4\n|\n|t:|1698684536\n|move|p2a: Pelipper|Wide Guard|p2a: Pelipper\n|-singleturn|p2a: Pelipper|Wide Guard\n|-activate|p1b: Sinistcha|confusion\n|move|p1b: Sinistcha|Rage Powder|p1b: Sinistcha\n|-singleturn|p1b: Sinistcha|move: Rage Powder\n|move|p1a: Kommo-o|Boomburst|p2b: Grimmsnarl|[spread] \n|-activate|p2a: Pelipper|move: Wide Guard\n|-activate|p2b: Grimmsnarl|move: Wide Guard\n|-immune|p1b: Sinistcha\n|move|p2b: Grimmsnarl|Spirit Break|p1b: Sinistcha\n|-damage|p1b: Sinistcha|0 fnt\n|faint|p1b: Sinistcha\n|\n|-weather|RainDance|[upkeep]\n|-heal|p2b: Grimmsnarl|51\/100|[from] item: Leftovers\n|upkeep\n|\n|t:|1698684541\n|switch|p1b: Iron Bundle|Iron Bundle|100\/100\n|turn|5\n|\n|t:|1698684552\n|move|p1a: Kommo-o|Boomburst|p2a: Pelipper|[spread] p1b,p2a,p2b\n|-crit|p1b: Iron Bundle\n|-damage|p1b: Iron Bundle|0 fnt\n|-damage|p2a: Pelipper|0 fnt\n|-damage|p2b: Grimmsnarl|5\/100\n|faint|p1b: Iron Bundle\n|-end|p1b: Iron Bundle|Quark Drive|[silent]\n|faint|p2a: Pelipper\n|move|p2b: Grimmsnarl|Spirit Break|p1a: Kommo-o\n|-supereffective|p1a: Kommo-o\n|-damage|p1a: Kommo-o|0 fnt\n|faint|p1a: Kommo-o\n|\n|-weather|none\n|-heal|p2b: Grimmsnarl|11\/100|[from] item: Leftovers\n|upkeep\n|-message|RaigatheWeeb forfeited.\n|\n|win|ZippleZapple\n|raw|RaigatheWeeb's rating: 1282 &rarr; <strong>1260<\/strong><br \/>(-22 for losing)\n|raw|ZippleZapple's rating: 1319 &rarr; <strong>1337<\/strong><br \/>(+18 for winning)\n|l|\u2606RaigatheWeeb\n","uploadtime":1698684575,"views":12,"p1id":"raigatheweeb","p2id":"zipplezapple","formatid":"gen9doublesou","rating":1260,"private":0,"password":""}