{"id":"gen9doublesou-1990559652","p1":"TheSupereme","p2":"Vampirtulpe","format":"[Gen 9] Doubles OU","log":"|j|\u2606TheSupereme\n|j|\u2606Vampirtulpe\n|t:|1699981430\n|gametype|doubles\n|player|p1|TheSupereme|2|1317\n|player|p2|Vampirtulpe|grimsley|1407\n|teamsize|p1|6\n|teamsize|p2|6\n|gen|9\n|tier|[Gen 9] Doubles OU\n|rated|\n|rule|Species Clause: Limit one of each Pok\u00e9mon\n|rule|OHKO Clause: OHKO moves are banned\n|rule|Evasion Moves Clause: Evasion moves are banned\n|rule|Gravity Sleep Clause: The combination of sleep-inducing moves with imperfect accuracy and Gravity or Gigantamax Orbeetle are banned\n|rule|Endless Battle Clause: Forcing endless battles is banned\n|rule|HP Percentage Mod: HP is shown in percentages\n|clearpoke\n|poke|p1|Chien-Pao|\n|poke|p1|Arcanine-Hisui, M|\n|poke|p1|Tornadus, M|\n|poke|p1|Rillaboom, F|\n|poke|p1|Flutter Mane|\n|poke|p1|Iron Hands|\n|poke|p2|Kommo-o, F|\n|poke|p2|Oricorio, F|\n|poke|p2|Volcarona, F|\n|poke|p2|Iron Moth|\n|poke|p2|Indeedee-F, F|\n|poke|p2|Tornadus, M|\n|teampreview\n|\n|t:|1699981440\n|start\n|switch|p1a: Tornadus|Tornadus, M|100\/100\n|switch|p1b: Rillaboom|Rillaboom, F|100\/100\n|switch|p2a: Oricorio|Oricorio, F, shiny|100\/100\n|switch|p2b: Volcarona|Volcarona, F|100\/100\n|-fieldstart|move: Grassy Terrain|[from] ability: Grassy Surge|[of] p1b: Rillaboom\n|turn|1\n|\n|t:|1699981458\n|move|p2b: Volcarona|Protect|p2b: Volcarona\n|-singleturn|p2b: Volcarona|Protect\n|move|p1b: Rillaboom|Fake Out|p2b: Volcarona\n|-activate|p2b: Volcarona|move: Protect\n|move|p1a: Tornadus|Tailwind|p1a: Tornadus\n|-sidestart|p1: TheSupereme|move: Tailwind\n|move|p2a: Oricorio|Quiver Dance|p2a: Oricorio\n|-boost|p2a: Oricorio|spa|1\n|-boost|p2a: Oricorio|spd|1\n|-boost|p2a: Oricorio|spe|1\n|\n|upkeep\n|turn|2\n|\n|t:|1699981473\n|move|p2a: Oricorio|Protect|p2a: Oricorio\n|-singleturn|p2a: Oricorio|Protect\n|move|p1a: Tornadus|Icy Wind|p2b: Volcarona|[spread] \n|-activate|p2a: Oricorio|move: Protect\n|-miss|p1a: Tornadus|p2b: Volcarona\n|move|p1b: Rillaboom|Stomping Tantrum|p2b: Volcarona\n|-damage|p2b: Volcarona|57\/100\n|-status|p1b: Rillaboom|brn|[from] ability: Flame Body|[of] p2b: Volcarona\n|move|p2b: Volcarona|Quiver Dance|p2b: Volcarona\n|-boost|p2b: Volcarona|spa|1\n|-boost|p2b: Volcarona|spd|1\n|-boost|p2b: Volcarona|spe|1\n|-activate|p2a: Oricorio|ability: Dancer\n|move|p2a: Oricorio|Quiver Dance|p2a: Oricorio|[from]ability: Dancer\n|-boost|p2a: Oricorio|spa|1\n|-boost|p2a: Oricorio|spd|1\n|-boost|p2a: Oricorio|spe|1\n|\n|-heal|p2b: Volcarona|63\/100|[from] Grassy Terrain\n|-damage|p1b: Rillaboom|95\/100 brn|[from] brn\n|upkeep\n|turn|3\n|\n|t:|1699981500\n|switch|p1a: Arcanine|Arcanine-Hisui, M|100\/100\n|switch|p1b: Iron Hands|Iron Hands|100\/100\n|-enditem|p1b: Iron Hands|Booster Energy\n|-activate|p1b: Iron Hands|ability: Quark Drive|[fromitem]\n|-start|p1b: Iron Hands|quarkdriveatk\n|move|p2a: Oricorio|Revelation Dance|p1b: Iron Hands\n|-damage|p1b: Iron Hands|33\/100\n|move|p2b: Volcarona|Fiery Dance|p1b: Iron Hands\n|-damage|p1b: Iron Hands|0 fnt\n|faint|p1b: Iron Hands\n|-end|p1b: Iron Hands|Quark Drive|[silent]\n|-activate|p2a: Oricorio|ability: Dancer\n|move|p2a: Oricorio|Fiery Dance|p1a: Arcanine|[from]ability: Dancer\n|-resisted|p1a: Arcanine\n|-damage|p1a: Arcanine|79\/100\n|-boost|p2a: Oricorio|spa|1\n|\n|-heal|p1a: Arcanine|85\/100|[from] Grassy Terrain\n|-heal|p2b: Volcarona|69\/100|[from] Grassy Terrain\n|upkeep\n|\n|t:|1699981515\n|switch|p1b: Tornadus|Tornadus, M|100\/100\n|turn|4\n|\n|t:|1699981527\n|move|p1b: Tornadus|Protect|p1b: Tornadus\n|-singleturn|p1b: Tornadus|Protect\n|move|p2a: Oricorio|Protect|p2a: Oricorio\n|-singleturn|p2a: Oricorio|Protect\n|move|p1a: Arcanine|Head Smash|p2a: Oricorio\n|-activate|p2a: Oricorio|move: Protect\n|move|p2b: Volcarona|Fiery Dance|p1b: Tornadus\n|-activate|p1b: Tornadus|move: Protect\n|\n|-heal|p1a: Arcanine|91\/100|[from] Grassy Terrain\n|-heal|p2b: Volcarona|75\/100|[from] Grassy Terrain\n|-sideend|p1: TheSupereme|move: Tailwind\n|upkeep\n|turn|5\n|\n|t:|1699981548\n|-terastallize|p2a: Oricorio|Steel\n|move|p1b: Tornadus|Tailwind|p1b: Tornadus\n|-sidestart|p1: TheSupereme|move: Tailwind\n|move|p1a: Arcanine|Head Smash|p2a: Oricorio\n|-resisted|p2a: Oricorio\n|-damage|p2a: Oricorio|12\/100\n|move|p2a: Oricorio|Revelation Dance|p1a: Arcanine\n|-damage|p1a: Arcanine|0 fnt\n|faint|p1a: Arcanine\n|move|p2b: Volcarona|Fiery Dance|p1b: Tornadus\n|-damage|p1b: Tornadus|18\/100\n|-boost|p2b: Volcarona|spa|1\n|-activate|p2a: Oricorio|ability: Dancer\n|move|p2a: Oricorio|Fiery Dance|p1b: Tornadus|[from]ability: Dancer\n|-damage|p1b: Tornadus|0 fnt\n|-boost|p2a: Oricorio|spa|1\n|faint|p1b: Tornadus\n|\n|-heal|p2a: Oricorio|18\/100|[from] Grassy Terrain\n|-heal|p2a: Oricorio|25\/100|[from] item: Leftovers\n|-heal|p2b: Volcarona|81\/100|[from] Grassy Terrain\n|upkeep\n|\n|t:|1699981553\n|switch|p1b: Chien-Pao|Chien-Pao|100\/100\n|switch|p1a: Flutter Mane|Flutter Mane|100\/100\n|-ability|p1b: Chien-Pao|Sword of Ruin\n|turn|6\n|\n|t:|1699981577\n|-terastallize|p1b: Chien-Pao|Fighting\n|move|p2a: Oricorio|Protect|p2a: Oricorio\n|-singleturn|p2a: Oricorio|Protect\n|move|p1b: Chien-Pao|Sacred Sword|p2a: Oricorio\n|-activate|p2a: Oricorio|move: Protect\n|move|p1a: Flutter Mane|Poltergeist|p2b: Volcarona\n|-activate|p2b: Volcarona|move: Poltergeist|Safety Goggles\n|-damage|p2b: Volcarona|36\/100\n|move|p2b: Volcarona|Fiery Dance|p1b: Chien-Pao\n|-damage|p1b: Chien-Pao|0 fnt\n|-boost|p2b: Volcarona|spa|1\n|faint|p1b: Chien-Pao\n|-activate|p2a: Oricorio|ability: Dancer\n|move|p2a: Oricorio|Fiery Dance|p1a: Flutter Mane|[from]ability: Dancer\n|-damage|p1a: Flutter Mane|0 fnt\n|faint|p1a: Flutter Mane\n|-end|p1a: Flutter Mane|Protosynthesis|[silent]\n|\n|-heal|p2a: Oricorio|31\/100|[from] Grassy Terrain\n|-heal|p2a: Oricorio|37\/100|[from] item: Leftovers\n|-heal|p2b: Volcarona|42\/100|[from] Grassy Terrain\n|upkeep\n|-message|TheSupereme forfeited.\n|\n|win|Vampirtulpe\n|raw|TheSupereme's rating: 1317 &rarr; <strong>1302<\/strong><br \/>(-15 for losing)\n|raw|Vampirtulpe's rating: 1407 &rarr; <strong>1422<\/strong><br \/>(+15 for winning)\n|l|\u2606TheSupereme\n","uploadtime":1699981603,"views":16,"p1id":"thesupereme","p2id":"vampirtulpe","formatid":"gen9doublesou","rating":1302,"private":0,"password":""}