{"id":"gen9doublesou-1975338479","p1":"Kyukutsu","p2":"xr21","format":"[Gen 9] Doubles OU","log":"|j|\u2606Kyukutsu\n|j|\u2606xr21\n|t:|1698181142\n|gametype|doubles\n|player|p1|Kyukutsu|chuck|1275\n|player|p2|xr21|2|1380\n|teamsize|p1|6\n|teamsize|p2|6\n|gen|9\n|tier|[Gen 9] Doubles OU\n|rated|\n|rule|Species Clause: Limit one of each Pok\u00e9mon\n|rule|OHKO Clause: OHKO moves are banned\n|rule|Evasion Moves Clause: Evasion moves are banned\n|rule|Gravity Sleep Clause: The combination of sleep-inducing moves with imperfect accuracy and Gravity or Gigantamax Orbeetle are banned\n|rule|Endless Battle Clause: Forcing endless battles is banned\n|rule|HP Percentage Mod: HP is shown in percentages\n|clearpoke\n|poke|p1|Meowscarada, M|\n|poke|p1|Iron Hands|\n|poke|p1|Sylveon, M|\n|poke|p1|Arcanine-Hisui, M|\n|poke|p1|Scizor, F|\n|poke|p1|Hydreigon, M|\n|poke|p2|Tyranitar, F|\n|poke|p2|Landorus-Therian, M|\n|poke|p2|Cresselia, F|\n|poke|p2|Scizor, F|\n|poke|p2|Amoonguss, M|\n|poke|p2|Gyarados, M|\n|teampreview\n|inactive|Battle timer is ON: inactive players will automatically lose when time's up. (requested by xr21)\n|\n|t:|1698181156\n|start\n|switch|p1a: Dog|Arcanine-Hisui, M, shiny|100\/100\n|switch|p1b: Cat|Sylveon, M|100\/100\n|switch|p2a: Landorus|Landorus-Therian, M|100\/100\n|switch|p2b: Cresselia|Cresselia, F|100\/100\n|-ability|p2a: Landorus|Intimidate|boost\n|-unboost|p1a: Dog|atk|1\n|-unboost|p1b: Cat|atk|1\n|-ability|p1a: Dog|Intimidate|boost\n|-unboost|p2a: Landorus|atk|1\n|-unboost|p2b: Cresselia|atk|1\n|turn|1\n|inactive|Kyukutsu has 120 seconds left.\n|\n|t:|1698181188\n|switch|p2a: Tyranitar|Tyranitar, F|100\/100\n|-weather|Sandstorm|[from] ability: Sand Stream|[of] p2a: Tyranitar\n|switch|p1a: Puff Daddy|Hydreigon, M|100\/100\n|move|p2b: Cresselia|Calm Mind|p2b: Cresselia\n|-boost|p2b: Cresselia|spa|1\n|-boost|p2b: Cresselia|spd|1\n|move|p1b: Cat|Hyper Voice|p2b: Cresselia|[spread] p2a,p2b\n|-supereffective|p2a: Tyranitar\n|-damage|p2a: Tyranitar|47\/100\n|-damage|p2b: Cresselia|77\/100\n|\n|-weather|Sandstorm|[upkeep]\n|-damage|p1a: Puff Daddy|94\/100|[from] Sandstorm\n|-damage|p1b: Cat|94\/100|[from] Sandstorm\n|upkeep\n|turn|2\n|\n|t:|1698181210\n|move|p1a: Puff Daddy|Tailwind|p1a: Puff Daddy\n|-sidestart|p1: Kyukutsu|move: Tailwind\n|move|p1b: Cat|Hyper Voice|p2a: Tyranitar|[spread] p2a,p2b\n|-supereffective|p2a: Tyranitar\n|-damage|p2a: Tyranitar|0 fnt\n|-damage|p2b: Cresselia|49\/100\n|faint|p2a: Tyranitar\n|move|p2b: Cresselia|Icy Wind|p1b: Cat|[spread] p1a,p1b\n|-supereffective|p1a: Puff Daddy\n|-damage|p1a: Puff Daddy|70\/100\n|-damage|p1b: Cat|86\/100\n|-unboost|p1a: Puff Daddy|spe|1\n|-unboost|p1b: Cat|spe|1\n|\n|-weather|Sandstorm|[upkeep]\n|-damage|p1a: Puff Daddy|64\/100|[from] Sandstorm\n|-damage|p1b: Cat|80\/100|[from] Sandstorm\n|upkeep\n|\n|t:|1698181223\n|switch|p2a: Scizor|Scizor, F|100\/100\n|turn|3\n|\n|t:|1698181232\n|move|p2a: Scizor|Protect|p2a: Scizor\n|-singleturn|p2a: Scizor|Protect\n|move|p1a: Puff Daddy|Heat Wave|p2b: Cresselia|[spread] p2b\n|-activate|p2a: Scizor|move: Protect\n|-damage|p2b: Cresselia|35\/100\n|-status|p2b: Cresselia|brn\n|-damage|p1a: Puff Daddy|54\/100|[from] item: Life Orb\n|move|p1b: Cat|Hyper Voice|p2b: Cresselia|[spread] p2b\n|-activate|p2a: Scizor|move: Protect\n|-damage|p2b: Cresselia|12\/100 brn\n|move|p2b: Cresselia|Calm Mind|p2b: Cresselia\n|-boost|p2b: Cresselia|spa|1\n|-boost|p2b: Cresselia|spd|1\n|\n|-weather|Sandstorm|[upkeep]\n|-damage|p1a: Puff Daddy|48\/100|[from] Sandstorm\n|-damage|p1b: Cat|74\/100|[from] Sandstorm\n|-damage|p2b: Cresselia|6\/100 brn|[from] brn\n|upkeep\n|turn|4\n|inactive|Kyukutsu has 120 seconds left.\n|\n|t:|1698181264\n|switch|p1b: Dog|Arcanine-Hisui, M, shiny|100\/100\n|-ability|p1b: Dog|Intimidate|boost\n|-fail|p2a: Scizor|unboost|[from] item: Clear Amulet|[of] p2a: Scizor\n|-unboost|p2b: Cresselia|atk|1\n|move|p2a: Scizor|Bullet Punch|p1b: Dog\n|-damage|p1b: Dog|64\/100\n|move|p1a: Puff Daddy|Heat Wave|p2a: Scizor|[spread] p2b\n|-miss|p1a: Puff Daddy|p2a: Scizor\n|-damage|p2b: Cresselia|0 fnt\n|faint|p2b: Cresselia\n|-damage|p1a: Puff Daddy|38\/100|[from] item: Life Orb\n|\n|-weather|Sandstorm|[upkeep]\n|-damage|p1a: Puff Daddy|32\/100|[from] Sandstorm\n|upkeep\n|\n|t:|1698181279\n|switch|p2b: Landorus|Landorus-Therian, M|100\/100\n|-ability|p2b: Landorus|Intimidate|boost\n|-unboost|p1a: Puff Daddy|atk|1\n|-unboost|p1b: Dog|atk|1\n|turn|5\n|\n|t:|1698181308\n|switch|p1b: Bully|Meowscarada, M|100\/100\n|move|p2a: Scizor|Protect|p2a: Scizor\n|-singleturn|p2a: Scizor|Protect\n|move|p1a: Puff Daddy|Heat Wave|p2b: Landorus|[spread] p2b\n|-activate|p2a: Scizor|move: Protect\n|-damage|p2b: Landorus|61\/100\n|-status|p2b: Landorus|brn\n|-damage|p1a: Puff Daddy|22\/100|[from] item: Life Orb\n|move|p2b: Landorus|Earthquake|p1b: Bully|[spread] p1b\n|-activate|p2a: Scizor|move: Protect\n|-immune|p1a: Puff Daddy|[from] ability: Levitate\n|-resisted|p1b: Bully\n|-damage|p1b: Bully|84\/100\n|\n|-weather|none\n|-damage|p2b: Landorus|55\/100 brn|[from] brn\n|-sideend|p1: Kyukutsu|move: Tailwind\n|upkeep\n|turn|6\n|\n|t:|1698181335\n|switch|p2b: Gyarados|Gyarados, M|100\/100\n|move|p2a: Scizor|Bullet Punch|p1a: Puff Daddy\n|-damage|p1a: Puff Daddy|0 fnt\n|faint|p1a: Puff Daddy\n|move|p1b: Bully|Flower Trick|p2b: Gyarados\n|-crit|p2b: Gyarados\n|-damage|p2b: Gyarados|42\/100\n|\n|upkeep\n|inactive|Kyukutsu has 120 seconds left.\n|\n|t:|1698181348\n|switch|p1a: Bit Knight|Iron Hands|100\/100\n|turn|7\n|\n|t:|1698181368\n|switch|p2b: Amoonguss|Amoonguss, M|100\/100\n|move|p1a: Bit Knight|Fake Out|p2a: Scizor\n|-resisted|p2a: Scizor\n|-damage|p2a: Scizor|93\/100\n|move|p1b: Bully|Knock Off|p2b: Amoonguss\n|-damage|p2b: Amoonguss|59\/100\n|-enditem|p2b: Amoonguss|Black Sludge|[from] move: Knock Off|[of] p1b: Bully\n|cant|p2a: Scizor|flinch\n|\n|upkeep\n|turn|8\n|inactive|Kyukutsu has 120 seconds left.\n|\n|t:|1698181417\n|switch|p1b: Dog|Arcanine-Hisui, M, shiny|64\/100\n|-ability|p1b: Dog|Intimidate|boost\n|-fail|p2a: Scizor|unboost|[from] item: Clear Amulet|[of] p2a: Scizor\n|-unboost|p2b: Amoonguss|atk|1\n|move|p2a: Scizor|Dual Wingbeat|p1b: Dog|[miss]\n|-miss|p2a: Scizor|p1b: Dog\n|move|p1a: Bit Knight|Heavy Slam|p2b: Amoonguss\n|-damage|p2b: Amoonguss|17\/100\n|move|p2b: Amoonguss|Spore|p1a: Bit Knight\n|-status|p1a: Bit Knight|slp|[from] move: Spore\n|\n|upkeep\n|turn|9\n|inactive|Kyukutsu has 120 seconds left.\n|\n|t:|1698181442\n|switch|p2a: Gyarados|Gyarados, M|42\/100\n|switch|p2b: Landorus|Landorus-Therian, M|55\/100 brn\n|-ability|p2b: Landorus|Intimidate|boost\n|-unboost|p1a: Bit Knight|atk|1\n|-unboost|p1b: Dog|atk|1\n|move|p1b: Dog|Flare Blitz|p2a: Gyarados\n|-resisted|p2a: Gyarados\n|-damage|p2a: Gyarados|17\/100\n|-damage|p1b: Dog|56\/100|[from] Recoil\n|cant|p1a: Bit Knight|slp\n|\n|-damage|p2b: Landorus|49\/100 brn|[from] brn\n|upkeep\n|turn|10\n|inactive|Kyukutsu has 120 seconds left.\n|\n|t:|1698181472\n|move|p2b: Landorus|Earthquake|p1b: Dog|[spread] p1a,p1b\n|-immune|p2a: Gyarados\n|-supereffective|p1a: Bit Knight\n|-supereffective|p1b: Dog\n|-damage|p1a: Bit Knight|69\/100 slp\n|-damage|p1b: Dog|0 fnt\n|faint|p1b: Dog\n|move|p2a: Gyarados|Earthquake|p1a: Bit Knight|[spread] p1a\n|-immune|p2b: Landorus\n|-supereffective|p1a: Bit Knight\n|-damage|p1a: Bit Knight|30\/100 slp\n|cant|p1a: Bit Knight|slp\n|\n|-damage|p2b: Landorus|43\/100 brn|[from] brn\n|upkeep\n|inactive|Kyukutsu has 90 seconds left.\n|\n|t:|1698181497\n|switch|p1b: Scyther MK 2|Scizor, F, shiny|100\/100\n|turn|11\n|\n|t:|1698181512\n|move|p1b: Scyther MK 2|Bullet Punch|p2b: Landorus\n|-damage|p2b: Landorus|0 fnt\n|faint|p2b: Landorus\n|move|p2a: Gyarados|Earthquake|p1a: Bit Knight|[spread] p1a,p1b\n|-supereffective|p1a: Bit Knight\n|-damage|p1a: Bit Knight|0 fnt\n|-damage|p1b: Scyther MK 2|74\/100\n|faint|p1a: Bit Knight\n|-end|p1a: Bit Knight|Quark Drive|[silent]\n|-ability|p2a: Gyarados|Moxie|boost\n|-boost|p2a: Gyarados|atk|1\n|\n|upkeep\n|inactive|Kyukutsu has 120 seconds left.\n|\n|t:|1698181523\n|switch|p2b: Amoonguss|Amoonguss, M|50\/100\n|switch|p1a: Cat|Sylveon, M|74\/100\n|turn|12\n|inactive|Kyukutsu has 120 seconds left.\n|\n|t:|1698181550\n|-terastallize|p1b: Scyther MK 2|Steel\n|move|p2b: Amoonguss|Rage Powder|p2b: Amoonguss\n|-singleturn|p2b: Amoonguss|move: Rage Powder\n|move|p1b: Scyther MK 2|Bullet Punch|p2b: Amoonguss\n|-damage|p2b: Amoonguss|0 fnt\n|faint|p2b: Amoonguss\n|move|p2a: Gyarados|Iron Head|p1a: Cat\n|-supereffective|p1a: Cat\n|-damage|p1a: Cat|0 fnt\n|faint|p1a: Cat\n|-ability|p2a: Gyarados|Moxie|boost\n|-boost|p2a: Gyarados|atk|1\n|\n|upkeep\n|\n|t:|1698181563\n|switch|p1a: Bully|Meowscarada, M|84\/100\n|switch|p2b: Scizor|Scizor, F|93\/100\n|turn|13\n|\n|t:|1698181577\n|-terastallize|p2b: Scizor|Steel\n|move|p1b: Scyther MK 2|Bullet Punch|p2a: Gyarados\n|-resisted|p2a: Gyarados\n|-damage|p2a: Gyarados|0 fnt\n|faint|p2a: Gyarados\n|move|p1a: Bully|Knock Off|p2b: Scizor\n|-damage|p2b: Scizor|53\/100\n|-enditem|p2b: Scizor|Clear Amulet|[from] move: Knock Off|[of] p1a: Bully\n|move|p2b: Scizor|Dual Wingbeat|p1a: Bully\n|-supereffective|p1a: Bully\n|-damage|p1a: Bully|14\/100\n|-supereffective|p1a: Bully\n|-damage|p1a: Bully|0 fnt\n|faint|p1a: Bully\n|-hitcount|p1: Bully|2\n|\n|upkeep\n|turn|14\n|\n|t:|1698181594\n|move|p1b: Scyther MK 2|Bullet Punch|p2b: Scizor\n|-resisted|p2b: Scizor\n|-damage|p2b: Scizor|21\/100\n|move|p2b: Scizor|Swords Dance|p2b: Scizor\n|-boost|p2b: Scizor|atk|2\n|\n|upkeep\n|turn|15\n|\n|t:|1698181608\n|move|p2b: Scizor|Bullet Punch|p1b: Scyther MK 2\n|-resisted|p1b: Scyther MK 2\n|-damage|p1b: Scyther MK 2|28\/100\n|move|p1b: Scyther MK 2|Bullet Punch|p2b: Scizor\n|-resisted|p2b: Scizor\n|-damage|p2b: Scizor|0 fnt\n|faint|p2b: Scizor\n|\n|win|Kyukutsu\n|raw|Kyukutsu's rating: 1275 &rarr; <strong>1307<\/strong><br \/>(+32 for winning)\n|raw|xr21's rating: 1380 &rarr; <strong>1354<\/strong><br \/>(-26 for losing)\n|c|\u2606Kyukutsu|Gg\n|l|\u2606xr21\n","uploadtime":1698181636,"views":15,"p1id":"kyukutsu","p2id":"xr21","formatid":"gen9doublesou","rating":1307,"private":0,"password":""}