{"id":"gen9doublesou-1987256961","p1":"Wadzo","p2":"BT7276","format":"[Gen 9] Doubles OU","log":"|j|\u2606Wadzo\n|j|\u2606BT7276\n|t:|1699570132\n|gametype|doubles\n|player|p1|Wadzo|lusamine-nihilego|1108\n|player|p2|BT7276|101|1044\n|teamsize|p1|6\n|teamsize|p2|6\n|gen|9\n|tier|[Gen 9] Doubles OU\n|rated|\n|rule|Species Clause: Limit one of each Pok\u00e9mon\n|rule|OHKO Clause: OHKO moves are banned\n|rule|Evasion Moves Clause: Evasion moves are banned\n|rule|Gravity Sleep Clause: The combination of sleep-inducing moves with imperfect accuracy and Gravity or Gigantamax Orbeetle are banned\n|rule|Endless Battle Clause: Forcing endless battles is banned\n|rule|HP Percentage Mod: HP is shown in percentages\n|clearpoke\n|poke|p1|Tornadus, M|\n|poke|p1|Flamigo, M|\n|poke|p1|Amoonguss, M|\n|poke|p1|Palafin, M|\n|poke|p1|Mew|\n|poke|p1|Enamorus, F|\n|poke|p2|Snorlax, M|\n|poke|p2|Clefairy, M|\n|poke|p2|Sinistcha-Masterpiece|\n|poke|p2|Landorus-Therian, M|\n|poke|p2|Iron Hands|\n|poke|p2|Kommo-o, F|\n|teampreview\n|inactive|Battle timer is ON: inactive players will automatically lose when time's up. (requested by Wadzo)\n|\n|t:|1699570158\n|start\n|switch|p1a: Tornadus|Tornadus, M|100\/100\n|switch|p1b: Flamigo|Flamigo, M|100\/100\n|switch|p2a: Snorlax|Snorlax, M|100\/100\n|switch|p2b: Clefairy|Clefairy, M|100\/100\n|turn|1\n|\n|t:|1699570175\n|move|p1a: Tornadus|Swagger|p1b: Flamigo|[miss]\n|-miss|p1a: Tornadus|p1b: Flamigo\n|move|p1b: Flamigo|Brave Bird|p2b: Clefairy\n|-damage|p2b: Clefairy|18\/100\n|-damage|p1b: Flamigo|75\/100|[from] Recoil\n|-damage|p1b: Flamigo|65\/100|[from] item: Life Orb\n|move|p2b: Clefairy|Heal Pulse|p2a: Snorlax\n|-fail|p2a: Snorlax|heal\n|move|p2a: Snorlax|Belly Drum|p2a: Snorlax\n|-damage|p2a: Snorlax|50\/100\n|-setboost|p2a: Snorlax|atk|6|[from] move: Belly Drum\n|-enditem|p2a: Snorlax|Sitrus Berry|[eat]\n|-heal|p2a: Snorlax|75\/100|[from] item: Sitrus Berry\n|\n|upkeep\n|turn|2\n|\n|t:|1699570201\n|move|p2b: Clefairy|Protect|p2b: Clefairy\n|-singleturn|p2b: Clefairy|Protect\n|move|p1a: Tornadus|Swagger|p1b: Flamigo\n|-boost|p1b: Flamigo|atk|2\n|-start|p1b: Flamigo|confusion\n|-activate|p1b: Flamigo|confusion\n|move|p1b: Flamigo|Brave Bird|p2a: Snorlax\n|-damage|p2a: Snorlax|0 fnt\n|faint|p2a: Snorlax\n|-damage|p1b: Flamigo|34\/100|[from] Recoil\n|-damage|p1b: Flamigo|24\/100|[from] item: Life Orb\n|\n|upkeep\n|inactive|BT7276 has 120 seconds left.\n|\n|t:|1699570215\n|switch|p2a: Iron Hands|Iron Hands|100\/100\n|turn|3\n|inactive|Wadzo has 120 seconds left.\n|\n|t:|1699570252\n|move|p2a: Iron Hands|Fake Out|p1b: Flamigo\n|-damage|p1b: Flamigo|8\/100\n|move|p2b: Clefairy|Follow Me|p2b: Clefairy\n|-singleturn|p2b: Clefairy|move: Follow Me\n|move|p1a: Tornadus|Bleakwind Storm|p2b: Clefairy|[spread] p2a\n|-miss|p1a: Tornadus|p2b: Clefairy\n|-crit|p2a: Iron Hands\n|-damage|p2a: Iron Hands|77\/100\n|cant|p1b: Flamigo|flinch\n|\n|upkeep\n|turn|4\n|\n|t:|1699570279\n|move|p2b: Clefairy|Protect|p2b: Clefairy\n|-singleturn|p2b: Clefairy|Protect\n|move|p1a: Tornadus|Bleakwind Storm|p2b: Clefairy|[spread] p2a\n|-activate|p2b: Clefairy|move: Protect\n|-damage|p2a: Iron Hands|62\/100\n|-activate|p1b: Flamigo|confusion\n|-damage|p1b: Flamigo|0 fnt|[from] confusion\n|faint|p1b: Flamigo\n|move|p2a: Iron Hands|Wild Charge|p1a: Tornadus\n|-supereffective|p1a: Tornadus\n|-damage|p1a: Tornadus|0 fnt\n|faint|p1a: Tornadus\n|-damage|p2a: Iron Hands|45\/100|[from] Recoil\n|\n|upkeep\n|\n|t:|1699570291\n|switch|p1a: Enamorus|Enamorus, F|100\/100\n|switch|p1b: Mew|Mew|100\/100\n|turn|5\n|inactive|Wadzo has 120 seconds left.\n|\n|t:|1699570322\n|-terastallize|p1a: Enamorus|Fairy\n|-terastallize|p2a: Iron Hands|Water\n|move|p2b: Clefairy|Follow Me|p2b: Clefairy\n|-singleturn|p2b: Clefairy|move: Follow Me\n|move|p1a: Enamorus|Springtide Storm|p2a: Iron Hands|[spread] p2a\n|-miss|p1a: Enamorus|p2b: Clefairy\n|-damage|p2a: Iron Hands|28\/100\n|move|p1b: Mew|Skill Swap|p2b: Clefairy\n|-activate|p1b: Mew|move: Skill Swap|Friend Guard|Synchronize|[of] p2b: Clefairy\n|move|p2a: Iron Hands|Heavy Slam|p1a: Enamorus\n|-supereffective|p1a: Enamorus\n|-damage|p1a: Enamorus|21\/100\n|\n|-heal|p1a: Enamorus|27\/100|[from] item: Leftovers\n|upkeep\n|turn|6\n|inactive|Wadzo has 120 seconds left.\n|\n|t:|1699570353\n|move|p1a: Enamorus|Springtide Storm|p2a: Iron Hands|[spread] p2a,p2b\n|-damage|p2a: Iron Hands|6\/100\n|-damage|p2b: Clefairy|0 fnt\n|faint|p2b: Clefairy\n|move|p1b: Mew|Skill Swap|p1a: Enamorus\n|-activate|p1b: Mew|move: Skill Swap|||[of] p1a: Enamorus\n|move|p2a: Iron Hands|Heavy Slam|p1a: Enamorus\n|-supereffective|p1a: Enamorus\n|-damage|p1a: Enamorus|0 fnt\n|faint|p1a: Enamorus\n|\n|upkeep\n|\n|t:|1699570366\n|switch|p1a: Amoonguss|Amoonguss, M|100\/100\n|switch|p2b: Sinistcha|Sinistcha-Masterpiece|100\/100\n|-heal|p2a: Iron Hands|31\/100|[from] ability: Hospitality|[of] p2b: Sinistcha\n|turn|7\n|\n|t:|1699570386\n|move|p2b: Sinistcha|Rage Powder|p2b: Sinistcha\n|-singleturn|p2b: Sinistcha|move: Rage Powder\n|move|p1a: Amoonguss|Rage Powder|p1a: Amoonguss\n|-singleturn|p1a: Amoonguss|move: Rage Powder\n|move|p1b: Mew|Leaf Storm|p2b: Sinistcha|[miss]\n|-miss|p1b: Mew|p2b: Sinistcha\n|move|p2a: Iron Hands|Heavy Slam|p1a: Amoonguss\n|-damage|p1a: Amoonguss|52\/100\n|\n|-heal|p1a: Amoonguss|58\/100|[from] item: Leftovers\n|upkeep\n|turn|8\n|\n|t:|1699570412\n|move|p2b: Sinistcha|Rage Powder|p2b: Sinistcha\n|-singleturn|p2b: Sinistcha|move: Rage Powder\n|move|p1a: Amoonguss|Rage Powder|p1a: Amoonguss\n|-singleturn|p1a: Amoonguss|move: Rage Powder\n|move|p1b: Mew|Overheat|p2b: Sinistcha\n|-supereffective|p2b: Sinistcha\n|-damage|p2b: Sinistcha|36\/100\n|-boost|p1b: Mew|spa|2\n|move|p2a: Iron Hands|Heavy Slam|p1a: Amoonguss\n|-damage|p1a: Amoonguss|16\/100\n|-status|p2a: Iron Hands|slp|[from] ability: Effect Spore|[of] p1a: Amoonguss\n|\n|-heal|p1a: Amoonguss|22\/100|[from] item: Leftovers\n|upkeep\n|turn|9\n|\n|t:|1699570433\n|switch|p2b: Landorus|Landorus-Therian, M|100\/100\n|-ability|p2b: Landorus|Intimidate|boost\n|-unboost|p1a: Amoonguss|atk|1\n|-boost|p1b: Mew|atk|1\n|move|p1b: Mew|Draco Meteor|p2a: Iron Hands\n|-damage|p2a: Iron Hands|0 fnt\n|-boost|p1b: Mew|spa|2\n|faint|p2a: Iron Hands\n|-end|p2a: Iron Hands|Quark Drive|[silent]\n|move|p1a: Amoonguss|Foul Play|p2b: Landorus\n|-damage|p2b: Landorus|58\/100\n|\n|-heal|p1a: Amoonguss|28\/100|[from] item: Leftovers\n|upkeep\n|inactive|BT7276 has 120 seconds left.\n|\n|t:|1699570449\n|switch|p2a: Sinistcha|Sinistcha-Masterpiece|36\/100\n|-heal|p2b: Landorus|83\/100|[from] ability: Hospitality|[of] p2a: Sinistcha\n|turn|10\n|\n|t:|1699570462\n|move|p2b: Landorus|U-turn|p1b: Mew\n|-supereffective|p1b: Mew\n|-damage|p1b: Mew|49\/100\n|\n|t:|1699570465\n|switch|p2b: Kommo-o|Kommo-o, F|100\/100|[from] U-turn\n|move|p1b: Mew|Draco Meteor|p2a: Sinistcha\n|-damage|p2a: Sinistcha|0 fnt\n|-boost|p1b: Mew|spa|2\n|faint|p2a: Sinistcha\n|-heal|p1b: Mew|54\/100|[from] item: Shell Bell|[of] p2: Sinistcha\n|move|p1a: Amoonguss|Foul Play|p2b: Kommo-o\n|-resisted|p2b: Kommo-o\n|-damage|p2b: Kommo-o|92\/100\n|\n|-heal|p1a: Amoonguss|34\/100|[from] item: Leftovers\n|upkeep\n|\n|t:|1699570479\n|switch|p2a: Landorus|Landorus-Therian, M|83\/100\n|-ability|p2a: Landorus|Intimidate|boost\n|-unboost|p1a: Amoonguss|atk|1\n|-boost|p1b: Mew|atk|1\n|turn|11\n|\n|t:|1699570490\n|move|p2b: Kommo-o|Protect|p2b: Kommo-o\n|-singleturn|p2b: Kommo-o|Protect\n|move|p2a: Landorus|U-turn|p1b: Mew\n|-supereffective|p1b: Mew\n|-damage|p1b: Mew|0 fnt\n|faint|p1b: Mew\n|move|p1a: Amoonguss|Spore|p2b: Kommo-o\n|-activate|p2b: Kommo-o|move: Protect\n|\n|-heal|p1a: Amoonguss|40\/100|[from] item: Leftovers\n|upkeep\n|\n|t:|1699570498\n|switch|p1b: Palafin|Palafin, M|100\/100\n|turn|12\n|\n|t:|1699570511\n|move|p2a: Landorus|U-turn|p1a: Amoonguss\n|-damage|p1a: Amoonguss|10\/100\n|move|p1b: Palafin|Ice Punch|p2a: Landorus\n|-supereffective|p2a: Landorus\n|-damage|p2a: Landorus|0 fnt\n|faint|p2a: Landorus\n|move|p2b: Kommo-o|Clangorous Soul|p2b: Kommo-o\n|-boost|p2b: Kommo-o|atk|1\n|-boost|p2b: Kommo-o|def|1\n|-boost|p2b: Kommo-o|spa|1\n|-boost|p2b: Kommo-o|spd|1\n|-boost|p2b: Kommo-o|spe|1\n|-damage|p2b: Kommo-o|59\/100\n|-enditem|p2b: Kommo-o|Throat Spray\n|-boost|p2b: Kommo-o|spa|1|[from] item: Throat Spray\n|move|p1a: Amoonguss|Spore|p2b: Kommo-o\n|-status|p2b: Kommo-o|slp|[from] move: Spore\n|\n|-heal|p1a: Amoonguss|16\/100|[from] item: Leftovers\n|upkeep\n|turn|13\n|\n|t:|1699570530\n|cant|p2b: Kommo-o|slp\n|move|p1b: Palafin|Outrage|p2b: Kommo-o\n|-supereffective|p2b: Kommo-o\n|-damage|p2b: Kommo-o|26\/100 slp\n|move|p1a: Amoonguss|Foul Play|p2b: Kommo-o\n|-resisted|p2b: Kommo-o\n|-damage|p2b: Kommo-o|17\/100 slp\n|\n|-heal|p1a: Amoonguss|22\/100|[from] item: Leftovers\n|upkeep\n|turn|14\n|\n|t:|1699570536\n|cant|p2b: Kommo-o|slp\n|move|p1b: Palafin|Outrage|p2b: Kommo-o|[from]lockedmove\n|-supereffective|p2b: Kommo-o\n|-damage|p2b: Kommo-o|0 fnt\n|faint|p2b: Kommo-o\n|\n|win|Wadzo\n|raw|Wadzo's rating: 1108 &rarr; <strong>1128<\/strong><br \/>(+20 for winning)\n|raw|BT7276's rating: 1044 &rarr; <strong>1030<\/strong><br \/>(-14 for losing)\n|c|\u2606Wadzo|gg\n|c|\u2606BT7276|gg\n|l|\u2606BT7276\n","uploadtime":1699570545,"views":14,"p1id":"wadzo","p2id":"bt7276","formatid":"gen9doublesou","rating":1030,"private":0,"password":""}