{"id":"gen9doublesou-1994940999","p1":"mikeyuwu","p2":"cotesmcgotes","format":"[Gen 9] Doubles OU","log":"|j|\u2606mikeyuwu\n|j|\u2606cotesmcgotes\n|t:|1700506589\n|gametype|doubles\n|player|p1|mikeyuwu|psychic-gen4|1291\n|player|p2|cotesmcgotes|flannery|1240\n|teamsize|p1|6\n|teamsize|p2|6\n|gen|9\n|tier|[Gen 9] Doubles OU\n|rated|\n|rule|Species Clause: Limit one of each Pok\u00e9mon\n|rule|OHKO Clause: OHKO moves are banned\n|rule|Evasion Moves Clause: Evasion moves are banned\n|rule|Gravity Sleep Clause: The combination of sleep-inducing moves with imperfect accuracy and Gravity or Gigantamax Orbeetle are banned\n|rule|Endless Battle Clause: Forcing endless battles is banned\n|rule|HP Percentage Mod: HP is shown in percentages\n|clearpoke\n|poke|p1|Garchomp, M|\n|poke|p1|Tyranitar, F|\n|poke|p1|Vaporeon, F|\n|poke|p1|Toxicroak, M|\n|poke|p1|Pelipper, F|\n|poke|p1|Abomasnow, M|\n|poke|p2|Cresselia, F|\n|poke|p2|Overqwil, F|\n|poke|p2|Tornadus, M|\n|poke|p2|Palafin, F|\n|poke|p2|Amoonguss, M|\n|poke|p2|Diancie|\n|teampreview\n|inactive|Battle timer is ON: inactive players will automatically lose when time's up. (requested by cotesmcgotes)\n|\n|t:|1700506596\n|start\n|switch|p1a: OTLHPM|Toxicroak, M|100\/100\n|switch|p1b: Cold Shoulder|Abomasnow, M, shiny|100\/100\n|switch|p2a: Tornadus|Tornadus, M, shiny|100\/100\n|switch|p2b: Palafin|Palafin, F|100\/100\n|-weather|Snow|[from] ability: Snow Warning|[of] p1b: Cold Shoulder\n|turn|1\n|\n|t:|1700506602\n|move|p2a: Tornadus|Rain Dance|p2a: Tornadus\n|-weather|RainDance\n|move|p2b: Palafin|Flip Turn|p1b: Cold Shoulder\n|-resisted|p1b: Cold Shoulder\n|-damage|p1b: Cold Shoulder|86\/100\n|\n|t:|1700506608\n|detailschange|p2b: Palafin|Palafin-Hero, F\n|switch|p2b: Overqwil|Overqwil, F|100\/100|[from] Flip Turn\n|move|p1a: OTLHPM|Poison Jab|p2a: Tornadus\n|-damage|p2a: Tornadus|52\/100\n|-status|p2a: Tornadus|psn\n|move|p1b: Cold Shoulder|Blizzard|p2a: Tornadus|[spread] p2a\n|-miss|p1b: Cold Shoulder|p2b: Overqwil\n|-supereffective|p2a: Tornadus\n|-damage|p2a: Tornadus|3\/100 psn\n|\n|-weather|RainDance|[upkeep]\n|-damage|p2a: Tornadus|0 fnt|[from] psn\n|faint|p2a: Tornadus\n|upkeep\n|\n|t:|1700506622\n|switch|p2a: Cresselia|Cresselia, F, shiny|100\/100\n|turn|2\n|\n|t:|1700506631\n|switch|p1a: ThcrThnSnkr|Tyranitar, F|100\/100\n|-weather|Sandstorm|[from] ability: Sand Stream|[of] p1a: ThcrThnSnkr\n|switch|p1b: Extra Spicy|Garchomp, M|100\/100\n|-terastallize|p2a: Cresselia|Electric\n|move|p2b: Overqwil|Acupressure|p2a: Cresselia\n|-boost|p2a: Cresselia|spe|2\n|move|p2a: Cresselia|Calm Mind|p2a: Cresselia\n|-boost|p2a: Cresselia|spa|1\n|-boost|p2a: Cresselia|spd|1\n|\n|-weather|Sandstorm|[upkeep]\n|-damage|p2a: Cresselia|94\/100|[from] Sandstorm\n|-damage|p2b: Overqwil|94\/100|[from] Sandstorm\n|-heal|p2a: Cresselia|100\/100|[from] item: Leftovers\n|-heal|p2b: Overqwil|100\/100|[from] item: Black Sludge\n|upkeep\n|turn|3\n|\n|t:|1700506652\n|switch|p2b: Amoonguss|Amoonguss, M, shiny|100\/100\n|switch|p1b: Harmacy|Vaporeon, F|100\/100\n|move|p2a: Cresselia|Calm Mind|p2a: Cresselia\n|-boost|p2a: Cresselia|spa|1\n|-boost|p2a: Cresselia|spd|1\n|move|p1a: ThcrThnSnkr|Knock Off|p2a: Cresselia\n|-damage|p2a: Cresselia|69\/100\n|-enditem|p2a: Cresselia|Leftovers|[from] move: Knock Off|[of] p1a: ThcrThnSnkr\n|\n|-weather|Sandstorm|[upkeep]\n|-damage|p2a: Cresselia|63\/100|[from] Sandstorm\n|-damage|p1b: Harmacy|94\/100|[from] Sandstorm\n|-damage|p2b: Amoonguss|94\/100|[from] Sandstorm\n|-heal|p1b: Harmacy|100\/100|[from] item: Leftovers\n|upkeep\n|turn|4\n|\n|t:|1700506670\n|switch|p1a: Weather War|Pelipper, F|100\/100\n|-weather|RainDance|[from] ability: Drizzle|[of] p1a: Weather War\n|move|p2a: Cresselia|Stored Power|p1b: Harmacy\n|-damage|p1b: Harmacy|18\/100\n|move|p1b: Harmacy|Copycat|p1b: Harmacy\n|move|p1b: Harmacy|Stored Power|p2b: Amoonguss|[from]move: Copycat\n|-supereffective|p2b: Amoonguss\n|-damage|p2b: Amoonguss|84\/100\n|move|p2b: Amoonguss|Pollen Puff|p2a: Cresselia\n|-heal|p2a: Cresselia|100\/100\n|\n|-weather|RainDance|[upkeep]\n|-heal|p1b: Harmacy|24\/100|[from] item: Leftovers\n|upkeep\n|turn|5\n|\n|t:|1700506688\n|switch|p1a: OTLHPM|Toxicroak, M|100\/100\n|switch|p1b: ThcrThnSnkr|Tyranitar, F|100\/100\n|-weather|Sandstorm|[from] ability: Sand Stream|[of] p1b: ThcrThnSnkr\n|move|p2a: Cresselia|Stored Power|p1a: OTLHPM\n|-supereffective|p1a: OTLHPM\n|-damage|p1a: OTLHPM|0 fnt\n|faint|p1a: OTLHPM\n|move|p2b: Amoonguss|Giga Drain|p1b: ThcrThnSnkr\n|-supereffective|p1b: ThcrThnSnkr\n|-damage|p1b: ThcrThnSnkr|80\/100\n|-heal|p2b: Amoonguss|95\/100|[from] drain|[of] p1b: ThcrThnSnkr\n|\n|-weather|Sandstorm|[upkeep]\n|-damage|p2a: Cresselia|94\/100|[from] Sandstorm\n|-damage|p2b: Amoonguss|89\/100|[from] Sandstorm\n|upkeep\n|\n|t:|1700506699\n|switch|p1a: Harmacy|Vaporeon, F|24\/100\n|turn|6\n|\n|t:|1700506709\n|move|p2a: Cresselia|Moonblast|p1b: ThcrThnSnkr\n|-supereffective|p1b: ThcrThnSnkr\n|-damage|p1b: ThcrThnSnkr|50\/100\n|-unboost|p1b: ThcrThnSnkr|spa|1\n|move|p1b: ThcrThnSnkr|Rock Slide|p2a: Cresselia|[spread] p2b\n|-miss|p1b: ThcrThnSnkr|p2a: Cresselia\n|-damage|p2b: Amoonguss|63\/100\n|move|p1a: Harmacy|Wish|p1a: Harmacy\n|move|p2b: Amoonguss|Giga Drain|p1a: Harmacy\n|-supereffective|p1a: Harmacy\n|-damage|p1a: Harmacy|0 fnt\n|-heal|p2b: Amoonguss|79\/100|[from] drain|[of] p1a: Harmacy\n|faint|p1a: Harmacy\n|\n|-weather|Sandstorm|[upkeep]\n|-damage|p2a: Cresselia|88\/100|[from] Sandstorm\n|-damage|p2b: Amoonguss|73\/100|[from] Sandstorm\n|upkeep\n|-message|mikeyuwu forfeited.\n|\n|win|cotesmcgotes\n|raw|mikeyuwu's rating: 1291 &rarr; <strong>1262<\/strong><br \/>(-29 for losing)\n|raw|cotesmcgotes's rating: 1240 &rarr; <strong>1269<\/strong><br \/>(+29 for winning)\n|l|\u2606mikeyuwu\n","uploadtime":1700506725,"views":1,"p1id":"mikeyuwu","p2id":"cotesmcgotes","formatid":"gen9doublesou","rating":1262,"private":0,"password":""}