{"id":"gen9doublesou-1970736140","p1":"MangoGodBob","p2":"MetaBonker69","format":"[Gen 9] Doubles OU","log":"|j|\u2606MangoGodBob\n|j|\u2606MetaBonker69\n|t:|1697662373\n|gametype|doubles\n|player|p1|MangoGodBob|cynthia-gen4|1028\n|player|p2|MetaBonker69|170|1066\n|teamsize|p1|6\n|teamsize|p2|6\n|gen|9\n|tier|[Gen 9] Doubles OU\n|rated|\n|rule|Species Clause: Limit one of each Pok\u00e9mon\n|rule|OHKO Clause: OHKO moves are banned\n|rule|Evasion Moves Clause: Evasion moves are banned\n|rule|Gravity Sleep Clause: The combination of sleep-inducing moves with imperfect accuracy and Gravity or Gigantamax Orbeetle are banned\n|rule|Endless Battle Clause: Forcing endless battles is banned\n|rule|HP Percentage Mod: HP is shown in percentages\n|clearpoke\n|poke|p1|Appletun, M|\n|poke|p1|Gardevoir, F|\n|poke|p1|Chandelure, M|\n|poke|p1|Cinderace, F|\n|poke|p1|Zapdos|\n|poke|p1|Raichu-Alola, F|\n|poke|p2|Golem-Alola, M|\n|poke|p2|Lycanroc-Midnight, F|\n|poke|p2|Baxcalibur, M|\n|poke|p2|Roaring Moon|\n|poke|p2|Abomasnow, M|\n|poke|p2|Breloom, F|\n|teampreview\n|inactive|Battle timer is ON: inactive players will automatically lose when time's up. (requested by MetaBonker69)\n|inactive|MangoGodBob has 120 seconds left.\n|\n|t:|1697662465\n|start\n|switch|p1a: Appletun|Appletun, M|100\/100\n|switch|p1b: Cinderace|Cinderace, F|100\/100\n|switch|p2a: Doggo|Lycanroc-Midnight, F, shiny|100\/100\n|switch|p2b: Random Therapod|Breloom, F|100\/100\n|turn|1\n|inactive|MangoGodBob has 120 seconds left.\n|\n|t:|1697662502\n|move|p2b: Random Therapod|Protect|p2b: Random Therapod\n|-singleturn|p2b: Random Therapod|Protect\n|move|p1b: Cinderace|U-turn|p2b: Random Therapod\n|-activate|p2b: Random Therapod|move: Protect\n|move|p2a: Doggo|Play Rough|p1a: Appletun\n|-supereffective|p1a: Appletun\n|-damage|p1a: Appletun|53\/100\n|move|p1a: Appletun|Dragon Tail|p2a: Doggo\n|-damage|p2a: Doggo|83\/100\n|drag|p2a: Cycad|Abomasnow, M, shiny|100\/100\n|-weather|Snow|[from] ability: Snow Warning|[of] p2a: Cycad\n|\n|-weather|Snow|[upkeep]\n|-heal|p1a: Appletun|59\/100|[from] item: Leftovers\n|upkeep\n|turn|2\n|inactive|MangoGodBob has 120 seconds left.\n|\n|t:|1697662548\n|move|p1a: Appletun|Sucker Punch||[still]\n|-fail|p1a: Appletun\n|move|p1b: Cinderace|Pyro Ball|p2a: Cycad\n|-supereffective|p2a: Cycad\n|-damage|p2a: Cycad|0 fnt\n|faint|p2a: Cycad\n|move|p2b: Random Therapod|Spore|p1b: Cinderace\n|-status|p1b: Cinderace|slp|[from] move: Spore\n|\n|-weather|Snow|[upkeep]\n|-heal|p1a: Appletun|65\/100|[from] item: Leftovers\n|upkeep\n|\n|t:|1697662558\n|switch|p2a: Bring Back Fossils|Baxcalibur, M, shiny|100\/100\n|turn|3\n|inactive|MangoGodBob has 120 seconds left.\n|inactive|MangoGodBob has 90 seconds left.\n|\n|t:|1697662594\n|switch|p1b: Zapdos|Zapdos, shiny|100\/100\n|move|p2b: Random Therapod|Aerial Ace|p1a: Appletun\n|-supereffective|p1a: Appletun\n|-damage|p1a: Appletun|27\/100\n|move|p2a: Bring Back Fossils|Ice Fang|p1a: Appletun\n|-supereffective|p1a: Appletun\n|-crit|p1a: Appletun\n|-damage|p1a: Appletun|0 fnt\n|faint|p1a: Appletun\n|\n|-weather|Snow|[upkeep]\n|upkeep\n|inactive|MangoGodBob has 90 seconds left.\n|\n|t:|1697662608\n|switch|p1a: Chandelure|Chandelure, M|100\/100\n|turn|4\n|\n|t:|1697662632\n|move|p1a: Chandelure|Flamethrower|p2a: Bring Back Fossils\n|-damage|p2a: Bring Back Fossils|52\/100\n|move|p1b: Zapdos|Hurricane|p2b: Random Therapod|[miss]\n|-miss|p1b: Zapdos|p2b: Random Therapod\n|move|p2b: Random Therapod|Fake Tears|p1b: Zapdos\n|-unboost|p1b: Zapdos|spd|2\n|move|p2a: Bring Back Fossils|Dragon Dance|p2a: Bring Back Fossils\n|-boost|p2a: Bring Back Fossils|atk|1\n|-boost|p2a: Bring Back Fossils|spe|1\n|\n|-weather|Snow|[upkeep]\n|-heal|p2a: Bring Back Fossils|58\/100|[from] ability: Ice Body\n|upkeep\n|turn|5\n|inactive|MangoGodBob has 90 seconds left.\n|\n|t:|1697662665\n|move|p2a: Bring Back Fossils|Glaive Rush|p1a: Chandelure\n|-damage|p1a: Chandelure|0 fnt\n|-singlemove|p2a: Bring Back Fossils|Glaive Rush|[silent]\n|faint|p1a: Chandelure\n|move|p1b: Zapdos|Hurricane|p2b: Random Therapod|[miss]\n|-miss|p1b: Zapdos|p2b: Random Therapod\n|move|p2b: Random Therapod|Spore|p1b: Zapdos\n|-status|p1b: Zapdos|slp|[from] move: Spore\n|\n|-weather|Snow|[upkeep]\n|-heal|p2a: Bring Back Fossils|65\/100|[from] ability: Ice Body\n|upkeep\n|inactive|MangoGodBob has 90 seconds left.\n|\n|t:|1697662680\n|switch|p1a: Gardevoir|Gardevoir, F|100\/100\n|turn|6\n|inactive|MangoGodBob has 90 seconds left.\n|\n|t:|1697662699\n|switch|p1b: Raichu|Raichu-Alola, F|100\/100\n|move|p2a: Bring Back Fossils|Protect|p2a: Bring Back Fossils\n|-singleturn|p2a: Bring Back Fossils|Protect\n|move|p2b: Random Therapod|Spore|p1a: Gardevoir\n|-status|p1a: Gardevoir|slp|[from] move: Spore\n|cant|p1a: Gardevoir|slp\n|\n|-weather|Snow|[upkeep]\n|-heal|p2a: Bring Back Fossils|71\/100|[from] ability: Ice Body\n|upkeep\n|turn|7\n|inactive|MangoGodBob has 90 seconds left.\n|\n|t:|1697662739\n|move|p2a: Bring Back Fossils|Glaive Rush|p1b: Raichu\n|-damage|p1b: Raichu|0 fnt\n|-singlemove|p2a: Bring Back Fossils|Glaive Rush|[silent]\n|-damage|p2a: Bring Back Fossils|54\/100|[from] item: Rocky Helmet|[of] p1b: Raichu\n|faint|p1b: Raichu\n|move|p2b: Random Therapod|Fake Tears|p1a: Gardevoir\n|-unboost|p1a: Gardevoir|spd|2\n|cant|p1a: Gardevoir|slp\n|\n|-weather|Snow|[upkeep]\n|-heal|p2a: Bring Back Fossils|60\/100|[from] ability: Ice Body\n|upkeep\n|inactive|MangoGodBob has 60 seconds left.\n|-message|MangoGodBob forfeited.\n|\n|win|MetaBonker69\n|raw|MangoGodBob's rating: 1028 &rarr; <strong>1015<\/strong><br \/>(-13 for losing)\n|raw|MetaBonker69's rating: 1066 &rarr; <strong>1093<\/strong><br \/>(+27 for winning)\n|l|\u2606MangoGodBob\n","uploadtime":1697662767,"views":17,"p1id":"mangogodbob","p2id":"metabonker69","formatid":"gen9doublesou","rating":1015,"private":0,"password":""}