{"id":"gen9doublesou-1987255900","p1":"UltraJoey","p2":"Gjftv","format":"[Gen 9] Doubles OU","log":"|j|\u2606UltraJoey\n|j|\u2606Gjftv\n|t:|1699570025\n|gametype|doubles\n|player|p1|UltraJoey|cynthia-gen4|1080\n|player|p2|Gjftv|unknownf|1048\n|teamsize|p1|6\n|teamsize|p2|6\n|gen|9\n|tier|[Gen 9] Doubles OU\n|rated|\n|rule|Species Clause: Limit one of each Pok\u00e9mon\n|rule|OHKO Clause: OHKO moves are banned\n|rule|Evasion Moves Clause: Evasion moves are banned\n|rule|Gravity Sleep Clause: The combination of sleep-inducing moves with imperfect accuracy and Gravity or Gigantamax Orbeetle are banned\n|rule|Endless Battle Clause: Forcing endless battles is banned\n|rule|HP Percentage Mod: HP is shown in percentages\n|clearpoke\n|poke|p1|Volcarona, M|\n|poke|p1|Oricorio-Sensu, F|\n|poke|p1|Lilligant-Hisui, F|\n|poke|p1|Cresselia, F|\n|poke|p1|Sinistcha|\n|poke|p1|Torkoal, M|\n|poke|p2|Ogerpon-Hearthflame, F|\n|poke|p2|Indeedee-F, F|\n|poke|p2|Goodra-Hisui, F|\n|poke|p2|Armarouge, F|\n|poke|p2|Landorus-Therian, M|\n|poke|p2|Amoonguss, F|\n|teampreview\n|inactive|Battle timer is ON: inactive players will automatically lose when time's up. (requested by UltraJoey)\n|\n|t:|1699570030\n|start\n|switch|p1a: Morpho|Volcarona, M, shiny|100\/100\n|switch|p1b: Kim|Oricorio-Sensu, F, shiny|100\/100\n|switch|p2a: Armarouge|Armarouge, F, shiny|100\/100\n|switch|p2b: Indeedee|Indeedee-F, F, shiny|100\/100\n|-fieldstart|move: Psychic Terrain|[from] ability: Psychic Surge|[of] p2b: Indeedee\n|turn|1\n|\n|t:|1699570045\n|move|p2b: Indeedee|Follow Me|p2b: Indeedee\n|-singleturn|p2b: Indeedee|move: Follow Me\n|move|p1a: Morpho|Quiver Dance|p1a: Morpho\n|-boost|p1a: Morpho|spa|1\n|-boost|p1a: Morpho|spd|1\n|-boost|p1a: Morpho|spe|1\n|-activate|p1b: Kim|ability: Dancer\n|move|p1b: Kim|Quiver Dance|p1b: Kim|[from]ability: Dancer\n|-boost|p1b: Kim|spa|1\n|-boost|p1b: Kim|spd|1\n|-boost|p1b: Kim|spe|1\n|move|p1b: Kim|Quiver Dance|p1b: Kim\n|-boost|p1b: Kim|spa|1\n|-boost|p1b: Kim|spd|1\n|-boost|p1b: Kim|spe|1\n|move|p2a: Armarouge|Trick|p1b: Kim\n|-activate|p2a: Armarouge|move: Trick|[of] p1b: Kim\n|-item|p1b: Kim|Choice Specs|[from] move: Trick\n|-item|p2a: Armarouge|Leftovers|[from] move: Trick\n|\n|upkeep\n|turn|2\n|\n|t:|1699570074\n|move|p1b: Kim|Hurricane|p2a: Armarouge\n|-damage|p2a: Armarouge|0 fnt\n|faint|p2a: Armarouge\n|move|p1a: Morpho|Quiver Dance|p1a: Morpho\n|-boost|p1a: Morpho|spa|1\n|-boost|p1a: Morpho|spd|1\n|-boost|p1a: Morpho|spe|1\n|-activate|p1b: Kim|ability: Dancer\n|move|p1b: Kim|Quiver Dance||[still]\n|-fail|p1b: Kim\n|move|p2b: Indeedee|Psych Up|p1b: Kim\n|-copyboost|p2b: Indeedee|p1b: Kim|[from] move: Psych Up\n|\n|upkeep\n|\n|t:|1699570088\n|switch|p2a: Goodra|Goodra-Hisui, F, shiny|100\/100\n|turn|3\n|\n|t:|1699570099\n|move|p1a: Morpho|Quiver Dance|p1a: Morpho\n|-boost|p1a: Morpho|spa|1\n|-boost|p1a: Morpho|spd|1\n|-boost|p1a: Morpho|spe|1\n|-activate|p1b: Kim|ability: Dancer\n|move|p1b: Kim|Quiver Dance||[still]\n|-fail|p1b: Kim\n|move|p1b: Kim|Hurricane|p2b: Indeedee\n|-damage|p2b: Indeedee|29\/100\n|move|p2b: Indeedee|Baton Pass|p2b: Indeedee\n|\n|t:|1699570113\n|switch|p2b: Amoonguss|Amoonguss, F|100\/100|[from] Baton Pass\n|move|p2a: Goodra|Acid Armor|p2a: Goodra\n|-boost|p2a: Goodra|def|2\n|\n|upkeep\n|turn|4\n|\n|t:|1699570132\n|move|p1a: Morpho|Heat Wave|p2a: Goodra|[spread] p2a,p2b\n|-supereffective|p2b: Amoonguss\n|-damage|p2a: Goodra|38\/100\n|-damage|p2b: Amoonguss|12\/100\n|-enditem|p2b: Amoonguss|Aguav Berry|[eat]\n|-heal|p2b: Amoonguss|45\/100|[from] item: Aguav Berry\n|move|p1b: Kim|Hurricane|p2a: Goodra\n|-resisted|p2a: Goodra\n|-damage|p2a: Goodra|0 fnt\n|faint|p2a: Goodra\n|move|p2b: Amoonguss|Clear Smog|p1a: Morpho\n|-damage|p1a: Morpho|86\/100\n|-clearboost|p1a: Morpho\n|\n|upkeep\n|\n|t:|1699570151\n|switch|p2a: Landorus|Landorus-Therian, M|100\/100\n|-ability|p2a: Landorus|Intimidate|boost\n|-unboost|p1a: Morpho|atk|1\n|-unboost|p1b: Kim|atk|1\n|turn|5\n|\n|t:|1699570159\n|move|p1b: Kim|Hurricane|p2a: Landorus|[miss]\n|-miss|p1b: Kim|p2a: Landorus\n|move|p2a: Landorus|Rock Slide|p1a: Morpho|[spread] p1a,p1b\n|-supereffective|p1a: Morpho\n|-supereffective|p1b: Kim\n|-damage|p1a: Morpho|0 fnt\n|-damage|p1b: Kim|37\/100\n|faint|p1a: Morpho\n|move|p2b: Amoonguss|Clear Smog|p1b: Kim\n|-resisted|p1b: Kim\n|-damage|p1b: Kim|26\/100\n|-clearboost|p1b: Kim\n|\n|-fieldend|move: Psychic Terrain\n|upkeep\n|\n|t:|1699570166\n|switch|p1a: Goopy|Sinistcha, shiny|100\/100\n|-heal|p1b: Kim|51\/100|[from] ability: Hospitality|[of] p1a: Goopy\n|turn|6\n|\n|t:|1699570182\n|switch|p1b: Koopa|Torkoal, M, shiny|100\/100\n|-weather|SunnyDay|[from] ability: Drought|[of] p1b: Koopa\n|switch|p1a: Lavender|Cresselia, F, shiny|100\/100\n|move|p2a: Landorus|Rock Slide|p1a: Lavender|[spread] p1a,p1b\n|-supereffective|p1b: Koopa\n|-damage|p1a: Lavender|83\/100\n|-damage|p1b: Koopa|69\/100\n|move|p2b: Amoonguss|Spore|p1b: Koopa\n|-status|p1b: Koopa|slp|[from] move: Spore\n|\n|-weather|SunnyDay|[upkeep]\n|-heal|p1a: Lavender|89\/100|[from] item: Leftovers\n|upkeep\n|turn|7\n|\n|t:|1699570204\n|switch|p1b: Tiny Dancer|Lilligant-Hisui, F, shiny|100\/100\n|move|p1a: Lavender|Ally Switch|p1a: Lavender\n|swap|p1a: Lavender|1|[from] move: Ally Switch\n|move|p2a: Landorus|Rock Slide|p1b: Lavender|[spread] p1a,p1b\n|-resisted|p1a: Tiny Dancer\n|-damage|p1a: Tiny Dancer|83\/100\n|-damage|p1b: Lavender|72\/100\n|move|p2b: Amoonguss|Spore|p1a: Tiny Dancer\n|-immune|p1a: Tiny Dancer\n|\n|-weather|SunnyDay|[upkeep]\n|-heal|p1b: Lavender|78\/100|[from] item: Leftovers\n|upkeep\n|turn|8\n|inactive|Gjftv has 120 seconds left.\n|\n|t:|1699570235\n|move|p1a: Tiny Dancer|Victory Dance|p1a: Tiny Dancer\n|-boost|p1a: Tiny Dancer|atk|1\n|-boost|p1a: Tiny Dancer|def|1\n|-boost|p1a: Tiny Dancer|spe|1\n|move|p2a: Landorus|Rock Slide|p1a: Tiny Dancer|[spread] p1a,p1b\n|-resisted|p1a: Tiny Dancer\n|-damage|p1a: Tiny Dancer|72\/100\n|-damage|p1b: Lavender|61\/100\n|move|p1b: Lavender|Moonblast|p2a: Landorus\n|-damage|p2a: Landorus|74\/100\n|move|p2b: Amoonguss|Spore|p1b: Lavender\n|-status|p1b: Lavender|slp|[from] move: Spore\n|\n|-weather|SunnyDay|[upkeep]\n|-heal|p1b: Lavender|67\/100 slp|[from] item: Leftovers\n|upkeep\n|turn|9\n|\n|t:|1699570254\n|cant|p1b: Lavender|slp\n|move|p1a: Tiny Dancer|Petal Blizzard|p2b: Amoonguss|[spread] p1b,p2a,p2b\n|-resisted|p2b: Amoonguss\n|-damage|p1b: Lavender|22\/100 slp\n|-damage|p2a: Landorus|11\/100\n|-damage|p2b: Amoonguss|36\/100\n|move|p2a: Landorus|Rock Slide|p1b: Lavender|[spread] p1a,p1b\n|-resisted|p1a: Tiny Dancer\n|-damage|p1a: Tiny Dancer|61\/100\n|-damage|p1b: Lavender|6\/100 slp\n|move|p2b: Amoonguss|Clear Smog|p1a: Tiny Dancer\n|-supereffective|p1a: Tiny Dancer\n|-damage|p1a: Tiny Dancer|0 fnt\n|-clearboost|p1a: Tiny Dancer\n|faint|p1a: Tiny Dancer\n|\n|-weather|SunnyDay|[upkeep]\n|-heal|p1b: Lavender|12\/100 slp|[from] item: Leftovers\n|upkeep\n|\n|t:|1699570264\n|switch|p1a: Goopy|Sinistcha, shiny|100\/100\n|-heal|p1b: Lavender|37\/100 slp|[from] ability: Hospitality|[of] p1a: Goopy\n|turn|10\n|\n|t:|1699570278\n|switch|p1b: Kim|Oricorio-Sensu, F, shiny|51\/100\n|move|p1a: Goopy|Rage Powder|p1a: Goopy\n|-singleturn|p1a: Goopy|move: Rage Powder\n|move|p2a: Landorus|Rock Slide|p1b: Kim|[spread] p1a\n|-miss|p2a: Landorus|p1b: Kim\n|-damage|p1a: Goopy|87\/100\n|-enditem|p1a: Goopy|Eject Button\n|\n|t:|1699570287\n|switch|p1a: Lavender|Cresselia, F, shiny|37\/100 slp\n|move|p2b: Amoonguss|Pollen Puff|p2a: Landorus\n|-heal|p2a: Landorus|61\/100\n|\n|-weather|SunnyDay|[upkeep]\n|-heal|p1a: Lavender|43\/100 slp|[from] item: Leftovers\n|upkeep\n|turn|11\n|\n|t:|1699570299\n|move|p2a: Landorus|Rock Slide|p1a: Lavender|[spread] p1a,p1b\n|-supereffective|p1b: Kim\n|-damage|p1a: Lavender|24\/100 slp\n|-damage|p1b: Kim|0 fnt\n|faint|p1b: Kim\n|-curestatus|p1a: Lavender|slp|[msg]\n|move|p1a: Lavender|Lunar Blessing|p1a: Lavender\n|-heal|p1a: Lavender|49\/100\n|move|p2b: Amoonguss|Spore|p1a: Lavender\n|-status|p1a: Lavender|slp|[from] move: Spore\n|\n|-weather|SunnyDay|[upkeep]\n|-heal|p1a: Lavender|55\/100 slp|[from] item: Leftovers\n|upkeep\n|\n|t:|1699570308\n|switch|p1b: Goopy|Sinistcha, shiny|87\/100\n|-heal|p1a: Lavender|80\/100 slp|[from] ability: Hospitality|[of] p1b: Goopy\n|turn|12\n|\n|t:|1699570327\n|cant|p1a: Lavender|slp\n|move|p2a: Landorus|Rock Slide|p1b: Goopy|[spread] p1a,p1b\n|-damage|p1a: Lavender|64\/100 slp\n|-damage|p1b: Goopy|72\/100\n|move|p2b: Amoonguss|Pollen Puff|p1b: Goopy\n|-damage|p1b: Goopy|26\/100\n|cant|p1b: Goopy|flinch\n|\n|-weather|SunnyDay|[upkeep]\n|-heal|p1a: Lavender|70\/100 slp|[from] item: Leftovers\n|upkeep\n|turn|13\n|\n|t:|1699570342\n|cant|p1a: Lavender|slp\n|move|p2a: Landorus|Rock Slide|p1a: Lavender|[spread] p1a,p1b\n|-damage|p1a: Lavender|53\/100 slp\n|-damage|p1b: Goopy|10\/100\n|move|p2b: Amoonguss|Pollen Puff|p1b: Goopy\n|-damage|p1b: Goopy|0 fnt\n|faint|p1b: Goopy\n|\n|-weather|none\n|-heal|p1a: Lavender|59\/100 slp|[from] item: Leftovers\n|upkeep\n|\n|t:|1699570350\n|switch|p1b: Koopa|Torkoal, M, shiny|69\/100 slp\n|-weather|SunnyDay|[from] ability: Drought|[of] p1b: Koopa\n|turn|14\n|c|\u2606UltraJoey|gg\n|-message|UltraJoey forfeited.\n|\n|win|Gjftv\n|raw|UltraJoey's rating: 1110 &rarr; <strong>1081<\/strong><br \/>(-29 for losing)\n|raw|Gjftv's rating: 1048 &rarr; <strong>1087<\/strong><br \/>(+39 for winning)\n|l|\u2606UltraJoey\n","uploadtime":1699570369,"views":11,"p1id":"ultrajoey","p2id":"gjftv","formatid":"gen9doublesou","rating":1081,"private":0,"password":""}