{"id":"gen9doublesou-1992913768","p1":"thenoob007","p2":"Moldycheezi","format":"[Gen 9] Doubles OU","log":"|j|\u2606thenoob007\n|j|\u2606Moldycheezi\n|t:|1700246331\n|gametype|doubles\n|player|p1|thenoob007|cynthia-gen4|1310\n|player|p2|Moldycheezi|alder|1399\n|teamsize|p1|6\n|teamsize|p2|6\n|gen|9\n|tier|[Gen 9] Doubles OU\n|rated|\n|rule|Species Clause: Limit one of each Pok\u00e9mon\n|rule|OHKO Clause: OHKO moves are banned\n|rule|Evasion Moves Clause: Evasion moves are banned\n|rule|Gravity Sleep Clause: The combination of sleep-inducing moves with imperfect accuracy and Gravity or Gigantamax Orbeetle are banned\n|rule|Endless Battle Clause: Forcing endless battles is banned\n|rule|HP Percentage Mod: HP is shown in percentages\n|clearpoke\n|poke|p1|Garchomp, M|\n|poke|p1|Pikachu, M|\n|poke|p1|Meowscarada, M|\n|poke|p1|Corviknight, F|\n|poke|p1|Sylveon, M|\n|poke|p1|Maushold|\n|poke|p2|Chien-Pao|\n|poke|p2|Goodra-Hisui, M|\n|poke|p2|Empoleon, F|\n|poke|p2|Flutter Mane|\n|poke|p2|Breloom, F|\n|poke|p2|Iron Moth|\n|teampreview\n|inactive|Battle timer is ON: inactive players will automatically lose when time's up. (requested by Moldycheezi)\n|c|\u2606Moldycheezi|Glhf\n|\n|t:|1700246354\n|start\n|switch|p1a: Garchomp|Garchomp, M|100\/100\n|switch|p1b: Corviknight|Corviknight, F|100\/100\n|switch|p2a: Gogeta|Breloom, F, shiny|100\/100\n|switch|p2b: Wolverine|Chien-Pao|100\/100\n|-ability|p2b: Wolverine|Sword of Ruin\n|turn|1\n|c|\u2606thenoob007|What does sap sipper do again?\n|inactive|thenoob007 has 120 seconds left.\n|\n|t:|1700246389\n|switch|p1a: Sylveon|Sylveon, M|100\/100\n|move|p2b: Wolverine|Ice Spinner|p1a: Sylveon\n|-damage|p1a: Sylveon|37\/100\n|move|p2a: Gogeta|Spore|p1b: Corviknight\n|-status|p1b: Corviknight|slp|[from] move: Spore\n|cant|p1b: Corviknight|slp\n|\n|upkeep\n|turn|2\n|inactive|thenoob007 has 120 seconds left.\n|\n|t:|1700246410\n|move|p2b: Wolverine|Ice Spinner|p1b: Corviknight\n|-damage|p1b: Corviknight|66\/100 slp\n|move|p2a: Gogeta|Bullet Seed|p1a: Sylveon\n|-damage|p1a: Sylveon|7\/100\n|-damage|p1a: Sylveon|0 fnt\n|faint|p1a: Sylveon\n|-hitcount|p1: Sylveon|2\n|cant|p1b: Corviknight|slp\n|\n|-heal|p1b: Corviknight|72\/100 slp|[from] item: Leftovers\n|upkeep\n|inactive|thenoob007 has 120 seconds left.\n|\n|t:|1700246436\n|switch|p1a: Garchomp|Garchomp, M|100\/100\n|turn|3\n|inactive|thenoob007 has 120 seconds left.\n|\n|t:|1700246447\n|move|p1a: Garchomp|Protect|p1a: Garchomp\n|-singleturn|p1a: Garchomp|Protect\n|move|p2b: Wolverine|Ice Spinner|p1a: Garchomp\n|-activate|p1a: Garchomp|move: Protect\n|move|p2a: Gogeta|Bullet Seed|p1b: Corviknight\n|-resisted|p1b: Corviknight\n|-damage|p1b: Corviknight|67\/100 slp\n|-resisted|p1b: Corviknight\n|-damage|p1b: Corviknight|63\/100 slp\n|-resisted|p1b: Corviknight\n|-damage|p1b: Corviknight|59\/100 slp\n|-resisted|p1b: Corviknight\n|-damage|p1b: Corviknight|54\/100 slp\n|-resisted|p1b: Corviknight\n|-crit|p1b: Corviknight\n|-damage|p1b: Corviknight|47\/100 slp\n|-hitcount|p1b: Corviknight|5\n|-curestatus|p1b: Corviknight|slp|[msg]\n|move|p1b: Corviknight|Tailwind|p1b: Corviknight\n|-sidestart|p1: thenoob007|move: Tailwind\n|\n|-heal|p1b: Corviknight|53\/100|[from] item: Leftovers\n|upkeep\n|turn|4\n|inactive|thenoob007 has 120 seconds left.\n|\n|t:|1700246482\n|move|p1a: Garchomp|Earthquake|p2b: Wolverine|[spread] p2a,p2b\n|-immune|p1b: Corviknight\n|-resisted|p2a: Gogeta\n|-crit|p2a: Gogeta\n|-damage|p2a: Gogeta|16\/100\n|-damage|p2b: Wolverine|37\/100\n|-damage|p1a: Garchomp|91\/100|[from] item: Life Orb\n|move|p2b: Wolverine|Ice Spinner|p1a: Garchomp\n|-supereffective|p1a: Garchomp\n|-damage|p1a: Garchomp|0 fnt\n|-damage|p2b: Wolverine|25\/100|[from] ability: Rough Skin|[of] p1a: Garchomp\n|faint|p1a: Garchomp\n|move|p1b: Corviknight|Brave Bird|p2b: Wolverine\n|-damage|p2b: Wolverine|0 fnt\n|faint|p2b: Wolverine\n|-damage|p1b: Corviknight|47\/100|[from] Recoil\n|move|p2a: Gogeta|Spore|p1b: Corviknight\n|-status|p1b: Corviknight|slp|[from] move: Spore\n|\n|-heal|p1b: Corviknight|53\/100 slp|[from] item: Leftovers\n|upkeep\n|inactive|thenoob007 has 120 seconds left.\n|\n|t:|1700246504\n|switch|p2b: Flash|Iron Moth|100\/100\n|switch|p1a: Meowscarada|Meowscarada, M|100\/100\n|turn|5\n|\n|t:|1700246521\n|move|p1a: Meowscarada|Knock Off|p2b: Flash\n|-damage|p2b: Flash|30\/100\n|-enditem|p2b: Flash|Heavy-Duty Boots|[from] move: Knock Off|[of] p1a: Meowscarada\n|move|p2b: Flash|Heat Wave|p1b: Corviknight|[spread] p1a,p1b\n|-supereffective|p1a: Meowscarada\n|-supereffective|p1b: Corviknight\n|-enditem|p1a: Meowscarada|Focus Sash\n|-damage|p1a: Meowscarada|1\/100\n|-damage|p1b: Corviknight|0 fnt\n|faint|p1b: Corviknight\n|move|p2a: Gogeta|Bullet Seed|p1a: Meowscarada\n|-resisted|p1a: Meowscarada\n|-damage|p1a: Meowscarada|0 fnt\n|faint|p1a: Meowscarada\n|-hitcount|p1: Meowscarada|1\n|\n|upkeep\n|\n|t:|1700246533\n|switch|p1a: Pikachu|Pikachu, M|100\/100\n|switch|p1b: Maushold|Maushold|100\/100\n|turn|6\n|\n|t:|1700246545\n|move|p1b: Maushold|Follow Me|p1b: Maushold\n|-singleturn|p1b: Maushold|move: Follow Me\n|move|p1a: Pikachu|Thunderbolt|p2b: Flash\n|-damage|p2b: Flash|0 fnt\n|faint|p2b: Flash\n|-end|p2b: Flash|Quark Drive|[silent]\n|move|p2a: Gogeta|Close Combat|p1b: Maushold\n|-supereffective|p1b: Maushold\n|-damage|p1b: Maushold|0 fnt\n|-unboost|p2a: Gogeta|def|1\n|-unboost|p2a: Gogeta|spd|1\n|faint|p1b: Maushold\n|\n|-sideend|p1: thenoob007|move: Tailwind\n|upkeep\n|-message|thenoob007 forfeited.\n|\n|win|Moldycheezi\n|raw|thenoob007's rating: 1310 &rarr; <strong>1295<\/strong><br \/>(-15 for losing)\n|raw|Moldycheezi's rating: 1399 &rarr; <strong>1414<\/strong><br \/>(+15 for winning)\n|l|\u2606thenoob007\n|c|\u2606Moldycheezi|I absorb grass type moves that's what it does\n","uploadtime":1700246565,"views":10,"p1id":"thenoob007","p2id":"moldycheezi","formatid":"gen9doublesou","rating":1295,"private":0,"password":""}