{"id":"gen9doublesou-1993414736","p1":"rasil chatta","p2":"outlanderss","format":"[Gen 9] Doubles OU","log":"|j|\u2606rasil chatta\n|j|\u2606outlanderss\n|t:|1700314759\n|gametype|doubles\n|player|p1|rasil chatta|1|\n|player|p2|outlanderss|101|\n|teamsize|p1|6\n|teamsize|p2|6\n|gen|9\n|tier|[Gen 9] Doubles OU\n|rule|Species Clause: Limit one of each Pok\u00e9mon\n|rule|OHKO Clause: OHKO moves are banned\n|rule|Evasion Moves Clause: Evasion moves are banned\n|rule|Gravity Sleep Clause: The combination of sleep-inducing moves with imperfect accuracy and Gravity or Gigantamax Orbeetle are banned\n|rule|Endless Battle Clause: Forcing endless battles is banned\n|rule|HP Percentage Mod: HP is shown in percentages\n|clearpoke\n|poke|p1|Volcarona, F|\n|poke|p1|Heracross, M|\n|poke|p1|Scizor, M|\n|poke|p1|Rabsca, F|\n|poke|p1|Kleavor, F|\n|poke|p1|Ribombee, M|\n|poke|p2|Corviknight, M|\n|poke|p2|Gholdengo|\n|poke|p2|Klefki, F|\n|poke|p2|Tinkaton, F|\n|poke|p2|Heatran, F|\n|poke|p2|Empoleon, F|\n|teampreview\n|j| SD8008\n|\n|t:|1700314800\n|start\n|switch|p1a: Ribombee|Ribombee, M|100\/100\n|switch|p1b: hatti kira|Heracross, M|100\/100\n|switch|p2a: Corviknight|Corviknight, M|100\/100\n|switch|p2b: Empoleon|Empoleon, F|100\/100\n|-ability|p2a: Corviknight|Pressure\n|turn|1\n|inactive|Battle timer is ON: inactive players will automatically lose when time's up. (requested by outlanderss)\n|\n|t:|1700314902\n|switch|p1a: sakshyam ko kal|Scizor, M|100\/100\n|move|p1b: hatti kira|Close Combat|p2b: Empoleon\n|-supereffective|p2b: Empoleon\n|-damage|p2b: Empoleon|0 fnt\n|-unboost|p1b: hatti kira|def|1\n|-unboost|p1b: hatti kira|spd|1\n|faint|p2b: Empoleon\n|-ability|p1b: hatti kira|Moxie|boost\n|-boost|p1b: hatti kira|atk|1\n|move|p2a: Corviknight|Brave Bird|p1b: hatti kira\n|-supereffective|p1b: hatti kira\n|-damage|p1b: hatti kira|0 fnt\n|faint|p1b: hatti kira\n|-damage|p2a: Corviknight|71\/100|[from] Recoil\n|\n|-heal|p2a: Corviknight|77\/100|[from] item: Leftovers\n|upkeep\n|inactive|outlanderss has 270 seconds left.\n|\n|t:|1700314945\n|switch|p1b: meinvalorant|Rabsca, F|100\/100\n|switch|p2b: Klefki|Klefki, F|100\/100\n|turn|2\n|inactive|outlanderss has 270 seconds left.\n|\n|t:|1700314966\n|switch|p2a: Gholdengo|Gholdengo|100\/100\n|move|p2b: Klefki|Thunder Wave|p1a: sakshyam ko kal\n|-status|p1a: sakshyam ko kal|par\n|cant|p1a: sakshyam ko kal|par\n|move|p1b: meinvalorant|Trick Room|p1b: meinvalorant\n|-fieldstart|move: Trick Room|[of] p1b: meinvalorant\n|\n|upkeep\n|turn|3\n|inactive|outlanderss has 270 seconds left.\n|\n|t:|1700314999\n|move|p2b: Klefki|Thunder Wave|p1b: meinvalorant\n|-status|p1b: meinvalorant|par\n|-activate|p1b: meinvalorant|ability: Synchronize\n|-status|p2b: Klefki|par\n|move|p1b: meinvalorant|Revival Blessing|p1b: meinvalorant\n|-enditem|p1b: meinvalorant|Leppa Berry|[eat]\n|-activate|p1b: meinvalorant|item: Leppa Berry|Revival Blessing|[consumed]\n|\n|t:|1700315008\n|-heal|p1: hatti kira|50\/100|[from] move: Revival Blessing\n|cant|p1a: sakshyam ko kal|par\n|move|p2a: Gholdengo|Substitute|p2a: Gholdengo\n|-start|p2a: Gholdengo|Substitute\n|-damage|p2a: Gholdengo|76\/100\n|\n|upkeep\n|turn|4\n|inactive|rasil chatta has 270 seconds left.\n|\n|t:|1700315045\n|cant|p2b: Klefki|par\n|cant|p1b: meinvalorant|par\n|move|p1a: sakshyam ko kal|Swords Dance|p1a: sakshyam ko kal\n|-boost|p1a: sakshyam ko kal|atk|2\n|move|p2a: Gholdengo|Make It Rain|p1b: meinvalorant|[spread] p1a,p1b\n|-resisted|p1a: sakshyam ko kal\n|-damage|p1a: sakshyam ko kal|60\/100 par\n|-damage|p1b: meinvalorant|55\/100 par\n|-unboost|p2a: Gholdengo|spa|1\n|-damage|p2a: Gholdengo|66\/100|[from] item: Life Orb\n|\n|upkeep\n|turn|5\n|inactive|rasil chatta has 270 seconds left.\n|\n|t:|1700315079\n|switch|p2b: Corviknight|Corviknight, M|77\/100\n|-ability|p2b: Corviknight|Pressure\n|move|p1b: meinvalorant|Psychic|p2a: Gholdengo\n|-resisted|p2a: Gholdengo\n|-end|p2a: Gholdengo|Substitute\n|cant|p1a: sakshyam ko kal|par\n|move|p2a: Gholdengo|Make It Rain|p1b: meinvalorant|[spread] p1a,p1b\n|-resisted|p1a: sakshyam ko kal\n|-damage|p1a: sakshyam ko kal|38\/100 par\n|-damage|p1b: meinvalorant|22\/100 par\n|-unboost|p2a: Gholdengo|spa|1\n|-damage|p2a: Gholdengo|56\/100|[from] item: Life Orb\n|\n|-heal|p2b: Corviknight|84\/100|[from] item: Leftovers\n|upkeep\n|turn|6\n|inactive|rasil chatta has 270 seconds left.\n|inactive|outlanderss has 270 seconds left.\n|inactive|rasil chatta has 240 seconds left.\n|inactive|outlanderss has 240 seconds left.\n|\n|t:|1700315161\n|cant|p1b: meinvalorant|par\n|move|p1a: sakshyam ko kal|Close Combat|p2b: Corviknight\n|-damage|p2b: Corviknight|0 fnt\n|-unboost|p1a: sakshyam ko kal|def|1\n|-unboost|p1a: sakshyam ko kal|spd|1\n|faint|p2b: Corviknight\n|-damage|p1a: sakshyam ko kal|28\/100 par|[from] item: Life Orb\n|move|p2a: Gholdengo|Substitute|p2a: Gholdengo\n|-start|p2a: Gholdengo|Substitute\n|-damage|p2a: Gholdengo|31\/100\n|\n|-fieldend|move: Trick Room\n|upkeep\n|\n|t:|1700315168\n|switch|p2b: Tinkaton|Tinkaton, F|100\/100\n|-ability|p2b: Tinkaton|Mold Breaker\n|turn|7\n|inactive|rasil chatta has 240 seconds left.\n|\n|t:|1700315187\n|move|p2b: Tinkaton|Helping Hand|p2a: Gholdengo\n|-singleturn|p2a: Gholdengo|Helping Hand|[of] p2b: Tinkaton\n|move|p1a: sakshyam ko kal|Protect|p1a: sakshyam ko kal\n|-singleturn|p1a: sakshyam ko kal|Protect\n|move|p2a: Gholdengo|Make It Rain|p1b: meinvalorant|[spread] p1b\n|-activate|p1a: sakshyam ko kal|move: Protect\n|-damage|p1b: meinvalorant|0 fnt\n|-unboost|p2a: Gholdengo|spa|1\n|faint|p1b: meinvalorant\n|-damage|p2a: Gholdengo|21\/100|[from] item: Life Orb\n|\n|upkeep\n|inactive|rasil chatta has 240 seconds left.\n|inactive|rasil chatta has 210 seconds left.\n|\n|t:|1700315242\n|switch|p1b: Ribombee|Ribombee, M|100\/100\n|turn|8\n|inactive|rasil chatta has 210 seconds left.\n|\n|t:|1700315257\n|move|p2b: Tinkaton|Protect|p2b: Tinkaton\n|-singleturn|p2b: Tinkaton|Protect\n|cant|p1a: sakshyam ko kal|par\n|move|p1b: Ribombee|Stun Spore|p2b: Tinkaton\n|-activate|p2b: Tinkaton|move: Protect\n|move|p2a: Gholdengo|Make It Rain|p1a: sakshyam ko kal|[spread] p1a,p1b\n|-resisted|p1a: sakshyam ko kal\n|-crit|p1a: sakshyam ko kal\n|-supereffective|p1b: Ribombee\n|-damage|p1a: sakshyam ko kal|0 fnt\n|-damage|p1b: Ribombee|26\/100\n|-unboost|p2a: Gholdengo|spa|1\n|faint|p1a: sakshyam ko kal\n|-damage|p2a: Gholdengo|12\/100|[from] item: Life Orb\n|\n|upkeep\n|\n|t:|1700315286\n|switch|p1a: hatti kira|Heracross, M|50\/100\n|turn|9\n|\n|t:|1700315299\n|move|p1b: Ribombee|Protect|p1b: Ribombee\n|-singleturn|p1b: Ribombee|Protect\n|move|p1a: hatti kira|Earthquake|p2a: Gholdengo|[spread] p2a,p2b\n|-activate|p1b: Ribombee|move: Protect\n|-supereffective|p2a: Gholdengo\n|-end|p2a: Gholdengo|Substitute\n|-supereffective|p2b: Tinkaton\n|-damage|p2b: Tinkaton|49\/100\n|move|p2a: Gholdengo|Make It Rain|p1a: hatti kira|[spread] p1a\n|-activate|p1b: Ribombee|move: Protect\n|-damage|p1a: hatti kira|32\/100\n|-unboost|p2a: Gholdengo|spa|1\n|-damage|p2a: Gholdengo|2\/100|[from] item: Life Orb\n|move|p2b: Tinkaton|Thunder Wave|p1a: hatti kira\n|-status|p1a: hatti kira|par\n|\n|-heal|p2b: Tinkaton|55\/100|[from] item: Leftovers\n|upkeep\n|turn|10\n|inactive|rasil chatta has 210 seconds left.\n|inactive|outlanderss has 270 seconds left.\n|\n|t:|1700315331\n|move|p2b: Tinkaton|Protect|p2b: Tinkaton\n|-singleturn|p2b: Tinkaton|Protect\n|move|p1b: Ribombee|Tailwind|p1b: Ribombee\n|-sidestart|p1: rasil chatta|move: Tailwind\n|move|p1a: hatti kira|Earthquake|p2b: Tinkaton|[spread] p1b,p2a\n|-activate|p2b: Tinkaton|move: Protect\n|-resisted|p1b: Ribombee\n|-supereffective|p2a: Gholdengo\n|-damage|p1b: Ribombee|0 fnt\n|-damage|p2a: Gholdengo|0 fnt\n|faint|p1b: Ribombee\n|faint|p2a: Gholdengo\n|-ability|p1a: hatti kira|Moxie|boost\n|-boost|p1a: hatti kira|atk|2\n|\n|-heal|p2b: Tinkaton|61\/100|[from] item: Leftovers\n|upkeep\n|\n|t:|1700315344\n|switch|p1b: kalo kira|Volcarona, F|100\/100\n|switch|p2a: Heatran|Heatran, F|100\/100\n|turn|11\n|inactive|rasil chatta has 240 seconds left.\n|\n|t:|1700315358\n|-terastallize|p2a: Heatran|Flying\n|move|p2b: Tinkaton|Helping Hand|p2a: Heatran\n|-singleturn|p2a: Heatran|Helping Hand|[of] p2b: Tinkaton\n|move|p1b: kalo kira|Protect|p1b: kalo kira\n|-singleturn|p1b: kalo kira|Protect\n|move|p1a: hatti kira|Earthquake|p2a: Heatran|[spread] p2b\n|-activate|p1b: kalo kira|move: Protect\n|-immune|p2a: Heatran\n|-supereffective|p2b: Tinkaton\n|-damage|p2b: Tinkaton|0 fnt\n|faint|p2b: Tinkaton\n|-ability|p1a: hatti kira|Moxie|boost\n|-boost|p1a: hatti kira|atk|1\n|move|p2a: Heatran|Earth Power|p1b: kalo kira\n|-activate|p1b: kalo kira|move: Protect\n|\n|upkeep\n|\n|t:|1700315369\n|switch|p2b: Klefki|Klefki, F|100\/100 par\n|turn|12\n|inactive|rasil chatta has 240 seconds left.\n|\n|t:|1700315419\n|switch|p1a: manoj|Kleavor, F|100\/100\n|-terastallize|p1b: kalo kira|Water\n|move|p2b: Klefki|Thunder Wave|p1b: kalo kira\n|-status|p1b: kalo kira|par\n|cant|p1b: kalo kira|par\n|move|p2a: Heatran|Earth Power|p1b: kalo kira\n|-damage|p1b: kalo kira|74\/100 par\n|\n|upkeep\n|turn|13\n|\n|t:|1700315449\n|move|p2b: Klefki|Thunder Wave|p1a: manoj\n|-status|p1a: manoj|par\n|move|p1b: kalo kira|Heat Wave|p2b: Klefki|[spread] p2a\n|-miss|p1b: kalo kira|p2b: Klefki\n|-damage|p2a: Heatran|60\/100\n|move|p1a: manoj|Stone Axe|p2a: Heatran\n|-supereffective|p2a: Heatran\n|-damage|p2a: Heatran|0 fnt\n|-sidestart|p2: outlanderss|move: Stealth Rock\n|faint|p2a: Heatran\n|\n|-sideend|p1: rasil chatta|move: Tailwind\n|upkeep\n|turn|14\n|-message|outlanderss forfeited.\n|\n|win|rasil chatta\n|l|\u2606outlanderss\n|c| SD8008|no flash fire sadge\n|l|\u2606rasil chatta\n|j|\u2606rasil chatta\n|player|p1|rasil chatta|1\n","uploadtime":1700315525,"views":6,"p1id":"rasilchatta","p2id":"outlanderss","formatid":"gen9doublesou","rating":0,"private":0,"password":""}