{"id":"gen9doublesou-1970077452","p1":"SoilderBoi-323","p2":"RLisanidiot","format":"[Gen 9] Doubles OU","log":"|j|\u2606SoilderBoi-323\n|j|\u2606RLisanidiot\n|t:|1697591830\n|gametype|doubles\n|player|p1|SoilderBoi-323|birdkeeper-gen4dp|1256\n|player|p2|RLisanidiot|unknownf|1183\n|teamsize|p1|6\n|teamsize|p2|6\n|gen|9\n|tier|[Gen 9] Doubles OU\n|rated|\n|rule|Species Clause: Limit one of each Pok\u00e9mon\n|rule|OHKO Clause: OHKO moves are banned\n|rule|Evasion Moves Clause: Evasion moves are banned\n|rule|Gravity Sleep Clause: The combination of sleep-inducing moves with imperfect accuracy and Gravity or Gigantamax Orbeetle are banned\n|rule|Endless Battle Clause: Forcing endless battles is banned\n|rule|HP Percentage Mod: HP is shown in percentages\n|clearpoke\n|poke|p1|Politoed, M|\n|poke|p1|Ludicolo, M|\n|poke|p1|Breloom, M|\n|poke|p1|Amoonguss, M|\n|poke|p1|Goodra-Hisui, F|\n|poke|p1|Milotic, M|\n|poke|p2|Ninetales-Alola, F|\n|poke|p2|Chien-Pao|\n|poke|p2|Flutter Mane|\n|poke|p2|Tornadus, M|\n|poke|p2|Pachirisu, M|\n|poke|p2|Rillaboom, M|\n|teampreview\n|inactive|Battle timer is ON: inactive players will automatically lose when time's up. (requested by RLisanidiot)\n|\n|t:|1697591839\n|start\n|switch|p1a: Goodra|Goodra-Hisui, F|100\/100\n|switch|p1b: Ludicolo|Ludicolo, M|100\/100\n|switch|p2a: Tornadus|Tornadus, M|100\/100\n|switch|p2b: Rillaboom|Rillaboom, M|100\/100\n|-fieldstart|move: Grassy Terrain|[from] ability: Grassy Surge|[of] p2b: Rillaboom\n|turn|1\n|inactive|SoilderBoi-323 has 120 seconds left.\n|\n|t:|1697591873\n|switch|p1a: Politoed|Politoed, M|100\/100\n|-weather|RainDance|[from] ability: Drizzle|[of] p1a: Politoed\n|move|p1b: Ludicolo|Fake Out|p2b: Rillaboom\n|-damage|p2b: Rillaboom|95\/100\n|move|p2a: Tornadus|Taunt|p1a: Politoed\n|-start|p1a: Politoed|move: Taunt\n|cant|p2b: Rillaboom|flinch\n|\n|-weather|RainDance|[upkeep]\n|-heal|p2b: Rillaboom|100\/100|[from] Grassy Terrain\n|upkeep\n|turn|2\n|\n|t:|1697591889\n|move|p1b: Ludicolo|Blizzard|p2a: Tornadus|[spread] p2b\n|-miss|p1b: Ludicolo|p2a: Tornadus\n|-supereffective|p2b: Rillaboom\n|-damage|p2b: Rillaboom|46\/100\n|move|p1a: Politoed|Blizzard|p2a: Tornadus|[spread] p2a,p2b\n|-supereffective|p2a: Tornadus\n|-crit|p2a: Tornadus\n|-supereffective|p2b: Rillaboom\n|-damage|p2a: Tornadus|4\/100\n|-damage|p2b: Rillaboom|0 fnt\n|faint|p2b: Rillaboom\n|move|p2a: Tornadus|Bleakwind Storm|p1a: Politoed|[spread] p1a,p1b\n|-supereffective|p1b: Ludicolo\n|-damage|p1a: Politoed|69\/100\n|-damage|p1b: Ludicolo|41\/100\n|\n|-weather|RainDance|[upkeep]\n|-heal|p1b: Ludicolo|47\/100|[from] Grassy Terrain\n|-heal|p1a: Politoed|76\/100|[from] Grassy Terrain\n|upkeep\n|\n|t:|1697591904\n|switch|p2b: Ninetales|Ninetales-Alola, F, shiny|100\/100\n|-weather|Snow|[from] ability: Snow Warning|[of] p2b: Ninetales\n|turn|3\n|inactive|SoilderBoi-323 has 120 seconds left.\n|\n|t:|1697591946\n|move|p2b: Ninetales|Aurora Veil|p2b: Ninetales\n|-sidestart|p2: RLisanidiot|move: Aurora Veil\n|move|p1a: Politoed|Blizzard|p2a: Tornadus|[spread] p2a,p2b\n|-supereffective|p2a: Tornadus\n|-resisted|p2b: Ninetales\n|-damage|p2a: Tornadus|0 fnt\n|-damage|p2b: Ninetales|89\/100\n|faint|p2a: Tornadus\n|move|p1b: Ludicolo|Hydro Pump|p2b: Ninetales\n|-damage|p2b: Ninetales|60\/100\n|\n|-weather|Snow|[upkeep]\n|-heal|p2b: Ninetales|66\/100|[from] Grassy Terrain\n|-heal|p1a: Politoed|82\/100|[from] Grassy Terrain\n|-heal|p1b: Ludicolo|53\/100|[from] Grassy Terrain\n|-end|p1a: Politoed|move: Taunt\n|upkeep\n|\n|t:|1697591952\n|switch|p2a: Pachirisu|Pachirisu, M|100\/100\n|turn|4\n|l|\u2606RLisanidiot\n|inactive|RLisanidiot disconnected and has a minute to reconnect!\n|player|p2|\n|\n|t:|1697591965\n|switch|p1a: Goodra|Goodra-Hisui, F|100\/100\n|move|p2b: Ninetales|Icy Wind|p1b: Ludicolo|[spread] p1a,p1b\n|-damage|p1a: Goodra|93\/100\n|-damage|p1b: Ludicolo|42\/100\n|-unboost|p1a: Goodra|spe|1\n|-unboost|p1b: Ludicolo|spe|1\n|move|p2a: Pachirisu|Nuzzle|p1a: Goodra\n|-resisted|p1a: Goodra\n|-damage|p1a: Goodra|91\/100\n|-status|p1a: Goodra|par\n|move|p1b: Ludicolo|Hydro Pump|p2b: Ninetales\n|-damage|p2b: Ninetales|32\/100\n|\n|-weather|Snow|[upkeep]\n|-heal|p2b: Ninetales|38\/100|[from] Grassy Terrain\n|-heal|p1b: Ludicolo|48\/100|[from] Grassy Terrain\n|-heal|p1a: Goodra|97\/100 par|[from] Grassy Terrain\n|-heal|p1a: Goodra|100\/100 par|[from] item: Leftovers\n|upkeep\n|turn|5\n|j|\u2606RLisanidiot\n|inactive|RLisanidiot reconnected and has 140 seconds left.\n|player|p2|RLisanidiot|unknownf\n|\n|t:|1697591991\n|move|p2b: Ninetales|Confuse Ray|p1a: Goodra\n|-start|p1a: Goodra|confusion\n|move|p2a: Pachirisu|Nuzzle|p1b: Ludicolo\n|-damage|p1b: Ludicolo|42\/100\n|-status|p1b: Ludicolo|par\n|-damage|p2a: Pachirisu|84\/100|[from] item: Rocky Helmet|[of] p1b: Ludicolo\n|move|p1b: Ludicolo|Hydro Pump|p2b: Ninetales\n|-damage|p2b: Ninetales|7\/100\n|-activate|p1a: Goodra|confusion\n|-damage|p1a: Goodra|92\/100 par|[from] confusion\n|\n|-weather|Snow|[upkeep]\n|-heal|p2b: Ninetales|13\/100|[from] Grassy Terrain\n|-heal|p2a: Pachirisu|90\/100|[from] Grassy Terrain\n|-heal|p1b: Ludicolo|49\/100 par|[from] Grassy Terrain\n|-heal|p1a: Goodra|98\/100 par|[from] Grassy Terrain\n|-heal|p1a: Goodra|100\/100 par|[from] item: Leftovers\n|-fieldend|move: Grassy Terrain\n|upkeep\n|turn|6\n|inactive|SoilderBoi-323 has 120 seconds left.\n|\n|t:|1697592026\n|move|p2b: Ninetales|Icy Wind|p1b: Ludicolo|[spread] p1a,p1b\n|-damage|p1a: Goodra|92\/100 par\n|-damage|p1b: Ludicolo|37\/100 par\n|-unboost|p1a: Goodra|spe|1\n|-unboost|p1b: Ludicolo|spe|1\n|move|p2a: Pachirisu|Super Fang|p1a: Goodra\n|-damage|p1a: Goodra|46\/100 par\n|move|p1b: Ludicolo|Hydro Pump|p2a: Pachirisu\n|-damage|p2a: Pachirisu|59\/100\n|-activate|p1a: Goodra|confusion\n|-damage|p1a: Goodra|39\/100 par|[from] confusion\n|\n|-weather|Snow|[upkeep]\n|-heal|p1a: Goodra|45\/100 par|[from] item: Leftovers\n|upkeep\n|turn|7\n|\n|t:|1697592044\n|switch|p1a: Milotic|Milotic, M|100\/100\n|move|p2b: Ninetales|Confuse Ray|p1b: Ludicolo\n|-start|p1b: Ludicolo|confusion\n|move|p2a: Pachirisu|U-turn|p1b: Ludicolo\n|-supereffective|p1b: Ludicolo\n|-damage|p1b: Ludicolo|8\/100 par\n|-damage|p2a: Pachirisu|42\/100|[from] item: Rocky Helmet|[of] p1b: Ludicolo\n|-enditem|p2a: Pachirisu|Sitrus Berry|[eat]\n|-heal|p2a: Pachirisu|67\/100|[from] item: Sitrus Berry\n|\n|t:|1697592055\n|switch|p2a: Chien-Pao|Chien-Pao|100\/100|[from] U-turn\n|-ability|p2a: Chien-Pao|Sword of Ruin\n|-activate|p1b: Ludicolo|confusion\n|move|p1b: Ludicolo|Hydro Pump|p2b: Ninetales\n|-damage|p2b: Ninetales|0 fnt\n|faint|p2b: Ninetales\n|\n|-weather|none\n|upkeep\n|\n|t:|1697592063\n|switch|p2b: Pachirisu|Pachirisu, M|67\/100\n|turn|8\n|\n|t:|1697592072\n|switch|p1b: Politoed|Politoed, M|82\/100\n|-weather|RainDance|[from] ability: Drizzle|[of] p1b: Politoed\n|move|p1a: Milotic|Hydro Pump|p2a: Chien-Pao\n|-damage|p2a: Chien-Pao|58\/100\n|move|p2a: Chien-Pao|Ice Spinner|p1b: Politoed\n|-resisted|p1b: Politoed\n|-damage|p1b: Politoed|50\/100\n|move|p2b: Pachirisu|Nuzzle|p1a: Milotic\n|-supereffective|p1a: Milotic\n|-damage|p1a: Milotic|85\/100\n|-status|p1a: Milotic|par\n|\n|-weather|RainDance|[upkeep]\n|upkeep\n|turn|9\n|\n|t:|1697592090\n|-terastallize|p2a: Chien-Pao|Electric\n|move|p2a: Chien-Pao|Tera Blast|p1b: Politoed|[anim] Tera Blast Electric\n|-supereffective|p1b: Politoed\n|-damage|p1b: Politoed|0 fnt\n|faint|p1b: Politoed\n|move|p2b: Pachirisu|Super Fang|p1a: Milotic\n|-damage|p1a: Milotic|43\/100 par\n|move|p1a: Milotic|Hydro Pump|p2b: Pachirisu\n|-damage|p2b: Pachirisu|16\/100\n|\n|-weather|RainDance|[upkeep]\n|upkeep\n|\n|t:|1697592101\n|switch|p1b: Ludicolo|Ludicolo, M|8\/100 par\n|turn|10\n|\n|t:|1697592110\n|move|p1b: Ludicolo|Fake Out|p2b: Pachirisu\n|-damage|p2b: Pachirisu|10\/100\n|move|p2a: Chien-Pao|Tera Blast|p1a: Milotic|[anim] Tera Blast Electric\n|-supereffective|p1a: Milotic\n|-damage|p1a: Milotic|0 fnt\n|faint|p1a: Milotic\n|cant|p2b: Pachirisu|flinch\n|\n|-weather|RainDance|[upkeep]\n|-sideend|p2: RLisanidiot|move: Aurora Veil\n|upkeep\n|\n|t:|1697592120\n|switch|p1a: Breloom|Breloom, M|100\/100\n|turn|11\n|\n|t:|1697592128\n|-terastallize|p1a: Breloom|Fighting\n|move|p2b: Pachirisu|Follow Me|p2b: Pachirisu\n|-singleturn|p2b: Pachirisu|move: Follow Me\n|move|p1a: Breloom|Mach Punch|p2b: Pachirisu\n|-damage|p2b: Pachirisu|0 fnt\n|faint|p2b: Pachirisu\n|move|p2a: Chien-Pao|Ice Spinner|p1a: Breloom\n|-damage|p1a: Breloom|16\/100\n|cant|p1b: Ludicolo|par\n|\n|-weather|RainDance|[upkeep]\n|upkeep\n|\n|t:|1697592138\n|switch|p2b: Flutter Mane|Flutter Mane|100\/100\n|turn|12\n|\n|t:|1697592158\n|move|p1a: Breloom|Protect|p1a: Breloom\n|-singleturn|p1a: Breloom|Protect\n|move|p2a: Chien-Pao|Sucker Punch||[still]\n|-fail|p2a: Chien-Pao\n|move|p2b: Flutter Mane|Moonblast|p1b: Ludicolo\n|-damage|p1b: Ludicolo|0 fnt\n|faint|p1b: Ludicolo\n|\n|-weather|none\n|upkeep\n|\n|t:|1697592168\n|switch|p1b: Amoonguss|Amoonguss, M|100\/100\n|turn|13\n|\n|t:|1697592182\n|move|p2b: Flutter Mane|Moonblast|p1a: Breloom\n|-supereffective|p1a: Breloom\n|-damage|p1a: Breloom|0 fnt\n|faint|p1a: Breloom\n|move|p2a: Chien-Pao|Ice Spinner|p1b: Amoonguss\n|-supereffective|p1b: Amoonguss\n|-damage|p1b: Amoonguss|19\/100\n|move|p1b: Amoonguss|Leaf Storm|p2a: Chien-Pao\n|-damage|p2a: Chien-Pao|18\/100\n|-unboost|p1b: Amoonguss|spa|2\n|-enditem|p1b: Amoonguss|Eject Pack\n|\n|t:|1697592193\n|switch|p1b: Goodra|Goodra-Hisui, F|45\/100 par\n|\n|-heal|p1b: Goodra|51\/100 par|[from] item: Leftovers\n|upkeep\n|\n|t:|1697592198\n|switch|p1a: Amoonguss|Amoonguss, M|52\/100\n|turn|14\n|\n|t:|1697592206\n|move|p2b: Flutter Mane|Moonblast|p1b: Goodra\n|-damage|p1b: Goodra|0 fnt\n|faint|p1b: Goodra\n|move|p2a: Chien-Pao|Ice Spinner|p1a: Amoonguss\n|-supereffective|p1a: Amoonguss\n|-damage|p1a: Amoonguss|0 fnt\n|faint|p1a: Amoonguss\n|\n|win|RLisanidiot\n|raw|SoilderBoi-323's rating: 1276 &rarr; <strong>1244<\/strong><br \/>(-32 for losing)\n|raw|RLisanidiot's rating: 1183 &rarr; <strong>1215<\/strong><br \/>(+32 for winning)\n|l|\u2606SoilderBoi-323\n","uploadtime":1697592231,"views":17,"p1id":"soilderboi323","p2id":"rlisanidiot","formatid":"gen9doublesou","rating":1215,"private":0,"password":""}