{"id":"gen9doublesou-1985764082","p1":"arowrath","p2":"GIBBLESBYTHEDOZEN","format":"[Gen 9] Doubles OU","log":"|j|\u2606arowrath\n|j|\u2606GIBBLESBYTHEDOZEN\n|t:|1699403710\n|gametype|doubles\n|player|p1|arowrath|youngster|\n|player|p2|GIBBLESBYTHEDOZEN|2|\n|teamsize|p1|6\n|teamsize|p2|6\n|gen|9\n|tier|[Gen 9] Doubles OU\n|rule|Species Clause: Limit one of each Pok\u00e9mon\n|rule|OHKO Clause: OHKO moves are banned\n|rule|Evasion Moves Clause: Evasion moves are banned\n|rule|Gravity Sleep Clause: The combination of sleep-inducing moves with imperfect accuracy and Gravity or Gigantamax Orbeetle are banned\n|rule|Endless Battle Clause: Forcing endless battles is banned\n|rule|HP Percentage Mod: HP is shown in percentages\n|clearpoke\n|poke|p1|Dragonite, F|\n|poke|p1|Sandslash-Alola, M|\n|poke|p1|Gengar, M|\n|poke|p1|Gyarados, M|\n|poke|p1|Ludicolo, F|\n|poke|p1|Snorlax, M|\n|poke|p2|Tornadus, M|\n|poke|p2|Furret, M|\n|poke|p2|Dugtrio, M|\n|poke|p2|Gardevoir, M|\n|poke|p2|Hydreigon, M|\n|poke|p2|Quagsire, M|\n|teampreview\n|\n|t:|1699403728\n|start\n|switch|p1a: Pete's Dragonite|Dragonite, F, shiny|100\/100\n|switch|p1b: Tropical Splash|Ludicolo, F, shiny|100\/100\n|switch|p2a: Tornadus|Tornadus, M|100\/100\n|switch|p2b: Furret|Furret, M|100\/100\n|turn|1\n|\n|t:|1699403830\n|switch|p1b: Die-Beat-A$$|Snorlax, M|100\/100\n|move|p2a: Tornadus|Tailwind|p2a: Tornadus\n|-sidestart|p2: GIBBLESBYTHEDOZEN|move: Tailwind\n|move|p2b: Furret|Tidy Up|p2b: Furret\n|-boost|p2b: Furret|atk|1\n|-boost|p2b: Furret|spe|1\n|move|p1a: Pete's Dragonite|Ice Beam|p2a: Tornadus\n|-supereffective|p2a: Tornadus\n|-damage|p2a: Tornadus|21\/100\n|\n|upkeep\n|turn|2\n|\n|t:|1699403851\n|move|p2a: Tornadus|Protect|p2a: Tornadus\n|-singleturn|p2a: Tornadus|Protect\n|move|p2b: Furret|Double-Edge|p1a: Pete's Dragonite\n|-damage|p1a: Pete's Dragonite|59\/100\n|-damage|p2b: Furret|84\/100|[from] Recoil\n|-damage|p2b: Furret|74\/100|[from] item: Life Orb\n|move|p1a: Pete's Dragonite|Ice Beam|p2a: Tornadus\n|-activate|p2a: Tornadus|move: Protect\n|move|p1b: Die-Beat-A$$|Hammer Arm|p2b: Furret\n|-supereffective|p2b: Furret\n|-damage|p2b: Furret|0 fnt\n|-unboost|p1b: Die-Beat-A$$|spe|1\n|faint|p2b: Furret\n|\n|upkeep\n|\n|t:|1699403867\n|switch|p2b: Dugtrio|Dugtrio, M|100\/100\n|turn|3\n|\n|t:|1699403896\n|move|p2b: Dugtrio|Swords Dance|p2b: Dugtrio\n|-boost|p2b: Dugtrio|atk|2\n|move|p2a: Tornadus|Bleakwind Storm|p1a: Pete's Dragonite|[spread] p1a,p1b\n|-crit|p1a: Pete's Dragonite\n|-damage|p1a: Pete's Dragonite|11\/100\n|-damage|p1b: Die-Beat-A$$|79\/100\n|-unboost|p1b: Die-Beat-A$$|spe|1\n|-enditem|p1a: Pete's Dragonite|Aguav Berry|[eat]\n|-heal|p1a: Pete's Dragonite|44\/100|[from] item: Aguav Berry\n|move|p1a: Pete's Dragonite|Ice Beam|p2a: Tornadus\n|-supereffective|p2a: Tornadus\n|-damage|p2a: Tornadus|0 fnt\n|faint|p2a: Tornadus\n|move|p1b: Die-Beat-A$$|Blizzard|p2b: Dugtrio\n|-supereffective|p2b: Dugtrio\n|-damage|p2b: Dugtrio|17\/100\n|\n|upkeep\n|\n|t:|1699403915\n|switch|p2a: Hydreigon|Hydreigon, M|100\/100\n|turn|4\n|\n|t:|1699403927\n|move|p2b: Dugtrio|Earthquake|p1b: Die-Beat-A$$|[spread] p1b\n|-immune|p2a: Hydreigon|[from] ability: Levitate\n|-immune|p1a: Pete's Dragonite\n|-damage|p1b: Die-Beat-A$$|3\/100\n|-enditem|p1b: Die-Beat-A$$|Aguav Berry|[eat]\n|-heal|p1b: Die-Beat-A$$|36\/100|[from] item: Aguav Berry\n|-damage|p2b: Dugtrio|7\/100|[from] item: Life Orb\n|move|p2a: Hydreigon|Draco Meteor|p1b: Die-Beat-A$$\n|-damage|p1b: Die-Beat-A$$|0 fnt\n|-unboost|p2a: Hydreigon|spa|2\n|faint|p1b: Die-Beat-A$$\n|move|p1a: Pete's Dragonite|Draco Meteor|p2a: Hydreigon\n|-supereffective|p2a: Hydreigon\n|-damage|p2a: Hydreigon|0 fnt\n|-unboost|p1a: Pete's Dragonite|spa|2\n|faint|p2a: Hydreigon\n|\n|-sideend|p2: GIBBLESBYTHEDOZEN|move: Tailwind\n|upkeep\n|\n|t:|1699403949\n|switch|p2a: Gardevoir|Gardevoir, M|100\/100\n|switch|p1b: Tropical Splash|Ludicolo, F, shiny|100\/100\n|-ability|p2a: Gardevoir|Rain Dish|[from] ability: Trace|[of] p1b: Tropical Splash\n|turn|5\n|\n|t:|1699403983\n|switch|p1b: Grim|Gengar, M, shiny|100\/100\n|move|p2b: Dugtrio|Sucker Punch||[still]\n|-fail|p2b: Dugtrio\n|move|p2a: Gardevoir|Moonblast|p1a: Pete's Dragonite\n|-supereffective|p1a: Pete's Dragonite\n|-damage|p1a: Pete's Dragonite|0 fnt\n|faint|p1a: Pete's Dragonite\n|\n|upkeep\n|\n|t:|1699403996\n|switch|p1a: Red Death|Gyarados, M, shiny|100\/100\n|-ability|p1a: Red Death|Intimidate|boost\n|-unboost|p2a: Gardevoir|atk|1\n|-unboost|p2b: Dugtrio|atk|1\n|turn|6\n|\n|t:|1699404035\n|move|p2a: Gardevoir|Moonblast|p1b: Grim\n|-resisted|p1b: Grim\n|-damage|p1b: Grim|60\/100\n|move|p2b: Dugtrio|Stone Edge|p1a: Red Death\n|-supereffective|p1a: Red Death\n|-damage|p1a: Red Death|0 fnt\n|faint|p1a: Red Death\n|-damage|p2b: Dugtrio|0 fnt|[from] item: Life Orb\n|faint|p2b: Dugtrio\n|move|p1b: Grim|Shadow Ball|p2a: Gardevoir\n|-supereffective|p2a: Gardevoir\n|-damage|p2a: Gardevoir|11\/100\n|\n|upkeep\n|\n|t:|1699404068\n|switch|p2b: Quagsire|Quagsire, M|100\/100\n|switch|p1a: Frosted Tips|Sandslash-Alola, M|100\/100\n|turn|7\n|\n|t:|1699404090\n|-terastallize|p2b: Quagsire|Ghost\n|move|p2a: Gardevoir|Moonblast|p1b: Grim\n|-resisted|p1b: Grim\n|-damage|p1b: Grim|18\/100\n|-start|p2a: Gardevoir|Disable|Moonblast|[from] ability: Cursed Body|[of] p1b: Grim\n|-enditem|p1b: Grim|Aguav Berry|[eat]\n|-heal|p1b: Grim|51\/100|[from] item: Aguav Berry\n|move|p1b: Grim|Shadow Ball|p2a: Gardevoir\n|-supereffective|p2a: Gardevoir\n|-damage|p2a: Gardevoir|0 fnt\n|faint|p2a: Gardevoir\n|move|p1a: Frosted Tips|Blizzard|p2b: Quagsire\n|-damage|p2b: Quagsire|82\/100\n|move|p2b: Quagsire|Earthquake|p1b: Grim|[spread] p1a,p1b\n|-supereffective|p1a: Frosted Tips\n|-supereffective|p1b: Grim\n|-damage|p1a: Frosted Tips|63\/100\n|-damage|p1b: Grim|0 fnt\n|faint|p1b: Grim\n|\n|-heal|p2b: Quagsire|88\/100|[from] item: Leftovers\n|upkeep\n|\n|t:|1699404110\n|switch|p1b: Tropical Splash|Ludicolo, F, shiny|100\/100\n|turn|8\n|\n|t:|1699404125\n|move|p1b: Tropical Splash|Giga Drain|p2b: Quagsire\n|-damage|p2b: Quagsire|49\/100\n|move|p1a: Frosted Tips|Ice Beam|p2b: Quagsire\n|-damage|p2b: Quagsire|36\/100\n|-status|p2b: Quagsire|frz\n|cant|p2b: Quagsire|frz\n|\n|-heal|p2b: Quagsire|42\/100 frz|[from] item: Leftovers\n|upkeep\n|turn|9\n|\n|t:|1699404143\n|move|p1b: Tropical Splash|Leaf Storm|p2b: Quagsire\n|-damage|p2b: Quagsire|0 fnt\n|-unboost|p1b: Tropical Splash|spa|2\n|faint|p2b: Quagsire\n|\n|win|arowrath\n","uploadtime":1699404163,"views":33,"p1id":"arowrath","p2id":"gibblesbythedozen","formatid":"gen9doublesou","rating":0,"private":0,"password":""}