{"id":"gen9doublesou-1967976973","p1":"That_Croissant","p2":"Qqueipodl","format":"[Gen 9] Doubles OU","log":"|html|<div class=\"broadcast-blue\"><strong>[Gen 9] Doubles OU is currently suspecting Basculegion & Flutter Mane! For information on how to participate check out the <a href=\"https:\/\/www.smogon.com\/forums\/threads\/np-sv-dou-stage-8-double-trouble.3729153\/\">suspect thread<\/a>.<\/strong><\/div>\n|j|\u2606That_Croissant\n|j|\u2606Qqueipodl\n|t:|1697368510\n|gametype|doubles\n|player|p1|That_Croissant|hiker|1116\n|player|p2|Qqueipodl|101|1099\n|teamsize|p1|6\n|teamsize|p2|6\n|gen|9\n|tier|[Gen 9] Doubles OU\n|rated|\n|rule|Species Clause: Limit one of each Pok\u00e9mon\n|rule|OHKO Clause: OHKO moves are banned\n|rule|Evasion Moves Clause: Evasion moves are banned\n|rule|Gravity Sleep Clause: The combination of sleep-inducing moves with imperfect accuracy and Gravity or Gigantamax Orbeetle are banned\n|rule|Endless Battle Clause: Forcing endless battles is banned\n|rule|HP Percentage Mod: HP is shown in percentages\n|clearpoke\n|poke|p1|Sinistcha-Masterpiece|\n|poke|p1|Landorus-Therian, M|\n|poke|p1|Talonflame, F|\n|poke|p1|Farigiraf, M|\n|poke|p1|Arcanine-Hisui, F|\n|poke|p1|Sneasler, F|\n|poke|p2|Gliscor, F|\n|poke|p2|Clefable, M|\n|poke|p2|Dondozo, M|\n|poke|p2|Tornadus-Therian, M|\n|poke|p2|Toxapex, F|\n|poke|p2|Blissey, F|\n|teampreview\n|inactive|Battle timer is ON: inactive players will automatically lose when time's up. (requested by Qqueipodl)\n|c|\u2606That_Croissant|glhf\n|\n|t:|1697368526\n|start\n|switch|p1a: flaming hot|Talonflame, F|100\/100\n|switch|p1b: danger tea !|Sinistcha-Masterpiece, shiny|100\/100\n|switch|p2a: Gliscor|Gliscor, F|100\/100\n|switch|p2b: Clefable|Clefable, M|100\/100\n|turn|1\n|\n|t:|1697368536\n|move|p1a: flaming hot|Tailwind|p1a: flaming hot\n|-sidestart|p1: That_Croissant|move: Tailwind\n|move|p1b: danger tea !|Calm Mind|p1b: danger tea !\n|-boost|p1b: danger tea !|spa|1\n|-boost|p1b: danger tea !|spd|1\n|move|p2a: Gliscor|Toxic|p1b: danger tea !\n|-status|p1b: danger tea !|tox\n|move|p2b: Clefable|Stealth Rock|p1a: flaming hot\n|-sidestart|p1: That_Croissant|move: Stealth Rock\n|\n|-damage|p1b: danger tea !|94\/100 tox|[from] psn\n|-status|p2a: Gliscor|tox|[from] item: Toxic Orb\n|upkeep\n|turn|2\n|\n|t:|1697368558\n|switch|p2a: Toxapex|Toxapex, F|100\/100\n|move|p1a: flaming hot|U-turn|p2b: Clefable\n|-resisted|p2b: Clefable\n|-damage|p2b: Clefable|96\/100\n|\n|t:|1697368563\n|switch|p1a: that dawg|Landorus-Therian, M|100\/100|[from] U-turn\n|-damage|p1a: that dawg|88\/100|[from] Stealth Rock\n|-ability|p1a: that dawg|Intimidate|boost\n|-unboost|p2a: Toxapex|atk|1\n|-unboost|p2b: Clefable|atk|1\n|move|p1b: danger tea !|Iron Defense|p1b: danger tea !\n|-boost|p1b: danger tea !|def|2\n|move|p2b: Clefable|Wish|p2b: Clefable\n|\n|-heal|p1b: danger tea !|100\/100 tox|[from] item: Leftovers\n|-heal|p2b: Clefable|100\/100|[from] item: Leftovers\n|-damage|p1b: danger tea !|88\/100 tox|[from] psn\n|upkeep\n|turn|3\n|inactive|Qqueipodl has 120 seconds left.\n|\n|t:|1697368599\n|move|p1a: that dawg|Swords Dance|p1a: that dawg\n|-boost|p1a: that dawg|atk|2\n|move|p1b: danger tea !|Calm Mind|p1b: danger tea !\n|-boost|p1b: danger tea !|spa|1\n|-boost|p1b: danger tea !|spd|1\n|move|p2b: Clefable|Moonblast|p1b: danger tea !\n|-damage|p1b: danger tea !|68\/100 tox\n|move|p2a: Toxapex|Haze|p2a: Toxapex\n|-clearallboost\n|\n|-heal|p1b: danger tea !|74\/100 tox|[from] item: Leftovers\n|-damage|p1b: danger tea !|55\/100 tox|[from] psn\n|upkeep\n|turn|4\n|inactive|Qqueipodl has 120 seconds left.\n|\n|t:|1697368628\n|switch|p2b: Gliscor|Gliscor, F|100\/100 tox\n|move|p1a: that dawg|Swords Dance|p1a: that dawg\n|-boost|p1a: that dawg|atk|2\n|move|p1b: danger tea !|Matcha Gotcha|p2b: Gliscor|[spread] p2a,p2b\n|-damage|p2a: Toxapex|78\/100\n|-heal|p1b: danger tea !|66\/100 tox|[from] drain|[of] p2a: Toxapex\n|-damage|p2b: Gliscor|60\/100 tox\n|-heal|p1b: danger tea !|88\/100 tox|[from] drain|[of] p2b: Gliscor\n|move|p2a: Toxapex|Infestation|p1b: danger tea !\n|-damage|p1b: danger tea !|84\/100 tox\n|-activate|p1b: danger tea !|move: Infestation|[of] p2a: Toxapex\n|\n|-heal|p1b: danger tea !|90\/100 tox|[from] item: Leftovers\n|-damage|p1b: danger tea !|65\/100 tox|[from] psn\n|-heal|p2b: Gliscor|73\/100 tox|[from] ability: Poison Heal\n|-damage|p1b: danger tea !|53\/100 tox|[from] move: Infestation|[partiallytrapped]\n|-sideend|p1: That_Croissant|move: Tailwind\n|upkeep\n|turn|5\n|inactive|Qqueipodl has 120 seconds left.\n|\n|t:|1697368650\n|switch|p1b: flaming hot|Talonflame, F|100\/100\n|-damage|p1b: flaming hot|51\/100|[from] Stealth Rock\n|move|p2b: Gliscor|Protect|p2b: Gliscor\n|-singleturn|p2b: Gliscor|Protect\n|move|p1a: that dawg|Earthquake|p2b: Gliscor|[spread] p2a\n|-activate|p2b: Gliscor|move: Protect\n|-immune|p1b: flaming hot\n|-supereffective|p2a: Toxapex\n|-damage|p2a: Toxapex|0 fnt\n|faint|p2a: Toxapex\n|\n|-heal|p2b: Gliscor|85\/100 tox|[from] ability: Poison Heal\n|upkeep\n|inactive|Qqueipodl has 120 seconds left.\n|\n|t:|1697368661\n|switch|p2a: Tornadus|Tornadus-Therian, M|100\/100\n|turn|6\n|\n|t:|1697368673\n|move|p2a: Tornadus|Bleakwind Storm|p1b: flaming hot|[spread] p1a,p1b\n|-damage|p1a: that dawg|45\/100\n|-damage|p1b: flaming hot|9\/100\n|move|p1a: that dawg|Stone Edge|p2a: Tornadus\n|-supereffective|p2a: Tornadus\n|-damage|p2a: Tornadus|0 fnt\n|faint|p2a: Tornadus\n|move|p1b: flaming hot|Defog|p2b: Gliscor\n|-unboost|p2b: Gliscor|evasion|1\n|-sideend|p1: That_Croissant|Stealth Rock|[from] move: Defog|[of] p1b: flaming hot\n|move|p2b: Gliscor|Toxic|p1a: that dawg\n|-status|p1a: that dawg|tox\n|\n|-damage|p1a: that dawg|39\/100 tox|[from] psn\n|-heal|p2b: Gliscor|98\/100 tox|[from] ability: Poison Heal\n|upkeep\n|\n|t:|1697368685\n|switch|p2a: Dondozo|Dondozo, M|100\/100\n|turn|7\n|\n|t:|1697368700\n|move|p1a: that dawg|Taunt|p2a: Dondozo\n|-start|p2a: Dondozo|move: Taunt\n|move|p1b: flaming hot|U-turn|p2b: Gliscor\n|-resisted|p2b: Gliscor\n|-damage|p2b: Gliscor|94\/100 tox\n|\n|t:|1697368704\n|switch|p1b: danger tea !|Sinistcha-Masterpiece, shiny|53\/100 tox|[from] U-turn\n|move|p2b: Gliscor|Spikes|p1a: that dawg\n|-sidestart|p1: That_Croissant|Spikes\n|move|p2a: Dondozo|Liquidation|p1b: danger tea !\n|-resisted|p1b: danger tea !\n|-damage|p1b: danger tea !|40\/100 tox\n|-unboost|p1b: danger tea !|def|1\n|\n|-heal|p1b: danger tea !|46\/100 tox|[from] item: Leftovers\n|-damage|p1a: that dawg|27\/100 tox|[from] psn\n|-heal|p2b: Gliscor|100\/100 tox|[from] ability: Poison Heal\n|-damage|p1b: danger tea !|40\/100 tox|[from] psn\n|upkeep\n|turn|8\n|\n|t:|1697368725\n|switch|p2a: Blissey|Blissey, F|100\/100\n|move|p2b: Gliscor|Protect|p2b: Gliscor\n|-singleturn|p2b: Gliscor|Protect\n|move|p1a: that dawg|Stone Edge|p2b: Gliscor\n|-activate|p2b: Gliscor|move: Protect\n|move|p1b: danger tea !|Matcha Gotcha|p2a: Blissey|[spread] p2a\n|-activate|p2b: Gliscor|move: Protect\n|-damage|p2a: Blissey|91\/100\n|-heal|p1b: danger tea !|50\/100 tox|[from] drain|[of] p2a: Blissey\n|\n|-heal|p1b: danger tea !|56\/100 tox|[from] item: Leftovers\n|-damage|p1a: that dawg|9\/100 tox|[from] psn\n|-damage|p1b: danger tea !|44\/100 tox|[from] psn\n|upkeep\n|turn|9\n|\n|t:|1697368749\n|switch|p2b: Clefable|Clefable, M|100\/100\n|switch|p1b: flaming hot|Talonflame, F|9\/100\n|move|p2a: Blissey|Protect|p2a: Blissey\n|-singleturn|p2a: Blissey|Protect\n|move|p1a: that dawg|Earthquake|p2a: Blissey|[spread] p2b\n|-activate|p2a: Blissey|move: Protect\n|-immune|p1b: flaming hot\n|-damage|p2b: Clefable|24\/100\n|\n|-heal|p2b: Clefable|30\/100|[from] item: Leftovers\n|-damage|p1a: that dawg|0 fnt|[from] psn\n|faint|p1a: that dawg\n|upkeep\n|\n|t:|1697368765\n|switch|p1a: best boy ever !|Arcanine-Hisui, F|100\/100\n|-damage|p1a: best boy ever !|88\/100|[from] Spikes\n|turn|10\n|\n|t:|1697368784\n|-terastallize|p1a: best boy ever !|Rock\n|move|p1a: best boy ever !|Head Smash|p2a: Blissey\n|-damage|p2a: Blissey|0 fnt\n|faint|p2a: Blissey\n|move|p1b: flaming hot|Defog|p2b: Clefable\n|-unboost|p2b: Clefable|evasion|1\n|-sideend|p1: That_Croissant|Spikes|[from] move: Defog|[of] p1b: flaming hot\n|move|p2b: Clefable|Stealth Rock|p1a: best boy ever !\n|-sidestart|p1: That_Croissant|move: Stealth Rock\n|\n|-heal|p2b: Clefable|37\/100|[from] item: Leftovers\n|upkeep\n|\n|t:|1697368798\n|switch|p2a: Dondozo|Dondozo, M|100\/100\n|turn|11\n|\n|t:|1697368803\n|move|p1a: best boy ever !|Head Smash|p2b: Clefable\n|-damage|p2b: Clefable|0 fnt\n|faint|p2b: Clefable\n|move|p1b: flaming hot|U-turn|p2a: Dondozo\n|-damage|p2a: Dondozo|95\/100\n|\n|t:|1697368810\n|switch|p1b: danger tea !|Sinistcha-Masterpiece, shiny|44\/100 tox|[from] U-turn\n|-damage|p1b: danger tea !|32\/100 tox|[from] Stealth Rock\n|move|p2a: Dondozo|Body Press|p1a: best boy ever !\n|-supereffective|p1a: best boy ever !\n|-damage|p1a: best boy ever !|15\/100\n|\n|-heal|p1b: danger tea !|38\/100 tox|[from] item: Leftovers\n|-damage|p1b: danger tea !|32\/100 tox|[from] psn\n|upkeep\n|\n|t:|1697368819\n|switch|p2b: Gliscor|Gliscor, F|100\/100 tox\n|turn|12\n|\n|t:|1697368845\n|-terastallize|p2a: Dondozo|Dragon\n|move|p1a: best boy ever !|Head Smash|p2b: Gliscor|[miss]\n|-miss|p1a: best boy ever !|p2b: Gliscor\n|move|p2b: Gliscor|Earthquake|p1b: danger tea !|[spread] p2a,p1a,p1b\n|-supereffective|p1a: best boy ever !\n|-resisted|p1b: danger tea !\n|-damage|p2a: Dondozo|85\/100\n|-damage|p1a: best boy ever !|0 fnt\n|-damage|p1b: danger tea !|20\/100 tox\n|faint|p1a: best boy ever !\n|move|p1b: danger tea !|Matcha Gotcha|p2b: Gliscor|[spread] p2b\n|-miss|p1b: danger tea !|p2a: Dondozo\n|-damage|p2b: Gliscor|59\/100 tox\n|-heal|p1b: danger tea !|43\/100 tox|[from] drain|[of] p2b: Gliscor\n|move|p2a: Dondozo|Liquidation|p1b: danger tea !\n|-resisted|p1b: danger tea !\n|-damage|p1b: danger tea !|29\/100 tox\n|\n|-heal|p1b: danger tea !|35\/100 tox|[from] item: Leftovers\n|-heal|p2b: Gliscor|71\/100 tox|[from] ability: Poison Heal\n|-damage|p1b: danger tea !|23\/100 tox|[from] psn\n|upkeep\n|\n|t:|1697368861\n|switch|p1a: flaming hot|Talonflame, F|9\/100\n|-damage|p1a: flaming hot|0 fnt|[from] Stealth Rock\n|faint|p1a: flaming hot\n|\n|t:|1697368867\n|switch|p1a: Weezer|Sneasler, F|100\/100\n|-damage|p1a: Weezer|94\/100|[from] Stealth Rock\n|turn|13\n|\n|t:|1697368880\n|move|p1a: Weezer|Fake Out|p2a: Dondozo\n|-damage|p2a: Dondozo|77\/100\n|move|p2b: Gliscor|Earthquake|p1b: danger tea !|[spread] p2a,p1a,p1b\n|-supereffective|p1a: Weezer\n|-resisted|p1b: danger tea !\n|-damage|p2a: Dondozo|66\/100\n|-damage|p1a: Weezer|25\/100\n|-damage|p1b: danger tea !|11\/100 tox\n|move|p1b: danger tea !|Matcha Gotcha|p2a: Dondozo|[spread] p2a,p2b\n|-resisted|p2a: Dondozo\n|-damage|p2a: Dondozo|50\/100\n|-heal|p1b: danger tea !|24\/100 tox|[from] drain|[of] p2a: Dondozo\n|-damage|p2b: Gliscor|33\/100 tox\n|-heal|p1b: danger tea !|45\/100 tox|[from] drain|[of] p2b: Gliscor\n|cant|p2a: Dondozo|flinch\n|\n|-heal|p1b: danger tea !|51\/100 tox|[from] item: Leftovers\n|-heal|p2b: Gliscor|45\/100 tox|[from] ability: Poison Heal\n|-damage|p1b: danger tea !|32\/100 tox|[from] psn\n|upkeep\n|turn|14\n|\n|t:|1697368895\n|move|p2b: Gliscor|Protect|p2b: Gliscor\n|-singleturn|p2b: Gliscor|Protect\n|move|p1a: Weezer|Close Combat|p2a: Dondozo\n|-crit|p2a: Dondozo\n|-damage|p2a: Dondozo|2\/100\n|-unboost|p1a: Weezer|def|1\n|-unboost|p1a: Weezer|spd|1\n|-enditem|p1a: Weezer|White Herb\n|-clearnegativeboost|p1a: Weezer|[silent]\n|move|p1b: danger tea !|Matcha Gotcha|p2a: Dondozo|[spread] p2a\n|-activate|p2b: Gliscor|move: Protect\n|-resisted|p2a: Dondozo\n|-damage|p2a: Dondozo|0 fnt\n|-heal|p1b: danger tea !|34\/100 tox|[from] drain|[of] p2a: Dondozo\n|faint|p2a: Dondozo\n|\n|-heal|p1b: danger tea !|40\/100 tox|[from] item: Leftovers\n|-heal|p2b: Gliscor|58\/100 tox|[from] ability: Poison Heal\n|-damage|p1b: danger tea !|15\/100 tox|[from] psn\n|upkeep\n|turn|15\n|\n|t:|1697368913\n|move|p1a: Weezer|Acrobatics|p2b: Gliscor\n|-damage|p2b: Gliscor|30\/100 tox\n|move|p2b: Gliscor|Earthquake|p1b: danger tea !|[spread] p1a,p1b\n|-supereffective|p1a: Weezer\n|-resisted|p1b: danger tea !\n|-damage|p1a: Weezer|0 fnt\n|-damage|p1b: danger tea !|3\/100 tox\n|faint|p1a: Weezer\n|move|p1b: danger tea !|Matcha Gotcha|p2b: Gliscor\n|-damage|p2b: Gliscor|0 fnt\n|-heal|p1b: danger tea !|20\/100 tox|[from] drain|[of] p2b: Gliscor\n|faint|p2b: Gliscor\n|\n|win|That_Croissant\n|raw|That_Croissant's rating: 1116 &rarr; <strong>1140<\/strong><br \/>(+24 for winning)\n|raw|Qqueipodl's rating: 1099 &rarr; <strong>1075<\/strong><br \/>(-24 for losing)\n|l|\u2606Qqueipodl\n|c|\u2606That_Croissant|GGs\n","uploadtime":1697369251,"views":11,"p1id":"thatcroissant","p2id":"qqueipodl","formatid":"gen9doublesou","rating":1075,"private":0,"password":""}