{"id":"gen9doublesou-1985264082","p1":"SuperAndroid99","p2":"FoolGroucho","format":"[Gen 9] Doubles OU","log":"|j|\u2606SuperAndroid99\n|j|\u2606FoolGroucho\n|t:|1699357288\n|gametype|doubles\n|player|p1|SuperAndroid99|gambler|1351\n|player|p2|FoolGroucho|janitor|1613\n|teamsize|p1|6\n|teamsize|p2|6\n|gen|9\n|tier|[Gen 9] Doubles OU\n|rated|\n|rule|Species Clause: Limit one of each Pok\u00e9mon\n|rule|OHKO Clause: OHKO moves are banned\n|rule|Evasion Moves Clause: Evasion moves are banned\n|rule|Gravity Sleep Clause: The combination of sleep-inducing moves with imperfect accuracy and Gravity or Gigantamax Orbeetle are banned\n|rule|Endless Battle Clause: Forcing endless battles is banned\n|rule|HP Percentage Mod: HP is shown in percentages\n|clearpoke\n|poke|p1|Bronzong|\n|poke|p1|Iron Hands|\n|poke|p1|Kingambit, F|\n|poke|p1|Skeledirge, M|\n|poke|p1|Flutter Mane|\n|poke|p1|Samurott-Hisui, M|\n|poke|p2|Sableye, F|\n|poke|p2|Dragonite, F|\n|poke|p2|Kleavor, F|\n|poke|p2|Ceruledge, F|\n|poke|p2|Glimmora, F|\n|poke|p2|Samurott-Hisui, F|\n|teampreview\n|inactive|Battle timer is ON: inactive players will automatically lose when time's up. (requested by FoolGroucho)\n|inactive|SuperAndroid99 has 120 seconds left.\n|inactive|FoolGroucho has 120 seconds left.\n|c|\u2606SuperAndroid99|Girl power I see\n|\n|t:|1699357340\n|start\n|switch|p1a: Samurott|Samurott-Hisui, M|100\/100\n|switch|p1b: Iron Hands|Iron Hands|100\/100\n|switch|p2a: Kleavor|Kleavor, F|100\/100\n|switch|p2b: Samurott|Samurott-Hisui, F|100\/100\n|turn|1\n|\n|t:|1699357370\n|move|p1b: Iron Hands|Fake Out|p2a: Kleavor\n|-resisted|p2a: Kleavor\n|-damage|p2a: Kleavor|93\/100\n|move|p2b: Samurott|Razor Shell|p1b: Iron Hands\n|-damage|p1b: Iron Hands|59\/100\n|-damage|p2b: Samurott|91\/100|[from] item: Life Orb\n|move|p1a: Samurott|Ceaseless Edge|p2b: Samurott\n|-resisted|p2b: Samurott\n|-crit|p2b: Samurott\n|-damage|p2b: Samurott|49\/100\n|-sidestart|p2: FoolGroucho|Spikes\n|move|p2a: Kleavor|X-Scissor|p1a: Samurott\n|-supereffective|p1a: Samurott\n|-enditem|p1a: Samurott|Focus Sash\n|-damage|p1a: Samurott|1\/100\n|\n|upkeep\n|turn|2\n|inactive|SuperAndroid99 has 120 seconds left.\n|c|\u2606SuperAndroid99|Excuse me\n|c|\u2606FoolGroucho|Wym?\n|c|\u2606SuperAndroid99|you didn\u2019t flinch\n|inactive|SuperAndroid99 has 90 seconds left.\n|c|\u2606FoolGroucho|covert cloak\n|\n|t:|1699357439\n|move|p2b: Samurott|Sucker Punch|p1a: Samurott\n|-resisted|p1a: Samurott\n|-damage|p1a: Samurott|0 fnt\n|faint|p1a: Samurott\n|-damage|p2b: Samurott|39\/100|[from] item: Life Orb\n|move|p2a: Kleavor|Stone Axe|p1b: Iron Hands|[miss]\n|-miss|p2a: Kleavor|p1b: Iron Hands\n|move|p1b: Iron Hands|Drain Punch|p2b: Samurott\n|-supereffective|p2b: Samurott\n|-damage|p2b: Samurott|0 fnt\n|-heal|p1b: Iron Hands|71\/100|[from] drain|[of] p2b: Samurott\n|faint|p2b: Samurott\n|\n|upkeep\n|c|\u2606SuperAndroid99|Ahh gotcha\n|inactive|SuperAndroid99 has 90 seconds left.\n|inactive|SuperAndroid99 has 60 seconds left.\n|\n|t:|1699357490\n|switch|p2b: Sableye|Sableye, F|100\/100\n|switch|p1a: Skeledirge|Skeledirge, M, shiny|100\/100\n|-damage|p2b: Sableye|88\/100|[from] Spikes\n|turn|3\n|inactive|FoolGroucho has 120 seconds left.\n|\n|t:|1699357528\n|move|p2b: Sableye|Encore|p1b: Iron Hands\n|-start|p1b: Iron Hands|Encore\n|move|p2a: Kleavor|Stone Axe|p1a: Skeledirge\n|-supereffective|p1a: Skeledirge\n|-damage|p1a: Skeledirge|7\/100\n|-sidestart|p1: SuperAndroid99|move: Stealth Rock\n|move|p1a: Skeledirge|Hex|p2b: Sableye\n|-damage|p2b: Sableye|61\/100\n|move|p1b: Iron Hands|Drain Punch|p2a: Kleavor\n|-damage|p2a: Kleavor|45\/100\n|-heal|p1b: Iron Hands|87\/100|[from] drain|[of] p2a: Kleavor\n|\n|-heal|p1a: Skeledirge|13\/100|[from] item: Leftovers\n|upkeep\n|turn|4\n|\n|t:|1699357551\n|move|p2b: Sableye|Disable|p1b: Iron Hands\n|-start|p1b: Iron Hands|Disable|Drain Punch\n|move|p2a: Kleavor|Stone Axe|p1a: Skeledirge\n|-supereffective|p1a: Skeledirge\n|-damage|p1a: Skeledirge|0 fnt\n|faint|p1a: Skeledirge\n|cant|p1b: Iron Hands|Disable|Drain Punch\n|\n|upkeep\n|\n|t:|1699357560\n|switch|p1a: Bronzong|Bronzong, shiny|100\/100\n|-damage|p1a: Bronzong|94\/100|[from] Stealth Rock\n|turn|5\n|inactive|SuperAndroid99 has 90 seconds left.\n|\n|t:|1699357577\n|-end|p1b: Iron Hands|Quark Drive|[silent]\n|switch|p1b: Kingambit|Kingambit, F, shiny|100\/100\n|-damage|p1b: Kingambit|94\/100|[from] Stealth Rock\n|-activate|p1b: Kingambit|ability: Supreme Overlord\n|-start|p1b: Kingambit|fallen2|[silent]\n|move|p1a: Bronzong|Protect|p1a: Bronzong\n|-singleturn|p1a: Bronzong|Protect\n|move|p2b: Sableye|Reflect|p2b: Sableye\n|-sidestart|p2: FoolGroucho|Reflect\n|move|p2a: Kleavor|X-Scissor|p1a: Bronzong\n|-activate|p1a: Bronzong|move: Protect\n|\n|upkeep\n|turn|6\n|inactive|SuperAndroid99 has 90 seconds left.\n|\n|t:|1699357597\n|-end|p1b: Kingambit|fallen2|[silent]\n|switch|p1b: Iron Hands|Iron Hands|87\/100\n|-damage|p1b: Iron Hands|81\/100|[from] Stealth Rock\n|move|p2b: Sableye|Encore|p1a: Bronzong\n|-start|p1a: Bronzong|Encore\n|move|p2a: Kleavor|X-Scissor|p1b: Iron Hands\n|-resisted|p1b: Iron Hands\n|-damage|p1b: Iron Hands|59\/100\n|move|p1a: Bronzong|Protect||[still]\n|-fail|p1a: Bronzong\n|\n|upkeep\n|turn|7\n|\n|t:|1699357618\n|switch|p2a: Ceruledge|Ceruledge, F|100\/100\n|-damage|p2a: Ceruledge|88\/100|[from] Spikes\n|switch|p1a: Flutter Mane|Flutter Mane|100\/100\n|-damage|p1a: Flutter Mane|88\/100|[from] Stealth Rock\n|move|p1b: Iron Hands|Fake Out|p2a: Ceruledge\n|-immune|p2a: Ceruledge\n|move|p2b: Sableye|Light Screen|p2b: Sableye\n|-sidestart|p2: FoolGroucho|move: Light Screen\n|\n|upkeep\n|turn|8\n|inactive|SuperAndroid99 has 120 seconds left.\n|\n|t:|1699357638\n|-end|p1b: Iron Hands|Quark Drive|[silent]\n|switch|p1b: Bronzong|Bronzong, shiny|94\/100\n|-damage|p1b: Bronzong|88\/100|[from] Stealth Rock\n|-terastallize|p2a: Ceruledge|Grass\n|move|p2b: Sableye|Encore||[still]\n|-fail|p2b: Sableye\n|move|p1a: Flutter Mane|Dazzling Gleam|p2b: Sableye|[spread] p2a,p2b\n|-supereffective|p2b: Sableye\n|-damage|p2a: Ceruledge|63\/100\n|-damage|p2b: Sableye|0 fnt\n|faint|p2b: Sableye\n|move|p2a: Ceruledge|Bitter Blade|p1a: Flutter Mane\n|-damage|p1a: Flutter Mane|12\/100\n|-heal|p2a: Ceruledge|97\/100|[from] drain|[of] p1a: Flutter Mane\n|\n|upkeep\n|inactive|FoolGroucho has 120 seconds left.\n|\n|t:|1699357661\n|switch|p2b: Kleavor|Kleavor, F|45\/100\n|-damage|p2b: Kleavor|33\/100|[from] Spikes\n|turn|9\n|inactive|SuperAndroid99 has 120 seconds left.\n|\n|t:|1699357697\n|move|p2a: Ceruledge|Shadow Sneak|p1a: Flutter Mane\n|-supereffective|p1a: Flutter Mane\n|-damage|p1a: Flutter Mane|0 fnt\n|faint|p1a: Flutter Mane\n|-end|p1a: Flutter Mane|Protosynthesis|[silent]\n|move|p2b: Kleavor|X-Scissor|p1b: Bronzong\n|-damage|p1b: Bronzong|43\/100\n|move|p1b: Bronzong|Trick Room|p1b: Bronzong\n|-fieldstart|move: Trick Room|[of] p1b: Bronzong\n|\n|upkeep\n|\n|t:|1699357708\n|switch|p1a: Iron Hands|Iron Hands|59\/100\n|-damage|p1a: Iron Hands|53\/100|[from] Stealth Rock\n|turn|10\n|inactive|SuperAndroid99 has 120 seconds left.\n|\n|t:|1699357723\n|move|p2a: Ceruledge|Protect|p2a: Ceruledge\n|-singleturn|p2a: Ceruledge|Protect\n|move|p1b: Bronzong|Heavy Slam|p2a: Ceruledge\n|-activate|p2a: Ceruledge|move: Protect\n|move|p1a: Iron Hands|Drain Punch|p2b: Kleavor\n|-damage|p2b: Kleavor|1\/100\n|-heal|p1a: Iron Hands|64\/100|[from] drain|[of] p2b: Kleavor\n|move|p2b: Kleavor|X-Scissor|p1b: Bronzong\n|-damage|p1b: Bronzong|0 fnt\n|faint|p1b: Bronzong\n|\n|upkeep\n|\n|t:|1699357728\n|switch|p1b: Kingambit|Kingambit, F, shiny|94\/100\n|-damage|p1b: Kingambit|88\/100|[from] Stealth Rock\n|-activate|p1b: Kingambit|ability: Supreme Overlord\n|-start|p1b: Kingambit|fallen4|[silent]\n|turn|11\n|\n|t:|1699357745\n|-terastallize|p1b: Kingambit|Flying\n|move|p1b: Kingambit|Swords Dance|p1b: Kingambit\n|-boost|p1b: Kingambit|atk|2\n|move|p1a: Iron Hands|Drain Punch|p2b: Kleavor\n|-damage|p2b: Kleavor|0 fnt\n|-heal|p1a: Iron Hands|64\/100|[from] drain|[of] p2b: Kleavor\n|faint|p2b: Kleavor\n|move|p2a: Ceruledge|Bitter Blade|p1b: Kingambit\n|-damage|p1b: Kingambit|50\/100\n|-heal|p2a: Ceruledge|100\/100|[from] drain|[of] p1b: Kingambit\n|\n|upkeep\n|\n|t:|1699357761\n|switch|p2b: Dragonite|Dragonite, F|100\/100\n|turn|12\n|\n|t:|1699357774\n|move|p2b: Dragonite|Extreme Speed|p1b: Kingambit\n|-damage|p1b: Kingambit|18\/100\n|move|p2a: Ceruledge|Shadow Sneak|p1b: Kingambit\n|-damage|p1b: Kingambit|2\/100\n|move|p1b: Kingambit|Kowtow Cleave|p2b: Dragonite\n|-damage|p2b: Dragonite|42\/100\n|-damage|p1b: Kingambit|0 fnt|[from] item: Life Orb\n|faint|p1b: Kingambit\n|-end|p1b: Kingambit|fallen4|[silent]\n|move|p1a: Iron Hands|Drain Punch|p2a: Ceruledge\n|-damage|p2a: Ceruledge|67\/100\n|-heal|p1a: Iron Hands|76\/100|[from] drain|[of] p2a: Ceruledge\n|\n|-sideend|p2: FoolGroucho|Reflect\n|upkeep\n|turn|13\n|\n|t:|1699357790\n|move|p2b: Dragonite|Extreme Speed|p1a: Iron Hands\n|-damage|p1a: Iron Hands|47\/100\n|move|p1a: Iron Hands|Wild Charge|p2b: Dragonite\n|-damage|p2b: Dragonite|0 fnt\n|faint|p2b: Dragonite\n|-damage|p1a: Iron Hands|39\/100|[from] Recoil\n|move|p2a: Ceruledge|Bitter Blade|p1a: Iron Hands\n|-damage|p1a: Iron Hands|10\/100\n|-heal|p2a: Ceruledge|88\/100|[from] drain|[of] p1a: Iron Hands\n|\n|-fieldend|move: Trick Room\n|upkeep\n|\n|t:|1699357801\n|switch|p2b: Glimmora|Glimmora, F|100\/100\n|-damage|p2b: Glimmora|88\/100|[from] Spikes\n|turn|14\n|\n|t:|1699357807\n|move|p2b: Glimmora|Dazzling Gleam|p1a: Iron Hands\n|-supereffective|p1a: Iron Hands\n|-damage|p1a: Iron Hands|0 fnt\n|faint|p1a: Iron Hands\n|-end|p1a: Iron Hands|Quark Drive|[silent]\n|\n|win|FoolGroucho\n|raw|SuperAndroid99's rating: 1351 &rarr; <strong>1344<\/strong><br \/>(-7 for losing)\n|raw|FoolGroucho's rating: 1613 &rarr; <strong>1620<\/strong><br \/>(+7 for winning)\n|c|\u2606FoolGroucho|Gg\n|c|\u2606SuperAndroid99|Gg\n|l|\u2606FoolGroucho\n","uploadtime":1699357827,"views":8,"p1id":"superandroid99","p2id":"foolgroucho","formatid":"gen9doublesou","rating":1344,"private":0,"password":""}