{"id":"gen9doublesou-1984912341","p1":"Grwumpy","p2":"Francochiara","format":"[Gen 9] Doubles OU","log":"|j|\u2606Grwumpy\n|j|\u2606Francochiara\n|t:|1699310121\n|gametype|doubles\n|player|p1|Grwumpy|backersf|1100\n|player|p2|Francochiara|blaine|1041\n|teamsize|p1|6\n|teamsize|p2|6\n|gen|9\n|tier|[Gen 9] Doubles OU\n|rated|\n|rule|Species Clause: Limit one of each Pok\u00e9mon\n|rule|OHKO Clause: OHKO moves are banned\n|rule|Evasion Moves Clause: Evasion moves are banned\n|rule|Gravity Sleep Clause: The combination of sleep-inducing moves with imperfect accuracy and Gravity or Gigantamax Orbeetle are banned\n|rule|Endless Battle Clause: Forcing endless battles is banned\n|rule|HP Percentage Mod: HP is shown in percentages\n|clearpoke\n|poke|p1|Ribombee, M|\n|poke|p1|Chandelure, M|\n|poke|p1|Ninetales, F|\n|poke|p1|Lilligant-Hisui, F|\n|poke|p1|Iron Moth|\n|poke|p1|Delphox, M|\n|poke|p2|Ninetales, M|\n|poke|p2|Great Tusk|\n|poke|p2|Walking Wake|\n|poke|p2|Flutter Mane|\n|poke|p2|Torkoal, M|\n|poke|p2|Sandy Shocks|\n|teampreview\n|inactive|Battle timer is ON: inactive players will automatically lose when time's up. (requested by Grwumpy)\n|\n|t:|1699310143\n|start\n|switch|p1a: Burnt|Ninetales, F, shiny|100\/100\n|switch|p1b: Twig|Lilligant-Hisui, F, shiny|100\/100\n|switch|p2a: Crush|Torkoal, M, shiny|100\/100\n|switch|p2b: Yoshi|Walking Wake|100\/100\n|-weather|SunnyDay|[from] ability: Drought|[of] p1a: Burnt\n|-activate|p2b: Yoshi|ability: Protosynthesis\n|-start|p2b: Yoshi|protosynthesisspa\n|turn|1\n|inactive|Francochiara has 120 seconds left.\n|\n|t:|1699310174\n|move|p1b: Twig|Endure|p1b: Twig\n|-singleturn|p1b: Twig|move: Endure\n|move|p2b: Yoshi|Hydro Steam|p1a: Burnt\n|-supereffective|p1a: Burnt\n|-damage|p1a: Burnt|0 fnt\n|faint|p1a: Burnt\n|move|p2a: Crush|Eruption|p1b: Twig\n|-supereffective|p1b: Twig\n|-activate|p1b: Twig|move: Endure\n|-damage|p1b: Twig|1\/100\n|-enditem|p1b: Twig|Liechi Berry|[eat]\n|-boost|p1b: Twig|atk|1|[from] item: Liechi Berry\n|\n|-weather|SunnyDay|[upkeep]\n|upkeep\n|\n|t:|1699310182\n|switch|p1a: A fly|Ribombee, M, shiny|100\/100\n|turn|2\n|\n|t:|1699310202\n|move|p1b: Twig|Acrobatics|p2b: Yoshi\n|-damage|p2b: Yoshi|43\/100\n|move|p2b: Yoshi|Hydro Steam|p1a: A fly\n|-enditem|p1a: A fly|Focus Sash\n|-damage|p1a: A fly|1\/100\n|move|p1a: A fly|Tailwind|p1a: A fly\n|-sidestart|p1: Grwumpy|move: Tailwind\n|move|p2a: Crush|Eruption|p1a: A fly|[spread] p1a,p1b\n|-supereffective|p1a: A fly\n|-supereffective|p1b: Twig\n|-damage|p1a: A fly|0 fnt\n|-damage|p1b: Twig|0 fnt\n|faint|p1a: A fly\n|faint|p1b: Twig\n|\n|-weather|SunnyDay|[upkeep]\n|upkeep\n|\n|t:|1699310216\n|switch|p1a: Bbyifloat|Chandelure, M, shiny|100\/100\n|switch|p1b: Heatlamp|Iron Moth|100\/100\n|turn|3\n|\n|t:|1699310234\n|-terastallize|p1a: Bbyifloat|Grass\n|move|p1b: Heatlamp|Acid Spray|p2a: Crush\n|-damage|p2a: Crush|65\/100\n|-unboost|p2a: Crush|spd|2\n|-damage|p1b: Heatlamp|91\/100|[from] item: Life Orb\n|move|p1a: Bbyifloat|Energy Ball|p2b: Yoshi\n|-damage|p2b: Yoshi|0 fnt\n|faint|p2b: Yoshi\n|-end|p2b: Yoshi|Protosynthesis|[silent]\n|move|p2a: Crush|Stealth Rock|p1a: Bbyifloat\n|-sidestart|p1: Grwumpy|move: Stealth Rock\n|\n|-weather|SunnyDay|[upkeep]\n|upkeep\n|\n|t:|1699310252\n|switch|p2b: Babar|Great Tusk, shiny|100\/100\n|-activate|p2b: Babar|ability: Protosynthesis\n|-start|p2b: Babar|protosynthesisatk\n|turn|4\n|\n|t:|1699310269\n|move|p1b: Heatlamp|Acid Spray|p2a: Crush\n|-damage|p2a: Crush|0 fnt\n|faint|p2a: Crush\n|-damage|p1b: Heatlamp|81\/100|[from] item: Life Orb\n|move|p1a: Bbyifloat|Energy Ball|p2b: Babar\n|-supereffective|p2b: Babar\n|-damage|p2b: Babar|0 fnt\n|faint|p2b: Babar\n|-end|p2b: Babar|Protosynthesis|[silent]\n|\n|-weather|SunnyDay|[upkeep]\n|upkeep\n|\n|t:|1699310284\n|switch|p2b: Ke|Sandy Shocks|100\/100\n|switch|p2a: Casper|Flutter Mane|100\/100\n|-activate|p2a: Casper|ability: Protosynthesis\n|-start|p2a: Casper|protosynthesisspe\n|-activate|p2b: Ke|ability: Protosynthesis\n|-start|p2b: Ke|protosynthesisspa\n|turn|5\n|inactive|Francochiara has 120 seconds left.\n|\n|t:|1699310326\n|move|p1b: Heatlamp|Acid Spray|p2a: Casper\n|-crit|p2a: Casper\n|-damage|p2a: Casper|59\/100\n|-unboost|p2a: Casper|spd|2\n|-damage|p1b: Heatlamp|71\/100|[from] item: Life Orb\n|move|p2a: Casper|Psyshock|p1b: Heatlamp\n|-supereffective|p1b: Heatlamp\n|-damage|p1b: Heatlamp|0 fnt\n|faint|p1b: Heatlamp\n|-end|p1b: Heatlamp|Quark Drive|[silent]\n|move|p1a: Bbyifloat|Energy Ball|p2b: Ke\n|-supereffective|p2b: Ke\n|-damage|p2b: Ke|0 fnt\n|faint|p2b: Ke\n|-end|p2b: Ke|Protosynthesis|[silent]\n|\n|-weather|SunnyDay|[upkeep]\n|-sideend|p1: Grwumpy|move: Tailwind\n|upkeep\n|\n|t:|1699310339\n|switch|p1b: Dobbin|Delphox, M|100\/100\n|switch|p2b: Kurama|Ninetales, M|100\/100\n|-damage|p1b: Dobbin|76\/100|[from] Stealth Rock\n|turn|6\n|\n|t:|1699310354\n|move|p2a: Casper|Psyshock|p1b: Dobbin\n|-resisted|p1b: Dobbin\n|-damage|p1b: Dobbin|49\/100\n|move|p1a: Bbyifloat|Energy Ball|p2a: Casper\n|-damage|p2a: Casper|0 fnt\n|faint|p2a: Casper\n|-end|p2a: Casper|Protosynthesis|[silent]\n|move|p2b: Kurama|Heat Wave|p1b: Dobbin|[spread] p1b\n|-start|p1a: Bbyifloat|ability: Flash Fire\n|-resisted|p1b: Dobbin\n|-damage|p1b: Dobbin|39\/100\n|move|p1b: Dobbin|Psyshock|p2b: Kurama\n|-damage|p2b: Kurama|65\/100\n|\n|-weather|SunnyDay|[upkeep]\n|upkeep\n|turn|7\n|\n|t:|1699310382\n|move|p1a: Bbyifloat|Energy Ball|p2b: Kurama\n|-resisted|p2b: Kurama\n|-damage|p2b: Kurama|37\/100\n|move|p2b: Kurama|Solar Beam||[still]\n|-prepare|p2b: Kurama|Solar Beam\n|-anim|p2b: Kurama|Solar Beam|p1a: Bbyifloat\n|-resisted|p1a: Bbyifloat\n|-damage|p1a: Bbyifloat|83\/100\n|move|p1b: Dobbin|Psyshock|p2b: Kurama\n|-damage|p2b: Kurama|0 fnt\n|faint|p2b: Kurama\n|\n|win|Grwumpy\n|raw|Grwumpy's rating: 1100 &rarr; <strong>1121<\/strong><br \/>(+21 for winning)\n|raw|Francochiara's rating: 1041 &rarr; <strong>1028<\/strong><br \/>(-13 for losing)\n|c|\u2606Francochiara|gg\n","uploadtime":1699310393,"views":8,"p1id":"grwumpy","p2id":"francochiara","formatid":"gen9doublesou","rating":1028,"private":0,"password":""}