{"id":"gen9doublesou-1979860167","p1":"Doggle4","p2":"scpseptember\u9b3c\u706f","format":"[Gen 9] Doubles OU","log":"|j|\u2606Doggle4\n|j|\u2606scpseptember\u9b3c\u706f\n|t:|1698721066\n|gametype|doubles\n|player|p1|Doggle4|266|1509\n|player|p2|scpseptember\u9b3c\u706f|1|1636\n|teamsize|p1|6\n|teamsize|p2|6\n|gen|9\n|tier|[Gen 9] Doubles OU\n|rated|\n|rule|Species Clause: Limit one of each Pok\u00e9mon\n|rule|OHKO Clause: OHKO moves are banned\n|rule|Evasion Moves Clause: Evasion moves are banned\n|rule|Gravity Sleep Clause: The combination of sleep-inducing moves with imperfect accuracy and Gravity or Gigantamax Orbeetle are banned\n|rule|Endless Battle Clause: Forcing endless battles is banned\n|rule|HP Percentage Mod: HP is shown in percentages\n|clearpoke\n|poke|p1|Okidogi, M|\n|poke|p1|Grimmsnarl, M|\n|poke|p1|Kommo-o, F|\n|poke|p1|Sinistcha-Masterpiece|\n|poke|p1|Goodra-Hisui, F|\n|poke|p1|Gholdengo|\n|poke|p2|Arcanine-Hisui, F|\n|poke|p2|Ogerpon-Wellspring, F|\n|poke|p2|Sinistcha|\n|poke|p2|Iron Hands|\n|poke|p2|Kommo-o, F|\n|poke|p2|Clefairy, F|\n|teampreview\n|\n|t:|1698721115\n|start\n|switch|p1a: Okidogi|Okidogi, M|100\/100\n|switch|p1b: Gholdengo|Gholdengo|100\/100\n|switch|p2a: Arcanine|Arcanine-Hisui, F|100\/100\n|switch|p2b: Kommo-o|Kommo-o, F|100\/100\n|-ability|p2a: Arcanine|Intimidate|boost\n|-unboost|p1a: Okidogi|atk|1\n|-unboost|p1b: Gholdengo|atk|1\n|turn|1\n|\n|t:|1698721171\n|move|p2b: Kommo-o|Protect|p2b: Kommo-o\n|-singleturn|p2b: Kommo-o|Protect\n|move|p1b: Gholdengo|Focus Blast|p2a: Arcanine\n|-supereffective|p2a: Arcanine\n|-damage|p2a: Arcanine|24\/100\n|-enditem|p2a: Arcanine|Sitrus Berry|[eat]\n|-heal|p2a: Arcanine|49\/100|[from] item: Sitrus Berry\n|move|p2a: Arcanine|Flare Blitz|p1a: Okidogi\n|-damage|p1a: Okidogi|61\/100\n|-damage|p2a: Arcanine|36\/100|[from] Recoil\n|move|p1a: Okidogi|Drain Punch|p2b: Kommo-o\n|-activate|p2b: Kommo-o|move: Protect\n|\n|upkeep\n|turn|2\n|inactive|Battle timer is ON: inactive players will automatically lose when time's up. (requested by scpseptember\u9b3c\u706f)\n|inactive|scpseptember\u9b3c\u706f has 120 seconds left.\n|\n|t:|1698721208\n|-terastallize|p2b: Kommo-o|Fire\n|move|p2a: Arcanine|Protect|p2a: Arcanine\n|-singleturn|p2a: Arcanine|Protect\n|move|p1b: Gholdengo|Focus Blast|p2a: Arcanine\n|-activate|p2a: Arcanine|move: Protect\n|move|p2b: Kommo-o|Clangorous Soul|p2b: Kommo-o\n|-boost|p2b: Kommo-o|atk|1\n|-boost|p2b: Kommo-o|def|1\n|-boost|p2b: Kommo-o|spa|1\n|-boost|p2b: Kommo-o|spd|1\n|-boost|p2b: Kommo-o|spe|1\n|-damage|p2b: Kommo-o|68\/100\n|move|p1a: Okidogi|Knock Off|p2b: Kommo-o\n|-damage|p2b: Kommo-o|56\/100\n|-enditem|p2b: Kommo-o|Safety Goggles|[from] move: Knock Off|[of] p1a: Okidogi\n|\n|upkeep\n|turn|3\n|inactive|Doggle4 has 120 seconds left.\n|\n|t:|1698721242\n|switch|p2a: Sinistcha|Sinistcha|100\/100\n|-heal|p2b: Kommo-o|81\/100|[from] ability: Hospitality|[of] p2a: Sinistcha\n|move|p2b: Kommo-o|Flamethrower|p1a: Okidogi\n|-damage|p1a: Okidogi|33\/100\n|move|p1b: Gholdengo|Focus Blast|p2a: Sinistcha\n|-immune|p2a: Sinistcha\n|move|p1a: Okidogi|Drain Punch|p2b: Kommo-o\n|-damage|p2b: Kommo-o|67\/100\n|-heal|p1a: Okidogi|38\/100|[from] drain|[of] p2b: Kommo-o\n|\n|upkeep\n|turn|4\n|inactive|scpseptember\u9b3c\u706f has 120 seconds left.\n|\n|t:|1698721276\n|switch|p2a: Arcanine|Arcanine-Hisui, F|36\/100\n|-ability|p2a: Arcanine|Intimidate|boost\n|-unboost|p1a: Okidogi|atk|1\n|-unboost|p1b: Gholdengo|atk|1\n|move|p2b: Kommo-o|Flamethrower|p1a: Okidogi\n|-damage|p1a: Okidogi|14\/100\n|-status|p1a: Okidogi|brn\n|move|p1b: Gholdengo|Focus Blast|p2b: Kommo-o\n|-immune|p2b: Kommo-o|[from] ability: Bulletproof\n|move|p1a: Okidogi|Drain Punch|p2b: Kommo-o\n|-damage|p2b: Kommo-o|62\/100\n|-heal|p1a: Okidogi|17\/100 brn|[from] drain|[of] p2b: Kommo-o\n|\n|-damage|p1a: Okidogi|10\/100 brn|[from] brn\n|upkeep\n|turn|5\n|j| JewelAlien\n|inactive|Doggle4 has 120 seconds left.\n|\n|t:|1698721319\n|switch|p1b: Grimmsnarl|Grimmsnarl, M|100\/100\n|switch|p2a: Sinistcha|Sinistcha|100\/100\n|-heal|p2b: Kommo-o|87\/100|[from] ability: Hospitality|[of] p2a: Sinistcha\n|move|p2b: Kommo-o|Clangorous Soul|p2b: Kommo-o\n|-boost|p2b: Kommo-o|atk|1\n|-boost|p2b: Kommo-o|def|1\n|-boost|p2b: Kommo-o|spa|1\n|-boost|p2b: Kommo-o|spd|1\n|-boost|p2b: Kommo-o|spe|1\n|-damage|p2b: Kommo-o|54\/100\n|move|p1a: Okidogi|Drain Punch|p2a: Sinistcha\n|-immune|p2a: Sinistcha\n|\n|-damage|p1a: Okidogi|4\/100 brn|[from] brn\n|upkeep\n|turn|6\n|inactive|Doggle4 has 120 seconds left.\n|inactive|scpseptember\u9b3c\u706f has 120 seconds left.\n|l| JewelAlien\n|\n|t:|1698721369\n|switch|p2a: E123 Omega|Iron Hands|100\/100\n|move|p2b: Kommo-o|Protect|p2b: Kommo-o\n|-singleturn|p2b: Kommo-o|Protect\n|move|p1a: Okidogi|Ice Punch|p2a: E123 Omega\n|-damage|p2a: E123 Omega|97\/100\n|move|p1b: Grimmsnarl|Foul Play|p2b: Kommo-o\n|-activate|p2b: Kommo-o|move: Protect\n|\n|-damage|p1a: Okidogi|0 fnt|[from] brn\n|faint|p1a: Okidogi\n|upkeep\n|\n|t:|1698721380\n|switch|p1a: Sinistcha|Sinistcha-Masterpiece|100\/100\n|turn|7\n|inactive|scpseptember\u9b3c\u706f has 120 seconds left.\n|\n|t:|1698721414\n|-terastallize|p1a: Sinistcha|Water\n|move|p2a: E123 Omega|Fake Out|p1b: Grimmsnarl\n|-damage|p1b: Grimmsnarl|87\/100\n|move|p2b: Kommo-o|Flamethrower|p1b: Grimmsnarl\n|-damage|p1b: Grimmsnarl|26\/100\n|move|p1a: Sinistcha|Scald|p2b: Kommo-o\n|-supereffective|p2b: Kommo-o\n|-damage|p2b: Kommo-o|8\/100\n|cant|p1b: Grimmsnarl|flinch\n|\n|upkeep\n|turn|8\n|inactive|scpseptember\u9b3c\u706f has 120 seconds left.\n|inactive|Doggle4 has 120 seconds left.\n|\n|t:|1698721452\n|move|p2b: Kommo-o|Protect|p2b: Kommo-o\n|-singleturn|p2b: Kommo-o|Protect\n|move|p1b: Grimmsnarl|Light Screen|p1b: Grimmsnarl\n|-sidestart|p1: Doggle4|move: Light Screen\n|move|p1a: Sinistcha|Scald|p2b: Kommo-o\n|-activate|p2b: Kommo-o|move: Protect\n|move|p2a: E123 Omega|Wild Charge|p1a: Sinistcha\n|-supereffective|p1a: Sinistcha\n|-damage|p1a: Sinistcha|7\/100\n|-damage|p2a: E123 Omega|82\/100|[from] Recoil\n|\n|-heal|p1a: Sinistcha|13\/100|[from] item: Leftovers\n|upkeep\n|turn|9\n|inactive|Doggle4 has 120 seconds left.\n|\n|t:|1698721490\n|switch|p1a: Kommo-o|Kommo-o, F|100\/100\n|move|p1b: Grimmsnarl|Reflect|p1b: Grimmsnarl\n|-sidestart|p1: Doggle4|Reflect\n|move|p2b: Kommo-o|Clanging Scales|p1b: Grimmsnarl|[spread] p1a\n|-immune|p1b: Grimmsnarl\n|-supereffective|p1a: Kommo-o\n|-damage|p1a: Kommo-o|16\/100\n|-unboost|p2b: Kommo-o|def|1\n|move|p2a: E123 Omega|Heavy Slam|p1b: Grimmsnarl\n|-supereffective|p1b: Grimmsnarl\n|-damage|p1b: Grimmsnarl|0 fnt\n|faint|p1b: Grimmsnarl\n|\n|upkeep\n|inactive|Doggle4 has 90 seconds left.\n|\n|t:|1698721501\n|switch|p1b: Gholdengo|Gholdengo|100\/100\n|turn|10\n|inactive|scpseptember\u9b3c\u706f has 120 seconds left.\n|\n|t:|1698721525\n|move|p1a: Kommo-o|Protect|p1a: Kommo-o\n|-singleturn|p1a: Kommo-o|Protect\n|move|p2b: Kommo-o|Flamethrower|p1b: Gholdengo\n|-supereffective|p1b: Gholdengo\n|-damage|p1b: Gholdengo|0 fnt\n|faint|p1b: Gholdengo\n|move|p2a: E123 Omega|Drain Punch|p1a: Kommo-o\n|-activate|p1a: Kommo-o|move: Protect\n|\n|upkeep\n|\n|t:|1698721532\n|switch|p1b: Goodra|Goodra-Hisui, F|100\/100\n|turn|11\n|\n|t:|1698721544\n|move|p2b: Kommo-o|Clanging Scales|p1b: Goodra|[spread] p1a,p1b\n|-supereffective|p1a: Kommo-o\n|-damage|p1a: Kommo-o|0 fnt\n|-damage|p1b: Goodra|79\/100\n|faint|p1a: Kommo-o\n|-unboost|p2b: Kommo-o|def|1\n|move|p1b: Goodra|Body Press|p2b: Kommo-o\n|-damage|p2b: Kommo-o|0 fnt\n|faint|p2b: Kommo-o\n|move|p2a: E123 Omega|Drain Punch|p1b: Goodra\n|-supereffective|p1b: Goodra\n|-damage|p1b: Goodra|31\/100\n|-heal|p2a: E123 Omega|99\/100|[from] drain|[of] p1b: Goodra\n|\n|-heal|p1b: Goodra|37\/100|[from] item: Leftovers\n|upkeep\n|-message|Doggle4 forfeited.\n|\n|win|scpseptember\u9b3c\u706f\n|raw|Doggle4's rating: 1509 &rarr; <strong>1496<\/strong><br \/>(-13 for losing)\n|raw|scpseptember\u9b3c\u706f's rating: 1636 &rarr; <strong>1649<\/strong><br \/>(+13 for winning)\n|l|\u2606Doggle4\n","uploadtime":1698721970,"views":24,"p1id":"doggle4","p2id":"scpseptember","formatid":"gen9doublesou","rating":1496,"private":0,"password":""}