{"id":"gen9doublesou-1969696125","p1":"Vonderburg","p2":"ghostly spectrum","format":"[Gen 9] Doubles OU","log":"|j|\u2606Vonderburg\n|j|\u2606ghostly spectrum\n|t:|1697558393\n|gametype|doubles\n|player|p1|Vonderburg|265|1028\n|player|p2|ghostly spectrum|caitlin|1084\n|teamsize|p1|6\n|teamsize|p2|6\n|gen|9\n|tier|[Gen 9] Doubles OU\n|rated|\n|rule|Species Clause: Limit one of each Pok\u00e9mon\n|rule|OHKO Clause: OHKO moves are banned\n|rule|Evasion Moves Clause: Evasion moves are banned\n|rule|Gravity Sleep Clause: The combination of sleep-inducing moves with imperfect accuracy and Gravity or Gigantamax Orbeetle are banned\n|rule|Endless Battle Clause: Forcing endless battles is banned\n|rule|HP Percentage Mod: HP is shown in percentages\n|clearpoke\n|poke|p1|Great Tusk|\n|poke|p1|Garchomp, M|\n|poke|p1|Houndstone, F|\n|poke|p1|Tyranitar, M|\n|poke|p1|Palossand, M|\n|poke|p1|Hydreigon, M|\n|poke|p2|Politoed, F|\n|poke|p2|Basculegion, M|\n|poke|p2|Regieleki|\n|poke|p2|Zapdos|\n|poke|p2|Gastrodon, F|\n|poke|p2|Iron Bundle|\n|teampreview\n|inactive|Battle timer is ON: inactive players will automatically lose when time's up. (requested by ghostly spectrum)\n|\n|t:|1697558422\n|start\n|switch|p1a: Tyranitar|Tyranitar, M|100\/100\n|switch|p1b: Houndstone|Houndstone, F|100\/100\n|switch|p2a: Regieleki|Regieleki|100\/100\n|switch|p2b: Basculegion|Basculegion, M|100\/100\n|-weather|Sandstorm|[from] ability: Sand Stream|[of] p1a: Tyranitar\n|turn|1\n|\n|t:|1697558438\n|move|p1b: Houndstone|Stomping Tantrum|p2a: Regieleki\n|-supereffective|p2a: Regieleki\n|-damage|p2a: Regieleki|24\/100\n|move|p2a: Regieleki|Volt Switch|p1b: Houndstone\n|-damage|p1b: Houndstone|58\/100\n|\n|t:|1697558443\n|switch|p2a: Politoed|Politoed, F|100\/100|[from] Volt Switch\n|-weather|RainDance|[from] ability: Drizzle|[of] p2a: Politoed\n|move|p2b: Basculegion|Wave Crash|p1a: Tyranitar\n|-supereffective|p1a: Tyranitar\n|-damage|p1a: Tyranitar|0 fnt\n|faint|p1a: Tyranitar\n|-damage|p2b: Basculegion|71\/100|[from] Recoil\n|-damage|p2b: Basculegion|61\/100|[from] item: Life Orb\n|\n|-weather|RainDance|[upkeep]\n|upkeep\n|\n|t:|1697558466\n|switch|p1a: Palossand|Palossand, M, shiny|100\/100\n|turn|2\n|\n|t:|1697558479\n|move|p2b: Basculegion|Flip Turn|p1a: Palossand\n|-supereffective|p1a: Palossand\n|-damage|p1a: Palossand|4\/100\n|-damage|p2b: Basculegion|51\/100|[from] item: Life Orb\n|\n|t:|1697558487\n|switch|p2b: Gastrodon|Gastrodon, F|100\/100|[from] Flip Turn\n|move|p1b: Houndstone|Last Respects|p2b: Gastrodon\n|-damage|p2b: Gastrodon|45\/100\n|move|p2a: Politoed|Surf|p1a: Palossand|[spread] p1a,p1b\n|-ability|p2b: Gastrodon|Storm Drain|boost\n|-boost|p2b: Gastrodon|spa|1\n|-supereffective|p1a: Palossand\n|-damage|p1a: Palossand|0 fnt\n|-damage|p1b: Houndstone|29\/100\n|faint|p1a: Palossand\n|\n|-weather|RainDance|[upkeep]\n|-heal|p2b: Gastrodon|51\/100|[from] item: Leftovers\n|upkeep\n|\n|t:|1697558504\n|switch|p1a: Great Tusk|Great Tusk, shiny|100\/100\n|-enditem|p1a: Great Tusk|Booster Energy\n|-activate|p1a: Great Tusk|ability: Protosynthesis|[fromitem]\n|-start|p1a: Great Tusk|protosynthesisdef\n|turn|3\n|\n|t:|1697558522\n|move|p2b: Gastrodon|Protect|p2b: Gastrodon\n|-singleturn|p2b: Gastrodon|Protect\n|move|p1b: Houndstone|Last Respects|p2b: Gastrodon\n|-activate|p2b: Gastrodon|move: Protect\n|move|p1a: Great Tusk|Body Press|p2a: Politoed\n|-damage|p2a: Politoed|58\/100\n|move|p2a: Politoed|Surf|p1b: Houndstone|[spread] p1a,p1b\n|-activate|p2b: Gastrodon|move: Protect\n|-supereffective|p1a: Great Tusk\n|-damage|p1a: Great Tusk|0 fnt\n|-damage|p1b: Houndstone|1\/100\n|faint|p1a: Great Tusk\n|-end|p1a: Great Tusk|Protosynthesis|[silent]\n|\n|-weather|RainDance|[upkeep]\n|-heal|p2b: Gastrodon|57\/100|[from] item: Leftovers\n|upkeep\n|\n|t:|1697558537\n|switch|p1a: Hydreigon|Hydreigon, M|100\/100\n|turn|4\n|\n|t:|1697558549\n|-terastallize|p1a: Hydreigon|Steel\n|move|p2a: Politoed|Protect|p2a: Politoed\n|-singleturn|p2a: Politoed|Protect\n|move|p1b: Houndstone|Last Respects|p2a: Politoed\n|-activate|p2a: Politoed|move: Protect\n|move|p1a: Hydreigon|Draco Meteor|p2b: Gastrodon\n|-damage|p2b: Gastrodon|0 fnt\n|-unboost|p1a: Hydreigon|spa|2\n|faint|p2b: Gastrodon\n|\n|-weather|RainDance|[upkeep]\n|upkeep\n|\n|t:|1697558566\n|switch|p2b: Regieleki|Regieleki|24\/100\n|turn|5\n|\n|t:|1697558578\n|move|p2b: Regieleki|Volt Switch|p1b: Houndstone\n|-damage|p1b: Houndstone|0 fnt\n|faint|p1b: Houndstone\n|\n|t:|1697558583\n|switch|p2b: Zapdos|Zapdos|100\/100|[from] Volt Switch\n|move|p1a: Hydreigon|Draco Meteor|p2a: Politoed\n|-damage|p2a: Politoed|28\/100\n|-unboost|p1a: Hydreigon|spa|2\n|move|p2a: Politoed|Icy Wind|p1a: Hydreigon|[miss]\n|-miss|p2a: Politoed|p1a: Hydreigon\n|\n|-weather|RainDance|[upkeep]\n|upkeep\n|\n|t:|1697558593\n|switch|p1b: Garchomp|Garchomp, M|100\/100\n|turn|6\n|\n|t:|1697558610\n|move|p2a: Politoed|Protect|p2a: Politoed\n|-singleturn|p2a: Politoed|Protect\n|move|p1b: Garchomp|Earthquake|p2b: Zapdos|[spread] \n|-activate|p2a: Politoed|move: Protect\n|-immune|p1a: Hydreigon|[from] ability: Levitate\n|-immune|p2b: Zapdos\n|move|p2b: Zapdos|Tailwind|p2b: Zapdos\n|-sidestart|p2: ghostly spectrum|move: Tailwind\n|move|p1a: Hydreigon|Draco Meteor|p2b: Zapdos\n|-damage|p2b: Zapdos|77\/100\n|-unboost|p1a: Hydreigon|spa|2\n|\n|-weather|RainDance|[upkeep]\n|upkeep\n|turn|7\n|\n|t:|1697558640\n|move|p2b: Zapdos|Thunder|p1a: Hydreigon\n|-damage|p1a: Hydreigon|39\/100\n|-status|p1a: Hydreigon|par\n|move|p2a: Politoed|Icy Wind|p1b: Garchomp|[spread] p1a,p1b\n|-resisted|p1a: Hydreigon\n|-supereffective|p1b: Garchomp\n|-damage|p1a: Hydreigon|33\/100 par\n|-damage|p1b: Garchomp|57\/100\n|-unboost|p1a: Hydreigon|spe|1\n|-unboost|p1b: Garchomp|spe|1\n|move|p1b: Garchomp|Dragon Claw|p2a: Politoed\n|-damage|p2a: Politoed|0 fnt\n|faint|p2a: Politoed\n|move|p1a: Hydreigon|Dark Pulse|p2b: Zapdos\n|-damage|p2b: Zapdos|65\/100\n|\n|-weather|RainDance|[upkeep]\n|upkeep\n|inactive|ghostly spectrum has 120 seconds left.\n|\n|t:|1697558651\n|switch|p2a: Iron Bundle|Iron Bundle|100\/100\n|-enditem|p2a: Iron Bundle|Booster Energy\n|-activate|p2a: Iron Bundle|ability: Quark Drive|[fromitem]\n|-start|p2a: Iron Bundle|quarkdrivespa\n|turn|8\n|\n|t:|1697558663\n|move|p2a: Iron Bundle|Freeze-Dry|p1b: Garchomp\n|-supereffective|p1b: Garchomp\n|-damage|p1b: Garchomp|0 fnt\n|faint|p1b: Garchomp\n|move|p2b: Zapdos|Thunder|p1a: Hydreigon\n|-crit|p1a: Hydreigon\n|-damage|p1a: Hydreigon|0 fnt\n|faint|p1a: Hydreigon\n|\n|win|ghostly spectrum\n|raw|Vonderburg's rating: 1028 &rarr; <strong>1016<\/strong><br \/>(-12 for losing)\n|raw|ghostly spectrum's rating: 1084 &rarr; <strong>1107<\/strong><br \/>(+23 for winning)\n","uploadtime":1697558671,"views":29,"p1id":"vonderburg","p2id":"ghostlyspectrum","formatid":"gen9doublesou","rating":1016,"private":0,"password":""}