{"id":"gen9doublesou-1989093482","p1":"Championjolteons","p2":"Kevin Dickey12","format":"[Gen 9] Doubles OU","log":"|j|\u2606Championjolteons\n|j|\u2606Kevin Dickey12\n|t:|1699811427\n|gametype|doubles\n|player|p1|Championjolteons|acetrainerf|\n|player|p2|Kevin Dickey12|rosa|\n|teamsize|p1|6\n|teamsize|p2|6\n|gen|9\n|tier|[Gen 9] Doubles OU\n|rule|Species Clause: Limit one of each Pok\u00e9mon\n|rule|OHKO Clause: OHKO moves are banned\n|rule|Evasion Moves Clause: Evasion moves are banned\n|rule|Gravity Sleep Clause: The combination of sleep-inducing moves with imperfect accuracy and Gravity or Gigantamax Orbeetle are banned\n|rule|Endless Battle Clause: Forcing endless battles is banned\n|rule|HP Percentage Mod: HP is shown in percentages\n|clearpoke\n|poke|p1|Cresselia, F|\n|poke|p1|Gyarados, M|\n|poke|p1|Krookodile, M|\n|poke|p1|Iron Jugulis|\n|poke|p1|Typhlosion-Hisui, F|\n|poke|p1|Lucario, M|\n|poke|p2|Walking Wake|\n|poke|p2|Maushold-Four|\n|poke|p2|Hippowdon, F|\n|poke|p2|Bronzong|\n|poke|p2|Ninetales, M|\n|poke|p2|Enamorus, F|\n|teampreview\n|\n|t:|1699811447\n|start\n|switch|p1a: Cresselia|Cresselia, F, shiny|100\/100\n|switch|p1b: Shades|Krookodile, M|100\/100\n|switch|p2a: HereComesTheSun \ud83c\udf1e|Ninetales, M, shiny|100\/100\n|switch|p2b: CHEEEEESE \ud83e\uddc0\ud83e\uddc0\ud83e\uddc0|Maushold-Four, shiny|100\/100\n|turn|1\n|\n|t:|1699811531\n|switch|p1a: Lucario|Lucario, M, shiny|100\/100\n|-item|p1a: Lucario|Air Balloon\n|move|p2a: HereComesTheSun \ud83c\udf1e|Protect|p2a: HereComesTheSun \ud83c\udf1e\n|-singleturn|p2a: HereComesTheSun \ud83c\udf1e|Protect\n|move|p1b: Shades|Knock Off|p2a: HereComesTheSun \ud83c\udf1e\n|-activate|p2a: HereComesTheSun \ud83c\udf1e|move: Protect\n|move|p2b: CHEEEEESE \ud83e\uddc0\ud83e\uddc0\ud83e\uddc0|Taunt|p1a: Lucario\n|-start|p1a: Lucario|move: Taunt\n|\n|upkeep\n|turn|2\n|j| GoDDanteX\n|l| GoDDanteX\n|\n|t:|1699811628\n|switch|p2b: PinkGenieThing|Enamorus, F, shiny|100\/100\n|switch|p2a: MotoMotoLikesYou|Hippowdon, F, shiny|100\/100\n|move|p1a: Lucario|Extreme Speed|p2a: MotoMotoLikesYou\n|-damage|p2a: MotoMotoLikesYou|83\/100\n|move|p1b: Shades|Knock Off|p2b: PinkGenieThing\n|-resisted|p2b: PinkGenieThing\n|-damage|p2b: PinkGenieThing|66\/100\n|-enditem|p2b: PinkGenieThing|Fairy Feather|[from] move: Knock Off|[of] p1b: Shades\n|\n|upkeep\n|turn|3\n|j| GoDDanteX\n|\n|t:|1699811664\n|switch|p1b: Cresselia|Cresselia, F, shiny|100\/100\n|move|p1a: Lucario|Bullet Punch|p2b: PinkGenieThing\n|-supereffective|p2b: PinkGenieThing\n|-damage|p2b: PinkGenieThing|0 fnt\n|faint|p2b: PinkGenieThing\n|move|p2a: MotoMotoLikesYou|Earthquake|p1b: Cresselia|[spread] \n|-immune|p1a: Lucario\n|-immune|p1b: Cresselia|[from] ability: Levitate\n|\n|-end|p1a: Lucario|move: Taunt\n|upkeep\n|\n|t:|1699811683\n|switch|p2b: Suicune Who?|Walking Wake|100\/100\n|turn|4\n|\n|t:|1699811699\n|move|p1a: Lucario|Extreme Speed|p2b: Suicune Who?\n|-damage|p2b: Suicune Who?|68\/100\n|move|p2b: Suicune Who?|Flamethrower|p1a: Lucario\n|-supereffective|p1a: Lucario\n|-damage|p1a: Lucario|0 fnt\n|-enditem|p1a: Lucario|Air Balloon\n|faint|p1a: Lucario\n|move|p1b: Cresselia|Thunder Wave|p2b: Suicune Who?|[miss]\n|-miss|p1b: Cresselia|p2b: Suicune Who?\n|move|p2a: MotoMotoLikesYou|Crunch|p1b: Cresselia\n|-supereffective|p1b: Cresselia\n|-damage|p1b: Cresselia|80\/100\n|-unboost|p1b: Cresselia|def|1\n|\n|-heal|p1b: Cresselia|86\/100|[from] item: Leftovers\n|upkeep\n|\n|t:|1699811715\n|switch|p1a: Tri beam Dragon|Iron Jugulis|100\/100\n|-enditem|p1a: Tri beam Dragon|Booster Energy\n|-activate|p1a: Tri beam Dragon|ability: Quark Drive|[fromitem]\n|-start|p1a: Tri beam Dragon|quarkdrivespe\n|turn|5\n|j| Redzone92\n|\n|t:|1699811776\n|-end|p2b: Suicune Who?|Protosynthesis|[silent]\n|switch|p2b: CHEEEEESE \ud83e\uddc0\ud83e\uddc0\ud83e\uddc0|Maushold-Four, shiny|100\/100\n|move|p1a: Tri beam Dragon|Dragon Pulse|p2b: CHEEEEESE \ud83e\uddc0\ud83e\uddc0\ud83e\uddc0\n|-damage|p2b: CHEEEEESE \ud83e\uddc0\ud83e\uddc0\ud83e\uddc0|67\/100\n|move|p1b: Cresselia|Thunder Wave|p2b: CHEEEEESE \ud83e\uddc0\ud83e\uddc0\ud83e\uddc0\n|-status|p2b: CHEEEEESE \ud83e\uddc0\ud83e\uddc0\ud83e\uddc0|par\n|move|p2a: MotoMotoLikesYou|Rock Slide|p1a: Tri beam Dragon|[spread] p1a,p1b\n|-supereffective|p1a: Tri beam Dragon\n|-damage|p1a: Tri beam Dragon|66\/100\n|-damage|p1b: Cresselia|73\/100\n|\n|-heal|p1b: Cresselia|80\/100|[from] item: Leftovers\n|upkeep\n|turn|6\n|\n|t:|1699811827\n|-end|p1a: Tri beam Dragon|Quark Drive|[silent]\n|switch|p1a: Shades|Krookodile, M|100\/100\n|switch|p1b: Gyarados|Gyarados, M, shiny|100\/100\n|cant|p2b: CHEEEEESE \ud83e\uddc0\ud83e\uddc0\ud83e\uddc0|par\n|move|p2a: MotoMotoLikesYou|Rock Slide|p1a: Shades|[spread] p1a,p1b\n|-resisted|p1a: Shades\n|-supereffective|p1b: Gyarados\n|-damage|p1a: Shades|91\/100\n|-damage|p1b: Gyarados|66\/100\n|\n|upkeep\n|turn|7\n|\n|t:|1699811883\n|move|p2b: CHEEEEESE \ud83e\uddc0\ud83e\uddc0\ud83e\uddc0|Follow Me|p2b: CHEEEEESE \ud83e\uddc0\ud83e\uddc0\ud83e\uddc0\n|-singleturn|p2b: CHEEEEESE \ud83e\uddc0\ud83e\uddc0\ud83e\uddc0|move: Follow Me\n|move|p1a: Shades|Earthquake|p2a: MotoMotoLikesYou|[spread] p2a,p2b\n|-immune|p1b: Gyarados\n|-damage|p2a: MotoMotoLikesYou|66\/100\n|-damage|p2b: CHEEEEESE \ud83e\uddc0\ud83e\uddc0\ud83e\uddc0|19\/100 par\n|-enditem|p2b: CHEEEEESE \ud83e\uddc0\ud83e\uddc0\ud83e\uddc0|Sitrus Berry|[eat]\n|-heal|p2b: CHEEEEESE \ud83e\uddc0\ud83e\uddc0\ud83e\uddc0|44\/100 par|[from] item: Sitrus Berry\n|move|p1b: Gyarados|Dragon Dance|p1b: Gyarados\n|-boost|p1b: Gyarados|atk|1\n|-boost|p1b: Gyarados|spe|1\n|move|p2a: MotoMotoLikesYou|Roar|p1b: Gyarados\n|drag|p1b: Tri beam Dragon|Iron Jugulis|66\/100\n|\n|upkeep\n|turn|8\n|\n|t:|1699811925\n|switch|p2a: Taco Bell \ud83d\udd14 \ud83c\udf2e \ud83c\udf2f|Bronzong, shiny|100\/100\n|move|p1a: Shades|Earthquake|p2b: CHEEEEESE \ud83e\uddc0\ud83e\uddc0\ud83e\uddc0|[spread] p2b\n|-immune|p1b: Tri beam Dragon\n|-immune|p2a: Taco Bell \ud83d\udd14 \ud83c\udf2e \ud83c\udf2f|[from] ability: Levitate\n|-damage|p2b: CHEEEEESE \ud83e\uddc0\ud83e\uddc0\ud83e\uddc0|0 fnt\n|faint|p2b: CHEEEEESE \ud83e\uddc0\ud83e\uddc0\ud83e\uddc0\n|-ability|p1a: Shades|Moxie|boost\n|-boost|p1a: Shades|atk|1\n|move|p1b: Tri beam Dragon|Dark Pulse|p2a: Taco Bell \ud83d\udd14 \ud83c\udf2e \ud83c\udf2f\n|-supereffective|p2a: Taco Bell \ud83d\udd14 \ud83c\udf2e \ud83c\udf2f\n|-damage|p2a: Taco Bell \ud83d\udd14 \ud83c\udf2e \ud83c\udf2f|41\/100\n|\n|-status|p2a: Taco Bell \ud83d\udd14 \ud83c\udf2e \ud83c\udf2f|brn|[from] item: Flame Orb\n|upkeep\n|\n|t:|1699811942\n|switch|p2b: Suicune Who?|Walking Wake|68\/100\n|turn|9\n|c|\u2606Championjolteons|you were gonna trick me lol\n|\n|t:|1699812015\n|switch|p1a: Cresselia|Cresselia, F, shiny|80\/100\n|-terastallize|p1b: Tri beam Dragon|Dragon\n|move|p2b: Suicune Who?|Hydro Steam|p1a: Cresselia\n|-damage|p1a: Cresselia|37\/100\n|move|p1b: Tri beam Dragon|Dragon Pulse|p2b: Suicune Who?\n|-supereffective|p2b: Suicune Who?\n|-damage|p2b: Suicune Who?|0 fnt\n|faint|p2b: Suicune Who?\n|-end|p2b: Suicune Who?|Protosynthesis|[silent]\n|move|p2a: Taco Bell \ud83d\udd14 \ud83c\udf2e \ud83c\udf2f|Power Gem|p1b: Tri beam Dragon\n|-damage|p1b: Tri beam Dragon|48\/100\n|\n|-heal|p1a: Cresselia|44\/100|[from] item: Leftovers\n|-damage|p2a: Taco Bell \ud83d\udd14 \ud83c\udf2e \ud83c\udf2f|35\/100 brn|[from] brn\n|upkeep\n|\n|t:|1699812036\n|switch|p2b: HereComesTheSun \ud83c\udf1e|Ninetales, M, shiny|100\/100\n|turn|10\n|\n|t:|1699812057\n|move|p1b: Tri beam Dragon|Dark Pulse|p2a: Taco Bell \ud83d\udd14 \ud83c\udf2e \ud83c\udf2f\n|-supereffective|p2a: Taco Bell \ud83d\udd14 \ud83c\udf2e \ud83c\udf2f\n|-damage|p2a: Taco Bell \ud83d\udd14 \ud83c\udf2e \ud83c\udf2f|0 fnt\n|faint|p2a: Taco Bell \ud83d\udd14 \ud83c\udf2e \ud83c\udf2f\n|move|p2b: HereComesTheSun \ud83c\udf1e|Healing Wish|p2b: HereComesTheSun \ud83c\udf1e\n|faint|p2b: HereComesTheSun \ud83c\udf1e\n|move|p1a: Cresselia|Rain Dance|p1a: Cresselia\n|-weather|RainDance\n|\n|-weather|RainDance|[upkeep]\n|-heal|p1a: Cresselia|50\/100|[from] item: Leftovers\n|upkeep\n|\n|t:|1699812074\n|switch|p2a: MotoMotoLikesYou|Hippowdon, F, shiny|66\/100\n|turn|11\n|\n|t:|1699812086\n|move|p1b: Tri beam Dragon|Dragon Pulse|p2a: MotoMotoLikesYou\n|-damage|p2a: MotoMotoLikesYou|24\/100\n|-enditem|p2a: MotoMotoLikesYou|Maranga Berry|[eat]\n|-boost|p2a: MotoMotoLikesYou|spd|1|[from] item: Maranga Berry\n|move|p1a: Cresselia|Calm Mind|p1a: Cresselia\n|-boost|p1a: Cresselia|spa|1\n|-boost|p1a: Cresselia|spd|1\n|move|p2a: MotoMotoLikesYou|Crunch|p1a: Cresselia\n|-supereffective|p1a: Cresselia\n|-damage|p1a: Cresselia|28\/100\n|\n|-weather|RainDance|[upkeep]\n|-heal|p1a: Cresselia|35\/100|[from] item: Leftovers\n|upkeep\n|turn|12\n|\n|t:|1699812103\n|move|p1b: Tri beam Dragon|Dragon Pulse|p2a: MotoMotoLikesYou\n|-damage|p2a: MotoMotoLikesYou|0 fnt\n|faint|p2a: MotoMotoLikesYou\n|\n|win|Championjolteons\n","uploadtime":1699812110,"views":22,"p1id":"championjolteons","p2id":"kevindickey12","formatid":"gen9doublesou","rating":0,"private":0,"password":""}