{"id":"gen9doublesou-1992419404","p1":"Wrenstorm","p2":"ferFC_","format":"[Gen 9] Doubles OU","log":"|j|\u2606Wrenstorm\n|j|\u2606ferFC_\n|t:|1700185372\n|gametype|doubles\n|player|p1|Wrenstorm|1|1001\n|player|p2|ferFC_|ghetsis|1080\n|teamsize|p1|6\n|teamsize|p2|6\n|gen|9\n|tier|[Gen 9] Doubles OU\n|rated|\n|rule|Species Clause: Limit one of each Pok\u00e9mon\n|rule|OHKO Clause: OHKO moves are banned\n|rule|Evasion Moves Clause: Evasion moves are banned\n|rule|Gravity Sleep Clause: The combination of sleep-inducing moves with imperfect accuracy and Gravity or Gigantamax Orbeetle are banned\n|rule|Endless Battle Clause: Forcing endless battles is banned\n|rule|HP Percentage Mod: HP is shown in percentages\n|clearpoke\n|poke|p1|Azumarill, M|\n|poke|p1|Grimmsnarl, M|\n|poke|p1|Amoonguss, F|\n|poke|p1|Torkoal, F|\n|poke|p1|Diancie|\n|poke|p1|Kommo-o, F|\n|poke|p2|Revavroom, F|\n|poke|p2|Articuno-Galar|\n|poke|p2|Grimmsnarl, M|\n|poke|p2|Iron Hands|\n|poke|p2|Ogerpon-Wellspring, F|\n|poke|p2|Landorus-Therian, M|\n|teampreview\n|c|\u2606ferFC_|glhf\n|\n|t:|1700185380\n|start\n|switch|p1a: Diancie|Diancie|100\/100\n|switch|p1b: Amoonguss|Amoonguss, F|100\/100\n|switch|p2a: 3rd sister|Revavroom, F|100\/100\n|switch|p2b: Grimmsnarl|Grimmsnarl, M|100\/100\n|turn|1\n|\n|t:|1700185401\n|move|p2b: Grimmsnarl|Light Screen|p2b: Grimmsnarl\n|-sidestart|p2: ferFC_|move: Light Screen\n|move|p2a: 3rd sister|Shift Gear|p2a: 3rd sister\n|-boost|p2a: 3rd sister|spe|2\n|-boost|p2a: 3rd sister|atk|1\n|move|p1b: Amoonguss|Spore|p2a: 3rd sister\n|-status|p2a: 3rd sister|slp|[from] move: Spore\n|move|p1a: Diancie|Trick Room|p1a: Diancie\n|-fieldstart|move: Trick Room|[of] p1a: Diancie\n|\n|upkeep\n|turn|2\n|\n|t:|1700185418\n|switch|p1a: Torkoal|Torkoal, F|100\/100\n|move|p2b: Grimmsnarl|Reflect|p2b: Grimmsnarl\n|-sidestart|p2: ferFC_|Reflect\n|move|p1b: Amoonguss|Toxic|p2b: Grimmsnarl\n|-status|p2b: Grimmsnarl|tox\n|cant|p2a: 3rd sister|slp\n|\n|-damage|p2b: Grimmsnarl|94\/100 tox|[from] psn\n|upkeep\n|turn|3\n|\n|t:|1700185433\n|switch|p2a: Articuno|Articuno-Galar|100\/100\n|move|p2b: Grimmsnarl|Thunder Wave|p1b: Amoonguss\n|-status|p1b: Amoonguss|par\n|cant|p1b: Amoonguss|par\n|move|p1a: Torkoal|Stealth Rock|p2b: Grimmsnarl\n|-sidestart|p2: ferFC_|move: Stealth Rock\n|\n|-damage|p2b: Grimmsnarl|82\/100 tox|[from] psn\n|upkeep\n|turn|4\n|\n|t:|1700185450\n|move|p2b: Grimmsnarl|Thunder Wave|p1a: Torkoal\n|-status|p1a: Torkoal|par\n|move|p1a: Torkoal|Shell Smash|p1a: Torkoal\n|-unboost|p1a: Torkoal|def|1\n|-unboost|p1a: Torkoal|spd|1\n|-boost|p1a: Torkoal|atk|2\n|-boost|p1a: Torkoal|spa|2\n|-boost|p1a: Torkoal|spe|2\n|move|p1b: Amoonguss|Spore|p2a: Articuno\n|-status|p2a: Articuno|slp|[from] move: Spore\n|cant|p2a: Articuno|slp\n|\n|-damage|p2b: Grimmsnarl|64\/100 tox|[from] psn\n|upkeep\n|turn|5\n|\n|t:|1700185476\n|move|p1b: Amoonguss|Spore||[still]\n|-fail|p1b: Amoonguss\n|cant|p1a: Torkoal|par\n|move|p2b: Grimmsnarl|Spirit Break|p1b: Amoonguss\n|-resisted|p1b: Amoonguss\n|-damage|p1b: Amoonguss|87\/100 par\n|-unboost|p1b: Amoonguss|spa|1\n|-curestatus|p2a: Articuno|slp|[msg]\n|move|p2a: Articuno|Air Slash|p1b: Amoonguss\n|-supereffective|p1b: Amoonguss\n|-damage|p1b: Amoonguss|0 fnt\n|faint|p1b: Amoonguss\n|\n|-damage|p2b: Grimmsnarl|40\/100 tox|[from] psn\n|-fieldend|move: Trick Room\n|upkeep\n|\n|t:|1700185495\n|switch|p1b: Azumarill|Azumarill, M, shiny|100\/100\n|turn|6\n|\n|t:|1700185506\n|move|p1b: Azumarill|Protect|p1b: Azumarill\n|-singleturn|p1b: Azumarill|Protect\n|move|p2b: Grimmsnarl|Thunder Wave|p1b: Azumarill\n|-activate|p1b: Azumarill|move: Protect\n|move|p2a: Articuno|Freezing Glare|p1a: Torkoal\n|-damage|p1a: Torkoal|0 fnt\n|faint|p1a: Torkoal\n|\n|-damage|p2b: Grimmsnarl|10\/100 tox|[from] psn\n|upkeep\n|\n|t:|1700185520\n|switch|p1a: Diancie|Diancie|100\/100\n|turn|7\n|\n|t:|1700185530\n|move|p2b: Grimmsnarl|Thunder Wave|p1b: Azumarill\n|-status|p1b: Azumarill|par\n|move|p1b: Azumarill|Superpower|p2a: Articuno\n|-resisted|p2a: Articuno\n|-damage|p2a: Articuno|94\/100\n|-unboost|p1b: Azumarill|atk|1\n|-unboost|p1b: Azumarill|def|1\n|move|p1a: Diancie|Trick Room|p1a: Diancie\n|-fieldstart|move: Trick Room|[of] p1a: Diancie\n|move|p2a: Articuno|Trick Room|p2a: Articuno\n|-fieldend|move: Trick Room\n|\n|-damage|p2b: Grimmsnarl|0 fnt|[from] psn\n|faint|p2b: Grimmsnarl\n|upkeep\n|\n|t:|1700185545\n|switch|p2b: 3rd sister|Revavroom, F|100\/100 slp\n|-damage|p2b: 3rd sister|94\/100 slp|[from] Stealth Rock\n|turn|8\n|\n|t:|1700185557\n|switch|p1a: Grimmsnarl|Grimmsnarl, M, shiny|100\/100\n|-item|p2a: Articuno|Twisted Spoon|[from] ability: Frisk|[of] p1a: Grimmsnarl|[identify]\n|-item|p2b: 3rd sister|Clear Amulet|[from] ability: Frisk|[of] p1a: Grimmsnarl|[identify]\n|cant|p2b: 3rd sister|slp\n|cant|p1b: Azumarill|par\n|move|p2a: Articuno|Trick Room|p2a: Articuno\n|-fieldstart|move: Trick Room|[of] p2a: Articuno\n|\n|-sideend|p2: ferFC_|move: Light Screen\n|upkeep\n|turn|9\n|\n|t:|1700185576\n|cant|p1b: Azumarill|par\n|move|p1a: Grimmsnarl|Fire Punch|p2b: 3rd sister\n|-supereffective|p2b: 3rd sister\n|-damage|p2b: 3rd sister|72\/100 slp\n|move|p2a: Articuno|Freezing Glare|p1b: Azumarill\n|-damage|p1b: Azumarill|37\/100 par\n|cant|p2b: 3rd sister|slp\n|\n|-sideend|p2: ferFC_|Reflect\n|upkeep\n|turn|10\n|\n|t:|1700185595\n|switch|p1b: Diancie|Diancie|100\/100\n|move|p1a: Grimmsnarl|Fire Punch|p2b: 3rd sister\n|-supereffective|p2b: 3rd sister\n|-damage|p2b: 3rd sister|34\/100 slp\n|move|p2a: Articuno|Freezing Glare|p1b: Diancie\n|-damage|p1b: Diancie|49\/100\n|-curestatus|p2b: 3rd sister|slp|[msg]\n|move|p2b: 3rd sister|Poison Jab|p1a: Grimmsnarl\n|-supereffective|p1a: Grimmsnarl\n|-damage|p1a: Grimmsnarl|4\/100\n|-status|p1a: Grimmsnarl|psn\n|\n|-damage|p1a: Grimmsnarl|0 fnt|[from] psn\n|faint|p1a: Grimmsnarl\n|upkeep\n|\n|t:|1700185613\n|switch|p1a: Kommo-o|Kommo-o, F|100\/100\n|turn|11\n|\n|t:|1700185621\n|move|p2a: Articuno|Freezing Glare|p1a: Kommo-o\n|-supereffective|p1a: Kommo-o\n|-enditem|p1a: Kommo-o|Focus Sash\n|-damage|p1a: Kommo-o|1\/100\n|-status|p1a: Kommo-o|frz\n|move|p2b: 3rd sister|Iron Head|p1b: Diancie\n|-supereffective|p1b: Diancie\n|-damage|p1b: Diancie|0 fnt\n|faint|p1b: Diancie\n|cant|p1a: Kommo-o|frz\n|\n|upkeep\n|\n|t:|1700185633\n|switch|p1b: Azumarill|Azumarill, M, shiny|37\/100 par\n|turn|12\n|\n|t:|1700185641\n|cant|p1b: Azumarill|par\n|move|p2a: Articuno|Freezing Glare|p1a: Kommo-o\n|-supereffective|p1a: Kommo-o\n|-damage|p1a: Kommo-o|0 fnt\n|faint|p1a: Kommo-o\n|move|p2b: 3rd sister|Poison Jab|p1b: Azumarill\n|-supereffective|p1b: Azumarill\n|-damage|p1b: Azumarill|0 fnt\n|faint|p1b: Azumarill\n|\n|win|ferFC_\n|raw|Wrenstorm's rating: 1001 &rarr; <strong>1000<\/strong><br \/>(-1 for losing)\n|raw|ferFC_'s rating: 1080 &rarr; <strong>1102<\/strong><br \/>(+22 for winning)\n|c|\u2606ferFC_|gg\n","uploadtime":1700185652,"views":11,"p1id":"wrenstorm","p2id":"ferfc","formatid":"gen9doublesou","rating":1000,"private":0,"password":""}