{"id":"gen9doublesou-1978380423","p1":"swaggybert","p2":"Red_Maple_tree","format":"[Gen 9] Doubles OU","log":"|j|\u2606swaggybert\n|j|\u2606Red_Maple_tree\n|t:|1698531623\n|gametype|doubles\n|player|p1|swaggybert|linebacker|1000\n|player|p2|Red_Maple_tree|swimmerf2-gen7|1100\n|teamsize|p1|6\n|teamsize|p2|6\n|gen|9\n|tier|[Gen 9] Doubles OU\n|rated|\n|rule|Species Clause: Limit one of each Pok\u00e9mon\n|rule|OHKO Clause: OHKO moves are banned\n|rule|Evasion Moves Clause: Evasion moves are banned\n|rule|Gravity Sleep Clause: The combination of sleep-inducing moves with imperfect accuracy and Gravity or Gigantamax Orbeetle are banned\n|rule|Endless Battle Clause: Forcing endless battles is banned\n|rule|HP Percentage Mod: HP is shown in percentages\n|clearpoke\n|poke|p1|Alomomola, M|\n|poke|p1|Kingambit, M|\n|poke|p1|Ninetales-Alola, M|\n|poke|p1|Chi-Yu|\n|poke|p1|Gliscor, M|\n|poke|p1|Breloom, M|\n|poke|p2|Ambipom, F|\n|poke|p2|Aipom, M|\n|poke|p2|Rillaboom, F|\n|poke|p2|Munkidori, M|\n|poke|p2|Infernape, F|\n|poke|p2|Oranguru, M|\n|teampreview\n|l|\u2606swaggybert\n|player|p1|\n|j|\u2606swaggybert\n|player|p1|swaggybert|linebacker\n|\n|t:|1698531652\n|start\n|switch|p1a: Ninetales|Ninetales-Alola, M, shiny|100\/100\n|switch|p1b: Breloom|Breloom, M, shiny|100\/100\n|switch|p2a: Munkidori|Munkidori, M|100\/100\n|switch|p2b: Infernape|Infernape, F|100\/100\n|-weather|Snow|[from] ability: Snow Warning|[of] p1a: Ninetales\n|turn|1\n|\n|t:|1698531669\n|switch|p1a: Alomomola|Alomomola, M, shiny|100\/100\n|switch|p1b: Chi-Yu|Chi-Yu|100\/100\n|-ability|p1b: Chi-Yu|Beads of Ruin\n|move|p2b: Infernape|Fake Out|p1a: Alomomola\n|-damage|p1a: Alomomola|94\/100\n|-enditem|p1a: Alomomola|Red Card|[of] p2b: Infernape\n|drag|p2b: Rillaboom|Rillaboom, F|100\/100\n|-fieldstart|move: Grassy Terrain|[from] ability: Grassy Surge|[of] p2b: Rillaboom\n|move|p2a: Munkidori|Fake Out|p1b: Chi-Yu\n|-damage|p1b: Chi-Yu|88\/100\n|\n|-weather|Snow|[upkeep]\n|-heal|p1b: Chi-Yu|94\/100|[from] Grassy Terrain\n|-heal|p1a: Alomomola|100\/100|[from] Grassy Terrain\n|upkeep\n|turn|2\n|\n|t:|1698531697\n|move|p2b: Rillaboom|Fake Out|p1b: Chi-Yu\n|-damage|p1b: Chi-Yu|68\/100\n|move|p2a: Munkidori|Sludge Bomb|p1b: Chi-Yu\n|-damage|p1b: Chi-Yu|15\/100\n|-status|p1b: Chi-Yu|psn\n|cant|p1b: Chi-Yu|flinch\n|move|p1a: Alomomola|Flip Turn|p2a: Munkidori\n|-damage|p2a: Munkidori|71\/100\n|\n|t:|1698531717\n|switch|p1a: Kingambit|Kingambit, M, shiny|100\/100|[from] Flip Turn\n|\n|-weather|Snow|[upkeep]\n|-heal|p2a: Munkidori|77\/100|[from] Grassy Terrain\n|-heal|p1b: Chi-Yu|21\/100 psn|[from] Grassy Terrain\n|-damage|p1b: Chi-Yu|9\/100 psn|[from] psn\n|upkeep\n|turn|3\n|\n|t:|1698531746\n|move|p2a: Munkidori|Fake Out||[still]\n|-hint|Fake Out only works on your first turn out.\n|-fail|p2a: Munkidori\n|move|p2b: Rillaboom|Grassy Glide|p1b: Chi-Yu\n|-resisted|p1b: Chi-Yu\n|-damage|p1b: Chi-Yu|0 fnt\n|faint|p1b: Chi-Yu\n|move|p1a: Kingambit|Kowtow Cleave|p2b: Rillaboom\n|-damage|p2b: Rillaboom|49\/100\n|\n|-weather|Snow|[upkeep]\n|-heal|p2a: Munkidori|83\/100|[from] Grassy Terrain\n|-heal|p2b: Rillaboom|55\/100|[from] Grassy Terrain\n|upkeep\n|\n|t:|1698531758\n|switch|p1b: Ninetales|Ninetales-Alola, M, shiny|100\/100\n|turn|4\n|\n|t:|1698531772\n|move|p2b: Rillaboom|Grassy Glide|p1b: Ninetales\n|-damage|p1b: Ninetales|64\/100\n|move|p1b: Ninetales|Aurora Veil|p1b: Ninetales\n|-sidestart|p1: swaggybert|move: Aurora Veil\n|move|p2a: Munkidori|Sludge Bomb|p1b: Ninetales\n|-supereffective|p1b: Ninetales\n|-damage|p1b: Ninetales|0 fnt\n|faint|p1b: Ninetales\n|move|p1a: Kingambit|Kowtow Cleave|p2b: Rillaboom\n|-damage|p2b: Rillaboom|0 fnt\n|faint|p2b: Rillaboom\n|\n|-weather|Snow|[upkeep]\n|-heal|p2a: Munkidori|89\/100|[from] Grassy Terrain\n|upkeep\n|\n|t:|1698531784\n|switch|p1b: Breloom|Breloom, M, shiny|100\/100\n|switch|p2b: Infernape|Infernape, F|100\/100\n|turn|5\n|\n|t:|1698531799\n|switch|p1b: Alomomola|Alomomola, M, shiny|100\/100\n|move|p2b: Infernape|Fake Out|p1a: Kingambit\n|-resisted|p1a: Kingambit\n|-damage|p1a: Kingambit|98\/100\n|move|p2a: Munkidori|Psychic|p1b: Alomomola\n|-damage|p1b: Alomomola|61\/100\n|-status|p1b: Alomomola|tox|[from] ability: Toxic Chain|[of] p2a: Munkidori\n|cant|p1a: Kingambit|flinch\n|\n|-weather|none\n|-heal|p2a: Munkidori|95\/100|[from] Grassy Terrain\n|-heal|p1b: Alomomola|67\/100 tox|[from] Grassy Terrain\n|-heal|p1a: Kingambit|100\/100|[from] Grassy Terrain\n|-damage|p1b: Alomomola|61\/100 tox|[from] psn\n|-fieldend|move: Grassy Terrain\n|upkeep\n|turn|6\n|\n|t:|1698531817\n|move|p2b: Infernape|Mach Punch|p1a: Kingambit\n|-supereffective|p1a: Kingambit\n|-damage|p1a: Kingambit|55\/100\n|move|p2a: Munkidori|Psychic|p1b: Alomomola\n|-damage|p1b: Alomomola|22\/100 tox\n|move|p1b: Alomomola|Scald|p2a: Munkidori\n|-damage|p2a: Munkidori|85\/100\n|move|p1a: Kingambit|Swords Dance|p1a: Kingambit\n|-boost|p1a: Kingambit|atk|2\n|\n|-damage|p1b: Alomomola|10\/100 tox|[from] psn\n|upkeep\n|turn|7\n|\n|t:|1698531841\n|move|p2b: Infernape|Mach Punch|p1a: Kingambit\n|-supereffective|p1a: Kingambit\n|-damage|p1a: Kingambit|9\/100\n|move|p1a: Kingambit|Sucker Punch||[still]\n|-fail|p1a: Kingambit\n|move|p2a: Munkidori|Psychic|p1b: Alomomola\n|-damage|p1b: Alomomola|0 fnt\n|faint|p1b: Alomomola\n|\n|upkeep\n|\n|t:|1698531849\n|switch|p1b: Breloom|Breloom, M, shiny|100\/100\n|turn|8\n|\n|t:|1698531854\n|move|p2b: Infernape|Mach Punch|p1a: Kingambit\n|-supereffective|p1a: Kingambit\n|-damage|p1a: Kingambit|0 fnt\n|faint|p1a: Kingambit\n|-end|p1a: Kingambit|fallenundefined|[silent]\n|move|p2a: Munkidori|Psychic|p1b: Breloom\n|-supereffective|p1b: Breloom\n|-crit|p1b: Breloom\n|-damage|p1b: Breloom|0 fnt\n|faint|p1b: Breloom\n|\n|-sideend|p1: swaggybert|move: Aurora Veil\n|upkeep\n|\n|t:|1698531858\n|switch|p1b: Gliscor|Gliscor, M, shiny|100\/100\n|turn|9\n|\n|t:|1698531866\n|move|p2b: Infernape|Fire Punch|p1b: Gliscor\n|-damage|p1b: Gliscor|57\/100\n|move|p2a: Munkidori|Psychic|p1b: Gliscor\n|-damage|p1b: Gliscor|0 fnt\n|faint|p1b: Gliscor\n|\n|win|Red_Maple_tree\n|raw|swaggybert's rating: 1000 &rarr; <strong>1000<\/strong><br \/>(+0 for losing)\n|raw|Red_Maple_tree's rating: 1100 &rarr; <strong>1118<\/strong><br \/>(+18 for winning)\n|l|\u2606swaggybert\n","uploadtime":1698531878,"views":23,"p1id":"swaggybert","p2id":"redmapletree","formatid":"gen9doublesou","rating":1000,"private":0,"password":""}