{"id":"gen9doublesou-1971616508","p1":"ButWhyThough_2","p2":"FabioRMC4264","format":"[Gen 9] Doubles OU","log":"|j|\u2606ButWhyThough_2\n|j|\u2606FabioRMC4264\n|t:|1697753724\n|gametype|doubles\n|player|p1|ButWhyThough_2|hilbert|1520\n|player|p2|FabioRMC4264|blue|1488\n|teamsize|p1|6\n|teamsize|p2|6\n|gen|9\n|tier|[Gen 9] Doubles OU\n|rated|\n|rule|Species Clause: Limit one of each Pok\u00e9mon\n|rule|OHKO Clause: OHKO moves are banned\n|rule|Evasion Moves Clause: Evasion moves are banned\n|rule|Gravity Sleep Clause: The combination of sleep-inducing moves with imperfect accuracy and Gravity or Gigantamax Orbeetle are banned\n|rule|Endless Battle Clause: Forcing endless battles is banned\n|rule|HP Percentage Mod: HP is shown in percentages\n|clearpoke\n|poke|p1|Chi-Yu|\n|poke|p1|Iron Hands|\n|poke|p1|Kingambit, F|\n|poke|p1|Torkoal, F|\n|poke|p1|Chien-Pao|\n|poke|p1|Flutter Mane|\n|poke|p2|Flutter Mane|\n|poke|p2|Tornadus, M|\n|poke|p2|Amoonguss, F|\n|poke|p2|Chien-Pao|\n|poke|p2|Rillaboom, M|\n|poke|p2|Arcanine-Hisui, M|\n|teampreview\n|\n|t:|1697753745\n|start\n|switch|p1a: Still here|Chi-Yu|100\/100\n|switch|p1b: Othermeta|Flutter Mane|100\/100\n|switch|p2a: Tornadus|Tornadus, M|100\/100\n|switch|p2b: Flutter Mane|Flutter Mane|100\/100\n|-ability|p1a: Still here|Beads of Ruin\n|-enditem|p1b: Othermeta|Booster Energy\n|-activate|p1b: Othermeta|ability: Protosynthesis|[fromitem]\n|-start|p1b: Othermeta|protosynthesisspe\n|turn|1\n|\n|t:|1697753765\n|move|p1b: Othermeta|Protect|p1b: Othermeta\n|-singleturn|p1b: Othermeta|Protect\n|move|p2a: Tornadus|Tailwind|p2a: Tornadus\n|-sidestart|p2: FabioRMC4264|move: Tailwind\n|move|p2b: Flutter Mane|Shadow Ball|p1b: Othermeta\n|-activate|p1b: Othermeta|move: Protect\n|move|p1a: Still here|Snarl|p2b: Flutter Mane|[spread] p2a,p2b\n|-damage|p2a: Tornadus|68\/100\n|-damage|p2b: Flutter Mane|78\/100\n|-unboost|p2b: Flutter Mane|spa|1\n|\n|upkeep\n|turn|2\n|\n|t:|1697753786\n|-end|p2b: Flutter Mane|Protosynthesis|[silent]\n|switch|p2b: Arcanine|Arcanine-Hisui, M|100\/100\n|-ability|p2b: Arcanine|Intimidate|boost\n|-unboost|p1a: Still here|atk|1\n|-unboost|p1b: Othermeta|atk|1\n|-end|p1b: Othermeta|Protosynthesis|[silent]\n|switch|p1b: Kingambit|Kingambit, F|100\/100\n|move|p2a: Tornadus|Bleakwind Storm|p1a: Still here|[spread] p1a,p1b\n|-resisted|p1b: Kingambit\n|-damage|p1a: Still here|84\/100\n|-damage|p1b: Kingambit|82\/100\n|-unboost|p1a: Still here|spe|1\n|move|p1a: Still here|Snarl|p2a: Tornadus|[spread] p2a,p2b\n|-damage|p2a: Tornadus|36\/100\n|-damage|p2b: Arcanine|83\/100\n|-unboost|p2b: Arcanine|spa|1\n|\n|upkeep\n|turn|3\n|\n|t:|1697753810\n|move|p2a: Tornadus|Protect|p2a: Tornadus\n|-singleturn|p2a: Tornadus|Protect\n|move|p1b: Kingambit|Sucker Punch|p2b: Arcanine\n|-damage|p2b: Arcanine|37\/100\n|move|p2b: Arcanine|Flare Blitz|p1b: Kingambit\n|-supereffective|p1b: Kingambit\n|-damage|p1b: Kingambit|2\/100\n|-status|p1b: Kingambit|brn\n|-damage|p2b: Arcanine|10\/100|[from] Recoil\n|move|p1a: Still here|Dark Pulse|p2b: Arcanine\n|-damage|p2b: Arcanine|0 fnt\n|faint|p2b: Arcanine\n|\n|-damage|p1b: Kingambit|0 fnt|[from] brn\n|faint|p1b: Kingambit\n|upkeep\n|c|\u2606ButWhyThough_2|...\n|c|\u2606ButWhyThough_2|might as well have koed\n|\n|t:|1697753842\n|switch|p2b: Flutter Mane|Flutter Mane|78\/100\n|switch|p1b: Chien-Pao|Chien-Pao|100\/100\n|-ability|p1b: Chien-Pao|Sword of Ruin\n|turn|4\n|c|\u2606FabioRMC4264|yeah that was really lucky\n|c|\u2606ButWhyThough_2|you got a low roll but burned, very sadge\n|\n|t:|1697753880\n|switch|p2a: trick roomn't|Amoonguss, F|100\/100\n|-terastallize|p2b: Flutter Mane|Fairy\n|move|p1b: Chien-Pao|Protect|p1b: Chien-Pao\n|-singleturn|p1b: Chien-Pao|Protect\n|move|p2b: Flutter Mane|Dazzling Gleam|p1b: Chien-Pao|[spread] p1a\n|-activate|p1b: Chien-Pao|move: Protect\n|-damage|p1a: Still here|56\/100\n|move|p1a: Still here|Snarl|p2b: Flutter Mane|[spread] p2a,p2b\n|-resisted|p2b: Flutter Mane\n|-damage|p2a: trick roomn't|78\/100\n|-damage|p2b: Flutter Mane|67\/100\n|-unboost|p2a: trick roomn't|spa|1\n|-unboost|p2b: Flutter Mane|spa|1\n|\n|-sideend|p2: FabioRMC4264|move: Tailwind\n|upkeep\n|turn|5\n|\n|t:|1697753896\n|move|p1b: Chien-Pao|Ice Spinner|p2a: trick roomn't\n|-supereffective|p2a: trick roomn't\n|-damage|p2a: trick roomn't|0 fnt\n|-damage|p1b: Chien-Pao|84\/100|[from] item: Rocky Helmet|[of] p2a: trick roomn't\n|faint|p2a: trick roomn't\n|move|p2b: Flutter Mane|Dazzling Gleam|p1a: Still here|[spread] p1a,p1b\n|-supereffective|p1b: Chien-Pao\n|-damage|p1a: Still here|38\/100\n|-damage|p1b: Chien-Pao|0 fnt\n|faint|p1b: Chien-Pao\n|move|p1a: Still here|Heat Wave|p2b: Flutter Mane\n|-damage|p2b: Flutter Mane|17\/100\n|-status|p2b: Flutter Mane|brn\n|\n|-damage|p2b: Flutter Mane|11\/100 brn|[from] brn\n|upkeep\n|\n|t:|1697753918\n|switch|p1b: Othermeta|Flutter Mane|100\/100\n|switch|p2a: Chien-Pao|Chien-Pao|100\/100\n|-ability|p2a: Chien-Pao|Sword of Ruin\n|turn|6\n|c|\u2606ButWhyThough_2|a burn :O\n|c|\u2606FabioRMC4264|well you got one aswell\n|\n|t:|1697753953\n|switch|p1a: Torkoal|Torkoal, F|100\/100\n|-weather|SunnyDay|[from] ability: Drought|[of] p1a: Torkoal\n|-activate|p2b: Flutter Mane|ability: Protosynthesis\n|-start|p2b: Flutter Mane|protosynthesisspe\n|-activate|p1b: Othermeta|ability: Protosynthesis\n|-start|p1b: Othermeta|protosynthesisspe\n|move|p2b: Flutter Mane|Dazzling Gleam|p1b: Othermeta|[spread] p1a,p1b\n|-resisted|p1a: Torkoal\n|-damage|p1a: Torkoal|79\/100\n|-damage|p1b: Othermeta|65\/100\n|move|p1b: Othermeta|Dazzling Gleam|p2a: Chien-Pao|[spread] p2a,p2b\n|-supereffective|p2a: Chien-Pao\n|-damage|p2a: Chien-Pao|5\/100\n|-damage|p2b: Flutter Mane|0 fnt\n|faint|p2b: Flutter Mane\n|-end|p2b: Flutter Mane|Protosynthesis|[silent]\n|move|p2a: Chien-Pao|Sacred Sword|p1a: Torkoal\n|-damage|p1a: Torkoal|48\/100\n|\n|-weather|SunnyDay|[upkeep]\n|upkeep\n|\n|t:|1697753972\n|switch|p2b: Rillaboom|Rillaboom, M|100\/100\n|-fieldstart|move: Grassy Terrain|[from] ability: Grassy Surge|[of] p2b: Rillaboom\n|turn|7\n|c|\u2606ButWhyThough_2|you should have swtiched to tornadus\n|\n|t:|1697754003\n|move|p2a: Chien-Pao|Sucker Punch|p1b: Othermeta\n|-damage|p1b: Othermeta|0 fnt\n|faint|p1b: Othermeta\n|-end|p1b: Othermeta|Protosynthesis|[silent]\n|move|p2b: Rillaboom|Wood Hammer|p1a: Torkoal\n|-resisted|p1a: Torkoal\n|-damage|p1a: Torkoal|0 fnt\n|faint|p1a: Torkoal\n|-damage|p2b: Rillaboom|85\/100|[from] Recoil\n|\n|-weather|SunnyDay|[upkeep]\n|-heal|p2a: Chien-Pao|11\/100|[from] Grassy Terrain\n|-heal|p2b: Rillaboom|91\/100|[from] Grassy Terrain\n|upkeep\n|\n|t:|1697754011\n|switch|p1b: Still here|Chi-Yu|38\/100\n|switch|p1a: Iron Hands|Iron Hands|100\/100\n|-ability|p1b: Still here|Beads of Ruin\n|turn|8\n|\n|t:|1697754030\n|move|p2a: Chien-Pao|Sacred Sword|p1b: Still here\n|-supereffective|p1b: Still here\n|-damage|p1b: Still here|0 fnt\n|faint|p1b: Still here\n|move|p2b: Rillaboom|Wood Hammer|p1a: Iron Hands\n|-damage|p1a: Iron Hands|0 fnt\n|faint|p1a: Iron Hands\n|-end|p1a: Iron Hands|Quark Drive|[silent]\n|-damage|p2b: Rillaboom|48\/100|[from] Recoil\n|\n|win|FabioRMC4264\n|raw|ButWhyThough_2's rating: 1520 &rarr; <strong>1498<\/strong><br \/>(-22 for losing)\n|raw|FabioRMC4264's rating: 1488 &rarr; <strong>1510<\/strong><br \/>(+22 for winning)\n|c|\u2606ButWhyThough_2|sadge\n|c|\u2606ButWhyThough_2|gg\n|c|\u2606FabioRMC4264|gg\n|l|\u2606ButWhyThough_2\n","uploadtime":1697754056,"views":10,"p1id":"butwhythough2","p2id":"fabiormc4264","formatid":"gen9doublesou","rating":1498,"private":0,"password":""}