{"id":"gen9doublesou-1997169057","p1":"GhostMasterMorty","p2":"sjsijxdd","format":"[Gen 9] Doubles OU","log":"|j|\u2606GhostMasterMorty\n|j|\u2606sjsijxdd\n|t:|1700771574\n|gametype|doubles\n|player|p1|GhostMasterMorty|morty|1000\n|player|p2|sjsijxdd|2|1000\n|teamsize|p1|6\n|teamsize|p2|6\n|gen|9\n|tier|[Gen 9] Doubles OU\n|rated|\n|rule|Species Clause: Limit one of each Pok\u00e9mon\n|rule|OHKO Clause: OHKO moves are banned\n|rule|Evasion Moves Clause: Evasion moves are banned\n|rule|Gravity Sleep Clause: The combination of sleep-inducing moves with imperfect accuracy and Gravity or Gigantamax Orbeetle are banned\n|rule|Endless Battle Clause: Forcing endless battles is banned\n|rule|HP Percentage Mod: HP is shown in percentages\n|clearpoke\n|poke|p1|Mew|\n|poke|p1|Samurott, F|\n|poke|p1|Ninetales-Alola, F|\n|poke|p1|Greninja-*, M|\n|poke|p1|Chansey, F|\n|poke|p1|Infernape, F|\n|poke|p2|Scizor, M|\n|poke|p2|Arcanine, M|\n|poke|p2|Chesnaught, M|\n|poke|p2|Garchomp, F|\n|poke|p2|Salamence, F|\n|poke|p2|Pachirisu, F|\n|teampreview\n|inactive|Battle timer is ON: inactive players will automatically lose when time's up. (requested by sjsijxdd)\n|c|\u2606GhostMasterMorty|GLHF\n|\n|t:|1700771601\n|start\n|switch|p1a: Infernape|Infernape, F|100\/100\n|switch|p1b: Greninja|Greninja, M|100\/100\n|switch|p2a: Pachirisu|Pachirisu, F|100\/100\n|switch|p2b: Garchomp|Garchomp, F|100\/100\n|turn|1\n|\n|t:|1700771627\n|-terastallize|p2b: Garchomp|Steel\n|move|p2a: Pachirisu|Helping Hand|p2b: Garchomp\n|-singleturn|p2b: Garchomp|Helping Hand|[of] p2a: Pachirisu\n|move|p1a: Infernape|Fake Out|p2b: Garchomp\n|-resisted|p2b: Garchomp\n|-crit|p2b: Garchomp\n|-damage|p2b: Garchomp|92\/100\n|-damage|p1a: Infernape|88\/100|[from] ability: Rough Skin|[of] p2b: Garchomp\n|-damage|p1a: Infernape|72\/100|[from] item: Rocky Helmet|[of] p2b: Garchomp\n|move|p1b: Greninja|Blizzard|p2b: Garchomp|[spread] p2a,p2b\n|-start|p1b: Greninja|typechange|Ice|[from] ability: Protean\n|-resisted|p2b: Garchomp\n|-damage|p2a: Pachirisu|70\/100\n|-damage|p2b: Garchomp|69\/100\n|-damage|p1b: Greninja|91\/100|[from] item: Life Orb\n|cant|p2b: Garchomp|flinch\n|\n|-heal|p1a: Infernape|78\/100|[from] item: Leftovers\n|-heal|p2a: Pachirisu|76\/100|[from] item: Leftovers\n|upkeep\n|turn|2\n|inactive|GhostMasterMorty has 120 seconds left.\n|\n|t:|1700771663\n|move|p2a: Pachirisu|Follow Me|p2a: Pachirisu\n|-singleturn|p2a: Pachirisu|move: Follow Me\n|move|p1a: Infernape|Fire Pledge|p2a: Pachirisu\n|-waiting|p1a: Infernape|p1b: Greninja\n|move|p1b: Greninja|Water Pledge|p2a: Pachirisu|[from]move: Fire Pledge\n|-combine\n|-damage|p2a: Pachirisu|17\/100\n|-sidestart|p1: GhostMasterMorty|Water Pledge\n|-damage|p1b: Greninja|81\/100|[from] item: Life Orb\n|move|p2b: Garchomp|Iron Head|p1b: Greninja\n|-supereffective|p1b: Greninja\n|-damage|p1b: Greninja|0 fnt\n|faint|p1b: Greninja\n|\n|-heal|p1a: Infernape|84\/100|[from] item: Leftovers\n|-heal|p2a: Pachirisu|23\/100|[from] item: Leftovers\n|upkeep\n|\n|t:|1700771688\n|switch|p1b: Ninetales|Ninetales-Alola, F|100\/100\n|-weather|Snow|[from] ability: Snow Warning|[of] p1b: Ninetales\n|turn|3\n|inactive|GhostMasterMorty has 120 seconds left.\n|\n|t:|1700771701\n|move|p2a: Pachirisu|Follow Me|p2a: Pachirisu\n|-singleturn|p2a: Pachirisu|move: Follow Me\n|move|p1b: Ninetales|Aurora Veil|p1b: Ninetales\n|-sidestart|p1: GhostMasterMorty|move: Aurora Veil\n|move|p1a: Infernape|Rock Slide|p2b: Garchomp|[spread] p2a,p2b\n|-resisted|p2b: Garchomp\n|-damage|p2a: Pachirisu|0 fnt\n|-damage|p2b: Garchomp|60\/100\n|faint|p2a: Pachirisu\n|move|p2b: Garchomp|Iron Head|p1b: Ninetales\n|-supereffective|p1b: Ninetales\n|-damage|p1b: Ninetales|0 fnt\n|faint|p1b: Ninetales\n|\n|-weather|Snow|[upkeep]\n|-heal|p1a: Infernape|90\/100|[from] item: Leftovers\n|upkeep\n|inactive|GhostMasterMorty has 120 seconds left.\n|\n|t:|1700771727\n|switch|p1b: Mew|Mew|100\/100\n|switch|p2a: Arcanine|Arcanine, M|100\/100\n|-ability|p2a: Arcanine|Intimidate|boost\n|-unboost|p1a: Infernape|atk|1\n|-unboost|p1b: Mew|atk|1\n|turn|4\n|\n|t:|1700771743\n|move|p2a: Arcanine|Extreme Speed|p1a: Infernape\n|-damage|p1a: Infernape|50\/100\n|move|p1a: Infernape|Rock Slide|p2b: Garchomp|[spread] p2a,p2b\n|-supereffective|p2a: Arcanine\n|-resisted|p2b: Garchomp\n|-damage|p2a: Arcanine|76\/100\n|-damage|p2b: Garchomp|55\/100\n|move|p2b: Garchomp|Earthquake|p1a: Infernape|[spread] p2a,p1a,p1b\n|-supereffective|p2a: Arcanine\n|-supereffective|p1a: Infernape\n|-damage|p2a: Arcanine|0 fnt\n|-damage|p1a: Infernape|0 fnt\n|-damage|p1b: Mew|76\/100\n|faint|p2a: Arcanine\n|faint|p1a: Infernape\n|move|p1b: Mew|Ancient Power|p2b: Garchomp\n|-resisted|p2b: Garchomp\n|-damage|p2b: Garchomp|46\/100\n|-boost|p1b: Mew|atk|1\n|-boost|p1b: Mew|def|1\n|-boost|p1b: Mew|spa|1\n|-boost|p1b: Mew|spd|1\n|-boost|p1b: Mew|spe|1\n|\n|-weather|Snow|[upkeep]\n|-heal|p1b: Mew|82\/100|[from] item: Leftovers\n|upkeep\n|c|\u2606GhostMasterMorty|Hell\n|c|\u2606GhostMasterMorty|Yes\n|c|\u2606GhostMasterMorty|No\n|c|\u2606GhostMasterMorty|HAIL\n|c|\u2606GhostMasterMorty|YES\n|inactive|GhostMasterMorty has 120 seconds left.\n|\n|t:|1700771779\n|switch|p1a: Chansey|Chansey, F|100\/100\n|switch|p2a: Scizor|Scizor, M|100\/100\n|turn|5\n|\n|t:|1700771796\n|move|p1a: Chansey|Protect|p1a: Chansey\n|-singleturn|p1a: Chansey|Protect\n|move|p1b: Mew|Fire Pledge|p2a: Scizor\n|-supereffective|p2a: Scizor\n|-damage|p2a: Scizor|0 fnt\n|faint|p2a: Scizor\n|move|p2b: Garchomp|Iron Head|p1b: Mew\n|-damage|p1b: Mew|63\/100\n|\n|-weather|Snow|[upkeep]\n|-heal|p1b: Mew|69\/100|[from] item: Leftovers\n|-sideend|p1: GhostMasterMorty|Water Pledge\n|upkeep\n|\n|t:|1700771804\n|switch|p2a: Salamence|Salamence, F|100\/100\n|turn|6\n|\n|t:|1700771817\n|move|p2a: Salamence|Crunch|p1b: Mew\n|-supereffective|p1b: Mew\n|-damage|p1b: Mew|44\/100\n|move|p1b: Mew|Blizzard|p2a: Salamence|[spread] p2a,p2b\n|-supereffective|p2a: Salamence\n|-resisted|p2b: Garchomp\n|-damage|p2a: Salamence|0 fnt\n|-damage|p2b: Garchomp|28\/100\n|faint|p2a: Salamence\n|move|p2b: Garchomp|Earthquake|p1b: Mew|[spread] p1a,p1b\n|-damage|p1a: Chansey|83\/100\n|-damage|p1b: Mew|26\/100\n|move|p1a: Chansey|Blizzard|p2b: Garchomp\n|-resisted|p2b: Garchomp\n|-crit|p2b: Garchomp\n|-damage|p2b: Garchomp|18\/100\n|\n|-weather|Snow|[upkeep]\n|-heal|p1b: Mew|32\/100|[from] item: Leftovers\n|upkeep\n|\n|t:|1700771821\n|switch|p2a: Chesnaught|Chesnaught, M, shiny|100\/100\n|turn|7\n|inactive|GhostMasterMorty has 120 seconds left.\n|\n|t:|1700771863\n|move|p1b: Mew|Blizzard|p2b: Garchomp|[spread] p2a,p2b\n|-supereffective|p2a: Chesnaught\n|-resisted|p2b: Garchomp\n|-damage|p2a: Chesnaught|18\/100\n|-damage|p2b: Garchomp|0 fnt\n|faint|p2b: Garchomp\n|move|p2a: Chesnaught|Body Press|p1a: Chansey\n|-supereffective|p1a: Chansey\n|-damage|p1a: Chansey|46\/100\n|move|p1a: Chansey|Heal Pulse|p1b: Mew\n|-heal|p1b: Mew|82\/100\n|\n|-weather|Snow|[upkeep]\n|-heal|p1b: Mew|88\/100|[from] item: Leftovers\n|-heal|p2a: Chesnaught|24\/100|[from] item: Leftovers\n|-sideend|p1: GhostMasterMorty|move: Aurora Veil\n|upkeep\n|turn|8\n|-message|sjsijxdd forfeited.\n|\n|win|GhostMasterMorty\n|raw|GhostMasterMorty's rating: 1000 &rarr; <strong>1040<\/strong><br \/>(+40 for winning)\n|raw|sjsijxdd's rating: 1000 &rarr; <strong>1000<\/strong><br \/>(+0 for losing)\n|l|\u2606sjsijxdd\n","uploadtime":1700771882,"views":7,"p1id":"ghostmastermorty","p2id":"sjsijxdd","formatid":"gen9doublesou","rating":1000,"private":0,"password":""}