{"id":"gen9doublesou-1984783368","p1":"Camep","p2":"schweep","format":"[Gen 9] Doubles OU","log":"|j|\u2606Camep\n|j|\u2606schweep\n|t:|1699298661\n|gametype|doubles\n|player|p1|Camep|101|1307\n|player|p2|schweep|liza|1395\n|teamsize|p1|6\n|teamsize|p2|6\n|gen|9\n|tier|[Gen 9] Doubles OU\n|rated|\n|rule|Species Clause: Limit one of each Pok\u00e9mon\n|rule|OHKO Clause: OHKO moves are banned\n|rule|Evasion Moves Clause: Evasion moves are banned\n|rule|Gravity Sleep Clause: The combination of sleep-inducing moves with imperfect accuracy and Gravity or Gigantamax Orbeetle are banned\n|rule|Endless Battle Clause: Forcing endless battles is banned\n|rule|HP Percentage Mod: HP is shown in percentages\n|clearpoke\n|poke|p1|Gliscor, F|\n|poke|p1|Ogerpon-Cornerstone, F|\n|poke|p1|Tyranitar, F|\n|poke|p1|Sneasler, M|\n|poke|p1|Rillaboom, F|\n|poke|p1|Great Tusk|\n|poke|p2|Chien-Pao|\n|poke|p2|Flutter Mane|\n|poke|p2|Ogerpon-Hearthflame, F|\n|poke|p2|Iron Hands|\n|poke|p2|Landorus-Therian, M|\n|poke|p2|Iron Bundle|\n|teampreview\n|inactive|Battle timer is ON: inactive players will automatically lose when time's up. (requested by schweep)\n|j| La_Colonia\n|\n|t:|1699298674\n|start\n|switch|p1a: Gliscor|Gliscor, F|100\/100\n|switch|p1b: Rillaboom|Rillaboom, F|100\/100\n|switch|p2a: Landorus|Landorus-Therian, M|100\/100\n|switch|p2b: Ogerpon|Ogerpon-Hearthflame, F|100\/100\n|-ability|p2a: Landorus|Intimidate|boost\n|-unboost|p1a: Gliscor|atk|1\n|-unboost|p1b: Rillaboom|atk|1\n|-ability|p2b: Ogerpon|Mold Breaker\n|-fieldstart|move: Grassy Terrain|[from] ability: Grassy Surge|[of] p1b: Rillaboom\n|turn|1\n|\n|t:|1699298694\n|switch|p2a: Chien-Pao|Chien-Pao|100\/100\n|-ability|p2a: Chien-Pao|Sword of Ruin\n|move|p1a: Gliscor|Protect|p1a: Gliscor\n|-singleturn|p1a: Gliscor|Protect\n|move|p1b: Rillaboom|Fake Out|p2b: Ogerpon\n|-damage|p2b: Ogerpon|84\/100\n|cant|p2b: Ogerpon|flinch\n|\n|-heal|p2b: Ogerpon|90\/100|[from] Grassy Terrain\n|-status|p1a: Gliscor|tox|[from] item: Toxic Orb\n|upkeep\n|turn|2\n|inactive|Camep has 120 seconds left.\n|\n|t:|1699298726\n|switch|p1b: Tyranitar|Tyranitar, F|100\/100\n|-weather|Sandstorm|[from] ability: Sand Stream|[of] p1b: Tyranitar\n|-terastallize|p1a: Gliscor|Water\n|move|p2a: Chien-Pao|Ice Spinner|p1a: Gliscor\n|-resisted|p1a: Gliscor\n|-damage|p1a: Gliscor|82\/100 tox\n|-fieldend|move: Grassy Terrain\n|move|p2b: Ogerpon|Swords Dance|p2b: Ogerpon\n|-boost|p2b: Ogerpon|atk|2\n|move|p1a: Gliscor|Toxic|p2b: Ogerpon\n|-status|p2b: Ogerpon|tox\n|\n|-weather|Sandstorm|[upkeep]\n|-damage|p2a: Chien-Pao|95\/100|[from] Sandstorm\n|-damage|p2b: Ogerpon|84\/100 tox|[from] Sandstorm\n|-damage|p1a: Gliscor|76\/100 tox|[from] Sandstorm\n|-damage|p2b: Ogerpon|78\/100 tox|[from] psn\n|-heal|p1a: Gliscor|88\/100 tox|[from] ability: Poison Heal\n|upkeep\n|turn|3\n|inactive|Camep has 120 seconds left.\n|\n|t:|1699298753\n|move|p1a: Gliscor|Protect|p1a: Gliscor\n|-singleturn|p1a: Gliscor|Protect\n|move|p2a: Chien-Pao|Sacred Sword|p1b: Tyranitar\n|-supereffective|p1b: Tyranitar\n|-damage|p1b: Tyranitar|0 fnt\n|faint|p1b: Tyranitar\n|move|p2b: Ogerpon|Horn Leech|p1a: Gliscor\n|-activate|p1a: Gliscor|move: Protect\n|\n|-weather|Sandstorm|[upkeep]\n|-damage|p2a: Chien-Pao|89\/100|[from] Sandstorm\n|-damage|p2b: Ogerpon|72\/100 tox|[from] Sandstorm\n|-damage|p1a: Gliscor|82\/100 tox|[from] Sandstorm\n|-damage|p2b: Ogerpon|60\/100 tox|[from] psn\n|-heal|p1a: Gliscor|95\/100 tox|[from] ability: Poison Heal\n|upkeep\n|inactive|Camep has 120 seconds left.\n|\n|t:|1699298767\n|switch|p1b: Rillaboom|Rillaboom, F|100\/100\n|-fieldstart|move: Grassy Terrain|[from] ability: Grassy Surge|[of] p1b: Rillaboom\n|turn|4\n|\n|t:|1699298777\n|move|p1b: Rillaboom|Fake Out|p2b: Ogerpon\n|-damage|p2b: Ogerpon|36\/100 tox\n|move|p2a: Chien-Pao|Lash Out|p1a: Gliscor\n|-damage|p1a: Gliscor|58\/100 tox\n|cant|p2b: Ogerpon|flinch\n|move|p1a: Gliscor|Tailwind|p1a: Gliscor\n|-sidestart|p1: Camep|move: Tailwind\n|\n|-weather|Sandstorm|[upkeep]\n|-damage|p1b: Rillaboom|94\/100|[from] Sandstorm\n|-damage|p1a: Gliscor|52\/100 tox|[from] Sandstorm\n|-damage|p2a: Chien-Pao|83\/100|[from] Sandstorm\n|-damage|p2b: Ogerpon|30\/100 tox|[from] Sandstorm\n|-heal|p1b: Rillaboom|100\/100|[from] Grassy Terrain\n|-heal|p1a: Gliscor|58\/100 tox|[from] Grassy Terrain\n|-heal|p2a: Chien-Pao|89\/100|[from] Grassy Terrain\n|-heal|p2b: Ogerpon|36\/100 tox|[from] Grassy Terrain\n|-heal|p1a: Gliscor|70\/100 tox|[from] ability: Poison Heal\n|-damage|p2b: Ogerpon|18\/100 tox|[from] psn\n|upkeep\n|turn|5\n|\n|t:|1699298802\n|switch|p1b: Ogerpon|Ogerpon-Cornerstone, F|100\/100\n|switch|p2a: Landorus|Landorus-Therian, M|100\/100\n|-ability|p2a: Landorus|Intimidate|boost\n|-unboost|p1a: Gliscor|atk|1\n|-unboost|p1b: Ogerpon|atk|1\n|move|p1a: Gliscor|Protect|p1a: Gliscor\n|-singleturn|p1a: Gliscor|Protect\n|move|p2b: Ogerpon|Ivy Cudgel|p1b: Ogerpon\n|-crit|p1b: Ogerpon\n|-damage|p1b: Ogerpon|0 fnt\n|faint|p1b: Ogerpon\n|\n|-weather|Sandstorm|[upkeep]\n|-damage|p1a: Gliscor|64\/100 tox|[from] Sandstorm\n|-damage|p2b: Ogerpon|12\/100 tox|[from] Sandstorm\n|-heal|p1a: Gliscor|70\/100 tox|[from] Grassy Terrain\n|-heal|p2b: Ogerpon|18\/100 tox|[from] Grassy Terrain\n|-heal|p1a: Gliscor|83\/100 tox|[from] ability: Poison Heal\n|-damage|p2b: Ogerpon|0 fnt|[from] psn\n|faint|p2b: Ogerpon\n|upkeep\n|\n|t:|1699298828\n|switch|p1b: Sneasler|Sneasler, M|100\/100\n|switch|p2b: Iron Hands|Iron Hands|100\/100\n|turn|6\n|\n|t:|1699298844\n|move|p1b: Sneasler|Fake Out|p2b: Iron Hands\n|-damage|p2b: Iron Hands|90\/100\n|-status|p2b: Iron Hands|psn|[from] ability: Poison Touch|[of] p1b: Sneasler\n|-damage|p1b: Sneasler|91\/100|[from] item: Life Orb\n|cant|p2b: Iron Hands|flinch\n|move|p1a: Gliscor|Toxic|p2a: Landorus\n|-status|p2a: Landorus|tox\n|move|p2a: Landorus|U-turn|p1a: Gliscor\n|-crit|p1a: Gliscor\n|-damage|p1a: Gliscor|58\/100 tox\n|\n|t:|1699298857\n|switch|p2a: Iron Bundle|Iron Bundle|100\/100|[from] U-turn\n|-enditem|p2a: Iron Bundle|Booster Energy\n|-activate|p2a: Iron Bundle|ability: Quark Drive|[fromitem]\n|-start|p2a: Iron Bundle|quarkdrivespe\n|\n|-weather|none\n|-heal|p1b: Sneasler|97\/100|[from] Grassy Terrain\n|-heal|p1a: Gliscor|64\/100 tox|[from] Grassy Terrain\n|-heal|p2b: Iron Hands|97\/100 psn|[from] Grassy Terrain\n|-heal|p2b: Iron Hands|100\/100 psn|[from] item: Leftovers\n|-heal|p1a: Gliscor|77\/100 tox|[from] ability: Poison Heal\n|-damage|p2b: Iron Hands|88\/100 psn|[from] psn\n|upkeep\n|turn|7\n|\n|t:|1699298877\n|move|p1a: Gliscor|Protect|p1a: Gliscor\n|-singleturn|p1a: Gliscor|Protect\n|move|p1b: Sneasler|Close Combat|p2a: Iron Bundle\n|-supereffective|p2a: Iron Bundle\n|-damage|p2a: Iron Bundle|0 fnt\n|-unboost|p1b: Sneasler|def|1\n|-unboost|p1b: Sneasler|spd|1\n|faint|p2a: Iron Bundle\n|-end|p2a: Iron Bundle|Quark Drive|[silent]\n|-damage|p1b: Sneasler|87\/100|[from] item: Life Orb\n|move|p2b: Iron Hands|Wild Charge|p1a: Gliscor\n|-activate|p1a: Gliscor|move: Protect\n|\n|-heal|p1b: Sneasler|93\/100|[from] Grassy Terrain\n|-heal|p1a: Gliscor|83\/100 tox|[from] Grassy Terrain\n|-heal|p2b: Iron Hands|94\/100 psn|[from] Grassy Terrain\n|-heal|p2b: Iron Hands|99\/100 psn|[from] item: Leftovers\n|-heal|p1a: Gliscor|95\/100 tox|[from] ability: Poison Heal\n|-damage|p2b: Iron Hands|88\/100 psn|[from] psn\n|-sideend|p1: Camep|move: Tailwind\n|upkeep\n|inactive|schweep has 120 seconds left.\n|\n|t:|1699298903\n|switch|p2a: Landorus|Landorus-Therian, M|100\/100 tox\n|-ability|p2a: Landorus|Intimidate|boost\n|-unboost|p1a: Gliscor|atk|1\n|-unboost|p1b: Sneasler|atk|1\n|turn|8\n|\n|t:|1699298918\n|switch|p1b: Rillaboom|Rillaboom, F|100\/100\n|switch|p1a: Great Tusk|Great Tusk|100\/100\n|move|p2a: Landorus|Body Slam|p1b: Rillaboom\n|-damage|p1b: Rillaboom|68\/100\n|move|p2b: Iron Hands|Wild Charge|p1a: Great Tusk\n|-immune|p1a: Great Tusk\n|\n|-heal|p1b: Rillaboom|74\/100|[from] Grassy Terrain\n|-heal|p2b: Iron Hands|94\/100 psn|[from] Grassy Terrain\n|-heal|p2b: Iron Hands|99\/100 psn|[from] item: Leftovers\n|-damage|p2a: Landorus|95\/100 tox|[from] psn\n|-damage|p2b: Iron Hands|88\/100 psn|[from] psn\n|upkeep\n|turn|9\n|\n|t:|1699298938\n|-end|p2b: Iron Hands|Quark Drive|[silent]\n|switch|p2b: Flutter Mane|Flutter Mane|100\/100\n|-enditem|p2b: Flutter Mane|Booster Energy\n|-activate|p2b: Flutter Mane|ability: Protosynthesis|[fromitem]\n|-start|p2b: Flutter Mane|protosynthesisspe\n|move|p1b: Rillaboom|Fake Out|p2a: Landorus\n|-damage|p2a: Landorus|79\/100 tox\n|cant|p2a: Landorus|flinch\n|move|p1a: Great Tusk|Earthquake|p2b: Flutter Mane|[spread] p1b,p2b\n|-immune|p2a: Landorus\n|-resisted|p1b: Rillaboom\n|-damage|p1b: Rillaboom|64\/100\n|-damage|p2b: Flutter Mane|53\/100\n|\n|-heal|p2b: Flutter Mane|59\/100|[from] Grassy Terrain\n|-heal|p1b: Rillaboom|70\/100|[from] Grassy Terrain\n|-damage|p2a: Landorus|67\/100 tox|[from] psn\n|upkeep\n|turn|10\n|\n|t:|1699298961\n|move|p1b: Rillaboom|Grassy Glide|p2b: Flutter Mane\n|-damage|p2b: Flutter Mane|0 fnt\n|faint|p2b: Flutter Mane\n|-end|p2b: Flutter Mane|Protosynthesis|[silent]\n|move|p2a: Landorus|Body Slam|p1b: Rillaboom\n|-damage|p1b: Rillaboom|37\/100\n|move|p1a: Great Tusk|Close Combat|p2a: Landorus\n|-resisted|p2a: Landorus\n|-damage|p2a: Landorus|32\/100 tox\n|-unboost|p1a: Great Tusk|def|1\n|-unboost|p1a: Great Tusk|spd|1\n|\n|-heal|p1b: Rillaboom|43\/100|[from] Grassy Terrain\n|-damage|p2a: Landorus|15\/100 tox|[from] psn\n|upkeep\n|\n|t:|1699298976\n|switch|p2b: Chien-Pao|Chien-Pao|89\/100\n|-ability|p2b: Chien-Pao|Sword of Ruin\n|turn|11\n|\n|t:|1699298986\n|switch|p2a: Iron Hands|Iron Hands|88\/100 psn\n|switch|p1b: Sneasler|Sneasler, M|93\/100\n|move|p2b: Chien-Pao|Ice Spinner|p1b: Sneasler\n|-damage|p1b: Sneasler|0 fnt\n|-fieldend|move: Grassy Terrain\n|faint|p1b: Sneasler\n|move|p1a: Great Tusk|Close Combat|p2b: Chien-Pao\n|-supereffective|p2b: Chien-Pao\n|-damage|p2b: Chien-Pao|0 fnt\n|-unboost|p1a: Great Tusk|def|1\n|-unboost|p1a: Great Tusk|spd|1\n|faint|p2b: Chien-Pao\n|\n|-heal|p2a: Iron Hands|94\/100 psn|[from] item: Leftovers\n|-damage|p2a: Iron Hands|81\/100 psn|[from] psn\n|upkeep\n|\n|t:|1699299002\n|switch|p1b: Rillaboom|Rillaboom, F|43\/100\n|switch|p2b: Landorus|Landorus-Therian, M|15\/100 tox\n|-ability|p2b: Landorus|Intimidate|boost\n|-unboost|p1a: Great Tusk|atk|1\n|-unboost|p1b: Rillaboom|atk|1\n|-fieldstart|move: Grassy Terrain|[from] ability: Grassy Surge|[of] p1b: Rillaboom\n|turn|12\n|\n|t:|1699299016\n|-end|p1a: Great Tusk|Protosynthesis|[silent]\n|switch|p1a: Gliscor|Gliscor, F, tera:Water|95\/100 tox\n|move|p1b: Rillaboom|Fake Out|p2a: Iron Hands\n|-damage|p2a: Iron Hands|76\/100 psn\n|cant|p2a: Iron Hands|flinch\n|move|p2b: Landorus|U-turn|p1b: Rillaboom\n|-supereffective|p1b: Rillaboom\n|-damage|p1b: Rillaboom|0 fnt\n|faint|p1b: Rillaboom\n|\n|-heal|p1a: Gliscor|100\/100 tox|[from] Grassy Terrain\n|-heal|p2a: Iron Hands|82\/100 psn|[from] Grassy Terrain\n|-heal|p2a: Iron Hands|88\/100 psn|[from] item: Leftovers\n|-damage|p2b: Landorus|9\/100 tox|[from] psn\n|-damage|p2a: Iron Hands|75\/100 psn|[from] psn\n|upkeep\n|\n|t:|1699299030\n|switch|p1b: Great Tusk|Great Tusk|100\/100\n|turn|13\n|\n|t:|1699299042\n|move|p1a: Gliscor|Protect|p1a: Gliscor\n|-singleturn|p1a: Gliscor|Protect\n|move|p2b: Landorus|U-turn|p1b: Great Tusk\n|-resisted|p1b: Great Tusk\n|-damage|p1b: Great Tusk|91\/100\n|move|p1b: Great Tusk|Earthquake|p2a: Iron Hands|[spread] p2a\n|-activate|p1a: Gliscor|move: Protect\n|-immune|p2b: Landorus\n|-supereffective|p2a: Iron Hands\n|-damage|p2a: Iron Hands|53\/100 psn\n|move|p2a: Iron Hands|Close Combat|p1b: Great Tusk\n|-damage|p1b: Great Tusk|36\/100\n|-unboost|p2a: Iron Hands|def|1\n|-unboost|p2a: Iron Hands|spd|1\n|\n|-heal|p1b: Great Tusk|42\/100|[from] Grassy Terrain\n|-heal|p2a: Iron Hands|60\/100 psn|[from] Grassy Terrain\n|-heal|p2a: Iron Hands|66\/100 psn|[from] item: Leftovers\n|-damage|p2b: Landorus|0 fnt|[from] psn\n|faint|p2b: Landorus\n|-damage|p2a: Iron Hands|53\/100 psn|[from] psn\n|upkeep\n|turn|14\n|\n|t:|1699299068\n|-terastallize|p2a: Iron Hands|Fighting\n|move|p1b: Great Tusk|Protect|p1b: Great Tusk\n|-singleturn|p1b: Great Tusk|Protect\n|move|p1a: Gliscor|Tailwind|p1a: Gliscor\n|-sidestart|p1: Camep|move: Tailwind\n|move|p2a: Iron Hands|Close Combat|p1b: Great Tusk\n|-activate|p1b: Great Tusk|move: Protect\n|\n|-heal|p1b: Great Tusk|48\/100|[from] Grassy Terrain\n|-heal|p2a: Iron Hands|59\/100 psn|[from] Grassy Terrain\n|-heal|p2a: Iron Hands|65\/100 psn|[from] item: Leftovers\n|-damage|p2a: Iron Hands|53\/100 psn|[from] psn\n|upkeep\n|turn|15\n|\n|t:|1699299097\n|move|p1b: Great Tusk|Protect||[still]\n|-fail|p1b: Great Tusk\n|move|p1a: Gliscor|Toxic||[still]\n|-fail|p1a: Gliscor\n|move|p2a: Iron Hands|Close Combat|p1b: Great Tusk\n|-damage|p1b: Great Tusk|0 fnt\n|-unboost|p2a: Iron Hands|def|1\n|-unboost|p2a: Iron Hands|spd|1\n|faint|p1b: Great Tusk\n|-end|p1b: Great Tusk|Protosynthesis|[silent]\n|\n|-heal|p2a: Iron Hands|59\/100 psn|[from] Grassy Terrain\n|-heal|p2a: Iron Hands|65\/100 psn|[from] item: Leftovers\n|-damage|p2a: Iron Hands|53\/100 psn|[from] psn\n|upkeep\n|turn|16\n|\n|t:|1699299111\n|move|p1a: Gliscor|Protect|p1a: Gliscor\n|-singleturn|p1a: Gliscor|Protect\n|move|p2a: Iron Hands|Close Combat|p1a: Gliscor\n|-activate|p1a: Gliscor|move: Protect\n|\n|-heal|p2a: Iron Hands|59\/100 psn|[from] Grassy Terrain\n|-heal|p2a: Iron Hands|65\/100 psn|[from] item: Leftovers\n|-damage|p2a: Iron Hands|53\/100 psn|[from] psn\n|upkeep\n|turn|17\n|\n|t:|1699299121\n|move|p1a: Gliscor|Tailwind||[still]\n|-fail|p1a: Gliscor\n|move|p2a: Iron Hands|Close Combat|p1a: Gliscor\n|-damage|p1a: Gliscor|36\/100 tox\n|-unboost|p2a: Iron Hands|def|1\n|-unboost|p2a: Iron Hands|spd|1\n|\n|-heal|p1a: Gliscor|42\/100 tox|[from] Grassy Terrain\n|-heal|p2a: Iron Hands|59\/100 psn|[from] Grassy Terrain\n|-heal|p2a: Iron Hands|65\/100 psn|[from] item: Leftovers\n|-heal|p1a: Gliscor|55\/100 tox|[from] ability: Poison Heal\n|-damage|p2a: Iron Hands|52\/100 psn|[from] psn\n|-sideend|p1: Camep|move: Tailwind\n|upkeep\n|turn|18\n|c|\u2606Camep|gg\n|c|\u2606schweep|gg\n|-message|Camep forfeited.\n|\n|win|schweep\n|raw|Camep's rating: 1307 &rarr; <strong>1292<\/strong><br \/>(-15 for losing)\n|raw|schweep's rating: 1395 &rarr; <strong>1410<\/strong><br \/>(+15 for winning)\n|l|\u2606Camep\n|l|\u2606schweep\n","uploadtime":1699299151,"views":9,"p1id":"camep","p2id":"schweep","formatid":"gen9doublesou","rating":1292,"private":0,"password":""}