{"id":"gen9doublesou-1975694144","p1":"Pikesito","p2":"iNatu","format":"[Gen 9] Doubles OU","log":"|j|\u2606Pikesito\n|j|\u2606iNatu\n|inactive|Battle timer is ON: inactive players will automatically lose when time's up.\n|t:|1698226183\n|gametype|doubles\n|player|p1|Pikesito|penny|\n|player|p2|iNatu|psychic-gen4|\n|teamsize|p1|6\n|teamsize|p2|6\n|gen|9\n|tier|[Gen 9] Doubles OU\n|rated|Tournament battle\n|rule|Species Clause: Limit one of each Pok\u00e9mon\n|rule|OHKO Clause: OHKO moves are banned\n|rule|Evasion Moves Clause: Evasion moves are banned\n|rule|Gravity Sleep Clause: The combination of sleep-inducing moves with imperfect accuracy and Gravity or Gigantamax Orbeetle are banned\n|rule|Endless Battle Clause: Forcing endless battles is banned\n|rule|HP Percentage Mod: HP is shown in percentages\n|clearpoke\n|poke|p1|Nymble, M|\n|poke|p1|Tynamo, M|\n|poke|p1|Kingambit, F|\n|poke|p1|Quaquaval, M|\n|poke|p1|Magnemite|\n|poke|p1|Hatenna, F|\n|poke|p2|Graveler, M|\n|poke|p2|Varoom, M|\n|poke|p2|Shinx, F|\n|poke|p2|Gulpin, F|\n|poke|p2|Dragapult, M|\n|poke|p2|Impidimp, M|\n|teampreview\n|j|*Lady Monita \u263d\n|inactive|Pikesito also wants the timer to be on.\n|c|\u2606iNatu|glhf\n|\n|t:|1698226199\n|start\n|switch|p1a: Nymble|Nymble, M|100\/100\n|switch|p1b: Magnemite|Magnemite|100\/100\n|switch|p2a: Impidimp|Impidimp, M|100\/100\n|switch|p2b: Shinx|Shinx, F|100\/100\n|-ability|p2b: Shinx|Intimidate|boost\n|-unboost|p1a: Nymble|atk|1\n|-unboost|p1b: Magnemite|atk|1\n|turn|1\n|j| Blonking\n|j| agarsan\n|inactive|iNatu has 120 seconds left.\n|j| hpl12345\n|inactive|iNatu has 90 seconds left.\n|inactive|iNatu has 60 seconds left.\n|\n|t:|1698226295\n|move|p2a: Impidimp|Fake Out|p1a: Nymble\n|-damage|p1a: Nymble|73\/100\n|cant|p1a: Nymble|flinch\n|move|p1b: Magnemite|Flash Cannon|p2a: Impidimp\n|-supereffective|p2a: Impidimp\n|-damage|p2a: Impidimp|0 fnt\n|faint|p2a: Impidimp\n|move|p2b: Shinx|Wild Charge|p1a: Nymble\n|-damage|p1a: Nymble|0 fnt\n|faint|p1a: Nymble\n|-damage|p2b: Shinx|88\/100|[from] Recoil\n|\n|upkeep\n|\n|t:|1698226313\n|switch|p1a: Tynamo|Tynamo, M|100\/100\n|switch|p2a: Gulpin|Gulpin, F|100\/100\n|turn|2\n|l| Blonking\n|inactive|iNatu has 90 seconds left.\n|\n|t:|1698226335\n|move|p1a: Tynamo|Knock Off|p2a: Gulpin\n|-damage|p2a: Gulpin|79\/100\n|-enditem|p2a: Gulpin|Eviolite|[from] move: Knock Off|[of] p1a: Tynamo\n|-damage|p1a: Tynamo|91\/100|[from] item: Life Orb\n|move|p1b: Magnemite|Flash Cannon|p2a: Gulpin\n|-damage|p2a: Gulpin|22\/100\n|-unboost|p2a: Gulpin|spd|1\n|move|p2b: Shinx|Crunch|p1b: Magnemite\n|-damage|p1b: Magnemite|52\/100\n|-unboost|p1b: Magnemite|def|1\n|move|p2a: Gulpin|Poison Jab|p1a: Tynamo\n|-damage|p1a: Tynamo|41\/100\n|\n|upkeep\n|turn|3\n|inactive|iNatu has 90 seconds left.\n|\n|t:|1698226352\n|move|p2a: Gulpin|Protect|p2a: Gulpin\n|-singleturn|p2a: Gulpin|Protect\n|move|p1a: Tynamo|Knock Off|p2b: Shinx\n|-damage|p2b: Shinx|53\/100\n|-enditem|p2b: Shinx|Eviolite|[from] move: Knock Off|[of] p1a: Tynamo\n|-damage|p1a: Tynamo|31\/100|[from] item: Life Orb\n|move|p1b: Magnemite|Flash Cannon|p2a: Gulpin\n|-activate|p2a: Gulpin|move: Protect\n|move|p2b: Shinx|Crunch|p1b: Magnemite\n|-damage|p1b: Magnemite|0 fnt\n|faint|p1b: Magnemite\n|\n|upkeep\n|\n|t:|1698226356\n|switch|p1b: Quaquaval|Quaquaval, M|100\/100\n|turn|4\n|\n|t:|1698226379\n|switch|p2b: Dragapult|Dragapult, M|100\/100\n|move|p1b: Quaquaval|Aqua Step|p2b: Dragapult\n|-resisted|p2b: Dragapult\n|-damage|p2b: Dragapult|69\/100\n|-boost|p1b: Quaquaval|spe|1\n|move|p1a: Tynamo|Tera Blast|p2a: Gulpin\n|-damage|p2a: Gulpin|0 fnt\n|faint|p2a: Gulpin\n|-damage|p1a: Tynamo|21\/100|[from] item: Life Orb\n|\n|upkeep\n|\n|t:|1698226381\n|switch|p2a: Shinx|Shinx, F|53\/100\n|-ability|p2a: Shinx|Intimidate|boost\n|-unboost|p1a: Tynamo|atk|1\n|-unboost|p1b: Quaquaval|atk|1\n|turn|5\n|inactive|iNatu has 120 seconds left.\n|\n|t:|1698226397\n|move|p2b: Dragapult|Shadow Ball|p1b: Quaquaval\n|-damage|p1b: Quaquaval|48\/100\n|-damage|p2b: Dragapult|59\/100|[from] item: Life Orb\n|move|p1b: Quaquaval|Aqua Step|p2a: Shinx\n|-damage|p2a: Shinx|0 fnt\n|-boost|p1b: Quaquaval|spe|1\n|faint|p2a: Shinx\n|-ability|p1b: Quaquaval|Moxie|boost\n|-boost|p1b: Quaquaval|atk|1\n|move|p1a: Tynamo|Knock Off|p2b: Dragapult\n|-supereffective|p2b: Dragapult\n|-damage|p2b: Dragapult|27\/100\n|-enditem|p2b: Dragapult|Life Orb|[from] move: Knock Off|[of] p1a: Tynamo\n|-damage|p1a: Tynamo|11\/100|[from] item: Life Orb\n|\n|-heal|p1b: Quaquaval|54\/100|[from] item: Leftovers\n|upkeep\n|\n|t:|1698226405\n|switch|p2a: Varoom|Varoom, M|100\/100\n|turn|6\n|inactive|iNatu has 120 seconds left.\n|\n|t:|1698226429\n|move|p2b: Dragapult|Protect|p2b: Dragapult\n|-singleturn|p2b: Dragapult|Protect\n|move|p1b: Quaquaval|Aqua Step|p2b: Dragapult\n|-activate|p2b: Dragapult|move: Protect\n|move|p1a: Tynamo|Knock Off|p2a: Varoom\n|-damage|p2a: Varoom|88\/100\n|-enditem|p2a: Varoom|Eviolite|[from] move: Knock Off|[of] p1a: Tynamo\n|-damage|p1a: Tynamo|1\/100|[from] item: Life Orb\n|move|p2a: Varoom|Gunk Shot|p1b: Quaquaval|[miss]\n|-miss|p2a: Varoom|p1b: Quaquaval\n|\n|-heal|p1b: Quaquaval|60\/100|[from] item: Leftovers\n|upkeep\n|turn|7\n|\n|t:|1698226443\n|move|p1b: Quaquaval|Aqua Step|p2b: Dragapult\n|-resisted|p2b: Dragapult\n|-damage|p2b: Dragapult|0 fnt\n|-boost|p1b: Quaquaval|spe|1\n|faint|p2b: Dragapult\n|-ability|p1b: Quaquaval|Moxie|boost\n|-boost|p1b: Quaquaval|atk|1\n|move|p1a: Tynamo|Thunder Wave|p2a: Varoom\n|-status|p2a: Varoom|par\n|move|p2a: Varoom|Gunk Shot|p1b: Quaquaval\n|-damage|p1b: Quaquaval|23\/100\n|\n|-heal|p1b: Quaquaval|29\/100|[from] item: Leftovers\n|upkeep\n|\n|t:|1698226446\n|switch|p2b: Graveler|Graveler, M|100\/100\n|turn|8\n|j| JohnTheFort\n|c|\u2606Pikesito|Gg\n|\n|t:|1698226466\n|-terastallize|p2b: Graveler|Water\n|move|p1b: Quaquaval|Aqua Step|p2b: Graveler\n|-resisted|p2b: Graveler\n|-damage|p2b: Graveler|82\/100\n|-boost|p1b: Quaquaval|spe|1\n|move|p1a: Tynamo|Knock Off|p2b: Graveler\n|-damage|p2b: Graveler|75\/100\n|-enditem|p2b: Graveler|Eviolite|[from] move: Knock Off|[of] p1a: Tynamo\n|-damage|p1a: Tynamo|0 fnt|[from] item: Life Orb\n|faint|p1a: Tynamo\n|move|p2b: Graveler|Rock Slide|p1b: Quaquaval\n|-resisted|p1b: Quaquaval\n|-damage|p1b: Quaquaval|11\/100\n|cant|p2a: Varoom|par\n|\n|-heal|p1b: Quaquaval|17\/100|[from] item: Leftovers\n|upkeep\n|\n|t:|1698226470\n|switch|p1a: Kingambit|Kingambit, F|100\/100\n|-activate|p1a: Kingambit|ability: Supreme Overlord\n|-start|p1a: Kingambit|fallen3|[silent]\n|turn|9\n|\n|t:|1698226489\n|-terastallize|p1a: Kingambit|Flying\n|move|p2b: Graveler|Protect|p2b: Graveler\n|-singleturn|p2b: Graveler|Protect\n|move|p1b: Quaquaval|Close Combat|p2b: Graveler\n|-activate|p2b: Graveler|move: Protect\n|move|p1a: Kingambit|Kowtow Cleave|p2a: Varoom\n|-damage|p2a: Varoom|0 fnt\n|faint|p2a: Varoom\n|\n|-heal|p1b: Quaquaval|23\/100|[from] item: Leftovers\n|upkeep\n|turn|10\n|c| agarsan|gg\n|c|\u2606iNatu|gg\n|\n|t:|1698226499\n|move|p1b: Quaquaval|Close Combat|p2b: Graveler\n|-damage|p2b: Graveler|0 fnt\n|-unboost|p1b: Quaquaval|def|1\n|-unboost|p1b: Quaquaval|spd|1\n|faint|p2b: Graveler\n|\n|win|Pikesito\n|n|\u2606Pikesito|pikesito\n|n|\u2606iNatu|inatu\n|n|*Lady Monita \u263d|ladymonita\n|n| agarsan|agarsan\n|n| hpl12345|hpl12345\n|n| JohnTheFort|johnthefort\n","uploadtime":1698226500,"views":17,"p1id":"pikesito","p2id":"inatu","formatid":"gen9doublesou","rating":0,"private":0,"password":""}