{"id":"gen9doublesou-1984869628","p1":"Gen fiverrr","p2":"Rexluser","format":"[Gen 9] Doubles OU","log":"|j|\u2606Gen fiverrr\n|j|\u2606Rexluser\n|t:|1699306087\n|gametype|doubles\n|player|p1|Gen fiverrr|alder|1169\n|player|p2|Rexluser|101|1303\n|teamsize|p1|6\n|teamsize|p2|6\n|gen|9\n|tier|[Gen 9] Doubles OU\n|rated|\n|rule|Species Clause: Limit one of each Pok\u00e9mon\n|rule|OHKO Clause: OHKO moves are banned\n|rule|Evasion Moves Clause: Evasion moves are banned\n|rule|Gravity Sleep Clause: The combination of sleep-inducing moves with imperfect accuracy and Gravity or Gigantamax Orbeetle are banned\n|rule|Endless Battle Clause: Forcing endless battles is banned\n|rule|HP Percentage Mod: HP is shown in percentages\n|clearpoke\n|poke|p1|Stantler, M|\n|poke|p1|Articuno-Galar|\n|poke|p1|Sylveon, M|\n|poke|p1|Grimmsnarl, M|\n|poke|p1|Kleavor, M|\n|poke|p1|Forretress, F|\n|poke|p2|Golem-Alola, M|\n|poke|p2|Rabsca, F|\n|poke|p2|Ursaluna-Bloodmoon, M|\n|poke|p2|Empoleon, F|\n|poke|p2|Wyrdeer, F|\n|poke|p2|Brute Bonnet|\n|teampreview\n|inactive|Battle timer is ON: inactive players will automatically lose when time's up. (requested by Rexluser)\n|c|\u2606Gen fiverrr|look stantler it's dadntler\n|\n|t:|1699306112\n|start\n|switch|p1a: Forretress|Forretress, F|100\/100\n|switch|p1b: Kleavor|Kleavor, M|100\/100\n|switch|p2a: Golem|Golem-Alola, M|100\/100\n|switch|p2b: Rabsca|Rabsca, F|100\/100\n|turn|1\n|\n|t:|1699306127\n|move|p1b: Kleavor|Stone Axe|p2b: Rabsca\n|-supereffective|p2b: Rabsca\n|-damage|p2b: Rabsca|19\/100\n|-sidestart|p2: Rexluser|move: Stealth Rock\n|move|p2a: Golem|Explosion|p1b: Kleavor|[spread] p1a,p1b\n|-activate|p2b: Rabsca|ability: Telepathy\n|-ability|p1a: Forretress|Sturdy\n|-damage|p1a: Forretress|1\/100\n|-damage|p1b: Kleavor|0 fnt\n|-enditem|p1a: Forretress|Iapapa Berry|[eat]\n|-heal|p1a: Forretress|34\/100|[from] item: Iapapa Berry\n|faint|p2a: Golem\n|faint|p1b: Kleavor\n|move|p1a: Forretress|Spikes|p2b: Rabsca\n|-sidestart|p2: Rexluser|Spikes\n|move|p2b: Rabsca|Trick Room|p2b: Rabsca\n|-fieldstart|move: Trick Room|[of] p2b: Rabsca\n|\n|upkeep\n|\n|t:|1699306145\n|switch|p2a: Ursaluna|Ursaluna-Bloodmoon, M|100\/100\n|switch|p1b: Stantler|Stantler, M|100\/100\n|-damage|p2a: Ursaluna|94\/100|[from] Stealth Rock\n|-damage|p2a: Ursaluna|82\/100|[from] Spikes\n|-ability|p1b: Stantler|Intimidate|boost\n|-unboost|p2a: Ursaluna|atk|1\n|-unboost|p2b: Rabsca|atk|1\n|turn|2\n|inactive|Gen fiverrr has 120 seconds left.\n|\n|t:|1699306178\n|-terastallize|p2a: Ursaluna|Normal\n|move|p1a: Forretress|Explosion|p2b: Rabsca|[spread] p1b,p2a,p2b\n|-damage|p1b: Stantler|44\/100\n|-damage|p2a: Ursaluna|46\/100\n|-damage|p2b: Rabsca|0 fnt\n|faint|p1a: Forretress\n|faint|p2b: Rabsca\n|move|p2a: Ursaluna|Hyper Voice|p1b: Stantler\n|-crit|p1b: Stantler\n|-damage|p1b: Stantler|0 fnt\n|faint|p1b: Stantler\n|-enditem|p2a: Ursaluna|Throat Spray\n|-boost|p2a: Ursaluna|spa|1|[from] item: Throat Spray\n|\n|upkeep\n|\n|t:|1699306198\n|switch|p1a: Sylveon|Sylveon, M|100\/100\n|switch|p2b: Brute Bonnet|Brute Bonnet|100\/100\n|switch|p1b: Grimmsnarl|Grimmsnarl, M|100\/100\n|-damage|p2b: Brute Bonnet|88\/100|[from] Stealth Rock\n|-damage|p2b: Brute Bonnet|76\/100|[from] Spikes\n|turn|3\n|\n|t:|1699306213\n|move|p1b: Grimmsnarl|Fake Out|p2a: Ursaluna\n|-damage|p2a: Ursaluna|38\/100\n|cant|p2a: Ursaluna|flinch\n|move|p2b: Brute Bonnet|Bullet Seed|p1a: Sylveon\n|-damage|p1a: Sylveon|79\/100\n|-damage|p1a: Sylveon|57\/100\n|-damage|p1a: Sylveon|36\/100\n|-damage|p1a: Sylveon|15\/100\n|-hitcount|p1a: Sylveon|4\n|move|p1a: Sylveon|Psych Up|p2a: Ursaluna\n|-copyboost|p1a: Sylveon|p2a: Ursaluna|[from] move: Psych Up\n|\n|-heal|p1a: Sylveon|21\/100|[from] item: Leftovers\n|upkeep\n|turn|4\n|\n|t:|1699306235\n|move|p1b: Grimmsnarl|Parting Shot|p2a: Ursaluna\n|-unboost|p2a: Ursaluna|atk|1\n|-unboost|p2a: Ursaluna|spa|1\n|\n|t:|1699306238\n|switch|p1b: Articuno|Articuno-Galar|100\/100|[from] Parting Shot\n|move|p2a: Ursaluna|Hyper Voice|p1a: Sylveon|[spread] p1a,p1b\n|-damage|p1a: Sylveon|0 fnt\n|-damage|p1b: Articuno|46\/100\n|faint|p1a: Sylveon\n|move|p2b: Brute Bonnet|Bullet Seed|p1b: Articuno\n|-resisted|p1b: Articuno\n|-damage|p1b: Articuno|37\/100\n|-resisted|p1b: Articuno\n|-damage|p1b: Articuno|29\/100\n|-resisted|p1b: Articuno\n|-damage|p1b: Articuno|20\/100\n|-resisted|p1b: Articuno\n|-damage|p1b: Articuno|12\/100\n|-hitcount|p1b: Articuno|4\n|\n|upkeep\n|\n|t:|1699306251\n|switch|p1a: Grimmsnarl|Grimmsnarl, M|100\/100\n|turn|5\n|\n|t:|1699306258\n|move|p1b: Articuno|Protect|p1b: Articuno\n|-singleturn|p1b: Articuno|Protect\n|move|p1a: Grimmsnarl|Reflect|p1a: Grimmsnarl\n|-sidestart|p1: Gen fiverrr|Reflect\n|move|p2a: Ursaluna|Hyper Voice|p1b: Articuno|[spread] p1a\n|-activate|p1b: Articuno|move: Protect\n|-damage|p1a: Grimmsnarl|61\/100\n|-enditem|p1a: Grimmsnarl|Red Card|[of] p2a: Ursaluna\n|drag|p2a: Wyrdeer|Wyrdeer, F|100\/100\n|-damage|p2a: Wyrdeer|88\/100|[from] Stealth Rock\n|-damage|p2a: Wyrdeer|76\/100|[from] Spikes\n|-ability|p2a: Wyrdeer|Intimidate|boost\n|-unboost|p1a: Grimmsnarl|atk|1\n|-unboost|p1b: Articuno|atk|1\n|-ability|p1b: Articuno|Competitive|boost\n|-boost|p1b: Articuno|spa|2\n|-enditem|p1b: Articuno|Adrenaline Orb\n|-boost|p1b: Articuno|spe|1|[from] item: Adrenaline Orb\n|move|p2b: Brute Bonnet|Bullet Seed|p1a: Grimmsnarl\n|-damage|p1a: Grimmsnarl|49\/100\n|-damage|p1a: Grimmsnarl|38\/100\n|-damage|p1a: Grimmsnarl|27\/100\n|-damage|p1a: Grimmsnarl|16\/100\n|-hitcount|p1a: Grimmsnarl|4\n|\n|-fieldend|move: Trick Room\n|upkeep\n|turn|6\n|inactive|Gen fiverrr has 120 seconds left.\n|\n|t:|1699306289\n|move|p1a: Grimmsnarl|Parting Shot|p2a: Wyrdeer\n|-unboost|p2a: Wyrdeer|atk|1\n|-unboost|p2a: Wyrdeer|spa|1\n|move|p2b: Brute Bonnet|Sucker Punch|p1b: Articuno\n|-supereffective|p1b: Articuno\n|-damage|p1b: Articuno|0 fnt\n|faint|p1b: Articuno\n|move|p2a: Wyrdeer|Trick Room|p2a: Wyrdeer\n|-fieldstart|move: Trick Room|[of] p2a: Wyrdeer\n|\n|upkeep\n|turn|7\n|-message|Gen fiverrr forfeited.\n|\n|win|Rexluser\n|raw|Gen fiverrr's rating: 1169 &rarr; <strong>1153<\/strong><br \/>(-16 for losing)\n|raw|Rexluser's rating: 1303 &rarr; <strong>1316<\/strong><br \/>(+13 for winning)\n|l|\u2606Gen fiverrr\n","uploadtime":1699306301,"views":9,"p1id":"genfiverrr","p2id":"rexluser","formatid":"gen9doublesou","rating":1153,"private":0,"password":""}