{"id":"gen9doublesou-1999843911","p1":"MattCol","p2":"gonegeb","format":"[Gen 9] Doubles OU","log":"|j|\u2606MattCol\n|j|\u2606gonegeb\n|t:|1701122019\n|gametype|doubles\n|player|p1|MattCol|170|\n|player|p2|gonegeb|alain|\n|teamsize|p1|6\n|teamsize|p2|6\n|gen|9\n|tier|[Gen 9] Doubles OU\n|rule|Species Clause: Limit one of each Pok\u00e9mon\n|rule|OHKO Clause: OHKO moves are banned\n|rule|Evasion Moves Clause: Evasion moves are banned\n|rule|Gravity Sleep Clause: The combination of sleep-inducing moves with imperfect accuracy and Gravity or Gigantamax Orbeetle are banned\n|rule|Endless Battle Clause: Forcing endless battles is banned\n|rule|HP Percentage Mod: HP is shown in percentages\n|clearpoke\n|poke|p1|Quaquaval, M|\n|poke|p1|Baxcalibur, M|\n|poke|p1|Cinderace, F|\n|poke|p1|Slowbro-Galar, F|\n|poke|p1|Zarude-Dada|\n|poke|p1|Pelipper, F|\n|poke|p2|Lucario, M|\n|poke|p2|Umbreon, M|\n|poke|p2|Arcanine, F|\n|poke|p2|Maushold|\n|poke|p2|Ceruledge, M|\n|poke|p2|Torkoal, M|\n|teampreview\n|\n|t:|1701122039\n|start\n|switch|p1a: Cinderace|Cinderace, F|100\/100\n|switch|p1b: Slowbro|Slowbro-Galar, F|100\/100\n|switch|p2a: Ceruledge|Ceruledge, M, shiny|100\/100\n|switch|p2b: Torkoal|Torkoal, M, shiny|100\/100\n|-weather|SunnyDay|[from] ability: Drought|[of] p2b: Torkoal\n|turn|1\n|c|\u2606MattCol|Gg\n|\n|t:|1701122061\n|switch|p2b: Arcanine|Arcanine, F, shiny|100\/100\n|-ability|p2b: Arcanine|Intimidate|boost\n|-unboost|p1a: Cinderace|atk|1\n|-unboost|p1b: Slowbro|atk|1\n|move|p1a: Cinderace|U-turn|p2a: Ceruledge\n|-start|p1a: Cinderace|typechange|Bug|[from] ability: Libero\n|-resisted|p2a: Ceruledge\n|-damage|p2a: Ceruledge|92\/100\n|-damage|p1a: Cinderace|91\/100|[from] item: Life Orb\n|\n|t:|1701122070\n|switch|p1a: Pelipper|Pelipper, F|100\/100|[from] U-turn\n|-weather|RainDance|[from] ability: Drizzle|[of] p1a: Pelipper\n|move|p2a: Ceruledge|Bitter Blade|p1b: Slowbro\n|-damage|p1b: Slowbro|85\/100\n|-heal|p2a: Ceruledge|100\/100|[from] drain|[of] p1b: Slowbro\n|move|p1b: Slowbro|Nasty Plot|p1b: Slowbro\n|-boost|p1b: Slowbro|spa|2\n|\n|-weather|RainDance|[upkeep]\n|upkeep\n|turn|2\n|-activate|p1b: Slowbro|item: Quick Claw\n|\n|t:|1701122092\n|switch|p2b: Torkoal|Torkoal, M, shiny|100\/100\n|-weather|SunnyDay|[from] ability: Drought|[of] p2b: Torkoal\n|switch|p1a: Cinderace|Cinderace, F|91\/100\n|move|p1b: Slowbro|Hydro Pump|p2a: Ceruledge|[miss]\n|-miss|p1b: Slowbro|p2a: Ceruledge\n|move|p2a: Ceruledge|Bitter Blade|p1b: Slowbro\n|-damage|p1b: Slowbro|30\/100\n|\n|-weather|SunnyDay|[upkeep]\n|upkeep\n|turn|3\n|c|\u2606MattCol|Nvm I guess\n|\n|t:|1701122118\n|switch|p1a: Pelipper|Pelipper, F|100\/100\n|-weather|RainDance|[from] ability: Drizzle|[of] p1a: Pelipper\n|switch|p2b: Arcanine|Arcanine, F, shiny|100\/100\n|-ability|p2b: Arcanine|Intimidate|boost\n|-unboost|p1a: Pelipper|atk|1\n|-unboost|p1b: Slowbro|atk|1\n|move|p2a: Ceruledge|Shadow Sneak|p1b: Slowbro\n|-supereffective|p1b: Slowbro\n|-damage|p1b: Slowbro|0 fnt\n|faint|p1b: Slowbro\n|\n|-weather|RainDance|[upkeep]\n|upkeep\n|c|\u2606gonegeb|nono\n|c|\u2606gonegeb|gg\n|c|\u2606gonegeb|lmao\n|\n|t:|1701122145\n|switch|p1b: Zarude|Zarude-Dada|100\/100\n|turn|4\n|c|\u2606gonegeb|yOuR tEaM iS sO StUpID (ice cube emoji)\n|\n|t:|1701122161\n|switch|p2b: Torkoal|Torkoal, M, shiny|100\/100\n|-weather|SunnyDay|[from] ability: Drought|[of] p2b: Torkoal\n|move|p1b: Zarude|Dark Pulse|p2a: Ceruledge\n|-supereffective|p2a: Ceruledge\n|-damage|p2a: Ceruledge|59\/100\n|-enditem|p2a: Ceruledge|Weakness Policy\n|-boost|p2a: Ceruledge|atk|2|[from] item: Weakness Policy\n|-boost|p2a: Ceruledge|spa|2|[from] item: Weakness Policy\n|move|p2a: Ceruledge|Bitter Blade|p1b: Zarude\n|-supereffective|p1b: Zarude\n|-enditem|p1b: Zarude|Focus Sash\n|-damage|p1b: Zarude|1\/100\n|-heal|p2a: Ceruledge|100\/100|[from] drain|[of] p1b: Zarude\n|move|p1a: Pelipper|Tailwind|p1a: Pelipper\n|-sidestart|p1: MattCol|move: Tailwind\n|\n|-weather|SunnyDay|[upkeep]\n|upkeep\n|turn|5\n|\n|t:|1701122187\n|switch|p2b: Arcanine|Arcanine, F, shiny|100\/100\n|-ability|p2b: Arcanine|Intimidate|boost\n|-unboost|p1a: Pelipper|atk|1\n|-unboost|p1b: Zarude|atk|1\n|move|p1b: Zarude|Dark Pulse|p2a: Ceruledge\n|-supereffective|p2a: Ceruledge\n|-damage|p2a: Ceruledge|60\/100\n|move|p1a: Pelipper|Hydro Pump|p2a: Ceruledge\n|-supereffective|p2a: Ceruledge\n|-damage|p2a: Ceruledge|29\/100\n|cant|p2a: Ceruledge|flinch\n|\n|-weather|SunnyDay|[upkeep]\n|upkeep\n|turn|6\n|\n|t:|1701122229\n|switch|p1b: Cinderace|Cinderace, F|91\/100\n|move|p2a: Ceruledge|Protect|p2a: Ceruledge\n|-singleturn|p2a: Ceruledge|Protect\n|move|p2b: Arcanine|Extreme Speed|p1b: Cinderace\n|-damage|p1b: Cinderace|62\/100\n|move|p1a: Pelipper|Hydro Pump|p2a: Ceruledge\n|-activate|p2a: Ceruledge|move: Protect\n|\n|-weather|SunnyDay|[upkeep]\n|upkeep\n|turn|7\n|c|\u2606gonegeb|thats why\n|c|\u2606gonegeb|i see\n|c|\u2606gonegeb|the flinch game\n|\n|t:|1701122266\n|-terastallize|p2a: Ceruledge|Water\n|move|p2b: Arcanine|Extreme Speed|p1a: Pelipper\n|-damage|p1a: Pelipper|80\/100\n|move|p1b: Cinderace|U-turn|p2a: Ceruledge\n|-start|p1b: Cinderace|typechange|Bug|[from] ability: Libero\n|-damage|p2a: Ceruledge|0 fnt\n|faint|p2a: Ceruledge\n|-damage|p1b: Cinderace|52\/100|[from] item: Life Orb\n|c|\u2606gonegeb|NO EJECT BUTTON\n|c|\u2606gonegeb|i shouldve played it safe\n|\n|t:|1701122350\n|switch|p1b: Baxcalibur|Baxcalibur, M|100\/100|[from] U-turn\n|move|p1a: Pelipper|Hydro Pump|p2b: Arcanine|[miss]\n|-miss|p1a: Pelipper|p2b: Arcanine\n|\n|-weather|SunnyDay|[upkeep]\n|-sideend|p1: MattCol|move: Tailwind\n|upkeep\n|\n|t:|1701122370\n|switch|p2a: Umbreon|Umbreon, M, shiny|100\/100\n|turn|8\n|\n|t:|1701122393\n|switch|p2b: Maushold|Maushold|100\/100\n|-terastallize|p1b: Baxcalibur|Ground\n|move|p1b: Baxcalibur|Earthquake|p2b: Maushold|[spread] p2a,p2b\n|-immune|p1a: Pelipper\n|-damage|p2a: Umbreon|71\/100\n|-damage|p2b: Maushold|40\/100\n|-enditem|p2b: Maushold|Sitrus Berry|[eat]\n|-heal|p2b: Maushold|65\/100|[from] item: Sitrus Berry\n|-heal|p2b: Maushold|98\/100|[from] ability: Cheek Pouch\n|move|p2a: Umbreon|Foul Play|p1b: Baxcalibur\n|-damage|p1b: Baxcalibur|46\/100\n|move|p1a: Pelipper|Tailwind|p1a: Pelipper\n|-sidestart|p1: MattCol|move: Tailwind\n|\n|-weather|none\n|-heal|p2a: Umbreon|77\/100|[from] item: Leftovers\n|upkeep\n|turn|9\n|\n|t:|1701122431\n|move|p1b: Baxcalibur|Icicle Spear|p2a: Umbreon\n|-damage|p2a: Umbreon|66\/100\n|-damage|p2a: Umbreon|57\/100\n|-damage|p2a: Umbreon|46\/100\n|-damage|p2a: Umbreon|35\/100\n|-damage|p2a: Umbreon|24\/100\n|-hitcount|p2a: Umbreon|5\n|move|p2b: Maushold|Taunt|p1a: Pelipper\n|-start|p1a: Pelipper|move: Taunt\n|move|p1a: Pelipper|Hurricane|p2a: Umbreon\n|-damage|p2a: Umbreon|0 fnt\n|faint|p2a: Umbreon\n|\n|upkeep\n|\n|t:|1701122451\n|switch|p2a: Arcanine|Arcanine, F, shiny|100\/100\n|-ability|p2a: Arcanine|Intimidate|boost\n|-unboost|p1a: Pelipper|atk|1\n|-unboost|p1b: Baxcalibur|atk|1\n|turn|10\n|\n|t:|1701122492\n|switch|p1a: Cinderace|Cinderace, F|52\/100\n|switch|p2a: Torkoal|Torkoal, M, shiny|100\/100\n|-weather|SunnyDay|[from] ability: Drought|[of] p2a: Torkoal\n|move|p1b: Baxcalibur|Protect|p1b: Baxcalibur\n|-singleturn|p1b: Baxcalibur|Protect\n|move|p2b: Maushold|Taunt|p1b: Baxcalibur\n|-activate|p1b: Baxcalibur|move: Protect\n|\n|-weather|SunnyDay|[upkeep]\n|upkeep\n|turn|11\n|\n|t:|1701122519\n|switch|p1b: Zarude|Zarude-Dada|1\/100\n|switch|p2a: Arcanine|Arcanine, F, shiny|100\/100\n|-ability|p2a: Arcanine|Intimidate|boost\n|-unboost|p1a: Cinderace|atk|1\n|-unboost|p1b: Zarude|atk|1\n|move|p1a: Cinderace|Pyro Ball|p2a: Arcanine\n|-resisted|p2a: Arcanine\n|-damage|p2a: Arcanine|71\/100\n|-damage|p1a: Cinderace|42\/100|[from] item: Life Orb\n|move|p2b: Maushold|Encore||[still]\n|-fail|p2b: Maushold\n|\n|-weather|SunnyDay|[upkeep]\n|-sideend|p1: MattCol|move: Tailwind\n|upkeep\n|turn|12\n|\n|t:|1701122545\n|move|p2a: Arcanine|Extreme Speed|p1a: Cinderace\n|-damage|p1a: Cinderace|12\/100\n|move|p1a: Cinderace|Pyro Ball|p2a: Arcanine\n|-resisted|p2a: Arcanine\n|-damage|p2a: Arcanine|42\/100\n|-damage|p1a: Cinderace|2\/100|[from] item: Life Orb\n|move|p2b: Maushold|Beat Up|p1b: Zarude\n|-resisted|p1b: Zarude\n|-damage|p1b: Zarude|0 fnt\n|faint|p1b: Zarude\n|-hitcount|p1: Zarude|1\n|\n|-weather|SunnyDay|[upkeep]\n|upkeep\n|\n|t:|1701122561\n|switch|p1b: Pelipper|Pelipper, F|80\/100\n|-weather|RainDance|[from] ability: Drizzle|[of] p1b: Pelipper\n|turn|13\n|l|\u2606gonegeb\n|player|p2|\n|j|\u2606gonegeb\n|player|p2|gonegeb|alain\n|\n|t:|1701122664\n|move|p2a: Arcanine|Extreme Speed|p1a: Cinderace\n|-damage|p1a: Cinderace|0 fnt\n|faint|p1a: Cinderace\n|move|p2b: Maushold|Taunt|p1b: Pelipper\n|-start|p1b: Pelipper|move: Taunt\n|move|p1b: Pelipper|Hydro Pump|p2a: Arcanine\n|-supereffective|p2a: Arcanine\n|-damage|p2a: Arcanine|0 fnt\n|faint|p2a: Arcanine\n|\n|-weather|RainDance|[upkeep]\n|upkeep\n|\n|t:|1701122678\n|switch|p1a: Baxcalibur|Baxcalibur, M, tera:Ground|46\/100\n|switch|p2a: Torkoal|Torkoal, M, shiny|100\/100\n|-weather|SunnyDay|[from] ability: Drought|[of] p2a: Torkoal\n|turn|14\n|\n|t:|1701122710\n|move|p1a: Baxcalibur|Protect|p1a: Baxcalibur\n|-singleturn|p1a: Baxcalibur|Protect\n|move|p2b: Maushold|Taunt|p1a: Baxcalibur\n|-activate|p1a: Baxcalibur|move: Protect\n|move|p1b: Pelipper|Hydro Pump|p2a: Torkoal\n|-supereffective|p2a: Torkoal\n|-damage|p2a: Torkoal|46\/100\n|move|p2a: Torkoal|Lava Plume|p1b: Pelipper|[spread] p2b,p1b\n|-activate|p1a: Baxcalibur|move: Protect\n|-resisted|p1b: Pelipper\n|-damage|p2b: Maushold|48\/100\n|-damage|p1b: Pelipper|59\/100\n|\n|-weather|SunnyDay|[upkeep]\n|upkeep\n|turn|15\n|\n|t:|1701122738\n|move|p2a: Torkoal|Protect|p2a: Torkoal\n|-singleturn|p2a: Torkoal|Protect\n|move|p2b: Maushold|Encore|p1a: Baxcalibur\n|-start|p1a: Baxcalibur|Encore\n|move|p1a: Baxcalibur|Protect||[still]\n|-fail|p1a: Baxcalibur\n|move|p1b: Pelipper|Hydro Pump|p2a: Torkoal\n|-activate|p2a: Torkoal|move: Protect\n|\n|-weather|SunnyDay|[upkeep]\n|-end|p1b: Pelipper|move: Taunt\n|upkeep\n|turn|16\n|l|\u2606gonegeb\n|player|p2|\n|j|\u2606gonegeb\n|player|p2|gonegeb|alain\n|\n|t:|1701122798\n|switch|p1a: Quaquaval|Quaquaval, M|100\/100\n|switch|p2a: Lucario|Lucario, M|100\/100\n|move|p2b: Maushold|Taunt|p1b: Pelipper\n|-start|p1b: Pelipper|move: Taunt\n|move|p1b: Pelipper|Hydro Pump|p2b: Maushold\n|-damage|p2b: Maushold|23\/100\n|\n|-weather|SunnyDay|[upkeep]\n|upkeep\n|turn|17\n|\n|t:|1701123003\n|move|p2b: Maushold|Beat Up|p2a: Lucario\n|-resisted|p2a: Lucario\n|-damage|p2a: Lucario|98\/100\n|-ability|p2a: Lucario|Justified|boost\n|-boost|p2a: Lucario|atk|1\n|-resisted|p2a: Lucario\n|-damage|p2a: Lucario|96\/100\n|-ability|p2a: Lucario|Justified|boost\n|-boost|p2a: Lucario|atk|1\n|-resisted|p2a: Lucario\n|-damage|p2a: Lucario|94\/100\n|-ability|p2a: Lucario|Justified|boost\n|-boost|p2a: Lucario|atk|1\n|-hitcount|p2a: Lucario|3\n|move|p2a: Lucario|Drain Punch|p1a: Quaquaval\n|-damage|p1a: Quaquaval|0 fnt\n|-heal|p2a: Lucario|100\/100|[from] drain|[of] p1a: Quaquaval\n|faint|p1a: Quaquaval\n|move|p1b: Pelipper|Hydro Pump|p2a: Lucario\n|-damage|p2a: Lucario|68\/100\n|\n|-weather|SunnyDay|[upkeep]\n|upkeep\n|\n|t:|1701123023\n|switch|p1a: Baxcalibur|Baxcalibur, M, tera:Ground|46\/100\n|turn|18\n|l|\u2606gonegeb\n|player|p2|\n|j|\u2606gonegeb\n|player|p2|gonegeb|alain\n|\n|t:|1701123246\n|move|p2b: Maushold|Follow Me|p2b: Maushold\n|-singleturn|p2b: Maushold|move: Follow Me\n|move|p2a: Lucario|Drain Punch|p1b: Pelipper\n|-resisted|p1b: Pelipper\n|-damage|p1b: Pelipper|12\/100\n|-heal|p2a: Lucario|96\/100|[from] drain|[of] p1b: Pelipper\n|move|p1a: Baxcalibur|Earthquake|p2a: Lucario|[spread] p2a,p2b\n|-immune|p1b: Pelipper\n|-supereffective|p2a: Lucario\n|-damage|p2a: Lucario|0 fnt\n|-damage|p2b: Maushold|0 fnt\n|faint|p2a: Lucario\n|faint|p2b: Maushold\n|move|p1b: Pelipper|Hurricane|p2: Lucario|[notarget]\n|-fail|p1b: Pelipper\n|\n|-weather|none\n|-end|p1b: Pelipper|move: Taunt\n|upkeep\n|c|\u2606gonegeb|no way\n|c|\u2606gonegeb|noooooo\n|c|\u2606gonegeb|NOOOOOO\n|c|\u2606gonegeb|you shouldve protected\n|c|\u2606gonegeb|fuuuuuucccckkkk\n|\n|t:|1701123279\n|switch|p2b: Torkoal|Torkoal, M, shiny|46\/100\n|-weather|SunnyDay|[from] ability: Drought|[of] p2b: Torkoal\n|turn|19\n|c|\u2606MattCol|I knew u would think that\n|\n|t:|1701123303\n|move|p1b: Pelipper|Wide Guard|p1b: Pelipper\n|-singleturn|p1b: Pelipper|Wide Guard\n|move|p1a: Baxcalibur|Earthquake|p2b: Torkoal|[spread] p2b\n|-activate|p1b: Pelipper|move: Wide Guard\n|-supereffective|p2b: Torkoal\n|-damage|p2b: Torkoal|0 fnt\n|faint|p2b: Torkoal\n|\n|win|MattCol\n|c|\u2606MattCol|im fucking living in ur head rent free\n|c|\u2606gonegeb|fuck my life\n|c|\u2606gonegeb|the best of three\n","uploadtime":1701123348,"views":22,"p1id":"mattcol","p2id":"gonegeb","formatid":"gen9doublesou","rating":0,"private":0,"password":""}