{"id":"gen9doublesou-1987719763","p1":"spreardon","p2":"Rungy","format":"[Gen 9] Doubles OU","log":"|j|\u2606spreardon\n|j|\u2606Rungy\n|t:|1699630715\n|gametype|doubles\n|player|p1|spreardon|265|1091\n|player|p2|Rungy|gambler|1141\n|teamsize|p1|6\n|teamsize|p2|6\n|gen|9\n|tier|[Gen 9] Doubles OU\n|rated|\n|rule|Species Clause: Limit one of each Pok\u00e9mon\n|rule|OHKO Clause: OHKO moves are banned\n|rule|Evasion Moves Clause: Evasion moves are banned\n|rule|Gravity Sleep Clause: The combination of sleep-inducing moves with imperfect accuracy and Gravity or Gigantamax Orbeetle are banned\n|rule|Endless Battle Clause: Forcing endless battles is banned\n|rule|HP Percentage Mod: HP is shown in percentages\n|clearpoke\n|poke|p1|Gholdengo|\n|poke|p1|Kingambit, M|\n|poke|p1|Rotom-Wash|\n|poke|p1|Dragapult, M|\n|poke|p1|Politoed, F|\n|poke|p1|Eelektross, M|\n|poke|p2|Weezing-Galar, M|\n|poke|p2|Ninetales-Alola, M|\n|poke|p2|Farigiraf, F|\n|poke|p2|Gastrodon-East, M|\n|poke|p2|Wyrdeer, M|\n|poke|p2|Masquerain, M|\n|teampreview\n|c|\u2606Rungy|glhf!\n|\n|t:|1699630728\n|start\n|switch|p1a: Gholdengo|Gholdengo|100\/100\n|switch|p1b: Eelektross|Eelektross, M|100\/100\n|switch|p2a: Assmar|Weezing-Galar, M|100\/100\n|switch|p2b: Mr. Rothschild|Farigiraf, F|100\/100\n|-fieldstart|move: Misty Terrain|[from] ability: Misty Surge|[of] p2a: Assmar\n|turn|1\n|inactive|Battle timer is ON: inactive players will automatically lose when time's up. (requested by spreardon)\n|\n|t:|1699630749\n|switch|p2b: Khan|Gastrodon-East, M|100\/100\n|move|p1a: Gholdengo|Thunder Wave|p2b: Khan\n|-immune|p2b: Khan\n|move|p1b: Eelektross|Thunder Wave|p2a: Assmar\n|-activate|p2a: Assmar|move: Misty Terrain\n|move|p2a: Assmar|Flamethrower|p1a: Gholdengo\n|-supereffective|p1a: Gholdengo\n|-damage|p1a: Gholdengo|55\/100\n|-enditem|p1a: Gholdengo|Red Card|[of] p2a: Assmar\n|drag|p2a: Mr. Rothschild|Farigiraf, F|100\/100\n|\n|upkeep\n|turn|2\n|\n|t:|1699630772\n|switch|p2b: O'deer|Wyrdeer, M|100\/100\n|move|p2a: Mr. Rothschild|Dazzling Gleam|p1b: Eelektross|[spread] p1a,p1b\n|-resisted|p1a: Gholdengo\n|-damage|p1a: Gholdengo|48\/100\n|-damage|p1b: Eelektross|80\/100\n|-enditem|p1b: Eelektross|Red Card|[of] p2a: Mr. Rothschild\n|drag|p2a: Khan|Gastrodon-East, M|100\/100\n|move|p1a: Gholdengo|Make It Rain|p2a: Khan|[spread] p2a,p2b\n|-resisted|p2a: Khan\n|-damage|p2a: Khan|89\/100\n|-damage|p2b: O'deer|50\/100\n|-unboost|p1a: Gholdengo|spa|1\n|move|p1b: Eelektross|Coil|p1b: Eelektross\n|-boost|p1b: Eelektross|atk|1\n|-boost|p1b: Eelektross|def|1\n|-boost|p1b: Eelektross|accuracy|1\n|\n|upkeep\n|turn|3\n|inactive|Rungy has 120 seconds left.\n|\n|t:|1699630804\n|move|p2b: O'deer|High Horsepower|p1a: Gholdengo\n|-supereffective|p1a: Gholdengo\n|-crit|p1a: Gholdengo\n|-damage|p1a: Gholdengo|0 fnt\n|faint|p1a: Gholdengo\n|move|p1b: Eelektross|Thunder Wave|p2b: O'deer\n|-activate|p2b: O'deer|move: Misty Terrain\n|move|p2a: Khan|Water Pulse|p1b: Eelektross\n|-damage|p1b: Eelektross|50\/100\n|\n|upkeep\n|inactive|spreardon has 120 seconds left.\n|\n|t:|1699630820\n|switch|p1a: Dragapult|Dragapult, M|100\/100\n|turn|4\n|\n|t:|1699630832\n|move|p1a: Dragapult|Dragon Dance|p1a: Dragapult\n|-boost|p1a: Dragapult|atk|1\n|-boost|p1a: Dragapult|spe|1\n|move|p2b: O'deer|Lunge|p1b: Eelektross\n|-crit|p1b: Eelektross\n|-damage|p1b: Eelektross|13\/100\n|-unboost|p1b: Eelektross|atk|1\n|move|p1b: Eelektross|Dragon Pulse|p2a: Khan\n|-damage|p2a: Khan|83\/100\n|move|p2a: Khan|Ice Beam|p1a: Dragapult\n|-supereffective|p1a: Dragapult\n|-damage|p1a: Dragapult|32\/100\n|-enditem|p1a: Dragapult|Weakness Policy\n|-boost|p1a: Dragapult|atk|2|[from] item: Weakness Policy\n|-boost|p1a: Dragapult|spa|2|[from] item: Weakness Policy\n|\n|upkeep\n|turn|5\n|\n|t:|1699630858\n|move|p1a: Dragapult|Baton Pass|p1a: Dragapult\n|\n|t:|1699630861\n|switch|p1a: Rotom|Rotom-Wash|100\/100|[from] Baton Pass\n|move|p2b: O'deer|Body Slam|p1b: Eelektross\n|-damage|p1b: Eelektross|0 fnt\n|faint|p1b: Eelektross\n|move|p2a: Khan|Ice Beam|p1a: Rotom\n|-resisted|p1a: Rotom\n|-damage|p1a: Rotom|87\/100\n|-enditem|p1a: Rotom|Red Card|[of] p2a: Khan\n|drag|p2a: Mr. Rothschild|Farigiraf, F|100\/100\n|\n|upkeep\n|\n|t:|1699630875\n|switch|p1b: Politoed|Politoed, F|100\/100\n|turn|6\n|inactive|spreardon has 120 seconds left.\n|\n|t:|1699630912\n|switch|p2b: Gumiho|Ninetales-Alola, M|100\/100\n|-weather|Snow|[from] ability: Snow Warning|[of] p2b: Gumiho\n|switch|p2a: Khan|Gastrodon-East, M|83\/100\n|move|p1a: Rotom|Hydro Pump|p2a: Khan\n|-ability|p2a: Khan|Storm Drain|boost\n|-boost|p2a: Khan|spa|1\n|move|p1b: Politoed|Ice Beam|p2b: Gumiho\n|-resisted|p2b: Gumiho\n|-crit|p2b: Gumiho\n|-damage|p2b: Gumiho|83\/100\n|\n|-weather|Snow|[upkeep]\n|upkeep\n|turn|7\n|inactive|spreardon has 120 seconds left.\n|\n|t:|1699630942\n|move|p2b: Gumiho|Aurora Veil|p2b: Gumiho\n|-sidestart|p2: Rungy|move: Aurora Veil\n|move|p1a: Rotom|Volt Switch|p2b: Gumiho\n|-damage|p2b: Gumiho|46\/100\n|\n|t:|1699630947\n|switch|p1a: Dragapult|Dragapult, M|32\/100|[from] Volt Switch\n|move|p1b: Politoed|Psychic|p2a: Khan\n|-damage|p2a: Khan|74\/100\n|move|p2a: Khan|Sludge Bomb|p1a: Dragapult\n|-resisted|p1a: Dragapult\n|-damage|p1a: Dragapult|7\/100\n|\n|-weather|Snow|[upkeep]\n|upkeep\n|turn|8\n|inactive|spreardon has 120 seconds left.\n|\n|t:|1699630970\n|move|p1a: Dragapult|Hex|p2b: Gumiho\n|-damage|p2b: Gumiho|26\/100\n|move|p2b: Gumiho|Freeze-Dry|p1b: Politoed\n|-supereffective|p1b: Politoed\n|-damage|p1b: Politoed|49\/100\n|-enditem|p1b: Politoed|Red Card|[of] p2b: Gumiho\n|drag|p2b: Assmar|Weezing-Galar, M|100\/100\n|move|p1b: Politoed|Haze|p1b: Politoed\n|-clearallboost\n|move|p2a: Khan|Ice Beam|p1a: Dragapult\n|-supereffective|p1a: Dragapult\n|-damage|p1a: Dragapult|0 fnt\n|faint|p1a: Dragapult\n|\n|-weather|Snow|[upkeep]\n|-fieldend|Misty Terrain\n|upkeep\n|\n|t:|1699630988\n|switch|p1a: Rotom|Rotom-Wash|87\/100\n|turn|9\n|inactive|spreardon has 120 seconds left.\n|\n|t:|1699631004\n|switch|p2b: Mr. Rothschild|Farigiraf, F|100\/100\n|move|p1b: Politoed|Ice Beam|p2a: Khan\n|-damage|p2a: Khan|66\/100\n|move|p1a: Rotom|Volt Switch|p2b: Mr. Rothschild\n|-damage|p2b: Mr. Rothschild|81\/100\n|\n|t:|1699631012\n|switch|p1a: Kingambit|Kingambit, M|100\/100|[from] Volt Switch\n|-activate|p1a: Kingambit|ability: Supreme Overlord\n|-start|p1a: Kingambit|fallen3|[silent]\n|move|p2a: Khan|Earth Power|p1b: Politoed\n|-damage|p1b: Politoed|5\/100\n|\n|-weather|Snow|[upkeep]\n|upkeep\n|turn|10\n|\n|t:|1699631028\n|move|p2b: Mr. Rothschild|Dazzling Gleam|p1b: Politoed|[spread] p1a,p1b\n|-damage|p1a: Kingambit|82\/100\n|-damage|p1b: Politoed|0 fnt\n|faint|p1b: Politoed\n|move|p1a: Kingambit|Swords Dance|p1a: Kingambit\n|-boost|p1a: Kingambit|atk|2\n|move|p2a: Khan|Earth Power|p1a: Kingambit\n|-supereffective|p1a: Kingambit\n|-damage|p1a: Kingambit|4\/100\n|-enditem|p1a: Kingambit|Weakness Policy\n|-boost|p1a: Kingambit|atk|2|[from] item: Weakness Policy\n|-boost|p1a: Kingambit|spa|2|[from] item: Weakness Policy\n|\n|-weather|none\n|upkeep\n|\n|t:|1699631042\n|switch|p1b: Rotom|Rotom-Wash|87\/100\n|turn|11\n|\n|t:|1699631066\n|switch|p2a: Assmar|Weezing-Galar, M|100\/100\n|-fieldstart|move: Misty Terrain|[from] ability: Misty Surge|[of] p2a: Assmar\n|move|p1a: Kingambit|Sucker Punch||[still]\n|cant|p2b: Mr. Rothschild|ability: Armor Tail|Sucker Punch|[of] p1a: Kingambit\n|move|p2b: Mr. Rothschild|Dazzling Gleam|p1b: Rotom|[spread] p1a,p1b\n|-damage|p1a: Kingambit|0 fnt\n|-damage|p1b: Rotom|63\/100\n|faint|p1a: Kingambit\n|-end|p1a: Kingambit|fallen3|[silent]\n|move|p1b: Rotom|Nasty Plot|p1b: Rotom\n|-boost|p1b: Rotom|spa|2\n|\n|upkeep\n|turn|12\n|\n|t:|1699631083\n|switch|p2a: Khan|Gastrodon-East, M|66\/100\n|move|p2b: Mr. Rothschild|Psychic|p1b: Rotom\n|-damage|p1b: Rotom|14\/100\n|move|p1b: Rotom|Hydro Pump|p2a: Khan\n|-ability|p2a: Khan|Storm Drain|boost\n|-boost|p2a: Khan|spa|1\n|\n|upkeep\n|turn|13\n|c|\u2606Rungy|gg\n|\n|t:|1699631097\n|move|p2b: Mr. Rothschild|Psychic|p1b: Rotom\n|-damage|p1b: Rotom|0 fnt\n|faint|p1b: Rotom\n|\n|win|Rungy\n|raw|spreardon's rating: 1091 &rarr; <strong>1071<\/strong><br \/>(-20 for losing)\n|raw|Rungy's rating: 1141 &rarr; <strong>1162<\/strong><br \/>(+21 for winning)\n","uploadtime":1699631103,"views":7,"p1id":"spreardon","p2id":"rungy","formatid":"gen9doublesou","rating":1071,"private":0,"password":""}