{"id":"gen9doublesou-1990517519","p1":"TemaLaClique","p2":"Bhaviswar 2","format":"[Gen 9] Doubles OU","log":"|j|\u2606TemaLaClique\n|j|\u2606Bhaviswar 2\n|inactive|Battle timer is ON: inactive players will automatically lose when time's up.\n|t:|1699977987\n|gametype|doubles\n|player|p1|TemaLaClique|265|\n|player|p2|Bhaviswar 2|volkner|\n|teamsize|p1|6\n|teamsize|p2|6\n|gen|9\n|tier|[Gen 9] Doubles OU\n|rated|Tournament battle\n|rule|Species Clause: Limit one of each Pok\u00e9mon\n|rule|OHKO Clause: OHKO moves are banned\n|rule|Evasion Moves Clause: Evasion moves are banned\n|rule|Gravity Sleep Clause: The combination of sleep-inducing moves with imperfect accuracy and Gravity or Gigantamax Orbeetle are banned\n|rule|Endless Battle Clause: Forcing endless battles is banned\n|rule|HP Percentage Mod: HP is shown in percentages\n|clearpoke\n|poke|p1|Zoroark-Hisui, M|\n|poke|p1|Crabrawler, M|\n|poke|p1|Fuecoco, F|\n|poke|p1|Nymble, M|\n|poke|p1|Quaxly, F|\n|poke|p1|Hattrem, F|\n|poke|p2|Mareanie, M|\n|poke|p2|Tadbulb, F|\n|poke|p2|Greavard, M|\n|poke|p2|Murkrow, M|\n|poke|p2|Flittle, F|\n|poke|p2|Growlithe-Hisui, M|\n|teampreview\n|j|*Lady Monita \u2746\n|j| coolthingdude\n|c|\u2606TemaLaClique|glhf\n|\n|t:|1699978016\n|start\n|switch|p1a: Nymble|Nymble, M|100\/100\n|switch|p1b: Quaxly|Quaxly, F|100\/100\n|switch|p2a: Growlithe|Growlithe-Hisui, M, shiny|100\/100\n|switch|p2b: Greavard|Greavard, M, shiny|100\/100\n|turn|1\n|\n|t:|1699978033\n|move|p2a: Growlithe|Wild Charge|p1b: Quaxly\n|-supereffective|p1b: Quaxly\n|-damage|p1b: Quaxly|41\/100\n|move|p1b: Quaxly|Aqua Cutter|p2a: Growlithe\n|-supereffective|p2a: Growlithe\n|-damage|p2a: Growlithe|0 fnt\n|faint|p2a: Growlithe\n|-ability|p1b: Quaxly|Moxie|boost\n|-boost|p1b: Quaxly|atk|1\n|move|p1a: Nymble|Assurance|p2b: Greavard\n|-supereffective|p2b: Greavard\n|-damage|p2b: Greavard|86\/100\n|move|p2b: Greavard|Yawn|p1a: Nymble\n|-start|p1a: Nymble|move: Yawn|[of] p2b: Greavard\n|\n|upkeep\n|\n|t:|1699978045\n|switch|p2a: Tadbulb|Tadbulb, F, shiny|100\/100\n|turn|2\n|\n|t:|1699978066\n|switch|p1a: Fuecoco|Fuecoco, F|100\/100\n|move|p1b: Quaxly|Aqua Cutter|p2a: Tadbulb\n|-damage|p2a: Tadbulb|46\/100\n|move|p2a: Tadbulb|Thunderbolt|p1b: Quaxly\n|-supereffective|p1b: Quaxly\n|-damage|p1b: Quaxly|0 fnt\n|faint|p1b: Quaxly\n|move|p2b: Greavard|Phantom Force||[still]\n|-prepare|p2b: Greavard|Phantom Force\n|\n|upkeep\n|inactive|TemaLaClique has 120 seconds left.\n|\n|t:|1699978091\n|switch|p1b: Nymble|Nymble, M|100\/100\n|turn|3\n|\n|t:|1699978121\n|move|p1b: Nymble|First Impression|p2a: Tadbulb\n|-damage|p2a: Tadbulb|6\/100\n|move|p2a: Tadbulb|Thunder Wave|p1b: Nymble\n|-status|p1b: Nymble|par\n|move|p1a: Fuecoco|Heat Wave|p2b: Greavard|[spread] p2a\n|-miss|p1a: Fuecoco|p2b: Greavard\n|-damage|p2a: Tadbulb|0 fnt\n|faint|p2a: Tadbulb\n|move|p2b: Greavard|Phantom Force|p1a: Fuecoco|[from]lockedmove\n|-damage|p1a: Fuecoco|69\/100\n|\n|upkeep\n|j| SweetNSourSpinda\n|inactive|Bhaviswar 2 has 120 seconds left.\n|\n|t:|1699978135\n|switch|p2a: Murkrow|Murkrow, M, shiny|100\/100\n|turn|4\n|\n|t:|1699978152\n|move|p2a: Murkrow|Tailwind|p2a: Murkrow\n|-sidestart|p2: Bhaviswar 2|move: Tailwind\n|move|p2b: Greavard|Crunch|p1a: Fuecoco\n|-crit|p1a: Fuecoco\n|-damage|p1a: Fuecoco|41\/100\n|move|p1a: Fuecoco|Will-O-Wisp|p2b: Greavard\n|-status|p2b: Greavard|brn\n|cant|p1b: Nymble|par\n|\n|-damage|p2b: Greavard|80\/100 brn|[from] brn\n|upkeep\n|turn|5\n|l| SweetNSourSpinda\n|j| Carolina6969\n|j| JuanTz\n|\n|t:|1699978177\n|move|p2a: Murkrow|Dark Pulse|p1a: Fuecoco\n|-damage|p1a: Fuecoco|15\/100\n|move|p2b: Greavard|Crunch|p1a: Fuecoco\n|-damage|p1a: Fuecoco|5\/100\n|move|p1a: Fuecoco|Slack Off|p1a: Fuecoco\n|-heal|p1a: Fuecoco|55\/100\n|move|p1b: Nymble|X-Scissor|p2a: Murkrow\n|-damage|p2a: Murkrow|37\/100\n|\n|-damage|p2b: Greavard|74\/100 brn|[from] brn\n|upkeep\n|turn|6\n|l| JuanTz\n|j| Dhanvish\n|\n|t:|1699978195\n|move|p2a: Murkrow|Dark Pulse|p1b: Nymble\n|-enditem|p1b: Nymble|Focus Sash\n|-damage|p1b: Nymble|1\/100 par\n|move|p2b: Greavard|Phantom Force||[still]\n|-prepare|p2b: Greavard|Phantom Force\n|move|p1a: Fuecoco|Heat Wave|p2a: Murkrow|[spread] p2a\n|-miss|p1a: Fuecoco|p2b: Greavard\n|-damage|p2a: Murkrow|0 fnt\n|faint|p2a: Murkrow\n|move|p1b: Nymble|X-Scissor|p2b: Greavard|[miss]\n|-miss|p1b: Nymble|p2b: Greavard\n|\n|-damage|p2b: Greavard|68\/100 brn|[from] brn\n|upkeep\n|\n|t:|1699978204\n|switch|p2a: Flittle|Flittle, F, shiny|100\/100\n|turn|7\n|\n|t:|1699978212\n|move|p1b: Nymble|Sucker Punch||[still]\n|-fail|p1b: Nymble\n|move|p2a: Flittle|Substitute|p2a: Flittle\n|-start|p2a: Flittle|Substitute\n|-damage|p2a: Flittle|76\/100\n|move|p2b: Greavard|Phantom Force|p1b: Nymble|[from]lockedmove\n|-damage|p1b: Nymble|0 fnt\n|faint|p1b: Nymble\n|move|p1a: Fuecoco|Slack Off|p1a: Fuecoco\n|-heal|p1a: Fuecoco|100\/100\n|\n|-heal|p2a: Flittle|82\/100|[from] item: Leftovers\n|-damage|p2b: Greavard|63\/100 brn|[from] brn\n|-sideend|p2: Bhaviswar 2|move: Tailwind\n|-ability|p2a: Flittle|Speed Boost|boost\n|-boost|p2a: Flittle|spe|1\n|upkeep\n|\n|t:|1699978230\n|switch|p1b: Hattrem|Hattrem, F|100\/100\n|turn|8\n|\n|t:|1699978243\n|move|p2a: Flittle|Calm Mind|p2a: Flittle\n|-boost|p2a: Flittle|spa|1\n|-boost|p2a: Flittle|spd|1\n|move|p1b: Hattrem|Dazzling Gleam|p2a: Flittle|[spread] p2a,p2b\n|-activate|p2a: Flittle|move: Substitute|[damage]\n|-damage|p2b: Greavard|49\/100 brn\n|move|p1a: Fuecoco|Heat Wave|p2b: Greavard|[spread] p2a,p2b\n|-crit|p2a: Flittle\n|-end|p2a: Flittle|Substitute\n|-damage|p2b: Greavard|4\/100 brn\n|move|p2b: Greavard|Phantom Force||[still]\n|-prepare|p2b: Greavard|Phantom Force\n|\n|-heal|p2a: Flittle|88\/100|[from] item: Leftovers\n|-damage|p2b: Greavard|0 fnt|[from] brn\n|faint|p2b: Greavard\n|-ability|p2a: Flittle|Speed Boost|boost\n|-boost|p2a: Flittle|spe|1\n|upkeep\n|\n|t:|1699978257\n|switch|p2b: Mareanie|Mareanie, M, shiny|100\/100\n|turn|9\n|l| coolthingdude\n|\n|t:|1699978279\n|move|p1a: Fuecoco|Helping Hand|p1b: Hattrem\n|-singleturn|p1b: Hattrem|Helping Hand|[of] p1a: Fuecoco\n|move|p2a: Flittle|Calm Mind|p2a: Flittle\n|-boost|p2a: Flittle|spa|1\n|-boost|p2a: Flittle|spd|1\n|move|p2b: Mareanie|Toxic|p1a: Fuecoco\n|-status|p1a: Fuecoco|tox\n|move|p1b: Hattrem|Nuzzle|p2a: Flittle\n|-damage|p2a: Flittle|76\/100\n|-status|p2a: Flittle|par\n|\n|-heal|p2a: Flittle|82\/100 par|[from] item: Leftovers\n|-damage|p1a: Fuecoco|94\/100 tox|[from] psn\n|-ability|p2a: Flittle|Speed Boost|boost\n|-boost|p2a: Flittle|spe|1\n|upkeep\n|turn|10\n|l| Dhanvish\n|\n|t:|1699978308\n|switch|p1b: Crabrawler|Crabrawler, M, shiny|100\/100\n|move|p2a: Flittle|Substitute|p2a: Flittle\n|-start|p2a: Flittle|Substitute\n|-damage|p2a: Flittle|58\/100 par\n|move|p2b: Mareanie|Toxic|p1b: Crabrawler\n|-status|p1b: Crabrawler|tox\n|move|p1a: Fuecoco|Heat Wave|p2b: Mareanie|[spread] p2a,p2b\n|-end|p2a: Flittle|Substitute\n|-resisted|p2b: Mareanie\n|-damage|p2b: Mareanie|91\/100\n|\n|-heal|p2a: Flittle|64\/100 par|[from] item: Leftovers\n|-damage|p1b: Crabrawler|94\/100 tox|[from] psn\n|-damage|p1a: Fuecoco|82\/100 tox|[from] psn\n|-ability|p2a: Flittle|Speed Boost|boost\n|-boost|p2a: Flittle|spe|1\n|upkeep\n|turn|11\n|\n|t:|1699978328\n|move|p2a: Flittle|Protect|p2a: Flittle\n|-singleturn|p2a: Flittle|Protect\n|move|p1b: Crabrawler|Crabhammer|p2a: Flittle\n|-activate|p2a: Flittle|move: Protect\n|move|p2b: Mareanie|Venoshock|p1b: Crabrawler\n|-crit|p1b: Crabrawler\n|-damage|p1b: Crabrawler|45\/100 tox\n|move|p1a: Fuecoco|Heat Wave|p2b: Mareanie|[spread] p2b\n|-activate|p2a: Flittle|move: Protect\n|-resisted|p2b: Mareanie\n|-damage|p2b: Mareanie|81\/100\n|\n|-heal|p2a: Flittle|70\/100 par|[from] item: Leftovers\n|-damage|p1b: Crabrawler|33\/100 tox|[from] psn\n|-damage|p1a: Fuecoco|63\/100 tox|[from] psn\n|-ability|p2a: Flittle|Speed Boost|boost\n|-boost|p2a: Flittle|spe|1\n|upkeep\n|turn|12\n|j| poketough\n|inactive|Bhaviswar 2 has 120 seconds left.\n|\n|t:|1699978358\n|move|p1a: Fuecoco|Helping Hand|p1b: Crabrawler\n|-singleturn|p1b: Crabrawler|Helping Hand|[of] p1a: Fuecoco\n|move|p2a: Flittle|Calm Mind|p2a: Flittle\n|-boost|p2a: Flittle|spa|1\n|-boost|p2a: Flittle|spd|1\n|move|p1b: Crabrawler|Crabhammer|p2a: Flittle\n|-damage|p2a: Flittle|0 fnt\n|faint|p2a: Flittle\n|move|p2b: Mareanie|Venoshock|p1a: Fuecoco\n|-crit|p1a: Fuecoco\n|-damage|p1a: Fuecoco|33\/100 tox\n|\n|-damage|p1b: Crabrawler|15\/100 tox|[from] psn\n|-damage|p1a: Fuecoco|8\/100 tox|[from] psn\n|upkeep\n|turn|13\n|\n|t:|1699978372\n|move|p1b: Crabrawler|Crabhammer|p2b: Mareanie\n|-resisted|p2b: Mareanie\n|-damage|p2b: Mareanie|71\/100\n|move|p2b: Mareanie|Recover|p2b: Mareanie\n|-heal|p2b: Mareanie|100\/100\n|move|p1a: Fuecoco|Heat Wave|p2b: Mareanie\n|-resisted|p2b: Mareanie\n|-damage|p2b: Mareanie|87\/100\n|\n|-damage|p1b: Crabrawler|0 fnt|[from] psn\n|faint|p1b: Crabrawler\n|-damage|p1a: Fuecoco|0 fnt|[from] psn\n|faint|p1a: Fuecoco\n|upkeep\n|\n|t:|1699978376\n|switch|p1b: Hattrem|Hattrem, F|100\/100\n|switch|p1a: Hattrem|Hattrem, F|100\/100\n|turn|14\n|\n|t:|1699978387\n|-terastallize|p1a: Hattrem|Normal\n|move|p1a: Hattrem|Hyper Voice|p2b: Mareanie\n|-damage|p2b: Mareanie|16\/100\n|move|p2b: Mareanie|Toxic|p1b: Hattrem\n|move|p1b: Hattrem|Toxic|p2b: Mareanie|[from]ability: Magic Bounce\n|-immune|p2b: Mareanie\n|move|p1b: Hattrem|Nuzzle|p2b: Mareanie\n|-supereffective|p2b: Mareanie\n|-damage|p2b: Mareanie|12\/100\n|-status|p2b: Mareanie|par\n|\n|upkeep\n|turn|15\n|\n|t:|1699978397\n|move|p1a: Hattrem|Hyper Voice|p2b: Mareanie\n|-damage|p2b: Mareanie|0 fnt\n|faint|p2b: Mareanie\n|\n|win|TemaLaClique\n|n|\u2606TemaLaClique|temalaclique\n|n|\u2606Bhaviswar 2|bhaviswar2\n|n|*Lady Monita \u2746|ladymonita\n|n| Carolina6969|carolina6969\n|n| poketough|poketough\n","uploadtime":1699978398,"views":4,"p1id":"temalaclique","p2id":"bhaviswar2","formatid":"gen9doublesou","rating":0,"private":0,"password":""}