{"id":"gen9doublesou-1979436311","p1":"onePIenty","p2":"Bruhitsjhian","format":"[Gen 9] Doubles OU","log":"|j|\u2606onePIenty\n|j|\u2606Bruhitsjhian\n|t:|1698682556\n|gametype|doubles\n|player|p1|onePIenty|lance-masters|\n|player|p2|Bruhitsjhian|az|\n|teamsize|p1|6\n|teamsize|p2|6\n|gen|9\n|tier|[Gen 9] Doubles OU\n|rule|Species Clause: Limit one of each Pok\u00e9mon\n|rule|OHKO Clause: OHKO moves are banned\n|rule|Evasion Moves Clause: Evasion moves are banned\n|rule|Gravity Sleep Clause: The combination of sleep-inducing moves with imperfect accuracy and Gravity or Gigantamax Orbeetle are banned\n|rule|Endless Battle Clause: Forcing endless battles is banned\n|rule|HP Percentage Mod: HP is shown in percentages\n|clearpoke\n|poke|p1|Rillaboom, M|\n|poke|p1|Ogerpon, F|\n|poke|p1|Chien-Pao|\n|poke|p1|Flutter Mane|\n|poke|p1|Chi-Yu|\n|poke|p1|Houndstone, F|\n|poke|p2|Cresselia, F|\n|poke|p2|Iron Hands|\n|poke|p2|Flutter Mane|\n|poke|p2|Roaring Moon|\n|poke|p2|Iron Bundle|\n|poke|p2|Ursaluna-Bloodmoon, M|\n|teampreview\n|\n|t:|1698682632\n|start\n|switch|p1a: Ogerpon|Ogerpon, F|100\/100\n|switch|p1b: Flutter Mane|Flutter Mane|100\/100\n|switch|p2a: Cresselia|Cresselia, F|100\/100\n|switch|p2b: Iron Hands|Iron Hands|100\/100\n|-enditem|p1b: Flutter Mane|Booster Energy\n|-activate|p1b: Flutter Mane|ability: Protosynthesis|[fromitem]\n|-start|p1b: Flutter Mane|protosynthesisspe\n|-enditem|p2b: Iron Hands|Booster Energy\n|-activate|p2b: Iron Hands|ability: Quark Drive|[fromitem]\n|-start|p2b: Iron Hands|quarkdriveatk\n|turn|1\n|\n|t:|1698682656\n|move|p1a: Ogerpon|Follow Me|p1a: Ogerpon\n|-singleturn|p1a: Ogerpon|move: Follow Me\n|move|p1b: Flutter Mane|Calm Mind|p1b: Flutter Mane\n|-boost|p1b: Flutter Mane|spa|1\n|-boost|p1b: Flutter Mane|spd|1\n|move|p2b: Iron Hands|Ice Punch|p1a: Ogerpon\n|-supereffective|p1a: Ogerpon\n|-damage|p1a: Ogerpon|0 fnt\n|faint|p1a: Ogerpon\n|move|p2a: Cresselia|Trick Room|p2a: Cresselia\n|-fieldstart|move: Trick Room|[of] p2a: Cresselia\n|\n|upkeep\n|\n|t:|1698682666\n|switch|p1a: Rillaboom|Rillaboom, M, shiny|100\/100\n|-fieldstart|move: Grassy Terrain|[from] ability: Grassy Surge|[of] p1a: Rillaboom\n|turn|2\n|\n|t:|1698682698\n|-terastallize|p2b: Iron Hands|Water\n|-terastallize|p1a: Rillaboom|Flying\n|move|p2a: Cresselia|Helping Hand|p2b: Iron Hands\n|-singleturn|p2b: Iron Hands|Helping Hand|[of] p2a: Cresselia\n|move|p2b: Iron Hands|Ice Punch|p1b: Flutter Mane\n|-damage|p1b: Flutter Mane|21\/100\n|move|p1a: Rillaboom|Earthquake|p2a: Cresselia|[spread] p1b,p2b\n|-immune|p2a: Cresselia|[from] ability: Levitate\n|-damage|p1b: Flutter Mane|4\/100\n|-damage|p2b: Iron Hands|93\/100\n|move|p1b: Flutter Mane|Shadow Ball|p2a: Cresselia\n|-supereffective|p2a: Cresselia\n|-crit|p2a: Cresselia\n|-damage|p2a: Cresselia|19\/100\n|\n|-heal|p2b: Iron Hands|99\/100|[from] Grassy Terrain\n|-heal|p2a: Cresselia|25\/100|[from] item: Leftovers\n|-heal|p1b: Flutter Mane|10\/100|[from] Grassy Terrain\n|upkeep\n|turn|3\n|\n|t:|1698682733\n|move|p1b: Flutter Mane|Protect|p1b: Flutter Mane\n|-singleturn|p1b: Flutter Mane|Protect\n|move|p2b: Iron Hands|Ice Punch|p1a: Rillaboom\n|-supereffective|p1a: Rillaboom\n|-damage|p1a: Rillaboom|14\/100\n|move|p2a: Cresselia|Dazzling Gleam|p1b: Flutter Mane|[spread] p1a\n|-activate|p1b: Flutter Mane|move: Protect\n|-damage|p1a: Rillaboom|0 fnt\n|faint|p1a: Rillaboom\n|\n|-heal|p2b: Iron Hands|100\/100|[from] Grassy Terrain\n|-heal|p2a: Cresselia|32\/100|[from] item: Leftovers\n|-heal|p1b: Flutter Mane|16\/100|[from] Grassy Terrain\n|upkeep\n|\n|t:|1698682749\n|switch|p1a: Chien-Pao|Chien-Pao|100\/100\n|-ability|p1a: Chien-Pao|Sword of Ruin\n|turn|4\n|\n|t:|1698682770\n|move|p2b: Iron Hands|Drain Punch|p1a: Chien-Pao\n|-supereffective|p1a: Chien-Pao\n|-damage|p1a: Chien-Pao|0 fnt\n|faint|p1a: Chien-Pao\n|move|p2a: Cresselia|Dazzling Gleam|p1b: Flutter Mane\n|-damage|p1b: Flutter Mane|8\/100\n|move|p1b: Flutter Mane|Dazzling Gleam|p2a: Cresselia|[spread] p2a,p2b\n|-damage|p2a: Cresselia|11\/100\n|-damage|p2b: Iron Hands|65\/100\n|\n|-heal|p2b: Iron Hands|71\/100|[from] Grassy Terrain\n|-heal|p2a: Cresselia|17\/100|[from] item: Leftovers\n|-heal|p1b: Flutter Mane|14\/100|[from] Grassy Terrain\n|upkeep\n|\n|t:|1698682784\n|switch|p1a: Chi-Yu|Chi-Yu|100\/100\n|-ability|p1a: Chi-Yu|Beads of Ruin\n|turn|5\n|\n|t:|1698682801\n|move|p2b: Iron Hands|Ice Punch|p1b: Flutter Mane\n|-damage|p1b: Flutter Mane|0 fnt\n|faint|p1b: Flutter Mane\n|-end|p1b: Flutter Mane|Protosynthesis|[silent]\n|move|p2a: Cresselia|Lunar Blessing|p2a: Cresselia|[spread] p2a,p2b\n|-heal|p2a: Cresselia|42\/100\n|-heal|p2b: Iron Hands|96\/100\n|move|p1a: Chi-Yu|Dark Pulse|p2b: Iron Hands\n|-damage|p2b: Iron Hands|18\/100\n|\n|-heal|p2b: Iron Hands|24\/100|[from] Grassy Terrain\n|-heal|p2a: Cresselia|48\/100|[from] item: Leftovers\n|-fieldend|move: Trick Room\n|upkeep\n|\n|t:|1698682814\n|switch|p1b: Houndstone|Houndstone, F|100\/100\n|turn|6\n|\n|t:|1698682838\n|-end|p2b: Iron Hands|Quark Drive|[silent]\n|switch|p2b: Roaring Moon|Roaring Moon|100\/100\n|-enditem|p2b: Roaring Moon|Booster Energy\n|-activate|p2b: Roaring Moon|ability: Protosynthesis|[fromitem]\n|-start|p2b: Roaring Moon|protosynthesisatk\n|move|p1a: Chi-Yu|Dark Pulse|p2b: Roaring Moon\n|-resisted|p2b: Roaring Moon\n|-damage|p2b: Roaring Moon|59\/100\n|move|p2a: Cresselia|Dazzling Gleam|p1b: Houndstone|[spread] p1a,p1b\n|-damage|p1a: Chi-Yu|87\/100\n|-damage|p1b: Houndstone|86\/100\n|move|p1b: Houndstone|Last Respects|p2a: Cresselia\n|-supereffective|p2a: Cresselia\n|-damage|p2a: Cresselia|0 fnt\n|faint|p2a: Cresselia\n|\n|-heal|p2b: Roaring Moon|65\/100|[from] Grassy Terrain\n|-heal|p1a: Chi-Yu|93\/100|[from] Grassy Terrain\n|-heal|p1b: Houndstone|92\/100|[from] Grassy Terrain\n|-heal|p1b: Houndstone|98\/100|[from] item: Leftovers\n|upkeep\n|\n|t:|1698682860\n|switch|p2a: Iron Bundle|Iron Bundle|100\/100\n|-enditem|p2a: Iron Bundle|Booster Energy\n|-activate|p2a: Iron Bundle|ability: Quark Drive|[fromitem]\n|-start|p2a: Iron Bundle|quarkdrivespe\n|turn|7\n|\n|t:|1698682900\n|move|p2a: Iron Bundle|Hydro Pump|p1a: Chi-Yu\n|-supereffective|p1a: Chi-Yu\n|-damage|p1a: Chi-Yu|0 fnt\n|faint|p1a: Chi-Yu\n|move|p2b: Roaring Moon|Acrobatics|p1b: Houndstone\n|-damage|p1b: Houndstone|79\/100\n|move|p1b: Houndstone|Last Respects|p2a: Iron Bundle\n|-damage|p2a: Iron Bundle|0 fnt\n|faint|p2a: Iron Bundle\n|-end|p2a: Iron Bundle|Quark Drive|[silent]\n|\n|-heal|p2b: Roaring Moon|71\/100|[from] Grassy Terrain\n|-heal|p1b: Houndstone|85\/100|[from] Grassy Terrain\n|-heal|p1b: Houndstone|91\/100|[from] item: Leftovers\n|upkeep\n|\n|t:|1698682915\n|switch|p2a: Ursaluna|Ursaluna-Bloodmoon, M|100\/100\n|turn|8\n|\n|t:|1698682925\n|move|p2b: Roaring Moon|Protect|p2b: Roaring Moon\n|-singleturn|p2b: Roaring Moon|Protect\n|move|p2a: Ursaluna|Blood Moon|p1b: Houndstone\n|-damage|p1b: Houndstone|5\/100\n|move|p1b: Houndstone|Last Respects|p2a: Ursaluna\n|-immune|p2a: Ursaluna\n|\n|-heal|p2b: Roaring Moon|77\/100|[from] Grassy Terrain\n|-heal|p1b: Houndstone|11\/100|[from] Grassy Terrain\n|-heal|p1b: Houndstone|17\/100|[from] item: Leftovers\n|upkeep\n|turn|9\n|\n|t:|1698682944\n|move|p2b: Roaring Moon|Acrobatics|p1b: Houndstone\n|-damage|p1b: Houndstone|0 fnt\n|faint|p1b: Houndstone\n|\n|win|Bruhitsjhian\n|l|\u2606onePIenty\n","uploadtime":1698682986,"views":14,"p1id":"onepienty","p2id":"bruhitsjhian","formatid":"gen9doublesou","rating":0,"private":0,"password":""}