{"id":"gen9doublesou-1992431428","p1":"IdkImjustvibing","p2":"cotesmcgotes","format":"[Gen 9] Doubles OU","log":"|j|\u2606IdkImjustvibing\n|j|\u2606cotesmcgotes\n|t:|1700186794\n|gametype|doubles\n|player|p1|IdkImjustvibing|bellelba|1171\n|player|p2|cotesmcgotes|flannery|1246\n|teamsize|p1|6\n|teamsize|p2|6\n|gen|9\n|tier|[Gen 9] Doubles OU\n|rated|\n|rule|Species Clause: Limit one of each Pok\u00e9mon\n|rule|OHKO Clause: OHKO moves are banned\n|rule|Evasion Moves Clause: Evasion moves are banned\n|rule|Gravity Sleep Clause: The combination of sleep-inducing moves with imperfect accuracy and Gravity or Gigantamax Orbeetle are banned\n|rule|Endless Battle Clause: Forcing endless battles is banned\n|rule|HP Percentage Mod: HP is shown in percentages\n|clearpoke\n|poke|p1|Dipplin, M|\n|poke|p1|Iron Bundle|\n|poke|p1|Arcanine-Hisui, F|\n|poke|p1|Iron Hands|\n|poke|p1|Sableye, M|\n|poke|p1|Landorus-Therian, M|\n|poke|p2|Cresselia, F|\n|poke|p2|Overqwil, M|\n|poke|p2|Tornadus, M|\n|poke|p2|Palafin, F|\n|poke|p2|Amoonguss, F|\n|poke|p2|Great Tusk|\n|teampreview\n|\n|t:|1700186809\n|start\n|switch|p1a: Sableye|Sableye, M|100\/100\n|switch|p1b: Landorus|Landorus-Therian, M|100\/100\n|switch|p2a: Tornadus|Tornadus, M, shiny|100\/100\n|switch|p2b: Palafin|Palafin, F|100\/100\n|-ability|p1b: Landorus|Intimidate|boost\n|-unboost|p2a: Tornadus|atk|1\n|-unboost|p2b: Palafin|atk|1\n|turn|1\n|inactive|Battle timer is ON: inactive players will automatically lose when time's up. (requested by cotesmcgotes)\n|\n|t:|1700186835\n|move|p1a: Sableye|Fake Out|p2a: Tornadus\n|-damage|p2a: Tornadus|92\/100\n|cant|p2a: Tornadus|flinch\n|move|p2b: Palafin|Flip Turn|p1b: Landorus\n|-supereffective|p1b: Landorus\n|-damage|p1b: Landorus|74\/100\n|\n|t:|1700186844\n|detailschange|p2b: Palafin|Palafin-Hero, F\n|switch|p2b: Cresselia|Cresselia, F, shiny|100\/100|[from] Flip Turn\n|move|p1b: Landorus|Stealth Rock|p2a: Tornadus\n|-sidestart|p2: cotesmcgotes|move: Stealth Rock\n|\n|upkeep\n|turn|2\n|\n|t:|1700186855\n|-terastallize|p2b: Cresselia|Electric\n|move|p2a: Tornadus|Rain Dance|p2a: Tornadus\n|-weather|RainDance\n|move|p1a: Sableye|Taunt|p2b: Cresselia\n|-start|p2b: Cresselia|move: Taunt\n|move|p1b: Landorus|U-turn|p2a: Tornadus\n|-resisted|p2a: Tornadus\n|-damage|p2a: Tornadus|76\/100\n|\n|t:|1700186872\n|switch|p1b: Dipplin|Dipplin, M, shiny|100\/100|[from] U-turn\n|-ability|p1b: Dipplin|Supersweet Syrup\n|-ability|p1b: Dipplin|Supersweet Syrup|boost\n|-unboost|p2a: Tornadus|evasion|1\n|-unboost|p2b: Cresselia|evasion|1\n|cant|p2b: Cresselia|move: Taunt|Calm Mind\n|\n|-weather|RainDance|[upkeep]\n|upkeep\n|turn|3\n|\n|t:|1700186897\n|move|p2a: Tornadus|Bleakwind Storm|p1b: Dipplin|[spread] p1a,p1b\n|-supereffective|p1b: Dipplin\n|-damage|p1a: Sableye|54\/100\n|-damage|p1b: Dipplin|58\/100\n|-unboost|p1b: Dipplin|spe|1\n|move|p2b: Cresselia|Moonblast|p1a: Sableye\n|-supereffective|p1a: Sableye\n|-damage|p1a: Sableye|0 fnt\n|faint|p1a: Sableye\n|move|p1b: Dipplin|Draco Meteor|p2b: Cresselia\n|-damage|p2b: Cresselia|62\/100\n|-unboost|p1b: Dipplin|spa|2\n|\n|-weather|RainDance|[upkeep]\n|-heal|p2b: Cresselia|68\/100|[from] item: Leftovers\n|upkeep\n|\n|t:|1700186912\n|switch|p1a: Arcanine|Arcanine-Hisui, F|100\/100\n|-ability|p1a: Arcanine|Intimidate|boost\n|-unboost|p2a: Tornadus|atk|1\n|-unboost|p2b: Cresselia|atk|1\n|turn|4\n|\n|t:|1700186925\n|switch|p2b: Palafin|Palafin-Hero, F|100\/100\n|-damage|p2b: Palafin|88\/100|[from] Stealth Rock\n|-activate|p2b: Palafin|ability: Zero to Hero\n|move|p2a: Tornadus|Tailwind|p2a: Tornadus\n|-sidestart|p2: cotesmcgotes|move: Tailwind\n|move|p1a: Arcanine|Rock Slide|p2b: Palafin|[spread] p2a,p2b\n|-supereffective|p2a: Tornadus\n|-damage|p2a: Tornadus|0 fnt\n|-damage|p2b: Palafin|59\/100\n|faint|p2a: Tornadus\n|move|p1b: Dipplin|Syrup Bomb|p2b: Palafin|[miss]\n|-miss|p1b: Dipplin|p2b: Palafin\n|\n|-weather|RainDance|[upkeep]\n|upkeep\n|\n|t:|1700186946\n|switch|p2a: Overqwil|Overqwil, M|100\/100\n|-damage|p2a: Overqwil|88\/100|[from] Stealth Rock\n|turn|5\n|\n|t:|1700186955\n|-terastallize|p1a: Arcanine|Grass\n|move|p2b: Palafin|Jet Punch|p1a: Arcanine\n|-resisted|p1a: Arcanine\n|-damage|p1a: Arcanine|61\/100\n|move|p2a: Overqwil|Barb Barrage|p1b: Dipplin\n|-supereffective|p1b: Dipplin\n|-damage|p1b: Dipplin|21\/100\n|move|p1a: Arcanine|Tera Blast|p2b: Palafin|[anim] Tera Blast Grass\n|-supereffective|p2b: Palafin\n|-damage|p2b: Palafin|0 fnt\n|faint|p2b: Palafin\n|move|p1b: Dipplin|Pollen Puff|p1a: Arcanine\n|-heal|p1a: Arcanine|100\/100\n|\n|-weather|RainDance|[upkeep]\n|-heal|p2a: Overqwil|94\/100|[from] item: Black Sludge\n|upkeep\n|\n|t:|1700186968\n|switch|p2b: Cresselia|Cresselia, F, shiny, tera:Electric|68\/100\n|-damage|p2b: Cresselia|55\/100|[from] Stealth Rock\n|turn|6\n|\n|t:|1700186981\n|move|p1b: Dipplin|Protect|p1b: Dipplin\n|-singleturn|p1b: Dipplin|Protect\n|move|p2a: Overqwil|Acupressure|p2b: Cresselia\n|-boost|p2b: Cresselia|spe|2\n|move|p2b: Cresselia|Lunar Blessing|p2b: Cresselia|[spread] p2a,p2b\n|-heal|p2a: Overqwil|100\/100\n|-heal|p2b: Cresselia|80\/100\n|move|p1a: Arcanine|Rock Slide|p2a: Overqwil|[spread] p2a,p2b\n|-damage|p2a: Overqwil|66\/100\n|-damage|p2b: Cresselia|58\/100\n|\n|-weather|RainDance|[upkeep]\n|-heal|p2a: Overqwil|72\/100|[from] item: Black Sludge\n|-heal|p2b: Cresselia|64\/100|[from] item: Leftovers\n|upkeep\n|turn|7\n|\n|t:|1700187000\n|move|p2a: Overqwil|Acupressure|p2b: Cresselia\n|-boost|p2b: Cresselia|spe|2\n|move|p2b: Cresselia|Calm Mind|p2b: Cresselia\n|-boost|p2b: Cresselia|spa|1\n|-boost|p2b: Cresselia|spd|1\n|move|p1a: Arcanine|Rock Slide|p2a: Overqwil|[spread] p2a,p2b\n|-damage|p2a: Overqwil|41\/100\n|-damage|p2b: Cresselia|42\/100\n|move|p1b: Dipplin|Pollen Puff|p1a: Arcanine\n|-immune|p1a: Arcanine\n|\n|-weather|RainDance|[upkeep]\n|-heal|p2b: Cresselia|48\/100|[from] item: Leftovers\n|-heal|p2a: Overqwil|47\/100|[from] item: Black Sludge\n|-sideend|p2: cotesmcgotes|move: Tailwind\n|upkeep\n|turn|8\n|\n|t:|1700187020\n|switch|p1b: Landorus|Landorus-Therian, M|74\/100\n|-ability|p1b: Landorus|Intimidate|boost\n|-unboost|p2a: Overqwil|atk|1\n|-unboost|p2b: Cresselia|atk|1\n|move|p2b: Cresselia|Lunar Blessing|p2b: Cresselia|[spread] p2a,p2b\n|-heal|p2a: Overqwil|72\/100\n|-heal|p2b: Cresselia|73\/100\n|move|p2a: Overqwil|Acupressure|p2b: Cresselia\n|-boost|p2b: Cresselia|spe|2\n|move|p1a: Arcanine|Rock Slide|p2a: Overqwil|[spread] p2a,p2b\n|-damage|p2a: Overqwil|37\/100\n|-damage|p2b: Cresselia|51\/100\n|\n|-weather|RainDance|[upkeep]\n|-heal|p2b: Cresselia|57\/100|[from] item: Leftovers\n|-heal|p2a: Overqwil|43\/100|[from] item: Black Sludge\n|upkeep\n|turn|9\n|\n|t:|1700187048\n|move|p2b: Cresselia|Stored Power|p1a: Arcanine\n|-damage|p1a: Arcanine|0 fnt\n|faint|p1a: Arcanine\n|move|p2a: Overqwil|Acupressure|p2b: Cresselia\n|-boost|p2b: Cresselia|atk|2\n|move|p1b: Landorus|Stomping Tantrum|p2a: Overqwil\n|-supereffective|p2a: Overqwil\n|-damage|p2a: Overqwil|0 fnt\n|faint|p2a: Overqwil\n|\n|-weather|none\n|-heal|p2b: Cresselia|63\/100|[from] item: Leftovers\n|upkeep\n|-message|IdkImjustvibing forfeited.\n|\n|win|cotesmcgotes\n|raw|IdkImjustvibing's rating: 1171 &rarr; <strong>1151<\/strong><br \/>(-20 for losing)\n|raw|cotesmcgotes's rating: 1246 &rarr; <strong>1266<\/strong><br \/>(+20 for winning)\n|l|\u2606IdkImjustvibing\n","uploadtime":1700187070,"views":5,"p1id":"idkimjustvibing","p2id":"cotesmcgotes","formatid":"gen9doublesou","rating":1151,"private":0,"password":""}