{"id":"gen9doublesou-1998323483","p1":"sanswithagun","p2":"Edzm","format":"[Gen 9] Doubles OU","log":"|j|\u2606sanswithagun\n|j|\u2606Edzm\n|t:|1700929437\n|gametype|doubles\n|player|p1|sanswithagun|101|1423\n|player|p2|Edzm|cynthia|1428\n|teamsize|p1|6\n|teamsize|p2|6\n|gen|9\n|tier|[Gen 9] Doubles OU\n|rated|\n|rule|Species Clause: Limit one of each Pok\u00e9mon\n|rule|OHKO Clause: OHKO moves are banned\n|rule|Evasion Moves Clause: Evasion moves are banned\n|rule|Gravity Sleep Clause: The combination of sleep-inducing moves with imperfect accuracy and Gravity or Gigantamax Orbeetle are banned\n|rule|Endless Battle Clause: Forcing endless battles is banned\n|rule|HP Percentage Mod: HP is shown in percentages\n|clearpoke\n|poke|p1|Tyranitar, M|\n|poke|p1|Ting-Lu|\n|poke|p1|Houndstone, F|\n|poke|p1|Diancie|\n|poke|p1|Landorus, M|\n|poke|p1|Gholdengo|\n|poke|p2|Cresselia, F|\n|poke|p2|Chien-Pao|\n|poke|p2|Tornadus, M|\n|poke|p2|Torkoal, F|\n|poke|p2|Walking Wake|\n|poke|p2|Flutter Mane|\n|teampreview\n|\n|t:|1700929501\n|start\n|switch|p1a: bigman|Tyranitar, M|100\/100\n|switch|p1b: Diancie|Diancie|100\/100\n|switch|p2a: Chien-Pao|Chien-Pao|100\/100\n|switch|p2b: Walking Wake|Walking Wake|100\/100\n|-ability|p2a: Chien-Pao|Sword of Ruin\n|-weather|Sandstorm|[from] ability: Sand Stream|[of] p1a: bigman\n|turn|1\n|\n|t:|1700929527\n|switch|p1a: Landorus|Landorus, M, shiny|100\/100\n|move|p2a: Chien-Pao|Ice Spinner|p1b: Diancie\n|-damage|p1b: Diancie|63\/100\n|move|p2b: Walking Wake|Hydro Steam|p1b: Diancie\n|-supereffective|p1b: Diancie\n|-damage|p1b: Diancie|22\/100\n|-damage|p2b: Walking Wake|91\/100|[from] item: Life Orb\n|move|p1b: Diancie|Play Rough|p2b: Walking Wake\n|-supereffective|p2b: Walking Wake\n|-damage|p2b: Walking Wake|0 fnt\n|faint|p2b: Walking Wake\n|-end|p2b: Walking Wake|Protosynthesis|[silent]\n|\n|-weather|Sandstorm|[upkeep]\n|-damage|p2a: Chien-Pao|95\/100|[from] Sandstorm\n|upkeep\n|\n|t:|1700929567\n|switch|p2b: Flutter Mane|Flutter Mane|100\/100\n|turn|2\n|\n|t:|1700929602\n|switch|p1b: Gholdengo|Gholdengo|100\/100\n|-terastallize|p1a: Landorus|Steel\n|move|p2a: Chien-Pao|Ice Spinner|p1b: Gholdengo\n|-resisted|p1b: Gholdengo\n|-damage|p1b: Gholdengo|74\/100\n|move|p2b: Flutter Mane|Shadow Ball|p1a: Landorus\n|-damage|p1a: Landorus|44\/100\n|-unboost|p1a: Landorus|spd|1\n|move|p1a: Landorus|Sludge Bomb|p2b: Flutter Mane\n|-damage|p2b: Flutter Mane|48\/100\n|\n|-weather|Sandstorm|[upkeep]\n|-damage|p2a: Chien-Pao|89\/100|[from] Sandstorm\n|-damage|p2b: Flutter Mane|42\/100|[from] Sandstorm\n|-heal|p1b: Gholdengo|80\/100|[from] item: Leftovers\n|upkeep\n|turn|3\n|\n|t:|1700929647\n|switch|p1a: Ting-Lu|Ting-Lu|100\/100\n|-ability|p1a: Ting-Lu|Vessel of Ruin\n|move|p2a: Chien-Pao|Throat Chop|p1b: Gholdengo\n|-supereffective|p1b: Gholdengo\n|-damage|p1b: Gholdengo|0 fnt\n|faint|p1b: Gholdengo\n|move|p2b: Flutter Mane|Shadow Ball|p1a: Ting-Lu\n|-resisted|p1a: Ting-Lu\n|-damage|p1a: Ting-Lu|85\/100\n|\n|-weather|Sandstorm|[upkeep]\n|-damage|p2a: Chien-Pao|83\/100|[from] Sandstorm\n|-damage|p2b: Flutter Mane|36\/100|[from] Sandstorm\n|-heal|p1a: Ting-Lu|91\/100|[from] item: Leftovers\n|upkeep\n|\n|t:|1700929665\n|switch|p1b: Houndstone|Houndstone, F|100\/100\n|turn|4\n|inactive|Battle timer is ON: inactive players will automatically lose when time's up. (requested by sanswithagun)\n|\n|t:|1700929709\n|-end|p2b: Flutter Mane|Protosynthesis|[silent]\n|switch|p2b: Torkoal|Torkoal, F|100\/100\n|-weather|SunnyDay|[from] ability: Drought|[of] p2b: Torkoal\n|move|p2a: Chien-Pao|Ice Spinner|p1b: Houndstone\n|-damage|p1b: Houndstone|41\/100\n|move|p1b: Houndstone|Last Respects|p2b: Torkoal\n|-damage|p2b: Torkoal|34\/100\n|move|p1a: Ting-Lu|Body Press|p2a: Chien-Pao\n|-supereffective|p2a: Chien-Pao\n|-damage|p2a: Chien-Pao|0 fnt\n|faint|p2a: Chien-Pao\n|\n|-weather|SunnyDay|[upkeep]\n|-heal|p1a: Ting-Lu|98\/100|[from] item: Leftovers\n|upkeep\n|c|\u2606Edzm|i misclicked\n|\n|t:|1700929726\n|switch|p2a: Tornadus|Tornadus, M|100\/100\n|turn|5\n|\n|t:|1700929749\n|switch|p1a: bigman|Tyranitar, M|100\/100\n|-weather|Sandstorm|[from] ability: Sand Stream|[of] p1a: bigman\n|move|p1b: Houndstone|Last Respects|p2b: Torkoal\n|-damage|p2b: Torkoal|0 fnt\n|faint|p2b: Torkoal\n|move|p2a: Tornadus|Bleakwind Storm|p1b: Houndstone|[spread] p1a,p1b\n|-resisted|p1a: bigman\n|-damage|p1a: bigman|91\/100\n|-damage|p1b: Houndstone|0 fnt\n|-unboost|p1a: bigman|spe|1\n|faint|p1b: Houndstone\n|\n|-weather|Sandstorm|[upkeep]\n|-damage|p2a: Tornadus|94\/100|[from] Sandstorm\n|upkeep\n|\n|t:|1700929775\n|switch|p1b: Diancie|Diancie|22\/100\n|switch|p2b: Cresselia|Cresselia, F|100\/100\n|turn|6\n|inactive|Edzm has 120 seconds left.\n|\n|t:|1700929831\n|-terastallize|p2a: Tornadus|Steel\n|move|p2a: Tornadus|Bleakwind Storm|p1b: Diancie|[spread] p1a,p1b\n|-resisted|p1a: bigman\n|-resisted|p1b: Diancie\n|-damage|p1a: bigman|81\/100\n|-damage|p1b: Diancie|15\/100\n|move|p2b: Cresselia|Psychic|p1b: Diancie\n|-damage|p1b: Diancie|4\/100\n|move|p1a: bigman|Knock Off|p2b: Cresselia\n|-supereffective|p2b: Cresselia\n|-damage|p2b: Cresselia|40\/100\n|-enditem|p2b: Cresselia|Leftovers|[from] move: Knock Off|[of] p1a: bigman\n|move|p1b: Diancie|Diamond Storm|p2b: Cresselia|[spread] p2a,p2b\n|-resisted|p2a: Tornadus\n|-damage|p2a: Tornadus|68\/100\n|-damage|p2b: Cresselia|16\/100\n|\n|-weather|Sandstorm|[upkeep]\n|-damage|p2b: Cresselia|10\/100|[from] Sandstorm\n|upkeep\n|turn|7\n|inactive|Edzm has 90 seconds left.\n|\n|t:|1700929864\n|move|p2a: Tornadus|Bleakwind Storm|p1a: bigman|[spread] \n|-miss|p2a: Tornadus|p1a: bigman\n|-miss|p2a: Tornadus|p1b: Diancie\n|move|p2b: Cresselia|Lunar Blessing|p2b: Cresselia|[spread] p2a,p2b\n|-heal|p2a: Tornadus|93\/100\n|-heal|p2b: Cresselia|35\/100\n|move|p1a: bigman|Knock Off|p2b: Cresselia\n|-supereffective|p2b: Cresselia\n|-damage|p2b: Cresselia|0 fnt\n|faint|p2b: Cresselia\n|move|p1b: Diancie|Body Press|p2a: Tornadus\n|-supereffective|p2a: Tornadus\n|-damage|p2a: Tornadus|0 fnt\n|faint|p2a: Tornadus\n|\n|-weather|Sandstorm|[upkeep]\n|upkeep\n|inactive|Edzm has 90 seconds left.\n|-message|Edzm forfeited.\n|\n|win|sanswithagun\n|raw|sanswithagun's rating: 1423 &rarr; <strong>1443<\/strong><br \/>(+20 for winning)\n|raw|Edzm's rating: 1428 &rarr; <strong>1408<\/strong><br \/>(-20 for losing)\n|l|\u2606Edzm\n","uploadtime":1700929886,"views":7,"p1id":"sanswithagun","p2id":"edzm","formatid":"gen9doublesou","rating":1408,"private":0,"password":""}