{"id":"gen9doublesou-1998396692","p1":"Puppylove11607","p2":"Rungy","format":"[Gen 9] Doubles OU","log":"|j|\u2606Puppylove11607\n|j|\u2606Rungy\n|t:|1700937676\n|gametype|doubles\n|player|p1|Puppylove11607|youngster-gen4dp|1056\n|player|p2|Rungy|1|1104\n|teamsize|p1|6\n|teamsize|p2|6\n|gen|9\n|tier|[Gen 9] Doubles OU\n|rated|\n|rule|Species Clause: Limit one of each Pok\u00e9mon\n|rule|OHKO Clause: OHKO moves are banned\n|rule|Evasion Moves Clause: Evasion moves are banned\n|rule|Gravity Sleep Clause: The combination of sleep-inducing moves with imperfect accuracy and Gravity or Gigantamax Orbeetle are banned\n|rule|Endless Battle Clause: Forcing endless battles is banned\n|rule|HP Percentage Mod: HP is shown in percentages\n|clearpoke\n|poke|p1|Ursaluna, M|\n|poke|p1|Politoed, M|\n|poke|p1|Sinistcha|\n|poke|p1|Gastrodon-East, M|\n|poke|p1|Roaring Moon|\n|poke|p1|Iron Valiant|\n|poke|p2|Weezing-Galar, F|\n|poke|p2|Gastrodon-East, M|\n|poke|p2|Farigiraf, M|\n|poke|p2|Sawsbuck-Autumn, M|\n|poke|p2|Masquerain, F|\n|poke|p2|Arcanine, F|\n|teampreview\n|\n|t:|1700937683\n|start\n|switch|p1a: Ursaluna|Ursaluna, M, shiny|100\/100\n|switch|p1b: Politoed|Politoed, M|100\/100\n|switch|p2a: Assmar|Weezing-Galar, F|100\/100\n|switch|p2b: Buzz|Masquerain, F|100\/100\n|-ability|p1a: Ursaluna|Unnerve\n|-ability|p2b: Buzz|Intimidate|boost\n|-unboost|p1a: Ursaluna|atk|1\n|-unboost|p1b: Politoed|atk|1\n|-fieldstart|move: Misty Terrain|[from] ability: Misty Surge|[of] p2a: Assmar\n|turn|1\n|\n|t:|1700937713\n|switch|p2a: Khan|Gastrodon-East, M|100\/100\n|move|p2b: Buzz|Tailwind|p2b: Buzz\n|-sidestart|p2: Rungy|move: Tailwind\n|move|p1b: Politoed|Swagger|p1a: Ursaluna\n|-boost|p1a: Ursaluna|atk|2\n|-activate|p1a: Ursaluna|move: Misty Terrain\n|move|p1a: Ursaluna|Play Rough|p2b: Buzz\n|-damage|p2b: Buzz|8\/100\n|\n|upkeep\n|turn|2\n|\n|t:|1700937740\n|switch|p2b: Fang|Arcanine, F|100\/100\n|move|p1b: Politoed|Ice Beam|p2b: Fang\n|-resisted|p2b: Fang\n|-damage|p2b: Fang|88\/100\n|move|p1a: Ursaluna|Drain Punch|p2a: Khan\n|-damage|p2a: Khan|55\/100\n|move|p2a: Khan|Ice Beam|p1a: Ursaluna\n|-supereffective|p1a: Ursaluna\n|-damage|p1a: Ursaluna|49\/100\n|\n|upkeep\n|turn|3\n|\n|t:|1700937764\n|move|p2b: Fang|Wild Charge|p1b: Politoed\n|-supereffective|p1b: Politoed\n|-damage|p1b: Politoed|26\/100\n|-damage|p2b: Fang|67\/100|[from] Recoil\n|-heal|p2b: Fang|77\/100|[from] item: Shell Bell|[of] p1b: Politoed\n|move|p1b: Politoed|Chilling Water|p2a: Khan\n|-activate|p2a: Khan|ability: Storm Drain\n|-ability|p2a: Khan|Storm Drain|boost\n|-boost|p2a: Khan|spa|1\n|move|p1a: Ursaluna|Drain Punch|p2a: Khan\n|-damage|p2a: Khan|10\/100\n|-heal|p1a: Ursaluna|71\/100|[from] drain|[of] p2a: Khan\n|move|p2a: Khan|Ice Beam|p1a: Ursaluna\n|-supereffective|p1a: Ursaluna\n|-damage|p1a: Ursaluna|0 fnt\n|faint|p1a: Ursaluna\n|\n|-heal|p1b: Politoed|32\/100|[from] item: Leftovers\n|upkeep\n|\n|t:|1700937783\n|switch|p1a: Sinistcha|Sinistcha|100\/100\n|-heal|p1b: Politoed|57\/100|[from] ability: Hospitality|[of] p1a: Sinistcha\n|turn|4\n|\n|t:|1700937805\n|switch|p1a: Roaring Moon|Roaring Moon|100\/100\n|switch|p2a: Buckley|Sawsbuck-Autumn, M|100\/100\n|move|p2b: Fang|Flare Blitz|p1a: Roaring Moon\n|-resisted|p1a: Roaring Moon\n|-damage|p1a: Roaring Moon|69\/100\n|-damage|p2b: Fang|66\/100|[from] Recoil\n|-heal|p2b: Fang|70\/100|[from] item: Shell Bell|[of] p1a: Roaring Moon\n|move|p1b: Politoed|Ice Beam|p2a: Buckley\n|-supereffective|p2a: Buckley\n|-damage|p2a: Buckley|36\/100\n|\n|-heal|p1b: Politoed|63\/100|[from] item: Leftovers\n|-sideend|p2: Rungy|move: Tailwind\n|upkeep\n|turn|5\n|\n|t:|1700937832\n|switch|p2b: Buzz|Masquerain, F|8\/100\n|-ability|p2b: Buzz|Intimidate|boost\n|-unboost|p1a: Roaring Moon|atk|1\n|-unboost|p1b: Politoed|atk|1\n|move|p2a: Buckley|Horn Leech|p1b: Politoed\n|-supereffective|p1b: Politoed\n|-damage|p1b: Politoed|0 fnt\n|-heal|p2a: Buckley|74\/100|[from] drain|[of] p1b: Politoed\n|faint|p1b: Politoed\n|move|p1a: Roaring Moon|Dragon Claw|p2b: Buzz\n|-damage|p2b: Buzz|0 fnt\n|faint|p2b: Buzz\n|-damage|p1a: Roaring Moon|59\/100|[from] item: Life Orb\n|\n|upkeep\n|\n|t:|1700937846\n|switch|p2b: Assmar|Weezing-Galar, F|100\/100\n|switch|p1b: Gastrodon|Gastrodon-East, M|100\/100\n|turn|6\n|\n|t:|1700937859\n|move|p2a: Buckley|Horn Leech|p1b: Gastrodon\n|-supereffective|p1b: Gastrodon\n|-damage|p1b: Gastrodon|0 fnt\n|-heal|p2a: Buckley|100\/100|[from] drain|[of] p1b: Gastrodon\n|faint|p1b: Gastrodon\n|move|p1a: Roaring Moon|Dragon Claw|p2b: Assmar\n|-immune|p2b: Assmar\n|move|p2b: Assmar|Strange Steam|p1a: Roaring Moon\n|-supereffective|p1a: Roaring Moon\n|-damage|p1a: Roaring Moon|0 fnt\n|faint|p1a: Roaring Moon\n|-end|p1a: Roaring Moon|Protosynthesis|[silent]\n|\n|upkeep\n|\n|t:|1700937871\n|switch|p1a: Sinistcha|Sinistcha|100\/100\n|switch|p1b: Iron Valiant|Iron Valiant|100\/100\n|-enditem|p1b: Iron Valiant|Booster Energy\n|-activate|p1b: Iron Valiant|ability: Quark Drive|[fromitem]\n|-start|p1b: Iron Valiant|quarkdrivespe\n|turn|7\n|\n|t:|1700937885\n|move|p1b: Iron Valiant|Fire Punch|p2a: Buckley\n|-supereffective|p2a: Buckley\n|-damage|p2a: Buckley|27\/100\n|move|p2a: Buckley|Zen Headbutt|p1b: Iron Valiant\n|-supereffective|p1b: Iron Valiant\n|-damage|p1b: Iron Valiant|46\/100\n|move|p1a: Sinistcha|Matcha Gotcha|p2a: Buckley|[spread] p2b\n|-ability|p2a: Buckley|Sap Sipper|boost\n|-boost|p2a: Buckley|atk|1\n|-resisted|p2b: Assmar\n|-damage|p2b: Assmar|85\/100\n|move|p2b: Assmar|Shadow Ball|p1a: Sinistcha\n|-supereffective|p1a: Sinistcha\n|-damage|p1a: Sinistcha|57\/100\n|\n|upkeep\n|turn|8\n|\n|t:|1700937910\n|move|p1b: Iron Valiant|Fire Punch|p2a: Buckley\n|-supereffective|p2a: Buckley\n|-damage|p2a: Buckley|0 fnt\n|faint|p2a: Buckley\n|move|p1a: Sinistcha|Life Dew|p1a: Sinistcha|[spread] p1a,p1b\n|-heal|p1a: Sinistcha|82\/100\n|-heal|p1b: Iron Valiant|71\/100\n|move|p2b: Assmar|Shadow Ball|p1a: Sinistcha\n|-supereffective|p1a: Sinistcha\n|-damage|p1a: Sinistcha|33\/100\n|\n|-fieldend|Misty Terrain\n|upkeep\n|\n|t:|1700937924\n|switch|p2a: Mr. Rothschild|Farigiraf, M|100\/100\n|turn|9\n|\n|t:|1700937938\n|move|p1b: Iron Valiant|Fire Punch|p2b: Assmar\n|-damage|p2b: Assmar|64\/100\n|move|p2a: Mr. Rothschild|Dazzling Gleam|p1a: Sinistcha|[spread] p1a,p1b\n|-supereffective|p1b: Iron Valiant\n|-damage|p1a: Sinistcha|13\/100\n|-damage|p1b: Iron Valiant|10\/100\n|move|p1a: Sinistcha|Foul Play|p2a: Mr. Rothschild\n|-supereffective|p2a: Mr. Rothschild\n|-damage|p2a: Mr. Rothschild|65\/100\n|move|p2b: Assmar|Strange Steam|p1b: Iron Valiant\n|-supereffective|p1b: Iron Valiant\n|-damage|p1b: Iron Valiant|0 fnt\n|faint|p1b: Iron Valiant\n|-end|p1b: Iron Valiant|Quark Drive|[silent]\n|\n|upkeep\n|turn|10\n|\n|t:|1700937957\n|move|p2a: Mr. Rothschild|Psychic|p1a: Sinistcha\n|-damage|p1a: Sinistcha|0 fnt\n|faint|p1a: Sinistcha\n|\n|win|Rungy\n|raw|Puppylove11607's rating: 1056 &rarr; <strong>1040<\/strong><br \/>(-16 for losing)\n|raw|Rungy's rating: 1104 &rarr; <strong>1126<\/strong><br \/>(+22 for winning)\n|l|\u2606Puppylove11607\n","uploadtime":1700937967,"views":16,"p1id":"puppylove11607","p2id":"rungy","formatid":"gen9doublesou","rating":1040,"private":0,"password":""}