{"id":"gen9doublesou-1991714232","p1":"IceBlueCheenk","p2":"Mr. Alola Tales","format":"[Gen 9] Doubles OU","log":"|j|\u2606IceBlueCheenk\n|j|\u2606Mr. Alola Tales\n|t:|1700105969\n|gametype|doubles\n|player|p1|IceBlueCheenk|benga|1281\n|player|p2|Mr. Alola Tales|archer|1384\n|teamsize|p1|6\n|teamsize|p2|6\n|gen|9\n|tier|[Gen 9] Doubles OU\n|rated|\n|rule|Species Clause: Limit one of each Pok\u00e9mon\n|rule|OHKO Clause: OHKO moves are banned\n|rule|Evasion Moves Clause: Evasion moves are banned\n|rule|Gravity Sleep Clause: The combination of sleep-inducing moves with imperfect accuracy and Gravity or Gigantamax Orbeetle are banned\n|rule|Endless Battle Clause: Forcing endless battles is banned\n|rule|HP Percentage Mod: HP is shown in percentages\n|clearpoke\n|poke|p1|Landorus-Therian, M|\n|poke|p1|Pelipper, M|\n|poke|p1|Volcanion|\n|poke|p1|Zapdos|\n|poke|p1|Sinistcha|\n|poke|p1|Corviknight, F|\n|poke|p2|Ogerpon-Hearthflame, F|\n|poke|p2|Chien-Pao|\n|poke|p2|Garchomp, M|\n|poke|p2|Tornadus, M|\n|poke|p2|Flutter Mane|\n|poke|p2|Chi-Yu|\n|teampreview\n|\n|t:|1700106002\n|start\n|switch|p1a: Pelipper|Pelipper, M|100\/100\n|switch|p1b: Volcanion|Volcanion|100\/100\n|switch|p2a: Tornadus|Tornadus, M|100\/100\n|switch|p2b: Ogerpon|Ogerpon-Hearthflame, F|100\/100\n|-ability|p2b: Ogerpon|Mold Breaker\n|-weather|RainDance|[from] ability: Drizzle|[of] p1a: Pelipper\n|turn|1\n|inactive|Battle timer is ON: inactive players will automatically lose when time's up. (requested by Mr. Alola Tales)\n|\n|t:|1700106028\n|switch|p1a: Landorus|Landorus-Therian, M|100\/100\n|-ability|p1a: Landorus|Intimidate|boost\n|-unboost|p2a: Tornadus|atk|1\n|-unboost|p2b: Ogerpon|atk|1\n|move|p2a: Tornadus|Bleakwind Storm|p1b: Volcanion|[spread] p1a,p1b\n|-damage|p1a: Landorus|66\/100\n|-damage|p1b: Volcanion|51\/100\n|-unboost|p1a: Landorus|spe|1\n|move|p2b: Ogerpon|Taunt|p1a: Landorus\n|-start|p1a: Landorus|move: Taunt\n|move|p1b: Volcanion|Steam Eruption|p2a: Tornadus\n|-enditem|p2a: Tornadus|Focus Sash\n|-damage|p2a: Tornadus|1\/100\n|\n|-weather|RainDance|[upkeep]\n|upkeep\n|turn|2\n|inactive|Mr. Alola Tales has 120 seconds left.\n|\n|t:|1700106080\n|switch|p2a: Chien-Pao|Chien-Pao|100\/100\n|-ability|p2a: Chien-Pao|Sword of Ruin\n|move|p2b: Ogerpon|Ivy Cudgel|p1a: Landorus|[anim] Ivy Cudgel Fire\n|-damage|p1a: Landorus|34\/100\n|move|p1b: Volcanion|Steam Eruption|p2b: Ogerpon|[miss]\n|-miss|p1b: Volcanion|p2b: Ogerpon\n|move|p1a: Landorus|Rock Slide|p2a: Chien-Pao|[spread] p2a,p2b\n|-supereffective|p2a: Chien-Pao\n|-supereffective|p2b: Ogerpon\n|-damage|p2a: Chien-Pao|47\/100\n|-damage|p2b: Ogerpon|23\/100\n|\n|-weather|RainDance|[upkeep]\n|upkeep\n|turn|3\n|inactive|Mr. Alola Tales has 120 seconds left.\n|inactive|IceBlueCheenk has 120 seconds left.\n|\n|t:|1700106117\n|switch|p1a: Corviknight|Corviknight, F|100\/100\n|-ability|p1a: Corviknight|Pressure\n|move|p2a: Chien-Pao|Ice Spinner|p1a: Corviknight\n|-damage|p1a: Corviknight|69\/100\n|move|p2b: Ogerpon|Brick Break|p1b: Volcanion\n|-damage|p1b: Volcanion|25\/100\n|move|p1b: Volcanion|Steam Eruption|p2a: Chien-Pao\n|-damage|p2a: Chien-Pao|0 fnt\n|faint|p2a: Chien-Pao\n|\n|-weather|RainDance|[upkeep]\n|-heal|p1a: Corviknight|75\/100|[from] item: Leftovers\n|upkeep\n|inactive|Mr. Alola Tales has 90 seconds left.\n|\n|t:|1700106142\n|switch|p2a: Chi-Yu|Chi-Yu|100\/100\n|-ability|p2a: Chi-Yu|Beads of Ruin\n|turn|4\n|\n|t:|1700106161\n|move|p2a: Chi-Yu|Dark Pulse|p1b: Volcanion\n|-crit|p1b: Volcanion\n|-damage|p1b: Volcanion|0 fnt\n|faint|p1b: Volcanion\n|move|p2b: Ogerpon|Taunt|p1a: Corviknight\n|-start|p1a: Corviknight|move: Taunt\n|move|p1a: Corviknight|Brave Bird|p2b: Ogerpon\n|-supereffective|p2b: Ogerpon\n|-damage|p2b: Ogerpon|0 fnt\n|faint|p2b: Ogerpon\n|-damage|p1a: Corviknight|69\/100|[from] Recoil\n|\n|-weather|RainDance|[upkeep]\n|-heal|p1a: Corviknight|75\/100|[from] item: Leftovers\n|upkeep\n|inactive|Mr. Alola Tales has 120 seconds left.\n|\n|t:|1700106185\n|switch|p2b: Flutter Mane|Flutter Mane|100\/100\n|switch|p1b: Zapdos|Zapdos|100\/100\n|-enditem|p2b: Flutter Mane|Booster Energy\n|-activate|p2b: Flutter Mane|ability: Protosynthesis|[fromitem]\n|-start|p2b: Flutter Mane|protosynthesisspa\n|turn|5\n|\n|t:|1700106198\n|move|p2a: Chi-Yu|Dark Pulse|p1b: Zapdos\n|-damage|p1b: Zapdos|32\/100\n|move|p2b: Flutter Mane|Shadow Ball|p1a: Corviknight\n|-damage|p1a: Corviknight|0 fnt\n|faint|p1a: Corviknight\n|move|p1b: Zapdos|Weather Ball|p2a: Chi-Yu\n|-supereffective|p2a: Chi-Yu\n|-damage|p2a: Chi-Yu|0 fnt\n|faint|p2a: Chi-Yu\n|\n|-weather|RainDance|[upkeep]\n|upkeep\n|\n|t:|1700106214\n|switch|p2a: Tornadus|Tornadus, M|1\/100\n|switch|p1a: Sinistcha|Sinistcha|100\/100\n|turn|6\n|inactive|Mr. Alola Tales has 120 seconds left.\n|\n|t:|1700106248\n|move|p2b: Flutter Mane|Shadow Ball|p1a: Sinistcha\n|-supereffective|p1a: Sinistcha\n|-damage|p1a: Sinistcha|0 fnt\n|faint|p1a: Sinistcha\n|move|p2a: Tornadus|Bleakwind Storm|p1b: Zapdos\n|-resisted|p1b: Zapdos\n|-crit|p1b: Zapdos\n|-damage|p1b: Zapdos|0 fnt\n|faint|p1b: Zapdos\n|\n|-weather|RainDance|[upkeep]\n|upkeep\n|\n|t:|1700106258\n|switch|p1b: Landorus|Landorus-Therian, M|34\/100\n|switch|p1a: Pelipper|Pelipper, M|100\/100\n|-ability|p1b: Landorus|Intimidate|boost\n|-unboost|p2a: Tornadus|atk|1\n|-unboost|p2b: Flutter Mane|atk|1\n|turn|7\n|\n|t:|1700106285\n|-terastallize|p1b: Landorus|Water\n|move|p2b: Flutter Mane|Shadow Ball|p1b: Landorus\n|-damage|p1b: Landorus|0 fnt\n|faint|p1b: Landorus\n|move|p2a: Tornadus|Bleakwind Storm|p1a: Pelipper\n|-damage|p1a: Pelipper|26\/100\n|move|p1a: Pelipper|Hurricane|p2b: Flutter Mane\n|-damage|p2b: Flutter Mane|61\/100\n|\n|-weather|RainDance|[upkeep]\n|upkeep\n|turn|8\n|c|\u2606IceBlueCheenk|gg\n|\n|t:|1700106300\n|move|p2b: Flutter Mane|Shadow Ball|p1a: Pelipper\n|-damage|p1a: Pelipper|0 fnt\n|faint|p1a: Pelipper\n|\n|win|Mr. Alola Tales\n|raw|IceBlueCheenk's rating: 1281 &rarr; <strong>1263<\/strong><br \/>(-18 for losing)\n|raw|Mr. Alola Tales's rating: 1384 &rarr; <strong>1398<\/strong><br \/>(+14 for winning)\n|c|\u2606Mr. Alola Tales|gg\n","uploadtime":1700106306,"views":10,"p1id":"icebluecheenk","p2id":"mralolatales","formatid":"gen9doublesou","rating":1263,"private":0,"password":""}