{"id":"gen9doublesou-1979387354","p1":"phantomslayer17","p2":"Mr.X&Y97","format":"[Gen 9] Doubles OU","log":"|j|\u2606phantomslayer17\n|j|\u2606Mr.X&Y97\n|t:|1698678667\n|gametype|doubles\n|player|p1|phantomslayer17|burglar|1593\n|player|p2|Mr.X&Y97|blue|1513\n|teamsize|p1|6\n|teamsize|p2|6\n|gen|9\n|tier|[Gen 9] Doubles OU\n|rated|\n|rule|Species Clause: Limit one of each Pok\u00e9mon\n|rule|OHKO Clause: OHKO moves are banned\n|rule|Evasion Moves Clause: Evasion moves are banned\n|rule|Gravity Sleep Clause: The combination of sleep-inducing moves with imperfect accuracy and Gravity or Gigantamax Orbeetle are banned\n|rule|Endless Battle Clause: Forcing endless battles is banned\n|rule|HP Percentage Mod: HP is shown in percentages\n|clearpoke\n|poke|p1|Okidogi, M|\n|poke|p1|Haxorus, F|\n|poke|p1|Flutter Mane|\n|poke|p1|Tornadus, M|\n|poke|p1|Arcanine-Hisui, M|\n|poke|p1|Brute Bonnet|\n|poke|p2|Iron Hands|\n|poke|p2|Amoonguss, M|\n|poke|p2|Gyarados, M|\n|poke|p2|Ting-Lu|\n|poke|p2|Landorus-Therian, M|\n|poke|p2|Flutter Mane|\n|teampreview\n|inactive|Battle timer is ON: inactive players will automatically lose when time's up. (requested by Mr.X&Y97)\n|\n|t:|1698678688\n|start\n|switch|p1a: Tornadus|Tornadus, M|100\/100\n|switch|p1b: Okidogi|Okidogi, M|100\/100\n|switch|p2a: Gyarados|Gyarados, M|100\/100\n|switch|p2b: Ting-Lu|Ting-Lu|100\/100\n|-ability|p2a: Gyarados|Intimidate|boost\n|-unboost|p1a: Tornadus|atk|1\n|-ability|p1b: Okidogi|Guard Dog|boost\n|-boost|p1b: Okidogi|atk|1\n|-ability|p2b: Ting-Lu|Vessel of Ruin\n|turn|1\n|\n|t:|1698678705\n|move|p2b: Ting-Lu|Protect|p2b: Ting-Lu\n|-singleturn|p2b: Ting-Lu|Protect\n|move|p1a: Tornadus|Taunt|p2a: Gyarados\n|-start|p2a: Gyarados|move: Taunt\n|move|p1b: Okidogi|Lash Out|p2a: Gyarados\n|-damage|p2a: Gyarados|42\/100\n|-enditem|p2a: Gyarados|Sitrus Berry|[eat]\n|-heal|p2a: Gyarados|67\/100|[from] item: Sitrus Berry\n|-damage|p1b: Okidogi|91\/100|[from] item: Life Orb\n|cant|p2a: Gyarados|move: Taunt|Thunder Wave\n|\n|upkeep\n|turn|2\n|\n|t:|1698678725\n|switch|p2a: Flutter Mane|Flutter Mane|100\/100\n|switch|p2b: Amoonguss|Amoonguss, M|100\/100\n|move|p1a: Tornadus|Bleakwind Storm|p2b: Amoonguss|[spread] p2a,p2b\n|-supereffective|p2b: Amoonguss\n|-damage|p2a: Flutter Mane|71\/100\n|-damage|p2b: Amoonguss|53\/100\n|move|p1b: Okidogi|Drain Punch|p2b: Amoonguss\n|-resisted|p2b: Amoonguss\n|-damage|p2b: Amoonguss|18\/100\n|-heal|p1b: Okidogi|100\/100|[from] drain|[of] p2b: Amoonguss\n|-damage|p1b: Okidogi|91\/100|[from] item: Life Orb\n|\n|upkeep\n|turn|3\n|\n|t:|1698678748\n|move|p1b: Okidogi|Protect|p1b: Okidogi\n|-singleturn|p1b: Okidogi|Protect\n|move|p1a: Tornadus|Tailwind|p1a: Tornadus\n|-sidestart|p1: phantomslayer17|move: Tailwind\n|move|p2a: Flutter Mane|Moonblast|p1b: Okidogi\n|-activate|p1b: Okidogi|move: Protect\n|move|p2b: Amoonguss|Spore|p1a: Tornadus\n|-status|p1a: Tornadus|slp|[from] move: Spore\n|\n|upkeep\n|turn|4\n|\n|t:|1698678761\n|move|p2b: Amoonguss|Rage Powder|p2b: Amoonguss\n|-singleturn|p2b: Amoonguss|move: Rage Powder\n|cant|p1a: Tornadus|slp\n|move|p1b: Okidogi|Poison Jab|p2b: Amoonguss\n|-damage|p2b: Amoonguss|0 fnt\n|faint|p2b: Amoonguss\n|-damage|p1b: Okidogi|81\/100|[from] item: Life Orb\n|move|p2a: Flutter Mane|Moonblast|p1b: Okidogi\n|-damage|p1b: Okidogi|0 fnt\n|faint|p1b: Okidogi\n|\n|upkeep\n|\n|t:|1698678774\n|switch|p1b: Arcanine|Arcanine-Hisui, M|100\/100\n|switch|p2b: Gyarados|Gyarados, M|67\/100\n|-ability|p1b: Arcanine|Intimidate|boost\n|-unboost|p2a: Flutter Mane|atk|1\n|-unboost|p2b: Gyarados|atk|1\n|-ability|p2b: Gyarados|Intimidate|boost\n|-unboost|p1a: Tornadus|atk|1\n|-fail|p1b: Arcanine|unboost|[from] item: Clear Amulet|[of] p1b: Arcanine\n|turn|5\n|\n|t:|1698678786\n|cant|p1a: Tornadus|slp\n|move|p1b: Arcanine|Rock Slide|p2a: Flutter Mane|[spread] p2a,p2b\n|-supereffective|p2b: Gyarados\n|-damage|p2a: Flutter Mane|21\/100\n|-damage|p2b: Gyarados|11\/100\n|move|p2a: Flutter Mane|Moonblast|p1a: Tornadus\n|-damage|p1a: Tornadus|43\/100 slp\n|cant|p2b: Gyarados|flinch\n|\n|upkeep\n|turn|6\n|\n|t:|1698678812\n|-end|p2a: Flutter Mane|Protosynthesis|[silent]\n|switch|p2a: Iron Hands|Iron Hands|100\/100\n|switch|p2b: Ting-Lu|Ting-Lu|100\/100\n|-ability|p2b: Ting-Lu|Vessel of Ruin\n|-curestatus|p1a: Tornadus|slp|[msg]\n|move|p1a: Tornadus|Bleakwind Storm|p2b: Ting-Lu|[spread] p2b\n|-miss|p1a: Tornadus|p2a: Iron Hands\n|-damage|p2b: Ting-Lu|86\/100\n|move|p1b: Arcanine|Rock Slide|p2b: Ting-Lu|[spread] p2a,p2b\n|-resisted|p2a: Iron Hands\n|-resisted|p2b: Ting-Lu\n|-damage|p2a: Iron Hands|91\/100\n|-damage|p2b: Ting-Lu|78\/100\n|\n|-heal|p2a: Iron Hands|98\/100|[from] item: Leftovers\n|-sideend|p1: phantomslayer17|move: Tailwind\n|upkeep\n|turn|7\n|\n|t:|1698678827\n|move|p2a: Iron Hands|Detect|p2a: Iron Hands\n|-singleturn|p2a: Iron Hands|Protect\n|move|p1a: Tornadus|Tailwind|p1a: Tornadus\n|-sidestart|p1: phantomslayer17|move: Tailwind\n|move|p1b: Arcanine|Stealth Rock|p2b: Ting-Lu\n|-sidestart|p2: Mr.X&Y97|move: Stealth Rock\n|move|p2b: Ting-Lu|Stomping Tantrum|p1b: Arcanine\n|-supereffective|p1b: Arcanine\n|-damage|p1b: Arcanine|0 fnt\n|faint|p1b: Arcanine\n|\n|-heal|p2a: Iron Hands|100\/100|[from] item: Leftovers\n|upkeep\n|\n|t:|1698678830\n|switch|p1b: Brute Bonnet|Brute Bonnet, shiny|100\/100\n|turn|8\n|\n|t:|1698678844\n|move|p1a: Tornadus|Knock Off|p2a: Iron Hands\n|-resisted|p2a: Iron Hands\n|-damage|p2a: Iron Hands|96\/100\n|-enditem|p2a: Iron Hands|Leftovers|[from] move: Knock Off|[of] p1a: Tornadus\n|move|p1b: Brute Bonnet|Spore|p2b: Ting-Lu\n|-status|p2b: Ting-Lu|slp|[from] move: Spore\n|-enditem|p2b: Ting-Lu|Lum Berry|[eat]\n|-curestatus|p2b: Ting-Lu|slp|[msg]\n|move|p2a: Iron Hands|Swords Dance|p2a: Iron Hands\n|-boost|p2a: Iron Hands|atk|2\n|move|p2b: Ting-Lu|Heavy Slam|p1a: Tornadus\n|-damage|p1a: Tornadus|0 fnt\n|faint|p1a: Tornadus\n|\n|upkeep\n|\n|t:|1698678853\n|switch|p1a: Flutter Mane|Flutter Mane|100\/100\n|turn|9\n|\n|t:|1698678867\n|-terastallize|p1a: Flutter Mane|Fairy\n|-terastallize|p2a: Iron Hands|Grass\n|move|p1a: Flutter Mane|Moonblast|p2a: Iron Hands\n|-damage|p2a: Iron Hands|42\/100\n|move|p1b: Brute Bonnet|Spore|p2b: Ting-Lu\n|-status|p2b: Ting-Lu|slp|[from] move: Spore\n|move|p2a: Iron Hands|Thunder Punch|p1a: Flutter Mane\n|-damage|p1a: Flutter Mane|0 fnt\n|faint|p1a: Flutter Mane\n|-end|p1a: Flutter Mane|Protosynthesis|[silent]\n|cant|p2b: Ting-Lu|slp\n|\n|upkeep\n|\n|t:|1698678872\n|switch|p1a: Haxorus|Haxorus, F, shiny|100\/100\n|-ability|p1a: Haxorus|Mold Breaker\n|turn|10\n|\n|t:|1698678893\n|switch|p2b: Gyarados|Gyarados, M|11\/100\n|-damage|p2b: Gyarados|0 fnt|[from] Stealth Rock\n|faint|p2b: Gyarados\n|move|p2a: Iron Hands|Detect|p2a: Iron Hands\n|-singleturn|p2a: Iron Hands|Protect\n|move|p1b: Brute Bonnet|Sucker Punch||[still]\n|-fail|p1b: Brute Bonnet\n|move|p1a: Haxorus|Scale Shot|p2a: Iron Hands\n|-activate|p2a: Iron Hands|move: Protect\n|\n|-sideend|p1: phantomslayer17|move: Tailwind\n|upkeep\n|\n|t:|1698678897\n|switch|p2b: Landorus|Landorus-Therian, M|100\/100\n|-damage|p2b: Landorus|88\/100|[from] Stealth Rock\n|-ability|p2b: Landorus|Intimidate|boost\n|-unboost|p1a: Haxorus|atk|1\n|-unboost|p1b: Brute Bonnet|atk|1\n|turn|11\n|\n|t:|1698678914\n|move|p1b: Brute Bonnet|Rage Powder|p1b: Brute Bonnet\n|-singleturn|p1b: Brute Bonnet|move: Rage Powder\n|move|p2b: Landorus|U-turn|p1b: Brute Bonnet\n|-supereffective|p1b: Brute Bonnet\n|-damage|p1b: Brute Bonnet|34\/100\n|-damage|p2b: Landorus|72\/100|[from] item: Rocky Helmet|[of] p1b: Brute Bonnet\n|\n|t:|1698678921\n|switch|p2b: Ting-Lu|Ting-Lu|78\/100 slp|[from] U-turn\n|-damage|p2b: Ting-Lu|72\/100 slp|[from] Stealth Rock\n|-ability|p2b: Ting-Lu|Vessel of Ruin\n|move|p1a: Haxorus|Swords Dance|p1a: Haxorus\n|-boost|p1a: Haxorus|atk|2\n|move|p2a: Iron Hands|Drain Punch|p1a: Haxorus\n|-damage|p1a: Haxorus|25\/100\n|-heal|p2a: Iron Hands|70\/100|[from] drain|[of] p1a: Haxorus\n|\n|upkeep\n|turn|12\n|\n|t:|1698678944\n|move|p1a: Haxorus|Scale Shot|p2a: Iron Hands\n|-damage|p2a: Iron Hands|56\/100\n|-damage|p2a: Iron Hands|41\/100\n|-damage|p2a: Iron Hands|28\/100\n|-damage|p2a: Iron Hands|14\/100\n|-hitcount|p2a: Iron Hands|4\n|-unboost|p1a: Haxorus|def|1\n|-boost|p1a: Haxorus|spe|1\n|move|p2a: Iron Hands|Drain Punch|p1a: Haxorus\n|-damage|p1a: Haxorus|0 fnt\n|-heal|p2a: Iron Hands|23\/100|[from] drain|[of] p1a: Haxorus\n|faint|p1a: Haxorus\n|move|p1b: Brute Bonnet|Seed Bomb|p2b: Ting-Lu\n|-supereffective|p2b: Ting-Lu\n|-damage|p2b: Ting-Lu|42\/100 slp\n|-curestatus|p2b: Ting-Lu|slp|[msg]\n|move|p2b: Ting-Lu|Heavy Slam|p1b: Brute Bonnet\n|-damage|p1b: Brute Bonnet|11\/100\n|-damage|p2b: Ting-Lu|26\/100|[from] item: Rocky Helmet|[of] p1b: Brute Bonnet\n|\n|upkeep\n|turn|13\n|-message|phantomslayer17 forfeited.\n|\n|win|Mr.X&Y97\n|raw|phantomslayer17's rating: 1593 &rarr; <strong>1568<\/strong><br \/>(-25 for losing)\n|raw|Mr.X&amp;Y97's rating: 1513 &rarr; <strong>1538<\/strong><br \/>(+25 for winning)\n|l|\u2606phantomslayer17\n|c|\u2606Mr.X&Y97|Ggs wp!\n","uploadtime":1698678978,"views":15,"p1id":"phantomslayer17","p2id":"mrxy97","formatid":"gen9doublesou","rating":1538,"private":0,"password":""}