{"id":"gen9doublesou-1994589211","p1":"e1236","p2":"Rasper1219","format":"[Gen 9] Doubles OU","log":"|j|\u2606e1236\n|j|\u2606Rasper1219\n|t:|1700465197\n|gametype|doubles\n|player|p1|e1236|169|1091\n|player|p2|Rasper1219|lyra|1324\n|teamsize|p1|6\n|teamsize|p2|6\n|gen|9\n|tier|[Gen 9] Doubles OU\n|rated|\n|rule|Species Clause: Limit one of each Pok\u00e9mon\n|rule|OHKO Clause: OHKO moves are banned\n|rule|Evasion Moves Clause: Evasion moves are banned\n|rule|Gravity Sleep Clause: The combination of sleep-inducing moves with imperfect accuracy and Gravity or Gigantamax Orbeetle are banned\n|rule|Endless Battle Clause: Forcing endless battles is banned\n|rule|HP Percentage Mod: HP is shown in percentages\n|clearpoke\n|poke|p1|Ogerpon-Wellspring, F|\n|poke|p1|Landorus-Therian, M|\n|poke|p1|Iron Hands|\n|poke|p1|Cresselia, F|\n|poke|p1|Heatran, F|\n|poke|p1|Flutter Mane|\n|poke|p2|Flutter Mane|\n|poke|p2|Iron Bundle|\n|poke|p2|Kingambit, M|\n|poke|p2|Iron Hands|\n|poke|p2|Heatran, M|\n|poke|p2|Grimmsnarl, M|\n|teampreview\n|\n|t:|1700465224\n|start\n|switch|p1a: Landorus|Landorus-Therian, M|100\/100\n|switch|p1b: Iron Hands|Iron Hands|100\/100\n|switch|p2a: Grimmsnarl|Grimmsnarl, M|100\/100\n|switch|p2b: Iron Hands|Iron Hands|100\/100\n|-ability|p1a: Landorus|Intimidate|boost\n|-unboost|p2a: Grimmsnarl|atk|1\n|-unboost|p2b: Iron Hands|atk|1\n|turn|1\n|\n|t:|1700465243\n|move|p2a: Grimmsnarl|Fake Out|p1b: Iron Hands\n|-damage|p1b: Iron Hands|95\/100\n|move|p2b: Iron Hands|Fake Out|p1a: Landorus\n|-damage|p1a: Landorus|87\/100\n|cant|p1a: Landorus|flinch\n|cant|p1b: Iron Hands|flinch\n|\n|upkeep\n|turn|2\n|\n|t:|1700465269\n|-end|p2b: Iron Hands|Quark Drive|[silent]\n|switch|p2b: Flutter Mane|Flutter Mane|100\/100\n|move|p2a: Grimmsnarl|Reflect|p2a: Grimmsnarl\n|-sidestart|p2: Rasper1219|Reflect\n|move|p1a: Landorus|Stomping Tantrum|p2b: Flutter Mane\n|-damage|p2b: Flutter Mane|0 fnt\n|faint|p2b: Flutter Mane\n|-end|p2b: Flutter Mane|Protosynthesis|[silent]\n|move|p1b: Iron Hands|Heavy Slam|p2a: Grimmsnarl\n|-supereffective|p2a: Grimmsnarl\n|-crit|p2a: Grimmsnarl\n|-damage|p2a: Grimmsnarl|0 fnt\n|faint|p2a: Grimmsnarl\n|\n|upkeep\n|\n|t:|1700465300\n|switch|p2b: Heatran|Heatran, M|100\/100\n|switch|p2a: Iron Bundle|Iron Bundle|100\/100\n|-item|p2b: Heatran|Air Balloon\n|turn|3\n|\n|t:|1700465317\n|move|p1a: Landorus|Stomping Tantrum|p2b: Heatran\n|-immune|p2b: Heatran\n|move|p2a: Iron Bundle|Blizzard|p1b: Iron Hands|[spread] p1a,p1b\n|-supereffective|p1a: Landorus\n|-damage|p1a: Landorus|0 fnt\n|-damage|p1b: Iron Hands|74\/100\n|faint|p1a: Landorus\n|move|p2b: Heatran|Sunny Day|p2b: Heatran\n|-weather|SunnyDay\n|move|p1b: Iron Hands|Wild Charge|p2a: Iron Bundle\n|-supereffective|p2a: Iron Bundle\n|-damage|p2a: Iron Bundle|21\/100\n|-damage|p1b: Iron Hands|63\/100|[from] Recoil\n|\n|-weather|SunnyDay|[upkeep]\n|upkeep\n|\n|t:|1700465358\n|switch|p1a: Heatran|Heatran, F|100\/100\n|turn|4\n|\n|t:|1700465376\n|-terastallize|p1a: Heatran|Grass\n|move|p2a: Iron Bundle|Flip Turn|p1a: Heatran\n|-resisted|p1a: Heatran\n|-crit|p1a: Heatran\n|-damage|p1a: Heatran|95\/100\n|\n|t:|1700465380\n|-end|p2a: Iron Bundle|Quark Drive|[silent]\n|switch|p2a: Iron Hands|Iron Hands|100\/100|[from] Flip Turn\n|move|p1a: Heatran|Earth Power|p2b: Heatran\n|-immune|p2b: Heatran\n|move|p2b: Heatran|Earth Power|p1a: Heatran\n|-resisted|p1a: Heatran\n|-damage|p1a: Heatran|79\/100\n|move|p1b: Iron Hands|Wild Charge|p2a: Iron Hands\n|-resisted|p2a: Iron Hands\n|-damage|p2a: Iron Hands|90\/100\n|-damage|p1b: Iron Hands|60\/100|[from] Recoil\n|\n|-weather|SunnyDay|[upkeep]\n|upkeep\n|turn|5\n|\n|t:|1700465411\n|switch|p1a: Ogerpon|Ogerpon-Wellspring, F|100\/100\n|move|p2b: Heatran|Solar Beam||[still]\n|-prepare|p2b: Heatran|Solar Beam\n|-anim|p2b: Heatran|Solar Beam|p1b: Iron Hands\n|-damage|p1b: Iron Hands|38\/100\n|move|p1b: Iron Hands|Drain Punch|p2b: Heatran\n|-supereffective|p2b: Heatran\n|-damage|p2b: Heatran|56\/100\n|-heal|p1b: Iron Hands|57\/100|[from] drain|[of] p2b: Heatran\n|-enditem|p2b: Heatran|Air Balloon\n|move|p2a: Iron Hands|Brick Break|p1b: Iron Hands\n|-damage|p1b: Iron Hands|26\/100\n|\n|-weather|SunnyDay|[upkeep]\n|upkeep\n|turn|6\n|\n|t:|1700465445\n|switch|p2b: Iron Bundle|Iron Bundle|21\/100\n|move|p1a: Ogerpon|Ivy Cudgel|p2b: Iron Bundle|[anim] Ivy Cudgel Water\n|-resisted|p2b: Iron Bundle\n|-crit|p2b: Iron Bundle\n|-damage|p2b: Iron Bundle|0 fnt\n|faint|p2b: Iron Bundle\n|-end|p2b: Iron Bundle|Quark Drive|[silent]\n|move|p1b: Iron Hands|Drain Punch|p2a: Iron Hands\n|-damage|p2a: Iron Hands|71\/100\n|-heal|p1b: Iron Hands|37\/100|[from] drain|[of] p2a: Iron Hands\n|move|p2a: Iron Hands|Wild Charge|p1b: Iron Hands\n|-resisted|p1b: Iron Hands\n|-damage|p1b: Iron Hands|16\/100\n|-damage|p2a: Iron Hands|66\/100|[from] Recoil\n|\n|-weather|SunnyDay|[upkeep]\n|upkeep\n|\n|t:|1700465457\n|switch|p2b: Kingambit|Kingambit, M|100\/100\n|-activate|p2b: Kingambit|ability: Supreme Overlord\n|-start|p2b: Kingambit|fallen3|[silent]\n|turn|7\n|\n|t:|1700465481\n|switch|p1a: Heatran|Heatran, F, tera:Grass|79\/100\n|-end|p1b: Iron Hands|Quark Drive|[silent]\n|switch|p1b: Cresselia|Cresselia, F|100\/100\n|move|p2b: Kingambit|Sucker Punch||[still]\n|-fail|p2b: Kingambit\n|move|p2a: Iron Hands|Wild Charge|p1a: Heatran\n|-resisted|p1a: Heatran\n|-damage|p1a: Heatran|54\/100\n|-damage|p2a: Iron Hands|62\/100|[from] Recoil\n|\n|-weather|none\n|upkeep\n|turn|8\n|\n|t:|1700465505\n|-end|p2a: Iron Hands|Quark Drive|[silent]\n|switch|p2a: Heatran|Heatran, M|56\/100\n|-terastallize|p2b: Kingambit|Dark\n|move|p1b: Cresselia|Lunar Blessing|p1b: Cresselia|[spread] p1a,p1b\n|-heal|p1a: Heatran|79\/100\n|move|p1a: Heatran|Earth Power|p2b: Kingambit\n|-damage|p2b: Kingambit|55\/100\n|-damage|p1a: Heatran|69\/100|[from] item: Life Orb\n|move|p2b: Kingambit|Kowtow Cleave|p1b: Cresselia\n|-supereffective|p1b: Cresselia\n|-damage|p1b: Cresselia|0 fnt\n|faint|p1b: Cresselia\n|\n|-heal|p2b: Kingambit|61\/100|[from] item: Leftovers\n|upkeep\n|\n|t:|1700465522\n|switch|p1b: Flutter Mane|Flutter Mane, shiny|100\/100\n|-enditem|p1b: Flutter Mane|Booster Energy\n|-activate|p1b: Flutter Mane|ability: Protosynthesis|[fromitem]\n|-start|p1b: Flutter Mane|protosynthesisspe\n|turn|9\n|\n|t:|1700465534\n|switch|p1a: Ogerpon|Ogerpon-Wellspring, F|100\/100\n|move|p2b: Kingambit|Sucker Punch|p1b: Flutter Mane\n|-damage|p1b: Flutter Mane|0 fnt\n|faint|p1b: Flutter Mane\n|-end|p1b: Flutter Mane|Protosynthesis|[silent]\n|move|p2a: Heatran|Earth Power|p1a: Ogerpon\n|-resisted|p1a: Ogerpon\n|-damage|p1a: Ogerpon|83\/100\n|\n|-heal|p2b: Kingambit|67\/100|[from] item: Leftovers\n|-sideend|p2: Rasper1219|Reflect\n|upkeep\n|\n|t:|1700465545\n|switch|p1b: Heatran|Heatran, F, tera:Grass|69\/100\n|turn|10\n|\n|t:|1700465563\n|move|p1b: Heatran|Protect|p1b: Heatran\n|-singleturn|p1b: Heatran|Protect\n|move|p2b: Kingambit|Sucker Punch||[still]\n|-fail|p2b: Kingambit\n|move|p1a: Ogerpon|Ivy Cudgel|p2a: Heatran|[anim] Ivy Cudgel Water\n|-supereffective|p2a: Heatran\n|-damage|p2a: Heatran|0 fnt\n|faint|p2a: Heatran\n|\n|-heal|p2b: Kingambit|73\/100|[from] item: Leftovers\n|upkeep\n|\n|t:|1700465565\n|switch|p2a: Iron Hands|Iron Hands|62\/100\n|turn|11\n|c|\u2606Rasper1219|!dt Ogerpon\n|raw|<div class=\"message\"><ul class=\"utilichart\"><li class=\"result\"><span class=\"col numcol\">DUU<\/span> <span class=\"col iconcol\"><psicon pokemon=\"ogerpon\"\/><\/span> <span class=\"col pokemonnamecol\" style=\"white-space:nowrap\"><a href=\"https:\/\/dex.pokemonshowdown.com\/pokemon\/ogerpon\" target=\"_blank\">Ogerpon<\/a><\/span> <span class=\"col typecol\"><img src=\"https:\/\/play.pokemonshowdown.com\/sprites\/types\/Grass.png\" alt=\"Grass\" height=\"14\" width=\"32\"><\/span> <span style=\"float:left;min-height:26px\"><span class=\"col abilitycol\">Defiant<\/span><span class=\"col abilitycol\"><\/span><\/span><span style=\"float:left;min-height:26px\"><span class=\"col statcol\"><em>HP<\/em><br \/>80<\/span> <span class=\"col statcol\"><em>Atk<\/em><br \/>120<\/span> <span class=\"col statcol\"><em>Def<\/em><br \/>84<\/span> <span class=\"col statcol\"><em>SpA<\/em><br \/>60<\/span> <span class=\"col statcol\"><em>SpD<\/em><br \/>96<\/span> <span class=\"col statcol\"><em>Spe<\/em><br \/>110<\/span> <span class=\"col bstcol\"><em>BST<br \/>550<\/em><\/span> <\/span><\/li><li style=\"clear:both\"><\/li><\/ul><\/div>\n|raw|<font size=\"1\"><font color=\"#686868\">Dex#:<\/font> 1017&nbsp;|&ThickSpace;<font color=\"#686868\">Gen:<\/font> 9&nbsp;|&ThickSpace;<font color=\"#686868\">Height:<\/font> 1.2 m&nbsp;|&ThickSpace;<font color=\"#686868\">Weight:<\/font> 39.8 kg <em>(60 BP)<\/em>&nbsp;|&ThickSpace;<font color=\"#686868\">Dex Colour:<\/font> Green&nbsp;|&ThickSpace;<font color=\"#686868\">Egg Group(s):<\/font> Undiscovered&nbsp;|&ThickSpace;<font color=\"#686868\">Does Not Evolve<\/font><\/font>\n\n|\n|t:|1700465604\n|move|p2a: Iron Hands|Fake Out|p1b: Heatran\n|-damage|p1b: Heatran|53\/100\n|move|p1a: Ogerpon|Swords Dance|p1a: Ogerpon\n|-boost|p1a: Ogerpon|atk|2\n|cant|p1b: Heatran|flinch\n|move|p2b: Kingambit|Kowtow Cleave|p1a: Ogerpon\n|-damage|p1a: Ogerpon|0 fnt\n|faint|p1a: Ogerpon\n|\n|-heal|p2b: Kingambit|79\/100|[from] item: Leftovers\n|upkeep\n|\n|t:|1700465616\n|switch|p1a: Iron Hands|Iron Hands|16\/100\n|turn|12\n|\n|t:|1700465635\n|move|p2b: Kingambit|Sucker Punch|p1b: Heatran\n|-crit|p1b: Heatran\n|-damage|p1b: Heatran|0 fnt\n|faint|p1b: Heatran\n|move|p1a: Iron Hands|Drain Punch|p2b: Kingambit\n|-supereffective|p2b: Kingambit\n|-damage|p2b: Kingambit|14\/100\n|-heal|p1a: Iron Hands|46\/100|[from] drain|[of] p2b: Kingambit\n|move|p2a: Iron Hands|Brick Break|p1a: Iron Hands\n|-damage|p1a: Iron Hands|13\/100\n|\n|-heal|p2b: Kingambit|20\/100|[from] item: Leftovers\n|upkeep\n|turn|13\n|-message|e1236 forfeited.\n|\n|win|Rasper1219\n|raw|e1236's rating: 1091 &rarr; <strong>1081<\/strong><br \/>(-10 for losing)\n|raw|Rasper1219's rating: 1324 &rarr; <strong>1332<\/strong><br \/>(+8 for winning)\n|l|\u2606e1236\n","uploadtime":1700465659,"views":5,"p1id":"e1236","p2id":"rasper1219","formatid":"gen9doublesou","rating":1081,"private":0,"password":""}