{"id":"gen9doublesou-1985774420","p1":"Thehombre","p2":"Critian Caceorte","format":"[Gen 9] Doubles OU","log":"|j|\u2606Thehombre\n|j|\u2606Critian Caceorte\n|t:|1699404757\n|gametype|doubles\n|player|p1|Thehombre|170|1220\n|player|p2|Critian Caceorte|hilda|1156\n|teamsize|p1|6\n|teamsize|p2|6\n|gen|9\n|tier|[Gen 9] Doubles OU\n|rated|\n|rule|Species Clause: Limit one of each Pok\u00e9mon\n|rule|OHKO Clause: OHKO moves are banned\n|rule|Evasion Moves Clause: Evasion moves are banned\n|rule|Gravity Sleep Clause: The combination of sleep-inducing moves with imperfect accuracy and Gravity or Gigantamax Orbeetle are banned\n|rule|Endless Battle Clause: Forcing endless battles is banned\n|rule|HP Percentage Mod: HP is shown in percentages\n|clearpoke\n|poke|p1|Copperajah, M|\n|poke|p1|Bronzong|\n|poke|p1|Armarouge, F|\n|poke|p1|Torkoal, F|\n|poke|p1|Dipplin, M|\n|poke|p1|Great Tusk|\n|poke|p2|Indeedee-F, F|\n|poke|p2|Armarouge, M|\n|poke|p2|Gallade, M|\n|poke|p2|Espathra, F|\n|poke|p2|Oranguru, F|\n|poke|p2|Farigiraf, M|\n|teampreview\n|\n|t:|1699404765\n|start\n|switch|p1a: Copperajah|Copperajah, M|100\/100\n|switch|p1b: Bronzong|Bronzong|100\/100\n|switch|p2a: Indeedee|Indeedee-F, F|100\/100\n|switch|p2b: Espathra|Espathra, F|100\/100\n|-fieldstart|move: Psychic Terrain|[from] ability: Psychic Surge|[of] p2a: Indeedee\n|turn|1\n|\n|t:|1699404780\n|switch|p2b: Armarouge|Armarouge, M|100\/100\n|move|p2a: Indeedee|Follow Me|p2a: Indeedee\n|-singleturn|p2a: Indeedee|move: Follow Me\n|move|p1a: Copperajah|Curse|p1a: Copperajah\n|-unboost|p1a: Copperajah|spe|1\n|-boost|p1a: Copperajah|atk|1\n|-boost|p1a: Copperajah|def|1\n|move|p1b: Bronzong|Trick Room|p1b: Bronzong\n|-fieldstart|move: Trick Room|[of] p1b: Bronzong\n|\n|upkeep\n|turn|2\n|\n|t:|1699404798\n|-terastallize|p2b: Armarouge|Fire\n|move|p2a: Indeedee|Follow Me|p2a: Indeedee\n|-singleturn|p2a: Indeedee|move: Follow Me\n|move|p1b: Bronzong|Gyro Ball|p2a: Indeedee\n|-damage|p2a: Indeedee|62\/100\n|move|p1a: Copperajah|Rock Slide|p2a: Indeedee|[spread] p2a,p2b\n|-supereffective|p2b: Armarouge\n|-crit|p2b: Armarouge\n|-damage|p2a: Indeedee|21\/100\n|-damage|p2b: Armarouge|22\/100\n|-ability|p2b: Armarouge|Weak Armor|boost\n|-unboost|p2b: Armarouge|def|1\n|-boost|p2b: Armarouge|spe|2\n|move|p2b: Armarouge|Armor Cannon|p1a: Copperajah\n|-supereffective|p1a: Copperajah\n|-damage|p1a: Copperajah|0 fnt\n|-unboost|p2b: Armarouge|def|1\n|-unboost|p2b: Armarouge|spd|1\n|faint|p1a: Copperajah\n|\n|upkeep\n|\n|t:|1699404816\n|switch|p1a: Torkoal|Torkoal, F|100\/100\n|turn|3\n|\n|t:|1699404824\n|move|p1b: Bronzong|Iron Defense|p1b: Bronzong\n|-boost|p1b: Bronzong|def|2\n|move|p1a: Torkoal|Rock Slide|p2b: Armarouge|[spread] p2a,p2b\n|-supereffective|p2b: Armarouge\n|-damage|p2a: Indeedee|0 fnt\n|-damage|p2b: Armarouge|0 fnt\n|faint|p2a: Indeedee\n|faint|p2b: Armarouge\n|\n|upkeep\n|inactive|Battle timer is ON: inactive players will automatically lose when time's up. (requested by Thehombre)\n|\n|t:|1699404833\n|switch|p2b: Farigiraf|Farigiraf, M|100\/100\n|switch|p2a: Gallade|Gallade, M|100\/100\n|turn|4\n|\n|t:|1699404850\n|move|p1b: Bronzong|Body Press|p2b: Farigiraf\n|-damage|p2b: Farigiraf|60\/100\n|move|p1a: Torkoal|Curse|p1a: Torkoal\n|-unboost|p1a: Torkoal|spe|1\n|-boost|p1a: Torkoal|atk|1\n|-boost|p1a: Torkoal|def|1\n|move|p2b: Farigiraf|Beat Up|p2a: Gallade\n|-damage|p2a: Gallade|95\/100\n|-ability|p2a: Gallade|Justified|boost\n|-boost|p2a: Gallade|atk|1\n|-damage|p2a: Gallade|91\/100\n|-ability|p2a: Gallade|Justified|boost\n|-boost|p2a: Gallade|atk|1\n|-damage|p2a: Gallade|87\/100\n|-ability|p2a: Gallade|Justified|boost\n|-boost|p2a: Gallade|atk|1\n|-damage|p2a: Gallade|83\/100\n|-ability|p2a: Gallade|Justified|boost\n|-boost|p2a: Gallade|atk|1\n|-hitcount|p2a: Gallade|4\n|move|p2a: Gallade|Aqua Cutter|p1a: Torkoal\n|-supereffective|p1a: Torkoal\n|-damage|p1a: Torkoal|31\/100\n|\n|-heal|p1a: Torkoal|37\/100|[from] item: Leftovers\n|upkeep\n|turn|5\n|\n|t:|1699404876\n|move|p1a: Torkoal|Heat Crash|p2a: Gallade\n|-damage|p2a: Gallade|36\/100\n|move|p1b: Bronzong|Gyro Ball|p2a: Gallade\n|-damage|p2a: Gallade|0 fnt\n|faint|p2a: Gallade\n|move|p2b: Farigiraf|Twin Beam|p1a: Torkoal\n|-damage|p1a: Torkoal|1\/100\n|-damage|p1a: Torkoal|0 fnt\n|faint|p1a: Torkoal\n|-hitcount|p1: Torkoal|2\n|\n|-fieldend|move: Trick Room\n|-fieldend|move: Psychic Terrain\n|upkeep\n|\n|t:|1699404889\n|switch|p2a: Oranguru|Oranguru, F|100\/100\n|switch|p1a: Great Tusk|Great Tusk|100\/100\n|turn|6\n|\n|t:|1699404902\n|move|p1a: Great Tusk|Bulk Up|p1a: Great Tusk\n|-boost|p1a: Great Tusk|atk|1\n|-boost|p1a: Great Tusk|def|1\n|move|p2b: Farigiraf|Twin Beam|p1a: Great Tusk\n|-supereffective|p1a: Great Tusk\n|-damage|p1a: Great Tusk|45\/100\n|-supereffective|p1a: Great Tusk\n|-damage|p1a: Great Tusk|0 fnt\n|faint|p1a: Great Tusk\n|-end|p1a: Great Tusk|Protosynthesis|[silent]\n|-hitcount|p1: Great Tusk|2\n|move|p2a: Oranguru|Taunt|p1b: Bronzong\n|-start|p1b: Bronzong|move: Taunt\n|cant|p1b: Bronzong|move: Taunt|Trick Room\n|\n|upkeep\n|\n|t:|1699404905\n|switch|p1a: Armarouge|Armarouge, F|100\/100\n|turn|7\n|\n|t:|1699404934\n|move|p1a: Armarouge|Calm Mind|p1a: Armarouge\n|-boost|p1a: Armarouge|spa|1\n|-boost|p1a: Armarouge|spd|1\n|move|p2b: Farigiraf|Nasty Plot|p2b: Farigiraf\n|-boost|p2b: Farigiraf|spa|2\n|move|p2a: Oranguru|Chilling Water|p1a: Armarouge\n|-supereffective|p1a: Armarouge\n|-damage|p1a: Armarouge|82\/100\n|-unboost|p1a: Armarouge|atk|1\n|-damage|p2a: Oranguru|91\/100|[from] item: Life Orb\n|move|p1b: Bronzong|Body Press|p2b: Farigiraf\n|-damage|p2b: Farigiraf|16\/100\n|-enditem|p2b: Farigiraf|Aguav Berry|[eat]\n|-heal|p2b: Farigiraf|50\/100|[from] item: Aguav Berry\n|-activate|p2a: Oranguru|ability: Symbiosis|Life Orb|[of] p2b: Farigiraf\n|\n|-heal|p1a: Armarouge|88\/100|[from] item: Leftovers\n|upkeep\n|turn|8\n|\n|t:|1699404958\n|move|p1a: Armarouge|Heat Wave|p2b: Farigiraf|[spread] p2a,p2b\n|-damage|p2a: Oranguru|54\/100\n|-damage|p2b: Farigiraf|0 fnt\n|faint|p2b: Farigiraf\n|move|p2a: Oranguru|Chilling Water|p1a: Armarouge\n|-supereffective|p1a: Armarouge\n|-damage|p1a: Armarouge|73\/100\n|-unboost|p1a: Armarouge|atk|1\n|move|p1b: Bronzong|Gyro Ball|p2a: Oranguru\n|-damage|p2a: Oranguru|39\/100\n|\n|-heal|p1a: Armarouge|79\/100|[from] item: Leftovers\n|-end|p1b: Bronzong|move: Taunt\n|upkeep\n|\n|t:|1699404970\n|switch|p2b: Espathra|Espathra, F|100\/100\n|turn|9\n|\n|t:|1699404975\n|move|p2b: Espathra|Calm Mind|p2b: Espathra\n|-boost|p2b: Espathra|spa|1\n|-boost|p2b: Espathra|spd|1\n|move|p1a: Armarouge|Heat Wave|p2b: Espathra|[spread] p2a,p2b\n|-damage|p2a: Oranguru|0 fnt\n|-damage|p2b: Espathra|43\/100\n|faint|p2a: Oranguru\n|move|p1b: Bronzong|Trick Room|p1b: Bronzong\n|-fieldstart|move: Trick Room|[of] p1b: Bronzong\n|\n|-heal|p1a: Armarouge|85\/100|[from] item: Leftovers\n|-heal|p2b: Espathra|49\/100|[from] item: Leftovers\n|-ability|p2b: Espathra|Speed Boost|boost\n|-boost|p2b: Espathra|spe|1\n|upkeep\n|turn|10\n|\n|t:|1699404987\n|move|p1a: Armarouge|Helping Hand|p1b: Bronzong\n|-singleturn|p1b: Bronzong|Helping Hand|[of] p1a: Armarouge\n|move|p2b: Espathra|Protect|p2b: Espathra\n|-singleturn|p2b: Espathra|Protect\n|move|p1b: Bronzong|Gyro Ball|p2b: Espathra\n|-activate|p2b: Espathra|move: Protect\n|\n|-heal|p1a: Armarouge|91\/100|[from] item: Leftovers\n|-heal|p2b: Espathra|55\/100|[from] item: Leftovers\n|-ability|p2b: Espathra|Speed Boost|boost\n|-boost|p2b: Espathra|spe|1\n|upkeep\n|turn|11\n|\n|t:|1699405003\n|-terastallize|p1b: Bronzong|Steel\n|move|p1a: Armarouge|Helping Hand|p1b: Bronzong\n|-singleturn|p1b: Bronzong|Helping Hand|[of] p1a: Armarouge\n|move|p1b: Bronzong|Gyro Ball|p2b: Espathra\n|-damage|p2b: Espathra|0 fnt\n|faint|p2b: Espathra\n|\n|win|Thehombre\n|raw|Thehombre's rating: 1220 &rarr; <strong>1240<\/strong><br \/>(+20 for winning)\n|raw|Critian Caceorte's rating: 1156 &rarr; <strong>1136<\/strong><br \/>(-20 for losing)\n","uploadtime":1699405011,"views":9,"p1id":"thehombre","p2id":"critiancaceorte","formatid":"gen9doublesou","rating":1136,"private":0,"password":""}