{"id":"gen9doublesou-1987242930","p1":"Lenoxum","p2":"Gym Leader Macaron","format":"[Gen 9] Doubles OU","log":"|j|\u2606Lenoxum\n|j|\u2606Gym Leader Macaron\n|inactive|Battle timer is ON: inactive players will automatically lose when time's up.\n|t:|1699568723\n|gametype|doubles\n|player|p1|Lenoxum|turo-ai|\n|player|p2|Gym Leader Macaron|lady-gen4|\n|teamsize|p1|6\n|teamsize|p2|6\n|gen|9\n|tier|[Gen 9] Doubles OU\n|rated|Tournament battle\n|rule|Species Clause: Limit one of each Pok\u00e9mon\n|rule|OHKO Clause: OHKO moves are banned\n|rule|Evasion Moves Clause: Evasion moves are banned\n|rule|Gravity Sleep Clause: The combination of sleep-inducing moves with imperfect accuracy and Gravity or Gigantamax Orbeetle are banned\n|rule|Endless Battle Clause: Forcing endless battles is banned\n|rule|HP Percentage Mod: HP is shown in percentages\n|clearpoke\n|poke|p1|Froslass, F|\n|poke|p1|Bisharp, F|\n|poke|p1|Impidimp, M|\n|poke|p1|Quaquaval, F|\n|poke|p1|Azumarill, F|\n|poke|p1|Espathra, F|\n|poke|p2|Drifblim, M|\n|poke|p2|Oinkologne, M|\n|poke|p2|Dusknoir, F|\n|poke|p2|Spidops, M|\n|poke|p2|Weezing, F|\n|poke|p2|Toxtricity-Low-Key, F|\n|teampreview\n|j|*Lady Monita \u263d\n|c|\u2606Gym Leader Macaron|gll\n|j| Im dumb srly\n|j| DIMU179\n|c|\u2606Lenoxum|u2\n|j| Carkol Lover\n|l| Im dumb srly\n|inactive|Lenoxum has 120 seconds left.\n|\n|t:|1699568766\n|start\n|switch|p1a: Espathra|Espathra, F, shiny|100\/100\n|switch|p1b: Impidimp|Impidimp, M, shiny|100\/100\n|switch|p2a: peter parker|Spidops, M|100\/100\n|switch|p2b: (:|Drifblim, M, shiny|100\/100\n|turn|1\n|j| Im dumb srly\n|j| terrytibss\n|\n|t:|1699568792\n|-terastallize|p1a: Espathra|Fairy\n|move|p1b: Impidimp|Fake Out|p2a: peter parker\n|-damage|p2a: peter parker|96\/100\n|cant|p2a: peter parker|flinch\n|move|p1a: Espathra|Calm Mind|p1a: Espathra\n|-boost|p1a: Espathra|spa|1\n|-boost|p1a: Espathra|spd|1\n|move|p2b: (:|Tailwind|p2b: (:\n|-sidestart|p2: Gym Leader Macaron|move: Tailwind\n|\n|-ability|p1a: Espathra|Speed Boost|boost\n|-boost|p1a: Espathra|spe|1\n|upkeep\n|turn|2\n|\n|t:|1699568807\n|move|p1b: Impidimp|Thunder Wave|p2a: peter parker\n|-status|p2a: peter parker|par\n|move|p2b: (:|Shadow Ball|p1a: Espathra\n|-damage|p1a: Espathra|74\/100\n|move|p1a: Espathra|Calm Mind|p1a: Espathra\n|-boost|p1a: Espathra|spa|1\n|-boost|p1a: Espathra|spd|1\n|cant|p2a: peter parker|par\n|\n|-ability|p1a: Espathra|Speed Boost|boost\n|-boost|p1a: Espathra|spe|1\n|upkeep\n|turn|3\n|j| Sir Grotle\n|\n|t:|1699568829\n|cant|p2a: peter parker|par\n|move|p1b: Impidimp|Thunder Wave|p2b: (:\n|-status|p2b: (:|par\n|move|p1a: Espathra|Stored Power|p2a: peter parker\n|-damage|p2a: peter parker|0 fnt\n|faint|p2a: peter parker\n|move|p2b: (:|Explosion|p1b: Impidimp|[spread] p1a,p1b\n|-damage|p1a: Espathra|0 fnt\n|-enditem|p1b: Impidimp|Focus Sash\n|-damage|p1b: Impidimp|1\/100\n|faint|p2b: (:\n|faint|p1a: Espathra\n|\n|upkeep\n|c|\u2606Lenoxum|ouchi\n|j| boristimus\n|\n|t:|1699568854\n|switch|p1a: Froslass|Froslass, F, shiny|100\/100\n|switch|p2b: AAAAAAAAAA|Toxtricity-Low-Key, F|100\/100\n|switch|p2a: Dusknoir|Dusknoir, F|100\/100\n|-item|p1a: Froslass|Assault Vest|[from] ability: Frisk|[of] p2a: Dusknoir|[identify]\n|turn|4\n|\n|t:|1699568862\n|move|p2a: Dusknoir|Shadow Sneak|p1a: Froslass\n|-supereffective|p1a: Froslass\n|-damage|p1a: Froslass|42\/100\n|move|p1b: Impidimp|Thunder Wave|p2a: Dusknoir\n|-status|p2a: Dusknoir|par\n|move|p2b: AAAAAAAAAA|Overdrive|p1a: Froslass|[spread] p1a,p1b\n|-damage|p1a: Froslass|4\/100\n|-damage|p1b: Impidimp|0 fnt\n|faint|p1b: Impidimp\n|-enditem|p2b: AAAAAAAAAA|Throat Spray\n|-boost|p2b: AAAAAAAAAA|spa|1|[from] item: Throat Spray\n|move|p1a: Froslass|Icy Wind|p2b: AAAAAAAAAA|[spread] p2a,p2b\n|-damage|p2a: Dusknoir|90\/100 par\n|-damage|p2b: AAAAAAAAAA|72\/100\n|-unboost|p2a: Dusknoir|spe|1\n|-unboost|p2b: AAAAAAAAAA|spe|1\n|\n|-sideend|p2: Gym Leader Macaron|move: Tailwind\n|upkeep\n|c| boristimus|get em macron! bets french president!\n|\n|t:|1699568884\n|switch|p1b: Bisharp|Bisharp, F, shiny|100\/100\n|turn|5\n|\n|t:|1699568900\n|move|p1a: Froslass|Ice Beam|p2b: AAAAAAAAAA\n|-damage|p2b: AAAAAAAAAA|13\/100\n|move|p1b: Bisharp|Night Slash|p2b: AAAAAAAAAA\n|-damage|p2b: AAAAAAAAAA|0 fnt\n|faint|p2b: AAAAAAAAAA\n|move|p2a: Dusknoir|Earthquake|p1a: Froslass|[spread] p1a,p1b\n|-supereffective|p1b: Bisharp\n|-damage|p1a: Froslass|0 fnt\n|-damage|p1b: Bisharp|64\/100\n|faint|p1a: Froslass\n|\n|upkeep\n|j| Moonorj\n|\n|t:|1699568913\n|switch|p1a: Azumarill|Azumarill, F, shiny|100\/100\n|switch|p2b: MWAHAHHAHAH|Oinkologne, M|100\/100\n|turn|6\n|\n|t:|1699568932\n|-terastallize|p2b: MWAHAHHAHAH|Normal\n|move|p2b: MWAHAHHAHAH|Giga Impact|p1a: Azumarill\n|-damage|p1a: Azumarill|0 fnt\n|-mustrecharge|p2b: MWAHAHHAHAH\n|faint|p1a: Azumarill\n|move|p1b: Bisharp|Iron Head|p2b: MWAHAHHAHAH\n|-damage|p2b: MWAHAHHAHAH|49\/100\n|cant|p2a: Dusknoir|par\n|\n|upkeep\n|c| boristimus|holy fuck\n|\n|t:|1699568940\n|switch|p1a: Quaquaval|Quaquaval, F, shiny|100\/100\n|turn|7\n|c|\u2606Lenoxum|oof\n|c|\u2606Gym Leader Macaron|for the memes\n|c|\u2606Gym Leader Macaron|im ded anyways\n|c| boristimus|not necessarily\n|\n|t:|1699568958\n|move|p1a: Quaquaval|Aqua Step|p2b: MWAHAHHAHAH\n|-damage|p2b: MWAHAHHAHAH|0 fnt\n|-boost|p1a: Quaquaval|spe|1\n|faint|p2b: MWAHAHHAHAH\n|-ability|p1a: Quaquaval|Moxie|boost\n|-boost|p1a: Quaquaval|atk|1\n|move|p1b: Bisharp|Night Slash|p2a: Dusknoir\n|-supereffective|p2a: Dusknoir\n|-crit|p2a: Dusknoir\n|-damage|p2a: Dusknoir|0 fnt\n|faint|p2a: Dusknoir\n|\n|upkeep\n|\n|t:|1699568968\n|switch|p2b: Weezing|Weezing, F|100\/100\n|turn|8\n|c|\u2606Lenoxum|gg\n|c| boristimus|ok necessarily\n|l| Sir Grotle\n|c|\u2606Gym Leader Macaron|gg\n|\n|t:|1699568981\n|move|p1a: Quaquaval|Knock Off|p2b: Weezing\n|-damage|p2b: Weezing|66\/100\n|-enditem|p2b: Weezing|Sitrus Berry|[from] move: Knock Off|[of] p1a: Quaquaval\n|move|p1b: Bisharp|Iron Head|p2b: Weezing\n|-damage|p2b: Weezing|39\/100\n|cant|p2b: Weezing|flinch\n|\n|upkeep\n|turn|9\n|c|\u2606Gym Leader Macaron|well played sir\n|c| boristimus|insult to injury\n|\n|t:|1699568991\n|move|p1b: Bisharp|Sucker Punch||[still]\n|-fail|p1b: Bisharp\n|move|p1a: Quaquaval|Aqua Step|p2b: Weezing\n|-damage|p2b: Weezing|0 fnt\n|-boost|p1a: Quaquaval|spe|1\n|faint|p2b: Weezing\n|\n|win|Lenoxum\n|n|\u2606Lenoxum|lenoxum\n|n|\u2606Gym Leader Macaron|gymleadermacaron\n|n|*Lady Monita \u263d|ladymonita\n|n| DIMU179|dimu179\n|n| Carkol Lover|carkollover\n|n| Im dumb srly|imdumbsrly\n|n| terrytibss|terrytibss\n|n| boristimus|boristimus\n|n| Moonorj|moonorj\n","uploadtime":1699568992,"views":6,"p1id":"lenoxum","p2id":"gymleadermacaron","formatid":"gen9doublesou","rating":0,"private":0,"password":""}