{"id":"gen9doublesou-1990770945","p1":"caidyno","p2":"vegetasfeet","format":"[Gen 9] Doubles OU","log":"|j|\u2606caidyno\n|j|\u2606vegetasfeet\n|t:|1699999240\n|gametype|doubles\n|player|p1|caidyno|biker-gen4|1031\n|player|p2|vegetasfeet|brycen|1110\n|teamsize|p1|6\n|teamsize|p2|6\n|gen|9\n|tier|[Gen 9] Doubles OU\n|rated|\n|rule|Species Clause: Limit one of each Pok\u00e9mon\n|rule|OHKO Clause: OHKO moves are banned\n|rule|Evasion Moves Clause: Evasion moves are banned\n|rule|Gravity Sleep Clause: The combination of sleep-inducing moves with imperfect accuracy and Gravity or Gigantamax Orbeetle are banned\n|rule|Endless Battle Clause: Forcing endless battles is banned\n|rule|HP Percentage Mod: HP is shown in percentages\n|clearpoke\n|poke|p1|Tyranitar, M|\n|poke|p1|Houndstone, F|\n|poke|p1|Arcanine, F|\n|poke|p1|Scizor, F|\n|poke|p1|Iron Hands|\n|poke|p1|Heracross, F|\n|poke|p2|Amoonguss, F|\n|poke|p2|Glimmora, M|\n|poke|p2|Heatran, F|\n|poke|p2|Tyranitar, F|\n|poke|p2|Landorus, M|\n|poke|p2|Cresselia, F|\n|teampreview\n|inactive|Battle timer is ON: inactive players will automatically lose when time's up. (requested by caidyno)\n|\n|t:|1699999265\n|start\n|switch|p1a: Tyranitar|Tyranitar, M|100\/100\n|switch|p1b: Houndstone|Houndstone, F|100\/100\n|switch|p2a: Trippie Redd|Tyranitar, F|100\/100\n|switch|p2b: Ball Guy|Amoonguss, F|100\/100\n|-weather|Sandstorm|[from] ability: Sand Stream|[of] p1a: Tyranitar\n|turn|1\n|inactive|caidyno has 120 seconds left.\n|\n|t:|1699999300\n|move|p1b: Houndstone|Protect|p1b: Houndstone\n|-singleturn|p1b: Houndstone|Protect\n|move|p2a: Trippie Redd|Icy Wind|p1b: Houndstone|[spread] p1a\n|-activate|p1b: Houndstone|move: Protect\n|-damage|p1a: Tyranitar|97\/100\n|-unboost|p1a: Tyranitar|spe|1\n|move|p2b: Ball Guy|Spore|p1b: Houndstone\n|-activate|p1b: Houndstone|move: Protect\n|move|p1a: Tyranitar|Dragon Tail|p2b: Ball Guy\n|-damage|p2b: Ball Guy|82\/100\n|drag|p2b: ROOT BEER|Landorus, M|100\/100\n|\n|-weather|Sandstorm|[upkeep]\n|upkeep\n|turn|2\n|inactive|caidyno has 120 seconds left.\n|\n|t:|1699999332\n|move|p2a: Trippie Redd|Protect|p2a: Trippie Redd\n|-singleturn|p2a: Trippie Redd|Protect\n|move|p1b: Houndstone|Stomping Tantrum|p2a: Trippie Redd\n|-activate|p2a: Trippie Redd|move: Protect\n|move|p2b: ROOT BEER|Crunch|p1b: Houndstone\n|-supereffective|p1b: Houndstone\n|-damage|p1b: Houndstone|40\/100\n|move|p1a: Tyranitar|Crunch|p2b: ROOT BEER\n|-damage|p2b: ROOT BEER|48\/100\n|-unboost|p2b: ROOT BEER|def|1\n|\n|-weather|Sandstorm|[upkeep]\n|-heal|p2b: ROOT BEER|54\/100|[from] item: Leftovers\n|upkeep\n|turn|3\n|\n|t:|1699999351\n|switch|p2a: Nicki Minaj|Cresselia, F|100\/100\n|move|p2b: ROOT BEER|Protect|p2b: ROOT BEER\n|-singleturn|p2b: ROOT BEER|Protect\n|move|p1b: Houndstone|Stomping Tantrum|p2a: Nicki Minaj\n|-immune|p2a: Nicki Minaj|[from] ability: Levitate\n|move|p1a: Tyranitar|Crunch|p2b: ROOT BEER\n|-activate|p2b: ROOT BEER|move: Protect\n|\n|-weather|Sandstorm|[upkeep]\n|-heal|p2b: ROOT BEER|60\/100|[from] item: Leftovers\n|upkeep\n|turn|4\n|inactive|caidyno has 120 seconds left.\n|\n|t:|1699999386\n|switch|p2b: Ball Guy|Amoonguss, F|100\/100\n|switch|p2a: Trippie Redd|Tyranitar, F|100\/100\n|move|p1b: Houndstone|Play Rough|p2a: Trippie Redd|[miss]\n|-miss|p1b: Houndstone|p2a: Trippie Redd\n|move|p1a: Tyranitar|Rock Slide|p2a: Trippie Redd|[spread] p2b\n|-miss|p1a: Tyranitar|p2a: Trippie Redd\n|-damage|p2b: Ball Guy|74\/100\n|\n|-weather|Sandstorm|[upkeep]\n|-damage|p2b: Ball Guy|68\/100|[from] Sandstorm\n|upkeep\n|turn|5\n|inactive|caidyno has 120 seconds left.\n|\n|t:|1699999420\n|move|p2a: Trippie Redd|Protect|p2a: Trippie Redd\n|-singleturn|p2a: Trippie Redd|Protect\n|move|p1b: Houndstone|Play Rough|p2a: Trippie Redd\n|-activate|p2a: Trippie Redd|move: Protect\n|move|p1a: Tyranitar|Iron Head|p2a: Trippie Redd\n|-activate|p2a: Trippie Redd|move: Protect\n|move|p2b: Ball Guy|Spore|p1b: Houndstone\n|-status|p1b: Houndstone|slp|[from] move: Spore\n|\n|-weather|none\n|upkeep\n|turn|6\n|-message|caidyno forfeited.\n|\n|win|vegetasfeet\n|raw|caidyno's rating: 1031 &rarr; <strong>1020<\/strong><br \/>(-11 for losing)\n|raw|vegetasfeet's rating: 1110 &rarr; <strong>1129<\/strong><br \/>(+19 for winning)\n|l|\u2606caidyno\n","uploadtime":1699999444,"views":15,"p1id":"caidyno","p2id":"vegetasfeet","formatid":"gen9doublesou","rating":1020,"private":0,"password":""}