{"id":"gen9doublesou-1993515227","p1":"Kiky14","p2":"SillyAvery","format":"[Gen 9] Doubles OU","log":"|j|\u2606Kiky14\n|j|\u2606SillyAvery\n|t:|1700326909\n|gametype|doubles\n|player|p1|Kiky14|hilda-wonderlauncher|1416\n|player|p2|SillyAvery|lady-gen4|1430\n|teamsize|p1|6\n|teamsize|p2|6\n|gen|9\n|tier|[Gen 9] Doubles OU\n|rated|\n|rule|Species Clause: Limit one of each Pok\u00e9mon\n|rule|OHKO Clause: OHKO moves are banned\n|rule|Evasion Moves Clause: Evasion moves are banned\n|rule|Gravity Sleep Clause: The combination of sleep-inducing moves with imperfect accuracy and Gravity or Gigantamax Orbeetle are banned\n|rule|Endless Battle Clause: Forcing endless battles is banned\n|rule|HP Percentage Mod: HP is shown in percentages\n|clearpoke\n|poke|p1|Sinistcha|\n|poke|p1|Moltres-Galar|\n|poke|p1|Arcanine-Hisui, M|\n|poke|p1|Ogerpon-Wellspring, F|\n|poke|p1|Klefki, F|\n|poke|p1|Okidogi, M|\n|poke|p2|Chi-Yu|\n|poke|p2|Kommo-o, M|\n|poke|p2|Tornadus, M|\n|poke|p2|Indeedee-F, F|\n|poke|p2|Iron Bundle|\n|poke|p2|Glimmora, M|\n|teampreview\n|l|\u2606Kiky14\n|player|p1|\n|inactive|Battle timer is ON: inactive players will automatically lose when time's up. (requested by SillyAvery)\n|j|\u2606Kiky14\n|inactive|Kiky14 reconnected and has 140 seconds left.\n|player|p1|Kiky14|hilda-wonderlauncher\n|\n|t:|1700326978\n|start\n|switch|p1a: Moltres|Moltres-Galar|100\/100\n|switch|p1b: Klefki|Klefki, F|100\/100\n|switch|p2a: Tornadus|Tornadus, M|100\/100\n|switch|p2b: Iron Bundle|Iron Bundle|100\/100\n|-enditem|p2b: Iron Bundle|Booster Energy\n|-activate|p2b: Iron Bundle|ability: Quark Drive|[fromitem]\n|-start|p2b: Iron Bundle|quarkdrivespe\n|turn|1\n|\n|t:|1700326997\n|move|p2a: Tornadus|Taunt|p1b: Klefki\n|-start|p1b: Klefki|move: Taunt\n|cant|p1b: Klefki|move: Taunt|Light Screen\n|move|p2b: Iron Bundle|Ice Beam|p1a: Moltres\n|-supereffective|p1a: Moltres\n|-damage|p1a: Moltres|45\/100\n|-enditem|p1a: Moltres|Weakness Policy\n|-boost|p1a: Moltres|atk|2|[from] item: Weakness Policy\n|-boost|p1a: Moltres|spa|2|[from] item: Weakness Policy\n|-ability|p1a: Moltres|Berserk|boost\n|-boost|p1a: Moltres|spa|1\n|move|p1a: Moltres|Agility|p1a: Moltres\n|-boost|p1a: Moltres|spe|2\n|\n|upkeep\n|turn|2\n|\n|t:|1700327019\n|switch|p1b: Sinistcha|Sinistcha|100\/100\n|-heal|p1a: Moltres|70\/100|[from] ability: Hospitality|[of] p1b: Sinistcha\n|-terastallize|p1a: Moltres|Dark\n|move|p2a: Tornadus|Tailwind|p2a: Tornadus\n|-sidestart|p2: SillyAvery|move: Tailwind\n|move|p2b: Iron Bundle|Ice Beam|p1a: Moltres\n|-damage|p1a: Moltres|43\/100\n|-ability|p1a: Moltres|Berserk|boost\n|-boost|p1a: Moltres|spa|1\n|move|p1a: Moltres|Fiery Wrath|p2b: Iron Bundle|[spread] p2a,p2b\n|-enditem|p2a: Tornadus|Focus Sash\n|-damage|p2a: Tornadus|1\/100\n|-damage|p2b: Iron Bundle|0 fnt\n|faint|p2b: Iron Bundle\n|-end|p2b: Iron Bundle|Quark Drive|[silent]\n|\n|upkeep\n|inactive|SillyAvery has 120 seconds left.\n|\n|t:|1700327042\n|switch|p2b: Chi-Yu|Chi-Yu|100\/100\n|-ability|p2b: Chi-Yu|Beads of Ruin\n|turn|3\n|\n|t:|1700327068\n|switch|p1b: Arcanine|Arcanine-Hisui, M|100\/100\n|-ability|p1b: Arcanine|Intimidate|boost\n|-unboost|p2a: Tornadus|atk|1\n|-unboost|p2b: Chi-Yu|atk|1\n|move|p1a: Moltres|Protect|p1a: Moltres\n|-singleturn|p1a: Moltres|Protect\n|move|p2a: Tornadus|Bleakwind Storm|p1a: Moltres|[spread] p1b\n|-activate|p1a: Moltres|move: Protect\n|-resisted|p1b: Arcanine\n|-crit|p1b: Arcanine\n|-damage|p1b: Arcanine|59\/100\n|move|p2b: Chi-Yu|Heat Wave|p1b: Arcanine|[spread] p1b\n|-activate|p1a: Moltres|move: Protect\n|-resisted|p1b: Arcanine\n|-damage|p1b: Arcanine|38\/100\n|-enditem|p1b: Arcanine|Sitrus Berry|[eat]\n|-heal|p1b: Arcanine|63\/100|[from] item: Sitrus Berry\n|\n|upkeep\n|turn|4\n|\n|t:|1700327092\n|switch|p1b: Sinistcha|Sinistcha|100\/100\n|-heal|p1a: Moltres|68\/100|[from] ability: Hospitality|[of] p1b: Sinistcha\n|move|p2a: Tornadus|Bleakwind Storm|p1b: Sinistcha|[spread] p1a,p1b\n|-supereffective|p1b: Sinistcha\n|-damage|p1a: Moltres|37\/100\n|-damage|p1b: Sinistcha|6\/100\n|-ability|p1a: Moltres|Berserk|boost\n|-boost|p1a: Moltres|spa|1\n|move|p2b: Chi-Yu|Heat Wave|p1b: Sinistcha|[spread] p1a,p1b\n|-supereffective|p1b: Sinistcha\n|-damage|p1a: Moltres|0 fnt\n|-damage|p1b: Sinistcha|0 fnt\n|faint|p1a: Moltres\n|faint|p1b: Sinistcha\n|\n|upkeep\n|inactive|Kiky14 has 120 seconds left.\n|\n|t:|1700327110\n|switch|p1a: Arcanine|Arcanine-Hisui, M|63\/100\n|switch|p1b: Ogerpon|Ogerpon-Wellspring, F|100\/100\n|-ability|p1a: Arcanine|Intimidate|boost\n|-unboost|p2a: Tornadus|atk|1\n|-unboost|p2b: Chi-Yu|atk|1\n|turn|5\n|\n|t:|1700327119\n|move|p1b: Ogerpon|Spiky Shield|p1b: Ogerpon\n|-singleturn|p1b: Ogerpon|move: Protect\n|move|p2a: Tornadus|Bleakwind Storm|p1b: Ogerpon|[spread] p1a\n|-activate|p1b: Ogerpon|move: Protect\n|-resisted|p1a: Arcanine\n|-damage|p1a: Arcanine|34\/100\n|move|p2b: Chi-Yu|Heat Wave|p1a: Arcanine|[spread] p1a\n|-activate|p1b: Ogerpon|move: Protect\n|-resisted|p1a: Arcanine\n|-damage|p1a: Arcanine|13\/100\n|move|p1a: Arcanine|Rock Slide|p2b: Chi-Yu|[spread] p2a,p2b\n|-supereffective|p2a: Tornadus\n|-crit|p2a: Tornadus\n|-supereffective|p2b: Chi-Yu\n|-damage|p2a: Tornadus|0 fnt\n|-damage|p2b: Chi-Yu|16\/100\n|faint|p2a: Tornadus\n|\n|-sideend|p2: SillyAvery|move: Tailwind\n|upkeep\n|\n|t:|1700327142\n|switch|p2a: Kommo-o|Kommo-o, M|100\/100\n|turn|6\n|\n|t:|1700327160\n|switch|p1a: Okidogi|Okidogi, M|100\/100\n|move|p2b: Chi-Yu|Heat Wave|p1a: Okidogi|[spread] p1a,p1b\n|-damage|p1a: Okidogi|33\/100\n|-damage|p1b: Ogerpon|38\/100\n|move|p2a: Kommo-o|Clanging Scales|p1b: Ogerpon|[spread] p1a,p1b\n|-damage|p1a: Okidogi|0 fnt\n|-damage|p1b: Ogerpon|0 fnt\n|faint|p1a: Okidogi\n|faint|p1b: Ogerpon\n|-unboost|p2a: Kommo-o|def|1\n|-enditem|p2a: Kommo-o|Throat Spray\n|-boost|p2a: Kommo-o|spa|1|[from] item: Throat Spray\n|\n|upkeep\n|-message|Kiky14 forfeited.\n|\n|win|SillyAvery\n|raw|Kiky14's rating: 1416 &rarr; <strong>1397<\/strong><br \/>(-19 for losing)\n|raw|SillyAvery's rating: 1430 &rarr; <strong>1449<\/strong><br \/>(+19 for winning)\n|l|\u2606Kiky14\n","uploadtime":1700327213,"views":7,"p1id":"kiky14","p2id":"sillyavery","formatid":"gen9doublesou","rating":1397,"private":0,"password":""}