{"id":"gen9doublesou-1999026665","p1":"The JRL","p2":"laptops","format":"[Gen 9] Doubles OU","log":"|j|\u2606The JRL\n|j|\u2606laptops\n|t:|1701025300\n|gametype|doubles\n|player|p1|The JRL|#scl3islanders2|\n|player|p2|laptops|lucy|\n|teamsize|p1|6\n|teamsize|p2|6\n|gen|9\n|tier|[Gen 9] Doubles OU\n|rule|Species Clause: Limit one of each Pok\u00e9mon\n|rule|OHKO Clause: OHKO moves are banned\n|rule|Evasion Moves Clause: Evasion moves are banned\n|rule|Gravity Sleep Clause: The combination of sleep-inducing moves with imperfect accuracy and Gravity or Gigantamax Orbeetle are banned\n|rule|Endless Battle Clause: Forcing endless battles is banned\n|rule|HP Percentage Mod: HP is shown in percentages\n|clearpoke\n|poke|p1|Palafin, M|\n|poke|p1|Landorus-Therian, M|\n|poke|p1|Iron Hands|\n|poke|p1|Amoonguss, F|\n|poke|p1|Gholdengo|\n|poke|p1|Tornadus, M|\n|poke|p2|Ceruledge, F|\n|poke|p2|Amoonguss, F|\n|poke|p2|Landorus-Therian, M|\n|poke|p2|Iron Hands|\n|poke|p2|Flutter Mane|\n|poke|p2|Chien-Pao|\n|teampreview\n|c|\u2606laptops|hfhf\n|c|\u2606The JRL|u2\n|j| spurrific\n|j|+ryo yamada2001\n|j| SuperEpicAmpharos\n|j|+Yoda2798\n|j| theyummybagel\n|j|+talkingtree\n|j| SMB\n|j|+daawesomedude1 (\n|j| qsns\n|j| Schister\n|j| Waffle2O23\n|c|+Yoda2798|gooooo jrl\n|j| Lunarr\n|j| Flying Beagle\n|j| Peter Pan GC\n|j| Eragon11145\n|j| AIRedzone\n|c| Schister|Go ceruledge\n|l| Eragon11145\n|\n|t:|1701025425\n|start\n|switch|p1a: Landorus|Landorus-Therian, M|100\/100\n|switch|p1b: Palafin|Palafin, M|100\/100\n|switch|p2a: Landorus|Landorus-Therian, M|100\/100\n|switch|p2b: Chien-Pao|Chien-Pao|100\/100\n|-ability|p1a: Landorus|Intimidate|boost\n|-unboost|p2a: Landorus|atk|1\n|-unboost|p2b: Chien-Pao|atk|1\n|-ability|p2a: Landorus|Intimidate|boost\n|-unboost|p1a: Landorus|atk|1\n|-fail|p1b: Palafin|unboost|[from] item: Clear Amulet|[of] p1b: Palafin\n|-ability|p2b: Chien-Pao|Sword of Ruin\n|turn|1\n|j| teambuilder bot\n|l| AIRedzone\n|j|+sundays.n_sundaes\n|j| EternalSnowman\n|j|+Frixel\n|j| Givrix\n|\n|t:|1701025495\n|switch|p2b: Iron Hands|Iron Hands|100\/100\n|detailschange|p1b: Palafin|Palafin-Hero, M\n|switch|p1b: Iron Hands|Iron Hands|100\/100\n|move|p2a: Landorus|U-turn|p1b: Iron Hands\n|-resisted|p1b: Iron Hands\n|-damage|p1b: Iron Hands|94\/100\n|j| Fritz420\n|l| Fritz420\n|c|\u2606laptops|*shakes hands*\n|j| BluBirD\n|l| BluBirD\n|j| AIRedzone\n|\n|t:|1701025540\n|switch|p2a: Ceruledge|Ceruledge, F|100\/100|[from] U-turn\n|move|p1a: Landorus|U-turn|p2b: Iron Hands\n|-resisted|p2b: Iron Hands\n|-damage|p2b: Iron Hands|94\/100\n|l| SuperEpicAmpharos\n|j| Eragon11145\n|l| AIRedzone\n|l|+sundays.n_sundaes\n|\n|t:|1701025617\n|switch|p1a: Palafin|Palafin-Hero, M|100\/100|[from] U-turn\n|-activate|p1a: Palafin|ability: Zero to Hero\n|\n|upkeep\n|turn|2\n|j| Nido-Rus\n|\n|t:|1701025714\n|move|p2b: Iron Hands|Fake Out|p1a: Palafin\n|-damage|p1a: Palafin|87\/100\n|cant|p1a: Palafin|flinch\n|move|p2a: Ceruledge|Bulk Up|p2a: Ceruledge\n|-boost|p2a: Ceruledge|atk|1\n|-boost|p2a: Ceruledge|def|1\n|move|p1b: Iron Hands|Volt Switch|p2a: Ceruledge\n|-damage|p2a: Ceruledge|88\/100\n|j| AIRedzone\n|\n|t:|1701025729\n|-end|p1b: Iron Hands|Quark Drive|[silent]\n|switch|p1b: Landorus|Landorus-Therian, M|100\/100|[from] Volt Switch\n|-ability|p1b: Landorus|Intimidate|boost\n|-fail|p2a: Ceruledge|unboost|[from] item: Clear Amulet|[of] p2a: Ceruledge\n|-unboost|p2b: Iron Hands|atk|1\n|\n|upkeep\n|turn|3\n|l| AIRedzone\n|j| SuperEpicAmpharos\n|\n|t:|1701025786\n|-end|p2b: Iron Hands|Quark Drive|[silent]\n|switch|p2b: Amoonguss|Amoonguss, F|100\/100\n|move|p2a: Ceruledge|Protect|p2a: Ceruledge\n|-singleturn|p2a: Ceruledge|Protect\n|move|p1b: Landorus|U-turn|p2b: Amoonguss\n|-damage|p2b: Amoonguss|79\/100\n|j|+sundays.n_sundaes\n|\n|t:|1701025810\n|switch|p1b: Tornadus|Tornadus, M|100\/100|[from] U-turn\n|move|p1a: Palafin|Bulk Up|p1a: Palafin\n|-boost|p1a: Palafin|atk|1\n|-boost|p1a: Palafin|def|1\n|\n|upkeep\n|turn|4\n|\n|t:|1701025872\n|-terastallize|p2a: Ceruledge|Grass\n|move|p1a: Palafin|Protect|p1a: Palafin\n|-singleturn|p1a: Palafin|Protect\n|move|p1b: Tornadus|Bleakwind Storm|p2a: Ceruledge|[spread] p2a,p2b\n|-supereffective|p2a: Ceruledge\n|-supereffective|p2b: Amoonguss\n|-damage|p2a: Ceruledge|30\/100\n|-damage|p2b: Amoonguss|27\/100\n|-enditem|p2b: Amoonguss|Sitrus Berry|[eat]\n|-heal|p2b: Amoonguss|51\/100|[from] item: Sitrus Berry\n|move|p2a: Ceruledge|Bitter Blade|p1b: Tornadus\n|-damage|p1b: Tornadus|5\/100\n|-heal|p2a: Ceruledge|78\/100|[from] drain|[of] p1b: Tornadus\n|-enditem|p1b: Tornadus|Sitrus Berry|[eat]\n|-heal|p1b: Tornadus|30\/100|[from] item: Sitrus Berry\n|move|p2b: Amoonguss|Clear Smog|p1a: Palafin\n|-activate|p1a: Palafin|move: Protect\n|\n|upkeep\n|turn|5\n|j| AIRedzone\n|j| ratpacker\n|l| AIRedzone\n|l|+sundays.n_sundaes\n|j|+sundays.n_sundaes\n|j| AIRedzone\n|l| AIRedzone\n|inactive|Battle timer is ON: inactive players will automatically lose when time's up. (requested by laptops)\n|inactive|The JRL has 270 seconds left.\n|\n|t:|1701026128\n|switch|p1b: Iron Hands|Iron Hands|94\/100\n|switch|p1a: Gholdengo|Gholdengo|100\/100\n|move|p2a: Ceruledge|Shadow Sneak|p1b: Iron Hands\n|-damage|p1b: Iron Hands|72\/100\n|move|p2b: Amoonguss|Clear Smog|p1a: Gholdengo\n|-immune|p1a: Gholdengo\n|\n|upkeep\n|turn|6\n|inactive|The JRL has 270 seconds left.\n|l|+sundays.n_sundaes\n|inactive|The JRL has 240 seconds left.\n|j| 0meltdown\n|\n|t:|1701026216\n|switch|p2b: Landorus|Landorus-Therian, M|100\/100\n|-ability|p2b: Landorus|Intimidate|boost\n|-unboost|p1a: Gholdengo|atk|1\n|-unboost|p1b: Iron Hands|atk|1\n|move|p2a: Ceruledge|Protect|p2a: Ceruledge\n|-singleturn|p2a: Ceruledge|Protect\n|move|p1b: Iron Hands|Fake Out|p2a: Ceruledge\n|-activate|p2a: Ceruledge|move: Protect\n|move|p1a: Gholdengo|Nasty Plot|p1a: Gholdengo\n|-boost|p1a: Gholdengo|spa|2\n|\n|upkeep\n|turn|7\n|j|+sundays.n_sundaes\n|inactive|The JRL has 210 seconds left.\n|inactive|laptops has 270 seconds left.\n|j| Yokoisop\n|inactive|laptops has 240 seconds left.\n|\n|t:|1701026290\n|switch|p2a: Iron Hands|Iron Hands|94\/100\n|move|p1a: Gholdengo|Protect|p1a: Gholdengo\n|-singleturn|p1a: Gholdengo|Protect\n|move|p2b: Landorus|Stomping Tantrum|p1a: Gholdengo\n|-activate|p1a: Gholdengo|move: Protect\n|move|p1b: Iron Hands|Volt Switch|p2a: Iron Hands\n|-resisted|p2a: Iron Hands\n|-crit|p2a: Iron Hands\n|-damage|p2a: Iron Hands|89\/100\n|inactive|The JRL has 210 seconds left.\n|\n|t:|1701026318\n|-end|p1b: Iron Hands|Quark Drive|[silent]\n|switch|p1b: Landorus|Landorus-Therian, M|100\/100|[from] Volt Switch\n|-ability|p1b: Landorus|Intimidate|boost\n|-unboost|p2a: Iron Hands|atk|1\n|-unboost|p2b: Landorus|atk|1\n|\n|upkeep\n|turn|8\n|inactive|The JRL has 210 seconds left.\n|j|+Actuarily\n|\n|t:|1701026343\n|-terastallize|p1a: Gholdengo|Dragon\n|move|p1b: Landorus|Stomping Tantrum|p2a: Iron Hands\n|-supereffective|p2a: Iron Hands\n|-damage|p2a: Iron Hands|30\/100\n|move|p2b: Landorus|Stomping Tantrum|p1a: Gholdengo\n|-damage|p1a: Gholdengo|74\/100\n|move|p1a: Gholdengo|Nasty Plot|p1a: Gholdengo\n|-boost|p1a: Gholdengo|spa|2\n|move|p2a: Iron Hands|Wild Charge|p1a: Gholdengo\n|-resisted|p1a: Gholdengo\n|-damage|p1a: Gholdengo|58\/100\n|-damage|p2a: Iron Hands|27\/100|[from] Recoil\n|\n|-heal|p1a: Gholdengo|64\/100|[from] item: Leftovers\n|upkeep\n|turn|9\n|inactive|The JRL has 210 seconds left.\n|inactive|laptops has 270 seconds left.\n|inactive|The JRL has 180 seconds left.\n|inactive|laptops has 240 seconds left.\n|l|+sundays.n_sundaes\n|\n|t:|1701026396\n|switch|p1b: Amoonguss|Amoonguss, F|100\/100\n|-end|p2a: Iron Hands|Quark Drive|[silent]\n|switch|p2a: Amoonguss|Amoonguss, F|85\/100\n|move|p1a: Gholdengo|Protect|p1a: Gholdengo\n|-singleturn|p1a: Gholdengo|Protect\n|move|p2b: Landorus|Stomping Tantrum|p1a: Gholdengo\n|-activate|p1a: Gholdengo|move: Protect\n|\n|-heal|p1a: Gholdengo|70\/100|[from] item: Leftovers\n|upkeep\n|turn|10\n|inactive|laptops has 240 seconds left.\n|inactive|The JRL has 180 seconds left.\n|\n|t:|1701026429\n|move|p1b: Amoonguss|Rage Powder|p1b: Amoonguss\n|-singleturn|p1b: Amoonguss|move: Rage Powder\n|move|p2b: Landorus|Stomping Tantrum|p1b: Amoonguss\n|-damage|p1b: Amoonguss|73\/100\n|-enditem|p1b: Amoonguss|Eject Button\n|l| Yokoisop\n|\n|t:|1701026448\n|switch|p1b: Tornadus|Tornadus, M|30\/100\n|move|p1a: Gholdengo|Make It Rain|p2a: Amoonguss|[spread] p2a,p2b\n|-damage|p2a: Amoonguss|0 fnt\n|-damage|p2b: Landorus|0 fnt\n|-unboost|p1a: Gholdengo|spa|1\n|faint|p2a: Amoonguss\n|faint|p2b: Landorus\n|\n|-heal|p1a: Gholdengo|76\/100|[from] item: Leftovers\n|upkeep\n|inactive|laptops has 240 seconds left.\n|j|+sundays.n_sundaes\n|inactive|laptops has 210 seconds left.\n|l|\u2606The JRL\n|inactive|The JRL disconnected and has 300 seconds to reconnect!\n|player|p1|\n|\n|t:|1701026510\n|switch|p2b: Flutter Mane|Flutter Mane|100\/100\n|switch|p2a: Iron Hands|Iron Hands|27\/100\n|-enditem|p2b: Flutter Mane|Booster Energy\n|-activate|p2b: Flutter Mane|ability: Protosynthesis|[fromitem]\n|-start|p2b: Flutter Mane|protosynthesisspe\n|turn|11\n|l|+Actuarily\n|l|+sundays.n_sundaes\n|j|\u2606The JRL\n|inactive|The JRL reconnected and has 190 seconds left.\n|player|p1|The JRL|#scl3islanders2\n|l| ratpacker\n|inactive|The JRL has 180 seconds left.\n|j| AIRedzone\n|j|+sundays.n_sundaes\n|\n|t:|1701026552\n|switch|p1b: Amoonguss|Amoonguss, F|100\/100\n|-end|p2a: Iron Hands|Quark Drive|[silent]\n|switch|p2a: Ceruledge|Ceruledge, F, tera:Grass|78\/100\n|move|p1a: Gholdengo|Protect|p1a: Gholdengo\n|-singleturn|p1a: Gholdengo|Protect\n|move|p2b: Flutter Mane|Moonblast|p1a: Gholdengo\n|-activate|p1a: Gholdengo|move: Protect\n|\n|-heal|p1a: Gholdengo|83\/100|[from] item: Leftovers\n|upkeep\n|turn|12\n|l| AIRedzone\n|j| AIRedzone\n|inactive|laptops has 210 seconds left.\n|\n|t:|1701026577\n|move|p2a: Ceruledge|Protect|p2a: Ceruledge\n|-singleturn|p2a: Ceruledge|Protect\n|move|p1b: Amoonguss|Rage Powder|p1b: Amoonguss\n|-singleturn|p1b: Amoonguss|move: Rage Powder\n|move|p2b: Flutter Mane|Icy Wind|p1b: Amoonguss|[spread] p1a,p1b\n|-supereffective|p1a: Gholdengo\n|-supereffective|p1b: Amoonguss\n|-damage|p1a: Gholdengo|55\/100\n|-damage|p1b: Amoonguss|81\/100\n|-unboost|p1a: Gholdengo|spe|1\n|-unboost|p1b: Amoonguss|spe|1\n|move|p1a: Gholdengo|Make It Rain|p2a: Ceruledge|[spread] p2b\n|-activate|p2a: Ceruledge|move: Protect\n|-supereffective|p2b: Flutter Mane\n|-damage|p2b: Flutter Mane|0 fnt\n|-unboost|p1a: Gholdengo|spa|1\n|faint|p2b: Flutter Mane\n|-end|p2b: Flutter Mane|Protosynthesis|[silent]\n|\n|-heal|p1a: Gholdengo|61\/100|[from] item: Leftovers\n|upkeep\n|\n|t:|1701026581\n|switch|p2b: Chien-Pao|Chien-Pao|100\/100\n|-ability|p2b: Chien-Pao|Sword of Ruin\n|turn|13\n|j| eric versus\u30c4\n|inactive|The JRL has 180 seconds left.\n|l| AIRedzone\n|j|+Actuarily\n|inactive|laptops has 210 seconds left.\n|\n|t:|1701026612\n|move|p2b: Chien-Pao|Protect|p2b: Chien-Pao\n|-singleturn|p2b: Chien-Pao|Protect\n|move|p1b: Amoonguss|Rage Powder|p1b: Amoonguss\n|-singleturn|p1b: Amoonguss|move: Rage Powder\n|move|p2a: Ceruledge|Bitter Blade|p1b: Amoonguss\n|-supereffective|p1b: Amoonguss\n|-damage|p1b: Amoonguss|0 fnt\n|-heal|p2a: Ceruledge|100\/100|[from] drain|[of] p1b: Amoonguss\n|faint|p1b: Amoonguss\n|move|p1a: Gholdengo|Make It Rain|p2b: Chien-Pao|[spread] p2a\n|-activate|p2b: Chien-Pao|move: Protect\n|-damage|p2a: Ceruledge|10\/100\n|-unboost|p1a: Gholdengo|spa|1\n|\n|-heal|p1a: Gholdengo|67\/100|[from] item: Leftovers\n|upkeep\n|\n|t:|1701026629\n|switch|p1b: Landorus|Landorus-Therian, M|100\/100\n|-ability|p1b: Landorus|Intimidate|boost\n|-fail|p2a: Ceruledge|unboost|[from] item: Clear Amulet|[of] p2a: Ceruledge\n|-unboost|p2b: Chien-Pao|atk|1\n|turn|14\n|l|+Actuarily\n|inactive|The JRL has 180 seconds left.\n|inactive|laptops has 210 seconds left.\n|\n|t:|1701026660\n|move|p2a: Ceruledge|Protect|p2a: Ceruledge\n|-singleturn|p2a: Ceruledge|Protect\n|move|p1b: Landorus|Rock Slide|p2a: Ceruledge|[spread] p2b\n|-activate|p2a: Ceruledge|move: Protect\n|-supereffective|p2b: Chien-Pao\n|-damage|p2b: Chien-Pao|41\/100\n|move|p2b: Chien-Pao|Icicle Crash|p1b: Landorus\n|-supereffective|p1b: Landorus\n|-damage|p1b: Landorus|0 fnt\n|faint|p1b: Landorus\n|move|p1a: Gholdengo|Make It Rain|p2a: Ceruledge|[spread] p2b\n|-activate|p2a: Ceruledge|move: Protect\n|-supereffective|p2b: Chien-Pao\n|-damage|p2b: Chien-Pao|0 fnt\n|-unboost|p1a: Gholdengo|spa|1\n|faint|p2b: Chien-Pao\n|\n|-heal|p1a: Gholdengo|73\/100|[from] item: Leftovers\n|upkeep\n|inactive|The JRL has 180 seconds left.\n|j| frania\n|\n|t:|1701026684\n|switch|p2b: Iron Hands|Iron Hands|27\/100\n|switch|p1b: Tornadus|Tornadus, M|30\/100\n|turn|15\n|l| Schister\n|inactive|laptops has 240 seconds left.\n|\n|t:|1701026712\n|move|p1b: Tornadus|Protect|p1b: Tornadus\n|-singleturn|p1b: Tornadus|Protect\n|move|p1a: Gholdengo|Protect|p1a: Gholdengo\n|-singleturn|p1a: Gholdengo|Protect\n|move|p2b: Iron Hands|Fake Out|p1a: Gholdengo\n|-activate|p1a: Gholdengo|move: Protect\n|move|p2a: Ceruledge|Shadow Sneak|p1b: Tornadus\n|-activate|p1b: Tornadus|move: Protect\n|\n|-heal|p1a: Gholdengo|79\/100|[from] item: Leftovers\n|upkeep\n|turn|16\n|inactive|The JRL has 210 seconds left.\n|c| frania|JRL IN HIS PRIME\n|l| spurrific\n|c| SMB|el cid\n|inactive|The JRL has 180 seconds left.\n|inactive|The JRL has 150 seconds left.\n|\n|t:|1701026792\n|move|p1b: Tornadus|Tailwind|p1b: Tornadus\n|-sidestart|p1: The JRL|move: Tailwind\n|move|p2a: Ceruledge|Shadow Sneak|p1b: Tornadus\n|-damage|p1b: Tornadus|5\/100\n|move|p1a: Gholdengo|Make It Rain|p2b: Iron Hands|[spread] p2a,p2b\n|-resisted|p2b: Iron Hands\n|-damage|p2a: Ceruledge|0 fnt\n|-damage|p2b: Iron Hands|16\/100\n|-unboost|p1a: Gholdengo|spa|1\n|faint|p2a: Ceruledge\n|move|p2b: Iron Hands|Drain Punch|p1a: Gholdengo\n|-damage|p1a: Gholdengo|38\/100\n|-heal|p2b: Iron Hands|33\/100|[from] drain|[of] p1a: Gholdengo\n|\n|-heal|p1a: Gholdengo|44\/100|[from] item: Leftovers\n|upkeep\n|turn|17\n|j| Akaru Kokuyo\u3075\u308f\n|\n|t:|1701026808\n|move|p1b: Tornadus|Bleakwind Storm|p2b: Iron Hands\n|-damage|p2b: Iron Hands|13\/100\n|move|p1a: Gholdengo|Shadow Ball|p2b: Iron Hands\n|-damage|p2b: Iron Hands|0 fnt\n|faint|p2b: Iron Hands\n|-end|p2b: Iron Hands|Quark Drive|[silent]\n|\n|win|The JRL\n|c|\u2606laptops|gg\n|c|\u2606The JRL|gg\n|l|+sundays.n_sundaes\n|j| Tessera\n|l|+daawesomedude1 (\n","uploadtime":1701026826,"views":120,"p1id":"thejrl","p2id":"laptops","formatid":"gen9doublesou","rating":0,"private":0,"password":""}