{"id":"gen9doublesou-1971854982","p1":"3-eye joe","p2":"dubs 4 life","format":"[Gen 9] Doubles OU","log":"|j|\u26063-eye joe\n|j|\u2606dubs 4 life\n|t:|1697782021\n|gametype|doubles\n|player|p1|3-eye joe|li|1291\n|player|p2|dubs 4 life|clown|1447\n|teamsize|p1|6\n|teamsize|p2|6\n|gen|9\n|tier|[Gen 9] Doubles OU\n|rated|\n|rule|Species Clause: Limit one of each Pok\u00e9mon\n|rule|OHKO Clause: OHKO moves are banned\n|rule|Evasion Moves Clause: Evasion moves are banned\n|rule|Gravity Sleep Clause: The combination of sleep-inducing moves with imperfect accuracy and Gravity or Gigantamax Orbeetle are banned\n|rule|Endless Battle Clause: Forcing endless battles is banned\n|rule|HP Percentage Mod: HP is shown in percentages\n|clearpoke\n|poke|p1|Tyranitar, M|\n|poke|p1|Hippowdon, F|\n|poke|p1|Clodsire, M|\n|poke|p1|Ursaluna-Bloodmoon, M|\n|poke|p1|Cresselia, F|\n|poke|p1|Diancie|\n|poke|p2|Basculegion-F, F|\n|poke|p2|Ogerpon-Hearthflame, F|\n|poke|p2|Tornadus, M|\n|poke|p2|Breloom, M|\n|poke|p2|Chien-Pao|\n|poke|p2|Ursaluna-Bloodmoon, M|\n|teampreview\n|inactive|Battle timer is ON: inactive players will automatically lose when time's up. (requested by dubs 4 life)\n|inactive|3-eye joe has 120 seconds left.\n|inactive|dubs 4 life has 120 seconds left.\n|\n|t:|1697782074\n|start\n|switch|p1a: Hippowdon|Hippowdon, F|100\/100\n|switch|p1b: Clodsire|Clodsire, M|100\/100\n|switch|p2a: buff man|Tornadus, M|100\/100\n|switch|p2b: Foxy??|Chien-Pao|100\/100\n|-ability|p2b: Foxy??|Sword of Ruin\n|-weather|Sandstorm|[from] ability: Sand Stream|[of] p1a: Hippowdon\n|turn|1\n|\n|t:|1697782101\n|switch|p1b: Tyranitar|Tyranitar, M|100\/100\n|move|p2a: buff man|Tailwind|p2a: buff man\n|-sidestart|p2: dubs 4 life|move: Tailwind\n|move|p2b: Foxy??|Ice Spinner|p1b: Tyranitar\n|-damage|p1b: Tyranitar|59\/100\n|move|p1a: Hippowdon|Rock Slide|p2a: buff man|[spread] p2b\n|-miss|p1a: Hippowdon|p2a: buff man\n|-supereffective|p2b: Foxy??\n|-damage|p2b: Foxy??|52\/100\n|\n|-weather|Sandstorm|[upkeep]\n|-damage|p2b: Foxy??|46\/100|[from] Sandstorm\n|-damage|p2a: buff man|94\/100|[from] Sandstorm\n|-heal|p1b: Tyranitar|66\/100|[from] item: Leftovers\n|upkeep\n|turn|2\n|\n|t:|1697782131\n|move|p1b: Tyranitar|Protect|p1b: Tyranitar\n|-singleturn|p1b: Tyranitar|Protect\n|move|p2b: Foxy??|Sacred Sword|p1b: Tyranitar\n|-activate|p1b: Tyranitar|move: Protect\n|move|p2a: buff man|Bleakwind Storm|p1a: Hippowdon|[spread] p1a\n|-activate|p1b: Tyranitar|move: Protect\n|-damage|p1a: Hippowdon|68\/100\n|move|p1a: Hippowdon|Rock Slide|p2a: buff man|[spread] p2a,p2b\n|-supereffective|p2a: buff man\n|-supereffective|p2b: Foxy??\n|-damage|p2a: buff man|26\/100\n|-damage|p2b: Foxy??|0 fnt\n|faint|p2b: Foxy??\n|\n|-weather|Sandstorm|[upkeep]\n|-damage|p2a: buff man|19\/100|[from] Sandstorm\n|-heal|p1b: Tyranitar|72\/100|[from] item: Leftovers\n|upkeep\n|\n|t:|1697782150\n|switch|p2b: Rizzler|Breloom, M|100\/100\n|turn|3\n|inactive|3-eye joe has 120 seconds left.\n|\n|t:|1697782199\n|switch|p1b: Cresselia|Cresselia, F|100\/100\n|move|p2a: buff man|Protect|p2a: buff man\n|-singleturn|p2a: buff man|Protect\n|move|p2b: Rizzler|Bullet Seed|p1a: Hippowdon\n|-supereffective|p1a: Hippowdon\n|-damage|p1a: Hippowdon|39\/100\n|-supereffective|p1a: Hippowdon\n|-damage|p1a: Hippowdon|9\/100\n|-enditem|p1a: Hippowdon|Figy Berry|[eat]\n|-heal|p1a: Hippowdon|43\/100|[from] item: Figy Berry\n|-supereffective|p1a: Hippowdon\n|-damage|p1a: Hippowdon|14\/100\n|-supereffective|p1a: Hippowdon\n|-damage|p1a: Hippowdon|0 fnt\n|faint|p1a: Hippowdon\n|-hitcount|p1: Hippowdon|4\n|\n|-weather|Sandstorm|[upkeep]\n|-damage|p2a: buff man|13\/100|[from] Sandstorm\n|-damage|p2b: Rizzler|94\/100|[from] Sandstorm\n|upkeep\n|inactive|3-eye joe has 90 seconds left.\n|\n|t:|1697782222\n|switch|p1a: Clodsire|Clodsire, M|100\/100\n|turn|4\n|inactive|3-eye joe has 90 seconds left.\n|\n|t:|1697782249\n|move|p2a: buff man|Scary Face|p2b: Rizzler\n|-unboost|p2b: Rizzler|spe|2\n|move|p2b: Rizzler|Bullet Seed|p1a: Clodsire\n|-damage|p1a: Clodsire|80\/100\n|-damage|p1a: Clodsire|60\/100\n|-damage|p1a: Clodsire|37\/100\n|-damage|p1a: Clodsire|14\/100\n|-damage|p1a: Clodsire|0 fnt\n|faint|p1a: Clodsire\n|-hitcount|p1: Clodsire|5\n|move|p1b: Cresselia|Dazzling Gleam|p2b: Rizzler|[spread] p2a,p2b\n|-supereffective|p2b: Rizzler\n|-damage|p2a: buff man|1\/100\n|-damage|p2b: Rizzler|55\/100\n|\n|-weather|Sandstorm|[upkeep]\n|-damage|p2a: buff man|0 fnt|[from] Sandstorm\n|-damage|p2b: Rizzler|49\/100|[from] Sandstorm\n|faint|p2a: buff man\n|-sideend|p2: dubs 4 life|move: Tailwind\n|upkeep\n|inactive|dubs 4 life has 120 seconds left.\n|inactive|3-eye joe has 90 seconds left.\n|\n|t:|1697782297\n|switch|p2a: GYATT|Ogerpon-Hearthflame, F|100\/100\n|switch|p1a: Diancie|Diancie|100\/100\n|-ability|p2a: GYATT|Mold Breaker\n|turn|5\n|inactive|dubs 4 life has 120 seconds left.\n|\n|t:|1697782319\n|switch|p2b: FREDDY|Ursaluna-Bloodmoon, M|100\/100\n|-terastallize|p1a: Diancie|Fighting\n|move|p2a: GYATT|Horn Leech|p1a: Diancie\n|-damage|p1a: Diancie|64\/100\n|move|p1a: Diancie|Diamond Storm|p2a: GYATT|[spread] p2a,p2b\n|-supereffective|p2a: GYATT\n|-resisted|p2b: FREDDY\n|-damage|p2a: GYATT|37\/100\n|-damage|p2b: FREDDY|90\/100\n|-boost|p1a: Diancie|def|2\n|move|p1b: Cresselia|Trick Room|p1b: Cresselia\n|-fieldstart|move: Trick Room|[of] p1b: Cresselia\n|\n|-weather|none\n|-heal|p1a: Diancie|70\/100|[from] item: Leftovers\n|upkeep\n|turn|6\n|inactive|dubs 4 life has 120 seconds left.\n|inactive|3-eye joe has 90 seconds left.\n|\n|t:|1697782351\n|-terastallize|p2a: GYATT|Fire\n|detailschange|p2a: GYATT|Ogerpon-Hearthflame-Tera, F, tera:Fire\n|-ability|p2a: GYATT|Embody Aspect (Hearthflame)|boost\n|-boost|p2a: GYATT|atk|1\n|move|p1a: Diancie|Diamond Storm|p2b: FREDDY|[spread] \n|-miss|p1a: Diancie|p2a: GYATT\n|-miss|p1a: Diancie|p2b: FREDDY\n|move|p2b: FREDDY|Blood Moon|p1a: Diancie\n|-damage|p1a: Diancie|20\/100\n|move|p1b: Cresselia|Dazzling Gleam|p2b: FREDDY|[spread] p2a,p2b\n|-resisted|p2a: GYATT\n|-damage|p2a: GYATT|30\/100\n|-damage|p2b: FREDDY|83\/100\n|move|p2a: GYATT|Play Rough|p1a: Diancie\n|-supereffective|p1a: Diancie\n|-crit|p1a: Diancie\n|-damage|p1a: Diancie|0 fnt\n|faint|p1a: Diancie\n|\n|upkeep\n|inactive|3-eye joe has 90 seconds left.\n|\n|t:|1697782377\n|switch|p1a: Tyranitar|Tyranitar, M|72\/100\n|-weather|Sandstorm|[from] ability: Sand Stream|[of] p1a: Tyranitar\n|turn|7\n|inactive|3-eye joe has 90 seconds left.\n|\n|t:|1697782400\n|move|p1b: Cresselia|Helping Hand|p1a: Tyranitar\n|-singleturn|p1a: Tyranitar|Helping Hand|[of] p1b: Cresselia\n|move|p2a: GYATT|Spiky Shield|p2a: GYATT\n|-singleturn|p2a: GYATT|move: Protect\n|move|p2b: FREDDY|Earth Power|p1a: Tyranitar\n|-supereffective|p1a: Tyranitar\n|-damage|p1a: Tyranitar|12\/100\n|-unboost|p1a: Tyranitar|spd|1\n|move|p1a: Tyranitar|Rock Slide|p2a: GYATT|[spread] p2b\n|-activate|p2a: GYATT|move: Protect\n|-resisted|p2b: FREDDY\n|-damage|p2b: FREDDY|65\/100\n|\n|-weather|Sandstorm|[upkeep]\n|-damage|p2a: GYATT|24\/100|[from] Sandstorm\n|-heal|p1a: Tyranitar|19\/100|[from] item: Leftovers\n|upkeep\n|turn|8\n|inactive|3-eye joe has 90 seconds left.\n|\n|t:|1697782442\n|switch|p2a: Rizzler|Breloom, M|49\/100\n|move|p1a: Tyranitar|Protect|p1a: Tyranitar\n|-singleturn|p1a: Tyranitar|Protect\n|move|p2b: FREDDY|Blood Moon|p1b: Cresselia\n|-damage|p1b: Cresselia|48\/100\n|move|p1b: Cresselia|Dazzling Gleam|p2a: Rizzler|[spread] p2a,p2b\n|-supereffective|p2a: Rizzler\n|-damage|p2a: Rizzler|9\/100\n|-damage|p2b: FREDDY|58\/100\n|\n|-weather|Sandstorm|[upkeep]\n|-damage|p2a: Rizzler|3\/100|[from] Sandstorm\n|-heal|p1a: Tyranitar|25\/100|[from] item: Leftovers\n|upkeep\n|turn|9\n|inactive|3-eye joe has 90 seconds left.\n|inactive|3-eye joe has 60 seconds left.\n|\n|t:|1697782499\n|move|p2a: Rizzler|Mach Punch|p1a: Tyranitar\n|-supereffective|p1a: Tyranitar\n|-damage|p1a: Tyranitar|0 fnt\n|faint|p1a: Tyranitar\n|move|p2b: FREDDY|Moonblast|p1b: Cresselia\n|-damage|p1b: Cresselia|22\/100\n|move|p1b: Cresselia|Dazzling Gleam|p2b: FREDDY|[spread] p2a,p2b\n|-supereffective|p2a: Rizzler\n|-damage|p2a: Rizzler|0 fnt\n|-damage|p2b: FREDDY|52\/100\n|faint|p2a: Rizzler\n|\n|-weather|Sandstorm|[upkeep]\n|-fieldend|move: Trick Room\n|upkeep\n|inactive|3-eye joe has 60 seconds left.\n|\n|t:|1697782510\n|switch|p2a: GYATT|Ogerpon-Hearthflame-Tera, F, tera:Fire|24\/100\n|switch|p1a: Ursaluna|Ursaluna-Bloodmoon, M|100\/100\n|-ability|p2a: GYATT|Embody Aspect (Hearthflame)|boost\n|-boost|p2a: GYATT|atk|1\n|turn|10\n|\n|t:|1697782524\n|move|p2a: GYATT|Horn Leech|p1a: Ursaluna\n|-supereffective|p1a: Ursaluna\n|-damage|p1a: Ursaluna|14\/100\n|-heal|p2a: GYATT|86\/100|[from] drain|[of] p1a: Ursaluna\n|move|p1b: Cresselia|Lunar Blessing|p1b: Cresselia|[spread] p1a,p1b\n|-heal|p1a: Ursaluna|39\/100\n|-heal|p1b: Cresselia|47\/100\n|move|p1a: Ursaluna|Hyper Voice|p2a: GYATT|[spread] p2a,p2b\n|-damage|p2a: GYATT|39\/100\n|-damage|p2b: FREDDY|25\/100\n|-enditem|p1a: Ursaluna|Throat Spray\n|-boost|p1a: Ursaluna|spa|1|[from] item: Throat Spray\n|move|p2b: FREDDY|Blood Moon|p1b: Cresselia\n|-damage|p1b: Cresselia|0 fnt\n|faint|p1b: Cresselia\n|\n|-weather|Sandstorm|[upkeep]\n|-damage|p2a: GYATT|33\/100|[from] Sandstorm\n|upkeep\n|turn|11\n|inactive|3-eye joe has 90 seconds left.\n|\n|t:|1697782542\n|move|p2a: GYATT|Horn Leech|p1a: Ursaluna\n|-supereffective|p1a: Ursaluna\n|-damage|p1a: Ursaluna|0 fnt\n|-heal|p2a: GYATT|60\/100|[from] drain|[of] p1a: Ursaluna\n|faint|p1a: Ursaluna\n|\n|win|dubs 4 life\n|raw|3-eye joe's rating: 1274 &rarr; <strong>1261<\/strong><br \/>(-13 for losing)\n|raw|dubs 4 life's rating: 1447 &rarr; <strong>1458<\/strong><br \/>(+11 for winning)\n","uploadtime":1697782551,"views":23,"p1id":"3eyejoe","p2id":"dubs4life","formatid":"gen9doublesou","rating":1261,"private":0,"password":""}