{"id":"gen9doublesou-1971049914","p1":"dubs 4 life","p2":"stestatsuki","format":"[Gen 9] Doubles OU","log":"|j|\u2606dubs 4 life\n|j|\u2606stestatsuki\n|t:|1697698611\n|gametype|doubles\n|player|p1|dubs 4 life|clown|1376\n|player|p2|stestatsuki|iono|1551\n|teamsize|p1|6\n|teamsize|p2|6\n|gen|9\n|tier|[Gen 9] Doubles OU\n|rated|\n|rule|Species Clause: Limit one of each Pok\u00e9mon\n|rule|OHKO Clause: OHKO moves are banned\n|rule|Evasion Moves Clause: Evasion moves are banned\n|rule|Gravity Sleep Clause: The combination of sleep-inducing moves with imperfect accuracy and Gravity or Gigantamax Orbeetle are banned\n|rule|Endless Battle Clause: Forcing endless battles is banned\n|rule|HP Percentage Mod: HP is shown in percentages\n|clearpoke\n|poke|p1|Basculegion, M|\n|poke|p1|Ogerpon-Hearthflame, F|\n|poke|p1|Tornadus, M|\n|poke|p1|Breloom, F|\n|poke|p1|Chien-Pao|\n|poke|p1|Ursaluna-Bloodmoon, M|\n|poke|p2|Volcanion|\n|poke|p2|Heatran, M|\n|poke|p2|Iron Hands|\n|poke|p2|Ogerpon-Wellspring, F|\n|poke|p2|Rillaboom, M|\n|poke|p2|Landorus-Therian, M|\n|teampreview\n|inactive|Battle timer is ON: inactive players will automatically lose when time's up. (requested by dubs 4 life)\n|l|\u2606stestatsuki\n|inactive|stestatsuki disconnected and has a minute to reconnect!\n|player|p2|\n|j|\u2606stestatsuki\n|inactive|stestatsuki reconnected and has 125 seconds left.\n|player|p2|stestatsuki|iono\n|inactive|stestatsuki has 120 seconds left.\n|\n|t:|1697698646\n|start\n|switch|p1a: buff man|Tornadus, M|100\/100\n|switch|p1b: FREDDY|Ursaluna-Bloodmoon, M|100\/100\n|switch|p2a: Landorus|Landorus-Therian, M|100\/100\n|switch|p2b: Rillaboom|Rillaboom, M|100\/100\n|-ability|p2a: Landorus|Intimidate|boost\n|-unboost|p1a: buff man|atk|1\n|-unboost|p1b: FREDDY|atk|1\n|-fieldstart|move: Grassy Terrain|[from] ability: Grassy Surge|[of] p2b: Rillaboom\n|turn|1\n|\n|t:|1697698661\n|switch|p2a: Heatran|Heatran, M|100\/100\n|move|p2b: Rillaboom|Fake Out|p1b: FREDDY\n|-damage|p1b: FREDDY|90\/100\n|move|p1a: buff man|Tailwind|p1a: buff man\n|-sidestart|p1: dubs 4 life|move: Tailwind\n|cant|p1b: FREDDY|flinch\n|\n|-heal|p1b: FREDDY|97\/100|[from] Grassy Terrain\n|upkeep\n|turn|2\n|\n|t:|1697698673\n|-terastallize|p2a: Heatran|Grass\n|move|p1a: buff man|Bleakwind Storm|p2b: Rillaboom|[spread] p2b\n|-miss|p1a: buff man|p2a: Heatran\n|-supereffective|p2b: Rillaboom\n|-damage|p2b: Rillaboom|63\/100\n|move|p1b: FREDDY|Earth Power|p2a: Heatran\n|-resisted|p2a: Heatran\n|-damage|p2a: Heatran|85\/100\n|move|p2b: Rillaboom|Wood Hammer|p1b: FREDDY\n|-supereffective|p1b: FREDDY\n|-damage|p1b: FREDDY|0 fnt\n|faint|p1b: FREDDY\n|-damage|p2b: Rillaboom|34\/100|[from] Recoil\n|move|p2a: Heatran|Tera Blast|p1a: buff man|[anim] Tera Blast Grass\n|-resisted|p1a: buff man\n|-damage|p1a: buff man|66\/100\n|\n|-heal|p2b: Rillaboom|41\/100|[from] Grassy Terrain\n|-heal|p2a: Heatran|92\/100|[from] Grassy Terrain\n|upkeep\n|\n|t:|1697698703\n|switch|p1b: Foxy??|Chien-Pao|100\/100\n|-ability|p1b: Foxy??|Sword of Ruin\n|turn|3\n|\n|t:|1697698720\n|switch|p2b: Landorus|Landorus-Therian, M|100\/100\n|-ability|p2b: Landorus|Intimidate|boost\n|-unboost|p1a: buff man|atk|1\n|-unboost|p1b: Foxy??|atk|1\n|switch|p2a: Volcanion|Volcanion|100\/100\n|move|p1b: Foxy??|Ice Spinner|p2a: Volcanion\n|-resisted|p2a: Volcanion\n|-crit|p2a: Volcanion\n|-damage|p2a: Volcanion|83\/100\n|-fieldend|move: Grassy Terrain\n|move|p1a: buff man|Bleakwind Storm|p2a: Volcanion|[spread] p2a,p2b\n|-damage|p2a: Volcanion|61\/100\n|-damage|p2b: Landorus|61\/100\n|-unboost|p2b: Landorus|spe|1\n|\n|upkeep\n|turn|4\n|inactive|stestatsuki has 120 seconds left.\n|inactive|stestatsuki has 90 seconds left.\n|\n|t:|1697698795\n|move|p1a: buff man|Protect|p1a: buff man\n|-singleturn|p1a: buff man|Protect\n|move|p1b: Foxy??|Ice Spinner|p2b: Landorus\n|-supereffective|p2b: Landorus\n|-damage|p2b: Landorus|0 fnt\n|faint|p2b: Landorus\n|move|p2a: Volcanion|Heat Wave|p1a: buff man|[spread] p1b\n|-activate|p1a: buff man|move: Protect\n|-supereffective|p1b: Foxy??\n|-damage|p1b: Foxy??|0 fnt\n|faint|p1b: Foxy??\n|\n|-sideend|p1: dubs 4 life|move: Tailwind\n|upkeep\n|inactive|dubs 4 life has 120 seconds left.\n|\n|t:|1697698831\n|switch|p1b: Rizzler|Breloom, F|100\/100\n|switch|p2b: Heatran|Heatran, M, tera:Grass|92\/100\n|turn|5\n|inactive|stestatsuki has 120 seconds left.\n|\n|t:|1697698858\n|move|p1a: buff man|Tailwind|p1a: buff man\n|-sidestart|p1: dubs 4 life|move: Tailwind\n|move|p1b: Rizzler|Bullet Seed|p2a: Volcanion\n|-damage|p2a: Volcanion|45\/100\n|-damage|p2a: Volcanion|28\/100\n|-damage|p2a: Volcanion|13\/100\n|-crit|p2a: Volcanion\n|-damage|p2a: Volcanion|0 fnt\n|faint|p2a: Volcanion\n|-hitcount|p2: Volcanion|4\n|move|p2b: Heatran|Heat Wave|p1a: buff man|[spread] p1a,p1b\n|-supereffective|p1b: Rizzler\n|-damage|p1a: buff man|15\/100\n|-damage|p1b: Rizzler|0 fnt\n|faint|p1b: Rizzler\n|\n|upkeep\n|inactive|stestatsuki has 120 seconds left.\n|\n|t:|1697698870\n|switch|p1b: fishy :)|Basculegion, M|100\/100\n|switch|p2a: Iron Hands|Iron Hands|100\/100\n|turn|6\n|inactive|stestatsuki has 120 seconds left.\n|\n|t:|1697698918\n|move|p1a: buff man|Bleakwind Storm|p2a: Iron Hands|[spread] p2b\n|-miss|p1a: buff man|p2a: Iron Hands\n|-supereffective|p2b: Heatran\n|-damage|p2b: Heatran|54\/100\n|-unboost|p2b: Heatran|spe|1\n|move|p1b: fishy :)|Last Respects|p2a: Iron Hands\n|-damage|p2a: Iron Hands|0 fnt\n|faint|p2a: Iron Hands\n|-end|p2a: Iron Hands|Quark Drive|[silent]\n|move|p2b: Heatran|Tera Blast|p1b: fishy :)|[anim] Tera Blast Grass\n|-supereffective|p1b: fishy :)\n|-damage|p1b: fishy :)|2\/100\n|\n|upkeep\n|l|\u2606stestatsuki\n|inactive|stestatsuki disconnected and has a minute to reconnect!\n|player|p2|\n|j|\u2606stestatsuki\n|inactive|stestatsuki reconnected and has 90 seconds left.\n|player|p2|stestatsuki|iono\n|\n|t:|1697698938\n|switch|p2a: Rillaboom|Rillaboom, M|41\/100\n|-fieldstart|move: Grassy Terrain|[from] ability: Grassy Surge|[of] p2a: Rillaboom\n|turn|7\n|\n|t:|1697698948\n|switch|p1b: GYATT|Ogerpon-Hearthflame, F|100\/100\n|-ability|p1b: GYATT|Mold Breaker\n|move|p2a: Rillaboom|Grassy Glide|p1b: GYATT\n|-resisted|p1b: GYATT\n|-damage|p1b: GYATT|89\/100\n|move|p1a: buff man|Bleakwind Storm|p2a: Rillaboom|[spread] p2a\n|-miss|p1a: buff man|p2b: Heatran\n|-supereffective|p2a: Rillaboom\n|-damage|p2a: Rillaboom|0 fnt\n|faint|p2a: Rillaboom\n|move|p2b: Heatran|Tera Blast|p1a: buff man|[anim] Tera Blast Grass\n|-resisted|p1a: buff man\n|-damage|p1a: buff man|0 fnt\n|faint|p1a: buff man\n|\n|-heal|p1b: GYATT|95\/100|[from] Grassy Terrain\n|-heal|p2b: Heatran|61\/100|[from] Grassy Terrain\n|upkeep\n|\n|t:|1697698955\n|switch|p1a: fishy :)|Basculegion, M|2\/100\n|switch|p2a: Ogerpon|Ogerpon-Wellspring, F|100\/100\n|turn|8\n|\n|t:|1697698971\n|-terastallize|p1b: GYATT|Fire\n|detailschange|p1b: GYATT|Ogerpon-Hearthflame-Tera, F, tera:Fire\n|-ability|p1b: GYATT|Embody Aspect (Hearthflame)|boost\n|-boost|p1b: GYATT|atk|1\n|move|p2a: Ogerpon|Follow Me|p2a: Ogerpon\n|-singleturn|p2a: Ogerpon|move: Follow Me\n|move|p1b: GYATT|Ivy Cudgel|p2a: Ogerpon\n|-damage|p2a: Ogerpon|0 fnt\n|faint|p2a: Ogerpon\n|move|p1a: fishy :)|Last Respects|p2b: Heatran\n|-damage|p2b: Heatran|0 fnt\n|faint|p2b: Heatran\n|\n|win|dubs 4 life\n|raw|dubs 4 life's rating: 1376 &rarr; <strong>1405<\/strong><br \/>(+29 for winning)\n|raw|stestatsuki's rating: 1551 &rarr; <strong>1522<\/strong><br \/>(-29 for losing)\n|l|\u2606stestatsuki\n","uploadtime":1697699035,"views":24,"p1id":"dubs4life","p2id":"stestatsuki","formatid":"gen9doublesou","rating":1405,"private":0,"password":""}