{"id":"gen9doublesou-1983401818","p1":"Tenzai","p2":"Shiritu","format":"[Gen 9] Doubles OU","log":"|j|\u2606Tenzai\n|j|\u2606Shiritu\n|t:|1699126293\n|gametype|doubles\n|player|p1|Tenzai|#scl3spartans|\n|player|p2|Shiritu|ash-sinnoh|\n|teamsize|p1|6\n|teamsize|p2|6\n|gen|9\n|tier|[Gen 9] Doubles OU\n|rule|Species Clause: Limit one of each Pok\u00e9mon\n|rule|OHKO Clause: OHKO moves are banned\n|rule|Evasion Moves Clause: Evasion moves are banned\n|rule|Gravity Sleep Clause: The combination of sleep-inducing moves with imperfect accuracy and Gravity or Gigantamax Orbeetle are banned\n|rule|Endless Battle Clause: Forcing endless battles is banned\n|rule|HP Percentage Mod: HP is shown in percentages\n|clearpoke\n|poke|p1|Ursaluna-Bloodmoon, M|\n|poke|p1|Heatran, M|\n|poke|p1|Cresselia, F|\n|poke|p1|Ogerpon-Wellspring, F|\n|poke|p1|Rillaboom, F|\n|poke|p1|Flutter Mane|\n|poke|p2|Ninetales-Alola, F|\n|poke|p2|Baxcalibur, F|\n|poke|p2|Rillaboom, M|\n|poke|p2|Iron Hands|\n|poke|p2|Landorus-Therian, M|\n|poke|p2|Volcanion|\n|teampreview\n|c|\u2606Shiritu|glhf\n|j|+Yoda2798\n|j| juega persona\n|j| eric versus\u30c4\n|j| seroo@!\n|j| frania \u2654\n|j| SMB\n|c| frania \u2654|(its private)\n|c|+Yoda2798|goooooo Tenzai\n|c|\u2606Shiritu|How I make it public?\n|c| eric versus\u30c4|\/\/publicroom\n|c|\u2606Shiritu|\/log Shiritu made this room public.\n|c|\u2606Shiritu|Done\n|l| juega persona\n|\n|t:|1699126415\n|start\n|switch|p1a: Heatran|Heatran, M|100\/100\n|switch|p1b: Rillaboom|Rillaboom, F|100\/100\n|switch|p2a: Ninetales|Ninetales-Alola, F|100\/100\n|switch|p2b: Iron Hands|Iron Hands|100\/100\n|-weather|Snow|[from] ability: Snow Warning|[of] p2a: Ninetales\n|-fieldstart|move: Grassy Terrain|[from] ability: Grassy Surge|[of] p1b: Rillaboom\n|turn|1\n|j| juega persona\n|\n|t:|1699126433\n|move|p2a: Ninetales|Protect|p2a: Ninetales\n|-singleturn|p2a: Ninetales|Protect\n|move|p1b: Rillaboom|Fake Out|p2b: Iron Hands\n|-damage|p2b: Iron Hands|93\/100\n|move|p1a: Heatran|Earth Power|p2b: Iron Hands\n|-supereffective|p2b: Iron Hands\n|-damage|p2b: Iron Hands|56\/100\n|cant|p2b: Iron Hands|flinch\n|\n|-weather|Snow|[upkeep]\n|-heal|p2b: Iron Hands|62\/100|[from] Grassy Terrain\n|upkeep\n|turn|2\n|\n|t:|1699126471\n|-terastallize|p1a: Heatran|Fairy\n|move|p2a: Ninetales|Aurora Veil|p2a: Ninetales\n|-sidestart|p2: Shiritu|move: Aurora Veil\n|move|p1b: Rillaboom|High Horsepower|p2b: Iron Hands\n|-supereffective|p2b: Iron Hands\n|-damage|p2b: Iron Hands|36\/100\n|move|p1a: Heatran|Flash Cannon|p2a: Ninetales\n|-supereffective|p2a: Ninetales\n|-damage|p2a: Ninetales|0 fnt\n|faint|p2a: Ninetales\n|move|p2b: Iron Hands|Drain Punch|p1b: Rillaboom\n|-damage|p1b: Rillaboom|64\/100\n|-heal|p2b: Iron Hands|51\/100|[from] drain|[of] p1b: Rillaboom\n|\n|-weather|Snow|[upkeep]\n|-heal|p1b: Rillaboom|70\/100|[from] Grassy Terrain\n|-heal|p2b: Iron Hands|57\/100|[from] Grassy Terrain\n|upkeep\n|j|+Frixel\n|\n|t:|1699126508\n|switch|p2a: Landorus|Landorus-Therian, M|100\/100\n|-ability|p2a: Landorus|Intimidate|boost\n|-unboost|p1a: Heatran|atk|1\n|-unboost|p1b: Rillaboom|atk|1\n|turn|3\n|\n|t:|1699126531\n|switch|p1b: Cresselia|Cresselia, F|100\/100\n|switch|p1a: Ogerpon|Ogerpon-Wellspring, F|100\/100\n|-end|p2b: Iron Hands|Quark Drive|[silent]\n|switch|p2b: Rillaboom|Rillaboom, M|100\/100\n|-terastallize|p2a: Landorus|Flying\n|move|p2a: Landorus|Tera Blast|p1a: Ogerpon|[anim] Tera Blast Flying\n|-supereffective|p1a: Ogerpon\n|-damage|p1a: Ogerpon|0 fnt\n|faint|p1a: Ogerpon\n|\n|-weather|Snow|[upkeep]\n|upkeep\n|j| Flying Beagle\n|\n|t:|1699126557\n|switch|p1a: Rillaboom|Rillaboom, F|70\/100\n|turn|4\n|\n|t:|1699126591\n|switch|p1a: Heatran|Heatran, M, tera:Fairy|100\/100\n|move|p2b: Rillaboom|Fake Out|p1b: Cresselia\n|-damage|p1b: Cresselia|92\/100\n|move|p2a: Landorus|Tera Blast|p1a: Heatran|[anim] Tera Blast Flying\n|-damage|p1a: Heatran|49\/100\n|cant|p1b: Cresselia|flinch\n|\n|-weather|Snow|[upkeep]\n|-heal|p1a: Heatran|55\/100|[from] Grassy Terrain\n|upkeep\n|turn|5\n|\n|t:|1699126658\n|move|p2a: Landorus|Tera Blast|p1b: Cresselia|[anim] Tera Blast Flying\n|-damage|p1b: Cresselia|53\/100\n|move|p2b: Rillaboom|Wood Hammer|p1b: Cresselia\n|-damage|p1b: Cresselia|3\/100\n|-damage|p2b: Rillaboom|82\/100|[from] Recoil\n|move|p1a: Heatran|Heat Wave|p2b: Rillaboom|[spread] p2a,p2b\n|-supereffective|p2b: Rillaboom\n|-damage|p2a: Landorus|67\/100\n|-damage|p2b: Rillaboom|42\/100\n|move|p1b: Cresselia|Trick Room|p1b: Cresselia\n|-fieldstart|move: Trick Room|[of] p1b: Cresselia\n|\n|-weather|none\n|-heal|p1a: Heatran|62\/100|[from] Grassy Terrain\n|-heal|p2b: Rillaboom|48\/100|[from] Grassy Terrain\n|-fieldend|move: Grassy Terrain\n|upkeep\n|turn|6\n|\n|t:|1699126680\n|move|p1b: Cresselia|Psychic|p2b: Rillaboom\n|-damage|p2b: Rillaboom|35\/100\n|move|p1a: Heatran|Heat Wave|p2b: Rillaboom|[spread] p2a,p2b\n|-supereffective|p2b: Rillaboom\n|-damage|p2a: Landorus|37\/100\n|-damage|p2b: Rillaboom|0 fnt\n|faint|p2b: Rillaboom\n|move|p2a: Landorus|Tera Blast|p1b: Cresselia|[anim] Tera Blast Flying\n|-damage|p1b: Cresselia|0 fnt\n|faint|p1b: Cresselia\n|\n|upkeep\n|j| ina fable.\n|\n|t:|1699126714\n|switch|p1b: Ursaluna|Ursaluna-Bloodmoon, M|100\/100\n|switch|p2b: Iron Hands|Iron Hands|57\/100\n|turn|7\n|\n|t:|1699126726\n|move|p2b: Iron Hands|Fake Out|p1b: Ursaluna\n|-damage|p1b: Ursaluna|91\/100\n|cant|p1b: Ursaluna|flinch\n|move|p1a: Heatran|Tera Blast|p2b: Iron Hands|[anim] Tera Blast Fairy\n|-supereffective|p2b: Iron Hands\n|-damage|p2b: Iron Hands|23\/100\n|move|p2a: Landorus|Tera Blast|p1a: Heatran|[anim] Tera Blast Flying\n|-damage|p1a: Heatran|10\/100\n|\n|upkeep\n|turn|8\n|j| Electrovalvula\n|l|+Frixel\n|\n|t:|1699126805\n|switch|p1a: Flutter Mane|Flutter Mane|100\/100\n|-enditem|p1a: Flutter Mane|Booster Energy\n|-activate|p1a: Flutter Mane|ability: Protosynthesis|[fromitem]\n|-start|p1a: Flutter Mane|protosynthesisspe\n|switch|p2a: Volcanion|Volcanion|100\/100\n|move|p2b: Iron Hands|Drain Punch|p1b: Ursaluna\n|-supereffective|p1b: Ursaluna\n|-damage|p1b: Ursaluna|34\/100\n|-heal|p2b: Iron Hands|48\/100|[from] drain|[of] p1b: Ursaluna\n|move|p1b: Ursaluna|Blood Moon|p2a: Volcanion\n|-damage|p2a: Volcanion|48\/100\n|\n|upkeep\n|turn|9\n|j|+Frixel\n|j| dgmkgmsdm\n|c| frania \u2654|test\n|c|\u2606Shiritu|test\n|j| Axellgor\n|c|\u2606Tenzai|test\n|c| seroo|test\n|c| frania \u2654|\ud83e\udd71\n|c| SMB|\ud83e\udd78\n|\n|t:|1699127067\n|move|p1b: Ursaluna|Protect|p1b: Ursaluna\n|-singleturn|p1b: Ursaluna|Protect\n|move|p1a: Flutter Mane|Protect|p1a: Flutter Mane\n|-singleturn|p1a: Flutter Mane|Protect\n|move|p2b: Iron Hands|Drain Punch|p1b: Ursaluna\n|-activate|p1b: Ursaluna|move: Protect\n|move|p2a: Volcanion|Heat Wave|p1b: Ursaluna|[spread] \n|-activate|p1a: Flutter Mane|move: Protect\n|-activate|p1b: Ursaluna|move: Protect\n|\n|-sideend|p2: Shiritu|move: Aurora Veil\n|-fieldend|move: Trick Room\n|upkeep\n|turn|10\n|\n|t:|1699127082\n|switch|p1b: Heatran|Heatran, M, tera:Fairy|10\/100\n|move|p1a: Flutter Mane|Moonblast|p2b: Iron Hands\n|-supereffective|p2b: Iron Hands\n|-damage|p2b: Iron Hands|4\/100\n|move|p2a: Volcanion|Heat Wave|p1b: Heatran|[spread] p1a\n|-start|p1b: Heatran|ability: Flash Fire\n|-damage|p1a: Flutter Mane|64\/100\n|move|p2b: Iron Hands|Heavy Slam|p1a: Flutter Mane\n|-supereffective|p1a: Flutter Mane\n|-damage|p1a: Flutter Mane|0 fnt\n|faint|p1a: Flutter Mane\n|-end|p1a: Flutter Mane|Protosynthesis|[silent]\n|\n|upkeep\n|\n|t:|1699127093\n|switch|p1a: Rillaboom|Rillaboom, F|70\/100\n|-fieldstart|move: Grassy Terrain|[from] ability: Grassy Surge|[of] p1a: Rillaboom\n|turn|11\n|\n|t:|1699127142\n|move|p2a: Volcanion|Protect|p2a: Volcanion\n|-singleturn|p2a: Volcanion|Protect\n|move|p1a: Rillaboom|U-turn|p2b: Iron Hands\n|-resisted|p2b: Iron Hands\n|-damage|p2b: Iron Hands|0 fnt\n|faint|p2b: Iron Hands\n|-end|p2b: Iron Hands|Quark Drive|[silent]\n|\n|t:|1699127149\n|switch|p1a: Ursaluna|Ursaluna-Bloodmoon, M|34\/100|[from] U-turn\n|move|p1b: Heatran|Earth Power|p2a: Volcanion\n|-activate|p2a: Volcanion|move: Protect\n|\n|-heal|p1b: Heatran|16\/100|[from] Grassy Terrain\n|-heal|p2a: Volcanion|54\/100|[from] Grassy Terrain\n|-heal|p1a: Ursaluna|40\/100|[from] Grassy Terrain\n|upkeep\n|\n|t:|1699127167\n|switch|p2b: Landorus|Landorus-Therian, M, tera:Flying|37\/100\n|-ability|p2b: Landorus|Intimidate|boost\n|-unboost|p1a: Ursaluna|atk|1\n|-unboost|p1b: Heatran|atk|1\n|turn|12\n|\n|t:|1699127185\n|move|p2b: Landorus|Tera Blast|p1b: Heatran|[anim] Tera Blast Flying\n|-damage|p1b: Heatran|0 fnt\n|faint|p1b: Heatran\n|move|p2a: Volcanion|Steam Eruption|p1a: Ursaluna\n|-supereffective|p1a: Ursaluna\n|-damage|p1a: Ursaluna|0 fnt\n|faint|p1a: Ursaluna\n|\n|-heal|p2a: Volcanion|61\/100|[from] Grassy Terrain\n|upkeep\n|\n|t:|1699127189\n|switch|p1b: Rillaboom|Rillaboom, F|70\/100\n|turn|13\n|c|\u2606Tenzai|gg\n|c|\u2606Shiritu|gg\n|-message|Tenzai forfeited.\n|\n|win|Shiritu\n","uploadtime":1699127201,"views":153,"p1id":"tenzai","p2id":"shiritu","formatid":"gen9doublesou","rating":0,"private":0,"password":""}