{"id":"gen9doublesou-1997305572","p1":"GravyYacht","p2":"Paiyito","format":"[Gen 9] Doubles OU","log":"|j|\u203dGravyYacht\n|j|\u2606Paiyito\n|t:|1700787168\n|gametype|doubles\n|player|p1|GravyYacht|buck|1088\n|player|p2|Paiyito|drayden|1132\n|teamsize|p1|6\n|teamsize|p2|6\n|gen|9\n|tier|[Gen 9] Doubles OU\n|rated|\n|rule|Species Clause: Limit one of each Pok\u00e9mon\n|rule|OHKO Clause: OHKO moves are banned\n|rule|Evasion Moves Clause: Evasion moves are banned\n|rule|Gravity Sleep Clause: The combination of sleep-inducing moves with imperfect accuracy and Gravity or Gigantamax Orbeetle are banned\n|rule|Endless Battle Clause: Forcing endless battles is banned\n|rule|HP Percentage Mod: HP is shown in percentages\n|clearpoke\n|poke|p1|Azelf|\n|poke|p1|Rabsca, M|\n|poke|p1|Golem-Alola, M|\n|poke|p1|Indeedee-F, F|\n|poke|p1|Hatterene, F|\n|poke|p1|Houndstone, M|\n|poke|p2|Farigiraf, F|\n|poke|p2|Ninetales-Alola, M|\n|poke|p2|Sinistcha-Masterpiece|\n|poke|p2|Kingambit, M|\n|poke|p2|Empoleon, M|\n|poke|p2|Tornadus, M|\n|teampreview\n|inactive|Battle timer is ON: inactive players will automatically lose when time's up. (requested by GravyYacht)\n|\n|t:|1700787185\n|start\n|switch|p1a: Rabsca|Rabsca, M|100\/100\n|switch|p1b: Azelf|Azelf|100\/100\n|switch|p2a: Tornadus|Tornadus, M|100\/100\n|switch|p2b: Kingambit|Kingambit, M|100\/100\n|turn|1\n|\n|t:|1700787197\n|move|p2b: Kingambit|Protect|p2b: Kingambit\n|-singleturn|p2b: Kingambit|Protect\n|move|p2a: Tornadus|Taunt|p1b: Azelf\n|-start|p1b: Azelf|move: Taunt\n|move|p1b: Azelf|Explosion|p2a: Tornadus|[spread] p2a\n|-activate|p2b: Kingambit|move: Protect\n|-activate|p1a: Rabsca|ability: Telepathy\n|-enditem|p2a: Tornadus|Focus Sash\n|-damage|p2a: Tornadus|1\/100\n|faint|p1b: Azelf\n|move|p1a: Rabsca|Trick Room|p1a: Rabsca\n|-fieldstart|move: Trick Room|[of] p1a: Rabsca\n|\n|upkeep\n|\n|t:|1700787211\n|switch|p1b: Golem|Golem-Alola, M|100\/100\n|turn|2\n|\n|t:|1700787224\n|move|p2a: Tornadus|Taunt|p1a: Rabsca\n|-start|p1a: Rabsca|move: Taunt\n|move|p1b: Golem|Explosion|p2b: Kingambit|[spread] p2a,p2b\n|-activate|p1a: Rabsca|ability: Telepathy\n|-resisted|p2b: Kingambit\n|-damage|p2a: Tornadus|0 fnt\n|-damage|p2b: Kingambit|72\/100\n|faint|p1b: Golem\n|faint|p2a: Tornadus\n|cant|p1a: Rabsca|move: Taunt|Revival Blessing\n|move|p2b: Kingambit|Iron Head|p1a: Rabsca\n|-damage|p1a: Rabsca|71\/100\n|\n|upkeep\n|\n|t:|1700787239\n|switch|p1b: Hatterene|Hatterene, F|100\/100\n|switch|p2a: Ninetales|Ninetales-Alola, M|100\/100\n|-weather|Snow|[from] ability: Snow Warning|[of] p2a: Ninetales\n|turn|3\n|\n|t:|1700787251\n|move|p2b: Kingambit|Protect|p2b: Kingambit\n|-singleturn|p2b: Kingambit|Protect\n|move|p1b: Hatterene|Mystical Fire|p2b: Kingambit\n|-activate|p2b: Kingambit|move: Protect\n|move|p1a: Rabsca|Struggle Bug|p2b: Kingambit|[spread] p2a\n|-activate|p2b: Kingambit|move: Protect\n|-resisted|p2a: Ninetales\n|-damage|p2a: Ninetales|92\/100\n|-unboost|p2a: Ninetales|spa|1\n|move|p2a: Ninetales|Aurora Veil|p2a: Ninetales\n|-sidestart|p2: Paiyito|move: Aurora Veil\n|\n|-weather|Snow|[upkeep]\n|upkeep\n|turn|4\n|\n|t:|1700787272\n|switch|p2b: Empoleon|Empoleon, M|100\/100\n|move|p1b: Hatterene|Dazzling Gleam|p2a: Ninetales|[spread] p2a,p2b\n|-resisted|p2b: Empoleon\n|-damage|p2a: Ninetales|54\/100\n|-damage|p2b: Empoleon|87\/100\n|-damage|p1b: Hatterene|91\/100|[from] item: Life Orb\n|move|p1a: Rabsca|Struggle Bug|p2b: Empoleon|[spread] p2a,p2b\n|-resisted|p2a: Ninetales\n|-resisted|p2b: Empoleon\n|-damage|p2a: Ninetales|48\/100\n|-damage|p2b: Empoleon|83\/100\n|-unboost|p2a: Ninetales|spa|1\n|-unboost|p2b: Empoleon|spa|1\n|-ability|p2b: Empoleon|Competitive|boost\n|-boost|p2b: Empoleon|spa|2\n|move|p2a: Ninetales|Blizzard|p1a: Rabsca|[spread] p1a,p1b\n|-damage|p1a: Rabsca|57\/100\n|-damage|p1b: Hatterene|76\/100\n|-status|p1a: Rabsca|frz\n|\n|-weather|Snow|[upkeep]\n|-heal|p2b: Empoleon|89\/100|[from] item: Leftovers\n|-end|p1a: Rabsca|move: Taunt\n|upkeep\n|turn|5\n|-message|GravyYacht forfeited.\n|\n|win|Paiyito\n|raw|GravyYacht's rating: 1088 &rarr; <strong>1068<\/strong><br \/>(-20 for losing)\n|raw|Paiyito's rating: 1132 &rarr; <strong>1154<\/strong><br \/>(+22 for winning)\n|l|\u203dGravyYacht\n","uploadtime":1700787299,"views":5,"p1id":"gravyyacht","p2id":"paiyito","formatid":"gen9doublesou","rating":1068,"private":0,"password":""}