{"id":"gen9doublesou-1971007071","p1":"Thehombre","p2":"CrownedVonnie","format":"[Gen 9] Doubles OU","log":"|j|\u2606Thehombre\n|j|\u2606CrownedVonnie\n|t:|1697691590\n|gametype|doubles\n|player|p1|Thehombre|169|1094\n|player|p2|CrownedVonnie|169|1015\n|teamsize|p1|6\n|teamsize|p2|6\n|gen|9\n|tier|[Gen 9] Doubles OU\n|rated|\n|rule|Species Clause: Limit one of each Pok\u00e9mon\n|rule|OHKO Clause: OHKO moves are banned\n|rule|Evasion Moves Clause: Evasion moves are banned\n|rule|Gravity Sleep Clause: The combination of sleep-inducing moves with imperfect accuracy and Gravity or Gigantamax Orbeetle are banned\n|rule|Endless Battle Clause: Forcing endless battles is banned\n|rule|HP Percentage Mod: HP is shown in percentages\n|clearpoke\n|poke|p1|Fezandipiti, M|\n|poke|p1|Overqwil, F|\n|poke|p1|Munkidori, M|\n|poke|p1|Landorus, M|\n|poke|p1|Corviknight, M|\n|poke|p1|Muk-Alola, F|\n|poke|p2|Quaquaval, F|\n|poke|p2|Infernape, M|\n|poke|p2|Typhlosion-Hisui, M|\n|poke|p2|Samurott-Hisui, F|\n|poke|p2|Decidueye-Hisui, M|\n|poke|p2|Rillaboom, F|\n|teampreview\n|\n|t:|1697691597\n|start\n|switch|p1a: Fezandipiti|Fezandipiti, M|100\/100\n|switch|p1b: Overqwil|Overqwil, F|100\/100\n|switch|p2a: Quaquaval|Quaquaval, F|100\/100\n|switch|p2b: Infernape|Infernape, M|100\/100\n|turn|1\n|\n|t:|1697691640\n|move|p2b: Infernape|Mach Punch|p1b: Overqwil\n|-damage|p1b: Overqwil|74\/100\n|move|p1a: Fezandipiti|Icy Wind|p2a: Quaquaval|[spread] p2a,p2b\n|-resisted|p2a: Quaquaval\n|-resisted|p2b: Infernape\n|-damage|p2a: Quaquaval|94\/100\n|-damage|p2b: Infernape|94\/100\n|-unboost|p2a: Quaquaval|spe|1\n|-unboost|p2b: Infernape|spe|1\n|move|p1b: Overqwil|Acupressure|p1a: Fezandipiti\n|-boost|p1a: Fezandipiti|accuracy|2\n|move|p2a: Quaquaval|Low Sweep|p1b: Overqwil\n|-damage|p1b: Overqwil|37\/100\n|-unboost|p1b: Overqwil|spe|1\n|\n|upkeep\n|turn|2\n|\n|t:|1697691665\n|move|p2b: Infernape|Mach Punch|p1b: Overqwil\n|-damage|p1b: Overqwil|10\/100\n|move|p1a: Fezandipiti|Icy Wind|p2a: Quaquaval|[spread] p2a,p2b\n|-resisted|p2a: Quaquaval\n|-resisted|p2b: Infernape\n|-damage|p2a: Quaquaval|87\/100\n|-damage|p2b: Infernape|87\/100\n|-unboost|p2a: Quaquaval|spe|1\n|-unboost|p2b: Infernape|spe|1\n|-status|p2a: Quaquaval|tox|[from] ability: Toxic Chain|[of] p1a: Fezandipiti\n|-status|p2b: Infernape|tox|[from] ability: Toxic Chain|[of] p1a: Fezandipiti\n|move|p1b: Overqwil|Acupressure|p1a: Fezandipiti\n|-boost|p1a: Fezandipiti|spe|2\n|move|p2a: Quaquaval|Aqua Step|p1a: Fezandipiti\n|-damage|p1a: Fezandipiti|41\/100\n|-boost|p2a: Quaquaval|spe|1\n|\n|-heal|p1a: Fezandipiti|47\/100|[from] item: Leftovers\n|-damage|p2a: Quaquaval|81\/100 tox|[from] psn\n|-damage|p2b: Infernape|81\/100 tox|[from] psn\n|upkeep\n|turn|3\n|inactive|Battle timer is ON: inactive players will automatically lose when time's up. (requested by Thehombre)\n|\n|t:|1697691684\n|move|p1a: Fezandipiti|Dazzling Gleam|p2b: Infernape|[spread] p2a,p2b\n|-supereffective|p2a: Quaquaval\n|-damage|p2a: Quaquaval|27\/100 tox\n|-damage|p2b: Infernape|49\/100 tox\n|move|p2a: Quaquaval|Aqua Step|p1a: Fezandipiti\n|-damage|p1a: Fezandipiti|0 fnt\n|-boost|p2a: Quaquaval|spe|1\n|faint|p1a: Fezandipiti\n|-ability|p2a: Quaquaval|Moxie|boost\n|-boost|p2a: Quaquaval|atk|1\n|move|p1b: Overqwil|Acupressure|p1: Fezandipiti|[notarget]\n|-fail|p1b: Overqwil\n|move|p2b: Infernape|Fire Punch|p1b: Overqwil\n|-damage|p1b: Overqwil|0 fnt\n|faint|p1b: Overqwil\n|\n|-damage|p2a: Quaquaval|14\/100 tox|[from] psn\n|-damage|p2b: Infernape|36\/100 tox|[from] psn\n|upkeep\n|\n|t:|1697691696\n|switch|p1a: Munkidori|Munkidori, M|100\/100\n|switch|p1b: Landorus|Landorus, M|100\/100\n|turn|4\n|\n|t:|1697691710\n|move|p1a: Munkidori|Nasty Plot|p1a: Munkidori\n|-boost|p1a: Munkidori|spa|2\n|move|p1b: Landorus|Sandsear Storm|p2b: Infernape|[spread] p2a,p2b\n|-supereffective|p2b: Infernape\n|-damage|p2a: Quaquaval|0 fnt\n|-damage|p2b: Infernape|0 fnt\n|faint|p2a: Quaquaval\n|faint|p2b: Infernape\n|\n|upkeep\n|\n|t:|1697691718\n|switch|p2b: Samurott|Samurott-Hisui, F|100\/100\n|switch|p2a: Typhlosion|Typhlosion-Hisui, M|100\/100\n|turn|5\n|\n|t:|1697691735\n|switch|p1b: Corviknight|Corviknight, M|100\/100\n|-terastallize|p1a: Munkidori|Poison\n|move|p1a: Munkidori|Sludge Wave|p2b: Samurott|[spread] p2a,p2b\n|-immune|p1b: Corviknight\n|-resisted|p2a: Typhlosion\n|-damage|p2a: Typhlosion|21\/100\n|-damage|p2b: Samurott|0 fnt\n|faint|p2b: Samurott\n|move|p2a: Typhlosion|Calm Mind|p2a: Typhlosion\n|-boost|p2a: Typhlosion|spa|1\n|-boost|p2a: Typhlosion|spd|1\n|\n|upkeep\n|\n|t:|1697691746\n|switch|p2b: Decidueye|Decidueye-Hisui, M|100\/100\n|turn|6\n|\n|t:|1697691769\n|move|p1a: Munkidori|Sludge Wave|p2b: Decidueye|[spread] p2a,p2b\n|-immune|p1b: Corviknight\n|-resisted|p2a: Typhlosion\n|-supereffective|p2b: Decidueye\n|-damage|p2a: Typhlosion|0 fnt\n|-damage|p2b: Decidueye|0 fnt\n|faint|p2a: Typhlosion\n|faint|p2b: Decidueye\n|move|p1b: Corviknight|Drill Peck|p2: Typhlosion|[notarget]\n|-fail|p1b: Corviknight\n|\n|upkeep\n|\n|t:|1697691774\n|switch|p2a: Rillaboom|Rillaboom, F|100\/100\n|-fieldstart|move: Grassy Terrain|[from] ability: Grassy Surge|[of] p2a: Rillaboom\n|turn|7\n|\n|t:|1697691779\n|move|p1a: Munkidori|Sludge Wave|p2a: Rillaboom|[spread] p2a\n|-immune|p1b: Corviknight\n|-supereffective|p2a: Rillaboom\n|-damage|p2a: Rillaboom|0 fnt\n|faint|p2a: Rillaboom\n|\n|win|Thehombre\n|raw|Thehombre's rating: 1094 &rarr; <strong>1114<\/strong><br \/>(+20 for winning)\n|raw|CrownedVonnie's rating: 1015 &rarr; <strong>1005<\/strong><br \/>(-10 for losing)\n","uploadtime":1697691784,"views":17,"p1id":"thehombre","p2id":"crownedvonnie","formatid":"gen9doublesou","rating":1005,"private":0,"password":""}