{"id":"gen9doublesou-1981742690","p1":"def not a player","p2":"Mr.X&Y97","format":"[Gen 9] Doubles OU","log":"|j|\u2606def not a player\n|j|\u2606Mr.X&Y97\n|t:|1698938205\n|gametype|doubles\n|player|p1|def not a player|elesa|1549\n|player|p2|Mr.X&Y97|blue|1621\n|teamsize|p1|6\n|teamsize|p2|6\n|gen|9\n|tier|[Gen 9] Doubles OU\n|rated|\n|rule|Species Clause: Limit one of each Pok\u00e9mon\n|rule|OHKO Clause: OHKO moves are banned\n|rule|Evasion Moves Clause: Evasion moves are banned\n|rule|Gravity Sleep Clause: The combination of sleep-inducing moves with imperfect accuracy and Gravity or Gigantamax Orbeetle are banned\n|rule|Endless Battle Clause: Forcing endless battles is banned\n|rule|HP Percentage Mod: HP is shown in percentages\n|clearpoke\n|poke|p1|Zoroark-Hisui, M|\n|poke|p1|Heatran, F|\n|poke|p1|Dragonite, M|\n|poke|p1|Tornadus, M|\n|poke|p1|Ogerpon-Wellspring, F|\n|poke|p1|Sinistcha-Masterpiece|\n|poke|p2|Armarouge, M|\n|poke|p2|Indeedee-F, F|\n|poke|p2|Stonjourner, F|\n|poke|p2|Kingambit, M|\n|poke|p2|Abomasnow, M|\n|poke|p2|Chien-Pao|\n|teampreview\n|inactive|Battle timer is ON: inactive players will automatically lose when time's up. (requested by Mr.X&Y97)\n|\n|t:|1698938234\n|start\n|switch|p1a: Tornadus|Tornadus, M|100\/100\n|switch|p1b: Dragonite|Dragonite, M|100\/100\n|switch|p2a: Amelia Bedelia|Indeedee-F, F|100\/100\n|switch|p2b: Mega Man X|Armarouge, M|100\/100\n|-fieldstart|move: Psychic Terrain|[from] ability: Psychic Surge|[of] p2a: Amelia Bedelia\n|turn|1\n|\n|t:|1698938251\n|move|p2a: Amelia Bedelia|Follow Me|p2a: Amelia Bedelia\n|-singleturn|p2a: Amelia Bedelia|move: Follow Me\n|move|p1a: Tornadus|Hyper Voice|p2b: Mega Man X|[spread] p2a,p2b\n|-damage|p2a: Amelia Bedelia|57\/100\n|-damage|p2b: Mega Man X|47\/100\n|move|p1b: Dragonite|Dragon Claw|p2a: Amelia Bedelia\n|-damage|p2a: Amelia Bedelia|11\/100\n|move|p2b: Mega Man X|Trick Room|p2b: Mega Man X\n|-fieldstart|move: Trick Room|[of] p2b: Mega Man X\n|\n|upkeep\n|turn|2\n|inactive|Mr.X&Y97 has 120 seconds left.\n|\n|t:|1698938288\n|switch|p2a: Stoney J.|Stonjourner, F|100\/100\n|switch|p1a: Sinistcha|Sinistcha-Masterpiece|100\/100\n|move|p2b: Mega Man X|Protect|p2b: Mega Man X\n|-singleturn|p2b: Mega Man X|Protect\n|move|p1b: Dragonite|Earthquake|p2b: Mega Man X|[spread] p1a,p2a\n|-activate|p2b: Mega Man X|move: Protect\n|-resisted|p1a: Sinistcha\n|-supereffective|p2a: Stoney J.\n|-damage|p1a: Sinistcha|90\/100\n|-damage|p2a: Stoney J.|62\/100\n|\n|upkeep\n|turn|3\n|inactive|Mr.X&Y97 has 120 seconds left.\n|\n|t:|1698938308\n|move|p1a: Sinistcha|Protect|p1a: Sinistcha\n|-singleturn|p1a: Sinistcha|Protect\n|move|p2b: Mega Man X|Expanding Force|p1b: Dragonite|[spread] p1b\n|-activate|p1a: Sinistcha|move: Protect\n|-damage|p1b: Dragonite|47\/100\n|-damage|p2b: Mega Man X|37\/100|[from] item: Life Orb\n|move|p2a: Stoney J.|Rock Slide|p1b: Dragonite|[spread] p1b\n|-activate|p1a: Sinistcha|move: Protect\n|-supereffective|p1b: Dragonite\n|-damage|p1b: Dragonite|0 fnt\n|faint|p1b: Dragonite\n|\n|upkeep\n|\n|t:|1698938327\n|switch|p1b: Heatran|Heatran, F|100\/100\n|turn|4\n|\n|t:|1698938344\n|-terastallize|p2b: Mega Man X|Grass\n|move|p2b: Mega Man X|Expanding Force|p1b: Heatran|[spread] p1a,p1b\n|-resisted|p1b: Heatran\n|-damage|p1a: Sinistcha|0 fnt\n|-damage|p1b: Heatran|66\/100\n|faint|p1a: Sinistcha\n|-damage|p2b: Mega Man X|27\/100|[from] item: Life Orb\n|move|p2a: Stoney J.|Earthquake|p1b: Heatran|[spread] p2b,p1b\n|-resisted|p2b: Mega Man X\n|-supereffective|p1b: Heatran\n|-damage|p2b: Mega Man X|14\/100\n|-damage|p1b: Heatran|0 fnt\n|faint|p1b: Heatran\n|\n|upkeep\n|inactive|def not a player has 120 seconds left.\n|\n|t:|1698938368\n|switch|p1a: Ogerpon|Ogerpon-Wellspring, F|100\/100\n|switch|p1b: Tornadus|Tornadus, M|100\/100\n|turn|5\n|\n|t:|1698938376\n|move|p1b: Tornadus|Protect|p1b: Tornadus\n|-singleturn|p1b: Tornadus|Protect\n|move|p1a: Ogerpon|Protect|p1a: Ogerpon\n|-singleturn|p1a: Ogerpon|Protect\n|move|p2b: Mega Man X|Expanding Force|p1b: Tornadus|[spread] \n|-activate|p1a: Ogerpon|move: Protect\n|-activate|p1b: Tornadus|move: Protect\n|move|p2a: Stoney J.|Rock Slide|p1b: Tornadus|[spread] \n|-activate|p1a: Ogerpon|move: Protect\n|-activate|p1b: Tornadus|move: Protect\n|\n|-fieldend|move: Trick Room\n|-fieldend|move: Psychic Terrain\n|upkeep\n|turn|6\n|\n|t:|1698938404\n|move|p2a: Stoney J.|Wide Guard|p2a: Stoney J.\n|-singleturn|p2a: Stoney J.|Wide Guard\n|move|p1a: Ogerpon|Swords Dance|p1a: Ogerpon\n|-boost|p1a: Ogerpon|atk|2\n|move|p1b: Tornadus|Icy Wind|p2b: Mega Man X|[spread] \n|-activate|p2a: Stoney J.|move: Wide Guard\n|-activate|p2b: Mega Man X|move: Wide Guard\n|move|p2b: Mega Man X|Trick Room|p2b: Mega Man X\n|-fieldstart|move: Trick Room|[of] p2b: Mega Man X\n|\n|upkeep\n|turn|7\n|inactive|Mr.X&Y97 has 120 seconds left.\n|\n|t:|1698938457\n|-terastallize|p1a: Ogerpon|Water\n|detailschange|p1a: Ogerpon|Ogerpon-Wellspring-Tera, F, tera:Water\n|-ability|p1a: Ogerpon|Embody Aspect (Wellspring)|boost\n|-boost|p1a: Ogerpon|spd|1\n|move|p1b: Tornadus|Protect|p1b: Tornadus\n|-singleturn|p1b: Tornadus|Protect\n|move|p1a: Ogerpon|Protect|p1a: Ogerpon\n|-singleturn|p1a: Ogerpon|Protect\n|move|p2b: Mega Man X|Heat Wave|p1b: Tornadus|[spread] \n|-activate|p1a: Ogerpon|move: Protect\n|-activate|p1b: Tornadus|move: Protect\n|move|p2a: Stoney J.|Rock Slide|p1b: Tornadus|[spread] \n|-activate|p1a: Ogerpon|move: Protect\n|-activate|p1b: Tornadus|move: Protect\n|\n|upkeep\n|turn|8\n|inactive|Mr.X&Y97 has 120 seconds left.\n|\n|t:|1698938480\n|move|p1b: Tornadus|Taunt|p2b: Mega Man X\n|-start|p2b: Mega Man X|move: Taunt\n|move|p2b: Mega Man X|Heat Wave|p1b: Tornadus|[spread] p1a,p1b\n|-resisted|p1a: Ogerpon\n|-damage|p1a: Ogerpon|74\/100\n|-damage|p1b: Tornadus|46\/100\n|-damage|p2b: Mega Man X|4\/100|[from] item: Life Orb\n|move|p2a: Stoney J.|Rock Slide|p1b: Tornadus|[spread] p1a,p1b\n|-supereffective|p1b: Tornadus\n|-damage|p1a: Ogerpon|33\/100\n|-damage|p1b: Tornadus|0 fnt\n|faint|p1b: Tornadus\n|move|p1a: Ogerpon|Ivy Cudgel|p2a: Stoney J.\n|-supereffective|p2a: Stoney J.\n|-damage|p2a: Stoney J.|0 fnt\n|faint|p2a: Stoney J.\n|\n|upkeep\n|inactive|Mr.X&Y97 has 120 seconds left.\n|\n|t:|1698938494\n|switch|p2a: Snowball|Abomasnow, M|100\/100\n|switch|p1b: Zoroark|Zoroark-Hisui, M|100\/100\n|-weather|Snow|[from] ability: Snow Warning|[of] p2a: Snowball\n|turn|9\n|\n|t:|1698938512\n|move|p2a: Snowball|Blizzard|p1a: Ogerpon|[spread] p1a,p1b\n|-resisted|p1a: Ogerpon\n|-damage|p1a: Ogerpon|16\/100\n|-damage|p1b: Zoroark|7\/100\n|move|p2b: Mega Man X|Heat Wave|p1b: Zoroark|[spread] p1a,p1b\n|-resisted|p1a: Ogerpon\n|-damage|p1a: Ogerpon|0 fnt\n|-damage|p1b: Zoroark|0 fnt\n|faint|p1a: Ogerpon\n|faint|p1b: Zoroark\n|-damage|p2b: Mega Man X|0 fnt|[from] item: Life Orb\n|faint|p2b: Mega Man X\n|\n|win|Mr.X&Y97\n|raw|def not a player's rating: 1549 &rarr; <strong>1533<\/strong><br \/>(-16 for losing)\n|raw|Mr.X&amp;Y97's rating: 1621 &rarr; <strong>1637<\/strong><br \/>(+16 for winning)\n|c|\u2606Mr.X&Y97|Ggs wp!\n|l|\u2606def not a player\n","uploadtime":1698938552,"views":17,"p1id":"defnotaplayer","p2id":"mrxy97","formatid":"gen9doublesou","rating":1533,"private":0,"password":""}