{"id":"gen9doublesou-1987429742","p1":"LeotoBrilloVT","p2":"SuperAndroid99","format":"[Gen 9] Doubles OU","log":"|j|\u2606LeotoBrilloVT\n|j|\u2606SuperAndroid99\n|t:|1699590341\n|gametype|doubles\n|player|p1|LeotoBrilloVT|1|1275\n|player|p2|SuperAndroid99|gambler|1325\n|teamsize|p1|6\n|teamsize|p2|6\n|gen|9\n|tier|[Gen 9] Doubles OU\n|rated|\n|rule|Species Clause: Limit one of each Pok\u00e9mon\n|rule|OHKO Clause: OHKO moves are banned\n|rule|Evasion Moves Clause: Evasion moves are banned\n|rule|Gravity Sleep Clause: The combination of sleep-inducing moves with imperfect accuracy and Gravity or Gigantamax Orbeetle are banned\n|rule|Endless Battle Clause: Forcing endless battles is banned\n|rule|HP Percentage Mod: HP is shown in percentages\n|clearpoke\n|poke|p1|Kommo-o, M|\n|poke|p1|Landorus-Therian, M|\n|poke|p1|Iron Hands|\n|poke|p1|Sinistcha|\n|poke|p1|Clefairy, F|\n|poke|p1|Greninja-*, M|\n|poke|p2|Bronzong|\n|poke|p2|Iron Hands|\n|poke|p2|Kingambit, F|\n|poke|p2|Skeledirge, M|\n|poke|p2|Flutter Mane|\n|poke|p2|Samurott-Hisui, F|\n|teampreview\n|inactive|Battle timer is ON: inactive players will automatically lose when time's up. (requested by LeotoBrilloVT)\n|\n|t:|1699590368\n|start\n|switch|p1a: Clefairy|Clefairy, F|100\/100\n|switch|p1b: Greninja|Greninja, M|100\/100\n|switch|p2a: Samurott|Samurott-Hisui, F|100\/100\n|switch|p2b: Bronzong|Bronzong, shiny|100\/100\n|turn|1\n|\n|t:|1699590398\n|move|p1a: Clefairy|Follow Me|p1a: Clefairy\n|-singleturn|p1a: Clefairy|move: Follow Me\n|move|p1b: Greninja|Dark Pulse|p2b: Bronzong\n|-supereffective|p2b: Bronzong\n|-damage|p2b: Bronzong|26\/100\n|-damage|p1b: Greninja|91\/100|[from] item: Life Orb\n|move|p2a: Samurott|Ceaseless Edge|p1a: Clefairy\n|-resisted|p1a: Clefairy\n|-damage|p1a: Clefairy|80\/100\n|-sidestart|p1: LeotoBrilloVT|Spikes\n|cant|p2b: Bronzong|flinch\n|\n|upkeep\n|turn|2\n|\n|t:|1699590419\n|move|p2b: Bronzong|Protect|p2b: Bronzong\n|-singleturn|p2b: Bronzong|Protect\n|move|p1a: Clefairy|Follow Me|p1a: Clefairy\n|-singleturn|p1a: Clefairy|move: Follow Me\n|move|p1b: Greninja|Dark Pulse|p2b: Bronzong\n|-activate|p2b: Bronzong|move: Protect\n|move|p2a: Samurott|Ceaseless Edge|p1a: Clefairy\n|-resisted|p1a: Clefairy\n|-damage|p1a: Clefairy|61\/100\n|-sidestart|p1: LeotoBrilloVT|Spikes\n|\n|upkeep\n|turn|3\n|\n|t:|1699590443\n|move|p2b: Bronzong|Protect||[still]\n|-fail|p2b: Bronzong\n|move|p1a: Clefairy|Follow Me|p1a: Clefairy\n|-singleturn|p1a: Clefairy|move: Follow Me\n|move|p1b: Greninja|Dark Pulse|p2b: Bronzong\n|-supereffective|p2b: Bronzong\n|-damage|p2b: Bronzong|0 fnt\n|faint|p2b: Bronzong\n|-ability|p1b: Greninja|Battle Bond|boost\n|-boost|p1b: Greninja|atk|1\n|-boost|p1b: Greninja|spa|1\n|-boost|p1b: Greninja|spe|1\n|-activate|p1b: Greninja|ability: Battle Bond\n|-damage|p1b: Greninja|81\/100|[from] item: Life Orb\n|move|p2a: Samurott|Taunt|p1a: Clefairy\n|-start|p1a: Clefairy|move: Taunt\n|\n|upkeep\n|inactive|SuperAndroid99 has 120 seconds left.\n|\n|t:|1699590469\n|switch|p2b: Iron Hands|Iron Hands|100\/100\n|turn|4\n|\n|t:|1699590481\n|switch|p1a: Landorus|Landorus-Therian, M|100\/100\n|-ability|p1a: Landorus|Intimidate|boost\n|-unboost|p2a: Samurott|atk|1\n|-unboost|p2b: Iron Hands|atk|1\n|move|p2b: Iron Hands|Fake Out|p1b: Greninja\n|-damage|p1b: Greninja|64\/100\n|cant|p1b: Greninja|flinch\n|move|p2a: Samurott|Razor Shell|p1a: Landorus\n|-supereffective|p1a: Landorus\n|-damage|p1a: Landorus|22\/100\n|-unboost|p1a: Landorus|def|1\n|\n|upkeep\n|turn|5\n|\n|t:|1699590502\n|move|p1b: Greninja|Grass Knot|p2a: Samurott\n|-supereffective|p2a: Samurott\n|-enditem|p2a: Samurott|Focus Sash\n|-damage|p2a: Samurott|1\/100\n|-damage|p1b: Greninja|55\/100|[from] item: Life Orb\n|move|p1a: Landorus|U-turn|p2a: Samurott\n|-supereffective|p2a: Samurott\n|-damage|p2a: Samurott|0 fnt\n|faint|p2a: Samurott\n|\n|t:|1699590511\n|switch|p1a: Sinistcha|Sinistcha|100\/100|[from] U-turn\n|-damage|p1a: Sinistcha|84\/100|[from] Spikes\n|-heal|p1b: Greninja|80\/100|[from] ability: Hospitality|[of] p1a: Sinistcha\n|move|p2b: Iron Hands|Drain Punch|p1b: Greninja\n|-supereffective|p1b: Greninja\n|-damage|p1b: Greninja|0 fnt\n|faint|p1b: Greninja\n|\n|upkeep\n|\n|t:|1699590534\n|switch|p1b: Landorus|Landorus-Therian, M|22\/100\n|switch|p2a: Skeledirge|Skeledirge, M, shiny|100\/100\n|-ability|p1b: Landorus|Intimidate|boost\n|-unboost|p2a: Skeledirge|atk|1\n|-unboost|p2b: Iron Hands|atk|1\n|turn|6\n|\n|t:|1699590560\n|move|p1a: Sinistcha|Rage Powder|p1a: Sinistcha\n|-singleturn|p1a: Sinistcha|move: Rage Powder\n|move|p1b: Landorus|Rock Slide|p2a: Skeledirge|[spread] p2a,p2b\n|-supereffective|p2a: Skeledirge\n|-resisted|p2b: Iron Hands\n|-damage|p2a: Skeledirge|68\/100\n|-damage|p2b: Iron Hands|94\/100\n|move|p2a: Skeledirge|Torch Song|p1a: Sinistcha\n|-supereffective|p1a: Sinistcha\n|-damage|p1a: Sinistcha|31\/100\n|-boost|p2a: Skeledirge|spa|1\n|move|p2b: Iron Hands|Close Combat|p1a: Sinistcha\n|-immune|p1a: Sinistcha\n|\n|-heal|p2a: Skeledirge|74\/100|[from] item: Leftovers\n|upkeep\n|turn|7\n|\n|t:|1699590581\n|switch|p1b: Iron Hands|Iron Hands|100\/100\n|-damage|p1b: Iron Hands|84\/100|[from] Spikes\n|move|p1a: Sinistcha|Matcha Gotcha|p2a: Skeledirge|[spread] p2a,p2b\n|-resisted|p2a: Skeledirge\n|-damage|p2a: Skeledirge|66\/100\n|-heal|p1a: Sinistcha|37\/100|[from] drain|[of] p2a: Skeledirge\n|-damage|p2b: Iron Hands|78\/100\n|-heal|p1a: Sinistcha|48\/100|[from] drain|[of] p2b: Iron Hands\n|move|p2a: Skeledirge|Torch Song|p1a: Sinistcha\n|-supereffective|p1a: Sinistcha\n|-damage|p1a: Sinistcha|0 fnt\n|-boost|p2a: Skeledirge|spa|1\n|faint|p1a: Sinistcha\n|move|p2b: Iron Hands|Close Combat|p1b: Iron Hands\n|-damage|p1b: Iron Hands|58\/100\n|-unboost|p2b: Iron Hands|def|1\n|-unboost|p2b: Iron Hands|spd|1\n|\n|-heal|p2a: Skeledirge|72\/100|[from] item: Leftovers\n|upkeep\n|\n|t:|1699590585\n|switch|p1a: Landorus|Landorus-Therian, M|22\/100\n|-ability|p1a: Landorus|Intimidate|boost\n|-unboost|p2a: Skeledirge|atk|1\n|-unboost|p2b: Iron Hands|atk|1\n|turn|8\n|\n|t:|1699590609\n|-end|p2b: Iron Hands|Quark Drive|[silent]\n|switch|p2b: Flutter Mane|Flutter Mane|100\/100\n|-enditem|p2b: Flutter Mane|Booster Energy\n|-activate|p2b: Flutter Mane|ability: Protosynthesis|[fromitem]\n|-start|p2b: Flutter Mane|protosynthesisspe\n|move|p1b: Iron Hands|Fake Out|p2b: Flutter Mane\n|-immune|p2b: Flutter Mane\n|move|p1a: Landorus|Stomping Tantrum|p2a: Skeledirge\n|-supereffective|p2a: Skeledirge\n|-damage|p2a: Skeledirge|0 fnt\n|faint|p2a: Skeledirge\n|\n|upkeep\n|\n|t:|1699590620\n|switch|p2a: Iron Hands|Iron Hands|78\/100\n|turn|9\n|\n|t:|1699590629\n|move|p2a: Iron Hands|Fake Out|p1b: Iron Hands\n|-damage|p1b: Iron Hands|46\/100\n|move|p2b: Flutter Mane|Shadow Ball|p1a: Landorus\n|-damage|p1a: Landorus|0 fnt\n|faint|p1a: Landorus\n|cant|p1b: Iron Hands|flinch\n|\n|upkeep\n|\n|t:|1699590636\n|switch|p1a: Kommo-o|Kommo-o, M|100\/100\n|-damage|p1a: Kommo-o|84\/100|[from] Spikes\n|turn|10\n|\n|t:|1699590649\n|-terastallize|p1a: Kommo-o|Steel\n|move|p2b: Flutter Mane|Dazzling Gleam|p1a: Kommo-o|[spread] p1a,p1b\n|-resisted|p1a: Kommo-o\n|-supereffective|p1b: Iron Hands\n|-damage|p1a: Kommo-o|70\/100\n|-damage|p1b: Iron Hands|18\/100\n|move|p1a: Kommo-o|Clangorous Soul|p1a: Kommo-o\n|-boost|p1a: Kommo-o|atk|1\n|-boost|p1a: Kommo-o|def|1\n|-boost|p1a: Kommo-o|spa|1\n|-boost|p1a: Kommo-o|spd|1\n|-boost|p1a: Kommo-o|spe|1\n|-damage|p1a: Kommo-o|38\/100\n|-enditem|p1a: Kommo-o|Throat Spray\n|-boost|p1a: Kommo-o|spa|1|[from] item: Throat Spray\n|move|p1b: Iron Hands|Heavy Slam|p2b: Flutter Mane\n|-supereffective|p2b: Flutter Mane\n|-damage|p2b: Flutter Mane|0 fnt\n|faint|p2b: Flutter Mane\n|-end|p2b: Flutter Mane|Protosynthesis|[silent]\n|move|p2a: Iron Hands|Drain Punch|p1a: Kommo-o\n|-supereffective|p1a: Kommo-o\n|-damage|p1a: Kommo-o|0 fnt\n|-heal|p2a: Iron Hands|90\/100|[from] drain|[of] p1a: Kommo-o\n|faint|p1a: Kommo-o\n|\n|upkeep\n|\n|t:|1699590670\n|switch|p2b: Kingambit|Kingambit, F, shiny|100\/100\n|switch|p1a: Clefairy|Clefairy, F|61\/100\n|-damage|p1a: Clefairy|44\/100|[from] Spikes\n|-activate|p2b: Kingambit|ability: Supreme Overlord\n|-start|p2b: Kingambit|fallen4|[silent]\n|turn|11\n|\n|t:|1699590687\n|-terastallize|p2b: Kingambit|Flying\n|move|p1a: Clefairy|Follow Me|p1a: Clefairy\n|-singleturn|p1a: Clefairy|move: Follow Me\n|move|p1b: Iron Hands|Drain Punch|p2b: Kingambit\n|-resisted|p2b: Kingambit\n|-damage|p2b: Kingambit|87\/100\n|-heal|p1b: Iron Hands|25\/100|[from] drain|[of] p2b: Kingambit\n|move|p2b: Kingambit|Iron Head|p1a: Clefairy\n|-supereffective|p1a: Clefairy\n|-damage|p1a: Clefairy|0 fnt\n|faint|p1a: Clefairy\n|-damage|p2b: Kingambit|77\/100|[from] item: Life Orb\n|move|p2a: Iron Hands|Drain Punch|p1b: Iron Hands\n|-damage|p1b: Iron Hands|0 fnt\n|-heal|p2a: Iron Hands|100\/100|[from] drain|[of] p1b: Iron Hands\n|faint|p1b: Iron Hands\n|-end|p1b: Iron Hands|Quark Drive|[silent]\n|\n|win|SuperAndroid99\n|raw|LeotoBrilloVT's rating: 1275 &rarr; <strong>1254<\/strong><br \/>(-21 for losing)\n|raw|SuperAndroid99's rating: 1325 &rarr; <strong>1342<\/strong><br \/>(+17 for winning)\n|l|\u2606LeotoBrilloVT\n","uploadtime":1699590711,"views":8,"p1id":"leotobrillovt","p2id":"superandroid99","formatid":"gen9doublesou","rating":1254,"private":0,"password":""}