{"id":"gen9doublesou-1984888668","p1":"gbutters19","p2":"Joker1500","format":"[Gen 9] Doubles OU","log":"|j|\u2606gbutters19\n|j|\u2606Joker1500\n|t:|1699307832\n|gametype|doubles\n|player|p1|gbutters19|chef|\n|player|p2|Joker1500|101|\n|teamsize|p1|6\n|teamsize|p2|6\n|gen|9\n|tier|[Gen 9] Doubles OU\n|rule|Species Clause: Limit one of each Pok\u00e9mon\n|rule|OHKO Clause: OHKO moves are banned\n|rule|Evasion Moves Clause: Evasion moves are banned\n|rule|Gravity Sleep Clause: The combination of sleep-inducing moves with imperfect accuracy and Gravity or Gigantamax Orbeetle are banned\n|rule|Endless Battle Clause: Forcing endless battles is banned\n|rule|HP Percentage Mod: HP is shown in percentages\n|clearpoke\n|poke|p1|Dusclops, M|\n|poke|p1|Iron Hands|\n|poke|p1|Cresselia, F|\n|poke|p1|Landorus-Therian, M|\n|poke|p1|Sylveon, F|\n|poke|p1|Snorlax, M|\n|poke|p2|Iron Moth|\n|poke|p2|Ninetales-Alola, F|\n|poke|p2|Samurott-Hisui, M|\n|poke|p2|Slowbro-Galar, M|\n|poke|p2|Salamence, M|\n|poke|p2|Mamoswine, M|\n|teampreview\n|c|\u2606gbutters19|glhf!\n|j| aeroblaster7\n|\n|t:|1699307865\n|start\n|switch|p1a: Iron Hands|Iron Hands, shiny|100\/100\n|switch|p1b: Cresselia|Cresselia, F|100\/100\n|switch|p2a: Samurott|Samurott-Hisui, M|100\/100\n|switch|p2b: Ninetales|Ninetales-Alola, F, shiny|100\/100\n|-weather|Snow|[from] ability: Snow Warning|[of] p2b: Ninetales\n|turn|1\n|c| aeroblaster7|Good luck both!\n|\n|t:|1699307897\n|-terastallize|p1b: Cresselia|Electric\n|move|p1a: Iron Hands|Fake Out|p2b: Ninetales\n|-damage|p2b: Ninetales|84\/100\n|move|p2a: Samurott|Knock Off|p1a: Iron Hands\n|-resisted|p1a: Iron Hands\n|-damage|p1a: Iron Hands|85\/100\n|-enditem|p1a: Iron Hands|Assault Vest|[from] move: Knock Off|[of] p2a: Samurott\n|cant|p2b: Ninetales|flinch\n|move|p1b: Cresselia|Trick Room|p1b: Cresselia\n|-fieldstart|move: Trick Room|[of] p1b: Cresselia\n|\n|-weather|Snow|[upkeep]\n|upkeep\n|turn|2\n|\n|t:|1699307912\n|move|p2b: Ninetales|Protect|p2b: Ninetales\n|-singleturn|p2b: Ninetales|Protect\n|move|p1a: Iron Hands|Heavy Slam|p2b: Ninetales\n|-activate|p2b: Ninetales|move: Protect\n|move|p1b: Cresselia|Moonblast|p2a: Samurott\n|-supereffective|p2a: Samurott\n|-damage|p2a: Samurott|51\/100\n|move|p2a: Samurott|Knock Off|p1b: Cresselia\n|-damage|p1b: Cresselia|71\/100\n|-enditem|p1b: Cresselia|Mental Herb|[from] move: Knock Off|[of] p2a: Samurott\n|\n|-weather|Snow|[upkeep]\n|upkeep\n|turn|3\n|\n|t:|1699307931\n|switch|p2b: Salamence|Salamence, M, shiny|100\/100\n|-ability|p2b: Salamence|Intimidate|boost\n|-unboost|p1a: Iron Hands|atk|1\n|-unboost|p1b: Cresselia|atk|1\n|switch|p2a: Slowbro|Slowbro-Galar, M, shiny|100\/100\n|move|p1a: Iron Hands|Heavy Slam|p2b: Salamence\n|-damage|p2b: Salamence|72\/100\n|move|p1b: Cresselia|Moonblast|p2a: Slowbro\n|-resisted|p2a: Slowbro\n|-damage|p2a: Slowbro|91\/100\n|\n|-weather|Snow|[upkeep]\n|-heal|p2a: Slowbro|97\/100|[from] item: Leftovers\n|upkeep\n|turn|4\n|\n|t:|1699307959\n|-end|p1a: Iron Hands|Quark Drive|[silent]\n|switch|p1a: Snorlax|Snorlax, M|100\/100\n|move|p2b: Salamence|Protect|p2b: Salamence\n|-singleturn|p2b: Salamence|Protect\n|move|p2a: Slowbro|Yawn|p1a: Snorlax\n|-start|p1a: Snorlax|move: Yawn|[of] p2a: Slowbro\n|move|p1b: Cresselia|Lunar Blessing|p1b: Cresselia|[spread] p1a,p1b\n|-heal|p1b: Cresselia|96\/100\n|\n|-weather|Snow|[upkeep]\n|-heal|p2a: Slowbro|100\/100|[from] item: Leftovers\n|upkeep\n|turn|5\n|\n|t:|1699307981\n|move|p1a: Snorlax|Belly Drum|p1a: Snorlax\n|-damage|p1a: Snorlax|50\/100\n|-setboost|p1a: Snorlax|atk|6|[from] move: Belly Drum\n|-enditem|p1a: Snorlax|Sitrus Berry|[eat]\n|-heal|p1a: Snorlax|75\/100|[from] item: Sitrus Berry\n|move|p2a: Slowbro|Shell Side Arm|p1a: Snorlax|[anim] Shell Side Arm Special\n|-damage|p1a: Snorlax|49\/100\n|-hint|Special Shell Side Arm\n|-status|p1a: Snorlax|psn\n|move|p1b: Cresselia|Lunar Blessing|p1b: Cresselia|[spread] p1a,p1b\n|-heal|p1a: Snorlax|73\/100 psn\n|-curestatus|p1a: Snorlax|psn|[msg]\n|-heal|p1b: Cresselia|100\/100\n|move|p2b: Salamence|Dragon Claw|p1a: Snorlax\n|-damage|p1a: Snorlax|30\/100\n|-damage|p2b: Salamence|62\/100|[from] item: Life Orb\n|\n|-weather|none\n|-end|p1a: Snorlax|move: Yawn|[silent]\n|-status|p1a: Snorlax|slp\n|-fieldend|move: Trick Room\n|upkeep\n|turn|6\n|\n|t:|1699308015\n|cant|p1a: Snorlax|slp\n|move|p1b: Cresselia|Ally Switch|p1b: Cresselia\n|swap|p1b: Cresselia|0|[from] move: Ally Switch\n|move|p2b: Salamence|Dragon Claw|p1a: Cresselia\n|-damage|p1a: Cresselia|68\/100\n|-damage|p2b: Salamence|52\/100|[from] item: Life Orb\n|move|p2a: Slowbro|Shell Side Arm|p1a: Cresselia|[anim] Shell Side Arm Special\n|-crit|p1a: Cresselia\n|-damage|p1a: Cresselia|28\/100\n|-hint|Special Shell Side Arm\n|-status|p1a: Cresselia|psn\n|\n|-damage|p1a: Cresselia|15\/100 psn|[from] psn\n|upkeep\n|turn|7\n|\n|t:|1699308037\n|move|p2b: Salamence|Dragon Dance|p2b: Salamence\n|-boost|p2b: Salamence|atk|1\n|-boost|p2b: Salamence|spe|1\n|move|p1a: Cresselia|Lunar Blessing|p1a: Cresselia|[spread] p1a,p1b\n|-heal|p1a: Cresselia|40\/100 psn\n|-curestatus|p1a: Cresselia|psn|[msg]\n|-heal|p1b: Snorlax|55\/100 slp\n|-curestatus|p1b: Snorlax|slp|[msg]\n|move|p2a: Slowbro|Shell Side Arm|p1a: Cresselia|[anim] Shell Side Arm Special\n|-damage|p1a: Cresselia|12\/100\n|-hint|Special Shell Side Arm\n|move|p1b: Snorlax|High Horsepower|p2a: Slowbro\n|-supereffective|p2a: Slowbro\n|-damage|p2a: Slowbro|0 fnt\n|faint|p2a: Slowbro\n|\n|upkeep\n|\n|t:|1699308053\n|switch|p2a: Samurott|Samurott-Hisui, M|51\/100\n|turn|8\n|\n|t:|1699308068\n|move|p2b: Salamence|Dragon Claw|p1b: Snorlax\n|-damage|p1b: Snorlax|0 fnt\n|faint|p1b: Snorlax\n|-damage|p2b: Salamence|42\/100|[from] item: Life Orb\n|move|p2a: Samurott|Ceaseless Edge|p1a: Cresselia\n|-crit|p1a: Cresselia\n|-damage|p1a: Cresselia|0 fnt\n|-sidestart|p1: gbutters19|Spikes\n|faint|p1a: Cresselia\n|\n|upkeep\n|\n|t:|1699308081\n|switch|p1a: Sylveon|Sylveon, F, shiny|100\/100\n|switch|p1b: Dusclops|Dusclops, M, shiny|100\/100\n|-damage|p1a: Sylveon|88\/100|[from] Spikes\n|-damage|p1b: Dusclops|88\/100|[from] Spikes\n|-item|p2a: Samurott|Choice Scarf|[from] ability: Frisk|[of] p1b: Dusclops|[identify]\n|-item|p2b: Salamence|Life Orb|[from] ability: Frisk|[of] p1b: Dusclops|[identify]\n|turn|9\n|\n|t:|1699308100\n|switch|p1b: Landorus|Landorus-Therian, M, shiny|100\/100\n|-ability|p1b: Landorus|Intimidate|boost\n|-unboost|p2a: Samurott|atk|1\n|-unboost|p2b: Salamence|atk|1\n|move|p2b: Salamence|Iron Head|p1a: Sylveon\n|-supereffective|p1a: Sylveon\n|-damage|p1a: Sylveon|0 fnt\n|faint|p1a: Sylveon\n|-damage|p2b: Salamence|32\/100|[from] item: Life Orb\n|move|p2a: Samurott|Ceaseless Edge|p1b: Landorus\n|-damage|p1b: Landorus|60\/100\n|-sidestart|p1: gbutters19|Spikes\n|\n|upkeep\n|\n|t:|1699308113\n|switch|p1a: Dusclops|Dusclops, M, shiny|88\/100\n|-damage|p1a: Dusclops|72\/100|[from] Spikes\n|-item|p2a: Samurott|Choice Scarf|[from] ability: Frisk|[of] p1a: Dusclops|[identify]\n|-item|p2b: Salamence|Life Orb|[from] ability: Frisk|[of] p1a: Dusclops|[identify]\n|turn|10\n|\n|t:|1699308131\n|move|p2b: Salamence|Dragon Claw|p1b: Landorus\n|-damage|p1b: Landorus|0 fnt\n|faint|p1b: Landorus\n|-damage|p2b: Salamence|22\/100|[from] item: Life Orb\n|move|p2a: Samurott|Ceaseless Edge|p1a: Dusclops\n|-supereffective|p1a: Dusclops\n|-damage|p1a: Dusclops|29\/100\n|-sidestart|p1: gbutters19|Spikes\n|move|p1a: Dusclops|Brick Break|p2a: Samurott\n|-supereffective|p2a: Samurott\n|-damage|p2a: Samurott|16\/100\n|\n|upkeep\n|\n|t:|1699308142\n|switch|p1b: Iron Hands|Iron Hands, shiny|85\/100\n|-damage|p1b: Iron Hands|60\/100|[from] Spikes\n|turn|11\n|\n|t:|1699308154\n|move|p1b: Iron Hands|Fake Out|p2a: Samurott\n|-damage|p2a: Samurott|0 fnt\n|faint|p2a: Samurott\n|move|p2b: Salamence|Dragon Claw|p1b: Iron Hands\n|-damage|p1b: Iron Hands|19\/100\n|-damage|p2b: Salamence|13\/100|[from] item: Life Orb\n|move|p1a: Dusclops|Trick Room|p1a: Dusclops\n|-fieldstart|move: Trick Room|[of] p1a: Dusclops\n|\n|upkeep\n|\n|t:|1699308165\n|switch|p2a: Mamoswine|Mamoswine, M|100\/100\n|turn|12\n|\n|t:|1699308176\n|move|p2b: Salamence|Protect|p2b: Salamence\n|-singleturn|p2b: Salamence|Protect\n|move|p2a: Mamoswine|Ice Shard|p1b: Iron Hands\n|-damage|p1b: Iron Hands|1\/100\n|move|p1a: Dusclops|Pain Split|p2a: Mamoswine\n|-sethp|p2a: Mamoswine|58\/100|[from] move: Pain Split|[silent]\n|-sethp|p1a: Dusclops|100\/100|[from] move: Pain Split\n|move|p1b: Iron Hands|Drain Punch|p2a: Mamoswine\n|-supereffective|p2a: Mamoswine\n|-damage|p2a: Mamoswine|0 fnt\n|-heal|p1b: Iron Hands|27\/100|[from] drain|[of] p2a: Mamoswine\n|faint|p2a: Mamoswine\n|\n|upkeep\n|\n|t:|1699308191\n|switch|p2a: Iron Moth|Iron Moth, shiny|100\/100\n|turn|13\n|\n|t:|1699308215\n|move|p1a: Dusclops|Brick Break|p2b: Salamence\n|-resisted|p2b: Salamence\n|-damage|p2b: Salamence|5\/100\n|move|p1b: Iron Hands|Thunder Punch|p2a: Iron Moth\n|-damage|p2a: Iron Moth|27\/100\n|move|p2a: Iron Moth|Heat Wave|p1b: Iron Hands|[spread] p1a,p1b\n|-damage|p1a: Dusclops|67\/100\n|-damage|p1b: Iron Hands|0 fnt\n|faint|p1b: Iron Hands\n|-end|p1b: Iron Hands|Quark Drive|[silent]\n|move|p2b: Salamence|Dragon Claw|p1a: Dusclops\n|-damage|p1a: Dusclops|30\/100\n|-damage|p2b: Salamence|0 fnt|[from] item: Life Orb\n|faint|p2b: Salamence\n|\n|upkeep\n|\n|t:|1699308230\n|switch|p2b: Ninetales|Ninetales-Alola, F, shiny|84\/100\n|-weather|Snow|[from] ability: Snow Warning|[of] p2b: Ninetales\n|turn|14\n|\n|t:|1699308241\n|move|p1a: Dusclops|Pain Split|p2b: Ninetales\n|-sethp|p2b: Ninetales|54\/100|[from] move: Pain Split|[silent]\n|-sethp|p1a: Dusclops|68\/100|[from] move: Pain Split\n|move|p2b: Ninetales|Aurora Veil|p2b: Ninetales\n|-sidestart|p2: Joker1500|move: Aurora Veil\n|move|p2a: Iron Moth|Heat Wave|p1a: Dusclops\n|-damage|p1a: Dusclops|20\/100\n|\n|-weather|Snow|[upkeep]\n|upkeep\n|turn|15\n|\n|t:|1699308254\n|move|p1a: Dusclops|Pain Split|p2b: Ninetales\n|-sethp|p2b: Ninetales|35\/100|[from] move: Pain Split|[silent]\n|-sethp|p1a: Dusclops|44\/100|[from] move: Pain Split\n|move|p2b: Ninetales|Blizzard|p1a: Dusclops\n|-damage|p1a: Dusclops|19\/100\n|move|p2a: Iron Moth|Heat Wave|p1a: Dusclops\n|-damage|p1a: Dusclops|0 fnt\n|faint|p1a: Dusclops\n|\n|win|Joker1500\n|c|\u2606gbutters19|gg\n|c| aeroblaster7|Gg!\n|c|\u2606Joker1500|gg thx!\n|l| aeroblaster7\n","uploadtime":1699308363,"views":24,"p1id":"gbutters19","p2id":"joker1500","formatid":"gen9doublesou","rating":0,"private":0,"password":""}