{"id":"gen9doublesou-1984261064","p1":"YoBuddyTheBaker","p2":"steelpupa","format":"[Gen 9] Doubles OU","log":"|j|\u2606YoBuddyTheBaker\n|j|\u2606steelpupa\n|t:|1699236193\n|gametype|doubles\n|player|p1|YoBuddyTheBaker|baker|\n|player|p2|steelpupa|#vgcplzoruas|\n|teamsize|p1|6\n|teamsize|p2|6\n|gen|9\n|tier|[Gen 9] Doubles OU\n|rule|Species Clause: Limit one of each Pok\u00e9mon\n|rule|OHKO Clause: OHKO moves are banned\n|rule|Evasion Moves Clause: Evasion moves are banned\n|rule|Gravity Sleep Clause: The combination of sleep-inducing moves with imperfect accuracy and Gravity or Gigantamax Orbeetle are banned\n|rule|Endless Battle Clause: Forcing endless battles is banned\n|rule|HP Percentage Mod: HP is shown in percentages\n|clearpoke\n|poke|p1|Iron Hands|\n|poke|p1|Cresselia, F|\n|poke|p1|Ursaluna-Bloodmoon, M|\n|poke|p1|Ogerpon-Wellspring, F|\n|poke|p1|Flutter Mane|\n|poke|p1|Chi-Yu|\n|poke|p2|Ursaluna-Bloodmoon, M|\n|poke|p2|Cresselia, F|\n|poke|p2|Rillaboom, M|\n|poke|p2|Volcanion|\n|poke|p2|Gholdengo|\n|poke|p2|Roaring Moon|\n|teampreview\n|c|\u2606YoBuddyTheBaker|gl\n|c|\u2606steelpupa|glhf\n|j| SSSaveASoul\n|j| scpSeptember\n|j| Smudge\n|\n|t:|1699236247\n|start\n|switch|p1a: Flutter Mane|Flutter Mane|100\/100\n|switch|p1b: Chi-Yu|Chi-Yu|100\/100\n|switch|p2a: Roaring Moon|Roaring Moon|100\/100\n|switch|p2b: Gholdengo|Gholdengo|100\/100\n|-ability|p1b: Chi-Yu|Beads of Ruin\n|-enditem|p1a: Flutter Mane|Booster Energy\n|-activate|p1a: Flutter Mane|ability: Protosynthesis|[fromitem]\n|-start|p1a: Flutter Mane|protosynthesisspe\n|-enditem|p2a: Roaring Moon|Booster Energy\n|-activate|p2a: Roaring Moon|ability: Protosynthesis|[fromitem]\n|-start|p2a: Roaring Moon|protosynthesisatk\n|turn|1\n|l| scpSeptember\n|\n|t:|1699236358\n|-terastallize|p2b: Gholdengo|Fairy\n|move|p2a: Roaring Moon|Protect|p2a: Roaring Moon\n|-singleturn|p2a: Roaring Moon|Protect\n|move|p1a: Flutter Mane|Icy Wind|p2b: Gholdengo|[spread] p2b\n|-activate|p2a: Roaring Moon|move: Protect\n|-damage|p2b: Gholdengo|82\/100\n|-unboost|p2b: Gholdengo|spe|1\n|move|p1b: Chi-Yu|Heat Wave|p2b: Gholdengo|[spread] p2b\n|-activate|p2a: Roaring Moon|move: Protect\n|-damage|p2b: Gholdengo|20\/100\n|move|p2b: Gholdengo|Make It Rain|p1b: Chi-Yu|[spread] p1a,p1b\n|-supereffective|p1a: Flutter Mane\n|-resisted|p1b: Chi-Yu\n|-damage|p1a: Flutter Mane|0 fnt\n|-damage|p1b: Chi-Yu|72\/100\n|-unboost|p2b: Gholdengo|spa|1\n|faint|p1a: Flutter Mane\n|-end|p1a: Flutter Mane|Protosynthesis|[silent]\n|\n|upkeep\n|j| Lemurro\n|j| Jello1231\n|j| Eragon11145\n|j| R4ye\n|j|+ryo yamada2001\n|j| Ninja\n|j| scpSeptember\n|\n|t:|1699236436\n|switch|p1a: Iron Hands|Iron Hands|100\/100\n|turn|2\n|j|+Mizuhime\n|l|+Mizuhime\n|j| exotic64\n|l| scpSeptember\n|j| GuitarheroVGC\n|l| Ninja\n|j| xHys\n|\n|t:|1699236491\n|switch|p2b: Volcanion|Volcanion|100\/100\n|move|p2a: Roaring Moon|Acrobatics|p1b: Chi-Yu\n|-damage|p1b: Chi-Yu|2\/100\n|move|p1b: Chi-Yu|Heat Wave|p2a: Roaring Moon|[spread] p2a,p2b\n|-resisted|p2a: Roaring Moon\n|-resisted|p2b: Volcanion\n|-damage|p2a: Roaring Moon|71\/100\n|-damage|p2b: Volcanion|82\/100\n|move|p1a: Iron Hands|Swords Dance|p1a: Iron Hands\n|-boost|p1a: Iron Hands|atk|2\n|\n|upkeep\n|turn|3\n|j| scpSeptember\n|l| scpSeptember\n|\n|t:|1699236607\n|move|p2a: Roaring Moon|Protect|p2a: Roaring Moon\n|-singleturn|p2a: Roaring Moon|Protect\n|move|p1a: Iron Hands|Protect|p1a: Iron Hands\n|-singleturn|p1a: Iron Hands|Protect\n|move|p1b: Chi-Yu|Heat Wave|p2a: Roaring Moon|[spread] p2b\n|-activate|p2a: Roaring Moon|move: Protect\n|-resisted|p2b: Volcanion\n|-damage|p2b: Volcanion|64\/100\n|move|p2b: Volcanion|Steam Eruption|p1a: Iron Hands\n|-activate|p1a: Iron Hands|move: Protect\n|\n|upkeep\n|turn|4\n|j| AIRedzone\n|\n|t:|1699236674\n|switch|p1b: Ogerpon|Ogerpon-Wellspring, F|100\/100\n|move|p2a: Roaring Moon|Acrobatics|p1a: Iron Hands\n|-damage|p1a: Iron Hands|63\/100\n|move|p2b: Volcanion|Steam Eruption|p1a: Iron Hands\n|-damage|p1a: Iron Hands|0 fnt\n|faint|p1a: Iron Hands\n|-end|p1a: Iron Hands|Quark Drive|[silent]\n|-damage|p2b: Volcanion|55\/100|[from] item: Life Orb\n|\n|upkeep\n|l| exotic64\n|\n|t:|1699236721\n|switch|p1a: Cresselia|Cresselia, F|100\/100\n|turn|5\n|l| AIRedzone\n|j| scpSeptember\n|\n|t:|1699236784\n|move|p1b: Ogerpon|Spiky Shield|p1b: Ogerpon\n|-singleturn|p1b: Ogerpon|move: Protect\n|move|p2a: Roaring Moon|Knock Off|p1a: Cresselia\n|-supereffective|p1a: Cresselia\n|-damage|p1a: Cresselia|9\/100\n|-enditem|p1a: Cresselia|Safety Goggles|[from] move: Knock Off|[of] p2a: Roaring Moon\n|move|p2b: Volcanion|Heat Wave|p1b: Ogerpon|[spread] p1a\n|-activate|p1b: Ogerpon|move: Protect\n|-damage|p1a: Cresselia|0 fnt\n|faint|p1a: Cresselia\n|-damage|p2b: Volcanion|45\/100|[from] item: Life Orb\n|\n|upkeep\n|\n|t:|1699236793\n|switch|p1a: Ursaluna|Ursaluna-Bloodmoon, M|100\/100\n|turn|6\n|\n|t:|1699236846\n|-terastallize|p1b: Ogerpon|Water\n|detailschange|p1b: Ogerpon|Ogerpon-Wellspring-Tera, F, tera:Water\n|-ability|p1b: Ogerpon|Embody Aspect (Wellspring)|boost\n|-boost|p1b: Ogerpon|spd|1\n|move|p2b: Volcanion|Protect|p2b: Volcanion\n|-singleturn|p2b: Volcanion|Protect\n|move|p2a: Roaring Moon|Acrobatics|p1b: Ogerpon\n|-damage|p1b: Ogerpon|43\/100\n|move|p1b: Ogerpon|Horn Leech|p2b: Volcanion\n|-activate|p2b: Volcanion|move: Protect\n|move|p1a: Ursaluna|Hyper Voice|p2a: Roaring Moon|[spread] p2a\n|-activate|p2b: Volcanion|move: Protect\n|-damage|p2a: Roaring Moon|33\/100\n|\n|upkeep\n|turn|7\n|l| Lemurro\n|j| AIRedzone\n|\n|t:|1699236878\n|move|p1b: Ogerpon|Spiky Shield|p1b: Ogerpon\n|-singleturn|p1b: Ogerpon|move: Protect\n|move|p2a: Roaring Moon|Acrobatics|p1b: Ogerpon\n|-activate|p1b: Ogerpon|move: Protect\n|-damage|p2a: Roaring Moon|21\/100|[from] Spiky Shield|[of] p1b: Ogerpon\n|move|p2b: Volcanion|Steam Eruption|p1a: Ursaluna\n|-supereffective|p1a: Ursaluna\n|-damage|p1a: Ursaluna|0 fnt\n|faint|p1a: Ursaluna\n|-damage|p2b: Volcanion|35\/100|[from] item: Life Orb\n|\n|upkeep\n|\n|t:|1699236886\n|switch|p1a: Chi-Yu|Chi-Yu|2\/100\n|-ability|p1a: Chi-Yu|Beads of Ruin\n|turn|8\n|\n|t:|1699236895\n|move|p2a: Roaring Moon|Acrobatics|p1b: Ogerpon\n|-damage|p1b: Ogerpon|0 fnt\n|faint|p1b: Ogerpon\n|move|p1a: Chi-Yu|Snarl|p2a: Roaring Moon|[spread] p2a,p2b\n|-resisted|p2a: Roaring Moon\n|-damage|p2a: Roaring Moon|4\/100\n|-damage|p2b: Volcanion|0 fnt\n|-unboost|p2a: Roaring Moon|spa|1\n|faint|p2b: Volcanion\n|\n|upkeep\n|\n|t:|1699236901\n|switch|p2b: Rillaboom|Rillaboom, M|100\/100\n|-fieldstart|move: Grassy Terrain|[from] ability: Grassy Surge|[of] p2b: Rillaboom\n|turn|9\n|\n|t:|1699236905\n|move|p2b: Rillaboom|Grassy Glide|p1a: Chi-Yu\n|-resisted|p1a: Chi-Yu\n|-crit|p1a: Chi-Yu\n|-damage|p1a: Chi-Yu|0 fnt\n|faint|p1a: Chi-Yu\n|\n|win|steelpupa\n|c|\u2606steelpupa|ggs\n|c|\u2606YoBuddyTheBaker|gg\n|l| SSSaveASoul\n|l| scpSeptember\n","uploadtime":1699236922,"views":169,"p1id":"yobuddythebaker","p2id":"steelpupa","formatid":"gen9doublesou","rating":0,"private":0,"password":""}