{"id":"gen9doublesou-1971846411","p1":"chunky autisn","p2":"Thehombre","format":"[Gen 9] Doubles OU","log":"|j|\u2606chunky autisn\n|j|\u2606Thehombre\n|t:|1697780586\n|gametype|doubles\n|player|p1|chunky autisn|101|1086\n|player|p2|Thehombre|102|1064\n|teamsize|p1|6\n|teamsize|p2|6\n|gen|9\n|tier|[Gen 9] Doubles OU\n|rated|\n|rule|Species Clause: Limit one of each Pok\u00e9mon\n|rule|OHKO Clause: OHKO moves are banned\n|rule|Evasion Moves Clause: Evasion moves are banned\n|rule|Gravity Sleep Clause: The combination of sleep-inducing moves with imperfect accuracy and Gravity or Gigantamax Orbeetle are banned\n|rule|Endless Battle Clause: Forcing endless battles is banned\n|rule|HP Percentage Mod: HP is shown in percentages\n|clearpoke\n|poke|p1|Victreebel, M|\n|poke|p1|Palossand, M|\n|poke|p1|Slaking, F|\n|poke|p1|Coalossal, F|\n|poke|p1|Torkoal, F|\n|poke|p1|Dragapult, F|\n|poke|p2|Fezandipiti, M|\n|poke|p2|Ninetales-Alola, F|\n|poke|p2|Infernape, M|\n|poke|p2|Umbreon, F|\n|poke|p2|Maushold-Four|\n|poke|p2|Great Tusk|\n|teampreview\n|inactive|Battle timer is ON: inactive players will automatically lose when time's up. (requested by Thehombre)\n|\n|t:|1697780607\n|start\n|switch|p1a: Torkoal|Torkoal, F|100\/100\n|switch|p1b: Victreebel|Victreebel, M|100\/100\n|switch|p2a: Fezandipiti|Fezandipiti, M|100\/100\n|switch|p2b: Maushold|Maushold-Four|100\/100\n|-weather|SunnyDay|[from] ability: Drought|[of] p1a: Torkoal\n|-item|p1a: Torkoal|Air Balloon\n|turn|1\n|\n|t:|1697780627\n|switch|p1a: Palossand|Palossand, M|100\/100\n|move|p1b: Victreebel|Sludge Bomb|p2b: Maushold\n|-damage|p2b: Maushold|22\/100\n|-damage|p1b: Victreebel|91\/100|[from] item: Life Orb\n|move|p2b: Maushold|Population Bomb|p1a: Palossand\n|-immune|p1a: Palossand\n|move|p2a: Fezandipiti|Icy Wind|p1a: Palossand|[spread] p1a,p1b\n|-supereffective|p1a: Palossand\n|-supereffective|p1b: Victreebel\n|-damage|p1a: Palossand|86\/100\n|-damage|p1b: Victreebel|67\/100\n|-unboost|p1a: Palossand|spe|1\n|-unboost|p1b: Victreebel|spe|1\n|\n|-weather|SunnyDay|[upkeep]\n|upkeep\n|turn|2\n|inactive|chunky autisn has 120 seconds left.\n|\n|t:|1697780665\n|switch|p2b: Ninetales|Ninetales-Alola, F|100\/100\n|-weather|Snow|[from] ability: Snow Warning|[of] p2b: Ninetales\n|switch|p1b: Torkoal|Torkoal, F|100\/100\n|-weather|SunnyDay|[from] ability: Drought|[of] p1b: Torkoal\n|-item|p1b: Torkoal|Air Balloon\n|move|p2a: Fezandipiti|Icy Wind|p1b: Torkoal|[spread] p1a,p1b\n|-supereffective|p1a: Palossand\n|-resisted|p1b: Torkoal\n|-damage|p1a: Palossand|73\/100\n|-damage|p1b: Torkoal|96\/100\n|-unboost|p1a: Palossand|spe|1\n|-unboost|p1b: Torkoal|spe|1\n|-status|p1a: Palossand|tox|[from] ability: Toxic Chain|[of] p2a: Fezandipiti\n|-enditem|p1b: Torkoal|Air Balloon\n|move|p1a: Palossand|Amnesia|p1a: Palossand\n|-boost|p1a: Palossand|spd|2\n|\n|-weather|SunnyDay|[upkeep]\n|-damage|p1a: Palossand|67\/100 tox|[from] psn\n|upkeep\n|turn|3\n|inactive|chunky autisn has 120 seconds left.\n|\n|t:|1697780703\n|switch|p1a: Coalossal|Coalossal, F|100\/100\n|move|p2b: Ninetales|Blizzard|p1a: Coalossal|[spread] \n|-miss|p2b: Ninetales|p1a: Coalossal\n|-miss|p2b: Ninetales|p1b: Torkoal\n|move|p2a: Fezandipiti|Icy Wind|p1a: Coalossal|[spread] p1a,p1b\n|-resisted|p1a: Coalossal\n|-resisted|p1b: Torkoal\n|-damage|p1a: Coalossal|97\/100\n|-damage|p1b: Torkoal|92\/100\n|-unboost|p1a: Coalossal|spe|1\n|-unboost|p1b: Torkoal|spe|1\n|-status|p1b: Torkoal|tox|[from] ability: Toxic Chain|[of] p2a: Fezandipiti\n|move|p1b: Torkoal|Earth Power|p2a: Fezandipiti\n|-supereffective|p2a: Fezandipiti\n|-damage|p2a: Fezandipiti|69\/100\n|-unboost|p2a: Fezandipiti|spd|1\n|\n|-weather|SunnyDay|[upkeep]\n|-heal|p2a: Fezandipiti|75\/100|[from] item: Leftovers\n|-damage|p1b: Torkoal|86\/100 tox|[from] psn\n|upkeep\n|turn|4\n|inactive|chunky autisn has 120 seconds left.\n|inactive|Thehombre has 120 seconds left.\n|\n|t:|1697780733\n|move|p2b: Ninetales|Hex|p1b: Torkoal\n|-damage|p1b: Torkoal|48\/100 tox\n|move|p2a: Fezandipiti|Icy Wind|p1a: Coalossal|[spread] p1a,p1b\n|-resisted|p1a: Coalossal\n|-resisted|p1b: Torkoal\n|-damage|p1a: Coalossal|94\/100\n|-damage|p1b: Torkoal|44\/100 tox\n|-unboost|p1a: Coalossal|spe|1\n|-unboost|p1b: Torkoal|spe|1\n|move|p1a: Coalossal|Ancient Power|p2b: Ninetales\n|-supereffective|p2b: Ninetales\n|-damage|p2b: Ninetales|40\/100\n|move|p1b: Torkoal|Flamethrower|p2b: Ninetales\n|-supereffective|p2b: Ninetales\n|-damage|p2b: Ninetales|0 fnt\n|faint|p2b: Ninetales\n|\n|-weather|SunnyDay|[upkeep]\n|-heal|p2a: Fezandipiti|81\/100|[from] item: Leftovers\n|-damage|p1b: Torkoal|32\/100 tox|[from] psn\n|upkeep\n|inactive|Thehombre has 120 seconds left.\n|\n|t:|1697780745\n|switch|p2b: Infernape|Infernape, M|100\/100\n|turn|5\n|inactive|chunky autisn has 120 seconds left.\n|\n|t:|1697780762\n|switch|p1a: Palossand|Palossand, M|67\/100 tox\n|move|p2b: Infernape|Calm Mind|p2b: Infernape\n|-boost|p2b: Infernape|spa|1\n|-boost|p2b: Infernape|spd|1\n|move|p2a: Fezandipiti|Icy Wind|p1b: Torkoal|[spread] p1a,p1b\n|-supereffective|p1a: Palossand\n|-resisted|p1b: Torkoal\n|-damage|p1a: Palossand|54\/100 tox\n|-damage|p1b: Torkoal|28\/100 tox\n|-unboost|p1a: Palossand|spe|1\n|-unboost|p1b: Torkoal|spe|1\n|move|p1b: Torkoal|Flamethrower|p2a: Fezandipiti\n|-damage|p2a: Fezandipiti|22\/100\n|\n|-weather|SunnyDay|[upkeep]\n|-heal|p2a: Fezandipiti|28\/100|[from] item: Leftovers\n|-damage|p1a: Palossand|48\/100 tox|[from] psn\n|-damage|p1b: Torkoal|9\/100 tox|[from] psn\n|upkeep\n|turn|6\n|inactive|chunky autisn has 120 seconds left.\n|\n|t:|1697780812\n|move|p1a: Palossand|Protect|p1a: Palossand\n|-singleturn|p1a: Palossand|Protect\n|move|p2b: Infernape|Bulk Up|p2b: Infernape\n|-boost|p2b: Infernape|atk|1\n|-boost|p2b: Infernape|def|1\n|move|p2a: Fezandipiti|Dazzling Gleam|p1b: Torkoal|[spread] p1b\n|-activate|p1a: Palossand|move: Protect\n|-resisted|p1b: Torkoal\n|-damage|p1b: Torkoal|0 fnt\n|faint|p1b: Torkoal\n|\n|-weather|none\n|-heal|p2a: Fezandipiti|34\/100|[from] item: Leftovers\n|-damage|p1a: Palossand|36\/100 tox|[from] psn\n|upkeep\n|\n|t:|1697780827\n|switch|p1b: Coalossal|Coalossal, F|94\/100\n|turn|7\n|\n|t:|1697780850\n|switch|p1a: Dragapult|Dragapult, F|100\/100\n|-terastallize|p1b: Coalossal|Water\n|move|p2b: Infernape|Drain Punch|p1b: Coalossal\n|-damage|p1b: Coalossal|48\/100\n|move|p2a: Fezandipiti|Beat Up|p1a: Dragapult\n|-supereffective|p1a: Dragapult\n|-damage|p1a: Dragapult|90\/100\n|-supereffective|p1a: Dragapult\n|-damage|p1a: Dragapult|78\/100\n|-supereffective|p1a: Dragapult\n|-damage|p1a: Dragapult|70\/100\n|-supereffective|p1a: Dragapult\n|-damage|p1a: Dragapult|62\/100\n|-status|p1a: Dragapult|tox|[from] ability: Toxic Chain|[of] p2a: Fezandipiti\n|-supereffective|p1a: Dragapult\n|-damage|p1a: Dragapult|48\/100 tox\n|-hitcount|p1a: Dragapult|5\n|move|p1b: Coalossal|Ancient Power|p2b: Infernape\n|-crit|p2b: Infernape\n|-damage|p2b: Infernape|40\/100\n|\n|-heal|p2b: Infernape|46\/100|[from] item: Leftovers\n|-heal|p2a: Fezandipiti|40\/100|[from] item: Leftovers\n|-damage|p1a: Dragapult|42\/100 tox|[from] psn\n|upkeep\n|turn|8\n|inactive|chunky autisn has 120 seconds left.\n|\n|t:|1697780876\n|move|p1a: Dragapult|Surf|p2a: Fezandipiti|[spread] p1b,p2a,p2b\n|-resisted|p1b: Coalossal\n|-supereffective|p2b: Infernape\n|-damage|p1b: Coalossal|43\/100\n|-damage|p2a: Fezandipiti|24\/100\n|-damage|p2b: Infernape|21\/100\n|-ability|p1b: Coalossal|Steam Engine|boost\n|-boost|p1b: Coalossal|spe|6\n|move|p1b: Coalossal|Ancient Power|p2b: Infernape\n|-damage|p2b: Infernape|0 fnt\n|faint|p2b: Infernape\n|move|p2a: Fezandipiti|Icy Wind|p1b: Coalossal|[spread] p1a,p1b\n|-supereffective|p1a: Dragapult\n|-resisted|p1b: Coalossal\n|-damage|p1a: Dragapult|23\/100 tox\n|-damage|p1b: Coalossal|40\/100\n|-unboost|p1a: Dragapult|spe|1\n|-unboost|p1b: Coalossal|spe|1\n|-enditem|p1a: Dragapult|Figy Berry|[eat]\n|-heal|p1a: Dragapult|56\/100 tox|[from] item: Figy Berry\n|\n|-heal|p2a: Fezandipiti|30\/100|[from] item: Leftovers\n|-damage|p1a: Dragapult|44\/100 tox|[from] psn\n|upkeep\n|\n|t:|1697780884\n|switch|p2b: Umbreon|Umbreon, F|100\/100\n|turn|9\n|\n|t:|1697780897\n|switch|p1a: Palossand|Palossand, M|36\/100 tox\n|move|p1b: Coalossal|Earth Power|p2a: Fezandipiti\n|-supereffective|p2a: Fezandipiti\n|-damage|p2a: Fezandipiti|0 fnt\n|faint|p2a: Fezandipiti\n|move|p2b: Umbreon|Calm Mind|p2b: Umbreon\n|-boost|p2b: Umbreon|spa|1\n|-boost|p2b: Umbreon|spd|1\n|\n|-damage|p1a: Palossand|30\/100 tox|[from] psn\n|upkeep\n|\n|t:|1697780903\n|switch|p2a: Great Tusk|Great Tusk|100\/100\n|turn|10\n|\n|t:|1697780912\n|move|p1b: Coalossal|Heat Wave|p2a: Great Tusk|[spread] \n|-miss|p1b: Coalossal|p2a: Great Tusk\n|-miss|p1b: Coalossal|p2b: Umbreon\n|move|p2a: Great Tusk|Bulk Up|p2a: Great Tusk\n|-boost|p2a: Great Tusk|atk|1\n|-boost|p2a: Great Tusk|def|1\n|move|p2b: Umbreon|Curse|p2b: Umbreon\n|-unboost|p2b: Umbreon|spe|1\n|-boost|p2b: Umbreon|atk|1\n|-boost|p2b: Umbreon|def|1\n|move|p1a: Palossand|Giga Drain|p2a: Great Tusk\n|-supereffective|p2a: Great Tusk\n|-damage|p2a: Great Tusk|56\/100\n|-heal|p1a: Palossand|60\/100 tox|[from] drain|[of] p2a: Great Tusk\n|\n|-heal|p2a: Great Tusk|62\/100|[from] item: Leftovers\n|-damage|p1a: Palossand|48\/100 tox|[from] psn\n|upkeep\n|turn|11\n|\n|t:|1697780935\n|move|p2a: Great Tusk|Protect|p2a: Great Tusk\n|-singleturn|p2a: Great Tusk|Protect\n|move|p1b: Coalossal|Heat Wave|p2a: Great Tusk|[spread] p2b\n|-activate|p2a: Great Tusk|move: Protect\n|-damage|p2b: Umbreon|87\/100\n|move|p2b: Umbreon|Calm Mind|p2b: Umbreon\n|-boost|p2b: Umbreon|spa|1\n|-boost|p2b: Umbreon|spd|1\n|move|p1a: Palossand|Giga Drain|p2a: Great Tusk\n|-activate|p2a: Great Tusk|move: Protect\n|\n|-heal|p2a: Great Tusk|69\/100|[from] item: Leftovers\n|-heal|p2b: Umbreon|93\/100|[from] item: Leftovers\n|-damage|p1a: Palossand|30\/100 tox|[from] psn\n|upkeep\n|turn|12\n|\n|t:|1697780955\n|move|p1b: Coalossal|Heat Wave|p2a: Great Tusk|[spread] p2a,p2b\n|-damage|p2a: Great Tusk|32\/100\n|-damage|p2b: Umbreon|83\/100\n|move|p2a: Great Tusk|Stomping Tantrum|p1b: Coalossal\n|-damage|p1b: Coalossal|0 fnt\n|faint|p1b: Coalossal\n|move|p2b: Umbreon|Stored Power|p1a: Palossand\n|-damage|p1a: Palossand|0 fnt\n|faint|p1a: Palossand\n|\n|-heal|p2a: Great Tusk|38\/100|[from] item: Leftovers\n|-heal|p2b: Umbreon|89\/100|[from] item: Leftovers\n|upkeep\n|\n|t:|1697780970\n|switch|p1b: Slaking|Slaking, F|100\/100\n|switch|p1a: Victreebel|Victreebel, M|67\/100\n|turn|13\n|\n|t:|1697780979\n|move|p2a: Great Tusk|Protect|p2a: Great Tusk\n|-singleturn|p2a: Great Tusk|Protect\n|move|p1b: Slaking|Ice Punch|p2a: Great Tusk\n|-activate|p2a: Great Tusk|move: Protect\n|move|p1a: Victreebel|Gastro Acid|p1b: Slaking\n|-endability|p1b: Slaking\n|move|p2b: Umbreon|Stored Power|p1a: Victreebel\n|-supereffective|p1a: Victreebel\n|-damage|p1a: Victreebel|0 fnt\n|faint|p1a: Victreebel\n|\n|-heal|p2a: Great Tusk|45\/100|[from] item: Leftovers\n|-heal|p2b: Umbreon|95\/100|[from] item: Leftovers\n|upkeep\n|\n|t:|1697780983\n|switch|p1a: Dragapult|Dragapult, F|44\/100 tox\n|turn|14\n|\n|t:|1697780996\n|move|p1a: Dragapult|Acrobatics|p2a: Great Tusk\n|-supereffective|p2a: Great Tusk\n|-damage|p2a: Great Tusk|12\/100\n|move|p1b: Slaking|Drain Punch|p2b: Umbreon\n|-supereffective|p2b: Umbreon\n|-damage|p2b: Umbreon|71\/100\n|move|p2a: Great Tusk|Brick Break|p1b: Slaking\n|-supereffective|p1b: Slaking\n|-damage|p1b: Slaking|29\/100\n|move|p2b: Umbreon|Stored Power|p1a: Dragapult\n|-damage|p1a: Dragapult|0 fnt\n|faint|p1a: Dragapult\n|\n|-heal|p2a: Great Tusk|18\/100|[from] item: Leftovers\n|-heal|p2b: Umbreon|77\/100|[from] item: Leftovers\n|upkeep\n|turn|15\n|\n|t:|1697781010\n|move|p1b: Slaking|Drain Punch|p2b: Umbreon\n|-supereffective|p2b: Umbreon\n|-damage|p2b: Umbreon|48\/100\n|-heal|p1b: Slaking|40\/100|[from] drain|[of] p2b: Umbreon\n|move|p2a: Great Tusk|Brick Break|p1b: Slaking\n|-supereffective|p1b: Slaking\n|-damage|p1b: Slaking|0 fnt\n|faint|p1b: Slaking\n|\n|win|Thehombre\n|raw|chunky autisn's rating: 1086 &rarr; <strong>1062<\/strong><br \/>(-24 for losing)\n|raw|Thehombre's rating: 1064 &rarr; <strong>1096<\/strong><br \/>(+32 for winning)\n|l|\u2606chunky autisn\n","uploadtime":1697781019,"views":11,"p1id":"chunkyautisn","p2id":"thehombre","formatid":"gen9doublesou","rating":1062,"private":0,"password":""}