{"id":"gen9doublesou-1974525285","p1":"SXD2002","p2":"Yihwach","format":"[Gen 9] Doubles OU","log":"|j|\u2606SXD2002\n|j|\u2606Yihwach\n|t:|1698094258\n|gametype|doubles\n|player|p1|SXD2002|silver-masters|1036\n|player|p2|Yihwach|darach-caitlin|1036\n|teamsize|p1|6\n|teamsize|p2|6\n|gen|9\n|tier|[Gen 9] Doubles OU\n|rated|\n|rule|Species Clause: Limit one of each Pok\u00e9mon\n|rule|OHKO Clause: OHKO moves are banned\n|rule|Evasion Moves Clause: Evasion moves are banned\n|rule|Gravity Sleep Clause: The combination of sleep-inducing moves with imperfect accuracy and Gravity or Gigantamax Orbeetle are banned\n|rule|Endless Battle Clause: Forcing endless battles is banned\n|rule|HP Percentage Mod: HP is shown in percentages\n|clearpoke\n|poke|p1|Lurantis, M|\n|poke|p1|Murkrow, M|\n|poke|p1|Grimmsnarl, M|\n|poke|p1|Clefairy, F|\n|poke|p1|Talonflame, F|\n|poke|p1|Espeon, F|\n|poke|p2|Empoleon, M|\n|poke|p2|Lilligant, F|\n|poke|p2|Arcanine-Hisui, M|\n|poke|p2|Staraptor, F|\n|poke|p2|Pachirisu, F|\n|poke|p2|Garchomp, M|\n|teampreview\n|inactive|Battle timer is ON: inactive players will automatically lose when time's up. (requested by SXD2002)\n|\n|t:|1698094270\n|start\n|switch|p1a: Murkrow|Murkrow, M|100\/100\n|switch|p1b: Lurantis|Lurantis, M|100\/100\n|switch|p2a: Lilligant|Lilligant, F|100\/100\n|switch|p2b: Pachirisu|Pachirisu, F|100\/100\n|turn|1\n|\n|t:|1698094281\n|move|p1b: Lurantis|Protect|p1b: Lurantis\n|-singleturn|p1b: Lurantis|Protect\n|move|p2b: Pachirisu|Follow Me|p2b: Pachirisu\n|-singleturn|p2b: Pachirisu|move: Follow Me\n|move|p2a: Lilligant|Quiver Dance|p2a: Lilligant\n|-boost|p2a: Lilligant|spa|1\n|-boost|p2a: Lilligant|spd|1\n|-boost|p2a: Lilligant|spe|1\n|move|p1a: Murkrow|Snarl|p2b: Pachirisu|[spread] p2a,p2b\n|-damage|p2a: Lilligant|88\/100\n|-damage|p2b: Pachirisu|87\/100\n|-unboost|p2a: Lilligant|spa|1\n|-unboost|p2b: Pachirisu|spa|1\n|\n|upkeep\n|turn|2\n|inactive|Yihwach has 120 seconds left.\n|inactive|Yihwach has 90 seconds left.\n|inactive|Yihwach has 60 seconds left.\n|\n|t:|1698094372\n|move|p2b: Pachirisu|Follow Me|p2b: Pachirisu\n|-singleturn|p2b: Pachirisu|move: Follow Me\n|move|p2a: Lilligant|Quiver Dance|p2a: Lilligant\n|-boost|p2a: Lilligant|spa|1\n|-boost|p2a: Lilligant|spd|1\n|-boost|p2a: Lilligant|spe|1\n|move|p1a: Murkrow|Snarl|p2a: Lilligant|[spread] p2a,p2b\n|-damage|p2a: Lilligant|78\/100\n|-damage|p2b: Pachirisu|72\/100\n|-unboost|p2a: Lilligant|spa|1\n|-unboost|p2b: Pachirisu|spa|1\n|move|p1b: Lurantis|Superpower|p2b: Pachirisu\n|-damage|p2b: Pachirisu|46\/100\n|-boost|p1b: Lurantis|atk|1\n|-boost|p1b: Lurantis|def|1\n|-enditem|p2b: Pachirisu|Sitrus Berry|[eat]\n|-heal|p2b: Pachirisu|71\/100|[from] item: Sitrus Berry\n|\n|upkeep\n|turn|3\n|\n|t:|1698094394\n|move|p2b: Pachirisu|Follow Me|p2b: Pachirisu\n|-singleturn|p2b: Pachirisu|move: Follow Me\n|move|p2a: Lilligant|Quiver Dance|p2a: Lilligant\n|-boost|p2a: Lilligant|spa|1\n|-boost|p2a: Lilligant|spd|1\n|-boost|p2a: Lilligant|spe|1\n|move|p1a: Murkrow|Snarl|p2b: Pachirisu|[spread] p2a,p2b\n|-damage|p2a: Lilligant|70\/100\n|-damage|p2b: Pachirisu|57\/100\n|-unboost|p2a: Lilligant|spa|1\n|-unboost|p2b: Pachirisu|spa|1\n|move|p1b: Lurantis|Superpower|p2b: Pachirisu\n|-damage|p2b: Pachirisu|19\/100\n|-boost|p1b: Lurantis|atk|1\n|-boost|p1b: Lurantis|def|1\n|\n|upkeep\n|turn|4\n|\n|t:|1698094410\n|move|p2b: Pachirisu|Follow Me|p2b: Pachirisu\n|-singleturn|p2b: Pachirisu|move: Follow Me\n|move|p2a: Lilligant|Quiver Dance|p2a: Lilligant\n|-boost|p2a: Lilligant|spa|1\n|-boost|p2a: Lilligant|spd|1\n|-boost|p2a: Lilligant|spe|1\n|move|p1a: Murkrow|Snarl|p2b: Pachirisu|[spread] p2a,p2b\n|-damage|p2a: Lilligant|64\/100\n|-damage|p2b: Pachirisu|5\/100\n|-unboost|p2a: Lilligant|spa|1\n|-unboost|p2b: Pachirisu|spa|1\n|move|p1b: Lurantis|Superpower|p2b: Pachirisu\n|-crit|p2b: Pachirisu\n|-damage|p2b: Pachirisu|0 fnt\n|-boost|p1b: Lurantis|atk|1\n|-boost|p1b: Lurantis|def|1\n|faint|p2b: Pachirisu\n|\n|upkeep\n|inactive|Yihwach has 60 seconds left.\n|inactive|Yihwach has 30 seconds left.\n|inactive|Yihwach has 20 seconds left.\n|inactive|Yihwach has 15 seconds left.\n|\n|t:|1698094486\n|switch|p2b: Staraptor|Staraptor, F|100\/100\n|-ability|p2b: Staraptor|Intimidate|boost\n|-unboost|p1a: Murkrow|atk|1\n|-boost|p1b: Lurantis|atk|1\n|turn|5\n|inactive|Yihwach has 30 seconds left.\n|\n|t:|1698094506\n|-terastallize|p1b: Lurantis|Steel\n|move|p2a: Lilligant|Protect|p2a: Lilligant\n|-singleturn|p2a: Lilligant|Protect\n|move|p1a: Murkrow|Screech|p1b: Lurantis\n|-boost|p1b: Lurantis|def|2\n|move|p2b: Staraptor|Brave Bird|p1b: Lurantis\n|-resisted|p1b: Lurantis\n|-damage|p1b: Lurantis|92\/100\n|-damage|p2b: Staraptor|98\/100|[from] Recoil\n|move|p1b: Lurantis|Leech Life|p2a: Lilligant\n|-activate|p2a: Lilligant|move: Protect\n|\n|-heal|p1b: Lurantis|98\/100|[from] item: Leftovers\n|upkeep\n|turn|6\n|inactive|Yihwach has 30 seconds left.\n|\n|t:|1698094531\n|switch|p2b: Arcanine|Arcanine-Hisui, M|100\/100\n|move|p1a: Murkrow|Feather Dance|p1b: Lurantis\n|-boost|p1b: Lurantis|atk|2\n|move|p2a: Lilligant|Pollen Puff|p1a: Murkrow\n|-damage|p1a: Murkrow|76\/100\n|move|p1b: Lurantis|Superpower|p2b: Arcanine\n|-supereffective|p2b: Arcanine\n|-damage|p2b: Arcanine|0 fnt\n|-boost|p1b: Lurantis|def|1\n|faint|p2b: Arcanine\n|\n|-heal|p1b: Lurantis|100\/100|[from] item: Leftovers\n|upkeep\n|inactive|Yihwach has 30 seconds left.\n|-message|Yihwach forfeited.\n|\n|win|SXD2002\n|inactive|Yihwach has 30 seconds left this turn.\n|raw|SXD2002's rating: 1036 &rarr; <strong>1071<\/strong><br \/>(+35 for winning)\n|raw|Yihwach's rating: 1036 &rarr; <strong>1021<\/strong><br \/>(-15 for losing)\n|l|\u2606Yihwach\n|c|\u2606SXD2002|gg\n","uploadtime":1698094549,"views":10,"p1id":"sxd2002","p2id":"yihwach","formatid":"gen9doublesou","rating":1021,"private":0,"password":""}