{"id":"gen9doublesou-1979732509","p1":"Mr.X&Y97","p2":"TheWeakestEnemy","format":"[Gen 9] Doubles OU","log":"|j|\u2606Mr.X&Y97\n|j|\u2606TheWeakestEnemy\n|t:|1698707608\n|gametype|doubles\n|player|p1|Mr.X&Y97|blue|1558\n|player|p2|TheWeakestEnemy|266|1514\n|teamsize|p1|6\n|teamsize|p2|6\n|gen|9\n|tier|[Gen 9] Doubles OU\n|rated|\n|rule|Species Clause: Limit one of each Pok\u00e9mon\n|rule|OHKO Clause: OHKO moves are banned\n|rule|Evasion Moves Clause: Evasion moves are banned\n|rule|Gravity Sleep Clause: The combination of sleep-inducing moves with imperfect accuracy and Gravity or Gigantamax Orbeetle are banned\n|rule|Endless Battle Clause: Forcing endless battles is banned\n|rule|HP Percentage Mod: HP is shown in percentages\n|clearpoke\n|poke|p1|Iron Hands|\n|poke|p1|Amoonguss, M|\n|poke|p1|Landorus-Therian, M|\n|poke|p1|Flutter Mane|\n|poke|p1|Ogerpon-Hearthflame, F|\n|poke|p1|Ninetales-Alola, M|\n|poke|p2|Bellibolt, M|\n|poke|p2|Ogerpon-Hearthflame, F|\n|poke|p2|Quaquaval, M|\n|poke|p2|Gallade, M|\n|poke|p2|Tornadus, M|\n|poke|p2|Rillaboom, F|\n|teampreview\n|inactive|Battle timer is ON: inactive players will automatically lose when time's up. (requested by Mr.X&Y97)\n|\n|t:|1698707637\n|start\n|switch|p1a: Ninetales|Ninetales-Alola, M|100\/100\n|switch|p1b: Ogerpon|Ogerpon-Hearthflame, F|100\/100\n|switch|p2a: Tornadus|Tornadus, M|100\/100\n|switch|p2b: Rillaboom|Rillaboom, F|100\/100\n|-ability|p1b: Ogerpon|Mold Breaker\n|-weather|Snow|[from] ability: Snow Warning|[of] p1a: Ninetales\n|-fieldstart|move: Grassy Terrain|[from] ability: Grassy Surge|[of] p2b: Rillaboom\n|turn|1\n|inactive|TheWeakestEnemy has 120 seconds left.\n|\n|t:|1698707674\n|move|p1b: Ogerpon|Spiky Shield|p1b: Ogerpon\n|-singleturn|p1b: Ogerpon|move: Protect\n|move|p2b: Rillaboom|Fake Out|p1b: Ogerpon\n|-activate|p1b: Ogerpon|move: Protect\n|-damage|p2b: Rillaboom|88\/100|[from] Spiky Shield|[of] p1b: Ogerpon\n|move|p2a: Tornadus|Taunt|p1a: Ninetales\n|-start|p1a: Ninetales|move: Taunt\n|move|p1a: Ninetales|Blizzard|p2b: Rillaboom|[spread] p2a,p2b\n|-supereffective|p2a: Tornadus\n|-supereffective|p2b: Rillaboom\n|-damage|p2a: Tornadus|37\/100\n|-damage|p2b: Rillaboom|40\/100\n|\n|-weather|Snow|[upkeep]\n|-heal|p2b: Rillaboom|46\/100|[from] Grassy Terrain\n|upkeep\n|turn|2\n|\n|t:|1698707693\n|move|p2a: Tornadus|Tailwind|p2a: Tornadus\n|-sidestart|p2: TheWeakestEnemy|move: Tailwind\n|move|p2b: Rillaboom|Wood Hammer|p1a: Ninetales\n|-damage|p1a: Ninetales|13\/100\n|-damage|p2b: Rillaboom|26\/100|[from] Recoil\n|move|p1b: Ogerpon|Ivy Cudgel|p2a: Tornadus\n|-damage|p2a: Tornadus|0 fnt\n|faint|p2a: Tornadus\n|move|p1a: Ninetales|Blizzard|p2b: Rillaboom\n|-supereffective|p2b: Rillaboom\n|-damage|p2b: Rillaboom|0 fnt\n|faint|p2b: Rillaboom\n|\n|-weather|Snow|[upkeep]\n|-heal|p1a: Ninetales|19\/100|[from] Grassy Terrain\n|upkeep\n|inactive|TheWeakestEnemy has 120 seconds left.\n|\n|t:|1698707721\n|switch|p2a: Bellibolt|Bellibolt, M|100\/100\n|switch|p2b: Ogerpon|Ogerpon-Hearthflame, F|100\/100\n|-ability|p2b: Ogerpon|Mold Breaker\n|turn|3\n|inactive|TheWeakestEnemy has 120 seconds left.\n|\n|t:|1698707741\n|switch|p1a: Landorus|Landorus-Therian, M|100\/100\n|-ability|p1a: Landorus|Intimidate|boost\n|-unboost|p2a: Bellibolt|atk|1\n|-unboost|p2b: Ogerpon|atk|1\n|-terastallize|p2b: Ogerpon|Fire\n|detailschange|p2b: Ogerpon|Ogerpon-Hearthflame-Tera, F, tera:Fire\n|-ability|p2b: Ogerpon|Embody Aspect (Hearthflame)|boost\n|-boost|p2b: Ogerpon|atk|1\n|-terastallize|p1b: Ogerpon|Fire\n|detailschange|p1b: Ogerpon|Ogerpon-Hearthflame-Tera, F, tera:Fire\n|-ability|p1b: Ogerpon|Embody Aspect (Hearthflame)|boost\n|-boost|p1b: Ogerpon|atk|1\n|move|p2b: Ogerpon|Ivy Cudgel|p1b: Ogerpon\n|-resisted|p1b: Ogerpon\n|-damage|p1b: Ogerpon|46\/100\n|move|p1b: Ogerpon|Ivy Cudgel|p2a: Bellibolt\n|-damage|p2a: Bellibolt|6\/100\n|-start|p2a: Bellibolt|Charge|Ivy Cudgel|[from] ability: Electromorphosis\n|move|p2a: Bellibolt|Reflect|p2a: Bellibolt\n|-sidestart|p2: TheWeakestEnemy|Reflect\n|\n|-weather|Snow|[upkeep]\n|-heal|p1b: Ogerpon|52\/100|[from] Grassy Terrain\n|-heal|p2a: Bellibolt|12\/100|[from] Grassy Terrain\n|upkeep\n|turn|4\n|inactive|TheWeakestEnemy has 120 seconds left.\n|\n|t:|1698707772\n|move|p1b: Ogerpon|Spiky Shield|p1b: Ogerpon\n|-singleturn|p1b: Ogerpon|move: Protect\n|move|p2b: Ogerpon|Ivy Cudgel|p1b: Ogerpon\n|-activate|p1b: Ogerpon|move: Protect\n|move|p2a: Bellibolt|Light Screen|p2a: Bellibolt\n|-sidestart|p2: TheWeakestEnemy|move: Light Screen\n|move|p1a: Landorus|Stomping Tantrum|p2b: Ogerpon\n|-supereffective|p2b: Ogerpon\n|-damage|p2b: Ogerpon|27\/100\n|\n|-weather|Snow|[upkeep]\n|-heal|p2b: Ogerpon|33\/100|[from] Grassy Terrain\n|-heal|p1b: Ogerpon|58\/100|[from] Grassy Terrain\n|-heal|p2a: Bellibolt|18\/100|[from] Grassy Terrain\n|upkeep\n|turn|5\n|inactive|TheWeakestEnemy has 120 seconds left.\n|\n|t:|1698707799\n|switch|p2b: Quaquaval|Quaquaval, M|100\/100\n|move|p1b: Ogerpon|Ivy Cudgel|p2a: Bellibolt\n|-crit|p2a: Bellibolt\n|-damage|p2a: Bellibolt|0 fnt\n|faint|p2a: Bellibolt\n|move|p1a: Landorus|Stomping Tantrum|p2b: Quaquaval\n|-damage|p2b: Quaquaval|70\/100\n|\n|-weather|none\n|-heal|p2b: Quaquaval|76\/100|[from] Grassy Terrain\n|-heal|p1b: Ogerpon|64\/100|[from] Grassy Terrain\n|-sideend|p2: TheWeakestEnemy|move: Tailwind\n|-fieldend|move: Grassy Terrain\n|upkeep\n|\n|t:|1698707815\n|switch|p2a: Ogerpon|Ogerpon-Hearthflame-Tera, F, tera:Fire|33\/100\n|-ability|p2a: Ogerpon|Embody Aspect (Hearthflame)|boost\n|-boost|p2a: Ogerpon|atk|1\n|turn|6\n|inactive|TheWeakestEnemy has 120 seconds left.\n|\n|t:|1698707837\n|switch|p1a: Amoonguss|Amoonguss, M|100\/100\n|move|p2a: Ogerpon|Ivy Cudgel|p1b: Ogerpon\n|-resisted|p1b: Ogerpon\n|-damage|p1b: Ogerpon|0 fnt\n|faint|p1b: Ogerpon\n|move|p2b: Quaquaval|Aqua Step|p1a: Amoonguss\n|-resisted|p1a: Amoonguss\n|-damage|p1a: Amoonguss|85\/100\n|-boost|p2b: Quaquaval|spe|1\n|\n|upkeep\n|\n|t:|1698707843\n|switch|p1b: Flutter Mane|Flutter Mane|100\/100\n|turn|7\n|\n|t:|1698707866\n|move|p1b: Flutter Mane|Shadow Ball|p2a: Ogerpon\n|-damage|p2a: Ogerpon|0 fnt\n|faint|p2a: Ogerpon\n|move|p2b: Quaquaval|Aqua Step|p1b: Flutter Mane\n|-damage|p1b: Flutter Mane|24\/100\n|-boost|p2b: Quaquaval|spe|1\n|move|p1a: Amoonguss|Spore|p2b: Quaquaval\n|-status|p2b: Quaquaval|slp|[from] move: Spore\n|\n|upkeep\n|\n|t:|1698707871\n|switch|p2a: Gallade|Gallade, M|100\/100\n|turn|8\n|\n|t:|1698707883\n|cant|p2b: Quaquaval|slp\n|move|p1b: Flutter Mane|Shadow Ball|p2a: Gallade\n|-supereffective|p2a: Gallade\n|-damage|p2a: Gallade|50\/100\n|move|p2a: Gallade|Psycho Cut|p1a: Amoonguss\n|-supereffective|p1a: Amoonguss\n|-damage|p1a: Amoonguss|0 fnt\n|faint|p1a: Amoonguss\n|\n|upkeep\n|\n|t:|1698707890\n|switch|p1a: Ninetales|Ninetales-Alola, M|19\/100\n|-weather|Snow|[from] ability: Snow Warning|[of] p1a: Ninetales\n|turn|9\n|\n|t:|1698707898\n|cant|p2b: Quaquaval|slp\n|move|p1b: Flutter Mane|Shadow Ball|p2b: Quaquaval\n|-damage|p2b: Quaquaval|45\/100 slp\n|move|p1a: Ninetales|Dazzling Gleam|p2a: Gallade|[spread] p2a,p2b\n|-supereffective|p2a: Gallade\n|-supereffective|p2b: Quaquaval\n|-damage|p2a: Gallade|31\/100\n|-damage|p2b: Quaquaval|21\/100 slp\n|move|p2a: Gallade|Psycho Cut|p1a: Ninetales\n|-damage|p1a: Ninetales|0 fnt\n|faint|p1a: Ninetales\n|\n|-weather|Snow|[upkeep]\n|upkeep\n|\n|t:|1698707906\n|switch|p1a: Iron Hands|Iron Hands|100\/100\n|turn|10\n|\n|t:|1698707911\n|cant|p2b: Quaquaval|slp\n|move|p1b: Flutter Mane|Shadow Ball|p2a: Gallade\n|-supereffective|p2a: Gallade\n|-damage|p2a: Gallade|0 fnt\n|faint|p2a: Gallade\n|move|p1a: Iron Hands|Thunder Punch|p2b: Quaquaval\n|-supereffective|p2b: Quaquaval\n|-crit|p2b: Quaquaval\n|-damage|p2b: Quaquaval|0 fnt\n|faint|p2b: Quaquaval\n|\n|win|Mr.X&Y97\n|raw|Mr.X&amp;Y97's rating: 1558 &rarr; <strong>1575<\/strong><br \/>(+17 for winning)\n|raw|TheWeakestEnemy's rating: 1514 &rarr; <strong>1497<\/strong><br \/>(-17 for losing)\n|c|\u2606Mr.X&Y97|Ggs wp!\n|c|\u2606TheWeakestEnemy|gg\n|l|\u2606TheWeakestEnemy\n","uploadtime":1698707926,"views":22,"p1id":"mrxy97","p2id":"theweakestenemy","formatid":"gen9doublesou","rating":1497,"private":0,"password":""}