{"id":"gen9doublesou-1990967960","p1":"Starwarier","p2":"Ars290","format":"[Gen 9] Doubles OU","log":"|j|\u2606Starwarier\n|j|\u2606Ars290\n|t:|1700021071\n|gametype|doubles\n|player|p1|Starwarier|102|1110\n|player|p2|Ars290|266|1043\n|teamsize|p1|6\n|teamsize|p2|6\n|gen|9\n|tier|[Gen 9] Doubles OU\n|rated|\n|rule|Species Clause: Limit one of each Pok\u00e9mon\n|rule|OHKO Clause: OHKO moves are banned\n|rule|Evasion Moves Clause: Evasion moves are banned\n|rule|Gravity Sleep Clause: The combination of sleep-inducing moves with imperfect accuracy and Gravity or Gigantamax Orbeetle are banned\n|rule|Endless Battle Clause: Forcing endless battles is banned\n|rule|HP Percentage Mod: HP is shown in percentages\n|clearpoke\n|poke|p1|Golem-Alola, M|\n|poke|p1|Sinistcha|\n|poke|p1|Dondozo, F|\n|poke|p1|Iron Hands|\n|poke|p1|Maushold|\n|poke|p1|Rabsca, M|\n|poke|p2|Torkoal, F|\n|poke|p2|Ursaluna, F|\n|poke|p2|Dusclops, F|\n|poke|p2|Indeedee-F, F|\n|poke|p2|Sylveon, F|\n|poke|p2|Armarouge, F|\n|teampreview\n|inactive|Battle timer is ON: inactive players will automatically lose when time's up. (requested by Starwarier)\n|\n|t:|1700021095\n|start\n|switch|p1a: Iron Hands|Iron Hands|100\/100\n|switch|p1b: Sinistcha|Sinistcha|100\/100\n|switch|p2a: Indeedee|Indeedee-F, F|100\/100\n|switch|p2b: Dusclops|Dusclops, F|100\/100\n|-fieldstart|move: Psychic Terrain|[from] ability: Psychic Surge|[of] p2a: Indeedee\n|-item|p1a: Iron Hands|Sitrus Berry|[from] ability: Frisk|[of] p2b: Dusclops|[identify]\n|-item|p1b: Sinistcha|Mental Herb|[from] ability: Frisk|[of] p2b: Dusclops|[identify]\n|turn|1\n|\n|t:|1700021102\n|move|p2a: Indeedee|Follow Me|p2a: Indeedee\n|-singleturn|p2a: Indeedee|move: Follow Me\n|move|p1a: Iron Hands|Electric Terrain|p1a: Iron Hands\n|-fieldstart|move: Electric Terrain\n|-activate|p1a: Iron Hands|ability: Quark Drive\n|-start|p1a: Iron Hands|quarkdriveatk\n|move|p1b: Sinistcha|Trick Room|p1b: Sinistcha\n|-fieldstart|move: Trick Room|[of] p1b: Sinistcha\n|move|p2b: Dusclops|Trick Room|p2b: Dusclops\n|-fieldend|move: Trick Room\n|\n|upkeep\n|turn|2\n|\n|t:|1700021115\n|-end|p1a: Iron Hands|Quark Drive|[silent]\n|switch|p1a: Golem|Golem-Alola, M|100\/100\n|switch|p2b: Armarouge|Armarouge, F|100\/100\n|move|p2a: Indeedee|Follow Me|p2a: Indeedee\n|-singleturn|p2a: Indeedee|move: Follow Me\n|move|p1b: Sinistcha|Trick Room|p1b: Sinistcha\n|-fieldstart|move: Trick Room|[of] p1b: Sinistcha\n|\n|upkeep\n|turn|3\n|\n|t:|1700021134\n|switch|p1b: Rabsca|Rabsca, M|100\/100\n|switch|p2a: Ursaluna|Ursaluna, F|100\/100\n|move|p1a: Golem|Protect|p1a: Golem\n|-singleturn|p1a: Golem|Protect\n|move|p2b: Armarouge|Protect||[still]\n|-fail|p2b: Armarouge\n|\n|-status|p2a: Ursaluna|brn|[from] item: Flame Orb\n|upkeep\n|turn|4\n|\n|t:|1700021153\n|move|p1a: Golem|Explosion|p2b: Armarouge|[spread] p2b\n|-activate|p1b: Rabsca|ability: Telepathy\n|-immune|p2a: Ursaluna\n|-damage|p2b: Armarouge|0 fnt\n|faint|p1a: Golem\n|faint|p2b: Armarouge\n|move|p1b: Rabsca|Revival Blessing|p1b: Rabsca\n|-enditem|p1b: Rabsca|Leppa Berry|[eat]\n|-activate|p1b: Rabsca|item: Leppa Berry|Revival Blessing|[consumed]\n|\n|t:|1700021162\n|-heal|p1: Golem|50\/100|[from] move: Revival Blessing\n|switch|p1a: Golem|Golem-Alola, M|50\/100\n|move|p2a: Ursaluna|Earthquake|p1b: Rabsca|[spread] p1a,p1b\n|-supereffective|p1a: Golem\n|-resisted|p1b: Rabsca\n|-damage|p1a: Golem|0 fnt\n|-damage|p1b: Rabsca|68\/100\n|faint|p1a: Golem\n|\n|-damage|p2a: Ursaluna|94\/100 brn|[from] brn\n|upkeep\n|\n|t:|1700021175\n|switch|p1a: Dondozo|Dondozo, F|100\/100\n|switch|p2b: Sylveon|Sylveon, F|100\/100\n|turn|5\n|\n|t:|1700021188\n|move|p1a: Dondozo|Soak|p2a: Ursaluna\n|-start|p2a: Ursaluna|typechange|Water\n|move|p1b: Rabsca|Revival Blessing|p1b: Rabsca\n|\n|t:|1700021193\n|-heal|p1: Golem|50\/100|[from] move: Revival Blessing\n|move|p2a: Ursaluna|Facade|p1a: Dondozo\n|-damage|p1a: Dondozo|50\/100\n|move|p2b: Sylveon|Hyper Voice|p1b: Rabsca|[spread] p1a,p1b\n|-damage|p1a: Dondozo|7\/100\n|-damage|p1b: Rabsca|23\/100\n|\n|-heal|p1a: Dondozo|13\/100|[from] item: Leftovers\n|-damage|p2a: Ursaluna|88\/100 brn|[from] brn\n|-fieldend|move: Electric Terrain\n|upkeep\n|turn|6\n|\n|t:|1700021222\n|move|p1b: Rabsca|Protect|p1b: Rabsca\n|-singleturn|p1b: Rabsca|Protect\n|move|p2a: Ursaluna|Protect|p2a: Ursaluna\n|-singleturn|p2a: Ursaluna|Protect\n|move|p1a: Dondozo|Yawn|p2b: Sylveon\n|-start|p2b: Sylveon|move: Yawn|[of] p1a: Dondozo\n|move|p2b: Sylveon|Hyper Voice|p1a: Dondozo|[spread] p1a\n|-activate|p1b: Rabsca|move: Protect\n|-damage|p1a: Dondozo|0 fnt\n|faint|p1a: Dondozo\n|\n|-damage|p2a: Ursaluna|82\/100 brn|[from] brn\n|-fieldend|move: Trick Room\n|upkeep\n|\n|t:|1700021230\n|switch|p1a: Iron Hands|Iron Hands|100\/100\n|turn|7\n|\n|t:|1700021244\n|move|p2b: Sylveon|Hyper Voice|p1b: Rabsca|[spread] p1a,p1b\n|-supereffective|p1a: Iron Hands\n|-damage|p1a: Iron Hands|9\/100\n|-damage|p1b: Rabsca|0 fnt\n|-enditem|p1a: Iron Hands|Sitrus Berry|[eat]\n|-heal|p1a: Iron Hands|34\/100|[from] item: Sitrus Berry\n|faint|p1b: Rabsca\n|move|p1a: Iron Hands|Electric Terrain|p1a: Iron Hands\n|-fieldstart|move: Electric Terrain\n|-activate|p1a: Iron Hands|ability: Quark Drive\n|-start|p1a: Iron Hands|quarkdriveatk\n|move|p2a: Ursaluna|Earthquake|p1a: Iron Hands|[spread] p2b,p1a\n|-supereffective|p1a: Iron Hands\n|-damage|p2b: Sylveon|47\/100\n|-damage|p1a: Iron Hands|0 fnt\n|faint|p1a: Iron Hands\n|-end|p1a: Iron Hands|Quark Drive|[silent]\n|\n|-damage|p2a: Ursaluna|75\/100 brn|[from] brn\n|-end|p2b: Sylveon|move: Yawn|[silent]\n|-activate|p2b: Sylveon|move: Electric Terrain\n|upkeep\n|\n|t:|1700021250\n|switch|p1a: Golem|Golem-Alola, M|50\/100\n|switch|p1b: Sinistcha|Sinistcha|100\/100\n|-heal|p1a: Golem|75\/100|[from] ability: Hospitality|[of] p1b: Sinistcha\n|turn|8\n|\n|t:|1700021268\n|switch|p2b: Indeedee|Indeedee-F, F|100\/100\n|-fieldstart|move: Psychic Terrain|[from] ability: Psychic Surge|[of] p2b: Indeedee\n|-terastallize|p1a: Golem|Electric\n|move|p2a: Ursaluna|Protect|p2a: Ursaluna\n|-singleturn|p2a: Ursaluna|Protect\n|move|p1b: Sinistcha|Nasty Plot|p1b: Sinistcha\n|-boost|p1b: Sinistcha|spa|2\n|move|p1a: Golem|Explosion|p2b: Indeedee|[spread] p1b,p2b\n|-activate|p2a: Ursaluna|move: Protect\n|-resisted|p1b: Sinistcha\n|-damage|p1b: Sinistcha|24\/100\n|-damage|p2b: Indeedee|0 fnt\n|faint|p1a: Golem\n|faint|p2b: Indeedee\n|\n|-damage|p2a: Ursaluna|69\/100 brn|[from] brn\n|upkeep\n|\n|t:|1700021295\n|switch|p2b: Sylveon|Sylveon, F|47\/100\n|switch|p1a: Maushold|Maushold|100\/100\n|turn|9\n|\n|t:|1700021306\n|move|p1a: Maushold|Follow Me|p1a: Maushold\n|-singleturn|p1a: Maushold|move: Follow Me\n|move|p1b: Sinistcha|Matcha Gotcha|p2b: Sylveon|[spread] p2a,p2b\n|-supereffective|p2a: Ursaluna\n|-damage|p2a: Ursaluna|0 fnt\n|-heal|p1b: Sinistcha|66\/100|[from] drain|[of] p2a: Ursaluna\n|-damage|p2b: Sylveon|10\/100\n|-heal|p1b: Sinistcha|88\/100|[from] drain|[of] p2b: Sylveon\n|-status|p2b: Sylveon|brn\n|faint|p2a: Ursaluna\n|move|p2b: Sylveon|Hyper Voice|p1a: Maushold|[spread] p1a,p1b\n|-damage|p1a: Maushold|20\/100\n|-damage|p1b: Sinistcha|46\/100\n|\n|-damage|p2b: Sylveon|4\/100 brn|[from] brn\n|upkeep\n|\n|t:|1700021327\n|switch|p2a: Dusclops|Dusclops, F|100\/100\n|-item|p1a: Maushold|Focus Sash|[from] ability: Frisk|[of] p2a: Dusclops|[identify]\n|-item|p1b: Sinistcha|Mental Herb|[from] ability: Frisk|[of] p2a: Dusclops|[identify]\n|turn|10\n|\n|t:|1700021339\n|move|p1a: Maushold|Taunt|p2a: Dusclops\n|-start|p2a: Dusclops|move: Taunt\n|move|p1b: Sinistcha|Matcha Gotcha|p2b: Sylveon|[spread] p2a,p2b\n|-damage|p2a: Dusclops|66\/100\n|-heal|p1b: Sinistcha|60\/100|[from] drain|[of] p2a: Dusclops\n|-damage|p2b: Sylveon|0 fnt\n|-heal|p1b: Sinistcha|63\/100|[from] drain|[of] p2b: Sylveon\n|faint|p2b: Sylveon\n|cant|p2a: Dusclops|move: Taunt|Trick Room\n|\n|upkeep\n|\n|t:|1700021343\n|switch|p2b: Torkoal|Torkoal, F|100\/100\n|-weather|SunnyDay|[from] ability: Drought|[of] p2b: Torkoal\n|turn|11\n|\n|t:|1700021363\n|move|p1a: Maushold|Protect|p1a: Maushold\n|-singleturn|p1a: Maushold|Protect\n|move|p1b: Sinistcha|Matcha Gotcha|p2b: Torkoal|[spread] p2a,p2b\n|-resisted|p2b: Torkoal\n|-damage|p2a: Dusclops|32\/100\n|-heal|p1b: Sinistcha|77\/100|[from] drain|[of] p2a: Dusclops\n|-damage|p2b: Torkoal|66\/100\n|-heal|p1b: Sinistcha|94\/100|[from] drain|[of] p2b: Torkoal\n|-activate|p2a: Dusclops|move: Struggle\n|move|p2a: Dusclops|Struggle|p1a: Maushold\n|-activate|p1a: Maushold|move: Protect\n|move|p2b: Torkoal|Eruption|p1b: Sinistcha|[spread] p1b\n|-activate|p1a: Maushold|move: Protect\n|-supereffective|p1b: Sinistcha\n|-damage|p1b: Sinistcha|23\/100\n|\n|-weather|SunnyDay|[upkeep]\n|upkeep\n|turn|12\n|\n|t:|1700021385\n|move|p1a: Maushold|U-turn|p2b: Torkoal\n|-resisted|p2b: Torkoal\n|-damage|p2b: Torkoal|62\/100\n|move|p1b: Sinistcha|Matcha Gotcha|p2a: Dusclops|[spread] p2a,p2b\n|-resisted|p2b: Torkoal\n|-damage|p2a: Dusclops|0 fnt\n|-heal|p1b: Sinistcha|37\/100|[from] drain|[of] p2a: Dusclops\n|-damage|p2b: Torkoal|30\/100\n|-heal|p1b: Sinistcha|53\/100|[from] drain|[of] p2b: Torkoal\n|faint|p2a: Dusclops\n|move|p2b: Torkoal|Eruption|p1a: Maushold|[spread] p1a,p1b\n|-supereffective|p1b: Sinistcha\n|-damage|p1a: Maushold|0 fnt\n|-damage|p1b: Sinistcha|20\/100\n|faint|p1a: Maushold\n|\n|-weather|SunnyDay|[upkeep]\n|-fieldend|move: Psychic Terrain\n|upkeep\n|turn|13\n|\n|t:|1700021406\n|-terastallize|p2b: Torkoal|Fire\n|move|p1b: Sinistcha|Matcha Gotcha|p2b: Torkoal\n|-resisted|p2b: Torkoal\n|-damage|p2b: Torkoal|0 fnt\n|-heal|p1b: Sinistcha|35\/100|[from] drain|[of] p2b: Torkoal\n|faint|p2b: Torkoal\n|\n|win|Starwarier\n|raw|Starwarier's rating: 1110 &rarr; <strong>1130<\/strong><br \/>(+20 for winning)\n|raw|Ars290's rating: 1043 &rarr; <strong>1030<\/strong><br \/>(-13 for losing)\n|l|\u2606Ars290\n","uploadtime":1700021436,"views":20,"p1id":"starwarier","p2id":"ars290","formatid":"gen9doublesou","rating":1030,"private":0,"password":""}