{"id":"gen9doublesou-1998137242","p1":"def not a player","p2":"OPieceOfHeroGhost","format":"[Gen 9] Doubles OU","log":"|j|\u2606def not a player\n|j|\u2606OPieceOfHeroGhost\n|t:|1700898363\n|gametype|doubles\n|player|p1|def not a player|elesa|1489\n|player|p2|OPieceOfHeroGhost|morty|1443\n|teamsize|p1|6\n|teamsize|p2|6\n|gen|9\n|tier|[Gen 9] Doubles OU\n|rated|\n|rule|Species Clause: Limit one of each Pok\u00e9mon\n|rule|OHKO Clause: OHKO moves are banned\n|rule|Evasion Moves Clause: Evasion moves are banned\n|rule|Gravity Sleep Clause: The combination of sleep-inducing moves with imperfect accuracy and Gravity or Gigantamax Orbeetle are banned\n|rule|Endless Battle Clause: Forcing endless battles is banned\n|rule|HP Percentage Mod: HP is shown in percentages\n|clearpoke\n|poke|p1|Zoroark-Hisui, F|\n|poke|p1|Heatran, M|\n|poke|p1|Dragonite, F|\n|poke|p1|Tornadus, M|\n|poke|p1|Ogerpon-Wellspring, F|\n|poke|p1|Sinistcha-Masterpiece|\n|poke|p2|Heatran, F|\n|poke|p2|Rillaboom, F|\n|poke|p2|Flutter Mane|\n|poke|p2|Chien-Pao|\n|poke|p2|Iron Hands|\n|poke|p2|Landorus-Therian, M|\n|teampreview\n|\n|t:|1700898388\n|start\n|switch|p1a: Tornadus|Tornadus, M|100\/100\n|switch|p1b: Ogerpon|Ogerpon-Wellspring, F|100\/100\n|switch|p2a: \u989d\u554a\uff01\u8150\u8680\u80c6\u6c41\uff01|Heatran, F|100\/100\n|switch|p2b: \u4f60\u62cd\u4e94\uff0c\u6211\u62cd\u516d\uff0c\u51fb\u638c\u5947\u88ad\u754f\u4e2a\u7f29|Iron Hands|100\/100\n|turn|1\n|\n|t:|1700898407\n|switch|p1b: Heatran|Heatran, M|100\/100\n|move|p2a: \u989d\u554a\uff01\u8150\u8680\u80c6\u6c41\uff01|Protect|p2a: \u989d\u554a\uff01\u8150\u8680\u80c6\u6c41\uff01\n|-singleturn|p2a: \u989d\u554a\uff01\u8150\u8680\u80c6\u6c41\uff01|Protect\n|move|p1a: Tornadus|Shadow Ball|p2a: \u989d\u554a\uff01\u8150\u8680\u80c6\u6c41\uff01\n|-activate|p2a: \u989d\u554a\uff01\u8150\u8680\u80c6\u6c41\uff01|move: Protect\n|move|p2b: \u4f60\u62cd\u4e94\uff0c\u6211\u62cd\u516d\uff0c\u51fb\u638c\u5947\u88ad\u754f\u4e2a\u7f29|Volt Switch|p1a: Tornadus\n|-crit|p1a: Tornadus\n|-damage|p1a: Tornadus|64\/100\n|replace|p1a: Zoroark|Zoroark-Hisui, F\n|-end|p1a: Zoroark|Illusion\n|\n|t:|1700898421\n|-end|p2b: \u4f60\u62cd\u4e94\uff0c\u6211\u62cd\u516d\uff0c\u51fb\u638c\u5947\u88ad\u754f\u4e2a\u7f29|Quark Drive|[silent]\n|switch|p2b: \u62cd\u6253\u7329|Rillaboom, F|100\/100|[from] Volt Switch\n|-fieldstart|move: Grassy Terrain|[from] ability: Grassy Surge|[of] p2b: \u62cd\u6253\u7329\n|\n|-heal|p1a: Zoroark|70\/100|[from] Grassy Terrain\n|upkeep\n|turn|2\n|\n|t:|1700898436\n|switch|p1a: Ogerpon|Ogerpon-Wellspring, F|100\/100\n|move|p2b: \u62cd\u6253\u7329|Fake Out|p1b: Heatran\n|-resisted|p1b: Heatran\n|-damage|p1b: Heatran|95\/100\n|move|p2a: \u989d\u554a\uff01\u8150\u8680\u80c6\u6c41\uff01|Earth Power|p1a: Ogerpon\n|-resisted|p1a: Ogerpon\n|-damage|p1a: Ogerpon|80\/100\n|-unboost|p1a: Ogerpon|spd|1\n|cant|p1b: Heatran|flinch\n|\n|-heal|p1a: Ogerpon|86\/100|[from] Grassy Terrain\n|-heal|p1b: Heatran|100\/100|[from] Grassy Terrain\n|upkeep\n|turn|3\n|\n|t:|1700898452\n|move|p1a: Ogerpon|Protect|p1a: Ogerpon\n|-singleturn|p1a: Ogerpon|Protect\n|move|p2a: \u989d\u554a\uff01\u8150\u8680\u80c6\u6c41\uff01|Protect|p2a: \u989d\u554a\uff01\u8150\u8680\u80c6\u6c41\uff01\n|-singleturn|p2a: \u989d\u554a\uff01\u8150\u8680\u80c6\u6c41\uff01|Protect\n|move|p2b: \u62cd\u6253\u7329|U-turn|p1a: Ogerpon\n|-activate|p1a: Ogerpon|move: Protect\n|move|p1b: Heatran|Will-O-Wisp|p2b: \u62cd\u6253\u7329\n|-status|p2b: \u62cd\u6253\u7329|brn\n|\n|-heal|p1a: Ogerpon|92\/100|[from] Grassy Terrain\n|-damage|p2b: \u62cd\u6253\u7329|94\/100 brn|[from] brn\n|upkeep\n|turn|4\n|\n|t:|1700898476\n|switch|p2a: \u4f60\u62cd\u4e94\uff0c\u6211\u62cd\u516d\uff0c\u51fb\u638c\u5947\u88ad\u754f\u4e2a\u7f29|Iron Hands|100\/100\n|switch|p1b: Tornadus|Tornadus, M|70\/100\n|move|p1a: Ogerpon|U-turn|p2b: \u62cd\u6253\u7329\n|-supereffective|p2b: \u62cd\u6253\u7329\n|-damage|p2b: \u62cd\u6253\u7329|46\/100 brn\n|\n|t:|1700898482\n|switch|p1a: Sinistcha|Sinistcha-Masterpiece|100\/100|[from] U-turn\n|-heal|p1b: Tornadus|95\/100|[from] ability: Hospitality|[of] p1a: Sinistcha\n|move|p2b: \u62cd\u6253\u7329|U-turn|p1a: Sinistcha\n|-damage|p1a: Sinistcha|92\/100\n|\n|t:|1700898495\n|switch|p2b: ku\ud83d\udcb0\u70ae|Chien-Pao|100\/100|[from] U-turn\n|-ability|p2b: ku\ud83d\udcb0\u70ae|Sword of Ruin\n|\n|-heal|p1b: Tornadus|100\/100|[from] Grassy Terrain\n|-heal|p1a: Sinistcha|98\/100|[from] Grassy Terrain\n|upkeep\n|turn|5\n|\n|t:|1700898532\n|move|p2b: ku\ud83d\udcb0\u70ae|Protect|p2b: ku\ud83d\udcb0\u70ae\n|-singleturn|p2b: ku\ud83d\udcb0\u70ae|Protect\n|move|p1a: Sinistcha|Rage Powder|p1a: Sinistcha\n|-singleturn|p1a: Sinistcha|move: Rage Powder\n|move|p1b: Tornadus|Flamethrower|p2b: ku\ud83d\udcb0\u70ae\n|-activate|p2b: ku\ud83d\udcb0\u70ae|move: Protect\n|move|p2a: \u4f60\u62cd\u4e94\uff0c\u6211\u62cd\u516d\uff0c\u51fb\u638c\u5947\u88ad\u754f\u4e2a\u7f29|Volt Switch|p1a: Sinistcha\n|-resisted|p1a: Sinistcha\n|-damage|p1a: Sinistcha|91\/100\n|\n|t:|1700898559\n|-end|p2a: \u4f60\u62cd\u4e94\uff0c\u6211\u62cd\u516d\uff0c\u51fb\u638c\u5947\u88ad\u754f\u4e2a\u7f29|Quark Drive|[silent]\n|switch|p2a: \u989d\u554a\uff01\u8150\u8680\u80c6\u6c41\uff01|Heatran, F|100\/100|[from] Volt Switch\n|\n|-heal|p1a: Sinistcha|97\/100|[from] Grassy Terrain\n|-fieldend|move: Grassy Terrain\n|upkeep\n|turn|6\n|\n|t:|1700898598\n|switch|p2b: \u62cd\u6253\u7329|Rillaboom, F|46\/100 brn\n|-fieldstart|move: Grassy Terrain|[from] ability: Grassy Surge|[of] p2b: \u62cd\u6253\u7329\n|move|p1a: Sinistcha|Rage Powder|p1a: Sinistcha\n|-singleturn|p1a: Sinistcha|move: Rage Powder\n|move|p1b: Tornadus|Flamethrower|p2b: \u62cd\u6253\u7329\n|-supereffective|p2b: \u62cd\u6253\u7329\n|-damage|p2b: \u62cd\u6253\u7329|0 fnt\n|faint|p2b: \u62cd\u6253\u7329\n|move|p2a: \u989d\u554a\uff01\u8150\u8680\u80c6\u6c41\uff01|Heat Wave|p1a: Sinistcha|[spread] p1a,p1b\n|-supereffective|p1a: Sinistcha\n|-damage|p1a: Sinistcha|6\/100\n|-damage|p1b: Tornadus|22\/100\n|replace|p1b: Zoroark|Zoroark-Hisui, F\n|-end|p1b: Zoroark|Illusion\n|\n|-heal|p1b: Zoroark|28\/100|[from] Grassy Terrain\n|-heal|p1a: Sinistcha|12\/100|[from] Grassy Terrain\n|upkeep\n|\n|t:|1700898622\n|switch|p2b: ku\ud83d\udcb0\u70ae|Chien-Pao|100\/100\n|-ability|p2b: ku\ud83d\udcb0\u70ae|Sword of Ruin\n|turn|7\n|\n|t:|1700898635\n|switch|p1b: Dragonite|Dragonite, F|100\/100\n|switch|p1a: Heatran|Heatran, M|100\/100\n|move|p2b: ku\ud83d\udcb0\u70ae|Protect|p2b: ku\ud83d\udcb0\u70ae\n|-singleturn|p2b: ku\ud83d\udcb0\u70ae|Protect\n|move|p2a: \u989d\u554a\uff01\u8150\u8680\u80c6\u6c41\uff01|Heat Wave|p1b: Dragonite|[spread] p1b\n|-start|p1a: Heatran|ability: Flash Fire\n|-resisted|p1b: Dragonite\n|-damage|p1b: Dragonite|90\/100\n|\n|upkeep\n|turn|8\n|\n|t:|1700898654\n|move|p2a: \u989d\u554a\uff01\u8150\u8680\u80c6\u6c41\uff01|Protect|p2a: \u989d\u554a\uff01\u8150\u8680\u80c6\u6c41\uff01\n|-singleturn|p2a: \u989d\u554a\uff01\u8150\u8680\u80c6\u6c41\uff01|Protect\n|move|p1b: Dragonite|Extreme Speed|p2b: ku\ud83d\udcb0\u70ae\n|-damage|p2b: ku\ud83d\udcb0\u70ae|37\/100\n|move|p2b: ku\ud83d\udcb0\u70ae|Icicle Crash|p1b: Dragonite|[miss]\n|-miss|p2b: ku\ud83d\udcb0\u70ae|p1b: Dragonite\n|move|p1a: Heatran|Heat Wave|p2b: ku\ud83d\udcb0\u70ae|[spread] p2b\n|-activate|p2a: \u989d\u554a\uff01\u8150\u8680\u80c6\u6c41\uff01|move: Protect\n|-supereffective|p2b: ku\ud83d\udcb0\u70ae\n|-damage|p2b: ku\ud83d\udcb0\u70ae|0 fnt\n|faint|p2b: ku\ud83d\udcb0\u70ae\n|\n|upkeep\n|\n|t:|1700898672\n|switch|p2b: \u4f60\u62cd\u4e94\uff0c\u6211\u62cd\u516d\uff0c\u51fb\u638c\u5947\u88ad\u754f\u4e2a\u7f29|Iron Hands|100\/100\n|turn|9\n|\n|t:|1700898697\n|switch|p1b: Tornadus|Tornadus, M|28\/100\n|move|p2b: \u4f60\u62cd\u4e94\uff0c\u6211\u62cd\u516d\uff0c\u51fb\u638c\u5947\u88ad\u754f\u4e2a\u7f29|Fake Out|p1a: Heatran\n|-resisted|p1a: Heatran\n|-damage|p1a: Heatran|95\/100\n|move|p2a: \u989d\u554a\uff01\u8150\u8680\u80c6\u6c41\uff01|Heat Wave|p1b: Tornadus|[spread] p1b\n|-immune|p1a: Heatran|[from] ability: Flash Fire\n|-damage|p1b: Tornadus|0 fnt\n|replace|p1b: Zoroark|Zoroark-Hisui, F\n|-end|p1b: Zoroark|Illusion\n|faint|p1b: Zoroark\n|cant|p1a: Heatran|flinch\n|\n|-heal|p1a: Heatran|100\/100|[from] Grassy Terrain\n|upkeep\n|\n|t:|1700898718\n|switch|p1b: Dragonite|Dragonite, F|90\/100\n|turn|10\n|\n|t:|1700898728\n|-end|p1a: Heatran|ability: Flash Fire|[silent]\n|switch|p1a: Sinistcha|Sinistcha-Masterpiece|12\/100\n|-heal|p1b: Dragonite|100\/100|[from] ability: Hospitality|[of] p1a: Sinistcha\n|move|p2a: \u989d\u554a\uff01\u8150\u8680\u80c6\u6c41\uff01|Protect|p2a: \u989d\u554a\uff01\u8150\u8680\u80c6\u6c41\uff01\n|-singleturn|p2a: \u989d\u554a\uff01\u8150\u8680\u80c6\u6c41\uff01|Protect\n|move|p1b: Dragonite|Earthquake|p2b: \u4f60\u62cd\u4e94\uff0c\u6211\u62cd\u516d\uff0c\u51fb\u638c\u5947\u88ad\u754f\u4e2a\u7f29|[spread] p1a,p2b\n|-activate|p2a: \u989d\u554a\uff01\u8150\u8680\u80c6\u6c41\uff01|move: Protect\n|-resisted|p1a: Sinistcha\n|-supereffective|p2b: \u4f60\u62cd\u4e94\uff0c\u6211\u62cd\u516d\uff0c\u51fb\u638c\u5947\u88ad\u754f\u4e2a\u7f29\n|-damage|p1a: Sinistcha|5\/100\n|-damage|p2b: \u4f60\u62cd\u4e94\uff0c\u6211\u62cd\u516d\uff0c\u51fb\u638c\u5947\u88ad\u754f\u4e2a\u7f29|70\/100\n|move|p2b: \u4f60\u62cd\u4e94\uff0c\u6211\u62cd\u516d\uff0c\u51fb\u638c\u5947\u88ad\u754f\u4e2a\u7f29|Volt Switch|p1b: Dragonite\n|-damage|p1b: Dragonite|94\/100\n|\n|t:|1700898744\n|-end|p2b: \u4f60\u62cd\u4e94\uff0c\u6211\u62cd\u516d\uff0c\u51fb\u638c\u5947\u88ad\u754f\u4e2a\u7f29|Quark Drive|[silent]\n|switch|p2b: \u571f\u732b\u8e29\u6211|Landorus-Therian, M|100\/100|[from] Volt Switch\n|-ability|p2b: \u571f\u732b\u8e29\u6211|Intimidate|boost\n|-unboost|p1a: Sinistcha|atk|1\n|-unboost|p1b: Dragonite|atk|1\n|\n|-heal|p1a: Sinistcha|11\/100|[from] Grassy Terrain\n|-fieldend|move: Grassy Terrain\n|upkeep\n|turn|11\n|inactive|Battle timer is ON: inactive players will automatically lose when time's up. (requested by def not a player)\n|\n|t:|1700898851\n|-terastallize|p2a: \u989d\u554a\uff01\u8150\u8680\u80c6\u6c41\uff01|Grass\n|move|p2b: \u571f\u732b\u8e29\u6211|Rock Slide|p1b: Dragonite|[spread] p1a,p1b\n|-supereffective|p1b: Dragonite\n|-damage|p1a: Sinistcha|0 fnt\n|-damage|p1b: Dragonite|48\/100\n|faint|p1a: Sinistcha\n|move|p1b: Dragonite|Earthquake|p2a: \u989d\u554a\uff01\u8150\u8680\u80c6\u6c41\uff01|[spread] p2a\n|-immune|p2b: \u571f\u732b\u8e29\u6211\n|-resisted|p2a: \u989d\u554a\uff01\u8150\u8680\u80c6\u6c41\uff01\n|-damage|p2a: \u989d\u554a\uff01\u8150\u8680\u80c6\u6c41\uff01|89\/100\n|move|p2a: \u989d\u554a\uff01\u8150\u8680\u80c6\u6c41\uff01|Earth Power|p1b: Dragonite\n|-immune|p1b: Dragonite\n|\n|-heal|p2a: \u989d\u554a\uff01\u8150\u8680\u80c6\u6c41\uff01|96\/100|[from] item: Leftovers\n|upkeep\n|\n|t:|1700898863\n|switch|p1a: Tornadus|Tornadus, M|100\/100\n|turn|12\n|\n|t:|1700898874\n|switch|p1b: Heatran|Heatran, M|100\/100\n|move|p2a: \u989d\u554a\uff01\u8150\u8680\u80c6\u6c41\uff01|Protect|p2a: \u989d\u554a\uff01\u8150\u8680\u80c6\u6c41\uff01\n|-singleturn|p2a: \u989d\u554a\uff01\u8150\u8680\u80c6\u6c41\uff01|Protect\n|move|p2b: \u571f\u732b\u8e29\u6211|Rock Slide|p1a: Tornadus|[spread] p1a,p1b\n|-supereffective|p1a: Tornadus\n|-damage|p1a: Tornadus|41\/100\n|-damage|p1b: Heatran|80\/100\n|cant|p1a: Tornadus|flinch\n|\n|-heal|p2a: \u989d\u554a\uff01\u8150\u8680\u80c6\u6c41\uff01|100\/100|[from] item: Leftovers\n|-heal|p1b: Heatran|87\/100|[from] item: Leftovers\n|upkeep\n|turn|13\n|\n|t:|1700898889\n|move|p1a: Tornadus|Tailwind|p1a: Tornadus\n|-sidestart|p1: def not a player|move: Tailwind\n|move|p2b: \u571f\u732b\u8e29\u6211|Rock Slide|p1b: Heatran|[spread] p1a,p1b\n|-supereffective|p1a: Tornadus\n|-damage|p1a: Tornadus|0 fnt\n|-damage|p1b: Heatran|69\/100\n|faint|p1a: Tornadus\n|move|p1b: Heatran|Will-O-Wisp|p2b: \u571f\u732b\u8e29\u6211\n|-status|p2b: \u571f\u732b\u8e29\u6211|brn\n|move|p2a: \u989d\u554a\uff01\u8150\u8680\u80c6\u6c41\uff01|Earth Power|p1b: Heatran\n|-supereffective|p1b: Heatran\n|-damage|p1b: Heatran|0 fnt\n|faint|p1b: Heatran\n|\n|-damage|p2b: \u571f\u732b\u8e29\u6211|94\/100 brn|[from] brn\n|upkeep\n|\n|t:|1700898895\n|switch|p1a: Dragonite|Dragonite, F|48\/100\n|switch|p1b: Ogerpon|Ogerpon-Wellspring, F|92\/100\n|turn|14\n|\n|t:|1700898919\n|switch|p2b: \u4f60\u62cd\u4e94\uff0c\u6211\u62cd\u516d\uff0c\u51fb\u638c\u5947\u88ad\u754f\u4e2a\u7f29|Iron Hands|70\/100\n|-terastallize|p1a: Dragonite|Normal\n|move|p2a: \u989d\u554a\uff01\u8150\u8680\u80c6\u6c41\uff01|Protect|p2a: \u989d\u554a\uff01\u8150\u8680\u80c6\u6c41\uff01\n|-singleturn|p2a: \u989d\u554a\uff01\u8150\u8680\u80c6\u6c41\uff01|Protect\n|move|p1a: Dragonite|Extreme Speed|p2a: \u989d\u554a\uff01\u8150\u8680\u80c6\u6c41\uff01\n|-activate|p2a: \u989d\u554a\uff01\u8150\u8680\u80c6\u6c41\uff01|move: Protect\n|move|p1b: Ogerpon|Ivy Cudgel|p2b: \u4f60\u62cd\u4e94\uff0c\u6211\u62cd\u516d\uff0c\u51fb\u638c\u5947\u88ad\u754f\u4e2a\u7f29|[anim] Ivy Cudgel Water\n|-damage|p2b: \u4f60\u62cd\u4e94\uff0c\u6211\u62cd\u516d\uff0c\u51fb\u638c\u5947\u88ad\u754f\u4e2a\u7f29|31\/100\n|\n|upkeep\n|turn|15\n|\n|t:|1700898939\n|move|p2b: \u4f60\u62cd\u4e94\uff0c\u6211\u62cd\u516d\uff0c\u51fb\u638c\u5947\u88ad\u754f\u4e2a\u7f29|Fake Out|p1a: Dragonite\n|-damage|p1a: Dragonite|32\/100\n|cant|p1a: Dragonite|flinch\n|move|p1b: Ogerpon|Ivy Cudgel|p2a: \u989d\u554a\uff01\u8150\u8680\u80c6\u6c41\uff01|[anim] Ivy Cudgel Water\n|-resisted|p2a: \u989d\u554a\uff01\u8150\u8680\u80c6\u6c41\uff01\n|-damage|p2a: \u989d\u554a\uff01\u8150\u8680\u80c6\u6c41\uff01|77\/100\n|move|p2a: \u989d\u554a\uff01\u8150\u8680\u80c6\u6c41\uff01|Tera Blast|p1a: Dragonite|[anim] Tera Blast Grass\n|-damage|p1a: Dragonite|0 fnt\n|faint|p1a: Dragonite\n|\n|-heal|p2a: \u989d\u554a\uff01\u8150\u8680\u80c6\u6c41\uff01|83\/100|[from] item: Leftovers\n|upkeep\n|turn|16\n|\n|t:|1700898954\n|move|p1b: Ogerpon|Ivy Cudgel|p2b: \u4f60\u62cd\u4e94\uff0c\u6211\u62cd\u516d\uff0c\u51fb\u638c\u5947\u88ad\u754f\u4e2a\u7f29|[anim] Ivy Cudgel Water\n|-damage|p2b: \u4f60\u62cd\u4e94\uff0c\u6211\u62cd\u516d\uff0c\u51fb\u638c\u5947\u88ad\u754f\u4e2a\u7f29|0 fnt\n|faint|p2b: \u4f60\u62cd\u4e94\uff0c\u6211\u62cd\u516d\uff0c\u51fb\u638c\u5947\u88ad\u754f\u4e2a\u7f29\n|-end|p2b: \u4f60\u62cd\u4e94\uff0c\u6211\u62cd\u516d\uff0c\u51fb\u638c\u5947\u88ad\u754f\u4e2a\u7f29|Quark Drive|[silent]\n|move|p2a: \u989d\u554a\uff01\u8150\u8680\u80c6\u6c41\uff01|Tera Blast|p1b: Ogerpon|[anim] Tera Blast Grass\n|-damage|p1b: Ogerpon|38\/100\n|\n|-heal|p2a: \u989d\u554a\uff01\u8150\u8680\u80c6\u6c41\uff01|90\/100|[from] item: Leftovers\n|-sideend|p1: def not a player|move: Tailwind\n|upkeep\n|\n|t:|1700898957\n|switch|p2b: \u571f\u732b\u8e29\u6211|Landorus-Therian, M|94\/100 brn\n|-ability|p2b: \u571f\u732b\u8e29\u6211|Intimidate|boost\n|-unboost|p1b: Ogerpon|atk|1\n|turn|17\n|-message|def not a player forfeited.\n|\n|win|OPieceOfHeroGhost\n|raw|def not a player's rating: 1489 &rarr; <strong>1466<\/strong><br \/>(-23 for losing)\n|raw|OPieceOfHeroGhost's rating: 1443 &rarr; <strong>1466<\/strong><br \/>(+23 for winning)\n|l|\u2606def not a player\n","uploadtime":1700898963,"views":7,"p1id":"defnotaplayer","p2id":"opieceofheroghost","formatid":"gen9doublesou","rating":1466,"private":0,"password":""}