{"id":"gen9doublesou-1992162294","p1":"breethebeesknees","p2":"WeIrd0_Jay","format":"[Gen 9] Doubles OU","log":"|j|\u2606breethebeesknees\n|j|\u2606WeIrd0_Jay\n|t:|1700160179\n|gametype|doubles\n|player|p1|breethebeesknees|silver|1119\n|player|p2|WeIrd0_Jay|roxie|1107\n|teamsize|p1|6\n|teamsize|p2|6\n|gen|9\n|tier|[Gen 9] Doubles OU\n|rated|\n|rule|Species Clause: Limit one of each Pok\u00e9mon\n|rule|OHKO Clause: OHKO moves are banned\n|rule|Evasion Moves Clause: Evasion moves are banned\n|rule|Gravity Sleep Clause: The combination of sleep-inducing moves with imperfect accuracy and Gravity or Gigantamax Orbeetle are banned\n|rule|Endless Battle Clause: Forcing endless battles is banned\n|rule|HP Percentage Mod: HP is shown in percentages\n|clearpoke\n|poke|p1|Cresselia, F|\n|poke|p1|Ursaluna, F|\n|poke|p1|Kingambit, F|\n|poke|p1|Hatterene, F|\n|poke|p1|Amoonguss, F|\n|poke|p1|Goodra-Hisui, M|\n|poke|p2|Toxtricity, M|\n|poke|p2|Drifblim, F|\n|poke|p2|Decidueye, M|\n|poke|p2|Landorus-Therian, M|\n|poke|p2|Cinderace, F|\n|poke|p2|Haxorus, F|\n|teampreview\n|inactive|Battle timer is ON: inactive players will automatically lose when time's up. (requested by WeIrd0_Jay)\n|\n|t:|1700160207\n|start\n|switch|p1a: Hatterene|Hatterene, F|100\/100\n|switch|p1b: Amoonguss|Amoonguss, F|100\/100\n|switch|p2a: Toxtricity|Toxtricity, M|100\/100\n|switch|p2b: Drifblim|Drifblim, F|100\/100\n|turn|1\n|\n|t:|1700160223\n|-terastallize|p2a: Toxtricity|Normal\n|move|p1b: Amoonguss|Rage Powder|p1b: Amoonguss\n|-singleturn|p1b: Amoonguss|move: Rage Powder\n|move|p2b: Drifblim|Tailwind|p2b: Drifblim\n|-sidestart|p2: WeIrd0_Jay|move: Tailwind\n|move|p2a: Toxtricity|Boomburst|p1b: Amoonguss|[spread] p1a,p1b\n|-immune|p2b: Drifblim\n|-damage|p1a: Hatterene|28\/100\n|-damage|p1b: Amoonguss|53\/100\n|-enditem|p2a: Toxtricity|Throat Spray\n|-boost|p2a: Toxtricity|spa|1|[from] item: Throat Spray\n|move|p1a: Hatterene|Trick Room|p1a: Hatterene\n|-fieldstart|move: Trick Room|[of] p1a: Hatterene\n|\n|-heal|p1b: Amoonguss|59\/100|[from] item: Black Sludge\n|-status|p2b: Drifblim|brn|[from] item: Flame Orb\n|upkeep\n|turn|2\n|\n|t:|1700160245\n|move|p1a: Hatterene|Psychic|p2a: Toxtricity\n|-damage|p2a: Toxtricity|15\/100\n|-damage|p1a: Hatterene|19\/100|[from] item: Life Orb\n|move|p1b: Amoonguss|Pollen Puff|p1a: Hatterene\n|-heal|p1a: Hatterene|69\/100\n|move|p2a: Toxtricity|Boomburst|p1b: Amoonguss|[spread] p1a,p1b\n|-immune|p2b: Drifblim\n|-damage|p1a: Hatterene|0 fnt\n|-damage|p1b: Amoonguss|0 fnt\n|faint|p1a: Hatterene\n|faint|p1b: Amoonguss\n|move|p2b: Drifblim|Icy Wind|p1: Hatterene|[notarget]\n|-fail|p2b: Drifblim\n|\n|-damage|p2b: Drifblim|94\/100 brn|[from] brn\n|upkeep\n|\n|t:|1700160256\n|switch|p1a: Cresselia|Cresselia, F|100\/100\n|switch|p1b: Kingambit|Kingambit, F|100\/100\n|-item|p1b: Kingambit|Air Balloon\n|turn|3\n|\n|t:|1700160267\n|move|p1a: Cresselia|Helping Hand|p1b: Kingambit\n|-singleturn|p1b: Kingambit|Helping Hand|[of] p1a: Cresselia\n|move|p1b: Kingambit|Kowtow Cleave|p2a: Toxtricity\n|-damage|p2a: Toxtricity|0 fnt\n|faint|p2a: Toxtricity\n|move|p2b: Drifblim|Icy Wind|p1a: Cresselia|[spread] p1a,p1b\n|-resisted|p1b: Kingambit\n|-damage|p1a: Cresselia|92\/100\n|-damage|p1b: Kingambit|93\/100\n|-unboost|p1a: Cresselia|spe|1\n|-unboost|p1b: Kingambit|spe|1\n|-ability|p1b: Kingambit|Defiant|boost\n|-boost|p1b: Kingambit|atk|2\n|-enditem|p1b: Kingambit|Air Balloon\n|\n|-heal|p1a: Cresselia|98\/100|[from] item: Leftovers\n|-damage|p2b: Drifblim|88\/100 brn|[from] brn\n|upkeep\n|\n|t:|1700160272\n|switch|p2a: Decidueye|Decidueye, M, shiny|100\/100\n|turn|4\n|\n|t:|1700160285\n|move|p1b: Kingambit|Kowtow Cleave|p2a: Decidueye\n|-supereffective|p2a: Decidueye\n|-enditem|p2a: Decidueye|Focus Sash\n|-damage|p2a: Decidueye|1\/100\n|move|p1a: Cresselia|Lunar Blessing|p1a: Cresselia|[spread] p1a,p1b\n|-heal|p1a: Cresselia|100\/100\n|-heal|p1b: Kingambit|100\/100\n|move|p2a: Decidueye|Swords Dance|p2a: Decidueye\n|-boost|p2a: Decidueye|atk|2\n|move|p2b: Drifblim|Clear Smog|p1b: Kingambit\n|-immune|p1b: Kingambit\n|\n|-damage|p2b: Drifblim|82\/100 brn|[from] brn\n|-sideend|p2: WeIrd0_Jay|move: Tailwind\n|upkeep\n|turn|5\n|\n|t:|1700160299\n|move|p1a: Cresselia|Helping Hand|p1b: Kingambit\n|-singleturn|p1b: Kingambit|Helping Hand|[of] p1a: Cresselia\n|move|p1b: Kingambit|Kowtow Cleave|p2b: Drifblim\n|-supereffective|p2b: Drifblim\n|-damage|p2b: Drifblim|0 fnt\n|faint|p2b: Drifblim\n|move|p2a: Decidueye|Knock Off|p1a: Cresselia\n|-supereffective|p1a: Cresselia\n|-damage|p1a: Cresselia|6\/100\n|-enditem|p1a: Cresselia|Leftovers|[from] move: Knock Off|[of] p2a: Decidueye\n|\n|-fieldend|move: Trick Room\n|upkeep\n|\n|t:|1700160310\n|switch|p2b: Landorus|Landorus-Therian, M|100\/100\n|-ability|p2b: Landorus|Intimidate|boost\n|-unboost|p1a: Cresselia|atk|1\n|-unboost|p1b: Kingambit|atk|1\n|-ability|p1b: Kingambit|Defiant|boost\n|-boost|p1b: Kingambit|atk|2\n|turn|6\n|\n|t:|1700160325\n|-terastallize|p1b: Kingambit|Fairy\n|move|p1b: Kingambit|Sucker Punch|p2a: Decidueye\n|-supereffective|p2a: Decidueye\n|-damage|p2a: Decidueye|0 fnt\n|faint|p2a: Decidueye\n|move|p2b: Landorus|Bulldoze|p1b: Kingambit|[spread] p1b\n|-immune|p1a: Cresselia|[from] ability: Levitate\n|-damage|p1b: Kingambit|81\/100\n|-unboost|p1b: Kingambit|spe|1\n|-ability|p1b: Kingambit|Defiant|boost\n|-boost|p1b: Kingambit|atk|2\n|move|p1a: Cresselia|Trick Room|p1a: Cresselia\n|-fieldstart|move: Trick Room|[of] p1a: Cresselia\n|\n|upkeep\n|\n|t:|1700160335\n|switch|p2a: Haxorus|Haxorus, F|100\/100\n|-ability|p2a: Haxorus|Mold Breaker\n|turn|7\n|\n|t:|1700160348\n|move|p1b: Kingambit|Kowtow Cleave|p2a: Haxorus\n|-crit|p2a: Haxorus\n|-damage|p2a: Haxorus|0 fnt\n|faint|p2a: Haxorus\n|move|p1a: Cresselia|Lunar Blessing|p1a: Cresselia|[spread] p1a,p1b\n|-heal|p1a: Cresselia|31\/100\n|-heal|p1b: Kingambit|100\/100\n|move|p2b: Landorus|Taunt|p1a: Cresselia\n|-start|p1a: Cresselia|move: Taunt\n|\n|upkeep\n|\n|t:|1700160351\n|switch|p2a: Cinderace|Cinderace, F|100\/100\n|turn|8\n|-message|WeIrd0_Jay forfeited.\n|\n|win|breethebeesknees\n|raw|breethebeesknees's rating: 1119 &rarr; <strong>1143<\/strong><br \/>(+24 for winning)\n|raw|WeIrd0_Jay's rating: 1107 &rarr; <strong>1083<\/strong><br \/>(-24 for losing)\n|l|\u2606WeIrd0_Jay\n","uploadtime":1700160362,"views":6,"p1id":"breethebeesknees","p2id":"weird0jay","formatid":"gen9doublesou","rating":1083,"private":0,"password":""}