{"id":"gen9doublesou-1993125618","p1":"alucard_wolf","p2":"Kiky14","format":"[Gen 9] Doubles OU","log":"|j|\u2606alucard_wolf\n|j|\u2606Kiky14\n|t:|1700267777\n|gametype|doubles\n|player|p1|alucard_wolf|1|1262\n|player|p2|Kiky14|hilda-wonderlauncher|1367\n|teamsize|p1|6\n|teamsize|p2|6\n|gen|9\n|tier|[Gen 9] Doubles OU\n|rated|\n|rule|Species Clause: Limit one of each Pok\u00e9mon\n|rule|OHKO Clause: OHKO moves are banned\n|rule|Evasion Moves Clause: Evasion moves are banned\n|rule|Gravity Sleep Clause: The combination of sleep-inducing moves with imperfect accuracy and Gravity or Gigantamax Orbeetle are banned\n|rule|Endless Battle Clause: Forcing endless battles is banned\n|rule|HP Percentage Mod: HP is shown in percentages\n|clearpoke\n|poke|p1|Meowscarada, F|\n|poke|p1|Farigiraf, F|\n|poke|p1|Sneasler, F|\n|poke|p1|Flutter Mane|\n|poke|p1|Armarouge, F|\n|poke|p1|Ogerpon-Wellspring, F|\n|poke|p2|Sinistcha|\n|poke|p2|Iron Hands|\n|poke|p2|Arcanine-Hisui, M|\n|poke|p2|Ogerpon-Wellspring, F|\n|poke|p2|Cresselia, F|\n|poke|p2|Landorus-Therian, M|\n|teampreview\n|\n|t:|1700267786\n|start\n|switch|p1a: Armarouge|Armarouge, F, shiny|100\/100\n|switch|p1b: Sneasler|Sneasler, F, shiny|100\/100\n|switch|p2a: Landorus|Landorus-Therian, M|100\/100\n|switch|p2b: Sinistcha|Sinistcha|100\/100\n|-ability|p2a: Landorus|Intimidate|boost\n|-unboost|p1a: Armarouge|atk|1\n|-unboost|p1b: Sneasler|atk|1\n|-enditem|p1b: Sneasler|White Herb\n|-clearnegativeboost|p1b: Sneasler|[silent]\n|turn|1\n|\n|t:|1700267803\n|move|p2b: Sinistcha|Protect|p2b: Sinistcha\n|-singleturn|p2b: Sinistcha|Protect\n|move|p1a: Armarouge|Wide Guard|p1a: Armarouge\n|-singleturn|p1a: Armarouge|Wide Guard\n|move|p1b: Sneasler|Dire Claw|p2b: Sinistcha\n|-activate|p2b: Sinistcha|move: Protect\n|move|p2a: Landorus|Earthquake|p1b: Sneasler|[spread] \n|-activate|p1a: Armarouge|move: Wide Guard\n|-activate|p1b: Sneasler|move: Wide Guard\n|-activate|p2b: Sinistcha|move: Protect\n|\n|upkeep\n|turn|2\n|\n|t:|1700267819\n|switch|p2b: Arcanine|Arcanine-Hisui, M|100\/100\n|-ability|p2b: Arcanine|Intimidate|boost\n|-unboost|p1a: Armarouge|atk|1\n|-unboost|p1b: Sneasler|atk|1\n|move|p1a: Armarouge|Wide Guard|p1a: Armarouge\n|-singleturn|p1a: Armarouge|Wide Guard\n|move|p1b: Sneasler|Dire Claw|p2b: Arcanine\n|-resisted|p2b: Arcanine\n|-damage|p2b: Arcanine|86\/100\n|move|p2a: Landorus|Earthquake|p1a: Armarouge|[spread] p2b\n|-activate|p1a: Armarouge|move: Wide Guard\n|-activate|p1b: Sneasler|move: Wide Guard\n|-supereffective|p2b: Arcanine\n|-damage|p2b: Arcanine|0 fnt\n|faint|p2b: Arcanine\n|\n|upkeep\n|\n|t:|1700267832\n|switch|p2b: Ogerpon|Ogerpon-Wellspring, F|100\/100\n|turn|3\n|\n|t:|1700267845\n|switch|p2a: Sinistcha|Sinistcha|100\/100\n|move|p1a: Armarouge|Wide Guard|p1a: Armarouge\n|-singleturn|p1a: Armarouge|Wide Guard\n|move|p1b: Sneasler|Dire Claw|p2b: Ogerpon\n|-supereffective|p2b: Ogerpon\n|-damage|p2b: Ogerpon|46\/100\n|move|p2b: Ogerpon|Ivy Cudgel|p1a: Armarouge|[anim] Ivy Cudgel Water\n|-supereffective|p1a: Armarouge\n|-damage|p1a: Armarouge|4\/100\n|-ability|p1a: Armarouge|Weak Armor|boost\n|-unboost|p1a: Armarouge|def|1\n|-boost|p1a: Armarouge|spe|2\n|\n|upkeep\n|turn|4\n|\n|t:|1700267878\n|switch|p2a: Cresselia|Cresselia, F|100\/100\n|move|p2b: Ogerpon|Spiky Shield|p2b: Ogerpon\n|-singleturn|p2b: Ogerpon|move: Protect\n|move|p1b: Sneasler|U-turn|p2b: Ogerpon\n|-activate|p2b: Ogerpon|move: Protect\n|-damage|p1b: Sneasler|88\/100|[from] Spiky Shield|[of] p2b: Ogerpon\n|move|p1a: Armarouge|Armor Cannon|p2a: Cresselia\n|-damage|p2a: Cresselia|65\/100\n|-unboost|p1a: Armarouge|def|1\n|-unboost|p1a: Armarouge|spd|1\n|\n|upkeep\n|turn|5\n|\n|t:|1700267924\n|-terastallize|p2b: Ogerpon|Water\n|detailschange|p2b: Ogerpon|Ogerpon-Wellspring-Tera, F, tera:Water\n|-ability|p2b: Ogerpon|Embody Aspect (Wellspring)|boost\n|-boost|p2b: Ogerpon|spd|1\n|move|p1b: Sneasler|U-turn|p2a: Cresselia\n|-supereffective|p2a: Cresselia\n|-damage|p2a: Cresselia|43\/100\n|\n|t:|1700267932\n|switch|p1b: Meowscarada|Meowscarada, F, shiny|100\/100|[from] U-turn\n|move|p1a: Armarouge|Expanding Force|p2b: Ogerpon\n|-damage|p2b: Ogerpon|18\/100\n|move|p2b: Ogerpon|Ivy Cudgel|p1b: Meowscarada|[anim] Ivy Cudgel Water\n|-resisted|p1b: Meowscarada\n|-damage|p1b: Meowscarada|51\/100\n|move|p2a: Cresselia|Icy Wind|p1a: Armarouge|[spread] p1a,p1b\n|-resisted|p1a: Armarouge\n|-supereffective|p1b: Meowscarada\n|-damage|p1a: Armarouge|0 fnt\n|-damage|p1b: Meowscarada|26\/100\n|-unboost|p1b: Meowscarada|spe|1\n|faint|p1a: Armarouge\n|\n|upkeep\n|\n|t:|1700267948\n|switch|p1a: Sneasler|Sneasler, F, shiny|88\/100\n|turn|6\n|\n|t:|1700267966\n|switch|p2a: Sinistcha|Sinistcha|100\/100\n|-heal|p2b: Ogerpon|43\/100|[from] ability: Hospitality|[of] p2a: Sinistcha\n|move|p2b: Ogerpon|Spiky Shield|p2b: Ogerpon\n|-singleturn|p2b: Ogerpon|move: Protect\n|move|p1a: Sneasler|U-turn|p2a: Sinistcha\n|-damage|p2a: Sinistcha|79\/100\n|\n|t:|1700267978\n|switch|p1a: Farigiraf|Farigiraf, F, shiny|100\/100|[from] U-turn\n|move|p1b: Meowscarada|Flower Trick|p2b: Ogerpon\n|-start|p1b: Meowscarada|typechange|Grass|[from] ability: Protean\n|-activate|p2b: Ogerpon|move: Protect\n|\n|-heal|p2a: Sinistcha|85\/100|[from] item: Leftovers\n|upkeep\n|turn|7\n|\n|t:|1700268001\n|switch|p2b: Landorus|Landorus-Therian, M|100\/100\n|-ability|p2b: Landorus|Intimidate|boost\n|-unboost|p1a: Farigiraf|atk|1\n|-unboost|p1b: Meowscarada|atk|1\n|move|p1b: Meowscarada|Flower Trick|p2b: Landorus\n|-crit|p2b: Landorus\n|-damage|p2b: Landorus|5\/100\n|move|p2a: Sinistcha|Matcha Gotcha|p1b: Meowscarada|[spread] p1a\n|-miss|p2a: Sinistcha|p1b: Meowscarada\n|-damage|p1a: Farigiraf|77\/100\n|-heal|p2a: Sinistcha|99\/100|[from] drain|[of] p1a: Farigiraf\n|move|p1a: Farigiraf|Thunder Wave|p2a: Sinistcha\n|-status|p2a: Sinistcha|par\n|\n|-heal|p2a: Sinistcha|100\/100 par|[from] item: Leftovers\n|upkeep\n|turn|8\n|\n|t:|1700268027\n|move|p2b: Landorus|U-turn|p1b: Meowscarada\n|-supereffective|p1b: Meowscarada\n|-damage|p1b: Meowscarada|0 fnt\n|faint|p1b: Meowscarada\n|\n|t:|1700268038\n|switch|p2b: Cresselia|Cresselia, F|43\/100|[from] U-turn\n|move|p1a: Farigiraf|Twin Beam|p2a: Sinistcha\n|-damage|p2a: Sinistcha|82\/100 par\n|-damage|p2a: Sinistcha|63\/100 par\n|-hitcount|p2a: Sinistcha|2\n|move|p2a: Sinistcha|Matcha Gotcha|p1a: Farigiraf\n|-damage|p1a: Farigiraf|44\/100\n|-heal|p2a: Sinistcha|84\/100 par|[from] drain|[of] p1a: Farigiraf\n|-status|p1a: Farigiraf|brn\n|\n|-heal|p2a: Sinistcha|90\/100 par|[from] item: Leftovers\n|-damage|p1a: Farigiraf|38\/100 brn|[from] brn\n|upkeep\n|\n|t:|1700268061\n|switch|p1b: Ogerpon|Ogerpon-Wellspring, F|100\/100\n|turn|9\n|\n|t:|1700268089\n|-terastallize|p1b: Ogerpon|Water\n|detailschange|p1b: Ogerpon|Ogerpon-Wellspring-Tera, F, tera:Water\n|-ability|p1b: Ogerpon|Embody Aspect (Wellspring)|boost\n|-boost|p1b: Ogerpon|spd|1\n|move|p1b: Ogerpon|Ivy Cudgel|p2b: Cresselia|[anim] Ivy Cudgel Water\n|-damage|p2b: Cresselia|0 fnt\n|faint|p2b: Cresselia\n|move|p1a: Farigiraf|Thunder Wave|p2a: Sinistcha\n|-fail|p2a: Sinistcha|par\n|move|p2a: Sinistcha|Strength Sap|p1b: Ogerpon\n|-unboost|p1b: Ogerpon|atk|1\n|-heal|p2a: Sinistcha|100\/100 par\n|\n|-damage|p1a: Farigiraf|32\/100 brn|[from] brn\n|upkeep\n|\n|t:|1700268111\n|switch|p2b: Landorus|Landorus-Therian, M|5\/100\n|-ability|p2b: Landorus|Intimidate|boost\n|-unboost|p1a: Farigiraf|atk|1\n|-unboost|p1b: Ogerpon|atk|1\n|turn|10\n|\n|t:|1700268131\n|move|p1b: Ogerpon|Spiky Shield|p1b: Ogerpon\n|-singleturn|p1b: Ogerpon|move: Protect\n|cant|p2a: Sinistcha|par\n|move|p2b: Landorus|U-turn|p1a: Farigiraf\n|-supereffective|p1a: Farigiraf\n|-damage|p1a: Farigiraf|0 fnt\n|faint|p1a: Farigiraf\n|\n|t:|1700268145\n|switch|p2b: Iron Hands|Iron Hands|100\/100|[from] U-turn\n|\n|upkeep\n|\n|t:|1700268149\n|switch|p1a: Flutter Mane|Flutter Mane, shiny|100\/100\n|turn|11\n|\n|t:|1700268162\n|switch|p1b: Sneasler|Sneasler, F, shiny|88\/100\n|switch|p2a: Landorus|Landorus-Therian, M|5\/100\n|-ability|p2a: Landorus|Intimidate|boost\n|-unboost|p1a: Flutter Mane|atk|1\n|-unboost|p1b: Sneasler|atk|1\n|move|p1a: Flutter Mane|Mystical Fire|p2a: Landorus\n|-damage|p2a: Landorus|0 fnt\n|faint|p2a: Landorus\n|move|p2b: Iron Hands|Heavy Slam|p1a: Flutter Mane\n|-supereffective|p1a: Flutter Mane\n|-damage|p1a: Flutter Mane|0 fnt\n|faint|p1a: Flutter Mane\n|-end|p1a: Flutter Mane|Protosynthesis|[silent]\n|\n|upkeep\n|\n|t:|1700268183\n|switch|p1a: Ogerpon|Ogerpon-Wellspring-Tera, F, tera:Water|100\/100\n|switch|p2a: Ogerpon|Ogerpon-Wellspring-Tera, F, tera:Water|43\/100\n|-ability|p2a: Ogerpon|Embody Aspect (Wellspring)|boost\n|-boost|p2a: Ogerpon|spd|1\n|-ability|p1a: Ogerpon|Embody Aspect (Wellspring)|boost\n|-boost|p1a: Ogerpon|spd|1\n|turn|12\n|\n|t:|1700268194\n|-end|p2b: Iron Hands|Quark Drive|[silent]\n|switch|p2b: Sinistcha|Sinistcha|100\/100 par\n|-heal|p2a: Ogerpon|68\/100|[from] ability: Hospitality|[of] p2b: Sinistcha\n|move|p2a: Ogerpon|Spiky Shield|p2a: Ogerpon\n|-singleturn|p2a: Ogerpon|move: Protect\n|move|p1b: Sneasler|Dire Claw|p2b: Sinistcha\n|-damage|p2b: Sinistcha|76\/100 par\n|move|p1a: Ogerpon|Horn Leech|p2a: Ogerpon\n|-activate|p2a: Ogerpon|move: Protect\n|-damage|p1a: Ogerpon|88\/100|[from] Spiky Shield|[of] p2a: Ogerpon\n|\n|-heal|p2b: Sinistcha|82\/100 par|[from] item: Leftovers\n|upkeep\n|turn|13\n|\n|t:|1700268222\n|move|p2b: Sinistcha|Rage Powder|p2b: Sinistcha\n|-singleturn|p2b: Sinistcha|move: Rage Powder\n|move|p1b: Sneasler|Shadow Claw|p2b: Sinistcha\n|-supereffective|p2b: Sinistcha\n|-damage|p2b: Sinistcha|57\/100 par\n|move|p2a: Ogerpon|Wood Hammer|p1a: Ogerpon\n|-supereffective|p1a: Ogerpon\n|-damage|p1a: Ogerpon|0 fnt\n|faint|p1a: Ogerpon\n|-damage|p2a: Ogerpon|33\/100|[from] Recoil\n|\n|-heal|p2b: Sinistcha|63\/100 par|[from] item: Leftovers\n|upkeep\n|turn|14\n|-message|alucard_wolf forfeited.\n|\n|win|Kiky14\n|raw|alucard_wolf's rating: 1262 &rarr; <strong>1244<\/strong><br \/>(-18 for losing)\n|raw|Kiky14's rating: 1367 &rarr; <strong>1381<\/strong><br \/>(+14 for winning)\n|l|\u2606alucard_wolf\n","uploadtime":1700268246,"views":6,"p1id":"alucardwolf","p2id":"kiky14","formatid":"gen9doublesou","rating":1244,"private":0,"password":""}