{"id":"gen9doublesou-1987303936","p1":"Gilgarune","p2":"Elite.4.Challenger","format":"[Gen 9] Doubles OU","log":"|j|\u2606Gilgarune\n|j|\u2606Elite.4.Challenger\n|t:|1699575281\n|gametype|doubles\n|player|p1|Gilgarune|rood|1275\n|player|p2|Elite.4.Challenger|koga|1345\n|teamsize|p1|6\n|teamsize|p2|6\n|gen|9\n|tier|[Gen 9] Doubles OU\n|rated|\n|rule|Species Clause: Limit one of each Pok\u00e9mon\n|rule|OHKO Clause: OHKO moves are banned\n|rule|Evasion Moves Clause: Evasion moves are banned\n|rule|Gravity Sleep Clause: The combination of sleep-inducing moves with imperfect accuracy and Gravity or Gigantamax Orbeetle are banned\n|rule|Endless Battle Clause: Forcing endless battles is banned\n|rule|HP Percentage Mod: HP is shown in percentages\n|clearpoke\n|poke|p1|Sneasler, M|\n|poke|p1|Rillaboom, F|\n|poke|p1|Cresselia, F|\n|poke|p1|Sinistcha|\n|poke|p1|Clefairy, M|\n|poke|p1|Empoleon, F|\n|poke|p2|Zapdos|\n|poke|p2|Grimmsnarl, M|\n|poke|p2|Basculegion-F, F|\n|poke|p2|Goodra-Hisui, M|\n|poke|p2|Politoed, F|\n|poke|p2|Toxicroak, F|\n|teampreview\n|\n|t:|1699575299\n|start\n|switch|p1a: Rillaboom|Rillaboom, F|100\/100\n|switch|p1b: Sneasler|Sneasler, M|100\/100\n|switch|p2a: Gollum|Grimmsnarl, M|100\/100\n|switch|p2b: Zapdos|Zapdos|100\/100\n|-fieldstart|move: Grassy Terrain|[from] ability: Grassy Surge|[of] p1a: Rillaboom\n|-enditem|p1b: Sneasler|Grassy Seed\n|-boost|p1b: Sneasler|def|1|[from] item: Grassy Seed\n|turn|1\n|\n|t:|1699575319\n|move|p1a: Rillaboom|Fake Out|p2b: Zapdos\n|-damage|p2b: Zapdos|83\/100\n|-status|p1a: Rillaboom|par|[from] ability: Static|[of] p2b: Zapdos\n|move|p2a: Gollum|Reflect|p2a: Gollum\n|-sidestart|p2: Elite.4.Challenger|Reflect\n|move|p1b: Sneasler|Gunk Shot|p2a: Gollum\n|-supereffective|p2a: Gollum\n|-damage|p2a: Gollum|0 fnt\n|faint|p2a: Gollum\n|cant|p2b: Zapdos|flinch\n|\n|upkeep\n|\n|t:|1699575331\n|switch|p2a: Toxicroak|Toxicroak, F|100\/100\n|turn|2\n|\n|t:|1699575349\n|switch|p1a: Cresselia|Cresselia, F|100\/100\n|move|p2a: Toxicroak|Fake Out|p1b: Sneasler\n|-damage|p1b: Sneasler|87\/100\n|-damage|p2a: Toxicroak|91\/100|[from] item: Life Orb\n|cant|p1b: Sneasler|flinch\n|move|p2b: Zapdos|Tailwind|p2b: Zapdos\n|-sidestart|p2: Elite.4.Challenger|move: Tailwind\n|\n|-heal|p1b: Sneasler|93\/100|[from] Grassy Terrain\n|-heal|p2a: Toxicroak|97\/100|[from] Grassy Terrain\n|upkeep\n|turn|3\n|\n|t:|1699575367\n|switch|p2a: Politoed|Politoed, F|100\/100\n|-weather|RainDance|[from] ability: Drizzle|[of] p2a: Politoed\n|move|p2b: Zapdos|Hurricane|p1b: Sneasler\n|-supereffective|p1b: Sneasler\n|-damage|p1b: Sneasler|0 fnt\n|faint|p1b: Sneasler\n|move|p1a: Cresselia|Future Sight|p2a: Politoed\n|-start|p1a: Cresselia|move: Future Sight\n|\n|-weather|RainDance|[upkeep]\n|upkeep\n|\n|t:|1699575379\n|switch|p1b: Clefairy|Clefairy, M|100\/100\n|turn|4\n|\n|t:|1699575401\n|move|p2b: Zapdos|Volt Switch|p1a: Cresselia\n|-damage|p1a: Cresselia|83\/100\n|\n|t:|1699575405\n|switch|p2b: Goodra|Goodra-Hisui, M|100\/100|[from] Volt Switch\n|move|p2a: Politoed|Icy Wind|p1b: Clefairy|[spread] p1a,p1b\n|-damage|p1a: Cresselia|79\/100\n|-damage|p1b: Clefairy|93\/100\n|-unboost|p1a: Cresselia|spe|1\n|-unboost|p1b: Clefairy|spe|1\n|move|p1a: Cresselia|Calm Mind|p1a: Cresselia\n|-boost|p1a: Cresselia|spa|1\n|-boost|p1a: Cresselia|spd|1\n|move|p1b: Clefairy|Life Dew|p1b: Clefairy|[spread] p1a,p1b\n|-heal|p1a: Cresselia|100\/100\n|-heal|p1b: Clefairy|100\/100\n|\n|-weather|RainDance|[upkeep]\n|upkeep\n|turn|5\n|\n|t:|1699575429\n|switch|p1b: Rillaboom|Rillaboom, F|100\/100 par\n|move|p2a: Politoed|Protect|p2a: Politoed\n|-singleturn|p2a: Politoed|Protect\n|move|p2b: Goodra|Acid Spray|p1a: Cresselia\n|-damage|p1a: Cresselia|96\/100\n|-unboost|p1a: Cresselia|spd|2\n|move|p1a: Cresselia|Calm Mind|p1a: Cresselia\n|-boost|p1a: Cresselia|spa|1\n|-boost|p1a: Cresselia|spd|1\n|\n|-weather|RainDance|[upkeep]\n|-end|p2a: Politoed|move: Future Sight\n|-damage|p2a: Politoed|56\/100\n|-heal|p2a: Politoed|62\/100|[from] Grassy Terrain\n|-sideend|p2: Elite.4.Challenger|move: Tailwind\n|-fieldend|move: Grassy Terrain\n|upkeep\n|turn|6\n|\n|t:|1699575452\n|move|p1b: Rillaboom|Fake Out|p2b: Goodra\n|-resisted|p2b: Goodra\n|-damage|p2b: Goodra|96\/100\n|move|p2a: Politoed|Icy Wind|p1a: Cresselia|[spread] p1a,p1b\n|-supereffective|p1b: Rillaboom\n|-damage|p1a: Cresselia|90\/100\n|-damage|p1b: Rillaboom|89\/100 par\n|-unboost|p1a: Cresselia|spe|1\n|-unboost|p1b: Rillaboom|spe|1\n|cant|p2b: Goodra|flinch\n|move|p1a: Cresselia|Future Sight|p2a: Politoed\n|-start|p1a: Cresselia|move: Future Sight\n|\n|-weather|RainDance|[upkeep]\n|upkeep\n|turn|7\n|\n|t:|1699575474\n|switch|p2a: Zapdos|Zapdos|83\/100\n|switch|p1b: Clefairy|Clefairy, M|100\/100\n|move|p2b: Goodra|Life Dew|p2b: Goodra|[spread] p2a,p2b\n|-heal|p2a: Zapdos|100\/100\n|-heal|p2b: Goodra|100\/100\n|move|p1a: Cresselia|Calm Mind|p1a: Cresselia\n|-boost|p1a: Cresselia|spa|1\n|-boost|p1a: Cresselia|spd|1\n|\n|-weather|none\n|upkeep\n|turn|8\n|\n|t:|1699575507\n|switch|p2b: Politoed|Politoed, F|62\/100\n|-weather|RainDance|[from] ability: Drizzle|[of] p2b: Politoed\n|move|p2a: Zapdos|Tailwind|p2a: Zapdos\n|-sidestart|p2: Elite.4.Challenger|move: Tailwind\n|move|p1b: Clefairy|Cosmic Power|p1b: Clefairy\n|-boost|p1b: Clefairy|def|1\n|-boost|p1b: Clefairy|spd|1\n|move|p1a: Cresselia|Power Gem|p2a: Zapdos\n|-supereffective|p2a: Zapdos\n|-damage|p2a: Zapdos|16\/100\n|\n|-weather|RainDance|[upkeep]\n|-end|p2a: Zapdos|move: Future Sight\n|-damage|p2a: Zapdos|0 fnt\n|faint|p2a: Zapdos\n|-sideend|p2: Elite.4.Challenger|Reflect\n|upkeep\n|\n|t:|1699575527\n|switch|p2a: Basculegion|Basculegion-F, F|100\/100\n|turn|9\n|\n|t:|1699575540\n|-terastallize|p1a: Cresselia|Poison\n|move|p2b: Politoed|Helping Hand|p2a: Basculegion\n|-singleturn|p2a: Basculegion|Helping Hand|[of] p2b: Politoed\n|move|p2a: Basculegion|Shadow Ball|p1a: Cresselia\n|-damage|p1a: Cresselia|66\/100\n|move|p1b: Clefairy|Charge Beam|p2a: Basculegion\n|-supereffective|p2a: Basculegion\n|-damage|p2a: Basculegion|83\/100\n|-boost|p1b: Clefairy|spa|1\n|move|p1a: Cresselia|Future Sight|p2a: Basculegion\n|-start|p1a: Cresselia|move: Future Sight\n|\n|-weather|RainDance|[upkeep]\n|upkeep\n|turn|10\n|\n|t:|1699575571\n|switch|p2a: Goodra|Goodra-Hisui, M|100\/100\n|move|p2b: Politoed|Icy Wind|p1a: Cresselia|[spread] p1a,p1b\n|-damage|p1a: Cresselia|63\/100\n|-damage|p1b: Clefairy|96\/100\n|-unboost|p1a: Cresselia|spe|1\n|-unboost|p1b: Clefairy|spe|1\n|move|p1a: Cresselia|Future Sight|p2b: Politoed\n|-start|p1a: Cresselia|move: Future Sight\n|move|p1b: Clefairy|Life Dew|p1b: Clefairy|[spread] p1a,p1b\n|-heal|p1a: Cresselia|88\/100\n|-heal|p1b: Clefairy|100\/100\n|\n|-weather|RainDance|[upkeep]\n|upkeep\n|turn|11\n|\n|t:|1699575598\n|move|p2b: Politoed|Helping Hand|p2a: Goodra\n|-singleturn|p2a: Goodra|Helping Hand|[of] p2b: Politoed\n|move|p2a: Goodra|Acid Spray|p1a: Cresselia\n|-resisted|p1a: Cresselia\n|-damage|p1a: Cresselia|85\/100\n|-unboost|p1a: Cresselia|spd|2\n|move|p1a: Cresselia|Calm Mind|p1a: Cresselia\n|-boost|p1a: Cresselia|spa|1\n|-boost|p1a: Cresselia|spd|1\n|move|p1b: Clefairy|Charge Beam|p2b: Politoed\n|-supereffective|p2b: Politoed\n|-damage|p2b: Politoed|48\/100\n|-enditem|p2b: Politoed|Eject Button\n|\n|t:|1699575613\n|switch|p2b: Basculegion|Basculegion-F, F|83\/100\n|\n|-weather|RainDance|[upkeep]\n|-end|p2a: Goodra|move: Future Sight\n|-resisted|p2a: Goodra\n|-damage|p2a: Goodra|69\/100\n|-sideend|p2: Elite.4.Challenger|move: Tailwind\n|upkeep\n|turn|12\n|\n|t:|1699575637\n|move|p2b: Basculegion|Surf|p1b: Clefairy|[spread] p2a,p1a,p1b\n|-resisted|p2a: Goodra\n|-crit|p1b: Clefairy\n|-damage|p2a: Goodra|51\/100\n|-damage|p1a: Cresselia|52\/100\n|-damage|p1b: Clefairy|10\/100\n|move|p2a: Goodra|Acid Spray|p1a: Cresselia\n|-resisted|p1a: Cresselia\n|-damage|p1a: Cresselia|49\/100\n|-unboost|p1a: Cresselia|spd|2\n|move|p1a: Cresselia|Future Sight|p2a: Goodra\n|-start|p1a: Cresselia|move: Future Sight\n|move|p1b: Clefairy|Charge Beam|p2b: Basculegion\n|-supereffective|p2b: Basculegion\n|-damage|p2b: Basculegion|59\/100\n|-boost|p1b: Clefairy|spa|1\n|\n|-weather|none\n|-end|p2b: Basculegion|move: Future Sight\n|-damage|p2b: Basculegion|0 fnt\n|faint|p2b: Basculegion\n|upkeep\n|\n|t:|1699575652\n|switch|p2b: Politoed|Politoed, F|48\/100\n|-weather|RainDance|[from] ability: Drizzle|[of] p2b: Politoed\n|turn|13\n|\n|t:|1699575673\n|switch|p1a: Empoleon|Empoleon, F|100\/100\n|switch|p1b: Rillaboom|Rillaboom, F|89\/100 par\n|-fieldstart|move: Grassy Terrain|[from] ability: Grassy Surge|[of] p1b: Rillaboom\n|move|p2b: Politoed|Helping Hand|p2a: Goodra\n|-singleturn|p2a: Goodra|Helping Hand|[of] p2b: Politoed\n|move|p2a: Goodra|Dragon Pulse|p1a: Empoleon\n|-resisted|p1a: Empoleon\n|-damage|p1a: Empoleon|77\/100\n|\n|-weather|RainDance|[upkeep]\n|-heal|p2b: Politoed|54\/100|[from] Grassy Terrain\n|-heal|p2a: Goodra|57\/100|[from] Grassy Terrain\n|-heal|p1a: Empoleon|83\/100|[from] Grassy Terrain\n|-heal|p1b: Rillaboom|95\/100 par|[from] Grassy Terrain\n|upkeep\n|turn|14\n|\n|t:|1699575704\n|move|p2b: Politoed|Protect|p2b: Politoed\n|-singleturn|p2b: Politoed|Protect\n|move|p2a: Goodra|Life Dew|p2a: Goodra|[spread] p2a,p2b\n|-heal|p2a: Goodra|82\/100\n|-heal|p2b: Politoed|79\/100\n|move|p1a: Empoleon|Yawn|p2a: Goodra\n|-start|p2a: Goodra|move: Yawn|[of] p1a: Empoleon\n|cant|p1b: Rillaboom|par\n|\n|-weather|RainDance|[upkeep]\n|-end|p2a: Goodra|move: Future Sight\n|-resisted|p2a: Goodra\n|-damage|p2a: Goodra|72\/100\n|-heal|p2b: Politoed|85\/100|[from] Grassy Terrain\n|-heal|p2a: Goodra|78\/100|[from] Grassy Terrain\n|-heal|p1a: Empoleon|89\/100|[from] Grassy Terrain\n|-heal|p1b: Rillaboom|100\/100 par|[from] Grassy Terrain\n|upkeep\n|turn|15\n|\n|t:|1699575740\n|switch|p2a: Toxicroak|Toxicroak, F|97\/100\n|move|p2b: Politoed|Surf|p1a: Empoleon|[spread] p1a,p1b\n|-heal|p2a: Toxicroak|100\/100|[from] ability: Dry Skin|[of] p2b: Politoed\n|-resisted|p1a: Empoleon\n|-resisted|p1b: Rillaboom\n|-damage|p1a: Empoleon|75\/100\n|-damage|p1b: Rillaboom|91\/100 par\n|move|p1a: Empoleon|Feather Dance|p2b: Politoed\n|-unboost|p2b: Politoed|atk|2\n|move|p1b: Rillaboom|Wood Hammer|p2b: Politoed\n|-supereffective|p2b: Politoed\n|-damage|p2b: Politoed|0 fnt\n|faint|p2b: Politoed\n|-damage|p1b: Rillaboom|61\/100 par|[from] Recoil\n|\n|-weather|RainDance|[upkeep]\n|-heal|p1a: Empoleon|81\/100|[from] Grassy Terrain\n|-heal|p1b: Rillaboom|67\/100 par|[from] Grassy Terrain\n|upkeep\n|\n|t:|1699575758\n|switch|p2b: Goodra|Goodra-Hisui, M|78\/100\n|turn|16\n|\n|t:|1699575773\n|switch|p1b: Cresselia|Cresselia, F, tera:Poison|49\/100\n|move|p2a: Toxicroak|Close Combat|p1a: Empoleon\n|-supereffective|p1a: Empoleon\n|-damage|p1a: Empoleon|0 fnt\n|-unboost|p2a: Toxicroak|def|1\n|-unboost|p2a: Toxicroak|spd|1\n|faint|p1a: Empoleon\n|-damage|p2a: Toxicroak|91\/100|[from] item: Life Orb\n|move|p2b: Goodra|Acid Spray|p1b: Cresselia\n|-resisted|p1b: Cresselia\n|-damage|p1b: Cresselia|46\/100\n|-unboost|p1b: Cresselia|spd|2\n|\n|-weather|RainDance|[upkeep]\n|-heal|p2a: Toxicroak|100\/100|[from] ability: Dry Skin\n|-heal|p2b: Goodra|84\/100|[from] Grassy Terrain\n|upkeep\n|\n|t:|1699575795\n|switch|p1a: Sinistcha|Sinistcha|100\/100\n|-heal|p1b: Cresselia|71\/100|[from] ability: Hospitality|[of] p1a: Sinistcha\n|turn|17\n|\n|t:|1699575808\n|move|p2a: Toxicroak|Sucker Punch||[still]\n|-fail|p2a: Toxicroak\n|move|p1b: Cresselia|Future Sight|p2a: Toxicroak\n|-start|p1b: Cresselia|move: Future Sight\n|move|p1a: Sinistcha|Strength Sap|p2a: Toxicroak\n|-unboost|p2a: Toxicroak|atk|1\n|move|p2b: Goodra|Acid Spray|p1b: Cresselia\n|-resisted|p1b: Cresselia\n|-damage|p1b: Cresselia|64\/100\n|-unboost|p1b: Cresselia|spd|2\n|\n|-weather|none\n|-heal|p2b: Goodra|90\/100|[from] Grassy Terrain\n|-fieldend|move: Grassy Terrain\n|upkeep\n|turn|18\n|\n|t:|1699575837\n|switch|p1a: Rillaboom|Rillaboom, F|67\/100 par\n|-fieldstart|move: Grassy Terrain|[from] ability: Grassy Surge|[of] p1a: Rillaboom\n|move|p2a: Toxicroak|Poison Jab|p1a: Rillaboom\n|-supereffective|p1a: Rillaboom\n|-damage|p1a: Rillaboom|0 fnt\n|faint|p1a: Rillaboom\n|-damage|p2a: Toxicroak|91\/100|[from] item: Life Orb\n|move|p1b: Cresselia|Lunar Blessing|p1b: Cresselia\n|-heal|p1b: Cresselia|89\/100\n|move|p2b: Goodra|Dragon Pulse|p1b: Cresselia\n|-damage|p1b: Cresselia|26\/100\n|\n|-heal|p2a: Toxicroak|97\/100|[from] Grassy Terrain\n|-heal|p2b: Goodra|96\/100|[from] Grassy Terrain\n|upkeep\n|\n|t:|1699575863\n|switch|p1a: Sinistcha|Sinistcha|100\/100\n|-heal|p1b: Cresselia|51\/100|[from] ability: Hospitality|[of] p1a: Sinistcha\n|turn|19\n|\n|t:|1699575872\n|switch|p1b: Clefairy|Clefairy, M|10\/100\n|move|p1a: Sinistcha|Rage Powder|p1a: Sinistcha\n|-singleturn|p1a: Sinistcha|move: Rage Powder\n|move|p2a: Toxicroak|Poison Jab|p1a: Sinistcha\n|-damage|p1a: Sinistcha|77\/100\n|-damage|p2a: Toxicroak|87\/100|[from] item: Life Orb\n|move|p2b: Goodra|Dragon Pulse|p1a: Sinistcha\n|-damage|p1a: Sinistcha|48\/100\n|\n|-end|p2a: Toxicroak|move: Future Sight\n|-supereffective|p2a: Toxicroak\n|-damage|p2a: Toxicroak|0 fnt\n|faint|p2a: Toxicroak\n|-heal|p1a: Sinistcha|54\/100|[from] Grassy Terrain\n|-heal|p2b: Goodra|100\/100|[from] Grassy Terrain\n|-heal|p1b: Clefairy|16\/100|[from] Grassy Terrain\n|upkeep\n|turn|20\n|\n|t:|1699575898\n|switch|p1b: Cresselia|Cresselia, F, tera:Poison|51\/100\n|move|p1a: Sinistcha|Strength Sap|p2b: Goodra\n|-ability|p2b: Goodra|Sap Sipper|boost\n|-boost|p2b: Goodra|atk|1\n|move|p2b: Goodra|Flash Cannon|p1b: Cresselia\n|-damage|p1b: Cresselia|29\/100\n|\n|-heal|p1a: Sinistcha|60\/100|[from] Grassy Terrain\n|upkeep\n|turn|21\n|\n|t:|1699575923\n|switch|p1a: Clefairy|Clefairy, M|16\/100\n|move|p1b: Cresselia|Lunar Blessing|p1b: Cresselia|[spread] p1a,p1b\n|-heal|p1a: Clefairy|41\/100\n|-heal|p1b: Cresselia|54\/100\n|move|p2b: Goodra|Acid Spray|p1b: Cresselia\n|-resisted|p1b: Cresselia\n|-damage|p1b: Cresselia|51\/100\n|-unboost|p1b: Cresselia|spd|2\n|\n|-heal|p1a: Clefairy|47\/100|[from] Grassy Terrain\n|upkeep\n|turn|22\n|\n|t:|1699575940\n|switch|p1b: Sinistcha|Sinistcha|60\/100\n|-heal|p1a: Clefairy|72\/100|[from] ability: Hospitality|[of] p1b: Sinistcha\n|move|p2b: Goodra|Flash Cannon|p1a: Clefairy\n|-supereffective|p1a: Clefairy\n|-damage|p1a: Clefairy|18\/100\n|move|p1a: Clefairy|Cosmic Power|p1a: Clefairy\n|-boost|p1a: Clefairy|def|1\n|-boost|p1a: Clefairy|spd|1\n|\n|-heal|p1b: Sinistcha|66\/100|[from] Grassy Terrain\n|-heal|p1a: Clefairy|24\/100|[from] Grassy Terrain\n|-fieldend|move: Grassy Terrain\n|upkeep\n|turn|23\n|\n|t:|1699575961\n|switch|p1a: Cresselia|Cresselia, F, tera:Poison|51\/100\n|move|p1b: Sinistcha|Hex|p2b: Goodra\n|-damage|p2b: Goodra|85\/100\n|move|p2b: Goodra|Flash Cannon|p1a: Cresselia\n|-damage|p1a: Cresselia|29\/100\n|\n|upkeep\n|turn|24\n|\n|t:|1699575981\n|move|p1b: Sinistcha|Rage Powder|p1b: Sinistcha\n|-singleturn|p1b: Sinistcha|move: Rage Powder\n|move|p1a: Cresselia|Lunar Blessing|p1a: Cresselia|[spread] p1a,p1b\n|-heal|p1a: Cresselia|54\/100\n|-heal|p1b: Sinistcha|91\/100\n|move|p2b: Goodra|Acid Spray|p1b: Sinistcha\n|-damage|p1b: Sinistcha|79\/100\n|-unboost|p1b: Sinistcha|spd|2\n|\n|upkeep\n|turn|25\n|\n|t:|1699576003\n|move|p1a: Cresselia|Lunar Blessing|p1a: Cresselia|[spread] p1a,p1b\n|-heal|p1a: Cresselia|79\/100\n|-heal|p1b: Sinistcha|100\/100\n|move|p1b: Sinistcha|Strength Sap|p2b: Goodra\n|-ability|p2b: Goodra|Sap Sipper|boost\n|-boost|p2b: Goodra|atk|1\n|move|p2b: Goodra|Acid Spray|p1a: Cresselia\n|-resisted|p1a: Cresselia\n|-damage|p1a: Cresselia|75\/100\n|-unboost|p1a: Cresselia|spd|2\n|\n|upkeep\n|turn|26\n|c|\u2606Elite.4.Challenger|what a wild game lol\n|\n|t:|1699576036\n|switch|p1a: Clefairy|Clefairy, M|24\/100\n|move|p1b: Sinistcha|Rage Powder|p1b: Sinistcha\n|-singleturn|p1b: Sinistcha|move: Rage Powder\n|move|p2b: Goodra|Acid Spray|p1b: Sinistcha\n|-damage|p1b: Sinistcha|83\/100\n|-unboost|p1b: Sinistcha|spd|2\n|\n|upkeep\n|turn|27\n|\n|t:|1699576047\n|move|p1b: Sinistcha|Rage Powder|p1b: Sinistcha\n|-singleturn|p1b: Sinistcha|move: Rage Powder\n|move|p2b: Goodra|Flash Cannon|p1b: Sinistcha\n|-damage|p1b: Sinistcha|7\/100\n|move|p1a: Clefairy|Cosmic Power|p1a: Clefairy\n|-boost|p1a: Clefairy|def|1\n|-boost|p1a: Clefairy|spd|1\n|\n|upkeep\n|turn|28\n|\n|t:|1699576059\n|switch|p1b: Cresselia|Cresselia, F, tera:Poison|75\/100\n|move|p2b: Goodra|Flash Cannon|p1a: Clefairy\n|-supereffective|p1a: Clefairy\n|-damage|p1a: Clefairy|0 fnt\n|faint|p1a: Clefairy\n|\n|upkeep\n|\n|t:|1699576066\n|switch|p1a: Sinistcha|Sinistcha|7\/100\n|-heal|p1b: Cresselia|100\/100|[from] ability: Hospitality|[of] p1a: Sinistcha\n|turn|29\n|\n|t:|1699576075\n|move|p1b: Cresselia|Lunar Blessing|p1b: Cresselia|[spread] p1a,p1b\n|-heal|p1a: Sinistcha|32\/100\n|move|p1a: Sinistcha|Hex|p2b: Goodra\n|-crit|p2b: Goodra\n|-damage|p2b: Goodra|63\/100\n|move|p2b: Goodra|Acid Spray|p1b: Cresselia\n|-resisted|p1b: Cresselia\n|-damage|p1b: Cresselia|97\/100\n|-unboost|p1b: Cresselia|spd|2\n|\n|upkeep\n|turn|30\n|inactive|Battle timer is ON: inactive players will automatically lose when time's up. (requested by Elite.4.Challenger)\n|\n|t:|1699576110\n|move|p1b: Cresselia|Calm Mind|p1b: Cresselia\n|-boost|p1b: Cresselia|spa|1\n|-boost|p1b: Cresselia|spd|1\n|move|p1a: Sinistcha|Strength Sap|p1b: Cresselia\n|-unboost|p1b: Cresselia|atk|1\n|-heal|p1a: Sinistcha|78\/100\n|move|p2b: Goodra|Acid Spray|p1b: Cresselia\n|-resisted|p1b: Cresselia\n|-damage|p1b: Cresselia|92\/100\n|-unboost|p1b: Cresselia|spd|2\n|\n|upkeep\n|turn|31\n|\n|t:|1699576127\n|move|p1b: Cresselia|Future Sight|p2b: Goodra\n|-start|p1b: Cresselia|move: Future Sight\n|move|p1a: Sinistcha|Hex|p2b: Goodra\n|-damage|p2b: Goodra|49\/100\n|move|p2b: Goodra|Acid Spray|p1b: Cresselia\n|-resisted|p1b: Cresselia\n|-damage|p1b: Cresselia|83\/100\n|-unboost|p1b: Cresselia|spd|2\n|\n|upkeep\n|turn|32\n|\n|t:|1699576140\n|move|p1b: Cresselia|Calm Mind|p1b: Cresselia\n|-boost|p1b: Cresselia|spa|1\n|-boost|p1b: Cresselia|spd|1\n|move|p1a: Sinistcha|Hex|p2b: Goodra\n|-damage|p2b: Goodra|33\/100\n|move|p2b: Goodra|Dragon Pulse|p1b: Cresselia\n|-damage|p1b: Cresselia|12\/100\n|\n|upkeep\n|turn|33\n|inactive|Gilgarune has 120 seconds left.\n|\n|t:|1699576176\n|move|p1b: Cresselia|Power Gem|p2b: Goodra\n|-resisted|p2b: Goodra\n|-damage|p2b: Goodra|24\/100\n|-enditem|p2b: Goodra|Iapapa Berry|[eat]\n|-heal|p2b: Goodra|58\/100|[from] item: Iapapa Berry\n|move|p1a: Sinistcha|Hex|p2b: Goodra\n|-damage|p2b: Goodra|44\/100\n|move|p2b: Goodra|Life Dew|p2b: Goodra\n|-heal|p2b: Goodra|69\/100\n|\n|-end|p2b: Goodra|move: Future Sight\n|-resisted|p2b: Goodra\n|-damage|p2b: Goodra|49\/100\n|upkeep\n|turn|34\n|\n|t:|1699576203\n|move|p1a: Sinistcha|Rage Powder|p1a: Sinistcha\n|-singleturn|p1a: Sinistcha|move: Rage Powder\n|move|p1b: Cresselia|Calm Mind|p1b: Cresselia\n|-boost|p1b: Cresselia|spa|1\n|-boost|p1b: Cresselia|spd|1\n|move|p2b: Goodra|Life Dew|p2b: Goodra\n|-heal|p2b: Goodra|74\/100\n|\n|upkeep\n|turn|35\n|\n|t:|1699576216\n|move|p1a: Sinistcha|Rage Powder|p1a: Sinistcha\n|-singleturn|p1a: Sinistcha|move: Rage Powder\n|move|p1b: Cresselia|Lunar Blessing|p1b: Cresselia|[spread] p1a,p1b\n|-heal|p1a: Sinistcha|100\/100\n|-heal|p1b: Cresselia|37\/100\n|move|p2b: Goodra|Acid Spray|p1a: Sinistcha\n|-damage|p1a: Sinistcha|89\/100\n|-unboost|p1a: Sinistcha|spd|2\n|\n|upkeep\n|turn|36\n|\n|t:|1699576236\n|move|p1a: Sinistcha|Rage Powder|p1a: Sinistcha\n|-singleturn|p1a: Sinistcha|move: Rage Powder\n|move|p1b: Cresselia|Calm Mind|p1b: Cresselia\n|-boost|p1b: Cresselia|spa|1\n|-boost|p1b: Cresselia|spd|1\n|move|p2b: Goodra|Acid Spray|p1a: Sinistcha\n|-damage|p1a: Sinistcha|67\/100\n|-unboost|p1a: Sinistcha|spd|2\n|\n|upkeep\n|turn|37\n|\n|t:|1699576250\n|move|p1b: Cresselia|Future Sight|p2b: Goodra\n|-start|p1b: Cresselia|move: Future Sight\n|move|p1a: Sinistcha|Hex|p2b: Goodra\n|-damage|p2b: Goodra|60\/100\n|move|p2b: Goodra|Dragon Pulse|p1b: Cresselia\n|-crit|p1b: Cresselia\n|-damage|p1b: Cresselia|0 fnt\n|faint|p1b: Cresselia\n|\n|upkeep\n|turn|38\n|c|\u2606Gilgarune|gg\n|c|\u2606Elite.4.Challenger|ggwp\n|\n|t:|1699576263\n|move|p1a: Sinistcha|Hex|p2b: Goodra\n|-damage|p2b: Goodra|44\/100\n|move|p2b: Goodra|Life Dew|p2b: Goodra\n|-heal|p2b: Goodra|69\/100\n|\n|upkeep\n|turn|39\n|\n|t:|1699576270\n|move|p1a: Sinistcha|Hex|p2b: Goodra\n|-damage|p2b: Goodra|53\/100\n|move|p2b: Goodra|Dragon Pulse|p1a: Sinistcha\n|-damage|p1a: Sinistcha|0 fnt\n|faint|p1a: Sinistcha\n|\n|win|Elite.4.Challenger\n|raw|Gilgarune's rating: 1275 &rarr; <strong>1255<\/strong><br \/>(-20 for losing)\n|raw|Elite.4.Challenger's rating: 1345 &rarr; <strong>1361<\/strong><br \/>(+16 for winning)\n","uploadtime":1699576275,"views":27,"p1id":"gilgarune","p2id":"elite4challenger","formatid":"gen9doublesou","rating":1255,"private":0,"password":""}