{"id":"gen9doublesou-1968712417","p1":"cotesmcgotes","p2":"burnmybooksowo","format":"[Gen 9] Doubles OU","log":"|j|\u2606cotesmcgotes\n|j|\u2606burnmybooksowo\n|t:|1697456915\n|gametype|doubles\n|player|p1|cotesmcgotes|flannery|1367\n|player|p2|burnmybooksowo|medium|1335\n|teamsize|p1|6\n|teamsize|p2|6\n|gen|9\n|tier|[Gen 9] Doubles OU\n|rated|\n|rule|Species Clause: Limit one of each Pok\u00e9mon\n|rule|OHKO Clause: OHKO moves are banned\n|rule|Evasion Moves Clause: Evasion moves are banned\n|rule|Gravity Sleep Clause: The combination of sleep-inducing moves with imperfect accuracy and Gravity or Gigantamax Orbeetle are banned\n|rule|Endless Battle Clause: Forcing endless battles is banned\n|rule|HP Percentage Mod: HP is shown in percentages\n|clearpoke\n|poke|p1|Manaphy|\n|poke|p1|Espathra, M|\n|poke|p1|Goodra-Hisui, M|\n|poke|p1|Ursaluna-Bloodmoon, M|\n|poke|p1|Ogerpon-Hearthflame, F|\n|poke|p1|Chien-Pao|\n|poke|p2|Clodsire, F|\n|poke|p2|Hatterene, F|\n|poke|p2|Corviknight, M|\n|poke|p2|Kingambit, M|\n|poke|p2|Crabominable, F|\n|poke|p2|Sinistcha-Masterpiece|\n|teampreview\n|\n|t:|1697456926\n|start\n|switch|p1a: Goodra|Goodra-Hisui, M|100\/100\n|switch|p1b: Ogerpon|Ogerpon-Hearthflame, F|100\/100\n|switch|p2a: Hatterene|Hatterene, F|100\/100\n|switch|p2b: Kingambit|Kingambit, M|100\/100\n|-ability|p1b: Ogerpon|Mold Breaker\n|turn|1\n|inactive|Battle timer is ON: inactive players will automatically lose when time's up. (requested by cotesmcgotes)\n|inactive|burnmybooksowo has 120 seconds left.\n|\n|t:|1697456969\n|-terastallize|p2b: Kingambit|Psychic\n|move|p1b: Ogerpon|Ivy Cudgel|p2a: Hatterene\n|-crit|p2a: Hatterene\n|-damage|p2a: Hatterene|14\/100\n|move|p1a: Goodra|Iron Head|p2a: Hatterene\n|-supereffective|p2a: Hatterene\n|-damage|p2a: Hatterene|0 fnt\n|faint|p2a: Hatterene\n|move|p2b: Kingambit|Low Kick|p1a: Goodra\n|-supereffective|p1a: Goodra\n|-damage|p1a: Goodra|8\/100\n|\n|-heal|p1a: Goodra|14\/100|[from] item: Leftovers\n|upkeep\n|\n|t:|1697456992\n|switch|p2a: Crabominable|Crabominable, F|100\/100\n|turn|2\n|\n|t:|1697457011\n|move|p1b: Ogerpon|Ivy Cudgel|p2b: Kingambit\n|-crit|p2b: Kingambit\n|-damage|p2b: Kingambit|29\/100\n|move|p1a: Goodra|Iron Head|p2a: Crabominable\n|-supereffective|p2a: Crabominable\n|-damage|p2a: Crabominable|42\/100\n|move|p2b: Kingambit|Kowtow Cleave|p1a: Goodra\n|-damage|p1a: Goodra|0 fnt\n|faint|p1a: Goodra\n|move|p2a: Crabominable|Crabhammer|p1b: Ogerpon\n|-damage|p1b: Ogerpon|46\/100\n|\n|upkeep\n|\n|t:|1697457030\n|switch|p1a: Chien-Pao|Chien-Pao|100\/100\n|-ability|p1a: Chien-Pao|Sword of Ruin\n|turn|3\n|inactive|burnmybooksowo has 120 seconds left.\n|inactive|burnmybooksowo has 90 seconds left.\n|\n|t:|1697457101\n|switch|p2b: Corviknight|Corviknight, M|100\/100\n|switch|p2a: Clodsire|Clodsire, F|100\/100\n|move|p1a: Chien-Pao|Crunch|p2b: Corviknight\n|-damage|p2b: Corviknight|68\/100\n|move|p1b: Ogerpon|Ivy Cudgel|p2a: Clodsire\n|-damage|p2a: Clodsire|22\/100\n|-enditem|p2a: Clodsire|Aguav Berry|[eat]\n|-heal|p2a: Clodsire|55\/100|[from] item: Aguav Berry\n|\n|-heal|p2b: Corviknight|74\/100|[from] item: Leftovers\n|upkeep\n|turn|4\n|inactive|burnmybooksowo has 90 seconds left.\n|inactive|burnmybooksowo has 60 seconds left.\n|\n|t:|1697457146\n|move|p1a: Chien-Pao|Ice Spinner|p2a: Clodsire\n|-supereffective|p2a: Clodsire\n|-damage|p2a: Clodsire|0 fnt\n|faint|p2a: Clodsire\n|move|p1b: Ogerpon|Ivy Cudgel|p2b: Corviknight\n|-supereffective|p2b: Corviknight\n|-damage|p2b: Corviknight|0 fnt\n|faint|p2b: Corviknight\n|\n|upkeep\n|inactive|burnmybooksowo has 60 seconds left.\n|\n|t:|1697457168\n|switch|p2b: Sinistcha|Sinistcha-Masterpiece|100\/100\n|switch|p2a: Kingambit|Kingambit, M, tera:Psychic|29\/100\n|-heal|p2a: Kingambit|53\/100|[from] ability: Hospitality|[of] p2b: Sinistcha\n|turn|5\n|inactive|burnmybooksowo has 60 seconds left.\n|inactive|cotesmcgotes has 120 seconds left.\n|\n|t:|1697457212\n|move|p1a: Chien-Pao|Crunch|p2a: Kingambit\n|-supereffective|p2a: Kingambit\n|-damage|p2a: Kingambit|0 fnt\n|faint|p2a: Kingambit\n|move|p1b: Ogerpon|Ivy Cudgel|p2b: Sinistcha\n|-supereffective|p2b: Sinistcha\n|-damage|p2b: Sinistcha|0 fnt\n|faint|p2b: Sinistcha\n|\n|upkeep\n|\n|t:|1697457222\n|switch|p2a: Crabominable|Crabominable, F|42\/100\n|turn|6\n|\n|t:|1697457237\n|-terastallize|p1a: Chien-Pao|Ghost\n|move|p1a: Chien-Pao|Sacred Sword|p2a: Crabominable\n|-supereffective|p2a: Crabominable\n|-damage|p2a: Crabominable|0 fnt\n|faint|p2a: Crabominable\n|\n|win|cotesmcgotes\n|raw|cotesmcgotes's rating: 1367 &rarr; <strong>1385<\/strong><br \/>(+18 for winning)\n|raw|burnmybooksowo's rating: 1335 &rarr; <strong>1317<\/strong><br \/>(-18 for losing)\n|l|\u2606burnmybooksowo\n|l|\u2606cotesmcgotes\n|j|\u2606cotesmcgotes\n|player|p1|cotesmcgotes|flannery\n","uploadtime":1697457254,"views":16,"p1id":"cotesmcgotes","p2id":"burnmybooksowo","formatid":"gen9doublesou","rating":1317,"private":0,"password":""}