{"id":"gen9doublesou-1975683805","p1":"roundzawarudo","p2":"DoerreKong","format":"[Gen 9] Doubles OU","log":"|j|\u2606roundzawarudo\n|j|\u2606DoerreKong\n|t:|1698224616\n|gametype|doubles\n|player|p1|roundzawarudo|1|1402\n|player|p2|DoerreKong|ltsurge|1528\n|teamsize|p1|6\n|teamsize|p2|6\n|gen|9\n|tier|[Gen 9] Doubles OU\n|rated|\n|rule|Species Clause: Limit one of each Pok\u00e9mon\n|rule|OHKO Clause: OHKO moves are banned\n|rule|Evasion Moves Clause: Evasion moves are banned\n|rule|Gravity Sleep Clause: The combination of sleep-inducing moves with imperfect accuracy and Gravity or Gigantamax Orbeetle are banned\n|rule|Endless Battle Clause: Forcing endless battles is banned\n|rule|HP Percentage Mod: HP is shown in percentages\n|clearpoke\n|poke|p1|Baxcalibur, F|\n|poke|p1|Grimmsnarl, M|\n|poke|p1|Rillaboom, F|\n|poke|p1|Tornadus, M|\n|poke|p1|Gholdengo|\n|poke|p1|Volcanion|\n|poke|p2|Torkoal, F|\n|poke|p2|Cresselia, F|\n|poke|p2|Diancie|\n|poke|p2|Iron Hands|\n|poke|p2|Farigiraf, F|\n|poke|p2|Amoonguss, M|\n|teampreview\n|inactive|Battle timer is ON: inactive players will automatically lose when time's up. (requested by DoerreKong)\n|inactive|roundzawarudo also wants the timer to be on.\n|inactive|roundzawarudo has 120 seconds left.\n|inactive|DoerreKong has 120 seconds left.\n|inactive|DoerreKong has 90 seconds left.\n|\n|t:|1698224689\n|start\n|switch|p1a: Rillaboom|Rillaboom, F|100\/100\n|switch|p1b: Gholdengo|Gholdengo|100\/100\n|switch|p2a: Farigiraf|Farigiraf, F|100\/100\n|switch|p2b: Iron Hands|Iron Hands|100\/100\n|-fieldstart|move: Grassy Terrain|[from] ability: Grassy Surge|[of] p1a: Rillaboom\n|turn|1\n|inactive|DoerreKong has 120 seconds left.\n|\n|t:|1698224739\n|move|p1a: Rillaboom|Fake Out||[still]\n|cant|p2a: Farigiraf|ability: Armor Tail|Fake Out|[of] p1a: Rillaboom\n|move|p1b: Gholdengo|Make It Rain|p2a: Farigiraf|[spread] p2a,p2b\n|-resisted|p2b: Iron Hands\n|-damage|p2a: Farigiraf|33\/100\n|-damage|p2b: Iron Hands|70\/100\n|-unboost|p1b: Gholdengo|spa|1\n|move|p2b: Iron Hands|Iron Defense|p2b: Iron Hands\n|-boost|p2b: Iron Hands|def|2\n|move|p2a: Farigiraf|Trick Room|p2a: Farigiraf\n|-fieldstart|move: Trick Room|[of] p2a: Farigiraf\n|\n|-heal|p2b: Iron Hands|76\/100|[from] Grassy Terrain\n|-heal|p2b: Iron Hands|83\/100|[from] item: Leftovers\n|-heal|p2a: Farigiraf|39\/100|[from] Grassy Terrain\n|-heal|p2a: Farigiraf|45\/100|[from] item: Leftovers\n|upkeep\n|turn|2\n|inactive|DoerreKong has 120 seconds left.\n|inactive|roundzawarudo has 120 seconds left.\n|\n|t:|1698224773\n|switch|p1b: Grimmsnarl|Grimmsnarl, M|100\/100\n|move|p2b: Iron Hands|Iron Defense|p2b: Iron Hands\n|-boost|p2b: Iron Hands|def|2\n|move|p2a: Farigiraf|Dazzling Gleam|p1a: Rillaboom|[spread] p1a,p1b\n|-supereffective|p1b: Grimmsnarl\n|-damage|p1a: Rillaboom|91\/100\n|-damage|p1b: Grimmsnarl|74\/100\n|move|p1a: Rillaboom|U-turn|p2a: Farigiraf\n|-supereffective|p2a: Farigiraf\n|-damage|p2a: Farigiraf|9\/100\n|inactive|roundzawarudo has 120 seconds left.\n|inactive|roundzawarudo has 90 seconds left.\n|\n|t:|1698224814\n|switch|p1a: Volcanion|Volcanion|100\/100|[from] U-turn\n|\n|-heal|p2b: Iron Hands|89\/100|[from] Grassy Terrain\n|-heal|p2b: Iron Hands|95\/100|[from] item: Leftovers\n|-heal|p2a: Farigiraf|15\/100|[from] Grassy Terrain\n|-heal|p2a: Farigiraf|22\/100|[from] item: Leftovers\n|-heal|p1b: Grimmsnarl|80\/100|[from] Grassy Terrain\n|upkeep\n|turn|3\n|\n|t:|1698224833\n|move|p1b: Grimmsnarl|Reflect|p1b: Grimmsnarl\n|-sidestart|p1: roundzawarudo|Reflect\n|move|p2b: Iron Hands|Body Press|p1a: Volcanion\n|-damage|p1a: Volcanion|32\/100\n|move|p2a: Farigiraf|Dazzling Gleam|p1b: Grimmsnarl|[spread] p1a,p1b\n|-resisted|p1a: Volcanion\n|-supereffective|p1b: Grimmsnarl\n|-damage|p1a: Volcanion|27\/100\n|-damage|p1b: Grimmsnarl|55\/100\n|move|p1a: Volcanion|Heat Wave|p2a: Farigiraf|[spread] p2a\n|-miss|p1a: Volcanion|p2b: Iron Hands\n|-damage|p2a: Farigiraf|0 fnt\n|faint|p2a: Farigiraf\n|\n|-heal|p2b: Iron Hands|100\/100|[from] Grassy Terrain\n|-heal|p1b: Grimmsnarl|61\/100|[from] Grassy Terrain\n|-heal|p1a: Volcanion|33\/100|[from] Grassy Terrain\n|upkeep\n|\n|t:|1698224846\n|switch|p2a: Diancie|Diancie|100\/100\n|turn|4\n|inactive|roundzawarudo has 120 seconds left.\n|\n|t:|1698224865\n|switch|p1a: Gholdengo|Gholdengo|100\/100\n|move|p1b: Grimmsnarl|Light Screen|p1b: Grimmsnarl\n|-sidestart|p1: roundzawarudo|move: Light Screen\n|move|p2b: Iron Hands|Body Press|p1b: Grimmsnarl\n|-damage|p1b: Grimmsnarl|0 fnt\n|faint|p1b: Grimmsnarl\n|move|p2a: Diancie|Diamond Storm|p1a: Gholdengo\n|-resisted|p1a: Gholdengo\n|-damage|p1a: Gholdengo|87\/100\n|-boost|p2a: Diancie|def|2\n|\n|-heal|p1a: Gholdengo|94\/100|[from] Grassy Terrain\n|upkeep\n|\n|t:|1698224889\n|switch|p1b: Rillaboom|Rillaboom, F|91\/100\n|turn|5\n|inactive|DoerreKong has 120 seconds left.\n|\n|t:|1698224924\n|-terastallize|p2a: Diancie|Grass\n|-terastallize|p1a: Gholdengo|Steel\n|move|p1b: Rillaboom|Fake Out|p2b: Iron Hands\n|-damage|p2b: Iron Hands|98\/100\n|move|p2a: Diancie|Diamond Storm|p1b: Rillaboom|[spread] p1b\n|-miss|p2a: Diancie|p1a: Gholdengo\n|-damage|p1b: Rillaboom|75\/100\n|-boost|p2a: Diancie|def|2\n|cant|p2b: Iron Hands|flinch\n|move|p1a: Gholdengo|Make It Rain|p2b: Iron Hands|[spread] p2a,p2b\n|-resisted|p2b: Iron Hands\n|-damage|p2a: Diancie|25\/100\n|-damage|p2b: Iron Hands|60\/100\n|-unboost|p1a: Gholdengo|spa|1\n|\n|-heal|p2a: Diancie|31\/100|[from] Grassy Terrain\n|-heal|p2b: Iron Hands|66\/100|[from] Grassy Terrain\n|-heal|p2b: Iron Hands|73\/100|[from] item: Leftovers\n|-heal|p1b: Rillaboom|81\/100|[from] Grassy Terrain\n|-heal|p1a: Gholdengo|99\/100|[from] Grassy Terrain\n|-fieldend|move: Trick Room\n|-fieldend|move: Grassy Terrain\n|upkeep\n|turn|6\n|inactive|roundzawarudo has 120 seconds left.\n|inactive|roundzawarudo has 90 seconds left.\n|\n|t:|1698224975\n|move|p2a: Diancie|Protect|p2a: Diancie\n|-singleturn|p2a: Diancie|Protect\n|move|p1a: Gholdengo|Make It Rain|p2a: Diancie|[spread] p2b\n|-activate|p2a: Diancie|move: Protect\n|-resisted|p2b: Iron Hands\n|-damage|p2b: Iron Hands|50\/100\n|-unboost|p1a: Gholdengo|spa|1\n|move|p1b: Rillaboom|U-turn|p2b: Iron Hands\n|-resisted|p2b: Iron Hands\n|-damage|p2b: Iron Hands|48\/100\n|\n|t:|1698224992\n|switch|p1b: Baxcalibur|Baxcalibur, F|100\/100|[from] U-turn\n|move|p2b: Iron Hands|Body Press|p1a: Gholdengo\n|-supereffective|p1a: Gholdengo\n|-damage|p1a: Gholdengo|0 fnt\n|faint|p1a: Gholdengo\n|\n|-heal|p2b: Iron Hands|54\/100|[from] item: Leftovers\n|upkeep\n|\n|t:|1698224999\n|switch|p1a: Volcanion|Volcanion|33\/100\n|turn|7\n|inactive|roundzawarudo has 90 seconds left.\n|\n|t:|1698225012\n|move|p1b: Baxcalibur|Icicle Spear|p2a: Diancie\n|-supereffective|p2a: Diancie\n|-damage|p2a: Diancie|24\/100\n|-enditem|p2a: Diancie|Weakness Policy\n|-boost|p2a: Diancie|atk|2|[from] item: Weakness Policy\n|-boost|p2a: Diancie|spa|2|[from] item: Weakness Policy\n|-supereffective|p2a: Diancie\n|-damage|p2a: Diancie|17\/100\n|-supereffective|p2a: Diancie\n|-damage|p2a: Diancie|11\/100\n|-supereffective|p2a: Diancie\n|-damage|p2a: Diancie|4\/100\n|-hitcount|p2a: Diancie|4\n|move|p1a: Volcanion|Earth Power|p2b: Iron Hands\n|-supereffective|p2b: Iron Hands\n|-damage|p2b: Iron Hands|0 fnt\n|faint|p2b: Iron Hands\n|-end|p2b: Iron Hands|Quark Drive|[silent]\n|move|p2a: Diancie|Trick Room|p2a: Diancie\n|-fieldstart|move: Trick Room|[of] p2a: Diancie\n|\n|upkeep\n|\n|t:|1698225029\n|switch|p2b: Amoonguss|Amoonguss, M|100\/100\n|turn|8\n|\n|t:|1698225039\n|move|p2b: Amoonguss|Spore|p1b: Baxcalibur\n|-status|p1b: Baxcalibur|slp|[from] move: Spore\n|move|p2a: Diancie|Diamond Storm|p1a: Volcanion|[spread] p1a,p1b\n|-supereffective|p1a: Volcanion\n|-supereffective|p1b: Baxcalibur\n|-crit|p1b: Baxcalibur\n|-damage|p1a: Volcanion|0 fnt\n|-damage|p1b: Baxcalibur|0 fnt\n|faint|p1a: Volcanion\n|faint|p1b: Baxcalibur\n|\n|upkeep\n|\n|t:|1698225049\n|switch|p1a: Tornadus|Tornadus, M|100\/100\n|switch|p1b: Rillaboom|Rillaboom, F|81\/100\n|-fieldstart|move: Grassy Terrain|[from] ability: Grassy Surge|[of] p1b: Rillaboom\n|turn|9\n|inactive|roundzawarudo has 120 seconds left.\n|\n|t:|1698225067\n|move|p2a: Diancie|Protect|p2a: Diancie\n|-singleturn|p2a: Diancie|Protect\n|move|p1a: Tornadus|Taunt|p2b: Amoonguss\n|-start|p2b: Amoonguss|move: Taunt\n|cant|p2b: Amoonguss|move: Taunt|Spore\n|move|p1b: Rillaboom|U-turn|p2a: Diancie\n|-activate|p2a: Diancie|move: Protect\n|\n|-heal|p2a: Diancie|10\/100|[from] Grassy Terrain\n|-heal|p1b: Rillaboom|87\/100|[from] Grassy Terrain\n|upkeep\n|turn|10\n|\n|t:|1698225077\n|move|p2b: Amoonguss|Sludge Bomb|p1b: Rillaboom\n|-supereffective|p1b: Rillaboom\n|-damage|p1b: Rillaboom|63\/100\n|move|p2a: Diancie|Diamond Storm|p1b: Rillaboom|[spread] p1a,p1b\n|-supereffective|p1a: Tornadus\n|-enditem|p1a: Tornadus|Focus Sash\n|-damage|p1a: Tornadus|1\/100\n|-damage|p1b: Rillaboom|32\/100\n|-boost|p2a: Diancie|def|2\n|move|p1b: Rillaboom|U-turn|p2b: Amoonguss\n|-damage|p2b: Amoonguss|80\/100\n|move|p1a: Tornadus|Bleakwind Storm|p2a: Diancie|[spread] p2a,p2b\n|-supereffective|p2a: Diancie\n|-supereffective|p2b: Amoonguss\n|-damage|p2a: Diancie|0 fnt\n|-damage|p2b: Amoonguss|20\/100\n|faint|p2a: Diancie\n|\n|-heal|p2b: Amoonguss|26\/100|[from] Grassy Terrain\n|-heal|p1b: Rillaboom|38\/100|[from] Grassy Terrain\n|-sideend|p1: roundzawarudo|Reflect\n|upkeep\n|\n|t:|1698225084\n|switch|p2a: Torkoal|Torkoal, F|100\/100\n|-weather|SunnyDay|[from] ability: Drought|[of] p2a: Torkoal\n|turn|11\n|\n|t:|1698225108\n|switch|p2b: Cresselia|Cresselia, F|100\/100\n|move|p2a: Torkoal|Eruption|p1a: Tornadus|[spread] p1a,p1b\n|-supereffective|p1b: Rillaboom\n|-damage|p1a: Tornadus|0 fnt\n|-damage|p1b: Rillaboom|0 fnt\n|faint|p1a: Tornadus\n|faint|p1b: Rillaboom\n|\n|win|DoerreKong\n|raw|roundzawarudo's rating: 1402 &rarr; <strong>1389<\/strong><br \/>(-13 for losing)\n|raw|DoerreKong's rating: 1528 &rarr; <strong>1541<\/strong><br \/>(+13 for winning)\n|c|\u2606roundzawarudo|Gg\n|c|\u2606DoerreKong|gg\n","uploadtime":1698225119,"views":22,"p1id":"roundzawarudo","p2id":"doerrekong","formatid":"gen9doublesou","rating":1389,"private":0,"password":""}