{"id":"gen9doublesou-1979163255","p1":"AraumC","p2":"DreamyFleur","format":"[Gen 9] Doubles OU","log":"|j|\u2606AraumC\n|j|\u2606DreamyFleur\n|inactive|Battle timer is ON: inactive players will automatically lose when time's up.\n|t:|1698641808\n|gametype|doubles\n|player|p1|AraumC|169|\n|player|p2|DreamyFleur|tulip|\n|teamsize|p1|2\n|teamsize|p2|2\n|gen|9\n|tier|[Gen 9] Doubles OU\n|rated|Tournament battle\n|rule|Species Clause: Limit one of each Pok\u00e9mon\n|rule|OHKO Clause: OHKO moves are banned\n|rule|Evasion Moves Clause: Evasion moves are banned\n|rule|Gravity Sleep Clause: The combination of sleep-inducing moves with imperfect accuracy and Gravity or Gigantamax Orbeetle are banned\n|rule|Endless Battle Clause: Forcing endless battles is banned\n|rule|HP Percentage Mod: HP is shown in percentages\n|clearpoke\n|poke|p1|Toxapex, F|\n|poke|p1|Gengar, F|\n|poke|p2|Cinderace, F|\n|poke|p2|Scizor, M|\n|teampreview\n|j|*Lady Monita \u263d\n|inactive|DreamyFleur also wants the timer to be on.\n|\n|t:|1698641817\n|start\n|switch|p1a: Toxapex|Toxapex, F|100\/100\n|switch|p1b: Gengar|Gengar, F|100\/100\n|switch|p2a: Scizor|Scizor, M, shiny|100\/100\n|switch|p2b: Cinderace|Cinderace, F, shiny|100\/100\n|turn|1\n|\n|t:|1698641845\n|-terastallize|p1b: Gengar|Dark\n|move|p2a: Scizor|Bullet Punch|p1b: Gengar\n|-damage|p1b: Gengar|36\/100\n|move|p2b: Cinderace|Pyro Ball|p1b: Gengar\n|-damage|p1b: Gengar|0 fnt\n|faint|p1b: Gengar\n|-damage|p2b: Cinderace|91\/100|[from] item: Life Orb\n|move|p1a: Toxapex|Surf|p2b: Cinderace|[spread] p2a,p2b\n|-supereffective|p2b: Cinderace\n|-damage|p2a: Scizor|83\/100\n|-damage|p2b: Cinderace|46\/100\n|\n|-heal|p2a: Scizor|89\/100|[from] item: Leftovers\n|upkeep\n|turn|2\n|\n|t:|1698641865\n|move|p2b: Cinderace|Pyro Ball|p1a: Toxapex\n|-resisted|p1a: Toxapex\n|-damage|p1a: Toxapex|74\/100\n|-damage|p2b: Cinderace|36\/100|[from] item: Life Orb\n|move|p2a: Scizor|Swords Dance|p2a: Scizor\n|-boost|p2a: Scizor|atk|2\n|move|p1a: Toxapex|Surf|p2a: Scizor|[spread] p2a,p2b\n|-supereffective|p2b: Cinderace\n|-damage|p2a: Scizor|70\/100\n|-damage|p2b: Cinderace|0 fnt\n|faint|p2b: Cinderace\n|\n|-heal|p2a: Scizor|77\/100|[from] item: Leftovers\n|-heal|p1a: Toxapex|80\/100|[from] item: Leftovers\n|upkeep\n|turn|3\n|\n|t:|1698641877\n|move|p2a: Scizor|Swords Dance|p2a: Scizor\n|-boost|p2a: Scizor|atk|2\n|move|p1a: Toxapex|Haze|p1a: Toxapex\n|-clearallboost\n|\n|-heal|p2a: Scizor|83\/100|[from] item: Leftovers\n|-heal|p1a: Toxapex|86\/100|[from] item: Leftovers\n|upkeep\n|turn|4\n|j|^Use Guard Specs\n|\n|t:|1698641888\n|move|p2a: Scizor|Swords Dance|p2a: Scizor\n|-boost|p2a: Scizor|atk|2\n|move|p1a: Toxapex|Surf|p2a: Scizor\n|-damage|p2a: Scizor|61\/100\n|\n|-heal|p2a: Scizor|67\/100|[from] item: Leftovers\n|-heal|p1a: Toxapex|92\/100|[from] item: Leftovers\n|upkeep\n|turn|5\n|\n|t:|1698641896\n|move|p2a: Scizor|X-Scissor|p1a: Toxapex\n|-resisted|p1a: Toxapex\n|-damage|p1a: Toxapex|60\/100\n|move|p1a: Toxapex|Haze|p1a: Toxapex\n|-clearallboost\n|\n|-heal|p2a: Scizor|73\/100|[from] item: Leftovers\n|-heal|p1a: Toxapex|66\/100|[from] item: Leftovers\n|upkeep\n|turn|6\n|l|^Use Guard Specs\n|\n|t:|1698641920\n|move|p2a: Scizor|X-Scissor|p1a: Toxapex\n|-resisted|p1a: Toxapex\n|-crit|p1a: Toxapex\n|-damage|p1a: Toxapex|42\/100\n|move|p1a: Toxapex|Surf|p2a: Scizor\n|-damage|p2a: Scizor|51\/100\n|\n|-heal|p2a: Scizor|57\/100|[from] item: Leftovers\n|-heal|p1a: Toxapex|48\/100|[from] item: Leftovers\n|upkeep\n|turn|7\n|\n|t:|1698641929\n|move|p2a: Scizor|Swords Dance|p2a: Scizor\n|-boost|p2a: Scizor|atk|2\n|move|p1a: Toxapex|Recover|p1a: Toxapex\n|-heal|p1a: Toxapex|98\/100\n|\n|-heal|p2a: Scizor|63\/100|[from] item: Leftovers\n|-heal|p1a: Toxapex|100\/100|[from] item: Leftovers\n|upkeep\n|turn|8\n|c|\u2606DreamyFleur|just take the win this is boring\n|\n|t:|1698641940\n|move|p2a: Scizor|X-Scissor|p1a: Toxapex\n|-resisted|p1a: Toxapex\n|-damage|p1a: Toxapex|68\/100\n|move|p1a: Toxapex|Haze|p1a: Toxapex\n|-clearallboost\n|\n|-heal|p2a: Scizor|69\/100|[from] item: Leftovers\n|-heal|p1a: Toxapex|74\/100|[from] item: Leftovers\n|upkeep\n|turn|9\n|-message|DreamyFleur forfeited.\n|\n|win|AraumC\n|n|\u2606AraumC|araumc\n|n|\u2606DreamyFleur|dreamyfleur\n|n|*Lady Monita \u263d|ladymonita\n","uploadtime":1698641946,"views":27,"p1id":"araumc","p2id":"dreamyfleur","formatid":"gen9doublesou","rating":0,"private":0,"password":""}