{"id":"gen9doublesou-2000647291","p1":"naitohikari","p2":"Schister","format":"[Gen 9] Doubles OU","log":"|j|\u2606naitohikari\n|j|\u2606Schister\n|t:|1701214235\n|gametype|doubles\n|player|p1|naitohikari|ltsurge|1554\n|player|p2|Schister|clair|1831\n|teamsize|p1|6\n|teamsize|p2|6\n|gen|9\n|tier|[Gen 9] Doubles OU\n|rated|\n|rule|Species Clause: Limit one of each Pok\u00e9mon\n|rule|OHKO Clause: OHKO moves are banned\n|rule|Evasion Moves Clause: Evasion moves are banned\n|rule|Gravity Sleep Clause: The combination of sleep-inducing moves with imperfect accuracy and Gravity or Gigantamax Orbeetle are banned\n|rule|Endless Battle Clause: Forcing endless battles is banned\n|rule|HP Percentage Mod: HP is shown in percentages\n|clearpoke\n|poke|p1|Arcanine-Hisui, F|\n|poke|p1|Tyranitar, F|\n|poke|p1|Diancie|\n|poke|p1|Houndstone, F|\n|poke|p1|Garchomp, M|\n|poke|p1|Sandaconda, M|\n|poke|p2|Tyranitar, M|\n|poke|p2|Ogerpon-Cornerstone, F|\n|poke|p2|Garganacl, M|\n|poke|p2|Arcanine-Hisui, M|\n|poke|p2|Diancie|\n|poke|p2|Glimmora, M|\n|teampreview\n|inactive|Battle timer is ON: inactive players will automatically lose when time's up. (requested by Schister)\n|\n|t:|1701214262\n|start\n|switch|p1a: Garchomp|Garchomp, M, shiny|100\/100\n|switch|p1b: Tyranitar|Tyranitar, F, shiny|100\/100\n|switch|p2a: Garganacl|Garganacl, M|100\/100\n|switch|p2b: Ogerpon|Ogerpon-Cornerstone, F|100\/100\n|-weather|Sandstorm|[from] ability: Sand Stream|[of] p1b: Tyranitar\n|turn|1\n|\n|t:|1701214278\n|-terastallize|p2b: Ogerpon|Rock\n|detailschange|p2b: Ogerpon|Ogerpon-Cornerstone-Tera, F, tera:Rock\n|-ability|p2b: Ogerpon|Embody Aspect (Cornerstone)|boost\n|-boost|p2b: Ogerpon|def|1\n|move|p1a: Garchomp|Protect|p1a: Garchomp\n|-singleturn|p1a: Garchomp|Protect\n|move|p2b: Ogerpon|Swords Dance|p2b: Ogerpon\n|-boost|p2b: Ogerpon|atk|2\n|move|p1b: Tyranitar|Taunt|p2a: Garganacl\n|-start|p2a: Garganacl|move: Taunt\n|move|p2a: Garganacl|Salt Cure|p1a: Garchomp\n|-activate|p1a: Garchomp|move: Protect\n|\n|-weather|Sandstorm|[upkeep]\n|upkeep\n|turn|2\n|\n|t:|1701214299\n|switch|p1b: Arcanine|Arcanine-Hisui, F, shiny|100\/100\n|-ability|p1b: Arcanine|Intimidate|boost\n|-unboost|p2a: Garganacl|atk|1\n|-unboost|p2b: Ogerpon|atk|1\n|move|p1a: Garchomp|Iron Head|p2b: Ogerpon\n|-supereffective|p2b: Ogerpon\n|-damage|p2b: Ogerpon|66\/100\n|move|p2b: Ogerpon|Horn Leech|p1b: Arcanine\n|-damage|p1b: Arcanine|24\/100\n|-heal|p2b: Ogerpon|100\/100|[from] drain|[of] p1b: Arcanine\n|move|p2a: Garganacl|Salt Cure|p1a: Garchomp\n|-resisted|p1a: Garchomp\n|-damage|p1a: Garchomp|96\/100\n|-start|p1a: Garchomp|Salt Cure\n|\n|-weather|Sandstorm|[upkeep]\n|-damage|p1a: Garchomp|84\/100|[from] Salt Cure\n|upkeep\n|turn|3\n|\n|t:|1701214317\n|switch|p1a: Diancie|Diancie|100\/100\n|move|p2b: Ogerpon|Spiky Shield|p2b: Ogerpon\n|-singleturn|p2b: Ogerpon|move: Protect\n|move|p1b: Arcanine|Bulldoze|p2b: Ogerpon|[spread] p1a,p2a\n|-activate|p2b: Ogerpon|move: Protect\n|-supereffective|p1a: Diancie\n|-supereffective|p2a: Garganacl\n|-damage|p1a: Diancie|76\/100\n|-damage|p2a: Garganacl|86\/100\n|-unboost|p2a: Garganacl|spe|1\n|-enditem|p1a: Diancie|Weakness Policy\n|-boost|p1a: Diancie|atk|2|[from] item: Weakness Policy\n|-boost|p1a: Diancie|spa|2|[from] item: Weakness Policy\n|move|p2a: Garganacl|Salt Cure|p1b: Arcanine\n|-supereffective|p1b: Arcanine\n|-damage|p1b: Arcanine|0 fnt\n|faint|p1b: Arcanine\n|\n|-weather|Sandstorm|[upkeep]\n|-heal|p2a: Garganacl|92\/100|[from] item: Leftovers\n|-end|p2a: Garganacl|move: Taunt\n|upkeep\n|inactive|naitohikari has 120 seconds left.\n|\n|t:|1701214342\n|switch|p1b: Houndstone|Houndstone, F|100\/100\n|turn|4\n|\n|t:|1701214349\n|-terastallize|p1a: Diancie|Fighting\n|move|p1b: Houndstone|Last Respects|p2b: Ogerpon\n|-damage|p2b: Ogerpon|53\/100\n|move|p2b: Ogerpon|Horn Leech|p1a: Diancie\n|-damage|p1a: Diancie|20\/100\n|-heal|p2b: Ogerpon|77\/100|[from] drain|[of] p1a: Diancie\n|move|p1a: Diancie|Body Press|p2b: Ogerpon\n|-supereffective|p2b: Ogerpon\n|-damage|p2b: Ogerpon|32\/100\n|move|p2a: Garganacl|Salt Cure|p1b: Houndstone\n|-damage|p1b: Houndstone|90\/100\n|-start|p1b: Houndstone|Salt Cure\n|\n|-weather|Sandstorm|[upkeep]\n|-damage|p1a: Diancie|14\/100|[from] Sandstorm\n|-heal|p2a: Garganacl|98\/100|[from] item: Leftovers\n|-damage|p1b: Houndstone|78\/100|[from] Salt Cure\n|upkeep\n|turn|5\n|\n|t:|1701214363\n|move|p1b: Houndstone|Last Respects|p2a: Garganacl\n|-damage|p2a: Garganacl|79\/100\n|move|p2b: Ogerpon|Horn Leech|p1b: Houndstone\n|-damage|p1b: Houndstone|0 fnt\n|-heal|p2b: Ogerpon|62\/100|[from] drain|[of] p1b: Houndstone\n|faint|p1b: Houndstone\n|move|p1a: Diancie|Baton Pass|p1a: Diancie\n|\n|t:|1701214369\n|switch|p1a: Garchomp|Garchomp, M, shiny|84\/100|[from] Baton Pass\n|move|p2a: Garganacl|Salt Cure|p1a: Garchomp\n|-resisted|p1a: Garchomp\n|-damage|p1a: Garchomp|79\/100\n|-start|p1a: Garchomp|Salt Cure\n|\n|-weather|none\n|-heal|p2a: Garganacl|85\/100|[from] item: Leftovers\n|-damage|p1a: Garchomp|67\/100|[from] Salt Cure\n|upkeep\n|\n|t:|1701214371\n|switch|p1b: Tyranitar|Tyranitar, F, shiny|100\/100\n|-weather|Sandstorm|[from] ability: Sand Stream|[of] p1b: Tyranitar\n|turn|6\n|\n|t:|1701214380\n|move|p1b: Tyranitar|Protect|p1b: Tyranitar\n|-singleturn|p1b: Tyranitar|Protect\n|move|p2a: Garganacl|Wide Guard|p2a: Garganacl\n|-singleturn|p2a: Garganacl|Wide Guard\n|move|p1a: Garchomp|Earthquake|p2a: Garganacl|[spread] \n|-activate|p2a: Garganacl|move: Wide Guard\n|-activate|p2b: Ogerpon|move: Wide Guard\n|-activate|p1b: Tyranitar|move: Protect\n|move|p2b: Ogerpon|Horn Leech|p1b: Tyranitar\n|-activate|p1b: Tyranitar|move: Protect\n|\n|-weather|Sandstorm|[upkeep]\n|-heal|p2a: Garganacl|91\/100|[from] item: Leftovers\n|-damage|p1a: Garchomp|55\/100|[from] Salt Cure\n|upkeep\n|turn|7\n|\n|t:|1701214398\n|switch|p2a: Arcanine|Arcanine-Hisui, M|100\/100\n|-ability|p2a: Arcanine|Intimidate|boost\n|-unboost|p1a: Garchomp|atk|1\n|-unboost|p1b: Tyranitar|atk|1\n|move|p2b: Ogerpon|Spiky Shield|p2b: Ogerpon\n|-singleturn|p2b: Ogerpon|move: Protect\n|move|p1a: Garchomp|Liquidation|p2a: Arcanine\n|-supereffective|p2a: Arcanine\n|-damage|p2a: Arcanine|0 fnt\n|faint|p2a: Arcanine\n|move|p1b: Tyranitar|Taunt|p2b: Ogerpon\n|-activate|p2b: Ogerpon|move: Protect\n|\n|-weather|Sandstorm|[upkeep]\n|-damage|p1a: Garchomp|43\/100|[from] Salt Cure\n|upkeep\n|\n|t:|1701214411\n|switch|p2a: Glimmora|Glimmora, M|100\/100\n|turn|8\n|\n|t:|1701214420\n|move|p1a: Garchomp|Liquidation|p2b: Ogerpon\n|-supereffective|p2b: Ogerpon\n|-damage|p2b: Ogerpon|11\/100\n|move|p2b: Ogerpon|Horn Leech|p1b: Tyranitar\n|-supereffective|p1b: Tyranitar\n|-damage|p1b: Tyranitar|0 fnt\n|-heal|p2b: Ogerpon|66\/100|[from] drain|[of] p1b: Tyranitar\n|faint|p1b: Tyranitar\n|move|p2a: Glimmora|Mortal Spin|p1a: Garchomp\n|-resisted|p1a: Garchomp\n|-damage|p1a: Garchomp|40\/100\n|-status|p1a: Garchomp|psn\n|-damage|p2a: Glimmora|88\/100|[from] ability: Rough Skin|[of] p1a: Garchomp\n|-damage|p2a: Glimmora|72\/100|[from] item: Rocky Helmet|[of] p1a: Garchomp\n|\n|-weather|Sandstorm|[upkeep]\n|-damage|p1a: Garchomp|27\/100 psn|[from] psn\n|-damage|p1a: Garchomp|15\/100 psn|[from] Salt Cure\n|upkeep\n|-message|naitohikari forfeited.\n|\n|win|Schister\n|raw|naitohikari's rating: 1554 &rarr; <strong>1547<\/strong><br \/>(-7 for losing)\n|raw|Schister's rating: 1831 &rarr; <strong>1838<\/strong><br \/>(+7 for winning)\n|l|\u2606naitohikari\n","uploadtime":1701214443,"views":16,"p1id":"naitohikari","p2id":"schister","formatid":"gen9doublesou","rating":1547,"private":0,"password":""}