{"id":"gen9doublesou-1985534010","p1":"one23456789101214","p2":"Pittwo","format":"[Gen 9] Doubles OU","log":"|j|\u2606one23456789101214\n|j|\u2606Pittwo\n|t:|1699382509\n|gametype|doubles\n|player|p1|one23456789101214|2|1280\n|player|p2|Pittwo|102|1192\n|teamsize|p1|6\n|teamsize|p2|6\n|gen|9\n|tier|[Gen 9] Doubles OU\n|rated|\n|rule|Species Clause: Limit one of each Pok\u00e9mon\n|rule|OHKO Clause: OHKO moves are banned\n|rule|Evasion Moves Clause: Evasion moves are banned\n|rule|Gravity Sleep Clause: The combination of sleep-inducing moves with imperfect accuracy and Gravity or Gigantamax Orbeetle are banned\n|rule|Endless Battle Clause: Forcing endless battles is banned\n|rule|HP Percentage Mod: HP is shown in percentages\n|clearpoke\n|poke|p1|Tornadus, M|\n|poke|p1|Sneasler, M|\n|poke|p1|Arcanine, F|\n|poke|p1|Ogerpon-Wellspring, F|\n|poke|p1|Iron Hands|\n|poke|p1|Cresselia, F|\n|poke|p2|Hatterene, F|\n|poke|p2|Gumshoos, F|\n|poke|p2|Skeledirge, M|\n|poke|p2|Gallade, M|\n|poke|p2|Oranguru, M|\n|poke|p2|Arboliva, M|\n|teampreview\n|j| kipperace\n|\n|t:|1699382520\n|start\n|switch|p1a: Tornadus|Tornadus, M|100\/100\n|switch|p1b: Sneasler|Sneasler, M|100\/100\n|switch|p2a: Oranguru|Oranguru, M|100\/100\n|switch|p2b: Skeledirge|Skeledirge, M|100\/100\n|turn|1\n|\n|t:|1699382545\n|move|p1a: Tornadus|Swagger|p2b: Skeledirge\n|-boost|p2b: Skeledirge|atk|2\n|-enditem|p1b: Sneasler|Mirror Herb\n|-boost|p1b: Sneasler|atk|2|[from] item: Mirror Herb\n|-start|p2b: Skeledirge|confusion\n|move|p1b: Sneasler|Dire Claw|p2a: Oranguru\n|-damage|p2a: Oranguru|32\/100\n|-status|p2a: Oranguru|psn\n|-activate|p2b: Skeledirge|confusion\n|-damage|p2b: Skeledirge|91\/100|[from] confusion\n|move|p2a: Oranguru|Trick Room|p2a: Oranguru\n|-fieldstart|move: Trick Room|[of] p2a: Oranguru\n|\n|-heal|p2b: Skeledirge|97\/100|[from] item: Leftovers\n|-damage|p2a: Oranguru|19\/100 psn|[from] psn\n|upkeep\n|turn|2\n|\n|t:|1699382564\n|switch|p1a: Cresselia|Cresselia, F|100\/100\n|move|p2a: Oranguru|Protect|p2a: Oranguru\n|-singleturn|p2a: Oranguru|Protect\n|move|p1b: Sneasler|Protect|p1b: Sneasler\n|-singleturn|p1b: Sneasler|Protect\n|-activate|p2b: Skeledirge|confusion\n|move|p2b: Skeledirge|Torch Song|p1a: Cresselia\n|-damage|p1a: Cresselia|83\/100\n|-boost|p2b: Skeledirge|spa|1\n|\n|-heal|p2b: Skeledirge|100\/100|[from] item: Leftovers\n|-heal|p1a: Cresselia|89\/100|[from] item: Leftovers\n|-damage|p2a: Oranguru|7\/100 psn|[from] psn\n|upkeep\n|turn|3\n|\n|t:|1699382591\n|move|p2a: Oranguru|Instruct|p2b: Skeledirge\n|-singleturn|p2b: Skeledirge|move: Instruct|[of] p2a: Oranguru\n|-end|p2b: Skeledirge|confusion\n|move|p2b: Skeledirge|Torch Song|p1a: Cresselia\n|-damage|p1a: Cresselia|61\/100\n|-boost|p2b: Skeledirge|spa|1\n|move|p2b: Skeledirge|Torch Song|p1a: Cresselia\n|-damage|p1a: Cresselia|22\/100\n|-boost|p2b: Skeledirge|spa|1\n|move|p1b: Sneasler|Dire Claw|p2a: Oranguru\n|-damage|p2a: Oranguru|0 fnt\n|faint|p2a: Oranguru\n|move|p1a: Cresselia|Trick Room|p1a: Cresselia\n|-fieldend|move: Trick Room\n|\n|-heal|p1a: Cresselia|28\/100|[from] item: Leftovers\n|upkeep\n|\n|t:|1699382603\n|switch|p2a: Hatterene|Hatterene, F|100\/100\n|turn|4\n|\n|t:|1699382624\n|-terastallize|p1b: Sneasler|Flying\n|-terastallize|p2a: Hatterene|Fire\n|move|p2b: Skeledirge|Protect|p2b: Skeledirge\n|-singleturn|p2b: Skeledirge|Protect\n|move|p1b: Sneasler|Acrobatics|p2b: Skeledirge\n|-activate|p2b: Skeledirge|move: Protect\n|move|p1a: Cresselia|Moonblast|p2b: Skeledirge\n|-activate|p2b: Skeledirge|move: Protect\n|move|p2a: Hatterene|Trick Room|p2a: Hatterene\n|-fieldstart|move: Trick Room|[of] p2a: Hatterene\n|\n|-heal|p1a: Cresselia|34\/100|[from] item: Leftovers\n|upkeep\n|turn|5\n|\n|t:|1699382671\n|switch|p1b: Iron Hands|Iron Hands|100\/100\n|move|p1a: Cresselia|Protect|p1a: Cresselia\n|-singleturn|p1a: Cresselia|Protect\n|move|p2a: Hatterene|Dazzling Gleam|p1a: Cresselia|[spread] p1b\n|-activate|p1a: Cresselia|move: Protect\n|-supereffective|p1b: Iron Hands\n|-damage|p1b: Iron Hands|51\/100\n|move|p2b: Skeledirge|Torch Song|p1b: Iron Hands\n|-damage|p1b: Iron Hands|0 fnt\n|-boost|p2b: Skeledirge|spa|1\n|faint|p1b: Iron Hands\n|-end|p1b: Iron Hands|Quark Drive|[silent]\n|\n|-heal|p1a: Cresselia|40\/100|[from] item: Leftovers\n|upkeep\n|\n|t:|1699382688\n|switch|p1b: Arcanine|Arcanine, F|100\/100\n|-ability|p1b: Arcanine|Intimidate|boost\n|-unboost|p2a: Hatterene|atk|1\n|-unboost|p2b: Skeledirge|atk|1\n|turn|6\n|\n|t:|1699382704\n|move|p1b: Arcanine|Extreme Speed|p2a: Hatterene\n|-damage|p2a: Hatterene|71\/100\n|move|p2a: Hatterene|Dazzling Gleam|p1a: Cresselia|[spread] p1a,p1b\n|-resisted|p1b: Arcanine\n|-damage|p1a: Cresselia|21\/100\n|-damage|p1b: Arcanine|82\/100\n|move|p2b: Skeledirge|Shadow Ball|p1b: Arcanine\n|-damage|p1b: Arcanine|0 fnt\n|faint|p1b: Arcanine\n|move|p1a: Cresselia|Trick Room|p1a: Cresselia\n|-fieldend|move: Trick Room\n|\n|-heal|p1a: Cresselia|27\/100|[from] item: Leftovers\n|upkeep\n|\n|t:|1699382716\n|switch|p1b: Ogerpon|Ogerpon-Wellspring, F|100\/100\n|turn|7\n|\n|t:|1699382746\n|move|p2a: Hatterene|Protect|p2a: Hatterene\n|-singleturn|p2a: Hatterene|Protect\n|move|p1b: Ogerpon|Ivy Cudgel|p2b: Skeledirge\n|-supereffective|p2b: Skeledirge\n|-damage|p2b: Skeledirge|0 fnt\n|faint|p2b: Skeledirge\n|move|p1a: Cresselia|Moonblast|p2a: Hatterene\n|-activate|p2a: Hatterene|move: Protect\n|\n|-heal|p1a: Cresselia|33\/100|[from] item: Leftovers\n|upkeep\n|\n|t:|1699382751\n|switch|p2b: Gallade|Gallade, M|100\/100\n|turn|8\n|\n|t:|1699382763\n|move|p1b: Ogerpon|Ivy Cudgel|p2a: Hatterene\n|-supereffective|p2a: Hatterene\n|-damage|p2a: Hatterene|0 fnt\n|faint|p2a: Hatterene\n|move|p1a: Cresselia|Moonblast|p2b: Gallade\n|-supereffective|p2b: Gallade\n|-damage|p2b: Gallade|71\/100\n|move|p2b: Gallade|Sacred Sword|p1b: Ogerpon\n|-damage|p1b: Ogerpon|2\/100\n|\n|-heal|p1a: Cresselia|40\/100|[from] item: Leftovers\n|upkeep\n|\n|t:|1699382772\n|switch|p2a: Arboliva|Arboliva, M|100\/100\n|turn|9\n|-message|Pittwo forfeited.\n|\n|win|one23456789101214\n|raw|one23456789101214's rating: 1280 &rarr; <strong>1299<\/strong><br \/>(+19 for winning)\n|raw|Pittwo's rating: 1192 &rarr; <strong>1173<\/strong><br \/>(-19 for losing)\n|l|\u2606Pittwo\n|l|\u2606one23456789101214\n","uploadtime":1699382851,"views":8,"p1id":"one23456789101214","p2id":"pittwo","formatid":"gen9doublesou","rating":1173,"private":0,"password":""}