{"id":"gen9doublesou-1973181494","p1":"Abowlofmagnemites","p2":"Jackmim","format":"[Gen 9] Doubles OU","log":"|j|\u2606Abowlofmagnemites\n|j|\u2606Jackmim\n|t:|1697936609\n|gametype|doubles\n|player|p1|Abowlofmagnemites|plasmagruntf-gen5bw|1165\n|player|p2|Jackmim|florian-bb|1076\n|teamsize|p1|6\n|teamsize|p2|6\n|gen|9\n|tier|[Gen 9] Doubles OU\n|rated|\n|rule|Species Clause: Limit one of each Pok\u00e9mon\n|rule|OHKO Clause: OHKO moves are banned\n|rule|Evasion Moves Clause: Evasion moves are banned\n|rule|Gravity Sleep Clause: The combination of sleep-inducing moves with imperfect accuracy and Gravity or Gigantamax Orbeetle are banned\n|rule|Endless Battle Clause: Forcing endless battles is banned\n|rule|HP Percentage Mod: HP is shown in percentages\n|clearpoke\n|poke|p1|Manaphy|\n|poke|p1|Grimmsnarl, M|\n|poke|p1|Lurantis, M|\n|poke|p1|Murkrow, M|\n|poke|p1|Clefairy, F|\n|poke|p1|Furret, M|\n|poke|p2|Glimmora, F|\n|poke|p2|Wigglytuff, F|\n|poke|p2|Sylveon, F|\n|poke|p2|Enamorus, F|\n|poke|p2|Luvdisc, M|\n|poke|p2|Frosmoth, F|\n|teampreview\n|\n|t:|1697936621\n|start\n|switch|p1a: Grimmsnarl|Grimmsnarl, M|100\/100\n|switch|p1b: Lurantis|Lurantis, M|100\/100\n|switch|p2a: \u611b|Frosmoth, F, shiny|100\/100\n|switch|p2b: Amore|Wigglytuff, F, shiny|100\/100\n|turn|1\n|\n|t:|1697936635\n|-terastallize|p1b: Lurantis|Rock\n|move|p1a: Grimmsnarl|Scary Face|p1b: Lurantis\n|-boost|p1b: Lurantis|spe|2\n|move|p1b: Lurantis|Tera Blast|p2a: \u611b|[anim] Tera Blast Rock\n|-supereffective|p2a: \u611b\n|-damage|p2a: \u611b|0 fnt\n|faint|p2a: \u611b\n|move|p2b: Amore|Sweet Kiss|p1a: Grimmsnarl\n|-start|p1a: Grimmsnarl|confusion\n|\n|upkeep\n|\n|t:|1697936646\n|switch|p2a: \u062d\u0628|Luvdisc, M, shiny|100\/100\n|turn|2\n|\n|t:|1697936656\n|-activate|p1a: Grimmsnarl|confusion\n|move|p1a: Grimmsnarl|Fake Tears|p1b: Lurantis\n|-boost|p1b: Lurantis|spd|2\n|move|p1b: Lurantis|Leaf Storm|p2a: \u062d\u0628\n|-supereffective|p2a: \u062d\u0628\n|-damage|p2a: \u062d\u0628|22\/100\n|-boost|p1b: Lurantis|spa|2\n|move|p2a: \u062d\u0628|Wish|p2a: \u062d\u0628\n|move|p2b: Amore|Disable|p1b: Lurantis\n|-start|p1b: Lurantis|Disable|Leaf Storm\n|\n|-heal|p2a: \u062d\u0628|28\/100|[from] item: Leftovers\n|upkeep\n|turn|3\n|\n|t:|1697936678\n|move|p2a: \u062d\u0628|Protect|p2a: \u062d\u0628\n|-singleturn|p2a: \u062d\u0628|Protect\n|-activate|p1a: Grimmsnarl|confusion\n|-damage|p1a: Grimmsnarl|89\/100|[from] confusion\n|move|p1b: Lurantis|Superpower|p2a: \u062d\u0628\n|-activate|p2a: \u062d\u0628|move: Protect\n|move|p2b: Amore|Sweet Kiss|p1b: Lurantis\n|-start|p1b: Lurantis|confusion\n|\n|-heal|p2a: \u062d\u0628|78\/100|[from] move: Wish|[wisher] \u062d\u0628\n|-heal|p2a: \u062d\u0628|84\/100|[from] item: Leftovers\n|upkeep\n|turn|4\n|\n|t:|1697936702\n|-end|p1a: Grimmsnarl|confusion\n|move|p1a: Grimmsnarl|Fake Tears|p1b: Lurantis\n|-boost|p1b: Lurantis|spd|2\n|-activate|p1b: Lurantis|confusion\n|move|p1b: Lurantis|Superpower|p2b: Amore\n|-damage|p2b: Amore|69\/100\n|-boost|p1b: Lurantis|atk|1\n|-boost|p1b: Lurantis|def|1\n|move|p2a: \u062d\u0628|Flail|p1b: Lurantis\n|-resisted|p1b: Lurantis\n|-damage|p1b: Lurantis|99\/100\n|move|p2b: Amore|Draining Kiss|p1b: Lurantis\n|-damage|p1b: Lurantis|94\/100\n|-heal|p2b: Amore|72\/100|[from] drain|[of] p1b: Lurantis\n|\n|-heal|p1b: Lurantis|99\/100|[from] item: Leftovers\n|-heal|p2a: \u062d\u0628|90\/100|[from] item: Leftovers\n|-heal|p2b: Amore|78\/100|[from] item: Leftovers\n|upkeep\n|turn|5\n|\n|t:|1697936725\n|move|p1a: Grimmsnarl|Fake Tears|p1b: Lurantis\n|-boost|p1b: Lurantis|spd|2\n|-activate|p1b: Lurantis|confusion\n|move|p1b: Lurantis|Leech Life|p2a: \u062d\u0628\n|-damage|p2a: \u062d\u0628|42\/100\n|-heal|p1b: Lurantis|100\/100|[from] drain|[of] p2a: \u062d\u0628\n|move|p2a: \u062d\u0628|Charm|p1a: Grimmsnarl\n|-unboost|p1a: Grimmsnarl|atk|2\n|move|p2b: Amore|Disable|p1a: Grimmsnarl\n|-start|p1a: Grimmsnarl|Disable|Fake Tears\n|\n|-heal|p2a: \u062d\u0628|48\/100|[from] item: Leftovers\n|-heal|p2b: Amore|85\/100|[from] item: Leftovers\n|upkeep\n|turn|6\n|\n|t:|1697936744\n|move|p1a: Grimmsnarl|Light Screen|p1a: Grimmsnarl\n|-sidestart|p1: Abowlofmagnemites|move: Light Screen\n|-end|p1b: Lurantis|confusion\n|move|p1b: Lurantis|Tera Blast|p2b: Amore|[anim] Tera Blast Rock\n|-damage|p2b: Amore|26\/100\n|move|p2a: \u062d\u0628|Wish|p2a: \u062d\u0628\n|move|p2b: Amore|Draining Kiss|p1b: Lurantis\n|-damage|p1b: Lurantis|98\/100\n|-heal|p2b: Amore|28\/100|[from] drain|[of] p1b: Lurantis\n|\n|-heal|p1b: Lurantis|100\/100|[from] item: Leftovers\n|-heal|p2a: \u062d\u0628|54\/100|[from] item: Leftovers\n|-heal|p2b: Amore|34\/100|[from] item: Leftovers\n|-end|p1b: Lurantis|Disable\n|upkeep\n|turn|7\n|\n|t:|1697936764\n|move|p1a: Grimmsnarl|Reflect|p1a: Grimmsnarl\n|-sidestart|p1: Abowlofmagnemites|Reflect\n|move|p1b: Lurantis|Leaf Storm|p2b: Amore\n|-damage|p2b: Amore|0 fnt\n|-boost|p1b: Lurantis|spa|2\n|faint|p2b: Amore\n|move|p2a: \u062d\u0628|Flail|p1b: Lurantis\n|-resisted|p1b: Lurantis\n|-damage|p1b: Lurantis|99\/100\n|\n|-heal|p2a: \u062d\u0628|100\/100|[from] move: Wish|[wisher] \u062d\u0628\n|-heal|p1b: Lurantis|100\/100|[from] item: Leftovers\n|upkeep\n|\n|t:|1697936777\n|switch|p2b: Aimer II|Glimmora, F, shiny|100\/100\n|turn|8\n|\n|t:|1697936786\n|move|p1a: Grimmsnarl|Scary Face|p1b: Lurantis\n|-boost|p1b: Lurantis|spe|2\n|move|p1b: Lurantis|Superpower|p2b: Aimer II\n|-damage|p2b: Aimer II|58\/100\n|-boost|p1b: Lurantis|atk|1\n|-boost|p1b: Lurantis|def|1\n|-activate|p2b: Aimer II|ability: Toxic Debris\n|-sidestart|p1: Abowlofmagnemites|move: Toxic Spikes\n|move|p2b: Aimer II|Mortal Spin|p1b: Lurantis|[spread] p1a,p1b\n|-supereffective|p1a: Grimmsnarl\n|-resisted|p1b: Lurantis\n|-damage|p1a: Grimmsnarl|81\/100\n|-damage|p1b: Lurantis|99\/100\n|-status|p1a: Grimmsnarl|psn\n|-status|p1b: Lurantis|psn\n|move|p2a: \u062d\u0628|Charm|p1a: Grimmsnarl\n|-unboost|p1a: Grimmsnarl|atk|2\n|\n|-heal|p1b: Lurantis|100\/100 psn|[from] item: Leftovers\n|-damage|p1b: Lurantis|88\/100 psn|[from] psn\n|-damage|p1a: Grimmsnarl|68\/100 psn|[from] psn\n|upkeep\n|turn|9\n|\n|t:|1697936809\n|move|p1a: Grimmsnarl|Scary Face|p2a: \u062d\u0628\n|-unboost|p2a: \u062d\u0628|spe|2\n|move|p1b: Lurantis|Leech Life|p2a: \u062d\u0628\n|-damage|p2a: \u062d\u0628|34\/100\n|-heal|p1b: Lurantis|100\/100 psn|[from] drain|[of] p2a: \u062d\u0628\n|move|p2b: Aimer II|Stealth Rock|p1a: Grimmsnarl\n|-sidestart|p1: Abowlofmagnemites|move: Stealth Rock\n|move|p2a: \u062d\u0628|Charm|p1a: Grimmsnarl\n|-unboost|p1a: Grimmsnarl|atk|2\n|\n|-heal|p2a: \u062d\u0628|40\/100|[from] item: Leftovers\n|-damage|p1b: Lurantis|88\/100 psn|[from] psn\n|-damage|p1a: Grimmsnarl|56\/100 psn|[from] psn\n|-end|p1a: Grimmsnarl|Disable\n|upkeep\n|turn|10\n|\n|t:|1697936827\n|move|p1a: Grimmsnarl|Fake Tears|p2b: Aimer II\n|-unboost|p2b: Aimer II|spd|2\n|move|p1b: Lurantis|Leaf Storm|p2b: Aimer II\n|-damage|p2b: Aimer II|0 fnt\n|-boost|p1b: Lurantis|spa|2\n|faint|p2b: Aimer II\n|move|p2a: \u062d\u0628|Wish|p2a: \u062d\u0628\n|\n|-heal|p1b: Lurantis|94\/100 psn|[from] item: Leftovers\n|-heal|p2a: \u062d\u0628|46\/100|[from] item: Leftovers\n|-damage|p1b: Lurantis|82\/100 psn|[from] psn\n|-damage|p1a: Grimmsnarl|43\/100 psn|[from] psn\n|upkeep\n|\n|t:|1697936839\n|switch|p2b: \u043b\u044e\u0431\u043e\u0432\u044c|Sylveon, F, shiny|100\/100\n|turn|11\n|\n|t:|1697936850\n|move|p2a: \u062d\u0628|Protect|p2a: \u062d\u0628\n|-singleturn|p2a: \u062d\u0628|Protect\n|move|p1a: Grimmsnarl|Fake Tears|p2b: \u043b\u044e\u0431\u043e\u0432\u044c\n|-unboost|p2b: \u043b\u044e\u0431\u043e\u0432\u044c|spd|2\n|move|p1b: Lurantis|Leaf Storm|p2b: \u043b\u044e\u0431\u043e\u0432\u044c\n|-damage|p2b: \u043b\u044e\u0431\u043e\u0432\u044c|0 fnt\n|faint|p2b: \u043b\u044e\u0431\u043e\u0432\u044c\n|\n|-heal|p2a: \u062d\u0628|96\/100|[from] move: Wish|[wisher] \u062d\u0628\n|-heal|p1b: Lurantis|88\/100 psn|[from] item: Leftovers\n|-heal|p2a: \u062d\u0628|100\/100|[from] item: Leftovers\n|-damage|p1b: Lurantis|75\/100 psn|[from] psn\n|-damage|p1a: Grimmsnarl|31\/100 psn|[from] psn\n|upkeep\n|\n|t:|1697936863\n|switch|p2b: Amar|Enamorus, F|100\/100\n|turn|12\n|\n|t:|1697936874\n|move|p1a: Grimmsnarl|Fake Tears|p2b: Amar\n|-unboost|p2b: Amar|spd|2\n|move|p1b: Lurantis|Leaf Storm|p2b: Amar\n|-resisted|p2b: Amar\n|-damage|p2b: Amar|0 fnt\n|faint|p2b: Amar\n|move|p2a: \u062d\u0628|Flail|p1b: Lurantis\n|-resisted|p1b: Lurantis\n|-damage|p1b: Lurantis|75\/100 psn\n|\n|-heal|p1b: Lurantis|81\/100 psn|[from] item: Leftovers\n|-damage|p1b: Lurantis|69\/100 psn|[from] psn\n|-damage|p1a: Grimmsnarl|19\/100 psn|[from] psn\n|upkeep\n|turn|13\n|\n|t:|1697936887\n|move|p1a: Grimmsnarl|Fake Tears|p2a: \u062d\u0628\n|-unboost|p2a: \u062d\u0628|spd|2\n|move|p1b: Lurantis|Leaf Storm|p2a: \u062d\u0628|[miss]\n|-miss|p1b: Lurantis|p2a: \u062d\u0628\n|move|p2a: \u062d\u0628|Wish|p2a: \u062d\u0628\n|\n|-heal|p1b: Lurantis|75\/100 psn|[from] item: Leftovers\n|-damage|p1b: Lurantis|62\/100 psn|[from] psn\n|-damage|p1a: Grimmsnarl|6\/100 psn|[from] psn\n|-sideend|p1: Abowlofmagnemites|move: Light Screen\n|upkeep\n|turn|14\n|\n|t:|1697936899\n|move|p1a: Grimmsnarl|Scary Face|p2a: \u062d\u0628\n|-unboost|p2a: \u062d\u0628|spe|2\n|move|p1b: Lurantis|Leech Life|p2a: \u062d\u0628\n|-damage|p2a: \u062d\u0628|34\/100\n|-heal|p1b: Lurantis|90\/100 psn|[from] drain|[of] p2a: \u062d\u0628\n|move|p2a: \u062d\u0628|Flail|p1b: Lurantis\n|-resisted|p1b: Lurantis\n|-damage|p1b: Lurantis|89\/100 psn\n|\n|-heal|p2a: \u062d\u0628|84\/100|[from] move: Wish|[wisher] \u062d\u0628\n|-heal|p1b: Lurantis|95\/100 psn|[from] item: Leftovers\n|-heal|p2a: \u062d\u0628|90\/100|[from] item: Leftovers\n|-damage|p1b: Lurantis|82\/100 psn|[from] psn\n|-damage|p1a: Grimmsnarl|0 fnt|[from] psn\n|faint|p1a: Grimmsnarl\n|-sideend|p1: Abowlofmagnemites|Reflect\n|upkeep\n|\n|t:|1697936908\n|switch|p1a: Precious boi|Furret, M|100\/100\n|-status|p1a: Precious boi|psn\n|-damage|p1a: Precious boi|88\/100 psn|[from] Stealth Rock\n|-item|p2a: \u062d\u0628|Leftovers|[from] ability: Frisk|[of] p1a: Precious boi|[identify]\n|turn|15\n|\n|t:|1697936922\n|move|p2a: \u062d\u0628|Protect|p2a: \u062d\u0628\n|-singleturn|p2a: \u062d\u0628|Protect\n|move|p1b: Lurantis|Leech Life|p2a: \u062d\u0628\n|-activate|p2a: \u062d\u0628|move: Protect\n|move|p1a: Precious boi|Tidy Up|p1a: Precious boi\n|-sideend|p1: Abowlofmagnemites|Toxic Spikes\n|-sideend|p1: Abowlofmagnemites|Stealth Rock\n|-activate|p1a: Precious boi|move: Tidy Up\n|-boost|p1a: Precious boi|atk|1\n|-boost|p1a: Precious boi|spe|1\n|\n|-heal|p1b: Lurantis|88\/100 psn|[from] item: Leftovers\n|-heal|p2a: \u062d\u0628|97\/100|[from] item: Leftovers\n|-damage|p1a: Precious boi|76\/100 psn|[from] psn\n|-damage|p1b: Lurantis|76\/100 psn|[from] psn\n|upkeep\n|turn|16\n|c|\u2606Jackmim|Nice\n|\n|t:|1697936938\n|move|p1a: Precious boi|Baby-Doll Eyes|p2a: \u062d\u0628\n|-unboost|p2a: \u062d\u0628|atk|1\n|move|p1b: Lurantis|Leaf Storm|p2a: \u062d\u0628\n|-supereffective|p2a: \u062d\u0628\n|-damage|p2a: \u062d\u0628|0 fnt\n|faint|p2a: \u062d\u0628\n|\n|win|Abowlofmagnemites\n|raw|Abowlofmagnemites's rating: 1165 &rarr; <strong>1184<\/strong><br \/>(+19 for winning)\n|raw|Jackmim's rating: 1076 &rarr; <strong>1060<\/strong><br \/>(-16 for losing)\n|l|\u2606Jackmim\n","uploadtime":1697936947,"views":18,"p1id":"abowlofmagnemites","p2id":"jackmim","formatid":"gen9doublesou","rating":1060,"private":0,"password":""}