{"id":"gen9doublesou-1985390978","p1":"ManicManwith","p2":"10zolt","format":"[Gen 9] Doubles OU","log":"|j|\u2606ManicManwith\n|j|\u260610zolt\n|t:|1699370747\n|gametype|doubles\n|player|p1|ManicManwith|tate-masters|1100\n|player|p2|10zolt|cilan|1051\n|teamsize|p1|6\n|teamsize|p2|6\n|gen|9\n|tier|[Gen 9] Doubles OU\n|rated|\n|rule|Species Clause: Limit one of each Pok\u00e9mon\n|rule|OHKO Clause: OHKO moves are banned\n|rule|Evasion Moves Clause: Evasion moves are banned\n|rule|Gravity Sleep Clause: The combination of sleep-inducing moves with imperfect accuracy and Gravity or Gigantamax Orbeetle are banned\n|rule|Endless Battle Clause: Forcing endless battles is banned\n|rule|HP Percentage Mod: HP is shown in percentages\n|clearpoke\n|poke|p1|Tornadus, M|\n|poke|p1|Flutter Mane|\n|poke|p1|Torkoal, M|\n|poke|p1|Sinistcha-Masterpiece|\n|poke|p1|Ninetales-Alola, M|\n|poke|p1|Dragonite, F|\n|poke|p2|Snorlax, M|\n|poke|p2|Iron Hands|\n|poke|p2|Landorus-Therian, M|\n|poke|p2|Sinistcha|\n|poke|p2|Clefairy, M|\n|poke|p2|Kommo-o, M|\n|teampreview\n|\n|t:|1699370756\n|start\n|switch|p1a: Flutter Mane|Flutter Mane|100\/100\n|switch|p1b: Torkoal|Torkoal, M|100\/100\n|switch|p2a: Cartman|Snorlax, M, shiny|100\/100\n|switch|p2b: Fella|Clefairy, M, shiny|100\/100\n|-weather|SunnyDay|[from] ability: Drought|[of] p1b: Torkoal\n|-activate|p1a: Flutter Mane|ability: Protosynthesis\n|-start|p1a: Flutter Mane|protosynthesisspa\n|turn|1\n|\n|t:|1699370780\n|switch|p1b: Tornadus|Tornadus, M|100\/100\n|-terastallize|p1a: Flutter Mane|Ghost\n|move|p2b: Fella|Follow Me|p2b: Fella\n|-singleturn|p2b: Fella|move: Follow Me\n|move|p1a: Flutter Mane|Icy Wind|p2a: Cartman|[spread] p2a,p2b\n|-damage|p2a: Cartman|96\/100\n|-damage|p2b: Fella|87\/100\n|-unboost|p2a: Cartman|spe|1\n|-unboost|p2b: Fella|spe|1\n|move|p2a: Cartman|Belly Drum|p2a: Cartman\n|-damage|p2a: Cartman|46\/100\n|-setboost|p2a: Cartman|atk|6|[from] move: Belly Drum\n|-enditem|p2a: Cartman|Sitrus Berry|[eat]\n|-heal|p2a: Cartman|71\/100|[from] item: Sitrus Berry\n|\n|-weather|SunnyDay|[upkeep]\n|upkeep\n|turn|2\n|\n|t:|1699370812\n|move|p2b: Fella|Helping Hand|p2a: Cartman\n|-singleturn|p2a: Cartman|Helping Hand|[of] p2b: Fella\n|move|p1a: Flutter Mane|Dazzling Gleam|p2b: Fella|[spread] p2a,p2b\n|-damage|p2a: Cartman|51\/100\n|-damage|p2b: Fella|57\/100\n|move|p1b: Tornadus|Fling|p1a: Flutter Mane\n|-supereffective|p1a: Flutter Mane\n|-damage|p1a: Flutter Mane|88\/100\n|-start|p1a: Flutter Mane|move: Focus Energy\n|-enditem|p1a: Flutter Mane|Weakness Policy\n|-boost|p1a: Flutter Mane|atk|2|[from] item: Weakness Policy\n|-boost|p1a: Flutter Mane|spa|2|[from] item: Weakness Policy\n|-enditem|p1b: Tornadus|Lansat Berry|[from] move: Fling\n|move|p2a: Cartman|High Horsepower|p1a: Flutter Mane\n|-damage|p1a: Flutter Mane|0 fnt\n|faint|p1a: Flutter Mane\n|-end|p1a: Flutter Mane|Protosynthesis|[silent]\n|\n|-weather|SunnyDay|[upkeep]\n|upkeep\n|\n|t:|1699370827\n|switch|p1a: Ninetales|Ninetales-Alola, M|100\/100\n|-weather|Snow|[from] ability: Snow Warning|[of] p1a: Ninetales\n|turn|3\n|\n|t:|1699370857\n|switch|p2b: Bounty|Sinistcha|100\/100\n|-heal|p2a: Cartman|76\/100|[from] ability: Hospitality|[of] p2b: Bounty\n|move|p2a: Cartman|Protect|p2a: Cartman\n|-singleturn|p2a: Cartman|Protect\n|move|p1b: Tornadus|Taunt|p2b: Bounty\n|-start|p2b: Bounty|move: Taunt\n|-enditem|p2b: Bounty|Mental Herb\n|-end|p2b: Bounty|move: Taunt\n|move|p1a: Ninetales|Blizzard|p2a: Cartman|[spread] p2b\n|-activate|p2a: Cartman|move: Protect\n|-supereffective|p2b: Bounty\n|-damage|p2b: Bounty|19\/100\n|\n|-weather|Snow|[upkeep]\n|upkeep\n|turn|4\n|\n|t:|1699370888\n|move|p1a: Ninetales|Aurora Veil|p1a: Ninetales\n|-sidestart|p1: ManicManwith|move: Aurora Veil\n|move|p1b: Tornadus|Bleakwind Storm|p2b: Bounty|[spread] p2a,p2b\n|-supereffective|p2b: Bounty\n|-damage|p2a: Cartman|57\/100\n|-damage|p2b: Bounty|0 fnt\n|-unboost|p2a: Cartman|spe|1\n|faint|p2b: Bounty\n|move|p2a: Cartman|Facade|p1b: Tornadus\n|-damage|p1b: Tornadus|0 fnt\n|faint|p1b: Tornadus\n|\n|-weather|Snow|[upkeep]\n|upkeep\n|\n|t:|1699370907\n|switch|p1b: charizzard|Dragonite, F|100\/100\n|switch|p2b: Fella|Clefairy, M, shiny|57\/100\n|turn|5\n|\n|t:|1699370924\n|move|p1a: Ninetales|Blizzard|p2b: Fella|[spread] p2a,p2b\n|-damage|p2a: Cartman|49\/100\n|-damage|p2b: Fella|38\/100\n|move|p1b: charizzard|Dragon Dance|p1b: charizzard\n|-boost|p1b: charizzard|atk|1\n|-boost|p1b: charizzard|spe|1\n|move|p2b: Fella|Heal Pulse|p2a: Cartman\n|-heal|p2a: Cartman|99\/100\n|move|p2a: Cartman|Facade|p1b: charizzard\n|-damage|p1b: charizzard|53\/100\n|\n|-weather|Snow|[upkeep]\n|upkeep\n|turn|6\n|\n|t:|1699370966\n|move|p2b: Fella|Helping Hand|p2a: Cartman\n|-singleturn|p2a: Cartman|Helping Hand|[of] p2b: Fella\n|move|p1b: charizzard|Iron Head|p2a: Cartman\n|-damage|p2a: Cartman|64\/100\n|move|p1a: Ninetales|Blizzard|p2a: Cartman|[spread] p2a,p2b\n|-crit|p2b: Fella\n|-damage|p2a: Cartman|58\/100\n|-damage|p2b: Fella|6\/100\n|-status|p2b: Fella|frz\n|move|p2a: Cartman|Facade|p1b: charizzard\n|-damage|p1b: charizzard|0 fnt\n|faint|p1b: charizzard\n|\n|-weather|Snow|[upkeep]\n|upkeep\n|inactive|Battle timer is ON: inactive players will automatically lose when time's up. (requested by 10zolt)\n|\n|t:|1699370983\n|switch|p1b: Sinistcha|Sinistcha-Masterpiece, shiny|100\/100\n|turn|7\n|\n|t:|1699371002\n|cant|p2b: Fella|frz\n|move|p1b: Sinistcha|Rage Powder|p1b: Sinistcha\n|-singleturn|p1b: Sinistcha|move: Rage Powder\n|move|p1a: Ninetales|Blizzard|p2a: Cartman|[spread] p2a,p2b\n|-crit|p2b: Fella\n|-damage|p2a: Cartman|51\/100\n|-damage|p2b: Fella|0 fnt\n|faint|p2b: Fella\n|move|p2a: Cartman|Facade|p1b: Sinistcha\n|-immune|p1b: Sinistcha\n|\n|-weather|none\n|upkeep\n|inactive|10zolt has 120 seconds left.\n|\n|t:|1699371024\n|switch|p2b: Iron Fist|Iron Hands|100\/100\n|turn|8\n|\n|t:|1699371051\n|switch|p1a: Torkoal|Torkoal, M|100\/100\n|-weather|SunnyDay|[from] ability: Drought|[of] p1a: Torkoal\n|move|p2a: Cartman|Protect|p2a: Cartman\n|-singleturn|p2a: Cartman|Protect\n|move|p2b: Iron Fist|Fake Out|p1a: Torkoal\n|-damage|p1a: Torkoal|94\/100\n|move|p1b: Sinistcha|Rage Powder|p1b: Sinistcha\n|-singleturn|p1b: Sinistcha|move: Rage Powder\n|\n|-weather|SunnyDay|[upkeep]\n|-heal|p1a: Torkoal|99\/100|[from] item: Leftovers\n|upkeep\n|turn|9\n|inactive|10zolt has 120 seconds left.\n|\n|t:|1699371110\n|switch|p1a: Ninetales|Ninetales-Alola, M|100\/100\n|-weather|Snow|[from] ability: Snow Warning|[of] p1a: Ninetales\n|move|p1b: Sinistcha|Matcha Gotcha|p2a: Cartman|[spread] p2a,p2b\n|-damage|p2a: Cartman|36\/100\n|-damage|p2b: Iron Fist|85\/100\n|move|p2b: Iron Fist|Heavy Slam|p1b: Sinistcha\n|-damage|p1b: Sinistcha|78\/100\n|move|p2a: Cartman|High Horsepower|p1a: Ninetales\n|-damage|p1a: Ninetales|15\/100\n|\n|-weather|Snow|[upkeep]\n|-heal|p1b: Sinistcha|84\/100|[from] item: Leftovers\n|upkeep\n|turn|10\n|inactive|ManicManwith has 120 seconds left.\n|\n|t:|1699371148\n|move|p1a: Ninetales|Dazzling Gleam|p2a: Cartman|[spread] p2a,p2b\n|-supereffective|p2b: Iron Fist\n|-damage|p2a: Cartman|23\/100\n|-damage|p2b: Iron Fist|55\/100\n|move|p1b: Sinistcha|Matcha Gotcha|p2b: Iron Fist|[spread] p2a,p2b\n|-damage|p2a: Cartman|9\/100\n|-heal|p1b: Sinistcha|94\/100|[from] drain|[of] p2a: Cartman\n|-damage|p2b: Iron Fist|41\/100\n|-heal|p1b: Sinistcha|100\/100|[from] drain|[of] p2b: Iron Fist\n|move|p2b: Iron Fist|Drain Punch|p1b: Sinistcha\n|-immune|p1b: Sinistcha\n|move|p2a: Cartman|High Horsepower|p1a: Ninetales\n|-damage|p1a: Ninetales|0 fnt\n|faint|p1a: Ninetales\n|\n|-weather|Snow|[upkeep]\n|upkeep\n|\n|t:|1699371161\n|switch|p1a: Torkoal|Torkoal, M|99\/100\n|-weather|SunnyDay|[from] ability: Drought|[of] p1a: Torkoal\n|turn|11\n|inactive|10zolt has 120 seconds left.\n|inactive|ManicManwith has 120 seconds left.\n|c|\u2606ManicManwith|im going to make you a wee bit angy\n|\n|t:|1699371196\n|move|p2a: Cartman|Protect|p2a: Cartman\n|-singleturn|p2a: Cartman|Protect\n|move|p2b: Iron Fist|Wild Charge|p1b: Sinistcha\n|-resisted|p1b: Sinistcha\n|-damage|p1b: Sinistcha|87\/100\n|-damage|p2b: Iron Fist|39\/100|[from] Recoil\n|move|p1a: Torkoal|Clear Smog|p2a: Cartman\n|-activate|p2a: Cartman|move: Protect\n|move|p1b: Sinistcha|Trick Room|p1b: Sinistcha\n|-fieldstart|move: Trick Room|[of] p1b: Sinistcha\n|\n|-weather|SunnyDay|[upkeep]\n|-heal|p1a: Torkoal|100\/100|[from] item: Leftovers\n|-heal|p1b: Sinistcha|94\/100|[from] item: Leftovers\n|-sideend|p1: ManicManwith|move: Aurora Veil\n|upkeep\n|turn|12\n|inactive|10zolt has 120 seconds left.\n|\n|t:|1699371226\n|move|p1b: Sinistcha|Rage Powder|p1b: Sinistcha\n|-singleturn|p1b: Sinistcha|move: Rage Powder\n|move|p2a: Cartman|High Horsepower|p1b: Sinistcha\n|-resisted|p1b: Sinistcha\n|-damage|p1b: Sinistcha|50\/100\n|move|p1a: Torkoal|Clear Smog|p2a: Cartman\n|-damage|p2a: Cartman|3\/100\n|-clearboost|p2a: Cartman\n|move|p2b: Iron Fist|Drain Punch|p1b: Sinistcha\n|-immune|p1b: Sinistcha\n|\n|-weather|SunnyDay|[upkeep]\n|-heal|p1b: Sinistcha|57\/100|[from] item: Leftovers\n|upkeep\n|turn|13\n|inactive|10zolt has 120 seconds left.\n|\n|t:|1699371255\n|move|p1a: Torkoal|Stealth Rock|p2a: Cartman\n|-sidestart|p2: 10zolt|move: Stealth Rock\n|move|p2a: Cartman|High Horsepower|p1b: Sinistcha\n|-resisted|p1b: Sinistcha\n|-damage|p1b: Sinistcha|46\/100\n|move|p2b: Iron Fist|Heavy Slam|p1a: Torkoal\n|-resisted|p1a: Torkoal\n|-damage|p1a: Torkoal|89\/100\n|move|p1b: Sinistcha|Matcha Gotcha|p2b: Iron Fist|[spread] p2a,p2b\n|-damage|p2a: Cartman|0 fnt\n|-heal|p1b: Sinistcha|49\/100|[from] drain|[of] p2a: Cartman\n|-damage|p2b: Iron Fist|25\/100\n|-heal|p1b: Sinistcha|59\/100|[from] drain|[of] p2b: Iron Fist\n|faint|p2a: Cartman\n|\n|-weather|SunnyDay|[upkeep]\n|-heal|p1a: Torkoal|95\/100|[from] item: Leftovers\n|-heal|p1b: Sinistcha|65\/100|[from] item: Leftovers\n|upkeep\n|inactive|10zolt has 90 seconds left.\n|\n|t:|1699371276\n|switch|p2a: Dawg|Landorus-Therian, M, shiny|100\/100\n|-damage|p2a: Dawg|88\/100|[from] Stealth Rock\n|-ability|p2a: Dawg|Intimidate|boost\n|-unboost|p1a: Torkoal|atk|1\n|-unboost|p1b: Sinistcha|atk|1\n|turn|14\n|\n|t:|1699371294\n|move|p1a: Torkoal|Eruption|p2a: Dawg|[spread] p2a,p2b\n|-damage|p2a: Dawg|16\/100\n|-damage|p2b: Iron Fist|0 fnt\n|faint|p2b: Iron Fist\n|-end|p2b: Iron Fist|Quark Drive|[silent]\n|move|p1b: Sinistcha|Matcha Gotcha|p2a: Dawg\n|-damage|p2a: Dawg|0 fnt\n|-heal|p1b: Sinistcha|72\/100|[from] drain|[of] p2a: Dawg\n|faint|p2a: Dawg\n|\n|-weather|SunnyDay|[upkeep]\n|-heal|p1a: Torkoal|100\/100|[from] item: Leftovers\n|-heal|p1b: Sinistcha|78\/100|[from] item: Leftovers\n|upkeep\n|c|\u2606ManicManwith|gg\n|inactive|10zolt has 90 seconds left.\n|\n|t:|1699371310\n|switch|p2b: Poppy|Kommo-o, M, shiny|100\/100\n|-damage|p2b: Poppy|94\/100|[from] Stealth Rock\n|turn|15\n|\n|t:|1699371327\n|move|p1a: Torkoal|Eruption|p2b: Poppy\n|-resisted|p2b: Poppy\n|-damage|p2b: Poppy|54\/100\n|move|p1b: Sinistcha|Matcha Gotcha|p2b: Poppy\n|-resisted|p2b: Poppy\n|-damage|p2b: Poppy|37\/100\n|-heal|p1b: Sinistcha|85\/100|[from] drain|[of] p2b: Poppy\n|move|p2b: Poppy|Clanging Scales|p1b: Sinistcha|[spread] p1a,p1b\n|-damage|p1a: Torkoal|51\/100\n|-damage|p1b: Sinistcha|43\/100\n|-unboost|p2b: Poppy|def|1\n|-enditem|p2b: Poppy|Throat Spray\n|-boost|p2b: Poppy|spa|1|[from] item: Throat Spray\n|\n|-weather|none\n|-heal|p1a: Torkoal|57\/100|[from] item: Leftovers\n|-heal|p1b: Sinistcha|49\/100|[from] item: Leftovers\n|-fieldend|move: Trick Room\n|upkeep\n|turn|16\n|inactive|ManicManwith has 120 seconds left.\n|\n|t:|1699371358\n|move|p2b: Poppy|Clanging Scales|p1b: Sinistcha|[spread] p1a,p1b\n|-damage|p1a: Torkoal|0 fnt\n|-damage|p1b: Sinistcha|0 fnt\n|faint|p1a: Torkoal\n|faint|p1b: Sinistcha\n|\n|win|10zolt\n|raw|ManicManwith's rating: 1100 &rarr; <strong>1071<\/strong><br \/>(-29 for losing)\n|raw|10zolt's rating: 1051 &rarr; <strong>1088<\/strong><br \/>(+37 for winning)\n|c|\u2606ManicManwith|WHAT\n","uploadtime":1699371368,"views":18,"p1id":"manicmanwith","p2id":"10zolt","formatid":"gen9doublesou","rating":1071,"private":0,"password":""}