{"id":"gen9doublesou-1979612943","p1":"Zackawwy","p2":"pastalover94","format":"[Gen 9] Doubles OU","log":"|j|\u2606Zackawwy\n|j|\u2606pastalover94\n|t:|1698696688\n|gametype|doubles\n|player|p1|Zackawwy|bruno|1357\n|player|p2|pastalover94|rocketgrunt|1490\n|teamsize|p1|6\n|teamsize|p2|6\n|gen|9\n|tier|[Gen 9] Doubles OU\n|rated|\n|rule|Species Clause: Limit one of each Pok\u00e9mon\n|rule|OHKO Clause: OHKO moves are banned\n|rule|Evasion Moves Clause: Evasion moves are banned\n|rule|Gravity Sleep Clause: The combination of sleep-inducing moves with imperfect accuracy and Gravity or Gigantamax Orbeetle are banned\n|rule|Endless Battle Clause: Forcing endless battles is banned\n|rule|HP Percentage Mod: HP is shown in percentages\n|clearpoke\n|poke|p1|Iron Hands|\n|poke|p1|Oranguru, F|\n|poke|p1|Snorlax, M|\n|poke|p1|Sinistcha-Masterpiece|\n|poke|p1|Gallade, M|\n|poke|p1|Pincurchin, M|\n|poke|p2|Ninetales-Alola, M|\n|poke|p2|Sylveon, M|\n|poke|p2|Arcanine, M|\n|poke|p2|Rillaboom, F|\n|poke|p2|Manaphy|\n|poke|p2|Sinistcha-Masterpiece|\n|teampreview\n|inactive|Battle timer is ON: inactive players will automatically lose when time's up. (requested by pastalover94)\n|inactive|Zackawwy also wants the timer to be on.\n|\n|t:|1698696697\n|start\n|switch|p1a: Iron Hands|Iron Hands|100\/100\n|switch|p1b: Oranguru|Oranguru, F|100\/100\n|switch|p2a: Ninetales|Ninetales-Alola, M|100\/100\n|switch|p2b: Sylveon|Sylveon, M|100\/100\n|-weather|Snow|[from] ability: Snow Warning|[of] p2a: Ninetales\n|turn|1\n|\n|t:|1698696726\n|-terastallize|p1a: Iron Hands|Grass\n|move|p2a: Ninetales|Aurora Veil|p2a: Ninetales\n|-sidestart|p2: pastalover94|move: Aurora Veil\n|move|p2b: Sylveon|Hyper Voice|p1a: Iron Hands|[spread] p1a,p1b\n|-damage|p1a: Iron Hands|55\/100\n|-damage|p1b: Oranguru|53\/100\n|move|p1a: Iron Hands|Focus Energy|p1a: Iron Hands\n|-start|p1a: Iron Hands|move: Focus Energy\n|move|p1b: Oranguru|Trick Room|p1b: Oranguru\n|-fieldstart|move: Trick Room|[of] p1b: Oranguru\n|\n|-weather|Snow|[upkeep]\n|upkeep\n|turn|2\n|\n|t:|1698696749\n|move|p1a: Iron Hands|Drain Punch|p2b: Sylveon\n|-resisted|p2b: Sylveon\n|-crit|p2b: Sylveon\n|-damage|p2b: Sylveon|64\/100\n|-heal|p1a: Iron Hands|68\/100|[from] drain|[of] p2b: Sylveon\n|move|p1b: Oranguru|Instruct|p1a: Iron Hands\n|-singleturn|p1a: Iron Hands|move: Instruct|[of] p1b: Oranguru\n|move|p1a: Iron Hands|Drain Punch|p2b: Sylveon\n|-resisted|p2b: Sylveon\n|-crit|p2b: Sylveon\n|-damage|p2b: Sylveon|29\/100\n|-heal|p1a: Iron Hands|81\/100|[from] drain|[of] p2b: Sylveon\n|move|p2b: Sylveon|Hyper Voice|p1b: Oranguru|[spread] p1a,p1b\n|-crit|p1b: Oranguru\n|-damage|p1a: Iron Hands|34\/100\n|-damage|p1b: Oranguru|0 fnt\n|faint|p1b: Oranguru\n|move|p2a: Ninetales|Blizzard|p1a: Iron Hands\n|-supereffective|p1a: Iron Hands\n|-damage|p1a: Iron Hands|0 fnt\n|faint|p1a: Iron Hands\n|-end|p1a: Iron Hands|Quark Drive|[silent]\n|\n|-weather|Snow|[upkeep]\n|upkeep\n|inactive|Zackawwy has 120 seconds left.\n|\n|t:|1698696772\n|switch|p1a: Snorlax|Snorlax, M|100\/100\n|switch|p1b: Pincurchin|Pincurchin, M|100\/100\n|-fieldstart|move: Electric Terrain|[from] ability: Electric Surge|[of] p1b: Pincurchin\n|turn|3\n|inactive|Zackawwy has 120 seconds left.\n|\n|t:|1698696793\n|move|p1b: Pincurchin|Zing Zap|p2b: Sylveon\n|-damage|p2b: Sylveon|0 fnt\n|faint|p2b: Sylveon\n|move|p1a: Snorlax|Belly Drum|p1a: Snorlax\n|-damage|p1a: Snorlax|51\/100\n|-setboost|p1a: Snorlax|atk|6|[from] move: Belly Drum\n|move|p2a: Ninetales|Blizzard|p1b: Pincurchin|[spread] p1a,p1b\n|-damage|p1a: Snorlax|43\/100\n|-damage|p1b: Pincurchin|66\/100\n|-enditem|p1a: Snorlax|Sitrus Berry|[eat]\n|-heal|p1a: Snorlax|68\/100|[from] item: Sitrus Berry\n|\n|-weather|Snow|[upkeep]\n|-heal|p1b: Pincurchin|72\/100|[from] item: Leftovers\n|upkeep\n|\n|t:|1698696811\n|switch|p2b: Rillaboom|Rillaboom, F|100\/100\n|-fieldstart|move: Grassy Terrain|[from] ability: Grassy Surge|[of] p2b: Rillaboom\n|turn|4\n|\n|t:|1698696829\n|move|p2b: Rillaboom|Fake Out|p1a: Snorlax\n|-damage|p1a: Snorlax|58\/100\n|move|p1b: Pincurchin|Zing Zap|p2a: Ninetales\n|-damage|p2a: Ninetales|81\/100\n|cant|p1a: Snorlax|flinch\n|move|p2a: Ninetales|Blizzard|p1b: Pincurchin|[spread] p1a,p1b\n|-damage|p1a: Snorlax|51\/100\n|-damage|p1b: Pincurchin|36\/100\n|\n|-weather|Snow|[upkeep]\n|-heal|p1b: Pincurchin|42\/100|[from] Grassy Terrain\n|-heal|p1b: Pincurchin|48\/100|[from] item: Leftovers\n|-heal|p1a: Snorlax|57\/100|[from] Grassy Terrain\n|-heal|p2a: Ninetales|87\/100|[from] Grassy Terrain\n|upkeep\n|turn|5\n|inactive|Zackawwy has 120 seconds left.\n|\n|t:|1698696865\n|move|p1b: Pincurchin|Recover|p1b: Pincurchin\n|-heal|p1b: Pincurchin|98\/100\n|move|p1a: Snorlax|Last Resort|p2a: Ninetales\n|-damage|p2a: Ninetales|0 fnt\n|faint|p2a: Ninetales\n|move|p2b: Rillaboom|Wood Hammer|p1a: Snorlax\n|-damage|p1a: Snorlax|5\/100\n|-damage|p2b: Rillaboom|79\/100|[from] Recoil\n|\n|-weather|none\n|-heal|p1b: Pincurchin|100\/100|[from] Grassy Terrain\n|-heal|p1a: Snorlax|11\/100|[from] Grassy Terrain\n|-heal|p2b: Rillaboom|85\/100|[from] Grassy Terrain\n|-fieldend|move: Trick Room\n|upkeep\n|inactive|pastalover94 has 120 seconds left.\n|\n|t:|1698696894\n|switch|p2a: Arcanine|Arcanine, M|100\/100\n|turn|6\n|\n|t:|1698696907\n|switch|p1a: Sinistcha|Sinistcha-Masterpiece, shiny|100\/100\n|move|p2b: Rillaboom|Grassy Glide|p1a: Sinistcha\n|-resisted|p1a: Sinistcha\n|-damage|p1a: Sinistcha|87\/100\n|move|p2a: Arcanine|Flare Blitz|p1b: Pincurchin\n|-damage|p1b: Pincurchin|42\/100\n|-damage|p2a: Arcanine|84\/100|[from] Recoil\n|move|p1b: Pincurchin|Curse|p1b: Pincurchin\n|-unboost|p1b: Pincurchin|spe|1\n|-boost|p1b: Pincurchin|atk|1\n|-boost|p1b: Pincurchin|def|1\n|\n|-heal|p2a: Arcanine|91\/100|[from] Grassy Terrain\n|-heal|p2b: Rillaboom|92\/100|[from] Grassy Terrain\n|-heal|p1a: Sinistcha|93\/100|[from] Grassy Terrain\n|-heal|p1b: Pincurchin|48\/100|[from] Grassy Terrain\n|-heal|p1b: Pincurchin|54\/100|[from] item: Leftovers\n|upkeep\n|turn|7\n|\n|t:|1698696935\n|move|p2b: Rillaboom|Grassy Glide|p1b: Pincurchin\n|-damage|p1b: Pincurchin|32\/100\n|move|p1b: Pincurchin|Sucker Punch|p2a: Arcanine\n|-damage|p2a: Arcanine|67\/100\n|move|p2a: Arcanine|Flare Blitz|p1b: Pincurchin\n|-damage|p1b: Pincurchin|0 fnt\n|faint|p1b: Pincurchin\n|-damage|p2a: Arcanine|58\/100|[from] Recoil\n|move|p1a: Sinistcha|Strength Sap|p2b: Rillaboom\n|-unboost|p2b: Rillaboom|atk|1\n|-heal|p1a: Sinistcha|100\/100\n|\n|-heal|p2a: Arcanine|64\/100|[from] Grassy Terrain\n|-heal|p2b: Rillaboom|98\/100|[from] Grassy Terrain\n|upkeep\n|inactive|Zackawwy has 120 seconds left.\n|\n|t:|1698696955\n|switch|p1b: Gallade|Gallade, M|100\/100\n|turn|8\n|inactive|Zackawwy has 120 seconds left.\n|\n|t:|1698696985\n|switch|p2b: Sinistcha|Sinistcha-Masterpiece|100\/100\n|-heal|p2a: Arcanine|89\/100|[from] ability: Hospitality|[of] p2b: Sinistcha\n|move|p1b: Gallade|Sacred Sword|p2a: Arcanine\n|-damage|p2a: Arcanine|28\/100\n|move|p2a: Arcanine|Flare Blitz|p1a: Sinistcha\n|-supereffective|p1a: Sinistcha\n|-damage|p1a: Sinistcha|7\/100\n|-enditem|p1a: Sinistcha|Wiki Berry|[eat]\n|-heal|p1a: Sinistcha|40\/100|[from] item: Wiki Berry\n|-damage|p2a: Arcanine|0 fnt|[from] Recoil\n|faint|p2a: Arcanine\n|move|p1a: Sinistcha|Strength Sap|p2b: Sinistcha\n|-unboost|p2b: Sinistcha|atk|1\n|-heal|p1a: Sinistcha|73\/100\n|\n|-heal|p1a: Sinistcha|79\/100|[from] Grassy Terrain\n|-sideend|p2: pastalover94|move: Aurora Veil\n|-fieldend|move: Grassy Terrain\n|upkeep\n|inactive|pastalover94 has 120 seconds left.\n|\n|t:|1698697015\n|switch|p2a: Rillaboom|Rillaboom, F|98\/100\n|-fieldstart|move: Grassy Terrain|[from] ability: Grassy Surge|[of] p2a: Rillaboom\n|turn|9\n|\n|t:|1698697033\n|switch|p1b: Snorlax|Snorlax, M|11\/100\n|-terastallize|p2a: Rillaboom|Grass\n|move|p2a: Rillaboom|Wood Hammer|p1b: Snorlax\n|-damage|p1b: Snorlax|0 fnt\n|faint|p1b: Snorlax\n|-damage|p2a: Rillaboom|94\/100|[from] Recoil\n|move|p2b: Sinistcha|Shadow Ball|p1a: Sinistcha\n|-supereffective|p1a: Sinistcha\n|-damage|p1a: Sinistcha|15\/100\n|move|p1a: Sinistcha|Strength Sap|p2a: Rillaboom\n|-unboost|p2a: Rillaboom|atk|1\n|-heal|p1a: Sinistcha|100\/100\n|\n|-heal|p2a: Rillaboom|99\/100|[from] Grassy Terrain\n|upkeep\n|inactive|Zackawwy has 120 seconds left.\n|\n|t:|1698697053\n|switch|p1b: Gallade|Gallade, M|100\/100\n|turn|10\n|\n|t:|1698697072\n|switch|p2a: Manaphy|Manaphy|100\/100\n|move|p1b: Gallade|Psycho Cut|p2b: Sinistcha\n|-crit|p2b: Sinistcha\n|-damage|p2b: Sinistcha|27\/100\n|move|p2b: Sinistcha|Shadow Ball|p1b: Gallade\n|-supereffective|p1b: Gallade\n|-damage|p1b: Gallade|25\/100\n|move|p1a: Sinistcha|Matcha Gotcha|p2a: Manaphy|[spread] p2a,p2b\n|-supereffective|p2a: Manaphy\n|-resisted|p2b: Sinistcha\n|-damage|p2a: Manaphy|53\/100\n|-damage|p2b: Sinistcha|16\/100\n|\n|-heal|p1b: Gallade|31\/100|[from] Grassy Terrain\n|-heal|p2a: Manaphy|59\/100|[from] Grassy Terrain\n|-heal|p2a: Manaphy|65\/100|[from] item: Leftovers\n|-heal|p2b: Sinistcha|22\/100|[from] Grassy Terrain\n|upkeep\n|turn|11\n|\n|t:|1698697098\n|move|p1b: Gallade|Psycho Cut|p2b: Sinistcha\n|-damage|p2b: Sinistcha|0 fnt\n|faint|p2b: Sinistcha\n|move|p2a: Manaphy|Dazzling Gleam|p1b: Gallade|[spread] p1a,p1b\n|-supereffective|p1b: Gallade\n|-damage|p1a: Sinistcha|84\/100\n|-damage|p1b: Gallade|0 fnt\n|faint|p1b: Gallade\n|move|p1a: Sinistcha|Matcha Gotcha|p2a: Manaphy\n|-supereffective|p2a: Manaphy\n|-damage|p2a: Manaphy|0 fnt\n|-heal|p1a: Sinistcha|100\/100|[from] drain|[of] p2a: Manaphy\n|faint|p2a: Manaphy\n|\n|upkeep\n|\n|t:|1698697109\n|switch|p2b: Rillaboom|Rillaboom, F, tera:Grass|99\/100\n|turn|12\n|\n|t:|1698697116\n|move|p2b: Rillaboom|Knock Off|p1a: Sinistcha\n|-supereffective|p1a: Sinistcha\n|-crit|p1a: Sinistcha\n|-damage|p1a: Sinistcha|53\/100\n|move|p1a: Sinistcha|Strength Sap|p2b: Rillaboom\n|-unboost|p2b: Rillaboom|atk|1\n|-heal|p1a: Sinistcha|100\/100\n|\n|-heal|p2b: Rillaboom|100\/100|[from] Grassy Terrain\n|upkeep\n|turn|13\n|\n|t:|1698697136\n|move|p2b: Rillaboom|Wood Hammer|p1a: Sinistcha\n|-resisted|p1a: Sinistcha\n|-damage|p1a: Sinistcha|78\/100\n|-damage|p2b: Rillaboom|94\/100|[from] Recoil\n|move|p1a: Sinistcha|Strength Sap|p2b: Rillaboom\n|-unboost|p2b: Rillaboom|atk|1\n|-heal|p1a: Sinistcha|100\/100\n|\n|-heal|p2b: Rillaboom|99\/100|[from] Grassy Terrain\n|-fieldend|move: Grassy Terrain\n|upkeep\n|turn|14\n|\n|t:|1698697150\n|move|p2b: Rillaboom|Knock Off|p1a: Sinistcha\n|-supereffective|p1a: Sinistcha\n|-damage|p1a: Sinistcha|86\/100\n|move|p1a: Sinistcha|Matcha Gotcha|p2b: Rillaboom\n|-resisted|p2b: Rillaboom\n|-damage|p2b: Rillaboom|88\/100\n|-heal|p1a: Sinistcha|93\/100|[from] drain|[of] p2b: Rillaboom\n|\n|upkeep\n|turn|15\n|\n|t:|1698697158\n|move|p2b: Rillaboom|Knock Off|p1a: Sinistcha\n|-supereffective|p1a: Sinistcha\n|-damage|p1a: Sinistcha|76\/100\n|move|p1a: Sinistcha|Matcha Gotcha|p2b: Rillaboom\n|-resisted|p2b: Rillaboom\n|-damage|p2b: Rillaboom|76\/100\n|-heal|p1a: Sinistcha|83\/100|[from] drain|[of] p2b: Rillaboom\n|\n|upkeep\n|turn|16\n|\n|t:|1698697166\n|move|p2b: Rillaboom|Knock Off|p1a: Sinistcha\n|-supereffective|p1a: Sinistcha\n|-damage|p1a: Sinistcha|66\/100\n|move|p1a: Sinistcha|Matcha Gotcha|p2b: Rillaboom\n|-resisted|p2b: Rillaboom\n|-damage|p2b: Rillaboom|64\/100\n|-heal|p1a: Sinistcha|73\/100|[from] drain|[of] p2b: Rillaboom\n|\n|upkeep\n|turn|17\n|\n|t:|1698697177\n|move|p2b: Rillaboom|Knock Off|p1a: Sinistcha\n|-supereffective|p1a: Sinistcha\n|-damage|p1a: Sinistcha|56\/100\n|move|p1a: Sinistcha|Strength Sap|p2b: Rillaboom\n|-unboost|p2b: Rillaboom|atk|1\n|-heal|p1a: Sinistcha|99\/100\n|\n|upkeep\n|turn|18\n|c|\u2606pastalover94|gg\n|-message|pastalover94 forfeited.\n|\n|win|Zackawwy\n|raw|Zackawwy's rating: 1357 &rarr; <strong>1384<\/strong><br \/>(+27 for winning)\n|raw|pastalover94's rating: 1490 &rarr; <strong>1463<\/strong><br \/>(-27 for losing)\n|l|\u2606pastalover94\n|c|\u2606Zackawwy|gg\n|l|\u2606Zackawwy\n|j|\u2606Zackawwy\n|player|p1|Zackawwy|bruno\n","uploadtime":1698697261,"views":23,"p1id":"zackawwy","p2id":"pastalover94","formatid":"gen9doublesou","rating":1384,"private":0,"password":""}