{"id":"gen9doublesou-1986635885","p1":"Fireonmfs","p2":"mf_salvador","format":"[Gen 9] Doubles OU","log":"|j|\u2606Fireonmfs\n|j|\u2606mf_salvador\n|inactive|Battle timer is ON: inactive players will automatically lose when time's up.\n|t:|1699500638\n|gametype|doubles\n|player|p1|Fireonmfs|alder|\n|player|p2|mf_salvador|flannery|\n|teamsize|p1|6\n|teamsize|p2|6\n|gen|9\n|tier|[Gen 9] Doubles OU\n|rated|Tournament battle\n|rule|Species Clause: Limit one of each Pok\u00e9mon\n|rule|OHKO Clause: OHKO moves are banned\n|rule|Evasion Moves Clause: Evasion moves are banned\n|rule|Gravity Sleep Clause: The combination of sleep-inducing moves with imperfect accuracy and Gravity or Gigantamax Orbeetle are banned\n|rule|Endless Battle Clause: Forcing endless battles is banned\n|rule|HP Percentage Mod: HP is shown in percentages\n|clearpoke\n|poke|p1|Salazzle, F|\n|poke|p1|Toxtricity, F|\n|poke|p1|Grimmsnarl, M|\n|poke|p1|Dugtrio-Alola, M|\n|poke|p1|Mienshao, M|\n|poke|p1|Clawitzer, M|\n|poke|p2|Psyduck, F|\n|poke|p2|Rillaboom, F|\n|poke|p2|Tyranitar, M|\n|poke|p2|Raboot, M|\n|poke|p2|Haunter, F|\n|poke|p2|Skeledirge, F|\n|teampreview\n|j|*Lady Monita \u263d\n|inactive|mf_salvador also wants the timer to be on.\n|c|\u2606mf_salvador|glhf\n|c|\u2606Fireonmfs|u2\n|\n|t:|1699500646\n|start\n|switch|p1a: Toxtricity|Toxtricity, F|100\/100\n|switch|p1b: Grimmsnarl|Grimmsnarl, M|100\/100\n|switch|p2a: Rillaboom|Rillaboom, F|100\/100\n|switch|p2b: Haunter|Haunter, F|100\/100\n|-fieldstart|move: Grassy Terrain|[from] ability: Grassy Surge|[of] p2a: Rillaboom\n|turn|1\n|\n|t:|1699500664\n|move|p2a: Rillaboom|Fake Out|p1a: Toxtricity\n|-damage|p1a: Toxtricity|78\/100\n|move|p1b: Grimmsnarl|Reflect|p1b: Grimmsnarl\n|-sidestart|p1: Fireonmfs|Reflect\n|move|p2b: Haunter|Shadow Ball|p1a: Toxtricity\n|-damage|p1a: Toxtricity|0 fnt\n|faint|p1a: Toxtricity\n|\n|upkeep\n|j| DIMU179\n|\n|t:|1699500681\n|switch|p1a: Mienshao|Mienshao, M|100\/100\n|turn|2\n|\n|t:|1699500700\n|switch|p2b: Skeledirge|Skeledirge, F|100\/100\n|move|p1b: Grimmsnarl|Light Screen|p1b: Grimmsnarl\n|-sidestart|p1: Fireonmfs|move: Light Screen\n|move|p1a: Mienshao|Knock Off|p2b: Skeledirge\n|-supereffective|p2b: Skeledirge\n|-damage|p2b: Skeledirge|43\/100\n|-enditem|p2b: Skeledirge|Sitrus Berry|[from] move: Knock Off|[of] p1a: Mienshao\n|move|p2a: Rillaboom|Brick Break|p1b: Grimmsnarl\n|-sideend|p1: Fireonmfs|Reflect\n|-sideend|p1: Fireonmfs|move: Light Screen\n|-crit|p1b: Grimmsnarl\n|-damage|p1b: Grimmsnarl|57\/100\n|\n|-heal|p2b: Skeledirge|49\/100|[from] Grassy Terrain\n|-heal|p1b: Grimmsnarl|63\/100|[from] Grassy Terrain\n|upkeep\n|turn|3\n|\n|t:|1699500726\n|move|p1b: Grimmsnarl|Light Screen|p1b: Grimmsnarl\n|-sidestart|p1: Fireonmfs|move: Light Screen\n|move|p1a: Mienshao|Knock Off|p2a: Rillaboom\n|-damage|p2a: Rillaboom|70\/100\n|-enditem|p2a: Rillaboom|Assault Vest|[from] move: Knock Off|[of] p1a: Mienshao\n|move|p2a: Rillaboom|Wood Hammer|p1a: Mienshao\n|-damage|p1a: Mienshao|0 fnt\n|faint|p1a: Mienshao\n|-damage|p2a: Rillaboom|48\/100|[from] Recoil\n|move|p2b: Skeledirge|Slack Off|p2b: Skeledirge\n|-heal|p2b: Skeledirge|99\/100\n|\n|-heal|p2a: Rillaboom|54\/100|[from] Grassy Terrain\n|-heal|p2b: Skeledirge|100\/100|[from] Grassy Terrain\n|-heal|p1b: Grimmsnarl|69\/100|[from] Grassy Terrain\n|upkeep\n|inactive|Fireonmfs has 120 seconds left.\n|\n|t:|1699500740\n|switch|p1a: Salazzle|Salazzle, F|100\/100\n|turn|4\n|inactive|Fireonmfs has 120 seconds left.\n|\n|t:|1699500771\n|switch|p2a: Tyranitar|Tyranitar, M|100\/100\n|-weather|Sandstorm|[from] ability: Sand Stream|[of] p2a: Tyranitar\n|move|p1b: Grimmsnarl|Parting Shot|p2a: Tyranitar\n|-hint|Since gen 7, Dark is immune to Prankster moves.\n|-immune|p2a: Tyranitar\n|move|p1a: Salazzle|Sludge Bomb|p2a: Tyranitar\n|-resisted|p2a: Tyranitar\n|-damage|p2a: Tyranitar|93\/100\n|move|p2b: Skeledirge|Torch Song|p1b: Grimmsnarl\n|-crit|p1b: Grimmsnarl\n|-damage|p1b: Grimmsnarl|34\/100\n|-boost|p2b: Skeledirge|spa|1\n|\n|-weather|Sandstorm|[upkeep]\n|-damage|p1a: Salazzle|94\/100|[from] Sandstorm\n|-damage|p2b: Skeledirge|94\/100|[from] Sandstorm\n|-damage|p1b: Grimmsnarl|28\/100|[from] Sandstorm\n|-heal|p1a: Salazzle|100\/100|[from] Grassy Terrain\n|-heal|p2b: Skeledirge|100\/100|[from] Grassy Terrain\n|-heal|p1b: Grimmsnarl|34\/100|[from] Grassy Terrain\n|-heal|p2a: Tyranitar|99\/100|[from] Grassy Terrain\n|upkeep\n|turn|5\n|inactive|mf_salvador has 120 seconds left.\n|\n|t:|1699500807\n|move|p2b: Skeledirge|Protect|p2b: Skeledirge\n|-singleturn|p2b: Skeledirge|Protect\n|move|p1b: Grimmsnarl|Reflect|p1b: Grimmsnarl\n|-sidestart|p1: Fireonmfs|Reflect\n|move|p1a: Salazzle|Toxic|p2a: Tyranitar\n|-status|p2a: Tyranitar|tox\n|move|p2a: Tyranitar|High Horsepower|p1a: Salazzle\n|-supereffective|p1a: Salazzle\n|-enditem|p1a: Salazzle|Focus Sash\n|-damage|p1a: Salazzle|1\/100\n|\n|-weather|Sandstorm|[upkeep]\n|-damage|p1a: Salazzle|0 fnt|[from] Sandstorm\n|-damage|p2b: Skeledirge|94\/100|[from] Sandstorm\n|-damage|p1b: Grimmsnarl|28\/100|[from] Sandstorm\n|faint|p1a: Salazzle\n|-heal|p2b: Skeledirge|100\/100|[from] Grassy Terrain\n|-heal|p1b: Grimmsnarl|34\/100|[from] Grassy Terrain\n|-heal|p2a: Tyranitar|100\/100 tox|[from] Grassy Terrain\n|-damage|p2a: Tyranitar|94\/100 tox|[from] psn\n|-fieldend|move: Grassy Terrain\n|upkeep\n|inactive|Fireonmfs has 120 seconds left.\n|\n|t:|1699500818\n|switch|p1a: Clawitzer|Clawitzer, M|100\/100\n|turn|6\n|inactive|mf_salvador has 120 seconds left.\n|inactive|Fireonmfs has 120 seconds left.\n|\n|t:|1699500858\n|switch|p2a: Haunter|Haunter, F|100\/100\n|-terastallize|p1a: Clawitzer|Water\n|move|p1a: Clawitzer|Water Pulse|p2b: Skeledirge\n|-supereffective|p2b: Skeledirge\n|-damage|p2b: Skeledirge|0 fnt\n|faint|p2b: Skeledirge\n|move|p1b: Grimmsnarl|Spirit Break|p2a: Haunter\n|-resisted|p2a: Haunter\n|-damage|p2a: Haunter|62\/100\n|-unboost|p2a: Haunter|spa|1\n|\n|-weather|Sandstorm|[upkeep]\n|-damage|p2a: Haunter|55\/100|[from] Sandstorm\n|-damage|p1a: Clawitzer|94\/100|[from] Sandstorm\n|-damage|p1b: Grimmsnarl|28\/100|[from] Sandstorm\n|upkeep\n|\n|t:|1699500868\n|switch|p2b: Rillaboom|Rillaboom, F|54\/100\n|-fieldstart|move: Grassy Terrain|[from] ability: Grassy Surge|[of] p2b: Rillaboom\n|turn|7\n|j| Itz_Skull3221\n|inactive|mf_salvador has 120 seconds left.\n|l| Itz_Skull3221\n|\n|t:|1699500906\n|switch|p1a: Dugtrio|Dugtrio-Alola, M|100\/100\n|move|p2b: Rillaboom|Fake Out|p1a: Dugtrio\n|-resisted|p1a: Dugtrio\n|-damage|p1a: Dugtrio|90\/100\n|-ability|p1a: Dugtrio|Tangling Hair\n|-unboost|p2b: Rillaboom|spe|1\n|move|p2a: Haunter|Dazzling Gleam|p1a: Dugtrio|[spread] p1a,p1b\n|-resisted|p1a: Dugtrio\n|-supereffective|p1b: Grimmsnarl\n|-damage|p1a: Dugtrio|76\/100\n|-damage|p1b: Grimmsnarl|9\/100\n|move|p1b: Grimmsnarl|Spirit Break|p2b: Rillaboom\n|-damage|p2b: Rillaboom|27\/100\n|-unboost|p2b: Rillaboom|spa|1\n|\n|-weather|Sandstorm|[upkeep]\n|-damage|p2a: Haunter|49\/100|[from] Sandstorm\n|-damage|p1b: Grimmsnarl|3\/100|[from] Sandstorm\n|-damage|p2b: Rillaboom|21\/100|[from] Sandstorm\n|-heal|p1a: Dugtrio|82\/100|[from] Grassy Terrain\n|-heal|p1b: Grimmsnarl|9\/100|[from] Grassy Terrain\n|-heal|p2b: Rillaboom|27\/100|[from] Grassy Terrain\n|upkeep\n|turn|8\n|inactive|Fireonmfs has 120 seconds left.\n|\n|t:|1699500940\n|switch|p2a: Psyduck|Psyduck, F|100\/100\n|switch|p2b: Raboot|Raboot, M|100\/100\n|move|p1a: Dugtrio|Sucker Punch||[still]\n|-fail|p1a: Dugtrio\n|move|p1b: Grimmsnarl|Parting Shot|p2a: Psyduck\n|-unboost|p2a: Psyduck|atk|1\n|-unboost|p2a: Psyduck|spa|1\n|\n|t:|1699500944\n|switch|p1b: Clawitzer|Clawitzer, M, tera:Water|94\/100|[from] Parting Shot\n|\n|-weather|none\n|-heal|p1a: Dugtrio|88\/100|[from] Grassy Terrain\n|-heal|p1b: Clawitzer|100\/100|[from] Grassy Terrain\n|upkeep\n|turn|9\n|inactive|mf_salvador has 120 seconds left.\n|\n|t:|1699500976\n|move|p1a: Dugtrio|Stone Edge|p2b: Raboot\n|-supereffective|p2b: Raboot\n|-damage|p2b: Raboot|0 fnt\n|faint|p2b: Raboot\n|move|p1b: Clawitzer|Dragon Pulse|p2a: Psyduck\n|-damage|p2a: Psyduck|20\/100\n|move|p2a: Psyduck|Icy Wind|p1b: Clawitzer|[spread] p1a,p1b\n|-resisted|p1b: Clawitzer\n|-damage|p1a: Dugtrio|79\/100\n|-damage|p1b: Clawitzer|97\/100\n|-unboost|p1a: Dugtrio|spe|1\n|-unboost|p1b: Clawitzer|spe|1\n|\n|-heal|p1a: Dugtrio|85\/100|[from] Grassy Terrain\n|-heal|p2a: Psyduck|26\/100|[from] Grassy Terrain\n|-heal|p1b: Clawitzer|100\/100|[from] Grassy Terrain\n|upkeep\n|inactive|mf_salvador has 90 seconds left.\n|\n|t:|1699500998\n|switch|p2b: Haunter|Haunter, F|49\/100\n|turn|10\n|j| ElliottTJX\n|\n|t:|1699501014\n|move|p1a: Dugtrio|Sucker Punch|p2b: Haunter\n|-supereffective|p2b: Haunter\n|-damage|p2b: Haunter|0 fnt\n|faint|p2b: Haunter\n|move|p2a: Psyduck|Icy Wind|p1a: Dugtrio|[spread] p1a,p1b\n|-resisted|p1b: Clawitzer\n|-damage|p1a: Dugtrio|76\/100\n|-damage|p1b: Clawitzer|98\/100\n|-unboost|p1a: Dugtrio|spe|1\n|-unboost|p1b: Clawitzer|spe|1\n|move|p1b: Clawitzer|Dragon Pulse|p2a: Psyduck\n|-damage|p2a: Psyduck|0 fnt\n|faint|p2a: Psyduck\n|\n|-heal|p1a: Dugtrio|82\/100|[from] Grassy Terrain\n|-heal|p1b: Clawitzer|100\/100|[from] Grassy Terrain\n|-sideend|p1: Fireonmfs|move: Light Screen\n|upkeep\n|\n|t:|1699501021\n|switch|p2b: Tyranitar|Tyranitar, M|94\/100 tox\n|switch|p2a: Rillaboom|Rillaboom, F|27\/100\n|-weather|Sandstorm|[from] ability: Sand Stream|[of] p2b: Tyranitar\n|turn|11\n|inactive|mf_salvador has 120 seconds left.\n|inactive|mf_salvador has 90 seconds left.\n|\n|t:|1699501056\n|switch|p1b: Grimmsnarl|Grimmsnarl, M|9\/100\n|-terastallize|p2b: Tyranitar|Fairy\n|move|p1a: Dugtrio|Sucker Punch|p2a: Rillaboom\n|-damage|p2a: Rillaboom|9\/100\n|move|p2a: Rillaboom|Brick Break|p1a: Dugtrio\n|-sideend|p1: Fireonmfs|Reflect\n|-supereffective|p1a: Dugtrio\n|-damage|p1a: Dugtrio|0 fnt\n|-ability|p1a: Dugtrio|Tangling Hair\n|-unboost|p2a: Rillaboom|spe|1\n|faint|p1a: Dugtrio\n|move|p2b: Tyranitar|Crunch|p1b: Grimmsnarl\n|-resisted|p1b: Grimmsnarl\n|-damage|p1b: Grimmsnarl|0 fnt\n|faint|p1b: Grimmsnarl\n|\n|-weather|Sandstorm|[upkeep]\n|-damage|p2b: Tyranitar|88\/100 tox|[from] Sandstorm\n|-damage|p2a: Rillaboom|3\/100|[from] Sandstorm\n|-heal|p2b: Tyranitar|94\/100 tox|[from] Grassy Terrain\n|-heal|p2a: Rillaboom|9\/100|[from] Grassy Terrain\n|-damage|p2b: Tyranitar|88\/100 tox|[from] psn\n|-fieldend|move: Grassy Terrain\n|upkeep\n|l| ElliottTJX\n|\n|t:|1699501070\n|switch|p1b: Clawitzer|Clawitzer, M, tera:Water|100\/100\n|turn|12\n|\n|t:|1699501090\n|move|p1b: Clawitzer|Water Pulse|p2a: Rillaboom\n|-resisted|p2a: Rillaboom\n|-damage|p2a: Rillaboom|0 fnt\n|faint|p2a: Rillaboom\n|move|p2b: Tyranitar|Crunch|p1b: Clawitzer\n|-damage|p1b: Clawitzer|36\/100\n|\n|-weather|Sandstorm|[upkeep]\n|-damage|p1b: Clawitzer|30\/100|[from] Sandstorm\n|-damage|p2b: Tyranitar|82\/100 tox|[from] Sandstorm\n|-damage|p2b: Tyranitar|70\/100 tox|[from] psn\n|upkeep\n|turn|13\n|\n|t:|1699501097\n|move|p1b: Clawitzer|Water Pulse|p2b: Tyranitar\n|-damage|p2b: Tyranitar|19\/100 tox\n|move|p2b: Tyranitar|Crunch|p1b: Clawitzer\n|-damage|p1b: Clawitzer|0 fnt\n|faint|p1b: Clawitzer\n|\n|win|mf_salvador\n|n|\u2606Fireonmfs|fireonmfs\n|n|\u2606mf_salvador|mfsalvador\n|n|*Lady Monita \u263d|ladymonita\n|n| DIMU179|dimu179\n","uploadtime":1699501098,"views":11,"p1id":"fireonmfs","p2id":"mfsalvador","formatid":"gen9doublesou","rating":0,"private":0,"password":""}