{"id":"gen9doublesou-1973812922","p1":"Ravvenn98","p2":"Scoobenvonduben","format":"[Gen 9] Doubles OU","log":"|j|\u2606Ravvenn98\n|j|\u2606Scoobenvonduben\n|t:|1698016222\n|gametype|doubles\n|player|p1|Ravvenn98|steven|1339\n|player|p2|Scoobenvonduben|brawly|1236\n|teamsize|p1|6\n|teamsize|p2|6\n|gen|9\n|tier|[Gen 9] Doubles OU\n|rated|\n|rule|Species Clause: Limit one of each Pok\u00e9mon\n|rule|OHKO Clause: OHKO moves are banned\n|rule|Evasion Moves Clause: Evasion moves are banned\n|rule|Gravity Sleep Clause: The combination of sleep-inducing moves with imperfect accuracy and Gravity or Gigantamax Orbeetle are banned\n|rule|Endless Battle Clause: Forcing endless battles is banned\n|rule|HP Percentage Mod: HP is shown in percentages\n|clearpoke\n|poke|p1|Gholdengo|\n|poke|p1|Quagsire, F|\n|poke|p1|Dipplin, M|\n|poke|p1|Tornadus, M|\n|poke|p1|Chien-Pao|\n|poke|p1|Volcanion|\n|poke|p2|Blissey, F|\n|poke|p2|Skeledirge, M|\n|poke|p2|Clodsire, M|\n|poke|p2|Corviknight, M|\n|poke|p2|Grafaiai, F|\n|poke|p2|Gyarados, F|\n|teampreview\n|\n|t:|1698016230\n|start\n|switch|p1a: Quagsire|Quagsire, F|100\/100\n|switch|p1b: Tornadus|Tornadus, M|100\/100\n|switch|p2a: Blissey|Blissey, F|100\/100\n|switch|p2b: Grafaiai|Grafaiai, F|100\/100\n|turn|1\n|\n|t:|1698016247\n|-terastallize|p2b: Grafaiai|Dark\n|-singleturn|p1a: Quagsire|move: Focus Punch\n|move|p1b: Tornadus|Swagger|p1a: Quagsire\n|-boost|p1a: Quagsire|atk|2\n|-start|p1a: Quagsire|confusion\n|-enditem|p1a: Quagsire|Lum Berry|[eat]\n|-end|p1a: Quagsire|confusion\n|move|p2b: Grafaiai|Toxic|p1b: Tornadus\n|-status|p1b: Tornadus|tox\n|move|p2a: Blissey|Stealth Rock|p1b: Tornadus\n|-sidestart|p1: Ravvenn98|move: Stealth Rock\n|move|p1a: Quagsire|Focus Punch|p2a: Blissey\n|-supereffective|p2a: Blissey\n|-damage|p2a: Blissey|0 fnt\n|faint|p2a: Blissey\n|\n|-damage|p1b: Tornadus|94\/100 tox|[from] psn\n|upkeep\n|\n|t:|1698016267\n|switch|p2a: Skeledirge|Skeledirge, M|100\/100\n|turn|2\n|\n|t:|1698016272\n|move|p2b: Grafaiai|Encore|p1a: Quagsire\n|-start|p1a: Quagsire|Encore\n|move|p1b: Tornadus|Bleakwind Storm|p2a: Skeledirge|[spread] p2b\n|-miss|p1b: Tornadus|p2a: Skeledirge\n|-damage|p2b: Grafaiai|74\/100\n|-unboost|p2b: Grafaiai|spe|1\n|move|p2a: Skeledirge|Torch Song|p1a: Quagsire\n|-resisted|p1a: Quagsire\n|-damage|p1a: Quagsire|81\/100\n|-boost|p2a: Skeledirge|spa|1\n|move|p1a: Quagsire|Focus Punch|p2b: Grafaiai\n|-supereffective|p2b: Grafaiai\n|-damage|p2b: Grafaiai|0 fnt\n|faint|p2b: Grafaiai\n|\n|-damage|p1b: Tornadus|82\/100 tox|[from] psn\n|upkeep\n|\n|t:|1698016316\n|switch|p2b: Corviknight|Corviknight, M|100\/100\n|turn|3\n|c|\u2606Ravvenn98|thanks for the free focus punch i think\n|\n|t:|1698016331\n|-singleturn|p1a: Quagsire|move: Focus Punch\n|move|p1b: Tornadus|Bleakwind Storm|p2a: Skeledirge|[spread] p2a,p2b\n|-resisted|p2b: Corviknight\n|-damage|p2a: Skeledirge|79\/100\n|-damage|p2b: Corviknight|89\/100\n|move|p2b: Corviknight|Body Press|p1a: Quagsire\n|-damage|p1a: Quagsire|63\/100\n|move|p2a: Skeledirge|Will-O-Wisp|p1a: Quagsire|[miss]\n|-miss|p2a: Skeledirge|p1a: Quagsire\n|cant|p1a: Quagsire|Focus Punch|Focus Punch\n|\n|-heal|p2b: Corviknight|96\/100|[from] item: Leftovers\n|-heal|p2a: Skeledirge|85\/100|[from] item: Leftovers\n|-damage|p1b: Tornadus|64\/100 tox|[from] psn\n|upkeep\n|turn|4\n|\n|t:|1698016354\n|-singleturn|p1a: Quagsire|move: Focus Punch\n|move|p1b: Tornadus|Swagger|p2b: Corviknight\n|-boost|p2b: Corviknight|atk|2\n|-start|p2b: Corviknight|confusion\n|-activate|p2b: Corviknight|confusion\n|move|p2b: Corviknight|Body Press|p1a: Quagsire\n|-damage|p1a: Quagsire|45\/100\n|move|p2a: Skeledirge|Will-O-Wisp|p1a: Quagsire\n|-status|p1a: Quagsire|brn\n|cant|p1a: Quagsire|Focus Punch|Focus Punch\n|\n|-heal|p2b: Corviknight|100\/100|[from] item: Leftovers\n|-heal|p2a: Skeledirge|92\/100|[from] item: Leftovers\n|-damage|p1b: Tornadus|40\/100 tox|[from] psn\n|-damage|p1a: Quagsire|39\/100 brn|[from] brn\n|-end|p1a: Quagsire|Encore\n|upkeep\n|turn|5\n|\n|t:|1698016388\n|move|p1b: Tornadus|Bleakwind Storm|p2a: Skeledirge|[spread] p2a\n|-miss|p1b: Tornadus|p2b: Corviknight\n|-damage|p2a: Skeledirge|69\/100\n|-activate|p2b: Corviknight|confusion\n|move|p2b: Corviknight|Bulk Up|p2b: Corviknight\n|-boost|p2b: Corviknight|atk|1\n|-boost|p2b: Corviknight|def|1\n|move|p2a: Skeledirge|Hex|p1a: Quagsire\n|-damage|p1a: Quagsire|0 fnt\n|faint|p1a: Quagsire\n|\n|-heal|p2a: Skeledirge|75\/100|[from] item: Leftovers\n|-damage|p1b: Tornadus|10\/100 tox|[from] psn\n|upkeep\n|\n|t:|1698016404\n|switch|p1a: Volcanion|Volcanion|100\/100\n|-damage|p1a: Volcanion|75\/100|[from] Stealth Rock\n|turn|6\n|\n|t:|1698016436\n|switch|p2a: Gyarados|Gyarados, F|100\/100\n|-ability|p2a: Gyarados|Intimidate|boost\n|-unboost|p1a: Volcanion|atk|1\n|-unboost|p1b: Tornadus|atk|1\n|move|p1b: Tornadus|Bleakwind Storm|p2a: Gyarados|[spread] p2a\n|-miss|p1b: Tornadus|p2b: Corviknight\n|-damage|p2a: Gyarados|70\/100\n|move|p1a: Volcanion|Fire Blast|p2b: Corviknight\n|-supereffective|p2b: Corviknight\n|-damage|p2b: Corviknight|10\/100\n|-end|p2b: Corviknight|confusion\n|move|p2b: Corviknight|Brave Bird|p1a: Volcanion\n|-crit|p1a: Volcanion\n|-damage|p1a: Volcanion|0 fnt\n|faint|p1a: Volcanion\n|-damage|p2b: Corviknight|0 fnt|[from] Recoil\n|faint|p2b: Corviknight\n|\n|-damage|p1b: Tornadus|0 fnt|[from] psn\n|faint|p1b: Tornadus\n|upkeep\n|\n|t:|1698016465\n|switch|p1b: Gholdengo|Gholdengo|100\/100\n|switch|p1a: Chien-Pao|Chien-Pao|100\/100\n|switch|p2b: Skeledirge|Skeledirge, M|75\/100\n|-damage|p1a: Chien-Pao|76\/100|[from] Stealth Rock\n|-ability|p1a: Chien-Pao|Sword of Ruin\n|-damage|p1b: Gholdengo|94\/100|[from] Stealth Rock\n|turn|7\n|\n|t:|1698016483\n|switch|p2b: Clodsire|Clodsire, M|100\/100\n|-terastallize|p1a: Chien-Pao|Dark\n|move|p1a: Chien-Pao|Sucker Punch||[still]\n|-fail|p1a: Chien-Pao\n|move|p1b: Gholdengo|Shadow Ball|p2a: Gyarados\n|-damage|p2a: Gyarados|25\/100\n|move|p2a: Gyarados|Waterfall|p1a: Chien-Pao\n|-damage|p1a: Chien-Pao|9\/100\n|\n|-heal|p1b: Gholdengo|100\/100|[from] item: Leftovers\n|upkeep\n|turn|8\n|\n|t:|1698016497\n|move|p1a: Chien-Pao|Icicle Crash|p2b: Clodsire\n|-supereffective|p2b: Clodsire\n|-damage|p2b: Clodsire|0 fnt\n|faint|p2b: Clodsire\n|move|p1b: Gholdengo|Shadow Ball|p2a: Gyarados\n|-damage|p2a: Gyarados|0 fnt\n|faint|p2a: Gyarados\n|\n|upkeep\n|\n|t:|1698016502\n|switch|p2b: Skeledirge|Skeledirge, M|75\/100\n|turn|9\n|\n|t:|1698016511\n|move|p1a: Chien-Pao|Sucker Punch||[still]\n|-fail|p1a: Chien-Pao\n|move|p1b: Gholdengo|Shadow Ball|p2b: Skeledirge\n|-supereffective|p2b: Skeledirge\n|-damage|p2b: Skeledirge|14\/100\n|move|p2b: Skeledirge|Will-O-Wisp|p1a: Chien-Pao\n|-status|p1a: Chien-Pao|brn\n|\n|-heal|p2b: Skeledirge|20\/100|[from] item: Leftovers\n|-damage|p1a: Chien-Pao|3\/100 brn|[from] brn\n|upkeep\n|turn|10\n|\n|t:|1698016522\n|move|p1a: Chien-Pao|Sucker Punch||[still]\n|-fail|p1a: Chien-Pao\n|move|p1b: Gholdengo|Shadow Ball|p2b: Skeledirge\n|-supereffective|p2b: Skeledirge\n|-damage|p2b: Skeledirge|0 fnt\n|faint|p2b: Skeledirge\n|\n|win|Ravvenn98\n|raw|Ravvenn98's rating: 1339 &rarr; <strong>1353<\/strong><br \/>(+14 for winning)\n|raw|Scoobenvonduben's rating: 1236 &rarr; <strong>1218<\/strong><br \/>(-18 for losing)\n|c|\u2606Ravvenn98|gg\n|l|\u2606Scoobenvonduben\n","uploadtime":1698016532,"views":22,"p1id":"ravvenn98","p2id":"scoobenvonduben","formatid":"gen9doublesou","rating":1218,"private":0,"password":""}