{"id":"gen9doublesou-1976959115","p1":"Buzzpeep","p2":"Flinchhaxisgreat","format":"[Gen 9] Doubles OU","log":"|j|\u2606Buzzpeep\n|j|\u2606Flinchhaxisgreat\n|inactive|Battle timer is ON: inactive players will automatically lose when time's up.\n|t:|1698356197\n|gametype|doubles\n|player|p1|Buzzpeep|proton|\n|player|p2|Flinchhaxisgreat|ethan-pokeathlon|\n|teamsize|p1|6\n|teamsize|p2|6\n|gen|9\n|tier|[Gen 9] Doubles OU\n|rated|Tournament battle\n|rule|Species Clause: Limit one of each Pok\u00e9mon\n|rule|OHKO Clause: OHKO moves are banned\n|rule|Evasion Moves Clause: Evasion moves are banned\n|rule|Gravity Sleep Clause: The combination of sleep-inducing moves with imperfect accuracy and Gravity or Gigantamax Orbeetle are banned\n|rule|Endless Battle Clause: Forcing endless battles is banned\n|rule|HP Percentage Mod: HP is shown in percentages\n|clearpoke\n|poke|p1|Barraskewda, M|\n|poke|p1|Gliscor, M|\n|poke|p1|Snorlax, F|\n|poke|p1|Mabosstiff, M|\n|poke|p1|Gardevoir, M|\n|poke|p1|Gholdengo|\n|poke|p2|Kommo-o, M|\n|poke|p2|Noivern, M|\n|poke|p2|Abomasnow, F|\n|poke|p2|Overqwil, F|\n|poke|p2|Raichu, M|\n|poke|p2|Slaking, M|\n|teampreview\n|j|*Lady Monita \u263d\n|j| HEAVY-DUTY B0OTY\n|c|\u2606Flinchhaxisgreat|glhf\n|\n|t:|1698356216\n|start\n|switch|p1a: Mabosstiff|Mabosstiff, M|100\/100\n|switch|p1b: Barraskewda|Barraskewda, M|100\/100\n|switch|p2a: Abomasnow|Abomasnow, F|100\/100\n|switch|p2b: Kommo-o|Kommo-o, M|100\/100\n|-ability|p1a: Mabosstiff|Intimidate|boost\n|-unboost|p2a: Abomasnow|atk|1\n|-unboost|p2b: Kommo-o|atk|1\n|-weather|Snow|[from] ability: Snow Warning|[of] p2a: Abomasnow\n|turn|1\n|\n|t:|1698356224\n|move|p2b: Kommo-o|Protect|p2b: Kommo-o\n|-singleturn|p2b: Kommo-o|Protect\n|move|p1b: Barraskewda|Close Combat|p2a: Abomasnow\n|-supereffective|p2a: Abomasnow\n|-damage|p2a: Abomasnow|5\/100\n|-unboost|p1b: Barraskewda|def|1\n|-unboost|p1b: Barraskewda|spd|1\n|move|p1a: Mabosstiff|Play Rough|p2b: Kommo-o\n|-activate|p2b: Kommo-o|move: Protect\n|move|p2a: Abomasnow|Aurora Veil|p2a: Abomasnow\n|-sidestart|p2: Flinchhaxisgreat|move: Aurora Veil\n|\n|-weather|Snow|[upkeep]\n|upkeep\n|turn|2\n|j| BigSilverBilver\n|j| Mekl\n|\n|t:|1698356238\n|-terastallize|p2b: Kommo-o|Steel\n|move|p1b: Barraskewda|Close Combat|p2a: Abomasnow\n|-supereffective|p2a: Abomasnow\n|-damage|p2a: Abomasnow|0 fnt\n|-unboost|p1b: Barraskewda|def|1\n|-unboost|p1b: Barraskewda|spd|1\n|faint|p2a: Abomasnow\n|move|p1a: Mabosstiff|Play Rough|p2b: Kommo-o\n|-resisted|p2b: Kommo-o\n|-damage|p2b: Kommo-o|86\/100\n|move|p2b: Kommo-o|Clangorous Soul|p2b: Kommo-o\n|-boost|p2b: Kommo-o|atk|1\n|-boost|p2b: Kommo-o|def|1\n|-boost|p2b: Kommo-o|spa|1\n|-boost|p2b: Kommo-o|spd|1\n|-boost|p2b: Kommo-o|spe|1\n|-damage|p2b: Kommo-o|53\/100\n|\n|-weather|Snow|[upkeep]\n|upkeep\n|\n|t:|1698356248\n|switch|p2a: Noivern|Noivern, M|100\/100\n|turn|3\n|\n|t:|1698356260\n|switch|p1b: Gholdengo|Gholdengo|100\/100\n|move|p2b: Kommo-o|Clanging Scales|p1b: Gholdengo|[spread] p1a,p1b\n|-resisted|p1b: Gholdengo\n|-damage|p1a: Mabosstiff|21\/100\n|-damage|p1b: Gholdengo|75\/100\n|-unboost|p2b: Kommo-o|def|1\n|move|p2a: Noivern|Boomburst|p1a: Mabosstiff|[spread] p1a\n|-immune|p2b: Kommo-o|[from] ability: Soundproof\n|-immune|p1b: Gholdengo\n|-damage|p1a: Mabosstiff|0 fnt\n|faint|p1a: Mabosstiff\n|\n|-weather|Snow|[upkeep]\n|-heal|p1b: Gholdengo|81\/100|[from] item: Leftovers\n|upkeep\n|\n|t:|1698356276\n|switch|p1a: Gardevoir|Gardevoir, M|100\/100\n|-ability|p1a: Gardevoir|Telepathy|[from] ability: Trace|[of] p2a: Noivern\n|turn|4\n|c|\u2606Flinchhaxisgreat|a ghost type...\n|j| Multimonmaster1\n|c|\u2606Flinchhaxisgreat|my worst nightmare\n|\n|t:|1698356291\n|switch|p2a: Overqwil|Overqwil, F|100\/100\n|-ability|p2a: Overqwil|Intimidate|boost\n|-unboost|p1a: Gardevoir|atk|1\n|-unboost|p1b: Gholdengo|atk|1\n|move|p2b: Kommo-o|Protect|p2b: Kommo-o\n|-singleturn|p2b: Kommo-o|Protect\n|move|p1a: Gardevoir|Aura Sphere|p2b: Kommo-o\n|-activate|p2b: Kommo-o|move: Protect\n|move|p1b: Gholdengo|Nasty Plot|p1b: Gholdengo\n|-boost|p1b: Gholdengo|spa|2\n|\n|-weather|Snow|[upkeep]\n|-heal|p1b: Gholdengo|87\/100|[from] item: Leftovers\n|upkeep\n|turn|5\n|l| Multimonmaster1\n|\n|t:|1698356304\n|move|p2b: Kommo-o|Boomburst|p1a: Gardevoir|[spread] p2a,p1a\n|-immune|p1b: Gholdengo\n|-damage|p2a: Overqwil|50\/100\n|-damage|p1a: Gardevoir|47\/100\n|-enditem|p2a: Overqwil|Sitrus Berry|[eat]\n|-heal|p2a: Overqwil|75\/100|[from] item: Sitrus Berry\n|move|p1a: Gardevoir|Aura Sphere|p2b: Kommo-o\n|-supereffective|p2b: Kommo-o\n|-damage|p2b: Kommo-o|22\/100\n|-enditem|p2b: Kommo-o|Sitrus Berry|[eat]\n|-heal|p2b: Kommo-o|46\/100|[from] item: Sitrus Berry\n|move|p2a: Overqwil|Crunch|p1b: Gholdengo\n|-supereffective|p1b: Gholdengo\n|-damage|p1b: Gholdengo|17\/100\n|move|p1b: Gholdengo|Make It Rain|p2a: Overqwil|[spread] p2a,p2b\n|-resisted|p2b: Kommo-o\n|-damage|p2a: Overqwil|0 fnt\n|-damage|p2b: Kommo-o|20\/100\n|-unboost|p1b: Gholdengo|spa|1\n|faint|p2a: Overqwil\n|\n|-weather|none\n|-heal|p1b: Gholdengo|23\/100|[from] item: Leftovers\n|upkeep\n|\n|t:|1698356319\n|switch|p2a: Noivern|Noivern, M|100\/100\n|turn|6\n|j| Carolina6969\n|l| Carolina6969\n|\n|t:|1698356330\n|move|p2b: Kommo-o|Boomburst|p1a: Gardevoir|[spread] p1a\n|-activate|p2a: Noivern|ability: Telepathy\n|-immune|p1b: Gholdengo\n|-damage|p1a: Gardevoir|0 fnt\n|faint|p1a: Gardevoir\n|move|p2a: Noivern|Heat Wave|p1b: Gholdengo\n|-supereffective|p1b: Gholdengo\n|-damage|p1b: Gholdengo|0 fnt\n|faint|p1b: Gholdengo\n|\n|upkeep\n|j| ElPendrive\n|l| ElPendrive\n|\n|t:|1698356340\n|switch|p1a: Gliscor|Gliscor, M|100\/100\n|switch|p1b: Snorlax|Snorlax, F|100\/100\n|turn|7\n|\n|t:|1698356350\n|switch|p2a: Slaking|Slaking, M|100\/100\n|-terastallize|p1b: Snorlax|Steel\n|move|p2b: Kommo-o|Protect|p2b: Kommo-o\n|-singleturn|p2b: Kommo-o|Protect\n|move|p1a: Gliscor|Protect|p1a: Gliscor\n|-singleturn|p1a: Gliscor|Protect\n|move|p1b: Snorlax|Curse|p1b: Snorlax\n|-unboost|p1b: Snorlax|spe|1\n|-boost|p1b: Snorlax|atk|1\n|-boost|p1b: Snorlax|def|1\n|\n|-status|p1a: Gliscor|tox|[from] item: Toxic Orb\n|upkeep\n|turn|8\n|j| jzurf\n|\n|t:|1698356370\n|move|p2b: Kommo-o|Clanging Scales|p1a: Gliscor|[spread] p1a,p1b\n|-resisted|p1b: Snorlax\n|-damage|p1a: Gliscor|34\/100 tox\n|-damage|p1b: Snorlax|89\/100\n|-unboost|p2b: Kommo-o|def|1\n|move|p1a: Gliscor|Knock Off|p2b: Kommo-o\n|-damage|p2b: Kommo-o|7\/100\n|move|p2a: Slaking|High Horsepower|p1b: Snorlax\n|-supereffective|p1b: Snorlax\n|-damage|p1b: Snorlax|13\/100\n|move|p1b: Snorlax|Rest|p1b: Snorlax\n|-status|p1b: Snorlax|slp|[from] move: Rest\n|-heal|p1b: Snorlax|100\/100 slp|[silent]\n|\n|-heal|p1a: Gliscor|47\/100 tox|[from] ability: Poison Heal\n|-sideend|p2: Flinchhaxisgreat|move: Aurora Veil\n|upkeep\n|turn|9\n|\n|t:|1698356383\n|move|p1a: Gliscor|Protect|p1a: Gliscor\n|-singleturn|p1a: Gliscor|Protect\n|move|p2b: Kommo-o|Clanging Scales|p1a: Gliscor|[spread] p1b\n|-activate|p1a: Gliscor|move: Protect\n|-resisted|p1b: Snorlax\n|-damage|p1b: Snorlax|88\/100 slp\n|-unboost|p2b: Kommo-o|def|1\n|cant|p2a: Slaking|ability: Truant\n|cant|p1b: Snorlax|slp\n|move|p1b: Snorlax|Sleep Talk|p1b: Snorlax\n|move|p1b: Snorlax|Crunch|p2b: Kommo-o|[from]move: Sleep Talk\n|-damage|p2b: Kommo-o|0 fnt\n|faint|p2b: Kommo-o\n|\n|-heal|p1b: Snorlax|95\/100 slp|[from] item: Leftovers\n|-heal|p1a: Gliscor|59\/100 tox|[from] ability: Poison Heal\n|upkeep\n|\n|t:|1698356389\n|switch|p2b: Noivern|Noivern, M|100\/100\n|turn|10\n|\n|t:|1698356410\n|move|p2b: Noivern|Heat Wave|p1a: Gliscor|[spread] p1a,p1b\n|-supereffective|p1b: Snorlax\n|-damage|p1a: Gliscor|25\/100 tox\n|-damage|p1b: Snorlax|80\/100 slp\n|move|p1a: Gliscor|Knock Off|p2b: Noivern\n|-damage|p2b: Noivern|71\/100\n|-enditem|p2b: Noivern|Choice Specs|[from] move: Knock Off|[of] p1a: Gliscor\n|move|p2a: Slaking|High Horsepower|p1b: Snorlax\n|-supereffective|p1b: Snorlax\n|-damage|p1b: Snorlax|1\/100 slp\n|cant|p1b: Snorlax|slp\n|move|p1b: Snorlax|Sleep Talk|p1b: Snorlax\n|move|p1b: Snorlax|Rest||[from]move: Sleep Talk|[still]\n|-fail|p1b: Snorlax\n|\n|-heal|p1b: Snorlax|7\/100 slp|[from] item: Leftovers\n|-heal|p1a: Gliscor|37\/100 tox|[from] ability: Poison Heal\n|upkeep\n|turn|11\n|j| ElPendrive\n|\n|t:|1698356419\n|move|p2b: Noivern|Heat Wave|p1a: Gliscor|[spread] p1a,p1b\n|-supereffective|p1b: Snorlax\n|-damage|p1a: Gliscor|11\/100 tox\n|-damage|p1b: Snorlax|0 fnt\n|faint|p1b: Snorlax\n|move|p1a: Gliscor|Knock Off|p2a: Slaking\n|-damage|p2a: Slaking|86\/100\n|-enditem|p2a: Slaking|Choice Band|[from] move: Knock Off|[of] p1a: Gliscor\n|cant|p2a: Slaking|ability: Truant\n|\n|-heal|p1a: Gliscor|23\/100 tox|[from] ability: Poison Heal\n|upkeep\n|\n|t:|1698356421\n|switch|p1b: Barraskewda|Barraskewda, M|100\/100\n|turn|12\n|l| ElPendrive\n|\n|t:|1698356433\n|move|p1a: Gliscor|Protect|p1a: Gliscor\n|-singleturn|p1a: Gliscor|Protect\n|move|p2b: Noivern|Draco Meteor|p1a: Gliscor\n|-activate|p1a: Gliscor|move: Protect\n|move|p1b: Barraskewda|Close Combat|p2a: Slaking\n|-supereffective|p2a: Slaking\n|-damage|p2a: Slaking|0 fnt\n|-unboost|p1b: Barraskewda|def|1\n|-unboost|p1b: Barraskewda|spd|1\n|faint|p2a: Slaking\n|\n|-heal|p1a: Gliscor|36\/100 tox|[from] ability: Poison Heal\n|upkeep\n|\n|t:|1698356435\n|switch|p2a: Raichu|Raichu, M|100\/100\n|turn|13\n|\n|t:|1698356451\n|move|p2a: Raichu|Fake Out|p1a: Gliscor\n|-damage|p1a: Gliscor|30\/100 tox\n|move|p2b: Noivern|Hurricane|p1a: Gliscor\n|-damage|p1a: Gliscor|0 fnt\n|faint|p1a: Gliscor\n|move|p1b: Barraskewda|Close Combat|p2a: Raichu\n|-enditem|p2a: Raichu|Focus Sash\n|-damage|p2a: Raichu|1\/100\n|-unboost|p1b: Barraskewda|def|1\n|-unboost|p1b: Barraskewda|spd|1\n|\n|upkeep\n|turn|14\n|\n|t:|1698356461\n|move|p2b: Noivern|Draco Meteor|p1b: Barraskewda\n|-damage|p1b: Barraskewda|0 fnt\n|-unboost|p2b: Noivern|spa|2\n|faint|p1b: Barraskewda\n|\n|win|Flinchhaxisgreat\n|n|\u2606Buzzpeep|buzzpeep\n|n|\u2606Flinchhaxisgreat|flinchhaxisgreat\n|n|*Lady Monita \u263d|ladymonita\n|n| HEAVY-DUTY B0OTY|heavydutyb0oty\n|n| BigSilverBilver|bigsilverbilver\n|n| Mekl|mekl\n|n| jzurf|jzurf\n","uploadtime":1698356462,"views":20,"p1id":"buzzpeep","p2id":"flinchhaxisgreat","formatid":"gen9doublesou","rating":0,"private":0,"password":""}