{"id":"gen9doublesou-1972078816","p1":"Nandosgarlicbread","p2":"naviism","format":"[Gen 9] Doubles OU","log":"|j|\u2606Nandosgarlicbread\n|j|\u2606naviism\n|t:|1697811026\n|gametype|doubles\n|player|p1|Nandosgarlicbread|proton|1103\n|player|p2|naviism|unknown|1095\n|teamsize|p1|6\n|teamsize|p2|6\n|gen|9\n|tier|[Gen 9] Doubles OU\n|rated|\n|rule|Species Clause: Limit one of each Pok\u00e9mon\n|rule|OHKO Clause: OHKO moves are banned\n|rule|Evasion Moves Clause: Evasion moves are banned\n|rule|Gravity Sleep Clause: The combination of sleep-inducing moves with imperfect accuracy and Gravity or Gigantamax Orbeetle are banned\n|rule|Endless Battle Clause: Forcing endless battles is banned\n|rule|HP Percentage Mod: HP is shown in percentages\n|clearpoke\n|poke|p1|Kommo-o, M|\n|poke|p1|Rillaboom, M|\n|poke|p1|Clefairy, F|\n|poke|p1|Amoonguss, M|\n|poke|p1|Armarouge, M|\n|poke|p1|Ursaluna-Bloodmoon, M|\n|poke|p2|Chien-Pao|\n|poke|p2|Lokix, M|\n|poke|p2|Moltres-Galar|\n|poke|p2|Morgrem, M|\n|poke|p2|Houndoom, M|\n|poke|p2|Umbreon, F|\n|teampreview\n|inactive|Battle timer is ON: inactive players will automatically lose when time's up. (requested by naviism)\n|inactive|Nandosgarlicbread also wants the timer to be on.\n|\n|t:|1697811041\n|start\n|switch|p1a: Armarouge|Armarouge, M|100\/100\n|switch|p1b: Clefairy|Clefairy, F|100\/100\n|switch|p2a: Lokix|Lokix, M|100\/100\n|switch|p2b: Chien-Pao|Chien-Pao|100\/100\n|-ability|p2b: Chien-Pao|Sword of Ruin\n|turn|1\n|\n|t:|1697811069\n|-terastallize|p2a: Lokix|Bug\n|move|p2a: Lokix|First Impression|p1b: Clefairy\n|-resisted|p1b: Clefairy\n|-crit|p1b: Clefairy\n|-damage|p1b: Clefairy|0 fnt\n|faint|p1b: Clefairy\n|-damage|p2a: Lokix|91\/100|[from] item: Life Orb\n|move|p2b: Chien-Pao|Crunch|p1a: Armarouge\n|-supereffective|p1a: Armarouge\n|-damage|p1a: Armarouge|2\/100\n|move|p1a: Armarouge|Heat Wave|p2b: Chien-Pao|[spread] p2a,p2b\n|-supereffective|p2a: Lokix\n|-supereffective|p2b: Chien-Pao\n|-damage|p2a: Lokix|0 fnt\n|-damage|p2b: Chien-Pao|0 fnt\n|faint|p2a: Lokix\n|faint|p2b: Chien-Pao\n|-damage|p1a: Armarouge|0 fnt|[from] item: Life Orb\n|faint|p1a: Armarouge\n|\n|upkeep\n|c|\u2606naviism|LOL\n|c|\u2606naviism|GG\n|inactive|naviism has 120 seconds left.\n|\n|t:|1697811117\n|switch|p2b: Morgrem|Morgrem, M, shiny|100\/100\n|switch|p2a: Moltres|Moltres-Galar|100\/100\n|switch|p1a: Rillaboom|Rillaboom, M|100\/100\n|switch|p1b: Amoonguss|Amoonguss, M|100\/100\n|-fieldstart|move: Grassy Terrain|[from] ability: Grassy Surge|[of] p1a: Rillaboom\n|turn|2\n|inactive|naviism has 120 seconds left.\n|\n|t:|1697811136\n|move|p1a: Rillaboom|Fake Out|p2a: Moltres\n|-damage|p2a: Moltres|78\/100\n|-damage|p1a: Rillaboom|91\/100|[from] item: Life Orb\n|move|p2b: Morgrem|Parting Shot|p1a: Rillaboom\n|-unboost|p1a: Rillaboom|atk|1\n|-unboost|p1a: Rillaboom|spa|1\n|\n|t:|1697811146\n|switch|p2b: Umbreon|Umbreon, F, shiny|100\/100|[from] Parting Shot\n|cant|p2a: Moltres|flinch\n|move|p1b: Amoonguss|Spore|p2b: Umbreon\n|-status|p2b: Umbreon|slp|[from] move: Spore\n|-enditem|p2b: Umbreon|Chesto Berry|[eat]\n|-curestatus|p2b: Umbreon|slp|[msg]\n|\n|-heal|p1a: Rillaboom|97\/100|[from] Grassy Terrain\n|upkeep\n|turn|3\n|inactive|naviism has 120 seconds left.\n|inactive|Nandosgarlicbread has 120 seconds left.\n|\n|t:|1697811181\n|move|p1b: Amoonguss|Rage Powder|p1b: Amoonguss\n|-singleturn|p1b: Amoonguss|move: Rage Powder\n|move|p1a: Rillaboom|Grassy Glide|p2b: Umbreon\n|-damage|p2b: Umbreon|73\/100\n|-damage|p1a: Rillaboom|87\/100|[from] item: Life Orb\n|move|p2a: Moltres|Safeguard|p2a: Moltres\n|-sidestart|p2: naviism|Safeguard\n|move|p2b: Umbreon|Curse|p2b: Umbreon\n|-unboost|p2b: Umbreon|spe|1\n|-boost|p2b: Umbreon|atk|1\n|-boost|p2b: Umbreon|def|1\n|\n|-heal|p1a: Rillaboom|93\/100|[from] Grassy Terrain\n|-heal|p2b: Umbreon|79\/100|[from] Grassy Terrain\n|upkeep\n|turn|4\n|inactive|naviism has 120 seconds left.\n|\n|t:|1697811225\n|move|p2a: Moltres|Air Slash|p1b: Amoonguss\n|-supereffective|p1b: Amoonguss\n|-damage|p1b: Amoonguss|45\/100\n|move|p1a: Rillaboom|Taunt|p2b: Umbreon\n|-start|p2b: Umbreon|move: Taunt\n|cant|p2b: Umbreon|move: Taunt|Curse\n|move|p1b: Amoonguss|Spore|p2a: Moltres\n|-activate|p2a: Moltres|move: Safeguard\n|\n|-heal|p1a: Rillaboom|99\/100|[from] Grassy Terrain\n|-heal|p2b: Umbreon|85\/100|[from] Grassy Terrain\n|-heal|p1b: Amoonguss|51\/100|[from] Grassy Terrain\n|-heal|p1b: Amoonguss|57\/100|[from] item: Black Sludge\n|upkeep\n|turn|5\n|inactive|naviism has 120 seconds left.\n|\n|t:|1697811253\n|switch|p1b: Ursaluna|Ursaluna-Bloodmoon, M|100\/100\n|move|p2a: Moltres|Air Slash|p1a: Rillaboom\n|-supereffective|p1a: Rillaboom\n|-damage|p1a: Rillaboom|19\/100\n|move|p1a: Rillaboom|Drum Beating|p2b: Umbreon\n|-damage|p2b: Umbreon|58\/100\n|-unboost|p2b: Umbreon|spe|1\n|-damage|p1a: Rillaboom|9\/100|[from] item: Life Orb\n|move|p2b: Umbreon|Lash Out|p1a: Rillaboom\n|-damage|p1a: Rillaboom|0 fnt\n|faint|p1a: Rillaboom\n|\n|-heal|p2b: Umbreon|64\/100|[from] Grassy Terrain\n|upkeep\n|inactive|Nandosgarlicbread has 120 seconds left.\n|\n|t:|1697811270\n|switch|p1a: Kommo-o|Kommo-o, M|100\/100\n|turn|6\n|inactive|naviism has 120 seconds left.\n|\n|t:|1697811284\n|-terastallize|p1a: Kommo-o|Steel\n|move|p2a: Moltres|Air Slash|p1a: Kommo-o\n|-resisted|p1a: Kommo-o\n|-damage|p1a: Kommo-o|81\/100\n|move|p1a: Kommo-o|Iron Defense|p1a: Kommo-o\n|-boost|p1a: Kommo-o|def|2\n|move|p1b: Ursaluna|Moonblast|p2b: Umbreon\n|-supereffective|p2b: Umbreon\n|-damage|p2b: Umbreon|16\/100\n|move|p2b: Umbreon|Lash Out|p1b: Ursaluna\n|-damage|p1b: Ursaluna|74\/100\n|\n|-heal|p1a: Kommo-o|87\/100|[from] Grassy Terrain\n|-heal|p1a: Kommo-o|94\/100|[from] item: Leftovers\n|-heal|p1b: Ursaluna|80\/100|[from] Grassy Terrain\n|-heal|p2b: Umbreon|22\/100|[from] Grassy Terrain\n|-end|p2b: Umbreon|move: Taunt\n|-fieldend|move: Grassy Terrain\n|upkeep\n|turn|7\n|inactive|naviism has 120 seconds left.\n|\n|t:|1697811314\n|move|p2a: Moltres|Snarl|p1a: Kommo-o|[spread] p1a,p1b\n|-damage|p1a: Kommo-o|72\/100\n|-damage|p1b: Ursaluna|58\/100\n|-unboost|p1a: Kommo-o|spa|1\n|-unboost|p1b: Ursaluna|spa|1\n|-enditem|p2a: Moltres|Throat Spray\n|-boost|p2a: Moltres|spa|1|[from] item: Throat Spray\n|move|p1a: Kommo-o|Body Press|p2b: Umbreon\n|-supereffective|p2b: Umbreon\n|-damage|p2b: Umbreon|0 fnt\n|faint|p2b: Umbreon\n|move|p1b: Ursaluna|Blood Moon|p2a: Moltres\n|-damage|p2a: Moltres|28\/100\n|-ability|p2a: Moltres|Berserk|boost\n|-boost|p2a: Moltres|spa|1\n|\n|-heal|p1a: Kommo-o|78\/100|[from] item: Leftovers\n|-sideend|p2: naviism|Safeguard\n|upkeep\n|inactive|naviism has 120 seconds left.\n|\n|t:|1697811337\n|switch|p2b: Morgrem|Morgrem, M, shiny|100\/100\n|turn|8\n|inactive|naviism has 120 seconds left.\n|\n|t:|1697811361\n|move|p2b: Morgrem|Parting Shot|p1a: Kommo-o\n|-unboost|p1a: Kommo-o|atk|1\n|-unboost|p1a: Kommo-o|spa|1\n|\n|t:|1697811367\n|switch|p2b: Houndoom|Houndoom, M|100\/100|[from] Parting Shot\n|move|p2a: Moltres|Snarl|p1b: Ursaluna|[spread] p1a,p1b\n|-damage|p1a: Kommo-o|34\/100\n|-damage|p1b: Ursaluna|13\/100\n|-unboost|p1a: Kommo-o|spa|1\n|-unboost|p1b: Ursaluna|spa|1\n|move|p1a: Kommo-o|Iron Head|p2b: Houndoom\n|-resisted|p2b: Houndoom\n|-damage|p2b: Houndoom|75\/100\n|move|p1b: Ursaluna|Hyper Voice|p2a: Moltres|[spread] p2a,p2b\n|-damage|p2a: Moltres|10\/100\n|-damage|p2b: Houndoom|45\/100\n|-enditem|p1b: Ursaluna|Throat Spray\n|-boost|p1b: Ursaluna|spa|1|[from] item: Throat Spray\n|\n|-heal|p1a: Kommo-o|40\/100|[from] item: Leftovers\n|upkeep\n|turn|9\n|inactive|naviism has 120 seconds left.\n|inactive|naviism has 90 seconds left.\n|\n|t:|1697811415\n|move|p1a: Kommo-o|Protect|p1a: Kommo-o\n|-singleturn|p1a: Kommo-o|Protect\n|move|p1b: Ursaluna|Protect|p1b: Ursaluna\n|-singleturn|p1b: Ursaluna|Protect\n|move|p2b: Houndoom|Nasty Plot|p2b: Houndoom\n|-boost|p2b: Houndoom|spa|2\n|move|p2a: Moltres|Safeguard|p2a: Moltres\n|-sidestart|p2: naviism|Safeguard\n|\n|-heal|p1a: Kommo-o|46\/100|[from] item: Leftovers\n|upkeep\n|turn|10\n|\n|t:|1697811440\n|move|p2b: Houndoom|Snarl|p1a: Kommo-o|[spread] p1a,p1b\n|-crit|p1b: Ursaluna\n|-damage|p1a: Kommo-o|5\/100\n|-damage|p1b: Ursaluna|0 fnt\n|-unboost|p1a: Kommo-o|spa|1\n|faint|p1b: Ursaluna\n|move|p2a: Moltres|Snarl|p1a: Kommo-o\n|-damage|p1a: Kommo-o|0 fnt\n|faint|p1a: Kommo-o\n|\n|upkeep\n|\n|t:|1697811449\n|switch|p1a: Amoonguss|Amoonguss, M|91\/100\n|turn|11\n|inactive|naviism has 120 seconds left.\n|\n|t:|1697811461\n|move|p2b: Houndoom|Fire Blast|p1a: Amoonguss\n|-supereffective|p1a: Amoonguss\n|-damage|p1a: Amoonguss|0 fnt\n|faint|p1a: Amoonguss\n|\n|win|naviism\n|raw|Nandosgarlicbread's rating: 1103 &rarr; <strong>1077<\/strong><br \/>(-26 for losing)\n|raw|naviism's rating: 1095 &rarr; <strong>1121<\/strong><br \/>(+26 for winning)\n|l|\u2606Nandosgarlicbread\n","uploadtime":1697811484,"views":10,"p1id":"nandosgarlicbread","p2id":"naviism","formatid":"gen9doublesou","rating":1077,"private":0,"password":""}