{"id":"gen9doublesou-1994779143","p1":"vegetasfeet","p2":"Satoru Gorfou","format":"[Gen 9] Doubles OU","log":"|j|\u2606vegetasfeet\n|j|\u2606Satoru Gorfou\n|t:|1700491933\n|gametype|doubles\n|player|p1|vegetasfeet|brycen|1308\n|player|p2|Satoru Gorfou|drayden|1355\n|teamsize|p1|6\n|teamsize|p2|6\n|gen|9\n|tier|[Gen 9] Doubles OU\n|rated|\n|rule|Species Clause: Limit one of each Pok\u00e9mon\n|rule|OHKO Clause: OHKO moves are banned\n|rule|Evasion Moves Clause: Evasion moves are banned\n|rule|Gravity Sleep Clause: The combination of sleep-inducing moves with imperfect accuracy and Gravity or Gigantamax Orbeetle are banned\n|rule|Endless Battle Clause: Forcing endless battles is banned\n|rule|HP Percentage Mod: HP is shown in percentages\n|clearpoke\n|poke|p1|Scizor, F|\n|poke|p1|Tornadus, M|\n|poke|p1|Chien-Pao|\n|poke|p1|Iron Hands|\n|poke|p1|Volcanion|\n|poke|p1|Great Tusk|\n|poke|p2|Arcanine-Hisui, F|\n|poke|p2|Ogerpon-Wellspring, F|\n|poke|p2|Kingambit, F|\n|poke|p2|Great Tusk|\n|poke|p2|Tornadus, M|\n|poke|p2|Iron Bundle|\n|teampreview\n|inactive|Battle timer is ON: inactive players will automatically lose when time's up. (requested by vegetasfeet)\n|\n|t:|1700491948\n|start\n|switch|p1a: YN Jay|Tornadus, M|100\/100\n|switch|p1b: Kawhi Leonard|Scizor, F|100\/100\n|switch|p2a: Fluminense|Arcanine-Hisui, F|100\/100\n|switch|p2b: Papai cruel|Iron Bundle|100\/100\n|-enditem|p2b: Papai cruel|Booster Energy\n|-activate|p2b: Papai cruel|ability: Quark Drive|[fromitem]\n|-start|p2b: Papai cruel|quarkdrivespe\n|turn|1\n|\n|t:|1700491959\n|move|p1a: YN Jay|Tailwind|p1a: YN Jay\n|-sidestart|p1: vegetasfeet|move: Tailwind\n|move|p2b: Papai cruel|Freeze-Dry|p1a: YN Jay\n|-supereffective|p1a: YN Jay\n|-damage|p1a: YN Jay|8\/100\n|move|p2a: Fluminense|Flare Blitz|p1b: Kawhi Leonard\n|-supereffective|p1b: Kawhi Leonard\n|-damage|p1b: Kawhi Leonard|0 fnt\n|faint|p1b: Kawhi Leonard\n|\n|upkeep\n|inactive|vegetasfeet has 120 seconds left.\n|\n|t:|1700491989\n|switch|p1b: Volcanion|Volcanion|100\/100\n|turn|2\n|\n|t:|1700492012\n|switch|p2a: Murta q geme|Ogerpon-Wellspring, F|100\/100\n|move|p1b: Volcanion|Protect|p1b: Volcanion\n|-singleturn|p1b: Volcanion|Protect\n|move|p1a: YN Jay|Bleakwind Storm|p2a: Murta q geme|[spread] p2a,p2b\n|-supereffective|p2a: Murta q geme\n|-damage|p2a: Murta q geme|12\/100\n|-damage|p2b: Papai cruel|18\/100\n|move|p2b: Papai cruel|Freeze-Dry|p1a: YN Jay\n|-supereffective|p1a: YN Jay\n|-damage|p1a: YN Jay|0 fnt\n|faint|p1a: YN Jay\n|\n|upkeep\n|inactive|vegetasfeet has 120 seconds left.\n|\n|t:|1700492032\n|switch|p1a: Iggy Azalea|Chien-Pao|100\/100\n|-ability|p1a: Iggy Azalea|Sword of Ruin\n|turn|3\n|\n|t:|1700492057\n|move|p2a: Murta q geme|Follow Me|p2a: Murta q geme\n|-singleturn|p2a: Murta q geme|move: Follow Me\n|move|p1a: Iggy Azalea|Sacred Sword|p2a: Murta q geme\n|-damage|p2a: Murta q geme|0 fnt\n|faint|p2a: Murta q geme\n|-damage|p1a: Iggy Azalea|91\/100|[from] item: Life Orb\n|move|p2b: Papai cruel|Hydro Pump|p1a: Iggy Azalea\n|-damage|p1a: Iggy Azalea|0 fnt\n|faint|p1a: Iggy Azalea\n|move|p1b: Volcanion|Heat Wave|p2b: Papai cruel\n|-damage|p2b: Papai cruel|0 fnt\n|faint|p2b: Papai cruel\n|-end|p2b: Papai cruel|Quark Drive|[silent]\n|\n|upkeep\n|\n|t:|1700492079\n|switch|p2b: Rodrigo rehnovo|Great Tusk|100\/100\n|switch|p1a: Great Tusk|Great Tusk|100\/100\n|switch|p2a: Yousef|Tornadus, M|100\/100\n|turn|4\n|\n|t:|1700492096\n|-terastallize|p1b: Volcanion|Fairy\n|-terastallize|p2b: Rodrigo rehnovo|Ground\n|move|p2a: Yousef|Tailwind|p2a: Yousef\n|-sidestart|p2: Satoru Gorfou|move: Tailwind\n|move|p1a: Great Tusk|Ice Spinner|p2a: Yousef\n|-supereffective|p2a: Yousef\n|-damage|p2a: Yousef|38\/100\n|move|p2b: Rodrigo rehnovo|Headlong Rush|p1b: Volcanion\n|-damage|p1b: Volcanion|33\/100\n|-unboost|p2b: Rodrigo rehnovo|def|1\n|-unboost|p2b: Rodrigo rehnovo|spd|1\n|move|p1b: Volcanion|Steam Eruption|p2b: Rodrigo rehnovo\n|-supereffective|p2b: Rodrigo rehnovo\n|-damage|p2b: Rodrigo rehnovo|0 fnt\n|faint|p2b: Rodrigo rehnovo\n|-end|p2b: Rodrigo rehnovo|Protosynthesis|[silent]\n|\n|-heal|p1b: Volcanion|39\/100|[from] item: Leftovers\n|-sideend|p1: vegetasfeet|move: Tailwind\n|upkeep\n|inactive|Satoru Gorfou has 120 seconds left.\n|\n|t:|1700492135\n|switch|p2b: Mussolini|Kingambit, F|100\/100\n|turn|5\n|inactive|Satoru Gorfou has 120 seconds left.\n|\n|t:|1700492149\n|switch|p1b: Druski|Iron Hands|100\/100\n|move|p2a: Yousef|Bleakwind Storm|p1b: Druski|[spread] p1a,p1b\n|-supereffective|p1a: Great Tusk\n|-damage|p1a: Great Tusk|54\/100\n|-damage|p1b: Druski|85\/100\n|-unboost|p1b: Druski|spe|1\n|move|p1a: Great Tusk|Close Combat|p2b: Mussolini\n|-supereffective|p2b: Mussolini\n|-damage|p2b: Mussolini|0 fnt\n|-unboost|p1a: Great Tusk|def|1\n|-unboost|p1a: Great Tusk|spd|1\n|faint|p2b: Mussolini\n|\n|upkeep\n|inactive|Satoru Gorfou has 120 seconds left.\n|\n|t:|1700492167\n|switch|p2b: Fluminense|Arcanine-Hisui, F|100\/100\n|turn|6\n|inactive|Satoru Gorfou has 120 seconds left.\n|inactive|vegetasfeet has 120 seconds left.\n|inactive|vegetasfeet has 90 seconds left.\n|\n|t:|1700492250\n|-end|p1a: Great Tusk|Protosynthesis|[silent]\n|switch|p1a: Volcanion|Volcanion, tera:Fairy|39\/100\n|move|p2b: Fluminense|Flare Blitz|p1a: Volcanion\n|-damage|p1a: Volcanion|0 fnt\n|faint|p1a: Volcanion\n|move|p2a: Yousef|Bleakwind Storm|p1b: Druski\n|-damage|p1b: Druski|64\/100\n|move|p1b: Druski|Volt Switch|p2a: Yousef\n|-supereffective|p2a: Yousef\n|-damage|p2a: Yousef|16\/100\n|\n|t:|1700492260\n|-end|p1b: Druski|Quark Drive|[silent]\n|switch|p1b: Great Tusk|Great Tusk|54\/100|[from] Volt Switch\n|\n|upkeep\n|\n|t:|1700492262\n|switch|p1a: Druski|Iron Hands|64\/100\n|turn|7\n|\n|t:|1700492276\n|move|p1a: Druski|Fake Out|p2a: Yousef\n|-damage|p2a: Yousef|0 fnt\n|faint|p2a: Yousef\n|move|p2b: Fluminense|Flare Blitz|p1b: Great Tusk\n|-damage|p1b: Great Tusk|9\/100\n|move|p1b: Great Tusk|Headlong Rush|p2b: Fluminense\n|-supereffective|p2b: Fluminense\n|-damage|p2b: Fluminense|0 fnt\n|-unboost|p1b: Great Tusk|def|1\n|-unboost|p1b: Great Tusk|spd|1\n|faint|p2b: Fluminense\n|\n|win|vegetasfeet\n|raw|vegetasfeet's rating: 1308 &rarr; <strong>1331<\/strong><br \/>(+23 for winning)\n|raw|Satoru Gorfou's rating: 1355 &rarr; <strong>1332<\/strong><br \/>(-23 for losing)\n|l|\u2606Satoru Gorfou\n","uploadtime":1700492309,"views":2,"p1id":"vegetasfeet","p2id":"satorugorfou","formatid":"gen9doublesou","rating":1331,"private":0,"password":""}