{"id":"gen9doublesou-1983471988","p1":"Flexint","p2":"Dylitzy","format":"[Gen 9] Doubles OU","log":"|j|\u2606Flexint\n|j|\u2606Dylitzy\n|t:|1699133739\n|gametype|doubles\n|player|p1|Flexint|dragontamer|1184\n|player|p2|Dylitzy|acetrainer-gen4dp|1070\n|teamsize|p1|6\n|teamsize|p2|6\n|gen|9\n|tier|[Gen 9] Doubles OU\n|rated|\n|rule|Species Clause: Limit one of each Pok\u00e9mon\n|rule|OHKO Clause: OHKO moves are banned\n|rule|Evasion Moves Clause: Evasion moves are banned\n|rule|Gravity Sleep Clause: The combination of sleep-inducing moves with imperfect accuracy and Gravity or Gigantamax Orbeetle are banned\n|rule|Endless Battle Clause: Forcing endless battles is banned\n|rule|HP Percentage Mod: HP is shown in percentages\n|clearpoke\n|poke|p1|Goodra, F|\n|poke|p1|Tauros-Paldea-Blaze, M|\n|poke|p1|Grimmsnarl, M|\n|poke|p1|Glimmora, F|\n|poke|p1|Gastrodon, F|\n|poke|p1|Maushold-Four|\n|poke|p2|Typhlosion-Hisui, F|\n|poke|p2|Torkoal, M|\n|poke|p2|Dusclops, M|\n|poke|p2|Walking Wake|\n|poke|p2|Grimmsnarl, M|\n|poke|p2|Roaring Moon|\n|teampreview\n|inactive|Battle timer is ON: inactive players will automatically lose when time's up. (requested by Dylitzy)\n|\n|t:|1699133762\n|start\n|switch|p1a: Grimmsnarl|Grimmsnarl, M|100\/100\n|switch|p1b: Goodra|Goodra, F, shiny|100\/100\n|switch|p2a: Torkoal|Torkoal, M|100\/100\n|switch|p2b: Typhlosion|Typhlosion-Hisui, F|100\/100\n|-item|p1a: Grimmsnarl|Lagging Tail|[from] ability: Frisk|[of] p2b: Typhlosion|[identify]\n|-item|p1b: Goodra|Leftovers|[from] ability: Frisk|[of] p2b: Typhlosion|[identify]\n|-weather|SunnyDay|[from] ability: Drought|[of] p2a: Torkoal\n|turn|1\n|inactive|Flexint has 120 seconds left.\n|\n|t:|1699133804\n|-terastallize|p2b: Typhlosion|Fire\n|move|p1a: Grimmsnarl|Trick|p2b: Typhlosion\n|-activate|p1a: Grimmsnarl|move: Trick|[of] p2b: Typhlosion\n|-item|p2b: Typhlosion|Lagging Tail|[from] move: Trick\n|-item|p1a: Grimmsnarl|Life Orb|[from] move: Trick\n|move|p2b: Typhlosion|Eruption|p1a: Grimmsnarl|[spread] p1a,p1b\n|-resisted|p1b: Goodra\n|-damage|p1a: Grimmsnarl|0 fnt\n|-damage|p1b: Goodra|67\/100\n|faint|p1a: Grimmsnarl\n|move|p1b: Goodra|Muddy Water|p2a: Torkoal|[spread] p2a,p2b\n|-supereffective|p2a: Torkoal\n|-supereffective|p2b: Typhlosion\n|-damage|p2a: Torkoal|80\/100\n|-damage|p2b: Typhlosion|78\/100\n|-unboost|p2b: Typhlosion|accuracy|1\n|move|p2a: Torkoal|Stealth Rock|p1b: Goodra\n|-sidestart|p1: Flexint|move: Stealth Rock\n|\n|-weather|SunnyDay|[upkeep]\n|-heal|p1b: Goodra|73\/100|[from] item: Leftovers\n|upkeep\n|\n|t:|1699133826\n|switch|p1a: Tauros|Tauros-Paldea-Blaze, M|100\/100\n|-damage|p1a: Tauros|88\/100|[from] Stealth Rock\n|-ability|p1a: Tauros|Intimidate|boost\n|-unboost|p2a: Torkoal|atk|1\n|-unboost|p2b: Typhlosion|atk|1\n|turn|2\n|\n|t:|1699133840\n|move|p1a: Tauros|Rock Slide|p2b: Typhlosion|[spread] p2a,p2b\n|-supereffective|p2a: Torkoal\n|-supereffective|p2b: Typhlosion\n|-damage|p2a: Torkoal|59\/100\n|-damage|p2b: Typhlosion|39\/100\n|move|p1b: Goodra|Muddy Water|p2b: Typhlosion|[spread] p2a\n|-miss|p1b: Goodra|p2b: Typhlosion\n|-supereffective|p2a: Torkoal\n|-damage|p2a: Torkoal|36\/100\n|-unboost|p2a: Torkoal|accuracy|1\n|move|p2a: Torkoal|Earth Power|p1a: Tauros\n|-supereffective|p1a: Tauros\n|-damage|p1a: Tauros|51\/100\n|cant|p2b: Typhlosion|flinch\n|\n|-weather|SunnyDay|[upkeep]\n|-heal|p1b: Goodra|79\/100|[from] item: Leftovers\n|upkeep\n|turn|3\n|inactive|Flexint has 120 seconds left.\n|inactive|Dylitzy has 120 seconds left.\n|\n|t:|1699133883\n|switch|p2a: Walking Wake|Walking Wake|100\/100\n|-activate|p2a: Walking Wake|ability: Protosynthesis\n|-start|p2a: Walking Wake|protosynthesisspa\n|move|p1a: Tauros|Rock Slide|p2b: Typhlosion|[spread] p2a,p2b\n|-supereffective|p2b: Typhlosion\n|-damage|p2a: Walking Wake|86\/100\n|-damage|p2b: Typhlosion|0 fnt\n|faint|p2b: Typhlosion\n|move|p1b: Goodra|Life Dew|p1b: Goodra|[spread] p1a,p1b\n|-heal|p1a: Tauros|76\/100\n|-heal|p1b: Goodra|100\/100\n|\n|-weather|SunnyDay|[upkeep]\n|upkeep\n|\n|t:|1699133901\n|switch|p2b: Dusclops|Dusclops, M|100\/100\n|-ability|p2b: Dusclops|Pressure\n|turn|4\n|inactive|Dylitzy has 120 seconds left.\n|inactive|Flexint has 120 seconds left.\n|\n|t:|1699133937\n|switch|p1a: Glimmora|Glimmora, F, shiny|100\/100\n|-damage|p1a: Glimmora|88\/100|[from] Stealth Rock\n|switch|p1b: Gastrodon|Gastrodon, F|100\/100\n|-damage|p1b: Gastrodon|94\/100|[from] Stealth Rock\n|move|p2b: Dusclops|Helping Hand|p2a: Walking Wake\n|-singleturn|p2a: Walking Wake|Helping Hand|[of] p2b: Dusclops\n|move|p2a: Walking Wake|Dragon Pulse|p1b: Gastrodon\n|-damage|p1b: Gastrodon|0 fnt\n|faint|p1b: Gastrodon\n|\n|-weather|SunnyDay|[upkeep]\n|upkeep\n|\n|t:|1699133957\n|switch|p1b: Maushold|Maushold-Four|100\/100\n|-damage|p1b: Maushold|88\/100|[from] Stealth Rock\n|turn|5\n|\n|t:|1699133989\n|move|p2a: Walking Wake|Dragon Pulse|p1a: Glimmora\n|-damage|p1a: Glimmora|0 fnt\n|faint|p1a: Glimmora\n|move|p1b: Maushold|Tidy Up|p1b: Maushold\n|-sideend|p1: Flexint|Stealth Rock\n|-activate|p1b: Maushold|move: Tidy Up\n|-boost|p1b: Maushold|atk|1\n|-boost|p1b: Maushold|spe|1\n|move|p2b: Dusclops|Will-O-Wisp|p1b: Maushold\n|-status|p1b: Maushold|brn\n|\n|-weather|SunnyDay|[upkeep]\n|-damage|p1b: Maushold|82\/100 brn|[from] brn\n|upkeep\n|inactive|Flexint has 90 seconds left.\n|\n|t:|1699134009\n|switch|p1a: Goodra|Goodra, F, shiny|100\/100\n|turn|6\n|inactive|Flexint has 90 seconds left.\n|\n|t:|1699134041\n|-terastallize|p1a: Goodra|Water\n|move|p2b: Dusclops|Helping Hand|p2a: Walking Wake\n|-singleturn|p2a: Walking Wake|Helping Hand|[of] p2b: Dusclops\n|move|p1b: Maushold|Population Bomb|p2a: Walking Wake\n|-damage|p2a: Walking Wake|82\/100\n|-hitcount|p2a: Walking Wake|1\n|move|p2a: Walking Wake|Dragon Pulse|p1a: Goodra\n|-damage|p1a: Goodra|20\/100\n|move|p1a: Goodra|Thunder|p2a: Walking Wake\n|-damage|p2a: Walking Wake|50\/100\n|\n|-weather|SunnyDay|[upkeep]\n|-heal|p1a: Goodra|27\/100|[from] item: Leftovers\n|-damage|p1b: Maushold|76\/100 brn|[from] brn\n|upkeep\n|turn|7\n|inactive|Flexint has 90 seconds left.\n|\n|t:|1699134070\n|move|p1b: Maushold|Follow Me|p1b: Maushold\n|-singleturn|p1b: Maushold|move: Follow Me\n|move|p2a: Walking Wake|Dragon Pulse|p1b: Maushold\n|-damage|p1b: Maushold|0 fnt\n|faint|p1b: Maushold\n|move|p1a: Goodra|Thunder|p2a: Walking Wake\n|-damage|p2a: Walking Wake|16\/100\n|move|p2b: Dusclops|Night Shade|p1a: Goodra\n|-damage|p1a: Goodra|0 fnt\n|faint|p1a: Goodra\n|\n|-weather|SunnyDay|[upkeep]\n|upkeep\n|\n|t:|1699134086\n|switch|p1a: Tauros|Tauros-Paldea-Blaze, M|76\/100\n|-ability|p1a: Tauros|Intimidate|boost\n|-unboost|p2a: Walking Wake|atk|1\n|-unboost|p2b: Dusclops|atk|1\n|turn|8\n|\n|t:|1699134101\n|move|p2b: Dusclops|Helping Hand|p2a: Walking Wake\n|-singleturn|p2a: Walking Wake|Helping Hand|[of] p2b: Dusclops\n|move|p2a: Walking Wake|Dragon Pulse|p1a: Tauros\n|-damage|p1a: Tauros|0 fnt\n|faint|p1a: Tauros\n|\n|win|Dylitzy\n|raw|Flexint's rating: 1184 &rarr; <strong>1151<\/strong><br \/>(-33 for losing)\n|raw|Dylitzy's rating: 1070 &rarr; <strong>1109<\/strong><br \/>(+39 for winning)\n|l|\u2606Flexint\n","uploadtime":1699134111,"views":13,"p1id":"flexint","p2id":"dylitzy","formatid":"gen9doublesou","rating":1109,"private":0,"password":""}