{"id":"gen9doublesou-1982573912","p1":"kuroboss","p2":"Nakimyx","format":"[Gen 9] Doubles OU","log":"|j|\u203dkuroboss\n|j|\u2606Nakimyx\n|t:|1699026695\n|gametype|doubles\n|player|p1|kuroboss|266|1057\n|player|p2|Nakimyx|lady-gen4|1079\n|teamsize|p1|6\n|teamsize|p2|6\n|gen|9\n|tier|[Gen 9] Doubles OU\n|rated|\n|rule|Species Clause: Limit one of each Pok\u00e9mon\n|rule|OHKO Clause: OHKO moves are banned\n|rule|Evasion Moves Clause: Evasion moves are banned\n|rule|Gravity Sleep Clause: The combination of sleep-inducing moves with imperfect accuracy and Gravity or Gigantamax Orbeetle are banned\n|rule|Endless Battle Clause: Forcing endless battles is banned\n|rule|HP Percentage Mod: HP is shown in percentages\n|clearpoke\n|poke|p1|Manaphy|\n|poke|p1|Glimmora, F|\n|poke|p1|Pelipper, F|\n|poke|p1|Gengar, M|\n|poke|p1|Clefairy, M|\n|poke|p1|Arboliva, M|\n|poke|p2|Talonflame, F|\n|poke|p2|Jolteon, M|\n|poke|p2|Dragonite, F|\n|poke|p2|Milotic, F|\n|poke|p2|Mienshao, F|\n|poke|p2|Klefki, M|\n|teampreview\n|\n|t:|1699026702\n|start\n|switch|p1a: Arboliva|Arboliva, M|100\/100\n|switch|p1b: Manaphy|Manaphy|100\/100\n|switch|p2a: Klefki|Klefki, M|100\/100\n|switch|p2b: Dragonite|Dragonite, F|100\/100\n|turn|1\n|\n|t:|1699026718\n|switch|p2b: Jolteon|Jolteon, M|100\/100\n|move|p2a: Klefki|Light Screen|p2a: Klefki\n|-sidestart|p2: Nakimyx|move: Light Screen\n|move|p1b: Manaphy|Tail Glow|p1b: Manaphy\n|-boost|p1b: Manaphy|spa|3\n|move|p1a: Arboliva|Leech Seed|p2b: Jolteon|[miss]\n|-miss|p1a: Arboliva|p2b: Jolteon\n|\n|upkeep\n|turn|2\n|\n|t:|1699026733\n|move|p2a: Klefki|Reflect|p2a: Klefki\n|-sidestart|p2: Nakimyx|Reflect\n|move|p2b: Jolteon|Calm Mind|p2b: Jolteon\n|-boost|p2b: Jolteon|spa|1\n|-boost|p2b: Jolteon|spd|1\n|move|p1b: Manaphy|Stored Power|p2b: Jolteon\n|-damage|p2b: Jolteon|70\/100\n|move|p1a: Arboliva|Leech Seed|p2b: Jolteon\n|-start|p2b: Jolteon|move: Leech Seed\n|\n|-damage|p2b: Jolteon|57\/100|[from] Leech Seed|[of] p1a: Arboliva\n|upkeep\n|turn|3\n|\n|t:|1699026747\n|move|p1b: Manaphy|Protect|p1b: Manaphy\n|-singleturn|p1b: Manaphy|Protect\n|move|p2a: Klefki|Switcheroo|p1b: Manaphy\n|-activate|p1b: Manaphy|move: Protect\n|move|p2b: Jolteon|Thunderbolt|p1b: Manaphy\n|-activate|p1b: Manaphy|move: Protect\n|move|p1a: Arboliva|Leech Seed|p2a: Klefki\n|-start|p2a: Klefki|move: Leech Seed\n|\n|-damage|p2b: Jolteon|45\/100|[from] Leech Seed|[of] p1a: Arboliva\n|-damage|p2a: Klefki|88\/100|[from] Leech Seed|[of] p1a: Arboliva\n|upkeep\n|turn|4\n|\n|t:|1699026770\n|-terastallize|p1a: Arboliva|Fairy\n|move|p2a: Klefki|Switcheroo|p1b: Manaphy\n|-activate|p2a: Klefki|move: Trick|[of] p1b: Manaphy\n|-item|p1b: Manaphy|Toxic Orb|[from] move: Switcheroo\n|-item|p2a: Klefki|Mental Herb|[from] move: Switcheroo\n|move|p2b: Jolteon|Thunderbolt|p1b: Manaphy\n|-supereffective|p1b: Manaphy\n|-damage|p1b: Manaphy|2\/100\n|move|p1b: Manaphy|Stored Power|p2a: Klefki\n|-resisted|p2a: Klefki\n|-damage|p2a: Klefki|66\/100\n|move|p1a: Arboliva|Dazzling Gleam|p2a: Klefki|[spread] p2a,p2b\n|-resisted|p2a: Klefki\n|-crit|p2b: Jolteon\n|-damage|p2a: Klefki|56\/100\n|-damage|p2b: Jolteon|0 fnt\n|faint|p2b: Jolteon\n|\n|-damage|p2a: Klefki|44\/100|[from] Leech Seed|[of] p1a: Arboliva\n|-status|p1b: Manaphy|tox|[from] item: Toxic Orb\n|upkeep\n|\n|t:|1699026825\n|switch|p2b: Dragonite|Dragonite, F|100\/100\n|turn|5\n|\n|t:|1699026834\n|-terastallize|p2b: Dragonite|Normal\n|move|p2b: Dragonite|Extreme Speed|p1a: Arboliva\n|-damage|p1a: Arboliva|30\/100\n|-enditem|p1a: Arboliva|Sitrus Berry|[eat]\n|-heal|p1a: Arboliva|56\/100|[from] item: Sitrus Berry\n|move|p2a: Klefki|Spikes|p1a: Arboliva\n|-sidestart|p1: kuroboss|Spikes\n|move|p1b: Manaphy|Stored Power|p2b: Dragonite\n|-damage|p2b: Dragonite|80\/100\n|move|p1a: Arboliva|Leech Seed|p2b: Dragonite\n|-start|p2b: Dragonite|move: Leech Seed\n|\n|-damage|p2b: Dragonite|67\/100|[from] Leech Seed|[of] p1a: Arboliva\n|-heal|p1a: Arboliva|67\/100|[silent]\n|-damage|p2a: Klefki|32\/100|[from] Leech Seed|[of] p1a: Arboliva\n|-heal|p1a: Arboliva|77\/100|[silent]\n|-damage|p1b: Manaphy|0 fnt|[from] psn\n|faint|p1b: Manaphy\n|-sideend|p2: Nakimyx|move: Light Screen\n|-item|p1a: Arboliva|Sitrus Berry|[from] ability: Harvest\n|upkeep\n|\n|t:|1699026852\n|switch|p1b: Glimmora|Glimmora, F|100\/100\n|-damage|p1b: Glimmora|88\/100|[from] Spikes\n|turn|6\n|\n|t:|1699026868\n|switch|p2b: Mienshao|Mienshao, F|100\/100\n|move|p1a: Arboliva|Protect|p1a: Arboliva\n|-singleturn|p1a: Arboliva|Protect\n|move|p2a: Klefki|Switcheroo|p1b: Glimmora\n|-activate|p2a: Klefki|move: Trick|[of] p1b: Glimmora\n|-item|p1b: Glimmora|Mental Herb|[from] move: Switcheroo\n|-item|p2a: Klefki|Leftovers|[from] move: Switcheroo\n|move|p1b: Glimmora|Sludge Wave|p2b: Mienshao|[spread] p2b\n|-activate|p1a: Arboliva|move: Protect\n|-immune|p2a: Klefki\n|-damage|p2b: Mienshao|25\/100\n|\n|-heal|p2a: Klefki|38\/100|[from] item: Leftovers\n|-damage|p2a: Klefki|25\/100|[from] Leech Seed|[of] p1a: Arboliva\n|-heal|p1a: Arboliva|88\/100|[silent]\n|-sideend|p2: Nakimyx|Reflect\n|upkeep\n|turn|7\n|\n|t:|1699026887\n|move|p2a: Klefki|Light Screen|p2a: Klefki\n|-sidestart|p2: Nakimyx|move: Light Screen\n|move|p2b: Mienshao|Close Combat|p1b: Glimmora\n|-damage|p1b: Glimmora|0 fnt\n|-unboost|p2b: Mienshao|def|1\n|-unboost|p2b: Mienshao|spd|1\n|-activate|p1b: Glimmora|ability: Toxic Debris\n|-sidestart|p2: Nakimyx|move: Toxic Spikes\n|faint|p1b: Glimmora\n|-damage|p2b: Mienshao|15\/100|[from] item: Life Orb\n|move|p1a: Arboliva|Dazzling Gleam|p2a: Klefki|[spread] p2a,p2b\n|-resisted|p2a: Klefki\n|-supereffective|p2b: Mienshao\n|-crit|p2b: Mienshao\n|-damage|p2a: Klefki|16\/100\n|-damage|p2b: Mienshao|0 fnt\n|faint|p2b: Mienshao\n|\n|-heal|p2a: Klefki|22\/100|[from] item: Leftovers\n|-damage|p2a: Klefki|9\/100|[from] Leech Seed|[of] p1a: Arboliva\n|-heal|p1a: Arboliva|99\/100|[silent]\n|upkeep\n|\n|t:|1699026905\n|switch|p2b: Milotic|Milotic, F|100\/100\n|switch|p1b: Pelipper|Pelipper, F|100\/100\n|-weather|RainDance|[from] ability: Drizzle|[of] p1b: Pelipper\n|turn|8\n|\n|t:|1699026918\n|move|p2a: Klefki|Reflect|p2a: Klefki\n|-sidestart|p2: Nakimyx|Reflect\n|move|p2b: Milotic|Coil|p2b: Milotic\n|-boost|p2b: Milotic|atk|1\n|-boost|p2b: Milotic|def|1\n|-boost|p2b: Milotic|accuracy|1\n|move|p1b: Pelipper|Hurricane|p2b: Milotic\n|-damage|p2b: Milotic|80\/100\n|-start|p2b: Milotic|confusion\n|move|p1a: Arboliva|Leech Seed|p2b: Milotic\n|-start|p2b: Milotic|move: Leech Seed\n|\n|-weather|RainDance|[upkeep]\n|-heal|p2a: Klefki|15\/100|[from] item: Leftovers\n|-damage|p2b: Milotic|68\/100|[from] Leech Seed|[of] p1a: Arboliva\n|-heal|p1a: Arboliva|100\/100|[silent]\n|-damage|p2a: Klefki|3\/100|[from] Leech Seed|[of] p1a: Arboliva\n|upkeep\n|turn|9\n|\n|t:|1699026938\n|move|p2a: Klefki|Spikes|p1a: Arboliva\n|-sidestart|p1: kuroboss|Spikes\n|-activate|p2b: Milotic|confusion\n|move|p2b: Milotic|Coil|p2b: Milotic\n|-boost|p2b: Milotic|atk|1\n|-boost|p2b: Milotic|def|1\n|-boost|p2b: Milotic|accuracy|1\n|move|p1b: Pelipper|Knock Off|p2b: Milotic\n|-damage|p2b: Milotic|65\/100\n|-enditem|p2b: Milotic|Heavy-Duty Boots|[from] move: Knock Off|[of] p1b: Pelipper\n|move|p1a: Arboliva|Dazzling Gleam|p2b: Milotic|[spread] p2a,p2b\n|-resisted|p2a: Klefki\n|-damage|p2a: Klefki|0 fnt\n|-damage|p2b: Milotic|53\/100\n|faint|p2a: Klefki\n|\n|-weather|RainDance|[upkeep]\n|-damage|p2b: Milotic|40\/100|[from] Leech Seed|[of] p1a: Arboliva\n|upkeep\n|\n|t:|1699026947\n|switch|p2a: Dragonite|Dragonite, F, tera:Normal|67\/100\n|-status|p2a: Dragonite|psn\n|turn|10\n|\n|t:|1699026960\n|move|p2a: Dragonite|Dragon Claw|p1b: Pelipper\n|-crit|p1b: Pelipper\n|-damage|p1b: Pelipper|0 fnt\n|faint|p1b: Pelipper\n|-activate|p2b: Milotic|confusion\n|move|p2b: Milotic|Scald|p1a: Arboliva\n|-damage|p1a: Arboliva|75\/100\n|move|p1a: Arboliva|Leech Seed|p2a: Dragonite\n|-start|p2a: Dragonite|move: Leech Seed\n|\n|-weather|RainDance|[upkeep]\n|-damage|p2a: Dragonite|55\/100 psn|[from] Leech Seed|[of] p1a: Arboliva\n|-heal|p1a: Arboliva|87\/100|[silent]\n|-damage|p2b: Milotic|28\/100|[from] Leech Seed|[of] p1a: Arboliva\n|-heal|p1a: Arboliva|99\/100|[silent]\n|-damage|p2a: Dragonite|43\/100 psn|[from] psn\n|upkeep\n|\n|t:|1699026965\n|switch|p1b: Gengar|Gengar, M|100\/100\n|-damage|p1b: Gengar|84\/100|[from] Spikes\n|turn|11\n|\n|t:|1699026978\n|move|p1a: Arboliva|Protect|p1a: Arboliva\n|-singleturn|p1a: Arboliva|Protect\n|move|p1b: Gengar|Shadow Ball|p2a: Dragonite\n|-immune|p2a: Dragonite\n|move|p2a: Dragonite|Dragon Claw|p1b: Gengar\n|-damage|p1b: Gengar|0 fnt\n|faint|p1b: Gengar\n|-activate|p2b: Milotic|confusion\n|move|p2b: Milotic|Recover|p2b: Milotic\n|-heal|p2b: Milotic|78\/100\n|\n|-weather|RainDance|[upkeep]\n|-damage|p2a: Dragonite|30\/100 psn|[from] Leech Seed|[of] p1a: Arboliva\n|-heal|p1a: Arboliva|100\/100|[silent]\n|-damage|p2b: Milotic|65\/100|[from] Leech Seed|[of] p1a: Arboliva\n|-damage|p2a: Dragonite|18\/100 psn|[from] psn\n|-sideend|p2: Nakimyx|move: Light Screen\n|upkeep\n|\n|t:|1699026996\n|switch|p1b: Clefairy|Clefairy, M|100\/100\n|-damage|p1b: Clefairy|84\/100|[from] Spikes\n|turn|12\n|\n|t:|1699027009\n|move|p1b: Clefairy|Follow Me|p1b: Clefairy\n|-singleturn|p1b: Clefairy|move: Follow Me\n|move|p2a: Dragonite|Dragon Claw|p1b: Clefairy\n|-immune|p1b: Clefairy\n|-activate|p2b: Milotic|confusion\n|move|p2b: Milotic|Scald|p1b: Clefairy\n|-damage|p1b: Clefairy|59\/100\n|-status|p1b: Clefairy|brn\n|move|p1a: Arboliva|Dazzling Gleam|p2b: Milotic|[spread] p2a,p2b\n|-damage|p2a: Dragonite|0 fnt\n|-damage|p2b: Milotic|47\/100\n|faint|p2a: Dragonite\n|\n|-weather|none\n|-damage|p2b: Milotic|34\/100|[from] Leech Seed|[of] p1a: Arboliva\n|-damage|p1b: Clefairy|53\/100 brn|[from] brn\n|-sideend|p2: Nakimyx|Reflect\n|upkeep\n|\n|t:|1699027017\n|switch|p2a: Talonflame|Talonflame, F|100\/100\n|turn|13\n|\n|t:|1699027032\n|move|p1b: Clefairy|Protect|p1b: Clefairy\n|-singleturn|p1b: Clefairy|Protect\n|move|p2a: Talonflame|Air Slash|p1a: Arboliva\n|-crit|p1a: Arboliva\n|-damage|p1a: Arboliva|87\/100\n|-end|p2b: Milotic|confusion\n|move|p2b: Milotic|Recover|p2b: Milotic\n|-heal|p2b: Milotic|84\/100\n|cant|p1a: Arboliva|flinch\n|\n|-damage|p2b: Milotic|72\/100|[from] Leech Seed|[of] p1a: Arboliva\n|-heal|p1a: Arboliva|99\/100|[silent]\n|-damage|p1b: Clefairy|47\/100 brn|[from] brn\n|upkeep\n|turn|14\n|\n|t:|1699027057\n|move|p2a: Talonflame|Taunt|p1a: Arboliva\n|-start|p1a: Arboliva|move: Taunt\n|move|p2b: Milotic|Scald|p1b: Clefairy\n|-damage|p1b: Clefairy|30\/100 brn\n|cant|p1a: Arboliva|move: Taunt|Leech Seed\n|move|p1b: Clefairy|Encore|p2b: Milotic\n|-start|p2b: Milotic|Encore\n|\n|-damage|p2b: Milotic|59\/100|[from] Leech Seed|[of] p1a: Arboliva\n|-heal|p1a: Arboliva|100\/100|[silent]\n|-damage|p1b: Clefairy|24\/100 brn|[from] brn\n|upkeep\n|turn|15\n|\n|t:|1699027073\n|move|p1b: Clefairy|Follow Me|p1b: Clefairy\n|-singleturn|p1b: Clefairy|move: Follow Me\n|move|p2a: Talonflame|Air Slash|p1b: Clefairy\n|-damage|p1b: Clefairy|12\/100 brn\n|move|p2b: Milotic|Scald|p1b: Clefairy\n|-crit|p1b: Clefairy\n|-damage|p1b: Clefairy|0 fnt\n|faint|p1b: Clefairy\n|move|p1a: Arboliva|Dazzling Gleam|p2a: Talonflame|[spread] p2a,p2b\n|-resisted|p2a: Talonflame\n|-damage|p2a: Talonflame|83\/100\n|-damage|p2b: Milotic|41\/100\n|\n|-damage|p2b: Milotic|29\/100|[from] Leech Seed|[of] p1a: Arboliva\n|upkeep\n|turn|16\n|\n|t:|1699027085\n|move|p2a: Talonflame|Will-O-Wisp|p1a: Arboliva\n|-status|p1a: Arboliva|brn\n|move|p2b: Milotic|Scald|p1a: Arboliva\n|-damage|p1a: Arboliva|84\/100 brn\n|move|p1a: Arboliva|Dazzling Gleam|p2b: Milotic|[spread] p2a,p2b\n|-resisted|p2a: Talonflame\n|-damage|p2a: Talonflame|63\/100\n|-damage|p2b: Milotic|12\/100\n|\n|-damage|p2b: Milotic|0 fnt|[from] Leech Seed|[of] p1a: Arboliva\n|-heal|p1a: Arboliva|96\/100 brn|[silent]\n|faint|p2b: Milotic\n|-damage|p1a: Arboliva|90\/100 brn|[from] brn\n|-end|p1a: Arboliva|move: Taunt\n|upkeep\n|turn|17\n|\n|t:|1699027101\n|move|p2a: Talonflame|Taunt|p1a: Arboliva\n|-start|p1a: Arboliva|move: Taunt\n|cant|p1a: Arboliva|move: Taunt|Leech Seed\n|\n|-damage|p1a: Arboliva|84\/100 brn|[from] brn\n|upkeep\n|turn|18\n|\n|t:|1699027107\n|move|p2a: Talonflame|Air Slash|p1a: Arboliva\n|-damage|p1a: Arboliva|73\/100 brn\n|cant|p1a: Arboliva|flinch\n|\n|-damage|p1a: Arboliva|67\/100 brn|[from] brn\n|upkeep\n|turn|19\n|\n|t:|1699027115\n|move|p2a: Talonflame|Roost|p2a: Talonflame\n|-heal|p2a: Talonflame|100\/100\n|-singleturn|p2a: Talonflame|move: Roost\n|move|p1a: Arboliva|Dazzling Gleam|p2a: Talonflame\n|-resisted|p2a: Talonflame\n|-damage|p2a: Talonflame|74\/100\n|\n|-damage|p1a: Arboliva|60\/100 brn|[from] brn\n|-end|p1a: Arboliva|move: Taunt\n|upkeep\n|turn|20\n|\n|t:|1699027127\n|move|p2a: Talonflame|Taunt|p1a: Arboliva\n|-start|p1a: Arboliva|move: Taunt\n|move|p1a: Arboliva|Dazzling Gleam|p2a: Talonflame\n|-resisted|p2a: Talonflame\n|-damage|p2a: Talonflame|46\/100\n|\n|-damage|p1a: Arboliva|54\/100 brn|[from] brn\n|upkeep\n|turn|21\n|\n|t:|1699027135\n|move|p2a: Talonflame|Roost|p2a: Talonflame\n|-heal|p2a: Talonflame|96\/100\n|-singleturn|p2a: Talonflame|move: Roost\n|move|p1a: Arboliva|Dazzling Gleam|p2a: Talonflame\n|-resisted|p2a: Talonflame\n|-damage|p2a: Talonflame|73\/100\n|\n|-damage|p1a: Arboliva|48\/100 brn|[from] brn\n|upkeep\n|-enditem|p1a: Arboliva|Sitrus Berry|[eat]\n|-heal|p1a: Arboliva|73\/100 brn|[from] item: Sitrus Berry\n|turn|22\n|\n|t:|1699027145\n|move|p2a: Talonflame|Air Slash|p1a: Arboliva\n|-damage|p1a: Arboliva|62\/100 brn\n|move|p1a: Arboliva|Dazzling Gleam|p2a: Talonflame\n|-resisted|p2a: Talonflame\n|-damage|p2a: Talonflame|49\/100\n|\n|-damage|p1a: Arboliva|56\/100 brn|[from] brn\n|-end|p1a: Arboliva|move: Taunt\n|upkeep\n|turn|23\n|\n|t:|1699027154\n|move|p2a: Talonflame|Taunt|p1a: Arboliva\n|-start|p1a: Arboliva|move: Taunt\n|move|p1a: Arboliva|Dazzling Gleam|p2a: Talonflame\n|-resisted|p2a: Talonflame\n|-damage|p2a: Talonflame|25\/100\n|\n|-damage|p1a: Arboliva|50\/100 brn|[from] brn\n|-item|p1a: Arboliva|Sitrus Berry|[from] ability: Harvest\n|upkeep\n|-enditem|p1a: Arboliva|Sitrus Berry|[eat]\n|-heal|p1a: Arboliva|75\/100 brn|[from] item: Sitrus Berry\n|turn|24\n|\n|t:|1699027164\n|move|p2a: Talonflame|Roost|p2a: Talonflame\n|-heal|p2a: Talonflame|75\/100\n|-singleturn|p2a: Talonflame|move: Roost\n|move|p1a: Arboliva|Dazzling Gleam|p2a: Talonflame\n|-resisted|p2a: Talonflame\n|-damage|p2a: Talonflame|51\/100\n|\n|-damage|p1a: Arboliva|69\/100 brn|[from] brn\n|-item|p1a: Arboliva|Sitrus Berry|[from] ability: Harvest\n|upkeep\n|turn|25\n|\n|t:|1699027174\n|move|p2a: Talonflame|Air Slash|p1a: Arboliva\n|-damage|p1a: Arboliva|57\/100 brn\n|move|p1a: Arboliva|Dazzling Gleam|p2a: Talonflame\n|-resisted|p2a: Talonflame\n|-damage|p2a: Talonflame|26\/100\n|\n|-damage|p1a: Arboliva|51\/100 brn|[from] brn\n|-end|p1a: Arboliva|move: Taunt\n|upkeep\n|turn|26\n|\n|t:|1699027182\n|move|p2a: Talonflame|Roost|p2a: Talonflame\n|-heal|p2a: Talonflame|76\/100\n|-singleturn|p2a: Talonflame|move: Roost\n|move|p1a: Arboliva|Dazzling Gleam|p2a: Talonflame\n|-resisted|p2a: Talonflame\n|-damage|p2a: Talonflame|52\/100\n|\n|-damage|p1a: Arboliva|45\/100 brn|[from] brn\n|upkeep\n|-enditem|p1a: Arboliva|Sitrus Berry|[eat]\n|-heal|p1a: Arboliva|70\/100 brn|[from] item: Sitrus Berry\n|turn|27\n|\n|t:|1699027191\n|move|p2a: Talonflame|Taunt|p1a: Arboliva\n|-start|p1a: Arboliva|move: Taunt\n|move|p1a: Arboliva|Dazzling Gleam|p2a: Talonflame\n|-resisted|p2a: Talonflame\n|-damage|p2a: Talonflame|25\/100\n|\n|-damage|p1a: Arboliva|64\/100 brn|[from] brn\n|-item|p1a: Arboliva|Sitrus Berry|[from] ability: Harvest\n|upkeep\n|turn|28\n|\n|t:|1699027200\n|move|p2a: Talonflame|Roost|p2a: Talonflame\n|-heal|p2a: Talonflame|75\/100\n|-singleturn|p2a: Talonflame|move: Roost\n|move|p1a: Arboliva|Dazzling Gleam|p2a: Talonflame\n|-resisted|p2a: Talonflame\n|-damage|p2a: Talonflame|51\/100\n|\n|-damage|p1a: Arboliva|58\/100 brn|[from] brn\n|upkeep\n|turn|29\n|\n|t:|1699027211\n|move|p2a: Talonflame|Air Slash|p1a: Arboliva\n|-damage|p1a: Arboliva|47\/100 brn\n|-enditem|p1a: Arboliva|Sitrus Berry|[eat]\n|-heal|p1a: Arboliva|72\/100 brn|[from] item: Sitrus Berry\n|cant|p1a: Arboliva|flinch\n|\n|-damage|p1a: Arboliva|65\/100 brn|[from] brn\n|-end|p1a: Arboliva|move: Taunt\n|upkeep\n|turn|30\n|\n|t:|1699027221\n|move|p2a: Talonflame|Air Slash|p1a: Arboliva\n|-damage|p1a: Arboliva|54\/100 brn\n|move|p1a: Arboliva|Leech Seed|p2a: Talonflame\n|-start|p2a: Talonflame|move: Leech Seed\n|\n|-damage|p2a: Talonflame|38\/100|[from] Leech Seed|[of] p1a: Arboliva\n|-heal|p1a: Arboliva|64\/100 brn|[silent]\n|-damage|p1a: Arboliva|58\/100 brn|[from] brn\n|upkeep\n|turn|31\n|\n|t:|1699027230\n|move|p2a: Talonflame|Roost|p2a: Talonflame\n|-heal|p2a: Talonflame|88\/100\n|-singleturn|p2a: Talonflame|move: Roost\n|move|p1a: Arboliva|Synthesis|p1a: Arboliva\n|-heal|p1a: Arboliva|100\/100 brn\n|\n|-damage|p2a: Talonflame|76\/100|[from] Leech Seed|[of] p1a: Arboliva\n|-damage|p1a: Arboliva|94\/100 brn|[from] brn\n|-item|p1a: Arboliva|Sitrus Berry|[from] ability: Harvest\n|upkeep\n|turn|32\n|\n|t:|1699027242\n|move|p1a: Arboliva|Protect|p1a: Arboliva\n|-singleturn|p1a: Arboliva|Protect\n|move|p2a: Talonflame|Air Slash|p1a: Arboliva\n|-activate|p1a: Arboliva|move: Protect\n|\n|-damage|p2a: Talonflame|63\/100|[from] Leech Seed|[of] p1a: Arboliva\n|-heal|p1a: Arboliva|100\/100 brn|[silent]\n|-damage|p1a: Arboliva|94\/100 brn|[from] brn\n|upkeep\n|turn|33\n|\n|t:|1699027251\n|move|p2a: Talonflame|Air Slash|p1a: Arboliva\n|-damage|p1a: Arboliva|83\/100 brn\n|move|p1a: Arboliva|Synthesis|p1a: Arboliva\n|-heal|p1a: Arboliva|100\/100 brn\n|\n|-damage|p2a: Talonflame|51\/100|[from] Leech Seed|[of] p1a: Arboliva\n|-damage|p1a: Arboliva|94\/100 brn|[from] brn\n|upkeep\n|turn|34\n|\n|t:|1699027258\n|move|p1a: Arboliva|Protect|p1a: Arboliva\n|-singleturn|p1a: Arboliva|Protect\n|move|p2a: Talonflame|Roost|p2a: Talonflame\n|-heal|p2a: Talonflame|100\/100\n|-singleturn|p2a: Talonflame|move: Roost\n|\n|-damage|p2a: Talonflame|88\/100|[from] Leech Seed|[of] p1a: Arboliva\n|-heal|p1a: Arboliva|100\/100 brn|[silent]\n|-damage|p1a: Arboliva|94\/100 brn|[from] brn\n|upkeep\n|turn|35\n|\n|t:|1699027272\n|move|p2a: Talonflame|Air Slash|p1a: Arboliva\n|-damage|p1a: Arboliva|83\/100 brn\n|move|p1a: Arboliva|Synthesis|p1a: Arboliva\n|-heal|p1a: Arboliva|100\/100 brn\n|\n|-damage|p2a: Talonflame|76\/100|[from] Leech Seed|[of] p1a: Arboliva\n|-damage|p1a: Arboliva|94\/100 brn|[from] brn\n|upkeep\n|turn|36\n|\n|t:|1699027280\n|move|p2a: Talonflame|Air Slash|p1a: Arboliva\n|-damage|p1a: Arboliva|83\/100 brn\n|cant|p1a: Arboliva|flinch\n|\n|-damage|p2a: Talonflame|63\/100|[from] Leech Seed|[of] p1a: Arboliva\n|-heal|p1a: Arboliva|94\/100 brn|[silent]\n|-damage|p1a: Arboliva|87\/100 brn|[from] brn\n|upkeep\n|turn|37\n|\n|t:|1699027289\n|move|p2a: Talonflame|Air Slash|p1a: Arboliva\n|-damage|p1a: Arboliva|77\/100 brn\n|move|p1a: Arboliva|Synthesis|p1a: Arboliva\n|-heal|p1a: Arboliva|100\/100 brn\n|\n|-damage|p2a: Talonflame|51\/100|[from] Leech Seed|[of] p1a: Arboliva\n|-damage|p1a: Arboliva|94\/100 brn|[from] brn\n|upkeep\n|turn|38\n|\n|t:|1699027298\n|move|p1a: Arboliva|Protect|p1a: Arboliva\n|-singleturn|p1a: Arboliva|Protect\n|move|p2a: Talonflame|Air Slash|p1a: Arboliva\n|-activate|p1a: Arboliva|move: Protect\n|\n|-damage|p2a: Talonflame|38\/100|[from] Leech Seed|[of] p1a: Arboliva\n|-heal|p1a: Arboliva|100\/100 brn|[silent]\n|-damage|p1a: Arboliva|94\/100 brn|[from] brn\n|upkeep\n|turn|39\n|\n|t:|1699027308\n|move|p2a: Talonflame|Taunt|p1a: Arboliva\n|-start|p1a: Arboliva|move: Taunt\n|cant|p1a: Arboliva|move: Taunt|Leech Seed\n|\n|-damage|p2a: Talonflame|26\/100|[from] Leech Seed|[of] p1a: Arboliva\n|-heal|p1a: Arboliva|100\/100 brn|[silent]\n|-damage|p1a: Arboliva|94\/100 brn|[from] brn\n|upkeep\n|turn|40\n|\n|t:|1699027316\n|move|p2a: Talonflame|Roost|p2a: Talonflame\n|-heal|p2a: Talonflame|76\/100\n|-singleturn|p2a: Talonflame|move: Roost\n|-activate|p1a: Arboliva|move: Struggle\n|move|p1a: Arboliva|Struggle|p2a: Talonflame\n|-damage|p2a: Talonflame|71\/100\n|-damage|p1a: Arboliva|69\/100 brn|[from] recoil\n|\n|-damage|p2a: Talonflame|58\/100|[from] Leech Seed|[of] p1a: Arboliva\n|-heal|p1a: Arboliva|80\/100 brn|[silent]\n|-damage|p1a: Arboliva|74\/100 brn|[from] brn\n|upkeep\n|turn|41\n|\n|t:|1699027327\n|move|p2a: Talonflame|Air Slash|p1a: Arboliva\n|-damage|p1a: Arboliva|61\/100 brn\n|cant|p1a: Arboliva|flinch\n|\n|-damage|p2a: Talonflame|46\/100|[from] Leech Seed|[of] p1a: Arboliva\n|-heal|p1a: Arboliva|71\/100 brn|[silent]\n|-damage|p1a: Arboliva|65\/100 brn|[from] brn\n|-end|p1a: Arboliva|move: Taunt\n|upkeep\n|turn|42\n|\n|t:|1699027338\n|move|p1a: Arboliva|Protect|p1a: Arboliva\n|-singleturn|p1a: Arboliva|Protect\n|move|p2a: Talonflame|Air Slash|p1a: Arboliva\n|-activate|p1a: Arboliva|move: Protect\n|\n|-damage|p2a: Talonflame|33\/100|[from] Leech Seed|[of] p1a: Arboliva\n|-heal|p1a: Arboliva|75\/100 brn|[silent]\n|-damage|p1a: Arboliva|69\/100 brn|[from] brn\n|upkeep\n|turn|43\n|\n|t:|1699027346\n|move|p1a: Arboliva|Protect|p1a: Arboliva\n|-singleturn|p1a: Arboliva|Protect\n|move|p2a: Talonflame|Taunt|p1a: Arboliva\n|-activate|p1a: Arboliva|move: Protect\n|\n|-damage|p2a: Talonflame|21\/100|[from] Leech Seed|[of] p1a: Arboliva\n|-heal|p1a: Arboliva|80\/100 brn|[silent]\n|-damage|p1a: Arboliva|74\/100 brn|[from] brn\n|upkeep\n|turn|44\n|-message|Nakimyx forfeited.\n|\n|win|kuroboss\n|raw|kuroboss's rating: 1057 &rarr; <strong>1090<\/strong><br \/>(+33 for winning)\n|raw|Nakimyx's rating: 1079 &rarr; <strong>1056<\/strong><br \/>(-23 for losing)\n|l|\u2606Nakimyx\n","uploadtime":1699027357,"views":16,"p1id":"kuroboss","p2id":"nakimyx","formatid":"gen9doublesou","rating":1056,"private":0,"password":""}