{"id":"gen9doublesou-1993616314","p1":"Geniusatstuff","p2":"ELTranon","format":"[Gen 9] Doubles OU","log":"|j|\u2606Geniusatstuff\n|j|\u2606ELTranon\n|t:|1700337883\n|gametype|doubles\n|player|p1|Geniusatstuff|266|1380\n|player|p2|ELTranon|steven|1376\n|teamsize|p1|6\n|teamsize|p2|6\n|gen|9\n|tier|[Gen 9] Doubles OU\n|rated|\n|rule|Species Clause: Limit one of each Pok\u00e9mon\n|rule|OHKO Clause: OHKO moves are banned\n|rule|Evasion Moves Clause: Evasion moves are banned\n|rule|Gravity Sleep Clause: The combination of sleep-inducing moves with imperfect accuracy and Gravity or Gigantamax Orbeetle are banned\n|rule|Endless Battle Clause: Forcing endless battles is banned\n|rule|HP Percentage Mod: HP is shown in percentages\n|clearpoke\n|poke|p1|Gyarados, F|\n|poke|p1|Armarouge, F|\n|poke|p1|Chien-Pao|\n|poke|p1|Indeedee-F, F|\n|poke|p1|Tornadus, M|\n|poke|p1|Sneasler, M|\n|poke|p2|Grimmsnarl, M|\n|poke|p2|Flutter Mane|\n|poke|p2|Heatran, F|\n|poke|p2|Thundurus-Therian, M|\n|poke|p2|Charjabug, M|\n|poke|p2|Gliscor, M|\n|teampreview\n|\n|t:|1700337908\n|start\n|switch|p1a: Indeedee|Indeedee-F, F|100\/100\n|switch|p1b: Sneasler|Sneasler, M|100\/100\n|switch|p2a: Flutter Mane|Flutter Mane|100\/100\n|switch|p2b: Charjabug|Charjabug, M|100\/100\n|-fieldstart|move: Psychic Terrain|[from] ability: Psychic Surge|[of] p1a: Indeedee\n|-enditem|p1b: Sneasler|Psychic Seed\n|-boost|p1b: Sneasler|spd|1|[from] item: Psychic Seed\n|-enditem|p2a: Flutter Mane|Booster Energy\n|-activate|p2a: Flutter Mane|ability: Protosynthesis|[fromitem]\n|-start|p2a: Flutter Mane|protosynthesisspa\n|turn|1\n|\n|t:|1700337932\n|-end|p2a: Flutter Mane|Protosynthesis|[silent]\n|switch|p2a: Heatran|Heatran, F|100\/100\n|-terastallize|p1b: Sneasler|Rock\n|move|p1a: Indeedee|Helping Hand|p1b: Sneasler\n|-singleturn|p1b: Sneasler|Helping Hand|[of] p1a: Indeedee\n|move|p1b: Sneasler|Rock Slide|p2b: Charjabug|[spread] p2a,p2b\n|-supereffective|p2b: Charjabug\n|-damage|p2a: Heatran|65\/100\n|-damage|p2b: Charjabug|34\/100\n|cant|p2b: Charjabug|flinch\n|\n|upkeep\n|turn|2\n|\n|t:|1700337952\n|move|p1a: Indeedee|Helping Hand|p1b: Sneasler\n|-singleturn|p1b: Sneasler|Helping Hand|[of] p1a: Indeedee\n|move|p1b: Sneasler|Rock Slide|p2b: Charjabug|[spread] p2a,p2b\n|-supereffective|p2b: Charjabug\n|-damage|p2a: Heatran|28\/100\n|-damage|p2b: Charjabug|0 fnt\n|faint|p2b: Charjabug\n|move|p2a: Heatran|Flash Cannon|p1b: Sneasler\n|-supereffective|p1b: Sneasler\n|-damage|p1b: Sneasler|21\/100\n|\n|upkeep\n|inactive|Battle timer is ON: inactive players will automatically lose when time's up. (requested by ELTranon)\n|\n|t:|1700337963\n|switch|p2b: Gliscor|Gliscor, M|100\/100\n|turn|3\n|\n|t:|1700337979\n|move|p1a: Indeedee|Helping Hand|p1b: Sneasler\n|-singleturn|p1b: Sneasler|Helping Hand|[of] p1a: Indeedee\n|move|p1b: Sneasler|Rock Slide|p2b: Gliscor|[spread] p2b\n|-miss|p1b: Sneasler|p2a: Heatran\n|-damage|p2b: Gliscor|69\/100\n|cant|p2b: Gliscor|flinch\n|move|p2a: Heatran|Flash Cannon|p1b: Sneasler\n|-supereffective|p1b: Sneasler\n|-damage|p1b: Sneasler|0 fnt\n|faint|p1b: Sneasler\n|\n|-status|p2b: Gliscor|tox|[from] item: Toxic Orb\n|upkeep\n|\n|t:|1700337996\n|switch|p1b: Armarouge|Armarouge, F|100\/100\n|turn|4\n|\n|t:|1700338010\n|switch|p1a: Tornadus|Tornadus, M|100\/100\n|move|p1b: Armarouge|Expanding Force|p2b: Gliscor|[spread] p2a,p2b\n|-resisted|p2a: Heatran\n|-damage|p2a: Heatran|2\/100\n|-damage|p2b: Gliscor|0 fnt\n|-enditem|p2a: Heatran|Aguav Berry|[eat]\n|-heal|p2a: Heatran|35\/100|[from] item: Aguav Berry\n|faint|p2b: Gliscor\n|move|p2a: Heatran|Earth Power|p1b: Armarouge\n|-supereffective|p1b: Armarouge\n|-damage|p1b: Armarouge|14\/100\n|\n|upkeep\n|\n|t:|1700338025\n|switch|p2b: Grimmsnarl|Grimmsnarl, M|100\/100\n|turn|5\n|\n|t:|1700338050\n|move|p1b: Armarouge|Endure|p1b: Armarouge\n|-singleturn|p1b: Armarouge|move: Endure\n|move|p1a: Tornadus|Substitute|p1a: Tornadus\n|-start|p1a: Tornadus|Substitute\n|-damage|p1a: Tornadus|76\/100\n|move|p2b: Grimmsnarl|Light Screen|p2b: Grimmsnarl\n|-sidestart|p2: ELTranon|move: Light Screen\n|move|p2a: Heatran|Flash Cannon|p1b: Armarouge\n|-resisted|p1b: Armarouge\n|-activate|p1b: Armarouge|move: Endure\n|-damage|p1b: Armarouge|1\/100\n|\n|-fieldend|move: Psychic Terrain\n|upkeep\n|turn|6\n|\n|t:|1700338072\n|switch|p1b: Indeedee|Indeedee-F, F|100\/100\n|-fieldstart|move: Psychic Terrain|[from] ability: Psychic Surge|[of] p1b: Indeedee\n|move|p1a: Tornadus|Bleakwind Storm|p2a: Heatran|[spread] p2a\n|-miss|p1a: Tornadus|p2b: Grimmsnarl\n|-resisted|p2a: Heatran\n|-damage|p2a: Heatran|22\/100\n|move|p2a: Heatran|Flash Cannon|p1a: Tornadus\n|-end|p1a: Tornadus|Substitute\n|move|p2b: Grimmsnarl|Spirit Break|p1a: Tornadus\n|-damage|p1a: Tornadus|28\/100\n|-unboost|p1a: Tornadus|spa|1\n|\n|upkeep\n|turn|7\n|inactive|Geniusatstuff has 120 seconds left.\n|\n|t:|1700338114\n|switch|p1a: Armarouge|Armarouge, F|1\/100\n|move|p1b: Indeedee|Follow Me|p1b: Indeedee\n|-singleturn|p1b: Indeedee|move: Follow Me\n|move|p2a: Heatran|Flash Cannon|p1b: Indeedee\n|-crit|p1b: Indeedee\n|-damage|p1b: Indeedee|40\/100\n|move|p2b: Grimmsnarl|Spirit Break|p1b: Indeedee\n|-damage|p1b: Indeedee|1\/100\n|-unboost|p1b: Indeedee|spa|1\n|-damage|p2b: Grimmsnarl|84\/100|[from] item: Rocky Helmet|[of] p1b: Indeedee\n|\n|upkeep\n|turn|8\n|inactive|Geniusatstuff has 120 seconds left.\n|\n|t:|1700338134\n|move|p1a: Armarouge|Armor Cannon|p2b: Grimmsnarl\n|-damage|p2b: Grimmsnarl|47\/100\n|-unboost|p1a: Armarouge|def|1\n|-unboost|p1a: Armarouge|spd|1\n|move|p1b: Indeedee|Psyshock|p2a: Heatran\n|-resisted|p2a: Heatran\n|-damage|p2a: Heatran|15\/100\n|move|p2a: Heatran|Burning Jealousy|p1a: Armarouge|[spread] p1a,p1b\n|-resisted|p1a: Armarouge\n|-damage|p1a: Armarouge|0 fnt\n|-damage|p1b: Indeedee|0 fnt\n|faint|p1a: Armarouge\n|faint|p1b: Indeedee\n|move|p2b: Grimmsnarl|Spirit Break|p1: Armarouge|[notarget]\n|-fail|p2b: Grimmsnarl\n|\n|upkeep\n|inactive|Geniusatstuff has 120 seconds left.\n|\n|t:|1700338158\n|switch|p1a: Tornadus|Tornadus, M|28\/100\n|switch|p1b: Gyarados|Gyarados, F|100\/100\n|-ability|p1b: Gyarados|Intimidate|boost\n|-unboost|p2a: Heatran|atk|1\n|-unboost|p2b: Grimmsnarl|atk|1\n|turn|9\n|\n|t:|1700338172\n|move|p1a: Tornadus|Tailwind|p1a: Tornadus\n|-sidestart|p1: Geniusatstuff|move: Tailwind\n|move|p2b: Grimmsnarl|Reflect|p2b: Grimmsnarl\n|-sidestart|p2: ELTranon|Reflect\n|move|p1b: Gyarados|Earthquake|p2b: Grimmsnarl|[spread] p2a,p2b\n|-immune|p1a: Tornadus\n|-supereffective|p2a: Heatran\n|-damage|p2a: Heatran|0 fnt\n|-damage|p2b: Grimmsnarl|31\/100\n|faint|p2a: Heatran\n|\n|upkeep\n|\n|t:|1700338183\n|switch|p2a: Flutter Mane|Flutter Mane|100\/100\n|turn|10\n|\n|t:|1700338193\n|-terastallize|p2a: Flutter Mane|Fairy\n|move|p1b: Gyarados|Earthquake|p2a: Flutter Mane|[spread] p2a,p2b\n|-immune|p1a: Tornadus\n|-damage|p2a: Flutter Mane|65\/100\n|-damage|p2b: Grimmsnarl|13\/100\n|move|p1a: Tornadus|Bleakwind Storm|p2a: Flutter Mane|[spread] p2a,p2b\n|-damage|p2a: Flutter Mane|34\/100\n|-damage|p2b: Grimmsnarl|0 fnt\n|-unboost|p2a: Flutter Mane|spe|1\n|faint|p2b: Grimmsnarl\n|move|p2a: Flutter Mane|Dazzling Gleam|p1b: Gyarados|[spread] p1a,p1b\n|-damage|p1a: Tornadus|0 fnt\n|-damage|p1b: Gyarados|48\/100\n|faint|p1a: Tornadus\n|\n|-fieldend|move: Psychic Terrain\n|upkeep\n|\n|t:|1700338211\n|switch|p1a: Chien-Pao|Chien-Pao|100\/100\n|switch|p2b: Thundurus|Thundurus-Therian, M|100\/100\n|-ability|p1a: Chien-Pao|Sword of Ruin\n|turn|11\n|\n|t:|1700338222\n|move|p1a: Chien-Pao|Icicle Crash|p2b: Thundurus\n|-supereffective|p2b: Thundurus\n|-damage|p2b: Thundurus|0 fnt\n|faint|p2b: Thundurus\n|-damage|p1a: Chien-Pao|91\/100|[from] item: Life Orb\n|move|p1b: Gyarados|Earthquake|p2a: Flutter Mane|[spread] p1a,p2a\n|-damage|p1a: Chien-Pao|55\/100\n|-damage|p2a: Flutter Mane|0 fnt\n|faint|p2a: Flutter Mane\n|-end|p2a: Flutter Mane|Protosynthesis|[silent]\n|\n|win|Geniusatstuff\n|raw|Geniusatstuff's rating: 1380 &rarr; <strong>1400<\/strong><br \/>(+20 for winning)\n|raw|ELTranon's rating: 1376 &rarr; <strong>1356<\/strong><br \/>(-20 for losing)\n|l|\u2606ELTranon\n","uploadtime":1700338239,"views":12,"p1id":"geniusatstuff","p2id":"eltranon","formatid":"gen9doublesou","rating":1356,"private":0,"password":""}