{"id":"gen9doublesou-1969582291","p1":"Kalo.munro","p2":"Daskhiel02","format":"[Gen 9] Doubles OU","log":"|j|\u2606Kalo.munro\n|j|\u2606Daskhiel02\n|t:|1697549305\n|gametype|doubles\n|player|p1|Kalo.munro|266|1430\n|player|p2|Daskhiel02|102|1472\n|teamsize|p1|6\n|teamsize|p2|6\n|gen|9\n|tier|[Gen 9] Doubles OU\n|rated|\n|rule|Species Clause: Limit one of each Pok\u00e9mon\n|rule|OHKO Clause: OHKO moves are banned\n|rule|Evasion Moves Clause: Evasion moves are banned\n|rule|Gravity Sleep Clause: The combination of sleep-inducing moves with imperfect accuracy and Gravity or Gigantamax Orbeetle are banned\n|rule|Endless Battle Clause: Forcing endless battles is banned\n|rule|HP Percentage Mod: HP is shown in percentages\n|clearpoke\n|poke|p1|Kleavor, F|\n|poke|p1|Tsareena, F|\n|poke|p1|Samurott-Hisui, M|\n|poke|p1|Garganacl, M|\n|poke|p1|Hippowdon, M|\n|poke|p1|Heatran, M|\n|poke|p2|Lycanroc-Midnight, F|\n|poke|p2|Indeedee-F, F|\n|poke|p2|Ribombee, F|\n|poke|p2|Sinistcha|\n|poke|p2|Kommo-o, M|\n|poke|p2|Tauros-Paldea-Aqua, M|\n|teampreview\n|\n|t:|1697549315\n|start\n|switch|p1a: Mr Cutter|Kleavor, F, shiny|100\/100\n|switch|p1b: Water Unicorn|Samurott-Hisui, M, shiny|100\/100\n|switch|p2a: Ribombee|Ribombee, F|100\/100\n|switch|p2b: Tauros|Tauros-Paldea-Aqua, M|100\/100\n|-ability|p2b: Tauros|Intimidate|boost\n|-unboost|p1a: Mr Cutter|atk|1\n|-unboost|p1b: Water Unicorn|atk|1\n|turn|1\n|inactive|Battle timer is ON: inactive players will automatically lose when time's up. (requested by Kalo.munro)\n|\n|t:|1697549325\n|move|p1b: Water Unicorn|Ceaseless Edge|p2a: Ribombee\n|-resisted|p2a: Ribombee\n|-damage|p2a: Ribombee|73\/100\n|-sidestart|p2: Daskhiel02|Spikes\n|move|p1a: Mr Cutter|Stone Axe|p2a: Ribombee\n|-supereffective|p2a: Ribombee\n|-damage|p2a: Ribombee|0 fnt\n|-sidestart|p2: Daskhiel02|move: Stealth Rock\n|faint|p2a: Ribombee\n|move|p2b: Tauros|Raging Bull|p1a: Mr Cutter\n|-supereffective|p1a: Mr Cutter\n|-damage|p1a: Mr Cutter|0 fnt\n|faint|p1a: Mr Cutter\n|-damage|p2b: Tauros|91\/100|[from] item: Life Orb\n|\n|upkeep\n|inactive|Daskhiel02 has 120 seconds left.\n|\n|t:|1697549384\n|switch|p2a: Sinistcha|Sinistcha|100\/100\n|switch|p1a: Steel Queen|Tsareena, F|100\/100\n|-damage|p2a: Sinistcha|88\/100|[from] Spikes\n|-damage|p2a: Sinistcha|76\/100|[from] Stealth Rock\n|-heal|p2b: Tauros|100\/100|[from] ability: Hospitality|[of] p2a: Sinistcha\n|turn|2\n|\n|t:|1697549402\n|switch|p2b: Kommo-o|Kommo-o, M|100\/100\n|-damage|p2b: Kommo-o|88\/100|[from] Spikes\n|-damage|p2b: Kommo-o|82\/100|[from] Stealth Rock\n|move|p1b: Water Unicorn|Ceaseless Edge|p2a: Sinistcha|[miss]\n|-miss|p1b: Water Unicorn|p2a: Sinistcha\n|move|p1a: Steel Queen|Trop Kick|p2b: Kommo-o\n|-resisted|p2b: Kommo-o\n|-damage|p2b: Kommo-o|66\/100\n|-unboost|p2b: Kommo-o|atk|1\n|move|p2a: Sinistcha|Matcha Gotcha|p1a: Steel Queen|[spread] p1a,p1b\n|-resisted|p1a: Steel Queen\n|-supereffective|p1b: Water Unicorn\n|-damage|p1a: Steel Queen|80\/100\n|-heal|p2a: Sinistcha|84\/100|[from] drain|[of] p1a: Steel Queen\n|-damage|p1b: Water Unicorn|11\/100\n|-heal|p2a: Sinistcha|100\/100|[from] drain|[of] p1b: Water Unicorn\n|-status|p1b: Water Unicorn|brn\n|\n|-damage|p1b: Water Unicorn|5\/100 brn|[from] brn\n|upkeep\n|turn|3\n|inactive|Daskhiel02 has 120 seconds left.\n|\n|t:|1697549430\n|switch|p1a: NaCl|Garganacl, M, shiny|100\/100\n|switch|p2a: Tauros|Tauros-Paldea-Aqua, M|100\/100\n|-damage|p2a: Tauros|88\/100|[from] Spikes\n|-damage|p2a: Tauros|82\/100|[from] Stealth Rock\n|-ability|p2a: Tauros|Intimidate|boost\n|-unboost|p1a: NaCl|atk|1\n|-unboost|p1b: Water Unicorn|atk|1\n|move|p1b: Water Unicorn|Ceaseless Edge|p2a: Tauros\n|-resisted|p2a: Tauros\n|-damage|p2a: Tauros|75\/100\n|-sidestart|p2: Daskhiel02|Spikes\n|move|p2b: Kommo-o|Clangorous Soul|p2b: Kommo-o\n|-boost|p2b: Kommo-o|atk|1\n|-boost|p2b: Kommo-o|def|1\n|-boost|p2b: Kommo-o|spa|1\n|-boost|p2b: Kommo-o|spd|1\n|-boost|p2b: Kommo-o|spe|1\n|-damage|p2b: Kommo-o|33\/100\n|-enditem|p2b: Kommo-o|Throat Spray\n|-boost|p2b: Kommo-o|spa|1|[from] item: Throat Spray\n|\n|-damage|p1b: Water Unicorn|0 fnt|[from] brn\n|faint|p1b: Water Unicorn\n|upkeep\n|inactive|Kalo.munro has 120 seconds left.\n|\n|t:|1697549447\n|switch|p1b: In De Nile|Hippowdon, M, shiny|100\/100\n|-weather|Sandstorm|[from] ability: Sand Stream|[of] p1b: In De Nile\n|turn|4\n|\n|t:|1697549460\n|move|p1a: NaCl|Wide Guard|p1a: NaCl\n|-singleturn|p1a: NaCl|Wide Guard\n|move|p2b: Kommo-o|Aura Sphere|p1a: NaCl\n|-supereffective|p1a: NaCl\n|-damage|p1a: NaCl|42\/100\n|-enditem|p1a: NaCl|Sitrus Berry|[eat]\n|-heal|p1a: NaCl|67\/100|[from] item: Sitrus Berry\n|move|p2a: Tauros|Raging Bull|p1b: In De Nile\n|-supereffective|p1b: In De Nile\n|-damage|p1b: In De Nile|26\/100\n|-enditem|p1b: In De Nile|Sitrus Berry|[eat]\n|-heal|p1b: In De Nile|51\/100|[from] item: Sitrus Berry\n|-damage|p2a: Tauros|65\/100|[from] item: Life Orb\n|move|p1b: In De Nile|Sand Tomb|p2b: Kommo-o\n|-damage|p2b: Kommo-o|24\/100\n|-activate|p2b: Kommo-o|move: Sand Tomb|[of] p1b: In De Nile\n|\n|-weather|Sandstorm|[upkeep]\n|-damage|p2b: Kommo-o|18\/100|[from] Sandstorm\n|-damage|p2a: Tauros|59\/100|[from] Sandstorm\n|-damage|p2b: Kommo-o|6\/100|[from] move: Sand Tomb|[partiallytrapped]\n|upkeep\n|turn|5\n|inactive|Kalo.munro has 120 seconds left.\n|inactive|Daskhiel02 has 120 seconds left.\n|inactive|Daskhiel02 has 90 seconds left.\n|\n|t:|1697549544\n|switch|p1b: Steel Queen|Tsareena, F|80\/100\n|move|p1a: NaCl|Protect|p1a: NaCl\n|-singleturn|p1a: NaCl|Protect\n|move|p2b: Kommo-o|Clanging Scales|p1a: NaCl|[spread] p1b\n|-activate|p1a: NaCl|move: Protect\n|-damage|p1b: Steel Queen|0 fnt\n|faint|p1b: Steel Queen\n|-unboost|p2b: Kommo-o|def|1\n|move|p2a: Tauros|Raging Bull|p1a: NaCl\n|-activate|p1a: NaCl|move: Protect\n|\n|-weather|Sandstorm|[upkeep]\n|-damage|p2b: Kommo-o|0 fnt|[from] Sandstorm\n|-damage|p2a: Tauros|53\/100|[from] Sandstorm\n|faint|p2b: Kommo-o\n|upkeep\n|inactive|Daskhiel02 has 90 seconds left.\n|inactive|Kalo.munro has 120 seconds left.\n|\n|t:|1697549566\n|switch|p2b: Lycanroc|Lycanroc-Midnight, F|100\/100\n|switch|p1b: Flame Body|Heatran, M|100\/100\n|-damage|p2b: Lycanroc|84\/100|[from] Spikes\n|-damage|p2b: Lycanroc|72\/100|[from] Stealth Rock\n|turn|6\n|inactive|Kalo.munro has 120 seconds left.\n|\n|t:|1697549586\n|-terastallize|p1b: Flame Body|Grass\n|move|p2a: Tauros|Raging Bull|p1a: NaCl\n|-supereffective|p1a: NaCl\n|-damage|p1a: NaCl|0 fnt\n|faint|p1a: NaCl\n|-damage|p2a: Tauros|43\/100|[from] item: Life Orb\n|move|p2b: Lycanroc|Close Combat|p1b: Flame Body\n|-damage|p1b: Flame Body|55\/100\n|-unboost|p2b: Lycanroc|def|1\n|-unboost|p2b: Lycanroc|spd|1\n|move|p1b: Flame Body|Tera Blast|p2a: Tauros|[anim] Tera Blast Grass\n|-supereffective|p2a: Tauros\n|-damage|p2a: Tauros|0 fnt\n|faint|p2a: Tauros\n|\n|-weather|Sandstorm|[upkeep]\n|-damage|p1b: Flame Body|49\/100|[from] Sandstorm\n|upkeep\n|\n|t:|1697549607\n|switch|p2a: Sinistcha|Sinistcha|100\/100\n|switch|p1a: In De Nile|Hippowdon, M, shiny|51\/100\n|-damage|p2a: Sinistcha|84\/100|[from] Spikes\n|-damage|p2a: Sinistcha|72\/100|[from] Stealth Rock\n|-heal|p2b: Lycanroc|97\/100|[from] ability: Hospitality|[of] p2a: Sinistcha\n|turn|7\n|inactive|Daskhiel02 has 120 seconds left.\n|\n|t:|1697549617\n|move|p2b: Lycanroc|Close Combat|p1b: Flame Body\n|-damage|p1b: Flame Body|2\/100\n|-unboost|p2b: Lycanroc|def|1\n|-unboost|p2b: Lycanroc|spd|1\n|move|p1b: Flame Body|Heat Wave|p2a: Sinistcha|[spread] p2a,p2b\n|-supereffective|p2a: Sinistcha\n|-resisted|p2b: Lycanroc\n|-damage|p2a: Sinistcha|7\/100\n|-damage|p2b: Lycanroc|58\/100\n|move|p2a: Sinistcha|Matcha Gotcha|p1b: Flame Body|[spread] p1a,p1b\n|-supereffective|p1a: In De Nile\n|-resisted|p1b: Flame Body\n|-damage|p1a: In De Nile|0 fnt\n|-heal|p2a: Sinistcha|34\/100|[from] drain|[of] p1a: In De Nile\n|-damage|p1b: Flame Body|0 fnt\n|-heal|p2a: Sinistcha|35\/100|[from] drain|[of] p1b: Flame Body\n|faint|p1a: In De Nile\n|faint|p1b: Flame Body\n|\n|win|Daskhiel02\n|raw|Kalo.munro's rating: 1430 &rarr; <strong>1412<\/strong><br \/>(-18 for losing)\n|raw|Daskhiel02's rating: 1472 &rarr; <strong>1490<\/strong><br \/>(+18 for winning)\n|c|\u2606Daskhiel02|Gg!\n","uploadtime":1697549631,"views":13,"p1id":"kalomunro","p2id":"daskhiel02","formatid":"gen9doublesou","rating":1412,"private":0,"password":""}