{"id":"gen9doublesou-1981605104","p1":"shizuebruh","p2":"EkCantDrawLol","format":"[Gen 9] Doubles OU","log":"|j|\u2606shizuebruh\n|j|\u2606EkCantDrawLol\n|t:|1698925053\n|gametype|doubles\n|player|p1|shizuebruh|bea-masters|1428\n|player|p2|EkCantDrawLol|skierf|1534\n|teamsize|p1|6\n|teamsize|p2|6\n|gen|9\n|tier|[Gen 9] Doubles OU\n|rated|\n|rule|Species Clause: Limit one of each Pok\u00e9mon\n|rule|OHKO Clause: OHKO moves are banned\n|rule|Evasion Moves Clause: Evasion moves are banned\n|rule|Gravity Sleep Clause: The combination of sleep-inducing moves with imperfect accuracy and Gravity or Gigantamax Orbeetle are banned\n|rule|Endless Battle Clause: Forcing endless battles is banned\n|rule|HP Percentage Mod: HP is shown in percentages\n|clearpoke\n|poke|p1|Armarouge, F|\n|poke|p1|Indeedee-F, F|\n|poke|p1|Torkoal, M|\n|poke|p1|Iron Hands|\n|poke|p1|Landorus-Therian, M|\n|poke|p1|Sinistcha-Masterpiece|\n|poke|p2|Ogerpon-Hearthflame, F|\n|poke|p2|Kingambit, F|\n|poke|p2|Tornadus, M|\n|poke|p2|Flutter Mane|\n|poke|p2|Walking Wake|\n|poke|p2|Landorus-Therian, M|\n|teampreview\n|inactive|Battle timer is ON: inactive players will automatically lose when time's up. (requested by shizuebruh)\n|\n|t:|1698925077\n|start\n|switch|p1a: Big poo tail|Landorus-Therian, M|100\/100\n|switch|p1b: Just a guy|Armarouge, F|100\/100\n|switch|p2a: Tornadus|Tornadus, M, shiny|100\/100\n|switch|p2b: Landorus|Landorus-Therian, M, shiny|100\/100\n|-ability|p2b: Landorus|Intimidate|boost\n|-unboost|p1a: Big poo tail|atk|1\n|-unboost|p1b: Just a guy|atk|1\n|-ability|p1a: Big poo tail|Intimidate|boost\n|-unboost|p2a: Tornadus|atk|1\n|-unboost|p2b: Landorus|atk|1\n|turn|1\n|\n|t:|1698925096\n|-terastallize|p2a: Tornadus|Flying\n|move|p1b: Just a guy|Protect|p1b: Just a guy\n|-singleturn|p1b: Just a guy|Protect\n|move|p2b: Landorus|Earthquake|p1b: Just a guy|[spread] \n|-activate|p1b: Just a guy|move: Protect\n|-immune|p2a: Tornadus\n|-immune|p1a: Big poo tail\n|move|p1a: Big poo tail|Rock Slide|p2a: Tornadus|[spread] p2a,p2b\n|-supereffective|p2a: Tornadus\n|-damage|p2a: Tornadus|49\/100\n|-damage|p2b: Landorus|84\/100\n|move|p2a: Tornadus|Bleakwind Storm|p1a: Big poo tail|[spread] p1a\n|-activate|p1b: Just a guy|move: Protect\n|-damage|p1a: Big poo tail|34\/100\n|\n|upkeep\n|turn|2\n|\n|t:|1698925116\n|switch|p1b: Tetley|Sinistcha-Masterpiece|100\/100\n|-heal|p1a: Big poo tail|59\/100|[from] ability: Hospitality|[of] p1b: Tetley\n|move|p2b: Landorus|Earthquake|p1b: Tetley|[spread] p1b\n|-immune|p2a: Tornadus\n|-immune|p1a: Big poo tail\n|-resisted|p1b: Tetley\n|-damage|p1b: Tetley|87\/100\n|move|p1a: Big poo tail|Rock Slide|p2a: Tornadus|[spread] p2b\n|-miss|p1a: Big poo tail|p2a: Tornadus\n|-damage|p2b: Landorus|65\/100\n|move|p2a: Tornadus|Bleakwind Storm|p1b: Tetley|[spread] p1b\n|-miss|p2a: Tornadus|p1a: Big poo tail\n|-supereffective|p1b: Tetley\n|-damage|p1b: Tetley|0 fnt\n|faint|p1b: Tetley\n|\n|upkeep\n|inactive|shizuebruh has 120 seconds left.\n|\n|t:|1698925136\n|switch|p1b: Big Robot|Iron Hands, shiny|100\/100\n|turn|3\n|\n|t:|1698925144\n|switch|p2b: Flutter Mane|Flutter Mane, shiny|100\/100\n|-enditem|p2b: Flutter Mane|Booster Energy\n|-activate|p2b: Flutter Mane|ability: Protosynthesis|[fromitem]\n|-start|p2b: Flutter Mane|protosynthesisspe\n|move|p2a: Tornadus|Protect|p2a: Tornadus\n|-singleturn|p2a: Tornadus|Protect\n|move|p1b: Big Robot|Fake Out|p2b: Flutter Mane\n|-immune|p2b: Flutter Mane\n|move|p1a: Big poo tail|Rock Slide|p2a: Tornadus|[spread] p2b\n|-activate|p2a: Tornadus|move: Protect\n|-damage|p2b: Flutter Mane|68\/100\n|\n|upkeep\n|turn|4\n|\n|t:|1698925169\n|-end|p1b: Big Robot|Quark Drive|[silent]\n|switch|p1b: Just a guy|Armarouge, F|100\/100\n|move|p2b: Flutter Mane|Icy Wind|p1a: Big poo tail|[spread] p1a,p1b\n|-supereffective|p1a: Big poo tail\n|-resisted|p1b: Just a guy\n|-damage|p1a: Big poo tail|0 fnt\n|-damage|p1b: Just a guy|92\/100\n|-unboost|p1b: Just a guy|spe|1\n|faint|p1a: Big poo tail\n|move|p2a: Tornadus|Bleakwind Storm|p1b: Just a guy\n|-damage|p1b: Just a guy|26\/100\n|\n|upkeep\n|\n|t:|1698925177\n|switch|p1a: Thomas|Torkoal, M|100\/100\n|-weather|SunnyDay|[from] ability: Drought|[of] p1a: Thomas\n|turn|5\n|\n|t:|1698925190\n|move|p1b: Just a guy|Protect|p1b: Just a guy\n|-singleturn|p1b: Just a guy|Protect\n|move|p2b: Flutter Mane|Shadow Ball|p1b: Just a guy\n|-activate|p1b: Just a guy|move: Protect\n|move|p2a: Tornadus|Bleakwind Storm|p1a: Thomas|[spread] \n|-activate|p1b: Just a guy|move: Protect\n|-miss|p2a: Tornadus|p1a: Thomas\n|move|p1a: Thomas|Eruption|p2b: Flutter Mane|[spread] p2a,p2b\n|-damage|p2a: Tornadus|0 fnt\n|-damage|p2b: Flutter Mane|0 fnt\n|faint|p2a: Tornadus\n|faint|p2b: Flutter Mane\n|-end|p2b: Flutter Mane|Protosynthesis|[silent]\n|\n|-weather|SunnyDay|[upkeep]\n|upkeep\n|\n|t:|1698925206\n|switch|p2b: Ogerpon|Ogerpon-Hearthflame, F|100\/100\n|switch|p2a: Walking Wake|Walking Wake|100\/100\n|-ability|p2b: Ogerpon|Mold Breaker\n|-activate|p2a: Walking Wake|ability: Protosynthesis\n|-start|p2a: Walking Wake|protosynthesisspa\n|turn|6\n|\n|t:|1698925228\n|switch|p1b: Big Robot|Iron Hands, shiny|100\/100\n|switch|p1a: Curly|Indeedee-F, F|100\/100\n|-fieldstart|move: Psychic Terrain|[from] ability: Psychic Surge|[of] p1a: Curly\n|move|p2b: Ogerpon|Ivy Cudgel|p1b: Big Robot\n|-damage|p1b: Big Robot|44\/100\n|move|p2a: Walking Wake|Hydro Steam|p1a: Curly\n|-damage|p1a: Curly|43\/100\n|\n|-weather|SunnyDay|[upkeep]\n|-heal|p1a: Curly|49\/100|[from] item: Leftovers\n|upkeep\n|turn|7\n|\n|t:|1698925247\n|switch|p1a: Just a guy|Armarouge, F|26\/100\n|move|p2b: Ogerpon|Ivy Cudgel|p1a: Just a guy\n|-resisted|p1a: Just a guy\n|-damage|p1a: Just a guy|0 fnt\n|faint|p1a: Just a guy\n|move|p2a: Walking Wake|Hydro Steam|p1b: Big Robot\n|-crit|p1b: Big Robot\n|-damage|p1b: Big Robot|0 fnt\n|faint|p1b: Big Robot\n|-end|p1b: Big Robot|Quark Drive|[silent]\n|\n|-weather|SunnyDay|[upkeep]\n|upkeep\n|-message|shizuebruh forfeited.\n|\n|win|EkCantDrawLol\n|raw|shizuebruh's rating: 1428 &rarr; <strong>1414<\/strong><br \/>(-14 for losing)\n|raw|EkCantDrawLol's rating: 1534 &rarr; <strong>1548<\/strong><br \/>(+14 for winning)\n|l|\u2606shizuebruh\n","uploadtime":1698925259,"views":19,"p1id":"shizuebruh","p2id":"ekcantdrawlol","formatid":"gen9doublesou","rating":1414,"private":0,"password":""}