{"id":"gen9doublesou-1987721109","p1":"Vampirtulpe","p2":"spcplayzz","format":"[Gen 9] Doubles OU","log":"|j|\u2606Vampirtulpe\n|j|\u2606spcplayzz\n|t:|1699630841\n|gametype|doubles\n|player|p1|Vampirtulpe|grimsley|1454\n|player|p2|spcplayzz|fantina|1499\n|teamsize|p1|6\n|teamsize|p2|6\n|gen|9\n|tier|[Gen 9] Doubles OU\n|rated|\n|rule|Species Clause: Limit one of each Pok\u00e9mon\n|rule|OHKO Clause: OHKO moves are banned\n|rule|Evasion Moves Clause: Evasion moves are banned\n|rule|Gravity Sleep Clause: The combination of sleep-inducing moves with imperfect accuracy and Gravity or Gigantamax Orbeetle are banned\n|rule|Endless Battle Clause: Forcing endless battles is banned\n|rule|HP Percentage Mod: HP is shown in percentages\n|clearpoke\n|poke|p1|Slither Wing|\n|poke|p1|Torkoal, F|\n|poke|p1|Ogerpon-Hearthflame, F|\n|poke|p1|Flutter Mane|\n|poke|p1|Scream Tail|\n|poke|p1|Sinistcha-Masterpiece|\n|poke|p2|Ninetales-Alola, F|\n|poke|p2|Ogerpon-Wellspring, F|\n|poke|p2|Flutter Mane|\n|poke|p2|Landorus-Therian, M|\n|poke|p2|Roaring Moon|\n|poke|p2|Heatran, M|\n|teampreview\n|inactive|Battle timer is ON: inactive players will automatically lose when time's up. (requested by spcplayzz)\n|c|\u2606spcplayzz|glhf\n|c|\u2606Vampirtulpe|u2!\n|\n|t:|1699630869\n|start\n|switch|p1a: Torkoal|Torkoal, F|100\/100\n|switch|p1b: Scream Tail|Scream Tail|100\/100\n|switch|p2a: Landorus|Landorus-Therian, M|100\/100\n|switch|p2b: Heatran|Heatran, M|100\/100\n|-ability|p2a: Landorus|Intimidate|boost\n|-unboost|p1a: Torkoal|atk|1\n|-unboost|p1b: Scream Tail|atk|1\n|-weather|SunnyDay|[from] ability: Drought|[of] p1a: Torkoal\n|-activate|p1b: Scream Tail|ability: Protosynthesis\n|-start|p1b: Scream Tail|protosynthesisspe\n|turn|1\n|\n|t:|1699630888\n|move|p1b: Scream Tail|Protect|p1b: Scream Tail\n|-singleturn|p1b: Scream Tail|Protect\n|move|p2a: Landorus|Stomping Tantrum|p1a: Torkoal\n|-supereffective|p1a: Torkoal\n|-damage|p1a: Torkoal|30\/100\n|move|p2b: Heatran|Heat Wave|p1a: Torkoal|[spread] \n|-activate|p1b: Scream Tail|move: Protect\n|-miss|p2b: Heatran|p1a: Torkoal\n|move|p1a: Torkoal|Will-O-Wisp|p2a: Landorus\n|-status|p2a: Landorus|brn\n|\n|-weather|SunnyDay|[upkeep]\n|-damage|p2a: Landorus|94\/100 brn|[from] brn\n|upkeep\n|turn|2\n|\n|t:|1699630909\n|switch|p1a: Ogerpon|Ogerpon-Hearthflame, F|100\/100\n|-ability|p1a: Ogerpon|Mold Breaker\n|move|p1b: Scream Tail|Hyper Voice|p2a: Landorus|[spread] p2a,p2b\n|-resisted|p2b: Heatran\n|-damage|p2a: Landorus|84\/100 brn\n|-damage|p2b: Heatran|94\/100\n|move|p2a: Landorus|U-turn|p1b: Scream Tail\n|-crit|p1b: Scream Tail\n|-damage|p1b: Scream Tail|82\/100\n|\n|t:|1699630921\n|switch|p2a: Ninetales|Ninetales-Alola, F|100\/100|[from] U-turn\n|-weather|Snow|[from] ability: Snow Warning|[of] p2a: Ninetales\n|-end|p1b: Scream Tail|Protosynthesis\n|move|p2b: Heatran|Heat Wave|p1b: Scream Tail|[spread] p1a,p1b\n|-damage|p1a: Ogerpon|62\/100\n|-damage|p1b: Scream Tail|55\/100\n|\n|-weather|Snow|[upkeep]\n|-heal|p1b: Scream Tail|61\/100|[from] item: Leftovers\n|upkeep\n|turn|3\n|\n|t:|1699630949\n|switch|p2a: Landorus|Landorus-Therian, M|84\/100 brn\n|-ability|p2a: Landorus|Intimidate|boost\n|-unboost|p1a: Ogerpon|atk|1\n|-unboost|p1b: Scream Tail|atk|1\n|move|p1a: Ogerpon|Ivy Cudgel|p2a: Landorus\n|-damage|p2a: Landorus|52\/100 brn\n|move|p1b: Scream Tail|Hyper Voice|p2b: Heatran|[spread] p2a,p2b\n|-resisted|p2b: Heatran\n|-damage|p2a: Landorus|42\/100 brn\n|-damage|p2b: Heatran|88\/100\n|move|p2b: Heatran|Heat Wave|p1b: Scream Tail|[spread] p1a,p1b\n|-crit|p1b: Scream Tail\n|-damage|p1a: Ogerpon|27\/100\n|-damage|p1b: Scream Tail|17\/100\n|\n|-weather|Snow|[upkeep]\n|-heal|p1b: Scream Tail|23\/100|[from] item: Leftovers\n|-damage|p2a: Landorus|36\/100 brn|[from] brn\n|upkeep\n|turn|4\n|inactive|Vampirtulpe has 120 seconds left.\n|\n|t:|1699630981\n|move|p1a: Ogerpon|Spiky Shield|p1a: Ogerpon\n|-singleturn|p1a: Ogerpon|move: Protect\n|move|p1b: Scream Tail|Dazzling Gleam|p2a: Landorus|[spread] p2a,p2b\n|-resisted|p2b: Heatran\n|-damage|p2a: Landorus|21\/100 brn\n|-damage|p2b: Heatran|83\/100\n|move|p2a: Landorus|U-turn|p1a: Ogerpon\n|-activate|p1a: Ogerpon|move: Protect\n|-damage|p2a: Landorus|8\/100 brn|[from] Spiky Shield|[of] p1a: Ogerpon\n|move|p2b: Heatran|Heat Wave|p1b: Scream Tail|[spread] p1b\n|-activate|p1a: Ogerpon|move: Protect\n|-crit|p1b: Scream Tail\n|-damage|p1b: Scream Tail|0 fnt\n|faint|p1b: Scream Tail\n|-end|p1b: Scream Tail|Protosynthesis|[silent]\n|\n|-weather|Snow|[upkeep]\n|-damage|p2a: Landorus|2\/100 brn|[from] brn\n|upkeep\n|inactive|Vampirtulpe has 120 seconds left.\n|\n|t:|1699630999\n|switch|p1b: Slither Wing|Slither Wing|100\/100\n|turn|5\n|\n|t:|1699631009\n|switch|p2b: Ninetales|Ninetales-Alola, F|100\/100\n|move|p1a: Ogerpon|Horn Leech|p2a: Landorus\n|-damage|p2a: Landorus|0 fnt\n|-heal|p1a: Ogerpon|27\/100|[from] drain|[of] p2a: Landorus\n|faint|p2a: Landorus\n|move|p1b: Slither Wing|Close Combat|p2b: Ninetales\n|-damage|p2b: Ninetales|50\/100\n|-unboost|p1b: Slither Wing|def|1\n|-unboost|p1b: Slither Wing|spd|1\n|\n|-weather|Snow|[upkeep]\n|upkeep\n|\n|t:|1699631021\n|switch|p2a: Flutter Mane|Flutter Mane|100\/100\n|turn|6\n|\n|t:|1699631028\n|-end|p1b: Slither Wing|Protosynthesis|[silent]\n|switch|p1b: Torkoal|Torkoal, F|30\/100\n|-weather|SunnyDay|[from] ability: Drought|[of] p1b: Torkoal\n|-activate|p2a: Flutter Mane|ability: Protosynthesis\n|-start|p2a: Flutter Mane|protosynthesisspa\n|move|p1a: Ogerpon|Spiky Shield|p1a: Ogerpon\n|-singleturn|p1a: Ogerpon|move: Protect\n|move|p2a: Flutter Mane|Dazzling Gleam|p1b: Torkoal|[spread] p1b\n|-activate|p1a: Ogerpon|move: Protect\n|-resisted|p1b: Torkoal\n|-damage|p1b: Torkoal|0 fnt\n|faint|p1b: Torkoal\n|move|p2b: Ninetales|Aurora Veil||[still]\n|-fail|p2b: Ninetales\n|\n|-weather|SunnyDay|[upkeep]\n|upkeep\n|\n|t:|1699631043\n|switch|p1b: Sinistcha|Sinistcha-Masterpiece|100\/100\n|-heal|p1a: Ogerpon|52\/100|[from] ability: Hospitality|[of] p1b: Sinistcha\n|turn|7\n|\n|t:|1699631059\n|move|p2a: Flutter Mane|Dazzling Gleam|p1b: Sinistcha|[spread] p1a,p1b\n|-resisted|p1a: Ogerpon\n|-damage|p1a: Ogerpon|22\/100\n|-damage|p1b: Sinistcha|25\/100\n|move|p1a: Ogerpon|Horn Leech|p2a: Flutter Mane\n|-damage|p2a: Flutter Mane|49\/100\n|-heal|p1a: Ogerpon|42\/100|[from] drain|[of] p2a: Flutter Mane\n|move|p2b: Ninetales|Encore|p1a: Ogerpon\n|-start|p1a: Ogerpon|Encore\n|move|p1b: Sinistcha|Life Dew|p1b: Sinistcha|[spread] p1a,p1b\n|-heal|p1a: Ogerpon|67\/100\n|-heal|p1b: Sinistcha|50\/100\n|\n|-weather|SunnyDay|[upkeep]\n|-heal|p1b: Sinistcha|56\/100|[from] item: Leftovers\n|upkeep\n|turn|8\n|\n|t:|1699631077\n|-end|p2a: Flutter Mane|Protosynthesis|[silent]\n|switch|p2a: Heatran|Heatran, M|83\/100\n|move|p1b: Sinistcha|Protect|p1b: Sinistcha\n|-singleturn|p1b: Sinistcha|Protect\n|move|p1a: Ogerpon|Horn Leech|p2a: Heatran\n|-resisted|p2a: Heatran\n|-damage|p2a: Heatran|78\/100\n|-heal|p1a: Ogerpon|70\/100|[from] drain|[of] p2a: Heatran\n|move|p2b: Ninetales|Blizzard|p1b: Sinistcha|[spread] p1a\n|-activate|p1b: Sinistcha|move: Protect\n|-damage|p1a: Ogerpon|47\/100\n|\n|-weather|SunnyDay|[upkeep]\n|-heal|p1b: Sinistcha|62\/100|[from] item: Leftovers\n|upkeep\n|turn|9\n|\n|t:|1699631096\n|move|p1a: Ogerpon|Horn Leech|p2b: Ninetales\n|-damage|p2b: Ninetales|24\/100\n|-heal|p1a: Ogerpon|60\/100|[from] drain|[of] p2b: Ninetales\n|move|p2b: Ninetales|Blizzard|p1a: Ogerpon|[spread] p1a\n|-miss|p2b: Ninetales|p1b: Sinistcha\n|-damage|p1a: Ogerpon|36\/100\n|move|p2a: Heatran|Heat Wave|p1b: Sinistcha|[spread] p1b\n|-miss|p2a: Heatran|p1a: Ogerpon\n|-supereffective|p1b: Sinistcha\n|-damage|p1b: Sinistcha|0 fnt\n|faint|p1b: Sinistcha\n|\n|-weather|SunnyDay|[upkeep]\n|upkeep\n|\n|t:|1699631110\n|switch|p1b: Flutter Mane|Flutter Mane|100\/100\n|-activate|p1b: Flutter Mane|ability: Protosynthesis\n|-start|p1b: Flutter Mane|protosynthesisspe\n|turn|10\n|\n|t:|1699631119\n|move|p1b: Flutter Mane|Shadow Ball|p2a: Heatran\n|-damage|p2a: Heatran|30\/100\n|-damage|p1b: Flutter Mane|91\/100|[from] item: Life Orb\n|move|p1a: Ogerpon|Horn Leech|p2b: Ninetales\n|-damage|p2b: Ninetales|0 fnt\n|-heal|p1a: Ogerpon|47\/100|[from] drain|[of] p2b: Ninetales\n|faint|p2b: Ninetales\n|move|p2a: Heatran|Heat Wave|p1a: Ogerpon|[spread] p1a,p1b\n|-damage|p1a: Ogerpon|0 fnt\n|-damage|p1b: Flutter Mane|30\/100\n|faint|p1a: Ogerpon\n|\n|-weather|SunnyDay|[upkeep]\n|upkeep\n|\n|t:|1699631134\n|switch|p1a: Slither Wing|Slither Wing|100\/100\n|switch|p2b: Ogerpon|Ogerpon-Wellspring, F|100\/100\n|-activate|p1a: Slither Wing|ability: Protosynthesis\n|-start|p1a: Slither Wing|protosynthesisatk\n|turn|11\n|\n|t:|1699631149\n|move|p1a: Slither Wing|First Impression|p2b: Ogerpon\n|-supereffective|p2b: Ogerpon\n|-damage|p2b: Ogerpon|0 fnt\n|faint|p2b: Ogerpon\n|move|p1b: Flutter Mane|Shadow Ball|p2a: Heatran\n|-damage|p2a: Heatran|0 fnt\n|faint|p2a: Heatran\n|-damage|p1b: Flutter Mane|20\/100|[from] item: Life Orb\n|\n|-weather|SunnyDay|[upkeep]\n|upkeep\n|\n|t:|1699631158\n|switch|p2b: Flutter Mane|Flutter Mane|49\/100\n|switch|p2a: Roaring Moon|Roaring Moon|100\/100\n|-activate|p2a: Roaring Moon|ability: Protosynthesis\n|-start|p2a: Roaring Moon|protosynthesisspe\n|-activate|p2b: Flutter Mane|ability: Protosynthesis\n|-start|p2b: Flutter Mane|protosynthesisspa\n|turn|12\n|\n|t:|1699631184\n|-terastallize|p2a: Roaring Moon|Flying\n|move|p1b: Flutter Mane|Protect|p1b: Flutter Mane\n|-singleturn|p1b: Flutter Mane|Protect\n|move|p2a: Roaring Moon|Acrobatics|p1b: Flutter Mane\n|-activate|p1b: Flutter Mane|move: Protect\n|move|p2b: Flutter Mane|Dazzling Gleam|p1a: Slither Wing|[spread] p1a\n|-activate|p1b: Flutter Mane|move: Protect\n|-supereffective|p1a: Slither Wing\n|-damage|p1a: Slither Wing|4\/100\n|move|p1a: Slither Wing|Leech Life|p2a: Roaring Moon\n|-resisted|p2a: Roaring Moon\n|-damage|p2a: Roaring Moon|63\/100\n|-heal|p1a: Slither Wing|26\/100|[from] drain|[of] p2a: Roaring Moon\n|\n|-weather|SunnyDay|[upkeep]\n|upkeep\n|turn|13\n|\n|t:|1699631212\n|-terastallize|p1b: Flutter Mane|Steel\n|move|p1b: Flutter Mane|Shadow Ball|p2b: Flutter Mane\n|-supereffective|p2b: Flutter Mane\n|-damage|p2b: Flutter Mane|0 fnt\n|faint|p2b: Flutter Mane\n|-end|p2b: Flutter Mane|Protosynthesis|[silent]\n|-damage|p1b: Flutter Mane|10\/100|[from] item: Life Orb\n|move|p2a: Roaring Moon|Acrobatics|p1b: Flutter Mane\n|-resisted|p1b: Flutter Mane\n|-damage|p1b: Flutter Mane|0 fnt\n|faint|p1b: Flutter Mane\n|-end|p1b: Flutter Mane|Protosynthesis|[silent]\n|move|p1a: Slither Wing|Leech Life|p2a: Roaring Moon\n|-resisted|p2a: Roaring Moon\n|-damage|p2a: Roaring Moon|30\/100\n|-heal|p1a: Slither Wing|45\/100|[from] drain|[of] p2a: Roaring Moon\n|\n|-weather|none\n|-end|p2a: Roaring Moon|Protosynthesis\n|-end|p1a: Slither Wing|Protosynthesis\n|upkeep\n|-enditem|p2a: Roaring Moon|Booster Energy\n|-activate|p2a: Roaring Moon|ability: Protosynthesis|[fromitem]\n|-start|p2a: Roaring Moon|protosynthesisspe\n|turn|14\n|\n|t:|1699631232\n|move|p2a: Roaring Moon|Acrobatics|p1a: Slither Wing\n|-supereffective|p1a: Slither Wing\n|-crit|p1a: Slither Wing\n|-damage|p1a: Slither Wing|0 fnt\n|faint|p1a: Slither Wing\n|-end|p1a: Slither Wing|Protosynthesis|[silent]\n|\n|win|spcplayzz\n|raw|Vampirtulpe's rating: 1454 &rarr; <strong>1437<\/strong><br \/>(-17 for losing)\n|raw|spcplayzz's rating: 1499 &rarr; <strong>1516<\/strong><br \/>(+17 for winning)\n|j| RUMYMOME\n|l|\u2606Vampirtulpe\n|c|\u2606spcplayzz|gg\n|l|\u2606spcplayzz\n","uploadtime":1699631245,"views":8,"p1id":"vampirtulpe","p2id":"spcplayzz","formatid":"gen9doublesou","rating":1437,"private":0,"password":""}