{"id":"gen9doublesou-1979311172","p1":"Da1mon!","p2":"Pain02","format":"[Gen 9] Doubles OU","log":"|j|\u2606Da1mon!\n|j|\u2606Pain02\n|t:|1698669798\n|gametype|doubles\n|player|p1|Da1mon!|wallace|1242\n|player|p2|Pain02|acetrainer-gen4dp|1198\n|teamsize|p1|6\n|teamsize|p2|6\n|gen|9\n|tier|[Gen 9] Doubles OU\n|rated|\n|rule|Species Clause: Limit one of each Pok\u00e9mon\n|rule|OHKO Clause: OHKO moves are banned\n|rule|Evasion Moves Clause: Evasion moves are banned\n|rule|Gravity Sleep Clause: The combination of sleep-inducing moves with imperfect accuracy and Gravity or Gigantamax Orbeetle are banned\n|rule|Endless Battle Clause: Forcing endless battles is banned\n|rule|HP Percentage Mod: HP is shown in percentages\n|clearpoke\n|poke|p1|Ursaluna-Bloodmoon, M|\n|poke|p1|Sinistcha-Masterpiece|\n|poke|p1|Goodra-Hisui, M|\n|poke|p1|Arcanine, M|\n|poke|p1|Iron Hands|\n|poke|p1|Chien-Pao|\n|poke|p2|Typhlosion-Hisui, F|\n|poke|p2|Torkoal, M|\n|poke|p2|Ogerpon-Wellspring, F|\n|poke|p2|Iron Hands|\n|poke|p2|Walking Wake|\n|poke|p2|Ninetales, F|\n|teampreview\n|\n|t:|1698669818\n|start\n|switch|p1a: Ursaluna|Ursaluna-Bloodmoon, M|100\/100\n|switch|p1b: Iron Hands|Iron Hands|100\/100\n|switch|p2a: Torkoal|Torkoal, M|100\/100\n|switch|p2b: Walking Wake|Walking Wake|100\/100\n|-weather|SunnyDay|[from] ability: Drought|[of] p2a: Torkoal\n|-activate|p2b: Walking Wake|ability: Protosynthesis\n|-start|p2b: Walking Wake|protosynthesisspe\n|turn|1\n|\n|t:|1698669836\n|move|p1b: Iron Hands|Fake Out|p2b: Walking Wake\n|-damage|p2b: Walking Wake|82\/100\n|cant|p2b: Walking Wake|flinch\n|move|p1a: Ursaluna|Blood Moon|p2b: Walking Wake\n|-damage|p2b: Walking Wake|0 fnt\n|faint|p2b: Walking Wake\n|-end|p2b: Walking Wake|Protosynthesis|[silent]\n|-damage|p1a: Ursaluna|91\/100|[from] item: Life Orb\n|move|p2a: Torkoal|Yawn|p1b: Iron Hands\n|-start|p1b: Iron Hands|move: Yawn|[of] p2a: Torkoal\n|\n|-weather|SunnyDay|[upkeep]\n|upkeep\n|\n|t:|1698669852\n|switch|p2b: Ogerpon|Ogerpon-Wellspring, F|100\/100\n|turn|2\n|\n|t:|1698669864\n|-end|p1b: Iron Hands|Quark Drive|[silent]\n|switch|p1b: Arcanine|Arcanine, M|100\/100\n|-ability|p1b: Arcanine|Intimidate|boost\n|-unboost|p2a: Torkoal|atk|1\n|-unboost|p2b: Ogerpon|atk|1\n|move|p2a: Torkoal|Helping Hand|p2b: Ogerpon\n|-singleturn|p2b: Ogerpon|Helping Hand|[of] p2a: Torkoal\n|move|p1a: Ursaluna|Protect|p1a: Ursaluna\n|-singleturn|p1a: Ursaluna|Protect\n|move|p2b: Ogerpon|Horn Leech|p1a: Ursaluna\n|-activate|p1a: Ursaluna|move: Protect\n|\n|-weather|SunnyDay|[upkeep]\n|upkeep\n|turn|3\n|\n|t:|1698669910\n|switch|p2a: Ninetales|Ninetales, F|100\/100\n|move|p2b: Ogerpon|Spiky Shield|p2b: Ogerpon\n|-singleturn|p2b: Ogerpon|move: Protect\n|move|p1b: Arcanine|Will-O-Wisp|p2b: Ogerpon\n|-activate|p2b: Ogerpon|move: Protect\n|move|p1a: Ursaluna|Earth Power|p2a: Ninetales\n|-supereffective|p2a: Ninetales\n|-damage|p2a: Ninetales|0 fnt\n|faint|p2a: Ninetales\n|-damage|p1a: Ursaluna|81\/100|[from] item: Life Orb\n|\n|-weather|SunnyDay|[upkeep]\n|upkeep\n|\n|t:|1698669924\n|switch|p2a: Iron Hands|Iron Hands|100\/100\n|turn|4\n|j| KIRBY of DARKNESS\n|\n|t:|1698669942\n|switch|p1b: Iron Hands|Iron Hands|100\/100\n|switch|p2b: Typhlosion|Typhlosion-Hisui, F|100\/100\n|move|p1a: Ursaluna|Protect|p1a: Ursaluna\n|-singleturn|p1a: Ursaluna|Protect\n|move|p2a: Iron Hands|Fake Out|p1a: Ursaluna\n|-activate|p1a: Ursaluna|move: Protect\n|\n|-weather|SunnyDay|[upkeep]\n|upkeep\n|turn|5\n|\n|t:|1698669975\n|move|p1b: Iron Hands|Fake Out|p2a: Iron Hands\n|-damage|p2a: Iron Hands|89\/100\n|move|p1a: Ursaluna|Vacuum Wave|p2a: Iron Hands\n|-damage|p2a: Iron Hands|78\/100\n|-damage|p1a: Ursaluna|71\/100|[from] item: Life Orb\n|move|p2b: Typhlosion|Eruption|p1a: Ursaluna|[spread] p1a,p1b\n|-damage|p1a: Ursaluna|0 fnt\n|-damage|p1b: Iron Hands|55\/100\n|faint|p1a: Ursaluna\n|cant|p2a: Iron Hands|flinch\n|\n|-weather|none\n|upkeep\n|\n|t:|1698669993\n|switch|p1a: Chien-Pao|Chien-Pao|100\/100\n|-ability|p1a: Chien-Pao|Sword of Ruin\n|turn|6\n|\n|t:|1698670004\n|-end|p2a: Iron Hands|Quark Drive|[silent]\n|switch|p2a: Torkoal|Torkoal, M|100\/100\n|-weather|SunnyDay|[from] ability: Drought|[of] p2a: Torkoal\n|-terastallize|p2b: Typhlosion|Fire\n|move|p1a: Chien-Pao|Sucker Punch|p2b: Typhlosion\n|-damage|p2b: Typhlosion|31\/100\n|move|p2b: Typhlosion|Eruption|p1a: Chien-Pao|[spread] p1a,p1b\n|-supereffective|p1a: Chien-Pao\n|-enditem|p1a: Chien-Pao|Focus Sash\n|-damage|p1a: Chien-Pao|1\/100\n|-damage|p1b: Iron Hands|29\/100\n|move|p1b: Iron Hands|Close Combat|p2a: Torkoal\n|-damage|p2a: Torkoal|39\/100\n|-unboost|p1b: Iron Hands|def|1\n|-unboost|p1b: Iron Hands|spd|1\n|-enditem|p2a: Torkoal|Sitrus Berry|[eat]\n|-heal|p2a: Torkoal|64\/100|[from] item: Sitrus Berry\n|\n|-weather|SunnyDay|[upkeep]\n|upkeep\n|turn|7\n|\n|t:|1698670046\n|switch|p2b: Ogerpon|Ogerpon-Wellspring, F|100\/100\n|-end|p1b: Iron Hands|Quark Drive|[silent]\n|switch|p1b: Arcanine|Arcanine, M|100\/100\n|-ability|p1b: Arcanine|Intimidate|boost\n|-unboost|p2a: Torkoal|atk|1\n|-unboost|p2b: Ogerpon|atk|1\n|move|p1a: Chien-Pao|Protect|p1a: Chien-Pao\n|-singleturn|p1a: Chien-Pao|Protect\n|move|p2a: Torkoal|Overheat|p1a: Chien-Pao\n|-activate|p1a: Chien-Pao|move: Protect\n|\n|-weather|SunnyDay|[upkeep]\n|upkeep\n|turn|8\n|\n|t:|1698670069\n|move|p2b: Ogerpon|Spiky Shield|p2b: Ogerpon\n|-singleturn|p2b: Ogerpon|move: Protect\n|move|p1a: Chien-Pao|Sacred Sword|p2a: Torkoal\n|-damage|p2a: Torkoal|41\/100\n|move|p1b: Arcanine|Will-O-Wisp|p2b: Ogerpon\n|-activate|p2b: Ogerpon|move: Protect\n|move|p2a: Torkoal|Yawn|p1b: Arcanine\n|-start|p1b: Arcanine|move: Yawn|[of] p2a: Torkoal\n|\n|-weather|SunnyDay|[upkeep]\n|upkeep\n|turn|9\n|\n|t:|1698670098\n|switch|p1b: Goodra|Goodra-Hisui, M|100\/100\n|switch|p2b: Typhlosion|Typhlosion-Hisui, F, tera:Fire|31\/100\n|move|p1a: Chien-Pao|Ice Spinner|p2b: Typhlosion\n|-resisted|p2b: Typhlosion\n|-damage|p2b: Typhlosion|0 fnt\n|faint|p2b: Typhlosion\n|move|p2a: Torkoal|Overheat|p1a: Chien-Pao\n|-supereffective|p1a: Chien-Pao\n|-damage|p1a: Chien-Pao|0 fnt\n|-unboost|p2a: Torkoal|spa|2\n|faint|p1a: Chien-Pao\n|\n|-weather|SunnyDay|[upkeep]\n|upkeep\n|\n|t:|1698670114\n|switch|p1a: Iron Hands|Iron Hands|29\/100\n|switch|p2b: Iron Hands|Iron Hands|78\/100\n|turn|10\n|\n|t:|1698670125\n|move|p1a: Iron Hands|Fake Out|p2b: Iron Hands\n|-crit|p2b: Iron Hands\n|-damage|p2b: Iron Hands|59\/100\n|cant|p2b: Iron Hands|flinch\n|move|p1b: Goodra|Curse|p1b: Goodra\n|-unboost|p1b: Goodra|spe|1\n|-boost|p1b: Goodra|atk|1\n|-boost|p1b: Goodra|def|1\n|move|p2a: Torkoal|Overheat|p1a: Iron Hands\n|-damage|p1a: Iron Hands|13\/100\n|-unboost|p2a: Torkoal|spa|2\n|\n|-weather|none\n|upkeep\n|turn|11\n|\n|t:|1698670146\n|move|p1b: Goodra|Protect|p1b: Goodra\n|-singleturn|p1b: Goodra|Protect\n|move|p2a: Torkoal|Protect|p2a: Torkoal\n|-singleturn|p2a: Torkoal|Protect\n|move|p2b: Iron Hands|Wild Charge|p1a: Iron Hands\n|-resisted|p1a: Iron Hands\n|-damage|p1a: Iron Hands|0 fnt\n|faint|p1a: Iron Hands\n|-end|p1a: Iron Hands|Quark Drive|[silent]\n|-damage|p2b: Iron Hands|56\/100|[from] Recoil\n|\n|upkeep\n|\n|t:|1698670156\n|switch|p1a: Arcanine|Arcanine, M|100\/100\n|-ability|p1a: Arcanine|Intimidate|boost\n|-unboost|p2a: Torkoal|atk|1\n|-unboost|p2b: Iron Hands|atk|1\n|turn|12\n|\n|t:|1698670168\n|move|p2a: Torkoal|Helping Hand|p2b: Iron Hands\n|-singleturn|p2b: Iron Hands|Helping Hand|[of] p2a: Torkoal\n|move|p1a: Arcanine|Will-O-Wisp|p2b: Iron Hands\n|-status|p2b: Iron Hands|brn\n|move|p2b: Iron Hands|Close Combat|p1a: Arcanine\n|-damage|p1a: Arcanine|59\/100\n|-unboost|p2b: Iron Hands|def|1\n|-unboost|p2b: Iron Hands|spd|1\n|move|p1b: Goodra|Body Press|p2a: Torkoal\n|-damage|p2a: Torkoal|18\/100\n|\n|-damage|p2b: Iron Hands|50\/100 brn|[from] brn\n|upkeep\n|turn|13\n|\n|t:|1698670197\n|-terastallize|p1b: Goodra|Fairy\n|move|p1a: Arcanine|Flare Blitz|p2b: Iron Hands\n|-damage|p2b: Iron Hands|0 fnt\n|faint|p2b: Iron Hands\n|-end|p2b: Iron Hands|Quark Drive|[silent]\n|-damage|p1a: Arcanine|40\/100|[from] Recoil\n|-enditem|p1a: Arcanine|Sitrus Berry|[eat]\n|-heal|p1a: Arcanine|65\/100|[from] item: Sitrus Berry\n|move|p1b: Goodra|Body Press|p2a: Torkoal\n|-damage|p2a: Torkoal|0 fnt\n|faint|p2a: Torkoal\n|\n|upkeep\n|\n|t:|1698670209\n|switch|p2b: Ogerpon|Ogerpon-Wellspring, F|100\/100\n|turn|14\n|\n|t:|1698670222\n|move|p1a: Arcanine|Protect|p1a: Arcanine\n|-singleturn|p1a: Arcanine|Protect\n|move|p2b: Ogerpon|Ivy Cudgel|p1a: Arcanine\n|-activate|p1a: Arcanine|move: Protect\n|move|p1b: Goodra|Body Press|p2b: Ogerpon\n|-damage|p2b: Ogerpon|60\/100\n|\n|upkeep\n|turn|15\n|\n|t:|1698670237\n|switch|p1a: Sinistcha|Sinistcha-Masterpiece|100\/100\n|move|p2b: Ogerpon|Ivy Cudgel|p1a: Sinistcha\n|-resisted|p1a: Sinistcha\n|-damage|p1a: Sinistcha|72\/100\n|move|p1b: Goodra|Curse|p1b: Goodra\n|-unboost|p1b: Goodra|spe|1\n|-boost|p1b: Goodra|atk|1\n|-boost|p1b: Goodra|def|1\n|\n|-heal|p1a: Sinistcha|78\/100|[from] item: Leftovers\n|upkeep\n|turn|16\n|-message|Pain02 forfeited.\n|\n|win|Da1mon!\n|raw|Da1mon!'s rating: 1242 &rarr; <strong>1264<\/strong><br \/>(+22 for winning)\n|raw|Pain02's rating: 1198 &rarr; <strong>1176<\/strong><br \/>(-22 for losing)\n|l|\u2606Pain02\n","uploadtime":1698670253,"views":22,"p1id":"da1mon","p2id":"pain02","formatid":"gen9doublesou","rating":1176,"private":0,"password":""}