{"id":"gen9doublesou-1990489003","p1":"TheRealYardSard","p2":"agerdam","format":"[Gen 9] Doubles OU","log":"|j|\u2606TheRealYardSard\n|j|\u2606agerdam\n|t:|1699975579\n|gametype|doubles\n|player|p1|TheRealYardSard|lucian|1536\n|player|p2|agerdam|lucas|1722\n|teamsize|p1|6\n|teamsize|p2|6\n|gen|9\n|tier|[Gen 9] Doubles OU\n|rated|\n|rule|Species Clause: Limit one of each Pok\u00e9mon\n|rule|OHKO Clause: OHKO moves are banned\n|rule|Evasion Moves Clause: Evasion moves are banned\n|rule|Gravity Sleep Clause: The combination of sleep-inducing moves with imperfect accuracy and Gravity or Gigantamax Orbeetle are banned\n|rule|Endless Battle Clause: Forcing endless battles is banned\n|rule|HP Percentage Mod: HP is shown in percentages\n|clearpoke\n|poke|p1|Rillaboom, M|\n|poke|p1|Ursaluna, F|\n|poke|p1|Cresselia, F|\n|poke|p1|Volcanion|\n|poke|p1|Flutter Mane|\n|poke|p1|Kleavor, F|\n|poke|p2|Cresselia, F|\n|poke|p2|Landorus-Therian, M|\n|poke|p2|Garganacl, M|\n|poke|p2|Iron Hands|\n|poke|p2|Grimmsnarl, M|\n|poke|p2|Volcarona, M|\n|teampreview\n|inactive|Battle timer is ON: inactive players will automatically lose when time's up. (requested by TheRealYardSard)\n|inactive|TheRealYardSard has 120 seconds left.\n|\n|t:|1699975611\n|start\n|switch|p1a: Rillaboom|Rillaboom, M|100\/100\n|switch|p1b: Kleavor|Kleavor, F|100\/100\n|switch|p2a: Landorus|Landorus-Therian, M|100\/100\n|switch|p2b: Iron Hands|Iron Hands|100\/100\n|-ability|p2a: Landorus|Intimidate|boost\n|-unboost|p1a: Rillaboom|atk|1\n|-unboost|p1b: Kleavor|atk|1\n|-fieldstart|move: Grassy Terrain|[from] ability: Grassy Surge|[of] p1a: Rillaboom\n|-enditem|p2b: Iron Hands|Booster Energy\n|-activate|p2b: Iron Hands|ability: Quark Drive|[fromitem]\n|-start|p2b: Iron Hands|quarkdriveatk\n|turn|1\n|\n|t:|1699975625\n|move|p2b: Iron Hands|Fake Out|p1a: Rillaboom\n|-damage|p1a: Rillaboom|83\/100\n|move|p2a: Landorus|Rock Slide|p1b: Kleavor|[spread] p1a,p1b\n|-supereffective|p1b: Kleavor\n|-damage|p1a: Rillaboom|63\/100\n|-damage|p1b: Kleavor|42\/100\n|move|p1b: Kleavor|Stone Axe|p2a: Landorus\n|-damage|p2a: Landorus|62\/100\n|-sidestart|p2: agerdam|move: Stealth Rock\n|cant|p1a: Rillaboom|flinch\n|\n|-heal|p1b: Kleavor|48\/100|[from] Grassy Terrain\n|-heal|p1a: Rillaboom|69\/100|[from] Grassy Terrain\n|upkeep\n|turn|2\n|\n|t:|1699975641\n|switch|p1b: Ursaluna|Ursaluna, F|100\/100\n|switch|p1a: Cresselia|Cresselia, F|100\/100\n|move|p2a: Landorus|Rock Slide|p1a: Cresselia|[spread] p1a,p1b\n|-resisted|p1b: Ursaluna\n|-damage|p1a: Cresselia|86\/100\n|-damage|p1b: Ursaluna|90\/100\n|move|p2b: Iron Hands|Swords Dance|p2b: Iron Hands\n|-boost|p2b: Iron Hands|atk|2\n|\n|-heal|p1b: Ursaluna|97\/100|[from] Grassy Terrain\n|-status|p1b: Ursaluna|brn|[from] item: Flame Orb\n|upkeep\n|turn|3\n|\n|t:|1699975670\n|switch|p2a: Grimmsnarl|Grimmsnarl, M|100\/100\n|-damage|p2a: Grimmsnarl|88\/100|[from] Stealth Rock\n|move|p1a: Cresselia|Ally Switch|p1a: Cresselia\n|swap|p1a: Cresselia|1|[from] move: Ally Switch\n|move|p2b: Iron Hands|Drain Punch|p1b: Cresselia\n|-resisted|p1b: Cresselia\n|-crit|p1b: Cresselia\n|-damage|p1b: Cresselia|40\/100\n|move|p1a: Ursaluna|Headlong Rush|p2b: Iron Hands\n|-supereffective|p2b: Iron Hands\n|-damage|p2b: Iron Hands|0 fnt\n|-unboost|p1a: Ursaluna|def|1\n|-unboost|p1a: Ursaluna|spd|1\n|faint|p2b: Iron Hands\n|-end|p2b: Iron Hands|Quark Drive|[silent]\n|\n|-heal|p2a: Grimmsnarl|94\/100|[from] Grassy Terrain\n|-heal|p1a: Ursaluna|100\/100 brn|[from] Grassy Terrain\n|-damage|p1a: Ursaluna|94\/100 brn|[from] brn\n|upkeep\n|\n|t:|1699975677\n|switch|p2b: Garganacl|Garganacl, M|100\/100\n|-damage|p2b: Garganacl|88\/100|[from] Stealth Rock\n|turn|4\n|\n|t:|1699975686\n|-terastallize|p2b: Garganacl|Ghost\n|move|p2a: Grimmsnarl|Reflect|p2a: Grimmsnarl\n|-sidestart|p2: agerdam|Reflect\n|move|p2b: Garganacl|Iron Defense|p2b: Garganacl\n|-boost|p2b: Garganacl|def|2\n|move|p1a: Ursaluna|Facade|p2a: Grimmsnarl\n|-damage|p2a: Grimmsnarl|16\/100\n|move|p1b: Cresselia|Trick Room|p1b: Cresselia\n|-fieldstart|move: Trick Room|[of] p1b: Cresselia\n|\n|-heal|p1a: Ursaluna|100\/100 brn|[from] Grassy Terrain\n|-heal|p2b: Garganacl|94\/100|[from] Grassy Terrain\n|-heal|p2b: Garganacl|100\/100|[from] item: Leftovers\n|-heal|p2a: Grimmsnarl|22\/100|[from] Grassy Terrain\n|-damage|p1a: Ursaluna|94\/100 brn|[from] brn\n|upkeep\n|turn|5\n|inactive|TheRealYardSard has 120 seconds left.\n|\n|t:|1699975731\n|move|p1b: Cresselia|Ally Switch|p1b: Cresselia\n|swap|p1b: Cresselia|0|[from] move: Ally Switch\n|move|p2a: Grimmsnarl|Parting Shot|p1a: Cresselia\n|-unboost|p1a: Cresselia|atk|1\n|-unboost|p1a: Cresselia|spa|1\n|inactive|agerdam has 120 seconds left.\n|\n|t:|1699975753\n|switch|p2a: Cresselia|Cresselia, F|100\/100|[from] Parting Shot\n|-damage|p2a: Cresselia|88\/100|[from] Stealth Rock\n|move|p1b: Ursaluna|Facade|p2a: Cresselia\n|-damage|p2a: Cresselia|42\/100\n|move|p2b: Garganacl|Iron Defense|p2b: Garganacl\n|-boost|p2b: Garganacl|def|2\n|\n|-heal|p1b: Ursaluna|100\/100 brn|[from] Grassy Terrain\n|-heal|p2a: Cresselia|48\/100|[from] item: Leftovers\n|-damage|p1b: Ursaluna|94\/100 brn|[from] brn\n|-fieldend|move: Grassy Terrain\n|upkeep\n|turn|6\n|inactive|TheRealYardSard has 120 seconds left.\n|\n|t:|1699975782\n|move|p1b: Ursaluna|Facade|p2b: Garganacl\n|-immune|p2b: Garganacl\n|move|p2b: Garganacl|Salt Cure|p1b: Ursaluna\n|-resisted|p1b: Ursaluna\n|-damage|p1b: Ursaluna|86\/100 brn\n|-start|p1b: Ursaluna|Salt Cure\n|move|p1a: Cresselia|Lunar Blessing|p1a: Cresselia|[spread] p1a,p1b\n|-heal|p1a: Cresselia|65\/100\n|-heal|p1b: Ursaluna|100\/100 brn\n|-curestatus|p1b: Ursaluna|brn|[msg]\n|move|p2a: Cresselia|Lunar Blessing|p2a: Cresselia|[spread] p2a,p2b\n|-heal|p2a: Cresselia|73\/100\n|\n|-heal|p2a: Cresselia|79\/100|[from] item: Leftovers\n|-damage|p1b: Ursaluna|88\/100|[from] Salt Cure\n|-status|p1b: Ursaluna|brn|[from] item: Flame Orb\n|upkeep\n|turn|7\n|inactive|TheRealYardSard has 120 seconds left.\n|\n|t:|1699975800\n|move|p1b: Ursaluna|Protect|p1b: Ursaluna\n|-singleturn|p1b: Ursaluna|Protect\n|move|p2b: Garganacl|Body Press|p1b: Ursaluna\n|-activate|p1b: Ursaluna|move: Protect\n|move|p1a: Cresselia|Lunar Blessing|p1a: Cresselia|[spread] p1a,p1b\n|-heal|p1a: Cresselia|90\/100\n|-heal|p1b: Ursaluna|100\/100 brn\n|-curestatus|p1b: Ursaluna|brn|[msg]\n|move|p2a: Cresselia|Lunar Blessing|p2a: Cresselia|[spread] p2a,p2b\n|-heal|p2a: Cresselia|100\/100\n|\n|-damage|p1b: Ursaluna|88\/100|[from] Salt Cure\n|-status|p1b: Ursaluna|brn|[from] item: Flame Orb\n|upkeep\n|turn|8\n|\n|t:|1699975808\n|switch|p1b: Flutter Mane|Flutter Mane|100\/100\n|move|p2b: Garganacl|Body Press|p1b: Flutter Mane\n|-immune|p1b: Flutter Mane\n|move|p1a: Cresselia|Lunar Blessing|p1a: Cresselia|[spread] p1a,p1b\n|-heal|p1a: Cresselia|100\/100\n|move|p2a: Cresselia|Calm Mind|p2a: Cresselia\n|-boost|p2a: Cresselia|spa|1\n|-boost|p2a: Cresselia|spd|1\n|\n|-fieldend|move: Trick Room\n|upkeep\n|turn|9\n|\n|t:|1699975828\n|move|p1a: Cresselia|Ally Switch|p1a: Cresselia\n|swap|p1a: Cresselia|1|[from] move: Ally Switch\n|move|p1a: Flutter Mane|Shadow Ball|p2b: Garganacl\n|-supereffective|p2b: Garganacl\n|-damage|p2b: Garganacl|66\/100\n|move|p2a: Cresselia|Lunar Blessing|p2a: Cresselia|[spread] p2a,p2b\n|-heal|p2b: Garganacl|91\/100\n|move|p2b: Garganacl|Salt Cure|p1b: Cresselia\n|-damage|p1b: Cresselia|91\/100\n|-start|p1b: Cresselia|Salt Cure\n|\n|-heal|p2b: Garganacl|98\/100|[from] item: Leftovers\n|-damage|p1b: Cresselia|79\/100|[from] Salt Cure\n|upkeep\n|turn|10\n|-message|TheRealYardSard forfeited.\n|\n|win|agerdam\n|raw|TheRealYardSard's rating: 1536 &rarr; <strong>1526<\/strong><br \/>(-10 for losing)\n|raw|agerdam's rating: 1722 &rarr; <strong>1732<\/strong><br \/>(+10 for winning)\n|l|\u2606TheRealYardSard\n","uploadtime":1699975848,"views":12,"p1id":"therealyardsard","p2id":"agerdam","formatid":"gen9doublesou","rating":1526,"private":0,"password":""}