{"id":"gen9doublesou-1973599990","p1":"Detrimentalkev","p2":"Rexluser","format":"[Gen 9] Doubles OU","log":"|j|\u2606Detrimentalkev\n|j|\u2606Rexluser\n|t:|1697994854\n|gametype|doubles\n|player|p1|Detrimentalkev|brock|1394\n|player|p2|Rexluser|266|1305\n|teamsize|p1|6\n|teamsize|p2|6\n|gen|9\n|tier|[Gen 9] Doubles OU\n|rated|\n|rule|Species Clause: Limit one of each Pok\u00e9mon\n|rule|OHKO Clause: OHKO moves are banned\n|rule|Evasion Moves Clause: Evasion moves are banned\n|rule|Gravity Sleep Clause: The combination of sleep-inducing moves with imperfect accuracy and Gravity or Gigantamax Orbeetle are banned\n|rule|Endless Battle Clause: Forcing endless battles is banned\n|rule|HP Percentage Mod: HP is shown in percentages\n|clearpoke\n|poke|p1|Enamorus-Therian, F|\n|poke|p1|Tyranitar, F|\n|poke|p1|Oranguru, F|\n|poke|p1|Diancie|\n|poke|p1|Gastrodon, F|\n|poke|p1|Torkoal, M|\n|poke|p2|Chien-Pao|\n|poke|p2|Basculegion-F, F|\n|poke|p2|Goodra-Hisui, F|\n|poke|p2|Iron Hands|\n|poke|p2|Ogerpon-Hearthflame, F|\n|poke|p2|Tornadus, M|\n|teampreview\n|inactive|Battle timer is ON: inactive players will automatically lose when time's up. (requested by Rexluser)\n|inactive|Rexluser has 120 seconds left.\n|\n|t:|1697994887\n|start\n|switch|p1a: Oranguru|Oranguru, F|100\/100\n|switch|p1b: Tyranitar|Tyranitar, F|100\/100\n|switch|p2a: Tornadus|Tornadus, M|100\/100\n|switch|p2b: Chien-Pao|Chien-Pao|100\/100\n|-ability|p2b: Chien-Pao|Sword of Ruin\n|-weather|Sandstorm|[from] ability: Sand Stream|[of] p1b: Tyranitar\n|turn|1\n|\n|t:|1697994905\n|switch|p1b: Enamorus|Enamorus-Therian, F|100\/100\n|move|p2a: Tornadus|Tailwind|p2a: Tornadus\n|-sidestart|p2: Rexluser|move: Tailwind\n|move|p2b: Chien-Pao|Ice Spinner|p1b: Enamorus\n|-supereffective|p1b: Enamorus\n|-damage|p1b: Enamorus|0 fnt\n|faint|p1b: Enamorus\n|move|p1a: Oranguru|Trick Room|p1a: Oranguru\n|-fieldstart|move: Trick Room|[of] p1a: Oranguru\n|\n|-weather|Sandstorm|[upkeep]\n|-damage|p1a: Oranguru|94\/100|[from] Sandstorm\n|-damage|p2a: Tornadus|94\/100|[from] Sandstorm\n|-damage|p2b: Chien-Pao|95\/100|[from] Sandstorm\n|upkeep\n|\n|t:|1697994917\n|switch|p1b: Torkoal|Torkoal, M|100\/100\n|-weather|SunnyDay|[from] ability: Drought|[of] p1b: Torkoal\n|turn|2\n|\n|t:|1697994944\n|switch|p2b: Iron Hands|Iron Hands|100\/100\n|-terastallize|p1b: Torkoal|Fire\n|move|p2a: Tornadus|Protect|p2a: Tornadus\n|-singleturn|p2a: Tornadus|Protect\n|move|p1b: Torkoal|Heat Wave|p2b: Iron Hands|[spread] \n|-activate|p2a: Tornadus|move: Protect\n|-miss|p1b: Torkoal|p2b: Iron Hands\n|move|p1a: Oranguru|Psychic|p2a: Tornadus\n|-activate|p2a: Tornadus|move: Protect\n|\n|-weather|SunnyDay|[upkeep]\n|upkeep\n|turn|3\n|\n|t:|1697994973\n|move|p1b: Torkoal|Protect|p1b: Torkoal\n|-singleturn|p1b: Torkoal|Protect\n|move|p1a: Oranguru|Protect|p1a: Oranguru\n|-singleturn|p1a: Oranguru|Protect\n|move|p2b: Iron Hands|Fake Out|p1b: Torkoal\n|-activate|p1b: Torkoal|move: Protect\n|move|p2a: Tornadus|Bleakwind Storm|p1a: Oranguru|[spread] \n|-activate|p1a: Oranguru|move: Protect\n|-activate|p1b: Torkoal|move: Protect\n|\n|-weather|SunnyDay|[upkeep]\n|upkeep\n|turn|4\n|\n|t:|1697994989\n|move|p2a: Tornadus|Protect|p2a: Tornadus\n|-singleturn|p2a: Tornadus|Protect\n|move|p1b: Torkoal|Eruption|p2b: Iron Hands|[spread] p2b\n|-activate|p2a: Tornadus|move: Protect\n|-damage|p2b: Iron Hands|46\/100\n|move|p1a: Oranguru|Instruct|p1b: Torkoal\n|-singleturn|p1b: Torkoal|move: Instruct|[of] p1a: Oranguru\n|move|p1b: Torkoal|Eruption|p2a: Tornadus|[spread] p2b\n|-activate|p2a: Tornadus|move: Protect\n|-damage|p2b: Iron Hands|0 fnt\n|faint|p2b: Iron Hands\n|-end|p2b: Iron Hands|Quark Drive|[silent]\n|\n|-weather|SunnyDay|[upkeep]\n|-sideend|p2: Rexluser|move: Tailwind\n|upkeep\n|\n|t:|1697995008\n|switch|p2b: Ogerpon|Ogerpon-Hearthflame, F|100\/100\n|-ability|p2b: Ogerpon|Mold Breaker\n|turn|5\n|\n|t:|1697995027\n|move|p2b: Ogerpon|Spiky Shield|p2b: Ogerpon\n|-singleturn|p2b: Ogerpon|move: Protect\n|move|p1b: Torkoal|Eruption|p2b: Ogerpon|[spread] p2a\n|-activate|p2b: Ogerpon|move: Protect\n|-damage|p2a: Tornadus|0 fnt\n|faint|p2a: Tornadus\n|move|p1a: Oranguru|Instruct|p1b: Torkoal\n|-singleturn|p1b: Torkoal|move: Instruct|[of] p1a: Oranguru\n|move|p1b: Torkoal|Eruption|p2b: Ogerpon\n|-activate|p2b: Ogerpon|move: Protect\n|\n|-weather|SunnyDay|[upkeep]\n|-fieldend|move: Trick Room\n|upkeep\n|\n|t:|1697995043\n|switch|p2a: Chien-Pao|Chien-Pao|95\/100\n|-ability|p2a: Chien-Pao|Sword of Ruin\n|turn|6\n|\n|t:|1697995056\n|-terastallize|p2b: Ogerpon|Fire\n|detailschange|p2b: Ogerpon|Ogerpon-Hearthflame-Tera, F, tera:Fire\n|-ability|p2b: Ogerpon|Embody Aspect (Hearthflame)|boost\n|-boost|p2b: Ogerpon|atk|1\n|move|p1b: Torkoal|Protect|p1b: Torkoal\n|-singleturn|p1b: Torkoal|Protect\n|move|p2a: Chien-Pao|Lash Out|p1b: Torkoal\n|-activate|p1b: Torkoal|move: Protect\n|move|p2b: Ogerpon|Ivy Cudgel|p1a: Oranguru\n|-damage|p1a: Oranguru|0 fnt\n|faint|p1a: Oranguru\n|\n|-weather|none\n|upkeep\n|\n|t:|1697995082\n|switch|p1a: Tyranitar|Tyranitar, F|100\/100\n|-weather|Sandstorm|[from] ability: Sand Stream|[of] p1a: Tyranitar\n|turn|7\n|\n|t:|1697995097\n|move|p2a: Chien-Pao|Lash Out|p1b: Torkoal\n|-damage|p1b: Torkoal|21\/100\n|move|p2b: Ogerpon|Horn Leech|p1a: Tyranitar\n|-supereffective|p1a: Tyranitar\n|-damage|p1a: Tyranitar|0 fnt\n|faint|p1a: Tyranitar\n|move|p1b: Torkoal|Heat Wave|p2b: Ogerpon|[spread] p2a,p2b\n|-supereffective|p2a: Chien-Pao\n|-resisted|p2b: Ogerpon\n|-damage|p2a: Chien-Pao|0 fnt\n|-damage|p2b: Ogerpon|80\/100\n|faint|p2a: Chien-Pao\n|\n|-weather|Sandstorm|[upkeep]\n|-damage|p2b: Ogerpon|74\/100|[from] Sandstorm\n|upkeep\n|\n|t:|1697995111\n|switch|p2a: Basculegion|Basculegion-F, F|100\/100\n|switch|p1a: Diancie|Diancie|100\/100\n|-ability|p2a: Basculegion|Mold Breaker\n|turn|8\n|\n|t:|1697995124\n|move|p2a: Basculegion|Flip Turn|p1b: Torkoal\n|-supereffective|p1b: Torkoal\n|-damage|p1b: Torkoal|0 fnt\n|faint|p1b: Torkoal\n|\n|t:|1697995128\n|switch|p2a: Goodra|Goodra-Hisui, F|100\/100|[from] Flip Turn\n|move|p2b: Ogerpon|Horn Leech|p1a: Diancie\n|-supereffective|p1a: Diancie\n|-damage|p1a: Diancie|0 fnt\n|-heal|p2b: Ogerpon|100\/100|[from] drain|[of] p1a: Diancie\n|faint|p1a: Diancie\n|\n|-weather|Sandstorm|[upkeep]\n|-damage|p2b: Ogerpon|94\/100|[from] Sandstorm\n|upkeep\n|-message|Detrimentalkev forfeited.\n|\n|win|Rexluser\n|raw|Detrimentalkev's rating: 1394 &rarr; <strong>1369<\/strong><br \/>(-25 for losing)\n|raw|Rexluser's rating: 1305 &rarr; <strong>1330<\/strong><br \/>(+25 for winning)\n|l|\u2606Detrimentalkev\n","uploadtime":1697995140,"views":15,"p1id":"detrimentalkev","p2id":"rexluser","formatid":"gen9doublesou","rating":1330,"private":0,"password":""}