{"id":"gen9doublesou-1977719171","p1":"Silverrey","p2":"Jaiper_Showdown","format":"[Gen 9] Doubles OU","log":"|j|\u2606Silverrey\n|j|\u2606Jaiper_Showdown\n|t:|1698441886\n|gametype|doubles\n|player|p1|Silverrey|ghetsis-gen5bw|1613\n|player|p2|Jaiper_Showdown|nate|1656\n|teamsize|p1|6\n|teamsize|p2|6\n|gen|9\n|tier|[Gen 9] Doubles OU\n|rated|\n|rule|Species Clause: Limit one of each Pok\u00e9mon\n|rule|OHKO Clause: OHKO moves are banned\n|rule|Evasion Moves Clause: Evasion moves are banned\n|rule|Gravity Sleep Clause: The combination of sleep-inducing moves with imperfect accuracy and Gravity or Gigantamax Orbeetle are banned\n|rule|Endless Battle Clause: Forcing endless battles is banned\n|rule|HP Percentage Mod: HP is shown in percentages\n|clearpoke\n|poke|p1|Indeedee, M|\n|poke|p1|Chi-Yu|\n|poke|p1|Amoonguss, F|\n|poke|p1|Articuno|\n|poke|p1|Grimmsnarl, M|\n|poke|p1|Kleavor, F|\n|poke|p2|Glastrier|\n|poke|p2|Gallade, M|\n|poke|p2|Ting-Lu|\n|poke|p2|Ninetales-Alola, M|\n|poke|p2|Ogerpon-Hearthflame, F|\n|poke|p2|Salamence, M|\n|teampreview\n|inactive|Battle timer is ON: inactive players will automatically lose when time's up. (requested by Silverrey)\n|inactive|Jaiper_Showdown has 120 seconds left.\n|\n|t:|1698441928\n|start\n|switch|p1a: Chi-Yu|Chi-Yu|100\/100\n|switch|p1b: Indeedee|Indeedee, M|100\/100\n|switch|p2a: Salamence|Salamence, M, shiny|100\/100\n|switch|p2b: Gallade|Gallade, M|100\/100\n|-fieldstart|move: Psychic Terrain|[from] ability: Psychic Surge|[of] p1b: Indeedee\n|-ability|p2a: Salamence|Intimidate|boost\n|-unboost|p1a: Chi-Yu|atk|1\n|-unboost|p1b: Indeedee|atk|1\n|-ability|p1a: Chi-Yu|Beads of Ruin\n|turn|1\n|\n|t:|1698441957\n|move|p2b: Gallade|Wide Guard|p2b: Gallade\n|-singleturn|p2b: Gallade|Wide Guard\n|move|p1b: Indeedee|Psychic|p2a: Salamence\n|-damage|p2a: Salamence|11\/100\n|move|p2a: Salamence|Draco Meteor|p1b: Indeedee\n|-damage|p1b: Indeedee|0 fnt\n|-unboost|p2a: Salamence|spa|2\n|-enditem|p2a: Salamence|Eject Pack\n|faint|p1b: Indeedee\n|inactive|Jaiper_Showdown has 120 seconds left.\n|\n|t:|1698441967\n|switch|p2a: Ting-Lu|Ting-Lu|100\/100\n|-ability|p2a: Ting-Lu|Vessel of Ruin\n|move|p1a: Chi-Yu|Heat Wave|p2b: Gallade|[spread] \n|-activate|p2a: Ting-Lu|move: Wide Guard\n|-activate|p2b: Gallade|move: Wide Guard\n|\n|upkeep\n|\n|t:|1698441972\n|switch|p1b: Articuno|Articuno|100\/100\n|-ability|p1b: Articuno|Pressure\n|turn|2\n|\n|t:|1698441987\n|switch|p1a: Grimmsnarl|Grimmsnarl, M|100\/100\n|move|p1b: Articuno|Air Slash|p2b: Gallade\n|-supereffective|p2b: Gallade\n|-damage|p2b: Gallade|50\/100\n|cant|p2b: Gallade|flinch\n|move|p2a: Ting-Lu|Stealth Rock|p1b: Articuno\n|-sidestart|p1: Silverrey|move: Stealth Rock\n|\n|upkeep\n|turn|3\n|\n|t:|1698442000\n|switch|p2b: Ninetales|Ninetales-Alola, M|100\/100\n|-weather|Snow|[from] ability: Snow Warning|[of] p2b: Ninetales\n|move|p1b: Articuno|Air Slash|p2b: Ninetales\n|-damage|p2b: Ninetales|76\/100\n|move|p1a: Grimmsnarl|Spirit Break|p2a: Ting-Lu\n|-supereffective|p2a: Ting-Lu\n|-damage|p2a: Ting-Lu|59\/100\n|-unboost|p2a: Ting-Lu|spa|1\n|move|p2a: Ting-Lu|Earthquake|p1a: Grimmsnarl|[spread] p2b,p1a\n|-immune|p1b: Articuno\n|-damage|p2b: Ninetales|49\/100\n|-damage|p1a: Grimmsnarl|63\/100\n|\n|-weather|Snow|[upkeep]\n|-heal|p2a: Ting-Lu|65\/100|[from] item: Leftovers\n|upkeep\n|turn|4\n|\n|t:|1698442018\n|switch|p2a: Glastrier|Glastrier|100\/100\n|move|p2b: Ninetales|Aurora Veil|p2b: Ninetales\n|-sidestart|p2: Jaiper_Showdown|move: Aurora Veil\n|move|p1b: Articuno|Icy Wind|p2b: Ninetales|[spread] p2a,p2b\n|-resisted|p2a: Glastrier\n|-resisted|p2b: Ninetales\n|-damage|p2a: Glastrier|98\/100\n|-damage|p2b: Ninetales|43\/100\n|-unboost|p2a: Glastrier|spe|1\n|-unboost|p2b: Ninetales|spe|1\n|move|p1a: Grimmsnarl|Spirit Break|p2b: Ninetales\n|-damage|p2b: Ninetales|21\/100\n|-unboost|p2b: Ninetales|spa|1\n|\n|-weather|Snow|[upkeep]\n|upkeep\n|turn|5\n|\n|t:|1698442039\n|switch|p2b: Ting-Lu|Ting-Lu|65\/100\n|-ability|p2b: Ting-Lu|Vessel of Ruin\n|move|p1a: Grimmsnarl|Reflect|p1a: Grimmsnarl\n|-sidestart|p1: Silverrey|Reflect\n|move|p1b: Articuno|Air Slash|p2b: Ting-Lu\n|-damage|p2b: Ting-Lu|55\/100\n|move|p2a: Glastrier|Heavy Slam|p1a: Grimmsnarl\n|-supereffective|p1a: Grimmsnarl\n|-damage|p1a: Grimmsnarl|0 fnt\n|faint|p1a: Grimmsnarl\n|-ability|p2a: Glastrier|Chilling Neigh|boost\n|-boost|p2a: Glastrier|atk|1\n|\n|-weather|Snow|[upkeep]\n|-heal|p2b: Ting-Lu|61\/100|[from] item: Leftovers\n|-fieldend|move: Psychic Terrain\n|upkeep\n|\n|t:|1698442043\n|switch|p1a: Kleavor|Kleavor, F|100\/100\n|-damage|p1a: Kleavor|76\/100|[from] Stealth Rock\n|turn|6\n|\n|t:|1698442061\n|move|p1b: Articuno|Air Slash|p2a: Glastrier\n|-damage|p2a: Glastrier|89\/100\n|move|p1a: Kleavor|Stone Axe|p2a: Glastrier|[miss]\n|-miss|p1a: Kleavor|p2a: Glastrier\n|move|p2b: Ting-Lu|Throat Chop|p1b: Articuno\n|-damage|p1b: Articuno|84\/100\n|-start|p1b: Articuno|Throat Chop|[silent]\n|cant|p2a: Glastrier|flinch\n|\n|-weather|Snow|[upkeep]\n|-heal|p2b: Ting-Lu|68\/100|[from] item: Leftovers\n|upkeep\n|turn|7\n|inactive|Silverrey has 120 seconds left.\n|\n|t:|1698442093\n|switch|p2b: Salamence|Salamence, M, shiny|11\/100\n|-ability|p2b: Salamence|Intimidate|boost\n|-unboost|p1a: Kleavor|atk|1\n|-unboost|p1b: Articuno|atk|1\n|move|p1b: Articuno|Freeze-Dry|p2b: Salamence\n|-supereffective|p2b: Salamence\n|-damage|p2b: Salamence|0 fnt\n|faint|p2b: Salamence\n|move|p1a: Kleavor|Stone Axe|p2a: Glastrier\n|-supereffective|p2a: Glastrier\n|-damage|p2a: Glastrier|64\/100\n|-sidestart|p2: Jaiper_Showdown|move: Stealth Rock\n|move|p2a: Glastrier|Heavy Slam|p1a: Kleavor\n|-supereffective|p1a: Kleavor\n|-damage|p1a: Kleavor|0 fnt\n|faint|p1a: Kleavor\n|-ability|p2a: Glastrier|Chilling Neigh|boost\n|-boost|p2a: Glastrier|atk|1\n|\n|-weather|none\n|-end|p1b: Articuno|Throat Chop|[silent]\n|upkeep\n|\n|t:|1698442111\n|switch|p2b: Ting-Lu|Ting-Lu|68\/100\n|switch|p1a: Amoonguss|Amoonguss, F|100\/100\n|-damage|p1a: Amoonguss|88\/100|[from] Stealth Rock\n|-damage|p2b: Ting-Lu|61\/100|[from] Stealth Rock\n|-ability|p2b: Ting-Lu|Vessel of Ruin\n|turn|8\n|\n|t:|1698442126\n|move|p1b: Articuno|Icy Wind|p2a: Glastrier|[spread] p2a,p2b\n|-resisted|p2a: Glastrier\n|-supereffective|p2b: Ting-Lu\n|-damage|p2a: Glastrier|62\/100\n|-damage|p2b: Ting-Lu|50\/100\n|-unboost|p2a: Glastrier|spe|1\n|-unboost|p2b: Ting-Lu|spe|1\n|move|p1a: Amoonguss|Spore|p2a: Glastrier\n|-status|p2a: Glastrier|slp|[from] move: Spore\n|move|p2b: Ting-Lu|Throat Chop|p1b: Articuno\n|-damage|p1b: Articuno|62\/100\n|-start|p1b: Articuno|Throat Chop|[silent]\n|cant|p2a: Glastrier|slp\n|\n|-heal|p1a: Amoonguss|94\/100|[from] item: Leftovers\n|-heal|p2b: Ting-Lu|57\/100|[from] item: Leftovers\n|upkeep\n|turn|9\n|\n|t:|1698442142\n|move|p1b: Articuno|Freeze-Dry|p2b: Ting-Lu\n|-supereffective|p2b: Ting-Lu\n|-damage|p2b: Ting-Lu|38\/100\n|move|p1a: Amoonguss|Pollen Puff|p1b: Articuno\n|-heal|p1b: Articuno|100\/100\n|move|p2b: Ting-Lu|Throat Chop|p1b: Articuno\n|-damage|p1b: Articuno|79\/100\n|cant|p2a: Glastrier|slp\n|\n|-heal|p1a: Amoonguss|99\/100|[from] item: Leftovers\n|-heal|p2b: Ting-Lu|44\/100|[from] item: Leftovers\n|-end|p1b: Articuno|Throat Chop|[silent]\n|upkeep\n|turn|10\n|\n|t:|1698442157\n|switch|p2b: Ogerpon|Ogerpon-Hearthflame, F|100\/100\n|-damage|p2b: Ogerpon|76\/100|[from] Stealth Rock\n|-ability|p2b: Ogerpon|Mold Breaker\n|move|p1b: Articuno|Air Slash|p2a: Glastrier\n|-damage|p2a: Glastrier|50\/100 slp\n|move|p1a: Amoonguss|Giga Drain|p2b: Ogerpon\n|-resisted|p2b: Ogerpon\n|-damage|p2b: Ogerpon|69\/100\n|-heal|p1a: Amoonguss|100\/100|[from] drain|[of] p2b: Ogerpon\n|cant|p2a: Glastrier|slp\n|\n|upkeep\n|turn|11\n|\n|t:|1698442172\n|move|p2b: Ogerpon|Swords Dance|p2b: Ogerpon\n|-boost|p2b: Ogerpon|atk|2\n|move|p1b: Articuno|Tailwind|p1b: Articuno\n|-sidestart|p1: Silverrey|move: Tailwind\n|move|p1a: Amoonguss|Sludge Bomb|p2b: Ogerpon\n|-supereffective|p2b: Ogerpon\n|-damage|p2b: Ogerpon|4\/100\n|-curestatus|p2a: Glastrier|slp|[msg]\n|move|p2a: Glastrier|Heavy Slam|p1b: Articuno\n|-supereffective|p1b: Articuno\n|-damage|p1b: Articuno|0 fnt\n|faint|p1b: Articuno\n|-ability|p2a: Glastrier|Chilling Neigh|boost\n|-boost|p2a: Glastrier|atk|1\n|\n|-sideend|p2: Jaiper_Showdown|move: Aurora Veil\n|upkeep\n|\n|t:|1698442186\n|switch|p1b: Chi-Yu|Chi-Yu|100\/100\n|-damage|p1b: Chi-Yu|76\/100|[from] Stealth Rock\n|-ability|p1b: Chi-Yu|Beads of Ruin\n|turn|12\n|\n|t:|1698442202\n|-terastallize|p2a: Glastrier|Ground\n|move|p1b: Chi-Yu|Heat Wave|p2a: Glastrier|[spread] p2a,p2b\n|-damage|p2a: Glastrier|23\/100\n|-damage|p2b: Ogerpon|0 fnt\n|-status|p2a: Glastrier|brn\n|faint|p2b: Ogerpon\n|move|p1a: Amoonguss|Pollen Puff|p1b: Chi-Yu\n|-heal|p1b: Chi-Yu|100\/100\n|move|p2a: Glastrier|High Horsepower|p1b: Chi-Yu\n|-supereffective|p1b: Chi-Yu\n|-damage|p1b: Chi-Yu|0 fnt\n|faint|p1b: Chi-Yu\n|-ability|p2a: Glastrier|Chilling Neigh|boost\n|-boost|p2a: Glastrier|atk|1\n|\n|-damage|p2a: Glastrier|17\/100 brn|[from] brn\n|-sideend|p1: Silverrey|Reflect\n|upkeep\n|\n|t:|1698442216\n|switch|p2b: Gallade|Gallade, M|50\/100\n|-damage|p2b: Gallade|44\/100|[from] Stealth Rock\n|turn|13\n|inactive|Silverrey has 120 seconds left.\n|\n|t:|1698442247\n|move|p2b: Gallade|Psycho Cut|p1a: Amoonguss\n|-supereffective|p1a: Amoonguss\n|-damage|p1a: Amoonguss|0 fnt\n|faint|p1a: Amoonguss\n|\n|win|Jaiper_Showdown\n|raw|Silverrey's rating: 1613 &rarr; <strong>1595<\/strong><br \/>(-18 for losing)\n|raw|Jaiper_Showdown's rating: 1656 &rarr; <strong>1674<\/strong><br \/>(+18 for winning)\n","uploadtime":1698442514,"views":27,"p1id":"silverrey","p2id":"jaipershowdown","formatid":"gen9doublesou","rating":1595,"private":0,"password":""}