{"id":"gen9doublesou-1997631828","p1":"tttttfttt","p2":"Thehombre","format":"[Gen 9] Doubles OU","log":"|j|\u2606tttttfttt\n|j|\u2606Thehombre\n|t:|1700835342\n|gametype|doubles\n|player|p1|tttttfttt|flannery|1220\n|player|p2|Thehombre|169|1146\n|teamsize|p1|6\n|teamsize|p2|6\n|gen|9\n|tier|[Gen 9] Doubles OU\n|rated|\n|rule|Species Clause: Limit one of each Pok\u00e9mon\n|rule|OHKO Clause: OHKO moves are banned\n|rule|Evasion Moves Clause: Evasion moves are banned\n|rule|Gravity Sleep Clause: The combination of sleep-inducing moves with imperfect accuracy and Gravity or Gigantamax Orbeetle are banned\n|rule|Endless Battle Clause: Forcing endless battles is banned\n|rule|HP Percentage Mod: HP is shown in percentages\n|clearpoke\n|poke|p1|Gyarados, M|\n|poke|p1|Grimmsnarl, M|\n|poke|p1|Raichu, M|\n|poke|p1|Dragapult, F|\n|poke|p1|Arcanine, M|\n|poke|p1|Wo-Chien|\n|poke|p2|Chi-Yu|\n|poke|p2|Torkoal, M|\n|poke|p2|Gastrodon, M|\n|poke|p2|Iron Moth|\n|poke|p2|Houndoom, M|\n|poke|p2|Dragonite, F|\n|teampreview\n|inactive|Battle timer is ON: inactive players will automatically lose when time's up. (requested by tttttfttt)\n|\n|t:|1700835349\n|start\n|switch|p1a: Gyarados|Gyarados, M|100\/100\n|switch|p1b: Grimmsnarl|Grimmsnarl, M|100\/100\n|switch|p2a: Iron Moth|Iron Moth|100\/100\n|switch|p2b: Torkoal|Torkoal, M|100\/100\n|-weather|SunnyDay|[from] ability: Drought|[of] p2b: Torkoal\n|turn|1\n|\n|t:|1700835365\n|move|p1b: Grimmsnarl|Fake Out|p2a: Iron Moth\n|-damage|p2a: Iron Moth|82\/100\n|cant|p2a: Iron Moth|flinch\n|move|p1a: Gyarados|Dragon Dance|p1a: Gyarados\n|-boost|p1a: Gyarados|atk|1\n|-boost|p1a: Gyarados|spe|1\n|move|p2b: Torkoal|Stealth Rock|p1a: Gyarados\n|-sidestart|p1: tttttfttt|move: Stealth Rock\n|\n|-weather|SunnyDay|[upkeep]\n|upkeep\n|turn|2\n|\n|t:|1700835379\n|switch|p2b: Gastrodon|Gastrodon, M|100\/100\n|move|p1b: Grimmsnarl|Light Screen|p1b: Grimmsnarl\n|-sidestart|p1: tttttfttt|move: Light Screen\n|move|p1a: Gyarados|Waterfall|p2b: Gastrodon\n|-activate|p2b: Gastrodon|ability: Storm Drain\n|-ability|p2b: Gastrodon|Storm Drain|boost\n|-boost|p2b: Gastrodon|spa|1\n|move|p2a: Iron Moth|Discharge|p1a: Gyarados|[spread] p1a,p1b\n|-immune|p2b: Gastrodon\n|-supereffective|p1a: Gyarados\n|-damage|p1a: Gyarados|42\/100\n|-damage|p1b: Grimmsnarl|86\/100\n|\n|-weather|SunnyDay|[upkeep]\n|upkeep\n|turn|3\n|inactive|tttttfttt has 120 seconds left.\n|\n|t:|1700835417\n|switch|p1b: Raichu|Raichu, M|100\/100\n|-damage|p1b: Raichu|88\/100|[from] Stealth Rock\n|move|p1a: Gyarados|Crunch|p2a: Iron Moth\n|-damage|p2a: Iron Moth|5\/100\n|move|p2a: Iron Moth|Heat Wave|p1b: Raichu|[spread] p1a,p1b\n|-resisted|p1a: Gyarados\n|-damage|p1a: Gyarados|20\/100\n|-damage|p1b: Raichu|17\/100\n|move|p2b: Gastrodon|Chilling Water|p1a: Gyarados\n|-resisted|p1a: Gyarados\n|-damage|p1a: Gyarados|16\/100\n|-unboost|p1a: Gyarados|atk|1\n|\n|-weather|SunnyDay|[upkeep]\n|upkeep\n|turn|4\n|\n|t:|1700835441\n|move|p1a: Gyarados|Crunch|p2a: Iron Moth\n|-damage|p2a: Iron Moth|0 fnt\n|faint|p2a: Iron Moth\n|-end|p2a: Iron Moth|Quark Drive|[silent]\n|-ability|p1a: Gyarados|Moxie|boost\n|-boost|p1a: Gyarados|atk|1\n|move|p1b: Raichu|Grass Knot|p2b: Gastrodon\n|-supereffective|p2b: Gastrodon\n|-damage|p2b: Gastrodon|35\/100\n|-damage|p1b: Raichu|7\/100|[from] item: Life Orb\n|move|p2b: Gastrodon|Chilling Water|p1a: Gyarados\n|-resisted|p1a: Gyarados\n|-damage|p1a: Gyarados|12\/100\n|-unboost|p1a: Gyarados|atk|1\n|\n|-weather|SunnyDay|[upkeep]\n|-heal|p2b: Gastrodon|41\/100|[from] item: Leftovers\n|upkeep\n|\n|t:|1700835446\n|switch|p2a: Chi-Yu|Chi-Yu|100\/100\n|-ability|p2a: Chi-Yu|Beads of Ruin\n|turn|5\n|inactive|tttttfttt has 120 seconds left.\n|\n|t:|1700835479\n|switch|p2b: Dragonite|Dragonite, F|100\/100\n|move|p1a: Gyarados|Ice Fang|p2b: Dragonite\n|-supereffective|p2b: Dragonite\n|-damage|p2b: Dragonite|43\/100\n|move|p2a: Chi-Yu|Snarl|p1b: Raichu|[spread] p1a,p1b\n|-damage|p1a: Gyarados|0 fnt\n|-damage|p1b: Raichu|0 fnt\n|faint|p1a: Gyarados\n|faint|p1b: Raichu\n|\n|-weather|none\n|upkeep\n|inactive|tttttfttt has 120 seconds left.\n|\n|t:|1700835497\n|switch|p1b: Dragapult|Dragapult, F|100\/100\n|switch|p1a: Grimmsnarl|Grimmsnarl, M|86\/100\n|-damage|p1b: Dragapult|88\/100|[from] Stealth Rock\n|-damage|p1a: Grimmsnarl|73\/100|[from] Stealth Rock\n|turn|6\n|\n|t:|1700835507\n|move|p1b: Dragapult|Draco Meteor|p2b: Dragonite\n|-supereffective|p2b: Dragonite\n|-damage|p2b: Dragonite|0 fnt\n|-unboost|p1b: Dragapult|spa|2\n|faint|p2b: Dragonite\n|move|p2a: Chi-Yu|Nasty Plot|p2a: Chi-Yu\n|-boost|p2a: Chi-Yu|spa|2\n|move|p1a: Grimmsnarl|Play Rough|p2a: Chi-Yu\n|-damage|p2a: Chi-Yu|46\/100\n|\n|upkeep\n|\n|t:|1700835514\n|switch|p2b: Torkoal|Torkoal, M|100\/100\n|-weather|SunnyDay|[from] ability: Drought|[of] p2b: Torkoal\n|turn|7\n|\n|t:|1700835528\n|switch|p1b: Arcanine|Arcanine, M|100\/100\n|-damage|p1b: Arcanine|76\/100|[from] Stealth Rock\n|move|p2a: Chi-Yu|Heat Wave|p1b: Arcanine|[spread] p1a\n|-start|p1b: Arcanine|ability: Flash Fire\n|-damage|p1a: Grimmsnarl|0 fnt\n|faint|p1a: Grimmsnarl\n|move|p2b: Torkoal|Heat Wave|p1b: Arcanine\n|-immune|p1b: Arcanine|[from] ability: Flash Fire\n|\n|-weather|SunnyDay|[upkeep]\n|upkeep\n|inactive|tttttfttt has 120 seconds left.\n|\n|t:|1700835560\n|switch|p1a: Dragapult|Dragapult, F|88\/100\n|-damage|p1a: Dragapult|76\/100|[from] Stealth Rock\n|turn|8\n|inactive|tttttfttt has 120 seconds left.\n|\n|t:|1700835581\n|move|p1a: Dragapult|Hydro Pump|p2a: Chi-Yu\n|-supereffective|p2a: Chi-Yu\n|-damage|p2a: Chi-Yu|0 fnt\n|faint|p2a: Chi-Yu\n|move|p1b: Arcanine|Crunch|p2b: Torkoal\n|-damage|p2b: Torkoal|75\/100\n|-damage|p1b: Arcanine|66\/100|[from] item: Life Orb\n|move|p2b: Torkoal|Earth Power|p1b: Arcanine\n|-supereffective|p1b: Arcanine\n|-damage|p1b: Arcanine|19\/100\n|\n|-weather|SunnyDay|[upkeep]\n|upkeep\n|\n|t:|1700835587\n|switch|p2a: Houndoom|Houndoom, M|100\/100\n|turn|9\n|\n|t:|1700835601\n|switch|p2a: Gastrodon|Gastrodon, M|41\/100\n|move|p1a: Dragapult|Hydro Pump|p2a: Gastrodon\n|-ability|p2a: Gastrodon|Storm Drain|boost\n|-boost|p2a: Gastrodon|spa|1\n|move|p1b: Arcanine|Wild Charge|p2a: Gastrodon\n|-immune|p2a: Gastrodon\n|move|p2b: Torkoal|Earth Power|p1b: Arcanine\n|-supereffective|p1b: Arcanine\n|-damage|p1b: Arcanine|0 fnt\n|faint|p1b: Arcanine\n|\n|-weather|SunnyDay|[upkeep]\n|-heal|p2a: Gastrodon|47\/100|[from] item: Leftovers\n|-sideend|p1: tttttfttt|move: Light Screen\n|upkeep\n|\n|t:|1700835618\n|switch|p1b: Wo-Chien|Wo-Chien|100\/100\n|-damage|p1b: Wo-Chien|88\/100|[from] Stealth Rock\n|-ability|p1b: Wo-Chien|Tablets of Ruin\n|turn|10\n|\n|t:|1700835628\n|switch|p2a: Houndoom|Houndoom, M|100\/100\n|move|p1a: Dragapult|Hydro Pump|p2b: Torkoal\n|-supereffective|p2b: Torkoal\n|-damage|p2b: Torkoal|10\/100\n|move|p1b: Wo-Chien|Giga Drain|p2a: Houndoom\n|-resisted|p2a: Houndoom\n|-damage|p2a: Houndoom|82\/100\n|-heal|p1b: Wo-Chien|97\/100|[from] drain|[of] p2a: Houndoom\n|move|p2b: Torkoal|Flamethrower|p1b: Wo-Chien\n|-supereffective|p1b: Wo-Chien\n|-damage|p1b: Wo-Chien|2\/100\n|\n|-weather|SunnyDay|[upkeep]\n|-heal|p1b: Wo-Chien|8\/100|[from] item: Leftovers\n|upkeep\n|turn|11\n|\n|t:|1700835649\n|switch|p2b: Gastrodon|Gastrodon, M|47\/100\n|move|p1b: Wo-Chien|Protect|p1b: Wo-Chien\n|-singleturn|p1b: Wo-Chien|Protect\n|move|p1a: Dragapult|Hydro Pump|p2b: Gastrodon\n|-ability|p2b: Gastrodon|Storm Drain|boost\n|-boost|p2b: Gastrodon|spa|1\n|move|p2a: Houndoom|Heat Wave|p1b: Wo-Chien|[spread] p1a\n|-activate|p1b: Wo-Chien|move: Protect\n|-resisted|p1a: Dragapult\n|-damage|p1a: Dragapult|37\/100\n|\n|-weather|none\n|-heal|p1b: Wo-Chien|14\/100|[from] item: Leftovers\n|-heal|p2b: Gastrodon|53\/100|[from] item: Leftovers\n|upkeep\n|turn|12\n|\n|t:|1700835670\n|-terastallize|p1b: Wo-Chien|Dark\n|move|p1a: Dragapult|Hydro Pump|p2b: Gastrodon\n|-activate|p2b: Gastrodon|ability: Storm Drain\n|-ability|p2b: Gastrodon|Storm Drain|boost\n|-boost|p2b: Gastrodon|spa|1\n|move|p2a: Houndoom|Heat Wave|p1a: Dragapult|[spread] p1a,p1b\n|-resisted|p1a: Dragapult\n|-damage|p1a: Dragapult|9\/100\n|-damage|p1b: Wo-Chien|0 fnt\n|-status|p1a: Dragapult|brn\n|faint|p1b: Wo-Chien\n|move|p2b: Gastrodon|Earth Power|p1a: Dragapult\n|-damage|p1a: Dragapult|0 fnt\n|faint|p1a: Dragapult\n|\n|win|Thehombre\n|raw|tttttfttt's rating: 1220 &rarr; <strong>1190<\/strong><br \/>(-30 for losing)\n|raw|Thehombre's rating: 1146 &rarr; <strong>1176<\/strong><br \/>(+30 for winning)\n|l|\u2606tttttfttt\n","uploadtime":1700835683,"views":4,"p1id":"tttttfttt","p2id":"thehombre","formatid":"gen9doublesou","rating":1176,"private":0,"password":""}