{"id":"gen9doublesou-1993210618","p1":"gengiholy","p2":"1000s are weird","format":"[Gen 9] Doubles OU","log":"|j|\u2606gengiholy\n|j|\u26061000s are weird\n|t:|1700278528\n|gametype|doubles\n|player|p1|gengiholy|169|1070\n|player|p2|1000s are weird|cynthia|1000\n|teamsize|p1|6\n|teamsize|p2|6\n|gen|9\n|tier|[Gen 9] Doubles OU\n|rated|\n|rule|Species Clause: Limit one of each Pok\u00e9mon\n|rule|OHKO Clause: OHKO moves are banned\n|rule|Evasion Moves Clause: Evasion moves are banned\n|rule|Gravity Sleep Clause: The combination of sleep-inducing moves with imperfect accuracy and Gravity or Gigantamax Orbeetle are banned\n|rule|Endless Battle Clause: Forcing endless battles is banned\n|rule|HP Percentage Mod: HP is shown in percentages\n|clearpoke\n|poke|p1|Palossand, F|\n|poke|p1|Gastrodon, M|\n|poke|p1|Clodsire, M|\n|poke|p1|Hippowdon, M|\n|poke|p1|Garganacl, F|\n|poke|p1|Lycanroc, M|\n|poke|p2|Dragapult, M|\n|poke|p2|Riolu, M|\n|poke|p2|Lurantis, M|\n|poke|p2|Carbink|\n|poke|p2|Clefable, M|\n|poke|p2|Haxorus, F|\n|teampreview\n|\n|t:|1700278538\n|start\n|switch|p1a: Hippowdon|Hippowdon, M|100\/100\n|switch|p1b: Garganacl|Garganacl, F|100\/100\n|switch|p2a: Riolu|Riolu, M|100\/100\n|switch|p2b: Lurantis|Lurantis, M|100\/100\n|-item|p2a: Riolu|Air Balloon\n|-weather|Sandstorm|[from] ability: Sand Stream|[of] p1a: Hippowdon\n|turn|1\n|\n|t:|1700278558\n|move|p2a: Riolu|Screech|p1a: Hippowdon|[miss]\n|-miss|p2a: Riolu|p1a: Hippowdon\n|move|p2b: Lurantis|Razor Leaf|p1b: Garganacl|[spread] p1a,p1b\n|-supereffective|p1a: Hippowdon\n|-supereffective|p1b: Garganacl\n|-damage|p1a: Hippowdon|77\/100\n|-damage|p1b: Garganacl|72\/100\n|move|p1b: Garganacl|Salt Cure|p2a: Riolu\n|-resisted|p2a: Riolu\n|-damage|p2a: Riolu|79\/100\n|-start|p2a: Riolu|Salt Cure\n|-enditem|p2a: Riolu|Air Balloon\n|move|p1a: Hippowdon|Whirlwind|p2b: Lurantis\n|drag|p2b: Haxorus|Haxorus, F|100\/100\n|\n|-weather|Sandstorm|[upkeep]\n|-damage|p2b: Haxorus|94\/100|[from] Sandstorm\n|-damage|p2a: Riolu|73\/100|[from] Sandstorm\n|-heal|p1b: Garganacl|79\/100|[from] item: Leftovers\n|-damage|p2a: Riolu|61\/100|[from] Salt Cure\n|upkeep\n|turn|2\n|inactive|Battle timer is ON: inactive players will automatically lose when time's up. (requested by 1000s are weird)\n|\n|t:|1700278594\n|move|p2a: Riolu|Howl|p2a: Riolu|[spread] p2a,p2b\n|-boost|p2a: Riolu|atk|1\n|-boost|p2b: Haxorus|atk|1\n|move|p2b: Haxorus|Breaking Swipe|p1a: Hippowdon|[spread] p1a,p1b\n|-crit|p1b: Garganacl\n|-damage|p1a: Hippowdon|56\/100\n|-damage|p1b: Garganacl|25\/100\n|-unboost|p1a: Hippowdon|atk|1\n|-unboost|p1b: Garganacl|atk|1\n|move|p1a: Hippowdon|Earthquake|p2b: Haxorus|[spread] p1b,p2a,p2b\n|-supereffective|p1b: Garganacl\n|-damage|p1b: Garganacl|0 fnt\n|-damage|p2a: Riolu|16\/100\n|-damage|p2b: Haxorus|69\/100\n|faint|p1b: Garganacl\n|\n|-weather|Sandstorm|[upkeep]\n|-damage|p2b: Haxorus|63\/100|[from] Sandstorm\n|-damage|p2a: Riolu|10\/100|[from] Sandstorm\n|-damage|p2a: Riolu|0 fnt|[from] Salt Cure\n|faint|p2a: Riolu\n|upkeep\n|\n|t:|1700278617\n|switch|p2a: Clefable|Clefable, M|100\/100\n|switch|p1b: Palossand|Palossand, F|100\/100\n|turn|3\n|\n|t:|1700278628\n|move|p2a: Clefable|Follow Me|p2a: Clefable\n|-singleturn|p2a: Clefable|move: Follow Me\n|move|p2b: Haxorus|Dragon Dance|p2b: Haxorus\n|-boost|p2b: Haxorus|atk|1\n|-boost|p2b: Haxorus|spe|1\n|move|p1b: Palossand|Iron Defense|p1b: Palossand\n|-boost|p1b: Palossand|def|2\n|move|p1a: Hippowdon|Whirlwind|p2a: Clefable\n|drag|p2a: Carbink|Carbink|100\/100\n|\n|-weather|Sandstorm|[upkeep]\n|-damage|p2b: Haxorus|56\/100|[from] Sandstorm\n|upkeep\n|turn|4\n|c|\u2606gengiholy|glhf :>\n|\n|t:|1700278654\n|move|p2b: Haxorus|Breaking Swipe|p1b: Palossand|[spread] p1a,p1b\n|-damage|p1a: Hippowdon|30\/100\n|-damage|p1b: Palossand|67\/100\n|-unboost|p1a: Hippowdon|atk|1\n|-unboost|p1b: Palossand|atk|1\n|move|p2a: Carbink|Reflect|p2a: Carbink\n|-sidestart|p2: 1000s are weird|Reflect\n|move|p1b: Palossand|Iron Defense|p1b: Palossand\n|-boost|p1b: Palossand|def|2\n|move|p1a: Hippowdon|Whirlwind|p2b: Haxorus\n|drag|p2b: Dragapult|Dragapult, M|100\/100\n|\n|-weather|Sandstorm|[upkeep]\n|-damage|p2b: Dragapult|95\/100|[from] Sandstorm\n|-heal|p1b: Palossand|73\/100|[from] item: Leftovers\n|upkeep\n|turn|5\n|inactive|gengiholy has 120 seconds left.\n|\n|t:|1700278685\n|move|p2b: Dragapult|U-turn|p1b: Palossand\n|-resisted|p1b: Palossand\n|-damage|p1b: Palossand|67\/100\n|\n|t:|1700278688\n|switch|p2b: Clefable|Clefable, M|100\/100|[from] U-turn\n|move|p2a: Carbink|Body Press|p1a: Hippowdon\n|-damage|p1a: Hippowdon|7\/100\n|move|p1b: Palossand|Shadow Ball|p2b: Clefable\n|-damage|p2b: Clefable|76\/100\n|-unboost|p2b: Clefable|spd|1\n|move|p1a: Hippowdon|Whirlwind|p2a: Carbink\n|drag|p2a: Dragapult|Dragapult, M|95\/100\n|\n|-weather|Sandstorm|[upkeep]\n|-damage|p2a: Dragapult|89\/100|[from] Sandstorm\n|-damage|p2b: Clefable|70\/100|[from] Sandstorm\n|-heal|p1b: Palossand|73\/100|[from] item: Leftovers\n|upkeep\n|turn|6\n|\n|t:|1700278707\n|switch|p2b: Lurantis|Lurantis, M|100\/100\n|switch|p1a: Gastrodon|Gastrodon, M|100\/100\n|move|p2a: Dragapult|U-turn|p1a: Gastrodon\n|-damage|p1a: Gastrodon|62\/100\n|\n|t:|1700278713\n|switch|p2a: Carbink|Carbink|100\/100|[from] U-turn\n|move|p1b: Palossand|Iron Defense|p1b: Palossand\n|-boost|p1b: Palossand|def|2\n|\n|-weather|Sandstorm|[upkeep]\n|-damage|p2b: Lurantis|94\/100|[from] Sandstorm\n|-heal|p1a: Gastrodon|69\/100|[from] item: Leftovers\n|-heal|p1b: Palossand|80\/100|[from] item: Leftovers\n|upkeep\n|turn|7\n|\n|t:|1700278733\n|move|p2a: Carbink|Guard Split|p2b: Lurantis\n|-activate|p2a: Carbink|move: Guard Split|[of] p2b: Lurantis\n|move|p2b: Lurantis|Razor Leaf|p1b: Palossand|[spread] p1a,p1b\n|-supereffective|p1a: Gastrodon\n|-supereffective|p1b: Palossand\n|-damage|p1a: Gastrodon|0 fnt\n|-damage|p1b: Palossand|72\/100\n|faint|p1a: Gastrodon\n|move|p1b: Palossand|Shadow Ball|p2b: Lurantis\n|-damage|p2b: Lurantis|79\/100\n|\n|-weather|Sandstorm|[upkeep]\n|-damage|p2b: Lurantis|73\/100|[from] Sandstorm\n|-heal|p1b: Palossand|78\/100|[from] item: Leftovers\n|upkeep\n|c|\u26061000s are weird|u2\n|inactive|gengiholy has 120 seconds left.\n|\n|t:|1700278761\n|switch|p1a: Lycanroc|Lycanroc, M|100\/100\n|turn|8\n|inactive|gengiholy has 120 seconds left.\n|\n|t:|1700278801\n|move|p1a: Lycanroc|Bulk Up|p1a: Lycanroc\n|-boost|p1a: Lycanroc|atk|1\n|-boost|p1a: Lycanroc|def|1\n|move|p2a: Carbink|Light Screen|p2a: Carbink\n|-sidestart|p2: 1000s are weird|move: Light Screen\n|move|p2b: Lurantis|Superpower|p1a: Lycanroc\n|-supereffective|p1a: Lycanroc\n|-crit|p1a: Lycanroc\n|-damage|p1a: Lycanroc|0 fnt\n|-boost|p2b: Lurantis|atk|1\n|-boost|p2b: Lurantis|def|1\n|faint|p1a: Lycanroc\n|move|p1b: Palossand|Shore Up|p1b: Palossand\n|-heal|p1b: Palossand|100\/100\n|\n|-weather|none\n|upkeep\n|c|\u26061000s are weird|:O\n|-message|gengiholy forfeited.\n|\n|win|1000s are weird\n|raw|gengiholy's rating: 1070 &rarr; <strong>1045<\/strong><br \/>(-25 for losing)\n|raw|1000s are weird's rating: 1000 &rarr; <strong>1048<\/strong><br \/>(+48 for winning)\n|l|\u2606gengiholy\n","uploadtime":1700278820,"views":7,"p1id":"gengiholy","p2id":"1000sareweird","formatid":"gen9doublesou","rating":1045,"private":0,"password":""}