{"id":"gen9doublesou-1997187426","p1":"Yddeon","p2":"KeanuVGC","format":"[Gen 9] Doubles OU","log":"|j|\u2606Yddeon\n|j|\u2606KeanuVGC\n|t:|1700773491\n|gametype|doubles\n|player|p1|Yddeon|hooligans|\n|player|p2|KeanuVGC|ash-kalos|\n|teamsize|p1|6\n|teamsize|p2|6\n|gen|9\n|tier|[Gen 9] Doubles OU\n|rule|Species Clause: Limit one of each Pok\u00e9mon\n|rule|OHKO Clause: OHKO moves are banned\n|rule|Evasion Moves Clause: Evasion moves are banned\n|rule|Gravity Sleep Clause: The combination of sleep-inducing moves with imperfect accuracy and Gravity or Gigantamax Orbeetle are banned\n|rule|Endless Battle Clause: Forcing endless battles is banned\n|rule|HP Percentage Mod: HP is shown in percentages\n|clearpoke\n|poke|p1|Volcarona, M|\n|poke|p1|Landorus-Therian, M|\n|poke|p1|Amoonguss, F|\n|poke|p1|Iron Hands|\n|poke|p1|Chien-Pao|\n|poke|p1|Kingambit, M|\n|poke|p2|Ogerpon-Hearthflame, F|\n|poke|p2|Tornadus, M|\n|poke|p2|Landorus-Therian, M|\n|poke|p2|Flutter Mane|\n|poke|p2|Kingambit, M|\n|poke|p2|Walking Wake|\n|teampreview\n|c|\u2606KeanuVGC|glhf\n|j| BurntSkywalker\n|j| Had a Dream\n|j| Shiritu\n|c|\u2606Yddeon|glhf\n|j| EternalSnowman\n|l| EternalSnowman\n|j| Eragon11145\n|l|hadadream\n|l| Eragon11145\n|j| EternalSnowman\n|j| uyooiyoiu\n|j| seroo\n|j| IwantKEANU2sitonme\n|j|+Mizuhime\n|inactive|Battle timer is ON: inactive players will automatically lose when time's up. (requested by KeanuVGC)\n|j| Eragon11145\n|j| Peter Pan GC\n|l| Eragon11145\n|inactive|KeanuVGC has 270 seconds left.\n|\n|t:|1700773620\n|start\n|switch|p1a: Iron Hands|Iron Hands|100\/100\n|switch|p1b: Kingambit|Kingambit, M|100\/100\n|switch|p2a: Tornadus|Tornadus, M|100\/100\n|switch|p2b: Walking Wake|Walking Wake|100\/100\n|turn|1\n|c|\u2606KeanuVGC|\/log KeanuVGC made this room public.\n|\n|t:|1700773649\n|move|p1a: Iron Hands|Fake Out|p2b: Walking Wake\n|-damage|p2b: Walking Wake|84\/100\n|move|p2a: Tornadus|Sunny Day|p2a: Tornadus\n|-weather|SunnyDay\n|-activate|p2b: Walking Wake|ability: Protosynthesis\n|-start|p2b: Walking Wake|protosynthesisspe\n|cant|p2b: Walking Wake|flinch\n|move|p1b: Kingambit|Swords Dance|p1b: Kingambit\n|-boost|p1b: Kingambit|atk|2\n|\n|-weather|SunnyDay|[upkeep]\n|upkeep\n|turn|2\n|j| Eragon11145\n|\n|t:|1700773677\n|move|p1b: Kingambit|Protect|p1b: Kingambit\n|-singleturn|p1b: Kingambit|Protect\n|move|p2a: Tornadus|Tailwind|p2a: Tornadus\n|-sidestart|p2: KeanuVGC|move: Tailwind\n|move|p2b: Walking Wake|Flamethrower|p1b: Kingambit\n|-activate|p1b: Kingambit|move: Protect\n|move|p1a: Iron Hands|Drain Punch|p2b: Walking Wake\n|-damage|p2b: Walking Wake|37\/100\n|\n|-weather|SunnyDay|[upkeep]\n|upkeep\n|turn|3\n|j| NinjaSnapple\n|l| Eragon11145\n|inactive|KeanuVGC has 270 seconds left.\n|\n|t:|1700773726\n|switch|p2a: Landorus|Landorus-Therian, M|100\/100\n|-ability|p2a: Landorus|Intimidate|boost\n|-unboost|p1a: Iron Hands|atk|1\n|-unboost|p1b: Kingambit|atk|1\n|-ability|p1b: Kingambit|Defiant|boost\n|-boost|p1b: Kingambit|atk|2\n|move|p1b: Kingambit|Sucker Punch|p2b: Walking Wake\n|-damage|p2b: Walking Wake|0 fnt\n|faint|p2b: Walking Wake\n|-end|p2b: Walking Wake|Protosynthesis|[silent]\n|move|p1a: Iron Hands|Wild Charge|p2a: Landorus\n|-immune|p2a: Landorus\n|\n|-weather|SunnyDay|[upkeep]\n|upkeep\n|\n|t:|1700773733\n|switch|p2b: Ogerpon|Ogerpon-Hearthflame, F|100\/100\n|-ability|p2b: Ogerpon|Mold Breaker\n|turn|4\n|j| Eragon11145\n|l|iwantkeanu2sitonme\n|inactive|KeanuVGC has 270 seconds left.\n|\n|t:|1700773775\n|-end|p1a: Iron Hands|Quark Drive|[silent]\n|switch|p1a: Amoonguss|Amoonguss, F|100\/100\n|move|p1b: Kingambit|Protect|p1b: Kingambit\n|-singleturn|p1b: Kingambit|Protect\n|move|p2b: Ogerpon|Follow Me|p2b: Ogerpon\n|-singleturn|p2b: Ogerpon|move: Follow Me\n|move|p2a: Landorus|Stomping Tantrum|p1b: Kingambit\n|-activate|p1b: Kingambit|move: Protect\n|\n|-weather|SunnyDay|[upkeep]\n|upkeep\n|turn|5\n|l| Eragon11145\n|inactive|Yddeon has 270 seconds left.\n|\n|t:|1700773810\n|-terastallize|p1b: Kingambit|Fairy\n|move|p1a: Amoonguss|Rage Powder|p1a: Amoonguss\n|-singleturn|p1a: Amoonguss|move: Rage Powder\n|move|p2a: Landorus|Stomping Tantrum|p1a: Amoonguss\n|-damage|p1a: Amoonguss|67\/100\n|-damage|p2a: Landorus|84\/100|[from] item: Rocky Helmet|[of] p1a: Amoonguss\n|move|p2b: Ogerpon|Ivy Cudgel|p1b: Kingambit|[anim] Ivy Cudgel Fire\n|-damage|p1b: Kingambit|35\/100\n|move|p1b: Kingambit|Kowtow Cleave|p2b: Ogerpon\n|-damage|p2b: Ogerpon|0 fnt\n|faint|p2b: Ogerpon\n|\n|-weather|none\n|-sideend|p2: KeanuVGC|move: Tailwind\n|upkeep\n|j| Eragon11145\n|\n|t:|1700773829\n|switch|p2b: Tornadus|Tornadus, M|100\/100\n|turn|6\n|inactive|KeanuVGC has 270 seconds left.\n|j| IwantKEANU2sitonme\n|\n|t:|1700773842\n|switch|p2a: Kingambit|Kingambit, M, shiny|100\/100\n|-activate|p2a: Kingambit|ability: Supreme Overlord\n|-start|p2a: Kingambit|fallen2|[silent]\n|switch|p1a: Landorus|Landorus-Therian, M|100\/100\n|-ability|p1a: Landorus|Intimidate|boost\n|-unboost|p2a: Kingambit|atk|1\n|-unboost|p2b: Tornadus|atk|1\n|move|p2b: Tornadus|Taunt|p1a: Landorus\n|-start|p1a: Landorus|move: Taunt\n|move|p1b: Kingambit|Sucker Punch||[still]\n|-fail|p1b: Kingambit\n|\n|upkeep\n|turn|7\n|inactive|KeanuVGC has 270 seconds left.\n|l| IwantKEANU2sitonme\n|l| Eragon11145\n|inactive|KeanuVGC has 240 seconds left.\n|j| R4ye\n|j| Eragon11145\n|inactive|KeanuVGC has 210 seconds left.\n|inactive|KeanuVGC has 180 seconds left.\n|l|\u2606Yddeon\n|inactive|Yddeon disconnected and has 300 seconds to reconnect!\n|player|p1|\n|\n|t:|1700773975\n|-terastallize|p2a: Kingambit|Dark\n|move|p1b: Kingambit|Protect|p1b: Kingambit\n|-singleturn|p1b: Kingambit|Protect\n|move|p2b: Tornadus|Tailwind|p2b: Tornadus\n|-sidestart|p2: KeanuVGC|move: Tailwind\n|move|p1a: Landorus|U-turn|p2a: Kingambit\n|-supereffective|p2a: Kingambit\n|-damage|p2a: Kingambit|62\/100\n|l|+Mizuhime\n|inactive|Yddeon has 270 seconds to reconnect!\n|l| Eragon11145\n|inactive|Yddeon has 240 seconds to reconnect!\n|c|\u2606KeanuVGC|shiritu\/seroo is bro still at the airport\n|c| Shiritu|He is in the airport, the internet was gone Ig\n|c|\u2606KeanuVGC|ye\n|c| Shiritu|Yeah he is\n|c| Shiritu|But he will appear\n|j|\u2606Yddeon\n|inactive|Yddeon reconnected and has 300 seconds left.\n|player|p1|Yddeon|hooligans\n|c| Shiritu|He is sitting playing with the pc there\n|j| ina fable\n|l| EternalSnowman\n|c|\u2606Yddeon|sorryy\n|c|\u2606KeanuVGC|bro got a pc setup in the airport\n|c|\u2606KeanuVGC|?\n|c|\u2606KeanuVGC|dayummm\n|\n|t:|1700774076\n|switch|p1a: Iron Hands|Iron Hands|100\/100|[from] U-turn\n|move|p2a: Kingambit|Swords Dance|p2a: Kingambit\n|-boost|p2a: Kingambit|atk|2\n|\n|upkeep\n|turn|8\n|inactive|KeanuVGC has 180 seconds left.\n|j| Eragon11145\n|c|\u2606Yddeon|im playing with my latpo hahaha\n|l| Eragon11145\n|c| ina fable|LOL\n|c|\u2606KeanuVGC|lmaoooo\n|c|\u2606Yddeon|laptop\n|\n|t:|1700774113\n|move|p2a: Kingambit|Protect|p2a: Kingambit\n|-singleturn|p2a: Kingambit|Protect\n|move|p1a: Iron Hands|Fake Out|p2a: Kingambit\n|-activate|p2a: Kingambit|move: Protect\n|move|p2b: Tornadus|Bleakwind Storm|p1b: Kingambit|[spread] p1a,p1b\n|-damage|p1a: Iron Hands|82\/100\n|-damage|p1b: Kingambit|0 fnt\n|-unboost|p1a: Iron Hands|spe|1\n|faint|p1b: Kingambit\n|\n|upkeep\n|\n|t:|1700774122\n|switch|p1b: Landorus|Landorus-Therian, M|100\/100\n|-ability|p1b: Landorus|Intimidate|boost\n|-unboost|p2a: Kingambit|atk|1\n|-unboost|p2b: Tornadus|atk|1\n|turn|9\n|inactive|KeanuVGC has 180 seconds left.\n|j| EternalSnowman\n|\n|t:|1700774136\n|-end|p2a: Kingambit|fallen2|[silent]\n|switch|p2a: Landorus|Landorus-Therian, M|84\/100\n|-ability|p2a: Landorus|Intimidate|boost\n|-unboost|p1a: Iron Hands|atk|1\n|-unboost|p1b: Landorus|atk|1\n|move|p2b: Tornadus|Sunny Day|p2b: Tornadus\n|-weather|SunnyDay\n|move|p1b: Landorus|U-turn|p2b: Tornadus\n|-resisted|p2b: Tornadus\n|-damage|p2b: Tornadus|90\/100\n|inactive|Yddeon has 270 seconds left.\n|\n|t:|1700774164\n|switch|p1b: Chien-Pao|Chien-Pao|100\/100|[from] U-turn\n|-ability|p1b: Chien-Pao|Sword of Ruin\n|move|p1a: Iron Hands|Drain Punch|p2a: Landorus\n|-resisted|p2a: Landorus\n|-damage|p2a: Landorus|64\/100\n|-heal|p1a: Iron Hands|89\/100|[from] drain|[of] p2a: Landorus\n|\n|-weather|SunnyDay|[upkeep]\n|upkeep\n|turn|10\n|inactive|KeanuVGC has 180 seconds left.\n|\n|t:|1700774215\n|-end|p1a: Iron Hands|Quark Drive|[silent]\n|switch|p1a: Landorus|Landorus-Therian, M|100\/100\n|-ability|p1a: Landorus|Intimidate|boost\n|-unboost|p2a: Landorus|atk|1\n|-unboost|p2b: Tornadus|atk|1\n|move|p1b: Chien-Pao|Protect|p1b: Chien-Pao\n|-singleturn|p1b: Chien-Pao|Protect\n|move|p2a: Landorus|U-turn|p1a: Landorus\n|-resisted|p1a: Landorus\n|-damage|p1a: Landorus|86\/100\n|\n|t:|1700774229\n|switch|p2a: Flutter Mane|Flutter Mane|100\/100|[from] U-turn\n|-activate|p2a: Flutter Mane|ability: Protosynthesis\n|-start|p2a: Flutter Mane|protosynthesisspa\n|move|p2b: Tornadus|Bleakwind Storm|p1a: Landorus|[spread] \n|-activate|p1b: Chien-Pao|move: Protect\n|-miss|p2b: Tornadus|p1a: Landorus\n|\n|-weather|SunnyDay|[upkeep]\n|-sideend|p2: KeanuVGC|move: Tailwind\n|upkeep\n|turn|11\n|j| Eragon11145\n|inactive|Yddeon has 270 seconds left.\n|\n|t:|1700774260\n|move|p2b: Tornadus|Tailwind|p2b: Tornadus\n|-sidestart|p2: KeanuVGC|move: Tailwind\n|move|p2a: Flutter Mane|Dazzling Gleam|p1a: Landorus|[spread] p1a,p1b\n|-supereffective|p1b: Chien-Pao\n|-damage|p1a: Landorus|10\/100\n|-enditem|p1b: Chien-Pao|Focus Sash\n|-damage|p1b: Chien-Pao|1\/100\n|move|p1a: Landorus|Rock Slide|p2b: Tornadus|[spread] p2b\n|-miss|p1a: Landorus|p2a: Flutter Mane\n|-supereffective|p2b: Tornadus\n|-damage|p2b: Tornadus|25\/100\n|-enditem|p2b: Tornadus|Sitrus Berry|[eat]\n|-heal|p2b: Tornadus|50\/100|[from] item: Sitrus Berry\n|move|p1b: Chien-Pao|Ice Spinner|p2a: Flutter Mane\n|-damage|p2a: Flutter Mane|4\/100\n|\n|-weather|SunnyDay|[upkeep]\n|upkeep\n|turn|12\n|inactive|KeanuVGC has 180 seconds left.\n|l| ina fable\n|inactive|Yddeon has 270 seconds left.\n|inactive|KeanuVGC has 150 seconds left.\n|inactive|KeanuVGC has 120 seconds left.\n|\n|t:|1700774335\n|-end|p2a: Flutter Mane|Protosynthesis|[silent]\n|switch|p2a: Landorus|Landorus-Therian, M|64\/100\n|-ability|p2a: Landorus|Intimidate|boost\n|-unboost|p1a: Landorus|atk|1\n|-unboost|p1b: Chien-Pao|atk|1\n|switch|p1a: Iron Hands|Iron Hands|89\/100\n|move|p1b: Chien-Pao|Protect|p1b: Chien-Pao\n|-singleturn|p1b: Chien-Pao|Protect\n|move|p2b: Tornadus|Bleakwind Storm|p1b: Chien-Pao|[spread] p1a\n|-activate|p1b: Chien-Pao|move: Protect\n|-damage|p1a: Iron Hands|70\/100\n|\n|-weather|SunnyDay|[upkeep]\n|upkeep\n|turn|13\n|j| ina fable\n|inactive|KeanuVGC has 120 seconds left.\n|\n|t:|1700774361\n|switch|p1b: Landorus|Landorus-Therian, M|10\/100\n|-ability|p1b: Landorus|Intimidate|boost\n|-unboost|p2a: Landorus|atk|1\n|-unboost|p2b: Tornadus|atk|1\n|move|p2a: Landorus|Stomping Tantrum|p1a: Iron Hands\n|-supereffective|p1a: Iron Hands\n|-damage|p1a: Iron Hands|28\/100\n|move|p2b: Tornadus|Bleakwind Storm|p1b: Landorus|[spread] p1b\n|-miss|p2b: Tornadus|p1a: Iron Hands\n|-damage|p1b: Landorus|0 fnt\n|faint|p1b: Landorus\n|move|p1a: Iron Hands|Wild Charge|p2b: Tornadus\n|-supereffective|p2b: Tornadus\n|-damage|p2b: Tornadus|0 fnt\n|faint|p2b: Tornadus\n|-damage|p1a: Iron Hands|19\/100|[from] Recoil\n|\n|-weather|none\n|upkeep\n|inactive|KeanuVGC has 120 seconds left.\n|\n|t:|1700774398\n|switch|p2b: Flutter Mane|Flutter Mane|4\/100\n|switch|p1b: Volcarona|Volcarona, M|100\/100\n|turn|14\n|inactive|Yddeon has 270 seconds left.\n|inactive|KeanuVGC has 120 seconds left.\n|\n|t:|1700774419\n|-end|p1a: Iron Hands|Quark Drive|[silent]\n|switch|p1a: Amoonguss|Amoonguss, F|99\/100\n|move|p2a: Landorus|Stomping Tantrum|p1a: Amoonguss\n|-damage|p1a: Amoonguss|75\/100\n|-damage|p2a: Landorus|47\/100|[from] item: Rocky Helmet|[of] p1a: Amoonguss\n|move|p2b: Flutter Mane|Psyshock|p1b: Volcarona\n|-damage|p1b: Volcarona|46\/100\n|move|p1b: Volcarona|Heat Wave|p2a: Landorus|[spread] p2a,p2b\n|-damage|p2a: Landorus|0 fnt\n|-damage|p2b: Flutter Mane|0 fnt\n|faint|p2a: Landorus\n|faint|p2b: Flutter Mane\n|-end|p2b: Flutter Mane|Protosynthesis|[silent]\n|\n|-heal|p1b: Volcarona|53\/100|[from] item: Leftovers\n|-sideend|p2: KeanuVGC|move: Tailwind\n|upkeep\n|\n|t:|1700774429\n|switch|p2b: Kingambit|Kingambit, M, shiny, tera:Dark|62\/100\n|-activate|p2b: Kingambit|ability: Supreme Overlord\n|-start|p2b: Kingambit|fallen5|[silent]\n|turn|15\n|c|\u2606KeanuVGC|gg\n|\n|t:|1700774437\n|move|p1a: Amoonguss|Rage Powder|p1a: Amoonguss\n|-singleturn|p1a: Amoonguss|move: Rage Powder\n|move|p1b: Volcarona|Bug Buzz|p2b: Kingambit\n|-supereffective|p2b: Kingambit\n|-damage|p2b: Kingambit|0 fnt\n|faint|p2b: Kingambit\n|-end|p2b: Kingambit|fallen5|[silent]\n|\n|win|Yddeon\n|l| R4ye\n|c|\u2606Yddeon|gg man\n|l|\u2606KeanuVGC\n","uploadtime":1700774445,"views":84,"p1id":"yddeon","p2id":"keanuvgc","formatid":"gen9doublesou","rating":0,"private":0,"password":""}