{"id":"gen9doublesou-1999959212","p1":"830r","p2":"Angello7796","format":"[Gen 9] Doubles OU","log":"|j|\u2606830r\n|j|\u2606Angello7796\n|t:|1701134699\n|gametype|doubles\n|player|p1|830r|veteran|1232\n|player|p2|Angello7796|hilbert|1351\n|teamsize|p1|5\n|teamsize|p2|6\n|gen|9\n|tier|[Gen 9] Doubles OU\n|rated|\n|rule|Species Clause: Limit one of each Pok\u00e9mon\n|rule|OHKO Clause: OHKO moves are banned\n|rule|Evasion Moves Clause: Evasion moves are banned\n|rule|Gravity Sleep Clause: The combination of sleep-inducing moves with imperfect accuracy and Gravity or Gigantamax Orbeetle are banned\n|rule|Endless Battle Clause: Forcing endless battles is banned\n|rule|HP Percentage Mod: HP is shown in percentages\n|clearpoke\n|poke|p1|Sneasler, M|\n|poke|p1|Tornadus, M|\n|poke|p1|Regidrago|\n|poke|p1|Iron Moth|\n|poke|p1|Flutter Mane|\n|poke|p2|Cresselia, F|\n|poke|p2|Scizor, F|\n|poke|p2|Armarouge, M|\n|poke|p2|Iron Bundle|\n|poke|p2|Ninetales-Alola, F|\n|poke|p2|Mamoswine, M|\n|teampreview\n|inactive|Battle timer is ON: inactive players will automatically lose when time's up. (requested by Angello7796)\n|inactive|830r also wants the timer to be on.\n|c|\u2606830r|Glhf\n|inactive|Angello7796 has 120 seconds left.\n|\n|t:|1701134735\n|start\n|switch|p1a: Sneasler|Sneasler, M|100\/100\n|switch|p1b: Tornadus|Tornadus, M|100\/100\n|switch|p2a: Scizor|Scizor, F|100\/100\n|switch|p2b: Mamoswine|Mamoswine, M|100\/100\n|turn|1\n|\n|t:|1701134759\n|move|p2b: Mamoswine|Protect|p2b: Mamoswine\n|-singleturn|p2b: Mamoswine|Protect\n|move|p1a: Sneasler|Fake Out|p2b: Mamoswine\n|-activate|p2b: Mamoswine|move: Protect\n|move|p1b: Tornadus|Swagger|p2b: Mamoswine\n|-activate|p2b: Mamoswine|move: Protect\n|move|p2a: Scizor|Tailwind|p2a: Scizor\n|-sidestart|p2: Angello7796|move: Tailwind\n|\n|upkeep\n|turn|2\n|c|\u2606Angello7796|!dt swagger\n|raw|<ul class=\"utilichart\"><li class=\"result\"><span class=\"col movenamecol\"><a href=\"https:\/\/dex.pokemonshowdown.com\/moves\/swagger\">Swagger<\/a><\/span> <span class=\"col typecol\"><img src=\"\/\/play.pokemonshowdown.com\/sprites\/types\/Normal.png\" alt=\"Normal\" width=\"32\" height=\"14\"><img src=\"\/\/play.pokemonshowdown.com\/sprites\/categories\/Status.png\" alt=\"Status\" width=\"32\" height=\"14\"><\/span> <span class=\"col widelabelcol\"><em>Accuracy<\/em><br>85%<\/span> <span class=\"col pplabelcol\"><em>PP<\/em><br>24<\/span> <span class=\"col movedesccol\">Raises the target's Attack by 2 and confuses it.<\/span> <\/li><li style=\"clear:both\"><\/li><\/ul>\n|raw|<font size=\"1\"><font color=\"#686868\">Priority:<\/font> 0&nbsp;|&ThickSpace;<font color=\"#686868\">Gen:<\/font> 2&nbsp;|&ThickSpace;&#10003; Bounceable&nbsp;|&ThickSpace;<font color=\"#686868\">Z-Effect:<\/font> Restores negative stat stages to 0&nbsp;|&ThickSpace;<font color=\"#686868\">Target:<\/font> One Adjacent Pok\u00e9mon<\/font>\n\n|inactive|Angello7796 has 120 seconds left.\n|\n|t:|1701134792\n|switch|p2b: Ninetales|Ninetales-Alola, F|100\/100\n|-weather|Snow|[from] ability: Snow Warning|[of] p2b: Ninetales\n|move|p1b: Tornadus|Swagger|p2b: Ninetales\n|-boost|p2b: Ninetales|atk|2\n|-enditem|p1b: Tornadus|Mirror Herb\n|-boost|p1b: Tornadus|atk|2|[from] item: Mirror Herb\n|-enditem|p1a: Sneasler|Mirror Herb\n|-boost|p1a: Sneasler|atk|2|[from] item: Mirror Herb\n|-start|p2b: Ninetales|confusion\n|move|p1a: Sneasler|Close Combat|p2a: Scizor\n|-enditem|p2a: Scizor|Focus Sash\n|-damage|p2a: Scizor|1\/100\n|-unboost|p1a: Sneasler|def|1\n|-unboost|p1a: Sneasler|spd|1\n|move|p2a: Scizor|U-turn|p1b: Tornadus\n|-resisted|p1b: Tornadus\n|-damage|p1b: Tornadus|77\/100\n|inactive|Angello7796 has 120 seconds left.\n|\n|t:|1701134811\n|switch|p2a: Mamoswine|Mamoswine, M|100\/100|[from] U-turn\n|\n|-weather|Snow|[upkeep]\n|upkeep\n|turn|3\n|inactive|Angello7796 has 120 seconds left.\n|\n|t:|1701134837\n|move|p2a: Mamoswine|Ice Shard|p1b: Tornadus\n|-supereffective|p1b: Tornadus\n|-damage|p1b: Tornadus|12\/100\n|-activate|p2b: Ninetales|confusion\n|move|p2b: Ninetales|Blizzard|p1a: Sneasler|[spread] p1a,p1b\n|-supereffective|p1b: Tornadus\n|-damage|p1a: Sneasler|40\/100\n|-damage|p1b: Tornadus|0 fnt\n|faint|p1b: Tornadus\n|move|p1a: Sneasler|Close Combat|p2a: Mamoswine\n|-supereffective|p2a: Mamoswine\n|-damage|p2a: Mamoswine|0 fnt\n|-unboost|p1a: Sneasler|def|1\n|-unboost|p1a: Sneasler|spd|1\n|faint|p2a: Mamoswine\n|\n|-weather|Snow|[upkeep]\n|upkeep\n|inactive|Angello7796 has 120 seconds left.\n|inactive|830r has 120 seconds left.\n|\n|t:|1701134869\n|switch|p1b: Support support|Iron Moth|100\/100\n|switch|p2a: Armarouge|Armarouge, M|100\/100\n|-enditem|p1b: Support support|Booster Energy\n|-activate|p1b: Support support|ability: Quark Drive|[fromitem]\n|-start|p1b: Support support|quarkdrivespa\n|turn|4\n|inactive|Angello7796 has 120 seconds left.\n|\n|t:|1701134897\n|switch|p2b: Scizor|Scizor, F|1\/100\n|move|p1a: Sneasler|Close Combat|p2b: Scizor\n|-damage|p2b: Scizor|0 fnt\n|-unboost|p1a: Sneasler|def|1\n|-unboost|p1a: Sneasler|spd|1\n|faint|p2b: Scizor\n|move|p2a: Armarouge|Expanding Force|p1a: Sneasler\n|-supereffective|p1a: Sneasler\n|-damage|p1a: Sneasler|0 fnt\n|faint|p1a: Sneasler\n|-damage|p2a: Armarouge|91\/100|[from] item: Life Orb\n|move|p1b: Support support|Dazzling Gleam|p2a: Armarouge\n|-resisted|p2a: Armarouge\n|-damage|p2a: Armarouge|65\/100\n|\n|-weather|Snow|[upkeep]\n|-sideend|p2: Angello7796|move: Tailwind\n|upkeep\n|\n|t:|1701134918\n|switch|p1a: Flutter Mane|Flutter Mane|100\/100\n|switch|p2b: Iron Bundle|Iron Bundle|100\/100\n|-enditem|p2b: Iron Bundle|Booster Energy\n|-activate|p2b: Iron Bundle|ability: Quark Drive|[fromitem]\n|-start|p2b: Iron Bundle|quarkdrivespe\n|-enditem|p1a: Flutter Mane|Booster Energy\n|-activate|p1a: Flutter Mane|ability: Protosynthesis|[fromitem]\n|-start|p1a: Flutter Mane|protosynthesisspa\n|turn|5\n|\n|t:|1701134940\n|move|p2b: Iron Bundle|Freeze-Dry|p2a: Armarouge\n|-resisted|p2a: Armarouge\n|-damage|p2a: Armarouge|42\/100\n|move|p1a: Flutter Mane|Dark Pulse|p2a: Armarouge\n|-supereffective|p2a: Armarouge\n|-damage|p2a: Armarouge|0 fnt\n|faint|p2a: Armarouge\n|move|p1b: Support support|Heat Wave|p2b: Iron Bundle\n|-damage|p2b: Iron Bundle|0 fnt\n|faint|p2b: Iron Bundle\n|-end|p2b: Iron Bundle|Quark Drive|[silent]\n|\n|-weather|Snow|[upkeep]\n|upkeep\n|-message|Angello7796 forfeited.\n|\n|win|830r\n|raw|830r's rating: 1232 &rarr; <strong>1265<\/strong><br \/>(+33 for winning)\n|raw|Angello7796's rating: 1351 &rarr; <strong>1324<\/strong><br \/>(-27 for losing)\n|l|\u2606Angello7796\n","uploadtime":1701134953,"views":6,"p1id":"830r","p2id":"angello7796","formatid":"gen9doublesou","rating":1265,"private":0,"password":""}