{"id":"gen9doublesou-1968822077","p1":"Jing2","p2":"ghkdyjjyst","format":"[Gen 9] Doubles OU","log":"|j|\u2606Jing2\n|j|\u2606ghkdyjjyst\n|t:|1697467680\n|gametype|doubles\n|player|p1|Jing2|red|1067\n|player|p2|ghkdyjjyst|101|1000\n|teamsize|p1|6\n|teamsize|p2|6\n|gen|9\n|tier|[Gen 9] Doubles OU\n|rated|\n|rule|Species Clause: Limit one of each Pok\u00e9mon\n|rule|OHKO Clause: OHKO moves are banned\n|rule|Evasion Moves Clause: Evasion moves are banned\n|rule|Gravity Sleep Clause: The combination of sleep-inducing moves with imperfect accuracy and Gravity or Gigantamax Orbeetle are banned\n|rule|Endless Battle Clause: Forcing endless battles is banned\n|rule|HP Percentage Mod: HP is shown in percentages\n|clearpoke\n|poke|p1|Typhlosion, F|\n|poke|p1|Ribombee, F|\n|poke|p1|Torkoal, M|\n|poke|p1|Ninetales, F|\n|poke|p1|Palafin, F|\n|poke|p1|Amoonguss, F|\n|poke|p2|Grafaiai, M|\n|poke|p2|Slaking, F|\n|poke|p2|Corviknight, M|\n|poke|p2|Enamorus, F|\n|poke|p2|Blissey, F|\n|poke|p2|Flutter Mane|\n|teampreview\n|l|\u2606Jing2\n|player|p1|\n|inactive|Battle timer is ON: inactive players will automatically lose when time's up. (requested by ghkdyjjyst)\n|inactive|Jing2 has 30 seconds to reconnect!\n|inactive|Jing2 has 20 seconds to reconnect!\n|j|\u2606Jing2\n|inactive|Jing2 reconnected and has 110 seconds left.\n|player|p1|Jing2|red\n|\n|t:|1697467728\n|start\n|switch|p1a: Ribombee|Ribombee, F|100\/100\n|switch|p1b: Palafin|Palafin, F|100\/100\n|switch|p2a: Blissey|Blissey, F|100\/100\n|switch|p2b: Flutter Mane|Flutter Mane|100\/100\n|turn|1\n|\n|t:|1697467746\n|move|p2b: Flutter Mane|Dazzling Gleam|p1a: Ribombee|[spread] p1a,p1b\n|-damage|p1a: Ribombee|11\/100\n|-damage|p1b: Palafin|36\/100\n|move|p1a: Ribombee|Sticky Web|p2a: Blissey\n|-sidestart|p2: ghkdyjjyst|move: Sticky Web\n|move|p1b: Palafin|Flip Turn|p2b: Flutter Mane\n|-damage|p2b: Flutter Mane|28\/100\n|\n|t:|1697467754\n|detailschange|p1b: Palafin|Palafin-Hero, F\n|switch|p1b: Ninetales|Ninetales, F|100\/100|[from] Flip Turn\n|-weather|SunnyDay|[from] ability: Drought|[of] p1b: Ninetales\n|-activate|p2b: Flutter Mane|ability: Protosynthesis\n|-start|p2b: Flutter Mane|protosynthesisspe\n|move|p2a: Blissey|Thunder Wave|p1b: Ninetales\n|-status|p1b: Ninetales|par\n|\n|-weather|SunnyDay|[upkeep]\n|upkeep\n|turn|2\n|\n|t:|1697467769\n|cant|p1b: Ninetales|par\n|move|p2b: Flutter Mane|Dazzling Gleam|p1b: Ninetales|[spread] p1a,p1b\n|-resisted|p1b: Ninetales\n|-damage|p1a: Ribombee|0 fnt\n|-damage|p1b: Ninetales|84\/100 par\n|faint|p1a: Ribombee\n|move|p2a: Blissey|Life Dew||[still]|[spread] p2a,p2b\n|-fail|p2a: Blissey|heal\n|-heal|p2b: Flutter Mane|53\/100\n|\n|-weather|SunnyDay|[upkeep]\n|upkeep\n|\n|t:|1697467774\n|switch|p1a: Etna|Typhlosion, F|100\/100\n|turn|3\n|\n|t:|1697467784\n|-terastallize|p1a: Etna|Fire\n|move|p1b: Ninetales|Helping Hand|p1a: Etna\n|-singleturn|p1a: Etna|Helping Hand|[of] p1b: Ninetales\n|move|p2b: Flutter Mane|Dazzling Gleam|p1b: Ninetales|[spread] p1a,p1b\n|-resisted|p1a: Etna\n|-resisted|p1b: Ninetales\n|-damage|p1a: Etna|71\/100\n|-damage|p1b: Ninetales|68\/100 par\n|move|p1a: Etna|Eruption|p2b: Flutter Mane|[spread] p2a,p2b\n|-damage|p2a: Blissey|56\/100\n|-damage|p2b: Flutter Mane|0 fnt\n|faint|p2b: Flutter Mane\n|-end|p2b: Flutter Mane|Protosynthesis|[silent]\n|move|p2a: Blissey|Rock Slide|p1b: Ninetales|[spread] p1a,p1b\n|-supereffective|p1a: Etna\n|-supereffective|p1b: Ninetales\n|-damage|p1a: Etna|61\/100\n|-damage|p1b: Ninetales|62\/100 par\n|\n|-weather|SunnyDay|[upkeep]\n|-heal|p2a: Blissey|62\/100|[from] item: Leftovers\n|upkeep\n|\n|t:|1697467809\n|switch|p2b: Grafaiai|Grafaiai, M|100\/100\n|-activate|p2b: Grafaiai|move: Sticky Web\n|-unboost|p2b: Grafaiai|spe|1\n|turn|4\n|\n|t:|1697467820\n|switch|p2a: Slaking|Slaking, F|100\/100\n|-activate|p2a: Slaking|move: Sticky Web\n|-unboost|p2a: Slaking|spe|1\n|move|p1b: Ninetales|Helping Hand|p1a: Etna\n|-singleturn|p1a: Etna|Helping Hand|[of] p1b: Ninetales\n|move|p2b: Grafaiai|Doodle|p1a: Etna\n|-endability|p2a: Slaking|Truant|[from] move: Doodle\n|-ability|p2a: Slaking|Flash Fire|[from] move: Doodle\n|-endability|p2b: Grafaiai|Prankster|[from] move: Doodle\n|-ability|p2b: Grafaiai|Flash Fire|[from] move: Doodle\n|move|p1a: Etna|Eruption|p2a: Slaking|[spread] \n|-start|p2a: Slaking|ability: Flash Fire\n|-start|p2b: Grafaiai|ability: Flash Fire\n|\n|-weather|SunnyDay|[upkeep]\n|upkeep\n|turn|5\n|-message|Jing2 forfeited.\n|\n|win|ghkdyjjyst\n|raw|Jing2's rating: 1093 &rarr; <strong>1063<\/strong><br \/>(-30 for losing)\n|raw|ghkdyjjyst's rating: 1000 &rarr; <strong>1050<\/strong><br \/>(+50 for winning)\n|l|\u2606Jing2\n","uploadtime":1697467849,"views":20,"p1id":"jing2","p2id":"ghkdyjjyst","formatid":"gen9doublesou","rating":1050,"private":0,"password":""}