{"id":"gen9doublesou-1969245771","p1":"MahKhadarAhmed","p2":"Samirsin\u2605","format":"[Gen 9] Doubles OU","log":"|j|\u2606MahKhadarAhmed\n|j|\u2606Samirsin\u2605\n|t:|1697505561\n|gametype|doubles\n|player|p1|MahKhadarAhmed|101|1433\n|player|p2|Samirsin\u2605|theroyal|1313\n|teamsize|p1|6\n|teamsize|p2|6\n|gen|9\n|tier|[Gen 9] Doubles OU\n|rated|\n|rule|Species Clause: Limit one of each Pok\u00e9mon\n|rule|OHKO Clause: OHKO moves are banned\n|rule|Evasion Moves Clause: Evasion moves are banned\n|rule|Gravity Sleep Clause: The combination of sleep-inducing moves with imperfect accuracy and Gravity or Gigantamax Orbeetle are banned\n|rule|Endless Battle Clause: Forcing endless battles is banned\n|rule|HP Percentage Mod: HP is shown in percentages\n|clearpoke\n|poke|p1|Corviknight, M|\n|poke|p1|Braviary, M|\n|poke|p1|Tornadus, M|\n|poke|p1|Gyarados, F|\n|poke|p1|Hawlucha, F|\n|poke|p1|Kilowattrel, F|\n|poke|p2|Iron Bundle|\n|poke|p2|Iron Valiant|\n|poke|p2|Gengar, F|\n|poke|p2|Tinkaton, F|\n|poke|p2|Grafaiai, M|\n|poke|p2|Chi-Yu|\n|teampreview\n|\n|t:|1697505577\n|start\n|switch|p1a: Tornadus|Tornadus, M|100\/100\n|switch|p1b: Kilowattrel|Kilowattrel, F|100\/100\n|switch|p2a: Ms. King Kong|Tinkaton, F|100\/100\n|switch|p2b: Vladi|Grafaiai, M|100\/100\n|turn|1\n|\n|t:|1697505587\n|-terastallize|p2a: Ms. King Kong|Rock\n|move|p2b: Vladi|Swagger|p2a: Ms. King Kong\n|-boost|p2a: Ms. King Kong|atk|2\n|-immune|p2a: Ms. King Kong|confusion|[from] ability: Own Tempo\n|move|p1a: Tornadus|Tailwind|p1a: Tornadus\n|-sidestart|p1: MahKhadarAhmed|move: Tailwind\n|-start|p1b: Kilowattrel|Charge|Tailwind|[from] ability: Wind Power\n|move|p1b: Kilowattrel|Volt Switch|p2b: Vladi\n|-damage|p2b: Vladi|0 fnt\n|faint|p2b: Vladi\n|-damage|p1b: Kilowattrel|91\/100|[from] item: Life Orb\n|-end|p1b: Kilowattrel|Charge|[silent]\n|\n|t:|1697505602\n|switch|p1b: Hawlucha|Hawlucha, F|100\/100|[from] Volt Switch\n|move|p2a: Ms. King Kong|Rock Slide|p1b: Hawlucha|[spread] p1a,p1b\n|-supereffective|p1a: Tornadus\n|-damage|p1a: Tornadus|0 fnt\n|-damage|p1b: Hawlucha|38\/100\n|faint|p1a: Tornadus\n|\n|upkeep\n|\n|t:|1697505617\n|switch|p2b: \u00d1ung\u00fcimo|Iron Bundle|100\/100\n|switch|p1a: Gyarados|Gyarados, F|100\/100\n|-enditem|p2b: \u00d1ung\u00fcimo|Booster Energy\n|-activate|p2b: \u00d1ung\u00fcimo|ability: Quark Drive|[fromitem]\n|-start|p2b: \u00d1ung\u00fcimo|quarkdrivespe\n|turn|2\n|\n|t:|1697505635\n|move|p1b: Hawlucha|Drain Punch|p2b: \u00d1ung\u00fcimo\n|-supereffective|p2b: \u00d1ung\u00fcimo\n|-damage|p2b: \u00d1ung\u00fcimo|14\/100\n|-heal|p1b: Hawlucha|75\/100|[from] drain|[of] p2b: \u00d1ung\u00fcimo\n|move|p2b: \u00d1ung\u00fcimo|Icy Wind|p1b: Hawlucha|[spread] p1a,p1b\n|-supereffective|p1b: Hawlucha\n|-damage|p1a: Gyarados|79\/100\n|-damage|p1b: Hawlucha|5\/100\n|-unboost|p1a: Gyarados|spe|1\n|-unboost|p1b: Hawlucha|spe|1\n|move|p1a: Gyarados|Earthquake|p2a: Ms. King Kong|[spread] p2a,p2b\n|-immune|p1b: Hawlucha\n|-supereffective|p2a: Ms. King Kong\n|-damage|p2a: Ms. King Kong|29\/100\n|-damage|p2b: \u00d1ung\u00fcimo|0 fnt\n|faint|p2b: \u00d1ung\u00fcimo\n|-end|p2b: \u00d1ung\u00fcimo|Quark Drive|[silent]\n|-ability|p1a: Gyarados|Moxie|boost\n|-boost|p1a: Gyarados|atk|1\n|move|p2a: Ms. King Kong|Rock Slide|p1a: Gyarados|[spread] p1a,p1b\n|-supereffective|p1a: Gyarados\n|-damage|p1a: Gyarados|0 fnt\n|-damage|p1b: Hawlucha|0 fnt\n|faint|p1a: Gyarados\n|faint|p1b: Hawlucha\n|\n|upkeep\n|\n|t:|1697505654\n|switch|p2b: Bledo|Gengar, F|100\/100\n|switch|p1b: Braviary|Braviary, M|100\/100\n|switch|p1a: Corviknight|Corviknight, M|100\/100\n|turn|3\n|\n|t:|1697505662\n|move|p1b: Braviary|Brave Bird|p2b: Bledo\n|-enditem|p2b: Bledo|Focus Sash\n|-damage|p2b: Bledo|1\/100\n|-start|p1b: Braviary|Disable|Brave Bird|[from] ability: Cursed Body|[of] p2b: Bledo\n|-damage|p1b: Braviary|75\/100|[from] Recoil\n|move|p2b: Bledo|Icy Wind|p1a: Corviknight|[spread] p1a,p1b\n|-supereffective|p1b: Braviary\n|-damage|p1a: Corviknight|91\/100\n|-damage|p1b: Braviary|38\/100\n|-ability|p1a: Corviknight|Mirror Armor\n|-unboost|p2b: Bledo|spe|1\n|-unboost|p1b: Braviary|spe|1\n|move|p1a: Corviknight|Body Press|p2a: Ms. King Kong\n|-supereffective|p2a: Ms. King Kong\n|-damage|p2a: Ms. King Kong|0 fnt\n|faint|p2a: Ms. King Kong\n|\n|-heal|p1a: Corviknight|97\/100|[from] item: Leftovers\n|upkeep\n|\n|t:|1697505676\n|switch|p2a: Glugluglu|Chi-Yu|100\/100\n|-ability|p2a: Glugluglu|Beads of Ruin\n|turn|4\n|\n|t:|1697505687\n|switch|p1b: Kilowattrel|Kilowattrel, F|91\/100\n|move|p1a: Corviknight|Body Press|p2a: Glugluglu\n|-supereffective|p2a: Glugluglu\n|-damage|p2a: Glugluglu|37\/100\n|move|p2a: Glugluglu|Heat Wave|p1b: Kilowattrel|[spread] p1a,p1b\n|-supereffective|p1a: Corviknight\n|-damage|p1a: Corviknight|1\/100\n|-damage|p1b: Kilowattrel|0 fnt\n|faint|p1b: Kilowattrel\n|move|p2b: Bledo|Destiny Bond|p2b: Bledo\n|-singlemove|p2b: Bledo|Destiny Bond\n|\n|-heal|p1a: Corviknight|8\/100|[from] item: Leftovers\n|-sideend|p1: MahKhadarAhmed|move: Tailwind\n|upkeep\n|\n|t:|1697505699\n|switch|p1b: Braviary|Braviary, M|38\/100\n|turn|5\n|-message|MahKhadarAhmed forfeited.\n|\n|win|Samirsin\u2605\n|raw|MahKhadarAhmed's rating: 1433 &rarr; <strong>1406<\/strong><br \/>(-27 for losing)\n|raw|Samirsin\u2605's rating: 1313 &rarr; <strong>1340<\/strong><br \/>(+27 for winning)\n|l|\u2606MahKhadarAhmed\n","uploadtime":1697505715,"views":14,"p1id":"mahkhadarahmed","p2id":"samirsin","formatid":"gen9doublesou","rating":1340,"private":0,"password":""}