{"id":"gen9doublesou-1969850161","p1":"HavensNova","p2":"Tyrus557","format":"[Gen 9] Doubles OU","log":"|j|\u2606HavensNova\n|j|\u2606Tyrus557\n|t:|1697570212\n|gametype|doubles\n|player|p1|HavensNova|steven|1049\n|player|p2|Tyrus557|nate|1025\n|teamsize|p1|6\n|teamsize|p2|6\n|gen|9\n|tier|[Gen 9] Doubles OU\n|rated|\n|rule|Species Clause: Limit one of each Pok\u00e9mon\n|rule|OHKO Clause: OHKO moves are banned\n|rule|Evasion Moves Clause: Evasion moves are banned\n|rule|Gravity Sleep Clause: The combination of sleep-inducing moves with imperfect accuracy and Gravity or Gigantamax Orbeetle are banned\n|rule|Endless Battle Clause: Forcing endless battles is banned\n|rule|HP Percentage Mod: HP is shown in percentages\n|clearpoke\n|poke|p1|Rillaboom, M|\n|poke|p1|Sinistcha|\n|poke|p1|Ogerpon, F|\n|poke|p1|Basculegion-F, F|\n|poke|p1|Amoonguss, F|\n|poke|p1|Tornadus, M|\n|poke|p2|Oricorio-Sensu, F|\n|poke|p2|Flamigo, F|\n|poke|p2|Kommo-o, M|\n|poke|p2|Amoonguss, M|\n|poke|p2|Arcanine, F|\n|poke|p2|Pawmot, M|\n|teampreview\n|inactive|Battle timer is ON: inactive players will automatically lose when time's up. (requested by HavensNova)\n|inactive|HavensNova has 120 seconds left.\n|\n|t:|1697570245\n|start\n|switch|p1a: Tornadus|Tornadus, M|100\/100\n|switch|p1b: Rillaboom|Rillaboom, M|100\/100\n|switch|p2a: Berserk|Kommo-o, M|100\/100\n|switch|p2b: Druid|Amoonguss, M, shiny|100\/100\n|-fieldstart|move: Grassy Terrain|[from] ability: Grassy Surge|[of] p1b: Rillaboom\n|turn|1\n|inactive|Tyrus557 has 120 seconds left.\n|\n|t:|1697570295\n|move|p1b: Rillaboom|Fake Out|p2a: Berserk\n|-damage|p2a: Berserk|91\/100\n|move|p2b: Druid|Rage Powder|p2b: Druid\n|-singleturn|p2b: Druid|move: Rage Powder\n|move|p1a: Tornadus|Icy Wind|p2a: Berserk|[spread] p2a,p2b\n|-supereffective|p2a: Berserk\n|-supereffective|p2b: Druid\n|-crit|p2b: Druid\n|-damage|p2a: Berserk|69\/100\n|-damage|p2b: Druid|77\/100\n|-unboost|p2a: Berserk|spe|1\n|-unboost|p2b: Druid|spe|1\n|cant|p2a: Berserk|flinch\n|\n|-heal|p2a: Berserk|75\/100|[from] Grassy Terrain\n|-heal|p2b: Druid|83\/100|[from] Grassy Terrain\n|-heal|p2b: Druid|89\/100|[from] item: Leftovers\n|upkeep\n|turn|2\n|inactive|Tyrus557 has 120 seconds left.\n|\n|t:|1697570319\n|switch|p2a: Paladin|Arcanine, F|100\/100\n|-ability|p2a: Paladin|Intimidate|boost\n|-unboost|p1a: Tornadus|atk|1\n|-unboost|p1b: Rillaboom|atk|1\n|move|p1a: Tornadus|Tailwind|p1a: Tornadus\n|-sidestart|p1: HavensNova|move: Tailwind\n|move|p1b: Rillaboom|U-turn|p2a: Paladin\n|-resisted|p2a: Paladin\n|-damage|p2a: Paladin|91\/100\n|inactive|HavensNova has 120 seconds left.\n|\n|t:|1697570334\n|switch|p1b: Amoonguss|Amoonguss, F|100\/100|[from] U-turn\n|move|p2b: Druid|Spore|p1a: Tornadus\n|-status|p1a: Tornadus|slp|[from] move: Spore\n|\n|-heal|p2a: Paladin|97\/100|[from] Grassy Terrain\n|-heal|p2b: Druid|96\/100|[from] Grassy Terrain\n|-heal|p2b: Druid|100\/100|[from] item: Leftovers\n|upkeep\n|turn|3\n|\n|t:|1697570352\n|switch|p1a: Ogerpon|Ogerpon, F|100\/100\n|move|p2a: Paladin|Flare Blitz|p1b: Amoonguss\n|-supereffective|p1b: Amoonguss\n|-crit|p1b: Amoonguss\n|-damage|p1b: Amoonguss|0 fnt\n|faint|p1b: Amoonguss\n|-damage|p2a: Paladin|53\/100|[from] Recoil\n|move|p2b: Druid|Pollen Puff|p1a: Ogerpon\n|-supereffective|p1a: Ogerpon\n|-damage|p1a: Ogerpon|56\/100\n|\n|-heal|p1a: Ogerpon|62\/100|[from] Grassy Terrain\n|-heal|p2a: Paladin|59\/100|[from] Grassy Terrain\n|upkeep\n|\n|t:|1697570367\n|switch|p1b: Sinistcha|Sinistcha|100\/100\n|-heal|p1a: Ogerpon|87\/100|[from] ability: Hospitality|[of] p1b: Sinistcha\n|turn|4\n|\n|t:|1697570378\n|-terastallize|p1a: Ogerpon|Grass\n|detailschange|p1a: Ogerpon|Ogerpon-Teal-Tera, F, tera:Grass\n|-ability|p1a: Ogerpon|Embody Aspect (Teal)|boost\n|-boost|p1a: Ogerpon|spe|1\n|move|p2b: Druid|Rage Powder|p2b: Druid\n|-singleturn|p2b: Druid|move: Rage Powder\n|move|p1a: Ogerpon|Ivy Cudgel|p2a: Paladin\n|-resisted|p2a: Paladin\n|-damage|p2a: Paladin|0 fnt\n|faint|p2a: Paladin\n|move|p1b: Sinistcha|Life Dew||[still]|[spread] p1a,p1b\n|-heal|p1a: Ogerpon|100\/100\n|-fail|p1b: Sinistcha|heal\n|\n|upkeep\n|inactive|Tyrus557 has 120 seconds left.\n|\n|t:|1697570414\n|switch|p2a: Berserk|Kommo-o, M|75\/100\n|turn|5\n|\n|t:|1697570424\n|move|p1a: Ogerpon|Ivy Cudgel|p2a: Berserk\n|-resisted|p2a: Berserk\n|-crit|p2a: Berserk\n|-damage|p2a: Berserk|17\/100\n|move|p1b: Sinistcha|Matcha Gotcha|p2a: Berserk|[spread] p2a,p2b\n|-resisted|p2a: Berserk\n|-resisted|p2b: Druid\n|-damage|p2a: Berserk|0 fnt\n|-damage|p2b: Druid|93\/100\n|-status|p2b: Druid|brn\n|faint|p2a: Berserk\n|-damage|p1b: Sinistcha|91\/100|[from] item: Life Orb\n|move|p2b: Druid|Pollen Puff|p2: Berserk|[notarget]\n|-fail|p2b: Druid\n|\n|-heal|p1b: Sinistcha|97\/100|[from] Grassy Terrain\n|-heal|p2b: Druid|99\/100 brn|[from] Grassy Terrain\n|-heal|p2b: Druid|100\/100 brn|[from] item: Leftovers\n|-damage|p2b: Druid|94\/100 brn|[from] brn\n|-sideend|p1: HavensNova|move: Tailwind\n|-fieldend|move: Grassy Terrain\n|upkeep\n|\n|t:|1697570434\n|switch|p2a: Cleric|Pawmot, M, shiny|100\/100\n|turn|6\n|\n|t:|1697570464\n|move|p1a: Ogerpon|Ivy Cudgel|p2b: Druid\n|-resisted|p2b: Druid\n|-damage|p2b: Druid|77\/100 brn\n|move|p2a: Cleric|Revival Blessing|p2a: Cleric\n|-enditem|p2a: Cleric|Leppa Berry|[eat]\n|-activate|p2a: Cleric|item: Leppa Berry|Revival Blessing|[consumed]\n|\n|t:|1697570471\n|-heal|p2: Berserk|50\/100|[from] move: Revival Blessing\n|move|p1b: Sinistcha|Matcha Gotcha|p2a: Cleric|[spread] p2a,p2b\n|-resisted|p2b: Druid\n|-damage|p2a: Cleric|45\/100\n|-heal|p1b: Sinistcha|100\/100|[from] drain|[of] p2a: Cleric\n|-damage|p2b: Druid|71\/100 brn\n|-damage|p1b: Sinistcha|91\/100|[from] item: Life Orb\n|move|p2b: Druid|Pollen Puff|p1a: Ogerpon\n|-supereffective|p1a: Ogerpon\n|-damage|p1a: Ogerpon|59\/100\n|\n|-heal|p2b: Druid|77\/100 brn|[from] item: Leftovers\n|-damage|p2b: Druid|71\/100 brn|[from] brn\n|upkeep\n|turn|7\n|\n|t:|1697570490\n|move|p1a: Ogerpon|Ivy Cudgel|p2a: Cleric\n|-damage|p2a: Cleric|0 fnt\n|faint|p2a: Cleric\n|move|p1b: Sinistcha|Matcha Gotcha|p2b: Druid\n|-resisted|p2b: Druid\n|-damage|p2b: Druid|63\/100 brn\n|-heal|p1b: Sinistcha|96\/100|[from] drain|[of] p2b: Druid\n|-damage|p1b: Sinistcha|86\/100|[from] item: Life Orb\n|move|p2b: Druid|Pollen Puff|p1a: Ogerpon\n|-supereffective|p1a: Ogerpon\n|-damage|p1a: Ogerpon|20\/100\n|\n|-heal|p2b: Druid|69\/100 brn|[from] item: Leftovers\n|-damage|p2b: Druid|63\/100 brn|[from] brn\n|upkeep\n|\n|t:|1697570496\n|switch|p2a: Berserk|Kommo-o, M|50\/100\n|turn|8\n|\n|t:|1697570509\n|move|p1a: Ogerpon|Spiky Shield|p1a: Ogerpon\n|-singleturn|p1a: Ogerpon|move: Protect\n|move|p2a: Berserk|Protect|p2a: Berserk\n|-singleturn|p2a: Berserk|Protect\n|move|p1b: Sinistcha|Life Dew|p1b: Sinistcha|[spread] p1a,p1b\n|-heal|p1a: Ogerpon|45\/100\n|-heal|p1b: Sinistcha|100\/100\n|move|p2b: Druid|Pollen Puff|p1a: Ogerpon\n|-activate|p1a: Ogerpon|move: Protect\n|\n|-heal|p2b: Druid|69\/100 brn|[from] item: Leftovers\n|-damage|p2b: Druid|63\/100 brn|[from] brn\n|upkeep\n|turn|9\n|inactive|Tyrus557 has 120 seconds left.\n|\n|t:|1697570542\n|move|p2a: Berserk|Protect||[still]\n|-fail|p2a: Berserk\n|move|p1a: Ogerpon|Horn Leech|p2a: Berserk\n|-resisted|p2a: Berserk\n|-damage|p2a: Berserk|28\/100\n|-heal|p1a: Ogerpon|58\/100|[from] drain|[of] p2a: Berserk\n|move|p1b: Sinistcha|Poltergeist|p2b: Druid|[miss]\n|-miss|p1b: Sinistcha|p2b: Druid\n|move|p2b: Druid|Pollen Puff|p1a: Ogerpon\n|-supereffective|p1a: Ogerpon\n|-damage|p1a: Ogerpon|15\/100\n|\n|-heal|p2b: Druid|69\/100 brn|[from] item: Leftovers\n|-damage|p2b: Druid|63\/100 brn|[from] brn\n|upkeep\n|turn|10\n|\n|t:|1697570569\n|move|p1a: Ogerpon|Spiky Shield|p1a: Ogerpon\n|-singleturn|p1a: Ogerpon|move: Protect\n|move|p2a: Berserk|Aura Sphere|p1a: Ogerpon\n|-activate|p1a: Ogerpon|move: Protect\n|move|p1b: Sinistcha|Life Dew||[still]|[spread] p1a,p1b\n|-heal|p1a: Ogerpon|41\/100\n|-fail|p1b: Sinistcha|heal\n|move|p2b: Druid|Pollen Puff|p2a: Berserk\n|-heal|p2a: Berserk|78\/100\n|\n|-heal|p2b: Druid|69\/100 brn|[from] item: Leftovers\n|-damage|p2b: Druid|63\/100 brn|[from] brn\n|upkeep\n|turn|11\n|\n|t:|1697570587\n|move|p1a: Ogerpon|Ivy Cudgel|p2a: Berserk\n|-resisted|p2a: Berserk\n|-damage|p2a: Berserk|50\/100\n|move|p2a: Berserk|Taunt|p1b: Sinistcha\n|-start|p1b: Sinistcha|move: Taunt\n|move|p1b: Sinistcha|Poltergeist|p2b: Druid\n|-activate|p2b: Druid|move: Poltergeist|Leftovers\n|-damage|p2b: Druid|36\/100 brn\n|-damage|p1b: Sinistcha|91\/100|[from] item: Life Orb\n|move|p2b: Druid|Pollen Puff|p2a: Berserk\n|-heal|p2a: Berserk|100\/100\n|\n|-heal|p2b: Druid|42\/100 brn|[from] item: Leftovers\n|-damage|p2b: Druid|36\/100 brn|[from] brn\n|upkeep\n|turn|12\n|inactive|HavensNova has 120 seconds left.\n|\n|t:|1697570619\n|move|p2a: Berserk|Protect|p2a: Berserk\n|-singleturn|p2a: Berserk|Protect\n|move|p1a: Ogerpon|Ivy Cudgel|p2a: Berserk\n|-activate|p2a: Berserk|move: Protect\n|move|p1b: Sinistcha|Poltergeist|p2b: Druid\n|-activate|p2b: Druid|move: Poltergeist|Leftovers\n|-damage|p2b: Druid|7\/100 brn\n|-damage|p1b: Sinistcha|81\/100|[from] item: Life Orb\n|move|p2b: Druid|Pollen Puff|p1a: Ogerpon\n|-supereffective|p1a: Ogerpon\n|-damage|p1a: Ogerpon|0 fnt\n|faint|p1a: Ogerpon\n|\n|-heal|p2b: Druid|13\/100 brn|[from] item: Leftovers\n|-damage|p2b: Druid|7\/100 brn|[from] brn\n|upkeep\n|inactive|HavensNova has 120 seconds left.\n|\n|t:|1697570638\n|switch|p1a: Rillaboom|Rillaboom, M|100\/100\n|-fieldstart|move: Grassy Terrain|[from] ability: Grassy Surge|[of] p1a: Rillaboom\n|turn|13\n|inactive|Tyrus557 has 120 seconds left.\n|\n|t:|1697570671\n|move|p2a: Berserk|Protect|p2a: Berserk\n|-singleturn|p2a: Berserk|Protect\n|move|p1a: Rillaboom|Fake Out|p2a: Berserk\n|-activate|p2a: Berserk|move: Protect\n|move|p1b: Sinistcha|Matcha Gotcha|p2a: Berserk|[spread] \n|-activate|p2a: Berserk|move: Protect\n|-miss|p1b: Sinistcha|p2b: Druid\n|move|p2b: Druid|Pollen Puff|p1a: Rillaboom\n|-supereffective|p1a: Rillaboom\n|-damage|p1a: Rillaboom|66\/100\n|\n|-heal|p1b: Sinistcha|87\/100|[from] Grassy Terrain\n|-heal|p1a: Rillaboom|72\/100|[from] Grassy Terrain\n|-heal|p1a: Rillaboom|78\/100|[from] item: Leftovers\n|-heal|p2b: Druid|13\/100 brn|[from] Grassy Terrain\n|-heal|p2b: Druid|19\/100 brn|[from] item: Leftovers\n|-damage|p2b: Druid|13\/100 brn|[from] brn\n|-end|p1b: Sinistcha|move: Taunt\n|upkeep\n|turn|14\n|inactive|Tyrus557 has 120 seconds left.\n|\n|t:|1697570705\n|move|p2a: Berserk|Taunt|p1b: Sinistcha\n|-start|p1b: Sinistcha|move: Taunt\n|move|p1b: Sinistcha|Matcha Gotcha|p2a: Berserk|[spread] p2a,p2b\n|-resisted|p2a: Berserk\n|-resisted|p2b: Druid\n|-damage|p2a: Berserk|82\/100\n|-heal|p1b: Sinistcha|96\/100|[from] drain|[of] p2a: Berserk\n|-damage|p2b: Druid|6\/100 brn\n|-heal|p1b: Sinistcha|100\/100|[from] drain|[of] p2b: Druid\n|-damage|p1b: Sinistcha|91\/100|[from] item: Life Orb\n|move|p1a: Rillaboom|U-turn|p2b: Druid\n|-damage|p2b: Druid|0 fnt\n|faint|p2b: Druid\n|inactive|HavensNova has 120 seconds left.\n|\n|t:|1697570723\n|switch|p1a: Tornadus|Tornadus, M|100\/100 slp|[from] U-turn\n|\n|-heal|p2a: Berserk|88\/100|[from] Grassy Terrain\n|-heal|p1b: Sinistcha|97\/100|[from] Grassy Terrain\n|upkeep\n|inactive|Tyrus557 has 120 seconds left.\n|\n|t:|1697570728\n|switch|p2b: Bard|Oricorio-Sensu, F, shiny|100\/100\n|turn|15\n|\n|t:|1697570740\n|cant|p1a: Tornadus|slp\n|move|p2b: Bard|Icy Wind|p1b: Sinistcha|[spread] p1a,p1b\n|-supereffective|p1a: Tornadus\n|-supereffective|p1b: Sinistcha\n|-damage|p1a: Tornadus|73\/100 slp\n|-damage|p1b: Sinistcha|72\/100\n|-unboost|p1a: Tornadus|spe|1\n|-unboost|p1b: Sinistcha|spe|1\n|move|p2a: Berserk|Clangorous Soul|p2a: Berserk\n|-boost|p2a: Berserk|atk|1\n|-boost|p2a: Berserk|def|1\n|-boost|p2a: Berserk|spa|1\n|-boost|p2a: Berserk|spd|1\n|-boost|p2a: Berserk|spe|1\n|-damage|p2a: Berserk|55\/100\n|-activate|p2b: Bard|ability: Dancer\n|move|p2b: Bard|Clangorous Soul|p2b: Bard|[from]ability: Dancer\n|-boost|p2b: Bard|atk|1\n|-boost|p2b: Bard|def|1\n|-boost|p2b: Bard|spa|1\n|-boost|p2b: Bard|spd|1\n|-boost|p2b: Bard|spe|1\n|-damage|p2b: Bard|68\/100\n|-enditem|p2b: Bard|Throat Spray\n|-boost|p2b: Bard|spa|1|[from] item: Throat Spray\n|move|p1b: Sinistcha|Matcha Gotcha|p2b: Bard|[spread] p2a,p2b\n|-resisted|p2a: Berserk\n|-resisted|p2b: Bard\n|-damage|p2a: Berserk|42\/100\n|-heal|p1b: Sinistcha|79\/100|[from] drain|[of] p2a: Berserk\n|-damage|p2b: Bard|47\/100\n|-heal|p1b: Sinistcha|87\/100|[from] drain|[of] p2b: Bard\n|-damage|p1b: Sinistcha|78\/100|[from] item: Life Orb\n|\n|-heal|p2a: Berserk|48\/100|[from] Grassy Terrain\n|-heal|p1b: Sinistcha|84\/100|[from] Grassy Terrain\n|upkeep\n|turn|16\n|inactive|HavensNova has 120 seconds left.\n|\n|t:|1697570773\n|move|p2b: Bard|Roost|p2b: Bard\n|-heal|p2b: Bard|97\/100\n|-singleturn|p2b: Bard|move: Roost\n|move|p2a: Berserk|Clangorous Soul|p2a: Berserk\n|-boost|p2a: Berserk|atk|1\n|-boost|p2a: Berserk|def|1\n|-boost|p2a: Berserk|spa|1\n|-boost|p2a: Berserk|spd|1\n|-boost|p2a: Berserk|spe|1\n|-damage|p2a: Berserk|15\/100\n|-activate|p2b: Bard|ability: Dancer\n|move|p2b: Bard|Clangorous Soul|p2b: Bard|[from]ability: Dancer\n|-boost|p2b: Bard|atk|1\n|-boost|p2b: Bard|def|1\n|-boost|p2b: Bard|spa|1\n|-boost|p2b: Bard|spd|1\n|-boost|p2b: Bard|spe|1\n|-damage|p2b: Bard|64\/100\n|cant|p1a: Tornadus|slp\n|move|p1b: Sinistcha|Matcha Gotcha|p2a: Berserk|[spread] p2a,p2b\n|-resisted|p2a: Berserk\n|-damage|p2a: Berserk|7\/100\n|-heal|p1b: Sinistcha|88\/100|[from] drain|[of] p2a: Berserk\n|-damage|p2b: Bard|35\/100\n|-heal|p1b: Sinistcha|100\/100|[from] drain|[of] p2b: Bard\n|-status|p2a: Berserk|brn\n|-damage|p1b: Sinistcha|91\/100|[from] item: Life Orb\n|\n|-heal|p2b: Bard|41\/100|[from] Grassy Terrain\n|-heal|p2a: Berserk|13\/100 brn|[from] Grassy Terrain\n|-heal|p1b: Sinistcha|97\/100|[from] Grassy Terrain\n|-damage|p2a: Berserk|7\/100 brn|[from] brn\n|-end|p1b: Sinistcha|move: Taunt\n|upkeep\n|turn|17\n|inactive|HavensNova has 120 seconds left.\n|inactive|Tyrus557 has 120 seconds left.\n|\n|t:|1697570809\n|move|p2b: Bard|Roost|p2b: Bard\n|-heal|p2b: Bard|91\/100\n|-singleturn|p2b: Bard|move: Roost\n|move|p2a: Berserk|Taunt|p1b: Sinistcha\n|-start|p1b: Sinistcha|move: Taunt\n|-curestatus|p1a: Tornadus|slp|[msg]\n|move|p1a: Tornadus|Icy Wind|p2b: Bard|[spread] p2a,p2b\n|-supereffective|p2a: Berserk\n|-damage|p2a: Berserk|0 fnt\n|-damage|p2b: Bard|83\/100\n|-unboost|p2b: Bard|spe|1\n|faint|p2a: Berserk\n|move|p1b: Sinistcha|Matcha Gotcha|p2b: Bard\n|-damage|p2b: Bard|41\/100\n|-heal|p1b: Sinistcha|100\/100|[from] drain|[of] p2b: Bard\n|-status|p2b: Bard|brn\n|-damage|p1b: Sinistcha|91\/100|[from] item: Life Orb\n|\n|-heal|p2b: Bard|47\/100 brn|[from] Grassy Terrain\n|-heal|p1b: Sinistcha|97\/100|[from] Grassy Terrain\n|-damage|p2b: Bard|41\/100 brn|[from] brn\n|-fieldend|move: Grassy Terrain\n|upkeep\n|inactive|Tyrus557 has 120 seconds left.\n|\n|t:|1697570820\n|switch|p2a: Monk|Flamigo, F, shiny|100\/100\n|-copyboost|p2a: Monk|p2b: Bard|[from] ability: Costar\n|turn|18\n|inactive|Tyrus557 has 120 seconds left.\n|\n|t:|1697570844\n|move|p2b: Bard|Revelation Dance|p1b: Sinistcha\n|-supereffective|p1b: Sinistcha\n|-damage|p1b: Sinistcha|0 fnt\n|faint|p1b: Sinistcha\n|move|p2a: Monk|Copycat|p2a: Monk\n|move|p2a: Monk|Revelation Dance|p1a: Tornadus|[from]move: Copycat\n|-damage|p1a: Tornadus|0 fnt\n|faint|p1a: Tornadus\n|-damage|p2a: Monk|91\/100|[from] item: Life Orb\n|-activate|p2b: Bard|ability: Dancer\n|move|p2b: Bard|Revelation Dance|p1: Tornadus|[from]ability: Dancer|[notarget]\n|-fail|p2b: Bard\n|\n|-damage|p2b: Bard|35\/100 brn|[from] brn\n|upkeep\n|inactive|HavensNova has 120 seconds left.\n|\n|t:|1697570862\n|switch|p1a: Basculegion|Basculegion-F, F|100\/100\n|switch|p1b: Rillaboom|Rillaboom, M|78\/100\n|-fieldstart|move: Grassy Terrain|[from] ability: Grassy Surge|[of] p1b: Rillaboom\n|turn|19\n|inactive|Tyrus557 has 120 seconds left.\n|\n|t:|1697570899\n|move|p1b: Rillaboom|Fake Out|p2b: Bard\n|-immune|p2b: Bard\n|move|p2b: Bard|Revelation Dance|p1a: Basculegion\n|-supereffective|p1a: Basculegion\n|-damage|p1a: Basculegion|0 fnt\n|faint|p1a: Basculegion\n|move|p2a: Monk|Copycat|p2a: Monk\n|move|p2a: Monk|Revelation Dance|p1b: Rillaboom|[from]move: Copycat\n|-supereffective|p1b: Rillaboom\n|-damage|p1b: Rillaboom|0 fnt\n|faint|p1b: Rillaboom\n|-damage|p2a: Monk|81\/100|[from] item: Life Orb\n|-activate|p2b: Bard|ability: Dancer\n|move|p2b: Bard|Revelation Dance|p1: Basculegion|[from]ability: Dancer|[notarget]\n|-fail|p2b: Bard\n|\n|win|Tyrus557\n|raw|HavensNova's rating: 1049 &rarr; <strong>1030<\/strong><br \/>(-19 for losing)\n|raw|Tyrus557's rating: 1025 &rarr; <strong>1064<\/strong><br \/>(+39 for winning)\n|l|\u2606HavensNova\n","uploadtime":1697570919,"views":9,"p1id":"havensnova","p2id":"tyrus557","formatid":"gen9doublesou","rating":1030,"private":0,"password":""}