{"id":"gen9doublesou-1996782875","p1":"Duckgmr425zzz","p2":"jaronblur","format":"[Gen 9] Doubles OU","log":"|j|\u2606Duckgmr425zzz\n|j|\u2606jaronblur\n|t:|1700724542\n|gametype|doubles\n|player|p1|Duckgmr425zzz|marnie-masters3|1189\n|player|p2|jaronblur|red|1187\n|teamsize|p1|6\n|teamsize|p2|6\n|gen|9\n|tier|[Gen 9] Doubles OU\n|rated|\n|rule|Species Clause: Limit one of each Pok\u00e9mon\n|rule|OHKO Clause: OHKO moves are banned\n|rule|Evasion Moves Clause: Evasion moves are banned\n|rule|Gravity Sleep Clause: The combination of sleep-inducing moves with imperfect accuracy and Gravity or Gigantamax Orbeetle are banned\n|rule|Endless Battle Clause: Forcing endless battles is banned\n|rule|HP Percentage Mod: HP is shown in percentages\n|clearpoke\n|poke|p1|Diancie|\n|poke|p1|Tyranitar, M|\n|poke|p1|Houndstone, M|\n|poke|p1|Flutter Mane|\n|poke|p1|Sinistcha|\n|poke|p1|Grimmsnarl, M|\n|poke|p2|Snorlax, M|\n|poke|p2|Umbreon, F|\n|poke|p2|Cresselia, F|\n|poke|p2|Torkoal, F|\n|poke|p2|Dragonite, M|\n|poke|p2|Empoleon, F|\n|teampreview\n|\n|t:|1700724582\n|start\n|switch|p1a: Tyranitar|Tyranitar, M|100\/100\n|switch|p1b: Grimmsnarl|Grimmsnarl, M|100\/100\n|switch|p2a: Umbreon|Umbreon, F|100\/100\n|switch|p2b: Torkoal|Torkoal, F|100\/100\n|-weather|Sandstorm|[from] ability: Sand Stream|[of] p1a: Tyranitar\n|-weather|SunnyDay|[from] ability: Drought|[of] p2b: Torkoal\n|turn|1\n|\n|t:|1700724607\n|move|p1b: Grimmsnarl|Fake Out|p2b: Torkoal\n|-damage|p2b: Torkoal|92\/100\n|move|p2a: Umbreon|Reflect|p2a: Umbreon\n|-sidestart|p2: jaronblur|Reflect\n|move|p1a: Tyranitar|Rock Slide|p2b: Torkoal|[spread] p2b\n|-miss|p1a: Tyranitar|p2a: Umbreon\n|-supereffective|p2b: Torkoal\n|-damage|p2b: Torkoal|59\/100\n|cant|p2b: Torkoal|flinch\n|\n|-weather|SunnyDay|[upkeep]\n|upkeep\n|turn|2\n|inactive|Battle timer is ON: inactive players will automatically lose when time's up. (requested by jaronblur)\n|\n|t:|1700724629\n|move|p1b: Grimmsnarl|Light Screen|p1b: Grimmsnarl\n|-sidestart|p1: Duckgmr425zzz|move: Light Screen\n|move|p2a: Umbreon|Light Screen|p2a: Umbreon\n|-sidestart|p2: jaronblur|move: Light Screen\n|move|p1a: Tyranitar|Knock Off|p2a: Umbreon\n|-resisted|p2a: Umbreon\n|-damage|p2a: Umbreon|85\/100\n|-enditem|p2a: Umbreon|Light Clay|[from] move: Knock Off|[of] p1a: Tyranitar\n|move|p2b: Torkoal|Will-O-Wisp|p1a: Tyranitar\n|-status|p1a: Tyranitar|brn\n|\n|-weather|SunnyDay|[upkeep]\n|-damage|p1a: Tyranitar|94\/100 brn|[from] brn\n|upkeep\n|turn|3\n|\n|t:|1700724650\n|move|p1b: Grimmsnarl|Reflect|p1b: Grimmsnarl\n|-sidestart|p1: Duckgmr425zzz|Reflect\n|move|p2a: Umbreon|Toxic|p1b: Grimmsnarl\n|-status|p1b: Grimmsnarl|tox\n|move|p1a: Tyranitar|Knock Off|p2b: Torkoal\n|-damage|p2b: Torkoal|45\/100\n|-enditem|p2b: Torkoal|Heat Rock|[from] move: Knock Off|[of] p1a: Tyranitar\n|move|p2b: Torkoal|Heat Wave|p1a: Tyranitar|[spread] p1b\n|-miss|p2b: Torkoal|p1a: Tyranitar\n|-damage|p1b: Grimmsnarl|79\/100 tox\n|\n|-weather|SunnyDay|[upkeep]\n|-damage|p1b: Grimmsnarl|73\/100 tox|[from] psn\n|-damage|p1a: Tyranitar|88\/100 brn|[from] brn\n|upkeep\n|turn|4\n|inactive|Duckgmr425zzz has 120 seconds left.\n|\n|t:|1700724685\n|switch|p1a: Flutter Mane|Flutter Mane|100\/100\n|-activate|p1a: Flutter Mane|ability: Protosynthesis\n|-start|p1a: Flutter Mane|protosynthesisspe\n|move|p2a: Umbreon|Protect|p2a: Umbreon\n|-singleturn|p2a: Umbreon|Protect\n|move|p1b: Grimmsnarl|Parting Shot|p2b: Torkoal\n|-unboost|p2b: Torkoal|atk|1\n|-unboost|p2b: Torkoal|spa|1\n|\n|t:|1700724702\n|switch|p1b: Diancie|Diancie|100\/100|[from] Parting Shot\n|move|p2b: Torkoal|Stealth Rock|p1a: Flutter Mane\n|-sidestart|p1: Duckgmr425zzz|move: Stealth Rock\n|\n|-weather|SunnyDay|[upkeep]\n|upkeep\n|turn|5\n|inactive|Duckgmr425zzz has 120 seconds left.\n|\n|t:|1700724732\n|switch|p2a: Empoleon|Empoleon, F|100\/100\n|move|p1a: Flutter Mane|Protect|p1a: Flutter Mane\n|-singleturn|p1a: Flutter Mane|Protect\n|move|p1b: Diancie|Diamond Storm|p2b: Torkoal|[spread] p2a\n|-miss|p1b: Diancie|p2b: Torkoal\n|-resisted|p2a: Empoleon\n|-damage|p2a: Empoleon|88\/100\n|move|p2b: Torkoal|Heat Wave|p1b: Diancie|[spread] p1b\n|-activate|p1a: Flutter Mane|move: Protect\n|-resisted|p1b: Diancie\n|-crit|p1b: Diancie\n|-damage|p1b: Diancie|89\/100\n|\n|-weather|SunnyDay|[upkeep]\n|upkeep\n|turn|6\n|inactive|Duckgmr425zzz has 120 seconds left.\n|\n|t:|1700724755\n|-end|p1a: Flutter Mane|Protosynthesis|[silent]\n|switch|p1a: Tyranitar|Tyranitar, M|88\/100 brn\n|-damage|p1a: Tyranitar|76\/100 brn|[from] Stealth Rock\n|-weather|Sandstorm|[from] ability: Sand Stream|[of] p1a: Tyranitar\n|switch|p2b: Cresselia|Cresselia, F|100\/100\n|-terastallize|p1b: Diancie|Steel\n|move|p2a: Empoleon|Substitute|p2a: Empoleon\n|-start|p2a: Empoleon|Substitute\n|-damage|p2a: Empoleon|63\/100\n|move|p1b: Diancie|Diamond Storm|p2b: Cresselia|[spread] p2a,p2b\n|-resisted|p2a: Empoleon\n|-activate|p2a: Empoleon|move: Substitute|[damage]\n|-damage|p2b: Cresselia|84\/100\n|-boost|p1b: Diancie|def|2\n|\n|-weather|Sandstorm|[upkeep]\n|-damage|p2b: Cresselia|78\/100|[from] Sandstorm\n|-heal|p2b: Cresselia|84\/100|[from] item: Leftovers\n|-damage|p1a: Tyranitar|70\/100 brn|[from] brn\n|-sideend|p1: Duckgmr425zzz|move: Light Screen\n|upkeep\n|turn|7\n|inactive|Duckgmr425zzz has 120 seconds left.\n|inactive|jaronblur has 120 seconds left.\n|inactive|jaronblur has 90 seconds left.\n|\n|t:|1700724831\n|move|p2b: Cresselia|Ally Switch|p2b: Cresselia\n|swap|p2b: Cresselia|0|[from] move: Ally Switch\n|move|p2b: Empoleon|Rock Slide|p1b: Diancie|[spread] p1a,p1b\n|-resisted|p1b: Diancie\n|-damage|p1a: Tyranitar|61\/100 brn\n|-damage|p1b: Diancie|87\/100\n|move|p1a: Tyranitar|Knock Off|p2b: Empoleon\n|-end|p2b: Empoleon|Substitute\n|cant|p1b: Diancie|flinch\n|\n|-weather|Sandstorm|[upkeep]\n|-damage|p2a: Cresselia|78\/100|[from] Sandstorm\n|-heal|p2a: Cresselia|84\/100|[from] item: Leftovers\n|-damage|p1a: Tyranitar|54\/100 brn|[from] brn\n|-sideend|p1: Duckgmr425zzz|Reflect\n|upkeep\n|turn|8\n|inactive|Duckgmr425zzz has 120 seconds left.\n|inactive|jaronblur has 90 seconds left.\n|inactive|Duckgmr425zzz has 90 seconds left.\n|\n|t:|1700724885\n|switch|p2a: Torkoal|Torkoal, F|45\/100\n|-weather|SunnyDay|[from] ability: Drought|[of] p2a: Torkoal\n|move|p2b: Empoleon|Knock Off|p1b: Diancie\n|-damage|p1b: Diancie|75\/100\n|-enditem|p1b: Diancie|Assault Vest|[from] move: Knock Off|[of] p2b: Empoleon\n|move|p1a: Tyranitar|Knock Off|p2a: Torkoal\n|-damage|p2a: Torkoal|36\/100\n|move|p1b: Diancie|Diamond Storm|p2b: Empoleon|[spread] p2a,p2b\n|-supereffective|p2a: Torkoal\n|-resisted|p2b: Empoleon\n|-damage|p2a: Torkoal|0 fnt\n|-damage|p2b: Empoleon|51\/100\n|-boost|p1b: Diancie|def|2\n|faint|p2a: Torkoal\n|\n|-weather|SunnyDay|[upkeep]\n|-damage|p1a: Tyranitar|48\/100 brn|[from] brn\n|-sideend|p2: jaronblur|Reflect\n|upkeep\n|inactive|jaronblur has 60 seconds left.\n|\n|t:|1700724911\n|switch|p2a: Umbreon|Umbreon, F|85\/100\n|turn|9\n|\n|t:|1700724928\n|switch|p1a: Grimmsnarl|Grimmsnarl, M|73\/100 tox\n|-damage|p1a: Grimmsnarl|61\/100 tox|[from] Stealth Rock\n|move|p2a: Umbreon|Reflect|p2a: Umbreon\n|-sidestart|p2: jaronblur|Reflect\n|move|p2b: Empoleon|Rock Slide|p1b: Diancie|[spread] p1a,p1b\n|-resisted|p1b: Diancie\n|-damage|p1a: Grimmsnarl|44\/100 tox\n|-damage|p1b: Diancie|73\/100\n|move|p1b: Diancie|Body Press|p2b: Empoleon\n|-supereffective|p2b: Empoleon\n|-damage|p2b: Empoleon|0 fnt\n|faint|p2b: Empoleon\n|\n|-weather|SunnyDay|[upkeep]\n|-damage|p1a: Grimmsnarl|38\/100 tox|[from] psn\n|-sideend|p2: jaronblur|move: Light Screen\n|upkeep\n|inactive|jaronblur has 60 seconds left.\n|\n|t:|1700724948\n|switch|p2b: Cresselia|Cresselia, F|84\/100\n|turn|10\n|inactive|Duckgmr425zzz has 120 seconds left.\n|\n|t:|1700724955\n|move|p1a: Grimmsnarl|Fake Out|p2b: Cresselia\n|-crit|p2b: Cresselia\n|-damage|p2b: Cresselia|72\/100\n|move|p2a: Umbreon|Light Screen|p2a: Umbreon\n|-sidestart|p2: jaronblur|move: Light Screen\n|move|p1b: Diancie|Body Press|p2a: Umbreon\n|-supereffective|p2a: Umbreon\n|-damage|p2a: Umbreon|3\/100\n|cant|p2b: Cresselia|flinch\n|\n|-weather|SunnyDay|[upkeep]\n|-heal|p2b: Cresselia|78\/100|[from] item: Leftovers\n|-damage|p1a: Grimmsnarl|26\/100 tox|[from] psn\n|upkeep\n|turn|11\n|inactive|jaronblur has 90 seconds left.\n|\n|t:|1700724972\n|move|p2a: Umbreon|Protect|p2a: Umbreon\n|-singleturn|p2a: Umbreon|Protect\n|move|p1a: Grimmsnarl|Light Screen|p1a: Grimmsnarl\n|-sidestart|p1: Duckgmr425zzz|move: Light Screen\n|move|p1b: Diancie|Diamond Storm|p2a: Umbreon|[spread] p2b\n|-activate|p2a: Umbreon|move: Protect\n|-damage|p2b: Cresselia|62\/100\n|-boost|p1b: Diancie|def|2\n|move|p2b: Cresselia|Trick Room|p2b: Cresselia\n|-fieldstart|move: Trick Room|[of] p2b: Cresselia\n|\n|-weather|SunnyDay|[upkeep]\n|-heal|p2b: Cresselia|69\/100|[from] item: Leftovers\n|-damage|p1a: Grimmsnarl|8\/100 tox|[from] psn\n|upkeep\n|turn|12\n|\n|t:|1700725000\n|move|p2a: Umbreon|Protect|p2a: Umbreon\n|-singleturn|p2a: Umbreon|Protect\n|move|p2b: Cresselia|Ally Switch|p2b: Cresselia\n|swap|p2b: Cresselia|0|[from] move: Ally Switch\n|move|p1a: Grimmsnarl|Reflect|p1a: Grimmsnarl\n|-sidestart|p1: Duckgmr425zzz|Reflect\n|move|p1b: Diancie|Diamond Storm|p2a: Cresselia|[spread] p2a\n|-activate|p2b: Umbreon|move: Protect\n|-damage|p2a: Cresselia|51\/100\n|\n|-weather|none\n|-heal|p2a: Cresselia|57\/100|[from] item: Leftovers\n|-damage|p1a: Grimmsnarl|0 fnt|[from] psn\n|faint|p1a: Grimmsnarl\n|upkeep\n|inactive|Duckgmr425zzz has 120 seconds left.\n|\n|t:|1700725019\n|switch|p1a: Tyranitar|Tyranitar, M|48\/100 brn\n|-damage|p1a: Tyranitar|36\/100 brn|[from] Stealth Rock\n|-weather|Sandstorm|[from] ability: Sand Stream|[of] p1a: Tyranitar\n|turn|13\n|inactive|jaronblur has 120 seconds left.\n|inactive|Duckgmr425zzz has 120 seconds left.\n|\n|t:|1700725065\n|move|p2b: Umbreon|Protect|p2b: Umbreon\n|-singleturn|p2b: Umbreon|Protect\n|move|p1b: Diancie|Play Rough|p2a: Cresselia\n|-damage|p2a: Cresselia|35\/100\n|move|p1a: Tyranitar|Rock Slide|p2a: Cresselia|[spread] \n|-activate|p2b: Umbreon|move: Protect\n|-miss|p1a: Tyranitar|p2a: Cresselia\n|move|p2a: Cresselia|Dazzling Gleam|p1b: Diancie|[spread] p1a,p1b\n|-supereffective|p1a: Tyranitar\n|-resisted|p1b: Diancie\n|-damage|p1a: Tyranitar|27\/100 brn\n|-damage|p1b: Diancie|70\/100\n|\n|-weather|Sandstorm|[upkeep]\n|-damage|p2b: Umbreon|0 fnt|[from] Sandstorm\n|-damage|p2a: Cresselia|29\/100|[from] Sandstorm\n|faint|p2b: Umbreon\n|-heal|p2a: Cresselia|35\/100|[from] item: Leftovers\n|-damage|p1a: Tyranitar|21\/100 brn|[from] brn\n|-sideend|p2: jaronblur|Reflect\n|upkeep\n|\n|t:|1700725083\n|switch|p2b: Snorlax|Snorlax, M|100\/100\n|turn|14\n|inactive|Duckgmr425zzz has 120 seconds left.\n|\n|t:|1700725094\n|move|p2a: Cresselia|Ally Switch|p2a: Cresselia\n|swap|p2a: Cresselia|1|[from] move: Ally Switch\n|move|p1b: Diancie|Body Press|p2b: Cresselia\n|-resisted|p2b: Cresselia\n|-damage|p2b: Cresselia|0 fnt\n|faint|p2b: Cresselia\n|move|p2a: Snorlax|Curse|p2a: Snorlax\n|-unboost|p2a: Snorlax|spe|1\n|-boost|p2a: Snorlax|atk|1\n|-boost|p2a: Snorlax|def|1\n|move|p1a: Tyranitar|Knock Off|p2a: Snorlax\n|-crit|p2a: Snorlax\n|-damage|p2a: Snorlax|60\/100\n|-enditem|p2a: Snorlax|Aguav Berry|[from] move: Knock Off|[of] p1a: Tyranitar\n|\n|-weather|Sandstorm|[upkeep]\n|-damage|p2a: Snorlax|54\/100|[from] Sandstorm\n|-damage|p1a: Tyranitar|15\/100 brn|[from] brn\n|-sideend|p2: jaronblur|move: Light Screen\n|upkeep\n|\n|t:|1700725109\n|switch|p2b: Dragonite|Dragonite, M|100\/100\n|turn|15\n|inactive|jaronblur has 120 seconds left.\n|\n|t:|1700725120\n|move|p2b: Dragonite|Extreme Speed|p1a: Tyranitar\n|-resisted|p1a: Tyranitar\n|-damage|p1a: Tyranitar|7\/100 brn\n|move|p2a: Snorlax|Curse|p2a: Snorlax\n|-unboost|p2a: Snorlax|spe|1\n|-boost|p2a: Snorlax|atk|1\n|-boost|p2a: Snorlax|def|1\n|move|p1b: Diancie|Body Press|p2a: Snorlax\n|-supereffective|p2a: Snorlax\n|-damage|p2a: Snorlax|0 fnt\n|faint|p2a: Snorlax\n|move|p1a: Tyranitar|Rock Slide|p2b: Dragonite\n|-supereffective|p2b: Dragonite\n|-damage|p2b: Dragonite|76\/100\n|-enditem|p2b: Dragonite|Weakness Policy\n|-boost|p2b: Dragonite|atk|2|[from] item: Weakness Policy\n|-boost|p2b: Dragonite|spa|2|[from] item: Weakness Policy\n|\n|-weather|Sandstorm|[upkeep]\n|-damage|p2b: Dragonite|70\/100|[from] Sandstorm\n|-damage|p1a: Tyranitar|0 fnt|[from] brn\n|faint|p1a: Tyranitar\n|-sideend|p1: Duckgmr425zzz|move: Light Screen\n|-fieldend|move: Trick Room\n|upkeep\n|inactive|Duckgmr425zzz has 120 seconds left.\n|\n|t:|1700725155\n|switch|p1a: Sinistcha|Sinistcha|100\/100\n|-damage|p1a: Sinistcha|88\/100|[from] Stealth Rock\n|-heal|p1b: Diancie|95\/100|[from] ability: Hospitality|[of] p1a: Sinistcha\n|turn|16\n|\n|t:|1700725170\n|-terastallize|p2b: Dragonite|Normal\n|move|p2b: Dragonite|Earthquake|p1b: Diancie|[spread] p1a,p1b\n|-resisted|p1a: Sinistcha\n|-supereffective|p1b: Diancie\n|-damage|p1a: Sinistcha|74\/100\n|-damage|p1b: Diancie|80\/100\n|move|p1b: Diancie|Play Rough|p2b: Dragonite\n|-damage|p2b: Dragonite|20\/100\n|-unboost|p2b: Dragonite|atk|1\n|move|p1a: Sinistcha|Trick Room|p1a: Sinistcha\n|-fieldstart|move: Trick Room|[of] p1a: Sinistcha\n|\n|-weather|Sandstorm|[upkeep]\n|-damage|p1a: Sinistcha|68\/100|[from] Sandstorm\n|-damage|p2b: Dragonite|14\/100|[from] Sandstorm\n|-sideend|p1: Duckgmr425zzz|Reflect\n|upkeep\n|turn|17\n|-message|jaronblur forfeited.\n|\n|win|Duckgmr425zzz\n|raw|Duckgmr425zzz's rating: 1189 &rarr; <strong>1214<\/strong><br \/>(+25 for winning)\n|raw|jaronblur's rating: 1187 &rarr; <strong>1162<\/strong><br \/>(-25 for losing)\n|l|\u2606jaronblur\n","uploadtime":1700725188,"views":15,"p1id":"duckgmr425zzz","p2id":"jaronblur","formatid":"gen9doublesou","rating":1162,"private":0,"password":""}