{"id":"gen9doublesou-1991922665","p1":"mahameloplatano","p2":"Mattor","format":"[Gen 9] Doubles OU","log":"|j|\u2606mahameloplatano\n|j|\u2606Mattor\n|t:|1700138579\n|gametype|doubles\n|player|p1|mahameloplatano|170|1128\n|player|p2|Mattor|aaron|1134\n|teamsize|p1|6\n|teamsize|p2|5\n|gen|9\n|tier|[Gen 9] Doubles OU\n|rated|\n|rule|Species Clause: Limit one of each Pok\u00e9mon\n|rule|OHKO Clause: OHKO moves are banned\n|rule|Evasion Moves Clause: Evasion moves are banned\n|rule|Gravity Sleep Clause: The combination of sleep-inducing moves with imperfect accuracy and Gravity or Gigantamax Orbeetle are banned\n|rule|Endless Battle Clause: Forcing endless battles is banned\n|rule|HP Percentage Mod: HP is shown in percentages\n|clearpoke\n|poke|p1|Volcarona, F|\n|poke|p1|Sinistcha-Masterpiece|\n|poke|p1|Oranguru, F|\n|poke|p1|Oricorio-Pa'u, F|\n|poke|p1|Greninja-*, M|\n|poke|p1|Murkrow, F|\n|poke|p2|Baxcalibur, M|\n|poke|p2|Ceruledge, M|\n|poke|p2|Sneasler, M|\n|poke|p2|Cetitan, F|\n|poke|p2|Ninetales-Alola, F|\n|teampreview\n|inactive|Battle timer is ON: inactive players will automatically lose when time's up. (requested by mahameloplatano)\n|\n|t:|1700138602\n|start\n|switch|p1a: Murkrow|Murkrow, F|100\/100\n|switch|p1b: Volcarona|Volcarona, F|100\/100\n|switch|p2a: Ninetales|Ninetales-Alola, F|100\/100\n|switch|p2b: Cetitan|Cetitan, F|100\/100\n|-weather|Snow|[from] ability: Snow Warning|[of] p2a: Ninetales\n|turn|1\n|\n|t:|1700138623\n|move|p1a: Murkrow|Thunder Wave|p2b: Cetitan\n|-status|p2b: Cetitan|par\n|move|p1b: Volcarona|Fiery Dance|p2b: Cetitan\n|-supereffective|p2b: Cetitan\n|-damage|p2b: Cetitan|0 fnt\n|faint|p2b: Cetitan\n|move|p2a: Ninetales|Aurora Veil|p2a: Ninetales\n|-sidestart|p2: Mattor|move: Aurora Veil\n|\n|-weather|Snow|[upkeep]\n|upkeep\n|\n|t:|1700138638\n|switch|p2b: Sneasler|Sneasler, M|100\/100\n|turn|2\n|\n|t:|1700138654\n|move|p1a: Murkrow|Tailwind|p1a: Murkrow\n|-sidestart|p1: mahameloplatano|move: Tailwind\n|move|p1b: Volcarona|Quiver Dance|p1b: Volcarona\n|-boost|p1b: Volcarona|spa|1\n|-boost|p1b: Volcarona|spd|1\n|-boost|p1b: Volcarona|spe|1\n|move|p2b: Sneasler|Acrobatics|p1b: Volcarona\n|-supereffective|p1b: Volcarona\n|-damage|p1b: Volcarona|41\/100\n|move|p2a: Ninetales|Calm Mind|p2a: Ninetales\n|-boost|p2a: Ninetales|spa|1\n|-boost|p2a: Ninetales|spd|1\n|\n|-weather|Snow|[upkeep]\n|upkeep\n|turn|3\n|\n|t:|1700138672\n|move|p2b: Sneasler|Endure|p2b: Sneasler\n|-singleturn|p2b: Sneasler|move: Endure\n|move|p1b: Volcarona|Fiery Dance|p2b: Sneasler\n|-damage|p2b: Sneasler|43\/100\n|move|p1a: Murkrow|Foul Play|p2b: Sneasler\n|-resisted|p2b: Sneasler\n|-crit|p2b: Sneasler\n|-activate|p2b: Sneasler|move: Endure\n|-damage|p2b: Sneasler|1\/100\n|move|p2a: Ninetales|Blizzard|p1b: Volcarona|[spread] p1a,p1b\n|-supereffective|p1a: Murkrow\n|-resisted|p1b: Volcarona\n|-crit|p1b: Volcarona\n|-damage|p1a: Murkrow|37\/100\n|-damage|p1b: Volcarona|12\/100\n|-status|p1a: Murkrow|frz\n|-status|p1b: Volcarona|frz\n|\n|-weather|Snow|[upkeep]\n|upkeep\n|turn|4\n|c|\u2606Mattor|bomboclat\n|inactive|mahameloplatano has 120 seconds left.\n|\n|t:|1700138703\n|switch|p1a: Sinistcha|Sinistcha-Masterpiece|100\/100\n|-heal|p1b: Volcarona|37\/100 frz|[from] ability: Hospitality|[of] p1a: Sinistcha\n|-curestatus|p1b: Volcarona|frz|[msg]\n|move|p1b: Volcarona|Fiery Dance|p2a: Ninetales\n|-supereffective|p2a: Ninetales\n|-damage|p2a: Ninetales|60\/100\n|-boost|p1b: Volcarona|spa|1\n|move|p2b: Sneasler|Acrobatics|p1b: Volcarona\n|-supereffective|p1b: Volcarona\n|-damage|p1b: Volcarona|0 fnt\n|-status|p2b: Sneasler|brn|[from] ability: Flame Body|[of] p1b: Volcarona\n|faint|p1b: Volcarona\n|move|p2a: Ninetales|Blizzard|p1a: Sinistcha\n|-supereffective|p1a: Sinistcha\n|-damage|p1a: Sinistcha|22\/100\n|\n|-weather|Snow|[upkeep]\n|-damage|p2b: Sneasler|0 fnt|[from] brn\n|faint|p2b: Sneasler\n|upkeep\n|\n|t:|1700138724\n|switch|p2b: Ceruledge|Ceruledge, M|100\/100\n|switch|p1b: Greninja|Greninja, M|100\/100\n|turn|5\n|\n|t:|1700138741\n|-terastallize|p1a: Sinistcha|Water\n|move|p2b: Ceruledge|Endure|p2b: Ceruledge\n|-singleturn|p2b: Ceruledge|move: Endure\n|move|p1b: Greninja|Role Play|p2b: Ceruledge\n|-endability|p1b: Greninja|Torrent|[from] move: Role Play\n|-ability|p1b: Greninja|Weak Armor|[from] move: Role Play|[of] p2b: Ceruledge\n|move|p1a: Sinistcha|Foul Play|p2b: Ceruledge\n|-supereffective|p2b: Ceruledge\n|-damage|p2b: Ceruledge|43\/100\n|-ability|p2b: Ceruledge|Weak Armor|boost\n|-unboost|p2b: Ceruledge|def|1\n|-boost|p2b: Ceruledge|spe|2\n|-enditem|p2b: Ceruledge|Weakness Policy\n|-boost|p2b: Ceruledge|atk|2|[from] item: Weakness Policy\n|-boost|p2b: Ceruledge|spa|2|[from] item: Weakness Policy\n|move|p2a: Ninetales|Blizzard|p1a: Sinistcha|[spread] p1a,p1b\n|-resisted|p1a: Sinistcha\n|-resisted|p1b: Greninja\n|-damage|p1a: Sinistcha|7\/100\n|-damage|p1b: Greninja|72\/100\n|-status|p1a: Sinistcha|frz\n|-status|p1b: Greninja|frz\n|\n|-weather|Snow|[upkeep]\n|-heal|p1b: Greninja|78\/100 frz|[from] item: Leftovers\n|-sideend|p1: mahameloplatano|move: Tailwind\n|-sideend|p2: Mattor|move: Aurora Veil\n|upkeep\n|turn|6\n|c|\u2606Mattor|bomboclat\n|-message|mahameloplatano forfeited.\n|\n|win|Mattor\n|raw|mahameloplatano's rating: 1128 &rarr; <strong>1103<\/strong><br \/>(-25 for losing)\n|raw|Mattor's rating: 1134 &rarr; <strong>1159<\/strong><br \/>(+25 for winning)\n|l|\u2606mahameloplatano\n","uploadtime":1700138778,"views":6,"p1id":"mahameloplatano","p2id":"mattor","formatid":"gen9doublesou","rating":1103,"private":0,"password":""}