{"id":"gen9doublesou-1969117407","p1":"Megatoxicroak101","p2":"God_of_STANK!","format":"[Gen 9] Doubles OU","log":"|j|\u2606Megatoxicroak101\n|j|\u2606God_of_STANK!\n|t:|1697491527\n|gametype|doubles\n|player|p1|Megatoxicroak101|shadowtriad|1221\n|player|p2|God_of_STANK!|psychic|1331\n|teamsize|p1|6\n|teamsize|p2|6\n|gen|9\n|tier|[Gen 9] Doubles OU\n|rated|\n|rule|Species Clause: Limit one of each Pok\u00e9mon\n|rule|OHKO Clause: OHKO moves are banned\n|rule|Evasion Moves Clause: Evasion moves are banned\n|rule|Gravity Sleep Clause: The combination of sleep-inducing moves with imperfect accuracy and Gravity or Gigantamax Orbeetle are banned\n|rule|Endless Battle Clause: Forcing endless battles is banned\n|rule|HP Percentage Mod: HP is shown in percentages\n|clearpoke\n|poke|p1|Roaring Moon|\n|poke|p1|Toxicroak, M|\n|poke|p1|Lucario, M|\n|poke|p1|Zoroark, F|\n|poke|p1|Infernape, F|\n|poke|p1|Haunter, F|\n|poke|p2|Okidogi, M|\n|poke|p2|Tornadus, M|\n|poke|p2|Cresselia, F|\n|poke|p2|Iron Hands|\n|poke|p2|Hoopa-Unbound|\n|poke|p2|Volcanion|\n|teampreview\n|inactive|Battle timer is ON: inactive players will automatically lose when time's up. (requested by God_of_STANK!)\n|\n|t:|1697491539\n|start\n|switch|p1a: Toxicroak|Toxicroak, M|100\/100\n|switch|p1b: Roaring Moon|Roaring Moon|100\/100\n|switch|p2a: Tornadus|Tornadus, M, shiny|100\/100\n|switch|p2b: Volcanion|Volcanion|100\/100\n|-enditem|p1b: Roaring Moon|Booster Energy\n|-activate|p1b: Roaring Moon|ability: Protosynthesis|[fromitem]\n|-start|p1b: Roaring Moon|protosynthesisatk\n|turn|1\n|\n|t:|1697491559\n|-terastallize|p1b: Roaring Moon|Flying\n|move|p1a: Toxicroak|Fake Out|p2a: Tornadus\n|-damage|p2a: Tornadus|78\/100\n|-damage|p1a: Toxicroak|91\/100|[from] item: Life Orb\n|move|p2a: Tornadus|Tailwind|p2a: Tornadus\n|-sidestart|p2: God_of_STANK!|move: Tailwind\n|move|p1b: Roaring Moon|Acrobatics|p2a: Tornadus\n|-damage|p2a: Tornadus|0 fnt\n|faint|p2a: Tornadus\n|move|p2b: Volcanion|Earth Power|p1a: Toxicroak\n|-supereffective|p1a: Toxicroak\n|-damage|p1a: Toxicroak|0 fnt\n|faint|p1a: Toxicroak\n|\n|upkeep\n|\n|t:|1697491575\n|switch|p2a: Iron Hands|Iron Hands|100\/100\n|switch|p1a: Infernape|Infernape, F|100\/100\n|turn|2\n|\n|t:|1697491583\n|move|p1b: Roaring Moon|Tailwind|p1b: Roaring Moon\n|-sidestart|p1: Megatoxicroak101|move: Tailwind\n|move|p1a: Infernape|Thunder Punch|p2b: Volcanion\n|-supereffective|p2b: Volcanion\n|-damage|p2b: Volcanion|50\/100\n|-status|p2b: Volcanion|par\n|-damage|p1a: Infernape|91\/100|[from] item: Life Orb\n|move|p2a: Iron Hands|Belly Drum|p2a: Iron Hands\n|-damage|p2a: Iron Hands|51\/100\n|-setboost|p2a: Iron Hands|atk|6|[from] move: Belly Drum\n|cant|p2b: Volcanion|par\n|\n|upkeep\n|turn|3\n|c|\u2606God_of_STANK!|LUCK\n|\n|t:|1697491604\n|move|p2a: Iron Hands|Protect|p2a: Iron Hands\n|-singleturn|p2a: Iron Hands|Protect\n|move|p1b: Roaring Moon|Acrobatics|p2a: Iron Hands\n|-activate|p2a: Iron Hands|move: Protect\n|move|p1a: Infernape|Thunder Punch|p2b: Volcanion\n|-supereffective|p2b: Volcanion\n|-damage|p2b: Volcanion|0 fnt\n|faint|p2b: Volcanion\n|-damage|p1a: Infernape|81\/100|[from] item: Life Orb\n|\n|upkeep\n|\n|t:|1697491606\n|switch|p2b: Cresselia|Cresselia, F|100\/100\n|turn|4\n|\n|t:|1697491628\n|-terastallize|p2a: Iron Hands|Flying\n|move|p1b: Roaring Moon|Throat Chop|p2b: Cresselia\n|-supereffective|p2b: Cresselia\n|-damage|p2b: Cresselia|22\/100\n|-start|p2b: Cresselia|Throat Chop|[silent]\n|move|p1a: Infernape|Fire Punch|p2a: Iron Hands\n|-damage|p2a: Iron Hands|17\/100\n|-enditem|p2a: Iron Hands|Sitrus Berry|[eat]\n|-heal|p2a: Iron Hands|42\/100|[from] item: Sitrus Berry\n|-damage|p1a: Infernape|71\/100|[from] item: Life Orb\n|move|p2a: Iron Hands|Ice Punch|p1b: Roaring Moon\n|-supereffective|p1b: Roaring Moon\n|-damage|p1b: Roaring Moon|0 fnt\n|faint|p1b: Roaring Moon\n|-end|p1b: Roaring Moon|Protosynthesis|[silent]\n|move|p2b: Cresselia|Trick Room|p2b: Cresselia\n|-fieldstart|move: Trick Room|[of] p2b: Cresselia\n|\n|-sideend|p2: God_of_STANK!|move: Tailwind\n|upkeep\n|inactive|Megatoxicroak101 has 120 seconds left.\n|\n|t:|1697491644\n|switch|p1b: Haunter|Haunter, F|100\/100\n|turn|5\n|\n|t:|1697491660\n|move|p1a: Infernape|Mach Punch|p2a: Iron Hands\n|-resisted|p2a: Iron Hands\n|-damage|p2a: Iron Hands|33\/100\n|-damage|p1a: Infernape|61\/100|[from] item: Life Orb\n|move|p2a: Iron Hands|Drain Punch|p1a: Infernape\n|-damage|p1a: Infernape|0 fnt\n|-heal|p2a: Iron Hands|53\/100|[from] drain|[of] p1a: Infernape\n|faint|p1a: Infernape\n|move|p2b: Cresselia|Lunar Blessing|p2b: Cresselia|[spread] p2a,p2b\n|-heal|p2a: Iron Hands|78\/100\n|-heal|p2b: Cresselia|47\/100\n|move|p1b: Haunter|Snarl|p2b: Cresselia|[spread] p2a,p2b\n|-supereffective|p2b: Cresselia\n|-damage|p2a: Iron Hands|63\/100\n|-damage|p2b: Cresselia|21\/100\n|-unboost|p2a: Iron Hands|spa|1\n|-unboost|p2b: Cresselia|spa|1\n|-enditem|p1b: Haunter|Throat Spray\n|-boost|p1b: Haunter|spa|1|[from] item: Throat Spray\n|\n|-end|p2b: Cresselia|Throat Chop|[silent]\n|-sideend|p1: Megatoxicroak101|move: Tailwind\n|upkeep\n|inactive|Megatoxicroak101 has 120 seconds left.\n|c|\u2606Megatoxicroak101|Nice saved by trick room\n|c|\u2606God_of_STANK!|not really saved\n|-message|Megatoxicroak101 forfeited.\n|\n|win|God_of_STANK!\n|raw|Megatoxicroak101's rating: 1221 &rarr; <strong>1204<\/strong><br \/>(-17 for losing)\n|raw|God_of_STANK!'s rating: 1331 &rarr; <strong>1345<\/strong><br \/>(+14 for winning)\n|l|\u2606Megatoxicroak101\n|c|\u2606God_of_STANK!|i set it up lol\n","uploadtime":1697491701,"views":15,"p1id":"megatoxicroak101","p2id":"godofstank","formatid":"gen9doublesou","rating":1204,"private":0,"password":""}