{"id":"gen9doublesou-1972898550","p1":"Yukai Temat","p2":"Marct66","format":"[Gen 9] Doubles OU","log":"|j|\u2606Yukai Temat\n|j|\u2606Marct66\n|inactive|Battle timer is ON: inactive players will automatically lose when time's up.\n|t:|1697906831\n|gametype|doubles\n|player|p1|Yukai Temat|iono|\n|player|p2|Marct66|alec-anime|\n|teamsize|p1|2\n|teamsize|p2|2\n|gen|9\n|tier|[Gen 9] Doubles OU\n|rated|Tournament battle\n|rule|Species Clause: Limit one of each Pok\u00e9mon\n|rule|OHKO Clause: OHKO moves are banned\n|rule|Evasion Moves Clause: Evasion moves are banned\n|rule|Gravity Sleep Clause: The combination of sleep-inducing moves with imperfect accuracy and Gravity or Gigantamax Orbeetle are banned\n|rule|Endless Battle Clause: Forcing endless battles is banned\n|rule|HP Percentage Mod: HP is shown in percentages\n|clearpoke\n|poke|p1|Braviary, M|\n|poke|p1|Trevenant, M|\n|poke|p2|Vaporeon, M|\n|poke|p2|Garganacl, M|\n|teampreview\n|j|*Lady Monita \u263d\n|inactive|Yukai Temat also wants the timer to be on.\n|\n|t:|1697906837\n|start\n|switch|p1a: Braviary|Braviary, M|100\/100\n|switch|p1b: Trevenant|Trevenant, M|100\/100\n|switch|p2a: Garganacl|Garganacl, M|100\/100\n|switch|p2b: Vaporeon|Vaporeon, M|100\/100\n|turn|1\n|c|\u2606Yukai Temat|Good luck\n|c|\u2606Marct66|u2\n|c|\u2606Marct66|and i forgot to change an item niiice\n|inactive|Yukai Temat has 120 seconds left.\n|c|\u2606Yukai Temat|Ooo I feel that\n|inactive|Marct66 has 120 seconds left.\n|\n|t:|1697906875\n|-terastallize|p2a: Garganacl|Fairy\n|move|p1a: Braviary|Close Combat|p2a: Garganacl\n|-resisted|p2a: Garganacl\n|-damage|p2a: Garganacl|91\/100\n|-unboost|p1a: Braviary|def|1\n|-unboost|p1a: Braviary|spd|1\n|move|p2b: Vaporeon|Scald|p1b: Trevenant\n|-resisted|p1b: Trevenant\n|-damage|p1b: Trevenant|86\/100\n|move|p1b: Trevenant|Horn Leech|p2b: Vaporeon\n|-supereffective|p2b: Vaporeon\n|-damage|p2b: Vaporeon|42\/100\n|-heal|p1b: Trevenant|100\/100|[from] drain|[of] p2b: Vaporeon\n|move|p2a: Garganacl|Salt Cure|p1a: Braviary\n|-supereffective|p1a: Braviary\n|-damage|p1a: Braviary|49\/100\n|-start|p1a: Braviary|Salt Cure\n|-enditem|p1a: Braviary|Sitrus Berry|[eat]\n|-heal|p1a: Braviary|74\/100|[from] item: Sitrus Berry\n|\n|-damage|p1a: Braviary|62\/100|[from] Salt Cure\n|upkeep\n|turn|2\n|inactive|Yukai Temat has 120 seconds left.\n|inactive|Marct66 has 120 seconds left.\n|\n|t:|1697906902\n|move|p1a: Braviary|Iron Head|p2a: Garganacl\n|-supereffective|p2a: Garganacl\n|-damage|p2a: Garganacl|52\/100\n|move|p2b: Vaporeon|Scald|p1b: Trevenant\n|-resisted|p1b: Trevenant\n|-damage|p1b: Trevenant|85\/100\n|move|p1b: Trevenant|Horn Leech|p2b: Vaporeon\n|-supereffective|p2b: Vaporeon\n|-damage|p2b: Vaporeon|0 fnt\n|-heal|p1b: Trevenant|100\/100|[from] drain|[of] p2b: Vaporeon\n|faint|p2b: Vaporeon\n|move|p2a: Garganacl|Salt Cure|p1b: Trevenant\n|-damage|p1b: Trevenant|84\/100\n|-start|p1b: Trevenant|Salt Cure\n|\n|-damage|p1a: Braviary|50\/100|[from] Salt Cure\n|-damage|p1b: Trevenant|72\/100|[from] Salt Cure\n|upkeep\n|turn|3\n|c|\u2606Marct66|gg\n|c|\u2606Yukai Temat|gg\n|\n|t:|1697906920\n|move|p1a: Braviary|Acrobatics|p2a: Garganacl\n|-damage|p2a: Garganacl|25\/100\n|-enditem|p2a: Garganacl|Mago Berry|[eat]\n|-heal|p2a: Garganacl|58\/100|[from] item: Mago Berry\n|move|p1b: Trevenant|Leech Seed|p2a: Garganacl\n|-start|p2a: Garganacl|move: Leech Seed\n|move|p2a: Garganacl|Recover|p2a: Garganacl\n|-heal|p2a: Garganacl|100\/100\n|\n|-damage|p2a: Garganacl|88\/100|[from] Leech Seed|[of] p1b: Trevenant\n|-heal|p1b: Trevenant|85\/100|[silent]\n|-damage|p1a: Braviary|37\/100|[from] Salt Cure\n|-damage|p1b: Trevenant|73\/100|[from] Salt Cure\n|upkeep\n|turn|4\n|\n|t:|1697906936\n|-terastallize|p1a: Braviary|Flying\n|move|p1a: Braviary|Acrobatics|p2a: Garganacl\n|-damage|p2a: Garganacl|54\/100\n|move|p1b: Trevenant|Horn Leech|p2a: Garganacl\n|-damage|p2a: Garganacl|40\/100\n|-heal|p1b: Trevenant|80\/100|[from] drain|[of] p2a: Garganacl\n|move|p2a: Garganacl|Recover|p2a: Garganacl\n|-heal|p2a: Garganacl|90\/100\n|\n|-damage|p2a: Garganacl|78\/100|[from] Leech Seed|[of] p1b: Trevenant\n|-heal|p1b: Trevenant|94\/100|[silent]\n|-damage|p1a: Braviary|25\/100|[from] Salt Cure\n|-damage|p1b: Trevenant|82\/100|[from] Salt Cure\n|upkeep\n|turn|5\n|inactive|Yukai Temat has 120 seconds left.\n|j| eldin\n|\n|t:|1697906990\n|move|p1a: Braviary|Acrobatics|p2a: Garganacl\n|-damage|p2a: Garganacl|42\/100\n|move|p1b: Trevenant|Poltergeist||[still]\n|-fail|p1b: Trevenant\n|move|p2a: Garganacl|Salt Cure|p1a: Braviary\n|-supereffective|p1a: Braviary\n|-damage|p1a: Braviary|0 fnt\n|faint|p1a: Braviary\n|\n|-damage|p2a: Garganacl|29\/100|[from] Leech Seed|[of] p1b: Trevenant\n|-heal|p1b: Trevenant|95\/100|[silent]\n|-damage|p1b: Trevenant|83\/100|[from] Salt Cure\n|upkeep\n|turn|6\n|inactive|Yukai Temat has 120 seconds left.\n|\n|t:|1697907000\n|move|p1b: Trevenant|Horn Leech|p2a: Garganacl\n|-damage|p2a: Garganacl|16\/100\n|-heal|p1b: Trevenant|90\/100|[from] drain|[of] p2a: Garganacl\n|move|p2a: Garganacl|Recover|p2a: Garganacl\n|-heal|p2a: Garganacl|66\/100\n|\n|-damage|p2a: Garganacl|54\/100|[from] Leech Seed|[of] p1b: Trevenant\n|-heal|p1b: Trevenant|100\/100|[silent]\n|-damage|p1b: Trevenant|88\/100|[from] Salt Cure\n|upkeep\n|turn|7\n|\n|t:|1697907006\n|move|p1b: Trevenant|Horn Leech|p2a: Garganacl\n|-damage|p2a: Garganacl|40\/100\n|-heal|p1b: Trevenant|96\/100|[from] drain|[of] p2a: Garganacl\n|move|p2a: Garganacl|Recover|p2a: Garganacl\n|-heal|p2a: Garganacl|90\/100\n|\n|-damage|p2a: Garganacl|78\/100|[from] Leech Seed|[of] p1b: Trevenant\n|-heal|p1b: Trevenant|100\/100|[silent]\n|-damage|p1b: Trevenant|88\/100|[from] Salt Cure\n|upkeep\n|turn|8\n|\n|t:|1697907013\n|move|p1b: Trevenant|Horn Leech|p2a: Garganacl\n|-damage|p2a: Garganacl|64\/100\n|-heal|p1b: Trevenant|96\/100|[from] drain|[of] p2a: Garganacl\n|move|p2a: Garganacl|Salt Cure|p1b: Trevenant\n|-damage|p1b: Trevenant|80\/100\n|\n|-damage|p2a: Garganacl|52\/100|[from] Leech Seed|[of] p1b: Trevenant\n|-heal|p1b: Trevenant|94\/100|[silent]\n|-damage|p1b: Trevenant|82\/100|[from] Salt Cure\n|upkeep\n|turn|9\n|c|\u2606Yukai Temat|This may get grindy\n|\n|t:|1697907028\n|move|p1b: Trevenant|Protect|p1b: Trevenant\n|-singleturn|p1b: Trevenant|Protect\n|move|p2a: Garganacl|Recover|p2a: Garganacl\n|-heal|p2a: Garganacl|100\/100\n|\n|-damage|p2a: Garganacl|88\/100|[from] Leech Seed|[of] p1b: Trevenant\n|-heal|p1b: Trevenant|95\/100|[silent]\n|-damage|p1b: Trevenant|83\/100|[from] Salt Cure\n|upkeep\n|turn|10\n|c|\u2606Marct66|gotta try\n|\n|t:|1697907036\n|move|p1b: Trevenant|Horn Leech|p2a: Garganacl\n|-damage|p2a: Garganacl|75\/100\n|-heal|p1b: Trevenant|90\/100|[from] drain|[of] p2a: Garganacl\n|move|p2a: Garganacl|Salt Cure|p1b: Trevenant\n|-damage|p1b: Trevenant|75\/100\n|\n|-damage|p2a: Garganacl|62\/100|[from] Leech Seed|[of] p1b: Trevenant\n|-heal|p1b: Trevenant|88\/100|[silent]\n|-damage|p1b: Trevenant|76\/100|[from] Salt Cure\n|upkeep\n|turn|11\n|c|\u2606Yukai Temat|Exactly\n|\n|t:|1697907050\n|move|p1b: Trevenant|Horn Leech|p2a: Garganacl\n|-crit|p2a: Garganacl\n|-damage|p2a: Garganacl|42\/100\n|-heal|p1b: Trevenant|87\/100|[from] drain|[of] p2a: Garganacl\n|move|p2a: Garganacl|Salt Cure|p1b: Trevenant\n|-crit|p1b: Trevenant\n|-damage|p1b: Trevenant|64\/100\n|\n|-damage|p2a: Garganacl|30\/100|[from] Leech Seed|[of] p1b: Trevenant\n|-heal|p1b: Trevenant|77\/100|[silent]\n|-damage|p1b: Trevenant|65\/100|[from] Salt Cure\n|upkeep\n|turn|12\n|\n|t:|1697907063\n|move|p1b: Trevenant|Horn Leech|p2a: Garganacl\n|-damage|p2a: Garganacl|16\/100\n|-heal|p1b: Trevenant|72\/100|[from] drain|[of] p2a: Garganacl\n|move|p2a: Garganacl|Recover|p2a: Garganacl\n|-heal|p2a: Garganacl|66\/100\n|\n|-damage|p2a: Garganacl|54\/100|[from] Leech Seed|[of] p1b: Trevenant\n|-heal|p1b: Trevenant|86\/100|[silent]\n|-damage|p1b: Trevenant|73\/100|[from] Salt Cure\n|upkeep\n|turn|13\n|\n|t:|1697907072\n|move|p1b: Trevenant|Horn Leech|p2a: Garganacl\n|-damage|p2a: Garganacl|38\/100\n|-heal|p1b: Trevenant|82\/100|[from] drain|[of] p2a: Garganacl\n|move|p2a: Garganacl|Salt Cure|p1b: Trevenant\n|-damage|p1b: Trevenant|66\/100\n|\n|-damage|p2a: Garganacl|26\/100|[from] Leech Seed|[of] p1b: Trevenant\n|-heal|p1b: Trevenant|79\/100|[silent]\n|-damage|p1b: Trevenant|67\/100|[from] Salt Cure\n|upkeep\n|turn|14\n|\n|t:|1697907081\n|move|p1b: Trevenant|Poltergeist||[still]\n|-fail|p1b: Trevenant\n|move|p2a: Garganacl|Recover|p2a: Garganacl\n|-heal|p2a: Garganacl|76\/100\n|\n|-damage|p2a: Garganacl|63\/100|[from] Leech Seed|[of] p1b: Trevenant\n|-heal|p1b: Trevenant|80\/100|[silent]\n|-damage|p1b: Trevenant|68\/100|[from] Salt Cure\n|upkeep\n|turn|15\n|\n|t:|1697907089\n|move|p1b: Trevenant|Horn Leech|p2a: Garganacl\n|-damage|p2a: Garganacl|48\/100\n|-heal|p1b: Trevenant|76\/100|[from] drain|[of] p2a: Garganacl\n|move|p2a: Garganacl|Salt Cure|p1b: Trevenant\n|-damage|p1b: Trevenant|59\/100\n|\n|-damage|p2a: Garganacl|36\/100|[from] Leech Seed|[of] p1b: Trevenant\n|-heal|p1b: Trevenant|72\/100|[silent]\n|-damage|p1b: Trevenant|60\/100|[from] Salt Cure\n|upkeep\n|turn|16\n|\n|t:|1697907102\n|move|p1b: Trevenant|Leech Seed||[still]\n|-fail|p1b: Trevenant\n|move|p2a: Garganacl|Recover|p2a: Garganacl\n|-heal|p2a: Garganacl|86\/100\n|\n|-damage|p2a: Garganacl|74\/100|[from] Leech Seed|[of] p1b: Trevenant\n|-heal|p1b: Trevenant|73\/100|[silent]\n|-damage|p1b: Trevenant|61\/100|[from] Salt Cure\n|upkeep\n|turn|17\n|\n|t:|1697907108\n|move|p1b: Trevenant|Protect|p1b: Trevenant\n|-singleturn|p1b: Trevenant|Protect\n|move|p2a: Garganacl|Salt Cure|p1b: Trevenant\n|-activate|p1b: Trevenant|move: Protect\n|\n|-damage|p2a: Garganacl|61\/100|[from] Leech Seed|[of] p1b: Trevenant\n|-heal|p1b: Trevenant|75\/100|[silent]\n|-damage|p1b: Trevenant|62\/100|[from] Salt Cure\n|upkeep\n|turn|18\n|\n|t:|1697907115\n|move|p1b: Trevenant|Horn Leech|p2a: Garganacl\n|-damage|p2a: Garganacl|47\/100\n|-heal|p1b: Trevenant|70\/100|[from] drain|[of] p2a: Garganacl\n|move|p2a: Garganacl|Salt Cure|p1b: Trevenant\n|-damage|p1b: Trevenant|54\/100\n|\n|-damage|p2a: Garganacl|35\/100|[from] Leech Seed|[of] p1b: Trevenant\n|-heal|p1b: Trevenant|67\/100|[silent]\n|-damage|p1b: Trevenant|55\/100|[from] Salt Cure\n|upkeep\n|turn|19\n|c|\u2606Marct66|now i only need a lot of crits\n|c|\u2606Yukai Temat|Yeah\n|c|\u2606Marct66|XD\n|\n|t:|1697907125\n|move|p1b: Trevenant|Protect|p1b: Trevenant\n|-singleturn|p1b: Trevenant|Protect\n|move|p2a: Garganacl|Salt Cure|p1b: Trevenant\n|-activate|p1b: Trevenant|move: Protect\n|\n|-damage|p2a: Garganacl|22\/100|[from] Leech Seed|[of] p1b: Trevenant\n|-heal|p1b: Trevenant|68\/100|[silent]\n|-damage|p1b: Trevenant|56\/100|[from] Salt Cure\n|upkeep\n|turn|20\n|c|\u2606Marct66|ggs\n|c|\u2606Yukai Temat|gg\n|\n|t:|1697907137\n|move|p1b: Trevenant|Horn Leech|p2a: Garganacl\n|-damage|p2a: Garganacl|8\/100\n|-heal|p1b: Trevenant|64\/100|[from] drain|[of] p2a: Garganacl\n|move|p2a: Garganacl|Salt Cure|p1b: Trevenant\n|-damage|p1b: Trevenant|49\/100\n|-enditem|p1b: Trevenant|Sitrus Berry|[eat]\n|-heal|p1b: Trevenant|74\/100|[from] item: Sitrus Berry\n|\n|-damage|p2a: Garganacl|0 fnt|[from] Leech Seed|[of] p1b: Trevenant\n|-heal|p1b: Trevenant|82\/100|[silent]\n|faint|p2a: Garganacl\n|\n|win|Yukai Temat\n|upkeep\n|n|\u2606Yukai Temat|yukaitemat\n|n|\u2606Marct66|marct66\n|n|*Lady Monita \u263d|ladymonita\n|n| eldin|eldin\n","uploadtime":1697907138,"views":15,"p1id":"yukaitemat","p2id":"marct66","formatid":"gen9doublesou","rating":0,"private":0,"password":""}