{"id":"gen9doublesou-1993706757","p1":"Schister","p2":"Pondmann","format":"[Gen 9] Doubles OU","log":"|j|\u2606Schister\n|j|\u2606Pondmann\n|t:|1700347760\n|gametype|doubles\n|player|p1|Schister|clair|1778\n|player|p2|Pondmann|clown|1533\n|teamsize|p1|6\n|teamsize|p2|6\n|gen|9\n|tier|[Gen 9] Doubles OU\n|rated|\n|rule|Species Clause: Limit one of each Pok\u00e9mon\n|rule|OHKO Clause: OHKO moves are banned\n|rule|Evasion Moves Clause: Evasion moves are banned\n|rule|Gravity Sleep Clause: The combination of sleep-inducing moves with imperfect accuracy and Gravity or Gigantamax Orbeetle are banned\n|rule|Endless Battle Clause: Forcing endless battles is banned\n|rule|HP Percentage Mod: HP is shown in percentages\n|clearpoke\n|poke|p1|Grimmsnarl, M|\n|poke|p1|Landorus-Therian, M|\n|poke|p1|Rillaboom, M|\n|poke|p1|Skeledirge, F|\n|poke|p1|Kingambit, F|\n|poke|p1|Cresselia, F|\n|poke|p2|Ninetales-Alola, F|\n|poke|p2|Cetitan, M|\n|poke|p2|Clefairy, F|\n|poke|p2|Sinistcha|\n|poke|p2|Kommo-o, F|\n|poke|p2|Tornadus, M|\n|teampreview\n|inactive|Battle timer is ON: inactive players will automatically lose when time's up. (requested by Schister)\n|\n|t:|1700347786\n|start\n|switch|p1a: Landorus|Landorus-Therian, M|100\/100\n|switch|p1b: Grimmsnarl|Grimmsnarl, M|100\/100\n|switch|p2a: Monstro|Cetitan, M|100\/100\n|switch|p2b: Mythril|Clefairy, F|100\/100\n|-ability|p1a: Landorus|Intimidate|boost\n|-unboost|p2a: Monstro|atk|1\n|-unboost|p2b: Mythril|atk|1\n|turn|1\n|\n|t:|1700347804\n|move|p2a: Monstro|Protect|p2a: Monstro\n|-singleturn|p2a: Monstro|Protect\n|move|p1b: Grimmsnarl|Reflect|p1b: Grimmsnarl\n|-sidestart|p1: Schister|Reflect\n|move|p1a: Landorus|Taunt|p2b: Mythril\n|-start|p2b: Mythril|move: Taunt\n|move|p2b: Mythril|Chilling Water|p1a: Landorus\n|-supereffective|p1a: Landorus\n|-damage|p1a: Landorus|88\/100\n|-unboost|p1a: Landorus|atk|1\n|\n|upkeep\n|turn|2\n|\n|t:|1700347822\n|switch|p2b: Freezeezy|Ninetales-Alola, F|100\/100\n|-weather|Snow|[from] ability: Snow Warning|[of] p2b: Freezeezy\n|move|p1b: Grimmsnarl|Parting Shot|p2a: Monstro\n|-unboost|p2a: Monstro|atk|1\n|-unboost|p2a: Monstro|spa|1\n|\n|t:|1700347829\n|switch|p1b: Skeledirge|Skeledirge, F|100\/100|[from] Parting Shot\n|move|p2a: Monstro|Belly Drum|p2a: Monstro\n|-damage|p2a: Monstro|50\/100\n|-setboost|p2a: Monstro|atk|6|[from] move: Belly Drum\n|-enditem|p2a: Monstro|Sitrus Berry|[eat]\n|-heal|p2a: Monstro|75\/100|[from] item: Sitrus Berry\n|move|p1a: Landorus|Stealth Rock|p2a: Monstro\n|-sidestart|p2: Pondmann|move: Stealth Rock\n|\n|-weather|Snow|[upkeep]\n|upkeep\n|turn|3\n|inactive|Pondmann has 120 seconds left.\n|\n|t:|1700347891\n|-terastallize|p1a: Landorus|Water\n|move|p2a: Monstro|Protect|p2a: Monstro\n|-singleturn|p2a: Monstro|Protect\n|move|p2b: Freezeezy|Aurora Veil|p2b: Freezeezy\n|-sidestart|p2: Pondmann|move: Aurora Veil\n|move|p1a: Landorus|U-turn|p2b: Freezeezy\n|-resisted|p2b: Freezeezy\n|-damage|p2b: Freezeezy|97\/100\n|\n|t:|1700347896\n|switch|p1a: Grimmsnarl|Grimmsnarl, M|100\/100|[from] U-turn\n|move|p1b: Skeledirge|Torch Song|p2b: Freezeezy\n|-supereffective|p2b: Freezeezy\n|-damage|p2b: Freezeezy|56\/100\n|-boost|p1b: Skeledirge|spa|1\n|\n|-weather|Snow|[upkeep]\n|upkeep\n|turn|4\n|inactive|Pondmann has 120 seconds left.\n|\n|t:|1700347910\n|switch|p2b: Mushi|Sinistcha, shiny|100\/100\n|-damage|p2b: Mushi|88\/100|[from] Stealth Rock\n|-heal|p2a: Monstro|99\/100|[from] ability: Hospitality|[of] p2b: Mushi\n|move|p1a: Grimmsnarl|Parting Shot|p2a: Monstro\n|-unboost|p2a: Monstro|atk|1\n|-unboost|p2a: Monstro|spa|1\n|\n|t:|1700347918\n|switch|p1a: Landorus|Landorus-Therian, M, tera:Water|88\/100|[from] Parting Shot\n|-ability|p1a: Landorus|Intimidate|boost\n|-unboost|p2a: Monstro|atk|1\n|-unboost|p2b: Mushi|atk|1\n|move|p2a: Monstro|Earthquake|p1b: Skeledirge|[spread] p2b,p1a,p1b\n|-resisted|p2b: Mushi\n|-supereffective|p1b: Skeledirge\n|-damage|p2b: Mushi|67\/100\n|-damage|p1a: Landorus|44\/100\n|-damage|p1b: Skeledirge|77\/100\n|-enditem|p1a: Landorus|Sitrus Berry|[eat]\n|-heal|p1a: Landorus|69\/100|[from] item: Sitrus Berry\n|move|p1b: Skeledirge|Torch Song|p2a: Monstro\n|-supereffective|p2a: Monstro\n|-damage|p2a: Monstro|47\/100\n|-boost|p1b: Skeledirge|spa|1\n|\n|-weather|Snow|[upkeep]\n|-heal|p2b: Mushi|73\/100|[from] item: Leftovers\n|-heal|p1b: Skeledirge|83\/100|[from] item: Leftovers\n|upkeep\n|turn|5\n|\n|t:|1700347940\n|switch|p1a: Rillaboom|Rillaboom, M|100\/100\n|-fieldstart|move: Grassy Terrain|[from] ability: Grassy Surge|[of] p1a: Rillaboom\n|move|p2a: Monstro|Earthquake|p1a: Rillaboom|[spread] p2b,p1a,p1b\n|-resisted|p2b: Mushi\n|-resisted|p1a: Rillaboom\n|-crit|p1a: Rillaboom\n|-supereffective|p1b: Skeledirge\n|-damage|p2b: Mushi|63\/100\n|-damage|p1a: Rillaboom|78\/100\n|-damage|p1b: Skeledirge|73\/100\n|move|p2b: Mushi|Shadow Ball|p1b: Skeledirge\n|-supereffective|p1b: Skeledirge\n|-damage|p1b: Skeledirge|7\/100\n|-unboost|p1b: Skeledirge|spd|1\n|move|p1b: Skeledirge|Torch Song|p2b: Mushi\n|-supereffective|p2b: Mushi\n|-damage|p2b: Mushi|0 fnt\n|-boost|p1b: Skeledirge|spa|1\n|faint|p2b: Mushi\n|\n|-weather|Snow|[upkeep]\n|-heal|p2a: Monstro|53\/100|[from] Grassy Terrain\n|-heal|p1a: Rillaboom|84\/100|[from] Grassy Terrain\n|-heal|p1b: Skeledirge|13\/100|[from] Grassy Terrain\n|-heal|p1b: Skeledirge|19\/100|[from] item: Leftovers\n|upkeep\n|inactive|Pondmann has 120 seconds left.\n|\n|t:|1700347955\n|switch|p2b: Mythril|Clefairy, F|100\/100\n|-damage|p2b: Mythril|88\/100|[from] Stealth Rock\n|turn|6\n|\n|t:|1700347969\n|-terastallize|p2a: Monstro|Water\n|move|p1a: Rillaboom|Fake Out|p2a: Monstro\n|-damage|p2a: Monstro|47\/100\n|cant|p2a: Monstro|flinch\n|move|p1b: Skeledirge|Slack Off|p1b: Skeledirge\n|-heal|p1b: Skeledirge|70\/100\n|move|p2b: Mythril|Heal Pulse|p2a: Monstro\n|-heal|p2a: Monstro|97\/100\n|\n|-weather|none\n|-heal|p2a: Monstro|100\/100|[from] Grassy Terrain\n|-heal|p1a: Rillaboom|90\/100|[from] Grassy Terrain\n|-heal|p1b: Skeledirge|76\/100|[from] Grassy Terrain\n|-heal|p1b: Skeledirge|82\/100|[from] item: Leftovers\n|-heal|p2b: Mythril|94\/100|[from] Grassy Terrain\n|upkeep\n|turn|7\n|\n|t:|1700347994\n|move|p2a: Monstro|Earthquake|p1a: Rillaboom|[spread] p2b,p1a,p1b\n|-resisted|p1a: Rillaboom\n|-supereffective|p1b: Skeledirge\n|-damage|p2b: Mythril|78\/100\n|-damage|p1a: Rillaboom|81\/100\n|-damage|p1b: Skeledirge|70\/100\n|move|p1a: Rillaboom|U-turn|p2b: Mythril\n|-resisted|p2b: Mythril\n|-damage|p2b: Mythril|72\/100\n|\n|t:|1700348003\n|switch|p1a: Landorus|Landorus-Therian, M, tera:Water|69\/100|[from] U-turn\n|-ability|p1a: Landorus|Intimidate|boost\n|-unboost|p2a: Monstro|atk|1\n|-unboost|p2b: Mythril|atk|1\n|move|p1b: Skeledirge|Torch Song|p2b: Mythril\n|-damage|p2b: Mythril|26\/100\n|-boost|p1b: Skeledirge|spa|1\n|move|p2b: Mythril|Icy Wind|p1b: Skeledirge|[spread] p1a,p1b\n|-resisted|p1a: Landorus\n|-resisted|p1b: Skeledirge\n|-damage|p1a: Landorus|66\/100\n|-damage|p1b: Skeledirge|66\/100\n|-unboost|p1a: Landorus|spe|1\n|-unboost|p1b: Skeledirge|spe|1\n|\n|-heal|p1a: Landorus|72\/100|[from] Grassy Terrain\n|-heal|p1b: Skeledirge|72\/100|[from] Grassy Terrain\n|-heal|p1b: Skeledirge|78\/100|[from] item: Leftovers\n|-heal|p2b: Mythril|32\/100|[from] Grassy Terrain\n|upkeep\n|turn|8\n|-message|Pondmann forfeited.\n|\n|win|Schister\n|raw|Schister's rating: 1778 &rarr; <strong>1786<\/strong><br \/>(+8 for winning)\n|raw|Pondmann's rating: 1533 &rarr; <strong>1525<\/strong><br \/>(-8 for losing)\n|l|\u2606Pondmann\n","uploadtime":1700348016,"views":6,"p1id":"schister","p2id":"pondmann","formatid":"gen9doublesou","rating":1525,"private":0,"password":""}