{"id":"gen9doublesou-1991890400","p1":"OPieceOfHeroGhost","p2":"Blue Syrius","format":"[Gen 9] Doubles OU","log":"|j|\u2606OPieceOfHeroGhost\n|j|\u2606Blue Syrius\n|t:|1700134274\n|gametype|doubles\n|player|p1|OPieceOfHeroGhost|morty|1491\n|player|p2|Blue Syrius|ninjaboy|1346\n|teamsize|p1|6\n|teamsize|p2|6\n|gen|9\n|tier|[Gen 9] Doubles OU\n|rated|\n|rule|Species Clause: Limit one of each Pok\u00e9mon\n|rule|OHKO Clause: OHKO moves are banned\n|rule|Evasion Moves Clause: Evasion moves are banned\n|rule|Gravity Sleep Clause: The combination of sleep-inducing moves with imperfect accuracy and Gravity or Gigantamax Orbeetle are banned\n|rule|Endless Battle Clause: Forcing endless battles is banned\n|rule|HP Percentage Mod: HP is shown in percentages\n|clearpoke\n|poke|p1|Ting-Lu|\n|poke|p1|Cresselia, F|\n|poke|p1|Landorus-Therian, M|\n|poke|p1|Flutter Mane|\n|poke|p1|Iron Hands|\n|poke|p1|Sinistcha-Masterpiece|\n|poke|p2|Sableye, F|\n|poke|p2|Chien-Pao|\n|poke|p2|Garchomp, M|\n|poke|p2|Tornadus, M|\n|poke|p2|Flutter Mane|\n|poke|p2|Chi-Yu|\n|teampreview\n|inactive|Battle timer is ON: inactive players will automatically lose when time's up. (requested by Blue Syrius)\n|\n|t:|1700134308\n|start\n|switch|p1a: \u5a01\u5413No.2|Landorus-Therian, M|100\/100\n|switch|p1b: \u53d1\u59d0\u5929\u4e0b\u65e0\u654c|Flutter Mane|100\/100\n|switch|p2a: Psyshock|Flutter Mane|100\/100\n|switch|p2b: Protect|Chi-Yu|100\/100\n|-ability|p2b: Protect|Beads of Ruin\n|-ability|p1a: \u5a01\u5413No.2|Intimidate|boost\n|-unboost|p2a: Psyshock|atk|1\n|-unboost|p2b: Protect|atk|1\n|-enditem|p1b: \u53d1\u59d0\u5929\u4e0b\u65e0\u654c|Booster Energy\n|-activate|p1b: \u53d1\u59d0\u5929\u4e0b\u65e0\u654c|ability: Protosynthesis|[fromitem]\n|-start|p1b: \u53d1\u59d0\u5929\u4e0b\u65e0\u654c|protosynthesisspe\n|-enditem|p2a: Psyshock|Booster Energy\n|-activate|p2a: Psyshock|ability: Protosynthesis|[fromitem]\n|-start|p2a: Psyshock|protosynthesisspa\n|turn|1\n|inactive|OPieceOfHeroGhost has 120 seconds left.\n|\n|t:|1700134340\n|-terastallize|p1b: \u53d1\u59d0\u5929\u4e0b\u65e0\u654c|Fairy\n|move|p2a: Psyshock|Protect|p2a: Psyshock\n|-singleturn|p2a: Psyshock|Protect\n|move|p1b: \u53d1\u59d0\u5929\u4e0b\u65e0\u654c|Dazzling Gleam|p2b: Protect|[spread] p2b\n|-activate|p2a: Psyshock|move: Protect\n|-damage|p2b: Protect|53\/100\n|move|p2b: Protect|Snarl|p1a: \u5a01\u5413No.2|[spread] p1b\n|-miss|p2b: Protect|p1a: \u5a01\u5413No.2\n|-resisted|p1b: \u53d1\u59d0\u5929\u4e0b\u65e0\u654c\n|-damage|p1b: \u53d1\u59d0\u5929\u4e0b\u65e0\u654c|84\/100\n|-unboost|p1b: \u53d1\u59d0\u5929\u4e0b\u65e0\u654c|spa|1\n|move|p1a: \u5a01\u5413No.2|U-turn|p2b: Protect\n|-damage|p2b: Protect|5\/100\n|inactive|OPieceOfHeroGhost has 120 seconds left.\n|\n|t:|1700134356\n|switch|p1a: \u5de7\u514b\u529b\u9762\u5305|Ting-Lu|100\/100|[from] U-turn\n|-ability|p1a: \u5de7\u514b\u529b\u9762\u5305|Vessel of Ruin\n|\n|upkeep\n|turn|2\n|\n|t:|1700134366\n|move|p1b: \u53d1\u59d0\u5929\u4e0b\u65e0\u654c|Protect|p1b: \u53d1\u59d0\u5929\u4e0b\u65e0\u654c\n|-singleturn|p1b: \u53d1\u59d0\u5929\u4e0b\u65e0\u654c|Protect\n|move|p2b: Protect|Snarl|p1a: \u5de7\u514b\u529b\u9762\u5305|[spread] p1a\n|-activate|p1b: \u53d1\u59d0\u5929\u4e0b\u65e0\u654c|move: Protect\n|-resisted|p1a: \u5de7\u514b\u529b\u9762\u5305\n|-damage|p1a: \u5de7\u514b\u529b\u9762\u5305|93\/100\n|-unboost|p1a: \u5de7\u514b\u529b\u9762\u5305|spa|1\n|move|p2a: Psyshock|Dazzling Gleam|p1b: \u53d1\u59d0\u5929\u4e0b\u65e0\u654c|[spread] p1a\n|-activate|p1b: \u53d1\u59d0\u5929\u4e0b\u65e0\u654c|move: Protect\n|-supereffective|p1a: \u5de7\u514b\u529b\u9762\u5305\n|-damage|p1a: \u5de7\u514b\u529b\u9762\u5305|27\/100\n|move|p1a: \u5de7\u514b\u529b\u9762\u5305|Heavy Slam|p2a: Psyshock\n|-supereffective|p2a: Psyshock\n|-damage|p2a: Psyshock|0 fnt\n|faint|p2a: Psyshock\n|-end|p2a: Psyshock|Protosynthesis|[silent]\n|\n|upkeep\n|\n|t:|1700134381\n|switch|p2a: Will-O-Wisp|Sableye, F, shiny|100\/100\n|turn|3\n|\n|t:|1700134401\n|switch|p2b: Swords Dance|Chien-Pao|100\/100\n|-ability|p2b: Swords Dance|Sword of Ruin\n|switch|p1a: \u4f60\u62cd\u4e00\uff0c\u6211\u62cd\u4e8c\uff0c\u5438\u53d6\u62f3\u6765\u4e92\u76f8\u5438|Iron Hands|100\/100\n|move|p2a: Will-O-Wisp|Fake Out|p1a: \u4f60\u62cd\u4e00\uff0c\u6211\u62cd\u4e8c\uff0c\u5438\u53d6\u62f3\u6765\u4e92\u76f8\u5438\n|-damage|p1a: \u4f60\u62cd\u4e00\uff0c\u6211\u62cd\u4e8c\uff0c\u5438\u53d6\u62f3\u6765\u4e92\u76f8\u5438|94\/100\n|move|p1b: \u53d1\u59d0\u5929\u4e0b\u65e0\u654c|Dazzling Gleam|p2b: Swords Dance|[spread] p2a,p2b\n|-supereffective|p2a: Will-O-Wisp\n|-supereffective|p2b: Swords Dance\n|-damage|p2a: Will-O-Wisp|48\/100\n|-damage|p2b: Swords Dance|21\/100\n|-enditem|p2a: Will-O-Wisp|Sitrus Berry|[eat]\n|-heal|p2a: Will-O-Wisp|72\/100|[from] item: Sitrus Berry\n|\n|upkeep\n|turn|4\n|\n|t:|1700134424\n|move|p1a: \u4f60\u62cd\u4e00\uff0c\u6211\u62cd\u4e8c\uff0c\u5438\u53d6\u62f3\u6765\u4e92\u76f8\u5438|Fake Out|p2b: Swords Dance\n|-damage|p2b: Swords Dance|0 fnt\n|faint|p2b: Swords Dance\n|move|p2a: Will-O-Wisp|Light Screen|p2a: Will-O-Wisp\n|-sidestart|p2: Blue Syrius|move: Light Screen\n|move|p1b: \u53d1\u59d0\u5929\u4e0b\u65e0\u654c|Dazzling Gleam|p2a: Will-O-Wisp\n|-supereffective|p2a: Will-O-Wisp\n|-damage|p2a: Will-O-Wisp|21\/100\n|\n|upkeep\n|\n|t:|1700134433\n|switch|p2b: Protect|Chi-Yu|5\/100\n|-ability|p2b: Protect|Beads of Ruin\n|turn|5\n|\n|t:|1700134444\n|move|p2a: Will-O-Wisp|Sucker Punch|p1b: \u53d1\u59d0\u5929\u4e0b\u65e0\u654c\n|-resisted|p1b: \u53d1\u59d0\u5929\u4e0b\u65e0\u654c\n|-damage|p1b: \u53d1\u59d0\u5929\u4e0b\u65e0\u654c|69\/100\n|move|p1b: \u53d1\u59d0\u5929\u4e0b\u65e0\u654c|Dazzling Gleam|p2a: Will-O-Wisp|[spread] p2a,p2b\n|-supereffective|p2a: Will-O-Wisp\n|-damage|p2a: Will-O-Wisp|0 fnt\n|-damage|p2b: Protect|0 fnt\n|faint|p2a: Will-O-Wisp\n|faint|p2b: Protect\n|move|p1a: \u4f60\u62cd\u4e00\uff0c\u6211\u62cd\u4e8c\uff0c\u5438\u53d6\u62f3\u6765\u4e92\u76f8\u5438|Drain Punch|p2: Will-O-Wisp|[notarget]\n|-fail|p1a: \u4f60\u62cd\u4e00\uff0c\u6211\u62cd\u4e8c\uff0c\u5438\u53d6\u62f3\u6765\u4e92\u76f8\u5438\n|\n|upkeep\n|\n|t:|1700134454\n|switch|p2b: Nasty Plot|Tornadus, M|100\/100\n|switch|p2a: Stealth Rock|Garchomp, M|100\/100\n|turn|6\n|\n|t:|1700134467\n|move|p1b: \u53d1\u59d0\u5929\u4e0b\u65e0\u654c|Protect|p1b: \u53d1\u59d0\u5929\u4e0b\u65e0\u654c\n|-singleturn|p1b: \u53d1\u59d0\u5929\u4e0b\u65e0\u654c|Protect\n|move|p2b: Nasty Plot|Bleakwind Storm|p1b: \u53d1\u59d0\u5929\u4e0b\u65e0\u654c|[spread] p1a\n|-activate|p1b: \u53d1\u59d0\u5929\u4e0b\u65e0\u654c|move: Protect\n|-damage|p1a: \u4f60\u62cd\u4e00\uff0c\u6211\u62cd\u4e8c\uff0c\u5438\u53d6\u62f3\u6765\u4e92\u76f8\u5438|75\/100\n|-unboost|p1a: \u4f60\u62cd\u4e00\uff0c\u6211\u62cd\u4e8c\uff0c\u5438\u53d6\u62f3\u6765\u4e92\u76f8\u5438|spe|1\n|move|p2a: Stealth Rock|Swords Dance|p2a: Stealth Rock\n|-boost|p2a: Stealth Rock|atk|2\n|move|p1a: \u4f60\u62cd\u4e00\uff0c\u6211\u62cd\u4e8c\uff0c\u5438\u53d6\u62f3\u6765\u4e92\u76f8\u5438|Volt Switch|p2b: Nasty Plot\n|-supereffective|p2b: Nasty Plot\n|-damage|p2b: Nasty Plot|76\/100\n|\n|t:|1700134481\n|-end|p1a: \u4f60\u62cd\u4e00\uff0c\u6211\u62cd\u4e8c\uff0c\u5438\u53d6\u62f3\u6765\u4e92\u76f8\u5438|Quark Drive|[silent]\n|switch|p1a: \u5a01\u5413No.2|Landorus-Therian, M|100\/100|[from] Volt Switch\n|-ability|p1a: \u5a01\u5413No.2|Intimidate|boost\n|-fail|p2a: Stealth Rock|unboost|[from] item: Clear Amulet|[of] p2a: Stealth Rock\n|-unboost|p2b: Nasty Plot|atk|1\n|\n|upkeep\n|turn|7\n|\n|t:|1700134497\n|move|p2b: Nasty Plot|Tailwind|p2b: Nasty Plot\n|-sidestart|p2: Blue Syrius|move: Tailwind\n|move|p1b: \u53d1\u59d0\u5929\u4e0b\u65e0\u654c|Moonblast|p2a: Stealth Rock\n|-supereffective|p2a: Stealth Rock\n|-damage|p2a: Stealth Rock|51\/100\n|move|p2a: Stealth Rock|Earthquake|p1a: \u5a01\u5413No.2|[spread] p1b\n|-immune|p2b: Nasty Plot\n|-immune|p1a: \u5a01\u5413No.2\n|-damage|p1b: \u53d1\u59d0\u5929\u4e0b\u65e0\u654c|0 fnt\n|faint|p1b: \u53d1\u59d0\u5929\u4e0b\u65e0\u654c\n|-end|p1b: \u53d1\u59d0\u5929\u4e0b\u65e0\u654c|Protosynthesis|[silent]\n|move|p1a: \u5a01\u5413No.2|Stomping Tantrum|p2a: Stealth Rock\n|-damage|p2a: Stealth Rock|15\/100\n|-damage|p1a: \u5a01\u5413No.2|88\/100|[from] ability: Rough Skin|[of] p2a: Stealth Rock\n|\n|upkeep\n|\n|t:|1700134514\n|switch|p1b: \u4f60\u62cd\u4e00\uff0c\u6211\u62cd\u4e8c\uff0c\u5438\u53d6\u62f3\u6765\u4e92\u76f8\u5438|Iron Hands|75\/100\n|turn|8\n|\n|t:|1700134524\n|move|p1b: \u4f60\u62cd\u4e00\uff0c\u6211\u62cd\u4e8c\uff0c\u5438\u53d6\u62f3\u6765\u4e92\u76f8\u5438|Fake Out|p2a: Stealth Rock\n|-damage|p2a: Stealth Rock|1\/100\n|-damage|p1b: \u4f60\u62cd\u4e00\uff0c\u6211\u62cd\u4e8c\uff0c\u5438\u53d6\u62f3\u6765\u4e92\u76f8\u5438|63\/100|[from] ability: Rough Skin|[of] p2a: Stealth Rock\n|move|p2b: Nasty Plot|Bleakwind Storm|p1a: \u5a01\u5413No.2|[spread] p1a,p1b\n|-damage|p1a: \u5a01\u5413No.2|42\/100\n|-damage|p1b: \u4f60\u62cd\u4e00\uff0c\u6211\u62cd\u4e8c\uff0c\u5438\u53d6\u62f3\u6765\u4e92\u76f8\u5438|44\/100\n|-unboost|p1b: \u4f60\u62cd\u4e00\uff0c\u6211\u62cd\u4e8c\uff0c\u5438\u53d6\u62f3\u6765\u4e92\u76f8\u5438|spe|1\n|cant|p2a: Stealth Rock|flinch\n|move|p1a: \u5a01\u5413No.2|Stomping Tantrum|p2a: Stealth Rock\n|-damage|p2a: Stealth Rock|0 fnt\n|-damage|p1a: \u5a01\u5413No.2|30\/100|[from] ability: Rough Skin|[of] p2a: Stealth Rock\n|faint|p2a: Stealth Rock\n|\n|-sideend|p2: Blue Syrius|move: Light Screen\n|upkeep\n|turn|9\n|-message|Blue Syrius forfeited.\n|\n|win|OPieceOfHeroGhost\n|raw|OPieceOfHeroGhost's rating: 1491 &rarr; <strong>1503<\/strong><br \/>(+12 for winning)\n|raw|Blue Syrius's rating: 1346 &rarr; <strong>1334<\/strong><br \/>(-12 for losing)\n|l|\u2606Blue Syrius\n","uploadtime":1700134533,"views":6,"p1id":"opieceofheroghost","p2id":"bluesyrius","formatid":"gen9doublesou","rating":1334,"private":0,"password":""}