{"id":"gen9doublesou-1998105234","p1":"maybenotxand","p2":"Anemo Ace","format":"[Gen 9] Doubles OU","log":"|j|\u2606maybenotxand\n|j|\u2606Anemo Ace\n|t:|1700892158\n|gametype|doubles\n|player|p1|maybenotxand|hilda|1043\n|player|p2|Anemo Ace|hilbert-wonderlauncher|1159\n|teamsize|p1|6\n|teamsize|p2|6\n|gen|9\n|tier|[Gen 9] Doubles OU\n|rated|\n|rule|Species Clause: Limit one of each Pok\u00e9mon\n|rule|OHKO Clause: OHKO moves are banned\n|rule|Evasion Moves Clause: Evasion moves are banned\n|rule|Gravity Sleep Clause: The combination of sleep-inducing moves with imperfect accuracy and Gravity or Gigantamax Orbeetle are banned\n|rule|Endless Battle Clause: Forcing endless battles is banned\n|rule|HP Percentage Mod: HP is shown in percentages\n|clearpoke\n|poke|p1|Ceruledge, M|\n|poke|p1|Meowscarada, F|\n|poke|p1|Torkoal, M|\n|poke|p1|Samurott-Hisui, M|\n|poke|p1|Scizor, M|\n|poke|p1|Iron Valiant|\n|poke|p2|Flamigo, M|\n|poke|p2|Sinistcha-Masterpiece|\n|poke|p2|Volcanion|\n|poke|p2|Revavroom, M|\n|poke|p2|Regidrago|\n|poke|p2|Gardevoir, F|\n|teampreview\n|\n|t:|1700892172\n|start\n|switch|p1a: Fryden|Ceruledge, M|100\/100\n|switch|p1b: Hot Turtle|Torkoal, M, shiny|100\/100\n|switch|p2a: Scrap Drive|Revavroom, M|100\/100\n|switch|p2b: Steam-cano|Volcanion|100\/100\n|-weather|SunnyDay|[from] ability: Drought|[of] p1b: Hot Turtle\n|turn|1\n|\n|t:|1700892194\n|switch|p2a: Regidrago|Regidrago|100\/100\n|move|p1a: Fryden|Solar Blade||[still]\n|-prepare|p1a: Fryden|Solar Blade\n|-anim|p1a: Fryden|Solar Blade|p2b: Steam-cano\n|-damage|p2b: Steam-cano|67\/100\n|move|p2b: Steam-cano|Earth Power|p1b: Hot Turtle\n|-supereffective|p1b: Hot Turtle\n|-damage|p1b: Hot Turtle|43\/100\n|move|p1b: Hot Turtle|Eruption|p2b: Steam-cano|[spread] p2a,p2b\n|-resisted|p2a: Regidrago\n|-resisted|p2b: Steam-cano\n|-damage|p2a: Regidrago|91\/100\n|-damage|p2b: Steam-cano|64\/100\n|\n|-weather|SunnyDay|[upkeep]\n|upkeep\n|turn|2\n|\n|t:|1700892217\n|switch|p1a: L Pokemon|Meowscarada, F|100\/100\n|move|p2a: Regidrago|Dragon Energy|p1a: L Pokemon|[spread] p1a,p1b\n|-damage|p1a: L Pokemon|0 fnt\n|-damage|p1b: Hot Turtle|0 fnt\n|faint|p1a: L Pokemon\n|faint|p1b: Hot Turtle\n|-heal|p2a: Regidrago|99\/100|[from] item: Shell Bell|[of] p1: Hot Turtle\n|move|p2b: Steam-cano|Steam Eruption|p1: L Pokemon|[notarget]\n|-fail|p2b: Steam-cano\n|\n|-weather|SunnyDay|[upkeep]\n|upkeep\n|c|\u2606maybenotxand|shit\n|\n|t:|1700892231\n|switch|p1a: Piplott|Samurott-Hisui, M|100\/100\n|switch|p1b: Jetlag|Iron Valiant, shiny|100\/100\n|turn|3\n|\n|t:|1700892247\n|-terastallize|p2a: Regidrago|Steel\n|move|p1a: Piplott|Sucker Punch|p2b: Steam-cano\n|-damage|p2b: Steam-cano|39\/100\n|move|p1b: Jetlag|Moonblast|p2a: Regidrago\n|-resisted|p2a: Regidrago\n|-damage|p2a: Regidrago|64\/100\n|move|p2a: Regidrago|Tera Blast|p1b: Jetlag|[anim] Tera Blast Steel\n|-supereffective|p1b: Jetlag\n|-damage|p1b: Jetlag|0 fnt\n|faint|p1b: Jetlag\n|-end|p1b: Jetlag|Quark Drive|[silent]\n|-heal|p2a: Regidrago|70\/100|[from] item: Shell Bell|[of] p1: Jetlag\n|move|p2b: Steam-cano|Heat Wave|p1a: Piplott\n|-resisted|p1a: Piplott\n|-crit|p1a: Piplott\n|-damage|p1a: Piplott|22\/100\n|-status|p1a: Piplott|brn\n|\n|-weather|SunnyDay|[upkeep]\n|-damage|p1a: Piplott|16\/100 brn|[from] brn\n|upkeep\n|\n|t:|1700892262\n|switch|p1b: Fryden|Ceruledge, M|100\/100\n|turn|4\n|\n|t:|1700892278\n|switch|p2b: Shining Cracks|Sinistcha-Masterpiece|100\/100\n|-heal|p2a: Regidrago|95\/100|[from] ability: Hospitality|[of] p2b: Shining Cracks\n|move|p1b: Fryden|Bitter Blade|p2a: Regidrago\n|-supereffective|p2a: Regidrago\n|-damage|p2a: Regidrago|0 fnt\n|faint|p2a: Regidrago\n|move|p1a: Piplott|Aqua Cutter|p2b: Shining Cracks\n|-resisted|p2b: Shining Cracks\n|-damage|p2b: Shining Cracks|95\/100\n|\n|-weather|SunnyDay|[upkeep]\n|-heal|p2b: Shining Cracks|100\/100|[from] item: Leftovers\n|-damage|p1a: Piplott|10\/100 brn|[from] brn\n|upkeep\n|\n|t:|1700892287\n|switch|p2a: Steam-cano|Volcanion|39\/100\n|turn|5\n|\n|t:|1700892322\n|-terastallize|p1b: Fryden|Grass\n|move|p1a: Piplott|Sucker Punch|p2b: Shining Cracks\n|-supereffective|p2b: Shining Cracks\n|-damage|p2b: Shining Cracks|71\/100\n|move|p1b: Fryden|Bitter Blade|p2b: Shining Cracks\n|-supereffective|p2b: Shining Cracks\n|-crit|p2b: Shining Cracks\n|-damage|p2b: Shining Cracks|0 fnt\n|faint|p2b: Shining Cracks\n|move|p2a: Steam-cano|Steam Eruption|p1b: Fryden\n|-resisted|p1b: Fryden\n|-damage|p1b: Fryden|85\/100\n|\n|-weather|SunnyDay|[upkeep]\n|-damage|p1a: Piplott|3\/100 brn|[from] brn\n|upkeep\n|\n|t:|1700892332\n|switch|p2b: Gardevoir|Gardevoir, F|100\/100\n|-ability|p2b: Gardevoir|Flash Fire|[from] ability: Trace|[of] p1b: Fryden\n|turn|6\n|\n|t:|1700892344\n|move|p1a: Piplott|Ceaseless Edge|p2b: Gardevoir\n|-damage|p2b: Gardevoir|75\/100\n|-sidestart|p2: Anemo Ace|Spikes\n|move|p1b: Fryden|Solar Blade||[still]\n|-prepare|p1b: Fryden|Solar Blade\n|-anim|p1b: Fryden|Solar Blade|p2a: Steam-cano\n|-damage|p2a: Steam-cano|0 fnt\n|faint|p2a: Steam-cano\n|move|p2b: Gardevoir|Moonblast|p1b: Fryden\n|-damage|p1b: Fryden|31\/100\n|\n|-weather|SunnyDay|[upkeep]\n|-damage|p1a: Piplott|0 fnt|[from] brn\n|faint|p1a: Piplott\n|upkeep\n|\n|t:|1700892358\n|switch|p1a: Reaper|Scizor, M|100\/100\n|switch|p2a: Scrap Drive|Revavroom, M|100\/100\n|-damage|p2a: Scrap Drive|88\/100|[from] Spikes\n|turn|7\n|\n|t:|1700892372\n|move|p1a: Reaper|Bullet Punch|p2b: Gardevoir\n|-supereffective|p2b: Gardevoir\n|-damage|p2b: Gardevoir|0 fnt\n|faint|p2b: Gardevoir\n|-damage|p1a: Reaper|90\/100|[from] item: Life Orb\n|move|p1b: Fryden|Bitter Blade|p2a: Scrap Drive\n|-supereffective|p2a: Scrap Drive\n|-damage|p2a: Scrap Drive|0 fnt\n|-heal|p1b: Fryden|79\/100|[from] drain|[of] p2a: Scrap Drive\n|faint|p2a: Scrap Drive\n|\n|-weather|SunnyDay|[upkeep]\n|upkeep\n|\n|t:|1700892382\n|switch|p2b: John Cena|Flamigo, M|100\/100\n|turn|8\n|\n|t:|1700892391\n|move|p1a: Reaper|Bullet Punch|p2b: John Cena\n|-damage|p2b: John Cena|40\/100\n|-damage|p1a: Reaper|80\/100|[from] item: Life Orb\n|move|p1b: Fryden|Solar Blade||[still]\n|-prepare|p1b: Fryden|Solar Blade\n|-anim|p1b: Fryden|Solar Blade|p2b: John Cena\n|-resisted|p2b: John Cena\n|-damage|p2b: John Cena|0 fnt\n|faint|p2b: John Cena\n|\n|win|maybenotxand\n|raw|maybenotxand's rating: 1043 &rarr; <strong>1087<\/strong><br \/>(+44 for winning)\n|raw|Anemo Ace's rating: 1159 &rarr; <strong>1126<\/strong><br \/>(-33 for losing)\n|c|\u2606Anemo Ace|gg\n","uploadtime":1700892402,"views":8,"p1id":"maybenotxand","p2id":"anemoace","formatid":"gen9doublesou","rating":1087,"private":0,"password":""}