{"id":"gen9doublesou-1976239821","p1":"TrainerDylan24","p2":"Undala","format":"[Gen 9] Doubles OU","log":"|j|\u2606TrainerDylan24\n|j|\u2606Undala\n|t:|1698277338\n|gametype|doubles\n|player|p1|TrainerDylan24|swimmerf|1274\n|player|p2|Undala|2|1214\n|teamsize|p1|6\n|teamsize|p2|6\n|gen|9\n|tier|[Gen 9] Doubles OU\n|rated|\n|rule|Species Clause: Limit one of each Pok\u00e9mon\n|rule|OHKO Clause: OHKO moves are banned\n|rule|Evasion Moves Clause: Evasion moves are banned\n|rule|Gravity Sleep Clause: The combination of sleep-inducing moves with imperfect accuracy and Gravity or Gigantamax Orbeetle are banned\n|rule|Endless Battle Clause: Forcing endless battles is banned\n|rule|HP Percentage Mod: HP is shown in percentages\n|clearpoke\n|poke|p1|Sinistcha-Masterpiece|\n|poke|p1|Ursaluna, F|\n|poke|p1|Scizor, M|\n|poke|p1|Crawdaunt, F|\n|poke|p1|Tinkaton, F|\n|poke|p1|Talonflame, F|\n|poke|p2|Flutter Mane|\n|poke|p2|Torkoal, M|\n|poke|p2|Toxapex, M|\n|poke|p2|Regidrago|\n|poke|p2|Talonflame, M|\n|poke|p2|Indeedee-F, F|\n|teampreview\n|inactive|Battle timer is ON: inactive players will automatically lose when time's up. (requested by Undala)\n|\n|t:|1698277355\n|start\n|switch|p1a: Scizor|Scizor, M|100\/100\n|switch|p1b: Crawdaunt|Crawdaunt, F|100\/100\n|switch|p2a: Toxapex|Toxapex, M|100\/100\n|switch|p2b: Talonflame|Talonflame, M|100\/100\n|turn|1\n|\n|t:|1698277370\n|move|p2b: Talonflame|Flare Blitz|p1a: Scizor\n|-supereffective|p1a: Scizor\n|-damage|p1a: Scizor|0 fnt\n|faint|p1a: Scizor\n|-damage|p2b: Talonflame|69\/100|[from] Recoil\n|move|p1b: Crawdaunt|Knock Off|p2a: Toxapex\n|-damage|p2a: Toxapex|51\/100\n|-enditem|p2a: Toxapex|Black Sludge|[from] move: Knock Off|[of] p1b: Crawdaunt\n|move|p2a: Toxapex|Toxic Spikes|p1b: Crawdaunt\n|-sidestart|p1: TrainerDylan24|move: Toxic Spikes\n|\n|upkeep\n|\n|t:|1698277377\n|switch|p1a: Tinkaton|Tinkaton, F|100\/100\n|-ability|p1a: Tinkaton|Mold Breaker\n|turn|2\n|\n|t:|1698277399\n|move|p1b: Crawdaunt|Aqua Jet|p2b: Talonflame\n|-supereffective|p2b: Talonflame\n|-damage|p2b: Talonflame|0 fnt\n|faint|p2b: Talonflame\n|move|p1a: Tinkaton|Rock Slide|p2a: Toxapex\n|-damage|p2a: Toxapex|32\/100\n|-damage|p1a: Tinkaton|91\/100|[from] item: Life Orb\n|move|p2a: Toxapex|Recover|p2a: Toxapex\n|-heal|p2a: Toxapex|82\/100\n|\n|upkeep\n|\n|t:|1698277413\n|switch|p2b: Master Oogway|Torkoal, M|100\/100\n|-weather|SunnyDay|[from] ability: Drought|[of] p2b: Master Oogway\n|turn|3\n|\n|t:|1698277433\n|switch|p1a: Talonflame|Talonflame, F|100\/100\n|move|p1b: Crawdaunt|Crabhammer|p2b: Master Oogway\n|-supereffective|p2b: Master Oogway\n|-damage|p2b: Master Oogway|40\/100\n|move|p2a: Toxapex|Poison Jab|p1b: Crawdaunt\n|-damage|p1b: Crawdaunt|64\/100\n|move|p2b: Master Oogway|Flamethrower|p1a: Talonflame\n|-resisted|p1a: Talonflame\n|-damage|p1a: Talonflame|66\/100\n|\n|-weather|SunnyDay|[upkeep]\n|upkeep\n|turn|4\n|\n|t:|1698277456\n|move|p1a: Talonflame|Acrobatics|p2a: Toxapex\n|-damage|p2a: Toxapex|47\/100\n|move|p1b: Crawdaunt|Crabhammer|p2b: Master Oogway\n|-supereffective|p2b: Master Oogway\n|-damage|p2b: Master Oogway|0 fnt\n|faint|p2b: Master Oogway\n|move|p2a: Toxapex|Poison Jab|p1a: Talonflame\n|-damage|p1a: Talonflame|28\/100\n|\n|-weather|SunnyDay|[upkeep]\n|upkeep\n|inactive|Undala has 120 seconds left.\n|\n|t:|1698277486\n|switch|p2b: Regidrago|Regidrago|100\/100\n|turn|5\n|inactive|TrainerDylan24 has 120 seconds left.\n|\n|t:|1698277526\n|switch|p2a: Indeedee|Indeedee-F, F|100\/100\n|move|p2b: Regidrago|Protect|p2b: Regidrago\n|-singleturn|p2b: Regidrago|Protect\n|move|p1b: Crawdaunt|Aqua Jet|p2b: Regidrago\n|-activate|p2b: Regidrago|move: Protect\n|move|p1a: Talonflame|Tailwind|p1a: Talonflame\n|-sidestart|p1: TrainerDylan24|move: Tailwind\n|\n|-weather|SunnyDay|[upkeep]\n|upkeep\n|turn|6\n|\n|t:|1698277537\n|move|p2a: Indeedee|Follow Me|p2a: Indeedee\n|-singleturn|p2a: Indeedee|move: Follow Me\n|move|p1a: Talonflame|Acrobatics|p2a: Indeedee\n|-damage|p2a: Indeedee|57\/100\n|move|p1b: Crawdaunt|Knock Off|p2a: Indeedee\n|-supereffective|p2a: Indeedee\n|-damage|p2a: Indeedee|0 fnt\n|-enditem|p2a: Indeedee|Leftovers|[from] move: Knock Off|[of] p1b: Crawdaunt\n|faint|p2a: Indeedee\n|move|p2b: Regidrago|Dragon Energy|p1b: Crawdaunt|[spread] p1a,p1b\n|-damage|p1a: Talonflame|0 fnt\n|-damage|p1b: Crawdaunt|0 fnt\n|faint|p1a: Talonflame\n|faint|p1b: Crawdaunt\n|\n|-weather|SunnyDay|[upkeep]\n|upkeep\n|\n|t:|1698277551\n|switch|p1a: Ursaluna|Ursaluna, F|100\/100\n|switch|p1b: Tinkaton|Tinkaton, F|91\/100\n|switch|p2a: Flutter Mane|Flutter Mane|100\/100\n|-ability|p1b: Tinkaton|Mold Breaker\n|-activate|p2a: Flutter Mane|ability: Protosynthesis\n|-start|p2a: Flutter Mane|protosynthesisspa\n|-status|p1a: Ursaluna|psn\n|turn|7\n|\n|t:|1698277563\n|-terastallize|p1b: Tinkaton|Fairy\n|move|p2b: Regidrago|Protect|p2b: Regidrago\n|-singleturn|p2b: Regidrago|Protect\n|move|p1b: Tinkaton|Play Rough|p2b: Regidrago\n|-activate|p2b: Regidrago|move: Protect\n|move|p2a: Flutter Mane|Energy Ball|p1a: Ursaluna\n|-supereffective|p1a: Ursaluna\n|-damage|p1a: Ursaluna|15\/100 psn\n|-damage|p2a: Flutter Mane|91\/100|[from] item: Life Orb\n|move|p1a: Ursaluna|High Horsepower|p2a: Flutter Mane\n|-damage|p2a: Flutter Mane|0 fnt\n|faint|p2a: Flutter Mane\n|-end|p2a: Flutter Mane|Protosynthesis|[silent]\n|\n|-weather|SunnyDay|[upkeep]\n|-damage|p1a: Ursaluna|2\/100 psn|[from] psn\n|upkeep\n|\n|t:|1698277577\n|switch|p2a: Toxapex|Toxapex, M|47\/100\n|turn|8\n|\n|t:|1698277597\n|move|p1b: Tinkaton|Gigaton Hammer|p2b: Regidrago\n|-damage|p2b: Regidrago|25\/100\n|-damage|p1b: Tinkaton|81\/100|[from] item: Life Orb\n|move|p1a: Ursaluna|High Horsepower|p2a: Toxapex\n|-supereffective|p2a: Toxapex\n|-damage|p2a: Toxapex|0 fnt\n|faint|p2a: Toxapex\n|move|p2b: Regidrago|Ancient Power|p1a: Ursaluna\n|-resisted|p1a: Ursaluna\n|-damage|p1a: Ursaluna|0 fnt\n|faint|p1a: Ursaluna\n|\n|-weather|SunnyDay|[upkeep]\n|-sideend|p1: TrainerDylan24|move: Tailwind\n|upkeep\n|\n|t:|1698277603\n|switch|p1a: Sinistcha|Sinistcha-Masterpiece|100\/100\n|-status|p1a: Sinistcha|psn\n|-heal|p1b: Tinkaton|100\/100|[from] ability: Hospitality|[of] p1a: Sinistcha\n|turn|9\n|\n|t:|1698277611\n|move|p1b: Tinkaton|Play Rough|p2b: Regidrago\n|-supereffective|p2b: Regidrago\n|-damage|p2b: Regidrago|0 fnt\n|faint|p2b: Regidrago\n|-damage|p1b: Tinkaton|91\/100|[from] item: Life Orb\n|\n|win|TrainerDylan24\n|raw|TrainerDylan24's rating: 1274 &rarr; <strong>1295<\/strong><br \/>(+21 for winning)\n|raw|Undala's rating: 1214 &rarr; <strong>1193<\/strong><br \/>(-21 for losing)\n|l|\u2606Undala\n","uploadtime":1698277620,"views":12,"p1id":"trainerdylan24","p2id":"undala","formatid":"gen9doublesou","rating":1193,"private":0,"password":""}