{"id":"gen9doublesou-1977672654","p1":"jzurf","p2":"PokeKidMax","format":"[Gen 9] Doubles OU","log":"|j|\u2606jzurf\n|j|\u2606PokeKidMax\n|inactive|Battle timer is ON: inactive players will automatically lose when time's up.\n|t:|1698437332\n|gametype|doubles\n|player|p1|jzurf|musician|\n|player|p2|PokeKidMax|blue-lgpe|\n|teamsize|p1|6\n|teamsize|p2|6\n|gen|9\n|tier|[Gen 9] Doubles OU\n|rated|Tournament battle\n|rule|Species Clause: Limit one of each Pok\u00e9mon\n|rule|OHKO Clause: OHKO moves are banned\n|rule|Evasion Moves Clause: Evasion moves are banned\n|rule|Gravity Sleep Clause: The combination of sleep-inducing moves with imperfect accuracy and Gravity or Gigantamax Orbeetle are banned\n|rule|Endless Battle Clause: Forcing endless battles is banned\n|rule|HP Percentage Mod: HP is shown in percentages\n|clearpoke\n|poke|p1|Gliscor, M|\n|poke|p1|Chespin, F|\n|poke|p1|Chewtle, M|\n|poke|p1|Zweilous, M|\n|poke|p1|Wiglett, F|\n|poke|p1|Litleo, F|\n|poke|p2|Misdreavus, M|\n|poke|p2|Shroodle, F|\n|poke|p2|Crabrawler, M|\n|poke|p2|Bronzor|\n|poke|p2|Larvesta, M|\n|poke|p2|Timburr, M|\n|teampreview\n|j|*Lady Monita \u263d\n|inactive|PokeKidMax also wants the timer to be on.\n|j| HEAVY-DUTY B0OTY\n|j| Ariin tha rein\n|\n|t:|1698437351\n|start\n|switch|p1a: Gliscor|Gliscor, M|100\/100\n|switch|p1b: Chewtle|Chewtle, M|100\/100\n|switch|p2a: Shroodle|Shroodle, F|100\/100\n|switch|p2b: Crabrawler|Crabrawler, M, shiny|100\/100\n|turn|1\n|\n|t:|1698437381\n|move|p1a: Gliscor|Swords Dance|p1a: Gliscor\n|-boost|p1a: Gliscor|atk|2\n|move|p1b: Chewtle|Shell Smash|p1b: Chewtle\n|-unboost|p1b: Chewtle|def|1\n|-unboost|p1b: Chewtle|spd|1\n|-boost|p1b: Chewtle|atk|2\n|-boost|p1b: Chewtle|spa|2\n|-boost|p1b: Chewtle|spe|2\n|move|p2a: Shroodle|Knock Off|p1b: Chewtle\n|-damage|p1b: Chewtle|62\/100\n|-enditem|p1b: Chewtle|Eviolite|[from] move: Knock Off|[of] p2a: Shroodle\n|move|p2b: Crabrawler|Ice Punch|p1a: Gliscor\n|-supereffective|p1a: Gliscor\n|-damage|p1a: Gliscor|5\/100\n|\n|-status|p1a: Gliscor|tox|[from] item: Toxic Orb\n|upkeep\n|turn|2\n|n| Ariin tha rein|ariintharein\n|\n|t:|1698437409\n|move|p1a: Gliscor|Protect|p1a: Gliscor\n|-singleturn|p1a: Gliscor|Protect\n|move|p2a: Shroodle|Encore|p1b: Chewtle\n|-start|p1b: Chewtle|Encore\n|move|p1b: Chewtle|Shell Smash|p1b: Chewtle\n|-unboost|p1b: Chewtle|def|1\n|-unboost|p1b: Chewtle|spd|1\n|-boost|p1b: Chewtle|atk|2\n|-boost|p1b: Chewtle|spa|2\n|-boost|p1b: Chewtle|spe|2\n|move|p2b: Crabrawler|Ice Punch|p1a: Gliscor\n|-activate|p1a: Gliscor|move: Protect\n|\n|-heal|p1a: Gliscor|18\/100 tox|[from] ability: Poison Heal\n|upkeep\n|turn|3\n|c| HEAVY-DUTY B0OTY|I don't understand Shroodle\n|j| Carrly 3>\n|j| bleahey\n|c| Ariin tha rein|why not\n|c| HEAVY-DUTY B0OTY|Looks like a bug\n|c| HEAVY-DUTY B0OTY|It's weird\n|inactive|jzurf has 120 seconds left.\n|inactive|PokeKidMax has 120 seconds left.\n|c| Ariin tha rein|so?\n|\n|t:|1698437444\n|move|p2a: Shroodle|Encore|p1a: Gliscor\n|-start|p1a: Gliscor|Encore\n|move|p1b: Chewtle|Shell Smash|p1b: Chewtle\n|-unboost|p1b: Chewtle|def|1\n|-unboost|p1b: Chewtle|spd|1\n|-boost|p1b: Chewtle|atk|2\n|-boost|p1b: Chewtle|spa|2\n|-boost|p1b: Chewtle|spe|2\n|move|p1a: Gliscor|Protect|p1a: Gliscor\n|-singleturn|p1a: Gliscor|Protect\n|move|p2b: Crabrawler|Ice Punch|p1b: Chewtle\n|-resisted|p1b: Chewtle\n|-damage|p1b: Chewtle|0 fnt\n|faint|p1b: Chewtle\n|\n|-heal|p1a: Gliscor|30\/100 tox|[from] ability: Poison Heal\n|upkeep\n|c| HEAVY-DUTY B0OTY|It's weird\n|c| bleahey|it's a shrew\n|c| bleahey|like sandshrew\n|\n|t:|1698437464\n|switch|p1b: Chespin|Chespin, F|100\/100\n|turn|4\n|c| Ariin tha rein|in that case muk is also weird\n|c| HEAVY-DUTY B0OTY|Looks more like a beetle\n|inactive|jzurf has 120 seconds left.\n|inactive|PokeKidMax has 120 seconds left.\n|j|^Use Guard Specs\n|c| HEAVY-DUTY B0OTY|Nah muk makes sense\n|c| Ariin tha rein|its litteraly just goo how does that make sense?\n|inactive|PokeKidMax has 90 seconds left.\n|c| HEAVY-DUTY B0OTY|That.\n|l| Ariin tha rein\n|c| HEAVY-DUTY B0OTY|There's no confusion on the design\n|c| HEAVY-DUTY B0OTY|Clearly goo\n|inactive|PokeKidMax has 60 seconds left.\n|\n|t:|1698437552\n|switch|p1a: Wiglett|Wiglett, F|100\/100\n|move|p2a: Shroodle|Knock Off|p1b: Chespin\n|-damage|p1b: Chespin|88\/100\n|-enditem|p1b: Chespin|Eviolite|[from] move: Knock Off|[of] p2a: Shroodle\n|move|p2b: Crabrawler|Ice Punch|p1a: Wiglett\n|-resisted|p1a: Wiglett\n|-damage|p1a: Wiglett|0 fnt\n|-ability|p1a: Wiglett|Gooey\n|-unboost|p2b: Crabrawler|spe|1\n|faint|p1a: Wiglett\n|move|p1b: Chespin|Super Fang|p2b: Crabrawler\n|-damage|p2b: Crabrawler|50\/100\n|\n|upkeep\n|\n|t:|1698437569\n|switch|p1a: Litleo|Litleo, F|100\/100\n|-ability|p1a: Litleo|Unnerve\n|turn|5\n|inactive|PokeKidMax has 60 seconds left.\n|j| Halim1203\n|\n|t:|1698437610\n|move|p1a: Litleo|Heat Wave|p2a: Shroodle|[spread] p2a,p2b\n|-damage|p2a: Shroodle|77\/100\n|-damage|p2b: Crabrawler|0 fnt\n|faint|p2b: Crabrawler\n|move|p2a: Shroodle|Knock Off|p1a: Litleo\n|-damage|p1a: Litleo|67\/100\n|-enditem|p1a: Litleo|Choice Scarf|[from] move: Knock Off|[of] p2a: Shroodle\n|move|p1b: Chespin|Super Fang|p2a: Shroodle\n|-damage|p2a: Shroodle|39\/100\n|\n|upkeep\n|\n|t:|1698437613\n|switch|p2b: Timburr|Timburr, M|100\/100\n|turn|6\n|inactive|jzurf has 120 seconds left.\n|inactive|PokeKidMax has 60 seconds left.\n|l| bleahey\n|\n|t:|1698437661\n|-terastallize|p2b: Timburr|Fighting\n|move|p2a: Shroodle|Parting Shot|p1a: Litleo\n|-unboost|p1a: Litleo|atk|1\n|-unboost|p1a: Litleo|spa|1\n|\n|t:|1698437668\n|switch|p2a: Misdreavus|Misdreavus, M, shiny|100\/100|[from] Parting Shot\n|move|p2b: Timburr|Mach Punch|p1a: Litleo\n|-supereffective|p1a: Litleo\n|-damage|p1a: Litleo|0 fnt\n|faint|p1a: Litleo\n|move|p1b: Chespin|Super Fang|p2b: Timburr\n|-damage|p2b: Timburr|50\/100\n|\n|upkeep\n|l| Halim1203\n|j| Ariin tha rein\n|\n|t:|1698437679\n|switch|p1a: Gliscor|Gliscor, M|30\/100 tox\n|turn|7\n|inactive|PokeKidMax has 60 seconds left.\n|\n|t:|1698437698\n|move|p1a: Gliscor|Protect|p1a: Gliscor\n|-singleturn|p1a: Gliscor|Protect\n|move|p2b: Timburr|Mach Punch|p1a: Gliscor\n|-activate|p1a: Gliscor|move: Protect\n|move|p2a: Misdreavus|Icy Wind|p1b: Chespin|[spread] p1b\n|-activate|p1a: Gliscor|move: Protect\n|-supereffective|p1b: Chespin\n|-damage|p1b: Chespin|54\/100\n|-unboost|p1b: Chespin|spe|1\n|move|p1b: Chespin|Wood Hammer|p2a: Misdreavus\n|-damage|p2a: Misdreavus|73\/100\n|-damage|p1b: Chespin|45\/100|[from] Recoil\n|\n|-heal|p1a: Gliscor|43\/100 tox|[from] ability: Poison Heal\n|upkeep\n|turn|8\n|j| readysetjo\n|l| readysetjo\n|c| HEAVY-DUTY B0OTY|27 lol\n|c| Ariin tha rein|27 what?\n|inactive|jzurf has 120 seconds left.\n|c| HEAVY-DUTY B0OTY|%\n|\n|t:|1698437734\n|-terastallize|p1a: Gliscor|Water\n|move|p1a: Gliscor|Facade|p2b: Timburr\n|-damage|p2b: Timburr|20\/100\n|move|p2a: Misdreavus|Icy Wind|p1b: Chespin|[spread] p1a,p1b\n|-resisted|p1a: Gliscor\n|-supereffective|p1b: Chespin\n|-damage|p1a: Gliscor|37\/100 tox\n|-damage|p1b: Chespin|13\/100\n|-unboost|p1a: Gliscor|spe|1\n|-unboost|p1b: Chespin|spe|1\n|move|p2b: Timburr|Ice Punch|p1a: Gliscor\n|-resisted|p1a: Gliscor\n|-damage|p1a: Gliscor|29\/100 tox\n|move|p1b: Chespin|Synthesis|p1b: Chespin\n|-heal|p1b: Chespin|63\/100\n|\n|-heal|p1a: Gliscor|42\/100 tox|[from] ability: Poison Heal\n|upkeep\n|turn|9\n|inactive|jzurf has 120 seconds left.\n|\n|t:|1698437757\n|move|p1a: Gliscor|Protect|p1a: Gliscor\n|-singleturn|p1a: Gliscor|Protect\n|move|p2b: Timburr|Mach Punch|p1a: Gliscor\n|-activate|p1a: Gliscor|move: Protect\n|move|p2a: Misdreavus|Will-O-Wisp|p1b: Chespin\n|-status|p1b: Chespin|brn\n|move|p1b: Chespin|Wood Hammer|p2b: Timburr\n|-damage|p2b: Timburr|7\/100\n|-damage|p1b: Chespin|58\/100 brn|[from] Recoil\n|\n|-heal|p1a: Gliscor|54\/100 tox|[from] ability: Poison Heal\n|-damage|p1b: Chespin|52\/100 brn|[from] brn\n|upkeep\n|turn|10\n|c| Ariin tha rein|who you think gonnas win\n|c| HEAVY-DUTY B0OTY|Poke\n|c|\u2606PokeKidMax|:3\n|c| Ariin tha rein|probably:\/\n|inactive|jzurf has 120 seconds left.\n|\n|t:|1698437784\n|move|p2b: Timburr|Mach Punch|p1a: Gliscor\n|-damage|p1a: Gliscor|39\/100 tox\n|move|p2a: Misdreavus|Hex|p1b: Chespin\n|-damage|p1b: Chespin|0 fnt\n|faint|p1b: Chespin\n|move|p1a: Gliscor|Swords Dance|p1a: Gliscor\n|-boost|p1a: Gliscor|atk|2\n|\n|-heal|p1a: Gliscor|52\/100 tox|[from] ability: Poison Heal\n|upkeep\n|j| Raccoonator\n|inactive|jzurf has 120 seconds left.\n|c|\u2606PokeKidMax|timburr and crabominable really good\n|\n|t:|1698437799\n|switch|p1b: Zweilous|Zweilous, M|100\/100\n|turn|11\n|c|\u2606PokeKidMax|but i might get swepted here\n|c| Ariin tha rein|ohh final twoo\n|inactive|PokeKidMax has 120 seconds left.\n|\n|t:|1698437819\n|move|p1a: Gliscor|Protect|p1a: Gliscor\n|-singleturn|p1a: Gliscor|Protect\n|move|p2b: Timburr|Mach Punch|p1b: Zweilous\n|-supereffective|p1b: Zweilous\n|-damage|p1b: Zweilous|13\/100\n|move|p1b: Zweilous|Crunch|p2a: Misdreavus\n|-supereffective|p2a: Misdreavus\n|-damage|p2a: Misdreavus|0 fnt\n|faint|p2a: Misdreavus\n|\n|-heal|p1a: Gliscor|64\/100 tox|[from] ability: Poison Heal\n|upkeep\n|\n|t:|1698437824\n|switch|p2a: Shroodle|Shroodle, F|39\/100\n|turn|12\n|c| HEAVY-DUTY B0OTY|That's it\n|c|\u2606jzurf|encore shroodle op\n|c| Ariin tha rein|and why do you think you're gonna get sweeped?\n|c|\u2606PokeKidMax|yuh\n|c|\u2606PokeKidMax|encore op\n|\n|t:|1698437846\n|move|p2a: Shroodle|Encore|p1a: Gliscor\n|-start|p1a: Gliscor|Encore\n|move|p2b: Timburr|Mach Punch|p1b: Zweilous\n|-supereffective|p1b: Zweilous\n|-damage|p1b: Zweilous|0 fnt\n|faint|p1b: Zweilous\n|move|p1a: Gliscor|Protect||[still]\n|-fail|p1a: Gliscor\n|\n|-heal|p1a: Gliscor|77\/100 tox|[from] ability: Poison Heal\n|upkeep\n|turn|13\n|c|\u2606PokeKidMax|well i dont have any fully evolved pokemon\n|c|\u2606PokeKidMax|any evolved at all\n|c| Ariin tha rein|he doesnt too:\/\n|c|\u2606PokeKidMax|he has gliscor\n|c| HEAVY-DUTY B0OTY|Gliscor, Zwel\n|c|\u2606PokeKidMax|and zweilous\n|\n|t:|1698437869\n|move|p1a: Gliscor|Protect|p1a: Gliscor\n|-singleturn|p1a: Gliscor|Protect\n|move|p2a: Shroodle|Parting Shot|p1a: Gliscor\n|-activate|p1a: Gliscor|move: Protect\n|move|p2b: Timburr|Drain Punch|p1a: Gliscor\n|-activate|p1a: Gliscor|move: Protect\n|\n|-heal|p1a: Gliscor|89\/100 tox|[from] ability: Poison Heal\n|upkeep\n|turn|14\n|c| Ariin tha rein|his szeillous ko\n|\n|t:|1698437880\n|move|p1a: Gliscor|Protect|p1a: Gliscor\n|-singleturn|p1a: Gliscor|Protect\n|move|p2a: Shroodle|Parting Shot|p1a: Gliscor\n|-activate|p1a: Gliscor|move: Protect\n|move|p2b: Timburr|Drain Punch|p1a: Gliscor\n|-activate|p1a: Gliscor|move: Protect\n|\n|-heal|p1a: Gliscor|100\/100 tox|[from] ability: Poison Heal\n|-end|p1a: Gliscor|Encore\n|upkeep\n|turn|15\n|c| Ariin tha rein|:\/\n|\n|t:|1698437891\n|move|p2a: Shroodle|Encore|p1a: Gliscor\n|-start|p1a: Gliscor|Encore\n|move|p1a: Gliscor|Protect||[still]\n|-fail|p1a: Gliscor\n|move|p2b: Timburr|Drain Punch|p1a: Gliscor\n|-damage|p1a: Gliscor|69\/100 tox\n|-heal|p2b: Timburr|23\/100|[from] drain|[of] p1a: Gliscor\n|\n|-heal|p1a: Gliscor|81\/100 tox|[from] ability: Poison Heal\n|upkeep\n|turn|16\n|\n|t:|1698437901\n|move|p1a: Gliscor|Protect|p1a: Gliscor\n|-singleturn|p1a: Gliscor|Protect\n|move|p2a: Shroodle|Parting Shot|p1a: Gliscor\n|-activate|p1a: Gliscor|move: Protect\n|move|p2b: Timburr|Drain Punch|p1a: Gliscor\n|-activate|p1a: Gliscor|move: Protect\n|\n|-heal|p1a: Gliscor|94\/100 tox|[from] ability: Poison Heal\n|upkeep\n|turn|17\n|j| Mekl\n|c|\u2606PokeKidMax|yo this thing\n|\n|t:|1698437911\n|move|p1a: Gliscor|Protect|p1a: Gliscor\n|-singleturn|p1a: Gliscor|Protect\n|move|p2a: Shroodle|Parting Shot|p1a: Gliscor\n|-activate|p1a: Gliscor|move: Protect\n|move|p2b: Timburr|Drain Punch|p1a: Gliscor\n|-activate|p1a: Gliscor|move: Protect\n|\n|-heal|p1a: Gliscor|100\/100 tox|[from] ability: Poison Heal\n|-end|p1a: Gliscor|Encore\n|upkeep\n|turn|18\n|c|\u2606PokeKidMax|is so bulky\n|c| Ariin tha rein|especially with his ability\n|\n|t:|1698437922\n|move|p2a: Shroodle|Parting Shot|p1a: Gliscor\n|-unboost|p1a: Gliscor|atk|1\n|-unboost|p1a: Gliscor|spa|1\n|c|\u2606PokeKidMax|yeah\n|c|\u2606PokeKidMax|still a chance i lose\n|\n|t:|1698437931\n|switch|p2a: Larvesta|Larvesta, M|100\/100|[from] Parting Shot\n|move|p1a: Gliscor|Earthquake|p2a: Larvesta|[spread] p2a,p2b\n|-damage|p2a: Larvesta|60\/100\n|-damage|p2b: Timburr|0 fnt\n|faint|p2b: Timburr\n|\n|upkeep\n|\n|t:|1698437933\n|switch|p2b: Bronzor|Bronzor, shiny|100\/100\n|turn|19\n|c| HEAVY-DUTY B0OTY|oh no\n|c| Ariin tha rein|true....\n|c|\u2606jzurf|two levitates was nice\n|c| Ariin tha rein|he has earthquake\n|\n|t:|1698437948\n|move|p2a: Larvesta|Trailblaze|p1a: Gliscor\n|-supereffective|p1a: Gliscor\n|-damage|p1a: Gliscor|82\/100 tox\n|-boost|p2a: Larvesta|spe|1\n|move|p1a: Gliscor|Facade|p2a: Larvesta\n|-damage|p2a: Larvesta|9\/100\n|move|p2b: Bronzor|Reflect|p2b: Bronzor\n|-sidestart|p2: PokeKidMax|Reflect\n|\n|-heal|p1a: Gliscor|94\/100 tox|[from] ability: Poison Heal\n|upkeep\n|turn|20\n|c| Raccoonator|oh boy gliscor moment\n|c| Ariin tha rein|that bad\n|\n|t:|1698437961\n|move|p2a: Larvesta|Lunge|p1a: Gliscor\n|-damage|p1a: Gliscor|72\/100 tox\n|-unboost|p1a: Gliscor|atk|1\n|move|p1a: Gliscor|Facade|p2a: Larvesta\n|-damage|p2a: Larvesta|0 fnt\n|faint|p2a: Larvesta\n|move|p2b: Bronzor|Gyro Ball|p1a: Gliscor\n|-resisted|p1a: Gliscor\n|-damage|p1a: Gliscor|69\/100 tox\n|\n|-heal|p1a: Gliscor|81\/100 tox|[from] ability: Poison Heal\n|upkeep\n|\n|t:|1698437965\n|switch|p2a: Shroodle|Shroodle, F|39\/100\n|turn|21\n|c| Ariin tha rein|huh poke might actually lose here\n|\n|t:|1698437977\n|move|p2a: Shroodle|Parting Shot|p1a: Gliscor\n|-unboost|p1a: Gliscor|atk|1\n|-unboost|p1a: Gliscor|spa|1\n|move|p1a: Gliscor|Facade|p2a: Shroodle\n|-damage|p2a: Shroodle|14\/100\n|move|p2b: Bronzor|Gyro Ball|p1a: Gliscor\n|-resisted|p1a: Gliscor\n|-damage|p1a: Gliscor|78\/100 tox\n|\n|-heal|p1a: Gliscor|91\/100 tox|[from] ability: Poison Heal\n|upkeep\n|turn|22\n|c| HEAVY-DUTY B0OTY|I think u messed up\n|c| Mekl|and then gliscor said \"its gliscoring time\" and gliscored all over everyone\n|\n|t:|1698437990\n|move|p2a: Shroodle|Parting Shot|p1a: Gliscor\n|-unboost|p1a: Gliscor|atk|1\n|-unboost|p1a: Gliscor|spa|1\n|move|p1a: Gliscor|Facade|p2a: Shroodle\n|-damage|p2a: Shroodle|0 fnt\n|faint|p2a: Shroodle\n|move|p2b: Bronzor|Gyro Ball|p1a: Gliscor\n|-resisted|p1a: Gliscor\n|-damage|p1a: Gliscor|87\/100 tox\n|\n|-heal|p1a: Gliscor|99\/100 tox|[from] ability: Poison Heal\n|upkeep\n|turn|23\n|c|\u2606jzurf|triple protect messed it up lol\n|c|\u2606PokeKidMax|you hit so many\n|\n|t:|1698438003\n|move|p1a: Gliscor|Facade|p2b: Bronzor\n|-resisted|p2b: Bronzor\n|-damage|p2b: Bronzor|94\/100\n|move|p2b: Bronzor|Gyro Ball|p1a: Gliscor\n|-resisted|p1a: Gliscor\n|-damage|p1a: Gliscor|97\/100 tox\n|\n|-heal|p1a: Gliscor|100\/100 tox|[from] ability: Poison Heal\n|upkeep\n|turn|24\n|c| Ariin tha rein|ooh final showdown time!!\n|\n|t:|1698438015\n|move|p1a: Gliscor|Swords Dance|p1a: Gliscor\n|-boost|p1a: Gliscor|atk|2\n|move|p2b: Bronzor|Gyro Ball|p1a: Gliscor\n|-resisted|p1a: Gliscor\n|-damage|p1a: Gliscor|98\/100 tox\n|\n|-heal|p1a: Gliscor|100\/100 tox|[from] ability: Poison Heal\n|upkeep\n|turn|25\n|c| HEAVY-DUTY B0OTY|Should've kept using encore\n|\n|t:|1698438022\n|move|p1a: Gliscor|Swords Dance|p1a: Gliscor\n|-boost|p1a: Gliscor|atk|2\n|move|p2b: Bronzor|Reflect||[still]\n|-fail|p2b: Bronzor\n|\n|upkeep\n|turn|26\n|c|\u2606PokeKidMax|yeah]\n|c|\u2606PokeKidMax|this is over\n|l| Ariin tha rein\n|c|\u2606PokeKidMax|ggs\n|-message|PokeKidMax forfeited.\n|\n|win|jzurf\n|n|\u2606jzurf|jzurf\n|n|\u2606PokeKidMax|pokekidmax\n|n|*Lady Monita \u263d|ladymonita\n|n| HEAVY-DUTY B0OTY|heavydutyb0oty\n|n| Carrly 3>|carrly3\n|n| Use Guard Specs|useguardspecs\n|n| Raccoonator|raccoonator\n|n| Mekl|mekl\n","uploadtime":1698438032,"views":12,"p1id":"jzurf","p2id":"pokekidmax","formatid":"gen9doublesou","rating":0,"private":0,"password":""}