{"id":"gen9doublesou-1991116297","p1":"Jjhhggf","p2":"SteelMan2007","format":"[Gen 9] Doubles OU","log":"|j|\u2606Jjhhggf\n|j|\u2606SteelMan2007\n|t:|1700045412\n|gametype|doubles\n|player|p1|Jjhhggf|roxanne|1368\n|player|p2|SteelMan2007|265|1198\n|teamsize|p1|6\n|teamsize|p2|6\n|gen|9\n|tier|[Gen 9] Doubles OU\n|rated|\n|rule|Species Clause: Limit one of each Pok\u00e9mon\n|rule|OHKO Clause: OHKO moves are banned\n|rule|Evasion Moves Clause: Evasion moves are banned\n|rule|Gravity Sleep Clause: The combination of sleep-inducing moves with imperfect accuracy and Gravity or Gigantamax Orbeetle are banned\n|rule|Endless Battle Clause: Forcing endless battles is banned\n|rule|HP Percentage Mod: HP is shown in percentages\n|clearpoke\n|poke|p1|Sinistcha|\n|poke|p1|Politoed, M|\n|poke|p1|Volbeat, M|\n|poke|p1|Rillaboom, F|\n|poke|p1|Chien-Pao|\n|poke|p1|Florges, F|\n|poke|p2|Glimmora, M|\n|poke|p2|Sinistcha-Masterpiece|\n|poke|p2|Amoonguss, F|\n|poke|p2|Gastrodon, F|\n|poke|p2|Ninetales-Alola, F|\n|poke|p2|Walking Wake|\n|teampreview\n|\n|t:|1700045434\n|start\n|switch|p1a: Rillaboom|Rillaboom, F|100\/100\n|switch|p1b: Volbeat|Volbeat, M|100\/100\n|switch|p2a: Aftermath|Glimmora, M|100\/100\n|switch|p2b: Sea me later|Gastrodon, F|100\/100\n|-fieldstart|move: Grassy Terrain|[from] ability: Grassy Surge|[of] p1a: Rillaboom\n|-enditem|p1b: Volbeat|Grassy Seed\n|-boost|p1b: Volbeat|def|1|[from] item: Grassy Seed\n|turn|1\n|\n|t:|1700045456\n|-terastallize|p2b: Sea me later|Fire\n|move|p1a: Rillaboom|Grassy Glide|p2b: Sea me later\n|-resisted|p2b: Sea me later\n|-damage|p2b: Sea me later|78\/100\n|-enditem|p2b: Sea me later|Red Card|[of] p1a: Rillaboom\n|drag|p1a: Chien-Pao|Chien-Pao|100\/100\n|-ability|p1a: Chien-Pao|Sword of Ruin\n|move|p1b: Volbeat|Tail Glow|p1b: Volbeat\n|-boost|p1b: Volbeat|spa|3\n|move|p2a: Aftermath|Stealth Rock|p1a: Chien-Pao\n|-sidestart|p1: Jjhhggf|move: Stealth Rock\n|move|p2b: Sea me later|Spikes|p1b: Volbeat\n|-sidestart|p1: Jjhhggf|Spikes\n|\n|-heal|p2b: Sea me later|85\/100|[from] Grassy Terrain\n|upkeep\n|turn|2\n|\n|t:|1700045478\n|move|p1b: Volbeat|Baton Pass|p1b: Volbeat\n|\n|t:|1700045481\n|switch|p1b: Florges|Florges, F|100\/100|[from] Baton Pass\n|-damage|p1b: Florges|88\/100|[from] Stealth Rock\n|-damage|p1b: Florges|75\/100|[from] Spikes\n|-enditem|p1b: Florges|Grassy Seed\n|-boost|p1b: Florges|def|1|[from] item: Grassy Seed\n|move|p1a: Chien-Pao|Taunt|p2a: Aftermath\n|-start|p2a: Aftermath|move: Taunt\n|cant|p2a: Aftermath|move: Taunt|Spikes\n|move|p2b: Sea me later|Spikes|p1b: Florges\n|-sidestart|p1: Jjhhggf|Spikes\n|\n|-heal|p1b: Florges|82\/100|[from] Grassy Terrain\n|-heal|p2b: Sea me later|91\/100|[from] Grassy Terrain\n|upkeep\n|turn|3\n|\n|t:|1700045498\n|move|p1a: Chien-Pao|Sucker Punch|p2a: Aftermath\n|-damage|p2a: Aftermath|63\/100\n|-activate|p2a: Aftermath|ability: Toxic Debris\n|-sidestart|p1: Jjhhggf|move: Toxic Spikes\n|move|p2a: Aftermath|Mortal Spin|p1b: Florges|[spread] p1a,p1b\n|-supereffective|p1b: Florges\n|-damage|p1a: Chien-Pao|93\/100\n|-damage|p1b: Florges|76\/100\n|-status|p1a: Chien-Pao|psn\n|-status|p1b: Florges|psn\n|move|p1b: Florges|Stored Power|p2a: Aftermath\n|-supereffective|p2a: Aftermath\n|-crit|p2a: Aftermath\n|-damage|p2a: Aftermath|0 fnt\n|faint|p2a: Aftermath\n|move|p2b: Sea me later|Spikes|p1a: Chien-Pao\n|-sidestart|p1: Jjhhggf|Spikes\n|\n|-heal|p1a: Chien-Pao|99\/100 psn|[from] Grassy Terrain\n|-heal|p1b: Florges|82\/100 psn|[from] Grassy Terrain\n|-heal|p2b: Sea me later|97\/100|[from] Grassy Terrain\n|-damage|p1a: Chien-Pao|87\/100 psn|[from] psn\n|-damage|p1b: Florges|70\/100 psn|[from] psn\n|upkeep\n|\n|t:|1700045519\n|switch|p2a: Run Boi|Walking Wake|100\/100\n|-enditem|p2a: Run Boi|Booster Energy\n|-activate|p2a: Run Boi|ability: Protosynthesis|[fromitem]\n|-start|p2a: Run Boi|protosynthesisspe\n|turn|4\n|\n|t:|1700045539\n|switch|p1a: Sinistcha|Sinistcha|100\/100\n|-damage|p1a: Sinistcha|88\/100|[from] Stealth Rock\n|-damage|p1a: Sinistcha|63\/100|[from] Spikes\n|-heal|p1b: Florges|95\/100 psn|[from] ability: Hospitality|[of] p1a: Sinistcha\n|move|p1b: Florges|Draining Kiss|p2a: Run Boi\n|-supereffective|p2a: Run Boi\n|-damage|p2a: Run Boi|0 fnt\n|-heal|p1b: Florges|100\/100 psn|[from] drain|[of] p2a: Run Boi\n|faint|p2a: Run Boi\n|-end|p2a: Run Boi|Protosynthesis|[silent]\n|move|p2b: Sea me later|Muddy Water|p1a: Sinistcha|[spread] p1a,p1b\n|-resisted|p1a: Sinistcha\n|-damage|p1a: Sinistcha|53\/100\n|-damage|p1b: Florges|85\/100 psn\n|\n|-heal|p1b: Florges|92\/100 psn|[from] Grassy Terrain\n|-heal|p1a: Sinistcha|59\/100|[from] Grassy Terrain\n|-heal|p2b: Sea me later|100\/100|[from] Grassy Terrain\n|-damage|p1b: Florges|79\/100 psn|[from] psn\n|upkeep\n|\n|t:|1700045548\n|switch|p2a: Pink Ice|Ninetales-Alola, F, shiny|100\/100\n|-weather|Snow|[from] ability: Snow Warning|[of] p2a: Pink Ice\n|turn|5\n|\n|t:|1700045554\n|switch|p1a: Politoed|Politoed, M|100\/100\n|-damage|p1a: Politoed|88\/100|[from] Stealth Rock\n|-damage|p1a: Politoed|63\/100|[from] Spikes\n|-status|p1a: Politoed|psn\n|-weather|RainDance|[from] ability: Drizzle|[of] p1a: Politoed\n|move|p1b: Florges|Dazzling Gleam|p2a: Pink Ice|[spread] p2a,p2b\n|-resisted|p2b: Sea me later\n|-damage|p2a: Pink Ice|35\/100\n|-damage|p2b: Sea me later|78\/100\n|move|p2b: Sea me later|Muddy Water|p1a: Politoed|[spread] p1a,p1b\n|-resisted|p1a: Politoed\n|-damage|p1a: Politoed|47\/100 psn\n|-damage|p1b: Florges|57\/100 psn\n|-unboost|p1a: Politoed|accuracy|1\n|move|p2a: Pink Ice|Roar|p1b: Florges\n|drag|p1b: Chien-Pao|Chien-Pao|87\/100 psn\n|-damage|p1b: Chien-Pao|62\/100 psn|[from] Stealth Rock\n|-damage|p1b: Chien-Pao|37\/100 psn|[from] Spikes\n|-ability|p1b: Chien-Pao|Sword of Ruin\n|\n|-weather|RainDance|[upkeep]\n|-heal|p1b: Chien-Pao|43\/100 psn|[from] Grassy Terrain\n|-heal|p2a: Pink Ice|41\/100|[from] Grassy Terrain\n|-heal|p1a: Politoed|53\/100 psn|[from] Grassy Terrain\n|-heal|p1a: Politoed|59\/100 psn|[from] item: Leftovers\n|-heal|p2b: Sea me later|84\/100|[from] Grassy Terrain\n|-damage|p1b: Chien-Pao|31\/100 psn|[from] psn\n|-damage|p1a: Politoed|47\/100 psn|[from] psn\n|-fieldend|move: Grassy Terrain\n|upkeep\n|turn|6\n|\n|t:|1700045585\n|move|p1a: Politoed|Helping Hand|p1b: Chien-Pao\n|-singleturn|p1b: Chien-Pao|Helping Hand|[of] p1a: Politoed\n|move|p1b: Chien-Pao|Sucker Punch|p2b: Sea me later\n|-damage|p2b: Sea me later|21\/100\n|move|p2a: Pink Ice|Snowscape|p2a: Pink Ice\n|-weather|Snow\n|move|p2b: Sea me later|Muddy Water|p1b: Chien-Pao|[spread] p1b\n|-miss|p2b: Sea me later|p1a: Politoed\n|-damage|p1b: Chien-Pao|0 fnt\n|faint|p1b: Chien-Pao\n|\n|-weather|Snow|[upkeep]\n|-heal|p1a: Politoed|53\/100 psn|[from] item: Leftovers\n|-damage|p1a: Politoed|40\/100 psn|[from] psn\n|upkeep\n|\n|t:|1700045600\n|switch|p1b: Rillaboom|Rillaboom, F|100\/100\n|-damage|p1b: Rillaboom|88\/100|[from] Stealth Rock\n|-damage|p1b: Rillaboom|63\/100|[from] Spikes\n|-status|p1b: Rillaboom|psn\n|-fieldstart|move: Grassy Terrain|[from] ability: Grassy Surge|[of] p1b: Rillaboom\n|turn|7\n|\n|t:|1700045616\n|move|p1b: Rillaboom|Grassy Glide|p2a: Pink Ice\n|-damage|p2a: Pink Ice|0 fnt\n|faint|p2a: Pink Ice\n|-damage|p1b: Rillaboom|53\/100 psn|[from] item: Life Orb\n|move|p1a: Politoed|Psychic|p2b: Sea me later\n|-damage|p2b: Sea me later|5\/100\n|move|p2b: Sea me later|Recover|p2b: Sea me later\n|-heal|p2b: Sea me later|55\/100\n|\n|-weather|Snow|[upkeep]\n|-heal|p1b: Rillaboom|60\/100 psn|[from] Grassy Terrain\n|-heal|p1a: Politoed|47\/100 psn|[from] Grassy Terrain\n|-heal|p1a: Politoed|53\/100 psn|[from] item: Leftovers\n|-heal|p2b: Sea me later|61\/100|[from] Grassy Terrain\n|-damage|p1b: Rillaboom|47\/100 psn|[from] psn\n|-damage|p1a: Politoed|40\/100 psn|[from] psn\n|upkeep\n|\n|t:|1700045635\n|switch|p2a: Spore this|Amoonguss, F, shiny|100\/100\n|turn|8\n|\n|t:|1700045644\n|move|p2b: Sea me later|Protect|p2b: Sea me later\n|-singleturn|p2b: Sea me later|Protect\n|move|p1b: Rillaboom|High Horsepower|p2b: Sea me later\n|-activate|p2b: Sea me later|move: Protect\n|move|p1a: Politoed|Weather Ball|p2a: Spore this\n|-supereffective|p2a: Spore this\n|-damage|p2a: Spore this|74\/100\n|move|p2a: Spore this|Spore||[still]\n|-fail|p2a: Spore this\n|\n|-weather|Snow|[upkeep]\n|-heal|p1b: Rillaboom|53\/100 psn|[from] Grassy Terrain\n|-heal|p1a: Politoed|47\/100 psn|[from] Grassy Terrain\n|-heal|p1a: Politoed|53\/100 psn|[from] item: Leftovers\n|-heal|p2b: Sea me later|67\/100|[from] Grassy Terrain\n|-heal|p2a: Spore this|80\/100|[from] Grassy Terrain\n|-damage|p1b: Rillaboom|41\/100 psn|[from] psn\n|-damage|p1a: Politoed|40\/100 psn|[from] psn\n|upkeep\n|turn|9\n|\n|t:|1700045664\n|switch|p2b: Tea anyone|Sinistcha-Masterpiece|100\/100\n|-heal|p2a: Spore this|100\/100|[from] ability: Hospitality|[of] p2b: Tea anyone\n|move|p1b: Rillaboom|High Horsepower|p2b: Tea anyone\n|-resisted|p2b: Tea anyone\n|-damage|p2b: Tea anyone|78\/100\n|-damage|p1b: Rillaboom|31\/100 psn|[from] item: Life Orb\n|move|p1a: Politoed|Encore|p2a: Spore this\n|-start|p2a: Spore this|Encore\n|move|p2a: Spore this|Spore||[still]\n|-fail|p2a: Spore this\n|\n|-weather|Snow|[upkeep]\n|-heal|p1b: Rillaboom|37\/100 psn|[from] Grassy Terrain\n|-heal|p1a: Politoed|47\/100 psn|[from] Grassy Terrain\n|-heal|p2b: Tea anyone|84\/100|[from] Grassy Terrain\n|-heal|p1a: Politoed|53\/100 psn|[from] item: Leftovers\n|-heal|p2b: Tea anyone|90\/100|[from] item: Leftovers\n|-damage|p1b: Rillaboom|25\/100 psn|[from] psn\n|-damage|p1a: Politoed|40\/100 psn|[from] psn\n|upkeep\n|turn|10\n|\n|t:|1700045688\n|switch|p2a: Sea me later|Gastrodon, F, tera:Fire|67\/100\n|move|p1b: Rillaboom|Wood Hammer|p2b: Tea anyone\n|-resisted|p2b: Tea anyone\n|-damage|p2b: Tea anyone|36\/100\n|-damage|p1b: Rillaboom|7\/100 psn|[from] Recoil\n|-damage|p1b: Rillaboom|0 fnt|[from] item: Life Orb\n|faint|p1b: Rillaboom\n|move|p2b: Tea anyone|Matcha Gotcha|p1a: Politoed\n|-supereffective|p1a: Politoed\n|-damage|p1a: Politoed|0 fnt\n|-heal|p2b: Tea anyone|58\/100|[from] drain|[of] p1a: Politoed\n|faint|p1a: Politoed\n|\n|-weather|none\n|-heal|p2b: Tea anyone|64\/100|[from] Grassy Terrain\n|-heal|p2b: Tea anyone|70\/100|[from] item: Leftovers\n|-heal|p2a: Sea me later|73\/100|[from] Grassy Terrain\n|upkeep\n|\n|t:|1700045712\n|switch|p1b: Sinistcha|Sinistcha|59\/100\n|switch|p1a: Florges|Florges, F|57\/100 psn\n|-damage|p1a: Florges|45\/100 psn|[from] Stealth Rock\n|-damage|p1a: Florges|20\/100 psn|[from] Spikes\n|-damage|p1b: Sinistcha|47\/100|[from] Stealth Rock\n|-damage|p1b: Sinistcha|22\/100|[from] Spikes\n|-heal|p1a: Florges|45\/100 psn|[from] ability: Hospitality|[of] p1b: Sinistcha\n|turn|11\n|\n|t:|1700045730\n|move|p1a: Florges|Calm Mind|p1a: Florges\n|-boost|p1a: Florges|spa|1\n|-boost|p1a: Florges|spd|1\n|move|p1b: Sinistcha|Matcha Gotcha|p2a: Sea me later|[spread] p2a,p2b\n|-resisted|p2a: Sea me later\n|-resisted|p2b: Tea anyone\n|-damage|p2a: Sea me later|61\/100\n|-heal|p1b: Sinistcha|30\/100|[from] drain|[of] p2a: Sea me later\n|-damage|p2b: Tea anyone|50\/100\n|-heal|p1b: Sinistcha|40\/100|[from] drain|[of] p2b: Tea anyone\n|move|p2b: Tea anyone|Matcha Gotcha|p1b: Sinistcha|[spread] p1b\n|-miss|p2b: Tea anyone|p1a: Florges\n|-resisted|p1b: Sinistcha\n|-damage|p1b: Sinistcha|22\/100\n|-heal|p2b: Tea anyone|60\/100|[from] drain|[of] p1b: Sinistcha\n|move|p2a: Sea me later|Muddy Water|p1b: Sinistcha|[spread] p1a,p1b\n|-resisted|p1b: Sinistcha\n|-damage|p1a: Florges|35\/100 psn\n|-damage|p1b: Sinistcha|12\/100\n|\n|-heal|p1a: Florges|41\/100 psn|[from] Grassy Terrain\n|-heal|p2b: Tea anyone|66\/100|[from] Grassy Terrain\n|-heal|p1b: Sinistcha|18\/100|[from] Grassy Terrain\n|-heal|p2b: Tea anyone|72\/100|[from] item: Leftovers\n|-heal|p2a: Sea me later|67\/100|[from] Grassy Terrain\n|-damage|p1a: Florges|28\/100 psn|[from] psn\n|-fieldend|move: Grassy Terrain\n|upkeep\n|turn|12\n|\n|t:|1700045768\n|move|p1a: Florges|Draining Kiss|p2b: Tea anyone\n|-damage|p2b: Tea anyone|40\/100\n|-heal|p1a: Florges|51\/100 psn|[from] drain|[of] p2b: Tea anyone\n|move|p2b: Tea anyone|Matcha Gotcha|p1a: Florges|[spread] p1a,p1b\n|-resisted|p1b: Sinistcha\n|-damage|p1a: Florges|38\/100 psn\n|-heal|p2b: Tea anyone|47\/100|[from] drain|[of] p1a: Florges\n|-damage|p1b: Sinistcha|5\/100\n|-heal|p2b: Tea anyone|54\/100|[from] drain|[of] p1b: Sinistcha\n|move|p1b: Sinistcha|Shadow Ball|p2b: Tea anyone\n|-supereffective|p2b: Tea anyone\n|-damage|p2b: Tea anyone|0 fnt\n|faint|p2b: Tea anyone\n|move|p2a: Sea me later|Muddy Water|p1b: Sinistcha|[spread] p1b\n|-miss|p2a: Sea me later|p1a: Florges\n|-resisted|p1b: Sinistcha\n|-damage|p1b: Sinistcha|0 fnt\n|faint|p1b: Sinistcha\n|\n|-damage|p1a: Florges|25\/100 psn|[from] psn\n|upkeep\n|\n|t:|1700045786\n|switch|p2b: Spore this|Amoonguss, F, shiny|100\/100\n|switch|p1b: Volbeat|Volbeat, M|100\/100\n|-damage|p1b: Volbeat|76\/100|[from] Stealth Rock\n|-damage|p1b: Volbeat|51\/100|[from] Spikes\n|-status|p1b: Volbeat|psn\n|turn|13\n|\n|t:|1700045810\n|-terastallize|p1a: Florges|Steel\n|move|p2b: Spore this|Rage Powder|p2b: Spore this\n|-singleturn|p2b: Spore this|move: Rage Powder\n|move|p1b: Volbeat|Thunder Wave|p2b: Spore this\n|-status|p2b: Spore this|par\n|move|p1a: Florges|Calm Mind|p1a: Florges\n|-boost|p1a: Florges|spa|1\n|-boost|p1a: Florges|spd|1\n|move|p2a: Sea me later|Muddy Water|p1a: Florges|[spread] p1a,p1b\n|-crit|p1b: Volbeat\n|-damage|p1a: Florges|17\/100 psn\n|-damage|p1b: Volbeat|9\/100 psn\n|-unboost|p1a: Florges|accuracy|1\n|\n|-damage|p1b: Volbeat|0 fnt|[from] psn\n|faint|p1b: Volbeat\n|-damage|p1a: Florges|5\/100 psn|[from] psn\n|upkeep\n|turn|14\n|\n|t:|1700045826\n|move|p2a: Sea me later|Protect|p2a: Sea me later\n|-singleturn|p2a: Sea me later|Protect\n|cant|p2b: Spore this|par\n|move|p1a: Florges|Draining Kiss|p2a: Sea me later\n|-activate|p2a: Sea me later|move: Protect\n|\n|-damage|p1a: Florges|0 fnt|[from] psn\n|faint|p1a: Florges\n|\n|win|SteelMan2007\n|upkeep\n|raw|Jjhhggf's rating: 1368 &rarr; <strong>1339<\/strong><br \/>(-29 for losing)\n|raw|SteelMan2007's rating: 1198 &rarr; <strong>1234<\/strong><br \/>(+36 for winning)\n|l|\u2606Jjhhggf\n","uploadtime":1700045840,"views":6,"p1id":"jjhhggf","p2id":"steelman2007","formatid":"gen9doublesou","rating":1234,"private":0,"password":""}