{"id":"gen9doublesou-1978382093","p1":"Alejofenix","p2":"ShiroAmamiya","format":"[Gen 9] Doubles OU","log":"|j|\u2606Alejofenix\n|j|\u2606ShiroAmamiya\n|t:|1698531821\n|gametype|doubles\n|player|p1|Alejofenix|red|\n|player|p2|ShiroAmamiya|silver|\n|teamsize|p1|6\n|teamsize|p2|6\n|gen|9\n|tier|[Gen 9] Doubles OU\n|rule|Species Clause: Limit one of each Pok\u00e9mon\n|rule|OHKO Clause: OHKO moves are banned\n|rule|Evasion Moves Clause: Evasion moves are banned\n|rule|Gravity Sleep Clause: The combination of sleep-inducing moves with imperfect accuracy and Gravity or Gigantamax Orbeetle are banned\n|rule|Endless Battle Clause: Forcing endless battles is banned\n|rule|HP Percentage Mod: HP is shown in percentages\n|clearpoke\n|poke|p1|Chien-Pao|\n|poke|p1|Dragonite, F|\n|poke|p1|Iron Hands|\n|poke|p1|Flutter Mane|\n|poke|p1|Thundurus-Therian, M|\n|poke|p1|Tornadus, M|\n|poke|p2|Gothitelle, F|\n|poke|p2|Flutter Mane|\n|poke|p2|Chi-Yu|\n|poke|p2|Torkoal, M|\n|poke|p2|Iron Hands|\n|poke|p2|Lilligant, F|\n|teampreview\n|\n|t:|1698531844\n|start\n|switch|p1a: Iron Hands|Iron Hands, shiny|100\/100\n|switch|p1b: Tornadus|Tornadus, M, shiny|100\/100\n|switch|p2a: Krillin|Torkoal, M|100\/100\n|switch|p2b: LadyGarden|Lilligant, F|100\/100\n|-weather|SunnyDay|[from] ability: Drought|[of] p2a: Krillin\n|turn|1\n|\n|t:|1698531884\n|-terastallize|p2a: Krillin|Fire\n|move|p1a: Iron Hands|Fake Out|p2b: LadyGarden\n|-damage|p2b: LadyGarden|74\/100\n|cant|p2b: LadyGarden|flinch\n|move|p1b: Tornadus|Bleakwind Storm|p2b: LadyGarden|[spread] p2b\n|-miss|p1b: Tornadus|p2a: Krillin\n|-supereffective|p2b: LadyGarden\n|-damage|p2b: LadyGarden|0 fnt\n|faint|p2b: LadyGarden\n|-damage|p1b: Tornadus|90\/100|[from] item: Life Orb\n|move|p2a: Krillin|Eruption|p1a: Iron Hands|[spread] p1a,p1b\n|-crit|p1a: Iron Hands\n|-damage|p1a: Iron Hands|1\/100\n|-damage|p1b: Tornadus|0 fnt\n|faint|p1b: Tornadus\n|\n|-weather|SunnyDay|[upkeep]\n|upkeep\n|\n|t:|1698531934\n|switch|p1b: Thundurus|Thundurus-Therian, M, shiny|100\/100\n|switch|p2b: Ghost|Flutter Mane|100\/100\n|-activate|p2b: Ghost|ability: Protosynthesis\n|-start|p2b: Ghost|protosynthesisspe\n|turn|2\n|\n|t:|1698531949\n|move|p2b: Ghost|Dazzling Gleam|p1b: Thundurus|[spread] p1a,p1b\n|-supereffective|p1a: Iron Hands\n|-damage|p1a: Iron Hands|0 fnt\n|-damage|p1b: Thundurus|40\/100\n|faint|p1a: Iron Hands\n|-end|p1a: Iron Hands|Quark Drive|[silent]\n|-damage|p2b: Ghost|91\/100|[from] item: Life Orb\n|move|p1b: Thundurus|Thunderbolt|p2a: Krillin\n|-damage|p2a: Krillin|11\/100\n|-damage|p1b: Thundurus|30\/100|[from] item: Life Orb\n|move|p2a: Krillin|Eruption|p1b: Thundurus\n|-damage|p1b: Thundurus|8\/100\n|\n|-weather|SunnyDay|[upkeep]\n|upkeep\n|\n|t:|1698531958\n|switch|p1a: Chien-Pao|Chien-Pao|100\/100\n|-ability|p1a: Chien-Pao|Sword of Ruin\n|turn|3\n|\n|t:|1698531966\n|switch|p2a: GOD HAND!|Iron Hands|100\/100\n|move|p1a: Chien-Pao|Protect|p1a: Chien-Pao\n|-singleturn|p1a: Chien-Pao|Protect\n|move|p2b: Ghost|Dazzling Gleam|p1a: Chien-Pao|[spread] p1b\n|-activate|p1a: Chien-Pao|move: Protect\n|-damage|p1b: Thundurus|0 fnt\n|faint|p1b: Thundurus\n|-damage|p2b: Ghost|81\/100|[from] item: Life Orb\n|\n|-weather|SunnyDay|[upkeep]\n|upkeep\n|\n|t:|1698531977\n|switch|p1b: Dragonite|Dragonite, F|100\/100\n|turn|4\n|\n|t:|1698531991\n|-terastallize|p1a: Chien-Pao|Ghost\n|move|p2a: GOD HAND!|Fake Out|p1a: Chien-Pao\n|-immune|p1a: Chien-Pao\n|move|p2b: Ghost|Dazzling Gleam|p1a: Chien-Pao|[spread] p1a,p1b\n|-supereffective|p1b: Dragonite\n|-damage|p1a: Chien-Pao|36\/100\n|-damage|p1b: Dragonite|59\/100\n|-damage|p2b: Ghost|71\/100|[from] item: Life Orb\n|move|p1a: Chien-Pao|Sacred Sword|p2a: GOD HAND!\n|-damage|p2a: GOD HAND!|75\/100\n|move|p1b: Dragonite|Stomping Tantrum|p2a: GOD HAND!\n|-supereffective|p2a: GOD HAND!\n|-damage|p2a: GOD HAND!|0 fnt\n|faint|p2a: GOD HAND!\n|-end|p2a: GOD HAND!|Quark Drive|[silent]\n|\n|-weather|SunnyDay|[upkeep]\n|upkeep\n|\n|t:|1698532012\n|switch|p2a: Basura!|Chi-Yu|100\/100\n|-ability|p2a: Basura!|Beads of Ruin\n|turn|5\n|\n|t:|1698532019\n|move|p1a: Chien-Pao|Sucker Punch|p2b: Ghost\n|-damage|p2b: Ghost|0 fnt\n|faint|p2b: Ghost\n|-end|p2b: Ghost|Protosynthesis|[silent]\n|move|p2a: Basura!|Heat Wave|p1a: Chien-Pao|[spread] p1a,p1b\n|-resisted|p1b: Dragonite\n|-damage|p1a: Chien-Pao|0 fnt\n|-damage|p1b: Dragonite|21\/100\n|faint|p1a: Chien-Pao\n|move|p1b: Dragonite|Stomping Tantrum|p2a: Basura!\n|-supereffective|p2a: Basura!\n|-damage|p2a: Basura!|0 fnt\n|faint|p2a: Basura!\n|\n|-weather|none\n|upkeep\n|\n|t:|1698532030\n|switch|p2b: Gothica|Gothitelle, F|100\/100\n|switch|p1a: Flutter Mane|Flutter Mane, shiny|100\/100\n|switch|p2a: Krillin|Torkoal, M, tera:Fire|11\/100\n|-item|p1a: Flutter Mane|Booster Energy|[from] ability: Frisk|[of] p2b: Gothica|[identify]\n|-item|p1b: Dragonite|Choice Band|[from] ability: Frisk|[of] p2b: Gothica|[identify]\n|-weather|SunnyDay|[from] ability: Drought|[of] p2a: Krillin\n|-activate|p1a: Flutter Mane|ability: Protosynthesis\n|-start|p1a: Flutter Mane|protosynthesisspe\n|turn|6\n|\n|t:|1698532043\n|move|p2a: Krillin|Protect|p2a: Krillin\n|-singleturn|p2a: Krillin|Protect\n|move|p1a: Flutter Mane|Shadow Ball|p2b: Gothica\n|-supereffective|p2b: Gothica\n|-crit|p2b: Gothica\n|-damage|p2b: Gothica|0 fnt\n|faint|p2b: Gothica\n|move|p1b: Dragonite|Stomping Tantrum|p2a: Krillin\n|-activate|p2a: Krillin|move: Protect\n|\n|-weather|SunnyDay|[upkeep]\n|upkeep\n|turn|7\n|\n|t:|1698532053\n|move|p1a: Flutter Mane|Shadow Ball|p2a: Krillin\n|-damage|p2a: Krillin|0 fnt\n|faint|p2a: Krillin\n|\n|win|Alejofenix\n","uploadtime":1698532064,"views":24,"p1id":"alejofenix","p2id":"shiroamamiya","formatid":"gen9doublesou","rating":0,"private":0,"password":""}