{"id":"gen9doublesou-1987433916","p1":"GohanDiamonD","p2":"SuperAndroid99","format":"[Gen 9] Doubles OU","log":"|j|\u2606GohanDiamonD\n|j|\u2606SuperAndroid99\n|t:|1699590933\n|gametype|doubles\n|player|p1|GohanDiamonD|benga|1252\n|player|p2|SuperAndroid99|gambler|1342\n|teamsize|p1|6\n|teamsize|p2|6\n|gen|9\n|tier|[Gen 9] Doubles OU\n|rated|\n|rule|Species Clause: Limit one of each Pok\u00e9mon\n|rule|OHKO Clause: OHKO moves are banned\n|rule|Evasion Moves Clause: Evasion moves are banned\n|rule|Gravity Sleep Clause: The combination of sleep-inducing moves with imperfect accuracy and Gravity or Gigantamax Orbeetle are banned\n|rule|Endless Battle Clause: Forcing endless battles is banned\n|rule|HP Percentage Mod: HP is shown in percentages\n|clearpoke\n|poke|p1|Torterra, F|\n|poke|p1|Gholdengo|\n|poke|p1|Hydreigon, M|\n|poke|p1|Skeledirge, F|\n|poke|p1|Conkeldurr, M|\n|poke|p1|Rotom-Frost|\n|poke|p2|Bronzong|\n|poke|p2|Iron Hands|\n|poke|p2|Kingambit, F|\n|poke|p2|Skeledirge, M|\n|poke|p2|Flutter Mane|\n|poke|p2|Samurott-Hisui, F|\n|teampreview\n|inactive|Battle timer is ON: inactive players will automatically lose when time's up. (requested by GohanDiamonD)\n|\n|t:|1699590990\n|start\n|switch|p1a: Conkeldurr|Conkeldurr, M|100\/100\n|switch|p1b: Gholdengo|Gholdengo|100\/100\n|switch|p2a: Samurott|Samurott-Hisui, F|100\/100\n|switch|p2b: Bronzong|Bronzong, shiny|100\/100\n|-item|p1b: Gholdengo|Air Balloon\n|turn|1\n|inactiveoff|Battle timer is now OFF.\n|\n|t:|1699591009\n|move|p2a: Samurott|Ceaseless Edge|p1b: Gholdengo\n|-supereffective|p1b: Gholdengo\n|-damage|p1b: Gholdengo|0 fnt\n|-enditem|p1b: Gholdengo|Air Balloon\n|-sidestart|p1: GohanDiamonD|Spikes\n|faint|p1b: Gholdengo\n|move|p1a: Conkeldurr|Drain Punch|p2a: Samurott\n|-supereffective|p2a: Samurott\n|-enditem|p2a: Samurott|Focus Sash\n|-damage|p2a: Samurott|1\/100\n|move|p2b: Bronzong|Trick Room|p2b: Bronzong\n|-fieldstart|move: Trick Room|[of] p2b: Bronzong\n|\n|upkeep\n|\n|t:|1699591021\n|switch|p1b: Rotom|Rotom-Frost|100\/100\n|turn|2\n|\n|t:|1699591034\n|move|p2b: Bronzong|Heavy Slam|p1b: Rotom\n|-damage|p1b: Rotom|49\/100\n|move|p1a: Conkeldurr|Knock Off|p2b: Bronzong\n|-supereffective|p2b: Bronzong\n|-damage|p2b: Bronzong|45\/100\n|-enditem|p2b: Bronzong|Focus Sash|[from] move: Knock Off|[of] p1a: Conkeldurr\n|move|p2a: Samurott|Ceaseless Edge|p1b: Rotom\n|-damage|p1b: Rotom|0 fnt\n|-sidestart|p1: GohanDiamonD|Spikes\n|faint|p1b: Rotom\n|\n|upkeep\n|\n|t:|1699591049\n|switch|p1b: Skeledirge|Skeledirge, F|100\/100\n|turn|3\n|\n|t:|1699591058\n|move|p2b: Bronzong|Heavy Slam|p1a: Conkeldurr\n|-damage|p1a: Conkeldurr|81\/100\n|move|p1b: Skeledirge|Torch Song|p2b: Bronzong\n|-supereffective|p2b: Bronzong\n|-damage|p2b: Bronzong|0 fnt\n|-boost|p1b: Skeledirge|spa|1\n|faint|p2b: Bronzong\n|move|p1a: Conkeldurr|Knock Off|p2a: Samurott\n|-resisted|p2a: Samurott\n|-damage|p2a: Samurott|0 fnt\n|faint|p2a: Samurott\n|\n|upkeep\n|\n|t:|1699591105\n|switch|p2b: Kingambit|Kingambit, F, shiny|100\/100\n|switch|p2a: Iron Hands|Iron Hands|100\/100\n|-activate|p2b: Kingambit|ability: Supreme Overlord\n|-start|p2b: Kingambit|fallen2|[silent]\n|turn|4\n|\n|t:|1699591115\n|move|p2a: Iron Hands|Fake Out|p1a: Conkeldurr\n|-damage|p1a: Conkeldurr|63\/100\n|move|p2b: Kingambit|Kowtow Cleave|p1b: Skeledirge\n|-supereffective|p1b: Skeledirge\n|-damage|p1b: Skeledirge|0 fnt\n|faint|p1b: Skeledirge\n|-damage|p2b: Kingambit|91\/100|[from] item: Life Orb\n|cant|p1a: Conkeldurr|flinch\n|\n|upkeep\n|\n|t:|1699591133\n|switch|p1b: Torterra|Torterra, F|100\/100\n|-damage|p1b: Torterra|84\/100|[from] Spikes\n|turn|5\n|inactive|Battle timer is ON: inactive players will automatically lose when time's up. (requested by SuperAndroid99)\n|l|\u2606SuperAndroid99\n|inactive|SuperAndroid99 disconnected and has a minute to reconnect!\n|player|p2|\n|\n|t:|1699591197\n|-end|p2b: Kingambit|fallen2|[silent]\n|switch|p2b: Flutter Mane|Flutter Mane|100\/100\n|-enditem|p2b: Flutter Mane|Booster Energy\n|-activate|p2b: Flutter Mane|ability: Protosynthesis|[fromitem]\n|-start|p2b: Flutter Mane|protosynthesisspe\n|move|p2a: Iron Hands|Close Combat|p1a: Conkeldurr\n|-damage|p1a: Conkeldurr|0 fnt\n|-unboost|p2a: Iron Hands|def|1\n|-unboost|p2a: Iron Hands|spd|1\n|faint|p1a: Conkeldurr\n|move|p1b: Torterra|Shell Smash|p1b: Torterra\n|-unboost|p1b: Torterra|def|1\n|-unboost|p1b: Torterra|spd|1\n|-boost|p1b: Torterra|atk|2\n|-boost|p1b: Torterra|spa|2\n|-boost|p1b: Torterra|spe|2\n|\n|-fieldend|move: Trick Room\n|upkeep\n|\n|t:|1699591206\n|switch|p1a: Hydreigon|Hydreigon, M|100\/100\n|turn|6\n|inactive|SuperAndroid99 has 30 seconds to reconnect!\n|j|\u2606SuperAndroid99\n|inactive|SuperAndroid99 reconnected and has 115 seconds left.\n|player|p2|SuperAndroid99|gambler\n|inactive|SuperAndroid99 has 90 seconds left.\n|\n|t:|1699591269\n|move|p2b: Flutter Mane|Dazzling Gleam|p1b: Torterra|[spread] p1a,p1b\n|-supereffective|p1a: Hydreigon\n|-damage|p1a: Hydreigon|0 fnt\n|-damage|p1b: Torterra|35\/100\n|faint|p1a: Hydreigon\n|move|p1b: Torterra|Earthquake|p2b: Flutter Mane|[spread] p2a,p2b\n|-supereffective|p2a: Iron Hands\n|-damage|p2a: Iron Hands|0 fnt\n|-damage|p2b: Flutter Mane|0 fnt\n|faint|p2a: Iron Hands\n|-end|p2a: Iron Hands|Quark Drive|[silent]\n|faint|p2b: Flutter Mane\n|-end|p2b: Flutter Mane|Protosynthesis|[silent]\n|\n|upkeep\n|inactive|SuperAndroid99 has 90 seconds left.\n|\n|t:|1699591282\n|switch|p2b: Kingambit|Kingambit, F, shiny|91\/100\n|switch|p2a: Skeledirge|Skeledirge, M, shiny|100\/100\n|-activate|p2b: Kingambit|ability: Supreme Overlord\n|-start|p2b: Kingambit|fallen4|[silent]\n|turn|7\n|\n|t:|1699591297\n|-terastallize|p2b: Kingambit|Flying\n|move|p2b: Kingambit|Sucker Punch|p1b: Torterra\n|-damage|p1b: Torterra|0 fnt\n|faint|p1b: Torterra\n|-damage|p2b: Kingambit|81\/100|[from] item: Life Orb\n|\n|win|SuperAndroid99\n|raw|GohanDiamonD's rating: 1252 &rarr; <strong>1233<\/strong><br \/>(-19 for losing)\n|raw|SuperAndroid99's rating: 1342 &rarr; <strong>1357<\/strong><br \/>(+15 for winning)\n","uploadtime":1699591308,"views":8,"p1id":"gohandiamond","p2id":"superandroid99","formatid":"gen9doublesou","rating":1233,"private":0,"password":""}