{"id":"gen9doublesou-1978344804","p1":"Use Guard Specs","p2":"TheGamerBoss","format":"[Gen 9] Doubles OU","log":"|j|\u2606Use Guard Specs\n|j|\u2606TheGamerBoss\n|inactive|Battle timer is ON: inactive players will automatically lose when time's up.\n|t:|1698527513\n|gametype|doubles\n|player|p1|Use Guard Specs|scientist-gen4dp|\n|player|p2|TheGamerBoss|backpacker|\n|teamsize|p1|6\n|teamsize|p2|6\n|gen|9\n|tier|[Gen 9] Doubles OU\n|rated|Tournament battle\n|rule|Species Clause: Limit one of each Pok\u00e9mon\n|rule|OHKO Clause: OHKO moves are banned\n|rule|Evasion Moves Clause: Evasion moves are banned\n|rule|Gravity Sleep Clause: The combination of sleep-inducing moves with imperfect accuracy and Gravity or Gigantamax Orbeetle are banned\n|rule|Endless Battle Clause: Forcing endless battles is banned\n|rule|HP Percentage Mod: HP is shown in percentages\n|clearpoke\n|poke|p1|Hatenna, F|\n|poke|p1|Fraxure, M|\n|poke|p1|Misdreavus, M|\n|poke|p1|Qwilfish-Hisui, F|\n|poke|p1|Naclstack, F|\n|poke|p1|Mareanie, F|\n|poke|p2|Mudbray, M|\n|poke|p2|Smoliv, M|\n|poke|p2|Baxcalibur, F|\n|poke|p2|Noibat, F|\n|poke|p2|Magnemite|\n|poke|p2|Chewtle, M|\n|teampreview\n|j|*Lady Monita \u263d\n|inactive|TheGamerBoss also wants the timer to be on.\n|\n|t:|1698527529\n|start\n|switch|p1a: Naclstack|Naclstack, F|100\/100\n|switch|p1b: Qwilfish|Qwilfish-Hisui, F|100\/100\n|switch|p2a: Chewtle|Chewtle, M|100\/100\n|switch|p2b: Mudbray|Mudbray, M|100\/100\n|-ability|p1b: Qwilfish|Intimidate|boost\n|-unboost|p2a: Chewtle|atk|1\n|-unboost|p2b: Mudbray|atk|1\n|turn|1\n|inactive|TheGamerBoss has 120 seconds left.\n|\n|t:|1698527570\n|switch|p2a: Smoliv|Smoliv, M, shiny|100\/100\n|move|p1b: Qwilfish|Toxic|p2a: Smoliv\n|-status|p2a: Smoliv|tox\n|move|p2b: Mudbray|High Horsepower|p1b: Qwilfish\n|-supereffective|p1b: Qwilfish\n|-damage|p1b: Qwilfish|44\/100\n|move|p1a: Naclstack|Stealth Rock|p2a: Smoliv\n|-sidestart|p2: TheGamerBoss|move: Stealth Rock\n|\n|-damage|p2a: Smoliv|95\/100 tox|[from] psn\n|upkeep\n|turn|2\n|\n|t:|1698527588\n|switch|p1b: Misdreavus|Misdreavus, M|100\/100\n|move|p1a: Naclstack|Protect|p1a: Naclstack\n|-singleturn|p1a: Naclstack|Protect\n|move|p2b: Mudbray|High Horsepower|p1b: Misdreavus\n|-immune|p1b: Misdreavus|[from] ability: Levitate\n|move|p2a: Smoliv|Energy Ball|p1a: Naclstack\n|-activate|p1a: Naclstack|move: Protect\n|\n|-damage|p2a: Smoliv|83\/100 tox|[from] psn\n|upkeep\n|turn|3\n|\n|t:|1698527607\n|switch|p1a: Qwilfish|Qwilfish-Hisui, F|44\/100\n|-ability|p1a: Qwilfish|Intimidate|boost\n|-unboost|p2a: Smoliv|atk|1\n|-unboost|p2b: Mudbray|atk|1\n|move|p1b: Misdreavus|Calm Mind|p1b: Misdreavus\n|-boost|p1b: Misdreavus|spa|1\n|-boost|p1b: Misdreavus|spd|1\n|move|p2b: Mudbray|High Horsepower|p1a: Qwilfish\n|-supereffective|p1a: Qwilfish\n|-damage|p1a: Qwilfish|4\/100\n|move|p2a: Smoliv|Leech Seed|p1a: Qwilfish\n|-start|p1a: Qwilfish|move: Leech Seed\n|\n|-damage|p1a: Qwilfish|0 fnt|[from] Leech Seed|[of] p2a: Smoliv\n|-heal|p2a: Smoliv|86\/100 tox|[silent]\n|faint|p1a: Qwilfish\n|-damage|p2a: Smoliv|68\/100 tox|[from] psn\n|upkeep\n|\n|t:|1698527627\n|switch|p1a: Mareanie|Mareanie, F|100\/100\n|turn|4\n|\n|t:|1698527637\n|move|p1b: Misdreavus|Taunt|p2a: Smoliv\n|-start|p2a: Smoliv|move: Taunt\n|move|p2b: Mudbray|Rock Slide|p1a: Mareanie|[spread] p1a,p1b\n|-damage|p1a: Mareanie|94\/100\n|-damage|p1b: Misdreavus|91\/100\n|move|p1a: Mareanie|Toxic|p2b: Mudbray\n|-status|p2b: Mudbray|tox\n|cant|p2a: Smoliv|move: Taunt|Leech Seed\n|\n|-damage|p2b: Mudbray|94\/100 tox|[from] psn\n|-damage|p2a: Smoliv|44\/100 tox|[from] psn\n|upkeep\n|turn|5\n|j| Demon Fangs\n|l| Demon Fangs\n|\n|t:|1698527657\n|switch|p2b: Noibat|Noibat, F|100\/100\n|-damage|p2b: Noibat|75\/100|[from] Stealth Rock\n|switch|p1a: Hatenna|Hatenna, F|100\/100\n|move|p1b: Misdreavus|Calm Mind|p1b: Misdreavus\n|-boost|p1b: Misdreavus|spa|1\n|-boost|p1b: Misdreavus|spd|1\n|move|p2a: Smoliv|Energy Ball|p1b: Misdreavus\n|-damage|p1b: Misdreavus|82\/100\n|\n|-damage|p2a: Smoliv|14\/100 tox|[from] psn\n|upkeep\n|turn|6\n|\n|t:|1698527677\n|move|p2b: Noibat|Switcheroo|p1b: Misdreavus\n|-activate|p2b: Noibat|move: Trick|[of] p1b: Misdreavus\n|-item|p1b: Misdreavus|Choice Scarf|[from] move: Switcheroo\n|-item|p2b: Noibat|Eviolite|[from] move: Switcheroo\n|move|p1b: Misdreavus|Draining Kiss|p2b: Noibat\n|-supereffective|p2b: Noibat\n|-damage|p2b: Noibat|0 fnt\n|-heal|p1b: Misdreavus|100\/100|[from] drain|[of] p2b: Noibat\n|faint|p2b: Noibat\n|move|p1a: Hatenna|Nuzzle|p2a: Smoliv\n|-resisted|p2a: Smoliv\n|-damage|p2a: Smoliv|13\/100 tox\n|move|p2a: Smoliv|Energy Ball|p1a: Hatenna\n|-damage|p1a: Hatenna|83\/100\n|\n|-damage|p2a: Smoliv|0 fnt|[from] psn\n|faint|p2a: Smoliv\n|upkeep\n|\n|t:|1698527692\n|switch|p2b: Mudbray|Mudbray, M|94\/100 tox\n|switch|p2a: Magnemite|Magnemite|100\/100\n|-damage|p2a: Magnemite|95\/100|[from] Stealth Rock\n|-damage|p2b: Mudbray|88\/100 tox|[from] Stealth Rock\n|turn|7\n|\n|t:|1698527712\n|move|p1b: Misdreavus|Draining Kiss|p2b: Mudbray\n|-damage|p2b: Mudbray|58\/100 tox\n|-ability|p2b: Mudbray|Stamina|boost\n|-boost|p2b: Mudbray|def|1\n|move|p2b: Mudbray|Rock Slide|p1a: Hatenna|[spread] p1a,p1b\n|-damage|p1a: Hatenna|55\/100\n|-damage|p1b: Misdreavus|71\/100\n|move|p2a: Magnemite|Electroweb|p1b: Misdreavus|[spread] p1b\n|-miss|p2a: Magnemite|p1a: Hatenna\n|-damage|p1b: Misdreavus|59\/100\n|-unboost|p1b: Misdreavus|spe|1\n|move|p1a: Hatenna|Psychic|p2a: Magnemite\n|-resisted|p2a: Magnemite\n|-damage|p2a: Magnemite|81\/100\n|\n|-damage|p2b: Mudbray|52\/100 tox|[from] psn\n|upkeep\n|turn|8\n|\n|t:|1698527732\n|move|p1b: Misdreavus|Draining Kiss|p2b: Mudbray\n|-damage|p2b: Mudbray|20\/100 tox\n|-heal|p1b: Misdreavus|84\/100|[from] drain|[of] p2b: Mudbray\n|-ability|p2b: Mudbray|Stamina|boost\n|-boost|p2b: Mudbray|def|1\n|move|p2b: Mudbray|Rest|p2b: Mudbray\n|-status|p2b: Mudbray|slp|[from] move: Rest\n|-heal|p2b: Mudbray|100\/100 slp|[silent]\n|move|p2a: Magnemite|Electroweb|p1a: Hatenna|[spread] p1a,p1b\n|-crit|p1a: Hatenna\n|-damage|p1a: Hatenna|31\/100\n|-damage|p1b: Misdreavus|72\/100\n|-unboost|p1a: Hatenna|spe|1\n|-unboost|p1b: Misdreavus|spe|1\n|move|p1a: Hatenna|Heal Pulse|p1b: Misdreavus\n|-heal|p1b: Misdreavus|100\/100\n|\n|upkeep\n|turn|9\n|\n|t:|1698527761\n|switch|p1b: Naclstack|Naclstack, F|100\/100\n|move|p2a: Magnemite|Flash Cannon|p1a: Hatenna\n|-damage|p1a: Hatenna|0 fnt\n|faint|p1a: Hatenna\n|cant|p2b: Mudbray|slp\n|move|p2b: Mudbray|Sleep Talk|p2b: Mudbray\n|move|p2b: Mudbray|High Horsepower|p1b: Naclstack|[from]move: Sleep Talk\n|-supereffective|p1b: Naclstack\n|-damage|p1b: Naclstack|52\/100\n|\n|upkeep\n|inactive|Use Guard Specs has 120 seconds left.\n|\n|t:|1698527773\n|switch|p1a: Fraxure|Fraxure, M|100\/100\n|-ability|p1a: Fraxure|Mold Breaker\n|turn|10\n|\n|t:|1698527786\n|move|p1a: Fraxure|Dragon Dance|p1a: Fraxure\n|-boost|p1a: Fraxure|atk|1\n|-boost|p1a: Fraxure|spe|1\n|move|p2a: Magnemite|Electroweb|p1a: Fraxure|[spread] p1a,p1b\n|-resisted|p1a: Fraxure\n|-crit|p1b: Naclstack\n|-damage|p1a: Fraxure|87\/100\n|-damage|p1b: Naclstack|23\/100\n|-unboost|p1a: Fraxure|spe|1\n|-unboost|p1b: Naclstack|spe|1\n|cant|p2b: Mudbray|slp\n|move|p2b: Mudbray|Sleep Talk|p2b: Mudbray\n|move|p2b: Mudbray|Rock Slide|p1a: Fraxure|[from]move: Sleep Talk|[spread] p1a\n|-miss|p2b: Mudbray|p1b: Naclstack\n|-damage|p1a: Fraxure|66\/100\n|move|p1b: Naclstack|Salt Cure|p2b: Mudbray\n|-resisted|p2b: Mudbray\n|-damage|p2b: Mudbray|98\/100 slp\n|-start|p2b: Mudbray|Salt Cure\n|-ability|p2b: Mudbray|Stamina|boost\n|-boost|p2b: Mudbray|def|1\n|\n|-damage|p2b: Mudbray|86\/100 slp|[from] Salt Cure\n|upkeep\n|turn|11\n|\n|t:|1698527812\n|move|p1a: Fraxure|Stomping Tantrum|p2a: Magnemite\n|-supereffective|p2a: Magnemite\n|-damage|p2a: Magnemite|0 fnt\n|faint|p2a: Magnemite\n|-curestatus|p2b: Mudbray|slp|[msg]\n|move|p2b: Mudbray|High Horsepower|p1a: Fraxure\n|-damage|p1a: Fraxure|14\/100\n|move|p1b: Naclstack|Recover|p1b: Naclstack\n|-heal|p1b: Naclstack|73\/100\n|\n|-damage|p2b: Mudbray|74\/100|[from] Salt Cure\n|upkeep\n|\n|t:|1698527821\n|switch|p2a: Chewtle|Chewtle, M|100\/100\n|-damage|p2a: Chewtle|88\/100|[from] Stealth Rock\n|turn|12\n|\n|t:|1698527831\n|-terastallize|p2a: Chewtle|Grass\n|move|p1a: Fraxure|Dragon Claw|p2a: Chewtle\n|-damage|p2a: Chewtle|0 fnt\n|faint|p2a: Chewtle\n|move|p2b: Mudbray|High Horsepower|p1a: Fraxure\n|-damage|p1a: Fraxure|0 fnt\n|faint|p1a: Fraxure\n|move|p1b: Naclstack|Recover|p1b: Naclstack\n|-heal|p1b: Naclstack|100\/100\n|\n|-damage|p2b: Mudbray|62\/100|[from] Salt Cure\n|upkeep\n|\n|t:|1698527844\n|switch|p1a: Misdreavus|Misdreavus, M|100\/100\n|switch|p2a: Baxcalibur|Baxcalibur, F|100\/100\n|-damage|p2a: Baxcalibur|76\/100|[from] Stealth Rock\n|turn|13\n|\n|t:|1698527863\n|move|p1a: Misdreavus|Taunt|p2a: Baxcalibur\n|-start|p2a: Baxcalibur|move: Taunt\n|move|p2a: Baxcalibur|Icicle Spear|p1a: Misdreavus\n|-damage|p1a: Misdreavus|77\/100\n|-damage|p1a: Misdreavus|53\/100\n|-damage|p1a: Misdreavus|29\/100\n|-damage|p1a: Misdreavus|3\/100\n|-damage|p1a: Misdreavus|0 fnt\n|faint|p1a: Misdreavus\n|-hitcount|p1: Misdreavus|5\n|move|p2b: Mudbray|High Horsepower|p1b: Naclstack\n|-supereffective|p1b: Naclstack\n|-damage|p1b: Naclstack|54\/100\n|move|p1b: Naclstack|Salt Cure|p2a: Baxcalibur\n|-supereffective|p2a: Baxcalibur\n|-damage|p2a: Baxcalibur|57\/100\n|-start|p2a: Baxcalibur|Salt Cure\n|\n|-damage|p2a: Baxcalibur|45\/100|[from] Salt Cure\n|-damage|p2b: Mudbray|49\/100|[from] Salt Cure\n|upkeep\n|\n|t:|1698527882\n|switch|p1a: Mareanie|Mareanie, F|100\/100\n|turn|14\n|\n|t:|1698527905\n|move|p1a: Mareanie|Protect|p1a: Mareanie\n|-singleturn|p1a: Mareanie|Protect\n|move|p1b: Naclstack|Protect|p1b: Naclstack\n|-singleturn|p1b: Naclstack|Protect\n|move|p2a: Baxcalibur|High Horsepower|p1a: Mareanie\n|-activate|p1a: Mareanie|move: Protect\n|move|p2b: Mudbray|High Horsepower|p1a: Mareanie\n|-activate|p1a: Mareanie|move: Protect\n|\n|-damage|p2a: Baxcalibur|33\/100|[from] Salt Cure\n|-damage|p2b: Mudbray|37\/100|[from] Salt Cure\n|upkeep\n|turn|15\n|\n|t:|1698527922\n|-terastallize|p1a: Mareanie|Water\n|move|p2a: Baxcalibur|High Horsepower|p1a: Mareanie\n|-damage|p1a: Mareanie|72\/100\n|move|p2b: Mudbray|High Horsepower|p1a: Mareanie\n|-damage|p1a: Mareanie|42\/100\n|move|p1a: Mareanie|Toxic|p2b: Mudbray|[miss]\n|-miss|p1a: Mareanie|p2b: Mudbray\n|move|p1b: Naclstack|Recover|p1b: Naclstack\n|-heal|p1b: Naclstack|100\/100\n|\n|-damage|p2a: Baxcalibur|20\/100|[from] Salt Cure\n|-damage|p2b: Mudbray|25\/100|[from] Salt Cure\n|-end|p2a: Baxcalibur|move: Taunt\n|upkeep\n|turn|16\n|j| Foosyyy\n|\n|t:|1698527952\n|move|p2a: Baxcalibur|Scale Shot|p1a: Mareanie\n|-damage|p1a: Mareanie|31\/100\n|-damage|p1a: Mareanie|19\/100\n|-damage|p1a: Mareanie|8\/100\n|-damage|p1a: Mareanie|0 fnt\n|faint|p1a: Mareanie\n|-hitcount|p1: Mareanie|4\n|-unboost|p2a: Baxcalibur|def|1\n|-boost|p2a: Baxcalibur|spe|1\n|move|p2b: Mudbray|Rest|p2b: Mudbray\n|-status|p2b: Mudbray|slp|[from] move: Rest\n|-heal|p2b: Mudbray|100\/100 slp|[silent]\n|move|p1b: Naclstack|Salt Cure|p2a: Baxcalibur\n|-supereffective|p2a: Baxcalibur\n|-damage|p2a: Baxcalibur|0 fnt\n|faint|p2a: Baxcalibur\n|\n|-damage|p2b: Mudbray|88\/100 slp|[from] Salt Cure\n|upkeep\n|turn|17\n|c| Foosyyy|nacitacj carried frs\n|c|\u2606Use Guard Specs|gg can't beat this thing aha\n|\n|t:|1698527981\n|cant|p2b: Mudbray|slp\n|move|p2b: Mudbray|Sleep Talk|p2b: Mudbray\n|move|p2b: Mudbray|High Horsepower|p1b: Naclstack|[from]move: Sleep Talk\n|-supereffective|p1b: Naclstack\n|-damage|p1b: Naclstack|52\/100\n|move|p1b: Naclstack|Salt Cure|p2b: Mudbray\n|-resisted|p2b: Mudbray\n|-damage|p2b: Mudbray|87\/100 slp\n|-ability|p2b: Mudbray|Stamina|boost\n|-boost|p2b: Mudbray|def|1\n|\n|-damage|p2b: Mudbray|74\/100 slp|[from] Salt Cure\n|upkeep\n|turn|18\n|j| BigSilverBilver\n|c|\u2606TheGamerBoss|gg wp\n|c| Foosyyy|1% is crazy\n|\n|t:|1698527994\n|move|p1b: Naclstack|Protect|p1b: Naclstack\n|-singleturn|p1b: Naclstack|Protect\n|cant|p2b: Mudbray|slp\n|move|p2b: Mudbray|Sleep Talk|p2b: Mudbray\n|move|p2b: Mudbray|Rest||[from]move: Sleep Talk|[still]\n|-fail|p2b: Mudbray\n|\n|-damage|p2b: Mudbray|62\/100 slp|[from] Salt Cure\n|upkeep\n|turn|19\n|\n|t:|1698528002\n|-curestatus|p2b: Mudbray|slp|[msg]\n|move|p2b: Mudbray|High Horsepower|p1b: Naclstack\n|-supereffective|p1b: Naclstack\n|-damage|p1b: Naclstack|5\/100\n|move|p1b: Naclstack|Recover|p1b: Naclstack\n|-heal|p1b: Naclstack|55\/100\n|\n|-damage|p2b: Mudbray|50\/100|[from] Salt Cure\n|upkeep\n|turn|20\n|c| Foosyyy|why no body press\n|c| Foosyyy|?\n|\n|t:|1698528009\n|move|p2b: Mudbray|High Horsepower|p1b: Naclstack\n|-supereffective|p1b: Naclstack\n|-damage|p1b: Naclstack|7\/100\n|move|p1b: Naclstack|Recover|p1b: Naclstack\n|-heal|p1b: Naclstack|57\/100\n|\n|-damage|p2b: Mudbray|38\/100|[from] Salt Cure\n|upkeep\n|turn|21\n|c| Foosyyy|blud let it happen\n|c| Foosyyy|stop recovering\n|\n|t:|1698528019\n|move|p2b: Mudbray|Rest|p2b: Mudbray\n|-status|p2b: Mudbray|slp|[from] move: Rest\n|-heal|p2b: Mudbray|100\/100 slp|[silent]\n|move|p1b: Naclstack|Recover|p1b: Naclstack\n|-heal|p1b: Naclstack|100\/100\n|\n|-damage|p2b: Mudbray|88\/100 slp|[from] Salt Cure\n|upkeep\n|turn|22\n|\n|t:|1698528025\n|move|p1b: Naclstack|Protect|p1b: Naclstack\n|-singleturn|p1b: Naclstack|Protect\n|cant|p2b: Mudbray|slp\n|move|p2b: Mudbray|Sleep Talk|p2b: Mudbray\n|move|p2b: Mudbray|Rest||[from]move: Sleep Talk|[still]\n|-fail|p2b: Mudbray\n|\n|-damage|p2b: Mudbray|76\/100 slp|[from] Salt Cure\n|upkeep\n|turn|23\n|\n|t:|1698528030\n|cant|p2b: Mudbray|slp\n|move|p2b: Mudbray|Sleep Talk|p2b: Mudbray\n|move|p2b: Mudbray|Rock Slide|p1b: Naclstack|[from]move: Sleep Talk\n|-damage|p1b: Naclstack|87\/100\n|move|p1b: Naclstack|Stealth Rock||[still]\n|-fail|p1b: Naclstack\n|\n|-damage|p2b: Mudbray|64\/100 slp|[from] Salt Cure\n|upkeep\n|turn|24\n|\n|t:|1698528039\n|move|p1b: Naclstack|Protect|p1b: Naclstack\n|-singleturn|p1b: Naclstack|Protect\n|-curestatus|p2b: Mudbray|slp|[msg]\n|move|p2b: Mudbray|High Horsepower|p1b: Naclstack\n|-activate|p1b: Naclstack|move: Protect\n|\n|-damage|p2b: Mudbray|52\/100|[from] Salt Cure\n|upkeep\n|turn|25\n|\n|t:|1698528050\n|move|p2b: Mudbray|High Horsepower|p1b: Naclstack\n|-supereffective|p1b: Naclstack\n|-damage|p1b: Naclstack|44\/100\n|move|p1b: Naclstack|Recover|p1b: Naclstack\n|-heal|p1b: Naclstack|94\/100\n|\n|-damage|p2b: Mudbray|39\/100|[from] Salt Cure\n|upkeep\n|turn|26\n|\n|t:|1698528061\n|move|p1b: Naclstack|Protect|p1b: Naclstack\n|-singleturn|p1b: Naclstack|Protect\n|move|p2b: Mudbray|High Horsepower|p1b: Naclstack\n|-activate|p1b: Naclstack|move: Protect\n|\n|-damage|p2b: Mudbray|27\/100|[from] Salt Cure\n|upkeep\n|turn|27\n|\n|t:|1698528074\n|move|p2b: Mudbray|High Horsepower|p1b: Naclstack\n|-supereffective|p1b: Naclstack\n|-damage|p1b: Naclstack|44\/100\n|move|p1b: Naclstack|Salt Cure|p2b: Mudbray\n|-resisted|p2b: Mudbray\n|-damage|p2b: Mudbray|25\/100\n|-ability|p2b: Mudbray|Stamina|boost\n|-boost|p2b: Mudbray|def|1\n|\n|-damage|p2b: Mudbray|13\/100|[from] Salt Cure\n|upkeep\n|turn|28\n|\n|t:|1698528082\n|move|p1b: Naclstack|Protect|p1b: Naclstack\n|-singleturn|p1b: Naclstack|Protect\n|move|p2b: Mudbray|Rest|p2b: Mudbray\n|-status|p2b: Mudbray|slp|[from] move: Rest\n|-heal|p2b: Mudbray|100\/100 slp|[silent]\n|\n|-damage|p2b: Mudbray|88\/100 slp|[from] Salt Cure\n|upkeep\n|turn|29\n|\n|t:|1698528086\n|cant|p2b: Mudbray|slp\n|move|p2b: Mudbray|Sleep Talk|p2b: Mudbray\n|move|p2b: Mudbray|High Horsepower|p1b: Naclstack|[from]move: Sleep Talk\n|-supereffective|p1b: Naclstack\n|-damage|p1b: Naclstack|1\/100\n|move|p1b: Naclstack|Recover|p1b: Naclstack\n|-heal|p1b: Naclstack|51\/100\n|\n|-damage|p2b: Mudbray|76\/100 slp|[from] Salt Cure\n|upkeep\n|turn|30\n|\n|t:|1698528093\n|move|p1b: Naclstack|Protect|p1b: Naclstack\n|-singleturn|p1b: Naclstack|Protect\n|cant|p2b: Mudbray|slp\n|move|p2b: Mudbray|Sleep Talk|p2b: Mudbray\n|move|p2b: Mudbray|High Horsepower|p1b: Naclstack|[from]move: Sleep Talk\n|-activate|p1b: Naclstack|move: Protect\n|\n|-damage|p2b: Mudbray|64\/100 slp|[from] Salt Cure\n|upkeep\n|turn|31\n|\n|t:|1698528103\n|move|p1b: Naclstack|Protect|p1b: Naclstack\n|-singleturn|p1b: Naclstack|Protect\n|-curestatus|p2b: Mudbray|slp|[msg]\n|move|p2b: Mudbray|High Horsepower|p1b: Naclstack\n|-activate|p1b: Naclstack|move: Protect\n|\n|-damage|p2b: Mudbray|52\/100|[from] Salt Cure\n|upkeep\n|turn|32\n|\n|t:|1698528113\n|move|p2b: Mudbray|High Horsepower|p1b: Naclstack\n|-supereffective|p1b: Naclstack\n|-damage|p1b: Naclstack|0 fnt\n|faint|p1b: Naclstack\n|\n|win|TheGamerBoss\n|n|\u2606Use Guard Specs|useguardspecs\n|n|\u2606TheGamerBoss|thegamerboss\n|n|*Lady Monita \u263d|ladymonita\n|n| Foosyyy|foosyyy\n|n| BigSilverBilver|bigsilverbilver\n","uploadtime":1698528114,"views":22,"p1id":"useguardspecs","p2id":"thegamerboss","formatid":"gen9doublesou","rating":0,"private":0,"password":""}