{"id":"gen9doublesou-2000071699","p1":"Blue Kaiser dragon","p2":"jordangallant117","format":"[Gen 9] Doubles OU","log":"|j|\u2606Blue Kaiser dragon\n|j|\u2606jordangallant117\n|t:|1701149571\n|gametype|doubles\n|player|p1|Blue Kaiser dragon|volkner|1259\n|player|p2|jordangallant117|hilbert-wonderlauncher|1402\n|teamsize|p1|6\n|teamsize|p2|6\n|gen|9\n|tier|[Gen 9] Doubles OU\n|rated|\n|rule|Species Clause: Limit one of each Pok\u00e9mon\n|rule|OHKO Clause: OHKO moves are banned\n|rule|Evasion Moves Clause: Evasion moves are banned\n|rule|Gravity Sleep Clause: The combination of sleep-inducing moves with imperfect accuracy and Gravity or Gigantamax Orbeetle are banned\n|rule|Endless Battle Clause: Forcing endless battles is banned\n|rule|HP Percentage Mod: HP is shown in percentages\n|clearpoke\n|poke|p1|Kleavor, M|\n|poke|p1|Scizor, M|\n|poke|p1|Ogerpon-Wellspring, F|\n|poke|p1|Rabsca, M|\n|poke|p1|Scyther, M|\n|poke|p1|Ninetales-Alola, M|\n|poke|p2|Amoonguss, M|\n|poke|p2|Ogerpon-Hearthflame, F|\n|poke|p2|Landorus-Therian, M|\n|poke|p2|Pelipper, M|\n|poke|p2|Flutter Mane|\n|poke|p2|Chien-Pao|\n|teampreview\n|\n|t:|1701149588\n|start\n|switch|p1a: Kleavor|Kleavor, M|100\/100\n|switch|p1b: Ninetales|Ninetales-Alola, M|100\/100\n|switch|p2a: Landorus|Landorus-Therian, M|100\/100\n|switch|p2b: Amoonguss|Amoonguss, M|100\/100\n|-weather|Snow|[from] ability: Snow Warning|[of] p1b: Ninetales\n|-ability|p2a: Landorus|Intimidate|boost\n|-unboost|p1a: Kleavor|atk|1\n|-unboost|p1b: Ninetales|atk|1\n|turn|1\n|\n|t:|1701149622\n|switch|p2b: Pelipper|Pelipper, M|100\/100\n|-weather|RainDance|[from] ability: Drizzle|[of] p2b: Pelipper\n|move|p1b: Ninetales|Blizzard|p2a: Landorus|[spread] \n|-miss|p1b: Ninetales|p2a: Landorus\n|-miss|p1b: Ninetales|p2b: Pelipper\n|move|p2a: Landorus|Earthquake|p1a: Kleavor|[spread] p1a,p1b\n|-immune|p2b: Pelipper\n|-crit|p1a: Kleavor\n|-damage|p1a: Kleavor|0 fnt\n|-damage|p1b: Ninetales|19\/100\n|faint|p1a: Kleavor\n|\n|-weather|RainDance|[upkeep]\n|-heal|p1b: Ninetales|25\/100|[from] item: Leftovers\n|upkeep\n|\n|t:|1701149645\n|switch|p1a: Ogerpon|Ogerpon-Wellspring, F|100\/100\n|turn|2\n|\n|t:|1701149667\n|switch|p1b: Scyther|Scyther, M|100\/100\n|move|p1a: Ogerpon|Ivy Cudgel|p2a: Landorus|[anim] Ivy Cudgel Water\n|-supereffective|p2a: Landorus\n|-damage|p2a: Landorus|0 fnt\n|faint|p2a: Landorus\n|move|p2b: Pelipper|Hurricane|p1a: Ogerpon\n|-supereffective|p1a: Ogerpon\n|-damage|p1a: Ogerpon|0 fnt\n|faint|p1a: Ogerpon\n|\n|-weather|RainDance|[upkeep]\n|upkeep\n|\n|t:|1701149687\n|switch|p1a: Ninetales|Ninetales-Alola, M|25\/100\n|switch|p2a: Flutter Mane|Flutter Mane|100\/100\n|-weather|Snow|[from] ability: Snow Warning|[of] p1a: Ninetales\n|turn|3\n|\n|t:|1701149700\n|move|p2a: Flutter Mane|Dazzling Gleam|p1a: Ninetales|[spread] p1a,p1b\n|-damage|p1a: Ninetales|0 fnt\n|-damage|p1b: Scyther|50\/100\n|faint|p1a: Ninetales\n|move|p1b: Scyther|Swords Dance|p1b: Scyther\n|-boost|p1b: Scyther|atk|2\n|move|p2b: Pelipper|Weather Ball|p1b: Scyther\n|-supereffective|p1b: Scyther\n|-damage|p1b: Scyther|0 fnt\n|faint|p1b: Scyther\n|\n|-weather|Snow|[upkeep]\n|upkeep\n|\n|t:|1701149756\n|switch|p1a: Rabsca|Rabsca, M|100\/100\n|switch|p1b: Scizor|Scizor, M|100\/100\n|turn|4\n|\n|t:|1701149789\n|move|p1b: Scizor|Bullet Punch|p2a: Flutter Mane\n|-supereffective|p2a: Flutter Mane\n|-enditem|p2a: Flutter Mane|Focus Sash\n|-damage|p2a: Flutter Mane|1\/100\n|move|p2a: Flutter Mane|Shadow Ball|p1a: Rabsca\n|-supereffective|p1a: Rabsca\n|-damage|p1a: Rabsca|9\/100\n|move|p2b: Pelipper|Surf|p1a: Rabsca|[spread] p2a,p1a,p1b\n|-damage|p2a: Flutter Mane|0 fnt\n|-damage|p1a: Rabsca|0 fnt\n|-damage|p1b: Scizor|47\/100\n|faint|p2a: Flutter Mane\n|-end|p2a: Flutter Mane|Protosynthesis|[silent]\n|faint|p1a: Rabsca\n|\n|-weather|Snow|[upkeep]\n|upkeep\n|\n|t:|1701149803\n|switch|p2a: Ogerpon|Ogerpon-Hearthflame, F|100\/100\n|-ability|p2a: Ogerpon|Mold Breaker\n|turn|5\n|inactive|Battle timer is ON: inactive players will automatically lose when time's up. (requested by Blue Kaiser dragon)\n|\n|t:|1701149818\n|-terastallize|p1b: Scizor|Bug\n|move|p2a: Ogerpon|Ivy Cudgel|p1b: Scizor|[anim] Ivy Cudgel Fire\n|-supereffective|p1b: Scizor\n|-damage|p1b: Scizor|0 fnt\n|faint|p1b: Scizor\n|\n|win|jordangallant117\n|raw|Blue Kaiser dragon's rating: 1259 &rarr; <strong>1244<\/strong><br \/>(-15 for losing)\n|raw|jordangallant117's rating: 1402 &rarr; <strong>1414<\/strong><br \/>(+12 for winning)\n|c|\u2606jordangallant117|gg\n|l|\u2606Blue Kaiser dragon\n","uploadtime":1701149837,"views":8,"p1id":"bluekaiserdragon","p2id":"jordangallant117","formatid":"gen9doublesou","rating":1244,"private":0,"password":""}