{"id":"gen9doublesou-1982052761","p1":"David Gaggins","p2":"daniel.verdon","format":"[Gen 9] Doubles OU","log":"|j|\u2606David Gaggins\n|j|\u2606daniel.verdon\n|inactive|Battle timer is ON: inactive players will automatically lose when time's up.\n|t:|1698963172\n|gametype|doubles\n|player|p1|David Gaggins|swimmer|\n|player|p2|daniel.verdon|pokekid|\n|teamsize|p1|2\n|teamsize|p2|2\n|gen|9\n|tier|[Gen 9] Doubles OU\n|rated|Tournament battle\n|rule|Species Clause: Limit one of each Pok\u00e9mon\n|rule|OHKO Clause: OHKO moves are banned\n|rule|Evasion Moves Clause: Evasion moves are banned\n|rule|Gravity Sleep Clause: The combination of sleep-inducing moves with imperfect accuracy and Gravity or Gigantamax Orbeetle are banned\n|rule|Endless Battle Clause: Forcing endless battles is banned\n|rule|HP Percentage Mod: HP is shown in percentages\n|clearpoke\n|poke|p1|Sneasel, F|\n|poke|p1|Grookey, F|\n|poke|p2|Ekans, M|\n|poke|p2|Piplup, M|\n|teampreview\n|j|*Lady Monita \u263d\n|j| BigSilverBilver\n|\n|t:|1698963192\n|start\n|switch|p1a: Sneasel|Sneasel, F|100\/100\n|switch|p1b: Grookey|Grookey, F|100\/100\n|switch|p2a: Ekans|Ekans, M|100\/100\n|switch|p2b: Piplup|Piplup, M|100\/100\n|-fieldstart|move: Grassy Terrain|[from] ability: Grassy Surge|[of] p1b: Grookey\n|-ability|p2a: Ekans|Intimidate|boost\n|-unboost|p1a: Sneasel|atk|1\n|-unboost|p1b: Grookey|atk|1\n|turn|1\n|\n|t:|1698963210\n|-terastallize|p2b: Piplup|Dragon\n|move|p1a: Sneasel|Fake Out|p2b: Piplup\n|-damage|p2b: Piplup|91\/100\n|move|p1b: Grookey|Fake Out|p2a: Ekans\n|-damage|p2a: Ekans|91\/100\n|cant|p2a: Ekans|flinch\n|cant|p2b: Piplup|flinch\n|\n|-heal|p2a: Ekans|97\/100|[from] Grassy Terrain\n|-heal|p2b: Piplup|97\/100|[from] Grassy Terrain\n|upkeep\n|turn|2\n|\n|t:|1698963223\n|move|p1a: Sneasel|Icicle Crash|p2b: Piplup\n|-supereffective|p2b: Piplup\n|-damage|p2b: Piplup|37\/100\n|move|p1b: Grookey|Knock Off|p2a: Ekans\n|-damage|p2a: Ekans|73\/100\n|-enditem|p2a: Ekans|Eviolite|[from] move: Knock Off|[of] p1b: Grookey\n|move|p2a: Ekans|Glare|p1a: Sneasel\n|-status|p1a: Sneasel|par\n|cant|p2b: Piplup|flinch\n|\n|-heal|p2a: Ekans|80\/100|[from] Grassy Terrain\n|-heal|p2b: Piplup|43\/100|[from] Grassy Terrain\n|upkeep\n|turn|3\n|\n|t:|1698963246\n|-terastallize|p1b: Grookey|Water\n|move|p1b: Grookey|Knock Off|p2b: Piplup\n|-damage|p2b: Piplup|26\/100\n|-enditem|p2b: Piplup|Eviolite|[from] move: Knock Off|[of] p1b: Grookey\n|cant|p1a: Sneasel|par\n|move|p2a: Ekans|Coil|p2a: Ekans\n|-boost|p2a: Ekans|atk|1\n|-boost|p2a: Ekans|def|1\n|-boost|p2a: Ekans|accuracy|1\n|move|p2b: Piplup|Hydro Pump|p1a: Sneasel\n|-damage|p1a: Sneasel|36\/100 par\n|\n|-heal|p1a: Sneasel|42\/100 par|[from] Grassy Terrain\n|-heal|p2a: Ekans|86\/100|[from] Grassy Terrain\n|-heal|p2b: Piplup|32\/100|[from] Grassy Terrain\n|upkeep\n|turn|4\n|j| Evan Instinct\n|\n|t:|1698963273\n|move|p1b: Grookey|Grassy Glide|p2a: Ekans\n|-resisted|p2a: Ekans\n|-damage|p2a: Ekans|73\/100\n|move|p1a: Sneasel|Icicle Crash|p2b: Piplup\n|-supereffective|p2b: Piplup\n|-damage|p2b: Piplup|0 fnt\n|faint|p2b: Piplup\n|move|p2a: Ekans|Coil|p2a: Ekans\n|-boost|p2a: Ekans|atk|1\n|-boost|p2a: Ekans|def|1\n|-boost|p2a: Ekans|accuracy|1\n|\n|-heal|p1a: Sneasel|48\/100 par|[from] Grassy Terrain\n|-heal|p2a: Ekans|79\/100|[from] Grassy Terrain\n|upkeep\n|turn|5\n|\n|t:|1698963297\n|move|p1b: Grookey|Grassy Glide|p2a: Ekans\n|-resisted|p2a: Ekans\n|-damage|p2a: Ekans|70\/100\n|move|p1a: Sneasel|Icicle Crash|p2a: Ekans\n|-damage|p2a: Ekans|39\/100\n|move|p2a: Ekans|Gunk Shot|p1a: Sneasel\n|-damage|p1a: Sneasel|0 fnt\n|faint|p1a: Sneasel\n|\n|-heal|p2a: Ekans|45\/100|[from] Grassy Terrain\n|-fieldend|move: Grassy Terrain\n|upkeep\n|turn|6\n|\n|t:|1698963309\n|move|p1b: Grookey|Drain Punch|p2a: Ekans\n|-resisted|p2a: Ekans\n|-damage|p2a: Ekans|38\/100\n|move|p2a: Ekans|Gunk Shot|p1b: Grookey\n|-damage|p1b: Grookey|0 fnt\n|faint|p1b: Grookey\n|\n|win|daniel.verdon\n|n|\u2606David Gaggins|davidgaggins\n|n|\u2606daniel.verdon|danielverdon\n|n|*Lady Monita \u263d|ladymonita\n|n| BigSilverBilver|bigsilverbilver\n|n| Evan Instinct|evaninstinct\n","uploadtime":1698963310,"views":12,"p1id":"davidgaggins","p2id":"danielverdon","formatid":"gen9doublesou","rating":0,"private":0,"password":""}