{"id":"gen9doublesou-1987024692","p1":"vyt","p2":"Raining_Diamonds","format":"[Gen 9] Doubles OU","log":"|j|\u2606vyt\n|j|\u2606Raining_Diamonds\n|t:|1699549942\n|gametype|doubles\n|player|p1|vyt|170|1251\n|player|p2|Raining_Diamonds|wallace|1375\n|teamsize|p1|6\n|teamsize|p2|6\n|gen|9\n|tier|[Gen 9] Doubles OU\n|rated|\n|rule|Species Clause: Limit one of each Pok\u00e9mon\n|rule|OHKO Clause: OHKO moves are banned\n|rule|Evasion Moves Clause: Evasion moves are banned\n|rule|Gravity Sleep Clause: The combination of sleep-inducing moves with imperfect accuracy and Gravity or Gigantamax Orbeetle are banned\n|rule|Endless Battle Clause: Forcing endless battles is banned\n|rule|HP Percentage Mod: HP is shown in percentages\n|clearpoke\n|poke|p1|Arcanine, M|\n|poke|p1|Maushold|\n|poke|p1|Flamigo, F|\n|poke|p1|Indeedee-F, F|\n|poke|p1|Toxapex, F|\n|poke|p1|Landorus-Therian, M|\n|poke|p2|Palafin, M|\n|poke|p2|Sinistcha|\n|poke|p2|Kingambit, M|\n|poke|p2|Ursaluna-Bloodmoon, M|\n|poke|p2|Landorus-Therian, M|\n|poke|p2|Cresselia, F|\n|teampreview\n|\n|t:|1699549971\n|start\n|switch|p1a: Arcanine|Arcanine, M|100\/100\n|switch|p1b: Maushold|Maushold|100\/100\n|switch|p2a: Landorus|Landorus-Therian, M|100\/100\n|switch|p2b: Kingambit|Kingambit, M|100\/100\n|-ability|p2a: Landorus|Intimidate|boost\n|-unboost|p1a: Arcanine|atk|1\n|-unboost|p1b: Maushold|atk|1\n|turn|1\n|inactive|Battle timer is ON: inactive players will automatically lose when time's up. (requested by Raining_Diamonds)\n|inactive|vyt has 120 seconds left.\n|\n|t:|1699550081\n|-terastallize|p1a: Arcanine|Water\n|move|p2b: Kingambit|Sucker Punch|p1a: Arcanine\n|-crit|p1a: Arcanine\n|-damage|p1a: Arcanine|55\/100\n|-ability|p1a: Arcanine|Justified|boost\n|-boost|p1a: Arcanine|atk|1\n|move|p2a: Landorus|Rock Slide|p1b: Maushold|[spread] p1a\n|-miss|p2a: Landorus|p1b: Maushold\n|-damage|p1a: Arcanine|40\/100\n|move|p1b: Maushold|Beat Up|p1a: Arcanine\n|-damage|p1a: Arcanine|39\/100\n|-ability|p1a: Arcanine|Justified|boost\n|-boost|p1a: Arcanine|atk|1\n|-damage|p1a: Arcanine|38\/100\n|-ability|p1a: Arcanine|Justified|boost\n|-boost|p1a: Arcanine|atk|1\n|-damage|p1a: Arcanine|37\/100\n|-ability|p1a: Arcanine|Justified|boost\n|-boost|p1a: Arcanine|atk|1\n|-damage|p1a: Arcanine|36\/100\n|-ability|p1a: Arcanine|Justified|boost\n|-boost|p1a: Arcanine|atk|1\n|-damage|p1a: Arcanine|35\/100\n|-ability|p1a: Arcanine|Justified|boost\n|-boost|p1a: Arcanine|atk|1\n|-damage|p1a: Arcanine|33\/100\n|-ability|p1a: Arcanine|Justified|boost\n|-boost|p1a: Arcanine|atk|1\n|-hitcount|p1a: Arcanine|6\n|move|p1a: Arcanine|Flame Charge|p2b: Kingambit\n|-supereffective|p2b: Kingambit\n|-damage|p2b: Kingambit|0 fnt\n|-boost|p1a: Arcanine|spe|1\n|faint|p2b: Kingambit\n|\n|-heal|p1a: Arcanine|40\/100|[from] item: Leftovers\n|upkeep\n|j| lemonademaker\n|c|\u2606vyt|lol\n|inactive|Raining_Diamonds has 120 seconds left.\n|c|\u2606vyt|flinch would have been nice\n|\n|t:|1699550131\n|switch|p2b: Cresselia|Cresselia, F|100\/100\n|turn|2\n|\n|t:|1699550151\n|move|p1b: Maushold|Follow Me|p1b: Maushold\n|-singleturn|p1b: Maushold|move: Follow Me\n|move|p2a: Landorus|Rock Slide|p1b: Maushold|[spread] p1a,p1b\n|-damage|p1a: Arcanine|24\/100\n|-damage|p1b: Maushold|77\/100\n|move|p1a: Arcanine|Play Rough|p2a: Landorus\n|-damage|p2a: Landorus|0 fnt\n|faint|p2a: Landorus\n|move|p2b: Cresselia|Trick Room|p2b: Cresselia\n|-fieldstart|move: Trick Room|[of] p2b: Cresselia\n|\n|-heal|p1a: Arcanine|30\/100|[from] item: Leftovers\n|upkeep\n|\n|t:|1699550165\n|switch|p2a: Sinistcha|Sinistcha|100\/100\n|turn|3\n|\n|t:|1699550171\n|move|p1b: Maushold|Follow Me|p1b: Maushold\n|-singleturn|p1b: Maushold|move: Follow Me\n|move|p2a: Sinistcha|Matcha Gotcha|p1b: Maushold|[spread] p1a,p1b\n|-supereffective|p1a: Arcanine\n|-damage|p1a: Arcanine|0 fnt\n|-damage|p1b: Maushold|46\/100\n|faint|p1a: Arcanine\n|move|p2b: Cresselia|Ice Beam|p1b: Maushold\n|-damage|p1b: Maushold|24\/100\n|-status|p1b: Maushold|frz\n|\n|upkeep\n|c|\u2606vyt|ok ya\n|n|!vyt|vyt\n|\n|t:|1699550193\n|switch|p1a: Toxapex|Toxapex, F|100\/100\n|turn|4\n|\n|t:|1699550208\n|-curestatus|p1b: Maushold|frz|[msg]\n|move|p1b: Maushold|Follow Me|p1b: Maushold\n|-singleturn|p1b: Maushold|move: Follow Me\n|move|p1a: Toxapex|Infestation|p2b: Cresselia\n|-supereffective|p2b: Cresselia\n|-damage|p2b: Cresselia|96\/100\n|-activate|p2b: Cresselia|move: Infestation|[of] p1a: Toxapex\n|move|p2a: Sinistcha|Matcha Gotcha|p1a: Toxapex|[spread] p1a,p1b\n|-damage|p1a: Toxapex|86\/100\n|-damage|p1b: Maushold|0 fnt\n|faint|p1b: Maushold\n|move|p2b: Cresselia|Lunar Blessing|p2b: Cresselia|[spread] p2a,p2b\n|-heal|p2b: Cresselia|100\/100\n|\n|-heal|p1a: Toxapex|92\/100|[from] item: Black Sludge\n|-damage|p2b: Cresselia|88\/100|[from] move: Infestation|[partiallytrapped]\n|upkeep\n|\n|t:|1699550216\n|switch|p1b: Flamigo|Flamigo, F|100\/100\n|-copyboost|p1b: Flamigo|p1a: Toxapex|[from] ability: Costar\n|turn|5\n|\n|t:|1699550229\n|move|p1a: Toxapex|Infestation|p2a: Sinistcha\n|-damage|p2a: Sinistcha|96\/100\n|-activate|p2a: Sinistcha|move: Infestation|[of] p1a: Toxapex\n|move|p2a: Sinistcha|Matcha Gotcha|p1b: Flamigo|[spread] p1a\n|-miss|p2a: Sinistcha|p1b: Flamigo\n|-damage|p1a: Toxapex|70\/100\n|-heal|p2a: Sinistcha|100\/100|[from] drain|[of] p1a: Toxapex\n|move|p2b: Cresselia|Ice Beam|p1b: Flamigo\n|-supereffective|p1b: Flamigo\n|-damage|p1b: Flamigo|54\/100\n|move|p1b: Flamigo|Substitute|p1b: Flamigo\n|-start|p1b: Flamigo|Substitute\n|-damage|p1b: Flamigo|29\/100\n|-enditem|p1b: Flamigo|Sitrus Berry|[eat]\n|-heal|p1b: Flamigo|54\/100|[from] item: Sitrus Berry\n|\n|-heal|p1a: Toxapex|76\/100|[from] item: Black Sludge\n|-heal|p2b: Cresselia|94\/100|[from] item: Leftovers\n|-damage|p2a: Sinistcha|88\/100|[from] move: Infestation|[partiallytrapped]\n|-damage|p2b: Cresselia|82\/100|[from] move: Infestation|[partiallytrapped]\n|upkeep\n|turn|6\n|\n|t:|1699550252\n|move|p1a: Toxapex|Infestation|p2b: Cresselia\n|-supereffective|p2b: Cresselia\n|-damage|p2b: Cresselia|77\/100\n|move|p2a: Sinistcha|Matcha Gotcha|p1a: Toxapex|[spread] p1a,p1b\n|-resisted|p1b: Flamigo\n|-activate|p1b: Flamigo|move: Substitute|[damage]\n|-heal|p2a: Sinistcha|97\/100|[from] drain|[of] p1b: Flamigo\n|-damage|p1a: Toxapex|57\/100\n|-heal|p2a: Sinistcha|100\/100|[from] drain|[of] p1a: Toxapex\n|move|p2b: Cresselia|Ice Beam|p1b: Flamigo\n|-supereffective|p1b: Flamigo\n|-end|p1b: Flamigo|Substitute\n|move|p1b: Flamigo|Thief|p2a: Sinistcha\n|-supereffective|p2a: Sinistcha\n|-damage|p2a: Sinistcha|70\/100\n|-enditem|p2a: Sinistcha|Sitrus Berry|[silent]|[from] move: Thief|[of] p1b: Flamigo\n|-item|p1b: Flamigo|Sitrus Berry|[from] move: Thief|[of] p2a: Sinistcha\n|\n|-heal|p1a: Toxapex|63\/100|[from] item: Black Sludge\n|-heal|p2b: Cresselia|83\/100|[from] item: Leftovers\n|-damage|p2a: Sinistcha|58\/100|[from] move: Infestation|[partiallytrapped]\n|-damage|p2b: Cresselia|71\/100|[from] move: Infestation|[partiallytrapped]\n|-fieldend|move: Trick Room\n|upkeep\n|turn|7\n|\n|t:|1699550281\n|move|p1b: Flamigo|Substitute|p1b: Flamigo\n|-start|p1b: Flamigo|Substitute\n|-damage|p1b: Flamigo|29\/100\n|-enditem|p1b: Flamigo|Sitrus Berry|[eat]\n|-heal|p1b: Flamigo|54\/100|[from] item: Sitrus Berry\n|move|p2a: Sinistcha|Strength Sap||[still]\n|-fail|p2a: Sinistcha\n|move|p1a: Toxapex|Infestation|p2b: Cresselia\n|-supereffective|p2b: Cresselia\n|-damage|p2b: Cresselia|66\/100\n|move|p2b: Cresselia|Trick Room|p2b: Cresselia\n|-fieldstart|move: Trick Room|[of] p2b: Cresselia\n|\n|-heal|p1a: Toxapex|69\/100|[from] item: Black Sludge\n|-heal|p2b: Cresselia|72\/100|[from] item: Leftovers\n|-damage|p2a: Sinistcha|46\/100|[from] move: Infestation|[partiallytrapped]\n|-damage|p2b: Cresselia|60\/100|[from] move: Infestation|[partiallytrapped]\n|upkeep\n|turn|8\n|\n|t:|1699550298\n|move|p1a: Toxapex|Baneful Bunker|p1a: Toxapex\n|-singleturn|p1a: Toxapex|move: Protect\n|move|p2a: Sinistcha|Matcha Gotcha|p1b: Flamigo|[spread] p1b\n|-activate|p1a: Toxapex|move: Protect\n|-resisted|p1b: Flamigo\n|-activate|p1b: Flamigo|move: Substitute|[damage]\n|-heal|p2a: Sinistcha|54\/100|[from] drain|[of] p1b: Flamigo\n|move|p2b: Cresselia|Lunar Blessing|p2b: Cresselia|[spread] p2a,p2b\n|-heal|p2a: Sinistcha|79\/100\n|-heal|p2b: Cresselia|85\/100\n|move|p1b: Flamigo|Acrobatics|p2a: Sinistcha\n|-supereffective|p2a: Sinistcha\n|-damage|p2a: Sinistcha|0 fnt\n|faint|p2a: Sinistcha\n|\n|-heal|p1a: Toxapex|75\/100|[from] item: Black Sludge\n|-heal|p2b: Cresselia|91\/100|[from] item: Leftovers\n|-end|p2b: Cresselia|Infestation|[partiallytrapped]\n|upkeep\n|\n|t:|1699550317\n|switch|p2a: Ursaluna|Ursaluna-Bloodmoon, M|100\/100\n|turn|9\n|\n|t:|1699550339\n|-terastallize|p2a: Ursaluna|Ghost\n|move|p2a: Ursaluna|Earth Power|p1a: Toxapex\n|-supereffective|p1a: Toxapex\n|-damage|p1a: Toxapex|0 fnt\n|faint|p1a: Toxapex\n|move|p2b: Cresselia|Ice Beam|p1b: Flamigo\n|-supereffective|p1b: Flamigo\n|-end|p1b: Flamigo|Substitute\n|move|p1b: Flamigo|Low Sweep|p2a: Ursaluna\n|-immune|p2a: Ursaluna\n|\n|-heal|p2b: Cresselia|97\/100|[from] item: Leftovers\n|upkeep\n|\n|t:|1699550347\n|switch|p1a: Landorus|Landorus-Therian, M|100\/100\n|-ability|p1a: Landorus|Intimidate|boost\n|-unboost|p2a: Ursaluna|atk|1\n|-unboost|p2b: Cresselia|atk|1\n|turn|10\n|l| lemonademaker\n|\n|t:|1699550359\n|switch|p1a: Indeedee|Indeedee-F, F|100\/100\n|-fieldstart|move: Psychic Terrain|[from] ability: Psychic Surge|[of] p1a: Indeedee\n|move|p2a: Ursaluna|Blood Moon|p1b: Flamigo\n|-damage|p1b: Flamigo|0 fnt\n|faint|p1b: Flamigo\n|move|p2b: Cresselia|Ice Beam|p1a: Indeedee\n|-damage|p1a: Indeedee|85\/100\n|\n|-heal|p2b: Cresselia|100\/100|[from] item: Leftovers\n|upkeep\n|\n|t:|1699550366\n|switch|p1b: Landorus|Landorus-Therian, M|100\/100\n|-ability|p1b: Landorus|Intimidate|boost\n|-unboost|p2a: Ursaluna|atk|1\n|-unboost|p2b: Cresselia|atk|1\n|turn|11\n|\n|t:|1699550376\n|move|p2a: Ursaluna|Earth Power|p1a: Indeedee\n|-crit|p1a: Indeedee\n|-damage|p1a: Indeedee|14\/100\n|-unboost|p1a: Indeedee|spd|1\n|move|p2b: Cresselia|Ice Beam|p1b: Landorus\n|-supereffective|p1b: Landorus\n|-damage|p1b: Landorus|45\/100\n|move|p1a: Indeedee|Shadow Ball|p2a: Ursaluna\n|-supereffective|p2a: Ursaluna\n|-damage|p2a: Ursaluna|58\/100\n|move|p1b: Landorus|Crunch|p2a: Ursaluna\n|-supereffective|p2a: Ursaluna\n|-damage|p2a: Ursaluna|20\/100\n|-unboost|p2a: Ursaluna|def|1\n|\n|-heal|p2a: Ursaluna|26\/100|[from] item: Leftovers\n|-fieldend|move: Trick Room\n|upkeep\n|turn|12\n|\n|t:|1699550397\n|move|p2a: Ursaluna|Protect|p2a: Ursaluna\n|-singleturn|p2a: Ursaluna|Protect\n|move|p1b: Landorus|Crunch|p2b: Cresselia\n|-supereffective|p2b: Cresselia\n|-damage|p2b: Cresselia|60\/100\n|move|p1a: Indeedee|Shadow Ball|p2a: Ursaluna\n|-activate|p2a: Ursaluna|move: Protect\n|move|p2b: Cresselia|Ice Beam|p1b: Landorus\n|-supereffective|p1b: Landorus\n|-damage|p1b: Landorus|0 fnt\n|faint|p1b: Landorus\n|\n|-heal|p2b: Cresselia|66\/100|[from] item: Leftovers\n|-heal|p2a: Ursaluna|32\/100|[from] item: Leftovers\n|upkeep\n|turn|13\n|-message|vyt forfeited.\n|\n|win|Raining_Diamonds\n|raw|vyt's rating: 1251 &rarr; <strong>1235<\/strong><br \/>(-16 for losing)\n|raw|Raining_Diamonds's rating: 1375 &rarr; <strong>1388<\/strong><br \/>(+13 for winning)\n","uploadtime":1699550188,"views":8,"p1id":"vyt","p2id":"rainingdiamonds","formatid":"gen9doublesou","rating":1235,"private":0,"password":""}