{"id":"gen9doublesou-1975053235","p1":"An archaeologist","p2":"ChimeBliss","format":"[Gen 9] Doubles OU","log":"|j|\u2606An archaeologist\n|j|\u2606ChimeBliss\n|t:|1698158226\n|gametype|doubles\n|player|p1|An archaeologist|hiker-gen4|1335\n|player|p2|ChimeBliss|dawn-gen4pt|1414\n|teamsize|p1|6\n|teamsize|p2|6\n|gen|9\n|tier|[Gen 9] Doubles OU\n|rated|\n|rule|Species Clause: Limit one of each Pok\u00e9mon\n|rule|OHKO Clause: OHKO moves are banned\n|rule|Evasion Moves Clause: Evasion moves are banned\n|rule|Gravity Sleep Clause: The combination of sleep-inducing moves with imperfect accuracy and Gravity or Gigantamax Orbeetle are banned\n|rule|Endless Battle Clause: Forcing endless battles is banned\n|rule|HP Percentage Mod: HP is shown in percentages\n|clearpoke\n|poke|p1|Pelipper, F|\n|poke|p1|Drednaw, F|\n|poke|p1|Basculegion-F, F|\n|poke|p1|Vikavolt, F|\n|poke|p1|Iron Hands|\n|poke|p1|Murkrow, M|\n|poke|p2|Chien-Pao|\n|poke|p2|Tornadus, M|\n|poke|p2|Dragonite, F|\n|poke|p2|Chi-Yu|\n|poke|p2|Flutter Mane|\n|poke|p2|Landorus, M|\n|teampreview\n|inactive|Battle timer is ON: inactive players will automatically lose when time's up. (requested by ChimeBliss)\n|inactive|ChimeBliss has 120 seconds left.\n|\n|t:|1698158261\n|start\n|switch|p1a: Pelipper|Pelipper, F|100\/100\n|switch|p1b: Drednaw|Drednaw, F|100\/100\n|switch|p2a: Tornadus|Tornadus, M|100\/100\n|switch|p2b: Flutter Mane|Flutter Mane|100\/100\n|-weather|RainDance|[from] ability: Drizzle|[of] p1a: Pelipper\n|turn|1\n|\n|t:|1698158278\n|move|p2a: Tornadus|Tailwind|p2a: Tornadus\n|-sidestart|p2: ChimeBliss|move: Tailwind\n|move|p2b: Flutter Mane|Moonblast|p1b: Drednaw\n|-enditem|p1b: Drednaw|Focus Sash\n|-damage|p1b: Drednaw|1\/100\n|move|p1b: Drednaw|Liquidation|p2b: Flutter Mane\n|-damage|p2b: Flutter Mane|0 fnt\n|faint|p2b: Flutter Mane\n|-end|p2b: Flutter Mane|Protosynthesis|[silent]\n|move|p1a: Pelipper|Weather Ball|p2a: Tornadus\n|-damage|p2a: Tornadus|8\/100\n|\n|-weather|RainDance|[upkeep]\n|upkeep\n|\n|t:|1698158292\n|switch|p2b: Chi-Yu|Chi-Yu|100\/100\n|-ability|p2b: Chi-Yu|Beads of Ruin\n|turn|2\n|\n|t:|1698158307\n|move|p2b: Chi-Yu|Dark Pulse|p1a: Pelipper\n|-damage|p1a: Pelipper|13\/100\n|move|p2a: Tornadus|Bleakwind Storm|p1b: Drednaw|[spread] p1a,p1b\n|-resisted|p1b: Drednaw\n|-damage|p1a: Pelipper|0 fnt\n|-damage|p1b: Drednaw|0 fnt\n|faint|p1a: Pelipper\n|faint|p1b: Drednaw\n|\n|-weather|RainDance|[upkeep]\n|upkeep\n|\n|t:|1698158323\n|switch|p1b: Iron Hands|Iron Hands|100\/100\n|switch|p1a: Vikavolt|Vikavolt, F|100\/100\n|-enditem|p1b: Iron Hands|Booster Energy\n|-activate|p1b: Iron Hands|ability: Quark Drive|[fromitem]\n|-start|p1b: Iron Hands|quarkdriveatk\n|turn|3\n|\n|t:|1698158335\n|move|p1b: Iron Hands|Fake Out|p2a: Tornadus\n|-damage|p2a: Tornadus|0 fnt\n|faint|p2a: Tornadus\n|move|p2b: Chi-Yu|Dark Pulse|p1a: Vikavolt\n|-damage|p1a: Vikavolt|36\/100\n|move|p1a: Vikavolt|Bug Buzz|p2b: Chi-Yu\n|-damage|p2b: Chi-Yu|33\/100\n|-enditem|p1a: Vikavolt|Throat Spray\n|-boost|p1a: Vikavolt|spa|1|[from] item: Throat Spray\n|\n|-weather|RainDance|[upkeep]\n|upkeep\n|\n|t:|1698158347\n|switch|p2a: Landorus|Landorus, M|100\/100\n|turn|4\n|\n|t:|1698158356\n|move|p2b: Chi-Yu|Dark Pulse|p1a: Vikavolt\n|-damage|p1a: Vikavolt|0 fnt\n|faint|p1a: Vikavolt\n|move|p2a: Landorus|Earth Power|p1b: Iron Hands\n|-supereffective|p1b: Iron Hands\n|-damage|p1b: Iron Hands|0 fnt\n|faint|p1b: Iron Hands\n|-end|p1b: Iron Hands|Quark Drive|[silent]\n|\n|-weather|RainDance|[upkeep]\n|-sideend|p2: ChimeBliss|move: Tailwind\n|upkeep\n|\n|t:|1698158367\n|switch|p1b: Murkrow|Murkrow, M|100\/100\n|switch|p1a: Basculegion|Basculegion-F, F|100\/100\n|turn|5\n|\n|t:|1698158391\n|-terastallize|p1a: Basculegion|Ghost\n|move|p1b: Murkrow|Tailwind|p1b: Murkrow\n|-sidestart|p1: An archaeologist|move: Tailwind\n|move|p1a: Basculegion|Last Respects|p2b: Chi-Yu\n|-resisted|p2b: Chi-Yu\n|-damage|p2b: Chi-Yu|0 fnt\n|faint|p2b: Chi-Yu\n|-damage|p1a: Basculegion|91\/100|[from] item: Life Orb\n|move|p2a: Landorus|Earth Power|p1a: Basculegion\n|-damage|p1a: Basculegion|12\/100\n|\n|-weather|RainDance|[upkeep]\n|upkeep\n|\n|t:|1698158399\n|switch|p2b: Chien-Pao|Chien-Pao|100\/100\n|-ability|p2b: Chien-Pao|Sword of Ruin\n|turn|6\n|\n|t:|1698158415\n|move|p2b: Chien-Pao|Sucker Punch|p1a: Basculegion\n|-supereffective|p1a: Basculegion\n|-damage|p1a: Basculegion|0 fnt\n|faint|p1a: Basculegion\n|move|p1b: Murkrow|U-turn|p2b: Chien-Pao\n|-supereffective|p2b: Chien-Pao\n|-damage|p2b: Chien-Pao|63\/100\n|move|p2a: Landorus|Sludge Bomb|p1b: Murkrow\n|-damage|p1b: Murkrow|39\/100\n|\n|-weather|RainDance|[upkeep]\n|-heal|p1b: Murkrow|45\/100|[from] item: Leftovers\n|upkeep\n|turn|7\n|\n|t:|1698158429\n|move|p1b: Murkrow|U-turn|p2b: Chien-Pao\n|-supereffective|p2b: Chien-Pao\n|-damage|p2b: Chien-Pao|25\/100\n|move|p2b: Chien-Pao|Ice Spinner|p1b: Murkrow\n|-supereffective|p1b: Murkrow\n|-crit|p1b: Murkrow\n|-damage|p1b: Murkrow|0 fnt\n|faint|p1b: Murkrow\n|\n|win|ChimeBliss\n|raw|An archaeologist's rating: 1335 &rarr; <strong>1319<\/strong><br \/>(-16 for losing)\n|raw|ChimeBliss's rating: 1414 &rarr; <strong>1430<\/strong><br \/>(+16 for winning)\n","uploadtime":1698158433,"views":10,"p1id":"anarchaeologist","p2id":"chimebliss","formatid":"gen9doublesou","rating":1319,"private":0,"password":""}