{"id":"gen9doublesou-1970503996","p1":"Connman361","p2":"AncientFuture","format":"[Gen 9] Doubles OU","log":"|j|\u2606Connman361\n|j|\u2606AncientFuture\n|t:|1697644088\n|gametype|doubles\n|player|p1|Connman361|hoopster|1482\n|player|p2|AncientFuture|zinzolin|1598\n|teamsize|p1|6\n|teamsize|p2|6\n|gen|9\n|tier|[Gen 9] Doubles OU\n|rated|\n|rule|Species Clause: Limit one of each Pok\u00e9mon\n|rule|OHKO Clause: OHKO moves are banned\n|rule|Evasion Moves Clause: Evasion moves are banned\n|rule|Gravity Sleep Clause: The combination of sleep-inducing moves with imperfect accuracy and Gravity or Gigantamax Orbeetle are banned\n|rule|Endless Battle Clause: Forcing endless battles is banned\n|rule|HP Percentage Mod: HP is shown in percentages\n|clearpoke\n|poke|p1|Fezandipiti, M|\n|poke|p1|Kingambit, M|\n|poke|p1|Okidogi, M|\n|poke|p1|Rillaboom, F|\n|poke|p1|Landorus-Therian, M|\n|poke|p1|Iron Bundle|\n|poke|p2|Grimmsnarl, M|\n|poke|p2|Sinistcha|\n|poke|p2|Goodra-Hisui, F|\n|poke|p2|Gastrodon-East, M|\n|poke|p2|Iron Hands|\n|poke|p2|Landorus-Therian, M|\n|teampreview\n|inactive|Battle timer is ON: inactive players will automatically lose when time's up. (requested by AncientFuture)\n|\n|t:|1697644117\n|start\n|switch|p1a: Fezandipiti|Fezandipiti, M|100\/100\n|switch|p1b: Kingambit|Kingambit, M|100\/100\n|switch|p2a: Grimmsnarl|Grimmsnarl, M|100\/100\n|switch|p2b: Goodra|Goodra-Hisui, F|100\/100\n|turn|1\n|\n|t:|1697644128\n|move|p2a: Grimmsnarl|Reflect|p2a: Grimmsnarl\n|-sidestart|p2: AncientFuture|Reflect\n|move|p1a: Fezandipiti|Taunt|p2a: Grimmsnarl\n|-start|p2a: Grimmsnarl|move: Taunt\n|move|p1b: Kingambit|Swords Dance|p1b: Kingambit\n|-boost|p1b: Kingambit|atk|2\n|move|p2b: Goodra|Shelter|p2b: Goodra\n|-boost|p2b: Goodra|def|2\n|\n|upkeep\n|turn|2\n|\n|t:|1697644143\n|switch|p2a: Iron Hands|Iron Hands|100\/100\n|switch|p1b: Landorus|Landorus-Therian, M|100\/100\n|-ability|p1b: Landorus|Intimidate|boost\n|-unboost|p2a: Iron Hands|atk|1\n|-unboost|p2b: Goodra|atk|1\n|move|p1a: Fezandipiti|Taunt|p2b: Goodra\n|-start|p2b: Goodra|move: Taunt\n|cant|p2b: Goodra|move: Taunt|Shelter\n|\n|upkeep\n|turn|3\n|\n|t:|1697644161\n|move|p2a: Iron Hands|Fake Out|p1a: Fezandipiti\n|-damage|p1a: Fezandipiti|89\/100\n|cant|p1a: Fezandipiti|flinch\n|move|p1b: Landorus|Stealth Rock|p2a: Iron Hands\n|-sidestart|p2: AncientFuture|move: Stealth Rock\n|move|p2b: Goodra|Flash Cannon|p1a: Fezandipiti\n|-supereffective|p1a: Fezandipiti\n|-damage|p1a: Fezandipiti|45\/100\n|\n|-heal|p1a: Fezandipiti|51\/100|[from] item: Black Sludge\n|upkeep\n|turn|4\n|\n|t:|1697644180\n|move|p1a: Fezandipiti|Roost|p1a: Fezandipiti\n|-heal|p1a: Fezandipiti|100\/100\n|-singleturn|p1a: Fezandipiti|move: Roost\n|move|p1b: Landorus|Stomping Tantrum|p2a: Iron Hands\n|-supereffective|p2a: Iron Hands\n|-damage|p2a: Iron Hands|61\/100\n|move|p2a: Iron Hands|Heavy Slam|p1a: Fezandipiti\n|-supereffective|p1a: Fezandipiti\n|-damage|p1a: Fezandipiti|40\/100\n|move|p2b: Goodra|Flash Cannon|p1a: Fezandipiti\n|-supereffective|p1a: Fezandipiti\n|-damage|p1a: Fezandipiti|0 fnt\n|faint|p1a: Fezandipiti\n|\n|-end|p2b: Goodra|move: Taunt\n|upkeep\n|\n|t:|1697644191\n|switch|p1a: Iron Bundle|Iron Bundle|100\/100\n|turn|5\n|\n|t:|1697644197\n|move|p1a: Iron Bundle|Blizzard|p2a: Iron Hands|[spread] p2a,p2b\n|-damage|p2a: Iron Hands|31\/100\n|-damage|p2b: Goodra|62\/100\n|move|p1b: Landorus|Stomping Tantrum|p2a: Iron Hands\n|-supereffective|p2a: Iron Hands\n|-damage|p2a: Iron Hands|0 fnt\n|faint|p2a: Iron Hands\n|-end|p2a: Iron Hands|Quark Drive|[silent]\n|move|p2b: Goodra|Shelter|p2b: Goodra\n|-boost|p2b: Goodra|def|2\n|\n|-heal|p2b: Goodra|68\/100|[from] item: Leftovers\n|upkeep\n|\n|t:|1697644208\n|switch|p2a: Grimmsnarl|Grimmsnarl, M|100\/100\n|-damage|p2a: Grimmsnarl|88\/100|[from] Stealth Rock\n|turn|6\n|\n|t:|1697644217\n|move|p2a: Grimmsnarl|Light Screen|p2a: Grimmsnarl\n|-sidestart|p2: AncientFuture|move: Light Screen\n|move|p1a: Iron Bundle|Blizzard|p2a: Grimmsnarl|[spread] p2a,p2b\n|-damage|p2a: Grimmsnarl|53\/100\n|-damage|p2b: Goodra|40\/100\n|-status|p2b: Goodra|frz\n|move|p1b: Landorus|Taunt|p2b: Goodra\n|-start|p2b: Goodra|move: Taunt\n|cant|p2b: Goodra|frz\n|\n|-heal|p2b: Goodra|46\/100 frz|[from] item: Leftovers\n|upkeep\n|turn|7\n|\n|t:|1697644235\n|move|p1a: Iron Bundle|Blizzard|p2a: Grimmsnarl|[spread] p2a,p2b\n|-damage|p2a: Grimmsnarl|18\/100\n|-damage|p2b: Goodra|17\/100 frz\n|move|p1b: Landorus|U-turn|p2b: Goodra\n|-resisted|p2b: Goodra\n|-damage|p2b: Goodra|15\/100 frz\n|\n|t:|1697644244\n|switch|p1b: Okidogi|Okidogi, M|100\/100|[from] U-turn\n|move|p2a: Grimmsnarl|Spirit Break|p1b: Okidogi\n|-damage|p1b: Okidogi|77\/100\n|-unboost|p1b: Okidogi|spa|1\n|-curestatus|p2b: Goodra|frz|[msg]\n|move|p2b: Goodra|Body Press|p1a: Iron Bundle\n|-supereffective|p1a: Iron Bundle\n|-damage|p1a: Iron Bundle|0 fnt\n|faint|p1a: Iron Bundle\n|-end|p1a: Iron Bundle|Quark Drive|[silent]\n|\n|-heal|p2b: Goodra|21\/100|[from] item: Leftovers\n|upkeep\n|\n|t:|1697644254\n|switch|p1a: Landorus|Landorus-Therian, M|100\/100\n|-ability|p1a: Landorus|Intimidate|boost\n|-unboost|p2a: Grimmsnarl|atk|1\n|-unboost|p2b: Goodra|atk|1\n|turn|8\n|\n|t:|1697644265\n|switch|p2a: Sinistcha|Sinistcha|100\/100\n|-damage|p2a: Sinistcha|88\/100|[from] Stealth Rock\n|-heal|p2b: Goodra|46\/100|[from] ability: Hospitality|[of] p2a: Sinistcha\n|-terastallize|p2b: Goodra|Water\n|move|p1a: Landorus|Stomping Tantrum|p2b: Goodra\n|-damage|p2b: Goodra|40\/100\n|move|p1b: Okidogi|Drain Punch|p2b: Goodra\n|-damage|p2b: Goodra|34\/100\n|-heal|p1b: Okidogi|80\/100|[from] drain|[of] p2b: Goodra\n|-status|p2b: Goodra|tox|[from] ability: Toxic Chain|[of] p1b: Okidogi\n|move|p2b: Goodra|Body Press|p1b: Okidogi\n|-resisted|p1b: Okidogi\n|-damage|p1b: Okidogi|51\/100\n|\n|-heal|p2b: Goodra|40\/100 tox|[from] item: Leftovers\n|-damage|p2b: Goodra|34\/100 tox|[from] psn\n|-end|p2b: Goodra|move: Taunt\n|-sideend|p2: AncientFuture|Reflect\n|upkeep\n|turn|9\n|inactive|AncientFuture has 120 seconds left.\n|\n|t:|1697644299\n|move|p1a: Landorus|Taunt|p2a: Sinistcha\n|-start|p2a: Sinistcha|move: Taunt\n|-enditem|p2a: Sinistcha|Mental Herb\n|-end|p2a: Sinistcha|move: Taunt\n|move|p1b: Okidogi|Gunk Shot|p2a: Sinistcha\n|-damage|p2a: Sinistcha|44\/100\n|-status|p2a: Sinistcha|tox|[from] ability: Toxic Chain|[of] p1b: Okidogi\n|move|p2b: Goodra|Body Press|p1b: Okidogi\n|-resisted|p1b: Okidogi\n|-damage|p1b: Okidogi|25\/100\n|move|p2a: Sinistcha|Trick Room|p2a: Sinistcha\n|-fieldstart|move: Trick Room|[of] p2a: Sinistcha\n|\n|-heal|p2b: Goodra|40\/100 tox|[from] item: Leftovers\n|-damage|p2b: Goodra|28\/100 tox|[from] psn\n|-damage|p2a: Sinistcha|38\/100 tox|[from] psn\n|upkeep\n|turn|10\n|inactive|Connman361 has 120 seconds left.\n|\n|t:|1697644339\n|-terastallize|p1b: Okidogi|Flying\n|move|p2b: Goodra|Body Press|p1b: Okidogi\n|-resisted|p1b: Okidogi\n|-damage|p1b: Okidogi|0 fnt\n|faint|p1b: Okidogi\n|move|p2a: Sinistcha|Strength Sap|p1a: Landorus\n|-unboost|p1a: Landorus|atk|1\n|-heal|p2a: Sinistcha|100\/100 tox\n|move|p1a: Landorus|Taunt|p2a: Sinistcha\n|-start|p2a: Sinistcha|move: Taunt\n|\n|-heal|p2b: Goodra|34\/100 tox|[from] item: Leftovers\n|-damage|p2b: Goodra|16\/100 tox|[from] psn\n|-damage|p2a: Sinistcha|88\/100 tox|[from] psn\n|upkeep\n|\n|t:|1697644353\n|switch|p1b: Rillaboom|Rillaboom, F|100\/100\n|-fieldstart|move: Grassy Terrain|[from] ability: Grassy Surge|[of] p1b: Rillaboom\n|turn|11\n|\n|t:|1697644362\n|move|p1b: Rillaboom|Fake Out|p2b: Goodra\n|-damage|p2b: Goodra|12\/100 tox\n|cant|p2b: Goodra|flinch\n|move|p2a: Sinistcha|Matcha Gotcha|p1b: Rillaboom|[spread] p1a,p1b\n|-resisted|p1b: Rillaboom\n|-crit|p1b: Rillaboom\n|-damage|p1a: Landorus|66\/100\n|-heal|p2a: Sinistcha|100\/100 tox|[from] drain|[of] p1a: Landorus\n|-damage|p1b: Rillaboom|82\/100\n|move|p1a: Landorus|U-turn|p2b: Goodra\n|-damage|p2b: Goodra|7\/100 tox\n|inactive|Connman361 has 120 seconds left.\n|\n|t:|1697644373\n|switch|p1a: Kingambit|Kingambit, M|100\/100|[from] U-turn\n|\n|-heal|p2b: Goodra|13\/100 tox|[from] Grassy Terrain\n|-heal|p2b: Goodra|19\/100 tox|[from] item: Leftovers\n|-heal|p1b: Rillaboom|88\/100|[from] Grassy Terrain\n|-damage|p2b: Goodra|0 fnt|[from] psn\n|faint|p2b: Goodra\n|-damage|p2a: Sinistcha|82\/100 tox|[from] psn\n|upkeep\n|\n|t:|1697644377\n|switch|p2b: Gastrodon|Gastrodon-East, M|100\/100\n|-damage|p2b: Gastrodon|94\/100|[from] Stealth Rock\n|turn|12\n|\n|t:|1697644392\n|switch|p2b: Grimmsnarl|Grimmsnarl, M|18\/100\n|-damage|p2b: Grimmsnarl|6\/100|[from] Stealth Rock\n|move|p1a: Kingambit|Protect|p1a: Kingambit\n|-singleturn|p1a: Kingambit|Protect\n|move|p2a: Sinistcha|Matcha Gotcha|p1a: Kingambit|[spread] p1b\n|-activate|p1a: Kingambit|move: Protect\n|-resisted|p1b: Rillaboom\n|-damage|p1b: Rillaboom|76\/100\n|-heal|p2a: Sinistcha|90\/100 tox|[from] drain|[of] p1b: Rillaboom\n|move|p1b: Rillaboom|Wood Hammer|p2b: Grimmsnarl\n|-damage|p2b: Grimmsnarl|0 fnt\n|faint|p2b: Grimmsnarl\n|-damage|p1b: Rillaboom|75\/100|[from] Recoil\n|\n|-heal|p2a: Sinistcha|96\/100 tox|[from] Grassy Terrain\n|-heal|p1b: Rillaboom|81\/100|[from] Grassy Terrain\n|-damage|p2a: Sinistcha|72\/100 tox|[from] psn\n|upkeep\n|\n|t:|1697644407\n|switch|p2b: Gastrodon|Gastrodon-East, M|94\/100\n|-damage|p2b: Gastrodon|88\/100|[from] Stealth Rock\n|turn|13\n|\n|t:|1697644420\n|move|p2b: Gastrodon|Earth Power|p1a: Kingambit\n|-supereffective|p1a: Kingambit\n|-damage|p1a: Kingambit|44\/100\n|move|p2a: Sinistcha|Matcha Gotcha|p1b: Rillaboom|[spread] p1a,p1b\n|-resisted|p1a: Kingambit\n|-resisted|p1b: Rillaboom\n|-damage|p1a: Kingambit|26\/100\n|-heal|p2a: Sinistcha|82\/100 tox|[from] drain|[of] p1a: Kingambit\n|-damage|p1b: Rillaboom|68\/100\n|-heal|p2a: Sinistcha|90\/100 tox|[from] drain|[of] p1b: Rillaboom\n|-status|p1a: Kingambit|brn\n|move|p1a: Kingambit|Swords Dance|p1a: Kingambit\n|-boost|p1a: Kingambit|atk|2\n|move|p1b: Rillaboom|Wood Hammer|p2b: Gastrodon\n|-supereffective|p2b: Gastrodon\n|-damage|p2b: Gastrodon|0 fnt\n|faint|p2b: Gastrodon\n|-damage|p1b: Rillaboom|38\/100|[from] Recoil\n|\n|-heal|p2a: Sinistcha|96\/100 tox|[from] Grassy Terrain\n|-heal|p1a: Kingambit|33\/100 brn|[from] Grassy Terrain\n|-heal|p1b: Rillaboom|44\/100|[from] Grassy Terrain\n|-damage|p2a: Sinistcha|66\/100 tox|[from] psn\n|-damage|p1a: Kingambit|26\/100 brn|[from] brn\n|-end|p2a: Sinistcha|move: Taunt\n|-sideend|p2: AncientFuture|move: Light Screen\n|-fieldend|move: Trick Room\n|upkeep\n|\n|t:|1697644433\n|switch|p2b: Landorus|Landorus-Therian, M|100\/100\n|-damage|p2b: Landorus|88\/100|[from] Stealth Rock\n|-ability|p2b: Landorus|Intimidate|boost\n|-unboost|p1a: Kingambit|atk|1\n|-ability|p1a: Kingambit|Defiant|boost\n|-boost|p1a: Kingambit|atk|2\n|-unboost|p1b: Rillaboom|atk|1\n|turn|14\n|\n|t:|1697644449\n|switch|p1b: Landorus|Landorus-Therian, M|66\/100\n|-ability|p1b: Landorus|Intimidate|boost\n|-unboost|p2a: Sinistcha|atk|1\n|-unboost|p2b: Landorus|atk|1\n|move|p1a: Kingambit|Sucker Punch|p2b: Landorus\n|-damage|p2b: Landorus|18\/100\n|move|p2b: Landorus|Sandsear Storm|p1b: Landorus|[spread] p1a\n|-immune|p1b: Landorus\n|-supereffective|p1a: Kingambit\n|-damage|p1a: Kingambit|0 fnt\n|faint|p1a: Kingambit\n|move|p2a: Sinistcha|Matcha Gotcha|p1b: Landorus\n|-damage|p1b: Landorus|18\/100\n|-heal|p2a: Sinistcha|94\/100 tox|[from] drain|[of] p1b: Landorus\n|-status|p1b: Landorus|brn\n|-enditem|p1b: Landorus|Sitrus Berry|[eat]\n|-heal|p1b: Landorus|43\/100 brn|[from] item: Sitrus Berry\n|\n|-heal|p2a: Sinistcha|99\/100 tox|[from] Grassy Terrain\n|-damage|p2a: Sinistcha|63\/100 tox|[from] psn\n|-damage|p1b: Landorus|37\/100 brn|[from] brn\n|upkeep\n|\n|t:|1697644459\n|switch|p1a: Rillaboom|Rillaboom, F|44\/100\n|turn|15\n|\n|t:|1697644475\n|move|p1a: Rillaboom|Fake Out|p2b: Landorus\n|-damage|p2b: Landorus|2\/100\n|cant|p2b: Landorus|flinch\n|move|p1b: Landorus|Taunt|p2a: Sinistcha\n|-start|p2a: Sinistcha|move: Taunt\n|move|p2a: Sinistcha|Matcha Gotcha|p1a: Rillaboom|[spread] p1a,p1b\n|-resisted|p1a: Rillaboom\n|-damage|p1a: Rillaboom|34\/100\n|-heal|p2a: Sinistcha|70\/100 tox|[from] drain|[of] p1a: Rillaboom\n|-damage|p1b: Landorus|1\/100 brn\n|-heal|p2a: Sinistcha|90\/100 tox|[from] drain|[of] p1b: Landorus\n|-status|p1a: Rillaboom|brn\n|\n|-heal|p1a: Rillaboom|40\/100 brn|[from] Grassy Terrain\n|-heal|p2a: Sinistcha|96\/100 tox|[from] Grassy Terrain\n|-damage|p2a: Sinistcha|54\/100 tox|[from] psn\n|-damage|p1b: Landorus|0 fnt|[from] brn\n|faint|p1b: Landorus\n|-damage|p1a: Rillaboom|34\/100 brn|[from] brn\n|-fieldend|move: Grassy Terrain\n|upkeep\n|turn|16\n|\n|t:|1697644495\n|move|p2b: Landorus|Sandsear Storm|p1a: Rillaboom\n|-resisted|p1a: Rillaboom\n|-damage|p1a: Rillaboom|18\/100 brn\n|move|p1a: Rillaboom|Wood Hammer|p2b: Landorus\n|-damage|p2b: Landorus|0 fnt\n|faint|p2b: Landorus\n|-damage|p1a: Rillaboom|18\/100 brn|[from] Recoil\n|move|p2a: Sinistcha|Matcha Gotcha|p1a: Rillaboom\n|-resisted|p1a: Rillaboom\n|-damage|p1a: Rillaboom|7\/100 brn\n|-heal|p2a: Sinistcha|61\/100 tox|[from] drain|[of] p1a: Rillaboom\n|\n|-damage|p2a: Sinistcha|12\/100 tox|[from] psn\n|-damage|p1a: Rillaboom|0 fnt|[from] brn\n|faint|p1a: Rillaboom\n|\n|win|AncientFuture\n|upkeep\n|raw|Connman361's rating: 1482 &rarr; <strong>1468<\/strong><br \/>(-14 for losing)\n|raw|AncientFuture's rating: 1598 &rarr; <strong>1612<\/strong><br \/>(+14 for winning)\n|l|\u2606Connman361\n","uploadtime":1697644516,"views":15,"p1id":"connman361","p2id":"ancientfuture","formatid":"gen9doublesou","rating":1468,"private":0,"password":""}