{"id":"gen9doublesou-1995171201","p1":"NotTony69","p2":"ApplinFan773","format":"[Gen 9] Doubles OU","log":"|j|\u2606NotTony69\n|j|\u2606ApplinFan773\n|t:|1700530548\n|gametype|doubles\n|player|p1|NotTony69|266|\n|player|p2|ApplinFan773|cilan|\n|teamsize|p1|6\n|teamsize|p2|6\n|gen|9\n|tier|[Gen 9] Doubles OU\n|rule|Species Clause: Limit one of each Pok\u00e9mon\n|rule|OHKO Clause: OHKO moves are banned\n|rule|Evasion Moves Clause: Evasion moves are banned\n|rule|Gravity Sleep Clause: The combination of sleep-inducing moves with imperfect accuracy and Gravity or Gigantamax Orbeetle are banned\n|rule|Endless Battle Clause: Forcing endless battles is banned\n|rule|HP Percentage Mod: HP is shown in percentages\n|clearpoke\n|poke|p1|Kingambit, F|\n|poke|p1|Tinkaton, F|\n|poke|p1|Dusclops, F|\n|poke|p1|Snorlax, M|\n|poke|p1|Chandelure, F|\n|poke|p1|Clefairy, F|\n|poke|p2|Torterra, M|\n|poke|p2|Rillaboom, M|\n|poke|p2|Basculegion-F, F|\n|poke|p2|Dragapult, F|\n|poke|p2|Sinistcha|\n|poke|p2|Chandelure, F|\n|teampreview\n|inactive|Battle timer is ON: inactive players will automatically lose when time's up. (requested by ApplinFan773)\n|\n|t:|1700530555\n|start\n|switch|p1a: Clefairy|Clefairy, F, shiny|100\/100\n|switch|p1b: Snorlax|Snorlax, M, shiny|100\/100\n|switch|p2a: Mauteh|Sinistcha, shiny|100\/100\n|switch|p2b: Hector|Rillaboom, M|100\/100\n|-fieldstart|move: Grassy Terrain|[from] ability: Grassy Surge|[of] p2b: Hector\n|turn|1\n|c|\u2606ApplinFan773|Oh ffs my rillaboom set is wrong\n|inactive|ApplinFan773 has 270 seconds left.\n|\n|t:|1700530592\n|-terastallize|p1b: Snorlax|Ghost\n|move|p1a: Clefairy|Protect|p1a: Clefairy\n|-singleturn|p1a: Clefairy|Protect\n|move|p2b: Hector|Grassy Glide|p1b: Snorlax\n|-damage|p1b: Snorlax|71\/100\n|move|p2a: Mauteh|Matcha Gotcha|p1a: Clefairy|[spread] p1b\n|-activate|p1a: Clefairy|move: Protect\n|-damage|p1b: Snorlax|57\/100\n|-status|p1b: Snorlax|brn\n|move|p1b: Snorlax|Belly Drum|p1b: Snorlax\n|-damage|p1b: Snorlax|7\/100 brn\n|-setboost|p1b: Snorlax|atk|6|[from] move: Belly Drum\n|-enditem|p1b: Snorlax|Sitrus Berry|[eat]\n|-heal|p1b: Snorlax|32\/100 brn|[from] item: Sitrus Berry\n|\n|-heal|p1b: Snorlax|38\/100 brn|[from] Grassy Terrain\n|-damage|p1b: Snorlax|32\/100 brn|[from] brn\n|upkeep\n|turn|2\n|c|\u2606NotTony69|Huh?\n|c|\u2606NotTony69|We can do 2 sets?\n|c|\u2606ApplinFan773|I just assumed we could tbh\n|inactive|ApplinFan773 has 270 seconds left.\n|inactiveoff|Battle timer is now OFF.\n|c|\u2606NotTony69|You're kidding me\n|c|\u2606ApplinFan773|We can redo round 1 and you just make new sets for your mons\n|c|\u2606NotTony69|Its too late\n|\n|t:|1700530659\n|move|p1b: Snorlax|Protect|p1b: Snorlax\n|-singleturn|p1b: Snorlax|Protect\n|move|p2b: Hector|Grassy Glide|p1b: Snorlax\n|-activate|p1b: Snorlax|move: Protect\n|move|p2a: Mauteh|Matcha Gotcha|p1a: Clefairy|[spread] p1a\n|-activate|p1b: Snorlax|move: Protect\n|-damage|p1a: Clefairy|78\/100\n|move|p1a: Clefairy|Heal Pulse|p1b: Snorlax\n|-activate|p1b: Snorlax|move: Protect\n|\n|-heal|p1a: Clefairy|84\/100|[from] Grassy Terrain\n|-heal|p1b: Snorlax|38\/100 brn|[from] Grassy Terrain\n|-damage|p1b: Snorlax|32\/100 brn|[from] brn\n|upkeep\n|turn|3\n|\n|t:|1700530685\n|move|p1a: Clefairy|Follow Me|p1a: Clefairy\n|-singleturn|p1a: Clefairy|move: Follow Me\n|move|p2b: Hector|Grassy Glide|p1a: Clefairy\n|-damage|p1a: Clefairy|25\/100\n|move|p2a: Mauteh|Matcha Gotcha|p1a: Clefairy|[spread] p1a,p1b\n|-damage|p1a: Clefairy|0 fnt\n|-damage|p1b: Snorlax|19\/100 brn\n|faint|p1a: Clefairy\n|move|p1b: Snorlax|Facade|p2a: Mauteh\n|-immune|p2a: Mauteh\n|\n|-heal|p1b: Snorlax|25\/100 brn|[from] Grassy Terrain\n|-damage|p1b: Snorlax|19\/100 brn|[from] brn\n|upkeep\n|\n|t:|1700530697\n|switch|p1a: Chandelure|Chandelure, F, shiny|100\/100\n|turn|4\n|\n|t:|1700530725\n|move|p2b: Hector|Grassy Glide|p1b: Snorlax\n|-damage|p1b: Snorlax|0 fnt\n|faint|p1b: Snorlax\n|move|p1a: Chandelure|Shadow Ball|p2a: Mauteh\n|-supereffective|p2a: Mauteh\n|-damage|p2a: Mauteh|14\/100\n|move|p2a: Mauteh|Matcha Gotcha|p1a: Chandelure\n|-resisted|p1a: Chandelure\n|-damage|p1a: Chandelure|72\/100\n|-heal|p2a: Mauteh|25\/100|[from] drain|[of] p1a: Chandelure\n|\n|-heal|p1a: Chandelure|78\/100|[from] Grassy Terrain\n|-heal|p2a: Mauteh|31\/100|[from] Grassy Terrain\n|upkeep\n|c|\u2606NotTony69|I am annoyed as heck\n|\n|t:|1700530738\n|switch|p1b: Tinkaton|Tinkaton, F, shiny|100\/100\n|-ability|p1b: Tinkaton|Mold Breaker\n|-item|p1b: Tinkaton|Air Balloon\n|turn|5\n|c|\u2606ApplinFan773|I can't blame you dude\n|\n|t:|1700530787\n|switch|p2a: Basculegion|Basculegion-F, F|100\/100\n|move|p1b: Tinkaton|Fake Out|p2b: Hector\n|-damage|p2b: Hector|94\/100\n|cant|p2b: Hector|flinch\n|move|p1a: Chandelure|Shadow Ball|p2a: Basculegion\n|-supereffective|p2a: Basculegion\n|-damage|p2a: Basculegion|10\/100\n|\n|-heal|p1a: Chandelure|84\/100|[from] Grassy Terrain\n|-heal|p2b: Hector|99\/100|[from] Grassy Terrain\n|-heal|p2a: Basculegion|16\/100|[from] Grassy Terrain\n|-fieldend|move: Grassy Terrain\n|upkeep\n|turn|6\n|\n|t:|1700530830\n|switch|p1a: Kingambit|Kingambit, F, shiny|100\/100\n|-activate|p1a: Kingambit|ability: Supreme Overlord\n|-start|p1a: Kingambit|fallen2|[silent]\n|switch|p2b: Mauteh|Sinistcha, shiny|31\/100\n|-heal|p2a: Basculegion|41\/100|[from] ability: Hospitality|[of] p2b: Mauteh\n|switch|p2a: Vincent|Torterra, M, shiny|100\/100\n|move|p1b: Tinkaton|Knock Off|p2a: Vincent\n|-damage|p2a: Vincent|87\/100\n|-enditem|p2a: Vincent|Loaded Dice|[from] move: Knock Off|[of] p1b: Tinkaton\n|\n|upkeep\n|turn|7\n|\n|t:|1700530851\n|switch|p1b: Dusclops|Dusclops, F, shiny|100\/100\n|-ability|p1b: Dusclops|Pressure\n|move|p2b: Mauteh|Rage Powder|p2b: Mauteh\n|-singleturn|p2b: Mauteh|move: Rage Powder\n|move|p1a: Kingambit|Sucker Punch||[still]\n|-fail|p1a: Kingambit\n|move|p2a: Vincent|Swords Dance|p2a: Vincent\n|-boost|p2a: Vincent|atk|2\n|\n|upkeep\n|turn|8\n|\n|t:|1700530879\n|-end|p1a: Kingambit|fallen2|[silent]\n|switch|p1a: Tinkaton|Tinkaton, F, shiny|100\/100\n|-ability|p1a: Tinkaton|Mold Breaker\n|-item|p1a: Tinkaton|Air Balloon\n|move|p2b: Mauteh|Rage Powder|p2b: Mauteh\n|-singleturn|p2b: Mauteh|move: Rage Powder\n|move|p2a: Vincent|Swords Dance|p2a: Vincent\n|-boost|p2a: Vincent|atk|2\n|move|p1b: Dusclops|Will-O-Wisp|p2b: Mauteh\n|-status|p2b: Mauteh|brn\n|\n|-damage|p2b: Mauteh|25\/100 brn|[from] brn\n|upkeep\n|turn|9\n|\n|t:|1700530910\n|move|p1a: Tinkaton|Knock Off|p2b: Mauteh\n|-supereffective|p2b: Mauteh\n|-damage|p2b: Mauteh|0 fnt\n|-enditem|p2b: Mauteh|Mental Herb|[from] move: Knock Off|[of] p1a: Tinkaton\n|faint|p2b: Mauteh\n|move|p2a: Vincent|High Horsepower|p1b: Dusclops\n|-damage|p1b: Dusclops|34\/100\n|move|p1b: Dusclops|Trick Room|p1b: Dusclops\n|-fieldstart|move: Trick Room|[of] p1b: Dusclops\n|\n|upkeep\n|\n|t:|1700530923\n|switch|p2b: Hanakko|Chandelure, F|100\/100\n|turn|10\n|\n|t:|1700530942\n|-terastallize|p2b: Hanakko|Grass\n|move|p2a: Vincent|Protect|p2a: Vincent\n|-singleturn|p2a: Vincent|Protect\n|move|p1b: Dusclops|Pain Split|p2a: Vincent\n|-activate|p2a: Vincent|move: Protect\n|move|p1a: Tinkaton|Knock Off|p2b: Hanakko\n|-damage|p2b: Hanakko|82\/100\n|-enditem|p2b: Hanakko|Life Orb|[from] move: Knock Off|[of] p1a: Tinkaton\n|move|p2b: Hanakko|Trick Room|p2b: Hanakko\n|-fieldend|move: Trick Room\n|\n|upkeep\n|turn|11\n|c|\u2606ApplinFan773|Im so sorry\n|\n|t:|1700530979\n|move|p1a: Tinkaton|Gigaton Hammer|p2b: Hanakko\n|-damage|p2b: Hanakko|29\/100\n|move|p2a: Vincent|High Horsepower|p1b: Dusclops\n|-damage|p1b: Dusclops|0 fnt\n|faint|p1b: Dusclops\n|move|p2b: Hanakko|Heat Wave|p1a: Tinkaton\n|-supereffective|p1a: Tinkaton\n|-damage|p1a: Tinkaton|2\/100\n|-enditem|p1a: Tinkaton|Air Balloon\n|\n|upkeep\n|c|\u2606NotTony69|I gave up\n|\n|t:|1700530989\n|switch|p1b: Chandelure|Chandelure, F, shiny|84\/100\n|turn|12\n|\n|t:|1700531015\n|move|p2b: Hanakko|Protect|p2b: Hanakko\n|-singleturn|p2b: Hanakko|Protect\n|move|p1b: Chandelure|Clear Smog|p2a: Vincent\n|-damage|p2a: Vincent|68\/100\n|-clearboost|p2a: Vincent\n|move|p1a: Tinkaton|Stealth Rock|p2a: Vincent\n|-sidestart|p2: ApplinFan773|move: Stealth Rock\n|move|p2a: Vincent|High Horsepower|p1b: Chandelure\n|-supereffective|p1b: Chandelure\n|-damage|p1b: Chandelure|0 fnt\n|faint|p1b: Chandelure\n|\n|upkeep\n|\n|t:|1700531025\n|switch|p1b: Kingambit|Kingambit, F, shiny|100\/100\n|-activate|p1b: Kingambit|ability: Supreme Overlord\n|-start|p1b: Kingambit|fallen4|[silent]\n|turn|13\n|\n|t:|1700531035\n|move|p1a: Tinkaton|Gigaton Hammer|p2b: Hanakko\n|-damage|p2b: Hanakko|0 fnt\n|faint|p2b: Hanakko\n|move|p2a: Vincent|Swords Dance|p2a: Vincent\n|-boost|p2a: Vincent|atk|2\n|move|p1b: Kingambit|Swords Dance|p1b: Kingambit\n|-boost|p1b: Kingambit|atk|2\n|\n|upkeep\n|\n|t:|1700531047\n|switch|p2b: Amelia|Dragapult, F, shiny|100\/100\n|-damage|p2b: Amelia|88\/100|[from] Stealth Rock\n|turn|14\n|\n|t:|1700531055\n|move|p2a: Vincent|Protect|p2a: Vincent\n|-singleturn|p2a: Vincent|Protect\n|move|p1b: Kingambit|Sucker Punch||[still]\n|-fail|p1b: Kingambit\n|move|p2b: Amelia|Reflect|p2b: Amelia\n|-sidestart|p2: ApplinFan773|Reflect\n|move|p1a: Tinkaton|Knock Off|p2a: Vincent\n|-activate|p2a: Vincent|move: Protect\n|\n|upkeep\n|turn|15\n|\n|t:|1700531076\n|move|p1b: Kingambit|Sucker Punch|p2a: Vincent\n|-damage|p2a: Vincent|0 fnt\n|faint|p2a: Vincent\n|move|p2b: Amelia|Dragon Darts|p1b: Kingambit\n|-resisted|p1b: Kingambit\n|-damage|p1b: Kingambit|92\/100\n|-anim|p2b: Amelia|Dragon Darts|p1b: Kingambit\n|-resisted|p1b: Kingambit\n|-crit|p1b: Kingambit\n|-damage|p1b: Kingambit|80\/100\n|move|p1a: Tinkaton|Knock Off|p2b: Amelia\n|-supereffective|p2b: Amelia\n|-damage|p2b: Amelia|59\/100\n|-enditem|p2b: Amelia|Light Clay|[from] move: Knock Off|[of] p1a: Tinkaton\n|\n|upkeep\n|\n|t:|1700531089\n|switch|p2a: Hector|Rillaboom, M|99\/100\n|-damage|p2a: Hector|87\/100|[from] Stealth Rock\n|-fieldstart|move: Grassy Terrain|[from] ability: Grassy Surge|[of] p2a: Hector\n|turn|16\n|c|\u2606ApplinFan773|You might actually still win this ok\n|c|\u2606ApplinFan773|*om\n|\n|t:|1700531109\n|move|p1b: Kingambit|Sucker Punch|p2b: Amelia\n|-supereffective|p2b: Amelia\n|-damage|p2b: Amelia|0 fnt\n|faint|p2b: Amelia\n|move|p1a: Tinkaton|Knock Off|p2a: Hector\n|-damage|p2a: Hector|76\/100\n|-enditem|p2a: Hector|Choice Band|[from] move: Knock Off|[of] p1a: Tinkaton\n|move|p2a: Hector|High Horsepower|p1b: Kingambit\n|-supereffective|p1b: Kingambit\n|-damage|p1b: Kingambit|29\/100\n|\n|-heal|p1a: Tinkaton|8\/100|[from] Grassy Terrain\n|-heal|p2a: Hector|82\/100|[from] Grassy Terrain\n|-heal|p1b: Kingambit|35\/100|[from] Grassy Terrain\n|upkeep\n|\n|t:|1700531118\n|switch|p2b: Basculegion|Basculegion-F, F|41\/100\n|-damage|p2b: Basculegion|29\/100|[from] Stealth Rock\n|turn|17\n|\n|t:|1700531132\n|move|p1b: Kingambit|Sucker Punch|p2a: Hector\n|-damage|p2a: Hector|0 fnt\n|faint|p2a: Hector\n|move|p1a: Tinkaton|Knock Off|p2b: Basculegion\n|-supereffective|p2b: Basculegion\n|-damage|p2b: Basculegion|4\/100\n|-enditem|p2b: Basculegion|Life Orb|[from] move: Knock Off|[of] p1a: Tinkaton\n|move|p2b: Basculegion|Hydro Pump|p1b: Kingambit\n|-damage|p1b: Kingambit|0 fnt\n|faint|p1b: Kingambit\n|-end|p1b: Kingambit|fallen4|[silent]\n|\n|-heal|p1a: Tinkaton|14\/100|[from] Grassy Terrain\n|-heal|p2b: Basculegion|10\/100|[from] Grassy Terrain\n|upkeep\n|turn|18\n|c|\u2606ApplinFan773|Dammit\n|\n|t:|1700531150\n|move|p2b: Basculegion|Protect|p2b: Basculegion\n|-singleturn|p2b: Basculegion|Protect\n|move|p1a: Tinkaton|Knock Off|p2b: Basculegion\n|-activate|p2b: Basculegion|move: Protect\n|\n|-heal|p1a: Tinkaton|21\/100|[from] Grassy Terrain\n|-heal|p2b: Basculegion|16\/100|[from] Grassy Terrain\n|upkeep\n|turn|19\n|c|\u2606ApplinFan773|Kingambit dummy good, gg wp\n|\n|t:|1700531166\n|move|p1a: Tinkaton|Knock Off|p2b: Basculegion\n|-supereffective|p2b: Basculegion\n|-damage|p2b: Basculegion|0 fnt\n|faint|p2b: Basculegion\n|\n|win|NotTony69\n|c|\u2606NotTony69|gg\n","uploadtime":1700531172,"views":15,"p1id":"nottony69","p2id":"applinfan773","formatid":"gen9doublesou","rating":0,"private":0,"password":""}