{"id":"gen9doublesou-1996843113","p1":"Feh2007","p2":"Gghyjujj","format":"[Gen 9] Doubles OU","log":"|j|\u203dFeh2007\n|j|\u2606Gghyjujj\n|t:|1700734156\n|gametype|doubles\n|player|p1|Feh2007|kimonogirl|1085\n|player|p2|Gghyjujj|266|1000\n|teamsize|p1|6\n|teamsize|p2|6\n|gen|9\n|tier|[Gen 9] Doubles OU\n|rated|\n|rule|Species Clause: Limit one of each Pok\u00e9mon\n|rule|OHKO Clause: OHKO moves are banned\n|rule|Evasion Moves Clause: Evasion moves are banned\n|rule|Gravity Sleep Clause: The combination of sleep-inducing moves with imperfect accuracy and Gravity or Gigantamax Orbeetle are banned\n|rule|Endless Battle Clause: Forcing endless battles is banned\n|rule|HP Percentage Mod: HP is shown in percentages\n|clearpoke\n|poke|p1|Oricorio-Sensu, F|\n|poke|p1|Vivillon-Fancy, F|\n|poke|p1|Lilligant, F|\n|poke|p1|Volcarona, F|\n|poke|p1|Flamigo, F|\n|poke|p1|Torkoal, M|\n|poke|p2|Lilligant, F|\n|poke|p2|Oricorio-Pom-Pom, M|\n|poke|p2|Gastrodon, M|\n|poke|p2|Ogerpon-Wellspring, F|\n|poke|p2|Gliscor, F|\n|poke|p2|Ambipom, M|\n|teampreview\n|\n|t:|1700734165\n|start\n|switch|p1a: Oricorio|Oricorio-Sensu, F, shiny|100\/100\n|switch|p1b: Vivillon|Vivillon-Fancy, F, shiny|100\/100\n|switch|p2a: Lilligant|Lilligant, F|100\/100\n|switch|p2b: Oricorio|Oricorio-Pom-Pom, M|100\/100\n|turn|1\n|\n|t:|1700734187\n|-terastallize|p1a: Oricorio|Fire\n|move|p1a: Oricorio|Revelation Dance|p2a: Lilligant\n|-supereffective|p2a: Lilligant\n|-damage|p2a: Lilligant|0 fnt\n|faint|p2a: Lilligant\n|-activate|p2b: Oricorio|ability: Dancer\n|move|p2b: Oricorio|Revelation Dance|p1a: Oricorio|[from]ability: Dancer\n|-damage|p1a: Oricorio|39\/100\n|move|p2b: Oricorio|Quiver Dance|p2b: Oricorio\n|-boost|p2b: Oricorio|spa|1\n|-boost|p2b: Oricorio|spd|1\n|-boost|p2b: Oricorio|spe|1\n|-activate|p1a: Oricorio|ability: Dancer\n|move|p1a: Oricorio|Quiver Dance|p1a: Oricorio|[from]ability: Dancer\n|-boost|p1a: Oricorio|spa|1\n|-boost|p1a: Oricorio|spd|1\n|-boost|p1a: Oricorio|spe|1\n|move|p1b: Vivillon|Sleep Powder|p2b: Oricorio\n|-status|p2b: Oricorio|slp|[from] move: Sleep Powder\n|\n|-heal|p1a: Oricorio|46\/100|[from] item: Leftovers\n|upkeep\n|\n|t:|1700734207\n|switch|p2a: Ambipom|Ambipom, M|100\/100\n|turn|2\n|\n|t:|1700734229\n|-terastallize|p2a: Ambipom|Normal\n|move|p1a: Oricorio|Protect|p1a: Oricorio\n|-singleturn|p1a: Oricorio|Protect\n|move|p2a: Ambipom|Fake Out|p1a: Oricorio\n|-activate|p1a: Oricorio|move: Protect\n|cant|p2b: Oricorio|slp\n|move|p1b: Vivillon|Quiver Dance|p1b: Vivillon\n|-boost|p1b: Vivillon|spa|1\n|-boost|p1b: Vivillon|spd|1\n|-boost|p1b: Vivillon|spe|1\n|-activate|p2b: Oricorio|ability: Dancer\n|cant|p2b: Oricorio|slp\n|-activate|p1a: Oricorio|ability: Dancer\n|move|p1a: Oricorio|Quiver Dance|p1a: Oricorio|[from]ability: Dancer\n|-boost|p1a: Oricorio|spa|1\n|-boost|p1a: Oricorio|spd|1\n|-boost|p1a: Oricorio|spe|1\n|\n|-heal|p1a: Oricorio|52\/100|[from] item: Leftovers\n|upkeep\n|turn|3\n|\n|t:|1700734261\n|move|p1a: Oricorio|Revelation Dance|p2b: Oricorio\n|-damage|p2b: Oricorio|11\/100 slp\n|-activate|p2b: Oricorio|ability: Dancer\n|cant|p2b: Oricorio|slp\n|-curestatus|p2b: Oricorio|slp|[msg]\n|move|p2b: Oricorio|Revelation Dance|p1b: Vivillon\n|-supereffective|p1b: Vivillon\n|-enditem|p1b: Vivillon|Focus Sash\n|-damage|p1b: Vivillon|1\/100\n|-activate|p1a: Oricorio|ability: Dancer\n|move|p1a: Oricorio|Revelation Dance|p2b: Oricorio|[from]ability: Dancer\n|-damage|p2b: Oricorio|0 fnt\n|faint|p2b: Oricorio\n|move|p1b: Vivillon|Quiver Dance|p1b: Vivillon\n|-boost|p1b: Vivillon|spa|1\n|-boost|p1b: Vivillon|spd|1\n|-boost|p1b: Vivillon|spe|1\n|-activate|p1a: Oricorio|ability: Dancer\n|move|p1a: Oricorio|Quiver Dance|p1a: Oricorio|[from]ability: Dancer\n|-boost|p1a: Oricorio|spa|1\n|-boost|p1a: Oricorio|spd|1\n|-boost|p1a: Oricorio|spe|1\n|move|p2a: Ambipom|Double Hit|p1a: Oricorio\n|-damage|p1a: Oricorio|0 fnt\n|faint|p1a: Oricorio\n|-hitcount|p1: Oricorio|1\n|\n|upkeep\n|inactive|Battle timer is ON: inactive players will automatically lose when time's up. (requested by Gghyjujj)\n|\n|t:|1700734292\n|switch|p2b: Gliscor|Gliscor, F|100\/100\n|switch|p1a: Flamigo|Flamigo, F, shiny|100\/100\n|-copyboost|p1a: Flamigo|p1b: Vivillon|[from] ability: Costar\n|turn|4\n|\n|t:|1700734317\n|move|p1a: Flamigo|Air Slash|p2a: Ambipom\n|-damage|p2a: Ambipom|2\/100\n|-enditem|p2a: Ambipom|Figy Berry|[eat]\n|-heal|p2a: Ambipom|35\/100|[from] item: Figy Berry\n|move|p1b: Vivillon|Sleep Powder|p2b: Gliscor\n|-status|p2b: Gliscor|slp|[from] move: Sleep Powder\n|move|p2a: Ambipom|Double Hit|p1a: Flamigo\n|-damage|p1a: Flamigo|55\/100\n|-damage|p1a: Flamigo|9\/100\n|-hitcount|p1a: Flamigo|2\n|cant|p2b: Gliscor|slp\n|\n|upkeep\n|turn|5\n|\n|t:|1700734338\n|move|p1a: Flamigo|Copycat|p1a: Flamigo\n|move|p1a: Flamigo|Double Hit|p2a: Ambipom|[from]move: Copycat\n|-damage|p2a: Ambipom|22\/100\n|-damage|p2a: Ambipom|9\/100\n|-hitcount|p2a: Ambipom|2\n|move|p1b: Vivillon|Hurricane|p2a: Ambipom\n|-damage|p2a: Ambipom|0 fnt\n|faint|p2a: Ambipom\n|-curestatus|p2b: Gliscor|slp|[msg]\n|move|p2b: Gliscor|Dual Wingbeat|p1b: Vivillon|[miss]\n|-miss|p2b: Gliscor|p1b: Vivillon\n|\n|-status|p2b: Gliscor|tox|[from] item: Toxic Orb\n|upkeep\n|\n|t:|1700734342\n|switch|p2a: Ogerpon|Ogerpon-Wellspring, F|100\/100\n|turn|6\n|\n|t:|1700734363\n|move|p2a: Ogerpon|Spiky Shield|p2a: Ogerpon\n|-singleturn|p2a: Ogerpon|move: Protect\n|move|p1a: Flamigo|Air Slash|p2a: Ogerpon\n|-activate|p2a: Ogerpon|move: Protect\n|move|p1b: Vivillon|Hurricane|p2a: Ogerpon\n|-activate|p2a: Ogerpon|move: Protect\n|move|p2b: Gliscor|Rock Slide|p1b: Vivillon|[spread] p1a,p1b\n|-supereffective|p1b: Vivillon\n|-damage|p1a: Flamigo|0 fnt\n|-damage|p1b: Vivillon|0 fnt\n|faint|p1a: Flamigo\n|faint|p1b: Vivillon\n|\n|upkeep\n|inactive|Feh2007 has 120 seconds left.\n|\n|t:|1700734383\n|switch|p1a: Torkoal|Torkoal, M, shiny|100\/100\n|switch|p1b: Volcarona|Volcarona, F, shiny|100\/100\n|-weather|SunnyDay|[from] ability: Drought|[of] p1a: Torkoal\n|turn|7\n|\n|t:|1700734399\n|move|p2a: Ogerpon|Ivy Cudgel|p1a: Torkoal|[anim] Ivy Cudgel Water\n|-supereffective|p1a: Torkoal\n|-damage|p1a: Torkoal|44\/100\n|move|p1b: Volcarona|Fiery Dance|p2a: Ogerpon\n|-damage|p2a: Ogerpon|18\/100\n|-boost|p1b: Volcarona|spa|1\n|move|p2b: Gliscor|Rock Slide|p1b: Volcarona|[spread] p1a,p1b\n|-supereffective|p1a: Torkoal\n|-supereffective|p1b: Volcarona\n|-damage|p1a: Torkoal|20\/100\n|-damage|p1b: Volcarona|18\/100\n|-enditem|p1b: Volcarona|Sitrus Berry|[eat]\n|-heal|p1b: Volcarona|43\/100|[from] item: Sitrus Berry\n|move|p1a: Torkoal|Eruption|p2a: Ogerpon|[spread] p2a,p2b\n|-damage|p2a: Ogerpon|0 fnt\n|-damage|p2b: Gliscor|76\/100 tox\n|faint|p2a: Ogerpon\n|\n|-weather|SunnyDay|[upkeep]\n|-heal|p2b: Gliscor|89\/100 tox|[from] ability: Poison Heal\n|upkeep\n|\n|t:|1700734406\n|switch|p2a: Gastrodon|Gastrodon, M|100\/100\n|turn|8\n|l|\u2606Gghyjujj\n|inactive|Gghyjujj disconnected and has a minute to reconnect!\n|player|p2|\n|inactive|Feh2007 has 120 seconds left.\n|\n|t:|1700734448\n|move|p2a: Gastrodon|Helping Hand|p2b: Gliscor\n|-singleturn|p2b: Gliscor|Helping Hand|[of] p2a: Gastrodon\n|move|p1b: Volcarona|Fiery Dance|p2b: Gliscor\n|-damage|p2b: Gliscor|0 fnt\n|-boost|p1b: Volcarona|spa|1\n|faint|p2b: Gliscor\n|move|p1a: Torkoal|Earth Power|p2a: Gastrodon\n|-damage|p2a: Gastrodon|79\/100\n|\n|-weather|SunnyDay|[upkeep]\n|upkeep\n|turn|9\n|inactive|Feh2007 has 120 seconds left.\n|inactive|Gghyjujj has 30 seconds to reconnect!\n|inactive|Gghyjujj has 20 seconds to reconnect!\n|inactive|Gghyjujj has 15 seconds to reconnect!\n|inactive|Gghyjujj has 10 seconds to reconnect!\n|inactive|Gghyjujj has 5 seconds to reconnect!\n|-message|Gghyjujj lost due to inactivity.\n|\n|win|Feh2007\n|raw|Feh2007's rating: 1085 &rarr; <strong>1106<\/strong><br \/>(+21 for winning)\n|raw|Gghyjujj's rating: 1000 &rarr; <strong>1000<\/strong><br \/>(+0 for losing)\n","uploadtime":1700734526,"views":2,"p1id":"feh2007","p2id":"gghyjujj","formatid":"gen9doublesou","rating":1000,"private":0,"password":""}