{"id":"gen9doublesou-1968368573","p1":"Kingnick0825","p2":"Colinc222","format":"[Gen 9] Doubles OU","log":"|html|<div class=\"broadcast-blue\"><strong>[Gen 9] Doubles OU is currently suspecting Basculegion & Flutter Mane! For information on how to participate check out the <a href=\"https:\/\/www.smogon.com\/forums\/threads\/np-sv-dou-stage-8-double-trouble.3729153\/\">suspect thread<\/a>.<\/strong><\/div>\n|j|\u2606Kingnick0825\n|j|\u2606Colinc222\n|t:|1697410927\n|gametype|doubles\n|player|p1|Kingnick0825|steven|1318\n|player|p2|Colinc222|bugcatcher-gen4dp|1417\n|teamsize|p1|6\n|teamsize|p2|6\n|gen|9\n|tier|[Gen 9] Doubles OU\n|rated|\n|rule|Species Clause: Limit one of each Pok\u00e9mon\n|rule|OHKO Clause: OHKO moves are banned\n|rule|Evasion Moves Clause: Evasion moves are banned\n|rule|Gravity Sleep Clause: The combination of sleep-inducing moves with imperfect accuracy and Gravity or Gigantamax Orbeetle are banned\n|rule|Endless Battle Clause: Forcing endless battles is banned\n|rule|HP Percentage Mod: HP is shown in percentages\n|clearpoke\n|poke|p1|Chi-Yu|\n|poke|p1|Quaquaval, F|\n|poke|p1|Roaring Moon|\n|poke|p1|Clodsire, F|\n|poke|p1|Iron Valiant|\n|poke|p1|Rotom-Fan|\n|poke|p2|Dragonite, M|\n|poke|p2|Heatran, F|\n|poke|p2|Iron Hands|\n|poke|p2|Sinistcha-Masterpiece|\n|poke|p2|Landorus-Therian, M|\n|poke|p2|Grimmsnarl, M|\n|teampreview\n|inactive|Battle timer is ON: inactive players will automatically lose when time's up. (requested by Colinc222)\n|inactive|Kingnick0825 has 120 seconds left.\n|\n|t:|1697410958\n|start\n|switch|p1a: Clodsire|Clodsire, F|100\/100\n|switch|p1b: Rotom|Rotom-Fan|100\/100\n|switch|p2a: Iron Hands|Iron Hands|100\/100\n|switch|p2b: Grimmsnarl|Grimmsnarl, M|100\/100\n|turn|1\n|\n|t:|1697410975\n|move|p1b: Rotom|Protect|p1b: Rotom\n|-singleturn|p1b: Rotom|Protect\n|move|p2a: Iron Hands|Fake Out|p1a: Clodsire\n|-damage|p1a: Clodsire|86\/100\n|move|p2b: Grimmsnarl|Reflect|p2b: Grimmsnarl\n|-sidestart|p2: Colinc222|Reflect\n|cant|p1a: Clodsire|flinch\n|\n|upkeep\n|turn|2\n|\n|t:|1697410991\n|move|p2b: Grimmsnarl|Reflect||[still]\n|-fail|p2b: Grimmsnarl\n|move|p1b: Rotom|Air Slash|p2a: Iron Hands\n|-damage|p2a: Iron Hands|78\/100\n|cant|p2a: Iron Hands|flinch\n|move|p1a: Clodsire|Earthquake|p2a: Iron Hands|[spread] p2a,p2b\n|-immune|p1b: Rotom\n|-supereffective|p2a: Iron Hands\n|-damage|p2a: Iron Hands|54\/100\n|-damage|p2b: Grimmsnarl|81\/100\n|\n|upkeep\n|turn|3\n|\n|t:|1697411007\n|move|p2b: Grimmsnarl|Parting Shot|p1b: Rotom\n|-unboost|p1b: Rotom|atk|1\n|-unboost|p1b: Rotom|spa|1\n|\n|t:|1697411012\n|switch|p2b: Dragonite|Dragonite, M|100\/100|[from] Parting Shot\n|move|p1b: Rotom|Air Slash|p2a: Iron Hands\n|-damage|p2a: Iron Hands|39\/100\n|move|p2a: Iron Hands|Wild Charge|p1b: Rotom\n|-damage|p1b: Rotom|32\/100\n|-damage|p2a: Iron Hands|30\/100|[from] Recoil\n|move|p1a: Clodsire|Poison Jab|p2b: Dragonite\n|-damage|p2b: Dragonite|92\/100\n|\n|-heal|p1b: Rotom|38\/100|[from] item: Leftovers\n|upkeep\n|turn|4\n|\n|t:|1697411031\n|-end|p2a: Iron Hands|Quark Drive|[silent]\n|switch|p2a: Landorus|Landorus-Therian, M|100\/100\n|-ability|p2a: Landorus|Intimidate|boost\n|-unboost|p1a: Clodsire|atk|1\n|-unboost|p1b: Rotom|atk|1\n|move|p1b: Rotom|Protect|p1b: Rotom\n|-singleturn|p1b: Rotom|Protect\n|move|p2b: Dragonite|Extreme Speed|p1b: Rotom\n|-activate|p1b: Rotom|move: Protect\n|move|p1a: Clodsire|Toxic|p2b: Dragonite\n|-status|p2b: Dragonite|tox\n|\n|-heal|p1b: Rotom|44\/100|[from] item: Leftovers\n|-damage|p2b: Dragonite|86\/100 tox|[from] psn\n|upkeep\n|turn|5\n|\n|t:|1697411058\n|switch|p1a: Quaquaval|Quaquaval, F|100\/100\n|move|p2b: Dragonite|Extreme Speed|p1b: Rotom\n|-damage|p1b: Rotom|0 fnt\n|faint|p1b: Rotom\n|move|p2a: Landorus|Stomping Tantrum|p1a: Quaquaval\n|-damage|p1a: Quaquaval|37\/100\n|\n|-damage|p2b: Dragonite|73\/100 tox|[from] psn\n|upkeep\n|inactive|Kingnick0825 has 120 seconds left.\n|\n|t:|1697411080\n|switch|p1b: Roaring Moon|Roaring Moon|100\/100\n|-enditem|p1b: Roaring Moon|Booster Energy\n|-activate|p1b: Roaring Moon|ability: Protosynthesis|[fromitem]\n|-start|p1b: Roaring Moon|protosynthesisspe\n|turn|6\n|\n|t:|1697411090\n|switch|p2a: Sinistcha|Sinistcha-Masterpiece|100\/100\n|-heal|p2b: Dragonite|98\/100 tox|[from] ability: Hospitality|[of] p2a: Sinistcha\n|move|p2b: Dragonite|Extreme Speed|p1a: Quaquaval\n|-damage|p1a: Quaquaval|0 fnt\n|faint|p1a: Quaquaval\n|move|p1b: Roaring Moon|Dragon Claw|p2b: Dragonite\n|-supereffective|p2b: Dragonite\n|-crit|p2b: Dragonite\n|-damage|p2b: Dragonite|5\/100 tox\n|\n|-damage|p2b: Dragonite|0 fnt|[from] psn\n|faint|p2b: Dragonite\n|upkeep\n|\n|t:|1697411104\n|switch|p1a: Clodsire|Clodsire, F|86\/100\n|switch|p2b: Landorus|Landorus-Therian, M|100\/100\n|-ability|p2b: Landorus|Intimidate|boost\n|-unboost|p1a: Clodsire|atk|1\n|-unboost|p1b: Roaring Moon|atk|1\n|turn|7\n|\n|t:|1697411121\n|move|p1b: Roaring Moon|Dragon Dance|p1b: Roaring Moon\n|-boost|p1b: Roaring Moon|atk|1\n|-boost|p1b: Roaring Moon|spe|1\n|move|p2b: Landorus|Stomping Tantrum|p1a: Clodsire\n|-supereffective|p1a: Clodsire\n|-damage|p1a: Clodsire|0 fnt\n|faint|p1a: Clodsire\n|move|p2a: Sinistcha|Matcha Gotcha|p1b: Roaring Moon\n|-resisted|p1b: Roaring Moon\n|-damage|p1b: Roaring Moon|85\/100\n|\n|upkeep\n|\n|t:|1697411128\n|switch|p1a: Iron Valiant|Iron Valiant|100\/100\n|turn|8\n|\n|t:|1697411141\n|switch|p2b: Grimmsnarl|Grimmsnarl, M|81\/100\n|move|p1b: Roaring Moon|Iron Head|p2b: Grimmsnarl\n|-supereffective|p2b: Grimmsnarl\n|-damage|p2b: Grimmsnarl|47\/100\n|move|p1a: Iron Valiant|Icy Wind|p2b: Grimmsnarl|[spread] p2a,p2b\n|-supereffective|p2a: Sinistcha\n|-damage|p2a: Sinistcha|69\/100\n|-damage|p2b: Grimmsnarl|36\/100\n|-unboost|p2a: Sinistcha|spe|1\n|-unboost|p2b: Grimmsnarl|spe|1\n|move|p2a: Sinistcha|Matcha Gotcha|p1a: Iron Valiant|[spread] p1a\n|-miss|p2a: Sinistcha|p1b: Roaring Moon\n|-damage|p1a: Iron Valiant|76\/100\n|-heal|p2a: Sinistcha|81\/100|[from] drain|[of] p1a: Iron Valiant\n|-status|p1a: Iron Valiant|brn\n|\n|-heal|p2a: Sinistcha|87\/100|[from] item: Leftovers\n|-damage|p1a: Iron Valiant|70\/100 brn|[from] brn\n|-sideend|p2: Colinc222|Reflect\n|upkeep\n|turn|9\n|\n|t:|1697411165\n|-end|p1a: Iron Valiant|Quark Drive|[silent]\n|switch|p1a: Chi-Yu|Chi-Yu|100\/100\n|-ability|p1a: Chi-Yu|Beads of Ruin\n|move|p2b: Grimmsnarl|Reflect|p2b: Grimmsnarl\n|-sidestart|p2: Colinc222|Reflect\n|move|p1b: Roaring Moon|Iron Head|p2b: Grimmsnarl\n|-supereffective|p2b: Grimmsnarl\n|-damage|p2b: Grimmsnarl|0 fnt\n|faint|p2b: Grimmsnarl\n|move|p2a: Sinistcha|Matcha Gotcha|p1b: Roaring Moon|[spread] p1a,p1b\n|-resisted|p1a: Chi-Yu\n|-resisted|p1b: Roaring Moon\n|-damage|p1a: Chi-Yu|84\/100\n|-heal|p2a: Sinistcha|93\/100|[from] drain|[of] p1a: Chi-Yu\n|-damage|p1b: Roaring Moon|69\/100\n|-heal|p2a: Sinistcha|100\/100|[from] drain|[of] p1b: Roaring Moon\n|\n|-heal|p1a: Chi-Yu|90\/100|[from] item: Leftovers\n|upkeep\n|inactive|Colinc222 has 120 seconds left.\n|\n|t:|1697411181\n|switch|p2b: Iron Hands|Iron Hands|30\/100\n|turn|10\n|\n|t:|1697411191\n|move|p1a: Chi-Yu|Protect|p1a: Chi-Yu\n|-singleturn|p1a: Chi-Yu|Protect\n|move|p2b: Iron Hands|Fake Out|p1a: Chi-Yu\n|-activate|p1a: Chi-Yu|move: Protect\n|move|p1b: Roaring Moon|Dragon Claw|p2b: Iron Hands\n|-damage|p2b: Iron Hands|16\/100\n|move|p2a: Sinistcha|Strength Sap|p1b: Roaring Moon\n|-unboost|p1b: Roaring Moon|atk|1\n|\n|-heal|p1a: Chi-Yu|96\/100|[from] item: Leftovers\n|upkeep\n|turn|11\n|\n|t:|1697411209\n|move|p1b: Roaring Moon|Dragon Dance|p1b: Roaring Moon\n|-boost|p1b: Roaring Moon|atk|1\n|-boost|p1b: Roaring Moon|spe|1\n|move|p1a: Chi-Yu|Heat Wave|p2b: Iron Hands|[spread] p2a,p2b\n|-supereffective|p2a: Sinistcha\n|-damage|p2a: Sinistcha|0 fnt\n|-damage|p2b: Iron Hands|0 fnt\n|faint|p2a: Sinistcha\n|faint|p2b: Iron Hands\n|-end|p2b: Iron Hands|Quark Drive|[silent]\n|\n|-heal|p1a: Chi-Yu|100\/100|[from] item: Leftovers\n|upkeep\n|\n|t:|1697411219\n|switch|p2a: Landorus|Landorus-Therian, M|100\/100\n|switch|p2b: Heatran|Heatran, F|100\/100\n|-ability|p2a: Landorus|Intimidate|boost\n|-unboost|p1a: Chi-Yu|atk|1\n|-unboost|p1b: Roaring Moon|atk|1\n|turn|12\n|\n|t:|1697411237\n|-terastallize|p2b: Heatran|Grass\n|move|p1a: Chi-Yu|Protect|p1a: Chi-Yu\n|-singleturn|p1a: Chi-Yu|Protect\n|move|p1b: Roaring Moon|Crunch|p2a: Landorus\n|-damage|p2a: Landorus|84\/100\n|-unboost|p2a: Landorus|def|1\n|move|p2a: Landorus|Rock Slide|p1b: Roaring Moon|[spread] \n|-activate|p1a: Chi-Yu|move: Protect\n|-miss|p2a: Landorus|p1b: Roaring Moon\n|move|p2b: Heatran|Earth Power|p1a: Chi-Yu\n|-activate|p1a: Chi-Yu|move: Protect\n|\n|upkeep\n|turn|13\n|\n|t:|1697411257\n|-terastallize|p1a: Chi-Yu|Water\n|move|p1b: Roaring Moon|Crunch|p2a: Landorus\n|-damage|p2a: Landorus|57\/100\n|move|p1a: Chi-Yu|Dark Pulse|p2b: Heatran\n|-damage|p2b: Heatran|66\/100\n|move|p2a: Landorus|Rock Slide|p1a: Chi-Yu|[spread] p1a,p1b\n|-damage|p1a: Chi-Yu|39\/100\n|-damage|p1b: Roaring Moon|37\/100\n|move|p2b: Heatran|Earth Power|p1a: Chi-Yu\n|-damage|p1a: Chi-Yu|0 fnt\n|faint|p1a: Chi-Yu\n|\n|upkeep\n|\n|t:|1697411270\n|switch|p1a: Iron Valiant|Iron Valiant|70\/100 brn\n|turn|14\n|\n|t:|1697411279\n|move|p1b: Roaring Moon|Crunch|p2a: Landorus\n|-damage|p2a: Landorus|29\/100\n|move|p1a: Iron Valiant|Icy Wind|p2b: Heatran|[spread] p2a,p2b\n|-supereffective|p2a: Landorus\n|-supereffective|p2b: Heatran\n|-damage|p2a: Landorus|0 fnt\n|-damage|p2b: Heatran|53\/100\n|-unboost|p2b: Heatran|spe|1\n|faint|p2a: Landorus\n|move|p2b: Heatran|Heat Wave|p1a: Iron Valiant|[spread] p1a,p1b\n|-resisted|p1b: Roaring Moon\n|-damage|p1a: Iron Valiant|29\/100 brn\n|-damage|p1b: Roaring Moon|20\/100\n|\n|-damage|p1a: Iron Valiant|22\/100 brn|[from] brn\n|upkeep\n|turn|15\n|\n|t:|1697411301\n|move|p1b: Roaring Moon|Iron Head|p2b: Heatran\n|-damage|p2b: Heatran|43\/100\n|move|p1a: Iron Valiant|Aura Sphere|p2b: Heatran\n|-damage|p2b: Heatran|22\/100\n|move|p2b: Heatran|Heat Wave|p1b: Roaring Moon|[spread] \n|-miss|p2b: Heatran|p1a: Iron Valiant\n|-miss|p2b: Heatran|p1b: Roaring Moon\n|\n|-damage|p1a: Iron Valiant|16\/100 brn|[from] brn\n|upkeep\n|turn|16\n|-message|Colinc222 forfeited.\n|\n|win|Kingnick0825\n|raw|Kingnick0825's rating: 1318 &rarr; <strong>1344<\/strong><br \/>(+26 for winning)\n|raw|Colinc222's rating: 1417 &rarr; <strong>1391<\/strong><br \/>(-26 for losing)\n|l|\u2606Colinc222\n","uploadtime":1697411318,"views":17,"p1id":"kingnick0825","p2id":"colinc222","formatid":"gen9doublesou","rating":1344,"private":0,"password":""}