{"id":"gen9doublesou-1995234548","p1":"Melonz-Mr","p2":"McCraleb","format":"[Gen 9] Doubles OU","log":"|j|\u2606Melonz-Mr\n|j|\u2606McCraleb\n|t:|1700538009\n|gametype|doubles\n|player|p1|Melonz-Mr|volkner|1304\n|player|p2|McCraleb|janine|1239\n|teamsize|p1|6\n|teamsize|p2|6\n|gen|9\n|tier|[Gen 9] Doubles OU\n|rated|\n|rule|Species Clause: Limit one of each Pok\u00e9mon\n|rule|OHKO Clause: OHKO moves are banned\n|rule|Evasion Moves Clause: Evasion moves are banned\n|rule|Gravity Sleep Clause: The combination of sleep-inducing moves with imperfect accuracy and Gravity or Gigantamax Orbeetle are banned\n|rule|Endless Battle Clause: Forcing endless battles is banned\n|rule|HP Percentage Mod: HP is shown in percentages\n|clearpoke\n|poke|p1|Flutter Mane|\n|poke|p1|Gholdengo|\n|poke|p1|Iron Hands|\n|poke|p1|Rillaboom, F|\n|poke|p1|Tornadus, M|\n|poke|p1|Grimmsnarl, M|\n|poke|p2|Maushold-Four|\n|poke|p2|Sudowoodo, M|\n|poke|p2|Indeedee-F, F|\n|poke|p2|Arcanine, F|\n|poke|p2|Aipom, F|\n|poke|p2|Slowbro-Galar, F|\n|teampreview\n|c|\u2606Melonz-Mr|?\n|\n|t:|1700538026\n|start\n|switch|p1a: Rillaboom|Rillaboom, F|100\/100\n|switch|p1b: Tornadus|Tornadus, M|100\/100\n|switch|p2a: Maushold|Maushold-Four, shiny|100\/100\n|switch|p2b: Sudowoodo|Sudowoodo, M|100\/100\n|-fieldstart|move: Grassy Terrain|[from] ability: Grassy Surge|[of] p1a: Rillaboom\n|turn|1\n|\n|t:|1700538042\n|-terastallize|p2b: Sudowoodo|Ghost\n|move|p1a: Rillaboom|Fake Out|p2a: Maushold\n|-damage|p2a: Maushold|83\/100\n|move|p1b: Tornadus|Tailwind|p1b: Tornadus\n|-sidestart|p1: Melonz-Mr|move: Tailwind\n|move|p2a: Maushold|Beat Up|p2b: Sudowoodo\n|-supereffective|p2b: Sudowoodo\n|-damage|p2b: Sudowoodo|98\/100\n|-ability|p2b: Sudowoodo|Rattled|boost\n|-boost|p2b: Sudowoodo|spe|1\n|-enditem|p2b: Sudowoodo|Weakness Policy\n|-boost|p2b: Sudowoodo|atk|2|[from] item: Weakness Policy\n|-boost|p2b: Sudowoodo|spa|2|[from] item: Weakness Policy\n|-supereffective|p2b: Sudowoodo\n|-damage|p2b: Sudowoodo|95\/100\n|-ability|p2b: Sudowoodo|Rattled|boost\n|-boost|p2b: Sudowoodo|spe|1\n|-supereffective|p2b: Sudowoodo\n|-damage|p2b: Sudowoodo|93\/100\n|-ability|p2b: Sudowoodo|Rattled|boost\n|-boost|p2b: Sudowoodo|spe|1\n|-supereffective|p2b: Sudowoodo\n|-damage|p2b: Sudowoodo|89\/100\n|-ability|p2b: Sudowoodo|Rattled|boost\n|-boost|p2b: Sudowoodo|spe|1\n|-supereffective|p2b: Sudowoodo\n|-damage|p2b: Sudowoodo|87\/100\n|-ability|p2b: Sudowoodo|Rattled|boost\n|-boost|p2b: Sudowoodo|spe|1\n|-supereffective|p2b: Sudowoodo\n|-damage|p2b: Sudowoodo|84\/100\n|-ability|p2b: Sudowoodo|Rattled|boost\n|-boost|p2b: Sudowoodo|spe|1\n|-hitcount|p2b: Sudowoodo|6\n|move|p2b: Sudowoodo|Rock Slide|p1a: Rillaboom|[spread] p1a,p1b\n|-supereffective|p1b: Tornadus\n|-damage|p1a: Rillaboom|49\/100\n|-damage|p1b: Tornadus|0 fnt\n|faint|p1b: Tornadus\n|\n|-heal|p1a: Rillaboom|55\/100|[from] Grassy Terrain\n|-heal|p1a: Rillaboom|61\/100|[from] item: Leftovers\n|-heal|p2b: Sudowoodo|90\/100|[from] Grassy Terrain\n|-heal|p2a: Maushold|89\/100|[from] Grassy Terrain\n|upkeep\n|\n|t:|1700538083\n|switch|p1b: Iron Hands|Iron Hands|100\/100\n|turn|2\n|\n|t:|1700538105\n|move|p2a: Maushold|Follow Me|p2a: Maushold\n|-singleturn|p2a: Maushold|move: Follow Me\n|move|p1a: Rillaboom|Knock Off|p2a: Maushold\n|-damage|p2a: Maushold|43\/100\n|-enditem|p2a: Maushold|Covert Cloak|[from] move: Knock Off|[of] p1a: Rillaboom\n|move|p2b: Sudowoodo|Rock Slide|p1a: Rillaboom|[spread] p1a,p1b\n|-resisted|p1b: Iron Hands\n|-damage|p1a: Rillaboom|4\/100\n|-damage|p1b: Iron Hands|84\/100\n|cant|p1b: Iron Hands|flinch\n|\n|-heal|p1a: Rillaboom|11\/100|[from] Grassy Terrain\n|-heal|p1a: Rillaboom|17\/100|[from] item: Leftovers\n|-heal|p2b: Sudowoodo|96\/100|[from] Grassy Terrain\n|-heal|p2a: Maushold|49\/100|[from] Grassy Terrain\n|-heal|p1b: Iron Hands|90\/100|[from] Grassy Terrain\n|upkeep\n|turn|3\n|\n|t:|1700538143\n|move|p2a: Maushold|Helping Hand|p2b: Sudowoodo\n|-singleturn|p2b: Sudowoodo|Helping Hand|[of] p2a: Maushold\n|move|p1a: Rillaboom|Knock Off|p2b: Sudowoodo\n|-supereffective|p2b: Sudowoodo\n|-damage|p2b: Sudowoodo|69\/100\n|move|p2b: Sudowoodo|Rock Slide|p1a: Rillaboom|[spread] p1a,p1b\n|-resisted|p1b: Iron Hands\n|-damage|p1a: Rillaboom|0 fnt\n|-damage|p1b: Iron Hands|65\/100\n|faint|p1a: Rillaboom\n|move|p1b: Iron Hands|Wild Charge|p2a: Maushold\n|-damage|p2a: Maushold|0 fnt\n|faint|p2a: Maushold\n|-damage|p1b: Iron Hands|56\/100|[from] Recoil\n|\n|-heal|p2b: Sudowoodo|75\/100|[from] Grassy Terrain\n|-heal|p1b: Iron Hands|62\/100|[from] Grassy Terrain\n|upkeep\n|\n|t:|1700538162\n|switch|p2a: Indeedee|Indeedee-F, F, shiny|100\/100\n|switch|p1a: Flutter Mane|Flutter Mane|100\/100\n|-fieldstart|move: Psychic Terrain|[from] ability: Psychic Surge|[of] p2a: Indeedee\n|-enditem|p1a: Flutter Mane|Booster Energy\n|-activate|p1a: Flutter Mane|ability: Protosynthesis|[fromitem]\n|-start|p1a: Flutter Mane|protosynthesisspe\n|turn|4\n|\n|t:|1700538192\n|move|p2b: Sudowoodo|Protect|p2b: Sudowoodo\n|-singleturn|p2b: Sudowoodo|Protect\n|move|p1a: Flutter Mane|Shadow Ball|p2b: Sudowoodo\n|-activate|p2b: Sudowoodo|move: Protect\n|move|p2a: Indeedee|Psych Up|p2b: Sudowoodo\n|-copyboost|p2a: Indeedee|p2b: Sudowoodo|[from] move: Psych Up\n|move|p1b: Iron Hands|Drain Punch|p2a: Indeedee\n|-damage|p2a: Indeedee|38\/100\n|-heal|p1b: Iron Hands|83\/100|[from] drain|[of] p2a: Indeedee\n|-damage|p1b: Iron Hands|67\/100|[from] item: Rocky Helmet|[of] p2a: Indeedee\n|\n|-sideend|p1: Melonz-Mr|move: Tailwind\n|upkeep\n|turn|5\n|\n|t:|1700538257\n|move|p2a: Indeedee|Stored Power|p1a: Flutter Mane\n|-damage|p1a: Flutter Mane|0 fnt\n|faint|p1a: Flutter Mane\n|-end|p1a: Flutter Mane|Protosynthesis|[silent]\n|move|p2b: Sudowoodo|Drain Punch|p1b: Iron Hands\n|-damage|p1b: Iron Hands|39\/100\n|-heal|p2b: Sudowoodo|96\/100|[from] drain|[of] p1b: Iron Hands\n|move|p1b: Iron Hands|Drain Punch|p2b: Sudowoodo\n|-immune|p2b: Sudowoodo\n|\n|upkeep\n|\n|t:|1700538276\n|switch|p1a: Grimmsnarl|Grimmsnarl, M|100\/100\n|turn|6\n|\n|t:|1700538316\n|move|p1a: Grimmsnarl|Trick|p2b: Sudowoodo\n|-activate|p2b: Sudowoodo|move: Psychic Terrain\n|move|p2a: Indeedee|Stored Power|p1b: Iron Hands\n|-supereffective|p1b: Iron Hands\n|-damage|p1b: Iron Hands|0 fnt\n|faint|p1b: Iron Hands\n|-end|p1b: Iron Hands|Quark Drive|[silent]\n|move|p2b: Sudowoodo|Rock Slide|p1a: Grimmsnarl\n|-damage|p1a: Grimmsnarl|23\/100\n|\n|-status|p1a: Grimmsnarl|tox|[from] item: Toxic Orb\n|upkeep\n|\n|t:|1700538327\n|switch|p1b: Gholdengo|Gholdengo|100\/100\n|turn|7\n|\n|t:|1700538349\n|move|p2b: Sudowoodo|Protect|p2b: Sudowoodo\n|-singleturn|p2b: Sudowoodo|Protect\n|move|p1a: Grimmsnarl|Thunder Wave|p2b: Sudowoodo\n|-activate|p2b: Sudowoodo|move: Psychic Terrain\n|move|p2a: Indeedee|Baton Pass|p2a: Indeedee\n|\n|t:|1700538355\n|switch|p2a: Slowbro|Slowbro-Galar, F|100\/100|[from] Baton Pass\n|move|p1b: Gholdengo|Shadow Ball|p2b: Sudowoodo\n|-activate|p2b: Sudowoodo|move: Protect\n|\n|-damage|p1a: Grimmsnarl|16\/100 tox|[from] psn\n|upkeep\n|turn|8\n|\n|t:|1700538386\n|move|p1a: Grimmsnarl|Thunder Wave|p2a: Slowbro\n|-activate|p2a: Slowbro|move: Psychic Terrain\n|move|p2a: Slowbro|Waterfall|p1b: Gholdengo\n|-damage|p1b: Gholdengo|47\/100\n|move|p2b: Sudowoodo|Earthquake|p1a: Grimmsnarl|[spread] p2a,p1a,p1b\n|-supereffective|p2a: Slowbro\n|-supereffective|p1b: Gholdengo\n|-damage|p2a: Slowbro|19\/100\n|-damage|p1a: Grimmsnarl|0 fnt\n|-damage|p1b: Gholdengo|0 fnt\n|faint|p1a: Grimmsnarl\n|faint|p1b: Gholdengo\n|\n|win|McCraleb\n|raw|Melonz-Mr's rating: 1304 &rarr; <strong>1280<\/strong><br \/>(-24 for losing)\n|raw|McCraleb's rating: 1239 &rarr; <strong>1269<\/strong><br \/>(+30 for winning)\n|l|\u2606Melonz-Mr\n","uploadtime":1700538613,"views":3,"p1id":"melonzmr","p2id":"mccraleb","formatid":"gen9doublesou","rating":1269,"private":0,"password":""}