{"id":"gen9doublesou-1979754467","p1":"LeFsh","p2":"EkCantDrawLol","format":"[Gen 9] Doubles OU","log":"|j|\u2606LeFsh\n|j|\u2606EkCantDrawLol\n|t:|1698709796\n|gametype|doubles\n|player|p1|LeFsh|cress|1328\n|player|p2|EkCantDrawLol|skierf|1491\n|teamsize|p1|6\n|teamsize|p2|6\n|gen|9\n|tier|[Gen 9] Doubles OU\n|rated|\n|rule|Species Clause: Limit one of each Pok\u00e9mon\n|rule|OHKO Clause: OHKO moves are banned\n|rule|Evasion Moves Clause: Evasion moves are banned\n|rule|Gravity Sleep Clause: The combination of sleep-inducing moves with imperfect accuracy and Gravity or Gigantamax Orbeetle are banned\n|rule|Endless Battle Clause: Forcing endless battles is banned\n|rule|HP Percentage Mod: HP is shown in percentages\n|clearpoke\n|poke|p1|Toxapex, F|\n|poke|p1|Cacturne, F|\n|poke|p1|Glimmora, F|\n|poke|p1|Bronzong|\n|poke|p1|Pelipper, M|\n|poke|p1|Chandelure, F|\n|poke|p2|Kommo-o, F|\n|poke|p2|Tyranitar, M|\n|poke|p2|Flutter Mane|\n|poke|p2|Tornadus, M|\n|poke|p2|Amoonguss, F|\n|poke|p2|Ursaluna, F|\n|teampreview\n|\n|t:|1698709806\n|start\n|switch|p1a: Glimmora|Glimmora, F|100\/100\n|switch|p1b: Bronzong|Bronzong|100\/100\n|switch|p2a: Kommo-o|Kommo-o, F, shiny|100\/100\n|switch|p2b: Tyranitar|Tyranitar, M, shiny|100\/100\n|-weather|Sandstorm|[from] ability: Sand Stream|[of] p2b: Tyranitar\n|turn|1\n|\n|t:|1698709824\n|move|p2a: Kommo-o|Clangorous Soul|p2a: Kommo-o\n|-boost|p2a: Kommo-o|atk|1\n|-boost|p2a: Kommo-o|def|1\n|-boost|p2a: Kommo-o|spa|1\n|-boost|p2a: Kommo-o|spd|1\n|-boost|p2a: Kommo-o|spe|1\n|-damage|p2a: Kommo-o|68\/100\n|move|p1a: Glimmora|Toxic Spikes|p2b: Tyranitar\n|-sidestart|p2: EkCantDrawLol|move: Toxic Spikes\n|move|p2b: Tyranitar|Taunt|p1b: Bronzong\n|-start|p1b: Bronzong|move: Taunt\n|cant|p1b: Bronzong|move: Taunt|Trick Room\n|\n|-weather|Sandstorm|[upkeep]\n|upkeep\n|turn|2\n|\n|t:|1698709842\n|move|p2a: Kommo-o|Drain Punch|p1b: Bronzong\n|-damage|p1b: Bronzong|59\/100\n|-heal|p2a: Kommo-o|92\/100|[from] drain|[of] p1b: Bronzong\n|move|p1a: Glimmora|Toxic|p2a: Kommo-o\n|-status|p2a: Kommo-o|tox\n|move|p2b: Tyranitar|Lash Out|p1b: Bronzong\n|-supereffective|p1b: Bronzong\n|-damage|p1b: Bronzong|0 fnt\n|faint|p1b: Bronzong\n|\n|-weather|Sandstorm|[upkeep]\n|-damage|p2a: Kommo-o|85\/100 tox|[from] psn\n|upkeep\n|\n|t:|1698709855\n|switch|p1b: Pelipper|Pelipper, M|100\/100\n|-weather|RainDance|[from] ability: Drizzle|[of] p1b: Pelipper\n|turn|3\n|\n|t:|1698709865\n|move|p1a: Glimmora|Protect|p1a: Glimmora\n|-singleturn|p1a: Glimmora|Protect\n|move|p2b: Tyranitar|Protect|p2b: Tyranitar\n|-singleturn|p2b: Tyranitar|Protect\n|move|p2a: Kommo-o|Dragon Claw|p1b: Pelipper\n|-damage|p1b: Pelipper|39\/100\n|move|p1b: Pelipper|Hurricane|p2a: Kommo-o\n|-supereffective|p2a: Kommo-o\n|-damage|p2a: Kommo-o|2\/100 tox\n|-start|p2a: Kommo-o|confusion\n|\n|-weather|RainDance|[upkeep]\n|-damage|p2a: Kommo-o|0 fnt|[from] psn\n|faint|p2a: Kommo-o\n|upkeep\n|\n|t:|1698709877\n|switch|p2a: Tornadus|Tornadus, M, shiny|100\/100\n|turn|4\n|\n|t:|1698709891\n|move|p2a: Tornadus|Bleakwind Storm|p1a: Glimmora|[spread] p1a,p1b\n|-resisted|p1a: Glimmora\n|-damage|p1a: Glimmora|80\/100\n|-damage|p1b: Pelipper|5\/100\n|-unboost|p1a: Glimmora|spe|1\n|move|p1a: Glimmora|Power Gem|p2a: Tornadus\n|-supereffective|p2a: Tornadus\n|-crit|p2a: Tornadus\n|-damage|p2a: Tornadus|0 fnt\n|faint|p2a: Tornadus\n|move|p1b: Pelipper|Ice Beam|p2b: Tyranitar\n|-damage|p2b: Tyranitar|78\/100\n|move|p2b: Tyranitar|Rock Slide|p1b: Pelipper|[spread] p1a,p1b\n|-supereffective|p1b: Pelipper\n|-damage|p1a: Glimmora|49\/100\n|-damage|p1b: Pelipper|0 fnt\n|faint|p1b: Pelipper\n|\n|-weather|RainDance|[upkeep]\n|upkeep\n|\n|t:|1698709907\n|switch|p2a: Flutter Mane|Flutter Mane, shiny|100\/100\n|switch|p1b: Cacturne|Cacturne, F|100\/100\n|-status|p2a: Flutter Mane|psn\n|-enditem|p2a: Flutter Mane|Booster Energy\n|-activate|p2a: Flutter Mane|ability: Protosynthesis|[fromitem]\n|-start|p2a: Flutter Mane|protosynthesisspe\n|turn|5\n|\n|t:|1698709921\n|-terastallize|p2a: Flutter Mane|Fairy\n|move|p1a: Glimmora|Protect|p1a: Glimmora\n|-singleturn|p1a: Glimmora|Protect\n|move|p1b: Cacturne|Sucker Punch|p2a: Flutter Mane\n|-resisted|p2a: Flutter Mane\n|-damage|p2a: Flutter Mane|47\/100 psn\n|-damage|p1b: Cacturne|91\/100|[from] item: Life Orb\n|move|p2a: Flutter Mane|Moonblast|p1b: Cacturne\n|-supereffective|p1b: Cacturne\n|-damage|p1b: Cacturne|0 fnt\n|faint|p1b: Cacturne\n|move|p2b: Tyranitar|Rock Slide|p1a: Glimmora\n|-activate|p1a: Glimmora|move: Protect\n|\n|-weather|RainDance|[upkeep]\n|-damage|p2a: Flutter Mane|35\/100 psn|[from] psn\n|upkeep\n|\n|t:|1698709943\n|switch|p1b: Toxapex|Toxapex, F|100\/100\n|turn|6\n|\n|t:|1698709953\n|move|p2a: Flutter Mane|Shadow Ball|p1a: Glimmora\n|-damage|p1a: Glimmora|5\/100\n|move|p1a: Glimmora|Power Gem|p2a: Flutter Mane\n|-damage|p2a: Flutter Mane|0 fnt\n|faint|p2a: Flutter Mane\n|-end|p2a: Flutter Mane|Protosynthesis|[silent]\n|move|p2b: Tyranitar|Taunt|p1b: Toxapex\n|-start|p1b: Toxapex|move: Taunt\n|move|p1b: Toxapex|Venoshock|p2b: Tyranitar\n|-resisted|p2b: Tyranitar\n|-damage|p2b: Tyranitar|66\/100\n|\n|-weather|RainDance|[upkeep]\n|upkeep\n|\n|t:|1698709960\n|switch|p2a: Ursaluna|Ursaluna, F, shiny|100\/100\n|-status|p2a: Ursaluna|psn\n|turn|7\n|\n|t:|1698709973\n|-terastallize|p1b: Toxapex|Ground\n|move|p1a: Glimmora|Toxic|p2b: Tyranitar\n|-status|p2b: Tyranitar|tox\n|move|p2b: Tyranitar|Rock Slide|p1b: Toxapex|[spread] p1a,p1b\n|-resisted|p1b: Toxapex\n|-damage|p1a: Glimmora|0 fnt\n|-damage|p1b: Toxapex|88\/100\n|faint|p1a: Glimmora\n|move|p2a: Ursaluna|Facade|p1b: Toxapex\n|-crit|p1b: Toxapex\n|-damage|p1b: Toxapex|0 fnt\n|faint|p1b: Toxapex\n|\n|-weather|none\n|-damage|p2b: Tyranitar|60\/100 tox|[from] psn\n|-damage|p2a: Ursaluna|88\/100 psn|[from] psn\n|upkeep\n|\n|t:|1698709985\n|switch|p1b: Chandelure|Chandelure, F|100\/100\n|turn|8\n|\n|t:|1698709990\n|move|p2b: Tyranitar|Protect|p2b: Tyranitar\n|-singleturn|p2b: Tyranitar|Protect\n|move|p1b: Chandelure|Energy Ball|p2a: Ursaluna\n|-supereffective|p2a: Ursaluna\n|-damage|p2a: Ursaluna|3\/100 psn\n|-unboost|p2a: Ursaluna|spd|1\n|-damage|p1b: Chandelure|91\/100|[from] item: Life Orb\n|move|p2a: Ursaluna|Earthquake|p1b: Chandelure|[spread] p1b\n|-activate|p2b: Tyranitar|move: Protect\n|-supereffective|p1b: Chandelure\n|-damage|p1b: Chandelure|0 fnt\n|faint|p1b: Chandelure\n|\n|win|EkCantDrawLol\n|raw|LeFsh's rating: 1328 &rarr; <strong>1317<\/strong><br \/>(-11 for losing)\n|raw|EkCantDrawLol's rating: 1491 &rarr; <strong>1502<\/strong><br \/>(+11 for winning)\n|l|\u2606LeFsh\n","uploadtime":1698711682,"views":18,"p1id":"lefsh","p2id":"ekcantdrawlol","formatid":"gen9doublesou","rating":1317,"private":0,"password":""}