{"id":"gen9doublesou-1983892875","p1":"OPieceOfHeroGhost","p2":"Satoru Gozou","format":"[Gen 9] Doubles OU","log":"|j|\u2606OPieceOfHeroGhost\n|j|\u2606Satoru Gozou\n|t:|1699196966\n|gametype|doubles\n|player|p1|OPieceOfHeroGhost|morty|1487\n|player|p2|Satoru Gozou|doctor|1412\n|teamsize|p1|6\n|teamsize|p2|6\n|gen|9\n|tier|[Gen 9] Doubles OU\n|rated|\n|rule|Species Clause: Limit one of each Pok\u00e9mon\n|rule|OHKO Clause: OHKO moves are banned\n|rule|Evasion Moves Clause: Evasion moves are banned\n|rule|Gravity Sleep Clause: The combination of sleep-inducing moves with imperfect accuracy and Gravity or Gigantamax Orbeetle are banned\n|rule|Endless Battle Clause: Forcing endless battles is banned\n|rule|HP Percentage Mod: HP is shown in percentages\n|clearpoke\n|poke|p1|Flutter Mane|\n|poke|p1|Iron Hands|\n|poke|p1|Landorus-Therian, M|\n|poke|p1|Ogerpon-Wellspring, F|\n|poke|p1|Heatran, M|\n|poke|p1|Chien-Pao|\n|poke|p2|Farigiraf, F|\n|poke|p2|Tornadus, M|\n|poke|p2|Rillaboom, M|\n|poke|p2|Ogerpon-Hearthflame, F|\n|poke|p2|Ursaluna-Bloodmoon, M|\n|poke|p2|Dragonite, M|\n|teampreview\n|inactive|Battle timer is ON: inactive players will automatically lose when time's up. (requested by Satoru Gozou)\n|\n|t:|1699196982\n|start\n|switch|p1a: \u8bf4\u7684\u9053\u7406|Iron Hands|100\/100\n|switch|p1b: ku\u94b3\u70ae|Chien-Pao|100\/100\n|switch|p2a: Nossa m\u00e3e|Dragonite, M|100\/100\n|switch|p2b: Mendigo da muie|Tornadus, M|100\/100\n|-ability|p1b: ku\u94b3\u70ae|Sword of Ruin\n|turn|1\n|\n|t:|1699197007\n|switch|p2a: Garibaldo|Farigiraf, F|100\/100\n|move|p1a: \u8bf4\u7684\u9053\u7406|Fake Out||[still]\n|cant|p2a: Garibaldo|ability: Armor Tail|Fake Out|[of] p1a: \u8bf4\u7684\u9053\u7406\n|move|p2b: Mendigo da muie|Tailwind|p2b: Mendigo da muie\n|-sidestart|p2: Satoru Gozou|move: Tailwind\n|move|p1b: ku\u94b3\u70ae|Icicle Crash|p2b: Mendigo da muie\n|-supereffective|p2b: Mendigo da muie\n|-damage|p2b: Mendigo da muie|0 fnt\n|faint|p2b: Mendigo da muie\n|\n|upkeep\n|inactive|Satoru Gozou has 120 seconds left.\n|\n|t:|1699197031\n|switch|p2b: Rafafredi|Ursaluna-Bloodmoon, M|100\/100\n|turn|2\n|\n|t:|1699197038\n|move|p1b: ku\u94b3\u70ae|Protect|p1b: ku\u94b3\u70ae\n|-singleturn|p1b: ku\u94b3\u70ae|Protect\n|move|p2b: Rafafredi|Vacuum Wave|p1b: ku\u94b3\u70ae\n|-activate|p1b: ku\u94b3\u70ae|move: Protect\n|move|p2a: Garibaldo|Hyper Voice|p1a: \u8bf4\u7684\u9053\u7406|[spread] p1a\n|-activate|p1b: ku\u94b3\u70ae|move: Protect\n|-damage|p1a: \u8bf4\u7684\u9053\u7406|88\/100\n|-enditem|p2a: Garibaldo|Throat Spray\n|-boost|p2a: Garibaldo|spa|1|[from] item: Throat Spray\n|move|p1a: \u8bf4\u7684\u9053\u7406|Volt Switch|p2a: Garibaldo\n|-damage|p2a: Garibaldo|91\/100\n|\n|t:|1699197058\n|-end|p1a: \u8bf4\u7684\u9053\u7406|Quark Drive|[silent]\n|switch|p1a: \u699c\u4e00\u5927\u59d0|Flutter Mane|100\/100|[from] Volt Switch\n|-enditem|p1a: \u699c\u4e00\u5927\u59d0|Booster Energy\n|-activate|p1a: \u699c\u4e00\u5927\u59d0|ability: Protosynthesis|[fromitem]\n|-start|p1a: \u699c\u4e00\u5927\u59d0|protosynthesisspa\n|\n|upkeep\n|turn|3\n|\n|t:|1699197076\n|switch|p1b: \u5384\u8be1\u692a\u771f\u7684\u662f\u840c\u840c\u54d2\u5440\uff01|Ogerpon-Wellspring, F|100\/100\n|move|p2b: Rafafredi|Vacuum Wave|p1b: \u5384\u8be1\u692a\u771f\u7684\u662f\u840c\u840c\u54d2\u5440\uff01\n|-damage|p1b: \u5384\u8be1\u692a\u771f\u7684\u662f\u840c\u840c\u54d2\u5440\uff01|82\/100\n|-damage|p2b: Rafafredi|91\/100|[from] item: Life Orb\n|move|p1a: \u699c\u4e00\u5927\u59d0|Dazzling Gleam|p2a: Garibaldo|[spread] p2a,p2b\n|-crit|p2b: Rafafredi\n|-damage|p2a: Garibaldo|62\/100\n|-damage|p2b: Rafafredi|13\/100\n|move|p2a: Garibaldo|Hyper Voice|p1a: \u699c\u4e00\u5927\u59d0|[spread] p1b\n|-immune|p1a: \u699c\u4e00\u5927\u59d0\n|-damage|p1b: \u5384\u8be1\u692a\u771f\u7684\u662f\u840c\u840c\u54d2\u5440\uff01|47\/100\n|\n|upkeep\n|turn|4\n|\n|t:|1699197094\n|move|p2b: Rafafredi|Protect|p2b: Rafafredi\n|-singleturn|p2b: Rafafredi|Protect\n|move|p1a: \u699c\u4e00\u5927\u59d0|Moonblast|p2a: Garibaldo\n|-damage|p2a: Garibaldo|15\/100\n|-unboost|p2a: Garibaldo|spa|1\n|move|p2a: Garibaldo|Shadow Ball|p1a: \u699c\u4e00\u5927\u59d0\n|-supereffective|p1a: \u699c\u4e00\u5927\u59d0\n|-damage|p1a: \u699c\u4e00\u5927\u59d0|66\/100\n|move|p1b: \u5384\u8be1\u692a\u771f\u7684\u662f\u840c\u840c\u54d2\u5440\uff01|Horn Leech|p2b: Rafafredi\n|-activate|p2b: Rafafredi|move: Protect\n|\n|-sideend|p2: Satoru Gozou|move: Tailwind\n|upkeep\n|turn|5\n|inactive|Satoru Gozou has 120 seconds left.\n|\n|t:|1699197124\n|move|p2a: Garibaldo|Helping Hand|p2b: Rafafredi\n|-singleturn|p2b: Rafafredi|Helping Hand|[of] p2a: Garibaldo\n|move|p2b: Rafafredi|Vacuum Wave|p1b: \u5384\u8be1\u692a\u771f\u7684\u662f\u840c\u840c\u54d2\u5440\uff01\n|-damage|p1b: \u5384\u8be1\u692a\u771f\u7684\u662f\u840c\u840c\u54d2\u5440\uff01|21\/100\n|-damage|p2b: Rafafredi|3\/100|[from] item: Life Orb\n|move|p1a: \u699c\u4e00\u5927\u59d0|Moonblast|p2a: Garibaldo\n|-damage|p2a: Garibaldo|0 fnt\n|faint|p2a: Garibaldo\n|move|p1b: \u5384\u8be1\u692a\u771f\u7684\u662f\u840c\u840c\u54d2\u5440\uff01|Horn Leech|p2b: Rafafredi\n|-supereffective|p2b: Rafafredi\n|-damage|p2b: Rafafredi|0 fnt\n|-heal|p1b: \u5384\u8be1\u692a\u771f\u7684\u662f\u840c\u840c\u54d2\u5440\uff01|22\/100|[from] drain|[of] p2b: Rafafredi\n|faint|p2b: Rafafredi\n|\n|upkeep\n|inactive|Satoru Gozou has 120 seconds left.\n|\n|t:|1699197137\n|switch|p2a: Roraima|Ogerpon-Hearthflame, F|100\/100\n|switch|p2b: M'a kako|Rillaboom, M|100\/100\n|-ability|p2a: Roraima|Mold Breaker\n|-fieldstart|move: Grassy Terrain|[from] ability: Grassy Surge|[of] p2b: M'a kako\n|turn|6\n|\n|t:|1699197155\n|move|p2a: Roraima|Spiky Shield|p2a: Roraima\n|-singleturn|p2a: Roraima|move: Protect\n|move|p1a: \u699c\u4e00\u5927\u59d0|Protect|p1a: \u699c\u4e00\u5927\u59d0\n|-singleturn|p1a: \u699c\u4e00\u5927\u59d0|Protect\n|move|p2b: M'a kako|Grassy Glide|p1a: \u699c\u4e00\u5927\u59d0\n|-activate|p1a: \u699c\u4e00\u5927\u59d0|move: Protect\n|move|p1b: \u5384\u8be1\u692a\u771f\u7684\u662f\u840c\u840c\u54d2\u5440\uff01|Ivy Cudgel|p2a: Roraima\n|-activate|p2a: Roraima|move: Protect\n|\n|-heal|p1a: \u699c\u4e00\u5927\u59d0|72\/100|[from] Grassy Terrain\n|-heal|p1b: \u5384\u8be1\u692a\u771f\u7684\u662f\u840c\u840c\u54d2\u5440\uff01|29\/100|[from] Grassy Terrain\n|upkeep\n|turn|7\n|inactive|Satoru Gozou has 120 seconds left.\n|inactive|OPieceOfHeroGhost has 120 seconds left.\n|\n|t:|1699197199\n|move|p2b: M'a kako|Grassy Glide|p1b: \u5384\u8be1\u692a\u771f\u7684\u662f\u840c\u840c\u54d2\u5440\uff01\n|-damage|p1b: \u5384\u8be1\u692a\u771f\u7684\u662f\u840c\u840c\u54d2\u5440\uff01|0 fnt\n|faint|p1b: \u5384\u8be1\u692a\u771f\u7684\u662f\u840c\u840c\u54d2\u5440\uff01\n|move|p2a: Roraima|Ivy Cudgel|p1a: \u699c\u4e00\u5927\u59d0\n|-damage|p1a: \u699c\u4e00\u5927\u59d0|0 fnt\n|faint|p1a: \u699c\u4e00\u5927\u59d0\n|-end|p1a: \u699c\u4e00\u5927\u59d0|Protosynthesis|[silent]\n|\n|upkeep\n|inactive|OPieceOfHeroGhost has 120 seconds left.\n|\n|t:|1699197209\n|switch|p1a: \u706b\u8d5e\u4f01|Heatran, M|100\/100\n|switch|p1b: \u6700\u5f3a\u4e4b\u866b|Landorus-Therian, M|100\/100\n|-ability|p1b: \u6700\u5f3a\u4e4b\u866b|Intimidate|boost\n|-unboost|p2a: Roraima|atk|1\n|-unboost|p2b: M'a kako|atk|1\n|turn|8\n|inactive|Satoru Gozou has 120 seconds left.\n|\n|t:|1699197244\n|switch|p2a: Nossa m\u00e3e|Dragonite, M|100\/100\n|move|p1a: \u706b\u8d5e\u4f01|Protect|p1a: \u706b\u8d5e\u4f01\n|-singleturn|p1a: \u706b\u8d5e\u4f01|Protect\n|move|p2b: M'a kako|Grassy Glide|p1b: \u6700\u5f3a\u4e4b\u866b\n|-damage|p1b: \u6700\u5f3a\u4e4b\u866b|68\/100\n|move|p1b: \u6700\u5f3a\u4e4b\u866b|Stomping Tantrum|p2a: Nossa m\u00e3e\n|-immune|p2a: Nossa m\u00e3e\n|\n|upkeep\n|turn|9\n|inactive|Satoru Gozou has 120 seconds left.\n|\n|t:|1699197268\n|switch|p1b: \u8bf4\u7684\u9053\u7406|Iron Hands|88\/100\n|move|p2b: M'a kako|Grassy Glide|p1b: \u8bf4\u7684\u9053\u7406\n|-damage|p1b: \u8bf4\u7684\u9053\u7406|70\/100\n|move|p2a: Nossa m\u00e3e|Dragon Dance|p2a: Nossa m\u00e3e\n|-boost|p2a: Nossa m\u00e3e|atk|1\n|-boost|p2a: Nossa m\u00e3e|spe|1\n|move|p1a: \u706b\u8d5e\u4f01|Heat Wave|p2a: Nossa m\u00e3e|[spread] p2a,p2b\n|-resisted|p2a: Nossa m\u00e3e\n|-supereffective|p2b: M'a kako\n|-damage|p2a: Nossa m\u00e3e|91\/100\n|-damage|p2b: M'a kako|42\/100\n|\n|-heal|p2b: M'a kako|48\/100|[from] Grassy Terrain\n|-heal|p1b: \u8bf4\u7684\u9053\u7406|76\/100|[from] Grassy Terrain\n|upkeep\n|turn|10\n|inactive|Satoru Gozou has 120 seconds left.\n|inactive|OPieceOfHeroGhost has 120 seconds left.\n|\n|t:|1699197301\n|move|p1b: \u8bf4\u7684\u9053\u7406|Fake Out|p2b: M'a kako\n|-damage|p2b: M'a kako|33\/100\n|cant|p2b: M'a kako|flinch\n|move|p2a: Nossa m\u00e3e|Earthquake|p1a: \u706b\u8d5e\u4f01|[spread] p2b,p1a,p1b\n|-resisted|p2b: M'a kako\n|-supereffective|p1a: \u706b\u8d5e\u4f01\n|-supereffective|p1b: \u8bf4\u7684\u9053\u7406\n|-damage|p2b: M'a kako|22\/100\n|-damage|p1a: \u706b\u8d5e\u4f01|32\/100\n|-damage|p1b: \u8bf4\u7684\u9053\u7406|49\/100\n|move|p1a: \u706b\u8d5e\u4f01|Heat Wave|p2a: Nossa m\u00e3e|[spread] p2a,p2b\n|-resisted|p2a: Nossa m\u00e3e\n|-supereffective|p2b: M'a kako\n|-damage|p2a: Nossa m\u00e3e|69\/100\n|-damage|p2b: M'a kako|0 fnt\n|faint|p2b: M'a kako\n|\n|-heal|p1a: \u706b\u8d5e\u4f01|38\/100|[from] Grassy Terrain\n|-heal|p1a: \u706b\u8d5e\u4f01|44\/100|[from] item: Leftovers\n|-heal|p1b: \u8bf4\u7684\u9053\u7406|55\/100|[from] Grassy Terrain\n|-fieldend|move: Grassy Terrain\n|upkeep\n|\n|t:|1699197312\n|switch|p2b: Roraima|Ogerpon-Hearthflame, F|100\/100\n|-ability|p2b: Roraima|Mold Breaker\n|turn|11\n|inactive|Satoru Gozou has 120 seconds left.\n|\n|t:|1699197334\n|-terastallize|p2b: Roraima|Fire\n|detailschange|p2b: Roraima|Ogerpon-Hearthflame-Tera, F, tera:Fire\n|-ability|p2b: Roraima|Embody Aspect (Hearthflame)|boost\n|-boost|p2b: Roraima|atk|1\n|move|p1a: \u706b\u8d5e\u4f01|Protect|p1a: \u706b\u8d5e\u4f01\n|-singleturn|p1a: \u706b\u8d5e\u4f01|Protect\n|move|p2a: Nossa m\u00e3e|Extreme Speed|p1b: \u8bf4\u7684\u9053\u7406\n|-damage|p1b: \u8bf4\u7684\u9053\u7406|25\/100\n|move|p2b: Roraima|Ivy Cudgel|p1a: \u706b\u8d5e\u4f01\n|-activate|p1a: \u706b\u8d5e\u4f01|move: Protect\n|move|p1b: \u8bf4\u7684\u9053\u7406|Volt Switch|p2a: Nossa m\u00e3e\n|-damage|p2a: Nossa m\u00e3e|54\/100\n|inactive|OPieceOfHeroGhost has 120 seconds left.\n|\n|t:|1699197354\n|-end|p1b: \u8bf4\u7684\u9053\u7406|Quark Drive|[silent]\n|switch|p1b: \u6700\u5f3a\u4e4b\u866b|Landorus-Therian, M|68\/100|[from] Volt Switch\n|-ability|p1b: \u6700\u5f3a\u4e4b\u866b|Intimidate|boost\n|-unboost|p2a: Nossa m\u00e3e|atk|1\n|-unboost|p2b: Roraima|atk|1\n|\n|-heal|p1a: \u706b\u8d5e\u4f01|50\/100|[from] item: Leftovers\n|upkeep\n|turn|12\n|inactive|Satoru Gozou has 120 seconds left.\n|inactive|OPieceOfHeroGhost has 120 seconds left.\n|inactive|Satoru Gozou has 90 seconds left.\n|\n|t:|1699197402\n|move|p1b: \u6700\u5f3a\u4e4b\u866b|Rock Slide|p2b: Roraima|[spread] p2a,p2b\n|-supereffective|p2a: Nossa m\u00e3e\n|-supereffective|p2b: Roraima\n|-damage|p2a: Nossa m\u00e3e|0 fnt\n|-damage|p2b: Roraima|35\/100\n|faint|p2a: Nossa m\u00e3e\n|move|p2b: Roraima|Ivy Cudgel|p1a: \u706b\u8d5e\u4f01\n|-start|p1a: \u706b\u8d5e\u4f01|ability: Flash Fire\n|move|p1a: \u706b\u8d5e\u4f01|Earth Power|p2b: Roraima\n|-supereffective|p2b: Roraima\n|-damage|p2b: Roraima|0 fnt\n|faint|p2b: Roraima\n|\n|win|OPieceOfHeroGhost\n|raw|OPieceOfHeroGhost's rating: 1487 &rarr; <strong>1503<\/strong><br \/>(+16 for winning)\n|raw|Satoru Gozou's rating: 1412 &rarr; <strong>1396<\/strong><br \/>(-16 for losing)\n|l|\u2606Satoru Gozou\n","uploadtime":1699197416,"views":8,"p1id":"opieceofheroghost","p2id":"satorugozou","formatid":"gen9doublesou","rating":1396,"private":0,"password":""}