{"id":"gen9doublesou-1977218415","p1":"laviru","p2":"Thehombre","format":"[Gen 9] Doubles OU","log":"|j|\u2606laviru\n|j|\u2606Thehombre\n|t:|1698388563\n|gametype|doubles\n|player|p1|laviru|marlon|1061\n|player|p2|Thehombre|170|1110\n|teamsize|p1|6\n|teamsize|p2|6\n|gen|9\n|tier|[Gen 9] Doubles OU\n|rated|\n|rule|Species Clause: Limit one of each Pok\u00e9mon\n|rule|OHKO Clause: OHKO moves are banned\n|rule|Evasion Moves Clause: Evasion moves are banned\n|rule|Gravity Sleep Clause: The combination of sleep-inducing moves with imperfect accuracy and Gravity or Gigantamax Orbeetle are banned\n|rule|Endless Battle Clause: Forcing endless battles is banned\n|rule|HP Percentage Mod: HP is shown in percentages\n|clearpoke\n|poke|p1|Volcarona, M|\n|poke|p1|Ogerpon-Cornerstone, F|\n|poke|p1|Okidogi, M|\n|poke|p1|Iron Bundle|\n|poke|p1|Cyclizar, M|\n|poke|p1|Sinistcha-Masterpiece|\n|poke|p2|Maushold-Four|\n|poke|p2|Sableye, F|\n|poke|p2|Sinistcha-Masterpiece|\n|poke|p2|Garganacl, M|\n|poke|p2|Clefairy, M|\n|poke|p2|Dusclops, M|\n|teampreview\n|inactive|Battle timer is ON: inactive players will automatically lose when time's up. (requested by Thehombre)\n|inactive|laviru also wants the timer to be on.\n|\n|t:|1698388590\n|start\n|switch|p1a: Iron Bundle|Iron Bundle|100\/100\n|switch|p1b: Volcarona|Volcarona, M|100\/100\n|switch|p2a: Maushold|Maushold-Four|100\/100\n|switch|p2b: Garganacl|Garganacl, M|100\/100\n|-enditem|p1a: Iron Bundle|Booster Energy\n|-activate|p1a: Iron Bundle|ability: Quark Drive|[fromitem]\n|-start|p1a: Iron Bundle|quarkdrivespa\n|turn|1\n|\n|t:|1698388603\n|move|p1b: Volcarona|Protect|p1b: Volcarona\n|-singleturn|p1b: Volcarona|Protect\n|move|p1a: Iron Bundle|Hydro Pump|p2b: Garganacl\n|-supereffective|p2b: Garganacl\n|-damage|p2b: Garganacl|0 fnt\n|faint|p2b: Garganacl\n|move|p2a: Maushold|Tidy Up|p2a: Maushold\n|-boost|p2a: Maushold|atk|1\n|-boost|p2a: Maushold|spe|1\n|\n|upkeep\n|\n|t:|1698388609\n|switch|p2b: Sableye|Sableye, F|100\/100\n|turn|2\n|\n|t:|1698388617\n|move|p2b: Sableye|Taunt|p1b: Volcarona\n|-start|p1b: Volcarona|move: Taunt\n|move|p2a: Maushold|Population Bomb|p1a: Iron Bundle\n|-damage|p1a: Iron Bundle|78\/100\n|-damage|p1a: Iron Bundle|52\/100\n|-crit|p1a: Iron Bundle\n|-damage|p1a: Iron Bundle|17\/100\n|-damage|p1a: Iron Bundle|0 fnt\n|faint|p1a: Iron Bundle\n|-end|p1a: Iron Bundle|Quark Drive|[silent]\n|-hitcount|p1: Iron Bundle|4\n|cant|p1b: Volcarona|move: Taunt|Quiver Dance\n|\n|upkeep\n|\n|t:|1698388624\n|switch|p1a: Sinistcha|Sinistcha-Masterpiece|100\/100\n|turn|3\n|\n|t:|1698388641\n|move|p2a: Maushold|Protect|p2a: Maushold\n|-singleturn|p2a: Maushold|Protect\n|move|p1a: Sinistcha|Rage Powder|p1a: Sinistcha\n|-singleturn|p1a: Sinistcha|move: Rage Powder\n|move|p2b: Sableye|Taunt|p1a: Sinistcha\n|-start|p1a: Sinistcha|move: Taunt\n|move|p1b: Volcarona|Heat Wave|p2a: Maushold|[spread] p2b\n|-activate|p2a: Maushold|move: Protect\n|-damage|p2b: Sableye|69\/100\n|\n|-heal|p2b: Sableye|75\/100|[from] item: Leftovers\n|upkeep\n|turn|4\n|\n|t:|1698388667\n|switch|p1b: Ogerpon|Ogerpon-Cornerstone, F|100\/100\n|switch|p1a: Okidogi|Okidogi, M|100\/100\n|move|p2a: Maushold|Tidy Up|p2a: Maushold\n|-boost|p2a: Maushold|atk|1\n|-boost|p2a: Maushold|spe|1\n|move|p2b: Sableye|Foul Play|p1a: Okidogi\n|-resisted|p1a: Okidogi\n|-damage|p1a: Okidogi|80\/100\n|\n|-heal|p1a: Okidogi|86\/100|[from] item: Leftovers\n|-heal|p2b: Sableye|81\/100|[from] item: Leftovers\n|upkeep\n|turn|5\n|\n|t:|1698388680\n|move|p2b: Sableye|Gravity|p2b: Sableye\n|-fieldstart|move: Gravity\n|move|p2a: Maushold|Population Bomb|p1a: Okidogi\n|-damage|p1a: Okidogi|67\/100\n|-damage|p1a: Okidogi|46\/100\n|-damage|p1a: Okidogi|27\/100\n|-damage|p1a: Okidogi|7\/100\n|-crit|p1a: Okidogi\n|-damage|p1a: Okidogi|0 fnt\n|faint|p1a: Okidogi\n|-hitcount|p1: Okidogi|5\n|move|p1b: Ogerpon|Ivy Cudgel|p2a: Maushold\n|-damage|p2a: Maushold|10\/100\n|\n|-heal|p2b: Sableye|87\/100|[from] item: Leftovers\n|upkeep\n|\n|t:|1698388701\n|switch|p1a: Volcarona|Volcarona, M|100\/100\n|turn|6\n|\n|t:|1698388711\n|move|p2a: Maushold|Protect|p2a: Maushold\n|-singleturn|p2a: Maushold|Protect\n|move|p1a: Volcarona|Protect|p1a: Volcarona\n|-singleturn|p1a: Volcarona|Protect\n|move|p2b: Sableye|Taunt|p1a: Volcarona\n|-activate|p1a: Volcarona|move: Protect\n|move|p1b: Ogerpon|Ivy Cudgel|p2a: Maushold\n|-activate|p2a: Maushold|move: Protect\n|\n|-heal|p2b: Sableye|93\/100|[from] item: Leftovers\n|upkeep\n|turn|7\n|\n|t:|1698388723\n|move|p1a: Volcarona|Protect||[still]\n|-fail|p1a: Volcarona\n|move|p2b: Sableye|Will-O-Wisp|p1b: Ogerpon\n|-status|p1b: Ogerpon|brn\n|move|p2a: Maushold|Population Bomb|p1a: Volcarona\n|-damage|p1a: Volcarona|68\/100\n|-damage|p1a: Volcarona|33\/100\n|-damage|p1a: Volcarona|1\/100\n|-damage|p1a: Volcarona|0 fnt\n|faint|p1a: Volcarona\n|-hitcount|p1: Volcarona|4\n|move|p1b: Ogerpon|Ivy Cudgel|p2a: Maushold\n|-damage|p2a: Maushold|0 fnt\n|faint|p2a: Maushold\n|\n|-heal|p2b: Sableye|99\/100|[from] item: Leftovers\n|-damage|p1b: Ogerpon|95\/100 brn|[from] brn\n|upkeep\n|\n|t:|1698388735\n|switch|p2a: Clefairy|Clefairy, M|100\/100\n|switch|p1a: Cyclizar|Cyclizar, M|100\/100\n|turn|8\n|\n|t:|1698388743\n|move|p2b: Sableye|Taunt|p1a: Cyclizar\n|-start|p1a: Cyclizar|move: Taunt\n|cant|p1a: Cyclizar|move: Taunt|Shed Tail\n|move|p1b: Ogerpon|Swords Dance|p1b: Ogerpon\n|-boost|p1b: Ogerpon|atk|2\n|move|p2a: Clefairy|Moonblast|p1a: Cyclizar\n|-supereffective|p1a: Cyclizar\n|-crit|p1a: Cyclizar\n|-damage|p1a: Cyclizar|0 fnt\n|faint|p1a: Cyclizar\n|\n|-heal|p2b: Sableye|100\/100|[from] item: Leftovers\n|-damage|p1b: Ogerpon|89\/100 brn|[from] brn\n|upkeep\n|\n|t:|1698388748\n|switch|p1a: Sinistcha|Sinistcha-Masterpiece|100\/100\n|-heal|p1b: Ogerpon|100\/100 brn|[from] ability: Hospitality|[of] p1a: Sinistcha\n|turn|9\n|\n|t:|1698388760\n|-terastallize|p1b: Ogerpon|Rock\n|detailschange|p1b: Ogerpon|Ogerpon-Cornerstone-Tera, F, tera:Rock\n|-ability|p1b: Ogerpon|Embody Aspect (Cornerstone)|boost\n|-boost|p1b: Ogerpon|def|1\n|move|p1a: Sinistcha|Rage Powder|p1a: Sinistcha\n|-singleturn|p1a: Sinistcha|move: Rage Powder\n|move|p2a: Clefairy|Follow Me|p2a: Clefairy\n|-singleturn|p2a: Clefairy|move: Follow Me\n|move|p1b: Ogerpon|Ivy Cudgel|p2a: Clefairy\n|-damage|p2a: Clefairy|3\/100\n|move|p2b: Sableye|Foul Play|p1a: Sinistcha\n|-supereffective|p1a: Sinistcha\n|-damage|p1a: Sinistcha|70\/100\n|\n|-damage|p1b: Ogerpon|95\/100 brn|[from] brn\n|-fieldend|move: Gravity\n|upkeep\n|turn|10\n|\n|t:|1698388783\n|move|p2a: Clefairy|Follow Me|p2a: Clefairy\n|-singleturn|p2a: Clefairy|move: Follow Me\n|move|p2b: Sableye|Taunt|p1a: Sinistcha\n|-start|p1a: Sinistcha|move: Taunt\n|move|p1b: Ogerpon|Ivy Cudgel|p2a: Clefairy\n|-damage|p2a: Clefairy|0 fnt\n|faint|p2a: Clefairy\n|move|p1a: Sinistcha|Matcha Gotcha|p2b: Sableye\n|-damage|p2b: Sableye|68\/100\n|-heal|p1a: Sinistcha|85\/100|[from] drain|[of] p2b: Sableye\n|\n|-heal|p2b: Sableye|74\/100|[from] item: Leftovers\n|-damage|p1b: Ogerpon|89\/100 brn|[from] brn\n|upkeep\n|\n|t:|1698388794\n|switch|p2a: Dusclops|Dusclops, M|100\/100\n|-ability|p2a: Dusclops|Pressure\n|turn|11\n|\n|t:|1698388805\n|move|p1b: Ogerpon|Spiky Shield|p1b: Ogerpon\n|-singleturn|p1b: Ogerpon|move: Protect\n|move|p1a: Sinistcha|Matcha Gotcha|p2a: Dusclops|[spread] p2a,p2b\n|-damage|p2a: Dusclops|90\/100\n|-heal|p1a: Sinistcha|90\/100|[from] drain|[of] p2a: Dusclops\n|-damage|p2b: Sableye|50\/100\n|-heal|p1a: Sinistcha|99\/100|[from] drain|[of] p2b: Sableye\n|move|p2b: Sableye|Foul Play|p1b: Ogerpon\n|-activate|p1b: Ogerpon|move: Protect\n|-damage|p2b: Sableye|37\/100|[from] Spiky Shield|[of] p1b: Ogerpon\n|move|p2a: Dusclops|Poltergeist|p1b: Ogerpon\n|-activate|p1b: Ogerpon|move: Protect\n|\n|-heal|p2b: Sableye|43\/100|[from] item: Leftovers\n|-damage|p1b: Ogerpon|83\/100 brn|[from] brn\n|upkeep\n|turn|12\n|\n|t:|1698388823\n|move|p1b: Ogerpon|Ivy Cudgel|p2b: Sableye\n|-damage|p2b: Sableye|0 fnt\n|faint|p2b: Sableye\n|move|p1a: Sinistcha|Matcha Gotcha|p2a: Dusclops\n|-damage|p2a: Dusclops|73\/100\n|-heal|p1a: Sinistcha|100\/100|[from] drain|[of] p2a: Dusclops\n|-status|p2a: Dusclops|brn\n|move|p2a: Dusclops|Poltergeist|p1b: Ogerpon\n|-activate|p1b: Ogerpon|move: Poltergeist|Cornerstone Mask\n|-damage|p1b: Ogerpon|71\/100 brn\n|\n|-damage|p1b: Ogerpon|65\/100 brn|[from] brn\n|-damage|p2a: Dusclops|67\/100 brn|[from] brn\n|-end|p1a: Sinistcha|move: Taunt\n|upkeep\n|\n|t:|1698388833\n|switch|p2b: Sinistcha|Sinistcha-Masterpiece|100\/100\n|turn|13\n|\n|t:|1698388855\n|move|p1b: Ogerpon|Horn Leech|p2a: Dusclops\n|-damage|p2a: Dusclops|41\/100 brn\n|-heal|p1b: Ogerpon|77\/100 brn|[from] drain|[of] p2a: Dusclops\n|move|p2b: Sinistcha|Iron Defense|p2b: Sinistcha\n|-boost|p2b: Sinistcha|def|2\n|move|p1a: Sinistcha|Life Dew||[still]|[spread] p1a,p1b\n|-fail|p1a: Sinistcha|heal\n|-heal|p1b: Ogerpon|100\/100 brn\n|move|p2a: Dusclops|Pain Split|p1b: Ogerpon\n|-sethp|p1b: Ogerpon|69\/100 brn|[from] move: Pain Split|[silent]\n|-sethp|p2a: Dusclops|74\/100 brn|[from] move: Pain Split\n|\n|-damage|p1b: Ogerpon|63\/100 brn|[from] brn\n|-damage|p2a: Dusclops|68\/100 brn|[from] brn\n|upkeep\n|turn|14\n|\n|t:|1698388874\n|move|p1b: Ogerpon|Swords Dance|p1b: Ogerpon\n|-boost|p1b: Ogerpon|atk|2\n|move|p2b: Sinistcha|Calm Mind|p2b: Sinistcha\n|-boost|p2b: Sinistcha|spa|1\n|-boost|p2b: Sinistcha|spd|1\n|move|p1a: Sinistcha|Life Dew||[still]|[spread] p1a,p1b\n|-fail|p1a: Sinistcha|heal\n|-heal|p1b: Ogerpon|89\/100 brn\n|move|p2a: Dusclops|Pain Split|p1b: Ogerpon\n|-sethp|p1b: Ogerpon|76\/100 brn|[from] move: Pain Split|[silent]\n|-sethp|p2a: Dusclops|81\/100 brn|[from] move: Pain Split\n|\n|-damage|p1b: Ogerpon|70\/100 brn|[from] brn\n|-damage|p2a: Dusclops|75\/100 brn|[from] brn\n|upkeep\n|turn|15\n|\n|t:|1698388889\n|move|p1b: Ogerpon|Ivy Cudgel|p2a: Dusclops\n|-damage|p2a: Dusclops|0 fnt\n|faint|p2a: Dusclops\n|move|p2b: Sinistcha|Matcha Gotcha|p1b: Ogerpon|[spread] p1a,p1b\n|-resisted|p1a: Sinistcha\n|-crit|p1a: Sinistcha\n|-supereffective|p1b: Ogerpon\n|-damage|p1a: Sinistcha|68\/100\n|-damage|p1b: Ogerpon|0 fnt\n|faint|p1b: Ogerpon\n|move|p1a: Sinistcha|Life Dew|p1a: Sinistcha\n|-heal|p1a: Sinistcha|94\/100\n|\n|upkeep\n|turn|16\n|\n|t:|1698388900\n|move|p2b: Sinistcha|Shadow Ball|p1a: Sinistcha\n|-supereffective|p1a: Sinistcha\n|-damage|p1a: Sinistcha|0 fnt\n|faint|p1a: Sinistcha\n|\n|win|Thehombre\n|raw|laviru's rating: 1061 &rarr; <strong>1045<\/strong><br \/>(-16 for losing)\n|raw|Thehombre's rating: 1110 &rarr; <strong>1131<\/strong><br \/>(+21 for winning)\n","uploadtime":1698388904,"views":21,"p1id":"laviru","p2id":"thehombre","formatid":"gen9doublesou","rating":1045,"private":0,"password":""}