{"id":"gen9doublesou-1977158678","p1":"Hiluxsrv272006","p2":"bananaszn","format":"[Gen 9] Doubles OU","log":"|j|\u2606Hiluxsrv272006\n|j|\u2606bananaszn\n|t:|1698378748\n|gametype|doubles\n|player|p1|Hiluxsrv272006|giovanni|1190\n|player|p2|bananaszn|brycen|1259\n|teamsize|p1|6\n|teamsize|p2|6\n|gen|9\n|tier|[Gen 9] Doubles OU\n|rated|\n|rule|Species Clause: Limit one of each Pok\u00e9mon\n|rule|OHKO Clause: OHKO moves are banned\n|rule|Evasion Moves Clause: Evasion moves are banned\n|rule|Gravity Sleep Clause: The combination of sleep-inducing moves with imperfect accuracy and Gravity or Gigantamax Orbeetle are banned\n|rule|Endless Battle Clause: Forcing endless battles is banned\n|rule|HP Percentage Mod: HP is shown in percentages\n|clearpoke\n|poke|p1|Iron Hands|\n|poke|p1|Gyarados, F|\n|poke|p1|Ninetales-Alola, F|\n|poke|p1|Spectrier|\n|poke|p1|Roaring Moon|\n|poke|p1|Ogerpon-Hearthflame, F|\n|poke|p2|Poliwrath, M|\n|poke|p2|Pelipper, F|\n|poke|p2|Basculegion-F, F|\n|poke|p2|Zapdos|\n|poke|p2|Landorus-Therian, M|\n|poke|p2|Tsareena, F|\n|teampreview\n|\n|t:|1698378755\n|start\n|switch|p1a: Iron Hands|Iron Hands|100\/100\n|switch|p1b: Gyarados|Gyarados, F|100\/100\n|switch|p2a: Pelipper|Pelipper, F|100\/100\n|switch|p2b: Poliwrath|Poliwrath, M|100\/100\n|-weather|RainDance|[from] ability: Drizzle|[of] p2a: Pelipper\n|-ability|p1b: Gyarados|Intimidate|boost\n|-unboost|p2a: Pelipper|atk|1\n|-unboost|p2b: Poliwrath|atk|1\n|turn|1\n|inactive|Battle timer is ON: inactive players will automatically lose when time's up. (requested by Hiluxsrv272006)\n|c|\u2606bananaszn|oh yea calyrex\n|c|\u2606bananaszn|thats a thing\n|\n|t:|1698378778\n|switch|p2a: Zapdos|Zapdos|100\/100\n|move|p1a: Iron Hands|Fake Out|p2b: Poliwrath\n|-damage|p2b: Poliwrath|84\/100\n|cant|p2b: Poliwrath|flinch\n|move|p1b: Gyarados|Icy Wind|p2b: Poliwrath|[spread] p2a,p2b\n|-supereffective|p2a: Zapdos\n|-resisted|p2b: Poliwrath\n|-damage|p2a: Zapdos|89\/100\n|-damage|p2b: Poliwrath|80\/100\n|-unboost|p2a: Zapdos|spe|1\n|-unboost|p2b: Poliwrath|spe|1\n|\n|-weather|RainDance|[upkeep]\n|upkeep\n|turn|2\n|inactive|Hiluxsrv272006 has 120 seconds left.\n|\n|t:|1698378813\n|switch|p1b: Roaring Moon|Roaring Moon|100\/100\n|-enditem|p1b: Roaring Moon|Booster Energy\n|-activate|p1b: Roaring Moon|ability: Protosynthesis|[fromitem]\n|-start|p1b: Roaring Moon|protosynthesisatk\n|move|p2b: Poliwrath|Close Combat|p1a: Iron Hands\n|-damage|p1a: Iron Hands|66\/100\n|-unboost|p2b: Poliwrath|def|1\n|-unboost|p2b: Poliwrath|spd|1\n|move|p2a: Zapdos|Volt Switch|p1b: Roaring Moon\n|-resisted|p1b: Roaring Moon\n|-damage|p1b: Roaring Moon|82\/100\n|inactive|bananaszn has 120 seconds left.\n|\n|t:|1698378827\n|switch|p2a: Landorus|Landorus-Therian, M|100\/100|[from] Volt Switch\n|-ability|p2a: Landorus|Intimidate|boost\n|-unboost|p1a: Iron Hands|atk|1\n|-unboost|p1b: Roaring Moon|atk|1\n|move|p1a: Iron Hands|Wild Charge|p2b: Poliwrath\n|-supereffective|p2b: Poliwrath\n|-damage|p2b: Poliwrath|0 fnt\n|faint|p2b: Poliwrath\n|-damage|p1a: Iron Hands|53\/100|[from] Recoil\n|\n|-weather|RainDance|[upkeep]\n|upkeep\n|inactive|bananaszn has 120 seconds left.\n|\n|t:|1698378835\n|switch|p2b: Basculegion|Basculegion-F, F|100\/100\n|turn|3\n|\n|t:|1698378850\n|-end|p1a: Iron Hands|Quark Drive|[silent]\n|switch|p1a: Gyarados|Gyarados, F|100\/100\n|-ability|p1a: Gyarados|Intimidate|boost\n|-unboost|p2a: Landorus|atk|1\n|-unboost|p2b: Basculegion|atk|1\n|move|p1b: Roaring Moon|Protect|p1b: Roaring Moon\n|-singleturn|p1b: Roaring Moon|Protect\n|move|p2b: Basculegion|Ice Beam|p1b: Roaring Moon\n|-activate|p1b: Roaring Moon|move: Protect\n|move|p2a: Landorus|Stealth Rock|p1b: Roaring Moon\n|-sidestart|p1: Hiluxsrv272006|move: Stealth Rock\n|\n|-weather|RainDance|[upkeep]\n|upkeep\n|turn|4\n|\n|t:|1698378871\n|switch|p2b: Zapdos|Zapdos|89\/100\n|move|p1b: Roaring Moon|Acrobatics|p2b: Zapdos\n|-resisted|p2b: Zapdos\n|-damage|p2b: Zapdos|70\/100\n|move|p2a: Landorus|U-turn|p1b: Roaring Moon\n|-supereffective|p1b: Roaring Moon\n|-crit|p1b: Roaring Moon\n|-damage|p1b: Roaring Moon|0 fnt\n|faint|p1b: Roaring Moon\n|-end|p1b: Roaring Moon|Protosynthesis|[silent]\n|\n|t:|1698378881\n|switch|p2a: Basculegion|Basculegion-F, F|100\/100|[from] U-turn\n|move|p1a: Gyarados|Icy Wind|p2b: Zapdos|[spread] p2a,p2b\n|-resisted|p2a: Basculegion\n|-supereffective|p2b: Zapdos\n|-damage|p2a: Basculegion|97\/100\n|-damage|p2b: Zapdos|57\/100\n|-unboost|p2a: Basculegion|spe|1\n|-unboost|p2b: Zapdos|spe|1\n|\n|-weather|RainDance|[upkeep]\n|upkeep\n|\n|t:|1698378892\n|switch|p1b: Iron Hands|Iron Hands|53\/100\n|-damage|p1b: Iron Hands|47\/100|[from] Stealth Rock\n|turn|5\n|\n|t:|1698378903\n|move|p1b: Iron Hands|Fake Out|p2b: Zapdos\n|-damage|p2b: Zapdos|41\/100\n|move|p2a: Basculegion|Last Respects|p1a: Gyarados\n|-damage|p1a: Gyarados|34\/100\n|move|p1a: Gyarados|Thunder Wave|p2a: Basculegion\n|-status|p2a: Basculegion|par\n|cant|p2b: Zapdos|flinch\n|\n|-weather|RainDance|[upkeep]\n|upkeep\n|turn|6\n|\n|t:|1698378929\n|switch|p2a: Tsareena|Tsareena, F|100\/100\n|move|p1a: Gyarados|Waterfall|p2b: Zapdos\n|-damage|p2b: Zapdos|0 fnt\n|faint|p2b: Zapdos\n|move|p1b: Iron Hands|Wild Charge|p2a: Tsareena\n|-resisted|p2a: Tsareena\n|-damage|p2a: Tsareena|73\/100\n|-damage|p1b: Iron Hands|42\/100|[from] Recoil\n|\n|-weather|RainDance|[upkeep]\n|upkeep\n|\n|t:|1698378941\n|switch|p2b: Landorus|Landorus-Therian, M|100\/100\n|-ability|p2b: Landorus|Intimidate|boost\n|-unboost|p1a: Gyarados|atk|1\n|-unboost|p1b: Iron Hands|atk|1\n|turn|7\n|\n|t:|1698378958\n|switch|p2a: Pelipper|Pelipper, F|100\/100\n|move|p2b: Landorus|Earthquake|p1a: Gyarados|[spread] p1b\n|-immune|p2a: Pelipper\n|-immune|p1a: Gyarados\n|-supereffective|p1b: Iron Hands\n|-crit|p1b: Iron Hands\n|-damage|p1b: Iron Hands|0 fnt\n|faint|p1b: Iron Hands\n|-end|p1b: Iron Hands|Quark Drive|[silent]\n|move|p1a: Gyarados|Icy Wind|p2a: Pelipper|[spread] p2a,p2b\n|-supereffective|p2b: Landorus\n|-damage|p2a: Pelipper|91\/100\n|-damage|p2b: Landorus|65\/100\n|-unboost|p2a: Pelipper|spe|1\n|-unboost|p2b: Landorus|spe|1\n|\n|-weather|RainDance|[upkeep]\n|upkeep\n|\n|t:|1698378973\n|switch|p1b: Ninetales|Ninetales-Alola, F|100\/100\n|-damage|p1b: Ninetales|75\/100|[from] Stealth Rock\n|-weather|Snow|[from] ability: Snow Warning|[of] p1b: Ninetales\n|turn|8\n|\n|t:|1698378989\n|switch|p2a: Basculegion|Basculegion-F, F|97\/100 par\n|move|p1b: Ninetales|Aurora Veil|p1b: Ninetales\n|-sidestart|p1: Hiluxsrv272006|move: Aurora Veil\n|move|p2b: Landorus|U-turn|p1b: Ninetales\n|-resisted|p1b: Ninetales\n|-damage|p1b: Ninetales|67\/100\n|\n|t:|1698378995\n|switch|p2b: Pelipper|Pelipper, F|91\/100|[from] U-turn\n|-weather|RainDance|[from] ability: Drizzle|[of] p2b: Pelipper\n|move|p1a: Gyarados|Waterfall|p2b: Pelipper\n|-resisted|p2b: Pelipper\n|-damage|p2b: Pelipper|76\/100\n|\n|-weather|RainDance|[upkeep]\n|upkeep\n|turn|9\n|\n|t:|1698379022\n|switch|p2b: Landorus|Landorus-Therian, M|65\/100\n|-ability|p2b: Landorus|Intimidate|boost\n|-unboost|p1a: Gyarados|atk|1\n|-unboost|p1b: Ninetales|atk|1\n|move|p1b: Ninetales|Freeze-Dry|p2b: Landorus\n|-supereffective|p2b: Landorus\n|-damage|p2b: Landorus|0 fnt\n|faint|p2b: Landorus\n|move|p1a: Gyarados|Icy Wind|p2a: Basculegion\n|-resisted|p2a: Basculegion\n|-damage|p2a: Basculegion|94\/100 par\n|-unboost|p2a: Basculegion|spe|1\n|move|p2a: Basculegion|Last Respects|p1b: Ninetales\n|-damage|p1b: Ninetales|0 fnt\n|faint|p1b: Ninetales\n|\n|-weather|RainDance|[upkeep]\n|upkeep\n|\n|t:|1698379044\n|switch|p1b: Spectrier|Spectrier|100\/100\n|switch|p2b: Pelipper|Pelipper, F|76\/100\n|-damage|p1b: Spectrier|88\/100|[from] Stealth Rock\n|turn|10\n|\n|t:|1698379061\n|-terastallize|p1b: Spectrier|Fairy\n|-terastallize|p2a: Basculegion|Water\n|move|p1b: Spectrier|Shadow Ball|p2a: Basculegion\n|-damage|p2a: Basculegion|54\/100 par\n|-unboost|p2a: Basculegion|spd|1\n|move|p2b: Pelipper|Tailwind|p2b: Pelipper\n|-sidestart|p2: bananaszn|move: Tailwind\n|move|p2a: Basculegion|Last Respects|p1b: Spectrier\n|-damage|p1b: Spectrier|0 fnt\n|faint|p1b: Spectrier\n|move|p1a: Gyarados|Icy Wind|p2a: Basculegion|[spread] p2a,p2b\n|-resisted|p2a: Basculegion\n|-damage|p2a: Basculegion|50\/100 par\n|-damage|p2b: Pelipper|68\/100\n|-unboost|p2a: Basculegion|spe|1\n|-unboost|p2b: Pelipper|spe|1\n|\n|-weather|RainDance|[upkeep]\n|upkeep\n|\n|t:|1698379077\n|switch|p1b: Ogerpon|Ogerpon-Hearthflame, F|100\/100\n|-damage|p1b: Ogerpon|76\/100|[from] Stealth Rock\n|-ability|p1b: Ogerpon|Mold Breaker\n|turn|11\n|c|\u2606bananaszn|holy prediction\n|\n|t:|1698379094\n|move|p1b: Ogerpon|Spiky Shield|p1b: Ogerpon\n|-singleturn|p1b: Ogerpon|move: Protect\n|move|p2b: Pelipper|Hurricane|p1a: Gyarados\n|-damage|p1a: Gyarados|14\/100\n|move|p1a: Gyarados|Thunder Wave|p2b: Pelipper\n|-status|p2b: Pelipper|par\n|move|p2a: Basculegion|Last Respects|p1b: Ogerpon\n|-activate|p1b: Ogerpon|move: Protect\n|\n|-weather|RainDance|[upkeep]\n|upkeep\n|turn|12\n|\n|t:|1698379119\n|move|p1b: Ogerpon|Horn Leech|p2a: Basculegion\n|-supereffective|p2a: Basculegion\n|-damage|p2a: Basculegion|0 fnt\n|-heal|p1b: Ogerpon|100\/100|[from] drain|[of] p2a: Basculegion\n|faint|p2a: Basculegion\n|move|p1a: Gyarados|Waterfall|p2b: Pelipper\n|-resisted|p2b: Pelipper\n|-damage|p2b: Pelipper|58\/100 par\n|move|p2b: Pelipper|Hurricane|p1a: Gyarados\n|-damage|p1a: Gyarados|0 fnt\n|faint|p1a: Gyarados\n|\n|-weather|RainDance|[upkeep]\n|upkeep\n|\n|t:|1698379129\n|switch|p2a: Tsareena|Tsareena, F|73\/100\n|turn|13\n|\n|t:|1698379137\n|move|p2a: Tsareena|High Jump Kick|p1b: Ogerpon\n|-damage|p1b: Ogerpon|64\/100\n|move|p1b: Ogerpon|Ivy Cudgel|p2a: Tsareena\n|-supereffective|p2a: Tsareena\n|-damage|p2a: Tsareena|17\/100\n|cant|p2b: Pelipper|par\n|\n|-weather|RainDance|[upkeep]\n|-sideend|p2: bananaszn|move: Tailwind\n|upkeep\n|turn|14\n|\n|t:|1698379152\n|move|p1b: Ogerpon|Spiky Shield|p1b: Ogerpon\n|-singleturn|p1b: Ogerpon|move: Protect\n|move|p2a: Tsareena|High Jump Kick|p1b: Ogerpon\n|-activate|p1b: Ogerpon|move: Protect\n|-damage|p2a: Tsareena|5\/100|[from] Spiky Shield|[of] p1b: Ogerpon\n|-damage|p2a: Tsareena|0 fnt|[from] highjumpkick\n|faint|p2a: Tsareena\n|cant|p2b: Pelipper|par\n|\n|-weather|RainDance|[upkeep]\n|upkeep\n|turn|15\n|\n|t:|1698379164\n|move|p1b: Ogerpon|Horn Leech|p2b: Pelipper\n|-damage|p2b: Pelipper|20\/100 par\n|-heal|p1b: Ogerpon|84\/100|[from] drain|[of] p2b: Pelipper\n|move|p2b: Pelipper|Hurricane|p1b: Ogerpon\n|-supereffective|p1b: Ogerpon\n|-damage|p1b: Ogerpon|26\/100\n|-start|p1b: Ogerpon|confusion\n|\n|-weather|none\n|-sideend|p1: Hiluxsrv272006|move: Aurora Veil\n|upkeep\n|turn|16\n|c|\u2606bananaszn|no shot\n|\n|t:|1698379175\n|-activate|p1b: Ogerpon|confusion\n|-damage|p1b: Ogerpon|7\/100|[from] confusion\n|move|p2b: Pelipper|Hurricane|p1b: Ogerpon\n|-supereffective|p1b: Ogerpon\n|-damage|p1b: Ogerpon|0 fnt\n|faint|p1b: Ogerpon\n|\n|win|bananaszn\n|raw|Hiluxsrv272006's rating: 1190 &rarr; <strong>1170<\/strong><br \/>(-20 for losing)\n|raw|bananaszn's rating: 1259 &rarr; <strong>1279<\/strong><br \/>(+20 for winning)\n|c|\u2606bananaszn|RAHHHH\n|c|\u2606Hiluxsrv272006|gg\n|c|\u2606bananaszn|gg\n|l|\u2606Hiluxsrv272006\n","uploadtime":1698379185,"views":27,"p1id":"hiluxsrv272006","p2id":"bananaszn","formatid":"gen9doublesou","rating":1170,"private":0,"password":""}