{"id":"gen9doublesou-1978955376","p1":"digoxaolin23","p2":"pyappa","format":"[Gen 9] Doubles OU","log":"|j|\u2606digoxaolin23\n|j|\u2606pyappa\n|t:|1698614291\n|gametype|doubles\n|player|p1|digoxaolin23|cynthia-gen4|1158\n|player|p2|pyappa|2|1057\n|teamsize|p1|6\n|teamsize|p2|6\n|gen|9\n|tier|[Gen 9] Doubles OU\n|rated|\n|rule|Species Clause: Limit one of each Pok\u00e9mon\n|rule|OHKO Clause: OHKO moves are banned\n|rule|Evasion Moves Clause: Evasion moves are banned\n|rule|Gravity Sleep Clause: The combination of sleep-inducing moves with imperfect accuracy and Gravity or Gigantamax Orbeetle are banned\n|rule|Endless Battle Clause: Forcing endless battles is banned\n|rule|HP Percentage Mod: HP is shown in percentages\n|clearpoke\n|poke|p1|Heatran, F|\n|poke|p1|Garchomp, M|\n|poke|p1|Chien-Pao|\n|poke|p1|Gholdengo|\n|poke|p1|Murkrow, M|\n|poke|p1|Maushold|\n|poke|p2|Iron Hands|\n|poke|p2|Chi-Yu|\n|poke|p2|Flutter Mane|\n|poke|p2|Iron Bundle|\n|poke|p2|Ogerpon-Cornerstone, F|\n|poke|p2|Tornadus-Therian, M|\n|teampreview\n|\n|t:|1698614306\n|start\n|switch|p1a: Heatran|Heatran, F, shiny|100\/100\n|switch|p1b: Gholdengo|Gholdengo|100\/100\n|switch|p2a: Tornadus|Tornadus-Therian, M|100\/100\n|switch|p2b: Ogerpon|Ogerpon-Cornerstone, F|100\/100\n|turn|1\n|\n|t:|1698614322\n|-terastallize|p2b: Ogerpon|Rock\n|detailschange|p2b: Ogerpon|Ogerpon-Cornerstone-Tera, F, tera:Rock\n|-ability|p2b: Ogerpon|Embody Aspect (Cornerstone)|boost\n|-boost|p2b: Ogerpon|def|1\n|move|p1a: Heatran|Protect|p1a: Heatran\n|-singleturn|p1a: Heatran|Protect\n|move|p2a: Tornadus|Tailwind|p2a: Tornadus\n|-sidestart|p2: pyappa|move: Tailwind\n|move|p2b: Ogerpon|Ivy Cudgel|p1a: Heatran\n|-activate|p1a: Heatran|move: Protect\n|move|p1b: Gholdengo|Nasty Plot|p1b: Gholdengo\n|-boost|p1b: Gholdengo|spa|2\n|\n|upkeep\n|turn|2\n|\n|t:|1698614340\n|switch|p2a: Chi-Yu|Chi-Yu|100\/100\n|-ability|p2a: Chi-Yu|Beads of Ruin\n|move|p2b: Ogerpon|Ivy Cudgel|p1a: Heatran\n|-damage|p1a: Heatran|37\/100\n|move|p1b: Gholdengo|Make It Rain|p2a: Chi-Yu|[spread] p2a,p2b\n|-resisted|p2a: Chi-Yu\n|-supereffective|p2b: Ogerpon\n|-damage|p2a: Chi-Yu|32\/100\n|-damage|p2b: Ogerpon|0 fnt\n|-unboost|p1b: Gholdengo|spa|1\n|faint|p2b: Ogerpon\n|-damage|p1b: Gholdengo|91\/100|[from] item: Life Orb\n|move|p1a: Heatran|Magma Storm|p2a: Chi-Yu\n|-resisted|p2a: Chi-Yu\n|-damage|p2a: Chi-Yu|11\/100\n|-activate|p2a: Chi-Yu|move: Magma Storm|[of] p1a: Heatran\n|\n|-heal|p2a: Chi-Yu|17\/100|[from] item: Leftovers\n|-damage|p2a: Chi-Yu|5\/100|[from] move: Magma Storm|[partiallytrapped]\n|upkeep\n|\n|t:|1698614361\n|switch|p2b: Iron Hands|Iron Hands|100\/100\n|-enditem|p2b: Iron Hands|Booster Energy\n|-activate|p2b: Iron Hands|ability: Quark Drive|[fromitem]\n|-start|p2b: Iron Hands|quarkdriveatk\n|turn|3\n|\n|t:|1698614369\n|move|p1b: Gholdengo|Protect|p1b: Gholdengo\n|-singleturn|p1b: Gholdengo|Protect\n|move|p1a: Heatran|Protect|p1a: Heatran\n|-singleturn|p1a: Heatran|Protect\n|move|p2b: Iron Hands|Fake Out|p1b: Gholdengo\n|-activate|p1b: Gholdengo|move: Protect\n|move|p2a: Chi-Yu|Flamethrower|p1b: Gholdengo\n|-activate|p1b: Gholdengo|move: Protect\n|\n|-heal|p2a: Chi-Yu|11\/100|[from] item: Leftovers\n|-damage|p2a: Chi-Yu|0 fnt|[from] move: Magma Storm|[partiallytrapped]\n|faint|p2a: Chi-Yu\n|upkeep\n|\n|t:|1698614389\n|switch|p2a: Iron Bundle|Iron Bundle|100\/100\n|-enditem|p2a: Iron Bundle|Booster Energy\n|-activate|p2a: Iron Bundle|ability: Quark Drive|[fromitem]\n|-start|p2a: Iron Bundle|quarkdrivespa\n|turn|4\n|\n|t:|1698614409\n|move|p2b: Iron Hands|Protect|p2b: Iron Hands\n|-singleturn|p2b: Iron Hands|Protect\n|move|p2a: Iron Bundle|Hydro Pump|p1a: Heatran|[miss]\n|-miss|p2a: Iron Bundle|p1a: Heatran\n|move|p1b: Gholdengo|Make It Rain|p2b: Iron Hands|[spread] p2a\n|-activate|p2b: Iron Hands|move: Protect\n|-damage|p2a: Iron Bundle|0 fnt\n|-unboost|p1b: Gholdengo|spa|1\n|faint|p2a: Iron Bundle\n|-end|p2a: Iron Bundle|Quark Drive|[silent]\n|-damage|p1b: Gholdengo|81\/100|[from] item: Life Orb\n|move|p1a: Heatran|Earth Power|p2b: Iron Hands\n|-activate|p2b: Iron Hands|move: Protect\n|\n|-sideend|p2: pyappa|move: Tailwind\n|upkeep\n|\n|t:|1698614426\n|switch|p2a: Flutter Mane|Flutter Mane|100\/100\n|turn|5\n|\n|t:|1698614437\n|move|p1a: Heatran|Protect|p1a: Heatran\n|-singleturn|p1a: Heatran|Protect\n|move|p2a: Flutter Mane|Moonblast|p1b: Gholdengo\n|-resisted|p1b: Gholdengo\n|-damage|p1b: Gholdengo|51\/100\n|-unboost|p1b: Gholdengo|spa|1\n|move|p1b: Gholdengo|Make It Rain|p2a: Flutter Mane|[spread] p2a,p2b\n|-supereffective|p2a: Flutter Mane\n|-resisted|p2b: Iron Hands\n|-damage|p2a: Flutter Mane|47\/100\n|-damage|p2b: Iron Hands|86\/100\n|-unboost|p1b: Gholdengo|spa|1\n|-damage|p1b: Gholdengo|41\/100|[from] item: Life Orb\n|move|p2b: Iron Hands|Drain Punch|p1a: Heatran\n|-activate|p1a: Heatran|move: Protect\n|\n|upkeep\n|turn|6\n|\n|t:|1698614460\n|-end|p2a: Flutter Mane|Protosynthesis|[silent]\n|switch|p2a: Tornadus|Tornadus-Therian, M|100\/100\n|move|p1b: Gholdengo|Recover|p1b: Gholdengo\n|-heal|p1b: Gholdengo|91\/100\n|move|p1a: Heatran|Earth Power|p2b: Iron Hands\n|-supereffective|p2b: Iron Hands\n|-damage|p2b: Iron Hands|48\/100\n|move|p2b: Iron Hands|Drain Punch|p1a: Heatran\n|-supereffective|p1a: Heatran\n|-damage|p1a: Heatran|0 fnt\n|-heal|p2b: Iron Hands|64\/100|[from] drain|[of] p1a: Heatran\n|faint|p1a: Heatran\n|\n|upkeep\n|\n|t:|1698614487\n|switch|p1a: Murkrow|Murkrow, M, shiny|100\/100\n|turn|7\n|\n|t:|1698614497\n|move|p1a: Murkrow|Tailwind|p1a: Murkrow\n|-sidestart|p1: digoxaolin23|move: Tailwind\n|move|p1b: Gholdengo|Nasty Plot|p1b: Gholdengo\n|-boost|p1b: Gholdengo|spa|2\n|move|p2a: Tornadus|Tailwind|p2a: Tornadus\n|-sidestart|p2: pyappa|move: Tailwind\n|move|p2b: Iron Hands|Thunder Punch|p1a: Murkrow\n|-supereffective|p1a: Murkrow\n|-damage|p1a: Murkrow|0 fnt\n|faint|p1a: Murkrow\n|\n|upkeep\n|\n|t:|1698614507\n|switch|p1a: Garchomp|Garchomp, M|100\/100\n|turn|8\n|\n|t:|1698614525\n|switch|p2a: Flutter Mane|Flutter Mane|47\/100\n|move|p1b: Gholdengo|Protect|p1b: Gholdengo\n|-singleturn|p1b: Gholdengo|Protect\n|move|p1a: Garchomp|Earthquake|p2a: Flutter Mane|[spread] p2a,p2b\n|-activate|p1b: Gholdengo|move: Protect\n|-supereffective|p2b: Iron Hands\n|-damage|p2a: Flutter Mane|0 fnt\n|-damage|p2b: Iron Hands|0 fnt\n|faint|p2a: Flutter Mane\n|-end|p2a: Flutter Mane|Protosynthesis|[silent]\n|faint|p2b: Iron Hands\n|-end|p2b: Iron Hands|Quark Drive|[silent]\n|-damage|p1a: Garchomp|91\/100|[from] item: Life Orb\n|\n|upkeep\n|\n|t:|1698614537\n|switch|p2b: Tornadus|Tornadus-Therian, M|100\/100\n|turn|9\n|\n|t:|1698614551\n|-terastallize|p1a: Garchomp|Fire\n|move|p1a: Garchomp|Fire Fang|p2b: Tornadus\n|-damage|p2b: Tornadus|46\/100\n|-damage|p1a: Garchomp|81\/100|[from] item: Life Orb\n|move|p2b: Tornadus|Body Slam|p1a: Garchomp\n|-damage|p1a: Garchomp|62\/100\n|-damage|p2b: Tornadus|34\/100|[from] ability: Rough Skin|[of] p1a: Garchomp\n|move|p1b: Gholdengo|Nasty Plot|p1b: Gholdengo\n|-boost|p1b: Gholdengo|spa|2\n|\n|-heal|p2b: Tornadus|40\/100|[from] item: Leftovers\n|upkeep\n|turn|10\n|\n|t:|1698614567\n|move|p1a: Garchomp|Fire Fang|p2b: Tornadus\n|-damage|p2b: Tornadus|0 fnt\n|faint|p2b: Tornadus\n|-damage|p1a: Garchomp|53\/100|[from] item: Life Orb\n|\n|win|digoxaolin23\n|raw|digoxaolin23's rating: 1158 &rarr; <strong>1176<\/strong><br \/>(+18 for winning)\n|raw|pyappa's rating: 1057 &rarr; <strong>1044<\/strong><br \/>(-13 for losing)\n|l|\u2606pyappa\n","uploadtime":1698614578,"views":17,"p1id":"digoxaolin23","p2id":"pyappa","formatid":"gen9doublesou","rating":1044,"private":0,"password":""}