{"id":"gen9doublesou-1983602824","p1":"gillyboi","p2":"UY QUE RICO PAPI","format":"[Gen 9] Doubles OU","log":"|j|\u2606gillyboi\n|j|\u2606UY QUE RICO PAPI\n|t:|1699148286\n|gametype|doubles\n|player|p1|gillyboi|265|1266\n|player|p2|UY QUE RICO PAPI|169|1367\n|teamsize|p1|6\n|teamsize|p2|6\n|gen|9\n|tier|[Gen 9] Doubles OU\n|rated|\n|rule|Species Clause: Limit one of each Pok\u00e9mon\n|rule|OHKO Clause: OHKO moves are banned\n|rule|Evasion Moves Clause: Evasion moves are banned\n|rule|Gravity Sleep Clause: The combination of sleep-inducing moves with imperfect accuracy and Gravity or Gigantamax Orbeetle are banned\n|rule|Endless Battle Clause: Forcing endless battles is banned\n|rule|HP Percentage Mod: HP is shown in percentages\n|clearpoke\n|poke|p1|Snorlax, M|\n|poke|p1|Dusclops, M|\n|poke|p1|Sinistcha-Masterpiece|\n|poke|p1|Iron Hands|\n|poke|p1|Ursaluna, M|\n|poke|p1|Torkoal, M|\n|poke|p2|Trevenant, M|\n|poke|p2|Grimmsnarl, M|\n|poke|p2|Garganacl, M|\n|poke|p2|Ting-Lu|\n|poke|p2|Cresselia, F|\n|poke|p2|Glimmora, M|\n|teampreview\n|\n|t:|1699148301\n|start\n|switch|p1a: Torkoal|Torkoal, M|100\/100\n|switch|p1b: Dusclops|Dusclops, M|100\/100\n|switch|p2a: Grimmsnarl|Grimmsnarl, M|100\/100\n|switch|p2b: Glimmora|Glimmora, M|100\/100\n|-item|p2a: Grimmsnarl|Light Clay|[from] ability: Frisk|[of] p1b: Dusclops|[identify]\n|-item|p2b: Glimmora|Leftovers|[from] ability: Frisk|[of] p1b: Dusclops|[identify]\n|-weather|SunnyDay|[from] ability: Drought|[of] p1a: Torkoal\n|turn|1\n|inactive|Battle timer is ON: inactive players will automatically lose when time's up. (requested by UY QUE RICO PAPI)\n|\n|t:|1699148324\n|move|p2a: Grimmsnarl|Taunt|p1b: Dusclops\n|-start|p1b: Dusclops|move: Taunt\n|-enditem|p1b: Dusclops|Mental Herb\n|-end|p1b: Dusclops|move: Taunt\n|move|p2b: Glimmora|Stealth Rock|p1b: Dusclops\n|-sidestart|p1: gillyboi|move: Stealth Rock\n|move|p1a: Torkoal|Eruption|p2b: Glimmora|[spread] p2a,p2b\n|-resisted|p2b: Glimmora\n|-crit|p2b: Glimmora\n|-damage|p2a: Grimmsnarl|10\/100\n|-damage|p2b: Glimmora|30\/100\n|move|p1b: Dusclops|Trick Room|p1b: Dusclops\n|-fieldstart|move: Trick Room|[of] p1b: Dusclops\n|\n|-weather|SunnyDay|[upkeep]\n|-heal|p2b: Glimmora|36\/100|[from] item: Leftovers\n|upkeep\n|turn|2\n|inactive|UY QUE RICO PAPI has 120 seconds left.\n|c|\u2606UY QUE RICO PAPI|my bad for thinking this scrub would use his fkn brain\n|\n|t:|1699148374\n|switch|p2b: Ting-Lu|Ting-Lu|100\/100\n|-ability|p2b: Ting-Lu|Vessel of Ruin\n|move|p2a: Grimmsnarl|Parting Shot|p1a: Torkoal\n|-unboost|p1a: Torkoal|atk|1\n|-unboost|p1a: Torkoal|spa|1\n|\n|t:|1699148384\n|switch|p2a: Garganacl|Garganacl, M|100\/100|[from] Parting Shot\n|move|p1a: Torkoal|Eruption|p2a: Garganacl|[spread] p2a,p2b\n|-resisted|p2a: Garganacl\n|-damage|p2a: Garganacl|82\/100\n|-damage|p2b: Ting-Lu|69\/100\n|move|p1b: Dusclops|Night Shade|p2a: Garganacl\n|-damage|p2a: Garganacl|57\/100\n|\n|-weather|SunnyDay|[upkeep]\n|-heal|p2a: Garganacl|63\/100|[from] item: Leftovers\n|-heal|p2b: Ting-Lu|75\/100|[from] item: Leftovers\n|upkeep\n|turn|3\n|inactive|UY QUE RICO PAPI has 120 seconds left.\n|c|\u2606gillyboi|read\n|\n|t:|1699148418\n|move|p1a: Torkoal|Solar Beam||[still]\n|-prepare|p1a: Torkoal|Solar Beam\n|-anim|p1a: Torkoal|Solar Beam|p2a: Garganacl\n|-supereffective|p2a: Garganacl\n|-damage|p2a: Garganacl|34\/100\n|move|p1b: Dusclops|Will-O-Wisp|p2b: Ting-Lu|[miss]\n|-miss|p1b: Dusclops|p2b: Ting-Lu\n|move|p2a: Garganacl|Salt Cure|p1a: Torkoal\n|-supereffective|p1a: Torkoal\n|-damage|p1a: Torkoal|76\/100\n|-start|p1a: Torkoal|Salt Cure\n|move|p2b: Ting-Lu|Mean Look|p1a: Torkoal\n|-activate|p1a: Torkoal|trapped\n|\n|-weather|SunnyDay|[upkeep]\n|-heal|p2a: Garganacl|40\/100|[from] item: Leftovers\n|-heal|p2b: Ting-Lu|81\/100|[from] item: Leftovers\n|-damage|p1a: Torkoal|64\/100|[from] Salt Cure\n|upkeep\n|turn|4\n|\n|t:|1699148440\n|move|p2a: Garganacl|Protect|p2a: Garganacl\n|-singleturn|p2a: Garganacl|Protect\n|move|p2b: Ting-Lu|Protect|p2b: Ting-Lu\n|-singleturn|p2b: Ting-Lu|Protect\n|move|p1a: Torkoal|Eruption|p2a: Garganacl|[spread] \n|-activate|p2a: Garganacl|move: Protect\n|-activate|p2b: Ting-Lu|move: Protect\n|move|p1b: Dusclops|Will-O-Wisp|p2b: Ting-Lu\n|-activate|p2b: Ting-Lu|move: Protect\n|\n|-weather|SunnyDay|[upkeep]\n|-heal|p2a: Garganacl|46\/100|[from] item: Leftovers\n|-heal|p2b: Ting-Lu|87\/100|[from] item: Leftovers\n|-damage|p1a: Torkoal|51\/100|[from] Salt Cure\n|upkeep\n|turn|5\n|inactive|UY QUE RICO PAPI has 120 seconds left.\n|\n|t:|1699148456\n|move|p1a: Torkoal|Eruption|p2b: Ting-Lu|[spread] p2a,p2b\n|-resisted|p2a: Garganacl\n|-damage|p2a: Garganacl|36\/100\n|-damage|p2b: Ting-Lu|72\/100\n|move|p1b: Dusclops|Will-O-Wisp|p2b: Ting-Lu\n|-status|p2b: Ting-Lu|brn\n|move|p2a: Garganacl|Recover|p2a: Garganacl\n|-heal|p2a: Garganacl|86\/100\n|move|p2b: Ting-Lu|Spikes|p1a: Torkoal\n|-sidestart|p1: gillyboi|Spikes\n|\n|-weather|none\n|-heal|p2a: Garganacl|92\/100|[from] item: Leftovers\n|-heal|p2b: Ting-Lu|78\/100 brn|[from] item: Leftovers\n|-damage|p2b: Ting-Lu|72\/100 brn|[from] brn\n|-damage|p1a: Torkoal|39\/100|[from] Salt Cure\n|-fieldend|move: Trick Room\n|upkeep\n|turn|6\n|inactive|UY QUE RICO PAPI has 120 seconds left.\n|\n|t:|1699148475\n|switch|p2a: Cresselia|Cresselia, F|100\/100\n|move|p2b: Ting-Lu|Spikes|p1a: Torkoal\n|-sidestart|p1: gillyboi|Spikes\n|move|p1b: Dusclops|Night Shade|p2b: Ting-Lu\n|-damage|p2b: Ting-Lu|52\/100 brn\n|move|p1a: Torkoal|Lava Plume|p2b: Ting-Lu|[spread] p1b,p2a,p2b\n|-damage|p1b: Dusclops|87\/100\n|-damage|p2a: Cresselia|90\/100\n|-damage|p2b: Ting-Lu|39\/100 brn\n|-status|p1b: Dusclops|brn\n|-status|p2a: Cresselia|brn\n|\n|-heal|p2b: Ting-Lu|45\/100 brn|[from] item: Leftovers\n|-damage|p2a: Cresselia|84\/100 brn|[from] brn\n|-damage|p2b: Ting-Lu|39\/100 brn|[from] brn\n|-damage|p1b: Dusclops|81\/100 brn|[from] brn\n|-damage|p1a: Torkoal|26\/100|[from] Salt Cure\n|upkeep\n|turn|7\n|\n|t:|1699148493\n|move|p2a: Cresselia|Lunar Blessing|p2a: Cresselia|[spread] p2a,p2b\n|-heal|p2a: Cresselia|100\/100 brn\n|-curestatus|p2a: Cresselia|brn|[msg]\n|-heal|p2b: Ting-Lu|64\/100 brn\n|-curestatus|p2b: Ting-Lu|brn|[msg]\n|move|p2b: Ting-Lu|Spikes|p1a: Torkoal\n|-sidestart|p1: gillyboi|Spikes\n|move|p1b: Dusclops|Night Shade|p2a: Cresselia\n|-damage|p2a: Cresselia|78\/100\n|move|p1a: Torkoal|Lava Plume|p2a: Cresselia|[spread] p1b,p2a,p2b\n|-damage|p1b: Dusclops|70\/100 brn\n|-damage|p2a: Cresselia|67\/100\n|-damage|p2b: Ting-Lu|52\/100\n|-status|p2a: Cresselia|brn\n|-status|p2b: Ting-Lu|brn\n|\n|-heal|p2b: Ting-Lu|58\/100 brn|[from] item: Leftovers\n|-damage|p2a: Cresselia|61\/100 brn|[from] brn\n|-damage|p2b: Ting-Lu|52\/100 brn|[from] brn\n|-damage|p1b: Dusclops|64\/100 brn|[from] brn\n|-damage|p1a: Torkoal|14\/100|[from] Salt Cure\n|upkeep\n|turn|8\n|inactive|UY QUE RICO PAPI has 120 seconds left.\n|\n|t:|1699148537\n|move|p2a: Cresselia|Lunar Blessing|p2a: Cresselia|[spread] p2a,p2b\n|-heal|p2a: Cresselia|86\/100 brn\n|-curestatus|p2a: Cresselia|brn|[msg]\n|-heal|p2b: Ting-Lu|77\/100 brn\n|-curestatus|p2b: Ting-Lu|brn|[msg]\n|move|p1b: Dusclops|Night Shade|p2a: Cresselia\n|-damage|p2a: Cresselia|63\/100\n|move|p1a: Torkoal|Lava Plume|p2b: Ting-Lu|[spread] p1b,p2a,p2b\n|-damage|p1b: Dusclops|52\/100 brn\n|-damage|p2a: Cresselia|54\/100\n|-damage|p2b: Ting-Lu|65\/100\n|-status|p2a: Cresselia|brn\n|move|p2b: Ting-Lu|Whirlwind|p1a: Torkoal\n|drag|p1a: Ursaluna|Ursaluna, M|100\/100\n|-damage|p1a: Ursaluna|94\/100|[from] Stealth Rock\n|-damage|p1a: Ursaluna|69\/100|[from] Spikes\n|\n|-heal|p2b: Ting-Lu|72\/100|[from] item: Leftovers\n|-damage|p2a: Cresselia|48\/100 brn|[from] brn\n|-damage|p1b: Dusclops|46\/100 brn|[from] brn\n|-status|p1a: Ursaluna|brn|[from] item: Flame Orb\n|upkeep\n|turn|9\n|inactive|UY QUE RICO PAPI has 120 seconds left.\n|\n|t:|1699148571\n|move|p2b: Ting-Lu|Protect|p2b: Ting-Lu\n|-singleturn|p2b: Ting-Lu|Protect\n|move|p2a: Cresselia|Lunar Blessing|p2a: Cresselia|[spread] p2a,p2b\n|-heal|p2a: Cresselia|73\/100 brn\n|-curestatus|p2a: Cresselia|brn|[msg]\n|-heal|p2b: Ting-Lu|97\/100\n|move|p1a: Ursaluna|Facade|p2a: Cresselia\n|-damage|p2a: Cresselia|7\/100\n|move|p1b: Dusclops|Pain Split|p2b: Ting-Lu\n|-activate|p2b: Ting-Lu|move: Protect\n|\n|-heal|p2b: Ting-Lu|100\/100|[from] item: Leftovers\n|-damage|p1a: Ursaluna|63\/100 brn|[from] brn\n|-damage|p1b: Dusclops|40\/100 brn|[from] brn\n|upkeep\n|turn|10\n|inactive|UY QUE RICO PAPI has 120 seconds left.\n|\n|t:|1699148604\n|switch|p2a: Glimmora|Glimmora, M|36\/100\n|switch|p2b: Trevenant|Trevenant, M|100\/100\n|move|p1a: Ursaluna|Facade|p2a: Glimmora\n|-resisted|p2a: Glimmora\n|-damage|p2a: Glimmora|0 fnt\n|-activate|p2a: Glimmora|ability: Toxic Debris\n|-sidestart|p1: gillyboi|move: Toxic Spikes\n|faint|p2a: Glimmora\n|move|p1b: Dusclops|Trick Room|p1b: Dusclops\n|-fieldstart|move: Trick Room|[of] p1b: Dusclops\n|\n|-damage|p1b: Dusclops|34\/100 brn|[from] brn\n|-damage|p1a: Ursaluna|57\/100 brn|[from] brn\n|upkeep\n|\n|t:|1699148618\n|switch|p2a: Garganacl|Garganacl, M|92\/100\n|turn|11\n|\n|t:|1699148628\n|-terastallize|p1a: Ursaluna|Normal\n|move|p2a: Garganacl|Protect|p2a: Garganacl\n|-singleturn|p2a: Garganacl|Protect\n|move|p1b: Dusclops|Will-O-Wisp|p2b: Trevenant\n|-status|p2b: Trevenant|brn\n|move|p1a: Ursaluna|Facade|p2a: Garganacl\n|-activate|p2a: Garganacl|move: Protect\n|move|p2b: Trevenant|Curse|p1a: Ursaluna\n|-start|p1a: Ursaluna|Curse|[of] p2b: Trevenant\n|-damage|p2b: Trevenant|50\/100 brn\n|-enditem|p2b: Trevenant|Sitrus Berry|[eat]\n|-heal|p2b: Trevenant|75\/100 brn|[from] item: Sitrus Berry\n|\n|-heal|p2a: Garganacl|98\/100|[from] item: Leftovers\n|-damage|p1b: Dusclops|28\/100 brn|[from] brn\n|-damage|p1a: Ursaluna|51\/100 brn|[from] brn\n|-damage|p2b: Trevenant|69\/100 brn|[from] brn\n|-damage|p1a: Ursaluna|26\/100 brn|[from] Curse\n|upkeep\n|turn|12\n|inactive|UY QUE RICO PAPI has 120 seconds left.\n|\n|t:|1699148659\n|-terastallize|p2a: Garganacl|Ghost\n|move|p2b: Trevenant|Protect|p2b: Trevenant\n|-singleturn|p2b: Trevenant|Protect\n|move|p1b: Dusclops|Night Shade|p2b: Trevenant\n|-activate|p2b: Trevenant|move: Protect\n|move|p1a: Ursaluna|Facade|p2a: Garganacl\n|-immune|p2a: Garganacl\n|move|p2a: Garganacl|Salt Cure|p1b: Dusclops\n|-damage|p1b: Dusclops|15\/100 brn\n|-start|p1b: Dusclops|Salt Cure\n|\n|-heal|p2a: Garganacl|100\/100|[from] item: Leftovers\n|-damage|p1b: Dusclops|9\/100 brn|[from] brn\n|-damage|p1a: Ursaluna|20\/100 brn|[from] brn\n|-damage|p2b: Trevenant|63\/100 brn|[from] brn\n|-damage|p1a: Ursaluna|0 fnt|[from] Curse\n|faint|p1a: Ursaluna\n|-damage|p1b: Dusclops|0 fnt|[from] Salt Cure\n|faint|p1b: Dusclops\n|-item|p2b: Trevenant|Sitrus Berry|[from] ability: Harvest\n|upkeep\n|\n|t:|1699148667\n|switch|p1b: Sinistcha|Sinistcha-Masterpiece|100\/100\n|switch|p1a: Snorlax|Snorlax, M|100\/100\n|-damage|p1a: Snorlax|88\/100|[from] Stealth Rock\n|-damage|p1a: Snorlax|63\/100|[from] Spikes\n|-status|p1a: Snorlax|psn\n|-damage|p1b: Sinistcha|88\/100|[from] Stealth Rock\n|-damage|p1b: Sinistcha|63\/100|[from] Spikes\n|-status|p1b: Sinistcha|psn\n|-heal|p1a: Snorlax|88\/100 psn|[from] ability: Hospitality|[of] p1b: Sinistcha\n|turn|13\n|inactive|UY QUE RICO PAPI has 120 seconds left.\n|\n|t:|1699148699\n|move|p1a: Snorlax|Belly Drum|p1a: Snorlax\n|-damage|p1a: Snorlax|38\/100 psn\n|-setboost|p1a: Snorlax|atk|6|[from] move: Belly Drum\n|-enditem|p1a: Snorlax|Sitrus Berry|[eat]\n|-heal|p1a: Snorlax|63\/100 psn|[from] item: Sitrus Berry\n|move|p2a: Garganacl|Salt Cure|p1a: Snorlax\n|-damage|p1a: Snorlax|49\/100 psn\n|-start|p1a: Snorlax|Salt Cure\n|move|p2b: Trevenant|Curse|p1a: Snorlax\n|-start|p1a: Snorlax|Curse|[of] p2b: Trevenant\n|-damage|p2b: Trevenant|13\/100 brn\n|-enditem|p2b: Trevenant|Sitrus Berry|[eat]\n|-heal|p2b: Trevenant|38\/100 brn|[from] item: Sitrus Berry\n|move|p1b: Sinistcha|Matcha Gotcha|p2a: Garganacl|[spread] p2a,p2b\n|-crit|p2a: Garganacl\n|-resisted|p2b: Trevenant\n|-damage|p2a: Garganacl|65\/100\n|-heal|p1b: Sinistcha|89\/100 psn|[from] drain|[of] p2a: Garganacl\n|-damage|p2b: Trevenant|24\/100 brn\n|-heal|p1b: Sinistcha|98\/100 psn|[from] drain|[of] p2b: Trevenant\n|\n|-heal|p2a: Garganacl|71\/100|[from] item: Leftovers\n|-damage|p1a: Snorlax|37\/100 psn|[from] psn\n|-damage|p1b: Sinistcha|85\/100 psn|[from] psn\n|-damage|p2b: Trevenant|18\/100 brn|[from] brn\n|-damage|p1a: Snorlax|12\/100 psn|[from] Curse\n|-damage|p1a: Snorlax|0 fnt|[from] Salt Cure\n|faint|p1a: Snorlax\n|upkeep\n|\n|t:|1699148707\n|switch|p1a: Iron Hands|Iron Hands|100\/100\n|-damage|p1a: Iron Hands|94\/100|[from] Stealth Rock\n|-damage|p1a: Iron Hands|69\/100|[from] Spikes\n|-status|p1a: Iron Hands|psn\n|turn|14\n|c|\u2606gillyboi|gg\n|-message|gillyboi forfeited.\n|\n|win|UY QUE RICO PAPI\n|raw|gillyboi's rating: 1266 &rarr; <strong>1248<\/strong><br \/>(-18 for losing)\n|raw|UY QUE RICO PAPI's rating: 1367 &rarr; <strong>1381<\/strong><br \/>(+14 for winning)\n|l|\u2606gillyboi\n","uploadtime":1699148734,"views":12,"p1id":"gillyboi","p2id":"uyquericopapi","formatid":"gen9doublesou","rating":1248,"private":0,"password":""}