{"id":"gen9doublesou-1972140230","p1":"rngsway","p2":"DratiniKing10","format":"[Gen 9] Doubles OU","log":"|j|\u2606rngsway\n|j|\u2606DratiniKing10\n|t:|1697816123\n|gametype|doubles\n|player|p1|rngsway|pokefanf-gen4|1000\n|player|p2|DratiniKing10|lucas|1122\n|teamsize|p1|6\n|teamsize|p2|6\n|gen|9\n|tier|[Gen 9] Doubles OU\n|rated|\n|rule|Species Clause: Limit one of each Pok\u00e9mon\n|rule|OHKO Clause: OHKO moves are banned\n|rule|Evasion Moves Clause: Evasion moves are banned\n|rule|Gravity Sleep Clause: The combination of sleep-inducing moves with imperfect accuracy and Gravity or Gigantamax Orbeetle are banned\n|rule|Endless Battle Clause: Forcing endless battles is banned\n|rule|HP Percentage Mod: HP is shown in percentages\n|clearpoke\n|poke|p1|Quaquaval, F|\n|poke|p1|Cinderace, F|\n|poke|p1|Krookodile, F|\n|poke|p1|Enamorus, F|\n|poke|p1|Rillaboom, M|\n|poke|p1|Chandelure, M|\n|poke|p2|Ting-Lu|\n|poke|p2|Arcanine, M|\n|poke|p2|Kingambit, M|\n|poke|p2|Tornadus, M|\n|poke|p2|Sneasler, M|\n|poke|p2|Ogerpon-Wellspring, F|\n|teampreview\n|\n|t:|1697816145\n|start\n|switch|p1a: Enamorus|Enamorus, F|100\/100\n|switch|p1b: Chandelure|Chandelure, M|100\/100\n|switch|p2a: Julica|Ogerpon-Wellspring, F|100\/100\n|switch|p2b: Miles|Tornadus, M|100\/100\n|turn|1\n|\n|t:|1697816167\n|move|p2b: Miles|Rain Dance|p2b: Miles\n|-weather|RainDance\n|move|p1a: Enamorus|Moonblast|p2b: Miles\n|-damage|p2b: Miles|49\/100\n|-unboost|p2b: Miles|spa|1\n|-enditem|p2b: Miles|Sitrus Berry|[eat]\n|-heal|p2b: Miles|74\/100|[from] item: Sitrus Berry\n|move|p2a: Julica|Ivy Cudgel|p1b: Chandelure\n|-supereffective|p1b: Chandelure\n|-enditem|p1b: Chandelure|Focus Sash\n|-damage|p1b: Chandelure|1\/100\n|move|p1b: Chandelure|Shadow Ball|p2a: Julica\n|-damage|p2a: Julica|52\/100\n|\n|-weather|RainDance|[upkeep]\n|upkeep\n|turn|2\n|\n|t:|1697816190\n|-terastallize|p2a: Julica|Water\n|detailschange|p2a: Julica|Ogerpon-Wellspring-Tera, F, tera:Water\n|-ability|p2a: Julica|Embody Aspect (Wellspring)|boost\n|-boost|p2a: Julica|spd|1\n|move|p2b: Miles|Tailwind|p2b: Miles\n|-sidestart|p2: DratiniKing10|move: Tailwind\n|move|p2a: Julica|Ivy Cudgel|p1a: Enamorus\n|-damage|p1a: Enamorus|0 fnt\n|faint|p1a: Enamorus\n|move|p1b: Chandelure|Shadow Ball|p2a: Julica\n|-damage|p2a: Julica|17\/100\n|\n|-weather|RainDance|[upkeep]\n|upkeep\n|\n|t:|1697816204\n|switch|p1a: Quaquaval|Quaquaval, F|100\/100\n|turn|3\n|\n|t:|1697816211\n|move|p2a: Julica|Spiky Shield|p2a: Julica\n|-singleturn|p2a: Julica|move: Protect\n|move|p1a: Quaquaval|Aqua Jet|p2b: Miles\n|-damage|p2b: Miles|44\/100\n|move|p2b: Miles|Bleakwind Storm|p1b: Chandelure|[spread] p1a,p1b\n|-supereffective|p1a: Quaquaval\n|-damage|p1a: Quaquaval|44\/100\n|-damage|p1b: Chandelure|0 fnt\n|faint|p1b: Chandelure\n|\n|-weather|RainDance|[upkeep]\n|upkeep\n|\n|t:|1697816217\n|switch|p1b: Rillaboom|Rillaboom, M|100\/100\n|-fieldstart|move: Grassy Terrain|[from] ability: Grassy Surge|[of] p1b: Rillaboom\n|turn|4\n|\n|t:|1697816232\n|move|p2b: Miles|Protect|p2b: Miles\n|-singleturn|p2b: Miles|Protect\n|move|p1b: Rillaboom|Grassy Glide|p2a: Julica\n|-supereffective|p2a: Julica\n|-damage|p2a: Julica|0 fnt\n|faint|p2a: Julica\n|move|p1a: Quaquaval|Aqua Step|p2b: Miles\n|-activate|p2b: Miles|move: Protect\n|\n|-weather|RainDance|[upkeep]\n|-heal|p1a: Quaquaval|50\/100|[from] Grassy Terrain\n|upkeep\n|\n|t:|1697816242\n|switch|p2a: Tavi|Sneasler, M|100\/100\n|turn|5\n|\n|t:|1697816254\n|-terastallize|p1a: Quaquaval|Psychic\n|move|p2a: Tavi|Fake Out|p1a: Quaquaval\n|-damage|p1a: Quaquaval|29\/100\n|move|p1b: Rillaboom|Grassy Glide|p2a: Tavi\n|-resisted|p2a: Tavi\n|-damage|p2a: Tavi|68\/100\n|move|p2b: Miles|Bleakwind Storm|p1a: Quaquaval|[spread] p1a,p1b\n|-supereffective|p1b: Rillaboom\n|-damage|p1a: Quaquaval|1\/100\n|-damage|p1b: Rillaboom|46\/100\n|-unboost|p1b: Rillaboom|spe|1\n|cant|p1a: Quaquaval|flinch\n|\n|-weather|none\n|-heal|p2a: Tavi|74\/100|[from] Grassy Terrain\n|-heal|p1a: Quaquaval|8\/100|[from] Grassy Terrain\n|-heal|p1b: Rillaboom|52\/100|[from] Grassy Terrain\n|-sideend|p2: DratiniKing10|move: Tailwind\n|upkeep\n|turn|6\n|\n|t:|1697816277\n|move|p2b: Miles|Tailwind|p2b: Miles\n|-sidestart|p2: DratiniKing10|move: Tailwind\n|move|p1b: Rillaboom|Grassy Glide|p2a: Tavi\n|-resisted|p2a: Tavi\n|-damage|p2a: Tavi|45\/100\n|move|p2a: Tavi|Dire Claw|p1b: Rillaboom\n|-supereffective|p1b: Rillaboom\n|-crit|p1b: Rillaboom\n|-damage|p1b: Rillaboom|0 fnt\n|faint|p1b: Rillaboom\n|move|p1a: Quaquaval|Aqua Step|p2b: Miles\n|-damage|p2b: Miles|10\/100\n|-boost|p1a: Quaquaval|spe|1\n|\n|-heal|p2a: Tavi|51\/100|[from] Grassy Terrain\n|-heal|p1a: Quaquaval|14\/100|[from] Grassy Terrain\n|upkeep\n|\n|t:|1697816293\n|switch|p1b: Cinderace|Cinderace, F|100\/100\n|turn|7\n|\n|t:|1697816307\n|move|p2b: Miles|Rain Dance|p2b: Miles\n|-weather|RainDance\n|move|p1a: Quaquaval|Aqua Jet|p2b: Miles\n|-damage|p2b: Miles|0 fnt\n|faint|p2b: Miles\n|-ability|p1a: Quaquaval|Moxie|boost\n|-boost|p1a: Quaquaval|atk|1\n|move|p1b: Cinderace|Sucker Punch|p2a: Tavi\n|-start|p1b: Cinderace|typechange|Dark|[from] ability: Libero\n|-resisted|p2a: Tavi\n|-damage|p2a: Tavi|20\/100\n|move|p2a: Tavi|Dire Claw|p1b: Cinderace\n|-damage|p1b: Cinderace|30\/100\n|-status|p1b: Cinderace|par\n|\n|-weather|RainDance|[upkeep]\n|-heal|p2a: Tavi|26\/100|[from] Grassy Terrain\n|-heal|p1a: Quaquaval|20\/100|[from] Grassy Terrain\n|-heal|p1b: Cinderace|36\/100 par|[from] Grassy Terrain\n|upkeep\n|\n|t:|1697816326\n|switch|p2b: &IHaveAnAxe|Kingambit, M, shiny|100\/100\n|turn|8\n|\n|t:|1697816336\n|move|p2b: &IHaveAnAxe|Sucker Punch|p1a: Quaquaval\n|-supereffective|p1a: Quaquaval\n|-damage|p1a: Quaquaval|0 fnt\n|faint|p1a: Quaquaval\n|-damage|p2b: &IHaveAnAxe|91\/100|[from] item: Life Orb\n|move|p1b: Cinderace|Sucker Punch|p2a: Tavi\n|-resisted|p2a: Tavi\n|-damage|p2a: Tavi|0 fnt\n|faint|p2a: Tavi\n|\n|-weather|RainDance|[upkeep]\n|-heal|p2b: &IHaveAnAxe|97\/100|[from] Grassy Terrain\n|-heal|p1b: Cinderace|42\/100 par|[from] Grassy Terrain\n|-fieldend|move: Grassy Terrain\n|upkeep\n|\n|t:|1697816349\n|switch|p2a: MooseCraft|Ting-Lu|100\/100\n|switch|p1a: Krookodile|Krookodile, F|100\/100\n|-ability|p2a: MooseCraft|Vessel of Ruin\n|turn|9\n|\n|t:|1697816362\n|move|p2a: MooseCraft|Protect|p2a: MooseCraft\n|-singleturn|p2a: MooseCraft|Protect\n|move|p1a: Krookodile|Earthquake|p2b: &IHaveAnAxe|[spread] p1b,p2b\n|-activate|p2a: MooseCraft|move: Protect\n|-supereffective|p2b: &IHaveAnAxe\n|-damage|p1b: Cinderace|0 fnt\n|-damage|p2b: &IHaveAnAxe|42\/100\n|faint|p1b: Cinderace\n|-ability|p1a: Krookodile|Moxie|boost\n|-boost|p1a: Krookodile|atk|1\n|move|p2b: &IHaveAnAxe|Iron Head|p1a: Krookodile\n|-damage|p1a: Krookodile|22\/100\n|-damage|p2b: &IHaveAnAxe|32\/100|[from] item: Life Orb\n|\n|-weather|RainDance|[upkeep]\n|-sideend|p2: DratiniKing10|move: Tailwind\n|upkeep\n|turn|10\n|\n|t:|1697816379\n|move|p2b: &IHaveAnAxe|Sucker Punch|p1a: Krookodile\n|-resisted|p1a: Krookodile\n|-damage|p1a: Krookodile|0 fnt\n|faint|p1a: Krookodile\n|-damage|p2b: &IHaveAnAxe|22\/100|[from] item: Life Orb\n|\n|win|DratiniKing10\n|raw|rngsway's rating: 1000 &rarr; <strong>1000<\/strong><br \/>(+0 for losing)\n|raw|DratiniKing10's rating: 1122 &rarr; <strong>1139<\/strong><br \/>(+17 for winning)\n|l|\u2606rngsway\n","uploadtime":1697816386,"views":11,"p1id":"rngsway","p2id":"dratiniking10","formatid":"gen9doublesou","rating":1000,"private":0,"password":""}