{"id":"gen9doublesou-1996919000","p1":"Snipershadow_27","p2":"Falseti","format":"[Gen 9] Doubles OU","log":"|j|\u2606Snipershadow_27\n|j|\u2606Falseti\n|t:|1700744786\n|gametype|doubles\n|player|p1|Snipershadow_27|cynthia|1191\n|player|p2|Falseti|bugcatcher-gen4dp|1144\n|teamsize|p1|6\n|teamsize|p2|6\n|gen|9\n|tier|[Gen 9] Doubles OU\n|rated|\n|rule|Species Clause: Limit one of each Pok\u00e9mon\n|rule|OHKO Clause: OHKO moves are banned\n|rule|Evasion Moves Clause: Evasion moves are banned\n|rule|Gravity Sleep Clause: The combination of sleep-inducing moves with imperfect accuracy and Gravity or Gigantamax Orbeetle are banned\n|rule|Endless Battle Clause: Forcing endless battles is banned\n|rule|HP Percentage Mod: HP is shown in percentages\n|clearpoke\n|poke|p1|Iron Hands|\n|poke|p1|Ursaluna, F|\n|poke|p1|Indeedee-F, F|\n|poke|p1|Armarouge, M|\n|poke|p1|Glastrier|\n|poke|p1|Hatterene, F|\n|poke|p2|Armarouge, M|\n|poke|p2|Indeedee-F, F|\n|poke|p2|Sinistcha|\n|poke|p2|Ursaluna, M|\n|poke|p2|Goodra-Hisui, M|\n|poke|p2|Kingambit, F|\n|teampreview\n|\n|t:|1700744799\n|start\n|switch|p1a: Indeedee|Indeedee-F, F|100\/100\n|switch|p1b: Armarouge|Armarouge, M|100\/100\n|switch|p2a: Sinistcha|Sinistcha|100\/100\n|switch|p2b: Ursaluna|Ursaluna, M|100\/100\n|-fieldstart|move: Psychic Terrain|[from] ability: Psychic Surge|[of] p1a: Indeedee\n|-enditem|p1a: Indeedee|Psychic Seed\n|-boost|p1a: Indeedee|spd|1|[from] item: Psychic Seed\n|turn|1\n|c|\u2606Snipershadow_27|tr time\n|inactive|Battle timer is ON: inactive players will automatically lose when time's up. (requested by Falseti)\n|c|\u2606Falseti|yea lol\n|\n|t:|1700744859\n|move|p1a: Indeedee|Helping Hand|p1b: Armarouge\n|-singleturn|p1b: Armarouge|Helping Hand|[of] p1a: Indeedee\n|move|p1b: Armarouge|Energy Ball|p2b: Ursaluna\n|-supereffective|p2b: Ursaluna\n|-damage|p2b: Ursaluna|0 fnt\n|faint|p2b: Ursaluna\n|-damage|p1b: Armarouge|91\/100|[from] item: Life Orb\n|move|p2a: Sinistcha|Matcha Gotcha|p1a: Indeedee|[spread] p1a,p1b\n|-resisted|p1b: Armarouge\n|-damage|p1a: Indeedee|84\/100\n|-damage|p1b: Armarouge|79\/100\n|\n|upkeep\n|inactive|Falseti has 120 seconds left.\n|\n|t:|1700744897\n|switch|p2b: Kingambit|Kingambit, F|100\/100\n|turn|2\n|c|\u2606Snipershadow_27|tr vs tr\n|\n|t:|1700744904\n|move|p1a: Indeedee|Follow Me|p1a: Indeedee\n|-singleturn|p1a: Indeedee|move: Follow Me\n|move|p2a: Sinistcha|Rage Powder|p2a: Sinistcha\n|-singleturn|p2a: Sinistcha|move: Rage Powder\n|move|p2b: Kingambit|Kowtow Cleave|p1a: Indeedee\n|-supereffective|p1a: Indeedee\n|-damage|p1a: Indeedee|0 fnt\n|faint|p1a: Indeedee\n|move|p1b: Armarouge|Trick Room|p1b: Armarouge\n|-fieldstart|move: Trick Room|[of] p1b: Armarouge\n|\n|upkeep\n|c|\u2606Snipershadow_27|who be risking it\n|\n|t:|1700744915\n|switch|p1a: Iron Hands|Iron Hands|100\/100\n|turn|3\n|\n|t:|1700744924\n|move|p1a: Iron Hands|Drain Punch|p2b: Kingambit\n|-supereffective|p2b: Kingambit\n|-damage|p2b: Kingambit|0 fnt\n|faint|p2b: Kingambit\n|move|p2a: Sinistcha|Matcha Gotcha|p1a: Iron Hands|[spread] p1a,p1b\n|-resisted|p1b: Armarouge\n|-damage|p1a: Iron Hands|88\/100\n|-damage|p1b: Armarouge|65\/100\n|move|p1b: Armarouge|Armor Cannon|p2a: Sinistcha\n|-supereffective|p2a: Sinistcha\n|-damage|p2a: Sinistcha|0 fnt\n|-unboost|p1b: Armarouge|def|1\n|-unboost|p1b: Armarouge|spd|1\n|faint|p2a: Sinistcha\n|-damage|p1b: Armarouge|55\/100|[from] item: Life Orb\n|\n|upkeep\n|c|\u2606Snipershadow_27|3v5 how u gonna clutch\n|\n|t:|1700744949\n|switch|p2b: Goodra|Goodra-Hisui, M|100\/100\n|switch|p2a: Indeedee|Indeedee-F, F|100\/100\n|turn|4\n|\n|t:|1700744971\n|move|p2a: Indeedee|Follow Me|p2a: Indeedee\n|-singleturn|p2a: Indeedee|move: Follow Me\n|move|p1a: Iron Hands|Drain Punch|p2a: Indeedee\n|-damage|p2a: Indeedee|56\/100\n|-heal|p1a: Iron Hands|100\/100|[from] drain|[of] p2a: Indeedee\n|-damage|p1a: Iron Hands|84\/100|[from] item: Rocky Helmet|[of] p2a: Indeedee\n|move|p1b: Armarouge|Expanding Force|p2a: Indeedee|[spread] p2a,p2b\n|-resisted|p2a: Indeedee\n|-resisted|p2b: Goodra\n|-damage|p2a: Indeedee|23\/100\n|-damage|p2b: Goodra|78\/100\n|-damage|p1b: Armarouge|46\/100|[from] item: Life Orb\n|move|p2b: Goodra|Acid Armor|p2b: Goodra\n|-boost|p2b: Goodra|def|2\n|\n|-heal|p2b: Goodra|84\/100|[from] item: Leftovers\n|upkeep\n|turn|5\n|\n|t:|1700744994\n|move|p2a: Indeedee|Helping Hand|p2b: Goodra\n|-singleturn|p2b: Goodra|Helping Hand|[of] p2a: Indeedee\n|move|p1a: Iron Hands|Heavy Slam|p2a: Indeedee\n|-damage|p2a: Indeedee|0 fnt\n|-damage|p1a: Iron Hands|67\/100|[from] item: Rocky Helmet|[of] p2a: Indeedee\n|faint|p2a: Indeedee\n|move|p1b: Armarouge|Armor Cannon|p2b: Goodra\n|-damage|p2b: Goodra|37\/100\n|-unboost|p1b: Armarouge|def|1\n|-unboost|p1b: Armarouge|spd|1\n|-damage|p1b: Armarouge|36\/100|[from] item: Life Orb\n|move|p2b: Goodra|Body Press|p1a: Iron Hands\n|-damage|p1a: Iron Hands|24\/100\n|\n|-heal|p2b: Goodra|43\/100|[from] item: Leftovers\n|-fieldend|move: Psychic Terrain\n|upkeep\n|inactive|Falseti has 120 seconds left.\n|\n|t:|1700745010\n|switch|p2a: Armarouge|Armarouge, M|100\/100\n|turn|6\n|\n|t:|1700745026\n|switch|p1b: Ursaluna|Ursaluna, F|100\/100\n|move|p1a: Iron Hands|Drain Punch|p2b: Goodra\n|-supereffective|p2b: Goodra\n|-damage|p2b: Goodra|9\/100\n|-heal|p1a: Iron Hands|37\/100|[from] drain|[of] p2b: Goodra\n|move|p2a: Armarouge|Heat Wave|p1a: Iron Hands|[spread] p1a,p1b\n|-damage|p1a: Iron Hands|7\/100\n|-damage|p1b: Ursaluna|60\/100\n|-damage|p2a: Armarouge|91\/100|[from] item: Life Orb\n|move|p2b: Goodra|Body Press|p1a: Iron Hands\n|-damage|p1a: Iron Hands|0 fnt\n|faint|p1a: Iron Hands\n|-end|p1a: Iron Hands|Quark Drive|[silent]\n|\n|-heal|p2b: Goodra|15\/100|[from] item: Leftovers\n|-fieldend|move: Trick Room\n|-status|p1b: Ursaluna|brn|[from] item: Flame Orb\n|upkeep\n|\n|t:|1700745043\n|switch|p1a: Hatterene|Hatterene, F|100\/100\n|turn|7\n|\n|t:|1700745060\n|move|p2b: Goodra|Heavy Slam|p1a: Hatterene\n|-supereffective|p1a: Hatterene\n|-damage|p1a: Hatterene|7\/100\n|-damage|p2b: Goodra|0 fnt|[from] item: Rocky Helmet|[of] p1a: Hatterene\n|faint|p2b: Goodra\n|move|p2a: Armarouge|Energy Ball|p1b: Ursaluna\n|-supereffective|p1b: Ursaluna\n|-damage|p1b: Ursaluna|0 fnt\n|faint|p1b: Ursaluna\n|-damage|p2a: Armarouge|81\/100|[from] item: Life Orb\n|move|p1a: Hatterene|Trick Room|p1a: Hatterene\n|-fieldstart|move: Trick Room|[of] p1a: Hatterene\n|\n|upkeep\n|c|\u2606Snipershadow_27|say ara ara to armarougue\n|c|\u2606Snipershadow_27|nah jk\n|\n|t:|1700745075\n|switch|p1b: Glastrier|Glastrier|100\/100\n|turn|8\n|c|\u2606Snipershadow_27|or?\n|\n|t:|1700745087\n|move|p1b: Glastrier|High Horsepower|p2a: Armarouge\n|-supereffective|p2a: Armarouge\n|-damage|p2a: Armarouge|23\/100\n|move|p1a: Hatterene|Life Dew||[still]|[spread] p1a,p1b\n|-heal|p1a: Hatterene|32\/100\n|-fail|p1b: Glastrier|heal\n|move|p2a: Armarouge|Heat Wave|p1a: Hatterene|[spread] p1b\n|-miss|p2a: Armarouge|p1a: Hatterene\n|-supereffective|p1b: Glastrier\n|-damage|p1b: Glastrier|24\/100\n|-damage|p2a: Armarouge|13\/100|[from] item: Life Orb\n|\n|upkeep\n|turn|9\n|c|\u2606Falseti|it's joever\n|\n|t:|1700745109\n|move|p1b: Glastrier|High Horsepower|p2a: Armarouge\n|-supereffective|p2a: Armarouge\n|-damage|p2a: Armarouge|0 fnt\n|faint|p2a: Armarouge\n|\n|win|Snipershadow_27\n|raw|Snipershadow_27's rating: 1191 &rarr; <strong>1213<\/strong><br \/>(+22 for winning)\n|raw|Falseti's rating: 1144 &rarr; <strong>1122<\/strong><br \/>(-22 for losing)\n|c|\u2606Snipershadow_27|gg\n|c|\u2606Falseti|gg\n|l|\u2606Falseti\n|c|\u2606Snipershadow_27|wp\n","uploadtime":1700745124,"views":2,"p1id":"snipershadow27","p2id":"falseti","formatid":"gen9doublesou","rating":1122,"private":0,"password":""}