{"id":"gen9doublesou-1977975737","p1":"undu12345","p2":"Gen1victoryroad","format":"[Gen 9] Doubles OU","log":"|j|\u2606undu12345\n|j|\u2606Gen1victoryroad\n|t:|1698476657\n|gametype|doubles\n|player|p1|undu12345|lucas|1172\n|player|p2|Gen1victoryroad|170|1106\n|teamsize|p1|6\n|teamsize|p2|6\n|gen|9\n|tier|[Gen 9] Doubles OU\n|rated|\n|rule|Species Clause: Limit one of each Pok\u00e9mon\n|rule|OHKO Clause: OHKO moves are banned\n|rule|Evasion Moves Clause: Evasion moves are banned\n|rule|Gravity Sleep Clause: The combination of sleep-inducing moves with imperfect accuracy and Gravity or Gigantamax Orbeetle are banned\n|rule|Endless Battle Clause: Forcing endless battles is banned\n|rule|HP Percentage Mod: HP is shown in percentages\n|clearpoke\n|poke|p1|Chandelure, M|\n|poke|p1|Baxcalibur, F|\n|poke|p1|Tyranitar, M|\n|poke|p1|Iron Hands|\n|poke|p1|Garganacl, M|\n|poke|p1|Basculegion-F, F|\n|poke|p2|Baxcalibur, M|\n|poke|p2|Torkoal, F|\n|poke|p2|Walking Wake|\n|poke|p2|Gholdengo|\n|poke|p2|Amoonguss, F|\n|poke|p2|Rillaboom, F|\n|teampreview\n|\n|t:|1698476685\n|start\n|switch|p1a: Tyranitar|Tyranitar, M|100\/100\n|switch|p1b: Garganacl|Garganacl, M|100\/100\n|switch|p2a: Amoonguss|Amoonguss, F|100\/100\n|switch|p2b: Baxcalibur|Baxcalibur, M|100\/100\n|-weather|Sandstorm|[from] ability: Sand Stream|[of] p1a: Tyranitar\n|turn|1\n|\n|t:|1698476706\n|move|p2b: Baxcalibur|Protect|p2b: Baxcalibur\n|-singleturn|p2b: Baxcalibur|Protect\n|move|p1b: Garganacl|Iron Defense|p1b: Garganacl\n|-boost|p1b: Garganacl|def|2\n|move|p1a: Tyranitar|Rock Slide|p2a: Amoonguss|[spread] p2a\n|-activate|p2b: Baxcalibur|move: Protect\n|-damage|p2a: Amoonguss|66\/100\n|move|p2a: Amoonguss|Spore|p1b: Garganacl\n|-immune|p1b: Garganacl|[from] ability: Purifying Salt\n|\n|-weather|Sandstorm|[upkeep]\n|-damage|p2b: Baxcalibur|94\/100|[from] Sandstorm\n|-damage|p2a: Amoonguss|60\/100|[from] Sandstorm\n|upkeep\n|turn|2\n|\n|t:|1698476736\n|switch|p2b: Rillaboom|Rillaboom, F|100\/100\n|-fieldstart|move: Grassy Terrain|[from] ability: Grassy Surge|[of] p2b: Rillaboom\n|switch|p1b: Baxcalibur|Baxcalibur, F|100\/100\n|move|p1a: Tyranitar|Rock Slide|p2b: Rillaboom|[spread] p2a,p2b\n|-damage|p2a: Amoonguss|30\/100\n|-damage|p2b: Rillaboom|75\/100\n|move|p2a: Amoonguss|Spore|p1a: Tyranitar\n|-status|p1a: Tyranitar|slp|[from] move: Spore\n|\n|-weather|Sandstorm|[upkeep]\n|-damage|p1b: Baxcalibur|94\/100|[from] Sandstorm\n|-damage|p2b: Rillaboom|69\/100|[from] Sandstorm\n|-damage|p2a: Amoonguss|24\/100|[from] Sandstorm\n|-enditem|p2a: Amoonguss|Wiki Berry|[eat]\n|-heal|p2a: Amoonguss|57\/100|[from] item: Wiki Berry\n|-heal|p1b: Baxcalibur|100\/100|[from] Grassy Terrain\n|-heal|p2b: Rillaboom|75\/100|[from] Grassy Terrain\n|-heal|p2a: Amoonguss|63\/100|[from] Grassy Terrain\n|upkeep\n|turn|3\n|\n|t:|1698476758\n|switch|p1a: Chandelure|Chandelure, M, shiny|100\/100\n|switch|p2a: Torkoal|Torkoal, F|100\/100\n|-weather|SunnyDay|[from] ability: Drought|[of] p2a: Torkoal\n|move|p2b: Rillaboom|Fake Out|p1b: Baxcalibur\n|-damage|p1b: Baxcalibur|87\/100\n|cant|p1b: Baxcalibur|flinch\n|\n|-weather|SunnyDay|[upkeep]\n|-heal|p1b: Baxcalibur|93\/100|[from] Grassy Terrain\n|-heal|p1b: Baxcalibur|99\/100|[from] item: Leftovers\n|-heal|p2b: Rillaboom|81\/100|[from] Grassy Terrain\n|upkeep\n|turn|4\n|\n|t:|1698476776\n|switch|p2b: Baxcalibur|Baxcalibur, M|94\/100\n|move|p1a: Chandelure|Flamethrower|p2a: Torkoal\n|-resisted|p2a: Torkoal\n|-damage|p2a: Torkoal|36\/100\n|-damage|p1a: Chandelure|91\/100|[from] item: Life Orb\n|move|p2a: Torkoal|Yawn|p1b: Baxcalibur\n|-start|p1b: Baxcalibur|move: Yawn|[of] p2a: Torkoal\n|move|p1b: Baxcalibur|Avalanche|p2b: Baxcalibur\n|-damage|p2b: Baxcalibur|57\/100\n|\n|-weather|SunnyDay|[upkeep]\n|-heal|p2b: Baxcalibur|63\/100|[from] Grassy Terrain\n|-heal|p1a: Chandelure|97\/100|[from] Grassy Terrain\n|-heal|p1b: Baxcalibur|100\/100|[from] Grassy Terrain\n|-heal|p2a: Torkoal|42\/100|[from] Grassy Terrain\n|upkeep\n|turn|5\n|\n|t:|1698476813\n|move|p2b: Baxcalibur|Protect|p2b: Baxcalibur\n|-singleturn|p2b: Baxcalibur|Protect\n|move|p1a: Chandelure|Calm Mind|p1a: Chandelure\n|-boost|p1a: Chandelure|spa|1\n|-boost|p1a: Chandelure|spd|1\n|move|p1b: Baxcalibur|Dragon Claw|p2b: Baxcalibur\n|-activate|p2b: Baxcalibur|move: Protect\n|move|p2a: Torkoal|Yawn||[still]\n|-fail|p2a: Torkoal\n|\n|-weather|SunnyDay|[upkeep]\n|-heal|p2b: Baxcalibur|69\/100|[from] Grassy Terrain\n|-heal|p1a: Chandelure|100\/100|[from] Grassy Terrain\n|-heal|p2a: Torkoal|48\/100|[from] Grassy Terrain\n|-end|p1b: Baxcalibur|move: Yawn|[silent]\n|-status|p1b: Baxcalibur|slp\n|upkeep\n|turn|6\n|\n|t:|1698476829\n|switch|p1b: Iron Hands|Iron Hands|100\/100\n|-enditem|p1b: Iron Hands|Booster Energy\n|-activate|p1b: Iron Hands|ability: Quark Drive|[fromitem]\n|-start|p1b: Iron Hands|quarkdriveatk\n|move|p2a: Torkoal|Helping Hand|p2b: Baxcalibur\n|-singleturn|p2b: Baxcalibur|Helping Hand|[of] p2a: Torkoal\n|move|p2b: Baxcalibur|Glaive Rush|p1a: Chandelure\n|-damage|p1a: Chandelure|0 fnt\n|-singlemove|p2b: Baxcalibur|Glaive Rush|[silent]\n|faint|p1a: Chandelure\n|\n|-weather|SunnyDay|[upkeep]\n|-heal|p2b: Baxcalibur|75\/100|[from] Grassy Terrain\n|-heal|p2a: Torkoal|54\/100|[from] Grassy Terrain\n|-fieldend|move: Grassy Terrain\n|upkeep\n|\n|t:|1698476848\n|switch|p1a: Garganacl|Garganacl, M|100\/100\n|turn|7\n|\n|t:|1698476857\n|move|p2b: Baxcalibur|Protect|p2b: Baxcalibur\n|-singleturn|p2b: Baxcalibur|Protect\n|move|p1a: Garganacl|Salt Cure|p2a: Torkoal\n|-supereffective|p2a: Torkoal\n|-damage|p2a: Torkoal|32\/100\n|-start|p2a: Torkoal|Salt Cure\n|move|p1b: Iron Hands|Drain Punch|p2b: Baxcalibur\n|-activate|p2b: Baxcalibur|move: Protect\n|move|p2a: Torkoal|Yawn|p1b: Iron Hands\n|-start|p1b: Iron Hands|move: Yawn|[of] p2a: Torkoal\n|\n|-weather|SunnyDay|[upkeep]\n|-damage|p2a: Torkoal|19\/100|[from] Salt Cure\n|upkeep\n|turn|8\n|\n|t:|1698476880\n|switch|p2b: Amoonguss|Amoonguss, F|96\/100\n|switch|p2a: Rillaboom|Rillaboom, F|81\/100\n|-fieldstart|move: Grassy Terrain|[from] ability: Grassy Surge|[of] p2a: Rillaboom\n|move|p1a: Garganacl|Salt Cure|p2b: Amoonguss\n|-damage|p2b: Amoonguss|76\/100\n|-start|p2b: Amoonguss|Salt Cure\n|move|p1b: Iron Hands|Drain Punch|p2a: Rillaboom\n|-damage|p2a: Rillaboom|29\/100\n|\n|-weather|SunnyDay|[upkeep]\n|-heal|p2a: Rillaboom|35\/100|[from] Grassy Terrain\n|-heal|p2b: Amoonguss|82\/100|[from] Grassy Terrain\n|-damage|p2b: Amoonguss|70\/100|[from] Salt Cure\n|-end|p1b: Iron Hands|move: Yawn|[silent]\n|-status|p1b: Iron Hands|slp\n|upkeep\n|turn|9\n|\n|t:|1698476914\n|switch|p1a: Baxcalibur|Baxcalibur, F|100\/100 slp\n|-end|p1b: Iron Hands|Quark Drive|[silent]\n|switch|p1b: Tyranitar|Tyranitar, M|100\/100 slp\n|-weather|Sandstorm|[from] ability: Sand Stream|[of] p1b: Tyranitar\n|switch|p2b: Walking Wake|Walking Wake|100\/100\n|move|p2a: Rillaboom|Grassy Glide|p1a: Baxcalibur\n|-resisted|p1a: Baxcalibur\n|-damage|p1a: Baxcalibur|81\/100 slp\n|\n|-weather|Sandstorm|[upkeep]\n|-damage|p2b: Walking Wake|94\/100|[from] Sandstorm\n|-damage|p1a: Baxcalibur|75\/100 slp|[from] Sandstorm\n|-damage|p2a: Rillaboom|29\/100|[from] Sandstorm\n|-heal|p2b: Walking Wake|100\/100|[from] Grassy Terrain\n|-heal|p1a: Baxcalibur|81\/100 slp|[from] Grassy Terrain\n|-heal|p1a: Baxcalibur|87\/100 slp|[from] item: Leftovers\n|-heal|p2a: Rillaboom|35\/100|[from] Grassy Terrain\n|upkeep\n|turn|10\n|\n|t:|1698476928\n|-terastallize|p1b: Tyranitar|Flying\n|move|p2b: Walking Wake|Dragon Pulse|p1a: Baxcalibur\n|-supereffective|p1a: Baxcalibur\n|-damage|p1a: Baxcalibur|0 fnt\n|faint|p1a: Baxcalibur\n|move|p2a: Rillaboom|U-turn|p1b: Tyranitar\n|-resisted|p1b: Tyranitar\n|-damage|p1b: Tyranitar|91\/100 slp\n|\n|t:|1698476937\n|switch|p2a: Torkoal|Torkoal, F|19\/100|[from] U-turn\n|-weather|SunnyDay|[from] ability: Drought|[of] p2a: Torkoal\n|-activate|p2b: Walking Wake|ability: Protosynthesis\n|-start|p2b: Walking Wake|protosynthesisspe\n|cant|p1b: Tyranitar|slp\n|\n|-weather|SunnyDay|[upkeep]\n|-heal|p2a: Torkoal|26\/100|[from] Grassy Terrain\n|upkeep\n|\n|t:|1698476941\n|switch|p1a: Garganacl|Garganacl, M|100\/100\n|turn|11\n|-message|undu12345 forfeited.\n|\n|win|Gen1victoryroad\n|raw|undu12345's rating: 1172 &rarr; <strong>1142<\/strong><br \/>(-30 for losing)\n|raw|Gen1victoryroad's rating: 1106 &rarr; <strong>1136<\/strong><br \/>(+30 for winning)\n|l|\u2606undu12345\n","uploadtime":1698476965,"views":30,"p1id":"undu12345","p2id":"gen1victoryroad","formatid":"gen9doublesou","rating":1136,"private":0,"password":""}