{"id":"gen9doublesou-1978857162","p1":"insect gym leader","p2":"kawaiilolipomf123","format":"[Gen 9] Doubles OU","log":"|j|\u2606insect gym leader\n|j|\u2606kawaiilolipomf123\n|t:|1698603333\n|gametype|doubles\n|player|p1|insect gym leader|drayden|1144\n|player|p2|kawaiilolipomf123|1|1048\n|teamsize|p1|6\n|teamsize|p2|6\n|gen|9\n|tier|[Gen 9] Doubles OU\n|rated|\n|rule|Species Clause: Limit one of each Pok\u00e9mon\n|rule|OHKO Clause: OHKO moves are banned\n|rule|Evasion Moves Clause: Evasion moves are banned\n|rule|Gravity Sleep Clause: The combination of sleep-inducing moves with imperfect accuracy and Gravity or Gigantamax Orbeetle are banned\n|rule|Endless Battle Clause: Forcing endless battles is banned\n|rule|HP Percentage Mod: HP is shown in percentages\n|clearpoke\n|poke|p1|Dragonite, M|\n|poke|p1|Ogerpon-Hearthflame, F|\n|poke|p1|Froslass, F|\n|poke|p1|Tauros-Paldea-Blaze, M|\n|poke|p1|Chien-Pao|\n|poke|p1|Chesnaught, M|\n|poke|p2|Empoleon, F|\n|poke|p2|Ninetales-Alola, F|\n|poke|p2|Sinistcha|\n|poke|p2|Salamence, F|\n|poke|p2|Hatterene, F|\n|poke|p2|Ditto|\n|teampreview\n|inactive|Battle timer is ON: inactive players will automatically lose when time's up. (requested by insect gym leader)\n|\n|t:|1698603360\n|start\n|switch|p1a: Ogerpon|Ogerpon-Hearthflame, F|100\/100\n|switch|p1b: Dragonite|Dragonite, M|100\/100\n|switch|p2a: Sinistcha|Sinistcha|100\/100\n|switch|p2b: Hatterene|Hatterene, F|100\/100\n|-ability|p1a: Ogerpon|Mold Breaker\n|turn|1\n|\n|t:|1698603369\n|move|p1a: Ogerpon|Follow Me|p1a: Ogerpon\n|-singleturn|p1a: Ogerpon|move: Follow Me\n|move|p1b: Dragonite|Dragon Dance|p1b: Dragonite\n|-boost|p1b: Dragonite|atk|1\n|-boost|p1b: Dragonite|spe|1\n|move|p2b: Hatterene|Trick||[still]\n|-fail|p2b: Hatterene\n|move|p2a: Sinistcha|Trick Room|p2a: Sinistcha\n|-fieldstart|move: Trick Room|[of] p2a: Sinistcha\n|\n|upkeep\n|turn|2\n|\n|t:|1698603387\n|move|p2b: Hatterene|Trick||[still]\n|-fail|p2b: Hatterene\n|move|p2a: Sinistcha|Matcha Gotcha|p1b: Dragonite|[spread] p1a,p1b\n|-resisted|p1a: Ogerpon\n|-resisted|p1b: Dragonite\n|-damage|p1a: Ogerpon|93\/100\n|-damage|p1b: Dragonite|92\/100\n|-status|p1b: Dragonite|brn\n|move|p1a: Ogerpon|Ivy Cudgel|p2a: Sinistcha\n|-supereffective|p2a: Sinistcha\n|-crit|p2a: Sinistcha\n|-damage|p2a: Sinistcha|0 fnt\n|faint|p2a: Sinistcha\n|move|p1b: Dragonite|Iron Head|p2b: Hatterene\n|-supereffective|p2b: Hatterene\n|-damage|p2b: Hatterene|50\/100\n|\n|-damage|p1b: Dragonite|86\/100 brn|[from] brn\n|upkeep\n|\n|t:|1698603398\n|switch|p2a: Empoleon|Empoleon, F|100\/100\n|turn|3\n|\n|t:|1698603408\n|move|p1a: Ogerpon|Helping Hand|p1b: Dragonite\n|-singleturn|p1b: Dragonite|Helping Hand|[of] p1a: Ogerpon\n|move|p1b: Dragonite|Extreme Speed|p2b: Hatterene\n|-damage|p2b: Hatterene|4\/100\n|move|p2b: Hatterene|Trick|p1b: Dragonite\n|-activate|p2b: Hatterene|move: Trick|[of] p1b: Dragonite\n|-item|p1b: Dragonite|Choice Band|[from] move: Trick\n|-item|p2b: Hatterene|Silk Scarf|[from] move: Trick\n|move|p2a: Empoleon|Ice Beam|p1b: Dragonite\n|-supereffective|p1b: Dragonite\n|-damage|p1b: Dragonite|0 fnt\n|faint|p1b: Dragonite\n|\n|upkeep\n|\n|t:|1698603422\n|switch|p1b: Chesnaught|Chesnaught, M|100\/100\n|turn|4\n|\n|t:|1698603435\n|move|p1b: Chesnaught|Spiky Shield|p1b: Chesnaught\n|-singleturn|p1b: Chesnaught|move: Protect\n|move|p1a: Ogerpon|Spiky Shield|p1a: Ogerpon\n|-singleturn|p1a: Ogerpon|move: Protect\n|move|p2b: Hatterene|Dazzling Gleam|p1a: Ogerpon|[spread] \n|-activate|p1a: Ogerpon|move: Protect\n|-activate|p1b: Chesnaught|move: Protect\n|move|p2a: Empoleon|Surf|p1b: Chesnaught|[spread] p2b\n|-activate|p1a: Ogerpon|move: Protect\n|-activate|p1b: Chesnaught|move: Protect\n|-damage|p2b: Hatterene|0 fnt\n|faint|p2b: Hatterene\n|\n|upkeep\n|\n|t:|1698603445\n|switch|p2b: Salamence|Salamence, F|100\/100\n|turn|5\n|\n|t:|1698603464\n|move|p1a: Ogerpon|Follow Me|p1a: Ogerpon\n|-singleturn|p1a: Ogerpon|move: Follow Me\n|move|p1b: Chesnaught|Close Combat|p2a: Empoleon\n|-supereffective|p2a: Empoleon\n|-damage|p2a: Empoleon|0 fnt\n|-unboost|p1b: Chesnaught|def|1\n|-unboost|p1b: Chesnaught|spd|1\n|faint|p2a: Empoleon\n|move|p2b: Salamence|Psychic Fangs|p1a: Ogerpon\n|-damage|p1a: Ogerpon|55\/100\n|\n|-fieldend|move: Trick Room\n|upkeep\n|\n|t:|1698603476\n|switch|p2a: Ninetales|Ninetales-Alola, F|100\/100\n|-weather|Snow|[from] ability: Snow Warning|[of] p2a: Ninetales\n|turn|6\n|\n|t:|1698603484\n|move|p2a: Ninetales|Protect|p2a: Ninetales\n|-singleturn|p2a: Ninetales|Protect\n|move|p1b: Chesnaught|Spiky Shield|p1b: Chesnaught\n|-singleturn|p1b: Chesnaught|move: Protect\n|move|p1a: Ogerpon|Ivy Cudgel|p2a: Ninetales\n|-activate|p2a: Ninetales|move: Protect\n|move|p2b: Salamence|Earthquake|p1a: Ogerpon|[spread] p1a\n|-activate|p2a: Ninetales|move: Protect\n|-activate|p1b: Chesnaught|move: Protect\n|-damage|p1a: Ogerpon|24\/100\n|\n|-weather|Snow|[upkeep]\n|upkeep\n|turn|7\n|\n|t:|1698603508\n|-terastallize|p2a: Ninetales|Ghost\n|move|p1b: Chesnaught|Wide Guard|p1b: Chesnaught\n|-singleturn|p1b: Chesnaught|Wide Guard\n|move|p1a: Ogerpon|Ivy Cudgel|p2a: Ninetales\n|-damage|p2a: Ninetales|36\/100\n|move|p2a: Ninetales|Aurora Veil|p2a: Ninetales\n|-sidestart|p2: kawaiilolipomf123|move: Aurora Veil\n|move|p2b: Salamence|Psychic Fangs|p1b: Chesnaught\n|-supereffective|p1b: Chesnaught\n|-damage|p1b: Chesnaught|29\/100\n|-damage|p2b: Salamence|84\/100|[from] item: Rocky Helmet|[of] p1b: Chesnaught\n|\n|-weather|Snow|[upkeep]\n|upkeep\n|turn|8\n|inactive|kawaiilolipomf123 has 120 seconds left.\n|\n|t:|1698603541\n|move|p1a: Ogerpon|Follow Me|p1a: Ogerpon\n|-singleturn|p1a: Ogerpon|move: Follow Me\n|move|p2a: Ninetales|Moonblast|p1a: Ogerpon\n|-resisted|p1a: Ogerpon\n|-damage|p1a: Ogerpon|9\/100\n|move|p2b: Salamence|Psychic Fangs|p1a: Ogerpon\n|-damage|p1a: Ogerpon|0 fnt\n|faint|p1a: Ogerpon\n|-ability|p2b: Salamence|Moxie|boost\n|-boost|p2b: Salamence|atk|1\n|move|p1b: Chesnaught|Seed Bomb|p2a: Ninetales\n|-damage|p2a: Ninetales|0 fnt\n|faint|p2a: Ninetales\n|\n|-weather|Snow|[upkeep]\n|upkeep\n|\n|t:|1698603564\n|switch|p1a: Froslass|Froslass, F|100\/100\n|switch|p2a: Ditto|Ditto|100\/100\n|-transform|p2a: Ditto|p1b: Chesnaught|[from] ability: Imposter\n|turn|9\n|\n|t:|1698603579\n|move|p2a: Ditto|Spiky Shield|p2a: Ditto\n|-singleturn|p2a: Ditto|move: Protect\n|move|p1b: Chesnaught|Spiky Shield|p1b: Chesnaught\n|-singleturn|p1b: Chesnaught|move: Protect\n|move|p1a: Froslass|Frost Breath|p2b: Salamence\n|-supereffective|p2b: Salamence\n|-crit|p2b: Salamence\n|-damage|p2b: Salamence|0 fnt\n|faint|p2b: Salamence\n|\n|-weather|Snow|[upkeep]\n|upkeep\n|turn|10\n|\n|t:|1698603596\n|move|p1a: Froslass|Frost Breath|p2a: Ditto\n|-supereffective|p2a: Ditto\n|-crit|p2a: Ditto\n|-damage|p2a: Ditto|0 fnt\n|faint|p2a: Ditto\n|\n|win|insect gym leader\n|raw|insect gym leader's rating: 1144 &rarr; <strong>1162<\/strong><br \/>(+18 for winning)\n|raw|kawaiilolipomf123's rating: 1048 &rarr; <strong>1035<\/strong><br \/>(-13 for losing)\n|l|\u2606kawaiilolipomf123\n","uploadtime":1698603605,"views":17,"p1id":"insectgymleader","p2id":"kawaiilolipomf123","formatid":"gen9doublesou","rating":1035,"private":0,"password":""}