{"id":"gen9doublesou-2000331879","p1":"Blue Kaiser dragon","p2":"lord weeny","format":"[Gen 9] Doubles OU","log":"|j|\u2606Blue Kaiser dragon\n|j|\u2606lord weeny\n|t:|1701185697\n|gametype|doubles\n|player|p1|Blue Kaiser dragon|volkner|1243\n|player|p2|lord weeny|crasherwake|1204\n|teamsize|p1|6\n|teamsize|p2|6\n|gen|9\n|tier|[Gen 9] Doubles OU\n|rated|\n|rule|Species Clause: Limit one of each Pok\u00e9mon\n|rule|OHKO Clause: OHKO moves are banned\n|rule|Evasion Moves Clause: Evasion moves are banned\n|rule|Gravity Sleep Clause: The combination of sleep-inducing moves with imperfect accuracy and Gravity or Gigantamax Orbeetle are banned\n|rule|Endless Battle Clause: Forcing endless battles is banned\n|rule|HP Percentage Mod: HP is shown in percentages\n|clearpoke\n|poke|p1|Kleavor, M|\n|poke|p1|Scizor, M|\n|poke|p1|Ogerpon-Wellspring, F|\n|poke|p1|Rabsca, M|\n|poke|p1|Scyther, M|\n|poke|p1|Ninetales-Alola, F|\n|poke|p2|Baxcalibur, M|\n|poke|p2|Ninetales-Alola, F|\n|poke|p2|Articuno|\n|poke|p2|Iron Bundle|\n|poke|p2|Beartic, F|\n|poke|p2|Abomasnow, F|\n|teampreview\n|\n|t:|1701185724\n|start\n|switch|p1a: Ninetales|Ninetales-Alola, F|100\/100\n|switch|p1b: Kleavor|Kleavor, M|100\/100\n|switch|p2a: Edp445|Baxcalibur, M, shiny|100\/100\n|switch|p2b: Naruto|Ninetales-Alola, F, shiny|100\/100\n|-weather|Snow|[from] ability: Snow Warning|[of] p1a: Ninetales\n|turn|1\n|\n|t:|1701185742\n|-terastallize|p2a: Edp445|Water\n|move|p1a: Ninetales|Aurora Veil|p1a: Ninetales\n|-sidestart|p1: Blue Kaiser dragon|move: Aurora Veil\n|move|p2a: Edp445|Scale Shot|p1b: Kleavor\n|-damage|p1b: Kleavor|86\/100\n|-damage|p1b: Kleavor|73\/100\n|-damage|p1b: Kleavor|61\/100\n|-damage|p1b: Kleavor|47\/100\n|-hitcount|p1b: Kleavor|4\n|-unboost|p2a: Edp445|def|1\n|-boost|p2a: Edp445|spe|1\n|move|p1b: Kleavor|Stone Axe|p2b: Naruto\n|-supereffective|p2b: Naruto\n|-damage|p2b: Naruto|2\/100\n|-sidestart|p2: lord weeny|move: Stealth Rock\n|move|p2b: Naruto|Aurora Veil|p2b: Naruto\n|-sidestart|p2: lord weeny|move: Aurora Veil\n|\n|-weather|Snow|[upkeep]\n|-heal|p1b: Kleavor|53\/100|[from] item: Leftovers\n|upkeep\n|turn|2\n|\n|t:|1701185768\n|move|p2a: Edp445|Scale Shot|p1b: Kleavor\n|-damage|p1b: Kleavor|38\/100\n|-damage|p1b: Kleavor|25\/100\n|-damage|p1b: Kleavor|11\/100\n|-damage|p1b: Kleavor|0 fnt\n|faint|p1b: Kleavor\n|-hitcount|p1: Kleavor|4\n|-unboost|p2a: Edp445|def|1\n|-boost|p2a: Edp445|spe|1\n|move|p1a: Ninetales|Dazzling Gleam|p2b: Naruto|[spread] p2a,p2b\n|-damage|p2a: Edp445|83\/100\n|-damage|p2b: Naruto|0 fnt\n|faint|p2b: Naruto\n|\n|-weather|Snow|[upkeep]\n|upkeep\n|\n|t:|1701185789\n|switch|p1b: Ogerpon|Ogerpon-Wellspring, F|100\/100\n|switch|p2b: Freddy fazber|Beartic, F, shiny|100\/100\n|-damage|p2b: Freddy fazber|76\/100|[from] Stealth Rock\n|turn|3\n|\n|t:|1701185810\n|-terastallize|p1b: Ogerpon|Water\n|detailschange|p1b: Ogerpon|Ogerpon-Wellspring-Tera, F, tera:Water\n|-ability|p1b: Ogerpon|Embody Aspect (Wellspring)|boost\n|-boost|p1b: Ogerpon|spd|1\n|move|p2a: Edp445|Protect|p2a: Edp445\n|-singleturn|p2a: Edp445|Protect\n|move|p2b: Freddy fazber|Close Combat|p1b: Ogerpon\n|-damage|p1b: Ogerpon|62\/100\n|-unboost|p2b: Freddy fazber|def|1\n|-unboost|p2b: Freddy fazber|spd|1\n|move|p1b: Ogerpon|Horn Leech|p2a: Edp445\n|-activate|p2a: Edp445|move: Protect\n|move|p1a: Ninetales|Dazzling Gleam|p2a: Edp445|[spread] p2b\n|-activate|p2a: Edp445|move: Protect\n|-damage|p2b: Freddy fazber|54\/100\n|\n|-weather|Snow|[upkeep]\n|upkeep\n|turn|4\n|inactive|Battle timer is ON: inactive players will automatically lose when time's up. (requested by lord weeny)\n|inactive|Blue Kaiser dragon has 120 seconds left.\n|inactive|Blue Kaiser dragon has 90 seconds left.\n|inactive|Blue Kaiser dragon has 60 seconds left.\n|\n|t:|1701185969\n|move|p2a: Edp445|Scale Shot|p1b: Ogerpon|[miss]\n|-miss|p2a: Edp445|p1b: Ogerpon\n|move|p2b: Freddy fazber|Rock Slide|p1a: Ninetales|[spread] p1a,p1b\n|-supereffective|p1a: Ninetales\n|-damage|p1a: Ninetales|72\/100\n|-damage|p1b: Ogerpon|42\/100\n|cant|p1b: Ogerpon|flinch\n|move|p1a: Ninetales|Dazzling Gleam|p2b: Freddy fazber|[spread] p2a,p2b\n|-damage|p2a: Edp445|67\/100\n|-damage|p2b: Freddy fazber|34\/100\n|\n|-weather|Snow|[upkeep]\n|-heal|p1a: Ninetales|78\/100|[from] item: Leftovers\n|upkeep\n|turn|5\n|\n|t:|1701185993\n|move|p2a: Edp445|Scale Shot|p1b: Ogerpon\n|-damage|p1b: Ogerpon|28\/100\n|-damage|p1b: Ogerpon|15\/100\n|-damage|p1b: Ogerpon|1\/100\n|-damage|p1b: Ogerpon|0 fnt\n|faint|p1b: Ogerpon\n|-hitcount|p1: Ogerpon|4\n|-unboost|p2a: Edp445|def|1\n|-boost|p2a: Edp445|spe|1\n|move|p2b: Freddy fazber|Rock Slide|p1a: Ninetales\n|-supereffective|p1a: Ninetales\n|-damage|p1a: Ninetales|41\/100\n|move|p1a: Ninetales|Dazzling Gleam|p2b: Freddy fazber|[spread] p2a,p2b\n|-damage|p2a: Edp445|50\/100\n|-damage|p2b: Freddy fazber|12\/100\n|\n|-weather|none\n|-heal|p1a: Ninetales|47\/100|[from] item: Leftovers\n|-sideend|p1: Blue Kaiser dragon|move: Aurora Veil\n|-sideend|p2: lord weeny|move: Aurora Veil\n|upkeep\n|inactive|Blue Kaiser dragon has 120 seconds left.\n|inactive|Blue Kaiser dragon has 90 seconds left.\n|\n|t:|1701186058\n|switch|p1b: Scizor|Scizor, M|100\/100\n|turn|6\n|inactive|Blue Kaiser dragon has 90 seconds left.\n|\n|t:|1701186096\n|move|p2a: Edp445|Protect|p2a: Edp445\n|-singleturn|p2a: Edp445|Protect\n|move|p1b: Scizor|Bullet Punch|p2a: Edp445\n|-activate|p2a: Edp445|move: Protect\n|move|p2b: Freddy fazber|Aqua Jet|p1b: Scizor\n|-damage|p1b: Scizor|82\/100\n|move|p1a: Ninetales|Dazzling Gleam|p2b: Freddy fazber|[spread] p2b\n|-activate|p2a: Edp445|move: Protect\n|-damage|p2b: Freddy fazber|0 fnt\n|faint|p2b: Freddy fazber\n|\n|-heal|p1a: Ninetales|53\/100|[from] item: Leftovers\n|upkeep\n|inactive|lord weeny has 120 seconds left.\n|\n|t:|1701186112\n|switch|p2b: Josef Stalin|Iron Bundle, shiny|100\/100\n|-damage|p2b: Josef Stalin|76\/100|[from] Stealth Rock\n|turn|7\n|inactive|Blue Kaiser dragon has 90 seconds left.\n|inactive|lord weeny has 120 seconds left.\n|inactive|Blue Kaiser dragon has 60 seconds left.\n|\n|t:|1701186167\n|move|p2b: Josef Stalin|Protect|p2b: Josef Stalin\n|-singleturn|p2b: Josef Stalin|Protect\n|move|p1b: Scizor|Bullet Punch|p2a: Edp445\n|-resisted|p2a: Edp445\n|-damage|p2a: Edp445|7\/100\n|move|p2a: Edp445|Scale Shot|p1b: Scizor\n|-resisted|p1b: Scizor\n|-damage|p1b: Scizor|73\/100\n|-resisted|p1b: Scizor\n|-damage|p1b: Scizor|65\/100\n|-resisted|p1b: Scizor\n|-damage|p1b: Scizor|56\/100\n|-resisted|p1b: Scizor\n|-damage|p1b: Scizor|47\/100\n|-resisted|p1b: Scizor\n|-crit|p1b: Scizor\n|-damage|p1b: Scizor|33\/100\n|-hitcount|p1b: Scizor|5\n|-unboost|p2a: Edp445|def|1\n|-boost|p2a: Edp445|spe|1\n|move|p1a: Ninetales|Blizzard|p2a: Edp445|[spread] p2a\n|-activate|p2b: Josef Stalin|move: Protect\n|-resisted|p2a: Edp445\n|-damage|p2a: Edp445|0 fnt\n|faint|p2a: Edp445\n|\n|-heal|p1a: Ninetales|59\/100|[from] item: Leftovers\n|upkeep\n|inactive|lord weeny has 90 seconds left.\n|\n|t:|1701186194\n|switch|p2a: Obama|Abomasnow, F, shiny|100\/100\n|-damage|p2a: Obama|76\/100|[from] Stealth Rock\n|-weather|Snow|[from] ability: Snow Warning|[of] p2a: Obama\n|turn|8\n|\n|t:|1701186209\n|move|p1b: Scizor|Bullet Punch|p2a: Obama\n|-supereffective|p2a: Obama\n|-damage|p2a: Obama|20\/100\n|move|p2b: Josef Stalin|Hydro Pump|p1b: Scizor\n|-damage|p1b: Scizor|0 fnt\n|faint|p1b: Scizor\n|move|p1a: Ninetales|Aurora Veil|p1a: Ninetales\n|-sidestart|p1: Blue Kaiser dragon|move: Aurora Veil\n|move|p2a: Obama|Aurora Veil|p2a: Obama\n|-sidestart|p2: lord weeny|move: Aurora Veil\n|\n|-weather|Snow|[upkeep]\n|-heal|p1a: Ninetales|65\/100|[from] item: Leftovers\n|upkeep\n|\n|t:|1701186222\n|switch|p1b: Scyther|Scyther, M|100\/100\n|turn|9\n|inactive|lord weeny has 120 seconds left.\n|\n|t:|1701186233\n|move|p2b: Josef Stalin|Freeze-Dry|p1b: Scyther\n|-supereffective|p1b: Scyther\n|-damage|p1b: Scyther|34\/100\n|-status|p1b: Scyther|frz\n|move|p1a: Ninetales|Nasty Plot|p1a: Ninetales\n|-boost|p1a: Ninetales|spa|2\n|cant|p1b: Scyther|frz\n|move|p2a: Obama|Blizzard|p1b: Scyther|[spread] p1a,p1b\n|-resisted|p1a: Ninetales\n|-supereffective|p1b: Scyther\n|-damage|p1a: Ninetales|50\/100\n|-damage|p1b: Scyther|0 fnt\n|faint|p1b: Scyther\n|\n|-weather|Snow|[upkeep]\n|-heal|p1a: Ninetales|56\/100|[from] item: Leftovers\n|upkeep\n|\n|t:|1701186261\n|switch|p1b: Rabsca|Rabsca, M|100\/100\n|turn|10\n|\n|t:|1701186278\n|move|p2b: Josef Stalin|Hydro Pump|p1a: Ninetales\n|-damage|p1a: Ninetales|9\/100\n|move|p1a: Ninetales|Dazzling Gleam|p2b: Josef Stalin|[spread] p2a,p2b\n|-damage|p2a: Obama|0 fnt\n|-damage|p2b: Josef Stalin|4\/100\n|faint|p2a: Obama\n|move|p1b: Rabsca|Revival Blessing|p1b: Rabsca\n|-enditem|p1b: Rabsca|Leppa Berry|[eat]\n|-activate|p1b: Rabsca|item: Leppa Berry|Revival Blessing|[consumed]\n|\n|t:|1701186292\n|-heal|p1: Scizor|50\/100|[from] move: Revival Blessing\n|\n|-weather|Snow|[upkeep]\n|-heal|p1a: Ninetales|15\/100|[from] item: Leftovers\n|upkeep\n|\n|t:|1701186300\n|switch|p2a: Birb|Articuno, shiny|100\/100\n|-damage|p2a: Birb|51\/100|[from] Stealth Rock\n|turn|11\n|inactive|Blue Kaiser dragon has 90 seconds left.\n|\n|t:|1701186312\n|move|p2b: Josef Stalin|Protect|p2b: Josef Stalin\n|-singleturn|p2b: Josef Stalin|Protect\n|move|p1a: Ninetales|Dazzling Gleam|p2a: Birb|[spread] p2a\n|-activate|p2b: Josef Stalin|move: Protect\n|-damage|p2a: Birb|31\/100\n|-enditem|p2a: Birb|Sitrus Berry|[eat]\n|-heal|p2a: Birb|56\/100|[from] item: Sitrus Berry\n|move|p2a: Birb|Blizzard|p1b: Rabsca|[spread] p1a,p1b\n|-resisted|p1a: Ninetales\n|-damage|p1a: Ninetales|3\/100\n|-damage|p1b: Rabsca|81\/100\n|move|p1b: Rabsca|Revival Blessing|p1b: Rabsca\n|inactive|Blue Kaiser dragon has 90 seconds left.\n|\n|t:|1701186331\n|-heal|p1: Scyther|50\/100|[from] move: Revival Blessing\n|\n|-weather|Snow|[upkeep]\n|-heal|p1a: Ninetales|9\/100|[from] item: Leftovers\n|upkeep\n|turn|12\n|inactive|Blue Kaiser dragon has 90 seconds left.\n|\n|t:|1701186349\n|move|p2b: Josef Stalin|Freeze-Dry|p1a: Ninetales\n|-resisted|p1a: Ninetales\n|-damage|p1a: Ninetales|0 fnt\n|faint|p1a: Ninetales\n|move|p2a: Birb|Brave Bird|p1b: Rabsca\n|-supereffective|p1b: Rabsca\n|-damage|p1b: Rabsca|10\/100\n|-damage|p2a: Birb|38\/100|[from] Recoil\n|move|p1b: Rabsca|Bug Buzz|p2a: Birb\n|-resisted|p2a: Birb\n|-damage|p2a: Birb|29\/100\n|\n|-weather|none\n|-sideend|p1: Blue Kaiser dragon|move: Aurora Veil\n|upkeep\n|inactive|Blue Kaiser dragon has 90 seconds left.\n|\n|t:|1701186365\n|switch|p1a: Scizor|Scizor, M|50\/100\n|turn|13\n|\n|t:|1701186378\n|move|p2b: Josef Stalin|Protect|p2b: Josef Stalin\n|-singleturn|p2b: Josef Stalin|Protect\n|move|p2a: Birb|Protect|p2a: Birb\n|-singleturn|p2a: Birb|Protect\n|move|p1a: Scizor|Bullet Punch|p2b: Josef Stalin\n|-activate|p2b: Josef Stalin|move: Protect\n|move|p1b: Rabsca|Psychic|p2a: Birb\n|-activate|p2a: Birb|move: Protect\n|\n|upkeep\n|turn|14\n|\n|t:|1701186398\n|move|p2b: Josef Stalin|Protect|p2b: Josef Stalin\n|-singleturn|p2b: Josef Stalin|Protect\n|move|p1a: Scizor|Bullet Punch|p2b: Josef Stalin\n|-activate|p2b: Josef Stalin|move: Protect\n|move|p2a: Birb|Blizzard|p1a: Scizor|[spread] p1a,p1b\n|-resisted|p1a: Scizor\n|-crit|p1a: Scizor\n|-damage|p1a: Scizor|20\/100\n|-damage|p1b: Rabsca|0 fnt\n|faint|p1b: Rabsca\n|\n|upkeep\n|\n|t:|1701186412\n|switch|p1b: Scyther|Scyther, M|50\/100\n|turn|15\n|inactive|Blue Kaiser dragon has 120 seconds left.\n|\n|t:|1701186423\n|move|p2b: Josef Stalin|Protect||[still]\n|-fail|p2b: Josef Stalin\n|move|p1b: Scyther|Quick Attack|p2b: Josef Stalin\n|-damage|p2b: Josef Stalin|0 fnt\n|faint|p2b: Josef Stalin\n|-end|p2b: Josef Stalin|Quark Drive|[silent]\n|move|p1a: Scizor|Bullet Punch|p2a: Birb\n|-supereffective|p2a: Birb\n|-damage|p2a: Birb|0 fnt\n|faint|p2a: Birb\n|\n|win|Blue Kaiser dragon\n|raw|Blue Kaiser dragon's rating: 1296 &rarr; <strong>1315<\/strong><br \/>(+19 for winning)\n|raw|lord weeny's rating: 1204 &rarr; <strong>1185<\/strong><br \/>(-19 for losing)\n|c|\u2606Blue Kaiser dragon|Gg\n|c|\u2606Blue Kaiser dragon|Nice fight\n","uploadtime":1701186464,"views":4,"p1id":"bluekaiserdragon","p2id":"lordweeny","formatid":"gen9doublesou","rating":1185,"private":0,"password":""}