{"id":"gen9doublesou-1970455125","p1":"Luukv14","p2":"God_of_STANK!","format":"[Gen 9] Doubles OU","log":"|j|\u2606Luukv14\n|j|\u2606God_of_STANK!\n|t:|1697640344\n|gametype|doubles\n|player|p1|Luukv14|169|1329\n|player|p2|God_of_STANK!|psychic|1414\n|teamsize|p1|6\n|teamsize|p2|6\n|gen|9\n|tier|[Gen 9] Doubles OU\n|rated|\n|rule|Species Clause: Limit one of each Pok\u00e9mon\n|rule|OHKO Clause: OHKO moves are banned\n|rule|Evasion Moves Clause: Evasion moves are banned\n|rule|Gravity Sleep Clause: The combination of sleep-inducing moves with imperfect accuracy and Gravity or Gigantamax Orbeetle are banned\n|rule|Endless Battle Clause: Forcing endless battles is banned\n|rule|HP Percentage Mod: HP is shown in percentages\n|clearpoke\n|poke|p1|Dusclops, M|\n|poke|p1|Heatran, F|\n|poke|p1|Diancie|\n|poke|p1|Dragonite, M|\n|poke|p1|Iron Hands|\n|poke|p1|Basculegion, M|\n|poke|p2|Rillaboom, M|\n|poke|p2|Tornadus, M|\n|poke|p2|Cresselia, F|\n|poke|p2|Iron Hands|\n|poke|p2|Empoleon, F|\n|poke|p2|Volcanion|\n|teampreview\n|inactive|Battle timer is ON: inactive players will automatically lose when time's up. (requested by God_of_STANK!)\n|\n|t:|1697640362\n|start\n|switch|p1a: Diancie|Diancie|100\/100\n|switch|p1b: Dusclops|Dusclops, M|100\/100\n|switch|p2a: Cresselia|Cresselia, F|100\/100\n|switch|p2b: Iron Hands|Iron Hands|100\/100\n|-ability|p1b: Dusclops|Pressure\n|turn|1\n|\n|t:|1697640388\n|move|p2a: Cresselia|Ally Switch|p2a: Cresselia\n|swap|p2a: Cresselia|1|[from] move: Ally Switch\n|move|p2a: Iron Hands|Belly Drum|p2a: Iron Hands\n|-damage|p2a: Iron Hands|51\/100\n|-setboost|p2a: Iron Hands|atk|6|[from] move: Belly Drum\n|move|p1a: Diancie|Diamond Storm|p2b: Cresselia|[spread] p2a\n|-miss|p1a: Diancie|p2b: Cresselia\n|-resisted|p2a: Iron Hands\n|-damage|p2a: Iron Hands|43\/100\n|-boost|p1a: Diancie|def|2\n|-enditem|p2a: Iron Hands|Sitrus Berry|[eat]\n|-heal|p2a: Iron Hands|68\/100|[from] item: Sitrus Berry\n|move|p1b: Dusclops|Trick Room|p1b: Dusclops\n|-fieldstart|move: Trick Room|[of] p1b: Dusclops\n|\n|upkeep\n|turn|2\n|\n|t:|1697640412\n|move|p1b: Dusclops|Haze|p1b: Dusclops\n|-clearallboost\n|move|p1a: Diancie|Dazzling Gleam|p2b: Cresselia|[spread] p2a,p2b\n|-supereffective|p2a: Iron Hands\n|-damage|p2a: Iron Hands|27\/100\n|-damage|p2b: Cresselia|82\/100\n|move|p2a: Iron Hands|Drain Punch|p1a: Diancie\n|-damage|p1a: Diancie|69\/100\n|-heal|p2a: Iron Hands|37\/100|[from] drain|[of] p1a: Diancie\n|move|p2b: Cresselia|Lunar Blessing|p2b: Cresselia|[spread] p2a,p2b\n|-heal|p2a: Iron Hands|62\/100\n|-heal|p2b: Cresselia|100\/100\n|\n|-heal|p1a: Diancie|75\/100|[from] item: Leftovers\n|upkeep\n|turn|3\n|\n|t:|1697640429\n|move|p1b: Dusclops|Will-O-Wisp|p2a: Iron Hands\n|-status|p2a: Iron Hands|brn\n|move|p1a: Diancie|Draining Kiss|p2a: Iron Hands\n|-supereffective|p2a: Iron Hands\n|-damage|p2a: Iron Hands|31\/100 brn\n|-heal|p1a: Diancie|100\/100|[from] drain|[of] p2a: Iron Hands\n|move|p2a: Iron Hands|Ice Punch|p1b: Dusclops\n|-damage|p1b: Dusclops|93\/100\n|-status|p1b: Dusclops|frz\n|move|p2b: Cresselia|Psychic|p1a: Diancie\n|-damage|p1a: Diancie|77\/100\n|\n|-heal|p1a: Diancie|83\/100|[from] item: Leftovers\n|-damage|p2a: Iron Hands|25\/100 brn|[from] brn\n|upkeep\n|turn|4\n|\n|t:|1697640451\n|move|p2a: Iron Hands|Protect|p2a: Iron Hands\n|-singleturn|p2a: Iron Hands|Protect\n|cant|p1b: Dusclops|frz\n|move|p1a: Diancie|Draining Kiss|p2a: Iron Hands\n|-activate|p2a: Iron Hands|move: Protect\n|move|p2b: Cresselia|Lunar Blessing|p2b: Cresselia|[spread] p2a,p2b\n|-heal|p2a: Iron Hands|50\/100 brn\n|-curestatus|p2a: Iron Hands|brn|[msg]\n|\n|-heal|p1a: Diancie|89\/100|[from] item: Leftovers\n|upkeep\n|turn|5\n|inactive|God_of_STANK! has 120 seconds left.\n|\n|t:|1697640492\n|cant|p1b: Dusclops|frz\n|move|p1a: Diancie|Dazzling Gleam|p2b: Cresselia|[spread] p2a,p2b\n|-supereffective|p2a: Iron Hands\n|-damage|p2a: Iron Hands|10\/100\n|-damage|p2b: Cresselia|81\/100\n|move|p2a: Iron Hands|Ice Punch|p1a: Diancie\n|-damage|p1a: Diancie|70\/100\n|move|p2b: Cresselia|Lunar Blessing|p2b: Cresselia|[spread] p2a,p2b\n|-heal|p2a: Iron Hands|35\/100\n|-heal|p2b: Cresselia|100\/100\n|\n|-heal|p1a: Diancie|76\/100|[from] item: Leftovers\n|-fieldend|move: Trick Room\n|upkeep\n|turn|6\n|\n|t:|1697640506\n|move|p2a: Iron Hands|Protect|p2a: Iron Hands\n|-singleturn|p2a: Iron Hands|Protect\n|move|p2b: Cresselia|Lunar Blessing|p2b: Cresselia|[spread] p2a,p2b\n|-heal|p2a: Iron Hands|60\/100\n|move|p1a: Diancie|Draining Kiss|p2a: Iron Hands\n|-activate|p2a: Iron Hands|move: Protect\n|cant|p1b: Dusclops|frz\n|\n|-heal|p1a: Diancie|83\/100|[from] item: Leftovers\n|upkeep\n|turn|7\n|\n|t:|1697640522\n|move|p2b: Cresselia|Lunar Blessing|p2b: Cresselia|[spread] p2a,p2b\n|-heal|p2a: Iron Hands|86\/100\n|move|p2a: Iron Hands|Belly Drum|p2a: Iron Hands\n|-damage|p2a: Iron Hands|36\/100\n|-setboost|p2a: Iron Hands|atk|6|[from] move: Belly Drum\n|move|p1a: Diancie|Calm Mind|p1a: Diancie\n|-boost|p1a: Diancie|spa|1\n|-boost|p1a: Diancie|spd|1\n|cant|p1b: Dusclops|frz\n|\n|-heal|p1a: Diancie|89\/100|[from] item: Leftovers\n|upkeep\n|turn|8\n|\n|t:|1697640545\n|move|p2b: Cresselia|Lunar Blessing|p2b: Cresselia|[spread] p2a,p2b\n|-heal|p2a: Iron Hands|61\/100\n|move|p2a: Iron Hands|Drain Punch|p1a: Diancie\n|-damage|p1a: Diancie|0 fnt\n|-heal|p2a: Iron Hands|90\/100|[from] drain|[of] p1a: Diancie\n|faint|p1a: Diancie\n|cant|p1b: Dusclops|frz\n|\n|upkeep\n|-message|Luukv14 forfeited.\n|\n|win|God_of_STANK!\n|raw|Luukv14's rating: 1329 &rarr; <strong>1314<\/strong><br \/>(-15 for losing)\n|raw|God_of_STANK!'s rating: 1414 &rarr; <strong>1429<\/strong><br \/>(+15 for winning)\n|l|\u2606Luukv14\n","uploadtime":1697640560,"views":10,"p1id":"luukv14","p2id":"godofstank","formatid":"gen9doublesou","rating":1314,"private":0,"password":""}