{"id":"gen9doublesou-1973100459","p1":"mikeyuwu","p2":"Chargren","format":"[Gen 9] Doubles OU","log":"|j|\u2606mikeyuwu\n|j|\u2606Chargren\n|t:|1697927612\n|gametype|doubles\n|player|p1|mikeyuwu|psychic-gen4|1292\n|player|p2|Chargren|101|1215\n|teamsize|p1|6\n|teamsize|p2|6\n|gen|9\n|tier|[Gen 9] Doubles OU\n|rated|\n|rule|Species Clause: Limit one of each Pok\u00e9mon\n|rule|OHKO Clause: OHKO moves are banned\n|rule|Evasion Moves Clause: Evasion moves are banned\n|rule|Gravity Sleep Clause: The combination of sleep-inducing moves with imperfect accuracy and Gravity or Gigantamax Orbeetle are banned\n|rule|Endless Battle Clause: Forcing endless battles is banned\n|rule|HP Percentage Mod: HP is shown in percentages\n|clearpoke\n|poke|p1|Garchomp, M|\n|poke|p1|Tyranitar, F|\n|poke|p1|Vaporeon, F|\n|poke|p1|Toxicroak, M|\n|poke|p1|Pelipper, F|\n|poke|p1|Abomasnow, M|\n|poke|p2|Hariyama, F|\n|poke|p2|Farigiraf, M|\n|poke|p2|Torkoal, F|\n|poke|p2|Amoonguss, M|\n|poke|p2|Cresselia, F|\n|poke|p2|Goodra-Hisui, M|\n|teampreview\n|c|\u2606Chargren|glhf\n|\n|t:|1697927620\n|start\n|switch|p1a: OTLHPM|Toxicroak, M|100\/100\n|switch|p1b: Harmacy|Vaporeon, F|100\/100\n|switch|p2a: Farigiraf|Farigiraf, M|100\/100\n|switch|p2b: Hariyama|Hariyama, F|100\/100\n|turn|1\n|\n|t:|1697927633\n|move|p2b: Hariyama|Fake Out|p1a: OTLHPM\n|-damage|p1a: OTLHPM|79\/100\n|cant|p1a: OTLHPM|flinch\n|move|p1b: Harmacy|Copycat|p1b: Harmacy\n|move|p1b: Harmacy|Fake Out|p2a: Farigiraf|[from]move: Copycat\n|-damage|p2a: Farigiraf|94\/100\n|cant|p2a: Farigiraf|flinch\n|\n|-heal|p1a: OTLHPM|85\/100|[from] item: Black Sludge\n|-status|p2b: Hariyama|brn|[from] item: Flame Orb\n|upkeep\n|turn|2\n|\n|t:|1697927655\n|switch|p1b: Weather War|Pelipper, F|100\/100\n|-weather|RainDance|[from] ability: Drizzle|[of] p1b: Weather War\n|move|p1a: OTLHPM|Poison Jab|p2a: Farigiraf\n|-damage|p2a: Farigiraf|56\/100\n|move|p2b: Hariyama|Facade|p1a: OTLHPM\n|-damage|p1a: OTLHPM|0 fnt\n|faint|p1a: OTLHPM\n|move|p2a: Farigiraf|Trick Room|p2a: Farigiraf\n|-fieldstart|move: Trick Room|[of] p2a: Farigiraf\n|\n|-weather|RainDance|[upkeep]\n|-damage|p2b: Hariyama|94\/100 brn|[from] brn\n|upkeep\n|\n|t:|1697927666\n|switch|p1a: Harmacy|Vaporeon, F|100\/100\n|turn|3\n|\n|t:|1697927681\n|-terastallize|p2b: Hariyama|Steel\n|move|p2b: Hariyama|Drain Punch|p1a: Harmacy\n|-damage|p1a: Harmacy|56\/100\n|-heal|p2b: Hariyama|100\/100 brn|[from] drain|[of] p1a: Harmacy\n|move|p2a: Farigiraf|Hyper Voice|p1b: Weather War|[spread] p1a,p1b\n|-damage|p1a: Harmacy|36\/100\n|-damage|p1b: Weather War|64\/100\n|move|p1a: Harmacy|Weather Ball|p2b: Hariyama\n|-damage|p2b: Hariyama|50\/100 brn\n|move|p1b: Weather War|Hurricane|p2b: Hariyama\n|-resisted|p2b: Hariyama\n|-damage|p2b: Hariyama|34\/100 brn\n|\n|-weather|RainDance|[upkeep]\n|-heal|p1a: Harmacy|42\/100|[from] item: Leftovers\n|-damage|p2b: Hariyama|28\/100 brn|[from] brn\n|upkeep\n|turn|4\n|\n|t:|1697927702\n|switch|p1a: Extra Spicy|Garchomp, M|100\/100\n|move|p2b: Hariyama|Drain Punch|p1a: Extra Spicy\n|-damage|p1a: Extra Spicy|64\/100\n|-heal|p2b: Hariyama|46\/100 brn|[from] drain|[of] p1a: Extra Spicy\n|-damage|p2b: Hariyama|34\/100 brn|[from] ability: Rough Skin|[of] p1a: Extra Spicy\n|-damage|p2b: Hariyama|17\/100 brn|[from] item: Rocky Helmet|[of] p1a: Extra Spicy\n|move|p2a: Farigiraf|Hyper Voice|p1a: Extra Spicy|[spread] p1a,p1b\n|-damage|p1a: Extra Spicy|38\/100\n|-damage|p1b: Weather War|23\/100\n|move|p1b: Weather War|Hurricane|p2a: Farigiraf\n|-crit|p2a: Farigiraf\n|-damage|p2a: Farigiraf|15\/100\n|-start|p2a: Farigiraf|confusion\n|\n|-weather|RainDance|[upkeep]\n|-damage|p2b: Hariyama|11\/100 brn|[from] brn\n|upkeep\n|turn|5\n|\n|t:|1697927725\n|move|p2b: Hariyama|Facade|p1a: Extra Spicy\n|-damage|p1a: Extra Spicy|0 fnt\n|-damage|p2b: Hariyama|0 fnt|[from] ability: Rough Skin|[of] p1a: Extra Spicy\n|faint|p1a: Extra Spicy\n|faint|p2b: Hariyama\n|-activate|p2a: Farigiraf|confusion\n|move|p2a: Farigiraf|Hyper Voice|p1b: Weather War\n|-damage|p1b: Weather War|0 fnt\n|faint|p1b: Weather War\n|\n|-weather|RainDance|[upkeep]\n|upkeep\n|\n|t:|1697927753\n|switch|p2b: Amoonguss|Amoonguss, M|100\/100\n|switch|p1b: Harmacy|Vaporeon, F|42\/100\n|switch|p1a: ThcrThnSnkr|Tyranitar, F|100\/100\n|-weather|Sandstorm|[from] ability: Sand Stream|[of] p1a: ThcrThnSnkr\n|turn|6\n|\n|t:|1697927766\n|switch|p1a: Cold Shoulder|Abomasnow, M, shiny|100\/100\n|-weather|Snow|[from] ability: Snow Warning|[of] p1a: Cold Shoulder\n|move|p2b: Amoonguss|Spore|p1a: Cold Shoulder\n|-immune|p1a: Cold Shoulder\n|-activate|p2a: Farigiraf|confusion\n|move|p2a: Farigiraf|Hyper Voice|p1b: Harmacy|[spread] p1a,p1b\n|-damage|p1a: Cold Shoulder|68\/100\n|-damage|p1b: Harmacy|23\/100\n|move|p1b: Harmacy|Wish|p1b: Harmacy\n|\n|-weather|Snow|[upkeep]\n|-heal|p1b: Harmacy|29\/100|[from] item: Leftovers\n|-fieldend|move: Trick Room\n|upkeep\n|turn|7\n|\n|t:|1697927785\n|move|p1a: Cold Shoulder|Blizzard|p2a: Farigiraf|[spread] p2a,p2b\n|-supereffective|p2b: Amoonguss\n|-damage|p2a: Farigiraf|0 fnt\n|-damage|p2b: Amoonguss|59\/100\n|faint|p2a: Farigiraf\n|move|p1b: Harmacy|Copycat|p1b: Harmacy\n|move|p1b: Harmacy|Blizzard|p2b: Amoonguss|[from]move: Copycat\n|-supereffective|p2b: Amoonguss\n|-damage|p2b: Amoonguss|19\/100\n|move|p2b: Amoonguss|Pollen Puff|p1a: Cold Shoulder\n|-supereffective|p1a: Cold Shoulder\n|-damage|p1a: Cold Shoulder|24\/100\n|\n|-weather|Snow|[upkeep]\n|-heal|p1b: Harmacy|78\/100|[from] move: Wish|[wisher] Harmacy\n|-heal|p1b: Harmacy|85\/100|[from] item: Leftovers\n|upkeep\n|\n|t:|1697927800\n|switch|p2a: Cresselia|Cresselia, F, shiny|100\/100\n|turn|8\n|\n|t:|1697927811\n|move|p1a: Cold Shoulder|Leech Seed|p2a: Cresselia\n|-start|p2a: Cresselia|move: Leech Seed\n|move|p1b: Harmacy|Weather Ball|p2b: Amoonguss\n|-supereffective|p2b: Amoonguss\n|-damage|p2b: Amoonguss|0 fnt\n|faint|p2b: Amoonguss\n|move|p2a: Cresselia|Trick Room|p2a: Cresselia\n|-fieldstart|move: Trick Room|[of] p2a: Cresselia\n|\n|-weather|Snow|[upkeep]\n|-heal|p1b: Harmacy|91\/100|[from] item: Leftovers\n|-damage|p2a: Cresselia|88\/100|[from] Leech Seed|[of] p1a: Cold Shoulder\n|-heal|p1a: Cold Shoulder|39\/100|[silent]\n|upkeep\n|\n|t:|1697927832\n|switch|p2b: Torkoal|Torkoal, F|100\/100\n|-weather|SunnyDay|[from] ability: Drought|[of] p2b: Torkoal\n|turn|9\n|\n|t:|1697927846\n|switch|p1a: ThcrThnSnkr|Tyranitar, F|100\/100\n|-weather|Sandstorm|[from] ability: Sand Stream|[of] p1a: ThcrThnSnkr\n|move|p2a: Cresselia|Helping Hand|p2b: Torkoal\n|-singleturn|p2b: Torkoal|Helping Hand|[of] p2a: Cresselia\n|move|p2b: Torkoal|Eruption|p1b: Harmacy|[spread] p1a,p1b\n|-resisted|p1a: ThcrThnSnkr\n|-resisted|p1b: Harmacy\n|-damage|p1a: ThcrThnSnkr|88\/100\n|-damage|p1b: Harmacy|57\/100\n|move|p1b: Harmacy|Weather Ball|p2b: Torkoal\n|-supereffective|p2b: Torkoal\n|-damage|p2b: Torkoal|38\/100\n|\n|-weather|Sandstorm|[upkeep]\n|-damage|p2b: Torkoal|32\/100|[from] Sandstorm\n|-damage|p1b: Harmacy|51\/100|[from] Sandstorm\n|-damage|p2a: Cresselia|82\/100|[from] Sandstorm\n|-heal|p1b: Harmacy|57\/100|[from] item: Leftovers\n|-damage|p2a: Cresselia|70\/100|[from] Leech Seed|[of] p1a: ThcrThnSnkr\n|-heal|p1a: ThcrThnSnkr|100\/100|[silent]\n|upkeep\n|turn|10\n|-message|Chargren forfeited.\n|\n|win|mikeyuwu\n|raw|mikeyuwu's rating: 1292 &rarr; <strong>1312<\/strong><br \/>(+20 for winning)\n|raw|Chargren's rating: 1215 &rarr; <strong>1195<\/strong><br \/>(-20 for losing)\n|l|\u2606Chargren\n","uploadtime":1697927885,"views":10,"p1id":"mikeyuwu","p2id":"chargren","formatid":"gen9doublesou","rating":1195,"private":0,"password":""}