{"id":"gen9doublesou-1971577296","p1":"TheGrim1S","p2":"karnotics","format":"[Gen 9] Doubles OU","log":"|j|\u2606TheGrim1S\n|j|\u2606karnotics\n|t:|1697749974\n|gametype|doubles\n|player|p1|TheGrim1S|169|1118\n|player|p2|karnotics|gambler|1071\n|teamsize|p1|6\n|teamsize|p2|6\n|gen|9\n|tier|[Gen 9] Doubles OU\n|rated|\n|rule|Species Clause: Limit one of each Pok\u00e9mon\n|rule|OHKO Clause: OHKO moves are banned\n|rule|Evasion Moves Clause: Evasion moves are banned\n|rule|Gravity Sleep Clause: The combination of sleep-inducing moves with imperfect accuracy and Gravity or Gigantamax Orbeetle are banned\n|rule|Endless Battle Clause: Forcing endless battles is banned\n|rule|HP Percentage Mod: HP is shown in percentages\n|clearpoke\n|poke|p1|Greedent, M|\n|poke|p1|Clefable, F|\n|poke|p1|Ogerpon-Wellspring, F|\n|poke|p1|Arcanine, M|\n|poke|p1|Kingambit, M|\n|poke|p1|Glimmora, F|\n|poke|p2|Slaking, F|\n|poke|p2|Weezing-Galar, M|\n|poke|p2|Grimmsnarl, M|\n|poke|p2|Glimmora, M|\n|poke|p2|Indeedee-F, F|\n|poke|p2|Enamorus-Therian, F|\n|teampreview\n|c|\u2606karnotics|testing\n|c|\u2606karnotics|very silly sets\n|\n|t:|1697750005\n|start\n|switch|p1a: Glimmora|Glimmora, F|100\/100\n|switch|p1b: Kingambit|Kingambit, M|100\/100\n|switch|p2a: Grimmsnarl|Grimmsnarl, M|100\/100\n|switch|p2b: Glimmora|Glimmora, M|100\/100\n|-item|p1a: Glimmora|Air Balloon\n|turn|1\n|\n|t:|1697750031\n|-terastallize|p1a: Glimmora|Ground\n|move|p2a: Grimmsnarl|Reflect|p2a: Grimmsnarl\n|-sidestart|p2: karnotics|Reflect\n|move|p2b: Glimmora|Stealth Rock|p1b: Kingambit\n|-sidestart|p1: TheGrim1S|move: Stealth Rock\n|move|p1a: Glimmora|Earth Power|p2b: Glimmora\n|-supereffective|p2b: Glimmora\n|-enditem|p2b: Glimmora|Focus Sash\n|-damage|p2b: Glimmora|1\/100\n|move|p1b: Kingambit|Iron Head|p2a: Grimmsnarl\n|-supereffective|p2a: Grimmsnarl\n|-damage|p2a: Grimmsnarl|38\/100\n|\n|upkeep\n|turn|2\n|\n|t:|1697750045\n|move|p1b: Kingambit|Protect|p1b: Kingambit\n|-singleturn|p1b: Kingambit|Protect\n|move|p2a: Grimmsnarl|Parting Shot|p1a: Glimmora\n|-unboost|p1a: Glimmora|atk|1\n|-unboost|p1a: Glimmora|spa|1\n|\n|t:|1697750057\n|switch|p2a: Weezing|Weezing-Galar, M|100\/100|[from] Parting Shot\n|-ability|p2a: Weezing|Neutralizing Gas\n|move|p2b: Glimmora|Memento|p1b: Kingambit\n|-activate|p1b: Kingambit|move: Protect\n|move|p1a: Glimmora|Mortal Spin|p2b: Glimmora|[spread] p2a,p2b\n|-crit|p2a: Weezing\n|-resisted|p2b: Glimmora\n|-damage|p2a: Weezing|97\/100\n|-damage|p2b: Glimmora|0 fnt\n|-sideend|p1: TheGrim1S|Stealth Rock|[from] move: Mortal Spin|[of] p1a: Glimmora\n|faint|p2b: Glimmora\n|\n|-heal|p2a: Weezing|100\/100|[from] item: Leftovers\n|upkeep\n|\n|t:|1697750061\n|switch|p2b: Slaking|Slaking, F|100\/100\n|turn|3\n|\n|t:|1697750095\n|switch|p1a: Arcanine|Arcanine, M|100\/100\n|move|p2a: Weezing|Protect|p2a: Weezing\n|-singleturn|p2a: Weezing|Protect\n|move|p2b: Slaking|Drain Punch|p1b: Kingambit\n|-supereffective|p1b: Kingambit\n|-damage|p1b: Kingambit|8\/100\n|move|p1b: Kingambit|Iron Head|p2a: Weezing\n|-activate|p2a: Weezing|move: Protect\n|\n|-heal|p1b: Kingambit|14\/100|[from] item: Leftovers\n|upkeep\n|turn|4\n|\n|t:|1697750134\n|switch|p1b: Clefable|Clefable, F|100\/100\n|-terastallize|p2a: Weezing|Flying\n|move|p2b: Slaking|Earthquake|p1a: Arcanine|[spread] p1a,p1b\n|-immune|p2a: Weezing\n|-supereffective|p1a: Arcanine\n|-damage|p1a: Arcanine|32\/100\n|-damage|p1b: Clefable|75\/100\n|move|p1a: Arcanine|Flare Blitz|p2b: Slaking\n|-damage|p2b: Slaking|71\/100\n|-damage|p1a: Arcanine|20\/100|[from] Recoil\n|-damage|p1a: Arcanine|10\/100|[from] item: Life Orb\n|move|p2a: Weezing|Aromatic Mist|p2b: Slaking\n|-boost|p2b: Slaking|spd|1\n|\n|upkeep\n|turn|5\n|\n|t:|1697750163\n|switch|p1a: Greedent|Greedent, M, shiny|100\/100\n|move|p2b: Slaking|Earthquake|p1b: Clefable|[spread] p1a,p1b\n|-immune|p2a: Weezing\n|-damage|p1a: Greedent|75\/100\n|-damage|p1b: Clefable|48\/100\n|move|p1b: Clefable|Life Dew|p1b: Clefable|[spread] p1a,p1b\n|-heal|p1a: Greedent|99\/100\n|-heal|p1b: Clefable|73\/100\n|move|p2a: Weezing|Aromatic Mist|p2b: Slaking\n|-boost|p2b: Slaking|spd|1\n|\n|upkeep\n|turn|6\n|\n|t:|1697750184\n|move|p2b: Slaking|Drain Punch|p1a: Greedent\n|-supereffective|p1a: Greedent\n|-damage|p1a: Greedent|48\/100\n|-heal|p2b: Slaking|95\/100|[from] drain|[of] p1a: Greedent\n|-enditem|p1a: Greedent|Sitrus Berry|[eat]\n|-heal|p1a: Greedent|73\/100|[from] item: Sitrus Berry\n|move|p1b: Clefable|Life Dew|p1b: Clefable|[spread] p1a,p1b\n|-heal|p1a: Greedent|98\/100\n|-heal|p1b: Clefable|98\/100\n|move|p2a: Weezing|Will-O-Wisp|p1a: Greedent\n|-status|p1a: Greedent|brn\n|move|p1a: Greedent|Stuff Cheeks||[still]\n|-fail|p1a: Greedent\n|\n|-damage|p1a: Greedent|92\/100 brn|[from] brn\n|upkeep\n|turn|7\n|\n|t:|1697750210\n|move|p1b: Clefable|Follow Me|p1b: Clefable\n|-singleturn|p1b: Clefable|move: Follow Me\n|move|p2b: Slaking|Drain Punch|p1b: Clefable\n|-resisted|p1b: Clefable\n|-damage|p1b: Clefable|84\/100\n|-heal|p2b: Slaking|99\/100|[from] drain|[of] p1b: Clefable\n|move|p2a: Weezing|Aromatic Mist|p2b: Slaking\n|-boost|p2b: Slaking|spd|1\n|move|p1a: Greedent|Body Press|p2b: Slaking\n|-supereffective|p2b: Slaking\n|-damage|p2b: Slaking|91\/100\n|\n|-damage|p1a: Greedent|86\/100 brn|[from] brn\n|upkeep\n|turn|8\n|\n|t:|1697750264\n|move|p2b: Slaking|Body Slam|p1b: Clefable\n|-damage|p1b: Clefable|36\/100\n|move|p1b: Clefable|Life Dew|p1b: Clefable|[spread] p1a,p1b\n|-heal|p1a: Greedent|100\/100 brn\n|-heal|p1b: Clefable|61\/100\n|move|p2a: Weezing|Strange Steam|p1b: Clefable\n|-damage|p1b: Clefable|38\/100\n|move|p1a: Greedent|Body Press|p2b: Slaking\n|-supereffective|p2b: Slaking\n|-damage|p2b: Slaking|82\/100\n|\n|-damage|p1a: Greedent|94\/100 brn|[from] brn\n|-sideend|p2: karnotics|Reflect\n|upkeep\n|turn|9\n|\n|t:|1697750280\n|move|p2b: Slaking|Body Slam|p1b: Clefable\n|-damage|p1b: Clefable|0 fnt\n|faint|p1b: Clefable\n|move|p2a: Weezing|Strange Steam|p1a: Greedent\n|-damage|p1a: Greedent|68\/100 brn\n|move|p1a: Greedent|Body Press|p2b: Slaking\n|-supereffective|p2b: Slaking\n|-damage|p2b: Slaking|69\/100\n|\n|-damage|p1a: Greedent|62\/100 brn|[from] brn\n|upkeep\n|\n|t:|1697750293\n|switch|p1b: Ogerpon|Ogerpon-Wellspring, F|100\/100\n|turn|10\n|\n|t:|1697750305\n|move|p1b: Ogerpon|Ivy Cudgel|p2b: Slaking\n|-damage|p2b: Slaking|26\/100\n|move|p2b: Slaking|Drain Punch|p1a: Greedent\n|-supereffective|p1a: Greedent\n|-damage|p1a: Greedent|13\/100 brn\n|-heal|p2b: Slaking|49\/100|[from] drain|[of] p1a: Greedent\n|move|p2a: Weezing|Will-O-Wisp|p1b: Ogerpon\n|-status|p1b: Ogerpon|brn\n|move|p1a: Greedent|Wild Charge|p2a: Weezing\n|-supereffective|p2a: Weezing\n|-damage|p2a: Weezing|83\/100\n|-damage|p1a: Greedent|9\/100 brn|[from] Recoil\n|\n|-heal|p2a: Weezing|89\/100|[from] item: Leftovers\n|-damage|p1b: Ogerpon|95\/100 brn|[from] brn\n|-damage|p1a: Greedent|3\/100 brn|[from] brn\n|upkeep\n|turn|11\n|\n|t:|1697750330\n|move|p2a: Weezing|Protect|p2a: Weezing\n|-singleturn|p2a: Weezing|Protect\n|move|p1b: Ogerpon|Ivy Cudgel|p2b: Slaking\n|-damage|p2b: Slaking|30\/100\n|move|p2b: Slaking|Drain Punch|p1b: Ogerpon\n|-damage|p1b: Ogerpon|56\/100 brn\n|-heal|p2b: Slaking|44\/100|[from] drain|[of] p1b: Ogerpon\n|move|p1a: Greedent|Wild Charge|p2a: Weezing\n|-activate|p2a: Weezing|move: Protect\n|\n|-heal|p2a: Weezing|95\/100|[from] item: Leftovers\n|-damage|p1b: Ogerpon|50\/100 brn|[from] brn\n|-damage|p1a: Greedent|0 fnt|[from] brn\n|faint|p1a: Greedent\n|upkeep\n|\n|t:|1697750337\n|switch|p1a: Arcanine|Arcanine, M|10\/100\n|turn|12\n|\n|t:|1697750355\n|switch|p2b: Grimmsnarl|Grimmsnarl, M|38\/100\n|move|p1a: Arcanine|Extreme Speed|p2b: Grimmsnarl\n|-damage|p2b: Grimmsnarl|12\/100\n|-damage|p1a: Arcanine|0 fnt|[from] item: Life Orb\n|faint|p1a: Arcanine\n|move|p1b: Ogerpon|Horn Leech|p2b: Grimmsnarl\n|-damage|p2b: Grimmsnarl|0 fnt\n|-heal|p1b: Ogerpon|57\/100 brn|[from] drain|[of] p2b: Grimmsnarl\n|faint|p2b: Grimmsnarl\n|move|p2a: Weezing|Strange Steam|p1b: Ogerpon|[miss]\n|-miss|p2a: Weezing|p1b: Ogerpon\n|\n|-heal|p2a: Weezing|100\/100|[from] item: Leftovers\n|-damage|p1b: Ogerpon|51\/100 brn|[from] brn\n|upkeep\n|\n|t:|1697750381\n|switch|p1a: Glimmora|Glimmora, F, tera:Ground|100\/100\n|switch|p2b: Enamorus|Enamorus-Therian, F|100\/100\n|-item|p1a: Glimmora|Air Balloon\n|turn|13\n|\n|t:|1697750407\n|-end|p2a: Weezing|ability: Neutralizing Gas\n|switch|p2a: Indeedee|Indeedee-F, F|100\/100\n|-fieldstart|move: Psychic Terrain|[from] ability: Psychic Surge|[of] p2a: Indeedee\n|move|p1b: Ogerpon|Spiky Shield|p1b: Ogerpon\n|-singleturn|p1b: Ogerpon|move: Protect\n|move|p1a: Glimmora|Mortal Spin|p2b: Enamorus|[spread] p2a,p2b\n|-supereffective|p2b: Enamorus\n|-damage|p2a: Indeedee|96\/100\n|-damage|p2b: Enamorus|93\/100\n|-status|p2a: Indeedee|psn\n|-status|p2b: Enamorus|psn\n|move|p2b: Enamorus|Tailwind|p2b: Enamorus\n|-sidestart|p2: karnotics|move: Tailwind\n|\n|-damage|p2a: Indeedee|84\/100 psn|[from] psn\n|-damage|p2b: Enamorus|81\/100 psn|[from] psn\n|-damage|p1b: Ogerpon|45\/100 brn|[from] brn\n|upkeep\n|turn|14\n|\n|t:|1697750434\n|move|p2a: Indeedee|Healing Wish|p2a: Indeedee\n|faint|p2a: Indeedee\n|move|p2b: Enamorus|Misty Explosion|p1b: Ogerpon|[spread] p1a,p1b\n|-damage|p1a: Glimmora|65\/100\n|-damage|p1b: Ogerpon|12\/100 brn\n|-enditem|p1a: Glimmora|Air Balloon\n|faint|p2b: Enamorus\n|move|p1b: Ogerpon|Horn Leech|p2: Indeedee|[notarget]\n|-fail|p1b: Ogerpon\n|move|p1a: Glimmora|Venoshock|p2: Indeedee|[notarget]\n|-fail|p1a: Glimmora\n|\n|-damage|p1b: Ogerpon|6\/100 brn|[from] brn\n|upkeep\n|\n|t:|1697750441\n|switch|p2a: Slaking|Slaking, F|44\/100\n|switch|p2b: Weezing|Weezing-Galar, M, tera:Flying|100\/100\n|-ability|p2b: Weezing|Neutralizing Gas\n|-heal|p2a: Slaking|100\/100|[from] move: Healing Wish\n|turn|15\n|\n|t:|1697750479\n|move|p2b: Weezing|Protect|p2b: Weezing\n|-singleturn|p2b: Weezing|Protect\n|move|p2a: Slaking|Earthquake|p1a: Glimmora|[spread] p1a,p1b\n|-activate|p2b: Weezing|move: Protect\n|-resisted|p1b: Ogerpon\n|-damage|p1a: Glimmora|35\/100\n|-damage|p1b: Ogerpon|0 fnt\n|faint|p1b: Ogerpon\n|move|p1a: Glimmora|Mortal Spin|p2a: Slaking|[spread] p2a\n|-activate|p2b: Weezing|move: Protect\n|-damage|p2a: Slaking|97\/100\n|-status|p2a: Slaking|psn\n|\n|-damage|p2a: Slaking|85\/100 psn|[from] psn\n|upkeep\n|\n|t:|1697750514\n|switch|p1b: Kingambit|Kingambit, M|14\/100\n|turn|16\n|c|\u2606karnotics|gg\n|inactive|Battle timer is ON: inactive players will automatically lose when time's up. (requested by karnotics)\n|\n|t:|1697750570\n|move|p2a: Slaking|Earthquake|p1b: Kingambit|[spread] p1a,p1b\n|-immune|p2b: Weezing\n|-supereffective|p1b: Kingambit\n|-damage|p1a: Glimmora|4\/100\n|-damage|p1b: Kingambit|0 fnt\n|faint|p1b: Kingambit\n|move|p2b: Weezing|Strange Steam|p1a: Glimmora\n|-damage|p1a: Glimmora|0 fnt\n|faint|p1a: Glimmora\n|\n|win|karnotics\n|raw|TheGrim1S's rating: 1118 &rarr; <strong>1090<\/strong><br \/>(-28 for losing)\n|raw|karnotics's rating: 1071 &rarr; <strong>1104<\/strong><br \/>(+33 for winning)\n","uploadtime":1697750577,"views":11,"p1id":"thegrim1s","p2id":"karnotics","formatid":"gen9doublesou","rating":1090,"private":0,"password":""}