{"id":"gen9doublesou-2000288198","p1":"UY QUE RICO PAPI","p2":"Pash96","format":"[Gen 9] Doubles OU","log":"|j|\u2606UY QUE RICO PAPI\n|j|\u2606Pash96\n|t:|1701181615\n|gametype|doubles\n|player|p1|UY QUE RICO PAPI|2|1276\n|player|p2|Pash96|102|1266\n|teamsize|p1|6\n|teamsize|p2|6\n|gen|9\n|tier|[Gen 9] Doubles OU\n|rated|\n|rule|Species Clause: Limit one of each Pok\u00e9mon\n|rule|OHKO Clause: OHKO moves are banned\n|rule|Evasion Moves Clause: Evasion moves are banned\n|rule|Gravity Sleep Clause: The combination of sleep-inducing moves with imperfect accuracy and Gravity or Gigantamax Orbeetle are banned\n|rule|Endless Battle Clause: Forcing endless battles is banned\n|rule|HP Percentage Mod: HP is shown in percentages\n|clearpoke\n|poke|p1|Trevenant, F|\n|poke|p1|Sableye, M|\n|poke|p1|Garganacl, F|\n|poke|p1|Ting-Lu|\n|poke|p1|Sinistcha|\n|poke|p1|Scream Tail|\n|poke|p2|Cetitan, F|\n|poke|p2|Abomasnow, F|\n|poke|p2|Arcanine-Hisui, M|\n|poke|p2|Flutter Mane|\n|poke|p2|Iron Hands|\n|poke|p2|Landorus-Therian, M|\n|teampreview\n|inactive|Battle timer is ON: inactive players will automatically lose when time's up. (requested by UY QUE RICO PAPI)\n|\n|t:|1701181638\n|start\n|switch|p1a: Sableye|Sableye, M|100\/100\n|switch|p1b: Scream Tail|Scream Tail|100\/100\n|switch|p2a: Cetitan|Cetitan, F|100\/100\n|switch|p2b: Landorus|Landorus-Therian, M|100\/100\n|-ability|p2b: Landorus|Intimidate|boost\n|-unboost|p1a: Sableye|atk|1\n|-unboost|p1b: Scream Tail|atk|1\n|turn|1\n|\n|t:|1701181663\n|-terastallize|p2a: Cetitan|Water\n|move|p1a: Sableye|Reflect|p1a: Sableye\n|-sidestart|p1: UY QUE RICO PAPI|Reflect\n|move|p2b: Landorus|U-turn|p1b: Scream Tail\n|-damage|p1b: Scream Tail|90\/100\n|inactive|Pash96 has 120 seconds left.\n|\n|t:|1701181674\n|switch|p2b: Flutter Mane|Flutter Mane|100\/100|[from] U-turn\n|-enditem|p2b: Flutter Mane|Booster Energy\n|-activate|p2b: Flutter Mane|ability: Protosynthesis|[fromitem]\n|-start|p2b: Flutter Mane|protosynthesisspa\n|move|p1b: Scream Tail|Stealth Rock|p2b: Flutter Mane\n|-sidestart|p2: Pash96|move: Stealth Rock\n|move|p2a: Cetitan|Belly Drum|p2a: Cetitan\n|-damage|p2a: Cetitan|50\/100\n|-setboost|p2a: Cetitan|atk|6|[from] move: Belly Drum\n|-enditem|p2a: Cetitan|Sitrus Berry|[eat]\n|-heal|p2a: Cetitan|75\/100|[from] item: Sitrus Berry\n|\n|upkeep\n|turn|2\n|\n|t:|1701181697\n|move|p2b: Flutter Mane|Protect|p2b: Flutter Mane\n|-singleturn|p2b: Flutter Mane|Protect\n|move|p1a: Sableye|Light Screen|p1a: Sableye\n|-sidestart|p1: UY QUE RICO PAPI|move: Light Screen\n|move|p1b: Scream Tail|Encore|p2a: Cetitan\n|-start|p2a: Cetitan|Encore\n|move|p2a: Cetitan|Belly Drum||[still]\n|-fail|p2a: Cetitan\n|\n|upkeep\n|turn|3\n|\n|t:|1701181712\n|switch|p1a: Ting-Lu|Ting-Lu|100\/100\n|-ability|p1a: Ting-Lu|Vessel of Ruin\n|move|p2b: Flutter Mane|Moonblast|p1a: Ting-Lu\n|-supereffective|p1a: Ting-Lu\n|-damage|p1a: Ting-Lu|47\/100\n|move|p1b: Scream Tail|Amnesia|p1b: Scream Tail\n|-boost|p1b: Scream Tail|spd|2\n|move|p2a: Cetitan|Belly Drum||[still]\n|-fail|p2a: Cetitan\n|\n|-heal|p1a: Ting-Lu|53\/100|[from] item: Leftovers\n|upkeep\n|turn|4\n|inactive|UY QUE RICO PAPI has 120 seconds left.\n|\n|t:|1701181746\n|-terastallize|p1a: Ting-Lu|Poison\n|move|p2b: Flutter Mane|Shadow Ball|p1b: Scream Tail\n|-supereffective|p1b: Scream Tail\n|-damage|p1b: Scream Tail|70\/100\n|move|p1b: Scream Tail|Encore|p2b: Flutter Mane\n|-start|p2b: Flutter Mane|Encore\n|move|p2a: Cetitan|Belly Drum||[still]\n|-fail|p2a: Cetitan\n|move|p1a: Ting-Lu|Whirlwind|p2a: Cetitan\n|drag|p2a: Abomasnow|Abomasnow, F|100\/100\n|-damage|p2a: Abomasnow|76\/100|[from] Stealth Rock\n|-weather|Snow|[from] ability: Snow Warning|[of] p2a: Abomasnow\n|\n|-weather|Snow|[upkeep]\n|-heal|p1a: Ting-Lu|59\/100|[from] item: Leftovers\n|upkeep\n|turn|5\n|inactive|UY QUE RICO PAPI has 120 seconds left.\n|\n|t:|1701181772\n|move|p2b: Flutter Mane|Shadow Ball|p1b: Scream Tail\n|-supereffective|p1b: Scream Tail\n|-damage|p1b: Scream Tail|51\/100\n|move|p1b: Scream Tail|Amnesia|p1b: Scream Tail\n|-boost|p1b: Scream Tail|spd|2\n|move|p2a: Abomasnow|Earth Power|p1a: Ting-Lu\n|-supereffective|p1a: Ting-Lu\n|-damage|p1a: Ting-Lu|38\/100\n|move|p1a: Ting-Lu|Spikes|p2a: Abomasnow\n|-sidestart|p2: Pash96|Spikes\n|\n|-weather|Snow|[upkeep]\n|-heal|p1a: Ting-Lu|44\/100|[from] item: Leftovers\n|upkeep\n|turn|6\n|\n|t:|1701181790\n|move|p1a: Ting-Lu|Protect|p1a: Ting-Lu\n|-singleturn|p1a: Ting-Lu|Protect\n|move|p2b: Flutter Mane|Shadow Ball|p1b: Scream Tail\n|-supereffective|p1b: Scream Tail\n|-damage|p1b: Scream Tail|38\/100\n|-enditem|p1b: Scream Tail|Sitrus Berry|[eat]\n|-heal|p1b: Scream Tail|63\/100|[from] item: Sitrus Berry\n|move|p1b: Scream Tail|Baton Pass|p1b: Scream Tail\n|\n|t:|1701181801\n|-end|p1b: Scream Tail|Protosynthesis|[silent]\n|switch|p1b: Garganacl|Garganacl, F|100\/100|[from] Baton Pass\n|move|p2a: Abomasnow|Earth Power|p1a: Ting-Lu\n|-activate|p1a: Ting-Lu|move: Protect\n|\n|-weather|Snow|[upkeep]\n|-heal|p1a: Ting-Lu|50\/100|[from] item: Leftovers\n|upkeep\n|turn|7\n|\n|t:|1701181827\n|switch|p1a: Scream Tail|Scream Tail|63\/100\n|move|p2b: Flutter Mane|Shadow Ball|p1b: Garganacl\n|-damage|p1b: Garganacl|94\/100\n|-unboost|p1b: Garganacl|spd|1\n|move|p2a: Abomasnow|Earth Power|p1b: Garganacl\n|-supereffective|p1b: Garganacl\n|-damage|p1b: Garganacl|81\/100\n|move|p1b: Garganacl|Curse|p1b: Garganacl\n|-unboost|p1b: Garganacl|spe|1\n|-boost|p1b: Garganacl|atk|1\n|-boost|p1b: Garganacl|def|1\n|\n|-weather|Snow|[upkeep]\n|-end|p2b: Flutter Mane|Encore\n|upkeep\n|turn|8\n|inactive|Pash96 has 120 seconds left.\n|\n|t:|1701181859\n|switch|p2a: Landorus|Landorus-Therian, M|100\/100\n|-damage|p2a: Landorus|88\/100|[from] Stealth Rock\n|-ability|p2a: Landorus|Intimidate|boost\n|-unboost|p1a: Scream Tail|atk|1\n|-unboost|p1b: Garganacl|atk|1\n|move|p2b: Flutter Mane|Shadow Ball|p1a: Scream Tail\n|-supereffective|p1a: Scream Tail\n|-damage|p1a: Scream Tail|17\/100\n|move|p1a: Scream Tail|Amnesia|p1a: Scream Tail\n|-boost|p1a: Scream Tail|spd|2\n|move|p1b: Garganacl|Curse|p1b: Garganacl\n|-unboost|p1b: Garganacl|spe|1\n|-boost|p1b: Garganacl|atk|1\n|-boost|p1b: Garganacl|def|1\n|\n|-weather|none\n|-sideend|p1: UY QUE RICO PAPI|Reflect\n|upkeep\n|turn|9\n|\n|t:|1701181886\n|move|p2a: Landorus|U-turn|p1a: Scream Tail\n|-damage|p1a: Scream Tail|1\/100\n|\n|t:|1701181891\n|switch|p2a: Iron Hands|Iron Hands|100\/100|[from] U-turn\n|-damage|p2a: Iron Hands|94\/100|[from] Stealth Rock\n|-damage|p2a: Iron Hands|82\/100|[from] Spikes\n|move|p2b: Flutter Mane|Shadow Ball|p1a: Scream Tail\n|-supereffective|p1a: Scream Tail\n|-damage|p1a: Scream Tail|0 fnt\n|faint|p1a: Scream Tail\n|-end|p1a: Scream Tail|Protosynthesis|[silent]\n|move|p1b: Garganacl|Salt Cure|p2a: Iron Hands\n|-resisted|p2a: Iron Hands\n|-damage|p2a: Iron Hands|77\/100\n|-start|p2a: Iron Hands|Salt Cure\n|\n|-damage|p2a: Iron Hands|64\/100|[from] Salt Cure\n|-sideend|p1: UY QUE RICO PAPI|move: Light Screen\n|upkeep\n|\n|t:|1701181906\n|switch|p1a: Sableye|Sableye, M|100\/100\n|turn|10\n|\n|t:|1701181920\n|move|p1a: Sableye|Light Screen|p1a: Sableye\n|-sidestart|p1: UY QUE RICO PAPI|move: Light Screen\n|move|p2b: Flutter Mane|Moonblast|p1a: Sableye\n|-supereffective|p1a: Sableye\n|-damage|p1a: Sableye|7\/100\n|move|p2a: Iron Hands|Volt Switch|p1a: Sableye\n|-damage|p1a: Sableye|0 fnt\n|faint|p1a: Sableye\n|\n|t:|1701181929\n|-end|p2a: Iron Hands|Quark Drive|[silent]\n|switch|p2a: Landorus|Landorus-Therian, M|88\/100|[from] Volt Switch\n|-damage|p2a: Landorus|76\/100|[from] Stealth Rock\n|-ability|p2a: Landorus|Intimidate|boost\n|-unboost|p1b: Garganacl|atk|1\n|move|p1b: Garganacl|Salt Cure|p2b: Flutter Mane\n|-damage|p2b: Flutter Mane|84\/100\n|-start|p2b: Flutter Mane|Salt Cure\n|\n|-damage|p2b: Flutter Mane|72\/100|[from] Salt Cure\n|upkeep\n|\n|t:|1701181947\n|switch|p1a: Ting-Lu|Ting-Lu, tera:Poison|50\/100\n|-ability|p1a: Ting-Lu|Vessel of Ruin\n|turn|11\n|\n|t:|1701181963\n|move|p1a: Ting-Lu|Protect|p1a: Ting-Lu\n|-singleturn|p1a: Ting-Lu|Protect\n|move|p2a: Landorus|Stomping Tantrum|p1a: Ting-Lu\n|-activate|p1a: Ting-Lu|move: Protect\n|move|p2b: Flutter Mane|Moonblast|p1a: Ting-Lu\n|-activate|p1a: Ting-Lu|move: Protect\n|move|p1b: Garganacl|Salt Cure|p2a: Landorus\n|-damage|p2a: Landorus|66\/100\n|-start|p2a: Landorus|Salt Cure\n|\n|-heal|p1a: Ting-Lu|57\/100|[from] item: Leftovers\n|-damage|p2a: Landorus|53\/100|[from] Salt Cure\n|-damage|p2b: Flutter Mane|60\/100|[from] Salt Cure\n|upkeep\n|turn|12\n|\n|t:|1701181988\n|switch|p1a: Sinistcha|Sinistcha|100\/100\n|-heal|p1b: Garganacl|100\/100|[from] ability: Hospitality|[of] p1a: Sinistcha\n|move|p2a: Landorus|Stomping Tantrum|p1a: Sinistcha\n|-resisted|p1a: Sinistcha\n|-damage|p1a: Sinistcha|84\/100\n|move|p2b: Flutter Mane|Moonblast|p1a: Sinistcha\n|-damage|p1a: Sinistcha|35\/100\n|-unboost|p1a: Sinistcha|spa|1\n|move|p1b: Garganacl|Curse|p1b: Garganacl\n|-unboost|p1b: Garganacl|spe|1\n|-boost|p1b: Garganacl|atk|1\n|-boost|p1b: Garganacl|def|1\n|\n|-heal|p1a: Sinistcha|41\/100|[from] item: Leftovers\n|-damage|p2a: Landorus|41\/100|[from] Salt Cure\n|-damage|p2b: Flutter Mane|47\/100|[from] Salt Cure\n|upkeep\n|turn|13\n|inactive|UY QUE RICO PAPI has 120 seconds left.\n|inactive|Pash96 has 120 seconds left.\n|\n|t:|1701182031\n|switch|p2a: Cetitan|Cetitan, F, tera:Water|75\/100\n|-damage|p2a: Cetitan|63\/100|[from] Stealth Rock\n|-damage|p2a: Cetitan|50\/100|[from] Spikes\n|move|p1a: Sinistcha|Rage Powder|p1a: Sinistcha\n|-singleturn|p1a: Sinistcha|move: Rage Powder\n|move|p2b: Flutter Mane|Moonblast|p1a: Sinistcha\n|-damage|p1a: Sinistcha|0 fnt\n|faint|p1a: Sinistcha\n|move|p1b: Garganacl|Salt Cure|p2a: Cetitan\n|-damage|p2a: Cetitan|36\/100\n|-start|p2a: Cetitan|Salt Cure\n|\n|-damage|p2b: Flutter Mane|35\/100|[from] Salt Cure\n|-damage|p2a: Cetitan|11\/100|[from] Salt Cure\n|upkeep\n|inactive|UY QUE RICO PAPI has 90 seconds left.\n|inactive|UY QUE RICO PAPI has 60 seconds left.\n|inactive|UY QUE RICO PAPI has 30 seconds left.\n|inactive|UY QUE RICO PAPI has 20 seconds left.\n|\n|t:|1701182128\n|switch|p1a: Ting-Lu|Ting-Lu, tera:Poison|57\/100\n|-ability|p1a: Ting-Lu|Vessel of Ruin\n|turn|14\n|inactive|UY QUE RICO PAPI has 30 seconds left.\n|\n|t:|1701182148\n|move|p1b: Garganacl|Protect|p1b: Garganacl\n|-singleturn|p1b: Garganacl|Protect\n|move|p2b: Flutter Mane|Moonblast|p1a: Ting-Lu\n|-resisted|p1a: Ting-Lu\n|-damage|p1a: Ting-Lu|45\/100\n|move|p2a: Cetitan|Liquidation|p1b: Garganacl\n|-activate|p1b: Garganacl|move: Protect\n|move|p1a: Ting-Lu|Spikes|p2a: Cetitan\n|-sidestart|p2: Pash96|Spikes\n|\n|-heal|p1a: Ting-Lu|51\/100|[from] item: Leftovers\n|-damage|p2b: Flutter Mane|22\/100|[from] Salt Cure\n|-damage|p2a: Cetitan|0 fnt|[from] Salt Cure\n|faint|p2a: Cetitan\n|upkeep\n|\n|t:|1701182163\n|switch|p2a: Iron Hands|Iron Hands|64\/100\n|-damage|p2a: Iron Hands|58\/100|[from] Stealth Rock\n|-damage|p2a: Iron Hands|42\/100|[from] Spikes\n|turn|15\n|\n|t:|1701182177\n|move|p2b: Flutter Mane|Shadow Ball|p1b: Garganacl\n|-damage|p1b: Garganacl|96\/100\n|move|p2a: Iron Hands|Drain Punch|p1b: Garganacl\n|-supereffective|p1b: Garganacl\n|-damage|p1b: Garganacl|78\/100\n|-heal|p2a: Iron Hands|49\/100|[from] drain|[of] p1b: Garganacl\n|move|p1b: Garganacl|Salt Cure|p2a: Iron Hands\n|-resisted|p2a: Iron Hands\n|-damage|p2a: Iron Hands|45\/100\n|-start|p2a: Iron Hands|Salt Cure\n|move|p1a: Ting-Lu|Whirlwind|p2b: Flutter Mane\n|-end|p2b: Flutter Mane|Protosynthesis|[silent]\n|drag|p2b: Landorus|Landorus-Therian, M|41\/100\n|-damage|p2b: Landorus|29\/100|[from] Stealth Rock\n|-ability|p2b: Landorus|Intimidate|boost\n|-unboost|p1a: Ting-Lu|atk|1\n|-unboost|p1b: Garganacl|atk|1\n|\n|-heal|p1a: Ting-Lu|57\/100|[from] item: Leftovers\n|-damage|p2a: Iron Hands|32\/100|[from] Salt Cure\n|upkeep\n|turn|16\n|inactive|UY QUE RICO PAPI has 60 seconds left.\n|\n|t:|1701182207\n|move|p2b: Landorus|Stomping Tantrum|p1a: Ting-Lu\n|-supereffective|p1a: Ting-Lu\n|-damage|p1a: Ting-Lu|21\/100\n|move|p2a: Iron Hands|Drain Punch|p1b: Garganacl\n|-supereffective|p1b: Garganacl\n|-damage|p1b: Garganacl|62\/100\n|-heal|p2a: Iron Hands|39\/100|[from] drain|[of] p1b: Garganacl\n|move|p1b: Garganacl|Salt Cure|p2b: Landorus\n|-damage|p2b: Landorus|19\/100\n|-start|p2b: Landorus|Salt Cure\n|move|p1a: Ting-Lu|Whirlwind|p2b: Landorus\n|drag|p2b: Arcanine|Arcanine-Hisui, M|100\/100\n|-damage|p2b: Arcanine|76\/100|[from] Stealth Rock\n|-damage|p2b: Arcanine|59\/100|[from] Spikes\n|-ability|p2b: Arcanine|Intimidate|boost\n|-unboost|p1a: Ting-Lu|atk|1\n|-unboost|p1b: Garganacl|atk|1\n|\n|-heal|p1a: Ting-Lu|27\/100|[from] item: Leftovers\n|-damage|p2a: Iron Hands|27\/100|[from] Salt Cure\n|upkeep\n|turn|17\n|inactive|UY QUE RICO PAPI has 60 seconds left.\n|\n|t:|1701182232\n|move|p1a: Ting-Lu|Protect|p1a: Ting-Lu\n|-singleturn|p1a: Ting-Lu|Protect\n|move|p2b: Arcanine|Rock Slide|p1b: Garganacl|[spread] p1b\n|-activate|p1a: Ting-Lu|move: Protect\n|-damage|p1b: Garganacl|56\/100\n|move|p2a: Iron Hands|Drain Punch|p1a: Ting-Lu\n|-activate|p1a: Ting-Lu|move: Protect\n|move|p1b: Garganacl|Recover|p1b: Garganacl\n|-heal|p1b: Garganacl|100\/100\n|\n|-heal|p1a: Ting-Lu|34\/100|[from] item: Leftovers\n|-damage|p2a: Iron Hands|14\/100|[from] Salt Cure\n|-sideend|p1: UY QUE RICO PAPI|move: Light Screen\n|upkeep\n|turn|18\n|inactive|UY QUE RICO PAPI has 60 seconds left.\n|inactive|Pash96 has 120 seconds left.\n|\n|t:|1701182267\n|move|p2b: Arcanine|Rock Slide|p1a: Ting-Lu|[spread] p1a,p1b\n|-damage|p1a: Ting-Lu|23\/100\n|-damage|p1b: Garganacl|95\/100\n|move|p2a: Iron Hands|Drain Punch|p1a: Ting-Lu\n|-resisted|p1a: Ting-Lu\n|-damage|p1a: Ting-Lu|15\/100\n|-heal|p2a: Iron Hands|19\/100|[from] drain|[of] p1a: Ting-Lu\n|move|p1b: Garganacl|Salt Cure|p2b: Arcanine\n|-supereffective|p2b: Arcanine\n|-damage|p2b: Arcanine|44\/100\n|-start|p2b: Arcanine|Salt Cure\n|move|p1a: Ting-Lu|Whirlwind|p2a: Iron Hands\n|-end|p2a: Iron Hands|Quark Drive|[silent]\n|drag|p2a: Abomasnow|Abomasnow, F|76\/100\n|-damage|p2a: Abomasnow|51\/100|[from] Stealth Rock\n|-damage|p2a: Abomasnow|34\/100|[from] Spikes\n|-weather|Snow|[from] ability: Snow Warning|[of] p2a: Abomasnow\n|\n|-weather|Snow|[upkeep]\n|-heal|p1a: Ting-Lu|21\/100|[from] item: Leftovers\n|-damage|p2b: Arcanine|31\/100|[from] Salt Cure\n|upkeep\n|turn|19\n|inactive|Pash96 has 120 seconds left.\n|\n|t:|1701182289\n|move|p1a: Ting-Lu|Protect|p1a: Ting-Lu\n|-singleturn|p1a: Ting-Lu|Protect\n|move|p2b: Arcanine|Rock Slide|p1a: Ting-Lu|[spread] p1b\n|-activate|p1a: Ting-Lu|move: Protect\n|-damage|p1b: Garganacl|89\/100\n|move|p2a: Abomasnow|Blizzard|p1a: Ting-Lu|[spread] p1b\n|-activate|p1a: Ting-Lu|move: Protect\n|-damage|p1b: Garganacl|79\/100\n|move|p1b: Garganacl|Salt Cure|p2a: Abomasnow\n|-supereffective|p2a: Abomasnow\n|-damage|p2a: Abomasnow|21\/100\n|-start|p2a: Abomasnow|Salt Cure\n|\n|-weather|Snow|[upkeep]\n|-heal|p1a: Ting-Lu|27\/100|[from] item: Leftovers\n|-damage|p2b: Arcanine|19\/100|[from] Salt Cure\n|-damage|p2a: Abomasnow|8\/100|[from] Salt Cure\n|upkeep\n|turn|20\n|inactive|UY QUE RICO PAPI has 60 seconds left.\n|\n|t:|1701182327\n|move|p1a: Ting-Lu|Protect||[still]\n|-fail|p1a: Ting-Lu\n|move|p1b: Garganacl|Protect|p1b: Garganacl\n|-singleturn|p1b: Garganacl|Protect\n|move|p2b: Arcanine|Rock Slide|p1a: Ting-Lu|[spread] p1a\n|-activate|p1b: Garganacl|move: Protect\n|-damage|p1a: Ting-Lu|16\/100\n|move|p2a: Abomasnow|Earth Power|p1a: Ting-Lu\n|-supereffective|p1a: Ting-Lu\n|-damage|p1a: Ting-Lu|0 fnt\n|faint|p1a: Ting-Lu\n|\n|-weather|Snow|[upkeep]\n|-damage|p2b: Arcanine|7\/100|[from] Salt Cure\n|-damage|p2a: Abomasnow|0 fnt|[from] Salt Cure\n|faint|p2a: Abomasnow\n|upkeep\n|inactive|UY QUE RICO PAPI has 60 seconds left.\n|\n|t:|1701182349\n|switch|p2a: Flutter Mane|Flutter Mane|22\/100\n|switch|p1a: Trevenant|Trevenant, F|100\/100\n|-damage|p2a: Flutter Mane|10\/100|[from] Stealth Rock\n|-damage|p2a: Flutter Mane|0 fnt|[from] Spikes\n|faint|p2a: Flutter Mane\n|-end|p2a: Flutter Mane|Protosynthesis|[silent]\n|\n|t:|1701182357\n|switch|p2a: Iron Hands|Iron Hands|19\/100\n|-damage|p2a: Iron Hands|13\/100|[from] Stealth Rock\n|-damage|p2a: Iron Hands|0 fnt|[from] Spikes\n|faint|p2a: Iron Hands\n|-end|p2a: Iron Hands|Quark Drive|[silent]\n|\n|t:|1701182362\n|switch|p2a: Landorus|Landorus-Therian, M|19\/100\n|-damage|p2a: Landorus|7\/100|[from] Stealth Rock\n|-ability|p2a: Landorus|Intimidate|boost\n|-unboost|p1a: Trevenant|atk|1\n|-unboost|p1b: Garganacl|atk|1\n|turn|21\n|inactive|UY QUE RICO PAPI has 90 seconds left.\n|\n|t:|1701182376\n|move|p1a: Trevenant|Protect|p1a: Trevenant\n|-singleturn|p1a: Trevenant|Protect\n|move|p2a: Landorus|Stomping Tantrum|p1b: Garganacl\n|-supereffective|p1b: Garganacl\n|-damage|p1b: Garganacl|61\/100\n|move|p2b: Arcanine|Flare Blitz|p1a: Trevenant\n|-activate|p1a: Trevenant|move: Protect\n|move|p1b: Garganacl|Recover|p1b: Garganacl\n|-heal|p1b: Garganacl|100\/100\n|\n|-weather|Snow|[upkeep]\n|-damage|p2b: Arcanine|0 fnt|[from] Salt Cure\n|faint|p2b: Arcanine\n|upkeep\n|turn|22\n|\n|t:|1701182394\n|move|p2a: Landorus|Stomping Tantrum|p1b: Garganacl\n|-supereffective|p1b: Garganacl\n|-damage|p1b: Garganacl|80\/100\n|move|p1a: Trevenant|Curse|p2a: Landorus\n|-start|p2a: Landorus|Curse|[of] p1a: Trevenant\n|-damage|p1a: Trevenant|50\/100\n|-enditem|p1a: Trevenant|Sitrus Berry|[eat]\n|-heal|p1a: Trevenant|75\/100|[from] item: Sitrus Berry\n|move|p1b: Garganacl|Salt Cure|p2a: Landorus\n|-damage|p2a: Landorus|0 fnt\n|faint|p2a: Landorus\n|\n|win|UY QUE RICO PAPI\n|raw|UY QUE RICO PAPI's rating: 1276 &rarr; <strong>1300<\/strong><br \/>(+24 for winning)\n|raw|Pash96's rating: 1266 &rarr; <strong>1242<\/strong><br \/>(-24 for losing)\n|l|\u2606Pash96\n","uploadtime":1701182555,"views":4,"p1id":"uyquericopapi","p2id":"pash96","formatid":"gen9doublesou","rating":1242,"private":0,"password":""}