{"id":"gen9doublesou-1983541852","p1":"Victini_ez","p2":"bananaszn","format":"[Gen 9] Doubles OU","log":"|j|\u2606Victini_ez\n|j|\u2606bananaszn\n|t:|1699141418\n|gametype|doubles\n|player|p1|Victini_ez|aaron|1267\n|player|p2|bananaszn|brycen|1325\n|teamsize|p1|6\n|teamsize|p2|6\n|gen|9\n|tier|[Gen 9] Doubles OU\n|rated|\n|rule|Species Clause: Limit one of each Pok\u00e9mon\n|rule|OHKO Clause: OHKO moves are banned\n|rule|Evasion Moves Clause: Evasion moves are banned\n|rule|Gravity Sleep Clause: The combination of sleep-inducing moves with imperfect accuracy and Gravity or Gigantamax Orbeetle are banned\n|rule|Endless Battle Clause: Forcing endless battles is banned\n|rule|HP Percentage Mod: HP is shown in percentages\n|clearpoke\n|poke|p1|Flutter Mane|\n|poke|p1|Chi-Yu|\n|poke|p1|Amoonguss, F|\n|poke|p1|Iron Hands|\n|poke|p1|Shaymin-Sky|\n|poke|p1|Landorus-Therian, M|\n|poke|p2|Poliwrath, F|\n|poke|p2|Pelipper, F|\n|poke|p2|Basculegion-F, F|\n|poke|p2|Zapdos|\n|poke|p2|Landorus-Therian, M|\n|poke|p2|Tsareena, F|\n|teampreview\n|\n|t:|1699141430\n|start\n|switch|p1a: Chi-Yu|Chi-Yu|100\/100\n|switch|p1b: Landorus|Landorus-Therian, M|100\/100\n|switch|p2a: Pelipper|Pelipper, F|100\/100\n|switch|p2b: Poliwrath|Poliwrath, F|100\/100\n|-ability|p1b: Landorus|Intimidate|boost\n|-unboost|p2a: Pelipper|atk|1\n|-unboost|p2b: Poliwrath|atk|1\n|-ability|p1a: Chi-Yu|Beads of Ruin\n|-weather|RainDance|[from] ability: Drizzle|[of] p2a: Pelipper\n|turn|1\n|\n|t:|1699141449\n|switch|p2a: Landorus|Landorus-Therian, M|100\/100\n|-ability|p2a: Landorus|Intimidate|boost\n|-unboost|p1a: Chi-Yu|atk|1\n|-unboost|p1b: Landorus|atk|1\n|move|p2b: Poliwrath|Liquidation|p1a: Chi-Yu\n|-supereffective|p1a: Chi-Yu\n|-damage|p1a: Chi-Yu|0 fnt\n|faint|p1a: Chi-Yu\n|move|p1b: Landorus|Rock Slide|p2b: Poliwrath|[spread] p2a,p2b\n|-resisted|p2b: Poliwrath\n|-damage|p2a: Landorus|83\/100\n|-damage|p2b: Poliwrath|92\/100\n|\n|-weather|RainDance|[upkeep]\n|upkeep\n|\n|t:|1699141464\n|switch|p1a: Shaymin|Shaymin-Sky|100\/100\n|turn|2\n|\n|t:|1699141481\n|move|p2b: Poliwrath|Liquidation|p1b: Landorus\n|-supereffective|p1b: Landorus\n|-damage|p1b: Landorus|0 fnt\n|faint|p1b: Landorus\n|move|p2a: Landorus|U-turn|p1a: Shaymin\n|-damage|p1a: Shaymin|69\/100\n|\n|t:|1699141491\n|switch|p2a: Zapdos|Zapdos|100\/100|[from] U-turn\n|move|p1a: Shaymin|Air Cutter|p2b: Poliwrath|[spread] p2a,p2b\n|-resisted|p2a: Zapdos\n|-supereffective|p2b: Poliwrath\n|-damage|p2a: Zapdos|90\/100\n|-damage|p2b: Poliwrath|41\/100\n|\n|-weather|RainDance|[upkeep]\n|upkeep\n|\n|t:|1699141500\n|switch|p1b: Flutter Mane|Flutter Mane|100\/100\n|turn|3\n|\n|t:|1699141511\n|move|p2b: Poliwrath|Liquidation|p1b: Flutter Mane\n|-enditem|p1b: Flutter Mane|Focus Sash\n|-damage|p1b: Flutter Mane|1\/100\n|move|p1b: Flutter Mane|Dazzling Gleam|p2a: Zapdos|[spread] p2a,p2b\n|-supereffective|p2b: Poliwrath\n|-damage|p2a: Zapdos|59\/100\n|-damage|p2b: Poliwrath|0 fnt\n|faint|p2b: Poliwrath\n|move|p1a: Shaymin|Air Cutter|p2a: Zapdos\n|-resisted|p2a: Zapdos\n|-damage|p2a: Zapdos|46\/100\n|move|p2a: Zapdos|Hurricane|p1a: Shaymin\n|-supereffective|p1a: Shaymin\n|-damage|p1a: Shaymin|0 fnt\n|faint|p1a: Shaymin\n|\n|-weather|RainDance|[upkeep]\n|upkeep\n|\n|t:|1699141528\n|switch|p1a: Iron Hands|Iron Hands|100\/100\n|switch|p2b: Landorus|Landorus-Therian, M|83\/100\n|-ability|p2b: Landorus|Intimidate|boost\n|-unboost|p1a: Iron Hands|atk|1\n|-unboost|p1b: Flutter Mane|atk|1\n|turn|4\n|\n|t:|1699141538\n|switch|p2b: Basculegion|Basculegion-F, F|100\/100\n|-terastallize|p1b: Flutter Mane|Fairy\n|move|p1a: Iron Hands|Fake Out|p2b: Basculegion\n|-immune|p2b: Basculegion\n|move|p1b: Flutter Mane|Dazzling Gleam|p2a: Zapdos|[spread] p2a,p2b\n|-damage|p2a: Zapdos|4\/100\n|-damage|p2b: Basculegion|59\/100\n|move|p2a: Zapdos|Hurricane|p1b: Flutter Mane\n|-damage|p1b: Flutter Mane|0 fnt\n|faint|p1b: Flutter Mane\n|-end|p1b: Flutter Mane|Protosynthesis|[silent]\n|\n|-weather|RainDance|[upkeep]\n|upkeep\n|\n|t:|1699141550\n|switch|p1b: Amoonguss|Amoonguss, F|100\/100\n|turn|5\n|\n|t:|1699141559\n|move|p1b: Amoonguss|Rage Powder|p1b: Amoonguss\n|-singleturn|p1b: Amoonguss|move: Rage Powder\n|move|p2b: Basculegion|Phantom Force||[still]\n|-prepare|p2b: Basculegion|Phantom Force\n|move|p2a: Zapdos|Hurricane|p1b: Amoonguss\n|-supereffective|p1b: Amoonguss\n|-damage|p1b: Amoonguss|0 fnt\n|faint|p1b: Amoonguss\n|move|p1a: Iron Hands|Wild Charge|p2b: Basculegion|[miss]\n|-miss|p1a: Iron Hands|p2b: Basculegion\n|\n|-weather|RainDance|[upkeep]\n|upkeep\n|turn|6\n|\n|t:|1699141571\n|move|p2b: Basculegion|Phantom Force|p1a: Iron Hands|[from]lockedmove\n|-damage|p1a: Iron Hands|62\/100\n|move|p2a: Zapdos|Hurricane|p1a: Iron Hands\n|-damage|p1a: Iron Hands|0 fnt\n|faint|p1a: Iron Hands\n|-end|p1a: Iron Hands|Quark Drive|[silent]\n|\n|win|bananaszn\n|raw|Victini_ez's rating: 1267 &rarr; <strong>1246<\/strong><br \/>(-21 for losing)\n|raw|bananaszn's rating: 1325 &rarr; <strong>1342<\/strong><br \/>(+17 for winning)\n","uploadtime":1699141581,"views":29,"p1id":"victiniez","p2id":"bananaszn","formatid":"gen9doublesou","rating":1246,"private":0,"password":""}