{"id":"gen9doublesou-1999429708","p1":"MMMuffin","p2":"wijk","format":"[Gen 9] Doubles OU","log":"|j|\u2606MMMuffin\n|j|\u2606wijk\n|t:|1701079110\n|gametype|doubles\n|player|p1|MMMuffin|cress|1275\n|player|p2|wijk|265|1303\n|teamsize|p1|6\n|teamsize|p2|6\n|gen|9\n|tier|[Gen 9] Doubles OU\n|rated|\n|rule|Species Clause: Limit one of each Pok\u00e9mon\n|rule|OHKO Clause: OHKO moves are banned\n|rule|Evasion Moves Clause: Evasion moves are banned\n|rule|Gravity Sleep Clause: The combination of sleep-inducing moves with imperfect accuracy and Gravity or Gigantamax Orbeetle are banned\n|rule|Endless Battle Clause: Forcing endless battles is banned\n|rule|HP Percentage Mod: HP is shown in percentages\n|clearpoke\n|poke|p1|Regidrago|\n|poke|p1|Indeedee, M|\n|poke|p1|Tornadus, M|\n|poke|p1|Chi-Yu|\n|poke|p1|Sinistcha-Masterpiece|\n|poke|p1|Gholdengo|\n|poke|p2|Amoonguss, F|\n|poke|p2|Chien-Pao|\n|poke|p2|Heatran, M|\n|poke|p2|Iron Hands|\n|poke|p2|Rillaboom, F|\n|poke|p2|Landorus-Therian, M|\n|teampreview\n|inactive|Battle timer is ON: inactive players will automatically lose when time's up. (requested by MMMuffin)\n|inactive|wijk has 120 seconds left.\n|\n|t:|1701079141\n|start\n|switch|p1a: Fabreze|Tornadus, M|100\/100\n|switch|p1b: Gholdengo|Gholdengo|100\/100\n|switch|p2a: Chien-Pao|Chien-Pao|100\/100\n|switch|p2b: Landorus|Landorus-Therian, M|100\/100\n|-ability|p2b: Landorus|Intimidate|boost\n|-unboost|p1a: Fabreze|atk|1\n|-unboost|p1b: Gholdengo|atk|1\n|-ability|p2a: Chien-Pao|Sword of Ruin\n|turn|1\n|inactive|wijk has 120 seconds left.\n|\n|t:|1701079172\n|move|p2a: Chien-Pao|Protect|p2a: Chien-Pao\n|-singleturn|p2a: Chien-Pao|Protect\n|move|p1a: Fabreze|Tailwind|p1a: Fabreze\n|-sidestart|p1: MMMuffin|move: Tailwind\n|move|p1b: Gholdengo|Make It Rain|p2a: Chien-Pao|[spread] p2b\n|-activate|p2a: Chien-Pao|move: Protect\n|-damage|p2b: Landorus|20\/100\n|-unboost|p1b: Gholdengo|spa|1\n|-damage|p1b: Gholdengo|91\/100|[from] item: Life Orb\n|move|p2b: Landorus|Stomping Tantrum|p1b: Gholdengo\n|-supereffective|p1b: Gholdengo\n|-damage|p1b: Gholdengo|0 fnt\n|faint|p1b: Gholdengo\n|\n|upkeep\n|\n|t:|1701079186\n|switch|p1b: Goldfish|Chi-Yu|100\/100\n|-ability|p1b: Goldfish|Beads of Ruin\n|turn|2\n|inactive|wijk has 120 seconds left.\n|inactive|wijk has 90 seconds left.\n|\n|t:|1701079261\n|switch|p2b: Iron Hands|Iron Hands|100\/100\n|switch|p2a: Heatran|Heatran, M|100\/100\n|move|p1a: Fabreze|Bleakwind Storm|p2b: Iron Hands|[spread] p2a,p2b\n|-resisted|p2a: Heatran\n|-damage|p2a: Heatran|81\/100\n|-damage|p2b: Iron Hands|75\/100\n|-unboost|p2a: Heatran|spe|1\n|move|p1b: Goldfish|Dark Pulse|p2b: Iron Hands\n|-resisted|p2b: Iron Hands\n|-damage|p2b: Iron Hands|54\/100\n|\n|-heal|p2a: Heatran|87\/100|[from] item: Leftovers\n|upkeep\n|turn|3\n|inactive|wijk has 90 seconds left.\n|\n|t:|1701079297\n|switch|p1a: Indeedee|Indeedee, M|100\/100\n|-fieldstart|move: Psychic Terrain|[from] ability: Psychic Surge|[of] p1a: Indeedee\n|move|p2b: Iron Hands|Fake Out|p1b: Goldfish\n|-activate|p1b: Goldfish|move: Psychic Terrain\n|move|p1b: Goldfish|Dark Pulse|p2a: Heatran\n|-damage|p2a: Heatran|17\/100\n|move|p2a: Heatran|Earth Power|p1b: Goldfish\n|-supereffective|p1b: Goldfish\n|-damage|p1b: Goldfish|40\/100\n|-unboost|p1b: Goldfish|spd|1\n|\n|-heal|p2a: Heatran|24\/100|[from] item: Leftovers\n|upkeep\n|turn|4\n|inactive|wijk has 90 seconds left.\n|l|\u2606MMMuffin\n|inactive|MMMuffin disconnected and has a minute to reconnect!\n|player|p1|\n|j|\u2606MMMuffin\n|inactive|MMMuffin reconnected and has 130 seconds left.\n|player|p1|MMMuffin|cress\n|inactive|MMMuffin has 120 seconds left.\n|\n|t:|1701079340\n|switch|p1a: Sinistcha|Sinistcha-Masterpiece|100\/100\n|-heal|p1b: Goldfish|65\/100|[from] ability: Hospitality|[of] p1a: Sinistcha\n|move|p2a: Heatran|Protect|p2a: Heatran\n|-singleturn|p2a: Heatran|Protect\n|move|p1b: Goldfish|Dark Pulse|p2a: Heatran\n|-activate|p2a: Heatran|move: Protect\n|move|p2b: Iron Hands|Drain Punch|p1b: Goldfish\n|-supereffective|p1b: Goldfish\n|-damage|p1b: Goldfish|0 fnt\n|-heal|p2b: Iron Hands|69\/100|[from] drain|[of] p1b: Goldfish\n|faint|p1b: Goldfish\n|\n|-heal|p2a: Heatran|30\/100|[from] item: Leftovers\n|-sideend|p1: MMMuffin|move: Tailwind\n|upkeep\n|\n|t:|1701079348\n|switch|p1b: Fabreze|Tornadus, M|100\/100\n|turn|5\n|inactive|wijk has 90 seconds left.\n|inactive|wijk has 60 seconds left.\n|\n|t:|1701079386\n|-terastallize|p1b: Fabreze|Ground\n|move|p1b: Fabreze|Bleakwind Storm|p2b: Iron Hands|[spread] p2b\n|-miss|p1b: Fabreze|p2a: Heatran\n|-damage|p2b: Iron Hands|48\/100\n|-unboost|p2b: Iron Hands|spe|1\n|move|p1a: Sinistcha|Shadow Ball|p2a: Heatran\n|-damage|p2a: Heatran|3\/100\n|-unboost|p2a: Heatran|spd|1\n|move|p2a: Heatran|Magma Storm|p1a: Sinistcha\n|-supereffective|p1a: Sinistcha\n|-crit|p1a: Sinistcha\n|-damage|p1a: Sinistcha|2\/100\n|-activate|p1a: Sinistcha|move: Magma Storm|[of] p2a: Heatran\n|-enditem|p1a: Sinistcha|Sitrus Berry|[eat]\n|-heal|p1a: Sinistcha|27\/100|[from] item: Sitrus Berry\n|move|p2b: Iron Hands|Wild Charge|p1b: Fabreze\n|-immune|p1b: Fabreze\n|\n|-heal|p2a: Heatran|9\/100|[from] item: Leftovers\n|-damage|p1a: Sinistcha|14\/100|[from] move: Magma Storm|[partiallytrapped]\n|upkeep\n|turn|6\n|inactive|wijk has 60 seconds left.\n|\n|t:|1701079428\n|move|p2a: Heatran|Protect|p2a: Heatran\n|-singleturn|p2a: Heatran|Protect\n|move|p1b: Fabreze|Bleakwind Storm|p2b: Iron Hands|[spread] p2b\n|-activate|p2a: Heatran|move: Protect\n|-damage|p2b: Iron Hands|27\/100\n|-unboost|p2b: Iron Hands|spe|1\n|move|p1a: Sinistcha|Matcha Gotcha|p2a: Heatran|[spread] p2b\n|-activate|p2a: Heatran|move: Protect\n|-damage|p2b: Iron Hands|14\/100\n|-heal|p1a: Sinistcha|24\/100|[from] drain|[of] p2b: Iron Hands\n|move|p2b: Iron Hands|Drain Punch|p1b: Fabreze\n|-damage|p1b: Fabreze|48\/100\n|-heal|p2b: Iron Hands|29\/100|[from] drain|[of] p1b: Fabreze\n|\n|-heal|p2a: Heatran|15\/100|[from] item: Leftovers\n|-damage|p1a: Sinistcha|12\/100|[from] move: Magma Storm|[partiallytrapped]\n|upkeep\n|turn|7\n|inactive|wijk has 60 seconds left.\n|\n|t:|1701079461\n|move|p2a: Heatran|Protect|p2a: Heatran\n|-singleturn|p2a: Heatran|Protect\n|move|p1b: Fabreze|Bleakwind Storm|p2a: Heatran|[spread] p2b\n|-activate|p2a: Heatran|move: Protect\n|-damage|p2b: Iron Hands|8\/100\n|-unboost|p2b: Iron Hands|spe|1\n|move|p1a: Sinistcha|Matcha Gotcha|p2a: Heatran|[spread] p2b\n|-activate|p2a: Heatran|move: Protect\n|-damage|p2b: Iron Hands|0 fnt\n|-heal|p1a: Sinistcha|17\/100|[from] drain|[of] p2b: Iron Hands\n|faint|p2b: Iron Hands\n|-end|p2b: Iron Hands|Quark Drive|[silent]\n|\n|-heal|p2a: Heatran|21\/100|[from] item: Leftovers\n|-damage|p1a: Sinistcha|5\/100|[from] move: Magma Storm|[partiallytrapped]\n|-fieldend|move: Psychic Terrain\n|upkeep\n|inactive|wijk has 30 seconds left.\n|inactive|wijk has 20 seconds left.\n|\n|t:|1701079486\n|switch|p2b: Landorus|Landorus-Therian, M|20\/100\n|-ability|p2b: Landorus|Intimidate|boost\n|-unboost|p1a: Sinistcha|atk|1\n|-unboost|p1b: Fabreze|atk|1\n|turn|8\n|inactive|wijk has 30 seconds left.\n|\n|t:|1701079503\n|move|p1b: Fabreze|Tailwind|p1b: Fabreze\n|-sidestart|p1: MMMuffin|move: Tailwind\n|move|p2b: Landorus|Rock Slide|p1b: Fabreze|[spread] p1a,p1b\n|-resisted|p1b: Fabreze\n|-damage|p1a: Sinistcha|0 fnt\n|-damage|p1b: Fabreze|32\/100\n|faint|p1a: Sinistcha\n|move|p2a: Heatran|Magma Storm|p1b: Fabreze\n|-damage|p1b: Fabreze|0 fnt\n|faint|p1b: Fabreze\n|\n|-heal|p2a: Heatran|27\/100|[from] item: Leftovers\n|upkeep\n|\n|t:|1701079511\n|switch|p1b: Regidrago|Regidrago, shiny|100\/100\n|switch|p1a: Indeedee|Indeedee, M|100\/100\n|-fieldstart|move: Psychic Terrain|[from] ability: Psychic Surge|[of] p1a: Indeedee\n|turn|9\n|\n|t:|1701079538\n|switch|p2b: Rillaboom|Rillaboom, F|100\/100\n|-fieldstart|move: Grassy Terrain|[from] ability: Grassy Surge|[of] p2b: Rillaboom\n|move|p2a: Heatran|Protect|p2a: Heatran\n|-singleturn|p2a: Heatran|Protect\n|move|p1a: Indeedee|After You|p1b: Regidrago\n|-activate|p1b: Regidrago|move: After You\n|move|p1b: Regidrago|Dragon Energy|p2b: Rillaboom|[spread] p2b\n|-activate|p2a: Heatran|move: Protect\n|-damage|p2b: Rillaboom|0 fnt\n|faint|p2b: Rillaboom\n|\n|-heal|p2a: Heatran|34\/100|[from] Grassy Terrain\n|-heal|p2a: Heatran|40\/100|[from] item: Leftovers\n|upkeep\n|inactive|wijk has 30 seconds left.\n|inactive|wijk has 20 seconds left.\n|inactive|wijk has 15 seconds left.\n|inactive|wijk has 10 seconds left.\n|inactive|wijk has 5 seconds left.\n|\n|t:|1701079573\n|switch|p2b: Landorus|Landorus-Therian, M|20\/100\n|-ability|p2b: Landorus|Intimidate|boost\n|-unboost|p1a: Indeedee|atk|1\n|-unboost|p1b: Regidrago|atk|1\n|turn|10\n|inactive|wijk has 30 seconds left this turn.\n|inactive|wijk has 20 seconds left.\n|inactive|wijk has 15 seconds left.\n|\n|t:|1701079590\n|-terastallize|p2a: Heatran|Fairy\n|move|p1a: Indeedee|After You|p1b: Regidrago\n|-activate|p1b: Regidrago|move: After You\n|move|p1b: Regidrago|Dragon Energy|p2a: Heatran|[spread] p2b\n|-immune|p2a: Heatran\n|-damage|p2b: Landorus|0 fnt\n|faint|p2b: Landorus\n|move|p2a: Heatran|Magma Storm|p1b: Regidrago\n|-resisted|p1b: Regidrago\n|-damage|p1b: Regidrago|80\/100\n|-activate|p1b: Regidrago|move: Magma Storm|[of] p2a: Heatran\n|\n|-heal|p1b: Regidrago|86\/100|[from] Grassy Terrain\n|-heal|p2a: Heatran|46\/100|[from] Grassy Terrain\n|-heal|p2a: Heatran|52\/100|[from] item: Leftovers\n|-damage|p1b: Regidrago|74\/100|[from] move: Magma Storm|[partiallytrapped]\n|upkeep\n|inactive|wijk has 20 seconds left this turn.\n|inactive|wijk has 15 seconds left.\n|c|\u2606MMMuffin|Ur such a fucking rat\n|n|\u203dMMMuffin|mmmuffin\n|c|&|\/log MMMuffin was locked from talking by Artemis. (\u2606MMMuffin: Ur such a fucking rat)\n|c|&|\/raw <small>This action was done automatically. Want to learn more about the AI? <a href=\"https:\/\/www.smogon.com\/forums\/threads\/3570628\/#post-9056769\">Visit the information thread<\/a>.<\/small>\n|inactive|wijk has 10 seconds left.\n|\n|t:|1701079604\n|switch|p2b: Chien-Pao|Chien-Pao|100\/100\n|-ability|p2b: Chien-Pao|Sword of Ruin\n|turn|11\n|inactive|wijk has 30 seconds left.\n|l|\u203dMMMuffin\n|inactive|MMMuffin disconnected and has a minute to reconnect!\n|player|p1|\n|inactive|MMMuffin has 30 seconds to reconnect!\n|inactive|MMMuffin has 20 seconds to reconnect!\n|inactive|MMMuffin has 15 seconds to reconnect!\n|inactive|MMMuffin has 10 seconds to reconnect!\n|inactive|MMMuffin has 5 seconds to reconnect!\n|-message|MMMuffin lost due to inactivity.\n|\n|win|wijk\n|inactive|wijk has 30 seconds left this turn.\n|raw|MMMuffin's rating: 1275 &rarr; <strong>1252<\/strong><br \/>(-23 for losing)\n|raw|wijk's rating: 1303 &rarr; <strong>1321<\/strong><br \/>(+18 for winning)\n","uploadtime":1701079600,"views":6,"p1id":"mmmuffin","p2id":"wijk","formatid":"gen9doublesou","rating":1252,"private":0,"password":""}