{"id":"gen9doublesou-1986830027","p1":"EmeraldAggoen","p2":"cgtuh.ocgoj\u201dfyxtg9","format":"[Gen 9] Doubles OU","log":"|j|\u2606EmeraldAggoen\n|j|\u2606cgtuh.ocgoj\u201dfyxtg9\n|t:|1699531351\n|gametype|doubles\n|player|p1|EmeraldAggoen|acetrainer|1369\n|player|p2|cgtuh.ocgoj\u201dfyxtg9|266|1286\n|teamsize|p1|6\n|teamsize|p2|6\n|gen|9\n|tier|[Gen 9] Doubles OU\n|rated|\n|rule|Species Clause: Limit one of each Pok\u00e9mon\n|rule|OHKO Clause: OHKO moves are banned\n|rule|Evasion Moves Clause: Evasion moves are banned\n|rule|Gravity Sleep Clause: The combination of sleep-inducing moves with imperfect accuracy and Gravity or Gigantamax Orbeetle are banned\n|rule|Endless Battle Clause: Forcing endless battles is banned\n|rule|HP Percentage Mod: HP is shown in percentages\n|clearpoke\n|poke|p1|Wyrdeer, F|\n|poke|p1|Empoleon, F|\n|poke|p1|Chi-Yu|\n|poke|p1|Chien-Pao|\n|poke|p1|Iron Hands|\n|poke|p1|Ogerpon-Cornerstone, F|\n|poke|p2|Talonflame, F|\n|poke|p2|Meowscarada, F|\n|poke|p2|Shiftry, M|\n|poke|p2|Dragonite, M|\n|poke|p2|Ribombee, F|\n|poke|p2|Brambleghast, M|\n|teampreview\n|\n|t:|1699531373\n|start\n|switch|p1a: Wyrdeer|Wyrdeer, F|100\/100\n|switch|p1b: Iron Hands|Iron Hands|100\/100\n|switch|p2a: wimdy|Talonflame, F|100\/100\n|switch|p2b: wimby|Shiftry, M|100\/100\n|-ability|p1a: Wyrdeer|Intimidate|boost\n|-unboost|p2a: wimdy|atk|1\n|-unboost|p2b: wimby|atk|1\n|turn|1\n|\n|t:|1699531402\n|switch|p2b: winby|Ribombee, F|100\/100\n|move|p1b: Iron Hands|Fake Out|p2b: winby\n|-damage|p2b: winby|73\/100\n|move|p2a: wimdy|U-turn|p1a: Wyrdeer\n|-supereffective|p1a: Wyrdeer\n|-damage|p1a: Wyrdeer|84\/100\n|\n|t:|1699531422\n|switch|p2a: wimbdy|Brambleghast, M|100\/100|[from] U-turn\n|move|p1a: Wyrdeer|Trick Room|p1a: Wyrdeer\n|-fieldstart|move: Trick Room|[of] p1a: Wyrdeer\n|\n|upkeep\n|turn|2\n|c|\u2606cgtuh.ocgoj\u201dfyxtg9|I am going to remove your knees\n|\n|t:|1699531458\n|switch|p1a: Ogerpon|Ogerpon-Cornerstone, F|100\/100\n|move|p1b: Iron Hands|Heavy Slam|p2b: winby\n|-supereffective|p2b: winby\n|-damage|p2b: winby|0 fnt\n|faint|p2b: winby\n|move|p2a: wimbdy|Power Whip|p1a: Ogerpon\n|-damage|p1a: Ogerpon|35\/100\n|\n|upkeep\n|\n|t:|1699531480\n|switch|p2b: palm tree|Dragonite, M, shiny|100\/100\n|turn|3\n|\n|t:|1699531502\n|switch|p1a: Wyrdeer|Wyrdeer, F|84\/100\n|-ability|p1a: Wyrdeer|Intimidate|boost\n|-unboost|p2a: wimbdy|atk|1\n|-unboost|p2b: palm tree|atk|1\n|move|p1b: Iron Hands|Thunder Punch|p2b: palm tree\n|-damage|p2b: palm tree|76\/100\n|-status|p2b: palm tree|par\n|move|p2b: palm tree|Dragon Dance|p2b: palm tree\n|-boost|p2b: palm tree|atk|1\n|-boost|p2b: palm tree|spe|1\n|move|p2a: wimbdy|Power Whip|p1a: Wyrdeer\n|-damage|p1a: Wyrdeer|40\/100\n|\n|-heal|p2b: palm tree|83\/100 par|[from] item: Leftovers\n|upkeep\n|turn|4\n|\n|t:|1699531550\n|switch|p1a: Ogerpon|Ogerpon-Cornerstone, F|35\/100\n|cant|p2b: palm tree|par\n|move|p1b: Iron Hands|Thunder Punch|p2b: palm tree\n|-damage|p2b: palm tree|30\/100 par\n|move|p2a: wimbdy|Power Whip|p1a: Ogerpon\n|-damage|p1a: Ogerpon|0 fnt\n|faint|p1a: Ogerpon\n|\n|-heal|p2b: palm tree|36\/100 par|[from] item: Leftovers\n|upkeep\n|\n|t:|1699531562\n|switch|p1a: Chien-Pao|Chien-Pao|100\/100\n|-ability|p1a: Chien-Pao|Sword of Ruin\n|turn|5\n|\n|t:|1699531578\n|-terastallize|p1a: Chien-Pao|Ghost\n|move|p2b: palm tree|Extreme Speed|p1a: Chien-Pao\n|-immune|p1a: Chien-Pao\n|move|p1b: Iron Hands|Thunder Punch|p2b: palm tree\n|-damage|p2b: palm tree|0 fnt\n|faint|p2b: palm tree\n|move|p2a: wimbdy|Strength Sap|p1a: Chien-Pao\n|-unboost|p1a: Chien-Pao|atk|1\n|move|p1a: Chien-Pao|Ice Spinner|p2a: wimbdy\n|-supereffective|p2a: wimbdy\n|-enditem|p2a: wimbdy|Focus Sash\n|-damage|p2a: wimbdy|1\/100\n|\n|-fieldend|move: Trick Room\n|upkeep\n|\n|t:|1699531596\n|switch|p2b: wimdy|Talonflame, F|100\/100\n|turn|6\n|\n|t:|1699531604\n|move|p1a: Chien-Pao|Ice Shard|p2a: wimbdy\n|-supereffective|p2a: wimbdy\n|-damage|p2a: wimbdy|0 fnt\n|faint|p2a: wimbdy\n|move|p2b: wimdy|Tailwind|p2b: wimdy\n|-sidestart|p2: cgtuh.ocgoj\u201dfyxtg9|move: Tailwind\n|move|p1b: Iron Hands|Thunder Punch|p2b: wimdy\n|-supereffective|p2b: wimdy\n|-damage|p2b: wimdy|0 fnt\n|faint|p2b: wimdy\n|\n|upkeep\n|\n|t:|1699531612\n|switch|p2b: windy|Meowscarada, F|100\/100\n|switch|p2a: wimby|Shiftry, M|100\/100\n|-ability|p2a: wimby|Wind Rider|boost\n|-boost|p2a: wimby|atk|1\n|turn|7\n|\n|t:|1699531626\n|switch|p1a: Wyrdeer|Wyrdeer, F|40\/100\n|-ability|p1a: Wyrdeer|Intimidate|boost\n|-unboost|p2a: wimby|atk|1\n|-unboost|p2b: windy|atk|1\n|move|p2b: windy|Petal Blizzard|p1a: Wyrdeer|[spread] p1a,p1b\n|-start|p2b: windy|typechange|Grass|[from] ability: Protean\n|-ability|p2a: wimby|Wind Rider|boost\n|-boost|p2a: wimby|atk|1\n|-damage|p1a: Wyrdeer|17\/100\n|-damage|p1b: Iron Hands|87\/100\n|move|p2a: wimby|Rock Slide|p1b: Iron Hands|[spread] p1a\n|-miss|p2a: wimby|p1b: Iron Hands\n|-damage|p1a: Wyrdeer|0 fnt\n|faint|p1a: Wyrdeer\n|move|p1b: Iron Hands|Drain Punch|p2b: windy\n|-damage|p2b: windy|30\/100\n|-heal|p1b: Iron Hands|100\/100|[from] drain|[of] p2b: windy\n|\n|upkeep\n|\n|t:|1699531644\n|switch|p1a: Chien-Pao|Chien-Pao, tera:Ghost|100\/100\n|-ability|p1a: Chien-Pao|Sword of Ruin\n|turn|8\n|\n|t:|1699531674\n|move|p1a: Chien-Pao|Ice Shard|p2b: windy\n|-supereffective|p2b: windy\n|-damage|p2b: windy|0 fnt\n|faint|p2b: windy\n|move|p2a: wimby|Knock Off|p1a: Chien-Pao\n|-supereffective|p1a: Chien-Pao\n|-damage|p1a: Chien-Pao|0 fnt\n|-enditem|p1a: Chien-Pao|Heavy-Duty Boots|[from] move: Knock Off|[of] p2a: wimby\n|faint|p1a: Chien-Pao\n|move|p1b: Iron Hands|Drain Punch|p2a: wimby\n|-supereffective|p2a: wimby\n|-damage|p2a: wimby|0 fnt\n|faint|p2a: wimby\n|\n|win|EmeraldAggoen\n|raw|EmeraldAggoen's rating: 1369 &rarr; <strong>1384<\/strong><br \/>(+15 for winning)\n|raw|cgtuh.ocgoj\u201dfyxtg9's rating: 1286 &rarr; <strong>1267<\/strong><br \/>(-19 for losing)\n|c|\u2606cgtuh.ocgoj\u201dfyxtg9|gg\n","uploadtime":1699531703,"views":11,"p1id":"emeraldaggoen","p2id":"cgtuhocgojfyxtg9","formatid":"gen9doublesou","rating":1267,"private":0,"password":""}