{"id":"gen9doublesou-1968877869","p1":"felipequiron","p2":"dhurrrr","format":"[Gen 9] Doubles OU","log":"|j|\u2606felipequiron\n|j|\u2606dhurrrr\n|inactive|Battle timer is ON: inactive players will automatically lose when time's up.\n|t:|1697472170\n|gametype|doubles\n|player|p1|felipequiron|lucas|\n|player|p2|dhurrrr|roxie|\n|teamsize|p1|6\n|teamsize|p2|6\n|gen|9\n|tier|[Gen 9] Doubles OU\n|rated|Tournament battle\n|rule|Species Clause: Limit one of each Pok\u00e9mon\n|rule|OHKO Clause: OHKO moves are banned\n|rule|Evasion Moves Clause: Evasion moves are banned\n|rule|Gravity Sleep Clause: The combination of sleep-inducing moves with imperfect accuracy and Gravity or Gigantamax Orbeetle are banned\n|rule|Endless Battle Clause: Forcing endless battles is banned\n|rule|HP Percentage Mod: HP is shown in percentages\n|clearpoke\n|poke|p1|Tornadus, M|\n|poke|p1|Iron Hands|\n|poke|p1|Rillaboom, M|\n|poke|p1|Flutter Mane|\n|poke|p1|Ogerpon-Hearthflame, F|\n|poke|p1|Heatran, M|\n|poke|p2|Dondozo, M|\n|poke|p2|Arcanine, F|\n|poke|p2|Gholdengo|\n|poke|p2|Sylveon, M|\n|poke|p2|Meowscarada, M|\n|poke|p2|Palafin, M|\n|teampreview\n|j|^e63593\n|c|\u2606dhurrrr|meu time e de 2015\n|c|^e63593|\u00e9pico\n|c|^e63593|>2015\n|c|\u2606dhurrrr|voce entendeu kkkkkk\n|inactive|dhurrrr has 120 seconds left.\n|c|\u2606dhurrrr|peguei so para jogar uma vez doubles nunca mais ,_,\n|l|^e63593\n|\n|t:|1697472208\n|start\n|switch|p1a: Tornadus|Tornadus, M|100\/100\n|switch|p1b: Iron Hands|Iron Hands|100\/100\n|switch|p2a: Palafin|Palafin, M|100\/100\n|switch|p2b: Arcanine|Arcanine, F|100\/100\n|-ability|p2b: Arcanine|Intimidate|boost\n|-unboost|p1a: Tornadus|atk|1\n|-unboost|p1b: Iron Hands|atk|1\n|turn|1\n|\n|t:|1697472229\n|-end|p1b: Iron Hands|Quark Drive|[silent]\n|switch|p1b: Heatran|Heatran, M|100\/100\n|move|p1a: Tornadus|Tailwind|p1a: Tornadus\n|-sidestart|p1: felipequiron|move: Tailwind\n|move|p2b: Arcanine|Flare Blitz|p1b: Heatran\n|-start|p1b: Heatran|ability: Flash Fire\n|move|p2a: Palafin|Flip Turn|p1b: Heatran\n|-supereffective|p1b: Heatran\n|-damage|p1b: Heatran|39\/100\n|inactive|dhurrrr has 120 seconds left.\n|\n|t:|1697472249\n|detailschange|p2a: Palafin|Palafin-Hero, M\n|switch|p2a: Dondozo|Dondozo, M|100\/100|[from] Flip Turn\n|\n|upkeep\n|turn|2\n|\n|t:|1697472261\n|move|p1a: Tornadus|Taunt|p2a: Dondozo\n|-start|p2a: Dondozo|move: Taunt\n|move|p1b: Heatran|Earth Power|p2b: Arcanine\n|-supereffective|p2b: Arcanine\n|-damage|p2b: Arcanine|14\/100\n|move|p2b: Arcanine|Flare Blitz|p1a: Tornadus\n|-damage|p1a: Tornadus|25\/100\n|-damage|p2b: Arcanine|0 fnt|[from] Recoil\n|faint|p2b: Arcanine\n|move|p2a: Dondozo|Wave Crash|p1b: Heatran\n|-supereffective|p1b: Heatran\n|-damage|p1b: Heatran|0 fnt\n|faint|p1b: Heatran\n|-damage|p2a: Dondozo|90\/100|[from] Recoil\n|\n|-heal|p2a: Dondozo|96\/100|[from] item: Leftovers\n|upkeep\n|\n|t:|1697472281\n|switch|p2b: Meowscarada|Meowscarada, M|100\/100\n|switch|p1b: Ogerpon|Ogerpon-Hearthflame, F|100\/100\n|-ability|p1b: Ogerpon|Mold Breaker\n|turn|3\n|\n|t:|1697472295\n|move|p2b: Meowscarada|Protect|p2b: Meowscarada\n|-singleturn|p2b: Meowscarada|Protect\n|move|p1b: Ogerpon|Horn Leech|p2a: Dondozo\n|-supereffective|p2a: Dondozo\n|-damage|p2a: Dondozo|35\/100\n|move|p1a: Tornadus|Bleakwind Storm|p2a: Dondozo|[spread] p2a\n|-activate|p2b: Meowscarada|move: Protect\n|-damage|p2a: Dondozo|0 fnt\n|faint|p2a: Dondozo\n|\n|upkeep\n|\n|t:|1697472306\n|switch|p2a: Sylveon|Sylveon, M|100\/100\n|turn|4\n|c|\u2606felipequiron|Quebra tudo romaga\n|\n|t:|1697472324\n|move|p2b: Meowscarada|Sucker Punch|p1a: Tornadus\n|-damage|p1a: Tornadus|0 fnt\n|faint|p1a: Tornadus\n|-damage|p2b: Meowscarada|91\/100|[from] item: Life Orb\n|move|p1b: Ogerpon|Ivy Cudgel|p2a: Sylveon\n|-crit|p2a: Sylveon\n|-damage|p2a: Sylveon|2\/100\n|move|p2a: Sylveon|Hyper Voice|p1b: Ogerpon\n|-resisted|p1b: Ogerpon\n|-damage|p1b: Ogerpon|73\/100\n|\n|-sideend|p1: felipequiron|move: Tailwind\n|upkeep\n|c|\u2606dhurrrr|kkkkkk\n|\n|t:|1697472327\n|switch|p1a: Iron Hands|Iron Hands|100\/100\n|turn|5\n|\n|t:|1697472345\n|move|p2a: Sylveon|Quick Attack|p1a: Iron Hands\n|-supereffective|p1a: Iron Hands\n|-damage|p1a: Iron Hands|83\/100\n|move|p1b: Ogerpon|Horn Leech|p2a: Sylveon\n|-damage|p2a: Sylveon|0 fnt\n|-heal|p1b: Ogerpon|74\/100|[from] drain|[of] p2a: Sylveon\n|faint|p2a: Sylveon\n|move|p2b: Meowscarada|Knock Off|p1b: Ogerpon\n|-damage|p1b: Ogerpon|23\/100\n|-damage|p2b: Meowscarada|81\/100|[from] item: Life Orb\n|move|p1a: Iron Hands|Drain Punch|p2b: Meowscarada\n|-supereffective|p2b: Meowscarada\n|-damage|p2b: Meowscarada|0 fnt\n|-heal|p1a: Iron Hands|100\/100|[from] drain|[of] p2b: Meowscarada\n|faint|p2b: Meowscarada\n|\n|upkeep\n|\n|t:|1697472358\n|switch|p2b: Palafin|Palafin-Hero, M|100\/100\n|switch|p2a: Gholdengo|Gholdengo|100\/100\n|-activate|p2b: Palafin|ability: Zero to Hero\n|turn|6\n|\n|t:|1697472368\n|move|p2a: Gholdengo|Make It Rain|p1b: Ogerpon|[spread] p1a,p1b\n|-resisted|p1a: Iron Hands\n|-resisted|p1b: Ogerpon\n|-damage|p1a: Iron Hands|81\/100\n|-damage|p1b: Ogerpon|0 fnt\n|-unboost|p2a: Gholdengo|spa|1\n|faint|p1b: Ogerpon\n|move|p2b: Palafin|Zen Headbutt|p1a: Iron Hands\n|-supereffective|p1a: Iron Hands\n|-damage|p1a: Iron Hands|10\/100\n|-enditem|p1a: Iron Hands|Sitrus Berry|[eat]\n|-heal|p1a: Iron Hands|35\/100|[from] item: Sitrus Berry\n|move|p1a: Iron Hands|Fire Punch|p2a: Gholdengo\n|-supereffective|p2a: Gholdengo\n|-damage|p2a: Gholdengo|45\/100\n|\n|upkeep\n|\n|t:|1697472376\n|switch|p1b: Flutter Mane|Flutter Mane|100\/100\n|turn|7\n|\n|t:|1697472386\n|move|p2a: Gholdengo|Make It Rain|p1a: Iron Hands|[spread] p1a,p1b\n|-resisted|p1a: Iron Hands\n|-supereffective|p1b: Flutter Mane\n|-damage|p1a: Iron Hands|23\/100\n|-damage|p1b: Flutter Mane|41\/100\n|-unboost|p2a: Gholdengo|spa|1\n|move|p1b: Flutter Mane|Shadow Ball|p2b: Palafin\n|-damage|p2b: Palafin|30\/100\n|move|p2b: Palafin|Zen Headbutt|p1a: Iron Hands\n|-supereffective|p1a: Iron Hands\n|-damage|p1a: Iron Hands|0 fnt\n|faint|p1a: Iron Hands\n|-end|p1a: Iron Hands|Quark Drive|[silent]\n|\n|upkeep\n|\n|t:|1697472390\n|switch|p1a: Rillaboom|Rillaboom, M|100\/100\n|-fieldstart|move: Grassy Terrain|[from] ability: Grassy Surge|[of] p1a: Rillaboom\n|turn|8\n|\n|t:|1697472407\n|-terastallize|p2a: Gholdengo|Steel\n|-terastallize|p1a: Rillaboom|Grass\n|move|p1a: Rillaboom|Grassy Glide|p2b: Palafin\n|-supereffective|p2b: Palafin\n|-damage|p2b: Palafin|0 fnt\n|faint|p2b: Palafin\n|move|p2a: Gholdengo|Make It Rain|p1a: Rillaboom|[spread] p1a,p1b\n|-supereffective|p1b: Flutter Mane\n|-damage|p1a: Rillaboom|75\/100\n|-damage|p1b: Flutter Mane|0 fnt\n|-unboost|p2a: Gholdengo|spa|1\n|faint|p1b: Flutter Mane\n|-end|p1b: Flutter Mane|Protosynthesis|[silent]\n|\n|-heal|p2a: Gholdengo|51\/100|[from] Grassy Terrain\n|-heal|p1a: Rillaboom|81\/100|[from] Grassy Terrain\n|upkeep\n|turn|9\n|\n|t:|1697472417\n|move|p2a: Gholdengo|Make It Rain|p1a: Rillaboom\n|-crit|p1a: Rillaboom\n|-damage|p1a: Rillaboom|0 fnt\n|-unboost|p2a: Gholdengo|spa|1\n|faint|p1a: Rillaboom\n|\n|win|dhurrrr\n|n|\u2606felipequiron|felipequiron\n|n|\u2606dhurrrr|dhurrrr\n|c|\u2606dhurrrr|gg\n|c|\u2606dhurrrr|mentira\n|c|\u2606felipequiron|Vei???\n|c|\u2606dhurrrr|q eu dei critico\n|c|\u2606dhurrrr|PQP\n|c|\u2606felipequiron|Como assim\n|c|\u2606felipequiron|Ele tinha quanto de dano?\n|c|\u2606dhurrrr|nunca q ia mata\n|c|\u2606dhurrrr|so matou pq deu critico\n|c|\u2606dhurrrr|,_,\n","uploadtime":1697472419,"views":16,"p1id":"felipequiron","p2id":"dhurrrr","formatid":"gen9doublesou","rating":0,"private":0,"password":""}