{"id":"gen9doublesou-1969589477","p1":"Hzty","p2":"DkDong","format":"[Gen 9] Doubles OU","log":"|j|\u2606Hzty\n|j|\u2606DkDong\n|t:|1697549938\n|gametype|doubles\n|player|p1|Hzty|101|1193\n|player|p2|DkDong|2|1134\n|teamsize|p1|6\n|teamsize|p2|6\n|gen|9\n|tier|[Gen 9] Doubles OU\n|rated|\n|rule|Species Clause: Limit one of each Pok\u00e9mon\n|rule|OHKO Clause: OHKO moves are banned\n|rule|Evasion Moves Clause: Evasion moves are banned\n|rule|Gravity Sleep Clause: The combination of sleep-inducing moves with imperfect accuracy and Gravity or Gigantamax Orbeetle are banned\n|rule|Endless Battle Clause: Forcing endless battles is banned\n|rule|HP Percentage Mod: HP is shown in percentages\n|clearpoke\n|poke|p1|Armarouge, F|\n|poke|p1|Indeedee-F, F|\n|poke|p1|Kleavor, F|\n|poke|p1|Gyarados, M|\n|poke|p1|Corviknight, M|\n|poke|p1|Clefairy, M|\n|poke|p2|Rillaboom, M|\n|poke|p2|Sneasler, M|\n|poke|p2|Fezandipiti, M|\n|poke|p2|Baxcalibur, M|\n|poke|p2|Iron Hands|\n|poke|p2|Shiftry, M|\n|teampreview\n|inactive|Battle timer is ON: inactive players will automatically lose when time's up. (requested by DkDong)\n|\n|t:|1697549971\n|start\n|switch|p1a: Armarouge|Armarouge, F|100\/100\n|switch|p1b: Indeedee|Indeedee-F, F|100\/100\n|switch|p2a: Shiftry|Shiftry, M|100\/100\n|switch|p2b: Fezandipiti|Fezandipiti, M|100\/100\n|-fieldstart|move: Psychic Terrain|[from] ability: Psychic Surge|[of] p1b: Indeedee\n|turn|1\n|\n|t:|1697549992\n|switch|p2a: Rillaboom|Rillaboom, M|100\/100\n|-fieldstart|move: Grassy Terrain|[from] ability: Grassy Surge|[of] p2a: Rillaboom\n|move|p1b: Indeedee|Follow Me|p1b: Indeedee\n|-singleturn|p1b: Indeedee|move: Follow Me\n|move|p2b: Fezandipiti|Dazzling Gleam|p1a: Armarouge|[spread] p1a,p1b\n|-resisted|p1a: Armarouge\n|-damage|p1a: Armarouge|89\/100\n|-damage|p1b: Indeedee|80\/100\n|-status|p1a: Armarouge|tox|[from] ability: Toxic Chain|[of] p2b: Fezandipiti\n|move|p1a: Armarouge|Trick Room|p1a: Armarouge\n|-fieldstart|move: Trick Room|[of] p1a: Armarouge\n|\n|-heal|p1a: Armarouge|95\/100 tox|[from] Grassy Terrain\n|-heal|p1b: Indeedee|86\/100|[from] Grassy Terrain\n|-damage|p1a: Armarouge|89\/100 tox|[from] psn\n|upkeep\n|turn|2\n|\n|t:|1697550012\n|switch|p1b: Clefairy|Clefairy, M|100\/100\n|move|p2a: Rillaboom|Fake Out|p1a: Armarouge\n|-damage|p1a: Armarouge|79\/100 tox\n|cant|p1a: Armarouge|flinch\n|move|p2b: Fezandipiti|Venoshock|p1a: Armarouge\n|-damage|p1a: Armarouge|36\/100 tox\n|\n|-heal|p1a: Armarouge|42\/100 tox|[from] Grassy Terrain\n|-damage|p1a: Armarouge|30\/100 tox|[from] psn\n|upkeep\n|turn|3\n|\n|t:|1697550035\n|switch|p2b: Shiftry|Shiftry, M|100\/100\n|move|p1b: Clefairy|Heal Pulse|p1a: Armarouge\n|-heal|p1a: Armarouge|80\/100 tox\n|move|p1a: Armarouge|Armor Cannon|p2a: Rillaboom\n|-supereffective|p2a: Rillaboom\n|-damage|p2a: Rillaboom|0 fnt\n|-unboost|p1a: Armarouge|def|1\n|-unboost|p1a: Armarouge|spd|1\n|faint|p2a: Rillaboom\n|-damage|p1a: Armarouge|70\/100 tox|[from] item: Life Orb\n|\n|-heal|p1a: Armarouge|76\/100 tox|[from] Grassy Terrain\n|-damage|p1a: Armarouge|58\/100 tox|[from] psn\n|upkeep\n|inactive|DkDong has 120 seconds left.\n|\n|t:|1697550061\n|switch|p2a: Fezandipiti|Fezandipiti, M|100\/100\n|turn|4\n|\n|t:|1697550074\n|move|p2b: Shiftry|Fake Out|p1a: Armarouge\n|-damage|p1a: Armarouge|48\/100 tox\n|move|p1b: Clefairy|Follow Me|p1b: Clefairy\n|-singleturn|p1b: Clefairy|move: Follow Me\n|cant|p1a: Armarouge|flinch\n|move|p2a: Fezandipiti|Venoshock|p1b: Clefairy\n|-supereffective|p1b: Clefairy\n|-damage|p1b: Clefairy|59\/100\n|\n|-heal|p1b: Clefairy|65\/100|[from] Grassy Terrain\n|-heal|p1a: Armarouge|55\/100 tox|[from] Grassy Terrain\n|-damage|p1a: Armarouge|30\/100 tox|[from] psn\n|upkeep\n|turn|5\n|\n|t:|1697550100\n|move|p2b: Shiftry|Sucker Punch|p1a: Armarouge\n|-supereffective|p1a: Armarouge\n|-damage|p1a: Armarouge|0 fnt\n|faint|p1a: Armarouge\n|move|p1b: Clefairy|Heal Pulse|p1: Armarouge|[notarget]\n|-fail|p1b: Clefairy\n|move|p2a: Fezandipiti|Venoshock|p1b: Clefairy\n|-supereffective|p1b: Clefairy\n|-damage|p1b: Clefairy|25\/100\n|\n|-heal|p1b: Clefairy|31\/100|[from] Grassy Terrain\n|-fieldend|move: Trick Room\n|-fieldend|move: Grassy Terrain\n|upkeep\n|\n|t:|1697550111\n|switch|p1a: Indeedee|Indeedee-F, F|86\/100\n|-fieldstart|move: Psychic Terrain|[from] ability: Psychic Surge|[of] p1a: Indeedee\n|turn|6\n|\n|t:|1697550126\n|move|p1b: Clefairy|Follow Me|p1b: Clefairy\n|-singleturn|p1b: Clefairy|move: Follow Me\n|move|p2a: Fezandipiti|Venoshock|p1b: Clefairy\n|-supereffective|p1b: Clefairy\n|-damage|p1b: Clefairy|0 fnt\n|faint|p1b: Clefairy\n|move|p2b: Shiftry|Toxic Spikes|p1a: Indeedee\n|-sidestart|p1: Hzty|move: Toxic Spikes\n|move|p1a: Indeedee|Trick Room|p1a: Indeedee\n|-fieldstart|move: Trick Room|[of] p1a: Indeedee\n|\n|upkeep\n|\n|t:|1697550139\n|switch|p1b: Kleavor|Kleavor, F|100\/100\n|-status|p1b: Kleavor|psn\n|turn|7\n|\n|t:|1697550159\n|move|p1a: Indeedee|Follow Me|p1a: Indeedee\n|-singleturn|p1a: Indeedee|move: Follow Me\n|move|p2b: Shiftry|Toxic Spikes|p1b: Kleavor\n|-sidestart|p1: Hzty|move: Toxic Spikes\n|move|p1b: Kleavor|X-Scissor|p2b: Shiftry\n|-supereffective|p2b: Shiftry\n|-damage|p2b: Shiftry|0 fnt\n|faint|p2b: Shiftry\n|move|p2a: Fezandipiti|Venoshock|p1a: Indeedee\n|-damage|p1a: Indeedee|64\/100\n|\n|-damage|p1b: Kleavor|88\/100 psn|[from] psn\n|upkeep\n|\n|t:|1697550168\n|switch|p2b: Baxcalibur|Baxcalibur, M|100\/100\n|turn|8\n|\n|t:|1697550186\n|move|p1a: Indeedee|Follow Me|p1a: Indeedee\n|-singleturn|p1a: Indeedee|move: Follow Me\n|move|p1b: Kleavor|Stone Axe|p2b: Baxcalibur\n|-supereffective|p2b: Baxcalibur\n|-damage|p2b: Baxcalibur|0 fnt\n|-sidestart|p2: DkDong|move: Stealth Rock\n|faint|p2b: Baxcalibur\n|move|p2a: Fezandipiti|Dazzling Gleam|p1a: Indeedee|[spread] p1a,p1b\n|-damage|p1a: Indeedee|46\/100\n|-damage|p1b: Kleavor|67\/100 psn\n|\n|-damage|p1b: Kleavor|54\/100 psn|[from] psn\n|upkeep\n|\n|t:|1697550194\n|switch|p2b: Iron Hands|Iron Hands|100\/100\n|-damage|p2b: Iron Hands|94\/100|[from] Stealth Rock\n|-enditem|p2b: Iron Hands|Booster Energy\n|-activate|p2b: Iron Hands|ability: Quark Drive|[fromitem]\n|-start|p2b: Iron Hands|quarkdriveatk\n|turn|9\n|\n|t:|1697550204\n|move|p2b: Iron Hands|Fake Out|p1b: Kleavor\n|-activate|p1b: Kleavor|move: Psychic Terrain\n|move|p1a: Indeedee|Follow Me|p1a: Indeedee\n|-singleturn|p1a: Indeedee|move: Follow Me\n|move|p1b: Kleavor|Stone Axe|p2a: Fezandipiti\n|-damage|p2a: Fezandipiti|44\/100\n|move|p2a: Fezandipiti|Dazzling Gleam|p1a: Indeedee|[spread] p1a,p1b\n|-damage|p1a: Indeedee|28\/100\n|-damage|p1b: Kleavor|34\/100 psn\n|-status|p1a: Indeedee|tox|[from] ability: Toxic Chain|[of] p2a: Fezandipiti\n|\n|-damage|p1b: Kleavor|22\/100 psn|[from] psn\n|-damage|p1a: Indeedee|22\/100 tox|[from] psn\n|upkeep\n|turn|10\n|\n|t:|1697550230\n|move|p1a: Indeedee|Helping Hand|p1b: Kleavor\n|-singleturn|p1b: Kleavor|Helping Hand|[of] p1a: Indeedee\n|move|p2b: Iron Hands|Drain Punch|p1b: Kleavor\n|-damage|p1b: Kleavor|0 fnt\n|-heal|p2b: Iron Hands|100\/100|[from] drain|[of] p1b: Kleavor\n|faint|p1b: Kleavor\n|move|p2a: Fezandipiti|Venoshock|p1a: Indeedee\n|-crit|p1a: Indeedee\n|-damage|p1a: Indeedee|0 fnt\n|faint|p1a: Indeedee\n|\n|-fieldend|move: Trick Room\n|upkeep\n|\n|t:|1697550236\n|switch|p1b: Corviknight|Corviknight, M|100\/100\n|switch|p1a: Gyarados|Gyarados, M|100\/100\n|-ability|p1a: Gyarados|Intimidate|boost\n|-unboost|p2a: Fezandipiti|atk|1\n|-unboost|p2b: Iron Hands|atk|1\n|turn|11\n|\n|t:|1697550262\n|-terastallize|p1a: Gyarados|Ground\n|move|p1a: Gyarados|Dragon Dance|p1a: Gyarados\n|-boost|p1a: Gyarados|atk|1\n|-boost|p1a: Gyarados|spe|1\n|move|p2a: Fezandipiti|Icy Wind|p1a: Gyarados|[spread] p1a,p1b\n|-supereffective|p1a: Gyarados\n|-damage|p1a: Gyarados|79\/100\n|-damage|p1b: Corviknight|90\/100\n|-ability|p1b: Corviknight|Mirror Armor\n|-unboost|p2a: Fezandipiti|spe|1\n|move|p1b: Corviknight|Brave Bird|p2b: Iron Hands\n|-damage|p2b: Iron Hands|76\/100\n|-damage|p1b: Corviknight|79\/100|[from] Recoil\n|move|p2b: Iron Hands|Thunder Punch|p1a: Gyarados\n|-immune|p1a: Gyarados\n|\n|-heal|p1b: Corviknight|85\/100|[from] item: Leftovers\n|upkeep\n|turn|12\n|\n|t:|1697550292\n|move|p1a: Gyarados|Earthquake|p2b: Iron Hands|[spread] p2a,p2b\n|-immune|p1b: Corviknight\n|-supereffective|p2a: Fezandipiti\n|-supereffective|p2b: Iron Hands\n|-damage|p2a: Fezandipiti|0 fnt\n|-damage|p2b: Iron Hands|4\/100\n|faint|p2a: Fezandipiti\n|move|p1b: Corviknight|Body Press|p2b: Iron Hands\n|-damage|p2b: Iron Hands|0 fnt\n|faint|p2b: Iron Hands\n|-end|p2b: Iron Hands|Quark Drive|[silent]\n|\n|-heal|p1b: Corviknight|91\/100|[from] item: Leftovers\n|upkeep\n|\n|t:|1697550298\n|switch|p2b: Sneasler|Sneasler, M|100\/100\n|-damage|p2b: Sneasler|95\/100|[from] Stealth Rock\n|turn|13\n|\n|t:|1697550307\n|-terastallize|p2b: Sneasler|Fighting\n|move|p1a: Gyarados|Waterfall|p2b: Sneasler\n|-damage|p2b: Sneasler|0 fnt\n|faint|p2b: Sneasler\n|\n|win|Hzty\n|raw|Hzty's rating: 1193 &rarr; <strong>1214<\/strong><br \/>(+21 for winning)\n|raw|DkDong's rating: 1134 &rarr; <strong>1113<\/strong><br \/>(-21 for losing)\n|l|\u2606DkDong\n","uploadtime":1697550324,"views":21,"p1id":"hzty","p2id":"dkdong","formatid":"gen9doublesou","rating":1113,"private":0,"password":""}