{"id":"gen9doublesou-1994035116","p1":"mahameloplatano","p2":"OPieceOfHeroGhost","format":"[Gen 9] Doubles OU","log":"|j|\u2606mahameloplatano\n|j|\u2606OPieceOfHeroGhost\n|t:|1700397461\n|gametype|doubles\n|player|p1|mahameloplatano|1|1513\n|player|p2|OPieceOfHeroGhost|morty|1617\n|teamsize|p1|6\n|teamsize|p2|6\n|gen|9\n|tier|[Gen 9] Doubles OU\n|rated|\n|rule|Species Clause: Limit one of each Pok\u00e9mon\n|rule|OHKO Clause: OHKO moves are banned\n|rule|Evasion Moves Clause: Evasion moves are banned\n|rule|Gravity Sleep Clause: The combination of sleep-inducing moves with imperfect accuracy and Gravity or Gigantamax Orbeetle are banned\n|rule|Endless Battle Clause: Forcing endless battles is banned\n|rule|HP Percentage Mod: HP is shown in percentages\n|clearpoke\n|poke|p1|Clodsire, F|\n|poke|p1|Clefable, M|\n|poke|p1|Farigiraf, M|\n|poke|p1|Amoonguss, F|\n|poke|p1|Diancie|\n|poke|p1|Chien-Pao|\n|poke|p2|Dipplin, F|\n|poke|p2|Ogerpon-Hearthflame, F|\n|poke|p2|Torkoal, F|\n|poke|p2|Volcanion|\n|poke|p2|Landorus-Therian, M|\n|poke|p2|Rillaboom, F|\n|teampreview\n|inactive|Battle timer is ON: inactive players will automatically lose when time's up. (requested by mahameloplatano)\n|inactive|mahameloplatano has 120 seconds left.\n|\n|t:|1700397503\n|start\n|switch|p1a: Diancie|Diancie|100\/100\n|switch|p1b: Farigiraf|Farigiraf, M|100\/100\n|switch|p2a: \u6b7b\u7f20\u70c2\u6253\u6253\u4e00\u6253|Dipplin, F|100\/100\n|switch|p2b: \u5211\u90e8\u5c1a\u4e66|Rillaboom, F|100\/100\n|-fieldstart|move: Grassy Terrain|[from] ability: Grassy Surge|[of] p2b: \u5211\u90e8\u5c1a\u4e66\n|turn|1\n|\n|t:|1700397520\n|-terastallize|p1a: Diancie|Grass\n|move|p1b: Farigiraf|Protect|p1b: Farigiraf\n|-singleturn|p1b: Farigiraf|Protect\n|move|p2b: \u5211\u90e8\u5c1a\u4e66|Fake Out||[still]\n|cant|p1b: Farigiraf|ability: Armor Tail|Fake Out|[of] p2b: \u5211\u90e8\u5c1a\u4e66\n|move|p2a: \u6b7b\u7f20\u70c2\u6253\u6253\u4e00\u6253|Growth|p2a: \u6b7b\u7f20\u70c2\u6253\u6253\u4e00\u6253\n|-boost|p2a: \u6b7b\u7f20\u70c2\u6253\u6253\u4e00\u6253|atk|1\n|-boost|p2a: \u6b7b\u7f20\u70c2\u6253\u6253\u4e00\u6253|spa|1\n|move|p1a: Diancie|Trick Room|p1a: Diancie\n|-fieldstart|move: Trick Room|[of] p1a: Diancie\n|\n|upkeep\n|turn|2\n|\n|t:|1700397538\n|move|p1a: Diancie|Play Rough|p2a: \u6b7b\u7f20\u70c2\u6253\u6253\u4e00\u6253\n|-supereffective|p2a: \u6b7b\u7f20\u70c2\u6253\u6253\u4e00\u6253\n|-damage|p2a: \u6b7b\u7f20\u70c2\u6253\u6253\u4e00\u6253|57\/100\n|move|p1b: Farigiraf|Hyper Voice|p2a: \u6b7b\u7f20\u70c2\u6253\u6253\u4e00\u6253|[spread] p2a,p2b\n|-damage|p2a: \u6b7b\u7f20\u70c2\u6253\u6253\u4e00\u6253|39\/100\n|-damage|p2b: \u5211\u90e8\u5c1a\u4e66|75\/100\n|move|p2a: \u6b7b\u7f20\u70c2\u6253\u6253\u4e00\u6253|Growth|p2a: \u6b7b\u7f20\u70c2\u6253\u6253\u4e00\u6253\n|-boost|p2a: \u6b7b\u7f20\u70c2\u6253\u6253\u4e00\u6253|atk|1\n|-boost|p2a: \u6b7b\u7f20\u70c2\u6253\u6253\u4e00\u6253|spa|1\n|move|p2b: \u5211\u90e8\u5c1a\u4e66|U-turn|p1a: Diancie\n|-supereffective|p1a: Diancie\n|-damage|p1a: Diancie|60\/100\n|\n|t:|1700397554\n|switch|p2b: \u4e5d\u5c3e\u662f\u4ec0\u4e48\u5e9f\u7269|Torkoal, F|100\/100|[from] U-turn\n|-weather|SunnyDay|[from] ability: Drought|[of] p2b: \u4e5d\u5c3e\u662f\u4ec0\u4e48\u5e9f\u7269\n|\n|-weather|SunnyDay|[upkeep]\n|-heal|p1a: Diancie|66\/100|[from] Grassy Terrain\n|-heal|p2a: \u6b7b\u7f20\u70c2\u6253\u6253\u4e00\u6253|45\/100|[from] Grassy Terrain\n|upkeep\n|turn|3\n|inactive|mahameloplatano has 120 seconds left.\n|\n|t:|1700397614\n|move|p2b: \u4e5d\u5c3e\u662f\u4ec0\u4e48\u5e9f\u7269|Eruption|p1a: Diancie|[spread] p1a,p1b\n|-supereffective|p1a: Diancie\n|-damage|p1a: Diancie|0 fnt\n|-damage|p1b: Farigiraf|47\/100\n|faint|p1a: Diancie\n|move|p2a: \u6b7b\u7f20\u70c2\u6253\u6253\u4e00\u6253|Recover|p2a: \u6b7b\u7f20\u70c2\u6253\u6253\u4e00\u6253\n|-heal|p2a: \u6b7b\u7f20\u70c2\u6253\u6253\u4e00\u6253|95\/100\n|move|p1b: Farigiraf|Trick Room|p1b: Farigiraf\n|-fieldend|move: Trick Room\n|\n|-weather|SunnyDay|[upkeep]\n|-heal|p2a: \u6b7b\u7f20\u70c2\u6253\u6253\u4e00\u6253|100\/100|[from] Grassy Terrain\n|-heal|p1b: Farigiraf|53\/100|[from] Grassy Terrain\n|upkeep\n|inactive|mahameloplatano has 90 seconds left.\n|\n|t:|1700397624\n|switch|p1a: Chien-Pao|Chien-Pao|100\/100\n|-ability|p1a: Chien-Pao|Sword of Ruin\n|turn|4\n|\n|t:|1700397635\n|-terastallize|p2a: \u6b7b\u7f20\u70c2\u6253\u6253\u4e00\u6253|Fire\n|move|p1a: Chien-Pao|Ice Spinner|p2a: \u6b7b\u7f20\u70c2\u6253\u6253\u4e00\u6253\n|-resisted|p2a: \u6b7b\u7f20\u70c2\u6253\u6253\u4e00\u6253\n|-damage|p2a: \u6b7b\u7f20\u70c2\u6253\u6253\u4e00\u6253|86\/100\n|-fieldend|move: Grassy Terrain\n|move|p2a: \u6b7b\u7f20\u70c2\u6253\u6253\u4e00\u6253|Growth|p2a: \u6b7b\u7f20\u70c2\u6253\u6253\u4e00\u6253\n|-boost|p2a: \u6b7b\u7f20\u70c2\u6253\u6253\u4e00\u6253|atk|2\n|-boost|p2a: \u6b7b\u7f20\u70c2\u6253\u6253\u4e00\u6253|spa|2\n|move|p1b: Farigiraf|Hyper Voice|p2b: \u4e5d\u5c3e\u662f\u4ec0\u4e48\u5e9f\u7269|[spread] p2a,p2b\n|-damage|p2a: \u6b7b\u7f20\u70c2\u6253\u6253\u4e00\u6253|66\/100\n|-damage|p2b: \u4e5d\u5c3e\u662f\u4ec0\u4e48\u5e9f\u7269|66\/100\n|move|p2b: \u4e5d\u5c3e\u662f\u4ec0\u4e48\u5e9f\u7269|Heat Wave|p1b: Farigiraf|[spread] p1a,p1b\n|-supereffective|p1a: Chien-Pao\n|-enditem|p1a: Chien-Pao|Focus Sash\n|-damage|p1a: Chien-Pao|1\/100\n|-damage|p1b: Farigiraf|12\/100\n|\n|-weather|SunnyDay|[upkeep]\n|upkeep\n|turn|5\n|inactive|mahameloplatano has 120 seconds left.\n|\n|t:|1700397658\n|switch|p2b: \u5211\u90e8\u5c1a\u4e66|Rillaboom, F|75\/100\n|-fieldstart|move: Grassy Terrain|[from] ability: Grassy Surge|[of] p2b: \u5211\u90e8\u5c1a\u4e66\n|move|p1a: Chien-Pao|Sucker Punch||[still]\n|-fail|p1a: Chien-Pao\n|move|p2a: \u6b7b\u7f20\u70c2\u6253\u6253\u4e00\u6253|Grassy Glide||[still]\n|cant|p1b: Farigiraf|ability: Armor Tail|Grassy Glide|[of] p2a: \u6b7b\u7f20\u70c2\u6253\u6253\u4e00\u6253\n|move|p1b: Farigiraf|Twin Beam|p2a: \u6b7b\u7f20\u70c2\u6253\u6253\u4e00\u6253\n|-damage|p2a: \u6b7b\u7f20\u70c2\u6253\u6253\u4e00\u6253|52\/100\n|-damage|p2a: \u6b7b\u7f20\u70c2\u6253\u6253\u4e00\u6253|39\/100\n|-hitcount|p2a: \u6b7b\u7f20\u70c2\u6253\u6253\u4e00\u6253|2\n|\n|-weather|SunnyDay|[upkeep]\n|-heal|p1a: Chien-Pao|7\/100|[from] Grassy Terrain\n|-heal|p2b: \u5211\u90e8\u5c1a\u4e66|82\/100|[from] Grassy Terrain\n|-heal|p2a: \u6b7b\u7f20\u70c2\u6253\u6253\u4e00\u6253|45\/100|[from] Grassy Terrain\n|-heal|p1b: Farigiraf|18\/100|[from] Grassy Terrain\n|upkeep\n|turn|6\n|inactive|mahameloplatano has 120 seconds left.\n|\n|t:|1700397681\n|move|p2b: \u5211\u90e8\u5c1a\u4e66|Fake Out||[still]\n|cant|p1b: Farigiraf|ability: Armor Tail|Fake Out|[of] p2b: \u5211\u90e8\u5c1a\u4e66\n|move|p1a: Chien-Pao|Ice Spinner|p2b: \u5211\u90e8\u5c1a\u4e66\n|-supereffective|p2b: \u5211\u90e8\u5c1a\u4e66\n|-damage|p2b: \u5211\u90e8\u5c1a\u4e66|0 fnt\n|-fieldend|move: Grassy Terrain\n|faint|p2b: \u5211\u90e8\u5c1a\u4e66\n|move|p2a: \u6b7b\u7f20\u70c2\u6253\u6253\u4e00\u6253|Recover|p2a: \u6b7b\u7f20\u70c2\u6253\u6253\u4e00\u6253\n|-heal|p2a: \u6b7b\u7f20\u70c2\u6253\u6253\u4e00\u6253|95\/100\n|move|p1b: Farigiraf|Hyper Voice|p2a: \u6b7b\u7f20\u70c2\u6253\u6253\u4e00\u6253\n|-damage|p2a: \u6b7b\u7f20\u70c2\u6253\u6253\u4e00\u6253|67\/100\n|\n|-weather|none\n|upkeep\n|\n|t:|1700397698\n|switch|p2b: \u6025\u901f\u6298\u8fd4\u53cd\u4e00\u53cd|Landorus-Therian, M|100\/100\n|-ability|p2b: \u6025\u901f\u6298\u8fd4\u53cd\u4e00\u53cd|Intimidate|boost\n|-unboost|p1a: Chien-Pao|atk|1\n|-unboost|p1b: Farigiraf|atk|1\n|turn|7\n|c|\u2606OPieceOfHeroGhost|why i always forget\n|\n|t:|1700397724\n|move|p1b: Farigiraf|Protect|p1b: Farigiraf\n|-singleturn|p1b: Farigiraf|Protect\n|move|p2b: \u6025\u901f\u6298\u8fd4\u53cd\u4e00\u53cd|Rock Slide|p1b: Farigiraf|[spread] p1a\n|-activate|p1b: Farigiraf|move: Protect\n|-supereffective|p1a: Chien-Pao\n|-damage|p1a: Chien-Pao|0 fnt\n|faint|p1a: Chien-Pao\n|move|p2a: \u6b7b\u7f20\u70c2\u6253\u6253\u4e00\u6253|Tera Blast|p1b: Farigiraf|[anim] Tera Blast Fire\n|-activate|p1b: Farigiraf|move: Protect\n|\n|upkeep\n|\n|t:|1700397739\n|switch|p1a: Amoonguss|Amoonguss, F|100\/100\n|turn|8\n|\n|t:|1700397751\n|move|p2b: \u6025\u901f\u6298\u8fd4\u53cd\u4e00\u53cd|Rock Slide|p1b: Farigiraf|[spread] p1b\n|-miss|p2b: \u6025\u901f\u6298\u8fd4\u53cd\u4e00\u53cd|p1a: Amoonguss\n|-damage|p1b: Farigiraf|0 fnt\n|faint|p1b: Farigiraf\n|move|p2a: \u6b7b\u7f20\u70c2\u6253\u6253\u4e00\u6253|Tera Blast|p1a: Amoonguss|[anim] Tera Blast Fire\n|-supereffective|p1a: Amoonguss\n|-damage|p1a: Amoonguss|0 fnt\n|faint|p1a: Amoonguss\n|\n|upkeep\n|-message|mahameloplatano forfeited.\n|\n|win|OPieceOfHeroGhost\n|raw|mahameloplatano's rating: 1513 &rarr; <strong>1499<\/strong><br \/>(-14 for losing)\n|raw|OPieceOfHeroGhost's rating: 1617 &rarr; <strong>1631<\/strong><br \/>(+14 for winning)\n|l|\u2606mahameloplatano\n","uploadtime":1700397765,"views":4,"p1id":"mahameloplatano","p2id":"opieceofheroghost","formatid":"gen9doublesou","rating":1499,"private":0,"password":""}