{"id":"gen9doublesou-1994401806","p1":"fuwa the cute","p2":"cotesmcgotes","format":"[Gen 9] Doubles OU","log":"|j|\u2606fuwa the cute\n|j|\u2606cotesmcgotes\n|t:|1700439788\n|gametype|doubles\n|player|p1|fuwa the cute|elesa|1285\n|player|p2|cotesmcgotes|flannery|1263\n|teamsize|p1|6\n|teamsize|p2|6\n|gen|9\n|tier|[Gen 9] Doubles OU\n|rated|\n|rule|Species Clause: Limit one of each Pok\u00e9mon\n|rule|OHKO Clause: OHKO moves are banned\n|rule|Evasion Moves Clause: Evasion moves are banned\n|rule|Gravity Sleep Clause: The combination of sleep-inducing moves with imperfect accuracy and Gravity or Gigantamax Orbeetle are banned\n|rule|Endless Battle Clause: Forcing endless battles is banned\n|rule|HP Percentage Mod: HP is shown in percentages\n|clearpoke\n|poke|p1|Cresselia, F|\n|poke|p1|Slowking-Galar, F|\n|poke|p1|Ursaluna, M|\n|poke|p1|Avalugg-Hisui, M|\n|poke|p1|Rabsca, M|\n|poke|p1|Amoonguss, M|\n|poke|p2|Cresselia, F|\n|poke|p2|Overqwil, M|\n|poke|p2|Tornadus, M|\n|poke|p2|Palafin, M|\n|poke|p2|Amoonguss, F|\n|poke|p2|Diancie|\n|teampreview\n|\n|t:|1700439799\n|start\n|switch|p1a: Cresselia|Cresselia, F|100\/100\n|switch|p1b: Ursaluna|Ursaluna, M, shiny|100\/100\n|switch|p2a: Tornadus|Tornadus, M, shiny|100\/100\n|switch|p2b: Overqwil|Overqwil, M|100\/100\n|turn|1\n|inactive|Battle timer is ON: inactive players will automatically lose when time's up. (requested by cotesmcgotes)\n|\n|t:|1700439819\n|switch|p2b: Cresselia|Cresselia, F, shiny|100\/100\n|move|p1b: Ursaluna|Protect|p1b: Ursaluna\n|-singleturn|p1b: Ursaluna|Protect\n|move|p2a: Tornadus|Taunt|p1a: Cresselia\n|-start|p1a: Cresselia|move: Taunt\n|-enditem|p1a: Cresselia|Mental Herb\n|-end|p1a: Cresselia|move: Taunt\n|move|p1a: Cresselia|Trick Room|p1a: Cresselia\n|-fieldstart|move: Trick Room|[of] p1a: Cresselia\n|\n|-status|p1b: Ursaluna|brn|[from] item: Flame Orb\n|upkeep\n|turn|2\n|\n|t:|1700439839\n|switch|p2a: Overqwil|Overqwil, M|100\/100\n|-terastallize|p2b: Cresselia|Electric\n|move|p1a: Cresselia|Helping Hand|p1b: Ursaluna\n|-singleturn|p1b: Ursaluna|Helping Hand|[of] p1a: Cresselia\n|move|p1b: Ursaluna|Facade|p2a: Overqwil\n|-damage|p2a: Overqwil|0 fnt\n|faint|p2a: Overqwil\n|move|p2b: Cresselia|Calm Mind|p2b: Cresselia\n|-boost|p2b: Cresselia|spa|1\n|-boost|p2b: Cresselia|spd|1\n|\n|-damage|p1b: Ursaluna|94\/100 brn|[from] brn\n|upkeep\n|\n|t:|1700439853\n|switch|p2a: Palafin|Palafin, M|100\/100\n|turn|3\n|\n|t:|1700439860\n|move|p1a: Cresselia|Helping Hand|p1b: Ursaluna\n|-singleturn|p1b: Ursaluna|Helping Hand|[of] p1a: Cresselia\n|move|p1b: Ursaluna|Facade|p2a: Palafin\n|-crit|p2a: Palafin\n|-damage|p2a: Palafin|0 fnt\n|faint|p2a: Palafin\n|move|p2b: Cresselia|Calm Mind|p2b: Cresselia\n|-boost|p2b: Cresselia|spa|1\n|-boost|p2b: Cresselia|spd|1\n|\n|-damage|p1b: Ursaluna|88\/100 brn|[from] brn\n|upkeep\n|\n|t:|1700439866\n|switch|p2a: Diancie|Diancie, shiny|100\/100\n|turn|4\n|\n|t:|1700439895\n|move|p1a: Cresselia|Helping Hand|p1b: Ursaluna\n|-singleturn|p1b: Ursaluna|Helping Hand|[of] p1a: Cresselia\n|move|p1b: Ursaluna|Facade|p2b: Cresselia\n|-crit|p2b: Cresselia\n|-damage|p2b: Cresselia|0 fnt\n|faint|p2b: Cresselia\n|move|p2a: Diancie|Body Press|p1b: Ursaluna\n|-supereffective|p1b: Ursaluna\n|-damage|p1b: Ursaluna|54\/100 brn\n|\n|-damage|p1b: Ursaluna|48\/100 brn|[from] brn\n|upkeep\n|\n|t:|1700439908\n|switch|p2b: Amoonguss|Amoonguss, F, shiny|100\/100\n|turn|5\n|\n|t:|1700439935\n|move|p1a: Cresselia|Helping Hand|p1b: Ursaluna\n|-singleturn|p1b: Ursaluna|Helping Hand|[of] p1a: Cresselia\n|move|p2b: Amoonguss|Rage Powder|p2b: Amoonguss\n|-singleturn|p2b: Amoonguss|move: Rage Powder\n|move|p1b: Ursaluna|Facade|p2b: Amoonguss\n|-damage|p2b: Amoonguss|0 fnt\n|faint|p2b: Amoonguss\n|move|p2a: Diancie|Body Press|p1b: Ursaluna\n|-supereffective|p1b: Ursaluna\n|-damage|p1b: Ursaluna|11\/100 brn\n|\n|-damage|p1b: Ursaluna|5\/100 brn|[from] brn\n|-fieldend|move: Trick Room\n|upkeep\n|\n|t:|1700439944\n|switch|p2b: Tornadus|Tornadus, M, shiny|100\/100\n|turn|6\n|\n|t:|1700439955\n|move|p1b: Ursaluna|Protect|p1b: Ursaluna\n|-singleturn|p1b: Ursaluna|Protect\n|move|p2b: Tornadus|Tailwind|p2b: Tornadus\n|-sidestart|p2: cotesmcgotes|move: Tailwind\n|move|p2a: Diancie|Diamond Storm|p1b: Ursaluna|[spread] p1a\n|-activate|p1b: Ursaluna|move: Protect\n|-damage|p1a: Cresselia|75\/100\n|move|p1a: Cresselia|Lunar Blessing|p1a: Cresselia|[spread] p1a,p1b\n|-heal|p1a: Cresselia|99\/100\n|-heal|p1b: Ursaluna|30\/100 brn\n|-curestatus|p1b: Ursaluna|brn|[msg]\n|\n|-status|p1b: Ursaluna|brn|[from] item: Flame Orb\n|upkeep\n|turn|7\n|\n|t:|1700439970\n|move|p1b: Ursaluna|Protect|p1b: Ursaluna\n|-singleturn|p1b: Ursaluna|Protect\n|move|p2b: Tornadus|Taunt|p1a: Cresselia\n|-start|p1a: Cresselia|move: Taunt\n|move|p2a: Diancie|Body Press|p1b: Ursaluna\n|-activate|p1b: Ursaluna|move: Protect\n|cant|p1a: Cresselia|move: Taunt|Trick Room\n|\n|-damage|p1b: Ursaluna|24\/100 brn|[from] brn\n|upkeep\n|turn|8\n|\n|t:|1700439983\n|move|p2b: Tornadus|Rain Dance|p2b: Tornadus\n|-weather|RainDance\n|move|p2a: Diancie|Body Press|p1b: Ursaluna\n|-supereffective|p1b: Ursaluna\n|-damage|p1b: Ursaluna|0 fnt\n|faint|p1b: Ursaluna\n|-activate|p1a: Cresselia|move: Struggle\n|move|p1a: Cresselia|Struggle|p2b: Tornadus\n|-damage|p2b: Tornadus|92\/100\n|-damage|p1a: Cresselia|75\/100|[from] recoil\n|\n|-weather|RainDance|[upkeep]\n|upkeep\n|\n|t:|1700439990\n|switch|p1b: Slowking|Slowking-Galar, F|100\/100\n|turn|9\n|\n|t:|1700440002\n|switch|p1a: Amoonguss|Amoonguss, M|100\/100\n|switch|p1b: Rabsca|Rabsca, M|100\/100\n|move|p2b: Tornadus|Bleakwind Storm|p1b: Rabsca|[spread] p1a,p1b\n|-supereffective|p1a: Amoonguss\n|-supereffective|p1b: Rabsca\n|-damage|p1a: Amoonguss|62\/100\n|-damage|p1b: Rabsca|53\/100\n|-unboost|p1b: Rabsca|spe|1\n|move|p2a: Diancie|Diamond Storm|p1a: Amoonguss|[spread] p1a,p1b\n|-supereffective|p1b: Rabsca\n|-damage|p1a: Amoonguss|23\/100\n|-damage|p1b: Rabsca|0 fnt\n|-boost|p2a: Diancie|def|2\n|faint|p1b: Rabsca\n|\n|-weather|RainDance|[upkeep]\n|-sideend|p2: cotesmcgotes|move: Tailwind\n|upkeep\n|\n|t:|1700440016\n|switch|p1b: Slowking|Slowking-Galar, F|100\/100\n|turn|10\n|\n|t:|1700440023\n|move|p1a: Amoonguss|Rage Powder|p1a: Amoonguss\n|-singleturn|p1a: Amoonguss|move: Rage Powder\n|move|p2b: Tornadus|Tailwind|p2b: Tornadus\n|-sidestart|p2: cotesmcgotes|move: Tailwind\n|move|p2a: Diancie|Diamond Storm|p1b: Slowking|[spread] p1a,p1b\n|-damage|p1a: Amoonguss|0 fnt\n|-damage|p1b: Slowking|63\/100\n|-boost|p2a: Diancie|def|2\n|faint|p1a: Amoonguss\n|move|p1b: Slowking|Trick Room|p1b: Slowking\n|-fieldstart|move: Trick Room|[of] p1b: Slowking\n|\n|-weather|RainDance|[upkeep]\n|upkeep\n|\n|t:|1700440039\n|switch|p1a: Avalugg|Avalugg-Hisui, M|100\/100\n|turn|11\n|\n|t:|1700440046\n|move|p1b: Slowking|Helping Hand|p1a: Avalugg\n|-singleturn|p1a: Avalugg|Helping Hand|[of] p1b: Slowking\n|move|p2b: Tornadus|Taunt|p1b: Slowking\n|-start|p1b: Slowking|move: Taunt\n|-enditem|p1b: Slowking|Mental Herb\n|-end|p1b: Slowking|move: Taunt\n|move|p1a: Avalugg|Mountain Gale|p2b: Tornadus\n|-supereffective|p2b: Tornadus\n|-damage|p2b: Tornadus|0 fnt\n|faint|p2b: Tornadus\n|-damage|p1a: Avalugg|91\/100|[from] item: Life Orb\n|move|p2a: Diancie|Body Press|p1a: Avalugg\n|-supereffective|p1a: Avalugg\n|-damage|p1a: Avalugg|0 fnt\n|faint|p1a: Avalugg\n|\n|-weather|RainDance|[upkeep]\n|upkeep\n|\n|t:|1700440064\n|switch|p1a: Cresselia|Cresselia, F|75\/100\n|turn|12\n|\n|t:|1700440074\n|move|p1b: Slowking|Heal Pulse|p1a: Cresselia\n|-heal|p1a: Cresselia|100\/100\n|move|p1a: Cresselia|Lunar Blessing|p1a: Cresselia|[spread] p1a,p1b\n|-heal|p1b: Slowking|88\/100\n|move|p2a: Diancie|Diamond Storm|p1a: Cresselia|[spread] p1a,p1b\n|-damage|p1a: Cresselia|77\/100\n|-damage|p1b: Slowking|50\/100\n|-boost|p2a: Diancie|def|2\n|\n|-weather|RainDance|[upkeep]\n|upkeep\n|turn|13\n|\n|t:|1700440090\n|move|p1b: Slowking|Heal Pulse|p1a: Cresselia\n|-heal|p1a: Cresselia|100\/100\n|move|p1a: Cresselia|Lunar Blessing|p1a: Cresselia|[spread] p1a,p1b\n|-heal|p1b: Slowking|75\/100\n|move|p2a: Diancie|Diamond Storm|p1a: Cresselia|[spread] p1a,p1b\n|-damage|p1a: Cresselia|76\/100\n|-damage|p1b: Slowking|41\/100\n|\n|-weather|RainDance|[upkeep]\n|-sideend|p2: cotesmcgotes|move: Tailwind\n|upkeep\n|turn|14\n|\n|t:|1700440108\n|move|p1b: Slowking|Heal Pulse|p1a: Cresselia\n|-heal|p1a: Cresselia|100\/100\n|move|p2a: Diancie|Bulldoze|p1a: Cresselia|[spread] p1b\n|-immune|p1a: Cresselia|[from] ability: Levitate\n|-supereffective|p1b: Slowking\n|-damage|p1b: Slowking|11\/100\n|-unboost|p1b: Slowking|spe|1\n|move|p1a: Cresselia|Lunar Blessing|p1a: Cresselia|[spread] p1a,p1b\n|-heal|p1b: Slowking|36\/100\n|\n|-weather|RainDance|[upkeep]\n|-fieldend|move: Trick Room\n|upkeep\n|turn|15\n|\n|t:|1700440129\n|move|p1a: Cresselia|Lunar Blessing|p1a: Cresselia|[spread] p1a,p1b\n|-heal|p1b: Slowking|61\/100\n|move|p2a: Diancie|Diamond Storm|p1a: Cresselia|[spread] p1a,p1b\n|-damage|p1a: Cresselia|75\/100\n|-damage|p1b: Slowking|24\/100\n|move|p1b: Slowking|Heal Pulse|p1a: Cresselia\n|-heal|p1a: Cresselia|100\/100\n|\n|-weather|none\n|upkeep\n|turn|16\n|inactive|fuwa the cute has 120 seconds left.\n|inactive|fuwa the cute has 90 seconds left.\n|inactive|fuwa the cute has 60 seconds left.\n|\n|t:|1700440238\n|move|p1a: Cresselia|Lunar Blessing|p1a: Cresselia|[spread] p1a,p1b\n|-heal|p1b: Slowking|48\/100\n|move|p2a: Diancie|Body Press|p1a: Cresselia\n|-resisted|p1a: Cresselia\n|-damage|p1a: Cresselia|67\/100\n|move|p1b: Slowking|Heal Pulse|p1a: Cresselia\n|-heal|p1a: Cresselia|100\/100\n|\n|upkeep\n|turn|17\n|inactive|fuwa the cute has 60 seconds left.\n|\n|t:|1700440252\n|move|p1a: Cresselia|Helping Hand|p1b: Slowking\n|-singleturn|p1b: Slowking|Helping Hand|[of] p1a: Cresselia\n|move|p1b: Slowking|Helping Hand||[still]\n|-fail|p1b: Slowking\n|move|p2a: Diancie|Bulldoze|p1b: Slowking|[spread] p1b\n|-immune|p1a: Cresselia|[from] ability: Levitate\n|-supereffective|p1b: Slowking\n|-damage|p1b: Slowking|20\/100\n|-unboost|p1b: Slowking|spe|1\n|\n|upkeep\n|turn|18\n|\n|t:|1700440263\n|move|p1a: Cresselia|Lunar Blessing|p1a: Cresselia|[spread] p1a,p1b\n|-heal|p1b: Slowking|45\/100\n|move|p2a: Diancie|Diamond Storm|p1b: Slowking|[spread] p1a,p1b\n|-damage|p1a: Cresselia|76\/100\n|-damage|p1b: Slowking|10\/100\n|move|p1b: Slowking|Trick Room|p1b: Slowking\n|-fieldstart|move: Trick Room|[of] p1b: Slowking\n|\n|upkeep\n|turn|19\n|\n|t:|1700440274\n|move|p2a: Diancie|Diamond Storm|p1b: Slowking|[spread] p1a,p1b\n|-damage|p1a: Cresselia|50\/100\n|-damage|p1b: Slowking|0 fnt\n|faint|p1b: Slowking\n|move|p1a: Cresselia|Lunar Blessing|p1a: Cresselia\n|-heal|p1a: Cresselia|75\/100\n|\n|upkeep\n|turn|20\n|\n|t:|1700440295\n|move|p1a: Cresselia|Helping Hand|p1: Slowking|[notarget]\n|-fail|p1a: Cresselia\n|move|p2a: Diancie|Play Rough|p1a: Cresselia\n|-damage|p1a: Cresselia|47\/100\n|\n|upkeep\n|turn|21\n|-message|fuwa the cute forfeited.\n|\n|win|cotesmcgotes\n|raw|fuwa the cute's rating: 1285 &rarr; <strong>1258<\/strong><br \/>(-27 for losing)\n|raw|cotesmcgotes's rating: 1263 &rarr; <strong>1290<\/strong><br \/>(+27 for winning)\n|l|\u2606fuwa the cute\n","uploadtime":1700440306,"views":3,"p1id":"fuwathecute","p2id":"cotesmcgotes","formatid":"gen9doublesou","rating":1258,"private":0,"password":""}