{"id":"gen9doublesou-1974671837","p1":"godidiano","p2":"Stormy Intent","format":"[Gen 9] Doubles OU","log":"|j|\u2606godidiano\n|j|\u2606Stormy Intent\n|t:|1698108910\n|gametype|doubles\n|player|p1|godidiano|brock|1330\n|player|p2|Stormy Intent|roxie|1334\n|teamsize|p1|6\n|teamsize|p2|6\n|gen|9\n|tier|[Gen 9] Doubles OU\n|rated|\n|rule|Species Clause: Limit one of each Pok\u00e9mon\n|rule|OHKO Clause: OHKO moves are banned\n|rule|Evasion Moves Clause: Evasion moves are banned\n|rule|Gravity Sleep Clause: The combination of sleep-inducing moves with imperfect accuracy and Gravity or Gigantamax Orbeetle are banned\n|rule|Endless Battle Clause: Forcing endless battles is banned\n|rule|HP Percentage Mod: HP is shown in percentages\n|clearpoke\n|poke|p1|Kommo-o, F|\n|poke|p1|Tyranitar, F|\n|poke|p1|Rillaboom, M|\n|poke|p1|Arcanine-Hisui, M|\n|poke|p1|Iron Bundle|\n|poke|p1|Flutter Mane|\n|poke|p2|Indeedee-F, F|\n|poke|p2|Armarouge, F|\n|poke|p2|Amoonguss, F|\n|poke|p2|Flutter Mane|\n|poke|p2|Gholdengo|\n|poke|p2|Kingambit, M|\n|teampreview\n|inactive|Battle timer is ON: inactive players will automatically lose when time's up. (requested by Stormy Intent)\n|\n|t:|1698108920\n|start\n|switch|p1a: Kommo-o|Kommo-o, F|100\/100\n|switch|p1b: Tyranitar|Tyranitar, F|100\/100\n|switch|p2a: Indeedee|Indeedee-F, F|100\/100\n|switch|p2b: Armarouge|Armarouge, F|100\/100\n|-weather|Sandstorm|[from] ability: Sand Stream|[of] p1b: Tyranitar\n|-fieldstart|move: Psychic Terrain|[from] ability: Psychic Surge|[of] p2a: Indeedee\n|turn|1\n|\n|t:|1698108937\n|move|p1a: Kommo-o|Protect|p1a: Kommo-o\n|-singleturn|p1a: Kommo-o|Protect\n|move|p2b: Armarouge|Protect|p2b: Armarouge\n|-singleturn|p2b: Armarouge|Protect\n|move|p1b: Tyranitar|Knock Off|p2b: Armarouge\n|-activate|p2b: Armarouge|move: Protect\n|move|p2a: Indeedee|Trick Room|p2a: Indeedee\n|-fieldstart|move: Trick Room|[of] p2a: Indeedee\n|\n|-weather|Sandstorm|[upkeep]\n|-damage|p2b: Armarouge|94\/100|[from] Sandstorm\n|-damage|p2a: Indeedee|94\/100|[from] Sandstorm\n|-damage|p1a: Kommo-o|94\/100|[from] Sandstorm\n|-heal|p2a: Indeedee|100\/100|[from] item: Leftovers\n|-heal|p1a: Kommo-o|100\/100|[from] item: Leftovers\n|upkeep\n|turn|2\n|\n|t:|1698108954\n|switch|p1a: Flutter Mane|Flutter Mane|100\/100\n|move|p2a: Indeedee|Follow Me|p2a: Indeedee\n|-singleturn|p2a: Indeedee|move: Follow Me\n|move|p2b: Armarouge|Expanding Force|p1a: Flutter Mane|[spread] p1a\n|-immune|p1b: Tyranitar\n|-damage|p1a: Flutter Mane|48\/100\n|-damage|p2b: Armarouge|84\/100|[from] item: Life Orb\n|move|p1b: Tyranitar|Knock Off|p2a: Indeedee\n|-supereffective|p2a: Indeedee\n|-damage|p2a: Indeedee|0 fnt\n|-enditem|p2a: Indeedee|Leftovers|[from] move: Knock Off|[of] p1b: Tyranitar\n|faint|p2a: Indeedee\n|\n|-weather|Sandstorm|[upkeep]\n|-damage|p2b: Armarouge|78\/100|[from] Sandstorm\n|-damage|p1a: Flutter Mane|42\/100|[from] Sandstorm\n|upkeep\n|inactive|Stormy Intent has 120 seconds left.\n|\n|t:|1698108974\n|switch|p2a: Amoonguss|Amoonguss, F|100\/100\n|turn|3\n|\n|t:|1698108986\n|move|p2a: Amoonguss|Spore|p1b: Tyranitar\n|-status|p1b: Tyranitar|slp|[from] move: Spore\n|move|p2b: Armarouge|Expanding Force|p1b: Tyranitar|[spread] p1a\n|-immune|p1b: Tyranitar\n|-damage|p1a: Flutter Mane|0 fnt\n|faint|p1a: Flutter Mane\n|-end|p1a: Flutter Mane|Protosynthesis|[silent]\n|-damage|p2b: Armarouge|68\/100|[from] item: Life Orb\n|cant|p1b: Tyranitar|slp\n|\n|-weather|Sandstorm|[upkeep]\n|-damage|p2a: Amoonguss|94\/100|[from] Sandstorm\n|-damage|p2b: Armarouge|62\/100|[from] Sandstorm\n|-heal|p2a: Amoonguss|100\/100|[from] item: Black Sludge\n|upkeep\n|\n|t:|1698108993\n|switch|p1a: Kommo-o|Kommo-o, F|100\/100\n|turn|4\n|\n|t:|1698109013\n|switch|p1a: Rillaboom|Rillaboom, M|100\/100\n|-fieldstart|move: Grassy Terrain|[from] ability: Grassy Surge|[of] p1a: Rillaboom\n|move|p2a: Amoonguss|Pollen Puff|p2b: Armarouge\n|-heal|p2b: Armarouge|100\/100\n|move|p2b: Armarouge|Expanding Force|p1a: Rillaboom\n|-damage|p1a: Rillaboom|48\/100\n|-damage|p2b: Armarouge|91\/100|[from] item: Life Orb\n|cant|p1b: Tyranitar|slp\n|\n|-weather|Sandstorm|[upkeep]\n|-damage|p2a: Amoonguss|94\/100|[from] Sandstorm\n|-damage|p2b: Armarouge|84\/100|[from] Sandstorm\n|-damage|p1a: Rillaboom|42\/100|[from] Sandstorm\n|-heal|p2a: Amoonguss|100\/100|[from] Grassy Terrain\n|-heal|p2b: Armarouge|91\/100|[from] Grassy Terrain\n|-heal|p1a: Rillaboom|48\/100|[from] Grassy Terrain\n|upkeep\n|turn|5\n|\n|t:|1698109042\n|move|p1a: Rillaboom|Fake Out|p2a: Amoonguss\n|-damage|p2a: Amoonguss|84\/100\n|cant|p2a: Amoonguss|flinch\n|move|p2b: Armarouge|Armor Cannon|p1a: Rillaboom\n|-supereffective|p1a: Rillaboom\n|-damage|p1a: Rillaboom|0 fnt\n|-unboost|p2b: Armarouge|def|1\n|-unboost|p2b: Armarouge|spd|1\n|faint|p1a: Rillaboom\n|-damage|p2b: Armarouge|81\/100|[from] item: Life Orb\n|-curestatus|p1b: Tyranitar|slp|[msg]\n|move|p1b: Tyranitar|Knock Off|p2b: Armarouge\n|-supereffective|p2b: Armarouge\n|-damage|p2b: Armarouge|0 fnt\n|-enditem|p2b: Armarouge|Life Orb|[from] move: Knock Off|[of] p1b: Tyranitar\n|faint|p2b: Armarouge\n|\n|-weather|none\n|-heal|p2a: Amoonguss|90\/100|[from] Grassy Terrain\n|-heal|p2a: Amoonguss|96\/100|[from] item: Black Sludge\n|-fieldend|move: Trick Room\n|upkeep\n|\n|t:|1698109065\n|switch|p1a: Kommo-o|Kommo-o, F|100\/100\n|switch|p2b: Kingambit|Kingambit, M|100\/100\n|-item|p2b: Kingambit|Air Balloon\n|turn|6\n|\n|t:|1698109079\n|-terastallize|p1b: Tyranitar|Psychic\n|move|p2a: Amoonguss|Rage Powder|p2a: Amoonguss\n|-singleturn|p2a: Amoonguss|move: Rage Powder\n|move|p1b: Tyranitar|Tera Blast|p2a: Amoonguss|[anim] Tera Blast Psychic\n|-supereffective|p2a: Amoonguss\n|-damage|p2a: Amoonguss|0 fnt\n|faint|p2a: Amoonguss\n|move|p1a: Kommo-o|Body Press|p2b: Kingambit\n|-supereffective|p2b: Kingambit\n|-damage|p2b: Kingambit|0 fnt\n|-enditem|p2b: Kingambit|Air Balloon\n|faint|p2b: Kingambit\n|\n|upkeep\n|\n|t:|1698109092\n|switch|p2b: Flutter Mane|Flutter Mane|100\/100\n|switch|p2a: Gholdengo|Gholdengo|100\/100\n|turn|7\n|\n|t:|1698109104\n|move|p1a: Kommo-o|Protect|p1a: Kommo-o\n|-singleturn|p1a: Kommo-o|Protect\n|move|p2b: Flutter Mane|Shadow Ball|p1b: Tyranitar\n|-supereffective|p1b: Tyranitar\n|-damage|p1b: Tyranitar|16\/100\n|move|p2a: Gholdengo|Thunder Wave|p1a: Kommo-o\n|-activate|p1a: Kommo-o|move: Protect\n|move|p1b: Tyranitar|Knock Off|p2a: Gholdengo\n|-supereffective|p2a: Gholdengo\n|-damage|p2a: Gholdengo|0 fnt\n|-enditem|p2a: Gholdengo|Leftovers|[from] move: Knock Off|[of] p1b: Tyranitar\n|faint|p2a: Gholdengo\n|\n|-heal|p1b: Tyranitar|22\/100|[from] Grassy Terrain\n|upkeep\n|turn|8\n|-message|Stormy Intent forfeited.\n|\n|win|godidiano\n|raw|godidiano's rating: 1330 &rarr; <strong>1350<\/strong><br \/>(+20 for winning)\n|raw|Stormy Intent's rating: 1334 &rarr; <strong>1314<\/strong><br \/>(-20 for losing)\n|l|\u2606Stormy Intent\n|c|\u2606godidiano|gg ez\n","uploadtime":1698109123,"views":21,"p1id":"godidiano","p2id":"stormyintent","formatid":"gen9doublesou","rating":1314,"private":0,"password":""}