{"id":"gen9doublesou-1975181714","p1":"ChimeBliss","p2":"ljuswannaplay","format":"[Gen 9] Doubles OU","log":"|j|\u2606ChimeBliss\n|j|\u2606ljuswannaplay\n|t:|1698168228\n|gametype|doubles\n|player|p1|ChimeBliss|dawn-gen4pt|1529\n|player|p2|ljuswannaplay|clown|1564\n|teamsize|p1|6\n|teamsize|p2|6\n|gen|9\n|tier|[Gen 9] Doubles OU\n|rated|\n|rule|Species Clause: Limit one of each Pok\u00e9mon\n|rule|OHKO Clause: OHKO moves are banned\n|rule|Evasion Moves Clause: Evasion moves are banned\n|rule|Gravity Sleep Clause: The combination of sleep-inducing moves with imperfect accuracy and Gravity or Gigantamax Orbeetle are banned\n|rule|Endless Battle Clause: Forcing endless battles is banned\n|rule|HP Percentage Mod: HP is shown in percentages\n|clearpoke\n|poke|p1|Chien-Pao|\n|poke|p1|Tornadus, M|\n|poke|p1|Dragonite, F|\n|poke|p1|Chi-Yu|\n|poke|p1|Flutter Mane|\n|poke|p1|Landorus, M|\n|poke|p2|Dragonite, M|\n|poke|p2|Rillaboom, F|\n|poke|p2|Torkoal, L99, F|\n|poke|p2|Sinistcha-Masterpiece|\n|poke|p2|Lurantis, F|\n|poke|p2|Oranguru, F|\n|teampreview\n|inactive|Battle timer is ON: inactive players will automatically lose when time's up. (requested by ChimeBliss)\n|inactive|ChimeBliss has 120 seconds left.\n|\n|t:|1698168275\n|start\n|switch|p1a: Tornadus|Tornadus, M|100\/100\n|switch|p1b: Chi-Yu|Chi-Yu|100\/100\n|switch|p2a: Oranguru|Oranguru, F|100\/100\n|switch|p2b: Rillaboom|Rillaboom, F|100\/100\n|-ability|p1b: Chi-Yu|Beads of Ruin\n|-fieldstart|move: Grassy Terrain|[from] ability: Grassy Surge|[of] p2b: Rillaboom\n|turn|1\n|inactive|ChimeBliss has 120 seconds left.\n|\n|t:|1698168324\n|-terastallize|p1a: Tornadus|Ghost\n|move|p2b: Rillaboom|Fake Out|p1b: Chi-Yu\n|-damage|p1b: Chi-Yu|79\/100\n|move|p1a: Tornadus|Taunt|p2a: Oranguru\n|-start|p2a: Oranguru|move: Taunt\n|-enditem|p2a: Oranguru|Mental Herb\n|-end|p2a: Oranguru|move: Taunt\n|cant|p1b: Chi-Yu|flinch\n|move|p2a: Oranguru|Trick Room|p2a: Oranguru\n|-fieldstart|move: Trick Room|[of] p2a: Oranguru\n|\n|-heal|p1b: Chi-Yu|85\/100|[from] Grassy Terrain\n|upkeep\n|turn|2\n|inactive|ChimeBliss has 120 seconds left.\n|\n|t:|1698168357\n|move|p2a: Oranguru|Yawn|p1b: Chi-Yu\n|-start|p1b: Chi-Yu|move: Yawn|[of] p2a: Oranguru\n|move|p2b: Rillaboom|U-turn|p1b: Chi-Yu\n|-damage|p1b: Chi-Yu|48\/100\n|inactive|ljuswannaplay has 120 seconds left.\n|\n|t:|1698168377\n|switch|p2b: Torkoal|Torkoal, L99, F|100\/100|[from] U-turn\n|-weather|SunnyDay|[from] ability: Drought|[of] p2b: Torkoal\n|move|p1a: Tornadus|Bleakwind Storm|p2b: Torkoal|[spread] p2a,p2b\n|-damage|p2a: Oranguru|57\/100\n|-damage|p2b: Torkoal|33\/100\n|-unboost|p2a: Oranguru|spe|1\n|move|p1b: Chi-Yu|Dark Pulse|p2a: Oranguru\n|-supereffective|p2a: Oranguru\n|-damage|p2a: Oranguru|0 fnt\n|faint|p2a: Oranguru\n|\n|-weather|SunnyDay|[upkeep]\n|-heal|p2b: Torkoal|39\/100|[from] Grassy Terrain\n|-heal|p1b: Chi-Yu|54\/100|[from] Grassy Terrain\n|upkeep\n|\n|t:|1698168394\n|switch|p2a: Sinistcha|Sinistcha-Masterpiece|100\/100\n|-heal|p2b: Torkoal|64\/100|[from] ability: Hospitality|[of] p2a: Sinistcha\n|turn|3\n|inactive|ljuswannaplay has 120 seconds left.\n|\n|t:|1698168414\n|switch|p2a: Dragonite|Dragonite, M|100\/100\n|move|p1a: Tornadus|Protect|p1a: Tornadus\n|-singleturn|p1a: Tornadus|Protect\n|move|p2b: Torkoal|Heat Wave|p1a: Tornadus|[spread] p1b\n|-activate|p1a: Tornadus|move: Protect\n|-resisted|p1b: Chi-Yu\n|-damage|p1b: Chi-Yu|14\/100\n|move|p1b: Chi-Yu|Dark Pulse|p2a: Dragonite\n|-damage|p2a: Dragonite|71\/100\n|\n|-weather|SunnyDay|[upkeep]\n|-heal|p2b: Torkoal|70\/100|[from] Grassy Terrain\n|-heal|p1b: Chi-Yu|20\/100|[from] Grassy Terrain\n|-end|p1b: Chi-Yu|move: Yawn|[silent]\n|-status|p1b: Chi-Yu|slp\n|upkeep\n|turn|4\n|inactive|ljuswannaplay has 120 seconds left.\n|\n|t:|1698168440\n|move|p2b: Torkoal|Heat Wave|p1a: Tornadus|[spread] p1a,p1b\n|-resisted|p1b: Chi-Yu\n|-enditem|p1a: Tornadus|Focus Sash\n|-damage|p1a: Tornadus|1\/100\n|-damage|p1b: Chi-Yu|0 fnt\n|faint|p1b: Chi-Yu\n|move|p2a: Dragonite|Scale Shot|p1a: Tornadus\n|-damage|p1a: Tornadus|0 fnt\n|faint|p1a: Tornadus\n|-hitcount|p1: Tornadus|1\n|-unboost|p2a: Dragonite|def|1\n|-boost|p2a: Dragonite|spe|1\n|\n|-weather|SunnyDay|[upkeep]\n|-heal|p2b: Torkoal|76\/100|[from] Grassy Terrain\n|upkeep\n|inactive|ChimeBliss has 120 seconds left.\n|\n|t:|1698168468\n|switch|p1b: Landorus|Landorus, M|100\/100\n|switch|p1a: Chien-Pao|Chien-Pao|100\/100\n|-ability|p1a: Chien-Pao|Sword of Ruin\n|turn|5\n|inactive|ChimeBliss has 120 seconds left.\n|\n|t:|1698168482\n|move|p1b: Landorus|Protect|p1b: Landorus\n|-singleturn|p1b: Landorus|Protect\n|move|p1a: Chien-Pao|Sucker Punch|p2a: Dragonite\n|-damage|p2a: Dragonite|3\/100\n|move|p2b: Torkoal|Heat Wave|p1b: Landorus|[spread] p1a\n|-activate|p1b: Landorus|move: Protect\n|-supereffective|p1a: Chien-Pao\n|-enditem|p1a: Chien-Pao|Focus Sash\n|-damage|p1a: Chien-Pao|1\/100\n|move|p2a: Dragonite|Scale Shot|p1a: Chien-Pao\n|-damage|p1a: Chien-Pao|0 fnt\n|faint|p1a: Chien-Pao\n|-hitcount|p1: Chien-Pao|1\n|-unboost|p2a: Dragonite|def|1\n|-boost|p2a: Dragonite|spe|1\n|\n|-weather|SunnyDay|[upkeep]\n|-heal|p2b: Torkoal|83\/100|[from] Grassy Terrain\n|-fieldend|move: Trick Room\n|-fieldend|move: Grassy Terrain\n|upkeep\n|inactive|ChimeBliss has 120 seconds left.\n|\n|t:|1698168494\n|switch|p1a: Dragonite|Dragonite, F, shiny|100\/100\n|turn|6\n|\n|t:|1698168508\n|move|p1a: Dragonite|Extreme Speed|p2a: Dragonite\n|-damage|p2a: Dragonite|0 fnt\n|faint|p2a: Dragonite\n|move|p1b: Landorus|Earth Power|p2b: Torkoal\n|-supereffective|p2b: Torkoal\n|-damage|p2b: Torkoal|0 fnt\n|faint|p2b: Torkoal\n|\n|-weather|none\n|upkeep\n|\n|t:|1698168520\n|switch|p2a: Sinistcha|Sinistcha-Masterpiece|100\/100\n|switch|p2b: Rillaboom|Rillaboom, F|100\/100\n|-fieldstart|move: Grassy Terrain|[from] ability: Grassy Surge|[of] p2b: Rillaboom\n|turn|7\n|\n|t:|1698168531\n|move|p2b: Rillaboom|Fake Out|p1b: Landorus\n|-damage|p1b: Landorus|86\/100\n|move|p1a: Dragonite|Extreme Speed|p2b: Rillaboom\n|-damage|p2b: Rillaboom|51\/100\n|cant|p1b: Landorus|flinch\n|move|p2a: Sinistcha|Trick Room|p2a: Sinistcha\n|-fieldstart|move: Trick Room|[of] p2a: Sinistcha\n|\n|-heal|p2b: Rillaboom|57\/100|[from] Grassy Terrain\n|upkeep\n|turn|8\n|\n|t:|1698168546\n|move|p1b: Landorus|Protect|p1b: Landorus\n|-singleturn|p1b: Landorus|Protect\n|move|p1a: Dragonite|Extreme Speed|p2b: Rillaboom\n|-damage|p2b: Rillaboom|2\/100\n|move|p2a: Sinistcha|Strength Sap|p1a: Dragonite\n|-unboost|p1a: Dragonite|atk|1\n|move|p2b: Rillaboom|Wood Hammer|p1b: Landorus\n|-activate|p1b: Landorus|move: Protect\n|\n|-heal|p2b: Rillaboom|8\/100|[from] Grassy Terrain\n|upkeep\n|turn|9\n|\n|t:|1698168562\n|move|p2b: Rillaboom|Protect|p2b: Rillaboom\n|-singleturn|p2b: Rillaboom|Protect\n|move|p1a: Dragonite|Extreme Speed|p2b: Rillaboom\n|-activate|p2b: Rillaboom|move: Protect\n|move|p2a: Sinistcha|Strength Sap|p1a: Dragonite\n|-unboost|p1a: Dragonite|atk|1\n|move|p1b: Landorus|Sludge Bomb|p2a: Sinistcha\n|-damage|p2a: Sinistcha|52\/100\n|\n|-heal|p2a: Sinistcha|58\/100|[from] Grassy Terrain\n|-heal|p2b: Rillaboom|14\/100|[from] Grassy Terrain\n|upkeep\n|turn|10\n|\n|t:|1698168588\n|move|p1a: Dragonite|Extreme Speed|p2b: Rillaboom\n|-damage|p2b: Rillaboom|0 fnt\n|faint|p2b: Rillaboom\n|move|p2a: Sinistcha|Strength Sap|p1a: Dragonite\n|-unboost|p1a: Dragonite|atk|1\n|-heal|p2a: Sinistcha|100\/100\n|move|p1b: Landorus|Sludge Bomb|p2a: Sinistcha\n|-damage|p2a: Sinistcha|52\/100\n|\n|-heal|p2a: Sinistcha|58\/100|[from] Grassy Terrain\n|upkeep\n|inactive|ljuswannaplay has 120 seconds left.\n|\n|t:|1698168599\n|switch|p2b: Lurantis|Lurantis, F|100\/100\n|turn|11\n|\n|t:|1698168613\n|move|p1b: Landorus|Protect|p1b: Landorus\n|-singleturn|p1b: Landorus|Protect\n|move|p2a: Sinistcha|Rage Powder|p2a: Sinistcha\n|-singleturn|p2a: Sinistcha|move: Rage Powder\n|move|p1a: Dragonite|Extreme Speed|p2a: Sinistcha\n|-immune|p2a: Sinistcha\n|move|p2b: Lurantis|Leaf Storm|p1b: Landorus\n|-activate|p1b: Landorus|move: Protect\n|\n|-heal|p2a: Sinistcha|64\/100|[from] Grassy Terrain\n|-fieldend|move: Trick Room\n|-fieldend|move: Grassy Terrain\n|upkeep\n|turn|12\n|\n|t:|1698168629\n|move|p2b: Lurantis|Protect|p2b: Lurantis\n|-singleturn|p2b: Lurantis|Protect\n|move|p1a: Dragonite|Extreme Speed|p2b: Lurantis\n|-activate|p2b: Lurantis|move: Protect\n|move|p1b: Landorus|Sludge Bomb|p2b: Lurantis\n|-activate|p2b: Lurantis|move: Protect\n|move|p2a: Sinistcha|Trick Room|p2a: Sinistcha\n|-fieldstart|move: Trick Room|[of] p2a: Sinistcha\n|\n|upkeep\n|turn|13\n|\n|t:|1698168654\n|switch|p1a: Flutter Mane|Flutter Mane|100\/100\n|move|p1b: Landorus|Protect|p1b: Landorus\n|-singleturn|p1b: Landorus|Protect\n|move|p2a: Sinistcha|Rage Powder|p2a: Sinistcha\n|-singleturn|p2a: Sinistcha|move: Rage Powder\n|move|p2b: Lurantis|Leaf Storm|p1b: Landorus\n|-activate|p1b: Landorus|move: Protect\n|\n|upkeep\n|turn|14\n|\n|t:|1698168671\n|-terastallize|p2a: Sinistcha|Fire\n|move|p2b: Lurantis|Leaf Storm|p1b: Landorus|[miss]\n|-miss|p2b: Lurantis|p1b: Landorus\n|move|p2a: Sinistcha|Strength Sap|p1b: Landorus\n|-unboost|p1b: Landorus|atk|1\n|-heal|p2a: Sinistcha|100\/100\n|move|p1b: Landorus|Sludge Bomb|p2a: Sinistcha\n|-damage|p2a: Sinistcha|55\/100\n|move|p1a: Flutter Mane|Dazzling Gleam|p2b: Lurantis|[spread] p2a,p2b\n|-resisted|p2a: Sinistcha\n|-damage|p2a: Sinistcha|31\/100\n|-damage|p2b: Lurantis|46\/100\n|\n|upkeep\n|turn|15\n|inactive|ljuswannaplay has 120 seconds left.\n|\n|t:|1698168704\n|move|p1b: Landorus|Protect|p1b: Landorus\n|-singleturn|p1b: Landorus|Protect\n|move|p2b: Lurantis|Leaf Storm|p1a: Flutter Mane|[miss]\n|-miss|p2b: Lurantis|p1a: Flutter Mane\n|move|p2a: Sinistcha|Strength Sap|p1a: Flutter Mane\n|-unboost|p1a: Flutter Mane|atk|1\n|-heal|p2a: Sinistcha|67\/100\n|move|p1a: Flutter Mane|Dazzling Gleam|p2b: Lurantis|[spread] p2a,p2b\n|-resisted|p2a: Sinistcha\n|-damage|p2a: Sinistcha|45\/100\n|-damage|p2b: Lurantis|0 fnt\n|faint|p2b: Lurantis\n|\n|upkeep\n|turn|16\n|-message|ljuswannaplay forfeited.\n|\n|win|ChimeBliss\n|raw|ChimeBliss's rating: 1529 &rarr; <strong>1551<\/strong><br \/>(+22 for winning)\n|raw|ljuswannaplay's rating: 1564 &rarr; <strong>1542<\/strong><br \/>(-22 for losing)\n|l|\u2606ljuswannaplay\n","uploadtime":1698168723,"views":12,"p1id":"chimebliss","p2id":"ljuswannaplay","formatid":"gen9doublesou","rating":1542,"private":0,"password":""}