{"id":"gen9doublesou-1976280083","p1":"Kingnick0825","p2":"Ravvenn98","format":"[Gen 9] Doubles OU","log":"|j|\u2606Kingnick0825\n|j|\u2606Ravvenn98\n|t:|1698281733\n|gametype|doubles\n|player|p1|Kingnick0825|steven|1348\n|player|p2|Ravvenn98|steven|1315\n|teamsize|p1|6\n|teamsize|p2|6\n|gen|9\n|tier|[Gen 9] Doubles OU\n|rated|\n|rule|Species Clause: Limit one of each Pok\u00e9mon\n|rule|OHKO Clause: OHKO moves are banned\n|rule|Evasion Moves Clause: Evasion moves are banned\n|rule|Gravity Sleep Clause: The combination of sleep-inducing moves with imperfect accuracy and Gravity or Gigantamax Orbeetle are banned\n|rule|Endless Battle Clause: Forcing endless battles is banned\n|rule|HP Percentage Mod: HP is shown in percentages\n|clearpoke\n|poke|p1|Chi-Yu|\n|poke|p1|Quaquaval, M|\n|poke|p1|Roaring Moon|\n|poke|p1|Clodsire, F|\n|poke|p1|Iron Valiant|\n|poke|p1|Rotom-Fan|\n|poke|p2|Maushold|\n|poke|p2|Quagsire, M|\n|poke|p2|Dipplin, F|\n|poke|p2|Tornadus, M|\n|poke|p2|Chien-Pao|\n|poke|p2|Volcanion|\n|teampreview\n|inactive|Battle timer is ON: inactive players will automatically lose when time's up. (requested by Kingnick0825)\n|\n|t:|1698281740\n|start\n|switch|p1a: Clodsire|Clodsire, F|100\/100\n|switch|p1b: Rotom|Rotom-Fan|100\/100\n|switch|p2a: Quagsire|Quagsire, M|100\/100\n|switch|p2b: Tornadus|Tornadus, M|100\/100\n|turn|1\n|\n|t:|1698281760\n|move|p2b: Tornadus|Swagger|p2a: Quagsire|[miss]\n|-miss|p2b: Tornadus|p2a: Quagsire\n|move|p1b: Rotom|Discharge|p2a: Quagsire|[spread] p2b\n|-immune|p1a: Clodsire\n|-immune|p2a: Quagsire\n|-supereffective|p2b: Tornadus\n|-damage|p2b: Tornadus|42\/100\n|-enditem|p2b: Tornadus|Eject Button\n|\n|t:|1698281763\n|switch|p2b: Maushold|Maushold|100\/100\n|move|p2a: Quagsire|Earthquake|p1a: Clodsire|[spread] p2b,p1a\n|-immune|p1b: Rotom\n|-supereffective|p1a: Clodsire\n|-damage|p2b: Maushold|64\/100\n|-damage|p1a: Clodsire|36\/100\n|move|p1a: Clodsire|Poison Jab|p2a: Quagsire\n|-resisted|p2a: Quagsire\n|-damage|p2a: Quagsire|90\/100\n|\n|upkeep\n|turn|2\n|inactive|Kingnick0825 has 120 seconds left.\n|\n|t:|1698281798\n|switch|p2b: Dipplin|Dipplin, F, shiny|100\/100\n|-ability|p2b: Dipplin|Supersweet Syrup\n|-ability|p2b: Dipplin|Supersweet Syrup|boost\n|-unboost|p1a: Clodsire|evasion|1\n|-unboost|p1b: Rotom|evasion|1\n|switch|p1a: Quaquaval|Quaquaval, M|100\/100\n|move|p1b: Rotom|Air Slash|p2a: Quagsire|[miss]\n|-miss|p1b: Rotom|p2a: Quagsire\n|move|p2a: Quagsire|Ice Punch|p1a: Quaquaval\n|-resisted|p1a: Quaquaval\n|-damage|p1a: Quaquaval|90\/100\n|\n|upkeep\n|turn|3\n|inactive|Ravvenn98 has 120 seconds left.\n|\n|t:|1698281835\n|-terastallize|p2b: Dipplin|Fairy\n|move|p1b: Rotom|Air Slash|p2b: Dipplin\n|-damage|p2b: Dipplin|76\/100\n|move|p1a: Quaquaval|Bulk Up|p1a: Quaquaval\n|-boost|p1a: Quaquaval|atk|1\n|-boost|p1a: Quaquaval|def|1\n|move|p2b: Dipplin|Giga Drain|p1a: Quaquaval\n|-supereffective|p1a: Quaquaval\n|-damage|p1a: Quaquaval|16\/100\n|-heal|p2b: Dipplin|100\/100|[from] drain|[of] p1a: Quaquaval\n|move|p2a: Quagsire|Drain Punch|p1a: Quaquaval\n|-damage|p1a: Quaquaval|0 fnt\n|-heal|p2a: Quagsire|96\/100|[from] drain|[of] p1a: Quaquaval\n|faint|p1a: Quaquaval\n|\n|upkeep\n|inactive|Kingnick0825 has 120 seconds left.\n|\n|t:|1698281856\n|switch|p1a: Clodsire|Clodsire, F|36\/100\n|turn|4\n|\n|t:|1698281867\n|move|p1b: Rotom|Thunder Wave|p2b: Dipplin\n|-status|p2b: Dipplin|par\n|move|p2a: Quagsire|Ice Punch|p1a: Clodsire\n|-supereffective|p1a: Clodsire\n|-damage|p1a: Clodsire|0 fnt\n|faint|p1a: Clodsire\n|cant|p2b: Dipplin|par\n|\n|upkeep\n|inactive|Kingnick0825 has 120 seconds left.\n|\n|t:|1698281884\n|switch|p1a: Chi-Yu|Chi-Yu|100\/100\n|-ability|p1a: Chi-Yu|Beads of Ruin\n|turn|5\n|\n|t:|1698281892\n|move|p1a: Chi-Yu|Protect|p1a: Chi-Yu\n|-singleturn|p1a: Chi-Yu|Protect\n|cant|p2b: Dipplin|par\n|move|p1b: Rotom|Air Slash|p2a: Quagsire\n|-damage|p2a: Quagsire|40\/100\n|cant|p2a: Quagsire|flinch\n|\n|upkeep\n|turn|6\n|\n|t:|1698281908\n|move|p1a: Chi-Yu|Heat Wave|p2a: Quagsire|[spread] p2a,p2b\n|-resisted|p2a: Quagsire\n|-damage|p2a: Quagsire|6\/100\n|-damage|p2b: Dipplin|62\/100 par\n|move|p1b: Rotom|Air Slash|p2a: Quagsire\n|-damage|p2a: Quagsire|0 fnt\n|faint|p2a: Quagsire\n|move|p2b: Dipplin|Dragon Pulse|p1b: Rotom\n|-damage|p1b: Rotom|28\/100\n|\n|-heal|p1b: Rotom|35\/100|[from] item: Leftovers\n|upkeep\n|\n|t:|1698281918\n|switch|p2a: Volcanion|Volcanion|100\/100\n|turn|7\n|\n|t:|1698281927\n|move|p1a: Chi-Yu|Protect|p1a: Chi-Yu\n|-singleturn|p1a: Chi-Yu|Protect\n|move|p1b: Rotom|Discharge|p2b: Dipplin|[spread] p2a,p2b\n|-activate|p1a: Chi-Yu|move: Protect\n|-supereffective|p2a: Volcanion\n|-damage|p2a: Volcanion|28\/100\n|-damage|p2b: Dipplin|37\/100 par\n|-status|p2a: Volcanion|par\n|move|p2a: Volcanion|Steam Eruption|p1a: Chi-Yu\n|-activate|p1a: Chi-Yu|move: Protect\n|cant|p2b: Dipplin|par\n|\n|-heal|p1b: Rotom|41\/100|[from] item: Leftovers\n|upkeep\n|turn|8\n|\n|t:|1698281943\n|move|p1a: Chi-Yu|Dark Pulse|p2a: Volcanion\n|-damage|p2a: Volcanion|0 fnt\n|faint|p2a: Volcanion\n|move|p1b: Rotom|Air Slash|p2b: Dipplin\n|-damage|p2b: Dipplin|4\/100 par\n|cant|p2b: Dipplin|flinch\n|\n|-heal|p1b: Rotom|47\/100|[from] item: Leftovers\n|upkeep\n|\n|t:|1698281954\n|switch|p2a: Chien-Pao|Chien-Pao|100\/100\n|-ability|p2a: Chien-Pao|Sword of Ruin\n|turn|9\n|\n|t:|1698281964\n|-terastallize|p1a: Chi-Yu|Water\n|move|p1b: Rotom|Protect|p1b: Rotom\n|-singleturn|p1b: Rotom|Protect\n|move|p2b: Dipplin|Protect|p2b: Dipplin\n|-singleturn|p2b: Dipplin|Protect\n|move|p2a: Chien-Pao|Sucker Punch||[still]\n|-fail|p2a: Chien-Pao\n|move|p1a: Chi-Yu|Heat Wave|p2b: Dipplin|[spread] p2a\n|-activate|p2b: Dipplin|move: Protect\n|-supereffective|p2a: Chien-Pao\n|-enditem|p2a: Chien-Pao|Focus Sash\n|-damage|p2a: Chien-Pao|1\/100\n|-status|p2a: Chien-Pao|brn\n|\n|-heal|p1b: Rotom|53\/100|[from] item: Leftovers\n|-damage|p2a: Chien-Pao|0 fnt|[from] brn\n|faint|p2a: Chien-Pao\n|upkeep\n|\n|t:|1698281975\n|switch|p2a: Tornadus|Tornadus, M|42\/100\n|turn|10\n|\n|t:|1698281990\n|move|p1a: Chi-Yu|Protect|p1a: Chi-Yu\n|-singleturn|p1a: Chi-Yu|Protect\n|move|p2a: Tornadus|Bleakwind Storm|p1b: Rotom|[spread] p1b\n|-activate|p1a: Chi-Yu|move: Protect\n|-resisted|p1b: Rotom\n|-damage|p1b: Rotom|23\/100\n|-unboost|p1b: Rotom|spe|1\n|move|p1b: Rotom|Discharge|p2a: Tornadus|[spread] p2a,p2b\n|-activate|p1a: Chi-Yu|move: Protect\n|-supereffective|p2a: Tornadus\n|-damage|p2a: Tornadus|0 fnt\n|-damage|p2b: Dipplin|0 fnt\n|faint|p2a: Tornadus\n|faint|p2b: Dipplin\n|\n|-heal|p1b: Rotom|30\/100|[from] item: Leftovers\n|upkeep\n|\n|t:|1698282000\n|switch|p2b: Maushold|Maushold|64\/100\n|turn|11\n|\n|t:|1698282006\n|move|p1a: Chi-Yu|Dark Pulse|p2b: Maushold\n|-damage|p2b: Maushold|0 fnt\n|faint|p2b: Maushold\n|\n|win|Kingnick0825\n|raw|Kingnick0825's rating: 1348 &rarr; <strong>1366<\/strong><br \/>(+18 for winning)\n|raw|Ravvenn98's rating: 1315 &rarr; <strong>1297<\/strong><br \/>(-18 for losing)\n|l|\u2606Ravvenn98\n|c|\u2606Kingnick0825|Gg\n","uploadtime":1698282017,"views":9,"p1id":"kingnick0825","p2id":"ravvenn98","formatid":"gen9doublesou","rating":1297,"private":0,"password":""}