{"id":"gen9doublesou-1995960990","p1":"Blazegaming428","p2":"Grimvalor","format":"[Gen 9] Doubles OU","log":"|j|\u2606Blazegaming428\n|j|\u2606Grimvalor\n|t:|1700622371\n|gametype|doubles\n|player|p1|Blazegaming428|morty|1108\n|player|p2|Grimvalor|gentleman-gen4|1063\n|teamsize|p1|6\n|teamsize|p2|6\n|gen|9\n|tier|[Gen 9] Doubles OU\n|rated|\n|rule|Species Clause: Limit one of each Pok\u00e9mon\n|rule|OHKO Clause: OHKO moves are banned\n|rule|Evasion Moves Clause: Evasion moves are banned\n|rule|Gravity Sleep Clause: The combination of sleep-inducing moves with imperfect accuracy and Gravity or Gigantamax Orbeetle are banned\n|rule|Endless Battle Clause: Forcing endless battles is banned\n|rule|HP Percentage Mod: HP is shown in percentages\n|clearpoke\n|poke|p1|Torkoal, F|\n|poke|p1|Roaring Moon|\n|poke|p1|Flutter Mane|\n|poke|p1|Amoonguss, M|\n|poke|p1|Iron Hands|\n|poke|p1|Heatran, F|\n|poke|p2|Dunsparce, F|\n|poke|p2|Umbreon, M|\n|poke|p2|Lurantis, M|\n|poke|p2|Wooper, M|\n|poke|p2|Toxtricity-Low-Key, M|\n|poke|p2|Clefable, F|\n|teampreview\n|\n|t:|1700622379\n|start\n|switch|p1a: Zassa Fisting|Iron Hands|100\/100\n|switch|p1b: Billy|Torkoal, F|100\/100\n|switch|p2a: Wooper|Wooper, M|100\/100\n|switch|p2b: Lurantis|Lurantis, M|100\/100\n|-weather|SunnyDay|[from] ability: Drought|[of] p1b: Billy\n|-enditem|p1a: Zassa Fisting|Booster Energy\n|-activate|p1a: Zassa Fisting|ability: Quark Drive|[fromitem]\n|-start|p1a: Zassa Fisting|quarkdriveatk\n|turn|1\n|j| Zassa2\n|\n|t:|1700622400\n|move|p1a: Zassa Fisting|Fake Out|p2a: Wooper\n|-damage|p2a: Wooper|81\/100\n|move|p2b: Lurantis|Superpower|p1a: Zassa Fisting\n|-damage|p1a: Zassa Fisting|77\/100\n|-boost|p2b: Lurantis|atk|1\n|-boost|p2b: Lurantis|def|1\n|move|p1b: Billy|Stealth Rock|p2b: Lurantis\n|-sidestart|p2: Grimvalor|move: Stealth Rock\n|cant|p2a: Wooper|flinch\n|\n|-weather|SunnyDay|[upkeep]\n|upkeep\n|turn|2\n|\n|t:|1700622425\n|move|p1a: Zassa Fisting|Drain Punch|p2a: Wooper\n|-damage|p2a: Wooper|28\/100\n|-heal|p1a: Zassa Fisting|93\/100|[from] drain|[of] p2a: Wooper\n|move|p2b: Lurantis|Leaf Storm|p1a: Zassa Fisting\n|-damage|p1a: Zassa Fisting|61\/100\n|-boost|p2b: Lurantis|spa|2\n|move|p1b: Billy|Eruption|p2b: Lurantis|[spread] p2a,p2b\n|-resisted|p2a: Wooper\n|-supereffective|p2b: Lurantis\n|-damage|p2a: Wooper|0 fnt\n|-damage|p2b: Lurantis|0 fnt\n|faint|p2a: Wooper\n|faint|p2b: Lurantis\n|\n|-weather|SunnyDay|[upkeep]\n|upkeep\n|\n|t:|1700622442\n|switch|p2b: Umbreon|Umbreon, M|100\/100\n|switch|p2a: Dunsparce|Dunsparce, F|100\/100\n|-damage|p2b: Umbreon|88\/100|[from] Stealth Rock\n|-damage|p2a: Dunsparce|88\/100|[from] Stealth Rock\n|turn|3\n|\n|t:|1700622456\n|switch|p1b: Sus among us|Amoonguss, M|100\/100\n|move|p2b: Umbreon|Snarl|p1b: Sus among us|[spread] p1a,p1b\n|-resisted|p1a: Zassa Fisting\n|-damage|p1a: Zassa Fisting|57\/100\n|-damage|p1b: Sus among us|94\/100\n|-unboost|p1a: Zassa Fisting|spa|1\n|-unboost|p1b: Sus among us|spa|1\n|move|p1a: Zassa Fisting|Drain Punch|p2b: Umbreon\n|-supereffective|p2b: Umbreon\n|-damage|p2b: Umbreon|22\/100\n|-heal|p1a: Zassa Fisting|82\/100|[from] drain|[of] p2b: Umbreon\n|move|p2a: Dunsparce|Curse|p2a: Dunsparce\n|-unboost|p2a: Dunsparce|spe|1\n|-boost|p2a: Dunsparce|atk|1\n|-boost|p2a: Dunsparce|def|1\n|\n|-weather|SunnyDay|[upkeep]\n|-heal|p2b: Umbreon|28\/100|[from] item: Leftovers\n|-heal|p1b: Sus among us|100\/100|[from] item: Leftovers\n|upkeep\n|turn|4\n|\n|t:|1700622483\n|move|p2b: Umbreon|Rest|p2b: Umbreon\n|-status|p2b: Umbreon|slp|[from] move: Rest\n|-heal|p2b: Umbreon|100\/100 slp|[silent]\n|move|p1a: Zassa Fisting|Drain Punch|p2b: Umbreon\n|-supereffective|p2b: Umbreon\n|-damage|p2b: Umbreon|35\/100 slp\n|-heal|p1a: Zassa Fisting|100\/100|[from] drain|[of] p2b: Umbreon\n|move|p1b: Sus among us|Pollen Puff|p1a: Zassa Fisting\n|-immune|p1a: Zassa Fisting\n|move|p2a: Dunsparce|Curse|p2a: Dunsparce\n|-unboost|p2a: Dunsparce|spe|1\n|-boost|p2a: Dunsparce|atk|1\n|-boost|p2a: Dunsparce|def|1\n|\n|-weather|SunnyDay|[upkeep]\n|-heal|p2b: Umbreon|41\/100 slp|[from] item: Leftovers\n|upkeep\n|turn|5\n|\n|t:|1700622508\n|cant|p2b: Umbreon|slp\n|move|p2b: Umbreon|Sleep Talk|p2b: Umbreon\n|move|p2b: Umbreon|Snarl|p1a: Zassa Fisting|[from]move: Sleep Talk|[spread] p1b\n|-miss|p2b: Umbreon|p1a: Zassa Fisting\n|-damage|p1b: Sus among us|94\/100\n|-unboost|p1b: Sus among us|spa|1\n|move|p1a: Zassa Fisting|Drain Punch|p2a: Dunsparce\n|-supereffective|p2a: Dunsparce\n|-damage|p2a: Dunsparce|56\/100\n|move|p1b: Sus among us|Spore|p2a: Dunsparce\n|-status|p2a: Dunsparce|slp|[from] move: Spore\n|cant|p2a: Dunsparce|slp\n|\n|-weather|SunnyDay|[upkeep]\n|-heal|p2b: Umbreon|47\/100 slp|[from] item: Leftovers\n|-heal|p1b: Sus among us|99\/100|[from] item: Leftovers\n|upkeep\n|turn|6\n|\n|t:|1700622535\n|switch|p1b: AAAAAAAAA|Flutter Mane|100\/100\n|-activate|p1b: AAAAAAAAA|ability: Protosynthesis\n|-start|p1b: AAAAAAAAA|protosynthesisspa\n|cant|p2b: Umbreon|slp\n|move|p2b: Umbreon|Sleep Talk|p2b: Umbreon\n|move|p2b: Umbreon|Helping Hand|p2a: Dunsparce|[from]move: Sleep Talk\n|-singleturn|p2a: Dunsparce|Helping Hand|[of] p2b: Umbreon\n|move|p1a: Zassa Fisting|Drain Punch|p2b: Umbreon\n|-supereffective|p2b: Umbreon\n|-damage|p2b: Umbreon|0 fnt\n|faint|p2b: Umbreon\n|cant|p2a: Dunsparce|slp\n|\n|-weather|SunnyDay|[upkeep]\n|upkeep\n|\n|t:|1700622554\n|switch|p2b: Toxtricity|Toxtricity-Low-Key, M|100\/100\n|-damage|p2b: Toxtricity|88\/100|[from] Stealth Rock\n|turn|7\n|\n|t:|1700622579\n|-end|p1a: Zassa Fisting|Quark Drive|[silent]\n|switch|p1a: Heatran|Heatran, F|100\/100\n|move|p1b: AAAAAAAAA|Shadow Ball|p2b: Toxtricity\n|-damage|p2b: Toxtricity|0 fnt\n|faint|p2b: Toxtricity\n|-curestatus|p2a: Dunsparce|slp|[msg]\n|move|p2a: Dunsparce|Body Slam|p1a: Heatran\n|-resisted|p1a: Heatran\n|-damage|p1a: Heatran|83\/100\n|\n|-weather|SunnyDay|[upkeep]\n|upkeep\n|\n|t:|1700622603\n|switch|p2b: Clefable|Clefable, F|100\/100\n|-damage|p2b: Clefable|88\/100|[from] Stealth Rock\n|turn|8\n|\n|t:|1700622621\n|-end|p1b: AAAAAAAAA|Protosynthesis|[silent]\n|switch|p1b: George|Roaring Moon|100\/100\n|-activate|p1b: George|ability: Protosynthesis\n|-start|p1b: George|protosynthesisatk\n|move|p1a: Heatran|Flash Cannon|p2b: Clefable\n|-supereffective|p2b: Clefable\n|-damage|p2b: Clefable|7\/100\n|move|p2b: Clefable|Calm Mind|p2b: Clefable\n|-boost|p2b: Clefable|spa|1\n|-boost|p2b: Clefable|spd|1\n|move|p2a: Dunsparce|Body Slam|p1a: Heatran\n|-resisted|p1a: Heatran\n|-damage|p1a: Heatran|64\/100\n|-status|p1a: Heatran|par\n|\n|-weather|none\n|-end|p1b: George|Protosynthesis\n|-heal|p2b: Clefable|13\/100|[from] item: Leftovers\n|upkeep\n|turn|9\n|-message|Grimvalor forfeited.\n|\n|win|Blazegaming428\n|raw|Blazegaming428's rating: 1108 &rarr; <strong>1130<\/strong><br \/>(+22 for winning)\n|raw|Grimvalor's rating: 1063 &rarr; <strong>1046<\/strong><br \/>(-17 for losing)\n|l|\u2606Grimvalor\n","uploadtime":1700622650,"views":9,"p1id":"blazegaming428","p2id":"grimvalor","formatid":"gen9doublesou","rating":1046,"private":0,"password":""}