{"id":"gen9doublesou-1980884812","p1":"ionnss","p2":"Realblazing2","format":"[Gen 9] Doubles OU","log":"|j|\u2606ionnss\n|j|\u2606Realblazing2\n|t:|1698845827\n|gametype|doubles\n|player|p1|ionnss|pokekid-gen8|\n|player|p2|Realblazing2|hilbert|\n|teamsize|p1|6\n|teamsize|p2|6\n|gen|9\n|tier|[Gen 9] Doubles OU\n|rule|Species Clause: Limit one of each Pok\u00e9mon\n|rule|OHKO Clause: OHKO moves are banned\n|rule|Evasion Moves Clause: Evasion moves are banned\n|rule|Gravity Sleep Clause: The combination of sleep-inducing moves with imperfect accuracy and Gravity or Gigantamax Orbeetle are banned\n|rule|Endless Battle Clause: Forcing endless battles is banned\n|rule|HP Percentage Mod: HP is shown in percentages\n|clearpoke\n|poke|p1|Iron Bundle|\n|poke|p1|Heatran, F|\n|poke|p1|Rillaboom, F|\n|poke|p1|Landorus-Therian, M|\n|poke|p1|Ogerpon-Hearthflame, F|\n|poke|p1|Iron Hands|\n|poke|p2|Ninetales-Alola, F|\n|poke|p2|Ogerpon, F|\n|poke|p2|Flutter Mane|\n|poke|p2|Landorus-Therian, M|\n|poke|p2|Roaring Moon|\n|poke|p2|Heatran, F|\n|teampreview\n|inactive|Battle timer is ON: inactive players will automatically lose when time's up. (requested by ionnss)\n|c|\u2606Realblazing2|Glhf\n|c|\u2606ionnss|u2\n|c|\u2606Realblazing2|Damn you quick\n|inactive|ionnss has 270 seconds left.\n|inactive|Realblazing2 has 270 seconds left.\n|c|\u2606ionnss|very\n|inactive|ionnss has 240 seconds left.\n|\n|t:|1698845894\n|start\n|switch|p1a: Heatran|Heatran, F|100\/100\n|switch|p1b: Rillaboom|Rillaboom, F|100\/100\n|switch|p2a: Flutter Mane|Flutter Mane|100\/100\n|switch|p2b: Landorus|Landorus-Therian, M|100\/100\n|-ability|p2b: Landorus|Intimidate|boost\n|-unboost|p1a: Heatran|atk|1\n|-unboost|p1b: Rillaboom|atk|1\n|-fieldstart|move: Grassy Terrain|[from] ability: Grassy Surge|[of] p1b: Rillaboom\n|turn|1\n|j| bergenser\n|inactive|Realblazing2 has 270 seconds left.\n|\n|t:|1698845931\n|-end|p2a: Flutter Mane|Protosynthesis|[silent]\n|switch|p2a: Heatran|Heatran, F|100\/100\n|move|p1b: Rillaboom|Fake Out|p2b: Landorus\n|-damage|p2b: Landorus|91\/100\n|move|p1a: Heatran|Heat Wave|p2b: Landorus|[spread] p2b\n|-start|p2a: Heatran|ability: Flash Fire\n|-damage|p2b: Landorus|54\/100\n|-damage|p1a: Heatran|91\/100|[from] item: Life Orb\n|cant|p2b: Landorus|flinch\n|\n|-heal|p1a: Heatran|97\/100|[from] Grassy Terrain\n|upkeep\n|turn|2\n|inactive|Realblazing2 has 270 seconds left.\n|inactive|ionnss has 270 seconds left.\n|\n|t:|1698845972\n|switch|p1b: Landorus|Landorus-Therian, M|100\/100\n|-ability|p1b: Landorus|Intimidate|boost\n|-unboost|p2a: Heatran|atk|1\n|-unboost|p2b: Landorus|atk|1\n|-end|p2a: Heatran|ability: Flash Fire|[silent]\n|switch|p2a: Ninetales|Ninetales-Alola, F|100\/100\n|-weather|Snow|[from] ability: Snow Warning|[of] p2a: Ninetales\n|-terastallize|p1a: Heatran|Fairy\n|move|p1a: Heatran|Earth Power|p2a: Ninetales\n|-damage|p2a: Ninetales|53\/100\n|-damage|p1a: Heatran|87\/100|[from] item: Life Orb\n|move|p2b: Landorus|U-turn|p1b: Landorus\n|-resisted|p1b: Landorus\n|-damage|p1b: Landorus|91\/100\n|inactive|Realblazing2 has 240 seconds left.\n|inactive|Realblazing2 has 210 seconds left.\n|\n|t:|1698846029\n|switch|p2b: Flutter Mane|Flutter Mane|100\/100|[from] U-turn\n|\n|-weather|Snow|[upkeep]\n|-heal|p2a: Ninetales|59\/100|[from] Grassy Terrain\n|-heal|p1a: Heatran|93\/100|[from] Grassy Terrain\n|upkeep\n|turn|3\n|inactive|ionnss has 270 seconds left.\n|\n|t:|1698846053\n|move|p1b: Landorus|U-turn|p2b: Flutter Mane\n|-resisted|p2b: Flutter Mane\n|-damage|p2b: Flutter Mane|87\/100\n|\n|t:|1698846055\n|switch|p1b: Ogerpon|Ogerpon-Hearthflame, F|100\/100|[from] U-turn\n|-ability|p1b: Ogerpon|Mold Breaker\n|move|p2b: Flutter Mane|Dazzling Gleam|p1b: Ogerpon|[spread] p1a,p1b\n|-resisted|p1b: Ogerpon\n|-damage|p1a: Heatran|41\/100\n|-damage|p1b: Ogerpon|74\/100\n|move|p2a: Ninetales|Aurora Veil|p2a: Ninetales\n|-sidestart|p2: Realblazing2|move: Aurora Veil\n|move|p1a: Heatran|Heat Wave|p2b: Flutter Mane|[spread] p2a,p2b\n|-supereffective|p2a: Ninetales\n|-damage|p2a: Ninetales|0 fnt\n|-damage|p2b: Flutter Mane|52\/100\n|faint|p2a: Ninetales\n|-damage|p1a: Heatran|31\/100|[from] item: Life Orb\n|\n|-weather|Snow|[upkeep]\n|-heal|p2b: Flutter Mane|58\/100|[from] Grassy Terrain\n|-heal|p1b: Ogerpon|80\/100|[from] Grassy Terrain\n|-heal|p1a: Heatran|38\/100|[from] Grassy Terrain\n|upkeep\n|\n|t:|1698846076\n|switch|p2a: Roaring Moon|Roaring Moon|100\/100\n|-enditem|p2a: Roaring Moon|Booster Energy\n|-activate|p2a: Roaring Moon|ability: Protosynthesis|[fromitem]\n|-start|p2a: Roaring Moon|protosynthesisspe\n|turn|4\n|inactive|ionnss has 270 seconds left.\n|\n|t:|1698846114\n|switch|p1a: Landorus|Landorus-Therian, M|91\/100\n|-ability|p1a: Landorus|Intimidate|boost\n|-unboost|p2a: Roaring Moon|atk|1\n|-unboost|p2b: Flutter Mane|atk|1\n|move|p2a: Roaring Moon|Acrobatics|p1b: Ogerpon\n|-supereffective|p1b: Ogerpon\n|-damage|p1b: Ogerpon|20\/100\n|move|p2b: Flutter Mane|Dazzling Gleam|p1a: Landorus|[spread] p1a,p1b\n|-resisted|p1b: Ogerpon\n|-damage|p1a: Landorus|26\/100\n|-damage|p1b: Ogerpon|0 fnt\n|faint|p1b: Ogerpon\n|\n|-weather|Snow|[upkeep]\n|-heal|p2b: Flutter Mane|64\/100|[from] Grassy Terrain\n|upkeep\n|\n|t:|1698846137\n|switch|p1b: Iron Hands|Iron Hands|100\/100\n|turn|5\n|inactive|ionnss has 270 seconds left.\n|inactive|Realblazing2 has 240 seconds left.\n|inactive|Realblazing2 has 210 seconds left.\n|\n|t:|1698846209\n|switch|p1a: Heatran|Heatran, F, tera:Fairy|38\/100\n|move|p2a: Roaring Moon|Knock Off|p1b: Iron Hands\n|-resisted|p1b: Iron Hands\n|-damage|p1b: Iron Hands|89\/100\n|-enditem|p1b: Iron Hands|Assault Vest|[from] move: Knock Off|[of] p2a: Roaring Moon\n|move|p2b: Flutter Mane|Dazzling Gleam|p1b: Iron Hands|[spread] p1a,p1b\n|-supereffective|p1b: Iron Hands\n|-damage|p1a: Heatran|0 fnt\n|-damage|p1b: Iron Hands|17\/100\n|faint|p1a: Heatran\n|move|p1b: Iron Hands|Heavy Slam|p2b: Flutter Mane\n|-supereffective|p2b: Flutter Mane\n|-damage|p2b: Flutter Mane|0 fnt\n|faint|p2b: Flutter Mane\n|-end|p2b: Flutter Mane|Protosynthesis|[silent]\n|\n|-weather|Snow|[upkeep]\n|-heal|p1b: Iron Hands|23\/100|[from] Grassy Terrain\n|-fieldend|move: Grassy Terrain\n|upkeep\n|inactive|Realblazing2 has 210 seconds left.\n|inactive|ionnss has 270 seconds left.\n|\n|t:|1698846240\n|switch|p2b: Ogerpon|Ogerpon, F|100\/100\n|switch|p1a: Iron Bundle|Iron Bundle|100\/100\n|-enditem|p1a: Iron Bundle|Booster Energy\n|-activate|p1a: Iron Bundle|ability: Quark Drive|[fromitem]\n|-start|p1a: Iron Bundle|quarkdrivespe\n|turn|6\n|inactive|ionnss has 270 seconds left.\n|inactive|Realblazing2 has 210 seconds left.\n|inactive|Realblazing2 has 180 seconds left.\n|inactive|Realblazing2 has 150 seconds left.\n|\n|t:|1698846340\n|-end|p2a: Roaring Moon|Protosynthesis|[silent]\n|switch|p2a: Landorus|Landorus-Therian, M|54\/100\n|-ability|p2a: Landorus|Intimidate|boost\n|-unboost|p1a: Iron Bundle|atk|1\n|-unboost|p1b: Iron Hands|atk|1\n|-terastallize|p2b: Ogerpon|Grass\n|detailschange|p2b: Ogerpon|Ogerpon-Teal-Tera, F, tera:Grass\n|-ability|p2b: Ogerpon|Embody Aspect (Teal)|boost\n|-boost|p2b: Ogerpon|spe|1\n|move|p1a: Iron Bundle|Freeze-Dry|p2b: Ogerpon\n|-supereffective|p2b: Ogerpon\n|-damage|p2b: Ogerpon|43\/100\n|-status|p2b: Ogerpon|frz\n|cant|p2b: Ogerpon|frz\n|move|p1b: Iron Hands|Drain Punch|p2a: Landorus\n|-resisted|p2a: Landorus\n|-damage|p2a: Landorus|44\/100\n|-heal|p1b: Iron Hands|27\/100|[from] drain|[of] p2a: Landorus\n|\n|-weather|none\n|upkeep\n|turn|7\n|inactive|Realblazing2 has 150 seconds left.\n|c|\u2606ionnss|Mb\n|inactive|ionnss has 270 seconds left.\n|\n|t:|1698846374\n|switch|p2a: Heatran|Heatran, F|100\/100\n|-end|p1b: Iron Hands|Quark Drive|[silent]\n|switch|p1b: Landorus|Landorus-Therian, M|26\/100\n|-ability|p1b: Landorus|Intimidate|boost\n|-unboost|p2a: Heatran|atk|1\n|-unboost|p2b: Ogerpon|atk|1\n|move|p1a: Iron Bundle|Icy Wind|p2b: Ogerpon|[spread] p2b\n|-miss|p1a: Iron Bundle|p2a: Heatran\n|-supereffective|p2b: Ogerpon\n|-damage|p2b: Ogerpon|14\/100 frz\n|-unboost|p2b: Ogerpon|spe|1\n|cant|p2b: Ogerpon|frz\n|\n|upkeep\n|turn|8\n|inactive|ionnss has 270 seconds left.\n|inactive|Realblazing2 has 150 seconds left.\n|\n|t:|1698846399\n|switch|p2b: Landorus|Landorus-Therian, M|44\/100\n|-ability|p2b: Landorus|Intimidate|boost\n|-unboost|p1a: Iron Bundle|atk|1\n|-unboost|p1b: Landorus|atk|1\n|move|p1a: Iron Bundle|Icy Wind|p2a: Heatran|[spread] p2a,p2b\n|-resisted|p2a: Heatran\n|-supereffective|p2b: Landorus\n|-damage|p2a: Heatran|97\/100\n|-damage|p2b: Landorus|9\/100\n|-unboost|p2b: Landorus|spe|1\n|move|p1b: Landorus|Stomping Tantrum|p2a: Heatran\n|-supereffective|p2a: Heatran\n|-damage|p2a: Heatran|30\/100\n|move|p2a: Heatran|Heat Wave|p1a: Iron Bundle|[spread] p1a,p1b\n|-damage|p1a: Iron Bundle|18\/100\n|-damage|p1b: Landorus|0 fnt\n|faint|p1b: Landorus\n|\n|upkeep\n|inactive|ionnss has 240 seconds left.\n|\n|t:|1698846453\n|switch|p1b: Rillaboom|Rillaboom, F|100\/100\n|-fieldstart|move: Grassy Terrain|[from] ability: Grassy Surge|[of] p1b: Rillaboom\n|turn|9\n|\n|t:|1698846466\n|switch|p2a: Ogerpon|Ogerpon-Teal-Tera, F, tera:Grass|14\/100 frz\n|-ability|p2a: Ogerpon|Embody Aspect (Teal)|boost\n|-boost|p2a: Ogerpon|spe|1\n|move|p1b: Rillaboom|Grassy Glide|p2b: Landorus\n|-damage|p2b: Landorus|0 fnt\n|faint|p2b: Landorus\n|move|p1a: Iron Bundle|Hydro Pump|p2a: Ogerpon|[miss]\n|-miss|p1a: Iron Bundle|p2a: Ogerpon\n|\n|-heal|p1a: Iron Bundle|24\/100|[from] Grassy Terrain\n|-heal|p2a: Ogerpon|20\/100 frz|[from] Grassy Terrain\n|upkeep\n|\n|t:|1698846476\n|switch|p2b: Roaring Moon|Roaring Moon|100\/100\n|turn|10\n|\n|t:|1698846490\n|move|p1a: Iron Bundle|Protect|p1a: Iron Bundle\n|-singleturn|p1a: Iron Bundle|Protect\n|cant|p2a: Ogerpon|frz\n|move|p2b: Roaring Moon|Tailwind|p2b: Roaring Moon\n|-sidestart|p2: Realblazing2|move: Tailwind\n|move|p1b: Rillaboom|U-turn|p2b: Roaring Moon\n|-supereffective|p2b: Roaring Moon\n|-damage|p2b: Roaring Moon|62\/100\n|\n|t:|1698846497\n|switch|p1b: Iron Hands|Iron Hands|27\/100|[from] U-turn\n|\n|-heal|p2a: Ogerpon|26\/100 frz|[from] Grassy Terrain\n|-heal|p2b: Roaring Moon|68\/100|[from] Grassy Terrain\n|-heal|p1a: Iron Bundle|30\/100|[from] Grassy Terrain\n|-heal|p1b: Iron Hands|34\/100|[from] Grassy Terrain\n|-sideend|p2: Realblazing2|move: Aurora Veil\n|upkeep\n|turn|11\n|\n|t:|1698846512\n|move|p1b: Iron Hands|Fake Out|p2b: Roaring Moon\n|-crit|p2b: Roaring Moon\n|-damage|p2b: Roaring Moon|37\/100\n|cant|p2a: Ogerpon|frz\n|cant|p2b: Roaring Moon|flinch\n|move|p1a: Iron Bundle|Icy Wind|p2b: Roaring Moon|[spread] p2a,p2b\n|-supereffective|p2a: Ogerpon\n|-supereffective|p2b: Roaring Moon\n|-damage|p2a: Ogerpon|0 fnt\n|-damage|p2b: Roaring Moon|0 fnt\n|faint|p2a: Ogerpon\n|faint|p2b: Roaring Moon\n|-end|p2b: Roaring Moon|Protosynthesis|[silent]\n|\n|-heal|p1a: Iron Bundle|36\/100|[from] Grassy Terrain\n|-heal|p1b: Iron Hands|40\/100|[from] Grassy Terrain\n|upkeep\n|\n|t:|1698846517\n|switch|p2b: Heatran|Heatran, F|30\/100\n|turn|12\n|c|\u2606Realblazing2|Gg1\n|\n|t:|1698846523\n|move|p1a: Iron Bundle|Hydro Pump|p2b: Heatran\n|-supereffective|p2b: Heatran\n|-damage|p2b: Heatran|0 fnt\n|faint|p2b: Heatran\n|\n|win|ionnss\n|c|\u2606ionnss|gg\n|c|\u2606ionnss|mb for haz\n|c|\u2606ionnss|hax\n","uploadtime":1698846527,"views":20,"p1id":"ionnss","p2id":"realblazing2","formatid":"gen9doublesou","rating":0,"private":0,"password":""}