{"id":"gen9doublesou-1999828693","p1":"doodoodfgh","p2":"ombrax","format":"[Gen 9] Doubles OU","log":"|j|\u2606doodoodfgh\n|j|\u2606ombrax\n|inactive|Battle timer is ON: inactive players will automatically lose when time's up.\n|t:|1701120546\n|gametype|doubles\n|player|p1|doodoodfgh|266|\n|player|p2|ombrax|hilbert|\n|teamsize|p1|6\n|teamsize|p2|6\n|gen|9\n|tier|[Gen 9] Doubles OU\n|rated|Tournament battle\n|rule|Species Clause: Limit one of each Pok\u00e9mon\n|rule|OHKO Clause: OHKO moves are banned\n|rule|Evasion Moves Clause: Evasion moves are banned\n|rule|Gravity Sleep Clause: The combination of sleep-inducing moves with imperfect accuracy and Gravity or Gigantamax Orbeetle are banned\n|rule|Endless Battle Clause: Forcing endless battles is banned\n|rule|HP Percentage Mod: HP is shown in percentages\n|clearpoke\n|poke|p1|Cleffa, M|\n|poke|p1|Fidough, M|\n|poke|p1|Pawniard, F|\n|poke|p1|Capsakid, F|\n|poke|p1|Mienfoo, F|\n|poke|p1|Clauncher, M|\n|poke|p2|Skeledirge, M|\n|poke|p2|Dratini, F|\n|poke|p2|Finneon, F|\n|poke|p2|Lotad, M|\n|poke|p2|Dreepy, F|\n|poke|p2|Deerling, M|\n|teampreview\n|j|*Lady Monita \u2746\n|j| Agent T 37\n|j| jfebhjbeebhjf\n|j| Raccoonator\n|j| Frozonoba\n|\n|t:|1701120564\n|start\n|switch|p1a: Cleffa|Cleffa, M|100\/100\n|switch|p1b: Mienfoo|Mienfoo, F|100\/100\n|switch|p2a: Dreepy|Dreepy, F|100\/100\n|switch|p2b: Lotad|Lotad, M|100\/100\n|turn|1\n|c| Raccoonator|How do you still have dirge\n|j| Single Mothers\n|l| Agent T 37\n|inactive|ombrax has 120 seconds left.\n|\n|t:|1701120599\n|move|p2b: Lotad|Protect|p2b: Lotad\n|-singleturn|p2b: Lotad|Protect\n|move|p1b: Mienfoo|Fake Out|p2b: Lotad\n|-activate|p2b: Lotad|move: Protect\n|move|p2a: Dreepy|Thunder Wave|p1b: Mienfoo\n|-status|p1b: Mienfoo|par\n|move|p1a: Cleffa|Dazzling Gleam|p2a: Dreepy|[spread] p2a\n|-activate|p2b: Lotad|move: Protect\n|-supereffective|p2a: Dreepy\n|-damage|p2a: Dreepy|54\/100\n|\n|upkeep\n|turn|2\n|\n|t:|1701120615\n|move|p2a: Dreepy|Protect|p2a: Dreepy\n|-singleturn|p2a: Dreepy|Protect\n|move|p2b: Lotad|Icy Wind|p1b: Mienfoo|[spread] p1a,p1b\n|-damage|p1a: Cleffa|94\/100\n|-damage|p1b: Mienfoo|89\/100 par\n|-unboost|p1a: Cleffa|spe|1\n|-unboost|p1b: Mienfoo|spe|1\n|move|p1b: Mienfoo|U-turn|p2b: Lotad\n|-supereffective|p2b: Lotad\n|-damage|p2b: Lotad|0 fnt\n|faint|p2b: Lotad\n|-damage|p1b: Mienfoo|79\/100 par|[from] item: Life Orb\n|c|\u2606doodoodfgh|ong man dirge is gonna be annoying :((\n|\n|t:|1701120632\n|switch|p1b: Clauncher|Clauncher, M|100\/100|[from] U-turn\n|move|p1a: Cleffa|Icy Wind|p2a: Dreepy\n|-activate|p2a: Dreepy|move: Protect\n|\n|upkeep\n|\n|t:|1701120637\n|switch|p2b: Deerling|Deerling, M|100\/100\n|turn|3\n|\n|t:|1701120656\n|switch|p1b: Capsakid|Capsakid, F|100\/100\n|move|p2a: Dreepy|Thunder Wave|p1a: Cleffa\n|-status|p1a: Cleffa|par\n|move|p2b: Deerling|Seed Bomb|p1b: Capsakid\n|-resisted|p1b: Capsakid\n|-damage|p1b: Capsakid|85\/100\n|cant|p1a: Cleffa|par\n|\n|upkeep\n|turn|4\n|j| koffingwoffing\n|\n|t:|1701120669\n|move|p2a: Dreepy|Infestation|p1b: Capsakid\n|-supereffective|p1b: Capsakid\n|-damage|p1b: Capsakid|81\/100\n|-activate|p1b: Capsakid|move: Infestation|[of] p2a: Dreepy\n|move|p2b: Deerling|Headbutt|p1b: Capsakid\n|-damage|p1b: Capsakid|54\/100\n|move|p1b: Capsakid|Substitute|p1b: Capsakid\n|-start|p1b: Capsakid|Substitute\n|-end|p1b: Capsakid|Infestation|[partiallytrapped]|[silent]\n|-damage|p1b: Capsakid|29\/100\n|cant|p1a: Cleffa|par\n|\n|upkeep\n|turn|5\n|j| HunterBear4\n|\n|t:|1701120682\n|move|p2a: Dreepy|Infestation|p1a: Cleffa\n|-resisted|p1a: Cleffa\n|-damage|p1a: Cleffa|93\/100 par\n|-activate|p1a: Cleffa|move: Infestation|[of] p2a: Dreepy\n|move|p2b: Deerling|Headbutt|p1b: Capsakid\n|-end|p1b: Capsakid|Substitute\n|move|p1b: Capsakid|Leech Seed|p2a: Dreepy\n|-start|p2a: Dreepy|move: Leech Seed\n|move|p1a: Cleffa|Thunder Wave|p2b: Deerling\n|-status|p2b: Deerling|par\n|\n|-damage|p2a: Dreepy|42\/100|[from] Leech Seed|[of] p1b: Capsakid\n|-heal|p1b: Capsakid|39\/100|[silent]\n|-damage|p1a: Cleffa|81\/100 par|[from] move: Infestation|[partiallytrapped]\n|upkeep\n|turn|6\n|l| Raccoonator\n|\n|t:|1701120708\n|move|p1b: Capsakid|Protect|p1b: Capsakid\n|-singleturn|p1b: Capsakid|Protect\n|move|p2a: Dreepy|Curse|p1a: Cleffa\n|-start|p1a: Cleffa|Curse|[of] p2a: Dreepy\n|-damage|p2a: Dreepy|0 fnt\n|faint|p2a: Dreepy\n|move|p2b: Deerling|Headbutt|p1b: Capsakid\n|-activate|p1b: Capsakid|move: Protect\n|move|p1a: Cleffa|Icy Wind|p2b: Deerling\n|-supereffective|p2b: Deerling\n|-damage|p2b: Deerling|82\/100 par\n|-unboost|p2b: Deerling|spe|1\n|\n|-damage|p1a: Cleffa|56\/100 par|[from] Curse\n|-end|p1a: Cleffa|Infestation|[partiallytrapped]|[silent]\n|upkeep\n|inactive|ombrax has 120 seconds left.\n|\n|t:|1701120721\n|switch|p2a: Skeledirge|Skeledirge, M|100\/100\n|turn|7\n|\n|t:|1701120729\n|switch|p1a: Fidough|Fidough, M, shiny|100\/100\n|move|p2a: Skeledirge|Torch Song|p1a: Fidough\n|-damage|p1a: Fidough|50\/100\n|-boost|p2a: Skeledirge|spa|1\n|-enditem|p2a: Skeledirge|Throat Spray\n|-boost|p2a: Skeledirge|spa|1|[from] item: Throat Spray\n|move|p1b: Capsakid|Leech Seed|p2a: Skeledirge\n|-start|p2a: Skeledirge|move: Leech Seed\n|move|p2b: Deerling|Headbutt|p1b: Capsakid\n|-damage|p1b: Capsakid|2\/100\n|\n|-damage|p2a: Skeledirge|88\/100|[from] Leech Seed|[of] p1b: Capsakid\n|-heal|p1b: Capsakid|19\/100|[silent]\n|upkeep\n|turn|8\n|\n|t:|1701120741\n|move|p1b: Capsakid|Rage Powder|p1b: Capsakid\n|-singleturn|p1b: Capsakid|move: Rage Powder\n|move|p2a: Skeledirge|Heat Wave|p1a: Fidough|[spread] p1a,p1b\n|-supereffective|p1b: Capsakid\n|-damage|p1a: Fidough|0 fnt\n|-damage|p1b: Capsakid|0 fnt\n|faint|p1a: Fidough\n|faint|p1b: Capsakid\n|cant|p2b: Deerling|par\n|\n|upkeep\n|j| Raccoonator\n|\n|t:|1701120757\n|switch|p1a: Clauncher|Clauncher, M|100\/100\n|switch|p1b: Cleffa|Cleffa, M|56\/100 par\n|turn|9\n|\n|t:|1701120767\n|move|p2a: Skeledirge|Heat Wave|p1a: Clauncher|[spread] p1a,p1b\n|-resisted|p1a: Clauncher\n|-damage|p1a: Clauncher|55\/100\n|-damage|p1b: Cleffa|1\/100 par\n|move|p1a: Clauncher|Water Pulse|p2a: Skeledirge\n|-supereffective|p2a: Skeledirge\n|-damage|p2a: Skeledirge|0 fnt\n|faint|p2a: Skeledirge\n|move|p2b: Deerling|Seed Bomb|p1a: Clauncher\n|-supereffective|p1a: Clauncher\n|-damage|p1a: Clauncher|0 fnt\n|faint|p1a: Clauncher\n|cant|p1b: Cleffa|par\n|\n|upkeep\n|\n|t:|1701120776\n|switch|p2a: Finneon|Finneon, F|100\/100\n|switch|p1a: Mienfoo|Mienfoo, F|100\/100 par\n|turn|10\n|l| jfebhjbeebhjf\n|\n|t:|1701120785\n|move|p1a: Mienfoo|Fake Out|p2a: Finneon\n|-damage|p2a: Finneon|81\/100\n|-damage|p1a: Mienfoo|91\/100 par|[from] item: Life Orb\n|cant|p2a: Finneon|flinch\n|move|p2b: Deerling|Headbutt|p1b: Cleffa\n|-damage|p1b: Cleffa|0 fnt\n|faint|p1b: Cleffa\n|\n|upkeep\n|\n|t:|1701120788\n|switch|p1b: Pawniard|Pawniard, F|100\/100\n|turn|11\n|\n|t:|1701120806\n|move|p2a: Finneon|Tailwind|p2a: Finneon\n|-sidestart|p2: ombrax|move: Tailwind\n|move|p1b: Pawniard|Night Slash|p2a: Finneon\n|-damage|p2a: Finneon|22\/100\n|move|p2b: Deerling|Thunder Wave|p1b: Pawniard\n|-status|p1b: Pawniard|par\n|move|p1a: Mienfoo|Close Combat|p2b: Deerling\n|-supereffective|p2b: Deerling\n|-damage|p2b: Deerling|0 fnt\n|-unboost|p1a: Mienfoo|def|1\n|-unboost|p1a: Mienfoo|spd|1\n|faint|p2b: Deerling\n|-damage|p1a: Mienfoo|81\/100 par|[from] item: Life Orb\n|\n|upkeep\n|\n|t:|1701120815\n|switch|p2b: Dratini|Dratini, F|100\/100\n|turn|12\n|j| jfebhjbeebhjf\n|j| Asdfmeow\n|l| Asdfmeow\n|\n|t:|1701120834\n|-terastallize|p1a: Mienfoo|Fighting\n|move|p2b: Dratini|Outrage|p1a: Mienfoo\n|-damage|p1a: Mienfoo|0 fnt\n|faint|p1a: Mienfoo\n|move|p2a: Finneon|Chilling Water|p1b: Pawniard\n|-crit|p1b: Pawniard\n|-damage|p1b: Pawniard|41\/100 par\n|-unboost|p1b: Pawniard|atk|1\n|-ability|p1b: Pawniard|Defiant|boost\n|-boost|p1b: Pawniard|atk|2\n|move|p1b: Pawniard|Night Slash|p2a: Finneon\n|-damage|p2a: Finneon|0 fnt\n|faint|p2a: Finneon\n|\n|upkeep\n|turn|13\n|\n|t:|1701120843\n|move|p2b: Dratini|Outrage|p1b: Pawniard|[from]lockedmove\n|-resisted|p1b: Pawniard\n|-crit|p1b: Pawniard\n|-damage|p1b: Pawniard|0 fnt\n|faint|p1b: Pawniard\n|-start|p2b: Dratini|confusion|[fatigue]\n|\n|win|ombrax\n|n|\u2606doodoodfgh|doodoodfgh\n|n|\u2606ombrax|ombrax\n|n|*Lady Monita \u2746|ladymonita\n|n| Frozonoba|frozonoba\n|n| Single Mothers|singlemothers\n|n| koffingwoffing|koffingwoffing\n|n| HunterBear4|hunterbear4\n|n| Raccoonator|raccoonator\n|n| jfebhjbeebhjf|jfebhjbeebhjf\n","uploadtime":1701120844,"views":3,"p1id":"doodoodfgh","p2id":"ombrax","formatid":"gen9doublesou","rating":0,"private":0,"password":""}