{"id":"gen9doublesou-1989171962","p1":"Cristaldu41","p2":"Novaveran","format":"[Gen 9] Doubles OU","log":"|j|\u2606Cristaldu41\n|j|\u2606Novaveran\n|t:|1699819815\n|gametype|doubles\n|player|p1|Cristaldu41|266|1406\n|player|p2|Novaveran|burgh|1388\n|teamsize|p1|6\n|teamsize|p2|6\n|gen|9\n|tier|[Gen 9] Doubles OU\n|rated|\n|rule|Species Clause: Limit one of each Pok\u00e9mon\n|rule|OHKO Clause: OHKO moves are banned\n|rule|Evasion Moves Clause: Evasion moves are banned\n|rule|Gravity Sleep Clause: The combination of sleep-inducing moves with imperfect accuracy and Gravity or Gigantamax Orbeetle are banned\n|rule|Endless Battle Clause: Forcing endless battles is banned\n|rule|HP Percentage Mod: HP is shown in percentages\n|clearpoke\n|poke|p1|Chien-Pao|\n|poke|p1|Flutter Mane|\n|poke|p1|Tornadus, M|\n|poke|p1|Dragonite, M|\n|poke|p1|Kingambit, F|\n|poke|p1|Sinistcha-Masterpiece|\n|poke|p2|Ursaluna-Bloodmoon, M|\n|poke|p2|Oranguru, F|\n|poke|p2|Snorlax, F|\n|poke|p2|Sinistcha|\n|poke|p2|Hoopa-Unbound|\n|poke|p2|Rillaboom, M|\n|teampreview\n|inactive|Battle timer is ON: inactive players will automatically lose when time's up. (requested by Novaveran)\n|\n|t:|1699819836\n|start\n|switch|p1a: Tornadus|Tornadus, M|100\/100\n|switch|p1b: Chien-Pao|Chien-Pao|100\/100\n|switch|p2a: Oranguru|Oranguru, F|100\/100\n|switch|p2b: Snorlax|Snorlax, F|100\/100\n|-ability|p1b: Chien-Pao|Sword of Ruin\n|turn|1\n|\n|t:|1699819856\n|move|p1a: Tornadus|Taunt|p2b: Snorlax\n|-start|p2b: Snorlax|move: Taunt\n|move|p1b: Chien-Pao|Sacred Sword|p2b: Snorlax\n|-supereffective|p2b: Snorlax\n|-damage|p2b: Snorlax|4\/100\n|-enditem|p2b: Snorlax|Sitrus Berry|[eat]\n|-heal|p2b: Snorlax|29\/100|[from] item: Sitrus Berry\n|move|p2b: Snorlax|Body Slam|p1b: Chien-Pao\n|-damage|p1b: Chien-Pao|45\/100\n|move|p2a: Oranguru|Trick Room|p2a: Oranguru\n|-fieldstart|move: Trick Room|[of] p2a: Oranguru\n|\n|upkeep\n|turn|2\n|\n|t:|1699819878\n|move|p1b: Chien-Pao|Protect|p1b: Chien-Pao\n|-singleturn|p1b: Chien-Pao|Protect\n|move|p2b: Snorlax|Body Slam|p1b: Chien-Pao\n|-activate|p1b: Chien-Pao|move: Protect\n|move|p2a: Oranguru|Instruct|p2b: Snorlax\n|-singleturn|p2b: Snorlax|move: Instruct|[of] p2a: Oranguru\n|move|p2b: Snorlax|Body Slam|p1b: Chien-Pao\n|-activate|p1b: Chien-Pao|move: Protect\n|move|p1a: Tornadus|Bleakwind Storm|p2b: Snorlax|[spread] p2a,p2b\n|-damage|p2a: Oranguru|78\/100\n|-damage|p2b: Snorlax|7\/100\n|\n|upkeep\n|turn|3\n|\n|t:|1699819894\n|move|p1b: Chien-Pao|Sucker Punch|p2b: Snorlax\n|-damage|p2b: Snorlax|0 fnt\n|faint|p2b: Snorlax\n|move|p2a: Oranguru|Rock Slide|p1b: Chien-Pao|[spread] p1b\n|-miss|p2a: Oranguru|p1a: Tornadus\n|-supereffective|p1b: Chien-Pao\n|-damage|p1b: Chien-Pao|19\/100\n|move|p1a: Tornadus|Bleakwind Storm|p2a: Oranguru\n|-damage|p2a: Oranguru|50\/100\n|\n|upkeep\n|inactive|Novaveran has 120 seconds left.\n|\n|t:|1699819915\n|switch|p2b: Hoopa|Hoopa-Unbound|100\/100\n|turn|4\n|\n|t:|1699819926\n|move|p1b: Chien-Pao|Sucker Punch|p2a: Oranguru\n|-supereffective|p2a: Oranguru\n|-damage|p2a: Oranguru|0 fnt\n|faint|p2a: Oranguru\n|move|p2b: Hoopa|Hyperspace Fury|p1b: Chien-Pao\n|-resisted|p1b: Chien-Pao\n|-damage|p1b: Chien-Pao|0 fnt\n|-unboost|p2b: Hoopa|def|1\n|faint|p1b: Chien-Pao\n|move|p1a: Tornadus|Bleakwind Storm|p2b: Hoopa|[miss]\n|-miss|p1a: Tornadus|p2b: Hoopa\n|\n|upkeep\n|\n|t:|1699819941\n|switch|p2a: Ursaluna|Ursaluna-Bloodmoon, M|100\/100\n|switch|p1b: Dragonite|Dragonite, M|100\/100\n|turn|5\n|\n|t:|1699819960\n|move|p2a: Ursaluna|Blood Moon|p1a: Tornadus\n|-damage|p1a: Tornadus|24\/100\n|move|p2b: Hoopa|Fling|p1b: Dragonite\n|-damage|p1b: Dragonite|58\/100\n|-enditem|p2b: Hoopa|Iron Ball|[from] move: Fling\n|move|p1a: Tornadus|Bleakwind Storm|p2b: Hoopa|[spread] p2b\n|-miss|p1a: Tornadus|p2a: Ursaluna\n|-damage|p2b: Hoopa|75\/100\n|move|p1b: Dragonite|Ice Spinner|p2a: Ursaluna\n|-supereffective|p2a: Ursaluna\n|-damage|p2a: Ursaluna|45\/100\n|\n|-fieldend|move: Trick Room\n|upkeep\n|turn|6\n|\n|t:|1699819978\n|-terastallize|p2a: Ursaluna|Fairy\n|move|p1b: Dragonite|Ice Spinner|p2a: Ursaluna\n|-damage|p2a: Ursaluna|16\/100\n|-enditem|p2a: Ursaluna|Aguav Berry|[eat]\n|-heal|p2a: Ursaluna|50\/100|[from] item: Aguav Berry\n|move|p1a: Tornadus|Bleakwind Storm|p2b: Hoopa|[spread] p2b\n|-miss|p1a: Tornadus|p2a: Ursaluna\n|-damage|p2b: Hoopa|46\/100\n|move|p2b: Hoopa|Hyperspace Fury|p1b: Dragonite\n|-damage|p1b: Dragonite|0 fnt\n|-unboost|p2b: Hoopa|def|1\n|faint|p1b: Dragonite\n|move|p2a: Ursaluna|Moonlight|p2a: Ursaluna\n|-heal|p2a: Ursaluna|99\/100\n|\n|upkeep\n|\n|t:|1699819996\n|switch|p1b: Sinistcha|Sinistcha-Masterpiece|100\/100\n|-heal|p1a: Tornadus|49\/100|[from] ability: Hospitality|[of] p1b: Sinistcha\n|turn|7\n|\n|t:|1699820004\n|move|p1a: Tornadus|Bleakwind Storm|p2a: Ursaluna|[spread] p2a,p2b\n|-damage|p2a: Ursaluna|54\/100\n|-damage|p2b: Hoopa|18\/100\n|move|p2b: Hoopa|Hyperspace Fury|p1b: Sinistcha\n|-supereffective|p1b: Sinistcha\n|-damage|p1b: Sinistcha|12\/100\n|-unboost|p2b: Hoopa|def|1\n|-item|p2b: Hoopa|Leftovers|[from] ability: Magician|[of] p1b: Sinistcha\n|move|p1b: Sinistcha|Matcha Gotcha|p2b: Hoopa|[spread] p2a,p2b\n|-damage|p2a: Ursaluna|26\/100\n|-heal|p1b: Sinistcha|29\/100|[from] drain|[of] p2a: Ursaluna\n|-damage|p2b: Hoopa|1\/100\n|-heal|p1b: Sinistcha|38\/100|[from] drain|[of] p2b: Hoopa\n|move|p2a: Ursaluna|Moonblast|p1a: Tornadus\n|-damage|p1a: Tornadus|0 fnt\n|faint|p1a: Tornadus\n|\n|-heal|p2b: Hoopa|7\/100|[from] item: Leftovers\n|upkeep\n|\n|t:|1699820021\n|switch|p1a: Flutter Mane|Flutter Mane|100\/100\n|turn|8\n|\n|t:|1699820026\n|move|p2b: Hoopa|Ally Switch|p2b: Hoopa\n|swap|p2b: Hoopa|0|[from] move: Ally Switch\n|move|p1a: Flutter Mane|Moonblast|p2b: Ursaluna\n|-damage|p2b: Ursaluna|0 fnt\n|faint|p2b: Ursaluna\n|move|p1b: Sinistcha|Matcha Gotcha|p2a: Hoopa\n|-damage|p2a: Hoopa|0 fnt\n|-heal|p1b: Sinistcha|42\/100|[from] drain|[of] p2a: Hoopa\n|faint|p2a: Hoopa\n|\n|upkeep\n|\n|t:|1699820035\n|switch|p2a: Sinistcha|Sinistcha|100\/100\n|switch|p2b: Rillaboom|Rillaboom, M|100\/100\n|-fieldstart|move: Grassy Terrain|[from] ability: Grassy Surge|[of] p2b: Rillaboom\n|turn|9\n|\n|t:|1699820047\n|move|p2b: Rillaboom|Grassy Glide|p1a: Flutter Mane\n|-damage|p1a: Flutter Mane|6\/100\n|move|p1a: Flutter Mane|Moonblast|p2a: Sinistcha\n|-damage|p2a: Sinistcha|14\/100\n|-unboost|p2a: Sinistcha|spa|1\n|move|p1b: Sinistcha|Strength Sap|p2b: Rillaboom\n|-unboost|p2b: Rillaboom|atk|1\n|-heal|p1b: Sinistcha|100\/100\n|move|p2a: Sinistcha|Trick Room|p2a: Sinistcha\n|-fieldstart|move: Trick Room|[of] p2a: Sinistcha\n|-enditem|p2b: Rillaboom|Room Service\n|-unboost|p2b: Rillaboom|spe|1|[from] item: Room Service\n|\n|-heal|p2a: Sinistcha|20\/100|[from] Grassy Terrain\n|-heal|p1a: Flutter Mane|12\/100|[from] Grassy Terrain\n|upkeep\n|turn|10\n|\n|t:|1699820070\n|move|p1b: Sinistcha|Rage Powder|p1b: Sinistcha\n|-singleturn|p1b: Sinistcha|move: Rage Powder\n|move|p2b: Rillaboom|Bulk Up|p2b: Rillaboom\n|-boost|p2b: Rillaboom|atk|1\n|-boost|p2b: Rillaboom|def|1\n|move|p2a: Sinistcha|Shadow Ball|p1a: Flutter Mane\n|-supereffective|p1a: Flutter Mane\n|-damage|p1a: Flutter Mane|0 fnt\n|faint|p1a: Flutter Mane\n|-end|p1a: Flutter Mane|Protosynthesis|[silent]\n|\n|-heal|p2a: Sinistcha|27\/100|[from] Grassy Terrain\n|upkeep\n|\n|t:|1699820084\n|switch|p1a: Kingambit|Kingambit, F|100\/100\n|turn|11\n|\n|t:|1699820097\n|move|p2b: Rillaboom|High Horsepower|p1a: Kingambit\n|-supereffective|p1a: Kingambit\n|-damage|p1a: Kingambit|43\/100\n|move|p2a: Sinistcha|Shadow Ball|p1b: Sinistcha\n|-supereffective|p1b: Sinistcha\n|-damage|p1b: Sinistcha|28\/100\n|-unboost|p1b: Sinistcha|spd|1\n|move|p1b: Sinistcha|Matcha Gotcha|p2b: Rillaboom|[spread] p2a,p2b\n|-resisted|p2a: Sinistcha\n|-resisted|p2b: Rillaboom\n|-damage|p2a: Sinistcha|8\/100\n|-heal|p1b: Sinistcha|37\/100|[from] drain|[of] p2a: Sinistcha\n|-damage|p2b: Rillaboom|86\/100\n|-heal|p1b: Sinistcha|44\/100|[from] drain|[of] p2b: Rillaboom\n|-status|p2a: Sinistcha|brn\n|-status|p2b: Rillaboom|brn\n|move|p1a: Kingambit|Kowtow Cleave|p2b: Rillaboom\n|-damage|p2b: Rillaboom|43\/100 brn\n|\n|-heal|p2b: Rillaboom|49\/100 brn|[from] Grassy Terrain\n|-heal|p2a: Sinistcha|14\/100 brn|[from] Grassy Terrain\n|-heal|p1b: Sinistcha|50\/100|[from] Grassy Terrain\n|-heal|p1a: Kingambit|49\/100|[from] Grassy Terrain\n|-damage|p2b: Rillaboom|43\/100 brn|[from] brn\n|-damage|p2a: Sinistcha|8\/100 brn|[from] brn\n|upkeep\n|turn|12\n|inactive|Cristaldu41 has 120 seconds left.\n|inactive|Novaveran has 120 seconds left.\n|\n|t:|1699820129\n|-terastallize|p1a: Kingambit|Dark\n|move|p1a: Kingambit|Sucker Punch|p2b: Rillaboom\n|-crit|p2b: Rillaboom\n|-damage|p2b: Rillaboom|0 fnt\n|faint|p2b: Rillaboom\n|move|p2a: Sinistcha|Shadow Ball|p1b: Sinistcha\n|-supereffective|p1b: Sinistcha\n|-damage|p1b: Sinistcha|0 fnt\n|faint|p1b: Sinistcha\n|\n|-heal|p2a: Sinistcha|14\/100 brn|[from] Grassy Terrain\n|-heal|p1a: Kingambit|55\/100|[from] Grassy Terrain\n|-damage|p2a: Sinistcha|8\/100 brn|[from] brn\n|upkeep\n|turn|13\n|\n|t:|1699820143\n|move|p2a: Sinistcha|Strength Sap|p1a: Kingambit\n|-unboost|p1a: Kingambit|atk|1\n|-ability|p1a: Kingambit|Defiant|boost\n|-boost|p1a: Kingambit|atk|2\n|-heal|p2a: Sinistcha|100\/100 brn\n|move|p1a: Kingambit|Kowtow Cleave|p2a: Sinistcha\n|-supereffective|p2a: Sinistcha\n|-damage|p2a: Sinistcha|0 fnt\n|faint|p2a: Sinistcha\n|\n|win|Cristaldu41\n|raw|Cristaldu41's rating: 1406 &rarr; <strong>1425<\/strong><br \/>(+19 for winning)\n|raw|Novaveran's rating: 1388 &rarr; <strong>1369<\/strong><br \/>(-19 for losing)\n|l|\u2606Novaveran\n|l|\u2606Cristaldu41\n|j|\u2606Cristaldu41\n|player|p1|Cristaldu41|266\n","uploadtime":1699820295,"views":15,"p1id":"cristaldu41","p2id":"novaveran","formatid":"gen9doublesou","rating":1369,"private":0,"password":""}