{"id":"gen9doublesou-2000013267","p1":"RLisanidiot","p2":"Revoltboy","format":"[Gen 9] Doubles OU","log":"|j|\u2606RLisanidiot\n|j|\u2606Revoltboy\n|t:|1701141167\n|gametype|doubles\n|player|p1|RLisanidiot|unknownf|1306\n|player|p2|Revoltboy|pryce|1325\n|teamsize|p1|6\n|teamsize|p2|6\n|gen|9\n|tier|[Gen 9] Doubles OU\n|rated|\n|rule|Species Clause: Limit one of each Pok\u00e9mon\n|rule|OHKO Clause: OHKO moves are banned\n|rule|Evasion Moves Clause: Evasion moves are banned\n|rule|Gravity Sleep Clause: The combination of sleep-inducing moves with imperfect accuracy and Gravity or Gigantamax Orbeetle are banned\n|rule|Endless Battle Clause: Forcing endless battles is banned\n|rule|HP Percentage Mod: HP is shown in percentages\n|clearpoke\n|poke|p1|Ninetales-Alola, F|\n|poke|p1|Chien-Pao|\n|poke|p1|Flutter Mane|\n|poke|p1|Tornadus, M|\n|poke|p1|Pachirisu, M|\n|poke|p1|Landorus-Therian, M|\n|poke|p2|Farigiraf, M|\n|poke|p2|Volcanion|\n|poke|p2|Oranguru, M|\n|poke|p2|Enamorus-Therian, F|\n|poke|p2|Crabominable, F|\n|poke|p2|Beartic, F|\n|teampreview\n|inactive|Battle timer is ON: inactive players will automatically lose when time's up. (requested by RLisanidiot)\n|\n|t:|1701141186\n|start\n|switch|p1a: Tornadus|Tornadus, M|100\/100\n|switch|p1b: Landorus|Landorus-Therian, M, shiny|100\/100\n|switch|p2a: Crabominable|Crabominable, F|100\/100\n|switch|p2b: Enamorus|Enamorus-Therian, F|100\/100\n|-ability|p1b: Landorus|Intimidate|boost\n|-unboost|p2a: Crabominable|atk|1\n|-unboost|p2b: Enamorus|atk|1\n|turn|1\n|\n|t:|1701141205\n|move|p1b: Landorus|U-turn|p2a: Crabominable\n|-resisted|p2a: Crabominable\n|-crit|p2a: Crabominable\n|-damage|p2a: Crabominable|82\/100\n|-setboost|p2a: Crabominable|atk|6|[from] ability: Anger Point\n|\n|t:|1701141219\n|switch|p1b: Ninetales|Ninetales-Alola, F, shiny|100\/100|[from] U-turn\n|-weather|Snow|[from] ability: Snow Warning|[of] p1b: Ninetales\n|move|p1a: Tornadus|Bleakwind Storm|p2b: Enamorus|[spread] p2a,p2b\n|-supereffective|p2a: Crabominable\n|-damage|p2a: Crabominable|5\/100\n|-damage|p2b: Enamorus|70\/100\n|-unboost|p2b: Enamorus|spe|1\n|move|p2a: Crabominable|Ice Hammer|p1b: Ninetales\n|-resisted|p1b: Ninetales\n|-damage|p1b: Ninetales|8\/100\n|-unboost|p2a: Crabominable|spe|1\n|move|p2b: Enamorus|Moonblast|p1a: Tornadus\n|-damage|p1a: Tornadus|41\/100\n|\n|-weather|Snow|[upkeep]\n|-heal|p2b: Enamorus|77\/100|[from] item: Leftovers\n|upkeep\n|turn|2\n|\n|t:|1701141245\n|move|p1b: Ninetales|Aurora Veil|p1b: Ninetales\n|-sidestart|p1: RLisanidiot|move: Aurora Veil\n|move|p1a: Tornadus|Bleakwind Storm|p2a: Crabominable|[spread] p2a,p2b\n|-supereffective|p2a: Crabominable\n|-damage|p2a: Crabominable|0 fnt\n|-damage|p2b: Enamorus|46\/100\n|faint|p2a: Crabominable\n|move|p2b: Enamorus|Sludge Bomb|p1b: Ninetales\n|-supereffective|p1b: Ninetales\n|-damage|p1b: Ninetales|0 fnt\n|faint|p1b: Ninetales\n|\n|-weather|Snow|[upkeep]\n|-heal|p2b: Enamorus|52\/100|[from] item: Leftovers\n|upkeep\n|\n|t:|1701141258\n|switch|p1b: Landorus|Landorus-Therian, M, shiny|100\/100\n|switch|p2a: Farigiraf|Farigiraf, M|100\/100\n|-ability|p1b: Landorus|Intimidate|boost\n|-unboost|p2a: Farigiraf|atk|1\n|-unboost|p2b: Enamorus|atk|1\n|turn|3\n|\n|t:|1701141275\n|move|p1b: Landorus|Weather Ball|p2b: Enamorus\n|-supereffective|p2b: Enamorus\n|-damage|p2b: Enamorus|0 fnt\n|faint|p2b: Enamorus\n|move|p1a: Tornadus|Bleakwind Storm|p2a: Farigiraf|[miss]\n|-miss|p1a: Tornadus|p2a: Farigiraf\n|move|p2a: Farigiraf|Trick Room|p2a: Farigiraf\n|-fieldstart|move: Trick Room|[of] p2a: Farigiraf\n|\n|-weather|Snow|[upkeep]\n|upkeep\n|\n|t:|1701141284\n|switch|p2b: Beartic|Beartic, F|100\/100\n|turn|4\n|\n|t:|1701141296\n|switch|p1b: Pachirisu|Pachirisu, M|100\/100\n|move|p1a: Tornadus|Rain Dance|p1a: Tornadus\n|-weather|RainDance\n|move|p2b: Beartic|Ice Punch|p1b: Pachirisu\n|-crit|p1b: Pachirisu\n|-damage|p1b: Pachirisu|30\/100\n|-enditem|p1b: Pachirisu|Sitrus Berry|[eat]\n|-heal|p1b: Pachirisu|55\/100|[from] item: Sitrus Berry\n|move|p2a: Farigiraf|Hyper Voice|p1a: Tornadus|[spread] p1a,p1b\n|-damage|p1a: Tornadus|18\/100\n|-damage|p1b: Pachirisu|32\/100\n|\n|-weather|RainDance|[upkeep]\n|upkeep\n|turn|5\n|\n|t:|1701141315\n|move|p2b: Beartic|Ice Punch|p1a: Tornadus\n|-supereffective|p1a: Tornadus\n|-damage|p1a: Tornadus|0 fnt\n|faint|p1a: Tornadus\n|move|p2a: Farigiraf|Hyper Voice|p1b: Pachirisu\n|-damage|p1b: Pachirisu|2\/100\n|move|p1b: Pachirisu|U-turn|p2a: Farigiraf\n|-supereffective|p2a: Farigiraf\n|-damage|p2a: Farigiraf|82\/100\n|\n|t:|1701141324\n|switch|p1b: Landorus|Landorus-Therian, M, shiny|100\/100|[from] U-turn\n|-ability|p1b: Landorus|Intimidate|boost\n|-unboost|p2a: Farigiraf|atk|1\n|-unboost|p2b: Beartic|atk|1\n|\n|-weather|RainDance|[upkeep]\n|upkeep\n|\n|t:|1701141331\n|switch|p1a: Pachirisu|Pachirisu, M|2\/100\n|turn|6\n|\n|t:|1701141342\n|move|p1a: Pachirisu|Follow Me|p1a: Pachirisu\n|-singleturn|p1a: Pachirisu|move: Follow Me\n|move|p2b: Beartic|Ice Punch|p1a: Pachirisu\n|-damage|p1a: Pachirisu|0 fnt\n|faint|p1a: Pachirisu\n|move|p2a: Farigiraf|Psychic|p1b: Landorus\n|-crit|p1b: Landorus\n|-damage|p1b: Landorus|27\/100\n|move|p1b: Landorus|U-turn|p2a: Farigiraf\n|-supereffective|p2a: Farigiraf\n|-damage|p2a: Farigiraf|39\/100\n|\n|t:|1701141353\n|switch|p1b: Chien-Pao|Chien-Pao|100\/100|[from] U-turn\n|-ability|p1b: Chien-Pao|Sword of Ruin\n|\n|-weather|RainDance|[upkeep]\n|upkeep\n|\n|t:|1701141356\n|switch|p1a: Landorus|Landorus-Therian, M, shiny|27\/100\n|-ability|p1a: Landorus|Intimidate|boost\n|-unboost|p2a: Farigiraf|atk|1\n|-unboost|p2b: Beartic|atk|1\n|turn|7\n|\n|t:|1701141370\n|switch|p1a: Flutter Mane|Flutter Mane|100\/100\n|move|p2a: Farigiraf|Ally Switch|p2a: Farigiraf\n|swap|p2a: Farigiraf|1|[from] move: Ally Switch\n|move|p2a: Beartic|Ice Punch|p1a: Flutter Mane\n|-damage|p1a: Flutter Mane|59\/100\n|move|p1b: Chien-Pao|Sacred Sword|p2b: Farigiraf\n|-damage|p2b: Farigiraf|0 fnt\n|faint|p2b: Farigiraf\n|\n|-weather|RainDance|[upkeep]\n|-fieldend|move: Trick Room\n|upkeep\n|\n|t:|1701141386\n|switch|p2b: Volcanion|Volcanion|100\/100\n|turn|8\n|\n|t:|1701141397\n|-terastallize|p1b: Chien-Pao|Electric\n|move|p1a: Flutter Mane|Moonblast|p2a: Beartic\n|-damage|p2a: Beartic|24\/100\n|move|p1b: Chien-Pao|Tera Blast|p2b: Volcanion|[anim] Tera Blast Electric\n|-supereffective|p2b: Volcanion\n|-damage|p2b: Volcanion|18\/100\n|move|p2b: Volcanion|Heat Wave|p1a: Flutter Mane|[spread] p1a,p1b\n|-damage|p1a: Flutter Mane|45\/100\n|-damage|p1b: Chien-Pao|89\/100\n|move|p2a: Beartic|Heavy Slam|p1a: Flutter Mane\n|-supereffective|p1a: Flutter Mane\n|-damage|p1a: Flutter Mane|0 fnt\n|faint|p1a: Flutter Mane\n|-end|p1a: Flutter Mane|Protosynthesis|[silent]\n|\n|-weather|none\n|upkeep\n|\n|t:|1701141409\n|switch|p1a: Landorus|Landorus-Therian, M, shiny|27\/100\n|-ability|p1a: Landorus|Intimidate|boost\n|-unboost|p2a: Beartic|atk|1\n|-unboost|p2b: Volcanion|atk|1\n|turn|9\n|\n|t:|1701141422\n|move|p2a: Beartic|Aqua Jet|p1a: Landorus\n|-supereffective|p1a: Landorus\n|-damage|p1a: Landorus|14\/100\n|move|p1a: Landorus|Rock Slide|p2b: Volcanion|[spread] p2a,p2b\n|-supereffective|p2a: Beartic\n|-supereffective|p2b: Volcanion\n|-damage|p2a: Beartic|0 fnt\n|-damage|p2b: Volcanion|0 fnt\n|faint|p2a: Beartic\n|faint|p2b: Volcanion\n|move|p1b: Chien-Pao|Sacred Sword|p2: Beartic|[notarget]\n|-fail|p1b: Chien-Pao\n|\n|-sideend|p1: RLisanidiot|move: Aurora Veil\n|upkeep\n|\n|t:|1701141428\n|switch|p2b: Oranguru|Oranguru, M|100\/100\n|turn|10\n|\n|t:|1701141438\n|move|p1a: Landorus|Rock Slide|p2b: Oranguru\n|-damage|p2b: Oranguru|62\/100\n|move|p1b: Chien-Pao|Tera Blast|p2b: Oranguru|[anim] Tera Blast Electric\n|-damage|p2b: Oranguru|2\/100\n|cant|p2b: Oranguru|flinch\n|\n|-heal|p2b: Oranguru|9\/100|[from] item: Leftovers\n|upkeep\n|turn|11\n|\n|t:|1701141446\n|move|p1a: Landorus|Rock Slide|p2b: Oranguru\n|-damage|p2b: Oranguru|0 fnt\n|faint|p2b: Oranguru\n|\n|win|RLisanidiot\n|raw|RLisanidiot's rating: 1306 &rarr; <strong>1327<\/strong><br \/>(+21 for winning)\n|raw|Revoltboy's rating: 1325 &rarr; <strong>1304<\/strong><br \/>(-21 for losing)\n|l|\u2606Revoltboy\n","uploadtime":1701141455,"views":11,"p1id":"rlisanidiot","p2id":"revoltboy","formatid":"gen9doublesou","rating":1304,"private":0,"password":""}