{"id":"gen9doublesou-1983464355","p1":"Deztriph","p2":"Jmorsessj","format":"[Gen 9] Doubles OU","log":"|j|\u2606Deztriph\n|j|\u2606Jmorsessj\n|t:|1699132914\n|gametype|doubles\n|player|p1|Deztriph|riley|1091\n|player|p2|Jmorsessj|169|1000\n|teamsize|p1|6\n|teamsize|p2|6\n|gen|9\n|tier|[Gen 9] Doubles OU\n|rated|\n|rule|Species Clause: Limit one of each Pok\u00e9mon\n|rule|OHKO Clause: OHKO moves are banned\n|rule|Evasion Moves Clause: Evasion moves are banned\n|rule|Gravity Sleep Clause: The combination of sleep-inducing moves with imperfect accuracy and Gravity or Gigantamax Orbeetle are banned\n|rule|Endless Battle Clause: Forcing endless battles is banned\n|rule|HP Percentage Mod: HP is shown in percentages\n|clearpoke\n|poke|p1|Lumineon, F|\n|poke|p1|Gastrodon-East, F|\n|poke|p1|Sinistcha-Masterpiece|\n|poke|p1|Clefable, F|\n|poke|p1|Glimmora, M|\n|poke|p1|Cramorant, F|\n|poke|p2|Landorus-Therian, M|\n|poke|p2|Grafaiai, F|\n|poke|p2|Sinistcha|\n|poke|p2|Slaking, F|\n|poke|p2|Samurott-Hisui, F|\n|poke|p2|Glimmora, M|\n|teampreview\n|inactive|Battle timer is ON: inactive players will automatically lose when time's up. (requested by Deztriph)\n|inactive|Deztriph has 120 seconds left.\n|\n|t:|1699132982\n|start\n|switch|p1a: Glimmora|Glimmora, M|100\/100\n|switch|p1b: Gastrodon|Gastrodon-East, F|100\/100\n|switch|p2a: Glimmora|Glimmora, M|100\/100\n|switch|p2b: Samurott|Samurott-Hisui, F|100\/100\n|turn|1\n|\n|t:|1699133005\n|move|p1a: Glimmora|Spiky Shield|p1a: Glimmora\n|-singleturn|p1a: Glimmora|move: Protect\n|move|p2a: Glimmora|Stealth Rock|p1a: Glimmora\n|-sidestart|p1: Deztriph|move: Stealth Rock\n|move|p2b: Samurott|Ceaseless Edge|p1b: Gastrodon\n|-damage|p1b: Gastrodon|52\/100\n|-sidestart|p1: Deztriph|Spikes\n|move|p1b: Gastrodon|Acid Armor|p1b: Gastrodon\n|-boost|p1b: Gastrodon|def|2\n|\n|-heal|p1b: Gastrodon|58\/100|[from] item: Leftovers\n|upkeep\n|turn|2\n|inactive|Deztriph has 120 seconds left.\n|inactive|Jmorsessj has 120 seconds left.\n|\n|t:|1699133053\n|switch|p1a: Lumineon|Lumineon, F|100\/100\n|-damage|p1a: Lumineon|88\/100|[from] Stealth Rock\n|-damage|p1a: Lumineon|76\/100|[from] Spikes\n|move|p2a: Glimmora|Mortal Spin|p1b: Gastrodon|[spread] p1a,p1b\n|-resisted|p1b: Gastrodon\n|-damage|p1a: Lumineon|69\/100\n|-damage|p1b: Gastrodon|57\/100\n|-status|p1a: Lumineon|psn\n|-status|p1b: Gastrodon|psn\n|move|p2b: Samurott|Flip Turn|p1a: Lumineon\n|-ability|p1a: Lumineon|Storm Drain|boost\n|-boost|p1a: Lumineon|spa|1\n|move|p1b: Gastrodon|Earth Power|p2a: Glimmora\n|-supereffective|p2a: Glimmora\n|-enditem|p2a: Glimmora|Focus Sash\n|-damage|p2a: Glimmora|1\/100\n|\n|-heal|p1a: Lumineon|75\/100 psn|[from] item: Leftovers\n|-heal|p1b: Gastrodon|63\/100 psn|[from] item: Leftovers\n|-damage|p1a: Lumineon|63\/100 psn|[from] psn\n|-damage|p1b: Gastrodon|51\/100 psn|[from] psn\n|upkeep\n|turn|3\n|inactive|Jmorsessj has 120 seconds left.\n|\n|t:|1699133078\n|switch|p2b: Sinistcha|Sinistcha|100\/100\n|-heal|p2a: Glimmora|26\/100|[from] ability: Hospitality|[of] p2b: Sinistcha\n|move|p1a: Lumineon|Surf|p2b: Sinistcha|[spread] p2a,p2b\n|-ability|p1b: Gastrodon|Storm Drain|boost\n|-boost|p1b: Gastrodon|spa|1\n|-supereffective|p2a: Glimmora\n|-resisted|p2b: Sinistcha\n|-damage|p2a: Glimmora|0 fnt\n|-damage|p2b: Sinistcha|82\/100\n|faint|p2a: Glimmora\n|move|p1b: Gastrodon|Surf|p2b: Sinistcha|[spread] p2b\n|-ability|p1a: Lumineon|Storm Drain|boost\n|-boost|p1a: Lumineon|spa|1\n|-resisted|p2b: Sinistcha\n|-damage|p2b: Sinistcha|57\/100\n|\n|-heal|p1a: Lumineon|69\/100 psn|[from] item: Leftovers\n|-heal|p2b: Sinistcha|63\/100|[from] item: Leftovers\n|-heal|p1b: Gastrodon|57\/100 psn|[from] item: Leftovers\n|-damage|p1a: Lumineon|57\/100 psn|[from] psn\n|-damage|p1b: Gastrodon|45\/100 psn|[from] psn\n|upkeep\n|\n|t:|1699133092\n|switch|p2a: Landorus|Landorus-Therian, M|100\/100\n|-ability|p2a: Landorus|Intimidate|boost\n|-unboost|p1a: Lumineon|atk|1\n|-unboost|p1b: Gastrodon|atk|1\n|turn|4\n|\n|t:|1699133114\n|move|p2a: Landorus|Substitute|p2a: Landorus\n|-start|p2a: Landorus|Substitute\n|-damage|p2a: Landorus|76\/100\n|move|p1a: Lumineon|Air Slash|p2b: Sinistcha\n|-supereffective|p2b: Sinistcha\n|-damage|p2b: Sinistcha|0 fnt\n|faint|p2b: Sinistcha\n|move|p1b: Gastrodon|Surf|p2a: Landorus|[spread] p2a\n|-ability|p1a: Lumineon|Storm Drain|boost\n|-boost|p1a: Lumineon|spa|1\n|-supereffective|p2a: Landorus\n|-end|p2a: Landorus|Substitute\n|\n|-heal|p2a: Landorus|82\/100|[from] item: Leftovers\n|-heal|p1a: Lumineon|63\/100 psn|[from] item: Leftovers\n|-heal|p1b: Gastrodon|51\/100 psn|[from] item: Leftovers\n|-damage|p1a: Lumineon|51\/100 psn|[from] psn\n|-damage|p1b: Gastrodon|38\/100 psn|[from] psn\n|upkeep\n|inactive|Jmorsessj has 120 seconds left.\n|\n|t:|1699133129\n|switch|p2b: Grafaiai|Grafaiai, F|100\/100\n|turn|5\n|\n|t:|1699133138\n|move|p2b: Grafaiai|Doodle|p1b: Gastrodon\n|-endability|p2a: Landorus|Intimidate|[from] move: Doodle\n|-ability|p2a: Landorus|Storm Drain|[from] move: Doodle\n|-endability|p2b: Grafaiai|Prankster|[from] move: Doodle\n|-ability|p2b: Grafaiai|Storm Drain|[from] move: Doodle\n|move|p1a: Lumineon|Aqua Ring|p1a: Lumineon\n|-start|p1a: Lumineon|Aqua Ring\n|move|p2a: Landorus|Swords Dance|p2a: Landorus\n|-boost|p2a: Landorus|atk|2\n|move|p1b: Gastrodon|Surf|p2b: Grafaiai|[spread] \n|-ability|p1a: Lumineon|Storm Drain|boost\n|-boost|p1a: Lumineon|spa|1\n|-ability|p2a: Landorus|Storm Drain|boost\n|-boost|p2a: Landorus|spa|1\n|-ability|p2b: Grafaiai|Storm Drain|boost\n|-boost|p2b: Grafaiai|spa|1\n|\n|-heal|p2a: Landorus|88\/100|[from] item: Leftovers\n|-heal|p1a: Lumineon|57\/100 psn|[from] item: Leftovers\n|-heal|p1b: Gastrodon|44\/100 psn|[from] item: Leftovers\n|-heal|p1a: Lumineon|63\/100 psn|[from] Aqua Ring\n|-damage|p1a: Lumineon|51\/100 psn|[from] psn\n|-damage|p1b: Gastrodon|32\/100 psn|[from] psn\n|upkeep\n|turn|6\n|inactive|Deztriph has 120 seconds left.\n|\n|t:|1699133169\n|move|p1a: Lumineon|Surf|p2a: Landorus|[spread] \n|-ability|p1b: Gastrodon|Storm Drain|boost\n|-boost|p1b: Gastrodon|spa|1\n|-ability|p2a: Landorus|Storm Drain|boost\n|-boost|p2a: Landorus|spa|1\n|-ability|p2b: Grafaiai|Storm Drain|boost\n|-boost|p2b: Grafaiai|spa|1\n|move|p2a: Landorus|Substitute|p2a: Landorus\n|-start|p2a: Landorus|Substitute\n|-damage|p2a: Landorus|63\/100\n|move|p2b: Grafaiai|Poison Jab|p1a: Lumineon\n|-damage|p1a: Lumineon|7\/100 psn\n|move|p1b: Gastrodon|Surf|p2a: Landorus|[spread] \n|-ability|p1a: Lumineon|Storm Drain|boost\n|-boost|p1a: Lumineon|spa|1\n|-ability|p2a: Landorus|Storm Drain|boost\n|-boost|p2a: Landorus|spa|1\n|-ability|p2b: Grafaiai|Storm Drain|boost\n|-boost|p2b: Grafaiai|spa|1\n|\n|-heal|p2a: Landorus|69\/100|[from] item: Leftovers\n|-heal|p1a: Lumineon|13\/100 psn|[from] item: Leftovers\n|-heal|p1b: Gastrodon|38\/100 psn|[from] item: Leftovers\n|-heal|p1a: Lumineon|19\/100 psn|[from] Aqua Ring\n|-damage|p1a: Lumineon|7\/100 psn|[from] psn\n|-damage|p1b: Gastrodon|26\/100 psn|[from] psn\n|upkeep\n|turn|7\n|inactive|Deztriph has 120 seconds left.\n|inactive|Jmorsessj has 120 seconds left.\n|\n|t:|1699133216\n|move|p2a: Landorus|Rock Slide|p1b: Gastrodon|[spread] p1a,p1b\n|-resisted|p1b: Gastrodon\n|-damage|p1a: Lumineon|0 fnt\n|-damage|p1b: Gastrodon|15\/100 psn\n|faint|p1a: Lumineon\n|move|p2b: Grafaiai|Poison Jab|p1b: Gastrodon\n|-resisted|p1b: Gastrodon\n|-crit|p1b: Gastrodon\n|-damage|p1b: Gastrodon|0 fnt\n|faint|p1b: Gastrodon\n|\n|-heal|p2a: Landorus|75\/100|[from] item: Leftovers\n|upkeep\n|\n|t:|1699133228\n|switch|p1a: Glimmora|Glimmora, M|100\/100\n|switch|p1b: Cramorant|Cramorant, F|100\/100\n|-damage|p1a: Glimmora|88\/100|[from] Stealth Rock\n|-damage|p1a: Glimmora|76\/100|[from] Spikes\n|-damage|p1b: Cramorant|76\/100|[from] Stealth Rock\n|turn|8\n|\n|t:|1699133242\n|move|p2a: Landorus|Rock Slide|p1b: Cramorant|[spread] p1a,p1b\n|-supereffective|p1b: Cramorant\n|-damage|p1a: Glimmora|28\/100\n|-damage|p1b: Cramorant|0 fnt\n|-activate|p1a: Glimmora|ability: Toxic Debris\n|-sidestart|p2: Jmorsessj|move: Toxic Spikes\n|faint|p1b: Cramorant\n|move|p1a: Glimmora|Mortal Spin|p2a: Landorus|[spread] p2a,p2b\n|-resisted|p2a: Landorus\n|-activate|p2a: Landorus|move: Substitute|[damage]\n|-sideend|p1: Deztriph|Spikes|[from] move: Mortal Spin|[of] p1a: Glimmora\n|-sideend|p1: Deztriph|Stealth Rock|[from] move: Mortal Spin|[of] p1a: Glimmora\n|-resisted|p2b: Grafaiai\n|-damage|p2b: Grafaiai|98\/100\n|move|p2b: Grafaiai|Taunt|p1a: Glimmora\n|-start|p1a: Glimmora|move: Taunt\n|\n|-heal|p2a: Landorus|81\/100|[from] item: Leftovers\n|-heal|p1a: Glimmora|34\/100|[from] item: Black Sludge\n|upkeep\n|\n|t:|1699133259\n|switch|p1b: Sinistcha|Sinistcha-Masterpiece|100\/100\n|-heal|p1a: Glimmora|59\/100|[from] ability: Hospitality|[of] p1b: Sinistcha\n|turn|9\n|inactive|Deztriph has 120 seconds left.\n|\n|t:|1699133273\n|move|p2a: Landorus|Swords Dance|p2a: Landorus\n|-boost|p2a: Landorus|atk|2\n|move|p1a: Glimmora|Earth Power|p2b: Grafaiai\n|-supereffective|p2b: Grafaiai\n|-damage|p2b: Grafaiai|23\/100\n|move|p2b: Grafaiai|Poison Jab|p1b: Sinistcha|[miss]\n|-miss|p2b: Grafaiai|p1b: Sinistcha\n|move|p1b: Sinistcha|Stun Spore|p2b: Grafaiai\n|-status|p2b: Grafaiai|par\n|\n|-heal|p2a: Landorus|87\/100|[from] item: Leftovers\n|-heal|p1a: Glimmora|65\/100|[from] item: Black Sludge\n|upkeep\n|turn|10\n|inactive|Deztriph has 120 seconds left.\n|inactive|Deztriph has 90 seconds left.\n|\n|t:|1699133338\n|move|p2a: Landorus|Earthquake|p1a: Glimmora|[spread] p2b,p1a,p1b\n|-supereffective|p2b: Grafaiai\n|-supereffective|p1a: Glimmora\n|-resisted|p1b: Sinistcha\n|-damage|p2b: Grafaiai|0 fnt\n|-damage|p1a: Glimmora|0 fnt\n|-damage|p1b: Sinistcha|37\/100\n|-activate|p1a: Glimmora|ability: Toxic Debris\n|-sidestart|p2: Jmorsessj|move: Toxic Spikes\n|faint|p2b: Grafaiai\n|faint|p1a: Glimmora\n|move|p1b: Sinistcha|Shadow Ball|p2a: Landorus\n|-end|p2a: Landorus|Substitute\n|\n|-heal|p2a: Landorus|93\/100|[from] item: Leftovers\n|upkeep\n|l|\u2606Jmorsessj\n|inactive|Jmorsessj disconnected and has a minute to reconnect!\n|player|p2|\n|j|\u2606Jmorsessj\n|inactive|Jmorsessj reconnected and has 140 seconds left.\n|player|p2|Jmorsessj|169\n|inactive|Jmorsessj has 120 seconds left.\n|l|\u2606Jmorsessj\n|inactive|Jmorsessj disconnected and has a minute to reconnect!\n|player|p2|\n|j|\u2606Jmorsessj\n|inactive|Jmorsessj reconnected and has 105 seconds left.\n|player|p2|Jmorsessj|169\n|\n|t:|1699133388\n|switch|p1a: Clefable|Clefable, F|100\/100\n|switch|p2b: Samurott|Samurott-Hisui, F|100\/100\n|-status|p2b: Samurott|tox\n|turn|11\n|inactive|Deztriph has 120 seconds left.\n|inactive|Jmorsessj has 120 seconds left.\n|\n|t:|1699133413\n|move|p2a: Landorus|Earthquake|p1a: Clefable|[spread] p2b,p1a\n|-miss|p2a: Landorus|p1b: Sinistcha\n|-damage|p2b: Samurott|0 fnt\n|-damage|p1a: Clefable|0 fnt\n|faint|p2b: Samurott\n|faint|p1a: Clefable\n|move|p1b: Sinistcha|Stun Spore|p2a: Landorus\n|-status|p2a: Landorus|par\n|\n|-heal|p2a: Landorus|99\/100 par|[from] item: Leftovers\n|upkeep\n|\n|t:|1699133420\n|switch|p2b: Slaking|Slaking, F|100\/100\n|-status|p2b: Slaking|tox\n|turn|12\n|inactive|Jmorsessj has 120 seconds left.\n|\n|t:|1699133440\n|move|p2b: Slaking|Knock Off|p1b: Sinistcha\n|-supereffective|p1b: Sinistcha\n|-damage|p1b: Sinistcha|0 fnt\n|-enditem|p1b: Sinistcha|Bright Powder|[from] move: Knock Off|[of] p2b: Slaking\n|faint|p1b: Sinistcha\n|-damage|p2b: Slaking|91\/100 tox|[from] item: Life Orb\n|\n|win|Jmorsessj\n|raw|Deztriph's rating: 1091 &rarr; <strong>1061<\/strong><br \/>(-30 for losing)\n|raw|Jmorsessj's rating: 1000 &rarr; <strong>1050<\/strong><br \/>(+50 for winning)\n|l|\u2606Deztriph\n","uploadtime":1699133457,"views":11,"p1id":"deztriph","p2id":"jmorsessj","formatid":"gen9doublesou","rating":1050,"private":0,"password":""}