{"id":"gen9doublesou-1989361471","p1":"vegetasfeet","p2":"Pulpacio","format":"[Gen 9] Doubles OU","log":"|j|\u2606vegetasfeet\n|j|\u2606Pulpacio\n|t:|1699840753\n|gametype|doubles\n|player|p1|vegetasfeet|brycen|1185\n|player|p2|Pulpacio|cheren-gen5bw2|1109\n|teamsize|p1|6\n|teamsize|p2|6\n|gen|9\n|tier|[Gen 9] Doubles OU\n|rated|\n|rule|Species Clause: Limit one of each Pok\u00e9mon\n|rule|OHKO Clause: OHKO moves are banned\n|rule|Evasion Moves Clause: Evasion moves are banned\n|rule|Gravity Sleep Clause: The combination of sleep-inducing moves with imperfect accuracy and Gravity or Gigantamax Orbeetle are banned\n|rule|Endless Battle Clause: Forcing endless battles is banned\n|rule|HP Percentage Mod: HP is shown in percentages\n|clearpoke\n|poke|p1|Tornadus, M|\n|poke|p1|Walking Wake|\n|poke|p1|Gastrodon-East, M|\n|poke|p1|Chi-Yu|\n|poke|p1|Flutter Mane|\n|poke|p1|Ogerpon-Hearthflame, F|\n|poke|p2|Flutter Mane|\n|poke|p2|Murkrow, F|\n|poke|p2|Amoonguss, M|\n|poke|p2|Conkeldurr, M|\n|poke|p2|Garchomp, F|\n|poke|p2|Armarouge, M|\n|teampreview\n|inactive|Battle timer is ON: inactive players will automatically lose when time's up. (requested by Pulpacio)\n|\n|t:|1699840760\n|start\n|switch|p1a: Tornadus|Tornadus, M|100\/100\n|switch|p1b: Ogerpon|Ogerpon-Hearthflame, F|100\/100\n|switch|p2a: Amoonguss|Amoonguss, M, shiny|100\/100\n|switch|p2b: Conkeldurr|Conkeldurr, M|100\/100\n|-ability|p1b: Ogerpon|Mold Breaker\n|turn|1\n|\n|t:|1699840768\n|move|p1b: Ogerpon|Follow Me|p1b: Ogerpon\n|-singleturn|p1b: Ogerpon|move: Follow Me\n|move|p2a: Amoonguss|Rage Powder|p2a: Amoonguss\n|-singleturn|p2a: Amoonguss|move: Rage Powder\n|move|p1a: Tornadus|Sunny Day|p1a: Tornadus\n|-weather|SunnyDay\n|move|p2b: Conkeldurr|Ice Punch|p1b: Ogerpon\n|-damage|p1b: Ogerpon|58\/100\n|\n|-weather|SunnyDay|[upkeep]\n|-status|p2b: Conkeldurr|brn|[from] item: Flame Orb\n|upkeep\n|turn|2\n|\n|t:|1699840791\n|move|p2a: Amoonguss|Rage Powder|p2a: Amoonguss\n|-singleturn|p2a: Amoonguss|move: Rage Powder\n|move|p1b: Ogerpon|Ivy Cudgel|p2a: Amoonguss\n|-supereffective|p2a: Amoonguss\n|-damage|p2a: Amoonguss|0 fnt\n|faint|p2a: Amoonguss\n|move|p1a: Tornadus|U-turn|p2b: Conkeldurr\n|-resisted|p2b: Conkeldurr\n|-damage|p2b: Conkeldurr|93\/100 brn\n|\n|t:|1699840802\n|switch|p1a: Flutter Mane|Flutter Mane|100\/100|[from] U-turn\n|-activate|p1a: Flutter Mane|ability: Protosynthesis\n|-start|p1a: Flutter Mane|protosynthesisspe\n|move|p2b: Conkeldurr|Facade|p1a: Flutter Mane\n|-immune|p1a: Flutter Mane\n|\n|-weather|SunnyDay|[upkeep]\n|-damage|p2b: Conkeldurr|87\/100 brn|[from] brn\n|upkeep\n|\n|t:|1699840811\n|switch|p2a: Murkrow|Murkrow, F, shiny|100\/100\n|turn|3\n|\n|t:|1699840825\n|move|p1b: Ogerpon|Follow Me|p1b: Ogerpon\n|-singleturn|p1b: Ogerpon|move: Follow Me\n|move|p2a: Murkrow|Thunder Wave|p1b: Ogerpon\n|-status|p1b: Ogerpon|par\n|move|p1a: Flutter Mane|Dazzling Gleam|p2a: Murkrow|[spread] p2a,p2b\n|-supereffective|p2a: Murkrow\n|-supereffective|p2b: Conkeldurr\n|-damage|p2a: Murkrow|30\/100\n|-damage|p2b: Conkeldurr|0 fnt\n|faint|p2b: Conkeldurr\n|-damage|p1a: Flutter Mane|91\/100|[from] item: Life Orb\n|\n|-weather|SunnyDay|[upkeep]\n|upkeep\n|\n|t:|1699840835\n|switch|p2b: Armarouge|Armarouge, M|100\/100\n|turn|4\n|\n|t:|1699840843\n|move|p1b: Ogerpon|Follow Me|p1b: Ogerpon\n|-singleturn|p1b: Ogerpon|move: Follow Me\n|move|p2a: Murkrow|Tailwind|p2a: Murkrow\n|-sidestart|p2: Pulpacio|move: Tailwind\n|move|p1a: Flutter Mane|Shadow Ball|p2b: Armarouge\n|-supereffective|p2b: Armarouge\n|-damage|p2b: Armarouge|0 fnt\n|faint|p2b: Armarouge\n|-damage|p1a: Flutter Mane|81\/100|[from] item: Life Orb\n|\n|-weather|SunnyDay|[upkeep]\n|upkeep\n|\n|t:|1699840852\n|switch|p2b: Flutter Mane|Flutter Mane|100\/100\n|-activate|p2b: Flutter Mane|ability: Protosynthesis\n|-start|p2b: Flutter Mane|protosynthesisspe\n|turn|5\n|\n|t:|1699840870\n|move|p1b: Ogerpon|Follow Me|p1b: Ogerpon\n|-singleturn|p1b: Ogerpon|move: Follow Me\n|move|p2a: Murkrow|Thunder Wave|p1b: Ogerpon\n|-fail|p1b: Ogerpon|par\n|move|p2b: Flutter Mane|Dazzling Gleam|p1a: Flutter Mane|[spread] p1a,p1b\n|-resisted|p1b: Ogerpon\n|-damage|p1a: Flutter Mane|46\/100\n|-damage|p1b: Ogerpon|38\/100 par\n|move|p1a: Flutter Mane|Shadow Ball|p2b: Flutter Mane\n|-supereffective|p2b: Flutter Mane\n|-damage|p2b: Flutter Mane|0 fnt\n|faint|p2b: Flutter Mane\n|-end|p2b: Flutter Mane|Protosynthesis|[silent]\n|-damage|p1a: Flutter Mane|36\/100|[from] item: Life Orb\n|\n|-weather|none\n|-end|p1a: Flutter Mane|Protosynthesis\n|upkeep\n|\n|t:|1699840875\n|switch|p2b: Garchomp|Garchomp, F|100\/100\n|turn|6\n|\n|t:|1699840892\n|-terastallize|p2b: Garchomp|Steel\n|move|p2a: Murkrow|Protect|p2a: Murkrow\n|-singleturn|p2a: Murkrow|Protect\n|move|p1b: Ogerpon|Follow Me|p1b: Ogerpon\n|-singleturn|p1b: Ogerpon|move: Follow Me\n|move|p2b: Garchomp|Earthquake|p1b: Ogerpon|[spread] p1a,p1b\n|-activate|p2a: Murkrow|move: Protect\n|-damage|p1a: Flutter Mane|0 fnt\n|-damage|p1b: Ogerpon|0 fnt\n|faint|p1a: Flutter Mane\n|-end|p1a: Flutter Mane|Protosynthesis|[silent]\n|faint|p1b: Ogerpon\n|\n|upkeep\n|\n|t:|1699840902\n|switch|p1a: Tornadus|Tornadus, M|100\/100\n|switch|p1b: Chi-Yu|Chi-Yu|100\/100\n|-ability|p1b: Chi-Yu|Beads of Ruin\n|turn|7\n|\n|t:|1699840914\n|move|p1b: Chi-Yu|Protect|p1b: Chi-Yu\n|-singleturn|p1b: Chi-Yu|Protect\n|move|p2a: Murkrow|Thunder Wave|p1b: Chi-Yu\n|-activate|p1b: Chi-Yu|move: Protect\n|move|p1a: Tornadus|Sunny Day|p1a: Tornadus\n|-weather|SunnyDay\n|move|p2b: Garchomp|Earthquake|p1b: Chi-Yu|[spread] \n|-activate|p1b: Chi-Yu|move: Protect\n|-immune|p2a: Murkrow\n|-immune|p1a: Tornadus\n|\n|-weather|SunnyDay|[upkeep]\n|-sideend|p2: Pulpacio|move: Tailwind\n|upkeep\n|turn|8\n|\n|t:|1699840927\n|switch|p1b: Gastrodon|Gastrodon-East, M|100\/100\n|move|p2a: Murkrow|Tailwind|p2a: Murkrow\n|-sidestart|p2: Pulpacio|move: Tailwind\n|move|p2b: Garchomp|Earthquake|p1a: Tornadus|[spread] p1b\n|-immune|p2a: Murkrow\n|-immune|p1a: Tornadus\n|-damage|p1b: Gastrodon|50\/100\n|move|p1a: Tornadus|Bleakwind Storm|p2b: Garchomp|[spread] p2a\n|-miss|p1a: Tornadus|p2b: Garchomp\n|-damage|p2a: Murkrow|2\/100\n|-unboost|p2a: Murkrow|spe|1\n|\n|-weather|SunnyDay|[upkeep]\n|-heal|p1b: Gastrodon|57\/100|[from] item: Leftovers\n|upkeep\n|turn|9\n|\n|t:|1699840948\n|move|p2a: Murkrow|Tailwind||[still]\n|-fail|p2a: Murkrow\n|move|p2b: Garchomp|Dragon Claw|p1b: Gastrodon\n|-damage|p1b: Gastrodon|9\/100\n|move|p1a: Tornadus|U-turn|p2a: Murkrow\n|-damage|p2a: Murkrow|0 fnt\n|faint|p2a: Murkrow\n|\n|t:|1699840956\n|switch|p1a: Chi-Yu|Chi-Yu|100\/100|[from] U-turn\n|-ability|p1a: Chi-Yu|Beads of Ruin\n|move|p1b: Gastrodon|Recover|p1b: Gastrodon\n|-heal|p1b: Gastrodon|59\/100\n|\n|-weather|SunnyDay|[upkeep]\n|-heal|p1b: Gastrodon|66\/100|[from] item: Leftovers\n|upkeep\n|turn|10\n|\n|t:|1699840964\n|move|p1a: Chi-Yu|Protect|p1a: Chi-Yu\n|-singleturn|p1a: Chi-Yu|Protect\n|move|p2b: Garchomp|Earthquake|p1b: Gastrodon|[spread] p1b\n|-activate|p1a: Chi-Yu|move: Protect\n|-damage|p1b: Gastrodon|17\/100\n|move|p1b: Gastrodon|Surf|p2b: Garchomp|[spread] p2b\n|-activate|p1a: Chi-Yu|move: Protect\n|-damage|p2b: Garchomp|92\/100\n|\n|-weather|SunnyDay|[upkeep]\n|-heal|p1b: Gastrodon|24\/100|[from] item: Leftovers\n|upkeep\n|turn|11\n|\n|t:|1699840980\n|switch|p1a: Tornadus|Tornadus, M|100\/100\n|move|p1b: Gastrodon|Protect|p1b: Gastrodon\n|-singleturn|p1b: Gastrodon|Protect\n|move|p2b: Garchomp|Earthquake|p1b: Gastrodon|[spread] \n|-activate|p1b: Gastrodon|move: Protect\n|-immune|p1a: Tornadus\n|\n|-weather|none\n|-heal|p1b: Gastrodon|30\/100|[from] item: Leftovers\n|-sideend|p2: Pulpacio|move: Tailwind\n|upkeep\n|turn|12\n|\n|t:|1699840997\n|move|p1a: Tornadus|Sunny Day|p1a: Tornadus\n|-weather|SunnyDay\n|move|p2b: Garchomp|Dragon Claw|p1b: Gastrodon\n|-damage|p1b: Gastrodon|0 fnt\n|faint|p1b: Gastrodon\n|\n|-weather|SunnyDay|[upkeep]\n|upkeep\n|\n|t:|1699841001\n|switch|p1b: Chi-Yu|Chi-Yu|100\/100\n|-ability|p1b: Chi-Yu|Beads of Ruin\n|turn|13\n|\n|t:|1699841012\n|move|p1a: Tornadus|Tailwind|p1a: Tornadus\n|-sidestart|p1: vegetasfeet|move: Tailwind\n|move|p1b: Chi-Yu|Overheat|p2b: Garchomp\n|-supereffective|p2b: Garchomp\n|-damage|p2b: Garchomp|0 fnt\n|-unboost|p1b: Chi-Yu|spa|2\n|faint|p2b: Garchomp\n|\n|win|vegetasfeet\n|raw|vegetasfeet's rating: 1185 &rarr; <strong>1205<\/strong><br \/>(+20 for winning)\n|raw|Pulpacio's rating: 1109 &rarr; <strong>1089<\/strong><br \/>(-20 for losing)\n|l|\u2606Pulpacio\n","uploadtime":1699841020,"views":21,"p1id":"vegetasfeet","p2id":"pulpacio","formatid":"gen9doublesou","rating":1089,"private":0,"password":""}