{"id":"gen9doublesou-1998103780","p1":"mommy_shynx","p2":"Meta Warriors","format":"[Gen 9] Doubles OU","log":"|j|\u2606mommy_shynx\n|j|\u2606Meta Warriors\n|inactive|Battle timer is ON: inactive players will automatically lose when time's up.\n|t:|1700891914\n|gametype|doubles\n|player|p1|mommy_shynx|flannery|\n|player|p2|Meta Warriors|paulo-masters|\n|teamsize|p1|6\n|teamsize|p2|6\n|gen|9\n|tier|[Gen 9] Doubles OU\n|rated|Tournament battle\n|rule|Species Clause: Limit one of each Pok\u00e9mon\n|rule|OHKO Clause: OHKO moves are banned\n|rule|Evasion Moves Clause: Evasion moves are banned\n|rule|Gravity Sleep Clause: The combination of sleep-inducing moves with imperfect accuracy and Gravity or Gigantamax Orbeetle are banned\n|rule|Endless Battle Clause: Forcing endless battles is banned\n|rule|HP Percentage Mod: HP is shown in percentages\n|clearpoke\n|poke|p1|Wigglytuff, M|\n|poke|p1|Gholdengo|\n|poke|p1|Lokix, F|\n|poke|p1|Dachsbun, M|\n|poke|p1|Gogoat, F|\n|poke|p1|Kilowattrel, M|\n|poke|p2|Mienshao, M|\n|poke|p2|Polteageist|\n|poke|p2|Magnezone|\n|poke|p2|Mightyena, F|\n|poke|p2|Hariyama, M|\n|poke|p2|Barraskewda, M|\n|teampreview\n|j|*Lady Monita \u2746\n|inactive|Meta Warriors also wants the timer to be on.\n|\n|t:|1700891935\n|start\n|switch|p1a: Wigglytuff|Wigglytuff, M|100\/100\n|switch|p1b: Lokix|Lokix, F|100\/100\n|switch|p2a: Mightyena|Mightyena, F|100\/100\n|switch|p2b: Magnezone|Magnezone|100\/100\n|-item|p2a: Mightyena|Life Orb|[from] ability: Frisk|[of] p1a: Wigglytuff|[identify]\n|-item|p2b: Magnezone|Choice Specs|[from] ability: Frisk|[of] p1a: Wigglytuff|[identify]\n|turn|1\n|\n|t:|1700891965\n|move|p1b: Lokix|First Impression|p2a: Mightyena\n|-supereffective|p2a: Mightyena\n|-crit|p2a: Mightyena\n|-damage|p2a: Mightyena|0 fnt\n|faint|p2a: Mightyena\n|-damage|p1b: Lokix|91\/100|[from] item: Life Orb\n|move|p2b: Magnezone|Volt Switch|p1b: Lokix\n|-damage|p1b: Lokix|0 fnt\n|faint|p1b: Lokix\n|\n|t:|1700891973\n|switch|p2b: Polteageist|Polteageist|100\/100|[from] Volt Switch\n|move|p1a: Wigglytuff|Light Screen|p1a: Wigglytuff\n|-sidestart|p1: mommy_shynx|move: Light Screen\n|\n|upkeep\n|\n|t:|1700891985\n|switch|p1b: Gholdengo|Gholdengo|100\/100\n|switch|p2a: Barraskewda|Barraskewda, M|100\/100\n|turn|2\n|\n|t:|1700892001\n|move|p2a: Barraskewda|Liquidation|p1b: Gholdengo\n|-damage|p1b: Gholdengo|18\/100\n|move|p1b: Gholdengo|Shadow Ball|p2b: Polteageist\n|-supereffective|p2b: Polteageist\n|-enditem|p2b: Polteageist|Focus Sash\n|-damage|p2b: Polteageist|1\/100\n|move|p2b: Polteageist|Shell Smash|p2b: Polteageist\n|-unboost|p2b: Polteageist|def|1\n|-unboost|p2b: Polteageist|spd|1\n|-boost|p2b: Polteageist|atk|2\n|-boost|p2b: Polteageist|spa|2\n|-boost|p2b: Polteageist|spe|2\n|move|p1a: Wigglytuff|Stealth Rock|p2b: Polteageist\n|-sidestart|p2: Meta Warriors|move: Stealth Rock\n|\n|upkeep\n|turn|3\n|\n|t:|1700892025\n|move|p2b: Polteageist|Stored Power|p1a: Wigglytuff\n|-damage|p1a: Wigglytuff|16\/100\n|move|p2a: Barraskewda|Liquidation|p1b: Gholdengo\n|-damage|p1b: Gholdengo|0 fnt\n|faint|p1b: Gholdengo\n|move|p1a: Wigglytuff|Reflect|p1a: Wigglytuff\n|-sidestart|p1: mommy_shynx|Reflect\n|\n|-heal|p1a: Wigglytuff|22\/100|[from] item: Leftovers\n|upkeep\n|\n|t:|1700892039\n|switch|p1b: Kilowattrel|Kilowattrel, M|100\/100\n|turn|4\n|\n|t:|1700892049\n|move|p2b: Polteageist|Shadow Ball|p1b: Kilowattrel\n|-damage|p1b: Kilowattrel|0 fnt\n|faint|p1b: Kilowattrel\n|move|p2a: Barraskewda|Liquidation|p1a: Wigglytuff\n|-damage|p1a: Wigglytuff|0 fnt\n|faint|p1a: Wigglytuff\n|\n|upkeep\n|c|\u2606Meta Warriors|gg\n|\n|t:|1700892059\n|switch|p1b: Dachsbun|Dachsbun, M|100\/100\n|switch|p1a: Gogoat|Gogoat, F|100\/100\n|turn|5\n|\n|t:|1700892073\n|move|p2b: Polteageist|Shadow Ball|p1a: Gogoat\n|-damage|p1a: Gogoat|46\/100\n|-unboost|p1a: Gogoat|spd|1\n|move|p2a: Barraskewda|Liquidation|p1b: Dachsbun\n|-damage|p1b: Dachsbun|59\/100\n|-unboost|p1b: Dachsbun|def|1\n|move|p1b: Dachsbun|Play Rough|p2b: Polteageist|[miss]\n|-miss|p1b: Dachsbun|p2b: Polteageist\n|move|p1a: Gogoat|Energy Ball|p2b: Polteageist\n|-damage|p2b: Polteageist|0 fnt\n|faint|p2b: Polteageist\n|-damage|p1a: Gogoat|36\/100|[from] item: Life Orb\n|\n|-sideend|p1: mommy_shynx|move: Light Screen\n|upkeep\n|\n|t:|1700892083\n|switch|p2b: Mienshao|Mienshao, M|100\/100\n|-damage|p2b: Mienshao|95\/100|[from] Stealth Rock\n|turn|6\n|\n|t:|1700892099\n|move|p2a: Barraskewda|Liquidation|p1b: Dachsbun\n|-damage|p1b: Dachsbun|0 fnt\n|faint|p1b: Dachsbun\n|move|p2b: Mienshao|U-turn|p1a: Gogoat\n|-supereffective|p1a: Gogoat\n|-damage|p1a: Gogoat|0 fnt\n|faint|p1a: Gogoat\n|-damage|p2b: Mienshao|85\/100|[from] item: Life Orb\n|\n|win|Meta Warriors\n|n|\u2606mommy_shynx|mommyshynx\n|n|\u2606Meta Warriors|metawarriors\n|n|*Lady Monita \u2746|ladymonita\n|l|*Lady Monita \u2746\n|c|\u2606mommy_shynx|gg\n","uploadtime":1700892112,"views":3,"p1id":"mommyshynx","p2id":"metawarriors","formatid":"gen9doublesou","rating":0,"private":0,"password":""}