{"id":"gen9doublesou-1981682884","p1":"IfUforfeitUsuck","p2":"porpoiseQueen","format":"[Gen 9] Doubles OU","log":"|j|\u2606IfUforfeitUsuck\n|j|\u203dporpoiseQueen\n|t:|1698933323\n|gametype|doubles\n|player|p1|IfUforfeitUsuck|266|1324\n|player|p2|porpoiseQueen|2|1357\n|teamsize|p1|6\n|teamsize|p2|6\n|gen|9\n|tier|[Gen 9] Doubles OU\n|rated|\n|rule|Species Clause: Limit one of each Pok\u00e9mon\n|rule|OHKO Clause: OHKO moves are banned\n|rule|Evasion Moves Clause: Evasion moves are banned\n|rule|Gravity Sleep Clause: The combination of sleep-inducing moves with imperfect accuracy and Gravity or Gigantamax Orbeetle are banned\n|rule|Endless Battle Clause: Forcing endless battles is banned\n|rule|HP Percentage Mod: HP is shown in percentages\n|clearpoke\n|poke|p1|Fezandipiti, M|\n|poke|p1|Heatran, M|\n|poke|p1|Chien-Pao|\n|poke|p1|Cresselia, F|\n|poke|p1|Toxapex, F|\n|poke|p1|Sneasler, M|\n|poke|p2|Chi-Yu|\n|poke|p2|Flutter Mane|\n|poke|p2|Landorus-Therian, M|\n|poke|p2|Iron Hands|\n|poke|p2|Amoonguss, M|\n|poke|p2|Chien-Pao|\n|teampreview\n|\n|t:|1698933342\n|start\n|switch|p1a: Fezandipiti|Fezandipiti, M|100\/100\n|switch|p1b: Sneasler|Sneasler, M|100\/100\n|switch|p2a: Landorus|Landorus-Therian, M|100\/100\n|switch|p2b: Amoonguss|Amoonguss, M|100\/100\n|-ability|p2a: Landorus|Intimidate|boost\n|-unboost|p1a: Fezandipiti|atk|1\n|-unboost|p1b: Sneasler|atk|1\n|turn|1\n|\n|t:|1698933365\n|move|p1b: Sneasler|Fake Out|p2b: Amoonguss\n|-enditem|p1b: Sneasler|Normal Gem|[from] gem\n|-damage|p2b: Amoonguss|91\/100\n|cant|p2b: Amoonguss|flinch\n|move|p1a: Fezandipiti|Poison Jab|p2a: Landorus\n|-resisted|p2a: Landorus\n|-damage|p2a: Landorus|91\/100\n|-status|p2a: Landorus|psn\n|move|p2a: Landorus|Stealth Rock|p1a: Fezandipiti\n|-sidestart|p1: IfUforfeitUsuck|move: Stealth Rock\n|\n|-damage|p2a: Landorus|78\/100 psn|[from] psn\n|upkeep\n|turn|2\n|\n|t:|1698933398\n|move|p1b: Sneasler|Toxic Spikes|p2a: Landorus\n|-sidestart|p2: porpoiseQueen|move: Toxic Spikes\n|move|p1a: Fezandipiti|Dual Wingbeat|p2b: Amoonguss\n|-supereffective|p2b: Amoonguss\n|-crit|p2b: Amoonguss\n|-damage|p2b: Amoonguss|63\/100\n|-supereffective|p2b: Amoonguss\n|-damage|p2b: Amoonguss|51\/100\n|-hitcount|p2b: Amoonguss|2\n|move|p2a: Landorus|Stomping Tantrum|p1a: Fezandipiti\n|-supereffective|p1a: Fezandipiti\n|-damage|p1a: Fezandipiti|18\/100\n|move|p2b: Amoonguss|Spore|p1a: Fezandipiti\n|-status|p1a: Fezandipiti|slp|[from] move: Spore\n|\n|-damage|p2a: Landorus|66\/100 psn|[from] psn\n|upkeep\n|turn|3\n|\n|t:|1698933433\n|switch|p2b: Chien-Pao|Chien-Pao|100\/100\n|-status|p2b: Chien-Pao|psn\n|-ability|p2b: Chien-Pao|Sword of Ruin\n|move|p1b: Sneasler|Brick Break|p2a: Landorus\n|-resisted|p2a: Landorus\n|-damage|p2a: Landorus|51\/100 psn\n|cant|p1a: Fezandipiti|slp\n|move|p2a: Landorus|Taunt|p1b: Sneasler\n|-start|p1b: Sneasler|move: Taunt\n|\n|-damage|p2b: Chien-Pao|88\/100 psn|[from] psn\n|-damage|p2a: Landorus|39\/100 psn|[from] psn\n|upkeep\n|-enditem|p2a: Landorus|Sitrus Berry|[eat]\n|-heal|p2a: Landorus|64\/100 psn|[from] item: Sitrus Berry\n|turn|4\n|\n|t:|1698933460\n|switch|p2b: Amoonguss|Amoonguss, M|84\/100\n|-sideend|p2: porpoiseQueen|move: Toxic Spikes|[of] p2b: Amoonguss\n|move|p1b: Sneasler|Brick Break|p2b: Amoonguss\n|-resisted|p2b: Amoonguss\n|-damage|p2b: Amoonguss|74\/100\n|cant|p1a: Fezandipiti|slp\n|move|p2a: Landorus|Stomping Tantrum|p1a: Fezandipiti\n|-supereffective|p1a: Fezandipiti\n|-damage|p1a: Fezandipiti|0 fnt\n|faint|p1a: Fezandipiti\n|\n|-damage|p2a: Landorus|51\/100 psn|[from] psn\n|upkeep\n|\n|t:|1698933480\n|switch|p1a: Chien-Pao|Chien-Pao|100\/100\n|-damage|p1a: Chien-Pao|75\/100|[from] Stealth Rock\n|-ability|p1a: Chien-Pao|Sword of Ruin\n|turn|5\n|\n|t:|1698933504\n|switch|p2a: Iron Hands|Iron Hands|100\/100\n|switch|p2b: Chi-Yu|Chi-Yu|100\/100\n|-ability|p2b: Chi-Yu|Beads of Ruin\n|move|p1b: Sneasler|Facade|p2a: Iron Hands\n|-damage|p2a: Iron Hands|86\/100\n|move|p1a: Chien-Pao|Ice Spinner|p2b: Chi-Yu\n|-resisted|p2b: Chi-Yu\n|-damage|p2b: Chi-Yu|61\/100\n|\n|upkeep\n|turn|6\n|\n|t:|1698933535\n|-terastallize|p2b: Chi-Yu|Fire\n|move|p2a: Iron Hands|Fake Out|p1a: Chien-Pao\n|-damage|p1a: Chien-Pao|57\/100\n|move|p1b: Sneasler|Brick Break|p2b: Chi-Yu\n|-damage|p2b: Chi-Yu|1\/100\n|move|p2b: Chi-Yu|Heat Wave|p1b: Sneasler|[spread] p1a,p1b\n|-supereffective|p1a: Chien-Pao\n|-damage|p1a: Chien-Pao|0 fnt\n|-damage|p1b: Sneasler|0 fnt\n|faint|p1a: Chien-Pao\n|faint|p1b: Sneasler\n|\n|upkeep\n|\n|t:|1698933552\n|switch|p1b: Heatran|Heatran, M|100\/100\n|switch|p1a: Cresselia|Cresselia, F|100\/100\n|-damage|p1a: Cresselia|88\/100|[from] Stealth Rock\n|-damage|p1b: Heatran|88\/100|[from] Stealth Rock\n|turn|7\n|\n|t:|1698933567\n|switch|p2b: Landorus|Landorus-Therian, M|51\/100 psn\n|-ability|p2b: Landorus|Intimidate|boost\n|-unboost|p1a: Cresselia|atk|1\n|-unboost|p1b: Heatran|atk|1\n|-terastallize|p1b: Heatran|Grass\n|move|p1a: Cresselia|Psychic|p2a: Iron Hands\n|-supereffective|p2a: Iron Hands\n|-damage|p2a: Iron Hands|54\/100\n|move|p1b: Heatran|Heat Wave|p2a: Iron Hands|[spread] p2b\n|-miss|p1b: Heatran|p2a: Iron Hands\n|-damage|p2b: Landorus|16\/100 psn\n|-damage|p1b: Heatran|78\/100|[from] item: Life Orb\n|move|p2a: Iron Hands|Close Combat|p1b: Heatran\n|-damage|p1b: Heatran|23\/100\n|-unboost|p2a: Iron Hands|def|1\n|-unboost|p2a: Iron Hands|spd|1\n|\n|-damage|p2b: Landorus|4\/100 psn|[from] psn\n|upkeep\n|turn|8\n|\n|t:|1698933606\n|move|p2b: Landorus|Taunt|p1a: Cresselia\n|-start|p1a: Cresselia|move: Taunt\n|-enditem|p1a: Cresselia|Mental Herb\n|-end|p1a: Cresselia|move: Taunt\n|move|p1b: Heatran|Earth Power|p2a: Iron Hands\n|-supereffective|p2a: Iron Hands\n|-damage|p2a: Iron Hands|0 fnt\n|faint|p2a: Iron Hands\n|-end|p2a: Iron Hands|Quark Drive|[silent]\n|-damage|p1b: Heatran|13\/100|[from] item: Life Orb\n|move|p1a: Cresselia|Trick Room|p1a: Cresselia\n|-fieldstart|move: Trick Room|[of] p1a: Cresselia\n|\n|-damage|p2b: Landorus|0 fnt|[from] psn\n|faint|p2b: Landorus\n|upkeep\n|\n|t:|1698933625\n|switch|p2a: Amoonguss|Amoonguss, M|100\/100\n|switch|p2b: Chi-Yu|Chi-Yu, tera:Fire|1\/100\n|-ability|p2b: Chi-Yu|Beads of Ruin\n|turn|9\n|\n|t:|1698933635\n|move|p2a: Amoonguss|Pollen Puff|p1b: Heatran\n|-supereffective|p1b: Heatran\n|-damage|p1b: Heatran|0 fnt\n|faint|p1b: Heatran\n|move|p1a: Cresselia|Psychic|p2a: Amoonguss\n|-supereffective|p2a: Amoonguss\n|-damage|p2a: Amoonguss|23\/100\n|-unboost|p2a: Amoonguss|spd|1\n|-enditem|p2a: Amoonguss|Sitrus Berry|[eat]\n|-heal|p2a: Amoonguss|48\/100|[from] item: Sitrus Berry\n|move|p2b: Chi-Yu|Dark Pulse|p1a: Cresselia\n|-supereffective|p1a: Cresselia\n|-damage|p1a: Cresselia|0 fnt\n|faint|p1a: Cresselia\n|\n|upkeep\n|\n|t:|1698933648\n|switch|p1b: Toxapex|Toxapex, F|100\/100\n|-damage|p1b: Toxapex|88\/100|[from] Stealth Rock\n|turn|10\n|\n|t:|1698933671\n|move|p2a: Amoonguss|Spore|p1b: Toxapex\n|-status|p1b: Toxapex|slp|[from] move: Spore\n|cant|p1b: Toxapex|slp\n|move|p2b: Chi-Yu|Dark Pulse|p1b: Toxapex\n|-damage|p1b: Toxapex|12\/100 slp\n|\n|upkeep\n|turn|11\n|-message|IfUforfeitUsuck forfeited.\n|\n|win|porpoiseQueen\n|raw|IfUforfeitUsuck's rating: 1324 &rarr; <strong>1306<\/strong><br \/>(-18 for losing)\n|raw|porpoiseQueen's rating: 1357 &rarr; <strong>1375<\/strong><br \/>(+18 for winning)\n|l|\u2606IfUforfeitUsuck\n","uploadtime":1698933684,"views":29,"p1id":"ifuforfeitusuck","p2id":"porpoisequeen","formatid":"gen9doublesou","rating":1306,"private":0,"password":""}