{"id":"gen9doublesou-1975076634","p1":"bigbranonbampus","p2":"Kwambom","format":"[Gen 9] Doubles OU","log":"|j|\u2606bigbranonbampus\n|j|\u2606Kwambom\n|t:|1698160076\n|gametype|doubles\n|player|p1|bigbranonbampus|hiker|1298\n|player|p2|Kwambom|2|1195\n|teamsize|p1|6\n|teamsize|p2|6\n|gen|9\n|tier|[Gen 9] Doubles OU\n|rated|\n|rule|Species Clause: Limit one of each Pok\u00e9mon\n|rule|OHKO Clause: OHKO moves are banned\n|rule|Evasion Moves Clause: Evasion moves are banned\n|rule|Gravity Sleep Clause: The combination of sleep-inducing moves with imperfect accuracy and Gravity or Gigantamax Orbeetle are banned\n|rule|Endless Battle Clause: Forcing endless battles is banned\n|rule|HP Percentage Mod: HP is shown in percentages\n|clearpoke\n|poke|p1|Ninetales, F|\n|poke|p1|Ceruledge, F|\n|poke|p1|Sinistcha-Masterpiece|\n|poke|p1|Chi-Yu|\n|poke|p1|Clefable, F|\n|poke|p1|Gliscor, F|\n|poke|p2|Staraptor, F|\n|poke|p2|Ambipom, M|\n|poke|p2|Gliscor, F|\n|poke|p2|Slaking, F|\n|poke|p2|Lycanroc-Dusk, F|\n|poke|p2|Leafeon, M|\n|teampreview\n|inactive|Battle timer is ON: inactive players will automatically lose when time's up. (requested by bigbranonbampus)\n|inactive|Kwambom has 120 seconds left.\n|\n|t:|1698160107\n|start\n|switch|p1a: Chi-Yu|Chi-Yu|100\/100\n|switch|p1b: Clefable|Clefable, F|100\/100\n|switch|p2a: Ambipom|Ambipom, M|100\/100\n|switch|p2b: Leafeon|Leafeon, M|100\/100\n|-ability|p1a: Chi-Yu|Beads of Ruin\n|turn|1\n|\n|t:|1698160119\n|move|p1b: Clefable|Protect|p1b: Clefable\n|-singleturn|p1b: Clefable|Protect\n|move|p2a: Ambipom|Fake Out|p1a: Chi-Yu\n|-damage|p1a: Chi-Yu|49\/100\n|-damage|p2a: Ambipom|90\/100|[from] item: Life Orb\n|cant|p1a: Chi-Yu|flinch\n|move|p2b: Leafeon|Knock Off|p1a: Chi-Yu\n|-resisted|p1a: Chi-Yu\n|-damage|p1a: Chi-Yu|16\/100\n|-enditem|p1a: Chi-Yu|Focus Sash|[from] move: Knock Off|[of] p2b: Leafeon\n|-damage|p2b: Leafeon|91\/100|[from] item: Life Orb\n|\n|upkeep\n|turn|2\n|\n|t:|1698160138\n|switch|p1a: Gliscor|Gliscor, F|100\/100\n|move|p2b: Leafeon|Quick Attack|p1a: Gliscor\n|-damage|p1a: Gliscor|81\/100\n|-damage|p2b: Leafeon|81\/100|[from] item: Life Orb\n|move|p2a: Ambipom|Knock Off|p1b: Clefable\n|-resisted|p1b: Clefable\n|-damage|p1b: Clefable|80\/100\n|-enditem|p1b: Clefable|Life Orb|[from] move: Knock Off|[of] p2a: Ambipom\n|-damage|p2a: Ambipom|80\/100|[from] item: Life Orb\n|move|p1b: Clefable|Calm Mind|p1b: Clefable\n|-boost|p1b: Clefable|spa|1\n|-boost|p1b: Clefable|spd|1\n|\n|upkeep\n|turn|3\n|\n|t:|1698160168\n|move|p2a: Ambipom|Ice Punch|p1a: Gliscor\n|-supereffective|p1a: Gliscor\n|-damage|p1a: Gliscor|0 fnt\n|faint|p1a: Gliscor\n|-damage|p2a: Ambipom|70\/100|[from] item: Life Orb\n|move|p2b: Leafeon|Knock Off|p1b: Clefable\n|-resisted|p1b: Clefable\n|-crit|p1b: Clefable\n|-damage|p1b: Clefable|56\/100\n|-damage|p2b: Leafeon|71\/100|[from] item: Life Orb\n|move|p1b: Clefable|Calm Mind|p1b: Clefable\n|-boost|p1b: Clefable|spa|1\n|-boost|p1b: Clefable|spd|1\n|\n|upkeep\n|\n|t:|1698160185\n|switch|p1a: Sinistcha|Sinistcha-Masterpiece|100\/100\n|-heal|p1b: Clefable|81\/100|[from] ability: Hospitality|[of] p1a: Sinistcha\n|turn|4\n|\n|t:|1698160203\n|move|p2a: Ambipom|Ice Punch|p1a: Sinistcha\n|-supereffective|p1a: Sinistcha\n|-damage|p1a: Sinistcha|60\/100\n|-damage|p2a: Ambipom|60\/100|[from] item: Life Orb\n|move|p2b: Leafeon|Knock Off|p1a: Sinistcha\n|-supereffective|p1a: Sinistcha\n|-damage|p1a: Sinistcha|5\/100\n|-enditem|p1a: Sinistcha|Leftovers|[from] move: Knock Off|[of] p2b: Leafeon\n|-damage|p2b: Leafeon|61\/100|[from] item: Life Orb\n|move|p1b: Clefable|Calm Mind|p1b: Clefable\n|-boost|p1b: Clefable|spa|1\n|-boost|p1b: Clefable|spd|1\n|move|p1a: Sinistcha|Trick Room|p1a: Sinistcha\n|-fieldstart|move: Trick Room|[of] p1a: Sinistcha\n|\n|upkeep\n|turn|5\n|inactive|Kwambom has 120 seconds left.\n|\n|t:|1698160239\n|switch|p2b: Gliscor|Gliscor, F|100\/100\n|-terastallize|p1b: Clefable|Fairy\n|move|p1a: Sinistcha|Protect|p1a: Sinistcha\n|-singleturn|p1a: Sinistcha|Protect\n|move|p1b: Clefable|Dazzling Gleam|p2b: Gliscor|[spread] p2a,p2b\n|-damage|p2a: Ambipom|0 fnt\n|-damage|p2b: Gliscor|0 fnt\n|faint|p2a: Ambipom\n|faint|p2b: Gliscor\n|\n|upkeep\n|\n|t:|1698160250\n|switch|p2b: Staraptor|Staraptor, F|100\/100\n|switch|p2a: Lycanroc|Lycanroc-Dusk, F|100\/100\n|turn|6\n|\n|t:|1698160263\n|move|p2a: Lycanroc|Accelerock|p1a: Sinistcha\n|-damage|p1a: Sinistcha|0 fnt\n|faint|p1a: Sinistcha\n|-damage|p2a: Lycanroc|91\/100|[from] item: Life Orb\n|move|p1b: Clefable|Dazzling Gleam|p2b: Staraptor|[spread] p2a,p2b\n|-damage|p2a: Lycanroc|0 fnt\n|-damage|p2b: Staraptor|0 fnt\n|faint|p2a: Lycanroc\n|faint|p2b: Staraptor\n|\n|upkeep\n|\n|t:|1698160275\n|switch|p1a: Ceruledge|Ceruledge, F|100\/100\n|switch|p2b: Slaking|Slaking, F|100\/100\n|switch|p2a: Leafeon|Leafeon, M|61\/100\n|turn|7\n|\n|t:|1698160286\n|move|p1b: Clefable|Dazzling Gleam|p2b: Slaking|[spread] p2a,p2b\n|-damage|p2a: Leafeon|0 fnt\n|-damage|p2b: Slaking|8\/100\n|faint|p2a: Leafeon\n|move|p2b: Slaking|Earthquake|p1b: Clefable|[spread] p1a,p1b\n|-supereffective|p1a: Ceruledge\n|-damage|p1a: Ceruledge|2\/100\n|-damage|p1b: Clefable|46\/100\n|move|p1a: Ceruledge|Bitter Blade|p2b: Slaking\n|-damage|p2b: Slaking|0 fnt\n|-heal|p1a: Ceruledge|9\/100|[from] drain|[of] p2b: Slaking\n|faint|p2b: Slaking\n|\n|win|bigbranonbampus\n|raw|bigbranonbampus's rating: 1298 &rarr; <strong>1316<\/strong><br \/>(+18 for winning)\n|raw|Kwambom's rating: 1195 &rarr; <strong>1177<\/strong><br \/>(-18 for losing)\n|l|\u2606Kwambom\n","uploadtime":1698160301,"views":13,"p1id":"bigbranonbampus","p2id":"kwambom","formatid":"gen9doublesou","rating":1177,"private":0,"password":""}