{"id":"gen9doublesou-1986033831","p1":"DoerreKong","p2":"mahameloplatano","format":"[Gen 9] Doubles OU","log":"|j|\u2606DoerreKong\n|j|\u2606mahameloplatano\n|t:|1699441666\n|gametype|doubles\n|player|p1|DoerreKong|ltsurge|1663\n|player|p2|mahameloplatano|169|1468\n|teamsize|p1|6\n|teamsize|p2|6\n|gen|9\n|tier|[Gen 9] Doubles OU\n|rated|\n|rule|Species Clause: Limit one of each Pok\u00e9mon\n|rule|OHKO Clause: OHKO moves are banned\n|rule|Evasion Moves Clause: Evasion moves are banned\n|rule|Gravity Sleep Clause: The combination of sleep-inducing moves with imperfect accuracy and Gravity or Gigantamax Orbeetle are banned\n|rule|Endless Battle Clause: Forcing endless battles is banned\n|rule|HP Percentage Mod: HP is shown in percentages\n|clearpoke\n|poke|p1|Torkoal, M|\n|poke|p1|Cresselia, F|\n|poke|p1|Diancie|\n|poke|p1|Iron Hands|\n|poke|p1|Amoonguss, M|\n|poke|p1|Dragonite, F|\n|poke|p2|Tyranitar, M|\n|poke|p2|Grimmsnarl, M|\n|poke|p2|Medicham, M|\n|poke|p2|Gholdengo|\n|poke|p2|Cresselia, F|\n|poke|p2|Dipplin, M|\n|teampreview\n|inactive|Battle timer is ON: inactive players will automatically lose when time's up. (requested by DoerreKong)\n|inactive|mahameloplatano also wants the timer to be on.\n|inactive|mahameloplatano has 120 seconds left.\n|\n|t:|1699441703\n|start\n|switch|p1a: Iron Hands|Iron Hands|100\/100\n|switch|p1b: Cresselia|Cresselia, F|100\/100\n|switch|p2a: Medicham|Medicham, M|100\/100\n|switch|p2b: Gholdengo|Gholdengo|100\/100\n|turn|1\n|\n|t:|1699441724\n|move|p2a: Medicham|Feint|p1a: Iron Hands\n|-damage|p1a: Iron Hands|94\/100\n|move|p2b: Gholdengo|Shadow Ball|p1b: Cresselia\n|-supereffective|p1b: Cresselia\n|-damage|p1b: Cresselia|52\/100\n|move|p1a: Iron Hands|Iron Defense|p1a: Iron Hands\n|-boost|p1a: Iron Hands|def|2\n|move|p1b: Cresselia|Trick Room|p1b: Cresselia\n|-fieldstart|move: Trick Room|[of] p1b: Cresselia\n|\n|-heal|p1a: Iron Hands|100\/100|[from] item: Leftovers\n|-heal|p1b: Cresselia|58\/100|[from] item: Leftovers\n|upkeep\n|turn|2\n|j| zapbros\n|\n|t:|1699441739\n|-terastallize|p1b: Cresselia|Normal\n|move|p1a: Iron Hands|Body Press|p2a: Medicham\n|-resisted|p2a: Medicham\n|-crit|p2a: Medicham\n|-damage|p2a: Medicham|0 fnt\n|faint|p2a: Medicham\n|move|p1b: Cresselia|Calm Mind|p1b: Cresselia\n|-boost|p1b: Cresselia|spa|1\n|-boost|p1b: Cresselia|spd|1\n|move|p2b: Gholdengo|Shadow Ball|p1b: Cresselia\n|-immune|p1b: Cresselia\n|\n|-heal|p1b: Cresselia|64\/100|[from] item: Leftovers\n|upkeep\n|\n|t:|1699441757\n|switch|p2a: Cresselia|Cresselia, F|100\/100\n|turn|3\n|\n|t:|1699441767\n|move|p1a: Iron Hands|Thunder Punch|p2b: Gholdengo\n|-damage|p2b: Gholdengo|63\/100\n|move|p1b: Cresselia|Calm Mind|p1b: Cresselia\n|-boost|p1b: Cresselia|spa|1\n|-boost|p1b: Cresselia|spd|1\n|move|p2a: Cresselia|Psychic|p1a: Iron Hands\n|-supereffective|p1a: Iron Hands\n|-damage|p1a: Iron Hands|47\/100\n|move|p2b: Gholdengo|Shadow Ball|p1a: Iron Hands\n|-damage|p1a: Iron Hands|12\/100\n|\n|-heal|p1a: Iron Hands|18\/100|[from] item: Leftovers\n|-heal|p1b: Cresselia|71\/100|[from] item: Leftovers\n|upkeep\n|turn|4\n|\n|t:|1699441801\n|-end|p1a: Iron Hands|Quark Drive|[silent]\n|switch|p1a: Dragonite|Dragonite, F|100\/100\n|move|p1b: Cresselia|Calm Mind|p1b: Cresselia\n|-boost|p1b: Cresselia|spa|1\n|-boost|p1b: Cresselia|spd|1\n|move|p2b: Gholdengo|Shadow Ball|p1a: Dragonite\n|-damage|p1a: Dragonite|75\/100\n|move|p2a: Cresselia|Thunderbolt|p1b: Cresselia\n|-damage|p1b: Cresselia|65\/100\n|-status|p1b: Cresselia|par\n|\n|-heal|p1b: Cresselia|72\/100 par|[from] item: Leftovers\n|upkeep\n|turn|5\n|\n|t:|1699441821\n|move|p1b: Cresselia|Lunar Blessing|p1b: Cresselia|[spread] p1a,p1b\n|-heal|p1a: Dragonite|99\/100\n|-heal|p1b: Cresselia|97\/100 par\n|-curestatus|p1b: Cresselia|par|[msg]\n|move|p1a: Dragonite|Earthquake|p2b: Gholdengo|[spread] p2b\n|-immune|p1b: Cresselia|[from] ability: Levitate\n|-immune|p2a: Cresselia|[from] ability: Levitate\n|-supereffective|p2b: Gholdengo\n|-damage|p2b: Gholdengo|0 fnt\n|faint|p2b: Gholdengo\n|move|p2a: Cresselia|Ice Beam|p1a: Dragonite\n|-supereffective|p1a: Dragonite\n|-damage|p1a: Dragonite|12\/100\n|\n|-heal|p1b: Cresselia|100\/100|[from] item: Leftovers\n|-fieldend|move: Trick Room\n|upkeep\n|inactive|mahameloplatano has 120 seconds left.\n|\n|t:|1699441842\n|switch|p2b: Grimmsnarl|Grimmsnarl, M|100\/100\n|-item|p1a: Dragonite|Choice Band|[from] ability: Frisk|[of] p2b: Grimmsnarl|[identify]\n|-item|p1b: Cresselia|Leftovers|[from] ability: Frisk|[of] p2b: Grimmsnarl|[identify]\n|turn|6\n|inactive|mahameloplatano has 120 seconds left.\n|\n|t:|1699441866\n|switch|p1a: Amoonguss|Amoonguss, M|100\/100\n|move|p2b: Grimmsnarl|Sucker Punch||[still]\n|-fail|p2b: Grimmsnarl\n|move|p2a: Cresselia|Psychic|p1b: Cresselia\n|-damage|p1b: Cresselia|93\/100\n|move|p1b: Cresselia|Trick Room|p1b: Cresselia\n|-fieldstart|move: Trick Room|[of] p1b: Cresselia\n|\n|-heal|p1b: Cresselia|99\/100|[from] item: Leftovers\n|upkeep\n|turn|7\n|\n|t:|1699441878\n|switch|p2b: Dipplin|Dipplin, M|100\/100\n|-ability|p2b: Dipplin|Supersweet Syrup\n|-ability|p2b: Dipplin|Supersweet Syrup|boost\n|-unboost|p1a: Amoonguss|evasion|1\n|-unboost|p1b: Cresselia|evasion|1\n|move|p1a: Amoonguss|Spore|p2b: Dipplin\n|-immune|p2b: Dipplin\n|move|p1b: Cresselia|Calm Mind|p1b: Cresselia\n|-boost|p1b: Cresselia|spa|1\n|-boost|p1b: Cresselia|spd|1\n|move|p2a: Cresselia|Psychic|p1a: Amoonguss\n|-supereffective|p1a: Amoonguss\n|-damage|p1a: Amoonguss|48\/100\n|\n|-heal|p1b: Cresselia|100\/100|[from] item: Leftovers\n|upkeep\n|turn|8\n|-activate|p1a: Amoonguss|item: Quick Claw\n|\n|t:|1699441903\n|move|p1a: Amoonguss|Spore|p2a: Cresselia\n|-activate|p2a: Cresselia|item: Safety Goggles|Spore\n|move|p2b: Dipplin|Syrup Bomb|p1b: Cresselia\n|-damage|p1b: Cresselia|96\/100\n|-start|p1b: Cresselia|Syrup Bomb\n|move|p1b: Cresselia|Stored Power|p2b: Dipplin\n|-damage|p2b: Dipplin|0 fnt\n|faint|p2b: Dipplin\n|move|p2a: Cresselia|Psychic|p1a: Amoonguss\n|-supereffective|p1a: Amoonguss\n|-damage|p1a: Amoonguss|0 fnt\n|faint|p1a: Amoonguss\n|\n|-heal|p1b: Cresselia|100\/100|[from] item: Leftovers\n|-unboost|p1b: Cresselia|spe|1\n|upkeep\n|inactive|DoerreKong has 120 seconds left.\n|\n|t:|1699441946\n|switch|p1a: Diancie|Diancie|100\/100\n|switch|p2b: Tyranitar|Tyranitar, M|100\/100\n|-weather|Sandstorm|[from] ability: Sand Stream|[of] p2b: Tyranitar\n|turn|9\n|\n|t:|1699441967\n|switch|p2a: Grimmsnarl|Grimmsnarl, M|100\/100\n|-item|p1a: Diancie|Weakness Policy|[from] ability: Frisk|[of] p2a: Grimmsnarl|[identify]\n|-item|p1b: Cresselia|Leftovers|[from] ability: Frisk|[of] p2a: Grimmsnarl|[identify]\n|move|p1a: Diancie|Body Press|p2b: Tyranitar\n|-supereffective|p2b: Tyranitar\n|-damage|p2b: Tyranitar|0 fnt\n|faint|p2b: Tyranitar\n|move|p1b: Cresselia|Calm Mind|p1b: Cresselia\n|-boost|p1b: Cresselia|spa|1\n|-boost|p1b: Cresselia|spd|1\n|\n|-weather|Sandstorm|[upkeep]\n|-damage|p1b: Cresselia|94\/100|[from] Sandstorm\n|-damage|p2a: Grimmsnarl|94\/100|[from] Sandstorm\n|-heal|p1b: Cresselia|100\/100|[from] item: Leftovers\n|-unboost|p1b: Cresselia|spe|1\n|upkeep\n|-message|mahameloplatano forfeited.\n|\n|win|DoerreKong\n|raw|DoerreKong's rating: 1663 &rarr; <strong>1673<\/strong><br \/>(+10 for winning)\n|raw|mahameloplatano's rating: 1468 &rarr; <strong>1458<\/strong><br \/>(-10 for losing)\n|l|\u2606mahameloplatano\n","uploadtime":1699441982,"views":16,"p1id":"doerrekong","p2id":"mahameloplatano","formatid":"gen9doublesou","rating":1458,"private":0,"password":""}