{"id":"gen9doublesou-1980683571","p1":"bananaszn","p2":"C0SuMa","format":"[Gen 9] Doubles OU","log":"|j|\u2606bananaszn\n|j|\u2606C0SuMa\n|t:|1698812470\n|gametype|doubles\n|player|p1|bananaszn|brycen|1329\n|player|p2|C0SuMa|caitlin|1425\n|teamsize|p1|6\n|teamsize|p2|6\n|gen|9\n|tier|[Gen 9] Doubles OU\n|rated|\n|rule|Species Clause: Limit one of each Pok\u00e9mon\n|rule|OHKO Clause: OHKO moves are banned\n|rule|Evasion Moves Clause: Evasion moves are banned\n|rule|Gravity Sleep Clause: The combination of sleep-inducing moves with imperfect accuracy and Gravity or Gigantamax Orbeetle are banned\n|rule|Endless Battle Clause: Forcing endless battles is banned\n|rule|HP Percentage Mod: HP is shown in percentages\n|clearpoke\n|poke|p1|Poliwrath, F|\n|poke|p1|Pelipper, F|\n|poke|p1|Basculegion-F, F|\n|poke|p1|Zapdos|\n|poke|p1|Landorus-Therian, M|\n|poke|p1|Tsareena, F|\n|poke|p2|Ninetales-Alola, F|\n|poke|p2|Flutter Mane|\n|poke|p2|Iron Bundle|\n|poke|p2|Tornadus, M|\n|poke|p2|Iron Hands|\n|poke|p2|Cresselia, F|\n|teampreview\n|\n|t:|1698812481\n|start\n|switch|p1a: Pelipper|Pelipper, F|100\/100\n|switch|p1b: Poliwrath|Poliwrath, F|100\/100\n|switch|p2a: Iron Bundle|Iron Bundle|100\/100\n|switch|p2b: Tornadus|Tornadus, M|100\/100\n|-weather|RainDance|[from] ability: Drizzle|[of] p1a: Pelipper\n|turn|1\n|\n|t:|1698812498\n|switch|p2b: Ninetales|Ninetales-Alola, F|100\/100\n|-weather|Snow|[from] ability: Snow Warning|[of] p2b: Ninetales\n|switch|p1a: Zapdos|Zapdos|100\/100\n|move|p2a: Iron Bundle|Aurora Veil|p2a: Iron Bundle\n|-sidestart|p2: C0SuMa|move: Aurora Veil\n|move|p1b: Poliwrath|Liquidation|p2b: Ninetales\n|-damage|p2b: Ninetales|63\/100\n|\n|-weather|Snow|[upkeep]\n|upkeep\n|turn|2\n|\n|t:|1698812518\n|switch|p2b: Iron Hands|Iron Hands|100\/100\n|switch|p1a: Pelipper|Pelipper, F|100\/100\n|-weather|RainDance|[from] ability: Drizzle|[of] p1a: Pelipper\n|move|p1b: Poliwrath|Liquidation|p2b: Iron Hands\n|-crit|p2b: Iron Hands\n|-damage|p2b: Iron Hands|15\/100\n|-enditem|p2b: Iron Hands|Sitrus Berry|[eat]\n|-heal|p2b: Iron Hands|40\/100|[from] item: Sitrus Berry\n|move|p2a: Iron Bundle|Blizzard|p1a: Pelipper|[spread] p1a,p1b\n|-resisted|p1b: Poliwrath\n|-damage|p1a: Pelipper|39\/100\n|-damage|p1b: Poliwrath|78\/100\n|\n|-weather|RainDance|[upkeep]\n|upkeep\n|turn|3\n|inactive|Battle timer is ON: inactive players will automatically lose when time's up. (requested by C0SuMa)\n|inactive|bananaszn has 120 seconds left.\n|\n|t:|1698812600\n|switch|p1a: Zapdos|Zapdos|100\/100\n|-end|p2b: Iron Hands|Quark Drive|[silent]\n|switch|p2b: Ninetales|Ninetales-Alola, F|63\/100\n|-weather|Snow|[from] ability: Snow Warning|[of] p2b: Ninetales\n|move|p2a: Iron Bundle|Blizzard|p1a: Zapdos|[spread] p1a,p1b\n|-supereffective|p1a: Zapdos\n|-resisted|p1b: Poliwrath\n|-damage|p1a: Zapdos|25\/100\n|-damage|p1b: Poliwrath|55\/100\n|-status|p1b: Poliwrath|frz\n|cant|p1b: Poliwrath|frz\n|\n|-weather|Snow|[upkeep]\n|upkeep\n|turn|4\n|\n|t:|1698812629\n|switch|p2b: Iron Hands|Iron Hands|40\/100\n|switch|p1b: Basculegion|Basculegion-F, F|100\/100\n|switch|p1a: Pelipper|Pelipper, F|39\/100\n|-weather|RainDance|[from] ability: Drizzle|[of] p1a: Pelipper\n|move|p2a: Iron Bundle|Blizzard|p1a: Pelipper|[spread] p1b\n|-miss|p2a: Iron Bundle|p1a: Pelipper\n|-resisted|p1b: Basculegion\n|-damage|p1b: Basculegion|78\/100\n|-status|p1b: Basculegion|frz\n|\n|-weather|RainDance|[upkeep]\n|upkeep\n|turn|5\n|inactive|bananaszn has 120 seconds left.\n|\n|t:|1698812664\n|move|p2b: Iron Hands|Fake Out|p1a: Pelipper\n|-damage|p1a: Pelipper|28\/100\n|cant|p1b: Basculegion|frz\n|move|p2a: Iron Bundle|Blizzard|p1a: Pelipper|[spread] p1a,p1b\n|-resisted|p1b: Basculegion\n|-damage|p1a: Pelipper|0 fnt\n|-damage|p1b: Basculegion|57\/100 frz\n|faint|p1a: Pelipper\n|\n|-weather|RainDance|[upkeep]\n|upkeep\n|inactive|bananaszn has 120 seconds left.\n|\n|t:|1698812670\n|switch|p1a: Zapdos|Zapdos|25\/100\n|turn|6\n|\n|t:|1698812678\n|-end|p2b: Iron Hands|Quark Drive|[silent]\n|switch|p2b: Ninetales|Ninetales-Alola, F|63\/100\n|-weather|Snow|[from] ability: Snow Warning|[of] p2b: Ninetales\n|move|p2a: Iron Bundle|Blizzard|p1b: Basculegion|[spread] p1a,p1b\n|-supereffective|p1a: Zapdos\n|-resisted|p1b: Basculegion\n|-damage|p1a: Zapdos|0 fnt\n|-damage|p1b: Basculegion|37\/100 frz\n|faint|p1a: Zapdos\n|cant|p1b: Basculegion|frz\n|\n|-weather|Snow|[upkeep]\n|upkeep\n|\n|t:|1698812689\n|switch|p1a: Poliwrath|Poliwrath, F|55\/100 frz\n|turn|7\n|\n|t:|1698812698\n|move|p2a: Iron Bundle|Blizzard|p1a: Poliwrath|[spread] p1a,p1b\n|-resisted|p1a: Poliwrath\n|-resisted|p1b: Basculegion\n|-damage|p1a: Poliwrath|30\/100 frz\n|-damage|p1b: Basculegion|14\/100 frz\n|move|p2b: Ninetales|Blizzard|p1b: Basculegion|[spread] p1a,p1b\n|-resisted|p1a: Poliwrath\n|-resisted|p1b: Basculegion\n|-damage|p1a: Poliwrath|15\/100 frz\n|-damage|p1b: Basculegion|0 fnt\n|faint|p1b: Basculegion\n|cant|p1a: Poliwrath|frz\n|\n|-weather|Snow|[upkeep]\n|upkeep\n|-message|bananaszn forfeited.\n|\n|win|C0SuMa\n|raw|bananaszn's rating: 1329 &rarr; <strong>1314<\/strong><br \/>(-15 for losing)\n|raw|C0SuMa's rating: 1425 &rarr; <strong>1440<\/strong><br \/>(+15 for winning)\n|l|\u2606bananaszn\n","uploadtime":1698812715,"views":18,"p1id":"bananaszn","p2id":"c0suma","formatid":"gen9doublesou","rating":1314,"private":0,"password":""}