{"id":"gen9doublesou-1989415169","p1":"MarteSZN","p2":"swunkey","format":"[Gen 9] Doubles OU","log":"|j|\u2606MarteSZN\n|j|\u2606swunkey\n|t:|1699847286\n|gametype|doubles\n|player|p1|MarteSZN|1|1068\n|player|p2|swunkey|hau-stance|1116\n|teamsize|p1|6\n|teamsize|p2|6\n|gen|9\n|tier|[Gen 9] Doubles OU\n|rated|\n|rule|Species Clause: Limit one of each Pok\u00e9mon\n|rule|OHKO Clause: OHKO moves are banned\n|rule|Evasion Moves Clause: Evasion moves are banned\n|rule|Gravity Sleep Clause: The combination of sleep-inducing moves with imperfect accuracy and Gravity or Gigantamax Orbeetle are banned\n|rule|Endless Battle Clause: Forcing endless battles is banned\n|rule|HP Percentage Mod: HP is shown in percentages\n|clearpoke\n|poke|p1|Magnezone|\n|poke|p1|Garchomp, F|\n|poke|p1|Gyarados, M|\n|poke|p1|Amoonguss, F|\n|poke|p1|Toxicroak, F|\n|poke|p1|Iron Moth|\n|poke|p2|Dudunsparce-*, M|\n|poke|p2|Maushold-Four|\n|poke|p2|Flamigo, M|\n|poke|p2|Probopass, M|\n|poke|p2|Tornadus, M|\n|poke|p2|Okidogi, M|\n|teampreview\n|inactive|Battle timer is ON: inactive players will automatically lose when time's up. (requested by swunkey)\n|j| Enzonana\n|c| Enzonana|chinge a su madre el que entra\n|inactive|MarteSZN has 120 seconds left.\n|\n|t:|1699847320\n|start\n|switch|p1a: Gyarados|Gyarados, M|100\/100\n|switch|p1b: Amoonguss|Amoonguss, F, shiny|100\/100\n|switch|p2a: Dudunsparce|Dudunsparce-Three-Segment, M|100\/100\n|switch|p2b: Maushold|Maushold-Four|100\/100\n|-ability|p1a: Gyarados|Intimidate|boost\n|-unboost|p2a: Dudunsparce|atk|1\n|-ability|p2a: Dudunsparce|Rattled|boost\n|-boost|p2a: Dudunsparce|spe|1\n|-unboost|p2b: Maushold|atk|1\n|turn|1\n|l|enzonana\n|c|\u2606MarteSZN|literal\n|c|\u2606MarteSZN|chingue a su madre cb\n|j| yuninokata\n|\n|t:|1699847340\n|-terastallize|p2a: Dudunsparce|Ghost\n|move|p2b: Maushold|Beat Up|p2a: Dudunsparce\n|-supereffective|p2a: Dudunsparce\n|-damage|p2a: Dudunsparce|99\/100\n|-ability|p2a: Dudunsparce|Rattled|boost\n|-boost|p2a: Dudunsparce|spe|1\n|-enditem|p2a: Dudunsparce|Weakness Policy\n|-boost|p2a: Dudunsparce|atk|2|[from] item: Weakness Policy\n|-boost|p2a: Dudunsparce|spa|2|[from] item: Weakness Policy\n|-supereffective|p2a: Dudunsparce\n|-damage|p2a: Dudunsparce|97\/100\n|-ability|p2a: Dudunsparce|Rattled|boost\n|-boost|p2a: Dudunsparce|spe|1\n|-supereffective|p2a: Dudunsparce\n|-damage|p2a: Dudunsparce|95\/100\n|-ability|p2a: Dudunsparce|Rattled|boost\n|-boost|p2a: Dudunsparce|spe|1\n|-supereffective|p2a: Dudunsparce\n|-damage|p2a: Dudunsparce|94\/100\n|-ability|p2a: Dudunsparce|Rattled|boost\n|-boost|p2a: Dudunsparce|spe|1\n|-supereffective|p2a: Dudunsparce\n|-damage|p2a: Dudunsparce|92\/100\n|-ability|p2a: Dudunsparce|Rattled|boost\n|-boost|p2a: Dudunsparce|spe|1\n|-supereffective|p2a: Dudunsparce\n|-damage|p2a: Dudunsparce|89\/100\n|-hitcount|p2a: Dudunsparce|6\n|move|p2a: Dudunsparce|Amnesia|p2a: Dudunsparce\n|-boost|p2a: Dudunsparce|spd|2\n|move|p1a: Gyarados|Dragon Dance|p1a: Gyarados\n|-boost|p1a: Gyarados|atk|1\n|-boost|p1a: Gyarados|spe|1\n|move|p1b: Amoonguss|Toxic|p2b: Maushold\n|-status|p2b: Maushold|tox\n|\n|-damage|p2b: Maushold|94\/100 tox|[from] psn\n|upkeep\n|turn|2\n|\n|t:|1699847369\n|move|p2b: Maushold|Follow Me|p2b: Maushold\n|-singleturn|p2b: Maushold|move: Follow Me\n|move|p2a: Dudunsparce|Stored Power|p1b: Amoonguss\n|-supereffective|p1b: Amoonguss\n|-damage|p1b: Amoonguss|0 fnt\n|faint|p1b: Amoonguss\n|move|p1a: Gyarados|Waterfall|p2b: Maushold\n|-damage|p2b: Maushold|5\/100 tox\n|\n|-damage|p2b: Maushold|0 fnt|[from] psn\n|faint|p2b: Maushold\n|upkeep\n|\n|t:|1699847381\n|switch|p2b: Flamigo|Flamigo, M|100\/100\n|switch|p1b: Toxicroak|Toxicroak, F|100\/100\n|-copyboost|p2b: Flamigo|p2a: Dudunsparce|[from] ability: Costar\n|turn|3\n|l| yuninokata\n|\n|t:|1699847410\n|move|p1b: Toxicroak|Fake Out|p2b: Flamigo\n|-crit|p2b: Flamigo\n|-damage|p2b: Flamigo|72\/100\n|-status|p2b: Flamigo|psn|[from] ability: Poison Touch|[of] p1b: Toxicroak\n|cant|p2b: Flamigo|flinch\n|move|p2a: Dudunsparce|Stored Power|p1a: Gyarados\n|-damage|p1a: Gyarados|0 fnt\n|faint|p1a: Gyarados\n|\n|-damage|p2b: Flamigo|60\/100 psn|[from] psn\n|upkeep\n|\n|t:|1699847422\n|switch|p1a: Garchomp|Garchomp, F, shiny|100\/100\n|turn|4\n|\n|t:|1699847439\n|move|p2b: Flamigo|Lunge|p1a: Garchomp\n|-damage|p1a: Garchomp|65\/100\n|-unboost|p1a: Garchomp|atk|1\n|-damage|p2b: Flamigo|47\/100 psn|[from] ability: Rough Skin|[of] p1a: Garchomp\n|-damage|p2b: Flamigo|31\/100 psn|[from] item: Rocky Helmet|[of] p1a: Garchomp\n|move|p2a: Dudunsparce|Stored Power|p1b: Toxicroak\n|-supereffective|p1b: Toxicroak\n|-enditem|p1b: Toxicroak|Focus Sash\n|-damage|p1b: Toxicroak|1\/100\n|move|p1a: Garchomp|Dragon Claw|p2b: Flamigo\n|-damage|p2b: Flamigo|0 fnt\n|faint|p2b: Flamigo\n|move|p1b: Toxicroak|Knock Off|p2a: Dudunsparce\n|-supereffective|p2a: Dudunsparce\n|-damage|p2a: Dudunsparce|60\/100\n|\n|upkeep\n|\n|t:|1699847458\n|switch|p2b: Okidogi|Okidogi, M|100\/100\n|turn|5\n|\n|t:|1699847474\n|move|p2a: Dudunsparce|Hyper Voice|p1b: Toxicroak|[spread] p1a,p1b\n|-damage|p1a: Garchomp|8\/100\n|-damage|p1b: Toxicroak|0 fnt\n|faint|p1b: Toxicroak\n|move|p1a: Garchomp|Earthquake|p2b: Okidogi|[spread] p2a,p2b\n|-supereffective|p2b: Okidogi\n|-damage|p2a: Dudunsparce|39\/100\n|-damage|p2b: Okidogi|59\/100\n|move|p2b: Okidogi|Bulk Up|p2b: Okidogi\n|-boost|p2b: Okidogi|atk|1\n|-boost|p2b: Okidogi|def|1\n|\n|upkeep\n|\n|t:|1699847484\n|switch|p1b: Iron Moth|Iron Moth|100\/100\n|-enditem|p1b: Iron Moth|Booster Energy\n|-activate|p1b: Iron Moth|ability: Quark Drive|[fromitem]\n|-start|p1b: Iron Moth|quarkdrivespa\n|turn|6\n|\n|t:|1699847513\n|-terastallize|p1b: Iron Moth|Fire\n|move|p2a: Dudunsparce|Stored Power|p1b: Iron Moth\n|-damage|p1b: Iron Moth|0 fnt\n|faint|p1b: Iron Moth\n|-end|p1b: Iron Moth|Quark Drive|[silent]\n|move|p1a: Garchomp|Dragon Claw|p2b: Okidogi\n|-damage|p2b: Okidogi|45\/100\n|move|p2b: Okidogi|Drain Punch|p1a: Garchomp\n|-damage|p1a: Garchomp|0 fnt\n|-heal|p2b: Okidogi|49\/100|[from] drain|[of] p1a: Garchomp\n|-damage|p2b: Okidogi|36\/100|[from] ability: Rough Skin|[of] p1a: Garchomp\n|-damage|p2b: Okidogi|20\/100|[from] item: Rocky Helmet|[of] p1a: Garchomp\n|faint|p1a: Garchomp\n|\n|upkeep\n|inactive|MarteSZN has 120 seconds left.\n|\n|t:|1699847550\n|switch|p1b: Magnezone|Magnezone|100\/100\n|turn|7\n|\n|t:|1699847559\n|move|p2a: Dudunsparce|Hyper Voice|p1b: Magnezone\n|-resisted|p1b: Magnezone\n|-damage|p1b: Magnezone|58\/100\n|move|p2b: Okidogi|Drain Punch|p1b: Magnezone\n|-supereffective|p1b: Magnezone\n|-damage|p1b: Magnezone|0 fnt\n|-heal|p2b: Okidogi|41\/100|[from] drain|[of] p1b: Magnezone\n|faint|p1b: Magnezone\n|\n|win|swunkey\n|raw|MarteSZN's rating: 1068 &rarr; <strong>1051<\/strong><br \/>(-17 for losing)\n|raw|swunkey's rating: 1116 &rarr; <strong>1138<\/strong><br \/>(+22 for winning)\n","uploadtime":1699847313,"views":19,"p1id":"marteszn","p2id":"swunkey","formatid":"gen9doublesou","rating":1051,"private":0,"password":""}