{"id":"gen9doublesou-1976736812","p1":"UY QUE RICO PAPI!","p2":"days until","format":"[Gen 9] Doubles OU","log":"|j|\u2606UY QUE RICO PAPI!\n|j|\u2606days until\n|t:|1698337342\n|gametype|doubles\n|player|p1|UY QUE RICO PAPI!|2|1308\n|player|p2|days until|baker|1493\n|teamsize|p1|6\n|teamsize|p2|6\n|gen|9\n|tier|[Gen 9] Doubles OU\n|rated|\n|rule|Species Clause: Limit one of each Pok\u00e9mon\n|rule|OHKO Clause: OHKO moves are banned\n|rule|Evasion Moves Clause: Evasion moves are banned\n|rule|Gravity Sleep Clause: The combination of sleep-inducing moves with imperfect accuracy and Gravity or Gigantamax Orbeetle are banned\n|rule|Endless Battle Clause: Forcing endless battles is banned\n|rule|HP Percentage Mod: HP is shown in percentages\n|clearpoke\n|poke|p1|Bronzong|\n|poke|p1|Weavile, M|\n|poke|p1|Hatterene, F|\n|poke|p1|Ursaluna, F|\n|poke|p1|Trevenant, M|\n|poke|p1|Orthworm, M|\n|poke|p2|Gyarados, M|\n|poke|p2|Volcarona, M|\n|poke|p2|Iron Bundle|\n|poke|p2|Sinistcha|\n|poke|p2|Ninetales-Alola, F|\n|poke|p2|Iron Hands|\n|teampreview\n|inactive|Battle timer is ON: inactive players will automatically lose when time's up. (requested by days until)\n|\n|t:|1698337363\n|start\n|switch|p1a: Bronzong|Bronzong|100\/100\n|switch|p1b: Weavile|Weavile, M|100\/100\n|switch|p2a: Iron Bundle|Iron Bundle|100\/100\n|switch|p2b: Iron Hands|Iron Hands|100\/100\n|-enditem|p2a: Iron Bundle|Booster Energy\n|-activate|p2a: Iron Bundle|ability: Quark Drive|[fromitem]\n|-start|p2a: Iron Bundle|quarkdrivespe\n|turn|1\n|\n|t:|1698337391\n|move|p1b: Weavile|Fake Out|p2b: Iron Hands\n|-damage|p2b: Iron Hands|90\/100\n|move|p2a: Iron Bundle|Hydro Pump|p1b: Weavile\n|-damage|p1b: Weavile|26\/100\n|cant|p2b: Iron Hands|flinch\n|move|p1a: Bronzong|Trick Room|p1a: Bronzong\n|-fieldstart|move: Trick Room|[of] p1a: Bronzong\n|\n|upkeep\n|turn|2\n|\n|t:|1698337408\n|move|p1b: Weavile|Ice Shard|p2a: Iron Bundle\n|-resisted|p2a: Iron Bundle\n|-damage|p2a: Iron Bundle|95\/100\n|move|p1a: Bronzong|Stealth Rock|p2a: Iron Bundle\n|-sidestart|p2: days until|move: Stealth Rock\n|move|p2b: Iron Hands|Drain Punch|p1b: Weavile\n|-supereffective|p1b: Weavile\n|-crit|p1b: Weavile\n|-damage|p1b: Weavile|0 fnt\n|-heal|p2b: Iron Hands|98\/100|[from] drain|[of] p1b: Weavile\n|faint|p1b: Weavile\n|move|p2a: Iron Bundle|Encore|p1a: Bronzong\n|-start|p1a: Bronzong|Encore\n|\n|upkeep\n|\n|t:|1698337428\n|switch|p1b: Ursaluna|Ursaluna, F|100\/100\n|turn|3\n|\n|t:|1698337434\n|switch|p1a: Orthworm|Orthworm, M|100\/100\n|-end|p2b: Iron Hands|Quark Drive|[silent]\n|switch|p2b: Ninetales|Ninetales-Alola, F|100\/100\n|-damage|p2b: Ninetales|75\/100|[from] Stealth Rock\n|-weather|Snow|[from] ability: Snow Warning|[of] p2b: Ninetales\n|move|p1b: Ursaluna|Protect|p1b: Ursaluna\n|-singleturn|p1b: Ursaluna|Protect\n|move|p2a: Iron Bundle|Aurora Veil|p2a: Iron Bundle\n|-sidestart|p2: days until|move: Aurora Veil\n|\n|-weather|Snow|[upkeep]\n|-status|p1b: Ursaluna|brn|[from] item: Flame Orb\n|upkeep\n|turn|4\n|\n|t:|1698337459\n|-terastallize|p1b: Ursaluna|Ground\n|move|p1a: Orthworm|Helping Hand|p1b: Ursaluna\n|-singleturn|p1b: Ursaluna|Helping Hand|[of] p1a: Orthworm\n|move|p1b: Ursaluna|Earthquake|p2b: Ninetales|[spread] p2a,p2b\n|-immune|p1a: Orthworm|[from] ability: Earth Eater\n|-damage|p2a: Iron Bundle|38\/100\n|-damage|p2b: Ninetales|0 fnt\n|faint|p2b: Ninetales\n|move|p2a: Iron Bundle|Encore|p1a: Orthworm\n|-start|p1a: Orthworm|Encore\n|\n|-weather|Snow|[upkeep]\n|-damage|p1b: Ursaluna|94\/100 brn|[from] brn\n|upkeep\n|\n|t:|1698337469\n|switch|p2b: Sinistcha|Sinistcha|100\/100\n|-damage|p2b: Sinistcha|88\/100|[from] Stealth Rock\n|-heal|p2a: Iron Bundle|63\/100|[from] ability: Hospitality|[of] p2b: Sinistcha\n|turn|5\n|\n|t:|1698337495\n|switch|p1b: Bronzong|Bronzong|100\/100\n|switch|p1a: Hatterene|Hatterene, F|100\/100\n|move|p2b: Sinistcha|Matcha Gotcha|p1a: Hatterene|[spread] p1a,p1b\n|-resisted|p1b: Bronzong\n|-crit|p1b: Bronzong\n|-damage|p1a: Hatterene|74\/100\n|-heal|p2b: Sinistcha|100\/100|[from] drain|[of] p1a: Hatterene\n|-damage|p1b: Bronzong|83\/100\n|move|p2a: Iron Bundle|Hydro Pump|p1b: Bronzong\n|-damage|p1b: Bronzong|40\/100\n|\n|-weather|Snow|[upkeep]\n|-fieldend|move: Trick Room\n|upkeep\n|turn|6\n|\n|t:|1698337517\n|move|p1b: Bronzong|Protect|p1b: Bronzong\n|-singleturn|p1b: Bronzong|Protect\n|move|p2a: Iron Bundle|Hydro Pump|p1b: Bronzong\n|-activate|p1b: Bronzong|move: Protect\n|move|p2b: Sinistcha|Calm Mind|p2b: Sinistcha\n|-boost|p2b: Sinistcha|spa|1\n|-boost|p2b: Sinistcha|spd|1\n|move|p1a: Hatterene|Trick Room|p1a: Hatterene\n|-fieldstart|move: Trick Room|[of] p1a: Hatterene\n|\n|-weather|Snow|[upkeep]\n|upkeep\n|turn|7\n|inactive|UY QUE RICO PAPI! has 120 seconds left.\n|\n|t:|1698337572\n|move|p1a: Hatterene|Dark Pulse|p2b: Sinistcha\n|-supereffective|p2b: Sinistcha\n|-damage|p2b: Sinistcha|75\/100\n|move|p1b: Bronzong|Steel Beam|p2b: Sinistcha\n|-damage|p2b: Sinistcha|52\/100\n|-damage|p1b: Bronzong|0 fnt|[from] steelbeam\n|faint|p1b: Bronzong\n|move|p2b: Sinistcha|Matcha Gotcha|p1a: Hatterene\n|-damage|p1a: Hatterene|23\/100\n|-heal|p2b: Sinistcha|75\/100|[from] drain|[of] p1a: Hatterene\n|-status|p1a: Hatterene|brn\n|move|p2a: Iron Bundle|Encore|p1a: Hatterene\n|move|p1a: Hatterene|Encore||[from]ability: Magic Bounce|[still]\n|-fail|p1a: Hatterene\n|\n|-weather|none\n|-damage|p1a: Hatterene|17\/100 brn|[from] brn\n|-sideend|p2: days until|move: Aurora Veil\n|upkeep\n|inactive|UY QUE RICO PAPI! has 90 seconds left.\n|\n|t:|1698337596\n|switch|p1b: Ursaluna|Ursaluna, F, tera:Ground|94\/100 brn\n|turn|8\n|\n|t:|1698337619\n|move|p1a: Hatterene|Dark Pulse|p2b: Sinistcha\n|-supereffective|p2b: Sinistcha\n|-damage|p2b: Sinistcha|34\/100\n|move|p1b: Ursaluna|Earthquake|p2a: Iron Bundle|[spread] p1a,p2a,p2b\n|-resisted|p2b: Sinistcha\n|-damage|p1a: Hatterene|0 fnt\n|-damage|p2a: Iron Bundle|0 fnt\n|-damage|p2b: Sinistcha|0 fnt\n|faint|p1a: Hatterene\n|faint|p2a: Iron Bundle\n|-end|p2a: Iron Bundle|Quark Drive|[silent]\n|faint|p2b: Sinistcha\n|\n|-damage|p1b: Ursaluna|88\/100 brn|[from] brn\n|upkeep\n|\n|t:|1698337633\n|switch|p1a: Orthworm|Orthworm, M|100\/100\n|switch|p2b: Iron Hands|Iron Hands|98\/100\n|switch|p2a: Gyarados|Gyarados, M|100\/100\n|-damage|p2b: Iron Hands|92\/100|[from] Stealth Rock\n|-damage|p2a: Gyarados|75\/100|[from] Stealth Rock\n|-ability|p2a: Gyarados|Intimidate|boost\n|-unboost|p1a: Orthworm|atk|1\n|-unboost|p1b: Ursaluna|atk|1\n|turn|9\n|\n|t:|1698337645\n|move|p1b: Ursaluna|Protect|p1b: Ursaluna\n|-singleturn|p1b: Ursaluna|Protect\n|move|p2b: Iron Hands|Fake Out|p1b: Ursaluna\n|-activate|p1b: Ursaluna|move: Protect\n|move|p1a: Orthworm|Smack Down|p2a: Gyarados\n|-supereffective|p2a: Gyarados\n|-damage|p2a: Gyarados|57\/100\n|-start|p2a: Gyarados|Smack Down\n|move|p2a: Gyarados|Waterfall|p1a: Orthworm\n|-damage|p1a: Orthworm|69\/100\n|\n|-damage|p1b: Ursaluna|82\/100 brn|[from] brn\n|upkeep\n|turn|10\n|\n|t:|1698337664\n|-terastallize|p2b: Iron Hands|Grass\n|move|p1b: Ursaluna|Earthquake|p2b: Iron Hands|[spread] p2a,p2b\n|-heal|p1a: Orthworm|94\/100|[from] ability: Earth Eater|[of] p1b: Ursaluna\n|-resisted|p2b: Iron Hands\n|-crit|p2b: Iron Hands\n|-damage|p2a: Gyarados|0 fnt\n|-damage|p2b: Iron Hands|48\/100\n|faint|p2a: Gyarados\n|move|p1a: Orthworm|Shed Tail|p1a: Orthworm\n|-start|p1a: Orthworm|Substitute|[from] move: Shed Tail\n|-damage|p1a: Orthworm|44\/100\n|-enditem|p1a: Orthworm|Sitrus Berry|[eat]\n|-heal|p1a: Orthworm|69\/100|[from] item: Sitrus Berry\n|\n|t:|1698337676\n|switch|p1a: Trevenant|Trevenant, M|100\/100|[from] Shed Tail\n|move|p2b: Iron Hands|Drain Punch|p1b: Ursaluna\n|-damage|p1b: Ursaluna|51\/100 brn\n|-heal|p2b: Iron Hands|64\/100|[from] drain|[of] p1b: Ursaluna\n|\n|-damage|p1b: Ursaluna|45\/100 brn|[from] brn\n|-fieldend|move: Trick Room\n|upkeep\n|\n|t:|1698337684\n|switch|p2a: Volcarona|Volcarona, M|100\/100\n|-damage|p2a: Volcarona|50\/100|[from] Stealth Rock\n|turn|11\n|\n|t:|1698337690\n|move|p1b: Ursaluna|Protect|p1b: Ursaluna\n|-singleturn|p1b: Ursaluna|Protect\n|move|p2a: Volcarona|Heat Wave|p1b: Ursaluna|[spread] p1a\n|-activate|p1b: Ursaluna|move: Protect\n|-supereffective|p1a: Trevenant\n|-end|p1a: Trevenant|Substitute\n|move|p2b: Iron Hands|Wild Charge|p1a: Trevenant\n|-resisted|p1a: Trevenant\n|-damage|p1a: Trevenant|70\/100\n|-damage|p2b: Iron Hands|57\/100|[from] Recoil\n|move|p1a: Trevenant|Trick Room|p1a: Trevenant\n|-fieldstart|move: Trick Room|[of] p1a: Trevenant\n|\n|-heal|p2a: Volcarona|57\/100|[from] item: Leftovers\n|-damage|p1b: Ursaluna|39\/100 brn|[from] brn\n|upkeep\n|turn|12\n|\n|t:|1698337708\n|move|p1a: Trevenant|Ally Switch|p1a: Trevenant\n|swap|p1a: Trevenant|1|[from] move: Ally Switch\n|move|p1a: Ursaluna|Earthquake|p2a: Volcarona|[spread] p1b,p2a,p2b\n|-resisted|p1b: Trevenant\n|-resisted|p2b: Iron Hands\n|-damage|p1b: Trevenant|33\/100\n|-damage|p2a: Volcarona|0 fnt\n|-damage|p2b: Iron Hands|35\/100\n|-enditem|p1b: Trevenant|Sitrus Berry|[eat]\n|-heal|p1b: Trevenant|58\/100|[from] item: Sitrus Berry\n|faint|p2a: Volcarona\n|move|p2b: Iron Hands|Drain Punch|p1b: Trevenant\n|-immune|p1b: Trevenant\n|\n|-damage|p1a: Ursaluna|32\/100 brn|[from] brn\n|upkeep\n|turn|13\n|c|\u2606days until|lame\n|-message|days until forfeited.\n|\n|win|UY QUE RICO PAPI!\n|raw|UY QUE RICO PAPI!'s rating: 1308 &rarr; <strong>1338<\/strong><br \/>(+30 for winning)\n|raw|days until's rating: 1493 &rarr; <strong>1463<\/strong><br \/>(-30 for losing)\n|l|\u2606days until\n","uploadtime":1698337724,"views":16,"p1id":"uyquericopapi","p2id":"daysuntil","formatid":"gen9doublesou","rating":1338,"private":0,"password":""}