{"id":"gen9doublesou-1985710283","p1":"ButWhyThough_4","p2":"Bugcatcher1045","format":"[Gen 9] Doubles OU","log":"|j|\u2606ButWhyThough_4\n|j|\u2606Bugcatcher1045\n|t:|1699398081\n|gametype|doubles\n|player|p1|ButWhyThough_4|hilbert|1431\n|player|p2|Bugcatcher1045|rocket-gen1rb|1488\n|teamsize|p1|6\n|teamsize|p2|6\n|gen|9\n|tier|[Gen 9] Doubles OU\n|rated|\n|rule|Species Clause: Limit one of each Pok\u00e9mon\n|rule|OHKO Clause: OHKO moves are banned\n|rule|Evasion Moves Clause: Evasion moves are banned\n|rule|Gravity Sleep Clause: The combination of sleep-inducing moves with imperfect accuracy and Gravity or Gigantamax Orbeetle are banned\n|rule|Endless Battle Clause: Forcing endless battles is banned\n|rule|HP Percentage Mod: HP is shown in percentages\n|clearpoke\n|poke|p1|Chi-Yu|\n|poke|p1|Chien-Pao|\n|poke|p1|Ting-Lu|\n|poke|p1|Wo-Chien|\n|poke|p1|Iron Hands|\n|poke|p1|Flutter Mane|\n|poke|p2|Florges, F|\n|poke|p2|Meowscarada, M|\n|poke|p2|Goodra-Hisui, M|\n|poke|p2|Golduck, F|\n|poke|p2|Sinistcha|\n|poke|p2|Kommo-o, F|\n|teampreview\n|\n|t:|1699398088\n|start\n|switch|p1a: Chien-Pao|Chien-Pao|100\/100\n|switch|p1b: Ting-Lu|Ting-Lu|100\/100\n|switch|p2a: Meowscarada|Meowscarada, M|100\/100\n|switch|p2b: Goodra|Goodra-Hisui, M|100\/100\n|-ability|p1a: Chien-Pao|Sword of Ruin\n|-ability|p1b: Ting-Lu|Vessel of Ruin\n|turn|1\n|\n|t:|1699398103\n|switch|p1a: Wo-Chien|Wo-Chien|100\/100\n|-ability|p1a: Wo-Chien|Tablets of Ruin\n|move|p2a: Meowscarada|Petal Blizzard|p1a: Wo-Chien|[spread] p1a,p1b\n|-ability|p2b: Goodra|Sap Sipper|boost\n|-boost|p2b: Goodra|atk|1\n|-resisted|p1a: Wo-Chien\n|-supereffective|p1b: Ting-Lu\n|-damage|p1a: Wo-Chien|91\/100\n|-damage|p1b: Ting-Lu|71\/100\n|move|p1b: Ting-Lu|Spikes|p2a: Meowscarada\n|-sidestart|p2: Bugcatcher1045|Spikes\n|move|p2b: Goodra|Dragon Tail|p1b: Ting-Lu\n|-damage|p1b: Ting-Lu|47\/100\n|-damage|p2b: Goodra|91\/100|[from] item: Life Orb\n|drag|p1b: Othermeta|Chi-Yu|100\/100\n|-ability|p1b: Othermeta|Beads of Ruin\n|\n|-heal|p1a: Wo-Chien|97\/100|[from] item: Leftovers\n|upkeep\n|turn|2\n|\n|t:|1699398124\n|move|p2a: Meowscarada|Petal Blizzard|p1a: Wo-Chien|[spread] p1a,p1b\n|-ability|p2b: Goodra|Sap Sipper|boost\n|-boost|p2b: Goodra|atk|1\n|-resisted|p1a: Wo-Chien\n|-resisted|p1b: Othermeta\n|-damage|p1a: Wo-Chien|88\/100\n|-damage|p1b: Othermeta|87\/100\n|move|p1b: Othermeta|Overheat|p2b: Goodra\n|-damage|p2b: Goodra|29\/100\n|-unboost|p1b: Othermeta|spa|2\n|move|p1a: Wo-Chien|Foul Play|p2b: Goodra\n|-damage|p2b: Goodra|0 fnt\n|faint|p2b: Goodra\n|\n|-heal|p1a: Wo-Chien|94\/100|[from] item: Leftovers\n|upkeep\n|\n|t:|1699398140\n|switch|p2b: Kommo-o|Kommo-o, F|100\/100\n|-damage|p2b: Kommo-o|88\/100|[from] Spikes\n|turn|3\n|\n|t:|1699398151\n|switch|p1b: Flutter Mane|Flutter Mane|100\/100\n|-enditem|p1b: Flutter Mane|Booster Energy\n|-activate|p1b: Flutter Mane|ability: Protosynthesis|[fromitem]\n|-start|p1b: Flutter Mane|protosynthesisspe\n|move|p2a: Meowscarada|Spikes|p1b: Flutter Mane\n|-sidestart|p1: ButWhyThough_4|Spikes\n|move|p2b: Kommo-o|Clangorous Soul|p2b: Kommo-o\n|-boost|p2b: Kommo-o|atk|1\n|-boost|p2b: Kommo-o|def|1\n|-boost|p2b: Kommo-o|spa|1\n|-boost|p2b: Kommo-o|spd|1\n|-boost|p2b: Kommo-o|spe|1\n|-damage|p2b: Kommo-o|55\/100\n|-enditem|p2b: Kommo-o|Throat Spray\n|-boost|p2b: Kommo-o|spa|1|[from] item: Throat Spray\n|move|p1a: Wo-Chien|Leech Seed|p2b: Kommo-o\n|-start|p2b: Kommo-o|move: Leech Seed\n|\n|-heal|p1a: Wo-Chien|100\/100|[from] item: Leftovers\n|-damage|p2b: Kommo-o|43\/100|[from] Leech Seed|[of] p1a: Wo-Chien\n|upkeep\n|turn|4\n|\n|t:|1699398170\n|move|p1a: Wo-Chien|Protect|p1a: Wo-Chien\n|-singleturn|p1a: Wo-Chien|Protect\n|move|p2a: Meowscarada|Sucker Punch|p1b: Flutter Mane\n|-damage|p1b: Flutter Mane|62\/100\n|move|p1b: Flutter Mane|Dazzling Gleam|p2b: Kommo-o|[spread] p2a,p2b\n|-supereffective|p2a: Meowscarada\n|-supereffective|p2b: Kommo-o\n|-damage|p2a: Meowscarada|10\/100\n|-damage|p2b: Kommo-o|0 fnt\n|faint|p2b: Kommo-o\n|\n|upkeep\n|\n|t:|1699398177\n|switch|p2b: Florges|Florges, F|100\/100\n|-damage|p2b: Florges|88\/100|[from] Spikes\n|turn|5\n|\n|t:|1699398186\n|move|p2a: Meowscarada|Sucker Punch|p1b: Flutter Mane\n|-damage|p1b: Flutter Mane|22\/100\n|move|p1b: Flutter Mane|Dazzling Gleam|p2b: Florges|[spread] p2a,p2b\n|-supereffective|p2a: Meowscarada\n|-damage|p2a: Meowscarada|0 fnt\n|-damage|p2b: Florges|69\/100\n|faint|p2a: Meowscarada\n|move|p2b: Florges|Pollen Puff|p1a: Wo-Chien\n|-supereffective|p1a: Wo-Chien\n|-damage|p1a: Wo-Chien|44\/100\n|move|p1a: Wo-Chien|Pollen Puff|p1b: Flutter Mane\n|-heal|p1b: Flutter Mane|72\/100\n|\n|-heal|p1a: Wo-Chien|50\/100|[from] item: Leftovers\n|upkeep\n|\n|t:|1699398196\n|switch|p2a: Sinistcha|Sinistcha|100\/100\n|-heal|p2b: Florges|94\/100|[from] ability: Hospitality|[of] p2a: Sinistcha\n|turn|6\n|\n|t:|1699398208\n|-end|p1b: Flutter Mane|Protosynthesis|[silent]\n|switch|p1b: Othermeta|Chi-Yu|87\/100\n|-damage|p1b: Othermeta|75\/100|[from] Spikes\n|-ability|p1b: Othermeta|Beads of Ruin\n|-terastallize|p1a: Wo-Chien|Poison\n|move|p2b: Florges|Calm Mind|p2b: Florges\n|-boost|p2b: Florges|spa|1\n|-boost|p2b: Florges|spd|1\n|move|p2a: Sinistcha|Shadow Ball|p1b: Othermeta\n|-resisted|p1b: Othermeta\n|-damage|p1b: Othermeta|63\/100\n|move|p1a: Wo-Chien|Pollen Puff|p1b: Othermeta\n|-heal|p1b: Othermeta|100\/100\n|\n|-heal|p1a: Wo-Chien|56\/100|[from] item: Leftovers\n|upkeep\n|turn|7\n|\n|t:|1699398225\n|switch|p2a: Golduck|Golduck, F|100\/100\n|-damage|p2a: Golduck|88\/100|[from] Spikes\n|-ability|p2a: Golduck|Cloud Nine\n|move|p1b: Othermeta|Heat Wave|p2b: Florges|[spread] p2a\n|-miss|p1b: Othermeta|p2b: Florges\n|-resisted|p2a: Golduck\n|-damage|p2a: Golduck|63\/100\n|move|p2b: Florges|Moonblast|p1b: Othermeta\n|-damage|p1b: Othermeta|68\/100\n|move|p1a: Wo-Chien|Foul Play|p2a: Golduck\n|-damage|p2a: Golduck|38\/100\n|\n|-heal|p2a: Golduck|44\/100|[from] item: Leftovers\n|-heal|p1a: Wo-Chien|62\/100|[from] item: Leftovers\n|upkeep\n|turn|8\n|\n|t:|1699398253\n|switch|p1b: Flutter Mane|Flutter Mane|72\/100\n|-damage|p1b: Flutter Mane|59\/100|[from] Spikes\n|move|p2a: Golduck|Hydro Pump|p1b: Flutter Mane\n|-damage|p1b: Flutter Mane|24\/100\n|move|p2b: Florges|Calm Mind|p2b: Florges\n|-boost|p2b: Florges|spa|1\n|-boost|p2b: Florges|spd|1\n|move|p1a: Wo-Chien|Leech Seed|p2a: Golduck\n|-start|p2a: Golduck|move: Leech Seed\n|\n|-heal|p2a: Golduck|50\/100|[from] item: Leftovers\n|-heal|p1a: Wo-Chien|68\/100|[from] item: Leftovers\n|-damage|p2a: Golduck|37\/100|[from] Leech Seed|[of] p1a: Wo-Chien\n|-heal|p1a: Wo-Chien|80\/100|[silent]\n|upkeep\n|turn|9\n|\n|t:|1699398267\n|move|p1b: Flutter Mane|Moonblast|p2b: Florges\n|-damage|p2b: Florges|78\/100\n|move|p2a: Golduck|Psych Up|p2b: Florges\n|-copyboost|p2a: Golduck|p2b: Florges|[from] move: Psych Up\n|move|p2b: Florges|Moonblast|p1b: Flutter Mane\n|-damage|p1b: Flutter Mane|0 fnt\n|faint|p1b: Flutter Mane\n|-end|p1b: Flutter Mane|Protosynthesis|[silent]\n|move|p1a: Wo-Chien|Leech Seed|p2b: Florges|[miss]\n|-miss|p1a: Wo-Chien|p2b: Florges\n|\n|-heal|p2a: Golduck|43\/100|[from] item: Leftovers\n|-heal|p1a: Wo-Chien|87\/100|[from] item: Leftovers\n|-damage|p2a: Golduck|31\/100|[from] Leech Seed|[of] p1a: Wo-Chien\n|-heal|p1a: Wo-Chien|99\/100|[silent]\n|upkeep\n|\n|t:|1699398277\n|switch|p1b: Chien-Pao|Chien-Pao|100\/100\n|-damage|p1b: Chien-Pao|88\/100|[from] Spikes\n|-ability|p1b: Chien-Pao|Sword of Ruin\n|turn|10\n|\n|t:|1699398298\n|move|p1b: Chien-Pao|Ice Spinner|p2b: Florges\n|-damage|p2b: Florges|26\/100\n|-damage|p1b: Chien-Pao|72\/100|[from] item: Rocky Helmet|[of] p2b: Florges\n|-damage|p1b: Chien-Pao|62\/100|[from] item: Life Orb\n|move|p2a: Golduck|Hydro Pump|p1a: Wo-Chien\n|-damage|p1a: Wo-Chien|48\/100\n|move|p2b: Florges|Moonblast|p1b: Chien-Pao\n|-supereffective|p1b: Chien-Pao\n|-damage|p1b: Chien-Pao|0 fnt\n|faint|p1b: Chien-Pao\n|move|p1a: Wo-Chien|Foul Play|p2a: Golduck\n|-damage|p2a: Golduck|7\/100\n|\n|-heal|p2a: Golduck|13\/100|[from] item: Leftovers\n|-heal|p1a: Wo-Chien|54\/100|[from] item: Leftovers\n|-damage|p2a: Golduck|1\/100|[from] Leech Seed|[of] p1a: Wo-Chien\n|-heal|p1a: Wo-Chien|66\/100|[silent]\n|upkeep\n|\n|t:|1699398313\n|switch|p1b: Othermeta|Chi-Yu|68\/100\n|-damage|p1b: Othermeta|55\/100|[from] Spikes\n|-ability|p1b: Othermeta|Beads of Ruin\n|turn|11\n|\n|t:|1699398340\n|move|p1a: Wo-Chien|Protect|p1a: Wo-Chien\n|-singleturn|p1a: Wo-Chien|Protect\n|move|p2a: Golduck|Hydro Pump|p1b: Othermeta\n|-supereffective|p1b: Othermeta\n|-crit|p1b: Othermeta\n|-damage|p1b: Othermeta|0 fnt\n|faint|p1b: Othermeta\n|move|p2b: Florges|Pollen Puff|p2a: Golduck\n|-heal|p2a: Golduck|51\/100\n|\n|-heal|p2a: Golduck|57\/100|[from] item: Leftovers\n|-heal|p1a: Wo-Chien|72\/100|[from] item: Leftovers\n|-damage|p2a: Golduck|44\/100|[from] Leech Seed|[of] p1a: Wo-Chien\n|-heal|p1a: Wo-Chien|84\/100|[silent]\n|upkeep\n|\n|t:|1699398348\n|switch|p1b: Ting-Lu|Ting-Lu|47\/100\n|-damage|p1b: Ting-Lu|35\/100|[from] Spikes\n|-ability|p1b: Ting-Lu|Vessel of Ruin\n|turn|12\n|\n|t:|1699398359\n|move|p2a: Golduck|Ice Beam|p1b: Ting-Lu\n|-supereffective|p1b: Ting-Lu\n|-damage|p1b: Ting-Lu|0 fnt\n|faint|p1b: Ting-Lu\n|move|p2b: Florges|Pollen Puff|p2a: Golduck\n|-heal|p2a: Golduck|94\/100\n|move|p1a: Wo-Chien|Leech Seed|p2b: Florges\n|-start|p2b: Florges|move: Leech Seed\n|\n|-heal|p2a: Golduck|100\/100|[from] item: Leftovers\n|-heal|p1a: Wo-Chien|90\/100|[from] item: Leftovers\n|-damage|p2a: Golduck|88\/100|[from] Leech Seed|[of] p1a: Wo-Chien\n|-heal|p1a: Wo-Chien|100\/100|[silent]\n|-damage|p2b: Florges|14\/100|[from] Leech Seed|[of] p1a: Wo-Chien\n|upkeep\n|\n|t:|1699398367\n|switch|p1b: Iron Hands|Iron Hands|100\/100\n|-damage|p1b: Iron Hands|88\/100|[from] Spikes\n|turn|13\n|\n|t:|1699398379\n|-terastallize|p2a: Golduck|Dragon\n|move|p2a: Golduck|Psychic|p1b: Iron Hands\n|-supereffective|p1b: Iron Hands\n|-damage|p1b: Iron Hands|22\/100\n|-enditem|p1b: Iron Hands|Sitrus Berry|[eat]\n|-heal|p1b: Iron Hands|47\/100|[from] item: Sitrus Berry\n|move|p2b: Florges|Moonblast|p1b: Iron Hands\n|-supereffective|p1b: Iron Hands\n|-damage|p1b: Iron Hands|0 fnt\n|faint|p1b: Iron Hands\n|-end|p1b: Iron Hands|Quark Drive|[silent]\n|move|p1a: Wo-Chien|Pollen Puff|p1: Iron Hands|[notarget]\n|-fail|p1a: Wo-Chien\n|\n|-heal|p2a: Golduck|94\/100|[from] item: Leftovers\n|-damage|p2a: Golduck|82\/100|[from] Leech Seed|[of] p1a: Wo-Chien\n|-damage|p2b: Florges|1\/100|[from] Leech Seed|[of] p1a: Wo-Chien\n|upkeep\n|turn|14\n|\n|t:|1699398394\n|move|p1a: Wo-Chien|Protect|p1a: Wo-Chien\n|-singleturn|p1a: Wo-Chien|Protect\n|move|p2a: Golduck|Psychic|p1a: Wo-Chien\n|-activate|p1a: Wo-Chien|move: Protect\n|move|p2b: Florges|Moonblast|p1a: Wo-Chien\n|-activate|p1a: Wo-Chien|move: Protect\n|\n|-heal|p2a: Golduck|88\/100|[from] item: Leftovers\n|-damage|p2a: Golduck|75\/100|[from] Leech Seed|[of] p1a: Wo-Chien\n|-damage|p2b: Florges|0 fnt|[from] Leech Seed|[of] p1a: Wo-Chien\n|faint|p2b: Florges\n|upkeep\n|\n|t:|1699398396\n|switch|p2b: Sinistcha|Sinistcha|100\/100\n|-heal|p2a: Golduck|100\/100|[from] ability: Hospitality|[of] p2b: Sinistcha\n|turn|15\n|\n|t:|1699398403\n|move|p2a: Golduck|Psychic|p1a: Wo-Chien\n|-supereffective|p1a: Wo-Chien\n|-damage|p1a: Wo-Chien|43\/100\n|move|p2b: Sinistcha|Shadow Ball|p1a: Wo-Chien\n|-damage|p1a: Wo-Chien|17\/100\n|move|p1a: Wo-Chien|Foul Play|p2a: Golduck\n|-damage|p2a: Golduck|75\/100\n|\n|-heal|p2a: Golduck|81\/100|[from] item: Leftovers\n|-heal|p1a: Wo-Chien|23\/100|[from] item: Leftovers\n|-damage|p2a: Golduck|68\/100|[from] Leech Seed|[of] p1a: Wo-Chien\n|-heal|p1a: Wo-Chien|35\/100|[silent]\n|upkeep\n|turn|16\n|\n|t:|1699398410\n|move|p1a: Wo-Chien|Protect|p1a: Wo-Chien\n|-singleturn|p1a: Wo-Chien|Protect\n|move|p2a: Golduck|Psychic|p1a: Wo-Chien\n|-activate|p1a: Wo-Chien|move: Protect\n|move|p2b: Sinistcha|Shadow Ball|p1a: Wo-Chien\n|-activate|p1a: Wo-Chien|move: Protect\n|\n|-heal|p2a: Golduck|74\/100|[from] item: Leftovers\n|-heal|p1a: Wo-Chien|41\/100|[from] item: Leftovers\n|-damage|p2a: Golduck|62\/100|[from] Leech Seed|[of] p1a: Wo-Chien\n|-heal|p1a: Wo-Chien|53\/100|[silent]\n|upkeep\n|turn|17\n|\n|t:|1699398418\n|move|p2a: Golduck|Psychic|p1a: Wo-Chien\n|-supereffective|p1a: Wo-Chien\n|-damage|p1a: Wo-Chien|1\/100\n|move|p2b: Sinistcha|Shadow Ball|p1a: Wo-Chien\n|-damage|p1a: Wo-Chien|0 fnt\n|faint|p1a: Wo-Chien\n|\n|win|Bugcatcher1045\n|raw|ButWhyThough_4's rating: 1431 &rarr; <strong>1414<\/strong><br \/>(-17 for losing)\n|raw|Bugcatcher1045's rating: 1488 &rarr; <strong>1505<\/strong><br \/>(+17 for winning)\n|c|\u2606ButWhyThough_4|gg\n|l|\u2606ButWhyThough_4\n","uploadtime":1699398753,"views":16,"p1id":"butwhythough4","p2id":"bugcatcher1045","formatid":"gen9doublesou","rating":1414,"private":0,"password":""}