{"id":"gen9doublesou-1977663030","p1":"chikistrainas","p2":"Your_nice500","format":"[Gen 9] Doubles OU","log":"|j|\u2606chikistrainas\n|j|\u2606Your_nice500\n|t:|1698436417\n|gametype|doubles\n|player|p1|chikistrainas|colress|1118\n|player|p2|Your_nice500|170|1017\n|teamsize|p1|6\n|teamsize|p2|6\n|gen|9\n|tier|[Gen 9] Doubles OU\n|rated|\n|rule|Species Clause: Limit one of each Pok\u00e9mon\n|rule|OHKO Clause: OHKO moves are banned\n|rule|Evasion Moves Clause: Evasion moves are banned\n|rule|Gravity Sleep Clause: The combination of sleep-inducing moves with imperfect accuracy and Gravity or Gigantamax Orbeetle are banned\n|rule|Endless Battle Clause: Forcing endless battles is banned\n|rule|HP Percentage Mod: HP is shown in percentages\n|clearpoke\n|poke|p1|Gholdengo|\n|poke|p1|Medicham, M|\n|poke|p1|Dondozo, M|\n|poke|p1|Tinkaton, F|\n|poke|p1|Orthworm, M|\n|poke|p1|Hatterene, F|\n|poke|p2|Sandslash-Alola, M|\n|poke|p2|Chien-Pao|\n|poke|p2|Ninetales-Alola, M|\n|poke|p2|Iron Bundle|\n|poke|p2|Baxcalibur, F|\n|poke|p2|Articuno|\n|teampreview\n|inactive|Battle timer is ON: inactive players will automatically lose when time's up. (requested by Your_nice500)\n|\n|t:|1698436428\n|start\n|switch|p1a: Poop|Medicham, M|100\/100\n|switch|p1b: Tinkaton|Tinkaton, F, shiny|100\/100\n|switch|p2a: Ninetales|Ninetales-Alola, M, shiny|100\/100\n|switch|p2b: Sandslash|Sandslash-Alola, M|100\/100\n|-weather|Snow|[from] ability: Snow Warning|[of] p2a: Ninetales\n|-item|p1b: Tinkaton|Air Balloon\n|turn|1\n|\n|t:|1698436454\n|move|p1b: Tinkaton|Fake Out|p2a: Ninetales\n|-damage|p2a: Ninetales|93\/100\n|cant|p2a: Ninetales|flinch\n|move|p2b: Sandslash|Blizzard|p1a: Poop|[spread] p1a,p1b\n|-resisted|p1b: Tinkaton\n|-damage|p1a: Poop|87\/100\n|-damage|p1b: Tinkaton|95\/100\n|-enditem|p1b: Tinkaton|Air Balloon\n|move|p1a: Poop|Skill Swap|p1b: Tinkaton\n|-activate|p1a: Poop|move: Skill Swap|||[of] p1b: Tinkaton\n|\n|-weather|Snow|[upkeep]\n|upkeep\n|turn|2\n|\n|t:|1698436474\n|move|p1b: Tinkaton|Protect|p1b: Tinkaton\n|-singleturn|p1b: Tinkaton|Protect\n|move|p2a: Ninetales|Aurora Veil|p2a: Ninetales\n|-sidestart|p2: Your_nice500|move: Aurora Veil\n|move|p2b: Sandslash|Drill Run|p1b: Tinkaton\n|-activate|p1b: Tinkaton|move: Protect\n|move|p1a: Poop|Trick Room|p1a: Poop\n|-fieldstart|move: Trick Room|[of] p1a: Poop\n|\n|-weather|Snow|[upkeep]\n|upkeep\n|turn|3\n|inactive|chikistrainas has 120 seconds left.\n|\n|t:|1698436506\n|move|p1a: Poop|Trick|p2a: Ninetales\n|-activate|p1a: Poop|move: Trick|[of] p2a: Ninetales\n|-item|p2a: Ninetales|Focus Sash|[from] move: Trick\n|-item|p1a: Poop|Icy Rock|[from] move: Trick\n|move|p1b: Tinkaton|Gigaton Hammer|p2b: Sandslash\n|-damage|p2b: Sandslash|68\/100\n|move|p2b: Sandslash|Blizzard|p1b: Tinkaton|[spread] p1a,p1b\n|-crit|p1a: Poop\n|-resisted|p1b: Tinkaton\n|-damage|p1a: Poop|65\/100\n|-damage|p1b: Tinkaton|90\/100\n|move|p2a: Ninetales|Icy Wind|p1b: Tinkaton|[spread] p1a,p1b\n|-resisted|p1b: Tinkaton\n|-damage|p1a: Poop|53\/100\n|-damage|p1b: Tinkaton|85\/100\n|-unboost|p1a: Poop|spe|1\n|-unboost|p1b: Tinkaton|spe|1\n|\n|-weather|Snow|[upkeep]\n|upkeep\n|turn|4\n|inactive|chikistrainas has 120 seconds left.\n|\n|t:|1698436554\n|move|p1b: Tinkaton|Protect|p1b: Tinkaton\n|-singleturn|p1b: Tinkaton|Protect\n|move|p1a: Poop|Skill Swap|p2b: Sandslash\n|-activate|p1a: Poop|move: Skill Swap|Slush Rush|Own Tempo|[of] p2b: Sandslash\n|move|p2b: Sandslash|Super Fang|p1b: Tinkaton\n|-activate|p1b: Tinkaton|move: Protect\n|move|p2a: Ninetales|Freeze-Dry|p1a: Poop\n|-crit|p1a: Poop\n|-damage|p1a: Poop|17\/100\n|\n|-weather|Snow|[upkeep]\n|upkeep\n|turn|5\n|inactive|chikistrainas has 120 seconds left.\n|\n|t:|1698436576\n|move|p1a: Poop|Helping Hand|p1b: Tinkaton\n|-singleturn|p1b: Tinkaton|Helping Hand|[of] p1a: Poop\n|move|p1b: Tinkaton|Gigaton Hammer|p2a: Ninetales\n|-supereffective|p2a: Ninetales\n|-damage|p2a: Ninetales|0 fnt\n|faint|p2a: Ninetales\n|move|p2b: Sandslash|Drill Run|p1b: Tinkaton\n|-supereffective|p1b: Tinkaton\n|-damage|p1b: Tinkaton|42\/100\n|\n|-weather|Snow|[upkeep]\n|upkeep\n|\n|t:|1698436590\n|switch|p2a: Chien-Pao|Chien-Pao|100\/100\n|-ability|p2a: Chien-Pao|Sword of Ruin\n|turn|6\n|\n|t:|1698436603\n|move|p1b: Tinkaton|Protect|p1b: Tinkaton\n|-singleturn|p1b: Tinkaton|Protect\n|move|p2b: Sandslash|Drill Run|p1b: Tinkaton\n|-activate|p1b: Tinkaton|move: Protect\n|move|p1a: Poop|Skill Swap|p2a: Chien-Pao\n|-activate|p1a: Poop|move: Skill Swap|Sword of Ruin|Slush Rush|[of] p2a: Chien-Pao\n|-ability|p1a: Poop|Sword of Ruin\n|move|p2a: Chien-Pao|Ice Spinner|p1a: Poop\n|-damage|p1a: Poop|0 fnt\n|faint|p1a: Poop\n|\n|-weather|Snow|[upkeep]\n|-sideend|p2: Your_nice500|move: Aurora Veil\n|-fieldend|move: Trick Room\n|upkeep\n|inactive|chikistrainas has 120 seconds left.\n|\n|t:|1698436631\n|switch|p1a: Gholdengo|Gholdengo|100\/100\n|turn|7\n|inactive|chikistrainas has 120 seconds left.\n|\n|t:|1698436665\n|move|p1b: Tinkaton|Protect|p1b: Tinkaton\n|-singleturn|p1b: Tinkaton|Protect\n|move|p2a: Chien-Pao|Sacred Sword|p1a: Gholdengo\n|-immune|p1a: Gholdengo\n|move|p1a: Gholdengo|Trick|p2a: Chien-Pao\n|-activate|p1a: Gholdengo|move: Trick|[of] p2a: Chien-Pao\n|-item|p2a: Chien-Pao|Choice Specs|[from] move: Trick\n|-item|p1a: Gholdengo|Icicle Plate|[from] move: Trick\n|move|p2b: Sandslash|Drill Run|p1b: Tinkaton\n|-activate|p1b: Tinkaton|move: Protect\n|\n|-weather|Snow|[upkeep]\n|upkeep\n|turn|8\n|inactive|chikistrainas has 120 seconds left.\n|inactive|chikistrainas has 90 seconds left.\n|\n|t:|1698436704\n|switch|p1b: Dondozo|Dondozo, M|100\/100\n|move|p1a: Gholdengo|Make It Rain|p2b: Sandslash|[spread] p2a,p2b\n|-supereffective|p2a: Chien-Pao\n|-damage|p2a: Chien-Pao|0 fnt\n|-damage|p2b: Sandslash|0 fnt\n|-unboost|p1a: Gholdengo|spa|1\n|faint|p2a: Chien-Pao\n|faint|p2b: Sandslash\n|\n|-weather|none\n|upkeep\n|-message|Your_nice500 forfeited.\n|\n|win|chikistrainas\n|raw|chikistrainas's rating: 1118 &rarr; <strong>1136<\/strong><br \/>(+18 for winning)\n|raw|Your_nice500's rating: 1017 &rarr; <strong>1008<\/strong><br \/>(-9 for losing)\n|l|\u2606Your_nice500\n","uploadtime":1698436720,"views":16,"p1id":"chikistrainas","p2id":"yournice500","formatid":"gen9doublesou","rating":1008,"private":0,"password":""}