{"id":"gen9doublesou-1980927216","p1":"the goober 68419","p2":"LycanTheFox","format":"[Gen 9] Doubles OU","log":"|j|\u2606the goober 68419\n|j|\u2606LycanTheFox\n|t:|1698849659\n|gametype|doubles\n|player|p1|the goober 68419|1|1057\n|player|p2|LycanTheFox|steven|1142\n|teamsize|p1|6\n|teamsize|p2|6\n|gen|9\n|tier|[Gen 9] Doubles OU\n|rated|\n|rule|Species Clause: Limit one of each Pok\u00e9mon\n|rule|OHKO Clause: OHKO moves are banned\n|rule|Evasion Moves Clause: Evasion moves are banned\n|rule|Gravity Sleep Clause: The combination of sleep-inducing moves with imperfect accuracy and Gravity or Gigantamax Orbeetle are banned\n|rule|Endless Battle Clause: Forcing endless battles is banned\n|rule|HP Percentage Mod: HP is shown in percentages\n|clearpoke\n|poke|p1|Sinistcha-Masterpiece|\n|poke|p1|Oranguru, F|\n|poke|p1|Drednaw, M|\n|poke|p1|Kommo-o, M|\n|poke|p1|Flamigo, F|\n|poke|p1|Yanmega, M|\n|poke|p2|Sneasler, F|\n|poke|p2|Krookodile, F|\n|poke|p2|Banette, F|\n|poke|p2|Gastrodon, M|\n|poke|p2|Braviary-Hisui, M|\n|poke|p2|Lucario, M|\n|teampreview\n|c|\u2606the goober 68419|glhf\n|c|\u2606LycanTheFox|glhf\n|\n|t:|1698849672\n|start\n|switch|p1a: Oranguru|Oranguru, F|100\/100\n|switch|p1b: Drednaw|Drednaw, M|100\/100\n|switch|p2a: Braviary|Braviary-Hisui, M|100\/100\n|switch|p2b: Sneasler|Sneasler, F|100\/100\n|turn|1\n|\n|t:|1698849683\n|move|p2b: Sneasler|Fake Out|p1b: Drednaw\n|-resisted|p1b: Drednaw\n|-damage|p1b: Drednaw|90\/100\n|-damage|p2b: Sneasler|91\/100|[from] item: Life Orb\n|cant|p1b: Drednaw|flinch\n|move|p2a: Braviary|Calm Mind|p2a: Braviary\n|-boost|p2a: Braviary|spa|1\n|-boost|p2a: Braviary|spd|1\n|move|p1a: Oranguru|Instruct||[still]\n|-fail|p1a: Oranguru\n|\n|upkeep\n|turn|2\n|\n|t:|1698849699\n|move|p2b: Sneasler|Close Combat|p1b: Drednaw\n|-supereffective|p1b: Drednaw\n|-damage|p1b: Drednaw|0 fnt\n|-unboost|p2b: Sneasler|def|1\n|-unboost|p2b: Sneasler|spd|1\n|faint|p1b: Drednaw\n|-damage|p2b: Sneasler|81\/100|[from] item: Life Orb\n|move|p2a: Braviary|Esper Wing|p1a: Oranguru\n|-resisted|p1a: Oranguru\n|-damage|p1a: Oranguru|62\/100\n|-boost|p2a: Braviary|spe|1\n|move|p1a: Oranguru|Instruct|p1: Drednaw|[notarget]\n|-fail|p1a: Oranguru\n|\n|upkeep\n|\n|t:|1698849710\n|switch|p1b: Kommo-o|Kommo-o, M|100\/100\n|turn|3\n|\n|t:|1698849728\n|move|p2b: Sneasler|Night Slash|p1a: Oranguru\n|-supereffective|p1a: Oranguru\n|-damage|p1a: Oranguru|0 fnt\n|faint|p1a: Oranguru\n|-damage|p2b: Sneasler|71\/100|[from] item: Life Orb\n|move|p1b: Kommo-o|Clanging Scales|p2a: Braviary|[spread] p2a,p2b\n|-crit|p2a: Braviary\n|-damage|p2a: Braviary|41\/100\n|-damage|p2b: Sneasler|0 fnt\n|faint|p2b: Sneasler\n|-unboost|p1b: Kommo-o|def|1\n|-enditem|p1b: Kommo-o|Throat Spray\n|-boost|p1b: Kommo-o|spa|1|[from] item: Throat Spray\n|-enditem|p2a: Braviary|Mirror Herb\n|-boost|p2a: Braviary|spa|1|[from] item: Mirror Herb\n|move|p2a: Braviary|Esper Wing|p1b: Kommo-o\n|-supereffective|p1b: Kommo-o\n|-damage|p1b: Kommo-o|0 fnt\n|-boost|p2a: Braviary|spe|1\n|faint|p1b: Kommo-o\n|\n|upkeep\n|\n|t:|1698849750\n|switch|p2b: Banette|Banette, F|100\/100\n|switch|p1b: Flamigo|Flamigo, F|100\/100\n|switch|p1a: Yanmega|Yanmega, M|100\/100\n|-copyboost|p1b: Flamigo|p1a: Yanmega|[from] ability: Costar\n|turn|4\n|\n|t:|1698849770\n|-terastallize|p2a: Braviary|Psychic\n|move|p2a: Braviary|Hurricane|p1a: Yanmega\n|-supereffective|p1a: Yanmega\n|-damage|p1a: Yanmega|0 fnt\n|faint|p1a: Yanmega\n|move|p1b: Flamigo|Dual Wingbeat|p2a: Braviary\n|-damage|p2a: Braviary|21\/100\n|-damage|p2a: Braviary|1\/100\n|-hitcount|p2a: Braviary|2\n|move|p2b: Banette|Will-O-Wisp|p1b: Flamigo\n|-status|p1b: Flamigo|brn\n|\n|-damage|p1b: Flamigo|94\/100 brn|[from] brn\n|upkeep\n|\n|t:|1698849780\n|switch|p1a: Sinistcha|Sinistcha-Masterpiece|100\/100\n|-heal|p1b: Flamigo|100\/100 brn|[from] ability: Hospitality|[of] p1a: Sinistcha\n|turn|5\n|\n|t:|1698849796\n|move|p1a: Sinistcha|Rage Powder|p1a: Sinistcha\n|-singleturn|p1a: Sinistcha|move: Rage Powder\n|move|p2a: Braviary|Esper Wing|p1a: Sinistcha\n|-crit|p1a: Sinistcha\n|-damage|p1a: Sinistcha|0 fnt\n|-boost|p2a: Braviary|spe|1\n|faint|p1a: Sinistcha\n|move|p1b: Flamigo|Dual Wingbeat|p2a: Braviary\n|-damage|p2a: Braviary|0 fnt\n|faint|p2a: Braviary\n|-hitcount|p2: Braviary|1\n|move|p2b: Banette|Poltergeist|p1b: Flamigo\n|-activate|p1b: Flamigo|move: Poltergeist|Heavy-Duty Boots\n|-damage|p1b: Flamigo|24\/100 brn\n|\n|-damage|p1b: Flamigo|18\/100 brn|[from] brn\n|upkeep\n|\n|t:|1698849805\n|switch|p2a: Krookodile|Krookodile, F|100\/100\n|turn|6\n|\n|t:|1698849819\n|move|p2b: Banette|Shadow Sneak|p1b: Flamigo\n|-damage|p1b: Flamigo|0 fnt\n|faint|p1b: Flamigo\n|\n|win|LycanTheFox\n|raw|the goober 68419's rating: 1057 &rarr; <strong>1043<\/strong><br \/>(-14 for losing)\n|raw|LycanTheFox's rating: 1142 &rarr; <strong>1161<\/strong><br \/>(+19 for winning)\n|c|\u2606the goober 68419|gg\n","uploadtime":1698849825,"views":19,"p1id":"thegoober68419","p2id":"lycanthefox","formatid":"gen9doublesou","rating":1043,"private":0,"password":""}