{"id":"gen9doublesou-1985874572","p1":"mikeyuwu","p2":"Odinmorningstars","format":"[Gen 9] Doubles OU","log":"|j|\u2606mikeyuwu\n|j|\u2606Odinmorningstars\n|t:|1699416061\n|gametype|doubles\n|player|p1|mikeyuwu|psychic-gen4|1226\n|player|p2|Odinmorningstars|drayden|1312\n|teamsize|p1|6\n|teamsize|p2|6\n|gen|9\n|tier|[Gen 9] Doubles OU\n|rated|\n|rule|Species Clause: Limit one of each Pok\u00e9mon\n|rule|OHKO Clause: OHKO moves are banned\n|rule|Evasion Moves Clause: Evasion moves are banned\n|rule|Gravity Sleep Clause: The combination of sleep-inducing moves with imperfect accuracy and Gravity or Gigantamax Orbeetle are banned\n|rule|Endless Battle Clause: Forcing endless battles is banned\n|rule|HP Percentage Mod: HP is shown in percentages\n|clearpoke\n|poke|p1|Garchomp, M|\n|poke|p1|Tyranitar, F|\n|poke|p1|Vaporeon, F|\n|poke|p1|Toxicroak, M|\n|poke|p1|Pelipper, F|\n|poke|p1|Abomasnow, M|\n|poke|p2|Tornadus, M|\n|poke|p2|Pelipper, M|\n|poke|p2|Zapdos|\n|poke|p2|Arcanine-Hisui, M|\n|poke|p2|Ninetales-Alola, F|\n|poke|p2|Articuno|\n|teampreview\n|inactive|Battle timer is ON: inactive players will automatically lose when time's up. (requested by Odinmorningstars)\n|\n|t:|1699416067\n|start\n|switch|p1a: OTLHPM|Toxicroak, M|100\/100\n|switch|p1b: ThcrThnSnkr|Tyranitar, F|100\/100\n|switch|p2a: Ninetales|Ninetales-Alola, F|100\/100\n|switch|p2b: Articuno|Articuno|100\/100\n|-weather|Snow|[from] ability: Snow Warning|[of] p2a: Ninetales\n|-weather|Sandstorm|[from] ability: Sand Stream|[of] p1b: ThcrThnSnkr\n|turn|1\n|\n|t:|1699416076\n|switch|p2a: Pelipper|Pelipper, M|100\/100\n|-weather|RainDance|[from] ability: Drizzle|[of] p2a: Pelipper\n|move|p1a: OTLHPM|Poison Jab|p2a: Pelipper\n|-damage|p2a: Pelipper|60\/100\n|move|p2b: Articuno|Hurricane|p1a: OTLHPM\n|-supereffective|p1a: OTLHPM\n|-damage|p1a: OTLHPM|0 fnt\n|faint|p1a: OTLHPM\n|move|p1b: ThcrThnSnkr|Rock Slide|p2b: Articuno|[spread] p2a\n|-miss|p1b: ThcrThnSnkr|p2b: Articuno\n|-supereffective|p2a: Pelipper\n|-damage|p2a: Pelipper|3\/100\n|\n|-weather|RainDance|[upkeep]\n|upkeep\n|\n|t:|1699416087\n|switch|p1a: Cold Shoulder|Abomasnow, M, shiny|100\/100\n|-weather|Snow|[from] ability: Snow Warning|[of] p1a: Cold Shoulder\n|turn|2\n|\n|t:|1699416096\n|switch|p1b: Harmacy|Vaporeon, F|100\/100\n|move|p2b: Articuno|Blizzard|p1a: Cold Shoulder|[spread] p1a,p1b\n|-resisted|p1b: Harmacy\n|-damage|p1a: Cold Shoulder|57\/100\n|-damage|p1b: Harmacy|86\/100\n|move|p1a: Cold Shoulder|Blizzard|p2a: Pelipper|[spread] p2a,p2b\n|-crit|p2a: Pelipper\n|-damage|p2a: Pelipper|0 fnt\n|-damage|p2b: Articuno|79\/100\n|faint|p2a: Pelipper\n|\n|-weather|Snow|[upkeep]\n|-heal|p2b: Articuno|85\/100|[from] item: Leftovers\n|-heal|p1b: Harmacy|92\/100|[from] item: Leftovers\n|upkeep\n|\n|t:|1699416106\n|switch|p2a: Ninetales|Ninetales-Alola, F|100\/100\n|turn|3\n|\n|t:|1699416109\n|switch|p1a: ThcrThnSnkr|Tyranitar, F|100\/100\n|-weather|Sandstorm|[from] ability: Sand Stream|[of] p1a: ThcrThnSnkr\n|move|p2a: Ninetales|Aurora Veil||[still]\n|-fail|p2a: Ninetales\n|move|p2b: Articuno|Freeze-Dry|p1b: Harmacy\n|-supereffective|p1b: Harmacy\n|-damage|p1b: Harmacy|46\/100\n|-status|p1b: Harmacy|frz\n|cant|p1b: Harmacy|frz\n|\n|-weather|Sandstorm|[upkeep]\n|-damage|p2a: Ninetales|95\/100|[from] Sandstorm\n|-damage|p2b: Articuno|79\/100|[from] Sandstorm\n|-damage|p1b: Harmacy|40\/100 frz|[from] Sandstorm\n|-heal|p2b: Articuno|85\/100|[from] item: Leftovers\n|-heal|p1b: Harmacy|46\/100 frz|[from] item: Leftovers\n|upkeep\n|turn|4\n|\n|t:|1699416130\n|switch|p2a: Arcanine|Arcanine-Hisui, M|100\/100\n|move|p2b: Articuno|Freeze-Dry|p1b: Harmacy\n|-supereffective|p1b: Harmacy\n|-damage|p1b: Harmacy|0 fnt\n|faint|p1b: Harmacy\n|move|p1a: ThcrThnSnkr|Heavy Slam|p2a: Arcanine\n|-damage|p2a: Arcanine|86\/100\n|\n|-weather|Sandstorm|[upkeep]\n|-damage|p2b: Articuno|79\/100|[from] Sandstorm\n|-heal|p2b: Articuno|85\/100|[from] item: Leftovers\n|upkeep\n|\n|t:|1699416135\n|switch|p1b: Extra Spicy|Garchomp, M|100\/100\n|turn|5\n|\n|t:|1699416141\n|switch|p2a: Ninetales|Ninetales-Alola, F|95\/100\n|-weather|Snow|[from] ability: Snow Warning|[of] p2a: Ninetales\n|switch|p1a: Weather War|Pelipper, F|100\/100\n|-weather|RainDance|[from] ability: Drizzle|[of] p1a: Weather War\n|-terastallize|p1b: Extra Spicy|Steel\n|move|p1b: Extra Spicy|Earthquake|p2a: Ninetales|[spread] p2a\n|-immune|p1a: Weather War\n|-immune|p2b: Articuno\n|-damage|p2a: Ninetales|48\/100\n|move|p2b: Articuno|Blizzard|p1b: Extra Spicy|[spread] p1a\n|-miss|p2b: Articuno|p1b: Extra Spicy\n|-damage|p1a: Weather War|47\/100\n|\n|-weather|RainDance|[upkeep]\n|-heal|p2b: Articuno|91\/100|[from] item: Leftovers\n|upkeep\n|turn|6\n|\n|t:|1699416159\n|switch|p1a: ThcrThnSnkr|Tyranitar, F|100\/100\n|-weather|Sandstorm|[from] ability: Sand Stream|[of] p1a: ThcrThnSnkr\n|move|p2a: Ninetales|Freeze-Dry|p1a: ThcrThnSnkr\n|-damage|p1a: ThcrThnSnkr|93\/100\n|-status|p1a: ThcrThnSnkr|frz\n|move|p1b: Extra Spicy|Poison Jab|p2a: Ninetales\n|-supereffective|p2a: Ninetales\n|-damage|p2a: Ninetales|0 fnt\n|faint|p2a: Ninetales\n|move|p2b: Articuno|Hurricane|p1b: Extra Spicy\n|-resisted|p1b: Extra Spicy\n|-damage|p1b: Extra Spicy|78\/100\n|\n|-weather|Sandstorm|[upkeep]\n|-damage|p2b: Articuno|85\/100|[from] Sandstorm\n|-heal|p2b: Articuno|91\/100|[from] item: Leftovers\n|upkeep\n|\n|t:|1699416172\n|switch|p2a: Arcanine|Arcanine-Hisui, M|86\/100\n|turn|7\n|\n|t:|1699416183\n|switch|p2b: Zapdos|Zapdos|100\/100\n|switch|p1a: Weather War|Pelipper, F|47\/100\n|-weather|RainDance|[from] ability: Drizzle|[of] p1a: Weather War\n|move|p2a: Arcanine|Close Combat|p1a: Weather War\n|-resisted|p1a: Weather War\n|-damage|p1a: Weather War|32\/100\n|-unboost|p2a: Arcanine|def|1\n|-unboost|p2a: Arcanine|spd|1\n|move|p1b: Extra Spicy|Liquidation|p2a: Arcanine\n|-supereffective|p2a: Arcanine\n|-damage|p2a: Arcanine|0 fnt\n|faint|p2a: Arcanine\n|\n|-weather|RainDance|[upkeep]\n|upkeep\n|\n|t:|1699416187\n|switch|p2a: Tornadus|Tornadus, M|100\/100\n|turn|8\n|\n|t:|1699416203\n|switch|p1a: ThcrThnSnkr|Tyranitar, F|93\/100 frz\n|-weather|Sandstorm|[from] ability: Sand Stream|[of] p1a: ThcrThnSnkr\n|move|p2a: Tornadus|Bleakwind Storm|p1a: ThcrThnSnkr|[spread] p1a\n|-miss|p2a: Tornadus|p1b: Extra Spicy\n|-resisted|p1a: ThcrThnSnkr\n|-damage|p1a: ThcrThnSnkr|87\/100 frz\n|move|p2b: Zapdos|Weather Ball|p1b: Extra Spicy\n|-resisted|p1b: Extra Spicy\n|-crit|p1b: Extra Spicy\n|-damage|p1b: Extra Spicy|52\/100\n|move|p1b: Extra Spicy|Poison Jab|p2b: Zapdos\n|-damage|p2b: Zapdos|70\/100\n|-status|p1b: Extra Spicy|par|[from] ability: Static|[of] p2b: Zapdos\n|\n|-weather|Sandstorm|[upkeep]\n|-damage|p2a: Tornadus|94\/100|[from] Sandstorm\n|-damage|p2b: Zapdos|64\/100|[from] Sandstorm\n|-heal|p2b: Zapdos|70\/100|[from] item: Leftovers\n|upkeep\n|turn|9\n|\n|t:|1699416221\n|move|p2a: Tornadus|Tailwind|p2a: Tornadus\n|-sidestart|p2: Odinmorningstars|move: Tailwind\n|move|p2b: Zapdos|Air Cutter|p1a: ThcrThnSnkr|[spread] p1a,p1b\n|-resisted|p1a: ThcrThnSnkr\n|-resisted|p1b: Extra Spicy\n|-damage|p1a: ThcrThnSnkr|83\/100 frz\n|-damage|p1b: Extra Spicy|41\/100 par\n|cant|p1a: ThcrThnSnkr|frz\n|move|p1b: Extra Spicy|Poison Jab|p2b: Zapdos\n|-damage|p2b: Zapdos|44\/100\n|-status|p2b: Zapdos|psn\n|\n|-weather|Sandstorm|[upkeep]\n|-damage|p2a: Tornadus|88\/100|[from] Sandstorm\n|-damage|p2b: Zapdos|38\/100 psn|[from] Sandstorm\n|-heal|p2b: Zapdos|44\/100 psn|[from] item: Leftovers\n|-damage|p2b: Zapdos|32\/100 psn|[from] psn\n|upkeep\n|turn|10\n|\n|t:|1699416234\n|move|p2a: Tornadus|Grass Knot|p1a: ThcrThnSnkr\n|-supereffective|p1a: ThcrThnSnkr\n|-damage|p1a: ThcrThnSnkr|60\/100 frz\n|move|p2b: Zapdos|Air Cutter|p1b: Extra Spicy|[spread] p1a,p1b\n|-resisted|p1a: ThcrThnSnkr\n|-resisted|p1b: Extra Spicy\n|-damage|p1a: ThcrThnSnkr|57\/100 frz\n|-damage|p1b: Extra Spicy|29\/100 par\n|cant|p1a: ThcrThnSnkr|frz\n|move|p1b: Extra Spicy|Poison Jab|p2a: Tornadus\n|-damage|p2a: Tornadus|55\/100\n|\n|-weather|Sandstorm|[upkeep]\n|-damage|p2a: Tornadus|49\/100|[from] Sandstorm\n|-damage|p2b: Zapdos|25\/100 psn|[from] Sandstorm\n|-heal|p2b: Zapdos|32\/100 psn|[from] item: Leftovers\n|-damage|p2b: Zapdos|19\/100 psn|[from] psn\n|upkeep\n|turn|11\n|\n|t:|1699416244\n|move|p2a: Tornadus|Bleakwind Storm|p1a: ThcrThnSnkr|[spread] p1a\n|-miss|p2a: Tornadus|p1b: Extra Spicy\n|-resisted|p1a: ThcrThnSnkr\n|-damage|p1a: ThcrThnSnkr|51\/100 frz\n|move|p2b: Zapdos|Air Cutter|p1a: ThcrThnSnkr|[spread] p1a,p1b\n|-resisted|p1a: ThcrThnSnkr\n|-resisted|p1b: Extra Spicy\n|-crit|p1b: Extra Spicy\n|-damage|p1a: ThcrThnSnkr|47\/100 frz\n|-damage|p1b: Extra Spicy|13\/100 par\n|cant|p1a: ThcrThnSnkr|frz\n|move|p1b: Extra Spicy|Poison Jab|p2a: Tornadus\n|-damage|p2a: Tornadus|13\/100\n|\n|-weather|Sandstorm|[upkeep]\n|-damage|p2a: Tornadus|7\/100|[from] Sandstorm\n|-damage|p2b: Zapdos|13\/100 psn|[from] Sandstorm\n|-heal|p2b: Zapdos|19\/100 psn|[from] item: Leftovers\n|-damage|p2b: Zapdos|7\/100 psn|[from] psn\n|upkeep\n|turn|12\n|\n|t:|1699416254\n|move|p2a: Tornadus|Grass Knot|p1b: Extra Spicy\n|-resisted|p1b: Extra Spicy\n|-damage|p1b: Extra Spicy|0 fnt\n|-damage|p2a: Tornadus|0 fnt|[from] ability: Rough Skin|[of] p1b: Extra Spicy\n|faint|p1b: Extra Spicy\n|faint|p2a: Tornadus\n|move|p2b: Zapdos|Roost|p2b: Zapdos\n|-heal|p2b: Zapdos|57\/100 psn\n|-singleturn|p2b: Zapdos|move: Roost\n|-curestatus|p1a: ThcrThnSnkr|frz|[msg]\n|move|p1a: ThcrThnSnkr|Rock Slide|p2b: Zapdos\n|-damage|p2b: Zapdos|17\/100 psn\n|\n|-weather|none\n|-heal|p2b: Zapdos|23\/100 psn|[from] item: Leftovers\n|-damage|p2b: Zapdos|11\/100 psn|[from] psn\n|-sideend|p2: Odinmorningstars|move: Tailwind\n|upkeep\n|\n|t:|1699416257\n|switch|p2a: Articuno|Articuno|91\/100\n|switch|p1b: Cold Shoulder|Abomasnow, M, shiny|57\/100\n|-weather|Snow|[from] ability: Snow Warning|[of] p1b: Cold Shoulder\n|turn|13\n|\n|t:|1699416267\n|switch|p1a: Weather War|Pelipper, F|32\/100\n|-weather|RainDance|[from] ability: Drizzle|[of] p1a: Weather War\n|move|p2b: Zapdos|Weather Ball|p1a: Weather War\n|-resisted|p1a: Weather War\n|-damage|p1a: Weather War|0 fnt\n|faint|p1a: Weather War\n|move|p2a: Articuno|Blizzard|p1b: Cold Shoulder\n|-damage|p1b: Cold Shoulder|4\/100\n|move|p1b: Cold Shoulder|Leech Seed|p2a: Articuno\n|-start|p2a: Articuno|move: Leech Seed\n|\n|-weather|RainDance|[upkeep]\n|-heal|p2b: Zapdos|17\/100 psn|[from] item: Leftovers\n|-heal|p2a: Articuno|97\/100|[from] item: Leftovers\n|-damage|p2a: Articuno|85\/100|[from] Leech Seed|[of] p1b: Cold Shoulder\n|-heal|p1b: Cold Shoulder|18\/100|[silent]\n|-damage|p2b: Zapdos|5\/100 psn|[from] psn\n|upkeep\n|\n|t:|1699416275\n|switch|p1a: ThcrThnSnkr|Tyranitar, F|47\/100\n|-weather|Sandstorm|[from] ability: Sand Stream|[of] p1a: ThcrThnSnkr\n|turn|14\n|\n|t:|1699416291\n|move|p2b: Zapdos|Roost|p2b: Zapdos\n|-heal|p2b: Zapdos|55\/100 psn\n|-singleturn|p2b: Zapdos|move: Roost\n|move|p2a: Articuno|Freeze-Dry|p1b: Cold Shoulder\n|-damage|p1b: Cold Shoulder|0 fnt\n|faint|p1b: Cold Shoulder\n|move|p1a: ThcrThnSnkr|Rock Slide|p2a: Articuno|[spread] p2a,p2b\n|-supereffective|p2a: Articuno\n|-damage|p2a: Articuno|0 fnt\n|-damage|p2b: Zapdos|27\/100 psn\n|faint|p2a: Articuno\n|\n|-weather|Sandstorm|[upkeep]\n|-damage|p2b: Zapdos|21\/100 psn|[from] Sandstorm\n|-heal|p2b: Zapdos|27\/100 psn|[from] item: Leftovers\n|-damage|p2b: Zapdos|14\/100 psn|[from] psn\n|upkeep\n|turn|15\n|\n|t:|1699416302\n|move|p2b: Zapdos|Discharge|p1a: ThcrThnSnkr\n|-damage|p1a: ThcrThnSnkr|33\/100\n|move|p1a: ThcrThnSnkr|Knock Off|p2b: Zapdos\n|-damage|p2b: Zapdos|0 fnt\n|-enditem|p2b: Zapdos|Leftovers|[from] move: Knock Off|[of] p1a: ThcrThnSnkr\n|faint|p2b: Zapdos\n|\n|win|mikeyuwu\n|raw|mikeyuwu's rating: 1226 &rarr; <strong>1257<\/strong><br \/>(+31 for winning)\n|raw|Odinmorningstars's rating: 1312 &rarr; <strong>1287<\/strong><br \/>(-25 for losing)\n|l|\u2606Odinmorningstars\n","uploadtime":1699416320,"views":8,"p1id":"mikeyuwu","p2id":"odinmorningstars","formatid":"gen9doublesou","rating":1257,"private":0,"password":""}