{"id":"gen9doublesou-1989318177","p1":"NOAHS DOG 3","p2":"pogchimp970314","format":"[Gen 9] Doubles OU","log":"|j|\u2606NOAHS DOG 3\n|j|\u2606pogchimp970314\n|inactive|Battle timer is ON: inactive players will automatically lose when time's up.\n|t:|1699835742\n|gametype|doubles\n|player|p1|NOAHS DOG 3|gambler|\n|player|p2|pogchimp970314|elesa-masters|\n|teamsize|p1|6\n|teamsize|p2|6\n|gen|9\n|tier|[Gen 9] Doubles OU\n|rated|Tournament battle\n|rule|Species Clause: Limit one of each Pok\u00e9mon\n|rule|OHKO Clause: OHKO moves are banned\n|rule|Evasion Moves Clause: Evasion moves are banned\n|rule|Gravity Sleep Clause: The combination of sleep-inducing moves with imperfect accuracy and Gravity or Gigantamax Orbeetle are banned\n|rule|Endless Battle Clause: Forcing endless battles is banned\n|rule|HP Percentage Mod: HP is shown in percentages\n|clearpoke\n|poke|p1|Dragonair, F|\n|poke|p1|Mareanie, M|\n|poke|p1|Growlithe-Hisui, M|\n|poke|p1|Cleffa, F|\n|poke|p1|Toedscool, F|\n|poke|p1|Fuecoco, M|\n|poke|p2|Noibat, F|\n|poke|p2|Grookey, F|\n|poke|p2|Diglett, M|\n|poke|p2|Spoink, F|\n|poke|p2|Piplup, F|\n|poke|p2|Ducklett, M|\n|teampreview\n|j|*Lady Monita \u2746\n|inactive|pogchimp970314 also wants the timer to be on.\n|c|\u2606pogchimp970314|gl\n|c|\u2606NOAHS DOG 3|GLHF\n|\n|t:|1699835757\n|start\n|switch|p1a: Mareanie|Mareanie, M, shiny|100\/100\n|switch|p1b: Cleffa|Cleffa, F, shiny|100\/100\n|switch|p2a: Noibat|Noibat, F|100\/100\n|switch|p2b: Ducklett|Ducklett, M|100\/100\n|turn|1\n|\n|t:|1699835764\n|move|p2b: Ducklett|Helping Hand|p2a: Noibat\n|-singleturn|p2a: Noibat|Helping Hand|[of] p2b: Ducklett\n|move|p2a: Noibat|Hyper Voice|p1a: Mareanie|[spread] p1a,p1b\n|-damage|p1a: Mareanie|72\/100\n|-damage|p1b: Cleffa|68\/100\n|move|p1a: Mareanie|Toxic Spikes|p2b: Ducklett\n|-sidestart|p2: pogchimp970314|move: Toxic Spikes\n|move|p1b: Cleffa|Icy Wind|p2a: Noibat|[spread] p2a,p2b\n|-supereffective|p2a: Noibat\n|-damage|p2a: Noibat|0 fnt\n|-damage|p2b: Ducklett|94\/100\n|-unboost|p2b: Ducklett|spe|1\n|faint|p2a: Noibat\n|\n|upkeep\n|j| Im dumb srly\n|\n|t:|1699835773\n|switch|p2a: Diglett|Diglett, M|100\/100\n|-status|p2a: Diglett|psn\n|turn|2\n|j| Magiquaza\n|\n|t:|1699835786\n|-terastallize|p2a: Diglett|Ground\n|move|p2b: Ducklett|Helping Hand|p2a: Diglett\n|-singleturn|p2a: Diglett|Helping Hand|[of] p2b: Ducklett\n|move|p1a: Mareanie|Protect|p1a: Mareanie\n|-singleturn|p1a: Mareanie|Protect\n|move|p2a: Diglett|Earthquake|p1a: Mareanie|[spread] p1b\n|-activate|p1a: Mareanie|move: Protect\n|-immune|p2b: Ducklett\n|-damage|p1b: Cleffa|0 fnt\n|faint|p1b: Cleffa\n|\n|-damage|p2a: Diglett|88\/100 psn|[from] psn\n|upkeep\n|\n|t:|1699835801\n|switch|p1b: Toedscool|Toedscool, F, shiny|100\/100\n|turn|3\n|j| FrostArcanine19\n|l| FrostArcanine19\n|\n|t:|1699835816\n|switch|p2a: Spoink|Spoink, F|100\/100\n|-status|p2a: Spoink|psn\n|move|p1b: Toedscool|Giga Drain|p2a: Spoink\n|-damage|p2a: Spoink|84\/100 psn\n|move|p1a: Mareanie|Toxic Spikes|p2a: Spoink\n|-sidestart|p2: pogchimp970314|move: Toxic Spikes\n|move|p2b: Ducklett|Ice Beam|p1b: Toedscool\n|-supereffective|p1b: Toedscool\n|-damage|p1b: Toedscool|34\/100\n|\n|-heal|p1b: Toedscool|39\/100|[from] item: Leftovers\n|-damage|p2a: Spoink|71\/100 psn|[from] psn\n|upkeep\n|turn|4\n|c| Magiquaza|lefties?\n|\n|t:|1699835834\n|switch|p1a: Dragonair|Dragonair, F, shiny|100\/100\n|move|p1b: Toedscool|Giga Drain|p2b: Ducklett\n|-crit|p2b: Ducklett\n|-damage|p2b: Ducklett|68\/100\n|-heal|p1b: Toedscool|59\/100|[from] drain|[of] p2b: Ducklett\n|move|p2a: Spoink|Extrasensory|p1a: Dragonair\n|-damage|p1a: Dragonair|62\/100\n|move|p2b: Ducklett|Ice Beam|p1b: Toedscool\n|-supereffective|p1b: Toedscool\n|-damage|p1b: Toedscool|0 fnt\n|faint|p1b: Toedscool\n|\n|-damage|p2a: Spoink|59\/100 psn|[from] psn\n|upkeep\n|j| Aleoncio-z\n|inactive|NOAHS DOG 3 has 120 seconds left.\n|c|\u2606NOAHS DOG 3|I didn't realize until now that I put leftovers on him instead of eviolite\n|\n|t:|1699835862\n|switch|p1b: Mareanie|Mareanie, M, shiny|100\/100\n|turn|5\n|c|\u2606pogchimp970314|sad\n|\n|t:|1699835869\n|move|p1a: Dragonair|Dragon Dance|p1a: Dragonair\n|-boost|p1a: Dragonair|atk|1\n|-boost|p1a: Dragonair|spe|1\n|move|p2a: Spoink|Extrasensory|p1b: Mareanie\n|-supereffective|p1b: Mareanie\n|-damage|p1b: Mareanie|29\/100\n|move|p1b: Mareanie|Lunge|p2a: Spoink\n|-supereffective|p2a: Spoink\n|-damage|p2a: Spoink|21\/100 psn\n|-unboost|p2a: Spoink|atk|1\n|move|p2b: Ducklett|Ice Beam|p1a: Dragonair\n|-supereffective|p1a: Dragonair\n|-damage|p1a: Dragonair|34\/100\n|\n|-damage|p2a: Spoink|9\/100 psn|[from] psn\n|upkeep\n|turn|6\n|c| Magiquaza|oh was the lefties from the toedscruel set?\n|c|\u2606NOAHS DOG 3|Yep\n|\n|t:|1699835887\n|move|p1b: Mareanie|Protect|p1b: Mareanie\n|-singleturn|p1b: Mareanie|Protect\n|move|p1a: Dragonair|Outrage|p2b: Ducklett\n|-damage|p2b: Ducklett|0 fnt\n|faint|p2b: Ducklett\n|move|p2a: Spoink|Extrasensory|p1b: Mareanie\n|-activate|p1b: Mareanie|move: Protect\n|\n|-damage|p2a: Spoink|0 fnt|[from] psn\n|faint|p2a: Spoink\n|upkeep\n|\n|t:|1699835905\n|switch|p2a: Diglett|Diglett, M, tera:Ground|88\/100 psn\n|switch|p2b: Grookey|Grookey, F|100\/100\n|-status|p2b: Grookey|tox\n|-fieldstart|move: Grassy Terrain|[from] ability: Grassy Surge|[of] p2b: Grookey\n|turn|7\n|\n|t:|1699835919\n|move|p1b: Mareanie|Protect||[still]\n|-fail|p1b: Mareanie\n|move|p2b: Grookey|Fake Out|p1a: Dragonair\n|-damage|p1a: Dragonair|23\/100\n|cant|p1a: Dragonair|flinch\n|move|p2a: Diglett|Stomping Tantrum|p1b: Mareanie\n|-supereffective|p1b: Mareanie\n|-crit|p1b: Mareanie\n|-damage|p1b: Mareanie|0 fnt\n|faint|p1b: Mareanie\n|\n|-heal|p1a: Dragonair|29\/100|[from] Grassy Terrain\n|-heal|p2a: Diglett|94\/100 psn|[from] Grassy Terrain\n|-damage|p2a: Diglett|82\/100 psn|[from] psn\n|-damage|p2b: Grookey|94\/100 tox|[from] psn\n|upkeep\n|\n|t:|1699835932\n|switch|p1b: Fuecoco|Fuecoco, M, shiny|100\/100\n|turn|8\n|\n|t:|1699835943\n|switch|p2a: Piplup|Piplup, F|100\/100\n|-status|p2a: Piplup|tox\n|-terastallize|p1b: Fuecoco|Grass\n|move|p1a: Dragonair|Extreme Speed|p2a: Piplup\n|-damage|p2a: Piplup|60\/100 tox\n|move|p2b: Grookey|Grassy Glide|p1a: Dragonair\n|-resisted|p1a: Dragonair\n|-damage|p1a: Dragonair|15\/100\n|move|p1b: Fuecoco|Flamethrower|p2b: Grookey\n|-supereffective|p2b: Grookey\n|-damage|p2b: Grookey|14\/100 tox\n|\n|-heal|p1a: Dragonair|21\/100|[from] Grassy Terrain\n|-heal|p2b: Grookey|20\/100 tox|[from] Grassy Terrain\n|-heal|p2a: Piplup|66\/100 tox|[from] Grassy Terrain\n|-damage|p2b: Grookey|8\/100 tox|[from] psn\n|-damage|p2a: Piplup|60\/100 tox|[from] psn\n|upkeep\n|turn|9\n|\n|t:|1699835962\n|move|p1a: Dragonair|Extreme Speed|p2b: Grookey\n|-damage|p2b: Grookey|0 fnt\n|faint|p2b: Grookey\n|move|p2a: Piplup|Surf|p1b: Fuecoco|[spread] p1a,p1b\n|-resisted|p1a: Dragonair\n|-resisted|p1b: Fuecoco\n|-damage|p1a: Dragonair|12\/100\n|-damage|p1b: Fuecoco|91\/100\n|move|p1b: Fuecoco|Tera Blast|p2a: Piplup|[anim] Tera Blast Grass\n|-supereffective|p2a: Piplup\n|-damage|p2a: Piplup|25\/100 tox\n|\n|-heal|p1a: Dragonair|18\/100|[from] Grassy Terrain\n|-heal|p2a: Piplup|31\/100 tox|[from] Grassy Terrain\n|-heal|p1b: Fuecoco|97\/100|[from] Grassy Terrain\n|-damage|p2a: Piplup|19\/100 tox|[from] psn\n|upkeep\n|\n|t:|1699835965\n|switch|p2b: Diglett|Diglett, M, tera:Ground|82\/100 psn\n|turn|10\n|\n|t:|1699835976\n|move|p2a: Piplup|Protect|p2a: Piplup\n|-singleturn|p2a: Piplup|Protect\n|move|p1a: Dragonair|Outrage|p2a: Piplup\n|-activate|p2a: Piplup|move: Protect\n|move|p2b: Diglett|Rock Slide|p1a: Dragonair|[spread] p1a,p1b\n|-damage|p1a: Dragonair|0 fnt\n|-damage|p1b: Fuecoco|85\/100\n|faint|p1a: Dragonair\n|cant|p1b: Fuecoco|flinch\n|\n|-heal|p2b: Diglett|88\/100 psn|[from] Grassy Terrain\n|-heal|p2a: Piplup|25\/100 tox|[from] Grassy Terrain\n|-heal|p1b: Fuecoco|91\/100|[from] Grassy Terrain\n|-damage|p2b: Diglett|76\/100 psn|[from] psn\n|-damage|p2a: Piplup|6\/100 tox|[from] psn\n|upkeep\n|\n|t:|1699835987\n|switch|p1a: Growlithe|Growlithe-Hisui, M, shiny|100\/100\n|-ability|p1a: Growlithe|Intimidate|boost\n|-unboost|p2a: Piplup|atk|1\n|-ability|p2a: Piplup|Competitive|boost\n|-boost|p2a: Piplup|spa|2\n|-unboost|p2b: Diglett|atk|1\n|turn|11\n|\n|t:|1699835995\n|move|p2b: Diglett|Rock Slide|p1a: Growlithe|[spread] p1a,p1b\n|-supereffective|p1a: Growlithe\n|-damage|p1a: Growlithe|69\/100\n|-damage|p1b: Fuecoco|79\/100\n|move|p1a: Growlithe|Flare Blitz|p2b: Diglett\n|-damage|p2b: Diglett|0 fnt\n|faint|p2b: Diglett\n|-damage|p1a: Growlithe|57\/100|[from] Recoil\n|move|p2a: Piplup|Yawn|p1b: Fuecoco\n|-start|p1b: Fuecoco|move: Yawn|[of] p2a: Piplup\n|move|p1b: Fuecoco|Tera Blast|p2a: Piplup|[anim] Tera Blast Grass\n|-supereffective|p2a: Piplup\n|-damage|p2a: Piplup|0 fnt\n|faint|p2a: Piplup\n|\n|win|NOAHS DOG 3\n|n|\u2606NOAHS DOG 3|noahsdog3\n|n|\u2606pogchimp970314|pogchimp970314\n|n|*Lady Monita \u2746|ladymonita\n|n| Im dumb srly|imdumbsrly\n|n| Magiquaza|magiquaza\n|n| Aleoncio-z|aleoncioz\n","uploadtime":1699835996,"views":9,"p1id":"noahsdog3","p2id":"pogchimp970314","formatid":"gen9doublesou","rating":0,"private":0,"password":""}