{"id":"gen9doublesou-1974527189","p1":"king888","p2":"Devrick Mundle","format":"[Gen 9] Doubles OU","log":"|j|\u2606king888\n|j|\u2606Devrick Mundle\n|t:|1698094421\n|gametype|doubles\n|player|p1|king888|cynthia|1160\n|player|p2|Devrick Mundle|266|1137\n|teamsize|p1|6\n|teamsize|p2|6\n|gen|9\n|tier|[Gen 9] Doubles OU\n|rated|\n|rule|Species Clause: Limit one of each Pok\u00e9mon\n|rule|OHKO Clause: OHKO moves are banned\n|rule|Evasion Moves Clause: Evasion moves are banned\n|rule|Gravity Sleep Clause: The combination of sleep-inducing moves with imperfect accuracy and Gravity or Gigantamax Orbeetle are banned\n|rule|Endless Battle Clause: Forcing endless battles is banned\n|rule|HP Percentage Mod: HP is shown in percentages\n|clearpoke\n|poke|p1|Oricorio-Sensu, F|\n|poke|p1|Volcarona, F|\n|poke|p1|Kommo-o, F|\n|poke|p1|Lilligant, F|\n|poke|p1|Iron Thorns|\n|poke|p1|Quaquaval, F|\n|poke|p2|Barraskewda, M|\n|poke|p2|Tornadus, M|\n|poke|p2|Ludicolo, M|\n|poke|p2|Pelipper, M|\n|poke|p2|Overqwil, F|\n|poke|p2|Rotom-Wash|\n|teampreview\n|j| Unclosetedrock\n|\n|t:|1698094430\n|start\n|switch|p1a: Oricorio|Oricorio-Sensu, F|100\/100\n|switch|p1b: Volcarona|Volcarona, F|100\/100\n|switch|p2a: Tornadus|Tornadus, M|100\/100\n|switch|p2b: Pelipper|Pelipper, M|100\/100\n|-weather|RainDance|[from] ability: Drizzle|[of] p2b: Pelipper\n|turn|1\n|\n|t:|1698094444\n|move|p1a: Oricorio|Protect|p1a: Oricorio\n|-singleturn|p1a: Oricorio|Protect\n|move|p2a: Tornadus|Taunt|p1b: Volcarona\n|-start|p1b: Volcarona|move: Taunt\n|cant|p1b: Volcarona|move: Taunt|Quiver Dance\n|move|p2b: Pelipper|Tailwind|p2b: Pelipper\n|-sidestart|p2: Devrick Mundle|move: Tailwind\n|\n|-weather|RainDance|[upkeep]\n|upkeep\n|turn|2\n|inactive|Battle timer is ON: inactive players will automatically lose when time's up. (requested by Devrick Mundle)\n|\n|t:|1698094482\n|switch|p1b: Iron Thorns|Iron Thorns|100\/100\n|-enditem|p1b: Iron Thorns|Booster Energy\n|-activate|p1b: Iron Thorns|ability: Quark Drive|[fromitem]\n|-start|p1b: Iron Thorns|quarkdriveatk\n|move|p2a: Tornadus|Bleakwind Storm|p1b: Iron Thorns|[spread] p1a,p1b\n|-resisted|p1b: Iron Thorns\n|-damage|p1a: Oricorio|50\/100\n|-damage|p1b: Iron Thorns|88\/100\n|move|p2b: Pelipper|Hydro Pump|p1b: Iron Thorns\n|-supereffective|p1b: Iron Thorns\n|-damage|p1b: Iron Thorns|0 fnt\n|faint|p1b: Iron Thorns\n|-end|p1b: Iron Thorns|Quark Drive|[silent]\n|move|p1a: Oricorio|Revelation Dance|p2b: Pelipper\n|-damage|p2b: Pelipper|54\/100\n|\n|-weather|RainDance|[upkeep]\n|-heal|p1a: Oricorio|57\/100|[from] item: Leftovers\n|upkeep\n|\n|t:|1698094500\n|switch|p1b: Lilligant|Lilligant, F|100\/100\n|turn|3\n|\n|t:|1698094511\n|move|p1a: Oricorio|Protect|p1a: Oricorio\n|-singleturn|p1a: Oricorio|Protect\n|move|p2a: Tornadus|Bleakwind Storm|p1b: Lilligant|[spread] p1b\n|-activate|p1a: Oricorio|move: Protect\n|-supereffective|p1b: Lilligant\n|-damage|p1b: Lilligant|0 fnt\n|faint|p1b: Lilligant\n|move|p2b: Pelipper|Hurricane|p1a: Oricorio\n|-activate|p1a: Oricorio|move: Protect\n|\n|-weather|RainDance|[upkeep]\n|-heal|p1a: Oricorio|63\/100|[from] item: Leftovers\n|upkeep\n|\n|t:|1698094529\n|switch|p1b: Quaquaval|Quaquaval, F|100\/100\n|turn|4\n|\n|t:|1698094547\n|move|p2a: Tornadus|Bleakwind Storm|p1a: Oricorio|[spread] p1a,p1b\n|-supereffective|p1b: Quaquaval\n|-damage|p1a: Oricorio|12\/100\n|-damage|p1b: Quaquaval|19\/100\n|-unboost|p1a: Oricorio|spe|1\n|move|p2b: Pelipper|Hurricane|p1b: Quaquaval\n|-supereffective|p1b: Quaquaval\n|-damage|p1b: Quaquaval|0 fnt\n|faint|p1b: Quaquaval\n|move|p1a: Oricorio|Revelation Dance|p2b: Pelipper\n|-damage|p2b: Pelipper|12\/100\n|\n|-weather|RainDance|[upkeep]\n|-heal|p1a: Oricorio|18\/100|[from] item: Leftovers\n|-sideend|p2: Devrick Mundle|move: Tailwind\n|upkeep\n|\n|t:|1698094560\n|switch|p1b: Kommo-o|Kommo-o, F|100\/100\n|turn|5\n|\n|t:|1698094569\n|move|p1a: Oricorio|Protect|p1a: Oricorio\n|-singleturn|p1a: Oricorio|Protect\n|move|p2a: Tornadus|Taunt|p1b: Kommo-o\n|-start|p1b: Kommo-o|move: Taunt\n|cant|p1b: Kommo-o|move: Taunt|Clangorous Soul\n|move|p2b: Pelipper|Tailwind|p2b: Pelipper\n|-sidestart|p2: Devrick Mundle|move: Tailwind\n|\n|-weather|RainDance|[upkeep]\n|-heal|p1a: Oricorio|24\/100|[from] item: Leftovers\n|upkeep\n|turn|6\n|\n|t:|1698094584\n|-terastallize|p1b: Kommo-o|Normal\n|move|p2a: Tornadus|Bleakwind Storm|p1b: Kommo-o|[spread] p1a,p1b\n|-damage|p1a: Oricorio|0 fnt\n|-damage|p1b: Kommo-o|52\/100\n|faint|p1a: Oricorio\n|move|p2b: Pelipper|Hurricane|p1b: Kommo-o\n|-damage|p1b: Kommo-o|0 fnt\n|faint|p1b: Kommo-o\n|\n|-weather|RainDance|[upkeep]\n|upkeep\n|\n|t:|1698094594\n|switch|p1b: Volcarona|Volcarona, F|100\/100\n|turn|7\n|\n|t:|1698094623\n|move|p2a: Tornadus|Bleakwind Storm|p1b: Volcarona\n|-supereffective|p1b: Volcarona\n|-damage|p1b: Volcarona|0 fnt\n|faint|p1b: Volcarona\n|\n|win|Devrick Mundle\n|raw|king888's rating: 1160 &rarr; <strong>1133<\/strong><br \/>(-27 for losing)\n|raw|Devrick Mundle's rating: 1137 &rarr; <strong>1164<\/strong><br \/>(+27 for winning)\n","uploadtime":1698094716,"views":10,"p1id":"king888","p2id":"devrickmundle","formatid":"gen9doublesou","rating":1133,"private":0,"password":""}