{"id":"gen9doublesou-1980874542","p1":"dangledipipples","p2":"Piunicoulours","format":"[Gen 9] Doubles OU","log":"|j|\u203ddangledipipples\n|j|\u2606Piunicoulours\n|t:|1698844818\n|gametype|doubles\n|player|p1|dangledipipples|veteran|1428\n|player|p2|Piunicoulours|steven|1475\n|teamsize|p1|6\n|teamsize|p2|6\n|gen|9\n|tier|[Gen 9] Doubles OU\n|rated|\n|rule|Species Clause: Limit one of each Pok\u00e9mon\n|rule|OHKO Clause: OHKO moves are banned\n|rule|Evasion Moves Clause: Evasion moves are banned\n|rule|Gravity Sleep Clause: The combination of sleep-inducing moves with imperfect accuracy and Gravity or Gigantamax Orbeetle are banned\n|rule|Endless Battle Clause: Forcing endless battles is banned\n|rule|HP Percentage Mod: HP is shown in percentages\n|clearpoke\n|poke|p1|Poliwrath, F|\n|poke|p1|Pelipper, F|\n|poke|p1|Landorus-Therian, M|\n|poke|p1|Amoonguss, M|\n|poke|p1|Raichu, M|\n|poke|p1|Bronzong|\n|poke|p2|Tornadus, M|\n|poke|p2|Iron Hands|\n|poke|p2|Rillaboom, M|\n|poke|p2|Flutter Mane|\n|poke|p2|Ogerpon-Hearthflame, F|\n|poke|p2|Heatran, F|\n|teampreview\n|\n|t:|1698844837\n|start\n|switch|p1a: Amoonguss|Amoonguss, M, shiny|100\/100\n|switch|p1b: Bronzong|Bronzong|100\/100\n|switch|p2a: Rillaboom|Rillaboom, M|100\/100\n|switch|p2b: Tornadus|Tornadus, M|100\/100\n|-fieldstart|move: Grassy Terrain|[from] ability: Grassy Surge|[of] p2a: Rillaboom\n|turn|1\n|\n|t:|1698844856\n|move|p1a: Amoonguss|Protect|p1a: Amoonguss\n|-singleturn|p1a: Amoonguss|Protect\n|move|p2a: Rillaboom|Fake Out|p1a: Amoonguss\n|-activate|p1a: Amoonguss|move: Protect\n|move|p2b: Tornadus|Taunt|p1b: Bronzong\n|-start|p1b: Bronzong|move: Taunt\n|cant|p1b: Bronzong|move: Taunt|Trick Room\n|\n|upkeep\n|turn|2\n|\n|t:|1698844877\n|switch|p2b: Heatran|Heatran, F|100\/100\n|switch|p1b: Pelipper|Pelipper, F|100\/100\n|-weather|RainDance|[from] ability: Drizzle|[of] p1b: Pelipper\n|move|p2a: Rillaboom|U-turn|p1a: Amoonguss\n|-damage|p1a: Amoonguss|74\/100\n|\n|t:|1698844884\n|switch|p2a: Tornadus|Tornadus, M|100\/100|[from] U-turn\n|move|p1a: Amoonguss|Spore|p2b: Heatran\n|-status|p2b: Heatran|slp|[from] move: Spore\n|\n|-weather|RainDance|[upkeep]\n|-heal|p1a: Amoonguss|81\/100|[from] Grassy Terrain\n|upkeep\n|turn|3\n|\n|t:|1698844898\n|switch|p2b: Rillaboom|Rillaboom, M|100\/100\n|move|p2a: Tornadus|Bleakwind Storm|p1b: Pelipper|[spread] p1a,p1b\n|-supereffective|p1a: Amoonguss\n|-damage|p1a: Amoonguss|35\/100\n|-damage|p1b: Pelipper|61\/100\n|-unboost|p1a: Amoonguss|spe|1\n|move|p1b: Pelipper|Weather Ball|p2b: Rillaboom\n|-resisted|p2b: Rillaboom\n|-damage|p2b: Rillaboom|80\/100\n|move|p1a: Amoonguss|Spore|p2a: Tornadus\n|-status|p2a: Tornadus|slp|[from] move: Spore\n|\n|-weather|RainDance|[upkeep]\n|-heal|p2b: Rillaboom|87\/100|[from] Grassy Terrain\n|-heal|p1a: Amoonguss|41\/100|[from] Grassy Terrain\n|upkeep\n|turn|4\n|\n|t:|1698844918\n|switch|p1a: Landorus|Landorus-Therian, M|100\/100\n|-ability|p1a: Landorus|Intimidate|boost\n|-unboost|p2a: Tornadus|atk|1\n|-unboost|p2b: Rillaboom|atk|1\n|move|p2b: Rillaboom|Grassy Glide|p1b: Pelipper\n|-damage|p1b: Pelipper|36\/100\n|cant|p2a: Tornadus|slp\n|move|p1b: Pelipper|Tailwind|p1b: Pelipper\n|-sidestart|p1: dangledipipples|move: Tailwind\n|\n|-weather|RainDance|[upkeep]\n|-heal|p2b: Rillaboom|93\/100|[from] Grassy Terrain\n|upkeep\n|turn|5\n|\n|t:|1698844935\n|cant|p2a: Tornadus|slp\n|move|p2b: Rillaboom|Grassy Glide|p1b: Pelipper\n|-damage|p1b: Pelipper|8\/100\n|move|p1a: Landorus|Rock Slide|p2a: Tornadus|[spread] p2a,p2b\n|-supereffective|p2a: Tornadus\n|-damage|p2a: Tornadus|52\/100 slp\n|-damage|p2b: Rillaboom|69\/100\n|-damage|p1a: Landorus|91\/100|[from] item: Life Orb\n|move|p1b: Pelipper|Hurricane|p2b: Rillaboom\n|-supereffective|p2b: Rillaboom\n|-crit|p2b: Rillaboom\n|-damage|p2b: Rillaboom|0 fnt\n|faint|p2b: Rillaboom\n|\n|-weather|RainDance|[upkeep]\n|-fieldend|move: Grassy Terrain\n|upkeep\n|\n|t:|1698844942\n|switch|p2b: Iron Hands|Iron Hands|100\/100\n|turn|6\n|\n|t:|1698844969\n|switch|p1b: Poliwrath|Poliwrath, F|100\/100\n|move|p2b: Iron Hands|Protect|p2b: Iron Hands\n|-singleturn|p2b: Iron Hands|Protect\n|cant|p2a: Tornadus|slp\n|move|p1a: Landorus|Rock Slide|p2b: Iron Hands|[spread] p2a\n|-activate|p2b: Iron Hands|move: Protect\n|-supereffective|p2a: Tornadus\n|-damage|p2a: Tornadus|1\/100 slp\n|-damage|p1a: Landorus|81\/100|[from] item: Life Orb\n|\n|-weather|none\n|upkeep\n|turn|7\n|\n|t:|1698844991\n|-terastallize|p1b: Poliwrath|Steel\n|-curestatus|p2a: Tornadus|slp|[msg]\n|move|p2a: Tornadus|Tailwind|p2a: Tornadus\n|-sidestart|p2: Piunicoulours|move: Tailwind\n|move|p1a: Landorus|Rock Slide|p2b: Iron Hands|[spread] p2a,p2b\n|-supereffective|p2a: Tornadus\n|-resisted|p2b: Iron Hands\n|-damage|p2a: Tornadus|0 fnt\n|-damage|p2b: Iron Hands|92\/100\n|faint|p2a: Tornadus\n|-damage|p1a: Landorus|71\/100|[from] item: Life Orb\n|move|p1b: Poliwrath|Belly Drum|p1b: Poliwrath\n|-damage|p1b: Poliwrath|50\/100\n|-setboost|p1b: Poliwrath|atk|6|[from] move: Belly Drum\n|-enditem|p1b: Poliwrath|Sitrus Berry|[eat]\n|-heal|p1b: Poliwrath|75\/100|[from] item: Sitrus Berry\n|move|p2b: Iron Hands|Swords Dance|p2b: Iron Hands\n|-boost|p2b: Iron Hands|atk|2\n|\n|-sideend|p1: dangledipipples|move: Tailwind\n|upkeep\n|\n|t:|1698845005\n|switch|p2a: Ogerpon|Ogerpon-Hearthflame, F|100\/100\n|-ability|p2a: Ogerpon|Mold Breaker\n|turn|8\n|\n|t:|1698845022\n|switch|p1a: Pelipper|Pelipper, F|8\/100\n|-weather|RainDance|[from] ability: Drizzle|[of] p1a: Pelipper\n|move|p2a: Ogerpon|Horn Leech|p1a: Pelipper\n|-damage|p1a: Pelipper|0 fnt\n|faint|p1a: Pelipper\n|move|p1b: Poliwrath|Drain Punch|p2b: Iron Hands\n|-damage|p2b: Iron Hands|0 fnt\n|-heal|p1b: Poliwrath|100\/100|[from] drain|[of] p2b: Iron Hands\n|faint|p2b: Iron Hands\n|-end|p2b: Iron Hands|Quark Drive|[silent]\n|\n|-weather|RainDance|[upkeep]\n|upkeep\n|\n|t:|1698845039\n|switch|p1a: Raichu|Raichu, M, shiny|100\/100\n|switch|p2b: Flutter Mane|Flutter Mane|100\/100\n|turn|9\n|\n|t:|1698845056\n|-terastallize|p2a: Ogerpon|Fire\n|detailschange|p2a: Ogerpon|Ogerpon-Hearthflame-Tera, F, tera:Fire\n|-ability|p2a: Ogerpon|Embody Aspect (Hearthflame)|boost\n|-boost|p2a: Ogerpon|atk|1\n|move|p1a: Raichu|Fake Out|p2a: Ogerpon\n|-damage|p2a: Ogerpon|91\/100\n|move|p2b: Flutter Mane|Dazzling Gleam|p1b: Poliwrath|[spread] p1a,p1b\n|-resisted|p1b: Poliwrath\n|-damage|p1a: Raichu|27\/100\n|-damage|p1b: Poliwrath|77\/100\n|cant|p2a: Ogerpon|flinch\n|move|p1b: Poliwrath|Liquidation|p2b: Flutter Mane\n|-damage|p2b: Flutter Mane|0 fnt\n|faint|p2b: Flutter Mane\n|-end|p2b: Flutter Mane|Protosynthesis|[silent]\n|\n|-weather|RainDance|[upkeep]\n|upkeep\n|\n|t:|1698845066\n|switch|p2b: Heatran|Heatran, F|100\/100 slp\n|turn|10\n|\n|t:|1698845077\n|switch|p1a: Amoonguss|Amoonguss, M, shiny|74\/100\n|move|p1b: Poliwrath|Protect|p1b: Poliwrath\n|-singleturn|p1b: Poliwrath|Protect\n|move|p2a: Ogerpon|Ivy Cudgel|p1b: Poliwrath\n|-activate|p1b: Poliwrath|move: Protect\n|cant|p2b: Heatran|slp\n|\n|-weather|RainDance|[upkeep]\n|-sideend|p2: Piunicoulours|move: Tailwind\n|upkeep\n|turn|11\n|\n|t:|1698845097\n|move|p1a: Amoonguss|Rage Powder|p1a: Amoonguss\n|-singleturn|p1a: Amoonguss|move: Rage Powder\n|move|p1b: Poliwrath|Liquidation|p2a: Ogerpon\n|-supereffective|p2a: Ogerpon\n|-damage|p2a: Ogerpon|0 fnt\n|faint|p2a: Ogerpon\n|-curestatus|p2b: Heatran|slp|[msg]\n|move|p2b: Heatran|Heat Wave|p1a: Amoonguss|[spread] p1a,p1b\n|-supereffective|p1a: Amoonguss\n|-supereffective|p1b: Poliwrath\n|-damage|p1a: Amoonguss|46\/100\n|-damage|p1b: Poliwrath|39\/100\n|\n|-weather|RainDance|[upkeep]\n|upkeep\n|turn|12\n|-message|Piunicoulours forfeited.\n|\n|win|dangledipipples\n|raw|dangledipipples's rating: 1428 &rarr; <strong>1451<\/strong><br \/>(+23 for winning)\n|raw|Piunicoulours's rating: 1475 &rarr; <strong>1452<\/strong><br \/>(-23 for losing)\n|l|\u2606Piunicoulours\n","uploadtime":1698845115,"views":17,"p1id":"dangledipipples","p2id":"piunicoulours","formatid":"gen9doublesou","rating":1451,"private":0,"password":""}