{"id":"gen9doublesou-1984255801","p1":"DoerreKong","p2":"Selufer87","format":"[Gen 9] Doubles OU","log":"|j|\u2606DoerreKong\n|j|\u2606Selufer87\n|t:|1699235617\n|gametype|doubles\n|player|p1|DoerreKong|ltsurge|1672\n|player|p2|Selufer87|steven|1665\n|teamsize|p1|6\n|teamsize|p2|6\n|gen|9\n|tier|[Gen 9] Doubles OU\n|rated|\n|rule|Species Clause: Limit one of each Pok\u00e9mon\n|rule|OHKO Clause: OHKO moves are banned\n|rule|Evasion Moves Clause: Evasion moves are banned\n|rule|Gravity Sleep Clause: The combination of sleep-inducing moves with imperfect accuracy and Gravity or Gigantamax Orbeetle are banned\n|rule|Endless Battle Clause: Forcing endless battles is banned\n|rule|HP Percentage Mod: HP is shown in percentages\n|clearpoke\n|poke|p1|Torkoal, M|\n|poke|p1|Cresselia, F|\n|poke|p1|Diancie|\n|poke|p1|Iron Hands|\n|poke|p1|Amoonguss, F|\n|poke|p1|Dragonite, M|\n|poke|p2|Tyranitar, F|\n|poke|p2|Arcanine-Hisui, F|\n|poke|p2|Kommo-o, F|\n|poke|p2|Cresselia, F|\n|poke|p2|Toxapex, M|\n|poke|p2|Sinistcha|\n|teampreview\n|inactive|Battle timer is ON: inactive players will automatically lose when time's up. (requested by DoerreKong)\n|\n|t:|1699235637\n|start\n|switch|p1a: Cresselia|Cresselia, F|100\/100\n|switch|p1b: Iron Hands|Iron Hands|100\/100\n|switch|p2a: Tyranitar|Tyranitar, F|100\/100\n|switch|p2b: Sinistcha|Sinistcha|100\/100\n|-weather|Sandstorm|[from] ability: Sand Stream|[of] p2a: Tyranitar\n|turn|1\n|\n|t:|1699235657\n|switch|p1a: Diancie|Diancie|100\/100\n|-terastallize|p2a: Tyranitar|Ghost\n|move|p2b: Sinistcha|Shadow Ball|p1a: Diancie\n|-damage|p1a: Diancie|82\/100\n|move|p2a: Tyranitar|Knock Off|p1a: Diancie\n|-resisted|p1a: Diancie\n|-damage|p1a: Diancie|69\/100\n|-enditem|p1a: Diancie|Weakness Policy|[from] move: Knock Off|[of] p2a: Tyranitar\n|move|p1b: Iron Hands|Body Press|p2a: Tyranitar\n|-immune|p2a: Tyranitar\n|\n|-weather|Sandstorm|[upkeep]\n|-damage|p2b: Sinistcha|94\/100|[from] Sandstorm\n|-damage|p2a: Tyranitar|94\/100|[from] Sandstorm\n|-damage|p1b: Iron Hands|94\/100|[from] Sandstorm\n|-heal|p2b: Sinistcha|100\/100|[from] item: Leftovers\n|-heal|p1b: Iron Hands|100\/100|[from] item: Leftovers\n|upkeep\n|turn|2\n|\n|t:|1699235676\n|-end|p1b: Iron Hands|Quark Drive|[silent]\n|switch|p1b: Amoonguss|Amoonguss, F|100\/100\n|move|p2b: Sinistcha|Matcha Gotcha|p1b: Amoonguss|[spread] p1a,p1b\n|-supereffective|p1a: Diancie\n|-resisted|p1b: Amoonguss\n|-damage|p1a: Diancie|41\/100\n|-damage|p1b: Amoonguss|95\/100\n|move|p2a: Tyranitar|High Horsepower|p1a: Diancie\n|-supereffective|p1a: Diancie\n|-damage|p1a: Diancie|8\/100\n|move|p1a: Diancie|Diamond Storm|p2b: Sinistcha|[spread] p2a,p2b\n|-damage|p2a: Tyranitar|74\/100\n|-damage|p2b: Sinistcha|80\/100\n|\n|-weather|Sandstorm|[upkeep]\n|-damage|p2b: Sinistcha|74\/100|[from] Sandstorm\n|-damage|p2a: Tyranitar|68\/100|[from] Sandstorm\n|-damage|p1b: Amoonguss|89\/100|[from] Sandstorm\n|-heal|p2b: Sinistcha|80\/100|[from] item: Leftovers\n|upkeep\n|turn|3\n|\n|t:|1699235692\n|switch|p1a: Cresselia|Cresselia, F|100\/100\n|move|p2b: Sinistcha|Matcha Gotcha|p1a: Cresselia|[spread] p1a\n|-miss|p2b: Sinistcha|p1b: Amoonguss\n|-damage|p1a: Cresselia|86\/100\n|-heal|p2b: Sinistcha|89\/100|[from] drain|[of] p1a: Cresselia\n|move|p2a: Tyranitar|Knock Off|p1b: Amoonguss\n|-damage|p1b: Amoonguss|51\/100\n|-enditem|p1b: Amoonguss|Quick Claw|[from] move: Knock Off|[of] p2a: Tyranitar\n|move|p1b: Amoonguss|Spore|p2a: Tyranitar\n|-status|p2a: Tyranitar|slp|[from] move: Spore\n|\n|-weather|Sandstorm|[upkeep]\n|-damage|p2b: Sinistcha|83\/100|[from] Sandstorm\n|-damage|p2a: Tyranitar|62\/100 slp|[from] Sandstorm\n|-damage|p1a: Cresselia|80\/100|[from] Sandstorm\n|-damage|p1b: Amoonguss|45\/100|[from] Sandstorm\n|-heal|p2b: Sinistcha|89\/100|[from] item: Leftovers\n|-heal|p1a: Cresselia|86\/100|[from] item: Leftovers\n|upkeep\n|turn|4\n|\n|t:|1699235720\n|move|p2b: Sinistcha|Calm Mind|p2b: Sinistcha\n|-boost|p2b: Sinistcha|spa|1\n|-boost|p2b: Sinistcha|spd|1\n|cant|p2a: Tyranitar|slp\n|move|p1b: Amoonguss|Sludge Bomb|p2b: Sinistcha\n|-damage|p2b: Sinistcha|66\/100\n|-status|p2b: Sinistcha|psn\n|move|p1a: Cresselia|Trick Room|p1a: Cresselia\n|-fieldstart|move: Trick Room|[of] p1a: Cresselia\n|\n|-weather|Sandstorm|[upkeep]\n|-damage|p1b: Amoonguss|38\/100|[from] Sandstorm\n|-damage|p1a: Cresselia|80\/100|[from] Sandstorm\n|-damage|p2a: Tyranitar|56\/100 slp|[from] Sandstorm\n|-damage|p2b: Sinistcha|60\/100 psn|[from] Sandstorm\n|-heal|p1a: Cresselia|86\/100|[from] item: Leftovers\n|-heal|p2b: Sinistcha|66\/100 psn|[from] item: Leftovers\n|-damage|p2b: Sinistcha|54\/100 psn|[from] psn\n|upkeep\n|turn|5\n|\n|t:|1699235749\n|switch|p1b: Torkoal|Torkoal, M|100\/100\n|-weather|SunnyDay|[from] ability: Drought|[of] p1b: Torkoal\n|move|p1a: Cresselia|Calm Mind|p1a: Cresselia\n|-boost|p1a: Cresselia|spa|1\n|-boost|p1a: Cresselia|spd|1\n|cant|p2a: Tyranitar|slp\n|move|p2b: Sinistcha|Matcha Gotcha|p1b: Torkoal|[spread] p1a,p1b\n|-resisted|p1b: Torkoal\n|-crit|p1b: Torkoal\n|-damage|p1a: Cresselia|73\/100\n|-heal|p2b: Sinistcha|62\/100 psn|[from] drain|[of] p1a: Cresselia\n|-damage|p1b: Torkoal|65\/100\n|-heal|p2b: Sinistcha|80\/100 psn|[from] drain|[of] p1b: Torkoal\n|\n|-weather|SunnyDay|[upkeep]\n|-heal|p1a: Cresselia|79\/100|[from] item: Leftovers\n|-heal|p2b: Sinistcha|86\/100 psn|[from] item: Leftovers\n|-damage|p2b: Sinistcha|74\/100 psn|[from] psn\n|upkeep\n|turn|6\n|inactive|Selufer87 has 120 seconds left.\n|\n|t:|1699235794\n|switch|p2a: Toxapex|Toxapex, M|100\/100\n|move|p1b: Torkoal|Eruption|p2b: Sinistcha|[spread] p2a,p2b\n|-resisted|p2a: Toxapex\n|-supereffective|p2b: Sinistcha\n|-damage|p2a: Toxapex|84\/100\n|-damage|p2b: Sinistcha|0 fnt\n|faint|p2b: Sinistcha\n|move|p1a: Cresselia|Lunar Blessing|p1a: Cresselia|[spread] p1a,p1b\n|-heal|p1a: Cresselia|100\/100\n|-heal|p1b: Torkoal|90\/100\n|\n|-weather|SunnyDay|[upkeep]\n|-heal|p2a: Toxapex|90\/100|[from] item: Black Sludge\n|upkeep\n|\n|t:|1699235806\n|switch|p2b: Tyranitar|Tyranitar, F, tera:Ghost|56\/100 slp\n|-weather|Sandstorm|[from] ability: Sand Stream|[of] p2b: Tyranitar\n|turn|7\n|\n|t:|1699235812\n|move|p1b: Torkoal|Earth Power|p2a: Toxapex\n|-supereffective|p2a: Toxapex\n|-damage|p2a: Toxapex|54\/100\n|move|p2a: Toxapex|Haze|p2a: Toxapex\n|-clearallboost\n|move|p1a: Cresselia|Calm Mind|p1a: Cresselia\n|-boost|p1a: Cresselia|spa|1\n|-boost|p1a: Cresselia|spd|1\n|cant|p2b: Tyranitar|slp\n|\n|-weather|Sandstorm|[upkeep]\n|-damage|p1b: Torkoal|84\/100|[from] Sandstorm\n|-damage|p2a: Toxapex|48\/100|[from] Sandstorm\n|-damage|p1a: Cresselia|94\/100|[from] Sandstorm\n|-damage|p2b: Tyranitar|50\/100 slp|[from] Sandstorm\n|-heal|p2a: Toxapex|54\/100|[from] item: Black Sludge\n|-heal|p1a: Cresselia|100\/100|[from] item: Leftovers\n|upkeep\n|turn|8\n|\n|t:|1699235833\n|switch|p2a: Cresselia|Cresselia, F|100\/100\n|move|p1b: Torkoal|Earth Power|p2a: Cresselia\n|-immune|p2a: Cresselia|[from] ability: Levitate\n|move|p1a: Cresselia|Calm Mind|p1a: Cresselia\n|-boost|p1a: Cresselia|spa|1\n|-boost|p1a: Cresselia|spd|1\n|-curestatus|p2b: Tyranitar|slp|[msg]\n|move|p2b: Tyranitar|Knock Off|p1a: Cresselia\n|-supereffective|p1a: Cresselia\n|-damage|p1a: Cresselia|38\/100\n|-enditem|p1a: Cresselia|Leftovers|[from] move: Knock Off|[of] p2b: Tyranitar\n|\n|-weather|Sandstorm|[upkeep]\n|-damage|p1b: Torkoal|77\/100|[from] Sandstorm\n|-damage|p1a: Cresselia|31\/100|[from] Sandstorm\n|-damage|p2b: Tyranitar|43\/100|[from] Sandstorm\n|-damage|p2a: Cresselia|94\/100|[from] Sandstorm\n|-heal|p2a: Cresselia|100\/100|[from] item: Leftovers\n|-fieldend|move: Trick Room\n|upkeep\n|turn|9\n|\n|t:|1699235855\n|switch|p1b: Amoonguss|Amoonguss, F|72\/100\n|move|p2a: Cresselia|Calm Mind|p2a: Cresselia\n|-boost|p2a: Cresselia|spa|1\n|-boost|p2a: Cresselia|spd|1\n|move|p2b: Tyranitar|Rock Slide|p1b: Amoonguss|[spread] p1a,p1b\n|-damage|p1a: Cresselia|15\/100\n|-damage|p1b: Amoonguss|47\/100\n|move|p1a: Cresselia|Trick Room|p1a: Cresselia\n|-fieldstart|move: Trick Room|[of] p1a: Cresselia\n|\n|-weather|Sandstorm|[upkeep]\n|-damage|p1b: Amoonguss|40\/100|[from] Sandstorm\n|-damage|p1a: Cresselia|9\/100|[from] Sandstorm\n|-damage|p2b: Tyranitar|37\/100|[from] Sandstorm\n|-damage|p2a: Cresselia|94\/100|[from] Sandstorm\n|-heal|p2a: Cresselia|100\/100|[from] item: Leftovers\n|upkeep\n|turn|10\n|\n|t:|1699235877\n|move|p1b: Amoonguss|Pollen Puff|p1a: Cresselia\n|-heal|p1a: Cresselia|59\/100\n|move|p1a: Cresselia|Lunar Blessing|p1a: Cresselia|[spread] p1a,p1b\n|-heal|p1a: Cresselia|84\/100\n|-heal|p1b: Amoonguss|65\/100\n|move|p2b: Tyranitar|Rock Slide|p1b: Amoonguss|[spread] p1a\n|-miss|p2b: Tyranitar|p1b: Amoonguss\n|-damage|p1a: Cresselia|66\/100\n|move|p2a: Cresselia|Psychic|p1b: Amoonguss\n|-supereffective|p1b: Amoonguss\n|-crit|p1b: Amoonguss\n|-damage|p1b: Amoonguss|0 fnt\n|faint|p1b: Amoonguss\n|\n|-weather|Sandstorm|[upkeep]\n|-damage|p1a: Cresselia|60\/100|[from] Sandstorm\n|-damage|p2b: Tyranitar|31\/100|[from] Sandstorm\n|-damage|p2a: Cresselia|94\/100|[from] Sandstorm\n|-heal|p2a: Cresselia|100\/100|[from] item: Leftovers\n|upkeep\n|\n|t:|1699235901\n|switch|p1b: Torkoal|Torkoal, M|77\/100\n|-weather|SunnyDay|[from] ability: Drought|[of] p1b: Torkoal\n|turn|11\n|\n|t:|1699235911\n|switch|p2b: Arcanine|Arcanine-Hisui, F|100\/100\n|-ability|p2b: Arcanine|Intimidate|boost\n|-unboost|p1a: Cresselia|atk|1\n|-unboost|p1b: Torkoal|atk|1\n|move|p1b: Torkoal|Eruption|p2b: Arcanine|[spread] p2a,p2b\n|-crit|p2a: Cresselia\n|-resisted|p2b: Arcanine\n|-damage|p2a: Cresselia|48\/100\n|-damage|p2b: Arcanine|85\/100\n|move|p1a: Cresselia|Lunar Blessing|p1a: Cresselia|[spread] p1a,p1b\n|-heal|p1a: Cresselia|85\/100\n|-heal|p1b: Torkoal|100\/100\n|move|p2a: Cresselia|Psychic|p1b: Torkoal\n|-damage|p1b: Torkoal|45\/100\n|\n|-weather|SunnyDay|[upkeep]\n|-heal|p2a: Cresselia|54\/100|[from] item: Leftovers\n|upkeep\n|turn|12\n|\n|t:|1699235934\n|switch|p2b: Tyranitar|Tyranitar, F, tera:Ghost|31\/100\n|-weather|Sandstorm|[from] ability: Sand Stream|[of] p2b: Tyranitar\n|move|p1b: Torkoal|Earth Power|p2b: Tyranitar\n|-damage|p2b: Tyranitar|20\/100\n|move|p1a: Cresselia|Calm Mind|p1a: Cresselia\n|-boost|p1a: Cresselia|spa|1\n|-boost|p1a: Cresselia|spd|1\n|move|p2a: Cresselia|Lunar Blessing|p2a: Cresselia|[spread] p2a,p2b\n|-heal|p2a: Cresselia|79\/100\n|-heal|p2b: Tyranitar|45\/100\n|\n|-weather|Sandstorm|[upkeep]\n|-damage|p1b: Torkoal|38\/100|[from] Sandstorm\n|-damage|p1a: Cresselia|79\/100|[from] Sandstorm\n|-damage|p2b: Tyranitar|39\/100|[from] Sandstorm\n|-damage|p2a: Cresselia|73\/100|[from] Sandstorm\n|-heal|p2a: Cresselia|79\/100|[from] item: Leftovers\n|upkeep\n|turn|13\n|\n|t:|1699235957\n|switch|p1b: Dragonite|Dragonite, M|100\/100\n|move|p1a: Cresselia|Stored Power|p2b: Tyranitar\n|-damage|p2b: Tyranitar|0 fnt\n|faint|p2b: Tyranitar\n|move|p2a: Cresselia|Calm Mind|p2a: Cresselia\n|-boost|p2a: Cresselia|spa|1\n|-boost|p2a: Cresselia|spd|1\n|\n|-weather|Sandstorm|[upkeep]\n|-damage|p1a: Cresselia|72\/100|[from] Sandstorm\n|-damage|p1b: Dragonite|94\/100|[from] Sandstorm\n|-damage|p2a: Cresselia|73\/100|[from] Sandstorm\n|-heal|p2a: Cresselia|79\/100|[from] item: Leftovers\n|-fieldend|move: Trick Room\n|upkeep\n|\n|t:|1699235970\n|switch|p2b: Arcanine|Arcanine-Hisui, F|85\/100\n|-ability|p2b: Arcanine|Intimidate|boost\n|-unboost|p1a: Cresselia|atk|1\n|-unboost|p1b: Dragonite|atk|1\n|turn|14\n|\n|t:|1699235987\n|move|p2b: Arcanine|Protect|p2b: Arcanine\n|-singleturn|p2b: Arcanine|Protect\n|move|p2a: Cresselia|Icy Wind|p1a: Cresselia|[spread] p1a,p1b\n|-supereffective|p1b: Dragonite\n|-damage|p1a: Cresselia|69\/100\n|-damage|p1b: Dragonite|26\/100\n|-unboost|p1a: Cresselia|spe|1\n|-unboost|p1b: Dragonite|spe|1\n|move|p1b: Dragonite|Earthquake|p2a: Cresselia|[spread] \n|-activate|p2b: Arcanine|move: Protect\n|-immune|p1a: Cresselia|[from] ability: Levitate\n|-immune|p2a: Cresselia|[from] ability: Levitate\n|move|p1a: Cresselia|Trick Room|p1a: Cresselia\n|-fieldstart|move: Trick Room|[of] p1a: Cresselia\n|\n|-weather|Sandstorm|[upkeep]\n|-damage|p1a: Cresselia|63\/100|[from] Sandstorm\n|-damage|p1b: Dragonite|20\/100|[from] Sandstorm\n|-damage|p2a: Cresselia|73\/100|[from] Sandstorm\n|-heal|p2a: Cresselia|79\/100|[from] item: Leftovers\n|upkeep\n|turn|15\n|\n|t:|1699236009\n|switch|p1b: Iron Hands|Iron Hands|100\/100\n|move|p2b: Arcanine|Extreme Speed|p1b: Iron Hands\n|-damage|p1b: Iron Hands|87\/100\n|move|p1a: Cresselia|Stored Power|p2b: Arcanine\n|-damage|p2b: Arcanine|23\/100\n|move|p2a: Cresselia|Calm Mind|p2a: Cresselia\n|-boost|p2a: Cresselia|spa|1\n|-boost|p2a: Cresselia|spd|1\n|\n|-weather|Sandstorm|[upkeep]\n|-damage|p1b: Iron Hands|81\/100|[from] Sandstorm\n|-damage|p1a: Cresselia|57\/100|[from] Sandstorm\n|-damage|p2a: Cresselia|73\/100|[from] Sandstorm\n|-heal|p1b: Iron Hands|87\/100|[from] item: Leftovers\n|-heal|p2a: Cresselia|79\/100|[from] item: Leftovers\n|upkeep\n|turn|16\n|\n|t:|1699236032\n|move|p2b: Arcanine|Protect|p2b: Arcanine\n|-singleturn|p2b: Arcanine|Protect\n|move|p1b: Iron Hands|Body Press|p2b: Arcanine\n|-activate|p2b: Arcanine|move: Protect\n|move|p1a: Cresselia|Calm Mind|p1a: Cresselia\n|-boost|p1a: Cresselia|spa|1\n|-boost|p1a: Cresselia|spd|1\n|move|p2a: Cresselia|Psychic|p1b: Iron Hands\n|-supereffective|p1b: Iron Hands\n|-damage|p1b: Iron Hands|0 fnt\n|faint|p1b: Iron Hands\n|-end|p1b: Iron Hands|Quark Drive|[silent]\n|\n|-weather|none\n|-heal|p2a: Cresselia|85\/100|[from] item: Leftovers\n|upkeep\n|\n|t:|1699236035\n|switch|p1b: Dragonite|Dragonite, M|20\/100\n|turn|17\n|\n|t:|1699236049\n|-terastallize|p1b: Dragonite|Normal\n|move|p1b: Dragonite|Extreme Speed|p2a: Cresselia\n|-damage|p2a: Cresselia|42\/100\n|move|p2b: Arcanine|Extreme Speed|p1b: Dragonite\n|-damage|p1b: Dragonite|0 fnt\n|faint|p1b: Dragonite\n|move|p1a: Cresselia|Stored Power|p2b: Arcanine\n|-damage|p2b: Arcanine|0 fnt\n|faint|p2b: Arcanine\n|move|p2a: Cresselia|Icy Wind|p1a: Cresselia\n|-damage|p1a: Cresselia|52\/100\n|-unboost|p1a: Cresselia|spe|1\n|\n|-heal|p2a: Cresselia|48\/100|[from] item: Leftovers\n|upkeep\n|\n|t:|1699236068\n|switch|p1b: Diancie|Diancie|8\/100\n|switch|p2b: Kommo-o|Kommo-o, F|100\/100\n|turn|18\n|\n|t:|1699236083\n|move|p2b: Kommo-o|Protect|p2b: Kommo-o\n|-singleturn|p2b: Kommo-o|Protect\n|move|p1a: Cresselia|Lunar Blessing|p1a: Cresselia|[spread] p1a,p1b\n|-heal|p1a: Cresselia|77\/100\n|-heal|p1b: Diancie|34\/100\n|move|p1b: Diancie|Diamond Storm|p2a: Cresselia|[spread] p2a\n|-activate|p2b: Kommo-o|move: Protect\n|-damage|p2a: Cresselia|30\/100\n|-boost|p1b: Diancie|def|2\n|move|p2a: Cresselia|Icy Wind|p1b: Diancie|[spread] p1a,p1b\n|-damage|p1a: Cresselia|73\/100\n|-damage|p1b: Diancie|18\/100\n|-unboost|p1a: Cresselia|spe|1\n|\n|-heal|p2a: Cresselia|37\/100|[from] item: Leftovers\n|-fieldend|move: Trick Room\n|upkeep\n|turn|19\n|inactive|Selufer87 has 120 seconds left.\n|\n|t:|1699236138\n|move|p1b: Diancie|Protect|p1b: Diancie\n|-singleturn|p1b: Diancie|Protect\n|move|p2b: Kommo-o|Drain Punch|p1a: Cresselia\n|-resisted|p1a: Cresselia\n|-damage|p1a: Cresselia|63\/100\n|move|p2a: Cresselia|Psychic|p1b: Diancie\n|-activate|p1b: Diancie|move: Protect\n|move|p1a: Cresselia|Trick Room|p1a: Cresselia\n|-fieldstart|move: Trick Room|[of] p1a: Cresselia\n|\n|-heal|p2a: Cresselia|43\/100|[from] item: Leftovers\n|upkeep\n|turn|20\n|inactive|Selufer87 has 120 seconds left.\n|\n|t:|1699236156\n|move|p1a: Cresselia|Lunar Blessing|p1a: Cresselia|[spread] p1a,p1b\n|-heal|p1a: Cresselia|88\/100\n|-heal|p1b: Diancie|43\/100\n|move|p1b: Diancie|Diamond Storm|p2b: Kommo-o|[spread] p2a,p2b\n|-resisted|p2b: Kommo-o\n|-damage|p2a: Cresselia|25\/100\n|-damage|p2b: Kommo-o|89\/100\n|move|p2a: Cresselia|Psychic|p1a: Cresselia\n|-resisted|p1a: Cresselia\n|-damage|p1a: Cresselia|82\/100\n|move|p2b: Kommo-o|Drain Punch|p1b: Diancie\n|-damage|p1b: Diancie|34\/100\n|-heal|p2b: Kommo-o|94\/100|[from] drain|[of] p1b: Diancie\n|\n|-heal|p2a: Cresselia|32\/100|[from] item: Leftovers\n|upkeep\n|turn|21\n|inactive|Selufer87 has 120 seconds left.\n|\n|t:|1699236177\n|move|p1a: Cresselia|Calm Mind|p1a: Cresselia\n|-boost|p1a: Cresselia|spa|1\n|-boost|p1a: Cresselia|spd|1\n|move|p1b: Diancie|Diamond Storm|p2a: Cresselia|[spread] p2a,p2b\n|-resisted|p2b: Kommo-o\n|-damage|p2a: Cresselia|14\/100\n|-damage|p2b: Kommo-o|83\/100\n|-boost|p1b: Diancie|def|2\n|move|p2a: Cresselia|Icy Wind|p1a: Cresselia|[spread] p1a,p1b\n|-damage|p1a: Cresselia|79\/100\n|-damage|p1b: Diancie|17\/100\n|-unboost|p1a: Cresselia|spe|1\n|move|p2b: Kommo-o|Drain Punch|p1b: Diancie\n|-damage|p1b: Diancie|10\/100\n|-heal|p2b: Kommo-o|87\/100|[from] drain|[of] p1b: Diancie\n|\n|-heal|p2a: Cresselia|20\/100|[from] item: Leftovers\n|upkeep\n|turn|22\n|\n|t:|1699236197\n|switch|p2b: Toxapex|Toxapex, M|87\/100\n|move|p1a: Cresselia|Stored Power|p2b: Toxapex\n|-supereffective|p2b: Toxapex\n|-damage|p2b: Toxapex|0 fnt\n|faint|p2b: Toxapex\n|move|p1b: Diancie|Diamond Storm|p2a: Cresselia\n|-damage|p2a: Cresselia|0 fnt\n|-boost|p1b: Diancie|def|2\n|faint|p2a: Cresselia\n|\n|upkeep\n|inactive|Selufer87 has 120 seconds left.\n|\n|t:|1699236210\n|switch|p2b: Kommo-o|Kommo-o, F|87\/100\n|turn|23\n|\n|t:|1699236220\n|move|p2b: Kommo-o|Protect|p2b: Kommo-o\n|-singleturn|p2b: Kommo-o|Protect\n|move|p1a: Cresselia|Calm Mind|p1a: Cresselia\n|-boost|p1a: Cresselia|spa|1\n|-boost|p1a: Cresselia|spd|1\n|move|p1b: Diancie|Body Press|p2b: Kommo-o\n|-activate|p2b: Kommo-o|move: Protect\n|\n|-fieldend|move: Trick Room\n|upkeep\n|turn|24\n|\n|t:|1699236228\n|move|p1b: Diancie|Protect|p1b: Diancie\n|-singleturn|p1b: Diancie|Protect\n|move|p2b: Kommo-o|Drain Punch|p1b: Diancie\n|-activate|p1b: Diancie|move: Protect\n|move|p1a: Cresselia|Trick Room|p1a: Cresselia\n|-fieldstart|move: Trick Room|[of] p1a: Cresselia\n|\n|upkeep\n|turn|25\n|\n|t:|1699236237\n|move|p1a: Cresselia|Stored Power|p2b: Kommo-o\n|-supereffective|p2b: Kommo-o\n|-damage|p2b: Kommo-o|0 fnt\n|faint|p2b: Kommo-o\n|\n|win|DoerreKong\n|raw|DoerreKong's rating: 1672 &rarr; <strong>1692<\/strong><br \/>(+20 for winning)\n|raw|Selufer87's rating: 1665 &rarr; <strong>1645<\/strong><br \/>(-20 for losing)\n","uploadtime":1699236241,"views":7,"p1id":"doerrekong","p2id":"selufer87","formatid":"gen9doublesou","rating":1645,"private":0,"password":""}