{"id":"gen9doublesou-1986528331","p1":"Brocckoli","p2":"Demylord","format":"[Gen 9] Doubles OU","log":"|j|\u2606Brocckoli\n|j|\u2606Demylord\n|t:|1699488460\n|gametype|doubles\n|player|p1|Brocckoli|ash|\n|player|p2|Demylord|ash|\n|teamsize|p1|6\n|teamsize|p2|6\n|gen|9\n|tier|[Gen 9] Doubles OU\n|rule|Species Clause: Limit one of each Pok\u00e9mon\n|rule|OHKO Clause: OHKO moves are banned\n|rule|Evasion Moves Clause: Evasion moves are banned\n|rule|Gravity Sleep Clause: The combination of sleep-inducing moves with imperfect accuracy and Gravity or Gigantamax Orbeetle are banned\n|rule|Endless Battle Clause: Forcing endless battles is banned\n|rule|HP Percentage Mod: HP is shown in percentages\n|clearpoke\n|poke|p1|Uxie|\n|poke|p1|Oricorio-Pom-Pom, F|\n|poke|p1|Sylveon, M|\n|poke|p1|Lilligant-Hisui, F|\n|poke|p1|Indeedee-F, F|\n|poke|p1|Flamigo, M|\n|poke|p2|Torkoal, M|\n|poke|p2|Walking Wake|\n|poke|p2|Lilligant-Hisui, F|\n|poke|p2|Tropius, M|\n|poke|p2|Roaring Moon|\n|poke|p2|Ursaluna-Bloodmoon, M|\n|teampreview\n|inactive|Battle timer is ON: inactive players will automatically lose when time's up. (requested by Brocckoli)\n|\n|t:|1699488473\n|start\n|switch|p1a: Oricorio|Oricorio-Pom-Pom, F|100\/100\n|switch|p1b: Uxie|Uxie|100\/100\n|switch|p2a: Torkoal|Torkoal, M|100\/100\n|switch|p2b: Tropius|Tropius, M|100\/100\n|-weather|SunnyDay|[from] ability: Drought|[of] p2a: Torkoal\n|turn|1\n|\n|t:|1699488489\n|move|p2a: Torkoal|Protect|p2a: Torkoal\n|-singleturn|p2a: Torkoal|Protect\n|move|p1b: Uxie|Skill Swap|p1a: Oricorio\n|-activate|p1b: Uxie|move: Skill Swap|||[of] p1a: Oricorio\n|move|p1a: Oricorio|Quiver Dance|p1a: Oricorio\n|-boost|p1a: Oricorio|spa|1\n|-boost|p1a: Oricorio|spd|1\n|-boost|p1a: Oricorio|spe|1\n|-activate|p1b: Uxie|ability: Dancer\n|move|p1b: Uxie|Quiver Dance|p1b: Uxie|[from]ability: Dancer\n|-boost|p1b: Uxie|spa|1\n|-boost|p1b: Uxie|spd|1\n|-boost|p1b: Uxie|spe|1\n|move|p2b: Tropius|Tailwind|p2b: Tropius\n|-sidestart|p2: Demylord|move: Tailwind\n|\n|-weather|SunnyDay|[upkeep]\n|upkeep\n|turn|2\n|inactive|Demylord has 270 seconds left.\n|\n|t:|1699488521\n|move|p1b: Uxie|Protect|p1b: Uxie\n|-singleturn|p1b: Uxie|Protect\n|move|p1a: Oricorio|Quiver Dance|p1a: Oricorio\n|-boost|p1a: Oricorio|spa|1\n|-boost|p1a: Oricorio|spd|1\n|-boost|p1a: Oricorio|spe|1\n|-activate|p1b: Uxie|ability: Dancer\n|move|p1b: Uxie|Quiver Dance|p1b: Uxie|[from]ability: Dancer\n|-boost|p1b: Uxie|spa|1\n|-boost|p1b: Uxie|spd|1\n|-boost|p1b: Uxie|spe|1\n|move|p2b: Tropius|Air Slash|p1a: Oricorio\n|-resisted|p1a: Oricorio\n|-damage|p1a: Oricorio|95\/100\n|move|p2a: Torkoal|Heat Wave|p1b: Uxie|[spread] p1a\n|-activate|p1b: Uxie|move: Protect\n|-damage|p1a: Oricorio|65\/100\n|-status|p1a: Oricorio|brn\n|\n|-weather|SunnyDay|[upkeep]\n|-damage|p1a: Oricorio|59\/100 brn|[from] brn\n|upkeep\n|turn|3\n|inactive|Demylord has 270 seconds left.\n|inactive|Brocckoli has 270 seconds left.\n|\n|t:|1699488555\n|switch|p2a: Lilligant|Lilligant-Hisui, F|100\/100\n|move|p1b: Uxie|Stored Power|p2a: Lilligant\n|-supereffective|p2a: Lilligant\n|-enditem|p2a: Lilligant|Focus Sash\n|-damage|p2a: Lilligant|1\/100\n|move|p1a: Oricorio|Quiver Dance|p1a: Oricorio\n|-boost|p1a: Oricorio|spa|1\n|-boost|p1a: Oricorio|spd|1\n|-boost|p1a: Oricorio|spe|1\n|-activate|p1b: Uxie|ability: Dancer\n|move|p1b: Uxie|Quiver Dance|p1b: Uxie|[from]ability: Dancer\n|-boost|p1b: Uxie|spa|1\n|-boost|p1b: Uxie|spd|1\n|-boost|p1b: Uxie|spe|1\n|move|p2b: Tropius|Substitute|p2b: Tropius\n|-start|p2b: Tropius|Substitute\n|-damage|p2b: Tropius|75\/100\n|\n|-weather|SunnyDay|[upkeep]\n|-damage|p1a: Oricorio|53\/100 brn|[from] brn\n|upkeep\n|turn|4\n|inactive|Demylord has 270 seconds left.\n|inactive|Brocckoli has 270 seconds left.\n|\n|t:|1699488600\n|move|p1b: Uxie|Protect|p1b: Uxie\n|-singleturn|p1b: Uxie|Protect\n|move|p2a: Lilligant|Solar Blade||[still]\n|-prepare|p2a: Lilligant|Solar Blade\n|-anim|p2a: Lilligant|Solar Blade|p1a: Oricorio\n|-resisted|p1a: Oricorio\n|-damage|p1a: Oricorio|14\/100 brn\n|move|p1a: Oricorio|Quiver Dance|p1a: Oricorio\n|-boost|p1a: Oricorio|spa|1\n|-boost|p1a: Oricorio|spd|1\n|-boost|p1a: Oricorio|spe|1\n|-activate|p1b: Uxie|ability: Dancer\n|move|p1b: Uxie|Quiver Dance|p1b: Uxie|[from]ability: Dancer\n|-boost|p1b: Uxie|spa|1\n|-boost|p1b: Uxie|spd|1\n|-boost|p1b: Uxie|spe|1\n|move|p2b: Tropius|Air Slash|p1a: Oricorio\n|-resisted|p1a: Oricorio\n|-damage|p1a: Oricorio|10\/100 brn\n|\n|-weather|SunnyDay|[upkeep]\n|-damage|p1a: Oricorio|3\/100 brn|[from] brn\n|-sideend|p2: Demylord|move: Tailwind\n|upkeep\n|turn|5\n|inactive|Brocckoli has 270 seconds left.\n|inactive|Demylord has 270 seconds left.\n|\n|t:|1699488632\n|move|p1b: Uxie|Stored Power|p2b: Tropius\n|-end|p2b: Tropius|Substitute\n|move|p1a: Oricorio|Quiver Dance|p1a: Oricorio\n|-boost|p1a: Oricorio|spa|1\n|-boost|p1a: Oricorio|spd|1\n|-boost|p1a: Oricorio|spe|1\n|-activate|p1b: Uxie|ability: Dancer\n|move|p1b: Uxie|Quiver Dance|p1b: Uxie|[from]ability: Dancer\n|-boost|p1b: Uxie|spa|1\n|-boost|p1b: Uxie|spd|1\n|-boost|p1b: Uxie|spe|1\n|move|p2a: Lilligant|After You|p2b: Tropius\n|-activate|p2b: Tropius|move: After You\n|move|p2b: Tropius|Air Slash|p1a: Oricorio\n|-resisted|p1a: Oricorio\n|-damage|p1a: Oricorio|0 fnt\n|faint|p1a: Oricorio\n|\n|-weather|SunnyDay|[upkeep]\n|upkeep\n|inactive|Brocckoli has 240 seconds left.\n|\n|t:|1699488643\n|switch|p1a: Sylveon|Sylveon, M|100\/100\n|turn|6\n|\n|t:|1699488659\n|move|p1b: Uxie|Stored Power|p2b: Tropius\n|-crit|p2b: Tropius\n|-damage|p2b: Tropius|0 fnt\n|faint|p2b: Tropius\n|move|p2a: Lilligant|Solar Blade||[still]\n|-prepare|p2a: Lilligant|Solar Blade\n|-anim|p2a: Lilligant|Solar Blade|p1b: Uxie\n|-damage|p1b: Uxie|58\/100\n|move|p1a: Sylveon|Psych Up|p1b: Uxie\n|-copyboost|p1a: Sylveon|p1b: Uxie|[from] move: Psych Up\n|\n|-weather|SunnyDay|[upkeep]\n|-heal|p1b: Uxie|64\/100|[from] item: Leftovers\n|upkeep\n|\n|t:|1699488666\n|switch|p2b: Roaring Moon|Roaring Moon|100\/100\n|-activate|p2b: Roaring Moon|ability: Protosynthesis\n|-start|p2b: Roaring Moon|protosynthesisatk\n|turn|7\n|\n|t:|1699488685\n|move|p1b: Uxie|Stored Power|p2a: Lilligant\n|-supereffective|p2a: Lilligant\n|-damage|p2a: Lilligant|0 fnt\n|faint|p2a: Lilligant\n|move|p1a: Sylveon|Hyper Voice|p2b: Roaring Moon\n|-supereffective|p2b: Roaring Moon\n|-damage|p2b: Roaring Moon|0 fnt\n|faint|p2b: Roaring Moon\n|-end|p2b: Roaring Moon|Protosynthesis|[silent]\n|-enditem|p1a: Sylveon|Throat Spray\n|-boost|p1a: Sylveon|spa|1|[from] item: Throat Spray\n|\n|-weather|SunnyDay|[upkeep]\n|-heal|p1b: Uxie|70\/100|[from] item: Leftovers\n|upkeep\n|\n|t:|1699488692\n|switch|p2b: Ursaluna|Ursaluna-Bloodmoon, M|100\/100\n|switch|p2a: Walking Wake|Walking Wake|100\/100\n|-activate|p2a: Walking Wake|ability: Protosynthesis\n|-start|p2a: Walking Wake|protosynthesisspe\n|turn|8\n|\n|t:|1699488717\n|move|p1b: Uxie|Draining Kiss|p2b: Ursaluna\n|-damage|p2b: Ursaluna|67\/100\n|-heal|p1b: Uxie|100\/100|[from] drain|[of] p2b: Ursaluna\n|move|p1a: Sylveon|Hyper Voice|p2a: Walking Wake|[spread] p2a,p2b\n|-supereffective|p2a: Walking Wake\n|-damage|p2a: Walking Wake|0 fnt\n|-damage|p2b: Ursaluna|0 fnt\n|faint|p2a: Walking Wake\n|-end|p2a: Walking Wake|Protosynthesis|[silent]\n|faint|p2b: Ursaluna\n|\n|-weather|none\n|upkeep\n|\n|t:|1699488724\n|switch|p2b: Torkoal|Torkoal, M|100\/100\n|-weather|SunnyDay|[from] ability: Drought|[of] p2b: Torkoal\n|turn|9\n|\n|t:|1699488734\n|move|p1b: Uxie|Stored Power|p2b: Torkoal\n|-damage|p2b: Torkoal|0 fnt\n|faint|p2b: Torkoal\n|\n|win|Brocckoli\n","uploadtime":1699488738,"views":9,"p1id":"brocckoli","p2id":"demylord","formatid":"gen9doublesou","rating":0,"private":0,"password":""}