{"id":"gen9doublesou-1973979212","p1":"Thingsandsturf","p2":"Ravvenn98","format":"[Gen 9] Doubles OU","log":"|j|\u2606Thingsandsturf\n|j|\u2606Ravvenn98\n|t:|1698035994\n|gametype|doubles\n|player|p1|Thingsandsturf|265|1360\n|player|p2|Ravvenn98|steven|1337\n|teamsize|p1|6\n|teamsize|p2|6\n|gen|9\n|tier|[Gen 9] Doubles OU\n|rated|\n|rule|Species Clause: Limit one of each Pok\u00e9mon\n|rule|OHKO Clause: OHKO moves are banned\n|rule|Evasion Moves Clause: Evasion moves are banned\n|rule|Gravity Sleep Clause: The combination of sleep-inducing moves with imperfect accuracy and Gravity or Gigantamax Orbeetle are banned\n|rule|Endless Battle Clause: Forcing endless battles is banned\n|rule|HP Percentage Mod: HP is shown in percentages\n|clearpoke\n|poke|p1|Glimmora, M|\n|poke|p1|Toxapex, M|\n|poke|p1|Grimmsnarl, M|\n|poke|p1|Volcanion|\n|poke|p1|Wo-Chien|\n|poke|p1|Cresselia, F|\n|poke|p2|Gholdengo|\n|poke|p2|Quagsire, F|\n|poke|p2|Dipplin, F|\n|poke|p2|Tornadus, M|\n|poke|p2|Chien-Pao|\n|poke|p2|Volcanion|\n|teampreview\n|inactive|Battle timer is ON: inactive players will automatically lose when time's up. (requested by Thingsandsturf)\n|inactive|Thingsandsturf has 120 seconds left.\n|\n|t:|1698036035\n|start\n|switch|p1a: Grimmsnarl|Grimmsnarl, M|100\/100\n|switch|p1b: Glimmora|Glimmora, M|100\/100\n|switch|p2a: Quagsire|Quagsire, F|100\/100\n|switch|p2b: Tornadus|Tornadus, M|100\/100\n|turn|1\n|inactive|Thingsandsturf has 120 seconds left.\n|\n|t:|1698036074\n|-singleturn|p2a: Quagsire|move: Focus Punch\n|move|p2b: Tornadus|Swagger|p2a: Quagsire\n|-boost|p2a: Quagsire|atk|2\n|-start|p2a: Quagsire|confusion\n|-enditem|p2a: Quagsire|Lum Berry|[eat]\n|-end|p2a: Quagsire|confusion\n|move|p1a: Grimmsnarl|Light Screen|p1a: Grimmsnarl\n|-sidestart|p1: Thingsandsturf|move: Light Screen\n|move|p1b: Glimmora|Spikes|p2b: Tornadus\n|-sidestart|p2: Ravvenn98|Spikes\n|move|p2a: Quagsire|Focus Punch|p1a: Grimmsnarl\n|-damage|p1a: Grimmsnarl|10\/100\n|\n|upkeep\n|turn|2\n|inactive|Thingsandsturf has 120 seconds left.\n|\n|t:|1698036112\n|move|p1a: Grimmsnarl|Parting Shot|p2a: Quagsire\n|-unboost|p2a: Quagsire|atk|1\n|-unboost|p2a: Quagsire|spa|1\n|\n|t:|1698036122\n|switch|p1a: Toxapex|Toxapex, M|100\/100|[from] Parting Shot\n|move|p2b: Tornadus|Bleakwind Storm|p1a: Toxapex|[spread] p1b\n|-miss|p2b: Tornadus|p1a: Toxapex\n|-resisted|p1b: Glimmora\n|-damage|p1b: Glimmora|90\/100\n|move|p1b: Glimmora|Power Gem|p2b: Tornadus\n|-supereffective|p2b: Tornadus\n|-crit|p2b: Tornadus\n|-damage|p2b: Tornadus|0 fnt\n|faint|p2b: Tornadus\n|move|p2a: Quagsire|Earthquake|p1a: Toxapex|[spread] p1a,p1b\n|-supereffective|p1a: Toxapex\n|-supereffective|p1b: Glimmora\n|-damage|p1a: Toxapex|19\/100\n|-damage|p1b: Glimmora|0 fnt\n|-activate|p1b: Glimmora|ability: Toxic Debris\n|-sidestart|p2: Ravvenn98|move: Toxic Spikes\n|faint|p1b: Glimmora\n|\n|-heal|p1a: Toxapex|25\/100|[from] item: Leftovers\n|upkeep\n|inactive|Thingsandsturf has 120 seconds left.\n|\n|t:|1698036145\n|switch|p2b: Gholdengo|Gholdengo|100\/100\n|switch|p1b: Grimmsnarl|Grimmsnarl, M|10\/100\n|-damage|p2b: Gholdengo|88\/100|[from] Spikes\n|turn|3\n|inactive|Thingsandsturf has 120 seconds left.\n|\n|t:|1698036160\n|-terastallize|p2b: Gholdengo|Flying\n|move|p1a: Toxapex|Baneful Bunker|p1a: Toxapex\n|-singleturn|p1a: Toxapex|move: Protect\n|move|p1b: Grimmsnarl|Parting Shot|p2a: Quagsire\n|-unboost|p2a: Quagsire|atk|1\n|-unboost|p2a: Quagsire|spa|1\n|\n|t:|1698036169\n|switch|p1b: Wo-Chien|Wo-Chien|100\/100|[from] Parting Shot\n|-ability|p1b: Wo-Chien|Tablets of Ruin\n|move|p2b: Gholdengo|Nasty Plot|p2b: Gholdengo\n|-boost|p2b: Gholdengo|spa|2\n|move|p2a: Quagsire|Earthquake|p1a: Toxapex|[spread] p1b\n|-activate|p1a: Toxapex|move: Protect\n|-immune|p2b: Gholdengo\n|-resisted|p1b: Wo-Chien\n|-damage|p1b: Wo-Chien|90\/100\n|\n|-heal|p2b: Gholdengo|94\/100|[from] item: Leftovers\n|-heal|p1b: Wo-Chien|96\/100|[from] item: Leftovers\n|-heal|p1a: Toxapex|31\/100|[from] item: Leftovers\n|upkeep\n|turn|4\n|inactive|Thingsandsturf has 120 seconds left.\n|\n|t:|1698036196\n|switch|p1a: Cresselia|Cresselia, F|100\/100\n|move|p2b: Gholdengo|Shadow Ball|p1a: Cresselia\n|-supereffective|p1a: Cresselia\n|-damage|p1a: Cresselia|34\/100\n|move|p1b: Wo-Chien|Snarl|p2a: Quagsire|[spread] p2a,p2b\n|-damage|p2a: Quagsire|85\/100\n|-damage|p2b: Gholdengo|80\/100\n|-unboost|p2a: Quagsire|spa|1\n|-unboost|p2b: Gholdengo|spa|1\n|move|p2a: Quagsire|Ice Punch|p1b: Wo-Chien\n|-supereffective|p1b: Wo-Chien\n|-damage|p1b: Wo-Chien|68\/100\n|\n|-heal|p2b: Gholdengo|86\/100|[from] item: Leftovers\n|-heal|p1a: Cresselia|40\/100|[from] item: Leftovers\n|-heal|p1b: Wo-Chien|74\/100|[from] item: Leftovers\n|upkeep\n|turn|5\n|inactive|Thingsandsturf has 120 seconds left.\n|\n|t:|1698036229\n|switch|p1a: Grimmsnarl|Grimmsnarl, M|10\/100\n|move|p2b: Gholdengo|Shadow Ball|p1a: Grimmsnarl\n|-resisted|p1a: Grimmsnarl\n|-damage|p1a: Grimmsnarl|0 fnt\n|faint|p1a: Grimmsnarl\n|move|p1b: Wo-Chien|Leech Seed|p2a: Quagsire\n|-start|p2a: Quagsire|move: Leech Seed\n|move|p2a: Quagsire|Ice Punch|p1b: Wo-Chien\n|-supereffective|p1b: Wo-Chien\n|-damage|p1b: Wo-Chien|46\/100\n|\n|-heal|p2b: Gholdengo|92\/100|[from] item: Leftovers\n|-heal|p1b: Wo-Chien|52\/100|[from] item: Leftovers\n|-damage|p2a: Quagsire|73\/100|[from] Leech Seed|[of] p1b: Wo-Chien\n|-heal|p1b: Wo-Chien|65\/100|[silent]\n|upkeep\n|inactive|Thingsandsturf has 90 seconds left.\n|\n|t:|1698036264\n|switch|p1a: Volcanion|Volcanion|100\/100\n|turn|6\n|\n|t:|1698036286\n|move|p1a: Volcanion|Protect|p1a: Volcanion\n|-singleturn|p1a: Volcanion|Protect\n|move|p2b: Gholdengo|Nasty Plot|p2b: Gholdengo\n|-boost|p2b: Gholdengo|spa|2\n|move|p1b: Wo-Chien|Taunt|p2b: Gholdengo\n|-immune|p2b: Gholdengo|[from] ability: Good as Gold\n|move|p2a: Quagsire|Earthquake|p1b: Wo-Chien|[spread] p1b\n|-activate|p1a: Volcanion|move: Protect\n|-immune|p2b: Gholdengo\n|-resisted|p1b: Wo-Chien\n|-crit|p1b: Wo-Chien\n|-damage|p1b: Wo-Chien|49\/100\n|\n|-heal|p2b: Gholdengo|98\/100|[from] item: Leftovers\n|-heal|p1b: Wo-Chien|56\/100|[from] item: Leftovers\n|-damage|p2a: Quagsire|60\/100|[from] Leech Seed|[of] p1b: Wo-Chien\n|-heal|p1b: Wo-Chien|69\/100|[silent]\n|upkeep\n|turn|7\n|\n|t:|1698036300\n|move|p2b: Gholdengo|Nasty Plot|p2b: Gholdengo\n|-boost|p2b: Gholdengo|spa|2\n|move|p1b: Wo-Chien|Snarl|p2b: Gholdengo|[spread] p2a,p2b\n|-damage|p2a: Quagsire|42\/100\n|-damage|p2b: Gholdengo|81\/100\n|-unboost|p2a: Quagsire|spa|1\n|-unboost|p2b: Gholdengo|spa|1\n|move|p2a: Quagsire|Earthquake|p1a: Volcanion|[spread] p1a,p1b\n|-immune|p2b: Gholdengo\n|-supereffective|p1a: Volcanion\n|-resisted|p1b: Wo-Chien\n|-damage|p1a: Volcanion|52\/100\n|-damage|p1b: Wo-Chien|58\/100\n|move|p1a: Volcanion|Roar|p2b: Gholdengo\n|-immune|p2b: Gholdengo|[from] ability: Good as Gold\n|\n|-heal|p2b: Gholdengo|87\/100|[from] item: Leftovers\n|-heal|p1a: Volcanion|58\/100|[from] item: Leftovers\n|-heal|p1b: Wo-Chien|64\/100|[from] item: Leftovers\n|-damage|p2a: Quagsire|30\/100|[from] Leech Seed|[of] p1b: Wo-Chien\n|-heal|p1b: Wo-Chien|77\/100|[silent]\n|upkeep\n|turn|8\n|inactive|Thingsandsturf has 120 seconds left.\n|\n|t:|1698036329\n|move|p2b: Gholdengo|Tera Blast|p1b: Wo-Chien|[anim] Tera Blast Flying\n|-supereffective|p1b: Wo-Chien\n|-damage|p1b: Wo-Chien|0 fnt\n|faint|p1b: Wo-Chien\n|move|p1a: Volcanion|Heat Wave|p2b: Gholdengo|[spread] p2a,p2b\n|-resisted|p2a: Quagsire\n|-damage|p2a: Quagsire|4\/100\n|-damage|p2b: Gholdengo|39\/100\n|move|p2a: Quagsire|Ice Punch|p1a: Volcanion\n|-resisted|p1a: Volcanion\n|-damage|p1a: Volcanion|53\/100\n|\n|-heal|p2b: Gholdengo|45\/100|[from] item: Leftovers\n|-heal|p1a: Volcanion|59\/100|[from] item: Leftovers\n|-sideend|p1: Thingsandsturf|move: Light Screen\n|upkeep\n|-message|Thingsandsturf forfeited.\n|\n|win|Ravvenn98\n|raw|Thingsandsturf's rating: 1360 &rarr; <strong>1339<\/strong><br \/>(-21 for losing)\n|raw|Ravvenn98's rating: 1337 &rarr; <strong>1358<\/strong><br \/>(+21 for winning)\n|l|\u2606Thingsandsturf\n|c|\u2606Ravvenn98|L\n|c|\u2606Ravvenn98|staLL\n","uploadtime":1698036359,"views":23,"p1id":"thingsandsturf","p2id":"ravvenn98","formatid":"gen9doublesou","rating":1339,"private":0,"password":""}