{"id":"gen9doublesou-1994703481","p1":"dgzdr","p2":"Lenoxum","format":"[Gen 9] Doubles OU","log":"|j|\u2606dgzdr\n|j|\u2606Lenoxum\n|inactive|Battle timer is ON: inactive players will automatically lose when time's up.\n|t:|1700483360\n|gametype|doubles\n|player|p1|dgzdr|170|\n|player|p2|Lenoxum|turo-ai|\n|teamsize|p1|6\n|teamsize|p2|6\n|gen|9\n|tier|[Gen 9] Doubles OU\n|rated|Tournament battle\n|rule|Species Clause: Limit one of each Pok\u00e9mon\n|rule|OHKO Clause: OHKO moves are banned\n|rule|Evasion Moves Clause: Evasion moves are banned\n|rule|Gravity Sleep Clause: The combination of sleep-inducing moves with imperfect accuracy and Gravity or Gigantamax Orbeetle are banned\n|rule|Endless Battle Clause: Forcing endless battles is banned\n|rule|HP Percentage Mod: HP is shown in percentages\n|clearpoke\n|poke|p1|Hydreigon, M|\n|poke|p1|Bellsprout, M|\n|poke|p1|Sudowoodo, M|\n|poke|p1|Revavroom, F|\n|poke|p1|Lucario, M|\n|poke|p1|Scorbunny, M|\n|poke|p2|Mienshao, M|\n|poke|p2|Glimmora, M|\n|poke|p2|Piloswine, M|\n|poke|p2|Barraskewda, M|\n|poke|p2|Cloyster, F|\n|poke|p2|Dragalge, M|\n|teampreview\n|j|*Lady Monita \u2746\n|j| Yeet259\n|j| PikachuDoesntCutIt\n|c|\u2606dgzdr|gkhf\n|c|\u2606Lenoxum|u2\n|j| edfggvc\n|j| iamstupiditstrue\n|j| darthdecidui\n|j| Dark Void Traveler\n|\n|t:|1700483381\n|start\n|switch|p1a: Ross|Bellsprout, M|100\/100\n|switch|p1b: person|Scorbunny, M|100\/100\n|switch|p2a: Glimmora|Glimmora, M, shiny|100\/100\n|switch|p2b: Mienshao|Mienshao, M, shiny|100\/100\n|turn|1\n|\n|t:|1700483394\n|move|p2b: Mienshao|Fake Out|p1a: Ross\n|-damage|p1a: Ross|65\/100\n|move|p2a: Glimmora|Power Gem|p1b: person\n|-supereffective|p1b: person\n|-damage|p1b: person|0 fnt\n|faint|p1b: person\n|cant|p1a: Ross|flinch\n|\n|upkeep\n|\n|t:|1700483400\n|switch|p1b: its|Sudowoodo, M|100\/100\n|turn|2\n|l| Dark Void Traveler\n|\n|t:|1700483423\n|move|p1b: its|Protect|p1b: its\n|-singleturn|p1b: its|Protect\n|move|p2b: Mienshao|Knock Off|p1a: Ross\n|-damage|p1a: Ross|0 fnt\n|-enditem|p1a: Ross|Focus Sash|[from] move: Knock Off|[of] p2b: Mienshao\n|faint|p1a: Ross\n|move|p2a: Glimmora|Energy Ball|p1b: its\n|-activate|p1b: its|move: Protect\n|\n|upkeep\n|j| fucuk\n|\n|t:|1700483452\n|switch|p1a: Bob|Hydreigon, M|100\/100\n|turn|3\n|inactive|Lenoxum has 120 seconds left.\n|c| darthdecidui|Can we get a rip in the chat for Ross the Bellsprout btw\n|\n|t:|1700483495\n|move|p2b: Mienshao|High Jump Kick|p1a: Bob\n|-supereffective|p1a: Bob\n|-damage|p1a: Bob|0 fnt\n|faint|p1a: Bob\n|move|p2a: Glimmora|Energy Ball|p1b: its\n|-supereffective|p1b: its\n|-damage|p1b: its|7\/100\n|move|p1b: its|Head Smash|p2a: Glimmora\n|-damage|p2a: Glimmora|17\/100\n|-activate|p2a: Glimmora|ability: Toxic Debris\n|-sidestart|p1: dgzdr|move: Toxic Spikes\n|\n|-heal|p1b: its|14\/100|[from] item: Leftovers\n|upkeep\n|\n|t:|1700483504\n|switch|p1a: best|Lucario, M|100\/100\n|turn|4\n|\n|t:|1700483520\n|move|p1b: its|Sucker Punch|p2a: Glimmora\n|-damage|p2a: Glimmora|0 fnt\n|-activate|p2a: Glimmora|ability: Toxic Debris\n|-sidestart|p1: dgzdr|move: Toxic Spikes\n|faint|p2a: Glimmora\n|move|p2b: Mienshao|High Jump Kick|p1a: best\n|-supereffective|p1a: best\n|-damage|p1a: best|0 fnt\n|faint|p1a: best\n|\n|-heal|p1b: its|20\/100|[from] item: Leftovers\n|upkeep\n|\n|t:|1700483536\n|switch|p1a: the|Revavroom, F|100\/100\n|switch|p2a: Cloyster|Cloyster, F, shiny|100\/100\n|-sideend|p1: dgzdr|move: Toxic Spikes|[of] p1a: the\n|turn|5\n|\n|t:|1700483547\n|-terastallize|p1a: the|Ground\n|move|p2b: Mienshao|Knock Off|p1b: its\n|-damage|p1b: its|0 fnt\n|-enditem|p1b: its|Leftovers|[from] move: Knock Off|[of] p2b: Mienshao\n|faint|p1b: its\n|move|p1a: the|High Horsepower|p2b: Mienshao\n|-damage|p2b: Mienshao|3\/100\n|move|p2a: Cloyster|Shell Smash|p2a: Cloyster\n|-unboost|p2a: Cloyster|def|1\n|-unboost|p2a: Cloyster|spd|1\n|-boost|p2a: Cloyster|atk|2\n|-boost|p2a: Cloyster|spa|2\n|-boost|p2a: Cloyster|spe|2\n|-enditem|p2a: Cloyster|White Herb\n|-clearnegativeboost|p2a: Cloyster|[silent]\n|\n|upkeep\n|turn|6\n|c|\u2606Lenoxum|gg\n|c|\u2606dgzdr|gg\n|l| iamstupiditstrue\n|\n|t:|1700483563\n|move|p2a: Cloyster|Icicle Spear|p1a: the\n|-supereffective|p1a: the\n|-damage|p1a: the|61\/100\n|-supereffective|p1a: the\n|-damage|p1a: the|15\/100\n|-supereffective|p1a: the\n|-damage|p1a: the|0 fnt\n|faint|p1a: the\n|-hitcount|p1: the|3\n|\n|win|Lenoxum\n|n|\u2606dgzdr|dgzdr\n|n|\u2606Lenoxum|lenoxum\n|n|*Lady Monita \u2746|ladymonita\n|n| Yeet259|yeet259\n|n| PikachuDoesntCutIt|pikachudoesntcutit\n|n| edfggvc|edfggvc\n|n| darthdecidui|darthdecidui\n|n| fucuk|fucuk\n","uploadtime":1700483564,"views":6,"p1id":"dgzdr","p2id":"lenoxum","formatid":"gen9doublesou","rating":0,"private":0,"password":""}