{"id":"gen9doublesou-1998337230","p1":"murmurxxx","p2":"OPieceOfHeroGhost","format":"[Gen 9] Doubles OU","log":"|j|\u2606murmurxxx\n|j|\u2606OPieceOfHeroGhost\n|t:|1700931020\n|gametype|doubles\n|player|p1|murmurxxx|101|1426\n|player|p2|OPieceOfHeroGhost|morty|1470\n|teamsize|p1|6\n|teamsize|p2|6\n|gen|9\n|tier|[Gen 9] Doubles OU\n|rated|\n|rule|Species Clause: Limit one of each Pok\u00e9mon\n|rule|OHKO Clause: OHKO moves are banned\n|rule|Evasion Moves Clause: Evasion moves are banned\n|rule|Gravity Sleep Clause: The combination of sleep-inducing moves with imperfect accuracy and Gravity or Gigantamax Orbeetle are banned\n|rule|Endless Battle Clause: Forcing endless battles is banned\n|rule|HP Percentage Mod: HP is shown in percentages\n|clearpoke\n|poke|p1|Ninetales-Alola, M|\n|poke|p1|Articuno|\n|poke|p1|Heatran, M|\n|poke|p1|Farigiraf, M|\n|poke|p1|Iron Hands|\n|poke|p1|Ogerpon-Wellspring, F|\n|poke|p2|Glimmora, F|\n|poke|p2|Iron Moth|\n|poke|p2|Flutter Mane|\n|poke|p2|Chien-Pao|\n|poke|p2|Dragonite, F|\n|poke|p2|Heatran, F|\n|teampreview\n|\n|t:|1700931032\n|start\n|switch|p1a: Ninetales|Ninetales-Alola, M|100\/100\n|switch|p1b: Articuno|Articuno|100\/100\n|switch|p2a: \u6676\u5149\u82b1\u771f\u662f\u840c\u840c\u54d2|Glimmora, F|100\/100\n|switch|p2b: \u706b\u8d5e\u4f01|Heatran, F|100\/100\n|-weather|Snow|[from] ability: Snow Warning|[of] p1a: Ninetales\n|turn|1\n|\n|t:|1700931052\n|move|p1a: Ninetales|Aurora Veil|p1a: Ninetales\n|-sidestart|p1: murmurxxx|move: Aurora Veil\n|move|p2a: \u6676\u5149\u82b1\u771f\u662f\u840c\u840c\u54d2|Mortal Spin|p1a: Ninetales|[spread] p1a,p1b\n|-supereffective|p1a: Ninetales\n|-damage|p1a: Ninetales|95\/100\n|-damage|p1b: Articuno|99\/100\n|-status|p1a: Ninetales|psn\n|-status|p1b: Articuno|psn\n|move|p1b: Articuno|Tailwind|p1b: Articuno\n|-sidestart|p1: murmurxxx|move: Tailwind\n|move|p2b: \u706b\u8d5e\u4f01|Heat Wave|p1b: Articuno|[spread] p1a,p1b\n|-supereffective|p1a: Ninetales\n|-supereffective|p1b: Articuno\n|-damage|p1a: Ninetales|28\/100 psn\n|-damage|p1b: Articuno|63\/100 psn\n|\n|-weather|Snow|[upkeep]\n|-damage|p1a: Ninetales|15\/100 psn|[from] psn\n|-damage|p1b: Articuno|51\/100 psn|[from] psn\n|upkeep\n|turn|2\n|\n|t:|1700931079\n|switch|p1a: Heatran|Heatran, M|100\/100\n|move|p1b: Articuno|Blizzard|p2a: \u6676\u5149\u82b1\u771f\u662f\u840c\u840c\u54d2|[spread] p2a,p2b\n|-resisted|p2b: \u706b\u8d5e\u4f01\n|-damage|p2a: \u6676\u5149\u82b1\u771f\u662f\u840c\u840c\u54d2|77\/100\n|-damage|p2b: \u706b\u8d5e\u4f01|92\/100\n|-status|p2a: \u6676\u5149\u82b1\u771f\u662f\u840c\u840c\u54d2|frz\n|cant|p2a: \u6676\u5149\u82b1\u771f\u662f\u840c\u840c\u54d2|frz\n|move|p2b: \u706b\u8d5e\u4f01|Heat Wave|p1a: Heatran|[spread] p1b\n|-start|p1a: Heatran|ability: Flash Fire\n|-supereffective|p1b: Articuno\n|-damage|p1b: Articuno|9\/100 psn\n|\n|-weather|Snow|[upkeep]\n|-heal|p2b: \u706b\u8d5e\u4f01|99\/100|[from] item: Leftovers\n|-damage|p1b: Articuno|0 fnt|[from] psn\n|faint|p1b: Articuno\n|upkeep\n|\n|t:|1700931099\n|switch|p1b: Ogerpon|Ogerpon-Wellspring, F|100\/100\n|turn|3\n|\n|t:|1700931109\n|move|p2b: \u706b\u8d5e\u4f01|Protect|p2b: \u706b\u8d5e\u4f01\n|-singleturn|p2b: \u706b\u8d5e\u4f01|Protect\n|move|p1b: Ogerpon|Ivy Cudgel|p2a: \u6676\u5149\u82b1\u771f\u662f\u840c\u840c\u54d2|[anim] Ivy Cudgel Water\n|-supereffective|p2a: \u6676\u5149\u82b1\u771f\u662f\u840c\u840c\u54d2\n|-damage|p2a: \u6676\u5149\u82b1\u771f\u662f\u840c\u840c\u54d2|0 fnt\n|-activate|p2a: \u6676\u5149\u82b1\u771f\u662f\u840c\u840c\u54d2|ability: Toxic Debris\n|-sidestart|p1: murmurxxx|move: Toxic Spikes\n|faint|p2a: \u6676\u5149\u82b1\u771f\u662f\u840c\u840c\u54d2\n|move|p1a: Heatran|Earth Power|p2b: \u706b\u8d5e\u4f01\n|-activate|p2b: \u706b\u8d5e\u4f01|move: Protect\n|\n|-weather|Snow|[upkeep]\n|-heal|p2b: \u706b\u8d5e\u4f01|100\/100|[from] item: Leftovers\n|upkeep\n|inactive|Battle timer is ON: inactive players will automatically lose when time's up. (requested by murmurxxx)\n|\n|t:|1700931126\n|switch|p2a: \u6b7b\u80a5\u5b85|Dragonite, F|100\/100\n|turn|4\n|\n|t:|1700931152\n|switch|p2b: \u829d\u58eb\u96ea\u8c79|Chien-Pao|100\/100\n|-ability|p2b: \u829d\u58eb\u96ea\u8c79|Sword of Ruin\n|-terastallize|p2a: \u6b7b\u80a5\u5b85|Normal\n|move|p2a: \u6b7b\u80a5\u5b85|Extreme Speed|p1b: Ogerpon\n|-damage|p1b: Ogerpon|7\/100\n|move|p1b: Ogerpon|Play Rough|p2a: \u6b7b\u80a5\u5b85\n|-damage|p2a: \u6b7b\u80a5\u5b85|54\/100\n|-unboost|p2a: \u6b7b\u80a5\u5b85|atk|1\n|move|p1a: Heatran|Earth Power|p2b: \u829d\u58eb\u96ea\u8c79\n|-damage|p2b: \u829d\u58eb\u96ea\u8c79|48\/100\n|\n|-weather|Snow|[upkeep]\n|-sideend|p1: murmurxxx|move: Tailwind\n|upkeep\n|turn|5\n|c|\u2606murmurxxx|uff\n|\n|t:|1700931181\n|switch|p2a: \u53d1\u59d0\u5e26\u4f60\u770b\u6708\u4eae|Flutter Mane|100\/100\n|move|p1b: Ogerpon|Spiky Shield|p1b: Ogerpon\n|-singleturn|p1b: Ogerpon|move: Protect\n|move|p2b: \u829d\u58eb\u96ea\u8c79|Sucker Punch||[still]\n|-fail|p2b: \u829d\u58eb\u96ea\u8c79\n|move|p1a: Heatran|Heat Wave|p2a: \u53d1\u59d0\u5e26\u4f60\u770b\u6708\u4eae|[spread] p2a,p2b\n|-supereffective|p2b: \u829d\u58eb\u96ea\u8c79\n|-damage|p2a: \u53d1\u59d0\u5e26\u4f60\u770b\u6708\u4eae|49\/100\n|-damage|p2b: \u829d\u58eb\u96ea\u8c79|0 fnt\n|-status|p2a: \u53d1\u59d0\u5e26\u4f60\u770b\u6708\u4eae|brn\n|faint|p2b: \u829d\u58eb\u96ea\u8c79\n|\n|-weather|none\n|-damage|p2a: \u53d1\u59d0\u5e26\u4f60\u770b\u6708\u4eae|43\/100 brn|[from] brn\n|upkeep\n|inactive|OPieceOfHeroGhost has 120 seconds left.\n|\n|t:|1700931194\n|switch|p2b: \u6b7b\u80a5\u5b85|Dragonite, F, tera:Normal|54\/100\n|turn|6\n|\n|t:|1700931207\n|move|p2a: \u53d1\u59d0\u5e26\u4f60\u770b\u6708\u4eae|Dazzling Gleam|p1b: Ogerpon|[spread] p1a,p1b\n|-resisted|p1a: Heatran\n|-damage|p1a: Heatran|96\/100\n|-damage|p1b: Ogerpon|0 fnt\n|faint|p1b: Ogerpon\n|move|p2b: \u6b7b\u80a5\u5b85|Stomping Tantrum|p1a: Heatran\n|-supereffective|p1a: Heatran\n|-damage|p1a: Heatran|0 fnt\n|faint|p1a: Heatran\n|\n|-damage|p2a: \u53d1\u59d0\u5e26\u4f60\u770b\u6708\u4eae|36\/100 brn|[from] brn\n|upkeep\n|inactive|murmurxxx has 120 seconds left.\n|\n|t:|1700931257\n|switch|p1b: Iron Hands|Iron Hands|100\/100\n|switch|p1a: Farigiraf|Farigiraf, M|100\/100\n|-status|p1a: Farigiraf|psn\n|-status|p1b: Iron Hands|psn\n|-enditem|p1b: Iron Hands|Booster Energy\n|-activate|p1b: Iron Hands|ability: Quark Drive|[fromitem]\n|-start|p1b: Iron Hands|quarkdriveatk\n|turn|7\n|\n|t:|1700931278\n|move|p1b: Iron Hands|Fake Out|p2a: \u53d1\u59d0\u5e26\u4f60\u770b\u6708\u4eae\n|-immune|p2a: \u53d1\u59d0\u5e26\u4f60\u770b\u6708\u4eae\n|move|p2a: \u53d1\u59d0\u5e26\u4f60\u770b\u6708\u4eae|Dazzling Gleam|p1b: Iron Hands|[spread] p1a,p1b\n|-supereffective|p1b: Iron Hands\n|-damage|p1a: Farigiraf|69\/100 psn\n|-damage|p1b: Iron Hands|42\/100 psn\n|move|p2b: \u6b7b\u80a5\u5b85|Stomping Tantrum|p1b: Iron Hands\n|-supereffective|p1b: Iron Hands\n|-damage|p1b: Iron Hands|7\/100 psn\n|move|p1a: Farigiraf|Hyper Voice|p2a: \u53d1\u59d0\u5e26\u4f60\u770b\u6708\u4eae|[spread] p2b\n|-immune|p2a: \u53d1\u59d0\u5e26\u4f60\u770b\u6708\u4eae\n|-damage|p2b: \u6b7b\u80a5\u5b85|25\/100\n|\n|-heal|p1a: Farigiraf|75\/100 psn|[from] item: Leftovers\n|-damage|p1a: Farigiraf|63\/100 psn|[from] psn\n|-damage|p1b: Iron Hands|0 fnt|[from] psn\n|faint|p1b: Iron Hands\n|-end|p1b: Iron Hands|Quark Drive|[silent]\n|-damage|p2a: \u53d1\u59d0\u5e26\u4f60\u770b\u6708\u4eae|30\/100 brn|[from] brn\n|upkeep\n|c|\u2606murmurxxx|im so bad\n|c|\u2606murmurxxx|lol\n|c|\u2606murmurxxx|ohh wow\n|inactive|murmurxxx has 90 seconds left.\n|\n|t:|1700931294\n|switch|p1b: Ninetales|Ninetales-Alola, M|15\/100 psn\n|-weather|Snow|[from] ability: Snow Warning|[of] p1b: Ninetales\n|turn|8\n|\n|t:|1700931300\n|move|p2a: \u53d1\u59d0\u5e26\u4f60\u770b\u6708\u4eae|Dazzling Gleam|p1a: Farigiraf|[spread] p1a,p1b\n|-damage|p1a: Farigiraf|30\/100 psn\n|-damage|p1b: Ninetales|0 fnt\n|faint|p1b: Ninetales\n|move|p2b: \u6b7b\u80a5\u5b85|Stomping Tantrum|p1a: Farigiraf\n|-damage|p1a: Farigiraf|0 fnt\n|faint|p1a: Farigiraf\n|\n|win|OPieceOfHeroGhost\n|raw|murmurxxx's rating: 1426 &rarr; <strong>1409<\/strong><br \/>(-17 for losing)\n|raw|OPieceOfHeroGhost's rating: 1470 &rarr; <strong>1487<\/strong><br \/>(+17 for winning)\n|c|\u2606murmurxxx|gg\n|l|\u2606murmurxxx\n","uploadtime":1700931311,"views":6,"p1id":"murmurxxx","p2id":"opieceofheroghost","formatid":"gen9doublesou","rating":1409,"private":0,"password":""}