{"id":"gen9doublesou-1974324492","p1":"Petir Gruffin","p2":"jaquemix","format":"[Gen 9] Doubles OU","log":"|j|\u203dPetir Gruffin\n|j|\u2606jaquemix\n|t:|1698077950\n|gametype|doubles\n|player|p1|Petir Gruffin|winona|1062\n|player|p2|jaquemix|2|1166\n|teamsize|p1|5\n|teamsize|p2|6\n|gen|9\n|tier|[Gen 9] Doubles OU\n|rated|\n|rule|Species Clause: Limit one of each Pok\u00e9mon\n|rule|OHKO Clause: OHKO moves are banned\n|rule|Evasion Moves Clause: Evasion moves are banned\n|rule|Gravity Sleep Clause: The combination of sleep-inducing moves with imperfect accuracy and Gravity or Gigantamax Orbeetle are banned\n|rule|Endless Battle Clause: Forcing endless battles is banned\n|rule|HP Percentage Mod: HP is shown in percentages\n|clearpoke\n|poke|p1|Oricorio, M|\n|poke|p1|Volcarona, M|\n|poke|p1|Lilligant-Hisui, F|\n|poke|p1|Kommo-o, M|\n|poke|p1|Muk-Alola, F|\n|poke|p2|Kingambit, F|\n|poke|p2|Gliscor, F|\n|poke|p2|Ninetales-Alola, M|\n|poke|p2|Goodra-Hisui, M|\n|poke|p2|Infernape, M|\n|poke|p2|Milotic, M|\n|teampreview\n|inactive|Battle timer is ON: inactive players will automatically lose when time's up. (requested by Petir Gruffin)\n|\n|t:|1698077970\n|start\n|switch|p1a: Oricorio|Oricorio, M|100\/100\n|switch|p1b: Muk|Muk-Alola, F|100\/100\n|switch|p2a: Ninetales|Ninetales-Alola, M, shiny|100\/100\n|switch|p2b: Milotic|Milotic, M, shiny|100\/100\n|-weather|Snow|[from] ability: Snow Warning|[of] p2a: Ninetales\n|turn|1\n|\n|t:|1698077982\n|move|p2a: Ninetales|Aurora Veil|p2a: Ninetales\n|-sidestart|p2: jaquemix|move: Aurora Veil\n|move|p1a: Oricorio|Revelation Dance|p2a: Ninetales\n|-supereffective|p2a: Ninetales\n|-damage|p2a: Ninetales|39\/100\n|move|p2b: Milotic|Scald|p1a: Oricorio\n|-supereffective|p1a: Oricorio\n|-damage|p1a: Oricorio|16\/100\n|move|p1b: Muk|Substitute|p1b: Muk\n|-start|p1b: Muk|Substitute\n|-damage|p1b: Muk|76\/100\n|\n|-weather|Snow|[upkeep]\n|-heal|p1a: Oricorio|22\/100|[from] item: Leftovers\n|-heal|p1b: Muk|82\/100|[from] item: Leftovers\n|-status|p2b: Milotic|brn|[from] item: Flame Orb\n|upkeep\n|turn|2\n|\n|t:|1698078006\n|move|p2a: Ninetales|Encore|p1b: Muk\n|-start|p1b: Muk|Encore\n|move|p1a: Oricorio|Revelation Dance|p2a: Ninetales\n|-supereffective|p2a: Ninetales\n|-damage|p2a: Ninetales|0 fnt\n|faint|p2a: Ninetales\n|move|p2b: Milotic|Scald|p1a: Oricorio\n|-supereffective|p1a: Oricorio\n|-damage|p1a: Oricorio|0 fnt\n|faint|p1a: Oricorio\n|-ability|p1b: Muk|Dancer|[from] ability: Power of Alchemy|[of] p1a: Oricorio\n|move|p1b: Muk|Substitute|p1b: Muk\n|-fail|p1b: Muk|move: Substitute\n|\n|-weather|Snow|[upkeep]\n|-heal|p1b: Muk|88\/100|[from] item: Leftovers\n|-damage|p2b: Milotic|94\/100 brn|[from] brn\n|upkeep\n|\n|t:|1698078030\n|switch|p2a: Infernape|Infernape, M, shiny|100\/100\n|switch|p1a: Kommo-o|Kommo-o, M|100\/100\n|turn|3\n|\n|t:|1698078045\n|move|p2a: Infernape|Fire Punch|p1b: Muk\n|-end|p1b: Muk|Substitute\n|move|p1a: Kommo-o|Clangorous Soul|p1a: Kommo-o\n|-boost|p1a: Kommo-o|atk|1\n|-boost|p1a: Kommo-o|def|1\n|-boost|p1a: Kommo-o|spa|1\n|-boost|p1a: Kommo-o|spd|1\n|-boost|p1a: Kommo-o|spe|1\n|-damage|p1a: Kommo-o|68\/100\n|-activate|p1b: Muk|ability: Dancer\n|move|p1b: Muk|Clangorous Soul|p1b: Muk|[from]ability: Dancer\n|-boost|p1b: Muk|atk|1\n|-boost|p1b: Muk|def|1\n|-boost|p1b: Muk|spa|1\n|-boost|p1b: Muk|spd|1\n|-boost|p1b: Muk|spe|1\n|-damage|p1b: Muk|55\/100\n|move|p1b: Muk|Substitute|p1b: Muk\n|-start|p1b: Muk|Substitute\n|-damage|p1b: Muk|30\/100\n|move|p2b: Milotic|Scald|p1a: Kommo-o\n|-resisted|p1a: Kommo-o\n|-damage|p1a: Kommo-o|57\/100\n|\n|-weather|Snow|[upkeep]\n|-heal|p1a: Kommo-o|63\/100|[from] item: Leftovers\n|-heal|p1b: Muk|36\/100|[from] item: Leftovers\n|-damage|p2b: Milotic|88\/100 brn|[from] brn\n|upkeep\n|turn|4\n|\n|t:|1698078066\n|move|p2a: Infernape|Mach Punch|p1b: Muk\n|-activate|p1b: Muk|move: Substitute|[damage]\n|move|p1a: Kommo-o|Clanging Scales|p2b: Milotic|[spread] p2a,p2b\n|-damage|p2a: Infernape|46\/100\n|-damage|p2b: Milotic|65\/100 brn\n|-unboost|p1a: Kommo-o|def|1\n|move|p1b: Muk|Substitute|p1b: Muk\n|-fail|p1b: Muk|move: Substitute\n|move|p2b: Milotic|Haze|p2b: Milotic\n|-clearallboost\n|\n|-weather|Snow|[upkeep]\n|-heal|p1a: Kommo-o|70\/100|[from] item: Leftovers\n|-heal|p1b: Muk|42\/100|[from] item: Leftovers\n|-damage|p2b: Milotic|59\/100 brn|[from] brn\n|-end|p1b: Muk|Encore\n|upkeep\n|turn|5\n|inactive|Petir Gruffin has 120 seconds left.\n|\n|t:|1698078105\n|move|p2a: Infernape|Close Combat|p1a: Kommo-o\n|-damage|p1a: Kommo-o|22\/100\n|-unboost|p2a: Infernape|def|1\n|-unboost|p2a: Infernape|spd|1\n|move|p1a: Kommo-o|Clanging Scales|p2b: Milotic|[spread] p2a,p2b\n|-damage|p2a: Infernape|0 fnt\n|-damage|p2b: Milotic|42\/100 brn\n|faint|p2a: Infernape\n|-unboost|p1a: Kommo-o|def|1\n|move|p2b: Milotic|Scald|p1a: Kommo-o\n|-resisted|p1a: Kommo-o\n|-damage|p1a: Kommo-o|5\/100\n|move|p1b: Muk|Drain Punch|p2b: Milotic\n|-damage|p2b: Milotic|35\/100 brn\n|-heal|p1b: Muk|46\/100|[from] drain|[of] p2b: Milotic\n|\n|-weather|none\n|-heal|p1a: Kommo-o|11\/100|[from] item: Leftovers\n|-heal|p1b: Muk|52\/100|[from] item: Leftovers\n|-damage|p2b: Milotic|28\/100 brn|[from] brn\n|upkeep\n|inactive|jaquemix has 120 seconds left.\n|inactive|jaquemix has 90 seconds left.\n|\n|t:|1698078163\n|switch|p2a: Gliscor|Gliscor, F, shiny|100\/100\n|turn|6\n|\n|t:|1698078175\n|move|p2a: Gliscor|Swords Dance|p2a: Gliscor\n|-boost|p2a: Gliscor|atk|2\n|-activate|p1b: Muk|ability: Dancer\n|move|p1b: Muk|Swords Dance|p1b: Muk|[from]ability: Dancer\n|-boost|p1b: Muk|atk|2\n|move|p1a: Kommo-o|Clangorous Soul||[still]\n|-fail|p1a: Kommo-o\n|move|p2b: Milotic|Ice Beam|p1a: Kommo-o\n|-supereffective|p1a: Kommo-o\n|-damage|p1a: Kommo-o|0 fnt\n|faint|p1a: Kommo-o\n|move|p1b: Muk|Poison Jab|p2b: Milotic\n|-damage|p2b: Milotic|2\/100 brn\n|\n|-heal|p1b: Muk|58\/100|[from] item: Leftovers\n|-damage|p2b: Milotic|0 fnt|[from] brn\n|faint|p2b: Milotic\n|-status|p2a: Gliscor|tox|[from] item: Toxic Orb\n|upkeep\n|\n|t:|1698078188\n|switch|p1a: Lilligant|Lilligant-Hisui, F|100\/100\n|switch|p2b: Goodra|Goodra-Hisui, M, shiny|100\/100\n|turn|7\n|\n|t:|1698078199\n|move|p2a: Gliscor|Knock Off|p1a: Lilligant\n|-resisted|p1a: Lilligant\n|-damage|p1a: Lilligant|59\/100\n|-enditem|p1a: Lilligant|Leftovers|[from] move: Knock Off|[of] p2a: Gliscor\n|move|p1a: Lilligant|Victory Dance|p1a: Lilligant\n|-boost|p1a: Lilligant|atk|1\n|-boost|p1a: Lilligant|def|1\n|-boost|p1a: Lilligant|spe|1\n|-activate|p1b: Muk|ability: Dancer\n|move|p1b: Muk|Victory Dance|p1b: Muk|[from]ability: Dancer\n|-boost|p1b: Muk|atk|1\n|-boost|p1b: Muk|def|1\n|-boost|p1b: Muk|spe|1\n|move|p1b: Muk|Crunch|p2a: Gliscor\n|-crit|p2a: Gliscor\n|-damage|p2a: Gliscor|0 fnt\n|faint|p2a: Gliscor\n|move|p2b: Goodra|Shelter|p2b: Goodra\n|-boost|p2b: Goodra|def|2\n|\n|-heal|p1b: Muk|64\/100|[from] item: Leftovers\n|upkeep\n|\n|t:|1698078205\n|switch|p2a: Kingambit|Kingambit, F|100\/100\n|turn|8\n|\n|t:|1698078222\n|-terastallize|p2a: Kingambit|Flying\n|move|p1a: Lilligant|Victory Dance|p1a: Lilligant\n|-boost|p1a: Lilligant|atk|1\n|-boost|p1a: Lilligant|def|1\n|-boost|p1a: Lilligant|spe|1\n|-activate|p1b: Muk|ability: Dancer\n|move|p1b: Muk|Victory Dance|p1b: Muk|[from]ability: Dancer\n|-boost|p1b: Muk|atk|1\n|-boost|p1b: Muk|def|1\n|-boost|p1b: Muk|spe|1\n|move|p1b: Muk|Drain Punch|p2a: Kingambit\n|-resisted|p2a: Kingambit\n|-damage|p2a: Kingambit|81\/100\n|-heal|p1b: Muk|73\/100|[from] drain|[of] p2a: Kingambit\n|move|p2b: Goodra|Ice Beam|p1a: Lilligant\n|-supereffective|p1a: Lilligant\n|-damage|p1a: Lilligant|0 fnt\n|faint|p1a: Lilligant\n|move|p2a: Kingambit|Swords Dance|p2a: Kingambit\n|-boost|p2a: Kingambit|atk|2\n|-activate|p1b: Muk|ability: Dancer\n|move|p1b: Muk|Swords Dance|p1b: Muk|[from]ability: Dancer\n|-boost|p1b: Muk|atk|2\n|\n|-heal|p1b: Muk|79\/100|[from] item: Leftovers\n|-heal|p2a: Kingambit|87\/100|[from] item: Leftovers\n|-sideend|p2: jaquemix|move: Aurora Veil\n|upkeep\n|\n|t:|1698078228\n|switch|p1a: Volcarona|Volcarona, M|100\/100\n|turn|9\n|\n|t:|1698078249\n|move|p2a: Kingambit|Sucker Punch|p1b: Muk\n|-resisted|p1b: Muk\n|-end|p1b: Muk|Substitute\n|move|p1a: Volcarona|Fiery Dance|p2b: Goodra\n|-damage|p2b: Goodra|76\/100\n|-activate|p1b: Muk|ability: Dancer\n|move|p1b: Muk|Fiery Dance|p2b: Goodra|[from]ability: Dancer\n|-damage|p2b: Goodra|69\/100\n|-boost|p1b: Muk|spa|1\n|move|p1b: Muk|Poison Jab|p2a: Kingambit\n|-damage|p2a: Kingambit|0 fnt\n|faint|p2a: Kingambit\n|move|p2b: Goodra|Body Press|p1a: Volcarona\n|-resisted|p1a: Volcarona\n|-damage|p1a: Volcarona|71\/100\n|-status|p2b: Goodra|brn|[from] ability: Flame Body|[of] p1a: Volcarona\n|\n|-heal|p1b: Muk|85\/100|[from] item: Leftovers\n|-heal|p2b: Goodra|75\/100 brn|[from] item: Leftovers\n|-damage|p2b: Goodra|69\/100 brn|[from] brn\n|upkeep\n|turn|10\n|\n|t:|1698078272\n|move|p1a: Volcarona|Fiery Dance|p2b: Goodra\n|-damage|p2b: Goodra|44\/100 brn\n|-boost|p1a: Volcarona|spa|1\n|-activate|p1b: Muk|ability: Dancer\n|move|p1b: Muk|Fiery Dance|p2b: Goodra|[from]ability: Dancer\n|-damage|p2b: Goodra|35\/100 brn\n|move|p1b: Muk|Drain Punch|p2b: Goodra\n|-supereffective|p2b: Goodra\n|-damage|p2b: Goodra|0 fnt\n|-heal|p1b: Muk|100\/100|[from] drain|[of] p2b: Goodra\n|faint|p2b: Goodra\n|\n|win|Petir Gruffin\n|raw|Petir Gruffin's rating: 1062 &rarr; <strong>1102<\/strong><br \/>(+40 for winning)\n|raw|jaquemix's rating: 1166 &rarr; <strong>1134<\/strong><br \/>(-32 for losing)\n|l|\u2606jaquemix\n","uploadtime":1698078289,"views":20,"p1id":"petirgruffin","p2id":"jaquemix","formatid":"gen9doublesou","rating":1102,"private":0,"password":""}