{"id":"gen9doublesou-1992520704","p1":"sanlalala","p2":"vegetasfeet","format":"[Gen 9] Doubles OU","log":"|j|\u2606sanlalala\n|j|\u2606vegetasfeet\n|t:|1700198776\n|gametype|doubles\n|player|p1|sanlalala|1|1135\n|player|p2|vegetasfeet|brycen|1178\n|teamsize|p1|6\n|teamsize|p2|6\n|gen|9\n|tier|[Gen 9] Doubles OU\n|rated|\n|rule|Species Clause: Limit one of each Pok\u00e9mon\n|rule|OHKO Clause: OHKO moves are banned\n|rule|Evasion Moves Clause: Evasion moves are banned\n|rule|Gravity Sleep Clause: The combination of sleep-inducing moves with imperfect accuracy and Gravity or Gigantamax Orbeetle are banned\n|rule|Endless Battle Clause: Forcing endless battles is banned\n|rule|HP Percentage Mod: HP is shown in percentages\n|clearpoke\n|poke|p1|Ursaluna, M|\n|poke|p1|Regieleki|\n|poke|p1|Enamorus-Therian, F|\n|poke|p1|Chandelure, F|\n|poke|p1|Thundurus, M|\n|poke|p1|Iron Hands|\n|poke|p2|Rillaboom, F|\n|poke|p2|Pelipper, M|\n|poke|p2|Tornadus, M|\n|poke|p2|Flutter Mane|\n|poke|p2|Iron Bundle|\n|poke|p2|Goodra-Hisui, M|\n|teampreview\n|inactive|Battle timer is ON: inactive players will automatically lose when time's up. (requested by vegetasfeet)\n|\n|t:|1700198798\n|start\n|switch|p1a: Regieleki|Regieleki|100\/100\n|switch|p1b: Chandelure|Chandelure, F|100\/100\n|switch|p2a: Pelipper|Pelipper, M, shiny|100\/100\n|switch|p2b: Rillaboom|Rillaboom, F, shiny|100\/100\n|-fieldstart|move: Grassy Terrain|[from] ability: Grassy Surge|[of] p2b: Rillaboom\n|-weather|RainDance|[from] ability: Drizzle|[of] p2a: Pelipper\n|turn|1\n|\n|t:|1700198826\n|switch|p2a: James Murray|Goodra-Hisui, M, shiny|100\/100\n|-terastallize|p1a: Regieleki|Normal\n|move|p1a: Regieleki|Explosion|p2b: Rillaboom|[spread] p2a,p2b\n|-immune|p1b: Chandelure\n|-resisted|p2a: James Murray\n|-damage|p2a: James Murray|36\/100\n|-damage|p2b: Rillaboom|0 fnt\n|faint|p1a: Regieleki\n|faint|p2b: Rillaboom\n|move|p1b: Chandelure|Trick Room|p1b: Chandelure\n|-fieldstart|move: Trick Room|[of] p1b: Chandelure\n|\n|-weather|RainDance|[upkeep]\n|-heal|p2a: James Murray|42\/100|[from] Grassy Terrain\n|upkeep\n|\n|t:|1700198845\n|switch|p2b: Pelipper|Pelipper, M, shiny|100\/100\n|switch|p1a: Ursaluna|Ursaluna, M|100\/100\n|turn|2\n|\n|t:|1700198867\n|switch|p1b: Thundurus|Thundurus, M, shiny|100\/100\n|move|p1a: Ursaluna|Facade|p2a: James Murray\n|-resisted|p2a: James Murray\n|-damage|p2a: James Murray|21\/100\n|-enditem|p2a: James Murray|Iapapa Berry|[eat]\n|-heal|p2a: James Murray|54\/100|[from] item: Iapapa Berry\n|move|p2b: Pelipper|Surf|p1a: Ursaluna|[spread] p2a,p1a,p1b\n|-resisted|p2a: James Murray\n|-supereffective|p1a: Ursaluna\n|-damage|p2a: James Murray|41\/100\n|-damage|p1a: Ursaluna|46\/100\n|-damage|p1b: Thundurus|60\/100\n|move|p2a: James Murray|Dragon Tail|p1a: Ursaluna\n|-damage|p1a: Ursaluna|30\/100\n|drag|p1a: Chandelure|Chandelure, F|100\/100\n|\n|-weather|RainDance|[upkeep]\n|-heal|p2a: James Murray|47\/100|[from] Grassy Terrain\n|upkeep\n|turn|3\n|\n|t:|1700198895\n|switch|p1a: Ursaluna|Ursaluna, M|30\/100\n|-terastallize|p2b: Pelipper|Ground\n|move|p2a: James Murray|Life Dew||[still]|[spread] p2a,p2b\n|-heal|p2a: James Murray|72\/100\n|-fail|p2b: Pelipper|heal\n|move|p2b: Pelipper|Surf|p1b: Thundurus|[spread] p2a,p1a,p1b\n|-resisted|p2a: James Murray\n|-supereffective|p1a: Ursaluna\n|-damage|p2a: James Murray|60\/100\n|-damage|p1a: Ursaluna|0 fnt\n|-damage|p1b: Thundurus|23\/100\n|-enditem|p1b: Thundurus|Sitrus Berry|[eat]\n|-heal|p1b: Thundurus|48\/100|[from] item: Sitrus Berry\n|faint|p1a: Ursaluna\n|move|p1b: Thundurus|Volt Switch|p2a: James Murray\n|-resisted|p2a: James Murray\n|-damage|p2a: James Murray|46\/100\n|inactive|sanlalala has 120 seconds left.\n|\n|t:|1700198915\n|switch|p1b: Chandelure|Chandelure, F|100\/100|[from] Volt Switch\n|\n|-weather|RainDance|[upkeep]\n|-heal|p2a: James Murray|52\/100|[from] Grassy Terrain\n|upkeep\n|\n|t:|1700198921\n|switch|p1a: Iron Hands|Iron Hands|100\/100\n|turn|4\n|\n|t:|1700198933\n|move|p1a: Iron Hands|Fake Out|p2b: Pelipper\n|-damage|p2b: Pelipper|85\/100\n|move|p2a: James Murray|Life Dew|p2a: James Murray|[spread] p2a,p2b\n|-heal|p2a: James Murray|77\/100\n|-heal|p2b: Pelipper|100\/100\n|move|p1b: Chandelure|Overheat|p2a: James Murray\n|-damage|p2a: James Murray|53\/100\n|-unboost|p1b: Chandelure|spa|2\n|cant|p2b: Pelipper|flinch\n|\n|-weather|RainDance|[upkeep]\n|-heal|p2a: James Murray|59\/100|[from] Grassy Terrain\n|upkeep\n|turn|5\n|\n|t:|1700198951\n|switch|p1b: Enamorus|Enamorus-Therian, F|100\/100\n|move|p1a: Iron Hands|Close Combat|p2a: James Murray\n|-supereffective|p2a: James Murray\n|-damage|p2a: James Murray|0 fnt\n|-unboost|p1a: Iron Hands|def|1\n|-unboost|p1a: Iron Hands|spd|1\n|faint|p2a: James Murray\n|move|p2b: Pelipper|Surf|p1b: Enamorus|[spread] p1a,p1b\n|-crit|p1b: Enamorus\n|-damage|p1a: Iron Hands|76\/100\n|-damage|p1b: Enamorus|50\/100\n|\n|-weather|RainDance|[upkeep]\n|-heal|p1a: Iron Hands|82\/100|[from] Grassy Terrain\n|-fieldend|move: Trick Room\n|-fieldend|move: Grassy Terrain\n|upkeep\n|inactive|vegetasfeet has 120 seconds left.\n|\n|t:|1700198983\n|switch|p2a: Flutter Mane|Flutter Mane, shiny|100\/100\n|-enditem|p2a: Flutter Mane|Booster Energy\n|-activate|p2a: Flutter Mane|ability: Protosynthesis|[fromitem]\n|-start|p2a: Flutter Mane|protosynthesisspa\n|turn|6\n|inactive|sanlalala has 120 seconds left.\n|\n|t:|1700199022\n|move|p2a: Flutter Mane|Shadow Ball|p1b: Enamorus\n|-damage|p1b: Enamorus|0 fnt\n|faint|p1b: Enamorus\n|move|p2b: Pelipper|Knock Off|p1a: Iron Hands\n|-resisted|p1a: Iron Hands\n|-damage|p1a: Iron Hands|76\/100\n|-enditem|p1a: Iron Hands|Assault Vest|[from] move: Knock Off|[of] p2b: Pelipper\n|move|p1a: Iron Hands|Volt Switch|p2a: Flutter Mane\n|-damage|p2a: Flutter Mane|88\/100\n|\n|t:|1700199033\n|-end|p1a: Iron Hands|Quark Drive|[silent]\n|switch|p1a: Thundurus|Thundurus, M, shiny|48\/100|[from] Volt Switch\n|\n|-weather|RainDance|[upkeep]\n|upkeep\n|\n|t:|1700199037\n|switch|p1b: Chandelure|Chandelure, F|100\/100\n|turn|7\n|\n|t:|1700199055\n|move|p2a: Flutter Mane|Shadow Ball|p1b: Chandelure\n|-supereffective|p1b: Chandelure\n|-enditem|p1b: Chandelure|Focus Sash\n|-damage|p1b: Chandelure|1\/100\n|move|p1a: Thundurus|Volt Switch|p2b: Pelipper\n|-immune|p2b: Pelipper\n|move|p2b: Pelipper|Surf|p1a: Thundurus|[spread] p2a,p1a,p1b\n|-supereffective|p1b: Chandelure\n|-damage|p2a: Flutter Mane|55\/100\n|-damage|p1a: Thundurus|12\/100\n|-damage|p1b: Chandelure|0 fnt\n|faint|p1b: Chandelure\n|\n|-weather|RainDance|[upkeep]\n|upkeep\n|inactive|sanlalala has 120 seconds left.\n|-message|sanlalala forfeited.\n|\n|win|vegetasfeet\n|raw|sanlalala's rating: 1135 &rarr; <strong>1113<\/strong><br \/>(-22 for losing)\n|raw|vegetasfeet's rating: 1178 &rarr; <strong>1200<\/strong><br \/>(+22 for winning)\n|l|\u2606sanlalala\n","uploadtime":1700199074,"views":14,"p1id":"sanlalala","p2id":"vegetasfeet","formatid":"gen9doublesou","rating":1113,"private":0,"password":""}