{"id":"gen9doublesou-1970952313","p1":"SXD2002","p2":"But CB hfx","format":"[Gen 9] Doubles OU","log":"|j|\u2606SXD2002\n|j|\u2606But CB hfx\n|t:|1697684412\n|gametype|doubles\n|player|p1|SXD2002|silver-masters|1074\n|player|p2|But CB hfx|benga|1000\n|teamsize|p1|4\n|teamsize|p2|6\n|gen|9\n|tier|[Gen 9] Doubles OU\n|rated|\n|rule|Species Clause: Limit one of each Pok\u00e9mon\n|rule|OHKO Clause: OHKO moves are banned\n|rule|Evasion Moves Clause: Evasion moves are banned\n|rule|Gravity Sleep Clause: The combination of sleep-inducing moves with imperfect accuracy and Gravity or Gigantamax Orbeetle are banned\n|rule|Endless Battle Clause: Forcing endless battles is banned\n|rule|HP Percentage Mod: HP is shown in percentages\n|clearpoke\n|poke|p1|Lurantis, F|\n|poke|p1|Murkrow, F|\n|poke|p1|Grimmsnarl, M|\n|poke|p1|Clefairy, F|\n|poke|p2|Samurott-Hisui, F|\n|poke|p2|Blissey, F|\n|poke|p2|Noivern, M|\n|poke|p2|Zoroark-Hisui, M|\n|poke|p2|Milotic, F|\n|poke|p2|Infernape, F|\n|teampreview\n|inactive|Battle timer is ON: inactive players will automatically lose when time's up. (requested by SXD2002)\n|\n|t:|1697684422\n|start\n|switch|p1a: Grimmsnarl|Grimmsnarl, M|100\/100\n|switch|p1b: Lurantis|Lurantis, F|100\/100\n|switch|p2a: Infernape|Infernape, F, shiny|100\/100\n|switch|p2b: Noivern|Noivern, M|100\/100\n|-item|p1a: Grimmsnarl|Leftovers|[from] ability: Frisk|[of] p2b: Noivern|[identify]\n|-item|p1b: Lurantis|Leftovers|[from] ability: Frisk|[of] p2b: Noivern|[identify]\n|turn|1\n|\n|t:|1697684437\n|move|p1b: Lurantis|Protect|p1b: Lurantis\n|-singleturn|p1b: Lurantis|Protect\n|move|p1a: Grimmsnarl|Parting Shot|p2a: Infernape\n|-unboost|p2a: Infernape|atk|1\n|-unboost|p2a: Infernape|spa|1\n|\n|t:|1697684442\n|switch|p1a: Murkrow|Murkrow, F|100\/100|[from] Parting Shot\n|move|p2b: Noivern|Tailwind|p2b: Noivern\n|-sidestart|p2: But CB hfx|move: Tailwind\n|move|p2a: Infernape|Bulk Up|p2a: Infernape\n|-boost|p2a: Infernape|atk|1\n|-boost|p2a: Infernape|def|1\n|\n|upkeep\n|turn|2\n|\n|t:|1697684456\n|-terastallize|p1b: Lurantis|Steel\n|move|p1a: Murkrow|Screech|p1b: Lurantis\n|-boost|p1b: Lurantis|def|2\n|move|p2b: Noivern|Dragon Dance|p2b: Noivern\n|-boost|p2b: Noivern|atk|1\n|-boost|p2b: Noivern|spe|1\n|move|p2a: Infernape|Bulk Up|p2a: Infernape\n|-boost|p2a: Infernape|atk|1\n|-boost|p2a: Infernape|def|1\n|move|p1b: Lurantis|Superpower|p2a: Infernape\n|-damage|p2a: Infernape|80\/100\n|-boost|p1b: Lurantis|atk|1\n|-boost|p1b: Lurantis|def|1\n|\n|upkeep\n|turn|3\n|inactive|But CB hfx has 120 seconds left.\n|\n|t:|1697684487\n|move|p1a: Murkrow|Screech|p1b: Lurantis|[miss]\n|-miss|p1a: Murkrow|p1b: Lurantis\n|move|p2b: Noivern|Boomburst|p1b: Lurantis|[spread] p2a,p1a,p1b\n|-resisted|p1b: Lurantis\n|-damage|p2a: Infernape|46\/100\n|-damage|p1a: Murkrow|80\/100\n|-damage|p1b: Lurantis|91\/100\n|move|p2a: Infernape|Acrobatics|p1a: Murkrow\n|-damage|p1a: Murkrow|23\/100\n|move|p1b: Lurantis|Superpower|p2a: Infernape\n|-damage|p2a: Infernape|14\/100\n|-boost|p1b: Lurantis|atk|1\n|-boost|p1b: Lurantis|def|1\n|\n|-heal|p1b: Lurantis|98\/100|[from] item: Leftovers\n|upkeep\n|turn|4\n|\n|t:|1697684506\n|move|p2a: Infernape|Mach Punch|p1a: Murkrow\n|-damage|p1a: Murkrow|0 fnt\n|faint|p1a: Murkrow\n|move|p2b: Noivern|Dragon Dance|p2b: Noivern\n|-boost|p2b: Noivern|atk|1\n|-boost|p2b: Noivern|spe|1\n|move|p1b: Lurantis|Leaf Storm|p2a: Infernape\n|-resisted|p2a: Infernape\n|-damage|p2a: Infernape|0 fnt\n|-boost|p1b: Lurantis|spa|2\n|faint|p2a: Infernape\n|\n|-heal|p1b: Lurantis|100\/100|[from] item: Leftovers\n|-sideend|p2: But CB hfx|move: Tailwind\n|upkeep\n|\n|t:|1697684517\n|switch|p2a: Milotic|Milotic, F|100\/100\n|switch|p1a: Grimmsnarl|Grimmsnarl, M|100\/100\n|turn|5\n|\n|t:|1697684531\n|move|p1a: Grimmsnarl|Fake Tears|p2a: Milotic\n|-unboost|p2a: Milotic|spd|2\n|move|p2b: Noivern|Tailwind|p2b: Noivern\n|-sidestart|p2: But CB hfx|move: Tailwind\n|move|p2a: Milotic|Flamethrower|p1b: Lurantis\n|-supereffective|p1b: Lurantis\n|-damage|p1b: Lurantis|48\/100\n|-damage|p2a: Milotic|90\/100|[from] item: Life Orb\n|move|p1b: Lurantis|Leaf Storm|p2a: Milotic\n|-damage|p2a: Milotic|0 fnt\n|-boost|p1b: Lurantis|spa|2\n|replace|p2a: Zoroark|Zoroark-Hisui, M\n|-end|p2a: Zoroark|Illusion\n|faint|p2a: Zoroark\n|\n|-heal|p1b: Lurantis|55\/100|[from] item: Leftovers\n|upkeep\n|\n|t:|1697684546\n|switch|p2a: Samurott|Samurott-Hisui, F|100\/100\n|turn|6\n|\n|t:|1697684566\n|move|p1b: Lurantis|Protect|p1b: Lurantis\n|-singleturn|p1b: Lurantis|Protect\n|move|p2b: Noivern|Acrobatics|p1a: Grimmsnarl\n|-damage|p1a: Grimmsnarl|53\/100\n|move|p2a: Samurott|Ceaseless Edge|p1b: Lurantis\n|-activate|p1b: Lurantis|move: Protect\n|move|p1a: Grimmsnarl|Dazzling Gleam|p2a: Samurott|[spread] p2a,p2b\n|-supereffective|p2a: Samurott\n|-supereffective|p2b: Noivern\n|-damage|p2a: Samurott|42\/100\n|-damage|p2b: Noivern|52\/100\n|\n|-heal|p1a: Grimmsnarl|59\/100|[from] item: Leftovers\n|-heal|p1b: Lurantis|61\/100|[from] item: Leftovers\n|upkeep\n|turn|7\n|\n|t:|1697684592\n|move|p1a: Grimmsnarl|Scary Face|p1b: Lurantis\n|-boost|p1b: Lurantis|spe|2\n|move|p2b: Noivern|Acrobatics|p1a: Grimmsnarl\n|-damage|p1a: Grimmsnarl|4\/100\n|move|p2a: Samurott|Ceaseless Edge|p1b: Lurantis|[miss]\n|-miss|p2a: Samurott|p1b: Lurantis\n|move|p1b: Lurantis|Superpower|p2a: Samurott\n|-supereffective|p2a: Samurott\n|-damage|p2a: Samurott|0 fnt\n|-boost|p1b: Lurantis|atk|1\n|-boost|p1b: Lurantis|def|1\n|faint|p2a: Samurott\n|\n|-heal|p1b: Lurantis|67\/100|[from] item: Leftovers\n|-heal|p1a: Grimmsnarl|10\/100|[from] item: Leftovers\n|upkeep\n|\n|t:|1697684604\n|switch|p2a: Blissey|Blissey, F, shiny|100\/100\n|turn|8\n|\n|t:|1697684623\n|move|p1a: Grimmsnarl|Parting Shot|p2b: Noivern\n|-unboost|p2b: Noivern|atk|1\n|-unboost|p2b: Noivern|spa|1\n|\n|t:|1697684626\n|switch|p1a: Clefairy|Clefairy, F|100\/100|[from] Parting Shot\n|move|p2b: Noivern|Boomburst|p1a: Clefairy|[spread] p2a,p1a,p1b\n|-resisted|p1b: Lurantis\n|-damage|p2a: Blissey|96\/100\n|-damage|p1a: Clefairy|90\/100\n|-damage|p1b: Lurantis|62\/100\n|move|p2a: Blissey|Heal Pulse|p2b: Noivern\n|-heal|p2b: Noivern|100\/100\n|move|p1b: Lurantis|Superpower|p2a: Blissey\n|-supereffective|p2a: Blissey\n|-damage|p2a: Blissey|0 fnt\n|-boost|p1b: Lurantis|atk|1\n|-boost|p1b: Lurantis|def|1\n|faint|p2a: Blissey\n|\n|-heal|p1b: Lurantis|69\/100|[from] item: Leftovers\n|-sideend|p2: But CB hfx|move: Tailwind\n|upkeep\n|\n|t:|1697684639\n|switch|p2a: Milotic|Milotic, F|100\/100\n|turn|9\n|\n|t:|1697684657\n|-terastallize|p2a: Milotic|Water\n|move|p1a: Clefairy|Helping Hand|p1b: Lurantis\n|-singleturn|p1b: Lurantis|Helping Hand|[of] p1a: Clefairy\n|move|p2b: Noivern|Tailwind|p2b: Noivern\n|-sidestart|p2: But CB hfx|move: Tailwind\n|move|p2a: Milotic|Substitute|p2a: Milotic\n|-start|p2a: Milotic|Substitute\n|-damage|p2a: Milotic|76\/100\n|move|p1b: Lurantis|Leaf Storm|p2a: Milotic\n|-supereffective|p2a: Milotic\n|-end|p2a: Milotic|Substitute\n|-boost|p1b: Lurantis|spa|2\n|\n|-heal|p1b: Lurantis|75\/100|[from] item: Leftovers\n|upkeep\n|turn|10\n|\n|t:|1697684679\n|move|p1a: Clefairy|Follow Me|p1a: Clefairy\n|-singleturn|p1a: Clefairy|move: Follow Me\n|move|p2b: Noivern|Acrobatics|p1a: Clefairy\n|-damage|p1a: Clefairy|50\/100\n|move|p2a: Milotic|Ice Beam|p1a: Clefairy\n|-damage|p1a: Clefairy|36\/100\n|move|p1b: Lurantis|Leaf Storm|p2a: Milotic\n|-supereffective|p2a: Milotic\n|-crit|p2a: Milotic\n|-damage|p2a: Milotic|0 fnt\n|faint|p2a: Milotic\n|\n|-heal|p1b: Lurantis|81\/100|[from] item: Leftovers\n|upkeep\n|turn|11\n|\n|t:|1697684690\n|move|p1b: Lurantis|Protect|p1b: Lurantis\n|-singleturn|p1b: Lurantis|Protect\n|move|p2b: Noivern|Acrobatics|p1b: Lurantis\n|-activate|p1b: Lurantis|move: Protect\n|move|p1a: Clefairy|Life Dew|p1a: Clefairy|[spread] p1a,p1b\n|-heal|p1a: Clefairy|61\/100\n|-heal|p1b: Lurantis|100\/100\n|\n|upkeep\n|turn|12\n|\n|t:|1697684703\n|move|p1a: Clefairy|Helping Hand|p1b: Lurantis\n|-singleturn|p1b: Lurantis|Helping Hand|[of] p1a: Clefairy\n|move|p2b: Noivern|Acrobatics|p1a: Clefairy\n|-damage|p1a: Clefairy|22\/100\n|move|p1b: Lurantis|Superpower|p2b: Noivern\n|-resisted|p2b: Noivern\n|-damage|p2b: Noivern|2\/100\n|-boost|p1b: Lurantis|atk|1\n|\n|-sideend|p2: But CB hfx|move: Tailwind\n|upkeep\n|turn|13\n|\n|t:|1697684717\n|move|p1a: Clefairy|Protect|p1a: Clefairy\n|-singleturn|p1a: Clefairy|Protect\n|move|p2b: Noivern|Dragon Dance|p2b: Noivern\n|-boost|p2b: Noivern|atk|1\n|-boost|p2b: Noivern|spe|1\n|move|p1b: Lurantis|Superpower|p2b: Noivern\n|-resisted|p2b: Noivern\n|-damage|p2b: Noivern|0 fnt\n|-boost|p1b: Lurantis|atk|1\n|faint|p2b: Noivern\n|\n|win|SXD2002\n|raw|SXD2002's rating: 1074 &rarr; <strong>1097<\/strong><br \/>(+23 for winning)\n|raw|But CB hfx's rating: 1000 &rarr; <strong>1000<\/strong><br \/>(+0 for losing)\n|c|\u2606SXD2002|gg\n|l|\u2606But CB hfx\n","uploadtime":1697684728,"views":17,"p1id":"sxd2002","p2id":"butcbhfx","formatid":"gen9doublesou","rating":1000,"private":0,"password":""}