{"id":"gen9doublesou-1993492373","p1":"SillyAvery","p2":"cotesmcgotes","format":"[Gen 9] Doubles OU","log":"|j|\u2606SillyAvery\n|j|\u2606cotesmcgotes\n|t:|1700324359\n|gametype|doubles\n|player|p1|SillyAvery|lady-gen4|1436\n|player|p2|cotesmcgotes|flannery|1344\n|teamsize|p1|6\n|teamsize|p2|6\n|gen|9\n|tier|[Gen 9] Doubles OU\n|rated|\n|rule|Species Clause: Limit one of each Pok\u00e9mon\n|rule|OHKO Clause: OHKO moves are banned\n|rule|Evasion Moves Clause: Evasion moves are banned\n|rule|Gravity Sleep Clause: The combination of sleep-inducing moves with imperfect accuracy and Gravity or Gigantamax Orbeetle are banned\n|rule|Endless Battle Clause: Forcing endless battles is banned\n|rule|HP Percentage Mod: HP is shown in percentages\n|clearpoke\n|poke|p1|Chi-Yu|\n|poke|p1|Kommo-o, M|\n|poke|p1|Tornadus, M|\n|poke|p1|Indeedee-F, F|\n|poke|p1|Iron Bundle|\n|poke|p1|Glimmora, F|\n|poke|p2|Cresselia, F|\n|poke|p2|Overqwil, F|\n|poke|p2|Tornadus, M|\n|poke|p2|Palafin, F|\n|poke|p2|Amoonguss, F|\n|poke|p2|Diancie|\n|teampreview\n|inactive|Battle timer is ON: inactive players will automatically lose when time's up. (requested by cotesmcgotes)\n|\n|t:|1700324377\n|start\n|switch|p1a: Tornadus|Tornadus, M|100\/100\n|switch|p1b: Indeedee|Indeedee-F, F|100\/100\n|switch|p2a: Tornadus|Tornadus, M, shiny|100\/100\n|switch|p2b: Palafin|Palafin, F|100\/100\n|-fieldstart|move: Psychic Terrain|[from] ability: Psychic Surge|[of] p1b: Indeedee\n|turn|1\n|\n|t:|1700324405\n|move|p1b: Indeedee|Follow Me|p1b: Indeedee\n|-singleturn|p1b: Indeedee|move: Follow Me\n|move|p1a: Tornadus|Taunt|p2a: Tornadus\n|-start|p2a: Tornadus|move: Taunt\n|cant|p2a: Tornadus|move: Taunt|Tailwind\n|move|p2b: Palafin|Flip Turn|p1b: Indeedee\n|-damage|p1b: Indeedee|78\/100\n|\n|t:|1700324418\n|detailschange|p2b: Palafin|Palafin-Hero, F\n|switch|p2b: Overqwil|Overqwil, F|100\/100|[from] Flip Turn\n|\n|upkeep\n|turn|2\n|\n|t:|1700324446\n|switch|p2a: Amoonguss|Amoonguss, F, shiny|100\/100\n|move|p1b: Indeedee|Helping Hand|p1a: Tornadus\n|-singleturn|p1a: Tornadus|Helping Hand|[of] p1b: Indeedee\n|move|p1a: Tornadus|Bleakwind Storm|p2b: Overqwil|[spread] p2a,p2b\n|-supereffective|p2a: Amoonguss\n|-damage|p2a: Amoonguss|0 fnt\n|-damage|p2b: Overqwil|10\/100\n|faint|p2a: Amoonguss\n|move|p2b: Overqwil|Crunch|p1b: Indeedee\n|-supereffective|p1b: Indeedee\n|-damage|p1b: Indeedee|0 fnt\n|faint|p1b: Indeedee\n|\n|-heal|p2b: Overqwil|17\/100|[from] item: Black Sludge\n|upkeep\n|\n|t:|1700324472\n|switch|p1b: Iron Bundle|Iron Bundle|100\/100\n|switch|p2a: Tornadus|Tornadus, M, shiny|100\/100\n|-enditem|p1b: Iron Bundle|Booster Energy\n|-activate|p1b: Iron Bundle|ability: Quark Drive|[fromitem]\n|-start|p1b: Iron Bundle|quarkdrivespe\n|turn|3\n|\n|t:|1700324496\n|move|p1a: Tornadus|Tailwind|p1a: Tornadus\n|-sidestart|p1: SillyAvery|move: Tailwind\n|move|p2a: Tornadus|Taunt|p1a: Tornadus\n|-start|p1a: Tornadus|move: Taunt\n|move|p1b: Iron Bundle|Freeze-Dry|p2b: Overqwil\n|-damage|p2b: Overqwil|0 fnt\n|faint|p2b: Overqwil\n|\n|upkeep\n|\n|t:|1700324515\n|switch|p2b: Diancie|Diancie, shiny|100\/100\n|turn|4\n|\n|t:|1700324537\n|switch|p1a: Kommo-o|Kommo-o, M|100\/100\n|-terastallize|p1b: Iron Bundle|Ground\n|-terastallize|p2b: Diancie|Fighting\n|move|p2a: Tornadus|Tailwind|p2a: Tornadus\n|-sidestart|p2: cotesmcgotes|move: Tailwind\n|move|p1b: Iron Bundle|Tera Blast|p2b: Diancie|[anim] Tera Blast Ground\n|-damage|p2b: Diancie|71\/100\n|move|p2b: Diancie|Diamond Storm|p1b: Iron Bundle|[spread] p1a,p1b\n|-resisted|p1a: Kommo-o\n|-resisted|p1b: Iron Bundle\n|-damage|p1a: Kommo-o|84\/100\n|-damage|p1b: Iron Bundle|80\/100\n|\n|upkeep\n|turn|5\n|inactive|cotesmcgotes has 120 seconds left.\n|inactive|SillyAvery has 120 seconds left.\n|inactive|cotesmcgotes has 90 seconds left.\n|\n|t:|1700324608\n|switch|p2a: Cresselia|Cresselia, F, shiny|100\/100\n|move|p1b: Iron Bundle|Freeze-Dry|p2a: Cresselia\n|-damage|p2a: Cresselia|76\/100\n|move|p1a: Kommo-o|Clanging Scales|p2a: Cresselia|[spread] p2a,p2b\n|-damage|p2a: Cresselia|51\/100\n|-damage|p2b: Diancie|43\/100\n|-unboost|p1a: Kommo-o|def|1\n|-enditem|p1a: Kommo-o|Throat Spray\n|-boost|p1a: Kommo-o|spa|1|[from] item: Throat Spray\n|move|p2b: Diancie|Play Rough|p1a: Kommo-o\n|-supereffective|p1a: Kommo-o\n|-damage|p1a: Kommo-o|0 fnt\n|faint|p1a: Kommo-o\n|\n|-heal|p2a: Cresselia|57\/100|[from] item: Leftovers\n|-fieldend|move: Psychic Terrain\n|upkeep\n|\n|t:|1700324627\n|switch|p1a: Chi-Yu|Chi-Yu|100\/100\n|-ability|p1a: Chi-Yu|Beads of Ruin\n|turn|6\n|inactive|SillyAvery has 120 seconds left.\n|\n|t:|1700324646\n|move|p1b: Iron Bundle|Freeze-Dry|p2a: Cresselia\n|-damage|p2a: Cresselia|29\/100\n|move|p1a: Chi-Yu|Heat Wave|p2b: Diancie|[spread] p2a,p2b\n|-damage|p2a: Cresselia|0 fnt\n|-damage|p2b: Diancie|0 fnt\n|faint|p2a: Cresselia\n|faint|p2b: Diancie\n|\n|-sideend|p1: SillyAvery|move: Tailwind\n|upkeep\n|\n|t:|1700324655\n|switch|p2a: Tornadus|Tornadus, M, shiny|100\/100\n|switch|p2b: Palafin|Palafin-Hero, F|100\/100\n|-activate|p2b: Palafin|ability: Zero to Hero\n|turn|7\n|inactive|SillyAvery has 120 seconds left.\n|\n|t:|1700324690\n|-end|p1b: Iron Bundle|Quark Drive|[silent]\n|switch|p1b: Glimmora|Glimmora, F|100\/100\n|switch|p1a: Tornadus|Tornadus, M|100\/100\n|move|p2b: Palafin|Jet Punch|p1b: Glimmora\n|-supereffective|p1b: Glimmora\n|-damage|p1b: Glimmora|16\/100\n|-activate|p1b: Glimmora|ability: Toxic Debris\n|-sidestart|p2: cotesmcgotes|move: Toxic Spikes\n|move|p2a: Tornadus|Rain Dance|p2a: Tornadus\n|-weather|RainDance\n|\n|-weather|RainDance|[upkeep]\n|-sideend|p2: cotesmcgotes|move: Tailwind\n|upkeep\n|turn|8\n|inactive|SillyAvery has 120 seconds left.\n|\n|t:|1700324716\n|move|p2b: Palafin|Jet Punch|p1b: Glimmora\n|-supereffective|p1b: Glimmora\n|-damage|p1b: Glimmora|0 fnt\n|-activate|p1b: Glimmora|ability: Toxic Debris\n|-sidestart|p2: cotesmcgotes|move: Toxic Spikes\n|faint|p1b: Glimmora\n|move|p1a: Tornadus|Bleakwind Storm|p2b: Palafin|[spread] p2a,p2b\n|-damage|p2a: Tornadus|72\/100\n|-damage|p2b: Palafin|74\/100\n|move|p2a: Tornadus|Bleakwind Storm|p1a: Tornadus\n|-damage|p1a: Tornadus|44\/100\n|-unboost|p1a: Tornadus|spe|1\n|\n|-weather|RainDance|[upkeep]\n|upkeep\n|\n|t:|1700324734\n|switch|p1b: Iron Bundle|Iron Bundle, tera:Ground|80\/100\n|turn|9\n|inactive|SillyAvery has 120 seconds left.\n|\n|t:|1700324754\n|move|p2b: Palafin|Jet Punch|p1b: Iron Bundle\n|-supereffective|p1b: Iron Bundle\n|-damage|p1b: Iron Bundle|0 fnt\n|faint|p1b: Iron Bundle\n|-end|p1b: Iron Bundle|Quark Drive|[silent]\n|move|p2a: Tornadus|Tailwind|p2a: Tornadus\n|-sidestart|p2: cotesmcgotes|move: Tailwind\n|move|p1a: Tornadus|Tailwind|p1a: Tornadus\n|-sidestart|p1: SillyAvery|move: Tailwind\n|\n|-weather|RainDance|[upkeep]\n|upkeep\n|\n|t:|1700324763\n|switch|p1b: Chi-Yu|Chi-Yu|100\/100\n|-ability|p1b: Chi-Yu|Beads of Ruin\n|turn|10\n|c|\u2606SillyAvery|gg\n|inactive|cotesmcgotes has 120 seconds left.\n|\n|t:|1700324800\n|move|p2b: Palafin|Jet Punch|p1b: Chi-Yu\n|-supereffective|p1b: Chi-Yu\n|-damage|p1b: Chi-Yu|0 fnt\n|faint|p1b: Chi-Yu\n|move|p2a: Tornadus|Bleakwind Storm|p1a: Tornadus\n|-damage|p1a: Tornadus|0 fnt\n|faint|p1a: Tornadus\n|\n|win|cotesmcgotes\n|raw|SillyAvery's rating: 1436 &rarr; <strong>1411<\/strong><br \/>(-25 for losing)\n|raw|cotesmcgotes's rating: 1344 &rarr; <strong>1369<\/strong><br \/>(+25 for winning)\n","uploadtime":1700324813,"views":7,"p1id":"sillyavery","p2id":"cotesmcgotes","formatid":"gen9doublesou","rating":1369,"private":0,"password":""}