{"id":"gen9doublesou-1974580565","p1":"Serum W","p2":"Boshigoat","format":"[Gen 9] Doubles OU","log":"|j|\u2606Serum W\n|j|\u2606Boshigoat\n|t:|1698099340\n|gametype|doubles\n|player|p1|Serum W|will|1468\n|player|p2|Boshigoat|170|1664\n|teamsize|p1|6\n|teamsize|p2|6\n|gen|9\n|tier|[Gen 9] Doubles OU\n|rated|\n|rule|Species Clause: Limit one of each Pok\u00e9mon\n|rule|OHKO Clause: OHKO moves are banned\n|rule|Evasion Moves Clause: Evasion moves are banned\n|rule|Gravity Sleep Clause: The combination of sleep-inducing moves with imperfect accuracy and Gravity or Gigantamax Orbeetle are banned\n|rule|Endless Battle Clause: Forcing endless battles is banned\n|rule|HP Percentage Mod: HP is shown in percentages\n|clearpoke\n|poke|p1|Ninetales-Alola, F|\n|poke|p1|Sandslash-Alola, F|\n|poke|p1|Flutter Mane|\n|poke|p1|Sinistcha-Masterpiece|\n|poke|p1|Amoonguss, F|\n|poke|p1|Iron Hands|\n|poke|p2|Ursaluna-Bloodmoon, M|\n|poke|p2|Sinistcha|\n|poke|p2|Conkeldurr, F|\n|poke|p2|Cresselia, F|\n|poke|p2|Diancie|\n|poke|p2|Kingambit, F|\n|teampreview\n|\n|t:|1698099375\n|start\n|switch|p1a: Ninetales|Ninetales-Alola, F|100\/100\n|switch|p1b: Iron Hands|Iron Hands|100\/100\n|switch|p2a: Conkeldurr|Conkeldurr, F|100\/100\n|switch|p2b: Diancie|Diancie|100\/100\n|-weather|Snow|[from] ability: Snow Warning|[of] p1a: Ninetales\n|turn|1\n|\n|t:|1698099390\n|move|p1b: Iron Hands|Fake Out|p2b: Diancie\n|-resisted|p2b: Diancie\n|-damage|p2b: Diancie|94\/100\n|move|p1a: Ninetales|Aurora Veil|p1a: Ninetales\n|-sidestart|p1: Serum W|move: Aurora Veil\n|move|p2a: Conkeldurr|Knock Off|p1b: Iron Hands\n|-resisted|p1b: Iron Hands\n|-damage|p1b: Iron Hands|91\/100\n|-enditem|p1b: Iron Hands|Assault Vest|[from] move: Knock Off|[of] p2a: Conkeldurr\n|cant|p2b: Diancie|flinch\n|\n|-weather|Snow|[upkeep]\n|-status|p2a: Conkeldurr|brn|[from] item: Flame Orb\n|upkeep\n|turn|2\n|\n|t:|1698099434\n|switch|p2a: Cresselia|Cresselia, F|100\/100\n|move|p2b: Diancie|Protect|p2b: Diancie\n|-singleturn|p2b: Diancie|Protect\n|move|p1a: Ninetales|Blizzard|p2a: Cresselia|[spread] p2a\n|-activate|p2b: Diancie|move: Protect\n|-damage|p2a: Cresselia|81\/100\n|move|p1b: Iron Hands|Close Combat|p2b: Diancie\n|-activate|p2b: Diancie|move: Protect\n|\n|-weather|Snow|[upkeep]\n|upkeep\n|turn|3\n|\n|t:|1698099449\n|move|p2a: Cresselia|Ally Switch|p2a: Cresselia\n|swap|p2a: Cresselia|1|[from] move: Ally Switch\n|move|p1a: Ninetales|Blizzard|p2b: Cresselia|[spread] p2a,p2b\n|-damage|p2a: Diancie|67\/100\n|-damage|p2b: Cresselia|62\/100\n|move|p1b: Iron Hands|Wild Charge|p2a: Diancie\n|-damage|p2a: Diancie|20\/100\n|-damage|p1b: Iron Hands|84\/100|[from] Recoil\n|move|p2a: Diancie|Trick Room|p2a: Diancie\n|-fieldstart|move: Trick Room|[of] p2a: Diancie\n|\n|-weather|Snow|[upkeep]\n|upkeep\n|turn|4\n|\n|t:|1698099463\n|-end|p1b: Iron Hands|Quark Drive|[silent]\n|switch|p1b: Sinistcha|Sinistcha-Masterpiece|100\/100\n|move|p2a: Diancie|Diamond Storm|p1a: Ninetales|[spread] p1a,p1b\n|-supereffective|p1a: Ninetales\n|-damage|p1a: Ninetales|62\/100\n|-damage|p1b: Sinistcha|82\/100\n|-boost|p2a: Diancie|def|2\n|move|p2b: Cresselia|Psychic|p1b: Sinistcha\n|-damage|p1b: Sinistcha|63\/100\n|move|p1a: Ninetales|Blizzard|p2a: Diancie|[spread] p2a,p2b\n|-crit|p2a: Diancie\n|-damage|p2a: Diancie|0 fnt\n|-damage|p2b: Cresselia|43\/100\n|faint|p2a: Diancie\n|\n|-weather|Snow|[upkeep]\n|upkeep\n|\n|t:|1698099485\n|switch|p2a: Conkeldurr|Conkeldurr, F|100\/100 brn\n|turn|5\n|\n|t:|1698099493\n|switch|p2b: Kingambit|Kingambit, F|100\/100\n|-activate|p2b: Kingambit|ability: Supreme Overlord\n|-start|p2b: Kingambit|fallen1|[silent]\n|switch|p1b: Iron Hands|Iron Hands|84\/100\n|move|p1a: Ninetales|Protect|p1a: Ninetales\n|-singleturn|p1a: Ninetales|Protect\n|move|p2a: Conkeldurr|Knock Off|p1b: Iron Hands\n|-resisted|p1b: Iron Hands\n|-damage|p1b: Iron Hands|74\/100\n|\n|-weather|none\n|-damage|p2a: Conkeldurr|94\/100 brn|[from] brn\n|-sideend|p1: Serum W|move: Aurora Veil\n|upkeep\n|turn|6\n|\n|t:|1698099513\n|switch|p1a: Sinistcha|Sinistcha-Masterpiece|63\/100\n|-heal|p1b: Iron Hands|99\/100|[from] ability: Hospitality|[of] p1a: Sinistcha\n|move|p2b: Kingambit|Protect|p2b: Kingambit\n|-singleturn|p2b: Kingambit|Protect\n|move|p1b: Iron Hands|Fake Out|p2a: Conkeldurr\n|-damage|p2a: Conkeldurr|80\/100 brn\n|cant|p2a: Conkeldurr|flinch\n|\n|-damage|p2a: Conkeldurr|74\/100 brn|[from] brn\n|upkeep\n|turn|7\n|\n|t:|1698099529\n|-end|p2b: Kingambit|fallen1|[silent]\n|switch|p2b: Cresselia|Cresselia, F|43\/100\n|move|p2a: Conkeldurr|Knock Off|p1a: Sinistcha\n|-supereffective|p1a: Sinistcha\n|-damage|p1a: Sinistcha|0 fnt\n|-enditem|p1a: Sinistcha|Aguav Berry|[from] move: Knock Off|[of] p2a: Conkeldurr\n|faint|p1a: Sinistcha\n|move|p1b: Iron Hands|Close Combat|p2b: Cresselia\n|-resisted|p2b: Cresselia\n|-damage|p2b: Cresselia|20\/100\n|-unboost|p1b: Iron Hands|def|1\n|-unboost|p1b: Iron Hands|spd|1\n|\n|-damage|p2a: Conkeldurr|68\/100 brn|[from] brn\n|-fieldend|move: Trick Room\n|upkeep\n|\n|t:|1698099535\n|switch|p1a: Ninetales|Ninetales-Alola, F|62\/100\n|-weather|Snow|[from] ability: Snow Warning|[of] p1a: Ninetales\n|turn|8\n|\n|t:|1698099563\n|move|p1a: Ninetales|Blizzard|p2a: Conkeldurr|[spread] p2a,p2b\n|-damage|p2a: Conkeldurr|26\/100 brn\n|-damage|p2b: Cresselia|3\/100\n|move|p1b: Iron Hands|Wild Charge|p2a: Conkeldurr\n|-damage|p2a: Conkeldurr|0 fnt\n|faint|p2a: Conkeldurr\n|-damage|p1b: Iron Hands|93\/100|[from] Recoil\n|move|p2b: Cresselia|Trick Room|p2b: Cresselia\n|-fieldstart|move: Trick Room|[of] p2b: Cresselia\n|\n|-weather|Snow|[upkeep]\n|upkeep\n|\n|t:|1698099575\n|switch|p2a: Ursaluna|Ursaluna-Bloodmoon, M|100\/100\n|turn|9\n|\n|t:|1698099581\n|-end|p1b: Iron Hands|Quark Drive|[silent]\n|switch|p1b: Amoonguss|Amoonguss, F|100\/100\n|switch|p2b: Kingambit|Kingambit, F|100\/100\n|-activate|p2b: Kingambit|ability: Supreme Overlord\n|-start|p2b: Kingambit|fallen2|[silent]\n|move|p2a: Ursaluna|Earth Power|p1b: Amoonguss\n|-damage|p1b: Amoonguss|54\/100\n|move|p1a: Ninetales|Aurora Veil|p1a: Ninetales\n|-sidestart|p1: Serum W|move: Aurora Veil\n|\n|-weather|Snow|[upkeep]\n|upkeep\n|turn|10\n|\n|t:|1698099628\n|move|p1b: Amoonguss|Spore|p2b: Kingambit\n|-status|p2b: Kingambit|slp|[from] move: Spore\n|move|p2a: Ursaluna|Blood Moon|p1b: Amoonguss\n|-damage|p1b: Amoonguss|1\/100\n|-enditem|p1b: Amoonguss|Sitrus Berry|[eat]\n|-heal|p1b: Amoonguss|26\/100|[from] item: Sitrus Berry\n|cant|p2b: Kingambit|slp\n|move|p1a: Ninetales|Blizzard|p2a: Ursaluna|[spread] p2a,p2b\n|-supereffective|p2a: Ursaluna\n|-resisted|p2b: Kingambit\n|-damage|p2a: Ursaluna|23\/100\n|-damage|p2b: Kingambit|85\/100 slp\n|\n|-weather|Snow|[upkeep]\n|upkeep\n|turn|11\n|\n|t:|1698099658\n|switch|p2a: Cresselia|Cresselia, F|3\/100\n|move|p1b: Amoonguss|Spore|p2a: Cresselia\n|-status|p2a: Cresselia|slp|[from] move: Spore\n|cant|p2b: Kingambit|slp\n|move|p1a: Ninetales|Blizzard|p2b: Kingambit|[spread] p2a,p2b\n|-resisted|p2b: Kingambit\n|-damage|p2a: Cresselia|0 fnt\n|-damage|p2b: Kingambit|67\/100 slp\n|faint|p2a: Cresselia\n|\n|-weather|Snow|[upkeep]\n|upkeep\n|\n|t:|1698099668\n|switch|p2a: Ursaluna|Ursaluna-Bloodmoon, M|23\/100\n|turn|12\n|\n|t:|1698099679\n|move|p2a: Ursaluna|Protect|p2a: Ursaluna\n|-singleturn|p2a: Ursaluna|Protect\n|move|p1b: Amoonguss|Pollen Puff|p1a: Ninetales\n|-heal|p1a: Ninetales|100\/100\n|-curestatus|p2b: Kingambit|slp|[msg]\n|move|p2b: Kingambit|Kowtow Cleave|p1b: Amoonguss\n|-damage|p1b: Amoonguss|0 fnt\n|faint|p1b: Amoonguss\n|move|p1a: Ninetales|Blizzard|p2a: Ursaluna|[spread] p2b\n|-activate|p2a: Ursaluna|move: Protect\n|-resisted|p2b: Kingambit\n|-damage|p2b: Kingambit|50\/100\n|\n|-weather|none\n|-fieldend|move: Trick Room\n|upkeep\n|\n|t:|1698099690\n|switch|p1b: Iron Hands|Iron Hands|93\/100\n|turn|13\n|\n|t:|1698099753\n|-end|p2b: Kingambit|fallen2|[silent]\n|switch|p2b: Sinistcha|Sinistcha|100\/100\n|move|p1a: Ninetales|Dazzling Gleam|p2a: Ursaluna|[spread] p2a,p2b\n|-damage|p2a: Ursaluna|0 fnt\n|-damage|p2b: Sinistcha|75\/100\n|faint|p2a: Ursaluna\n|move|p1b: Iron Hands|Ice Punch|p2b: Sinistcha\n|-supereffective|p2b: Sinistcha\n|-damage|p2b: Sinistcha|14\/100\n|\n|-sideend|p1: Serum W|move: Aurora Veil\n|upkeep\n|\n|t:|1698099759\n|switch|p2a: Kingambit|Kingambit, F|50\/100\n|-activate|p2a: Kingambit|ability: Supreme Overlord\n|-start|p2a: Kingambit|fallen4|[silent]\n|turn|14\n|\n|t:|1698099769\n|move|p2b: Sinistcha|Rage Powder|p2b: Sinistcha\n|-singleturn|p2b: Sinistcha|move: Rage Powder\n|move|p1a: Ninetales|Dazzling Gleam|p2a: Kingambit|[spread] p2a,p2b\n|-crit|p2a: Kingambit\n|-damage|p2a: Kingambit|20\/100\n|-damage|p2b: Sinistcha|0 fnt\n|faint|p2b: Sinistcha\n|move|p1b: Iron Hands|Close Combat|p2a: Kingambit\n|-supereffective|p2a: Kingambit\n|-damage|p2a: Kingambit|0 fnt\n|-unboost|p1b: Iron Hands|def|1\n|-unboost|p1b: Iron Hands|spd|1\n|faint|p2a: Kingambit\n|-end|p2a: Kingambit|fallen4|[silent]\n|\n|win|Serum W\n|raw|Serum W's rating: 1468 &rarr; <strong>1498<\/strong><br \/>(+30 for winning)\n|raw|Boshigoat's rating: 1664 &rarr; <strong>1634<\/strong><br \/>(-30 for losing)\n|l|\u2606Boshigoat\n","uploadtime":1698099801,"views":9,"p1id":"serumw","p2id":"boshigoat","formatid":"gen9doublesou","rating":1498,"private":0,"password":""}