{"id":"gen9doublesou-1992162960","p1":"Mr. Alola Tales","p2":"loomiiss","format":"[Gen 9] Doubles OU","log":"|j|\u2606Mr. Alola Tales\n|j|\u2606loomiiss\n|t:|1700160234\n|gametype|doubles\n|player|p1|Mr. Alola Tales|archer|1459\n|player|p2|loomiiss|elesa-masters2|1365\n|teamsize|p1|6\n|teamsize|p2|6\n|gen|9\n|tier|[Gen 9] Doubles OU\n|rated|\n|rule|Species Clause: Limit one of each Pok\u00e9mon\n|rule|OHKO Clause: OHKO moves are banned\n|rule|Evasion Moves Clause: Evasion moves are banned\n|rule|Gravity Sleep Clause: The combination of sleep-inducing moves with imperfect accuracy and Gravity or Gigantamax Orbeetle are banned\n|rule|Endless Battle Clause: Forcing endless battles is banned\n|rule|HP Percentage Mod: HP is shown in percentages\n|clearpoke\n|poke|p1|Dusclops, F|\n|poke|p1|Ursaluna-Bloodmoon, M|\n|poke|p1|Ogerpon-Cornerstone, F|\n|poke|p1|Chi-Yu|\n|poke|p1|Iron Hands|\n|poke|p1|Landorus-Therian, M|\n|poke|p2|Chien-Pao|\n|poke|p2|Iron Bundle|\n|poke|p2|Tornadus, M|\n|poke|p2|Great Tusk|\n|poke|p2|Sinistcha|\n|poke|p2|Flutter Mane|\n|teampreview\n|inactive|Battle timer is ON: inactive players will automatically lose when time's up. (requested by loomiiss)\n|\n|t:|1700160252\n|start\n|switch|p1a: Iron Hands|Iron Hands|100\/100\n|switch|p1b: Landorus|Landorus-Therian, M|100\/100\n|switch|p2a: Tornadus|Tornadus, M|100\/100\n|switch|p2b: Chien-Pao|Chien-Pao|100\/100\n|-ability|p1b: Landorus|Intimidate|boost\n|-unboost|p2a: Tornadus|atk|1\n|-unboost|p2b: Chien-Pao|atk|1\n|-ability|p2b: Chien-Pao|Sword of Ruin\n|turn|1\n|\n|t:|1700160263\n|-terastallize|p2b: Chien-Pao|Ghost\n|move|p1a: Iron Hands|Fake Out|p2b: Chien-Pao\n|-immune|p2b: Chien-Pao\n|move|p2a: Tornadus|Tailwind|p2a: Tornadus\n|-sidestart|p2: loomiiss|move: Tailwind\n|move|p2b: Chien-Pao|Ice Spinner|p1b: Landorus\n|-supereffective|p1b: Landorus\n|-damage|p1b: Landorus|0 fnt\n|faint|p1b: Landorus\n|-damage|p2b: Chien-Pao|91\/100|[from] item: Life Orb\n|\n|upkeep\n|\n|t:|1700160280\n|switch|p1b: Dusclops|Dusclops, F|100\/100\n|-item|p2a: Tornadus|Covert Cloak|[from] ability: Frisk|[of] p1b: Dusclops|[identify]\n|-item|p2b: Chien-Pao|Life Orb|[from] ability: Frisk|[of] p1b: Dusclops|[identify]\n|turn|2\n|\n|t:|1700160299\n|move|p2b: Chien-Pao|Sucker Punch||[still]\n|-fail|p2b: Chien-Pao\n|move|p2a: Tornadus|Taunt|p1b: Dusclops\n|-start|p1b: Dusclops|move: Taunt\n|move|p1a: Iron Hands|Volt Switch|p2a: Tornadus\n|-supereffective|p2a: Tornadus\n|-damage|p2a: Tornadus|64\/100\n|\n|t:|1700160308\n|-end|p1a: Iron Hands|Quark Drive|[silent]\n|switch|p1a: Ogerpon|Ogerpon-Cornerstone, F|100\/100|[from] Volt Switch\n|cant|p1b: Dusclops|move: Taunt|Trick Room\n|\n|upkeep\n|turn|3\n|\n|t:|1700160318\n|move|p1a: Ogerpon|Spiky Shield|p1a: Ogerpon\n|-singleturn|p1a: Ogerpon|move: Protect\n|move|p1b: Dusclops|Shadow Sneak|p2b: Chien-Pao\n|-supereffective|p2b: Chien-Pao\n|-damage|p2b: Chien-Pao|46\/100\n|move|p2b: Chien-Pao|Sacred Sword|p1a: Ogerpon\n|-activate|p1a: Ogerpon|move: Protect\n|-damage|p2b: Chien-Pao|34\/100|[from] Spiky Shield|[of] p1a: Ogerpon\n|move|p2a: Tornadus|Bleakwind Storm|p1a: Ogerpon|[spread] \n|-activate|p1a: Ogerpon|move: Protect\n|-miss|p2a: Tornadus|p1b: Dusclops\n|\n|upkeep\n|turn|4\n|\n|t:|1700160335\n|move|p1b: Dusclops|Shadow Sneak|p2b: Chien-Pao\n|-supereffective|p2b: Chien-Pao\n|-damage|p2b: Chien-Pao|0 fnt\n|faint|p2b: Chien-Pao\n|move|p2a: Tornadus|Bleakwind Storm|p1a: Ogerpon|[spread] p1a\n|-miss|p2a: Tornadus|p1b: Dusclops\n|-damage|p1a: Ogerpon|58\/100\n|move|p1a: Ogerpon|Ivy Cudgel|p2a: Tornadus|[anim] Ivy Cudgel Rock\n|-supereffective|p2a: Tornadus\n|-damage|p2a: Tornadus|0 fnt\n|faint|p2a: Tornadus\n|\n|-end|p1b: Dusclops|move: Taunt\n|-sideend|p2: loomiiss|move: Tailwind\n|upkeep\n|\n|t:|1700160345\n|switch|p2b: Flutter Mane|Flutter Mane|100\/100\n|switch|p2a: Great Tusk|Great Tusk|100\/100\n|-enditem|p2b: Flutter Mane|Booster Energy\n|-activate|p2b: Flutter Mane|ability: Protosynthesis|[fromitem]\n|-start|p2b: Flutter Mane|protosynthesisspe\n|turn|5\n|\n|t:|1700160368\n|switch|p1b: Iron Hands|Iron Hands|100\/100\n|move|p2b: Flutter Mane|Shadow Ball|p1b: Iron Hands\n|-crit|p1b: Iron Hands\n|-damage|p1b: Iron Hands|62\/100\n|move|p1a: Ogerpon|Horn Leech|p2a: Great Tusk\n|-supereffective|p2a: Great Tusk\n|-damage|p2a: Great Tusk|39\/100\n|-heal|p1a: Ogerpon|97\/100|[from] drain|[of] p2a: Great Tusk\n|move|p2a: Great Tusk|Brick Break|p1a: Ogerpon\n|-supereffective|p1a: Ogerpon\n|-damage|p1a: Ogerpon|0 fnt\n|faint|p1a: Ogerpon\n|-damage|p2a: Great Tusk|29\/100|[from] item: Life Orb\n|\n|upkeep\n|\n|t:|1700160383\n|switch|p1a: Chi-Yu|Chi-Yu|100\/100\n|-ability|p1a: Chi-Yu|Beads of Ruin\n|turn|6\n|inactive|loomiiss has 120 seconds left.\n|\n|t:|1700160423\n|-end|p2a: Great Tusk|Protosynthesis|[silent]\n|switch|p2a: Sinistcha|Sinistcha|100\/100\n|move|p2b: Flutter Mane|Dazzling Gleam|p1a: Chi-Yu|[spread] p1a,p1b\n|-supereffective|p1b: Iron Hands\n|-damage|p1a: Chi-Yu|63\/100\n|-damage|p1b: Iron Hands|8\/100\n|move|p1a: Chi-Yu|Snarl|p2b: Flutter Mane|[spread] p2a,p2b\n|-supereffective|p2a: Sinistcha\n|-damage|p2a: Sinistcha|36\/100\n|-damage|p2b: Flutter Mane|72\/100\n|-unboost|p2a: Sinistcha|spa|1\n|-unboost|p2b: Flutter Mane|spa|1\n|move|p1b: Iron Hands|Drain Punch|p2a: Sinistcha\n|-immune|p2a: Sinistcha\n|\n|-heal|p2a: Sinistcha|42\/100|[from] item: Leftovers\n|upkeep\n|turn|7\n|inactive|loomiiss has 120 seconds left.\n|\n|t:|1700160450\n|-end|p1b: Iron Hands|Quark Drive|[silent]\n|switch|p1b: Dusclops|Dusclops, F|100\/100\n|-item|p2a: Sinistcha|Leftovers|[from] ability: Frisk|[of] p1b: Dusclops|[identify]\n|move|p2b: Flutter Mane|Dazzling Gleam|p1b: Dusclops|[spread] p1a,p1b\n|-damage|p1a: Chi-Yu|38\/100\n|-damage|p1b: Dusclops|72\/100\n|move|p1a: Chi-Yu|Snarl|p2a: Sinistcha|[spread] p2a,p2b\n|-supereffective|p2a: Sinistcha\n|-damage|p2a: Sinistcha|0 fnt\n|-damage|p2b: Flutter Mane|41\/100\n|-unboost|p2b: Flutter Mane|spa|1\n|faint|p2a: Sinistcha\n|\n|upkeep\n|inactive|loomiiss has 120 seconds left.\n|\n|t:|1700160455\n|switch|p2a: Iron Bundle|Iron Bundle, shiny|100\/100\n|-enditem|p2a: Iron Bundle|Booster Energy\n|-activate|p2a: Iron Bundle|ability: Quark Drive|[fromitem]\n|-start|p2a: Iron Bundle|quarkdrivespe\n|turn|8\n|\n|t:|1700160485\n|move|p1a: Chi-Yu|Protect|p1a: Chi-Yu\n|-singleturn|p1a: Chi-Yu|Protect\n|move|p1b: Dusclops|Shadow Sneak|p2a: Iron Bundle\n|-damage|p2a: Iron Bundle|83\/100\n|move|p2a: Iron Bundle|Hydro Pump|p1a: Chi-Yu\n|-activate|p1a: Chi-Yu|move: Protect\n|move|p2b: Flutter Mane|Shadow Ball|p1b: Dusclops\n|-supereffective|p1b: Dusclops\n|-damage|p1b: Dusclops|13\/100\n|-unboost|p1b: Dusclops|spd|1\n|-enditem|p1b: Dusclops|Sitrus Berry|[eat]\n|-heal|p1b: Dusclops|38\/100|[from] item: Sitrus Berry\n|\n|upkeep\n|turn|9\n|\n|t:|1700160505\n|move|p2a: Iron Bundle|Hydro Pump|p1a: Chi-Yu\n|-supereffective|p1a: Chi-Yu\n|-damage|p1a: Chi-Yu|0 fnt\n|faint|p1a: Chi-Yu\n|move|p2b: Flutter Mane|Shadow Ball|p1b: Dusclops\n|-supereffective|p1b: Dusclops\n|-damage|p1b: Dusclops|0 fnt\n|faint|p1b: Dusclops\n|\n|upkeep\n|\n|t:|1700160514\n|switch|p1a: Iron Hands|Iron Hands|8\/100\n|switch|p1b: Ursaluna|Ursaluna-Bloodmoon, M|100\/100\n|turn|10\n|\n|t:|1700160536\n|-end|p2a: Iron Bundle|Quark Drive|[silent]\n|switch|p2a: Great Tusk|Great Tusk|29\/100\n|move|p1a: Iron Hands|Fake Out|p2a: Great Tusk\n|-damage|p2a: Great Tusk|17\/100\n|move|p2b: Flutter Mane|Dazzling Gleam|p1a: Iron Hands|[spread] p1a,p1b\n|-supereffective|p1a: Iron Hands\n|-damage|p1a: Iron Hands|0 fnt\n|-damage|p1b: Ursaluna|82\/100\n|faint|p1a: Iron Hands\n|-end|p1a: Iron Hands|Quark Drive|[silent]\n|move|p1b: Ursaluna|Hyper Voice|p2b: Flutter Mane|[spread] p2a,p2b\n|-damage|p2a: Great Tusk|0 fnt\n|-damage|p2b: Flutter Mane|0 fnt\n|faint|p2a: Great Tusk\n|-end|p2a: Great Tusk|Protosynthesis|[silent]\n|faint|p2b: Flutter Mane\n|-end|p2b: Flutter Mane|Protosynthesis|[silent]\n|-enditem|p1b: Ursaluna|Throat Spray\n|-boost|p1b: Ursaluna|spa|1|[from] item: Throat Spray\n|\n|upkeep\n|\n|t:|1700160543\n|switch|p2b: Iron Bundle|Iron Bundle, shiny|83\/100\n|turn|11\n|\n|t:|1700160554\n|-terastallize|p1b: Ursaluna|Ghost\n|move|p2b: Iron Bundle|Hydro Pump|p1b: Ursaluna\n|-damage|p1b: Ursaluna|21\/100\n|move|p1b: Ursaluna|Blood Moon|p2b: Iron Bundle\n|-damage|p2b: Iron Bundle|0 fnt\n|faint|p2b: Iron Bundle\n|-end|p2b: Iron Bundle|Quark Drive|[silent]\n|\n|win|Mr. Alola Tales\n|raw|Mr. Alola Tales's rating: 1459 &rarr; <strong>1474<\/strong><br \/>(+15 for winning)\n|raw|loomiiss's rating: 1365 &rarr; <strong>1350<\/strong><br \/>(-15 for losing)\n|l|\u2606loomiiss\n","uploadtime":1700160564,"views":6,"p1id":"mralolatales","p2id":"loomiiss","formatid":"gen9doublesou","rating":1350,"private":0,"password":""}