{"id":"gen9doublesou-1971553695","p1":"whatisdoublesou","p2":"karnotics","format":"[Gen 9] Doubles OU","log":"|j|\u2606whatisdoublesou\n|j|\u2606karnotics\n|t:|1697747865\n|gametype|doubles\n|player|p1|whatisdoublesou|266|1000\n|player|p2|karnotics|gambler|1000\n|teamsize|p1|6\n|teamsize|p2|4\n|gen|9\n|tier|[Gen 9] Doubles OU\n|rated|\n|rule|Species Clause: Limit one of each Pok\u00e9mon\n|rule|OHKO Clause: OHKO moves are banned\n|rule|Evasion Moves Clause: Evasion moves are banned\n|rule|Gravity Sleep Clause: The combination of sleep-inducing moves with imperfect accuracy and Gravity or Gigantamax Orbeetle are banned\n|rule|Endless Battle Clause: Forcing endless battles is banned\n|rule|HP Percentage Mod: HP is shown in percentages\n|clearpoke\n|poke|p1|Falinks|\n|poke|p1|Abomasnow, F|\n|poke|p1|Chimecho, F|\n|poke|p1|Mudsdale, M|\n|poke|p1|Maushold|\n|poke|p1|Chien-Pao|\n|poke|p2|Slaking, F|\n|poke|p2|Weezing-Galar, M|\n|poke|p2|Grimmsnarl, M|\n|poke|p2|Glimmora, M|\n|teampreview\n|c|\u2606karnotics|testing\n|\n|t:|1697747874\n|start\n|switch|p1a: Falinks|Falinks|100\/100\n|switch|p1b: Chien-Pao|Chien-Pao|100\/100\n|switch|p2a: Grimmsnarl|Grimmsnarl, M|100\/100\n|switch|p2b: Glimmora|Glimmora, M|100\/100\n|-ability|p1b: Chien-Pao|Sword of Ruin\n|turn|1\n|\n|t:|1697747886\n|move|p2a: Grimmsnarl|Reflect|p2a: Grimmsnarl\n|-sidestart|p2: karnotics|Reflect\n|move|p1b: Chien-Pao|Mean Look|p1a: Falinks\n|-activate|p1a: Falinks|trapped\n|move|p2b: Glimmora|Stealth Rock|p1b: Chien-Pao\n|-sidestart|p1: whatisdoublesou|move: Stealth Rock\n|move|p1a: Falinks|No Retreat|p1a: Falinks\n|-boost|p1a: Falinks|atk|1\n|-boost|p1a: Falinks|def|1\n|-boost|p1a: Falinks|spa|1\n|-boost|p1a: Falinks|spd|1\n|-boost|p1a: Falinks|spe|1\n|\n|upkeep\n|turn|2\n|\n|t:|1697747921\n|switch|p1b: Maushold|Maushold|100\/100\n|-damage|p1b: Maushold|88\/100|[from] Stealth Rock\n|move|p2a: Grimmsnarl|Parting Shot|p1b: Maushold\n|-unboost|p1b: Maushold|atk|1\n|-unboost|p1b: Maushold|spa|1\n|\n|t:|1697747929\n|switch|p2a: Weezing|Weezing-Galar, M|100\/100|[from] Parting Shot\n|-ability|p2a: Weezing|Neutralizing Gas\n|move|p1a: Falinks|No Retreat|p1a: Falinks\n|-boost|p1a: Falinks|atk|1\n|-boost|p1a: Falinks|def|1\n|-boost|p1a: Falinks|spa|1\n|-boost|p1a: Falinks|spd|1\n|-boost|p1a: Falinks|spe|1\n|-start|p1a: Falinks|move: No Retreat\n|move|p2b: Glimmora|Memento|p1a: Falinks\n|-unboost|p1a: Falinks|atk|2\n|-unboost|p1a: Falinks|spa|2\n|faint|p2b: Glimmora\n|\n|upkeep\n|\n|t:|1697747935\n|switch|p2b: Slaking|Slaking, F|100\/100\n|turn|3\n|\n|t:|1697747964\n|-terastallize|p2a: Weezing|Flying\n|move|p1a: Falinks|No Retreat||[still]\n|-fail|p1a: Falinks\n|move|p2b: Slaking|Earthquake|p1a: Falinks|[spread] p1a,p1b\n|-immune|p2a: Weezing\n|-damage|p1a: Falinks|81\/100\n|-damage|p1b: Maushold|48\/100\n|move|p1b: Maushold|Tidy Up|p1b: Maushold\n|-sideend|p1: whatisdoublesou|Stealth Rock\n|-activate|p1b: Maushold|move: Tidy Up\n|-boost|p1b: Maushold|atk|1\n|-boost|p1b: Maushold|spe|1\n|move|p2a: Weezing|Will-O-Wisp|p1a: Falinks\n|-status|p1a: Falinks|brn\n|\n|-damage|p1a: Falinks|75\/100 brn|[from] brn\n|upkeep\n|turn|4\n|\n|t:|1697748005\n|move|p2a: Weezing|Protect|p2a: Weezing\n|-singleturn|p2a: Weezing|Protect\n|move|p1a: Falinks|Close Combat|p2b: Slaking\n|-supereffective|p2b: Slaking\n|-damage|p2b: Slaking|63\/100\n|-unboost|p1a: Falinks|def|1\n|-unboost|p1a: Falinks|spd|1\n|-damage|p1a: Falinks|65\/100 brn|[from] item: Life Orb\n|move|p1b: Maushold|Encore|p2a: Weezing\n|-activate|p2a: Weezing|move: Protect\n|move|p2b: Slaking|Earthquake|p1a: Falinks|[spread] p1a,p1b\n|-activate|p2a: Weezing|move: Protect\n|-damage|p1a: Falinks|39\/100 brn\n|-damage|p1b: Maushold|6\/100\n|\n|-damage|p1a: Falinks|33\/100 brn|[from] brn\n|upkeep\n|turn|5\n|\n|t:|1697748030\n|switch|p1b: Chimecho|Chimecho, F|100\/100\n|move|p1a: Falinks|Close Combat|p2b: Slaking\n|-supereffective|p2b: Slaking\n|-damage|p2b: Slaking|27\/100\n|-unboost|p1a: Falinks|def|1\n|-unboost|p1a: Falinks|spd|1\n|-damage|p1a: Falinks|23\/100 brn|[from] item: Life Orb\n|move|p2b: Slaking|Drain Punch|p1a: Falinks\n|-damage|p1a: Falinks|0 fnt\n|-heal|p2b: Slaking|34\/100|[from] drain|[of] p1a: Falinks\n|faint|p1a: Falinks\n|move|p2a: Weezing|Will-O-Wisp|p1b: Chimecho\n|-status|p1b: Chimecho|brn\n|\n|-damage|p1b: Chimecho|94\/100 brn|[from] brn\n|upkeep\n|\n|t:|1697748048\n|switch|p1a: Abomasnow|Abomasnow, F|100\/100\n|turn|6\n|\n|t:|1697748061\n|move|p2b: Slaking|Drain Punch|p1a: Abomasnow\n|-supereffective|p1a: Abomasnow\n|-damage|p1a: Abomasnow|32\/100\n|-heal|p2b: Slaking|64\/100|[from] drain|[of] p1a: Abomasnow\n|move|p1b: Chimecho|Heal Bell|p1b: Chimecho\n|-activate|p1b: Chimecho|move: Heal Bell\n|-curestatus|p1b: Chimecho|brn|[msg]\n|move|p1a: Abomasnow|Blizzard|p2b: Slaking|[spread] \n|-miss|p1a: Abomasnow|p2a: Weezing\n|-miss|p1a: Abomasnow|p2b: Slaking\n|move|p2a: Weezing|Aromatic Mist|p2b: Slaking\n|-boost|p2b: Slaking|spd|1\n|\n|-heal|p1b: Chimecho|100\/100|[from] item: Leftovers\n|upkeep\n|turn|7\n|\n|t:|1697748075\n|move|p2b: Slaking|Drain Punch|p1a: Abomasnow\n|-supereffective|p1a: Abomasnow\n|-damage|p1a: Abomasnow|0 fnt\n|-heal|p2b: Slaking|78\/100|[from] drain|[of] p1a: Abomasnow\n|faint|p1a: Abomasnow\n|move|p1b: Chimecho|Thunder Wave|p2b: Slaking\n|-status|p2b: Slaking|par\n|move|p2a: Weezing|Aromatic Mist|p2b: Slaking\n|-boost|p2b: Slaking|spd|1\n|\n|upkeep\n|\n|t:|1697748079\n|switch|p1a: Chien-Pao|Chien-Pao|100\/100\n|turn|8\n|\n|t:|1697748090\n|move|p2a: Weezing|Protect|p2a: Weezing\n|-singleturn|p2a: Weezing|Protect\n|move|p1a: Chien-Pao|Sacred Sword|p2b: Slaking\n|-supereffective|p2b: Slaking\n|-damage|p2b: Slaking|39\/100 par\n|-damage|p1a: Chien-Pao|91\/100|[from] item: Life Orb\n|move|p1b: Chimecho|Thunder Wave|p2a: Weezing\n|-activate|p2a: Weezing|move: Protect\n|move|p2b: Slaking|Drain Punch|p1a: Chien-Pao\n|-supereffective|p1a: Chien-Pao\n|-damage|p1a: Chien-Pao|0 fnt\n|-heal|p2b: Slaking|70\/100 par|[from] drain|[of] p1a: Chien-Pao\n|faint|p1a: Chien-Pao\n|\n|-sideend|p2: karnotics|Reflect\n|upkeep\n|\n|t:|1697748098\n|switch|p1a: Mudsdale|Mudsdale, M|100\/100\n|turn|9\n|\n|t:|1697748114\n|move|p1b: Chimecho|Heal Pulse|p1a: Mudsdale\n|-fail|p1a: Mudsdale|heal\n|move|p2b: Slaking|Throat Chop|p1b: Chimecho\n|-supereffective|p1b: Chimecho\n|-damage|p1b: Chimecho|24\/100\n|-start|p1b: Chimecho|Throat Chop|[silent]\n|move|p2a: Weezing|Will-O-Wisp|p1a: Mudsdale\n|-status|p1a: Mudsdale|brn\n|move|p1a: Mudsdale|Body Press|p2b: Slaking\n|-supereffective|p2b: Slaking\n|-damage|p2b: Slaking|48\/100 par\n|\n|-heal|p1b: Chimecho|30\/100|[from] item: Leftovers\n|-damage|p1a: Mudsdale|94\/100 brn|[from] brn\n|upkeep\n|turn|10\n|\n|t:|1697748149\n|switch|p1b: Maushold|Maushold|6\/100\n|move|p2b: Slaking|Drain Punch|p1a: Mudsdale\n|-damage|p1a: Mudsdale|75\/100 brn\n|-heal|p2b: Slaking|57\/100 par|[from] drain|[of] p1a: Mudsdale\n|move|p2a: Weezing|Strange Steam|p1a: Mudsdale\n|-damage|p1a: Mudsdale|51\/100 brn\n|move|p1a: Mudsdale|Body Press|p2b: Slaking\n|-supereffective|p2b: Slaking\n|-damage|p2b: Slaking|38\/100 par\n|\n|-heal|p1a: Mudsdale|57\/100 brn|[from] item: Leftovers\n|-damage|p1a: Mudsdale|51\/100 brn|[from] brn\n|upkeep\n|turn|11\n|\n|t:|1697748170\n|move|p1b: Maushold|Population Bomb|p1a: Mudsdale\n|-damage|p1a: Mudsdale|47\/100 brn\n|-damage|p1a: Mudsdale|43\/100 brn\n|-crit|p1a: Mudsdale\n|-damage|p1a: Mudsdale|38\/100 brn\n|-damage|p1a: Mudsdale|35\/100 brn\n|-damage|p1a: Mudsdale|32\/100 brn\n|-damage|p1a: Mudsdale|28\/100 brn\n|-damage|p1a: Mudsdale|24\/100 brn\n|-damage|p1a: Mudsdale|21\/100 brn\n|-crit|p1a: Mudsdale\n|-damage|p1a: Mudsdale|15\/100 brn\n|-damage|p1a: Mudsdale|12\/100 brn\n|-hitcount|p1a: Mudsdale|10\n|cant|p2b: Slaking|par\n|move|p2a: Weezing|Strange Steam|p1a: Mudsdale\n|-damage|p1a: Mudsdale|0 fnt\n|faint|p1a: Mudsdale\n|\n|upkeep\n|-message|whatisdoublesou forfeited.\n|\n|win|karnotics\n|raw|whatisdoublesou's rating: 1000 &rarr; <strong>1000<\/strong><br \/>(+0 for losing)\n|raw|karnotics's rating: 1000 &rarr; <strong>1040<\/strong><br \/>(+40 for winning)\n|l|\u2606whatisdoublesou\n","uploadtime":1697748181,"views":10,"p1id":"whatisdoublesou","p2id":"karnotics","formatid":"gen9doublesou","rating":1000,"private":0,"password":""}