{"id":"gen9doublesou-1972669655","p1":"transgenderboobs","p2":"Nesugosu","format":"[Gen 9] Doubles OU","log":"|j|\u2606transgenderboobs\n|j|\u2606Nesugosu\n|t:|1697874376\n|gametype|doubles\n|player|p1|transgenderboobs|idol|1335\n|player|p2|Nesugosu|pokemonbreeder-gen4|1244\n|teamsize|p1|6\n|teamsize|p2|6\n|gen|9\n|tier|[Gen 9] Doubles OU\n|rated|\n|rule|Species Clause: Limit one of each Pok\u00e9mon\n|rule|OHKO Clause: OHKO moves are banned\n|rule|Evasion Moves Clause: Evasion moves are banned\n|rule|Gravity Sleep Clause: The combination of sleep-inducing moves with imperfect accuracy and Gravity or Gigantamax Orbeetle are banned\n|rule|Endless Battle Clause: Forcing endless battles is banned\n|rule|HP Percentage Mod: HP is shown in percentages\n|clearpoke\n|poke|p1|Landorus-Therian, M|\n|poke|p1|Chi-Yu|\n|poke|p1|Flutter Mane|\n|poke|p1|Tornadus, M|\n|poke|p1|Diancie|\n|poke|p1|Ogerpon-Hearthflame, F|\n|poke|p2|Drifblim, M|\n|poke|p2|Sableye, F|\n|poke|p2|Sinistcha-Masterpiece|\n|poke|p2|Great Tusk|\n|poke|p2|Hydreigon, M|\n|poke|p2|Skeledirge, M|\n|teampreview\n|inactive|Battle timer is ON: inactive players will automatically lose when time's up. (requested by transgenderboobs)\n|\n|t:|1697874383\n|start\n|switch|p1a: Gaslight|Tornadus, M|100\/100\n|switch|p1b: Gatekeep|Landorus-Therian, M|100\/100\n|switch|p2a: Drifblim|Drifblim, M|100\/100\n|switch|p2b: Sableye|Sableye, F|100\/100\n|-ability|p1b: Gatekeep|Intimidate|boost\n|-unboost|p2a: Drifblim|atk|1\n|-unboost|p2b: Sableye|atk|1\n|turn|1\n|inactive|Nesugosu has 120 seconds left.\n|c|\u2606Nesugosu|Who's girl boss? Lol\n|\n|t:|1697874431\n|move|p1a: Gaslight|Tailwind|p1a: Gaslight\n|-sidestart|p1: transgenderboobs|move: Tailwind\n|move|p2b: Sableye|Will-O-Wisp|p2a: Drifblim\n|-status|p2a: Drifblim|brn\n|move|p1b: Gatekeep|Rock Slide|p2b: Sableye|[spread] p2a,p2b\n|-supereffective|p2a: Drifblim\n|-damage|p2a: Drifblim|15\/100 brn\n|-damage|p2b: Sableye|57\/100\n|-damage|p1b: Gatekeep|91\/100|[from] item: Life Orb\n|cant|p2a: Drifblim|flinch\n|\n|-damage|p2a: Drifblim|9\/100 brn|[from] brn\n|upkeep\n|turn|2\n|inactive|Nesugosu has 120 seconds left.\n|\n|t:|1697874452\n|move|p2b: Sableye|Quash|p1b: Gatekeep\n|-activate|p1b: Gatekeep|move: Quash\n|move|p1a: Gaslight|Bleakwind Storm|p2a: Drifblim|[spread] p2a,p2b\n|-damage|p2a: Drifblim|0 fnt\n|-damage|p2b: Sableye|21\/100\n|faint|p2a: Drifblim\n|move|p1b: Gatekeep|Rock Slide|p2b: Sableye\n|-damage|p2b: Sableye|0 fnt\n|faint|p2b: Sableye\n|-damage|p1b: Gatekeep|81\/100|[from] item: Life Orb\n|\n|upkeep\n|inactive|Nesugosu has 90 seconds left.\n|c|\u2606Nesugosu|Tasty hax when trying a wonky team. Yay!\n|\n|t:|1697874500\n|switch|p2a: Sinistcha|Sinistcha-Masterpiece|100\/100\n|switch|p2b: Hydreigon|Hydreigon, M|100\/100\n|turn|3\n|inactive|Nesugosu has 90 seconds left.\n|\n|t:|1697874514\n|move|p1a: Gaslight|Bleakwind Storm|p2a: Sinistcha|[spread] p2a,p2b\n|-supereffective|p2a: Sinistcha\n|-damage|p2a: Sinistcha|17\/100\n|-damage|p2b: Hydreigon|59\/100\n|-unboost|p2b: Hydreigon|spe|1\n|move|p1b: Gatekeep|U-turn|p2b: Hydreigon\n|-supereffective|p2b: Hydreigon\n|-damage|p2b: Hydreigon|0 fnt\n|faint|p2b: Hydreigon\n|-damage|p1b: Gatekeep|71\/100|[from] item: Life Orb\n|\n|t:|1697874523\n|switch|p1b: Pixie Girlboss|Flutter Mane|100\/100|[from] U-turn\n|-enditem|p1b: Pixie Girlboss|Booster Energy\n|-activate|p1b: Pixie Girlboss|ability: Protosynthesis|[fromitem]\n|-start|p1b: Pixie Girlboss|protosynthesisspa\n|move|p2a: Sinistcha|Scald|p1b: Pixie Girlboss\n|-damage|p1b: Pixie Girlboss|72\/100\n|\n|-heal|p2a: Sinistcha|23\/100|[from] item: Leftovers\n|upkeep\n|inactive|Nesugosu has 90 seconds left.\n|c|\u2606Nesugosu|GIRL BOSS!!!!\n|c|\u2606Nesugosu|I can die in peace now :)\n|inactive|Nesugosu has 60 seconds left.\n|\n|t:|1697874565\n|switch|p2b: Skeledirge|Skeledirge, M|100\/100\n|turn|4\n|\n|t:|1697874582\n|switch|p1a: They\/Themboss|Chi-Yu|100\/100\n|-ability|p1a: They\/Themboss|Beads of Ruin\n|switch|p2a: Great Tusk|Great Tusk|100\/100\n|-enditem|p2a: Great Tusk|Booster Energy\n|-activate|p2a: Great Tusk|ability: Protosynthesis|[fromitem]\n|-start|p2a: Great Tusk|protosynthesisatk\n|-terastallize|p2b: Skeledirge|Fairy\n|move|p1b: Pixie Girlboss|Shadow Ball|p2b: Skeledirge\n|-damage|p2b: Skeledirge|8\/100\n|-enditem|p2b: Skeledirge|Aguav Berry|[eat]\n|-heal|p2b: Skeledirge|42\/100|[from] item: Aguav Berry\n|move|p2b: Skeledirge|Torch Song|p1b: Pixie Girlboss\n|-damage|p1b: Pixie Girlboss|29\/100\n|-boost|p2b: Skeledirge|spa|1\n|\n|-sideend|p1: transgenderboobs|move: Tailwind\n|upkeep\n|turn|5\n|inactive|Nesugosu has 60 seconds left.\n|inactive|Nesugosu has 30 seconds left.\n|inactive|Nesugosu has 20 seconds left.\n|c|\u2606Nesugosu|I need to know the names of the other two now... too bad I'll lose before seeing them\n|inactive|Nesugosu has 15 seconds left.\n|inactive|transgenderboobs has 120 seconds left.\n|inactive|Nesugosu has 10 seconds left.\n|\n|t:|1697874663\n|-end|p1b: Pixie Girlboss|Protosynthesis|[silent]\n|switch|p1b: Certified Girlboss|Ogerpon-Hearthflame, F|100\/100\n|-ability|p1b: Certified Girlboss|Mold Breaker\n|switch|p1a: Resident Girlboss|Diancie|100\/100\n|move|p2a: Great Tusk|Rapid Spin|p1a: Resident Girlboss\n|-resisted|p1a: Resident Girlboss\n|-crit|p1a: Resident Girlboss\n|-damage|p1a: Resident Girlboss|87\/100\n|-boost|p2a: Great Tusk|spe|1\n|move|p2b: Skeledirge|Torch Song|p1b: Certified Girlboss\n|-damage|p1b: Certified Girlboss|44\/100\n|-boost|p2b: Skeledirge|spa|1\n|\n|upkeep\n|turn|6\n|inactive|Nesugosu has 30 seconds left.\n|inactive|Nesugosu has 20 seconds left.\n|c|\u2606Nesugosu|THABK YOU\n|inactive|Nesugosu has 15 seconds left.\n|\n|t:|1697874687\n|move|p2a: Great Tusk|Earth Power|p1a: Resident Girlboss\n|-supereffective|p1a: Resident Girlboss\n|-damage|p1a: Resident Girlboss|46\/100\n|-enditem|p1a: Resident Girlboss|Weakness Policy\n|-boost|p1a: Resident Girlboss|atk|2|[from] item: Weakness Policy\n|-boost|p1a: Resident Girlboss|spa|2|[from] item: Weakness Policy\n|move|p1b: Certified Girlboss|Horn Leech|p2a: Great Tusk\n|-supereffective|p2a: Great Tusk\n|-damage|p2a: Great Tusk|30\/100\n|-heal|p1b: Certified Girlboss|88\/100|[from] drain|[of] p2a: Great Tusk\n|move|p2b: Skeledirge|Slack Off|p2b: Skeledirge\n|-heal|p2b: Skeledirge|92\/100\n|move|p1a: Resident Girlboss|Diamond Storm|p2b: Skeledirge|[spread] p2a,p2b\n|-resisted|p2a: Great Tusk\n|-damage|p2a: Great Tusk|17\/100\n|-damage|p2b: Skeledirge|69\/100\n|-boost|p1a: Resident Girlboss|def|2\n|\n|upkeep\n|turn|7\n|inactive|Nesugosu has 30 seconds left.\n|inactive|Nesugosu has 20 seconds left.\n|\n|t:|1697874711\n|move|p2a: Great Tusk|Earth Power|p1a: Resident Girlboss\n|-supereffective|p1a: Resident Girlboss\n|-damage|p1a: Resident Girlboss|8\/100\n|move|p1b: Certified Girlboss|Horn Leech|p2a: Great Tusk\n|-supereffective|p2a: Great Tusk\n|-damage|p2a: Great Tusk|0 fnt\n|-heal|p1b: Certified Girlboss|98\/100|[from] drain|[of] p2a: Great Tusk\n|faint|p2a: Great Tusk\n|-end|p2a: Great Tusk|Protosynthesis|[silent]\n|move|p2b: Skeledirge|Shadow Ball|p1b: Certified Girlboss\n|-damage|p1b: Certified Girlboss|33\/100\n|move|p1a: Resident Girlboss|Diamond Storm|p2b: Skeledirge\n|-damage|p2b: Skeledirge|43\/100\n|-boost|p1a: Resident Girlboss|def|2\n|\n|upkeep\n|inactive|Nesugosu has 25 seconds left this turn.\n|inactive|Nesugosu has 20 seconds left.\n|inactive|Nesugosu has 15 seconds left.\n|inactive|Nesugosu has 10 seconds left.\n|\n|t:|1697874728\n|switch|p2a: Sinistcha|Sinistcha-Masterpiece|23\/100\n|-heal|p2b: Skeledirge|67\/100|[from] ability: Hospitality|[of] p2a: Sinistcha\n|turn|8\n|inactive|Nesugosu has 30 seconds left.\n|\n|t:|1697874736\n|move|p1b: Certified Girlboss|Ivy Cudgel|p2a: Sinistcha\n|-supereffective|p2a: Sinistcha\n|-damage|p2a: Sinistcha|0 fnt\n|faint|p2a: Sinistcha\n|move|p2b: Skeledirge|Torch Song|p1a: Resident Girlboss\n|-resisted|p1a: Resident Girlboss\n|-damage|p1a: Resident Girlboss|0 fnt\n|-boost|p2b: Skeledirge|spa|1\n|faint|p1a: Resident Girlboss\n|\n|upkeep\n|\n|t:|1697874749\n|switch|p1a: Pixie Girlboss|Flutter Mane|29\/100\n|turn|9\n|\n|t:|1697874756\n|move|p1a: Pixie Girlboss|Shadow Ball|p2b: Skeledirge\n|-damage|p2b: Skeledirge|13\/100\n|-unboost|p2b: Skeledirge|spd|1\n|move|p1b: Certified Girlboss|Ivy Cudgel|p2b: Skeledirge\n|-damage|p2b: Skeledirge|0 fnt\n|faint|p2b: Skeledirge\n|\n|win|transgenderboobs\n|raw|transgenderboobs's rating: 1335 &rarr; <strong>1350<\/strong><br \/>(+15 for winning)\n|raw|Nesugosu's rating: 1244 &rarr; <strong>1225<\/strong><br \/>(-19 for losing)\n","uploadtime":1697874777,"views":14,"p1id":"transgenderboobs","p2id":"nesugosu","formatid":"gen9doublesou","rating":1225,"private":0,"password":""}