{"id":"gen9doublesou-1990872527","p1":"berlitz_platinum","p2":"je1124","format":"[Gen 9] Doubles OU","log":"|j|\u2606berlitz_platinum\n|j|\u2606je1124\n|t:|1700009888\n|gametype|doubles\n|player|p1|berlitz_platinum|dahlia|1041\n|player|p2|je1124|blackbelt-gen4dp|1045\n|teamsize|p1|6\n|teamsize|p2|5\n|gen|9\n|tier|[Gen 9] Doubles OU\n|rated|\n|rule|Species Clause: Limit one of each Pok\u00e9mon\n|rule|OHKO Clause: OHKO moves are banned\n|rule|Evasion Moves Clause: Evasion moves are banned\n|rule|Gravity Sleep Clause: The combination of sleep-inducing moves with imperfect accuracy and Gravity or Gigantamax Orbeetle are banned\n|rule|Endless Battle Clause: Forcing endless battles is banned\n|rule|HP Percentage Mod: HP is shown in percentages\n|clearpoke\n|poke|p1|Medicham, F|\n|poke|p1|Camerupt, M|\n|poke|p1|Mightyena, F|\n|poke|p1|Hariyama, F|\n|poke|p1|Ariados, M|\n|poke|p1|Lurantis, M|\n|poke|p2|Blissey, F|\n|poke|p2|Jirachi|\n|poke|p2|Passimian, M|\n|poke|p2|Sinistcha-Masterpiece|\n|poke|p2|Murkrow, F|\n|teampreview\n|\n|t:|1700009926\n|start\n|switch|p1a: Lurantis|Lurantis, M|100\/100\n|switch|p1b: Ariados|Ariados, M|100\/100\n|switch|p2a: Jirachi|Jirachi|100\/100\n|switch|p2b: Passimian|Passimian, M|100\/100\n|turn|1\n|inactive|Battle timer is ON: inactive players will automatically lose when time's up. (requested by berlitz_platinum)\n|\n|t:|1700009942\n|move|p2a: Jirachi|Healing Wish|p2a: Jirachi\n|faint|p2a: Jirachi\n|-ability|p2b: Passimian|Serene Grace|[from] ability: Receiver|[of] p2a: Jirachi\n|move|p2b: Passimian|Rock Slide|p1b: Ariados|[spread] p1a,p1b\n|-supereffective|p1b: Ariados\n|-damage|p1a: Lurantis|74\/100\n|-damage|p1b: Ariados|36\/100\n|cant|p1a: Lurantis|flinch\n|cant|p1b: Ariados|flinch\n|\n|upkeep\n|\n|t:|1700009952\n|switch|p2a: Murkrow|Murkrow, F|100\/100\n|turn|2\n|\n|t:|1700009964\n|move|p2a: Murkrow|Tailwind|p2a: Murkrow\n|-sidestart|p2: je1124|move: Tailwind\n|move|p2b: Passimian|Rock Slide|p1b: Ariados|[spread] p1a,p1b\n|-supereffective|p1b: Ariados\n|-crit|p1b: Ariados\n|-damage|p1a: Lurantis|51\/100\n|-damage|p1b: Ariados|0 fnt\n|faint|p1b: Ariados\n|cant|p1a: Lurantis|flinch\n|\n|upkeep\n|\n|t:|1700009975\n|switch|p1b: Medicham|Medicham, F|100\/100\n|turn|3\n|\n|t:|1700009982\n|switch|p2a: Blissey|Blissey, F|100\/100\n|move|p2b: Passimian|Rock Slide|p1a: Lurantis|[spread] p1a\n|-miss|p2b: Passimian|p1b: Medicham\n|-damage|p1a: Lurantis|27\/100\n|move|p1b: Medicham|Skill Swap|p2b: Passimian\n|-activate|p1b: Medicham|move: Skill Swap|Serene Grace|Pure Power|[of] p2b: Passimian\n|cant|p1a: Lurantis|flinch\n|\n|upkeep\n|turn|4\n|\n|t:|1700009998\n|move|p2b: Passimian|Rock Slide|p1a: Lurantis|[spread] p1a,p1b\n|-crit|p1a: Lurantis\n|-resisted|p1b: Medicham\n|-damage|p1a: Lurantis|0 fnt\n|-damage|p1b: Medicham|69\/100\n|faint|p1a: Lurantis\n|move|p2a: Blissey|Rock Slide|p1b: Medicham\n|-resisted|p1b: Medicham\n|-damage|p1b: Medicham|62\/100\n|cant|p1b: Medicham|flinch\n|\n|upkeep\n|\n|t:|1700010012\n|switch|p1a: Hariyama|Hariyama, F|100\/100\n|turn|5\n|\n|t:|1700010022\n|move|p2b: Passimian|Rock Slide|p1a: Hariyama|[spread] p1a,p1b\n|-resisted|p1a: Hariyama\n|-resisted|p1b: Medicham\n|-damage|p1a: Hariyama|85\/100\n|-damage|p1b: Medicham|31\/100\n|move|p2a: Blissey|Rock Slide|p1b: Medicham|[spread] p1a\n|-miss|p2a: Blissey|p1b: Medicham\n|-resisted|p1a: Hariyama\n|-damage|p1a: Hariyama|83\/100\n|cant|p1b: Medicham|flinch\n|cant|p1a: Hariyama|flinch\n|\n|-sideend|p2: je1124|move: Tailwind\n|upkeep\n|turn|6\n|\n|t:|1700010036\n|move|p2b: Passimian|Rock Slide|p1a: Hariyama|[spread] p1a,p1b\n|-resisted|p1a: Hariyama\n|-resisted|p1b: Medicham\n|-damage|p1a: Hariyama|68\/100\n|-damage|p1b: Medicham|2\/100\n|move|p2a: Blissey|Rock Slide|p1b: Medicham|[spread] p1a,p1b\n|-resisted|p1a: Hariyama\n|-resisted|p1b: Medicham\n|-damage|p1a: Hariyama|65\/100\n|-damage|p1b: Medicham|0 fnt\n|faint|p1b: Medicham\n|move|p1a: Hariyama|Focus Energy|p1a: Hariyama\n|-start|p1a: Hariyama|move: Focus Energy\n|\n|upkeep\n|\n|t:|1700010052\n|switch|p1b: Camerupt|Camerupt, M|100\/100\n|turn|7\n|\n|t:|1700010065\n|switch|p2b: Murkrow|Murkrow, F|100\/100\n|move|p2a: Blissey|Rock Slide|p1a: Hariyama|[spread] p1a,p1b\n|-resisted|p1a: Hariyama\n|-crit|p1a: Hariyama\n|-damage|p1a: Hariyama|61\/100\n|-damage|p1b: Camerupt|90\/100\n|cant|p1a: Hariyama|flinch\n|cant|p1b: Camerupt|flinch\n|\n|upkeep\n|turn|8\n|-message|berlitz_platinum forfeited.\n|\n|win|je1124\n|raw|berlitz_platinum's rating: 1041 &rarr; <strong>1025<\/strong><br \/>(-16 for losing)\n|raw|je1124's rating: 1045 &rarr; <strong>1078<\/strong><br \/>(+33 for winning)\n|l|\u2606berlitz_platinum\n","uploadtime":1700010102,"views":26,"p1id":"berlitzplatinum","p2id":"je1124","formatid":"gen9doublesou","rating":1025,"private":0,"password":""}