{"id":"gen9doublesou-1994973527","p1":"tsheehy","p2":"GrandBluff","format":"[Gen 9] Doubles OU","log":"|j|\u2606tsheehy\n|j|\u2606GrandBluff\n|t:|1700509442\n|gametype|doubles\n|player|p1|tsheehy|1|1406\n|player|p2|GrandBluff|2|1478\n|teamsize|p1|6\n|teamsize|p2|6\n|gen|9\n|tier|[Gen 9] Doubles OU\n|rated|\n|rule|Species Clause: Limit one of each Pok\u00e9mon\n|rule|OHKO Clause: OHKO moves are banned\n|rule|Evasion Moves Clause: Evasion moves are banned\n|rule|Gravity Sleep Clause: The combination of sleep-inducing moves with imperfect accuracy and Gravity or Gigantamax Orbeetle are banned\n|rule|Endless Battle Clause: Forcing endless battles is banned\n|rule|HP Percentage Mod: HP is shown in percentages\n|clearpoke\n|poke|p1|Tornadus, M|\n|poke|p1|Politoed, F|\n|poke|p1|Gastrodon, F|\n|poke|p1|Glimmora, M|\n|poke|p1|Gyarados, F|\n|poke|p1|Chien-Pao|\n|poke|p2|Moltres-Galar|\n|poke|p2|Cresselia, F|\n|poke|p2|Grimmsnarl, M|\n|poke|p2|Torterra, F|\n|poke|p2|Dragonite, M|\n|poke|p2|Volcanion|\n|teampreview\n|inactive|Battle timer is ON: inactive players will automatically lose when time's up. (requested by GrandBluff)\n|\n|t:|1700509464\n|start\n|switch|p1a: Glimmora|Glimmora, M|100\/100\n|switch|p1b: Gyarados|Gyarados, F|100\/100\n|switch|p2a: Grimmsnarl|Grimmsnarl, M|100\/100\n|switch|p2b: Moltres|Moltres-Galar|100\/100\n|-ability|p1b: Gyarados|Intimidate|boost\n|-unboost|p2a: Grimmsnarl|atk|1\n|-unboost|p2b: Moltres|atk|1\n|turn|1\n|l|\u2606GrandBluff\n|inactive|GrandBluff disconnected and has a minute to reconnect!\n|player|p2|\n|j|\u2606GrandBluff\n|inactive|GrandBluff reconnected and has 130 seconds left.\n|player|p2|GrandBluff|2\n|inactive|GrandBluff has 120 seconds left.\n|\n|t:|1700509498\n|-terastallize|p2b: Moltres|Fairy\n|move|p2a: Grimmsnarl|Reflect|p2a: Grimmsnarl\n|-sidestart|p2: GrandBluff|Reflect\n|move|p2b: Moltres|Nasty Plot|p2b: Moltres\n|-boost|p2b: Moltres|spa|2\n|move|p1b: Gyarados|Iron Head|p2a: Grimmsnarl\n|-supereffective|p2a: Grimmsnarl\n|-damage|p2a: Grimmsnarl|55\/100\n|move|p1a: Glimmora|Power Gem|p2b: Moltres\n|-damage|p2b: Moltres|66\/100\n|\n|upkeep\n|turn|2\n|\n|t:|1700509513\n|move|p2b: Moltres|Protect|p2b: Moltres\n|-singleturn|p2b: Moltres|Protect\n|move|p2a: Grimmsnarl|Parting Shot|p1b: Gyarados\n|-unboost|p1b: Gyarados|atk|1\n|-unboost|p1b: Gyarados|spa|1\n|\n|t:|1700509522\n|switch|p2a: Cresselia|Cresselia, F|100\/100|[from] Parting Shot\n|move|p1b: Gyarados|Dragon Dance|p1b: Gyarados\n|-boost|p1b: Gyarados|atk|1\n|-boost|p1b: Gyarados|spe|1\n|move|p1a: Glimmora|Mortal Spin|p2a: Cresselia|[spread] p2a\n|-activate|p2b: Moltres|move: Protect\n|-damage|p2a: Cresselia|98\/100\n|-status|p2a: Cresselia|psn\n|\n|-heal|p2a: Cresselia|100\/100 psn|[from] item: Leftovers\n|-damage|p2a: Cresselia|88\/100 psn|[from] psn\n|upkeep\n|turn|3\n|\n|t:|1700509542\n|move|p1a: Glimmora|Spiky Shield|p1a: Glimmora\n|-singleturn|p1a: Glimmora|move: Protect\n|move|p1b: Gyarados|Iron Head|p2b: Moltres\n|-supereffective|p2b: Moltres\n|-damage|p2b: Moltres|20\/100\n|-ability|p2b: Moltres|Berserk|boost\n|-boost|p2b: Moltres|spa|1\n|-enditem|p2b: Moltres|Sitrus Berry|[eat]\n|-heal|p2b: Moltres|45\/100|[from] item: Sitrus Berry\n|move|p2b: Moltres|Fiery Wrath|p1a: Glimmora|[spread] p1b\n|-activate|p1a: Glimmora|move: Protect\n|-damage|p1b: Gyarados|23\/100\n|move|p2a: Cresselia|Lunar Blessing|p2a: Cresselia|[spread] p2a,p2b\n|-heal|p2a: Cresselia|100\/100 psn\n|-curestatus|p2a: Cresselia|psn|[msg]\n|-heal|p2b: Moltres|70\/100\n|\n|-heal|p1b: Gyarados|29\/100|[from] item: Leftovers\n|upkeep\n|turn|4\n|l|\u2606GrandBluff\n|inactive|GrandBluff disconnected and has a minute to reconnect!\n|player|p2|\n|j|\u2606GrandBluff\n|inactive|GrandBluff reconnected and has 125 seconds left.\n|player|p2|GrandBluff|2\n|\n|t:|1700509573\n|switch|p1b: Politoed|Politoed, F|100\/100\n|-weather|RainDance|[from] ability: Drizzle|[of] p1b: Politoed\n|switch|p1a: Tornadus|Tornadus, M|100\/100\n|move|p2b: Moltres|Protect|p2b: Moltres\n|-singleturn|p2b: Moltres|Protect\n|move|p2a: Cresselia|Trick Room|p2a: Cresselia\n|-fieldstart|move: Trick Room|[of] p2a: Cresselia\n|\n|-weather|RainDance|[upkeep]\n|upkeep\n|turn|5\n|\n|t:|1700509593\n|switch|p1a: Gastrodon|Gastrodon, F, shiny|100\/100\n|move|p1b: Politoed|Surf|p2b: Moltres|[spread] p2a,p2b\n|-ability|p1a: Gastrodon|Storm Drain|boost\n|-boost|p1a: Gastrodon|spa|1\n|-damage|p2a: Cresselia|77\/100\n|-damage|p2b: Moltres|34\/100\n|-ability|p2b: Moltres|Berserk|boost\n|-boost|p2b: Moltres|spa|1\n|move|p2a: Cresselia|Lunar Blessing|p2a: Cresselia|[spread] p2a,p2b\n|-heal|p2a: Cresselia|100\/100\n|-heal|p2b: Moltres|59\/100\n|move|p2b: Moltres|Fiery Wrath|p1b: Politoed|[spread] p1a,p1b\n|-damage|p1a: Gastrodon|20\/100\n|-damage|p1b: Politoed|23\/100\n|\n|-weather|RainDance|[upkeep]\n|-heal|p1a: Gastrodon|26\/100|[from] item: Leftovers\n|upkeep\n|turn|6\n|\n|t:|1700509615\n|move|p2b: Moltres|Protect|p2b: Moltres\n|-singleturn|p2b: Moltres|Protect\n|move|p1a: Gastrodon|Muddy Water|p2a: Cresselia|[spread] p2a\n|-activate|p2b: Moltres|move: Protect\n|-damage|p2a: Cresselia|66\/100\n|-unboost|p2a: Cresselia|accuracy|1\n|move|p1b: Politoed|Surf|p2b: Moltres|[spread] p2a\n|-activate|p2b: Moltres|move: Protect\n|-ability|p1a: Gastrodon|Storm Drain|boost\n|-boost|p1a: Gastrodon|spa|1\n|-damage|p2a: Cresselia|43\/100\n|move|p2a: Cresselia|Lunar Blessing|p2a: Cresselia|[spread] p2a,p2b\n|-heal|p2a: Cresselia|68\/100\n|-heal|p2b: Moltres|84\/100\n|\n|-weather|RainDance|[upkeep]\n|-heal|p1a: Gastrodon|32\/100|[from] item: Leftovers\n|-heal|p2a: Cresselia|74\/100|[from] item: Leftovers\n|upkeep\n|turn|7\n|l|\u2606GrandBluff\n|inactive|GrandBluff disconnected and has a minute to reconnect!\n|player|p2|\n|j|\u2606GrandBluff\n|inactive|GrandBluff reconnected and has 125 seconds left.\n|player|p2|GrandBluff|2\n|inactive|GrandBluff has 120 seconds left.\n|\n|t:|1700509675\n|move|p1a: Gastrodon|Muddy Water|p2b: Moltres|[spread] p2a,p2b\n|-damage|p2a: Cresselia|32\/100\n|-damage|p2b: Moltres|5\/100\n|-unboost|p2b: Moltres|accuracy|1\n|-ability|p2b: Moltres|Berserk|boost\n|-boost|p2b: Moltres|spa|1\n|move|p1b: Politoed|Haze|p1b: Politoed\n|-clearallboost\n|move|p2b: Moltres|Fiery Wrath|p1b: Politoed|[spread] p1a,p1b\n|-damage|p1a: Gastrodon|7\/100\n|-damage|p1b: Politoed|0 fnt\n|faint|p1b: Politoed\n|move|p2a: Cresselia|Trick Room|p2a: Cresselia\n|-fieldend|move: Trick Room\n|\n|-weather|RainDance|[upkeep]\n|-heal|p2a: Cresselia|38\/100|[from] item: Leftovers\n|-heal|p1a: Gastrodon|13\/100|[from] item: Leftovers\n|upkeep\n|inactive|tsheehy has 120 seconds left.\n|\n|t:|1700509691\n|switch|p1b: Tornadus|Tornadus, M|100\/100\n|turn|8\n|inactive|GrandBluff has 120 seconds left.\n|\n|t:|1700509699\n|move|p2b: Moltres|Protect|p2b: Moltres\n|-singleturn|p2b: Moltres|Protect\n|move|p1b: Tornadus|Tailwind|p1b: Tornadus\n|-sidestart|p1: tsheehy|move: Tailwind\n|move|p1a: Gastrodon|Muddy Water|p2b: Moltres|[spread] p2a\n|-activate|p2b: Moltres|move: Protect\n|-damage|p2a: Cresselia|16\/100\n|move|p2a: Cresselia|Lunar Blessing|p2a: Cresselia|[spread] p2a,p2b\n|-heal|p2a: Cresselia|41\/100\n|-heal|p2b: Moltres|30\/100\n|\n|-weather|RainDance|[upkeep]\n|-heal|p1a: Gastrodon|19\/100|[from] item: Leftovers\n|-heal|p2a: Cresselia|48\/100|[from] item: Leftovers\n|-sideend|p2: GrandBluff|Reflect\n|upkeep\n|turn|9\n|j| Dante vail\n|c| Dante vail|nice teams\n|\n|t:|1700509720\n|move|p1b: Tornadus|Bleakwind Storm|p2b: Moltres|[spread] p2a,p2b\n|-damage|p2a: Cresselia|30\/100\n|-damage|p2b: Moltres|0 fnt\n|faint|p2b: Moltres\n|move|p1a: Gastrodon|Muddy Water|p2a: Cresselia\n|-damage|p2a: Cresselia|3\/100\n|move|p2a: Cresselia|Trick Room|p2a: Cresselia\n|-fieldstart|move: Trick Room|[of] p2a: Cresselia\n|\n|-weather|RainDance|[upkeep]\n|-heal|p2a: Cresselia|9\/100|[from] item: Leftovers\n|-heal|p1a: Gastrodon|25\/100|[from] item: Leftovers\n|upkeep\n|c|\u2606tsheehy|thanks\n|inactive|GrandBluff has 120 seconds left.\n|\n|t:|1700509739\n|switch|p2b: Grimmsnarl|Grimmsnarl, M|55\/100\n|turn|10\n|\n|t:|1700509759\n|switch|p1a: Glimmora|Glimmora, M|100\/100\n|move|p2a: Cresselia|Helping Hand|p2b: Grimmsnarl\n|-singleturn|p2b: Grimmsnarl|Helping Hand|[of] p2a: Cresselia\n|move|p2b: Grimmsnarl|Spirit Break|p1b: Tornadus\n|-damage|p1b: Tornadus|42\/100\n|-unboost|p1b: Tornadus|spa|1\n|move|p1b: Tornadus|Weather Ball|p2a: Cresselia\n|-damage|p2a: Cresselia|0 fnt\n|faint|p2a: Cresselia\n|\n|-weather|RainDance|[upkeep]\n|-heal|p1b: Tornadus|48\/100|[from] item: Leftovers\n|upkeep\n|c| Dante vail|tailwind into trick room always screws me\n|inactive|GrandBluff has 120 seconds left.\n|\n|t:|1700509779\n|switch|p2a: Dragonite|Dragonite, M|100\/100\n|turn|11\n|c|\u2606tsheehy|worth the ko i think\n|c| Dante vail|fair\n|\n|t:|1700509794\n|move|p2a: Dragonite|Protect|p2a: Dragonite\n|-singleturn|p2a: Dragonite|Protect\n|move|p2b: Grimmsnarl|Spirit Break|p1b: Tornadus\n|-damage|p1b: Tornadus|4\/100\n|-unboost|p1b: Tornadus|spa|1\n|move|p1a: Glimmora|Mortal Spin|p2b: Grimmsnarl|[spread] p2b\n|-activate|p2a: Dragonite|move: Protect\n|-supereffective|p2b: Grimmsnarl\n|-damage|p2b: Grimmsnarl|44\/100\n|-status|p2b: Grimmsnarl|psn\n|move|p1b: Tornadus|Bleakwind Storm|p2b: Grimmsnarl|[spread] p2b\n|-activate|p2a: Dragonite|move: Protect\n|-damage|p2b: Grimmsnarl|29\/100 psn\n|-unboost|p2b: Grimmsnarl|spe|1\n|\n|-weather|none\n|-heal|p1b: Tornadus|10\/100|[from] item: Leftovers\n|-damage|p2b: Grimmsnarl|17\/100 psn|[from] psn\n|-sideend|p1: tsheehy|move: Tailwind\n|upkeep\n|turn|12\n|l|\u2606GrandBluff\n|inactive|GrandBluff disconnected and has a minute to reconnect!\n|player|p2|\n|c| Dante vail|dang\n|j|\u2606GrandBluff\n|inactive|GrandBluff reconnected and has 130 seconds left.\n|player|p2|GrandBluff|2\n|inactive|GrandBluff has 120 seconds left.\n|\n|t:|1700509827\n|switch|p1b: Gyarados|Gyarados, F|29\/100\n|-ability|p1b: Gyarados|Intimidate|boost\n|-unboost|p2a: Dragonite|atk|1\n|-unboost|p2b: Grimmsnarl|atk|1\n|move|p2b: Grimmsnarl|Reflect|p2b: Grimmsnarl\n|-sidestart|p2: GrandBluff|Reflect\n|move|p2a: Dragonite|Icy Wind|p1a: Glimmora|[spread] p1a,p1b\n|-damage|p1a: Glimmora|91\/100\n|-damage|p1b: Gyarados|18\/100\n|-unboost|p1a: Glimmora|spe|1\n|-unboost|p1b: Gyarados|spe|1\n|move|p1a: Glimmora|Power Gem|p2a: Dragonite\n|-supereffective|p2a: Dragonite\n|-damage|p2a: Dragonite|76\/100\n|\n|-heal|p1b: Gyarados|24\/100|[from] item: Leftovers\n|-damage|p2b: Grimmsnarl|4\/100 psn|[from] psn\n|upkeep\n|turn|13\n|c| Dante vail|icy wind dragonite???\n|inactive|GrandBluff has 120 seconds left.\n|\n|t:|1700509856\n|move|p2a: Dragonite|Extreme Speed|p1b: Gyarados\n|-damage|p1b: Gyarados|3\/100\n|move|p2b: Grimmsnarl|Light Screen|p2b: Grimmsnarl\n|-sidestart|p2: GrandBluff|move: Light Screen\n|move|p1a: Glimmora|Stealth Rock|p2a: Dragonite\n|-sidestart|p2: GrandBluff|move: Stealth Rock\n|move|p1b: Gyarados|Dragon Dance|p1b: Gyarados\n|-boost|p1b: Gyarados|atk|1\n|-boost|p1b: Gyarados|spe|1\n|\n|-heal|p1b: Gyarados|9\/100|[from] item: Leftovers\n|-damage|p2b: Grimmsnarl|0 fnt|[from] psn\n|faint|p2b: Grimmsnarl\n|-fieldend|move: Trick Room\n|upkeep\n|inactive|GrandBluff has 120 seconds left.\n|\n|t:|1700509873\n|switch|p2b: Torterra|Torterra, F|100\/100\n|-damage|p2b: Torterra|94\/100|[from] Stealth Rock\n|turn|14\n|\n|t:|1700509884\n|move|p2a: Dragonite|Extreme Speed|p1b: Gyarados\n|-damage|p1b: Gyarados|0 fnt\n|faint|p1b: Gyarados\n|move|p2b: Torterra|Shell Smash|p2b: Torterra\n|-unboost|p2b: Torterra|def|1\n|-unboost|p2b: Torterra|spd|1\n|-boost|p2b: Torterra|atk|2\n|-boost|p2b: Torterra|spa|2\n|-boost|p2b: Torterra|spe|2\n|-enditem|p2b: Torterra|White Herb\n|-clearnegativeboost|p2b: Torterra|[silent]\n|move|p1a: Glimmora|Mortal Spin|p2a: Dragonite|[spread] p2a,p2b\n|-damage|p2a: Dragonite|73\/100\n|-damage|p2b: Torterra|92\/100\n|-status|p2a: Dragonite|psn\n|-status|p2b: Torterra|psn\n|\n|-damage|p2b: Torterra|79\/100 psn|[from] psn\n|-damage|p2a: Dragonite|61\/100 psn|[from] psn\n|upkeep\n|c|\u2606GrandBluff|icy wind dragonite\n|\n|t:|1700509905\n|switch|p1b: Chien-Pao|Chien-Pao|100\/100\n|-ability|p1b: Chien-Pao|Sword of Ruin\n|turn|15\n|\n|t:|1700509922\n|-terastallize|p1b: Chien-Pao|Ghost\n|move|p2b: Torterra|Protect|p2b: Torterra\n|-singleturn|p2b: Torterra|Protect\n|move|p1b: Chien-Pao|Ice Spinner|p2b: Torterra\n|-activate|p2b: Torterra|move: Protect\n|move|p2a: Dragonite|Icy Wind|p1a: Glimmora|[spread] p1a\n|-miss|p2a: Dragonite|p1b: Chien-Pao\n|-damage|p1a: Glimmora|80\/100\n|-unboost|p1a: Glimmora|spe|1\n|move|p1a: Glimmora|Power Gem|p2a: Dragonite\n|-supereffective|p2a: Dragonite\n|-damage|p2a: Dragonite|26\/100 psn\n|-enditem|p2a: Dragonite|Sitrus Berry|[eat]\n|-heal|p2a: Dragonite|50\/100 psn|[from] item: Sitrus Berry\n|\n|-damage|p2b: Torterra|67\/100 psn|[from] psn\n|-damage|p2a: Dragonite|38\/100 psn|[from] psn\n|upkeep\n|turn|16\n|c| Dante vail|I kinda want the pokepaste for that team\n|c|\u2606tsheehy|which one\n|inactive|tsheehy has 120 seconds left.\n|inactive|GrandBluff has 120 seconds left.\n|c| Dante vail|Grands\n|c|\u2606tsheehy|yeah i like it\n|\n|t:|1700509975\n|move|p2a: Dragonite|Helping Hand|p2b: Torterra\n|-singleturn|p2b: Torterra|Helping Hand|[of] p2a: Dragonite\n|move|p1b: Chien-Pao|Psychic Fangs|p2a: Dragonite\n|-sideend|p2: GrandBluff|Reflect\n|-sideend|p2: GrandBluff|move: Light Screen\n|-damage|p2a: Dragonite|2\/100 psn\n|move|p2b: Torterra|Earthquake|p1b: Chien-Pao|[spread] p1a,p1b\n|-immune|p2a: Dragonite\n|-supereffective|p1a: Glimmora\n|-crit|p1b: Chien-Pao\n|-damage|p1a: Glimmora|0 fnt\n|-enditem|p1b: Chien-Pao|Focus Sash\n|-damage|p1b: Chien-Pao|1\/100\n|-activate|p1a: Glimmora|ability: Toxic Debris\n|-sidestart|p2: GrandBluff|move: Toxic Spikes\n|faint|p1a: Glimmora\n|\n|-damage|p2b: Torterra|55\/100 psn|[from] psn\n|-damage|p2a: Dragonite|0 fnt|[from] psn\n|faint|p2a: Dragonite\n|upkeep\n|c|\u2606GrandBluff|making me blush and shit\n|inactive|tsheehy has 120 seconds left.\n|\n|t:|1700509995\n|switch|p1a: Tornadus|Tornadus, M|10\/100\n|switch|p2a: Volcanion|Volcanion|100\/100\n|-damage|p2a: Volcanion|76\/100|[from] Stealth Rock\n|-status|p2a: Volcanion|psn\n|turn|17\n|c|\u2606tsheehy|qt\n|\n|t:|1700510008\n|move|p2b: Torterra|Protect|p2b: Torterra\n|-singleturn|p2b: Torterra|Protect\n|move|p1a: Tornadus|Tailwind|p1a: Tornadus\n|-sidestart|p1: tsheehy|move: Tailwind\n|move|p1b: Chien-Pao|Ice Spinner|p2b: Torterra\n|-activate|p2b: Torterra|move: Protect\n|move|p2a: Volcanion|Heat Wave|p1b: Chien-Pao|[spread] p1a,p1b\n|-damage|p1a: Tornadus|0 fnt\n|-damage|p1b: Chien-Pao|0 fnt\n|faint|p1a: Tornadus\n|faint|p1b: Chien-Pao\n|\n|-heal|p2a: Volcanion|82\/100 psn|[from] item: Leftovers\n|-damage|p2b: Torterra|42\/100 psn|[from] psn\n|-damage|p2a: Volcanion|69\/100 psn|[from] psn\n|upkeep\n|inactive|tsheehy has 120 seconds left.\n|c| Dante vail|ggs\n|\n|t:|1700510024\n|switch|p1b: Gastrodon|Gastrodon, F, shiny|25\/100\n|turn|18\n|c|\u2606GrandBluff|gg\n|c|\u2606tsheehy|gg\n|\n|t:|1700510034\n|move|p2b: Torterra|Seed Bomb|p1b: Gastrodon\n|-supereffective|p1b: Gastrodon\n|-damage|p1b: Gastrodon|0 fnt\n|faint|p1b: Gastrodon\n|\n|win|GrandBluff\n|raw|tsheehy's rating: 1406 &rarr; <strong>1390<\/strong><br \/>(-16 for losing)\n|raw|GrandBluff's rating: 1478 &rarr; <strong>1494<\/strong><br \/>(+16 for winning)\n|l|\u2606GrandBluff\n|l|\u2606tsheehy\n","uploadtime":1700510085,"views":32,"p1id":"tsheehy","p2id":"grandbluff","formatid":"gen9doublesou","rating":1390,"private":0,"password":""}