{"id":"gen9doublesou-1974489852","p1":"BotheredHades","p2":"ChimeBliss","format":"[Gen 9] Doubles OU","log":"|j|\u2606BotheredHades\n|j|\u2606ChimeBliss\n|t:|1698091274\n|gametype|doubles\n|player|p1|BotheredHades|cynthia|1418\n|player|p2|ChimeBliss|dawn-gen4pt|1389\n|teamsize|p1|6\n|teamsize|p2|6\n|gen|9\n|tier|[Gen 9] Doubles OU\n|rated|\n|rule|Species Clause: Limit one of each Pok\u00e9mon\n|rule|OHKO Clause: OHKO moves are banned\n|rule|Evasion Moves Clause: Evasion moves are banned\n|rule|Gravity Sleep Clause: The combination of sleep-inducing moves with imperfect accuracy and Gravity or Gigantamax Orbeetle are banned\n|rule|Endless Battle Clause: Forcing endless battles is banned\n|rule|HP Percentage Mod: HP is shown in percentages\n|clearpoke\n|poke|p1|Ogerpon-Hearthflame, F|\n|poke|p1|Rillaboom, F|\n|poke|p1|Glimmora, F|\n|poke|p1|Samurott-Hisui, F|\n|poke|p1|Tornadus, M|\n|poke|p1|Fezandipiti, M|\n|poke|p2|Chien-Pao|\n|poke|p2|Tornadus, M|\n|poke|p2|Dragonite, M|\n|poke|p2|Chi-Yu|\n|poke|p2|Flutter Mane|\n|poke|p2|Landorus, M|\n|teampreview\n|inactive|Battle timer is ON: inactive players will automatically lose when time's up. (requested by ChimeBliss)\n|\n|t:|1698091302\n|start\n|switch|p1a: Glimmora|Glimmora, F|100\/100\n|switch|p1b: Fezandipiti|Fezandipiti, M|100\/100\n|switch|p2a: Chi-Yu|Chi-Yu|100\/100\n|switch|p2b: Flutter Mane|Flutter Mane|100\/100\n|-ability|p2a: Chi-Yu|Beads of Ruin\n|turn|1\n|inactive|ChimeBliss has 120 seconds left.\n|\n|t:|1698091336\n|move|p2a: Chi-Yu|Dark Pulse|p1a: Glimmora\n|-damage|p1a: Glimmora|24\/100\n|move|p2b: Flutter Mane|Shadow Ball|p1a: Glimmora\n|-crit|p1a: Glimmora\n|-damage|p1a: Glimmora|0 fnt\n|faint|p1a: Glimmora\n|move|p1b: Fezandipiti|Icy Wind|p2b: Flutter Mane|[spread] p2a\n|-miss|p1b: Fezandipiti|p2b: Flutter Mane\n|-resisted|p2a: Chi-Yu\n|-damage|p2a: Chi-Yu|95\/100\n|-unboost|p2a: Chi-Yu|spe|1\n|\n|upkeep\n|\n|t:|1698091347\n|switch|p1a: Samurott|Samurott-Hisui, F|100\/100\n|turn|2\n|\n|t:|1698091359\n|move|p1a: Samurott|Ceaseless Edge|p2b: Flutter Mane\n|-damage|p2b: Flutter Mane|1\/100\n|-sidestart|p2: ChimeBliss|Spikes\n|move|p2b: Flutter Mane|Shadow Ball|p1b: Fezandipiti\n|-damage|p1b: Fezandipiti|46\/100\n|move|p2a: Chi-Yu|Dark Pulse|p1b: Fezandipiti\n|-resisted|p1b: Fezandipiti\n|-damage|p1b: Fezandipiti|28\/100\n|move|p1b: Fezandipiti|Dazzling Gleam|p2a: Chi-Yu|[spread] p2a,p2b\n|-damage|p2a: Chi-Yu|72\/100\n|-damage|p2b: Flutter Mane|0 fnt\n|faint|p2b: Flutter Mane\n|-end|p2b: Flutter Mane|Protosynthesis|[silent]\n|\n|upkeep\n|\n|t:|1698091377\n|switch|p2b: Tornadus|Tornadus, M|100\/100\n|turn|3\n|\n|t:|1698091384\n|move|p1a: Samurott|Ceaseless Edge|p2b: Tornadus\n|-damage|p2b: Tornadus|31\/100\n|-sidestart|p2: ChimeBliss|Spikes\n|move|p2b: Tornadus|Bleakwind Storm|p1a: Samurott|[spread] p1a,p1b\n|-damage|p1a: Samurott|18\/100\n|-damage|p1b: Fezandipiti|0 fnt\n|faint|p1b: Fezandipiti\n|move|p2a: Chi-Yu|Dark Pulse|p1a: Samurott\n|-resisted|p1a: Samurott\n|-damage|p1a: Samurott|0 fnt\n|faint|p1a: Samurott\n|\n|upkeep\n|\n|t:|1698091395\n|switch|p1b: Rillaboom|Rillaboom, F|100\/100\n|switch|p1a: Tornadus|Tornadus, M|100\/100\n|-fieldstart|move: Grassy Terrain|[from] ability: Grassy Surge|[of] p1b: Rillaboom\n|turn|4\n|\n|t:|1698091423\n|-terastallize|p2b: Tornadus|Ghost\n|move|p1b: Rillaboom|Fake Out|p2a: Chi-Yu\n|-damage|p2a: Chi-Yu|50\/100\n|move|p2b: Tornadus|Taunt|p1a: Tornadus\n|-start|p1a: Tornadus|move: Taunt\n|cant|p1a: Tornadus|move: Taunt|Tailwind\n|cant|p2a: Chi-Yu|flinch\n|\n|-heal|p2b: Tornadus|37\/100|[from] Grassy Terrain\n|-heal|p2a: Chi-Yu|56\/100|[from] Grassy Terrain\n|upkeep\n|turn|5\n|\n|t:|1698091436\n|move|p2b: Tornadus|Tailwind|p2b: Tornadus\n|-sidestart|p2: ChimeBliss|move: Tailwind\n|move|p2a: Chi-Yu|Dark Pulse|p1a: Tornadus\n|-damage|p1a: Tornadus|52\/100\n|move|p1b: Rillaboom|High Horsepower|p2a: Chi-Yu\n|-supereffective|p2a: Chi-Yu\n|-damage|p2a: Chi-Yu|0 fnt\n|faint|p2a: Chi-Yu\n|move|p1a: Tornadus|Bleakwind Storm|p2b: Tornadus\n|-damage|p2b: Tornadus|0 fnt\n|faint|p2b: Tornadus\n|\n|upkeep\n|\n|t:|1698091454\n|switch|p2b: Dragonite|Dragonite, M, shiny|100\/100\n|switch|p2a: Chien-Pao|Chien-Pao|100\/100\n|-damage|p2a: Chien-Pao|84\/100|[from] Spikes\n|-ability|p2a: Chien-Pao|Sword of Ruin\n|turn|6\n|\n|t:|1698091479\n|move|p1b: Rillaboom|Grassy Glide|p2a: Chien-Pao\n|-damage|p2a: Chien-Pao|38\/100\n|move|p2a: Chien-Pao|Ice Spinner|p1b: Rillaboom\n|-supereffective|p1b: Rillaboom\n|-damage|p1b: Rillaboom|0 fnt\n|-fieldend|move: Grassy Terrain\n|faint|p1b: Rillaboom\n|move|p2b: Dragonite|Ice Spinner|p1a: Tornadus\n|-supereffective|p1a: Tornadus\n|-damage|p1a: Tornadus|0 fnt\n|faint|p1a: Tornadus\n|\n|upkeep\n|\n|t:|1698091490\n|switch|p1b: Ogerpon|Ogerpon-Hearthflame, F|100\/100\n|-ability|p1b: Ogerpon|Mold Breaker\n|turn|7\n|\n|t:|1698091502\n|-terastallize|p1b: Ogerpon|Fire\n|detailschange|p1b: Ogerpon|Ogerpon-Hearthflame-Tera, F, tera:Fire\n|-ability|p1b: Ogerpon|Embody Aspect (Hearthflame)|boost\n|-boost|p1b: Ogerpon|atk|1\n|move|p2a: Chien-Pao|Sacred Sword|p1b: Ogerpon\n|-crit|p1b: Ogerpon\n|-damage|p1b: Ogerpon|27\/100\n|move|p2b: Dragonite|Ice Spinner|p1b: Ogerpon\n|-resisted|p1b: Ogerpon\n|-damage|p1b: Ogerpon|0 fnt\n|faint|p1b: Ogerpon\n|\n|win|ChimeBliss\n|raw|BotheredHades's rating: 1418 &rarr; <strong>1396<\/strong><br \/>(-22 for losing)\n|raw|ChimeBliss's rating: 1389 &rarr; <strong>1411<\/strong><br \/>(+22 for winning)\n|l|\u2606BotheredHades\n|c|\u2606ChimeBliss|gg\n","uploadtime":1698091513,"views":11,"p1id":"botheredhades","p2id":"chimebliss","formatid":"gen9doublesou","rating":1396,"private":0,"password":""}