{"id":"gen9doublesou-1994563527","p1":"DorgyMorgy","p2":"sgkoopa","format":"[Gen 9] Doubles OU","log":"|j|\u2606DorgyMorgy\n|j|\u2606sgkoopa\n|t:|1700460509\n|gametype|doubles\n|player|p1|DorgyMorgy|102|1031\n|player|p2|sgkoopa|preschooler|1054\n|teamsize|p1|6\n|teamsize|p2|6\n|gen|9\n|tier|[Gen 9] Doubles OU\n|rated|\n|rule|Species Clause: Limit one of each Pok\u00e9mon\n|rule|OHKO Clause: OHKO moves are banned\n|rule|Evasion Moves Clause: Evasion moves are banned\n|rule|Gravity Sleep Clause: The combination of sleep-inducing moves with imperfect accuracy and Gravity or Gigantamax Orbeetle are banned\n|rule|Endless Battle Clause: Forcing endless battles is banned\n|rule|HP Percentage Mod: HP is shown in percentages\n|clearpoke\n|poke|p1|Sinistcha-Masterpiece|\n|poke|p1|Clefairy, M|\n|poke|p1|Ogerpon-Hearthflame, F|\n|poke|p1|Scream Tail|\n|poke|p1|Torkoal, M|\n|poke|p1|Pachirisu, F|\n|poke|p2|Sinistcha-Masterpiece|\n|poke|p2|Arbok, F|\n|poke|p2|Clefairy, F|\n|poke|p2|Sudowoodo, M|\n|poke|p2|Amoonguss, F|\n|poke|p2|Sableye, F|\n|teampreview\n|inactive|Battle timer is ON: inactive players will automatically lose when time's up. (requested by sgkoopa)\n|c|\u2606DorgyMorgy|ARBOKKKKKK\n|c|\u2606DorgyMorgy|Omgggg\n|\n|t:|1700460524\n|start\n|switch|p1a: Scream Tail|Scream Tail|100\/100\n|switch|p1b: Torkoal|Torkoal, M|100\/100\n|switch|p2a: Meg|Amoonguss, F, shiny|100\/100\n|switch|p2b: Goyim|Sableye, F, shiny|100\/100\n|-weather|SunnyDay|[from] ability: Drought|[of] p1b: Torkoal\n|-activate|p1a: Scream Tail|ability: Protosynthesis\n|-start|p1a: Scream Tail|protosynthesisspe\n|turn|1\n|c|\u2606sgkoopa|hello\n|c|\u2606DorgyMorgy|Hi\n|inactive|sgkoopa has 120 seconds left.\n|\n|t:|1700460562\n|move|p1a: Scream Tail|Protect|p1a: Scream Tail\n|-singleturn|p1a: Scream Tail|Protect\n|move|p2a: Meg|Protect|p2a: Meg\n|-singleturn|p2a: Meg|Protect\n|move|p2b: Goyim|Reflect|p2b: Goyim\n|-sidestart|p2: sgkoopa|Reflect\n|move|p1b: Torkoal|Yawn|p2a: Meg\n|-activate|p2a: Meg|move: Protect\n|\n|-weather|SunnyDay|[upkeep]\n|upkeep\n|turn|2\n|\n|t:|1700460580\n|move|p2b: Goyim|Skill Swap|p2a: Meg\n|-activate|p2b: Goyim|move: Skill Swap|||[of] p2a: Meg\n|move|p2a: Meg|Toxic|p1b: Torkoal\n|-status|p1b: Torkoal|tox\n|move|p1a: Scream Tail|Calm Mind|p1a: Scream Tail\n|-boost|p1a: Scream Tail|spa|1\n|-boost|p1a: Scream Tail|spd|1\n|move|p1b: Torkoal|Yawn|p2a: Meg\n|-start|p2a: Meg|move: Yawn|[of] p1b: Torkoal\n|\n|-weather|SunnyDay|[upkeep]\n|-damage|p1b: Torkoal|94\/100 tox|[from] psn\n|upkeep\n|turn|3\n|inactive|sgkoopa has 120 seconds left.\n|\n|t:|1700460621\n|switch|p2b: Boba|Clefairy, F, shiny|100\/100\n|move|p2a: Meg|Toxic|p1a: Scream Tail\n|-status|p1a: Scream Tail|tox\n|move|p1a: Scream Tail|Calm Mind|p1a: Scream Tail\n|-boost|p1a: Scream Tail|spa|1\n|-boost|p1a: Scream Tail|spd|1\n|move|p1b: Torkoal|Eruption|p2b: Boba|[spread] p2a,p2b\n|-supereffective|p2a: Meg\n|-damage|p2a: Meg|22\/100\n|-damage|p2b: Boba|48\/100\n|-damage|p1b: Torkoal|84\/100 tox|[from] item: Life Orb\n|\n|-weather|SunnyDay|[upkeep]\n|-heal|p2a: Meg|28\/100|[from] item: Leftovers\n|-damage|p1a: Scream Tail|94\/100 tox|[from] psn\n|-damage|p1b: Torkoal|72\/100 tox|[from] psn\n|-end|p2a: Meg|move: Yawn|[silent]\n|-status|p2a: Meg|slp\n|upkeep\n|turn|4\n|inactive|sgkoopa has 120 seconds left.\n|\n|t:|1700460649\n|-terastallize|p1a: Scream Tail|Normal\n|cant|p2a: Meg|slp\n|move|p1a: Scream Tail|Boomburst|p2a: Meg|[spread] p1b,p2a,p2b\n|-damage|p1b: Torkoal|0 fnt\n|-damage|p2a: Meg|0 fnt\n|-damage|p2b: Boba|0 fnt\n|faint|p1b: Torkoal\n|faint|p2a: Meg\n|faint|p2b: Boba\n|-damage|p1a: Scream Tail|84\/100 tox|[from] item: Life Orb\n|\n|-weather|SunnyDay|[upkeep]\n|-damage|p1a: Scream Tail|72\/100 tox|[from] psn\n|upkeep\n|\n|t:|1700460663\n|switch|p2b: Ungus|Arbok, F, shiny|100\/100\n|switch|p2a: Goyim|Sableye, F, shiny|100\/100\n|switch|p1b: Sinistcha|Sinistcha-Masterpiece|100\/100\n|-ability|p2b: Ungus|Intimidate|boost\n|-unboost|p1a: Scream Tail|atk|1\n|-unboost|p1b: Sinistcha|atk|1\n|-heal|p1a: Scream Tail|97\/100 tox|[from] ability: Hospitality|[of] p1b: Sinistcha\n|turn|5\n|\n|t:|1700460676\n|move|p2a: Goyim|Fake Out|p1a: Scream Tail\n|-damage|p1a: Scream Tail|89\/100 tox\n|cant|p1a: Scream Tail|flinch\n|move|p2b: Ungus|Coil|p2b: Ungus\n|-boost|p2b: Ungus|atk|1\n|-boost|p2b: Ungus|def|1\n|-boost|p2b: Ungus|accuracy|1\n|move|p1b: Sinistcha|Strength Sap|p2b: Ungus\n|-unboost|p2b: Ungus|atk|1\n|\n|-weather|none\n|-end|p1a: Scream Tail|Protosynthesis\n|-damage|p1a: Scream Tail|71\/100 tox|[from] psn\n|-sideend|p2: sgkoopa|Reflect\n|upkeep\n|turn|6\n|inactive|sgkoopa has 120 seconds left.\n|\n|t:|1700460708\n|move|p2a: Goyim|Reflect|p2a: Goyim\n|-sidestart|p2: sgkoopa|Reflect\n|move|p1a: Scream Tail|Boomburst|p2b: Ungus|[spread] p2b\n|-immune|p1b: Sinistcha\n|-immune|p2a: Goyim\n|-crit|p2b: Ungus\n|-damage|p2b: Ungus|0 fnt\n|faint|p2b: Ungus\n|-damage|p1a: Scream Tail|61\/100 tox|[from] item: Life Orb\n|move|p1b: Sinistcha|Life Dew||[still]|[spread] p1a,p1b\n|-heal|p1a: Scream Tail|86\/100 tox\n|-fail|p1b: Sinistcha|heal\n|\n|-damage|p1a: Scream Tail|61\/100 tox|[from] psn\n|upkeep\n|inactive|sgkoopa has 120 seconds left.\n|\n|t:|1700460717\n|switch|p2b: Charlie|Sudowoodo, M, shiny|100\/100\n|turn|7\n|inactive|DorgyMorgy has 120 seconds left.\n|\n|t:|1700460753\n|-end|p1a: Scream Tail|Protosynthesis|[silent]\n|switch|p1a: Clefairy|Clefairy, M, shiny|100\/100\n|-terastallize|p2b: Charlie|Fighting\n|move|p2a: Goyim|Trick|p1b: Sinistcha\n|-activate|p2a: Goyim|move: Trick|[of] p1b: Sinistcha\n|-item|p1b: Sinistcha|Salac Berry|[from] move: Trick\n|-item|p2a: Goyim|Leftovers|[from] move: Trick\n|move|p1b: Sinistcha|Foul Play|p2b: Charlie\n|-resisted|p2b: Charlie\n|-damage|p2b: Charlie|91\/100\n|-ability|p2b: Charlie|Rattled|boost\n|-boost|p2b: Charlie|spe|1\n|move|p2b: Charlie|Drain Punch|p1a: Clefairy\n|-resisted|p1a: Clefairy\n|-damage|p1a: Clefairy|70\/100\n|-heal|p2b: Charlie|100\/100|[from] drain|[of] p1a: Clefairy\n|\n|upkeep\n|turn|8\n|inactive|sgkoopa has 120 seconds left.\n|c|\u2606DorgyMorgy|Ooooh\n|\n|t:|1700460785\n|move|p2a: Goyim|Skill Swap|p1a: Clefairy\n|-activate|p2a: Goyim|move: Skill Swap|Friend Guard|Prankster|[of] p1a: Clefairy\n|move|p1a: Clefairy|Encore|p2b: Charlie\n|-start|p2b: Charlie|Encore\n|move|p1b: Sinistcha|Life Dew||[still]|[spread] p1a,p1b\n|-heal|p1a: Clefairy|95\/100\n|-fail|p1b: Sinistcha|heal\n|move|p2b: Charlie|Drain Punch|p1a: Clefairy\n|-resisted|p1a: Clefairy\n|-damage|p1a: Clefairy|68\/100\n|\n|upkeep\n|turn|9\n|c|\u2606DorgyMorgy|Thx\n|c|\u2606DorgyMorgy|I wanted u to do that\n|inactive|sgkoopa has 120 seconds left.\n|\n|t:|1700460813\n|move|p1a: Clefairy|Helping Hand|p1b: Sinistcha\n|-singleturn|p1b: Sinistcha|Helping Hand|[of] p1a: Clefairy\n|move|p1b: Sinistcha|Life Dew||[still]|[spread] p1a,p1b\n|-heal|p1a: Clefairy|93\/100\n|-fail|p1b: Sinistcha|heal\n|move|p2b: Charlie|Drain Punch|p1a: Clefairy\n|-resisted|p1a: Clefairy\n|-damage|p1a: Clefairy|63\/100\n|move|p2a: Goyim|Trick|p2b: Charlie\n|-activate|p2a: Goyim|move: Trick|[of] p2b: Charlie\n|-item|p2b: Charlie|Leftovers|[from] move: Trick\n|-item|p2a: Goyim|Choice Band|[from] move: Trick\n|\n|upkeep\n|turn|10\n|inactive|sgkoopa has 120 seconds left.\n|\n|t:|1700460840\n|move|p1a: Clefairy|Helping Hand|p1b: Sinistcha\n|-singleturn|p1b: Sinistcha|Helping Hand|[of] p1a: Clefairy\n|move|p1b: Sinistcha|Foul Play|p2b: Charlie\n|-resisted|p2b: Charlie\n|-damage|p2b: Charlie|90\/100\n|-ability|p2b: Charlie|Rattled|boost\n|-boost|p2b: Charlie|spe|1\n|move|p2b: Charlie|Drain Punch|p1a: Clefairy\n|-resisted|p1a: Clefairy\n|-damage|p1a: Clefairy|43\/100\n|-heal|p2b: Charlie|100\/100|[from] drain|[of] p1a: Clefairy\n|move|p2a: Goyim|Skill Swap|p1a: Clefairy\n|-activate|p2a: Goyim|move: Skill Swap|Prankster|Friend Guard|[of] p1a: Clefairy\n|\n|-end|p2b: Charlie|Encore\n|-sideend|p2: sgkoopa|Reflect\n|upkeep\n|turn|11\n|inactive|sgkoopa has 120 seconds left.\n|c|\u2606DorgyMorgy|Omg bro just kill the clefsiry already\n|c|\u2606DorgyMorgy|It's just a clefsiry\n|\n|t:|1700460884\n|move|p1a: Clefairy|Follow Me|p1a: Clefairy\n|-singleturn|p1a: Clefairy|move: Follow Me\n|move|p2a: Goyim|Skill Swap|p1a: Clefairy\n|-activate|p2a: Goyim|move: Skill Swap|Friend Guard|Prankster|[of] p1a: Clefairy\n|move|p2b: Charlie|Drain Punch|p1a: Clefairy\n|-resisted|p1a: Clefairy\n|-damage|p1a: Clefairy|24\/100\n|move|p1b: Sinistcha|Life Dew||[still]|[spread] p1a,p1b\n|-heal|p1a: Clefairy|49\/100\n|-fail|p1b: Sinistcha|heal\n|\n|upkeep\n|turn|12\n|c|\u2606DorgyMorgy|!DT clefsiry\nNo Pok\u00e9mon, item, move, ability or nature named 'clefsiry' was found. Showing the data of 'Clefairy' instead.\n|raw|<div class=\"message\"><ul class=\"utilichart\"><li class=\"result\"><span class=\"col numcol\">DUU<\/span> <span class=\"col iconcol\"><psicon pokemon=\"clefairy\"\/><\/span> <span class=\"col pokemonnamecol\" style=\"white-space:nowrap\"><a href=\"https:\/\/dex.pokemonshowdown.com\/pokemon\/clefairy\" target=\"_blank\">Clefairy<\/a><\/span> <span class=\"col typecol\"><img src=\"https:\/\/play.pokemonshowdown.com\/sprites\/types\/Fairy.png\" alt=\"Fairy\" height=\"14\" width=\"32\"><\/span> <span style=\"float:left;min-height:26px\"><span class=\"col twoabilitycol\">Cute Charm<br \/>Magic Guard<\/span><span class=\"col abilitycol\"><em>Friend Guard<\/em><\/span><\/span><span style=\"float:left;min-height:26px\"><span class=\"col statcol\"><em>HP<\/em><br \/>70<\/span> <span class=\"col statcol\"><em>Atk<\/em><br \/>45<\/span> <span class=\"col statcol\"><em>Def<\/em><br \/>48<\/span> <span class=\"col statcol\"><em>SpA<\/em><br \/>60<\/span> <span class=\"col statcol\"><em>SpD<\/em><br \/>65<\/span> <span class=\"col statcol\"><em>Spe<\/em><br \/>35<\/span> <span class=\"col bstcol\"><em>BST<br \/>323<\/em><\/span> <\/span><\/li><li style=\"clear:both\"><\/li><\/ul><\/div>\n|raw|<font size=\"1\"><font color=\"#686868\">Dex#:<\/font> 35&nbsp;|&ThickSpace;<font color=\"#686868\">Gen:<\/font> 1&nbsp;|&ThickSpace;<font color=\"#686868\">Height:<\/font> 0.6 m&nbsp;|&ThickSpace;<font color=\"#686868\">Weight:<\/font> 7.5 kg <em>(20 BP)<\/em>&nbsp;|&ThickSpace;<font color=\"#686868\">Dex Colour:<\/font> Pink&nbsp;|&ThickSpace;<font color=\"#686868\">Egg Group(s):<\/font> Fairy&nbsp;|&ThickSpace;<font color=\"#686868\">Pre-Evolution:<\/font> Cleffa&nbsp;|&ThickSpace;<font color=\"#686868\">Evolution:<\/font> Clefable (Moon Stone)<\/font>\n\n|inactive|sgkoopa has 120 seconds left.\n|c|\u2606sgkoopa|HAHAHA\n|\n|t:|1700460914\n|move|p1a: Clefairy|Follow Me|p1a: Clefairy\n|-singleturn|p1a: Clefairy|move: Follow Me\n|move|p2b: Charlie|Drain Punch|p1a: Clefairy\n|-resisted|p1a: Clefairy\n|-damage|p1a: Clefairy|29\/100\n|move|p1b: Sinistcha|Life Dew||[still]|[spread] p1a,p1b\n|-heal|p1a: Clefairy|54\/100\n|-fail|p1b: Sinistcha|heal\n|move|p2a: Goyim|Skill Swap|p1a: Clefairy\n|-activate|p2a: Goyim|move: Skill Swap|Prankster|Friend Guard|[of] p1a: Clefairy\n|\n|upkeep\n|turn|13\n|c|\u2606DorgyMorgy|Kill it already\n|c|\u2606DorgyMorgy|I'm bored\n|c|\u2606DorgyMorgy|Also what heppend\n|inactive|sgkoopa has 120 seconds left.\n|\n|t:|1700460936\n|move|p1a: Clefairy|Helping Hand|p1b: Sinistcha\n|-singleturn|p1b: Sinistcha|Helping Hand|[of] p1a: Clefairy\n|move|p2a: Goyim|Skill Swap|p1a: Clefairy\n|-activate|p2a: Goyim|move: Skill Swap|Friend Guard|Prankster|[of] p1a: Clefairy\n|move|p2b: Charlie|Stone Edge|p1a: Clefairy\n|-damage|p1a: Clefairy|4\/100\n|move|p1b: Sinistcha|Foul Play|p2b: Charlie\n|-resisted|p2b: Charlie\n|-damage|p2b: Charlie|84\/100\n|-ability|p2b: Charlie|Rattled|boost\n|-boost|p2b: Charlie|spe|1\n|\n|-heal|p2b: Charlie|90\/100|[from] item: Leftovers\n|upkeep\n|turn|14\n|c|\u2606sgkoopa|i'm messing your stuff up\n|c|\u2606sgkoopa|see\n|inactive|sgkoopa has 120 seconds left.\n|inactive|DorgyMorgy has 120 seconds left.\n|\n|t:|1700460973\n|move|p1a: Clefairy|Follow Me|p1a: Clefairy\n|-singleturn|p1a: Clefairy|move: Follow Me\n|move|p2b: Charlie|Drain Punch|p1a: Clefairy\n|-resisted|p1a: Clefairy\n|-damage|p1a: Clefairy|0 fnt\n|-heal|p2b: Charlie|92\/100|[from] drain|[of] p1a: Clefairy\n|faint|p1a: Clefairy\n|move|p1b: Sinistcha|Strength Sap|p2b: Charlie\n|-unboost|p2b: Charlie|atk|1\n|move|p2a: Goyim|Skill Swap|p1b: Sinistcha\n|-activate|p2a: Goyim|move: Skill Swap|Hospitality|Friend Guard|[of] p1b: Sinistcha\n|-heal|p2b: Charlie|100\/100|[from] ability: Hospitality|[of] p2a: Goyim\n|\n|upkeep\n|\n|t:|1700460989\n|switch|p1a: Ogerpon|Ogerpon-Hearthflame, F|100\/100\n|-ability|p1a: Ogerpon|Mold Breaker\n|turn|15\n|inactive|DorgyMorgy has 120 seconds left.\n|c|\u2606DorgyMorgy|Hm?\n|\n|t:|1700461015\n|move|p1b: Sinistcha|Rage Powder|p1b: Sinistcha\n|-singleturn|p1b: Sinistcha|move: Rage Powder\n|move|p1a: Ogerpon|Horn Leech|p2b: Charlie\n|-damage|p2b: Charlie|48\/100\n|move|p2b: Charlie|High Horsepower|p1b: Sinistcha\n|-resisted|p1b: Sinistcha\n|-damage|p1b: Sinistcha|94\/100\n|move|p2a: Goyim|Skill Swap|p1b: Sinistcha\n|-activate|p2a: Goyim|move: Skill Swap|Friend Guard|Hospitality|[of] p1b: Sinistcha\n|\n|-heal|p2b: Charlie|54\/100|[from] item: Leftovers\n|upkeep\n|turn|16\n|c|\u2606DorgyMorgy|I don't mind losing hospitality\n|c|\u2606DorgyMorgy|Because if this\n|\n|t:|1700461041\n|switch|p2a: Matcha|Sinistcha-Masterpiece, shiny|100\/100\n|-heal|p2b: Charlie|79\/100|[from] ability: Hospitality|[of] p2a: Matcha\n|move|p1b: Sinistcha|Rage Powder|p1b: Sinistcha\n|-singleturn|p1b: Sinistcha|move: Rage Powder\n|move|p1a: Ogerpon|Ivy Cudgel|p2a: Matcha|[anim] Ivy Cudgel Fire\n|-supereffective|p2a: Matcha\n|-damage|p2a: Matcha|0 fnt\n|faint|p2a: Matcha\n|move|p2b: Charlie|Drain Punch|p1b: Sinistcha\n|-immune|p1b: Sinistcha\n|\n|-heal|p2b: Charlie|85\/100|[from] item: Leftovers\n|upkeep\n|inactive|sgkoopa has 120 seconds left.\n|\n|t:|1700461051\n|switch|p2a: Goyim|Sableye, F, shiny|100\/100\n|turn|17\n|c|\u2606DorgyMorgy|Perfection\n|c|\u2606sgkoopa|dude you are suck a dork\n|inactive|sgkoopa has 120 seconds left.\n|\n|t:|1700461077\n|move|p2a: Goyim|Fake Out|p1a: Ogerpon\n|-damage|p1a: Ogerpon|86\/100\n|move|p1b: Sinistcha|Rage Powder|p1b: Sinistcha\n|-singleturn|p1b: Sinistcha|move: Rage Powder\n|cant|p1a: Ogerpon|flinch\n|move|p2b: Charlie|Wood Hammer|p1b: Sinistcha\n|-resisted|p1b: Sinistcha\n|-damage|p1b: Sinistcha|85\/100\n|-damage|p2b: Charlie|82\/100|[from] Recoil\n|\n|-heal|p2b: Charlie|88\/100|[from] item: Leftovers\n|upkeep\n|turn|18\n|c|\u2606DorgyMorgy|Don't blame the fact I saw that move from a mile away\n|c|\u2606DorgyMorgy|It was so obvious\n|c|\u2606sgkoopa|this is a meme team\n|c|\u2606sgkoopa|and your brain is slow\n|c|\u2606sgkoopa|you got stalled for the first 10 turns and i need to shit\n|inactive|sgkoopa has 120 seconds left.\n|\n|t:|1700461107\n|move|p2a: Goyim|Fake Out||[still]\n|-hint|Fake Out only works on your first turn out.\n|-fail|p2a: Goyim\n|move|p1b: Sinistcha|Rage Powder|p1b: Sinistcha\n|-singleturn|p1b: Sinistcha|move: Rage Powder\n|move|p1a: Ogerpon|Ivy Cudgel|p2a: Goyim|[anim] Ivy Cudgel Fire\n|-damage|p2a: Goyim|15\/100\n|move|p2b: Charlie|High Horsepower|p1b: Sinistcha\n|-resisted|p1b: Sinistcha\n|-damage|p1b: Sinistcha|79\/100\n|\n|-heal|p2b: Charlie|94\/100|[from] item: Leftovers\n|upkeep\n|turn|19\n|c|\u2606DorgyMorgy|What's funny is\n|c|\u2606DorgyMorgy|Idc\n|-message|sgkoopa forfeited.\n|\n|win|DorgyMorgy\n|raw|DorgyMorgy's rating: 1031 &rarr; <strong>1069<\/strong><br \/>(+38 for winning)\n|raw|sgkoopa's rating: 1054 &rarr; <strong>1035<\/strong><br \/>(-19 for losing)\n|l|\u2606sgkoopa\n","uploadtime":1700461065,"views":4,"p1id":"dorgymorgy","p2id":"sgkoopa","formatid":"gen9doublesou","rating":1035,"private":0,"password":""}