{"id":"gen9doublesou-1979023963","p1":"C0SuMa","p2":"Trickroom4dumies","format":"[Gen 9] Doubles OU","log":"|j|\u2606C0SuMa\n|j|\u2606Trickroom4dumies\n|t:|1698622484\n|gametype|doubles\n|player|p1|C0SuMa|caitlin|1506\n|player|p2|Trickroom4dumies|hexmaniac-gen3|1699\n|teamsize|p1|6\n|teamsize|p2|6\n|gen|9\n|tier|[Gen 9] Doubles OU\n|rated|\n|rule|Species Clause: Limit one of each Pok\u00e9mon\n|rule|OHKO Clause: OHKO moves are banned\n|rule|Evasion Moves Clause: Evasion moves are banned\n|rule|Gravity Sleep Clause: The combination of sleep-inducing moves with imperfect accuracy and Gravity or Gigantamax Orbeetle are banned\n|rule|Endless Battle Clause: Forcing endless battles is banned\n|rule|HP Percentage Mod: HP is shown in percentages\n|clearpoke\n|poke|p1|Sinistcha-Masterpiece|\n|poke|p1|Ursaluna, F|\n|poke|p1|Diancie|\n|poke|p1|Indeedee-F, F|\n|poke|p1|Armarouge, M|\n|poke|p1|Ogerpon-Wellspring, F|\n|poke|p2|Ninetales-Alola, F|\n|poke|p2|Ogerpon-Wellspring, F|\n|poke|p2|Baxcalibur, F|\n|poke|p2|Ceruledge, M|\n|poke|p2|Cresselia, F|\n|poke|p2|Iron Hands|\n|teampreview\n|\n|t:|1698622505\n|start\n|switch|p1a: Diancie|Diancie|100\/100\n|switch|p1b: Armarouge|Armarouge, M|100\/100\n|switch|p2a: Ninetales|Ninetales-Alola, F|100\/100\n|switch|p2b: Cresselia|Cresselia, F, shiny|100\/100\n|-weather|Snow|[from] ability: Snow Warning|[of] p2a: Ninetales\n|turn|1\n|\n|t:|1698622535\n|move|p2a: Ninetales|Aurora Veil|p2a: Ninetales\n|-sidestart|p2: Trickroom4dumies|move: Aurora Veil\n|move|p2b: Cresselia|Calm Mind|p2b: Cresselia\n|-boost|p2b: Cresselia|spa|1\n|-boost|p2b: Cresselia|spd|1\n|move|p1a: Diancie|Diamond Storm|p2b: Cresselia|[spread] p2a\n|-miss|p1a: Diancie|p2b: Cresselia\n|-supereffective|p2a: Ninetales\n|-damage|p2a: Ninetales|69\/100\n|move|p1b: Armarouge|Trick Room|p1b: Armarouge\n|-fieldstart|move: Trick Room|[of] p1b: Armarouge\n|\n|-weather|Snow|[upkeep]\n|upkeep\n|turn|2\n|inactive|Battle timer is ON: inactive players will automatically lose when time's up. (requested by C0SuMa)\n|\n|t:|1698622564\n|switch|p1a: Indeedee|Indeedee-F, F|100\/100\n|-fieldstart|move: Psychic Terrain|[from] ability: Psychic Surge|[of] p1a: Indeedee\n|-enditem|p1a: Indeedee|Psychic Seed\n|-boost|p1a: Indeedee|spd|1|[from] item: Psychic Seed\n|move|p1b: Armarouge|Heat Wave|p2a: Ninetales|[spread] p2a,p2b\n|-supereffective|p2a: Ninetales\n|-damage|p2a: Ninetales|9\/100\n|-damage|p2b: Cresselia|88\/100\n|-damage|p1b: Armarouge|91\/100|[from] item: Life Orb\n|move|p2b: Cresselia|Calm Mind|p2b: Cresselia\n|-boost|p2b: Cresselia|spa|1\n|-boost|p2b: Cresselia|spd|1\n|move|p2a: Ninetales|Encore|p1b: Armarouge\n|-start|p1b: Armarouge|Encore\n|\n|-weather|Snow|[upkeep]\n|-heal|p2b: Cresselia|94\/100|[from] item: Leftovers\n|upkeep\n|turn|3\n|\n|t:|1698622586\n|switch|p2a: Ceruledge|Ceruledge, M|100\/100\n|move|p1a: Indeedee|Helping Hand|p1b: Armarouge\n|-singleturn|p1b: Armarouge|Helping Hand|[of] p1a: Indeedee\n|move|p1b: Armarouge|Heat Wave|p2b: Cresselia|[spread] p2b\n|-start|p2a: Ceruledge|ability: Flash Fire\n|-damage|p2b: Cresselia|79\/100\n|-damage|p1b: Armarouge|81\/100|[from] item: Life Orb\n|move|p2b: Cresselia|Calm Mind|p2b: Cresselia\n|-boost|p2b: Cresselia|spa|1\n|-boost|p2b: Cresselia|spd|1\n|\n|-weather|Snow|[upkeep]\n|-heal|p2b: Cresselia|85\/100|[from] item: Leftovers\n|upkeep\n|turn|4\n|\n|t:|1698622613\n|move|p1a: Indeedee|Follow Me|p1a: Indeedee\n|-singleturn|p1a: Indeedee|move: Follow Me\n|move|p1b: Armarouge|Heat Wave|p2b: Cresselia|[spread] p2b\n|-immune|p2a: Ceruledge|[from] ability: Flash Fire\n|-crit|p2b: Cresselia\n|-damage|p2b: Cresselia|40\/100\n|-damage|p1b: Armarouge|71\/100|[from] item: Life Orb\n|move|p2b: Cresselia|Calm Mind|p2b: Cresselia\n|-boost|p2b: Cresselia|spa|1\n|-boost|p2b: Cresselia|spd|1\n|move|p2a: Ceruledge|Bitter Blade|p1a: Indeedee\n|-damage|p1a: Indeedee|21\/100\n|\n|-weather|Snow|[upkeep]\n|-heal|p2b: Cresselia|46\/100|[from] item: Leftovers\n|upkeep\n|turn|5\n|\n|t:|1698622638\n|move|p1a: Indeedee|Helping Hand|p1b: Armarouge\n|-singleturn|p1b: Armarouge|Helping Hand|[of] p1a: Indeedee\n|move|p1b: Armarouge|Heat Wave|p2b: Cresselia|[spread] p2b\n|-immune|p2a: Ceruledge|[from] ability: Flash Fire\n|-damage|p2b: Cresselia|36\/100\n|-status|p2b: Cresselia|brn\n|-damage|p1b: Armarouge|61\/100|[from] item: Life Orb\n|move|p2b: Cresselia|Lunar Blessing|p2b: Cresselia|[spread] p2a,p2b\n|-heal|p2b: Cresselia|61\/100 brn\n|-curestatus|p2b: Cresselia|brn|[msg]\n|move|p2a: Ceruledge|Swords Dance|p2a: Ceruledge\n|-boost|p2a: Ceruledge|atk|2\n|\n|-weather|none\n|-heal|p2b: Cresselia|68\/100|[from] item: Leftovers\n|-end|p1b: Armarouge|Encore\n|-fieldend|move: Trick Room\n|upkeep\n|turn|6\n|\n|t:|1698622665\n|move|p1a: Indeedee|Follow Me|p1a: Indeedee\n|-singleturn|p1a: Indeedee|move: Follow Me\n|move|p2a: Ceruledge|Bitter Blade|p1a: Indeedee\n|-damage|p1a: Indeedee|0 fnt\n|faint|p1a: Indeedee\n|move|p2b: Cresselia|Stored Power|p1b: Armarouge\n|-resisted|p1b: Armarouge\n|-crit|p1b: Armarouge\n|-damage|p1b: Armarouge|0 fnt\n|faint|p1b: Armarouge\n|\n|-heal|p2b: Cresselia|74\/100|[from] item: Leftovers\n|-fieldend|move: Psychic Terrain\n|upkeep\n|inactive|C0SuMa has 120 seconds left.\n|\n|t:|1698622683\n|switch|p1a: Ogerpon|Ogerpon-Wellspring, F|100\/100\n|switch|p1b: Diancie|Diancie|100\/100\n|turn|7\n|\n|t:|1698622703\n|-terastallize|p1a: Ogerpon|Water\n|detailschange|p1a: Ogerpon|Ogerpon-Wellspring-Tera, F, tera:Water\n|-ability|p1a: Ogerpon|Embody Aspect (Wellspring)|boost\n|-boost|p1a: Ogerpon|spd|1\n|-terastallize|p2a: Ceruledge|Grass\n|move|p1a: Ogerpon|Knock Off|p2b: Cresselia\n|-supereffective|p2b: Cresselia\n|-damage|p2b: Cresselia|44\/100\n|-enditem|p2b: Cresselia|Leftovers|[from] move: Knock Off|[of] p1a: Ogerpon\n|move|p2a: Ceruledge|Bitter Blade|p1a: Ogerpon\n|-resisted|p1a: Ogerpon\n|-damage|p1a: Ogerpon|0 fnt\n|faint|p1a: Ogerpon\n|move|p2b: Cresselia|Stored Power|p1b: Diancie\n|-damage|p1b: Diancie|0 fnt\n|faint|p1b: Diancie\n|\n|upkeep\n|inactive|C0SuMa has 120 seconds left.\n|\n|t:|1698622719\n|switch|p1a: Ursaluna|Ursaluna, F|100\/100\n|switch|p1b: Sinistcha|Sinistcha-Masterpiece|100\/100\n|turn|8\n|c|\u2606C0SuMa|gg\n|c|\u2606Trickroom4dumies|Gg\n|\n|t:|1698622735\n|move|p2a: Ceruledge|Bitter Blade|p1a: Ursaluna\n|-damage|p1a: Ursaluna|0 fnt\n|faint|p1a: Ursaluna\n|move|p2b: Cresselia|Stored Power|p1b: Sinistcha\n|-damage|p1b: Sinistcha|0 fnt\n|faint|p1b: Sinistcha\n|\n|win|Trickroom4dumies\n|raw|C0SuMa's rating: 1506 &rarr; <strong>1496<\/strong><br \/>(-10 for losing)\n|raw|Trickroom4dumies's rating: 1699 &rarr; <strong>1709<\/strong><br \/>(+10 for winning)\n","uploadtime":1698622753,"views":19,"p1id":"c0suma","p2id":"trickroom4dumies","formatid":"gen9doublesou","rating":1496,"private":0,"password":""}