{"id":"gen9doublesou-1985419122","p1":"sdmiiu","p2":"UY QUE RICO PAPI","format":"[Gen 9] Doubles OU","log":"|j|\u2606sdmiiu\n|j|\u2606UY QUE RICO PAPI\n|t:|1699373124\n|gametype|doubles\n|player|p1|sdmiiu|red|1291\n|player|p2|UY QUE RICO PAPI|266|1373\n|teamsize|p1|6\n|teamsize|p2|6\n|gen|9\n|tier|[Gen 9] Doubles OU\n|rated|\n|rule|Species Clause: Limit one of each Pok\u00e9mon\n|rule|OHKO Clause: OHKO moves are banned\n|rule|Evasion Moves Clause: Evasion moves are banned\n|rule|Gravity Sleep Clause: The combination of sleep-inducing moves with imperfect accuracy and Gravity or Gigantamax Orbeetle are banned\n|rule|Endless Battle Clause: Forcing endless battles is banned\n|rule|HP Percentage Mod: HP is shown in percentages\n|clearpoke\n|poke|p1|Braviary-Hisui, M|\n|poke|p1|Haxorus, F|\n|poke|p1|Clefable, F|\n|poke|p1|Gengar, M|\n|poke|p1|Lucario, F|\n|poke|p1|Weavile, F|\n|poke|p2|Trevenant, M|\n|poke|p2|Sableye, F|\n|poke|p2|Garganacl, F|\n|poke|p2|Ting-Lu|\n|poke|p2|Sinistcha|\n|poke|p2|Scream Tail|\n|teampreview\n|inactive|Battle timer is ON: inactive players will automatically lose when time's up. (requested by sdmiiu)\n|c|\u2606sdmiiu|ohh i alreadt rigth with you\n|c|\u2606sdmiiu|you talk spanish rigth\n|c|\u2606sdmiiu|?\n|inactive|sdmiiu has 120 seconds left.\n|c|\u2606sdmiiu|tu hablas espa\u00f1ol\n|\n|t:|1699373165\n|start\n|switch|p1a: Weavile|Weavile, F|100\/100\n|switch|p1b: Lucario|Lucario, F|100\/100\n|switch|p2a: Sableye|Sableye, F|100\/100\n|switch|p2b: Scream Tail|Scream Tail|100\/100\n|-ability|p1a: Weavile|Pressure\n|turn|1\n|c|\u2606UY QUE RICO PAPI|donde esta la biblioteca\n|c|\u2606sdmiiu|que biblioteca\n|inactive|sdmiiu has 120 seconds left.\n|\n|t:|1699373196\n|move|p1b: Lucario|Bullet Punch|p2b: Scream Tail\n|-supereffective|p2b: Scream Tail\n|-damage|p2b: Scream Tail|81\/100\n|move|p2a: Sableye|Reflect|p2a: Sableye\n|-sidestart|p2: UY QUE RICO PAPI|Reflect\n|move|p1a: Weavile|Beat Up|p1b: Lucario\n|-resisted|p1b: Lucario\n|-damage|p1b: Lucario|94\/100\n|-ability|p1b: Lucario|Justified|boost\n|-boost|p1b: Lucario|atk|1\n|-resisted|p1b: Lucario\n|-damage|p1b: Lucario|87\/100\n|-ability|p1b: Lucario|Justified|boost\n|-boost|p1b: Lucario|atk|1\n|-resisted|p1b: Lucario\n|-damage|p1b: Lucario|82\/100\n|-ability|p1b: Lucario|Justified|boost\n|-boost|p1b: Lucario|atk|1\n|-resisted|p1b: Lucario\n|-damage|p1b: Lucario|78\/100\n|-ability|p1b: Lucario|Justified|boost\n|-boost|p1b: Lucario|atk|1\n|-resisted|p1b: Lucario\n|-damage|p1b: Lucario|70\/100\n|-ability|p1b: Lucario|Justified|boost\n|-boost|p1b: Lucario|atk|1\n|-resisted|p1b: Lucario\n|-damage|p1b: Lucario|65\/100\n|-ability|p1b: Lucario|Justified|boost\n|-boost|p1b: Lucario|atk|1\n|-hitcount|p1b: Lucario|6\n|move|p2b: Scream Tail|Amnesia|p2b: Scream Tail\n|-boost|p2b: Scream Tail|spd|2\n|\n|upkeep\n|turn|2\n|inactive|sdmiiu has 120 seconds left.\n|inactive|UY QUE RICO PAPI has 120 seconds left.\n|\n|t:|1699373245\n|switch|p1a: Clefable|Clefable, F|100\/100\n|-end|p2b: Scream Tail|Protosynthesis|[silent]\n|switch|p2b: Trevenant|Trevenant, M|100\/100\n|move|p1b: Lucario|Protect|p1b: Lucario\n|-singleturn|p1b: Lucario|Protect\n|move|p2a: Sableye|Light Screen|p2a: Sableye\n|-sidestart|p2: UY QUE RICO PAPI|move: Light Screen\n|\n|upkeep\n|turn|3\n|inactive|UY QUE RICO PAPI has 120 seconds left.\n|\n|t:|1699373264\n|move|p1a: Clefable|Follow Me|p1a: Clefable\n|-singleturn|p1a: Clefable|move: Follow Me\n|move|p1b: Lucario|Bullet Punch|p2b: Trevenant\n|-damage|p2b: Trevenant|61\/100\n|move|p2a: Sableye|Taunt|p1a: Clefable\n|-start|p1a: Clefable|move: Taunt\n|move|p2b: Trevenant|Curse|p1a: Clefable\n|-start|p1a: Clefable|Curse|[of] p2b: Trevenant\n|-damage|p2b: Trevenant|11\/100\n|-enditem|p2b: Trevenant|Sitrus Berry|[eat]\n|-heal|p2b: Trevenant|36\/100|[from] item: Sitrus Berry\n|\n|-item|p2b: Trevenant|Sitrus Berry|[from] ability: Harvest\n|upkeep\n|-enditem|p2b: Trevenant|Sitrus Berry|[eat]\n|-heal|p2b: Trevenant|61\/100|[from] item: Sitrus Berry\n|turn|4\n|inactive|UY QUE RICO PAPI has 120 seconds left.\n|\n|t:|1699373290\n|switch|p2a: Sinistcha|Sinistcha|100\/100\n|-heal|p2b: Trevenant|86\/100|[from] ability: Hospitality|[of] p2a: Sinistcha\n|move|p1b: Lucario|Bullet Punch|p2b: Trevenant\n|-damage|p2b: Trevenant|45\/100\n|move|p1a: Clefable|Draining Kiss|p2a: Sinistcha\n|-damage|p2a: Sinistcha|87\/100\n|move|p2b: Trevenant|Curse|p1b: Lucario\n|-start|p1b: Lucario|Curse|[of] p2b: Trevenant\n|-damage|p2b: Trevenant|0 fnt\n|faint|p2b: Trevenant\n|\n|-heal|p2a: Sinistcha|93\/100|[from] item: Leftovers\n|-damage|p1b: Lucario|40\/100|[from] Curse\n|upkeep\n|inactive|UY QUE RICO PAPI has 90 seconds left.\n|\n|t:|1699373337\n|switch|p2b: Garganacl|Garganacl, F|100\/100\n|turn|5\n|inactive|UY QUE RICO PAPI has 90 seconds left.\n|\n|t:|1699373349\n|move|p2a: Sinistcha|Rage Powder|p2a: Sinistcha\n|-singleturn|p2a: Sinistcha|move: Rage Powder\n|move|p1b: Lucario|Close Combat|p2a: Sinistcha\n|-immune|p2a: Sinistcha\n|move|p1a: Clefable|Brick Break|p2a: Sinistcha\n|-immune|p2a: Sinistcha\n|move|p2b: Garganacl|Salt Cure|p1b: Lucario\n|-resisted|p1b: Lucario\n|-damage|p1b: Lucario|34\/100\n|-start|p1b: Lucario|Salt Cure\n|\n|-heal|p2a: Sinistcha|99\/100|[from] item: Leftovers\n|-damage|p1b: Lucario|9\/100|[from] Curse\n|-damage|p1b: Lucario|0 fnt|[from] Salt Cure\n|faint|p1b: Lucario\n|upkeep\n|\n|t:|1699373364\n|switch|p1b: Weavile|Weavile, F|100\/100\n|-ability|p1b: Weavile|Pressure\n|turn|6\n|c|\u2606UY QUE RICO PAPI|phew\n|\n|t:|1699373375\n|switch|p2a: Sableye|Sableye, F|100\/100\n|switch|p2b: Scream Tail|Scream Tail|81\/100\n|move|p1b: Weavile|Beat Up|p2a: Sableye\n|-damage|p2a: Sableye|95\/100\n|-damage|p2a: Sableye|86\/100\n|-damage|p2a: Sableye|81\/100\n|-damage|p2a: Sableye|72\/100\n|-damage|p2a: Sableye|66\/100\n|-hitcount|p2a: Sableye|5\n|move|p1a: Clefable|Brick Break|p2b: Scream Tail\n|-sideend|p2: UY QUE RICO PAPI|Reflect\n|-sideend|p2: UY QUE RICO PAPI|move: Light Screen\n|-resisted|p2b: Scream Tail\n|-damage|p2b: Scream Tail|79\/100\n|\n|-end|p1a: Clefable|move: Taunt\n|upkeep\n|turn|7\n|c|\u2606sdmiiu|lucario no hiso nada\n|inactive|UY QUE RICO PAPI has 120 seconds left.\n|\n|t:|1699373411\n|move|p1a: Clefable|Follow Me|p1a: Clefable\n|-singleturn|p1a: Clefable|move: Follow Me\n|move|p2a: Sableye|Reflect|p2a: Sableye\n|-sidestart|p2: UY QUE RICO PAPI|Reflect\n|move|p1b: Weavile|Ice Spinner|p2b: Scream Tail\n|-damage|p2b: Scream Tail|64\/100\n|move|p2b: Scream Tail|Amnesia|p2b: Scream Tail\n|-boost|p2b: Scream Tail|spd|2\n|\n|upkeep\n|turn|8\n|inactive|UY QUE RICO PAPI has 120 seconds left.\n|c|\u2606sdmiiu|tu equipo es de desgaste\n|inactive|sdmiiu has 120 seconds left.\n|inactive|UY QUE RICO PAPI has 90 seconds left.\n|\n|t:|1699373453\n|move|p2a: Sableye|Light Screen|p2a: Sableye\n|-sidestart|p2: UY QUE RICO PAPI|move: Light Screen\n|move|p1b: Weavile|Ice Spinner|p2a: Sableye\n|-damage|p2a: Sableye|27\/100\n|move|p2b: Scream Tail|Encore|p1a: Clefable\n|-start|p1a: Clefable|Encore\n|move|p1a: Clefable|Follow Me|p1a: Clefable\n|-singleturn|p1a: Clefable|move: Follow Me\n|\n|upkeep\n|turn|9\n|inactive|UY QUE RICO PAPI has 90 seconds left.\n|\n|t:|1699373476\n|move|p1a: Clefable|Follow Me|p1a: Clefable\n|-singleturn|p1a: Clefable|move: Follow Me\n|move|p2a: Sableye|Taunt|p1a: Clefable\n|-start|p1a: Clefable|move: Taunt\n|move|p1b: Weavile|Ice Spinner|p2a: Sableye\n|-crit|p2a: Sableye\n|-damage|p2a: Sableye|0 fnt\n|faint|p2a: Sableye\n|move|p2b: Scream Tail|Stealth Rock|p1a: Clefable\n|-sidestart|p1: sdmiiu|move: Stealth Rock\n|\n|upkeep\n|inactive|UY QUE RICO PAPI has 90 seconds left.\n|\n|t:|1699373487\n|switch|p2a: Ting-Lu|Ting-Lu|100\/100\n|-ability|p2a: Ting-Lu|Vessel of Ruin\n|turn|10\n|\n|t:|1699373504\n|switch|p1a: Haxorus|Haxorus, F|100\/100\n|-damage|p1a: Haxorus|88\/100|[from] Stealth Rock\n|-ability|p1a: Haxorus|Mold Breaker\n|move|p1b: Weavile|Ice Spinner|p2a: Ting-Lu\n|-supereffective|p2a: Ting-Lu\n|-damage|p2a: Ting-Lu|79\/100\n|move|p2b: Scream Tail|Baton Pass|p2b: Scream Tail\n|\n|t:|1699373514\n|-end|p2b: Scream Tail|Protosynthesis|[silent]\n|switch|p2b: Garganacl|Garganacl, F|100\/100|[from] Baton Pass\n|move|p2a: Ting-Lu|Spikes|p1b: Weavile\n|-sidestart|p1: sdmiiu|Spikes\n|\n|-heal|p2a: Ting-Lu|86\/100|[from] item: Leftovers\n|upkeep\n|turn|11\n|inactive|UY QUE RICO PAPI has 120 seconds left.\n|\n|t:|1699373528\n|switch|p1b: Clefable|Clefable, F|100\/100\n|move|p1a: Haxorus|Iron Head|p2b: Garganacl\n|-supereffective|p2b: Garganacl\n|-damage|p2b: Garganacl|79\/100\n|move|p2a: Ting-Lu|Spikes|p1b: Clefable\n|-sidestart|p1: sdmiiu|Spikes\n|move|p2b: Garganacl|Curse|p2b: Garganacl\n|-unboost|p2b: Garganacl|spe|1\n|-boost|p2b: Garganacl|atk|1\n|-boost|p2b: Garganacl|def|1\n|\n|-heal|p2a: Ting-Lu|92\/100|[from] item: Leftovers\n|upkeep\n|turn|12\n|\n|t:|1699373547\n|switch|p2a: Sinistcha|Sinistcha|99\/100\n|-heal|p2b: Garganacl|100\/100|[from] ability: Hospitality|[of] p2a: Sinistcha\n|-terastallize|p1a: Haxorus|Steel\n|-terastallize|p2b: Garganacl|Ghost\n|move|p1a: Haxorus|Iron Head|p2b: Garganacl\n|-damage|p2b: Garganacl|90\/100\n|move|p1b: Clefable|Brick Break|p2b: Garganacl\n|-immune|p2b: Garganacl\n|cant|p2b: Garganacl|flinch\n|\n|-heal|p2a: Sinistcha|100\/100|[from] item: Leftovers\n|upkeep\n|turn|13\n|\n|t:|1699373574\n|move|p2a: Sinistcha|Rage Powder|p2a: Sinistcha\n|-singleturn|p2a: Sinistcha|move: Rage Powder\n|move|p1b: Clefable|Follow Me|p1b: Clefable\n|-singleturn|p1b: Clefable|move: Follow Me\n|move|p1a: Haxorus|Iron Head|p2a: Sinistcha\n|-damage|p2a: Sinistcha|81\/100\n|move|p2b: Garganacl|Curse|p1b: Clefable\n|-start|p1b: Clefable|Curse|[of] p2b: Garganacl\n|-damage|p2b: Garganacl|40\/100\n|-enditem|p2b: Garganacl|Sitrus Berry|[eat]\n|-heal|p2b: Garganacl|65\/100|[from] item: Sitrus Berry\n|\n|-heal|p2a: Sinistcha|87\/100|[from] item: Leftovers\n|upkeep\n|turn|14\n|\n|t:|1699373593\n|move|p2a: Sinistcha|Rage Powder|p2a: Sinistcha\n|-singleturn|p2a: Sinistcha|move: Rage Powder\n|move|p1b: Clefable|Follow Me|p1b: Clefable\n|-singleturn|p1b: Clefable|move: Follow Me\n|move|p1a: Haxorus|Iron Head|p2a: Sinistcha\n|-damage|p2a: Sinistcha|65\/100\n|move|p2b: Garganacl|Recover|p2b: Garganacl\n|-heal|p2b: Garganacl|100\/100\n|\n|-heal|p2a: Sinistcha|71\/100|[from] item: Leftovers\n|-sideend|p2: UY QUE RICO PAPI|Reflect\n|upkeep\n|turn|15\n|\n|t:|1699373608\n|move|p2a: Sinistcha|Rage Powder|p2a: Sinistcha\n|-singleturn|p2a: Sinistcha|move: Rage Powder\n|move|p1b: Clefable|Follow Me|p1b: Clefable\n|-singleturn|p1b: Clefable|move: Follow Me\n|move|p1a: Haxorus|Iron Head|p2a: Sinistcha\n|-damage|p2a: Sinistcha|41\/100\n|move|p2b: Garganacl|Curse||[still]\n|-fail|p2b: Garganacl\n|\n|-heal|p2a: Sinistcha|47\/100|[from] item: Leftovers\n|-sideend|p2: UY QUE RICO PAPI|move: Light Screen\n|upkeep\n|turn|16\n|c|\u2606sdmiiu|que batalla tan larga\n|\n|t:|1699373637\n|move|p1b: Clefable|Follow Me|p1b: Clefable\n|-singleturn|p1b: Clefable|move: Follow Me\n|move|p1a: Haxorus|Iron Head|p2a: Sinistcha\n|-damage|p2a: Sinistcha|17\/100\n|cant|p2a: Sinistcha|flinch\n|move|p2b: Garganacl|Salt Cure|p1b: Clefable\n|-damage|p1b: Clefable|84\/100\n|-start|p1b: Clefable|Salt Cure\n|\n|-heal|p2a: Sinistcha|23\/100|[from] item: Leftovers\n|upkeep\n|turn|17\n|c|\u2606sdmiiu|normalmente gano o pierdo en maximo 1o0 turnos\n|\n|t:|1699373661\n|switch|p2a: Ting-Lu|Ting-Lu|92\/100\n|-ability|p2a: Ting-Lu|Vessel of Ruin\n|move|p1b: Clefable|Follow Me|p1b: Clefable\n|-singleturn|p1b: Clefable|move: Follow Me\n|move|p1a: Haxorus|Iron Head|p2a: Ting-Lu\n|-damage|p2a: Ting-Lu|72\/100\n|move|p2b: Garganacl|Salt Cure|p1b: Clefable\n|-damage|p1b: Clefable|65\/100\n|\n|-heal|p2a: Ting-Lu|79\/100|[from] item: Leftovers\n|upkeep\n|turn|18\n|\n|t:|1699373681\n|move|p1b: Clefable|Follow Me|p1b: Clefable\n|-singleturn|p1b: Clefable|move: Follow Me\n|move|p1a: Haxorus|Iron Head|p2b: Garganacl\n|-damage|p2b: Garganacl|84\/100\n|move|p2b: Garganacl|Salt Cure|p1b: Clefable\n|-damage|p1b: Clefable|47\/100\n|-enditem|p1b: Clefable|Sitrus Berry|[eat]\n|-heal|p1b: Clefable|72\/100|[from] item: Sitrus Berry\n|move|p2a: Ting-Lu|Whirlwind|p1b: Clefable\n|drag|p1b: Gengar|Gengar, M|100\/100\n|-damage|p1b: Gengar|88\/100|[from] Stealth Rock\n|-damage|p1b: Gengar|72\/100|[from] Spikes\n|\n|-heal|p2a: Ting-Lu|85\/100|[from] item: Leftovers\n|upkeep\n|turn|19\n|\n|t:|1699373701\n|move|p1a: Haxorus|Iron Head|p2b: Garganacl\n|-damage|p2b: Garganacl|70\/100\n|move|p1b: Gengar|Shadow Ball|p2b: Garganacl\n|-supereffective|p2b: Garganacl\n|-crit|p2b: Garganacl\n|-damage|p2b: Garganacl|28\/100\n|move|p2a: Ting-Lu|Mean Look|p1a: Haxorus\n|-activate|p1a: Haxorus|trapped\n|cant|p2b: Garganacl|flinch\n|\n|-heal|p2a: Ting-Lu|91\/100|[from] item: Leftovers\n|upkeep\n|turn|20\n|\n|t:|1699373724\n|switch|p2a: Sinistcha|Sinistcha|23\/100\n|-heal|p2b: Garganacl|53\/100|[from] ability: Hospitality|[of] p2a: Sinistcha\n|move|p2b: Garganacl|Protect|p2b: Garganacl\n|-singleturn|p2b: Garganacl|Protect\n|move|p1a: Haxorus|Iron Head|p2b: Garganacl\n|-activate|p2b: Garganacl|move: Protect\n|move|p1b: Gengar|Shadow Ball|p2b: Garganacl\n|-activate|p2b: Garganacl|move: Protect\n|\n|-heal|p2a: Sinistcha|29\/100|[from] item: Leftovers\n|upkeep\n|turn|21\n|\n|t:|1699373742\n|move|p2a: Sinistcha|Rage Powder|p2a: Sinistcha\n|-singleturn|p2a: Sinistcha|move: Rage Powder\n|move|p1a: Haxorus|Iron Head|p2a: Sinistcha\n|-damage|p2a: Sinistcha|0 fnt\n|faint|p2a: Sinistcha\n|move|p1b: Gengar|Shadow Ball|p2b: Garganacl\n|-supereffective|p2b: Garganacl\n|-damage|p2b: Garganacl|35\/100\n|move|p2b: Garganacl|Recover|p2b: Garganacl\n|-heal|p2b: Garganacl|85\/100\n|\n|upkeep\n|\n|t:|1699373753\n|switch|p2a: Ting-Lu|Ting-Lu|91\/100\n|-ability|p2a: Ting-Lu|Vessel of Ruin\n|turn|22\n|\n|t:|1699373763\n|move|p1a: Haxorus|Iron Head|p2b: Garganacl\n|-damage|p2b: Garganacl|69\/100\n|move|p1b: Gengar|Destiny Bond|p1b: Gengar\n|-singlemove|p1b: Gengar|Destiny Bond\n|move|p2a: Ting-Lu|Mean Look|p1a: Haxorus\n|-activate|p1a: Haxorus|trapped\n|cant|p2b: Garganacl|flinch\n|\n|-heal|p2a: Ting-Lu|97\/100|[from] item: Leftovers\n|upkeep\n|turn|23\n|c|\u2606UY QUE RICO PAPI|...\n|\n|t:|1699373781\n|move|p1a: Haxorus|Iron Head|p2b: Garganacl\n|-damage|p2b: Garganacl|52\/100\n|move|p1b: Gengar|Nasty Plot|p1b: Gengar\n|-boost|p1b: Gengar|spa|2\n|move|p2a: Ting-Lu|Spikes|p1a: Haxorus\n|-sidestart|p1: sdmiiu|Spikes\n|cant|p2b: Garganacl|flinch\n|\n|-heal|p2a: Ting-Lu|100\/100|[from] item: Leftovers\n|upkeep\n|turn|24\n|\n|t:|1699373796\n|move|p2b: Garganacl|Protect|p2b: Garganacl\n|-singleturn|p2b: Garganacl|Protect\n|move|p1a: Haxorus|Iron Head|p2b: Garganacl\n|-activate|p2b: Garganacl|move: Protect\n|move|p1b: Gengar|Shadow Ball|p2b: Garganacl\n|-activate|p2b: Garganacl|move: Protect\n|move|p2a: Ting-Lu|Whirlwind|p1b: Gengar\n|drag|p1b: Braviary|Braviary-Hisui, M|100\/100\n|-damage|p1b: Braviary|75\/100|[from] Stealth Rock\n|\n|upkeep\n|turn|25\n|inactive|UY QUE RICO PAPI has 120 seconds left.\n|\n|t:|1699373833\n|move|p1a: Haxorus|Iron Head|p2b: Garganacl\n|-crit|p2b: Garganacl\n|-damage|p2b: Garganacl|20\/100\n|move|p1b: Braviary|Shadow Ball|p2b: Garganacl\n|-supereffective|p2b: Garganacl\n|-damage|p2b: Garganacl|5\/100\n|move|p2a: Ting-Lu|Mean Look|p1b: Braviary\n|-activate|p1b: Braviary|trapped\n|move|p2b: Garganacl|Recover|p2b: Garganacl\n|-heal|p2b: Garganacl|55\/100\n|\n|upkeep\n|turn|26\n|c|\u2606sdmiiu|no debiste haber jecho rafaga\n|inactive|UY QUE RICO PAPI has 120 seconds left.\n|\n|t:|1699373867\n|move|p2a: Ting-Lu|Protect|p2a: Ting-Lu\n|-singleturn|p2a: Ting-Lu|Protect\n|move|p1a: Haxorus|Iron Head|p2b: Garganacl\n|-crit|p2b: Garganacl\n|-damage|p2b: Garganacl|19\/100\n|move|p1b: Braviary|Shadow Ball|p2b: Garganacl\n|-supereffective|p2b: Garganacl\n|-damage|p2b: Garganacl|5\/100\n|move|p2b: Garganacl|Recover|p2b: Garganacl\n|-heal|p2b: Garganacl|55\/100\n|\n|upkeep\n|turn|27\n|inactive|UY QUE RICO PAPI has 120 seconds left.\n|\n|t:|1699373888\n|move|p1a: Haxorus|Iron Head|p2b: Garganacl\n|-damage|p2b: Garganacl|40\/100\n|move|p1b: Braviary|Shadow Ball|p2b: Garganacl\n|-supereffective|p2b: Garganacl\n|-damage|p2b: Garganacl|26\/100\n|-unboost|p2b: Garganacl|spd|1\n|move|p2a: Ting-Lu|Mean Look||[still]\n|-fail|p2a: Ting-Lu\n|move|p2b: Garganacl|Recover|p2b: Garganacl\n|-heal|p2b: Garganacl|76\/100\n|\n|upkeep\n|turn|28\n|inactive|UY QUE RICO PAPI has 120 seconds left.\n|\n|t:|1699373920\n|move|p1a: Haxorus|Iron Head|p2b: Garganacl\n|-damage|p2b: Garganacl|60\/100\n|move|p1b: Braviary|Shadow Ball|p2b: Garganacl\n|-supereffective|p2b: Garganacl\n|-damage|p2b: Garganacl|40\/100\n|move|p2b: Garganacl|Recover|p2b: Garganacl\n|-heal|p2b: Garganacl|90\/100\n|move|p2a: Ting-Lu|Whirlwind|p1b: Braviary\n|drag|p1b: Clefable|Clefable, F|72\/100\n|\n|upkeep\n|turn|29\n|c|\u2606sdmiiu|fuerzas un combate infinito\n|\n|t:|1699373936\n|move|p2b: Garganacl|Protect|p2b: Garganacl\n|-singleturn|p2b: Garganacl|Protect\n|move|p1a: Haxorus|Iron Head|p2b: Garganacl\n|-activate|p2b: Garganacl|move: Protect\n|move|p1b: Clefable|Draining Kiss|p2a: Ting-Lu\n|-supereffective|p2a: Ting-Lu\n|-damage|p2a: Ting-Lu|81\/100\n|-heal|p1b: Clefable|92\/100|[from] drain|[of] p2a: Ting-Lu\n|move|p2a: Ting-Lu|Whirlwind|p1b: Clefable\n|drag|p1b: Braviary|Braviary-Hisui, M|75\/100\n|-damage|p1b: Braviary|50\/100|[from] Stealth Rock\n|\n|-heal|p2a: Ting-Lu|87\/100|[from] item: Leftovers\n|upkeep\n|turn|30\n|c|\u2606UY QUE RICO PAPI|tienes la mejor puta mierda suerte del universo\n|c|\u2606sdmiiu|siii\n|c|\u2606sdmiiu|muchisima\n|\n|t:|1699373966\n|move|p1a: Haxorus|Iron Head|p2b: Garganacl\n|-damage|p2b: Garganacl|75\/100\n|move|p1b: Braviary|Esper Wing|p2b: Garganacl\n|-damage|p2b: Garganacl|47\/100\n|-boost|p1b: Braviary|spe|1\n|move|p2b: Garganacl|Salt Cure|p1a: Haxorus\n|-resisted|p1a: Haxorus\n|-damage|p1a: Haxorus|75\/100\n|-start|p1a: Haxorus|Salt Cure\n|move|p2a: Ting-Lu|Whirlwind|p1b: Braviary\n|drag|p1b: Gengar|Gengar, M|72\/100\n|-damage|p1b: Gengar|60\/100|[from] Stealth Rock\n|-damage|p1b: Gengar|35\/100|[from] Spikes\n|\n|-heal|p2a: Ting-Lu|93\/100|[from] item: Leftovers\n|-damage|p1a: Haxorus|50\/100|[from] Salt Cure\n|upkeep\n|turn|31\n|\n|t:|1699373988\n|move|p2b: Garganacl|Protect|p2b: Garganacl\n|-singleturn|p2b: Garganacl|Protect\n|move|p1a: Haxorus|Iron Head|p2b: Garganacl\n|-activate|p2b: Garganacl|move: Protect\n|move|p1b: Gengar|Shadow Ball|p2b: Garganacl\n|-activate|p2b: Garganacl|move: Protect\n|move|p2a: Ting-Lu|Whirlwind|p1b: Gengar\n|drag|p1b: Braviary|Braviary-Hisui, M|50\/100\n|-damage|p1b: Braviary|25\/100|[from] Stealth Rock\n|\n|-heal|p2a: Ting-Lu|99\/100|[from] item: Leftovers\n|-damage|p1a: Haxorus|25\/100|[from] Salt Cure\n|upkeep\n|turn|32\n|\n|t:|1699374012\n|move|p1a: Haxorus|Iron Head|p2b: Garganacl\n|-damage|p2b: Garganacl|32\/100\n|move|p1b: Braviary|Shadow Ball|p2b: Garganacl\n|-supereffective|p2b: Garganacl\n|-damage|p2b: Garganacl|12\/100\n|move|p2b: Garganacl|Recover|p2b: Garganacl\n|-heal|p2b: Garganacl|62\/100\n|move|p2a: Ting-Lu|Whirlwind|p1b: Braviary\n|drag|p1b: Clefable|Clefable, F|92\/100\n|\n|-heal|p2a: Ting-Lu|100\/100|[from] item: Leftovers\n|-damage|p1a: Haxorus|0 fnt|[from] Salt Cure\n|faint|p1a: Haxorus\n|upkeep\n|inactive|sdmiiu has 120 seconds left.\n|\n|t:|1699374034\n|switch|p1a: Braviary|Braviary-Hisui, M|25\/100\n|-damage|p1a: Braviary|0 fnt|[from] Stealth Rock\n|faint|p1a: Braviary\n|\n|t:|1699374038\n|switch|p1a: Gengar|Gengar, M|35\/100\n|-damage|p1a: Gengar|22\/100|[from] Stealth Rock\n|-damage|p1a: Gengar|0 fnt|[from] Spikes\n|faint|p1a: Gengar\n|\n|t:|1699374044\n|switch|p1a: Weavile|Weavile, F|100\/100\n|-damage|p1a: Weavile|76\/100|[from] Stealth Rock\n|-damage|p1a: Weavile|51\/100|[from] Spikes\n|-ability|p1a: Weavile|Pressure\n|turn|33\n|\n|t:|1699374065\n|switch|p2a: Scream Tail|Scream Tail|64\/100\n|move|p1a: Weavile|Beat Up|p2b: Garganacl\n|-supereffective|p2b: Garganacl\n|-damage|p2b: Garganacl|56\/100\n|-supereffective|p2b: Garganacl\n|-damage|p2b: Garganacl|51\/100\n|-hitcount|p2b: Garganacl|2\n|move|p1b: Clefable|Draining Kiss|p2a: Scream Tail\n|-damage|p2a: Scream Tail|53\/100\n|-heal|p1b: Clefable|100\/100|[from] drain|[of] p2a: Scream Tail\n|move|p2b: Garganacl|Recover|p2b: Garganacl\n|-heal|p2b: Garganacl|100\/100\n|\n|upkeep\n|turn|34\n|\n|t:|1699374084\n|move|p1a: Weavile|Ice Spinner|p2b: Garganacl\n|-damage|p2b: Garganacl|86\/100\n|move|p2a: Scream Tail|Encore|p1b: Clefable\n|-start|p1b: Clefable|Encore\n|move|p1b: Clefable|Draining Kiss|p2b: Garganacl\n|-damage|p2b: Garganacl|76\/100\n|move|p2b: Garganacl|Salt Cure|p1a: Weavile\n|-supereffective|p1a: Weavile\n|-damage|p1a: Weavile|0 fnt\n|faint|p1a: Weavile\n|\n|upkeep\n|turn|35\n|c|\u2606sdmiiu|que batalla tan larga pero ganste\n|\n|t:|1699374110\n|move|p2a: Scream Tail|Amnesia|p2a: Scream Tail\n|-boost|p2a: Scream Tail|spd|2\n|move|p1b: Clefable|Draining Kiss|p2a: Scream Tail\n|-crit|p2a: Scream Tail\n|-damage|p2a: Scream Tail|36\/100\n|-enditem|p2a: Scream Tail|Sitrus Berry|[eat]\n|-heal|p2a: Scream Tail|61\/100|[from] item: Sitrus Berry\n|move|p2b: Garganacl|Salt Cure|p1b: Clefable\n|-damage|p1b: Clefable|84\/100\n|-start|p1b: Clefable|Salt Cure\n|\n|upkeep\n|turn|36\n|c|\u2606UY QUE RICO PAPI|con la suerte que tienes es un milagro que haya ganado\n|c|\u2606UY QUE RICO PAPI|50 flinchs\n|c|\u2606UY QUE RICO PAPI|60 criticals\n|inactive|UY QUE RICO PAPI has 120 seconds left.\n|c|\u2606sdmiiu|gg si eso es raro en mi\n|c|\u2606sdmiiu|pero si que suerte tan\n|\n|t:|1699374169\n|move|p2a: Scream Tail|Amnesia|p2a: Scream Tail\n|-boost|p2a: Scream Tail|spd|2\n|move|p1b: Clefable|Draining Kiss|p2b: Garganacl\n|-damage|p2b: Garganacl|64\/100\n|-heal|p1b: Clefable|93\/100|[from] drain|[of] p2b: Garganacl\n|move|p2b: Garganacl|Salt Cure|p1b: Clefable\n|-damage|p1b: Clefable|76\/100\n|\n|-end|p1b: Clefable|Encore\n|upkeep\n|turn|37\n|\n|t:|1699374184\n|move|p2a: Scream Tail|Encore|p1b: Clefable\n|-start|p1b: Clefable|Encore\n|move|p1b: Clefable|Draining Kiss|p2b: Garganacl\n|-damage|p2b: Garganacl|55\/100\n|-heal|p1b: Clefable|83\/100|[from] drain|[of] p2b: Garganacl\n|move|p2b: Garganacl|Salt Cure|p1b: Clefable\n|-damage|p1b: Clefable|65\/100\n|\n|upkeep\n|turn|38\n|inactive|UY QUE RICO PAPI has 120 seconds left.\n|\n|t:|1699374200\n|move|p2b: Garganacl|Protect|p2b: Garganacl\n|-singleturn|p2b: Garganacl|Protect\n|move|p2a: Scream Tail|Amnesia|p2a: Scream Tail\n|-boost|p2a: Scream Tail|spd|2\n|move|p1b: Clefable|Draining Kiss|p2b: Garganacl\n|-activate|p2b: Garganacl|move: Protect\n|\n|upkeep\n|turn|39\n|c|\u2606sdmiiu|ayer tuve la batalla mas epica de mi vida y hoy tuve la mas larga\n|\n|t:|1699374218\n|move|p2a: Scream Tail|Baton Pass|p2a: Scream Tail\n|\n|t:|1699374221\n|-end|p2a: Scream Tail|Protosynthesis|[silent]\n|switch|p2a: Ting-Lu|Ting-Lu|100\/100|[from] Baton Pass\n|-ability|p2a: Ting-Lu|Vessel of Ruin\n|move|p1b: Clefable|Draining Kiss|p2b: Garganacl\n|-damage|p2b: Garganacl|47\/100\n|-heal|p1b: Clefable|71\/100|[from] drain|[of] p2b: Garganacl\n|move|p2b: Garganacl|Salt Cure|p1b: Clefable\n|-damage|p1b: Clefable|55\/100\n|\n|-end|p1b: Clefable|Encore\n|upkeep\n|turn|40\n|\n|t:|1699374241\n|switch|p2b: Scream Tail|Scream Tail|61\/100\n|move|p2a: Ting-Lu|Protect|p2a: Ting-Lu\n|-singleturn|p2a: Ting-Lu|Protect\n|move|p1b: Clefable|Draining Kiss|p2b: Scream Tail\n|-damage|p2b: Scream Tail|53\/100\n|-heal|p1b: Clefable|62\/100|[from] drain|[of] p2b: Scream Tail\n|\n|upkeep\n|turn|41\n|\n|t:|1699374257\n|move|p2b: Scream Tail|Amnesia|p2b: Scream Tail\n|-boost|p2b: Scream Tail|spd|2\n|move|p1b: Clefable|Draining Kiss|p2a: Ting-Lu\n|-supereffective|p2a: Ting-Lu\n|-damage|p2a: Ting-Lu|96\/100\n|-heal|p1b: Clefable|66\/100|[from] drain|[of] p2a: Ting-Lu\n|move|p2a: Ting-Lu|Mean Look|p1b: Clefable\n|-activate|p1b: Clefable|trapped\n|\n|-heal|p2a: Ting-Lu|100\/100|[from] item: Leftovers\n|upkeep\n|turn|42\n|\n|t:|1699374269\n|move|p2a: Ting-Lu|Protect|p2a: Ting-Lu\n|-singleturn|p2a: Ting-Lu|Protect\n|move|p2b: Scream Tail|Amnesia|p2b: Scream Tail\n|-boost|p2b: Scream Tail|spd|2\n|move|p1b: Clefable|Draining Kiss|p2a: Ting-Lu\n|-activate|p2a: Ting-Lu|move: Protect\n|\n|upkeep\n|turn|43\n|c|\u2606sdmiiu|ggggg\n|c|\u2606sdmiiu|ting lu no puede hacer da\u00f1o y a garganacle no le quedan recover\n|inactive|sdmiiu has 120 seconds left.\n|\n|t:|1699374301\n|move|p2a: Ting-Lu|Protect||[still]\n|-fail|p2a: Ting-Lu\n|move|p2b: Scream Tail|Amnesia|p2b: Scream Tail\n|-boost|p2b: Scream Tail|spd|2\n|move|p1b: Clefable|Draining Kiss|p2a: Ting-Lu\n|-supereffective|p2a: Ting-Lu\n|-damage|p2a: Ting-Lu|95\/100\n|-heal|p1b: Clefable|71\/100|[from] drain|[of] p2a: Ting-Lu\n|\n|-heal|p2a: Ting-Lu|100\/100|[from] item: Leftovers\n|upkeep\n|turn|44\n|\n|t:|1699374327\n|move|p2a: Ting-Lu|Protect|p2a: Ting-Lu\n|-singleturn|p2a: Ting-Lu|Protect\n|move|p2b: Scream Tail|Encore|p1b: Clefable\n|-start|p1b: Clefable|Encore\n|move|p1b: Clefable|Draining Kiss|p2a: Ting-Lu\n|-activate|p2a: Ting-Lu|move: Protect\n|\n|upkeep\n|turn|45\n|c|\u2606sdmiiu|en estos momentos siento no tener calm mind\n|\n|t:|1699374348\n|move|p2a: Ting-Lu|Protect|p2a: Ting-Lu\n|-singleturn|p2a: Ting-Lu|Protect\n|move|p2b: Scream Tail|Stealth Rock||[still]\n|-fail|p2b: Scream Tail\n|move|p1b: Clefable|Draining Kiss|p2a: Ting-Lu\n|-activate|p2a: Ting-Lu|move: Protect\n|\n|upkeep\n|turn|46\n|\n|t:|1699374364\n|move|p2a: Ting-Lu|Protect||[still]\n|-fail|p2a: Ting-Lu\n|move|p2b: Scream Tail|Stealth Rock||[still]\n|-fail|p2b: Scream Tail\n|move|p1b: Clefable|Draining Kiss|p2a: Ting-Lu\n|-supereffective|p2a: Ting-Lu\n|-damage|p2a: Ting-Lu|95\/100\n|-heal|p1b: Clefable|76\/100|[from] drain|[of] p2a: Ting-Lu\n|\n|-heal|p2a: Ting-Lu|100\/100|[from] item: Leftovers\n|-end|p1b: Clefable|Encore\n|upkeep\n|turn|47\n|c|\u2606sdmiiu|con clefable\n|\n|t:|1699374378\n|move|p2a: Ting-Lu|Protect|p2a: Ting-Lu\n|-singleturn|p2a: Ting-Lu|Protect\n|move|p2b: Scream Tail|Encore||[still]\n|-fail|p2b: Scream Tail\n|move|p1b: Clefable|Brick Break|p2a: Ting-Lu\n|-activate|p2a: Ting-Lu|move: Protect\n|\n|upkeep\n|turn|48\n|c|\u2606sdmiiu|vamos por esos 70 turnos\n|inactive|UY QUE RICO PAPI has 120 seconds left.\n|\n|t:|1699374415\n|move|p2a: Ting-Lu|Protect||[still]\n|-fail|p2a: Ting-Lu\n|move|p2b: Scream Tail|Encore|p1b: Clefable\n|-start|p1b: Clefable|Encore\n|move|p1b: Clefable|Brick Break|p2a: Ting-Lu\n|-supereffective|p2a: Ting-Lu\n|-damage|p2a: Ting-Lu|91\/100\n|\n|-heal|p2a: Ting-Lu|97\/100|[from] item: Leftovers\n|upkeep\n|turn|49\n|c|\u2606sdmiiu|porque yo no me rindo\n|inactive|UY QUE RICO PAPI has 120 seconds left.\n|\n|t:|1699374447\n|switch|p2a: Garganacl|Garganacl, F, tera:Ghost|47\/100\n|move|p2b: Scream Tail|Stealth Rock||[still]\n|-fail|p2b: Scream Tail\n|move|p1b: Clefable|Brick Break|p2a: Garganacl\n|-immune|p2a: Garganacl\n|\n|upkeep\n|turn|50\n|\n|t:|1699374461\n|move|p2b: Scream Tail|Amnesia|p2b: Scream Tail\n|-boost|p2b: Scream Tail|spd|0\n|move|p1b: Clefable|Brick Break|p2b: Scream Tail\n|-resisted|p2b: Scream Tail\n|-damage|p2b: Scream Tail|51\/100\n|move|p2a: Garganacl|Salt Cure|p1b: Clefable\n|-crit|p1b: Clefable\n|-damage|p1b: Clefable|58\/100\n|\n|-end|p1b: Clefable|Encore\n|upkeep\n|turn|51\n|\n|t:|1699374475\n|move|p1b: Clefable|Protect|p1b: Clefable\n|-singleturn|p1b: Clefable|Protect\n|move|p2b: Scream Tail|Encore|p1b: Clefable\n|-activate|p1b: Clefable|move: Protect\n|move|p2a: Garganacl|Salt Cure|p1b: Clefable\n|-activate|p1b: Clefable|move: Protect\n|\n|upkeep\n|turn|52\n|\n|t:|1699374490\n|move|p2b: Scream Tail|Encore|p1b: Clefable\n|-start|p1b: Clefable|Encore\n|move|p1b: Clefable|Protect|p1b: Clefable\n|-singleturn|p1b: Clefable|Protect\n|move|p2a: Garganacl|Salt Cure|p1b: Clefable\n|-activate|p1b: Clefable|move: Protect\n|\n|upkeep\n|turn|53\n|\n|t:|1699374506\n|move|p1b: Clefable|Protect||[still]\n|-fail|p1b: Clefable\n|move|p2b: Scream Tail|Stealth Rock||[still]\n|-fail|p2b: Scream Tail\n|move|p2a: Garganacl|Salt Cure|p1b: Clefable\n|-damage|p1b: Clefable|46\/100\n|\n|upkeep\n|turn|54\n|\n|t:|1699374517\n|move|p1b: Clefable|Protect|p1b: Clefable\n|-singleturn|p1b: Clefable|Protect\n|move|p2b: Scream Tail|Amnesia|p2b: Scream Tail\n|-boost|p2b: Scream Tail|spd|0\n|move|p2a: Garganacl|Salt Cure|p1b: Clefable\n|-activate|p1b: Clefable|move: Protect\n|\n|-end|p1b: Clefable|Encore\n|upkeep\n|turn|55\n|\n|t:|1699374538\n|move|p2a: Garganacl|Protect|p2a: Garganacl\n|-singleturn|p2a: Garganacl|Protect\n|move|p2b: Scream Tail|Amnesia|p2b: Scream Tail\n|-boost|p2b: Scream Tail|spd|0\n|move|p1b: Clefable|Brick Break|p2b: Scream Tail\n|-resisted|p2b: Scream Tail\n|-damage|p2b: Scream Tail|50\/100\n|\n|upkeep\n|turn|56\n|\n|t:|1699374558\n|move|p2a: Garganacl|Protect||[still]\n|-fail|p2a: Garganacl\n|move|p2b: Scream Tail|Stealth Rock||[still]\n|-fail|p2b: Scream Tail\n|move|p1b: Clefable|Brick Break|p2b: Scream Tail\n|-resisted|p2b: Scream Tail\n|-damage|p2b: Scream Tail|48\/100\n|\n|upkeep\n|turn|57\n|\n|t:|1699374571\n|move|p2b: Scream Tail|Amnesia|p2b: Scream Tail\n|-boost|p2b: Scream Tail|spd|0\n|move|p1b: Clefable|Brick Break|p2b: Scream Tail\n|-resisted|p2b: Scream Tail\n|-damage|p2b: Scream Tail|47\/100\n|move|p2a: Garganacl|Salt Cure|p1b: Clefable\n|-damage|p1b: Clefable|35\/100\n|\n|upkeep\n|turn|58\n|\n|t:|1699374590\n|move|p2a: Garganacl|Protect|p2a: Garganacl\n|-singleturn|p2a: Garganacl|Protect\n|move|p2b: Scream Tail|Stealth Rock||[still]\n|-fail|p2b: Scream Tail\n|move|p1b: Clefable|Brick Break|p2b: Scream Tail\n|-resisted|p2b: Scream Tail\n|-damage|p2b: Scream Tail|45\/100\n|\n|upkeep\n|turn|59\n|\n|t:|1699374601\n|move|p2b: Scream Tail|Amnesia|p2b: Scream Tail\n|-boost|p2b: Scream Tail|spd|0\n|move|p1b: Clefable|Brick Break|p2b: Scream Tail\n|-resisted|p2b: Scream Tail\n|-damage|p2b: Scream Tail|44\/100\n|move|p2a: Garganacl|Salt Cure|p1b: Clefable\n|-damage|p1b: Clefable|24\/100\n|\n|upkeep\n|turn|60\n|\n|t:|1699374613\n|move|p2b: Scream Tail|Amnesia|p2b: Scream Tail\n|-boost|p2b: Scream Tail|spd|0\n|move|p1b: Clefable|Brick Break|p2b: Scream Tail\n|-resisted|p2b: Scream Tail\n|-damage|p2b: Scream Tail|42\/100\n|move|p2a: Garganacl|Salt Cure|p1b: Clefable\n|-damage|p1b: Clefable|13\/100\n|\n|upkeep\n|turn|61\n|c|\u2606sdmiiu|solo 10 turnos mas\n|\n|t:|1699374625\n|move|p1b: Clefable|Protect|p1b: Clefable\n|-singleturn|p1b: Clefable|Protect\n|move|p2b: Scream Tail|Amnesia|p2b: Scream Tail\n|-boost|p2b: Scream Tail|spd|0\n|move|p2a: Garganacl|Salt Cure|p1b: Clefable\n|-activate|p1b: Clefable|move: Protect\n|\n|upkeep\n|turn|62\n|\n|t:|1699374636\n|move|p1b: Clefable|Protect||[still]\n|-fail|p1b: Clefable\n|move|p2b: Scream Tail|Stealth Rock||[still]\n|-fail|p2b: Scream Tail\n|move|p2a: Garganacl|Salt Cure|p1b: Clefable\n|-damage|p1b: Clefable|2\/100\n|\n|upkeep\n|turn|63\n|\n|t:|1699374645\n|move|p1b: Clefable|Protect|p1b: Clefable\n|-singleturn|p1b: Clefable|Protect\n|move|p2a: Garganacl|Protect|p2a: Garganacl\n|-singleturn|p2a: Garganacl|Protect\n|move|p2b: Scream Tail|Amnesia|p2b: Scream Tail\n|-boost|p2b: Scream Tail|spd|0\n|\n|upkeep\n|turn|64\n|\n|t:|1699374655\n|move|p1b: Clefable|Protect|p1b: Clefable\n|-singleturn|p1b: Clefable|Protect\n|move|p2b: Scream Tail|Stealth Rock||[still]\n|-fail|p2b: Scream Tail\n|move|p2a: Garganacl|Salt Cure|p1b: Clefable\n|-activate|p1b: Clefable|move: Protect\n|\n|upkeep\n|turn|65\n|\n|t:|1699374675\n|move|p1b: Clefable|Follow Me|p1b: Clefable\n|-singleturn|p1b: Clefable|move: Follow Me\n|move|p2b: Scream Tail|Stealth Rock||[still]\n|-fail|p2b: Scream Tail\n|move|p2a: Garganacl|Salt Cure|p1b: Clefable\n|-damage|p1b: Clefable|0 fnt\n|faint|p1b: Clefable\n|\n|win|UY QUE RICO PAPI\n|raw|sdmiiu's rating: 1291 &rarr; <strong>1272<\/strong><br \/>(-19 for losing)\n|raw|UY QUE RICO PAPI's rating: 1373 &rarr; <strong>1388<\/strong><br \/>(+15 for winning)\n|c|\u2606UY QUE RICO PAPI|facil, aprende a jugar das pena :)\n","uploadtime":1699374684,"views":9,"p1id":"sdmiiu","p2id":"uyquericopapi","formatid":"gen9doublesou","rating":1272,"private":0,"password":""}