{"id":"gen9doublesou-1972007027","p1":"JakeJakeJake","p2":"Gasgar4","format":"[Gen 9] Doubles OU","log":"|j|\u2606JakeJakeJake\n|j|\u2606Gasgar4\n|t:|1697804080\n|gametype|doubles\n|player|p1|JakeJakeJake|boarder|1470\n|player|p2|Gasgar4|ghetsis|1575\n|teamsize|p1|6\n|teamsize|p2|6\n|gen|9\n|tier|[Gen 9] Doubles OU\n|rated|\n|rule|Species Clause: Limit one of each Pok\u00e9mon\n|rule|OHKO Clause: OHKO moves are banned\n|rule|Evasion Moves Clause: Evasion moves are banned\n|rule|Gravity Sleep Clause: The combination of sleep-inducing moves with imperfect accuracy and Gravity or Gigantamax Orbeetle are banned\n|rule|Endless Battle Clause: Forcing endless battles is banned\n|rule|HP Percentage Mod: HP is shown in percentages\n|clearpoke\n|poke|p1|Glimmora, M|\n|poke|p1|Overqwil, F|\n|poke|p1|Salazzle, F|\n|poke|p1|Flutter Mane|\n|poke|p1|Ting-Lu|\n|poke|p1|Fezandipiti, M|\n|poke|p2|Dragonite, F|\n|poke|p2|Rillaboom, M|\n|poke|p2|Ursaluna-Bloodmoon, M|\n|poke|p2|Chien-Pao|\n|poke|p2|Landorus, M|\n|poke|p2|Garganacl, M|\n|teampreview\n|inactive|Battle timer is ON: inactive players will automatically lose when time's up. (requested by Gasgar4)\n|inactive|JakeJakeJake has 120 seconds left.\n|\n|t:|1697804139\n|start\n|switch|p1a: Glimmora|Glimmora, M|100\/100\n|switch|p1b: Overqwil|Overqwil, F|100\/100\n|switch|p2a: Ursaluna|Ursaluna-Bloodmoon, M|100\/100\n|switch|p2b: Landorus|Landorus, M|100\/100\n|-ability|p1b: Overqwil|Intimidate|boost\n|-unboost|p2a: Ursaluna|atk|1\n|-unboost|p2b: Landorus|atk|1\n|turn|1\n|\n|t:|1697804169\n|move|p2b: Landorus|Substitute|p2b: Landorus\n|-start|p2b: Landorus|Substitute\n|-damage|p2b: Landorus|75\/100\n|move|p1a: Glimmora|Light Screen|p1a: Glimmora\n|-sidestart|p1: JakeJakeJake|move: Light Screen\n|move|p1b: Overqwil|Crunch|p2a: Ursaluna\n|-damage|p2a: Ursaluna|73\/100\n|move|p2a: Ursaluna|Earth Power|p1a: Glimmora\n|-supereffective|p1a: Glimmora\n|-crit|p1a: Glimmora\n|-damage|p1a: Glimmora|0 fnt\n|faint|p1a: Glimmora\n|\n|upkeep\n|\n|t:|1697804181\n|switch|p1a: Fezandipiti|Fezandipiti, M|100\/100\n|turn|2\n|\n|t:|1697804196\n|move|p2b: Landorus|Earth Power|p1b: Overqwil\n|-supereffective|p1b: Overqwil\n|-damage|p1b: Overqwil|0 fnt\n|faint|p1b: Overqwil\n|move|p1a: Fezandipiti|Icy Wind|p2b: Landorus|[spread] p2a,p2b\n|-supereffective|p2b: Landorus\n|-end|p2b: Landorus|Substitute\n|-supereffective|p2a: Ursaluna\n|-damage|p2a: Ursaluna|63\/100\n|-unboost|p2a: Ursaluna|spe|1\n|move|p2a: Ursaluna|Earth Power|p1a: Fezandipiti\n|-supereffective|p1a: Fezandipiti\n|-damage|p1a: Fezandipiti|43\/100\n|\n|-heal|p1a: Fezandipiti|49\/100|[from] item: Leftovers\n|upkeep\n|\n|t:|1697804212\n|switch|p1b: Salazzle|Salazzle, F, shiny|100\/100\n|turn|3\n|\n|t:|1697804219\n|-terastallize|p2b: Landorus|Ghost\n|move|p1b: Salazzle|Fake Out|p2a: Ursaluna\n|-damage|p2a: Ursaluna|58\/100\n|move|p2b: Landorus|Earth Power|p1a: Fezandipiti\n|-supereffective|p1a: Fezandipiti\n|-damage|p1a: Fezandipiti|0 fnt\n|faint|p1a: Fezandipiti\n|cant|p2a: Ursaluna|flinch\n|\n|upkeep\n|\n|t:|1697804231\n|switch|p1a: Ting-Lu|Ting-Lu|100\/100\n|-ability|p1a: Ting-Lu|Vessel of Ruin\n|turn|4\n|\n|t:|1697804255\n|move|p1b: Salazzle|Toxic|p2a: Ursaluna\n|-status|p2a: Ursaluna|tox\n|move|p2b: Landorus|Earth Power|p1b: Salazzle\n|-supereffective|p1b: Salazzle\n|-enditem|p1b: Salazzle|Focus Sash\n|-damage|p1b: Salazzle|1\/100\n|move|p1a: Ting-Lu|Heavy Slam|p2b: Landorus\n|-damage|p2b: Landorus|44\/100\n|move|p2a: Ursaluna|Moonblast|p1a: Ting-Lu\n|-supereffective|p1a: Ting-Lu\n|-damage|p1a: Ting-Lu|78\/100\n|\n|-heal|p1a: Ting-Lu|84\/100|[from] item: Leftovers\n|-damage|p2a: Ursaluna|52\/100 tox|[from] psn\n|upkeep\n|turn|5\n|\n|t:|1697804277\n|move|p2a: Ursaluna|Vacuum Wave|p1b: Salazzle\n|-resisted|p1b: Salazzle\n|-crit|p1b: Salazzle\n|-damage|p1b: Salazzle|0 fnt\n|faint|p1b: Salazzle\n|move|p2b: Landorus|Substitute|p2b: Landorus\n|-start|p2b: Landorus|Substitute\n|-damage|p2b: Landorus|19\/100\n|move|p1a: Ting-Lu|Stomping Tantrum|p2a: Ursaluna\n|-damage|p2a: Ursaluna|34\/100 tox\n|\n|-heal|p1a: Ting-Lu|90\/100|[from] item: Leftovers\n|-damage|p2a: Ursaluna|22\/100 tox|[from] psn\n|upkeep\n|\n|t:|1697804291\n|switch|p1b: Flutter Mane|Flutter Mane|100\/100\n|-enditem|p1b: Flutter Mane|Booster Energy\n|-activate|p1b: Flutter Mane|ability: Protosynthesis|[fromitem]\n|-start|p1b: Flutter Mane|protosynthesisspa\n|turn|6\n|\n|t:|1697804307\n|move|p1b: Flutter Mane|Protect|p1b: Flutter Mane\n|-singleturn|p1b: Flutter Mane|Protect\n|move|p2b: Landorus|Sludge Bomb|p1b: Flutter Mane\n|-activate|p1b: Flutter Mane|move: Protect\n|move|p1a: Ting-Lu|Heavy Slam|p2b: Landorus\n|-end|p2b: Landorus|Substitute\n|move|p2a: Ursaluna|Blood Moon|p1b: Flutter Mane\n|-activate|p1b: Flutter Mane|move: Protect\n|\n|-heal|p1a: Ting-Lu|96\/100|[from] item: Leftovers\n|-damage|p2a: Ursaluna|4\/100 tox|[from] psn\n|upkeep\n|turn|7\n|\n|t:|1697804332\n|move|p2b: Landorus|Protect|p2b: Landorus\n|-singleturn|p2b: Landorus|Protect\n|move|p2a: Ursaluna|Vacuum Wave|p1a: Ting-Lu\n|-supereffective|p1a: Ting-Lu\n|-damage|p1a: Ting-Lu|87\/100\n|move|p1b: Flutter Mane|Hex|p2b: Landorus\n|-activate|p2b: Landorus|move: Protect\n|move|p1a: Ting-Lu|Stomping Tantrum|p2a: Ursaluna\n|-damage|p2a: Ursaluna|0 fnt\n|faint|p2a: Ursaluna\n|\n|-heal|p1a: Ting-Lu|93\/100|[from] item: Leftovers\n|upkeep\n|\n|t:|1697804341\n|switch|p2a: Garganacl|Garganacl, M|100\/100\n|turn|8\n|inactive|JakeJakeJake has 120 seconds left.\n|\n|t:|1697804375\n|move|p2a: Garganacl|Wide Guard|p2a: Garganacl\n|-singleturn|p2a: Garganacl|Wide Guard\n|move|p1b: Flutter Mane|Hex|p2b: Landorus\n|-supereffective|p2b: Landorus\n|-damage|p2b: Landorus|0 fnt\n|faint|p2b: Landorus\n|move|p1a: Ting-Lu|Ruination|p2a: Garganacl\n|-damage|p2a: Garganacl|50\/100\n|\n|-heal|p1a: Ting-Lu|99\/100|[from] item: Leftovers\n|-heal|p2a: Garganacl|57\/100|[from] item: Leftovers\n|-sideend|p1: JakeJakeJake|move: Light Screen\n|upkeep\n|\n|t:|1697804386\n|switch|p2b: Rillaboom|Rillaboom, M|100\/100\n|-fieldstart|move: Grassy Terrain|[from] ability: Grassy Surge|[of] p2b: Rillaboom\n|turn|9\n|\n|t:|1697804402\n|move|p1b: Flutter Mane|Protect|p1b: Flutter Mane\n|-singleturn|p1b: Flutter Mane|Protect\n|move|p2b: Rillaboom|Wood Hammer|p1b: Flutter Mane\n|-activate|p1b: Flutter Mane|move: Protect\n|move|p1a: Ting-Lu|Ruination|p2b: Rillaboom\n|-damage|p2b: Rillaboom|51\/100\n|move|p2a: Garganacl|Salt Cure|p1a: Ting-Lu\n|-resisted|p1a: Ting-Lu\n|-damage|p1a: Ting-Lu|96\/100\n|-start|p1a: Ting-Lu|Salt Cure\n|\n|-heal|p2b: Rillaboom|57\/100|[from] Grassy Terrain\n|-heal|p1a: Ting-Lu|100\/100|[from] Grassy Terrain\n|-heal|p2a: Garganacl|63\/100|[from] Grassy Terrain\n|-heal|p2a: Garganacl|69\/100|[from] item: Leftovers\n|-damage|p1a: Ting-Lu|88\/100|[from] Salt Cure\n|upkeep\n|turn|10\n|\n|t:|1697804427\n|move|p1b: Flutter Mane|Moonblast|p2b: Rillaboom\n|-damage|p2b: Rillaboom|19\/100\n|-unboost|p2b: Rillaboom|spa|1\n|move|p2b: Rillaboom|Wood Hammer|p1b: Flutter Mane\n|-damage|p1b: Flutter Mane|0 fnt\n|faint|p1b: Flutter Mane\n|-end|p1b: Flutter Mane|Protosynthesis|[silent]\n|-damage|p2b: Rillaboom|0 fnt|[from] Recoil\n|faint|p2b: Rillaboom\n|move|p1a: Ting-Lu|Stomping Tantrum|p2a: Garganacl\n|-supereffective|p2a: Garganacl\n|-damage|p2a: Garganacl|28\/100\n|move|p2a: Garganacl|Salt Cure|p1a: Ting-Lu\n|-resisted|p1a: Ting-Lu\n|-damage|p1a: Ting-Lu|85\/100\n|\n|-heal|p1a: Ting-Lu|91\/100|[from] Grassy Terrain\n|-heal|p1a: Ting-Lu|98\/100|[from] item: Leftovers\n|-heal|p2a: Garganacl|35\/100|[from] Grassy Terrain\n|-heal|p2a: Garganacl|41\/100|[from] item: Leftovers\n|-damage|p1a: Ting-Lu|85\/100|[from] Salt Cure\n|upkeep\n|\n|t:|1697804443\n|switch|p2b: Chien-Pao|Chien-Pao|100\/100\n|-ability|p2b: Chien-Pao|Sword of Ruin\n|turn|11\n|inactive|JakeJakeJake has 120 seconds left.\n|\n|t:|1697804476\n|-terastallize|p1a: Ting-Lu|Water\n|move|p2b: Chien-Pao|Ice Spinner|p1a: Ting-Lu\n|-resisted|p1a: Ting-Lu\n|-damage|p1a: Ting-Lu|72\/100\n|-fieldend|move: Grassy Terrain\n|move|p1a: Ting-Lu|Heavy Slam|p2b: Chien-Pao\n|-supereffective|p2b: Chien-Pao\n|-damage|p2b: Chien-Pao|38\/100\n|move|p2a: Garganacl|Recover|p2a: Garganacl\n|-heal|p2a: Garganacl|91\/100\n|\n|-heal|p1a: Ting-Lu|78\/100|[from] item: Leftovers\n|-heal|p2a: Garganacl|97\/100|[from] item: Leftovers\n|-damage|p1a: Ting-Lu|53\/100|[from] Salt Cure\n|upkeep\n|turn|12\n|\n|t:|1697804488\n|move|p2b: Chien-Pao|Sucker Punch|p1a: Ting-Lu\n|-damage|p1a: Ting-Lu|30\/100\n|move|p1a: Ting-Lu|Heavy Slam|p2b: Chien-Pao\n|-supereffective|p2b: Chien-Pao\n|-damage|p2b: Chien-Pao|0 fnt\n|faint|p2b: Chien-Pao\n|move|p2a: Garganacl|Salt Cure|p1a: Ting-Lu\n|-damage|p1a: Ting-Lu|23\/100\n|\n|-heal|p1a: Ting-Lu|29\/100|[from] item: Leftovers\n|-heal|p2a: Garganacl|100\/100|[from] item: Leftovers\n|-damage|p1a: Ting-Lu|5\/100|[from] Salt Cure\n|upkeep\n|\n|t:|1697804500\n|switch|p2b: Dragonite|Dragonite, F|100\/100\n|turn|13\n|inactive|JakeJakeJake has 120 seconds left.\n|\n|t:|1697804540\n|move|p2b: Dragonite|Dragon Claw|p1a: Ting-Lu\n|-damage|p1a: Ting-Lu|0 fnt\n|faint|p1a: Ting-Lu\n|\n|win|Gasgar4\n|raw|JakeJakeJake's rating: 1470 &rarr; <strong>1456<\/strong><br \/>(-14 for losing)\n|raw|Gasgar4's rating: 1575 &rarr; <strong>1589<\/strong><br \/>(+14 for winning)\n|l|\u2606JakeJakeJake\n","uploadtime":1697804550,"views":9,"p1id":"jakejakejake","p2id":"gasgar4","formatid":"gen9doublesou","rating":1456,"private":0,"password":""}