{"id":"gen9doublesou-1969124820","p1":"FormationX","p2":"Lenoxum","format":"[Gen 9] Doubles OU","log":"|j|\u2606FormationX\n|j|\u2606Lenoxum\n|inactive|Battle timer is ON: inactive players will automatically lose when time's up.\n|t:|1697492200\n|gametype|doubles\n|player|p1|FormationX|plasmagrunt-gen5bw|\n|player|p2|Lenoxum|turo-ai|\n|teamsize|p1|6\n|teamsize|p2|6\n|gen|9\n|tier|[Gen 9] Doubles OU\n|rated|Tournament battle\n|rule|Species Clause: Limit one of each Pok\u00e9mon\n|rule|OHKO Clause: OHKO moves are banned\n|rule|Evasion Moves Clause: Evasion moves are banned\n|rule|Gravity Sleep Clause: The combination of sleep-inducing moves with imperfect accuracy and Gravity or Gigantamax Orbeetle are banned\n|rule|Endless Battle Clause: Forcing endless battles is banned\n|rule|HP Percentage Mod: HP is shown in percentages\n|clearpoke\n|poke|p1|Cloyster, F|\n|poke|p1|Wyrdeer, F|\n|poke|p1|Floatzel, M|\n|poke|p1|Camerupt, F|\n|poke|p1|Garganacl, F|\n|poke|p1|Pelipper, M|\n|poke|p2|Trevenant, M|\n|poke|p2|Dugtrio-Alola, M|\n|poke|p2|Kingambit, F|\n|poke|p2|Polteageist-Antique|\n|poke|p2|Quaquaval, M|\n|poke|p2|Talonflame, M|\n|teampreview\n|j|*Lady Monita \u263d\n|inactive|FormationX also wants the timer to be on.\n|c|\u2606Lenoxum|glhf\n|j| mf_salvador\n|j| ZacianBoi101\n|c|\u2606FormationX|likewise\n|c| ZacianBoi101|go lenoxum\n|l| mf_salvador\n|c| ZacianBoi101|that will be hard to beat\n|c|\u2606Lenoxum|thx\n|j|@Jadino\n|\n|t:|1697492225\n|start\n|switch|p1a: Wyrdeer|Wyrdeer, F|100\/100\n|switch|p1b: Camerupt|Camerupt, F|100\/100\n|switch|p2a: Dugtrio|Dugtrio-Alola, M, shiny|100\/100\n|switch|p2b: Lenoxum 4|Polteageist-Antique, shiny|100\/100\n|-ability|p1a: Wyrdeer|Intimidate|boost\n|-unboost|p2a: Dugtrio|atk|1\n|-unboost|p2b: Lenoxum 4|atk|1\n|-enditem|p2b: Lenoxum 4|White Herb\n|-clearnegativeboost|p2b: Lenoxum 4|[silent]\n|turn|1\n|c|\u2606Lenoxum|final round after all\n|\n|t:|1697492243\n|switch|p1b: Pelipper|Pelipper, M|100\/100\n|-weather|RainDance|[from] ability: Drizzle|[of] p1b: Pelipper\n|move|p2a: Dugtrio|Stealth Rock|p1a: Wyrdeer\n|-sidestart|p1: FormationX|move: Stealth Rock\n|move|p2b: Lenoxum 4|Shell Smash|p2b: Lenoxum 4\n|-unboost|p2b: Lenoxum 4|def|1\n|-unboost|p2b: Lenoxum 4|spd|1\n|-boost|p2b: Lenoxum 4|atk|2\n|-boost|p2b: Lenoxum 4|spa|2\n|-boost|p2b: Lenoxum 4|spe|2\n|move|p1a: Wyrdeer|Psyshield Bash|p2b: Lenoxum 4|[miss]\n|-miss|p1a: Wyrdeer|p2b: Lenoxum 4\n|\n|-weather|RainDance|[upkeep]\n|upkeep\n|turn|2\n|inactive|Lenoxum has 120 seconds left.\n|\n|t:|1697492275\n|switch|p2a: Lenoxum 1|Trevenant, M, shiny|100\/100\n|switch|p1b: Garganacl|Garganacl, F|100\/100\n|-damage|p1b: Garganacl|88\/100|[from] Stealth Rock\n|-terastallize|p2b: Lenoxum 4|Psychic\n|move|p2b: Lenoxum 4|Stored Power|p1b: Garganacl\n|-damage|p1b: Garganacl|0 fnt\n|faint|p1b: Garganacl\n|move|p1a: Wyrdeer|Psyshield Bash|p2b: Lenoxum 4\n|-resisted|p2b: Lenoxum 4\n|-damage|p2b: Lenoxum 4|49\/100\n|-boost|p1a: Wyrdeer|def|1\n|-start|p1a: Wyrdeer|Disable|Psyshield Bash|[from] ability: Cursed Body|[of] p2b: Lenoxum 4\n|\n|-weather|RainDance|[upkeep]\n|upkeep\n|\n|t:|1697492289\n|switch|p1b: Floatzel|Floatzel, M|100\/100\n|-damage|p1b: Floatzel|88\/100|[from] Stealth Rock\n|turn|3\n|j| StanleyClean\n|\n|t:|1697492314\n|switch|p1a: Camerupt|Camerupt, F|100\/100\n|-damage|p1a: Camerupt|88\/100|[from] Stealth Rock\n|move|p1b: Floatzel|Wave Crash|p2b: Lenoxum 4\n|-damage|p2b: Lenoxum 4|0 fnt\n|-start|p1b: Floatzel|Disable|Wave Crash|[from] ability: Cursed Body|[of] p2b: Lenoxum 4\n|faint|p2b: Lenoxum 4\n|-damage|p1b: Floatzel|75\/100|[from] Recoil\n|-damage|p1b: Floatzel|65\/100|[from] item: Life Orb\n|move|p2a: Lenoxum 1|Horn Leech|p1b: Floatzel\n|-supereffective|p1b: Floatzel\n|-damage|p1b: Floatzel|0 fnt\n|faint|p1b: Floatzel\n|\n|-weather|RainDance|[upkeep]\n|upkeep\n|\n|t:|1697492331\n|switch|p1b: Pelipper|Pelipper, M|100\/100\n|switch|p2b: luffyco 1|Quaquaval, M, shiny|100\/100\n|-damage|p1b: Pelipper|76\/100|[from] Stealth Rock\n|turn|4\n|\n|t:|1697492352\n|switch|p2b: Dugtrio|Dugtrio-Alola, M, shiny|100\/100\n|-terastallize|p1a: Camerupt|Water\n|move|p1b: Pelipper|Hurricane|p2a: Lenoxum 1\n|-supereffective|p2a: Lenoxum 1\n|-damage|p2a: Lenoxum 1|0 fnt\n|faint|p2a: Lenoxum 1\n|move|p1a: Camerupt|Tera Blast|p2b: Dugtrio|[anim] Tera Blast Water\n|-supereffective|p2b: Dugtrio\n|-enditem|p2b: Dugtrio|Focus Sash\n|-damage|p2b: Dugtrio|1\/100\n|\n|-weather|RainDance|[upkeep]\n|upkeep\n|c| ZacianBoi101|knocked out the garg\n|c|\u2606Lenoxum|oh\n|inactive|Lenoxum has 120 seconds left.\n|c| ZacianBoi101|damn\n|j| dropsomerain\n|\n|t:|1697492378\n|switch|p2a: luffyco 2|Talonflame, M, shiny|100\/100\n|turn|5\n|l| dropsomerain\n|\n|t:|1697492391\n|switch|p1b: Wyrdeer|Wyrdeer, F|100\/100\n|-damage|p1b: Wyrdeer|88\/100|[from] Stealth Rock\n|-ability|p1b: Wyrdeer|Intimidate|boost\n|-unboost|p2a: luffyco 2|atk|1\n|-unboost|p2b: Dugtrio|atk|1\n|move|p2a: luffyco 2|Brave Bird|p1b: Wyrdeer\n|-damage|p1b: Wyrdeer|53\/100\n|-damage|p2a: luffyco 2|84\/100|[from] Recoil\n|move|p2b: Dugtrio|Earthquake|p1b: Wyrdeer|[spread] p1a,p1b\n|-immune|p2a: luffyco 2\n|-damage|p1a: Camerupt|58\/100\n|-damage|p1b: Wyrdeer|25\/100\n|move|p1a: Camerupt|Tera Blast|p2a: luffyco 2|[anim] Tera Blast Water\n|-supereffective|p2a: luffyco 2\n|-damage|p2a: luffyco 2|0 fnt\n|faint|p2a: luffyco 2\n|\n|-weather|RainDance|[upkeep]\n|-heal|p1b: Wyrdeer|31\/100|[from] item: Leftovers\n|upkeep\n|inactive|Lenoxum has 120 seconds left.\n|\n|t:|1697492406\n|switch|p2a: luffyco 1|Quaquaval, M, shiny|100\/100\n|turn|6\n|\n|t:|1697492422\n|move|p2b: Dugtrio|Iron Head|p1a: Camerupt\n|-resisted|p1a: Camerupt\n|-damage|p1a: Camerupt|40\/100\n|move|p2a: luffyco 1|Aqua Step|p1b: Wyrdeer\n|-crit|p1b: Wyrdeer\n|-damage|p1b: Wyrdeer|0 fnt\n|-boost|p2a: luffyco 1|spe|1\n|faint|p1b: Wyrdeer\n|-ability|p2a: luffyco 1|Moxie|boost\n|-boost|p2a: luffyco 1|atk|1\n|move|p1a: Camerupt|Tera Blast|p2b: Dugtrio|[anim] Tera Blast Water\n|-supereffective|p2b: Dugtrio\n|-damage|p2b: Dugtrio|0 fnt\n|faint|p2b: Dugtrio\n|\n|-weather|RainDance|[upkeep]\n|upkeep\n|c|\u2606Lenoxum|indeed a difficult one\n|\n|t:|1697492439\n|switch|p2b: Lenoxum 3|Kingambit, F, shiny|100\/100\n|switch|p1b: Pelipper|Pelipper, M|76\/100\n|-damage|p1b: Pelipper|51\/100|[from] Stealth Rock\n|-activate|p2b: Lenoxum 3|ability: Supreme Overlord\n|-start|p2b: Lenoxum 3|fallen4|[silent]\n|turn|7\n|j| SweetNSourSpinda\n|c| ZacianBoi101|shiny quaquavel is so cool\n|\n|t:|1697492464\n|move|p2b: Lenoxum 3|Sucker Punch|p1b: Pelipper\n|-damage|p1b: Pelipper|0 fnt\n|faint|p1b: Pelipper\n|-damage|p2b: Lenoxum 3|91\/100|[from] item: Life Orb\n|move|p2a: luffyco 1|Close Combat|p1a: Camerupt\n|-damage|p1a: Camerupt|0 fnt\n|-unboost|p2a: luffyco 1|def|1\n|-unboost|p2a: luffyco 1|spd|1\n|faint|p1a: Camerupt\n|-ability|p2a: luffyco 1|Moxie|boost\n|-boost|p2a: luffyco 1|atk|1\n|\n|-weather|RainDance|[upkeep]\n|upkeep\n|\n|t:|1697492469\n|switch|p1a: Cloyster|Cloyster, F|100\/100\n|-damage|p1a: Cloyster|76\/100|[from] Stealth Rock\n|turn|8\n|c|\u2606Lenoxum|ok gg\n|c|\u2606FormationX|gg\n|j| dropsomerain\n|c| ZacianBoi101|yup\n|\n|t:|1697492483\n|move|p2b: Lenoxum 3|Sucker Punch||[still]\n|-fail|p2b: Lenoxum 3\n|move|p2a: luffyco 1|Close Combat|p1a: Cloyster\n|-supereffective|p1a: Cloyster\n|-damage|p1a: Cloyster|0 fnt\n|-unboost|p2a: luffyco 1|def|1\n|-unboost|p2a: luffyco 1|spd|1\n|faint|p1a: Cloyster\n|\n|win|Lenoxum\n|n|\u2606FormationX|formationx\n|n|\u2606Lenoxum|lenoxum\n|n|*Lady Monita \u263d|ladymonita\n|n| ZacianBoi101|zacianboi101\n|n| Jadino|jadino\n|n| StanleyClean|stanleyclean\n|n| SweetNSourSpinda|sweetnsourspinda\n|n| dropsomerain|dropsomerain\n","uploadtime":1697492484,"views":18,"p1id":"formationx","p2id":"lenoxum","formatid":"gen9doublesou","rating":0,"private":0,"password":""}