{"id":"gen9doublesou-1997985573","p1":"thisisausername5","p2":"Dilllll","format":"[Gen 9] Doubles OU","log":"|j|\u2606thisisausername5\n|j|\u2606Dilllll\n|t:|1700875515\n|gametype|doubles\n|player|p1|thisisausername5|clair|1176\n|player|p2|Dilllll|n|1188\n|teamsize|p1|6\n|teamsize|p2|6\n|gen|9\n|tier|[Gen 9] Doubles OU\n|rated|\n|rule|Species Clause: Limit one of each Pok\u00e9mon\n|rule|OHKO Clause: OHKO moves are banned\n|rule|Evasion Moves Clause: Evasion moves are banned\n|rule|Gravity Sleep Clause: The combination of sleep-inducing moves with imperfect accuracy and Gravity or Gigantamax Orbeetle are banned\n|rule|Endless Battle Clause: Forcing endless battles is banned\n|rule|HP Percentage Mod: HP is shown in percentages\n|clearpoke\n|poke|p1|Ninetales-Alola, F|\n|poke|p1|Heatran, F|\n|poke|p1|Sinistcha-Masterpiece|\n|poke|p1|Cetitan, F|\n|poke|p1|Flutter Mane|\n|poke|p1|Sneasler, F|\n|poke|p2|Armarouge, F|\n|poke|p2|Indeedee-F, F|\n|poke|p2|Regidrago|\n|poke|p2|Dondozo, F|\n|poke|p2|Typhlosion-Hisui, M|\n|poke|p2|Brute Bonnet|\n|teampreview\n|\n|t:|1700875525\n|start\n|switch|p1a: Kuraokami|Ninetales-Alola, F|100\/100\n|switch|p1b: Flutter Mane|Flutter Mane, shiny|100\/100\n|switch|p2a: Armarouge|Armarouge, F|100\/100\n|switch|p2b: Indeedee|Indeedee-F, F|100\/100\n|-weather|Snow|[from] ability: Snow Warning|[of] p1a: Kuraokami\n|-fieldstart|move: Psychic Terrain|[from] ability: Psychic Surge|[of] p2b: Indeedee\n|turn|1\n|\n|t:|1700875540\n|-terastallize|p1b: Flutter Mane|Fairy\n|move|p2b: Indeedee|Follow Me|p2b: Indeedee\n|-singleturn|p2b: Indeedee|move: Follow Me\n|move|p1b: Flutter Mane|Moonblast|p2b: Indeedee\n|-damage|p2b: Indeedee|26\/100\n|-damage|p1b: Flutter Mane|91\/100|[from] item: Life Orb\n|move|p1a: Kuraokami|Freeze-Dry|p2b: Indeedee\n|-damage|p2b: Indeedee|2\/100\n|move|p2a: Armarouge|Trick Room|p2a: Armarouge\n|-fieldstart|move: Trick Room|[of] p2a: Armarouge\n|-enditem|p2a: Armarouge|Room Service\n|-unboost|p2a: Armarouge|spe|1|[from] item: Room Service\n|\n|-weather|Snow|[upkeep]\n|upkeep\n|turn|2\n|\n|t:|1700875569\n|switch|p1a: Sinistcha|Sinistcha-Masterpiece|100\/100\n|-heal|p1b: Flutter Mane|100\/100|[from] ability: Hospitality|[of] p1a: Sinistcha\n|-end|p1b: Flutter Mane|Protosynthesis|[silent]\n|switch|p1b: Heatran|Heatran, F|100\/100\n|-item|p1b: Heatran|Air Balloon\n|move|p2b: Indeedee|Follow Me|p2b: Indeedee\n|-singleturn|p2b: Indeedee|move: Follow Me\n|move|p2a: Armarouge|Expanding Force|p1b: Heatran|[spread] p1a,p1b\n|-resisted|p1b: Heatran\n|-damage|p1a: Sinistcha|25\/100\n|-damage|p1b: Heatran|74\/100\n|-enditem|p1b: Heatran|Air Balloon\n|\n|-weather|Snow|[upkeep]\n|-heal|p1a: Sinistcha|31\/100|[from] item: Leftovers\n|upkeep\n|turn|3\n|\n|t:|1700875593\n|move|p2b: Indeedee|Helping Hand|p2a: Armarouge\n|-singleturn|p2a: Armarouge|Helping Hand|[of] p2b: Indeedee\n|move|p2a: Armarouge|Expanding Force|p1b: Heatran|[spread] p1a,p1b\n|-resisted|p1b: Heatran\n|-damage|p1a: Sinistcha|0 fnt\n|-damage|p1b: Heatran|31\/100\n|faint|p1a: Sinistcha\n|move|p1b: Heatran|Flash Cannon|p2a: Armarouge\n|-resisted|p2a: Armarouge\n|-damage|p2a: Armarouge|75\/100\n|\n|-weather|Snow|[upkeep]\n|upkeep\n|\n|t:|1700875600\n|switch|p1a: Sneasler|Sneasler, F|100\/100\n|turn|4\n|\n|t:|1700875609\n|move|p2b: Indeedee|Helping Hand|p2a: Armarouge\n|-singleturn|p2a: Armarouge|Helping Hand|[of] p2b: Indeedee\n|move|p1a: Sneasler|Fake Out|p2a: Armarouge\n|-activate|p2a: Armarouge|move: Psychic Terrain\n|move|p2a: Armarouge|Expanding Force|p1a: Sneasler|[spread] p1a,p1b\n|-supereffective|p1a: Sneasler\n|-resisted|p1b: Heatran\n|-damage|p1a: Sneasler|0 fnt\n|-damage|p1b: Heatran|0 fnt\n|faint|p1a: Sneasler\n|faint|p1b: Heatran\n|\n|-weather|Snow|[upkeep]\n|upkeep\n|\n|t:|1700875616\n|switch|p1b: Ice Kyogre|Cetitan, F|100\/100\n|switch|p1a: Flutter Mane|Flutter Mane, shiny, tera:Fairy|100\/100\n|turn|5\n|\n|t:|1700875626\n|move|p2b: Indeedee|Helping Hand|p2a: Armarouge\n|-singleturn|p2a: Armarouge|Helping Hand|[of] p2b: Indeedee\n|move|p2a: Armarouge|Expanding Force|p1b: Ice Kyogre|[spread] p1a,p1b\n|-damage|p1a: Flutter Mane|0 fnt\n|-damage|p1b: Ice Kyogre|0 fnt\n|faint|p1a: Flutter Mane\n|-end|p1a: Flutter Mane|Protosynthesis|[silent]\n|faint|p1b: Ice Kyogre\n|\n|-weather|none\n|-fieldend|move: Trick Room\n|upkeep\n|\n|t:|1700875629\n|switch|p1b: Kuraokami|Ninetales-Alola, F|100\/100\n|-weather|Snow|[from] ability: Snow Warning|[of] p1b: Kuraokami\n|turn|6\n|\n|t:|1700875634\n|move|p2b: Indeedee|Follow Me|p2b: Indeedee\n|-singleturn|p2b: Indeedee|move: Follow Me\n|move|p1b: Kuraokami|Blizzard|p2a: Armarouge|[spread] p2a,p2b\n|-resisted|p2a: Armarouge\n|-damage|p2a: Armarouge|58\/100\n|-damage|p2b: Indeedee|0 fnt\n|faint|p2b: Indeedee\n|move|p2a: Armarouge|Armor Cannon|p1b: Kuraokami\n|-supereffective|p1b: Kuraokami\n|-damage|p1b: Kuraokami|0 fnt\n|-unboost|p2a: Armarouge|def|1\n|-unboost|p2a: Armarouge|spd|1\n|faint|p1b: Kuraokami\n|\n|win|Dilllll\n|raw|thisisausername5's rating: 1176 &rarr; <strong>1152<\/strong><br \/>(-24 for losing)\n|raw|Dilllll's rating: 1188 &rarr; <strong>1212<\/strong><br \/>(+24 for winning)\n","uploadtime":1700875651,"views":2,"p1id":"thisisausername5","p2id":"dilllll","formatid":"gen9doublesou","rating":1152,"private":0,"password":""}