{"id":"gen9doublesou-1989009309","p1":"F3rrari450","p2":"Yoda2798","format":"[Gen 9] Doubles OU","log":"|j|\u2606F3rrari450\n|j|\u2606Yoda2798\n|t:|1699801680\n|gametype|doubles\n|player|p1|F3rrari450|sabi|\n|player|p2|Yoda2798|unknown|\n|teamsize|p1|6\n|teamsize|p2|6\n|gen|9\n|tier|[Gen 9] Doubles OU\n|rule|Species Clause: Limit one of each Pok\u00e9mon\n|rule|OHKO Clause: OHKO moves are banned\n|rule|Evasion Moves Clause: Evasion moves are banned\n|rule|Gravity Sleep Clause: The combination of sleep-inducing moves with imperfect accuracy and Gravity or Gigantamax Orbeetle are banned\n|rule|Endless Battle Clause: Forcing endless battles is banned\n|rule|HP Percentage Mod: HP is shown in percentages\n|clearpoke\n|poke|p1|Roaring Moon|\n|poke|p1|Glimmora, M|\n|poke|p1|Volcanion|\n|poke|p1|Rillaboom, F|\n|poke|p1|Flutter Mane|\n|poke|p1|Landorus-Therian, M|\n|poke|p2|Spectrier|\n|poke|p2|Grimmsnarl, M|\n|poke|p2|Ogerpon-Wellspring, F|\n|poke|p2|Rillaboom, F|\n|poke|p2|Landorus-Therian, M|\n|poke|p2|Chi-Yu|\n|teampreview\n|c|\u2606F3rrari450|hf\n|c|\u2606Yoda2798|glhf\n|c|\u2606Yoda2798|sorry for wait\n|c|\u2606F3rrari450|don't worry\n|j| santinii\n|j| the JRL\n|j| SMB\n|j| MADARAAAA\n|j| Sirwings\n|l| MADARAAAA\n|j| MADARAAAA\n|\n|t:|1699801792\n|start\n|switch|p1a: Roaring Moon|Roaring Moon|100\/100\n|switch|p1b: Glimmora|Glimmora, M|100\/100\n|switch|p2a: Ogerpon|Ogerpon-Wellspring, F|100\/100\n|switch|p2b: Chi-Yu|Chi-Yu|100\/100\n|-ability|p2b: Chi-Yu|Beads of Ruin\n|-enditem|p1a: Roaring Moon|Booster Energy\n|-activate|p1a: Roaring Moon|ability: Protosynthesis|[fromitem]\n|-start|p1a: Roaring Moon|protosynthesisspe\n|turn|1\n|j| Ciro\u273fNapoli\n|j| Waffle2O23\n|j| Peter Pan GC\n|j| SEROO\n|j| eric versus\u30c4\n|j| The healing place\n|\n|t:|1699801900\n|switch|p2a: Landorus|Landorus-Therian, M|100\/100\n|-ability|p2a: Landorus|Intimidate|boost\n|-unboost|p1a: Roaring Moon|atk|1\n|-unboost|p1b: Glimmora|atk|1\n|switch|p2b: Grimmsnarl|Grimmsnarl, M|100\/100\n|move|p1a: Roaring Moon|Breaking Swipe|p2a: Landorus|[spread] p2a\n|-immune|p2b: Grimmsnarl\n|-damage|p2a: Landorus|83\/100\n|-unboost|p2a: Landorus|atk|1\n|move|p1b: Glimmora|Stealth Rock|p2a: Landorus\n|-sidestart|p2: Yoda2798|move: Stealth Rock\n|\n|upkeep\n|turn|2\n|j| Entrocefalo\n|j|+paolode99\n|l|+paolode99\n|j| frania \u2654\n|j|+paolode99\n|j| Tenzai\n|\n|t:|1699801939\n|move|p2b: Grimmsnarl|Light Screen|p2b: Grimmsnarl\n|-sidestart|p2: Yoda2798|move: Light Screen\n|move|p1a: Roaring Moon|Knock Off|p2a: Landorus\n|-damage|p2a: Landorus|46\/100\n|-enditem|p2a: Landorus|Choice Scarf|[from] move: Knock Off|[of] p1a: Roaring Moon\n|move|p2a: Landorus|U-turn|p1a: Roaring Moon\n|-supereffective|p1a: Roaring Moon\n|-damage|p1a: Roaring Moon|51\/100\n|j| trip con i draghi\n|\n|t:|1699801971\n|switch|p2a: Spectrier|Spectrier|100\/100|[from] U-turn\n|-damage|p2a: Spectrier|88\/100|[from] Stealth Rock\n|move|p1b: Glimmora|Mortal Spin|p2a: Spectrier|[spread] p2a,p2b\n|-resisted|p2a: Spectrier\n|-supereffective|p2b: Grimmsnarl\n|-damage|p2a: Spectrier|86\/100\n|-damage|p2b: Grimmsnarl|94\/100\n|-status|p2a: Spectrier|psn\n|-status|p2b: Grimmsnarl|psn\n|\n|-damage|p2a: Spectrier|74\/100 psn|[from] psn\n|-damage|p2b: Grimmsnarl|82\/100 psn|[from] psn\n|upkeep\n|turn|3\n|\n|t:|1699801998\n|-terastallize|p1a: Roaring Moon|Fire\n|move|p2b: Grimmsnarl|Parting Shot|p1b: Glimmora\n|-unboost|p1b: Glimmora|atk|1\n|-unboost|p1b: Glimmora|spa|1\n|\n|t:|1699802003\n|switch|p2b: Rillaboom|Rillaboom, F|100\/100|[from] Parting Shot\n|-damage|p2b: Rillaboom|88\/100|[from] Stealth Rock\n|-fieldstart|move: Grassy Terrain|[from] ability: Grassy Surge|[of] p2b: Rillaboom\n|-enditem|p2a: Spectrier|Grassy Seed\n|-boost|p2a: Spectrier|def|1|[from] item: Grassy Seed\n|move|p1a: Roaring Moon|Knock Off|p2a: Spectrier\n|-supereffective|p2a: Spectrier\n|-damage|p2a: Spectrier|33\/100 psn\n|move|p2a: Spectrier|Draining Kiss|p1a: Roaring Moon\n|-resisted|p1a: Roaring Moon\n|-damage|p1a: Roaring Moon|42\/100\n|-heal|p2a: Spectrier|39\/100 psn|[from] drain|[of] p1a: Roaring Moon\n|move|p1b: Glimmora|Sludge Bomb|p2b: Rillaboom\n|-supereffective|p2b: Rillaboom\n|-damage|p2b: Rillaboom|56\/100\n|\n|-heal|p1a: Roaring Moon|48\/100|[from] Grassy Terrain\n|-heal|p2a: Spectrier|45\/100 psn|[from] Grassy Terrain\n|-heal|p2b: Rillaboom|62\/100|[from] Grassy Terrain\n|-damage|p2a: Spectrier|33\/100 psn|[from] psn\n|upkeep\n|turn|4\n|\n|t:|1699802027\n|move|p1a: Roaring Moon|Protect|p1a: Roaring Moon\n|-singleturn|p1a: Roaring Moon|Protect\n|move|p2b: Rillaboom|Fake Out|p1a: Roaring Moon\n|-activate|p1a: Roaring Moon|move: Protect\n|move|p2a: Spectrier|Shadow Ball|p1a: Roaring Moon\n|-activate|p1a: Roaring Moon|move: Protect\n|move|p1b: Glimmora|Sludge Bomb|p2a: Spectrier\n|-resisted|p2a: Spectrier\n|-damage|p2a: Spectrier|21\/100 psn\n|\n|-heal|p1a: Roaring Moon|54\/100|[from] Grassy Terrain\n|-heal|p2a: Spectrier|27\/100 psn|[from] Grassy Terrain\n|-heal|p2b: Rillaboom|69\/100|[from] Grassy Terrain\n|-damage|p2a: Spectrier|15\/100 psn|[from] psn\n|upkeep\n|turn|5\n|j| GuitarheroVGC\n|l| eric versus\u30c4\n|l| frania \u2654\n|\n|t:|1699802091\n|move|p1a: Roaring Moon|Tailwind|p1a: Roaring Moon\n|-sidestart|p1: F3rrari450|move: Tailwind\n|move|p1b: Glimmora|Earth Power|p2a: Spectrier\n|-damage|p2a: Spectrier|0 fnt\n|faint|p2a: Spectrier\n|move|p2b: Rillaboom|U-turn|p1a: Roaring Moon\n|-resisted|p1a: Roaring Moon\n|-damage|p1a: Roaring Moon|41\/100\n|j| frania \u2654\n|\n|t:|1699802107\n|switch|p2b: Chi-Yu|Chi-Yu|100\/100|[from] U-turn\n|-damage|p2b: Chi-Yu|76\/100|[from] Stealth Rock\n|-ability|p2b: Chi-Yu|Beads of Ruin\n|-enditem|p2b: Chi-Yu|Grassy Seed\n|-boost|p2b: Chi-Yu|def|1|[from] item: Grassy Seed\n|\n|-heal|p1a: Roaring Moon|47\/100|[from] Grassy Terrain\n|-heal|p2b: Chi-Yu|82\/100|[from] Grassy Terrain\n|upkeep\n|\n|t:|1699802119\n|switch|p2a: Grimmsnarl|Grimmsnarl, M|82\/100 psn\n|-damage|p2a: Grimmsnarl|69\/100 psn|[from] Stealth Rock\n|turn|6\n|\n|t:|1699802140\n|move|p2a: Grimmsnarl|Fake Out|p1b: Glimmora\n|-resisted|p1b: Glimmora\n|-damage|p1b: Glimmora|94\/100\n|-activate|p1b: Glimmora|ability: Toxic Debris\n|-sidestart|p2: Yoda2798|move: Toxic Spikes\n|move|p1a: Roaring Moon|Knock Off|p2a: Grimmsnarl\n|-resisted|p2a: Grimmsnarl\n|-damage|p2a: Grimmsnarl|62\/100 psn\n|-enditem|p2a: Grimmsnarl|Light Clay|[from] move: Knock Off|[of] p1a: Roaring Moon\n|cant|p1b: Glimmora|flinch\n|move|p2b: Chi-Yu|Nasty Plot|p2b: Chi-Yu\n|-boost|p2b: Chi-Yu|spa|2\n|\n|-heal|p1a: Roaring Moon|53\/100|[from] Grassy Terrain\n|-heal|p1b: Glimmora|100\/100|[from] Grassy Terrain\n|-heal|p2b: Chi-Yu|88\/100|[from] Grassy Terrain\n|-heal|p2a: Grimmsnarl|68\/100 psn|[from] Grassy Terrain\n|-damage|p2a: Grimmsnarl|55\/100 psn|[from] psn\n|upkeep\n|turn|7\n|inactive|Battle timer is ON: inactive players will automatically lose when time's up. (requested by F3rrari450)\n|\n|t:|1699802248\n|-terastallize|p2b: Chi-Yu|Poison\n|move|p2a: Grimmsnarl|Parting Shot|p1b: Glimmora\n|-unboost|p1b: Glimmora|atk|1\n|-unboost|p1b: Glimmora|spa|1\n|\n|t:|1699802252\n|switch|p2a: Landorus|Landorus-Therian, M|46\/100|[from] Parting Shot\n|-damage|p2a: Landorus|33\/100|[from] Stealth Rock\n|-ability|p2a: Landorus|Intimidate|boost\n|-unboost|p1a: Roaring Moon|atk|1\n|-unboost|p1b: Glimmora|atk|1\n|move|p1a: Roaring Moon|Knock Off|p2b: Chi-Yu\n|-damage|p2b: Chi-Yu|72\/100\n|move|p1b: Glimmora|Earth Power|p2b: Chi-Yu\n|-supereffective|p2b: Chi-Yu\n|-damage|p2b: Chi-Yu|50\/100\n|move|p2b: Chi-Yu|Nasty Plot|p2b: Chi-Yu\n|-boost|p2b: Chi-Yu|spa|2\n|\n|-heal|p1a: Roaring Moon|59\/100|[from] Grassy Terrain\n|-heal|p2b: Chi-Yu|56\/100|[from] Grassy Terrain\n|-fieldend|move: Grassy Terrain\n|upkeep\n|turn|8\n|inactive|Yoda2798 has 270 seconds left.\n|inactive|F3rrari450 has 270 seconds left.\n|inactive|Yoda2798 has 240 seconds left.\n|\n|t:|1699802344\n|move|p1a: Roaring Moon|Protect|p1a: Roaring Moon\n|-singleturn|p1a: Roaring Moon|Protect\n|move|p2b: Chi-Yu|Protect|p2b: Chi-Yu\n|-singleturn|p2b: Chi-Yu|Protect\n|move|p1b: Glimmora|Earth Power|p2b: Chi-Yu\n|-activate|p2b: Chi-Yu|move: Protect\n|move|p2a: Landorus|Rock Slide|p1b: Glimmora|[spread] p1b\n|-activate|p1a: Roaring Moon|move: Protect\n|-damage|p1b: Glimmora|72\/100\n|-activate|p1b: Glimmora|ability: Toxic Debris\n|-sidestart|p2: Yoda2798|move: Toxic Spikes\n|\n|-sideend|p1: F3rrari450|move: Tailwind\n|upkeep\n|turn|9\n|inactive|Yoda2798 has 210 seconds left.\n|\n|t:|1699802378\n|move|p1a: Roaring Moon|Tailwind|p1a: Roaring Moon\n|-sidestart|p1: F3rrari450|move: Tailwind\n|move|p1b: Glimmora|Earth Power|p2b: Chi-Yu\n|-supereffective|p2b: Chi-Yu\n|-damage|p2b: Chi-Yu|37\/100\n|move|p2b: Chi-Yu|Dark Pulse|p1b: Glimmora\n|-damage|p1b: Glimmora|0 fnt\n|faint|p1b: Glimmora\n|move|p2a: Landorus|U-turn|p1a: Roaring Moon\n|-resisted|p1a: Roaring Moon\n|-damage|p1a: Roaring Moon|41\/100\n|\n|t:|1699802383\n|switch|p2a: Grimmsnarl|Grimmsnarl, M|55\/100 psn|[from] U-turn\n|-damage|p2a: Grimmsnarl|43\/100 psn|[from] Stealth Rock\n|\n|-damage|p2a: Grimmsnarl|30\/100 psn|[from] psn\n|-sideend|p2: Yoda2798|move: Light Screen\n|upkeep\n|\n|t:|1699802390\n|switch|p1b: Flutter Mane|Flutter Mane|100\/100\n|turn|10\n|inactive|Yoda2798 has 240 seconds left.\n|j| AndreyVGC\n|\n|t:|1699802413\n|move|p2b: Chi-Yu|Protect|p2b: Chi-Yu\n|-singleturn|p2b: Chi-Yu|Protect\n|move|p2a: Grimmsnarl|Light Screen|p2a: Grimmsnarl\n|-sidestart|p2: Yoda2798|move: Light Screen\n|move|p1a: Roaring Moon|Knock Off|p2b: Chi-Yu\n|-activate|p2b: Chi-Yu|move: Protect\n|move|p1b: Flutter Mane|Shadow Ball|p2b: Chi-Yu\n|-activate|p2b: Chi-Yu|move: Protect\n|\n|-damage|p2a: Grimmsnarl|18\/100 psn|[from] psn\n|upkeep\n|turn|11\n|inactive|Yoda2798 has 240 seconds left.\n|\n|t:|1699802429\n|move|p2a: Grimmsnarl|Parting Shot|p1b: Flutter Mane\n|-unboost|p1b: Flutter Mane|atk|1\n|-unboost|p1b: Flutter Mane|spa|1\n|j| Alolan HTH\n|\n|t:|1699802453\n|switch|p2a: Rillaboom|Rillaboom, F|69\/100|[from] Parting Shot\n|-damage|p2a: Rillaboom|56\/100|[from] Stealth Rock\n|-status|p2a: Rillaboom|tox\n|-fieldstart|move: Grassy Terrain|[from] ability: Grassy Surge|[of] p2a: Rillaboom\n|move|p1a: Roaring Moon|Knock Off|p2b: Chi-Yu\n|-damage|p2b: Chi-Yu|20\/100\n|move|p1b: Flutter Mane|Shadow Ball|p2b: Chi-Yu\n|-damage|p2b: Chi-Yu|0 fnt\n|faint|p2b: Chi-Yu\n|\n|-heal|p1a: Roaring Moon|47\/100|[from] Grassy Terrain\n|-heal|p2a: Rillaboom|62\/100 tox|[from] Grassy Terrain\n|-damage|p2a: Rillaboom|56\/100 tox|[from] psn\n|upkeep\n|l| Ciro\u273fNapoli\n|l| the JRL\n|l| Alolan HTH\n|inactive|Yoda2798 has 210 seconds left.\n|\n|t:|1699802473\n|switch|p2b: Ogerpon|Ogerpon-Wellspring, F|100\/100\n|-damage|p2b: Ogerpon|88\/100|[from] Stealth Rock\n|-status|p2b: Ogerpon|tox\n|turn|12\n|j| Aldrich\n|j| the JRL\n|inactive|Yoda2798 has 210 seconds left.\n|c| Aldrich|GOYODA\n|\n|t:|1699802522\n|move|p1a: Roaring Moon|Protect|p1a: Roaring Moon\n|-singleturn|p1a: Roaring Moon|Protect\n|move|p2a: Rillaboom|Grassy Glide|p1b: Flutter Mane\n|-damage|p1b: Flutter Mane|54\/100\n|move|p1b: Flutter Mane|Shadow Ball|p2b: Ogerpon\n|-damage|p2b: Ogerpon|62\/100 tox\n|move|p2b: Ogerpon|Power Whip|p1b: Flutter Mane\n|-damage|p1b: Flutter Mane|0 fnt\n|faint|p1b: Flutter Mane\n|-end|p1b: Flutter Mane|Protosynthesis|[silent]\n|\n|-heal|p1a: Roaring Moon|53\/100|[from] Grassy Terrain\n|-heal|p2b: Ogerpon|68\/100 tox|[from] Grassy Terrain\n|-heal|p2a: Rillaboom|62\/100 tox|[from] Grassy Terrain\n|-damage|p2b: Ogerpon|62\/100 tox|[from] psn\n|-damage|p2a: Rillaboom|50\/100 tox|[from] psn\n|-sideend|p1: F3rrari450|move: Tailwind\n|upkeep\n|inactive|F3rrari450 has 270 seconds left.\n|\n|t:|1699802534\n|switch|p1b: Landorus|Landorus-Therian, M|100\/100\n|-ability|p1b: Landorus|Intimidate|boost\n|-unboost|p2a: Rillaboom|atk|1\n|-unboost|p2b: Ogerpon|atk|1\n|turn|13\n|inactive|Yoda2798 has 210 seconds left.\n|j| Ciro\u273fNapoli\n|\n|t:|1699802558\n|switch|p2b: Landorus|Landorus-Therian, M|33\/100\n|-damage|p2b: Landorus|21\/100|[from] Stealth Rock\n|-ability|p2b: Landorus|Intimidate|boost\n|-unboost|p1a: Roaring Moon|atk|1\n|-unboost|p1b: Landorus|atk|1\n|move|p2a: Rillaboom|Grassy Glide|p1b: Landorus\n|-damage|p1b: Landorus|77\/100\n|move|p1a: Roaring Moon|Breaking Swipe|p2a: Rillaboom|[spread] p2a,p2b\n|-damage|p2a: Rillaboom|41\/100 tox\n|-damage|p2b: Landorus|11\/100\n|-unboost|p2a: Rillaboom|atk|1\n|-unboost|p2b: Landorus|atk|1\n|move|p1b: Landorus|U-turn|p2b: Landorus\n|-resisted|p2b: Landorus\n|-damage|p2b: Landorus|0 fnt\n|faint|p2b: Landorus\n|\n|t:|1699802574\n|switch|p1b: Rillaboom|Rillaboom, F|100\/100|[from] U-turn\n|\n|-heal|p1a: Roaring Moon|59\/100|[from] Grassy Terrain\n|-heal|p2a: Rillaboom|47\/100 tox|[from] Grassy Terrain\n|-damage|p2a: Rillaboom|28\/100 tox|[from] psn\n|upkeep\n|\n|t:|1699802581\n|switch|p2b: Grimmsnarl|Grimmsnarl, M|18\/100 psn\n|-damage|p2b: Grimmsnarl|5\/100 psn|[from] Stealth Rock\n|turn|14\n|\n|t:|1699802590\n|move|p1b: Rillaboom|Fake Out|p2b: Grimmsnarl\n|-damage|p2b: Grimmsnarl|0 fnt\n|faint|p2b: Grimmsnarl\n|move|p1a: Roaring Moon|Breaking Swipe|p2a: Rillaboom\n|-damage|p2a: Rillaboom|16\/100 tox\n|-unboost|p2a: Rillaboom|atk|1\n|move|p2a: Rillaboom|Brick Break|p1a: Roaring Moon\n|-damage|p1a: Roaring Moon|47\/100\n|\n|-heal|p1a: Roaring Moon|53\/100|[from] Grassy Terrain\n|-heal|p2a: Rillaboom|23\/100 tox|[from] Grassy Terrain\n|-damage|p2a: Rillaboom|0 fnt|[from] psn\n|faint|p2a: Rillaboom\n|-sideend|p2: Yoda2798|move: Light Screen\n|upkeep\n|\n|t:|1699802593\n|switch|p2a: Ogerpon|Ogerpon-Wellspring, F|62\/100 tox\n|-damage|p2a: Ogerpon|50\/100 tox|[from] Stealth Rock\n|turn|15\n|l| SEROO\n|\n|t:|1699802606\n|move|p1b: Rillaboom|Grassy Glide|p2a: Ogerpon\n|-crit|p2a: Ogerpon\n|-damage|p2a: Ogerpon|0 fnt\n|faint|p2a: Ogerpon\n|\n|win|F3rrari450\n|c|\u2606Yoda2798|gg\n|c|\u2606F3rrari450|gg\n|l|\u2606Yoda2798\n|l| the JRL\n|l| frania \u2654\n","uploadtime":1699802615,"views":107,"p1id":"f3rrari450","p2id":"yoda2798","formatid":"gen9doublesou","rating":0,"private":0,"password":""}