{"id":"gen9doublesou-1997003986","p1":"AlexisDec","p2":"mikeyuwu","format":"[Gen 9] Doubles OU","log":"|j|\u2606AlexisDec\n|j|\u2606mikeyuwu\n|t:|1700754655\n|gametype|doubles\n|player|p1|AlexisDec|169|1379\n|player|p2|mikeyuwu|psychic-gen4|1328\n|teamsize|p1|6\n|teamsize|p2|6\n|gen|9\n|tier|[Gen 9] Doubles OU\n|rated|\n|rule|Species Clause: Limit one of each Pok\u00e9mon\n|rule|OHKO Clause: OHKO moves are banned\n|rule|Evasion Moves Clause: Evasion moves are banned\n|rule|Gravity Sleep Clause: The combination of sleep-inducing moves with imperfect accuracy and Gravity or Gigantamax Orbeetle are banned\n|rule|Endless Battle Clause: Forcing endless battles is banned\n|rule|HP Percentage Mod: HP is shown in percentages\n|clearpoke\n|poke|p1|Dachsbun, M|\n|poke|p1|Chi-Yu|\n|poke|p1|Amoonguss, F|\n|poke|p1|Scizor, F|\n|poke|p1|Grimmsnarl, M|\n|poke|p1|Rillaboom, F|\n|poke|p2|Garchomp, M|\n|poke|p2|Tyranitar, F|\n|poke|p2|Vaporeon, F|\n|poke|p2|Toxicroak, M|\n|poke|p2|Pelipper, F|\n|poke|p2|Abomasnow, M|\n|teampreview\n|\n|t:|1700754671\n|start\n|switch|p1a: OT|Dachsbun, M, shiny|100\/100\n|switch|p1b: Chi-Yu|Chi-Yu|100\/100\n|switch|p2a: OTLHPM|Toxicroak, M|100\/100\n|switch|p2b: Harmacy|Vaporeon, F|100\/100\n|-ability|p1b: Chi-Yu|Beads of Ruin\n|turn|1\n|inactive|Battle timer is ON: inactive players will automatically lose when time's up. (requested by AlexisDec)\n|inactive|AlexisDec has 120 seconds left.\n|\n|t:|1700754707\n|switch|p2a: Weather War|Pelipper, F|100\/100\n|-weather|RainDance|[from] ability: Drizzle|[of] p2a: Weather War\n|-terastallize|p1b: Chi-Yu|Ghost\n|move|p1a: OT|Protect|p1a: OT\n|-singleturn|p1a: OT|Protect\n|move|p1b: Chi-Yu|Lava Plume|p2a: Weather War|[spread] p2a,p2b\n|-activate|p1a: OT|move: Protect\n|-resisted|p2a: Weather War\n|-resisted|p2b: Harmacy\n|-damage|p2a: Weather War|85\/100\n|-damage|p2b: Harmacy|93\/100\n|-status|p2a: Weather War|brn\n|move|p2b: Harmacy|Weather Ball|p1b: Chi-Yu\n|-damage|p1b: Chi-Yu|39\/100\n|\n|-weather|RainDance|[upkeep]\n|-heal|p2b: Harmacy|99\/100|[from] item: Leftovers\n|-damage|p2a: Weather War|78\/100 brn|[from] brn\n|upkeep\n|turn|2\n|\n|t:|1700754730\n|move|p1b: Chi-Yu|Lava Plume|p2a: Weather War|[spread] p2a,p2b\n|-ability|p1a: OT|Well-Baked Body|boost\n|-boost|p1a: OT|def|2\n|-resisted|p2a: Weather War\n|-resisted|p2b: Harmacy\n|-damage|p2a: Weather War|63\/100 brn\n|-damage|p2b: Harmacy|91\/100\n|move|p1a: OT|Snarl|p2a: Weather War|[spread] p2a,p2b\n|-damage|p2a: Weather War|54\/100 brn\n|-damage|p2b: Harmacy|86\/100\n|-unboost|p2a: Weather War|spa|1\n|-unboost|p2b: Harmacy|spa|1\n|move|p2a: Weather War|Hurricane|p1b: Chi-Yu\n|-damage|p1b: Chi-Yu|11\/100\n|-start|p1b: Chi-Yu|confusion\n|move|p2b: Harmacy|Weather Ball|p1b: Chi-Yu\n|-damage|p1b: Chi-Yu|0 fnt\n|faint|p1b: Chi-Yu\n|\n|-weather|RainDance|[upkeep]\n|-heal|p2b: Harmacy|92\/100|[from] item: Leftovers\n|-damage|p2a: Weather War|48\/100 brn|[from] brn\n|upkeep\n|inactive|AlexisDec has 120 seconds left.\n|\n|t:|1700754753\n|switch|p1b: Amoonguss|Amoonguss, F|100\/100\n|turn|3\n|\n|t:|1700754772\n|move|p1a: OT|Snarl|p2b: Harmacy|[spread] p2a,p2b\n|-damage|p2a: Weather War|40\/100 brn\n|-damage|p2b: Harmacy|88\/100\n|-unboost|p2a: Weather War|spa|1\n|-unboost|p2b: Harmacy|spa|1\n|move|p2a: Weather War|Hurricane|p1b: Amoonguss\n|-supereffective|p1b: Amoonguss\n|-damage|p1b: Amoonguss|71\/100\n|-start|p1b: Amoonguss|confusion\n|move|p2b: Harmacy|Icy Wind|p1b: Amoonguss|[spread] p1a,p1b\n|-supereffective|p1b: Amoonguss\n|-damage|p1a: OT|94\/100\n|-damage|p1b: Amoonguss|62\/100\n|-unboost|p1a: OT|spe|1\n|-unboost|p1b: Amoonguss|spe|1\n|-activate|p1b: Amoonguss|confusion\n|-damage|p1b: Amoonguss|57\/100|[from] confusion\n|\n|-weather|RainDance|[upkeep]\n|-heal|p2b: Harmacy|94\/100|[from] item: Leftovers\n|-heal|p1a: OT|99\/100|[from] item: Leftovers\n|-heal|p1b: Amoonguss|63\/100|[from] item: Black Sludge\n|-damage|p2a: Weather War|34\/100 brn|[from] brn\n|upkeep\n|turn|4\n|\n|t:|1700754798\n|switch|p2a: OTLHPM|Toxicroak, M|100\/100\n|switch|p1b: Grimmsnarl|Grimmsnarl, M|100\/100\n|move|p2b: Harmacy|Wish|p2b: Harmacy\n|move|p1a: OT|Snarl|p2b: Harmacy|[spread] p2a,p2b\n|-resisted|p2a: OTLHPM\n|-damage|p2a: OTLHPM|97\/100\n|-damage|p2b: Harmacy|91\/100\n|-unboost|p2a: OTLHPM|spa|1\n|-unboost|p2b: Harmacy|spa|1\n|\n|-weather|RainDance|[upkeep]\n|-heal|p2a: OTLHPM|100\/100|[from] ability: Dry Skin\n|-heal|p2b: Harmacy|97\/100|[from] item: Leftovers\n|-heal|p1a: OT|100\/100|[from] item: Leftovers\n|upkeep\n|turn|5\n|\n|t:|1700754823\n|switch|p2b: Weather War|Pelipper, F|34\/100 brn\n|move|p1b: Grimmsnarl|Reflect|p1b: Grimmsnarl\n|-sidestart|p1: AlexisDec|Reflect\n|move|p2a: OTLHPM|Poison Jab|p1a: OT\n|-supereffective|p1a: OT\n|-damage|p1a: OT|81\/100\n|move|p1a: OT|Body Press|p2a: OTLHPM\n|-resisted|p2a: OTLHPM\n|-damage|p2a: OTLHPM|61\/100\n|\n|-weather|none\n|-heal|p2b: Weather War|100\/100 brn|[from] move: Wish|[wisher] Harmacy\n|-heal|p2a: OTLHPM|67\/100|[from] item: Black Sludge\n|-heal|p1a: OT|87\/100|[from] item: Leftovers\n|-damage|p2b: Weather War|94\/100 brn|[from] brn\n|upkeep\n|turn|6\n|\n|t:|1700754847\n|switch|p2a: Extra Spicy|Garchomp, M|100\/100\n|switch|p2b: Harmacy|Vaporeon, F|97\/100\n|move|p1b: Grimmsnarl|Thunder Wave|p2a: Extra Spicy\n|-immune|p2a: Extra Spicy\n|move|p1a: OT|Wish|p1a: OT\n|\n|-heal|p2b: Harmacy|100\/100|[from] item: Leftovers\n|-heal|p1a: OT|93\/100|[from] item: Leftovers\n|upkeep\n|turn|7\n|\n|t:|1700754868\n|move|p2a: Extra Spicy|Brick Break|p1b: Grimmsnarl\n|-sideend|p1: AlexisDec|Reflect\n|-damage|p1b: Grimmsnarl|80\/100\n|move|p2b: Harmacy|Icy Wind|p1a: OT|[spread] p1a,p1b\n|-damage|p1a: OT|81\/100\n|-damage|p1b: Grimmsnarl|70\/100\n|-unboost|p1a: OT|spe|1\n|-unboost|p1b: Grimmsnarl|spe|1\n|move|p1a: OT|Body Press|p2b: Harmacy\n|-damage|p2b: Harmacy|61\/100\n|move|p1b: Grimmsnarl|Spirit Break|p2a: Extra Spicy\n|-supereffective|p2a: Extra Spicy\n|-damage|p2a: Extra Spicy|65\/100\n|-unboost|p2a: Extra Spicy|spa|1\n|-damage|p1b: Grimmsnarl|57\/100|[from] ability: Rough Skin|[of] p2a: Extra Spicy\n|-damage|p1b: Grimmsnarl|41\/100|[from] item: Rocky Helmet|[of] p2a: Extra Spicy\n|\n|-heal|p1a: OT|100\/100|[from] move: Wish|[wisher] OT\n|-heal|p2b: Harmacy|67\/100|[from] item: Leftovers\n|upkeep\n|turn|8\n|inactive|AlexisDec has 120 seconds left.\n|\n|t:|1700754900\n|move|p1b: Grimmsnarl|Reflect|p1b: Grimmsnarl\n|-sidestart|p1: AlexisDec|Reflect\n|move|p2a: Extra Spicy|Poison Jab|p1b: Grimmsnarl\n|-supereffective|p1b: Grimmsnarl\n|-damage|p1b: Grimmsnarl|10\/100\n|-status|p1b: Grimmsnarl|psn\n|move|p2b: Harmacy|Wish|p2b: Harmacy\n|move|p1a: OT|Body Press|p2b: Harmacy\n|-damage|p2b: Harmacy|27\/100\n|\n|-heal|p2b: Harmacy|34\/100|[from] item: Leftovers\n|-damage|p1b: Grimmsnarl|0 fnt|[from] psn\n|faint|p1b: Grimmsnarl\n|upkeep\n|inactive|AlexisDec has 120 seconds left.\n|\n|t:|1700754922\n|switch|p1b: Rillaboom|Rillaboom, F|100\/100\n|-fieldstart|move: Grassy Terrain|[from] ability: Grassy Surge|[of] p1b: Rillaboom\n|turn|9\n|inactive|AlexisDec has 120 seconds left.\n|\n|t:|1700754939\n|switch|p2b: OTLHPM|Toxicroak, M|67\/100\n|move|p1b: Rillaboom|Knock Off|p2a: Extra Spicy\n|-damage|p2a: Extra Spicy|45\/100\n|-damage|p1b: Rillaboom|88\/100|[from] ability: Rough Skin|[of] p2a: Extra Spicy\n|-damage|p1b: Rillaboom|72\/100|[from] item: Rocky Helmet|[of] p2a: Extra Spicy\n|-enditem|p2a: Extra Spicy|Rocky Helmet|[from] move: Knock Off|[of] p1b: Rillaboom\n|move|p2a: Extra Spicy|Brick Break|p1b: Rillaboom\n|-sideend|p1: AlexisDec|Reflect\n|-damage|p1b: Rillaboom|50\/100\n|move|p1a: OT|Wish|p1a: OT\n|\n|-heal|p2b: OTLHPM|100\/100|[from] move: Wish|[wisher] Harmacy\n|-heal|p1b: Rillaboom|56\/100|[from] Grassy Terrain\n|-heal|p2a: Extra Spicy|51\/100|[from] Grassy Terrain\n|upkeep\n|turn|10\n|inactive|AlexisDec has 120 seconds left.\n|\n|t:|1700754966\n|move|p1b: Rillaboom|Wood Hammer|p2a: Extra Spicy\n|-damage|p2a: Extra Spicy|1\/100\n|-damage|p1b: Rillaboom|44\/100|[from] ability: Rough Skin|[of] p2a: Extra Spicy\n|-damage|p1b: Rillaboom|24\/100|[from] Recoil\n|move|p2a: Extra Spicy|Poison Jab|p1b: Rillaboom\n|-supereffective|p1b: Rillaboom\n|-damage|p1b: Rillaboom|0 fnt\n|faint|p1b: Rillaboom\n|move|p2b: OTLHPM|Poison Jab|p1a: OT\n|-supereffective|p1a: OT\n|-damage|p1a: OT|72\/100\n|move|p1a: OT|Body Press|p2b: OTLHPM\n|-resisted|p2b: OTLHPM\n|-damage|p2b: OTLHPM|64\/100\n|\n|-heal|p1a: OT|100\/100|[from] move: Wish|[wisher] OT\n|-heal|p2a: Extra Spicy|7\/100|[from] Grassy Terrain\n|-heal|p2b: OTLHPM|70\/100|[from] Grassy Terrain\n|-heal|p2b: OTLHPM|76\/100|[from] item: Black Sludge\n|upkeep\n|\n|t:|1700754988\n|switch|p1b: Scizor|Scizor, F|100\/100\n|turn|11\n|inactive|AlexisDec has 120 seconds left.\n|\n|t:|1700755000\n|switch|p2a: Weather War|Pelipper, F|94\/100 brn\n|-weather|RainDance|[from] ability: Drizzle|[of] p2a: Weather War\n|move|p2b: OTLHPM|Poison Jab|p1a: OT\n|-supereffective|p1a: OT\n|-damage|p1a: OT|70\/100\n|move|p1b: Scizor|Swords Dance|p1b: Scizor\n|-boost|p1b: Scizor|atk|2\n|move|p1a: OT|Body Press|p2b: OTLHPM\n|-resisted|p2b: OTLHPM\n|-damage|p2b: OTLHPM|40\/100\n|\n|-weather|RainDance|[upkeep]\n|-heal|p2b: OTLHPM|52\/100|[from] ability: Dry Skin\n|-heal|p2b: OTLHPM|59\/100|[from] Grassy Terrain\n|-heal|p2b: OTLHPM|65\/100|[from] item: Black Sludge\n|-heal|p1a: OT|76\/100|[from] Grassy Terrain\n|-heal|p1a: OT|82\/100|[from] item: Leftovers\n|-damage|p2a: Weather War|88\/100 brn|[from] brn\n|upkeep\n|turn|12\n|inactive|AlexisDec has 120 seconds left.\n|\n|t:|1700755025\n|move|p1b: Scizor|Protect|p1b: Scizor\n|-singleturn|p1b: Scizor|Protect\n|move|p2b: OTLHPM|Poison Jab|p1a: OT\n|-supereffective|p1a: OT\n|-damage|p1a: OT|51\/100\n|move|p2a: Weather War|Hurricane|p1b: Scizor\n|-activate|p1b: Scizor|move: Protect\n|move|p1a: OT|Body Press|p2b: OTLHPM\n|-resisted|p2b: OTLHPM\n|-damage|p2b: OTLHPM|24\/100\n|\n|-weather|RainDance|[upkeep]\n|-heal|p2b: OTLHPM|37\/100|[from] ability: Dry Skin\n|-heal|p2b: OTLHPM|43\/100|[from] Grassy Terrain\n|-heal|p2b: OTLHPM|49\/100|[from] item: Black Sludge\n|-heal|p1a: OT|57\/100|[from] Grassy Terrain\n|-heal|p1a: OT|63\/100|[from] item: Leftovers\n|-damage|p2a: Weather War|82\/100 brn|[from] brn\n|upkeep\n|turn|13\n|inactive|AlexisDec has 120 seconds left.\n|\n|t:|1700755050\n|move|p2b: OTLHPM|Poison Jab|p1a: OT\n|-supereffective|p1a: OT\n|-damage|p1a: OT|33\/100\n|move|p2a: Weather War|Chilling Water|p2b: OTLHPM\n|-heal|p2b: OTLHPM|74\/100|[from] ability: Dry Skin|[of] p2a: Weather War\n|move|p1b: Scizor|X-Scissor|p2a: Weather War\n|-resisted|p2a: Weather War\n|-damage|p2a: Weather War|45\/100 brn\n|move|p1a: OT|Body Press|p2b: OTLHPM\n|-resisted|p2b: OTLHPM\n|-damage|p2b: OTLHPM|35\/100\n|\n|-weather|RainDance|[upkeep]\n|-heal|p2b: OTLHPM|47\/100|[from] ability: Dry Skin\n|-heal|p2b: OTLHPM|54\/100|[from] Grassy Terrain\n|-heal|p2b: OTLHPM|60\/100|[from] item: Black Sludge\n|-heal|p1a: OT|39\/100|[from] Grassy Terrain\n|-heal|p1a: OT|45\/100|[from] item: Leftovers\n|-damage|p2a: Weather War|39\/100 brn|[from] brn\n|-fieldend|move: Grassy Terrain\n|upkeep\n|turn|14\n|inactive|AlexisDec has 120 seconds left.\n|\n|t:|1700755077\n|move|p1a: OT|Protect|p1a: OT\n|-singleturn|p1a: OT|Protect\n|move|p2b: OTLHPM|Poison Jab|p1a: OT\n|-activate|p1a: OT|move: Protect\n|move|p2a: Weather War|Hurricane|p1b: Scizor\n|-damage|p1b: Scizor|60\/100\n|move|p1b: Scizor|X-Scissor|p2a: Weather War\n|-resisted|p2a: Weather War\n|-damage|p2a: Weather War|3\/100 brn\n|\n|-weather|RainDance|[upkeep]\n|-heal|p2b: OTLHPM|72\/100|[from] ability: Dry Skin\n|-heal|p2b: OTLHPM|79\/100|[from] item: Black Sludge\n|-heal|p1a: OT|50\/100|[from] item: Leftovers\n|-damage|p2a: Weather War|0 fnt|[from] brn\n|faint|p2a: Weather War\n|upkeep\n|\n|t:|1700755083\n|switch|p2a: Harmacy|Vaporeon, F|34\/100\n|turn|15\n|inactive|AlexisDec has 120 seconds left.\n|\n|t:|1700755109\n|move|p2b: OTLHPM|Sunny Day|p2b: OTLHPM\n|-weather|SunnyDay\n|move|p2a: Harmacy|Weather Ball|p1b: Scizor\n|-supereffective|p1b: Scizor\n|-damage|p1b: Scizor|0 fnt\n|faint|p1b: Scizor\n|move|p1a: OT|Wish|p1a: OT\n|\n|-weather|SunnyDay|[upkeep]\n|-damage|p2b: OTLHPM|66\/100|[from] ability: Dry Skin|[of] p2b: OTLHPM\n|-heal|p2b: OTLHPM|72\/100|[from] item: Black Sludge\n|-heal|p2a: Harmacy|40\/100|[from] item: Leftovers\n|-heal|p1a: OT|56\/100|[from] item: Leftovers\n|upkeep\n|inactive|AlexisDec has 120 seconds left.\n|\n|t:|1700755123\n|switch|p1b: Amoonguss|Amoonguss, F|97\/100\n|turn|16\n|\n|t:|1700755143\n|switch|p2a: Cold Shoulder|Abomasnow, M, shiny|100\/100\n|-weather|Snow|[from] ability: Snow Warning|[of] p2a: Cold Shoulder\n|move|p2b: OTLHPM|Poison Jab|p1a: OT\n|-supereffective|p1a: OT\n|-damage|p1a: OT|28\/100\n|-status|p1a: OT|psn\n|move|p1a: OT|Body Press|p2a: Cold Shoulder\n|-supereffective|p2a: Cold Shoulder\n|-damage|p2a: Cold Shoulder|32\/100\n|move|p1b: Amoonguss|Spore|p2b: OTLHPM\n|-status|p2b: OTLHPM|slp|[from] move: Spore\n|\n|-weather|Snow|[upkeep]\n|-heal|p1a: OT|78\/100 psn|[from] move: Wish|[wisher] OT\n|-heal|p2b: OTLHPM|79\/100 slp|[from] item: Black Sludge\n|-heal|p1a: OT|84\/100 psn|[from] item: Leftovers\n|-heal|p1b: Amoonguss|100\/100|[from] item: Black Sludge\n|-damage|p1a: OT|72\/100 psn|[from] psn\n|upkeep\n|turn|17\n|inactive|AlexisDec has 120 seconds left.\n|\n|t:|1700755176\n|cant|p2b: OTLHPM|slp\n|move|p2a: Cold Shoulder|Blizzard|p1b: Amoonguss|[spread] p1a,p1b\n|-supereffective|p1b: Amoonguss\n|-damage|p1a: OT|37\/100 psn\n|-damage|p1b: Amoonguss|55\/100\n|move|p1a: OT|Body Press|p2a: Cold Shoulder\n|-supereffective|p2a: Cold Shoulder\n|-damage|p2a: Cold Shoulder|0 fnt\n|faint|p2a: Cold Shoulder\n|move|p1b: Amoonguss|Pollen Puff|p1a: OT\n|-heal|p1a: OT|87\/100 psn\n|\n|-weather|Snow|[upkeep]\n|-heal|p2b: OTLHPM|85\/100 slp|[from] item: Black Sludge\n|-heal|p1a: OT|93\/100 psn|[from] item: Leftovers\n|-heal|p1b: Amoonguss|61\/100|[from] item: Black Sludge\n|-damage|p1a: OT|80\/100 psn|[from] psn\n|upkeep\n|\n|t:|1700755186\n|switch|p2a: Harmacy|Vaporeon, F|40\/100\n|turn|18\n|\n|t:|1700755202\n|switch|p2a: Extra Spicy|Garchomp, M|7\/100\n|move|p1b: Amoonguss|Rage Powder|p1b: Amoonguss\n|-singleturn|p1b: Amoonguss|move: Rage Powder\n|cant|p2b: OTLHPM|slp\n|move|p1a: OT|Body Press|p2a: Extra Spicy\n|-damage|p2a: Extra Spicy|0 fnt\n|-damage|p1a: OT|68\/100 psn|[from] ability: Rough Skin|[of] p2a: Extra Spicy\n|faint|p2a: Extra Spicy\n|\n|-weather|Snow|[upkeep]\n|-heal|p2b: OTLHPM|91\/100 slp|[from] item: Black Sludge\n|-heal|p1a: OT|74\/100 psn|[from] item: Leftovers\n|-heal|p1b: Amoonguss|67\/100|[from] item: Black Sludge\n|-damage|p1a: OT|62\/100 psn|[from] psn\n|upkeep\n|\n|t:|1700755220\n|switch|p2a: ThcrThnSnkr|Tyranitar, F|100\/100\n|-weather|Sandstorm|[from] ability: Sand Stream|[of] p2a: ThcrThnSnkr\n|turn|19\n|\n|t:|1700755227\n|move|p1a: OT|Protect|p1a: OT\n|-singleturn|p1a: OT|Protect\n|-curestatus|p2b: OTLHPM|slp|[msg]\n|move|p2b: OTLHPM|Poison Jab|p1a: OT\n|-activate|p1a: OT|move: Protect\n|move|p2a: ThcrThnSnkr|Heavy Slam|p1a: OT\n|-activate|p1a: OT|move: Protect\n|move|p1b: Amoonguss|Spore|p2b: OTLHPM\n|-status|p2b: OTLHPM|slp|[from] move: Spore\n|\n|-weather|Sandstorm|[upkeep]\n|-damage|p2b: OTLHPM|85\/100 slp|[from] Sandstorm\n|-damage|p1a: OT|56\/100 psn|[from] Sandstorm\n|-damage|p1b: Amoonguss|61\/100|[from] Sandstorm\n|-heal|p2b: OTLHPM|91\/100 slp|[from] item: Black Sludge\n|-heal|p1a: OT|62\/100 psn|[from] item: Leftovers\n|-heal|p1b: Amoonguss|67\/100|[from] item: Black Sludge\n|-damage|p1a: OT|50\/100 psn|[from] psn\n|upkeep\n|turn|20\n|\n|t:|1700755251\n|move|p1b: Amoonguss|Rage Powder|p1b: Amoonguss\n|-singleturn|p1b: Amoonguss|move: Rage Powder\n|cant|p2b: OTLHPM|slp\n|move|p2a: ThcrThnSnkr|Rock Slide|p1a: OT|[spread] p1a,p1b\n|-crit|p1a: OT\n|-damage|p1a: OT|22\/100 psn\n|-damage|p1b: Amoonguss|48\/100\n|move|p1a: OT|Wish|p1a: OT\n|\n|-weather|Sandstorm|[upkeep]\n|-damage|p2b: OTLHPM|85\/100 slp|[from] Sandstorm\n|-damage|p1a: OT|16\/100 psn|[from] Sandstorm\n|-damage|p1b: Amoonguss|42\/100|[from] Sandstorm\n|-heal|p2b: OTLHPM|91\/100 slp|[from] item: Black Sludge\n|-heal|p1a: OT|22\/100 psn|[from] item: Leftovers\n|-heal|p1b: Amoonguss|48\/100|[from] item: Black Sludge\n|-damage|p1a: OT|10\/100 psn|[from] psn\n|upkeep\n|turn|21\n|\n|t:|1700755272\n|move|p1a: OT|Protect|p1a: OT\n|-singleturn|p1a: OT|Protect\n|-curestatus|p2b: OTLHPM|slp|[msg]\n|move|p2b: OTLHPM|Poison Jab|p1b: Amoonguss\n|-damage|p1b: Amoonguss|15\/100\n|move|p2a: ThcrThnSnkr|Knock Off|p1b: Amoonguss\n|-damage|p1b: Amoonguss|0 fnt\n|-enditem|p1b: Amoonguss|Black Sludge|[from] move: Knock Off|[of] p2a: ThcrThnSnkr\n|faint|p1b: Amoonguss\n|\n|-weather|Sandstorm|[upkeep]\n|-damage|p2b: OTLHPM|85\/100|[from] Sandstorm\n|-damage|p1a: OT|4\/100 psn|[from] Sandstorm\n|-heal|p1a: OT|54\/100 psn|[from] move: Wish|[wisher] OT\n|-heal|p2b: OTLHPM|91\/100|[from] item: Black Sludge\n|-heal|p1a: OT|60\/100 psn|[from] item: Leftovers\n|-damage|p1a: OT|47\/100 psn|[from] psn\n|upkeep\n|turn|22\n|c|\u2606mikeyuwu|Gg\n|\n|t:|1700755292\n|move|p2b: OTLHPM|Poison Jab|p1a: OT\n|-supereffective|p1a: OT\n|-damage|p1a: OT|17\/100 psn\n|move|p2a: ThcrThnSnkr|Heavy Slam|p1a: OT\n|-supereffective|p1a: OT\n|-damage|p1a: OT|0 fnt\n|faint|p1a: OT\n|\n|win|mikeyuwu\n|raw|AlexisDec's rating: 1379 &rarr; <strong>1356<\/strong><br \/>(-23 for losing)\n|raw|mikeyuwu's rating: 1328 &rarr; <strong>1351<\/strong><br \/>(+23 for winning)\n|l|\u2606AlexisDec\n","uploadtime":1700755314,"views":1,"p1id":"alexisdec","p2id":"mikeyuwu","formatid":"gen9doublesou","rating":1351,"private":0,"password":""}