{"id":"gen9doublesou-1968520680","p1":"idkjusttestin","p2":"TheKingDrac","format":"[Gen 9] Doubles OU","log":"|j|\u2606idkjusttestin\n|j|\u2606TheKingDrac\n|t:|1697427855\n|gametype|doubles\n|player|p1|idkjusttestin|roxie|1219\n|player|p2|TheKingDrac|gambler|1294\n|teamsize|p1|6\n|teamsize|p2|6\n|gen|9\n|tier|[Gen 9] Doubles OU\n|rated|\n|rule|Species Clause: Limit one of each Pok\u00e9mon\n|rule|OHKO Clause: OHKO moves are banned\n|rule|Evasion Moves Clause: Evasion moves are banned\n|rule|Gravity Sleep Clause: The combination of sleep-inducing moves with imperfect accuracy and Gravity or Gigantamax Orbeetle are banned\n|rule|Endless Battle Clause: Forcing endless battles is banned\n|rule|HP Percentage Mod: HP is shown in percentages\n|clearpoke\n|poke|p1|Goodra-Hisui, F|\n|poke|p1|Dipplin, M|\n|poke|p1|Weezing-Galar, M|\n|poke|p1|Dondozo, M|\n|poke|p1|Arcanine, F|\n|poke|p1|Cresselia, F|\n|poke|p2|Gholdengo|\n|poke|p2|Iron Hands|\n|poke|p2|Flutter Mane|\n|poke|p2|Amoonguss, F|\n|poke|p2|Ogerpon-Wellspring, F|\n|poke|p2|Ting-Lu|\n|teampreview\n|\n|t:|1697427862\n|start\n|switch|p1a: Arcanine|Arcanine, F|100\/100\n|switch|p1b: Weezing|Weezing-Galar, M|100\/100\n|switch|p2a: Gholdengo|Gholdengo|100\/100\n|switch|p2b: Iron Hands|Iron Hands|100\/100\n|-ability|p1a: Arcanine|Intimidate|boost\n|-unboost|p2a: Gholdengo|atk|1\n|-unboost|p2b: Iron Hands|atk|1\n|-fieldstart|move: Misty Terrain|[from] ability: Misty Surge|[of] p1b: Weezing\n|turn|1\n|\n|t:|1697427880\n|switch|p1a: Dondozo|Dondozo, M|100\/100\n|switch|p1b: Dipplin|Dipplin, M|100\/100\n|move|p2b: Iron Hands|Fake Out|p1a: Dondozo\n|-damage|p1a: Dondozo|92\/100\n|-damage|p2b: Iron Hands|84\/100|[from] item: Rocky Helmet|[of] p1a: Dondozo\n|move|p2a: Gholdengo|Nasty Plot|p2a: Gholdengo\n|-boost|p2a: Gholdengo|spa|2\n|\n|upkeep\n|turn|2\n|\n|t:|1697427903\n|switch|p1a: Goodra|Goodra-Hisui, F|100\/100\n|-terastallize|p2a: Gholdengo|Steel\n|move|p2a: Gholdengo|Make It Rain|p1b: Dipplin|[spread] p1a,p1b\n|-resisted|p1a: Goodra\n|-damage|p1a: Goodra|56\/100\n|-damage|p1b: Dipplin|38\/100\n|-unboost|p2a: Gholdengo|spa|1\n|move|p2b: Iron Hands|Wild Charge|p1a: Goodra\n|-resisted|p1a: Goodra\n|-damage|p1a: Goodra|38\/100\n|-damage|p2b: Iron Hands|81\/100|[from] Recoil\n|move|p1b: Dipplin|Dragon Tail|p2a: Gholdengo\n|-resisted|p2a: Gholdengo\n|-damage|p2a: Gholdengo|96\/100\n|drag|p2a: Amoonguss|Amoonguss, F|100\/100\n|\n|upkeep\n|turn|3\n|\n|t:|1697427936\n|switch|p1a: Dondozo|Dondozo, M|92\/100\n|move|p2b: Iron Hands|Drain Punch|p1b: Dipplin\n|-damage|p1b: Dipplin|20\/100\n|-heal|p2b: Iron Hands|88\/100|[from] drain|[of] p1b: Dipplin\n|move|p2a: Amoonguss|Spore|p1a: Dondozo\n|-activate|p1a: Dondozo|move: Misty Terrain\n|move|p1b: Dipplin|Recover|p1b: Dipplin\n|-heal|p1b: Dipplin|70\/100\n|\n|upkeep\n|turn|4\n|\n|t:|1697427955\n|move|p2a: Amoonguss|Rage Powder|p2a: Amoonguss\n|-singleturn|p2a: Amoonguss|move: Rage Powder\n|move|p2b: Iron Hands|Volt Switch|p1a: Dondozo\n|-supereffective|p1a: Dondozo\n|-damage|p1a: Dondozo|66\/100\n|\n|t:|1697427962\n|-end|p2b: Iron Hands|Quark Drive|[silent]\n|switch|p2b: Ogerpon|Ogerpon-Wellspring, F|100\/100|[from] Volt Switch\n|move|p1b: Dipplin|Giga Drain|p2b: Ogerpon\n|-damage|p2b: Ogerpon|69\/100\n|-heal|p1b: Dipplin|83\/100|[from] drain|[of] p2b: Ogerpon\n|move|p1a: Dondozo|Wave Crash|p2a: Amoonguss\n|-resisted|p2a: Amoonguss\n|-damage|p2a: Amoonguss|81\/100\n|-damage|p1a: Dondozo|60\/100|[from] Recoil\n|\n|upkeep\n|turn|5\n|\n|t:|1697428003\n|move|p2b: Ogerpon|Encore|p1b: Dipplin\n|-start|p1b: Dipplin|Encore\n|move|p2a: Amoonguss|Spore|p1a: Dondozo\n|-activate|p1a: Dondozo|move: Misty Terrain\n|move|p1b: Dipplin|Giga Drain|p2b: Ogerpon\n|-damage|p2b: Ogerpon|40\/100\n|-heal|p1b: Dipplin|95\/100|[from] drain|[of] p2b: Ogerpon\n|move|p1a: Dondozo|Crunch|p2b: Ogerpon\n|-damage|p2b: Ogerpon|12\/100\n|-unboost|p2b: Ogerpon|def|1\n|\n|-fieldend|Misty Terrain\n|upkeep\n|turn|6\n|c|\u2606idkjusttestin|read\n|inactive|Battle timer is ON: inactive players will automatically lose when time's up. (requested by idkjusttestin)\n|\n|t:|1697428040\n|switch|p1a: Goodra|Goodra-Hisui, F|38\/100\n|move|p2b: Ogerpon|Ivy Cudgel|p1b: Dipplin\n|-resisted|p1b: Dipplin\n|-damage|p1b: Dipplin|87\/100\n|move|p2a: Amoonguss|Pollen Puff|p2b: Ogerpon\n|-heal|p2b: Ogerpon|62\/100\n|move|p1b: Dipplin|Giga Drain|p2b: Ogerpon\n|-damage|p2b: Ogerpon|33\/100\n|-heal|p1b: Dipplin|99\/100|[from] drain|[of] p2b: Ogerpon\n|\n|upkeep\n|turn|7\n|\n|t:|1697428057\n|move|p2b: Ogerpon|Spiky Shield|p2b: Ogerpon\n|-singleturn|p2b: Ogerpon|move: Protect\n|move|p2a: Amoonguss|Protect|p2a: Amoonguss\n|-singleturn|p2a: Amoonguss|Protect\n|move|p1a: Goodra|Life Dew|p1a: Goodra|[spread] p1a,p1b\n|-heal|p1a: Goodra|63\/100\n|-heal|p1b: Dipplin|100\/100\n|move|p1b: Dipplin|Giga Drain|p2b: Ogerpon\n|-activate|p2b: Ogerpon|move: Protect\n|\n|-end|p1b: Dipplin|Encore\n|upkeep\n|turn|8\n|\n|t:|1697428086\n|move|p2a: Amoonguss|Rage Powder|p2a: Amoonguss\n|-singleturn|p2a: Amoonguss|move: Rage Powder\n|move|p2b: Ogerpon|Ivy Cudgel|p1a: Goodra\n|-resisted|p1a: Goodra\n|-damage|p1a: Goodra|38\/100\n|move|p1a: Goodra|Draco Meteor|p2a: Amoonguss\n|-damage|p2a: Amoonguss|32\/100\n|-unboost|p1a: Goodra|spa|2\n|move|p1b: Dipplin|Dragon Tail|p2a: Amoonguss\n|-damage|p2a: Amoonguss|17\/100\n|-enditem|p2a: Amoonguss|Aguav Berry|[eat]\n|-heal|p2a: Amoonguss|50\/100|[from] item: Aguav Berry\n|drag|p2a: Flutter Mane|Flutter Mane|100\/100\n|-enditem|p2a: Flutter Mane|Booster Energy\n|-activate|p2a: Flutter Mane|ability: Protosynthesis|[fromitem]\n|-start|p2a: Flutter Mane|protosynthesisspe\n|\n|upkeep\n|turn|9\n|inactive|idkjusttestin has 120 seconds left.\n|\n|t:|1697428118\n|switch|p1a: Weezing|Weezing-Galar, M|100\/100\n|-fieldstart|move: Misty Terrain|[from] ability: Misty Surge|[of] p1a: Weezing\n|move|p2b: Ogerpon|Spiky Shield|p2b: Ogerpon\n|-singleturn|p2b: Ogerpon|move: Protect\n|move|p2a: Flutter Mane|Dazzling Gleam|p1a: Weezing|[spread] p1a,p1b\n|-resisted|p1a: Weezing\n|-supereffective|p1b: Dipplin\n|-damage|p1a: Weezing|80\/100\n|-damage|p1b: Dipplin|67\/100\n|move|p1b: Dipplin|Pollen Puff|p2b: Ogerpon\n|-activate|p2b: Ogerpon|move: Protect\n|\n|upkeep\n|turn|10\n|\n|t:|1697428148\n|move|p2b: Ogerpon|Follow Me|p2b: Ogerpon\n|-singleturn|p2b: Ogerpon|move: Follow Me\n|move|p2a: Flutter Mane|Moonblast|p1b: Dipplin\n|-supereffective|p1b: Dipplin\n|-damage|p1b: Dipplin|17\/100\n|move|p1a: Weezing|Sludge Bomb|p2b: Ogerpon\n|-supereffective|p2b: Ogerpon\n|-damage|p2b: Ogerpon|0 fnt\n|faint|p2b: Ogerpon\n|move|p1b: Dipplin|Recover|p1b: Dipplin\n|-heal|p1b: Dipplin|67\/100\n|\n|upkeep\n|inactive|TheKingDrac has 120 seconds left.\n|\n|t:|1697428161\n|switch|p2b: Gholdengo|Gholdengo, tera:Steel|96\/100\n|turn|11\n|\n|t:|1697428174\n|move|p2a: Flutter Mane|Dazzling Gleam|p1a: Weezing|[spread] p1a,p1b\n|-resisted|p1a: Weezing\n|-supereffective|p1b: Dipplin\n|-damage|p1a: Weezing|58\/100\n|-damage|p1b: Dipplin|36\/100\n|move|p2b: Gholdengo|Make It Rain|p1b: Dipplin|[spread] p1a,p1b\n|-supereffective|p1a: Weezing\n|-damage|p1a: Weezing|0 fnt\n|-damage|p1b: Dipplin|4\/100\n|-unboost|p2b: Gholdengo|spa|1\n|faint|p1a: Weezing\n|move|p1b: Dipplin|Recover|p1b: Dipplin\n|-heal|p1b: Dipplin|54\/100\n|\n|-heal|p2b: Gholdengo|100\/100|[from] item: Leftovers\n|upkeep\n|\n|t:|1697428191\n|switch|p1a: Arcanine|Arcanine, F|100\/100\n|-ability|p1a: Arcanine|Intimidate|boost\n|-unboost|p2a: Flutter Mane|atk|1\n|-unboost|p2b: Gholdengo|atk|1\n|turn|12\n|\n|t:|1697428202\n|switch|p2b: Ting-Lu|Ting-Lu|100\/100\n|-ability|p2b: Ting-Lu|Vessel of Ruin\n|-terastallize|p1b: Dipplin|Steel\n|move|p2a: Flutter Mane|Moonblast|p1b: Dipplin\n|-resisted|p1b: Dipplin\n|-damage|p1b: Dipplin|44\/100\n|-unboost|p1b: Dipplin|spa|1\n|move|p1a: Arcanine|Snarl|p2b: Ting-Lu|[spread] p2b\n|-miss|p1a: Arcanine|p2a: Flutter Mane\n|-resisted|p2b: Ting-Lu\n|-damage|p2b: Ting-Lu|98\/100\n|-unboost|p2b: Ting-Lu|spa|1\n|move|p1b: Dipplin|Giga Drain|p2a: Flutter Mane\n|-damage|p2a: Flutter Mane|88\/100\n|-heal|p1b: Dipplin|48\/100|[from] drain|[of] p2a: Flutter Mane\n|\n|upkeep\n|turn|13\n|\n|t:|1697428232\n|switch|p1a: Dondozo|Dondozo, M|60\/100\n|move|p2a: Flutter Mane|Shadow Ball|p1b: Dipplin\n|-damage|p1b: Dipplin|31\/100\n|move|p2b: Ting-Lu|Stomping Tantrum|p1a: Dondozo\n|-damage|p1a: Dondozo|44\/100\n|-damage|p2b: Ting-Lu|82\/100|[from] item: Rocky Helmet|[of] p1a: Dondozo\n|move|p1b: Dipplin|Giga Drain|p2b: Ting-Lu\n|-supereffective|p2b: Ting-Lu\n|-damage|p2b: Ting-Lu|67\/100\n|-heal|p1b: Dipplin|41\/100|[from] drain|[of] p2b: Ting-Lu\n|\n|-fieldend|Misty Terrain\n|upkeep\n|turn|14\n|\n|t:|1697428251\n|move|p2a: Flutter Mane|Dazzling Gleam|p1a: Dondozo|[spread] p1a,p1b\n|-resisted|p1b: Dipplin\n|-crit|p1b: Dipplin\n|-damage|p1a: Dondozo|21\/100\n|-damage|p1b: Dipplin|32\/100\n|move|p2b: Ting-Lu|Stealth Rock|p1b: Dipplin\n|-sidestart|p1: idkjusttestin|move: Stealth Rock\n|move|p1b: Dipplin|Recover|p1b: Dipplin\n|-heal|p1b: Dipplin|82\/100\n|move|p1a: Dondozo|Body Press|p2b: Ting-Lu\n|-supereffective|p2b: Ting-Lu\n|-crit|p2b: Ting-Lu\n|-damage|p2b: Ting-Lu|28\/100\n|-damage|p1a: Dondozo|4\/100|[from] item: Rocky Helmet|[of] p2b: Ting-Lu\n|\n|upkeep\n|turn|15\n|inactive|idkjusttestin has 120 seconds left.\n|inactive|TheKingDrac has 120 seconds left.\n|\n|t:|1697428283\n|move|p2a: Flutter Mane|Dazzling Gleam|p1b: Dipplin|[spread] p1a,p1b\n|-resisted|p1b: Dipplin\n|-damage|p1a: Dondozo|0 fnt\n|-damage|p1b: Dipplin|77\/100\n|faint|p1a: Dondozo\n|move|p2b: Ting-Lu|Heavy Slam|p1b: Dipplin\n|-resisted|p1b: Dipplin\n|-damage|p1b: Dipplin|67\/100\n|move|p1b: Dipplin|Giga Drain|p2a: Flutter Mane\n|-damage|p2a: Flutter Mane|75\/100\n|-heal|p1b: Dipplin|71\/100|[from] drain|[of] p2a: Flutter Mane\n|\n|upkeep\n|inactive|idkjusttestin has 120 seconds left.\n|\n|t:|1697428295\n|switch|p1a: Arcanine|Arcanine, F|100\/100\n|-damage|p1a: Arcanine|75\/100|[from] Stealth Rock\n|-ability|p1a: Arcanine|Intimidate|boost\n|-unboost|p2a: Flutter Mane|atk|1\n|-unboost|p2b: Ting-Lu|atk|1\n|turn|16\n|\n|t:|1697428304\n|move|p1a: Arcanine|Protect|p1a: Arcanine\n|-singleturn|p1a: Arcanine|Protect\n|move|p2a: Flutter Mane|Dazzling Gleam|p1b: Dipplin|[spread] p1b\n|-activate|p1a: Arcanine|move: Protect\n|-resisted|p1b: Dipplin\n|-damage|p1b: Dipplin|65\/100\n|move|p2b: Ting-Lu|Stomping Tantrum|p1a: Arcanine\n|-activate|p1a: Arcanine|move: Protect\n|move|p1b: Dipplin|Giga Drain|p2b: Ting-Lu\n|-supereffective|p2b: Ting-Lu\n|-damage|p2b: Ting-Lu|13\/100\n|-heal|p1b: Dipplin|75\/100|[from] drain|[of] p2b: Ting-Lu\n|\n|-heal|p1a: Arcanine|82\/100|[from] item: Leftovers\n|upkeep\n|turn|17\n|\n|t:|1697428324\n|move|p2a: Flutter Mane|Dazzling Gleam|p1a: Arcanine|[spread] p1a,p1b\n|-resisted|p1a: Arcanine\n|-resisted|p1b: Dipplin\n|-damage|p1a: Arcanine|71\/100\n|-damage|p1b: Dipplin|69\/100\n|move|p1a: Arcanine|Snarl|p2b: Ting-Lu|[spread] p2a,p2b\n|-resisted|p2b: Ting-Lu\n|-damage|p2a: Flutter Mane|67\/100\n|-damage|p2b: Ting-Lu|10\/100\n|-unboost|p2a: Flutter Mane|spa|1\n|-unboost|p2b: Ting-Lu|spa|1\n|move|p2b: Ting-Lu|Stomping Tantrum|p1a: Arcanine\n|-supereffective|p1a: Arcanine\n|-damage|p1a: Arcanine|33\/100\n|move|p1b: Dipplin|Pollen Puff|p1a: Arcanine\n|-heal|p1a: Arcanine|83\/100\n|\n|-heal|p1a: Arcanine|89\/100|[from] item: Leftovers\n|upkeep\n|turn|18\n|\n|t:|1697428348\n|move|p2a: Flutter Mane|Moonblast|p1a: Arcanine\n|-resisted|p1a: Arcanine\n|-damage|p1a: Arcanine|78\/100\n|move|p1a: Arcanine|Heat Wave|p2b: Ting-Lu|[spread] p2b\n|-miss|p1a: Arcanine|p2a: Flutter Mane\n|-damage|p2b: Ting-Lu|0 fnt\n|faint|p2b: Ting-Lu\n|move|p1b: Dipplin|Giga Drain|p2a: Flutter Mane\n|-damage|p2a: Flutter Mane|49\/100\n|-heal|p1b: Dipplin|75\/100|[from] drain|[of] p2a: Flutter Mane\n|\n|-heal|p1a: Arcanine|85\/100|[from] item: Leftovers\n|upkeep\n|\n|t:|1697428362\n|switch|p2b: Amoonguss|Amoonguss, F|84\/100\n|turn|19\n|\n|t:|1697428373\n|move|p1a: Arcanine|Protect|p1a: Arcanine\n|-singleturn|p1a: Arcanine|Protect\n|move|p2b: Amoonguss|Protect|p2b: Amoonguss\n|-singleturn|p2b: Amoonguss|Protect\n|move|p2a: Flutter Mane|Shadow Ball|p1a: Arcanine\n|-activate|p1a: Arcanine|move: Protect\n|move|p1b: Dipplin|Dragon Tail|p2b: Amoonguss\n|-activate|p2b: Amoonguss|move: Protect\n|\n|-heal|p1a: Arcanine|91\/100|[from] item: Leftovers\n|upkeep\n|turn|20\n|\n|t:|1697428392\n|move|p2a: Flutter Mane|Shadow Ball|p1a: Arcanine\n|-damage|p1a: Arcanine|64\/100\n|move|p1a: Arcanine|Heat Wave|p2a: Flutter Mane|[spread] p2a,p2b\n|-supereffective|p2b: Amoonguss\n|-damage|p2a: Flutter Mane|22\/100\n|-damage|p2b: Amoonguss|50\/100\n|-status|p2b: Amoonguss|brn\n|move|p2b: Amoonguss|Pollen Puff|p2a: Flutter Mane\n|-heal|p2a: Flutter Mane|72\/100\n|move|p1b: Dipplin|Dragon Tail|p2b: Amoonguss\n|-damage|p2b: Amoonguss|33\/100 brn\n|drag|p2b: Gholdengo|Gholdengo, tera:Steel|100\/100\n|\n|-heal|p1a: Arcanine|70\/100|[from] item: Leftovers\n|upkeep\n|turn|21\n|\n|t:|1697428418\n|move|p2b: Gholdengo|Protect|p2b: Gholdengo\n|-singleturn|p2b: Gholdengo|Protect\n|move|p2a: Flutter Mane|Moonblast|p1a: Arcanine\n|-resisted|p1a: Arcanine\n|-damage|p1a: Arcanine|53\/100\n|-unboost|p1a: Arcanine|spa|1\n|move|p1a: Arcanine|Heat Wave|p2a: Flutter Mane|[spread] p2a\n|-activate|p2b: Gholdengo|move: Protect\n|-damage|p2a: Flutter Mane|54\/100\n|move|p1b: Dipplin|Pollen Puff|p1a: Arcanine\n|-heal|p1a: Arcanine|100\/100\n|\n|upkeep\n|turn|22\n|\n|t:|1697428440\n|switch|p2b: Iron Hands|Iron Hands|88\/100\n|switch|p1a: Cresselia|Cresselia, F|100\/100\n|-damage|p1a: Cresselia|88\/100|[from] Stealth Rock\n|move|p2a: Flutter Mane|Dazzling Gleam|p1b: Dipplin|[spread] p1a,p1b\n|-crit|p1a: Cresselia\n|-resisted|p1b: Dipplin\n|-damage|p1a: Cresselia|59\/100\n|-damage|p1b: Dipplin|70\/100\n|move|p1b: Dipplin|Dragon Tail|p2b: Iron Hands\n|-damage|p2b: Iron Hands|76\/100\n|-end|p2b: Iron Hands|Quark Drive|[silent]\n|drag|p2b: Gholdengo|Gholdengo, tera:Steel|100\/100\n|\n|upkeep\n|turn|23\n|\n|t:|1697428460\n|move|p2a: Flutter Mane|Dazzling Gleam|p1b: Dipplin|[spread] p1a,p1b\n|-resisted|p1b: Dipplin\n|-damage|p1a: Cresselia|46\/100\n|-damage|p1b: Dipplin|65\/100\n|move|p2b: Gholdengo|Make It Rain|p1a: Cresselia|[spread] p1a,p1b\n|-resisted|p1b: Dipplin\n|-damage|p1a: Cresselia|8\/100\n|-damage|p1b: Dipplin|47\/100\n|-unboost|p2b: Gholdengo|spa|1\n|move|p1b: Dipplin|Pollen Puff|p1a: Cresselia\n|-heal|p1a: Cresselia|58\/100\n|move|p1a: Cresselia|Trick Room|p1a: Cresselia\n|-fieldstart|move: Trick Room|[of] p1a: Cresselia\n|\n|upkeep\n|turn|24\n|\n|t:|1697428480\n|move|p2a: Flutter Mane|Protect|p2a: Flutter Mane\n|-singleturn|p2a: Flutter Mane|Protect\n|move|p1b: Dipplin|Recover|p1b: Dipplin\n|-heal|p1b: Dipplin|97\/100\n|move|p1a: Cresselia|Lunar Blessing|p1a: Cresselia|[spread] p1a,p1b\n|-heal|p1a: Cresselia|83\/100\n|-heal|p1b: Dipplin|100\/100\n|move|p2b: Gholdengo|Nasty Plot|p2b: Gholdengo\n|-boost|p2b: Gholdengo|spa|2\n|\n|upkeep\n|turn|25\n|inactive|idkjusttestin has 120 seconds left.\n|\n|t:|1697428513\n|switch|p1a: Arcanine|Arcanine, F|100\/100\n|-damage|p1a: Arcanine|75\/100|[from] Stealth Rock\n|-ability|p1a: Arcanine|Intimidate|boost\n|-unboost|p2a: Flutter Mane|atk|1\n|-unboost|p2b: Gholdengo|atk|1\n|move|p2b: Gholdengo|Nasty Plot|p2b: Gholdengo\n|-boost|p2b: Gholdengo|spa|2\n|move|p2a: Flutter Mane|Dazzling Gleam|p1a: Arcanine|[spread] p1a,p1b\n|-resisted|p1a: Arcanine\n|-resisted|p1b: Dipplin\n|-damage|p1a: Arcanine|65\/100\n|-damage|p1b: Dipplin|95\/100\n|move|p1b: Dipplin|Dragon Tail|p2b: Gholdengo\n|-resisted|p2b: Gholdengo\n|-damage|p2b: Gholdengo|91\/100\n|drag|p2b: Amoonguss|Amoonguss, F|66\/100 brn\n|\n|-heal|p1a: Arcanine|72\/100|[from] item: Leftovers\n|-damage|p2b: Amoonguss|60\/100 brn|[from] brn\n|upkeep\n|turn|26\n|\n|t:|1697428541\n|move|p2b: Amoonguss|Protect|p2b: Amoonguss\n|-singleturn|p2b: Amoonguss|Protect\n|move|p1b: Dipplin|Giga Drain|p2a: Flutter Mane\n|-damage|p2a: Flutter Mane|37\/100\n|-heal|p1b: Dipplin|100\/100|[from] drain|[of] p2a: Flutter Mane\n|move|p1a: Arcanine|Heat Wave|p2a: Flutter Mane|[spread] p2a\n|-activate|p2b: Amoonguss|move: Protect\n|-damage|p2a: Flutter Mane|12\/100\n|move|p2a: Flutter Mane|Shadow Ball|p1a: Arcanine\n|-damage|p1a: Arcanine|47\/100\n|\n|-heal|p1a: Arcanine|54\/100|[from] item: Leftovers\n|-damage|p2b: Amoonguss|54\/100 brn|[from] brn\n|upkeep\n|turn|27\n|\n|t:|1697428562\n|switch|p1a: Goodra|Goodra-Hisui, F|38\/100\n|-damage|p1a: Goodra|32\/100|[from] Stealth Rock\n|move|p1b: Dipplin|Pollen Puff|p1a: Goodra\n|-heal|p1a: Goodra|82\/100\n|move|p2b: Amoonguss|Pollen Puff|p2a: Flutter Mane\n|-heal|p2a: Flutter Mane|62\/100\n|move|p2a: Flutter Mane|Shadow Ball|p1a: Goodra\n|-damage|p1a: Goodra|62\/100\n|\n|-damage|p2b: Amoonguss|47\/100 brn|[from] brn\n|-fieldend|move: Trick Room\n|upkeep\n|turn|28\n|\n|t:|1697428588\n|move|p2b: Amoonguss|Rage Powder|p2b: Amoonguss\n|-singleturn|p2b: Amoonguss|move: Rage Powder\n|move|p2a: Flutter Mane|Moonblast|p1a: Goodra\n|-damage|p1a: Goodra|40\/100\n|-unboost|p1a: Goodra|spa|1\n|move|p1a: Goodra|Flash Cannon|p2b: Amoonguss\n|-damage|p2b: Amoonguss|28\/100 brn\n|move|p1b: Dipplin|Pollen Puff|p2b: Amoonguss\n|-damage|p2b: Amoonguss|18\/100 brn\n|\n|-damage|p2b: Amoonguss|12\/100 brn|[from] brn\n|upkeep\n|turn|29\n|c|\u2606idkjusttestin|bruh\n|c|\u2606idkjusttestin|can you not get th spA drop lmao\n|inactive|idkjusttestin has 120 seconds left.\n|\n|t:|1697428624\n|-end|p2a: Flutter Mane|Protosynthesis|[silent]\n|switch|p2a: Gholdengo|Gholdengo, tera:Steel|91\/100\n|switch|p2b: Iron Hands|Iron Hands|76\/100\n|move|p1a: Goodra|Muddy Water|p2b: Iron Hands|[spread] p2a,p2b\n|-damage|p2a: Gholdengo|73\/100\n|-damage|p2b: Iron Hands|68\/100\n|-unboost|p2a: Gholdengo|accuracy|1\n|move|p1b: Dipplin|Pollen Puff|p1a: Goodra\n|-heal|p1a: Goodra|90\/100\n|\n|-heal|p2a: Gholdengo|79\/100|[from] item: Leftovers\n|upkeep\n|turn|30\n|\n|t:|1697428644\n|switch|p1a: Arcanine|Arcanine, F|54\/100\n|-damage|p1a: Arcanine|29\/100|[from] Stealth Rock\n|-ability|p1a: Arcanine|Intimidate|boost\n|-unboost|p2a: Gholdengo|atk|1\n|-unboost|p2b: Iron Hands|atk|1\n|move|p2a: Gholdengo|Protect|p2a: Gholdengo\n|-singleturn|p2a: Gholdengo|Protect\n|move|p2b: Iron Hands|Fake Out|p1b: Dipplin\n|-resisted|p1b: Dipplin\n|-damage|p1b: Dipplin|97\/100\n|cant|p1b: Dipplin|flinch\n|\n|-heal|p2a: Gholdengo|85\/100|[from] item: Leftovers\n|-heal|p1a: Arcanine|35\/100|[from] item: Leftovers\n|upkeep\n|turn|31\n|\n|t:|1697428667\n|switch|p2a: Flutter Mane|Flutter Mane|62\/100\n|move|p1a: Arcanine|Protect|p1a: Arcanine\n|-singleturn|p1a: Arcanine|Protect\n|move|p2b: Iron Hands|Drain Punch|p1a: Arcanine\n|-activate|p1a: Arcanine|move: Protect\n|move|p1b: Dipplin|Giga Drain|p2b: Iron Hands\n|-damage|p2b: Iron Hands|58\/100\n|-heal|p1b: Dipplin|100\/100|[from] drain|[of] p2b: Iron Hands\n|\n|-heal|p1a: Arcanine|41\/100|[from] item: Leftovers\n|upkeep\n|turn|32\n|inactive|idkjusttestin has 120 seconds left.\n|\n|t:|1697428698\n|move|p2a: Flutter Mane|Protect|p2a: Flutter Mane\n|-singleturn|p2a: Flutter Mane|Protect\n|move|p1a: Arcanine|Snarl|p2a: Flutter Mane|[spread] p2b\n|-activate|p2a: Flutter Mane|move: Protect\n|-resisted|p2b: Iron Hands\n|-damage|p2b: Iron Hands|56\/100\n|-unboost|p2b: Iron Hands|spa|1\n|move|p2b: Iron Hands|Drain Punch|p1b: Dipplin\n|-supereffective|p1b: Dipplin\n|-damage|p1b: Dipplin|64\/100\n|-heal|p2b: Iron Hands|69\/100|[from] drain|[of] p1b: Dipplin\n|move|p1b: Dipplin|Pollen Puff|p1a: Arcanine\n|-heal|p1a: Arcanine|91\/100\n|\n|-heal|p1a: Arcanine|97\/100|[from] item: Leftovers\n|upkeep\n|turn|33\n|inactive|idkjusttestin has 120 seconds left.\n|\n|t:|1697428727\n|move|p2a: Flutter Mane|Shadow Ball|p1b: Dipplin\n|-damage|p1b: Dipplin|40\/100\n|move|p1a: Arcanine|Snarl|p2a: Flutter Mane|[spread] p2a,p2b\n|-resisted|p2b: Iron Hands\n|-damage|p2a: Flutter Mane|52\/100\n|-damage|p2b: Iron Hands|67\/100\n|-unboost|p2a: Flutter Mane|spa|1\n|-unboost|p2b: Iron Hands|spa|1\n|move|p2b: Iron Hands|Volt Switch|p1b: Dipplin\n|-damage|p1b: Dipplin|36\/100\n|inactive|TheKingDrac has 120 seconds left.\n|\n|t:|1697428738\n|-end|p2b: Iron Hands|Quark Drive|[silent]\n|switch|p2b: Amoonguss|Amoonguss, F|46\/100 brn|[from] Volt Switch\n|move|p1b: Dipplin|Giga Drain|p2b: Amoonguss\n|-resisted|p2b: Amoonguss\n|-damage|p2b: Amoonguss|43\/100 brn\n|-heal|p1b: Dipplin|38\/100|[from] drain|[of] p2b: Amoonguss\n|\n|-heal|p1a: Arcanine|100\/100|[from] item: Leftovers\n|-damage|p2b: Amoonguss|36\/100 brn|[from] brn\n|upkeep\n|turn|34\n|\n|t:|1697428758\n|move|p2a: Flutter Mane|Dazzling Gleam|p1a: Arcanine|[spread] p1a,p1b\n|-resisted|p1a: Arcanine\n|-resisted|p1b: Dipplin\n|-damage|p1a: Arcanine|91\/100\n|-damage|p1b: Dipplin|33\/100\n|move|p1a: Arcanine|Heat Wave|p2b: Amoonguss|[spread] p2a,p2b\n|-supereffective|p2b: Amoonguss\n|-damage|p2a: Flutter Mane|27\/100\n|-damage|p2b: Amoonguss|1\/100 brn\n|move|p2b: Amoonguss|Pollen Puff|p1b: Dipplin\n|-resisted|p1b: Dipplin\n|-damage|p1b: Dipplin|28\/100\n|move|p1b: Dipplin|Recover|p1b: Dipplin\n|-heal|p1b: Dipplin|78\/100\n|\n|-heal|p1a: Arcanine|97\/100|[from] item: Leftovers\n|-damage|p2b: Amoonguss|0 fnt|[from] brn\n|faint|p2b: Amoonguss\n|upkeep\n|inactive|TheKingDrac has 120 seconds left.\n|\n|t:|1697428777\n|switch|p2b: Iron Hands|Iron Hands|67\/100\n|turn|35\n|inactive|TheKingDrac has 120 seconds left.\n|\n|t:|1697428802\n|switch|p1b: Cresselia|Cresselia, F|83\/100\n|-damage|p1b: Cresselia|70\/100|[from] Stealth Rock\n|move|p1a: Arcanine|Protect|p1a: Arcanine\n|-singleturn|p1a: Arcanine|Protect\n|move|p2b: Iron Hands|Fake Out|p1a: Arcanine\n|-activate|p1a: Arcanine|move: Protect\n|move|p2a: Flutter Mane|Shadow Ball|p1a: Arcanine\n|-activate|p1a: Arcanine|move: Protect\n|\n|-heal|p1a: Arcanine|100\/100|[from] item: Leftovers\n|upkeep\n|turn|36\n|inactive|TheKingDrac has 120 seconds left.\n|\n|t:|1697428822\n|-end|p2a: Flutter Mane|Protosynthesis|[silent]\n|switch|p2a: Gholdengo|Gholdengo, tera:Steel|85\/100\n|move|p1a: Arcanine|Heat Wave|p2a: Gholdengo|[spread] p2a,p2b\n|-supereffective|p2a: Gholdengo\n|-crit|p2b: Iron Hands\n|-damage|p2a: Gholdengo|32\/100\n|-damage|p2b: Iron Hands|45\/100\n|move|p1b: Cresselia|Future Sight|p2b: Iron Hands\n|-start|p1b: Cresselia|move: Future Sight\n|move|p2b: Iron Hands|Drain Punch|p1a: Arcanine\n|-damage|p1a: Arcanine|62\/100\n|-heal|p2b: Iron Hands|60\/100|[from] drain|[of] p1a: Arcanine\n|\n|-heal|p2a: Gholdengo|38\/100|[from] item: Leftovers\n|-heal|p1a: Arcanine|68\/100|[from] item: Leftovers\n|upkeep\n|turn|37\n|\n|t:|1697428844\n|move|p2a: Gholdengo|Protect|p2a: Gholdengo\n|-singleturn|p2a: Gholdengo|Protect\n|move|p1a: Arcanine|Snarl|p2a: Gholdengo|[spread] p2b\n|-activate|p2a: Gholdengo|move: Protect\n|-resisted|p2b: Iron Hands\n|-damage|p2b: Iron Hands|58\/100\n|-unboost|p2b: Iron Hands|spa|1\n|move|p2b: Iron Hands|Drain Punch|p1a: Arcanine\n|-damage|p1a: Arcanine|31\/100\n|-heal|p2b: Iron Hands|72\/100|[from] drain|[of] p1a: Arcanine\n|move|p1b: Cresselia|Trick Room|p1b: Cresselia\n|-fieldstart|move: Trick Room|[of] p1b: Cresselia\n|\n|-heal|p1a: Arcanine|38\/100|[from] item: Leftovers\n|-heal|p2a: Gholdengo|44\/100|[from] item: Leftovers\n|upkeep\n|turn|38\n|\n|t:|1697428868\n|move|p2b: Iron Hands|Drain Punch|p1a: Arcanine\n|-damage|p1a: Arcanine|0 fnt\n|-heal|p2b: Iron Hands|87\/100|[from] drain|[of] p1a: Arcanine\n|faint|p1a: Arcanine\n|move|p1b: Cresselia|Lunar Blessing|p1b: Cresselia\n|-heal|p1b: Cresselia|95\/100\n|move|p2a: Gholdengo|Make It Rain|p1b: Cresselia\n|-crit|p1b: Cresselia\n|-damage|p1b: Cresselia|12\/100\n|-unboost|p2a: Gholdengo|spa|1\n|\n|-end|p2b: Iron Hands|move: Future Sight\n|-supereffective|p2b: Iron Hands\n|-damage|p2b: Iron Hands|53\/100\n|-heal|p2a: Gholdengo|50\/100|[from] item: Leftovers\n|upkeep\n|\n|t:|1697428883\n|switch|p1a: Goodra|Goodra-Hisui, F|90\/100\n|-damage|p1a: Goodra|83\/100|[from] Stealth Rock\n|turn|39\n|\n|t:|1697428896\n|switch|p1b: Dipplin|Dipplin, M, tera:Steel|78\/100\n|-damage|p1b: Dipplin|72\/100|[from] Stealth Rock\n|move|p1a: Goodra|Draco Meteor|p2b: Iron Hands|[miss]\n|-miss|p1a: Goodra|p2b: Iron Hands\n|move|p2b: Iron Hands|Drain Punch|p1a: Goodra\n|-supereffective|p1a: Goodra\n|-damage|p1a: Goodra|0 fnt\n|-heal|p2b: Iron Hands|84\/100|[from] drain|[of] p1a: Goodra\n|faint|p1a: Goodra\n|move|p2a: Gholdengo|Nasty Plot|p2a: Gholdengo\n|-boost|p2a: Gholdengo|spa|2\n|\n|-heal|p2a: Gholdengo|56\/100|[from] item: Leftovers\n|upkeep\n|c|\u2606idkjusttestin|welp\n|c|\u2606idkjusttestin|gg\n|c|\u2606idkjusttestin|i wanna kill myself\n|-message|idkjusttestin forfeited.\n|\n|win|TheKingDrac\n|raw|idkjusttestin's rating: 1219 &rarr; <strong>1199<\/strong><br \/>(-20 for losing)\n|raw|TheKingDrac's rating: 1294 &rarr; <strong>1314<\/strong><br \/>(+20 for winning)\n|l|\u2606idkjusttestin\n","uploadtime":1697428917,"views":13,"p1id":"idkjusttestin","p2id":"thekingdrac","formatid":"gen9doublesou","rating":1199,"private":0,"password":""}