{"id":"gen9doublesou-1981405150","p1":"GuyInTheGhetto","p2":"mikeyuwu","format":"[Gen 9] Doubles OU","log":"|j|\u2606GuyInTheGhetto\n|j|\u2606mikeyuwu\n|t:|1698892149\n|gametype|doubles\n|player|p1|GuyInTheGhetto|gambler|1046\n|player|p2|mikeyuwu|psychic-gen4|1171\n|teamsize|p1|6\n|teamsize|p2|6\n|gen|9\n|tier|[Gen 9] Doubles OU\n|rated|\n|rule|Species Clause: Limit one of each Pok\u00e9mon\n|rule|OHKO Clause: OHKO moves are banned\n|rule|Evasion Moves Clause: Evasion moves are banned\n|rule|Gravity Sleep Clause: The combination of sleep-inducing moves with imperfect accuracy and Gravity or Gigantamax Orbeetle are banned\n|rule|Endless Battle Clause: Forcing endless battles is banned\n|rule|HP Percentage Mod: HP is shown in percentages\n|clearpoke\n|poke|p1|Arcanine, F|\n|poke|p1|Gothitelle, F|\n|poke|p1|Chansey, F|\n|poke|p1|Glimmora, F|\n|poke|p1|Ting-Lu|\n|poke|p1|Wo-Chien|\n|poke|p2|Garchomp, M|\n|poke|p2|Tyranitar, F|\n|poke|p2|Vaporeon, F|\n|poke|p2|Toxicroak, M|\n|poke|p2|Pelipper, F|\n|poke|p2|Abomasnow, M|\n|teampreview\n|\n|t:|1698892157\n|start\n|switch|p1a: Glimmora|Glimmora, F|100\/100\n|switch|p1b: Chansey|Chansey, F|100\/100\n|switch|p2a: ThcrThnSnkr|Tyranitar, F|100\/100\n|switch|p2b: Harmacy|Vaporeon, F|100\/100\n|-weather|Sandstorm|[from] ability: Sand Stream|[of] p2a: ThcrThnSnkr\n|turn|1\n|\n|t:|1698892172\n|-terastallize|p1a: Glimmora|Flying\n|move|p1a: Glimmora|Spiky Shield|p1a: Glimmora\n|-singleturn|p1a: Glimmora|move: Protect\n|move|p2a: ThcrThnSnkr|Knock Off|p1b: Chansey\n|-damage|p1b: Chansey|75\/100\n|-enditem|p1b: Chansey|Eviolite|[from] move: Knock Off|[of] p2a: ThcrThnSnkr\n|move|p2b: Harmacy|Icy Wind|p1a: Glimmora|[spread] p1b\n|-activate|p1a: Glimmora|move: Protect\n|-crit|p1b: Chansey\n|-damage|p1b: Chansey|68\/100\n|-unboost|p1b: Chansey|spe|1\n|move|p1b: Chansey|Stealth Rock|p2b: Harmacy\n|-sidestart|p2: mikeyuwu|move: Stealth Rock\n|\n|-weather|Sandstorm|[upkeep]\n|-damage|p1a: Glimmora|94\/100|[from] Sandstorm\n|-damage|p2b: Harmacy|94\/100|[from] Sandstorm\n|-damage|p1b: Chansey|62\/100|[from] Sandstorm\n|-heal|p2b: Harmacy|100\/100|[from] item: Leftovers\n|upkeep\n|turn|2\n|\n|t:|1698892193\n|move|p1a: Glimmora|Toxic Spikes|p2a: ThcrThnSnkr\n|-sidestart|p2: mikeyuwu|move: Toxic Spikes\n|move|p2a: ThcrThnSnkr|Thunderbolt|p1a: Glimmora\n|-supereffective|p1a: Glimmora\n|-damage|p1a: Glimmora|49\/100\n|move|p2b: Harmacy|Copycat|p2b: Harmacy\n|move|p2b: Harmacy|Thunderbolt|p1b: Chansey|[from]move: Copycat\n|-damage|p1b: Chansey|51\/100\n|move|p1b: Chansey|Soft-Boiled|p1b: Chansey\n|-heal|p1b: Chansey|100\/100\n|\n|-weather|Sandstorm|[upkeep]\n|-damage|p1a: Glimmora|43\/100|[from] Sandstorm\n|-damage|p2b: Harmacy|94\/100|[from] Sandstorm\n|-damage|p1b: Chansey|94\/100|[from] Sandstorm\n|-heal|p2b: Harmacy|100\/100|[from] item: Leftovers\n|upkeep\n|turn|3\n|\n|t:|1698892208\n|move|p1a: Glimmora|Toxic Spikes|p2a: ThcrThnSnkr\n|-sidestart|p2: mikeyuwu|move: Toxic Spikes\n|move|p2a: ThcrThnSnkr|Thunderbolt|p1a: Glimmora\n|-supereffective|p1a: Glimmora\n|-damage|p1a: Glimmora|0 fnt\n|faint|p1a: Glimmora\n|move|p2b: Harmacy|Copycat|p2b: Harmacy\n|move|p2b: Harmacy|Thunderbolt|p1b: Chansey|[from]move: Copycat\n|-damage|p1b: Chansey|83\/100\n|-status|p1b: Chansey|par\n|move|p1b: Chansey|Seismic Toss|p2a: ThcrThnSnkr\n|-damage|p2a: ThcrThnSnkr|73\/100\n|\n|-weather|Sandstorm|[upkeep]\n|-damage|p2b: Harmacy|94\/100|[from] Sandstorm\n|-damage|p1b: Chansey|77\/100 par|[from] Sandstorm\n|-heal|p2b: Harmacy|100\/100|[from] item: Leftovers\n|upkeep\n|\n|t:|1698892225\n|switch|p1a: Ting-Lu|Ting-Lu|100\/100\n|-ability|p1a: Ting-Lu|Vessel of Ruin\n|turn|4\n|\n|t:|1698892245\n|switch|p2a: OTLHPM|Toxicroak, M|100\/100\n|-damage|p2a: OTLHPM|94\/100|[from] Stealth Rock\n|-sideend|p2: mikeyuwu|move: Toxic Spikes|[of] p2a: OTLHPM\n|move|p2b: Harmacy|Wish|p2b: Harmacy\n|move|p1a: Ting-Lu|Spikes|p2a: OTLHPM\n|-sidestart|p2: mikeyuwu|Spikes\n|move|p1b: Chansey|Soft-Boiled|p1b: Chansey\n|-heal|p1b: Chansey|100\/100 par\n|\n|-weather|Sandstorm|[upkeep]\n|-damage|p2a: OTLHPM|88\/100|[from] Sandstorm\n|-damage|p2b: Harmacy|94\/100|[from] Sandstorm\n|-damage|p1b: Chansey|94\/100 par|[from] Sandstorm\n|-heal|p2a: OTLHPM|94\/100|[from] item: Black Sludge\n|-heal|p2b: Harmacy|100\/100|[from] item: Leftovers\n|upkeep\n|turn|5\n|\n|t:|1698892264\n|move|p1a: Ting-Lu|Protect|p1a: Ting-Lu\n|-singleturn|p1a: Ting-Lu|Protect\n|move|p2a: OTLHPM|Drain Punch|p1a: Ting-Lu\n|-activate|p1a: Ting-Lu|move: Protect\n|move|p2b: Harmacy|Icy Wind|p1a: Ting-Lu|[spread] p1b\n|-activate|p1a: Ting-Lu|move: Protect\n|-damage|p1b: Chansey|91\/100 par\n|-unboost|p1b: Chansey|spe|1\n|cant|p1b: Chansey|par\n|\n|-weather|none\n|-heal|p2a: OTLHPM|100\/100|[from] item: Black Sludge\n|upkeep\n|turn|6\n|\n|t:|1698892283\n|switch|p1a: Gothitelle|Gothitelle, F|100\/100\n|-item|p2a: OTLHPM|Black Sludge|[from] ability: Frisk|[of] p1a: Gothitelle|[identify]\n|-item|p2b: Harmacy|Leftovers|[from] ability: Frisk|[of] p1a: Gothitelle|[identify]\n|move|p2a: OTLHPM|Drain Punch|p1a: Gothitelle\n|-resisted|p1a: Gothitelle\n|-damage|p1a: Gothitelle|81\/100\n|move|p2b: Harmacy|Icy Wind|p1a: Gothitelle|[spread] p1a,p1b\n|-damage|p1a: Gothitelle|74\/100\n|-damage|p1b: Chansey|86\/100 par\n|-unboost|p1a: Gothitelle|spe|1\n|-unboost|p1b: Chansey|spe|1\n|move|p1b: Chansey|Thunderbolt|p2b: Harmacy\n|-supereffective|p2b: Harmacy\n|-damage|p2b: Harmacy|85\/100\n|\n|-heal|p2b: Harmacy|91\/100|[from] item: Leftovers\n|-heal|p1a: Gothitelle|80\/100|[from] item: Leftovers\n|upkeep\n|turn|7\n|\n|t:|1698892306\n|switch|p2a: ThcrThnSnkr|Tyranitar, F|73\/100\n|-damage|p2a: ThcrThnSnkr|61\/100|[from] Stealth Rock\n|-damage|p2a: ThcrThnSnkr|48\/100|[from] Spikes\n|-weather|Sandstorm|[from] ability: Sand Stream|[of] p2a: ThcrThnSnkr\n|move|p1a: Gothitelle|Fake Out|p2a: ThcrThnSnkr\n|-resisted|p2a: ThcrThnSnkr\n|-damage|p2a: ThcrThnSnkr|46\/100\n|move|p2b: Harmacy|Icy Wind|p1a: Gothitelle|[spread] p1a,p1b\n|-damage|p1a: Gothitelle|74\/100\n|-damage|p1b: Chansey|81\/100 par\n|-unboost|p1a: Gothitelle|spe|1\n|-unboost|p1b: Chansey|spe|1\n|move|p1b: Chansey|Thunderbolt|p2b: Harmacy\n|-supereffective|p2b: Harmacy\n|-crit|p2b: Harmacy\n|-damage|p2b: Harmacy|70\/100\n|\n|-weather|Sandstorm|[upkeep]\n|-damage|p2b: Harmacy|64\/100|[from] Sandstorm\n|-damage|p1a: Gothitelle|68\/100|[from] Sandstorm\n|-damage|p1b: Chansey|75\/100 par|[from] Sandstorm\n|-heal|p2b: Harmacy|70\/100|[from] item: Leftovers\n|-heal|p1a: Gothitelle|74\/100|[from] item: Leftovers\n|upkeep\n|turn|8\n|\n|t:|1698892333\n|switch|p1a: Ting-Lu|Ting-Lu|100\/100\n|-ability|p1a: Ting-Lu|Vessel of Ruin\n|move|p2a: ThcrThnSnkr|Knock Off|p1a: Ting-Lu\n|-resisted|p1a: Ting-Lu\n|-damage|p1a: Ting-Lu|88\/100\n|-enditem|p1a: Ting-Lu|Leftovers|[from] move: Knock Off|[of] p2a: ThcrThnSnkr\n|move|p2b: Harmacy|Wish|p2b: Harmacy\n|move|p1b: Chansey|Soft-Boiled|p1b: Chansey\n|-heal|p1b: Chansey|100\/100 par\n|\n|-weather|Sandstorm|[upkeep]\n|-damage|p2b: Harmacy|64\/100|[from] Sandstorm\n|-damage|p1b: Chansey|94\/100 par|[from] Sandstorm\n|-heal|p2b: Harmacy|70\/100|[from] item: Leftovers\n|upkeep\n|turn|9\n|\n|t:|1698892352\n|switch|p2a: Cold Shoulder|Abomasnow, M, shiny|100\/100\n|-damage|p2a: Cold Shoulder|76\/100|[from] Stealth Rock\n|-damage|p2a: Cold Shoulder|63\/100|[from] Spikes\n|-weather|Snow|[from] ability: Snow Warning|[of] p2a: Cold Shoulder\n|move|p1a: Ting-Lu|Protect|p1a: Ting-Lu\n|-singleturn|p1a: Ting-Lu|Protect\n|move|p2b: Harmacy|Weather Ball|p1a: Ting-Lu\n|-activate|p1a: Ting-Lu|move: Protect\n|cant|p1b: Chansey|par\n|\n|-weather|Snow|[upkeep]\n|-heal|p2b: Harmacy|100\/100|[from] move: Wish|[wisher] Harmacy\n|upkeep\n|turn|10\n|\n|t:|1698892375\n|switch|p1a: Gothitelle|Gothitelle, F|74\/100\n|-item|p2a: Cold Shoulder|Wide Lens|[from] ability: Frisk|[of] p1a: Gothitelle|[identify]\n|-item|p2b: Harmacy|Leftovers|[from] ability: Frisk|[of] p1a: Gothitelle|[identify]\n|move|p2a: Cold Shoulder|Leech Seed|p1b: Chansey\n|-start|p1b: Chansey|move: Leech Seed\n|move|p2b: Harmacy|Wish|p2b: Harmacy\n|move|p1b: Chansey|Thunderbolt|p2a: Cold Shoulder\n|-resisted|p2a: Cold Shoulder\n|-damage|p2a: Cold Shoulder|58\/100\n|-status|p2a: Cold Shoulder|par\n|\n|-weather|Snow|[upkeep]\n|-heal|p1a: Gothitelle|80\/100|[from] item: Leftovers\n|-damage|p1b: Chansey|82\/100 par|[from] Leech Seed|[of] p2a: Cold Shoulder\n|-heal|p2a: Cold Shoulder|83\/100 par|[silent]\n|upkeep\n|turn|11\n|\n|t:|1698892395\n|switch|p2b: ThcrThnSnkr|Tyranitar, F|46\/100\n|-damage|p2b: ThcrThnSnkr|33\/100|[from] Stealth Rock\n|-damage|p2b: ThcrThnSnkr|21\/100|[from] Spikes\n|-weather|Sandstorm|[from] ability: Sand Stream|[of] p2b: ThcrThnSnkr\n|-curestatus|p1b: Chansey|par|[from] ability: Natural Cure\n|switch|p1b: Arcanine|Arcanine, F|100\/100\n|-ability|p1b: Arcanine|Intimidate|boost\n|-unboost|p2a: Cold Shoulder|atk|1\n|-unboost|p2b: ThcrThnSnkr|atk|1\n|move|p1a: Gothitelle|Fake Out|p2a: Cold Shoulder\n|-damage|p2a: Cold Shoulder|79\/100 par\n|cant|p2a: Cold Shoulder|flinch\n|\n|-weather|Sandstorm|[upkeep]\n|-damage|p1b: Arcanine|94\/100|[from] Sandstorm\n|-damage|p1a: Gothitelle|74\/100|[from] Sandstorm\n|-damage|p2a: Cold Shoulder|73\/100 par|[from] Sandstorm\n|-heal|p2b: ThcrThnSnkr|84\/100|[from] move: Wish|[wisher] Harmacy\n|-heal|p1a: Gothitelle|80\/100|[from] item: Leftovers\n|upkeep\n|turn|12\n|\n|t:|1698892420\n|switch|p2b: Harmacy|Vaporeon, F|100\/100\n|-damage|p2b: Harmacy|88\/100|[from] Stealth Rock\n|-damage|p2b: Harmacy|76\/100|[from] Spikes\n|switch|p1a: Chansey|Chansey, F|82\/100\n|switch|p2a: Weather War|Pelipper, F|100\/100\n|-weather|RainDance|[from] ability: Drizzle|[of] p2a: Weather War\n|move|p1b: Arcanine|Will-O-Wisp|p2b: Harmacy|[miss]\n|-miss|p1b: Arcanine|p2b: Harmacy\n|\n|-weather|RainDance|[upkeep]\n|-heal|p2b: Harmacy|82\/100|[from] item: Leftovers\n|upkeep\n|turn|13\n|\n|t:|1698892440\n|switch|p1b: Wo-Chien|Wo-Chien|100\/100\n|-ability|p1b: Wo-Chien|Tablets of Ruin\n|move|p2a: Weather War|Hurricane|p1b: Wo-Chien\n|-supereffective|p1b: Wo-Chien\n|-damage|p1b: Wo-Chien|50\/100\n|move|p2b: Harmacy|Weather Ball|p1b: Wo-Chien\n|-resisted|p1b: Wo-Chien\n|-damage|p1b: Wo-Chien|32\/100\n|move|p1a: Chansey|Thunderbolt|p2a: Weather War\n|-supereffective|p2a: Weather War\n|-damage|p2a: Weather War|47\/100\n|\n|-weather|RainDance|[upkeep]\n|-heal|p1b: Wo-Chien|38\/100|[from] item: Leftovers\n|-heal|p2b: Harmacy|88\/100|[from] item: Leftovers\n|upkeep\n|turn|14\n|\n|t:|1698892459\n|switch|p2a: Extra Spicy|Garchomp, M|100\/100\n|-damage|p2a: Extra Spicy|94\/100|[from] Stealth Rock\n|-damage|p2a: Extra Spicy|82\/100|[from] Spikes\n|switch|p2b: OTLHPM|Toxicroak, M|100\/100\n|-damage|p2b: OTLHPM|94\/100|[from] Stealth Rock\n|-damage|p2b: OTLHPM|82\/100|[from] Spikes\n|move|p1b: Wo-Chien|Protect|p1b: Wo-Chien\n|-singleturn|p1b: Wo-Chien|Protect\n|move|p1a: Chansey|Thunderbolt|p2a: Extra Spicy\n|-immune|p2a: Extra Spicy\n|\n|-weather|RainDance|[upkeep]\n|-heal|p2b: OTLHPM|94\/100|[from] ability: Dry Skin\n|-heal|p2b: OTLHPM|100\/100|[from] item: Black Sludge\n|-heal|p1b: Wo-Chien|44\/100|[from] item: Leftovers\n|upkeep\n|turn|15\n|\n|t:|1698892480\n|move|p2a: Extra Spicy|Poison Jab|p1b: Wo-Chien\n|-supereffective|p1b: Wo-Chien\n|-damage|p1b: Wo-Chien|21\/100\n|move|p2b: OTLHPM|Drain Punch|p1a: Chansey\n|-supereffective|p1a: Chansey\n|-damage|p1a: Chansey|27\/100\n|move|p1b: Wo-Chien|Leech Seed|p2a: Extra Spicy\n|-start|p2a: Extra Spicy|move: Leech Seed\n|move|p1a: Chansey|Soft-Boiled|p1a: Chansey\n|-heal|p1a: Chansey|77\/100\n|\n|-weather|RainDance|[upkeep]\n|-heal|p1b: Wo-Chien|28\/100|[from] item: Leftovers\n|-damage|p2a: Extra Spicy|70\/100|[from] Leech Seed|[of] p1b: Wo-Chien\n|-heal|p1b: Wo-Chien|41\/100|[silent]\n|upkeep\n|turn|16\n|\n|t:|1698892494\n|move|p1b: Wo-Chien|Protect|p1b: Wo-Chien\n|-singleturn|p1b: Wo-Chien|Protect\n|move|p2a: Extra Spicy|Brick Break|p1a: Chansey\n|-supereffective|p1a: Chansey\n|-damage|p1a: Chansey|45\/100\n|move|p2b: OTLHPM|Drain Punch|p1a: Chansey\n|-supereffective|p1a: Chansey\n|-damage|p1a: Chansey|0 fnt\n|faint|p1a: Chansey\n|\n|-weather|none\n|-heal|p1b: Wo-Chien|48\/100|[from] item: Leftovers\n|-damage|p2a: Extra Spicy|57\/100|[from] Leech Seed|[of] p1b: Wo-Chien\n|-heal|p1b: Wo-Chien|61\/100|[silent]\n|upkeep\n|\n|t:|1698892506\n|switch|p1a: Ting-Lu|Ting-Lu|88\/100\n|-ability|p1a: Ting-Lu|Vessel of Ruin\n|turn|17\n|\n|t:|1698892517\n|switch|p2a: Weather War|Pelipper, F|47\/100\n|-weather|RainDance|[from] ability: Drizzle|[of] p2a: Weather War\n|move|p2b: OTLHPM|Poison Jab|p1b: Wo-Chien\n|-supereffective|p1b: Wo-Chien\n|-damage|p1b: Wo-Chien|20\/100\n|move|p1b: Wo-Chien|Leech Seed|p2b: OTLHPM\n|-start|p2b: OTLHPM|move: Leech Seed\n|move|p1a: Ting-Lu|Stomping Tantrum|p2b: OTLHPM\n|-supereffective|p2b: OTLHPM\n|-damage|p2b: OTLHPM|42\/100\n|\n|-weather|RainDance|[upkeep]\n|-heal|p2b: OTLHPM|54\/100|[from] ability: Dry Skin\n|-heal|p2b: OTLHPM|60\/100|[from] item: Black Sludge\n|-heal|p1b: Wo-Chien|26\/100|[from] item: Leftovers\n|-damage|p2b: OTLHPM|48\/100|[from] Leech Seed|[of] p1b: Wo-Chien\n|-heal|p1b: Wo-Chien|37\/100|[silent]\n|upkeep\n|turn|18\n|\n|t:|1698892534\n|switch|p2b: Harmacy|Vaporeon, F|88\/100\n|-damage|p2b: Harmacy|76\/100|[from] Stealth Rock\n|-damage|p2b: Harmacy|63\/100|[from] Spikes\n|move|p1b: Wo-Chien|Protect|p1b: Wo-Chien\n|-singleturn|p1b: Wo-Chien|Protect\n|move|p1a: Ting-Lu|Protect|p1a: Ting-Lu\n|-singleturn|p1a: Ting-Lu|Protect\n|move|p2a: Weather War|Blizzard|p1b: Wo-Chien|[spread] \n|-activate|p1a: Ting-Lu|move: Protect\n|-activate|p1b: Wo-Chien|move: Protect\n|\n|-weather|RainDance|[upkeep]\n|-heal|p1b: Wo-Chien|43\/100|[from] item: Leftovers\n|-heal|p2b: Harmacy|69\/100|[from] item: Leftovers\n|upkeep\n|turn|19\n|\n|t:|1698892553\n|move|p1b: Wo-Chien|Leech Seed|p2b: Harmacy|[miss]\n|-miss|p1b: Wo-Chien|p2b: Harmacy\n|move|p2a: Weather War|Hurricane|p1b: Wo-Chien\n|-supereffective|p1b: Wo-Chien\n|-damage|p1b: Wo-Chien|3\/100\n|move|p2b: Harmacy|Wish|p2b: Harmacy\n|move|p1a: Ting-Lu|Stomping Tantrum|p2b: Harmacy\n|-damage|p2b: Harmacy|54\/100\n|\n|-weather|RainDance|[upkeep]\n|-heal|p1b: Wo-Chien|9\/100|[from] item: Leftovers\n|-heal|p2b: Harmacy|60\/100|[from] item: Leftovers\n|upkeep\n|turn|20\n|\n|t:|1698892568\n|move|p1b: Wo-Chien|Protect|p1b: Wo-Chien\n|-singleturn|p1b: Wo-Chien|Protect\n|move|p1a: Ting-Lu|Protect|p1a: Ting-Lu\n|-singleturn|p1a: Ting-Lu|Protect\n|move|p2a: Weather War|Hurricane|p1b: Wo-Chien\n|-activate|p1b: Wo-Chien|move: Protect\n|move|p2b: Harmacy|Copycat|p2b: Harmacy\n|move|p2b: Harmacy|Hurricane|p1b: Wo-Chien|[from]move: Copycat\n|-activate|p1b: Wo-Chien|move: Protect\n|\n|-weather|RainDance|[upkeep]\n|-heal|p2b: Harmacy|100\/100|[from] move: Wish|[wisher] Harmacy\n|-heal|p1b: Wo-Chien|15\/100|[from] item: Leftovers\n|upkeep\n|turn|21\n|\n|t:|1698892584\n|move|p1b: Wo-Chien|Leech Seed|p2b: Harmacy\n|-start|p2b: Harmacy|move: Leech Seed\n|move|p2a: Weather War|Hurricane|p1b: Wo-Chien\n|-supereffective|p1b: Wo-Chien\n|-crit|p1b: Wo-Chien\n|-damage|p1b: Wo-Chien|0 fnt\n|faint|p1b: Wo-Chien\n|move|p2b: Harmacy|Copycat|p2b: Harmacy\n|move|p2b: Harmacy|Hurricane|p1a: Ting-Lu|[from]move: Copycat\n|-damage|p1a: Ting-Lu|77\/100\n|move|p1a: Ting-Lu|Stomping Tantrum|p2b: Harmacy\n|-damage|p2b: Harmacy|78\/100\n|\n|-weather|none\n|-heal|p2b: Harmacy|84\/100|[from] item: Leftovers\n|upkeep\n|\n|t:|1698892598\n|switch|p1b: Gothitelle|Gothitelle, F|80\/100\n|-item|p2a: Weather War|Heavy-Duty Boots|[from] ability: Frisk|[of] p1b: Gothitelle|[identify]\n|-item|p2b: Harmacy|Leftovers|[from] ability: Frisk|[of] p1b: Gothitelle|[identify]\n|turn|22\n|\n|t:|1698892614\n|move|p1b: Gothitelle|Fake Out|p2a: Weather War\n|-damage|p2a: Weather War|43\/100\n|cant|p2a: Weather War|flinch\n|move|p2b: Harmacy|Wish|p2b: Harmacy\n|move|p1a: Ting-Lu|Spikes|p2a: Weather War\n|-sidestart|p2: mikeyuwu|Spikes\n|\n|-heal|p2b: Harmacy|90\/100|[from] item: Leftovers\n|-heal|p1b: Gothitelle|86\/100|[from] item: Leftovers\n|-damage|p2b: Harmacy|78\/100|[from] Leech Seed|[of] p1b: Gothitelle\n|-heal|p1b: Gothitelle|100\/100|[silent]\n|upkeep\n|turn|23\n|\n|t:|1698892633\n|switch|p2a: Extra Spicy|Garchomp, M|57\/100\n|-damage|p2a: Extra Spicy|51\/100|[from] Stealth Rock\n|-damage|p2a: Extra Spicy|34\/100|[from] Spikes\n|switch|p2b: ThcrThnSnkr|Tyranitar, F|84\/100\n|-damage|p2b: ThcrThnSnkr|72\/100|[from] Stealth Rock\n|-damage|p2b: ThcrThnSnkr|56\/100|[from] Spikes\n|-weather|Sandstorm|[from] ability: Sand Stream|[of] p2b: ThcrThnSnkr\n|move|p1b: Gothitelle|Psychic|p2b: ThcrThnSnkr\n|-immune|p2b: ThcrThnSnkr\n|move|p1a: Ting-Lu|Stomping Tantrum|p2b: ThcrThnSnkr\n|-supereffective|p2b: ThcrThnSnkr\n|-damage|p2b: ThcrThnSnkr|1\/100\n|\n|-weather|Sandstorm|[upkeep]\n|-damage|p1b: Gothitelle|94\/100|[from] Sandstorm\n|-heal|p2b: ThcrThnSnkr|65\/100|[from] move: Wish|[wisher] Harmacy\n|-heal|p1b: Gothitelle|100\/100|[from] item: Leftovers\n|upkeep\n|turn|24\n|\n|t:|1698892658\n|switch|p2b: Weather War|Pelipper, F|43\/100\n|-weather|RainDance|[from] ability: Drizzle|[of] p2b: Weather War\n|move|p1b: Gothitelle|Protect|p1b: Gothitelle\n|-singleturn|p1b: Gothitelle|Protect\n|move|p1a: Ting-Lu|Protect|p1a: Ting-Lu\n|-singleturn|p1a: Ting-Lu|Protect\n|move|p2a: Extra Spicy|Liquidation|p1a: Ting-Lu\n|-activate|p1a: Ting-Lu|move: Protect\n|\n|-weather|RainDance|[upkeep]\n|upkeep\n|turn|25\n|\n|t:|1698892674\n|move|p2a: Extra Spicy|Liquidation|p1a: Ting-Lu\n|-supereffective|p1a: Ting-Lu\n|-damage|p1a: Ting-Lu|39\/100\n|-unboost|p1a: Ting-Lu|def|1\n|move|p2b: Weather War|Chilling Water|p1a: Ting-Lu\n|-supereffective|p1a: Ting-Lu\n|-damage|p1a: Ting-Lu|18\/100\n|-unboost|p1a: Ting-Lu|atk|1\n|move|p1b: Gothitelle|Psychic|p2a: Extra Spicy\n|-damage|p2a: Extra Spicy|14\/100\n|move|p1a: Ting-Lu|Stomping Tantrum|p2a: Extra Spicy\n|-damage|p2a: Extra Spicy|2\/100\n|-damage|p1a: Ting-Lu|6\/100|[from] ability: Rough Skin|[of] p2a: Extra Spicy\n|-damage|p1a: Ting-Lu|0 fnt|[from] item: Rocky Helmet|[of] p2a: Extra Spicy\n|faint|p1a: Ting-Lu\n|\n|-weather|RainDance|[upkeep]\n|upkeep\n|\n|t:|1698892689\n|switch|p1a: Arcanine|Arcanine, F|94\/100\n|-ability|p1a: Arcanine|Intimidate|boost\n|-unboost|p2a: Extra Spicy|atk|1\n|-unboost|p2b: Weather War|atk|1\n|turn|26\n|\n|t:|1698892709\n|move|p1a: Arcanine|Protect|p1a: Arcanine\n|-singleturn|p1a: Arcanine|Protect\n|move|p2a: Extra Spicy|Liquidation|p1a: Arcanine\n|-activate|p1a: Arcanine|move: Protect\n|move|p2b: Weather War|Chilling Water|p1a: Arcanine\n|-activate|p1a: Arcanine|move: Protect\n|move|p1b: Gothitelle|Psychic|p2a: Extra Spicy\n|-damage|p2a: Extra Spicy|0 fnt\n|faint|p2a: Extra Spicy\n|\n|-weather|RainDance|[upkeep]\n|upkeep\n|\n|t:|1698892721\n|switch|p2a: Harmacy|Vaporeon, F|78\/100\n|-damage|p2a: Harmacy|66\/100|[from] Stealth Rock\n|-damage|p2a: Harmacy|49\/100|[from] Spikes\n|turn|27\n|\n|t:|1698892736\n|move|p1a: Arcanine|Will-O-Wisp|p2b: Weather War\n|-status|p2b: Weather War|brn\n|move|p2b: Weather War|Hurricane|p1b: Gothitelle\n|-damage|p1b: Gothitelle|78\/100\n|move|p2a: Harmacy|Weather Ball|p1a: Arcanine\n|-supereffective|p1a: Arcanine\n|-damage|p1a: Arcanine|3\/100\n|-enditem|p1a: Arcanine|Sitrus Berry|[eat]\n|-heal|p1a: Arcanine|28\/100|[from] item: Sitrus Berry\n|move|p1b: Gothitelle|Psychic|p2a: Harmacy\n|-damage|p2a: Harmacy|25\/100\n|\n|-weather|RainDance|[upkeep]\n|-heal|p2a: Harmacy|31\/100|[from] item: Leftovers\n|-heal|p1b: Gothitelle|84\/100|[from] item: Leftovers\n|-damage|p2b: Weather War|37\/100 brn|[from] brn\n|upkeep\n|turn|28\n|\n|t:|1698892761\n|move|p1a: Arcanine|Protect|p1a: Arcanine\n|-singleturn|p1a: Arcanine|Protect\n|move|p2b: Weather War|Hurricane|p1b: Gothitelle\n|-damage|p1b: Gothitelle|60\/100\n|move|p2a: Harmacy|Weather Ball|p1a: Arcanine\n|-activate|p1a: Arcanine|move: Protect\n|move|p1b: Gothitelle|Psychic|p2a: Harmacy\n|-damage|p2a: Harmacy|10\/100\n|\n|-weather|none\n|-heal|p2a: Harmacy|16\/100|[from] item: Leftovers\n|-heal|p1b: Gothitelle|66\/100|[from] item: Leftovers\n|-damage|p2b: Weather War|30\/100 brn|[from] brn\n|upkeep\n|turn|29\n|\n|t:|1698892783\n|switch|p2b: ThcrThnSnkr|Tyranitar, F|65\/100\n|-damage|p2b: ThcrThnSnkr|52\/100|[from] Stealth Rock\n|-damage|p2b: ThcrThnSnkr|36\/100|[from] Spikes\n|-weather|Sandstorm|[from] ability: Sand Stream|[of] p2b: ThcrThnSnkr\n|move|p1b: Gothitelle|Protect|p1b: Gothitelle\n|-singleturn|p1b: Gothitelle|Protect\n|move|p1a: Arcanine|Snarl|p2b: ThcrThnSnkr|[spread] p2a\n|-miss|p1a: Arcanine|p2b: ThcrThnSnkr\n|-damage|p2a: Harmacy|9\/100\n|-unboost|p2a: Harmacy|spa|1\n|move|p2a: Harmacy|Weather Ball|p1a: Arcanine\n|-supereffective|p1a: Arcanine\n|-damage|p1a: Arcanine|4\/100\n|\n|-weather|Sandstorm|[upkeep]\n|-damage|p1a: Arcanine|0 fnt|[from] Sandstorm\n|-damage|p2a: Harmacy|3\/100|[from] Sandstorm\n|-damage|p1b: Gothitelle|60\/100|[from] Sandstorm\n|faint|p1a: Arcanine\n|-heal|p2a: Harmacy|9\/100|[from] item: Leftovers\n|-heal|p1b: Gothitelle|66\/100|[from] item: Leftovers\n|upkeep\n|turn|30\n|\n|t:|1698892801\n|move|p2b: ThcrThnSnkr|Knock Off|p1b: Gothitelle\n|-supereffective|p1b: Gothitelle\n|-damage|p1b: Gothitelle|0 fnt\n|-enditem|p1b: Gothitelle|Leftovers|[from] move: Knock Off|[of] p2b: ThcrThnSnkr\n|faint|p1b: Gothitelle\n|\n|win|mikeyuwu\n|raw|GuyInTheGhetto's rating: 1046 &rarr; <strong>1035<\/strong><br \/>(-11 for losing)\n|raw|mikeyuwu's rating: 1171 &rarr; <strong>1187<\/strong><br \/>(+16 for winning)\n|l|\u2606GuyInTheGhetto\n|c|\u2606mikeyuwu|Gg\n","uploadtime":1698892814,"views":31,"p1id":"guyintheghetto","p2id":"mikeyuwu","formatid":"gen9doublesou","rating":1035,"private":0,"password":""}