{"id":"gen9doublesou-1977840692","p1":"SXD2002","p2":"HaZZaLaDDa","format":"[Gen 9] Doubles OU","log":"|j|\u2606SXD2002\n|j|\u2606HaZZaLaDDa\n|t:|1698456127\n|gametype|doubles\n|player|p1|SXD2002|silver-masters|1073\n|player|p2|HaZZaLaDDa|policeman-gen4|1102\n|teamsize|p1|6\n|teamsize|p2|6\n|gen|9\n|tier|[Gen 9] Doubles OU\n|rated|\n|rule|Species Clause: Limit one of each Pok\u00e9mon\n|rule|OHKO Clause: OHKO moves are banned\n|rule|Evasion Moves Clause: Evasion moves are banned\n|rule|Gravity Sleep Clause: The combination of sleep-inducing moves with imperfect accuracy and Gravity or Gigantamax Orbeetle are banned\n|rule|Endless Battle Clause: Forcing endless battles is banned\n|rule|HP Percentage Mod: HP is shown in percentages\n|clearpoke\n|poke|p1|Lurantis, F|\n|poke|p1|Murkrow, F|\n|poke|p1|Grimmsnarl, M|\n|poke|p1|Clefairy, F|\n|poke|p1|Talonflame, M|\n|poke|p1|Espeon, M|\n|poke|p2|Scovillain, M|\n|poke|p2|Murkrow, M|\n|poke|p2|Dragapult, F|\n|poke|p2|Tinkaton, F|\n|poke|p2|Medicham, M|\n|poke|p2|Gyarados, M|\n|teampreview\n|inactive|Battle timer is ON: inactive players will automatically lose when time's up. (requested by SXD2002)\n|\n|t:|1698456153\n|start\n|switch|p1a: Murkrow|Murkrow, F|100\/100\n|switch|p1b: Lurantis|Lurantis, F|100\/100\n|switch|p2a: Scovillain|Scovillain, M|100\/100\n|switch|p2b: Dragapult|Dragapult, F|100\/100\n|turn|1\n|\n|t:|1698456169\n|-terastallize|p1b: Lurantis|Steel\n|move|p1a: Murkrow|Screech|p1b: Lurantis\n|-boost|p1b: Lurantis|def|2\n|move|p2b: Dragapult|Dragon Dance|p2b: Dragapult\n|-boost|p2b: Dragapult|atk|1\n|-boost|p2b: Dragapult|spe|1\n|move|p2a: Scovillain|Spicy Extract|p2b: Dragapult\n|-fail|p2b: Dragapult|unboost|[from] ability: Clear Body|[of] p2b: Dragapult\n|-boost|p2b: Dragapult|atk|2\n|move|p1b: Lurantis|Superpower|p2a: Scovillain\n|-damage|p2a: Scovillain|61\/100\n|-boost|p1b: Lurantis|atk|1\n|-boost|p1b: Lurantis|def|1\n|\n|-heal|p2a: Scovillain|67\/100|[from] item: Leftovers\n|upkeep\n|turn|2\n|\n|t:|1698456190\n|move|p2b: Dragapult|Protect|p2b: Dragapult\n|-singleturn|p2b: Dragapult|Protect\n|move|p1b: Lurantis|Protect|p1b: Lurantis\n|-singleturn|p1b: Lurantis|Protect\n|move|p1a: Murkrow|Thunder Wave|p2b: Dragapult\n|-activate|p2b: Dragapult|move: Protect\n|move|p2a: Scovillain|Overheat|p1b: Lurantis\n|-activate|p1b: Lurantis|move: Protect\n|\n|-heal|p2a: Scovillain|73\/100|[from] item: Leftovers\n|upkeep\n|turn|3\n|\n|t:|1698456207\n|move|p1a: Murkrow|Thunder Wave|p2a: Scovillain\n|-status|p2a: Scovillain|par\n|move|p2b: Dragapult|Dragon Darts|p1b: Lurantis\n|-resisted|p1b: Lurantis\n|-damage|p1b: Lurantis|84\/100\n|-anim|p2b: Dragapult|Dragon Darts|p1a: Murkrow\n|-damage|p1a: Murkrow|0 fnt\n|faint|p1a: Murkrow\n|-damage|p2b: Dragapult|91\/100|[from] item: Life Orb\n|cant|p2a: Scovillain|par\n|move|p1b: Lurantis|Superpower|p2a: Scovillain\n|-damage|p2a: Scovillain|15\/100 par\n|-boost|p1b: Lurantis|atk|1\n|-boost|p1b: Lurantis|def|1\n|\n|-heal|p2a: Scovillain|21\/100 par|[from] item: Leftovers\n|-heal|p1b: Lurantis|90\/100|[from] item: Leftovers\n|upkeep\n|\n|t:|1698456218\n|switch|p1a: Grimmsnarl|Grimmsnarl, M|100\/100\n|turn|4\n|\n|t:|1698456237\n|move|p1a: Grimmsnarl|Fake Tears|p1b: Lurantis\n|-boost|p1b: Lurantis|spd|2\n|move|p2b: Dragapult|Phantom Force||[still]\n|-prepare|p2b: Dragapult|Phantom Force\n|move|p2a: Scovillain|Overheat|p1b: Lurantis\n|-supereffective|p1b: Lurantis\n|-damage|p1b: Lurantis|53\/100\n|-unboost|p2a: Scovillain|spa|2\n|move|p1b: Lurantis|Superpower|p2a: Scovillain\n|-damage|p2a: Scovillain|0 fnt\n|-boost|p1b: Lurantis|atk|1\n|-boost|p1b: Lurantis|def|1\n|faint|p2a: Scovillain\n|\n|-heal|p1b: Lurantis|59\/100|[from] item: Leftovers\n|upkeep\n|\n|t:|1698456256\n|switch|p2a: Murkrow|Murkrow, M|100\/100\n|turn|5\n|\n|t:|1698456270\n|move|p2a: Murkrow|Protect|p2a: Murkrow\n|-singleturn|p2a: Murkrow|Protect\n|move|p1a: Grimmsnarl|Fake Tears|p1b: Lurantis\n|-boost|p1b: Lurantis|spd|2\n|move|p2b: Dragapult|Phantom Force|p1a: Grimmsnarl|[from]lockedmove\n|-resisted|p1a: Grimmsnarl\n|-damage|p1a: Grimmsnarl|7\/100\n|-damage|p2b: Dragapult|81\/100|[from] item: Life Orb\n|move|p1b: Lurantis|Leech Life|p2a: Murkrow\n|-activate|p2a: Murkrow|move: Protect\n|\n|-heal|p1a: Grimmsnarl|13\/100|[from] item: Leftovers\n|-heal|p1b: Lurantis|65\/100|[from] item: Leftovers\n|upkeep\n|turn|6\n|\n|t:|1698456288\n|move|p2a: Murkrow|Haze|p2a: Murkrow\n|-clearallboost\n|move|p1a: Grimmsnarl|Fake Tears|p1b: Lurantis\n|-boost|p1b: Lurantis|spd|2\n|move|p2b: Dragapult|Dragon Darts|p1b: Lurantis\n|-resisted|p1b: Lurantis\n|-damage|p1b: Lurantis|47\/100\n|-anim|p2b: Dragapult|Dragon Darts|p1b: Lurantis\n|-resisted|p1b: Lurantis\n|-damage|p1b: Lurantis|31\/100\n|-damage|p2b: Dragapult|71\/100|[from] item: Life Orb\n|move|p1b: Lurantis|Leech Life|p2a: Murkrow\n|-damage|p2a: Murkrow|85\/100\n|-heal|p1b: Lurantis|39\/100|[from] drain|[of] p2a: Murkrow\n|\n|-heal|p1a: Grimmsnarl|19\/100|[from] item: Leftovers\n|-heal|p1b: Lurantis|45\/100|[from] item: Leftovers\n|upkeep\n|turn|7\n|\n|t:|1698456310\n|move|p1b: Lurantis|Protect|p1b: Lurantis\n|-singleturn|p1b: Lurantis|Protect\n|move|p2a: Murkrow|Haze|p2a: Murkrow\n|-clearallboost\n|move|p2b: Dragapult|Dragon Darts|p1a: Grimmsnarl\n|-immune|p1a: Grimmsnarl\n|move|p1a: Grimmsnarl|Dazzling Gleam|p2b: Dragapult|[spread] p2a,p2b\n|-supereffective|p2a: Murkrow\n|-supereffective|p2b: Dragapult\n|-damage|p2a: Murkrow|33\/100\n|-damage|p2b: Dragapult|18\/100\n|\n|-heal|p1a: Grimmsnarl|25\/100|[from] item: Leftovers\n|-heal|p1b: Lurantis|51\/100|[from] item: Leftovers\n|upkeep\n|turn|8\n|\n|t:|1698456329\n|switch|p1b: Clefairy|Clefairy, F|100\/100\n|move|p2b: Dragapult|Dragon Darts|p1b: Clefairy\n|-immune|p1a: Grimmsnarl\n|move|p2a: Murkrow|Foul Play|p1a: Grimmsnarl\n|-resisted|p1a: Grimmsnarl\n|-damage|p1a: Grimmsnarl|19\/100\n|move|p1a: Grimmsnarl|Dazzling Gleam|p2a: Murkrow|[spread] p2a,p2b\n|-supereffective|p2a: Murkrow\n|-supereffective|p2b: Dragapult\n|-damage|p2a: Murkrow|0 fnt\n|-damage|p2b: Dragapult|0 fnt\n|faint|p2a: Murkrow\n|faint|p2b: Dragapult\n|\n|-heal|p1a: Grimmsnarl|25\/100|[from] item: Leftovers\n|upkeep\n|\n|t:|1698456347\n|switch|p2b: Medicham|Medicham, M|100\/100\n|switch|p2a: Tinkaton|Tinkaton, F, shiny|100\/100\n|-item|p2a: Tinkaton|Air Balloon\n|turn|9\n|\n|t:|1698456358\n|switch|p1b: Lurantis|Lurantis, F, tera:Steel|51\/100\n|move|p2a: Tinkaton|Fake Out|p1b: Lurantis\n|-resisted|p1b: Lurantis\n|-damage|p1b: Lurantis|46\/100\n|move|p1a: Grimmsnarl|Parting Shot|p1b: Lurantis\n|-boost|p1b: Lurantis|atk|1\n|-boost|p1b: Lurantis|spa|1\n|\n|t:|1698456365\n|switch|p1a: Clefairy|Clefairy, F|100\/100|[from] Parting Shot\n|move|p2b: Medicham|Skill Swap|p2a: Tinkaton\n|-activate|p2b: Medicham|move: Skill Swap|||[of] p2a: Tinkaton\n|\n|-heal|p1b: Lurantis|52\/100|[from] item: Leftovers\n|upkeep\n|turn|10\n|\n|t:|1698456388\n|move|p2b: Medicham|Feint|p1b: Lurantis\n|-resisted|p1b: Lurantis\n|-damage|p1b: Lurantis|50\/100\n|move|p1a: Clefairy|Follow Me|p1a: Clefairy\n|-singleturn|p1a: Clefairy|move: Follow Me\n|move|p2a: Tinkaton|Gigaton Hammer|p1a: Clefairy\n|-supereffective|p1a: Clefairy\n|-damage|p1a: Clefairy|0 fnt\n|faint|p1a: Clefairy\n|move|p1b: Lurantis|Superpower|p2b: Medicham\n|-resisted|p2b: Medicham\n|-damage|p2b: Medicham|76\/100\n|-boost|p1b: Lurantis|atk|1\n|-boost|p1b: Lurantis|def|1\n|\n|-heal|p1b: Lurantis|56\/100|[from] item: Leftovers\n|upkeep\n|\n|t:|1698456401\n|switch|p1a: Grimmsnarl|Grimmsnarl, M|25\/100\n|turn|11\n|\n|t:|1698456412\n|move|p2b: Medicham|Helping Hand|p2a: Tinkaton\n|-singleturn|p2a: Tinkaton|Helping Hand|[of] p2b: Medicham\n|move|p1a: Grimmsnarl|Parting Shot|p2a: Tinkaton\n|-unboost|p2a: Tinkaton|atk|1\n|-unboost|p2a: Tinkaton|spa|1\n|\n|t:|1698456417\n|switch|p1a: Talonflame|Talonflame, M|100\/100|[from] Parting Shot\n|move|p2a: Tinkaton|Knock Off|p1b: Lurantis\n|-damage|p1b: Lurantis|18\/100\n|-enditem|p1b: Lurantis|Leftovers|[from] move: Knock Off|[of] p2a: Tinkaton\n|move|p1b: Lurantis|Superpower|p2a: Tinkaton\n|-damage|p2a: Tinkaton|23\/100\n|-boost|p1b: Lurantis|atk|1\n|-boost|p1b: Lurantis|def|1\n|-enditem|p2a: Tinkaton|Air Balloon\n|\n|upkeep\n|turn|12\n|\n|t:|1698456439\n|move|p2b: Medicham|Helping Hand|p2a: Tinkaton\n|-singleturn|p2a: Tinkaton|Helping Hand|[of] p2b: Medicham\n|move|p1b: Lurantis|Protect|p1b: Lurantis\n|-singleturn|p1b: Lurantis|Protect\n|move|p1a: Talonflame|Will-O-Wisp|p2a: Tinkaton\n|-status|p2a: Tinkaton|brn\n|move|p2a: Tinkaton|Knock Off|p1a: Talonflame\n|-damage|p1a: Talonflame|69\/100\n|-enditem|p1a: Talonflame|Heavy-Duty Boots|[from] move: Knock Off|[of] p2a: Tinkaton\n|\n|-damage|p2a: Tinkaton|17\/100 brn|[from] brn\n|upkeep\n|turn|13\n|\n|t:|1698456462\n|move|p2b: Medicham|Helping Hand|p2a: Tinkaton\n|-singleturn|p2a: Tinkaton|Helping Hand|[of] p2b: Medicham\n|move|p1a: Talonflame|Defog|p1b: Lurantis\n|-boost|p1b: Lurantis|evasion|1\n|move|p2a: Tinkaton|Knock Off|p1b: Lurantis|[miss]\n|-miss|p2a: Tinkaton|p1b: Lurantis\n|move|p1b: Lurantis|Leech Life|p2b: Medicham\n|-damage|p2b: Medicham|18\/100\n|-heal|p1b: Lurantis|45\/100|[from] drain|[of] p2b: Medicham\n|\n|-damage|p2a: Tinkaton|10\/100 brn|[from] brn\n|upkeep\n|turn|14\n|\n|t:|1698456479\n|move|p2b: Medicham|Helping Hand|p2a: Tinkaton\n|-singleturn|p2a: Tinkaton|Helping Hand|[of] p2b: Medicham\n|move|p1a: Talonflame|Defog|p1b: Lurantis\n|-boost|p1b: Lurantis|evasion|1\n|move|p2a: Tinkaton|Gigaton Hammer|p1b: Lurantis|[miss]\n|-miss|p2a: Tinkaton|p1b: Lurantis\n|move|p1b: Lurantis|Superpower|p2a: Tinkaton\n|-damage|p2a: Tinkaton|0 fnt\n|-boost|p1b: Lurantis|atk|1\n|-boost|p1b: Lurantis|def|1\n|faint|p2a: Tinkaton\n|\n|upkeep\n|\n|t:|1698456494\n|switch|p2a: Gyarados|Gyarados, M|100\/100\n|-ability|p2a: Gyarados|Intimidate|boost\n|-unboost|p1a: Talonflame|atk|1\n|-boost|p1b: Lurantis|atk|1\n|turn|15\n|\n|t:|1698456507\n|-terastallize|p2a: Gyarados|Flying\n|move|p2b: Medicham|Helping Hand|p2a: Gyarados\n|-singleturn|p2a: Gyarados|Helping Hand|[of] p2b: Medicham\n|move|p1a: Talonflame|Defog|p1b: Lurantis\n|-boost|p1b: Lurantis|evasion|1\n|move|p2a: Gyarados|Waterfall|p1b: Lurantis\n|-damage|p1b: Lurantis|17\/100\n|cant|p1b: Lurantis|flinch\n|\n|upkeep\n|turn|16\n|\n|t:|1698456524\n|move|p2b: Medicham|Helping Hand|p2a: Gyarados\n|-singleturn|p2a: Gyarados|Helping Hand|[of] p2b: Medicham\n|move|p1b: Lurantis|Protect|p1b: Lurantis\n|-singleturn|p1b: Lurantis|Protect\n|move|p1a: Talonflame|Will-O-Wisp|p2a: Gyarados\n|-status|p2a: Gyarados|brn\n|-enditem|p2a: Gyarados|Lum Berry|[eat]\n|-curestatus|p2a: Gyarados|brn|[msg]\n|move|p2a: Gyarados|Waterfall|p1a: Talonflame\n|-supereffective|p1a: Talonflame\n|-damage|p1a: Talonflame|0 fnt\n|faint|p1a: Talonflame\n|\n|upkeep\n|\n|t:|1698456538\n|switch|p1a: Espeon|Espeon, M|100\/100\n|turn|17\n|\n|t:|1698456550\n|move|p2b: Medicham|Feint|p1b: Lurantis\n|-resisted|p1b: Lurantis\n|-damage|p1b: Lurantis|15\/100\n|move|p1a: Espeon|Psych Up|p1b: Lurantis\n|-copyboost|p1a: Espeon|p1b: Lurantis|[from] move: Psych Up\n|move|p2a: Gyarados|Waterfall|p1a: Espeon|[miss]\n|-miss|p2a: Gyarados|p1a: Espeon\n|move|p1b: Lurantis|Superpower|p2a: Gyarados\n|-resisted|p2a: Gyarados\n|-damage|p2a: Gyarados|39\/100\n|-boost|p1b: Lurantis|atk|1\n|-boost|p1b: Lurantis|def|1\n|\n|upkeep\n|turn|18\n|-message|HaZZaLaDDa forfeited.\n|\n|win|SXD2002\n|raw|SXD2002's rating: 1073 &rarr; <strong>1104<\/strong><br \/>(+31 for winning)\n|raw|HaZZaLaDDa's rating: 1102 &rarr; <strong>1075<\/strong><br \/>(-27 for losing)\n|l|\u2606HaZZaLaDDa\n","uploadtime":1698456565,"views":15,"p1id":"sxd2002","p2id":"hazzaladda","formatid":"gen9doublesou","rating":1075,"private":0,"password":""}