{"id":"gen9doublesou-1973871413","p1":"thshaminushif","p2":"ProGamerFortnite67","format":"[Gen 9] Doubles OU","log":"|j|\u2606thshaminushif\n|j|\u2606ProGamerFortnite67\n|t:|1698022725\n|gametype|doubles\n|player|p1|thshaminushif|gambler|1386\n|player|p2|ProGamerFortnite67|phoebe-gen6|1257\n|teamsize|p1|6\n|teamsize|p2|6\n|gen|9\n|tier|[Gen 9] Doubles OU\n|rated|\n|rule|Species Clause: Limit one of each Pok\u00e9mon\n|rule|OHKO Clause: OHKO moves are banned\n|rule|Evasion Moves Clause: Evasion moves are banned\n|rule|Gravity Sleep Clause: The combination of sleep-inducing moves with imperfect accuracy and Gravity or Gigantamax Orbeetle are banned\n|rule|Endless Battle Clause: Forcing endless battles is banned\n|rule|HP Percentage Mod: HP is shown in percentages\n|clearpoke\n|poke|p1|Indeedee-F, F|\n|poke|p1|Iron Bundle|\n|poke|p1|Houndstone, F|\n|poke|p1|Pawmot, F|\n|poke|p1|Flutter Mane|\n|poke|p1|Torkoal, F|\n|poke|p2|Iron Treads|\n|poke|p2|Thundurus, M|\n|poke|p2|Pawmot, M|\n|poke|p2|Iron Bundle|\n|poke|p2|Raichu-Alola, F|\n|poke|p2|Hydreigon, F|\n|teampreview\n|\n|t:|1698022754\n|start\n|switch|p1a: Iron Bundle|Iron Bundle|100\/100\n|switch|p1b: Indeedee|Indeedee-F, F|100\/100\n|switch|p2a: Thundurus|Thundurus, M|100\/100\n|switch|p2b: Hydreigon|Hydreigon, F|100\/100\n|-fieldstart|move: Psychic Terrain|[from] ability: Psychic Surge|[of] p1b: Indeedee\n|-enditem|p1a: Iron Bundle|Booster Energy\n|-activate|p1a: Iron Bundle|ability: Quark Drive|[fromitem]\n|-start|p1a: Iron Bundle|quarkdrivespe\n|turn|1\n|c|\u2606thshaminushif|!weakness thundurus\n|c| thshaminushif|\/raw <div class=\"infobox\">Thundurus (ignoring abilities):<br \/><span class=\"message-effect-weak\">Weaknesses<\/span>: Ice, Rock<br \/><span class=\"message-effect-resist\">Resistances<\/span>: Bug, Fighting, Flying, Grass, Steel<br \/><span class=\"message-effect-immune\">Immunities<\/span>: Ground, Paralysis<\/div>\n|c|\u2606thshaminushif|!weakness hydreigon\n|c| thshaminushif|\/raw <div class=\"infobox\">Hydreigon (ignoring abilities):<br \/><span class=\"message-effect-weak\">Weaknesses<\/span>: Bug, Dragon, <b>Fairy<\/b>, Fighting, Ice<br \/><span class=\"message-effect-resist\">Resistances<\/span>: Dark, Electric, Fire, Ghost, Grass, Water<br \/><span class=\"message-effect-immune\">Immunities<\/span>: Psychic, Prankster<\/div>\n|\n|t:|1698022789\n|-terastallize|p2b: Hydreigon|Poison\n|move|p1b: Indeedee|Follow Me|p1b: Indeedee\n|-singleturn|p1b: Indeedee|move: Follow Me\n|move|p2a: Thundurus|Electric Terrain|p2a: Thundurus\n|-fieldstart|move: Electric Terrain\n|move|p1a: Iron Bundle|Freeze-Dry|p2b: Hydreigon\n|-damage|p2b: Hydreigon|71\/100\n|move|p2b: Hydreigon|Dark Pulse|p1b: Indeedee\n|-supereffective|p1b: Indeedee\n|-damage|p1b: Indeedee|34\/100\n|-damage|p2b: Hydreigon|61\/100|[from] item: Life Orb\n|\n|upkeep\n|turn|2\n|c|\u2606thshaminushif|gahr\n|\n|t:|1698022812\n|move|p1b: Indeedee|Protect|p1b: Indeedee\n|-singleturn|p1b: Indeedee|Protect\n|move|p2a: Thundurus|Taunt|p1b: Indeedee\n|-activate|p1b: Indeedee|move: Protect\n|move|p1a: Iron Bundle|Freeze-Dry|p2a: Thundurus\n|-supereffective|p2a: Thundurus\n|-damage|p2a: Thundurus|14\/100\n|move|p2b: Hydreigon|Dark Pulse|p1a: Iron Bundle\n|-damage|p1a: Iron Bundle|0 fnt\n|faint|p1a: Iron Bundle\n|-end|p1a: Iron Bundle|Quark Drive|[silent]\n|-damage|p2b: Hydreigon|51\/100|[from] item: Life Orb\n|\n|upkeep\n|\n|t:|1698022825\n|switch|p1a: Flutter Mane|Flutter Mane|100\/100\n|turn|3\n|\n|t:|1698022846\n|switch|p2b: Iron Treads|Iron Treads|100\/100\n|-activate|p2b: Iron Treads|ability: Quark Drive\n|-start|p2b: Iron Treads|quarkdrivespe\n|move|p1b: Indeedee|Follow Me|p1b: Indeedee\n|-singleturn|p1b: Indeedee|move: Follow Me\n|move|p2a: Thundurus|Taunt|p1b: Indeedee\n|-start|p1b: Indeedee|move: Taunt\n|move|p1a: Flutter Mane|Dazzling Gleam|p2a: Thundurus|[spread] p2a,p2b\n|-resisted|p2b: Iron Treads\n|-damage|p2a: Thundurus|0 fnt\n|-damage|p2b: Iron Treads|77\/100\n|faint|p2a: Thundurus\n|\n|upkeep\n|\n|t:|1698022871\n|switch|p2a: Iron Bundle|Iron Bundle|100\/100\n|-activate|p2a: Iron Bundle|ability: Quark Drive\n|-start|p2a: Iron Bundle|quarkdrivespe\n|turn|4\n|\n|t:|1698022888\n|switch|p1b: Pawmot|Pawmot, F|100\/100\n|move|p2a: Iron Bundle|Protect|p2a: Iron Bundle\n|-singleturn|p2a: Iron Bundle|Protect\n|move|p2b: Iron Treads|Iron Head|p1a: Flutter Mane\n|-supereffective|p1a: Flutter Mane\n|-damage|p1a: Flutter Mane|0 fnt\n|faint|p1a: Flutter Mane\n|-end|p1a: Flutter Mane|Protosynthesis|[silent]\n|\n|upkeep\n|\n|t:|1698022898\n|switch|p1a: Torkoal|Torkoal, F|100\/100\n|-weather|SunnyDay|[from] ability: Drought|[of] p1a: Torkoal\n|turn|5\n|\n|t:|1698022916\n|-terastallize|p1b: Pawmot|Electric\n|move|p2a: Iron Bundle|Flip Turn|p1a: Torkoal\n|-supereffective|p1a: Torkoal\n|-damage|p1a: Torkoal|87\/100\n|\n|t:|1698022921\n|-end|p2a: Iron Bundle|Quark Drive|[silent]\n|switch|p2a: Hydreigon|Hydreigon, F, tera:Poison|51\/100|[from] Flip Turn\n|move|p2b: Iron Treads|Earthquake|p1b: Pawmot|[spread] p1a,p1b\n|-immune|p2a: Hydreigon|[from] ability: Levitate\n|-supereffective|p1a: Torkoal\n|-supereffective|p1b: Pawmot\n|-damage|p1a: Torkoal|29\/100\n|-damage|p1b: Pawmot|0 fnt\n|faint|p1b: Pawmot\n|move|p1a: Torkoal|Solar Beam||[still]\n|-prepare|p1a: Torkoal|Solar Beam\n|-anim|p1a: Torkoal|Solar Beam|p2a: Hydreigon\n|-resisted|p2a: Hydreigon\n|-damage|p2a: Hydreigon|28\/100\n|\n|-weather|SunnyDay|[upkeep]\n|upkeep\n|\n|t:|1698022935\n|switch|p1b: Houndstone|Houndstone, F|100\/100\n|turn|6\n|\n|t:|1698022945\n|move|p2b: Iron Treads|Earthquake|p1a: Torkoal|[spread] p1a,p1b\n|-immune|p2a: Hydreigon|[from] ability: Levitate\n|-supereffective|p1a: Torkoal\n|-damage|p1a: Torkoal|0 fnt\n|-damage|p1b: Houndstone|61\/100\n|faint|p1a: Torkoal\n|move|p1b: Houndstone|Last Respects|p2b: Iron Treads\n|-damage|p2b: Iron Treads|0 fnt\n|faint|p2b: Iron Treads\n|-end|p2b: Iron Treads|Quark Drive|[silent]\n|move|p2a: Hydreigon|Dark Pulse|p1b: Houndstone\n|-supereffective|p1b: Houndstone\n|-damage|p1b: Houndstone|0 fnt\n|faint|p1b: Houndstone\n|-damage|p2a: Hydreigon|18\/100|[from] item: Life Orb\n|\n|-weather|SunnyDay|[upkeep]\n|upkeep\n|-message|thshaminushif forfeited.\n|\n|win|ProGamerFortnite67\n|raw|thshaminushif's rating: 1386 &rarr; <strong>1359<\/strong><br \/>(-27 for losing)\n|raw|ProGamerFortnite67's rating: 1257 &rarr; <strong>1291<\/strong><br \/>(+34 for winning)\n|l|\u2606thshaminushif\n","uploadtime":1698022963,"views":23,"p1id":"thshaminushif","p2id":"progamerfortnite67","formatid":"gen9doublesou","rating":1291,"private":0,"password":""}