{"id":"gen9doublesou-1980625587","p1":"Light kitten","p2":"timesdividingline","format":"[Gen 9] Doubles OU","log":"|j|\u2606Light kitten\n|j|\u2606timesdividingline\n|t:|1698804739\n|gametype|doubles\n|player|p1|Light kitten|169|1121\n|player|p2|timesdividingline|caitlin|1000\n|teamsize|p1|6\n|teamsize|p2|6\n|gen|9\n|tier|[Gen 9] Doubles OU\n|rated|\n|rule|Species Clause: Limit one of each Pok\u00e9mon\n|rule|OHKO Clause: OHKO moves are banned\n|rule|Evasion Moves Clause: Evasion moves are banned\n|rule|Gravity Sleep Clause: The combination of sleep-inducing moves with imperfect accuracy and Gravity or Gigantamax Orbeetle are banned\n|rule|Endless Battle Clause: Forcing endless battles is banned\n|rule|HP Percentage Mod: HP is shown in percentages\n|clearpoke\n|poke|p1|Slowking-Galar, F|\n|poke|p1|Chien-Pao|\n|poke|p1|Spiritomb, M|\n|poke|p1|Vespiquen, F|\n|poke|p1|Cresselia, F|\n|poke|p1|Krookodile, F|\n|poke|p2|Ogerpon-Hearthflame, F|\n|poke|p2|Kingambit, F|\n|poke|p2|Flutter Mane|\n|poke|p2|Iron Hands|\n|poke|p2|Basculegion-F, F|\n|poke|p2|Tornadus, M|\n|teampreview\n|inactive|Battle timer is ON: inactive players will automatically lose when time's up. (requested by timesdividingline)\n|\n|t:|1698804760\n|start\n|switch|p1a: Spiritomb|Spiritomb, M|100\/100\n|switch|p1b: Krookodile|Krookodile, F|100\/100\n|switch|p2a: Ogerpon|Ogerpon-Hearthflame, F|100\/100\n|switch|p2b: Tornadus|Tornadus, M|100\/100\n|-ability|p2a: Ogerpon|Mold Breaker\n|-ability|p1a: Spiritomb|Pressure\n|turn|1\n|\n|t:|1698804779\n|move|p2b: Tornadus|Tailwind|p2b: Tornadus\n|-sidestart|p2: timesdividingline|move: Tailwind\n|move|p2a: Ogerpon|Wood Hammer|p1b: Krookodile\n|-supereffective|p1b: Krookodile\n|-damage|p1b: Krookodile|0 fnt\n|faint|p1b: Krookodile\n|-damage|p2a: Ogerpon|66\/100|[from] Recoil\n|move|p1a: Spiritomb|Burning Jealousy|p2b: Tornadus|[spread] p2a,p2b\n|-damage|p2a: Ogerpon|53\/100\n|-damage|p2b: Tornadus|86\/100\n|\n|upkeep\n|\n|t:|1698804793\n|switch|p1b: Chien-Pao|Chien-Pao|100\/100\n|-ability|p1b: Chien-Pao|Sword of Ruin\n|turn|2\n|\n|t:|1698804804\n|switch|p2a: Iron Hands|Iron Hands|100\/100\n|move|p2b: Tornadus|Protect|p2b: Tornadus\n|-singleturn|p2b: Tornadus|Protect\n|move|p1b: Chien-Pao|Protect|p1b: Chien-Pao\n|-singleturn|p1b: Chien-Pao|Protect\n|move|p1a: Spiritomb|Will-O-Wisp|p2a: Iron Hands\n|-status|p2a: Iron Hands|brn\n|\n|-damage|p2a: Iron Hands|94\/100 brn|[from] brn\n|upkeep\n|turn|3\n|\n|t:|1698804824\n|switch|p1b: Slowking|Slowking-Galar, F|100\/100\n|move|p2a: Iron Hands|Fake Out|p1b: Slowking\n|-damage|p1b: Slowking|93\/100\n|move|p2b: Tornadus|Bleakwind Storm|p1a: Spiritomb|[spread] p1a,p1b\n|-crit|p1b: Slowking\n|-damage|p1a: Spiritomb|63\/100\n|-damage|p1b: Slowking|52\/100\n|-unboost|p1a: Spiritomb|spe|1\n|move|p1a: Spiritomb|Icy Wind|p2a: Iron Hands|[spread] p2a,p2b\n|-supereffective|p2b: Tornadus\n|-damage|p2a: Iron Hands|90\/100 brn\n|-damage|p2b: Tornadus|64\/100\n|-unboost|p2a: Iron Hands|spe|1\n|\n|-heal|p1b: Slowking|58\/100|[from] item: Leftovers\n|-heal|p1a: Spiritomb|68\/100|[from] item: Leftovers\n|-damage|p2a: Iron Hands|84\/100 brn|[from] brn\n|upkeep\n|turn|4\n|\n|t:|1698804850\n|move|p2b: Tornadus|Bleakwind Storm|p1b: Slowking|[spread] p1a,p1b\n|-damage|p1a: Spiritomb|34\/100\n|-damage|p1b: Slowking|32\/100\n|move|p2a: Iron Hands|Wild Charge|p1b: Slowking\n|-damage|p1b: Slowking|7\/100\n|-damage|p2a: Iron Hands|78\/100 brn|[from] Recoil\n|move|p1b: Slowking|Flamethrower|p2a: Iron Hands\n|-damage|p2a: Iron Hands|65\/100 brn\n|move|p1a: Spiritomb|Will-O-Wisp|p2b: Tornadus\n|-status|p2b: Tornadus|brn\n|\n|-heal|p1b: Slowking|13\/100|[from] item: Leftovers\n|-heal|p1a: Spiritomb|39\/100|[from] item: Leftovers\n|-damage|p2b: Tornadus|58\/100 brn|[from] brn\n|-damage|p2a: Iron Hands|59\/100 brn|[from] brn\n|-sideend|p2: timesdividingline|move: Tailwind\n|upkeep\n|turn|5\n|\n|t:|1698804869\n|move|p1a: Spiritomb|Protect|p1a: Spiritomb\n|-singleturn|p1a: Spiritomb|Protect\n|move|p2b: Tornadus|Bleakwind Storm|p1b: Slowking|[spread] p1b\n|-activate|p1a: Spiritomb|move: Protect\n|-damage|p1b: Slowking|0 fnt\n|faint|p1b: Slowking\n|move|p2a: Iron Hands|Wild Charge|p1a: Spiritomb\n|-activate|p1a: Spiritomb|move: Protect\n|\n|-heal|p1a: Spiritomb|45\/100|[from] item: Leftovers\n|-damage|p2b: Tornadus|51\/100 brn|[from] brn\n|-damage|p2a: Iron Hands|52\/100 brn|[from] brn\n|upkeep\n|\n|t:|1698804882\n|switch|p1b: Chien-Pao|Chien-Pao|100\/100\n|-ability|p1b: Chien-Pao|Sword of Ruin\n|turn|6\n|\n|t:|1698804892\n|switch|p1b: Cresselia|Cresselia, F|100\/100\n|move|p2b: Tornadus|Protect|p2b: Tornadus\n|-singleturn|p2b: Tornadus|Protect\n|move|p2a: Iron Hands|Drain Punch|p1b: Cresselia\n|-resisted|p1b: Cresselia\n|-damage|p1b: Cresselia|94\/100\n|-heal|p2a: Iron Hands|55\/100 brn|[from] drain|[of] p1b: Cresselia\n|move|p1a: Spiritomb|Icy Wind|p2b: Tornadus|[spread] p2a\n|-activate|p2b: Tornadus|move: Protect\n|-damage|p2a: Iron Hands|51\/100 brn\n|-unboost|p2a: Iron Hands|spe|1\n|\n|-heal|p1b: Cresselia|99\/100|[from] item: Leftovers\n|-heal|p1a: Spiritomb|51\/100|[from] item: Leftovers\n|-damage|p2b: Tornadus|45\/100 brn|[from] brn\n|-damage|p2a: Iron Hands|45\/100 brn|[from] brn\n|upkeep\n|turn|7\n|\n|t:|1698804916\n|-end|p2a: Iron Hands|Quark Drive|[silent]\n|switch|p2a: Ogerpon|Ogerpon-Hearthflame, F|53\/100\n|-ability|p2a: Ogerpon|Mold Breaker\n|move|p2b: Tornadus|Bleakwind Storm|p1a: Spiritomb|[spread] p1a,p1b\n|-damage|p1a: Spiritomb|15\/100\n|-damage|p1b: Cresselia|75\/100\n|-unboost|p1a: Spiritomb|spe|1\n|-unboost|p1b: Cresselia|spe|1\n|move|p1b: Cresselia|Lunar Blessing|p1b: Cresselia|[spread] p1a,p1b\n|-heal|p1a: Spiritomb|40\/100\n|-heal|p1b: Cresselia|99\/100\n|move|p1a: Spiritomb|Icy Wind|p2a: Ogerpon|[spread] p2a\n|-miss|p1a: Spiritomb|p2b: Tornadus\n|-damage|p2a: Ogerpon|44\/100\n|-unboost|p2a: Ogerpon|spe|1\n|\n|-heal|p1b: Cresselia|100\/100|[from] item: Leftovers\n|-heal|p1a: Spiritomb|46\/100|[from] item: Leftovers\n|-damage|p2b: Tornadus|39\/100 brn|[from] brn\n|upkeep\n|turn|8\n|\n|t:|1698804938\n|move|p1b: Cresselia|Ally Switch|p1b: Cresselia\n|swap|p1b: Cresselia|0|[from] move: Ally Switch\n|move|p2b: Tornadus|Taunt|p1b: Spiritomb\n|-hint|Since gen 7, Dark is immune to Prankster moves.\n|-immune|p1b: Spiritomb\n|move|p2a: Ogerpon|Ivy Cudgel|p1a: Cresselia\n|-damage|p1a: Cresselia|61\/100\n|move|p1b: Spiritomb|Will-O-Wisp|p2a: Ogerpon|[miss]\n|-miss|p1b: Spiritomb|p2a: Ogerpon\n|\n|-heal|p1a: Cresselia|67\/100|[from] item: Leftovers\n|-heal|p1b: Spiritomb|52\/100|[from] item: Leftovers\n|-damage|p2b: Tornadus|33\/100 brn|[from] brn\n|upkeep\n|turn|9\n|\n|t:|1698804957\n|move|p2b: Tornadus|Taunt|p1a: Cresselia\n|-start|p1a: Cresselia|move: Taunt\n|move|p2a: Ogerpon|Ivy Cudgel|p1b: Spiritomb\n|-damage|p1b: Spiritomb|9\/100\n|cant|p1a: Cresselia|move: Taunt|Calm Mind\n|move|p1b: Spiritomb|Will-O-Wisp|p2a: Ogerpon|[miss]\n|-miss|p1b: Spiritomb|p2a: Ogerpon\n|\n|-heal|p1a: Cresselia|73\/100|[from] item: Leftovers\n|-heal|p1b: Spiritomb|15\/100|[from] item: Leftovers\n|-damage|p2b: Tornadus|27\/100 brn|[from] brn\n|upkeep\n|turn|10\n|\n|t:|1698804973\n|move|p2b: Tornadus|Bleakwind Storm|p1a: Cresselia|[spread] p1a,p1b\n|-damage|p1a: Cresselia|52\/100\n|-damage|p1b: Spiritomb|0 fnt\n|-unboost|p1a: Cresselia|spe|1\n|faint|p1b: Spiritomb\n|move|p2a: Ogerpon|Ivy Cudgel|p1a: Cresselia\n|-damage|p1a: Cresselia|11\/100\n|move|p1a: Cresselia|Stored Power|p2a: Ogerpon\n|-damage|p2a: Ogerpon|35\/100\n|\n|-heal|p1a: Cresselia|17\/100|[from] item: Leftovers\n|-damage|p2b: Tornadus|21\/100 brn|[from] brn\n|upkeep\n|\n|t:|1698804984\n|switch|p1b: Chien-Pao|Chien-Pao|100\/100\n|-ability|p1b: Chien-Pao|Sword of Ruin\n|turn|11\n|\n|t:|1698804993\n|move|p1b: Chien-Pao|Protect|p1b: Chien-Pao\n|-singleturn|p1b: Chien-Pao|Protect\n|move|p2b: Tornadus|Bleakwind Storm|p1b: Chien-Pao|[spread] p1a\n|-activate|p1b: Chien-Pao|move: Protect\n|-damage|p1a: Cresselia|0 fnt\n|faint|p1a: Cresselia\n|move|p2a: Ogerpon|Ivy Cudgel|p1b: Chien-Pao\n|-activate|p1b: Chien-Pao|move: Protect\n|\n|-damage|p2b: Tornadus|15\/100 brn|[from] brn\n|upkeep\n|\n|t:|1698805001\n|switch|p1a: Vespiquen|Vespiquen, F|100\/100\n|-ability|p1a: Vespiquen|Pressure\n|turn|12\n|\n|t:|1698805006\n|move|p1b: Chien-Pao|Ice Spinner|p2a: Ogerpon\n|-damage|p2a: Ogerpon|0 fnt\n|faint|p2a: Ogerpon\n|move|p2b: Tornadus|Bleakwind Storm|p1b: Chien-Pao|[spread] p1a,p1b\n|-supereffective|p1a: Vespiquen\n|-damage|p1a: Vespiquen|51\/100\n|-damage|p1b: Chien-Pao|41\/100\n|move|p1a: Vespiquen|Defend Order|p1a: Vespiquen\n|-boost|p1a: Vespiquen|def|1\n|-boost|p1a: Vespiquen|spd|1\n|\n|-heal|p1a: Vespiquen|57\/100|[from] item: Leftovers\n|-damage|p2b: Tornadus|9\/100 brn|[from] brn\n|upkeep\n|\n|t:|1698805019\n|switch|p2a: Basculegion|Basculegion-F, F|100\/100\n|turn|13\n|\n|t:|1698805027\n|-terastallize|p2a: Basculegion|Dragon\n|move|p1b: Chien-Pao|Protect|p1b: Chien-Pao\n|-singleturn|p1b: Chien-Pao|Protect\n|move|p2a: Basculegion|Last Respects|p1a: Vespiquen\n|-damage|p1a: Vespiquen|23\/100\n|move|p2b: Tornadus|Bleakwind Storm|p1b: Chien-Pao|[spread] p1a\n|-activate|p1b: Chien-Pao|move: Protect\n|-supereffective|p1a: Vespiquen\n|-damage|p1a: Vespiquen|0 fnt\n|faint|p1a: Vespiquen\n|\n|-damage|p2b: Tornadus|3\/100 brn|[from] brn\n|upkeep\n|turn|14\n|\n|t:|1698805041\n|move|p2a: Basculegion|Last Respects|p1b: Chien-Pao\n|-resisted|p1b: Chien-Pao\n|-damage|p1b: Chien-Pao|12\/100\n|move|p1b: Chien-Pao|Ice Spinner|p2a: Basculegion\n|-supereffective|p2a: Basculegion\n|-damage|p2a: Basculegion|0 fnt\n|faint|p2a: Basculegion\n|move|p2b: Tornadus|Bleakwind Storm|p1b: Chien-Pao\n|-damage|p1b: Chien-Pao|0 fnt\n|faint|p1b: Chien-Pao\n|\n|win|timesdividingline\n|raw|Light kitten's rating: 1121 &rarr; <strong>1088<\/strong><br \/>(-33 for losing)\n|raw|timesdividingline's rating: 1000 &rarr; <strong>1053<\/strong><br \/>(+53 for winning)\n","uploadtime":1698805049,"views":17,"p1id":"lightkitten","p2id":"timesdividingline","formatid":"gen9doublesou","rating":1053,"private":0,"password":""}