{"id":"gen9doublesou-1989926965","p1":"Kumra21","p2":"kalum728","format":"[Gen 9] Doubles OU","log":"|j|\u2606Kumra21\n|j|\u2606kalum728\n|t:|1699907400\n|gametype|doubles\n|player|p1|Kumra21|silver|1112\n|player|p2|kalum728|lucas|1194\n|teamsize|p1|6\n|teamsize|p2|6\n|gen|9\n|tier|[Gen 9] Doubles OU\n|rated|\n|rule|Species Clause: Limit one of each Pok\u00e9mon\n|rule|OHKO Clause: OHKO moves are banned\n|rule|Evasion Moves Clause: Evasion moves are banned\n|rule|Gravity Sleep Clause: The combination of sleep-inducing moves with imperfect accuracy and Gravity or Gigantamax Orbeetle are banned\n|rule|Endless Battle Clause: Forcing endless battles is banned\n|rule|HP Percentage Mod: HP is shown in percentages\n|clearpoke\n|poke|p1|Tornadus, M|\n|poke|p1|Politoed, F|\n|poke|p1|Ludicolo, F|\n|poke|p1|Kilowattrel, M|\n|poke|p1|Basculegion-F, F|\n|poke|p1|Corviknight, F|\n|poke|p2|Empoleon, F|\n|poke|p2|Ninetales-Alola, F|\n|poke|p2|Ogerpon-Wellspring, F|\n|poke|p2|Espeon, F|\n|poke|p2|Murkrow, M|\n|poke|p2|Sinistcha-Masterpiece|\n|teampreview\n|inactive|Battle timer is ON: inactive players will automatically lose when time's up. (requested by Kumra21)\n|\n|t:|1699907417\n|start\n|switch|p1a: Politoed|Politoed, F|100\/100\n|switch|p1b: Ludicolo|Ludicolo, F|100\/100\n|switch|p2a: Espeon|Espeon, F|100\/100\n|switch|p2b: Murkrow|Murkrow, M|100\/100\n|-weather|RainDance|[from] ability: Drizzle|[of] p1a: Politoed\n|turn|1\n|\n|t:|1699907438\n|move|p2b: Murkrow|Tailwind|p2b: Murkrow\n|-sidestart|p2: kalum728|move: Tailwind\n|move|p2a: Espeon|Thunder Wave|p1b: Ludicolo\n|-status|p1b: Ludicolo|par\n|move|p1b: Ludicolo|Hydro Pump|p2b: Murkrow\n|-damage|p2b: Murkrow|0 fnt\n|faint|p2b: Murkrow\n|move|p1a: Politoed|Ice Beam|p2a: Espeon\n|-damage|p2a: Espeon|75\/100\n|\n|-weather|RainDance|[upkeep]\n|upkeep\n|\n|t:|1699907455\n|switch|p2b: Ogerpon|Ogerpon-Wellspring, F|100\/100\n|turn|2\n|\n|t:|1699907474\n|switch|p1b: Kilowattrel|Kilowattrel, M|100\/100\n|switch|p1a: Tornadus|Tornadus, M|100\/100\n|-terastallize|p2b: Ogerpon|Water\n|detailschange|p2b: Ogerpon|Ogerpon-Wellspring-Tera, F, tera:Water\n|-ability|p2b: Ogerpon|Embody Aspect (Wellspring)|boost\n|-boost|p2b: Ogerpon|spd|1\n|move|p2a: Espeon|Thunder Wave|p1a: Tornadus\n|-status|p1a: Tornadus|par\n|move|p2b: Ogerpon|Horn Leech|p1a: Tornadus\n|-resisted|p1a: Tornadus\n|-damage|p1a: Tornadus|71\/100 par\n|\n|-weather|RainDance|[upkeep]\n|upkeep\n|turn|3\n|\n|t:|1699907497\n|move|p1a: Tornadus|Tailwind|p1a: Tornadus\n|-sidestart|p1: Kumra21|move: Tailwind\n|-start|p1b: Kilowattrel|Charge|Tailwind|[from] ability: Wind Power\n|move|p1b: Kilowattrel|Thunder|p2b: Ogerpon\n|-supereffective|p2b: Ogerpon\n|-damage|p2b: Ogerpon|0 fnt\n|faint|p2b: Ogerpon\n|-end|p1b: Kilowattrel|Charge|[silent]\n|move|p2a: Espeon|Psychic|p1b: Kilowattrel\n|-damage|p1b: Kilowattrel|0 fnt\n|faint|p1b: Kilowattrel\n|-damage|p2a: Espeon|65\/100|[from] item: Life Orb\n|\n|-weather|RainDance|[upkeep]\n|upkeep\n|\n|t:|1699907514\n|switch|p1b: Ludicolo|Ludicolo, F|100\/100 par\n|switch|p2b: Empoleon|Empoleon, F|100\/100\n|turn|4\n|\n|t:|1699907536\n|cant|p1a: Tornadus|par\n|move|p2a: Espeon|Psychic|p1b: Ludicolo\n|-damage|p1b: Ludicolo|34\/100 par\n|-damage|p2a: Espeon|55\/100|[from] item: Life Orb\n|move|p1b: Ludicolo|Focus Blast|p2b: Empoleon\n|-supereffective|p2b: Empoleon\n|-damage|p2b: Empoleon|41\/100\n|move|p2b: Empoleon|Surf|p1a: Tornadus|[spread] p2a,p1a,p1b\n|-resisted|p1b: Ludicolo\n|-damage|p2a: Espeon|0 fnt\n|-damage|p1a: Tornadus|18\/100 par\n|-damage|p1b: Ludicolo|19\/100 par\n|faint|p2a: Espeon\n|\n|-weather|RainDance|[upkeep]\n|-sideend|p2: kalum728|move: Tailwind\n|upkeep\n|inactive|kalum728 has 120 seconds left.\n|\n|t:|1699907552\n|switch|p2a: Ninetales|Ninetales-Alola, F|100\/100\n|-weather|Snow|[from] ability: Snow Warning|[of] p2a: Ninetales\n|turn|5\n|\n|t:|1699907562\n|move|p1a: Tornadus|Rain Dance|p1a: Tornadus\n|-weather|RainDance\n|move|p1b: Ludicolo|Focus Blast|p2b: Empoleon|[miss]\n|-miss|p1b: Ludicolo|p2b: Empoleon\n|move|p2a: Ninetales|Aurora Veil||[still]\n|-fail|p2a: Ninetales\n|move|p2b: Empoleon|Blizzard|p1b: Ludicolo|[spread] p1a\n|-miss|p2b: Empoleon|p1b: Ludicolo\n|-supereffective|p1a: Tornadus\n|-damage|p1a: Tornadus|0 fnt\n|faint|p1a: Tornadus\n|\n|-weather|RainDance|[upkeep]\n|upkeep\n|\n|t:|1699907577\n|switch|p1a: Basculegion|Basculegion-F, F|100\/100\n|turn|6\n|\n|t:|1699907591\n|switch|p2a: Sinistcha|Sinistcha-Masterpiece|100\/100\n|-heal|p2b: Empoleon|66\/100|[from] ability: Hospitality|[of] p2a: Sinistcha\n|move|p1a: Basculegion|Last Respects|p2a: Sinistcha\n|-supereffective|p2a: Sinistcha\n|-damage|p2a: Sinistcha|0 fnt\n|faint|p2a: Sinistcha\n|cant|p1b: Ludicolo|par\n|move|p2b: Empoleon|Surf|p1b: Ludicolo|[spread] p1a,p1b\n|-resisted|p1a: Basculegion\n|-crit|p1a: Basculegion\n|-resisted|p1b: Ludicolo\n|-damage|p1a: Basculegion|58\/100\n|-damage|p1b: Ludicolo|4\/100 par\n|\n|-weather|RainDance|[upkeep]\n|-sideend|p1: Kumra21|move: Tailwind\n|upkeep\n|\n|t:|1699907604\n|switch|p2a: Ninetales|Ninetales-Alola, F|100\/100\n|-weather|Snow|[from] ability: Snow Warning|[of] p2a: Ninetales\n|turn|7\n|\n|t:|1699907615\n|switch|p1b: Politoed|Politoed, F|100\/100\n|-weather|RainDance|[from] ability: Drizzle|[of] p1b: Politoed\n|move|p1a: Basculegion|Last Respects|p2a: Ninetales\n|-damage|p2a: Ninetales|0 fnt\n|faint|p2a: Ninetales\n|move|p2b: Empoleon|Surf|p1b: Politoed|[spread] p1a,p1b\n|-resisted|p1a: Basculegion\n|-resisted|p1b: Politoed\n|-damage|p1a: Basculegion|26\/100\n|-damage|p1b: Politoed|85\/100\n|\n|-weather|RainDance|[upkeep]\n|upkeep\n|turn|8\n|inactive|kalum728 has 120 seconds left.\n|c|\u2606kalum728|Wasn't surprised with this team. Very rain dependant.\n|-message|kalum728 forfeited.\n|\n|win|Kumra21\n|raw|Kumra21's rating: 1112 &rarr; <strong>1143<\/strong><br \/>(+31 for winning)\n|raw|kalum728's rating: 1194 &rarr; <strong>1163<\/strong><br \/>(-31 for losing)\n|c|\u2606Kumra21|Oc\n|l|\u2606kalum728\n","uploadtime":1699907682,"views":27,"p1id":"kumra21","p2id":"kalum728","formatid":"gen9doublesou","rating":1143,"private":0,"password":""}