{"id":"gen9doublesou-1983882353","p1":"LightBlade35","p2":"RimuruTempest88","format":"[Gen 9] Doubles OU","log":"|j|\u2606LightBlade35\n|j|\u2606RimuruTempest88\n|t:|1699195706\n|gametype|doubles\n|player|p1|LightBlade35|grimsley|1168\n|player|p2|RimuruTempest88|170|1072\n|teamsize|p1|6\n|teamsize|p2|6\n|gen|9\n|tier|[Gen 9] Doubles OU\n|rated|\n|rule|Species Clause: Limit one of each Pok\u00e9mon\n|rule|OHKO Clause: OHKO moves are banned\n|rule|Evasion Moves Clause: Evasion moves are banned\n|rule|Gravity Sleep Clause: The combination of sleep-inducing moves with imperfect accuracy and Gravity or Gigantamax Orbeetle are banned\n|rule|Endless Battle Clause: Forcing endless battles is banned\n|rule|HP Percentage Mod: HP is shown in percentages\n|clearpoke\n|poke|p1|Gastrodon, F|\n|poke|p1|Roaring Moon|\n|poke|p1|Talonflame, M|\n|poke|p1|Ninetales-Alola, M|\n|poke|p1|Ogerpon-Cornerstone, F|\n|poke|p1|Rotom-Wash|\n|poke|p2|Flutter Mane|\n|poke|p2|Cresselia, F|\n|poke|p2|Ceruledge, F|\n|poke|p2|Sinistcha-Masterpiece|\n|poke|p2|Grimmsnarl, M|\n|poke|p2|Scyther, F|\n|teampreview\n|inactive|Battle timer is ON: inactive players will automatically lose when time's up. (requested by RimuruTempest88)\n|inactive|LightBlade35 has 120 seconds left.\n|inactive|LightBlade35 has 90 seconds left.\n|\n|t:|1699195793\n|start\n|switch|p1a: Talonflame|Talonflame, M|100\/100\n|switch|p1b: Gastrodon|Gastrodon, F|100\/100\n|switch|p2a: Grimmsnarl|Grimmsnarl, M|100\/100\n|switch|p2b: Scyther|Scyther, F|100\/100\n|turn|1\n|inactive|RimuruTempest88 has 120 seconds left.\n|inactive|RimuruTempest88 has 90 seconds left.\n|inactive|RimuruTempest88 has 60 seconds left.\n|\n|t:|1699195897\n|move|p1a: Talonflame|Tailwind|p1a: Talonflame\n|-sidestart|p1: LightBlade35|move: Tailwind\n|move|p2a: Grimmsnarl|Light Screen|p2a: Grimmsnarl\n|-sidestart|p2: RimuruTempest88|move: Light Screen\n|move|p2b: Scyther|Tailwind|p2b: Scyther\n|-sidestart|p2: RimuruTempest88|move: Tailwind\n|move|p1b: Gastrodon|Sludge Bomb|p2a: Grimmsnarl\n|-supereffective|p2a: Grimmsnarl\n|-damage|p2a: Grimmsnarl|64\/100\n|\n|upkeep\n|turn|2\n|inactive|RimuruTempest88 has 60 seconds left.\n|\n|t:|1699195917\n|move|p1a: Talonflame|Brave Bird|p2a: Grimmsnarl\n|-damage|p2a: Grimmsnarl|12\/100\n|-damage|p1a: Talonflame|78\/100|[from] Recoil\n|move|p2a: Grimmsnarl|Reflect|p2a: Grimmsnarl\n|-sidestart|p2: RimuruTempest88|Reflect\n|move|p2b: Scyther|Dual Wingbeat|p1a: Talonflame\n|-damage|p1a: Talonflame|25\/100\n|-damage|p1a: Talonflame|0 fnt\n|faint|p1a: Talonflame\n|-hitcount|p1: Talonflame|2\n|-damage|p2b: Scyther|91\/100|[from] item: Life Orb\n|move|p1b: Gastrodon|Sludge Bomb|p2a: Grimmsnarl\n|-supereffective|p2a: Grimmsnarl\n|-damage|p2a: Grimmsnarl|0 fnt\n|faint|p2a: Grimmsnarl\n|\n|upkeep\n|inactive|RimuruTempest88 has 60 seconds left.\n|\n|t:|1699195943\n|switch|p1a: Rotom|Rotom-Wash|100\/100\n|switch|p2a: Sinistcha|Sinistcha-Masterpiece|100\/100\n|-heal|p2b: Scyther|100\/100|[from] ability: Hospitality|[of] p2a: Sinistcha\n|turn|3\n|\n|t:|1699195958\n|switch|p1b: Roaring Moon|Roaring Moon|100\/100\n|-enditem|p1b: Roaring Moon|Booster Energy\n|-activate|p1b: Roaring Moon|ability: Protosynthesis|[fromitem]\n|-start|p1b: Roaring Moon|protosynthesisatk\n|move|p2b: Scyther|X-Scissor|p1b: Roaring Moon\n|-supereffective|p1b: Roaring Moon\n|-damage|p1b: Roaring Moon|0 fnt\n|faint|p1b: Roaring Moon\n|-end|p1b: Roaring Moon|Protosynthesis|[silent]\n|-damage|p2b: Scyther|91\/100|[from] item: Life Orb\n|move|p1a: Rotom|Will-O-Wisp|p2b: Scyther\n|-status|p2b: Scyther|brn\n|move|p2a: Sinistcha|Nasty Plot|p2a: Sinistcha\n|-boost|p2a: Sinistcha|spa|2\n|\n|-damage|p2b: Scyther|84\/100 brn|[from] brn\n|upkeep\n|\n|t:|1699195983\n|switch|p1b: Ninetales|Ninetales-Alola, M|100\/100\n|-weather|Snow|[from] ability: Snow Warning|[of] p1b: Ninetales\n|turn|4\n|\n|t:|1699195994\n|-terastallize|p1b: Ninetales|Ice\n|move|p1a: Rotom|Helping Hand|p1b: Ninetales\n|-singleturn|p1b: Ninetales|Helping Hand|[of] p1a: Rotom\n|move|p1b: Ninetales|Blizzard|p2b: Scyther|[spread] p2a,p2b\n|-supereffective|p2a: Sinistcha\n|-supereffective|p2b: Scyther\n|-damage|p2a: Sinistcha|3\/100\n|-damage|p2b: Scyther|0 fnt\n|faint|p2b: Scyther\n|move|p2a: Sinistcha|Matcha Gotcha|p1a: Rotom|[spread] p1a,p1b\n|-supereffective|p1a: Rotom\n|-damage|p1a: Rotom|0 fnt\n|-heal|p2a: Sinistcha|38\/100|[from] drain|[of] p1a: Rotom\n|-damage|p1b: Ninetales|20\/100\n|-heal|p2a: Sinistcha|72\/100|[from] drain|[of] p1b: Ninetales\n|faint|p1a: Rotom\n|\n|-weather|Snow|[upkeep]\n|-heal|p2a: Sinistcha|78\/100|[from] item: Leftovers\n|-sideend|p1: LightBlade35|move: Tailwind\n|-sideend|p2: RimuruTempest88|move: Tailwind\n|upkeep\n|\n|t:|1699196017\n|switch|p2b: Ceruledge|Ceruledge, F|100\/100\n|switch|p1a: Ogerpon|Ogerpon-Cornerstone, F|100\/100\n|turn|5\n|inactive|RimuruTempest88 has 120 seconds left.\n|\n|t:|1699196036\n|move|p1a: Ogerpon|Ivy Cudgel|p2b: Ceruledge\n|-supereffective|p2b: Ceruledge\n|-damage|p2b: Ceruledge|0 fnt\n|faint|p2b: Ceruledge\n|move|p1b: Ninetales|Blizzard|p2a: Sinistcha\n|-supereffective|p2a: Sinistcha\n|-damage|p2a: Sinistcha|0 fnt\n|faint|p2a: Sinistcha\n|\n|-weather|Snow|[upkeep]\n|-sideend|p2: RimuruTempest88|move: Light Screen\n|upkeep\n|\n|t:|1699196043\n|switch|p2b: Cresselia|Cresselia, F|100\/100\n|switch|p2a: Flutter Mane|Flutter Mane|100\/100\n|turn|6\n|inactive|RimuruTempest88 has 120 seconds left.\n|\n|t:|1699196076\n|-terastallize|p2a: Flutter Mane|Fairy\n|move|p2a: Flutter Mane|Dazzling Gleam|p1a: Ogerpon|[spread] p1a,p1b\n|-damage|p1a: Ogerpon|31\/100\n|-damage|p1b: Ninetales|0 fnt\n|faint|p1b: Ninetales\n|move|p1a: Ogerpon|Ivy Cudgel|p2a: Flutter Mane\n|-damage|p2a: Flutter Mane|10\/100\n|move|p2b: Cresselia|Lunar Blessing|p2b: Cresselia|[spread] p2a,p2b\n|-heal|p2a: Flutter Mane|36\/100\n|\n|-weather|Snow|[upkeep]\n|-sideend|p2: RimuruTempest88|Reflect\n|upkeep\n|inactive|LightBlade35 has 120 seconds left.\n|\n|t:|1699196086\n|switch|p1b: Gastrodon|Gastrodon, F|100\/100\n|turn|7\n|\n|t:|1699196096\n|move|p2b: Cresselia|Ally Switch|p2b: Cresselia\n|swap|p2b: Cresselia|0|[from] move: Ally Switch\n|move|p2b: Flutter Mane|Dazzling Gleam|p1a: Ogerpon|[spread] p1a,p1b\n|-damage|p1a: Ogerpon|0 fnt\n|-damage|p1b: Gastrodon|58\/100\n|faint|p1a: Ogerpon\n|move|p1b: Gastrodon|Sludge Bomb|p2a: Cresselia\n|-damage|p2a: Cresselia|87\/100\n|-status|p2a: Cresselia|psn\n|\n|-weather|Snow|[upkeep]\n|-damage|p2a: Cresselia|75\/100 psn|[from] psn\n|upkeep\n|turn|8\n|\n|t:|1699196106\n|move|p2b: Flutter Mane|Dazzling Gleam|p1b: Gastrodon\n|-damage|p1b: Gastrodon|3\/100\n|move|p2a: Cresselia|Lunar Blessing|p2a: Cresselia|[spread] p2a,p2b\n|-heal|p2a: Cresselia|99\/100 psn\n|-curestatus|p2a: Cresselia|psn|[msg]\n|-heal|p2b: Flutter Mane|61\/100\n|move|p1b: Gastrodon|Sludge Bomb|p2b: Flutter Mane\n|-supereffective|p2b: Flutter Mane\n|-damage|p2b: Flutter Mane|6\/100\n|\n|-weather|none\n|upkeep\n|turn|9\n|\n|t:|1699196118\n|move|p2b: Flutter Mane|Dazzling Gleam|p1b: Gastrodon\n|-damage|p1b: Gastrodon|0 fnt\n|faint|p1b: Gastrodon\n|\n|win|RimuruTempest88\n|raw|LightBlade35's rating: 1189 &rarr; <strong>1156<\/strong><br \/>(-33 for losing)\n|raw|RimuruTempest88's rating: 1072 &rarr; <strong>1111<\/strong><br \/>(+39 for winning)\n|l|\u2606LightBlade35\n","uploadtime":1699196125,"views":7,"p1id":"lightblade35","p2id":"rimurutempest88","formatid":"gen9doublesou","rating":1111,"private":0,"password":""}