{"id":"gen9doublesou-1987166148","p1":"Lilac2","p2":"Ticomania","format":"[Gen 9] Doubles OU","log":"|j|\u2606Lilac2\n|j|\u2606Ticomania\n|t:|1699561610\n|gametype|doubles\n|player|p1|Lilac2|anabel|1000\n|player|p2|Ticomania|waiter-gen4|1049\n|teamsize|p1|6\n|teamsize|p2|6\n|gen|9\n|tier|[Gen 9] Doubles OU\n|rated|\n|rule|Species Clause: Limit one of each Pok\u00e9mon\n|rule|OHKO Clause: OHKO moves are banned\n|rule|Evasion Moves Clause: Evasion moves are banned\n|rule|Gravity Sleep Clause: The combination of sleep-inducing moves with imperfect accuracy and Gravity or Gigantamax Orbeetle are banned\n|rule|Endless Battle Clause: Forcing endless battles is banned\n|rule|HP Percentage Mod: HP is shown in percentages\n|clearpoke\n|poke|p1|Kingambit, F|\n|poke|p1|Toxapex, F|\n|poke|p1|Scizor, F|\n|poke|p1|Maushold-Four|\n|poke|p1|Infernape, F|\n|poke|p1|Lurantis, F|\n|poke|p2|Forretress, M|\n|poke|p2|Sneasler, F|\n|poke|p2|Regidrago|\n|poke|p2|Sinistcha|\n|poke|p2|Stonjourner, M|\n|poke|p2|Bombirdier, F|\n|teampreview\n|\n|t:|1699561620\n|start\n|switch|p1a: Toxapex|Toxapex, F, shiny|100\/100\n|switch|p1b: Lurantis|Lurantis, F, shiny|100\/100\n|switch|p2a: Forretress|Forretress, M, shiny|100\/100\n|switch|p2b: Sneasler|Sneasler, F, shiny|100\/100\n|turn|1\n|inactive|Battle timer is ON: inactive players will automatically lose when time's up. (requested by Lilac2)\n|\n|t:|1699561639\n|switch|p1b: Infernape|Infernape, F, shiny|100\/100\n|move|p2b: Sneasler|Dire Claw|p1b: Infernape\n|-damage|p1b: Infernape|33\/100\n|-status|p1b: Infernape|par\n|move|p2a: Forretress|Toxic Spikes|p1b: Infernape\n|-sidestart|p1: Lilac2|move: Toxic Spikes\n|move|p1a: Toxapex|Toxic Spikes|p2b: Sneasler\n|-sidestart|p2: Ticomania|move: Toxic Spikes\n|\n|upkeep\n|turn|2\n|\n|t:|1699561671\n|cant|p1b: Infernape|par\n|move|p2b: Sneasler|Dire Claw|p1b: Infernape\n|-damage|p1b: Infernape|0 fnt\n|faint|p1b: Infernape\n|move|p2a: Forretress|Rapid Spin|p1a: Toxapex\n|-damage|p1a: Toxapex|92\/100\n|-boost|p2a: Forretress|spe|1\n|-damage|p2a: Forretress|84\/100|[from] item: Rocky Helmet|[of] p1a: Toxapex\n|-sideend|p2: Ticomania|Toxic Spikes|[from] move: Rapid Spin|[of] p2a: Forretress\n|move|p1a: Toxapex|Ice Spinner|p2a: Forretress\n|-resisted|p2a: Forretress\n|-damage|p2a: Forretress|80\/100\n|-enditem|p2a: Forretress|Red Card|[of] p1a: Toxapex\n|drag|p1a: Scizor|Scizor, F, shiny|100\/100\n|\n|upkeep\n|inactive|Lilac2 has 120 seconds left.\n|\n|t:|1699561699\n|switch|p1b: Toxapex|Toxapex, F, shiny|92\/100\n|-sideend|p1: Lilac2|move: Toxic Spikes|[of] p1b: Toxapex\n|turn|3\n|inactive|Lilac2 has 120 seconds left.\n|-activate|p1a: Scizor|item: Quick Claw\n|\n|t:|1699561710\n|move|p2a: Forretress|Helping Hand|p2b: Sneasler\n|-singleturn|p2b: Sneasler|Helping Hand|[of] p2a: Forretress\n|move|p1a: Scizor|Aerial Ace|p2b: Sneasler\n|-supereffective|p2b: Sneasler\n|-damage|p2b: Sneasler|12\/100\n|move|p2b: Sneasler|Close Combat|p1a: Scizor\n|-damage|p1a: Scizor|0 fnt\n|-unboost|p2b: Sneasler|def|1\n|-unboost|p2b: Sneasler|spd|1\n|-enditem|p2b: Sneasler|White Herb\n|-clearnegativeboost|p2b: Sneasler|[silent]\n|faint|p1a: Scizor\n|move|p1b: Toxapex|Haze|p1b: Toxapex\n|-clearallboost\n|\n|upkeep\n|inactive|Lilac2 has 120 seconds left.\n|\n|t:|1699561728\n|switch|p1a: Lurantis|Lurantis, F, shiny|100\/100\n|turn|4\n|\n|t:|1699561742\n|move|p2b: Sneasler|Dire Claw|p1a: Lurantis\n|-supereffective|p1a: Lurantis\n|-damage|p1a: Lurantis|8\/100\n|-status|p1a: Lurantis|par\n|move|p2a: Forretress|Toxic Spikes|p1b: Toxapex\n|-sidestart|p1: Lilac2|move: Toxic Spikes\n|move|p1b: Toxapex|Ice Spinner|p2a: Forretress\n|-resisted|p2a: Forretress\n|-damage|p2a: Forretress|77\/100\n|move|p1a: Lurantis|Superpower|p2b: Sneasler\n|-resisted|p2b: Sneasler\n|-damage|p2b: Sneasler|0 fnt\n|-boost|p1a: Lurantis|atk|1\n|-boost|p1a: Lurantis|def|1\n|faint|p2b: Sneasler\n|\n|upkeep\n|\n|t:|1699561756\n|switch|p2b: Bombirdier|Bombirdier, F|100\/100\n|turn|5\n|\n|t:|1699561764\n|switch|p1a: Maushold|Maushold-Four, shiny|100\/100\n|-status|p1a: Maushold|psn\n|move|p1b: Toxapex|Baneful Bunker|p1b: Toxapex\n|-singleturn|p1b: Toxapex|move: Protect\n|move|p2b: Bombirdier|Tailwind|p2b: Bombirdier\n|-sidestart|p2: Ticomania|move: Tailwind\n|move|p2a: Forretress|Toxic Spikes|p1a: Maushold\n|-sidestart|p1: Lilac2|move: Toxic Spikes\n|\n|-damage|p1a: Maushold|88\/100 psn|[from] psn\n|upkeep\n|turn|6\n|\n|t:|1699561785\n|move|p2b: Bombirdier|Rock Slide|p1a: Maushold|[spread] p1a,p1b\n|-damage|p1a: Maushold|57\/100 psn\n|-damage|p1b: Toxapex|78\/100\n|cant|p1a: Maushold|flinch\n|move|p2a: Forretress|Stealth Rock|p1b: Toxapex\n|-sidestart|p1: Lilac2|move: Stealth Rock\n|move|p1b: Toxapex|Ice Spinner|p2b: Bombirdier\n|-supereffective|p2b: Bombirdier\n|-damage|p2b: Bombirdier|73\/100\n|\n|-damage|p1a: Maushold|44\/100 psn|[from] psn\n|upkeep\n|turn|7\n|inactive|Ticomania has 120 seconds left.\n|\n|t:|1699561824\n|switch|p2a: Regidrago|Regidrago|100\/100\n|move|p2b: Bombirdier|Rock Slide|p1a: Maushold|[spread] p1a,p1b\n|-damage|p1a: Maushold|14\/100 psn\n|-damage|p1b: Toxapex|61\/100\n|cant|p1a: Maushold|flinch\n|cant|p1b: Toxapex|flinch\n|\n|-damage|p1a: Maushold|2\/100 psn|[from] psn\n|upkeep\n|turn|8\n|\n|t:|1699561841\n|move|p2b: Bombirdier|Rock Slide|p1a: Maushold|[spread] p1a,p1b\n|-crit|p1a: Maushold\n|-damage|p1a: Maushold|0 fnt\n|-damage|p1b: Toxapex|45\/100\n|faint|p1a: Maushold\n|move|p2a: Regidrago|Dragon Energy|p1b: Toxapex\n|-damage|p1b: Toxapex|0 fnt\n|faint|p1b: Toxapex\n|\n|-sideend|p2: Ticomania|move: Tailwind\n|upkeep\n|\n|t:|1699561850\n|switch|p1a: Lurantis|Lurantis, F, shiny|8\/100 par\n|switch|p1b: Kingambit|Kingambit, F, shiny|100\/100\n|-damage|p1b: Kingambit|94\/100|[from] Stealth Rock\n|-activate|p1b: Kingambit|ability: Supreme Overlord\n|-start|p1b: Kingambit|fallen4|[silent]\n|-damage|p1a: Lurantis|0 fnt|[from] Stealth Rock\n|faint|p1a: Lurantis\n|turn|9\n|\n|t:|1699561870\n|-terastallize|p1b: Kingambit|Dark\n|move|p2b: Bombirdier|Rock Slide|p1b: Kingambit\n|-damage|p1b: Kingambit|75\/100\n|cant|p1b: Kingambit|flinch\n|move|p2a: Regidrago|Dragon Energy|p1b: Kingambit\n|-damage|p1b: Kingambit|0 fnt\n|faint|p1b: Kingambit\n|-end|p1b: Kingambit|fallen4|[silent]\n|\n|win|Ticomania\n|raw|Lilac2's rating: 1000 &rarr; <strong>1000<\/strong><br \/>(+0 for losing)\n|raw|Ticomania's rating: 1049 &rarr; <strong>1077<\/strong><br \/>(+28 for winning)\n|l|\u2606Lilac2\n","uploadtime":1699561888,"views":27,"p1id":"lilac2","p2id":"ticomania","formatid":"gen9doublesou","rating":1000,"private":0,"password":""}