{"id":"gen9doublesou-1970545186","p1":"test 99 ou","p2":"Tarifa Zero","format":"[Gen 9] Doubles OU","log":"|j|\u2606test 99 ou\n|j|\u2606Tarifa Zero\n|t:|1697647240\n|gametype|doubles\n|player|p1|test 99 ou|lady|1338\n|player|p2|Tarifa Zero|giovanni|1483\n|teamsize|p1|6\n|teamsize|p2|6\n|gen|9\n|tier|[Gen 9] Doubles OU\n|rated|\n|rule|Species Clause: Limit one of each Pok\u00e9mon\n|rule|OHKO Clause: OHKO moves are banned\n|rule|Evasion Moves Clause: Evasion moves are banned\n|rule|Gravity Sleep Clause: The combination of sleep-inducing moves with imperfect accuracy and Gravity or Gigantamax Orbeetle are banned\n|rule|Endless Battle Clause: Forcing endless battles is banned\n|rule|HP Percentage Mod: HP is shown in percentages\n|clearpoke\n|poke|p1|Ninetales-Alola, F|\n|poke|p1|Baxcalibur, F|\n|poke|p1|Iron Bundle|\n|poke|p1|Heatran, F|\n|poke|p1|Iron Hands|\n|poke|p1|Ogerpon-Wellspring, F|\n|poke|p2|Rillaboom, F|\n|poke|p2|Iron Hands|\n|poke|p2|Ninetales-Alola, M|\n|poke|p2|Iron Jugulis|\n|poke|p2|Garganacl, F|\n|poke|p2|Glimmora, M|\n|teampreview\n|\n|t:|1697647255\n|start\n|switch|p1a: Heatran|Heatran, F|100\/100\n|switch|p1b: Ninetales|Ninetales-Alola, F|100\/100\n|switch|p2a: Rillaboom|Rillaboom, F|100\/100\n|switch|p2b: Glimmora|Glimmora, M|100\/100\n|-weather|Snow|[from] ability: Snow Warning|[of] p1b: Ninetales\n|-fieldstart|move: Grassy Terrain|[from] ability: Grassy Surge|[of] p2a: Rillaboom\n|turn|1\n|\n|t:|1697647270\n|move|p2a: Rillaboom|Fake Out|p1a: Heatran\n|-resisted|p1a: Heatran\n|-damage|p1a: Heatran|94\/100\n|move|p1b: Ninetales|Aurora Veil|p1b: Ninetales\n|-sidestart|p1: test 99 ou|move: Aurora Veil\n|move|p2b: Glimmora|Sludge Bomb|p1b: Ninetales\n|-supereffective|p1b: Ninetales\n|-damage|p1b: Ninetales|36\/100\n|cant|p1a: Heatran|flinch\n|\n|-weather|Snow|[upkeep]\n|-heal|p1b: Ninetales|42\/100|[from] Grassy Terrain\n|-heal|p1a: Heatran|100\/100|[from] Grassy Terrain\n|upkeep\n|turn|2\n|\n|t:|1697647288\n|switch|p1b: Iron Hands|Iron Hands|100\/100\n|switch|p2a: Garganacl|Garganacl, F|100\/100\n|move|p2b: Glimmora|Sludge Bomb|p1b: Iron Hands\n|-damage|p1b: Iron Hands|81\/100\n|move|p1a: Heatran|Earth Power|p2b: Glimmora\n|-supereffective|p2b: Glimmora\n|-enditem|p2b: Glimmora|Focus Sash\n|-damage|p2b: Glimmora|1\/100\n|\n|-weather|Snow|[upkeep]\n|-heal|p2b: Glimmora|7\/100|[from] Grassy Terrain\n|-heal|p1b: Iron Hands|87\/100|[from] Grassy Terrain\n|upkeep\n|turn|3\n|\n|t:|1697647312\n|-terastallize|p2a: Garganacl|Ghost\n|move|p1b: Iron Hands|Fake Out|p2b: Glimmora\n|-resisted|p2b: Glimmora\n|-damage|p2b: Glimmora|0 fnt\n|-activate|p2b: Glimmora|ability: Toxic Debris\n|-sidestart|p1: test 99 ou|move: Toxic Spikes\n|faint|p2b: Glimmora\n|move|p1a: Heatran|Earth Power|p2a: Garganacl\n|-damage|p2a: Garganacl|75\/100\n|move|p2a: Garganacl|Salt Cure|p1a: Heatran\n|-damage|p1a: Heatran|93\/100\n|-start|p1a: Heatran|Salt Cure\n|\n|-weather|Snow|[upkeep]\n|-heal|p1a: Heatran|99\/100|[from] Grassy Terrain\n|-heal|p1b: Iron Hands|93\/100|[from] Grassy Terrain\n|-heal|p2a: Garganacl|81\/100|[from] Grassy Terrain\n|-heal|p2a: Garganacl|87\/100|[from] item: Leftovers\n|-damage|p1a: Heatran|74\/100|[from] Salt Cure\n|upkeep\n|\n|t:|1697647333\n|switch|p2b: Iron Hands|Iron Hands|100\/100\n|turn|4\n|\n|t:|1697647352\n|switch|p1a: Baxcalibur|Baxcalibur, F|100\/100\n|-status|p1a: Baxcalibur|psn\n|move|p1b: Iron Hands|Stomping Tantrum|p2b: Iron Hands\n|-supereffective|p2b: Iron Hands\n|-damage|p2b: Iron Hands|64\/100\n|move|p2b: Iron Hands|Drain Punch|p1a: Baxcalibur\n|-supereffective|p1a: Baxcalibur\n|-damage|p1a: Baxcalibur|66\/100 psn\n|-heal|p2b: Iron Hands|78\/100|[from] drain|[of] p1a: Baxcalibur\n|move|p2a: Garganacl|Salt Cure|p1b: Iron Hands\n|-resisted|p1b: Iron Hands\n|-damage|p1b: Iron Hands|90\/100\n|-start|p1b: Iron Hands|Salt Cure\n|\n|-weather|Snow|[upkeep]\n|-heal|p1a: Baxcalibur|72\/100 psn|[from] Grassy Terrain\n|-heal|p1b: Iron Hands|96\/100|[from] Grassy Terrain\n|-heal|p2b: Iron Hands|84\/100|[from] Grassy Terrain\n|-heal|p2a: Garganacl|93\/100|[from] Grassy Terrain\n|-heal|p2a: Garganacl|99\/100|[from] item: Leftovers\n|-damage|p1a: Baxcalibur|60\/100 psn|[from] psn\n|-damage|p1b: Iron Hands|84\/100|[from] Salt Cure\n|upkeep\n|turn|5\n|\n|t:|1697647385\n|move|p1a: Baxcalibur|Swords Dance|p1a: Baxcalibur\n|-boost|p1a: Baxcalibur|atk|2\n|move|p1b: Iron Hands|Stomping Tantrum|p2b: Iron Hands\n|-supereffective|p2b: Iron Hands\n|-damage|p2b: Iron Hands|52\/100\n|move|p2b: Iron Hands|Drain Punch|p1a: Baxcalibur\n|-supereffective|p1a: Baxcalibur\n|-damage|p1a: Baxcalibur|25\/100 psn\n|-heal|p2b: Iron Hands|65\/100|[from] drain|[of] p1a: Baxcalibur\n|move|p2a: Garganacl|Salt Cure|p1a: Baxcalibur\n|-supereffective|p1a: Baxcalibur\n|-damage|p1a: Baxcalibur|12\/100 psn\n|-start|p1a: Baxcalibur|Salt Cure\n|\n|-weather|none\n|-heal|p1a: Baxcalibur|18\/100 psn|[from] Grassy Terrain\n|-heal|p1b: Iron Hands|90\/100|[from] Grassy Terrain\n|-heal|p2b: Iron Hands|71\/100|[from] Grassy Terrain\n|-heal|p2a: Garganacl|100\/100|[from] Grassy Terrain\n|-damage|p1a: Baxcalibur|6\/100 psn|[from] psn\n|-damage|p1a: Baxcalibur|0 fnt|[from] Salt Cure\n|faint|p1a: Baxcalibur\n|-damage|p1b: Iron Hands|78\/100|[from] Salt Cure\n|-fieldend|move: Grassy Terrain\n|upkeep\n|\n|t:|1697647413\n|switch|p1a: Iron Bundle|Iron Bundle|100\/100\n|-status|p1a: Iron Bundle|psn\n|-enditem|p1a: Iron Bundle|Booster Energy\n|-activate|p1a: Iron Bundle|ability: Quark Drive|[fromitem]\n|-start|p1a: Iron Bundle|quarkdrivespe\n|turn|6\n|\n|t:|1697647428\n|-end|p1b: Iron Hands|Quark Drive|[silent]\n|switch|p1b: Heatran|Heatran, F|74\/100\n|-end|p2b: Iron Hands|Quark Drive|[silent]\n|switch|p2b: Rillaboom|Rillaboom, F|100\/100\n|-fieldstart|move: Grassy Terrain|[from] ability: Grassy Surge|[of] p2b: Rillaboom\n|move|p1a: Iron Bundle|Hydro Pump|p2b: Rillaboom\n|-resisted|p2b: Rillaboom\n|-damage|p2b: Rillaboom|77\/100\n|move|p2a: Garganacl|Salt Cure|p1a: Iron Bundle\n|-supereffective|p1a: Iron Bundle\n|-damage|p1a: Iron Bundle|78\/100 psn\n|-start|p1a: Iron Bundle|Salt Cure\n|\n|-heal|p1a: Iron Bundle|84\/100 psn|[from] Grassy Terrain\n|-heal|p2b: Rillaboom|83\/100|[from] Grassy Terrain\n|-heal|p1b: Heatran|80\/100|[from] Grassy Terrain\n|-damage|p1a: Iron Bundle|72\/100 psn|[from] psn\n|-damage|p1a: Iron Bundle|47\/100 psn|[from] Salt Cure\n|upkeep\n|turn|7\n|\n|t:|1697647450\n|-end|p1a: Iron Bundle|Quark Drive|[silent]\n|switch|p1a: Ogerpon|Ogerpon-Wellspring, F|100\/100\n|-status|p1a: Ogerpon|psn\n|move|p2b: Rillaboom|Grassy Glide|p1a: Ogerpon\n|-damage|p1a: Ogerpon|64\/100 psn\n|move|p1b: Heatran|Earth Power|p2a: Garganacl\n|-damage|p2a: Garganacl|72\/100\n|move|p2a: Garganacl|Salt Cure|p1b: Heatran\n|-damage|p1b: Heatran|73\/100\n|-start|p1b: Heatran|Salt Cure\n|\n|-heal|p1a: Ogerpon|70\/100 psn|[from] Grassy Terrain\n|-heal|p2b: Rillaboom|89\/100|[from] Grassy Terrain\n|-heal|p1b: Heatran|79\/100|[from] Grassy Terrain\n|-heal|p2a: Garganacl|78\/100|[from] Grassy Terrain\n|-heal|p2a: Garganacl|84\/100|[from] item: Leftovers\n|-damage|p1a: Ogerpon|57\/100 psn|[from] psn\n|-damage|p1b: Heatran|54\/100|[from] Salt Cure\n|upkeep\n|turn|8\n|c|\u2606test 99 ou|this garg is pissing me of\n|c|\u2606test 99 ou|fuck it man\n|c|\u2606Tarifa Zero|he's very annoying\n|n|!test 99 ou|test99ou\n|-message|test 99 ou forfeited.\n|\n|win|Tarifa Zero\n|raw|test 99 ou's rating: 1338 &rarr; <strong>1326<\/strong><br \/>(-12 for losing)\n|raw|Tarifa Zero's rating: 1483 &rarr; <strong>1495<\/strong><br \/>(+12 for winning)\n|l|!test 99 ou\n","uploadtime":1697647494,"views":18,"p1id":"test99ou","p2id":"tarifazero","formatid":"gen9doublesou","rating":1326,"private":0,"password":""}