{"id":"gen9doublesou-1998906765","p1":"lpnlpn","p2":"buddhist ameba","format":"[Gen 9] Doubles OU","log":"|j|\u2606lpnlpn\n|j|\u2606buddhist ameba\n|t:|1701011478\n|gametype|doubles\n|player|p1|lpnlpn|lusamine-nihilego|1476\n|player|p2|buddhist ameba|266|1702\n|teamsize|p1|6\n|teamsize|p2|6\n|gen|9\n|tier|[Gen 9] Doubles OU\n|rated|\n|rule|Species Clause: Limit one of each Pok\u00e9mon\n|rule|OHKO Clause: OHKO moves are banned\n|rule|Evasion Moves Clause: Evasion moves are banned\n|rule|Gravity Sleep Clause: The combination of sleep-inducing moves with imperfect accuracy and Gravity or Gigantamax Orbeetle are banned\n|rule|Endless Battle Clause: Forcing endless battles is banned\n|rule|HP Percentage Mod: HP is shown in percentages\n|clearpoke\n|poke|p1|Oranguru, F|\n|poke|p1|Torkoal, M|\n|poke|p1|Ursaluna-Bloodmoon, M|\n|poke|p1|Kingambit, M|\n|poke|p1|Crabominable, M|\n|poke|p1|Indeedee-F, F|\n|poke|p2|Rillaboom, M|\n|poke|p2|Iron Bundle|\n|poke|p2|Chi-Yu|\n|poke|p2|Diancie|\n|poke|p2|Ninetales-Alola, F|\n|poke|p2|Heatran, F|\n|teampreview\n|inactive|Battle timer is ON: inactive players will automatically lose when time's up. (requested by buddhist ameba)\n|inactive|buddhist ameba has 120 seconds left.\n|j| matoredto\n|inactive|lpnlpn has 120 seconds left.\n|\n|t:|1701011547\n|start\n|switch|p1a: Oranguru|Oranguru, F|100\/100\n|switch|p1b: Ursaluna|Ursaluna-Bloodmoon, M|100\/100\n|switch|p2a: Rillaboom|Rillaboom, M|100\/100\n|switch|p2b: Chi-Yu|Chi-Yu|100\/100\n|-ability|p2b: Chi-Yu|Beads of Ruin\n|-fieldstart|move: Grassy Terrain|[from] ability: Grassy Surge|[of] p2a: Rillaboom\n|turn|1\n|\n|t:|1701011571\n|-terastallize|p1b: Ursaluna|Ghost\n|move|p2a: Rillaboom|Fake Out|p1a: Oranguru\n|-damage|p1a: Oranguru|84\/100\n|move|p2b: Chi-Yu|Dark Pulse|p1a: Oranguru\n|-supereffective|p1a: Oranguru\n|-damage|p1a: Oranguru|0 fnt\n|faint|p1a: Oranguru\n|move|p1b: Ursaluna|Earth Power|p2b: Chi-Yu\n|-supereffective|p2b: Chi-Yu\n|-damage|p2b: Chi-Yu|0 fnt\n|faint|p2b: Chi-Yu\n|\n|upkeep\n|\n|t:|1701011598\n|switch|p2b: Diancie|Diancie|100\/100\n|switch|p1a: Indeedee|Indeedee-F, F|100\/100\n|-fieldstart|move: Psychic Terrain|[from] ability: Psychic Surge|[of] p1a: Indeedee\n|-enditem|p1a: Indeedee|Psychic Seed\n|-boost|p1a: Indeedee|spd|1|[from] item: Psychic Seed\n|turn|2\n|inactive|lpnlpn has 120 seconds left.\n|\n|t:|1701011632\n|-terastallize|p2b: Diancie|Grass\n|move|p2a: Rillaboom|Wood Hammer|p1a: Indeedee\n|-damage|p1a: Indeedee|6\/100\n|-damage|p2a: Rillaboom|74\/100|[from] Recoil\n|move|p1b: Ursaluna|Earth Power|p2b: Diancie\n|-resisted|p2b: Diancie\n|-damage|p2b: Diancie|79\/100\n|move|p1a: Indeedee|Trick Room|p1a: Indeedee\n|-fieldstart|move: Trick Room|[of] p1a: Indeedee\n|move|p2b: Diancie|Trick Room|p2b: Diancie\n|-fieldend|move: Trick Room\n|\n|upkeep\n|turn|3\n|inactive|lpnlpn has 120 seconds left.\n|inactive|buddhist ameba has 120 seconds left.\n|\n|t:|1701011686\n|move|p1a: Indeedee|Psyshock|p2b: Diancie\n|-damage|p2b: Diancie|52\/100\n|move|p2a: Rillaboom|Wood Hammer|p1a: Indeedee\n|-damage|p1a: Indeedee|0 fnt\n|faint|p1a: Indeedee\n|-damage|p2a: Rillaboom|72\/100|[from] Recoil\n|move|p1b: Ursaluna|Blood Moon|p2a: Rillaboom\n|-damage|p2a: Rillaboom|9\/100\n|move|p2b: Diancie|Diamond Storm|p1b: Ursaluna\n|-damage|p1b: Ursaluna|68\/100\n|\n|-heal|p1b: Ursaluna|74\/100|[from] item: Leftovers\n|upkeep\n|inactive|lpnlpn has 90 seconds left.\n|\n|t:|1701011711\n|switch|p1a: Torkoal|Torkoal, M|100\/100\n|-weather|SunnyDay|[from] ability: Drought|[of] p1a: Torkoal\n|turn|4\n|inactive|buddhist ameba has 120 seconds left.\n|\n|t:|1701011740\n|move|p2a: Rillaboom|Wood Hammer|p1b: Ursaluna\n|-damage|p1b: Ursaluna|26\/100\n|-damage|p2a: Rillaboom|0 fnt|[from] Recoil\n|faint|p2a: Rillaboom\n|move|p1b: Ursaluna|Calm Mind|p1b: Ursaluna\n|-boost|p1b: Ursaluna|spa|1\n|-boost|p1b: Ursaluna|spd|1\n|move|p2b: Diancie|Diamond Storm|p1a: Torkoal|[spread] p1a,p1b\n|-supereffective|p1a: Torkoal\n|-damage|p1a: Torkoal|50\/100\n|-damage|p1b: Ursaluna|0 fnt\n|-boost|p2b: Diancie|def|2\n|faint|p1b: Ursaluna\n|move|p1a: Torkoal|Heat Wave|p2b: Diancie\n|-supereffective|p2b: Diancie\n|-damage|p2b: Diancie|0 fnt\n|faint|p2b: Diancie\n|\n|-weather|SunnyDay|[upkeep]\n|upkeep\n|inactive|lpnlpn has 120 seconds left.\n|\n|t:|1701011761\n|switch|p2a: Ninetales|Ninetales-Alola, F|100\/100\n|switch|p1b: Crabominable|Crabominable, M|100\/100\n|switch|p2b: Heatran|Heatran, F|100\/100\n|-weather|Snow|[from] ability: Snow Warning|[of] p2a: Ninetales\n|turn|5\n|inactive|lpnlpn has 120 seconds left.\n|\n|t:|1701011781\n|move|p2a: Ninetales|Aurora Veil|p2a: Ninetales\n|-sidestart|p2: buddhist ameba|move: Aurora Veil\n|move|p2b: Heatran|Heat Wave|p1a: Torkoal|[spread] p1a,p1b\n|-resisted|p1a: Torkoal\n|-supereffective|p1b: Crabominable\n|-damage|p1a: Torkoal|23\/100\n|-damage|p1b: Crabominable|12\/100\n|move|p1b: Crabominable|Close Combat|p2a: Ninetales\n|-damage|p2a: Ninetales|36\/100\n|-unboost|p1b: Crabominable|def|1\n|-unboost|p1b: Crabominable|spd|1\n|-damage|p1b: Crabominable|2\/100|[from] item: Life Orb\n|move|p1a: Torkoal|Earth Power|p2b: Heatran\n|-supereffective|p2b: Heatran\n|-damage|p2b: Heatran|38\/100\n|-enditem|p2b: Heatran|Weakness Policy\n|-boost|p2b: Heatran|atk|2|[from] item: Weakness Policy\n|-boost|p2b: Heatran|spa|2|[from] item: Weakness Policy\n|\n|-weather|Snow|[upkeep]\n|upkeep\n|turn|6\n|\n|t:|1701011799\n|move|p1a: Torkoal|Protect|p1a: Torkoal\n|-singleturn|p1a: Torkoal|Protect\n|move|p2a: Ninetales|Blizzard|p1a: Torkoal|[spread] p1b\n|-activate|p1a: Torkoal|move: Protect\n|-resisted|p1b: Crabominable\n|-damage|p1b: Crabominable|0 fnt\n|faint|p1b: Crabominable\n|move|p2b: Heatran|Earth Power|p1a: Torkoal\n|-activate|p1a: Torkoal|move: Protect\n|\n|-weather|Snow|[upkeep]\n|-fieldend|move: Psychic Terrain\n|upkeep\n|\n|t:|1701011807\n|switch|p1b: Kingambit|Kingambit, M|100\/100\n|-activate|p1b: Kingambit|ability: Supreme Overlord\n|-start|p1b: Kingambit|fallen4|[silent]\n|turn|7\n|\n|t:|1701011821\n|move|p2b: Heatran|Protect|p2b: Heatran\n|-singleturn|p2b: Heatran|Protect\n|move|p1b: Kingambit|Sucker Punch||[still]\n|-fail|p1b: Kingambit\n|move|p2a: Ninetales|Blizzard|p1b: Kingambit|[spread] p1a,p1b\n|-resisted|p1a: Torkoal\n|-resisted|p1b: Kingambit\n|-damage|p1a: Torkoal|2\/100\n|-damage|p1b: Kingambit|85\/100\n|move|p1a: Torkoal|Heat Wave|p2a: Ninetales|[spread] p2a\n|-activate|p2b: Heatran|move: Protect\n|-supereffective|p2a: Ninetales\n|-damage|p2a: Ninetales|0 fnt\n|faint|p2a: Ninetales\n|\n|-weather|Snow|[upkeep]\n|upkeep\n|\n|t:|1701011828\n|switch|p2a: Iron Bundle|Iron Bundle|100\/100\n|-enditem|p2a: Iron Bundle|Booster Energy\n|-activate|p2a: Iron Bundle|ability: Quark Drive|[fromitem]\n|-start|p2a: Iron Bundle|quarkdrivespe\n|turn|8\n|\n|t:|1701011857\n|move|p1b: Kingambit|Sucker Punch|p2b: Heatran\n|-damage|p2b: Heatran|0 fnt\n|faint|p2b: Heatran\n|-damage|p1b: Kingambit|75\/100|[from] item: Life Orb\n|move|p2a: Iron Bundle|Hydro Pump|p1b: Kingambit\n|-damage|p1b: Kingambit|17\/100\n|move|p1a: Torkoal|Heat Wave|p2a: Iron Bundle\n|-damage|p2a: Iron Bundle|36\/100\n|\n|-weather|Snow|[upkeep]\n|upkeep\n|turn|9\n|c|\u2606buddhist ameba|gg\n|\n|t:|1701011883\n|move|p1b: Kingambit|Sucker Punch|p2a: Iron Bundle\n|-damage|p2a: Iron Bundle|0 fnt\n|faint|p2a: Iron Bundle\n|-end|p2a: Iron Bundle|Quark Drive|[silent]\n|-damage|p1b: Kingambit|7\/100|[from] item: Life Orb\n|\n|win|lpnlpn\n|raw|lpnlpn's rating: 1476 &rarr; <strong>1507<\/strong><br \/>(+31 for winning)\n|raw|buddhist ameba's rating: 1702 &rarr; <strong>1671<\/strong><br \/>(-31 for losing)\n|l|\u2606buddhist ameba\n|l|\u2606lpnlpn\n|l| matoredto\n|j|\u2606buddhist ameba\n|player|p2|buddhist ameba|266\n","uploadtime":1701011939,"views":6,"p1id":"lpnlpn","p2id":"buddhistameba","formatid":"gen9doublesou","rating":1507,"private":0,"password":""}