{"id":"gen9doublesou-1978585472","p1":"Wonka-Mon","p2":"Thehombre","format":"[Gen 9] Doubles OU","log":"|j|\u2606Wonka-Mon\n|j|\u2606Thehombre\n|t:|1698560885\n|gametype|doubles\n|player|p1|Wonka-Mon|266|1221\n|player|p2|Thehombre|102|1098\n|teamsize|p1|6\n|teamsize|p2|6\n|gen|9\n|tier|[Gen 9] Doubles OU\n|rated|\n|rule|Species Clause: Limit one of each Pok\u00e9mon\n|rule|OHKO Clause: OHKO moves are banned\n|rule|Evasion Moves Clause: Evasion moves are banned\n|rule|Gravity Sleep Clause: The combination of sleep-inducing moves with imperfect accuracy and Gravity or Gigantamax Orbeetle are banned\n|rule|Endless Battle Clause: Forcing endless battles is banned\n|rule|HP Percentage Mod: HP is shown in percentages\n|clearpoke\n|poke|p1|Kingambit, M|\n|poke|p1|Lurantis, M|\n|poke|p1|Wugtrio, F|\n|poke|p1|Grimmsnarl, M|\n|poke|p1|Lilligant-Hisui, F|\n|poke|p1|Torkoal, M|\n|poke|p2|Maushold-Four|\n|poke|p2|Sableye, M|\n|poke|p2|Sinistcha-Masterpiece|\n|poke|p2|Garganacl, F|\n|poke|p2|Clefairy, M|\n|poke|p2|Dusclops, F|\n|teampreview\n|inactive|Battle timer is ON: inactive players will automatically lose when time's up. (requested by Thehombre)\n|\n|t:|1698560898\n|start\n|switch|p1a: Lurantis|Lurantis, M|100\/100\n|switch|p1b: Wugtrio|Wugtrio, F|100\/100\n|switch|p2a: Maushold|Maushold-Four|100\/100\n|switch|p2b: Sableye|Sableye, M|100\/100\n|turn|1\n|\n|t:|1698560916\n|move|p2b: Sableye|Gravity|p2b: Sableye\n|-fieldstart|move: Gravity\n|move|p1b: Wugtrio|Bulldoze|p2a: Maushold|[spread] p1a,p2a,p2b\n|-resisted|p1a: Lurantis\n|-damage|p1a: Lurantis|94\/100\n|-damage|p2a: Maushold|81\/100\n|-damage|p2b: Sableye|83\/100\n|-boost|p1a: Lurantis|spe|1\n|-unboost|p2a: Maushold|spe|1\n|-unboost|p2b: Sableye|spe|1\n|move|p2a: Maushold|Population Bomb|p1b: Wugtrio\n|-damage|p1b: Wugtrio|64\/100\n|-ability|p1b: Wugtrio|Gooey\n|-unboost|p2a: Maushold|spe|1\n|-damage|p1b: Wugtrio|27\/100\n|-ability|p1b: Wugtrio|Gooey\n|-unboost|p2a: Maushold|spe|1\n|-damage|p1b: Wugtrio|0 fnt\n|-ability|p1b: Wugtrio|Gooey\n|-unboost|p2a: Maushold|spe|1\n|faint|p1b: Wugtrio\n|-hitcount|p1: Wugtrio|3\n|move|p1a: Lurantis|Superpower|p2a: Maushold\n|-supereffective|p2a: Maushold\n|-damage|p2a: Maushold|0 fnt\n|-boost|p1a: Lurantis|atk|1\n|-boost|p1a: Lurantis|def|1\n|faint|p2a: Maushold\n|\n|-heal|p2b: Sableye|89\/100|[from] item: Leftovers\n|upkeep\n|inactive|Wonka-Mon has 120 seconds left.\n|\n|t:|1698560964\n|switch|p1b: Grimmsnarl|Grimmsnarl, M|100\/100\n|switch|p2a: Sinistcha|Sinistcha-Masterpiece|100\/100\n|turn|2\n|inactive|Wonka-Mon has 120 seconds left.\n|\n|t:|1698560995\n|move|p1b: Grimmsnarl|Light Screen|p1b: Grimmsnarl\n|-sidestart|p1: Wonka-Mon|move: Light Screen\n|move|p2b: Sableye|Will-O-Wisp|p1a: Lurantis\n|-status|p1a: Lurantis|brn\n|move|p2a: Sinistcha|Iron Defense|p2a: Sinistcha\n|-boost|p2a: Sinistcha|def|2\n|move|p1a: Lurantis|Leech Life|p2a: Sinistcha\n|-damage|p2a: Sinistcha|91\/100\n|-heal|p1a: Lurantis|98\/100 brn|[from] drain|[of] p2a: Sinistcha\n|\n|-heal|p2a: Sinistcha|97\/100|[from] item: Leftovers\n|-heal|p2b: Sableye|95\/100|[from] item: Leftovers\n|-damage|p1a: Lurantis|92\/100 brn|[from] brn\n|upkeep\n|turn|3\n|inactive|Wonka-Mon has 120 seconds left.\n|\n|t:|1698561016\n|switch|p1a: Torkoal|Torkoal, M|100\/100\n|-weather|SunnyDay|[from] ability: Drought|[of] p1a: Torkoal\n|move|p1b: Grimmsnarl|Reflect|p1b: Grimmsnarl\n|-sidestart|p1: Wonka-Mon|Reflect\n|move|p2a: Sinistcha|Calm Mind|p2a: Sinistcha\n|-boost|p2a: Sinistcha|spa|1\n|-boost|p2a: Sinistcha|spd|1\n|move|p2b: Sableye|Foul Play|p1a: Torkoal\n|-damage|p1a: Torkoal|89\/100\n|\n|-weather|SunnyDay|[upkeep]\n|-heal|p2a: Sinistcha|100\/100|[from] item: Leftovers\n|-heal|p2b: Sableye|100\/100|[from] item: Leftovers\n|upkeep\n|turn|4\n|inactive|Wonka-Mon has 120 seconds left.\n|\n|t:|1698561042\n|move|p1b: Grimmsnarl|Parting Shot|p2a: Sinistcha\n|-unboost|p2a: Sinistcha|atk|1\n|-unboost|p2a: Sinistcha|spa|1\n|\n|t:|1698561047\n|switch|p1b: Lilligant|Lilligant-Hisui, F|100\/100|[from] Parting Shot\n|move|p2a: Sinistcha|Shadow Ball|p1a: Torkoal\n|-damage|p1a: Torkoal|52\/100\n|move|p2b: Sableye|Foul Play|p1a: Torkoal\n|-damage|p1a: Torkoal|41\/100\n|-enditem|p1a: Torkoal|Sitrus Berry|[eat]\n|-heal|p1a: Torkoal|66\/100|[from] item: Sitrus Berry\n|move|p1a: Torkoal|Clear Smog|p2a: Sinistcha\n|-damage|p2a: Sinistcha|90\/100\n|-clearboost|p2a: Sinistcha\n|\n|-weather|SunnyDay|[upkeep]\n|-heal|p2a: Sinistcha|96\/100|[from] item: Leftovers\n|upkeep\n|turn|5\n|inactive|Wonka-Mon has 120 seconds left.\n|\n|t:|1698561075\n|move|p2b: Sableye|Will-O-Wisp|p1b: Lilligant\n|-status|p1b: Lilligant|brn\n|move|p1b: Lilligant|Victory Dance|p1b: Lilligant\n|-boost|p1b: Lilligant|atk|1\n|-boost|p1b: Lilligant|def|1\n|-boost|p1b: Lilligant|spe|1\n|move|p2a: Sinistcha|Shadow Ball|p1a: Torkoal\n|-damage|p1a: Torkoal|28\/100\n|move|p1a: Torkoal|Weather Ball|p2a: Sinistcha\n|-supereffective|p2a: Sinistcha\n|-damage|p2a: Sinistcha|26\/100\n|\n|-weather|SunnyDay|[upkeep]\n|-heal|p2a: Sinistcha|32\/100|[from] item: Leftovers\n|-damage|p1b: Lilligant|94\/100 brn|[from] brn\n|-fieldend|move: Gravity\n|upkeep\n|turn|6\n|inactive|Wonka-Mon has 120 seconds left.\n|\n|t:|1698561099\n|move|p1b: Lilligant|Solar Blade||[still]\n|-prepare|p1b: Lilligant|Solar Blade\n|-anim|p1b: Lilligant|Solar Blade|p2b: Sableye\n|-damage|p2b: Sableye|30\/100\n|move|p2a: Sinistcha|Shadow Ball|p1a: Torkoal\n|-damage|p1a: Torkoal|0 fnt\n|faint|p1a: Torkoal\n|move|p2b: Sableye|Foul Play|p1b: Lilligant\n|-resisted|p1b: Lilligant\n|-damage|p1b: Lilligant|71\/100 brn\n|\n|-weather|SunnyDay|[upkeep]\n|-heal|p2a: Sinistcha|38\/100|[from] item: Leftovers\n|-heal|p2b: Sableye|36\/100|[from] item: Leftovers\n|-damage|p1b: Lilligant|65\/100 brn|[from] brn\n|upkeep\n|inactive|Wonka-Mon has 120 seconds left.\n|\n|t:|1698561114\n|switch|p1a: Lurantis|Lurantis, M|92\/100 brn\n|turn|7\n|\n|t:|1698561129\n|switch|p2b: Dusclops|Dusclops, F|100\/100\n|-ability|p2b: Dusclops|Pressure\n|move|p1b: Lilligant|Ice Spinner|p2a: Sinistcha\n|-supereffective|p2a: Sinistcha\n|-damage|p2a: Sinistcha|0 fnt\n|faint|p2a: Sinistcha\n|move|p1a: Lurantis|Solar Blade||[still]\n|-prepare|p1a: Lurantis|Solar Blade\n|-anim|p1a: Lurantis|Solar Blade|p2b: Dusclops\n|-damage|p2b: Dusclops|79\/100\n|\n|-weather|none\n|-damage|p1b: Lilligant|59\/100 brn|[from] brn\n|-damage|p1a: Lurantis|86\/100 brn|[from] brn\n|upkeep\n|\n|t:|1698561135\n|switch|p2a: Garganacl|Garganacl, F|100\/100\n|turn|8\n|\n|t:|1698561146\n|move|p1b: Lilligant|Close Combat|p2a: Garganacl\n|-supereffective|p2a: Garganacl\n|-damage|p2a: Garganacl|58\/100\n|-unboost|p1b: Lilligant|def|1\n|-unboost|p1b: Lilligant|spd|1\n|move|p1a: Lurantis|Superpower|p2a: Garganacl\n|-supereffective|p2a: Garganacl\n|-damage|p2a: Garganacl|37\/100\n|-boost|p1a: Lurantis|atk|1\n|-boost|p1a: Lurantis|def|1\n|move|p2a: Garganacl|Salt Cure|p1a: Lurantis\n|-crit|p1a: Lurantis\n|-damage|p1a: Lurantis|64\/100 brn\n|-start|p1a: Lurantis|Salt Cure\n|move|p2b: Dusclops|Poltergeist|p1b: Lilligant\n|-activate|p1b: Lilligant|move: Poltergeist|Coba Berry\n|-damage|p1b: Lilligant|31\/100 brn\n|\n|-heal|p2a: Garganacl|44\/100|[from] item: Leftovers\n|-damage|p1b: Lilligant|25\/100 brn|[from] brn\n|-damage|p1a: Lurantis|58\/100 brn|[from] brn\n|-damage|p1a: Lurantis|46\/100 brn|[from] Salt Cure\n|upkeep\n|turn|9\n|\n|t:|1698561167\n|move|p2a: Garganacl|Protect|p2a: Garganacl\n|-singleturn|p2a: Garganacl|Protect\n|move|p1b: Lilligant|Victory Dance|p1b: Lilligant\n|-boost|p1b: Lilligant|atk|1\n|-boost|p1b: Lilligant|def|1\n|-boost|p1b: Lilligant|spe|1\n|move|p1a: Lurantis|Superpower|p2a: Garganacl\n|-activate|p2a: Garganacl|move: Protect\n|move|p2b: Dusclops|Poltergeist|p1a: Lurantis\n|-activate|p1a: Lurantis|move: Poltergeist|Assault Vest\n|-damage|p1a: Lurantis|31\/100 brn\n|\n|-heal|p2a: Garganacl|50\/100|[from] item: Leftovers\n|-damage|p1b: Lilligant|19\/100 brn|[from] brn\n|-damage|p1a: Lurantis|25\/100 brn|[from] brn\n|-damage|p1a: Lurantis|13\/100 brn|[from] Salt Cure\n|-sideend|p1: Wonka-Mon|move: Light Screen\n|upkeep\n|turn|10\n|\n|t:|1698561185\n|switch|p2a: Sableye|Sableye, M|36\/100\n|move|p1b: Lilligant|Ice Spinner|p2b: Dusclops\n|-damage|p2b: Dusclops|64\/100\n|move|p1a: Lurantis|Superpower|p2a: Sableye\n|-immune|p2a: Sableye\n|move|p2b: Dusclops|Poltergeist|p1b: Lilligant\n|-activate|p1b: Lilligant|move: Poltergeist|Coba Berry\n|-damage|p1b: Lilligant|0 fnt\n|faint|p1b: Lilligant\n|\n|-heal|p2a: Sableye|42\/100|[from] item: Leftovers\n|-damage|p1a: Lurantis|7\/100 brn|[from] brn\n|-damage|p1a: Lurantis|0 fnt|[from] Salt Cure\n|faint|p1a: Lurantis\n|-sideend|p1: Wonka-Mon|Reflect\n|upkeep\n|\n|t:|1698561192\n|switch|p1b: Grimmsnarl|Grimmsnarl, M|100\/100\n|switch|p1a: Kingambit|Kingambit, M|100\/100\n|-activate|p1a: Kingambit|ability: Supreme Overlord\n|-start|p1a: Kingambit|fallen4|[silent]\n|turn|11\n|\n|t:|1698561213\n|move|p1b: Grimmsnarl|Reflect|p1b: Grimmsnarl\n|-sidestart|p1: Wonka-Mon|Reflect\n|move|p2a: Sableye|Foul Play|p1a: Kingambit\n|-resisted|p1a: Kingambit\n|-damage|p1a: Kingambit|88\/100\n|move|p1a: Kingambit|Kowtow Cleave|p2a: Sableye\n|-damage|p2a: Sableye|0 fnt\n|faint|p2a: Sableye\n|move|p2b: Dusclops|Will-O-Wisp|p1a: Kingambit\n|-status|p1a: Kingambit|brn\n|\n|-heal|p1a: Kingambit|94\/100 brn|[from] item: Leftovers\n|-damage|p1a: Kingambit|88\/100 brn|[from] brn\n|upkeep\n|\n|t:|1698561224\n|switch|p2a: Garganacl|Garganacl, F|50\/100\n|turn|12\n|\n|t:|1698561237\n|move|p1b: Grimmsnarl|Parting Shot|p2b: Dusclops\n|-unboost|p2b: Dusclops|atk|1\n|-unboost|p2b: Dusclops|spa|1\n|move|p1a: Kingambit|Swords Dance|p1a: Kingambit\n|-boost|p1a: Kingambit|atk|2\n|move|p2a: Garganacl|Salt Cure|p1a: Kingambit\n|-resisted|p1a: Kingambit\n|-damage|p1a: Kingambit|84\/100 brn\n|-start|p1a: Kingambit|Salt Cure\n|move|p2b: Dusclops|Will-O-Wisp|p1b: Grimmsnarl\n|-status|p1b: Grimmsnarl|brn\n|\n|-heal|p1a: Kingambit|91\/100 brn|[from] item: Leftovers\n|-heal|p2a: Garganacl|56\/100|[from] item: Leftovers\n|-damage|p1b: Grimmsnarl|94\/100 brn|[from] brn\n|-damage|p1a: Kingambit|84\/100 brn|[from] brn\n|-damage|p1a: Kingambit|59\/100 brn|[from] Salt Cure\n|upkeep\n|turn|13\n|\n|t:|1698561258\n|switch|p2b: Clefairy|Clefairy, M|100\/100\n|move|p1b: Grimmsnarl|Light Screen|p1b: Grimmsnarl\n|-sidestart|p1: Wonka-Mon|move: Light Screen\n|move|p1a: Kingambit|Kowtow Cleave|p2b: Clefairy\n|-resisted|p2b: Clefairy\n|-damage|p2b: Clefairy|62\/100\n|move|p2a: Garganacl|Body Press|p1a: Kingambit\n|-supereffective|p1a: Kingambit\n|-damage|p1a: Kingambit|0 fnt\n|faint|p1a: Kingambit\n|-end|p1a: Kingambit|fallen4|[silent]\n|\n|-heal|p2a: Garganacl|62\/100|[from] item: Leftovers\n|-damage|p1b: Grimmsnarl|88\/100 brn|[from] brn\n|upkeep\n|turn|14\n|-message|Wonka-Mon forfeited.\n|\n|win|Thehombre\n|raw|Wonka-Mon's rating: 1246 &rarr; <strong>1211<\/strong><br \/>(-35 for losing)\n|raw|Thehombre's rating: 1098 &rarr; <strong>1133<\/strong><br \/>(+35 for winning)\n|l|\u2606Wonka-Mon\n","uploadtime":1698561274,"views":21,"p1id":"wonkamon","p2id":"thehombre","formatid":"gen9doublesou","rating":1133,"private":0,"password":""}