{"id":"gen9doublesou-1977448558","p1":"Shellfire214K","p2":"Rainydayrobber521","format":"[Gen 9] Doubles OU","log":"|j|\u2606Shellfire214K\n|j|\u2606Rainydayrobber521\n|t:|1698417981\n|gametype|doubles\n|player|p1|Shellfire214K|hilda-masters|1313\n|player|p2|Rainydayrobber521|burglar|1324\n|teamsize|p1|6\n|teamsize|p2|6\n|gen|9\n|tier|[Gen 9] Doubles OU\n|rated|\n|rule|Species Clause: Limit one of each Pok\u00e9mon\n|rule|OHKO Clause: OHKO moves are banned\n|rule|Evasion Moves Clause: Evasion moves are banned\n|rule|Gravity Sleep Clause: The combination of sleep-inducing moves with imperfect accuracy and Gravity or Gigantamax Orbeetle are banned\n|rule|Endless Battle Clause: Forcing endless battles is banned\n|rule|HP Percentage Mod: HP is shown in percentages\n|clearpoke\n|poke|p1|Torkoal, M|\n|poke|p1|Walking Wake|\n|poke|p1|Flutter Mane|\n|poke|p1|Chi-Yu|\n|poke|p1|Roaring Moon|\n|poke|p1|Great Tusk|\n|poke|p2|Grimmsnarl, M|\n|poke|p2|Farigiraf, F|\n|poke|p2|Ursaluna, F|\n|poke|p2|Basculegion-F, F|\n|poke|p2|Torkoal, F|\n|poke|p2|Garganacl, M|\n|teampreview\n|\n|t:|1698417999\n|start\n|switch|p1a: Torkringe|Torkoal, M|100\/100\n|switch|p1b: Walking Wack|Walking Wake|100\/100\n|switch|p2a: Bartender|Grimmsnarl, M, shiny|100\/100\n|switch|p2b: Sous chef|Farigiraf, F|100\/100\n|-weather|SunnyDay|[from] ability: Drought|[of] p1a: Torkringe\n|-activate|p1b: Walking Wack|ability: Protosynthesis\n|-start|p1b: Walking Wack|protosynthesisspe\n|turn|1\n|\n|t:|1698418011\n|move|p2a: Bartender|Fake Out|p1b: Walking Wack\n|-damage|p1b: Walking Wack|85\/100\n|cant|p1b: Walking Wack|flinch\n|move|p2b: Sous chef|Hyper Voice|p1b: Walking Wack|[spread] p1a,p1b\n|-crit|p1b: Walking Wack\n|-damage|p1a: Torkringe|56\/100\n|-damage|p1b: Walking Wack|26\/100\n|-enditem|p2b: Sous chef|Throat Spray\n|-boost|p2b: Sous chef|spa|1|[from] item: Throat Spray\n|move|p1a: Torkringe|Eruption|p2b: Sous chef|[spread] p2a,p2b\n|-damage|p2a: Bartender|55\/100\n|-damage|p2b: Sous chef|57\/100\n|\n|-weather|SunnyDay|[upkeep]\n|upkeep\n|turn|2\n|\n|t:|1698418030\n|move|p2a: Bartender|Light Screen|p2a: Bartender\n|-sidestart|p2: Rainydayrobber521|move: Light Screen\n|move|p1b: Walking Wack|Hydro Steam|p2b: Sous chef\n|-damage|p2b: Sous chef|2\/100\n|-damage|p1b: Walking Wack|17\/100|[from] item: Life Orb\n|move|p2b: Sous chef|Hyper Voice|p1b: Walking Wack|[spread] p1a,p1b\n|-damage|p1a: Torkringe|0 fnt\n|-damage|p1b: Walking Wack|0 fnt\n|faint|p1a: Torkringe\n|faint|p1b: Walking Wack\n|-end|p1b: Walking Wack|Protosynthesis|[silent]\n|\n|-weather|SunnyDay|[upkeep]\n|upkeep\n|\n|t:|1698418037\n|switch|p1b: Cheeze-Yu|Chi-Yu|100\/100\n|switch|p1a: Gutter Mane|Flutter Mane|100\/100\n|-ability|p1b: Cheeze-Yu|Beads of Ruin\n|-activate|p1a: Gutter Mane|ability: Protosynthesis\n|-start|p1a: Gutter Mane|protosynthesisspe\n|turn|3\n|\n|t:|1698418057\n|move|p2a: Bartender|Parting Shot|p1a: Gutter Mane\n|-unboost|p1a: Gutter Mane|atk|1\n|-unboost|p1a: Gutter Mane|spa|1\n|\n|t:|1698418064\n|switch|p2a: Garganacl|Garganacl, M|100\/100|[from] Parting Shot\n|move|p1a: Gutter Mane|Dazzling Gleam|p2b: Sous chef|[spread] p2a,p2b\n|-damage|p2a: Garganacl|80\/100\n|-damage|p2b: Sous chef|0 fnt\n|faint|p2b: Sous chef\n|-damage|p1a: Gutter Mane|91\/100|[from] item: Life Orb\n|move|p1b: Cheeze-Yu|Snarl|p2a: Garganacl\n|-damage|p2a: Garganacl|55\/100\n|-unboost|p2a: Garganacl|spa|1\n|\n|-weather|SunnyDay|[upkeep]\n|-heal|p2a: Garganacl|62\/100|[from] item: Leftovers\n|upkeep\n|\n|t:|1698418079\n|switch|p2b: Torkoal|Torkoal, F|100\/100\n|turn|4\n|\n|t:|1698418091\n|-end|p1a: Gutter Mane|Protosynthesis|[silent]\n|switch|p1a: Great Tusk|Great Tusk|100\/100\n|-activate|p1a: Great Tusk|ability: Protosynthesis\n|-start|p1a: Great Tusk|protosynthesisatk\n|move|p1b: Cheeze-Yu|Snarl|p2b: Torkoal|[spread] p2a,p2b\n|-damage|p2a: Garganacl|44\/100\n|-damage|p2b: Torkoal|73\/100\n|-unboost|p2a: Garganacl|spa|1\n|-unboost|p2b: Torkoal|spa|1\n|move|p2a: Garganacl|Salt Cure|p1b: Cheeze-Yu\n|-supereffective|p1b: Cheeze-Yu\n|-damage|p1b: Cheeze-Yu|54\/100\n|-start|p1b: Cheeze-Yu|Salt Cure\n|move|p2b: Torkoal|Earth Power|p1b: Cheeze-Yu\n|-supereffective|p1b: Cheeze-Yu\n|-damage|p1b: Cheeze-Yu|12\/100\n|\n|-weather|SunnyDay|[upkeep]\n|-heal|p2a: Garganacl|50\/100|[from] item: Leftovers\n|-damage|p1b: Cheeze-Yu|0 fnt|[from] Salt Cure\n|faint|p1b: Cheeze-Yu\n|upkeep\n|\n|t:|1698418102\n|switch|p1b: Snoring Moon|Roaring Moon|100\/100\n|-activate|p1b: Snoring Moon|ability: Protosynthesis\n|-start|p1b: Snoring Moon|protosynthesisatk\n|turn|5\n|\n|t:|1698418138\n|-terastallize|p1b: Snoring Moon|Steel\n|move|p2a: Garganacl|Protect|p2a: Garganacl\n|-singleturn|p2a: Garganacl|Protect\n|move|p1b: Snoring Moon|Iron Head|p2a: Garganacl\n|-activate|p2a: Garganacl|move: Protect\n|move|p1a: Great Tusk|Headlong Rush|p2b: Torkoal\n|-supereffective|p2b: Torkoal\n|-damage|p2b: Torkoal|0 fnt\n|-unboost|p1a: Great Tusk|def|1\n|-unboost|p1a: Great Tusk|spd|1\n|faint|p2b: Torkoal\n|\n|-weather|SunnyDay|[upkeep]\n|-heal|p2a: Garganacl|56\/100|[from] item: Leftovers\n|upkeep\n|\n|t:|1698418153\n|switch|p2b: Plungier|Ursaluna, F|100\/100\n|turn|6\n|\n|t:|1698418165\n|move|p1b: Snoring Moon|Iron Head|p2a: Garganacl\n|-supereffective|p2a: Garganacl\n|-damage|p2a: Garganacl|1\/100\n|move|p1a: Great Tusk|Close Combat|p2b: Plungier\n|-supereffective|p2b: Plungier\n|-damage|p2b: Plungier|19\/100\n|-unboost|p1a: Great Tusk|def|1\n|-unboost|p1a: Great Tusk|spd|1\n|move|p2b: Plungier|Earthquake|p1b: Snoring Moon|[spread] p2a,p1a,p1b\n|-supereffective|p2a: Garganacl\n|-supereffective|p1b: Snoring Moon\n|-damage|p2a: Garganacl|0 fnt\n|-damage|p1a: Great Tusk|48\/100\n|-damage|p1b: Snoring Moon|8\/100\n|faint|p2a: Garganacl\n|\n|-weather|SunnyDay|[upkeep]\n|-sideend|p2: Rainydayrobber521|move: Light Screen\n|-status|p2b: Plungier|brn|[from] item: Flame Orb\n|upkeep\n|\n|t:|1698418185\n|switch|p2a: Bartender|Grimmsnarl, M, shiny|55\/100\n|turn|7\n|\n|t:|1698418197\n|move|p2a: Bartender|Fake Out|p1b: Snoring Moon\n|-resisted|p1b: Snoring Moon\n|-damage|p1b: Snoring Moon|0 fnt\n|faint|p1b: Snoring Moon\n|-end|p1b: Snoring Moon|Protosynthesis|[silent]\n|move|p1a: Great Tusk|Knock Off|p2b: Plungier\n|-damage|p2b: Plungier|0 fnt\n|-enditem|p2b: Plungier|Flame Orb|[from] move: Knock Off|[of] p1a: Great Tusk\n|faint|p2b: Plungier\n|\n|-weather|SunnyDay|[upkeep]\n|upkeep\n|\n|t:|1698418208\n|switch|p1b: Gutter Mane|Flutter Mane|91\/100\n|switch|p2b: Basculegion|Basculegion-F, F|100\/100\n|-activate|p1b: Gutter Mane|ability: Protosynthesis\n|-start|p1b: Gutter Mane|protosynthesisspe\n|turn|8\n|c|\u2606Rainydayrobber521|Close game\n|c|\u2606Shellfire214K|truly\n|\n|t:|1698418272\n|-terastallize|p2b: Basculegion|Ghost\n|move|p1b: Gutter Mane|Moonblast|p2a: Bartender\n|-supereffective|p2a: Bartender\n|-damage|p2a: Bartender|0 fnt\n|faint|p2a: Bartender\n|-damage|p1b: Gutter Mane|81\/100|[from] item: Life Orb\n|move|p2b: Basculegion|Last Respects|p1b: Gutter Mane\n|-supereffective|p1b: Gutter Mane\n|-damage|p1b: Gutter Mane|0 fnt\n|faint|p1b: Gutter Mane\n|-end|p1b: Gutter Mane|Protosynthesis|[silent]\n|move|p1a: Great Tusk|Knock Off|p2b: Basculegion\n|-supereffective|p2b: Basculegion\n|-damage|p2b: Basculegion|1\/100\n|-enditem|p2b: Basculegion|Choice Scarf|[from] move: Knock Off|[of] p1a: Great Tusk\n|\n|-weather|none\n|-end|p1a: Great Tusk|Protosynthesis\n|upkeep\n|turn|9\n|c|\u2606Rainydayrobber521|Gg man\n|c|\u2606Shellfire214K|ggs\n|c|\u2606Rainydayrobber521|one for the books\n|\n|t:|1698418302\n|move|p1a: Great Tusk|Knock Off|p2b: Basculegion\n|-supereffective|p2b: Basculegion\n|-damage|p2b: Basculegion|0 fnt\n|faint|p2b: Basculegion\n|\n|win|Shellfire214K\n|raw|Shellfire214K's rating: 1313 &rarr; <strong>1334<\/strong><br \/>(+21 for winning)\n|raw|Rainydayrobber521's rating: 1324 &rarr; <strong>1303<\/strong><br \/>(-21 for losing)\n","uploadtime":1698418320,"views":21,"p1id":"shellfire214k","p2id":"rainydayrobber521","formatid":"gen9doublesou","rating":1303,"private":0,"password":""}