{"id":"gen9doublesou-1996437165","p1":"Ricomam","p2":"GBarmada","format":"[Gen 9] Doubles OU","log":"|j|\u2606Ricomam\n|j|\u2606GBarmada\n|t:|1700681920\n|gametype|doubles\n|player|p1|Ricomam|hugh|1391\n|player|p2|GBarmada|nate|1387\n|teamsize|p1|6\n|teamsize|p2|6\n|gen|9\n|tier|[Gen 9] Doubles OU\n|rated|\n|rule|Species Clause: Limit one of each Pok\u00e9mon\n|rule|OHKO Clause: OHKO moves are banned\n|rule|Evasion Moves Clause: Evasion moves are banned\n|rule|Gravity Sleep Clause: The combination of sleep-inducing moves with imperfect accuracy and Gravity or Gigantamax Orbeetle are banned\n|rule|Endless Battle Clause: Forcing endless battles is banned\n|rule|HP Percentage Mod: HP is shown in percentages\n|clearpoke\n|poke|p1|Iron Bundle|\n|poke|p1|Farigiraf, F|\n|poke|p1|Glastrier|\n|poke|p1|Ninetales-Alola, M|\n|poke|p1|Cetitan, F|\n|poke|p1|Amoonguss, M|\n|poke|p2|Flutter Mane|\n|poke|p2|Landorus-Therian, M|\n|poke|p2|Roaring Moon|\n|poke|p2|Sinistcha-Masterpiece|\n|poke|p2|Torkoal, F|\n|poke|p2|Tornadus, M|\n|teampreview\n|c|\u2606GBarmada|GLHF\n|inactive|Battle timer is ON: inactive players will automatically lose when time's up. (requested by Ricomam)\n|\n|t:|1700681959\n|start\n|switch|p1a: Glastrier|Glastrier|100\/100\n|switch|p1b: Ninetales|Ninetales-Alola, M|100\/100\n|switch|p2a: Flutter Mane|Flutter Mane|100\/100\n|switch|p2b: Tornadus|Tornadus, M|100\/100\n|-weather|Snow|[from] ability: Snow Warning|[of] p1b: Ninetales\n|turn|1\n|\n|t:|1700681986\n|switch|p1b: Amoonguss|Amoonguss, M|100\/100\n|move|p2b: Tornadus|Sunny Day|p2b: Tornadus\n|-weather|SunnyDay\n|-activate|p2a: Flutter Mane|ability: Protosynthesis\n|-start|p2a: Flutter Mane|protosynthesisspe\n|move|p2a: Flutter Mane|Power Gem|p1a: Glastrier\n|-supereffective|p1a: Glastrier\n|-damage|p1a: Glastrier|33\/100\n|move|p1a: Glastrier|Heavy Slam|p2a: Flutter Mane\n|-supereffective|p2a: Flutter Mane\n|-damage|p2a: Flutter Mane|0 fnt\n|faint|p2a: Flutter Mane\n|-end|p2a: Flutter Mane|Protosynthesis|[silent]\n|-ability|p1a: Glastrier|Chilling Neigh|boost\n|-boost|p1a: Glastrier|atk|1\n|\n|-weather|SunnyDay|[upkeep]\n|-heal|p1a: Glastrier|39\/100|[from] item: Leftovers\n|upkeep\n|inactive|GBarmada has 120 seconds left.\n|\n|t:|1700682006\n|switch|p2a: Landorus|Landorus-Therian, M|100\/100\n|-ability|p2a: Landorus|Intimidate|boost\n|-unboost|p1a: Glastrier|atk|1\n|-unboost|p1b: Amoonguss|atk|1\n|turn|2\n|inactive|GBarmada has 120 seconds left.\n|\n|t:|1700682037\n|move|p2a: Landorus|Rock Slide|p1a: Glastrier|[spread] p1a,p1b\n|-supereffective|p1a: Glastrier\n|-damage|p1a: Glastrier|9\/100\n|-damage|p1b: Amoonguss|83\/100\n|move|p2b: Tornadus|Bleakwind Storm|p1b: Amoonguss|[spread] p1a,p1b\n|-supereffective|p1b: Amoonguss\n|-damage|p1a: Glastrier|0 fnt\n|-damage|p1b: Amoonguss|31\/100\n|-enditem|p1b: Amoonguss|Sitrus Berry|[eat]\n|-heal|p1b: Amoonguss|56\/100|[from] item: Sitrus Berry\n|faint|p1a: Glastrier\n|move|p1b: Amoonguss|Spore|p2a: Landorus\n|-status|p2a: Landorus|slp|[from] move: Spore\n|\n|-weather|SunnyDay|[upkeep]\n|upkeep\n|\n|t:|1700682052\n|switch|p1a: Elefante|Farigiraf, F|100\/100\n|turn|3\n|\n|t:|1700682061\n|switch|p2a: Sinistcha|Sinistcha-Masterpiece|100\/100\n|move|p2b: Tornadus|Protect|p2b: Tornadus\n|-singleturn|p2b: Tornadus|Protect\n|move|p1a: Elefante|Psychic|p2a: Sinistcha\n|-damage|p2a: Sinistcha|57\/100\n|move|p1b: Amoonguss|Spore|p2b: Tornadus\n|-activate|p2b: Tornadus|move: Protect\n|\n|-weather|SunnyDay|[upkeep]\n|upkeep\n|turn|4\n|\n|t:|1700682087\n|switch|p2a: Roaring Moon|Roaring Moon|100\/100\n|-activate|p2a: Roaring Moon|ability: Protosynthesis\n|-start|p2a: Roaring Moon|protosynthesisatk\n|move|p2b: Tornadus|Bleakwind Storm|p1b: Amoonguss|[spread] \n|-miss|p2b: Tornadus|p1a: Elefante\n|-miss|p2b: Tornadus|p1b: Amoonguss\n|move|p1a: Elefante|Psychic|p2a: Roaring Moon\n|-immune|p2a: Roaring Moon\n|move|p1b: Amoonguss|Spore|p2b: Tornadus\n|-status|p2b: Tornadus|slp|[from] move: Spore\n|\n|-weather|SunnyDay|[upkeep]\n|upkeep\n|turn|5\n|inactive|GBarmada has 120 seconds left.\n|\n|t:|1700682128\n|-end|p2a: Roaring Moon|Protosynthesis|[silent]\n|switch|p2a: Sinistcha|Sinistcha-Masterpiece|57\/100\n|cant|p2b: Tornadus|slp\n|move|p1b: Amoonguss|Rage Powder|p1b: Amoonguss\n|-singleturn|p1b: Amoonguss|move: Rage Powder\n|move|p1a: Elefante|Dazzling Gleam|p2b: Tornadus|[spread] p2a,p2b\n|-damage|p2a: Sinistcha|36\/100\n|-damage|p2b: Tornadus|83\/100 slp\n|\n|-weather|none\n|upkeep\n|turn|6\n|inactive|GBarmada has 120 seconds left.\n|inactive|Ricomam has 120 seconds left.\n|inactive|GBarmada has 90 seconds left.\n|\n|t:|1700682179\n|switch|p1a: Santa Bot|Iron Bundle|100\/100\n|-curestatus|p2b: Tornadus|slp|[msg]\n|move|p2b: Tornadus|Protect|p2b: Tornadus\n|-singleturn|p2b: Tornadus|Protect\n|move|p2a: Sinistcha|Matcha Gotcha|p1a: Santa Bot|[spread] p1a,p1b\n|-supereffective|p1a: Santa Bot\n|-resisted|p1b: Amoonguss\n|-crit|p1b: Amoonguss\n|-damage|p1a: Santa Bot|29\/100\n|-heal|p2a: Sinistcha|62\/100|[from] drain|[of] p1a: Santa Bot\n|-damage|p1b: Amoonguss|48\/100\n|-heal|p2a: Sinistcha|67\/100|[from] drain|[of] p1b: Amoonguss\n|move|p1b: Amoonguss|Pollen Puff|p1a: Santa Bot\n|-heal|p1a: Santa Bot|79\/100\n|\n|upkeep\n|turn|7\n|inactive|Ricomam has 120 seconds left.\n|inactive|GBarmada has 90 seconds left.\n|inactive|GBarmada has 60 seconds left.\n|\n|t:|1700682249\n|switch|p2b: Torkoal|Torkoal, F|100\/100\n|-weather|SunnyDay|[from] ability: Drought|[of] p2b: Torkoal\n|move|p1a: Santa Bot|Freeze-Dry|p2b: Torkoal\n|-resisted|p2b: Torkoal\n|-damage|p2b: Torkoal|80\/100\n|move|p2a: Sinistcha|Matcha Gotcha|p1a: Santa Bot|[spread] p1a,p1b\n|-supereffective|p1a: Santa Bot\n|-resisted|p1b: Amoonguss\n|-damage|p1a: Santa Bot|10\/100\n|-heal|p2a: Sinistcha|92\/100|[from] drain|[of] p1a: Santa Bot\n|-damage|p1b: Amoonguss|43\/100\n|-heal|p2a: Sinistcha|96\/100|[from] drain|[of] p1b: Amoonguss\n|-status|p1b: Amoonguss|brn\n|move|p1b: Amoonguss|Pollen Puff|p1a: Santa Bot\n|-heal|p1a: Santa Bot|60\/100\n|\n|-weather|SunnyDay|[upkeep]\n|-damage|p1b: Amoonguss|37\/100 brn|[from] brn\n|upkeep\n|turn|8\n|inactive|Ricomam has 120 seconds left.\n|inactive|GBarmada has 60 seconds left.\n|inactive|GBarmada has 30 seconds left.\n|inactive|GBarmada has 20 seconds left.\n|\n|t:|1700682313\n|switch|p2a: Tornadus|Tornadus, M|83\/100\n|move|p1a: Santa Bot|Flip Turn|p2a: Tornadus\n|-damage|p2a: Tornadus|76\/100\n|inactive|GBarmada has 25 seconds left this turn.\n|\n|t:|1700682319\n|-end|p1a: Santa Bot|Quark Drive|[silent]\n|switch|p1a: Elefante|Farigiraf, F|100\/100|[from] Flip Turn\n|move|p1b: Amoonguss|Spore|p2b: Torkoal\n|-status|p2b: Torkoal|slp|[from] move: Spore\n|cant|p2b: Torkoal|slp\n|\n|-weather|SunnyDay|[upkeep]\n|-damage|p1b: Amoonguss|31\/100 brn|[from] brn\n|upkeep\n|turn|9\n|\n|t:|1700682337\n|switch|p2b: Sinistcha|Sinistcha-Masterpiece|96\/100\n|-heal|p2a: Tornadus|100\/100|[from] ability: Hospitality|[of] p2b: Sinistcha\n|move|p2a: Tornadus|Bleakwind Storm|p1b: Amoonguss|[spread] p1a,p1b\n|-supereffective|p1b: Amoonguss\n|-damage|p1a: Elefante|71\/100\n|-damage|p1b: Amoonguss|0 fnt\n|faint|p1b: Amoonguss\n|move|p1a: Elefante|Psychic|p2b: Sinistcha\n|-damage|p2b: Sinistcha|51\/100\n|\n|-weather|SunnyDay|[upkeep]\n|upkeep\n|\n|t:|1700682345\n|switch|p1b: Santa Bot|Iron Bundle|60\/100\n|turn|10\n|inactive|GBarmada has 60 seconds left.\n|\n|t:|1700682367\n|switch|p2b: Torkoal|Torkoal, F|80\/100 slp\n|-terastallize|p1b: Santa Bot|Grass\n|move|p1b: Santa Bot|Icy Wind|p2b: Torkoal|[spread] p2a,p2b\n|-supereffective|p2a: Tornadus\n|-resisted|p2b: Torkoal\n|-damage|p2a: Tornadus|51\/100\n|-damage|p2b: Torkoal|69\/100 slp\n|-unboost|p2b: Torkoal|spe|1\n|move|p2a: Tornadus|Bleakwind Storm|p1b: Santa Bot|[spread] p1a,p1b\n|-supereffective|p1b: Santa Bot\n|-damage|p1a: Elefante|41\/100\n|-damage|p1b: Santa Bot|0 fnt\n|-unboost|p1a: Elefante|spe|1\n|faint|p1b: Santa Bot\n|-end|p1b: Santa Bot|Quark Drive|[silent]\n|move|p1a: Elefante|Psychic|p2a: Tornadus\n|-damage|p2a: Tornadus|9\/100\n|\n|-weather|SunnyDay|[upkeep]\n|upkeep\n|\n|t:|1700682376\n|switch|p1b: Ninetales|Ninetales-Alola, M|100\/100\n|-weather|Snow|[from] ability: Snow Warning|[of] p1b: Ninetales\n|turn|11\n|inactive|GBarmada has 60 seconds left.\n|\n|t:|1700682421\n|switch|p1b: Cetitan|Cetitan, F|100\/100\n|cant|p2b: Torkoal|slp\n|move|p2a: Tornadus|Tailwind|p2a: Tornadus\n|-sidestart|p2: GBarmada|move: Tailwind\n|move|p1a: Elefante|Dazzling Gleam|p2b: Torkoal|[spread] p2a,p2b\n|-resisted|p2b: Torkoal\n|-damage|p2a: Tornadus|0 fnt\n|-damage|p2b: Torkoal|61\/100 slp\n|faint|p2a: Tornadus\n|\n|-weather|Snow|[upkeep]\n|upkeep\n|inactive|GBarmada has 30 seconds left.\n|\n|t:|1700682436\n|switch|p2a: Landorus|Landorus-Therian, M|100\/100 slp\n|-ability|p2a: Landorus|Intimidate|boost\n|-unboost|p1a: Elefante|atk|1\n|-unboost|p1b: Cetitan|atk|1\n|turn|12\n|inactive|GBarmada has 30 seconds left.\n|\n|t:|1700682468\n|switch|p2a: Sinistcha|Sinistcha-Masterpiece|51\/100\n|-heal|p2b: Torkoal|86\/100 slp|[from] ability: Hospitality|[of] p2a: Sinistcha\n|switch|p1a: Ninetales|Ninetales-Alola, M|100\/100\n|switch|p2b: Roaring Moon|Roaring Moon|100\/100\n|move|p1b: Cetitan|High Horsepower|p2b: Roaring Moon\n|-crit|p2b: Roaring Moon\n|-damage|p2b: Roaring Moon|28\/100\n|-damage|p1b: Cetitan|91\/100|[from] item: Life Orb\n|\n|-weather|Snow|[upkeep]\n|upkeep\n|turn|13\n|inactive|GBarmada has 30 seconds left.\n|\n|t:|1700682498\n|-terastallize|p2a: Sinistcha|Water\n|move|p2b: Roaring Moon|Protect|p2b: Roaring Moon\n|-singleturn|p2b: Roaring Moon|Protect\n|move|p1b: Cetitan|Ice Spinner|p2a: Sinistcha\n|-resisted|p2a: Sinistcha\n|-damage|p2a: Sinistcha|40\/100\n|-damage|p1b: Cetitan|81\/100|[from] item: Life Orb\n|move|p2a: Sinistcha|Strength Sap|p1b: Cetitan\n|-unboost|p1b: Cetitan|atk|1\n|-heal|p2a: Sinistcha|100\/100\n|move|p1a: Ninetales|Icy Wind|p2a: Sinistcha|[spread] \n|-activate|p2b: Roaring Moon|move: Protect\n|-miss|p1a: Ninetales|p2a: Sinistcha\n|\n|-weather|Snow|[upkeep]\n|upkeep\n|turn|14\n|inactive|GBarmada has 30 seconds left.\n|inactive|GBarmada has 20 seconds left.\n|inactive|GBarmada has 15 seconds left.\n|inactive|GBarmada has 10 seconds left.\n|inactive|GBarmada has 5 seconds left.\n|\n|t:|1700682545\n|switch|p1b: Elefante|Farigiraf, F|41\/100\n|move|p2a: Sinistcha|Rage Powder|p2a: Sinistcha\n|-singleturn|p2a: Sinistcha|move: Rage Powder\n|move|p2b: Roaring Moon|Knock Off|p1b: Elefante\n|-supereffective|p1b: Elefante\n|-damage|p1b: Elefante|0 fnt\n|-damage|p2b: Roaring Moon|11\/100|[from] item: Rocky Helmet|[of] p1b: Elefante\n|-enditem|p1b: Elefante|Rocky Helmet|[from] move: Knock Off|[of] p2b: Roaring Moon\n|faint|p1b: Elefante\n|move|p1a: Ninetales|Moonblast|p2a: Sinistcha\n|-damage|p2a: Sinistcha|59\/100\n|\n|-weather|Snow|[upkeep]\n|-sideend|p2: GBarmada|move: Tailwind\n|upkeep\n|inactive|GBarmada has 10 seconds left this turn.\n|\n|t:|1700682552\n|switch|p1b: Cetitan|Cetitan, F|81\/100\n|turn|15\n|inactive|GBarmada has 30 seconds left.\n|\n|t:|1700682561\n|-end|p2b: Roaring Moon|Protosynthesis|[silent]\n|switch|p2b: Torkoal|Torkoal, F|86\/100 slp\n|-weather|SunnyDay|[from] ability: Drought|[of] p2b: Torkoal\n|move|p2a: Sinistcha|Rage Powder|p2a: Sinistcha\n|-singleturn|p2a: Sinistcha|move: Rage Powder\n|move|p1a: Ninetales|Aurora Veil||[still]\n|-fail|p1a: Ninetales\n|move|p1b: Cetitan|High Horsepower|p2a: Sinistcha\n|-damage|p2a: Sinistcha|32\/100\n|-damage|p1b: Cetitan|71\/100|[from] item: Life Orb\n|\n|-weather|SunnyDay|[upkeep]\n|upkeep\n|turn|16\n|inactive|GBarmada has 30 seconds left.\n|\n|t:|1700682595\n|move|p2a: Sinistcha|Rage Powder|p2a: Sinistcha\n|-singleturn|p2a: Sinistcha|move: Rage Powder\n|move|p1a: Ninetales|Icy Wind|p2a: Sinistcha|[spread] p2a,p2b\n|-resisted|p2a: Sinistcha\n|-resisted|p2b: Torkoal\n|-damage|p2a: Sinistcha|24\/100\n|-damage|p2b: Torkoal|78\/100 slp\n|-unboost|p2a: Sinistcha|spe|1\n|-unboost|p2b: Torkoal|spe|1\n|move|p1b: Cetitan|High Horsepower|p2a: Sinistcha\n|-damage|p2a: Sinistcha|0 fnt\n|faint|p2a: Sinistcha\n|-damage|p1b: Cetitan|61\/100|[from] item: Life Orb\n|cant|p2b: Torkoal|slp\n|\n|-weather|SunnyDay|[upkeep]\n|upkeep\n|inactive|GBarmada has 30 seconds left this turn.\n|inactive|GBarmada has 20 seconds left.\n|inactive|GBarmada has 15 seconds left.\n|\n|t:|1700682611\n|switch|p2a: Roaring Moon|Roaring Moon|11\/100\n|-activate|p2a: Roaring Moon|ability: Protosynthesis\n|-start|p2a: Roaring Moon|protosynthesisatk\n|turn|17\n|inactive|GBarmada has 30 seconds left.\n|\n|t:|1700682628\n|-end|p2a: Roaring Moon|Protosynthesis|[silent]\n|switch|p2a: Landorus|Landorus-Therian, M|100\/100 slp\n|-ability|p2a: Landorus|Intimidate|boost\n|-unboost|p1a: Ninetales|atk|1\n|-unboost|p1b: Cetitan|atk|1\n|move|p1b: Cetitan|Protect|p1b: Cetitan\n|-singleturn|p1b: Cetitan|Protect\n|move|p1a: Ninetales|Icy Wind|p2b: Torkoal|[spread] p2a\n|-miss|p1a: Ninetales|p2b: Torkoal\n|-supereffective|p2a: Landorus\n|-damage|p2a: Landorus|28\/100 slp\n|-unboost|p2a: Landorus|spe|1\n|-curestatus|p2b: Torkoal|slp|[msg]\n|move|p2b: Torkoal|Flamethrower|p1b: Cetitan\n|-activate|p1b: Cetitan|move: Protect\n|\n|-weather|SunnyDay|[upkeep]\n|upkeep\n|turn|18\n|inactive|GBarmada has 30 seconds left.\n|inactive|GBarmada has 20 seconds left.\n|inactive|GBarmada has 15 seconds left.\n|inactive|GBarmada has 10 seconds left.\n|inactive|GBarmada has 5 seconds left.\n|\n|t:|1700682673\n|switch|p2a: Roaring Moon|Roaring Moon|11\/100\n|-activate|p2a: Roaring Moon|ability: Protosynthesis\n|-start|p2a: Roaring Moon|protosynthesisatk\n|move|p1a: Ninetales|Icy Wind|p2a: Roaring Moon|[spread] p2a,p2b\n|-supereffective|p2a: Roaring Moon\n|-resisted|p2b: Torkoal\n|-damage|p2a: Roaring Moon|0 fnt\n|-damage|p2b: Torkoal|70\/100\n|-unboost|p2b: Torkoal|spe|1\n|faint|p2a: Roaring Moon\n|-end|p2a: Roaring Moon|Protosynthesis|[silent]\n|move|p1b: Cetitan|High Horsepower|p2b: Torkoal\n|-supereffective|p2b: Torkoal\n|-enditem|p2b: Torkoal|Shuca Berry|[eat]\n|-enditem|p2b: Torkoal|Shuca Berry|[weaken]\n|-damage|p2b: Torkoal|50\/100\n|-damage|p1b: Cetitan|51\/100|[from] item: Life Orb\n|move|p2b: Torkoal|Flamethrower|p1b: Cetitan\n|-supereffective|p1b: Cetitan\n|-damage|p1b: Cetitan|0 fnt\n|faint|p1b: Cetitan\n|\n|-weather|SunnyDay|[upkeep]\n|upkeep\n|inactive|GBarmada has 10 seconds left this turn.\n|inactive|GBarmada has 5 seconds left.\n|\n|t:|1700682683\n|switch|p2a: Landorus|Landorus-Therian, M|28\/100 slp\n|-ability|p2a: Landorus|Intimidate|boost\n|-unboost|p1a: Ninetales|atk|1\n|turn|19\n|inactive|GBarmada has 30 seconds left this turn.\n|\n|t:|1700682690\n|cant|p2a: Landorus|slp\n|move|p1a: Ninetales|Icy Wind|p2a: Landorus|[spread] p2a,p2b\n|-supereffective|p2a: Landorus\n|-resisted|p2b: Torkoal\n|-damage|p2a: Landorus|0 fnt\n|-damage|p2b: Torkoal|42\/100\n|-unboost|p2b: Torkoal|spe|1\n|faint|p2a: Landorus\n|move|p2b: Torkoal|Flamethrower|p1a: Ninetales\n|-supereffective|p1a: Ninetales\n|-damage|p1a: Ninetales|0 fnt\n|faint|p1a: Ninetales\n|\n|win|GBarmada\n|inactive|GBarmada has 30 seconds left this turn.\n|raw|Ricomam's rating: 1391 &rarr; <strong>1371<\/strong><br \/>(-20 for losing)\n|raw|GBarmada's rating: 1387 &rarr; <strong>1407<\/strong><br \/>(+20 for winning)\n|l|\u2606Ricomam\n|c|\u2606GBarmada|GG WP\n","uploadtime":1700682838,"views":10,"p1id":"ricomam","p2id":"gbarmada","formatid":"gen9doublesou","rating":1371,"private":0,"password":""}