{"id":"gen9doublesou-1988667975","p1":"StoneWhale2055","p2":"InsrtNameHere","format":"[Gen 9] Doubles OU","log":"|j|\u2606StoneWhale2055\n|j|\u2606InsrtNameHere\n|t:|1699748335\n|gametype|doubles\n|player|p1|StoneWhale2055|palmer|1239\n|player|p2|InsrtNameHere|burglar|1258\n|teamsize|p1|6\n|teamsize|p2|6\n|gen|9\n|tier|[Gen 9] Doubles OU\n|rated|\n|rule|Species Clause: Limit one of each Pok\u00e9mon\n|rule|OHKO Clause: OHKO moves are banned\n|rule|Evasion Moves Clause: Evasion moves are banned\n|rule|Gravity Sleep Clause: The combination of sleep-inducing moves with imperfect accuracy and Gravity or Gigantamax Orbeetle are banned\n|rule|Endless Battle Clause: Forcing endless battles is banned\n|rule|HP Percentage Mod: HP is shown in percentages\n|clearpoke\n|poke|p1|Fezandipiti, M|\n|poke|p1|Flutter Mane|\n|poke|p1|Torkoal, M|\n|poke|p1|Tornadus, M|\n|poke|p1|Grimmsnarl, M|\n|poke|p1|Walking Wake|\n|poke|p2|Baxcalibur, F|\n|poke|p2|Torkoal, M|\n|poke|p2|Walking Wake|\n|poke|p2|Amoonguss, F|\n|poke|p2|Rillaboom, F|\n|poke|p2|Heatran, M|\n|teampreview\n|inactive|Battle timer is ON: inactive players will automatically lose when time's up. (requested by StoneWhale2055)\n|\n|t:|1699748351\n|start\n|switch|p1a: Tornadus|Tornadus, M|100\/100\n|switch|p1b: Grimmsnarl|Grimmsnarl, M|100\/100\n|switch|p2a: Rillaboom|Rillaboom, F|100\/100\n|switch|p2b: Heatran|Heatran, M|100\/100\n|-fieldstart|move: Grassy Terrain|[from] ability: Grassy Surge|[of] p2a: Rillaboom\n|turn|1\n|\n|t:|1699748370\n|move|p2a: Rillaboom|Fake Out|p1b: Grimmsnarl\n|-damage|p1b: Grimmsnarl|82\/100\n|cant|p1b: Grimmsnarl|flinch\n|move|p1a: Tornadus|Knock Off|p2a: Rillaboom\n|-damage|p2a: Rillaboom|79\/100\n|-enditem|p2a: Rillaboom|Assault Vest|[from] move: Knock Off|[of] p1a: Tornadus\n|move|p2b: Heatran|Flash Cannon|p1b: Grimmsnarl\n|-supereffective|p1b: Grimmsnarl\n|-damage|p1b: Grimmsnarl|12\/100\n|\n|-heal|p1b: Grimmsnarl|19\/100|[from] Grassy Terrain\n|-heal|p2a: Rillaboom|86\/100|[from] Grassy Terrain\n|upkeep\n|turn|2\n|\n|t:|1699748388\n|move|p1b: Grimmsnarl|Thunder Wave|p2b: Heatran\n|-status|p2b: Heatran|par\n|move|p2a: Rillaboom|Grassy Glide|p1b: Grimmsnarl\n|-crit|p1b: Grimmsnarl\n|-damage|p1b: Grimmsnarl|0 fnt\n|faint|p1b: Grimmsnarl\n|move|p1a: Tornadus|Knock Off|p2b: Heatran\n|-damage|p2b: Heatran|81\/100 par\n|-enditem|p2b: Heatran|Leftovers|[from] move: Knock Off|[of] p1a: Tornadus\n|move|p2b: Heatran|Heat Wave|p1a: Tornadus\n|-damage|p1a: Tornadus|55\/100\n|\n|-heal|p2a: Rillaboom|92\/100|[from] Grassy Terrain\n|-heal|p2b: Heatran|88\/100 par|[from] Grassy Terrain\n|upkeep\n|\n|t:|1699748400\n|switch|p1b: Fezandipiti|Fezandipiti, M|100\/100\n|turn|3\n|\n|t:|1699748417\n|switch|p1a: Walking Wake|Walking Wake|100\/100\n|switch|p2a: Amoonguss|Amoonguss, F|100\/100\n|move|p1b: Fezandipiti|Icy Wind|p2b: Heatran|[spread] p2a,p2b\n|-supereffective|p2a: Amoonguss\n|-resisted|p2b: Heatran\n|-damage|p2a: Amoonguss|88\/100\n|-damage|p2b: Heatran|86\/100 par\n|-unboost|p2a: Amoonguss|spe|1\n|-unboost|p2b: Heatran|spe|1\n|move|p2b: Heatran|Flash Cannon|p1b: Fezandipiti\n|-supereffective|p1b: Fezandipiti\n|-damage|p1b: Fezandipiti|38\/100\n|\n|-heal|p1b: Fezandipiti|44\/100|[from] Grassy Terrain\n|-heal|p2a: Amoonguss|94\/100|[from] Grassy Terrain\n|-heal|p2b: Heatran|92\/100 par|[from] Grassy Terrain\n|upkeep\n|turn|4\n|\n|t:|1699748437\n|switch|p1b: Torkoal|Torkoal, M|100\/100\n|-weather|SunnyDay|[from] ability: Drought|[of] p1b: Torkoal\n|-activate|p1a: Walking Wake|ability: Protosynthesis\n|-start|p1a: Walking Wake|protosynthesisspa\n|move|p2b: Heatran|Protect|p2b: Heatran\n|-singleturn|p2b: Heatran|Protect\n|move|p1a: Walking Wake|Flamethrower|p2a: Amoonguss\n|-supereffective|p2a: Amoonguss\n|-damage|p2a: Amoonguss|15\/100\n|-enditem|p2a: Amoonguss|Wiki Berry|[eat]\n|-heal|p2a: Amoonguss|48\/100|[from] item: Wiki Berry\n|move|p2a: Amoonguss|Spore|p1a: Walking Wake\n|-status|p1a: Walking Wake|slp|[from] move: Spore\n|\n|-weather|SunnyDay|[upkeep]\n|-heal|p2a: Amoonguss|54\/100|[from] Grassy Terrain\n|-heal|p2b: Heatran|99\/100 par|[from] Grassy Terrain\n|upkeep\n|turn|5\n|-message|StoneWhale2055 forfeited.\n|\n|win|InsrtNameHere\n|raw|StoneWhale2055's rating: 1239 &rarr; <strong>1215<\/strong><br \/>(-24 for losing)\n|raw|InsrtNameHere's rating: 1258 &rarr; <strong>1282<\/strong><br \/>(+24 for winning)\n|l|\u2606StoneWhale2055\n","uploadtime":1699748470,"views":7,"p1id":"stonewhale2055","p2id":"insrtnamehere","formatid":"gen9doublesou","rating":1215,"private":0,"password":""}