{"id":"gen9doublesou-1993820460","p1":"Ajax47","p2":"Xitzel","format":"[Gen 9] Doubles OU","log":"|j|\u2606Ajax47\n|j|\u2606Xitzel\n|t:|1700361338\n|gametype|doubles\n|player|p1|Ajax47|acetrainer-gen4dp|1128\n|player|p2|Xitzel|richboy|1024\n|teamsize|p1|6\n|teamsize|p2|6\n|gen|9\n|tier|[Gen 9] Doubles OU\n|rated|\n|rule|Species Clause: Limit one of each Pok\u00e9mon\n|rule|OHKO Clause: OHKO moves are banned\n|rule|Evasion Moves Clause: Evasion moves are banned\n|rule|Gravity Sleep Clause: The combination of sleep-inducing moves with imperfect accuracy and Gravity or Gigantamax Orbeetle are banned\n|rule|Endless Battle Clause: Forcing endless battles is banned\n|rule|HP Percentage Mod: HP is shown in percentages\n|clearpoke\n|poke|p1|Arcanine-Hisui, M|\n|poke|p1|Glimmora, F|\n|poke|p1|Sinistcha-Masterpiece|\n|poke|p1|Tyranitar, M|\n|poke|p1|Garchomp, F|\n|poke|p1|Blissey, F|\n|poke|p2|Zoroark-Hisui, M|\n|poke|p2|Ceruledge, M|\n|poke|p2|Amoonguss, F|\n|poke|p2|Goodra-Hisui, F|\n|poke|p2|Gastrodon-East, M|\n|poke|p2|Kilowattrel, M|\n|teampreview\n|\n|t:|1700361356\n|start\n|switch|p1a: Glimmora|Glimmora, F|100\/100\n|switch|p1b: Tyranitar|Tyranitar, M|100\/100\n|switch|p2a: Speedster|Kilowattrel, M|100\/100\n|switch|p2b: Gastrodon|Gastrodon-East, M|100\/100\n|-weather|Sandstorm|[from] ability: Sand Stream|[of] p1b: Tyranitar\n|turn|1\n|inactive|Battle timer is ON: inactive players will automatically lose when time's up. (requested by Ajax47)\n|\n|t:|1700361380\n|move|p2a: Speedster|Extrasensory|p1a: Glimmora\n|-supereffective|p1a: Glimmora\n|-damage|p1a: Glimmora|66\/100\n|move|p1a: Glimmora|Reflect|p1a: Glimmora\n|-sidestart|p1: Ajax47|Reflect\n|move|p1b: Tyranitar|Rock Slide|p2a: Speedster|[spread] p2a\n|-miss|p1b: Tyranitar|p2b: Gastrodon\n|-crit|p2a: Speedster\n|-damage|p2a: Speedster|26\/100\n|replace|p2a: Loak|Zoroark-Hisui, M\n|-end|p2a: Loak|Illusion\n|move|p2b: Gastrodon|Chilling Water|p1b: Tyranitar\n|-supereffective|p1b: Tyranitar\n|-damage|p1b: Tyranitar|88\/100\n|-unboost|p1b: Tyranitar|atk|1\n|\n|-weather|Sandstorm|[upkeep]\n|-damage|p2a: Loak|20\/100|[from] Sandstorm\n|upkeep\n|turn|2\n|\n|t:|1700361406\n|switch|p1b: Sinistcha|Sinistcha-Masterpiece|100\/100\n|-heal|p1a: Glimmora|91\/100|[from] ability: Hospitality|[of] p1b: Sinistcha\n|move|p2a: Loak|Icy Wind|p1a: Glimmora|[spread] p1b\n|-miss|p2a: Loak|p1a: Glimmora\n|-supereffective|p1b: Sinistcha\n|-damage|p1b: Sinistcha|73\/100\n|-unboost|p1b: Sinistcha|spe|1\n|move|p1a: Glimmora|Light Screen|p1a: Glimmora\n|-sidestart|p1: Ajax47|move: Light Screen\n|move|p2b: Gastrodon|Earth Power|p1b: Sinistcha\n|-resisted|p1b: Sinistcha\n|-damage|p1b: Sinistcha|62\/100\n|\n|-weather|Sandstorm|[upkeep]\n|-damage|p2a: Loak|14\/100|[from] Sandstorm\n|-damage|p1b: Sinistcha|56\/100|[from] Sandstorm\n|upkeep\n|turn|3\n|\n|t:|1700361429\n|switch|p2b: Gob|Goodra-Hisui, F|100\/100\n|move|p2a: Loak|Icy Wind|p1b: Sinistcha|[spread] p1a,p1b\n|-supereffective|p1b: Sinistcha\n|-damage|p1a: Glimmora|85\/100\n|-damage|p1b: Sinistcha|36\/100\n|-unboost|p1a: Glimmora|spe|1\n|-unboost|p1b: Sinistcha|spe|1\n|-enditem|p1b: Sinistcha|Sitrus Berry|[eat]\n|-heal|p1b: Sinistcha|61\/100|[from] item: Sitrus Berry\n|move|p1a: Glimmora|Toxic|p2b: Gob\n|-immune|p2b: Gob\n|move|p1b: Sinistcha|Strength Sap|p2a: Loak\n|-unboost|p2a: Loak|atk|1\n|-heal|p1b: Sinistcha|100\/100\n|\n|-weather|Sandstorm|[upkeep]\n|-damage|p2a: Loak|8\/100|[from] Sandstorm\n|-damage|p1b: Sinistcha|94\/100|[from] Sandstorm\n|upkeep\n|turn|4\n|\n|t:|1700361455\n|move|p1a: Glimmora|Spiky Shield|p1a: Glimmora\n|-singleturn|p1a: Glimmora|move: Protect\n|move|p2a: Loak|Icy Wind|p1b: Sinistcha|[spread] p1b\n|-activate|p1a: Glimmora|move: Protect\n|-supereffective|p1b: Sinistcha\n|-damage|p1b: Sinistcha|77\/100\n|-unboost|p1b: Sinistcha|spe|1\n|move|p2b: Gob|Ice Spinner|p1b: Sinistcha\n|-supereffective|p1b: Sinistcha\n|-damage|p1b: Sinistcha|56\/100\n|move|p1b: Sinistcha|Night Shade|p2a: Loak\n|-immune|p2a: Loak\n|\n|-weather|Sandstorm|[upkeep]\n|-damage|p2a: Loak|2\/100|[from] Sandstorm\n|-damage|p1b: Sinistcha|50\/100|[from] Sandstorm\n|upkeep\n|turn|5\n|inactive|Ajax47 has 120 seconds left.\n|\n|t:|1700361488\n|switch|p1b: Arcanine|Arcanine-Hisui, M, shiny|100\/100\n|move|p2a: Loak|Icy Wind|p1b: Arcanine|[spread] p1a,p1b\n|-resisted|p1b: Arcanine\n|-damage|p1a: Glimmora|80\/100\n|-damage|p1b: Arcanine|97\/100\n|-unboost|p1a: Glimmora|spe|1\n|-unboost|p1b: Arcanine|spe|1\n|move|p2b: Gob|Acid Armor|p2b: Gob\n|-boost|p2b: Gob|def|2\n|move|p1a: Glimmora|Toxic|p2a: Loak\n|-status|p2a: Loak|tox\n|\n|-weather|none\n|-damage|p2a: Loak|0 fnt|[from] psn\n|faint|p2a: Loak\n|upkeep\n|inactive|Xitzel has 120 seconds left.\n|\n|t:|1700361506\n|switch|p2a: Gastrodon|Gastrodon-East, M|100\/100\n|turn|6\n|\n|t:|1700361519\n|move|p1b: Arcanine|Flare Blitz|p2b: Gob\n|-damage|p2b: Gob|60\/100\n|-damage|p1b: Arcanine|87\/100|[from] item: Life Orb\n|move|p2b: Gob|Dragon Claw|p1b: Arcanine\n|-damage|p1b: Arcanine|59\/100\n|move|p1a: Glimmora|Toxic|p2a: Gastrodon\n|-status|p2a: Gastrodon|tox\n|move|p2a: Gastrodon|Earth Power|p1b: Arcanine\n|-supereffective|p1b: Arcanine\n|-damage|p1b: Arcanine|0 fnt\n|faint|p1b: Arcanine\n|\n|-heal|p2b: Gob|66\/100|[from] item: Leftovers\n|-damage|p2a: Gastrodon|94\/100 tox|[from] psn\n|upkeep\n|\n|t:|1700361541\n|switch|p1b: Sinistcha|Sinistcha-Masterpiece|50\/100\n|-heal|p1a: Glimmora|100\/100|[from] ability: Hospitality|[of] p1b: Sinistcha\n|turn|7\n|\n|t:|1700361554\n|switch|p2a: Degrease|Amoonguss, F|100\/100\n|move|p1b: Sinistcha|Protect|p1b: Sinistcha\n|-singleturn|p1b: Sinistcha|Protect\n|move|p1a: Glimmora|Spiky Shield|p1a: Glimmora\n|-singleturn|p1a: Glimmora|move: Protect\n|move|p2b: Gob|Ice Spinner|p1b: Sinistcha\n|-activate|p1b: Sinistcha|move: Protect\n|\n|-heal|p2b: Gob|72\/100|[from] item: Leftovers\n|upkeep\n|turn|8\n|\n|t:|1700361571\n|switch|p1b: Tyranitar|Tyranitar, M|88\/100\n|-weather|Sandstorm|[from] ability: Sand Stream|[of] p1b: Tyranitar\n|switch|p1a: Blissey|Blissey, F|100\/100\n|move|p2a: Degrease|Rage Powder|p2a: Degrease\n|-singleturn|p2a: Degrease|move: Rage Powder\n|move|p2b: Gob|Ice Spinner|p1b: Tyranitar\n|-damage|p1b: Tyranitar|75\/100\n|\n|-weather|Sandstorm|[upkeep]\n|-damage|p1a: Blissey|94\/100|[from] Sandstorm\n|-damage|p2a: Degrease|94\/100|[from] Sandstorm\n|-heal|p2b: Gob|78\/100|[from] item: Leftovers\n|-heal|p1a: Blissey|100\/100|[from] item: Leftovers\n|-sideend|p1: Ajax47|Reflect\n|upkeep\n|turn|9\n|\n|t:|1700361591\n|switch|p1b: Garchomp|Garchomp, F|100\/100\n|move|p2b: Gob|Dragon Claw|p1b: Garchomp\n|-supereffective|p1b: Garchomp\n|-damage|p1b: Garchomp|34\/100\n|move|p1a: Blissey|Hyper Voice|p2a: Degrease|[spread] p2a,p2b\n|-resisted|p2b: Gob\n|-damage|p2a: Degrease|82\/100\n|-damage|p2b: Gob|73\/100\n|move|p2a: Degrease|Spore|p1a: Blissey\n|-status|p1a: Blissey|slp|[from] move: Spore\n|\n|-weather|Sandstorm|[upkeep]\n|-damage|p1a: Blissey|94\/100 slp|[from] Sandstorm\n|-damage|p2a: Degrease|75\/100|[from] Sandstorm\n|-heal|p2b: Gob|79\/100|[from] item: Leftovers\n|-heal|p1a: Blissey|100\/100 slp|[from] item: Leftovers\n|-sideend|p1: Ajax47|move: Light Screen\n|upkeep\n|turn|10\n|inactive|Ajax47 has 120 seconds left.\n|\n|t:|1700361622\n|-terastallize|p1b: Garchomp|Water\n|move|p2a: Degrease|Rage Powder|p2a: Degrease\n|-singleturn|p2a: Degrease|move: Rage Powder\n|move|p1b: Garchomp|Dragon Claw|p2a: Degrease\n|-damage|p2a: Degrease|28\/100\n|move|p2b: Gob|Dragon Claw|p1b: Garchomp\n|-damage|p1b: Garchomp|0 fnt\n|faint|p1b: Garchomp\n|cant|p1a: Blissey|slp\n|\n|-weather|Sandstorm|[upkeep]\n|-damage|p1a: Blissey|94\/100 slp|[from] Sandstorm\n|-damage|p2a: Degrease|22\/100|[from] Sandstorm\n|-heal|p2b: Gob|85\/100|[from] item: Leftovers\n|-heal|p1a: Blissey|100\/100 slp|[from] item: Leftovers\n|upkeep\n|inactive|Ajax47 has 120 seconds left.\n|\n|t:|1700361644\n|switch|p1b: Glimmora|Glimmora, F|100\/100\n|turn|11\n|\n|t:|1700361653\n|cant|p1a: Blissey|slp\n|move|p1b: Glimmora|Reflect|p1b: Glimmora\n|-sidestart|p1: Ajax47|Reflect\n|move|p2b: Gob|Dragon Claw|p1b: Glimmora\n|-damage|p1b: Glimmora|76\/100\n|-activate|p1b: Glimmora|ability: Toxic Debris\n|-sidestart|p2: Xitzel|move: Toxic Spikes\n|move|p2a: Degrease|Solar Beam||[still]\n|-prepare|p2a: Degrease|Solar Beam\n|-enditem|p2a: Degrease|Power Herb\n|-anim|p2a: Degrease|Solar Beam|p1b: Glimmora\n|-damage|p1b: Glimmora|62\/100\n|\n|-weather|Sandstorm|[upkeep]\n|-damage|p1a: Blissey|94\/100 slp|[from] Sandstorm\n|-damage|p2a: Degrease|16\/100|[from] Sandstorm\n|-heal|p2b: Gob|91\/100|[from] item: Leftovers\n|-heal|p1a: Blissey|100\/100 slp|[from] item: Leftovers\n|upkeep\n|turn|12\n|\n|t:|1700361676\n|move|p1b: Glimmora|Light Screen|p1b: Glimmora\n|-sidestart|p1: Ajax47|move: Light Screen\n|move|p2b: Gob|Dragon Claw|p1b: Glimmora\n|-damage|p1b: Glimmora|41\/100\n|-activate|p1b: Glimmora|ability: Toxic Debris\n|-sidestart|p2: Xitzel|move: Toxic Spikes\n|-curestatus|p1a: Blissey|slp|[msg]\n|move|p1a: Blissey|Heal Pulse|p1b: Glimmora\n|-heal|p1b: Glimmora|91\/100\n|move|p2a: Degrease|Spore|p1b: Glimmora\n|-status|p1b: Glimmora|slp|[from] move: Spore\n|\n|-weather|none\n|-heal|p2b: Gob|97\/100|[from] item: Leftovers\n|-activate|p1a: Blissey|ability: Healer\n|-curestatus|p1b: Glimmora|slp|[msg]\n|upkeep\n|turn|13\n|\n|t:|1700361704\n|move|p1b: Glimmora|Spiky Shield|p1b: Glimmora\n|-singleturn|p1b: Glimmora|move: Protect\n|move|p2b: Gob|Ice Spinner|p1a: Blissey\n|-damage|p1a: Blissey|88\/100\n|move|p1a: Blissey|Hyper Voice|p2b: Gob|[spread] p2a,p2b\n|-resisted|p2b: Gob\n|-damage|p2a: Degrease|4\/100\n|-damage|p2b: Gob|91\/100\n|move|p2a: Degrease|Spore|p1b: Glimmora\n|-activate|p1b: Glimmora|move: Protect\n|\n|-heal|p2b: Gob|97\/100|[from] item: Leftovers\n|-heal|p1a: Blissey|94\/100|[from] item: Leftovers\n|upkeep\n|turn|14\n|\n|t:|1700361722\n|switch|p1b: Tyranitar|Tyranitar, M|75\/100\n|-weather|Sandstorm|[from] ability: Sand Stream|[of] p1b: Tyranitar\n|switch|p2a: Gastrodon|Gastrodon-East, M|94\/100 tox\n|move|p2b: Gob|Acid Armor|p2b: Gob\n|-boost|p2b: Gob|def|2\n|move|p1a: Blissey|Hyper Voice|p2b: Gob|[spread] p2a,p2b\n|-resisted|p2b: Gob\n|-damage|p2a: Gastrodon|81\/100 tox\n|-damage|p2b: Gob|91\/100\n|\n|-weather|Sandstorm|[upkeep]\n|-damage|p1a: Blissey|88\/100|[from] Sandstorm\n|-heal|p2b: Gob|97\/100|[from] item: Leftovers\n|-heal|p1a: Blissey|94\/100|[from] item: Leftovers\n|-damage|p2a: Gastrodon|75\/100 tox|[from] psn\n|upkeep\n|turn|15\n|\n|t:|1700361751\n|move|p1a: Blissey|Helping Hand|p1b: Tyranitar\n|-singleturn|p1b: Tyranitar|Helping Hand|[of] p1a: Blissey\n|move|p1b: Tyranitar|Crunch|p2a: Gastrodon\n|-damage|p2a: Gastrodon|10\/100 tox\n|move|p2b: Gob|Dragon Claw|p1b: Tyranitar\n|-damage|p1b: Tyranitar|57\/100\n|move|p2a: Gastrodon|Earth Power|p1b: Tyranitar\n|-supereffective|p1b: Tyranitar\n|-damage|p1b: Tyranitar|43\/100\n|-unboost|p1b: Tyranitar|spd|1\n|\n|-weather|Sandstorm|[upkeep]\n|-damage|p1a: Blissey|88\/100|[from] Sandstorm\n|-heal|p2b: Gob|100\/100|[from] item: Leftovers\n|-heal|p1a: Blissey|94\/100|[from] item: Leftovers\n|-damage|p2a: Gastrodon|0 fnt|[from] psn\n|faint|p2a: Gastrodon\n|upkeep\n|inactive|Xitzel has 120 seconds left.\n|\n|t:|1700361776\n|switch|p2a: Degrease|Amoonguss, F|38\/100\n|-sideend|p2: Xitzel|move: Toxic Spikes|[of] p2a: Degrease\n|turn|16\n|\n|t:|1700361784\n|move|p1b: Tyranitar|Crunch|p2a: Degrease\n|-damage|p2a: Degrease|0 fnt\n|faint|p2a: Degrease\n|move|p2b: Gob|Dragon Claw|p1b: Tyranitar\n|-damage|p1b: Tyranitar|24\/100\n|move|p1a: Blissey|Heal Pulse|p1b: Tyranitar\n|-heal|p1b: Tyranitar|74\/100\n|\n|-weather|Sandstorm|[upkeep]\n|-damage|p1a: Blissey|88\/100|[from] Sandstorm\n|-heal|p1a: Blissey|94\/100|[from] item: Leftovers\n|upkeep\n|\n|t:|1700361797\n|switch|p2a: Speedster|Kilowattrel, M|100\/100\n|turn|17\n|\n|t:|1700361810\n|move|p1a: Blissey|Helping Hand|p1b: Tyranitar\n|-singleturn|p1b: Tyranitar|Helping Hand|[of] p1a: Blissey\n|move|p2a: Speedster|Tailwind|p2a: Speedster\n|-sidestart|p2: Xitzel|move: Tailwind\n|-start|p2a: Speedster|Charge|Tailwind|[from] ability: Wind Power\n|move|p2b: Gob|Thunder Punch|p1a: Blissey\n|-damage|p1a: Blissey|82\/100\n|move|p1b: Tyranitar|Rock Slide|p2a: Speedster|[spread] p2a,p2b\n|-supereffective|p2a: Speedster\n|-resisted|p2b: Gob\n|-damage|p2a: Speedster|0 fnt\n|-damage|p2b: Gob|92\/100\n|faint|p2a: Speedster\n|\n|-weather|Sandstorm|[upkeep]\n|-damage|p1a: Blissey|76\/100|[from] Sandstorm\n|-heal|p2b: Gob|98\/100|[from] item: Leftovers\n|-heal|p1a: Blissey|82\/100|[from] item: Leftovers\n|upkeep\n|\n|t:|1700361813\n|switch|p2a: Fate|Ceruledge, M|100\/100\n|turn|18\n|\n|t:|1700361842\n|move|p2a: Fate|Brick Break|p1b: Tyranitar\n|-sideend|p1: Ajax47|Reflect\n|-sideend|p1: Ajax47|move: Light Screen\n|-supereffective|p1b: Tyranitar\n|-damage|p1b: Tyranitar|0 fnt\n|faint|p1b: Tyranitar\n|move|p2b: Gob|Dragon Claw|p1a: Blissey\n|-damage|p1a: Blissey|50\/100\n|move|p1a: Blissey|Heal Pulse|p1: Tyranitar|[notarget]\n|-fail|p1a: Blissey\n|\n|-weather|none\n|-heal|p2b: Gob|100\/100|[from] item: Leftovers\n|-heal|p1a: Blissey|57\/100|[from] item: Leftovers\n|upkeep\n|\n|t:|1700361857\n|switch|p1b: Glimmora|Glimmora, F|91\/100\n|turn|19\n|\n|t:|1700361868\n|move|p2a: Fate|Brick Break|p1a: Blissey\n|-supereffective|p1a: Blissey\n|-damage|p1a: Blissey|10\/100\n|move|p2b: Gob|Dragon Claw|p1a: Blissey\n|-damage|p1a: Blissey|0 fnt\n|faint|p1a: Blissey\n|move|p1b: Glimmora|Toxic|p2a: Fate\n|-status|p2a: Fate|tox\n|\n|-damage|p2a: Fate|94\/100 tox|[from] psn\n|upkeep\n|\n|t:|1700361878\n|switch|p1a: Sinistcha|Sinistcha-Masterpiece|50\/100\n|-heal|p1b: Glimmora|100\/100|[from] ability: Hospitality|[of] p1a: Sinistcha\n|turn|20\n|\n|t:|1700361889\n|move|p1b: Glimmora|Spiky Shield|p1b: Glimmora\n|-singleturn|p1b: Glimmora|move: Protect\n|move|p1a: Sinistcha|Protect|p1a: Sinistcha\n|-singleturn|p1a: Sinistcha|Protect\n|move|p2a: Fate|Bitter Blade|p1a: Sinistcha\n|-activate|p1a: Sinistcha|move: Protect\n|move|p2b: Gob|Dragon Claw|p1b: Glimmora\n|-activate|p1b: Glimmora|move: Protect\n|-damage|p2b: Gob|88\/100|[from] Spiky Shield|[of] p1b: Glimmora\n|\n|-heal|p2b: Gob|94\/100|[from] item: Leftovers\n|-damage|p2a: Fate|82\/100 tox|[from] psn\n|-sideend|p2: Xitzel|move: Tailwind\n|upkeep\n|turn|21\n|\n|t:|1700361908\n|move|p1b: Glimmora|Reflect|p1b: Glimmora\n|-sidestart|p1: Ajax47|Reflect\n|move|p2a: Fate|Bitter Blade|p1a: Sinistcha\n|-supereffective|p1a: Sinistcha\n|-damage|p1a: Sinistcha|12\/100\n|-heal|p2a: Fate|100\/100 tox|[from] drain|[of] p1a: Sinistcha\n|move|p1a: Sinistcha|Strength Sap|p2a: Fate\n|-unboost|p2a: Fate|atk|1\n|-heal|p1a: Sinistcha|100\/100\n|move|p2b: Gob|Dragon Claw|p1b: Glimmora\n|-damage|p1b: Glimmora|76\/100\n|-activate|p1b: Glimmora|ability: Toxic Debris\n|-sidestart|p2: Xitzel|move: Toxic Spikes\n|\n|-heal|p2b: Gob|99\/100|[from] item: Leftovers\n|-damage|p2a: Fate|82\/100 tox|[from] psn\n|upkeep\n|turn|22\n|\n|t:|1700361934\n|-terastallize|p2a: Fate|Fire\n|move|p1b: Glimmora|Spiky Shield|p1b: Glimmora\n|-singleturn|p1b: Glimmora|move: Protect\n|move|p1a: Sinistcha|Protect|p1a: Sinistcha\n|-singleturn|p1a: Sinistcha|Protect\n|move|p2a: Fate|Bitter Blade|p1a: Sinistcha\n|-activate|p1a: Sinistcha|move: Protect\n|move|p2b: Gob|Dragon Claw|p1a: Sinistcha\n|-activate|p1a: Sinistcha|move: Protect\n|\n|-heal|p2b: Gob|100\/100|[from] item: Leftovers\n|-damage|p2a: Fate|57\/100 tox|[from] psn\n|upkeep\n|turn|23\n|\n|t:|1700361963\n|move|p1b: Glimmora|Light Screen|p1b: Glimmora\n|-sidestart|p1: Ajax47|move: Light Screen\n|move|p2a: Fate|Bitter Blade|p1a: Sinistcha\n|-supereffective|p1a: Sinistcha\n|-damage|p1a: Sinistcha|64\/100\n|-heal|p2a: Fate|79\/100 tox|[from] drain|[of] p1a: Sinistcha\n|move|p1a: Sinistcha|Strength Sap|p2a: Fate\n|-unboost|p2a: Fate|atk|1\n|-heal|p1a: Sinistcha|100\/100\n|move|p2b: Gob|Dragon Claw|p1a: Sinistcha\n|-damage|p1a: Sinistcha|84\/100\n|\n|-damage|p2a: Fate|48\/100 tox|[from] psn\n|upkeep\n|turn|24\n|\n|t:|1700361987\n|move|p1b: Glimmora|Spiky Shield|p1b: Glimmora\n|-singleturn|p1b: Glimmora|move: Protect\n|move|p2a: Fate|Bitter Blade|p1a: Sinistcha\n|-supereffective|p1a: Sinistcha\n|-damage|p1a: Sinistcha|56\/100\n|-heal|p2a: Fate|65\/100 tox|[from] drain|[of] p1a: Sinistcha\n|move|p1a: Sinistcha|Night Shade|p2b: Gob\n|-damage|p2b: Gob|70\/100\n|move|p2b: Gob|Ice Spinner|p1a: Sinistcha\n|-supereffective|p1a: Sinistcha\n|-damage|p1a: Sinistcha|36\/100\n|\n|-heal|p2b: Gob|76\/100|[from] item: Leftovers\n|-damage|p2a: Fate|28\/100 tox|[from] psn\n|upkeep\n|turn|25\n|inactive|Ajax47 has 120 seconds left.\n|\n|t:|1700362017\n|move|p1a: Sinistcha|Protect|p1a: Sinistcha\n|-singleturn|p1a: Sinistcha|Protect\n|move|p1b: Glimmora|Toxic|p2a: Fate\n|-fail|p2a: Fate|tox\n|move|p2a: Fate|Bitter Blade|p1a: Sinistcha\n|-activate|p1a: Sinistcha|move: Protect\n|move|p2b: Gob|Ice Spinner|p1a: Sinistcha\n|-activate|p1a: Sinistcha|move: Protect\n|\n|-heal|p2b: Gob|82\/100|[from] item: Leftovers\n|-damage|p2a: Fate|0 fnt|[from] psn\n|faint|p2a: Fate\n|upkeep\n|turn|26\n|j| mexy mex\n|\n|t:|1700362036\n|move|p1b: Glimmora|Spiky Shield|p1b: Glimmora\n|-singleturn|p1b: Glimmora|move: Protect\n|move|p1a: Sinistcha|Strength Sap|p2b: Gob\n|-ability|p2b: Gob|Sap Sipper|boost\n|-boost|p2b: Gob|atk|1\n|move|p2b: Gob|Ice Spinner|p1a: Sinistcha\n|-supereffective|p1a: Sinistcha\n|-damage|p1a: Sinistcha|5\/100\n|\n|-heal|p2b: Gob|88\/100|[from] item: Leftovers\n|upkeep\n|turn|27\n|inactive|Ajax47 has 120 seconds left.\n|\n|t:|1700362071\n|move|p1b: Glimmora|Reflect||[still]\n|-fail|p1b: Glimmora\n|move|p1a: Sinistcha|Strength Sap|p2b: Gob\n|-ability|p2b: Gob|Sap Sipper|boost\n|-boost|p2b: Gob|atk|1\n|move|p2b: Gob|Ice Spinner|p1a: Sinistcha\n|-supereffective|p1a: Sinistcha\n|-damage|p1a: Sinistcha|0 fnt\n|faint|p1a: Sinistcha\n|\n|-heal|p2b: Gob|94\/100|[from] item: Leftovers\n|upkeep\n|turn|28\n|l| mexy mex\n|c|\u2606Xitzel|Finally\n|\n|t:|1700362091\n|move|p1b: Glimmora|Spiky Shield|p1b: Glimmora\n|-singleturn|p1b: Glimmora|move: Protect\n|move|p2b: Gob|Ice Spinner|p1b: Glimmora\n|-activate|p1b: Glimmora|move: Protect\n|-damage|p2b: Gob|82\/100|[from] Spiky Shield|[of] p1b: Glimmora\n|\n|-heal|p2b: Gob|88\/100|[from] item: Leftovers\n|-sideend|p1: Ajax47|Reflect\n|upkeep\n|turn|29\n|c|\u2606Ajax47|XD what a battle\n|c|\u2606Xitzel|Fr\n|c|\u2606Ajax47|gg\n|-message|Ajax47 forfeited.\n|\n|win|Xitzel\n|raw|Ajax47's rating: 1128 &rarr; <strong>1096<\/strong><br \/>(-32 for losing)\n|raw|Xitzel's rating: 1024 &rarr; <strong>1071<\/strong><br \/>(+47 for winning)\n|l|\u2606Ajax47\n|c|\u2606Xitzel|gg\n","uploadtime":1700362130,"views":9,"p1id":"ajax47","p2id":"xitzel","formatid":"gen9doublesou","rating":1071,"private":0,"password":""}