{"id":"gen9doublesou-1983567654","p1":"Prob62","p2":"SaturnFr3ak","format":"[Gen 9] Doubles OU","log":"|j|\u2606Prob62\n|j|\u2606SaturnFr3ak\n|t:|1699144284\n|gametype|doubles\n|player|p1|Prob62|cynthia|1367\n|player|p2|SaturnFr3ak|mina|1345\n|teamsize|p1|6\n|teamsize|p2|6\n|gen|9\n|tier|[Gen 9] Doubles OU\n|rated|\n|rule|Species Clause: Limit one of each Pok\u00e9mon\n|rule|OHKO Clause: OHKO moves are banned\n|rule|Evasion Moves Clause: Evasion moves are banned\n|rule|Gravity Sleep Clause: The combination of sleep-inducing moves with imperfect accuracy and Gravity or Gigantamax Orbeetle are banned\n|rule|Endless Battle Clause: Forcing endless battles is banned\n|rule|HP Percentage Mod: HP is shown in percentages\n|clearpoke\n|poke|p1|Brute Bonnet|\n|poke|p1|Chien-Pao|\n|poke|p1|Landorus-Therian, M|\n|poke|p1|Flutter Mane|\n|poke|p1|Grimmsnarl, M|\n|poke|p1|Ogerpon-Hearthflame, F|\n|poke|p2|Stonjourner, F|\n|poke|p2|Chi-Yu|\n|poke|p2|Passimian, M|\n|poke|p2|Flutter Mane|\n|poke|p2|Muk-Alola, M|\n|poke|p2|Sinistcha-Masterpiece|\n|teampreview\n|inactive|Battle timer is ON: inactive players will automatically lose when time's up. (requested by Prob62)\n|inactive|SaturnFr3ak has 120 seconds left.\n|\n|t:|1699144325\n|start\n|switch|p1a: Landorus|Landorus-Therian, M|100\/100\n|switch|p1b: Flutter Mane|Flutter Mane|100\/100\n|switch|p2a: Roxie|Stonjourner, F, shiny|100\/100\n|switch|p2b: OJ|Passimian, M, shiny|100\/100\n|-ability|p1a: Landorus|Intimidate|boost\n|-unboost|p2a: Roxie|atk|1\n|-unboost|p2b: OJ|atk|1\n|-enditem|p1b: Flutter Mane|Booster Energy\n|-activate|p1b: Flutter Mane|ability: Protosynthesis|[fromitem]\n|-start|p1b: Flutter Mane|protosynthesisspe\n|turn|1\n|inactive|Prob62 has 120 seconds left.\n|\n|t:|1699144358\n|-terastallize|p2b: OJ|Ice\n|move|p1b: Flutter Mane|Dazzling Gleam|p2a: Roxie|[spread] p2a,p2b\n|-damage|p2a: Roxie|48\/100\n|-damage|p2b: OJ|55\/100\n|move|p2b: OJ|Tera Blast|p1a: Landorus|[anim] Tera Blast Ice\n|-supereffective|p1a: Landorus\n|-damage|p1a: Landorus|0 fnt\n|faint|p1a: Landorus\n|move|p2a: Roxie|Sunny Day|p2a: Roxie\n|-weather|SunnyDay\n|\n|-weather|SunnyDay|[upkeep]\n|upkeep\n|inactive|Prob62 has 120 seconds left.\n|\n|t:|1699144370\n|switch|p1a: Chien-Pao|Chien-Pao|100\/100\n|-ability|p1a: Chien-Pao|Sword of Ruin\n|turn|2\n|\n|t:|1699144395\n|switch|p2b: Envy|Muk-Alola, M, shiny|100\/100\n|move|p1a: Chien-Pao|Protect|p1a: Chien-Pao\n|-singleturn|p1a: Chien-Pao|Protect\n|move|p1b: Flutter Mane|Dazzling Gleam|p2b: Envy|[spread] p2a,p2b\n|-damage|p2a: Roxie|0 fnt\n|-damage|p2b: Envy|81\/100\n|faint|p2a: Roxie\n|-ability|p2b: Envy|Power Spot|[from] ability: Power of Alchemy|[of] p2a: Roxie\n|\n|-weather|SunnyDay|[upkeep]\n|upkeep\n|inactive|SaturnFr3ak has 120 seconds left.\n|\n|t:|1699144417\n|switch|p2a: Missy|Flutter Mane|100\/100\n|-activate|p2a: Missy|ability: Protosynthesis\n|-start|p2a: Missy|protosynthesisspa\n|turn|3\n|inactive|SaturnFr3ak has 120 seconds left.\n|inactive|Prob62 has 120 seconds left.\n|\n|t:|1699144460\n|move|p2b: Envy|Shadow Sneak|p1b: Flutter Mane\n|-supereffective|p1b: Flutter Mane\n|-crit|p1b: Flutter Mane\n|-damage|p1b: Flutter Mane|0 fnt\n|faint|p1b: Flutter Mane\n|-end|p1b: Flutter Mane|Protosynthesis|[silent]\n|move|p2a: Missy|Dazzling Gleam|p1a: Chien-Pao\n|-supereffective|p1a: Chien-Pao\n|-crit|p1a: Chien-Pao\n|-enditem|p1a: Chien-Pao|Focus Sash\n|-damage|p1a: Chien-Pao|1\/100\n|move|p1a: Chien-Pao|Throat Chop|p2a: Missy\n|-damage|p2a: Missy|0 fnt\n|faint|p2a: Missy\n|-end|p2a: Missy|Protosynthesis|[silent]\n|\n|-weather|SunnyDay|[upkeep]\n|upkeep\n|inactive|Prob62 has 120 seconds left.\n|inactive|Prob62 has 90 seconds left.\n|\n|t:|1699144510\n|switch|p1b: Grimmsnarl|Grimmsnarl, M|100\/100\n|switch|p2a: OJ|Passimian, M, shiny, tera:Ice|55\/100\n|turn|4\n|\n|t:|1699144521\n|move|p1b: Grimmsnarl|Reflect|p1b: Grimmsnarl\n|-sidestart|p1: Prob62|Reflect\n|move|p2b: Envy|Shadow Sneak|p1a: Chien-Pao\n|-resisted|p1a: Chien-Pao\n|-damage|p1a: Chien-Pao|0 fnt\n|faint|p1a: Chien-Pao\n|move|p2a: OJ|Close Combat|p1b: Grimmsnarl\n|-damage|p1b: Grimmsnarl|35\/100\n|-unboost|p2a: OJ|def|1\n|-unboost|p2a: OJ|spd|1\n|\n|-weather|SunnyDay|[upkeep]\n|upkeep\n|\n|t:|1699144531\n|switch|p1a: Ogerpon|Ogerpon-Hearthflame, F|100\/100\n|-ability|p1a: Ogerpon|Mold Breaker\n|turn|5\n|inactive|Prob62 has 120 seconds left.\n|\n|t:|1699144543\n|-terastallize|p1a: Ogerpon|Fire\n|detailschange|p1a: Ogerpon|Ogerpon-Hearthflame-Tera, F, tera:Fire\n|-ability|p1a: Ogerpon|Embody Aspect (Hearthflame)|boost\n|-boost|p1a: Ogerpon|atk|1\n|move|p1b: Grimmsnarl|Light Screen|p1b: Grimmsnarl\n|-sidestart|p1: Prob62|move: Light Screen\n|move|p2a: OJ|Close Combat|p1a: Ogerpon\n|-damage|p1a: Ogerpon|33\/100\n|-unboost|p2a: OJ|def|1\n|-unboost|p2a: OJ|spd|1\n|move|p1a: Ogerpon|Ivy Cudgel|p2b: Envy\n|-damage|p2b: Envy|0 fnt\n|faint|p2b: Envy\n|-ability|p2a: OJ|Power Spot|[from] ability: Receiver|[of] p2b: Envy\n|\n|-weather|SunnyDay|[upkeep]\n|upkeep\n|\n|t:|1699144565\n|switch|p2b: Nemo|Chi-Yu|100\/100\n|-ability|p2b: Nemo|Beads of Ruin\n|turn|6\n|c|\u2606SaturnFr3ak|Clearly you don't understand\n|inactive|SaturnFr3ak has 120 seconds left.\n|c|\u2606SaturnFr3ak|Even if one of my Pokemon is defeated, the Power of the Spot lives on\n|c|\u2606SaturnFr3ak|You killed the mon, not the idea\n|inactive|SaturnFr3ak has 90 seconds left.\n|\n|t:|1699144630\n|move|p1a: Ogerpon|Spiky Shield|p1a: Ogerpon\n|-singleturn|p1a: Ogerpon|move: Protect\n|move|p1b: Grimmsnarl|Parting Shot|p2a: OJ\n|-unboost|p2a: OJ|atk|1\n|-unboost|p2a: OJ|spa|1\n|\n|t:|1699144641\n|switch|p1b: Brute Bonnet|Brute Bonnet|100\/100|[from] Parting Shot\n|-activate|p1b: Brute Bonnet|ability: Protosynthesis\n|-start|p1b: Brute Bonnet|protosynthesisspd\n|move|p2a: OJ|Close Combat|p1a: Ogerpon\n|-activate|p1a: Ogerpon|move: Protect\n|-damage|p2a: OJ|43\/100|[from] Spiky Shield|[of] p1a: Ogerpon\n|move|p2b: Nemo|Heat Wave|p1a: Ogerpon|[spread] p1b\n|-activate|p1a: Ogerpon|move: Protect\n|-supereffective|p1b: Brute Bonnet\n|-damage|p1b: Brute Bonnet|13\/100\n|\n|-weather|SunnyDay|[upkeep]\n|-heal|p1b: Brute Bonnet|19\/100|[from] item: Leftovers\n|upkeep\n|turn|7\n|\n|t:|1699144656\n|move|p1b: Brute Bonnet|Sucker Punch|p2a: OJ\n|-damage|p2a: OJ|0 fnt\n|faint|p2a: OJ\n|move|p1a: Ogerpon|Ivy Cudgel|p2b: Nemo\n|-resisted|p2b: Nemo\n|-damage|p2b: Nemo|0 fnt\n|faint|p2b: Nemo\n|\n|-weather|SunnyDay|[upkeep]\n|-heal|p1b: Brute Bonnet|25\/100|[from] item: Leftovers\n|upkeep\n|\n|t:|1699144663\n|switch|p2b: Soba|Sinistcha-Masterpiece|100\/100\n|turn|8\n|c|\u2606Prob62|the idea seems to have died\n|inactive|SaturnFr3ak has 120 seconds left.\n|\n|t:|1699144676\n|move|p1a: Ogerpon|Ivy Cudgel|p2b: Soba\n|-supereffective|p2b: Soba\n|-damage|p2b: Soba|0 fnt\n|faint|p2b: Soba\n|\n|win|Prob62\n|raw|Prob62's rating: 1367 &rarr; <strong>1386<\/strong><br \/>(+19 for winning)\n|raw|SaturnFr3ak's rating: 1345 &rarr; <strong>1326<\/strong><br \/>(-19 for losing)\n|c|\u2606SaturnFr3ak|GG\n|l|\u2606SaturnFr3ak\n|c|\u2606Prob62|gg\n|l|\u2606Prob62\n|j|\u2606SaturnFr3ak\n|player|p2|SaturnFr3ak|mina\n","uploadtime":1699144742,"views":9,"p1id":"prob62","p2id":"saturnfr3ak","formatid":"gen9doublesou","rating":1326,"private":0,"password":""}