{"id":"gen9doublesou-1995269955","p1":"RLisanidiot","p2":"Bahg3012","format":"[Gen 9] Doubles OU","log":"|j|\u2606RLisanidiot\n|j|\u2606Bahg3012\n|t:|1700544346\n|gametype|doubles\n|player|p1|RLisanidiot|unknownf|1334\n|player|p2|Bahg3012|marlon|1329\n|teamsize|p1|6\n|teamsize|p2|6\n|gen|9\n|tier|[Gen 9] Doubles OU\n|rated|\n|rule|Species Clause: Limit one of each Pok\u00e9mon\n|rule|OHKO Clause: OHKO moves are banned\n|rule|Evasion Moves Clause: Evasion moves are banned\n|rule|Gravity Sleep Clause: The combination of sleep-inducing moves with imperfect accuracy and Gravity or Gigantamax Orbeetle are banned\n|rule|Endless Battle Clause: Forcing endless battles is banned\n|rule|HP Percentage Mod: HP is shown in percentages\n|clearpoke\n|poke|p1|Ninetales-Alola, F|\n|poke|p1|Chien-Pao|\n|poke|p1|Flutter Mane|\n|poke|p1|Tornadus, M|\n|poke|p1|Pachirisu, M|\n|poke|p1|Landorus-Therian, M|\n|poke|p2|Garchomp, M|\n|poke|p2|Tyranitar, M|\n|poke|p2|Ogerpon-Wellspring, F|\n|poke|p2|Talonflame, F|\n|poke|p2|Rillaboom, F|\n|poke|p2|Gholdengo|\n|teampreview\n|inactive|Battle timer is ON: inactive players will automatically lose when time's up. (requested by RLisanidiot)\n|inactive|Bahg3012 has 120 seconds left.\n|\n|t:|1700544379\n|start\n|switch|p1a: Ninetales|Ninetales-Alola, F, shiny|100\/100\n|switch|p1b: Landorus|Landorus-Therian, M, shiny|100\/100\n|switch|p2a: Garchomp|Garchomp, M|100\/100\n|switch|p2b: Talonflame|Talonflame, F, shiny|100\/100\n|-weather|Snow|[from] ability: Snow Warning|[of] p1a: Ninetales\n|-ability|p1b: Landorus|Intimidate|boost\n|-unboost|p2a: Garchomp|atk|1\n|-unboost|p2b: Talonflame|atk|1\n|turn|1\n|inactive|RLisanidiot has 120 seconds left.\n|\n|t:|1700544414\n|switch|p2a: Tyranitar|Tyranitar, M, shiny|100\/100\n|-weather|Sandstorm|[from] ability: Sand Stream|[of] p2a: Tyranitar\n|move|p2b: Talonflame|Flare Blitz|p1a: Ninetales\n|-supereffective|p1a: Ninetales\n|-damage|p1a: Ninetales|11\/100\n|-damage|p2b: Talonflame|66\/100|[from] Recoil\n|move|p1a: Ninetales|Aurora Veil||[still]\n|-fail|p1a: Ninetales\n|move|p1b: Landorus|U-turn|p2b: Talonflame\n|-resisted|p2b: Talonflame\n|-damage|p2b: Talonflame|57\/100\n|inactive|RLisanidiot has 120 seconds left.\n|\n|t:|1700544430\n|switch|p1b: Chien-Pao|Chien-Pao|100\/100|[from] U-turn\n|-ability|p1b: Chien-Pao|Sword of Ruin\n|\n|-weather|Sandstorm|[upkeep]\n|-damage|p2b: Talonflame|51\/100|[from] Sandstorm\n|-damage|p1a: Ninetales|5\/100|[from] Sandstorm\n|-damage|p1b: Chien-Pao|94\/100|[from] Sandstorm\n|upkeep\n|turn|2\n|\n|t:|1700544450\n|switch|p2a: Gholdengo|Gholdengo|100\/100\n|-terastallize|p1b: Chien-Pao|Electric\n|move|p1a: Ninetales|Helping Hand|p1b: Chien-Pao\n|-singleturn|p1b: Chien-Pao|Helping Hand|[of] p1a: Ninetales\n|move|p2b: Talonflame|Tailwind|p2b: Talonflame\n|-sidestart|p2: Bahg3012|move: Tailwind\n|move|p1b: Chien-Pao|Tera Blast|p2b: Talonflame|[anim] Tera Blast Electric\n|-supereffective|p2b: Talonflame\n|-damage|p2b: Talonflame|0 fnt\n|faint|p2b: Talonflame\n|\n|-weather|Sandstorm|[upkeep]\n|-damage|p1a: Ninetales|0 fnt|[from] Sandstorm\n|-damage|p1b: Chien-Pao|88\/100|[from] Sandstorm\n|faint|p1a: Ninetales\n|upkeep\n|\n|t:|1700544478\n|switch|p2b: Tyranitar|Tyranitar, M, shiny|100\/100\n|switch|p1a: Landorus|Landorus-Therian, M, shiny|100\/100\n|-ability|p1a: Landorus|Intimidate|boost\n|-unboost|p2a: Gholdengo|atk|1\n|-unboost|p2b: Tyranitar|atk|1\n|turn|3\n|\n|t:|1700544493\n|move|p1b: Chien-Pao|Sucker Punch|p2a: Gholdengo\n|-supereffective|p2a: Gholdengo\n|-damage|p2a: Gholdengo|0 fnt\n|faint|p2a: Gholdengo\n|move|p1a: Landorus|U-turn|p2b: Tyranitar\n|-supereffective|p2b: Tyranitar\n|-damage|p2b: Tyranitar|54\/100\n|-enditem|p2b: Tyranitar|Weakness Policy\n|-boost|p2b: Tyranitar|atk|2|[from] item: Weakness Policy\n|-boost|p2b: Tyranitar|spa|2|[from] item: Weakness Policy\n|\n|t:|1700544501\n|switch|p1a: Tornadus|Tornadus, M|100\/100|[from] U-turn\n|move|p2b: Tyranitar|Rock Slide|p1b: Chien-Pao|[spread] p1a\n|-miss|p2b: Tyranitar|p1b: Chien-Pao\n|-supereffective|p1a: Tornadus\n|-damage|p1a: Tornadus|0 fnt\n|faint|p1a: Tornadus\n|\n|-weather|Sandstorm|[upkeep]\n|-damage|p1b: Chien-Pao|82\/100|[from] Sandstorm\n|upkeep\n|\n|t:|1700544523\n|switch|p2a: Garchomp|Garchomp, M|100\/100\n|switch|p1a: Landorus|Landorus-Therian, M, shiny|100\/100\n|-ability|p1a: Landorus|Intimidate|boost\n|-unboost|p2a: Garchomp|atk|1\n|-unboost|p2b: Tyranitar|atk|1\n|turn|4\n|\n|t:|1700544549\n|move|p2a: Garchomp|Rock Slide|p1b: Chien-Pao|[spread] p1a,p1b\n|-damage|p1a: Landorus|85\/100\n|-damage|p1b: Chien-Pao|66\/100\n|cant|p1b: Chien-Pao|flinch\n|cant|p1a: Landorus|flinch\n|move|p2b: Tyranitar|Rock Slide|p1b: Chien-Pao|[spread] p1a,p1b\n|-damage|p1a: Landorus|46\/100\n|-damage|p1b: Chien-Pao|37\/100\n|\n|-weather|Sandstorm|[upkeep]\n|-damage|p1b: Chien-Pao|31\/100|[from] Sandstorm\n|upkeep\n|turn|5\n|inactive|Bahg3012 has 120 seconds left.\n|\n|t:|1700544586\n|switch|p1b: Pachirisu|Pachirisu, M|100\/100\n|move|p2b: Tyranitar|Protect|p2b: Tyranitar\n|-singleturn|p2b: Tyranitar|Protect\n|move|p2a: Garchomp|Earthquake|p1a: Landorus|[spread] p1b\n|-activate|p2b: Tyranitar|move: Protect\n|-immune|p1a: Landorus\n|-supereffective|p1b: Pachirisu\n|-damage|p1b: Pachirisu|41\/100\n|-enditem|p1b: Pachirisu|Sitrus Berry|[eat]\n|-heal|p1b: Pachirisu|66\/100|[from] item: Sitrus Berry\n|move|p1a: Landorus|U-turn|p2a: Garchomp\n|-damage|p2a: Garchomp|76\/100\n|\n|t:|1700544600\n|switch|p1a: Chien-Pao|Chien-Pao, tera:Electric|31\/100|[from] U-turn\n|-ability|p1a: Chien-Pao|Sword of Ruin\n|\n|-weather|none\n|-sideend|p2: Bahg3012|move: Tailwind\n|upkeep\n|turn|6\n|\n|t:|1700544625\n|switch|p2a: Ogerpon|Ogerpon-Wellspring, F|100\/100\n|move|p1a: Chien-Pao|Ice Spinner|p2a: Ogerpon\n|-crit|p2a: Ogerpon\n|-damage|p2a: Ogerpon|4\/100\n|move|p1b: Pachirisu|U-turn|p2b: Tyranitar\n|-supereffective|p2b: Tyranitar\n|-damage|p2b: Tyranitar|32\/100\n|\n|t:|1700544632\n|switch|p1b: Landorus|Landorus-Therian, M, shiny|46\/100|[from] U-turn\n|-ability|p1b: Landorus|Intimidate|boost\n|-unboost|p2a: Ogerpon|atk|1\n|-unboost|p2b: Tyranitar|atk|1\n|move|p2b: Tyranitar|Stomping Tantrum|p1a: Chien-Pao\n|-supereffective|p1a: Chien-Pao\n|-damage|p1a: Chien-Pao|0 fnt\n|faint|p1a: Chien-Pao\n|\n|upkeep\n|\n|t:|1700544642\n|switch|p1a: Flutter Mane|Flutter Mane|100\/100\n|turn|7\n|\n|t:|1700544665\n|switch|p1b: Pachirisu|Pachirisu, M|66\/100\n|switch|p2b: Rillaboom|Rillaboom, F, shiny|100\/100\n|-fieldstart|move: Grassy Terrain|[from] ability: Grassy Surge|[of] p2b: Rillaboom\n|move|p2a: Ogerpon|Grassy Glide|p1a: Flutter Mane\n|-damage|p1a: Flutter Mane|35\/100\n|move|p1a: Flutter Mane|Dazzling Gleam|p2a: Ogerpon|[spread] p2a,p2b\n|-damage|p2a: Ogerpon|0 fnt\n|-damage|p2b: Rillaboom|64\/100\n|faint|p2a: Ogerpon\n|\n|-heal|p1a: Flutter Mane|41\/100|[from] Grassy Terrain\n|-heal|p1b: Pachirisu|72\/100|[from] Grassy Terrain\n|-heal|p2b: Rillaboom|70\/100|[from] Grassy Terrain\n|upkeep\n|inactive|Bahg3012 has 120 seconds left.\n|\n|t:|1700544685\n|switch|p2a: Tyranitar|Tyranitar, M, shiny|32\/100\n|-weather|Sandstorm|[from] ability: Sand Stream|[of] p2a: Tyranitar\n|turn|8\n|\n|t:|1700544696\n|move|p2a: Tyranitar|Protect|p2a: Tyranitar\n|-singleturn|p2a: Tyranitar|Protect\n|move|p1b: Pachirisu|Follow Me|p1b: Pachirisu\n|-singleturn|p1b: Pachirisu|move: Follow Me\n|move|p2b: Rillaboom|Grassy Glide|p1b: Pachirisu\n|-damage|p1b: Pachirisu|32\/100\n|move|p1a: Flutter Mane|Dazzling Gleam|p2b: Rillaboom|[spread] p2b\n|-activate|p2a: Tyranitar|move: Protect\n|-damage|p2b: Rillaboom|33\/100\n|\n|-weather|Sandstorm|[upkeep]\n|-damage|p1a: Flutter Mane|35\/100|[from] Sandstorm\n|-damage|p1b: Pachirisu|25\/100|[from] Sandstorm\n|-damage|p2b: Rillaboom|27\/100|[from] Sandstorm\n|-heal|p1a: Flutter Mane|41\/100|[from] Grassy Terrain\n|-heal|p1b: Pachirisu|32\/100|[from] Grassy Terrain\n|-heal|p2b: Rillaboom|33\/100|[from] Grassy Terrain\n|-heal|p2a: Tyranitar|38\/100|[from] Grassy Terrain\n|upkeep\n|turn|9\n|inactive|Bahg3012 has 120 seconds left.\n|\n|t:|1700544729\n|move|p2a: Tyranitar|Protect|p2a: Tyranitar\n|-singleturn|p2a: Tyranitar|Protect\n|move|p1b: Pachirisu|Follow Me|p1b: Pachirisu\n|-singleturn|p1b: Pachirisu|move: Follow Me\n|move|p2b: Rillaboom|Grassy Glide|p1b: Pachirisu\n|-damage|p1b: Pachirisu|0 fnt\n|faint|p1b: Pachirisu\n|move|p1a: Flutter Mane|Dazzling Gleam|p2a: Tyranitar|[spread] p2b\n|-activate|p2a: Tyranitar|move: Protect\n|-damage|p2b: Rillaboom|0 fnt\n|faint|p2b: Rillaboom\n|\n|-weather|Sandstorm|[upkeep]\n|-damage|p1a: Flutter Mane|35\/100|[from] Sandstorm\n|-heal|p1a: Flutter Mane|41\/100|[from] Grassy Terrain\n|-heal|p2a: Tyranitar|44\/100|[from] Grassy Terrain\n|upkeep\n|\n|t:|1700544747\n|switch|p1b: Landorus|Landorus-Therian, M, shiny|46\/100\n|switch|p2b: Garchomp|Garchomp, M|76\/100\n|-ability|p1b: Landorus|Intimidate|boost\n|-unboost|p2a: Tyranitar|atk|1\n|-unboost|p2b: Garchomp|atk|1\n|turn|10\n|\n|t:|1700544768\n|-terastallize|p2b: Garchomp|Ground\n|move|p1a: Flutter Mane|Dazzling Gleam|p2a: Tyranitar|[spread] p2a,p2b\n|-supereffective|p2a: Tyranitar\n|-damage|p2a: Tyranitar|0 fnt\n|-damage|p2b: Garchomp|19\/100\n|faint|p2a: Tyranitar\n|move|p2b: Garchomp|Rock Slide|p1a: Flutter Mane|[spread] p1a,p1b\n|-damage|p1a: Flutter Mane|11\/100\n|-damage|p1b: Landorus|33\/100\n|move|p1b: Landorus|Sandsear Storm|p2b: Garchomp\n|-damage|p2b: Garchomp|0 fnt\n|faint|p2b: Garchomp\n|\n|win|RLisanidiot\n|raw|RLisanidiot's rating: 1334 &rarr; <strong>1354<\/strong><br \/>(+20 for winning)\n|raw|Bahg3012's rating: 1329 &rarr; <strong>1309<\/strong><br \/>(-20 for losing)\n|l|\u2606Bahg3012\n","uploadtime":1700544784,"views":11,"p1id":"rlisanidiot","p2id":"bahg3012","formatid":"gen9doublesou","rating":1309,"private":0,"password":""}