{"id":"gen9doublesou-1988710746","p1":"VikrThe","p2":"CodyReborn","format":"[Gen 9] Doubles OU","log":"|j|\u2606VikrThe\n|j|\u2606CodyReborn\n|t:|1699753518\n|gametype|doubles\n|player|p1|VikrThe|265|1205\n|player|p2|CodyReborn|pokemaniac|1349\n|teamsize|p1|6\n|teamsize|p2|6\n|gen|9\n|tier|[Gen 9] Doubles OU\n|rated|\n|rule|Species Clause: Limit one of each Pok\u00e9mon\n|rule|OHKO Clause: OHKO moves are banned\n|rule|Evasion Moves Clause: Evasion moves are banned\n|rule|Gravity Sleep Clause: The combination of sleep-inducing moves with imperfect accuracy and Gravity or Gigantamax Orbeetle are banned\n|rule|Endless Battle Clause: Forcing endless battles is banned\n|rule|HP Percentage Mod: HP is shown in percentages\n|clearpoke\n|poke|p1|Lurantis, F|\n|poke|p1|Sinistcha|\n|poke|p1|Indeedee-F, F|\n|poke|p1|Ursaluna-Bloodmoon, M|\n|poke|p1|Chandelure, M|\n|poke|p1|Conkeldurr, F|\n|poke|p2|Milotic, F|\n|poke|p2|Kingambit, M|\n|poke|p2|Heatran, M|\n|poke|p2|Dragapult, M|\n|poke|p2|Zapdos|\n|poke|p2|Rillaboom, M|\n|teampreview\n|\n|t:|1699753544\n|start\n|switch|p1a: Chandelure|Chandelure, M|100\/100\n|switch|p1b: Conkeldurr|Conkeldurr, F|100\/100\n|switch|p2a: Heatran|Heatran, M, shiny|100\/100\n|switch|p2b: Rillaboom|Rillaboom, M, shiny|100\/100\n|-fieldstart|move: Grassy Terrain|[from] ability: Grassy Surge|[of] p2b: Rillaboom\n|turn|1\n|\n|t:|1699753566\n|move|p1b: Conkeldurr|Protect|p1b: Conkeldurr\n|-singleturn|p1b: Conkeldurr|Protect\n|move|p2b: Rillaboom|Fake Out|p1a: Chandelure\n|-immune|p1a: Chandelure\n|move|p2a: Heatran|Taunt|p1a: Chandelure\n|-start|p1a: Chandelure|move: Taunt\n|cant|p1a: Chandelure|move: Taunt|Trick Room\n|\n|-status|p1b: Conkeldurr|brn|[from] item: Flame Orb\n|upkeep\n|turn|2\n|\n|t:|1699753590\n|switch|p1a: Indeedee|Indeedee-F, F|100\/100\n|-fieldstart|move: Psychic Terrain|[from] ability: Psychic Surge|[of] p1a: Indeedee\n|move|p2b: Rillaboom|Wood Hammer|p1b: Conkeldurr\n|-damage|p1b: Conkeldurr|50\/100 brn\n|-damage|p2b: Rillaboom|83\/100|[from] Recoil\n|move|p2a: Heatran|Magma Storm|p1b: Conkeldurr\n|-damage|p1b: Conkeldurr|1\/100 brn\n|-activate|p1b: Conkeldurr|move: Magma Storm|[of] p2a: Heatran\n|move|p1b: Conkeldurr|Fling|p2b: Rillaboom\n|-damage|p2b: Rillaboom|68\/100\n|-status|p2b: Rillaboom|brn\n|-enditem|p1b: Conkeldurr|Flame Orb|[from] move: Fling\n|\n|-damage|p2b: Rillaboom|62\/100 brn|[from] brn\n|-damage|p1b: Conkeldurr|0 fnt|[from] brn\n|faint|p1b: Conkeldurr\n|upkeep\n|\n|t:|1699753606\n|switch|p1b: Ursaluna|Ursaluna-Bloodmoon, M|100\/100\n|turn|3\n|\n|t:|1699753620\n|-terastallize|p2a: Heatran|Grass\n|move|p2b: Rillaboom|U-turn|p1a: Indeedee\n|-supereffective|p1a: Indeedee\n|-damage|p1a: Indeedee|71\/100\n|\n|t:|1699753625\n|switch|p2b: Milotic|Milotic, F, shiny|100\/100|[from] U-turn\n|move|p2a: Heatran|Magma Storm|p1b: Ursaluna\n|-damage|p1b: Ursaluna|54\/100\n|-activate|p1b: Ursaluna|move: Magma Storm|[of] p2a: Heatran\n|move|p1b: Ursaluna|Calm Mind|p1b: Ursaluna\n|-boost|p1b: Ursaluna|spa|1\n|-boost|p1b: Ursaluna|spd|1\n|move|p1a: Indeedee|Trick Room|p1a: Indeedee\n|-fieldstart|move: Trick Room|[of] p1a: Indeedee\n|\n|-heal|p1b: Ursaluna|60\/100|[from] item: Leftovers\n|-damage|p1b: Ursaluna|48\/100|[from] move: Magma Storm|[partiallytrapped]\n|-status|p2b: Milotic|brn|[from] item: Flame Orb\n|upkeep\n|turn|4\n|\n|t:|1699753643\n|move|p1a: Indeedee|Follow Me|p1a: Indeedee\n|-singleturn|p1a: Indeedee|move: Follow Me\n|move|p1b: Ursaluna|Blood Moon|p2a: Heatran\n|-damage|p2a: Heatran|20\/100\n|move|p2b: Milotic|Icy Wind|p1a: Indeedee|[spread] p1b\n|-miss|p2b: Milotic|p1a: Indeedee\n|-supereffective|p1b: Ursaluna\n|-damage|p1b: Ursaluna|33\/100\n|-unboost|p1b: Ursaluna|spe|1\n|move|p2a: Heatran|Magma Storm|p1a: Indeedee\n|-damage|p1a: Indeedee|40\/100\n|-activate|p1a: Indeedee|move: Magma Storm|[of] p2a: Heatran\n|\n|-heal|p1b: Ursaluna|39\/100|[from] item: Leftovers\n|-heal|p2a: Heatran|27\/100|[from] item: Leftovers\n|-damage|p2b: Milotic|94\/100 brn|[from] brn\n|-damage|p1b: Ursaluna|27\/100|[from] move: Magma Storm|[partiallytrapped]\n|-damage|p1a: Indeedee|27\/100|[from] move: Magma Storm|[partiallytrapped]\n|upkeep\n|turn|5\n|\n|t:|1699753665\n|move|p1a: Indeedee|Follow Me|p1a: Indeedee\n|-singleturn|p1a: Indeedee|move: Follow Me\n|move|p1b: Ursaluna|Earth Power|p2a: Heatran\n|-resisted|p2a: Heatran\n|-damage|p2a: Heatran|0 fnt\n|faint|p2a: Heatran\n|move|p2b: Milotic|Scald|p1a: Indeedee\n|-damage|p1a: Indeedee|6\/100\n|-status|p1a: Indeedee|brn\n|\n|-heal|p1b: Ursaluna|33\/100|[from] item: Leftovers\n|-damage|p1a: Indeedee|0 fnt|[from] brn\n|faint|p1a: Indeedee\n|-damage|p2b: Milotic|88\/100 brn|[from] brn\n|-end|p1b: Ursaluna|Magma Storm|[partiallytrapped]|[silent]\n|upkeep\n|\n|t:|1699753681\n|switch|p1a: Lurantis|Lurantis, F|100\/100\n|switch|p2a: Rillaboom|Rillaboom, M, shiny|62\/100 brn\n|-fieldstart|move: Grassy Terrain|[from] ability: Grassy Surge|[of] p2a: Rillaboom\n|turn|6\n|\n|t:|1699753698\n|move|p1b: Ursaluna|Protect|p1b: Ursaluna\n|-singleturn|p1b: Ursaluna|Protect\n|move|p2a: Rillaboom|Fake Out|p1b: Ursaluna\n|-activate|p1b: Ursaluna|move: Protect\n|move|p1a: Lurantis|Superpower|p2a: Rillaboom\n|-damage|p2a: Rillaboom|29\/100 brn\n|-boost|p1a: Lurantis|atk|1\n|-boost|p1a: Lurantis|def|1\n|move|p2b: Milotic|Icy Wind|p1b: Ursaluna|[spread] p1a\n|-activate|p1b: Ursaluna|move: Protect\n|-supereffective|p1a: Lurantis\n|-damage|p1a: Lurantis|87\/100\n|-boost|p1a: Lurantis|spe|1\n|\n|-heal|p1b: Ursaluna|39\/100|[from] Grassy Terrain\n|-heal|p1b: Ursaluna|45\/100|[from] item: Leftovers\n|-heal|p1a: Lurantis|93\/100|[from] Grassy Terrain\n|-heal|p2b: Milotic|94\/100 brn|[from] Grassy Terrain\n|-heal|p2a: Rillaboom|35\/100 brn|[from] Grassy Terrain\n|-damage|p2b: Milotic|88\/100 brn|[from] brn\n|-damage|p2a: Rillaboom|29\/100 brn|[from] brn\n|upkeep\n|turn|7\n|\n|t:|1699753729\n|move|p1b: Ursaluna|Blood Moon|p2b: Milotic\n|-damage|p2b: Milotic|14\/100 brn\n|move|p1a: Lurantis|Superpower|p2a: Rillaboom\n|-damage|p2a: Rillaboom|0 fnt\n|-boost|p1a: Lurantis|atk|1\n|-boost|p1a: Lurantis|def|1\n|faint|p2a: Rillaboom\n|move|p2b: Milotic|Scald|p1a: Lurantis\n|-resisted|p1a: Lurantis\n|-damage|p1a: Lurantis|82\/100\n|-status|p1a: Lurantis|brn\n|\n|-heal|p1b: Ursaluna|51\/100|[from] Grassy Terrain\n|-heal|p1b: Ursaluna|57\/100|[from] item: Leftovers\n|-heal|p1a: Lurantis|88\/100 brn|[from] Grassy Terrain\n|-heal|p2b: Milotic|21\/100 brn|[from] Grassy Terrain\n|-damage|p1a: Lurantis|82\/100 brn|[from] brn\n|-damage|p2b: Milotic|14\/100 brn|[from] brn\n|-fieldend|move: Trick Room\n|upkeep\n|\n|t:|1699753753\n|switch|p2a: Zapdos|Zapdos, shiny|100\/100\n|turn|8\n|\n|t:|1699753777\n|move|p2a: Zapdos|Heat Wave|p1b: Ursaluna|[spread] p1a,p1b\n|-supereffective|p1a: Lurantis\n|-damage|p1a: Lurantis|48\/100 brn\n|-damage|p1b: Ursaluna|37\/100\n|move|p2b: Milotic|Recover|p2b: Milotic\n|-heal|p2b: Milotic|64\/100 brn\n|move|p1a: Lurantis|Leaf Blade|p2b: Milotic\n|-supereffective|p2b: Milotic\n|-damage|p2b: Milotic|0 fnt\n|faint|p2b: Milotic\n|move|p1b: Ursaluna|Earth Power|p2a: Zapdos\n|-immune|p2a: Zapdos\n|\n|-heal|p1a: Lurantis|54\/100 brn|[from] Grassy Terrain\n|-heal|p1b: Ursaluna|43\/100|[from] Grassy Terrain\n|-heal|p1b: Ursaluna|49\/100|[from] item: Leftovers\n|-damage|p1a: Lurantis|48\/100 brn|[from] brn\n|upkeep\n|\n|t:|1699753795\n|switch|p2b: Dragapult|Dragapult, M, shiny|100\/100\n|turn|9\n|\n|t:|1699753808\n|move|p1b: Ursaluna|Protect|p1b: Ursaluna\n|-singleturn|p1b: Ursaluna|Protect\n|move|p2b: Dragapult|Dragon Darts|p1a: Lurantis\n|-damage|p1a: Lurantis|26\/100 brn\n|-anim|p2b: Dragapult|Dragon Darts|p1a: Lurantis\n|-damage|p1a: Lurantis|3\/100 brn\n|move|p2a: Zapdos|Heat Wave|p1a: Lurantis|[spread] p1a\n|-activate|p1b: Ursaluna|move: Protect\n|-supereffective|p1a: Lurantis\n|-damage|p1a: Lurantis|0 fnt\n|faint|p1a: Lurantis\n|\n|-heal|p1b: Ursaluna|55\/100|[from] Grassy Terrain\n|-heal|p1b: Ursaluna|61\/100|[from] item: Leftovers\n|upkeep\n|\n|t:|1699753820\n|switch|p1a: Chandelure|Chandelure, M|100\/100\n|turn|10\n|\n|t:|1699753848\n|move|p2b: Dragapult|Dragon Darts|p1b: Ursaluna\n|-damage|p1b: Ursaluna|34\/100\n|-anim|p2b: Dragapult|Dragon Darts|p1a: Chandelure\n|-damage|p1a: Chandelure|51\/100\n|move|p2a: Zapdos|Thunderbolt|p1a: Chandelure\n|-damage|p1a: Chandelure|2\/100\n|move|p1b: Ursaluna|Blood Moon|p2a: Zapdos\n|-damage|p2a: Zapdos|0 fnt\n|faint|p2a: Zapdos\n|move|p1a: Chandelure|Trick Room|p1a: Chandelure\n|-fieldstart|move: Trick Room|[of] p1a: Chandelure\n|-enditem|p1a: Chandelure|Room Service\n|-unboost|p1a: Chandelure|spe|1|[from] item: Room Service\n|\n|-heal|p1b: Ursaluna|40\/100|[from] Grassy Terrain\n|-heal|p1b: Ursaluna|46\/100|[from] item: Leftovers\n|-heal|p1a: Chandelure|8\/100|[from] Grassy Terrain\n|-fieldend|move: Grassy Terrain\n|upkeep\n|\n|t:|1699753864\n|switch|p2a: Kingambit|Kingambit, M, shiny|100\/100\n|turn|11\n|\n|t:|1699753869\n|move|p1a: Chandelure|Protect|p1a: Chandelure\n|-singleturn|p1a: Chandelure|Protect\n|move|p1b: Ursaluna|Earth Power|p2a: Kingambit\n|-supereffective|p2a: Kingambit\n|-damage|p2a: Kingambit|0 fnt\n|faint|p2a: Kingambit\n|move|p2b: Dragapult|Dragon Darts|p1b: Ursaluna\n|-damage|p1b: Ursaluna|19\/100\n|-anim|p2b: Dragapult|Dragon Darts|p1b: Ursaluna\n|-damage|p1b: Ursaluna|0 fnt\n|faint|p1b: Ursaluna\n|\n|upkeep\n|\n|t:|1699753875\n|switch|p1b: Sinistcha|Sinistcha|100\/100\n|-heal|p1a: Chandelure|33\/100|[from] ability: Hospitality|[of] p1b: Sinistcha\n|turn|12\n|\n|t:|1699753883\n|move|p1a: Chandelure|Shadow Ball|p2b: Dragapult\n|-supereffective|p2b: Dragapult\n|-damage|p2b: Dragapult|0 fnt\n|faint|p2b: Dragapult\n|\n|win|VikrThe\n|raw|VikrThe's rating: 1205 &rarr; <strong>1240<\/strong><br \/>(+35 for winning)\n|raw|CodyReborn's rating: 1349 &rarr; <strong>1321<\/strong><br \/>(-28 for losing)\n","uploadtime":1699753887,"views":15,"p1id":"vikrthe","p2id":"codyreborn","formatid":"gen9doublesou","rating":1240,"private":0,"password":""}