{"id":"gen9doublesou-1998621657","p1":"Brgl","p2":"UY QUE RICO PAPI","format":"[Gen 9] Doubles OU","log":"|j|\u2606Brgl\n|j|\u2606UY QUE RICO PAPI\n|t:|1700964040\n|gametype|doubles\n|player|p1|Brgl|giovanni|1196\n|player|p2|UY QUE RICO PAPI|169|1271\n|teamsize|p1|6\n|teamsize|p2|6\n|gen|9\n|tier|[Gen 9] Doubles OU\n|rated|\n|rule|Species Clause: Limit one of each Pok\u00e9mon\n|rule|OHKO Clause: OHKO moves are banned\n|rule|Evasion Moves Clause: Evasion moves are banned\n|rule|Gravity Sleep Clause: The combination of sleep-inducing moves with imperfect accuracy and Gravity or Gigantamax Orbeetle are banned\n|rule|Endless Battle Clause: Forcing endless battles is banned\n|rule|HP Percentage Mod: HP is shown in percentages\n|clearpoke\n|poke|p1|Ninetales-Alola, F|\n|poke|p1|Sandslash-Alola, F|\n|poke|p1|Iron Hands|\n|poke|p1|Chi-Yu|\n|poke|p1|Indeedee-F, F|\n|poke|p1|Roaring Moon|\n|poke|p2|Sinistcha|\n|poke|p2|Sableye, M|\n|poke|p2|Garganacl, F|\n|poke|p2|Ting-Lu|\n|poke|p2|Cresselia, F|\n|poke|p2|Scream Tail|\n|teampreview\n|inactive|Battle timer is ON: inactive players will automatically lose when time's up. (requested by Brgl)\n|inactive|Brgl has 120 seconds left.\n|\n|t:|1700964072\n|start\n|switch|p1a: Iron Hands|Iron Hands|100\/100\n|switch|p1b: Chi-Yu|Chi-Yu|100\/100\n|switch|p2a: Sableye|Sableye, M|100\/100\n|switch|p2b: Scream Tail|Scream Tail|100\/100\n|-ability|p1b: Chi-Yu|Beads of Ruin\n|turn|1\n|\n|t:|1700964090\n|move|p1a: Iron Hands|Fake Out|p2b: Scream Tail\n|-damage|p2b: Scream Tail|93\/100\n|move|p2a: Sableye|Light Screen|p2a: Sableye\n|-sidestart|p2: UY QUE RICO PAPI|move: Light Screen\n|move|p1b: Chi-Yu|Substitute|p1b: Chi-Yu\n|-start|p1b: Chi-Yu|Substitute\n|-damage|p1b: Chi-Yu|76\/100\n|cant|p2b: Scream Tail|flinch\n|\n|upkeep\n|turn|2\n|\n|t:|1700964117\n|move|p2a: Sableye|Reflect|p2a: Sableye\n|-sidestart|p2: UY QUE RICO PAPI|Reflect\n|move|p1b: Chi-Yu|Nasty Plot|p1b: Chi-Yu\n|-boost|p1b: Chi-Yu|spa|2\n|move|p2b: Scream Tail|Perish Song|p2b: Scream Tail\n|-start|p1a: Iron Hands|perish3|[silent]\n|-start|p1b: Chi-Yu|perish3|[silent]\n|-start|p2a: Sableye|perish3|[silent]\n|-start|p2b: Scream Tail|perish3|[silent]\n|-fieldactivate|move: Perish Song\n|move|p1a: Iron Hands|Wild Charge|p2b: Scream Tail\n|-damage|p2b: Scream Tail|75\/100\n|-damage|p1a: Iron Hands|96\/100|[from] Recoil\n|\n|-start|p1b: Chi-Yu|perish3\n|-start|p2b: Scream Tail|perish3\n|-start|p1a: Iron Hands|perish3\n|-start|p2a: Sableye|perish3\n|upkeep\n|turn|3\n|\n|t:|1700964133\n|switch|p2a: Ting-Lu|Ting-Lu|100\/100\n|-ability|p2a: Ting-Lu|Vessel of Ruin\n|move|p1b: Chi-Yu|Heat Wave|p2b: Scream Tail|[spread] p2a,p2b\n|-damage|p2a: Ting-Lu|46\/100\n|-damage|p2b: Scream Tail|26\/100\n|-enditem|p2b: Scream Tail|Sitrus Berry|[eat]\n|-heal|p2b: Scream Tail|51\/100|[from] item: Sitrus Berry\n|-damage|p1b: Chi-Yu|66\/100|[from] item: Life Orb\n|move|p2b: Scream Tail|Stealth Rock|p1b: Chi-Yu\n|-sidestart|p1: Brgl|move: Stealth Rock\n|move|p1a: Iron Hands|Volt Switch|p2b: Scream Tail\n|-damage|p2b: Scream Tail|46\/100\n|inactive|Brgl has 120 seconds left.\n|\n|t:|1700964160\n|-end|p1a: Iron Hands|Quark Drive|[silent]\n|switch|p1a: Indeedee|Indeedee-F, F|100\/100|[from] Volt Switch\n|-damage|p1a: Indeedee|88\/100|[from] Stealth Rock\n|-fieldstart|move: Psychic Terrain|[from] ability: Psychic Surge|[of] p1a: Indeedee\n|\n|-heal|p2a: Ting-Lu|52\/100|[from] item: Leftovers\n|-start|p1b: Chi-Yu|perish2\n|-start|p2b: Scream Tail|perish2\n|upkeep\n|turn|4\n|\n|t:|1700964178\n|-end|p2b: Scream Tail|Protosynthesis|[silent]\n|switch|p2b: Garganacl|Garganacl, F|100\/100\n|move|p2a: Ting-Lu|Protect|p2a: Ting-Lu\n|-singleturn|p2a: Ting-Lu|Protect\n|move|p1b: Chi-Yu|Heat Wave|p2b: Garganacl|[spread] \n|-activate|p2a: Ting-Lu|move: Protect\n|-miss|p1b: Chi-Yu|p2b: Garganacl\n|move|p1a: Indeedee|Trick|p2b: Garganacl\n|-activate|p1a: Indeedee|move: Trick|[of] p2b: Garganacl\n|-item|p2b: Garganacl|Choice Specs|[from] move: Trick\n|-item|p1a: Indeedee|Leftovers|[from] move: Trick\n|\n|-heal|p1a: Indeedee|94\/100|[from] item: Leftovers\n|-heal|p2a: Ting-Lu|58\/100|[from] item: Leftovers\n|-start|p1b: Chi-Yu|perish1\n|upkeep\n|turn|5\n|\n|t:|1700964204\n|switch|p1b: Iron Hands|Iron Hands|96\/100\n|-damage|p1b: Iron Hands|90\/100|[from] Stealth Rock\n|move|p1a: Indeedee|Follow Me|p1a: Indeedee\n|-singleturn|p1a: Indeedee|move: Follow Me\n|move|p2a: Ting-Lu|Spikes|p1b: Iron Hands\n|-sidestart|p1: Brgl|Spikes\n|move|p2b: Garganacl|Salt Cure|p1a: Indeedee\n|-damage|p1a: Indeedee|72\/100\n|-start|p1a: Indeedee|Salt Cure\n|\n|-heal|p1a: Indeedee|78\/100|[from] item: Leftovers\n|-heal|p2a: Ting-Lu|65\/100|[from] item: Leftovers\n|-damage|p1a: Indeedee|66\/100|[from] Salt Cure\n|upkeep\n|turn|6\n|\n|t:|1700964231\n|switch|p2b: Sinistcha|Sinistcha|100\/100\n|-heal|p2a: Ting-Lu|89\/100|[from] ability: Hospitality|[of] p2b: Sinistcha\n|move|p2a: Ting-Lu|Protect|p2a: Ting-Lu\n|-singleturn|p2a: Ting-Lu|Protect\n|move|p1b: Iron Hands|Fake Out|p2a: Ting-Lu\n|-activate|p2a: Ting-Lu|move: Psychic Terrain\n|move|p1a: Indeedee|Psyshock|p2b: Sinistcha\n|-damage|p2b: Sinistcha|86\/100\n|\n|-heal|p1a: Indeedee|72\/100|[from] item: Leftovers\n|-heal|p2b: Sinistcha|92\/100|[from] item: Leftovers\n|-heal|p2a: Ting-Lu|96\/100|[from] item: Leftovers\n|-damage|p1a: Indeedee|60\/100|[from] Salt Cure\n|upkeep\n|turn|7\n|\n|t:|1700964252\n|switch|p1a: Ninetales|Ninetales-Alola, F|100\/100\n|-damage|p1a: Ninetales|76\/100|[from] Stealth Rock\n|-damage|p1a: Ninetales|64\/100|[from] Spikes\n|-weather|Snow|[from] ability: Snow Warning|[of] p1a: Ninetales\n|move|p2b: Sinistcha|Rage Powder|p2b: Sinistcha\n|-singleturn|p2b: Sinistcha|move: Rage Powder\n|move|p1b: Iron Hands|Drain Punch|p2b: Sinistcha\n|-immune|p2b: Sinistcha\n|move|p2a: Ting-Lu|Spikes|p1a: Ninetales\n|-sidestart|p1: Brgl|Spikes\n|\n|-weather|Snow|[upkeep]\n|-heal|p2b: Sinistcha|98\/100|[from] item: Leftovers\n|-heal|p2a: Ting-Lu|100\/100|[from] item: Leftovers\n|-fieldend|move: Psychic Terrain\n|upkeep\n|turn|8\n|\n|t:|1700964276\n|switch|p2b: Sableye|Sableye, M|100\/100\n|-terastallize|p2a: Ting-Lu|Poison\n|move|p1a: Ninetales|Icy Wind|p2b: Sableye|[spread] p2a\n|-miss|p1a: Ninetales|p2b: Sableye\n|-damage|p2a: Ting-Lu|94\/100\n|-unboost|p2a: Ting-Lu|spe|1\n|move|p1b: Iron Hands|Volt Switch|p2b: Sableye\n|-crit|p2b: Sableye\n|-damage|p2b: Sableye|86\/100\n|\n|t:|1700964283\n|-end|p1b: Iron Hands|Quark Drive|[silent]\n|switch|p1b: Sandslash|Sandslash-Alola, F|100\/100|[from] Volt Switch\n|-damage|p1b: Sandslash|88\/100|[from] Stealth Rock\n|-damage|p1b: Sandslash|72\/100|[from] Spikes\n|move|p2a: Ting-Lu|Spikes|p1a: Ninetales\n|-sidestart|p1: Brgl|Spikes\n|\n|-weather|Snow|[upkeep]\n|-heal|p2a: Ting-Lu|100\/100|[from] item: Leftovers\n|-sideend|p2: UY QUE RICO PAPI|move: Light Screen\n|upkeep\n|turn|9\n|\n|t:|1700964310\n|move|p2b: Sableye|Light Screen|p2b: Sableye\n|-sidestart|p2: UY QUE RICO PAPI|move: Light Screen\n|move|p1b: Sandslash|Swords Dance|p1b: Sandslash\n|-boost|p1b: Sandslash|atk|2\n|move|p1a: Ninetales|Aurora Veil|p1a: Ninetales\n|-sidestart|p1: Brgl|move: Aurora Veil\n|move|p2a: Ting-Lu|Whirlwind|p1a: Ninetales\n|drag|p1a: Roaring Moon|Roaring Moon|100\/100\n|-damage|p1a: Roaring Moon|88\/100|[from] Stealth Rock\n|-damage|p1a: Roaring Moon|63\/100|[from] Spikes\n|-enditem|p1a: Roaring Moon|Booster Energy\n|-activate|p1a: Roaring Moon|ability: Protosynthesis|[fromitem]\n|-start|p1a: Roaring Moon|protosynthesisatk\n|\n|-weather|Snow|[upkeep]\n|-sideend|p2: UY QUE RICO PAPI|Reflect\n|upkeep\n|turn|10\n|\n|t:|1700964331\n|move|p2a: Ting-Lu|Protect|p2a: Ting-Lu\n|-singleturn|p2a: Ting-Lu|Protect\n|move|p2b: Sableye|Reflect|p2b: Sableye\n|-sidestart|p2: UY QUE RICO PAPI|Reflect\n|move|p1b: Sandslash|Rock Slide|p2b: Sableye|[spread] p2b\n|-activate|p2a: Ting-Lu|move: Protect\n|-damage|p2b: Sableye|50\/100\n|move|p1a: Roaring Moon|Jaw Lock|p2b: Sableye\n|-damage|p2b: Sableye|0 fnt\n|faint|p2b: Sableye\n|\n|-weather|Snow|[upkeep]\n|upkeep\n|\n|t:|1700964351\n|switch|p2b: Cresselia|Cresselia, F|100\/100\n|turn|11\n|\n|t:|1700964374\n|move|p1b: Sandslash|Rock Slide|p2b: Cresselia|[spread] p2a,p2b\n|-crit|p2a: Ting-Lu\n|-damage|p2a: Ting-Lu|77\/100\n|-damage|p2b: Cresselia|88\/100\n|move|p1a: Roaring Moon|Jaw Lock|p2b: Cresselia\n|-supereffective|p2b: Cresselia\n|-damage|p2b: Cresselia|45\/100\n|-activate|p1a: Roaring Moon|trapped\n|-activate|p2b: Cresselia|trapped\n|move|p2b: Cresselia|Lunar Blessing|p2b: Cresselia|[spread] p2a,p2b\n|-heal|p2a: Ting-Lu|100\/100\n|-heal|p2b: Cresselia|70\/100\n|move|p2a: Ting-Lu|Whirlwind|p1b: Sandslash\n|drag|p1b: Ninetales|Ninetales-Alola, F|64\/100\n|-damage|p1b: Ninetales|39\/100|[from] Stealth Rock\n|-damage|p1b: Ninetales|14\/100|[from] Spikes\n|\n|-weather|Snow|[upkeep]\n|upkeep\n|turn|12\n|\n|t:|1700964402\n|move|p1b: Ninetales|Dazzling Gleam|p2a: Ting-Lu|[spread] p2a,p2b\n|-resisted|p2a: Ting-Lu\n|-damage|p2a: Ting-Lu|96\/100\n|-damage|p2b: Cresselia|63\/100\n|move|p1a: Roaring Moon|Taunt|p2b: Cresselia\n|-start|p2b: Cresselia|move: Taunt\n|cant|p2b: Cresselia|move: Taunt|Lunar Blessing\n|move|p2a: Ting-Lu|Whirlwind|p1a: Roaring Moon\n|-end|p1a: Roaring Moon|Protosynthesis|[silent]\n|drag|p1a: Sandslash|Sandslash-Alola, F|72\/100\n|-damage|p1a: Sandslash|59\/100|[from] Stealth Rock\n|-damage|p1a: Sandslash|35\/100|[from] Spikes\n|\n|-weather|Snow|[upkeep]\n|-heal|p2a: Ting-Lu|100\/100|[from] item: Leftovers\n|upkeep\n|turn|13\n|\n|t:|1700964430\n|switch|p2b: Scream Tail|Scream Tail|46\/100\n|move|p1b: Ninetales|Helping Hand|p1a: Sandslash\n|-singleturn|p1a: Sandslash|Helping Hand|[of] p1b: Ninetales\n|move|p1a: Sandslash|Icicle Crash|p2b: Scream Tail\n|-damage|p2b: Scream Tail|21\/100\n|move|p2a: Ting-Lu|Whirlwind|p1a: Sandslash\n|drag|p1a: Roaring Moon|Roaring Moon|63\/100\n|-damage|p1a: Roaring Moon|51\/100|[from] Stealth Rock\n|-damage|p1a: Roaring Moon|26\/100|[from] Spikes\n|\n|-weather|Snow|[upkeep]\n|-sideend|p1: Brgl|move: Aurora Veil\n|upkeep\n|turn|14\n|inactive|Brgl has 120 seconds left.\n|\n|t:|1700964462\n|move|p1b: Ninetales|Helping Hand|p1a: Roaring Moon\n|-singleturn|p1a: Roaring Moon|Helping Hand|[of] p1b: Ninetales\n|move|p1a: Roaring Moon|Acrobatics|p2a: Ting-Lu\n|-damage|p2a: Ting-Lu|81\/100\n|move|p2b: Scream Tail|Amnesia|p2b: Scream Tail\n|-boost|p2b: Scream Tail|spd|2\n|move|p2a: Ting-Lu|Whirlwind|p1a: Roaring Moon\n|-end|p1a: Roaring Moon|Protosynthesis|[silent]\n|drag|p1a: Chi-Yu|Chi-Yu|66\/100\n|-damage|p1a: Chi-Yu|41\/100|[from] Stealth Rock\n|-damage|p1a: Chi-Yu|16\/100|[from] Spikes\n|-ability|p1a: Chi-Yu|Beads of Ruin\n|\n|-weather|none\n|-heal|p2a: Ting-Lu|87\/100|[from] item: Leftovers\n|upkeep\n|turn|15\n|\n|t:|1700964484\n|move|p1b: Ninetales|Helping Hand|p1a: Chi-Yu\n|-singleturn|p1a: Chi-Yu|Helping Hand|[of] p1b: Ninetales\n|move|p1a: Chi-Yu|Heat Wave|p2b: Scream Tail|[spread] p2a,p2b\n|-damage|p2a: Ting-Lu|46\/100\n|-damage|p2b: Scream Tail|3\/100\n|-damage|p1a: Chi-Yu|6\/100|[from] item: Life Orb\n|move|p2b: Scream Tail|Baton Pass|p2b: Scream Tail\n|inactive|UY QUE RICO PAPI has 120 seconds left.\n|\n|t:|1700964504\n|-end|p2b: Scream Tail|Protosynthesis|[silent]\n|switch|p2b: Cresselia|Cresselia, F|63\/100|[from] Baton Pass\n|move|p2a: Ting-Lu|Whirlwind|p1a: Chi-Yu\n|drag|p1a: Indeedee|Indeedee-F, F|60\/100\n|-damage|p1a: Indeedee|47\/100|[from] Stealth Rock\n|-damage|p1a: Indeedee|22\/100|[from] Spikes\n|-fieldstart|move: Psychic Terrain|[from] ability: Psychic Surge|[of] p1a: Indeedee\n|\n|-heal|p1a: Indeedee|28\/100|[from] item: Leftovers\n|-heal|p2a: Ting-Lu|52\/100|[from] item: Leftovers\n|upkeep\n|turn|16\n|inactive|UY QUE RICO PAPI has 120 seconds left.\n|\n|t:|1700964528\n|move|p1b: Ninetales|Helping Hand|p1a: Indeedee\n|-singleturn|p1a: Indeedee|Helping Hand|[of] p1b: Ninetales\n|move|p1a: Indeedee|Psyshock|p2a: Ting-Lu\n|-supereffective|p2a: Ting-Lu\n|-damage|p2a: Ting-Lu|27\/100\n|move|p2b: Cresselia|Lunar Blessing|p2b: Cresselia|[spread] p2a,p2b\n|-heal|p2a: Ting-Lu|52\/100\n|-heal|p2b: Cresselia|88\/100\n|move|p2a: Ting-Lu|Whirlwind|p1b: Ninetales\n|drag|p1b: Chi-Yu|Chi-Yu|6\/100\n|-damage|p1b: Chi-Yu|0 fnt|[from] Stealth Rock\n|faint|p1b: Chi-Yu\n|\n|-heal|p1a: Indeedee|34\/100|[from] item: Leftovers\n|-heal|p2a: Ting-Lu|58\/100|[from] item: Leftovers\n|-sideend|p2: UY QUE RICO PAPI|move: Light Screen\n|upkeep\n|\n|t:|1700964535\n|switch|p1b: Roaring Moon|Roaring Moon|26\/100\n|-damage|p1b: Roaring Moon|14\/100|[from] Stealth Rock\n|-damage|p1b: Roaring Moon|0 fnt|[from] Spikes\n|faint|p1b: Roaring Moon\n|-end|p1b: Roaring Moon|Protosynthesis|[silent]\n|\n|t:|1700964537\n|switch|p1b: Iron Hands|Iron Hands|90\/100\n|-damage|p1b: Iron Hands|84\/100|[from] Stealth Rock\n|-damage|p1b: Iron Hands|59\/100|[from] Spikes\n|turn|17\n|\n|t:|1700964568\n|-terastallize|p1a: Indeedee|Ground\n|move|p2a: Ting-Lu|Protect|p2a: Ting-Lu\n|-singleturn|p2a: Ting-Lu|Protect\n|move|p1a: Indeedee|Tera Blast|p2a: Ting-Lu|[anim] Tera Blast Ground\n|-activate|p2a: Ting-Lu|move: Protect\n|move|p2b: Cresselia|Lunar Blessing|p2b: Cresselia|[spread] p2a,p2b\n|-heal|p2a: Ting-Lu|83\/100\n|-heal|p2b: Cresselia|100\/100\n|move|p1b: Iron Hands|Drain Punch|p2a: Ting-Lu\n|-activate|p2a: Ting-Lu|move: Protect\n|\n|-heal|p1a: Indeedee|40\/100|[from] item: Leftovers\n|-heal|p2a: Ting-Lu|89\/100|[from] item: Leftovers\n|-sideend|p2: UY QUE RICO PAPI|Reflect\n|upkeep\n|turn|18\n|-message|Brgl forfeited.\n|\n|win|UY QUE RICO PAPI\n|raw|Brgl's rating: 1196 &rarr; <strong>1176<\/strong><br \/>(-20 for losing)\n|raw|UY QUE RICO PAPI's rating: 1271 &rarr; <strong>1291<\/strong><br \/>(+20 for winning)\n|l|\u2606Brgl\n","uploadtime":1700964590,"views":5,"p1id":"brgl","p2id":"uyquericopapi","formatid":"gen9doublesou","rating":1176,"private":0,"password":""}