{"id":"gen9doublesou-1972165709","p1":"123qawsed","p2":"Rungy","format":"[Gen 9] Doubles OU","log":"|j|\u2606123qawsed\n|j|\u2606Rungy\n|t:|1697818164\n|gametype|doubles\n|player|p1|123qawsed|170|1041\n|player|p2|Rungy|gambler|1113\n|teamsize|p1|6\n|teamsize|p2|6\n|gen|9\n|tier|[Gen 9] Doubles OU\n|rated|\n|rule|Species Clause: Limit one of each Pok\u00e9mon\n|rule|OHKO Clause: OHKO moves are banned\n|rule|Evasion Moves Clause: Evasion moves are banned\n|rule|Gravity Sleep Clause: The combination of sleep-inducing moves with imperfect accuracy and Gravity or Gigantamax Orbeetle are banned\n|rule|Endless Battle Clause: Forcing endless battles is banned\n|rule|HP Percentage Mod: HP is shown in percentages\n|clearpoke\n|poke|p1|Slaking, F|\n|poke|p1|Weezing, M|\n|poke|p1|Amoonguss, M|\n|poke|p1|Pelipper, M|\n|poke|p1|Palafin, M|\n|poke|p1|Gliscor, F|\n|poke|p2|Grimmsnarl, M|\n|poke|p2|Farigiraf, F|\n|poke|p2|Gastrodon-East, F|\n|poke|p2|Sinistcha|\n|poke|p2|Arcanine, M|\n|poke|p2|Goodra-Hisui, F|\n|teampreview\n|\n|t:|1697818179\n|start\n|switch|p1a: Gliscor|Gliscor, F|100\/100\n|switch|p1b: Amoonguss|Amoonguss, M|100\/100\n|switch|p2a: Grimey|Grimmsnarl, M|100\/100\n|switch|p2b: Khan|Gastrodon-East, F|100\/100\n|turn|1\n|\n|t:|1697818193\n|move|p2a: Grimey|Misty Terrain|p2a: Grimey\n|-fieldstart|move: Misty Terrain\n|move|p1a: Gliscor|Swords Dance|p1a: Gliscor\n|-boost|p1a: Gliscor|atk|2\n|move|p1b: Amoonguss|Spore|p2a: Grimey\n|-activate|p2a: Grimey|move: Misty Terrain\n|move|p2b: Khan|Ice Beam|p1a: Gliscor\n|-supereffective|p1a: Gliscor\n|-damage|p1a: Gliscor|0 fnt\n|faint|p1a: Gliscor\n|\n|upkeep\n|\n|t:|1697818205\n|switch|p1a: Pelipper|Pelipper, M|100\/100\n|-weather|RainDance|[from] ability: Drizzle|[of] p1a: Pelipper\n|turn|2\n|\n|t:|1697818217\n|switch|p2b: Goodra|Goodra-Hisui, F|100\/100\n|move|p1a: Pelipper|Protect|p1a: Pelipper\n|-singleturn|p1a: Pelipper|Protect\n|move|p2a: Grimey|Parting Shot|p1a: Pelipper\n|-activate|p1a: Pelipper|move: Protect\n|move|p1b: Amoonguss|Giga Drain|p2b: Goodra\n|-ability|p2b: Goodra|Sap Sipper|boost\n|-boost|p2b: Goodra|atk|1\n|\n|-weather|RainDance|[upkeep]\n|upkeep\n|turn|3\n|\n|t:|1697818244\n|switch|p2a: Mr. Rothschild|Farigiraf, F|100\/100\n|switch|p1b: Palafin|Palafin, M|100\/100\n|move|p1a: Pelipper|Protect||[still]\n|-fail|p1a: Pelipper\n|move|p2b: Goodra|Knock Off|p1b: Palafin\n|-damage|p1b: Palafin|42\/100\n|-enditem|p1b: Palafin|Assault Vest|[from] move: Knock Off|[of] p2b: Goodra\n|\n|-weather|RainDance|[upkeep]\n|upkeep\n|turn|4\n|\n|t:|1697818270\n|switch|p2b: Khan|Gastrodon-East, F|100\/100\n|move|p1b: Palafin|Flip Turn|p2b: Khan\n|-ability|p2b: Khan|Storm Drain|boost\n|-boost|p2b: Khan|spa|1\n|move|p2a: Mr. Rothschild|Hyper Voice|p1a: Pelipper|[spread] p1a,p1b\n|-crit|p1b: Palafin\n|-damage|p1a: Pelipper|63\/100\n|-damage|p1b: Palafin|0 fnt\n|faint|p1b: Palafin\n|-enditem|p2a: Mr. Rothschild|Throat Spray\n|-boost|p2a: Mr. Rothschild|spa|1|[from] item: Throat Spray\n|move|p1a: Pelipper|Brave Bird|p2a: Mr. Rothschild\n|-damage|p2a: Mr. Rothschild|72\/100\n|-damage|p1a: Pelipper|50\/100|[from] Recoil\n|\n|-weather|RainDance|[upkeep]\n|upkeep\n|\n|t:|1697818288\n|switch|p1b: Amoonguss|Amoonguss, M|100\/100\n|turn|5\n|\n|t:|1697818298\n|switch|p2b: Kratom|Sinistcha|100\/100\n|-heal|p2a: Mr. Rothschild|97\/100|[from] ability: Hospitality|[of] p2b: Kratom\n|move|p2a: Mr. Rothschild|Psychic|p1b: Amoonguss\n|-supereffective|p1b: Amoonguss\n|-damage|p1b: Amoonguss|16\/100\n|-unboost|p1b: Amoonguss|spd|1\n|-enditem|p1b: Amoonguss|Sitrus Berry|[eat]\n|-heal|p1b: Amoonguss|41\/100|[from] item: Sitrus Berry\n|move|p1a: Pelipper|Roost|p1a: Pelipper\n|-heal|p1a: Pelipper|99\/100\n|-singleturn|p1a: Pelipper|move: Roost\n|move|p1b: Amoonguss|Spore|p2a: Mr. Rothschild\n|-activate|p2a: Mr. Rothschild|move: Misty Terrain\n|\n|-weather|RainDance|[upkeep]\n|upkeep\n|turn|6\n|\n|t:|1697818323\n|switch|p2b: Fang|Arcanine, M|100\/100\n|move|p2a: Mr. Rothschild|Psychic|p1b: Amoonguss\n|-supereffective|p1b: Amoonguss\n|-damage|p1b: Amoonguss|0 fnt\n|faint|p1b: Amoonguss\n|move|p1a: Pelipper|Brave Bird|p2b: Fang\n|-damage|p2b: Fang|68\/100\n|-damage|p1a: Pelipper|86\/100|[from] Recoil\n|\n|-weather|none\n|upkeep\n|\n|t:|1697818340\n|switch|p1b: Weezing|Weezing, M|100\/100\n|-ability|p1b: Weezing|Neutralizing Gas\n|-item|p1b: Weezing|Air Balloon\n|turn|7\n|\n|t:|1697818351\n|switch|p1a: Slaking|Slaking, F|100\/100\n|move|p2b: Fang|Wild Charge|p1a: Slaking\n|-damage|p1a: Slaking|80\/100\n|-damage|p2b: Fang|60\/100|[from] Recoil\n|-heal|p2b: Fang|64\/100|[from] item: Shell Bell|[of] p1a: Slaking\n|move|p2a: Mr. Rothschild|Psychic|p1b: Weezing\n|-supereffective|p1b: Weezing\n|-damage|p1b: Weezing|0 fnt\n|-enditem|p1b: Weezing|Air Balloon\n|faint|p1b: Weezing\n|-end|p1b: Weezing|ability: Neutralizing Gas\n|\n|-heal|p1a: Slaking|87\/100|[from] item: Leftovers\n|upkeep\n|\n|t:|1697818365\n|switch|p1b: Pelipper|Pelipper, M|86\/100\n|-weather|RainDance|[from] ability: Drizzle|[of] p1b: Pelipper\n|turn|8\n|\n|t:|1697818375\n|move|p2b: Fang|Wild Charge|p1b: Pelipper\n|-supereffective|p1b: Pelipper\n|-damage|p1b: Pelipper|0 fnt\n|-damage|p2b: Fang|47\/100|[from] item: Rocky Helmet|[of] p1b: Pelipper\n|faint|p1b: Pelipper\n|-damage|p2b: Fang|30\/100|[from] Recoil\n|-heal|p2b: Fang|39\/100|[from] item: Shell Bell|[of] p1: Pelipper\n|move|p2a: Mr. Rothschild|Hyper Voice|p1a: Slaking\n|-damage|p1a: Slaking|22\/100\n|move|p1a: Slaking|Body Slam|p2b: Fang\n|-damage|p2b: Fang|0 fnt\n|faint|p2b: Fang\n|\n|-weather|RainDance|[upkeep]\n|-heal|p1a: Slaking|28\/100|[from] item: Leftovers\n|-fieldend|Misty Terrain\n|upkeep\n|c|\u2606Rungy|gg\n|\n|t:|1697818394\n|switch|p2b: Grimey|Grimmsnarl, M|100\/100\n|turn|9\n|\n|t:|1697818401\n|move|p2a: Mr. Rothschild|Hyper Voice|p1a: Slaking\n|-damage|p1a: Slaking|0 fnt\n|faint|p1a: Slaking\n|\n|win|Rungy\n|raw|123qawsed's rating: 1041 &rarr; <strong>1028<\/strong><br \/>(-13 for losing)\n|raw|Rungy's rating: 1113 &rarr; <strong>1133<\/strong><br \/>(+20 for winning)\n|l|\u2606123qawsed\n","uploadtime":1697818415,"views":18,"p1id":"123qawsed","p2id":"rungy","formatid":"gen9doublesou","rating":1028,"private":0,"password":""}