{"id":"gen9doublesou-1979067621","p1":"digoxaolin23","p2":"Kwldoqwekfoe","format":"[Gen 9] Doubles OU","log":"|j|\u2606digoxaolin23\n|j|\u2606Kwldoqwekfoe\n|t:|1698628018\n|gametype|doubles\n|player|p1|digoxaolin23|cynthia-gen4|1164\n|player|p2|Kwldoqwekfoe|cynthia|1025\n|teamsize|p1|6\n|teamsize|p2|6\n|gen|9\n|tier|[Gen 9] Doubles OU\n|rated|\n|rule|Species Clause: Limit one of each Pok\u00e9mon\n|rule|OHKO Clause: OHKO moves are banned\n|rule|Evasion Moves Clause: Evasion moves are banned\n|rule|Gravity Sleep Clause: The combination of sleep-inducing moves with imperfect accuracy and Gravity or Gigantamax Orbeetle are banned\n|rule|Endless Battle Clause: Forcing endless battles is banned\n|rule|HP Percentage Mod: HP is shown in percentages\n|clearpoke\n|poke|p1|Heatran, F|\n|poke|p1|Garchomp, F|\n|poke|p1|Chien-Pao|\n|poke|p1|Gholdengo|\n|poke|p1|Murkrow, M|\n|poke|p1|Maushold|\n|poke|p2|Walking Wake|\n|poke|p2|Torkoal, F|\n|poke|p2|Tornadus, M|\n|poke|p2|Sneasler, F|\n|poke|p2|Ogerpon-Hearthflame, F|\n|poke|p2|Diancie|\n|teampreview\n|\n|t:|1698628032\n|start\n|switch|p1a: Heatran|Heatran, F, shiny|100\/100\n|switch|p1b: Gholdengo|Gholdengo|100\/100\n|switch|p2a: Diancie|Diancie|100\/100\n|switch|p2b: Sneasler|Sneasler, F|100\/100\n|-ability|p2b: Sneasler|Pressure\n|turn|1\n|\n|t:|1698628060\n|switch|p2b: Tornadus|Tornadus, M|100\/100\n|move|p1b: Gholdengo|Nasty Plot|p1b: Gholdengo\n|-boost|p1b: Gholdengo|spa|2\n|move|p1a: Heatran|Magma Storm|p2b: Tornadus\n|-damage|p2b: Tornadus|53\/100\n|-activate|p2b: Tornadus|move: Magma Storm|[of] p1a: Heatran\n|move|p2a: Diancie|Bulldoze|p1b: Gholdengo|[spread] p1a,p1b\n|-immune|p2b: Tornadus\n|-supereffective|p1a: Heatran\n|-supereffective|p1b: Gholdengo\n|-damage|p1a: Heatran|51\/100\n|-damage|p1b: Gholdengo|67\/100\n|-unboost|p1a: Heatran|spe|1\n|-unboost|p1b: Gholdengo|spe|1\n|\n|-damage|p2b: Tornadus|41\/100|[from] move: Magma Storm|[partiallytrapped]\n|upkeep\n|turn|2\n|\n|t:|1698628082\n|move|p1a: Heatran|Protect|p1a: Heatran\n|-singleturn|p1a: Heatran|Protect\n|move|p2b: Tornadus|Tailwind|p2b: Tornadus\n|-sidestart|p2: Kwldoqwekfoe|move: Tailwind\n|move|p2a: Diancie|Bulldoze|p1a: Heatran|[spread] p1b\n|-activate|p1a: Heatran|move: Protect\n|-immune|p2b: Tornadus\n|-supereffective|p1b: Gholdengo\n|-damage|p1b: Gholdengo|31\/100\n|-unboost|p1b: Gholdengo|spe|1\n|move|p1b: Gholdengo|Make It Rain|p2b: Tornadus|[spread] p2a,p2b\n|-supereffective|p2a: Diancie\n|-damage|p2a: Diancie|0 fnt\n|-damage|p2b: Tornadus|0 fnt\n|-unboost|p1b: Gholdengo|spa|1\n|faint|p2a: Diancie\n|faint|p2b: Tornadus\n|-damage|p1b: Gholdengo|21\/100|[from] item: Life Orb\n|\n|upkeep\n|\n|t:|1698628105\n|switch|p2b: Walking Wake|Walking Wake|100\/100\n|switch|p2a: Torkoal|Torkoal, F, shiny|100\/100\n|-weather|SunnyDay|[from] ability: Drought|[of] p2a: Torkoal\n|-activate|p2b: Walking Wake|ability: Protosynthesis\n|-start|p2b: Walking Wake|protosynthesisspa\n|turn|3\n|\n|t:|1698628125\n|move|p2b: Walking Wake|Hydro Steam|p1a: Heatran\n|-supereffective|p1a: Heatran\n|-damage|p1a: Heatran|0 fnt\n|faint|p1a: Heatran\n|move|p2a: Torkoal|Eruption|p1b: Gholdengo\n|-supereffective|p1b: Gholdengo\n|-damage|p1b: Gholdengo|0 fnt\n|faint|p1b: Gholdengo\n|\n|-weather|SunnyDay|[upkeep]\n|upkeep\n|\n|t:|1698628136\n|switch|p1b: Murkrow|Murkrow, M, shiny|100\/100\n|switch|p1a: Garchomp|Garchomp, F|100\/100\n|turn|4\n|\n|t:|1698628155\n|move|p1b: Murkrow|Tailwind|p1b: Murkrow\n|-sidestart|p1: digoxaolin23|move: Tailwind\n|move|p1a: Garchomp|Earthquake|p2b: Walking Wake|[spread] p2a,p2b\n|-immune|p1b: Murkrow\n|-supereffective|p2a: Torkoal\n|-damage|p2a: Torkoal|10\/100\n|-damage|p2b: Walking Wake|42\/100\n|-damage|p1a: Garchomp|91\/100|[from] item: Life Orb\n|move|p2b: Walking Wake|Hydro Steam|p1a: Garchomp\n|-damage|p1a: Garchomp|0 fnt\n|faint|p1a: Garchomp\n|move|p2a: Torkoal|Flame Charge|p1b: Murkrow\n|-damage|p1b: Murkrow|59\/100\n|-boost|p2a: Torkoal|spe|1\n|\n|-weather|SunnyDay|[upkeep]\n|upkeep\n|\n|t:|1698628176\n|switch|p1a: Chien-Pao|Chien-Pao|100\/100\n|-ability|p1a: Chien-Pao|Sword of Ruin\n|turn|5\n|\n|t:|1698628197\n|move|p1a: Chien-Pao|Ice Spinner|p2b: Walking Wake\n|-damage|p2b: Walking Wake|0 fnt\n|faint|p2b: Walking Wake\n|-end|p2b: Walking Wake|Protosynthesis|[silent]\n|move|p1b: Murkrow|Foul Play|p2a: Torkoal\n|-damage|p2a: Torkoal|0 fnt\n|faint|p2a: Torkoal\n|\n|-weather|SunnyDay|[upkeep]\n|-sideend|p2: Kwldoqwekfoe|move: Tailwind\n|upkeep\n|\n|t:|1698628206\n|switch|p2b: Ogerpon|Ogerpon-Hearthflame, F|100\/100\n|switch|p2a: Sneasler|Sneasler, F|100\/100\n|-ability|p2b: Ogerpon|Mold Breaker\n|-ability|p2a: Sneasler|Pressure\n|turn|6\n|\n|t:|1698628242\n|move|p2a: Sneasler|Fake Out|p1a: Chien-Pao\n|-damage|p1a: Chien-Pao|79\/100\n|cant|p1a: Chien-Pao|flinch\n|move|p1b: Murkrow|Foul Play|p2b: Ogerpon\n|-damage|p2b: Ogerpon|31\/100\n|move|p2b: Ogerpon|Ivy Cudgel|p1a: Chien-Pao\n|-supereffective|p1a: Chien-Pao\n|-crit|p1a: Chien-Pao\n|-damage|p1a: Chien-Pao|0 fnt\n|faint|p1a: Chien-Pao\n|\n|-weather|SunnyDay|[upkeep]\n|upkeep\n|\n|t:|1698628254\n|switch|p1a: Maushold|Maushold|100\/100\n|turn|7\n|\n|t:|1698628270\n|move|p1a: Maushold|Population Bomb|p2b: Ogerpon\n|-damage|p2b: Ogerpon|23\/100\n|-hitcount|p2b: Ogerpon|1\n|move|p1b: Murkrow|Foul Play|p2b: Ogerpon\n|-damage|p2b: Ogerpon|0 fnt\n|faint|p2b: Ogerpon\n|move|p2a: Sneasler|X-Scissor|p1b: Murkrow\n|-damage|p1b: Murkrow|30\/100\n|\n|-weather|none\n|-sideend|p1: digoxaolin23|move: Tailwind\n|upkeep\n|turn|8\n|\n|t:|1698628289\n|move|p1b: Murkrow|Tailwind|p1b: Murkrow\n|-sidestart|p1: digoxaolin23|move: Tailwind\n|move|p1a: Maushold|Population Bomb|p2a: Sneasler\n|-damage|p2a: Sneasler|92\/100\n|-damage|p2a: Sneasler|84\/100\n|-damage|p2a: Sneasler|76\/100\n|-damage|p2a: Sneasler|68\/100\n|-damage|p2a: Sneasler|59\/100\n|-damage|p2a: Sneasler|52\/100\n|-damage|p2a: Sneasler|44\/100\n|-damage|p2a: Sneasler|37\/100\n|-damage|p2a: Sneasler|28\/100\n|-damage|p2a: Sneasler|20\/100\n|-enditem|p2a: Sneasler|Aguav Berry|[eat]\n|-heal|p2a: Sneasler|53\/100|[from] item: Aguav Berry\n|-hitcount|p2a: Sneasler|10\n|move|p2a: Sneasler|Dire Claw|p1b: Murkrow\n|-damage|p1b: Murkrow|0 fnt\n|faint|p1b: Murkrow\n|\n|upkeep\n|turn|9\n|\n|t:|1698628327\n|-terastallize|p1a: Maushold|Flying\n|move|p1a: Maushold|Population Bomb|p2a: Sneasler\n|-damage|p2a: Sneasler|45\/100\n|-damage|p2a: Sneasler|38\/100\n|-damage|p2a: Sneasler|29\/100\n|-damage|p2a: Sneasler|20\/100\n|-damage|p2a: Sneasler|12\/100\n|-damage|p2a: Sneasler|4\/100\n|-damage|p2a: Sneasler|0 fnt\n|faint|p2a: Sneasler\n|-hitcount|p2: Sneasler|7\n|\n|win|digoxaolin23\n|raw|digoxaolin23's rating: 1164 &rarr; <strong>1179<\/strong><br \/>(+15 for winning)\n|raw|Kwldoqwekfoe's rating: 1025 &rarr; <strong>1016<\/strong><br \/>(-9 for losing)\n","uploadtime":1698628341,"views":18,"p1id":"digoxaolin23","p2id":"kwldoqwekfoe","formatid":"gen9doublesou","rating":1016,"private":0,"password":""}