{"id":"gen9doublesou-1997217304","p1":"IfUforfeitUsuck","p2":"Critian Caceorte","format":"[Gen 9] Doubles OU","log":"|j|\u2606IfUforfeitUsuck\n|j|\u2606Critian Caceorte\n|t:|1700776684\n|gametype|doubles\n|player|p1|IfUforfeitUsuck|266|1162\n|player|p2|Critian Caceorte|hilda|1249\n|teamsize|p1|6\n|teamsize|p2|6\n|gen|9\n|tier|[Gen 9] Doubles OU\n|rated|\n|rule|Species Clause: Limit one of each Pok\u00e9mon\n|rule|OHKO Clause: OHKO moves are banned\n|rule|Evasion Moves Clause: Evasion moves are banned\n|rule|Gravity Sleep Clause: The combination of sleep-inducing moves with imperfect accuracy and Gravity or Gigantamax Orbeetle are banned\n|rule|Endless Battle Clause: Forcing endless battles is banned\n|rule|HP Percentage Mod: HP is shown in percentages\n|clearpoke\n|poke|p1|Hariyama, F|\n|poke|p1|Arcanine-Hisui, M|\n|poke|p1|Ninetales-Alola, F|\n|poke|p1|Rillaboom, M|\n|poke|p1|Mimikyu, F|\n|poke|p1|Articuno-Galar|\n|poke|p2|Flutter Mane|\n|poke|p2|Dragapult, F|\n|poke|p2|Dusknoir, F|\n|poke|p2|Chandelure, F|\n|poke|p2|Houndstone, M|\n|poke|p2|Mimikyu, F|\n|teampreview\n|c|\u2606IfUforfeitUsuck|ohhhh\n|c|\u2606IfUforfeitUsuck|cool team\n|c|\u2606Critian Caceorte|Yeah, mono ghost. I've been experimenting with a mono team for each type.\n|c|\u2606IfUforfeitUsuck|hmm\n|c|\u2606IfUforfeitUsuck|cool\n|c|\u2606IfUforfeitUsuck|i love mono teams\n|\n|t:|1700776791\n|start\n|switch|p1a: Ninetales|Ninetales-Alola, F|100\/100\n|switch|p1b: Arcanine|Arcanine-Hisui, M|100\/100\n|switch|p2a: Dragapult|Dragapult, F|100\/100\n|switch|p2b: Chandelure|Chandelure, F|100\/100\n|-weather|Snow|[from] ability: Snow Warning|[of] p1a: Ninetales\n|-ability|p1b: Arcanine|Intimidate|boost\n|-fail|p2a: Dragapult|unboost|[from] ability: Clear Body|[of] p2a: Dragapult\n|-unboost|p2b: Chandelure|atk|1\n|turn|1\n|\n|t:|1700776836\n|move|p2a: Dragapult|Dragon Dance|p2a: Dragapult\n|-boost|p2a: Dragapult|atk|1\n|-boost|p2a: Dragapult|spe|1\n|move|p1a: Ninetales|Dazzling Gleam|p2a: Dragapult|[spread] p2a,p2b\n|-supereffective|p2a: Dragapult\n|-resisted|p2b: Chandelure\n|-damage|p2a: Dragapult|38\/100\n|-damage|p2b: Chandelure|86\/100\n|move|p2b: Chandelure|Calm Mind|p2b: Chandelure\n|-boost|p2b: Chandelure|spa|1\n|-boost|p2b: Chandelure|spd|1\n|move|p1b: Arcanine|Flare Blitz|p2a: Dragapult\n|-resisted|p2a: Dragapult\n|-damage|p2a: Dragapult|1\/100\n|-enditem|p2a: Dragapult|Aguav Berry|[eat]\n|-heal|p2a: Dragapult|35\/100|[from] item: Aguav Berry\n|-damage|p1b: Arcanine|89\/100|[from] Recoil\n|\n|-weather|Snow|[upkeep]\n|upkeep\n|turn|2\n|\n|t:|1700776872\n|switch|p1b: Articuno|Articuno-Galar|100\/100\n|move|p2a: Dragapult|Phantom Force||[still]\n|-prepare|p2a: Dragapult|Phantom Force\n|move|p1a: Ninetales|Aurora Veil|p1a: Ninetales\n|-sidestart|p1: IfUforfeitUsuck|move: Aurora Veil\n|move|p2b: Chandelure|Heat Wave|p1b: Articuno|[spread] p1a,p1b\n|-supereffective|p1a: Ninetales\n|-damage|p1a: Ninetales|0 fnt\n|-damage|p1b: Articuno|41\/100\n|faint|p1a: Ninetales\n|\n|-weather|Snow|[upkeep]\n|upkeep\n|\n|t:|1700776909\n|switch|p1a: Hariyama|Hariyama, F|100\/100\n|turn|3\n|\n|t:|1700776927\n|move|p2a: Dragapult|Phantom Force|p1a: Hariyama|[from]lockedmove\n|-damage|p1a: Hariyama|59\/100\n|move|p1b: Articuno|Air Slash|p2a: Dragapult\n|-damage|p2a: Dragapult|0 fnt\n|faint|p2a: Dragapult\n|move|p2b: Chandelure|Shadow Ball|p1b: Articuno\n|-supereffective|p1b: Articuno\n|-damage|p1b: Articuno|0 fnt\n|faint|p1b: Articuno\n|move|p1a: Hariyama|Knock Off|p2b: Chandelure\n|-supereffective|p2b: Chandelure\n|-damage|p2b: Chandelure|14\/100\n|-enditem|p2b: Chandelure|Focus Sash|[from] move: Knock Off|[of] p1a: Hariyama\n|\n|-weather|Snow|[upkeep]\n|upkeep\n|\n|t:|1700776945\n|switch|p2a: Flutter Mane|Flutter Mane|100\/100\n|switch|p1b: Mimikyu|Mimikyu, F|100\/100\n|-enditem|p2a: Flutter Mane|Booster Energy\n|-activate|p2a: Flutter Mane|ability: Protosynthesis|[fromitem]\n|-start|p2a: Flutter Mane|protosynthesisspe\n|turn|4\n|\n|t:|1700776961\n|move|p2a: Flutter Mane|Dazzling Gleam|p1a: Hariyama|[spread] p1a,p1b\n|-supereffective|p1a: Hariyama\n|-damage|p1a: Hariyama|25\/100\n|-activate|p1b: Mimikyu|ability: Disguise\n|-damage|p1b: Mimikyu|100\/100\n|detailschange|p1b: Mimikyu|Mimikyu-Busted, F\n|-damage|p1b: Mimikyu|88\/100|[from] pokemon: Mimikyu-Busted\n|move|p1b: Mimikyu|Will-O-Wisp|p1a: Hariyama\n|-status|p1a: Hariyama|brn\n|move|p2b: Chandelure|Shadow Ball|p1b: Mimikyu\n|-supereffective|p1b: Mimikyu\n|-damage|p1b: Mimikyu|0 fnt\n|faint|p1b: Mimikyu\n|move|p1a: Hariyama|Heavy Slam|p2a: Flutter Mane\n|-supereffective|p2a: Flutter Mane\n|-damage|p2a: Flutter Mane|0 fnt\n|faint|p2a: Flutter Mane\n|-end|p2a: Flutter Mane|Protosynthesis|[silent]\n|\n|-weather|Snow|[upkeep]\n|-damage|p1a: Hariyama|19\/100 brn|[from] brn\n|upkeep\n|\n|t:|1700776987\n|switch|p2a: Dusknoir|Dusknoir, F|100\/100\n|switch|p1b: Arcanine|Arcanine-Hisui, M|89\/100\n|-ability|p1b: Arcanine|Intimidate|boost\n|-unboost|p2a: Dusknoir|atk|1\n|-unboost|p2b: Chandelure|atk|1\n|-item|p1a: Hariyama|Clear Amulet|[from] ability: Frisk|[of] p2a: Dusknoir|[identify]\n|-item|p1b: Arcanine|Focus Sash|[from] ability: Frisk|[of] p2a: Dusknoir|[identify]\n|turn|5\n|\n|t:|1700777008\n|move|p2b: Chandelure|Shadow Ball|p1b: Arcanine\n|-damage|p1b: Arcanine|8\/100\n|move|p1b: Arcanine|Psychic Fangs|p2b: Chandelure\n|-damage|p2b: Chandelure|0 fnt\n|faint|p2b: Chandelure\n|move|p1a: Hariyama|Knock Off|p2a: Dusknoir\n|-supereffective|p2a: Dusknoir\n|-damage|p2a: Dusknoir|36\/100\n|-enditem|p2a: Dusknoir|Leftovers|[from] move: Knock Off|[of] p1a: Hariyama\n|move|p2a: Dusknoir|Disable|p1b: Arcanine\n|-start|p1b: Arcanine|Disable|Psychic Fangs\n|\n|-weather|none\n|-damage|p1a: Hariyama|13\/100 brn|[from] brn\n|upkeep\n|\n|t:|1700777021\n|switch|p2b: Mimikyu|Mimikyu, F|100\/100\n|turn|6\n|\n|t:|1700777062\n|move|p2b: Mimikyu|Bulk Up|p2b: Mimikyu\n|-boost|p2b: Mimikyu|atk|1\n|-boost|p2b: Mimikyu|def|1\n|move|p1b: Arcanine|Flare Blitz|p2b: Mimikyu\n|-activate|p2b: Mimikyu|ability: Disguise\n|-damage|p2b: Mimikyu|100\/100\n|detailschange|p2b: Mimikyu|Mimikyu-Busted, F\n|-damage|p2b: Mimikyu|88\/100|[from] pokemon: Mimikyu-Busted\n|move|p1a: Hariyama|Heavy Slam|p2b: Mimikyu\n|-supereffective|p2b: Mimikyu\n|-damage|p2b: Mimikyu|0 fnt\n|faint|p2b: Mimikyu\n|move|p2a: Dusknoir|Destiny Bond|p2a: Dusknoir\n|-singlemove|p2a: Dusknoir|Destiny Bond\n|\n|-damage|p1a: Hariyama|7\/100 brn|[from] brn\n|-sideend|p1: IfUforfeitUsuck|move: Aurora Veil\n|upkeep\n|\n|t:|1700777077\n|switch|p2b: Houndstone|Houndstone, M|100\/100\n|turn|7\n|\n|t:|1700777092\n|switch|p1b: Rillaboom|Rillaboom, M|100\/100\n|-fieldstart|move: Grassy Terrain|[from] ability: Grassy Surge|[of] p1b: Rillaboom\n|-terastallize|p2b: Houndstone|Ghost\n|move|p2b: Houndstone|Last Respects|p1b: Rillaboom\n|-damage|p1b: Rillaboom|0 fnt\n|faint|p1b: Rillaboom\n|move|p1a: Hariyama|Knock Off|p2b: Houndstone\n|-supereffective|p2b: Houndstone\n|-damage|p2b: Houndstone|62\/100\n|-enditem|p2b: Houndstone|Assault Vest|[from] move: Knock Off|[of] p1a: Hariyama\n|move|p2a: Dusknoir|Disable|p1a: Hariyama\n|-start|p1a: Hariyama|Disable|Knock Off\n|\n|-heal|p2b: Houndstone|68\/100|[from] Grassy Terrain\n|-heal|p1a: Hariyama|13\/100 brn|[from] Grassy Terrain\n|-heal|p2a: Dusknoir|42\/100|[from] Grassy Terrain\n|-damage|p1a: Hariyama|7\/100 brn|[from] brn\n|upkeep\n|\n|t:|1700777106\n|switch|p1b: Arcanine|Arcanine-Hisui, M|8\/100\n|-ability|p1b: Arcanine|Intimidate|boost\n|-unboost|p2a: Dusknoir|atk|1\n|-unboost|p2b: Houndstone|atk|1\n|turn|8\n|\n|t:|1700777173\n|-terastallize|p1b: Arcanine|Fire\n|move|p1b: Arcanine|Flare Blitz|p2a: Dusknoir\n|-damage|p2a: Dusknoir|0 fnt\n|faint|p2a: Dusknoir\n|-damage|p1b: Arcanine|0 fnt|[from] Recoil\n|faint|p1b: Arcanine\n|move|p2b: Houndstone|Last Respects|p1a: Hariyama\n|-crit|p1a: Hariyama\n|-damage|p1a: Hariyama|0 fnt\n|faint|p1a: Hariyama\n|\n|win|Critian Caceorte\n|raw|IfUforfeitUsuck's rating: 1162 &rarr; <strong>1143<\/strong><br \/>(-19 for losing)\n|raw|Critian Caceorte's rating: 1249 &rarr; <strong>1268<\/strong><br \/>(+19 for winning)\n|c|\u2606Critian Caceorte|gg\n|c|\u2606IfUforfeitUsuck|ah gg\n|c|\u2606IfUforfeitUsuck|close game\n|c|\u2606IfUforfeitUsuck|can i ask\n|c|\u2606Critian Caceorte|Yep!\n","uploadtime":1700777204,"views":5,"p1id":"ifuforfeitusuck","p2id":"critiancaceorte","formatid":"gen9doublesou","rating":1143,"private":0,"password":""}