{"id":"gen9doublesou-1974172014","p1":"Trainer Truong","p2":"ShadowGlaciar","format":"[Gen 9] Doubles OU","log":"|j|\u2606Trainer Truong\n|j|\u2606ShadowGlaciar\n|t:|1698064843\n|gametype|doubles\n|player|p1|Trainer Truong|hugh|1076\n|player|p2|ShadowGlaciar|raihan|1040\n|teamsize|p1|6\n|teamsize|p2|6\n|gen|9\n|tier|[Gen 9] Doubles OU\n|rated|\n|rule|Species Clause: Limit one of each Pok\u00e9mon\n|rule|OHKO Clause: OHKO moves are banned\n|rule|Evasion Moves Clause: Evasion moves are banned\n|rule|Gravity Sleep Clause: The combination of sleep-inducing moves with imperfect accuracy and Gravity or Gigantamax Orbeetle are banned\n|rule|Endless Battle Clause: Forcing endless battles is banned\n|rule|HP Percentage Mod: HP is shown in percentages\n|clearpoke\n|poke|p1|Landorus-Therian, M|\n|poke|p1|Gholdengo|\n|poke|p1|Dragonite, M|\n|poke|p1|Palafin, M|\n|poke|p1|Sinistcha-Masterpiece|\n|poke|p1|Pelipper, F|\n|poke|p2|Scovillain, M|\n|poke|p2|Hatterene, F|\n|poke|p2|Ogerpon-Hearthflame, F|\n|poke|p2|Raichu-Alola, F|\n|poke|p2|Pincurchin, F|\n|poke|p2|Baxcalibur, M|\n|teampreview\n|\n|t:|1698064859\n|start\n|switch|p1a: Palafin|Palafin, M|100\/100\n|switch|p1b: Pelipper|Pelipper, F|100\/100\n|switch|p2a: Scovillain|Scovillain, M|100\/100\n|switch|p2b: Baxcalibur|Baxcalibur, M|100\/100\n|-weather|RainDance|[from] ability: Drizzle|[of] p1b: Pelipper\n|turn|1\n|\n|t:|1698064876\n|move|p1a: Palafin|Flip Turn|p2a: Scovillain\n|-damage|p2a: Scovillain|56\/100\n|\n|t:|1698064887\n|detailschange|p1a: Palafin|Palafin-Hero, M\n|switch|p1a: Landorus|Landorus-Therian, M|100\/100|[from] Flip Turn\n|-ability|p1a: Landorus|Intimidate|boost\n|-unboost|p2a: Scovillain|atk|1\n|-unboost|p2b: Baxcalibur|atk|1\n|-enditem|p2b: Baxcalibur|White Herb\n|-clearnegativeboost|p2b: Baxcalibur|[silent]\n|move|p2b: Baxcalibur|Swords Dance|p2b: Baxcalibur\n|-boost|p2b: Baxcalibur|atk|2\n|move|p2a: Scovillain|Spicy Extract|p2b: Baxcalibur\n|-boost|p2b: Baxcalibur|atk|2\n|-unboost|p2b: Baxcalibur|def|2\n|move|p1b: Pelipper|Tailwind|p1b: Pelipper\n|-sidestart|p1: Trainer Truong|move: Tailwind\n|\n|-weather|RainDance|[upkeep]\n|-ability|p2a: Scovillain|Moody|boost\n|-boost|p2a: Scovillain|def|2\n|-unboost|p2a: Scovillain|spd|1\n|upkeep\n|turn|2\n|\n|t:|1698064924\n|move|p2a: Scovillain|Rage Powder|p2a: Scovillain\n|-singleturn|p2a: Scovillain|move: Rage Powder\n|move|p1a: Landorus|Sandsear Storm|p2b: Baxcalibur|[spread] p2a,p2b\n|-damage|p2a: Scovillain|2\/100\n|-damage|p2b: Baxcalibur|62\/100\n|move|p1b: Pelipper|U-turn|p2a: Scovillain\n|-crit|p2a: Scovillain\n|-damage|p2a: Scovillain|0 fnt\n|faint|p2a: Scovillain\n|\n|t:|1698064932\n|switch|p1b: Sinistcha|Sinistcha-Masterpiece|100\/100|[from] U-turn\n|move|p2b: Baxcalibur|Glaive Rush|p1a: Landorus\n|-damage|p1a: Landorus|0 fnt\n|-singlemove|p2b: Baxcalibur|Glaive Rush|[silent]\n|faint|p1a: Landorus\n|\n|-weather|RainDance|[upkeep]\n|upkeep\n|\n|t:|1698064955\n|switch|p1a: Gholdengo|Gholdengo|100\/100\n|switch|p2a: Ogerpon|Ogerpon-Hearthflame, F|100\/100\n|-ability|p2a: Ogerpon|Mold Breaker\n|turn|3\n|\n|t:|1698064969\n|move|p2a: Ogerpon|Follow Me|p2a: Ogerpon\n|-singleturn|p2a: Ogerpon|move: Follow Me\n|move|p1a: Gholdengo|Nasty Plot|p1a: Gholdengo\n|-boost|p1a: Gholdengo|spa|2\n|move|p1b: Sinistcha|Strength Sap|p2a: Ogerpon\n|-unboost|p2a: Ogerpon|atk|1\n|move|p2b: Baxcalibur|Glaive Rush|p1a: Gholdengo\n|-resisted|p1a: Gholdengo\n|-damage|p1a: Gholdengo|0 fnt\n|-singlemove|p2b: Baxcalibur|Glaive Rush|[silent]\n|faint|p1a: Gholdengo\n|\n|-weather|RainDance|[upkeep]\n|upkeep\n|\n|t:|1698064983\n|switch|p1a: Palafin|Palafin-Hero, M|100\/100\n|-activate|p1a: Palafin|ability: Zero to Hero\n|turn|4\n|\n|t:|1698064992\n|move|p2a: Ogerpon|Follow Me|p2a: Ogerpon\n|-singleturn|p2a: Ogerpon|move: Follow Me\n|move|p1a: Palafin|Liquidation|p2a: Ogerpon\n|-damage|p2a: Ogerpon|4\/100\n|move|p1b: Sinistcha|Scald|p2a: Ogerpon\n|-damage|p2a: Ogerpon|0 fnt\n|faint|p2a: Ogerpon\n|move|p2b: Baxcalibur|Earthquake|p1b: Sinistcha|[spread] p1a,p1b\n|-resisted|p1b: Sinistcha\n|-damage|p1a: Palafin|9\/100\n|-damage|p1b: Sinistcha|61\/100\n|\n|-weather|RainDance|[upkeep]\n|-heal|p1b: Sinistcha|67\/100|[from] item: Leftovers\n|-sideend|p1: Trainer Truong|move: Tailwind\n|upkeep\n|\n|t:|1698065005\n|switch|p2a: Hatterene|Hatterene, F|100\/100\n|turn|5\n|\n|t:|1698065022\n|move|p1a: Palafin|Ice Punch|p2b: Baxcalibur\n|-damage|p2b: Baxcalibur|0 fnt\n|faint|p2b: Baxcalibur\n|move|p1b: Sinistcha|Strength Sap|p2a: Hatterene\n|move|p2a: Hatterene|Strength Sap|p1b: Sinistcha|[from]ability: Magic Bounce\n|-unboost|p1b: Sinistcha|atk|1\n|move|p2a: Hatterene|Nuzzle|p1a: Palafin\n|-supereffective|p1a: Palafin\n|-damage|p1a: Palafin|0 fnt\n|faint|p1a: Palafin\n|-damage|p2a: Hatterene|91\/100|[from] item: Life Orb\n|\n|-weather|RainDance|[upkeep]\n|-heal|p1b: Sinistcha|73\/100|[from] item: Leftovers\n|upkeep\n|\n|t:|1698065044\n|switch|p1a: Pelipper|Pelipper, F|100\/100\n|switch|p2b: MY ACE|Pincurchin, F|100\/100\n|-fieldstart|move: Electric Terrain|[from] ability: Electric Surge|[of] p2b: MY ACE\n|turn|6\n|\n|t:|1698065063\n|move|p2b: MY ACE|Sucker Punch|p1b: Sinistcha\n|-supereffective|p1b: Sinistcha\n|-damage|p1b: Sinistcha|29\/100\n|move|p1a: Pelipper|Tailwind|p1a: Pelipper\n|-sidestart|p1: Trainer Truong|move: Tailwind\n|move|p1b: Sinistcha|Matcha Gotcha|p2a: Hatterene|[spread] p2a,p2b\n|-damage|p2a: Hatterene|64\/100\n|-heal|p1b: Sinistcha|41\/100|[from] drain|[of] p2a: Hatterene\n|-damage|p2b: MY ACE|57\/100\n|-heal|p1b: Sinistcha|60\/100|[from] drain|[of] p2b: MY ACE\n|move|p2a: Hatterene|Nuzzle|p1a: Pelipper\n|-supereffective|p1a: Pelipper\n|-damage|p1a: Pelipper|70\/100\n|-status|p1a: Pelipper|par\n|-damage|p2a: Hatterene|54\/100|[from] item: Life Orb\n|\n|-weather|RainDance|[upkeep]\n|-heal|p1b: Sinistcha|66\/100|[from] item: Leftovers\n|upkeep\n|turn|7\n|\n|t:|1698065106\n|move|p1b: Sinistcha|Matcha Gotcha|p2a: Hatterene|[spread] p2b\n|-miss|p1b: Sinistcha|p2a: Hatterene\n|-damage|p2b: MY ACE|18\/100\n|-heal|p1b: Sinistcha|83\/100|[from] drain|[of] p2b: MY ACE\n|move|p1a: Pelipper|U-turn|p2a: Hatterene\n|-damage|p2a: Hatterene|44\/100\n|\n|t:|1698065114\n|switch|p1a: Dragonite|Dragonite, M|100\/100|[from] U-turn\n|move|p2a: Hatterene|Dazzling Gleam|p1a: Dragonite|[spread] p1a,p1b\n|-supereffective|p1a: Dragonite\n|-damage|p1a: Dragonite|66\/100\n|-damage|p1b: Sinistcha|43\/100\n|-damage|p2a: Hatterene|34\/100|[from] item: Life Orb\n|move|p2b: MY ACE|Acupressure|p2a: Hatterene\n|-boost|p2a: Hatterene|def|2\n|\n|-weather|RainDance|[upkeep]\n|-heal|p1b: Sinistcha|49\/100|[from] item: Leftovers\n|upkeep\n|turn|8\n|\n|t:|1698065131\n|move|p2a: Hatterene|Protect|p2a: Hatterene\n|-singleturn|p2a: Hatterene|Protect\n|move|p2b: MY ACE|Sucker Punch|p1b: Sinistcha\n|-supereffective|p1b: Sinistcha\n|-damage|p1b: Sinistcha|4\/100\n|move|p1a: Dragonite|Iron Head|p2a: Hatterene\n|-activate|p2a: Hatterene|move: Protect\n|move|p1b: Sinistcha|Matcha Gotcha|p2a: Hatterene|[spread] p2b\n|-activate|p2a: Hatterene|move: Protect\n|-damage|p2b: MY ACE|0 fnt\n|-heal|p1b: Sinistcha|11\/100|[from] drain|[of] p2b: MY ACE\n|faint|p2b: MY ACE\n|\n|-weather|none\n|-heal|p1b: Sinistcha|18\/100|[from] item: Leftovers\n|upkeep\n|\n|t:|1698065142\n|switch|p2b: Raichu|Raichu-Alola, F|100\/100\n|turn|9\n|\n|t:|1698065151\n|move|p2b: Raichu|Discharge|p1a: Dragonite|[spread] p2a,p1a,p1b\n|-resisted|p1b: Sinistcha\n|-damage|p2a: Hatterene|10\/100\n|-damage|p1a: Dragonite|33\/100\n|-damage|p1b: Sinistcha|0 fnt\n|-status|p2a: Hatterene|par\n|faint|p1b: Sinistcha\n|move|p1a: Dragonite|Iron Head|p2a: Hatterene\n|-supereffective|p2a: Hatterene\n|-damage|p2a: Hatterene|0 fnt\n|faint|p2a: Hatterene\n|\n|-sideend|p1: Trainer Truong|move: Tailwind\n|upkeep\n|\n|t:|1698065162\n|switch|p1b: Pelipper|Pelipper, F|70\/100 par\n|-weather|RainDance|[from] ability: Drizzle|[of] p1b: Pelipper\n|turn|10\n|\n|t:|1698065176\n|move|p2b: Raichu|Discharge|p1a: Dragonite|[spread] p1a,p1b\n|-supereffective|p1b: Pelipper\n|-damage|p1a: Dragonite|2\/100\n|-damage|p1b: Pelipper|0 fnt\n|faint|p1b: Pelipper\n|move|p1a: Dragonite|Dragon Claw|p2b: Raichu\n|-damage|p2b: Raichu|0 fnt\n|faint|p2b: Raichu\n|\n|win|Trainer Truong\n|raw|Trainer Truong's rating: 1076 &rarr; <strong>1102<\/strong><br \/>(+26 for winning)\n|raw|ShadowGlaciar's rating: 1040 &rarr; <strong>1026<\/strong><br \/>(-14 for losing)\n|c|\u2606Trainer Truong|wow\n|l|\u2606Trainer Truong\n","uploadtime":1698065193,"views":17,"p1id":"trainertruong","p2id":"shadowglaciar","formatid":"gen9doublesou","rating":1026,"private":0,"password":""}