{"id":"gen9doublesou-1988494039","p1":"mikeyuwu","p2":"adrenaline abuser","format":"[Gen 9] Doubles OU","log":"|j|\u2606mikeyuwu\n|j|\u2606adrenaline abuser\n|t:|1699728931\n|gametype|doubles\n|player|p1|mikeyuwu|psychic-gen4|1238\n|player|p2|adrenaline abuser|hugh|1146\n|teamsize|p1|6\n|teamsize|p2|6\n|gen|9\n|tier|[Gen 9] Doubles OU\n|rated|\n|rule|Species Clause: Limit one of each Pok\u00e9mon\n|rule|OHKO Clause: OHKO moves are banned\n|rule|Evasion Moves Clause: Evasion moves are banned\n|rule|Gravity Sleep Clause: The combination of sleep-inducing moves with imperfect accuracy and Gravity or Gigantamax Orbeetle are banned\n|rule|Endless Battle Clause: Forcing endless battles is banned\n|rule|HP Percentage Mod: HP is shown in percentages\n|clearpoke\n|poke|p1|Garchomp, M|\n|poke|p1|Tyranitar, F|\n|poke|p1|Vaporeon, F|\n|poke|p1|Toxicroak, M|\n|poke|p1|Pelipper, F|\n|poke|p1|Abomasnow, M|\n|poke|p2|Luxray, M|\n|poke|p2|Tauros-Paldea-Blaze, M|\n|poke|p2|Gogoat, M|\n|poke|p2|Rillaboom, M|\n|poke|p2|Wyrdeer, M|\n|poke|p2|Slowbro, M|\n|teampreview\n|\n|t:|1699728939\n|start\n|switch|p1a: OTLHPM|Toxicroak, M|100\/100\n|switch|p1b: Harmacy|Vaporeon, F|100\/100\n|switch|p2a: Slowbro|Slowbro, M, shiny|100\/100\n|switch|p2b: Wyrdeer|Wyrdeer, M, shiny|100\/100\n|turn|1\n|\n|t:|1699728952\n|switch|p1a: ThcrThnSnkr|Tyranitar, F|100\/100\n|-weather|Sandstorm|[from] ability: Sand Stream|[of] p1a: ThcrThnSnkr\n|move|p2b: Wyrdeer|Protect|p2b: Wyrdeer\n|-singleturn|p2b: Wyrdeer|Protect\n|move|p1b: Harmacy|Icy Wind|p2a: Slowbro|[spread] p2a\n|-activate|p2b: Wyrdeer|move: Protect\n|-resisted|p2a: Slowbro\n|-damage|p2a: Slowbro|95\/100\n|-unboost|p2a: Slowbro|spe|1\n|move|p2a: Slowbro|Trick Room|p2a: Slowbro\n|-fieldstart|move: Trick Room|[of] p2a: Slowbro\n|\n|-weather|Sandstorm|[upkeep]\n|-damage|p2a: Slowbro|89\/100|[from] Sandstorm\n|-damage|p2b: Wyrdeer|94\/100|[from] Sandstorm\n|-damage|p1b: Harmacy|94\/100|[from] Sandstorm\n|-heal|p1b: Harmacy|100\/100|[from] item: Leftovers\n|upkeep\n|turn|2\n|\n|t:|1699728975\n|move|p2a: Slowbro|Scald|p1a: ThcrThnSnkr\n|-supereffective|p1a: ThcrThnSnkr\n|-damage|p1a: ThcrThnSnkr|77\/100\n|move|p2b: Wyrdeer|Psyshield Bash|p1b: Harmacy\n|-damage|p1b: Harmacy|78\/100\n|-boost|p2b: Wyrdeer|def|1\n|move|p1b: Harmacy|Copycat|p1b: Harmacy\n|move|p1b: Harmacy|Psyshield Bash|p2a: Slowbro|[from]move: Copycat\n|-resisted|p2a: Slowbro\n|-damage|p2a: Slowbro|85\/100\n|-boost|p1b: Harmacy|def|1\n|-damage|p1b: Harmacy|61\/100|[from] item: Rocky Helmet|[of] p2a: Slowbro\n|move|p1a: ThcrThnSnkr|Knock Off|p2b: Wyrdeer\n|-supereffective|p2b: Wyrdeer\n|-damage|p2b: Wyrdeer|20\/100\n|-damage|p1a: ThcrThnSnkr|61\/100|[from] item: Rocky Helmet|[of] p2b: Wyrdeer\n|-enditem|p2b: Wyrdeer|Rocky Helmet|[from] move: Knock Off|[of] p1a: ThcrThnSnkr\n|\n|-weather|Sandstorm|[upkeep]\n|-damage|p2a: Slowbro|79\/100|[from] Sandstorm\n|-damage|p2b: Wyrdeer|14\/100|[from] Sandstorm\n|-damage|p1b: Harmacy|55\/100|[from] Sandstorm\n|-heal|p1b: Harmacy|61\/100|[from] item: Leftovers\n|upkeep\n|turn|3\n|\n|t:|1699729006\n|move|p2a: Slowbro|Calm Mind|p2a: Slowbro\n|-boost|p2a: Slowbro|spa|1\n|-boost|p2a: Slowbro|spd|1\n|move|p2b: Wyrdeer|Reflect|p2b: Wyrdeer\n|-sidestart|p2: adrenaline abuser|Reflect\n|move|p1b: Harmacy|Copycat|p1b: Harmacy\n|move|p1b: Harmacy|Reflect|p1b: Harmacy|[from]move: Copycat\n|-sidestart|p1: mikeyuwu|Reflect\n|move|p1a: ThcrThnSnkr|Thunderbolt|p2a: Slowbro\n|-supereffective|p2a: Slowbro\n|-damage|p2a: Slowbro|50\/100\n|\n|-weather|Sandstorm|[upkeep]\n|-damage|p2a: Slowbro|44\/100|[from] Sandstorm\n|-damage|p2b: Wyrdeer|8\/100|[from] Sandstorm\n|-damage|p1b: Harmacy|55\/100|[from] Sandstorm\n|-heal|p1b: Harmacy|61\/100|[from] item: Leftovers\n|upkeep\n|turn|4\n|\n|t:|1699729027\n|move|p2a: Slowbro|Calm Mind|p2a: Slowbro\n|-boost|p2a: Slowbro|spa|1\n|-boost|p2a: Slowbro|spd|1\n|move|p2b: Wyrdeer|Psyshield Bash|p1a: ThcrThnSnkr\n|-immune|p1a: ThcrThnSnkr\n|move|p1b: Harmacy|Copycat|p1b: Harmacy\n|move|p1b: Harmacy|Psyshield Bash|p2b: Wyrdeer|[from]move: Copycat\n|-resisted|p2b: Wyrdeer\n|-damage|p2b: Wyrdeer|5\/100\n|-boost|p1b: Harmacy|def|1\n|move|p1a: ThcrThnSnkr|Thunderbolt|p2a: Slowbro\n|-supereffective|p2a: Slowbro\n|-damage|p2a: Slowbro|22\/100\n|\n|-weather|Sandstorm|[upkeep]\n|-damage|p2a: Slowbro|16\/100|[from] Sandstorm\n|-damage|p2b: Wyrdeer|0 fnt|[from] Sandstorm\n|-damage|p1b: Harmacy|55\/100|[from] Sandstorm\n|faint|p2b: Wyrdeer\n|-heal|p1b: Harmacy|61\/100|[from] item: Leftovers\n|upkeep\n|\n|t:|1699729046\n|switch|p2b: Rillaboom|Rillaboom, M|100\/100\n|-fieldstart|move: Grassy Terrain|[from] ability: Grassy Surge|[of] p2b: Rillaboom\n|turn|5\n|\n|t:|1699729067\n|switch|p1a: OTLHPM|Toxicroak, M|100\/100\n|move|p2a: Slowbro|Scald|p1a: OTLHPM\n|-immune|p1a: OTLHPM|[from] ability: Dry Skin\n|move|p1b: Harmacy|Weather Ball|p2a: Slowbro\n|-crit|p2a: Slowbro\n|-damage|p2a: Slowbro|0 fnt\n|faint|p2a: Slowbro\n|move|p2b: Rillaboom|Wood Hammer|p1b: Harmacy\n|-supereffective|p1b: Harmacy\n|-damage|p1b: Harmacy|25\/100\n|-damage|p2b: Rillaboom|84\/100|[from] Recoil\n|\n|-weather|none\n|-heal|p1b: Harmacy|31\/100|[from] Grassy Terrain\n|-heal|p1b: Harmacy|37\/100|[from] item: Leftovers\n|-heal|p2b: Rillaboom|90\/100|[from] Grassy Terrain\n|-heal|p2b: Rillaboom|96\/100|[from] item: Leftovers\n|-fieldend|move: Trick Room\n|upkeep\n|\n|t:|1699729087\n|switch|p2a: Luxray|Luxray, M|100\/100\n|-ability|p2a: Luxray|Intimidate|boost\n|-unboost|p1a: OTLHPM|atk|1\n|-unboost|p1b: Harmacy|atk|1\n|-item|p2a: Luxray|Air Balloon\n|turn|6\n|\n|t:|1699729099\n|switch|p1a: Weather War|Pelipper, F|100\/100\n|-weather|RainDance|[from] ability: Drizzle|[of] p1a: Weather War\n|switch|p1b: Extra Spicy|Garchomp, M|100\/100\n|move|p2b: Rillaboom|Wood Hammer|p1a: Weather War\n|-damage|p1a: Weather War|62\/100\n|-damage|p2b: Rillaboom|85\/100|[from] Recoil\n|move|p2a: Luxray|Wild Charge|p1b: Extra Spicy\n|-immune|p1b: Extra Spicy\n|\n|-weather|RainDance|[upkeep]\n|-heal|p2b: Rillaboom|91\/100|[from] Grassy Terrain\n|-heal|p2b: Rillaboom|97\/100|[from] item: Leftovers\n|upkeep\n|turn|7\n|\n|t:|1699729121\n|switch|p1a: Cold Shoulder|Abomasnow, M, shiny|100\/100\n|-weather|Snow|[from] ability: Snow Warning|[of] p1a: Cold Shoulder\n|-terastallize|p2b: Rillaboom|Grass\n|move|p2b: Rillaboom|Grassy Glide|p1b: Extra Spicy\n|-damage|p1b: Extra Spicy|80\/100\n|-damage|p2b: Rillaboom|85\/100|[from] ability: Rough Skin|[of] p1b: Extra Spicy\n|-damage|p2b: Rillaboom|68\/100|[from] item: Rocky Helmet|[of] p1b: Extra Spicy\n|move|p1b: Extra Spicy|Brick Break|p2a: Luxray\n|-sideend|p2: adrenaline abuser|Reflect\n|-damage|p2a: Luxray|76\/100\n|-enditem|p2a: Luxray|Air Balloon\n|move|p2a: Luxray|Wild Charge|p1a: Cold Shoulder\n|-resisted|p1a: Cold Shoulder\n|-damage|p1a: Cold Shoulder|91\/100\n|-damage|p2a: Luxray|74\/100|[from] Recoil\n|\n|-weather|Snow|[upkeep]\n|-heal|p1b: Extra Spicy|86\/100|[from] Grassy Terrain\n|-heal|p2b: Rillaboom|74\/100|[from] Grassy Terrain\n|-heal|p2b: Rillaboom|81\/100|[from] item: Leftovers\n|-heal|p2a: Luxray|80\/100|[from] Grassy Terrain\n|-heal|p1a: Cold Shoulder|97\/100|[from] Grassy Terrain\n|-sideend|p1: mikeyuwu|Reflect\n|upkeep\n|turn|8\n|\n|t:|1699729152\n|switch|p2a: Tauros|Tauros-Paldea-Blaze, M|100\/100\n|move|p1b: Extra Spicy|Poison Jab|p2b: Rillaboom\n|-supereffective|p2b: Rillaboom\n|-damage|p2b: Rillaboom|31\/100\n|-status|p2b: Rillaboom|psn\n|move|p2b: Rillaboom|Wood Hammer|p1b: Extra Spicy\n|-damage|p1b: Extra Spicy|18\/100\n|-damage|p2b: Rillaboom|18\/100 psn|[from] ability: Rough Skin|[of] p1b: Extra Spicy\n|-damage|p2b: Rillaboom|2\/100 psn|[from] item: Rocky Helmet|[of] p1b: Extra Spicy\n|-damage|p2b: Rillaboom|0 fnt|[from] Recoil\n|faint|p2b: Rillaboom\n|move|p1a: Cold Shoulder|Blizzard|p2a: Tauros\n|-resisted|p2a: Tauros\n|-damage|p2a: Tauros|72\/100\n|\n|-weather|Snow|[upkeep]\n|-heal|p2a: Tauros|78\/100|[from] Grassy Terrain\n|-heal|p1b: Extra Spicy|24\/100|[from] Grassy Terrain\n|-heal|p1a: Cold Shoulder|100\/100|[from] Grassy Terrain\n|upkeep\n|\n|t:|1699729174\n|switch|p2b: Gogoat|Gogoat, M|100\/100\n|turn|9\n|\n|t:|1699729188\n|switch|p1a: Weather War|Pelipper, F|62\/100\n|-weather|RainDance|[from] ability: Drizzle|[of] p1a: Weather War\n|move|p2a: Tauros|Raging Bull|p1a: Weather War\n|-resisted|p1a: Weather War\n|-damage|p1a: Weather War|55\/100\n|move|p1b: Extra Spicy|Liquidation|p2a: Tauros\n|-supereffective|p2a: Tauros\n|-damage|p2a: Tauros|0 fnt\n|faint|p2a: Tauros\n|move|p2b: Gogoat|Horn Leech|p1b: Extra Spicy\n|-damage|p1b: Extra Spicy|4\/100\n|-damage|p2b: Gogoat|88\/100|[from] ability: Rough Skin|[of] p1b: Extra Spicy\n|-damage|p2b: Gogoat|71\/100|[from] item: Rocky Helmet|[of] p1b: Extra Spicy\n|\n|-weather|RainDance|[upkeep]\n|-heal|p1b: Extra Spicy|10\/100|[from] Grassy Terrain\n|-heal|p2b: Gogoat|78\/100|[from] Grassy Terrain\n|-heal|p2b: Gogoat|84\/100|[from] item: Leftovers\n|-fieldend|move: Grassy Terrain\n|upkeep\n|\n|t:|1699729210\n|switch|p2a: Luxray|Luxray, M|80\/100\n|-ability|p2a: Luxray|Intimidate|boost\n|-unboost|p1a: Weather War|atk|1\n|-unboost|p1b: Extra Spicy|atk|1\n|turn|10\n|\n|t:|1699729222\n|move|p1b: Extra Spicy|Earthquake|p2b: Gogoat|[spread] p2a,p2b\n|-immune|p1a: Weather War\n|-supereffective|p2a: Luxray\n|-resisted|p2b: Gogoat\n|-damage|p2a: Luxray|27\/100\n|-damage|p2b: Gogoat|73\/100\n|move|p2a: Luxray|Wild Charge|p1a: Weather War\n|-supereffective|p1a: Weather War\n|-damage|p1a: Weather War|0 fnt\n|faint|p1a: Weather War\n|-damage|p2a: Luxray|15\/100|[from] Recoil\n|move|p2b: Gogoat|Trailblaze|p1b: Extra Spicy\n|-damage|p1b: Extra Spicy|0 fnt\n|-boost|p2b: Gogoat|spe|1\n|-damage|p2b: Gogoat|60\/100|[from] ability: Rough Skin|[of] p1b: Extra Spicy\n|-damage|p2b: Gogoat|44\/100|[from] item: Rocky Helmet|[of] p1b: Extra Spicy\n|faint|p1b: Extra Spicy\n|\n|-weather|RainDance|[upkeep]\n|-heal|p2b: Gogoat|50\/100|[from] item: Leftovers\n|upkeep\n|\n|t:|1699729239\n|switch|p1b: Cold Shoulder|Abomasnow, M, shiny|100\/100\n|switch|p1a: OTLHPM|Toxicroak, M|100\/100\n|-weather|Snow|[from] ability: Snow Warning|[of] p1b: Cold Shoulder\n|turn|11\n|\n|t:|1699729257\n|move|p2b: Gogoat|Leech Seed|p1b: Cold Shoulder\n|-immune|p1b: Cold Shoulder\n|move|p1a: OTLHPM|Poison Jab|p2a: Luxray\n|-damage|p2a: Luxray|0 fnt\n|faint|p2a: Luxray\n|move|p1b: Cold Shoulder|Blizzard|p2b: Gogoat\n|-supereffective|p2b: Gogoat\n|-damage|p2b: Gogoat|0 fnt\n|faint|p2b: Gogoat\n|\n|win|mikeyuwu\n|raw|mikeyuwu's rating: 1238 &rarr; <strong>1257<\/strong><br \/>(+19 for winning)\n|raw|adrenaline abuser's rating: 1146 &rarr; <strong>1127<\/strong><br \/>(-19 for losing)\n|l|\u2606adrenaline abuser\n|c|\u2606mikeyuwu|Gg\n","uploadtime":1699729272,"views":13,"p1id":"mikeyuwu","p2id":"adrenalineabuser","formatid":"gen9doublesou","rating":1127,"private":0,"password":""}