{"id":"gen9doublesou-1983428054","p1":"SingleThunder","p2":"MADARAAAA","format":"[Gen 9] Doubles OU","log":"|j|\u2606SingleThunder\n|j|\u2606MADARAAAA\n|t:|1699129084\n|gametype|doubles\n|player|p1|SingleThunder|#dpl8ducks|\n|player|p2|MADARAAAA|#dpl8ducks|\n|teamsize|p1|6\n|teamsize|p2|6\n|gen|9\n|tier|[Gen 9] Doubles OU\n|rule|Species Clause: Limit one of each Pok\u00e9mon\n|rule|OHKO Clause: OHKO moves are banned\n|rule|Evasion Moves Clause: Evasion moves are banned\n|rule|Gravity Sleep Clause: The combination of sleep-inducing moves with imperfect accuracy and Gravity or Gigantamax Orbeetle are banned\n|rule|Endless Battle Clause: Forcing endless battles is banned\n|rule|HP Percentage Mod: HP is shown in percentages\n|clearpoke\n|poke|p1|Rillaboom, F|\n|poke|p1|Volcanion|\n|poke|p1|Tornadus, M|\n|poke|p1|Iron Hands|\n|poke|p1|Landorus-Therian, M|\n|poke|p1|Ogerpon-Hearthflame, F|\n|poke|p2|Kingambit, F|\n|poke|p2|Diancie|\n|poke|p2|Rillaboom, M|\n|poke|p2|Volcanion|\n|poke|p2|Ursaluna, M|\n|poke|p2|Cresselia, F|\n|teampreview\n|c|\u2606SingleThunder|hf\n|c|\u2606MADARAAAA|hf\n|j| AIRedzone\n|j| ratpacker\n|j| mishimono\n|j| R4ye\n|j| Eragon11145\n|l| R4ye\n|j| R4ye\n|j| Iceberg77\n|l| Eragon11145\n|j|+Yoda2798\n|j| Chihiro Watanuki\n|l| ratpacker\n|j| F3rrari450\n|j| Lemurro\n|\n|t:|1699129241\n|start\n|switch|p1a: Rillaboom|Rillaboom, F|100\/100\n|switch|p1b: Landorus|Landorus-Therian, M|100\/100\n|switch|p2a: Cresselia|Cresselia, F|100\/100\n|switch|p2b: Volcanion|Volcanion|100\/100\n|-ability|p1b: Landorus|Intimidate|boost\n|-unboost|p2a: Cresselia|atk|1\n|-unboost|p2b: Volcanion|atk|1\n|-fieldstart|move: Grassy Terrain|[from] ability: Grassy Surge|[of] p1a: Rillaboom\n|turn|1\n|l| R4ye\n|j| R4ye\n|l| AIRedzone\n|\n|t:|1699129319\n|move|p1a: Rillaboom|Fake Out|p2b: Volcanion\n|-crit|p2b: Volcanion\n|-damage|p2b: Volcanion|84\/100\n|move|p1b: Landorus|Taunt|p2a: Cresselia\n|-start|p2a: Cresselia|move: Taunt\n|-enditem|p2a: Cresselia|Mental Herb\n|-end|p2a: Cresselia|move: Taunt\n|cant|p2b: Volcanion|flinch\n|move|p2a: Cresselia|Trick Room|p2a: Cresselia\n|-fieldstart|move: Trick Room|[of] p2a: Cresselia\n|\n|-heal|p2b: Volcanion|90\/100|[from] Grassy Terrain\n|-heal|p2b: Volcanion|96\/100|[from] item: Leftovers\n|upkeep\n|turn|2\n|j| I like Glaceon yay\n|c| I like Glaceon yay|Why is there so many people in this lobbby\n|c| I like Glaceon yay|10 users\n|c| I like Glaceon yay|\u2026\n|c| I like Glaceon yay|anyone\n|c| I like Glaceon yay|\u2026\n|\n|t:|1699129443\n|switch|p2a: Diancie|Diancie|100\/100\n|move|p2b: Volcanion|Heat Wave|p1a: Rillaboom|[spread] p1a,p1b\n|-supereffective|p1a: Rillaboom\n|-damage|p1a: Rillaboom|41\/100\n|-damage|p1b: Landorus|61\/100\n|move|p1a: Rillaboom|U-turn|p2a: Diancie\n|-resisted|p2a: Diancie\n|-damage|p2a: Diancie|91\/100\n|\n|t:|1699129453\n|switch|p1a: Iron Hands|Iron Hands|100\/100|[from] U-turn\n|move|p1b: Landorus|Stomping Tantrum|p2b: Volcanion\n|-supereffective|p2b: Volcanion\n|-damage|p2b: Volcanion|23\/100\n|\n|-heal|p2a: Diancie|97\/100|[from] Grassy Terrain\n|-heal|p2b: Volcanion|29\/100|[from] Grassy Terrain\n|-heal|p2b: Volcanion|35\/100|[from] item: Leftovers\n|upkeep\n|turn|3\n|\n|t:|1699129501\n|move|p1a: Iron Hands|Fake Out|p2b: Volcanion\n|-damage|p2b: Volcanion|22\/100\n|move|p2a: Diancie|Diamond Storm|p1a: Iron Hands|[spread] p1b\n|-miss|p2a: Diancie|p1a: Iron Hands\n|-damage|p1b: Landorus|26\/100\n|-boost|p2a: Diancie|def|2\n|-enditem|p1b: Landorus|Sitrus Berry|[eat]\n|-heal|p1b: Landorus|51\/100|[from] item: Sitrus Berry\n|cant|p2b: Volcanion|flinch\n|move|p1b: Landorus|U-turn|p2b: Volcanion\n|-resisted|p2b: Volcanion\n|-damage|p2b: Volcanion|12\/100\n|j| Lunarr\n|c| I like Glaceon yay|11 people\n|\n|t:|1699129598\n|switch|p1b: Rillaboom|Rillaboom, F|41\/100|[from] U-turn\n|\n|-heal|p2a: Diancie|100\/100|[from] Grassy Terrain\n|-heal|p2b: Volcanion|18\/100|[from] Grassy Terrain\n|-heal|p2b: Volcanion|24\/100|[from] item: Leftovers\n|-heal|p1b: Rillaboom|47\/100|[from] Grassy Terrain\n|upkeep\n|turn|4\n|\n|t:|1699129653\n|switch|p2b: Cresselia|Cresselia, F|100\/100\n|move|p2a: Diancie|Protect|p2a: Diancie\n|-singleturn|p2a: Diancie|Protect\n|move|p1b: Rillaboom|Fake Out|p2a: Diancie\n|-activate|p2a: Diancie|move: Protect\n|move|p1a: Iron Hands|Volt Switch|p2b: Cresselia\n|-damage|p2b: Cresselia|94\/100\n|\n|t:|1699129714\n|-end|p1a: Iron Hands|Quark Drive|[silent]\n|switch|p1a: Volcanion|Volcanion|100\/100|[from] Volt Switch\n|\n|-heal|p1b: Rillaboom|53\/100|[from] Grassy Terrain\n|upkeep\n|turn|5\n|\n|t:|1699129742\n|-terastallize|p1a: Volcanion|Grass\n|move|p2a: Diancie|Diamond Storm|p1b: Rillaboom|[spread] p1a,p1b\n|-damage|p1a: Volcanion|70\/100\n|-damage|p1b: Rillaboom|20\/100\n|-boost|p2a: Diancie|def|2\n|move|p1a: Volcanion|Steam Eruption|p2a: Diancie\n|-supereffective|p2a: Diancie\n|-damage|p2a: Diancie|5\/100\n|-status|p2a: Diancie|brn\n|move|p2b: Cresselia|Ice Beam|p1b: Rillaboom\n|-supereffective|p1b: Rillaboom\n|-damage|p1b: Rillaboom|0 fnt\n|faint|p1b: Rillaboom\n|\n|-heal|p2a: Diancie|11\/100 brn|[from] Grassy Terrain\n|-heal|p1a: Volcanion|76\/100|[from] Grassy Terrain\n|-heal|p1a: Volcanion|82\/100|[from] item: Leftovers\n|-damage|p2a: Diancie|5\/100 brn|[from] brn\n|-fieldend|move: Trick Room\n|-fieldend|move: Grassy Terrain\n|upkeep\n|\n|t:|1699129768\n|switch|p1b: Landorus|Landorus-Therian, M|51\/100\n|-ability|p1b: Landorus|Intimidate|boost\n|-fail|p2a: Diancie|unboost|[from] ability: Clear Body|[of] p2a: Diancie\n|-unboost|p2b: Cresselia|atk|1\n|turn|6\n|\n|t:|1699129804\n|move|p1b: Landorus|Stealth Rock|p2b: Cresselia\n|-sidestart|p2: MADARAAAA|move: Stealth Rock\n|move|p2b: Cresselia|Ice Beam|p1b: Landorus\n|-supereffective|p1b: Landorus\n|-damage|p1b: Landorus|0 fnt\n|faint|p1b: Landorus\n|move|p1a: Volcanion|Heat Wave|p2a: Diancie|[spread] p2a,p2b\n|-resisted|p2a: Diancie\n|-crit|p2a: Diancie\n|-damage|p2a: Diancie|0 fnt\n|-damage|p2b: Cresselia|71\/100\n|faint|p2a: Diancie\n|\n|-heal|p1a: Volcanion|88\/100|[from] item: Leftovers\n|upkeep\n|\n|t:|1699129943\n|switch|p1b: Iron Hands|Iron Hands|100\/100\n|switch|p2a: Volcanion|Volcanion|24\/100\n|-damage|p2a: Volcanion|0 fnt|[from] Stealth Rock\n|faint|p2a: Volcanion\n|\n|t:|1699129952\n|switch|p2a: Rillaboom|Rillaboom, M|100\/100\n|-damage|p2a: Rillaboom|88\/100|[from] Stealth Rock\n|-fieldstart|move: Grassy Terrain|[from] ability: Grassy Surge|[of] p2a: Rillaboom\n|turn|7\n|\n|t:|1699129981\n|move|p2a: Rillaboom|Fake Out|p1b: Iron Hands\n|-damage|p1b: Iron Hands|91\/100\n|cant|p1b: Iron Hands|flinch\n|move|p1a: Volcanion|Heat Wave|p2a: Rillaboom|[spread] p2a,p2b\n|-supereffective|p2a: Rillaboom\n|-damage|p2a: Rillaboom|38\/100\n|-damage|p2b: Cresselia|48\/100\n|move|p2b: Cresselia|Trick Room|p2b: Cresselia\n|-fieldstart|move: Trick Room|[of] p2b: Cresselia\n|\n|-heal|p1b: Iron Hands|98\/100|[from] Grassy Terrain\n|-heal|p1a: Volcanion|94\/100|[from] Grassy Terrain\n|-heal|p1a: Volcanion|99\/100|[from] item: Leftovers\n|-heal|p2a: Rillaboom|44\/100|[from] Grassy Terrain\n|upkeep\n|turn|8\n|\n|t:|1699130030\n|move|p1b: Iron Hands|Volt Switch|p2b: Cresselia\n|-damage|p2b: Cresselia|42\/100\n|\n|t:|1699130036\n|-end|p1b: Iron Hands|Quark Drive|[silent]\n|switch|p1b: Ogerpon|Ogerpon-Hearthflame, F|100\/100|[from] Volt Switch\n|-ability|p1b: Ogerpon|Mold Breaker\n|move|p1a: Volcanion|Heat Wave|p2a: Rillaboom|[spread] p2a,p2b\n|-supereffective|p2a: Rillaboom\n|-damage|p2a: Rillaboom|0 fnt\n|-damage|p2b: Cresselia|19\/100\n|-status|p2b: Cresselia|brn\n|faint|p2a: Rillaboom\n|move|p2b: Cresselia|Ice Beam|p1a: Volcanion\n|-supereffective|p1a: Volcanion\n|-damage|p1a: Volcanion|65\/100\n|\n|-heal|p1a: Volcanion|71\/100|[from] Grassy Terrain\n|-heal|p1a: Volcanion|77\/100|[from] item: Leftovers\n|-damage|p2b: Cresselia|13\/100 brn|[from] brn\n|upkeep\n|\n|t:|1699130048\n|switch|p2a: Ursaluna|Ursaluna, M|100\/100\n|-damage|p2a: Ursaluna|94\/100|[from] Stealth Rock\n|turn|9\n|j|+Actuarily\n|j|+ryo yamada2001\n|\n|t:|1699130116\n|move|p2a: Ursaluna|Protect|p2a: Ursaluna\n|-singleturn|p2a: Ursaluna|Protect\n|move|p1b: Ogerpon|Grassy Glide|p2b: Cresselia\n|-damage|p2b: Cresselia|0 fnt\n|faint|p2b: Cresselia\n|move|p1a: Volcanion|Steam Eruption|p2a: Ursaluna\n|-activate|p2a: Ursaluna|move: Protect\n|\n|-heal|p2a: Ursaluna|100\/100|[from] Grassy Terrain\n|-heal|p1a: Volcanion|83\/100|[from] Grassy Terrain\n|-heal|p1a: Volcanion|90\/100|[from] item: Leftovers\n|-status|p2a: Ursaluna|brn|[from] item: Flame Orb\n|upkeep\n|\n|t:|1699130122\n|switch|p2b: Kingambit|Kingambit, F|100\/100\n|-damage|p2b: Kingambit|94\/100|[from] Stealth Rock\n|turn|10\n|l| Lemurro\n|j| Lemurro\n|\n|t:|1699130276\n|move|p1a: Volcanion|Protect|p1a: Volcanion\n|-singleturn|p1a: Volcanion|Protect\n|move|p1b: Ogerpon|Grassy Glide|p2a: Ursaluna\n|-supereffective|p2a: Ursaluna\n|-damage|p2a: Ursaluna|43\/100 brn\n|move|p2a: Ursaluna|Facade|p1a: Volcanion\n|-activate|p1a: Volcanion|move: Protect\n|move|p2b: Kingambit|Iron Head|p1a: Volcanion\n|-activate|p1a: Volcanion|move: Protect\n|\n|-heal|p2a: Ursaluna|50\/100 brn|[from] Grassy Terrain\n|-heal|p2b: Kingambit|100\/100|[from] Grassy Terrain\n|-heal|p1a: Volcanion|96\/100|[from] Grassy Terrain\n|-heal|p1a: Volcanion|100\/100|[from] item: Leftovers\n|-damage|p2a: Ursaluna|43\/100 brn|[from] brn\n|upkeep\n|turn|11\n|c| I like Glaceon yay|???\n|l|+Actuarily\n|\n|t:|1699130302\n|-terastallize|p2a: Ursaluna|Ghost\n|move|p1b: Ogerpon|Grassy Glide|p2a: Ursaluna\n|-damage|p2a: Ursaluna|11\/100 brn\n|move|p2a: Ursaluna|Facade|p1a: Volcanion\n|-damage|p1a: Volcanion|7\/100\n|move|p2b: Kingambit|Kowtow Cleave|p1a: Volcanion\n|-damage|p1a: Volcanion|0 fnt\n|faint|p1a: Volcanion\n|\n|-heal|p2a: Ursaluna|17\/100 brn|[from] Grassy Terrain\n|-damage|p2a: Ursaluna|11\/100 brn|[from] brn\n|-fieldend|move: Trick Room\n|-fieldend|move: Grassy Terrain\n|upkeep\n|l| Iceberg77\n|\n|t:|1699130329\n|switch|p1a: Iron Hands|Iron Hands|98\/100\n|turn|12\n|\n|t:|1699130357\n|move|p1a: Iron Hands|Fake Out|p2b: Kingambit\n|-resisted|p2b: Kingambit\n|-damage|p2b: Kingambit|94\/100\n|move|p1b: Ogerpon|Ivy Cudgel|p2a: Ursaluna\n|-damage|p2a: Ursaluna|0 fnt\n|faint|p2a: Ursaluna\n|cant|p2b: Kingambit|flinch\n|\n|upkeep\n|turn|13\n|l| Lemurro\n|l| Chihiro Watanuki\n|\n|t:|1699130377\n|move|p1b: Ogerpon|Ivy Cudgel|p2b: Kingambit\n|-supereffective|p2b: Kingambit\n|-crit|p2b: Kingambit\n|-damage|p2b: Kingambit|0 fnt\n|faint|p2b: Kingambit\n|\n|win|SingleThunder\n|c|\u2606SingleThunder|gg\n|c|\u2606MADARAAAA|gg\n","uploadtime":1699130388,"views":45,"p1id":"singlethunder","p2id":"madaraaaa","formatid":"gen9doublesou","rating":0,"private":0,"password":""}