{"id":"gen9doublesou-1996887786","p1":"iroonleef","p2":"Gasgar4","format":"[Gen 9] Doubles OU","log":"|j|\u2606iroonleef\n|j|\u2606Gasgar4\n|t:|1700740577\n|gametype|doubles\n|player|p1|iroonleef|koga|1512\n|player|p2|Gasgar4|ghetsis|1686\n|teamsize|p1|6\n|teamsize|p2|6\n|gen|9\n|tier|[Gen 9] Doubles OU\n|rated|\n|rule|Species Clause: Limit one of each Pok\u00e9mon\n|rule|OHKO Clause: OHKO moves are banned\n|rule|Evasion Moves Clause: Evasion moves are banned\n|rule|Gravity Sleep Clause: The combination of sleep-inducing moves with imperfect accuracy and Gravity or Gigantamax Orbeetle are banned\n|rule|Endless Battle Clause: Forcing endless battles is banned\n|rule|HP Percentage Mod: HP is shown in percentages\n|clearpoke\n|poke|p1|Tyranitar, F|\n|poke|p1|Gholdengo|\n|poke|p1|Garchomp, M|\n|poke|p1|Corviknight, F|\n|poke|p1|Ursaluna-Bloodmoon, M|\n|poke|p1|Diancie|\n|poke|p2|Dragonite, M|\n|poke|p2|Rillaboom, M|\n|poke|p2|Ursaluna-Bloodmoon, M|\n|poke|p2|Chien-Pao|\n|poke|p2|Landorus, M|\n|poke|p2|Dragapult, M|\n|teampreview\n|inactive|Battle timer is ON: inactive players will automatically lose when time's up. (requested by Gasgar4)\n|inactive|iroonleef also wants the timer to be on.\n|inactive|iroonleef has 120 seconds left.\n|inactive|Gasgar4 has 120 seconds left.\n|\n|t:|1700740635\n|start\n|switch|p1a: Gholdengo|Gholdengo|100\/100\n|switch|p1b: Tyranitar|Tyranitar, F|100\/100\n|switch|p2a: Rillaboom|Rillaboom, M|100\/100\n|switch|p2b: Landorus|Landorus, M|100\/100\n|-fieldstart|move: Grassy Terrain|[from] ability: Grassy Surge|[of] p2a: Rillaboom\n|-weather|Sandstorm|[from] ability: Sand Stream|[of] p1b: Tyranitar\n|turn|1\n|\n|t:|1700740661\n|-terastallize|p1a: Gholdengo|Steel\n|move|p2a: Rillaboom|Fake Out|p1b: Tyranitar\n|-resisted|p1b: Tyranitar\n|-damage|p1b: Tyranitar|95\/100\n|move|p2b: Landorus|Substitute|p2b: Landorus\n|-start|p2b: Landorus|Substitute\n|-damage|p2b: Landorus|75\/100\n|move|p1a: Gholdengo|Make It Rain|p2a: Rillaboom|[spread] p2a,p2b\n|-end|p2b: Landorus|Substitute\n|-damage|p2a: Rillaboom|59\/100\n|-unboost|p1a: Gholdengo|spa|1\n|cant|p1b: Tyranitar|flinch\n|\n|-weather|Sandstorm|[upkeep]\n|-damage|p2a: Rillaboom|53\/100|[from] Sandstorm\n|-heal|p2a: Rillaboom|59\/100|[from] Grassy Terrain\n|-heal|p1b: Tyranitar|100\/100|[from] Grassy Terrain\n|upkeep\n|turn|2\n|\n|t:|1700740688\n|switch|p1a: Ursaluna|Ursaluna-Bloodmoon, M|100\/100\n|move|p2b: Landorus|Substitute|p2b: Landorus\n|-start|p2b: Landorus|Substitute\n|-damage|p2b: Landorus|50\/100\n|move|p2a: Rillaboom|Wood Hammer|p1b: Tyranitar\n|-supereffective|p1b: Tyranitar\n|-damage|p1b: Tyranitar|0 fnt\n|faint|p1b: Tyranitar\n|-damage|p2a: Rillaboom|31\/100|[from] Recoil\n|\n|-weather|Sandstorm|[upkeep]\n|-damage|p2a: Rillaboom|25\/100|[from] Sandstorm\n|-heal|p2a: Rillaboom|31\/100|[from] Grassy Terrain\n|upkeep\n|inactive|iroonleef has 120 seconds left.\n|\n|t:|1700740705\n|switch|p1b: Corviknight|Corviknight, F|100\/100\n|turn|3\n|\n|t:|1700740716\n|move|p2b: Landorus|Protect|p2b: Landorus\n|-singleturn|p2b: Landorus|Protect\n|move|p2a: Rillaboom|Wood Hammer|p1a: Ursaluna\n|-supereffective|p1a: Ursaluna\n|-damage|p1a: Ursaluna|0 fnt\n|faint|p1a: Ursaluna\n|-damage|p2a: Rillaboom|0 fnt|[from] Recoil\n|faint|p2a: Rillaboom\n|move|p1b: Corviknight|Brave Bird|p2b: Landorus\n|-activate|p2b: Landorus|move: Protect\n|\n|-weather|Sandstorm|[upkeep]\n|upkeep\n|\n|t:|1700740744\n|switch|p2a: Ursaluna|Ursaluna-Bloodmoon, M|100\/100\n|switch|p1a: Garchomp|Garchomp, M|100\/100\n|turn|4\n|\n|t:|1700740756\n|switch|p1a: Gholdengo|Gholdengo, tera:Steel|100\/100\n|move|p2b: Landorus|Earth Power|p1a: Gholdengo\n|-supereffective|p1a: Gholdengo\n|-enditem|p1a: Gholdengo|Focus Sash\n|-damage|p1a: Gholdengo|1\/100\n|move|p1b: Corviknight|Brave Bird|p2b: Landorus\n|-crit|p2b: Landorus\n|-end|p2b: Landorus|Substitute\n|-damage|p1b: Corviknight|94\/100|[from] Recoil|[of] p2b: Landorus\n|move|p2a: Ursaluna|Moonblast|p1a: Gholdengo\n|-resisted|p1a: Gholdengo\n|-crit|p1a: Gholdengo\n|-damage|p1a: Gholdengo|0 fnt\n|faint|p1a: Gholdengo\n|\n|-weather|Sandstorm|[upkeep]\n|-heal|p1b: Corviknight|99\/100|[from] item: Leftovers\n|upkeep\n|l|\u2606Gasgar4\n|inactive|Gasgar4 disconnected and has a minute to reconnect!\n|player|p2|\n|\n|t:|1700740779\n|switch|p1a: Garchomp|Garchomp, M|100\/100\n|turn|5\n|inactive|iroonleef has 120 seconds left.\n|inactive|Gasgar4 has 30 seconds to reconnect!\n|inactive|Gasgar4 has 20 seconds to reconnect!\n|inactive|Gasgar4 has 15 seconds to reconnect!\n|inactive|Gasgar4 has 10 seconds to reconnect!\n|inactive|Gasgar4 has 5 seconds to reconnect!\n|j|\u2606Gasgar4\n|inactive|Gasgar4 reconnected and has 95 seconds left.\n|player|p2|Gasgar4|ghetsis\n|inactive|Gasgar4 has 90 seconds left.\n|\n|t:|1700740847\n|move|p2b: Landorus|Protect|p2b: Landorus\n|-singleturn|p2b: Landorus|Protect\n|move|p1a: Garchomp|Dragon Claw|p2a: Ursaluna\n|-crit|p2a: Ursaluna\n|-damage|p2a: Ursaluna|55\/100\n|move|p1b: Corviknight|Brave Bird|p2b: Landorus\n|-activate|p2b: Landorus|move: Protect\n|move|p2a: Ursaluna|Moonblast|p1a: Garchomp\n|-supereffective|p1a: Garchomp\n|-damage|p1a: Garchomp|15\/100\n|\n|-weather|Sandstorm|[upkeep]\n|-heal|p1a: Garchomp|21\/100|[from] Grassy Terrain\n|-heal|p1b: Corviknight|100\/100|[from] item: Leftovers\n|-heal|p2a: Ursaluna|61\/100|[from] Grassy Terrain\n|-fieldend|move: Grassy Terrain\n|upkeep\n|turn|6\n|inactive|Gasgar4 has 90 seconds left.\n|inactive|iroonleef has 90 seconds left.\n|\n|t:|1700740885\n|move|p1a: Garchomp|Earthquake|p2a: Ursaluna|[spread] p2a\n|-immune|p1b: Corviknight\n|-immune|p2b: Landorus\n|-damage|p2a: Ursaluna|33\/100\n|move|p2b: Landorus|Substitute|p2b: Landorus\n|-start|p2b: Landorus|Substitute\n|-damage|p2b: Landorus|25\/100\n|move|p1b: Corviknight|Brave Bird|p2b: Landorus\n|-end|p2b: Landorus|Substitute\n|-damage|p1b: Corviknight|94\/100|[from] Recoil|[of] p2b: Landorus\n|move|p2a: Ursaluna|Earth Power|p1a: Garchomp\n|-damage|p1a: Garchomp|0 fnt\n|faint|p1a: Garchomp\n|\n|-weather|Sandstorm|[upkeep]\n|-heal|p1b: Corviknight|99\/100|[from] item: Leftovers\n|upkeep\n|\n|t:|1700740903\n|switch|p1a: Diancie|Diancie|100\/100\n|turn|7\n|\n|t:|1700740913\n|move|p2b: Landorus|Protect|p2b: Landorus\n|-singleturn|p2b: Landorus|Protect\n|move|p1b: Corviknight|Brave Bird|p2a: Ursaluna\n|-damage|p2a: Ursaluna|7\/100\n|-damage|p1b: Corviknight|91\/100|[from] Recoil\n|move|p2a: Ursaluna|Earth Power|p1a: Diancie\n|-supereffective|p1a: Diancie\n|-damage|p1a: Diancie|47\/100\n|move|p1a: Diancie|Trick Room|p1a: Diancie\n|-fieldstart|move: Trick Room|[of] p1a: Diancie\n|\n|-weather|Sandstorm|[upkeep]\n|-heal|p1b: Corviknight|97\/100|[from] item: Leftovers\n|upkeep\n|turn|8\n|inactive|Gasgar4 has 120 seconds left.\n|\n|t:|1700740937\n|move|p2a: Ursaluna|Vacuum Wave|p1a: Diancie\n|-damage|p1a: Diancie|39\/100\n|move|p1a: Diancie|Diamond Storm|p2b: Landorus|[spread] p2a,p2b\n|-resisted|p2a: Ursaluna\n|-crit|p2a: Ursaluna\n|-crit|p2b: Landorus\n|-damage|p2a: Ursaluna|0 fnt\n|-damage|p2b: Landorus|0 fnt\n|faint|p2a: Ursaluna\n|faint|p2b: Landorus\n|move|p1b: Corviknight|Steel Wing|p2: Ursaluna|[notarget]\n|-fail|p1b: Corviknight\n|\n|-weather|none\n|-heal|p1b: Corviknight|100\/100|[from] item: Leftovers\n|upkeep\n|inactive|Gasgar4 has 120 seconds left.\n|\n|t:|1700740958\n|switch|p2a: Chien-Pao|Chien-Pao|100\/100\n|switch|p2b: Dragonite|Dragonite, M|100\/100\n|-ability|p2a: Chien-Pao|Sword of Ruin\n|turn|9\n|inactive|iroonleef has 120 seconds left.\n|inactive|Gasgar4 has 120 seconds left.\n|\n|t:|1700740990\n|-terastallize|p2b: Dragonite|Normal\n|move|p2b: Dragonite|Extreme Speed|p1a: Diancie\n|-resisted|p1a: Diancie\n|-damage|p1a: Diancie|7\/100\n|move|p2a: Chien-Pao|Sucker Punch|p1a: Diancie\n|-resisted|p1a: Diancie\n|-crit|p1a: Diancie\n|-damage|p1a: Diancie|0 fnt\n|faint|p1a: Diancie\n|move|p1b: Corviknight|Steel Wing|p2a: Chien-Pao\n|-supereffective|p2a: Chien-Pao\n|-damage|p2a: Chien-Pao|45\/100\n|\n|upkeep\n|turn|10\n|inactive|iroonleef has 120 seconds left.\n|\n|t:|1700741007\n|move|p2a: Chien-Pao|Protect|p2a: Chien-Pao\n|-singleturn|p2a: Chien-Pao|Protect\n|move|p2b: Dragonite|Extreme Speed|p1b: Corviknight\n|-resisted|p1b: Corviknight\n|-damage|p1b: Corviknight|67\/100\n|move|p1b: Corviknight|Brave Bird|p2a: Chien-Pao\n|-activate|p2a: Chien-Pao|move: Protect\n|\n|-heal|p1b: Corviknight|73\/100|[from] item: Leftovers\n|upkeep\n|turn|11\n|inactive|iroonleef has 120 seconds left.\n|\n|t:|1700741025\n|move|p2b: Dragonite|Extreme Speed|p1b: Corviknight\n|-resisted|p1b: Corviknight\n|-damage|p1b: Corviknight|40\/100\n|move|p2a: Chien-Pao|Sucker Punch|p1b: Corviknight\n|-damage|p1b: Corviknight|4\/100\n|move|p1b: Corviknight|Steel Wing|p2a: Chien-Pao\n|-supereffective|p2a: Chien-Pao\n|-damage|p2a: Chien-Pao|0 fnt\n|faint|p2a: Chien-Pao\n|\n|-heal|p1b: Corviknight|11\/100|[from] item: Leftovers\n|-fieldend|move: Trick Room\n|upkeep\n|\n|t:|1700741033\n|switch|p2a: Dragapult|Dragapult, M|100\/100\n|turn|12\n|-message|iroonleef forfeited.\n|\n|win|Gasgar4\n|raw|iroonleef's rating: 1512 &rarr; <strong>1501<\/strong><br \/>(-11 for losing)\n|raw|Gasgar4's rating: 1686 &rarr; <strong>1697<\/strong><br \/>(+11 for winning)\n|l|\u2606iroonleef\n","uploadtime":1700741044,"views":13,"p1id":"iroonleef","p2id":"gasgar4","formatid":"gen9doublesou","rating":1501,"private":0,"password":""}