{"id":"gen9doublesou-1992345179","p1":"Bigfootmtg","p2":"bunnyzindobrega","format":"[Gen 9] Doubles OU","log":"|j|\u2606Bigfootmtg\n|j|\u2606bunnyzindobrega\n|t:|1700176962\n|gametype|doubles\n|player|p1|Bigfootmtg|cilan|1159\n|player|p2|bunnyzindobrega|palmer|1040\n|teamsize|p1|6\n|teamsize|p2|6\n|gen|9\n|tier|[Gen 9] Doubles OU\n|rated|\n|rule|Species Clause: Limit one of each Pok\u00e9mon\n|rule|OHKO Clause: OHKO moves are banned\n|rule|Evasion Moves Clause: Evasion moves are banned\n|rule|Gravity Sleep Clause: The combination of sleep-inducing moves with imperfect accuracy and Gravity or Gigantamax Orbeetle are banned\n|rule|Endless Battle Clause: Forcing endless battles is banned\n|rule|HP Percentage Mod: HP is shown in percentages\n|clearpoke\n|poke|p1|Medicham, M|\n|poke|p1|Slaking, M|\n|poke|p1|Sinistcha|\n|poke|p1|Clefairy, F|\n|poke|p1|Regieleki|\n|poke|p1|Kommo-o, F|\n|poke|p2|Volcarona, F|\n|poke|p2|Volbeat, M|\n|poke|p2|Scizor, F|\n|poke|p2|Slither Wing|\n|poke|p2|Vikavolt, F|\n|poke|p2|Kleavor, M|\n|teampreview\n|\n|t:|1700176973\n|start\n|switch|p1a: punched|Medicham, M|100\/100\n|switch|p1b: Powerful|Slaking, M|100\/100\n|switch|p2a: Volbeat|Volbeat, M, shiny|100\/100\n|switch|p2b: Kleavor|Kleavor, M|100\/100\n|turn|1\n|\n|t:|1700176992\n|move|p2a: Volbeat|Tailwind|p2a: Volbeat\n|-sidestart|p2: bunnyzindobrega|move: Tailwind\n|move|p2b: Kleavor|Stealth Rock|p1a: punched\n|-sidestart|p1: Bigfootmtg|move: Stealth Rock\n|move|p1a: punched|Skill Swap|p1b: Powerful\n|-activate|p1a: punched|move: Skill Swap|||[of] p1b: Powerful\n|move|p1b: Powerful|Earthquake|p2a: Volbeat|[spread] p1a,p2a,p2b\n|-resisted|p2a: Volbeat\n|-damage|p1a: punched|2\/100\n|-damage|p2a: Volbeat|47\/100\n|-damage|p2b: Kleavor|11\/100\n|\n|upkeep\n|turn|2\n|\n|t:|1700177010\n|switch|p1a: speed|Regieleki|100\/100\n|-damage|p1a: speed|88\/100|[from] Stealth Rock\n|-item|p1a: speed|Air Balloon\n|move|p2a: Volbeat|U-turn|p1a: speed\n|-damage|p1a: speed|46\/100\n|-enditem|p1a: speed|Air Balloon\n|\n|t:|1700177020\n|switch|p2a: Vikavolt|Vikavolt, F, shiny|100\/100|[from] U-turn\n|move|p2b: Kleavor|Brick Break|p1b: Powerful\n|-supereffective|p1b: Powerful\n|-damage|p1b: Powerful|64\/100\n|move|p1b: Powerful|Rock Slide|p2b: Kleavor|[spread] p2a,p2b\n|-supereffective|p2a: Vikavolt\n|-supereffective|p2b: Kleavor\n|-enditem|p2a: Vikavolt|Focus Sash\n|-damage|p2a: Vikavolt|1\/100\n|-damage|p2b: Kleavor|0 fnt\n|faint|p2b: Kleavor\n|\n|upkeep\n|\n|t:|1700177036\n|switch|p2b: Volbeat|Volbeat, M, shiny|47\/100\n|turn|3\n|\n|t:|1700177059\n|move|p2b: Volbeat|Thunder Wave|p1b: Powerful\n|-status|p1b: Powerful|par\n|move|p1a: speed|Volt Switch|p2a: Vikavolt\n|-resisted|p2a: Vikavolt\n|-damage|p2a: Vikavolt|0 fnt\n|faint|p2a: Vikavolt\n|\n|t:|1700177066\n|switch|p1a: gotcha|Sinistcha|100\/100|[from] Volt Switch\n|-heal|p1b: Powerful|89\/100 par|[from] ability: Hospitality|[of] p1a: gotcha\n|move|p1b: Powerful|Rock Slide|p2b: Volbeat\n|-supereffective|p2b: Volbeat\n|-damage|p2b: Volbeat|0 fnt\n|faint|p2b: Volbeat\n|\n|upkeep\n|\n|t:|1700177081\n|switch|p2b: Slither Wing|Slither Wing|100\/100\n|switch|p2a: Scizor|Scizor, F|100\/100\n|turn|4\n|\n|t:|1700177093\n|move|p1a: gotcha|Rage Powder|p1a: gotcha\n|-singleturn|p1a: gotcha|move: Rage Powder\n|move|p2b: Slither Wing|Body Press|p1a: gotcha\n|-immune|p1a: gotcha\n|move|p2a: Scizor|Brick Break|p1a: gotcha\n|-immune|p1a: gotcha\n|move|p1b: Powerful|Earthquake|p2a: Scizor|[spread] p1a,p2a,p2b\n|-resisted|p1a: gotcha\n|-resisted|p2b: Slither Wing\n|-damage|p1a: gotcha|67\/100\n|-damage|p2a: Scizor|46\/100\n|-damage|p2b: Slither Wing|74\/100\n|\n|-sideend|p2: bunnyzindobrega|move: Tailwind\n|upkeep\n|turn|5\n|\n|t:|1700177116\n|move|p1a: gotcha|Rage Powder|p1a: gotcha\n|-singleturn|p1a: gotcha|move: Rage Powder\n|move|p2b: Slither Wing|Leech Life|p1a: gotcha\n|-damage|p1a: gotcha|19\/100\n|-heal|p2b: Slither Wing|96\/100|[from] drain|[of] p1a: gotcha\n|move|p2a: Scizor|Brick Break|p1a: gotcha\n|-immune|p1a: gotcha\n|cant|p1b: Powerful|par\n|\n|upkeep\n|turn|6\n|\n|t:|1700177136\n|move|p2b: Slither Wing|Leech Life|p1a: gotcha\n|-damage|p1a: gotcha|0 fnt\n|-heal|p2b: Slither Wing|100\/100|[from] drain|[of] p1a: gotcha\n|faint|p1a: gotcha\n|move|p2a: Scizor|Brick Break|p1b: Powerful\n|-supereffective|p1b: Powerful\n|-crit|p1b: Powerful\n|-damage|p1b: Powerful|8\/100 par\n|move|p1b: Powerful|Earthquake|p2b: Slither Wing|[spread] p2a,p2b\n|-resisted|p2b: Slither Wing\n|-damage|p2a: Scizor|0 fnt\n|-damage|p2b: Slither Wing|73\/100\n|faint|p2a: Scizor\n|\n|upkeep\n|\n|t:|1700177153\n|switch|p1a: healed|Clefairy, F|100\/100\n|switch|p2a: Volcarona|Volcarona, F|100\/100\n|-damage|p1a: healed|88\/100|[from] Stealth Rock\n|turn|7\n|\n|t:|1700177183\n|switch|p1b: speed|Regieleki|46\/100\n|-damage|p1b: speed|34\/100|[from] Stealth Rock\n|move|p2a: Volcarona|Air Slash|p1a: healed\n|-damage|p1a: healed|50\/100\n|move|p2b: Slither Wing|Body Press|p1b: speed\n|-damage|p1b: speed|0 fnt\n|faint|p1b: speed\n|move|p1a: healed|Dazzling Gleam|p2b: Slither Wing|[spread] p2a,p2b\n|-resisted|p2a: Volcarona\n|-supereffective|p2b: Slither Wing\n|-damage|p2a: Volcarona|93\/100\n|-damage|p2b: Slither Wing|45\/100\n|\n|upkeep\n|\n|t:|1700177196\n|switch|p1b: punched|Medicham, M|2\/100\n|-damage|p1b: punched|0 fnt|[from] Stealth Rock\n|faint|p1b: punched\n|\n|t:|1700177205\n|switch|p1b: come on|Kommo-o, F|100\/100\n|-damage|p1b: come on|94\/100|[from] Stealth Rock\n|turn|8\n|\n|t:|1700177222\n|-terastallize|p2b: Slither Wing|Ground\n|move|p2a: Volcarona|Air Slash|p1a: healed\n|-damage|p1a: healed|5\/100\n|move|p1b: come on|Clangorous Soul|p1b: come on\n|-boost|p1b: come on|atk|1\n|-boost|p1b: come on|def|1\n|-boost|p1b: come on|spa|1\n|-boost|p1b: come on|spd|1\n|-boost|p1b: come on|spe|1\n|-damage|p1b: come on|61\/100\n|-enditem|p1b: come on|Throat Spray\n|-boost|p1b: come on|spa|1|[from] item: Throat Spray\n|move|p2b: Slither Wing|Tera Blast|p1b: come on|[anim] Tera Blast Ground\n|-damage|p1b: come on|40\/100\n|move|p1a: healed|Dazzling Gleam|p2b: Slither Wing|[spread] p2a,p2b\n|-resisted|p2a: Volcarona\n|-damage|p2a: Volcarona|85\/100\n|-damage|p2b: Slither Wing|31\/100\n|\n|upkeep\n|turn|9\n|\n|t:|1700177257\n|-terastallize|p1b: come on|Normal\n|move|p1b: come on|Boomburst|p2a: Volcarona|[spread] p1a,p2a,p2b\n|-damage|p1a: healed|0 fnt\n|-damage|p2a: Volcarona|0 fnt\n|-damage|p2b: Slither Wing|0 fnt\n|faint|p1a: healed\n|faint|p2a: Volcarona\n|faint|p2b: Slither Wing\n|-end|p2b: Slither Wing|Protosynthesis|[silent]\n|\n|win|Bigfootmtg\n|raw|Bigfootmtg's rating: 1159 &rarr; <strong>1176<\/strong><br \/>(+17 for winning)\n|raw|bunnyzindobrega's rating: 1040 &rarr; <strong>1029<\/strong><br \/>(-11 for losing)\n","uploadtime":1700177267,"views":6,"p1id":"bigfootmtg","p2id":"bunnyzindobrega","formatid":"gen9doublesou","rating":1029,"private":0,"password":""}