{"id":"gen9doublesou-1997385723","p1":"Bigjakemac","p2":"Thehombre","format":"[Gen 9] Doubles OU","log":"|j|\u2606Bigjakemac\n|j|\u2606Thehombre\n|t:|1700797330\n|gametype|doubles\n|player|p1|Bigjakemac|169|1081\n|player|p2|Thehombre|102|1174\n|teamsize|p1|6\n|teamsize|p2|6\n|gen|9\n|tier|[Gen 9] Doubles OU\n|rated|\n|rule|Species Clause: Limit one of each Pok\u00e9mon\n|rule|OHKO Clause: OHKO moves are banned\n|rule|Evasion Moves Clause: Evasion moves are banned\n|rule|Gravity Sleep Clause: The combination of sleep-inducing moves with imperfect accuracy and Gravity or Gigantamax Orbeetle are banned\n|rule|Endless Battle Clause: Forcing endless battles is banned\n|rule|HP Percentage Mod: HP is shown in percentages\n|clearpoke\n|poke|p1|Murkrow, M|\n|poke|p1|Gholdengo|\n|poke|p1|Hydreigon, M|\n|poke|p1|Grimmsnarl, M|\n|poke|p1|Chi-Yu|\n|poke|p1|Garchomp, F|\n|poke|p2|Mew|\n|poke|p2|Corviknight, M|\n|poke|p2|Enamorus, F|\n|poke|p2|Illumise, F|\n|poke|p2|Maushold-Four|\n|poke|p2|Rotom|\n|teampreview\n|inactive|Battle timer is ON: inactive players will automatically lose when time's up. (requested by Thehombre)\n|\n|t:|1700797342\n|start\n|switch|p1a: Murkrow|Murkrow, M|100\/100\n|switch|p1b: Garchomp|Garchomp, F|100\/100\n|switch|p2a: Enamorus|Enamorus, F|100\/100\n|switch|p2b: Illumise|Illumise, F|100\/100\n|turn|1\n|\n|t:|1700797364\n|move|p2b: Illumise|Charm|p1b: Garchomp\n|-unboost|p1b: Garchomp|atk|2\n|move|p1a: Murkrow|Tailwind|p1a: Murkrow\n|-sidestart|p1: Bigjakemac|move: Tailwind\n|move|p1b: Garchomp|Earthquake|p2b: Illumise|[spread] p2b\n|-immune|p1a: Murkrow\n|-immune|p2a: Enamorus\n|-resisted|p2b: Illumise\n|-damage|p2b: Illumise|88\/100\n|move|p2a: Enamorus|Superpower|p1a: Murkrow\n|-damage|p1a: Murkrow|60\/100\n|-boost|p2a: Enamorus|atk|1\n|-boost|p2a: Enamorus|def|1\n|\n|-heal|p2b: Illumise|94\/100|[from] item: Leftovers\n|upkeep\n|turn|2\n|inactive|Bigjakemac has 120 seconds left.\n|\n|t:|1700797403\n|switch|p1b: Gholdengo|Gholdengo|100\/100\n|move|p1a: Murkrow|Protect|p1a: Murkrow\n|-singleturn|p1a: Murkrow|Protect\n|move|p2b: Illumise|Fake Tears|p2a: Enamorus\n|-boost|p2a: Enamorus|spd|2\n|move|p2a: Enamorus|Superpower|p1a: Murkrow\n|-activate|p1a: Murkrow|move: Protect\n|\n|-heal|p2b: Illumise|99\/100|[from] item: Leftovers\n|upkeep\n|turn|3\n|\n|t:|1700797416\n|move|p1a: Murkrow|Haze|p1a: Murkrow\n|-clearallboost\n|move|p2b: Illumise|Fake Tears|p2a: Enamorus\n|-boost|p2a: Enamorus|spd|2\n|move|p1b: Gholdengo|Make It Rain|p2a: Enamorus|[spread] p2a,p2b\n|-supereffective|p2a: Enamorus\n|-damage|p2a: Enamorus|11\/100\n|-damage|p2b: Illumise|27\/100\n|-unboost|p1b: Gholdengo|spa|1\n|move|p2a: Enamorus|Mystical Fire|p1b: Gholdengo\n|-supereffective|p1b: Gholdengo\n|-damage|p1b: Gholdengo|45\/100\n|-unboost|p1b: Gholdengo|spa|1\n|\n|-heal|p2a: Enamorus|17\/100|[from] item: Leftovers\n|-heal|p2b: Illumise|33\/100|[from] item: Leftovers\n|upkeep\n|turn|4\n|\n|t:|1700797430\n|switch|p2a: Corviknight|Corviknight, M|100\/100\n|move|p1a: Murkrow|Haze|p1a: Murkrow\n|-clearallboost\n|move|p1b: Gholdengo|Make It Rain|p2b: Illumise|[spread] p2a,p2b\n|-resisted|p2a: Corviknight\n|-damage|p2a: Corviknight|66\/100\n|-damage|p2b: Illumise|0 fnt\n|-unboost|p1b: Gholdengo|spa|1\n|faint|p2b: Illumise\n|\n|-heal|p2a: Corviknight|72\/100|[from] item: Leftovers\n|-sideend|p1: Bigjakemac|move: Tailwind\n|upkeep\n|\n|t:|1700797433\n|switch|p2b: Mew|Mew|100\/100\n|turn|5\n|\n|t:|1700797445\n|move|p1b: Gholdengo|Protect|p1b: Gholdengo\n|-singleturn|p1b: Gholdengo|Protect\n|move|p1a: Murkrow|Tailwind|p1a: Murkrow\n|-sidestart|p1: Bigjakemac|move: Tailwind\n|move|p2b: Mew|Transform|p1b: Gholdengo\n|-immune|p1b: Gholdengo|[from] ability: Good as Gold\n|move|p2a: Corviknight|Agility|p2a: Corviknight\n|-boost|p2a: Corviknight|spe|2\n|\n|-heal|p2a: Corviknight|79\/100|[from] item: Leftovers\n|upkeep\n|turn|6\n|\n|t:|1700797477\n|move|p1a: Murkrow|Haze|p1a: Murkrow\n|-clearallboost\n|move|p1b: Gholdengo|Recover|p1b: Gholdengo\n|-heal|p1b: Gholdengo|95\/100\n|move|p2b: Mew|Transform|p1a: Murkrow\n|-transform|p2b: Mew|p1a: Murkrow\n|move|p2a: Corviknight|Drill Peck|p1a: Murkrow\n|-damage|p1a: Murkrow|8\/100\n|\n|-heal|p2a: Corviknight|85\/100|[from] item: Leftovers\n|upkeep\n|turn|7\n|\n|t:|1700797489\n|move|p1a: Murkrow|Protect|p1a: Murkrow\n|-singleturn|p1a: Murkrow|Protect\n|move|p1b: Gholdengo|Make It Rain|p2b: Mew|[spread] p2a,p2b\n|-resisted|p2a: Corviknight\n|-damage|p2a: Corviknight|47\/100\n|-damage|p2b: Mew|38\/100\n|-unboost|p1b: Gholdengo|spa|1\n|move|p2a: Corviknight|Agility|p2a: Corviknight\n|-boost|p2a: Corviknight|spe|2\n|move|p2b: Mew|Night Shade|p1a: Murkrow\n|-activate|p1a: Murkrow|move: Protect\n|\n|-heal|p2a: Corviknight|54\/100|[from] item: Leftovers\n|-heal|p2b: Mew|45\/100|[from] item: Leftovers\n|upkeep\n|turn|8\n|\n|t:|1700797504\n|move|p1a: Murkrow|Protect|p1a: Murkrow\n|-singleturn|p1a: Murkrow|Protect\n|move|p2a: Corviknight|Agility|p2a: Corviknight\n|-boost|p2a: Corviknight|spe|2\n|move|p1b: Gholdengo|Make It Rain|p2b: Mew|[spread] p2a,p2b\n|-resisted|p2a: Corviknight\n|-damage|p2a: Corviknight|30\/100\n|-damage|p2b: Mew|1\/100\n|-unboost|p1b: Gholdengo|spa|1\n|move|p2b: Mew|Night Shade|p1a: Murkrow\n|-activate|p1a: Murkrow|move: Protect\n|\n|-heal|p2a: Corviknight|37\/100|[from] item: Leftovers\n|-heal|p2b: Mew|7\/100|[from] item: Leftovers\n|-sideend|p1: Bigjakemac|move: Tailwind\n|upkeep\n|turn|9\n|\n|t:|1700797529\n|move|p2b: Mew|Tailwind|p2b: Mew\n|-sidestart|p2: Thehombre|move: Tailwind\n|move|p1a: Murkrow|Tailwind|p1a: Murkrow\n|-sidestart|p1: Bigjakemac|move: Tailwind\n|move|p2a: Corviknight|Drill Peck|p1a: Murkrow\n|-damage|p1a: Murkrow|0 fnt\n|faint|p1a: Murkrow\n|move|p1b: Gholdengo|Make It Rain|p2b: Mew|[spread] p2a,p2b\n|-resisted|p2a: Corviknight\n|-damage|p2a: Corviknight|20\/100\n|-damage|p2b: Mew|0 fnt\n|-unboost|p1b: Gholdengo|spa|1\n|faint|p2b: Mew\n|\n|-heal|p2a: Corviknight|26\/100|[from] item: Leftovers\n|upkeep\n|\n|t:|1700797544\n|switch|p2b: Rotom|Rotom|100\/100\n|switch|p1a: Chi-Yu|Chi-Yu|100\/100\n|-ability|p1a: Chi-Yu|Beads of Ruin\n|turn|10\n|\n|t:|1700797553\n|move|p1b: Gholdengo|Protect|p1b: Gholdengo\n|-singleturn|p1b: Gholdengo|Protect\n|move|p2a: Corviknight|Drill Peck|p1a: Chi-Yu\n|-damage|p1a: Chi-Yu|45\/100\n|move|p1a: Chi-Yu|Overheat|p2a: Corviknight|[miss]\n|-miss|p1a: Chi-Yu|p2a: Corviknight\n|move|p2b: Rotom|Thunderbolt|p1a: Chi-Yu\n|-damage|p1a: Chi-Yu|2\/100\n|\n|-heal|p2a: Corviknight|32\/100|[from] item: Leftovers\n|upkeep\n|turn|11\n|\n|t:|1700797571\n|move|p2a: Corviknight|Drill Peck|p1a: Chi-Yu\n|-damage|p1a: Chi-Yu|0 fnt\n|faint|p1a: Chi-Yu\n|move|p2b: Rotom|Shadow Ball|p1b: Gholdengo\n|-supereffective|p1b: Gholdengo\n|-damage|p1b: Gholdengo|25\/100\n|move|p1b: Gholdengo|Make It Rain|p2b: Rotom|[spread] p2a,p2b\n|-resisted|p2a: Corviknight\n|-resisted|p2b: Rotom\n|-damage|p2a: Corviknight|19\/100\n|-damage|p2b: Rotom|79\/100\n|-unboost|p1b: Gholdengo|spa|1\n|\n|-heal|p2a: Corviknight|25\/100|[from] item: Leftovers\n|-heal|p2b: Rotom|86\/100|[from] item: Leftovers\n|upkeep\n|\n|t:|1700797579\n|switch|p1a: Garchomp|Garchomp, F|100\/100\n|turn|12\n|\n|t:|1700797585\n|move|p1b: Gholdengo|Protect|p1b: Gholdengo\n|-singleturn|p1b: Gholdengo|Protect\n|move|p2a: Corviknight|Power Trip|p1b: Gholdengo\n|-activate|p1b: Gholdengo|move: Protect\n|move|p1a: Garchomp|Earthquake|p2a: Corviknight|[spread] \n|-activate|p1b: Gholdengo|move: Protect\n|-immune|p2a: Corviknight\n|-immune|p2b: Rotom|[from] ability: Levitate\n|move|p2b: Rotom|Will-O-Wisp|p1a: Garchomp\n|-status|p1a: Garchomp|brn\n|\n|-heal|p2a: Corviknight|31\/100|[from] item: Leftovers\n|-heal|p2b: Rotom|92\/100|[from] item: Leftovers\n|-damage|p1a: Garchomp|94\/100 brn|[from] brn\n|-sideend|p1: Bigjakemac|move: Tailwind\n|-sideend|p2: Thehombre|move: Tailwind\n|upkeep\n|turn|13\n|\n|t:|1700797608\n|switch|p1a: Hydreigon|Hydreigon, M|100\/100\n|move|p2a: Corviknight|Bulk Up|p2a: Corviknight\n|-boost|p2a: Corviknight|atk|1\n|-boost|p2a: Corviknight|def|1\n|move|p2b: Rotom|Nasty Plot|p2b: Rotom\n|-boost|p2b: Rotom|spa|2\n|move|p1b: Gholdengo|Shadow Ball|p2a: Corviknight\n|-damage|p2a: Corviknight|14\/100\n|-ability|p2a: Corviknight|Mirror Armor\n|-unboost|p1b: Gholdengo|spd|1\n|\n|-heal|p2a: Corviknight|20\/100|[from] item: Leftovers\n|-heal|p2b: Rotom|98\/100|[from] item: Leftovers\n|upkeep\n|turn|14\n|\n|t:|1700797623\n|move|p1b: Gholdengo|Protect|p1b: Gholdengo\n|-singleturn|p1b: Gholdengo|Protect\n|move|p2a: Corviknight|Drill Peck|p1a: Hydreigon\n|-damage|p1a: Hydreigon|36\/100\n|move|p1a: Hydreigon|Draco Meteor|p2a: Corviknight\n|-resisted|p2a: Corviknight\n|-damage|p2a: Corviknight|0 fnt\n|-unboost|p1a: Hydreigon|spa|2\n|faint|p2a: Corviknight\n|move|p2b: Rotom|Thunderbolt|p1a: Hydreigon\n|-resisted|p1a: Hydreigon\n|-damage|p1a: Hydreigon|0 fnt\n|faint|p1a: Hydreigon\n|\n|-heal|p2b: Rotom|100\/100|[from] item: Leftovers\n|upkeep\n|\n|t:|1700797635\n|switch|p1a: Garchomp|Garchomp, F|94\/100 brn\n|switch|p2a: Enamorus|Enamorus, F|17\/100\n|turn|15\n|\n|t:|1700797645\n|move|p1a: Garchomp|Outrage|p2b: Rotom\n|-damage|p2b: Rotom|41\/100\n|move|p2a: Enamorus|Draining Kiss|p1a: Garchomp\n|-supereffective|p1a: Garchomp\n|-damage|p1a: Garchomp|39\/100 brn\n|-heal|p2a: Enamorus|68\/100|[from] drain|[of] p1a: Garchomp\n|-damage|p2a: Enamorus|56\/100|[from] ability: Rough Skin|[of] p1a: Garchomp\n|move|p2b: Rotom|Shadow Ball|p1a: Garchomp\n|-damage|p1a: Garchomp|0 fnt\n|faint|p1a: Garchomp\n|move|p1b: Gholdengo|Make It Rain|p2b: Rotom|[spread] p2a,p2b\n|-supereffective|p2a: Enamorus\n|-resisted|p2b: Rotom\n|-damage|p2a: Enamorus|0 fnt\n|-damage|p2b: Rotom|21\/100\n|-unboost|p1b: Gholdengo|spa|1\n|faint|p2a: Enamorus\n|\n|-heal|p2b: Rotom|27\/100|[from] item: Leftovers\n|upkeep\n|\n|t:|1700797662\n|switch|p2a: Maushold|Maushold-Four|100\/100\n|switch|p1a: Grimmsnarl|Grimmsnarl, M|100\/100\n|turn|16\n|\n|t:|1700797683\n|move|p1b: Gholdengo|Protect|p1b: Gholdengo\n|-singleturn|p1b: Gholdengo|Protect\n|move|p1a: Grimmsnarl|Light Screen|p1a: Grimmsnarl\n|-sidestart|p1: Bigjakemac|move: Light Screen\n|move|p2a: Maushold|Chilling Water|p1a: Grimmsnarl\n|-damage|p1a: Grimmsnarl|96\/100\n|-unboost|p1a: Grimmsnarl|atk|1\n|move|p2b: Rotom|Thunderbolt|p1a: Grimmsnarl\n|-damage|p1a: Grimmsnarl|56\/100\n|\n|-heal|p2b: Rotom|33\/100|[from] item: Leftovers\n|upkeep\n|turn|17\n|\n|t:|1700797707\n|move|p1a: Grimmsnarl|Protect|p1a: Grimmsnarl\n|-singleturn|p1a: Grimmsnarl|Protect\n|move|p2a: Maushold|Fake Tears|p1a: Grimmsnarl\n|-activate|p1a: Grimmsnarl|move: Protect\n|move|p2b: Rotom|Thunderbolt|p1a: Grimmsnarl\n|-activate|p1a: Grimmsnarl|move: Protect\n|move|p1b: Gholdengo|Recover|p1b: Gholdengo\n|-heal|p1b: Gholdengo|75\/100\n|\n|-heal|p2b: Rotom|40\/100|[from] item: Leftovers\n|upkeep\n|turn|18\n|\n|t:|1700797718\n|move|p2a: Maushold|Fake Tears|p1a: Grimmsnarl\n|-unboost|p1a: Grimmsnarl|spd|2\n|move|p2b: Rotom|Thunderbolt|p1a: Grimmsnarl\n|-damage|p1a: Grimmsnarl|0 fnt\n|faint|p1a: Grimmsnarl\n|move|p1b: Gholdengo|Make It Rain|p2a: Maushold|[spread] p2a,p2b\n|-resisted|p2b: Rotom\n|-damage|p2a: Maushold|77\/100\n|-damage|p2b: Rotom|28\/100\n|-unboost|p1b: Gholdengo|spa|1\n|\n|-heal|p2b: Rotom|34\/100|[from] item: Leftovers\n|upkeep\n|turn|19\n|\n|t:|1700797732\n|move|p2a: Maushold|Chilling Water|p1b: Gholdengo\n|-damage|p1b: Gholdengo|67\/100\n|-unboost|p1b: Gholdengo|atk|1\n|move|p2b: Rotom|Shadow Ball|p1b: Gholdengo\n|-supereffective|p1b: Gholdengo\n|-damage|p1b: Gholdengo|0 fnt\n|faint|p1b: Gholdengo\n|\n|win|Thehombre\n|raw|Bigjakemac's rating: 1081 &rarr; <strong>1065<\/strong><br \/>(-16 for losing)\n|raw|Thehombre's rating: 1174 &rarr; <strong>1192<\/strong><br \/>(+18 for winning)\n|l|\u2606Bigjakemac\n","uploadtime":1700797739,"views":4,"p1id":"bigjakemac","p2id":"thehombre","formatid":"gen9doublesou","rating":1065,"private":0,"password":""}