{"id":"gen9doublesou-1985501230","p1":"darkwuz","p2":"B-Nut17","format":"[Gen 9] Doubles OU","log":"|j|\u2606darkwuz\n|j|\u2606B-Nut17\n|t:|1699379845\n|gametype|doubles\n|player|p1|darkwuz|benga|1385\n|player|p2|B-Nut17|170|1334\n|teamsize|p1|6\n|teamsize|p2|6\n|gen|9\n|tier|[Gen 9] Doubles OU\n|rated|\n|rule|Species Clause: Limit one of each Pok\u00e9mon\n|rule|OHKO Clause: OHKO moves are banned\n|rule|Evasion Moves Clause: Evasion moves are banned\n|rule|Gravity Sleep Clause: The combination of sleep-inducing moves with imperfect accuracy and Gravity or Gigantamax Orbeetle are banned\n|rule|Endless Battle Clause: Forcing endless battles is banned\n|rule|HP Percentage Mod: HP is shown in percentages\n|clearpoke\n|poke|p1|Landorus-Therian, M|\n|poke|p1|Vikavolt, M|\n|poke|p1|Murkrow, F|\n|poke|p1|Chien-Pao|\n|poke|p1|Heracross, F|\n|poke|p1|Manaphy|\n|poke|p2|Empoleon, M|\n|poke|p2|Sinistcha-Masterpiece|\n|poke|p2|Grimmsnarl, M|\n|poke|p2|Arcanine-Hisui, F|\n|poke|p2|Gallade, M|\n|poke|p2|Glimmora, M|\n|teampreview\n|inactive|Battle timer is ON: inactive players will automatically lose when time's up. (requested by darkwuz)\n|\n|t:|1699379853\n|start\n|switch|p1a: Landorus|Landorus-Therian, M|100\/100\n|switch|p1b: Vikavolt|Vikavolt, M|100\/100\n|switch|p2a: Grimmsnarl|Grimmsnarl, M, shiny|100\/100\n|switch|p2b: Glimmora|Glimmora, M|100\/100\n|-ability|p1a: Landorus|Intimidate|boost\n|-unboost|p2a: Grimmsnarl|atk|1\n|-unboost|p2b: Glimmora|atk|1\n|turn|1\n|\n|t:|1699379868\n|move|p1a: Landorus|Protect|p1a: Landorus\n|-singleturn|p1a: Landorus|Protect\n|move|p2b: Glimmora|Spiky Shield|p2b: Glimmora\n|-singleturn|p2b: Glimmora|move: Protect\n|move|p2a: Grimmsnarl|Light Screen|p2a: Grimmsnarl\n|-sidestart|p2: B-Nut17|move: Light Screen\n|move|p1b: Vikavolt|Discharge|p2b: Glimmora|[spread] p2a\n|-activate|p1a: Landorus|move: Protect\n|-activate|p2b: Glimmora|move: Protect\n|-damage|p2a: Grimmsnarl|76\/100\n|-status|p2a: Grimmsnarl|par\n|\n|upkeep\n|turn|2\n|\n|t:|1699379886\n|switch|p2b: Sinistcha|Sinistcha-Masterpiece|100\/100\n|-heal|p2a: Grimmsnarl|100\/100 par|[from] ability: Hospitality|[of] p2b: Sinistcha\n|move|p2a: Grimmsnarl|Reflect|p2a: Grimmsnarl\n|-sidestart|p2: B-Nut17|Reflect\n|move|p1a: Landorus|Earthquake|p2b: Sinistcha|[spread] p2a,p2b\n|-immune|p1b: Vikavolt|[from] ability: Levitate\n|-resisted|p2b: Sinistcha\n|-damage|p2a: Grimmsnarl|70\/100 par\n|-damage|p2b: Sinistcha|85\/100\n|move|p1b: Vikavolt|Discharge|p2b: Sinistcha|[spread] p2a,p2b\n|-immune|p1a: Landorus\n|-resisted|p2b: Sinistcha\n|-damage|p2a: Grimmsnarl|48\/100 par\n|-damage|p2b: Sinistcha|71\/100\n|-status|p2b: Sinistcha|par\n|\n|upkeep\n|turn|3\n|\n|t:|1699379909\n|move|p2a: Grimmsnarl|Parting Shot|p1a: Landorus\n|-unboost|p1a: Landorus|atk|1\n|-unboost|p1a: Landorus|spa|1\n|\n|t:|1699379915\n|switch|p2a: Arcanine|Arcanine-Hisui, F|100\/100|[from] Parting Shot\n|-ability|p2a: Arcanine|Intimidate|boost\n|-unboost|p1a: Landorus|atk|1\n|-unboost|p1b: Vikavolt|atk|1\n|move|p1a: Landorus|Rock Slide|p2a: Arcanine|[spread] p2a,p2b\n|-supereffective|p2a: Arcanine\n|-damage|p2a: Arcanine|85\/100\n|-damage|p2b: Sinistcha|64\/100 par\n|move|p1b: Vikavolt|Air Slash|p2b: Sinistcha\n|-supereffective|p2b: Sinistcha\n|-damage|p2b: Sinistcha|12\/100 par\n|move|p2b: Sinistcha|Strength Sap|p1a: Landorus\n|-unboost|p1a: Landorus|atk|1\n|-heal|p2b: Sinistcha|73\/100 par\n|\n|upkeep\n|turn|4\n|\n|t:|1699379935\n|switch|p2b: Glimmora|Glimmora, M|100\/100\n|move|p1a: Landorus|Rock Slide|p2a: Arcanine|[spread] p2a\n|-miss|p1a: Landorus|p2b: Glimmora\n|-supereffective|p2a: Arcanine\n|-damage|p2a: Arcanine|69\/100\n|move|p2a: Arcanine|Flare Blitz|p1b: Vikavolt\n|-supereffective|p1b: Vikavolt\n|-damage|p1b: Vikavolt|0 fnt\n|faint|p1b: Vikavolt\n|-damage|p2a: Arcanine|41\/100|[from] Recoil\n|-enditem|p2a: Arcanine|Sitrus Berry|[eat]\n|-heal|p2a: Arcanine|66\/100|[from] item: Sitrus Berry\n|\n|upkeep\n|\n|t:|1699379940\n|switch|p1b: Murkrow|Murkrow, F|100\/100\n|turn|5\n|\n|t:|1699379954\n|move|p1b: Murkrow|Haze|p1b: Murkrow\n|-clearallboost\n|move|p1a: Landorus|Earthquake|p2b: Glimmora|[spread] p2a,p2b\n|-immune|p1b: Murkrow\n|-supereffective|p2a: Arcanine\n|-supereffective|p2b: Glimmora\n|-damage|p2a: Arcanine|0 fnt\n|-damage|p2b: Glimmora|0 fnt\n|-activate|p2b: Glimmora|ability: Toxic Debris\n|-sidestart|p1: darkwuz|move: Toxic Spikes\n|faint|p2a: Arcanine\n|faint|p2b: Glimmora\n|\n|upkeep\n|c|\u2606B-Nut17|Wp\n|\n|t:|1699379967\n|switch|p2a: Grimmsnarl|Grimmsnarl, M, shiny|48\/100 par\n|switch|p2b: Sinistcha|Sinistcha-Masterpiece|73\/100 par\n|-heal|p2a: Grimmsnarl|73\/100 par|[from] ability: Hospitality|[of] p2b: Sinistcha\n|turn|6\n|\n|t:|1699379979\n|move|p1b: Murkrow|Taunt|p2b: Sinistcha\n|-start|p2b: Sinistcha|move: Taunt\n|move|p2a: Grimmsnarl|Parting Shot|p1a: Landorus\n|-unboost|p1a: Landorus|atk|1\n|-unboost|p1a: Landorus|spa|1\n|\n|t:|1699379984\n|switch|p2a: Gallade|Gallade, M, shiny|100\/100|[from] Parting Shot\n|move|p1a: Landorus|Earthquake|p2a: Gallade|[spread] p2a,p2b\n|-immune|p1b: Murkrow\n|-resisted|p2b: Sinistcha\n|-damage|p2a: Gallade|62\/100\n|-damage|p2b: Sinistcha|61\/100 par\n|cant|p2b: Sinistcha|move: Taunt|Trick Room\n|\n|upkeep\n|turn|7\n|\n|t:|1699379996\n|move|p1b: Murkrow|Haze|p1b: Murkrow\n|-clearallboost\n|move|p1a: Landorus|Earthquake|p2b: Sinistcha|[spread] p2a,p2b\n|-immune|p1b: Murkrow\n|-resisted|p2b: Sinistcha\n|-damage|p2a: Gallade|4\/100\n|-damage|p2b: Sinistcha|42\/100 par\n|move|p2a: Gallade|Bulk Up|p2a: Gallade\n|-boost|p2a: Gallade|atk|1\n|-boost|p2a: Gallade|def|1\n|cant|p2b: Sinistcha|par\n|\n|upkeep\n|turn|8\n|\n|t:|1699380013\n|move|p2a: Gallade|Protect|p2a: Gallade\n|-singleturn|p2a: Gallade|Protect\n|move|p1b: Murkrow|Haze|p1b: Murkrow\n|-clearallboost\n|move|p1a: Landorus|Earthquake|p2a: Gallade|[spread] p2b\n|-activate|p2a: Gallade|move: Protect\n|-immune|p1b: Murkrow\n|-resisted|p2b: Sinistcha\n|-damage|p2b: Sinistcha|20\/100 par\n|move|p2b: Sinistcha|Matcha Gotcha|p1b: Murkrow|[spread] p1a,p1b\n|-resisted|p1b: Murkrow\n|-damage|p1a: Landorus|61\/100\n|-heal|p2b: Sinistcha|41\/100 par|[from] drain|[of] p1a: Landorus\n|-damage|p1b: Murkrow|57\/100\n|-heal|p2b: Sinistcha|57\/100 par|[from] drain|[of] p1b: Murkrow\n|-status|p1a: Landorus|brn\n|-status|p1b: Murkrow|brn\n|\n|-damage|p1b: Murkrow|51\/100 brn|[from] brn\n|-damage|p1a: Landorus|55\/100 brn|[from] brn\n|-end|p2b: Sinistcha|move: Taunt\n|-sideend|p2: B-Nut17|move: Light Screen\n|upkeep\n|turn|9\n|c|\u2606B-Nut17|Respectfully, I hate your team\n|inactive|B-Nut17 has 120 seconds left.\n|\n|t:|1699380044\n|switch|p2b: Grimmsnarl|Grimmsnarl, M, shiny|73\/100 par\n|move|p2a: Gallade|Protect|p2a: Gallade\n|-singleturn|p2a: Gallade|Protect\n|move|p1b: Murkrow|Taunt|p2b: Grimmsnarl\n|-hint|Since gen 7, Dark is immune to Prankster moves.\n|-immune|p2b: Grimmsnarl\n|move|p1a: Landorus|Earthquake|p2a: Gallade|[spread] p2b\n|-activate|p2a: Gallade|move: Protect\n|-immune|p1b: Murkrow\n|-damage|p2b: Grimmsnarl|45\/100 par\n|\n|-damage|p1b: Murkrow|45\/100 brn|[from] brn\n|-damage|p1a: Landorus|49\/100 brn|[from] brn\n|-sideend|p2: B-Nut17|Reflect\n|upkeep\n|turn|10\n|inactive|darkwuz has 120 seconds left.\n|\n|t:|1699380076\n|move|p1b: Murkrow|Tailwind|p1b: Murkrow\n|-sidestart|p1: darkwuz|move: Tailwind\n|cant|p2b: Grimmsnarl|par\n|move|p1a: Landorus|Earthquake|p2a: Gallade|[spread] p2a,p2b\n|-immune|p1b: Murkrow\n|-damage|p2a: Gallade|0 fnt\n|-damage|p2b: Grimmsnarl|2\/100 par\n|faint|p2a: Gallade\n|\n|-damage|p1b: Murkrow|39\/100 brn|[from] brn\n|-damage|p1a: Landorus|43\/100 brn|[from] brn\n|upkeep\n|inactive|B-Nut17 has 120 seconds left.\n|\n|t:|1699380089\n|switch|p2a: Sinistcha|Sinistcha-Masterpiece|57\/100 par\n|-heal|p2b: Grimmsnarl|27\/100 par|[from] ability: Hospitality|[of] p2a: Sinistcha\n|turn|11\n|c|\u2606darkwuz|Jajaj yes\n|\n|t:|1699380098\n|move|p1b: Murkrow|Taunt|p2a: Sinistcha\n|-start|p2a: Sinistcha|move: Taunt\n|move|p2b: Grimmsnarl|Parting Shot|p1a: Landorus\n|-unboost|p1a: Landorus|atk|1\n|-unboost|p1a: Landorus|spa|1\n|\n|t:|1699380106\n|switch|p2b: Empoleon|Empoleon, M|100\/100|[from] Parting Shot\n|move|p1a: Landorus|Rock Slide|p2a: Sinistcha|[spread] p2a,p2b\n|-resisted|p2b: Empoleon\n|-damage|p2a: Sinistcha|50\/100 par\n|-damage|p2b: Empoleon|96\/100\n|move|p2a: Sinistcha|Matcha Gotcha|p1b: Murkrow|[spread] p1a,p1b\n|-resisted|p1b: Murkrow\n|-damage|p1a: Landorus|8\/100 brn\n|-heal|p2a: Sinistcha|69\/100 par|[from] drain|[of] p1a: Landorus\n|-damage|p1b: Murkrow|0 fnt\n|-heal|p2a: Sinistcha|84\/100 par|[from] drain|[of] p1b: Murkrow\n|faint|p1b: Murkrow\n|\n|-damage|p1a: Landorus|2\/100 brn|[from] brn\n|upkeep\n|\n|t:|1699380115\n|switch|p1b: Manaphy|Manaphy|100\/100\n|-status|p1b: Manaphy|psn\n|turn|12\n|\n|t:|1699380128\n|move|p2b: Empoleon|Vacuum Wave|p1a: Landorus\n|-resisted|p1a: Landorus\n|-damage|p1a: Landorus|0 fnt\n|faint|p1a: Landorus\n|move|p1b: Manaphy|Blizzard|p2a: Sinistcha|[spread] p2a,p2b\n|-supereffective|p2a: Sinistcha\n|-resisted|p2b: Empoleon\n|-damage|p2a: Sinistcha|31\/100 par\n|-damage|p2b: Empoleon|92\/100\n|move|p2a: Sinistcha|Matcha Gotcha|p1b: Manaphy\n|-supereffective|p1b: Manaphy\n|-damage|p1b: Manaphy|41\/100 psn\n|-heal|p2a: Sinistcha|63\/100 par|[from] drain|[of] p1b: Manaphy\n|\n|-heal|p1b: Manaphy|47\/100 psn|[from] item: Leftovers\n|-damage|p1b: Manaphy|35\/100 psn|[from] psn\n|upkeep\n|\n|t:|1699380140\n|switch|p1a: Heracross|Heracross, F|100\/100\n|-status|p1a: Heracross|psn\n|turn|13\n|\n|t:|1699380152\n|-terastallize|p2a: Sinistcha|Water\n|move|p1a: Heracross|Rock Slide|p2a: Sinistcha|[spread] p2b\n|-miss|p1a: Heracross|p2a: Sinistcha\n|-resisted|p2b: Empoleon\n|-damage|p2b: Empoleon|80\/100\n|move|p1b: Manaphy|Blizzard|p2a: Sinistcha|[spread] p2b\n|-miss|p1b: Manaphy|p2a: Sinistcha\n|-resisted|p2b: Empoleon\n|-damage|p2b: Empoleon|76\/100\n|move|p2b: Empoleon|Flash Cannon|p1a: Heracross\n|-damage|p1a: Heracross|51\/100 psn\n|move|p2a: Sinistcha|Matcha Gotcha|p1a: Heracross|[spread] p1a,p1b\n|-resisted|p1a: Heracross\n|-supereffective|p1b: Manaphy\n|-damage|p1a: Heracross|30\/100 psn\n|-heal|p2a: Sinistcha|72\/100 par|[from] drain|[of] p1a: Heracross\n|-damage|p1b: Manaphy|0 fnt\n|-heal|p2a: Sinistcha|91\/100 par|[from] drain|[of] p1b: Manaphy\n|faint|p1b: Manaphy\n|\n|-damage|p1a: Heracross|18\/100 psn|[from] psn\n|-end|p2a: Sinistcha|move: Taunt\n|-sideend|p1: darkwuz|move: Tailwind\n|upkeep\n|\n|t:|1699380156\n|switch|p1b: Chien-Pao|Chien-Pao|100\/100\n|-status|p1b: Chien-Pao|psn\n|-ability|p1b: Chien-Pao|Sword of Ruin\n|turn|14\n|\n|t:|1699380181\n|move|p2b: Empoleon|Vacuum Wave|p1b: Chien-Pao\n|-supereffective|p1b: Chien-Pao\n|-damage|p1b: Chien-Pao|18\/100 psn\n|move|p1a: Heracross|Rock Slide|p2a: Sinistcha|[spread] p2a,p2b\n|-resisted|p2b: Empoleon\n|-damage|p2a: Sinistcha|67\/100 par\n|-damage|p2b: Empoleon|60\/100\n|move|p1b: Chien-Pao|Brick Break|p2b: Empoleon\n|-supereffective|p2b: Empoleon\n|-damage|p2b: Empoleon|0 fnt\n|faint|p2b: Empoleon\n|move|p2a: Sinistcha|Matcha Gotcha|p1a: Heracross|[spread] p1a,p1b\n|-resisted|p1a: Heracross\n|-damage|p1a: Heracross|0 fnt\n|-heal|p2a: Sinistcha|74\/100 par|[from] drain|[of] p1a: Heracross\n|-damage|p1b: Chien-Pao|0 fnt\n|-heal|p2a: Sinistcha|82\/100 par|[from] drain|[of] p1b: Chien-Pao\n|faint|p1a: Heracross\n|faint|p1b: Chien-Pao\n|\n|win|B-Nut17\n|raw|darkwuz's rating: 1385 &rarr; <strong>1362<\/strong><br \/>(-23 for losing)\n|raw|B-Nut17's rating: 1334 &rarr; <strong>1357<\/strong><br \/>(+23 for winning)\n|c|\u2606B-Nut17|Gg\n|l|\u2606darkwuz\n","uploadtime":1699380204,"views":9,"p1id":"darkwuz","p2id":"bnut17","formatid":"gen9doublesou","rating":1357,"private":0,"password":""}