{"id":"gen9doublesou-1973132191","p1":"Smoore996","p2":"Juju0","format":"[Gen 9] Doubles OU","log":"|j|\u2606Smoore996\n|j|\u2606Juju0\n|t:|1697931218\n|gametype|doubles\n|player|p1|Smoore996|volo|\n|player|p2|Juju0|nate|\n|teamsize|p1|6\n|teamsize|p2|6\n|gen|9\n|tier|[Gen 9] Doubles OU\n|rule|Species Clause: Limit one of each Pok\u00e9mon\n|rule|OHKO Clause: OHKO moves are banned\n|rule|Evasion Moves Clause: Evasion moves are banned\n|rule|Gravity Sleep Clause: The combination of sleep-inducing moves with imperfect accuracy and Gravity or Gigantamax Orbeetle are banned\n|rule|Endless Battle Clause: Forcing endless battles is banned\n|rule|HP Percentage Mod: HP is shown in percentages\n|clearpoke\n|poke|p1|Lucario, M|\n|poke|p1|Maushold-Four|\n|poke|p1|Ogerpon-Hearthflame, F|\n|poke|p1|Clefable, F|\n|poke|p1|Tornadus, M|\n|poke|p1|Barraskewda, F|\n|poke|p2|Torkoal, F|\n|poke|p2|Dragonite, M|\n|poke|p2|Gengar, F|\n|poke|p2|Palafin, F|\n|poke|p2|Chandelure, M|\n|poke|p2|Empoleon, F|\n|teampreview\n|j| Pgc_terror\n|c| Pgc_terror|smoore u better win\n|c| Pgc_terror|i wanna beat u up agaun\n|\n|t:|1697931248\n|start\n|switch|p1a: Maushold|Maushold-Four, shiny|100\/100\n|switch|p1b: Lucario|Lucario, M, shiny|100\/100\n|switch|p2a: Palafin|Palafin, F, shiny|100\/100\n|switch|p2b: Dragonite|Dragonite, M, shiny|100\/100\n|turn|1\n|j| Bottocide\n|\n|t:|1697931279\n|move|p1a: Maushold|Beat Up|p1b: Lucario\n|-resisted|p1b: Lucario\n|-damage|p1b: Lucario|97\/100\n|-ability|p1b: Lucario|Justified|boost\n|-boost|p1b: Lucario|atk|1\n|-resisted|p1b: Lucario\n|-damage|p1b: Lucario|92\/100\n|-ability|p1b: Lucario|Justified|boost\n|-boost|p1b: Lucario|atk|1\n|-resisted|p1b: Lucario\n|-damage|p1b: Lucario|87\/100\n|-ability|p1b: Lucario|Justified|boost\n|-boost|p1b: Lucario|atk|1\n|-resisted|p1b: Lucario\n|-damage|p1b: Lucario|84\/100\n|-ability|p1b: Lucario|Justified|boost\n|-boost|p1b: Lucario|atk|1\n|-resisted|p1b: Lucario\n|-damage|p1b: Lucario|79\/100\n|-ability|p1b: Lucario|Justified|boost\n|-boost|p1b: Lucario|atk|1\n|-resisted|p1b: Lucario\n|-damage|p1b: Lucario|75\/100\n|-ability|p1b: Lucario|Justified|boost\n|-boost|p1b: Lucario|atk|1\n|-hitcount|p1b: Lucario|6\n|move|p2a: Palafin|Close Combat|p1a: Maushold\n|-supereffective|p1a: Maushold\n|-damage|p1a: Maushold|6\/100\n|-unboost|p2a: Palafin|def|1\n|-unboost|p2a: Palafin|spd|1\n|move|p1b: Lucario|Ice Punch|p2b: Dragonite\n|-supereffective|p2b: Dragonite\n|-damage|p2b: Dragonite|0 fnt\n|faint|p2b: Dragonite\n|\n|upkeep\n|\n|t:|1697931305\n|switch|p2b: Gengar|Gengar, F, shiny|100\/100\n|turn|2\n|\n|t:|1697931323\n|detailschange|p2a: Palafin|Palafin-Hero, F, shiny\n|switch|p2a: Chandelure|Chandelure, M, shiny|100\/100\n|move|p1a: Maushold|Follow Me|p1a: Maushold\n|-singleturn|p1a: Maushold|move: Follow Me\n|move|p2b: Gengar|Clear Smog|p1a: Maushold\n|-damage|p1a: Maushold|0 fnt\n|-clearboost|p1a: Maushold\n|faint|p1a: Maushold\n|move|p1b: Lucario|Trailblaze|p2a: Chandelure\n|-resisted|p2a: Chandelure\n|-damage|p2a: Chandelure|58\/100\n|-boost|p1b: Lucario|spe|1\n|\n|upkeep\n|\n|t:|1697931340\n|switch|p1a: Clefable|Clefable, F, shiny|100\/100\n|turn|3\n|\n|t:|1697931356\n|move|p1a: Clefable|Follow Me|p1a: Clefable\n|-singleturn|p1a: Clefable|move: Follow Me\n|move|p1b: Lucario|Ice Punch|p2b: Gengar\n|-damage|p2b: Gengar|0 fnt\n|faint|p2b: Gengar\n|move|p2a: Chandelure|Will-O-Wisp|p1a: Clefable\n|-status|p1a: Clefable|brn\n|\n|-damage|p1a: Clefable|94\/100 brn|[from] brn\n|upkeep\n|\n|t:|1697931375\n|switch|p2b: Torkoal|Torkoal, F, shiny|100\/100\n|turn|4\n|\n|t:|1697931388\n|move|p1a: Clefable|Follow Me|p1a: Clefable\n|-singleturn|p1a: Clefable|move: Follow Me\n|move|p1b: Lucario|Drain Punch|p2b: Torkoal\n|-damage|p2b: Torkoal|0 fnt\n|-heal|p1b: Lucario|100\/100|[from] drain|[of] p2b: Torkoal\n|faint|p2b: Torkoal\n|move|p2a: Chandelure|Flamethrower|p1a: Clefable\n|-damage|p1a: Clefable|59\/100 brn\n|\n|-heal|p1a: Clefable|65\/100 brn|[from] item: Leftovers\n|-damage|p1a: Clefable|59\/100 brn|[from] brn\n|upkeep\n|\n|t:|1697931402\n|switch|p2b: Palafin|Palafin-Hero, F, shiny|100\/100\n|-activate|p2b: Palafin|ability: Zero to Hero\n|turn|5\n|\n|t:|1697931421\n|move|p1a: Clefable|Follow Me|p1a: Clefable\n|-singleturn|p1a: Clefable|move: Follow Me\n|move|p1b: Lucario|Trailblaze|p2b: Palafin\n|-supereffective|p2b: Palafin\n|-damage|p2b: Palafin|0 fnt\n|-boost|p1b: Lucario|spe|1\n|faint|p2b: Palafin\n|move|p2a: Chandelure|Flamethrower|p1a: Clefable\n|-crit|p1a: Clefable\n|-damage|p1a: Clefable|6\/100 brn\n|\n|-heal|p1a: Clefable|12\/100 brn|[from] item: Leftovers\n|-damage|p1a: Clefable|6\/100 brn|[from] brn\n|upkeep\n|\n|t:|1697931433\n|switch|p2b: Empoleon|Empoleon, F, shiny|100\/100\n|turn|6\n|\n|t:|1697931442\n|move|p1a: Clefable|Follow Me|p1a: Clefable\n|-singleturn|p1a: Clefable|move: Follow Me\n|move|p1b: Lucario|Drain Punch|p2b: Empoleon\n|-supereffective|p2b: Empoleon\n|-damage|p2b: Empoleon|0 fnt\n|faint|p2b: Empoleon\n|move|p2a: Chandelure|Flamethrower|p1a: Clefable\n|-damage|p1a: Clefable|0 fnt\n|faint|p1a: Clefable\n|\n|upkeep\n|\n|t:|1697931452\n|switch|p1a: Barraskewda|Barraskewda, F, shiny|100\/100\n|turn|7\n|\n|t:|1697931463\n|move|p1b: Lucario|Ice Punch|p2a: Chandelure\n|-resisted|p2a: Chandelure\n|-damage|p2a: Chandelure|0 fnt\n|faint|p2a: Chandelure\n|\n|win|Smoore996\n|l|\u2606Juju0\n","uploadtime":1697931472,"views":11,"p1id":"smoore996","p2id":"juju0","formatid":"gen9doublesou","rating":0,"private":0,"password":""}