{"id":"gen9doublesou-1982999108","p1":"kieltarcoda","p2":"nicofer044","format":"[Gen 9] Doubles OU","log":"|j|\u2606kieltarcoda\n|j|\u2606nicofer044\n|t:|1699068156\n|gametype|doubles\n|player|p1|kieltarcoda|unknown|1155\n|player|p2|nicofer044|red|1151\n|teamsize|p1|6\n|teamsize|p2|6\n|gen|9\n|tier|[Gen 9] Doubles OU\n|rated|\n|rule|Species Clause: Limit one of each Pok\u00e9mon\n|rule|OHKO Clause: OHKO moves are banned\n|rule|Evasion Moves Clause: Evasion moves are banned\n|rule|Gravity Sleep Clause: The combination of sleep-inducing moves with imperfect accuracy and Gravity or Gigantamax Orbeetle are banned\n|rule|Endless Battle Clause: Forcing endless battles is banned\n|rule|HP Percentage Mod: HP is shown in percentages\n|clearpoke\n|poke|p1|Armarouge, M|\n|poke|p1|Indeedee-F, F|\n|poke|p1|Flamigo, F|\n|poke|p1|Lucario, M|\n|poke|p1|Murkrow, F|\n|poke|p1|Roaring Moon|\n|poke|p2|Grimmsnarl, M|\n|poke|p2|Toxapex, M|\n|poke|p2|Snorlax, F|\n|poke|p2|Arcanine-Hisui, M|\n|poke|p2|Charizard, M|\n|poke|p2|Lilligant, F|\n|teampreview\n|inactive|Battle timer is ON: inactive players will automatically lose when time's up. (requested by kieltarcoda)\n|inactive|nicofer044 has 120 seconds left.\n|c|\u2606kieltarcoda|quick\n|\n|t:|1699068202\n|start\n|switch|p1a: Armarouge|Armarouge, M|100\/100\n|switch|p1b: Indeedee|Indeedee-F, F|100\/100\n|switch|p2a: Grimmsnarl|Grimmsnarl, M, shiny|100\/100\n|switch|p2b: Snorlax|Snorlax, F, shiny|100\/100\n|-fieldstart|move: Psychic Terrain|[from] ability: Psychic Surge|[of] p1b: Indeedee\n|turn|1\n|c|\u2606nicofer044|no me apure loco\n|c|\u2606kieltarcoda|?\n|inactive|kieltarcoda has 120 seconds left.\n|\n|t:|1699068238\n|move|p1a: Armarouge|Endure|p1a: Armarouge\n|-singleturn|p1a: Armarouge|move: Endure\n|move|p2a: Grimmsnarl|Fake Out|p1a: Armarouge\n|-activate|p1a: Armarouge|move: Psychic Terrain\n|move|p1b: Indeedee|Reflect|p1b: Indeedee\n|-sidestart|p1: kieltarcoda|Reflect\n|move|p2b: Snorlax|Belly Drum|p2b: Snorlax\n|-damage|p2b: Snorlax|50\/100\n|-setboost|p2b: Snorlax|atk|6|[from] move: Belly Drum\n|\n|-heal|p2b: Snorlax|57\/100|[from] item: Leftovers\n|upkeep\n|turn|2\n|c|\u2606nicofer044|???? vos\n|c|\u2606nicofer044|gil\n|\n|t:|1699068255\n|move|p2b: Snorlax|Protect|p2b: Snorlax\n|-singleturn|p2b: Snorlax|Protect\n|move|p1b: Indeedee|Follow Me|p1b: Indeedee\n|-singleturn|p1b: Indeedee|move: Follow Me\n|move|p2a: Grimmsnarl|Reflect|p2a: Grimmsnarl\n|-sidestart|p2: nicofer044|Reflect\n|move|p1a: Armarouge|Expanding Force|p2b: Snorlax|[spread] \n|-activate|p2b: Snorlax|move: Protect\n|-immune|p2a: Grimmsnarl\n|\n|-heal|p2b: Snorlax|63\/100|[from] item: Leftovers\n|upkeep\n|turn|3\n|\n|t:|1699068281\n|switch|p2a: Arcanine|Arcanine-Hisui, M, shiny|100\/100\n|-ability|p2a: Arcanine|Intimidate|boost\n|-unboost|p1a: Armarouge|atk|1\n|-unboost|p1b: Indeedee|atk|1\n|-terastallize|p2b: Snorlax|Ghost\n|move|p1b: Indeedee|Follow Me|p1b: Indeedee\n|-singleturn|p1b: Indeedee|move: Follow Me\n|move|p1a: Armarouge|Aura Sphere|p2b: Snorlax\n|-immune|p2b: Snorlax\n|move|p2b: Snorlax|Body Slam|p1b: Indeedee\n|-damage|p1b: Indeedee|0 fnt\n|faint|p1b: Indeedee\n|\n|-heal|p2b: Snorlax|69\/100|[from] item: Leftovers\n|upkeep\n|\n|t:|1699068295\n|switch|p1b: Murkrow|Murkrow, F|100\/100\n|turn|4\n|\n|t:|1699068307\n|move|p1a: Armarouge|Endure|p1a: Armarouge\n|-singleturn|p1a: Armarouge|move: Endure\n|move|p2b: Snorlax|Protect|p2b: Snorlax\n|-singleturn|p2b: Snorlax|Protect\n|move|p1b: Murkrow|Haze|p1b: Murkrow\n|-clearallboost\n|move|p2a: Arcanine|Flare Blitz|p1b: Murkrow\n|-damage|p1b: Murkrow|29\/100\n|-damage|p2a: Arcanine|78\/100|[from] Recoil\n|\n|-heal|p2a: Arcanine|84\/100|[from] item: Leftovers\n|-heal|p2b: Snorlax|75\/100|[from] item: Leftovers\n|upkeep\n|turn|5\n|c|\u2606nicofer044|la concha de tu vieja\n|\n|t:|1699068331\n|switch|p2b: Toxapex|Toxapex, M, shiny|100\/100\n|move|p1b: Murkrow|Tailwind|p1b: Murkrow\n|-sidestart|p1: kieltarcoda|move: Tailwind\n|move|p1a: Armarouge|Expanding Force|p2a: Arcanine|[spread] p2a,p2b\n|-supereffective|p2b: Toxapex\n|-damage|p2a: Arcanine|19\/100\n|-damage|p2b: Toxapex|0 fnt\n|faint|p2b: Toxapex\n|move|p2a: Arcanine|Stealth Rock|p1b: Murkrow\n|-sidestart|p1: kieltarcoda|move: Stealth Rock\n|\n|-heal|p2a: Arcanine|25\/100|[from] item: Leftovers\n|-sideend|p1: kieltarcoda|Reflect\n|upkeep\n|inactive|nicofer044 has 120 seconds left.\n|\n|t:|1699068361\n|switch|p2b: Charizard|Charizard, M, shiny|100\/100\n|turn|6\n|inactive|kieltarcoda has 120 seconds left.\n|\n|t:|1699068392\n|switch|p2a: Grimmsnarl|Grimmsnarl, M, shiny|100\/100\n|move|p1b: Murkrow|Thunder Wave|p2b: Charizard\n|-status|p2b: Charizard|par\n|move|p1a: Armarouge|Expanding Force|p2a: Grimmsnarl|[spread] p2b\n|-immune|p2a: Grimmsnarl\n|-damage|p2b: Charizard|13\/100 par\n|move|p2b: Charizard|Air Slash|p1a: Armarouge\n|-damage|p1a: Armarouge|64\/100\n|\n|-sideend|p2: nicofer044|Reflect\n|upkeep\n|turn|7\n|inactive|kieltarcoda has 120 seconds left.\n|\n|t:|1699068420\n|move|p2a: Grimmsnarl|Fake Out|p1b: Murkrow\n|-hint|Psychic Terrain doesn't affect Pok\u00e9mon immune to Ground.\n|-damage|p1b: Murkrow|9\/100\n|cant|p1b: Murkrow|flinch\n|move|p1a: Armarouge|Expanding Force|p2a: Grimmsnarl|[spread] p2b\n|-immune|p2a: Grimmsnarl\n|-damage|p2b: Charizard|0 fnt\n|faint|p2b: Charizard\n|\n|upkeep\n|\n|t:|1699068432\n|switch|p2b: Arcanine|Arcanine-Hisui, M, shiny|25\/100\n|-ability|p2b: Arcanine|Intimidate|boost\n|-unboost|p1a: Armarouge|atk|1\n|-unboost|p1b: Murkrow|atk|1\n|turn|8\n|\n|t:|1699068454\n|move|p1a: Armarouge|Endure|p1a: Armarouge\n|-singleturn|p1a: Armarouge|move: Endure\n|move|p2b: Arcanine|Protect|p2b: Arcanine\n|-singleturn|p2b: Arcanine|Protect\n|move|p1b: Murkrow|Taunt|p2a: Grimmsnarl\n|-activate|p2a: Grimmsnarl|move: Psychic Terrain\n|move|p2a: Grimmsnarl|Dazzling Gleam|p1a: Armarouge|[spread] p1a,p1b\n|-resisted|p1a: Armarouge\n|-supereffective|p1b: Murkrow\n|-damage|p1a: Armarouge|53\/100\n|-damage|p1b: Murkrow|0 fnt\n|faint|p1b: Murkrow\n|\n|-heal|p2b: Arcanine|31\/100|[from] item: Leftovers\n|-sideend|p1: kieltarcoda|move: Tailwind\n|-fieldend|move: Psychic Terrain\n|upkeep\n|inactive|kieltarcoda has 120 seconds left.\n|\n|t:|1699068470\n|switch|p1b: Lucario|Lucario, M|100\/100\n|-damage|p1b: Lucario|98\/100|[from] Stealth Rock\n|turn|9\n|\n|t:|1699068484\n|move|p2a: Grimmsnarl|Light Screen|p2a: Grimmsnarl\n|-sidestart|p2: nicofer044|move: Light Screen\n|move|p1b: Lucario|Meteor Mash|p2a: Grimmsnarl\n|-supereffective|p2a: Grimmsnarl\n|-damage|p2a: Grimmsnarl|0 fnt\n|faint|p2a: Grimmsnarl\n|move|p2b: Arcanine|Flare Blitz|p1b: Lucario\n|-supereffective|p1b: Lucario\n|-damage|p1b: Lucario|0 fnt\n|faint|p1b: Lucario\n|-damage|p2b: Arcanine|4\/100|[from] Recoil\n|move|p1a: Armarouge|Aura Sphere|p2b: Arcanine\n|-supereffective|p2b: Arcanine\n|-crit|p2b: Arcanine\n|-damage|p2b: Arcanine|0 fnt\n|faint|p2b: Arcanine\n|\n|upkeep\n|\n|t:|1699068498\n|switch|p1b: Roaring Moon|Roaring Moon|100\/100\n|switch|p2b: Snorlax|Snorlax, F, shiny, tera:Ghost|75\/100\n|switch|p2a: Lilligant|Lilligant, F, shiny|100\/100\n|-damage|p1b: Roaring Moon|88\/100|[from] Stealth Rock\n|-enditem|p1b: Roaring Moon|Booster Energy\n|-activate|p1b: Roaring Moon|ability: Protosynthesis|[fromitem]\n|-start|p1b: Roaring Moon|protosynthesisatk\n|turn|10\n|\n|t:|1699068518\n|move|p1b: Roaring Moon|Knock Off|p2b: Snorlax\n|-supereffective|p2b: Snorlax\n|-damage|p2b: Snorlax|0 fnt\n|-enditem|p2b: Snorlax|Leftovers|[from] move: Knock Off|[of] p1b: Roaring Moon\n|faint|p2b: Snorlax\n|move|p2a: Lilligant|Quiver Dance|p2a: Lilligant\n|-boost|p2a: Lilligant|spa|1\n|-boost|p2a: Lilligant|spd|1\n|-boost|p2a: Lilligant|spe|1\n|move|p1a: Armarouge|Armor Cannon|p2a: Lilligant\n|-supereffective|p2a: Lilligant\n|-damage|p2a: Lilligant|12\/100\n|-unboost|p1a: Armarouge|def|1\n|-unboost|p1a: Armarouge|spd|1\n|\n|-heal|p2a: Lilligant|18\/100|[from] item: Leftovers\n|upkeep\n|turn|11\n|c|\u2606nicofer044|quick\n|c|\u2606nicofer044|gg\n|l|\u2606kieltarcoda\n|inactive|kieltarcoda disconnected and has a minute to reconnect!\n|player|p1|\n|j|\u2606kieltarcoda\n|inactive|kieltarcoda reconnected and has 110 seconds left.\n|player|p1|kieltarcoda|unknown\n|\n|t:|1699068571\n|move|p2a: Lilligant|Giga Drain|p1a: Armarouge\n|-resisted|p1a: Armarouge\n|-damage|p1a: Armarouge|4\/100\n|-heal|p2a: Lilligant|51\/100|[from] drain|[of] p1a: Armarouge\n|move|p1b: Roaring Moon|Acrobatics|p2a: Lilligant\n|-supereffective|p2a: Lilligant\n|-damage|p2a: Lilligant|0 fnt\n|faint|p2a: Lilligant\n|\n|win|kieltarcoda\n|raw|kieltarcoda's rating: 1155 &rarr; <strong>1180<\/strong><br \/>(+25 for winning)\n|raw|nicofer044's rating: 1151 &rarr; <strong>1126<\/strong><br \/>(-25 for losing)\n","uploadtime":1699068320,"views":19,"p1id":"kieltarcoda","p2id":"nicofer044","formatid":"gen9doublesou","rating":1126,"private":0,"password":""}