{"id":"gen9doublesou-1998011331","p1":"Blue Kaiser dragon","p2":"Feettickler423","format":"[Gen 9] Doubles OU","log":"|j|\u2606Blue Kaiser dragon\n|j|\u2606Feettickler423\n|t:|1700878717\n|gametype|doubles\n|player|p1|Blue Kaiser dragon|volkner|1160\n|player|p2|Feettickler423|bruno|1173\n|teamsize|p1|6\n|teamsize|p2|6\n|gen|9\n|tier|[Gen 9] Doubles OU\n|rated|\n|rule|Species Clause: Limit one of each Pok\u00e9mon\n|rule|OHKO Clause: OHKO moves are banned\n|rule|Evasion Moves Clause: Evasion moves are banned\n|rule|Gravity Sleep Clause: The combination of sleep-inducing moves with imperfect accuracy and Gravity or Gigantamax Orbeetle are banned\n|rule|Endless Battle Clause: Forcing endless battles is banned\n|rule|HP Percentage Mod: HP is shown in percentages\n|clearpoke\n|poke|p1|Kleavor, M|\n|poke|p1|Scizor, F|\n|poke|p1|Ogerpon-Wellspring, F|\n|poke|p1|Rabsca, F|\n|poke|p1|Scyther, F|\n|poke|p1|Ninetales-Alola, M|\n|poke|p2|Hatterene, F|\n|poke|p2|Dragalge, F|\n|poke|p2|Indeedee-F, F|\n|poke|p2|Armarouge, M|\n|poke|p2|Kingambit, M|\n|poke|p2|Garganacl, M|\n|teampreview\n|inactive|Battle timer is ON: inactive players will automatically lose when time's up. (requested by Blue Kaiser dragon)\n|\n|t:|1700878730\n|start\n|switch|p1a: Ninetales|Ninetales-Alola, M|100\/100\n|switch|p1b: Kleavor|Kleavor, M|100\/100\n|switch|p2a: Indeedee|Indeedee-F, F, shiny|100\/100\n|switch|p2b: Armarouge|Armarouge, M|100\/100\n|-weather|Snow|[from] ability: Snow Warning|[of] p1a: Ninetales\n|-fieldstart|move: Psychic Terrain|[from] ability: Psychic Surge|[of] p2a: Indeedee\n|turn|1\n|\n|t:|1700878751\n|move|p1a: Ninetales|Aurora Veil|p1a: Ninetales\n|-sidestart|p1: Blue Kaiser dragon|move: Aurora Veil\n|move|p1b: Kleavor|Stone Axe|p2b: Armarouge\n|-supereffective|p2b: Armarouge\n|-damage|p2b: Armarouge|0 fnt\n|-sidestart|p2: Feettickler423|move: Stealth Rock\n|faint|p2b: Armarouge\n|move|p2a: Indeedee|Trick Room|p2a: Indeedee\n|-fieldstart|move: Trick Room|[of] p2a: Indeedee\n|\n|-weather|Snow|[upkeep]\n|upkeep\n|\n|t:|1700878756\n|switch|p2b: Hatterene|Hatterene, F, shiny|100\/100\n|-damage|p2b: Hatterene|88\/100|[from] Stealth Rock\n|turn|2\n|\n|t:|1700878775\n|move|p2b: Hatterene|Misty Explosion|p1a: Ninetales|[spread] p2a,p1a,p1b\n|-damage|p2a: Indeedee|62\/100\n|-damage|p1a: Ninetales|67\/100\n|-damage|p1b: Kleavor|50\/100\n|faint|p2b: Hatterene\n|move|p2a: Indeedee|Reflect|p2a: Indeedee\n|-sidestart|p2: Feettickler423|Reflect\n|move|p1b: Kleavor|X-Scissor|p2a: Indeedee\n|-supereffective|p2a: Indeedee\n|-damage|p2a: Indeedee|0 fnt\n|faint|p2a: Indeedee\n|move|p1a: Ninetales|Blizzard|p2: Indeedee|[notarget]\n|-fail|p1a: Ninetales\n|\n|-weather|Snow|[upkeep]\n|-heal|p1b: Kleavor|56\/100|[from] item: Leftovers\n|-heal|p1a: Ninetales|73\/100|[from] item: Leftovers\n|upkeep\n|\n|t:|1700878792\n|switch|p2b: Garganacl|Garganacl, M|100\/100\n|switch|p2a: Dragalge|Dragalge, F, shiny|100\/100\n|-damage|p2b: Garganacl|88\/100|[from] Stealth Rock\n|-damage|p2a: Dragalge|88\/100|[from] Stealth Rock\n|turn|3\n|c|\u2606Feettickler423|nah id win\n|\n|t:|1700878814\n|move|p2b: Garganacl|Rock Slide|p1b: Kleavor|[spread] p1a,p1b\n|-supereffective|p1a: Ninetales\n|-supereffective|p1b: Kleavor\n|-damage|p1a: Ninetales|46\/100\n|-damage|p1b: Kleavor|19\/100\n|move|p2a: Dragalge|Sludge Bomb|p1a: Ninetales\n|-supereffective|p1a: Ninetales\n|-damage|p1a: Ninetales|0 fnt\n|faint|p1a: Ninetales\n|cant|p1b: Kleavor|flinch\n|\n|-weather|Snow|[upkeep]\n|-heal|p1b: Kleavor|25\/100|[from] item: Leftovers\n|upkeep\n|inactive|Blue Kaiser dragon has 120 seconds left.\n|\n|t:|1700878833\n|switch|p1a: Rabsca|Rabsca, F|100\/100\n|turn|4\n|\n|t:|1700878855\n|move|p2b: Garganacl|Rock Slide|p1a: Rabsca|[spread] p1a,p1b\n|-supereffective|p1a: Rabsca\n|-supereffective|p1b: Kleavor\n|-damage|p1a: Rabsca|69\/100\n|-damage|p1b: Kleavor|0 fnt\n|faint|p1b: Kleavor\n|move|p2a: Dragalge|Sludge Bomb|p1a: Rabsca\n|-damage|p1a: Rabsca|6\/100\n|-status|p1a: Rabsca|psn\n|-activate|p1a: Rabsca|ability: Synchronize\n|-immune|p2a: Dragalge\n|move|p1a: Rabsca|Psychic|p2a: Dragalge\n|-supereffective|p2a: Dragalge\n|-damage|p2a: Dragalge|0 fnt\n|faint|p2a: Dragalge\n|\n|-weather|Snow|[upkeep]\n|-damage|p1a: Rabsca|0 fnt|[from] psn\n|faint|p1a: Rabsca\n|upkeep\n|\n|t:|1700878878\n|switch|p2a: Kingambit|Kingambit, M|100\/100\n|switch|p1a: Scyther|Scyther, F|100\/100\n|switch|p1b: Scizor|Scizor, F|100\/100\n|-damage|p2a: Kingambit|94\/100|[from] Stealth Rock\n|turn|5\n|inactive|Blue Kaiser dragon has 120 seconds left.\n|inactive|Feettickler423 has 120 seconds left.\n|\n|t:|1700878909\n|move|p2a: Kingambit|Protect|p2a: Kingambit\n|-singleturn|p2a: Kingambit|Protect\n|move|p2b: Garganacl|Earthquake|p1b: Scizor|[spread] p1b\n|-activate|p2a: Kingambit|move: Protect\n|-immune|p1a: Scyther\n|-damage|p1b: Scizor|86\/100\n|move|p1b: Scizor|Swords Dance|p1b: Scizor\n|-boost|p1b: Scizor|atk|2\n|move|p1a: Scyther|Swords Dance|p1a: Scyther\n|-boost|p1a: Scyther|atk|2\n|\n|-weather|none\n|-sideend|p1: Blue Kaiser dragon|move: Aurora Veil\n|-fieldend|move: Trick Room\n|-fieldend|move: Psychic Terrain\n|upkeep\n|turn|6\n|inactive|Blue Kaiser dragon has 120 seconds left.\n|\n|t:|1700878941\n|-terastallize|p2a: Kingambit|Dark\n|move|p1b: Scizor|Bullet Punch|p2b: Garganacl\n|-supereffective|p2b: Garganacl\n|-damage|p2b: Garganacl|38\/100\n|move|p1a: Scyther|Bug Bite|p2a: Kingambit\n|-supereffective|p2a: Kingambit\n|-damage|p2a: Kingambit|16\/100\n|-enditem|p2a: Kingambit|Aguav Berry|[from] stealeat|[move] Bug Bite|[of] p1a: Scyther\n|move|p2a: Kingambit|Swords Dance|p2a: Kingambit\n|-boost|p2a: Kingambit|atk|2\n|move|p2b: Garganacl|Rock Slide|p1a: Scyther|[spread] p1a,p1b\n|-supereffective|p1a: Scyther\n|-crit|p1a: Scyther\n|-enditem|p1a: Scyther|Focus Sash\n|-damage|p1a: Scyther|1\/100\n|-damage|p1b: Scizor|64\/100\n|\n|-sideend|p2: Feettickler423|Reflect\n|upkeep\n|turn|7\n|inactive|Blue Kaiser dragon has 120 seconds left.\n|\n|t:|1700878966\n|move|p1a: Scyther|Quick Attack|p2a: Kingambit\n|-damage|p2a: Kingambit|0 fnt\n|faint|p2a: Kingambit\n|move|p1b: Scizor|Bullet Punch|p2b: Garganacl\n|-supereffective|p2b: Garganacl\n|-damage|p2b: Garganacl|0 fnt\n|faint|p2b: Garganacl\n|\n|win|Blue Kaiser dragon\n|raw|Blue Kaiser dragon's rating: 1160 &rarr; <strong>1186<\/strong><br \/>(+26 for winning)\n|raw|Feettickler423's rating: 1173 &rarr; <strong>1147<\/strong><br \/>(-26 for losing)\n|c|\u2606Feettickler423|gg\n|l|\u2606Feettickler423\n|c|\u2606Blue Kaiser dragon|Gg\n","uploadtime":1700879024,"views":1,"p1id":"bluekaiserdragon","p2id":"feettickler423","formatid":"gen9doublesou","rating":1147,"private":0,"password":""}