{"id":"gen9doublesou-1979941055","p1":"Ghastlypixie","p2":"SunmonS","format":"[Gen 9] Doubles OU","log":"|j|\u2606Ghastlypixie\n|j|\u2606SunmonS\n|t:|1698733535\n|gametype|doubles\n|player|p1|Ghastlypixie|plasmagruntf|1386\n|player|p2|SunmonS|clay|1477\n|teamsize|p1|6\n|teamsize|p2|6\n|gen|9\n|tier|[Gen 9] Doubles OU\n|rated|\n|rule|Species Clause: Limit one of each Pok\u00e9mon\n|rule|OHKO Clause: OHKO moves are banned\n|rule|Evasion Moves Clause: Evasion moves are banned\n|rule|Gravity Sleep Clause: The combination of sleep-inducing moves with imperfect accuracy and Gravity or Gigantamax Orbeetle are banned\n|rule|Endless Battle Clause: Forcing endless battles is banned\n|rule|HP Percentage Mod: HP is shown in percentages\n|clearpoke\n|poke|p1|Flutter Mane|\n|poke|p1|Hariyama, F|\n|poke|p1|Tornadus, M|\n|poke|p1|Ogerpon-Wellspring, F|\n|poke|p1|Chien-Pao|\n|poke|p1|Iron Hands|\n|poke|p2|Arcanine, M|\n|poke|p2|Enamorus, F|\n|poke|p2|Chien-Pao|\n|poke|p2|Regieleki|\n|poke|p2|Kingambit, F|\n|poke|p2|Flutter Mane|\n|teampreview\n|inactive|Battle timer is ON: inactive players will automatically lose when time's up. (requested by Ghastlypixie)\n|\n|t:|1698733560\n|start\n|switch|p1a: Chien-Pao|Chien-Pao|100\/100\n|switch|p1b: Hariyama|Hariyama, F, shiny|100\/100\n|switch|p2a: Enamorus|Enamorus, F|100\/100\n|switch|p2b: Flutter Mane|Flutter Mane|100\/100\n|-ability|p1a: Chien-Pao|Sword of Ruin\n|turn|1\n|inactive|Ghastlypixie has 120 seconds left.\n|\n|t:|1698733591\n|move|p1b: Hariyama|Wide Guard|p1b: Hariyama\n|-singleturn|p1b: Hariyama|Wide Guard\n|move|p1a: Chien-Pao|Ice Spinner|p2b: Flutter Mane\n|-enditem|p2b: Flutter Mane|Focus Sash\n|-damage|p2b: Flutter Mane|1\/100\n|move|p2b: Flutter Mane|Dazzling Gleam|p1b: Hariyama|[spread] \n|-activate|p1a: Chien-Pao|move: Wide Guard\n|-activate|p1b: Hariyama|move: Wide Guard\n|move|p2a: Enamorus|Earth Power|p1a: Chien-Pao\n|-damage|p1a: Chien-Pao|45\/100\n|\n|upkeep\n|turn|2\n|inactive|Ghastlypixie has 120 seconds left.\n|inactive|SunmonS has 120 seconds left.\n|\n|t:|1698733631\n|-end|p2b: Flutter Mane|Protosynthesis|[silent]\n|switch|p2b: Regieleki|Regieleki|100\/100\n|move|p1b: Hariyama|Wide Guard|p1b: Hariyama\n|-singleturn|p1b: Hariyama|Wide Guard\n|move|p1a: Chien-Pao|Ice Spinner|p2a: Enamorus\n|-supereffective|p2a: Enamorus\n|-enditem|p2a: Enamorus|Focus Sash\n|-damage|p2a: Enamorus|1\/100\n|move|p2a: Enamorus|Tailwind|p2a: Enamorus\n|-sidestart|p2: SunmonS|move: Tailwind\n|\n|upkeep\n|turn|3\n|inactive|Ghastlypixie has 120 seconds left.\n|inactive|SunmonS has 120 seconds left.\n|\n|t:|1698733665\n|switch|p1a: Iron Hands|Iron Hands|100\/100\n|move|p2b: Regieleki|Thunderbolt|p1b: Hariyama\n|-damage|p1b: Hariyama|45\/100\n|move|p2a: Enamorus|Moonblast|p1a: Iron Hands\n|-supereffective|p1a: Iron Hands\n|-damage|p1a: Iron Hands|38\/100\n|move|p1b: Hariyama|Drain Punch|p2b: Regieleki\n|-damage|p2b: Regieleki|26\/100\n|-heal|p1b: Hariyama|68\/100|[from] drain|[of] p2b: Regieleki\n|\n|-heal|p1b: Hariyama|74\/100|[from] item: Leftovers\n|upkeep\n|turn|4\n|inactive|SunmonS has 120 seconds left.\n|inactive|Ghastlypixie has 120 seconds left.\n|\n|t:|1698733689\n|move|p1a: Iron Hands|Fake Out|p2a: Enamorus\n|-damage|p2a: Enamorus|0 fnt\n|faint|p2a: Enamorus\n|move|p2b: Regieleki|Volt Switch|p1b: Hariyama\n|-damage|p1b: Hariyama|24\/100\n|\n|t:|1698733697\n|switch|p2b: Flutter Mane|Flutter Mane|1\/100|[from] Volt Switch\n|move|p1b: Hariyama|Drain Punch|p2b: Flutter Mane\n|-immune|p2b: Flutter Mane\n|\n|-heal|p1b: Hariyama|31\/100|[from] item: Leftovers\n|upkeep\n|\n|t:|1698733715\n|switch|p2a: Arcanine|Arcanine, M|100\/100\n|-ability|p2a: Arcanine|Intimidate|boost\n|-unboost|p1a: Iron Hands|atk|1\n|-unboost|p1b: Hariyama|atk|1\n|turn|5\n|inactive|SunmonS has 120 seconds left.\n|\n|t:|1698733726\n|move|p1b: Hariyama|Wide Guard|p1b: Hariyama\n|-singleturn|p1b: Hariyama|Wide Guard\n|move|p2b: Flutter Mane|Moonblast|p1a: Iron Hands\n|-supereffective|p1a: Iron Hands\n|-damage|p1a: Iron Hands|0 fnt\n|faint|p1a: Iron Hands\n|-end|p1a: Iron Hands|Quark Drive|[silent]\n|move|p2a: Arcanine|Flare Blitz|p1b: Hariyama\n|-damage|p1b: Hariyama|0 fnt\n|faint|p1b: Hariyama\n|-damage|p2a: Arcanine|88\/100|[from] Recoil\n|\n|-sideend|p2: SunmonS|move: Tailwind\n|upkeep\n|\n|t:|1698733741\n|switch|p1a: Ogerpon|Ogerpon-Wellspring, F|100\/100\n|switch|p1b: Tornadus|Tornadus, M|100\/100\n|turn|6\n|\n|t:|1698733760\n|move|p2b: Flutter Mane|Dazzling Gleam|p1a: Ogerpon|[spread] p1a,p1b\n|-damage|p1a: Ogerpon|66\/100\n|-damage|p1b: Tornadus|73\/100\n|move|p1a: Ogerpon|Ivy Cudgel|p2a: Arcanine\n|-supereffective|p2a: Arcanine\n|-damage|p2a: Arcanine|0 fnt\n|faint|p2a: Arcanine\n|move|p1b: Tornadus|Bleakwind Storm|p2b: Flutter Mane\n|-damage|p2b: Flutter Mane|0 fnt\n|faint|p2b: Flutter Mane\n|-end|p2b: Flutter Mane|Protosynthesis|[silent]\n|\n|upkeep\n|\n|t:|1698733771\n|switch|p2b: Regieleki|Regieleki|26\/100\n|switch|p2a: Chien-Pao|Chien-Pao|100\/100\n|-ability|p2a: Chien-Pao|Sword of Ruin\n|turn|7\n|\n|t:|1698733786\n|move|p1b: Tornadus|Tailwind|p1b: Tornadus\n|-sidestart|p1: Ghastlypixie|move: Tailwind\n|move|p1a: Ogerpon|Ivy Cudgel|p2b: Regieleki\n|-crit|p2b: Regieleki\n|-damage|p2b: Regieleki|0 fnt\n|faint|p2b: Regieleki\n|move|p2a: Chien-Pao|Ice Spinner|p1b: Tornadus\n|-supereffective|p1b: Tornadus\n|-damage|p1b: Tornadus|0 fnt\n|faint|p1b: Tornadus\n|\n|upkeep\n|\n|t:|1698733796\n|switch|p2b: Kingambit|Kingambit, F|100\/100\n|switch|p1b: Chien-Pao|Chien-Pao|45\/100\n|-ability|p1b: Chien-Pao|Sword of Ruin\n|-activate|p2b: Kingambit|ability: Supreme Overlord\n|-start|p2b: Kingambit|fallen4|[silent]\n|turn|8\n|inactive|SunmonS has 120 seconds left.\n|\n|t:|1698733838\n|move|p1a: Ogerpon|Follow Me|p1a: Ogerpon\n|-singleturn|p1a: Ogerpon|move: Follow Me\n|move|p2b: Kingambit|Sucker Punch||[still]\n|-fail|p2b: Kingambit\n|move|p1b: Chien-Pao|Sacred Sword|p2b: Kingambit\n|-supereffective|p2b: Kingambit\n|-damage|p2b: Kingambit|0 fnt\n|faint|p2b: Kingambit\n|-end|p2b: Kingambit|fallen4|[silent]\n|move|p2a: Chien-Pao|Sacred Sword|p1a: Ogerpon\n|-damage|p1a: Ogerpon|9\/100\n|\n|upkeep\n|turn|9\n|inactive|SunmonS has 120 seconds left.\n|-message|SunmonS forfeited.\n|\n|win|Ghastlypixie\n|raw|Ghastlypixie's rating: 1386 &rarr; <strong>1411<\/strong><br \/>(+25 for winning)\n|raw|SunmonS's rating: 1477 &rarr; <strong>1452<\/strong><br \/>(-25 for losing)\n|l|\u2606SunmonS\n","uploadtime":1698733864,"views":22,"p1id":"ghastlypixie","p2id":"sunmons","formatid":"gen9doublesou","rating":1411,"private":0,"password":""}