{"id":"gen9doublesou-1968801929","p1":"MarteAmpies","p2":"Zay52k","format":"[Gen 9] Doubles OU","log":"|j|\u2606MarteAmpies\n|j|\u2606Zay52k\n|t:|1697465998\n|gametype|doubles\n|player|p1|MarteAmpies|steven|1081\n|player|p2|Zay52k|benga|1157\n|teamsize|p1|6\n|teamsize|p2|6\n|gen|9\n|tier|[Gen 9] Doubles OU\n|rated|\n|rule|Species Clause: Limit one of each Pok\u00e9mon\n|rule|OHKO Clause: OHKO moves are banned\n|rule|Evasion Moves Clause: Evasion moves are banned\n|rule|Gravity Sleep Clause: The combination of sleep-inducing moves with imperfect accuracy and Gravity or Gigantamax Orbeetle are banned\n|rule|Endless Battle Clause: Forcing endless battles is banned\n|rule|HP Percentage Mod: HP is shown in percentages\n|clearpoke\n|poke|p1|Flutter Mane|\n|poke|p1|Torkoal, F|\n|poke|p1|Ogerpon-Wellspring, F|\n|poke|p1|Amoonguss, M|\n|poke|p1|Walking Wake|\n|poke|p1|Landorus-Therian, M|\n|poke|p2|Chien-Pao|\n|poke|p2|Maushold-Four|\n|poke|p2|Grimmsnarl, M|\n|poke|p2|Ninetales-Alola, F|\n|poke|p2|Baxcalibur, M|\n|poke|p2|Goodra-Hisui, M|\n|teampreview\n|inactive|Battle timer is ON: inactive players will automatically lose when time's up. (requested by MarteAmpies)\n|\n|t:|1697466007\n|start\n|switch|p1a: Landorus|Landorus-Therian, M|100\/100\n|switch|p1b: Torkoal|Torkoal, F|100\/100\n|switch|p2a: Maushold|Maushold-Four, shiny|100\/100\n|switch|p2b: Grimmsnarl|Grimmsnarl, M, shiny|100\/100\n|-ability|p1a: Landorus|Intimidate|boost\n|-unboost|p2a: Maushold|atk|1\n|-unboost|p2b: Grimmsnarl|atk|1\n|-weather|SunnyDay|[from] ability: Drought|[of] p1b: Torkoal\n|turn|1\n|inactive|Zay52k has 120 seconds left.\n|\n|t:|1697466039\n|move|p2b: Grimmsnarl|Fake Out|p1a: Landorus\n|-damage|p1a: Landorus|91\/100\n|move|p2a: Maushold|U-turn|p1b: Torkoal\n|-resisted|p1b: Torkoal\n|-damage|p1b: Torkoal|96\/100\n|inactive|Zay52k has 120 seconds left.\n|\n|t:|1697466044\n|switch|p2a: Baxcalibur|Baxcalibur, M|100\/100|[from] U-turn\n|cant|p1a: Landorus|flinch\n|move|p1b: Torkoal|Heat Wave|p2b: Grimmsnarl|[spread] p2a,p2b\n|-damage|p2a: Baxcalibur|71\/100\n|-damage|p2b: Grimmsnarl|55\/100\n|-status|p2b: Grimmsnarl|brn\n|-ability|p2a: Baxcalibur|Thermal Exchange|boost\n|-boost|p2a: Baxcalibur|atk|1\n|\n|-weather|SunnyDay|[upkeep]\n|-damage|p2b: Grimmsnarl|49\/100 brn|[from] brn\n|upkeep\n|turn|2\n|inactive|Zay52k has 120 seconds left.\n|\n|t:|1697466070\n|switch|p2b: Ninetales|Ninetales-Alola, F, shiny|100\/100\n|-weather|Snow|[from] ability: Snow Warning|[of] p2b: Ninetales\n|move|p1b: Torkoal|Protect|p1b: Torkoal\n|-singleturn|p1b: Torkoal|Protect\n|move|p1a: Landorus|Stone Edge|p2a: Baxcalibur|[miss]\n|-miss|p1a: Landorus|p2a: Baxcalibur\n|move|p2a: Baxcalibur|Icicle Crash|p1a: Landorus|[miss]\n|-miss|p2a: Baxcalibur|p1a: Landorus\n|\n|-weather|Snow|[upkeep]\n|upkeep\n|turn|3\n|\n|t:|1697466089\n|switch|p1a: Ogerpon|Ogerpon-Wellspring, F|100\/100\n|switch|p1b: Amoonguss|Amoonguss, M|100\/100\n|move|p2b: Ninetales|Aurora Veil|p2b: Ninetales\n|-sidestart|p2: Zay52k|move: Aurora Veil\n|move|p2a: Baxcalibur|Icicle Crash|p1a: Ogerpon\n|-damage|p1a: Ogerpon|0 fnt\n|faint|p1a: Ogerpon\n|\n|-weather|Snow|[upkeep]\n|upkeep\n|\n|t:|1697466091\n|switch|p1a: Torkoal|Torkoal, F|96\/100\n|-weather|SunnyDay|[from] ability: Drought|[of] p1a: Torkoal\n|turn|4\n|\n|t:|1697466105\n|switch|p2b: Maushold|Maushold-Four, shiny|100\/100\n|switch|p2a: Grimmsnarl|Grimmsnarl, M, shiny|49\/100 brn\n|move|p1a: Torkoal|Protect|p1a: Torkoal\n|-singleturn|p1a: Torkoal|Protect\n|move|p1b: Amoonguss|Spore||[still]\n|-fail|p1b: Amoonguss\n|\n|-weather|SunnyDay|[upkeep]\n|-damage|p2a: Grimmsnarl|43\/100 brn|[from] brn\n|upkeep\n|turn|5\n|\n|t:|1697466133\n|switch|p1a: Landorus|Landorus-Therian, M|91\/100\n|-ability|p1a: Landorus|Intimidate|boost\n|-unboost|p2a: Grimmsnarl|atk|1\n|-unboost|p2b: Maushold|atk|1\n|move|p2a: Grimmsnarl|Fake Out|p1b: Amoonguss\n|-damage|p1b: Amoonguss|96\/100\n|move|p2b: Maushold|U-turn|p1b: Amoonguss\n|-damage|p1b: Amoonguss|87\/100\n|\n|t:|1697466142\n|switch|p2b: Ninetales|Ninetales-Alola, F, shiny|100\/100|[from] U-turn\n|-weather|Snow|[from] ability: Snow Warning|[of] p2b: Ninetales\n|cant|p1b: Amoonguss|flinch\n|\n|-weather|Snow|[upkeep]\n|-damage|p2a: Grimmsnarl|37\/100 brn|[from] brn\n|upkeep\n|turn|6\n|\n|t:|1697466161\n|move|p2a: Grimmsnarl|Reflect|p2a: Grimmsnarl\n|-sidestart|p2: Zay52k|Reflect\n|move|p2b: Ninetales|Blizzard|p1b: Amoonguss|[spread] p1a,p1b\n|-supereffective|p1a: Landorus\n|-supereffective|p1b: Amoonguss\n|-damage|p1a: Landorus|7\/100\n|-damage|p1b: Amoonguss|38\/100\n|-enditem|p1b: Amoonguss|Sitrus Berry|[eat]\n|-heal|p1b: Amoonguss|63\/100|[from] item: Sitrus Berry\n|move|p1a: Landorus|U-turn|p2a: Grimmsnarl\n|-damage|p2a: Grimmsnarl|15\/100 brn\n|\n|t:|1697466169\n|switch|p1a: Torkoal|Torkoal, F|96\/100|[from] U-turn\n|-weather|SunnyDay|[from] ability: Drought|[of] p1a: Torkoal\n|move|p1b: Amoonguss|Spore|p2b: Ninetales\n|-status|p2b: Ninetales|slp|[from] move: Spore\n|\n|-weather|SunnyDay|[upkeep]\n|-damage|p2a: Grimmsnarl|9\/100 brn|[from] brn\n|upkeep\n|turn|7\n|\n|t:|1697466190\n|switch|p2b: Baxcalibur|Baxcalibur, M|71\/100\n|switch|p1b: Walking Wake|Walking Wake|100\/100\n|-activate|p1b: Walking Wake|ability: Protosynthesis\n|-start|p1b: Walking Wake|protosynthesisspe\n|move|p2a: Grimmsnarl|Light Screen|p2a: Grimmsnarl\n|-sidestart|p2: Zay52k|move: Light Screen\n|move|p1a: Torkoal|Heat Wave|p2a: Grimmsnarl|[spread] p2a,p2b\n|-damage|p2a: Grimmsnarl|0 fnt\n|-damage|p2b: Baxcalibur|52\/100\n|-ability|p2b: Baxcalibur|Thermal Exchange|boost\n|-boost|p2b: Baxcalibur|atk|1\n|faint|p2a: Grimmsnarl\n|\n|-weather|SunnyDay|[upkeep]\n|-sideend|p2: Zay52k|move: Aurora Veil\n|upkeep\n|\n|t:|1697466201\n|switch|p2a: Ninetales|Ninetales-Alola, F, shiny|100\/100 slp\n|-weather|Snow|[from] ability: Snow Warning|[of] p2a: Ninetales\n|-end|p1b: Walking Wake|Protosynthesis\n|turn|8\n|\n|t:|1697466220\n|switch|p2a: Maushold|Maushold-Four, shiny|100\/100\n|switch|p1a: Landorus|Landorus-Therian, M|7\/100\n|-ability|p1a: Landorus|Intimidate|boost\n|-unboost|p2a: Maushold|atk|1\n|-unboost|p2b: Baxcalibur|atk|1\n|move|p1b: Walking Wake|Protect|p1b: Walking Wake\n|-singleturn|p1b: Walking Wake|Protect\n|move|p2b: Baxcalibur|Earthquake|p1b: Walking Wake|[spread] p2a\n|-activate|p1b: Walking Wake|move: Protect\n|-immune|p1a: Landorus\n|-damage|p2a: Maushold|66\/100\n|\n|-weather|Snow|[upkeep]\n|upkeep\n|turn|9\n|\n|t:|1697466246\n|switch|p1a: Torkoal|Torkoal, F|96\/100\n|-weather|SunnyDay|[from] ability: Drought|[of] p1a: Torkoal\n|-activate|p1b: Walking Wake|ability: Protosynthesis\n|-start|p1b: Walking Wake|protosynthesisspe\n|move|p1b: Walking Wake|Draco Meteor|p2b: Baxcalibur\n|-supereffective|p2b: Baxcalibur\n|-damage|p2b: Baxcalibur|3\/100\n|-unboost|p1b: Walking Wake|spa|2\n|-damage|p1b: Walking Wake|91\/100|[from] item: Life Orb\n|move|p2a: Maushold|Encore|p1b: Walking Wake\n|-start|p1b: Walking Wake|Encore\n|move|p2b: Baxcalibur|Earthquake|p1b: Walking Wake|[spread] p2a,p1a,p1b\n|-supereffective|p1a: Torkoal\n|-damage|p2a: Maushold|34\/100\n|-damage|p1a: Torkoal|49\/100\n|-damage|p1b: Walking Wake|55\/100\n|\n|-weather|SunnyDay|[upkeep]\n|upkeep\n|turn|10\n|inactive|MarteAmpies has 120 seconds left.\n|inactive|Zay52k has 120 seconds left.\n|\n|t:|1697466288\n|switch|p1a: Landorus|Landorus-Therian, M|7\/100\n|-ability|p1a: Landorus|Intimidate|boost\n|-unboost|p2a: Maushold|atk|1\n|-unboost|p2b: Baxcalibur|atk|1\n|move|p1b: Walking Wake|Draco Meteor|p2b: Baxcalibur\n|-supereffective|p2b: Baxcalibur\n|-damage|p2b: Baxcalibur|0 fnt\n|-unboost|p1b: Walking Wake|spa|2\n|faint|p2b: Baxcalibur\n|-damage|p1b: Walking Wake|45\/100|[from] item: Life Orb\n|move|p2a: Maushold|U-turn|p1b: Walking Wake\n|-damage|p1b: Walking Wake|36\/100\n|\n|t:|1697466298\n|switch|p2a: Ninetales|Ninetales-Alola, F, shiny|100\/100 slp|[from] U-turn\n|-weather|Snow|[from] ability: Snow Warning|[of] p2a: Ninetales\n|-end|p1b: Walking Wake|Protosynthesis\n|\n|-weather|Snow|[upkeep]\n|upkeep\n|\n|t:|1697466305\n|switch|p2b: Maushold|Maushold-Four, shiny|34\/100\n|turn|11\n|\n|t:|1697466316\n|-end|p1b: Walking Wake|Protosynthesis|[silent]\n|switch|p1b: Flutter Mane|Flutter Mane|100\/100\n|-enditem|p1b: Flutter Mane|Booster Energy\n|-activate|p1b: Flutter Mane|ability: Protosynthesis|[fromitem]\n|-start|p1b: Flutter Mane|protosynthesisspe\n|switch|p1a: Torkoal|Torkoal, F|49\/100\n|-weather|SunnyDay|[from] ability: Drought|[of] p1a: Torkoal\n|move|p2b: Maushold|U-turn|p1b: Flutter Mane\n|-resisted|p1b: Flutter Mane\n|-damage|p1b: Flutter Mane|95\/100\n|\n|t:|1697466327\n|switch|p2b: Chien-Pao|Chien-Pao|100\/100|[from] U-turn\n|-ability|p2b: Chien-Pao|Sword of Ruin\n|cant|p2a: Ninetales|slp\n|\n|-weather|SunnyDay|[upkeep]\n|upkeep\n|turn|12\n|\n|t:|1697466341\n|switch|p2a: Goodra|Goodra-Hisui, M|100\/100\n|move|p2b: Chien-Pao|Sucker Punch|p1b: Flutter Mane\n|-damage|p1b: Flutter Mane|28\/100\n|move|p1b: Flutter Mane|Moonblast|p2b: Chien-Pao\n|-supereffective|p2b: Chien-Pao\n|-damage|p2b: Chien-Pao|12\/100\n|move|p1a: Torkoal|Heat Wave|p2b: Chien-Pao|[spread] p2a,p2b\n|-supereffective|p2b: Chien-Pao\n|-damage|p2a: Goodra|81\/100\n|-damage|p2b: Chien-Pao|0 fnt\n|faint|p2b: Chien-Pao\n|\n|-weather|SunnyDay|[upkeep]\n|upkeep\n|\n|t:|1697466357\n|switch|p2b: Maushold|Maushold-Four, shiny|34\/100\n|turn|13\n|\n|t:|1697466374\n|move|p1b: Flutter Mane|Dazzling Gleam|p2a: Goodra|[spread] p2a,p2b\n|-damage|p2a: Goodra|72\/100\n|-damage|p2b: Maushold|7\/100\n|move|p2b: Maushold|Population Bomb|p1b: Flutter Mane\n|-immune|p1b: Flutter Mane\n|move|p2a: Goodra|Muddy Water|p1a: Torkoal|[spread] p1a,p1b\n|-supereffective|p1a: Torkoal\n|-damage|p1a: Torkoal|20\/100\n|-damage|p1b: Flutter Mane|18\/100\n|move|p1a: Torkoal|Heat Wave|p2a: Goodra|[spread] p2a,p2b\n|-damage|p2a: Goodra|58\/100\n|-damage|p2b: Maushold|0 fnt\n|-status|p2a: Goodra|brn\n|faint|p2b: Maushold\n|\n|-weather|SunnyDay|[upkeep]\n|-damage|p2a: Goodra|52\/100 brn|[from] brn\n|-sideend|p2: Zay52k|Reflect\n|upkeep\n|\n|t:|1697466385\n|switch|p2b: Ninetales|Ninetales-Alola, F, shiny|100\/100 slp\n|-weather|Snow|[from] ability: Snow Warning|[of] p2b: Ninetales\n|turn|14\n|\n|t:|1697466406\n|-terastallize|p2b: Ninetales|Fire\n|move|p1b: Flutter Mane|Shadow Ball|p2b: Ninetales\n|-damage|p2b: Ninetales|70\/100 slp\n|-curestatus|p2b: Ninetales|slp|[msg]\n|move|p2b: Ninetales|Blizzard|p1b: Flutter Mane|[spread] p1a,p1b\n|-resisted|p1a: Torkoal\n|-damage|p1a: Torkoal|1\/100\n|-damage|p1b: Flutter Mane|0 fnt\n|-status|p1a: Torkoal|frz\n|faint|p1b: Flutter Mane\n|-end|p1b: Flutter Mane|Protosynthesis|[silent]\n|move|p2a: Goodra|Muddy Water|p1a: Torkoal\n|-supereffective|p1a: Torkoal\n|-damage|p1a: Torkoal|0 fnt\n|faint|p1a: Torkoal\n|\n|-weather|Snow|[upkeep]\n|-damage|p2a: Goodra|46\/100 brn|[from] brn\n|-sideend|p2: Zay52k|move: Light Screen\n|upkeep\n|\n|t:|1697466416\n|switch|p1b: Landorus|Landorus-Therian, M|7\/100\n|switch|p1a: Amoonguss|Amoonguss, M|96\/100\n|-ability|p1b: Landorus|Intimidate|boost\n|-unboost|p2a: Goodra|atk|1\n|-unboost|p2b: Ninetales|atk|1\n|turn|15\n|\n|t:|1697466427\n|move|p2b: Ninetales|Blizzard|p1a: Amoonguss|[spread] p1a,p1b\n|-supereffective|p1a: Amoonguss\n|-supereffective|p1b: Landorus\n|-damage|p1a: Amoonguss|47\/100\n|-damage|p1b: Landorus|0 fnt\n|faint|p1b: Landorus\n|move|p2a: Goodra|Muddy Water|p1a: Amoonguss|[miss]\n|-miss|p2a: Goodra|p1a: Amoonguss\n|move|p1a: Amoonguss|Spore|p2b: Ninetales\n|-status|p2b: Ninetales|slp|[from] move: Spore\n|\n|-weather|Snow|[upkeep]\n|-damage|p2a: Goodra|40\/100 brn|[from] brn\n|upkeep\n|\n|t:|1697466436\n|switch|p1b: Walking Wake|Walking Wake|36\/100\n|turn|16\n|\n|t:|1697466452\n|cant|p2b: Ninetales|slp\n|move|p1b: Walking Wake|Flamethrower|p2a: Goodra\n|-damage|p2a: Goodra|16\/100 brn\n|-damage|p1b: Walking Wake|26\/100|[from] item: Life Orb\n|move|p2a: Goodra|Thunderbolt|p1b: Walking Wake\n|-damage|p1b: Walking Wake|0 fnt\n|faint|p1b: Walking Wake\n|-end|p1b: Walking Wake|Protosynthesis|[silent]\n|move|p1a: Amoonguss|Pollen Puff|p1: Walking Wake|[notarget]\n|-fail|p1a: Amoonguss\n|\n|-weather|Snow|[upkeep]\n|-damage|p2a: Goodra|10\/100 brn|[from] brn\n|upkeep\n|turn|17\n|c|\u2606Zay52k|yooo yur tough\n|-message|MarteAmpies forfeited.\n|\n|win|Zay52k\n|raw|MarteAmpies's rating: 1081 &rarr; <strong>1064<\/strong><br \/>(-17 for losing)\n|raw|Zay52k's rating: 1157 &rarr; <strong>1177<\/strong><br \/>(+20 for winning)\n|l|\u2606MarteAmpies\n","uploadtime":1697468195,"views":19,"p1id":"marteampies","p2id":"zay52k","formatid":"gen9doublesou","rating":1064,"private":0,"password":""}