{"id":"gen9doublesou-1977223713","p1":"lapisvgc","p2":"Fiddlw","format":"[Gen 9] Doubles OU","log":"|j|\u2606lapisvgc\n|j|\u2606Fiddlw\n|inactive|Battle timer is ON: inactive players will automatically lose when time's up.\n|t:|1698389467\n|gametype|doubles\n|player|p1|lapisvgc|waiter-gen4dp|\n|player|p2|Fiddlw|ash|\n|teamsize|p1|6\n|teamsize|p2|6\n|gen|9\n|tier|[Gen 9] Doubles OU\n|rated|Tournament battle\n|rule|Species Clause: Limit one of each Pok\u00e9mon\n|rule|OHKO Clause: OHKO moves are banned\n|rule|Evasion Moves Clause: Evasion moves are banned\n|rule|Gravity Sleep Clause: The combination of sleep-inducing moves with imperfect accuracy and Gravity or Gigantamax Orbeetle are banned\n|rule|Endless Battle Clause: Forcing endless battles is banned\n|rule|HP Percentage Mod: HP is shown in percentages\n|clearpoke\n|poke|p1|Glalie, F|\n|poke|p1|Sandslash-Alola, M|\n|poke|p1|Dratini, F|\n|poke|p1|Mightyena, M|\n|poke|p1|Palossand, F|\n|poke|p1|Drakloak, F|\n|poke|p2|Houndoom, F|\n|poke|p2|Mudsdale, F|\n|poke|p2|Dipplin, M|\n|poke|p2|Whiscash, F|\n|poke|p2|Dudunsparce-*, M|\n|poke|p2|Toxtricity, M|\n|teampreview\n|j|*Lady Monita \u263d\n|inactive|lapisvgc also wants the timer to be on.\n|inactive|Fiddlw also wants the timer to be on.\n|c|\u2606Fiddlw|glhf\n|j| BigSilverBilver\n|c|\u2606Fiddlw|lol i had to forfeit the other tour\n|c|\u2606lapisvgc|glhf\n|c|\u2606lapisvgc|all good\n|\n|t:|1698389491\n|start\n|switch|p1a: Sandslash|Sandslash-Alola, M|100\/100\n|switch|p1b: Glalie|Glalie, F|100\/100\n|switch|p2a: Dudunsparce|Dudunsparce, M|100\/100\n|switch|p2b: Houndoom|Houndoom, F|100\/100\n|-ability|p2b: Houndoom|Unnerve\n|turn|1\n|\n|t:|1698389515\n|-terastallize|p1b: Glalie|Dragon\n|move|p2b: Houndoom|Heat Wave|p1b: Glalie|[spread] p1a,p1b\n|-supereffective|p1a: Sandslash\n|-resisted|p1b: Glalie\n|-damage|p1a: Sandslash|0 fnt\n|-damage|p1b: Glalie|78\/100\n|faint|p1a: Sandslash\n|move|p1b: Glalie|Substitute|p1b: Glalie\n|-start|p1b: Glalie|Substitute\n|-damage|p1b: Glalie|53\/100\n|move|p2a: Dudunsparce|Calm Mind|p2a: Dudunsparce\n|-boost|p2a: Dudunsparce|spa|1\n|-boost|p2a: Dudunsparce|spd|1\n|\n|-heal|p1b: Glalie|59\/100|[from] item: Leftovers\n|-ability|p1b: Glalie|Moody|boost\n|-boost|p1b: Glalie|spa|2\n|-unboost|p1b: Glalie|spe|1\n|upkeep\n|\n|t:|1698389531\n|switch|p1a: Mightyena|Mightyena, M|100\/100\n|turn|2\n|c|\u2606lapisvgc|OMG DUDE I READIED UP B4 I SASHED\n|c|\u2606lapisvgc|BRUH\n|\n|t:|1698389560\n|move|p2b: Houndoom|Protect|p2b: Houndoom\n|-singleturn|p2b: Houndoom|Protect\n|move|p1a: Mightyena|Ice Fang|p2a: Dudunsparce\n|-damage|p2a: Dudunsparce|78\/100\n|-damage|p1a: Mightyena|91\/100|[from] item: Life Orb\n|move|p1b: Glalie|Blizzard|p2a: Dudunsparce|[spread] p2a\n|-activate|p2b: Houndoom|move: Protect\n|-damage|p2a: Dudunsparce|39\/100\n|cant|p2a: Dudunsparce|flinch\n|\n|-heal|p1b: Glalie|65\/100|[from] item: Leftovers\n|-heal|p2a: Dudunsparce|45\/100|[from] item: Leftovers\n|-ability|p1b: Glalie|Moody|boost\n|-boost|p1b: Glalie|spe|2\n|-unboost|p1b: Glalie|spd|1\n|upkeep\n|turn|3\n|c|\u2606Fiddlw|nuuu\n|\n|t:|1698389590\n|move|p1b: Glalie|Protect|p1b: Glalie\n|-singleturn|p1b: Glalie|Protect\n|move|p2b: Houndoom|Heat Wave|p1b: Glalie|[spread] p1a\n|-activate|p1b: Glalie|move: Protect\n|-damage|p1a: Mightyena|28\/100\n|move|p1a: Mightyena|Ice Fang|p2a: Dudunsparce\n|-damage|p2a: Dudunsparce|21\/100\n|-damage|p1a: Mightyena|18\/100|[from] item: Life Orb\n|move|p2a: Dudunsparce|Boomburst|p1b: Glalie|[spread] p2b,p1a\n|-activate|p1b: Glalie|move: Protect\n|-damage|p2b: Houndoom|12\/100\n|-damage|p1a: Mightyena|0 fnt\n|faint|p1a: Mightyena\n|\n|-heal|p1b: Glalie|71\/100|[from] item: Leftovers\n|-heal|p2a: Dudunsparce|27\/100|[from] item: Leftovers\n|-ability|p1b: Glalie|Moody|boost\n|-boost|p1b: Glalie|spd|2\n|-unboost|p1b: Glalie|def|1\n|upkeep\n|j| Hiusi guy %\u25d5\u203f\u203f\u25d5%@!\n|\n|t:|1698389600\n|switch|p1a: Dratini|Dratini, F|100\/100\n|turn|4\n|\n|t:|1698389607\n|move|p2b: Houndoom|Protect|p2b: Houndoom\n|-singleturn|p2b: Houndoom|Protect\n|move|p1b: Glalie|Blizzard|p2a: Dudunsparce|[spread] p2a\n|-activate|p2b: Houndoom|move: Protect\n|-damage|p2a: Dudunsparce|0 fnt\n|faint|p2a: Dudunsparce\n|move|p1a: Dratini|Blizzard|p2b: Houndoom\n|-activate|p2b: Houndoom|move: Protect\n|\n|-heal|p1b: Glalie|77\/100|[from] item: Leftovers\n|-ability|p1b: Glalie|Moody|boost\n|-boost|p1b: Glalie|spe|2\n|-unboost|p1b: Glalie|atk|1\n|upkeep\n|c|\u2606Fiddlw|yikes\n|c|\u2606lapisvgc|do i just win\n|inactive|Fiddlw has 120 seconds left.\n|\n|t:|1698389637\n|switch|p2a: Whiscash|Whiscash, F|100\/100\n|turn|5\n|l| Hiusi guy %\u25d5\u203f\u203f\u25d5%\n|inactive|Fiddlw has 120 seconds left.\n|\n|t:|1698389685\n|-terastallize|p2a: Whiscash|Water\n|move|p1b: Glalie|Blizzard|p2a: Whiscash|[spread] p2a,p2b\n|-resisted|p2a: Whiscash\n|-resisted|p2b: Houndoom\n|-damage|p2a: Whiscash|74\/100\n|-damage|p2b: Houndoom|0 fnt\n|faint|p2b: Houndoom\n|move|p2a: Whiscash|Earthquake|p1b: Glalie|[spread] p1a,p1b\n|-end|p1b: Glalie|Substitute\n|-damage|p1a: Dratini|41\/100\n|move|p1a: Dratini|Blizzard|p2a: Whiscash\n|-resisted|p2a: Whiscash\n|-damage|p2a: Whiscash|65\/100\n|\n|-heal|p1b: Glalie|83\/100|[from] item: Leftovers\n|-ability|p1b: Glalie|Moody|boost\n|-boost|p1b: Glalie|spa|2\n|-unboost|p1b: Glalie|spd|1\n|upkeep\n|inactive|Fiddlw has 90 seconds left.\n|\n|t:|1698389708\n|switch|p2b: Mudsdale|Mudsdale, F|100\/100\n|turn|6\n|\n|t:|1698389717\n|move|p1b: Glalie|Hex|p2a: Whiscash\n|-damage|p2a: Whiscash|25\/100\n|move|p2a: Whiscash|Earthquake|p1a: Dratini|[spread] p2b,p1a,p1b\n|-damage|p2b: Mudsdale|75\/100\n|-damage|p1a: Dratini|0 fnt\n|-damage|p1b: Glalie|24\/100\n|-ability|p2b: Mudsdale|Stamina|boost\n|-boost|p2b: Mudsdale|def|1\n|faint|p1a: Dratini\n|move|p2b: Mudsdale|Rock Slide|p1b: Glalie\n|-damage|p1b: Glalie|0 fnt\n|faint|p1b: Glalie\n|\n|-heal|p2b: Mudsdale|81\/100|[from] item: Leftovers\n|upkeep\n|\n|t:|1698389726\n|switch|p1b: Palossand|Palossand, F|100\/100\n|switch|p1a: Drakloak|Drakloak, F|100\/100\n|turn|7\n|c|\u2606lapisvgc|oh shit\n|\n|t:|1698389739\n|move|p1a: Drakloak|Hydro Pump|p2b: Mudsdale\n|-supereffective|p2b: Mudsdale\n|-damage|p2b: Mudsdale|14\/100\n|-ability|p2b: Mudsdale|Stamina|boost\n|-boost|p2b: Mudsdale|def|1\n|move|p2a: Whiscash|Earthquake|p1b: Palossand|[spread] p2b,p1a,p1b\n|-damage|p2b: Mudsdale|2\/100\n|-damage|p1a: Drakloak|41\/100\n|-damage|p1b: Palossand|83\/100\n|-ability|p2b: Mudsdale|Stamina|boost\n|-boost|p2b: Mudsdale|def|1\n|move|p1b: Palossand|Shadow Ball|p2a: Whiscash\n|-damage|p2a: Whiscash|2\/100\n|move|p2b: Mudsdale|Rock Slide|p1a: Drakloak|[spread] p1a,p1b\n|-resisted|p1b: Palossand\n|-damage|p1a: Drakloak|0 fnt\n|-damage|p1b: Palossand|77\/100\n|faint|p1a: Drakloak\n|\n|-heal|p2b: Mudsdale|8\/100|[from] item: Leftovers\n|upkeep\n|turn|8\n|c|\u2606Fiddlw|hehe\n|\n|t:|1698389763\n|move|p2b: Mudsdale|Protect|p2b: Mudsdale\n|-singleturn|p2b: Mudsdale|Protect\n|move|p2a: Whiscash|Earthquake|p1b: Palossand|[spread] p1b\n|-activate|p2b: Mudsdale|move: Protect\n|-damage|p1b: Palossand|60\/100\n|move|p1b: Palossand|Shadow Ball|p2b: Mudsdale\n|-activate|p2b: Mudsdale|move: Protect\n|\n|-heal|p2b: Mudsdale|15\/100|[from] item: Leftovers\n|upkeep\n|turn|9\n|\n|t:|1698389776\n|move|p2a: Whiscash|Rock Slide|p1b: Palossand\n|-resisted|p1b: Palossand\n|-damage|p1b: Palossand|55\/100\n|move|p1b: Palossand|Shadow Ball|p2b: Mudsdale\n|-damage|p2b: Mudsdale|0 fnt\n|faint|p2b: Mudsdale\n|\n|upkeep\n|\n|t:|1698389780\n|switch|p2b: Dipplin|Dipplin, M|100\/100\n|-ability|p2b: Dipplin|Supersweet Syrup\n|-ability|p2b: Dipplin|Supersweet Syrup|boost\n|-unboost|p1b: Palossand|evasion|1\n|turn|10\n|\n|t:|1698389793\n|move|p2a: Whiscash|Rock Slide|p1b: Palossand\n|-resisted|p1b: Palossand\n|-damage|p1b: Palossand|49\/100\n|move|p2b: Dipplin|Grass Knot|p1b: Palossand\n|-supereffective|p1b: Palossand\n|-damage|p1b: Palossand|0 fnt\n|-damage|p2b: Dipplin|84\/100|[from] item: Rocky Helmet|[of] p1b: Palossand\n|faint|p1b: Palossand\n|\n|win|Fiddlw\n|n|\u2606lapisvgc|lapisvgc\n|n|\u2606Fiddlw|fiddlw\n|n|*Lady Monita \u263d|ladymonita\n|n| BigSilverBilver|bigsilverbilver\n","uploadtime":1698389794,"views":21,"p1id":"lapisvgc","p2id":"fiddlw","formatid":"gen9doublesou","rating":0,"private":0,"password":""}