{"id":"gen9doublesou-1988389316","p1":"hybone","p2":"Enzonana","format":"[Gen 9] Doubles OU","log":"|j|\u2606hybone\n|j|\u2606Enzonana\n|t:|1699717438\n|gametype|doubles\n|player|p1|hybone|cyclistf-gen4|\n|player|p2|Enzonana|#scl2dynamos|\n|teamsize|p1|6\n|teamsize|p2|6\n|gen|9\n|tier|[Gen 9] Doubles OU\n|rule|Species Clause: Limit one of each Pok\u00e9mon\n|rule|OHKO Clause: OHKO moves are banned\n|rule|Evasion Moves Clause: Evasion moves are banned\n|rule|Gravity Sleep Clause: The combination of sleep-inducing moves with imperfect accuracy and Gravity or Gigantamax Orbeetle are banned\n|rule|Endless Battle Clause: Forcing endless battles is banned\n|rule|HP Percentage Mod: HP is shown in percentages\n|clearpoke\n|poke|p1|Moltres-Galar|\n|poke|p1|Ninetales-Alola, F|\n|poke|p1|Iron Hands|\n|poke|p1|Sinistcha-Masterpiece|\n|poke|p1|Landorus-Therian, M|\n|poke|p1|Heatran, F|\n|poke|p2|Ogerpon-Cornerstone, F|\n|poke|p2|Sinistcha-Masterpiece|\n|poke|p2|Snorlax, F|\n|poke|p2|Clefairy, M|\n|poke|p2|Cetitan, F|\n|poke|p2|Ninetales-Alola, M|\n|teampreview\n|inactive|Battle timer is ON: inactive players will automatically lose when time's up. (requested by Enzonana)\n|c|\u2606Enzonana|have fun\n|inactive|Enzonana has 270 seconds left.\n|c|\u2606Enzonana|do publicroom if its possible :saluting_face:\n|j| tianlengmeihou\n|j|+edgar\n|c|\u2606Enzonana|\/\/publicroom\n|c|\u2606hybone|\/log hybone made this room public.\n|c|\u2606Enzonana|ty\n|c|\u2606hybone|hf\n|inactive|Enzonana has 240 seconds left.\n|j| enzobanca\n|\n|t:|1699717523\n|start\n|switch|p1a: Heatran|Heatran, F|100\/100\n|switch|p1b: Iron Hands|Iron Hands|100\/100\n|switch|p2a: Ogerpon|Ogerpon-Cornerstone, F|100\/100\n|switch|p2b: Ninetales|Ninetales-Alola, M|100\/100\n|-weather|Snow|[from] ability: Snow Warning|[of] p2b: Ninetales\n|turn|1\n|j| SeraphZ\u2605\n|\n|t:|1699717550\n|move|p2b: Ninetales|Protect|p2b: Ninetales\n|-singleturn|p2b: Ninetales|Protect\n|move|p1b: Iron Hands|Fake Out|p2b: Ninetales\n|-activate|p2b: Ninetales|move: Protect\n|move|p2a: Ogerpon|Encore|p1b: Iron Hands\n|-start|p1b: Iron Hands|Encore\n|move|p1a: Heatran|Heat Wave|p2a: Ogerpon|[spread] p2a\n|-activate|p2b: Ninetales|move: Protect\n|-damage|p2a: Ogerpon|60\/100\n|\n|-weather|Snow|[upkeep]\n|upkeep\n|turn|2\n|n| enzobanca|enzobanca\n|\n|t:|1699717567\n|-end|p1b: Iron Hands|Quark Drive|[silent]\n|switch|p1b: Ninetales|Ninetales-Alola, F|100\/100\n|move|p2a: Ogerpon|Ivy Cudgel|p1a: Heatran\n|-damage|p1a: Heatran|47\/100\n|move|p2b: Ninetales|Aurora Veil|p2b: Ninetales\n|-sidestart|p2: Enzonana|move: Aurora Veil\n|move|p1a: Heatran|Heat Wave|p2a: Ogerpon|[spread] p2a,p2b\n|-supereffective|p2b: Ninetales\n|-damage|p2a: Ogerpon|31\/100\n|-damage|p2b: Ninetales|47\/100\n|\n|-weather|Snow|[upkeep]\n|-heal|p1a: Heatran|53\/100|[from] item: Leftovers\n|upkeep\n|turn|3\n|\n|t:|1699717584\n|move|p2a: Ogerpon|Ivy Cudgel|p1a: Heatran\n|-damage|p1a: Heatran|0 fnt\n|faint|p1a: Heatran\n|move|p1b: Ninetales|Aurora Veil|p1b: Ninetales\n|-sidestart|p1: hybone|move: Aurora Veil\n|move|p2b: Ninetales|Blizzard|p1b: Ninetales\n|-resisted|p1b: Ninetales\n|-damage|p1b: Ninetales|88\/100\n|\n|-weather|Snow|[upkeep]\n|upkeep\n|\n|t:|1699717595\n|switch|p1a: Iron Hands|Iron Hands|100\/100\n|turn|4\n|j| Iceberg77\n|j| latiasmipha\n|\n|t:|1699717620\n|move|p2b: Ninetales|Protect|p2b: Ninetales\n|-singleturn|p2b: Ninetales|Protect\n|move|p2a: Ogerpon|U-turn|p1a: Iron Hands\n|-resisted|p1a: Iron Hands\n|-damage|p1a: Iron Hands|94\/100\n|\n|t:|1699717623\n|switch|p2a: Sinistcha|Sinistcha-Masterpiece|100\/100|[from] U-turn\n|-heal|p2b: Ninetales|72\/100|[from] ability: Hospitality|[of] p2a: Sinistcha\n|move|p1b: Ninetales|Blizzard|p2b: Ninetales|[spread] p2a\n|-activate|p2b: Ninetales|move: Protect\n|-supereffective|p2a: Sinistcha\n|-damage|p2a: Sinistcha|71\/100\n|move|p1a: Iron Hands|Heavy Slam|p2b: Ninetales\n|-activate|p2b: Ninetales|move: Protect\n|\n|-weather|Snow|[upkeep]\n|upkeep\n|turn|5\n|j| FEIrisfans\n|j| Papiloco\n|l| tianlengmeihou\n|l| enzobanca\n|inactive|Enzonana has 270 seconds left.\n|inactive|Enzonana has 240 seconds left.\n|inactive|Enzonana has 210 seconds left.\n|j| Fakee\n|inactive|Enzonana has 180 seconds left.\n|inactive|Enzonana has 150 seconds left.\n|\n|t:|1699717784\n|switch|p2b: Ogerpon|Ogerpon-Cornerstone, F|31\/100\n|switch|p2a: Cetitan|Cetitan, F|100\/100\n|move|p1b: Ninetales|Blizzard|p2b: Ogerpon|[spread] p2a,p2b\n|-resisted|p2a: Cetitan\n|-supereffective|p2b: Ogerpon\n|-damage|p2a: Cetitan|92\/100\n|-damage|p2b: Ogerpon|0 fnt\n|faint|p2b: Ogerpon\n|move|p1a: Iron Hands|Heavy Slam|p2a: Cetitan\n|-supereffective|p2a: Cetitan\n|-damage|p2a: Cetitan|78\/100\n|\n|-weather|none\n|upkeep\n|c| Fakee|cuales somos?\n|c| Fakee|veo dos enzonanas\n|inactive|Enzonana has 120 seconds left.\n|\n|t:|1699717814\n|switch|p2b: Sinistcha|Sinistcha-Masterpiece|71\/100\n|-heal|p2a: Cetitan|100\/100|[from] ability: Hospitality|[of] p2b: Sinistcha\n|turn|6\n|\n|t:|1699717832\n|move|p2b: Sinistcha|Rage Powder|p2b: Sinistcha\n|-singleturn|p2b: Sinistcha|move: Rage Powder\n|move|p1b: Ninetales|Blizzard|p2b: Sinistcha|[spread] p2b\n|-miss|p1b: Ninetales|p2a: Cetitan\n|-supereffective|p2b: Sinistcha\n|-damage|p2b: Sinistcha|39\/100\n|-enditem|p2b: Sinistcha|Sitrus Berry|[eat]\n|-heal|p2b: Sinistcha|64\/100|[from] item: Sitrus Berry\n|move|p2a: Cetitan|Belly Drum|p2a: Cetitan\n|-damage|p2a: Cetitan|50\/100\n|-setboost|p2a: Cetitan|atk|6|[from] move: Belly Drum\n|-enditem|p2a: Cetitan|Sitrus Berry|[eat]\n|-heal|p2a: Cetitan|75\/100|[from] item: Sitrus Berry\n|move|p1a: Iron Hands|Drain Punch|p2b: Sinistcha\n|-immune|p2b: Sinistcha\n|\n|upkeep\n|turn|7\n|inactive|Enzonana has 150 seconds left.\n|inactive|Enzonana has 120 seconds left.\n|c| Fakee|que cojonesssssssssssssssssssss\n|inactive|Enzonana has 90 seconds left.\n|l|\u2606Enzonana\n|inactive|Enzonana disconnected and has 300 seconds to reconnect!\n|player|p2|\n|j|\u2606Enzonana\n|inactive|Enzonana reconnected and has 85 seconds left.\n|player|p2|Enzonana|#scl2dynamos\n|c| Fakee|tactical dc\n|\n|t:|1699717926\n|-end|p1a: Iron Hands|Quark Drive|[silent]\n|switch|p1a: Landorus|Landorus-Therian, M|100\/100\n|-ability|p1a: Landorus|Intimidate|boost\n|-unboost|p2a: Cetitan|atk|1\n|-unboost|p2b: Sinistcha|atk|1\n|move|p2b: Sinistcha|Rage Powder|p2b: Sinistcha\n|-singleturn|p2b: Sinistcha|move: Rage Powder\n|move|p1b: Ninetales|Encore|p2b: Sinistcha\n|-start|p2b: Sinistcha|Encore\n|move|p2a: Cetitan|Liquidation|p1b: Ninetales\n|-damage|p1b: Ninetales|20\/100\n|\n|upkeep\n|turn|8\n|inactive|Enzonana has 90 seconds left.\n|\n|t:|1699717950\n|switch|p2b: Ninetales|Ninetales-Alola, M|72\/100\n|-weather|Snow|[from] ability: Snow Warning|[of] p2b: Ninetales\n|move|p2a: Cetitan|Liquidation|p1b: Ninetales\n|-damage|p1b: Ninetales|0 fnt\n|faint|p1b: Ninetales\n|move|p1a: Landorus|Rock Slide|p2b: Ninetales|[spread] p2a,p2b\n|-supereffective|p2a: Cetitan\n|-supereffective|p2b: Ninetales\n|-damage|p2a: Cetitan|58\/100\n|-damage|p2b: Ninetales|44\/100\n|\n|-weather|Snow|[upkeep]\n|upkeep\n|\n|t:|1699717963\n|switch|p1b: Iron Hands|Iron Hands|94\/100\n|turn|9\n|j| Food_Steamer\n|\n|t:|1699717971\n|switch|p2b: Sinistcha|Sinistcha-Masterpiece|64\/100\n|-heal|p2a: Cetitan|83\/100|[from] ability: Hospitality|[of] p2b: Sinistcha\n|move|p2a: Cetitan|Protect|p2a: Cetitan\n|-singleturn|p2a: Cetitan|Protect\n|move|p1b: Iron Hands|Fake Out|p2a: Cetitan\n|-activate|p2a: Cetitan|move: Protect\n|move|p1a: Landorus|Rock Slide|p2b: Sinistcha|[spread] p2b\n|-activate|p2a: Cetitan|move: Protect\n|-damage|p2b: Sinistcha|51\/100\n|\n|-weather|Snow|[upkeep]\n|-sideend|p2: Enzonana|move: Aurora Veil\n|upkeep\n|turn|10\n|inactive|Enzonana has 120 seconds left.\n|\n|t:|1699717989\n|move|p2b: Sinistcha|Rage Powder|p2b: Sinistcha\n|-singleturn|p2b: Sinistcha|move: Rage Powder\n|move|p2a: Cetitan|Ice Spinner|p1a: Landorus\n|-supereffective|p1a: Landorus\n|-damage|p1a: Landorus|0 fnt\n|faint|p1a: Landorus\n|move|p1b: Iron Hands|Heavy Slam|p2b: Sinistcha\n|-damage|p2b: Sinistcha|9\/100\n|\n|-weather|Snow|[upkeep]\n|-sideend|p1: hybone|move: Aurora Veil\n|upkeep\n|j| SingleThunder\n|inactive|hybone has 270 seconds left.\n|\n|t:|1699718014\n|switch|p1a: Sinistcha|Sinistcha-Masterpiece|100\/100\n|-heal|p1b: Iron Hands|100\/100|[from] ability: Hospitality|[of] p1a: Sinistcha\n|turn|11\n|j|+Mizuhime\n|\n|t:|1699718025\n|switch|p2b: Clefairy|Clefairy, M|100\/100\n|-terastallize|p1a: Sinistcha|Fire\n|move|p2a: Cetitan|Ice Spinner|p1a: Sinistcha\n|-resisted|p1a: Sinistcha\n|-damage|p1a: Sinistcha|62\/100\n|move|p1b: Iron Hands|Heavy Slam|p2b: Clefairy\n|-supereffective|p2b: Clefairy\n|-damage|p2b: Clefairy|0 fnt\n|faint|p2b: Clefairy\n|move|p1a: Sinistcha|Trick Room|p1a: Sinistcha\n|-fieldstart|move: Trick Room|[of] p1a: Sinistcha\n|\n|-weather|Snow|[upkeep]\n|upkeep\n|inactive|Enzonana has 120 seconds left.\n|\n|t:|1699718072\n|switch|p2b: Snorlax|Snorlax, F|100\/100\n|turn|12\n|inactive|Enzonana has 120 seconds left.\n|l| Food_Steamer\n|inactive|Enzonana has 90 seconds left.\n|inactive|hybone has 270 seconds left.\n|inactive|Enzonana has 60 seconds left.\n|\n|t:|1699718158\n|move|p2b: Snorlax|Belly Drum|p2b: Snorlax\n|-damage|p2b: Snorlax|50\/100\n|-setboost|p2b: Snorlax|atk|6|[from] move: Belly Drum\n|-enditem|p2b: Snorlax|Sitrus Berry|[eat]\n|-heal|p2b: Snorlax|75\/100|[from] item: Sitrus Berry\n|move|p1b: Iron Hands|Drain Punch|p2b: Snorlax\n|-supereffective|p2b: Snorlax\n|-damage|p2b: Snorlax|14\/100\n|move|p1a: Sinistcha|Matcha Gotcha|p2b: Snorlax|[spread] p2a\n|-miss|p1a: Sinistcha|p2b: Snorlax\n|-damage|p2a: Cetitan|55\/100\n|-heal|p1a: Sinistcha|83\/100|[from] drain|[of] p2a: Cetitan\n|move|p2a: Cetitan|Liquidation|p1a: Sinistcha\n|-supereffective|p1a: Sinistcha\n|-damage|p1a: Sinistcha|0 fnt\n|faint|p1a: Sinistcha\n|\n|-weather|none\n|upkeep\n|inactive|hybone has 270 seconds left.\n|c|\u2606Enzonana|ups\n|c|\u2606Enzonana|my bad\n|\n|t:|1699718178\n|switch|p1a: Moltres|Moltres-Galar|100\/100\n|turn|13\n|inactive|hybone has 270 seconds left.\n|inactive|Enzonana has 60 seconds left.\n|inactive|Enzonana has 30 seconds left.\n|c| Fakee|xd\n|\n|t:|1699718225\n|-terastallize|p2b: Snorlax|Normal\n|move|p2b: Snorlax|Body Slam|p1b: Iron Hands\n|-damage|p1b: Iron Hands|0 fnt\n|faint|p1b: Iron Hands\n|-end|p1b: Iron Hands|Quark Drive|[silent]\n|move|p1a: Moltres|Fiery Wrath|p2b: Snorlax|[spread] p2a,p2b\n|-damage|p2a: Cetitan|27\/100\n|-damage|p2b: Snorlax|0 fnt\n|faint|p2b: Snorlax\n|move|p2a: Cetitan|Ice Spinner|p1a: Moltres\n|-supereffective|p1a: Moltres\n|-damage|p1a: Moltres|0 fnt\n|faint|p1a: Moltres\n|\n|win|Enzonana\n|inactive|Enzonana has 30 seconds left this turn.\n|c|\u2606Enzonana|gg\n|l| Fakee\n|l| latiasmipha\n|l| Papiloco\n|c|\u2606hybone|gg\n|l| FEIrisfans\n|j| Nido-Rus\n|j| Schister\n|l| SingleThunder\n|j| Mamiloca\n|l|\u2606hybone\n","uploadtime":1699718246,"views":116,"p1id":"hybone","p2id":"enzonana","formatid":"gen9doublesou","rating":0,"private":0,"password":""}