{"id":"gen9doublesou-1997112263","p1":"FeralCalmness","p2":"SomePkmnGuy","format":"[Gen 9] Doubles OU","log":"|j|\u2606FeralCalmness\n|j|\u2606SomePkmnGuy\n|t:|1700765722\n|gametype|doubles\n|player|p1|FeralCalmness|169|1086\n|player|p2|SomePkmnGuy|steven|1152\n|teamsize|p1|6\n|teamsize|p2|6\n|gen|9\n|tier|[Gen 9] Doubles OU\n|rated|\n|rule|Species Clause: Limit one of each Pok\u00e9mon\n|rule|OHKO Clause: OHKO moves are banned\n|rule|Evasion Moves Clause: Evasion moves are banned\n|rule|Gravity Sleep Clause: The combination of sleep-inducing moves with imperfect accuracy and Gravity or Gigantamax Orbeetle are banned\n|rule|Endless Battle Clause: Forcing endless battles is banned\n|rule|HP Percentage Mod: HP is shown in percentages\n|clearpoke\n|poke|p1|Tyranitar, M|\n|poke|p1|Gastrodon, F|\n|poke|p1|Garganacl, M|\n|poke|p1|Gliscor, F|\n|poke|p1|Bronzong|\n|poke|p1|Garchomp, M|\n|poke|p2|Poliwrath, M|\n|poke|p2|Ogerpon-Wellspring, F|\n|poke|p2|Tornadus, M|\n|poke|p2|Arcanine-Hisui, F|\n|poke|p2|Flutter Mane|\n|poke|p2|Rillaboom, F|\n|teampreview\n|\n|t:|1700765742\n|start\n|switch|p1a: Tyranitar|Tyranitar, M|100\/100\n|switch|p1b: Gastrodon|Gastrodon, F|100\/100\n|switch|p2a: Poliwrath|Poliwrath, M, shiny|100\/100\n|switch|p2b: Tornadus|Tornadus, M, shiny|100\/100\n|-weather|Sandstorm|[from] ability: Sand Stream|[of] p1a: Tyranitar\n|turn|1\n|\n|t:|1700765756\n|move|p2b: Tornadus|Rain Dance|p2b: Tornadus\n|-weather|RainDance\n|move|p2a: Poliwrath|Belly Drum|p2a: Poliwrath\n|-damage|p2a: Poliwrath|50\/100\n|-setboost|p2a: Poliwrath|atk|6|[from] move: Belly Drum\n|-enditem|p2a: Poliwrath|Sitrus Berry|[eat]\n|-heal|p2a: Poliwrath|75\/100|[from] item: Sitrus Berry\n|move|p1a: Tyranitar|Stealth Rock|p2b: Tornadus\n|-sidestart|p2: SomePkmnGuy|move: Stealth Rock\n|move|p1b: Gastrodon|Yawn|p2b: Tornadus\n|-start|p2b: Tornadus|move: Yawn|[of] p1b: Gastrodon\n|\n|-weather|RainDance|[upkeep]\n|upkeep\n|turn|2\n|\n|t:|1700765807\n|move|p2a: Poliwrath|Drain Punch|p1a: Tyranitar\n|-supereffective|p1a: Tyranitar\n|-damage|p1a: Tyranitar|0 fnt\n|-heal|p2a: Poliwrath|100\/100|[from] drain|[of] p1a: Tyranitar\n|faint|p1a: Tyranitar\n|move|p2b: Tornadus|Bleakwind Storm|p1b: Gastrodon\n|-damage|p1b: Gastrodon|57\/100\n|-unboost|p1b: Gastrodon|spe|1\n|move|p1b: Gastrodon|Ice Beam|p2b: Tornadus\n|-supereffective|p2b: Tornadus\n|-damage|p2b: Tornadus|45\/100\n|\n|-weather|RainDance|[upkeep]\n|-end|p2b: Tornadus|move: Yawn|[silent]\n|-status|p2b: Tornadus|slp\n|upkeep\n|\n|t:|1700765824\n|switch|p1a: Bronzong|Bronzong|100\/100\n|turn|3\n|\n|t:|1700765845\n|switch|p2b: Ogerpon|Ogerpon-Wellspring, F|100\/100\n|-damage|p2b: Ogerpon|88\/100|[from] Stealth Rock\n|move|p2a: Poliwrath|Drain Punch|p1b: Gastrodon\n|-damage|p1b: Gastrodon|0 fnt\n|faint|p1b: Gastrodon\n|move|p1a: Bronzong|Psychic|p2a: Poliwrath\n|-supereffective|p2a: Poliwrath\n|-damage|p2a: Poliwrath|30\/100\n|\n|-weather|RainDance|[upkeep]\n|upkeep\n|\n|t:|1700765864\n|switch|p1b: Garganacl|Garganacl, M|100\/100\n|turn|4\n|\n|t:|1700765888\n|move|p2a: Poliwrath|Baton Pass|p2a: Poliwrath\n|\n|t:|1700765893\n|switch|p2a: Rillaboom|Rillaboom, F, shiny|100\/100|[from] Baton Pass\n|-damage|p2a: Rillaboom|88\/100|[from] Stealth Rock\n|-fieldstart|move: Grassy Terrain|[from] ability: Grassy Surge|[of] p2a: Rillaboom\n|move|p2b: Ogerpon|Ivy Cudgel|p1b: Garganacl|[anim] Ivy Cudgel Water\n|-supereffective|p1b: Garganacl\n|-damage|p1b: Garganacl|14\/100\n|move|p1b: Garganacl|Sandstorm|p1b: Garganacl\n|-weather|Sandstorm\n|move|p1a: Bronzong|Psychic|p2a: Rillaboom\n|-damage|p2a: Rillaboom|52\/100\n|\n|-weather|Sandstorm|[upkeep]\n|-damage|p2a: Rillaboom|46\/100|[from] Sandstorm\n|-damage|p2b: Ogerpon|82\/100|[from] Sandstorm\n|-heal|p2a: Rillaboom|52\/100|[from] Grassy Terrain\n|-heal|p2b: Ogerpon|88\/100|[from] Grassy Terrain\n|-heal|p1b: Garganacl|20\/100|[from] Grassy Terrain\n|upkeep\n|turn|5\n|\n|t:|1700765962\n|move|p2a: Rillaboom|Wood Hammer|p1a: Bronzong\n|-resisted|p1a: Bronzong\n|-damage|p1a: Bronzong|0 fnt\n|faint|p1a: Bronzong\n|-damage|p2a: Rillaboom|19\/100|[from] Recoil\n|move|p2b: Ogerpon|Horn Leech|p1b: Garganacl\n|-supereffective|p1b: Garganacl\n|-damage|p1b: Garganacl|0 fnt\n|-heal|p2b: Ogerpon|99\/100|[from] drain|[of] p1b: Garganacl\n|faint|p1b: Garganacl\n|\n|-weather|Sandstorm|[upkeep]\n|-damage|p2a: Rillaboom|13\/100|[from] Sandstorm\n|-damage|p2b: Ogerpon|93\/100|[from] Sandstorm\n|-heal|p2a: Rillaboom|19\/100|[from] Grassy Terrain\n|-heal|p2b: Ogerpon|99\/100|[from] Grassy Terrain\n|upkeep\n|\n|t:|1700765977\n|switch|p1b: Garchomp|Garchomp, M|100\/100\n|switch|p1a: Gliscor|Gliscor, F|100\/100\n|turn|6\n|\n|t:|1700765995\n|-terastallize|p1b: Garchomp|Dragon\n|move|p2a: Rillaboom|Grassy Glide|p1b: Garchomp|[miss]\n|-miss|p2a: Rillaboom|p1b: Garchomp\n|move|p1b: Garchomp|Outrage|p2b: Ogerpon\n|-damage|p2b: Ogerpon|19\/100\n|move|p2b: Ogerpon|Ivy Cudgel|p1a: Gliscor|[anim] Ivy Cudgel Water\n|-supereffective|p1a: Gliscor\n|-damage|p1a: Gliscor|23\/100\n|move|p1a: Gliscor|Dual Wingbeat|p2b: Ogerpon\n|-supereffective|p2b: Ogerpon\n|-damage|p2b: Ogerpon|0 fnt\n|faint|p2b: Ogerpon\n|-hitcount|p2: Ogerpon|1\n|\n|-weather|Sandstorm|[upkeep]\n|-damage|p2a: Rillaboom|13\/100|[from] Sandstorm\n|-heal|p2a: Rillaboom|19\/100|[from] Grassy Terrain\n|-status|p1a: Gliscor|tox|[from] item: Toxic Orb\n|upkeep\n|\n|t:|1700766015\n|switch|p2b: Flutter Mane|Flutter Mane, shiny|100\/100\n|-damage|p2b: Flutter Mane|88\/100|[from] Stealth Rock\n|-enditem|p2b: Flutter Mane|Booster Energy\n|-activate|p2b: Flutter Mane|ability: Protosynthesis|[fromitem]\n|-start|p2b: Flutter Mane|protosynthesisspa\n|turn|7\n|\n|t:|1700766029\n|move|p2a: Rillaboom|Grassy Glide|p1a: Gliscor\n|-damage|p1a: Gliscor|0 fnt\n|faint|p1a: Gliscor\n|move|p2b: Flutter Mane|Moonblast|p1b: Garchomp\n|-supereffective|p1b: Garchomp\n|-damage|p1b: Garchomp|0 fnt\n|faint|p1b: Garchomp\n|\n|win|SomePkmnGuy\n|raw|FeralCalmness's rating: 1086 &rarr; <strong>1067<\/strong><br \/>(-19 for losing)\n|raw|SomePkmnGuy's rating: 1152 &rarr; <strong>1172<\/strong><br \/>(+20 for winning)\n|c|\u2606FeralCalmness|gg\n|l|\u2606FeralCalmness\n|c|\u2606SomePkmnGuy|gg\n","uploadtime":1700766071,"views":30,"p1id":"feralcalmness","p2id":"somepkmnguy","formatid":"gen9doublesou","rating":1067,"private":0,"password":""}