{"id":"gen9doublesou-1973987567","p1":"wingwingy55","p2":"skrt1234567890","format":"[Gen 9] Doubles OU","log":"|j|\u2606wingwingy55\n|j|\u2606skrt1234567890\n|t:|1698037303\n|gametype|doubles\n|player|p1|wingwingy55|preschooler|1145\n|player|p2|skrt1234567890|janitor|1232\n|teamsize|p1|6\n|teamsize|p2|6\n|gen|9\n|tier|[Gen 9] Doubles OU\n|rated|\n|rule|Species Clause: Limit one of each Pok\u00e9mon\n|rule|OHKO Clause: OHKO moves are banned\n|rule|Evasion Moves Clause: Evasion moves are banned\n|rule|Gravity Sleep Clause: The combination of sleep-inducing moves with imperfect accuracy and Gravity or Gigantamax Orbeetle are banned\n|rule|Endless Battle Clause: Forcing endless battles is banned\n|rule|HP Percentage Mod: HP is shown in percentages\n|clearpoke\n|poke|p1|Dragapult, M|\n|poke|p1|Chi-Yu|\n|poke|p1|Ogerpon, F|\n|poke|p1|Iron Hands|\n|poke|p1|Chien-Pao|\n|poke|p1|Flutter Mane|\n|poke|p2|Torterra, M|\n|poke|p2|Pelipper, F|\n|poke|p2|Grimmsnarl, M|\n|poke|p2|Overqwil, F|\n|poke|p2|Zapdos|\n|poke|p2|Glimmora, M|\n|teampreview\n|\n|t:|1698037326\n|start\n|switch|p1a: Chi-Yu|Chi-Yu|100\/100\n|switch|p1b: Mane and Flutter|Flutter Mane|100\/100\n|switch|p2a: Gollum|Grimmsnarl, M|100\/100\n|switch|p2b: Glimmora|Glimmora, M|100\/100\n|-ability|p1a: Chi-Yu|Beads of Ruin\n|-enditem|p1b: Mane and Flutter|Booster Energy\n|-activate|p1b: Mane and Flutter|ability: Protosynthesis|[fromitem]\n|-start|p1b: Mane and Flutter|protosynthesisspe\n|turn|1\n|inactive|Battle timer is ON: inactive players will automatically lose when time's up. (requested by skrt1234567890)\n|\n|t:|1698037359\n|-terastallize|p1a: Chi-Yu|Water\n|move|p2a: Gollum|Fake Out|p1a: Chi-Yu\n|-damage|p1a: Chi-Yu|84\/100\n|move|p1b: Mane and Flutter|Dazzling Gleam|p2b: Glimmora|[spread] p2a,p2b\n|-supereffective|p2a: Gollum\n|-resisted|p2b: Glimmora\n|-damage|p2a: Gollum|27\/100\n|-damage|p2b: Glimmora|79\/100\n|cant|p1a: Chi-Yu|flinch\n|move|p2b: Glimmora|Mortal Spin|p1b: Mane and Flutter|[spread] p1a,p1b\n|-damage|p1a: Chi-Yu|77\/100\n|-damage|p1b: Mane and Flutter|92\/100\n|-status|p1a: Chi-Yu|psn\n|-status|p1b: Mane and Flutter|psn\n|\n|-damage|p1b: Mane and Flutter|79\/100 psn|[from] psn\n|-damage|p1a: Chi-Yu|65\/100 psn|[from] psn\n|upkeep\n|turn|2\n|\n|t:|1698037381\n|move|p2b: Glimmora|Spiky Shield|p2b: Glimmora\n|-singleturn|p2b: Glimmora|move: Protect\n|move|p2a: Gollum|Light Screen|p2a: Gollum\n|-sidestart|p2: skrt1234567890|move: Light Screen\n|move|p1b: Mane and Flutter|Dazzling Gleam|p2a: Gollum|[spread] p2a\n|-activate|p2b: Glimmora|move: Protect\n|-supereffective|p2a: Gollum\n|-damage|p2a: Gollum|0 fnt\n|faint|p2a: Gollum\n|move|p1a: Chi-Yu|Tera Blast|p2b: Glimmora|[anim] Tera Blast Water\n|-activate|p2b: Glimmora|move: Protect\n|\n|-damage|p1b: Mane and Flutter|67\/100 psn|[from] psn\n|-damage|p1a: Chi-Yu|53\/100 psn|[from] psn\n|upkeep\n|inactive|skrt1234567890 has 120 seconds left.\n|\n|t:|1698037397\n|switch|p2a: Zapdos|Zapdos|100\/100\n|turn|3\n|\n|t:|1698037418\n|switch|p1a: Iron Hands|Iron Hands|100\/100\n|switch|p2b: Pelipper|Pelipper, F|100\/100\n|-weather|RainDance|[from] ability: Drizzle|[of] p2b: Pelipper\n|move|p1b: Mane and Flutter|Shadow Ball|p2b: Pelipper\n|-damage|p2b: Pelipper|72\/100\n|move|p2a: Zapdos|Tailwind|p2a: Zapdos\n|-sidestart|p2: skrt1234567890|move: Tailwind\n|\n|-weather|RainDance|[upkeep]\n|-damage|p1b: Mane and Flutter|55\/100 psn|[from] psn\n|upkeep\n|turn|4\n|inactive|skrt1234567890 has 120 seconds left.\n|\n|t:|1698037464\n|move|p1a: Iron Hands|Fake Out|p2a: Zapdos\n|-damage|p2a: Zapdos|83\/100\n|move|p1b: Mane and Flutter|Shadow Ball|p2b: Pelipper\n|-damage|p2b: Pelipper|43\/100\n|cant|p2a: Zapdos|flinch\n|move|p2b: Pelipper|Hurricane|p1a: Iron Hands\n|-crit|p1a: Iron Hands\n|-damage|p1a: Iron Hands|76\/100\n|-start|p1a: Iron Hands|confusion\n|\n|-weather|RainDance|[upkeep]\n|-damage|p1b: Mane and Flutter|42\/100 psn|[from] psn\n|upkeep\n|turn|5\n|inactive|skrt1234567890 has 120 seconds left.\n|inactive|wingwingy55 has 120 seconds left.\n|\n|t:|1698037498\n|move|p1b: Mane and Flutter|Dazzling Gleam|p2a: Zapdos|[spread] p2a,p2b\n|-damage|p2a: Zapdos|59\/100\n|-damage|p2b: Pelipper|21\/100\n|move|p2a: Zapdos|Hurricane|p1a: Iron Hands\n|-damage|p1a: Iron Hands|38\/100\n|-damage|p2a: Zapdos|49\/100|[from] item: Life Orb\n|move|p2b: Pelipper|Hurricane|p1a: Iron Hands\n|-damage|p1a: Iron Hands|21\/100\n|-activate|p1a: Iron Hands|confusion\n|move|p1a: Iron Hands|Heavy Slam|p2a: Zapdos\n|-resisted|p2a: Zapdos\n|-damage|p2a: Zapdos|25\/100\n|\n|-weather|RainDance|[upkeep]\n|-damage|p1b: Mane and Flutter|30\/100 psn|[from] psn\n|upkeep\n|turn|6\n|inactive|skrt1234567890 has 120 seconds left.\n|inactive|wingwingy55 has 120 seconds left.\n|\n|t:|1698037543\n|switch|p2b: Torterra|Torterra, M|100\/100\n|move|p1b: Mane and Flutter|Shadow Ball|p2a: Zapdos\n|-damage|p2a: Zapdos|0 fnt\n|faint|p2a: Zapdos\n|-activate|p1a: Iron Hands|confusion\n|-damage|p1a: Iron Hands|12\/100|[from] confusion\n|\n|-weather|RainDance|[upkeep]\n|-damage|p1b: Mane and Flutter|18\/100 psn|[from] psn\n|-sideend|p2: skrt1234567890|move: Tailwind\n|upkeep\n|inactive|skrt1234567890 has 90 seconds left.\n|\n|t:|1698037563\n|switch|p2a: Overqwil|Overqwil, F|100\/100\n|turn|7\n|\n|t:|1698037577\n|move|p1b: Mane and Flutter|Shadow Ball|p2b: Torterra\n|-damage|p2b: Torterra|72\/100\n|move|p2a: Overqwil|Swords Dance|p2a: Overqwil\n|-boost|p2a: Overqwil|atk|2\n|move|p2b: Torterra|Shell Smash|p2b: Torterra\n|-unboost|p2b: Torterra|def|1\n|-unboost|p2b: Torterra|spd|1\n|-boost|p2b: Torterra|atk|2\n|-boost|p2b: Torterra|spa|2\n|-boost|p2b: Torterra|spe|2\n|-enditem|p2b: Torterra|White Herb\n|-clearnegativeboost|p2b: Torterra|[silent]\n|-end|p1a: Iron Hands|confusion\n|move|p1a: Iron Hands|Heavy Slam|p2a: Overqwil\n|-damage|p2a: Overqwil|65\/100\n|\n|-weather|RainDance|[upkeep]\n|-damage|p1b: Mane and Flutter|5\/100 psn|[from] psn\n|upkeep\n|turn|8\n|inactive|skrt1234567890 has 120 seconds left.\n|inactive|skrt1234567890 has 90 seconds left.\n|\n|t:|1698037624\n|-terastallize|p2a: Overqwil|Ground\n|move|p1b: Mane and Flutter|Shadow Ball|p2b: Torterra\n|-damage|p2b: Torterra|42\/100\n|move|p2a: Overqwil|Barb Barrage|p1b: Mane and Flutter\n|-crit|p1b: Mane and Flutter\n|-damage|p1b: Mane and Flutter|0 fnt\n|faint|p1b: Mane and Flutter\n|-end|p1b: Mane and Flutter|Protosynthesis|[silent]\n|move|p2b: Torterra|Earthquake|p1a: Iron Hands|[spread] p2a,p1a\n|-supereffective|p1a: Iron Hands\n|-damage|p2a: Overqwil|0 fnt\n|-damage|p1a: Iron Hands|0 fnt\n|faint|p2a: Overqwil\n|faint|p1a: Iron Hands\n|-end|p1a: Iron Hands|Quark Drive|[silent]\n|\n|-weather|RainDance|[upkeep]\n|upkeep\n|\n|t:|1698037642\n|switch|p1b: Chi-Yu|Chi-Yu, tera:Water|53\/100 psn\n|switch|p2a: Pelipper|Pelipper, F|21\/100\n|switch|p1a: Chien-Pao|Chien-Pao|100\/100\n|-ability|p1a: Chien-Pao|Sword of Ruin\n|-ability|p1b: Chi-Yu|Beads of Ruin\n|turn|9\n|\n|t:|1698037649\n|move|p2b: Torterra|Protect|p2b: Torterra\n|-singleturn|p2b: Torterra|Protect\n|move|p1a: Chien-Pao|Icicle Crash|p2b: Torterra\n|-activate|p2b: Torterra|move: Protect\n|move|p1b: Chi-Yu|Overheat|p2a: Pelipper\n|-resisted|p2a: Pelipper\n|-damage|p2a: Pelipper|0 fnt\n|-unboost|p1b: Chi-Yu|spa|2\n|faint|p2a: Pelipper\n|\n|-weather|RainDance|[upkeep]\n|-damage|p1b: Chi-Yu|41\/100 psn|[from] psn\n|-sideend|p2: skrt1234567890|move: Light Screen\n|upkeep\n|\n|t:|1698037656\n|switch|p2a: Glimmora|Glimmora, M|79\/100\n|turn|10\n|\n|t:|1698037671\n|move|p1a: Chien-Pao|Icicle Crash|p2b: Torterra\n|-supereffective|p2b: Torterra\n|-damage|p2b: Torterra|0 fnt\n|faint|p2b: Torterra\n|move|p1b: Chi-Yu|Overheat|p2a: Glimmora\n|-resisted|p2a: Glimmora\n|-damage|p2a: Glimmora|60\/100\n|-unboost|p1b: Chi-Yu|spa|2\n|move|p2a: Glimmora|Sludge Bomb|p1a: Chien-Pao\n|-enditem|p1a: Chien-Pao|Focus Sash\n|-damage|p1a: Chien-Pao|1\/100\n|\n|-weather|none\n|-damage|p1b: Chi-Yu|29\/100 psn|[from] psn\n|upkeep\n|turn|11\n|-message|skrt1234567890 forfeited.\n|\n|win|wingwingy55\n|raw|wingwingy55's rating: 1113 &rarr; <strong>1146<\/strong><br \/>(+33 for winning)\n|raw|skrt1234567890's rating: 1232 &rarr; <strong>1199<\/strong><br \/>(-33 for losing)\n|l|\u2606skrt1234567890\n","uploadtime":1698037706,"views":28,"p1id":"wingwingy55","p2id":"skrt1234567890","formatid":"gen9doublesou","rating":1146,"private":0,"password":""}