{"id":"gen9doublesou-1984008515","p1":"Nnjkkj","p2":"Wisdom1472","format":"[Gen 9] Doubles OU","log":"|j|\u2606Nnjkkj\n|j|\u2606Wisdom1472\n|t:|1699209317\n|gametype|doubles\n|player|p1|Nnjkkj|cynthia-gen4|1261\n|player|p2|Wisdom1472|swimmer|1293\n|teamsize|p1|6\n|teamsize|p2|6\n|gen|9\n|tier|[Gen 9] Doubles OU\n|rated|\n|rule|Species Clause: Limit one of each Pok\u00e9mon\n|rule|OHKO Clause: OHKO moves are banned\n|rule|Evasion Moves Clause: Evasion moves are banned\n|rule|Gravity Sleep Clause: The combination of sleep-inducing moves with imperfect accuracy and Gravity or Gigantamax Orbeetle are banned\n|rule|Endless Battle Clause: Forcing endless battles is banned\n|rule|HP Percentage Mod: HP is shown in percentages\n|clearpoke\n|poke|p1|Chandelure, M|\n|poke|p1|Dusclops, M|\n|poke|p1|Fezandipiti, M|\n|poke|p1|Great Tusk|\n|poke|p1|Grimmsnarl, M|\n|poke|p1|Cetitan, M|\n|poke|p2|Glimmora, F|\n|poke|p2|Sinistcha|\n|poke|p2|Ursaluna-Bloodmoon, M|\n|poke|p2|Okidogi, M|\n|poke|p2|Flutter Mane|\n|poke|p2|Kommo-o, M|\n|teampreview\n|inactive|Battle timer is ON: inactive players will automatically lose when time's up. (requested by Nnjkkj)\n|\n|t:|1699209337\n|start\n|switch|p1a: Fezandipiti|Fezandipiti, M|100\/100\n|switch|p1b: Chandelure|Chandelure, M, shiny|100\/100\n|switch|p2a: Glimmorbin time|Glimmora, F|100\/100\n|switch|p2b: Kommo-o|Kommo-o, M|100\/100\n|-item|p2a: Glimmorbin time|Air Balloon\n|turn|1\n|inactive|Wisdom1472 has 120 seconds left.\n|\n|t:|1699209374\n|switch|p2b: Bowow|Okidogi, M|100\/100\n|move|p1b: Chandelure|Heat Wave|p2a: Glimmorbin time|[spread] p2a,p2b\n|-resisted|p2a: Glimmorbin time\n|-damage|p2a: Glimmorbin time|78\/100\n|-damage|p2b: Bowow|74\/100\n|-enditem|p2a: Glimmorbin time|Air Balloon\n|move|p1a: Fezandipiti|Play Rough|p2b: Bowow\n|-damage|p2b: Bowow|46\/100\n|move|p2a: Glimmorbin time|Power Gem|p1b: Chandelure\n|-supereffective|p1b: Chandelure\n|-damage|p1b: Chandelure|0 fnt\n|faint|p1b: Chandelure\n|\n|upkeep\n|inactive|Nnjkkj has 120 seconds left.\n|\n|t:|1699209391\n|switch|p1b: Great Tusk|Great Tusk|100\/100\n|turn|2\n|inactive|Nnjkkj has 120 seconds left.\n|\n|t:|1699209415\n|switch|p2a: Tea time|Sinistcha|100\/100\n|-heal|p2b: Bowow|71\/100|[from] ability: Hospitality|[of] p2a: Tea time\n|move|p1b: Great Tusk|Stomping Tantrum|p2a: Tea time\n|-resisted|p2a: Tea time\n|-damage|p2a: Tea time|88\/100\n|move|p1a: Fezandipiti|U-turn|p2b: Bowow\n|-resisted|p2b: Bowow\n|-damage|p2b: Bowow|67\/100\n|inactive|Nnjkkj has 120 seconds left.\n|\n|t:|1699209426\n|switch|p1a: Cetitan|Cetitan, M, shiny|100\/100|[from] U-turn\n|move|p2b: Bowow|Drain Punch|p1b: Great Tusk\n|-damage|p1b: Great Tusk|71\/100\n|-heal|p2b: Bowow|82\/100|[from] drain|[of] p1b: Great Tusk\n|\n|-heal|p2a: Tea time|94\/100|[from] item: Leftovers\n|upkeep\n|turn|3\n|inactive|Nnjkkj has 120 seconds left.\n|\n|t:|1699209453\n|-terastallize|p2a: Tea time|Water\n|move|p1b: Great Tusk|Play Rough|p2b: Bowow\n|-damage|p2b: Bowow|57\/100\n|move|p2b: Bowow|Drain Punch|p1a: Cetitan\n|-supereffective|p1a: Cetitan\n|-damage|p1a: Cetitan|28\/100\n|-heal|p2b: Bowow|100\/100|[from] drain|[of] p1a: Cetitan\n|move|p1a: Cetitan|Ice Spinner|p2a: Tea time\n|-resisted|p2a: Tea time\n|-crit|p2a: Tea time\n|-damage|p2a: Tea time|79\/100\n|move|p2a: Tea time|Matcha Gotcha|p1b: Great Tusk|[spread] p1a,p1b\n|-supereffective|p1b: Great Tusk\n|-damage|p1a: Cetitan|10\/100\n|-heal|p2a: Tea time|94\/100|[from] drain|[of] p1a: Cetitan\n|-damage|p1b: Great Tusk|3\/100\n|-heal|p2a: Tea time|100\/100|[from] drain|[of] p1b: Great Tusk\n|\n|upkeep\n|turn|4\n|inactive|Nnjkkj has 120 seconds left.\n|\n|t:|1699209484\n|switch|p2b: Baloo|Ursaluna-Bloodmoon, M|100\/100\n|switch|p1a: Dusclops|Dusclops, M, shiny|100\/100\n|-item|p2a: Tea time|Leftovers|[from] ability: Frisk|[of] p1a: Dusclops|[identify]\n|-item|p2b: Baloo|Throat Spray|[from] ability: Frisk|[of] p1a: Dusclops|[identify]\n|move|p1b: Great Tusk|Headlong Rush|p2b: Baloo\n|-crit|p2b: Baloo\n|-damage|p2b: Baloo|40\/100\n|-unboost|p1b: Great Tusk|def|1\n|-unboost|p1b: Great Tusk|spd|1\n|move|p2a: Tea time|Matcha Gotcha|p1a: Dusclops|[spread] p1a,p1b\n|-supereffective|p1b: Great Tusk\n|-damage|p1a: Dusclops|86\/100\n|-damage|p1b: Great Tusk|0 fnt\n|-status|p1a: Dusclops|brn\n|faint|p1b: Great Tusk\n|-end|p1b: Great Tusk|Protosynthesis|[silent]\n|\n|-damage|p1a: Dusclops|80\/100 brn|[from] brn\n|upkeep\n|\n|t:|1699209503\n|switch|p1b: Grimmsnarl|Grimmsnarl, M, shiny|100\/100\n|turn|5\n|inactive|Nnjkkj has 120 seconds left.\n|\n|t:|1699209520\n|move|p1b: Grimmsnarl|Fake Out|p2b: Baloo\n|-damage|p2b: Baloo|33\/100\n|cant|p2b: Baloo|flinch\n|move|p1a: Dusclops|Will-O-Wisp|p2b: Baloo|[miss]\n|-miss|p1a: Dusclops|p2b: Baloo\n|move|p2a: Tea time|Trick Room|p2a: Tea time\n|-fieldstart|move: Trick Room|[of] p2a: Tea time\n|\n|-damage|p1a: Dusclops|74\/100 brn|[from] brn\n|upkeep\n|turn|6\n|inactive|Nnjkkj has 120 seconds left.\n|\n|t:|1699209537\n|move|p2a: Tea time|Rage Powder|p2a: Tea time\n|-singleturn|p2a: Tea time|move: Rage Powder\n|move|p1a: Dusclops|Icy Wind|p2a: Tea time|[spread] p2a,p2b\n|-resisted|p2a: Tea time\n|-supereffective|p2b: Baloo\n|-damage|p2a: Tea time|97\/100\n|-damage|p2b: Baloo|18\/100\n|-unboost|p2a: Tea time|spe|1\n|-unboost|p2b: Baloo|spe|1\n|move|p2b: Baloo|Hyper Voice|p1b: Grimmsnarl|[spread] p1a,p1b\n|-damage|p1a: Dusclops|47\/100 brn\n|-damage|p1b: Grimmsnarl|71\/100\n|-enditem|p2b: Baloo|Throat Spray\n|-boost|p2b: Baloo|spa|1|[from] item: Throat Spray\n|move|p1b: Grimmsnarl|Spirit Break|p2a: Tea time\n|-damage|p2a: Tea time|78\/100\n|-unboost|p2a: Tea time|spa|1\n|\n|-heal|p2a: Tea time|84\/100|[from] item: Leftovers\n|-damage|p1a: Dusclops|41\/100 brn|[from] brn\n|upkeep\n|turn|7\n|inactive|Nnjkkj has 120 seconds left.\n|\n|t:|1699209566\n|move|p1a: Dusclops|Phantom Force||[still]\n|-prepare|p1a: Dusclops|Phantom Force\n|move|p2b: Baloo|Blood Moon|p1b: Grimmsnarl\n|-damage|p1b: Grimmsnarl|0 fnt\n|faint|p1b: Grimmsnarl\n|move|p2a: Tea time|Life Dew|p2a: Tea time|[spread] p2a,p2b\n|-heal|p2a: Tea time|100\/100\n|-heal|p2b: Baloo|44\/100\n|\n|-damage|p1a: Dusclops|35\/100 brn|[from] brn\n|upkeep\n|inactive|Nnjkkj has 120 seconds left.\n|\n|t:|1699209578\n|switch|p1b: Fezandipiti|Fezandipiti, M|100\/100\n|turn|8\n|\n|t:|1699209587\n|switch|p1b: Cetitan|Cetitan, M, shiny|10\/100\n|move|p1a: Dusclops|Phantom Force|p2a: Tea time|[from]lockedmove\n|-crit|p2a: Tea time\n|-damage|p2a: Tea time|90\/100\n|move|p2b: Baloo|Hyper Voice|p1a: Dusclops|[spread] p1a,p1b\n|-damage|p1a: Dusclops|0 fnt\n|-damage|p1b: Cetitan|0 fnt\n|faint|p1a: Dusclops\n|faint|p1b: Cetitan\n|move|p2a: Tea time|Life Dew|p2a: Tea time|[spread] p2a,p2b\n|-heal|p2a: Tea time|100\/100\n|-heal|p2b: Baloo|69\/100\n|\n|upkeep\n|\n|t:|1699209601\n|switch|p1b: Fezandipiti|Fezandipiti, M|100\/100\n|turn|9\n|\n|t:|1699209608\n|move|p2a: Tea time|Rage Powder|p2a: Tea time\n|-singleturn|p2a: Tea time|move: Rage Powder\n|move|p2b: Baloo|Blood Moon|p1b: Fezandipiti\n|-damage|p1b: Fezandipiti|0 fnt\n|faint|p1b: Fezandipiti\n|\n|win|Wisdom1472\n|raw|Nnjkkj's rating: 1261 &rarr; <strong>1238<\/strong><br \/>(-23 for losing)\n|raw|Wisdom1472's rating: 1293 &rarr; <strong>1316<\/strong><br \/>(+23 for winning)\n|l|\u2606Nnjkkj\n","uploadtime":1699209616,"views":8,"p1id":"nnjkkj","p2id":"wisdom1472","formatid":"gen9doublesou","rating":1238,"private":0,"password":""}