{"id":"gen9doublesou-1992939864","p1":"Wizzbane15","p2":"yescaman","format":"[Gen 9] Doubles OU","log":"|j|\u203dWizzbane15\n|j|\u2606yescaman\n|t:|1700248646\n|gametype|doubles\n|player|p1|Wizzbane15|170|1305\n|player|p2|yescaman|chuck|1222\n|teamsize|p1|6\n|teamsize|p2|6\n|gen|9\n|tier|[Gen 9] Doubles OU\n|rated|\n|rule|Species Clause: Limit one of each Pok\u00e9mon\n|rule|OHKO Clause: OHKO moves are banned\n|rule|Evasion Moves Clause: Evasion moves are banned\n|rule|Gravity Sleep Clause: The combination of sleep-inducing moves with imperfect accuracy and Gravity or Gigantamax Orbeetle are banned\n|rule|Endless Battle Clause: Forcing endless battles is banned\n|rule|HP Percentage Mod: HP is shown in percentages\n|clearpoke\n|poke|p1|Drifblim, M|\n|poke|p1|Volcanion|\n|poke|p1|Forretress, M|\n|poke|p1|Houndstone, F|\n|poke|p1|Basculegion-F, F|\n|poke|p1|Golem, F|\n|poke|p2|Gliscor, M|\n|poke|p2|Goodra-Hisui, F|\n|poke|p2|Flutter Mane|\n|poke|p2|Amoonguss, F|\n|poke|p2|Indeedee-F, F|\n|poke|p2|Palafin, F|\n|teampreview\n|inactive|Battle timer is ON: inactive players will automatically lose when time's up. (requested by yescaman)\n|\n|t:|1700248658\n|start\n|switch|p1a: Volcanion|Volcanion|100\/100\n|switch|p1b: Drifblim|Drifblim, M|100\/100\n|switch|p2a: Indeedee|Indeedee-F, F|100\/100\n|switch|p2b: Palafin|Palafin, F|100\/100\n|-fieldstart|move: Psychic Terrain|[from] ability: Psychic Surge|[of] p2a: Indeedee\n|-enditem|p2a: Indeedee|Psychic Seed\n|-boost|p2a: Indeedee|spd|1|[from] item: Psychic Seed\n|turn|1\n|\n|t:|1700248680\n|move|p2b: Palafin|Flip Turn|p1b: Drifblim\n|-damage|p1b: Drifblim|71\/100\n|\n|t:|1700248692\n|detailschange|p2b: Palafin|Palafin-Hero, F\n|switch|p2b: Flutter Mane|Flutter Mane|100\/100|[from] Flip Turn\n|move|p2a: Indeedee|Psychic|p1a: Volcanion\n|-damage|p1a: Volcanion|56\/100\n|move|p1a: Volcanion|Earthquake|p2b: Flutter Mane|[spread] p2a,p2b\n|-immune|p1b: Drifblim\n|-damage|p2a: Indeedee|68\/100\n|-damage|p2b: Flutter Mane|45\/100\n|move|p1b: Drifblim|Trick Room|p1b: Drifblim\n|-fieldstart|move: Trick Room|[of] p1b: Drifblim\n|\n|upkeep\n|turn|2\n|\n|t:|1700248707\n|-end|p2b: Flutter Mane|Protosynthesis|[silent]\n|switch|p2b: Amoonguss|Amoonguss, F|100\/100\n|move|p1b: Drifblim|Helping Hand|p1a: Volcanion\n|-singleturn|p1a: Volcanion|Helping Hand|[of] p1b: Drifblim\n|move|p1a: Volcanion|Earthquake|p2a: Indeedee|[spread] p2a,p2b\n|-immune|p1b: Drifblim\n|-damage|p2a: Indeedee|20\/100\n|-damage|p2b: Amoonguss|70\/100\n|move|p2a: Indeedee|Trick Room|p2a: Indeedee\n|-fieldend|move: Trick Room\n|\n|-heal|p2b: Amoonguss|76\/100|[from] item: Black Sludge\n|upkeep\n|turn|3\n|\n|t:|1700248728\n|move|p1b: Drifblim|Helping Hand|p1a: Volcanion\n|-singleturn|p1a: Volcanion|Helping Hand|[of] p1b: Drifblim\n|move|p2a: Indeedee|Imprison|p2a: Indeedee\n|-start|p2a: Indeedee|move: Imprison\n|move|p1a: Volcanion|Flare Blitz|p2b: Amoonguss\n|-supereffective|p2b: Amoonguss\n|-damage|p2b: Amoonguss|0 fnt\n|faint|p2b: Amoonguss\n|-damage|p1a: Volcanion|20\/100|[from] Recoil\n|\n|upkeep\n|\n|t:|1700248743\n|switch|p2b: Flutter Mane|Flutter Mane|45\/100\n|turn|4\n|\n|t:|1700248760\n|move|p2b: Flutter Mane|Shadow Ball|p1b: Drifblim\n|-supereffective|p1b: Drifblim\n|-damage|p1b: Drifblim|0 fnt\n|faint|p1b: Drifblim\n|move|p2a: Indeedee|Psychic|p1a: Volcanion\n|-damage|p1a: Volcanion|0 fnt\n|faint|p1a: Volcanion\n|\n|upkeep\n|\n|t:|1700248769\n|switch|p1b: Golem|Golem, F|100\/100\n|switch|p1a: Forretress|Forretress, M|100\/100\n|turn|5\n|\n|t:|1700248785\n|-end|p2b: Flutter Mane|Protosynthesis|[silent]\n|switch|p2b: Palafin|Palafin-Hero, F|100\/100\n|-activate|p2b: Palafin|ability: Zero to Hero\n|move|p2a: Indeedee|Psychic|p1b: Golem\n|-damage|p1b: Golem|52\/100\n|move|p1b: Golem|Rock Slide|p2b: Palafin|[spread] p2a,p2b\n|-damage|p2a: Indeedee|0 fnt\n|-damage|p2b: Palafin|72\/100\n|faint|p2a: Indeedee\n|move|p1a: Forretress|Ice Spinner|p2b: Palafin\n|-resisted|p2b: Palafin\n|-damage|p2b: Palafin|61\/100\n|-fieldend|move: Psychic Terrain\n|\n|upkeep\n|\n|t:|1700248792\n|switch|p2a: Flutter Mane|Flutter Mane|45\/100\n|turn|6\n|inactive|Wizzbane15 has 120 seconds left.\n|\n|t:|1700248832\n|move|p2a: Flutter Mane|Mystical Fire|p1a: Forretress\n|-supereffective|p1a: Forretress\n|-ability|p1a: Forretress|Sturdy\n|-damage|p1a: Forretress|1\/100\n|-unboost|p1a: Forretress|spa|1\n|move|p2b: Palafin|Flip Turn|p1b: Golem\n|-supereffective|p1b: Golem\n|-crit|p1b: Golem\n|-damage|p1b: Golem|0 fnt\n|faint|p1b: Golem\n|\n|t:|1700248844\n|switch|p2b: Goodra|Goodra-Hisui, F|100\/100|[from] Flip Turn\n|move|p1a: Forretress|Earthquake|p2a: Flutter Mane|[spread] p2a,p2b\n|-supereffective|p2b: Goodra\n|-damage|p2a: Flutter Mane|0 fnt\n|-damage|p2b: Goodra|61\/100\n|faint|p2a: Flutter Mane\n|-end|p2a: Flutter Mane|Protosynthesis|[silent]\n|\n|upkeep\n|\n|t:|1700248856\n|switch|p2a: Palafin|Palafin-Hero, F|61\/100\n|switch|p1b: Basculegion|Basculegion-F, F|100\/100\n|turn|7\n|\n|t:|1700248870\n|move|p2a: Palafin|Protect|p2a: Palafin\n|-singleturn|p2a: Palafin|Protect\n|move|p1b: Basculegion|Last Respects|p2a: Palafin\n|-activate|p2a: Palafin|move: Protect\n|move|p2b: Goodra|Shelter|p2b: Goodra\n|-boost|p2b: Goodra|def|2\n|move|p1a: Forretress|Explosion|p2a: Palafin|[spread] p2b\n|-activate|p2a: Palafin|move: Protect\n|-immune|p1b: Basculegion\n|-enditem|p1a: Forretress|Normal Gem|[from] gem\n|-resisted|p2b: Goodra\n|-damage|p2b: Goodra|44\/100\n|faint|p1a: Forretress\n|\n|upkeep\n|\n|t:|1700248883\n|switch|p1a: Houndstone|Houndstone, F|100\/100\n|turn|8\n|\n|t:|1700248896\n|-terastallize|p1a: Houndstone|Ghost\n|-terastallize|p2a: Palafin|Water\n|move|p1a: Houndstone|Last Respects|p2b: Goodra\n|-damage|p2b: Goodra|0 fnt\n|faint|p2b: Goodra\n|move|p1b: Basculegion|Last Respects|p2a: Palafin\n|-damage|p2a: Palafin|0 fnt\n|faint|p2a: Palafin\n|\n|upkeep\n|\n|t:|1700248906\n|switch|p2b: Gliscor|Gliscor, M|100\/100\n|turn|9\n|\n|t:|1700248934\n|move|p2b: Gliscor|Protect|p2b: Gliscor\n|-singleturn|p2b: Gliscor|Protect\n|move|p1a: Houndstone|Last Respects|p2b: Gliscor\n|-activate|p2b: Gliscor|move: Protect\n|move|p1b: Basculegion|Last Respects|p2b: Gliscor\n|-activate|p2b: Gliscor|move: Protect\n|\n|-status|p2b: Gliscor|tox|[from] item: Toxic Orb\n|upkeep\n|turn|10\n|\n|t:|1700248947\n|move|p1a: Houndstone|Last Respects|p2b: Gliscor\n|-damage|p2b: Gliscor|2\/100 tox\n|move|p1b: Basculegion|Last Respects|p2b: Gliscor\n|-damage|p2b: Gliscor|0 fnt\n|faint|p2b: Gliscor\n|\n|win|Wizzbane15\n|raw|Wizzbane15's rating: 1305 &rarr; <strong>1320<\/strong><br \/>(+15 for winning)\n|raw|yescaman's rating: 1222 &rarr; <strong>1203<\/strong><br \/>(-19 for losing)\n","uploadtime":1700248961,"views":7,"p1id":"wizzbane15","p2id":"yescaman","formatid":"gen9doublesou","rating":1203,"private":0,"password":""}