{"id":"gen9doublesou-1988939658","p1":"The real piva","p2":"Roitelet","format":"[Gen 9] Doubles OU","log":"|j|\u2606The real piva\n|j|\u2606Roitelet\n|t:|1699791481\n|gametype|doubles\n|player|p1|The real piva|n|1124\n|player|p2|Roitelet|birdkeeper-gen4dp|1125\n|teamsize|p1|6\n|teamsize|p2|6\n|gen|9\n|tier|[Gen 9] Doubles OU\n|rated|\n|rule|Species Clause: Limit one of each Pok\u00e9mon\n|rule|OHKO Clause: OHKO moves are banned\n|rule|Evasion Moves Clause: Evasion moves are banned\n|rule|Gravity Sleep Clause: The combination of sleep-inducing moves with imperfect accuracy and Gravity or Gigantamax Orbeetle are banned\n|rule|Endless Battle Clause: Forcing endless battles is banned\n|rule|HP Percentage Mod: HP is shown in percentages\n|clearpoke\n|poke|p1|Dragonite, M|\n|poke|p1|Chi-Yu|\n|poke|p1|Toxtricity-Low-Key, F|\n|poke|p1|Abomasnow, F|\n|poke|p1|Empoleon, M|\n|poke|p1|Gallade, M|\n|poke|p2|Sneasler, F|\n|poke|p2|Grimmsnarl, M|\n|poke|p2|Cinderace, M|\n|poke|p2|Dragapult, M|\n|poke|p2|Brute Bonnet|\n|poke|p2|Toxtricity, M|\n|teampreview\n|\n|t:|1699791508\n|start\n|switch|p1a: Dragonite|Dragonite, M|100\/100\n|switch|p1b: Abomasnow|Abomasnow, F|100\/100\n|switch|p2a: Sprite|Sneasler, F, shiny|100\/100\n|switch|p2b: Yeti|Grimmsnarl, M, shiny|100\/100\n|-weather|Snow|[from] ability: Snow Warning|[of] p1b: Abomasnow\n|turn|1\n|\n|t:|1699791528\n|switch|p1b: Empoleon|Empoleon, M, shiny|100\/100\n|-terastallize|p1a: Dragonite|Normal\n|move|p2a: Sprite|Fake Out|p1b: Empoleon\n|-resisted|p1b: Empoleon\n|-damage|p1b: Empoleon|91\/100\n|move|p2b: Yeti|Fake Out|p1a: Dragonite\n|-crit|p1a: Dragonite\n|-damage|p1a: Dragonite|80\/100\n|move|p1a: Dragonite|Extreme Speed|p2b: Yeti\n|-damage|p2b: Yeti|19\/100\n|\n|-weather|Snow|[upkeep]\n|upkeep\n|turn|2\n|\n|t:|1699791548\n|-terastallize|p2a: Sprite|Ghost\n|move|p1a: Dragonite|Extreme Speed|p2a: Sprite\n|-immune|p2a: Sprite\n|move|p1b: Empoleon|Aqua Jet|p2b: Yeti\n|-damage|p2b: Yeti|4\/100\n|move|p2b: Yeti|Swagger|p2a: Sprite\n|-boost|p2a: Sprite|atk|2\n|-start|p2a: Sprite|confusion\n|-enditem|p2a: Sprite|Lum Berry|[eat]\n|-end|p2a: Sprite|confusion\n|move|p2a: Sprite|Brick Break|p1a: Dragonite\n|-supereffective|p1a: Dragonite\n|-damage|p1a: Dragonite|0 fnt\n|faint|p1a: Dragonite\n|\n|-weather|Snow|[upkeep]\n|upkeep\n|\n|t:|1699791575\n|switch|p1a: Gallade|Gallade, M, shiny|100\/100\n|turn|3\n|\n|t:|1699791599\n|move|p1b: Empoleon|Aqua Jet|p2b: Yeti\n|-crit|p2b: Yeti\n|-damage|p2b: Yeti|0 fnt\n|faint|p2b: Yeti\n|move|p2a: Sprite|Brick Break|p1b: Empoleon\n|-supereffective|p1b: Empoleon\n|-damage|p1b: Empoleon|0 fnt\n|faint|p1b: Empoleon\n|move|p1a: Gallade|Shadow Claw|p2a: Sprite\n|-supereffective|p2a: Sprite\n|-damage|p2a: Sprite|21\/100\n|\n|-weather|Snow|[upkeep]\n|upkeep\n|\n|t:|1699791661\n|switch|p1b: Chi-Yu|Chi-Yu|100\/100\n|switch|p2b: Toxtricity|Toxtricity, M|100\/100\n|-ability|p1b: Chi-Yu|Beads of Ruin\n|turn|4\n|\n|t:|1699791692\n|move|p2a: Sprite|Brick Break|p1b: Chi-Yu\n|-supereffective|p1b: Chi-Yu\n|-damage|p1b: Chi-Yu|0 fnt\n|faint|p1b: Chi-Yu\n|move|p1a: Gallade|Shadow Claw|p2a: Sprite\n|-supereffective|p2a: Sprite\n|-damage|p2a: Sprite|0 fnt\n|faint|p2a: Sprite\n|move|p2b: Toxtricity|Boomburst|p1a: Gallade\n|-damage|p1a: Gallade|31\/100\n|-enditem|p2b: Toxtricity|Throat Spray\n|-boost|p2b: Toxtricity|spa|1|[from] item: Throat Spray\n|\n|-weather|Snow|[upkeep]\n|upkeep\n|\n|t:|1699791771\n|switch|p2a: Amos|Dragapult, M, shiny|100\/100\n|switch|p1b: Toxtricity|Toxtricity-Low-Key, F|100\/100\n|turn|5\n|\n|t:|1699791818\n|move|p2a: Amos|Shadow Ball|p1a: Gallade\n|-supereffective|p1a: Gallade\n|-damage|p1a: Gallade|0 fnt\n|faint|p1a: Gallade\n|move|p1b: Toxtricity|Sludge Bomb|p2b: Toxtricity\n|-resisted|p2b: Toxtricity\n|-damage|p2b: Toxtricity|74\/100\n|move|p2b: Toxtricity|Boomburst|p1b: Toxtricity|[spread] p1b\n|-immune|p2a: Amos\n|-crit|p1b: Toxtricity\n|-damage|p1b: Toxtricity|23\/100\n|\n|-weather|none\n|upkeep\n|-message|The real piva forfeited.\n|\n|win|Roitelet\n|raw|The real piva's rating: 1124 &rarr; <strong>1099<\/strong><br \/>(-25 for losing)\n|raw|Roitelet's rating: 1125 &rarr; <strong>1150<\/strong><br \/>(+25 for winning)\n|l|\u2606The real piva\n","uploadtime":1699791843,"views":20,"p1id":"therealpiva","p2id":"roitelet","formatid":"gen9doublesou","rating":1099,"private":0,"password":""}