{"id":"gen9doublesou-1987436514","p1":"xueshen","p2":"tynewname","format":"[Gen 9] Doubles OU","log":"|j|\u2606xueshen\n|j|\u2606tynewname\n|t:|1699591308\n|gametype|doubles\n|player|p1|xueshen|170|1263\n|player|p2|tynewname|veteran|1102\n|teamsize|p1|6\n|teamsize|p2|6\n|gen|9\n|tier|[Gen 9] Doubles OU\n|rated|\n|rule|Species Clause: Limit one of each Pok\u00e9mon\n|rule|OHKO Clause: OHKO moves are banned\n|rule|Evasion Moves Clause: Evasion moves are banned\n|rule|Gravity Sleep Clause: The combination of sleep-inducing moves with imperfect accuracy and Gravity or Gigantamax Orbeetle are banned\n|rule|Endless Battle Clause: Forcing endless battles is banned\n|rule|HP Percentage Mod: HP is shown in percentages\n|clearpoke\n|poke|p1|Ogerpon-Wellspring, F|\n|poke|p1|Flutter Mane|\n|poke|p1|Indeedee-F, F|\n|poke|p1|Armarouge, F|\n|poke|p1|Landorus-Therian, M|\n|poke|p1|Pelipper, M|\n|poke|p2|Ribombee, F|\n|poke|p2|Kilowattrel, M|\n|poke|p2|Ogerpon-Hearthflame, F|\n|poke|p2|Flutter Mane|\n|poke|p2|Corviknight, F|\n|poke|p2|Hoopa-Unbound|\n|teampreview\n|inactive|Battle timer is ON: inactive players will automatically lose when time's up. (requested by tynewname)\n|inactive|xueshen also wants the timer to be on.\n|\n|t:|1699591320\n|start\n|switch|p1a: Indeedee|Indeedee-F, F|100\/100\n|switch|p1b: Armarouge|Armarouge, F|100\/100\n|switch|p2a: Ribombee|Ribombee, F|100\/100\n|switch|p2b: Kilowattrel|Kilowattrel, M, shiny|100\/100\n|-fieldstart|move: Psychic Terrain|[from] ability: Psychic Surge|[of] p1a: Indeedee\n|turn|1\n|\n|t:|1699591332\n|move|p1b: Armarouge|Protect|p1b: Armarouge\n|-singleturn|p1b: Armarouge|Protect\n|move|p2b: Kilowattrel|Tailwind|p2b: Kilowattrel\n|-sidestart|p2: tynewname|move: Tailwind\n|-start|p2b: Kilowattrel|Charge|Tailwind|[from] ability: Wind Power\n|move|p2a: Ribombee|Sticky Web|p1a: Indeedee\n|-sidestart|p1: xueshen|move: Sticky Web\n|move|p1a: Indeedee|Trick Room|p1a: Indeedee\n|-fieldstart|move: Trick Room|[of] p1a: Indeedee\n|\n|upkeep\n|turn|2\n|\n|t:|1699591349\n|-terastallize|p1b: Armarouge|Psychic\n|move|p1a: Indeedee|Helping Hand|p1b: Armarouge\n|-singleturn|p1b: Armarouge|Helping Hand|[of] p1a: Indeedee\n|move|p1b: Armarouge|Expanding Force|p2a: Ribombee|[spread] p2a,p2b\n|-crit|p2a: Ribombee\n|-enditem|p2a: Ribombee|Focus Sash\n|-damage|p2a: Ribombee|1\/100\n|-damage|p2b: Kilowattrel|0 fnt\n|faint|p2b: Kilowattrel\n|-damage|p1b: Armarouge|91\/100|[from] item: Life Orb\n|move|p2a: Ribombee|Pollen Puff|p1a: Indeedee\n|-supereffective|p1a: Indeedee\n|-damage|p1a: Indeedee|43\/100\n|\n|upkeep\n|\n|t:|1699591361\n|switch|p2b: Hoopa|Hoopa-Unbound|100\/100\n|turn|3\n|\n|t:|1699591372\n|move|p1a: Indeedee|Helping Hand|p1b: Armarouge\n|-singleturn|p1b: Armarouge|Helping Hand|[of] p1a: Indeedee\n|move|p1b: Armarouge|Expanding Force|p2a: Ribombee|[spread] p2a\n|-immune|p2b: Hoopa\n|-damage|p2a: Ribombee|0 fnt\n|faint|p2a: Ribombee\n|-damage|p1b: Armarouge|81\/100|[from] item: Life Orb\n|move|p2b: Hoopa|Knock Off|p1a: Indeedee\n|-supereffective|p1a: Indeedee\n|-damage|p1a: Indeedee|0 fnt\n|-enditem|p1a: Indeedee|Terrain Extender|[from] move: Knock Off|[of] p2b: Hoopa\n|faint|p1a: Indeedee\n|-damage|p2b: Hoopa|91\/100|[from] item: Life Orb\n|\n|upkeep\n|\n|t:|1699591397\n|switch|p1a: Landorus|Landorus-Therian, M|100\/100\n|switch|p2a: Corviknight|Corviknight, F|100\/100\n|-ability|p1a: Landorus|Intimidate|boost\n|-ability|p2a: Corviknight|Mirror Armor\n|-unboost|p1a: Landorus|atk|1\n|-unboost|p2b: Hoopa|atk|1\n|turn|4\n|\n|t:|1699591417\n|move|p1b: Armarouge|Heat Wave|p2a: Corviknight|[spread] p2a,p2b\n|-supereffective|p2a: Corviknight\n|-damage|p2a: Corviknight|52\/100\n|-damage|p2b: Hoopa|56\/100\n|-status|p2b: Hoopa|brn\n|-damage|p1b: Armarouge|71\/100|[from] item: Life Orb\n|move|p1a: Landorus|U-turn|p2b: Hoopa\n|-supereffective|p2b: Hoopa\n|-damage|p2b: Hoopa|0 fnt\n|faint|p2b: Hoopa\n|\n|t:|1699591430\n|switch|p1a: Pelipper|Pelipper, M|100\/100|[from] U-turn\n|-weather|RainDance|[from] ability: Drizzle|[of] p1a: Pelipper\n|move|p2a: Corviknight|Roost|p2a: Corviknight\n|-heal|p2a: Corviknight|100\/100\n|-singleturn|p2a: Corviknight|move: Roost\n|\n|-weather|RainDance|[upkeep]\n|-sideend|p2: tynewname|move: Tailwind\n|upkeep\n|\n|t:|1699591434\n|switch|p2b: Flutter Mane|Flutter Mane|100\/100\n|-enditem|p2b: Flutter Mane|Booster Energy\n|-activate|p2b: Flutter Mane|ability: Protosynthesis|[fromitem]\n|-start|p2b: Flutter Mane|protosynthesisspe\n|turn|5\n|\n|t:|1699591459\n|move|p1b: Armarouge|Expanding Force|p2a: Corviknight|[spread] p2a,p2b\n|-resisted|p2a: Corviknight\n|-damage|p2a: Corviknight|70\/100\n|-damage|p2b: Flutter Mane|7\/100\n|-damage|p1b: Armarouge|61\/100|[from] item: Life Orb\n|move|p1a: Pelipper|Hurricane|p2b: Flutter Mane\n|-damage|p2b: Flutter Mane|0 fnt\n|faint|p2b: Flutter Mane\n|-end|p2b: Flutter Mane|Protosynthesis|[silent]\n|move|p2a: Corviknight|Bulk Up|p2a: Corviknight\n|-boost|p2a: Corviknight|atk|1\n|-boost|p2a: Corviknight|def|1\n|\n|-weather|RainDance|[upkeep]\n|-fieldend|move: Trick Room\n|upkeep\n|\n|t:|1699591469\n|switch|p2b: Ogerpon|Ogerpon-Hearthflame, F|100\/100\n|-ability|p2b: Ogerpon|Mold Breaker\n|turn|6\n|\n|t:|1699591486\n|-terastallize|p2b: Ogerpon|Fire\n|detailschange|p2b: Ogerpon|Ogerpon-Hearthflame-Tera, F, tera:Fire\n|-ability|p2b: Ogerpon|Embody Aspect (Hearthflame)|boost\n|-boost|p2b: Ogerpon|atk|1\n|move|p1b: Armarouge|Protect|p1b: Armarouge\n|-singleturn|p1b: Armarouge|Protect\n|move|p2b: Ogerpon|Ivy Cudgel|p1b: Armarouge\n|-activate|p1b: Armarouge|move: Protect\n|move|p2a: Corviknight|Bulk Up|p2a: Corviknight\n|-boost|p2a: Corviknight|atk|1\n|-boost|p2a: Corviknight|def|1\n|move|p1a: Pelipper|Tailwind|p1a: Pelipper\n|-sidestart|p1: xueshen|move: Tailwind\n|\n|-weather|RainDance|[upkeep]\n|upkeep\n|turn|7\n|\n|t:|1699591512\n|move|p2b: Ogerpon|Ivy Cudgel|p1b: Armarouge\n|-start|p1b: Armarouge|ability: Flash Fire\n|move|p1a: Pelipper|Hydro Pump|p2b: Ogerpon|[miss]\n|-miss|p1a: Pelipper|p2b: Ogerpon\n|move|p1b: Armarouge|Expanding Force|p2a: Corviknight|[spread] p2a,p2b\n|-resisted|p2a: Corviknight\n|-damage|p2a: Corviknight|41\/100\n|-damage|p2b: Ogerpon|4\/100\n|-damage|p1b: Armarouge|51\/100|[from] item: Life Orb\n|move|p2a: Corviknight|Roost|p2a: Corviknight\n|-heal|p2a: Corviknight|91\/100\n|-singleturn|p2a: Corviknight|move: Roost\n|\n|-weather|RainDance|[upkeep]\n|upkeep\n|turn|8\n|\n|t:|1699591534\n|move|p2b: Ogerpon|Horn Leech|p1a: Pelipper\n|-damage|p1a: Pelipper|48\/100\n|-heal|p2b: Ogerpon|32\/100|[from] drain|[of] p1a: Pelipper\n|move|p1a: Pelipper|Hydro Pump|p2a: Corviknight\n|-crit|p2a: Corviknight\n|-damage|p2a: Corviknight|33\/100\n|move|p1b: Armarouge|Expanding Force|p2a: Corviknight|[spread] p2a,p2b\n|-resisted|p2a: Corviknight\n|-damage|p2a: Corviknight|4\/100\n|-damage|p2b: Ogerpon|0 fnt\n|faint|p2b: Ogerpon\n|-damage|p1b: Armarouge|41\/100|[from] item: Life Orb\n|move|p2a: Corviknight|Body Press|p1b: Armarouge\n|-resisted|p1b: Armarouge\n|-damage|p1b: Armarouge|29\/100\n|\n|-weather|none\n|-fieldend|move: Psychic Terrain\n|upkeep\n|turn|9\n|\n|t:|1699591557\n|move|p1a: Pelipper|Hydro Pump|p2a: Corviknight\n|-damage|p2a: Corviknight|0 fnt\n|faint|p2a: Corviknight\n|\n|win|xueshen\n|raw|xueshen's rating: 1263 &rarr; <strong>1277<\/strong><br \/>(+14 for winning)\n|raw|tynewname's rating: 1102 &rarr; <strong>1088<\/strong><br \/>(-14 for losing)\n","uploadtime":1699591560,"views":8,"p1id":"xueshen","p2id":"tynewname","formatid":"gen9doublesou","rating":1088,"private":0,"password":""}