{"id":"gen9doublesou-1981721299","p1":"DatGroove","p2":"coolguyslim21","format":"[Gen 9] Doubles OU","log":"|j|\u2606DatGroove\n|j|\u2606coolguyslim21\n|t:|1698936520\n|gametype|doubles\n|player|p1|DatGroove|barry|1116\n|player|p2|coolguyslim21|jasmine-masters2|1050\n|teamsize|p1|6\n|teamsize|p2|6\n|gen|9\n|tier|[Gen 9] Doubles OU\n|rated|\n|rule|Species Clause: Limit one of each Pok\u00e9mon\n|rule|OHKO Clause: OHKO moves are banned\n|rule|Evasion Moves Clause: Evasion moves are banned\n|rule|Gravity Sleep Clause: The combination of sleep-inducing moves with imperfect accuracy and Gravity or Gigantamax Orbeetle are banned\n|rule|Endless Battle Clause: Forcing endless battles is banned\n|rule|HP Percentage Mod: HP is shown in percentages\n|clearpoke\n|poke|p1|Sinistcha-Masterpiece|\n|poke|p1|Palafin, M|\n|poke|p1|Flutter Mane|\n|poke|p1|Armarouge, F|\n|poke|p1|Chien-Pao|\n|poke|p1|Indeedee-F, F|\n|poke|p2|Clefairy, F|\n|poke|p2|Glimmora, M|\n|poke|p2|Flutter Mane|\n|poke|p2|Ogerpon-Wellspring, F|\n|poke|p2|Landorus-Therian, M|\n|poke|p2|Iron Hands|\n|teampreview\n|inactive|Battle timer is ON: inactive players will automatically lose when time's up. (requested by coolguyslim21)\n|\n|t:|1698936543\n|start\n|switch|p1a: Palafin|Palafin, M|100\/100\n|switch|p1b: Chien-Pao|Chien-Pao|100\/100\n|switch|p2a: Shake|Clefairy, F|100\/100\n|switch|p2b: and Bake|Glimmora, M|100\/100\n|-ability|p1b: Chien-Pao|Sword of Ruin\n|turn|1\n|\n|t:|1698936570\n|-terastallize|p1b: Chien-Pao|Fighting\n|move|p2b: and Bake|Spiky Shield|p2b: and Bake\n|-singleturn|p2b: and Bake|move: Protect\n|move|p1b: Chien-Pao|Sacred Sword|p2b: and Bake\n|-activate|p2b: and Bake|move: Protect\n|-damage|p1b: Chien-Pao|88\/100|[from] Spiky Shield|[of] p2b: and Bake\n|move|p1a: Palafin|Flip Turn|p2b: and Bake\n|-activate|p2b: and Bake|move: Protect\n|-damage|p1a: Palafin|88\/100|[from] Spiky Shield|[of] p2b: and Bake\n|move|p2a: Shake|Calm Mind|p2a: Shake\n|-boost|p2a: Shake|spa|1\n|-boost|p2a: Shake|spd|1\n|\n|upkeep\n|turn|2\n|\n|t:|1698936592\n|move|p2a: Shake|Protect|p2a: Shake\n|-singleturn|p2a: Shake|Protect\n|move|p1b: Chien-Pao|Sacred Sword|p2b: and Bake\n|-damage|p2b: and Bake|26\/100\n|-activate|p2b: and Bake|ability: Toxic Debris\n|-sidestart|p1: DatGroove|move: Toxic Spikes\n|move|p1a: Palafin|Flip Turn|p2b: and Bake\n|-supereffective|p2b: and Bake\n|-damage|p2b: and Bake|0 fnt\n|-activate|p2b: and Bake|ability: Toxic Debris\n|-sidestart|p1: DatGroove|move: Toxic Spikes\n|faint|p2b: and Bake\n|inactive|DatGroove has 120 seconds left.\n|\n|t:|1698936611\n|detailschange|p1a: Palafin|Palafin-Hero, M\n|switch|p1a: Indeedee|Indeedee-F, F|100\/100|[from] Flip Turn\n|-status|p1a: Indeedee|tox\n|-fieldstart|move: Psychic Terrain|[from] ability: Psychic Surge|[of] p1a: Indeedee\n|\n|-damage|p1a: Indeedee|94\/100 tox|[from] psn\n|upkeep\n|\n|t:|1698936622\n|switch|p2b: Landorus-Theremin|Landorus-Therian, M|100\/100\n|-ability|p2b: Landorus-Theremin|Intimidate|boost\n|-unboost|p1a: Indeedee|atk|1\n|-unboost|p1b: Chien-Pao|atk|1\n|turn|3\n|\n|t:|1698936641\n|switch|p1b: Armarouge|Armarouge, F|100\/100\n|-status|p1b: Armarouge|tox\n|move|p1a: Indeedee|Follow Me|p1a: Indeedee\n|-singleturn|p1a: Indeedee|move: Follow Me\n|move|p2b: Landorus-Theremin|Stealth Rock|p1b: Armarouge\n|-sidestart|p1: DatGroove|move: Stealth Rock\n|move|p2a: Shake|Calm Mind|p2a: Shake\n|-boost|p2a: Shake|spa|1\n|-boost|p2a: Shake|spd|1\n|\n|-damage|p1b: Armarouge|94\/100 tox|[from] psn\n|-damage|p1a: Indeedee|82\/100 tox|[from] psn\n|upkeep\n|turn|4\n|\n|t:|1698936663\n|move|p1a: Indeedee|Helping Hand|p1b: Armarouge\n|-singleturn|p1b: Armarouge|Helping Hand|[of] p1a: Indeedee\n|move|p2b: Landorus-Theremin|Stone Edge|p1b: Armarouge|[miss]\n|-miss|p2b: Landorus-Theremin|p1b: Armarouge\n|move|p1b: Armarouge|Expanding Force|p2a: Shake|[spread] p2a,p2b\n|-damage|p2a: Shake|61\/100\n|-damage|p2b: Landorus-Theremin|13\/100\n|-enditem|p2b: Landorus-Theremin|Sitrus Berry|[eat]\n|-heal|p2b: Landorus-Theremin|37\/100|[from] item: Sitrus Berry\n|move|p2a: Shake|Baton Pass|p2a: Shake\n|\n|t:|1698936673\n|switch|p2a: RIP TAKEOFF|Flutter Mane|100\/100|[from] Baton Pass\n|-enditem|p2a: RIP TAKEOFF|Booster Energy\n|-activate|p2a: RIP TAKEOFF|ability: Protosynthesis|[fromitem]\n|-start|p2a: RIP TAKEOFF|protosynthesisspa\n|\n|-damage|p1b: Armarouge|82\/100 tox|[from] psn\n|-damage|p1a: Indeedee|64\/100 tox|[from] psn\n|upkeep\n|turn|5\n|inactive|DatGroove has 120 seconds left.\n|\n|t:|1698936714\n|move|p1b: Armarouge|Protect|p1b: Armarouge\n|-singleturn|p1b: Armarouge|Protect\n|move|p2a: RIP TAKEOFF|Dazzling Gleam|p1a: Indeedee|[spread] p1a\n|-activate|p1b: Armarouge|move: Protect\n|-damage|p1a: Indeedee|2\/100 tox\n|-enditem|p1a: Indeedee|Sitrus Berry|[eat]\n|-heal|p1a: Indeedee|26\/100 tox|[from] item: Sitrus Berry\n|move|p2b: Landorus-Theremin|Stomping Tantrum|p1b: Armarouge\n|-activate|p1b: Armarouge|move: Protect\n|move|p1a: Indeedee|Psyshock|p2a: RIP TAKEOFF\n|-damage|p2a: RIP TAKEOFF|54\/100\n|\n|-damage|p1b: Armarouge|64\/100 tox|[from] psn\n|-damage|p1a: Indeedee|2\/100 tox|[from] psn\n|upkeep\n|turn|6\n|inactive|DatGroove has 120 seconds left.\n|\n|t:|1698936758\n|move|p1a: Indeedee|Follow Me|p1a: Indeedee\n|-singleturn|p1a: Indeedee|move: Follow Me\n|move|p2a: RIP TAKEOFF|Dazzling Gleam|p1a: Indeedee|[spread] p1a,p1b\n|-resisted|p1b: Armarouge\n|-damage|p1a: Indeedee|0 fnt\n|-damage|p1b: Armarouge|20\/100 tox\n|faint|p1a: Indeedee\n|move|p2b: Landorus-Theremin|Stomping Tantrum|p1b: Armarouge\n|-supereffective|p1b: Armarouge\n|-damage|p1b: Armarouge|0 fnt\n|faint|p1b: Armarouge\n|\n|-fieldend|move: Psychic Terrain\n|upkeep\n|inactive|DatGroove has 90 seconds left.\n|\n|t:|1698936774\n|switch|p1b: Sinistcha|Sinistcha-Masterpiece|100\/100\n|switch|p1a: Palafin|Palafin-Hero, M|88\/100\n|-status|p1a: Palafin|tox\n|-damage|p1a: Palafin|76\/100 tox|[from] Stealth Rock\n|-activate|p1a: Palafin|ability: Zero to Hero\n|-status|p1b: Sinistcha|tox\n|-damage|p1b: Sinistcha|88\/100 tox|[from] Stealth Rock\n|-heal|p1a: Palafin|100\/100 tox|[from] ability: Hospitality|[of] p1b: Sinistcha\n|turn|7\n|inactive|DatGroove has 90 seconds left.\n|\n|t:|1698936800\n|move|p1a: Palafin|Protect|p1a: Palafin\n|-singleturn|p1a: Palafin|Protect\n|move|p2a: RIP TAKEOFF|Dazzling Gleam|p1b: Sinistcha|[spread] p1b\n|-activate|p1a: Palafin|move: Protect\n|-damage|p1b: Sinistcha|13\/100 tox\n|move|p2b: Landorus-Theremin|Grass Knot|p1a: Palafin\n|-activate|p1a: Palafin|move: Protect\n|move|p1b: Sinistcha|Matcha Gotcha|p2a: RIP TAKEOFF|[spread] p2a,p2b\n|-damage|p2a: RIP TAKEOFF|43\/100\n|-heal|p1b: Sinistcha|19\/100 tox|[from] drain|[of] p2a: RIP TAKEOFF\n|-damage|p2b: Landorus-Theremin|0 fnt\n|-heal|p1b: Sinistcha|40\/100 tox|[from] drain|[of] p2b: Landorus-Theremin\n|faint|p2b: Landorus-Theremin\n|\n|-heal|p1b: Sinistcha|46\/100 tox|[from] item: Leftovers\n|-damage|p1a: Palafin|94\/100 tox|[from] psn\n|-damage|p1b: Sinistcha|40\/100 tox|[from] psn\n|upkeep\n|inactive|coolguyslim21 has 120 seconds left.\n|\n|t:|1698936829\n|switch|p2b: Iron Fellow|Iron Hands|100\/100\n|turn|8\n|\n|t:|1698936852\n|-terastallize|p2a: RIP TAKEOFF|Fairy\n|move|p2a: RIP TAKEOFF|Dazzling Gleam|p1a: Palafin|[spread] p1a,p1b\n|-damage|p1a: Palafin|0 fnt\n|-damage|p1b: Sinistcha|0 fnt\n|faint|p1a: Palafin\n|faint|p1b: Sinistcha\n|move|p2b: Iron Fellow|Thunder Punch|p1: Palafin|[notarget]\n|-fail|p2b: Iron Fellow\n|\n|upkeep\n|\n|t:|1698936862\n|switch|p1a: Chien-Pao|Chien-Pao, tera:Fighting|88\/100\n|switch|p1b: Flutter Mane|Flutter Mane|100\/100\n|-status|p1a: Chien-Pao|tox\n|-damage|p1a: Chien-Pao|82\/100 tox|[from] Stealth Rock\n|-ability|p1a: Chien-Pao|Sword of Ruin\n|-status|p1b: Flutter Mane|tox\n|-damage|p1b: Flutter Mane|88\/100 tox|[from] Stealth Rock\n|-enditem|p1b: Flutter Mane|Booster Energy\n|-activate|p1b: Flutter Mane|ability: Protosynthesis|[fromitem]\n|-start|p1b: Flutter Mane|protosynthesisspa\n|turn|9\n|inactive|DatGroove has 90 seconds left.\n|\n|t:|1698936900\n|move|p1a: Chien-Pao|Ice Spinner|p2b: Iron Fellow\n|-damage|p2b: Iron Fellow|42\/100\n|move|p1b: Flutter Mane|Shadow Ball|p2a: RIP TAKEOFF\n|-damage|p2a: RIP TAKEOFF|17\/100\n|move|p2a: RIP TAKEOFF|Dazzling Gleam|p1a: Chien-Pao|[spread] p1a,p1b\n|-supereffective|p1a: Chien-Pao\n|-crit|p1b: Flutter Mane\n|-damage|p1a: Chien-Pao|0 fnt\n|-damage|p1b: Flutter Mane|0 fnt\n|faint|p1a: Chien-Pao\n|faint|p1b: Flutter Mane\n|-end|p1b: Flutter Mane|Protosynthesis|[silent]\n|\n|win|coolguyslim21\n|raw|DatGroove's rating: 1116 &rarr; <strong>1086<\/strong><br \/>(-30 for losing)\n|raw|coolguyslim21's rating: 1050 &rarr; <strong>1089<\/strong><br \/>(+39 for winning)\n|l|\u2606DatGroove\n","uploadtime":1698937180,"views":17,"p1id":"datgroove","p2id":"coolguyslim21","formatid":"gen9doublesou","rating":1086,"private":0,"password":""}