{"id":"gen9doublesou-1992215895","p1":"hitr_ssbm","p2":"Mr. Alola Tales","format":"[Gen 9] Doubles OU","log":"|j|\u2606hitr_ssbm\n|j|\u2606Mr. Alola Tales\n|t:|1700164638\n|gametype|doubles\n|player|p1|hitr_ssbm|101|1421\n|player|p2|Mr. Alola Tales|archer|1428\n|teamsize|p1|6\n|teamsize|p2|6\n|gen|9\n|tier|[Gen 9] Doubles OU\n|rated|\n|rule|Species Clause: Limit one of each Pok\u00e9mon\n|rule|OHKO Clause: OHKO moves are banned\n|rule|Evasion Moves Clause: Evasion moves are banned\n|rule|Gravity Sleep Clause: The combination of sleep-inducing moves with imperfect accuracy and Gravity or Gigantamax Orbeetle are banned\n|rule|Endless Battle Clause: Forcing endless battles is banned\n|rule|HP Percentage Mod: HP is shown in percentages\n|clearpoke\n|poke|p1|Ambipom, F|\n|poke|p1|Tyranitar, F|\n|poke|p1|Kleavor, F|\n|poke|p1|Goodra-Hisui, M|\n|poke|p1|Mimikyu, F|\n|poke|p1|Gastrodon, F|\n|poke|p2|Dusclops, F|\n|poke|p2|Ursaluna-Bloodmoon, M|\n|poke|p2|Ogerpon-Cornerstone, F|\n|poke|p2|Chi-Yu|\n|poke|p2|Iron Hands|\n|poke|p2|Landorus-Therian, M|\n|teampreview\n|\n|t:|1700164651\n|start\n|switch|p1a: Kleavor|Kleavor, F, shiny|100\/100\n|switch|p1b: Ambipom|Ambipom, F, shiny|100\/100\n|switch|p2a: Iron Hands|Iron Hands|100\/100\n|switch|p2b: Landorus|Landorus-Therian, M|100\/100\n|-ability|p2b: Landorus|Intimidate|boost\n|-unboost|p1a: Kleavor|atk|1\n|-unboost|p1b: Ambipom|atk|1\n|turn|1\n|inactive|Battle timer is ON: inactive players will automatically lose when time's up. (requested by hitr_ssbm)\n|\n|t:|1700164676\n|move|p1b: Ambipom|Fake Out|p2a: Iron Hands\n|-damage|p2a: Iron Hands|88\/100\n|cant|p2a: Iron Hands|flinch\n|move|p2b: Landorus|U-turn|p1a: Kleavor\n|-damage|p1a: Kleavor|66\/100\n|\n|t:|1700164685\n|switch|p2b: Ogerpon|Ogerpon-Cornerstone, F|100\/100|[from] U-turn\n|move|p1a: Kleavor|Stone Axe|p2b: Ogerpon|[miss]\n|-miss|p1a: Kleavor|p2b: Ogerpon\n|\n|upkeep\n|turn|2\n|\n|t:|1700164699\n|move|p2b: Ogerpon|Horn Leech|p1a: Kleavor\n|-damage|p1a: Kleavor|5\/100\n|move|p1b: Ambipom|Fling|p2a: Iron Hands\n|-resisted|p2a: Iron Hands\n|-damage|p2a: Iron Hands|85\/100\n|-enditem|p1b: Ambipom|King's Rock|[from] move: Fling\n|move|p1a: Kleavor|X-Scissor|p2b: Ogerpon\n|-supereffective|p2b: Ogerpon\n|-ability|p2b: Ogerpon|Sturdy\n|-damage|p2b: Ogerpon|1\/100\n|cant|p2a: Iron Hands|flinch\n|\n|upkeep\n|turn|3\n|\n|t:|1700164725\n|switch|p1a: Goodra|Goodra-Hisui, M|100\/100\n|move|p2b: Ogerpon|Horn Leech|p1a: Goodra\n|-ability|p1a: Goodra|Sap Sipper|boost\n|-boost|p1a: Goodra|atk|1\n|move|p1b: Ambipom|U-turn|p2b: Ogerpon\n|-supereffective|p2b: Ogerpon\n|-damage|p2b: Ogerpon|0 fnt\n|faint|p2b: Ogerpon\n|\n|t:|1700164738\n|switch|p1b: Mimikyu|Mimikyu, F|100\/100|[from] U-turn\n|move|p2a: Iron Hands|Drain Punch|p1b: Mimikyu\n|-immune|p1b: Mimikyu\n|\n|upkeep\n|\n|t:|1700164748\n|switch|p2b: Landorus|Landorus-Therian, M|100\/100\n|-ability|p2b: Landorus|Intimidate|boost\n|-unboost|p1a: Goodra|atk|1\n|-unboost|p1b: Mimikyu|atk|1\n|turn|4\n|\n|t:|1700164771\n|switch|p1a: Kleavor|Kleavor, F, shiny|5\/100\n|move|p2b: Landorus|U-turn|p1b: Mimikyu\n|-activate|p1b: Mimikyu|ability: Disguise\n|-damage|p1b: Mimikyu|100\/100\n|detailschange|p1b: Mimikyu|Mimikyu-Busted, F\n|-damage|p1b: Mimikyu|88\/100|[from] pokemon: Mimikyu-Busted\n|\n|t:|1700164782\n|switch|p2b: Dusclops|Dusclops, F|100\/100|[from] U-turn\n|-item|p1a: Kleavor|Assault Vest|[from] ability: Frisk|[of] p2b: Dusclops|[identify]\n|-item|p1b: Mimikyu|Safety Goggles|[from] ability: Frisk|[of] p2b: Dusclops|[identify]\n|move|p1b: Mimikyu|Play Rough|p2a: Iron Hands\n|-supereffective|p2a: Iron Hands\n|-damage|p2a: Iron Hands|52\/100\n|move|p2a: Iron Hands|Drain Punch|p1a: Kleavor\n|-damage|p1a: Kleavor|0 fnt\n|-heal|p2a: Iron Hands|53\/100|[from] drain|[of] p1a: Kleavor\n|faint|p1a: Kleavor\n|\n|upkeep\n|\n|t:|1700164800\n|switch|p1a: Ambipom|Ambipom, F, shiny|100\/100\n|turn|5\n|\n|t:|1700164817\n|-end|p2a: Iron Hands|Quark Drive|[silent]\n|switch|p2a: Landorus|Landorus-Therian, M|100\/100\n|-ability|p2a: Landorus|Intimidate|boost\n|-unboost|p1a: Ambipom|atk|1\n|-unboost|p1b: Mimikyu|atk|1\n|move|p1a: Ambipom|Fake Out|p2a: Landorus\n|-damage|p2a: Landorus|79\/100\n|move|p1b: Mimikyu|Play Rough|p2a: Landorus\n|-damage|p2a: Landorus|56\/100\n|move|p2b: Dusclops|Brick Break|p1a: Ambipom\n|-supereffective|p1a: Ambipom\n|-damage|p1a: Ambipom|60\/100\n|\n|upkeep\n|turn|6\n|\n|t:|1700164846\n|move|p2b: Dusclops|Helping Hand|p2a: Landorus\n|-singleturn|p2a: Landorus|Helping Hand|[of] p2b: Dusclops\n|move|p2a: Landorus|Rock Slide|p1b: Mimikyu|[spread] p1a,p1b\n|-damage|p1a: Ambipom|6\/100\n|-damage|p1b: Mimikyu|29\/100\n|move|p1a: Ambipom|Thief|p2b: Dusclops\n|-supereffective|p2b: Dusclops\n|-damage|p2b: Dusclops|74\/100\n|-enditem|p2b: Dusclops|Eviolite|[silent]|[from] move: Thief|[of] p1a: Ambipom\n|-item|p1a: Ambipom|Eviolite|[from] move: Thief|[of] p2b: Dusclops\n|cant|p1b: Mimikyu|flinch\n|\n|upkeep\n|turn|7\n|\n|t:|1700164869\n|switch|p2a: Ursaluna|Ursaluna-Bloodmoon, M|100\/100\n|switch|p1a: Goodra|Goodra-Hisui, M|100\/100\n|switch|p1b: Gastrodon|Gastrodon, F|100\/100\n|move|p2b: Dusclops|Trick Room|p2b: Dusclops\n|-fieldstart|move: Trick Room|[of] p2b: Dusclops\n|\n|upkeep\n|turn|8\n|\n|t:|1700164889\n|-terastallize|p2a: Ursaluna|Ghost\n|-terastallize|p1a: Goodra|Ghost\n|move|p2b: Dusclops|Helping Hand|p2a: Ursaluna\n|-singleturn|p2a: Ursaluna|Helping Hand|[of] p2b: Dusclops\n|move|p1b: Gastrodon|Muddy Water|p2a: Ursaluna|[spread] p2a,p2b\n|-damage|p2a: Ursaluna|65\/100\n|-damage|p2b: Dusclops|53\/100\n|move|p2a: Ursaluna|Hyper Voice|p1b: Gastrodon|[spread] p1a,p1b\n|-crit|p1a: Goodra\n|-damage|p1a: Goodra|61\/100\n|-damage|p1b: Gastrodon|62\/100\n|-enditem|p2a: Ursaluna|Throat Spray\n|-boost|p2a: Ursaluna|spa|1|[from] item: Throat Spray\n|move|p1a: Goodra|Ice Spinner|p2a: Ursaluna\n|-damage|p2a: Ursaluna|47\/100\n|\n|upkeep\n|turn|9\n|\n|t:|1700164918\n|move|p2b: Dusclops|Helping Hand|p2a: Ursaluna\n|-singleturn|p2a: Ursaluna|Helping Hand|[of] p2b: Dusclops\n|move|p1b: Gastrodon|Muddy Water|p2b: Dusclops|[spread] p2a,p2b\n|-damage|p2a: Ursaluna|14\/100\n|-damage|p2b: Dusclops|33\/100\n|move|p2a: Ursaluna|Hyper Voice|p1a: Goodra|[spread] p1a,p1b\n|-damage|p1a: Goodra|22\/100\n|-damage|p1b: Gastrodon|3\/100\n|move|p1a: Goodra|Dragon Tail|p2a: Ursaluna|[miss]\n|-miss|p1a: Goodra|p2a: Ursaluna\n|\n|upkeep\n|turn|10\n|\n|t:|1700164939\n|move|p2a: Ursaluna|Protect|p2a: Ursaluna\n|-singleturn|p2a: Ursaluna|Protect\n|move|p2b: Dusclops|Shadow Sneak|p1b: Gastrodon\n|-damage|p1b: Gastrodon|0 fnt\n|faint|p1b: Gastrodon\n|move|p1a: Goodra|Heavy Slam|p2b: Dusclops\n|-damage|p2b: Dusclops|0 fnt\n|faint|p2b: Dusclops\n|\n|upkeep\n|\n|t:|1700164949\n|switch|p2b: Iron Hands|Iron Hands|53\/100\n|switch|p1b: Tyranitar|Tyranitar, F|100\/100\n|-weather|Sandstorm|[from] ability: Sand Stream|[of] p1b: Tyranitar\n|turn|11\n|\n|t:|1700164968\n|move|p1b: Tyranitar|Protect|p1b: Tyranitar\n|-singleturn|p1b: Tyranitar|Protect\n|move|p2b: Iron Hands|Fake Out|p1b: Tyranitar\n|-activate|p1b: Tyranitar|move: Protect\n|move|p1a: Goodra|Feint|p2b: Iron Hands\n|-damage|p2b: Iron Hands|47\/100\n|move|p2a: Ursaluna|Hyper Voice|p1a: Goodra|[spread] p1a\n|-activate|p1b: Tyranitar|move: Protect\n|-damage|p1a: Goodra|0 fnt\n|faint|p1a: Goodra\n|\n|-weather|Sandstorm|[upkeep]\n|-damage|p2b: Iron Hands|41\/100|[from] Sandstorm\n|-damage|p2a: Ursaluna|8\/100|[from] Sandstorm\n|-fieldend|move: Trick Room\n|upkeep\n|\n|t:|1700164982\n|switch|p1a: Ambipom|Ambipom, F, shiny|6\/100\n|turn|12\n|\n|t:|1700164990\n|-end|p2b: Iron Hands|Quark Drive|[silent]\n|switch|p2b: Landorus|Landorus-Therian, M|56\/100\n|-ability|p2b: Landorus|Intimidate|boost\n|-unboost|p1a: Ambipom|atk|1\n|-unboost|p1b: Tyranitar|atk|1\n|move|p1a: Ambipom|Thief|p2a: Ursaluna\n|-supereffective|p2a: Ursaluna\n|-damage|p2a: Ursaluna|0 fnt\n|faint|p2a: Ursaluna\n|move|p1b: Tyranitar|High Horsepower|p2b: Landorus\n|-immune|p2b: Landorus\n|\n|-weather|Sandstorm|[upkeep]\n|-damage|p1a: Ambipom|0 fnt|[from] Sandstorm\n|faint|p1a: Ambipom\n|upkeep\n|\n|t:|1700165002\n|switch|p1a: Mimikyu|Mimikyu-Busted, F|29\/100\n|switch|p2a: Iron Hands|Iron Hands|41\/100\n|turn|13\n|\n|t:|1700165017\n|move|p1b: Tyranitar|Protect|p1b: Tyranitar\n|-singleturn|p1b: Tyranitar|Protect\n|move|p2a: Iron Hands|Fake Out|p1b: Tyranitar\n|-activate|p1b: Tyranitar|move: Protect\n|move|p2b: Landorus|U-turn|p1a: Mimikyu\n|-resisted|p1a: Mimikyu\n|-damage|p1a: Mimikyu|18\/100\n|\n|t:|1700165024\n|switch|p2b: Chi-Yu|Chi-Yu|100\/100|[from] U-turn\n|-ability|p2b: Chi-Yu|Beads of Ruin\n|move|p1a: Mimikyu|Play Rough|p2a: Iron Hands\n|-supereffective|p2a: Iron Hands\n|-damage|p2a: Iron Hands|0 fnt\n|faint|p2a: Iron Hands\n|-end|p2a: Iron Hands|Quark Drive|[silent]\n|\n|-weather|Sandstorm|[upkeep]\n|-damage|p2b: Chi-Yu|95\/100|[from] Sandstorm\n|upkeep\n|\n|t:|1700165034\n|switch|p2a: Landorus|Landorus-Therian, M|56\/100\n|-ability|p2a: Landorus|Intimidate|boost\n|-unboost|p1a: Mimikyu|atk|1\n|-unboost|p1b: Tyranitar|atk|1\n|turn|14\n|\n|t:|1700165041\n|move|p2b: Chi-Yu|Protect|p2b: Chi-Yu\n|-singleturn|p2b: Chi-Yu|Protect\n|move|p2a: Landorus|Earthquake|p1b: Tyranitar|[spread] p1a,p1b\n|-activate|p2b: Chi-Yu|move: Protect\n|-supereffective|p1b: Tyranitar\n|-damage|p1a: Mimikyu|0 fnt\n|-damage|p1b: Tyranitar|27\/100\n|faint|p1a: Mimikyu\n|move|p1b: Tyranitar|Rock Slide|p2a: Landorus|[spread] p2a\n|-activate|p2b: Chi-Yu|move: Protect\n|-damage|p2a: Landorus|37\/100\n|\n|-weather|Sandstorm|[upkeep]\n|-damage|p2b: Chi-Yu|89\/100|[from] Sandstorm\n|upkeep\n|turn|15\n|\n|t:|1700165057\n|move|p2b: Chi-Yu|Protect|p2b: Chi-Yu\n|-singleturn|p2b: Chi-Yu|Protect\n|move|p2a: Landorus|Earthquake|p1b: Tyranitar|[spread] p1b\n|-activate|p2b: Chi-Yu|move: Protect\n|-supereffective|p1b: Tyranitar\n|-damage|p1b: Tyranitar|0 fnt\n|faint|p1b: Tyranitar\n|\n|win|Mr. Alola Tales\n|raw|hitr_ssbm's rating: 1421 &rarr; <strong>1401<\/strong><br \/>(-20 for losing)\n|raw|Mr. Alola Tales's rating: 1428 &rarr; <strong>1448<\/strong><br \/>(+20 for winning)\n","uploadtime":1700165068,"views":6,"p1id":"hitrssbm","p2id":"mralolatales","formatid":"gen9doublesou","rating":1401,"private":0,"password":""}