{"id":"gen9doublesou-1991781410","p1":"Phoenixshadow301","p2":"OctoToaster!","format":"[Gen 9] Doubles OU","log":"|j|\u2606Phoenixshadow301\n|j|\u2606OctoToaster!\n|t:|1700116171\n|gametype|doubles\n|player|p1|Phoenixshadow301|101|1143\n|player|p2|OctoToaster!|clown|1140\n|teamsize|p1|6\n|teamsize|p2|6\n|gen|9\n|tier|[Gen 9] Doubles OU\n|rated|\n|rule|Species Clause: Limit one of each Pok\u00e9mon\n|rule|OHKO Clause: OHKO moves are banned\n|rule|Evasion Moves Clause: Evasion moves are banned\n|rule|Gravity Sleep Clause: The combination of sleep-inducing moves with imperfect accuracy and Gravity or Gigantamax Orbeetle are banned\n|rule|Endless Battle Clause: Forcing endless battles is banned\n|rule|HP Percentage Mod: HP is shown in percentages\n|clearpoke\n|poke|p1|Empoleon, F|\n|poke|p1|Gholdengo|\n|poke|p1|Kingambit, M|\n|poke|p1|Heatran, F|\n|poke|p1|Azumarill, M|\n|poke|p1|Corviknight, F|\n|poke|p2|Pincurchin, M|\n|poke|p2|Iron Bundle|\n|poke|p2|Grafaiai, M|\n|poke|p2|Slaking, M|\n|poke|p2|Espathra, M|\n|poke|p2|Raichu-Alola, M|\n|teampreview\n|\n|t:|1700116206\n|start\n|switch|p1a: Corviknight|Corviknight, F|100\/100\n|switch|p1b: Gholdengo|Gholdengo|100\/100\n|switch|p2a: Spyke|Pincurchin, M, shiny|100\/100\n|switch|p2b: Ladygaga|Espathra, M, shiny|100\/100\n|-item|p1b: Gholdengo|Air Balloon\n|-ability|p1a: Corviknight|Pressure\n|-fieldstart|move: Electric Terrain|[from] ability: Electric Surge|[of] p2a: Spyke\n|turn|1\n|\n|t:|1700116241\n|switch|p2a: Big Chungus|Slaking, M, shiny|100\/100\n|move|p2b: Ladygaga|Skill Swap|p2a: Big Chungus\n|-activate|p2b: Ladygaga|move: Skill Swap|||[of] p2a: Big Chungus\n|move|p1b: Gholdengo|Nasty Plot|p1b: Gholdengo\n|-boost|p1b: Gholdengo|spa|2\n|-ability|p2a: Big Chungus|Opportunist|boost\n|-boost|p2a: Big Chungus|spa|2\n|move|p1a: Corviknight|U-turn|p2b: Ladygaga\n|-supereffective|p2b: Ladygaga\n|-damage|p2b: Ladygaga|67\/100\n|\n|t:|1700116260\n|switch|p1a: Azumarill|Azumarill, M|100\/100|[from] U-turn\n|\n|upkeep\n|turn|2\n|\n|t:|1700116317\n|-terastallize|p2a: Big Chungus|Ghost\n|cant|p2b: Ladygaga|ability: Truant\n|move|p1b: Gholdengo|Make It Rain|p2b: Ladygaga|[spread] p2a,p2b\n|-damage|p2a: Big Chungus|33\/100\n|-damage|p2b: Ladygaga|0 fnt\n|-unboost|p1b: Gholdengo|spa|1\n|faint|p2b: Ladygaga\n|move|p2a: Big Chungus|Bulk Up|p2a: Big Chungus\n|-boost|p2a: Big Chungus|atk|1\n|-boost|p2a: Big Chungus|def|1\n|move|p1a: Azumarill|Play Rough|p2a: Big Chungus|[miss]\n|-miss|p1a: Azumarill|p2a: Big Chungus\n|\n|-heal|p2a: Big Chungus|39\/100|[from] item: Leftovers\n|upkeep\n|\n|t:|1700116371\n|switch|p2b: Fudge|Raichu-Alola, M, shiny|100\/100\n|-enditem|p2b: Fudge|Electric Seed\n|-boost|p2b: Fudge|def|1|[from] item: Electric Seed\n|turn|3\n|\n|t:|1700116400\n|switch|p1a: Heatran|Heatran, F|100\/100\n|-terastallize|p1b: Gholdengo|Steel\n|move|p2a: Big Chungus|Sucker Punch|p1b: Gholdengo\n|-damage|p1b: Gholdengo|53\/100\n|-enditem|p1b: Gholdengo|Air Balloon\n|move|p2b: Fudge|Electro Ball|p1a: Heatran\n|-damage|p1a: Heatran|65\/100\n|move|p1b: Gholdengo|Make It Rain|p2b: Fudge|[spread] p2a,p2b\n|-resisted|p2b: Fudge\n|-damage|p2a: Big Chungus|0 fnt\n|-damage|p2b: Fudge|29\/100\n|-unboost|p1b: Gholdengo|spa|1\n|faint|p2a: Big Chungus\n|\n|upkeep\n|\n|t:|1700116425\n|switch|p2a: Sputnik|Iron Bundle, shiny|100\/100\n|-activate|p2a: Sputnik|ability: Quark Drive\n|-start|p2a: Sputnik|quarkdrivespa\n|turn|4\n|\n|t:|1700116442\n|move|p2b: Fudge|Electro Ball|p1b: Gholdengo\n|-damage|p1b: Gholdengo|0 fnt\n|faint|p1b: Gholdengo\n|move|p2a: Sputnik|Chilling Water|p1a: Heatran\n|-supereffective|p1a: Heatran\n|-damage|p1a: Heatran|11\/100\n|-unboost|p1a: Heatran|atk|1\n|-damage|p2a: Sputnik|91\/100|[from] item: Life Orb\n|move|p1a: Heatran|Heat Wave|p2b: Fudge|[spread] p2a,p2b\n|-damage|p2a: Sputnik|14\/100\n|-damage|p2b: Fudge|0 fnt\n|faint|p2b: Fudge\n|\n|upkeep\n|\n|t:|1700116469\n|switch|p2b: Zaboomafooo|Grafaiai, M|100\/100\n|switch|p1b: Corviknight|Corviknight, F|100\/100\n|-ability|p1b: Corviknight|Pressure\n|turn|5\n|\n|t:|1700116508\n|switch|p1a: Empoleon|Empoleon, F, shiny|100\/100\n|move|p2b: Zaboomafooo|Parting Shot|p1b: Corviknight\n|-unboost|p1b: Corviknight|atk|1\n|-unboost|p1b: Corviknight|spa|1\n|\n|t:|1700116528\n|switch|p2b: Spyke|Pincurchin, M, shiny|100\/100|[from] Parting Shot\n|move|p2a: Sputnik|Freeze-Dry|p1b: Corviknight\n|-damage|p1b: Corviknight|38\/100\n|-damage|p2a: Sputnik|4\/100|[from] item: Life Orb\n|move|p1b: Corviknight|Defog|p2a: Sputnik\n|-unboost|p2a: Sputnik|evasion|1\n|-fieldend|move: Electric Terrain\n|-end|p2a: Sputnik|Quark Drive\n|\n|-heal|p1b: Corviknight|44\/100|[from] item: Leftovers\n|upkeep\n|turn|6\n|\n|t:|1700116559\n|move|p2b: Spyke|Protect|p2b: Spyke\n|-singleturn|p2b: Spyke|Protect\n|move|p2a: Sputnik|Freeze-Dry|p1a: Empoleon\n|-damage|p1a: Empoleon|69\/100\n|-damage|p2a: Sputnik|0 fnt|[from] item: Life Orb\n|faint|p2a: Sputnik\n|-end|p2a: Sputnik|Quark Drive|[silent]\n|move|p1b: Corviknight|Roost|p1b: Corviknight\n|-heal|p1b: Corviknight|94\/100\n|-singleturn|p1b: Corviknight|move: Roost\n|move|p1a: Empoleon|Surf|p2b: Spyke|[spread] p1b\n|-activate|p2b: Spyke|move: Protect\n|-damage|p1b: Corviknight|73\/100\n|\n|-heal|p1b: Corviknight|79\/100|[from] item: Leftovers\n|upkeep\n|\n|t:|1700116577\n|switch|p2a: Zaboomafooo|Grafaiai, M|100\/100\n|turn|7\n|l|\u2606OctoToaster!\n|player|p2|\n|inactive|Battle timer is ON: inactive players will automatically lose when time's up. (requested by Phoenixshadow301)\n|inactive|OctoToaster! has 30 seconds to reconnect!\n|inactive|OctoToaster! has 20 seconds to reconnect!\n|inactive|OctoToaster! has 15 seconds to reconnect!\n|inactive|OctoToaster! has 10 seconds to reconnect!\n|inactive|OctoToaster! has 5 seconds to reconnect!\n|-message|OctoToaster! lost due to inactivity.\n|\n|win|Phoenixshadow301\n|raw|Phoenixshadow301's rating: 1143 &rarr; <strong>1168<\/strong><br \/>(+25 for winning)\n|raw|OctoToaster!'s rating: 1140 &rarr; <strong>1115<\/strong><br \/>(-25 for losing)\n","uploadtime":1700116711,"views":6,"p1id":"phoenixshadow301","p2id":"octotoaster","formatid":"gen9doublesou","rating":1115,"private":0,"password":""}