{"id":"gen9doublesou-1983524928","p1":"Iamthing36","p2":"BonnieBonshinon","format":"[Gen 9] Doubles OU","log":"|j|\u2606Iamthing36\n|j|\u2606BonnieBonshinon\n|t:|1699139556\n|gametype|doubles\n|player|p1|Iamthing36|acetrainer|1158\n|player|p2|BonnieBonshinon|101|1110\n|teamsize|p1|6\n|teamsize|p2|6\n|gen|9\n|tier|[Gen 9] Doubles OU\n|rated|\n|rule|Species Clause: Limit one of each Pok\u00e9mon\n|rule|OHKO Clause: OHKO moves are banned\n|rule|Evasion Moves Clause: Evasion moves are banned\n|rule|Gravity Sleep Clause: The combination of sleep-inducing moves with imperfect accuracy and Gravity or Gigantamax Orbeetle are banned\n|rule|Endless Battle Clause: Forcing endless battles is banned\n|rule|HP Percentage Mod: HP is shown in percentages\n|clearpoke\n|poke|p1|Dudunsparce-*, M|\n|poke|p1|Jolteon, M|\n|poke|p1|Jumpluff, M|\n|poke|p1|Goodra, F|\n|poke|p1|Copperajah, M|\n|poke|p1|Houndoom, M|\n|poke|p2|Snorlax, M|\n|poke|p2|Sneasler, F|\n|poke|p2|Sinistcha|\n|poke|p2|Kommo-o, M|\n|poke|p2|Landorus-Therian, M|\n|poke|p2|Flutter Mane|\n|teampreview\n|c|\u2606Iamthing36|what's a meta pokemon right now?\n|\n|t:|1699139576\n|start\n|switch|p1a: Jolteon|Jolteon, M|100\/100\n|switch|p1b: Dudunsparce|Dudunsparce, M|100\/100\n|switch|p2a: Flutter Mane|Flutter Mane|100\/100\n|switch|p2b: Landorus|Landorus-Therian, M|100\/100\n|-ability|p2b: Landorus|Intimidate|boost\n|-unboost|p1a: Jolteon|atk|1\n|-fail|p1b: Dudunsparce|unboost|[from] item: Clear Amulet|[of] p1b: Dudunsparce\n|-ability|p1b: Dudunsparce|Rattled|boost\n|-boost|p1b: Dudunsparce|spe|1\n|-enditem|p2a: Flutter Mane|Booster Energy\n|-activate|p2a: Flutter Mane|ability: Protosynthesis|[fromitem]\n|-start|p2a: Flutter Mane|protosynthesisspa\n|turn|1\n|\n|t:|1699139602\n|-terastallize|p2a: Flutter Mane|Fairy\n|move|p1a: Jolteon|Pin Missile|p1b: Dudunsparce\n|-damage|p1b: Dudunsparce|98\/100\n|-ability|p1b: Dudunsparce|Rattled|boost\n|-boost|p1b: Dudunsparce|spe|1\n|-damage|p1b: Dudunsparce|96\/100\n|-ability|p1b: Dudunsparce|Rattled|boost\n|-boost|p1b: Dudunsparce|spe|1\n|-damage|p1b: Dudunsparce|94\/100\n|-ability|p1b: Dudunsparce|Rattled|boost\n|-boost|p1b: Dudunsparce|spe|1\n|-damage|p1b: Dudunsparce|91\/100\n|-ability|p1b: Dudunsparce|Rattled|boost\n|-boost|p1b: Dudunsparce|spe|1\n|-damage|p1b: Dudunsparce|89\/100\n|-ability|p1b: Dudunsparce|Rattled|boost\n|-boost|p1b: Dudunsparce|spe|1\n|-hitcount|p1b: Dudunsparce|5\n|move|p1b: Dudunsparce|Calm Mind|p1b: Dudunsparce\n|-boost|p1b: Dudunsparce|spa|1\n|-boost|p1b: Dudunsparce|spd|1\n|move|p2a: Flutter Mane|Dazzling Gleam|p1a: Jolteon|[spread] p1a,p1b\n|-damage|p1a: Jolteon|13\/100\n|-damage|p1b: Dudunsparce|51\/100\n|move|p2b: Landorus|Rock Slide|p1a: Jolteon|[spread] p1a,p1b\n|-crit|p1a: Jolteon\n|-damage|p1a: Jolteon|0 fnt\n|-damage|p1b: Dudunsparce|31\/100\n|faint|p1a: Jolteon\n|\n|upkeep\n|\n|t:|1699139635\n|switch|p1a: Goodra|Goodra, F|100\/100\n|turn|2\n|\n|t:|1699139651\n|-terastallize|p1b: Dudunsparce|Normal\n|move|p1b: Dudunsparce|Boomburst|p2b: Landorus|[spread] p1a,p2a,p2b\n|-damage|p1a: Goodra|64\/100\n|-damage|p2a: Flutter Mane|9\/100\n|-damage|p2b: Landorus|20\/100\n|move|p2a: Flutter Mane|Dazzling Gleam|p1b: Dudunsparce|[spread] p1a,p1b\n|-supereffective|p1a: Goodra\n|-damage|p1a: Goodra|17\/100\n|-damage|p1b: Dudunsparce|0 fnt\n|faint|p1b: Dudunsparce\n|move|p2b: Landorus|U-turn|p1a: Goodra\n|-damage|p1a: Goodra|0 fnt\n|faint|p1a: Goodra\n|c|\u2606Iamthing36|no\n|\n|t:|1699139663\n|switch|p2b: Sinistcha|Sinistcha|100\/100|[from] U-turn\n|-heal|p2a: Flutter Mane|34\/100|[from] ability: Hospitality|[of] p2b: Sinistcha\n|\n|upkeep\n|c|\u2606Iamthing36|sad\n|\n|t:|1699139672\n|switch|p1a: Copperajah|Copperajah, M|100\/100\n|switch|p1b: Houndoom|Houndoom, M|100\/100\n|turn|3\n|\n|t:|1699139689\n|switch|p2b: Sneasler|Sneasler, F|100\/100\n|move|p2a: Flutter Mane|Protect|p2a: Flutter Mane\n|-singleturn|p2a: Flutter Mane|Protect\n|move|p1b: Houndoom|Heat Wave|p2a: Flutter Mane|[spread] p2b\n|-activate|p2a: Flutter Mane|move: Protect\n|-damage|p2b: Sneasler|54\/100\n|move|p1a: Copperajah|Heavy Slam|p2a: Flutter Mane\n|-activate|p2a: Flutter Mane|move: Protect\n|\n|upkeep\n|turn|4\n|\n|t:|1699139740\n|switch|p1b: Jumpluff|Jumpluff, M|100\/100\n|switch|p2b: Sinistcha|Sinistcha|100\/100\n|-heal|p2a: Flutter Mane|59\/100|[from] ability: Hospitality|[of] p2b: Sinistcha\n|move|p2a: Flutter Mane|Dazzling Gleam|p1b: Jumpluff|[spread] p1a,p1b\n|-resisted|p1a: Copperajah\n|-damage|p1a: Copperajah|71\/100\n|-damage|p1b: Jumpluff|46\/100\n|-enditem|p1b: Jumpluff|Red Card|[of] p2a: Flutter Mane\n|-end|p2a: Flutter Mane|Protosynthesis|[silent]\n|drag|p2a: Snorlax|Snorlax, M|100\/100\n|move|p1a: Copperajah|Earthquake|p2a: Snorlax|[spread] p2a,p2b\n|-immune|p1b: Jumpluff\n|-crit|p2a: Snorlax\n|-resisted|p2b: Sinistcha\n|-damage|p2a: Snorlax|68\/100\n|-damage|p2b: Sinistcha|88\/100\n|\n|upkeep\n|turn|5\n|\n|t:|1699139769\n|move|p1b: Jumpluff|Strength Sap|p2a: Snorlax\n|-unboost|p2a: Snorlax|atk|1\n|-heal|p1b: Jumpluff|100\/100\n|move|p2a: Snorlax|Belly Drum|p2a: Snorlax\n|-damage|p2a: Snorlax|18\/100\n|-setboost|p2a: Snorlax|atk|6|[from] move: Belly Drum\n|-enditem|p2a: Snorlax|Sitrus Berry|[eat]\n|-heal|p2a: Snorlax|43\/100|[from] item: Sitrus Berry\n|move|p1a: Copperajah|Heavy Slam|p2b: Sinistcha\n|-damage|p2b: Sinistcha|18\/100\n|move|p2b: Sinistcha|Trick Room|p2b: Sinistcha\n|-fieldstart|move: Trick Room|[of] p2b: Sinistcha\n|\n|upkeep\n|turn|6\n|\n|t:|1699139809\n|move|p1a: Copperajah|Fling|p2a: Snorlax\n|-damage|p2a: Snorlax|7\/100\n|-enditem|p1a: Copperajah|Iron Ball|[from] move: Fling\n|move|p2a: Snorlax|Facade|p1b: Jumpluff\n|-damage|p1b: Jumpluff|0 fnt\n|faint|p1b: Jumpluff\n|move|p2b: Sinistcha|Matcha Gotcha|p1a: Copperajah\n|-resisted|p1a: Copperajah\n|-damage|p1a: Copperajah|53\/100\n|-heal|p2b: Sinistcha|31\/100|[from] drain|[of] p1a: Copperajah\n|\n|upkeep\n|\n|t:|1699139819\n|switch|p1b: Houndoom|Houndoom, M|100\/100\n|turn|7\n|\n|t:|1699139832\n|move|p1a: Copperajah|Rock Slide|p2b: Sinistcha|[spread] p2a,p2b\n|-damage|p2a: Snorlax|0 fnt\n|-damage|p2b: Sinistcha|12\/100\n|faint|p2a: Snorlax\n|move|p2b: Sinistcha|Strength Sap|p1a: Copperajah\n|-unboost|p1a: Copperajah|atk|1\n|-heal|p2b: Sinistcha|100\/100\n|move|p1b: Houndoom|Snarl|p2b: Sinistcha\n|-supereffective|p2b: Sinistcha\n|-damage|p2b: Sinistcha|50\/100\n|-unboost|p2b: Sinistcha|spa|1\n|\n|upkeep\n|\n|t:|1699139847\n|switch|p2a: Kommo-o|Kommo-o, M|100\/100\n|turn|8\n|\n|t:|1699139872\n|switch|p2b: Sneasler|Sneasler, F|54\/100\n|move|p1a: Copperajah|Heavy Slam|p2b: Sneasler\n|-damage|p2b: Sneasler|0 fnt\n|faint|p2b: Sneasler\n|move|p2a: Kommo-o|Clangorous Soul|p2a: Kommo-o\n|-boost|p2a: Kommo-o|atk|1\n|-boost|p2a: Kommo-o|def|1\n|-boost|p2a: Kommo-o|spa|1\n|-boost|p2a: Kommo-o|spd|1\n|-boost|p2a: Kommo-o|spe|1\n|-damage|p2a: Kommo-o|68\/100\n|-enditem|p2a: Kommo-o|Throat Spray\n|-boost|p2a: Kommo-o|spa|1|[from] item: Throat Spray\n|move|p1b: Houndoom|Taunt|p2a: Kommo-o\n|-start|p2a: Kommo-o|move: Taunt\n|\n|upkeep\n|c|\u2606Iamthing36|oh\n|c|\u2606Iamthing36|trickroom\n|c|\u2606Iamthing36|shoot\n|\n|t:|1699139889\n|switch|p2b: Sinistcha|Sinistcha|50\/100\n|-heal|p2a: Kommo-o|93\/100|[from] ability: Hospitality|[of] p2b: Sinistcha\n|turn|9\n|c|\u2606Iamthing36|I forgor\n|\n|t:|1699139912\n|move|p1a: Copperajah|Heavy Slam|p2a: Kommo-o\n|-damage|p2a: Kommo-o|67\/100\n|move|p2b: Sinistcha|Strength Sap|p1b: Houndoom\n|-unboost|p1b: Houndoom|atk|1\n|-heal|p2b: Sinistcha|100\/100\n|move|p1b: Houndoom|Heat Wave|p2a: Kommo-o|[spread] p2a,p2b\n|-resisted|p2a: Kommo-o\n|-supereffective|p2b: Sinistcha\n|-damage|p2a: Kommo-o|56\/100\n|-damage|p2b: Sinistcha|31\/100\n|move|p2a: Kommo-o|Clanging Scales|p1b: Houndoom|[spread] p1a,p1b\n|-resisted|p1a: Copperajah\n|-damage|p1a: Copperajah|19\/100\n|-damage|p1b: Houndoom|8\/100\n|-unboost|p2a: Kommo-o|def|1\n|\n|-fieldend|move: Trick Room\n|upkeep\n|turn|10\n|\n|t:|1699139937\n|switch|p2b: Flutter Mane|Flutter Mane, tera:Fairy|59\/100\n|move|p2a: Kommo-o|Clanging Scales|p1b: Houndoom|[spread] p1a,p1b\n|-resisted|p1a: Copperajah\n|-damage|p1a: Copperajah|0 fnt\n|-damage|p1b: Houndoom|0 fnt\n|faint|p1a: Copperajah\n|faint|p1b: Houndoom\n|\n|win|BonnieBonshinon\n|raw|Iamthing36's rating: 1158 &rarr; <strong>1130<\/strong><br \/>(-28 for losing)\n|raw|BonnieBonshinon's rating: 1110 &rarr; <strong>1138<\/strong><br \/>(+28 for winning)\n|c|\u2606Iamthing36|gg\n|l|\u2606Iamthing36\n","uploadtime":1699139975,"views":14,"p1id":"iamthing36","p2id":"bonniebonshinon","formatid":"gen9doublesou","rating":1130,"private":0,"password":""}