{"id":"gen9doublesou-1983541468","p1":"wildvari","p2":"Tryone1","format":"[Gen 9] Doubles OU","log":"|j|\u2606wildvari\n|j|\u2606Tryone1\n|t:|1699141378\n|gametype|doubles\n|player|p1|wildvari|unknown|1104\n|player|p2|Tryone1|169|1069\n|teamsize|p1|6\n|teamsize|p2|6\n|gen|9\n|tier|[Gen 9] Doubles OU\n|rated|\n|rule|Species Clause: Limit one of each Pok\u00e9mon\n|rule|OHKO Clause: OHKO moves are banned\n|rule|Evasion Moves Clause: Evasion moves are banned\n|rule|Gravity Sleep Clause: The combination of sleep-inducing moves with imperfect accuracy and Gravity or Gigantamax Orbeetle are banned\n|rule|Endless Battle Clause: Forcing endless battles is banned\n|rule|HP Percentage Mod: HP is shown in percentages\n|clearpoke\n|poke|p1|Snorlax, M|\n|poke|p1|Pelipper, M|\n|poke|p1|Gengar, M|\n|poke|p1|Dragapult, F|\n|poke|p1|Gyarados, M|\n|poke|p1|Garchomp, M|\n|poke|p2|Oricorio-Pom-Pom, M|\n|poke|p2|Lilligant, F|\n|poke|p2|Roaring Moon|\n|poke|p2|Volcarona, F|\n|poke|p2|Pawmot, M|\n|poke|p2|Kommo-o, F|\n|teampreview\n|inactive|Battle timer is ON: inactive players will automatically lose when time's up. (requested by wildvari)\n|inactive|Tryone1 also wants the timer to be on.\n|\n|t:|1699141385\n|start\n|switch|p1a: Garchomp|Garchomp, M|100\/100\n|switch|p1b: Gyarados|Gyarados, M, shiny|100\/100\n|switch|p2a: Oricorio|Oricorio-Pom-Pom, M|100\/100\n|switch|p2b: Lilligant|Lilligant, F|100\/100\n|-ability|p1b: Gyarados|Intimidate|boost\n|-unboost|p2a: Oricorio|atk|1\n|-fail|p2b: Lilligant|unboost|Attack|[from] ability: Own Tempo|[of] p2b: Lilligant\n|turn|1\n|\n|t:|1699141411\n|switch|p1b: Snorlax|Snorlax, M, shiny|100\/100\n|move|p2a: Oricorio|Teeter Dance|p1b: Snorlax|[spread] p2b,p1a,p1b\n|-immune|p2b: Lilligant|confusion|[from] ability: Own Tempo\n|-start|p1a: Garchomp|confusion\n|-start|p1b: Snorlax|confusion\n|-activate|p1a: Garchomp|confusion\n|move|p1a: Garchomp|Stone Edge|p2a: Oricorio|[miss]\n|-miss|p1a: Garchomp|p2a: Oricorio\n|move|p2b: Lilligant|Quiver Dance|p2b: Lilligant\n|-boost|p2b: Lilligant|spa|1\n|-boost|p2b: Lilligant|spd|1\n|-boost|p2b: Lilligant|spe|1\n|-activate|p2a: Oricorio|ability: Dancer\n|move|p2a: Oricorio|Quiver Dance|p2a: Oricorio|[from]ability: Dancer\n|-boost|p2a: Oricorio|spa|1\n|-boost|p2a: Oricorio|spd|1\n|-boost|p2a: Oricorio|spe|1\n|\n|upkeep\n|turn|2\n|inactive|Tryone1 has 120 seconds left.\n|\n|t:|1699141443\n|-terastallize|p1a: Garchomp|Steel\n|move|p2a: Oricorio|Protect|p2a: Oricorio\n|-singleturn|p2a: Oricorio|Protect\n|move|p2b: Lilligant|Quiver Dance|p2b: Lilligant\n|-boost|p2b: Lilligant|spa|1\n|-boost|p2b: Lilligant|spd|1\n|-boost|p2b: Lilligant|spe|1\n|-activate|p2a: Oricorio|ability: Dancer\n|move|p2a: Oricorio|Quiver Dance|p2a: Oricorio|[from]ability: Dancer\n|-boost|p2a: Oricorio|spa|1\n|-boost|p2a: Oricorio|spd|1\n|-boost|p2a: Oricorio|spe|1\n|-activate|p1a: Garchomp|confusion\n|move|p1a: Garchomp|Stone Edge|p2a: Oricorio\n|-activate|p2a: Oricorio|move: Protect\n|-activate|p1b: Snorlax|confusion\n|-damage|p1b: Snorlax|89\/100|[from] confusion\n|\n|upkeep\n|turn|3\n|inactive|Tryone1 has 120 seconds left.\n|\n|t:|1699141470\n|move|p2a: Oricorio|Revelation Dance|p1b: Snorlax\n|-crit|p1b: Snorlax\n|-damage|p1b: Snorlax|28\/100\n|move|p2b: Lilligant|Sleep Powder|p1a: Garchomp\n|-status|p1a: Garchomp|slp|[from] move: Sleep Powder\n|cant|p1a: Garchomp|slp\n|-activate|p1b: Snorlax|confusion\n|move|p1b: Snorlax|Gunk Shot|p2b: Lilligant|[miss]\n|-miss|p1b: Snorlax|p2b: Lilligant\n|\n|upkeep\n|turn|4\n|\n|t:|1699141487\n|switch|p1b: Dragapult|Dragapult, F|100\/100\n|move|p2a: Oricorio|Protect|p2a: Oricorio\n|-singleturn|p2a: Oricorio|Protect\n|move|p2b: Lilligant|Quiver Dance|p2b: Lilligant\n|-boost|p2b: Lilligant|spa|1\n|-boost|p2b: Lilligant|spd|1\n|-boost|p2b: Lilligant|spe|1\n|-activate|p2a: Oricorio|ability: Dancer\n|move|p2a: Oricorio|Quiver Dance|p2a: Oricorio|[from]ability: Dancer\n|-boost|p2a: Oricorio|spa|1\n|-boost|p2a: Oricorio|spd|1\n|-boost|p2a: Oricorio|spe|1\n|cant|p1a: Garchomp|slp\n|\n|upkeep\n|turn|5\n|inactive|wildvari has 120 seconds left.\n|\n|t:|1699141526\n|switch|p1b: Gyarados|Gyarados, M, shiny|100\/100\n|-ability|p1b: Gyarados|Intimidate|boost\n|-unboost|p2a: Oricorio|atk|1\n|-fail|p2b: Lilligant|unboost|Attack|[from] ability: Own Tempo|[of] p2b: Lilligant\n|move|p2a: Oricorio|Revelation Dance|p1b: Gyarados\n|-supereffective|p1b: Gyarados\n|-damage|p1b: Gyarados|0 fnt\n|faint|p1b: Gyarados\n|move|p2b: Lilligant|Petal Dance|p1a: Garchomp\n|-resisted|p1a: Garchomp\n|-damage|p1a: Garchomp|51\/100 slp\n|-damage|p2b: Lilligant|88\/100|[from] ability: Rough Skin|[of] p1a: Garchomp\n|-damage|p2b: Lilligant|72\/100|[from] item: Rocky Helmet|[of] p1a: Garchomp\n|-activate|p2a: Oricorio|ability: Dancer\n|move|p2a: Oricorio|Petal Dance|p1a: Garchomp|[from]ability: Dancer\n|-resisted|p1a: Garchomp\n|-damage|p1a: Garchomp|22\/100 slp\n|-damage|p2a: Oricorio|88\/100|[from] ability: Rough Skin|[of] p1a: Garchomp\n|-damage|p2a: Oricorio|72\/100|[from] item: Rocky Helmet|[of] p1a: Garchomp\n|cant|p1a: Garchomp|slp\n|\n|upkeep\n|\n|t:|1699141551\n|switch|p1b: Gengar|Gengar, M|100\/100\n|turn|6\n|inactive|wildvari has 120 seconds left.\n|\n|t:|1699141571\n|move|p2a: Oricorio|Protect|p2a: Oricorio\n|-singleturn|p2a: Oricorio|Protect\n|move|p2b: Lilligant|Petal Dance|p1b: Gengar|[from]lockedmove\n|-resisted|p1b: Gengar\n|-crit|p1b: Gengar\n|-damage|p1b: Gengar|0 fnt\n|faint|p1b: Gengar\n|-activate|p2a: Oricorio|ability: Dancer\n|move|p2a: Oricorio|Petal Dance|p1a: Garchomp|[from]ability: Dancer\n|-resisted|p1a: Garchomp\n|-damage|p1a: Garchomp|0 fnt\n|-damage|p2a: Oricorio|59\/100|[from] ability: Rough Skin|[of] p1a: Garchomp\n|-damage|p2a: Oricorio|43\/100|[from] item: Rocky Helmet|[of] p1a: Garchomp\n|faint|p1a: Garchomp\n|\n|upkeep\n|c|\u2606wildvari|damn internet\n|inactive|wildvari has 120 seconds left.\n|\n|t:|1699141594\n|switch|p1b: Snorlax|Snorlax, M, shiny|28\/100\n|switch|p1a: Dragapult|Dragapult, F|100\/100\n|turn|7\n|\n|t:|1699141601\n|move|p1b: Snorlax|Protect|p1b: Snorlax\n|-singleturn|p1b: Snorlax|Protect\n|move|p1a: Dragapult|Sucker Punch|p2a: Oricorio\n|-damage|p2a: Oricorio|20\/100\n|move|p2a: Oricorio|Revelation Dance|p1b: Snorlax\n|-activate|p1b: Snorlax|move: Protect\n|move|p2b: Lilligant|Petal Dance|p1b: Snorlax|[from]lockedmove\n|-activate|p1b: Snorlax|move: Protect\n|\n|upkeep\n|turn|8\n|\n|t:|1699141622\n|move|p2a: Oricorio|Protect|p2a: Oricorio\n|-singleturn|p2a: Oricorio|Protect\n|move|p1b: Snorlax|Protect||[still]\n|-fail|p1b: Snorlax\n|move|p1a: Dragapult|Sucker Punch||[still]\n|-fail|p1a: Dragapult\n|move|p2b: Lilligant|Sleep Powder|p1a: Dragapult\n|-status|p1a: Dragapult|slp|[from] move: Sleep Powder\n|\n|upkeep\n|turn|9\n|\n|t:|1699141640\n|cant|p1a: Dragapult|slp\n|move|p2a: Oricorio|Teeter Dance|p1a: Dragapult|[spread] p2b,p1a,p1b\n|-immune|p2b: Lilligant|confusion|[from] ability: Own Tempo\n|-start|p1a: Dragapult|confusion\n|-start|p1b: Snorlax|confusion\n|move|p2b: Lilligant|Petal Dance|p1a: Dragapult\n|-resisted|p1a: Dragapult\n|-damage|p1a: Dragapult|41\/100 slp\n|-activate|p2a: Oricorio|ability: Dancer\n|move|p2a: Oricorio|Petal Dance|p1a: Dragapult|[from]ability: Dancer\n|-resisted|p1a: Dragapult\n|-damage|p1a: Dragapult|5\/100 slp\n|-activate|p1b: Snorlax|confusion\n|-damage|p1b: Snorlax|17\/100|[from] confusion\n|\n|upkeep\n|turn|10\n|n|!wildvari|wildvari\n|inactive|wildvari has 120 seconds left.\n|\n|t:|1699141671\n|cant|p1a: Dragapult|slp\n|move|p2a: Oricorio|Revelation Dance|p1a: Dragapult\n|-resisted|p1a: Dragapult\n|-damage|p1a: Dragapult|0 fnt\n|faint|p1a: Dragapult\n|move|p2b: Lilligant|Petal Dance|p1b: Snorlax|[from]lockedmove\n|-damage|p1b: Snorlax|0 fnt\n|faint|p1b: Snorlax\n|-activate|p2a: Oricorio|ability: Dancer\n|move|p2a: Oricorio|Petal Dance|p1: Dragapult|[from]ability: Dancer|[notarget]\n|-fail|p2a: Oricorio\n|\n|upkeep\n|inactive|wildvari has 120 seconds left.\n|-message|wildvari forfeited.\n|\n|win|Tryone1\n|raw|wildvari's rating: 1104 &rarr; <strong>1076<\/strong><br \/>(-28 for losing)\n|raw|Tryone1's rating: 1069 &rarr; <strong>1102<\/strong><br \/>(+33 for winning)\n|l|!wildvari\n","uploadtime":1699141645,"views":9,"p1id":"wildvari","p2id":"tryone1","formatid":"gen9doublesou","rating":1076,"private":0,"password":""}