{"id":"gen9doublesou-1974711471","p1":"Builtlikeapotato","p2":"distant horizon","format":"[Gen 9] Doubles OU","log":"|j|\u2606Builtlikeapotato\n|j|\u2606distant horizon\n|inactive|Battle timer is ON: inactive players will automatically lose when time's up.\n|t:|1698113078\n|gametype|doubles\n|player|p1|Builtlikeapotato|eusine|\n|player|p2|distant horizon|youngcouple-gen4dp|\n|teamsize|p1|6\n|teamsize|p2|6\n|gen|9\n|tier|[Gen 9] Doubles OU\n|rated|Tournament battle\n|rule|Species Clause: Limit one of each Pok\u00e9mon\n|rule|OHKO Clause: OHKO moves are banned\n|rule|Evasion Moves Clause: Evasion moves are banned\n|rule|Gravity Sleep Clause: The combination of sleep-inducing moves with imperfect accuracy and Gravity or Gigantamax Orbeetle are banned\n|rule|Endless Battle Clause: Forcing endless battles is banned\n|rule|HP Percentage Mod: HP is shown in percentages\n|clearpoke\n|poke|p1|Ursaluna-Bloodmoon, M|\n|poke|p1|Torkoal, M|\n|poke|p1|Indeedee-F, F|\n|poke|p1|Amoonguss, F|\n|poke|p1|Oranguru, M|\n|poke|p1|Glastrier|\n|poke|p2|Goodra-Hisui, F|\n|poke|p2|Ogerpon-Hearthflame, F|\n|poke|p2|Ludicolo, F|\n|poke|p2|Pelipper, F|\n|poke|p2|Tauros-Paldea-Aqua, M|\n|poke|p2|Tornadus, M|\n|teampreview\n|inactive|Builtlikeapotato also wants the timer to be on.\n|c|\u2606Builtlikeapotato|Gl\n|c|\u2606Builtlikeapotato|This the finals?\n|j| Eyeball eater\n|\n|t:|1698113095\n|start\n|switch|p1a: IScreamandShout|Ursaluna-Bloodmoon, M|100\/100\n|switch|p1b: Gullible|Indeedee-F, F|100\/100\n|switch|p2a: Ogerpon|Ogerpon-Hearthflame, F|100\/100\n|switch|p2b: Goodra|Goodra-Hisui, F|100\/100\n|-ability|p2a: Ogerpon|Mold Breaker\n|-fieldstart|move: Psychic Terrain|[from] ability: Psychic Surge|[of] p1b: Gullible\n|turn|1\n|\n|t:|1698113119\n|move|p2a: Ogerpon|Wood Hammer|p1a: IScreamandShout\n|-supereffective|p1a: IScreamandShout\n|-damage|p1a: IScreamandShout|7\/100\n|-damage|p2a: Ogerpon|56\/100|[from] Recoil\n|move|p1a: IScreamandShout|Hyper Voice|p2b: Goodra|[spread] p2a,p2b\n|-resisted|p2b: Goodra\n|-damage|p2a: Ogerpon|11\/100\n|-damage|p2b: Goodra|93\/100\n|move|p2b: Goodra|Dragon Tail|p1b: Gullible|[miss]\n|-miss|p2b: Goodra|p1b: Gullible\n|move|p1b: Gullible|Trick Room|p1b: Gullible\n|-fieldstart|move: Trick Room|[of] p1b: Gullible\n|\n|upkeep\n|turn|2\n|c|\u2606Builtlikeapotato|Damn\n|\n|t:|1698113141\n|switch|p2a: Pelipper|Pelipper, F|100\/100\n|-weather|RainDance|[from] ability: Drizzle|[of] p2a: Pelipper\n|move|p1b: Gullible|Follow Me|p1b: Gullible\n|-singleturn|p1b: Gullible|move: Follow Me\n|move|p1a: IScreamandShout|Hyper Voice|p2b: Goodra|[spread] p2a,p2b\n|-resisted|p2b: Goodra\n|-damage|p2a: Pelipper|19\/100\n|-damage|p2b: Goodra|82\/100\n|move|p2b: Goodra|Muddy Water|p1a: IScreamandShout|[spread] p1a,p1b\n|-supereffective|p1a: IScreamandShout\n|-damage|p1a: IScreamandShout|0 fnt\n|-damage|p1b: Gullible|73\/100\n|-unboost|p1b: Gullible|accuracy|1\n|faint|p1a: IScreamandShout\n|\n|-weather|RainDance|[upkeep]\n|upkeep\n|\n|t:|1698113152\n|switch|p1a: Glastrier|Glastrier|100\/100\n|turn|3\n|inactive|distant horizon has 120 seconds left.\n|\n|t:|1698113204\n|switch|p1b: Oranguru|Oranguru, M|100\/100\n|move|p2a: Pelipper|Protect|p2a: Pelipper\n|-singleturn|p2a: Pelipper|Protect\n|move|p1a: Glastrier|High Horsepower|p2b: Goodra\n|-supereffective|p2b: Goodra\n|-damage|p2b: Goodra|12\/100\n|move|p2b: Goodra|Draco Meteor|p1b: Oranguru\n|-damage|p1b: Oranguru|43\/100\n|-unboost|p2b: Goodra|spa|2\n|\n|-weather|RainDance|[upkeep]\n|upkeep\n|turn|4\n|inactive|distant horizon has 120 seconds left.\n|\n|t:|1698113233\n|switch|p2b: Tauros|Tauros-Paldea-Aqua, M|100\/100\n|-ability|p2b: Tauros|Intimidate|boost\n|-unboost|p1a: Glastrier|atk|1\n|-fail|p1b: Oranguru|unboost|Attack|[from] ability: Inner Focus|[of] p1b: Oranguru\n|switch|p2a: Ludicolo|Ludicolo, F|100\/100\n|move|p1a: Glastrier|Icicle Crash|p2b: Tauros\n|-resisted|p2b: Tauros\n|-damage|p2b: Tauros|82\/100\n|move|p1b: Oranguru|Instruct|p1a: Glastrier\n|-singleturn|p1a: Glastrier|move: Instruct|[of] p1b: Oranguru\n|move|p1a: Glastrier|Icicle Crash|p2b: Tauros\n|-resisted|p2b: Tauros\n|-damage|p2b: Tauros|63\/100\n|\n|-weather|RainDance|[upkeep]\n|upkeep\n|turn|5\n|inactive|distant horizon has 120 seconds left.\n|\n|t:|1698113257\n|move|p2a: Ludicolo|Fake Out|p1a: Glastrier\n|-activate|p1a: Glastrier|move: Psychic Terrain\n|move|p1a: Glastrier|Icicle Crash|p2a: Ludicolo|[miss]\n|-miss|p1a: Glastrier|p2a: Ludicolo\n|move|p1b: Oranguru|Instruct|p1a: Glastrier\n|-singleturn|p1a: Glastrier|move: Instruct|[of] p1b: Oranguru\n|move|p1a: Glastrier|Icicle Crash|p2a: Ludicolo|[miss]\n|-miss|p1a: Glastrier|p2a: Ludicolo\n|move|p2b: Tauros|Close Combat|p1a: Glastrier\n|-supereffective|p1a: Glastrier\n|-damage|p1a: Glastrier|21\/100\n|-unboost|p2b: Tauros|def|1\n|-unboost|p2b: Tauros|spd|1\n|-enditem|p1a: Glastrier|Sitrus Berry|[eat]\n|-heal|p1a: Glastrier|46\/100|[from] item: Sitrus Berry\n|\n|-weather|RainDance|[upkeep]\n|-fieldend|move: Trick Room\n|-fieldend|move: Psychic Terrain\n|upkeep\n|turn|6\n|inactive|distant horizon has 120 seconds left.\n|c|\u2606Builtlikeapotato|What\n|c|\u2606Builtlikeapotato|It missed twice?\n|c|\u2606Builtlikeapotato|Wild\n|\n|t:|1698113291\n|move|p2a: Ludicolo|Weather Ball|p1b: Oranguru\n|-crit|p1b: Oranguru\n|-damage|p1b: Oranguru|0 fnt\n|faint|p1b: Oranguru\n|move|p2b: Tauros|Close Combat|p1a: Glastrier\n|-supereffective|p1a: Glastrier\n|-damage|p1a: Glastrier|0 fnt\n|-unboost|p2b: Tauros|def|1\n|-unboost|p2b: Tauros|spd|1\n|faint|p1a: Glastrier\n|\n|-weather|none\n|upkeep\n|\n|t:|1698113299\n|switch|p1b: Torkoal|Torkoal, M|100\/100\n|switch|p1a: Gullible|Indeedee-F, F|73\/100\n|-fieldstart|move: Psychic Terrain|[from] ability: Psychic Surge|[of] p1a: Gullible\n|-weather|SunnyDay|[from] ability: Drought|[of] p1b: Torkoal\n|turn|7\n|inactive|distant horizon has 120 seconds left.\n|\n|t:|1698113319\n|switch|p2b: Pelipper|Pelipper, F|19\/100\n|-weather|RainDance|[from] ability: Drizzle|[of] p2b: Pelipper\n|move|p1b: Torkoal|Protect|p1b: Torkoal\n|-singleturn|p1b: Torkoal|Protect\n|move|p2a: Ludicolo|Weather Ball|p1b: Torkoal\n|-activate|p1b: Torkoal|move: Protect\n|move|p1a: Gullible|Trick Room|p1a: Gullible\n|-fieldstart|move: Trick Room|[of] p1a: Gullible\n|\n|-weather|RainDance|[upkeep]\n|upkeep\n|turn|8\n|inactive|distant horizon has 120 seconds left.\n|\n|t:|1698113348\n|switch|p1b: Amoonguss|Amoonguss, F|100\/100\n|switch|p2b: Tornadus|Tornadus, M|100\/100\n|move|p1a: Gullible|Psychic|p2b: Tornadus\n|-damage|p2b: Tornadus|58\/100\n|move|p2a: Ludicolo|Weather Ball|p1b: Amoonguss\n|-resisted|p1b: Amoonguss\n|-damage|p1b: Amoonguss|75\/100\n|\n|-weather|RainDance|[upkeep]\n|upkeep\n|turn|9\n|inactive|distant horizon has 120 seconds left.\n|\n|t:|1698113371\n|switch|p1b: Torkoal|Torkoal, M|100\/100\n|-weather|SunnyDay|[from] ability: Drought|[of] p1b: Torkoal\n|switch|p2b: Goodra|Goodra-Hisui, F|12\/100\n|move|p1a: Gullible|Follow Me|p1a: Gullible\n|-singleturn|p1a: Gullible|move: Follow Me\n|move|p2a: Ludicolo|Weather Ball|p1a: Gullible\n|-damage|p1a: Gullible|35\/100\n|\n|-weather|SunnyDay|[upkeep]\n|upkeep\n|turn|10\n|\n|t:|1698113386\n|switch|p2b: Pelipper|Pelipper, F|19\/100\n|-weather|RainDance|[from] ability: Drizzle|[of] p2b: Pelipper\n|move|p1a: Gullible|Follow Me|p1a: Gullible\n|-singleturn|p1a: Gullible|move: Follow Me\n|move|p1b: Torkoal|Heat Wave|p2a: Ludicolo|[spread] p2a,p2b\n|-resisted|p2b: Pelipper\n|-damage|p2a: Ludicolo|87\/100\n|-damage|p2b: Pelipper|4\/100\n|move|p2a: Ludicolo|Weather Ball|p1a: Gullible\n|-damage|p1a: Gullible|0 fnt\n|faint|p1a: Gullible\n|\n|-weather|RainDance|[upkeep]\n|upkeep\n|\n|t:|1698113396\n|switch|p1a: Amoonguss|Amoonguss, F|75\/100\n|turn|11\n|\n|t:|1698113416\n|switch|p2b: Goodra|Goodra-Hisui, F|12\/100\n|move|p1b: Torkoal|Heat Wave|p2a: Ludicolo|[spread] p2a,p2b\n|-crit|p2a: Ludicolo\n|-damage|p2a: Ludicolo|65\/100\n|-damage|p2b: Goodra|4\/100\n|move|p1a: Amoonguss|Pollen Puff|p2a: Ludicolo\n|-supereffective|p2a: Ludicolo\n|-damage|p2a: Ludicolo|39\/100\n|move|p2a: Ludicolo|Weather Ball|p1b: Torkoal\n|-supereffective|p1b: Torkoal\n|-damage|p1b: Torkoal|0 fnt\n|faint|p1b: Torkoal\n|\n|-weather|RainDance|[upkeep]\n|-fieldend|move: Trick Room\n|-fieldend|move: Psychic Terrain\n|upkeep\n|turn|12\n|c|\u2606Builtlikeapotato|Gg\n|-message|Builtlikeapotato forfeited.\n|\n|win|distant horizon\n|n|\u2606Builtlikeapotato|builtlikeapotato\n|n|\u2606distant horizon|distanthorizon\n|n| Eyeball eater|eyeballeater\n","uploadtime":1698113422,"views":23,"p1id":"builtlikeapotato","p2id":"distanthorizon","formatid":"gen9doublesou","rating":0,"private":0,"password":""}