{"id":"gen9doublesou-1968218119","p1":"Arcticblast","p2":"Schister","format":"[Gen 9] Doubles OU","log":"|j|\u2606Arcticblast\n|j|\u2606Schister\n|inactive|Battle timer is ON: inactive players will automatically lose when time's up.\n|t:|1697395935\n|gametype|doubles\n|player|p1|Arcticblast|102|\n|player|p2|Schister|clair|\n|teamsize|p1|6\n|teamsize|p2|6\n|gen|9\n|tier|[Gen 9] Doubles OU\n|rated|Tournament battle\n|rule|Species Clause: Limit one of each Pok\u00e9mon\n|rule|OHKO Clause: OHKO moves are banned\n|rule|Evasion Moves Clause: Evasion moves are banned\n|rule|Gravity Sleep Clause: The combination of sleep-inducing moves with imperfect accuracy and Gravity or Gigantamax Orbeetle are banned\n|rule|Endless Battle Clause: Forcing endless battles is banned\n|rule|HP Percentage Mod: HP is shown in percentages\n|clearpoke\n|poke|p1|Tatsugiri, F|\n|poke|p1|Dondozo, F|\n|poke|p1|Urshifu-*, F|\n|poke|p1|Tornadus, M|\n|poke|p1|Glimmora, M|\n|poke|p1|Flutter Mane|\n|poke|p2|Ogerpon-Hearthflame, F|\n|poke|p2|Grimmsnarl, M|\n|poke|p2|Rillaboom, F|\n|poke|p2|Annihilape, F|\n|poke|p2|Cresselia, F|\n|poke|p2|Milotic, F|\n|teampreview\n|inactive|Schister also wants the timer to be on.\n|c|\u2606Schister|Gl\n|j| Flying Beagle\n|j|@Nido-Rus\n|j| DisasterBruhMoment\n|j|@ryo yamada2001\n|\n|t:|1697395962\n|start\n|switch|p1a: Tornadus|Tornadus, M|100\/100\n|switch|p1b: Urshifu|Urshifu, F|100\/100\n|switch|p2a: Gremlin|Grimmsnarl, M|100\/100\n|switch|p2b: Bozo Hater|Milotic, F|100\/100\n|turn|1\n|j| theyummybagel\n|l| theyummybagel\n|\n|t:|1697395983\n|-terastallize|p1b: Urshifu|Dark\n|-terastallize|p2b: Bozo Hater|Fairy\n|move|p2a: Gremlin|Taunt|p1a: Tornadus\n|-start|p1a: Tornadus|move: Taunt\n|move|p1a: Tornadus|Bleakwind Storm|p2b: Bozo Hater|[spread] p2a,p2b\n|-damage|p2a: Gremlin|67\/100\n|-damage|p2b: Bozo Hater|78\/100\n|-unboost|p2a: Gremlin|spe|1\n|-unboost|p2b: Bozo Hater|spe|1\n|-ability|p2b: Bozo Hater|Competitive|boost\n|-boost|p2b: Bozo Hater|spa|2\n|move|p1b: Urshifu|Wicked Blow|p2b: Bozo Hater\n|-resisted|p2b: Bozo Hater\n|-crit|p2b: Bozo Hater\n|-damage|p2b: Bozo Hater|27\/100\n|move|p2b: Bozo Hater|Coil|p2b: Bozo Hater\n|-boost|p2b: Bozo Hater|atk|1\n|-boost|p2b: Bozo Hater|def|1\n|-boost|p2b: Bozo Hater|accuracy|1\n|\n|-heal|p2b: Bozo Hater|33\/100|[from] item: Leftovers\n|upkeep\n|turn|2\n|c|\u2606Arcticblast|oh no\n|c|\u2606Schister|oh\n|c|\u2606Arcticblast|oh I still two shot\n|c|\u2606Schister|that shit hurts\n|j|+eragon11145\n|c|\u2606Schister|i was NOT cookin LOL\n|inactive|Arcticblast has 120 seconds left.\n|inactive|Schister has 120 seconds left.\n|\n|t:|1697396026\n|switch|p1a: Glimmora|Glimmora, M|100\/100\n|move|p2a: Gremlin|Light Screen|p2a: Gremlin\n|-sidestart|p2: Schister|move: Light Screen\n|move|p1b: Urshifu|Wicked Blow|p2b: Bozo Hater\n|-resisted|p2b: Bozo Hater\n|-crit|p2b: Bozo Hater\n|-damage|p2b: Bozo Hater|0 fnt\n|faint|p2b: Bozo Hater\n|\n|upkeep\n|\n|t:|1697396040\n|switch|p2b: Ogerpog|Ogerpon-Hearthflame, F|100\/100\n|-ability|p2b: Ogerpog|Mold Breaker\n|turn|3\n|c|+eragon11145|this is a good reminder of how strong shifu is damn\n|\n|t:|1697396057\n|switch|p1b: Tornadus|Tornadus, M|100\/100\n|move|p2a: Gremlin|Taunt|p1a: Glimmora\n|-start|p1a: Glimmora|move: Taunt\n|move|p2b: Ogerpog|U-turn|p1b: Tornadus\n|-resisted|p1b: Tornadus\n|-damage|p1b: Tornadus|79\/100\n|c|\u2606Schister|that is a MAX defense milo\n|inactive|Schister has 120 seconds left.\n|c| Flying Beagle|this urshifu guy is allowed in vgc?\n|\n|t:|1697396072\n|switch|p2b: Grungo Kong|Annihilape, F|100\/100|[from] U-turn\n|move|p1a: Glimmora|Power Gem|p2b: Grungo Kong\n|-resisted|p2b: Grungo Kong\n|-damage|p2b: Grungo Kong|89\/100\n|\n|-heal|p2b: Grungo Kong|95\/100|[from] item: Leftovers\n|upkeep\n|turn|4\n|c|\u2606Arcticblast|!showset 3\n|c|+Arcticblast|\/raw <div class=\"infobox\">Urshifu @ Choice Band  <br \/>Ability: Unseen Fist  <br \/>Tera Type: Dark  <br \/>EVs: 252 Atk &#x2f; 4 SpD &#x2f; 252 Spe  <br \/>Jolly Nature  <br \/>- Wicked Blow  <br \/>- Close Combat  <br \/>- Sucker Punch  <br \/>- U-turn  <br \/><br \/><\/div>\n|\n|t:|1697396094\n|move|p1b: Tornadus|Taunt|p2b: Grungo Kong\n|-start|p2b: Grungo Kong|move: Taunt\n|move|p2a: Gremlin|Reflect|p2a: Gremlin\n|-sidestart|p2: Schister|Reflect\n|move|p1a: Glimmora|Sludge Bomb|p2a: Gremlin\n|-supereffective|p2a: Gremlin\n|-damage|p2a: Gremlin|9\/100\n|-status|p2a: Gremlin|psn\n|cant|p2b: Grungo Kong|move: Taunt|Bulk Up\n|\n|-heal|p2b: Grungo Kong|100\/100|[from] item: Leftovers\n|-damage|p2a: Gremlin|0 fnt|[from] psn\n|faint|p2a: Gremlin\n|upkeep\n|\n|t:|1697396099\n|switch|p2a: Bungo Kong|Rillaboom, F|100\/100\n|-fieldstart|move: Grassy Terrain|[from] ability: Grassy Surge|[of] p2a: Bungo Kong\n|turn|5\n|\n|t:|1697396113\n|switch|p2a: Substance Enabler|Cresselia, F|100\/100\n|move|p1b: Tornadus|Bleakwind Storm|p2b: Grungo Kong|[spread] \n|-miss|p1b: Tornadus|p2a: Substance Enabler\n|-miss|p1b: Tornadus|p2b: Grungo Kong\n|move|p1a: Glimmora|Sludge Bomb|p2b: Grungo Kong\n|-resisted|p2b: Grungo Kong\n|-damage|p2b: Grungo Kong|87\/100\n|move|p2b: Grungo Kong|Rage Fist|p1b: Tornadus\n|-damage|p1b: Tornadus|0 fnt\n|faint|p1b: Tornadus\n|\n|-heal|p2b: Grungo Kong|93\/100|[from] Grassy Terrain\n|-heal|p2b: Grungo Kong|99\/100|[from] item: Leftovers\n|-end|p1a: Glimmora|move: Taunt\n|upkeep\n|\n|t:|1697396132\n|switch|p1b: Urshifu|Urshifu, F, tera:Dark|100\/100\n|turn|6\n|\n|t:|1697396155\n|switch|p2b: Bungo Kong|Rillaboom, F|100\/100\n|move|p1b: Urshifu|Wicked Blow|p2a: Substance Enabler\n|-supereffective|p2a: Substance Enabler\n|-crit|p2a: Substance Enabler\n|-damage|p2a: Substance Enabler|0 fnt\n|faint|p2a: Substance Enabler\n|move|p1a: Glimmora|Sludge Bomb|p2b: Bungo Kong\n|-supereffective|p2b: Bungo Kong\n|-damage|p2b: Bungo Kong|58\/100\n|\n|-heal|p2b: Bungo Kong|64\/100|[from] Grassy Terrain\n|upkeep\n|\n|t:|1697396161\n|switch|p2a: Grungo Kong|Annihilape, F|99\/100\n|turn|7\n|l|+eragon11145\n|\n|t:|1697396186\n|switch|p1b: Flutter Mane|Flutter Mane|100\/100\n|-enditem|p1b: Flutter Mane|Booster Energy\n|-activate|p1b: Flutter Mane|ability: Protosynthesis|[fromitem]\n|-start|p1b: Flutter Mane|protosynthesisspe\n|move|p1a: Glimmora|Sludge Bomb|p2a: Grungo Kong\n|-resisted|p2a: Grungo Kong\n|-damage|p2a: Grungo Kong|87\/100\n|move|p2a: Grungo Kong|Rage Fist|p1a: Glimmora\n|-damage|p1a: Glimmora|4\/100\n|-activate|p1a: Glimmora|ability: Toxic Debris\n|-sidestart|p2: Schister|move: Toxic Spikes\n|move|p2b: Bungo Kong|U-turn|p1a: Glimmora\n|-resisted|p1a: Glimmora\n|-damage|p1a: Glimmora|0 fnt\n|-activate|p1a: Glimmora|ability: Toxic Debris\n|-sidestart|p2: Schister|move: Toxic Spikes\n|faint|p1a: Glimmora\n|\n|t:|1697396196\n|switch|p2b: Ogerpog|Ogerpon-Hearthflame, F|100\/100|[from] U-turn\n|-status|p2b: Ogerpog|tox\n|-ability|p2b: Ogerpog|Mold Breaker\n|\n|-heal|p2a: Grungo Kong|93\/100|[from] Grassy Terrain\n|-heal|p2a: Grungo Kong|99\/100|[from] item: Leftovers\n|-damage|p2b: Ogerpog|95\/100 tox|[from] psn\n|upkeep\n|\n|t:|1697396209\n|switch|p1a: Urshifu|Urshifu, F, tera:Dark|100\/100\n|turn|8\n|\n|t:|1697396223\n|move|p1b: Flutter Mane|Shadow Ball|p2a: Grungo Kong\n|-supereffective|p2a: Grungo Kong\n|-damage|p2a: Grungo Kong|58\/100\n|move|p2b: Ogerpog|Ivy Cudgel|p1a: Urshifu\n|-damage|p1a: Urshifu|40\/100\n|move|p1a: Urshifu|Wicked Blow|p2a: Grungo Kong\n|-crit|p2a: Grungo Kong\n|-damage|p2a: Grungo Kong|0 fnt\n|faint|p2a: Grungo Kong\n|\n|-heal|p2b: Ogerpog|100\/100 tox|[from] Grassy Terrain\n|-heal|p1a: Urshifu|46\/100|[from] Grassy Terrain\n|-damage|p2b: Ogerpog|89\/100 tox|[from] psn\n|upkeep\n|c|\u2606Schister|i don't like this bear\n|\n|t:|1697396237\n|switch|p2a: Bungo Kong|Rillaboom, F|64\/100\n|-status|p2a: Bungo Kong|tox\n|turn|9\n|\n|t:|1697396251\n|switch|p1a: Dondozo|Dondozo, F|100\/100\n|move|p1b: Flutter Mane|Protect|p1b: Flutter Mane\n|-singleturn|p1b: Flutter Mane|Protect\n|move|p2b: Ogerpog|Grassy Glide|p1a: Dondozo\n|-supereffective|p1a: Dondozo\n|-damage|p1a: Dondozo|37\/100\n|move|p2a: Bungo Kong|Grassy Glide|p1b: Flutter Mane\n|-activate|p1b: Flutter Mane|move: Protect\n|\n|-heal|p2b: Ogerpog|95\/100 tox|[from] Grassy Terrain\n|-heal|p2a: Bungo Kong|70\/100 tox|[from] Grassy Terrain\n|-heal|p1a: Dondozo|43\/100|[from] Grassy Terrain\n|-heal|p1a: Dondozo|49\/100|[from] item: Leftovers\n|-damage|p2b: Ogerpog|77\/100 tox|[from] psn\n|-damage|p2a: Bungo Kong|64\/100 tox|[from] psn\n|-sideend|p2: Schister|move: Light Screen\n|-fieldend|move: Grassy Terrain\n|upkeep\n|turn|10\n|c|\u2606Schister|gg\n|c|\u2606Arcticblast|there is very genuinely nothing fair about this Pokemon\n|\n|t:|1697396279\n|-end|p1b: Flutter Mane|Protosynthesis|[silent]\n|switch|p1b: Tatsugiri|Tatsugiri, F|100\/100\n|-activate|p1b: Tatsugiri|ability: Commander|[of] p1a: Dondozo\n|-boost|p1a: Dondozo|atk|2\n|-boost|p1a: Dondozo|spa|2\n|-boost|p1a: Dondozo|spe|2\n|-boost|p1a: Dondozo|def|2\n|-boost|p1a: Dondozo|spd|2\n|move|p2b: Ogerpog|Ivy Cudgel|p1b: Tatsugiri|[miss]\n|-miss|p2b: Ogerpog|p1b: Tatsugiri\n|move|p1a: Dondozo|Wave Crash|p2b: Ogerpog\n|-damage|p2b: Ogerpog|0 fnt\n|faint|p2b: Ogerpog\n|-damage|p1a: Dondozo|32\/100|[from] Recoil\n|move|p2a: Bungo Kong|Grassy Glide|p1a: Dondozo\n|-supereffective|p1a: Dondozo\n|-damage|p1a: Dondozo|11\/100\n|\n|-heal|p1a: Dondozo|17\/100|[from] item: Leftovers\n|-damage|p2a: Bungo Kong|51\/100 tox|[from] psn\n|upkeep\n|turn|11\n|-message|Schister forfeited.\n|\n|win|Arcticblast\n|n|\u2606Arcticblast|arcticblast\n|n|\u2606Schister|schister\n|n| Flying Beagle|flyingbeagle\n|n| Nido-Rus|nidorus\n|n| DisasterBruhMoment|disasterbruhmoment\n|n| ryo yamada2001|ryoyamada2001\n|l|\u2606Schister\n|l| Flying Beagle\n|j| Charizardman2008\n|l| DisasterBruhMoment\n|l|\u2606Arcticblast\n|l| Charizardman2008\n|l| ryo yamada2001\n","uploadtime":1697396291,"views":24,"p1id":"arcticblast","p2id":"schister","formatid":"gen9doublesou","rating":0,"private":0,"password":""}