{"id":"gen9doublesou-1987122904","p1":"Martin80","p2":"glasses15","format":"[Gen 9] Doubles OU","log":"|j|\u2606Martin80\n|j|\u2606glasses15\n|t:|1699557934\n|gametype|doubles\n|player|p1|Martin80|steven|1013\n|player|p2|glasses15|scientistf|1025\n|teamsize|p1|6\n|teamsize|p2|6\n|gen|9\n|tier|[Gen 9] Doubles OU\n|rated|\n|rule|Species Clause: Limit one of each Pok\u00e9mon\n|rule|OHKO Clause: OHKO moves are banned\n|rule|Evasion Moves Clause: Evasion moves are banned\n|rule|Gravity Sleep Clause: The combination of sleep-inducing moves with imperfect accuracy and Gravity or Gigantamax Orbeetle are banned\n|rule|Endless Battle Clause: Forcing endless battles is banned\n|rule|HP Percentage Mod: HP is shown in percentages\n|clearpoke\n|poke|p1|Garganacl, F|\n|poke|p1|Tinkaton, F|\n|poke|p1|Lokix, F|\n|poke|p1|Quaquaval, F|\n|poke|p1|Arboliva, F|\n|poke|p1|Ceruledge, F|\n|poke|p2|Whiscash, M|\n|poke|p2|Ribombee, M|\n|poke|p2|Ambipom, M|\n|poke|p2|Mienshao, M|\n|poke|p2|Kilowattrel, F|\n|poke|p2|Noivern, F|\n|teampreview\n|inactive|Battle timer is ON: inactive players will automatically lose when time's up. (requested by glasses15)\n|\n|t:|1699557949\n|start\n|switch|p1a: Ceruledge|Ceruledge, F, shiny|100\/100\n|switch|p1b: Jolyne|Quaquaval, F, shiny|100\/100\n|switch|p2a: Ribombee|Ribombee, M|100\/100\n|switch|p2b: Ambipom|Ambipom, M|100\/100\n|turn|1\n|\n|t:|1699557966\n|move|p2b: Ambipom|Fake Out|p1b: Jolyne\n|-enditem|p2b: Ambipom|Normal Gem|[from] gem\n|-damage|p1b: Jolyne|59\/100\n|move|p2a: Ribombee|Sticky Web|p1a: Ceruledge\n|-sidestart|p1: Martin80|move: Sticky Web\n|cant|p1b: Jolyne|flinch\n|move|p1a: Ceruledge|Bitter Blade|p2a: Ribombee\n|-supereffective|p2a: Ribombee\n|-enditem|p2a: Ribombee|Focus Sash\n|-damage|p2a: Ribombee|1\/100\n|\n|upkeep\n|turn|2\n|\n|t:|1699557979\n|move|p1a: Ceruledge|Shadow Sneak|p2a: Ribombee\n|-crit|p2a: Ribombee\n|-damage|p2a: Ribombee|0 fnt\n|faint|p2a: Ribombee\n|move|p2b: Ambipom|Acrobatics|p1b: Jolyne\n|-supereffective|p1b: Jolyne\n|-damage|p1b: Jolyne|0 fnt\n|faint|p1b: Jolyne\n|\n|upkeep\n|\n|t:|1699557989\n|switch|p2a: Mienshao|Mienshao, M|100\/100\n|switch|p1b: Golemcita|Garganacl, F, shiny|100\/100\n|-activate|p1b: Golemcita|move: Sticky Web\n|-unboost|p1b: Golemcita|spe|1\n|turn|3\n|\n|t:|1699557999\n|move|p1b: Golemcita|Wide Guard|p1b: Golemcita\n|-singleturn|p1b: Golemcita|Wide Guard\n|move|p2b: Ambipom|Acrobatics|p1a: Ceruledge\n|-damage|p1a: Ceruledge|61\/100\n|-ability|p1a: Ceruledge|Weak Armor|boost\n|-unboost|p1a: Ceruledge|def|1\n|-boost|p1a: Ceruledge|spe|2\n|move|p1a: Ceruledge|Swords Dance|p1a: Ceruledge\n|-boost|p1a: Ceruledge|atk|2\n|move|p2a: Mienshao|Drain Punch|p1b: Golemcita\n|-supereffective|p1b: Golemcita\n|-damage|p1b: Golemcita|51\/100\n|\n|-heal|p1b: Golemcita|57\/100|[from] item: Leftovers\n|upkeep\n|turn|4\n|\n|t:|1699558021\n|move|p2b: Ambipom|Protect|p2b: Ambipom\n|-singleturn|p2b: Ambipom|Protect\n|move|p1a: Ceruledge|Bitter Blade|p2b: Ambipom\n|-activate|p2b: Ambipom|move: Protect\n|move|p2a: Mienshao|Drain Punch|p1b: Golemcita\n|-supereffective|p1b: Golemcita\n|-crit|p1b: Golemcita\n|-damage|p1b: Golemcita|0 fnt\n|faint|p1b: Golemcita\n|\n|upkeep\n|\n|t:|1699558031\n|switch|p1b: Tinkaton|Tinkaton, F, shiny|100\/100\n|-activate|p1b: Tinkaton|move: Sticky Web\n|-unboost|p1b: Tinkaton|spe|1\n|-ability|p1b: Tinkaton|Mold Breaker\n|turn|5\n|\n|t:|1699558044\n|move|p1b: Tinkaton|Helping Hand|p1a: Ceruledge\n|-singleturn|p1a: Ceruledge|Helping Hand|[of] p1b: Tinkaton\n|move|p1a: Ceruledge|Bitter Blade|p2b: Ambipom\n|-damage|p2b: Ambipom|0 fnt\n|-heal|p1a: Ceruledge|100\/100|[from] drain|[of] p2b: Ambipom\n|faint|p2b: Ambipom\n|move|p2a: Mienshao|Drain Punch|p1b: Tinkaton\n|-damage|p1b: Tinkaton|59\/100\n|\n|-heal|p1b: Tinkaton|65\/100|[from] item: Leftovers\n|upkeep\n|\n|t:|1699558054\n|switch|p2b: Noivern|Noivern, F|100\/100\n|turn|6\n|\n|t:|1699558063\n|move|p1b: Tinkaton|Helping Hand|p1a: Ceruledge\n|-singleturn|p1a: Ceruledge|Helping Hand|[of] p1b: Tinkaton\n|move|p1a: Ceruledge|Bitter Blade|p2a: Mienshao\n|-damage|p2a: Mienshao|0 fnt\n|faint|p2a: Mienshao\n|move|p2b: Noivern|Dragon Pulse|p1a: Ceruledge\n|-damage|p1a: Ceruledge|62\/100\n|\n|-heal|p1b: Tinkaton|71\/100|[from] item: Leftovers\n|upkeep\n|\n|t:|1699558070\n|switch|p2a: Kilowattrel|Kilowattrel, F|100\/100\n|turn|7\n|\n|t:|1699558081\n|move|p1b: Tinkaton|Helping Hand|p1a: Ceruledge\n|-singleturn|p1a: Ceruledge|Helping Hand|[of] p1b: Tinkaton\n|move|p1a: Ceruledge|Bitter Blade|p2a: Kilowattrel\n|-enditem|p2a: Kilowattrel|Focus Sash\n|-damage|p2a: Kilowattrel|1\/100\n|-heal|p1a: Ceruledge|100\/100|[from] drain|[of] p2a: Kilowattrel\n|move|p2a: Kilowattrel|Tailwind|p2a: Kilowattrel\n|-sidestart|p2: glasses15|move: Tailwind\n|-start|p2a: Kilowattrel|Charge|Tailwind|[from] ability: Wind Power\n|move|p2b: Noivern|Air Slash|p1a: Ceruledge\n|-damage|p1a: Ceruledge|65\/100\n|\n|-heal|p1b: Tinkaton|77\/100|[from] item: Leftovers\n|upkeep\n|turn|8\n|\n|t:|1699558098\n|move|p1a: Ceruledge|Shadow Sneak|p2a: Kilowattrel\n|-damage|p2a: Kilowattrel|0 fnt\n|faint|p2a: Kilowattrel\n|move|p2b: Noivern|Dragon Pulse|p1a: Ceruledge\n|-damage|p1a: Ceruledge|30\/100\n|move|p1b: Tinkaton|Skitter Smack|p2b: Noivern\n|-resisted|p2b: Noivern\n|-damage|p2b: Noivern|90\/100\n|-unboost|p2b: Noivern|spa|1\n|\n|-heal|p2b: Noivern|96\/100|[from] item: Leftovers\n|-heal|p1b: Tinkaton|83\/100|[from] item: Leftovers\n|upkeep\n|\n|t:|1699558105\n|switch|p2a: Whiscash|Whiscash, M|100\/100\n|turn|9\n|\n|t:|1699558116\n|move|p1b: Tinkaton|Helping Hand|p1a: Ceruledge\n|-singleturn|p1a: Ceruledge|Helping Hand|[of] p1b: Tinkaton\n|move|p2b: Noivern|Defog|p1a: Ceruledge\n|-unboost|p1a: Ceruledge|evasion|1\n|-sideend|p1: Martin80|Sticky Web|[from] move: Defog|[of] p2b: Noivern\n|move|p1a: Ceruledge|Bitter Blade|p2a: Whiscash\n|-resisted|p2a: Whiscash\n|-crit|p2a: Whiscash\n|-damage|p2a: Whiscash|0 fnt\n|-heal|p1a: Ceruledge|86\/100|[from] drain|[of] p2a: Whiscash\n|faint|p2a: Whiscash\n|\n|-heal|p2b: Noivern|100\/100|[from] item: Leftovers\n|-heal|p1b: Tinkaton|90\/100|[from] item: Leftovers\n|upkeep\n|turn|10\n|-message|glasses15 forfeited.\n|\n|win|Martin80\n|raw|Martin80's rating: 1013 &rarr; <strong>1052<\/strong><br \/>(+39 for winning)\n|raw|glasses15's rating: 1025 &rarr; <strong>1011<\/strong><br \/>(-14 for losing)\n|l|\u2606glasses15\n","uploadtime":1699558131,"views":8,"p1id":"martin80","p2id":"glasses15","formatid":"gen9doublesou","rating":1011,"private":0,"password":""}