{"id":"gen9doublesou-1977201207","p1":"Powpow1","p2":"Andreasasss","format":"[Gen 9] Doubles OU","log":"|j|\u2606Powpow1\n|j|\u2606Andreasasss\n|t:|1698385534\n|gametype|doubles\n|player|p1|Powpow1|bellelba|1031\n|player|p2|Andreasasss|bellelba|1120\n|teamsize|p1|6\n|teamsize|p2|6\n|gen|9\n|tier|[Gen 9] Doubles OU\n|rated|\n|rule|Species Clause: Limit one of each Pok\u00e9mon\n|rule|OHKO Clause: OHKO moves are banned\n|rule|Evasion Moves Clause: Evasion moves are banned\n|rule|Gravity Sleep Clause: The combination of sleep-inducing moves with imperfect accuracy and Gravity or Gigantamax Orbeetle are banned\n|rule|Endless Battle Clause: Forcing endless battles is banned\n|rule|HP Percentage Mod: HP is shown in percentages\n|clearpoke\n|poke|p1|Slowking, M|\n|poke|p1|Clefable, M|\n|poke|p1|Mamoswine, F|\n|poke|p1|Tornadus, M|\n|poke|p1|Chi-Yu|\n|poke|p1|Brute Bonnet|\n|poke|p2|Pelipper, F|\n|poke|p2|Overqwil, F|\n|poke|p2|Rillaboom, F|\n|poke|p2|Farigiraf, F|\n|poke|p2|Basculegion-F, F|\n|poke|p2|Corviknight, M|\n|teampreview\n|\n|t:|1698385553\n|start\n|switch|p1a: THICC|Mamoswine, F|100\/100\n|switch|p1b: dave|Tornadus, M|100\/100\n|switch|p2a: Pelipper|Pelipper, F|100\/100\n|switch|p2b: Overqwil|Overqwil, F|100\/100\n|-weather|RainDance|[from] ability: Drizzle|[of] p2a: Pelipper\n|turn|1\n|\n|t:|1698385570\n|-terastallize|p2b: Overqwil|Normal\n|move|p2a: Pelipper|Protect|p2a: Pelipper\n|-singleturn|p2a: Pelipper|Protect\n|move|p1b: dave|Tailwind|p1b: dave\n|-sidestart|p1: Powpow1|move: Tailwind\n|move|p2b: Overqwil|Self-Destruct|p1a: THICC|[spread] p1a,p1b\n|-activate|p2a: Pelipper|move: Protect\n|-damage|p1a: THICC|0 fnt\n|-damage|p1b: dave|0 fnt\n|faint|p2b: Overqwil\n|faint|p1a: THICC\n|faint|p1b: dave\n|\n|-weather|RainDance|[upkeep]\n|upkeep\n|c|\u2606Andreasasss|Lol\n|\n|t:|1698385592\n|switch|p1b: Chi-Me|Chi-Yu|100\/100\n|switch|p2b: Basculegion|Basculegion-F, F|100\/100\n|switch|p1a: angry >: )|Brute Bonnet|100\/100\n|-ability|p1b: Chi-Me|Beads of Ruin\n|turn|2\n|\n|t:|1698385616\n|switch|p1b: NEW SOUP|Clefable, M|100\/100\n|move|p1a: angry >: )|Sucker Punch|p2b: Basculegion\n|-supereffective|p2b: Basculegion\n|-damage|p2b: Basculegion|14\/100\n|move|p2b: Basculegion|Hydro Pump|p1b: NEW SOUP|[miss]\n|-miss|p2b: Basculegion|p1b: NEW SOUP\n|move|p2a: Pelipper|Hurricane|p1a: angry >: )\n|-supereffective|p1a: angry >: )\n|-damage|p1a: angry >: )|59\/100\n|\n|-weather|RainDance|[upkeep]\n|upkeep\n|turn|3\n|\n|t:|1698385635\n|move|p1a: angry >: )|Sucker Punch|p2b: Basculegion\n|-supereffective|p2b: Basculegion\n|-damage|p2b: Basculegion|0 fnt\n|faint|p2b: Basculegion\n|move|p1b: NEW SOUP|Calm Mind|p1b: NEW SOUP\n|-boost|p1b: NEW SOUP|spa|1\n|-boost|p1b: NEW SOUP|spd|1\n|move|p2a: Pelipper|Hurricane|p1a: angry >: )\n|-supereffective|p1a: angry >: )\n|-damage|p1a: angry >: )|21\/100\n|\n|-weather|RainDance|[upkeep]\n|upkeep\n|\n|t:|1698385648\n|switch|p2b: Corviknight|Corviknight, M, shiny|100\/100\n|turn|4\n|\n|t:|1698385665\n|move|p1b: NEW SOUP|Follow Me|p1b: NEW SOUP\n|-singleturn|p1b: NEW SOUP|move: Follow Me\n|move|p1a: angry >: )|Seed Bomb|p2a: Pelipper\n|-damage|p2a: Pelipper|52\/100\n|move|p2b: Corviknight|Agility|p2b: Corviknight\n|-boost|p2b: Corviknight|spe|2\n|move|p2a: Pelipper|Hurricane|p1b: NEW SOUP\n|-damage|p1b: NEW SOUP|77\/100\n|\n|-weather|RainDance|[upkeep]\n|-sideend|p1: Powpow1|move: Tailwind\n|upkeep\n|turn|5\n|\n|t:|1698385685\n|move|p1b: NEW SOUP|Follow Me|p1b: NEW SOUP\n|-singleturn|p1b: NEW SOUP|move: Follow Me\n|move|p2b: Corviknight|Bulk Up|p2b: Corviknight\n|-boost|p2b: Corviknight|atk|1\n|-boost|p2b: Corviknight|def|1\n|move|p1a: angry >: )|Seed Bomb|p2a: Pelipper\n|-damage|p2a: Pelipper|7\/100\n|move|p2a: Pelipper|Roost|p2a: Pelipper\n|-heal|p2a: Pelipper|57\/100\n|-singleturn|p2a: Pelipper|move: Roost\n|\n|-weather|RainDance|[upkeep]\n|upkeep\n|turn|6\n|\n|t:|1698385705\n|-end|p1a: angry >: )|Protosynthesis|[silent]\n|switch|p1a: Chi-Me|Chi-Yu|100\/100\n|-ability|p1a: Chi-Me|Beads of Ruin\n|-terastallize|p1b: NEW SOUP|Steel\n|move|p2a: Pelipper|Protect|p2a: Pelipper\n|-singleturn|p2a: Pelipper|Protect\n|move|p1b: NEW SOUP|Follow Me|p1b: NEW SOUP\n|-singleturn|p1b: NEW SOUP|move: Follow Me\n|move|p2b: Corviknight|Bulk Up|p2b: Corviknight\n|-boost|p2b: Corviknight|atk|1\n|-boost|p2b: Corviknight|def|1\n|\n|-weather|RainDance|[upkeep]\n|upkeep\n|turn|7\n|\n|t:|1698385727\n|move|p1b: NEW SOUP|Follow Me|p1b: NEW SOUP\n|-singleturn|p1b: NEW SOUP|move: Follow Me\n|move|p2b: Corviknight|Power Trip|p1b: NEW SOUP\n|-damage|p1b: NEW SOUP|45\/100\n|move|p1a: Chi-Me|Nasty Plot|p1a: Chi-Me\n|-boost|p1a: Chi-Me|spa|2\n|move|p2a: Pelipper|Hurricane|p1b: NEW SOUP\n|-resisted|p1b: NEW SOUP\n|-damage|p1b: NEW SOUP|31\/100\n|-start|p1b: NEW SOUP|confusion\n|\n|-weather|RainDance|[upkeep]\n|upkeep\n|turn|8\n|\n|t:|1698385758\n|move|p2b: Corviknight|Power Trip|p1b: NEW SOUP\n|-damage|p1b: NEW SOUP|0 fnt\n|faint|p1b: NEW SOUP\n|move|p1a: Chi-Me|Heat Wave|p2b: Corviknight|[spread] p2a,p2b\n|-resisted|p2a: Pelipper\n|-supereffective|p2b: Corviknight\n|-damage|p2a: Pelipper|25\/100\n|-damage|p2b: Corviknight|19\/100\n|-enditem|p2b: Corviknight|Weakness Policy\n|-boost|p2b: Corviknight|atk|2|[from] item: Weakness Policy\n|-boost|p2b: Corviknight|spa|2|[from] item: Weakness Policy\n|move|p2a: Pelipper|U-turn|p1a: Chi-Me\n|-damage|p1a: Chi-Me|86\/100\n|\n|t:|1698385771\n|switch|p2a: Rillaboom|Rillaboom, F|100\/100|[from] U-turn\n|-fieldstart|move: Grassy Terrain|[from] ability: Grassy Surge|[of] p2a: Rillaboom\n|\n|-weather|none\n|-heal|p1a: Chi-Me|92\/100|[from] Grassy Terrain\n|upkeep\n|\n|t:|1698385778\n|switch|p1b: angry >: )|Brute Bonnet|21\/100\n|turn|9\n|\n|t:|1698385802\n|move|p2a: Rillaboom|Fake Out|p1b: angry >: )\n|-damage|p1b: angry >: )|10\/100\n|cant|p1b: angry >: )|flinch\n|move|p2b: Corviknight|Power Trip|p1a: Chi-Me\n|-resisted|p1a: Chi-Me\n|-damage|p1a: Chi-Me|0 fnt\n|faint|p1a: Chi-Me\n|\n|-heal|p1b: angry >: )|16\/100|[from] Grassy Terrain\n|upkeep\n|\n|t:|1698385813\n|switch|p1a: Slayking|Slowking, M|100\/100\n|turn|10\n|c|\u2606Powpow1|Gg\n|\n|t:|1698385822\n|move|p1a: Slayking|Protect|p1a: Slayking\n|-singleturn|p1a: Slayking|Protect\n|move|p2b: Corviknight|Roost|p2b: Corviknight\n|-heal|p2b: Corviknight|69\/100\n|-singleturn|p2b: Corviknight|move: Roost\n|move|p2a: Rillaboom|Drum Beating|p1a: Slayking\n|-activate|p1a: Slayking|move: Protect\n|move|p1b: angry >: )|Close Combat|p2b: Corviknight\n|-supereffective|p2b: Corviknight\n|-damage|p2b: Corviknight|37\/100\n|-unboost|p1b: angry >: )|def|1\n|-unboost|p1b: angry >: )|spd|1\n|\n|-heal|p2b: Corviknight|43\/100|[from] Grassy Terrain\n|-heal|p1b: angry >: )|22\/100|[from] Grassy Terrain\n|upkeep\n|turn|11\n|c|\u2606Andreasasss|Gg\n|\n|t:|1698385847\n|move|p2b: Corviknight|Roost|p2b: Corviknight\n|-heal|p2b: Corviknight|93\/100\n|-singleturn|p2b: Corviknight|move: Roost\n|move|p2a: Rillaboom|Drum Beating|p1a: Slayking\n|-supereffective|p1a: Slayking\n|-damage|p1a: Slayking|0 fnt\n|faint|p1a: Slayking\n|move|p1b: angry >: )|Close Combat|p2b: Corviknight\n|-supereffective|p2b: Corviknight\n|-damage|p2b: Corviknight|59\/100\n|-unboost|p1b: angry >: )|def|1\n|-unboost|p1b: angry >: )|spd|1\n|\n|-heal|p2b: Corviknight|65\/100|[from] Grassy Terrain\n|-heal|p1b: angry >: )|28\/100|[from] Grassy Terrain\n|upkeep\n|turn|12\n|-message|Powpow1 forfeited.\n|\n|win|Andreasasss\n|raw|Powpow1's rating: 1031 &rarr; <strong>1020<\/strong><br \/>(-11 for losing)\n|raw|Andreasasss's rating: 1120 &rarr; <strong>1139<\/strong><br \/>(+19 for winning)\n|l|\u2606Powpow1\n|j| HatsuneMiku3939\n|j| kidnamedzit\n|l| HatsuneMiku3939\n|j| Cartercrazy\n|j| Spooky Liver\n|c| kidnamedzit|What is this\n|l| Cartercrazy\n","uploadtime":1698385874,"views":29,"p1id":"powpow1","p2id":"andreasasss","formatid":"gen9doublesou","rating":1020,"private":0,"password":""}