{"id":"gen9doublesou-1979386057","p1":"BriefMarigold4","p2":"Breator","format":"[Gen 9] Doubles OU","log":"|j|\u2606BriefMarigold4\n|j|\u2606Breator\n|t:|1698678564\n|gametype|doubles\n|player|p1|BriefMarigold4|266|1529\n|player|p2|Breator|265|1373\n|teamsize|p1|6\n|teamsize|p2|6\n|gen|9\n|tier|[Gen 9] Doubles OU\n|rated|\n|rule|Species Clause: Limit one of each Pok\u00e9mon\n|rule|OHKO Clause: OHKO moves are banned\n|rule|Evasion Moves Clause: Evasion moves are banned\n|rule|Gravity Sleep Clause: The combination of sleep-inducing moves with imperfect accuracy and Gravity or Gigantamax Orbeetle are banned\n|rule|Endless Battle Clause: Forcing endless battles is banned\n|rule|HP Percentage Mod: HP is shown in percentages\n|clearpoke\n|poke|p1|Rillaboom, M|\n|poke|p1|Sinistcha-Masterpiece|\n|poke|p1|Snorlax, M|\n|poke|p1|Clefairy, F|\n|poke|p1|Kommo-o, F|\n|poke|p1|Landorus-Therian, M|\n|poke|p2|Tornadus, M|\n|poke|p2|Gholdengo|\n|poke|p2|Iron Hands|\n|poke|p2|Chien-Pao|\n|poke|p2|Glimmora, M|\n|poke|p2|Chi-Yu|\n|teampreview\n|inactive|Battle timer is ON: inactive players will automatically lose when time's up. (requested by Breator)\n|inactive|BriefMarigold4 has 120 seconds left.\n|inactive|BriefMarigold4 has 90 seconds left.\n|\n|t:|1698678632\n|start\n|switch|p1a: Rillaboom|Rillaboom, M|100\/100\n|switch|p1b: Snorlax|Snorlax, M|100\/100\n|switch|p2a: Tornadus|Tornadus, M|100\/100\n|switch|p2b: Chi-Yu|Chi-Yu|100\/100\n|-ability|p2b: Chi-Yu|Beads of Ruin\n|-fieldstart|move: Grassy Terrain|[from] ability: Grassy Surge|[of] p1a: Rillaboom\n|turn|1\n|\n|t:|1698678659\n|move|p2a: Tornadus|Tailwind|p2a: Tornadus\n|-sidestart|p2: Breator|move: Tailwind\n|move|p1a: Rillaboom|Grassy Glide|p2b: Chi-Yu\n|-resisted|p2b: Chi-Yu\n|-damage|p2b: Chi-Yu|65\/100\n|move|p2b: Chi-Yu|Heat Wave|p1b: Snorlax|[spread] p1a,p1b\n|-supereffective|p1a: Rillaboom\n|-crit|p1a: Rillaboom\n|-damage|p1a: Rillaboom|0 fnt\n|-damage|p1b: Snorlax|84\/100\n|-status|p1b: Snorlax|brn\n|faint|p1a: Rillaboom\n|-damage|p2b: Chi-Yu|55\/100|[from] item: Life Orb\n|move|p1b: Snorlax|High Horsepower|p2b: Chi-Yu\n|-supereffective|p2b: Chi-Yu\n|-damage|p2b: Chi-Yu|13\/100\n|\n|-heal|p2b: Chi-Yu|19\/100|[from] Grassy Terrain\n|-heal|p1b: Snorlax|90\/100 brn|[from] Grassy Terrain\n|-heal|p1b: Snorlax|96\/100 brn|[from] item: Leftovers\n|-damage|p1b: Snorlax|90\/100 brn|[from] brn\n|upkeep\n|inactive|BriefMarigold4 has 120 seconds left.\n|\n|t:|1698678676\n|switch|p1a: Kommo-o|Kommo-o, F|100\/100\n|turn|2\n|c|\u2606BriefMarigold4|this game is bullshit\n|n|\u203dBriefMarigold4|briefmarigold4\n|c|&|\/log BriefMarigold4 was locked from talking by Artemis. (\u2606BriefMarigold4:   is bullshit)\n|c|&|\/raw <small>This action was done automatically. Want to learn more about the AI? <a href=\"https:\/\/www.smogon.com\/forums\/threads\/3570628\/#post-9056769\">Visit the information thread<\/a>.<\/small>\n|inactive|Breator has 120 seconds left.\n|\n|t:|1698678715\n|move|p1a: Kommo-o|Protect|p1a: Kommo-o\n|-singleturn|p1a: Kommo-o|Protect\n|move|p2a: Tornadus|Bleakwind Storm|p1a: Kommo-o|[spread] p1b\n|-activate|p1a: Kommo-o|move: Protect\n|-crit|p1b: Snorlax\n|-damage|p1b: Snorlax|51\/100 brn\n|-unboost|p1b: Snorlax|spe|1\n|move|p2b: Chi-Yu|Heat Wave|p1b: Snorlax|[spread] p1b\n|-activate|p1a: Kommo-o|move: Protect\n|-damage|p1b: Snorlax|34\/100 brn\n|-damage|p2b: Chi-Yu|9\/100|[from] item: Life Orb\n|move|p1b: Snorlax|High Horsepower|p2b: Chi-Yu\n|-supereffective|p2b: Chi-Yu\n|-damage|p2b: Chi-Yu|0 fnt\n|faint|p2b: Chi-Yu\n|\n|-heal|p1b: Snorlax|40\/100 brn|[from] Grassy Terrain\n|-heal|p1b: Snorlax|47\/100 brn|[from] item: Leftovers\n|-damage|p1b: Snorlax|40\/100 brn|[from] brn\n|upkeep\n|n|\u2606BriefMarigold4|briefmarigold4\n|\n|t:|1698678732\n|switch|p2b: Gholdengo|Gholdengo|100\/100\n|turn|3\n|\n|t:|1698678753\n|switch|p1b: Clefairy|Clefairy, F|100\/100\n|-terastallize|p1a: Kommo-o|Fire\n|move|p2a: Tornadus|Bleakwind Storm|p1b: Clefairy|[spread] p1a,p1b\n|-damage|p1a: Kommo-o|71\/100\n|-damage|p1b: Clefairy|70\/100\n|-unboost|p1a: Kommo-o|spe|1\n|-unboost|p1b: Clefairy|spe|1\n|move|p2b: Gholdengo|Dazzling Gleam|p1a: Kommo-o|[spread] p1a,p1b\n|-resisted|p1a: Kommo-o\n|-damage|p1a: Kommo-o|58\/100\n|-damage|p1b: Clefairy|45\/100\n|move|p1a: Kommo-o|Clangorous Soul|p1a: Kommo-o\n|-boost|p1a: Kommo-o|atk|1\n|-boost|p1a: Kommo-o|def|1\n|-boost|p1a: Kommo-o|spa|1\n|-boost|p1a: Kommo-o|spd|1\n|-boost|p1a: Kommo-o|spe|1\n|-damage|p1a: Kommo-o|25\/100\n|-enditem|p1a: Kommo-o|Throat Spray\n|-boost|p1a: Kommo-o|spa|1|[from] item: Throat Spray\n|\n|-heal|p1a: Kommo-o|31\/100|[from] Grassy Terrain\n|-heal|p1b: Clefairy|51\/100|[from] Grassy Terrain\n|upkeep\n|turn|4\n|l|\u2606BriefMarigold4\n|inactive|BriefMarigold4 disconnected and has a minute to reconnect!\n|player|p1|\n|inactive|BriefMarigold4 has 30 seconds to reconnect!\n|inactive|BriefMarigold4 has 20 seconds to reconnect!\n|inactive|BriefMarigold4 has 15 seconds to reconnect!\n|j|\u2606BriefMarigold4\n|inactive|BriefMarigold4 reconnected and has 80 seconds left.\n|player|p1|BriefMarigold4|266\n|\n|t:|1698678838\n|switch|p1b: Sinistcha|Sinistcha-Masterpiece|100\/100\n|-heal|p1a: Kommo-o|56\/100|[from] ability: Hospitality|[of] p1b: Sinistcha\n|move|p1a: Kommo-o|Protect|p1a: Kommo-o\n|-singleturn|p1a: Kommo-o|Protect\n|move|p2a: Tornadus|Bleakwind Storm|p1b: Sinistcha|[spread] \n|-activate|p1a: Kommo-o|move: Protect\n|-miss|p2a: Tornadus|p1b: Sinistcha\n|move|p2b: Gholdengo|Dazzling Gleam|p1b: Sinistcha|[spread] p1b\n|-activate|p1a: Kommo-o|move: Protect\n|-damage|p1b: Sinistcha|72\/100\n|\n|-heal|p1a: Kommo-o|62\/100|[from] Grassy Terrain\n|-heal|p1b: Sinistcha|79\/100|[from] Grassy Terrain\n|-sideend|p2: Breator|move: Tailwind\n|upkeep\n|turn|5\n|\n|t:|1698678864\n|switch|p2b: Glimmora|Glimmora, M|100\/100\n|switch|p1b: Clefairy|Clefairy, F|51\/100\n|move|p2a: Tornadus|Tailwind|p2a: Tornadus\n|-sidestart|p2: Breator|move: Tailwind\n|move|p1a: Kommo-o|Flamethrower|p2b: Glimmora\n|-resisted|p2b: Glimmora\n|-damage|p2b: Glimmora|49\/100\n|\n|-heal|p2b: Glimmora|55\/100|[from] Grassy Terrain\n|-heal|p1a: Kommo-o|68\/100|[from] Grassy Terrain\n|-heal|p1b: Clefairy|57\/100|[from] Grassy Terrain\n|-fieldend|move: Grassy Terrain\n|upkeep\n|turn|6\n|inactive|BriefMarigold4 has 90 seconds left.\n|\n|t:|1698678890\n|switch|p1b: Landorus|Landorus-Therian, M|100\/100\n|-ability|p1b: Landorus|Intimidate|boost\n|-unboost|p2a: Tornadus|atk|1\n|-unboost|p2b: Glimmora|atk|1\n|move|p2a: Tornadus|Protect|p2a: Tornadus\n|-singleturn|p2a: Tornadus|Protect\n|move|p1a: Kommo-o|Protect|p1a: Kommo-o\n|-singleturn|p1a: Kommo-o|Protect\n|move|p2b: Glimmora|Sludge Wave|p1a: Kommo-o|[spread] p1b\n|-activate|p2a: Tornadus|move: Protect\n|-activate|p1a: Kommo-o|move: Protect\n|-resisted|p1b: Landorus\n|-damage|p1b: Landorus|70\/100\n|-damage|p2b: Glimmora|45\/100|[from] item: Life Orb\n|\n|upkeep\n|turn|7\n|\n|t:|1698678908\n|move|p2a: Tornadus|Bleakwind Storm|p1b: Landorus|[spread] p1a,p1b\n|-damage|p1a: Kommo-o|40\/100\n|-damage|p1b: Landorus|26\/100\n|move|p2b: Glimmora|Sludge Wave|p1b: Landorus|[spread] p2a,p1a,p1b\n|-resisted|p1b: Landorus\n|-damage|p2a: Tornadus|35\/100\n|-damage|p1a: Kommo-o|8\/100\n|-damage|p1b: Landorus|0 fnt\n|faint|p1b: Landorus\n|-damage|p2b: Glimmora|35\/100|[from] item: Life Orb\n|move|p1a: Kommo-o|Flamethrower|p2a: Tornadus\n|-damage|p2a: Tornadus|0 fnt\n|faint|p2a: Tornadus\n|\n|upkeep\n|inactive|Breator has 120 seconds left.\n|\n|t:|1698678949\n|switch|p2a: Iron Hands|Iron Hands|100\/100\n|switch|p1b: Sinistcha|Sinistcha-Masterpiece|79\/100\n|-heal|p1a: Kommo-o|32\/100|[from] ability: Hospitality|[of] p1b: Sinistcha\n|turn|8\n|inactive|Breator has 120 seconds left.\n|\n|t:|1698678968\n|switch|p1b: Clefairy|Clefairy, F|57\/100\n|move|p1a: Kommo-o|Protect|p1a: Kommo-o\n|-singleturn|p1a: Kommo-o|Protect\n|move|p2b: Glimmora|Sludge Wave|p1a: Kommo-o|[spread] p2a,p1b\n|-activate|p1a: Kommo-o|move: Protect\n|-supereffective|p1b: Clefairy\n|-damage|p2a: Iron Hands|77\/100\n|-damage|p1b: Clefairy|0 fnt\n|faint|p1b: Clefairy\n|-damage|p2b: Glimmora|26\/100|[from] item: Life Orb\n|move|p2a: Iron Hands|Thunder Punch|p1a: Kommo-o\n|-activate|p1a: Kommo-o|move: Protect\n|\n|-sideend|p2: Breator|move: Tailwind\n|upkeep\n|\n|t:|1698678977\n|switch|p1b: Sinistcha|Sinistcha-Masterpiece|79\/100\n|-heal|p1a: Kommo-o|57\/100|[from] ability: Hospitality|[of] p1b: Sinistcha\n|turn|9\n|\n|t:|1698678993\n|move|p2b: Glimmora|Protect|p2b: Glimmora\n|-singleturn|p2b: Glimmora|Protect\n|move|p1b: Sinistcha|Rage Powder|p1b: Sinistcha\n|-singleturn|p1b: Sinistcha|move: Rage Powder\n|move|p1a: Kommo-o|Clanging Scales|p2b: Glimmora|[spread] p2a\n|-activate|p2b: Glimmora|move: Protect\n|-damage|p2a: Iron Hands|34\/100\n|-unboost|p1a: Kommo-o|def|1\n|move|p2a: Iron Hands|Drain Punch|p1b: Sinistcha\n|-immune|p1b: Sinistcha\n|\n|upkeep\n|turn|10\n|\n|t:|1698679013\n|switch|p1b: Snorlax|Snorlax, M|40\/100 brn\n|move|p2b: Glimmora|Dazzling Gleam|p1a: Kommo-o|[spread] p1a,p1b\n|-resisted|p1a: Kommo-o\n|-damage|p1a: Kommo-o|48\/100\n|-damage|p1b: Snorlax|26\/100 brn\n|-damage|p2b: Glimmora|16\/100|[from] item: Life Orb\n|move|p1a: Kommo-o|Clanging Scales|p2a: Iron Hands|[spread] p2a,p2b\n|-damage|p2a: Iron Hands|0 fnt\n|-damage|p2b: Glimmora|0 fnt\n|faint|p2a: Iron Hands\n|-end|p2a: Iron Hands|Quark Drive|[silent]\n|faint|p2b: Glimmora\n|-unboost|p1a: Kommo-o|def|1\n|\n|-heal|p1b: Snorlax|33\/100 brn|[from] item: Leftovers\n|-damage|p1b: Snorlax|26\/100 brn|[from] brn\n|upkeep\n|\n|t:|1698679025\n|switch|p2b: Gholdengo|Gholdengo|100\/100\n|switch|p2a: Chien-Pao|Chien-Pao|100\/100\n|-ability|p2a: Chien-Pao|Sword of Ruin\n|turn|11\n|\n|t:|1698679055\n|move|p1a: Kommo-o|Protect|p1a: Kommo-o\n|-singleturn|p1a: Kommo-o|Protect\n|move|p2a: Chien-Pao|Sucker Punch||[still]\n|-fail|p2a: Chien-Pao\n|move|p2b: Gholdengo|Shadow Ball|p1a: Kommo-o\n|-activate|p1a: Kommo-o|move: Protect\n|move|p1b: Snorlax|Double-Edge|p2a: Chien-Pao\n|-damage|p2a: Chien-Pao|66\/100\n|-damage|p1b: Snorlax|19\/100 brn|[from] Recoil\n|\n|-heal|p1b: Snorlax|26\/100 brn|[from] item: Leftovers\n|-damage|p1b: Snorlax|19\/100 brn|[from] brn\n|upkeep\n|turn|12\n|\n|t:|1698679069\n|switch|p1b: Sinistcha|Sinistcha-Masterpiece|79\/100\n|-heal|p1a: Kommo-o|72\/100|[from] ability: Hospitality|[of] p1b: Sinistcha\n|move|p2a: Chien-Pao|Ice Spinner|p1b: Sinistcha\n|-supereffective|p1b: Sinistcha\n|-damage|p1b: Sinistcha|0 fnt\n|faint|p1b: Sinistcha\n|move|p2b: Gholdengo|Shadow Ball|p1a: Kommo-o\n|-immune|p1a: Kommo-o|[from] ability: Bulletproof\n|move|p1a: Kommo-o|Flamethrower|p2a: Chien-Pao\n|-supereffective|p2a: Chien-Pao\n|-damage|p2a: Chien-Pao|0 fnt\n|faint|p2a: Chien-Pao\n|\n|upkeep\n|\n|t:|1698679079\n|switch|p1b: Snorlax|Snorlax, M|19\/100 brn\n|turn|13\n|\n|t:|1698679088\n|move|p2b: Gholdengo|Shadow Ball|p1b: Snorlax\n|-immune|p1b: Snorlax\n|move|p1a: Kommo-o|Flamethrower|p2b: Gholdengo\n|-supereffective|p2b: Gholdengo\n|-damage|p2b: Gholdengo|0 fnt\n|faint|p2b: Gholdengo\n|\n|win|BriefMarigold4\n|raw|BriefMarigold4's rating: 1529 &rarr; <strong>1541<\/strong><br \/>(+12 for winning)\n|raw|Breator's rating: 1373 &rarr; <strong>1361<\/strong><br \/>(-12 for losing)\n","uploadtime":1698678693,"views":9,"p1id":"briefmarigold4","p2id":"breator","formatid":"gen9doublesou","rating":1361,"private":0,"password":""}