{"id":"gen9doublesou-1983428173","p1":"GatosLover","p2":"userinanutshell","format":"[Gen 9] Doubles OU","log":"|j|\u2606GatosLover\n|j|\u2606userinanutshell\n|t:|1699129096\n|gametype|doubles\n|player|p1|GatosLover|marnie|1250\n|player|p2|userinanutshell|101|1187\n|teamsize|p1|6\n|teamsize|p2|6\n|gen|9\n|tier|[Gen 9] Doubles OU\n|rated|\n|rule|Species Clause: Limit one of each Pok\u00e9mon\n|rule|OHKO Clause: OHKO moves are banned\n|rule|Evasion Moves Clause: Evasion moves are banned\n|rule|Gravity Sleep Clause: The combination of sleep-inducing moves with imperfect accuracy and Gravity or Gigantamax Orbeetle are banned\n|rule|Endless Battle Clause: Forcing endless battles is banned\n|rule|HP Percentage Mod: HP is shown in percentages\n|clearpoke\n|poke|p1|Walking Wake|\n|poke|p1|Sylveon, F|\n|poke|p1|Hatterene, F|\n|poke|p1|Milotic, F|\n|poke|p1|Ninetales, F|\n|poke|p1|Diancie|\n|poke|p2|Landorus-Therian, M|\n|poke|p2|Ogerpon-Wellspring, F|\n|poke|p2|Heatran, M|\n|poke|p2|Dragapult, M|\n|poke|p2|Chien-Pao|\n|poke|p2|Amoonguss, M|\n|teampreview\n|inactive|Battle timer is ON: inactive players will automatically lose when time's up. (requested by userinanutshell)\n|\n|t:|1699129110\n|start\n|switch|p1a: Bjork|Walking Wake|100\/100\n|switch|p1b: Lorde|Ninetales, F|100\/100\n|switch|p2a: Dragapult|Dragapult, M|100\/100\n|switch|p2b: Landorus|Landorus-Therian, M|100\/100\n|-ability|p2b: Landorus|Intimidate|boost\n|-unboost|p1a: Bjork|atk|1\n|-unboost|p1b: Lorde|atk|1\n|-weather|SunnyDay|[from] ability: Drought|[of] p1b: Lorde\n|-activate|p1a: Bjork|ability: Protosynthesis\n|-start|p1a: Bjork|protosynthesisspe\n|turn|1\n|\n|t:|1699129138\n|-end|p1a: Bjork|Protosynthesis|[silent]\n|switch|p1a: Melanaie Martinez|Sylveon, F|100\/100\n|move|p2b: Landorus|Rock Slide|p1a: Melanaie Martinez|[spread] p1a,p1b\n|-supereffective|p1b: Lorde\n|-damage|p1a: Melanaie Martinez|74\/100\n|-damage|p1b: Lorde|37\/100\n|move|p2a: Dragapult|Dragon Darts|p1b: Lorde\n|-damage|p1b: Lorde|0 fnt\n|faint|p1b: Lorde\n|\n|-weather|SunnyDay|[upkeep]\n|upkeep\n|inactive|GatosLover has 120 seconds left.\n|\n|t:|1699129152\n|switch|p1b: Bjork|Walking Wake|100\/100\n|-activate|p1b: Bjork|ability: Protosynthesis\n|-start|p1b: Bjork|protosynthesisspe\n|turn|2\n|\n|t:|1699129161\n|move|p1b: Bjork|Hydro Steam|p2b: Landorus\n|-supereffective|p2b: Landorus\n|-damage|p2b: Landorus|0 fnt\n|faint|p2b: Landorus\n|move|p2a: Dragapult|Dragon Darts|p1b: Bjork\n|-supereffective|p1b: Bjork\n|-damage|p1b: Bjork|21\/100\n|-anim|p2a: Dragapult|Dragon Darts|p1b: Bjork\n|-supereffective|p1b: Bjork\n|-damage|p1b: Bjork|0 fnt\n|faint|p1b: Bjork\n|-end|p1b: Bjork|Protosynthesis|[silent]\n|move|p1a: Melanaie Martinez|Hyper Voice|p2a: Dragapult\n|-supereffective|p2a: Dragapult\n|-damage|p2a: Dragapult|0 fnt\n|faint|p2a: Dragapult\n|-damage|p1a: Melanaie Martinez|64\/100|[from] item: Life Orb\n|\n|-weather|SunnyDay|[upkeep]\n|upkeep\n|inactive|userinanutshell has 120 seconds left.\n|\n|t:|1699129195\n|switch|p2a: Ogerpon|Ogerpon-Wellspring, F|100\/100\n|switch|p1b: Lana Del Rey|Hatterene, F|100\/100\n|switch|p2b: Chien-Pao|Chien-Pao|100\/100\n|-ability|p2b: Chien-Pao|Sword of Ruin\n|turn|3\n|\n|t:|1699129207\n|-terastallize|p2a: Ogerpon|Water\n|detailschange|p2a: Ogerpon|Ogerpon-Wellspring-Tera, F, tera:Water\n|-ability|p2a: Ogerpon|Embody Aspect (Wellspring)|boost\n|-boost|p2a: Ogerpon|spd|1\n|move|p2b: Chien-Pao|Icicle Crash|p1b: Lana Del Rey\n|-damage|p1b: Lana Del Rey|43\/100\n|move|p2a: Ogerpon|Ivy Cudgel|p1a: Melanaie Martinez\n|-crit|p1a: Melanaie Martinez\n|-damage|p1a: Melanaie Martinez|0 fnt\n|faint|p1a: Melanaie Martinez\n|move|p1b: Lana Del Rey|Trick Room|p1b: Lana Del Rey\n|-fieldstart|move: Trick Room|[of] p1b: Lana Del Rey\n|\n|-weather|SunnyDay|[upkeep]\n|upkeep\n|\n|t:|1699129217\n|switch|p1a: Marina Diamandis|Diancie|100\/100\n|turn|4\n|inactive|userinanutshell has 120 seconds left.\n|\n|t:|1699129247\n|move|p1b: Lana Del Rey|Draining Kiss|p2a: Ogerpon\n|-damage|p2a: Ogerpon|81\/100\n|-heal|p1b: Lana Del Rey|66\/100|[from] drain|[of] p2a: Ogerpon\n|move|p1a: Marina Diamandis|Diamond Storm|p2a: Ogerpon|[spread] p2a,p2b\n|-supereffective|p2b: Chien-Pao\n|-damage|p2a: Ogerpon|34\/100\n|-damage|p2b: Chien-Pao|19\/100\n|-boost|p1a: Marina Diamandis|def|2\n|move|p2a: Ogerpon|Ivy Cudgel|p1a: Marina Diamandis\n|-supereffective|p1a: Marina Diamandis\n|-damage|p1a: Marina Diamandis|62\/100\n|-enditem|p1a: Marina Diamandis|Weakness Policy\n|-boost|p1a: Marina Diamandis|atk|2|[from] item: Weakness Policy\n|-boost|p1a: Marina Diamandis|spa|2|[from] item: Weakness Policy\n|move|p2b: Chien-Pao|Icicle Crash|p1b: Lana Del Rey\n|-damage|p1b: Lana Del Rey|7\/100\n|\n|-weather|SunnyDay|[upkeep]\n|upkeep\n|turn|5\n|\n|t:|1699129272\n|move|p2b: Chien-Pao|Sucker Punch|p1a: Marina Diamandis\n|-resisted|p1a: Marina Diamandis\n|-damage|p1a: Marina Diamandis|54\/100\n|move|p1b: Lana Del Rey|Draining Kiss|p2b: Chien-Pao\n|-supereffective|p2b: Chien-Pao\n|-damage|p2b: Chien-Pao|0 fnt\n|-heal|p1b: Lana Del Rey|27\/100|[from] drain|[of] p2b: Chien-Pao\n|faint|p2b: Chien-Pao\n|move|p1a: Marina Diamandis|Diamond Storm|p2a: Ogerpon\n|-damage|p2a: Ogerpon|0 fnt\n|-boost|p1a: Marina Diamandis|def|2\n|faint|p2a: Ogerpon\n|\n|-weather|SunnyDay|[upkeep]\n|upkeep\n|inactive|userinanutshell has 120 seconds left.\n|\n|t:|1699129297\n|switch|p2a: Heatran|Heatran, M|100\/100\n|switch|p2b: Amoonguss|Amoonguss, M|100\/100\n|turn|6\n|\n|t:|1699129305\n|move|p1b: Lana Del Rey|Mystical Fire|p2b: Amoonguss\n|-supereffective|p2b: Amoonguss\n|-damage|p2b: Amoonguss|23\/100\n|-unboost|p2b: Amoonguss|spa|1\n|move|p2b: Amoonguss|Spore|p1a: Marina Diamandis\n|-status|p1a: Marina Diamandis|slp|[from] move: Spore\n|cant|p1a: Marina Diamandis|slp\n|move|p2a: Heatran|Heavy Slam|p1b: Lana Del Rey\n|-supereffective|p1b: Lana Del Rey\n|-damage|p1b: Lana Del Rey|0 fnt\n|faint|p1b: Lana Del Rey\n|\n|-weather|SunnyDay|[upkeep]\n|-heal|p2b: Amoonguss|29\/100|[from] item: Leftovers\n|upkeep\n|\n|t:|1699129317\n|switch|p1b: SOPHIE XEON|Milotic, F|100\/100\n|turn|7\n|inactive|userinanutshell has 120 seconds left.\n|\n|t:|1699129355\n|move|p2b: Amoonguss|Spore|p1b: SOPHIE XEON\n|-status|p1b: SOPHIE XEON|slp|[from] move: Spore\n|cant|p1a: Marina Diamandis|slp\n|move|p2a: Heatran|Heavy Slam|p1a: Marina Diamandis\n|-supereffective|p1a: Marina Diamandis\n|-damage|p1a: Marina Diamandis|14\/100 slp\n|cant|p1b: SOPHIE XEON|slp\n|\n|-weather|SunnyDay|[upkeep]\n|-heal|p2b: Amoonguss|36\/100|[from] item: Leftovers\n|-fieldend|move: Trick Room\n|upkeep\n|turn|8\n|\n|t:|1699129379\n|cant|p1a: Marina Diamandis|slp\n|-curestatus|p1b: SOPHIE XEON|slp|[msg]\n|move|p1b: SOPHIE XEON|Icy Wind|p2b: Amoonguss|[spread] p2a,p2b\n|-resisted|p2a: Heatran\n|-supereffective|p2b: Amoonguss\n|-damage|p2a: Heatran|99\/100\n|-damage|p2b: Amoonguss|20\/100\n|-unboost|p2a: Heatran|spe|1\n|-unboost|p2b: Amoonguss|spe|1\n|move|p2a: Heatran|Heavy Slam|p1a: Marina Diamandis\n|-supereffective|p1a: Marina Diamandis\n|-damage|p1a: Marina Diamandis|0 fnt\n|faint|p1a: Marina Diamandis\n|move|p2b: Amoonguss|Pollen Puff|p1b: SOPHIE XEON\n|-damage|p1b: SOPHIE XEON|92\/100\n|\n|-weather|none\n|-heal|p1b: SOPHIE XEON|98\/100|[from] item: Leftovers\n|-heal|p2b: Amoonguss|26\/100|[from] item: Leftovers\n|upkeep\n|turn|9\n|inactive|userinanutshell has 120 seconds left.\n|\n|t:|1699129423\n|move|p1b: SOPHIE XEON|Scald|p2b: Amoonguss\n|-resisted|p2b: Amoonguss\n|-damage|p2b: Amoonguss|16\/100\n|move|p2a: Heatran|Earthquake|p1b: SOPHIE XEON|[spread] p2b,p1b\n|-damage|p2b: Amoonguss|2\/100\n|-damage|p1b: SOPHIE XEON|86\/100\n|move|p2b: Amoonguss|Spore|p1b: SOPHIE XEON\n|-status|p1b: SOPHIE XEON|slp|[from] move: Spore\n|\n|-heal|p1b: SOPHIE XEON|92\/100 slp|[from] item: Leftovers\n|-heal|p2b: Amoonguss|8\/100|[from] item: Leftovers\n|upkeep\n|turn|10\n|\n|t:|1699129434\n|cant|p1b: SOPHIE XEON|slp\n|move|p2a: Heatran|Flamethrower|p1b: SOPHIE XEON\n|-resisted|p1b: SOPHIE XEON\n|-damage|p1b: SOPHIE XEON|74\/100 slp\n|move|p2b: Amoonguss|Pollen Puff|p1b: SOPHIE XEON\n|-crit|p1b: SOPHIE XEON\n|-damage|p1b: SOPHIE XEON|54\/100 slp\n|\n|-heal|p1b: SOPHIE XEON|60\/100 slp|[from] item: Leftovers\n|-heal|p2b: Amoonguss|15\/100|[from] item: Leftovers\n|upkeep\n|turn|11\n|\n|t:|1699129460\n|-curestatus|p1b: SOPHIE XEON|slp|[msg]\n|move|p1b: SOPHIE XEON|Recover|p1b: SOPHIE XEON\n|-heal|p1b: SOPHIE XEON|100\/100\n|move|p2a: Heatran|Flamethrower|p1b: SOPHIE XEON\n|-resisted|p1b: SOPHIE XEON\n|-damage|p1b: SOPHIE XEON|82\/100\n|move|p2b: Amoonguss|Pollen Puff|p1b: SOPHIE XEON\n|-damage|p1b: SOPHIE XEON|73\/100\n|\n|-heal|p1b: SOPHIE XEON|79\/100|[from] item: Leftovers\n|-heal|p2b: Amoonguss|21\/100|[from] item: Leftovers\n|upkeep\n|turn|12\n|\n|t:|1699129476\n|move|p1b: SOPHIE XEON|Icy Wind|p2a: Heatran|[spread] p2a,p2b\n|-resisted|p2a: Heatran\n|-supereffective|p2b: Amoonguss\n|-damage|p2a: Heatran|98\/100\n|-damage|p2b: Amoonguss|4\/100\n|-unboost|p2a: Heatran|spe|1\n|-unboost|p2b: Amoonguss|spe|1\n|move|p2a: Heatran|Flamethrower|p1b: SOPHIE XEON\n|-resisted|p1b: SOPHIE XEON\n|-damage|p1b: SOPHIE XEON|62\/100\n|-status|p1b: SOPHIE XEON|brn\n|move|p2b: Amoonguss|Spore||[still]\n|-fail|p2b: Amoonguss\n|\n|-heal|p1b: SOPHIE XEON|68\/100 brn|[from] item: Leftovers\n|-heal|p2b: Amoonguss|10\/100|[from] item: Leftovers\n|-damage|p1b: SOPHIE XEON|62\/100 brn|[from] brn\n|upkeep\n|turn|13\n|inactive|userinanutshell has 120 seconds left.\n|\n|t:|1699129531\n|move|p2b: Amoonguss|Rage Powder|p2b: Amoonguss\n|-singleturn|p2b: Amoonguss|move: Rage Powder\n|move|p1b: SOPHIE XEON|Icy Wind|p2a: Heatran|[spread] p2a,p2b\n|-resisted|p2a: Heatran\n|-supereffective|p2b: Amoonguss\n|-damage|p2a: Heatran|97\/100\n|-damage|p2b: Amoonguss|0 fnt\n|-unboost|p2a: Heatran|spe|1\n|faint|p2b: Amoonguss\n|move|p2a: Heatran|Flamethrower|p1b: SOPHIE XEON\n|-resisted|p1b: SOPHIE XEON\n|-damage|p1b: SOPHIE XEON|44\/100 brn\n|\n|-heal|p1b: SOPHIE XEON|50\/100 brn|[from] item: Leftovers\n|-damage|p1b: SOPHIE XEON|44\/100 brn|[from] brn\n|upkeep\n|turn|14\n|inactive|userinanutshell has 120 seconds left.\n|\n|t:|1699129540\n|move|p1b: SOPHIE XEON|Recover|p1b: SOPHIE XEON\n|-heal|p1b: SOPHIE XEON|94\/100 brn\n|move|p2a: Heatran|Flamethrower|p1b: SOPHIE XEON\n|-resisted|p1b: SOPHIE XEON\n|-damage|p1b: SOPHIE XEON|75\/100 brn\n|\n|-heal|p1b: SOPHIE XEON|81\/100 brn|[from] item: Leftovers\n|-damage|p1b: SOPHIE XEON|75\/100 brn|[from] brn\n|upkeep\n|turn|15\n|\n|t:|1699129552\n|-terastallize|p1b: SOPHIE XEON|Water\n|move|p1b: SOPHIE XEON|Scald|p2a: Heatran\n|-supereffective|p2a: Heatran\n|-damage|p2a: Heatran|50\/100\n|move|p2a: Heatran|Flamethrower|p1b: SOPHIE XEON\n|-resisted|p1b: SOPHIE XEON\n|-damage|p1b: SOPHIE XEON|57\/100 brn\n|\n|-heal|p1b: SOPHIE XEON|63\/100 brn|[from] item: Leftovers\n|-damage|p1b: SOPHIE XEON|57\/100 brn|[from] brn\n|upkeep\n|turn|16\n|\n|t:|1699129562\n|move|p1b: SOPHIE XEON|Scald|p2a: Heatran\n|-supereffective|p2a: Heatran\n|-damage|p2a: Heatran|10\/100\n|move|p2a: Heatran|Flamethrower|p1b: SOPHIE XEON\n|-resisted|p1b: SOPHIE XEON\n|-damage|p1b: SOPHIE XEON|39\/100 brn\n|\n|-heal|p1b: SOPHIE XEON|45\/100 brn|[from] item: Leftovers\n|-damage|p1b: SOPHIE XEON|39\/100 brn|[from] brn\n|upkeep\n|turn|17\n|-message|userinanutshell forfeited.\n|\n|win|GatosLover\n|raw|GatosLover's rating: 1250 &rarr; <strong>1272<\/strong><br \/>(+22 for winning)\n|raw|userinanutshell's rating: 1207 &rarr; <strong>1185<\/strong><br \/>(-22 for losing)\n|l|\u2606userinanutshell\n|c|\u2606GatosLover|gg\n","uploadtime":1699129632,"views":17,"p1id":"gatoslover","p2id":"userinanutshell","formatid":"gen9doublesou","rating":1185,"private":0,"password":""}