{"id":"gen9doublesou-1973602842","p1":"Rexluser","p2":"Xenophoresis","format":"[Gen 9] Doubles OU","log":"|j|\u2606Rexluser\n|j|\u2606Xenophoresis\n|t:|1697995147\n|gametype|doubles\n|player|p1|Rexluser|266|1330\n|player|p2|Xenophoresis|101|1334\n|teamsize|p1|6\n|teamsize|p2|6\n|gen|9\n|tier|[Gen 9] Doubles OU\n|rated|\n|rule|Species Clause: Limit one of each Pok\u00e9mon\n|rule|OHKO Clause: OHKO moves are banned\n|rule|Evasion Moves Clause: Evasion moves are banned\n|rule|Gravity Sleep Clause: The combination of sleep-inducing moves with imperfect accuracy and Gravity or Gigantamax Orbeetle are banned\n|rule|Endless Battle Clause: Forcing endless battles is banned\n|rule|HP Percentage Mod: HP is shown in percentages\n|clearpoke\n|poke|p1|Chien-Pao|\n|poke|p1|Basculegion-F, F|\n|poke|p1|Goodra-Hisui, M|\n|poke|p1|Iron Hands|\n|poke|p1|Ogerpon-Hearthflame, F|\n|poke|p1|Tornadus, M|\n|poke|p2|Slowbro-Galar, F|\n|poke|p2|Clefable, F|\n|poke|p2|Cresselia, F|\n|poke|p2|Uxie|\n|poke|p2|Sinistcha-Masterpiece|\n|poke|p2|Gliscor, F|\n|teampreview\n|inactive|Battle timer is ON: inactive players will automatically lose when time's up. (requested by Rexluser)\n|inactive|Xenophoresis has 120 seconds left.\n|\n|t:|1697995202\n|start\n|switch|p1a: Chien-Pao|Chien-Pao|100\/100\n|switch|p1b: Basculegion|Basculegion-F, F|100\/100\n|switch|p2a: Slowbro|Slowbro-Galar, F|100\/100\n|switch|p2b: Uxie|Uxie|100\/100\n|-ability|p1a: Chien-Pao|Sword of Ruin\n|-ability|p1b: Basculegion|Mold Breaker\n|turn|1\n|\n|t:|1697995221\n|move|p1a: Chien-Pao|Lash Out|p2b: Uxie\n|-supereffective|p2b: Uxie\n|-damage|p2b: Uxie|0 fnt\n|faint|p2b: Uxie\n|move|p1b: Basculegion|Phantom Force||[still]\n|-prepare|p1b: Basculegion|Phantom Force\n|move|p2a: Slowbro|Curse|p2a: Slowbro\n|-unboost|p2a: Slowbro|spe|1\n|-boost|p2a: Slowbro|atk|1\n|-boost|p2a: Slowbro|def|1\n|\n|upkeep\n|\n|t:|1697995232\n|switch|p2b: Cresselia|Cresselia, F|100\/100\n|turn|2\n|\n|t:|1697995239\n|move|p1a: Chien-Pao|Lash Out|p2b: Cresselia\n|-supereffective|p2b: Cresselia\n|-damage|p2b: Cresselia|3\/100\n|move|p1b: Basculegion|Phantom Force|p2a: Slowbro|[from]lockedmove\n|-supereffective|p2a: Slowbro\n|-damage|p2a: Slowbro|25\/100\n|move|p2a: Slowbro|Drain Punch|p1a: Chien-Pao\n|-supereffective|p1a: Chien-Pao\n|-damage|p1a: Chien-Pao|0 fnt\n|-heal|p2a: Slowbro|70\/100|[from] drain|[of] p1a: Chien-Pao\n|faint|p1a: Chien-Pao\n|move|p2b: Cresselia|Trick Room|p2b: Cresselia\n|-fieldstart|move: Trick Room|[of] p2b: Cresselia\n|\n|-heal|p2a: Slowbro|76\/100|[from] item: Leftovers\n|-heal|p2b: Cresselia|9\/100|[from] item: Leftovers\n|upkeep\n|\n|t:|1697995257\n|switch|p1a: Iron Hands|Iron Hands|100\/100\n|turn|3\n|\n|t:|1697995273\n|move|p1a: Iron Hands|Fake Out|p2b: Cresselia\n|-damage|p2b: Cresselia|1\/100\n|cant|p2b: Cresselia|flinch\n|move|p2a: Slowbro|Shell Side Arm|p1b: Basculegion|[anim] Shell Side Arm Physical\n|-resisted|p1b: Basculegion\n|-damage|p1b: Basculegion|68\/100\n|-hint|Physical Shell Side Arm\n|move|p1b: Basculegion|Phantom Force||[still]\n|-prepare|p1b: Basculegion|Phantom Force\n|\n|-heal|p2a: Slowbro|82\/100|[from] item: Leftovers\n|-heal|p2b: Cresselia|7\/100|[from] item: Leftovers\n|upkeep\n|turn|4\n|\n|t:|1697995293\n|switch|p2b: Clefable|Clefable, F|100\/100\n|move|p2a: Slowbro|Curse|p2a: Slowbro\n|-unboost|p2a: Slowbro|spe|1\n|-boost|p2a: Slowbro|atk|1\n|-boost|p2a: Slowbro|def|1\n|move|p1a: Iron Hands|Wild Charge|p2a: Slowbro\n|-damage|p2a: Slowbro|58\/100\n|-damage|p1a: Iron Hands|96\/100|[from] Recoil\n|move|p1b: Basculegion|Phantom Force|p2a: Slowbro|[from]lockedmove\n|-supereffective|p2a: Slowbro\n|-damage|p2a: Slowbro|11\/100\n|\n|-heal|p2a: Slowbro|17\/100|[from] item: Leftovers\n|upkeep\n|turn|5\n|\n|t:|1697995314\n|-end|p1a: Iron Hands|Quark Drive|[silent]\n|switch|p1a: Goodra|Goodra-Hisui, M|100\/100\n|move|p2b: Clefable|Follow Me|p2b: Clefable\n|-singleturn|p2b: Clefable|move: Follow Me\n|move|p2a: Slowbro|Slack Off|p2a: Slowbro\n|-heal|p2a: Slowbro|67\/100\n|move|p1b: Basculegion|Phantom Force||[still]\n|-prepare|p1b: Basculegion|Phantom Force\n|\n|-heal|p2a: Slowbro|73\/100|[from] item: Leftovers\n|upkeep\n|turn|6\n|\n|t:|1697995330\n|move|p2a: Slowbro|Drain Punch|p1a: Goodra\n|-supereffective|p1a: Goodra\n|-damage|p1a: Goodra|21\/100\n|-heal|p2a: Slowbro|100\/100|[from] drain|[of] p1a: Goodra\n|move|p2b: Clefable|Moonblast|p1b: Basculegion|[miss]\n|-miss|p2b: Clefable|p1b: Basculegion\n|move|p1a: Goodra|Flash Cannon|p2b: Clefable\n|-supereffective|p2b: Clefable\n|-damage|p2b: Clefable|49\/100\n|move|p1b: Basculegion|Phantom Force|p2a: Slowbro|[from]lockedmove\n|-supereffective|p2a: Slowbro\n|-damage|p2a: Slowbro|55\/100\n|\n|-heal|p2a: Slowbro|61\/100|[from] item: Leftovers\n|-heal|p2b: Clefable|55\/100|[from] item: Leftovers\n|-heal|p1a: Goodra|27\/100|[from] item: Leftovers\n|-fieldend|move: Trick Room\n|upkeep\n|turn|7\n|\n|t:|1697995350\n|move|p1b: Basculegion|Phantom Force||[still]\n|-prepare|p1b: Basculegion|Phantom Force\n|move|p1a: Goodra|Flash Cannon|p2b: Clefable\n|-supereffective|p2b: Clefable\n|-damage|p2b: Clefable|1\/100\n|move|p2b: Clefable|Life Dew|p2b: Clefable|[spread] p2a,p2b\n|-heal|p2a: Slowbro|86\/100\n|-heal|p2b: Clefable|26\/100\n|move|p2a: Slowbro|Drain Punch|p1a: Goodra\n|-supereffective|p1a: Goodra\n|-damage|p1a: Goodra|0 fnt\n|-heal|p2a: Slowbro|100\/100|[from] drain|[of] p1a: Goodra\n|faint|p1a: Goodra\n|\n|-heal|p2b: Clefable|32\/100|[from] item: Leftovers\n|upkeep\n|\n|t:|1697995361\n|switch|p1a: Ogerpon|Ogerpon-Hearthflame, F|100\/100\n|-ability|p1a: Ogerpon|Mold Breaker\n|turn|8\n|\n|t:|1697995367\n|-terastallize|p1a: Ogerpon|Fire\n|detailschange|p1a: Ogerpon|Ogerpon-Hearthflame-Tera, F, tera:Fire\n|-ability|p1a: Ogerpon|Embody Aspect (Hearthflame)|boost\n|-boost|p1a: Ogerpon|atk|1\n|move|p2b: Clefable|Follow Me|p2b: Clefable\n|-singleturn|p2b: Clefable|move: Follow Me\n|move|p1b: Basculegion|Phantom Force|p2b: Clefable|[from]lockedmove\n|-damage|p2b: Clefable|0 fnt\n|faint|p2b: Clefable\n|move|p1a: Ogerpon|Ivy Cudgel|p2a: Slowbro\n|-crit|p2a: Slowbro\n|-damage|p2a: Slowbro|0 fnt\n|faint|p2a: Slowbro\n|\n|upkeep\n|-message|Xenophoresis forfeited.\n|\n|win|Rexluser\n|raw|Rexluser's rating: 1330 &rarr; <strong>1350<\/strong><br \/>(+20 for winning)\n|raw|Xenophoresis's rating: 1334 &rarr; <strong>1314<\/strong><br \/>(-20 for losing)\n|l|\u2606Xenophoresis\n","uploadtime":1697995393,"views":17,"p1id":"rexluser","p2id":"xenophoresis","formatid":"gen9doublesou","rating":1314,"private":0,"password":""}