{"id":"gen9doublesou-1998919482","p1":"cotesmcgotes","p2":"ppunto","format":"[Gen 9] Doubles OU","log":"|j|\u2606cotesmcgotes\n|j|\u2606ppunto\n|t:|1701013103\n|gametype|doubles\n|player|p1|cotesmcgotes|flannery|1328\n|player|p2|ppunto|medium|1417\n|teamsize|p1|6\n|teamsize|p2|6\n|gen|9\n|tier|[Gen 9] Doubles OU\n|rated|\n|rule|Species Clause: Limit one of each Pok\u00e9mon\n|rule|OHKO Clause: OHKO moves are banned\n|rule|Evasion Moves Clause: Evasion moves are banned\n|rule|Gravity Sleep Clause: The combination of sleep-inducing moves with imperfect accuracy and Gravity or Gigantamax Orbeetle are banned\n|rule|Endless Battle Clause: Forcing endless battles is banned\n|rule|HP Percentage Mod: HP is shown in percentages\n|clearpoke\n|poke|p1|Cresselia, F|\n|poke|p1|Overqwil, M|\n|poke|p1|Pelipper, M|\n|poke|p1|Barraskewda, M|\n|poke|p1|Gholdengo|\n|poke|p1|Decidueye-Hisui, M|\n|poke|p2|Weezing-Galar, M|\n|poke|p2|Slaking, M|\n|poke|p2|Alomomola, F|\n|poke|p2|Staraptor, M|\n|poke|p2|Mimikyu, F|\n|poke|p2|Zoroark-Hisui, F|\n|teampreview\n|inactive|Battle timer is ON: inactive players will automatically lose when time's up. (requested by ppunto)\n|\n|t:|1701013119\n|start\n|switch|p1a: Gholdengo|Gholdengo|100\/100\n|switch|p1b: Pelipper|Pelipper, M|100\/100\n|switch|p2a: Weewee|Weezing-Galar, M|100\/100\n|switch|p2b: El Enterrador|Slaking, M|100\/100\n|-ability|p2a: Weewee|Neutralizing Gas\n|turn|1\n|\n|t:|1701013136\n|move|p2a: Weewee|Protect|p2a: Weewee\n|-singleturn|p2a: Weewee|Protect\n|move|p2b: El Enterrador|Knock Off|p1a: Gholdengo\n|-supereffective|p1a: Gholdengo\n|-damage|p1a: Gholdengo|1\/100\n|-enditem|p1a: Gholdengo|Wise Glasses|[from] move: Knock Off|[of] p2b: El Enterrador\n|move|p1a: Gholdengo|Make It Rain|p2b: El Enterrador|[spread] p2b\n|-activate|p2a: Weewee|move: Protect\n|-damage|p2b: El Enterrador|51\/100\n|-unboost|p1a: Gholdengo|spa|1\n|move|p1b: Pelipper|Tailwind|p1b: Pelipper\n|-sidestart|p1: cotesmcgotes|move: Tailwind\n|\n|-heal|p2b: El Enterrador|57\/100|[from] item: Leftovers\n|upkeep\n|turn|2\n|\n|t:|1701013157\n|move|p2b: El Enterrador|Sucker Punch|p1a: Gholdengo\n|-supereffective|p1a: Gholdengo\n|-damage|p1a: Gholdengo|0 fnt\n|faint|p1a: Gholdengo\n|move|p1b: Pelipper|Chilling Water|p2b: El Enterrador\n|-damage|p2b: El Enterrador|30\/100\n|-unboost|p2b: El Enterrador|atk|1\n|move|p2a: Weewee|Dazzling Gleam|p1b: Pelipper\n|-damage|p1b: Pelipper|66\/100\n|\n|-heal|p2b: El Enterrador|36\/100|[from] item: Leftovers\n|upkeep\n|inactive|cotesmcgotes has 120 seconds left.\n|\n|t:|1701013194\n|switch|p1a: Barraskewda|Barraskewda, M, shiny|100\/100\n|turn|3\n|inactive|cotesmcgotes has 120 seconds left.\n|\n|t:|1701013208\n|-terastallize|p2b: El Enterrador|Ghost\n|move|p1a: Barraskewda|Drill Run|p2a: Weewee\n|-supereffective|p2a: Weewee\n|-damage|p2a: Weewee|51\/100\n|move|p1b: Pelipper|Chilling Water|p2b: El Enterrador\n|-damage|p2b: El Enterrador|11\/100\n|-unboost|p2b: El Enterrador|atk|1\n|move|p2b: El Enterrador|Rock Slide|p1a: Barraskewda|[spread] p1b\n|-miss|p2b: El Enterrador|p1a: Barraskewda\n|-supereffective|p1b: Pelipper\n|-damage|p1b: Pelipper|40\/100\n|move|p2a: Weewee|Will-O-Wisp|p1a: Barraskewda\n|-status|p1a: Barraskewda|brn\n|\n|-heal|p2b: El Enterrador|17\/100|[from] item: Leftovers\n|-heal|p2a: Weewee|57\/100|[from] item: Leftovers\n|-damage|p1a: Barraskewda|94\/100 brn|[from] brn\n|upkeep\n|turn|4\n|\n|t:|1701013229\n|switch|p2b: Alomejormola|Alomomola, F|100\/100\n|move|p1a: Barraskewda|Facade|p2a: Weewee\n|-damage|p2a: Weewee|9\/100\n|move|p1b: Pelipper|Chilling Water|p2b: Alomejormola\n|-resisted|p2b: Alomejormola\n|-damage|p2b: Alomejormola|86\/100\n|-unboost|p2b: Alomejormola|atk|1\n|-enditem|p2b: Alomejormola|Red Card|[of] p1b: Pelipper\n|drag|p1b: Overqwil|Overqwil, M|100\/100\n|move|p2a: Weewee|Dazzling Gleam|p1b: Overqwil|[spread] p1a,p1b\n|-damage|p1a: Barraskewda|54\/100 brn\n|-damage|p1b: Overqwil|70\/100\n|\n|-heal|p1b: Overqwil|76\/100|[from] item: Black Sludge\n|-heal|p2a: Weewee|15\/100|[from] item: Leftovers\n|-damage|p1a: Barraskewda|48\/100 brn|[from] brn\n|-sideend|p1: cotesmcgotes|move: Tailwind\n|upkeep\n|turn|5\n|\n|t:|1701013255\n|move|p2a: Weewee|Protect|p2a: Weewee\n|-singleturn|p2a: Weewee|Protect\n|move|p1a: Barraskewda|Facade|p2b: Alomejormola\n|-damage|p2b: Alomejormola|58\/100\n|move|p1b: Overqwil|Barb Barrage|p2a: Weewee\n|-activate|p2a: Weewee|move: Protect\n|move|p2b: Alomejormola|Wish|p2b: Alomejormola\n|\n|-heal|p1b: Overqwil|82\/100|[from] item: Black Sludge\n|-heal|p2a: Weewee|21\/100|[from] item: Leftovers\n|-damage|p1a: Barraskewda|42\/100 brn|[from] brn\n|upkeep\n|turn|6\n|\n|t:|1701013275\n|-end|p2a: Weewee|ability: Neutralizing Gas\n|switch|p2a: 9\/11|Staraptor, M|100\/100\n|-ability|p2a: 9\/11|Intimidate|boost\n|-fail|p1a: Barraskewda|unboost|[from] item: Clear Amulet|[of] p1a: Barraskewda\n|-unboost|p1b: Overqwil|atk|1\n|move|p1a: Barraskewda|Facade|p2a: 9\/11\n|-damage|p2a: 9\/11|31\/100\n|move|p1b: Overqwil|Barb Barrage|p2b: Alomejormola\n|-damage|p2b: Alomejormola|46\/100\n|move|p2b: Alomejormola|Flip Turn|p1b: Overqwil\n|-damage|p1b: Overqwil|71\/100\n|\n|t:|1701013288\n|switch|p2b: El Enterrador|Slaking, M, tera:Ghost|17\/100|[from] Flip Turn\n|\n|-heal|p2b: El Enterrador|78\/100|[from] move: Wish|[wisher] Alomejormola\n|-heal|p2b: El Enterrador|84\/100|[from] item: Leftovers\n|-heal|p1b: Overqwil|77\/100|[from] item: Black Sludge\n|-damage|p1a: Barraskewda|36\/100 brn|[from] brn\n|upkeep\n|turn|7\n|\n|t:|1701013305\n|switch|p1b: Pelipper|Pelipper, M|40\/100\n|-weather|RainDance|[from] ability: Drizzle|[of] p1b: Pelipper\n|move|p1a: Barraskewda|Facade|p2a: 9\/11\n|-damage|p2a: 9\/11|0 fnt\n|faint|p2a: 9\/11\n|move|p2b: El Enterrador|Earthquake|p1b: Pelipper|[spread] p1a\n|-immune|p1b: Pelipper\n|-damage|p1a: Barraskewda|0 fnt\n|faint|p1a: Barraskewda\n|\n|-weather|RainDance|[upkeep]\n|-heal|p2b: El Enterrador|90\/100|[from] item: Leftovers\n|upkeep\n|\n|t:|1701013323\n|switch|p1a: Overqwil|Overqwil, M|77\/100\n|switch|p2a: Weewee|Weezing-Galar, M|21\/100\n|-ability|p2a: Weewee|Neutralizing Gas\n|turn|8\n|\n|t:|1701013338\n|move|p2a: Weewee|Protect|p2a: Weewee\n|-singleturn|p2a: Weewee|Protect\n|move|p2b: El Enterrador|Rock Slide|p1b: Pelipper|[spread] p1a,p1b\n|-supereffective|p1b: Pelipper\n|-damage|p1a: Overqwil|46\/100\n|-damage|p1b: Pelipper|0 fnt\n|faint|p1b: Pelipper\n|move|p1a: Overqwil|Crunch|p2b: El Enterrador\n|-supereffective|p2b: El Enterrador\n|-damage|p2b: El Enterrador|27\/100\n|\n|-weather|RainDance|[upkeep]\n|-heal|p2b: El Enterrador|33\/100|[from] item: Leftovers\n|-heal|p1a: Overqwil|52\/100|[from] item: Black Sludge\n|-heal|p2a: Weewee|27\/100|[from] item: Leftovers\n|upkeep\n|inactive|cotesmcgotes has 120 seconds left.\n|\n|t:|1701013362\n|switch|p1b: Cresselia|Cresselia, F, shiny|100\/100\n|turn|9\n|\n|t:|1701013373\n|-terastallize|p1b: Cresselia|Electric\n|move|p2b: El Enterrador|Knock Off|p1b: Cresselia\n|-damage|p1b: Cresselia|68\/100\n|-enditem|p1b: Cresselia|Leftovers|[from] move: Knock Off|[of] p2b: El Enterrador\n|move|p1a: Overqwil|Crunch|p2b: El Enterrador\n|-supereffective|p2b: El Enterrador\n|-damage|p2b: El Enterrador|0 fnt\n|faint|p2b: El Enterrador\n|move|p1b: Cresselia|Calm Mind|p1b: Cresselia\n|-boost|p1b: Cresselia|spa|1\n|-boost|p1b: Cresselia|spd|1\n|move|p2a: Weewee|Will-O-Wisp|p1a: Overqwil\n|-status|p1a: Overqwil|brn\n|\n|-weather|RainDance|[upkeep]\n|-heal|p1a: Overqwil|58\/100 brn|[from] item: Black Sludge\n|-heal|p2a: Weewee|33\/100|[from] item: Leftovers\n|-damage|p1a: Overqwil|52\/100 brn|[from] brn\n|upkeep\n|\n|t:|1701013390\n|switch|p2b: Pikocho|Mimikyu, F|100\/100\n|turn|10\n|\n|t:|1701013402\n|move|p2b: Pikocho|Swords Dance|p2b: Pikocho\n|-boost|p2b: Pikocho|atk|2\n|move|p1a: Overqwil|Acupressure|p1b: Cresselia\n|-boost|p1b: Cresselia|evasion|2\n|move|p1b: Cresselia|Calm Mind|p1b: Cresselia\n|-boost|p1b: Cresselia|spa|1\n|-boost|p1b: Cresselia|spd|1\n|move|p2a: Weewee|Toxic|p1b: Cresselia\n|-status|p1b: Cresselia|tox\n|\n|-weather|RainDance|[upkeep]\n|-heal|p1a: Overqwil|58\/100 brn|[from] item: Black Sludge\n|-heal|p2a: Weewee|39\/100|[from] item: Leftovers\n|-damage|p1b: Cresselia|62\/100 tox|[from] psn\n|-damage|p1a: Overqwil|52\/100 brn|[from] brn\n|upkeep\n|turn|11\n|\n|t:|1701013419\n|move|p2b: Pikocho|Play Rough|p1b: Cresselia\n|-damage|p1b: Cresselia|8\/100 tox\n|move|p1a: Overqwil|Barb Barrage|p2b: Pikocho\n|-activate|p2b: Pikocho|ability: Disguise\n|-damage|p2b: Pikocho|100\/100\n|-status|p2b: Pikocho|psn\n|detailschange|p2b: Pikocho|Mimikyu-Busted, F\n|-damage|p2b: Pikocho|88\/100 psn|[from] pokemon: Mimikyu-Busted\n|move|p1b: Cresselia|Lunar Blessing|p1b: Cresselia|[spread] p1a,p1b\n|-heal|p1a: Overqwil|77\/100 brn\n|-curestatus|p1a: Overqwil|brn|[msg]\n|-heal|p1b: Cresselia|33\/100 tox\n|-curestatus|p1b: Cresselia|tox|[msg]\n|move|p2a: Weewee|Dazzling Gleam|p1b: Cresselia|[spread] p1a\n|-miss|p2a: Weewee|p1b: Cresselia\n|-damage|p1a: Overqwil|49\/100\n|\n|-weather|RainDance|[upkeep]\n|-heal|p1a: Overqwil|55\/100|[from] item: Black Sludge\n|-heal|p2a: Weewee|45\/100|[from] item: Leftovers\n|-damage|p2b: Pikocho|76\/100 psn|[from] psn\n|upkeep\n|turn|12\n|\n|t:|1701013444\n|move|p2b: Pikocho|Play Rough|p1b: Cresselia|[miss]\n|-miss|p2b: Pikocho|p1b: Cresselia\n|move|p1a: Overqwil|Barb Barrage|p2b: Pikocho\n|-damage|p2b: Pikocho|0 fnt\n|faint|p2b: Pikocho\n|move|p1b: Cresselia|Stored Power|p2a: Weewee\n|-supereffective|p2a: Weewee\n|-damage|p2a: Weewee|0 fnt\n|faint|p2a: Weewee\n|-end|p2a: Weewee|ability: Neutralizing Gas\n|\n|-weather|RainDance|[upkeep]\n|-heal|p1a: Overqwil|61\/100|[from] item: Black Sludge\n|upkeep\n|-message|ppunto forfeited.\n|\n|win|cotesmcgotes\n|raw|cotesmcgotes's rating: 1328 &rarr; <strong>1353<\/strong><br \/>(+25 for winning)\n|raw|ppunto's rating: 1417 &rarr; <strong>1392<\/strong><br \/>(-25 for losing)\n|l|\u2606ppunto\n","uploadtime":1701013465,"views":5,"p1id":"cotesmcgotes","p2id":"ppunto","formatid":"gen9doublesou","rating":1353,"private":0,"password":""}