{"id":"gen9doublesou-1990775745","p1":"umchumba","p2":"Blue Syrius","format":"[Gen 9] Doubles OU","log":"|j|\u2606umchumba\n|j|\u2606Blue Syrius\n|t:|1699999690\n|gametype|doubles\n|player|p1|umchumba|dragontamer|1140\n|player|p2|Blue Syrius|youngster-gen4dp|1263\n|teamsize|p1|6\n|teamsize|p2|6\n|gen|9\n|tier|[Gen 9] Doubles OU\n|rated|\n|rule|Species Clause: Limit one of each Pok\u00e9mon\n|rule|OHKO Clause: OHKO moves are banned\n|rule|Evasion Moves Clause: Evasion moves are banned\n|rule|Gravity Sleep Clause: The combination of sleep-inducing moves with imperfect accuracy and Gravity or Gigantamax Orbeetle are banned\n|rule|Endless Battle Clause: Forcing endless battles is banned\n|rule|HP Percentage Mod: HP is shown in percentages\n|clearpoke\n|poke|p1|Pelipper, F|\n|poke|p1|Regieleki|\n|poke|p1|Zapdos-Galar|\n|poke|p1|Krookodile, M|\n|poke|p1|Basculegion-F, F|\n|poke|p1|Gliscor, M|\n|poke|p2|Ninetales-Alola, F|\n|poke|p2|Munkidori, M|\n|poke|p2|Slowking-Galar, F|\n|poke|p2|Flutter Mane|\n|poke|p2|Roaring Moon|\n|poke|p2|Maushold|\n|teampreview\n|\n|t:|1699999709\n|start\n|switch|p1a: Pelipper|Pelipper, F|100\/100\n|switch|p1b: Basculegion|Basculegion-F, F|100\/100\n|switch|p2a: Monkey D. Dori|Munkidori, M|100\/100\n|switch|p2b: Gucci Mane|Flutter Mane|100\/100\n|-weather|RainDance|[from] ability: Drizzle|[of] p1a: Pelipper\n|-enditem|p2b: Gucci Mane|Booster Energy\n|-activate|p2b: Gucci Mane|ability: Protosynthesis|[fromitem]\n|-start|p2b: Gucci Mane|protosynthesisspa\n|turn|1\n|c|\u2606umchumba|his name omg\n|c|\u2606Blue Syrius|xD\n|\n|t:|1699999758\n|-terastallize|p1b: Basculegion|Water\n|move|p2a: Monkey D. Dori|Fake Out|p1a: Pelipper\n|-damage|p1a: Pelipper|92\/100\n|move|p1b: Basculegion|Hydro Pump|p2a: Monkey D. Dori\n|-crit|p2a: Monkey D. Dori\n|-damage|p2a: Monkey D. Dori|0 fnt\n|faint|p2a: Monkey D. Dori\n|move|p2b: Gucci Mane|Shadow Ball|p1b: Basculegion\n|-damage|p1b: Basculegion|25\/100\n|cant|p1a: Pelipper|flinch\n|\n|-weather|RainDance|[upkeep]\n|-heal|p1b: Basculegion|31\/100|[from] item: Leftovers\n|upkeep\n|\n|t:|1699999773\n|switch|p2a: 69 Tales|Ninetales-Alola, F, shiny|100\/100\n|-weather|Snow|[from] ability: Snow Warning|[of] p2a: 69 Tales\n|turn|2\n|\n|t:|1699999786\n|move|p2b: Gucci Mane|Protect|p2b: Gucci Mane\n|-singleturn|p2b: Gucci Mane|Protect\n|move|p2a: 69 Tales|Blizzard|p1a: Pelipper|[spread] p1a,p1b\n|-resisted|p1b: Basculegion\n|-damage|p1a: Pelipper|51\/100\n|-damage|p1b: Basculegion|13\/100\n|-status|p1b: Basculegion|frz\n|-curestatus|p1b: Basculegion|frz|[msg]\n|move|p1b: Basculegion|Hydro Pump|p2b: Gucci Mane\n|-activate|p2b: Gucci Mane|move: Protect\n|move|p1a: Pelipper|U-turn|p2a: 69 Tales\n|-resisted|p2a: 69 Tales\n|-damage|p2a: 69 Tales|96\/100\n|\n|t:|1699999801\n|switch|p1a: Zapdos|Zapdos-Galar|100\/100|[from] U-turn\n|\n|-weather|Snow|[upkeep]\n|-heal|p1b: Basculegion|19\/100|[from] item: Leftovers\n|upkeep\n|turn|3\n|\n|t:|1699999817\n|move|p1a: Zapdos|Thunderous Kick|p2a: 69 Tales\n|-damage|p2a: 69 Tales|48\/100\n|-unboost|p2a: 69 Tales|def|1\n|move|p2b: Gucci Mane|Shadow Ball|p1a: Zapdos\n|-damage|p1a: Zapdos|33\/100\n|-unboost|p1a: Zapdos|spd|1\n|-ability|p1a: Zapdos|Defiant|boost\n|-boost|p1a: Zapdos|atk|2\n|move|p2a: 69 Tales|Dazzling Gleam|p1a: Zapdos|[spread] p1a,p1b\n|-supereffective|p1a: Zapdos\n|-damage|p1a: Zapdos|0 fnt\n|-damage|p1b: Basculegion|0 fnt\n|faint|p1a: Zapdos\n|faint|p1b: Basculegion\n|\n|-weather|Snow|[upkeep]\n|upkeep\n|\n|t:|1699999834\n|switch|p1a: Pelipper|Pelipper, F|51\/100\n|switch|p1b: Gliscor|Gliscor, M|100\/100\n|-weather|RainDance|[from] ability: Drizzle|[of] p1a: Pelipper\n|turn|4\n|\n|t:|1699999850\n|switch|p2a: MC Slowman|Slowking-Galar, F, shiny|100\/100\n|move|p1b: Gliscor|Protect|p1b: Gliscor\n|-singleturn|p1b: Gliscor|Protect\n|move|p2b: Gucci Mane|Shadow Ball|p1a: Pelipper\n|-damage|p1a: Pelipper|0 fnt\n|faint|p1a: Pelipper\n|\n|-weather|RainDance|[upkeep]\n|-status|p1b: Gliscor|tox|[from] item: Toxic Orb\n|upkeep\n|\n|t:|1699999861\n|switch|p1a: Regieleki|Regieleki|100\/100\n|turn|5\n|\n|t:|1699999873\n|move|p2b: Gucci Mane|Protect|p2b: Gucci Mane\n|-singleturn|p2b: Gucci Mane|Protect\n|move|p1a: Regieleki|Thunder|p2a: MC Slowman\n|-damage|p2a: MC Slowman|74\/100\n|move|p1b: Gliscor|Facade|p2a: MC Slowman\n|-damage|p2a: MC Slowman|43\/100\n|-enditem|p2a: MC Slowman|Sitrus Berry|[eat]\n|-heal|p2a: MC Slowman|68\/100|[from] item: Sitrus Berry\n|move|p2a: MC Slowman|Icy Wind|p1a: Regieleki|[spread] p1a,p1b\n|-supereffective|p1b: Gliscor\n|-damage|p1a: Regieleki|85\/100\n|-damage|p1b: Gliscor|52\/100 tox\n|-unboost|p1a: Regieleki|spe|1\n|-unboost|p1b: Gliscor|spe|1\n|\n|-weather|RainDance|[upkeep]\n|-heal|p1b: Gliscor|64\/100 tox|[from] ability: Poison Heal\n|upkeep\n|turn|6\n|\n|t:|1699999916\n|move|p1b: Gliscor|Protect|p1b: Gliscor\n|-singleturn|p1b: Gliscor|Protect\n|move|p2b: Gucci Mane|Shadow Ball|p1a: Regieleki\n|-damage|p1a: Regieleki|0 fnt\n|faint|p1a: Regieleki\n|move|p2a: MC Slowman|Icy Wind|p1b: Gliscor\n|-activate|p1b: Gliscor|move: Protect\n|\n|-weather|RainDance|[upkeep]\n|-heal|p1b: Gliscor|77\/100 tox|[from] ability: Poison Heal\n|upkeep\n|-message|umchumba forfeited.\n|\n|win|Blue Syrius\n|raw|umchumba's rating: 1140 &rarr; <strong>1123<\/strong><br \/>(-17 for losing)\n|raw|Blue Syrius's rating: 1263 &rarr; <strong>1280<\/strong><br \/>(+17 for winning)\n|l|\u2606umchumba\n|c|\u2606Blue Syrius|gg\n","uploadtime":1699999930,"views":5,"p1id":"umchumba","p2id":"bluesyrius","formatid":"gen9doublesou","rating":1123,"private":0,"password":""}