{"id":"gen9doublesou-1976440302","p1":"charlymax","p2":"silvaasunto","format":"[Gen 9] Doubles OU","log":"|j|\u2606charlymax\n|j|\u2606silvaasunto\n|t:|1698303753\n|gametype|doubles\n|player|p1|charlymax|scientist|1432\n|player|p2|silvaasunto|winona|1378\n|teamsize|p1|6\n|teamsize|p2|6\n|gen|9\n|tier|[Gen 9] Doubles OU\n|rated|\n|rule|Species Clause: Limit one of each Pok\u00e9mon\n|rule|OHKO Clause: OHKO moves are banned\n|rule|Evasion Moves Clause: Evasion moves are banned\n|rule|Gravity Sleep Clause: The combination of sleep-inducing moves with imperfect accuracy and Gravity or Gigantamax Orbeetle are banned\n|rule|Endless Battle Clause: Forcing endless battles is banned\n|rule|HP Percentage Mod: HP is shown in percentages\n|clearpoke\n|poke|p1|Corviknight, F|\n|poke|p1|Greninja-*, M|\n|poke|p1|Rillaboom, F|\n|poke|p1|Zapdos|\n|poke|p1|Gastrodon, M|\n|poke|p1|Cinderace, F|\n|poke|p2|Chien-Pao|\n|poke|p2|Baxcalibur, F|\n|poke|p2|Froslass, F|\n|poke|p2|Iron Bundle|\n|poke|p2|Abomasnow, F|\n|poke|p2|Ninetales-Alola, F|\n|teampreview\n|\n|t:|1698303774\n|start\n|switch|p1a: Greninja|Greninja, M|100\/100\n|switch|p1b: Rillaboom|Rillaboom, F|100\/100\n|switch|p2a: OBAMAsnow|Abomasnow, F|100\/100\n|switch|p2b: Yuh|Froslass, F|100\/100\n|-fieldstart|move: Grassy Terrain|[from] ability: Grassy Surge|[of] p1b: Rillaboom\n|-weather|Snow|[from] ability: Snow Warning|[of] p2a: OBAMAsnow\n|turn|1\n|\n|t:|1698303804\n|move|p1b: Rillaboom|Fake Out|p2a: OBAMAsnow\n|-damage|p2a: OBAMAsnow|91\/100\n|move|p2b: Yuh|Trick|p1a: Greninja\n|-activate|p2b: Yuh|move: Trick|[of] p1a: Greninja\n|-item|p1a: Greninja|Choice Scarf|[from] move: Trick\n|-item|p2b: Yuh|Life Orb|[from] move: Trick\n|move|p1a: Greninja|Dark Pulse|p2b: Yuh\n|-supereffective|p2b: Yuh\n|-damage|p2b: Yuh|0 fnt\n|faint|p2b: Yuh\n|-ability|p1a: Greninja|Battle Bond|boost\n|-boost|p1a: Greninja|atk|1\n|-boost|p1a: Greninja|spa|1\n|-boost|p1a: Greninja|spe|1\n|-activate|p1a: Greninja|ability: Battle Bond\n|cant|p2a: OBAMAsnow|flinch\n|\n|-weather|Snow|[upkeep]\n|-heal|p2a: OBAMAsnow|97\/100|[from] Grassy Terrain\n|upkeep\n|\n|t:|1698303820\n|switch|p2b: Min-pao|Chien-Pao|100\/100\n|-ability|p2b: Min-pao|Sword of Ruin\n|turn|2\n|\n|t:|1698303833\n|move|p1a: Greninja|Dark Pulse|p2a: OBAMAsnow\n|-damage|p2a: OBAMAsnow|59\/100\n|move|p2b: Min-pao|Ice Spinner|p1b: Rillaboom\n|-supereffective|p1b: Rillaboom\n|-damage|p1b: Rillaboom|0 fnt\n|-fieldend|move: Grassy Terrain\n|faint|p1b: Rillaboom\n|move|p2a: OBAMAsnow|Aurora Veil|p2a: OBAMAsnow\n|-sidestart|p2: silvaasunto|move: Aurora Veil\n|\n|-weather|Snow|[upkeep]\n|upkeep\n|\n|t:|1698303850\n|switch|p1b: Zapdos|Zapdos|100\/100\n|turn|3\n|\n|t:|1698303860\n|-terastallize|p1b: Zapdos|Electric\n|move|p1a: Greninja|Dark Pulse|p2a: OBAMAsnow\n|-damage|p2a: OBAMAsnow|30\/100\n|move|p2b: Min-pao|Ice Spinner|p1b: Zapdos\n|-damage|p1b: Zapdos|51\/100\n|move|p1b: Zapdos|Thunderbolt|p2b: Min-pao\n|-damage|p2b: Min-pao|44\/100\n|-enditem|p2b: Min-pao|Sitrus Berry|[eat]\n|-heal|p2b: Min-pao|68\/100|[from] item: Sitrus Berry\n|move|p2a: OBAMAsnow|Blizzard|p1b: Zapdos|[spread] p1a,p1b\n|-resisted|p1a: Greninja\n|-damage|p1a: Greninja|78\/100\n|-damage|p1b: Zapdos|27\/100\n|\n|-weather|Snow|[upkeep]\n|upkeep\n|turn|4\n|\n|t:|1698303885\n|switch|p2a: Shes EXTRA-libur|Baxcalibur, F|100\/100\n|move|p1b: Zapdos|Protect|p1b: Zapdos\n|-singleturn|p1b: Zapdos|Protect\n|move|p1a: Greninja|Dark Pulse|p2a: Shes EXTRA-libur\n|-damage|p2a: Shes EXTRA-libur|70\/100\n|move|p2b: Min-pao|Ice Spinner|p1b: Zapdos\n|-activate|p1b: Zapdos|move: Protect\n|\n|-weather|Snow|[upkeep]\n|upkeep\n|turn|5\n|\n|t:|1698303902\n|move|p1a: Greninja|Dark Pulse|p2a: Shes EXTRA-libur\n|-damage|p2a: Shes EXTRA-libur|36\/100\n|move|p2b: Min-pao|Ice Spinner|p1b: Zapdos\n|-damage|p1b: Zapdos|0 fnt\n|faint|p1b: Zapdos\n|move|p2a: Shes EXTRA-libur|Dragon Tail|p1a: Greninja\n|-damage|p1a: Greninja|0 fnt\n|faint|p1a: Greninja\n|\n|-weather|none\n|upkeep\n|\n|t:|1698303914\n|switch|p1a: Cinderace|Cinderace, F|100\/100\n|switch|p1b: Corviknight|Corviknight, F|100\/100\n|turn|6\n|\n|t:|1698303923\n|switch|p2a: OBAMAsnow|Abomasnow, F|30\/100\n|-weather|Snow|[from] ability: Snow Warning|[of] p2a: OBAMAsnow\n|move|p1a: Cinderace|Sucker Punch||[still]\n|-fail|p1a: Cinderace\n|move|p2b: Min-pao|Crunch|p1a: Cinderace\n|-crit|p1a: Cinderace\n|-damage|p1a: Cinderace|0 fnt\n|faint|p1a: Cinderace\n|move|p1b: Corviknight|Iron Head|p2b: Min-pao\n|-supereffective|p2b: Min-pao\n|-damage|p2b: Min-pao|31\/100\n|\n|-weather|Snow|[upkeep]\n|upkeep\n|\n|t:|1698303935\n|switch|p1a: Gastrodon|Gastrodon, M|100\/100\n|turn|7\n|\n|t:|1698303947\n|move|p1a: Gastrodon|Protect|p1a: Gastrodon\n|-singleturn|p1a: Gastrodon|Protect\n|move|p2b: Min-pao|Ice Spinner|p1b: Corviknight\n|-damage|p1b: Corviknight|59\/100\n|move|p1b: Corviknight|Brave Bird|p2a: OBAMAsnow\n|-supereffective|p2a: OBAMAsnow\n|-damage|p2a: OBAMAsnow|0 fnt\n|faint|p2a: OBAMAsnow\n|-damage|p1b: Corviknight|47\/100|[from] Recoil\n|\n|-weather|Snow|[upkeep]\n|-heal|p1b: Corviknight|54\/100|[from] item: Leftovers\n|upkeep\n|\n|t:|1698303956\n|switch|p2a: The same bundles..|Iron Bundle|100\/100\n|-enditem|p2a: The same bundles..|Booster Energy\n|-activate|p2a: The same bundles..|ability: Quark Drive|[fromitem]\n|-start|p2a: The same bundles..|quarkdrivespe\n|turn|8\n|\n|t:|1698303970\n|move|p2a: The same bundles..|Encore|p1a: Gastrodon\n|-start|p1a: Gastrodon|Encore\n|move|p2b: Min-pao|Ice Spinner|p1b: Corviknight\n|-damage|p1b: Corviknight|13\/100\n|move|p1b: Corviknight|Iron Head|p2b: Min-pao\n|-supereffective|p2b: Min-pao\n|-damage|p2b: Min-pao|0 fnt\n|faint|p2b: Min-pao\n|move|p1a: Gastrodon|Protect||[still]\n|-fail|p1a: Gastrodon\n|\n|-weather|Snow|[upkeep]\n|-heal|p1b: Corviknight|19\/100|[from] item: Leftovers\n|upkeep\n|\n|t:|1698303979\n|switch|p2b: Shes EXTRA-libur|Baxcalibur, F|36\/100\n|turn|9\n|-message|charlymax forfeited.\n|\n|win|silvaasunto\n|raw|charlymax's rating: 1432 &rarr; <strong>1409<\/strong><br \/>(-23 for losing)\n|raw|silvaasunto's rating: 1378 &rarr; <strong>1401<\/strong><br \/>(+23 for winning)\n|l|\u2606charlymax\n","uploadtime":1698303988,"views":24,"p1id":"charlymax","p2id":"silvaasunto","formatid":"gen9doublesou","rating":1401,"private":0,"password":""}