{"id":"gen9doublesou-1979767793","p1":"EkCantDrawLol","p2":"ZileanMaster","format":"[Gen 9] Doubles OU","log":"|j|\u2606EkCantDrawLol\n|j|\u2606ZileanMaster\n|t:|1698711190\n|gametype|doubles\n|player|p1|EkCantDrawLol|skierf|1484\n|player|p2|ZileanMaster|cynthia|1542\n|teamsize|p1|6\n|teamsize|p2|6\n|gen|9\n|tier|[Gen 9] Doubles OU\n|rated|\n|rule|Species Clause: Limit one of each Pok\u00e9mon\n|rule|OHKO Clause: OHKO moves are banned\n|rule|Evasion Moves Clause: Evasion moves are banned\n|rule|Gravity Sleep Clause: The combination of sleep-inducing moves with imperfect accuracy and Gravity or Gigantamax Orbeetle are banned\n|rule|Endless Battle Clause: Forcing endless battles is banned\n|rule|HP Percentage Mod: HP is shown in percentages\n|clearpoke\n|poke|p1|Ogerpon-Hearthflame, F|\n|poke|p1|Kingambit, F|\n|poke|p1|Tornadus, M|\n|poke|p1|Flutter Mane|\n|poke|p1|Walking Wake|\n|poke|p1|Landorus-Therian, M|\n|poke|p2|Flutter Mane|\n|poke|p2|Chi-Yu|\n|poke|p2|Torkoal, F|\n|poke|p2|Iron Hands|\n|poke|p2|Lilligant-Hisui, F|\n|poke|p2|Ogerpon-Cornerstone, F|\n|teampreview\n|inactive|Battle timer is ON: inactive players will automatically lose when time's up. (requested by ZileanMaster)\n|\n|t:|1698711210\n|start\n|switch|p1a: Landorus|Landorus-Therian, M, shiny|100\/100\n|switch|p1b: Walking Wake|Walking Wake|100\/100\n|switch|p2a: Torkoal|Torkoal, F|100\/100\n|switch|p2b: Chi-Yu|Chi-Yu|100\/100\n|-ability|p2b: Chi-Yu|Beads of Ruin\n|-ability|p1a: Landorus|Intimidate|boost\n|-unboost|p2a: Torkoal|atk|1\n|-unboost|p2b: Chi-Yu|atk|1\n|-weather|SunnyDay|[from] ability: Drought|[of] p2a: Torkoal\n|-activate|p1b: Walking Wake|ability: Protosynthesis\n|-start|p1b: Walking Wake|protosynthesisspa\n|turn|1\n|inactive|ZileanMaster has 120 seconds left.\n|inactive|ZileanMaster has 90 seconds left.\n|inactive|ZileanMaster has 60 seconds left.\n|\n|t:|1698711306\n|-terastallize|p2b: Chi-Yu|Ghost\n|move|p2b: Chi-Yu|Dark Pulse|p1b: Walking Wake\n|-damage|p1b: Walking Wake|39\/100\n|move|p1a: Landorus|Rock Slide|p2a: Torkoal|[spread] p2a,p2b\n|-supereffective|p2a: Torkoal\n|-damage|p2a: Torkoal|71\/100\n|-damage|p2b: Chi-Yu|67\/100\n|move|p1b: Walking Wake|Hydro Steam|p2b: Chi-Yu\n|-damage|p2b: Chi-Yu|0 fnt\n|faint|p2b: Chi-Yu\n|move|p2a: Torkoal|Earth Power|p1b: Walking Wake\n|-damage|p1b: Walking Wake|14\/100\n|\n|-weather|SunnyDay|[upkeep]\n|-heal|p1b: Walking Wake|20\/100|[from] item: Leftovers\n|upkeep\n|\n|t:|1698711321\n|switch|p2b: Flutter Mane|Flutter Mane|100\/100\n|-activate|p2b: Flutter Mane|ability: Protosynthesis\n|-start|p2b: Flutter Mane|protosynthesisspe\n|turn|2\n|\n|t:|1698711328\n|-terastallize|p1a: Landorus|Rock\n|move|p1b: Walking Wake|Protect|p1b: Walking Wake\n|-singleturn|p1b: Walking Wake|Protect\n|move|p2b: Flutter Mane|Dazzling Gleam|p1b: Walking Wake|[spread] p1a\n|-activate|p1b: Walking Wake|move: Protect\n|-crit|p1a: Landorus\n|-damage|p1a: Landorus|22\/100\n|-damage|p2b: Flutter Mane|91\/100|[from] item: Life Orb\n|move|p1a: Landorus|Rock Slide|p2a: Torkoal|[spread] p2a,p2b\n|-supereffective|p2a: Torkoal\n|-damage|p2a: Torkoal|22\/100\n|-damage|p2b: Flutter Mane|18\/100\n|move|p2a: Torkoal|Heat Wave|p1b: Walking Wake|[spread] p1a\n|-activate|p1b: Walking Wake|move: Protect\n|-resisted|p1a: Landorus\n|-damage|p1a: Landorus|0 fnt\n|faint|p1a: Landorus\n|\n|-weather|SunnyDay|[upkeep]\n|-heal|p1b: Walking Wake|26\/100|[from] item: Leftovers\n|upkeep\n|\n|t:|1698711345\n|switch|p1a: Kingambit|Kingambit, F|100\/100\n|turn|3\n|\n|t:|1698711350\n|move|p2b: Flutter Mane|Protect|p2b: Flutter Mane\n|-singleturn|p2b: Flutter Mane|Protect\n|move|p1a: Kingambit|Sucker Punch||[still]\n|-fail|p1a: Kingambit\n|move|p1b: Walking Wake|Hydro Steam|p2a: Torkoal\n|-supereffective|p2a: Torkoal\n|-damage|p2a: Torkoal|0 fnt\n|faint|p2a: Torkoal\n|\n|-weather|SunnyDay|[upkeep]\n|-heal|p1b: Walking Wake|33\/100|[from] item: Leftovers\n|upkeep\n|inactive|ZileanMaster has 90 seconds left.\n|\n|t:|1698711360\n|switch|p2a: Lilligant|Lilligant-Hisui, F|100\/100\n|turn|4\n|\n|t:|1698711378\n|-end|p2b: Flutter Mane|Protosynthesis|[silent]\n|switch|p2b: Iron Hands|Iron Hands|100\/100\n|move|p1a: Kingambit|Protect|p1a: Kingambit\n|-singleturn|p1a: Kingambit|Protect\n|move|p2a: Lilligant|Sleep Powder|p1b: Walking Wake\n|-status|p1b: Walking Wake|slp|[from] move: Sleep Powder\n|cant|p1b: Walking Wake|slp\n|\n|-weather|SunnyDay|[upkeep]\n|-heal|p1b: Walking Wake|39\/100 slp|[from] item: Leftovers\n|upkeep\n|turn|5\n|inactive|ZileanMaster has 120 seconds left.\n|\n|t:|1698711400\n|switch|p1a: Flutter Mane|Flutter Mane, shiny|100\/100\n|-activate|p1a: Flutter Mane|ability: Protosynthesis\n|-start|p1a: Flutter Mane|protosynthesisspe\n|move|p2a: Lilligant|Solar Blade||[still]\n|-prepare|p2a: Lilligant|Solar Blade\n|-anim|p2a: Lilligant|Solar Blade|p1b: Walking Wake\n|-damage|p1b: Walking Wake|0 fnt\n|faint|p1b: Walking Wake\n|-end|p1b: Walking Wake|Protosynthesis|[silent]\n|move|p2b: Iron Hands|Drain Punch|p1a: Flutter Mane\n|-immune|p1a: Flutter Mane\n|\n|-weather|none\n|-end|p1a: Flutter Mane|Protosynthesis\n|upkeep\n|-enditem|p1a: Flutter Mane|Booster Energy\n|-activate|p1a: Flutter Mane|ability: Protosynthesis|[fromitem]\n|-start|p1a: Flutter Mane|protosynthesisspe\n|\n|t:|1698711406\n|switch|p1b: Ogerpon|Ogerpon-Hearthflame, F|100\/100\n|-ability|p1b: Ogerpon|Mold Breaker\n|turn|6\n|inactive|ZileanMaster has 120 seconds left.\n|\n|t:|1698711430\n|move|p1a: Flutter Mane|Protect|p1a: Flutter Mane\n|-singleturn|p1a: Flutter Mane|Protect\n|move|p1b: Ogerpon|Swords Dance|p1b: Ogerpon\n|-boost|p1b: Ogerpon|atk|2\n|move|p2a: Lilligant|Close Combat|p1b: Ogerpon\n|-damage|p1b: Ogerpon|16\/100\n|-unboost|p2a: Lilligant|def|1\n|-unboost|p2a: Lilligant|spd|1\n|move|p2b: Iron Hands|Heavy Slam|p1a: Flutter Mane\n|-activate|p1a: Flutter Mane|move: Protect\n|\n|upkeep\n|turn|7\n|\n|t:|1698711460\n|move|p1a: Flutter Mane|Moonblast|p2b: Iron Hands\n|-supereffective|p2b: Iron Hands\n|-damage|p2b: Iron Hands|50\/100\n|-unboost|p2b: Iron Hands|spa|1\n|move|p1b: Ogerpon|Ivy Cudgel|p2a: Lilligant\n|-supereffective|p2a: Lilligant\n|-enditem|p2a: Lilligant|Focus Sash\n|-damage|p2a: Lilligant|1\/100\n|move|p2a: Lilligant|Close Combat|p1b: Ogerpon\n|-damage|p1b: Ogerpon|0 fnt\n|-unboost|p2a: Lilligant|def|1\n|-unboost|p2a: Lilligant|spd|1\n|faint|p1b: Ogerpon\n|move|p2b: Iron Hands|Heavy Slam|p1a: Flutter Mane\n|-supereffective|p1a: Flutter Mane\n|-damage|p1a: Flutter Mane|0 fnt\n|faint|p1a: Flutter Mane\n|-end|p1a: Flutter Mane|Protosynthesis|[silent]\n|\n|upkeep\n|inactive|EkCantDrawLol has 120 seconds left.\n|\n|t:|1698711476\n|switch|p1a: Tornadus|Tornadus, M, shiny|100\/100\n|switch|p1b: Kingambit|Kingambit, F|100\/100\n|turn|8\n|\n|t:|1698711482\n|move|p1b: Kingambit|Protect|p1b: Kingambit\n|-singleturn|p1b: Kingambit|Protect\n|move|p1a: Tornadus|Bleakwind Storm|p2a: Lilligant|[spread] p2a,p2b\n|-supereffective|p2a: Lilligant\n|-damage|p2a: Lilligant|0 fnt\n|-damage|p2b: Iron Hands|31\/100\n|-unboost|p2b: Iron Hands|spe|1\n|faint|p2a: Lilligant\n|move|p2b: Iron Hands|Drain Punch|p1b: Kingambit\n|-activate|p1b: Kingambit|move: Protect\n|\n|upkeep\n|\n|t:|1698711493\n|switch|p2a: Ogerpon|Ogerpon-Cornerstone, F|100\/100\n|turn|9\n|inactive|EkCantDrawLol has 120 seconds left.\n|\n|t:|1698711546\n|move|p1a: Tornadus|Bleakwind Storm|p2a: Ogerpon|[spread] p2a,p2b\n|-damage|p2a: Ogerpon|59\/100\n|-damage|p2b: Iron Hands|11\/100\n|move|p2a: Ogerpon|Ivy Cudgel|p1a: Tornadus\n|-supereffective|p1a: Tornadus\n|-damage|p1a: Tornadus|0 fnt\n|faint|p1a: Tornadus\n|move|p1b: Kingambit|Kowtow Cleave|p2b: Iron Hands\n|-resisted|p2b: Iron Hands\n|-damage|p2b: Iron Hands|0 fnt\n|faint|p2b: Iron Hands\n|-end|p2b: Iron Hands|Quark Drive|[silent]\n|\n|upkeep\n|\n|t:|1698711561\n|switch|p2b: Flutter Mane|Flutter Mane|18\/100\n|turn|10\n|\n|t:|1698711573\n|move|p2b: Flutter Mane|Protect|p2b: Flutter Mane\n|-singleturn|p2b: Flutter Mane|Protect\n|move|p2a: Ogerpon|Power Whip|p1b: Kingambit\n|-resisted|p1b: Kingambit\n|-damage|p1b: Kingambit|73\/100\n|move|p1b: Kingambit|Iron Head|p2a: Ogerpon\n|-supereffective|p2a: Ogerpon\n|-damage|p2a: Ogerpon|0 fnt\n|faint|p2a: Ogerpon\n|\n|upkeep\n|turn|11\n|-message|ZileanMaster forfeited.\n|\n|win|EkCantDrawLol\n|raw|EkCantDrawLol's rating: 1484 &rarr; <strong>1507<\/strong><br \/>(+23 for winning)\n|raw|ZileanMaster's rating: 1542 &rarr; <strong>1519<\/strong><br \/>(-23 for losing)\n|l|\u2606ZileanMaster\n","uploadtime":1698711823,"views":19,"p1id":"ekcantdrawlol","p2id":"zileanmaster","formatid":"gen9doublesou","rating":1507,"private":0,"password":""}