{"id":"gen9doublesou-1994734533","p1":"defl1ght","p2":"OPieceOfHeroGhost","format":"[Gen 9] Doubles OU","log":"|j|\u2606defl1ght\n|j|\u2606OPieceOfHeroGhost\n|t:|1700487201\n|gametype|doubles\n|player|p1|defl1ght|266|1432\n|player|p2|OPieceOfHeroGhost|morty|1510\n|teamsize|p1|6\n|teamsize|p2|6\n|gen|9\n|tier|[Gen 9] Doubles OU\n|rated|\n|rule|Species Clause: Limit one of each Pok\u00e9mon\n|rule|OHKO Clause: OHKO moves are banned\n|rule|Evasion Moves Clause: Evasion moves are banned\n|rule|Gravity Sleep Clause: The combination of sleep-inducing moves with imperfect accuracy and Gravity or Gigantamax Orbeetle are banned\n|rule|Endless Battle Clause: Forcing endless battles is banned\n|rule|HP Percentage Mod: HP is shown in percentages\n|clearpoke\n|poke|p1|Diancie, L99|\n|poke|p1|Flutter Mane|\n|poke|p1|Iron Hands|\n|poke|p1|Jigglypuff, L99, M|\n|poke|p1|Landorus-Therian, M|\n|poke|p1|Moltres-Galar|\n|poke|p2|Dusclops, M|\n|poke|p2|Ursaluna-Bloodmoon, M|\n|poke|p2|Sinistcha-Masterpiece|\n|poke|p2|Iron Hands|\n|poke|p2|Chien-Pao|\n|poke|p2|Arcanine-Hisui, M|\n|teampreview\n|\n|t:|1700487222\n|start\n|switch|p1a: Moltres|Moltres-Galar, shiny|100\/100\n|switch|p1b: Jigglypuff|Jigglypuff, L99, M, shiny|100\/100\n|switch|p2a: \u971c\u4e4b\u54c0\u4f24|Chien-Pao|100\/100\n|switch|p2b: \u706b\u4e4b\u9ad8\u5174|Arcanine-Hisui, M|100\/100\n|-ability|p2a: \u971c\u4e4b\u54c0\u4f24|Sword of Ruin\n|-ability|p2b: \u706b\u4e4b\u9ad8\u5174|Intimidate|boost\n|-unboost|p1a: Moltres|atk|1\n|-unboost|p1b: Jigglypuff|atk|1\n|turn|1\n|\n|t:|1700487237\n|move|p1a: Moltres|Protect|p1a: Moltres\n|-singleturn|p1a: Moltres|Protect\n|move|p2a: \u971c\u4e4b\u54c0\u4f24|Icicle Crash|p1a: Moltres\n|-activate|p1a: Moltres|move: Protect\n|move|p2b: \u706b\u4e4b\u9ad8\u5174|Rock Slide|p1b: Jigglypuff|[spread] p1b\n|-activate|p1a: Moltres|move: Protect\n|-crit|p1b: Jigglypuff\n|-damage|p1b: Jigglypuff|25\/100\n|move|p1b: Jigglypuff|Gyro Ball|p2a: \u971c\u4e4b\u54c0\u4f24\n|-supereffective|p2a: \u971c\u4e4b\u54c0\u4f24\n|-damage|p2a: \u971c\u4e4b\u54c0\u4f24|69\/100\n|\n|upkeep\n|turn|2\n|\n|t:|1700487269\n|switch|p1a: Diancie|Diancie, L99, shiny|100\/100\n|move|p2a: \u971c\u4e4b\u54c0\u4f24|Icicle Crash|p1a: Diancie\n|-damage|p1a: Diancie|71\/100\n|move|p2b: \u706b\u4e4b\u9ad8\u5174|Rock Slide|p1a: Diancie|[spread] p1a,p1b\n|-damage|p1a: Diancie|41\/100\n|-damage|p1b: Jigglypuff|0 fnt\n|faint|p1b: Jigglypuff\n|\n|upkeep\n|\n|t:|1700487277\n|switch|p1b: Iron Hands|Iron Hands, shiny|100\/100\n|turn|3\n|\n|t:|1700487289\n|switch|p2b: \u4f60\u62cd\u4e03\uff0c\u6211\u62cd\u516b\uff0c\u51b0\u51bb\u62f3\u7ed9\u4f60\u5413\u4e00\u8df3|Iron Hands|100\/100\n|move|p2a: \u971c\u4e4b\u54c0\u4f24|Protect|p2a: \u971c\u4e4b\u54c0\u4f24\n|-singleturn|p2a: \u971c\u4e4b\u54c0\u4f24|Protect\n|move|p1b: Iron Hands|Drain Punch|p2b: \u4f60\u62cd\u4e03\uff0c\u6211\u62cd\u516b\uff0c\u51b0\u51bb\u62f3\u7ed9\u4f60\u5413\u4e00\u8df3\n|-damage|p2b: \u4f60\u62cd\u4e03\uff0c\u6211\u62cd\u516b\uff0c\u51b0\u51bb\u62f3\u7ed9\u4f60\u5413\u4e00\u8df3|66\/100\n|move|p1a: Diancie|Diamond Storm|p2a: \u971c\u4e4b\u54c0\u4f24|[spread] p2b\n|-activate|p2a: \u971c\u4e4b\u54c0\u4f24|move: Protect\n|-resisted|p2b: \u4f60\u62cd\u4e03\uff0c\u6211\u62cd\u516b\uff0c\u51b0\u51bb\u62f3\u7ed9\u4f60\u5413\u4e00\u8df3\n|-damage|p2b: \u4f60\u62cd\u4e03\uff0c\u6211\u62cd\u516b\uff0c\u51b0\u51bb\u62f3\u7ed9\u4f60\u5413\u4e00\u8df3|53\/100\n|-boost|p1a: Diancie|def|2\n|\n|upkeep\n|turn|4\n|\n|t:|1700487313\n|switch|p2a: \u5728\u8fd9\u8131\u51fa\u6765\u7684\u8bdd\u2026|Sinistcha-Masterpiece|100\/100\n|-heal|p2b: \u4f60\u62cd\u4e03\uff0c\u6211\u62cd\u516b\uff0c\u51b0\u51bb\u62f3\u7ed9\u4f60\u5413\u4e00\u8df3|78\/100|[from] ability: Hospitality|[of] p2a: \u5728\u8fd9\u8131\u51fa\u6765\u7684\u8bdd\u2026\n|move|p1a: Diancie|Protect|p1a: Diancie\n|-singleturn|p1a: Diancie|Protect\n|move|p1b: Iron Hands|Drain Punch|p2a: \u5728\u8fd9\u8131\u51fa\u6765\u7684\u8bdd\u2026\n|-immune|p2a: \u5728\u8fd9\u8131\u51fa\u6765\u7684\u8bdd\u2026\n|move|p2b: \u4f60\u62cd\u4e03\uff0c\u6211\u62cd\u516b\uff0c\u51b0\u51bb\u62f3\u7ed9\u4f60\u5413\u4e00\u8df3|Heavy Slam|p1a: Diancie\n|-activate|p1a: Diancie|move: Protect\n|\n|upkeep\n|turn|5\n|\n|t:|1700487342\n|-terastallize|p1a: Diancie|Grass\n|move|p2a: \u5728\u8fd9\u8131\u51fa\u6765\u7684\u8bdd\u2026|Matcha Gotcha|p1a: Diancie|[spread] p1a,p1b\n|-resisted|p1a: Diancie\n|-damage|p1a: Diancie|33\/100\n|-damage|p1b: Iron Hands|82\/100\n|-status|p1b: Iron Hands|brn\n|move|p2b: \u4f60\u62cd\u4e03\uff0c\u6211\u62cd\u516b\uff0c\u51b0\u51bb\u62f3\u7ed9\u4f60\u5413\u4e00\u8df3|Heavy Slam|p1a: Diancie\n|-damage|p1a: Diancie|16\/100\n|move|p1b: Iron Hands|Belly Drum|p1b: Iron Hands\n|-damage|p1b: Iron Hands|33\/100 brn\n|-setboost|p1b: Iron Hands|atk|6|[from] move: Belly Drum\n|-enditem|p1b: Iron Hands|Sitrus Berry|[eat]\n|-heal|p1b: Iron Hands|57\/100 brn|[from] item: Sitrus Berry\n|move|p1a: Diancie|Moonblast|p2b: \u4f60\u62cd\u4e03\uff0c\u6211\u62cd\u516b\uff0c\u51b0\u51bb\u62f3\u7ed9\u4f60\u5413\u4e00\u8df3\n|-supereffective|p2b: \u4f60\u62cd\u4e03\uff0c\u6211\u62cd\u516b\uff0c\u51b0\u51bb\u62f3\u7ed9\u4f60\u5413\u4e00\u8df3\n|-damage|p2b: \u4f60\u62cd\u4e03\uff0c\u6211\u62cd\u516b\uff0c\u51b0\u51bb\u62f3\u7ed9\u4f60\u5413\u4e00\u8df3|50\/100\n|-unboost|p2b: \u4f60\u62cd\u4e03\uff0c\u6211\u62cd\u516b\uff0c\u51b0\u51bb\u62f3\u7ed9\u4f60\u5413\u4e00\u8df3|spa|1\n|\n|-damage|p1b: Iron Hands|51\/100 brn|[from] brn\n|upkeep\n|turn|6\n|\n|t:|1700487363\n|move|p2a: \u5728\u8fd9\u8131\u51fa\u6765\u7684\u8bdd\u2026|Strength Sap|p1b: Iron Hands\n|-unboost|p1b: Iron Hands|atk|1\n|move|p2b: \u4f60\u62cd\u4e03\uff0c\u6211\u62cd\u516b\uff0c\u51b0\u51bb\u62f3\u7ed9\u4f60\u5413\u4e00\u8df3|Drain Punch|p1b: Iron Hands\n|-damage|p1b: Iron Hands|23\/100 brn\n|-heal|p2b: \u4f60\u62cd\u4e03\uff0c\u6211\u62cd\u516b\uff0c\u51b0\u51bb\u62f3\u7ed9\u4f60\u5413\u4e00\u8df3|65\/100|[from] drain|[of] p1b: Iron Hands\n|move|p1b: Iron Hands|Drain Punch|p2b: \u4f60\u62cd\u4e03\uff0c\u6211\u62cd\u516b\uff0c\u51b0\u51bb\u62f3\u7ed9\u4f60\u5413\u4e00\u8df3\n|-damage|p2b: \u4f60\u62cd\u4e03\uff0c\u6211\u62cd\u516b\uff0c\u51b0\u51bb\u62f3\u7ed9\u4f60\u5413\u4e00\u8df3|15\/100\n|-heal|p1b: Iron Hands|47\/100 brn|[from] drain|[of] p2b: \u4f60\u62cd\u4e03\uff0c\u6211\u62cd\u516b\uff0c\u51b0\u51bb\u62f3\u7ed9\u4f60\u5413\u4e00\u8df3\n|move|p1a: Diancie|Moonblast|p2b: \u4f60\u62cd\u4e03\uff0c\u6211\u62cd\u516b\uff0c\u51b0\u51bb\u62f3\u7ed9\u4f60\u5413\u4e00\u8df3\n|-supereffective|p2b: \u4f60\u62cd\u4e03\uff0c\u6211\u62cd\u516b\uff0c\u51b0\u51bb\u62f3\u7ed9\u4f60\u5413\u4e00\u8df3\n|-crit|p2b: \u4f60\u62cd\u4e03\uff0c\u6211\u62cd\u516b\uff0c\u51b0\u51bb\u62f3\u7ed9\u4f60\u5413\u4e00\u8df3\n|-damage|p2b: \u4f60\u62cd\u4e03\uff0c\u6211\u62cd\u516b\uff0c\u51b0\u51bb\u62f3\u7ed9\u4f60\u5413\u4e00\u8df3|0 fnt\n|faint|p2b: \u4f60\u62cd\u4e03\uff0c\u6211\u62cd\u516b\uff0c\u51b0\u51bb\u62f3\u7ed9\u4f60\u5413\u4e00\u8df3\n|-end|p2b: \u4f60\u62cd\u4e03\uff0c\u6211\u62cd\u516b\uff0c\u51b0\u51bb\u62f3\u7ed9\u4f60\u5413\u4e00\u8df3|Quark Drive|[silent]\n|\n|-damage|p1b: Iron Hands|41\/100 brn|[from] brn\n|upkeep\n|\n|t:|1700487371\n|switch|p2b: \u706b\u4e4b\u9ad8\u5174|Arcanine-Hisui, M|100\/100\n|-ability|p2b: \u706b\u4e4b\u9ad8\u5174|Intimidate|boost\n|-fail|p1a: Diancie|unboost|[from] ability: Clear Body|[of] p1a: Diancie\n|-unboost|p1b: Iron Hands|atk|1\n|turn|7\n|\n|t:|1700487389\n|switch|p2b: \u54c7\uff0c\u597d\u75db\u54e6|Dusclops, M|100\/100\n|-item|p1a: Diancie|Weakness Policy|[from] ability: Frisk|[of] p2b: \u54c7\uff0c\u597d\u75db\u54e6|[identify]\n|move|p2a: \u5728\u8fd9\u8131\u51fa\u6765\u7684\u8bdd\u2026|Calm Mind|p2a: \u5728\u8fd9\u8131\u51fa\u6765\u7684\u8bdd\u2026\n|-boost|p2a: \u5728\u8fd9\u8131\u51fa\u6765\u7684\u8bdd\u2026|spa|1\n|-boost|p2a: \u5728\u8fd9\u8131\u51fa\u6765\u7684\u8bdd\u2026|spd|1\n|move|p1b: Iron Hands|Thunder Punch|p2a: \u5728\u8fd9\u8131\u51fa\u6765\u7684\u8bdd\u2026\n|-resisted|p2a: \u5728\u8fd9\u8131\u51fa\u6765\u7684\u8bdd\u2026\n|-damage|p2a: \u5728\u8fd9\u8131\u51fa\u6765\u7684\u8bdd\u2026|75\/100\n|move|p1a: Diancie|Trick Room|p1a: Diancie\n|-fieldstart|move: Trick Room|[of] p1a: Diancie\n|\n|-heal|p2a: \u5728\u8fd9\u8131\u51fa\u6765\u7684\u8bdd\u2026|82\/100|[from] item: Leftovers\n|-damage|p1b: Iron Hands|35\/100 brn|[from] brn\n|upkeep\n|turn|8\n|\n|t:|1700487432\n|switch|p2b: \u706b\u4e4b\u9ad8\u5174|Arcanine-Hisui, M|100\/100\n|-ability|p2b: \u706b\u4e4b\u9ad8\u5174|Intimidate|boost\n|-fail|p1a: Diancie|unboost|[from] ability: Clear Body|[of] p1a: Diancie\n|-unboost|p1b: Iron Hands|atk|1\n|move|p1a: Diancie|Diamond Storm|p2b: \u706b\u4e4b\u9ad8\u5174|[spread] p2a,p2b\n|-supereffective|p2b: \u706b\u4e4b\u9ad8\u5174\n|-damage|p2a: \u5728\u8fd9\u8131\u51fa\u6765\u7684\u8bdd\u2026|58\/100\n|-damage|p2b: \u706b\u4e4b\u9ad8\u5174|35\/100\n|-boost|p1a: Diancie|def|2\n|move|p1b: Iron Hands|Thunder Punch|p2b: \u706b\u4e4b\u9ad8\u5174\n|-damage|p2b: \u706b\u4e4b\u9ad8\u5174|0 fnt\n|faint|p2b: \u706b\u4e4b\u9ad8\u5174\n|move|p2a: \u5728\u8fd9\u8131\u51fa\u6765\u7684\u8bdd\u2026|Iron Defense|p2a: \u5728\u8fd9\u8131\u51fa\u6765\u7684\u8bdd\u2026\n|-boost|p2a: \u5728\u8fd9\u8131\u51fa\u6765\u7684\u8bdd\u2026|def|2\n|\n|-heal|p2a: \u5728\u8fd9\u8131\u51fa\u6765\u7684\u8bdd\u2026|64\/100|[from] item: Leftovers\n|-damage|p1b: Iron Hands|28\/100 brn|[from] brn\n|upkeep\n|\n|t:|1700487446\n|switch|p2b: \u55ef\u54fc\u54fc\uff01|Ursaluna-Bloodmoon, M|100\/100\n|turn|9\n|\n|t:|1700487469\n|move|p2b: \u55ef\u54fc\u54fc\uff01|Protect|p2b: \u55ef\u54fc\u54fc\uff01\n|-singleturn|p2b: \u55ef\u54fc\u54fc\uff01|Protect\n|move|p1a: Diancie|Diamond Storm|p2b: \u55ef\u54fc\u54fc\uff01|[spread] p2a\n|-activate|p2b: \u55ef\u54fc\u54fc\uff01|move: Protect\n|-damage|p2a: \u5728\u8fd9\u8131\u51fa\u6765\u7684\u8bdd\u2026|51\/100\n|-boost|p1a: Diancie|def|2\n|move|p1b: Iron Hands|Drain Punch|p2b: \u55ef\u54fc\u54fc\uff01\n|-activate|p2b: \u55ef\u54fc\u54fc\uff01|move: Protect\n|move|p2a: \u5728\u8fd9\u8131\u51fa\u6765\u7684\u8bdd\u2026|Matcha Gotcha|p1b: Iron Hands|[spread] p1a,p1b\n|-resisted|p1a: Diancie\n|-damage|p1a: Diancie|4\/100\n|-heal|p2a: \u5728\u8fd9\u8131\u51fa\u6765\u7684\u8bdd\u2026|57\/100|[from] drain|[of] p1a: Diancie\n|-damage|p1b: Iron Hands|4\/100 brn\n|-heal|p2a: \u5728\u8fd9\u8131\u51fa\u6765\u7684\u8bdd\u2026|75\/100|[from] drain|[of] p1b: Iron Hands\n|\n|-heal|p2a: \u5728\u8fd9\u8131\u51fa\u6765\u7684\u8bdd\u2026|81\/100|[from] item: Leftovers\n|-damage|p1b: Iron Hands|0 fnt|[from] brn\n|faint|p1b: Iron Hands\n|-end|p1b: Iron Hands|Quark Drive|[silent]\n|upkeep\n|\n|t:|1700487495\n|switch|p1b: Landorus|Landorus-Therian, M, shiny|100\/100\n|-ability|p1b: Landorus|Intimidate|boost\n|-unboost|p2a: \u5728\u8fd9\u8131\u51fa\u6765\u7684\u8bdd\u2026|atk|1\n|-unboost|p2b: \u55ef\u54fc\u54fc\uff01|atk|1\n|turn|10\n|\n|t:|1700487508\n|move|p1a: Diancie|Protect|p1a: Diancie\n|-singleturn|p1a: Diancie|Protect\n|move|p2b: \u55ef\u54fc\u54fc\uff01|Hyper Voice|p1a: Diancie|[spread] p1b\n|-activate|p1a: Diancie|move: Protect\n|-damage|p1b: Landorus|66\/100\n|move|p2a: \u5728\u8fd9\u8131\u51fa\u6765\u7684\u8bdd\u2026|Matcha Gotcha|p1a: Diancie|[spread] p1b\n|-activate|p1a: Diancie|move: Protect\n|-damage|p1b: Landorus|32\/100\n|-heal|p2a: \u5728\u8fd9\u8131\u51fa\u6765\u7684\u8bdd\u2026|100\/100|[from] drain|[of] p1b: Landorus\n|move|p1b: Landorus|Taunt|p2a: \u5728\u8fd9\u8131\u51fa\u6765\u7684\u8bdd\u2026\n|-start|p2a: \u5728\u8fd9\u8131\u51fa\u6765\u7684\u8bdd\u2026|move: Taunt\n|\n|upkeep\n|turn|11\n|\n|t:|1700487528\n|move|p1a: Diancie|Diamond Storm|p2b: \u55ef\u54fc\u54fc\uff01|[spread] p2a,p2b\n|-resisted|p2b: \u55ef\u54fc\u54fc\uff01\n|-damage|p2a: \u5728\u8fd9\u8131\u51fa\u6765\u7684\u8bdd\u2026|89\/100\n|-damage|p2b: \u55ef\u54fc\u54fc\uff01|91\/100\n|move|p2b: \u55ef\u54fc\u54fc\uff01|Hyper Voice|p1a: Diancie|[spread] p1a,p1b\n|-damage|p1a: Diancie|0 fnt\n|-damage|p1b: Landorus|0 fnt\n|faint|p1a: Diancie\n|faint|p1b: Landorus\n|move|p2a: \u5728\u8fd9\u8131\u51fa\u6765\u7684\u8bdd\u2026|Matcha Gotcha|p1: Diancie|[notarget]\n|-fail|p2a: \u5728\u8fd9\u8131\u51fa\u6765\u7684\u8bdd\u2026\n|\n|-heal|p2a: \u5728\u8fd9\u8131\u51fa\u6765\u7684\u8bdd\u2026|95\/100|[from] item: Leftovers\n|-fieldend|move: Trick Room\n|upkeep\n|\n|t:|1700487535\n|switch|p1b: Moltres|Moltres-Galar, shiny|100\/100\n|switch|p1a: Flutter Mane|Flutter Mane, shiny|100\/100\n|turn|12\n|\n|t:|1700487565\n|-terastallize|p2a: \u5728\u8fd9\u8131\u51fa\u6765\u7684\u8bdd\u2026|Fire\n|move|p1b: Moltres|Protect|p1b: Moltres\n|-singleturn|p1b: Moltres|Protect\n|move|p1a: Flutter Mane|Dazzling Gleam|p2a: \u5728\u8fd9\u8131\u51fa\u6765\u7684\u8bdd\u2026|[spread] p2a,p2b\n|-resisted|p2a: \u5728\u8fd9\u8131\u51fa\u6765\u7684\u8bdd\u2026\n|-damage|p2a: \u5728\u8fd9\u8131\u51fa\u6765\u7684\u8bdd\u2026|81\/100\n|-damage|p2b: \u55ef\u54fc\u54fc\uff01|42\/100\n|move|p2a: \u5728\u8fd9\u8131\u51fa\u6765\u7684\u8bdd\u2026|Matcha Gotcha|p1a: Flutter Mane|[spread] p1a\n|-activate|p1b: Moltres|move: Protect\n|-damage|p1a: Flutter Mane|70\/100\n|-heal|p2a: \u5728\u8fd9\u8131\u51fa\u6765\u7684\u8bdd\u2026|95\/100|[from] drain|[of] p1a: Flutter Mane\n|move|p2b: \u55ef\u54fc\u54fc\uff01|Blood Moon|p1a: Flutter Mane\n|-damage|p1a: Flutter Mane|5\/100\n|\n|-heal|p2a: \u5728\u8fd9\u8131\u51fa\u6765\u7684\u8bdd\u2026|100\/100|[from] item: Leftovers\n|upkeep\n|turn|13\n|\n|t:|1700487594\n|move|p2b: \u55ef\u54fc\u54fc\uff01|Protect|p2b: \u55ef\u54fc\u54fc\uff01\n|-singleturn|p2b: \u55ef\u54fc\u54fc\uff01|Protect\n|move|p1a: Flutter Mane|Dazzling Gleam|p2b: \u55ef\u54fc\u54fc\uff01|[spread] p2a\n|-activate|p2b: \u55ef\u54fc\u54fc\uff01|move: Protect\n|-resisted|p2a: \u5728\u8fd9\u8131\u51fa\u6765\u7684\u8bdd\u2026\n|-damage|p2a: \u5728\u8fd9\u8131\u51fa\u6765\u7684\u8bdd\u2026|87\/100\n|move|p1b: Moltres|Nasty Plot|p1b: Moltres\n|-boost|p1b: Moltres|spa|2\n|move|p2a: \u5728\u8fd9\u8131\u51fa\u6765\u7684\u8bdd\u2026|Matcha Gotcha|p1a: Flutter Mane|[spread] p1b\n|-miss|p2a: \u5728\u8fd9\u8131\u51fa\u6765\u7684\u8bdd\u2026|p1a: Flutter Mane\n|-resisted|p1b: Moltres\n|-crit|p1b: Moltres\n|-damage|p1b: Moltres|85\/100\n|-heal|p2a: \u5728\u8fd9\u8131\u51fa\u6765\u7684\u8bdd\u2026|96\/100|[from] drain|[of] p1b: Moltres\n|\n|-heal|p2a: \u5728\u8fd9\u8131\u51fa\u6765\u7684\u8bdd\u2026|100\/100|[from] item: Leftovers\n|-end|p2a: \u5728\u8fd9\u8131\u51fa\u6765\u7684\u8bdd\u2026|move: Taunt\n|upkeep\n|turn|14\n|\n|t:|1700487618\n|switch|p2b: \u54c7\uff0c\u597d\u75db\u54e6|Dusclops, M|100\/100\n|-item|p1a: Flutter Mane|Choice Specs|[from] ability: Frisk|[of] p2b: \u54c7\uff0c\u597d\u75db\u54e6|[identify]\n|-item|p1b: Moltres|Safety Goggles|[from] ability: Frisk|[of] p2b: \u54c7\uff0c\u597d\u75db\u54e6|[identify]\n|move|p1a: Flutter Mane|Dazzling Gleam|p2a: \u5728\u8fd9\u8131\u51fa\u6765\u7684\u8bdd\u2026|[spread] p2a,p2b\n|-resisted|p2a: \u5728\u8fd9\u8131\u51fa\u6765\u7684\u8bdd\u2026\n|-damage|p2a: \u5728\u8fd9\u8131\u51fa\u6765\u7684\u8bdd\u2026|88\/100\n|-damage|p2b: \u54c7\uff0c\u597d\u75db\u54e6|78\/100\n|move|p1b: Moltres|Nasty Plot|p1b: Moltres\n|-boost|p1b: Moltres|spa|2\n|move|p2a: \u5728\u8fd9\u8131\u51fa\u6765\u7684\u8bdd\u2026|Matcha Gotcha|p1a: Flutter Mane|[spread] p1a,p1b\n|-resisted|p1b: Moltres\n|-damage|p1a: Flutter Mane|0 fnt\n|-heal|p2a: \u5728\u8fd9\u8131\u51fa\u6765\u7684\u8bdd\u2026|90\/100|[from] drain|[of] p1a: Flutter Mane\n|-damage|p1b: Moltres|74\/100\n|-heal|p2a: \u5728\u8fd9\u8131\u51fa\u6765\u7684\u8bdd\u2026|97\/100|[from] drain|[of] p1b: Moltres\n|faint|p1a: Flutter Mane\n|-end|p1a: Flutter Mane|Protosynthesis|[silent]\n|\n|-heal|p2a: \u5728\u8fd9\u8131\u51fa\u6765\u7684\u8bdd\u2026|100\/100|[from] item: Leftovers\n|upkeep\n|turn|15\n|\n|t:|1700487639\n|move|p1b: Moltres|Fiery Wrath|p2a: \u5728\u8fd9\u8131\u51fa\u6765\u7684\u8bdd\u2026|[spread] p2a,p2b\n|-supereffective|p2b: \u54c7\uff0c\u597d\u75db\u54e6\n|-damage|p2a: \u5728\u8fd9\u8131\u51fa\u6765\u7684\u8bdd\u2026|56\/100\n|-damage|p2b: \u54c7\uff0c\u597d\u75db\u54e6|0 fnt\n|faint|p2b: \u54c7\uff0c\u597d\u75db\u54e6\n|move|p2a: \u5728\u8fd9\u8131\u51fa\u6765\u7684\u8bdd\u2026|Calm Mind|p2a: \u5728\u8fd9\u8131\u51fa\u6765\u7684\u8bdd\u2026\n|-boost|p2a: \u5728\u8fd9\u8131\u51fa\u6765\u7684\u8bdd\u2026|spa|1\n|-boost|p2a: \u5728\u8fd9\u8131\u51fa\u6765\u7684\u8bdd\u2026|spd|1\n|\n|-heal|p2a: \u5728\u8fd9\u8131\u51fa\u6765\u7684\u8bdd\u2026|63\/100|[from] item: Leftovers\n|upkeep\n|\n|t:|1700487647\n|switch|p2b: \u971c\u4e4b\u54c0\u4f24|Chien-Pao|69\/100\n|-ability|p2b: \u971c\u4e4b\u54c0\u4f24|Sword of Ruin\n|turn|16\n|\n|t:|1700487655\n|move|p2b: \u971c\u4e4b\u54c0\u4f24|Icicle Crash|p1b: Moltres\n|-supereffective|p1b: Moltres\n|-damage|p1b: Moltres|0 fnt\n|faint|p1b: Moltres\n|\n|win|OPieceOfHeroGhost\n|raw|defl1ght's rating: 1432 &rarr; <strong>1416<\/strong><br \/>(-16 for losing)\n|raw|OPieceOfHeroGhost's rating: 1510 &rarr; <strong>1526<\/strong><br \/>(+16 for winning)\n|l|\u2606defl1ght\n","uploadtime":1700487660,"views":1,"p1id":"defl1ght","p2id":"opieceofheroghost","formatid":"gen9doublesou","rating":1416,"private":0,"password":""}