{"id":"gen9doublesou-1999764429","p1":"buddhist ameba","p2":"supersayandraft","format":"[Gen 9] Doubles OU","log":"|j|\u2606buddhist ameba\n|j|\u2606supersayandraft\n|t:|1701114597\n|gametype|doubles\n|player|p1|buddhist ameba|265|1651\n|player|p2|supersayandraft|102|1735\n|teamsize|p1|6\n|teamsize|p2|6\n|gen|9\n|tier|[Gen 9] Doubles OU\n|rated|\n|rule|Species Clause: Limit one of each Pok\u00e9mon\n|rule|OHKO Clause: OHKO moves are banned\n|rule|Evasion Moves Clause: Evasion moves are banned\n|rule|Gravity Sleep Clause: The combination of sleep-inducing moves with imperfect accuracy and Gravity or Gigantamax Orbeetle are banned\n|rule|Endless Battle Clause: Forcing endless battles is banned\n|rule|HP Percentage Mod: HP is shown in percentages\n|clearpoke\n|poke|p1|Rillaboom, F|\n|poke|p1|Iron Bundle|\n|poke|p1|Chi-Yu|\n|poke|p1|Diancie|\n|poke|p1|Ninetales-Alola, M|\n|poke|p1|Heatran, M|\n|poke|p2|Tornadus, M|\n|poke|p2|Iron Hands|\n|poke|p2|Rillaboom, M|\n|poke|p2|Flutter Mane|\n|poke|p2|Ogerpon-Hearthflame, F|\n|poke|p2|Heatran, F|\n|teampreview\n|inactive|Battle timer is ON: inactive players will automatically lose when time's up. (requested by buddhist ameba)\n|\n|t:|1701114615\n|start\n|switch|p1a: Rillaboom|Rillaboom, F|100\/100\n|switch|p1b: Ninetales|Ninetales-Alola, M|100\/100\n|switch|p2a: Tornadus|Tornadus, M|100\/100\n|switch|p2b: Heatran|Heatran, F|100\/100\n|-weather|Snow|[from] ability: Snow Warning|[of] p1b: Ninetales\n|-fieldstart|move: Grassy Terrain|[from] ability: Grassy Surge|[of] p1a: Rillaboom\n|turn|1\n|\n|t:|1701114626\n|move|p1a: Rillaboom|Fake Out|p2b: Heatran\n|-resisted|p2b: Heatran\n|-damage|p2b: Heatran|94\/100\n|move|p2a: Tornadus|Sunny Day|p2a: Tornadus\n|-weather|SunnyDay\n|move|p1b: Ninetales|Aurora Veil||[still]\n|-fail|p1b: Ninetales\n|cant|p2b: Heatran|flinch\n|\n|-weather|SunnyDay|[upkeep]\n|-heal|p2b: Heatran|99\/100|[from] Grassy Terrain\n|upkeep\n|turn|2\n|\n|t:|1701114638\n|move|p1b: Ninetales|Protect|p1b: Ninetales\n|-singleturn|p1b: Ninetales|Protect\n|move|p2a: Tornadus|Bleakwind Storm|p1a: Rillaboom|[spread] p1a\n|-activate|p1b: Ninetales|move: Protect\n|-supereffective|p1a: Rillaboom\n|-damage|p1a: Rillaboom|47\/100\n|move|p2b: Heatran|Heat Wave|p1b: Ninetales|[spread] p1a\n|-activate|p1b: Ninetales|move: Protect\n|-supereffective|p1a: Rillaboom\n|-damage|p1a: Rillaboom|0 fnt\n|faint|p1a: Rillaboom\n|\n|-weather|SunnyDay|[upkeep]\n|-heal|p2b: Heatran|100\/100|[from] Grassy Terrain\n|upkeep\n|\n|t:|1701114647\n|switch|p1a: Heatran|Heatran, M|100\/100\n|turn|3\n|\n|t:|1701114666\n|switch|p1b: Chi-Yu|Chi-Yu|100\/100\n|-ability|p1b: Chi-Yu|Beads of Ruin\n|move|p2a: Tornadus|Tailwind|p2a: Tornadus\n|-sidestart|p2: supersayandraft|move: Tailwind\n|move|p2b: Heatran|Earth Power|p1a: Heatran\n|-supereffective|p1a: Heatran\n|-damage|p1a: Heatran|0 fnt\n|faint|p1a: Heatran\n|\n|-weather|SunnyDay|[upkeep]\n|upkeep\n|\n|t:|1701114672\n|switch|p1a: Ninetales|Ninetales-Alola, M|100\/100\n|-weather|Snow|[from] ability: Snow Warning|[of] p1a: Ninetales\n|turn|4\n|\n|t:|1701114701\n|move|p2a: Tornadus|Bleakwind Storm|p1a: Ninetales|[spread] p1a\n|-miss|p2a: Tornadus|p1b: Chi-Yu\n|-damage|p1a: Ninetales|43\/100\n|move|p2b: Heatran|Heat Wave|p1a: Ninetales|[spread] p1b\n|-miss|p2b: Heatran|p1a: Ninetales\n|-resisted|p1b: Chi-Yu\n|-damage|p1b: Chi-Yu|77\/100\n|move|p1a: Ninetales|Blizzard|p2b: Heatran|[spread] p2a,p2b\n|-supereffective|p2a: Tornadus\n|-resisted|p2b: Heatran\n|-damage|p2a: Tornadus|0 fnt\n|-damage|p2b: Heatran|94\/100\n|faint|p2a: Tornadus\n|move|p1b: Chi-Yu|Dark Pulse|p2b: Heatran\n|-crit|p2b: Heatran\n|-damage|p2b: Heatran|17\/100\n|\n|-weather|Snow|[upkeep]\n|-heal|p2b: Heatran|23\/100|[from] Grassy Terrain\n|-heal|p1a: Ninetales|49\/100|[from] Grassy Terrain\n|-heal|p1b: Chi-Yu|83\/100|[from] Grassy Terrain\n|upkeep\n|inactive|supersayandraft has 120 seconds left.\n|\n|t:|1701114716\n|switch|p2a: Flutter Mane|Flutter Mane|100\/100\n|turn|5\n|\n|t:|1701114729\n|-terastallize|p1b: Chi-Yu|Grass\n|move|p1a: Ninetales|Protect|p1a: Ninetales\n|-singleturn|p1a: Ninetales|Protect\n|move|p2a: Flutter Mane|Dazzling Gleam|p1b: Chi-Yu|[spread] p1b\n|-activate|p1a: Ninetales|move: Protect\n|-damage|p1b: Chi-Yu|24\/100\n|move|p2b: Heatran|Earth Power|p1b: Chi-Yu\n|-resisted|p1b: Chi-Yu\n|-damage|p1b: Chi-Yu|5\/100\n|move|p1b: Chi-Yu|Dark Pulse|p2a: Flutter Mane\n|-crit|p2a: Flutter Mane\n|-damage|p2a: Flutter Mane|0 fnt\n|faint|p2a: Flutter Mane\n|-end|p2a: Flutter Mane|Protosynthesis|[silent]\n|\n|-weather|Snow|[upkeep]\n|-heal|p2b: Heatran|29\/100|[from] Grassy Terrain\n|-heal|p1a: Ninetales|55\/100|[from] Grassy Terrain\n|-heal|p1b: Chi-Yu|11\/100|[from] Grassy Terrain\n|-fieldend|move: Grassy Terrain\n|upkeep\n|inactive|supersayandraft has 120 seconds left.\n|\n|t:|1701114753\n|switch|p2a: Iron Hands|Iron Hands|100\/100\n|turn|6\n|inactive|buddhist ameba has 120 seconds left.\n|\n|t:|1701114789\n|switch|p1b: Diancie|Diancie|100\/100\n|move|p1a: Ninetales|Protect|p1a: Ninetales\n|-singleturn|p1a: Ninetales|Protect\n|move|p2b: Heatran|Heat Wave|p1b: Diancie|[spread] p1b\n|-activate|p1a: Ninetales|move: Protect\n|-resisted|p1b: Diancie\n|-damage|p1b: Diancie|86\/100\n|move|p2a: Iron Hands|Drain Punch|p1a: Ninetales\n|-activate|p1a: Ninetales|move: Protect\n|\n|-weather|Snow|[upkeep]\n|-sideend|p2: supersayandraft|move: Tailwind\n|upkeep\n|turn|7\n|\n|t:|1701114807\n|move|p1a: Ninetales|Aurora Veil|p1a: Ninetales\n|-sidestart|p1: buddhist ameba|move: Aurora Veil\n|move|p2b: Heatran|Heat Wave|p1b: Diancie|[spread] p1a,p1b\n|-supereffective|p1a: Ninetales\n|-resisted|p1b: Diancie\n|-damage|p1a: Ninetales|0 fnt\n|-damage|p1b: Diancie|75\/100\n|faint|p1a: Ninetales\n|move|p2a: Iron Hands|Heavy Slam|p1b: Diancie\n|-supereffective|p1b: Diancie\n|-damage|p1b: Diancie|0 fnt\n|faint|p1b: Diancie\n|\n|-weather|Snow|[upkeep]\n|upkeep\n|\n|t:|1701114816\n|switch|p1a: Chi-Yu|Chi-Yu, tera:Grass|11\/100\n|switch|p1b: Iron Bundle|Iron Bundle|100\/100\n|-ability|p1a: Chi-Yu|Beads of Ruin\n|-enditem|p1b: Iron Bundle|Booster Energy\n|-activate|p1b: Iron Bundle|ability: Quark Drive|[fromitem]\n|-start|p1b: Iron Bundle|quarkdrivespe\n|turn|8\n|\n|t:|1701114833\n|move|p1b: Iron Bundle|Hydro Pump|p2b: Heatran\n|-supereffective|p2b: Heatran\n|-damage|p2b: Heatran|0 fnt\n|faint|p2b: Heatran\n|move|p1a: Chi-Yu|Heat Wave|p2a: Iron Hands\n|-damage|p2a: Iron Hands|27\/100\n|move|p2a: Iron Hands|Drain Punch|p1b: Iron Bundle\n|-supereffective|p1b: Iron Bundle\n|-damage|p1b: Iron Bundle|53\/100\n|-heal|p2a: Iron Hands|40\/100|[from] drain|[of] p1b: Iron Bundle\n|\n|-weather|none\n|upkeep\n|\n|t:|1701114850\n|switch|p2b: Rillaboom|Rillaboom, M|100\/100\n|-fieldstart|move: Grassy Terrain|[from] ability: Grassy Surge|[of] p2b: Rillaboom\n|turn|9\n|\n|t:|1701114866\n|move|p2b: Rillaboom|Grassy Glide|p1a: Chi-Yu\n|-resisted|p1a: Chi-Yu\n|-damage|p1a: Chi-Yu|0 fnt\n|faint|p1a: Chi-Yu\n|move|p1b: Iron Bundle|Freeze-Dry|p2b: Rillaboom\n|-supereffective|p2b: Rillaboom\n|-damage|p2b: Rillaboom|49\/100\n|-status|p2b: Rillaboom|frz\n|move|p2a: Iron Hands|Drain Punch|p1b: Iron Bundle\n|-supereffective|p1b: Iron Bundle\n|-damage|p1b: Iron Bundle|0 fnt\n|-heal|p2a: Iron Hands|54\/100|[from] drain|[of] p1b: Iron Bundle\n|faint|p1b: Iron Bundle\n|-end|p1b: Iron Bundle|Quark Drive|[silent]\n|\n|win|supersayandraft\n|raw|buddhist ameba's rating: 1651 &rarr; <strong>1636<\/strong><br \/>(-15 for losing)\n|raw|supersayandraft's rating: 1735 &rarr; <strong>1750<\/strong><br \/>(+15 for winning)\n","uploadtime":1701114882,"views":4,"p1id":"buddhistameba","p2id":"supersayandraft","formatid":"gen9doublesou","rating":1636,"private":0,"password":""}