{"id":"gen9doublesou-1973720559","p1":"Jello1231","p2":"Smudge","format":"[Gen 9] Doubles OU","log":"|j|\u2606Jello1231\n|j|\u2606Smudge\n|inactive|Battle timer is ON: inactive players will automatically lose when time's up.\n|t:|1698006707\n|gametype|doubles\n|player|p1|Jello1231|sonia-professor|\n|player|p2|Smudge|#dwcopiii|\n|teamsize|p1|6\n|teamsize|p2|6\n|gen|9\n|tier|[Gen 9] Doubles OU\n|rated|Tournament battle\n|rule|Tera Type Preview: Tera Types are shown at Team Preview\n|rule|Species Clause: Limit one of each Pok\u00e9mon\n|rule|OHKO Clause: OHKO moves are banned\n|rule|Evasion Moves Clause: Evasion moves are banned\n|rule|Gravity Sleep Clause: The combination of sleep-inducing moves with imperfect accuracy and Gravity or Gigantamax Orbeetle are banned\n|rule|Endless Battle Clause: Forcing endless battles is banned\n|rule|HP Percentage Mod: HP is shown in percentages\n|clearpoke\n|poke|p1|Ting-Lu|\n|poke|p1|Heatran, F|\n|poke|p1|Diancie|\n|poke|p1|Rillaboom, M|\n|poke|p1|Iron Hands|\n|poke|p1|Palafin, F|\n|poke|p2|Heatran, M|\n|poke|p2|Iron Bundle|\n|poke|p2|Tornadus, M|\n|poke|p2|Rillaboom, F|\n|poke|p2|Landorus-Therian, M|\n|poke|p2|Flutter Mane|\n|teampreview\n|raw|Jello1231's Tera Types:<br \/><psicon pokemon=\"tinglu\" \/><psicon type=\"Poison\" \/> \/ <psicon pokemon=\"heatran\" \/><psicon type=\"Grass\" \/> \/ <psicon pokemon=\"diancie\" \/><psicon type=\"Water\" \/> \/ <psicon pokemon=\"rillaboom\" \/><psicon type=\"Fire\" \/> \/ <psicon pokemon=\"ironhands\" \/><psicon type=\"Grass\" \/> \/ <psicon pokemon=\"palafin\" \/><psicon type=\"Dragon\" \/>\n|raw|Smudge's Tera Types:<br \/><psicon pokemon=\"heatran\" \/><psicon type=\"Fairy\" \/> \/ <psicon pokemon=\"ironbundle\" \/><psicon type=\"Ghost\" \/> \/ <psicon pokemon=\"tornadus\" \/><psicon type=\"Flying\" \/> \/ <psicon pokemon=\"rillaboom\" \/><psicon type=\"Fire\" \/> \/ <psicon pokemon=\"landorustherian\" \/><psicon type=\"Water\" \/> \/ <psicon pokemon=\"fluttermane\" \/><psicon type=\"Fairy\" \/>\n|inactive|Smudge also wants the timer to be on.\n|inactive|Smudge has 120 seconds left.\n|inactive|Smudge has 90 seconds left.\n|j| here to use \/data\n|inactive|Smudge has 60 seconds left.\n|\n|t:|1698006801\n|start\n|switch|p1a: Ting-Lu|Ting-Lu|100\/100\n|switch|p1b: Palafin|Palafin, F|100\/100\n|switch|p2a: Iron Bundle|Iron Bundle|100\/100\n|switch|p2b: Heatran|Heatran, M|100\/100\n|-ability|p1a: Ting-Lu|Vessel of Ruin\n|-enditem|p2a: Iron Bundle|Booster Energy\n|-activate|p2a: Iron Bundle|ability: Quark Drive|[fromitem]\n|-start|p2a: Iron Bundle|quarkdrivespe\n|turn|1\n|l| here to use \/data\n|inactive|Smudge has 120 seconds left.\n|j| ariyasu\n|inactive|Jello1231 has 120 seconds left.\n|\n|t:|1698006848\n|detailschange|p1b: Palafin|Palafin-Hero, F\n|switch|p1b: Heatran|Heatran, F|100\/100\n|move|p2a: Iron Bundle|Hydro Pump|p1a: Ting-Lu\n|-supereffective|p1a: Ting-Lu\n|-damage|p1a: Ting-Lu|41\/100\n|move|p2b: Heatran|Heat Wave|p1b: Heatran|[spread] p1a\n|-start|p1b: Heatran|ability: Flash Fire\n|-damage|p1a: Ting-Lu|19\/100\n|move|p1a: Ting-Lu|Spikes|p2a: Iron Bundle\n|-sidestart|p2: Smudge|Spikes\n|\n|-heal|p1a: Ting-Lu|26\/100|[from] item: Leftovers\n|upkeep\n|turn|2\n|inactive|Smudge has 120 seconds left.\n|inactive|Jello1231 has 120 seconds left.\n|\n|t:|1698006888\n|switch|p1a: Iron Hands|Iron Hands|100\/100\n|-terastallize|p2b: Heatran|Fairy\n|move|p1b: Heatran|Protect|p1b: Heatran\n|-singleturn|p1b: Heatran|Protect\n|move|p2a: Iron Bundle|Freeze-Dry|p1b: Heatran\n|-activate|p1b: Heatran|move: Protect\n|move|p2b: Heatran|Flash Cannon|p1b: Heatran\n|-activate|p1b: Heatran|move: Protect\n|\n|upkeep\n|turn|3\n|inactive|Jello1231 has 120 seconds left.\n|inactive|Smudge has 120 seconds left.\n|j| ChickenSquared\n|j|+theyummybagel\n|inactive|Jello1231 has 90 seconds left.\n|\n|t:|1698006946\n|move|p1a: Iron Hands|Fake Out|p2b: Heatran\n|-damage|p2b: Heatran|86\/100\n|move|p2a: Iron Bundle|Encore|p1b: Heatran\n|-start|p1b: Heatran|Encore\n|cant|p2b: Heatran|flinch\n|move|p1b: Heatran|Protect||[still]\n|-fail|p1b: Heatran\n|\n|upkeep\n|turn|4\n|inactive|Jello1231 has 90 seconds left.\n|j| storm surge vgc\n|c|\u2606Jello1231|Damn it i misclocked\n|j| inyourrecklesseyes\n|inactive|Smudge has 120 seconds left.\n|inactive|Smudge has 90 seconds left.\n|\n|t:|1698007010\n|-end|p1a: Iron Hands|Quark Drive|[silent]\n|switch|p1a: Ting-Lu|Ting-Lu|26\/100\n|-ability|p1a: Ting-Lu|Vessel of Ruin\n|move|p1b: Heatran|Protect|p1b: Heatran\n|-singleturn|p1b: Heatran|Protect\n|move|p2a: Iron Bundle|Encore||[still]\n|-fail|p2a: Iron Bundle\n|move|p2b: Heatran|Heat Wave|p1a: Ting-Lu|[spread] p1a\n|-activate|p1b: Heatran|move: Protect\n|-damage|p1a: Ting-Lu|3\/100\n|\n|-heal|p1a: Ting-Lu|9\/100|[from] item: Leftovers\n|upkeep\n|turn|5\n|inactive|Jello1231 has 90 seconds left.\n|inactive|Smudge has 90 seconds left.\n|inactive|Jello1231 has 60 seconds left.\n|\n|t:|1698007067\n|-end|p1b: Heatran|ability: Flash Fire|[silent]\n|switch|p1b: Rillaboom|Rillaboom, M|100\/100\n|-fieldstart|move: Grassy Terrain|[from] ability: Grassy Surge|[of] p1b: Rillaboom\n|move|p1a: Ting-Lu|Protect|p1a: Ting-Lu\n|-singleturn|p1a: Ting-Lu|Protect\n|move|p2a: Iron Bundle|Hydro Pump|p1b: Rillaboom|[miss]\n|-miss|p2a: Iron Bundle|p1b: Rillaboom\n|move|p2b: Heatran|Earth Power|p1b: Rillaboom\n|-resisted|p1b: Rillaboom\n|-damage|p1b: Rillaboom|90\/100\n|\n|-heal|p2b: Heatran|92\/100|[from] Grassy Terrain\n|-heal|p1b: Rillaboom|97\/100|[from] Grassy Terrain\n|-heal|p1a: Ting-Lu|15\/100|[from] Grassy Terrain\n|-heal|p1a: Ting-Lu|21\/100|[from] item: Leftovers\n|upkeep\n|turn|6\n|inactive|Smudge has 90 seconds left.\n|inactive|Jello1231 has 60 seconds left.\n|inactive|Jello1231 has 30 seconds left.\n|\n|t:|1698007115\n|move|p2a: Iron Bundle|Protect|p2a: Iron Bundle\n|-singleturn|p2a: Iron Bundle|Protect\n|move|p1b: Rillaboom|Fake Out|p2a: Iron Bundle\n|-activate|p2a: Iron Bundle|move: Protect\n|move|p2b: Heatran|Heat Wave|p1b: Rillaboom|[spread] p1a,p1b\n|-supereffective|p1b: Rillaboom\n|-damage|p1a: Ting-Lu|0 fnt\n|-damage|p1b: Rillaboom|55\/100\n|faint|p1a: Ting-Lu\n|\n|-heal|p2b: Heatran|98\/100|[from] Grassy Terrain\n|-heal|p1b: Rillaboom|61\/100|[from] Grassy Terrain\n|upkeep\n|inactive|Jello1231 has 30 seconds left.\n|inactive|Jello1231 has 20 seconds left.\n|\n|t:|1698007133\n|switch|p1a: Palafin|Palafin-Hero, F|100\/100\n|-activate|p1a: Palafin|ability: Zero to Hero\n|turn|7\n|inactive|Jello1231 has 30 seconds left.\n|\n|t:|1698007152\n|-end|p2a: Iron Bundle|Quark Drive|[silent]\n|switch|p2a: Landorus|Landorus-Therian, M|100\/100\n|-ability|p2a: Landorus|Intimidate|boost\n|-unboost|p1a: Palafin|atk|1\n|-unboost|p1b: Rillaboom|atk|1\n|move|p1b: Rillaboom|Grassy Glide|p2a: Landorus\n|-damage|p2a: Landorus|73\/100\n|move|p1a: Palafin|Bulk Up|p1a: Palafin\n|-boost|p1a: Palafin|atk|1\n|-boost|p1a: Palafin|def|1\n|move|p2b: Heatran|Heat Wave|p1b: Rillaboom|[spread] p1a\n|-miss|p2b: Heatran|p1b: Rillaboom\n|-resisted|p1a: Palafin\n|-damage|p1a: Palafin|82\/100\n|\n|-heal|p1a: Palafin|88\/100|[from] Grassy Terrain\n|-heal|p1a: Palafin|94\/100|[from] item: Leftovers\n|-heal|p2b: Heatran|100\/100|[from] Grassy Terrain\n|-heal|p1b: Rillaboom|67\/100|[from] Grassy Terrain\n|upkeep\n|turn|8\n|inactive|Smudge has 90 seconds left.\n|\n|t:|1698007192\n|switch|p1b: Heatran|Heatran, F|100\/100\n|move|p2a: Landorus|Stomping Tantrum|p1a: Palafin\n|-damage|p1a: Palafin|65\/100\n|move|p1a: Palafin|Bulk Up|p1a: Palafin\n|-boost|p1a: Palafin|atk|1\n|-boost|p1a: Palafin|def|1\n|move|p2b: Heatran|Tera Blast|p1a: Palafin|[anim] Tera Blast Fairy\n|-damage|p1a: Palafin|21\/100\n|\n|-heal|p1a: Palafin|27\/100|[from] Grassy Terrain\n|-heal|p1a: Palafin|33\/100|[from] item: Leftovers\n|upkeep\n|turn|9\n|inactive|Jello1231 has 60 seconds left.\n|inactive|Smudge has 90 seconds left.\n|\n|t:|1698007218\n|move|p1a: Palafin|Protect|p1a: Palafin\n|-singleturn|p1a: Palafin|Protect\n|move|p2a: Landorus|Stomping Tantrum|p1b: Heatran\n|-supereffective|p1b: Heatran\n|-damage|p1b: Heatran|0 fnt\n|faint|p1b: Heatran\n|move|p2b: Heatran|Tera Blast|p1a: Palafin|[anim] Tera Blast Fairy\n|-activate|p1a: Palafin|move: Protect\n|\n|-heal|p1a: Palafin|39\/100|[from] Grassy Terrain\n|-heal|p1a: Palafin|45\/100|[from] item: Leftovers\n|-fieldend|move: Grassy Terrain\n|upkeep\n|\n|t:|1698007226\n|switch|p1b: Rillaboom|Rillaboom, M|67\/100\n|-fieldstart|move: Grassy Terrain|[from] ability: Grassy Surge|[of] p1b: Rillaboom\n|turn|10\n|inactive|Jello1231 has 60 seconds left.\n|\n|t:|1698007239\n|switch|p2a: Rillaboom|Rillaboom, F|100\/100\n|-damage|p2a: Rillaboom|88\/100|[from] Spikes\n|move|p1b: Rillaboom|Fake Out|p2b: Heatran\n|-damage|p2b: Heatran|88\/100\n|move|p1a: Palafin|Drain Punch|p2b: Heatran\n|-resisted|p2b: Heatran\n|-crit|p2b: Heatran\n|-damage|p2b: Heatran|55\/100\n|-heal|p1a: Palafin|61\/100|[from] drain|[of] p2b: Heatran\n|cant|p2b: Heatran|flinch\n|\n|-heal|p1a: Palafin|67\/100|[from] Grassy Terrain\n|-heal|p1a: Palafin|73\/100|[from] item: Leftovers\n|-heal|p2a: Rillaboom|94\/100|[from] Grassy Terrain\n|-heal|p2b: Heatran|61\/100|[from] Grassy Terrain\n|-heal|p1b: Rillaboom|74\/100|[from] Grassy Terrain\n|upkeep\n|turn|11\n|inactive|Smudge has 120 seconds left.\n|inactive|Jello1231 has 60 seconds left.\n|inactive|Smudge has 90 seconds left.\n|\n|t:|1698007296\n|switch|p1b: Iron Hands|Iron Hands|100\/100\n|move|p1a: Palafin|Protect|p1a: Palafin\n|-singleturn|p1a: Palafin|Protect\n|move|p2a: Rillaboom|Wood Hammer|p1a: Palafin\n|-activate|p1a: Palafin|move: Protect\n|move|p2b: Heatran|Tera Blast|p1a: Palafin|[anim] Tera Blast Fairy\n|-activate|p1a: Palafin|move: Protect\n|\n|-heal|p1a: Palafin|79\/100|[from] Grassy Terrain\n|-heal|p1a: Palafin|85\/100|[from] item: Leftovers\n|-heal|p2a: Rillaboom|100\/100|[from] Grassy Terrain\n|-heal|p2b: Heatran|67\/100|[from] Grassy Terrain\n|upkeep\n|turn|12\n|inactive|Jello1231 has 60 seconds left.\n|inactive|Smudge has 90 seconds left.\n|\n|t:|1698007323\n|-terastallize|p1a: Palafin|Dragon\n|move|p1b: Iron Hands|Fake Out|p2b: Heatran\n|-damage|p2b: Heatran|53\/100\n|move|p1a: Palafin|Jet Punch|p2b: Heatran\n|-damage|p2b: Heatran|1\/100\n|move|p2a: Rillaboom|Wood Hammer|p1a: Palafin\n|-resisted|p1a: Palafin\n|-damage|p1a: Palafin|66\/100\n|-damage|p2a: Rillaboom|94\/100|[from] Recoil\n|cant|p2b: Heatran|flinch\n|\n|-heal|p1a: Palafin|72\/100|[from] Grassy Terrain\n|-heal|p1a: Palafin|78\/100|[from] item: Leftovers\n|-heal|p2a: Rillaboom|99\/100|[from] Grassy Terrain\n|-heal|p2b: Heatran|7\/100|[from] Grassy Terrain\n|upkeep\n|turn|13\n|inactive|Smudge has 90 seconds left.\n|inactive|Jello1231 has 60 seconds left.\n|\n|t:|1698007353\n|-end|p1b: Iron Hands|Quark Drive|[silent]\n|switch|p1b: Rillaboom|Rillaboom, M|74\/100\n|move|p1a: Palafin|Jet Punch|p2b: Heatran\n|-damage|p2b: Heatran|0 fnt\n|faint|p2b: Heatran\n|move|p2a: Rillaboom|Wood Hammer|p1b: Rillaboom\n|-resisted|p1b: Rillaboom\n|-damage|p1b: Rillaboom|33\/100\n|-damage|p2a: Rillaboom|87\/100|[from] Recoil\n|\n|-heal|p1a: Palafin|85\/100|[from] Grassy Terrain\n|-heal|p1a: Palafin|91\/100|[from] item: Leftovers\n|-heal|p2a: Rillaboom|93\/100|[from] Grassy Terrain\n|-heal|p1b: Rillaboom|40\/100|[from] Grassy Terrain\n|upkeep\n|\n|t:|1698007362\n|switch|p2b: Iron Bundle|Iron Bundle|100\/100\n|-damage|p2b: Iron Bundle|88\/100|[from] Spikes\n|turn|14\n|inactive|Jello1231 has 60 seconds left.\n|\n|t:|1698007401\n|switch|p1b: Iron Hands|Iron Hands|100\/100\n|move|p2b: Iron Bundle|Protect|p2b: Iron Bundle\n|-singleturn|p2b: Iron Bundle|Protect\n|move|p1a: Palafin|Bulk Up|p1a: Palafin\n|-boost|p1a: Palafin|atk|1\n|-boost|p1a: Palafin|def|1\n|move|p2a: Rillaboom|U-turn|p1b: Iron Hands\n|-resisted|p1b: Iron Hands\n|-damage|p1b: Iron Hands|91\/100\n|\n|t:|1698007412\n|switch|p2a: Landorus|Landorus-Therian, M|73\/100|[from] U-turn\n|-ability|p2a: Landorus|Intimidate|boost\n|-unboost|p1a: Palafin|atk|1\n|-unboost|p1b: Iron Hands|atk|1\n|\n|-heal|p2b: Iron Bundle|94\/100|[from] Grassy Terrain\n|-heal|p1a: Palafin|97\/100|[from] Grassy Terrain\n|-heal|p1a: Palafin|100\/100|[from] item: Leftovers\n|-heal|p1b: Iron Hands|98\/100|[from] Grassy Terrain\n|-fieldend|move: Grassy Terrain\n|upkeep\n|turn|15\n|\n|t:|1698007428\n|move|p1b: Iron Hands|Fake Out|p2a: Landorus\n|-damage|p2a: Landorus|63\/100\n|move|p2b: Iron Bundle|Freeze-Dry|p1a: Palafin\n|-supereffective|p1a: Palafin\n|-damage|p1a: Palafin|32\/100\n|cant|p2a: Landorus|flinch\n|move|p1a: Palafin|Drain Punch|p2b: Iron Bundle\n|-supereffective|p2b: Iron Bundle\n|-damage|p2b: Iron Bundle|0 fnt\n|-heal|p1a: Palafin|61\/100|[from] drain|[of] p2b: Iron Bundle\n|faint|p2b: Iron Bundle\n|-end|p2b: Iron Bundle|Quark Drive|[silent]\n|\n|-heal|p1a: Palafin|67\/100|[from] item: Leftovers\n|upkeep\n|\n|t:|1698007438\n|switch|p2b: Flutter Mane|Flutter Mane|100\/100\n|-damage|p2b: Flutter Mane|88\/100|[from] Spikes\n|turn|16\n|inactive|Jello1231 has 90 seconds left.\n|\n|t:|1698007458\n|-end|p2b: Flutter Mane|Protosynthesis|[silent]\n|switch|p2b: Rillaboom|Rillaboom, F|93\/100\n|-damage|p2b: Rillaboom|81\/100|[from] Spikes\n|-fieldstart|move: Grassy Terrain|[from] ability: Grassy Surge|[of] p2b: Rillaboom\n|-end|p1b: Iron Hands|Quark Drive|[silent]\n|switch|p1b: Diancie|Diancie|100\/100\n|move|p1a: Palafin|Jet Punch|p2b: Rillaboom\n|-resisted|p2b: Rillaboom\n|-damage|p2b: Rillaboom|52\/100\n|move|p2a: Landorus|Stomping Tantrum|p1b: Diancie\n|-supereffective|p1b: Diancie\n|-damage|p1b: Diancie|0 fnt\n|faint|p1b: Diancie\n|\n|-heal|p1a: Palafin|74\/100|[from] Grassy Terrain\n|-heal|p1a: Palafin|80\/100|[from] item: Leftovers\n|-heal|p2b: Rillaboom|58\/100|[from] Grassy Terrain\n|upkeep\n|\n|t:|1698007466\n|switch|p1b: Rillaboom|Rillaboom, M|40\/100\n|turn|17\n|\n|t:|1698007476\n|move|p2b: Rillaboom|Fake Out|p1a: Palafin\n|-damage|p1a: Palafin|74\/100\n|move|p1b: Rillaboom|Fake Out|p2b: Rillaboom\n|-damage|p2b: Rillaboom|44\/100\n|cant|p1a: Palafin|flinch\n|move|p2a: Landorus|Stomping Tantrum|p1b: Rillaboom\n|-resisted|p1b: Rillaboom\n|-damage|p1b: Rillaboom|14\/100\n|\n|-heal|p1a: Palafin|80\/100|[from] Grassy Terrain\n|-heal|p1a: Palafin|87\/100|[from] item: Leftovers\n|-heal|p2b: Rillaboom|50\/100|[from] Grassy Terrain\n|-heal|p1b: Rillaboom|20\/100|[from] Grassy Terrain\n|upkeep\n|turn|18\n|inactive|Jello1231 has 120 seconds left.\n|\n|t:|1698007509\n|move|p1b: Rillaboom|Grassy Glide|p2a: Landorus\n|-damage|p2a: Landorus|21\/100\n|move|p2a: Landorus|Stomping Tantrum|p1b: Rillaboom\n|-resisted|p1b: Rillaboom\n|-damage|p1b: Rillaboom|0 fnt\n|faint|p1b: Rillaboom\n|move|p1a: Palafin|Bulk Up|p1a: Palafin\n|-boost|p1a: Palafin|atk|1\n|-boost|p1a: Palafin|def|1\n|move|p2b: Rillaboom|U-turn|p1a: Palafin\n|-damage|p1a: Palafin|79\/100\n|\n|t:|1698007520\n|switch|p2b: Flutter Mane|Flutter Mane|88\/100|[from] U-turn\n|-damage|p2b: Flutter Mane|76\/100|[from] Spikes\n|\n|-heal|p2b: Flutter Mane|82\/100|[from] Grassy Terrain\n|-heal|p1a: Palafin|85\/100|[from] Grassy Terrain\n|-heal|p1a: Palafin|91\/100|[from] item: Leftovers\n|upkeep\n|\n|t:|1698007531\n|switch|p1b: Iron Hands|Iron Hands|98\/100\n|turn|19\n|inactive|Jello1231 has 90 seconds left.\n|inactive|Jello1231 has 60 seconds left.\n|\n|t:|1698007597\n|switch|p2a: Tornadus|Tornadus, M|100\/100\n|move|p2b: Flutter Mane|Protect|p2b: Flutter Mane\n|-singleturn|p2b: Flutter Mane|Protect\n|move|p1a: Palafin|Jet Punch|p2b: Flutter Mane\n|-activate|p2b: Flutter Mane|move: Protect\n|move|p1b: Iron Hands|Ice Punch|p2a: Tornadus\n|-supereffective|p2a: Tornadus\n|-damage|p2a: Tornadus|24\/100\n|-enditem|p2a: Tornadus|Sitrus Berry|[eat]\n|-heal|p2a: Tornadus|49\/100|[from] item: Sitrus Berry\n|\n|-heal|p2b: Flutter Mane|88\/100|[from] Grassy Terrain\n|-heal|p1a: Palafin|98\/100|[from] Grassy Terrain\n|-heal|p1a: Palafin|100\/100|[from] item: Leftovers\n|-heal|p1b: Iron Hands|100\/100|[from] Grassy Terrain\n|upkeep\n|turn|20\n|\n|t:|1698007617\n|-end|p2b: Flutter Mane|Protosynthesis|[silent]\n|switch|p2b: Landorus|Landorus-Therian, M|21\/100\n|-ability|p2b: Landorus|Intimidate|boost\n|-unboost|p1a: Palafin|atk|1\n|-unboost|p1b: Iron Hands|atk|1\n|move|p1a: Palafin|Protect|p1a: Palafin\n|-singleturn|p1a: Palafin|Protect\n|move|p2a: Tornadus|Taunt|p1a: Palafin\n|-activate|p1a: Palafin|move: Protect\n|move|p1b: Iron Hands|Wild Charge|p2b: Landorus\n|-immune|p2b: Landorus\n|\n|-fieldend|move: Grassy Terrain\n|upkeep\n|turn|21\n|\n|t:|1698007634\n|move|p2a: Tornadus|Taunt|p1a: Palafin\n|-start|p1a: Palafin|move: Taunt\n|move|p1a: Palafin|Jet Punch|p2a: Tornadus\n|-damage|p2a: Tornadus|0 fnt\n|faint|p2a: Tornadus\n|move|p2b: Landorus|Stomping Tantrum|p1b: Iron Hands\n|-supereffective|p1b: Iron Hands\n|-damage|p1b: Iron Hands|17\/100\n|move|p1b: Iron Hands|Ice Punch|p2b: Landorus\n|-supereffective|p2b: Landorus\n|-damage|p2b: Landorus|0 fnt\n|faint|p2b: Landorus\n|\n|upkeep\n|\n|t:|1698007643\n|switch|p2a: Flutter Mane|Flutter Mane|88\/100\n|switch|p2b: Rillaboom|Rillaboom, F|50\/100\n|-damage|p2a: Flutter Mane|75\/100|[from] Spikes\n|-damage|p2b: Rillaboom|38\/100|[from] Spikes\n|-fieldstart|move: Grassy Terrain|[from] ability: Grassy Surge|[of] p2b: Rillaboom\n|turn|22\n|\n|t:|1698007657\n|move|p2b: Rillaboom|Fake Out|p1a: Palafin\n|-damage|p1a: Palafin|96\/100\n|cant|p1a: Palafin|flinch\n|move|p2a: Flutter Mane|Moonblast|p1a: Palafin\n|-supereffective|p1a: Palafin\n|-damage|p1a: Palafin|0 fnt\n|faint|p1a: Palafin\n|move|p1b: Iron Hands|Wild Charge|p2a: Flutter Mane\n|-damage|p2a: Flutter Mane|19\/100\n|-damage|p1b: Iron Hands|7\/100|[from] Recoil\n|\n|-heal|p2a: Flutter Mane|25\/100|[from] Grassy Terrain\n|-heal|p2b: Rillaboom|44\/100|[from] Grassy Terrain\n|-heal|p1b: Iron Hands|14\/100|[from] Grassy Terrain\n|upkeep\n|turn|23\n|c|\u2606Jello1231|Ggs\n|c|\u2606Smudge|gg\n|\n|t:|1698007676\n|move|p2a: Flutter Mane|Moonblast|p1b: Iron Hands\n|-supereffective|p1b: Iron Hands\n|-damage|p1b: Iron Hands|0 fnt\n|faint|p1b: Iron Hands\n|-end|p1b: Iron Hands|Quark Drive|[silent]\n|\n|win|Smudge\n|n|\u2606Jello1231|jello1231\n|n|\u2606Smudge|smudge\n|n| ariyasu|ariyasu\n|n| ChickenSquared|chickensquared\n|n| theyummybagel|theyummybagel\n|n| storm surge vgc|stormsurgevgc\n|n| inyourrecklesseyes|inyourrecklesseyes\n","uploadtime":1698007679,"views":18,"p1id":"jello1231","p2id":"smudge","formatid":"gen9doublesou","rating":0,"private":0,"password":""}