{"id":"gen9doublesou-1975924695","p1":"Premiere Berry","p2":"Emiliopokefan","format":"[Gen 9] Doubles OU","log":"|j|\u2606Premiere Berry\n|j|\u2606Emiliopokefan\n|t:|1698249632\n|gametype|doubles\n|player|p1|Premiere Berry|roxanne|1155\n|player|p2|Emiliopokefan|102|1169\n|teamsize|p1|6\n|teamsize|p2|6\n|gen|9\n|tier|[Gen 9] Doubles OU\n|rated|\n|rule|Species Clause: Limit one of each Pok\u00e9mon\n|rule|OHKO Clause: OHKO moves are banned\n|rule|Evasion Moves Clause: Evasion moves are banned\n|rule|Gravity Sleep Clause: The combination of sleep-inducing moves with imperfect accuracy and Gravity or Gigantamax Orbeetle are banned\n|rule|Endless Battle Clause: Forcing endless battles is banned\n|rule|HP Percentage Mod: HP is shown in percentages\n|clearpoke\n|poke|p1|Regieleki|\n|poke|p1|Amoonguss, F|\n|poke|p1|Walking Wake|\n|poke|p1|Fezandipiti, M|\n|poke|p1|Torkoal, M|\n|poke|p1|Ting-Lu|\n|poke|p2|Pawmot, M|\n|poke|p2|Amoonguss, F|\n|poke|p2|Pelipper, M|\n|poke|p2|Palafin, M|\n|poke|p2|Chien-Pao|\n|poke|p2|Dragonite, M|\n|teampreview\n|\n|t:|1698249654\n|start\n|switch|p1a: Daddy Electric|Regieleki|100\/100\n|switch|p1b: Sussy Sister|Amoonguss, F|100\/100\n|switch|p2a: Pawmot|Pawmot, M, shiny|100\/100\n|switch|p2b: Palafin|Palafin, M, shiny|100\/100\n|turn|1\n|inactive|Battle timer is ON: inactive players will automatically lose when time's up. (requested by Emiliopokefan)\n|\n|t:|1698249679\n|detailschange|p2b: Palafin|Palafin-Hero, M, shiny\n|switch|p2b: Amoonguss|Amoonguss, F, shiny|100\/100\n|move|p2a: Pawmot|Fake Out|p1a: Daddy Electric\n|-damage|p1a: Daddy Electric|70\/100\n|cant|p1a: Daddy Electric|flinch\n|move|p1b: Sussy Sister|Spore|p2a: Pawmot\n|-status|p2a: Pawmot|slp|[from] move: Spore\n|\n|upkeep\n|turn|2\n|\n|t:|1698249698\n|switch|p1a: Granny|Torkoal, M|100\/100\n|-weather|SunnyDay|[from] ability: Drought|[of] p1a: Granny\n|switch|p1b: Mother Nature|Walking Wake|100\/100\n|-activate|p1b: Mother Nature|ability: Protosynthesis\n|-start|p1b: Mother Nature|protosynthesisspa\n|cant|p2a: Pawmot|slp\n|move|p2b: Amoonguss|Spore|p1a: Granny\n|-status|p1a: Granny|slp|[from] move: Spore\n|\n|-weather|SunnyDay|[upkeep]\n|upkeep\n|turn|3\n|\n|t:|1698249721\n|switch|p2a: Pelipper|Pelipper, M, shiny|100\/100\n|-weather|RainDance|[from] ability: Drizzle|[of] p2a: Pelipper\n|-end|p1b: Mother Nature|Protosynthesis\n|switch|p2b: Palafin|Palafin-Hero, M, shiny|100\/100\n|-activate|p2b: Palafin|ability: Zero to Hero\n|move|p1b: Mother Nature|Flamethrower|p2b: Palafin\n|-resisted|p2b: Palafin\n|-damage|p2b: Palafin|93\/100\n|cant|p1a: Granny|slp\n|\n|-weather|RainDance|[upkeep]\n|upkeep\n|turn|4\n|\n|t:|1698249740\n|cant|p1a: Granny|slp\n|move|p2b: Palafin|Jet Punch|p1a: Granny\n|-supereffective|p1a: Granny\n|-damage|p1a: Granny|0 fnt\n|faint|p1a: Granny\n|move|p1b: Mother Nature|Draco Meteor|p2a: Pelipper\n|-damage|p2a: Pelipper|0 fnt\n|-unboost|p1b: Mother Nature|spa|2\n|faint|p2a: Pelipper\n|\n|-weather|RainDance|[upkeep]\n|upkeep\n|\n|t:|1698249754\n|switch|p2a: Dragonite|Dragonite, M, shiny|100\/100\n|switch|p1a: Daddy Electric|Regieleki|70\/100\n|turn|5\n|\n|t:|1698249781\n|-end|p1b: Mother Nature|Protosynthesis|[silent]\n|switch|p1b: Sussy Sister|Amoonguss, F|100\/100\n|-terastallize|p2a: Dragonite|Normal\n|move|p2a: Dragonite|Extreme Speed|p1b: Sussy Sister\n|-damage|p1b: Sussy Sister|26\/100\n|move|p2b: Palafin|Jet Punch|p1a: Daddy Electric\n|-damage|p1a: Daddy Electric|0 fnt\n|faint|p1a: Daddy Electric\n|\n|-weather|RainDance|[upkeep]\n|-heal|p1b: Sussy Sister|32\/100|[from] item: Black Sludge\n|upkeep\n|inactive|Premiere Berry has 120 seconds left.\n|-message|Premiere Berry forfeited.\n|\n|win|Emiliopokefan\n|raw|Premiere Berry's rating: 1155 &rarr; <strong>1131<\/strong><br \/>(-24 for losing)\n|raw|Emiliopokefan's rating: 1169 &rarr; <strong>1193<\/strong><br \/>(+24 for winning)\n|l|\u2606Premiere Berry\n","uploadtime":1698249888,"views":6,"p1id":"premiereberry","p2id":"emiliopokefan","formatid":"gen9doublesou","rating":1131,"private":0,"password":""}