{"id":"gen9doublesou-1970169053","p1":"wingwingy55","p2":"ynnig","format":"[Gen 9] Doubles OU","log":"|j|\u2606wingwingy55\n|j|\u2606ynnig\n|t:|1697604278\n|gametype|doubles\n|player|p1|wingwingy55|preschooler|1194\n|player|p2|ynnig|cynthia|1341\n|teamsize|p1|6\n|teamsize|p2|6\n|gen|9\n|tier|[Gen 9] Doubles OU\n|rated|\n|rule|Species Clause: Limit one of each Pok\u00e9mon\n|rule|OHKO Clause: OHKO moves are banned\n|rule|Evasion Moves Clause: Evasion moves are banned\n|rule|Gravity Sleep Clause: The combination of sleep-inducing moves with imperfect accuracy and Gravity or Gigantamax Orbeetle are banned\n|rule|Endless Battle Clause: Forcing endless battles is banned\n|rule|HP Percentage Mod: HP is shown in percentages\n|clearpoke\n|poke|p1|Dragapult, M|\n|poke|p1|Chi-Yu|\n|poke|p1|Ogerpon, F|\n|poke|p1|Clefairy, F|\n|poke|p1|Chien-Pao|\n|poke|p1|Flutter Mane|\n|poke|p2|Sandy Shocks|\n|poke|p2|Masquerain, F|\n|poke|p2|Kleavor, F|\n|poke|p2|Samurott-Hisui, F|\n|poke|p2|Glimmora, F|\n|poke|p2|Garchomp, F|\n|teampreview\n|\n|t:|1697604306\n|start\n|switch|p1a: Chien-Pao|Chien-Pao|100\/100\n|switch|p1b: Ogerpon|Ogerpon, F|100\/100\n|switch|p2a: Sandy Shocks|Sandy Shocks|100\/100\n|switch|p2b: Masquerain|Masquerain, F|100\/100\n|-ability|p1a: Chien-Pao|Sword of Ruin\n|-ability|p2b: Masquerain|Intimidate|boost\n|-unboost|p1a: Chien-Pao|atk|1\n|-unboost|p1b: Ogerpon|atk|1\n|-ability|p1b: Ogerpon|Defiant|boost\n|-boost|p1b: Ogerpon|atk|2\n|-enditem|p2a: Sandy Shocks|Booster Energy\n|-activate|p2a: Sandy Shocks|ability: Protosynthesis|[fromitem]\n|-start|p2a: Sandy Shocks|protosynthesisspe\n|turn|1\n|inactive|Battle timer is ON: inactive players will automatically lose when time's up. (requested by ynnig)\n|\n|t:|1697604356\n|move|p2a: Sandy Shocks|Gravity|p2a: Sandy Shocks\n|-fieldstart|move: Gravity\n|move|p1a: Chien-Pao|Icicle Crash|p2b: Masquerain\n|-supereffective|p2b: Masquerain\n|-enditem|p2b: Masquerain|Focus Sash\n|-damage|p2b: Masquerain|1\/100\n|move|p1b: Ogerpon|Ivy Cudgel|p2a: Sandy Shocks\n|-supereffective|p2a: Sandy Shocks\n|-damage|p2a: Sandy Shocks|0 fnt\n|faint|p2a: Sandy Shocks\n|-end|p2a: Sandy Shocks|Protosynthesis|[silent]\n|move|p2b: Masquerain|Tailwind|p2b: Masquerain\n|-sidestart|p2: ynnig|move: Tailwind\n|\n|upkeep\n|\n|t:|1697604375\n|switch|p2a: Glimmora|Glimmora, F|100\/100\n|turn|2\n|\n|t:|1697604398\n|switch|p1b: Flutter Mane|Flutter Mane|100\/100\n|-enditem|p1b: Flutter Mane|Booster Energy\n|-activate|p1b: Flutter Mane|ability: Protosynthesis|[fromitem]\n|-start|p1b: Flutter Mane|protosynthesisspe\n|move|p1a: Chien-Pao|Ice Shard|p2b: Masquerain\n|-supereffective|p2b: Masquerain\n|-damage|p2b: Masquerain|0 fnt\n|faint|p2b: Masquerain\n|move|p2a: Glimmora|Toxic Spikes|p1a: Chien-Pao\n|-sidestart|p1: wingwingy55|move: Toxic Spikes\n|\n|upkeep\n|\n|t:|1697604412\n|switch|p2b: Kleavor|Kleavor, F|100\/100\n|turn|3\n|\n|t:|1697604431\n|move|p2b: Kleavor|Stone Axe|p1a: Chien-Pao\n|-supereffective|p1a: Chien-Pao\n|-enditem|p1a: Chien-Pao|Focus Sash\n|-damage|p1a: Chien-Pao|1\/100\n|-sidestart|p1: wingwingy55|move: Stealth Rock\n|move|p1b: Flutter Mane|Shadow Ball|p2a: Glimmora\n|-damage|p2a: Glimmora|62\/100\n|-unboost|p2a: Glimmora|spd|1\n|move|p2a: Glimmora|Toxic|p1b: Flutter Mane\n|-status|p1b: Flutter Mane|tox\n|move|p1a: Chien-Pao|Icicle Crash|p2b: Kleavor\n|-damage|p2b: Kleavor|49\/100\n|\n|-heal|p2a: Glimmora|68\/100|[from] item: Black Sludge\n|-damage|p1b: Flutter Mane|95\/100 tox|[from] psn\n|upkeep\n|turn|4\n|\n|t:|1697604450\n|move|p1a: Chien-Pao|Sucker Punch|p2b: Kleavor\n|-damage|p2b: Kleavor|11\/100\n|move|p2b: Kleavor|Stone Axe|p1b: Flutter Mane\n|-damage|p1b: Flutter Mane|0 fnt\n|faint|p1b: Flutter Mane\n|-end|p1b: Flutter Mane|Protosynthesis|[silent]\n|move|p2a: Glimmora|Dazzling Gleam|p1a: Chien-Pao\n|-supereffective|p1a: Chien-Pao\n|-damage|p1a: Chien-Pao|0 fnt\n|faint|p1a: Chien-Pao\n|\n|-heal|p2a: Glimmora|74\/100|[from] item: Black Sludge\n|-sideend|p2: ynnig|move: Tailwind\n|upkeep\n|inactive|wingwingy55 has 120 seconds left.\n|\n|t:|1697604472\n|switch|p1b: Clefairy|Clefairy, F|100\/100\n|switch|p1a: Ogerpon|Ogerpon, F|100\/100\n|-status|p1a: Ogerpon|psn\n|-damage|p1a: Ogerpon|88\/100 psn|[from] Stealth Rock\n|-status|p1b: Clefairy|psn\n|-damage|p1b: Clefairy|88\/100 psn|[from] Stealth Rock\n|turn|5\n|\n|t:|1697604488\n|move|p1b: Clefairy|Follow Me|p1b: Clefairy\n|-singleturn|p1b: Clefairy|move: Follow Me\n|move|p2b: Kleavor|Stone Axe|p1b: Clefairy\n|-crit|p1b: Clefairy\n|-damage|p1b: Clefairy|17\/100 psn\n|move|p1a: Ogerpon|Stomping Tantrum|p2a: Glimmora\n|-supereffective|p2a: Glimmora\n|-crit|p2a: Glimmora\n|-damage|p2a: Glimmora|0 fnt\n|-activate|p2a: Glimmora|ability: Toxic Debris\n|-sidestart|p1: wingwingy55|move: Toxic Spikes\n|faint|p2a: Glimmora\n|\n|-heal|p1a: Ogerpon|94\/100 psn|[from] item: Leftovers\n|-damage|p1a: Ogerpon|82\/100 psn|[from] psn\n|-damage|p1b: Clefairy|5\/100 psn|[from] psn\n|-fieldend|move: Gravity\n|upkeep\n|\n|t:|1697604504\n|switch|p2a: Samurott|Samurott-Hisui, F|100\/100\n|turn|6\n|\n|t:|1697604522\n|-terastallize|p1a: Ogerpon|Grass\n|detailschange|p1a: Ogerpon|Ogerpon-Teal-Tera, F, tera:Grass\n|-ability|p1a: Ogerpon|Embody Aspect (Teal)|boost\n|-boost|p1a: Ogerpon|spe|1\n|-terastallize|p2a: Samurott|Ghost\n|move|p1b: Clefairy|Follow Me|p1b: Clefairy\n|-singleturn|p1b: Clefairy|move: Follow Me\n|move|p1a: Ogerpon|Ivy Cudgel|p2a: Samurott\n|-crit|p2a: Samurott\n|-damage|p2a: Samurott|0 fnt\n|faint|p2a: Samurott\n|move|p2b: Kleavor|Stone Axe|p1b: Clefairy\n|-damage|p1b: Clefairy|0 fnt\n|faint|p1b: Clefairy\n|\n|-heal|p1a: Ogerpon|88\/100 psn|[from] item: Leftovers\n|-damage|p1a: Ogerpon|76\/100 psn|[from] psn\n|upkeep\n|\n|t:|1697604541\n|switch|p2a: Garchomp|Garchomp, F|100\/100\n|switch|p1b: Dragapult|Dragapult, M, shiny|100\/100\n|-status|p1b: Dragapult|tox\n|-damage|p1b: Dragapult|88\/100 tox|[from] Stealth Rock\n|turn|7\n|\n|t:|1697604551\n|move|p2a: Garchomp|Protect|p2a: Garchomp\n|-singleturn|p2a: Garchomp|Protect\n|move|p1a: Ogerpon|Ivy Cudgel|p2a: Garchomp\n|-activate|p2a: Garchomp|move: Protect\n|move|p2b: Kleavor|Stone Axe|p1a: Ogerpon\n|-damage|p1a: Ogerpon|13\/100 psn\n|move|p1b: Dragapult|Dragon Darts|p2b: Kleavor\n|-damage|p2b: Kleavor|0 fnt\n|faint|p2b: Kleavor\n|-damage|p1b: Dragapult|78\/100 tox|[from] item: Life Orb\n|\n|-heal|p1a: Ogerpon|20\/100 psn|[from] item: Leftovers\n|-damage|p1a: Ogerpon|7\/100 psn|[from] psn\n|-damage|p1b: Dragapult|72\/100 tox|[from] psn\n|upkeep\n|turn|8\n|\n|t:|1697604573\n|move|p1a: Ogerpon|Ivy Cudgel|p2a: Garchomp\n|-crit|p2a: Garchomp\n|-damage|p2a: Garchomp|15\/100\n|move|p1b: Dragapult|Dragon Darts|p2a: Garchomp\n|-supereffective|p2a: Garchomp\n|-damage|p2a: Garchomp|0 fnt\n|faint|p2a: Garchomp\n|-damage|p1b: Dragapult|63\/100 tox|[from] item: Life Orb\n|\n|win|wingwingy55\n|raw|wingwingy55's rating: 1194 &rarr; <strong>1229<\/strong><br \/>(+35 for winning)\n|raw|ynnig's rating: 1341 &rarr; <strong>1313<\/strong><br \/>(-28 for losing)\n|l|\u2606ynnig\n","uploadtime":1697604582,"views":22,"p1id":"wingwingy55","p2id":"ynnig","formatid":"gen9doublesou","rating":1229,"private":0,"password":""}