{"id":"gen9doublesou-1993632712","p1":"Natana6l","p2":"Kiky14","format":"[Gen 9] Doubles OU","log":"|j|\u2606Natana6l\n|j|\u2606Kiky14\n|t:|1700339649\n|gametype|doubles\n|player|p1|Natana6l|red|1400\n|player|p2|Kiky14|hilda-wonderlauncher|1379\n|teamsize|p1|6\n|teamsize|p2|6\n|gen|9\n|tier|[Gen 9] Doubles OU\n|rated|\n|rule|Species Clause: Limit one of each Pok\u00e9mon\n|rule|OHKO Clause: OHKO moves are banned\n|rule|Evasion Moves Clause: Evasion moves are banned\n|rule|Gravity Sleep Clause: The combination of sleep-inducing moves with imperfect accuracy and Gravity or Gigantamax Orbeetle are banned\n|rule|Endless Battle Clause: Forcing endless battles is banned\n|rule|HP Percentage Mod: HP is shown in percentages\n|clearpoke\n|poke|p1|Volcarona, F|\n|poke|p1|Ninetales-Alola, M|\n|poke|p1|Grimmsnarl, M|\n|poke|p1|Persian, M|\n|poke|p1|Cinderace, M|\n|poke|p1|Tyranitar, M|\n|poke|p2|Sinistcha|\n|poke|p2|Moltres-Galar|\n|poke|p2|Arcanine-Hisui, M|\n|poke|p2|Ogerpon-Wellspring, F|\n|poke|p2|Klefki, M|\n|poke|p2|Okidogi, M|\n|teampreview\n|l|\u2606Kiky14\n|player|p2|\n|j|\u2606Kiky14\n|player|p2|Kiky14|hilda-wonderlauncher\n|\n|t:|1700339690\n|start\n|switch|p1a: Persian|Persian, M, shiny|100\/100\n|switch|p1b: Grimmsnarl|Grimmsnarl, M|100\/100\n|switch|p2a: Okidogi|Okidogi, M|100\/100\n|switch|p2b: Arcanine|Arcanine-Hisui, M|100\/100\n|-ability|p2b: Arcanine|Intimidate|boost\n|-unboost|p1a: Persian|atk|1\n|-unboost|p1b: Grimmsnarl|atk|1\n|turn|1\n|\n|t:|1700339712\n|move|p1a: Persian|Fake Out|p2a: Okidogi\n|-damage|p2a: Okidogi|85\/100\n|-damage|p1a: Persian|91\/100|[from] item: Life Orb\n|move|p1b: Grimmsnarl|Reflect|p1b: Grimmsnarl\n|-sidestart|p1: Natana6l|Reflect\n|move|p2b: Arcanine|Rock Slide|p1a: Persian|[spread] p1a,p1b\n|-damage|p1a: Persian|62\/100\n|-damage|p1b: Grimmsnarl|79\/100\n|cant|p2a: Okidogi|flinch\n|\n|upkeep\n|turn|2\n|\n|t:|1700339727\n|move|p1b: Grimmsnarl|Parting Shot|p2b: Arcanine\n|-unboost|p2b: Arcanine|atk|1\n|-unboost|p2b: Arcanine|spa|1\n|\n|t:|1700339741\n|switch|p1b: Tyranitar|Tyranitar, M|100\/100|[from] Parting Shot\n|-weather|Sandstorm|[from] ability: Sand Stream|[of] p1b: Tyranitar\n|move|p1a: Persian|Gunk Shot|p2a: Okidogi|[miss]\n|-miss|p1a: Persian|p2a: Okidogi\n|move|p2b: Arcanine|Rock Slide|p1a: Persian|[spread] p1a,p1b\n|-damage|p1a: Persian|42\/100\n|-damage|p1b: Tyranitar|92\/100\n|move|p2a: Okidogi|Knock Off|p1b: Tyranitar\n|-resisted|p1b: Tyranitar\n|-damage|p1b: Tyranitar|82\/100\n|-enditem|p1b: Tyranitar|Weakness Policy|[from] move: Knock Off|[of] p2a: Okidogi\n|-damage|p2a: Okidogi|75\/100|[from] item: Life Orb\n|\n|-weather|Sandstorm|[upkeep]\n|-damage|p1a: Persian|36\/100|[from] Sandstorm\n|-damage|p2a: Okidogi|69\/100|[from] Sandstorm\n|upkeep\n|turn|3\n|\n|t:|1700339770\n|switch|p2b: Klefki|Klefki, M|100\/100\n|move|p1a: Persian|Gunk Shot|p2a: Okidogi\n|-resisted|p2a: Okidogi\n|-damage|p2a: Okidogi|59\/100\n|-damage|p1a: Persian|26\/100|[from] item: Life Orb\n|move|p2a: Okidogi|Drain Punch|p1b: Tyranitar\n|-supereffective|p1b: Tyranitar\n|-damage|p1b: Tyranitar|0 fnt\n|-heal|p2a: Okidogi|100\/100|[from] drain|[of] p1b: Tyranitar\n|faint|p1b: Tyranitar\n|-damage|p2a: Okidogi|90\/100|[from] item: Life Orb\n|\n|-weather|Sandstorm|[upkeep]\n|-damage|p1a: Persian|19\/100|[from] Sandstorm\n|-damage|p2a: Okidogi|84\/100|[from] Sandstorm\n|upkeep\n|\n|t:|1700339784\n|switch|p1b: Ninetales|Ninetales-Alola, M, shiny|100\/100\n|-weather|Snow|[from] ability: Snow Warning|[of] p1b: Ninetales\n|turn|4\n|\n|t:|1700339803\n|switch|p1a: Grimmsnarl|Grimmsnarl, M|79\/100\n|move|p2b: Klefki|Light Screen|p2b: Klefki\n|-sidestart|p2: Kiky14|move: Light Screen\n|move|p1b: Ninetales|Aurora Veil|p1b: Ninetales\n|-sidestart|p1: Natana6l|move: Aurora Veil\n|move|p2a: Okidogi|Knock Off|p1b: Ninetales\n|-resisted|p1b: Ninetales\n|-damage|p1b: Ninetales|89\/100\n|-enditem|p1b: Ninetales|Light Clay|[from] move: Knock Off|[of] p2a: Okidogi\n|-damage|p2a: Okidogi|74\/100|[from] item: Life Orb\n|\n|-weather|Snow|[upkeep]\n|upkeep\n|turn|5\n|\n|t:|1700339823\n|move|p2b: Klefki|Reflect|p2b: Klefki\n|-sidestart|p2: Kiky14|Reflect\n|move|p1a: Grimmsnarl|Parting Shot|p2a: Okidogi\n|-unboost|p2a: Okidogi|atk|1\n|-unboost|p2a: Okidogi|spa|1\n|\n|t:|1700339832\n|switch|p1a: Volcarona|Volcarona, F|100\/100|[from] Parting Shot\n|move|p1b: Ninetales|Blizzard|p2a: Okidogi|[spread] p2a,p2b\n|-resisted|p2b: Klefki\n|-damage|p2a: Okidogi|56\/100\n|-damage|p2b: Klefki|89\/100\n|move|p2a: Okidogi|Poison Jab|p1b: Ninetales\n|-supereffective|p1b: Ninetales\n|-damage|p1b: Ninetales|51\/100\n|-damage|p2a: Okidogi|46\/100|[from] item: Life Orb\n|\n|-weather|Snow|[upkeep]\n|upkeep\n|turn|6\n|\n|t:|1700339857\n|switch|p2a: Arcanine|Arcanine-Hisui, M|100\/100\n|-ability|p2a: Arcanine|Intimidate|boost\n|-unboost|p1a: Volcarona|atk|1\n|-unboost|p1b: Ninetales|atk|1\n|move|p2b: Klefki|Thunder Wave|p1a: Volcarona\n|-status|p1a: Volcarona|par\n|move|p1b: Ninetales|Blizzard|p2a: Arcanine|[spread] p2a,p2b\n|-resisted|p2a: Arcanine\n|-resisted|p2b: Klefki\n|-damage|p2a: Arcanine|87\/100\n|-damage|p2b: Klefki|78\/100\n|cant|p1a: Volcarona|par\n|\n|-weather|Snow|[upkeep]\n|upkeep\n|turn|7\n|\n|t:|1700339876\n|-terastallize|p1a: Volcarona|Water\n|move|p2b: Klefki|Thunder Wave|p1b: Ninetales\n|-status|p1b: Ninetales|par\n|move|p2a: Arcanine|Rock Slide|p1b: Ninetales|[spread] p1a,p1b\n|-supereffective|p1b: Ninetales\n|-damage|p1a: Volcarona|75\/100 par\n|-damage|p1b: Ninetales|26\/100 par\n|move|p1a: Volcarona|Tera Blast|p2a: Arcanine|[anim] Tera Blast Water\n|-supereffective|p2a: Arcanine\n|-damage|p2a: Arcanine|0 fnt\n|faint|p2a: Arcanine\n|move|p1b: Ninetales|Encore|p2b: Klefki\n|-start|p2b: Klefki|Encore\n|\n|-weather|Snow|[upkeep]\n|upkeep\n|\n|t:|1700339908\n|switch|p2a: Sinistcha|Sinistcha|100\/100\n|-heal|p2b: Klefki|100\/100|[from] ability: Hospitality|[of] p2a: Sinistcha\n|turn|8\n|\n|t:|1700339931\n|switch|p2b: Moltres|Moltres-Galar|100\/100\n|switch|p1a: Persian|Persian, M, shiny|19\/100\n|move|p2a: Sinistcha|Matcha Gotcha|p1a: Persian|[spread] p1a\n|-miss|p2a: Sinistcha|p1b: Ninetales\n|-damage|p1a: Persian|0 fnt\n|faint|p1a: Persian\n|cant|p1b: Ninetales|par\n|\n|-weather|none\n|-sideend|p1: Natana6l|Reflect\n|upkeep\n|\n|t:|1700339939\n|switch|p1a: Cinderace|Cinderace, M|100\/100\n|turn|9\n|\n|t:|1700339966\n|move|p1a: Cinderace|Pyro Ball|p2a: Sinistcha\n|-supereffective|p2a: Sinistcha\n|-damage|p2a: Sinistcha|32\/100\n|move|p2b: Moltres|Agility|p2b: Moltres\n|-boost|p2b: Moltres|spe|2\n|move|p2a: Sinistcha|Strength Sap|p1a: Cinderace\n|-unboost|p1a: Cinderace|atk|1\n|-heal|p2a: Sinistcha|100\/100\n|move|p1b: Ninetales|Blizzard|p2a: Sinistcha|[spread] p2a,p2b\n|-supereffective|p2a: Sinistcha\n|-supereffective|p2b: Moltres\n|-damage|p2a: Sinistcha|62\/100\n|-damage|p2b: Moltres|75\/100\n|-enditem|p2b: Moltres|Weakness Policy\n|-boost|p2b: Moltres|atk|2|[from] item: Weakness Policy\n|-boost|p2b: Moltres|spa|2|[from] item: Weakness Policy\n|\n|-heal|p2a: Sinistcha|68\/100|[from] item: Leftovers\n|upkeep\n|turn|10\n|\n|t:|1700339988\n|-terastallize|p2b: Moltres|Dark\n|move|p2b: Moltres|Fiery Wrath|p1b: Ninetales|[spread] p1a,p1b\n|-resisted|p1b: Ninetales\n|-damage|p1a: Cinderace|61\/100\n|-damage|p1b: Ninetales|3\/100 par\n|move|p1a: Cinderace|Pyro Ball|p2a: Sinistcha\n|-supereffective|p2a: Sinistcha\n|-damage|p2a: Sinistcha|21\/100\n|move|p2a: Sinistcha|Strength Sap|p1a: Cinderace\n|-unboost|p1a: Cinderace|atk|1\n|-heal|p2a: Sinistcha|89\/100\n|cant|p1b: Ninetales|flinch\n|\n|-heal|p2a: Sinistcha|95\/100|[from] item: Leftovers\n|upkeep\n|turn|11\n|\n|t:|1700340016\n|switch|p1a: Grimmsnarl|Grimmsnarl, M|79\/100\n|move|p2b: Moltres|Protect|p2b: Moltres\n|-singleturn|p2b: Moltres|Protect\n|move|p2a: Sinistcha|Matcha Gotcha|p1a: Grimmsnarl|[spread] p1a,p1b\n|-damage|p1a: Grimmsnarl|68\/100\n|-heal|p2a: Sinistcha|100\/100|[from] drain|[of] p1a: Grimmsnarl\n|-damage|p1b: Ninetales|0 fnt\n|faint|p1b: Ninetales\n|\n|-sideend|p2: Kiky14|move: Light Screen\n|-sideend|p1: Natana6l|move: Aurora Veil\n|upkeep\n|\n|t:|1700340032\n|switch|p1b: Volcarona|Volcarona, F, tera:Water|75\/100 par\n|turn|12\n|\n|t:|1700340046\n|move|p1a: Grimmsnarl|Light Screen|p1a: Grimmsnarl\n|-sidestart|p1: Natana6l|move: Light Screen\n|move|p2b: Moltres|Fiery Wrath|p1a: Grimmsnarl|[spread] p1a,p1b\n|-resisted|p1a: Grimmsnarl\n|-damage|p1a: Grimmsnarl|60\/100\n|-damage|p1b: Volcarona|28\/100 par\n|move|p2a: Sinistcha|Strength Sap|p1a: Grimmsnarl\n|-unboost|p1a: Grimmsnarl|atk|1\n|cant|p1b: Volcarona|flinch\n|\n|-sideend|p2: Kiky14|Reflect\n|upkeep\n|turn|13\n|\n|t:|1700340062\n|switch|p2a: Klefki|Klefki, M|100\/100\n|move|p2b: Moltres|Fiery Wrath|p1a: Grimmsnarl|[spread] p1a,p1b\n|-resisted|p1a: Grimmsnarl\n|-damage|p1a: Grimmsnarl|52\/100\n|-damage|p1b: Volcarona|0 fnt\n|faint|p1b: Volcarona\n|move|p1a: Grimmsnarl|Spirit Break|p2b: Moltres\n|-supereffective|p2b: Moltres\n|-damage|p2b: Moltres|38\/100\n|-unboost|p2b: Moltres|spa|1\n|-ability|p2b: Moltres|Berserk|boost\n|-boost|p2b: Moltres|spa|1\n|\n|upkeep\n|-message|Natana6l forfeited.\n|\n|win|Kiky14\n|raw|Natana6l's rating: 1400 &rarr; <strong>1379<\/strong><br \/>(-21 for losing)\n|raw|Kiky14's rating: 1379 &rarr; <strong>1400<\/strong><br \/>(+21 for winning)\n|l|\u2606Natana6l\n","uploadtime":1700340095,"views":4,"p1id":"natana6l","p2id":"kiky14","formatid":"gen9doublesou","rating":1379,"private":0,"password":""}