{"id":"gen9doublesou-1982982405","p1":"5u5user","p2":"You died32","format":"[Gen 9] Doubles OU","log":"|j|\u26065u5user\n|j|\u2606You died32\n|inactive|Battle timer is ON: inactive players will automatically lose when time's up.\n|t:|1699066048\n|gametype|doubles\n|player|p1|5u5user|alec-anime|\n|player|p2|You died32|roxie|\n|teamsize|p1|4\n|teamsize|p2|4\n|gen|9\n|tier|[Gen 9] Doubles OU\n|rated|Tournament battle\n|rule|Species Clause: Limit one of each Pok\u00e9mon\n|rule|OHKO Clause: OHKO moves are banned\n|rule|Evasion Moves Clause: Evasion moves are banned\n|rule|Gravity Sleep Clause: The combination of sleep-inducing moves with imperfect accuracy and Gravity or Gigantamax Orbeetle are banned\n|rule|Endless Battle Clause: Forcing endless battles is banned\n|rule|HP Percentage Mod: HP is shown in percentages\n|clearpoke\n|poke|p1|Cinderace, M|\n|poke|p1|Farigiraf, M|\n|poke|p1|Surskit, M|\n|poke|p1|Drifloon, M|\n|poke|p2|Shroodle, F|\n|poke|p2|Larvesta, F|\n|poke|p2|Wyrdeer, M|\n|poke|p2|Hippowdon, M|\n|teampreview\n|j|*Lady Monita \u263d\n|c|\u2606You died32|Yes i am online\n|\n|t:|1699066067\n|start\n|switch|p1a: Surskit|Surskit, M|100\/100\n|switch|p1b: Drifloon|Drifloon, M|100\/100\n|switch|p2a: Shroodle|Shroodle, F|100\/100\n|switch|p2b: Hippowdon|Hippowdon, M|100\/100\n|turn|1\n|\n|t:|1699066086\n|move|p2a: Shroodle|Toxic|p1a: Surskit\n|-status|p1a: Surskit|tox\n|move|p1a: Surskit|Rain Dance|p1a: Surskit\n|-weather|RainDance\n|move|p1b: Drifloon|Substitute|p1b: Drifloon\n|-start|p1b: Drifloon|Substitute\n|-damage|p1b: Drifloon|76\/100\n|move|p2b: Hippowdon|Crunch|p1b: Drifloon\n|-supereffective|p1b: Drifloon\n|-end|p1b: Drifloon|Substitute\n|\n|-weather|RainDance|[upkeep]\n|-damage|p1a: Surskit|94\/100 tox|[from] psn\n|upkeep\n|turn|2\n|\n|t:|1699066110\n|move|p2a: Shroodle|Taunt|p1b: Drifloon\n|-start|p1b: Drifloon|move: Taunt\n|move|p1a: Surskit|Chilling Water|p2b: Hippowdon\n|-supereffective|p2b: Hippowdon\n|-damage|p2b: Hippowdon|70\/100\n|-unboost|p2b: Hippowdon|atk|1\n|cant|p1b: Drifloon|move: Taunt|Substitute\n|move|p2b: Hippowdon|Crunch|p1b: Drifloon\n|-supereffective|p1b: Drifloon\n|-damage|p1b: Drifloon|42\/100\n|-unboost|p1b: Drifloon|def|1\n|-damage|p2b: Hippowdon|54\/100|[from] item: Rocky Helmet|[of] p1b: Drifloon\n|\n|-weather|RainDance|[upkeep]\n|-damage|p1a: Surskit|82\/100 tox|[from] psn\n|upkeep\n|turn|3\n|\n|t:|1699066139\n|switch|p2b: Wyrdeer|Wyrdeer, M|100\/100\n|-ability|p2b: Wyrdeer|Intimidate|boost\n|-unboost|p1a: Surskit|atk|1\n|-unboost|p1b: Drifloon|atk|1\n|move|p2a: Shroodle|Parting Shot|p1a: Surskit\n|-unboost|p1a: Surskit|atk|1\n|-unboost|p1a: Surskit|spa|1\n|\n|t:|1699066147\n|switch|p2a: Hippowdon|Hippowdon, M|54\/100|[from] Parting Shot\n|move|p1a: Surskit|Chilling Water|p2b: Wyrdeer\n|-crit|p2b: Wyrdeer\n|-damage|p2b: Wyrdeer|78\/100\n|-unboost|p2b: Wyrdeer|atk|1\n|move|p1b: Drifloon|Clear Smog|p2b: Wyrdeer\n|-damage|p2b: Wyrdeer|70\/100\n|-clearboost|p2b: Wyrdeer\n|\n|-weather|RainDance|[upkeep]\n|-damage|p1a: Surskit|64\/100 tox|[from] psn\n|upkeep\n|turn|4\n|\n|t:|1699066173\n|move|p1a: Surskit|Acrobatics|p2b: Wyrdeer\n|-damage|p2b: Wyrdeer|67\/100\n|move|p1b: Drifloon|Clear Smog|p1a: Surskit\n|-damage|p1a: Surskit|49\/100 tox\n|-clearboost|p1a: Surskit\n|move|p2a: Hippowdon|Crunch|p1b: Drifloon\n|-supereffective|p1b: Drifloon\n|-damage|p1b: Drifloon|0 fnt\n|-damage|p2a: Hippowdon|29\/100|[from] ability: Aftermath|[of] p1b: Drifloon\n|-damage|p2a: Hippowdon|12\/100|[from] item: Rocky Helmet|[of] p1b: Drifloon\n|faint|p1b: Drifloon\n|move|p2b: Wyrdeer|Trick Room|p2b: Wyrdeer\n|-fieldstart|move: Trick Room|[of] p2b: Wyrdeer\n|\n|-weather|RainDance|[upkeep]\n|-damage|p1a: Surskit|25\/100 tox|[from] psn\n|upkeep\n|inactive|5u5user has 120 seconds left.\n|\n|t:|1699066192\n|switch|p1b: Farigiraf|Farigiraf, M|100\/100\n|turn|5\n|j| chadguy\n|l| chadguy\n|\n|t:|1699066209\n|move|p1b: Farigiraf|Hyper Voice|p2a: Hippowdon|[spread] p2a,p2b\n|-damage|p2a: Hippowdon|0 fnt\n|-damage|p2b: Wyrdeer|29\/100\n|faint|p2a: Hippowdon\n|move|p2b: Wyrdeer|Facade|p1b: Farigiraf\n|-damage|p1b: Farigiraf|63\/100\n|move|p1a: Surskit|Acrobatics|p2b: Wyrdeer\n|-damage|p2b: Wyrdeer|23\/100\n|\n|-weather|none\n|-heal|p1b: Farigiraf|69\/100|[from] item: Leftovers\n|-damage|p1a: Surskit|0 fnt|[from] psn\n|faint|p1a: Surskit\n|upkeep\n|c|\u2606You died32|lets have a bit of a slow down shall we\n|\n|t:|1699066225\n|switch|p2a: Shroodle|Shroodle, F|100\/100\n|switch|p1a: Cinderace|Cinderace, M|100\/100\n|turn|6\n|\n|t:|1699066253\n|move|p2a: Shroodle|Parting Shot||[still]\n|cant|p1b: Farigiraf|ability: Armor Tail|Parting Shot|[of] p2a: Shroodle\n|move|p1b: Farigiraf|Hyper Voice|p2a: Shroodle|[spread] p2a,p2b\n|-damage|p2a: Shroodle|65\/100\n|-damage|p2b: Wyrdeer|0 fnt\n|faint|p2b: Wyrdeer\n|move|p1a: Cinderace|Pyro Ball|p2a: Shroodle\n|-damage|p2a: Shroodle|0 fnt\n|faint|p2a: Shroodle\n|\n|-heal|p1b: Farigiraf|75\/100|[from] item: Leftovers\n|upkeep\n|\n|t:|1699066262\n|switch|p2b: Larvesta|Larvesta, F|100\/100\n|turn|7\n|c|\u2606You died32|gg\n|\n|t:|1699066273\n|move|p1b: Farigiraf|Hyper Voice|p2b: Larvesta\n|-damage|p2b: Larvesta|14\/100\n|move|p2b: Larvesta|Bug Buzz|p1b: Farigiraf\n|-supereffective|p1b: Farigiraf\n|-damage|p1b: Farigiraf|20\/100\n|move|p1a: Cinderace|Acrobatics|p2b: Larvesta\n|-start|p1a: Cinderace|typechange|Flying|[from] ability: Libero\n|-supereffective|p2b: Larvesta\n|-damage|p2b: Larvesta|0 fnt\n|faint|p2b: Larvesta\n|\n|win|5u5user\n|n|\u26065u5user|5u5user\n|n|\u2606You died32|youdied32\n|n|*Lady Monita \u263d|ladymonita\n","uploadtime":1699066274,"views":20,"p1id":"5u5user","p2id":"youdied32","formatid":"gen9doublesou","rating":0,"private":0,"password":""}