{"id":"gen9doublesou-1978102024","p1":"Flufferide","p2":"wbxcwq","format":"[Gen 9] Doubles OU","log":"|j|\u2606Flufferide\n|j|\u2606wbxcwq\n|t:|1698499546\n|gametype|doubles\n|player|p1|Flufferide|waitress|1316\n|player|p2|wbxcwq|veteran|1199\n|teamsize|p1|6\n|teamsize|p2|6\n|gen|9\n|tier|[Gen 9] Doubles OU\n|rated|\n|rule|Species Clause: Limit one of each Pok\u00e9mon\n|rule|OHKO Clause: OHKO moves are banned\n|rule|Evasion Moves Clause: Evasion moves are banned\n|rule|Gravity Sleep Clause: The combination of sleep-inducing moves with imperfect accuracy and Gravity or Gigantamax Orbeetle are banned\n|rule|Endless Battle Clause: Forcing endless battles is banned\n|rule|HP Percentage Mod: HP is shown in percentages\n|clearpoke\n|poke|p1|Leafeon, F|\n|poke|p1|Torkoal, M|\n|poke|p1|Chi-Yu|\n|poke|p1|Ogerpon-Hearthflame, F|\n|poke|p1|Flutter Mane|\n|poke|p1|Ursaluna-Bloodmoon, M|\n|poke|p2|Pelipper, F|\n|poke|p2|Basculegion-F, F|\n|poke|p2|Ogerpon-Wellspring, F|\n|poke|p2|Ludicolo, F|\n|poke|p2|Ursaluna-Bloodmoon, M|\n|poke|p2|Arcanine-Hisui, F|\n|teampreview\n|inactive|Battle timer is ON: inactive players will automatically lose when time's up. (requested by Flufferide)\n|\n|t:|1698499567\n|start\n|switch|p1a: Flutter Mane|Flutter Mane|100\/100\n|switch|p1b: Ursaluna|Ursaluna-Bloodmoon, M|100\/100\n|switch|p2a: Arcanine|Arcanine-Hisui, F|100\/100\n|switch|p2b: Ursaluna|Ursaluna-Bloodmoon, M|100\/100\n|-ability|p2a: Arcanine|Intimidate|boost\n|-unboost|p1a: Flutter Mane|atk|1\n|-unboost|p1b: Ursaluna|atk|1\n|turn|1\n|\n|t:|1698499580\n|move|p1a: Flutter Mane|Moonblast|p2b: Ursaluna\n|-damage|p2b: Ursaluna|8\/100\n|move|p2a: Arcanine|Heat Wave|p1a: Flutter Mane|[spread] p1a\n|-miss|p2a: Arcanine|p1b: Ursaluna\n|-damage|p1a: Flutter Mane|66\/100\n|move|p1b: Ursaluna|Earth Power|p2a: Arcanine\n|-supereffective|p2a: Arcanine\n|-damage|p2a: Arcanine|0 fnt\n|faint|p2a: Arcanine\n|move|p2b: Ursaluna|Rock Tomb|p1b: Ursaluna\n|-resisted|p1b: Ursaluna\n|-damage|p1b: Ursaluna|97\/100\n|-unboost|p1b: Ursaluna|spe|1\n|\n|-heal|p2b: Ursaluna|14\/100|[from] item: Leftovers\n|upkeep\n|\n|t:|1698499594\n|switch|p2a: Ogerpon|Ogerpon-Wellspring, F|100\/100\n|turn|2\n|\n|t:|1698499603\n|-terastallize|p1a: Flutter Mane|Fairy\n|move|p2a: Ogerpon|Follow Me|p2a: Ogerpon\n|-singleturn|p2a: Ogerpon|move: Follow Me\n|move|p1b: Ursaluna|Vacuum Wave|p2a: Ogerpon\n|-damage|p2a: Ogerpon|86\/100\n|move|p1a: Flutter Mane|Moonblast|p2a: Ogerpon\n|-damage|p2a: Ogerpon|0 fnt\n|faint|p2a: Ogerpon\n|move|p2b: Ursaluna|Blood Moon|p1a: Flutter Mane\n|-damage|p1a: Flutter Mane|0 fnt\n|faint|p1a: Flutter Mane\n|-end|p1a: Flutter Mane|Protosynthesis|[silent]\n|\n|-heal|p2b: Ursaluna|20\/100|[from] item: Leftovers\n|upkeep\n|\n|t:|1698499623\n|switch|p1a: Torkoal|Torkoal, M|100\/100\n|switch|p2a: Pelipper|Pelipper, F|100\/100\n|-weather|RainDance|[from] ability: Drizzle|[of] p2a: Pelipper\n|-weather|SunnyDay|[from] ability: Drought|[of] p1a: Torkoal\n|turn|3\n|\n|t:|1698499641\n|move|p1b: Ursaluna|Vacuum Wave|p2b: Ursaluna\n|-supereffective|p2b: Ursaluna\n|-crit|p2b: Ursaluna\n|-damage|p2b: Ursaluna|0 fnt\n|faint|p2b: Ursaluna\n|move|p2a: Pelipper|U-turn|p1b: Ursaluna\n|-damage|p1b: Ursaluna|90\/100\n|\n|t:|1698499648\n|switch|p2a: Basculegion|Basculegion-F, F|100\/100|[from] U-turn\n|move|p1a: Torkoal|Stealth Rock|p2a: Basculegion\n|-sidestart|p2: wbxcwq|move: Stealth Rock\n|\n|-weather|SunnyDay|[upkeep]\n|upkeep\n|\n|t:|1698499650\n|switch|p2b: Pelipper|Pelipper, F|100\/100\n|-damage|p2b: Pelipper|76\/100|[from] Stealth Rock\n|-weather|RainDance|[from] ability: Drizzle|[of] p2b: Pelipper\n|turn|4\n|\n|t:|1698499664\n|switch|p1a: Leafeon|Leafeon, F|100\/100\n|-terastallize|p2a: Basculegion|Ghost\n|move|p2a: Basculegion|Last Respects|p1a: Leafeon\n|-enditem|p1a: Leafeon|Focus Sash\n|-damage|p1a: Leafeon|1\/100\n|move|p2b: Pelipper|Hydro Pump|p1b: Ursaluna\n|-supereffective|p1b: Ursaluna\n|-damage|p1b: Ursaluna|0 fnt\n|faint|p1b: Ursaluna\n|\n|-weather|RainDance|[upkeep]\n|upkeep\n|\n|t:|1698499675\n|switch|p1b: Torkoal|Torkoal, M|100\/100\n|-weather|SunnyDay|[from] ability: Drought|[of] p1b: Torkoal\n|turn|5\n|\n|t:|1698499689\n|switch|p2a: Ludicolo|Ludicolo, F|100\/100\n|-damage|p2a: Ludicolo|88\/100|[from] Stealth Rock\n|move|p2b: Pelipper|Quick Attack|p1a: Leafeon\n|-damage|p1a: Leafeon|0 fnt\n|faint|p1a: Leafeon\n|move|p1b: Torkoal|Heat Wave|p2b: Pelipper|[spread] p2a,p2b\n|-resisted|p2b: Pelipper\n|-damage|p2a: Ludicolo|53\/100\n|-damage|p2b: Pelipper|55\/100\n|\n|-weather|SunnyDay|[upkeep]\n|upkeep\n|\n|t:|1698499700\n|switch|p1a: Ogerpon|Ogerpon-Hearthflame, F|100\/100\n|-ability|p1a: Ogerpon|Mold Breaker\n|turn|6\n|\n|t:|1698499711\n|switch|p2b: Basculegion|Basculegion-F, F, tera:Ghost|100\/100\n|-damage|p2b: Basculegion|88\/100|[from] Stealth Rock\n|move|p2a: Ludicolo|Fake Out|p1a: Ogerpon\n|-damage|p1a: Ogerpon|91\/100\n|cant|p1a: Ogerpon|flinch\n|move|p1b: Torkoal|Will-O-Wisp|p2a: Ludicolo\n|-status|p2a: Ludicolo|brn\n|\n|-weather|SunnyDay|[upkeep]\n|-damage|p2a: Ludicolo|47\/100 brn|[from] brn\n|upkeep\n|turn|7\n|\n|t:|1698499728\n|switch|p2a: Pelipper|Pelipper, F|55\/100\n|-damage|p2a: Pelipper|30\/100|[from] Stealth Rock\n|-weather|RainDance|[from] ability: Drizzle|[of] p2a: Pelipper\n|switch|p1b: Chi-Yu|Chi-Yu|100\/100\n|-ability|p1b: Chi-Yu|Beads of Ruin\n|move|p2b: Basculegion|Last Respects|p1b: Chi-Yu\n|-resisted|p1b: Chi-Yu\n|-damage|p1b: Chi-Yu|0 fnt\n|faint|p1b: Chi-Yu\n|move|p1a: Ogerpon|Knock Off|p2b: Basculegion\n|-supereffective|p2b: Basculegion\n|-damage|p2b: Basculegion|0 fnt\n|-enditem|p2b: Basculegion|Choice Band|[from] move: Knock Off|[of] p1a: Ogerpon\n|faint|p2b: Basculegion\n|\n|-weather|RainDance|[upkeep]\n|upkeep\n|\n|t:|1698499742\n|switch|p1b: Torkoal|Torkoal, M|100\/100\n|switch|p2b: Ludicolo|Ludicolo, F|47\/100 brn\n|-damage|p2b: Ludicolo|35\/100 brn|[from] Stealth Rock\n|-weather|SunnyDay|[from] ability: Drought|[of] p1b: Torkoal\n|turn|8\n|\n|t:|1698499754\n|move|p2b: Ludicolo|Fake Out|p1a: Ogerpon\n|-damage|p1a: Ogerpon|87\/100\n|cant|p1a: Ogerpon|flinch\n|move|p2a: Pelipper|Hurricane|p1a: Ogerpon|[miss]\n|-miss|p2a: Pelipper|p1a: Ogerpon\n|move|p1b: Torkoal|Heat Wave|p2b: Ludicolo|[spread] p2a,p2b\n|-resisted|p2a: Pelipper\n|-damage|p2a: Pelipper|9\/100\n|-damage|p2b: Ludicolo|0 fnt\n|faint|p2b: Ludicolo\n|\n|-weather|SunnyDay|[upkeep]\n|upkeep\n|turn|9\n|-message|wbxcwq forfeited.\n|\n|win|Flufferide\n|raw|Flufferide's rating: 1316 &rarr; <strong>1330<\/strong><br \/>(+14 for winning)\n|raw|wbxcwq's rating: 1199 &rarr; <strong>1182<\/strong><br \/>(-17 for losing)\n|l|\u2606wbxcwq\n","uploadtime":1698499770,"views":22,"p1id":"flufferide","p2id":"wbxcwq","formatid":"gen9doublesou","rating":1182,"private":0,"password":""}