{"id":"gen9doublesou-1995264385","p1":"bored in bed","p2":"Kuzwa","format":"[Gen 9] Doubles OU","log":"|j|\u2606bored in bed\n|j|\u2606Kuzwa\n|t:|1700543432\n|gametype|doubles\n|player|p1|bored in bed|medium|1223\n|player|p2|Kuzwa|pokemonbreeder-gen4|1310\n|teamsize|p1|6\n|teamsize|p2|6\n|gen|9\n|tier|[Gen 9] Doubles OU\n|rated|\n|rule|Species Clause: Limit one of each Pok\u00e9mon\n|rule|OHKO Clause: OHKO moves are banned\n|rule|Evasion Moves Clause: Evasion moves are banned\n|rule|Gravity Sleep Clause: The combination of sleep-inducing moves with imperfect accuracy and Gravity or Gigantamax Orbeetle are banned\n|rule|Endless Battle Clause: Forcing endless battles is banned\n|rule|HP Percentage Mod: HP is shown in percentages\n|clearpoke\n|poke|p1|Heatran, F|\n|poke|p1|Salamence, M|\n|poke|p1|Spectrier|\n|poke|p1|Amoonguss, F|\n|poke|p1|Landorus-Therian, M|\n|poke|p1|Thundurus, M|\n|poke|p2|Chi-Yu|\n|poke|p2|Torkoal, M|\n|poke|p2|Glimmora, M|\n|poke|p2|Gallade, M|\n|poke|p2|Cinderace, M|\n|poke|p2|Gardevoir, F|\n|teampreview\n|inactive|Battle timer is ON: inactive players will automatically lose when time's up. (requested by bored in bed)\n|inactive|bored in bed has 120 seconds left.\n|\n|t:|1700543478\n|start\n|switch|p1a: Thundurus|Thundurus, M|100\/100\n|switch|p1b: Spectrier|Spectrier|100\/100\n|switch|p2a: Strega|Glimmora, M|100\/100\n|switch|p2b: Nyx|Gardevoir, F, shiny|100\/100\n|-item|p2a: Strega|Air Balloon\n|turn|1\n|inactive|bored in bed has 120 seconds left.\n|\n|t:|1700543516\n|move|p1a: Thundurus|Eerie Impulse|p2a: Strega\n|-unboost|p2a: Strega|spa|2\n|move|p1b: Spectrier|Nasty Plot|p1b: Spectrier\n|-boost|p1b: Spectrier|spa|2\n|move|p2a: Strega|Power Gem|p1a: Thundurus\n|-supereffective|p1a: Thundurus\n|-damage|p1a: Thundurus|55\/100\n|move|p2b: Nyx|Trick Room|p2b: Nyx\n|-fieldstart|move: Trick Room|[of] p2b: Nyx\n|\n|upkeep\n|turn|2\n|inactive|bored in bed has 120 seconds left.\n|inactive|bored in bed has 90 seconds left.\n|\n|t:|1700543583\n|switch|p2a: Tortissed|Torkoal, M|100\/100\n|-weather|SunnyDay|[from] ability: Drought|[of] p2a: Tortissed\n|move|p1a: Thundurus|Eerie Impulse|p2b: Nyx\n|-unboost|p2b: Nyx|spa|2\n|move|p2b: Nyx|Dazzling Gleam|p1b: Spectrier|[spread] p1a,p1b\n|-damage|p1a: Thundurus|38\/100\n|-damage|p1b: Spectrier|81\/100\n|-enditem|p1a: Thundurus|Sitrus Berry|[eat]\n|-heal|p1a: Thundurus|62\/100|[from] item: Sitrus Berry\n|move|p1b: Spectrier|Nasty Plot|p1b: Spectrier\n|-boost|p1b: Spectrier|spa|2\n|\n|-weather|SunnyDay|[upkeep]\n|-heal|p1b: Spectrier|87\/100|[from] item: Leftovers\n|upkeep\n|turn|3\n|inactive|bored in bed has 90 seconds left.\n|inactive|bored in bed has 60 seconds left.\n|\n|t:|1700543627\n|switch|p2b: Strega|Glimmora, M|100\/100\n|-item|p2b: Strega|Air Balloon\n|move|p1b: Spectrier|Protect|p1b: Spectrier\n|-singleturn|p1b: Spectrier|Protect\n|move|p1a: Thundurus|Eerie Impulse|p2a: Tortissed\n|-unboost|p2a: Tortissed|spa|2\n|move|p2a: Tortissed|Eruption|p1b: Spectrier|[spread] p1a\n|-activate|p1b: Spectrier|move: Protect\n|-damage|p1a: Thundurus|19\/100\n|\n|-weather|SunnyDay|[upkeep]\n|-heal|p1b: Spectrier|93\/100|[from] item: Leftovers\n|upkeep\n|turn|4\n|inactive|bored in bed has 60 seconds left.\n|\n|t:|1700543673\n|switch|p1a: Heatran|Heatran, F|100\/100\n|move|p2a: Tortissed|Clear Smog|p1b: Spectrier\n|-resisted|p1b: Spectrier\n|-damage|p1b: Spectrier|89\/100\n|-clearboost|p1b: Spectrier\n|move|p2b: Strega|Mortal Spin|p1b: Spectrier|[spread] p1b\n|-immune|p1a: Heatran\n|-resisted|p1b: Spectrier\n|-damage|p1b: Spectrier|86\/100\n|-status|p1b: Spectrier|psn\n|move|p1b: Spectrier|Draining Kiss|p2a: Tortissed\n|-resisted|p2a: Tortissed\n|-damage|p2a: Tortissed|89\/100\n|-heal|p1b: Spectrier|95\/100 psn|[from] drain|[of] p2a: Tortissed\n|\n|-weather|SunnyDay|[upkeep]\n|-heal|p1b: Spectrier|100\/100 psn|[from] item: Leftovers\n|-damage|p1b: Spectrier|88\/100 psn|[from] psn\n|upkeep\n|turn|5\n|inactive|bored in bed has 60 seconds left.\n|inactive|bored in bed has 30 seconds left.\n|\n|t:|1700543719\n|switch|p2a: Nyx|Gardevoir, F, shiny|100\/100\n|move|p1a: Heatran|Protect|p1a: Heatran\n|-singleturn|p1a: Heatran|Protect\n|move|p1b: Spectrier|Protect|p1b: Spectrier\n|-singleturn|p1b: Spectrier|Protect\n|move|p2b: Strega|Power Gem|p1b: Spectrier\n|-activate|p1b: Spectrier|move: Protect\n|\n|-weather|SunnyDay|[upkeep]\n|-heal|p1b: Spectrier|94\/100 psn|[from] item: Leftovers\n|-damage|p1b: Spectrier|82\/100 psn|[from] psn\n|-fieldend|move: Trick Room\n|upkeep\n|turn|6\n|inactive|bored in bed has 30 seconds left.\n|inactive|bored in bed has 20 seconds left.\n|inactive|bored in bed has 15 seconds left.\n|\n|t:|1700543761\n|switch|p1b: Amoonguss|Amoonguss, F|100\/100\n|move|p2b: Strega|Earth Power|p1a: Heatran\n|-supereffective|p1a: Heatran\n|-damage|p1a: Heatran|26\/100\n|move|p1a: Heatran|Flash Cannon|p2a: Nyx\n|-supereffective|p2a: Nyx\n|-damage|p2a: Nyx|43\/100\n|move|p2a: Nyx|Taunt|p1b: Amoonguss\n|-start|p1b: Amoonguss|move: Taunt\n|\n|-weather|SunnyDay|[upkeep]\n|-heal|p1a: Heatran|32\/100|[from] item: Leftovers\n|upkeep\n|turn|7\n|inactive|bored in bed has 30 seconds left.\n|inactive|bored in bed has 20 seconds left.\n|\n|t:|1700543786\n|switch|p1b: Spectrier|Spectrier|82\/100 psn\n|-terastallize|p1a: Heatran|Grass\n|move|p2b: Strega|Power Gem|p1a: Heatran\n|-crit|p1a: Heatran\n|-damage|p1a: Heatran|0 fnt\n|faint|p1a: Heatran\n|move|p2a: Nyx|Trick Room|p2a: Nyx\n|-fieldstart|move: Trick Room|[of] p2a: Nyx\n|\n|-weather|SunnyDay|[upkeep]\n|-heal|p1b: Spectrier|88\/100 psn|[from] item: Leftovers\n|-damage|p1b: Spectrier|76\/100 psn|[from] psn\n|upkeep\n|inactive|bored in bed has 25 seconds left this turn.\n|inactive|bored in bed has 20 seconds left.\n|inactive|bored in bed has 15 seconds left.\n|\n|t:|1700543796\n|switch|p1a: Thundurus|Thundurus, M|19\/100\n|turn|8\n|\n|t:|1700543810\n|move|p1a: Thundurus|Eerie Impulse|p2b: Strega\n|-unboost|p2b: Strega|spa|2\n|move|p2a: Nyx|Psychic|p1a: Thundurus\n|-damage|p1a: Thundurus|0 fnt\n|faint|p1a: Thundurus\n|move|p2b: Strega|Mortal Spin|p1b: Spectrier\n|-resisted|p1b: Spectrier\n|-damage|p1b: Spectrier|72\/100 psn\n|move|p1b: Spectrier|Hex|p2a: Nyx\n|-supereffective|p2a: Nyx\n|-damage|p2a: Nyx|0 fnt\n|faint|p2a: Nyx\n|-ability|p1b: Spectrier|Grim Neigh|boost\n|-boost|p1b: Spectrier|spa|1\n|\n|-weather|SunnyDay|[upkeep]\n|-heal|p1b: Spectrier|78\/100 psn|[from] item: Leftovers\n|-damage|p1b: Spectrier|65\/100 psn|[from] psn\n|upkeep\n|inactive|bored in bed has 30 seconds left.\n|\n|t:|1700543846\n|switch|p2a: Ryoji Mochizuki|Chi-Yu|100\/100\n|switch|p1a: Amoonguss|Amoonguss, F|100\/100\n|-ability|p2a: Ryoji Mochizuki|Beads of Ruin\n|turn|9\n|inactive|bored in bed has 30 seconds left.\n|inactive|bored in bed has 20 seconds left.\n|\n|t:|1700543877\n|switch|p2b: Makoto Yuki|Gallade, M|100\/100\n|move|p1b: Spectrier|Protect|p1b: Spectrier\n|-singleturn|p1b: Spectrier|Protect\n|move|p1a: Amoonguss|Spore|p2a: Ryoji Mochizuki\n|-status|p2a: Ryoji Mochizuki|slp|[from] move: Spore\n|cant|p2a: Ryoji Mochizuki|slp\n|\n|-weather|none\n|-heal|p1b: Spectrier|71\/100 psn|[from] item: Leftovers\n|-damage|p1b: Spectrier|59\/100 psn|[from] psn\n|upkeep\n|turn|10\n|inactive|bored in bed has 30 seconds left.\n|\n|t:|1700543897\n|switch|p2b: Tortissed|Torkoal, M|89\/100\n|-weather|SunnyDay|[from] ability: Drought|[of] p2b: Tortissed\n|move|p1a: Amoonguss|Rage Powder|p1a: Amoonguss\n|-singleturn|p1a: Amoonguss|move: Rage Powder\n|cant|p2a: Ryoji Mochizuki|slp\n|move|p1b: Spectrier|Draining Kiss|p2a: Ryoji Mochizuki\n|-damage|p2a: Ryoji Mochizuki|72\/100 slp\n|-heal|p1b: Spectrier|73\/100 psn|[from] drain|[of] p2a: Ryoji Mochizuki\n|\n|-weather|SunnyDay|[upkeep]\n|-heal|p1b: Spectrier|79\/100 psn|[from] item: Leftovers\n|-damage|p1b: Spectrier|67\/100 psn|[from] psn\n|upkeep\n|turn|11\n|\n|t:|1700543917\n|move|p1a: Amoonguss|Protect|p1a: Amoonguss\n|-singleturn|p1a: Amoonguss|Protect\n|move|p1b: Spectrier|Protect|p1b: Spectrier\n|-singleturn|p1b: Spectrier|Protect\n|move|p2b: Tortissed|Eruption|p1b: Spectrier|[spread] \n|-activate|p1a: Amoonguss|move: Protect\n|-activate|p1b: Spectrier|move: Protect\n|cant|p2a: Ryoji Mochizuki|slp\n|\n|-weather|SunnyDay|[upkeep]\n|-heal|p1b: Spectrier|73\/100 psn|[from] item: Leftovers\n|-damage|p1b: Spectrier|61\/100 psn|[from] psn\n|-fieldend|move: Trick Room\n|upkeep\n|turn|12\n|\n|t:|1700543938\n|switch|p1a: Salamence|Salamence, M|100\/100\n|-ability|p1a: Salamence|Intimidate|boost\n|-unboost|p2a: Ryoji Mochizuki|atk|1\n|-unboost|p2b: Tortissed|atk|1\n|move|p1b: Spectrier|Draining Kiss|p2a: Ryoji Mochizuki\n|-damage|p2a: Ryoji Mochizuki|41\/100 slp\n|-heal|p1b: Spectrier|77\/100 psn|[from] drain|[of] p2a: Ryoji Mochizuki\n|-curestatus|p2a: Ryoji Mochizuki|slp|[msg]\n|move|p2a: Ryoji Mochizuki|Dark Pulse|p1b: Spectrier\n|-supereffective|p1b: Spectrier\n|-damage|p1b: Spectrier|0 fnt\n|faint|p1b: Spectrier\n|move|p2b: Tortissed|Eruption|p1a: Salamence\n|-resisted|p1a: Salamence\n|-damage|p1a: Salamence|27\/100\n|\n|-weather|SunnyDay|[upkeep]\n|upkeep\n|\n|t:|1700543952\n|switch|p1b: Amoonguss|Amoonguss, F|100\/100\n|turn|13\n|\n|t:|1700543964\n|move|p1a: Salamence|Draco Meteor|p2a: Ryoji Mochizuki\n|-damage|p2a: Ryoji Mochizuki|0 fnt\n|-unboost|p1a: Salamence|spa|2\n|faint|p2a: Ryoji Mochizuki\n|move|p1b: Amoonguss|Spore|p2b: Tortissed\n|-status|p2b: Tortissed|slp|[from] move: Spore\n|cant|p2b: Tortissed|slp\n|\n|-weather|SunnyDay|[upkeep]\n|upkeep\n|\n|t:|1700543970\n|switch|p2a: Strega|Glimmora, M|100\/100\n|-item|p2a: Strega|Air Balloon\n|turn|14\n|\n|t:|1700543989\n|switch|p1a: Landorus|Landorus-Therian, M|100\/100\n|-ability|p1a: Landorus|Intimidate|boost\n|-unboost|p2a: Strega|atk|1\n|-unboost|p2b: Tortissed|atk|1\n|switch|p2b: Makoto Yuki|Gallade, M|100\/100\n|move|p1b: Amoonguss|Rage Powder|p1b: Amoonguss\n|-singleturn|p1b: Amoonguss|move: Rage Powder\n|move|p2a: Strega|Power Gem|p1b: Amoonguss\n|-damage|p1b: Amoonguss|71\/100\n|\n|-weather|SunnyDay|[upkeep]\n|upkeep\n|turn|15\n|inactive|bored in bed has 90 seconds left.\n|inactive|bored in bed has 60 seconds left.\n|\n|t:|1700544037\n|move|p2a: Strega|Earth Power|p1b: Amoonguss\n|-damage|p1b: Amoonguss|48\/100\n|-enditem|p1b: Amoonguss|Sitrus Berry|[eat]\n|-heal|p1b: Amoonguss|73\/100|[from] item: Sitrus Berry\n|move|p1a: Landorus|U-turn|p2b: Makoto Yuki\n|-damage|p2b: Makoto Yuki|66\/100\n|\n|t:|1700544042\n|switch|p1a: Salamence|Salamence, M|27\/100|[from] U-turn\n|-ability|p1a: Salamence|Intimidate|boost\n|-unboost|p2a: Strega|atk|1\n|-unboost|p2b: Makoto Yuki|atk|1\n|move|p1b: Amoonguss|Spore|p2a: Strega\n|-status|p2a: Strega|slp|[from] move: Spore\n|move|p2b: Makoto Yuki|Trick Room|p2b: Makoto Yuki\n|-fieldstart|move: Trick Room|[of] p2b: Makoto Yuki\n|\n|-weather|SunnyDay|[upkeep]\n|upkeep\n|turn|16\n|inactive|bored in bed has 60 seconds left.\n|\n|t:|1700544064\n|switch|p1a: Landorus|Landorus-Therian, M|100\/100\n|-ability|p1a: Landorus|Intimidate|boost\n|-unboost|p2a: Strega|atk|1\n|-unboost|p2b: Makoto Yuki|atk|1\n|move|p1b: Amoonguss|Venoshock|p2b: Makoto Yuki\n|-damage|p2b: Makoto Yuki|49\/100\n|move|p2b: Makoto Yuki|Solar Blade||[still]\n|-prepare|p2b: Makoto Yuki|Solar Blade\n|-anim|p2b: Makoto Yuki|Solar Blade|p1a: Landorus\n|-damage|p1a: Landorus|64\/100\n|cant|p2a: Strega|slp\n|\n|-weather|SunnyDay|[upkeep]\n|upkeep\n|turn|17\n|\n|t:|1700544082\n|switch|p2b: Tortissed|Torkoal, M|89\/100 slp\n|move|p1b: Amoonguss|Rage Powder|p1b: Amoonguss\n|-singleturn|p1b: Amoonguss|move: Rage Powder\n|move|p1a: Landorus|Rock Slide|p2a: Strega|[spread] p2a,p2b\n|-supereffective|p2b: Tortissed\n|-damage|p2a: Strega|78\/100 slp\n|-damage|p2b: Tortissed|61\/100 slp\n|-activate|p2a: Strega|ability: Toxic Debris\n|-sidestart|p1: bored in bed|move: Toxic Spikes\n|-enditem|p2a: Strega|Air Balloon\n|cant|p2a: Strega|slp\n|\n|-weather|none\n|upkeep\n|turn|18\n|inactive|bored in bed has 90 seconds left.\n|\n|t:|1700544101\n|cant|p2b: Tortissed|slp\n|move|p1b: Amoonguss|Venoshock|p2b: Tortissed\n|-damage|p2b: Tortissed|34\/100 slp\n|move|p1a: Landorus|Stomping Tantrum|p2b: Tortissed\n|-supereffective|p2b: Tortissed\n|-damage|p2b: Tortissed|0 fnt\n|faint|p2b: Tortissed\n|cant|p2a: Strega|slp\n|\n|upkeep\n|\n|t:|1700544111\n|switch|p2b: Mortissed|Cinderace, M|100\/100\n|turn|19\n|\n|t:|1700544125\n|switch|p1b: Salamence|Salamence, M|27\/100\n|-ability|p1b: Salamence|Intimidate|boost\n|-unboost|p2a: Strega|atk|1\n|-unboost|p2b: Mortissed|atk|1\n|switch|p2b: Makoto Yuki|Gallade, M|49\/100\n|move|p1a: Landorus|Stomping Tantrum|p2b: Makoto Yuki\n|-damage|p2b: Makoto Yuki|0 fnt\n|faint|p2b: Makoto Yuki\n|-curestatus|p2a: Strega|slp|[msg]\n|move|p2a: Strega|Mortal Spin|p1a: Landorus|[spread] p1a,p1b\n|-resisted|p1a: Landorus\n|-damage|p1a: Landorus|63\/100\n|-damage|p1b: Salamence|25\/100\n|-status|p1a: Landorus|psn\n|-status|p1b: Salamence|psn\n|\n|-damage|p1a: Landorus|51\/100 psn|[from] psn\n|-damage|p1b: Salamence|13\/100 psn|[from] psn\n|-fieldend|move: Trick Room\n|upkeep\n|\n|t:|1700544130\n|switch|p2b: Mortissed|Cinderace, M|100\/100\n|turn|20\n|inactive|bored in bed has 120 seconds left.\n|\n|t:|1700544159\n|-terastallize|p2b: Mortissed|Steel\n|move|p1b: Salamence|Draco Meteor|p2b: Mortissed\n|-resisted|p2b: Mortissed\n|-damage|p2b: Mortissed|61\/100\n|-unboost|p1b: Salamence|spa|2\n|move|p2b: Mortissed|Trailblaze|p1a: Landorus\n|-damage|p1a: Landorus|33\/100 psn\n|-boost|p2b: Mortissed|spe|1\n|move|p2a: Strega|Power Gem|p1a: Landorus\n|-damage|p1a: Landorus|10\/100 psn\n|move|p1a: Landorus|Stomping Tantrum|p2a: Strega\n|-supereffective|p2a: Strega\n|-damage|p2a: Strega|0 fnt\n|-activate|p2a: Strega|ability: Toxic Debris\n|-sidestart|p1: bored in bed|move: Toxic Spikes\n|faint|p2a: Strega\n|\n|-damage|p1b: Salamence|0 fnt|[from] psn\n|faint|p1b: Salamence\n|-damage|p1a: Landorus|0 fnt|[from] psn\n|faint|p1a: Landorus\n|upkeep\n|-message|bored in bed forfeited.\n|\n|win|Kuzwa\n|raw|bored in bed's rating: 1223 &rarr; <strong>1204<\/strong><br \/>(-19 for losing)\n|raw|Kuzwa's rating: 1310 &rarr; <strong>1325<\/strong><br \/>(+15 for winning)\n|l|\u2606bored in bed\n","uploadtime":1700544177,"views":4,"p1id":"boredinbed","p2id":"kuzwa","formatid":"gen9doublesou","rating":1204,"private":0,"password":""}