{"id":"gen9doublesou-1975174100","p1":"ChimeBliss","p2":"ShowerCurt","format":"[Gen 9] Doubles OU","log":"|j|\u2606ChimeBliss\n|j|\u2606ShowerCurt\n|t:|1698167640\n|gametype|doubles\n|player|p1|ChimeBliss|dawn-gen4pt|1500\n|player|p2|ShowerCurt|janitor|1319\n|teamsize|p1|6\n|teamsize|p2|6\n|gen|9\n|tier|[Gen 9] Doubles OU\n|rated|\n|rule|Species Clause: Limit one of each Pok\u00e9mon\n|rule|OHKO Clause: OHKO moves are banned\n|rule|Evasion Moves Clause: Evasion moves are banned\n|rule|Gravity Sleep Clause: The combination of sleep-inducing moves with imperfect accuracy and Gravity or Gigantamax Orbeetle are banned\n|rule|Endless Battle Clause: Forcing endless battles is banned\n|rule|HP Percentage Mod: HP is shown in percentages\n|clearpoke\n|poke|p1|Chien-Pao|\n|poke|p1|Tornadus, M|\n|poke|p1|Dragonite, M|\n|poke|p1|Chi-Yu|\n|poke|p1|Flutter Mane|\n|poke|p1|Landorus, M|\n|poke|p2|Ursaluna, M|\n|poke|p2|Mimikyu, M|\n|poke|p2|Chandelure, F|\n|poke|p2|Slowking-Galar, F|\n|poke|p2|Gastrodon-East, F|\n|poke|p2|Slither Wing|\n|teampreview\n|inactive|Battle timer is ON: inactive players will automatically lose when time's up. (requested by ShowerCurt)\n|inactive|ChimeBliss also wants the timer to be on.\n|inactive|ShowerCurt has 120 seconds left.\n|\n|t:|1698167679\n|start\n|switch|p1a: Tornadus|Tornadus, M|100\/100\n|switch|p1b: Landorus|Landorus, M|100\/100\n|switch|p2a: Mimikyu|Mimikyu, M, shiny|100\/100\n|switch|p2b: Slither Wing|Slither Wing|100\/100\n|turn|1\n|\n|t:|1698167695\n|move|p2b: Slither Wing|First Impression|p1a: Tornadus\n|-resisted|p1a: Tornadus\n|-damage|p1a: Tornadus|47\/100\n|-damage|p2b: Slither Wing|90\/100|[from] item: Life Orb\n|move|p1a: Tornadus|Bleakwind Storm|p2b: Slither Wing|[spread] p2b\n|-miss|p1a: Tornadus|p2a: Mimikyu\n|-supereffective|p2b: Slither Wing\n|-damage|p2b: Slither Wing|0 fnt\n|faint|p2b: Slither Wing\n|-end|p2b: Slither Wing|Protosynthesis|[silent]\n|move|p1b: Landorus|Earth Power|p2a: Mimikyu\n|-activate|p2a: Mimikyu|ability: Disguise\n|-damage|p2a: Mimikyu|100\/100\n|detailschange|p2a: Mimikyu|Mimikyu-Busted, M, shiny\n|-damage|p2a: Mimikyu|88\/100|[from] pokemon: Mimikyu-Busted\n|move|p2a: Mimikyu|Trick Room|p2a: Mimikyu\n|-fieldstart|move: Trick Room|[of] p2a: Mimikyu\n|-enditem|p2a: Mimikyu|Room Service\n|-unboost|p2a: Mimikyu|spe|1|[from] item: Room Service\n|\n|upkeep\n|\n|t:|1698167705\n|switch|p2b: Ursaluna|Ursaluna, M, shiny|100\/100\n|turn|2\n|\n|t:|1698167715\n|switch|p2a: Gastrodon|Gastrodon-East, F|100\/100\n|move|p1a: Tornadus|Protect|p1a: Tornadus\n|-singleturn|p1a: Tornadus|Protect\n|move|p1b: Landorus|Protect|p1b: Landorus\n|-singleturn|p1b: Landorus|Protect\n|move|p2b: Ursaluna|Rock Slide|p1b: Landorus|[spread] \n|-activate|p1a: Tornadus|move: Protect\n|-activate|p1b: Landorus|move: Protect\n|\n|-status|p2b: Ursaluna|brn|[from] item: Flame Orb\n|upkeep\n|turn|3\n|\n|t:|1698167725\n|move|p1a: Tornadus|Protect||[still]\n|-fail|p1a: Tornadus\n|move|p1b: Landorus|Protect||[still]\n|-fail|p1b: Landorus\n|move|p2a: Gastrodon|Ice Beam|p1b: Landorus\n|-supereffective|p1b: Landorus\n|-damage|p1b: Landorus|9\/100\n|move|p2b: Ursaluna|Rock Slide|p1a: Tornadus|[spread] p1a,p1b\n|-supereffective|p1a: Tornadus\n|-damage|p1a: Tornadus|0 fnt\n|-damage|p1b: Landorus|0 fnt\n|faint|p1a: Tornadus\n|faint|p1b: Landorus\n|\n|-damage|p2b: Ursaluna|94\/100 brn|[from] brn\n|upkeep\n|\n|t:|1698167741\n|switch|p1b: Dragonite|Dragonite, M, shiny|100\/100\n|switch|p1a: Chien-Pao|Chien-Pao|100\/100\n|-ability|p1a: Chien-Pao|Sword of Ruin\n|turn|4\n|\n|t:|1698167759\n|-terastallize|p1b: Dragonite|Normal\n|move|p1a: Chien-Pao|Protect|p1a: Chien-Pao\n|-singleturn|p1a: Chien-Pao|Protect\n|move|p1b: Dragonite|Extreme Speed|p2b: Ursaluna\n|-damage|p2b: Ursaluna|29\/100 brn\n|move|p2a: Gastrodon|Ice Beam|p1b: Dragonite\n|-damage|p1b: Dragonite|83\/100\n|move|p2b: Ursaluna|Hammer Arm|p1a: Chien-Pao\n|-activate|p1a: Chien-Pao|move: Protect\n|\n|-damage|p2b: Ursaluna|23\/100 brn|[from] brn\n|upkeep\n|turn|5\n|\n|t:|1698167784\n|switch|p2b: Mimikyu|Mimikyu-Busted, M, shiny|88\/100\n|move|p1b: Dragonite|Extreme Speed|p2a: Gastrodon\n|-damage|p2a: Gastrodon|13\/100\n|move|p1a: Chien-Pao|Sucker Punch||[still]\n|-fail|p1a: Chien-Pao\n|move|p2a: Gastrodon|Chilling Water|p1b: Dragonite\n|-damage|p1b: Dragonite|67\/100\n|-unboost|p1b: Dragonite|atk|1\n|\n|-fieldend|move: Trick Room\n|upkeep\n|turn|6\n|\n|t:|1698167798\n|move|p1b: Dragonite|Extreme Speed|p2a: Gastrodon\n|-damage|p2a: Gastrodon|0 fnt\n|faint|p2a: Gastrodon\n|move|p1a: Chien-Pao|Ice Spinner|p2b: Mimikyu\n|-damage|p2b: Mimikyu|15\/100\n|move|p2b: Mimikyu|Trick Room|p2b: Mimikyu\n|-fieldstart|move: Trick Room|[of] p2b: Mimikyu\n|\n|upkeep\n|\n|t:|1698167805\n|switch|p2a: Chandelure|Chandelure, F, shiny|100\/100\n|turn|7\n|\n|t:|1698167819\n|switch|p1b: Chi-Yu|Chi-Yu|100\/100\n|-ability|p1b: Chi-Yu|Beads of Ruin\n|-terastallize|p2a: Chandelure|Grass\n|move|p1a: Chien-Pao|Sucker Punch|p2a: Chandelure\n|-damage|p2a: Chandelure|46\/100\n|move|p2a: Chandelure|Heat Wave|p1b: Chi-Yu|[spread] p1a,p1b\n|-supereffective|p1a: Chien-Pao\n|-resisted|p1b: Chi-Yu\n|-enditem|p1a: Chien-Pao|Focus Sash\n|-damage|p1a: Chien-Pao|1\/100\n|-damage|p1b: Chi-Yu|61\/100\n|move|p2b: Mimikyu|Drain Punch|p1a: Chien-Pao\n|-supereffective|p1a: Chien-Pao\n|-damage|p1a: Chien-Pao|0 fnt\n|-heal|p2b: Mimikyu|16\/100|[from] drain|[of] p1a: Chien-Pao\n|faint|p1a: Chien-Pao\n|\n|upkeep\n|\n|t:|1698167827\n|switch|p1a: Dragonite|Dragonite, M, shiny, tera:Normal|67\/100\n|turn|8\n|\n|t:|1698167846\n|move|p1a: Dragonite|Extreme Speed|p2a: Chandelure\n|-damage|p2a: Chandelure|0 fnt\n|faint|p2a: Chandelure\n|move|p2b: Mimikyu|Drain Punch|p1a: Dragonite\n|-supereffective|p1a: Dragonite\n|-damage|p1a: Dragonite|19\/100\n|-heal|p2b: Mimikyu|44\/100|[from] drain|[of] p1a: Dragonite\n|move|p1b: Chi-Yu|Dark Pulse|p2b: Mimikyu\n|-damage|p2b: Mimikyu|0 fnt\n|faint|p2b: Mimikyu\n|\n|upkeep\n|\n|t:|1698167851\n|switch|p2a: Slowking|Slowking-Galar, F|100\/100\n|switch|p2b: Ursaluna|Ursaluna, M, shiny|23\/100 brn\n|turn|9\n|\n|t:|1698167868\n|move|p1a: Dragonite|Extreme Speed|p2b: Ursaluna\n|-damage|p2b: Ursaluna|0 fnt\n|faint|p2b: Ursaluna\n|move|p2a: Slowking|Eerie Spell|p1a: Dragonite\n|-damage|p1a: Dragonite|0 fnt\n|faint|p1a: Dragonite\n|move|p1b: Chi-Yu|Dark Pulse|p2a: Slowking\n|-supereffective|p2a: Slowking\n|-damage|p2a: Slowking|23\/100\n|\n|-heal|p2a: Slowking|29\/100|[from] item: Black Sludge\n|upkeep\n|\n|t:|1698167871\n|switch|p1a: Flutter Mane|Flutter Mane|100\/100\n|turn|10\n|\n|t:|1698167880\n|move|p2a: Slowking|Surf|p1b: Chi-Yu|[spread] p1a,p1b\n|-supereffective|p1b: Chi-Yu\n|-damage|p1a: Flutter Mane|79\/100\n|-damage|p1b: Chi-Yu|22\/100\n|move|p1a: Flutter Mane|Shadow Ball|p2a: Slowking\n|-supereffective|p2a: Slowking\n|-damage|p2a: Slowking|0 fnt\n|faint|p2a: Slowking\n|\n|win|ChimeBliss\n|raw|ChimeBliss's rating: 1500 &rarr; <strong>1510<\/strong><br \/>(+10 for winning)\n|raw|ShowerCurt's rating: 1319 &rarr; <strong>1309<\/strong><br \/>(-10 for losing)\n","uploadtime":1698167883,"views":7,"p1id":"chimebliss","p2id":"showercurt","formatid":"gen9doublesou","rating":1309,"private":0,"password":""}