{"id":"gen9doublesou-1989512610","p1":"Songfossil","p2":"Sat1968","format":"[Gen 9] Doubles OU","log":"|j|\u2606Songfossil\n|j|\u2606Sat1968\n|t:|1699863461\n|gametype|doubles\n|player|p1|Songfossil|101|1159\n|player|p2|Sat1968|1|1251\n|teamsize|p1|6\n|teamsize|p2|6\n|gen|9\n|tier|[Gen 9] Doubles OU\n|rated|\n|rule|Species Clause: Limit one of each Pok\u00e9mon\n|rule|OHKO Clause: OHKO moves are banned\n|rule|Evasion Moves Clause: Evasion moves are banned\n|rule|Gravity Sleep Clause: The combination of sleep-inducing moves with imperfect accuracy and Gravity or Gigantamax Orbeetle are banned\n|rule|Endless Battle Clause: Forcing endless battles is banned\n|rule|HP Percentage Mod: HP is shown in percentages\n|clearpoke\n|poke|p1|Wo-Chien|\n|poke|p1|Landorus, M|\n|poke|p1|Talonflame, M|\n|poke|p1|Chi-Yu|\n|poke|p1|Kleavor, M|\n|poke|p1|Palafin, F|\n|poke|p2|Landorus-Therian, M|\n|poke|p2|Cinderace, F|\n|poke|p2|Gliscor, F|\n|poke|p2|Ceruledge, M|\n|poke|p2|Manaphy|\n|poke|p2|Zapdos|\n|teampreview\n|\n|t:|1699863475\n|start\n|switch|p1a: Landorus|Landorus, M|100\/100\n|switch|p1b: Talonflame|Talonflame, M|100\/100\n|switch|p2a: dogo|Landorus-Therian, M|100\/100\n|switch|p2b: bird|Zapdos|100\/100\n|-ability|p2b: bird|Pressure\n|-ability|p2a: dogo|Intimidate|boost\n|-unboost|p1a: Landorus|atk|1\n|-unboost|p1b: Talonflame|atk|1\n|turn|1\n|\n|t:|1699863494\n|switch|p2b: Pih|Manaphy|100\/100\n|move|p1a: Landorus|Psychic|p2a: dogo\n|-crit|p2a: dogo\n|-damage|p2a: dogo|29\/100\n|move|p1b: Talonflame|Tailwind|p1b: Talonflame\n|-sidestart|p1: Songfossil|move: Tailwind\n|move|p2a: dogo|Rock Slide|p1a: Landorus|[spread] p1a,p1b\n|-supereffective|p1b: Talonflame\n|-damage|p1a: Landorus|63\/100\n|-enditem|p1b: Talonflame|Focus Sash\n|-damage|p1b: Talonflame|1\/100\n|-damage|p2a: dogo|19\/100|[from] item: Life Orb\n|\n|upkeep\n|turn|2\n|\n|t:|1699863518\n|move|p1a: Landorus|Psychic|p2a: dogo\n|-crit|p2a: dogo\n|-damage|p2a: dogo|0 fnt\n|faint|p2a: dogo\n|move|p1b: Talonflame|Brave Bird|p2b: Pih\n|-crit|p2b: Pih\n|-damage|p2b: Pih|29\/100\n|-damage|p1b: Talonflame|0 fnt|[from] Recoil\n|faint|p1b: Talonflame\n|move|p2b: Pih|Ice Beam|p1a: Landorus\n|-supereffective|p1a: Landorus\n|-damage|p1a: Landorus|0 fnt\n|faint|p1a: Landorus\n|\n|-heal|p2b: Pih|36\/100|[from] item: Leftovers\n|upkeep\n|\n|t:|1699863536\n|switch|p1b: Kleavor|Kleavor, M, shiny|100\/100\n|switch|p1a: Palafin|Palafin, F, shiny|100\/100\n|switch|p2a: racist|Cinderace, F|100\/100\n|turn|3\n|inactive|Battle timer is ON: inactive players will automatically lose when time's up. (requested by Songfossil)\n|\n|t:|1699863558\n|switch|p2b: score|Gliscor, F|100\/100\n|move|p1a: Palafin|Flip Turn|p2a: racist\n|-supereffective|p2a: racist\n|-damage|p2a: racist|28\/100\n|-damage|p1a: Palafin|91\/100|[from] item: Life Orb\n|\n|t:|1699863576\n|detailschange|p1a: Palafin|Palafin-Hero, F, shiny\n|switch|p1a: Wo-Chien|Wo-Chien|100\/100|[from] Flip Turn\n|-ability|p1a: Wo-Chien|Tablets of Ruin\n|move|p1b: Kleavor|Rock Slide|p2b: score|[spread] p2b\n|-miss|p1b: Kleavor|p2a: racist\n|-damage|p2b: score|60\/100\n|move|p2a: racist|U-turn|p1a: Wo-Chien\n|-start|p2a: racist|typechange|Bug|[from] ability: Libero\n|-supereffective|p1a: Wo-Chien\n|-damage|p1a: Wo-Chien|0 fnt\n|faint|p1a: Wo-Chien\n|\n|t:|1699863590\n|switch|p2a: Pih|Manaphy|36\/100|[from] U-turn\n|\n|-heal|p2a: Pih|42\/100|[from] item: Leftovers\n|-status|p2b: score|tox|[from] item: Toxic Orb\n|upkeep\n|\n|t:|1699863594\n|switch|p1a: Palafin|Palafin-Hero, F, shiny|91\/100\n|-activate|p1a: Palafin|ability: Zero to Hero\n|turn|4\n|\n|t:|1699863610\n|move|p1a: Palafin|Ice Punch|p2b: score\n|-supereffective|p2b: score\n|-damage|p2b: score|0 fnt\n|faint|p2b: score\n|-damage|p1a: Palafin|81\/100|[from] item: Life Orb\n|move|p1b: Kleavor|Rock Slide|p2a: Pih\n|-crit|p2a: Pih\n|-damage|p2a: Pih|0 fnt\n|faint|p2a: Pih\n|\n|-sideend|p1: Songfossil|move: Tailwind\n|upkeep\n|\n|t:|1699863623\n|switch|p2a: bird|Zapdos|100\/100\n|switch|p2b: drain gang|Ceruledge, M|100\/100\n|-ability|p2a: bird|Pressure\n|turn|5\n|\n|t:|1699863646\n|-terastallize|p1a: Palafin|Water\n|-terastallize|p2a: bird|Fire\n|move|p1a: Palafin|Jet Punch|p2b: drain gang\n|-supereffective|p2b: drain gang\n|-damage|p2b: drain gang|0 fnt\n|faint|p2b: drain gang\n|-damage|p1a: Palafin|71\/100|[from] item: Life Orb\n|move|p2a: bird|Thunderbolt|p1a: Palafin\n|-supereffective|p1a: Palafin\n|-damage|p1a: Palafin|0 fnt\n|faint|p1a: Palafin\n|move|p1b: Kleavor|Rock Slide|p2a: bird\n|-supereffective|p2a: bird\n|-damage|p2a: bird|0 fnt\n|faint|p2a: bird\n|\n|upkeep\n|\n|t:|1699863662\n|switch|p1a: Chi-Yu|Chi-Yu|100\/100\n|switch|p2b: racist|Cinderace, F|28\/100\n|-ability|p1a: Chi-Yu|Beads of Ruin\n|turn|6\n|\n|t:|1699863675\n|move|p2b: racist|U-turn|p1a: Chi-Yu\n|-start|p2b: racist|typechange|Bug|[from] ability: Libero\n|-damage|p1a: Chi-Yu|18\/100\n|move|p1a: Chi-Yu|Overheat|p2b: racist\n|-supereffective|p2b: racist\n|-damage|p2b: racist|0 fnt\n|-unboost|p1a: Chi-Yu|spa|2\n|faint|p2b: racist\n|\n|win|Songfossil\n|raw|Songfossil's rating: 1159 &rarr; <strong>1190<\/strong><br \/>(+31 for winning)\n|raw|Sat1968's rating: 1251 &rarr; <strong>1220<\/strong><br \/>(-31 for losing)\n","uploadtime":1699863682,"views":9,"p1id":"songfossil","p2id":"sat1968","formatid":"gen9doublesou","rating":1190,"private":0,"password":""}