{"id":"gen9doublesou-1968088846","p1":"ASCH8","p2":"KyleCole","format":"[Gen 9] Doubles OU","log":"|html|<div class=\"broadcast-blue\"><strong>[Gen 9] Doubles OU is currently suspecting Basculegion & Flutter Mane! For information on how to participate check out the <a href=\"https:\/\/www.smogon.com\/forums\/threads\/np-sv-dou-stage-8-double-trouble.3729153\/\">suspect thread<\/a>.<\/strong><\/div>\n|j|\u2606ASCH8\n|j|\u2606KyleCole\n|t:|1697383146\n|gametype|doubles\n|player|p1|ASCH8|dawn-gen4pt|1548\n|player|p2|KyleCole|red-gen1rb|1905\n|teamsize|p1|6\n|teamsize|p2|6\n|gen|9\n|tier|[Gen 9] Doubles OU\n|rated|\n|rule|Species Clause: Limit one of each Pok\u00e9mon\n|rule|OHKO Clause: OHKO moves are banned\n|rule|Evasion Moves Clause: Evasion moves are banned\n|rule|Gravity Sleep Clause: The combination of sleep-inducing moves with imperfect accuracy and Gravity or Gigantamax Orbeetle are banned\n|rule|Endless Battle Clause: Forcing endless battles is banned\n|rule|HP Percentage Mod: HP is shown in percentages\n|clearpoke\n|poke|p1|Hatterene, F|\n|poke|p1|Oranguru, M|\n|poke|p1|Ursaluna-Bloodmoon, M|\n|poke|p1|Torkoal, F|\n|poke|p1|Iron Hands|\n|poke|p1|Grimmsnarl, M|\n|poke|p2|Diancie, L99|\n|poke|p2|Flutter Mane|\n|poke|p2|Iron Hands|\n|poke|p2|Jigglypuff, L99, F|\n|poke|p2|Landorus-Therian, M|\n|poke|p2|Moltres-Galar|\n|teampreview\n|c|\u2606KyleCole|hf\n|inactive|Battle timer is ON: inactive players will automatically lose when time's up. (requested by ASCH8)\n|\n|t:|1697383173\n|start\n|switch|p1a: Hatterene|Hatterene, F, shiny|100\/100\n|switch|p1b: Grimmsnarl|Grimmsnarl, M, shiny|100\/100\n|switch|p2a: Landorus|Landorus-Therian, M, shiny|100\/100\n|switch|p2b: Flutter Mane|Flutter Mane, shiny|100\/100\n|-ability|p2a: Landorus|Intimidate|boost\n|-unboost|p1a: Hatterene|atk|1\n|-unboost|p1b: Grimmsnarl|atk|1\n|turn|1\n|\n|t:|1697383184\n|move|p1b: Grimmsnarl|Fake Out|p2a: Landorus\n|-crit|p2a: Landorus\n|-damage|p2a: Landorus|85\/100\n|move|p2b: Flutter Mane|Shadow Ball|p1a: Hatterene\n|-supereffective|p1a: Hatterene\n|-crit|p1a: Hatterene\n|-enditem|p1a: Hatterene|Focus Sash\n|-damage|p1a: Hatterene|1\/100\n|cant|p2a: Landorus|flinch\n|move|p1a: Hatterene|Trick Room|p1a: Hatterene\n|-fieldstart|move: Trick Room|[of] p1a: Hatterene\n|\n|upkeep\n|turn|2\n|\n|t:|1697383197\n|-end|p2b: Flutter Mane|Protosynthesis|[silent]\n|switch|p2b: Jigglypuff|Jigglypuff, L99, F, shiny|100\/100\n|move|p1b: Grimmsnarl|Misty Terrain|p1b: Grimmsnarl\n|-fieldstart|move: Misty Terrain\n|move|p1a: Hatterene|Misty Explosion|p2a: Landorus|[spread] p1b,p2a,p2b\n|-supereffective|p1b: Grimmsnarl\n|-damage|p1b: Grimmsnarl|0 fnt\n|-damage|p2a: Landorus|42\/100\n|-damage|p2b: Jigglypuff|34\/100\n|faint|p1a: Hatterene\n|faint|p1b: Grimmsnarl\n|move|p2a: Landorus|U-turn|p1: Hatterene|[notarget]\n|-fail|p2a: Landorus\n|\n|upkeep\n|\n|t:|1697383208\n|switch|p1a: Torkoal|Torkoal, F, shiny|100\/100\n|switch|p1b: Oranguru|Oranguru, M, shiny|100\/100\n|-weather|SunnyDay|[from] ability: Drought|[of] p1a: Torkoal\n|turn|3\n|\n|t:|1697383230\n|-terastallize|p1a: Torkoal|Fire\n|-terastallize|p2a: Landorus|Water\n|move|p2b: Jigglypuff|Heal Pulse|p2a: Landorus\n|-heal|p2a: Landorus|92\/100\n|move|p1a: Torkoal|Eruption|p2a: Landorus|[spread] p2a,p2b\n|-resisted|p2a: Landorus\n|-damage|p2a: Landorus|54\/100\n|-damage|p2b: Jigglypuff|0 fnt\n|faint|p2b: Jigglypuff\n|move|p1b: Oranguru|Substitute|p1b: Oranguru\n|-start|p1b: Oranguru|Substitute\n|-damage|p1b: Oranguru|75\/100\n|move|p2a: Landorus|Stomping Tantrum|p1a: Torkoal\n|-supereffective|p1a: Torkoal\n|-damage|p1a: Torkoal|0 fnt\n|faint|p1a: Torkoal\n|\n|-weather|SunnyDay|[upkeep]\n|upkeep\n|\n|t:|1697383252\n|switch|p2b: Iron Hands|Iron Hands, shiny|100\/100\n|switch|p1a: Ursaluna|Ursaluna-Bloodmoon, M|100\/100\n|turn|4\n|\n|t:|1697383280\n|move|p2b: Iron Hands|Fake Out|p1a: Ursaluna\n|-damage|p1a: Ursaluna|90\/100\n|cant|p1a: Ursaluna|flinch\n|move|p1b: Oranguru|Instruct||[still]\n|-fail|p1b: Oranguru\n|move|p2a: Landorus|U-turn|p1b: Oranguru\n|-supereffective|p1b: Oranguru\n|-end|p1b: Oranguru|Substitute\n|\n|t:|1697383288\n|switch|p2a: Diancie|Diancie, L99, shiny|100\/100|[from] U-turn\n|\n|-weather|SunnyDay|[upkeep]\n|upkeep\n|turn|5\n|\n|t:|1697383297\n|move|p2a: Diancie|Moonblast|p1a: Ursaluna\n|-damage|p1a: Ursaluna|57\/100\n|-unboost|p1a: Ursaluna|spa|1\n|move|p2b: Iron Hands|Drain Punch|p1a: Ursaluna\n|-supereffective|p1a: Ursaluna\n|-damage|p1a: Ursaluna|2\/100\n|move|p1a: Ursaluna|Earth Power|p2b: Iron Hands\n|-supereffective|p2b: Iron Hands\n|-damage|p2b: Iron Hands|33\/100\n|-unboost|p2b: Iron Hands|spd|1\n|-enditem|p2b: Iron Hands|Sitrus Berry|[eat]\n|-heal|p2b: Iron Hands|58\/100|[from] item: Sitrus Berry\n|-damage|p1a: Ursaluna|0 fnt|[from] item: Life Orb\n|faint|p1a: Ursaluna\n|move|p1b: Oranguru|Instruct|p1: Ursaluna|[notarget]\n|-fail|p1b: Oranguru\n|\n|-weather|SunnyDay|[upkeep]\n|-fieldend|move: Trick Room\n|upkeep\n|\n|t:|1697383316\n|switch|p1a: Iron Hands|Iron Hands, shiny|100\/100\n|-enditem|p1a: Iron Hands|Booster Energy\n|-activate|p1a: Iron Hands|ability: Quark Drive|[fromitem]\n|-start|p1a: Iron Hands|quarkdriveatk\n|turn|6\n|\n|t:|1697383328\n|-end|p2b: Iron Hands|Quark Drive|[silent]\n|switch|p2b: Landorus|Landorus-Therian, M, shiny, tera:Water|54\/100\n|-ability|p2b: Landorus|Intimidate|boost\n|-unboost|p1a: Iron Hands|atk|1\n|-fail|p1b: Oranguru|unboost|Attack|[from] ability: Inner Focus|[of] p1b: Oranguru\n|move|p1b: Oranguru|Instruct||[still]\n|-fail|p1b: Oranguru\n|move|p1a: Iron Hands|Swords Dance|p1a: Iron Hands\n|-boost|p1a: Iron Hands|atk|2\n|move|p2a: Diancie|Moonblast|p1a: Iron Hands\n|-supereffective|p1a: Iron Hands\n|-damage|p1a: Iron Hands|44\/100\n|\n|-weather|SunnyDay|[upkeep]\n|upkeep\n|turn|7\n|\n|t:|1697383345\n|move|p2b: Landorus|Stomping Tantrum|p1a: Iron Hands\n|-supereffective|p1a: Iron Hands\n|-damage|p1a: Iron Hands|0 fnt\n|faint|p1a: Iron Hands\n|-end|p1a: Iron Hands|Quark Drive|[silent]\n|move|p2a: Diancie|Diamond Storm|p1b: Oranguru\n|-damage|p1b: Oranguru|46\/100\n|-boost|p2a: Diancie|def|2\n|move|p1b: Oranguru|Trick Room|p1b: Oranguru\n|-fieldstart|move: Trick Room|[of] p1b: Oranguru\n|\n|-weather|none\n|upkeep\n|turn|8\n|-message|ASCH8 forfeited.\n|\n|win|KyleCole\n|raw|ASCH8's rating: 1548 &rarr; <strong>1543<\/strong><br \/>(-5 for losing)\n|raw|KyleCole's rating: 1905 &rarr; <strong>1910<\/strong><br \/>(+5 for winning)\n|l|\u2606ASCH8\n","uploadtime":1697383355,"views":42,"p1id":"asch8","p2id":"kylecole","formatid":"gen9doublesou","rating":1543,"private":0,"password":""}