{"id":"gen9doublesou-1986907669","p1":"Lifix Voidwalker","p2":"JAMMIE 105","format":"[Gen 9] Doubles OU","log":"|j|\u2606Lifix Voidwalker\n|j|\u2606JAMMIE 105\n|t:|1699539926\n|gametype|doubles\n|player|p1|Lifix Voidwalker|170|1076\n|player|p2|JAMMIE 105|102|1000\n|teamsize|p1|6\n|teamsize|p2|6\n|gen|9\n|tier|[Gen 9] Doubles OU\n|rated|\n|rule|Species Clause: Limit one of each Pok\u00e9mon\n|rule|OHKO Clause: OHKO moves are banned\n|rule|Evasion Moves Clause: Evasion moves are banned\n|rule|Gravity Sleep Clause: The combination of sleep-inducing moves with imperfect accuracy and Gravity or Gigantamax Orbeetle are banned\n|rule|Endless Battle Clause: Forcing endless battles is banned\n|rule|HP Percentage Mod: HP is shown in percentages\n|clearpoke\n|poke|p1|Overqwil, F|\n|poke|p1|Hydreigon, M|\n|poke|p1|Noivern, F|\n|poke|p1|Okidogi, M|\n|poke|p1|Iron Hands|\n|poke|p1|Kleavor, M|\n|poke|p2|Lurantis, M|\n|poke|p2|Wyrdeer, M|\n|poke|p2|Cresselia, F|\n|poke|p2|Maushold|\n|poke|p2|Empoleon, M|\n|poke|p2|Bruxish, F|\n|teampreview\n|c|\u2606Lifix Voidwalker|Glhf!\n|\n|t:|1699539959\n|start\n|switch|p1a: Piglin Brute|Kleavor, M|100\/100\n|switch|p1b: Iron Golem|Iron Hands, shiny|100\/100\n|switch|p2a: Maushold|Maushold|100\/100\n|switch|p2b: Bruxish|Bruxish, F|100\/100\n|-enditem|p1b: Iron Golem|Booster Energy\n|-activate|p1b: Iron Golem|ability: Quark Drive|[fromitem]\n|-start|p1b: Iron Golem|quarkdriveatk\n|turn|1\n|\n|t:|1699539975\n|move|p2a: Maushold|Follow Me|p2a: Maushold\n|-singleturn|p2a: Maushold|move: Follow Me\n|move|p1a: Piglin Brute|Stone Axe|p2a: Maushold|[miss]\n|-miss|p1a: Piglin Brute|p2a: Maushold\n|move|p1b: Iron Golem|Belly Drum|p1b: Iron Golem\n|-damage|p1b: Iron Golem|51\/100\n|-setboost|p1b: Iron Golem|atk|6|[from] move: Belly Drum\n|move|p2b: Bruxish|Trick Room|p2b: Bruxish\n|-fieldstart|move: Trick Room|[of] p2b: Bruxish\n|\n|upkeep\n|turn|2\n|\n|t:|1699540011\n|move|p2b: Bruxish|Aqua Jet|p1a: Piglin Brute\n|-supereffective|p1a: Piglin Brute\n|-damage|p1a: Piglin Brute|49\/100\n|move|p1b: Iron Golem|Thunder Punch|p2b: Bruxish\n|-supereffective|p2b: Bruxish\n|-enditem|p2b: Bruxish|Focus Sash\n|-damage|p2b: Bruxish|1\/100\n|move|p2a: Maushold|Encore|p1b: Iron Golem\n|-start|p1b: Iron Golem|Encore\n|move|p1a: Piglin Brute|Stone Axe|p2a: Maushold\n|-damage|p2a: Maushold|41\/100\n|-sidestart|p2: JAMMIE 105|move: Stealth Rock\n|\n|upkeep\n|turn|3\n|\n|t:|1699540043\n|switch|p1a: Elder Guardian|Overqwil, F, shiny|100\/100\n|-ability|p1a: Elder Guardian|Intimidate|boost\n|-unboost|p2a: Maushold|atk|1\n|-unboost|p2b: Bruxish|atk|1\n|move|p2b: Bruxish|Aqua Jet|p1a: Elder Guardian\n|-damage|p1a: Elder Guardian|86\/100\n|move|p1b: Iron Golem|Thunder Punch|p2a: Maushold\n|-damage|p2a: Maushold|0 fnt\n|faint|p2a: Maushold\n|\n|upkeep\n|\n|t:|1699540056\n|switch|p2a: Lurantis|Lurantis, M|100\/100\n|-damage|p2a: Lurantis|88\/100|[from] Stealth Rock\n|-enditem|p2a: Lurantis|Room Service\n|-boost|p2a: Lurantis|spe|1|[from] item: Room Service\n|turn|4\n|\n|t:|1699540073\n|switch|p2b: Wyrdeer|Wyrdeer, M|100\/100\n|-damage|p2b: Wyrdeer|88\/100|[from] Stealth Rock\n|move|p1b: Iron Golem|Thunder Punch|p2b: Wyrdeer\n|-damage|p2b: Wyrdeer|0 fnt\n|faint|p2b: Wyrdeer\n|move|p2a: Lurantis|Petal Blizzard|p1b: Iron Golem|[spread] p1a,p1b\n|-resisted|p1a: Elder Guardian\n|-crit|p1a: Elder Guardian\n|-damage|p1a: Elder Guardian|56\/100\n|-damage|p1b: Iron Golem|30\/100\n|move|p1a: Elder Guardian|Barb Barrage|p2a: Lurantis\n|-supereffective|p2a: Lurantis\n|-damage|p2a: Lurantis|27\/100\n|\n|upkeep\n|\n|t:|1699540092\n|switch|p2b: Empoleon|Empoleon, M|100\/100\n|-damage|p2b: Empoleon|94\/100|[from] Stealth Rock\n|turn|5\n|\n|t:|1699540105\n|move|p1b: Iron Golem|Thunder Punch|p2b: Empoleon\n|-supereffective|p2b: Empoleon\n|-damage|p2b: Empoleon|0 fnt\n|faint|p2b: Empoleon\n|move|p2a: Lurantis|Brick Break|p1b: Iron Golem\n|-damage|p1b: Iron Golem|15\/100\n|move|p1a: Elder Guardian|Fell Stinger|p2a: Lurantis\n|-supereffective|p2a: Lurantis\n|-damage|p2a: Lurantis|0 fnt\n|faint|p2a: Lurantis\n|-boost|p1a: Elder Guardian|atk|3\n|\n|-end|p1b: Iron Golem|Encore\n|-fieldend|move: Trick Room\n|upkeep\n|\n|t:|1699540117\n|switch|p2b: Bruxish|Bruxish, F|1\/100\n|switch|p2a: Cresselia|Cresselia, F|100\/100\n|-damage|p2b: Bruxish|0 fnt|[from] Stealth Rock\n|faint|p2b: Bruxish\n|-damage|p2a: Cresselia|88\/100|[from] Stealth Rock\n|turn|6\n|\n|t:|1699540136\n|move|p1a: Elder Guardian|Crunch|p2a: Cresselia\n|-supereffective|p2a: Cresselia\n|-damage|p2a: Cresselia|0 fnt\n|faint|p2a: Cresselia\n|\n|win|Lifix Voidwalker\n|raw|Lifix Voidwalker's rating: 1076 &rarr; <strong>1098<\/strong><br \/>(+22 for winning)\n|raw|JAMMIE 105's rating: 1000 &rarr; <strong>1000<\/strong><br \/>(+0 for losing)\n|l|\u2606JAMMIE 105\n|j|\u2606JAMMIE 105\n|player|p2|JAMMIE 105|102\n|l|\u2606JAMMIE 105\n|player|p2|\n","uploadtime":1699540244,"views":16,"p1id":"lifixvoidwalker","p2id":"jammie105","formatid":"gen9doublesou","rating":1000,"private":0,"password":""}