{"id":"gen9doublesou-1968681569","p1":"Leblades123","p2":"ZeraoraSoul","format":"[Gen 9] Doubles OU","log":"|j|\u2606Leblades123\n|j|\u2606ZeraoraSoul\n|t:|1697452782\n|gametype|doubles\n|player|p1|Leblades123|scientist-gen4|1073\n|player|p2|ZeraoraSoul|elesa|1102\n|teamsize|p1|6\n|teamsize|p2|6\n|gen|9\n|tier|[Gen 9] Doubles OU\n|rated|\n|rule|Species Clause: Limit one of each Pok\u00e9mon\n|rule|OHKO Clause: OHKO moves are banned\n|rule|Evasion Moves Clause: Evasion moves are banned\n|rule|Gravity Sleep Clause: The combination of sleep-inducing moves with imperfect accuracy and Gravity or Gigantamax Orbeetle are banned\n|rule|Endless Battle Clause: Forcing endless battles is banned\n|rule|HP Percentage Mod: HP is shown in percentages\n|clearpoke\n|poke|p1|Wyrdeer, F|\n|poke|p1|Okidogi, M|\n|poke|p1|Amoonguss, M|\n|poke|p1|Heatran, F|\n|poke|p1|Basculegion-F, F|\n|poke|p1|Iron Hands|\n|poke|p2|Weezing-Galar, M|\n|poke|p2|Slaking, F|\n|poke|p2|Vaporeon, F|\n|poke|p2|Amoonguss, M|\n|poke|p2|Blissey, F|\n|poke|p2|Maushold-Four|\n|teampreview\n|\n|t:|1697452817\n|start\n|switch|p1a: Heatran|Heatran, F|100\/100\n|switch|p1b: Wyrdeer|Wyrdeer, F|100\/100\n|switch|p2a: Chernobyl|Weezing-Galar, M|100\/100\n|switch|p2b: Oh here it comes|Slaking, F|100\/100\n|-ability|p2a: Chernobyl|Neutralizing Gas\n|-block|p1a: Heatran|item: Ability Shield\n|turn|1\n|\n|t:|1697452849\n|-terastallize|p2a: Chernobyl|Water\n|move|p2b: Oh here it comes|Knock Off|p1b: Wyrdeer\n|-supereffective|p1b: Wyrdeer\n|-damage|p1b: Wyrdeer|21\/100\n|-enditem|p1b: Wyrdeer|Leftovers|[from] move: Knock Off|[of] p2b: Oh here it comes\n|move|p1a: Heatran|Earth Power|p2a: Chernobyl\n|-damage|p2a: Chernobyl|82\/100\n|move|p1b: Wyrdeer|Psyshield Bash|p2a: Chernobyl\n|-damage|p2a: Chernobyl|64\/100\n|-boost|p1b: Wyrdeer|def|1\n|move|p2a: Chernobyl|Tera Blast|p1a: Heatran|[anim] Tera Blast Water\n|-supereffective|p1a: Heatran\n|-damage|p1a: Heatran|66\/100\n|\n|-status|p2b: Oh here it comes|tox|[from] item: Toxic Orb\n|upkeep\n|turn|2\n|\n|t:|1697452880\n|switch|p1b: Iron Hands|Iron Hands|100\/100\n|move|p2b: Oh here it comes|Knock Off|p1b: Iron Hands\n|-resisted|p1b: Iron Hands\n|-damage|p1b: Iron Hands|86\/100\n|-enditem|p1b: Iron Hands|Leftovers|[from] move: Knock Off|[of] p2b: Oh here it comes\n|move|p1a: Heatran|Stealth Rock|p2a: Chernobyl\n|-sidestart|p2: ZeraoraSoul|move: Stealth Rock\n|move|p2a: Chernobyl|Tera Blast|p1a: Heatran|[anim] Tera Blast Water\n|-supereffective|p1a: Heatran\n|-damage|p1a: Heatran|28\/100\n|\n|-damage|p2b: Oh here it comes|94\/100 tox|[from] psn\n|upkeep\n|turn|3\n|\n|t:|1697452913\n|switch|p1a: Amoonguss|Amoonguss, M|100\/100\n|move|p1b: Iron Hands|Fake Out|p2b: Oh here it comes\n|-damage|p2b: Oh here it comes|82\/100 tox\n|cant|p2b: Oh here it comes|flinch\n|move|p2a: Chernobyl|Dazzling Gleam|p1b: Iron Hands|[spread] p1a,p1b\n|-resisted|p1a: Amoonguss\n|-supereffective|p1b: Iron Hands\n|-damage|p1a: Amoonguss|93\/100\n|-damage|p1b: Iron Hands|53\/100\n|\n|-damage|p2b: Oh here it comes|70\/100 tox|[from] psn\n|upkeep\n|turn|4\n|l|\u2606ZeraoraSoul\n|player|p2|\n|inactive|Battle timer is ON: inactive players will automatically lose when time's up. (requested by Leblades123)\n|inactive|ZeraoraSoul has 30 seconds to reconnect!\n|inactive|ZeraoraSoul has 20 seconds to reconnect!\n|inactive|ZeraoraSoul has 15 seconds to reconnect!\n|inactive|ZeraoraSoul has 10 seconds to reconnect!\n|j|\u2606ZeraoraSoul\n|inactive|ZeraoraSoul reconnected and has 100 seconds left.\n|player|p2|ZeraoraSoul|elesa\n|inactive|ZeraoraSoul has 90 seconds left.\n|\n|t:|1697452988\n|move|p1a: Amoonguss|Rage Powder|p1a: Amoonguss\n|-singleturn|p1a: Amoonguss|move: Rage Powder\n|move|p2b: Oh here it comes|Facade|p1a: Amoonguss\n|-damage|p1a: Amoonguss|25\/100\n|-damage|p2b: Oh here it comes|53\/100 tox|[from] item: Rocky Helmet|[of] p1a: Amoonguss\n|move|p2a: Chernobyl|Dazzling Gleam|p1b: Iron Hands|[spread] p1a,p1b\n|-resisted|p1a: Amoonguss\n|-supereffective|p1b: Iron Hands\n|-damage|p1a: Amoonguss|18\/100\n|-damage|p1b: Iron Hands|20\/100\n|move|p1b: Iron Hands|Thunder Punch|p2a: Chernobyl\n|-supereffective|p2a: Chernobyl\n|-damage|p2a: Chernobyl|0 fnt\n|faint|p2a: Chernobyl\n|-end|p2a: Chernobyl|ability: Neutralizing Gas\n|\n|-damage|p2b: Oh here it comes|34\/100 tox|[from] psn\n|upkeep\n|\n|t:|1697453005\n|switch|p2a: \u0d9e|Amoonguss, M|100\/100\n|-damage|p2a: \u0d9e|88\/100|[from] Stealth Rock\n|turn|5\n|\n|t:|1697453017\n|move|p2a: \u0d9e|Rage Powder|p2a: \u0d9e\n|-singleturn|p2a: \u0d9e|move: Rage Powder\n|cant|p2b: Oh here it comes|ability: Truant\n|move|p1b: Iron Hands|Drain Punch|p2a: \u0d9e\n|-resisted|p2a: \u0d9e\n|-damage|p2a: \u0d9e|72\/100\n|-heal|p1b: Iron Hands|27\/100|[from] drain|[of] p2a: \u0d9e\n|move|p1a: Amoonguss|Spore|p2a: \u0d9e\n|-immune|p2a: \u0d9e\n|\n|-heal|p2a: \u0d9e|78\/100|[from] item: Leftovers\n|-damage|p2b: Oh here it comes|10\/100 tox|[from] psn\n|upkeep\n|turn|6\n|\n|t:|1697453031\n|switch|p1a: Heatran|Heatran, F|28\/100\n|move|p2a: \u0d9e|Rage Powder|p2a: \u0d9e\n|-singleturn|p2a: \u0d9e|move: Rage Powder\n|move|p2b: Oh here it comes|Facade|p1b: Iron Hands\n|-damage|p1b: Iron Hands|0 fnt\n|faint|p1b: Iron Hands\n|-end|p1b: Iron Hands|Quark Drive|[silent]\n|\n|-heal|p2a: \u0d9e|85\/100|[from] item: Leftovers\n|-damage|p2b: Oh here it comes|0 fnt|[from] psn\n|faint|p2b: Oh here it comes\n|upkeep\n|\n|t:|1697453042\n|switch|p2b: Did you know?|Vaporeon, F|100\/100\n|switch|p1b: Wyrdeer|Wyrdeer, F|21\/100\n|-ability|p1b: Wyrdeer|Intimidate|boost\n|-unboost|p2a: \u0d9e|atk|1\n|-unboost|p2b: Did you know?|atk|1\n|-damage|p2b: Did you know?|88\/100|[from] Stealth Rock\n|turn|7\n|\n|t:|1697453066\n|move|p1b: Wyrdeer|Protect|p1b: Wyrdeer\n|-singleturn|p1b: Wyrdeer|Protect\n|move|p1a: Heatran|Magma Storm|p2a: \u0d9e\n|-supereffective|p2a: \u0d9e\n|-damage|p2a: \u0d9e|17\/100\n|-activate|p2a: \u0d9e|move: Magma Storm|[of] p1a: Heatran\n|move|p2b: Did you know?|Scald|p1b: Wyrdeer\n|-activate|p1b: Wyrdeer|move: Protect\n|move|p2a: \u0d9e|Giga Drain|p1a: Heatran\n|-resisted|p1a: Heatran\n|-crit|p1a: Heatran\n|-damage|p1a: Heatran|22\/100\n|-heal|p2a: \u0d9e|20\/100|[from] drain|[of] p1a: Heatran\n|\n|-heal|p2b: Did you know?|94\/100|[from] item: Leftovers\n|-heal|p2a: \u0d9e|27\/100|[from] item: Leftovers\n|-damage|p2a: \u0d9e|14\/100|[from] move: Magma Storm|[partiallytrapped]\n|upkeep\n|turn|8\n|\n|t:|1697453089\n|move|p2a: \u0d9e|Protect|p2a: \u0d9e\n|-singleturn|p2a: \u0d9e|Protect\n|move|p1a: Heatran|Earth Power|p2b: Did you know?\n|-damage|p2b: Did you know?|76\/100\n|-unboost|p2b: Did you know?|spd|1\n|move|p1b: Wyrdeer|Psyshield Bash|p2b: Did you know?\n|-damage|p2b: Did you know?|47\/100\n|-boost|p1b: Wyrdeer|def|1\n|move|p2b: Did you know?|Scald|p1a: Heatran\n|-supereffective|p1a: Heatran\n|-damage|p1a: Heatran|0 fnt\n|faint|p1a: Heatran\n|\n|-heal|p2b: Did you know?|53\/100|[from] item: Leftovers\n|-heal|p2a: \u0d9e|20\/100|[from] item: Leftovers\n|-end|p2a: \u0d9e|Magma Storm|[partiallytrapped]|[silent]\n|upkeep\n|\n|t:|1697453097\n|switch|p1a: Okidogi|Okidogi, M|100\/100\n|turn|9\n|\n|t:|1697453115\n|move|p1a: Okidogi|Fire Punch|p2a: \u0d9e\n|-supereffective|p2a: \u0d9e\n|-damage|p2a: \u0d9e|0 fnt\n|faint|p2a: \u0d9e\n|move|p1b: Wyrdeer|Skill Swap|p2b: Did you know?\n|-activate|p1b: Wyrdeer|move: Skill Swap|Water Absorb|Intimidate|[of] p2b: Did you know?\n|-ability|p2b: Did you know?|Intimidate|boost\n|-ability|p1a: Okidogi|Guard Dog|boost\n|-boost|p1a: Okidogi|atk|1\n|-unboost|p1b: Wyrdeer|atk|1\n|move|p2b: Did you know?|Aqua Ring|p2b: Did you know?\n|-start|p2b: Did you know?|Aqua Ring\n|\n|-heal|p2b: Did you know?|59\/100|[from] item: Leftovers\n|-heal|p2b: Did you know?|65\/100|[from] Aqua Ring\n|upkeep\n|\n|t:|1697453129\n|switch|p2a: Gang|Maushold-Four|100\/100\n|turn|10\n|\n|t:|1697453144\n|move|p2b: Did you know?|Helping Hand|p2a: Gang\n|-singleturn|p2a: Gang|Helping Hand|[of] p2b: Did you know?\n|move|p2a: Gang|Population Bomb|p1a: Okidogi\n|-damage|p1a: Okidogi|92\/100\n|-damage|p1a: Okidogi|84\/100\n|-damage|p1a: Okidogi|75\/100\n|-damage|p1a: Okidogi|66\/100\n|-damage|p1a: Okidogi|58\/100\n|-damage|p1a: Okidogi|49\/100\n|-damage|p1a: Okidogi|40\/100\n|-damage|p1a: Okidogi|30\/100\n|-damage|p1a: Okidogi|22\/100\n|-damage|p1a: Okidogi|13\/100\n|-hitcount|p1a: Okidogi|10\n|move|p1a: Okidogi|Drain Punch|p2a: Gang\n|-supereffective|p2a: Gang\n|-damage|p2a: Gang|0 fnt\n|-heal|p1a: Okidogi|52\/100|[from] drain|[of] p2a: Gang\n|faint|p2a: Gang\n|move|p1b: Wyrdeer|Skill Swap|p2b: Did you know?\n|-activate|p1b: Wyrdeer|move: Skill Swap|Intimidate|Water Absorb|[of] p2b: Did you know?\n|-ability|p1b: Wyrdeer|Intimidate|boost\n|-unboost|p2b: Did you know?|atk|1\n|\n|-heal|p2b: Did you know?|72\/100|[from] item: Leftovers\n|-heal|p2b: Did you know?|78\/100|[from] Aqua Ring\n|upkeep\n|\n|t:|1697453169\n|switch|p2a: Silly|Blissey, F|100\/100\n|-damage|p2a: Silly|88\/100|[from] Stealth Rock\n|turn|11\n|l|\u2606ZeraoraSoul\n|inactive|ZeraoraSoul disconnected and has a minute to reconnect!\n|player|p2|\n|inactive|ZeraoraSoul has 30 seconds to reconnect!\n|inactive|ZeraoraSoul has 20 seconds to reconnect!\n|inactive|ZeraoraSoul has 15 seconds to reconnect!\n|inactive|ZeraoraSoul has 10 seconds to reconnect!\n|inactive|ZeraoraSoul has 5 seconds to reconnect!\n|-message|ZeraoraSoul lost due to inactivity.\n|\n|win|Leblades123\n|raw|Leblades123's rating: 1073 &rarr; <strong>1104<\/strong><br \/>(+31 for winning)\n|raw|ZeraoraSoul's rating: 1102 &rarr; <strong>1075<\/strong><br \/>(-27 for losing)\n","uploadtime":1697453276,"views":13,"p1id":"leblades123","p2id":"zeraorasoul","formatid":"gen9doublesou","rating":1075,"private":0,"password":""}