{"id":"gen9doublesou-1997589475","p1":"RUMYMOME","p2":"Bunnysai","format":"[Gen 9] Doubles OU","log":"|j|\u2606RUMYMOME\n|j|\u2606Bunnysai\n|inactive|Battle timer is ON: inactive players will automatically lose when time's up.\n|j|*Lady Monita \u2746\n|t:|1700829842\n|gametype|doubles\n|player|p1|RUMYMOME|marshal|\n|player|p2|Bunnysai|brock|\n|teamsize|p1|6\n|teamsize|p2|6\n|gen|9\n|tier|[Gen 9] Doubles OU\n|rated|Tournament battle\n|rule|Species Clause: Limit one of each Pok\u00e9mon\n|rule|OHKO Clause: OHKO moves are banned\n|rule|Evasion Moves Clause: Evasion moves are banned\n|rule|Gravity Sleep Clause: The combination of sleep-inducing moves with imperfect accuracy and Gravity or Gigantamax Orbeetle are banned\n|rule|Endless Battle Clause: Forcing endless battles is banned\n|rule|HP Percentage Mod: HP is shown in percentages\n|rule|Camomons Mod: Pok\u00e9mon have their types set to match their first two moves.\n|clearpoke\n|poke|p1|Armarouge, M|\n|poke|p1|Kingambit, F|\n|poke|p1|Hatterene, F|\n|poke|p1|Torkoal, L99, M|\n|poke|p1|Iron Hands|\n|poke|p1|Indeedee-F, F|\n|poke|p2|Gothitelle, M|\n|poke|p2|Flutter Mane|\n|poke|p2|Chi-Yu|\n|poke|p2|Torkoal, F|\n|poke|p2|Iron Hands|\n|poke|p2|Lilligant, F|\n|teampreview\n|inactive|Bunnysai also wants the timer to be on.\n|c|\u2606RUMYMOME|Gl\n|\n|t:|1700829868\n|start\n|switch|p1a: Iron Hands|Iron Hands|100\/100\n|switch|p1b: Hatterene|Hatterene, F|100\/100\n|switch|p2a: Torkoal|Torkoal, F, shiny|100\/100\n|switch|p2b: Flutter Mane|Flutter Mane, shiny|100\/100\n|-start|p2b: Flutter Mane|typechange|Ghost\/Electric|[silent]\n|-start|p1a: Iron Hands|typechange|Electric\/Normal|[silent]\n|-start|p1b: Hatterene|typechange|Fairy\/Psychic|[silent]\n|-start|p2a: Torkoal|typechange|Fire\/Ground|[silent]\n|-weather|SunnyDay|[from] ability: Drought|[of] p2a: Torkoal\n|-activate|p2b: Flutter Mane|ability: Protosynthesis\n|-start|p2b: Flutter Mane|protosynthesisspe\n|-start|p1a: Iron Hands|typechange|Electric\/Normal|[silent]\n|-start|p1b: Hatterene|typechange|Fairy\/Psychic|[silent]\n|-start|p2a: Torkoal|typechange|Fire\/Ground|[silent]\n|-start|p2b: Flutter Mane|typechange|Ghost\/Electric|[silent]\n|turn|1\n|inactive|RUMYMOME has 120 seconds left.\n|inactive|Bunnysai has 120 seconds left.\n|\n|t:|1700829917\n|move|p1a: Iron Hands|Fake Out|p2a: Torkoal\n|-damage|p2a: Torkoal|83\/100\n|move|p2b: Flutter Mane|Thunderbolt|p1b: Hatterene\n|-damage|p1b: Hatterene|20\/100\n|-status|p1b: Hatterene|par\n|-damage|p2b: Flutter Mane|91\/100|[from] item: Life Orb\n|cant|p2a: Torkoal|flinch\n|cant|p1b: Hatterene|par\n|\n|-weather|SunnyDay|[upkeep]\n|upkeep\n|turn|2\n|inactive|RUMYMOME has 120 seconds left.\n|inactive|Bunnysai has 120 seconds left.\n|\n|t:|1700829951\n|move|p2b: Flutter Mane|Thunderbolt|p1b: Hatterene\n|-damage|p1b: Hatterene|0 fnt\n|faint|p1b: Hatterene\n|-damage|p2b: Flutter Mane|81\/100|[from] item: Life Orb\n|move|p1a: Iron Hands|Drain Punch|p2a: Torkoal\n|-damage|p2a: Torkoal|62\/100\n|move|p2a: Torkoal|Earth Power|p1a: Iron Hands\n|-supereffective|p1a: Iron Hands\n|-damage|p1a: Iron Hands|53\/100\n|\n|-weather|SunnyDay|[upkeep]\n|upkeep\n|\n|t:|1700829962\n|switch|p1b: Indeedee|Indeedee-F, F|100\/100\n|-start|p1b: Indeedee|typechange|Psychic|[silent]\n|-fieldstart|move: Psychic Terrain|[from] ability: Psychic Surge|[of] p1b: Indeedee\n|-enditem|p1b: Indeedee|Psychic Seed\n|-boost|p1b: Indeedee|spd|1|[from] item: Psychic Seed\n|-start|p1b: Indeedee|typechange|Psychic|[silent]\n|turn|3\n|\n|t:|1700829973\n|move|p2b: Flutter Mane|Thunderbolt|p1b: Indeedee\n|-damage|p1b: Indeedee|55\/100\n|-damage|p2b: Flutter Mane|71\/100|[from] item: Life Orb\n|move|p1a: Iron Hands|Drain Punch|p2a: Torkoal\n|-damage|p2a: Torkoal|41\/100\n|-heal|p1a: Iron Hands|61\/100|[from] drain|[of] p2a: Torkoal\n|move|p2a: Torkoal|Earth Power|p1a: Iron Hands\n|-supereffective|p1a: Iron Hands\n|-damage|p1a: Iron Hands|13\/100\n|move|p1b: Indeedee|Trick Room|p1b: Indeedee\n|-fieldstart|move: Trick Room|[of] p1b: Indeedee\n|\n|-weather|SunnyDay|[upkeep]\n|upkeep\n|turn|4\n|inactive|RUMYMOME has 120 seconds left.\n|j| mimkiug\n|inactive|RUMYMOME has 90 seconds left.\n|inactive|RUMYMOME has 60 seconds left.\n|\n|t:|1700830072\n|move|p2a: Torkoal|Earth Power|p1a: Iron Hands\n|-supereffective|p1a: Iron Hands\n|-damage|p1a: Iron Hands|0 fnt\n|faint|p1a: Iron Hands\n|-end|p1a: Iron Hands|Quark Drive|[silent]\n|move|p1b: Indeedee|Psychic|p2b: Flutter Mane\n|-damage|p2b: Flutter Mane|15\/100\n|move|p2b: Flutter Mane|Shadow Ball|p1b: Indeedee\n|-supereffective|p1b: Indeedee\n|-damage|p1b: Indeedee|0 fnt\n|faint|p1b: Indeedee\n|-damage|p2b: Flutter Mane|5\/100|[from] item: Life Orb\n|\n|-weather|SunnyDay|[upkeep]\n|upkeep\n|\n|t:|1700830081\n|switch|p1a: Torkoal|Torkoal, L99, M|100\/100\n|switch|p1b: Armarouge|Armarouge, M|100\/100\n|-start|p1a: Torkoal|typechange|Fire|[silent]\n|-start|p1b: Armarouge|typechange|Psychic\/Fire|[silent]\n|-start|p1b: Armarouge|typechange|Psychic\/Fire|[silent]\n|turn|5\n|\n|t:|1700830100\n|-terastallize|p1b: Armarouge|Grass\n|move|p1a: Torkoal|Eruption|p2b: Flutter Mane|[spread] p2a,p2b\n|-resisted|p2a: Torkoal\n|-damage|p2a: Torkoal|0 fnt\n|-damage|p2b: Flutter Mane|0 fnt\n|faint|p2a: Torkoal\n|faint|p2b: Flutter Mane\n|-end|p2b: Flutter Mane|Protosynthesis|[silent]\n|move|p1b: Armarouge|Expanding Force|p2: Torkoal|[notarget]\n|-fail|p1b: Armarouge\n|\n|-weather|none\n|upkeep\n|inactive|Bunnysai has 120 seconds left.\n|\n|t:|1700830122\n|switch|p2a: Iron Hands|Iron Hands, shiny|100\/100\n|switch|p2b: Chi-Yu|Chi-Yu|100\/100\n|-start|p2a: Iron Hands|typechange|Steel\/Fairy|[silent]\n|-start|p2b: Chi-Yu|typechange|Psychic\/Fire|[silent]\n|-ability|p2b: Chi-Yu|Beads of Ruin\n|-start|p2a: Iron Hands|typechange|Steel\/Fairy|[silent]\n|-start|p2b: Chi-Yu|typechange|Psychic\/Fire|[silent]\n|turn|6\n|inactive|RUMYMOME has 90 seconds left.\n|inactive|RUMYMOME has 60 seconds left.\n|\n|t:|1700830166\n|move|p2a: Iron Hands|Fake Out|p1a: Torkoal\n|-activate|p1a: Torkoal|move: Psychic Terrain\n|move|p1a: Torkoal|Eruption|p2b: Chi-Yu|[spread] p2a,p2b\n|-supereffective|p2a: Iron Hands\n|-resisted|p2b: Chi-Yu\n|-damage|p2a: Iron Hands|5\/100\n|-damage|p2b: Chi-Yu|71\/100\n|move|p1b: Armarouge|Expanding Force|p2b: Chi-Yu|[spread] p2a,p2b\n|-resisted|p2a: Iron Hands\n|-resisted|p2b: Chi-Yu\n|-damage|p2a: Iron Hands|0 fnt\n|-damage|p2b: Chi-Yu|32\/100\n|faint|p2a: Iron Hands\n|-end|p2a: Iron Hands|Quark Drive|[silent]\n|move|p2b: Chi-Yu|Snarl|p1a: Torkoal|[spread] p1a,p1b\n|-damage|p1a: Torkoal|70\/100\n|-damage|p1b: Armarouge|77\/100\n|-unboost|p1a: Torkoal|spa|1\n|-unboost|p1b: Armarouge|spa|1\n|\n|upkeep\n|inactive|Bunnysai has 120 seconds left.\n|\n|t:|1700830180\n|switch|p2a: Gothitelle|Gothitelle, M, shiny|100\/100\n|-start|p2a: Gothitelle|typechange|Psychic\/Grass|[silent]\n|-start|p2a: Gothitelle|typechange|Psychic\/Grass|[silent]\n|turn|7\n|\n|t:|1700830188\n|move|p1a: Torkoal|Eruption|p2a: Gothitelle|[spread] p2a,p2b\n|-supereffective|p2a: Gothitelle\n|-resisted|p2b: Chi-Yu\n|-damage|p2a: Gothitelle|40\/100\n|-damage|p2b: Chi-Yu|18\/100\n|-enditem|p2a: Gothitelle|Sitrus Berry|[eat]\n|-heal|p2a: Gothitelle|65\/100|[from] item: Sitrus Berry\n|move|p1b: Armarouge|Heat Wave|p2a: Gothitelle|[spread] p2a,p2b\n|-supereffective|p2a: Gothitelle\n|-resisted|p2b: Chi-Yu\n|-damage|p2a: Gothitelle|0 fnt\n|-damage|p2b: Chi-Yu|2\/100\n|faint|p2a: Gothitelle\n|move|p2b: Chi-Yu|Snarl|p1a: Torkoal|[spread] p1a,p1b\n|-damage|p1a: Torkoal|40\/100\n|-damage|p1b: Armarouge|55\/100\n|-unboost|p1a: Torkoal|spa|1\n|-unboost|p1b: Armarouge|spa|1\n|\n|-fieldend|move: Trick Room\n|-fieldend|move: Psychic Terrain\n|upkeep\n|\n|t:|1700830205\n|switch|p2a: Lilligant|Lilligant, F, shiny|100\/100\n|-start|p2a: Lilligant|typechange|Fire\/Grass|[silent]\n|-start|p2a: Lilligant|typechange|Fire\/Grass|[silent]\n|turn|8\n|\n|t:|1700830216\n|move|p2b: Chi-Yu|Snarl|p1b: Armarouge|[spread] p1a,p1b\n|-crit|p1a: Torkoal\n|-damage|p1a: Torkoal|0 fnt\n|-damage|p1b: Armarouge|34\/100\n|-unboost|p1b: Armarouge|spa|1\n|faint|p1a: Torkoal\n|move|p2a: Lilligant|Sunny Day|p2a: Lilligant\n|-weather|SunnyDay\n|move|p1b: Armarouge|Trick Room|p1b: Armarouge\n|-fieldstart|move: Trick Room|[of] p1b: Armarouge\n|\n|-weather|SunnyDay|[upkeep]\n|upkeep\n|\n|t:|1700830219\n|switch|p1a: Kingambit|Kingambit, F|100\/100\n|-start|p1a: Kingambit|typechange|Dark|[silent]\n|-activate|p1a: Kingambit|ability: Supreme Overlord\n|-start|p1a: Kingambit|fallen4|[silent]\n|-start|p1a: Kingambit|typechange|Dark|[silent]\n|turn|9\n|inactive|RUMYMOME has 120 seconds left.\n|\n|t:|1700830246\n|move|p1a: Kingambit|Kowtow Cleave|p2b: Chi-Yu\n|-supereffective|p2b: Chi-Yu\n|-damage|p2b: Chi-Yu|0 fnt\n|faint|p2b: Chi-Yu\n|move|p1b: Armarouge|Heat Wave|p2a: Lilligant\n|-damage|p2a: Lilligant|49\/100\n|move|p2a: Lilligant|Weather Ball|p1a: Kingambit\n|-damage|p1a: Kingambit|28\/100\n|\n|-weather|SunnyDay|[upkeep]\n|upkeep\n|-start|p2: Chi-Yu|typechange|Psychic\/Fire|[silent]\n|turn|10\n|\n|t:|1700830263\n|-terastallize|p2a: Lilligant|Grass\n|move|p1a: Kingambit|Kowtow Cleave|p2a: Lilligant\n|-damage|p2a: Lilligant|0 fnt\n|faint|p2a: Lilligant\n|\n|win|RUMYMOME\n|n|\u2606RUMYMOME|rumymome\n|n|\u2606Bunnysai|bunnysai\n|n|*Lady Monita \u2746|ladymonita\n|n| mimkiug|mimkiug\n|l|*Lady Monita \u2746\n|l| mimkiug\n","uploadtime":1700830443,"views":7,"p1id":"rumymome","p2id":"bunnysai","formatid":"gen9doublesou","rating":0,"private":0,"password":""}