{"id":"gen9doublesou-1968281306","p1":"Da_Greenfly123","p2":"Buzzpeep","format":"[Gen 9] Doubles OU","log":"|j|\u2606Da_Greenfly123\n|j|\u2606Buzzpeep\n|inactive|Battle timer is ON: inactive players will automatically lose when time's up.\n|t:|1697401978\n|gametype|doubles\n|player|p1|Da_Greenfly123|1|\n|player|p2|Buzzpeep|proton|\n|teamsize|p1|2\n|teamsize|p2|2\n|gen|9\n|tier|[Gen 9] Doubles OU\n|rated|Tournament battle\n|rule|Species Clause: Limit one of each Pok\u00e9mon\n|rule|OHKO Clause: OHKO moves are banned\n|rule|Evasion Moves Clause: Evasion moves are banned\n|rule|Gravity Sleep Clause: The combination of sleep-inducing moves with imperfect accuracy and Gravity or Gigantamax Orbeetle are banned\n|rule|Endless Battle Clause: Forcing endless battles is banned\n|rule|HP Percentage Mod: HP is shown in percentages\n|clearpoke\n|poke|p1|Pawniard, M|\n|poke|p1|Morgrem, M|\n|poke|p2|Zorua-Hisui, M|\n|poke|p2|Eelektrik, M|\n|teampreview\n|j|*Lady Monita \u263d\n|\n|t:|1697401990\n|start\n|switch|p1a: Pawniard|Pawniard, M|100\/100\n|switch|p1b: Morgrem|Morgrem, M|100\/100\n|switch|p2a: Eelektrik|Eelektrik, M|100\/100\n|switch|p2b: Eelektrik|Eelektrik, M|100\/100\n|turn|1\n|inactive|Da_Greenfly123 has 120 seconds left.\n|inactive|Da_Greenfly123 has 90 seconds left.\n|\n|t:|1697402066\n|-terastallize|p2a: Eelektrik|Fighting\n|move|p1a: Pawniard|Sucker Punch|p2a: Eelektrik\n|-resisted|p2a: Eelektrik\n|-damage|p2a: Eelektrik|40\/100\n|replace|p2a: Zorua|Zorua-Hisui, M\n|-end|p2a: Zorua|Illusion\n|-damage|p1a: Pawniard|91\/100|[from] item: Life Orb\n|move|p1b: Morgrem|Reflect|p1b: Morgrem\n|-sidestart|p1: Da_Greenfly123|Reflect\n|move|p2a: Zorua|Tera Blast|p1a: Pawniard|[anim] Tera Blast Fighting\n|-supereffective|p1a: Pawniard\n|-damage|p1a: Pawniard|0 fnt\n|faint|p1a: Pawniard\n|move|p2b: Eelektrik|Coil|p2b: Eelektrik\n|-boost|p2b: Eelektrik|atk|1\n|-boost|p2b: Eelektrik|def|1\n|-boost|p2b: Eelektrik|accuracy|1\n|\n|upkeep\n|turn|2\n|inactive|Da_Greenfly123 has 90 seconds left.\n|\n|t:|1697402081\n|move|p1b: Morgrem|Thunder Wave|p2a: Zorua\n|-status|p2a: Zorua|par\n|move|p2a: Zorua|Nasty Plot|p2a: Zorua\n|-boost|p2a: Zorua|spa|2\n|move|p2b: Eelektrik|Coil|p2b: Eelektrik\n|-boost|p2b: Eelektrik|atk|1\n|-boost|p2b: Eelektrik|def|1\n|-boost|p2b: Eelektrik|accuracy|1\n|\n|upkeep\n|turn|3\n|\n|t:|1697402091\n|move|p1b: Morgrem|Dazzling Gleam|p2b: Eelektrik|[spread] p2a,p2b\n|-supereffective|p2a: Zorua\n|-damage|p2a: Zorua|0 fnt\n|-damage|p2b: Eelektrik|90\/100\n|faint|p2a: Zorua\n|move|p2b: Eelektrik|Coil|p2b: Eelektrik\n|-boost|p2b: Eelektrik|atk|1\n|-boost|p2b: Eelektrik|def|1\n|-boost|p2b: Eelektrik|accuracy|1\n|\n|upkeep\n|turn|4\n|c|\u2606Da_Greenfly123|gg\n|inactive|Da_Greenfly123 has 120 seconds left.\n|\n|t:|1697402103\n|-terastallize|p1b: Morgrem|Dark\n|move|p1b: Morgrem|Dazzling Gleam|p2b: Eelektrik\n|-damage|p2b: Eelektrik|77\/100\n|move|p2b: Eelektrik|Coil|p2b: Eelektrik\n|-boost|p2b: Eelektrik|atk|1\n|-boost|p2b: Eelektrik|def|1\n|-boost|p2b: Eelektrik|accuracy|1\n|\n|upkeep\n|turn|5\n|\n|t:|1697402109\n|move|p1b: Morgrem|Dazzling Gleam|p2b: Eelektrik\n|-damage|p2b: Eelektrik|64\/100\n|move|p2b: Eelektrik|Knock Off|p1b: Morgrem\n|-resisted|p1b: Morgrem\n|-crit|p1b: Morgrem\n|-damage|p1b: Morgrem|17\/100\n|-enditem|p1b: Morgrem|Light Clay|[from] move: Knock Off|[of] p2b: Eelektrik\n|\n|upkeep\n|turn|6\n|\n|t:|1697402115\n|move|p1b: Morgrem|Dazzling Gleam|p2b: Eelektrik\n|-damage|p2b: Eelektrik|51\/100\n|move|p2b: Eelektrik|Knock Off|p1b: Morgrem\n|-resisted|p1b: Morgrem\n|-damage|p1b: Morgrem|0 fnt\n|faint|p1b: Morgrem\n|\n|win|Buzzpeep\n|n|\u2606Da_Greenfly123|dagreenfly123\n|n|\u2606Buzzpeep|buzzpeep\n|n|*Lady Monita \u263d|ladymonita\n","uploadtime":1697402116,"views":6,"p1id":"dagreenfly123","p2id":"buzzpeep","formatid":"gen9doublesou","rating":0,"private":0,"password":""}