{"id":"gen9doublesou-1994203822","p1":"AerBlaziken","p2":"mahameloplatano","format":"[Gen 9] Doubles OU","log":"|j|\u2606AerBlaziken\n|j|\u2606mahameloplatano\n|t:|1700418570\n|gametype|doubles\n|player|p1|AerBlaziken|hexmaniac-gen6|1307\n|player|p2|mahameloplatano|170|1421\n|teamsize|p1|6\n|teamsize|p2|6\n|gen|9\n|tier|[Gen 9] Doubles OU\n|rated|\n|rule|Species Clause: Limit one of each Pok\u00e9mon\n|rule|OHKO Clause: OHKO moves are banned\n|rule|Evasion Moves Clause: Evasion moves are banned\n|rule|Gravity Sleep Clause: The combination of sleep-inducing moves with imperfect accuracy and Gravity or Gigantamax Orbeetle are banned\n|rule|Endless Battle Clause: Forcing endless battles is banned\n|rule|HP Percentage Mod: HP is shown in percentages\n|clearpoke\n|poke|p1|Magnezone|\n|poke|p1|Tinkaton, F|\n|poke|p1|Walking Wake|\n|poke|p1|Krookodile, M|\n|poke|p1|Ribombee, M|\n|poke|p1|Ceruledge, F|\n|poke|p2|Oranguru, F|\n|poke|p2|Farigiraf, M|\n|poke|p2|Amoonguss, F|\n|poke|p2|Diancie|\n|poke|p2|Chien-Pao|\n|poke|p2|Baxcalibur, M|\n|teampreview\n|inactive|Battle timer is ON: inactive players will automatically lose when time's up. (requested by mahameloplatano)\n|inactive|mahameloplatano has 120 seconds left.\n|\n|t:|1700418602\n|start\n|switch|p1a: AC\/DC|Magnezone, shiny|100\/100\n|switch|p1b: #1 Hater|Tinkaton, F|100\/100\n|switch|p2a: Oranguru|Oranguru, F|100\/100\n|switch|p2b: Baxcalibur|Baxcalibur, M|100\/100\n|-ability|p1b: #1 Hater|Mold Breaker\n|turn|1\n|\n|t:|1700418615\n|switch|p2b: Amoonguss|Amoonguss, F|100\/100\n|move|p1b: #1 Hater|Fake Out|p2b: Amoonguss\n|-damage|p2b: Amoonguss|91\/100\n|move|p1a: AC\/DC|Steel Beam|p2b: Amoonguss\n|-damage|p2b: Amoonguss|34\/100\n|-damage|p1a: AC\/DC|50\/100|[from] steelbeam\n|move|p2a: Oranguru|Trick Room|p2a: Oranguru\n|-fieldstart|move: Trick Room|[of] p2a: Oranguru\n|\n|-heal|p1a: AC\/DC|57\/100|[from] item: Leftovers\n|upkeep\n|turn|2\n|\n|t:|1700418633\n|move|p2b: Amoonguss|Spore|p1b: #1 Hater\n|-status|p1b: #1 Hater|slp|[from] move: Spore\n|move|p2a: Oranguru|Future Sight|p1b: #1 Hater\n|-start|p2a: Oranguru|move: Future Sight\n|move|p1a: AC\/DC|Volt Switch|p2a: Oranguru\n|-damage|p2a: Oranguru|70\/100\n|inactive|AerBlaziken has 120 seconds left.\n|\n|t:|1700418658\n|switch|p1a: Shez|Ceruledge, F|100\/100|[from] Volt Switch\n|cant|p1b: #1 Hater|slp\n|\n|upkeep\n|turn|3\n|\n|t:|1700418668\n|switch|p2a: Farigiraf|Farigiraf, M|100\/100\n|move|p2b: Amoonguss|Spore|p1a: Shez\n|-status|p1a: Shez|slp|[from] move: Spore\n|-curestatus|p1b: #1 Hater|slp|[msg]\n|move|p1b: #1 Hater|Stealth Rock|p2a: Farigiraf\n|-sidestart|p2: mahameloplatano|move: Stealth Rock\n|cant|p1a: Shez|slp\n|\n|upkeep\n|turn|4\n|\n|t:|1700418685\n|move|p2b: Amoonguss|Spore|p1b: #1 Hater\n|-status|p1b: #1 Hater|slp|[from] move: Spore\n|move|p2a: Farigiraf|Twin Beam|p1a: Shez\n|-damage|p1a: Shez|78\/100 slp\n|-damage|p1a: Shez|58\/100 slp\n|-hitcount|p1a: Shez|2\n|cant|p1b: #1 Hater|slp\n|cant|p1a: Shez|slp\n|\n|-end|p1b: #1 Hater|move: Future Sight\n|-resisted|p1b: #1 Hater\n|-damage|p1b: #1 Hater|74\/100 slp\n|-heal|p1a: Shez|64\/100 slp|[from] item: Leftovers\n|upkeep\n|turn|5\n|\n|t:|1700418710\n|move|p2b: Amoonguss|Pollen Puff|p1a: Shez\n|-resisted|p1a: Shez\n|-damage|p1a: Shez|57\/100 slp\n|move|p2a: Farigiraf|Twin Beam|p1a: Shez\n|-crit|p1a: Shez\n|-damage|p1a: Shez|25\/100 slp\n|-crit|p1a: Shez\n|-damage|p1a: Shez|0 fnt\n|faint|p1a: Shez\n|-hitcount|p1: Shez|2\n|-curestatus|p1b: #1 Hater|slp|[msg]\n|move|p1b: #1 Hater|Knock Off|p2b: Amoonguss\n|-crit|p2b: Amoonguss\n|-damage|p2b: Amoonguss|0 fnt\n|-enditem|p2b: Amoonguss|Covert Cloak|[from] move: Knock Off|[of] p1b: #1 Hater\n|faint|p2b: Amoonguss\n|\n|-fieldend|move: Trick Room\n|upkeep\n|\n|t:|1700418731\n|switch|p1a: King K. Rool|Krookodile, M|100\/100\n|switch|p2b: Baxcalibur|Baxcalibur, M|100\/100\n|-ability|p1a: King K. Rool|Intimidate|boost\n|-unboost|p2a: Farigiraf|atk|1\n|-unboost|p2b: Baxcalibur|atk|1\n|-damage|p2b: Baxcalibur|76\/100|[from] Stealth Rock\n|turn|6\n|\n|t:|1700418745\n|-terastallize|p2b: Baxcalibur|Ice\n|move|p2a: Farigiraf|Protect|p2a: Farigiraf\n|-singleturn|p2a: Farigiraf|Protect\n|move|p1a: King K. Rool|Rock Slide|p2a: Farigiraf|[spread] p2b\n|-activate|p2a: Farigiraf|move: Protect\n|-supereffective|p2b: Baxcalibur\n|-damage|p2b: Baxcalibur|42\/100\n|move|p2b: Baxcalibur|Icicle Spear|p1a: King K. Rool\n|-supereffective|p1a: King K. Rool\n|-damage|p1a: King K. Rool|71\/100\n|-supereffective|p1a: King K. Rool\n|-damage|p1a: King K. Rool|40\/100\n|-supereffective|p1a: King K. Rool\n|-damage|p1a: King K. Rool|10\/100\n|-supereffective|p1a: King K. Rool\n|-damage|p1a: King K. Rool|0 fnt\n|faint|p1a: King K. Rool\n|-hitcount|p1: King K. Rool|4\n|move|p1b: #1 Hater|Knock Off|p2a: Farigiraf\n|-activate|p2a: Farigiraf|move: Protect\n|\n|upkeep\n|\n|t:|1700418767\n|switch|p1a: AC\/DC|Magnezone, shiny|57\/100\n|turn|7\n|\n|t:|1700418779\n|move|p2b: Baxcalibur|Scale Shot|p1a: AC\/DC|[miss]\n|-miss|p2b: Baxcalibur|p1a: AC\/DC\n|move|p1b: #1 Hater|Thunder Wave|p2a: Farigiraf\n|-status|p2a: Farigiraf|par\n|move|p1a: AC\/DC|Volt Switch|p2b: Baxcalibur\n|-damage|p2b: Baxcalibur|6\/100\n|\n|t:|1700418790\n|switch|p1a: Charmy|Ribombee, M, shiny|100\/100|[from] Volt Switch\n|move|p2a: Farigiraf|Twin Beam|p1a: Charmy\n|-damage|p1a: Charmy|70\/100\n|-damage|p1a: Charmy|38\/100\n|-hitcount|p1a: Charmy|2\n|\n|upkeep\n|turn|8\n|\n|t:|1700418802\n|move|p2b: Baxcalibur|Ice Shard|p1a: Charmy\n|-damage|p1a: Charmy|10\/100\n|move|p1a: Charmy|Trick|p2a: Farigiraf\n|-activate|p1a: Charmy|move: Trick|[of] p2a: Farigiraf\n|-item|p2a: Farigiraf|Choice Scarf|[from] move: Trick\n|-item|p1a: Charmy|Safety Goggles|[from] move: Trick\n|move|p1b: #1 Hater|Knock Off|p2b: Baxcalibur\n|-crit|p2b: Baxcalibur\n|-damage|p2b: Baxcalibur|0 fnt\n|-enditem|p2b: Baxcalibur|Loaded Dice|[from] move: Knock Off|[of] p1b: #1 Hater\n|faint|p2b: Baxcalibur\n|move|p2a: Farigiraf|Trick Room|p2a: Farigiraf\n|-fieldstart|move: Trick Room|[of] p2a: Farigiraf\n|\n|upkeep\n|\n|t:|1700418813\n|switch|p2b: Diancie|Diancie|100\/100\n|-damage|p2b: Diancie|88\/100|[from] Stealth Rock\n|turn|9\n|\n|t:|1700418828\n|switch|p2a: Oranguru|Oranguru, F|70\/100\n|-damage|p2a: Oranguru|58\/100|[from] Stealth Rock\n|switch|p1a: AC\/DC|Magnezone, shiny|57\/100\n|move|p2b: Diancie|Diamond Storm|p1b: #1 Hater|[spread] p1a,p1b\n|-resisted|p1a: AC\/DC\n|-resisted|p1b: #1 Hater\n|-damage|p1a: AC\/DC|40\/100\n|-damage|p1b: #1 Hater|57\/100\n|move|p1b: #1 Hater|Thunder Wave|p2b: Diancie\n|-status|p2b: Diancie|par\n|\n|-heal|p1a: AC\/DC|46\/100|[from] item: Leftovers\n|upkeep\n|turn|10\n|inactive|AerBlaziken has 120 seconds left.\n|\n|t:|1700418862\n|move|p2b: Diancie|Body Press|p1a: AC\/DC\n|-supereffective|p1a: AC\/DC\n|-damage|p1a: AC\/DC|0 fnt\n|faint|p1a: AC\/DC\n|move|p2a: Oranguru|Instruct|p2b: Diancie\n|-singleturn|p2b: Diancie|move: Instruct|[of] p2a: Oranguru\n|cant|p2b: Diancie|par\n|move|p1b: #1 Hater|Knock Off|p2a: Oranguru\n|-supereffective|p2a: Oranguru\n|-damage|p2a: Oranguru|14\/100\n|-enditem|p2a: Oranguru|Mental Herb|[from] move: Knock Off|[of] p1b: #1 Hater\n|\n|upkeep\n|inactive|AerBlaziken has 120 seconds left.\n|\n|t:|1700418878\n|switch|p1a: Evaptor|Walking Wake|100\/100\n|-enditem|p1a: Evaptor|Booster Energy\n|-activate|p1a: Evaptor|ability: Protosynthesis|[fromitem]\n|-start|p1a: Evaptor|protosynthesisspe\n|turn|11\n|inactive|AerBlaziken has 120 seconds left.\n|\n|t:|1700418896\n|move|p1a: Evaptor|Protect|p1a: Evaptor\n|-singleturn|p1a: Evaptor|Protect\n|move|p2b: Diancie|Play Rough|p1a: Evaptor\n|-activate|p1a: Evaptor|move: Protect\n|move|p2a: Oranguru|Future Sight|p1b: #1 Hater\n|-start|p2a: Oranguru|move: Future Sight\n|move|p1b: #1 Hater|Knock Off|p2a: Oranguru\n|-supereffective|p2a: Oranguru\n|-damage|p2a: Oranguru|0 fnt\n|faint|p2a: Oranguru\n|\n|upkeep\n|\n|t:|1700418911\n|switch|p2a: Farigiraf|Farigiraf, M|100\/100 par\n|-damage|p2a: Farigiraf|88\/100 par|[from] Stealth Rock\n|turn|12\n|\n|t:|1700418935\n|switch|p1b: Charmy|Ribombee, M, shiny|10\/100\n|-terastallize|p1a: Evaptor|Water\n|move|p2b: Diancie|Play Rough|p1a: Evaptor\n|-damage|p1a: Evaptor|55\/100\n|move|p1a: Evaptor|Dragon Pulse|p2a: Farigiraf\n|-damage|p2a: Farigiraf|42\/100 par\n|move|p2a: Farigiraf|Trick Room|p2a: Farigiraf\n|-fieldend|move: Trick Room\n|\n|upkeep\n|turn|13\n|\n|t:|1700418961\n|move|p1a: Evaptor|Scald|p2a: Farigiraf\n|-crit|p2a: Farigiraf\n|-damage|p2a: Farigiraf|0 fnt\n|faint|p2a: Farigiraf\n|move|p1b: Charmy|Pollen Puff|p1a: Evaptor\n|-heal|p1a: Evaptor|100\/100\n|move|p2b: Diancie|Diamond Storm|p1b: Charmy|[spread] p1a,p1b\n|-supereffective|p1b: Charmy\n|-damage|p1a: Evaptor|65\/100\n|-damage|p1b: Charmy|0 fnt\n|-boost|p2b: Diancie|def|2\n|faint|p1b: Charmy\n|\n|-hint|Future Sight did not hit because the target is fainted.\n|upkeep\n|\n|t:|1700418974\n|switch|p1b: #1 Hater|Tinkaton, F|57\/100\n|switch|p2a: Chien-Pao|Chien-Pao|100\/100\n|-damage|p2a: Chien-Pao|76\/100|[from] Stealth Rock\n|-ability|p2a: Chien-Pao|Sword of Ruin\n|-ability|p1b: #1 Hater|Mold Breaker\n|turn|14\n|\n|t:|1700418995\n|move|p2a: Chien-Pao|Protect|p2a: Chien-Pao\n|-singleturn|p2a: Chien-Pao|Protect\n|move|p1a: Evaptor|Scald|p2a: Chien-Pao\n|-activate|p2a: Chien-Pao|move: Protect\n|move|p1b: #1 Hater|Knock Off|p2b: Diancie\n|-resisted|p2b: Diancie\n|-damage|p2b: Diancie|83\/100 par\n|-enditem|p2b: Diancie|Covert Cloak|[from] move: Knock Off|[of] p1b: #1 Hater\n|move|p2b: Diancie|Body Press|p1a: Evaptor\n|-damage|p1a: Evaptor|0 fnt\n|faint|p1a: Evaptor\n|-end|p1a: Evaptor|Protosynthesis|[silent]\n|\n|upkeep\n|turn|15\n|c|\u2606AerBlaziken|i thought i hit fake out\n|c|\u2606AerBlaziken|:(\n|\n|t:|1700419024\n|move|p2a: Chien-Pao|Sacred Sword|p1b: #1 Hater\n|-damage|p1b: #1 Hater|17\/100\n|move|p1b: #1 Hater|Thunder Wave|p2a: Chien-Pao\n|-status|p2a: Chien-Pao|par\n|move|p2b: Diancie|Body Press|p1b: #1 Hater\n|-damage|p1b: #1 Hater|0 fnt\n|faint|p1b: #1 Hater\n|\n|win|mahameloplatano\n|raw|AerBlaziken's rating: 1307 &rarr; <strong>1293<\/strong><br \/>(-14 for losing)\n|raw|mahameloplatano's rating: 1421 &rarr; <strong>1435<\/strong><br \/>(+14 for winning)\n","uploadtime":1700419029,"views":5,"p1id":"aerblaziken","p2id":"mahameloplatano","formatid":"gen9doublesou","rating":1293,"private":0,"password":""}