{"id":"gen9doublesou-1992404278","p1":"08videogameguy","p2":"MatheusHetero","format":"[Gen 9] Doubles OU","log":"|j|\u260608videogameguy\n|j|\u2606MatheusHetero\n|t:|1700183630\n|gametype|doubles\n|player|p1|08videogameguy|170|1000\n|player|p2|MatheusHetero|sage|1096\n|teamsize|p1|6\n|teamsize|p2|6\n|gen|9\n|tier|[Gen 9] Doubles OU\n|rated|\n|rule|Species Clause: Limit one of each Pok\u00e9mon\n|rule|OHKO Clause: OHKO moves are banned\n|rule|Evasion Moves Clause: Evasion moves are banned\n|rule|Gravity Sleep Clause: The combination of sleep-inducing moves with imperfect accuracy and Gravity or Gigantamax Orbeetle are banned\n|rule|Endless Battle Clause: Forcing endless battles is banned\n|rule|HP Percentage Mod: HP is shown in percentages\n|clearpoke\n|poke|p1|Bellibolt, M|\n|poke|p1|Raichu-Alola, M|\n|poke|p1|Wo-Chien|\n|poke|p1|Gliscor, F|\n|poke|p1|Iron Bundle|\n|poke|p1|Pawmot, F|\n|poke|p2|Glimmora, F|\n|poke|p2|Clodsire, F|\n|poke|p2|Delphox, F|\n|poke|p2|Espathra, F|\n|poke|p2|Slaking, M|\n|poke|p2|Blissey, F|\n|teampreview\n|inactive|Battle timer is ON: inactive players will automatically lose when time's up. (requested by MatheusHetero)\n|\n|t:|1700183642\n|start\n|switch|p1a: Raichu|Raichu-Alola, M|100\/100\n|switch|p1b: Iron Bundle|Iron Bundle|100\/100\n|switch|p2a: Glimmora|Glimmora, F, shiny|100\/100\n|switch|p2b: Clodsire|Clodsire, F, shiny|100\/100\n|turn|1\n|\n|t:|1700183663\n|move|p1b: Iron Bundle|Hydro Pump|p2b: Clodsire\n|-immune|p2b: Clodsire|[from] ability: Water Absorb\n|move|p1a: Raichu|Electric Terrain|p1a: Raichu\n|-fieldstart|move: Electric Terrain\n|-activate|p1b: Iron Bundle|ability: Quark Drive\n|-start|p1b: Iron Bundle|quarkdrivespe\n|move|p2a: Glimmora|Mortal Spin|p1a: Raichu|[spread] p1a,p1b\n|-damage|p1a: Raichu|92\/100\n|-damage|p1b: Iron Bundle|95\/100\n|-status|p1a: Raichu|psn\n|-status|p1b: Iron Bundle|psn\n|move|p2b: Clodsire|Stealth Rock|p1b: Iron Bundle\n|-sidestart|p1: 08videogameguy|move: Stealth Rock\n|\n|-damage|p1a: Raichu|80\/100 psn|[from] psn\n|-damage|p1b: Iron Bundle|83\/100 psn|[from] psn\n|upkeep\n|turn|2\n|\n|t:|1700183686\n|move|p1a: Raichu|Helping Hand|p1b: Iron Bundle\n|-singleturn|p1b: Iron Bundle|Helping Hand|[of] p1a: Raichu\n|move|p2a: Glimmora|Spiky Shield|p2a: Glimmora\n|-singleturn|p2a: Glimmora|move: Protect\n|move|p1b: Iron Bundle|Freeze-Dry|p2b: Clodsire\n|-supereffective|p2b: Clodsire\n|-damage|p2b: Clodsire|21\/100\n|-enditem|p2b: Clodsire|Sitrus Berry|[eat]\n|-heal|p2b: Clodsire|46\/100|[from] item: Sitrus Berry\n|-damage|p1b: Iron Bundle|73\/100 psn|[from] item: Life Orb\n|move|p2b: Clodsire|High Horsepower|p1a: Raichu\n|-supereffective|p1a: Raichu\n|-damage|p1a: Raichu|0 fnt\n|faint|p1a: Raichu\n|\n|-damage|p1b: Iron Bundle|61\/100 psn|[from] psn\n|upkeep\n|inactive|08videogameguy has 120 seconds left.\n|\n|t:|1700183715\n|switch|p1a: Pawmot|Pawmot, F|100\/100\n|-damage|p1a: Pawmot|94\/100|[from] Stealth Rock\n|turn|3\n|\n|t:|1700183737\n|move|p1b: Iron Bundle|Freeze-Dry|p2b: Clodsire\n|-supereffective|p2b: Clodsire\n|-damage|p2b: Clodsire|0 fnt\n|faint|p2b: Clodsire\n|-damage|p1b: Iron Bundle|51\/100 psn|[from] item: Life Orb\n|move|p1a: Pawmot|Revival Blessing|p1a: Pawmot\n|-enditem|p1a: Pawmot|Leppa Berry|[eat]\n|-activate|p1a: Pawmot|item: Leppa Berry|Revival Blessing|[consumed]\n|\n|t:|1700183744\n|-heal|p1: Raichu|50\/100|[from] move: Revival Blessing\n|move|p2a: Glimmora|Earth Power|p1a: Pawmot\n|-supereffective|p1a: Pawmot\n|-damage|p1a: Pawmot|0 fnt\n|faint|p1a: Pawmot\n|\n|-damage|p1b: Iron Bundle|39\/100 psn|[from] psn\n|upkeep\n|\n|t:|1700183762\n|switch|p1a: Wo-Chien|Wo-Chien|100\/100\n|switch|p2b: Espathra|Espathra, F, shiny|100\/100\n|-damage|p1a: Wo-Chien|88\/100|[from] Stealth Rock\n|-ability|p1a: Wo-Chien|Tablets of Ruin\n|turn|4\n|\n|t:|1700183783\n|switch|p2b: Blissey|Blissey, F, shiny|100\/100\n|move|p1b: Iron Bundle|Hydro Pump|p2a: Glimmora\n|-supereffective|p2a: Glimmora\n|-crit|p2a: Glimmora\n|-damage|p2a: Glimmora|0 fnt\n|faint|p2a: Glimmora\n|-damage|p1b: Iron Bundle|29\/100 psn|[from] item: Life Orb\n|move|p1a: Wo-Chien|Pollen Puff|p1b: Iron Bundle\n|-heal|p1b: Iron Bundle|79\/100 psn\n|\n|-heal|p1a: Wo-Chien|94\/100|[from] item: Leftovers\n|-damage|p1b: Iron Bundle|67\/100 psn|[from] psn\n|upkeep\n|\n|t:|1700183800\n|switch|p2a: Delphox|Delphox, F, shiny|100\/100\n|turn|5\n|\n|t:|1700183813\n|-terastallize|p2a: Delphox|Fairy\n|move|p1a: Wo-Chien|Protect|p1a: Wo-Chien\n|-singleturn|p1a: Wo-Chien|Protect\n|move|p1b: Iron Bundle|Hydro Pump|p2a: Delphox\n|-damage|p2a: Delphox|16\/100\n|-enditem|p2a: Delphox|Sitrus Berry|[eat]\n|-heal|p2a: Delphox|41\/100|[from] item: Sitrus Berry\n|-damage|p1b: Iron Bundle|57\/100 psn|[from] item: Life Orb\n|move|p2a: Delphox|Flamethrower|p1a: Wo-Chien\n|-activate|p1a: Wo-Chien|move: Protect\n|move|p2b: Blissey|Thunderbolt|p1b: Iron Bundle\n|-supereffective|p1b: Iron Bundle\n|-damage|p1b: Iron Bundle|0 fnt\n|faint|p1b: Iron Bundle\n|-end|p1b: Iron Bundle|Quark Drive|[silent]\n|\n|-heal|p1a: Wo-Chien|100\/100|[from] item: Leftovers\n|upkeep\n|inactive|08videogameguy has 120 seconds left.\n|\n|t:|1700183845\n|switch|p1b: Bellibolt|Bellibolt, M|100\/100\n|-damage|p1b: Bellibolt|88\/100|[from] Stealth Rock\n|turn|6\n|inactive|08videogameguy has 120 seconds left.\n|\n|t:|1700183874\n|move|p2a: Delphox|Flamethrower|p1a: Wo-Chien\n|-supereffective|p1a: Wo-Chien\n|-damage|p1a: Wo-Chien|52\/100\n|move|p1a: Wo-Chien|Leech Seed|p2b: Blissey\n|-start|p2b: Blissey|move: Leech Seed\n|move|p2b: Blissey|Flamethrower|p1a: Wo-Chien\n|-supereffective|p1a: Wo-Chien\n|-damage|p1a: Wo-Chien|27\/100\n|move|p1b: Bellibolt|Parabolic Charge|p2b: Blissey|[spread] p1a,p2a,p2b\n|-resisted|p1a: Wo-Chien\n|-damage|p1a: Wo-Chien|19\/100\n|-heal|p1b: Bellibolt|92\/100|[from] drain|[of] p1a: Wo-Chien\n|-damage|p2a: Delphox|8\/100\n|-heal|p1b: Bellibolt|100\/100|[from] drain|[of] p2a: Delphox\n|-damage|p2b: Blissey|92\/100\n|\n|-heal|p1a: Wo-Chien|25\/100|[from] item: Leftovers\n|-damage|p2b: Blissey|79\/100|[from] Leech Seed|[of] p1a: Wo-Chien\n|-heal|p1a: Wo-Chien|49\/100|[silent]\n|upkeep\n|turn|7\n|inactive|08videogameguy has 120 seconds left.\n|\n|t:|1700183900\n|switch|p2b: Slaking|Slaking, M, shiny|100\/100\n|move|p1a: Wo-Chien|Protect|p1a: Wo-Chien\n|-singleturn|p1a: Wo-Chien|Protect\n|move|p2a: Delphox|Flamethrower|p1a: Wo-Chien\n|-activate|p1a: Wo-Chien|move: Protect\n|move|p1b: Bellibolt|Discharge|p2b: Slaking|[spread] p2a,p2b\n|-activate|p1a: Wo-Chien|move: Protect\n|-damage|p2a: Delphox|0 fnt\n|-damage|p2b: Slaking|55\/100\n|-status|p2b: Slaking|par\n|faint|p2a: Delphox\n|\n|-heal|p1a: Wo-Chien|55\/100|[from] item: Leftovers\n|upkeep\n|\n|t:|1700183907\n|switch|p2a: Espathra|Espathra, F, shiny|100\/100\n|turn|8\n|inactive|08videogameguy has 120 seconds left.\n|\n|t:|1700183934\n|move|p2a: Espathra|Skill Swap|p2b: Slaking\n|-activate|p2a: Espathra|move: Skill Swap|||[of] p2b: Slaking\n|move|p1a: Wo-Chien|Ruination|p2a: Espathra\n|-damage|p2a: Espathra|50\/100\n|-enditem|p2a: Espathra|Sitrus Berry|[eat]\n|-heal|p2a: Espathra|75\/100|[from] item: Sitrus Berry\n|move|p2b: Slaking|Drain Punch|p1a: Wo-Chien\n|-supereffective|p1a: Wo-Chien\n|-damage|p1a: Wo-Chien|17\/100\n|-heal|p2b: Slaking|71\/100 par|[from] drain|[of] p1a: Wo-Chien\n|move|p1b: Bellibolt|Discharge|p2a: Espathra|[spread] p1a,p2a,p2b\n|-resisted|p1a: Wo-Chien\n|-damage|p1a: Wo-Chien|7\/100\n|-damage|p2a: Espathra|5\/100\n|-damage|p2b: Slaking|25\/100 par\n|-status|p1a: Wo-Chien|par\n|-enditem|p2b: Slaking|Sitrus Berry|[eat]\n|-heal|p2b: Slaking|50\/100 par|[from] item: Sitrus Berry\n|\n|-heal|p1a: Wo-Chien|13\/100 par|[from] item: Leftovers\n|-fieldend|move: Electric Terrain\n|-ability|p2b: Slaking|Speed Boost|boost\n|-boost|p2b: Slaking|spe|1\n|upkeep\n|turn|9\n|inactive|08videogameguy has 120 seconds left.\n|inactive|MatheusHetero has 120 seconds left.\n|\n|t:|1700183966\n|switch|p2a: Blissey|Blissey, F, shiny|79\/100\n|cant|p1a: Wo-Chien|par\n|move|p2b: Slaking|Drain Punch|p1b: Bellibolt\n|-damage|p1b: Bellibolt|80\/100\n|-heal|p2b: Slaking|60\/100 par|[from] drain|[of] p1b: Bellibolt\n|-start|p1b: Bellibolt|Charge|Drain Punch|[from] ability: Electromorphosis\n|move|p1b: Bellibolt|Parabolic Charge|p2b: Slaking|[spread] p1a,p2a,p2b\n|-resisted|p1a: Wo-Chien\n|-damage|p1a: Wo-Chien|1\/100 par\n|-heal|p1b: Bellibolt|85\/100|[from] drain|[of] p1a: Wo-Chien\n|-damage|p2a: Blissey|64\/100\n|-heal|p1b: Bellibolt|98\/100|[from] drain|[of] p2a: Blissey\n|-damage|p2b: Slaking|6\/100 par\n|-heal|p1b: Bellibolt|100\/100|[from] drain|[of] p2b: Slaking\n|-end|p1b: Bellibolt|Charge|[silent]\n|\n|-heal|p1a: Wo-Chien|7\/100 par|[from] item: Leftovers\n|-ability|p2b: Slaking|Speed Boost|boost\n|-boost|p2b: Slaking|spe|1\n|upkeep\n|turn|10\n|inactive|08videogameguy has 120 seconds left.\n|inactive|MatheusHetero has 120 seconds left.\n|\n|t:|1700184005\n|move|p1a: Wo-Chien|Protect|p1a: Wo-Chien\n|-singleturn|p1a: Wo-Chien|Protect\n|move|p2b: Slaking|Drain Punch|p1b: Bellibolt\n|-damage|p1b: Bellibolt|81\/100\n|-heal|p2b: Slaking|15\/100 par|[from] drain|[of] p1b: Bellibolt\n|-start|p1b: Bellibolt|Charge|Drain Punch|[from] ability: Electromorphosis\n|move|p2a: Blissey|Life Dew|p2a: Blissey|[spread] p2a,p2b\n|-heal|p2a: Blissey|89\/100\n|-heal|p2b: Slaking|40\/100 par\n|move|p1b: Bellibolt|Parabolic Charge|p2b: Slaking|[spread] p2a,p2b\n|-activate|p1a: Wo-Chien|move: Protect\n|-damage|p2a: Blissey|73\/100\n|-heal|p1b: Bellibolt|94\/100|[from] drain|[of] p2a: Blissey\n|-damage|p2b: Slaking|0 fnt\n|-heal|p1b: Bellibolt|100\/100|[from] drain|[of] p2b: Slaking\n|faint|p2b: Slaking\n|-end|p1b: Bellibolt|Charge|[silent]\n|\n|-heal|p1a: Wo-Chien|14\/100 par|[from] item: Leftovers\n|upkeep\n|\n|t:|1700184024\n|switch|p2b: Espathra|Espathra, F, shiny|5\/100\n|turn|11\n|inactive|MatheusHetero has 120 seconds left.\n|-message|MatheusHetero forfeited.\n|\n|win|08videogameguy\n|raw|08videogameguy's rating: 1000 &rarr; <strong>1051<\/strong><br \/>(+51 for winning)\n|raw|MatheusHetero's rating: 1096 &rarr; <strong>1065<\/strong><br \/>(-31 for losing)\n|l|\u2606MatheusHetero\n","uploadtime":1700184049,"views":13,"p1id":"08videogameguy","p2id":"matheushetero","formatid":"gen9doublesou","rating":1051,"private":0,"password":""}