{"id":"gen9doublesou-1979665950","p1":"Ravvenn98","p2":"Zadom123","format":"[Gen 9] Doubles OU","log":"|j|\u2606Ravvenn98\n|j|\u2606Zadom123\n|t:|1698701335\n|gametype|doubles\n|player|p1|Ravvenn98|steven|1174\n|player|p2|Zadom123|2|1097\n|teamsize|p1|6\n|teamsize|p2|6\n|gen|9\n|tier|[Gen 9] Doubles OU\n|rated|\n|rule|Species Clause: Limit one of each Pok\u00e9mon\n|rule|OHKO Clause: OHKO moves are banned\n|rule|Evasion Moves Clause: Evasion moves are banned\n|rule|Gravity Sleep Clause: The combination of sleep-inducing moves with imperfect accuracy and Gravity or Gigantamax Orbeetle are banned\n|rule|Endless Battle Clause: Forcing endless battles is banned\n|rule|HP Percentage Mod: HP is shown in percentages\n|clearpoke\n|poke|p1|Maushold|\n|poke|p1|Quagsire, M|\n|poke|p1|Dipplin, F|\n|poke|p1|Tornadus, M|\n|poke|p1|Chien-Pao|\n|poke|p1|Volcanion|\n|poke|p2|Amoonguss, F|\n|poke|p2|Torkoal, M|\n|poke|p2|Cresselia, F|\n|poke|p2|Scream Tail|\n|poke|p2|Ursaluna, F|\n|poke|p2|Breloom, F|\n|teampreview\n|inactive|Battle timer is ON: inactive players will automatically lose when time's up. (requested by Zadom123)\n|c|\u2606Zadom123|your team\n|c|\u2606Zadom123|it has all my least favority pkm\n|inactive|Zadom123 has 120 seconds left.\n|\n|t:|1698701367\n|start\n|switch|p1a: Quagsire|Quagsire, M|100\/100\n|switch|p1b: Tornadus|Tornadus, M|100\/100\n|switch|p2a: Cresselia|Cresselia, F|100\/100\n|switch|p2b: Ursaluna|Ursaluna, F, shiny|100\/100\n|turn|1\n|c|\u2606Ravvenn98|such is life sometimes\n|c|\u2606Zadom123|yea\n|\n|t:|1698701383\n|move|p2b: Ursaluna|Protect|p2b: Ursaluna\n|-singleturn|p2b: Ursaluna|Protect\n|move|p1b: Tornadus|Swagger|p1a: Quagsire\n|-boost|p1a: Quagsire|atk|2\n|-start|p1a: Quagsire|confusion\n|-enditem|p1a: Quagsire|Lum Berry|[eat]\n|-end|p1a: Quagsire|confusion\n|move|p1a: Quagsire|Aqua Tail|p2b: Ursaluna\n|-activate|p2b: Ursaluna|move: Protect\n|move|p2a: Cresselia|Trick Room|p2a: Cresselia\n|-fieldstart|move: Trick Room|[of] p2a: Cresselia\n|\n|-status|p2b: Ursaluna|brn|[from] item: Flame Orb\n|upkeep\n|turn|2\n|c|\u2606Zadom123|at least its not an exact copy of woflies team :)\n|inactive|Ravvenn98 has 120 seconds left.\n|inactive|Zadom123 has 120 seconds left.\n|\n|t:|1698701419\n|move|p1a: Quagsire|Ice Punch|p2b: Ursaluna\n|-supereffective|p2b: Ursaluna\n|-damage|p2b: Ursaluna|44\/100 brn\n|move|p2b: Ursaluna|Facade|p1a: Quagsire\n|-damage|p1a: Quagsire|0 fnt\n|faint|p1a: Quagsire\n|move|p2a: Cresselia|Moonblast|p1b: Tornadus\n|-damage|p1b: Tornadus|82\/100\n|move|p1b: Tornadus|Bleakwind Storm|p2a: Cresselia|[spread] p2b\n|-miss|p1b: Tornadus|p2a: Cresselia\n|-damage|p2b: Ursaluna|14\/100 brn\n|-unboost|p2b: Ursaluna|spe|1\n|\n|-damage|p2b: Ursaluna|8\/100 brn|[from] brn\n|upkeep\n|c|\u2606Ravvenn98|wolfie?\n|inactive|Ravvenn98 has 120 seconds left.\n|c|\u2606Zadom123|yea\n|\n|t:|1698701431\n|switch|p1a: Chien-Pao|Chien-Pao|100\/100\n|-ability|p1a: Chien-Pao|Sword of Ruin\n|turn|3\n|c|\u2606Zadom123|his kommo and snorlax team has been everywhere\n|\n|t:|1698701445\n|move|p1a: Chien-Pao|Sucker Punch|p2b: Ursaluna\n|-crit|p2b: Ursaluna\n|-damage|p2b: Ursaluna|0 fnt\n|faint|p2b: Ursaluna\n|move|p2a: Cresselia|Lunar Blessing||[still]\n|-fail|p2a: Cresselia\n|move|p1b: Tornadus|Bleakwind Storm|p2a: Cresselia\n|-damage|p2a: Cresselia|78\/100\n|\n|upkeep\n|c|\u2606Ravvenn98|I don't know who that is tbh\n|\n|t:|1698701453\n|switch|p2b: Torkoal|Torkoal, M|100\/100\n|-weather|SunnyDay|[from] ability: Drought|[of] p2b: Torkoal\n|turn|4\n|c|\u2606Zadom123|oh the m1 youtube channel\n|\n|t:|1698701466\n|move|p1b: Tornadus|Protect|p1b: Tornadus\n|-singleturn|p1b: Tornadus|Protect\n|move|p2b: Torkoal|Eruption|p1b: Tornadus|[spread] p1a\n|-activate|p1b: Tornadus|move: Protect\n|-supereffective|p1a: Chien-Pao\n|-enditem|p1a: Chien-Pao|Focus Sash\n|-damage|p1a: Chien-Pao|1\/100\n|move|p2a: Cresselia|Reflect|p2a: Cresselia\n|-sidestart|p2: Zadom123|Reflect\n|move|p1a: Chien-Pao|Throat Chop|p2a: Cresselia\n|-supereffective|p2a: Cresselia\n|-damage|p2a: Cresselia|29\/100\n|-start|p2a: Cresselia|Throat Chop|[silent]\n|\n|-weather|SunnyDay|[upkeep]\n|upkeep\n|turn|5\n|\n|t:|1698701484\n|move|p1a: Chien-Pao|Sucker Punch|p2b: Torkoal\n|-damage|p2b: Torkoal|74\/100\n|move|p2b: Torkoal|Eruption|p1a: Chien-Pao|[spread] p1a,p1b\n|-supereffective|p1a: Chien-Pao\n|-damage|p1a: Chien-Pao|0 fnt\n|-damage|p1b: Tornadus|31\/100\n|faint|p1a: Chien-Pao\n|move|p2a: Cresselia|Lunar Blessing|p2a: Cresselia|[spread] p2a,p2b\n|-heal|p2a: Cresselia|54\/100\n|-heal|p2b: Torkoal|98\/100\n|move|p1b: Tornadus|Bleakwind Storm|p2b: Torkoal|[spread] p2a,p2b\n|-damage|p2a: Cresselia|35\/100\n|-damage|p2b: Torkoal|62\/100\n|-unboost|p2a: Cresselia|spe|1\n|\n|-weather|SunnyDay|[upkeep]\n|-heal|p2b: Torkoal|68\/100|[from] item: Leftovers\n|-end|p2a: Cresselia|Throat Chop|[silent]\n|-fieldend|move: Trick Room\n|upkeep\n|\n|t:|1698701501\n|switch|p1a: Volcanion|Volcanion|100\/100\n|turn|6\n|\n|t:|1698701527\n|move|p1b: Tornadus|Bleakwind Storm|p2b: Torkoal|[spread] p2a,p2b\n|-damage|p2a: Cresselia|17\/100\n|-damage|p2b: Torkoal|33\/100\n|-unboost|p2b: Torkoal|spe|1\n|move|p1a: Volcanion|Steam Eruption|p2b: Torkoal\n|-supereffective|p2b: Torkoal\n|-damage|p2b: Torkoal|0 fnt\n|faint|p2b: Torkoal\n|move|p2a: Cresselia|Lunar Blessing|p2a: Cresselia\n|-heal|p2a: Cresselia|41\/100\n|\n|-weather|SunnyDay|[upkeep]\n|upkeep\n|inactive|Zadom123 has 120 seconds left.\n|\n|t:|1698701539\n|switch|p2b: Breloom|Breloom, F|100\/100\n|turn|7\n|\n|t:|1698701556\n|-terastallize|p2b: Breloom|Dragon\n|move|p2b: Breloom|Spore|p1a: Volcanion\n|-status|p1a: Volcanion|slp|[from] move: Spore\n|move|p1b: Tornadus|Bleakwind Storm|p2b: Breloom|[spread] p2a\n|-miss|p1b: Tornadus|p2b: Breloom\n|-damage|p2a: Cresselia|24\/100\n|cant|p1a: Volcanion|slp\n|move|p2a: Cresselia|Lunar Blessing|p2a: Cresselia|[spread] p2a,p2b\n|-heal|p2a: Cresselia|49\/100\n|\n|-weather|SunnyDay|[upkeep]\n|upkeep\n|turn|8\n|\n|t:|1698701574\n|move|p2b: Breloom|Spore|p1b: Tornadus\n|-status|p1b: Tornadus|slp|[from] move: Spore\n|cant|p1b: Tornadus|slp\n|cant|p1a: Volcanion|slp\n|move|p2a: Cresselia|Moonblast|p1b: Tornadus\n|-damage|p1b: Tornadus|12\/100 slp\n|\n|-weather|none\n|-sideend|p2: Zadom123|Reflect\n|upkeep\n|turn|9\n|\n|t:|1698701592\n|switch|p2b: Scream Tail|Scream Tail|100\/100\n|-enditem|p2b: Scream Tail|Booster Energy\n|-activate|p2b: Scream Tail|ability: Protosynthesis|[fromitem]\n|-start|p2b: Scream Tail|protosynthesisspd\n|-curestatus|p1b: Tornadus|slp|[msg]\n|move|p1b: Tornadus|Bleakwind Storm|p2a: Cresselia|[spread] p2a,p2b\n|-damage|p2a: Cresselia|30\/100\n|-damage|p2b: Scream Tail|85\/100\n|-curestatus|p1a: Volcanion|slp|[msg]\n|move|p1a: Volcanion|Sludge Bomb|p2b: Scream Tail\n|-supereffective|p2b: Scream Tail\n|-damage|p2b: Scream Tail|52\/100\n|move|p2a: Cresselia|Moonblast|p1b: Tornadus\n|-damage|p1b: Tornadus|0 fnt\n|faint|p1b: Tornadus\n|\n|upkeep\n|\n|t:|1698701607\n|switch|p1b: Maushold|Maushold|100\/100\n|turn|10\n|\n|t:|1698701621\n|-end|p2b: Scream Tail|Protosynthesis|[silent]\n|switch|p2b: Breloom|Breloom, F, tera:Dragon|100\/100\n|move|p1a: Volcanion|Steam Eruption|p2a: Cresselia\n|-damage|p2a: Cresselia|0 fnt\n|faint|p2a: Cresselia\n|move|p1b: Maushold|Switcheroo|p2b: Breloom\n|-activate|p1b: Maushold|move: Trick|[of] p2b: Breloom\n|-item|p2b: Breloom|Lagging Tail|[from] move: Switcheroo\n|-item|p1b: Maushold|Choice Scarf|[from] move: Switcheroo\n|\n|upkeep\n|\n|t:|1698701630\n|switch|p2a: Scream Tail|Scream Tail|52\/100\n|turn|11\n|\n|t:|1698701650\n|move|p1b: Maushold|Taunt|p2b: Breloom\n|-start|p2b: Breloom|move: Taunt\n|move|p2a: Scream Tail|Perish Song|p2a: Scream Tail\n|-start|p1a: Volcanion|perish3|[silent]\n|-start|p1b: Maushold|perish3|[silent]\n|-start|p2a: Scream Tail|perish3|[silent]\n|-start|p2b: Breloom|perish3|[silent]\n|-fieldactivate|move: Perish Song\n|move|p1a: Volcanion|Steam Eruption|p2b: Breloom\n|-resisted|p2b: Breloom\n|-damage|p2b: Breloom|44\/100\n|move|p2b: Breloom|Close Combat|p1b: Maushold\n|-supereffective|p1b: Maushold\n|-damage|p1b: Maushold|0 fnt\n|-unboost|p2b: Breloom|def|1\n|-unboost|p2b: Breloom|spd|1\n|faint|p1b: Maushold\n|\n|-start|p2a: Scream Tail|perish3\n|-start|p2b: Breloom|perish3\n|-start|p1a: Volcanion|perish3\n|upkeep\n|\n|t:|1698701660\n|switch|p1b: Dipplin|Dipplin, F, shiny|100\/100\n|-ability|p1b: Dipplin|Supersweet Syrup\n|-ability|p1b: Dipplin|Supersweet Syrup|boost\n|-unboost|p2a: Scream Tail|evasion|1\n|-unboost|p2b: Breloom|evasion|1\n|turn|12\n|inactive|Zadom123 has 120 seconds left.\n|\n|t:|1698701702\n|-terastallize|p1b: Dipplin|Fairy\n|move|p2a: Scream Tail|Perish Song|p2a: Scream Tail\n|-start|p1b: Dipplin|perish3|[silent]\n|-fieldactivate|move: Perish Song\n|move|p1a: Volcanion|Fire Blast|p2a: Scream Tail\n|-crit|p2a: Scream Tail\n|-damage|p2a: Scream Tail|0 fnt\n|faint|p2a: Scream Tail\n|-end|p2a: Scream Tail|Protosynthesis|[silent]\n|move|p1b: Dipplin|Dragon Pulse|p2b: Breloom\n|-supereffective|p2b: Breloom\n|-damage|p2b: Breloom|0 fnt\n|faint|p2b: Breloom\n|\n|-start|p1a: Volcanion|perish2\n|-start|p1b: Dipplin|perish3\n|upkeep\n|c|\u2606Zadom123|oh\n|c|\u2606Zadom123|thats ackward\n|\n|t:|1698701717\n|switch|p2b: Amoonguss|Amoonguss, F|100\/100\n|turn|13\n|\n|t:|1698701724\n|move|p1a: Volcanion|Fire Blast|p2b: Amoonguss\n|-supereffective|p2b: Amoonguss\n|-damage|p2b: Amoonguss|1\/100\n|move|p1b: Dipplin|Dragon Pulse|p2b: Amoonguss\n|-damage|p2b: Amoonguss|0 fnt\n|faint|p2b: Amoonguss\n|\n|win|Ravvenn98\n|raw|Ravvenn98's rating: 1174 &rarr; <strong>1194<\/strong><br \/>(+20 for winning)\n|raw|Zadom123's rating: 1097 &rarr; <strong>1078<\/strong><br \/>(-19 for losing)\n|c|\u2606Zadom123|gg\n|c|\u2606Ravvenn98|gg\n|l|\u2606Zadom123\n","uploadtime":1698701751,"views":24,"p1id":"ravvenn98","p2id":"zadom123","formatid":"gen9doublesou","rating":1078,"private":0,"password":""}