{"id":"gen9doublesou-1974657119","p1":"Thehombre","p2":"POG520","format":"[Gen 9] Doubles OU","log":"|j|\u2606Thehombre\n|j|\u2606POG520\n|t:|1698107334\n|gametype|doubles\n|player|p1|Thehombre|265|1044\n|player|p2|POG520|acetrainer-gen4dp|1083\n|teamsize|p1|6\n|teamsize|p2|6\n|gen|9\n|tier|[Gen 9] Doubles OU\n|rated|\n|rule|Species Clause: Limit one of each Pok\u00e9mon\n|rule|OHKO Clause: OHKO moves are banned\n|rule|Evasion Moves Clause: Evasion moves are banned\n|rule|Gravity Sleep Clause: The combination of sleep-inducing moves with imperfect accuracy and Gravity or Gigantamax Orbeetle are banned\n|rule|Endless Battle Clause: Forcing endless battles is banned\n|rule|HP Percentage Mod: HP is shown in percentages\n|clearpoke\n|poke|p1|Flutter Mane|\n|poke|p1|Tornadus, M|\n|poke|p1|Vaporeon, F|\n|poke|p1|Roaring Moon|\n|poke|p1|Ogerpon-Hearthflame, F|\n|poke|p1|Murkrow, M|\n|poke|p2|Amoonguss, M|\n|poke|p2|Ogerpon-Wellspring, F|\n|poke|p2|Gholdengo|\n|poke|p2|Flutter Mane|\n|poke|p2|Goodra-Hisui, M|\n|poke|p2|Regidrago|\n|teampreview\n|\n|t:|1698107340\n|start\n|switch|p1a: Murkrow|Murkrow, M|100\/100\n|switch|p1b: Tornadus|Tornadus, M|100\/100\n|switch|p2a: Regidrago|Regidrago|100\/100\n|switch|p2b: Flutter Mane|Flutter Mane|100\/100\n|-enditem|p2b: Flutter Mane|Booster Energy\n|-activate|p2b: Flutter Mane|ability: Protosynthesis|[fromitem]\n|-start|p2b: Flutter Mane|protosynthesisspa\n|turn|1\n|inactive|Battle timer is ON: inactive players will automatically lose when time's up. (requested by Thehombre)\n|\n|t:|1698107359\n|move|p2b: Flutter Mane|Helping Hand|p2a: Regidrago\n|-singleturn|p2a: Regidrago|Helping Hand|[of] p2b: Flutter Mane\n|move|p1a: Murkrow|Thunder Wave|p2a: Regidrago\n|-status|p2a: Regidrago|par\n|move|p1b: Tornadus|Bleakwind Storm|p2a: Regidrago|[spread] p2a,p2b\n|-damage|p2a: Regidrago|73\/100 par\n|-damage|p2b: Flutter Mane|70\/100\n|move|p2a: Regidrago|Dragon Energy|p1a: Murkrow|[spread] p1a,p1b\n|-damage|p1a: Murkrow|23\/100\n|-enditem|p1b: Tornadus|Focus Sash\n|-damage|p1b: Tornadus|1\/100\n|\n|upkeep\n|turn|2\n|\n|t:|1698107376\n|move|p1a: Murkrow|Thunder Wave|p2b: Flutter Mane\n|-status|p2b: Flutter Mane|par\n|move|p1b: Tornadus|Bleakwind Storm|p2b: Flutter Mane|[spread] p2a,p2b\n|-damage|p2a: Regidrago|44\/100 par\n|-damage|p2b: Flutter Mane|36\/100 par\n|-unboost|p2a: Regidrago|spe|1\n|move|p2b: Flutter Mane|Calm Mind|p2b: Flutter Mane\n|-boost|p2b: Flutter Mane|spa|1\n|-boost|p2b: Flutter Mane|spd|1\n|cant|p2a: Regidrago|par\n|\n|upkeep\n|turn|3\n|\n|t:|1698107400\n|move|p1b: Tornadus|Bleakwind Storm|p2a: Regidrago|[spread] p2a,p2b\n|-damage|p2a: Regidrago|15\/100 par\n|-damage|p2b: Flutter Mane|12\/100 par\n|-unboost|p2a: Regidrago|spe|1\n|move|p1a: Murkrow|Foul Play|p2b: Flutter Mane\n|-damage|p2b: Flutter Mane|0 fnt\n|faint|p2b: Flutter Mane\n|-end|p2b: Flutter Mane|Protosynthesis|[silent]\n|move|p2a: Regidrago|Dragon Energy|p1a: Murkrow|[spread] p1a,p1b\n|-damage|p1a: Murkrow|13\/100\n|-damage|p1b: Tornadus|0 fnt\n|faint|p1b: Tornadus\n|\n|upkeep\n|\n|t:|1698107414\n|switch|p1b: Flutter Mane|Flutter Mane|100\/100\n|switch|p2b: Ogerpon|Ogerpon-Wellspring, F|100\/100\n|turn|4\n|\n|t:|1698107423\n|move|p1a: Murkrow|Thunder Wave|p2b: Ogerpon\n|-status|p2b: Ogerpon|par\n|move|p1b: Flutter Mane|Calm Mind|p1b: Flutter Mane\n|-boost|p1b: Flutter Mane|spa|1\n|-boost|p1b: Flutter Mane|spd|1\n|move|p2b: Ogerpon|Ivy Cudgel|p1b: Flutter Mane\n|-damage|p1b: Flutter Mane|0 fnt\n|faint|p1b: Flutter Mane\n|-end|p1b: Flutter Mane|Protosynthesis|[silent]\n|cant|p2a: Regidrago|par\n|\n|upkeep\n|\n|t:|1698107434\n|switch|p1b: Roaring Moon|Roaring Moon|100\/100\n|turn|5\n|\n|t:|1698107441\n|move|p1b: Roaring Moon|Dragon Dance|p1b: Roaring Moon\n|-boost|p1b: Roaring Moon|atk|1\n|-boost|p1b: Roaring Moon|spe|1\n|move|p1a: Murkrow|Foul Play|p2b: Ogerpon\n|-crit|p2b: Ogerpon\n|-damage|p2b: Ogerpon|45\/100 par\n|move|p2b: Ogerpon|Ivy Cudgel|p1b: Roaring Moon\n|-resisted|p1b: Roaring Moon\n|-damage|p1b: Roaring Moon|72\/100\n|cant|p2a: Regidrago|par\n|\n|upkeep\n|turn|6\n|\n|t:|1698107461\n|switch|p2a: Goodra|Goodra-Hisui, M|100\/100\n|move|p1b: Roaring Moon|Crunch|p2b: Ogerpon\n|-damage|p2b: Ogerpon|0 fnt\n|faint|p2b: Ogerpon\n|move|p1a: Murkrow|Foul Play|p2a: Goodra\n|-damage|p2a: Goodra|57\/100\n|-ability|p2a: Goodra|Gooey\n|-unboost|p1a: Murkrow|spe|1\n|\n|upkeep\n|\n|t:|1698107474\n|switch|p2b: Gholdengo|Gholdengo|100\/100\n|turn|7\n|\n|t:|1698107488\n|move|p1a: Murkrow|Thunder Wave|p2a: Goodra\n|-status|p2a: Goodra|par\n|move|p1b: Roaring Moon|Crunch|p2b: Gholdengo\n|-supereffective|p2b: Gholdengo\n|-damage|p2b: Gholdengo|0 fnt\n|faint|p2b: Gholdengo\n|cant|p2a: Goodra|par\n|\n|upkeep\n|\n|t:|1698107497\n|switch|p2b: Amoonguss|Amoonguss, M, shiny|100\/100\n|turn|8\n|\n|t:|1698107506\n|move|p2b: Amoonguss|Rage Powder|p2b: Amoonguss\n|-singleturn|p2b: Amoonguss|move: Rage Powder\n|move|p1a: Murkrow|Taunt|p2b: Amoonguss\n|-start|p2b: Amoonguss|move: Taunt\n|move|p1b: Roaring Moon|Crunch|p2b: Amoonguss\n|-damage|p2b: Amoonguss|30\/100\n|move|p2a: Goodra|Dragon Claw|p1b: Roaring Moon\n|-supereffective|p1b: Roaring Moon\n|-damage|p1b: Roaring Moon|0 fnt\n|faint|p1b: Roaring Moon\n|-end|p1b: Roaring Moon|Protosynthesis|[silent]\n|\n|upkeep\n|\n|t:|1698107519\n|switch|p1b: Ogerpon|Ogerpon-Hearthflame, F|100\/100\n|-ability|p1b: Ogerpon|Mold Breaker\n|turn|9\n|\n|t:|1698107535\n|move|p1b: Ogerpon|Ivy Cudgel|p2a: Goodra\n|-damage|p2a: Goodra|0 fnt\n|faint|p2a: Goodra\n|move|p1a: Murkrow|Foul Play|p2b: Amoonguss\n|-damage|p2b: Amoonguss|7\/100\n|-enditem|p2b: Amoonguss|Figy Berry|[eat]\n|-heal|p2b: Amoonguss|40\/100|[from] item: Figy Berry\n|move|p2b: Amoonguss|Pollen Puff|p2: Goodra|[notarget]\n|-fail|p2b: Amoonguss\n|\n|upkeep\n|\n|t:|1698107545\n|switch|p2a: Regidrago|Regidrago|15\/100 par\n|turn|10\n|c|\u2606POG520|GG\n|\n|t:|1698107555\n|-terastallize|p2a: Regidrago|Dragon\n|move|p1b: Ogerpon|Ivy Cudgel|p2a: Regidrago\n|-resisted|p2a: Regidrago\n|-crit|p2a: Regidrago\n|-damage|p2a: Regidrago|0 fnt\n|faint|p2a: Regidrago\n|move|p1a: Murkrow|Foul Play|p2b: Amoonguss\n|-damage|p2b: Amoonguss|19\/100\n|move|p2b: Amoonguss|Pollen Puff|p2: Regidrago|[notarget]\n|-fail|p2b: Amoonguss\n|\n|upkeep\n|turn|11\n|c|\u2606Thehombre|Gg\n|\n|t:|1698107566\n|-terastallize|p1b: Ogerpon|Fire\n|detailschange|p1b: Ogerpon|Ogerpon-Hearthflame-Tera, F, tera:Fire\n|-ability|p1b: Ogerpon|Embody Aspect (Hearthflame)|boost\n|-boost|p1b: Ogerpon|atk|1\n|move|p1b: Ogerpon|Ivy Cudgel|p2b: Amoonguss\n|-supereffective|p2b: Amoonguss\n|-damage|p2b: Amoonguss|0 fnt\n|faint|p2b: Amoonguss\n|\n|win|Thehombre\n|raw|Thehombre's rating: 1044 &rarr; <strong>1081<\/strong><br \/>(+37 for winning)\n|raw|POG520's rating: 1083 &rarr; <strong>1058<\/strong><br \/>(-25 for losing)\n","uploadtime":1698107571,"views":13,"p1id":"thehombre","p2id":"pog520","formatid":"gen9doublesou","rating":1058,"private":0,"password":""}