{"id":"gen9doublesou-1988054441","p1":"Shiptoaststatus","p2":"yacdog1410","format":"[Gen 9] Doubles OU","log":"|j|\u2606Shiptoaststatus\n|j|\u2606yacdog1410\n|t:|1699663955\n|gametype|doubles\n|player|p1|Shiptoaststatus|170|1052\n|player|p2|yacdog1410|lucas|1000\n|teamsize|p1|6\n|teamsize|p2|6\n|gen|9\n|tier|[Gen 9] Doubles OU\n|rated|\n|rule|Species Clause: Limit one of each Pok\u00e9mon\n|rule|OHKO Clause: OHKO moves are banned\n|rule|Evasion Moves Clause: Evasion moves are banned\n|rule|Gravity Sleep Clause: The combination of sleep-inducing moves with imperfect accuracy and Gravity or Gigantamax Orbeetle are banned\n|rule|Endless Battle Clause: Forcing endless battles is banned\n|rule|HP Percentage Mod: HP is shown in percentages\n|clearpoke\n|poke|p1|Slaking, M|\n|poke|p1|Altaria, M|\n|poke|p1|Medicham, M|\n|poke|p1|Clefairy, F|\n|poke|p1|Breloom, M|\n|poke|p1|Tornadus, M|\n|poke|p2|Iron Valiant|\n|poke|p2|Pincurchin, F|\n|poke|p2|Walking Wake|\n|poke|p2|Torkoal, M|\n|poke|p2|Glimmora, M|\n|poke|p2|Kingambit, F|\n|teampreview\n|inactive|Battle timer is ON: inactive players will automatically lose when time's up. (requested by yacdog1410)\n|\n|t:|1699663970\n|start\n|switch|p1a: Tornadus|Tornadus, M|100\/100\n|switch|p1b: Breloom|Breloom, M, shiny|100\/100\n|switch|p2a: Pincurchin|Pincurchin, F|100\/100\n|switch|p2b: Iron Valiant|Iron Valiant|100\/100\n|-fieldstart|move: Electric Terrain|[from] ability: Electric Surge|[of] p2a: Pincurchin\n|-activate|p2b: Iron Valiant|ability: Quark Drive\n|-start|p2b: Iron Valiant|quarkdriveatk\n|turn|1\n|\n|t:|1699663989\n|move|p2b: Iron Valiant|Protect|p2b: Iron Valiant\n|-singleturn|p2b: Iron Valiant|Protect\n|move|p2a: Pincurchin|Protect|p2a: Pincurchin\n|-singleturn|p2a: Pincurchin|Protect\n|move|p1a: Tornadus|Tailwind|p1a: Tornadus\n|-sidestart|p1: Shiptoaststatus|move: Tailwind\n|move|p1b: Breloom|Spore|p2b: Iron Valiant\n|-activate|p2b: Iron Valiant|move: Protect\n|\n|upkeep\n|turn|2\n|inactive|yacdog1410 has 120 seconds left.\n|\n|t:|1699664032\n|-end|p2b: Iron Valiant|Quark Drive|[silent]\n|switch|p2b: Glimmora|Glimmora, M|100\/100\n|move|p1a: Tornadus|Foul Play|p2b: Glimmora\n|-damage|p2b: Glimmora|91\/100\n|-activate|p2b: Glimmora|ability: Toxic Debris\n|-sidestart|p1: Shiptoaststatus|move: Toxic Spikes\n|move|p1b: Breloom|Bullet Seed|p2b: Glimmora\n|-damage|p2b: Glimmora|71\/100\n|-activate|p2b: Glimmora|ability: Toxic Debris\n|-sidestart|p1: Shiptoaststatus|move: Toxic Spikes\n|-damage|p2b: Glimmora|54\/100\n|-damage|p2b: Glimmora|34\/100\n|-damage|p2b: Glimmora|15\/100\n|-hitcount|p2b: Glimmora|4\n|move|p2a: Pincurchin|Thunder Wave|p1b: Breloom\n|-status|p1b: Breloom|par\n|\n|-heal|p2b: Glimmora|22\/100|[from] item: Leftovers\n|upkeep\n|turn|3\n|inactive|yacdog1410 has 120 seconds left.\n|inactive|Shiptoaststatus has 120 seconds left.\n|\n|t:|1699664080\n|move|p2b: Glimmora|Spiky Shield|p2b: Glimmora\n|-singleturn|p2b: Glimmora|move: Protect\n|move|p1a: Tornadus|Foul Play|p2a: Pincurchin\n|-damage|p2a: Pincurchin|79\/100\n|cant|p1b: Breloom|par\n|move|p2a: Pincurchin|Discharge|p1a: Tornadus|[spread] p1a,p1b\n|-activate|p2b: Glimmora|move: Protect\n|-supereffective|p1a: Tornadus\n|-resisted|p1b: Breloom\n|-crit|p1b: Breloom\n|-damage|p1a: Tornadus|28\/100\n|-damage|p1b: Breloom|57\/100 par\n|\n|-heal|p2b: Glimmora|28\/100|[from] item: Leftovers\n|-heal|p2a: Pincurchin|85\/100|[from] item: Leftovers\n|upkeep\n|turn|4\n|inactive|Shiptoaststatus has 120 seconds left.\n|inactive|yacdog1410 has 120 seconds left.\n|\n|t:|1699664104\n|switch|p2b: Iron Valiant|Iron Valiant|100\/100\n|-activate|p2b: Iron Valiant|ability: Quark Drive\n|-start|p2b: Iron Valiant|quarkdriveatk\n|move|p1b: Breloom|Mach Punch|p2a: Pincurchin\n|-damage|p2a: Pincurchin|40\/100\n|move|p1a: Tornadus|Bleakwind Storm|p2b: Iron Valiant|[spread] p2a,p2b\n|-resisted|p2a: Pincurchin\n|-supereffective|p2b: Iron Valiant\n|-damage|p2a: Pincurchin|14\/100\n|-damage|p2b: Iron Valiant|0 fnt\n|faint|p2b: Iron Valiant\n|-end|p2b: Iron Valiant|Quark Drive|[silent]\n|move|p2a: Pincurchin|Discharge|p1b: Breloom|[spread] p1a,p1b\n|-supereffective|p1a: Tornadus\n|-resisted|p1b: Breloom\n|-crit|p1b: Breloom\n|-damage|p1a: Tornadus|0 fnt\n|-damage|p1b: Breloom|11\/100 par\n|faint|p1a: Tornadus\n|\n|-heal|p2a: Pincurchin|19\/100|[from] item: Leftovers\n|-sideend|p1: Shiptoaststatus|move: Tailwind\n|upkeep\n|inactive|Shiptoaststatus has 120 seconds left.\n|\n|t:|1699664126\n|switch|p1a: Medicham|Medicham, M|100\/100\n|switch|p2b: Glimmora|Glimmora, M|28\/100\n|-status|p1a: Medicham|tox\n|turn|5\n|\n|t:|1699664144\n|move|p2a: Pincurchin|Protect|p2a: Pincurchin\n|-singleturn|p2a: Pincurchin|Protect\n|move|p1a: Medicham|Fake Out|p2a: Pincurchin\n|-activate|p2a: Pincurchin|move: Protect\n|move|p1b: Breloom|Mach Punch|p2b: Glimmora\n|-damage|p2b: Glimmora|0 fnt\n|faint|p2b: Glimmora\n|\n|-heal|p2a: Pincurchin|25\/100|[from] item: Leftovers\n|-damage|p1a: Medicham|94\/100 tox|[from] psn\n|-fieldend|move: Electric Terrain\n|upkeep\n|\n|t:|1699664164\n|switch|p2b: Torkoal|Torkoal, M|100\/100\n|-weather|SunnyDay|[from] ability: Drought|[of] p2b: Torkoal\n|turn|6\n|\n|t:|1699664183\n|switch|p1b: Slaking|Slaking, M, shiny|100\/100\n|-status|p1b: Slaking|tox\n|switch|p2a: Walking Wake|Walking Wake|100\/100\n|-activate|p2a: Walking Wake|ability: Protosynthesis\n|-start|p2a: Walking Wake|protosynthesisspa\n|move|p1a: Medicham|Skill Swap|p1b: Slaking\n|-activate|p1a: Medicham|move: Skill Swap|||[of] p1b: Slaking\n|move|p2b: Torkoal|Earthquake|p1a: Medicham|[spread] p2a,p1a,p1b\n|-damage|p2a: Walking Wake|80\/100\n|-damage|p1a: Medicham|69\/100 tox\n|-damage|p1b: Slaking|86\/100 tox\n|\n|-weather|SunnyDay|[upkeep]\n|-damage|p1b: Slaking|80\/100 tox|[from] psn\n|-damage|p1a: Medicham|57\/100 tox|[from] psn\n|upkeep\n|turn|7\n|inactive|Shiptoaststatus has 120 seconds left.\n|inactive|yacdog1410 has 120 seconds left.\n|\n|t:|1699664215\n|switch|p1a: Clefairy|Clefairy, F|100\/100\n|-status|p1a: Clefairy|tox\n|move|p1b: Slaking|Facade|p2a: Walking Wake\n|-damage|p2a: Walking Wake|0 fnt\n|faint|p2a: Walking Wake\n|-end|p2a: Walking Wake|Protosynthesis|[silent]\n|move|p2b: Torkoal|Body Press|p1b: Slaking\n|-supereffective|p1b: Slaking\n|-damage|p1b: Slaking|45\/100 tox\n|\n|-weather|SunnyDay|[upkeep]\n|-damage|p1b: Slaking|33\/100 tox|[from] psn\n|-damage|p1a: Clefairy|94\/100 tox|[from] psn\n|upkeep\n|inactive|yacdog1410 has 120 seconds left.\n|\n|t:|1699664229\n|switch|p2a: Kingambit|Kingambit, F|100\/100\n|-activate|p2a: Kingambit|ability: Supreme Overlord\n|-start|p2a: Kingambit|fallen3|[silent]\n|turn|8\n|\n|t:|1699664238\n|move|p1a: Clefairy|Follow Me|p1a: Clefairy\n|-singleturn|p1a: Clefairy|move: Follow Me\n|move|p1b: Slaking|Slack Off|p1b: Slaking\n|-heal|p1b: Slaking|83\/100 tox\n|move|p2a: Kingambit|Poison Jab|p1a: Clefairy\n|-supereffective|p1a: Clefairy\n|-damage|p1a: Clefairy|33\/100 tox\n|move|p2b: Torkoal|Body Press|p1a: Clefairy\n|-resisted|p1a: Clefairy\n|-damage|p1a: Clefairy|18\/100 tox\n|\n|-weather|SunnyDay|[upkeep]\n|-damage|p1b: Slaking|64\/100 tox|[from] psn\n|-damage|p1a: Clefairy|6\/100 tox|[from] psn\n|upkeep\n|turn|9\n|\n|t:|1699664263\n|move|p2a: Kingambit|Sucker Punch|p1b: Slaking\n|-damage|p1b: Slaking|37\/100 tox\n|move|p1b: Slaking|Facade|p2b: Torkoal\n|-damage|p2b: Torkoal|0 fnt\n|faint|p2b: Torkoal\n|move|p1a: Clefairy|Moonlight|p1a: Clefairy\n|-heal|p1a: Clefairy|73\/100 tox\n|\n|-weather|SunnyDay|[upkeep]\n|-damage|p1b: Slaking|13\/100 tox|[from] psn\n|-damage|p1a: Clefairy|54\/100 tox|[from] psn\n|upkeep\n|\n|t:|1699664274\n|switch|p2b: Pincurchin|Pincurchin, F|25\/100\n|-fieldstart|move: Electric Terrain|[from] ability: Electric Surge|[of] p2b: Pincurchin\n|turn|10\n|\n|t:|1699664285\n|move|p2b: Pincurchin|Protect|p2b: Pincurchin\n|-singleturn|p2b: Pincurchin|Protect\n|move|p1a: Clefairy|Follow Me|p1a: Clefairy\n|-singleturn|p1a: Clefairy|move: Follow Me\n|move|p1b: Slaking|Slack Off|p1b: Slaking\n|-heal|p1b: Slaking|63\/100 tox\n|move|p2a: Kingambit|Poison Jab|p1a: Clefairy\n|-supereffective|p1a: Clefairy\n|-damage|p1a: Clefairy|0 fnt\n|faint|p1a: Clefairy\n|\n|-weather|none\n|-heal|p2b: Pincurchin|31\/100|[from] item: Leftovers\n|-damage|p1b: Slaking|32\/100 tox|[from] psn\n|upkeep\n|\n|t:|1699664297\n|switch|p1a: Medicham|Medicham, M|57\/100 tox\n|turn|11\n|\n|t:|1699664309\n|-terastallize|p2a: Kingambit|Ghost\n|move|p1a: Medicham|Fake Out|p2a: Kingambit\n|-immune|p2a: Kingambit\n|move|p2a: Kingambit|Sucker Punch|p1b: Slaking\n|-damage|p1b: Slaking|2\/100 tox\n|move|p1b: Slaking|Earthquake|p2a: Kingambit|[spread] p1a,p2a,p2b\n|-supereffective|p2b: Pincurchin\n|-damage|p1a: Medicham|0 fnt\n|-damage|p2a: Kingambit|53\/100\n|-damage|p2b: Pincurchin|0 fnt\n|faint|p1a: Medicham\n|faint|p2b: Pincurchin\n|\n|-damage|p1b: Slaking|0 fnt|[from] psn\n|faint|p1b: Slaking\n|upkeep\n|\n|t:|1699664326\n|switch|p1b: Breloom|Breloom, M, shiny|11\/100 par\n|switch|p1a: Altaria|Altaria, M|100\/100\n|-ability|p1a: Altaria|Cloud Nine\n|turn|12\n|\n|t:|1699664351\n|-terastallize|p1a: Altaria|Fire\n|move|p1a: Altaria|Fire Blast|p2a: Kingambit\n|-damage|p2a: Kingambit|28\/100\n|move|p2a: Kingambit|Stone Edge|p1a: Altaria\n|-supereffective|p1a: Altaria\n|-damage|p1a: Altaria|0 fnt\n|faint|p1a: Altaria\n|cant|p1b: Breloom|par\n|\n|upkeep\n|turn|13\n|\n|t:|1699664366\n|move|p2a: Kingambit|Poison Jab|p1b: Breloom\n|-supereffective|p1b: Breloom\n|-damage|p1b: Breloom|0 fnt\n|faint|p1b: Breloom\n|\n|win|yacdog1410\n|raw|Shiptoaststatus's rating: 1052 &rarr; <strong>1032<\/strong><br \/>(-20 for losing)\n|raw|yacdog1410's rating: 1000 &rarr; <strong>1046<\/strong><br \/>(+46 for winning)\n","uploadtime":1699664374,"views":12,"p1id":"shiptoaststatus","p2id":"yacdog1410","formatid":"gen9doublesou","rating":1032,"private":0,"password":""}