{"id":"gen9doublesou-1983308881","p1":"ConmonKat","p2":"DreadfulBuns","format":"[Gen 9] Doubles OU","log":"|j|\u2606ConmonKat\n|j|\u2606DreadfulBuns\n|t:|1699116662\n|gametype|doubles\n|player|p1|ConmonKat|hiker-gen4|1080\n|player|p2|DreadfulBuns|diamondclanmember|1113\n|teamsize|p1|6\n|teamsize|p2|6\n|gen|9\n|tier|[Gen 9] Doubles OU\n|rated|\n|rule|Species Clause: Limit one of each Pok\u00e9mon\n|rule|OHKO Clause: OHKO moves are banned\n|rule|Evasion Moves Clause: Evasion moves are banned\n|rule|Gravity Sleep Clause: The combination of sleep-inducing moves with imperfect accuracy and Gravity or Gigantamax Orbeetle are banned\n|rule|Endless Battle Clause: Forcing endless battles is banned\n|rule|HP Percentage Mod: HP is shown in percentages\n|clearpoke\n|poke|p1|Tyranitar, F|\n|poke|p1|Houndstone, F|\n|poke|p1|Rotom-Wash|\n|poke|p1|Arcanine, F|\n|poke|p1|Iron Valiant|\n|poke|p1|Cinderace, M|\n|poke|p2|Grimmsnarl, M|\n|poke|p2|Pincurchin, F|\n|poke|p2|Iron Valiant|\n|poke|p2|Iron Hands|\n|poke|p2|Iron Leaves|\n|poke|p2|Iron Bundle|\n|teampreview\n|\n|t:|1699116680\n|start\n|switch|p1a: Tyranitar|Tyranitar, F, shiny|100\/100\n|switch|p1b: Houndstone|Houndstone, F, shiny|100\/100\n|switch|p2a: Grimmsnarl|Grimmsnarl, M|100\/100\n|switch|p2b: Iron Hands|Iron Hands|100\/100\n|-weather|Sandstorm|[from] ability: Sand Stream|[of] p1a: Tyranitar\n|turn|1\n|inactive|Battle timer is ON: inactive players will automatically lose when time's up. (requested by ConmonKat)\n|\n|t:|1699116707\n|move|p1b: Houndstone|Protect|p1b: Houndstone\n|-singleturn|p1b: Houndstone|Protect\n|move|p2b: Iron Hands|Fake Out|p1a: Tyranitar\n|-resisted|p1a: Tyranitar\n|-damage|p1a: Tyranitar|95\/100\n|move|p2a: Grimmsnarl|Reflect|p2a: Grimmsnarl\n|-sidestart|p2: DreadfulBuns|Reflect\n|cant|p1a: Tyranitar|flinch\n|\n|-weather|Sandstorm|[upkeep]\n|-damage|p2a: Grimmsnarl|94\/100|[from] Sandstorm\n|-damage|p2b: Iron Hands|94\/100|[from] Sandstorm\n|upkeep\n|turn|2\n|\n|t:|1699116737\n|switch|p1a: Arcanine|Arcanine, F|100\/100\n|-ability|p1a: Arcanine|Intimidate|boost\n|-unboost|p2a: Grimmsnarl|atk|1\n|-unboost|p2b: Iron Hands|atk|1\n|-terastallize|p2b: Iron Hands|Water\n|move|p2a: Grimmsnarl|Light Screen|p2a: Grimmsnarl\n|-sidestart|p2: DreadfulBuns|move: Light Screen\n|move|p1b: Houndstone|Play Rough|p2b: Iron Hands\n|-crit|p2b: Iron Hands\n|-damage|p2b: Iron Hands|60\/100\n|-damage|p1b: Houndstone|91\/100|[from] item: Life Orb\n|move|p2b: Iron Hands|Drain Punch|p1a: Arcanine\n|-damage|p1a: Arcanine|71\/100\n|-heal|p2b: Iron Hands|71\/100|[from] drain|[of] p1a: Arcanine\n|\n|-weather|Sandstorm|[upkeep]\n|-damage|p1a: Arcanine|65\/100|[from] Sandstorm\n|-damage|p2a: Grimmsnarl|88\/100|[from] Sandstorm\n|-damage|p2b: Iron Hands|65\/100|[from] Sandstorm\n|upkeep\n|turn|3\n|inactive|DreadfulBuns has 120 seconds left.\n|\n|t:|1699116783\n|switch|p1b: Rotom|Rotom-Wash, shiny|100\/100\n|move|p2a: Grimmsnarl|Parting Shot|p1a: Arcanine\n|-unboost|p1a: Arcanine|atk|1\n|-unboost|p1a: Arcanine|spa|1\n|\n|t:|1699116790\n|switch|p2a: Pincurchin|Pincurchin, F|100\/100|[from] Parting Shot\n|-fieldstart|move: Electric Terrain|[from] ability: Electric Surge|[of] p2a: Pincurchin\n|-activate|p2b: Iron Hands|ability: Quark Drive\n|-start|p2b: Iron Hands|quarkdriveatk\n|move|p2b: Iron Hands|Drain Punch|p1a: Arcanine\n|-damage|p1a: Arcanine|28\/100\n|-heal|p2b: Iron Hands|79\/100|[from] drain|[of] p1a: Arcanine\n|-enditem|p1a: Arcanine|Sitrus Berry|[eat]\n|-heal|p1a: Arcanine|53\/100|[from] item: Sitrus Berry\n|move|p1a: Arcanine|Roar|p2a: Pincurchin\n|drag|p2a: Iron Bundle|Iron Bundle|100\/100\n|-activate|p2a: Iron Bundle|ability: Quark Drive\n|-start|p2a: Iron Bundle|quarkdrivespe\n|\n|-weather|Sandstorm|[upkeep]\n|-damage|p2a: Iron Bundle|95\/100|[from] Sandstorm\n|-damage|p1b: Rotom|94\/100|[from] Sandstorm\n|-damage|p1a: Arcanine|46\/100|[from] Sandstorm\n|-damage|p2b: Iron Hands|73\/100|[from] Sandstorm\n|upkeep\n|turn|4\n|inactive|DreadfulBuns has 120 seconds left.\n|inactive|DreadfulBuns has 90 seconds left.\n|\n|t:|1699116841\n|move|p2a: Iron Bundle|Freeze-Dry|p1b: Rotom\n|-supereffective|p1b: Rotom\n|-damage|p1b: Rotom|0 fnt\n|faint|p1b: Rotom\n|-damage|p2a: Iron Bundle|85\/100|[from] item: Life Orb\n|move|p1a: Arcanine|Snarl|p2a: Iron Bundle|[spread] p2a,p2b\n|-damage|p2a: Iron Bundle|73\/100\n|-damage|p2b: Iron Hands|70\/100\n|-unboost|p2a: Iron Bundle|spa|1\n|-unboost|p2b: Iron Hands|spa|1\n|move|p2b: Iron Hands|Wild Charge|p1a: Arcanine\n|-damage|p1a: Arcanine|0 fnt\n|faint|p1a: Arcanine\n|-damage|p2b: Iron Hands|61\/100|[from] Recoil\n|\n|-weather|Sandstorm|[upkeep]\n|-damage|p2a: Iron Bundle|67\/100|[from] Sandstorm\n|-damage|p2b: Iron Hands|55\/100|[from] Sandstorm\n|upkeep\n|\n|t:|1699116856\n|switch|p1b: Houndstone|Houndstone, F, shiny|91\/100\n|switch|p1a: Cinderace|Cinderace, M|100\/100\n|turn|5\n|inactive|DreadfulBuns has 90 seconds left.\n|\n|t:|1699116890\n|move|p1b: Houndstone|Protect|p1b: Houndstone\n|-singleturn|p1b: Houndstone|Protect\n|move|p2a: Iron Bundle|Hydro Pump|p1b: Houndstone\n|-activate|p1b: Houndstone|move: Protect\n|move|p1a: Cinderace|Trailblaze|p2a: Iron Bundle\n|-start|p1a: Cinderace|typechange|Grass|[from] ability: Libero\n|-supereffective|p2a: Iron Bundle\n|-damage|p2a: Iron Bundle|15\/100\n|-boost|p1a: Cinderace|spe|1\n|-damage|p1a: Cinderace|91\/100|[from] item: Life Orb\n|move|p2b: Iron Hands|Wild Charge|p1a: Cinderace\n|-resisted|p1a: Cinderace\n|-damage|p1a: Cinderace|50\/100\n|-damage|p2b: Iron Hands|49\/100|[from] Recoil\n|\n|-weather|none\n|upkeep\n|turn|6\n|inactive|DreadfulBuns has 90 seconds left.\n|inactive|ConmonKat has 120 seconds left.\n|\n|t:|1699116922\n|-end|p2b: Iron Hands|Quark Drive|[silent]\n|switch|p2b: Grimmsnarl|Grimmsnarl, M|88\/100\n|move|p1b: Houndstone|Protect|p1b: Houndstone\n|-singleturn|p1b: Houndstone|Protect\n|move|p2a: Iron Bundle|Icy Wind|p1b: Houndstone|[spread] p1a\n|-activate|p1b: Houndstone|move: Protect\n|-supereffective|p1a: Cinderace\n|-crit|p1a: Cinderace\n|-damage|p1a: Cinderace|0 fnt\n|faint|p1a: Cinderace\n|-damage|p2a: Iron Bundle|5\/100|[from] item: Life Orb\n|\n|upkeep\n|\n|t:|1699116926\n|switch|p1a: Tyranitar|Tyranitar, F, shiny|95\/100\n|-weather|Sandstorm|[from] ability: Sand Stream|[of] p1a: Tyranitar\n|turn|7\n|inactive|DreadfulBuns has 90 seconds left.\n|\n|t:|1699116944\n|-terastallize|p1b: Houndstone|Ghost\n|move|p2b: Grimmsnarl|Parting Shot|p1a: Tyranitar\n|-hint|Since gen 7, Dark is immune to Prankster moves.\n|-immune|p1a: Tyranitar\n|move|p2a: Iron Bundle|Icy Wind|p1a: Tyranitar|[spread] p1a,p1b\n|-damage|p1a: Tyranitar|87\/100\n|-damage|p1b: Houndstone|69\/100\n|-unboost|p1a: Tyranitar|spe|1\n|-unboost|p1b: Houndstone|spe|1\n|-damage|p2a: Iron Bundle|0 fnt|[from] item: Life Orb\n|faint|p2a: Iron Bundle\n|-end|p2a: Iron Bundle|Quark Drive|[silent]\n|move|p1b: Houndstone|Last Respects|p2b: Grimmsnarl\n|-resisted|p2b: Grimmsnarl\n|-damage|p2b: Grimmsnarl|41\/100\n|-damage|p1b: Houndstone|60\/100|[from] item: Life Orb\n|move|p1a: Tyranitar|Iron Head|p2b: Grimmsnarl\n|-supereffective|p2b: Grimmsnarl\n|-damage|p2b: Grimmsnarl|7\/100\n|\n|-weather|Sandstorm|[upkeep]\n|-damage|p2b: Grimmsnarl|1\/100|[from] Sandstorm\n|upkeep\n|inactive|DreadfulBuns has 90 seconds left.\n|\n|t:|1699116967\n|switch|p2a: Iron Hands|Iron Hands, tera:Water|49\/100\n|-activate|p2a: Iron Hands|ability: Quark Drive\n|-start|p2a: Iron Hands|quarkdriveatk\n|turn|8\n|inactive|DreadfulBuns has 90 seconds left.\n|\n|t:|1699116991\n|move|p2a: Iron Hands|Fake Out|p1a: Tyranitar\n|-resisted|p1a: Tyranitar\n|-damage|p1a: Tyranitar|80\/100\n|move|p2b: Grimmsnarl|Taunt|p1b: Houndstone\n|-start|p1b: Houndstone|move: Taunt\n|move|p1b: Houndstone|Last Respects|p2a: Iron Hands\n|-damage|p2a: Iron Hands|0 fnt\n|faint|p2a: Iron Hands\n|-end|p2a: Iron Hands|Quark Drive|[silent]\n|-damage|p1b: Houndstone|50\/100|[from] item: Life Orb\n|cant|p1a: Tyranitar|flinch\n|\n|-weather|Sandstorm|[upkeep]\n|-damage|p2b: Grimmsnarl|0 fnt|[from] Sandstorm\n|faint|p2b: Grimmsnarl\n|-sideend|p2: DreadfulBuns|Reflect\n|upkeep\n|inactive|DreadfulBuns has 60 seconds left.\n|\n|t:|1699117022\n|switch|p2b: Iron Valiant|Iron Valiant, shiny|100\/100\n|switch|p2a: Pincurchin|Pincurchin, F|100\/100\n|-activate|p2b: Iron Valiant|ability: Quark Drive\n|-start|p2b: Iron Valiant|quarkdrivespe\n|turn|9\n|\n|t:|1699117041\n|move|p2b: Iron Valiant|Close Combat|p1a: Tyranitar\n|-supereffective|p1a: Tyranitar\n|-damage|p1a: Tyranitar|0 fnt\n|-unboost|p2b: Iron Valiant|def|1\n|-unboost|p2b: Iron Valiant|spd|1\n|faint|p1a: Tyranitar\n|-damage|p2b: Iron Valiant|91\/100|[from] item: Life Orb\n|move|p1b: Houndstone|Last Respects|p2a: Pincurchin\n|-damage|p2a: Pincurchin|0 fnt\n|faint|p2a: Pincurchin\n|-damage|p1b: Houndstone|40\/100|[from] item: Life Orb\n|\n|-weather|Sandstorm|[upkeep]\n|-damage|p2b: Iron Valiant|85\/100|[from] Sandstorm\n|-sideend|p2: DreadfulBuns|move: Light Screen\n|upkeep\n|\n|t:|1699117058\n|switch|p1a: Iron Valiant|Iron Valiant|100\/100\n|switch|p2a: Iron Leaves|Iron Leaves|100\/100\n|-activate|p1a: Iron Valiant|ability: Quark Drive\n|-start|p1a: Iron Valiant|quarkdrivespe\n|-activate|p2a: Iron Leaves|ability: Quark Drive\n|-start|p2a: Iron Leaves|quarkdriveatk\n|turn|10\n|inactive|DreadfulBuns has 90 seconds left.\n|\n|t:|1699117082\n|move|p1a: Iron Valiant|Shadow Ball|p2a: Iron Leaves\n|-supereffective|p2a: Iron Leaves\n|-damage|p2a: Iron Leaves|57\/100\n|-enditem|p2a: Iron Leaves|Weakness Policy\n|-boost|p2a: Iron Leaves|atk|2|[from] item: Weakness Policy\n|-boost|p2a: Iron Leaves|spa|2|[from] item: Weakness Policy\n|move|p2b: Iron Valiant|Close Combat|p1a: Iron Valiant\n|-resisted|p1a: Iron Valiant\n|-damage|p1a: Iron Valiant|49\/100\n|-unboost|p2b: Iron Valiant|def|1\n|-unboost|p2b: Iron Valiant|spd|1\n|-damage|p2b: Iron Valiant|75\/100|[from] item: Life Orb\n|move|p2a: Iron Leaves|Psyblade|p1a: Iron Valiant\n|-supereffective|p1a: Iron Valiant\n|-damage|p1a: Iron Valiant|0 fnt\n|faint|p1a: Iron Valiant\n|-end|p1a: Iron Valiant|Quark Drive|[silent]\n|move|p1b: Houndstone|Last Respects|p2b: Iron Valiant\n|-damage|p2b: Iron Valiant|0 fnt\n|faint|p2b: Iron Valiant\n|-end|p2b: Iron Valiant|Quark Drive|[silent]\n|-damage|p1b: Houndstone|31\/100|[from] item: Life Orb\n|\n|-weather|Sandstorm|[upkeep]\n|-damage|p2a: Iron Leaves|50\/100|[from] Sandstorm\n|-end|p1b: Houndstone|move: Taunt\n|-fieldend|move: Electric Terrain\n|-end|p2a: Iron Leaves|Quark Drive\n|upkeep\n|turn|11\n|inactive|DreadfulBuns has 90 seconds left.\n|inactive|ConmonKat has 120 seconds left.\n|inactive|DreadfulBuns has 60 seconds left.\n|\n|t:|1699117130\n|move|p2a: Iron Leaves|Night Slash|p1b: Houndstone\n|-supereffective|p1b: Houndstone\n|-damage|p1b: Houndstone|0 fnt\n|faint|p1b: Houndstone\n|\n|win|DreadfulBuns\n|raw|ConmonKat's rating: 1080 &rarr; <strong>1060<\/strong><br \/>(-20 for losing)\n|raw|DreadfulBuns's rating: 1113 &rarr; <strong>1136<\/strong><br \/>(+23 for winning)\n|l|\u2606ConmonKat\n","uploadtime":1699117140,"views":12,"p1id":"conmonkat","p2id":"dreadfulbuns","formatid":"gen9doublesou","rating":1060,"private":0,"password":""}