{"id":"gen9doublesou-1987130367","p1":"why on","p2":"Martin80","format":"[Gen 9] Doubles OU","log":"|j|\u2606why on\n|j|\u2606Martin80\n|t:|1699558564\n|gametype|doubles\n|player|p1|why on|169|1078\n|player|p2|Martin80|steven|1069\n|teamsize|p1|6\n|teamsize|p2|6\n|gen|9\n|tier|[Gen 9] Doubles OU\n|rated|\n|rule|Species Clause: Limit one of each Pok\u00e9mon\n|rule|OHKO Clause: OHKO moves are banned\n|rule|Evasion Moves Clause: Evasion moves are banned\n|rule|Gravity Sleep Clause: The combination of sleep-inducing moves with imperfect accuracy and Gravity or Gigantamax Orbeetle are banned\n|rule|Endless Battle Clause: Forcing endless battles is banned\n|rule|HP Percentage Mod: HP is shown in percentages\n|clearpoke\n|poke|p1|Rotom-Mow|\n|poke|p1|Palafin, M|\n|poke|p1|Arcanine-Hisui, F|\n|poke|p1|Landorus-Therian, M|\n|poke|p1|Gholdengo|\n|poke|p1|Tornadus, M|\n|poke|p2|Garganacl, F|\n|poke|p2|Tinkaton, F|\n|poke|p2|Lokix, F|\n|poke|p2|Quaquaval, F|\n|poke|p2|Arboliva, F|\n|poke|p2|Ceruledge, F|\n|teampreview\n|\n|t:|1699558582\n|start\n|switch|p1a: Rotom|Rotom-Mow|100\/100\n|switch|p1b: Palafin|Palafin, M|100\/100\n|switch|p2a: Arboliva|Arboliva, F, shiny|100\/100\n|switch|p2b: Golemcita|Garganacl, F, shiny|100\/100\n|turn|1\n|inactive|Battle timer is ON: inactive players will automatically lose when time's up. (requested by Martin80)\n|\n|t:|1699558594\n|detailschange|p1b: Palafin|Palafin-Hero, M\n|switch|p1b: Arcanine|Arcanine-Hisui, F|100\/100\n|-ability|p1b: Arcanine|Intimidate|boost\n|-unboost|p2a: Arboliva|atk|1\n|-unboost|p2b: Golemcita|atk|1\n|move|p2b: Golemcita|Wide Guard|p2b: Golemcita\n|-singleturn|p2b: Golemcita|Wide Guard\n|move|p1a: Rotom|Trick|p2b: Golemcita\n|-activate|p1a: Rotom|move: Trick|[of] p2b: Golemcita\n|-item|p2b: Golemcita|Choice Scarf|[from] move: Trick\n|-item|p1a: Rotom|Leftovers|[from] move: Trick\n|move|p2a: Arboliva|Substitute|p2a: Arboliva\n|-start|p2a: Arboliva|Substitute\n|-damage|p2a: Arboliva|75\/100\n|\n|-heal|p2a: Arboliva|82\/100|[from] item: Leftovers\n|upkeep\n|turn|2\n|\n|t:|1699558615\n|move|p1b: Arcanine|Rock Slide|p2a: Arboliva|[spread] p2b\n|-miss|p1b: Arcanine|p2a: Arboliva\n|-damage|p2b: Golemcita|85\/100\n|move|p1a: Rotom|Volt Switch|p2a: Arboliva\n|-resisted|p2a: Arboliva\n|-activate|p2a: Arboliva|move: Substitute|[damage]\n|inactive|why on has 120 seconds left.\n|\n|t:|1699558631\n|switch|p1a: Landorus|Landorus-Therian, M|100\/100|[from] Volt Switch\n|-ability|p1a: Landorus|Intimidate|boost\n|-immune|p2a: Arboliva\n|-unboost|p2b: Golemcita|atk|1\n|move|p2b: Golemcita|Salt Cure|p1a: Landorus\n|-damage|p1a: Landorus|92\/100\n|-start|p1a: Landorus|Salt Cure\n|move|p2a: Arboliva|Giga Drain|p1b: Arcanine\n|-damage|p1b: Arcanine|55\/100\n|-heal|p2a: Arboliva|100\/100|[from] drain|[of] p1b: Arcanine\n|\n|-damage|p1a: Landorus|80\/100|[from] Salt Cure\n|upkeep\n|turn|3\n|\n|t:|1699558652\n|move|p1a: Landorus|U-turn|p2a: Arboliva\n|-supereffective|p2a: Arboliva\n|-end|p2a: Arboliva|Substitute\n|\n|t:|1699558658\n|switch|p1a: Palafin|Palafin-Hero, M|100\/100|[from] U-turn\n|-activate|p1a: Palafin|ability: Zero to Hero\n|move|p1b: Arcanine|Flare Blitz|p2a: Arboliva\n|-supereffective|p2a: Arboliva\n|-damage|p2a: Arboliva|0 fnt\n|-fieldstart|move: Grassy Terrain|[from] ability: Seed Sower|[of] p2a: Arboliva\n|faint|p2a: Arboliva\n|-damage|p1b: Arcanine|19\/100|[from] Recoil\n|-enditem|p1b: Arcanine|Sitrus Berry|[eat]\n|-heal|p1b: Arcanine|44\/100|[from] item: Sitrus Berry\n|move|p2b: Golemcita|Salt Cure|p1b: Arcanine\n|-supereffective|p1b: Arcanine\n|-damage|p1b: Arcanine|23\/100\n|-start|p1b: Arcanine|Salt Cure\n|\n|-heal|p1b: Arcanine|30\/100|[from] Grassy Terrain\n|-heal|p2b: Golemcita|92\/100|[from] Grassy Terrain\n|-damage|p1b: Arcanine|17\/100|[from] Salt Cure\n|upkeep\n|\n|t:|1699558679\n|switch|p2a: Jolyne|Quaquaval, F, shiny|100\/100\n|turn|4\n|\n|t:|1699558694\n|move|p1b: Arcanine|Rock Slide|p2a: Jolyne|[spread] p2a,p2b\n|-resisted|p2a: Jolyne\n|-damage|p2a: Jolyne|83\/100\n|-damage|p2b: Golemcita|74\/100\n|move|p2a: Jolyne|Aqua Step|p1b: Arcanine\n|-supereffective|p1b: Arcanine\n|-damage|p1b: Arcanine|0 fnt\n|-boost|p2a: Jolyne|spe|1\n|faint|p1b: Arcanine\n|-ability|p2a: Jolyne|Moxie|boost\n|-boost|p2a: Jolyne|atk|1\n|move|p1a: Palafin|Drain Punch|p2b: Golemcita\n|-supereffective|p2b: Golemcita\n|-damage|p2b: Golemcita|33\/100\n|move|p2b: Golemcita|Salt Cure|p1a: Palafin\n|-damage|p1a: Palafin|94\/100\n|-start|p1a: Palafin|Salt Cure\n|\n|-heal|p2a: Jolyne|89\/100|[from] Grassy Terrain\n|-heal|p1a: Palafin|100\/100|[from] Grassy Terrain\n|-heal|p2b: Golemcita|39\/100|[from] Grassy Terrain\n|-damage|p1a: Palafin|75\/100|[from] Salt Cure\n|upkeep\n|\n|t:|1699558710\n|switch|p1b: Rotom|Rotom-Mow|100\/100\n|turn|5\n|\n|t:|1699558731\n|switch|p2b: Tinkaton|Tinkaton, F, shiny|100\/100\n|-ability|p2b: Tinkaton|Mold Breaker\n|move|p2a: Jolyne|Close Combat|p1b: Rotom\n|-damage|p1b: Rotom|0 fnt\n|-unboost|p2a: Jolyne|def|1\n|-unboost|p2a: Jolyne|spd|1\n|faint|p1b: Rotom\n|-ability|p2a: Jolyne|Moxie|boost\n|-boost|p2a: Jolyne|atk|1\n|move|p1a: Palafin|Drain Punch|p2b: Tinkaton\n|-damage|p2b: Tinkaton|60\/100\n|-heal|p1a: Palafin|91\/100|[from] drain|[of] p2b: Tinkaton\n|\n|-heal|p2a: Jolyne|95\/100|[from] Grassy Terrain\n|-heal|p2b: Tinkaton|66\/100|[from] Grassy Terrain\n|-heal|p2b: Tinkaton|72\/100|[from] item: Leftovers\n|-heal|p1a: Palafin|97\/100|[from] Grassy Terrain\n|-damage|p1a: Palafin|72\/100|[from] Salt Cure\n|upkeep\n|\n|t:|1699558748\n|switch|p1b: Tornadus|Tornadus, M|100\/100\n|turn|6\n|\n|t:|1699558758\n|move|p2b: Tinkaton|Helping Hand|p2a: Jolyne\n|-singleturn|p2a: Jolyne|Helping Hand|[of] p2b: Tinkaton\n|move|p1b: Tornadus|Tailwind|p1b: Tornadus\n|-sidestart|p1: why on|move: Tailwind\n|move|p1a: Palafin|Wave Crash|p2b: Tinkaton\n|-damage|p2b: Tinkaton|0 fnt\n|faint|p2b: Tinkaton\n|-damage|p1a: Palafin|54\/100|[from] Recoil\n|move|p2a: Jolyne|Aqua Step|p1b: Tornadus\n|-damage|p1b: Tornadus|0 fnt\n|-boost|p2a: Jolyne|spe|1\n|faint|p1b: Tornadus\n|-ability|p2a: Jolyne|Moxie|boost\n|-boost|p2a: Jolyne|atk|1\n|\n|-heal|p2a: Jolyne|100\/100|[from] Grassy Terrain\n|-heal|p1a: Palafin|60\/100|[from] Grassy Terrain\n|-damage|p1a: Palafin|35\/100|[from] Salt Cure\n|upkeep\n|\n|t:|1699558775\n|switch|p1b: Landorus|Landorus-Therian, M|80\/100\n|switch|p2b: Bichota|Lokix, F, shiny|100\/100\n|-ability|p1b: Landorus|Intimidate|boost\n|-unboost|p2a: Jolyne|atk|1\n|-unboost|p2b: Bichota|atk|1\n|turn|7\n|\n|t:|1699558789\n|move|p2b: Bichota|First Impression|p1a: Palafin\n|-damage|p1a: Palafin|8\/100\n|-enditem|p1a: Palafin|Aguav Berry|[eat]\n|-heal|p1a: Palafin|41\/100|[from] item: Aguav Berry\n|move|p1a: Palafin|Jet Punch|p2b: Bichota\n|-damage|p2b: Bichota|44\/100\n|move|p1b: Landorus|Stomping Tantrum|p2a: Jolyne\n|-damage|p2a: Jolyne|19\/100\n|move|p2a: Jolyne|Aqua Step|p1b: Landorus\n|-supereffective|p1b: Landorus\n|-damage|p1b: Landorus|0 fnt\n|-boost|p2a: Jolyne|spe|1\n|faint|p1b: Landorus\n|-ability|p2a: Jolyne|Moxie|boost\n|-boost|p2a: Jolyne|atk|1\n|\n|-heal|p2a: Jolyne|25\/100|[from] Grassy Terrain\n|-heal|p1a: Palafin|47\/100|[from] Grassy Terrain\n|-heal|p2b: Bichota|50\/100|[from] Grassy Terrain\n|-damage|p1a: Palafin|22\/100|[from] Salt Cure\n|-fieldend|move: Grassy Terrain\n|upkeep\n|\n|t:|1699558797\n|switch|p1b: Gholdengo|Gholdengo|100\/100\n|turn|8\n|\n|t:|1699558814\n|move|p1a: Palafin|Jet Punch|p2b: Bichota\n|-damage|p2b: Bichota|0 fnt\n|faint|p2b: Bichota\n|move|p2a: Jolyne|Aqua Step|p1b: Gholdengo\n|-damage|p1b: Gholdengo|0 fnt\n|-boost|p2a: Jolyne|spe|1\n|faint|p1b: Gholdengo\n|-ability|p2a: Jolyne|Moxie|boost\n|-boost|p2a: Jolyne|atk|1\n|\n|-damage|p1a: Palafin|0 fnt|[from] Salt Cure\n|faint|p1a: Palafin\n|\n|win|Martin80\n|upkeep\n|raw|why on's rating: 1078 &rarr; <strong>1056<\/strong><br \/>(-22 for losing)\n|raw|Martin80's rating: 1069 &rarr; <strong>1099<\/strong><br \/>(+30 for winning)\n|l|\u2606why on\n","uploadtime":1699558828,"views":13,"p1id":"whyon","p2id":"martin80","formatid":"gen9doublesou","rating":1056,"private":0,"password":""}