{"id":"gen9doublesou-1972594919","p1":"DratiniKing10","p2":"0joifjwe333","format":"[Gen 9] Doubles OU","log":"|j|\u2606DratiniKing10\n|j|\u26060joifjwe333\n|t:|1697861694\n|gametype|doubles\n|player|p1|DratiniKing10|lucas|1231\n|player|p2|0joifjwe333|reporter|1294\n|teamsize|p1|6\n|teamsize|p2|6\n|gen|9\n|tier|[Gen 9] Doubles OU\n|rated|\n|rule|Species Clause: Limit one of each Pok\u00e9mon\n|rule|OHKO Clause: OHKO moves are banned\n|rule|Evasion Moves Clause: Evasion moves are banned\n|rule|Gravity Sleep Clause: The combination of sleep-inducing moves with imperfect accuracy and Gravity or Gigantamax Orbeetle are banned\n|rule|Endless Battle Clause: Forcing endless battles is banned\n|rule|HP Percentage Mod: HP is shown in percentages\n|clearpoke\n|poke|p1|Ting-Lu|\n|poke|p1|Arcanine, M|\n|poke|p1|Kingambit, M|\n|poke|p1|Tornadus, M|\n|poke|p1|Sneasler, M|\n|poke|p1|Ogerpon-Wellspring, F|\n|poke|p2|Mimikyu, F|\n|poke|p2|Garganacl, M|\n|poke|p2|Iron Hands|\n|poke|p2|Roaring Moon|\n|poke|p2|Amoonguss, M|\n|poke|p2|Iron Bundle|\n|teampreview\n|\n|t:|1697861701\n|start\n|switch|p1a: Miles|Tornadus, M|100\/100\n|switch|p1b: Tavi|Sneasler, M|100\/100\n|switch|p2a: Garganacl|Garganacl, M|100\/100\n|switch|p2b: Iron Hands|Iron Hands|100\/100\n|turn|1\n|\n|t:|1697861717\n|-terastallize|p2a: Garganacl|Ghost\n|move|p1a: Miles|Tailwind|p1a: Miles\n|-sidestart|p1: DratiniKing10|move: Tailwind\n|move|p1b: Tavi|Close Combat|p2b: Iron Hands\n|-damage|p2b: Iron Hands|52\/100\n|-unboost|p1b: Tavi|def|1\n|-unboost|p1b: Tavi|spd|1\n|move|p2b: Iron Hands|Wild Charge|p1b: Tavi\n|-enditem|p1b: Tavi|Focus Sash\n|-damage|p1b: Tavi|1\/100\n|-damage|p2b: Iron Hands|36\/100|[from] Recoil\n|move|p2a: Garganacl|Salt Cure|p1b: Tavi\n|-resisted|p1b: Tavi\n|-damage|p1b: Tavi|0 fnt\n|faint|p1b: Tavi\n|\n|upkeep\n|\n|t:|1697861734\n|switch|p1b: Julica|Ogerpon-Wellspring, F|100\/100\n|turn|2\n|\n|t:|1697861745\n|move|p1a: Miles|Rain Dance|p1a: Miles\n|-weather|RainDance\n|move|p1b: Julica|Ivy Cudgel|p2b: Iron Hands\n|-damage|p2b: Iron Hands|0 fnt\n|faint|p2b: Iron Hands\n|-end|p2b: Iron Hands|Quark Drive|[silent]\n|move|p2a: Garganacl|Salt Cure|p1b: Julica\n|-damage|p1b: Julica|83\/100\n|-start|p1b: Julica|Salt Cure\n|\n|-weather|RainDance|[upkeep]\n|-damage|p1b: Julica|58\/100|[from] Salt Cure\n|upkeep\n|\n|t:|1697861750\n|switch|p2b: Iron Bundle|Iron Bundle, shiny|100\/100\n|turn|3\n|\n|t:|1697861766\n|move|p2b: Iron Bundle|Protect|p2b: Iron Bundle\n|-singleturn|p2b: Iron Bundle|Protect\n|move|p1b: Julica|Horn Leech|p2b: Iron Bundle\n|-activate|p2b: Iron Bundle|move: Protect\n|move|p1a: Miles|Bleakwind Storm|p2a: Garganacl|[spread] p2a\n|-activate|p2b: Iron Bundle|move: Protect\n|-damage|p2a: Garganacl|76\/100\n|move|p2a: Garganacl|Salt Cure|p1a: Miles\n|-supereffective|p1a: Miles\n|-damage|p1a: Miles|73\/100\n|-start|p1a: Miles|Salt Cure\n|\n|-weather|RainDance|[upkeep]\n|-heal|p2a: Garganacl|82\/100|[from] item: Leftovers\n|-damage|p1b: Julica|33\/100|[from] Salt Cure\n|-damage|p1a: Miles|61\/100|[from] Salt Cure\n|upkeep\n|turn|4\n|\n|t:|1697861784\n|move|p2a: Garganacl|Wide Guard|p2a: Garganacl\n|-singleturn|p2a: Garganacl|Wide Guard\n|move|p1b: Julica|Horn Leech|p2b: Iron Bundle\n|-supereffective|p2b: Iron Bundle\n|-enditem|p2b: Iron Bundle|Focus Sash\n|-damage|p2b: Iron Bundle|1\/100\n|-heal|p1b: Julica|74\/100|[from] drain|[of] p2b: Iron Bundle\n|move|p1a: Miles|Bleakwind Storm|p2b: Iron Bundle|[spread] \n|-activate|p2a: Garganacl|move: Wide Guard\n|-activate|p2b: Iron Bundle|move: Wide Guard\n|move|p2b: Iron Bundle|Freeze-Dry|p1b: Julica\n|-supereffective|p1b: Julica\n|-damage|p1b: Julica|0 fnt\n|faint|p1b: Julica\n|\n|-weather|RainDance|[upkeep]\n|-heal|p2a: Garganacl|88\/100|[from] item: Leftovers\n|-damage|p1a: Miles|49\/100|[from] Salt Cure\n|-sideend|p1: DratiniKing10|move: Tailwind\n|upkeep\n|-enditem|p1a: Miles|Sitrus Berry|[eat]\n|-heal|p1a: Miles|73\/100|[from] item: Sitrus Berry\n|\n|t:|1697861804\n|switch|p1b: Zach|Arcanine, M, shiny|100\/100\n|-ability|p1b: Zach|Intimidate|boost\n|-unboost|p2a: Garganacl|atk|1\n|-unboost|p2b: Iron Bundle|atk|1\n|turn|5\n|\n|t:|1697861814\n|-end|p2b: Iron Bundle|Quark Drive|[silent]\n|switch|p2b: Amoonguss|Amoonguss, M|100\/100\n|move|p1b: Zach|Extreme Speed|p2b: Amoonguss\n|-damage|p2b: Amoonguss|84\/100\n|move|p1a: Miles|Bleakwind Storm|p2b: Amoonguss|[spread] p2a,p2b\n|-supereffective|p2b: Amoonguss\n|-damage|p2a: Garganacl|64\/100\n|-damage|p2b: Amoonguss|35\/100\n|move|p2a: Garganacl|Salt Cure|p1b: Zach\n|-supereffective|p1b: Zach\n|-damage|p1b: Zach|79\/100\n|-start|p1b: Zach|Salt Cure\n|\n|-weather|RainDance|[upkeep]\n|-heal|p2a: Garganacl|71\/100|[from] item: Leftovers\n|-damage|p1b: Zach|67\/100|[from] Salt Cure\n|-damage|p1a: Miles|61\/100|[from] Salt Cure\n|upkeep\n|turn|6\n|\n|t:|1697861832\n|move|p2b: Amoonguss|Protect|p2b: Amoonguss\n|-singleturn|p2b: Amoonguss|Protect\n|move|p1b: Zach|Flare Blitz|p2a: Garganacl\n|-damage|p2a: Garganacl|57\/100\n|-damage|p1b: Zach|62\/100|[from] Recoil\n|move|p1a: Miles|Bleakwind Storm|p2a: Garganacl|[spread] p2a\n|-activate|p2b: Amoonguss|move: Protect\n|-damage|p2a: Garganacl|36\/100\n|move|p2a: Garganacl|Salt Cure|p1a: Miles\n|-supereffective|p1a: Miles\n|-damage|p1a: Miles|42\/100\n|\n|-weather|none\n|-heal|p2a: Garganacl|42\/100|[from] item: Leftovers\n|-damage|p1b: Zach|49\/100|[from] Salt Cure\n|-damage|p1a: Miles|30\/100|[from] Salt Cure\n|upkeep\n|turn|7\n|\n|t:|1697861853\n|move|p1b: Zach|Flare Blitz|p2b: Amoonguss\n|-supereffective|p2b: Amoonguss\n|-damage|p2b: Amoonguss|0 fnt\n|faint|p2b: Amoonguss\n|-damage|p1b: Zach|37\/100|[from] Recoil\n|move|p1a: Miles|Bleakwind Storm|p2a: Garganacl\n|-damage|p2a: Garganacl|9\/100\n|-unboost|p2a: Garganacl|spe|1\n|move|p2a: Garganacl|Recover|p2a: Garganacl\n|-heal|p2a: Garganacl|59\/100\n|\n|-heal|p2a: Garganacl|66\/100|[from] item: Leftovers\n|-damage|p1b: Zach|24\/100|[from] Salt Cure\n|-damage|p1a: Miles|17\/100|[from] Salt Cure\n|upkeep\n|-enditem|p1b: Zach|Figy Berry|[eat]\n|-heal|p1b: Zach|57\/100|[from] item: Figy Berry\n|\n|t:|1697861867\n|switch|p2b: Iron Bundle|Iron Bundle, shiny|1\/100\n|turn|8\n|\n|t:|1697861879\n|move|p2b: Iron Bundle|Protect|p2b: Iron Bundle\n|-singleturn|p2b: Iron Bundle|Protect\n|move|p1b: Zach|Protect|p1b: Zach\n|-singleturn|p1b: Zach|Protect\n|move|p1a: Miles|Tailwind|p1a: Miles\n|-sidestart|p1: DratiniKing10|move: Tailwind\n|move|p2a: Garganacl|Recover|p2a: Garganacl\n|-heal|p2a: Garganacl|100\/100\n|\n|-damage|p1b: Zach|45\/100|[from] Salt Cure\n|-damage|p1a: Miles|5\/100|[from] Salt Cure\n|upkeep\n|turn|9\n|\n|t:|1697861894\n|-end|p2b: Iron Bundle|Quark Drive|[silent]\n|switch|p2b: Mimikyu|Mimikyu, F|100\/100\n|move|p2a: Garganacl|Wide Guard|p2a: Garganacl\n|-singleturn|p2a: Garganacl|Wide Guard\n|move|p1b: Zach|Extreme Speed|p2b: Mimikyu\n|-immune|p2b: Mimikyu\n|move|p1a: Miles|Bleakwind Storm|p2a: Garganacl|[spread] \n|-activate|p2a: Garganacl|move: Wide Guard\n|-activate|p2b: Mimikyu|move: Wide Guard\n|\n|-damage|p1b: Zach|32\/100|[from] Salt Cure\n|-damage|p1a: Miles|0 fnt|[from] Salt Cure\n|faint|p1a: Miles\n|upkeep\n|\n|t:|1697861909\n|switch|p1a: &IHaveAnAxe|Kingambit, M, shiny|100\/100\n|turn|10\n|\n|t:|1697861921\n|move|p2b: Mimikyu|Protect|p2b: Mimikyu\n|-singleturn|p2b: Mimikyu|Protect\n|move|p1b: Zach|Will-O-Wisp|p2b: Mimikyu\n|-activate|p2b: Mimikyu|move: Protect\n|move|p1a: &IHaveAnAxe|Iron Head|p2b: Mimikyu\n|-activate|p2b: Mimikyu|move: Protect\n|move|p2a: Garganacl|Salt Cure|p1a: &IHaveAnAxe\n|-resisted|p1a: &IHaveAnAxe\n|-damage|p1a: &IHaveAnAxe|97\/100\n|-start|p1a: &IHaveAnAxe|Salt Cure\n|\n|-damage|p1b: Zach|20\/100|[from] Salt Cure\n|-damage|p1a: &IHaveAnAxe|72\/100|[from] Salt Cure\n|upkeep\n|turn|11\n|\n|t:|1697861942\n|switch|p2b: Iron Bundle|Iron Bundle, shiny|1\/100\n|move|p2a: Garganacl|Protect|p2a: Garganacl\n|-singleturn|p2a: Garganacl|Protect\n|move|p1b: Zach|Will-O-Wisp|p2b: Iron Bundle\n|-status|p2b: Iron Bundle|brn\n|move|p1a: &IHaveAnAxe|Iron Head|p2b: Iron Bundle\n|-damage|p2b: Iron Bundle|0 fnt\n|faint|p2b: Iron Bundle\n|-end|p2b: Iron Bundle|Quark Drive|[silent]\n|-damage|p1a: &IHaveAnAxe|62\/100|[from] item: Life Orb\n|\n|-damage|p1b: Zach|7\/100|[from] Salt Cure\n|-damage|p1a: &IHaveAnAxe|37\/100|[from] Salt Cure\n|-sideend|p1: DratiniKing10|move: Tailwind\n|upkeep\n|\n|t:|1697861960\n|switch|p2b: Roaring Moon|Roaring Moon|100\/100\n|-enditem|p2b: Roaring Moon|Booster Energy\n|-activate|p2b: Roaring Moon|ability: Protosynthesis|[fromitem]\n|-start|p2b: Roaring Moon|protosynthesisatk\n|turn|12\n|\n|t:|1697861969\n|move|p1b: Zach|Extreme Speed|p2b: Roaring Moon\n|-damage|p2b: Roaring Moon|76\/100\n|move|p2b: Roaring Moon|Acrobatics|p1a: &IHaveAnAxe\n|-resisted|p1a: &IHaveAnAxe\n|-damage|p1a: &IHaveAnAxe|21\/100\n|move|p1a: &IHaveAnAxe|Iron Head|p2b: Roaring Moon\n|-damage|p2b: Roaring Moon|11\/100\n|-damage|p1a: &IHaveAnAxe|11\/100|[from] item: Life Orb\n|move|p2a: Garganacl|Salt Cure|p1a: &IHaveAnAxe\n|-resisted|p1a: &IHaveAnAxe\n|-damage|p1a: &IHaveAnAxe|7\/100\n|\n|-damage|p1b: Zach|0 fnt|[from] Salt Cure\n|faint|p1b: Zach\n|-damage|p1a: &IHaveAnAxe|0 fnt|[from] Salt Cure\n|faint|p1a: &IHaveAnAxe\n|upkeep\n|\n|t:|1697861993\n|switch|p1b: MooseCraft|Ting-Lu|100\/100\n|-ability|p1b: MooseCraft|Vessel of Ruin\n|turn|13\n|\n|t:|1697862001\n|move|p2b: Roaring Moon|Acrobatics|p1b: MooseCraft\n|-damage|p1b: MooseCraft|79\/100\n|move|p1b: MooseCraft|Rock Slide|p2b: Roaring Moon|[spread] p2a,p2b\n|-damage|p2a: Garganacl|92\/100\n|-damage|p2b: Roaring Moon|0 fnt\n|faint|p2b: Roaring Moon\n|-end|p2b: Roaring Moon|Protosynthesis|[silent]\n|move|p2a: Garganacl|Salt Cure|p1b: MooseCraft\n|-resisted|p1b: MooseCraft\n|-damage|p1b: MooseCraft|77\/100\n|-start|p1b: MooseCraft|Salt Cure\n|\n|-heal|p1b: MooseCraft|83\/100|[from] item: Leftovers\n|-heal|p2a: Garganacl|99\/100|[from] item: Leftovers\n|-damage|p1b: MooseCraft|70\/100|[from] Salt Cure\n|upkeep\n|\n|t:|1697862016\n|switch|p2b: Mimikyu|Mimikyu, F|100\/100\n|turn|14\n|\n|t:|1697862020\n|-terastallize|p1b: MooseCraft|Poison\n|move|p2b: Mimikyu|Curse|p1b: MooseCraft\n|-start|p1b: MooseCraft|Curse|[of] p2b: Mimikyu\n|-damage|p2b: Mimikyu|50\/100\n|move|p1b: MooseCraft|Rock Slide|p2a: Garganacl|[spread] p2a\n|-miss|p1b: MooseCraft|p2b: Mimikyu\n|-damage|p2a: Garganacl|90\/100\n|move|p2a: Garganacl|Salt Cure|p1b: MooseCraft\n|-damage|p1b: MooseCraft|66\/100\n|\n|-heal|p1b: MooseCraft|72\/100|[from] item: Leftovers\n|-heal|p2a: Garganacl|96\/100|[from] item: Leftovers\n|-damage|p1b: MooseCraft|47\/100|[from] Curse\n|-damage|p1b: MooseCraft|35\/100|[from] Salt Cure\n|upkeep\n|turn|15\n|c|\u26060joifjwe333|Good Game\n|c|\u2606DratiniKing10|gg\n|\n|t:|1697862038\n|move|p2b: Mimikyu|Protect|p2b: Mimikyu\n|-singleturn|p2b: Mimikyu|Protect\n|move|p1b: MooseCraft|Heavy Slam|p2b: Mimikyu\n|-activate|p2b: Mimikyu|move: Protect\n|move|p2a: Garganacl|Salt Cure|p1b: MooseCraft\n|-damage|p1b: MooseCraft|30\/100\n|\n|-heal|p1b: MooseCraft|37\/100|[from] item: Leftovers\n|-heal|p2a: Garganacl|100\/100|[from] item: Leftovers\n|-damage|p1b: MooseCraft|12\/100|[from] Curse\n|-damage|p1b: MooseCraft|0 fnt|[from] Salt Cure\n|faint|p1b: MooseCraft\n|\n|win|0joifjwe333\n|upkeep\n|raw|DratiniKing10's rating: 1231 &rarr; <strong>1210<\/strong><br \/>(-21 for losing)\n|raw|0joifjwe333's rating: 1294 &rarr; <strong>1315<\/strong><br \/>(+21 for winning)\n","uploadtime":1697862052,"views":11,"p1id":"dratiniking10","p2id":"0joifjwe333","formatid":"gen9doublesou","rating":1210,"private":0,"password":""}