{"id":"gen9doublesou-1980964480","p1":"I-Ringtail-I","p2":"MF SCHOOLy","format":"[Gen 9] Doubles OU","log":"|j|\u2606I-Ringtail-I\n|j|\u2606MF SCHOOLy\n|t:|1698852794\n|gametype|doubles\n|player|p1|I-Ringtail-I|riley|1078\n|player|p2|MF SCHOOLy|swimmer|1075\n|teamsize|p1|6\n|teamsize|p2|6\n|gen|9\n|tier|[Gen 9] Doubles OU\n|rated|\n|rule|Species Clause: Limit one of each Pok\u00e9mon\n|rule|OHKO Clause: OHKO moves are banned\n|rule|Evasion Moves Clause: Evasion moves are banned\n|rule|Gravity Sleep Clause: The combination of sleep-inducing moves with imperfect accuracy and Gravity or Gigantamax Orbeetle are banned\n|rule|Endless Battle Clause: Forcing endless battles is banned\n|rule|HP Percentage Mod: HP is shown in percentages\n|clearpoke\n|poke|p1|Typhlosion, M|\n|poke|p1|Corviknight, F|\n|poke|p1|Iron Valiant|\n|poke|p1|Ceruledge, M|\n|poke|p1|Garchomp, M|\n|poke|p1|Lucario, M|\n|poke|p2|Pincurchin, M|\n|poke|p2|Rotom-Wash|\n|poke|p2|Iron Treads|\n|poke|p2|Clefairy, M|\n|poke|p2|Gliscor, F|\n|poke|p2|Amoonguss, F|\n|teampreview\n|\n|t:|1698852814\n|start\n|switch|p1a: Atem|Lucario, M|100\/100\n|switch|p1b: Saber|Corviknight, F, shiny|100\/100\n|switch|p2a: Gliscor|Gliscor, F|100\/100\n|switch|p2b: Iron Treads|Iron Treads|100\/100\n|turn|1\n|\n|t:|1698852829\n|move|p2b: Iron Treads|Volt Switch|p1b: Saber\n|-supereffective|p1b: Saber\n|-damage|p1b: Saber|78\/100\n|\n|t:|1698852836\n|-end|p2b: Iron Treads|Quark Drive|[silent]\n|switch|p2b: Rotom|Rotom-Wash|100\/100|[from] Volt Switch\n|move|p1a: Atem|Ice Punch|p2a: Gliscor\n|-supereffective|p2a: Gliscor\n|-damage|p2a: Gliscor|33\/100\n|move|p2a: Gliscor|Spikes|p1b: Saber\n|-sidestart|p1: I-Ringtail-I|Spikes\n|move|p1b: Saber|Light Screen|p1b: Saber\n|-sidestart|p1: I-Ringtail-I|move: Light Screen\n|\n|-heal|p1b: Saber|85\/100|[from] item: Leftovers\n|-status|p2a: Gliscor|tox|[from] item: Toxic Orb\n|upkeep\n|turn|2\n|\n|t:|1698852863\n|move|p2a: Gliscor|Protect|p2a: Gliscor\n|-singleturn|p2a: Gliscor|Protect\n|move|p1b: Saber|Protect|p1b: Saber\n|-singleturn|p1b: Saber|Protect\n|move|p1a: Atem|Close Combat|p2b: Rotom\n|-damage|p2b: Rotom|27\/100\n|-unboost|p1a: Atem|def|1\n|-unboost|p1a: Atem|spd|1\n|move|p2b: Rotom|Thunderbolt|p1b: Saber\n|-activate|p1b: Saber|move: Protect\n|\n|-heal|p1b: Saber|91\/100|[from] item: Leftovers\n|-heal|p2a: Gliscor|45\/100 tox|[from] ability: Poison Heal\n|upkeep\n|turn|3\n|\n|t:|1698852923\n|switch|p2b: Clefairy|Clefairy, M|100\/100\n|move|p1a: Atem|Close Combat|p2b: Clefairy\n|-resisted|p2b: Clefairy\n|-damage|p2b: Clefairy|66\/100\n|-unboost|p1a: Atem|def|1\n|-unboost|p1a: Atem|spd|1\n|move|p2a: Gliscor|Toxic|p1b: Saber\n|-immune|p1b: Saber\n|move|p1b: Saber|Brave Bird|p2a: Gliscor\n|-damage|p2a: Gliscor|23\/100 tox\n|-damage|p1b: Saber|85\/100|[from] Recoil\n|\n|-heal|p1b: Saber|91\/100|[from] item: Leftovers\n|-heal|p2a: Gliscor|36\/100 tox|[from] ability: Poison Heal\n|upkeep\n|turn|4\n|\n|t:|1698852979\n|move|p2a: Gliscor|Protect|p2a: Gliscor\n|-singleturn|p2a: Gliscor|Protect\n|move|p1a: Atem|Bullet Punch|p2b: Clefairy\n|-supereffective|p2b: Clefairy\n|-damage|p2b: Clefairy|10\/100\n|move|p1b: Saber|Brave Bird|p2a: Gliscor\n|-activate|p2a: Gliscor|move: Protect\n|move|p2b: Clefairy|Wish|p2b: Clefairy\n|\n|-heal|p1b: Saber|97\/100|[from] item: Leftovers\n|-heal|p2a: Gliscor|48\/100 tox|[from] ability: Poison Heal\n|upkeep\n|turn|5\n|\n|t:|1698853011\n|switch|p2b: Rotom|Rotom-Wash|27\/100\n|move|p1a: Atem|Ice Punch|p2a: Gliscor\n|-supereffective|p2a: Gliscor\n|-damage|p2a: Gliscor|0 fnt\n|faint|p2a: Gliscor\n|move|p1b: Saber|Brave Bird|p2b: Rotom\n|-resisted|p2b: Rotom\n|-damage|p2b: Rotom|0 fnt\n|faint|p2b: Rotom\n|-damage|p1b: Saber|92\/100|[from] Recoil\n|\n|-heal|p1b: Saber|98\/100|[from] item: Leftovers\n|-sideend|p1: I-Ringtail-I|move: Light Screen\n|upkeep\n|\n|t:|1698853038\n|switch|p2b: Iron Treads|Iron Treads|100\/100\n|switch|p2a: Pincurchin|Pincurchin, M|100\/100\n|-fieldstart|move: Electric Terrain|[from] ability: Electric Surge|[of] p2a: Pincurchin\n|-activate|p2b: Iron Treads|ability: Quark Drive\n|-start|p2b: Iron Treads|quarkdrivespe\n|turn|6\n|\n|t:|1698853058\n|switch|p1a: Atlus|Garchomp, M|100\/100\n|-damage|p1a: Atlus|88\/100|[from] Spikes\n|-terastallize|p1b: Saber|Ground\n|move|p2b: Iron Treads|Body Press|p1a: Atlus\n|-damage|p1a: Atlus|66\/100\n|-damage|p2b: Iron Treads|88\/100|[from] ability: Rough Skin|[of] p1a: Atlus\n|move|p1b: Saber|Light Screen|p1b: Saber\n|-sidestart|p1: I-Ringtail-I|move: Light Screen\n|move|p2a: Pincurchin|Discharge|p1b: Saber|[spread] \n|-immune|p2b: Iron Treads\n|-immune|p1a: Atlus\n|-immune|p1b: Saber\n|\n|-heal|p1b: Saber|100\/100|[from] item: Leftovers\n|upkeep\n|turn|7\n|c|\u2606MF SCHOOLy|what are the names references to\n|\n|t:|1698853089\n|move|p2b: Iron Treads|Body Press|p1b: Saber\n|-damage|p1b: Saber|84\/100\n|move|p1a: Atlus|Swords Dance|p1a: Atlus\n|-boost|p1a: Atlus|atk|2\n|move|p1b: Saber|Iron Head|p2a: Pincurchin\n|-resisted|p2a: Pincurchin\n|-damage|p2a: Pincurchin|82\/100\n|move|p2a: Pincurchin|Spikes|p1b: Saber\n|-sidestart|p1: I-Ringtail-I|Spikes\n|\n|-heal|p1b: Saber|90\/100|[from] item: Leftovers\n|upkeep\n|turn|8\n|\n|t:|1698853120\n|switch|p2a: Amoonguss|Amoonguss, F|100\/100\n|move|p1b: Saber|Protect|p1b: Saber\n|-singleturn|p1b: Saber|Protect\n|move|p2b: Iron Treads|Body Press|p1a: Atlus\n|-damage|p1a: Atlus|44\/100\n|-damage|p2b: Iron Treads|76\/100|[from] ability: Rough Skin|[of] p1a: Atlus\n|move|p1a: Atlus|Scale Shot|p2a: Amoonguss|[miss]\n|-miss|p1a: Atlus|p2a: Amoonguss\n|\n|-heal|p1b: Saber|96\/100|[from] item: Leftovers\n|upkeep\n|turn|9\n|\n|t:|1698853156\n|switch|p1b: Berserker|Ceruledge, M|100\/100\n|-damage|p1b: Berserker|84\/100|[from] Spikes\n|move|p2b: Iron Treads|Body Press|p1a: Atlus\n|-damage|p1a: Atlus|19\/100\n|-damage|p2b: Iron Treads|63\/100|[from] ability: Rough Skin|[of] p1a: Atlus\n|move|p1a: Atlus|Scale Shot|p2a: Amoonguss\n|-damage|p2a: Amoonguss|72\/100\n|-damage|p2a: Amoonguss|48\/100\n|-crit|p2a: Amoonguss\n|-damage|p2a: Amoonguss|9\/100\n|-damage|p2a: Amoonguss|0 fnt\n|faint|p2a: Amoonguss\n|-hitcount|p2: Amoonguss|4\n|-unboost|p1a: Atlus|def|1\n|-boost|p1a: Atlus|spe|1\n|\n|upkeep\n|\n|t:|1698853177\n|switch|p2a: Clefairy|Clefairy, M|10\/100\n|turn|10\n|\n|t:|1698853186\n|move|p2a: Clefairy|Helping Hand|p2b: Iron Treads\n|-singleturn|p2b: Iron Treads|Helping Hand|[of] p2a: Clefairy\n|move|p2b: Iron Treads|Body Press|p1a: Atlus\n|-damage|p1a: Atlus|0 fnt\n|-damage|p2b: Iron Treads|51\/100|[from] ability: Rough Skin|[of] p1a: Atlus\n|faint|p1a: Atlus\n|move|p1b: Berserker|Bitter Blade|p2b: Iron Treads\n|-supereffective|p2b: Iron Treads\n|-damage|p2b: Iron Treads|0 fnt\n|-heal|p1b: Berserker|100\/100|[from] drain|[of] p2b: Iron Treads\n|faint|p2b: Iron Treads\n|-end|p2b: Iron Treads|Quark Drive|[silent]\n|\n|-sideend|p1: I-Ringtail-I|move: Light Screen\n|-fieldend|move: Electric Terrain\n|upkeep\n|\n|t:|1698853203\n|switch|p2b: Pincurchin|Pincurchin, M|82\/100\n|switch|p1a: Atem|Lucario, M|100\/100\n|-damage|p1a: Atem|84\/100|[from] Spikes\n|-fieldstart|move: Electric Terrain|[from] ability: Electric Surge|[of] p2b: Pincurchin\n|turn|11\n|c|\u2606MF SCHOOLy|yeah gg\n|c|\u2606MF SCHOOLy|trying so hard to make my lil pincurchin work but its so hard\n|\n|t:|1698853232\n|move|p1a: Atem|Bullet Punch|p2a: Clefairy\n|-supereffective|p2a: Clefairy\n|-damage|p2a: Clefairy|0 fnt\n|faint|p2a: Clefairy\n|move|p1b: Berserker|Bulk Up|p1b: Berserker\n|-boost|p1b: Berserker|atk|1\n|-boost|p1b: Berserker|def|1\n|move|p2b: Pincurchin|Spikes|p1a: Atem\n|-sidestart|p1: I-Ringtail-I|Spikes\n|\n|upkeep\n|turn|12\n|\n|t:|1698853247\n|move|p1a: Atem|Ice Punch|p2b: Pincurchin\n|-damage|p2b: Pincurchin|55\/100\n|-status|p2b: Pincurchin|frz\n|move|p1b: Berserker|Bitter Blade|p2b: Pincurchin\n|-damage|p2b: Pincurchin|0 fnt\n|faint|p2b: Pincurchin\n|\n|win|I-Ringtail-I\n|raw|I-Ringtail-I's rating: 1078 &rarr; <strong>1106<\/strong><br \/>(+28 for winning)\n|raw|MF SCHOOLy's rating: 1075 &rarr; <strong>1054<\/strong><br \/>(-21 for losing)\n|l|\u2606I-Ringtail-I\n","uploadtime":1698853299,"views":26,"p1id":"iringtaili","p2id":"mfschooly","formatid":"gen9doublesou","rating":1054,"private":0,"password":""}