{"id":"gen9doublesou-1993686734","p1":"Aviated_Froakie","p2":"Phasmosix","format":"[Gen 9] Doubles OU","log":"|j|\u2606Aviated_Froakie\n|j|\u2606Phasmosix\n|t:|1700345551\n|gametype|doubles\n|player|p1|Aviated_Froakie|silver|1154\n|player|p2|Phasmosix|n-masters|1202\n|teamsize|p1|6\n|teamsize|p2|6\n|gen|9\n|tier|[Gen 9] Doubles OU\n|rated|\n|rule|Species Clause: Limit one of each Pok\u00e9mon\n|rule|OHKO Clause: OHKO moves are banned\n|rule|Evasion Moves Clause: Evasion moves are banned\n|rule|Gravity Sleep Clause: The combination of sleep-inducing moves with imperfect accuracy and Gravity or Gigantamax Orbeetle are banned\n|rule|Endless Battle Clause: Forcing endless battles is banned\n|rule|HP Percentage Mod: HP is shown in percentages\n|clearpoke\n|poke|p1|Oranguru, F|\n|poke|p1|Snorlax, M|\n|poke|p1|Gumshoos, M|\n|poke|p1|Mudsdale, F|\n|poke|p1|Iron Hands|\n|poke|p1|Pincurchin, M|\n|poke|p2|Maushold-Four|\n|poke|p2|Armarouge, M|\n|poke|p2|Indeedee-F, F|\n|poke|p2|Scream Tail|\n|poke|p2|Sinistcha-Masterpiece|\n|poke|p2|Flutter Mane|\n|teampreview\n|inactive|Battle timer is ON: inactive players will automatically lose when time's up. (requested by Aviated_Froakie)\n|\n|t:|1700345572\n|start\n|switch|p1a: MONKE|Oranguru, F, shiny|100\/100\n|switch|p1b: BIG BOY|Snorlax, M, shiny|100\/100\n|switch|p2a: Sinistcha|Sinistcha-Masterpiece|100\/100\n|switch|p2b: Scream Tail|Scream Tail|100\/100\n|turn|1\n|\n|t:|1700345587\n|-terastallize|p2b: Scream Tail|Normal\n|move|p2b: Scream Tail|Boomburst|p1b: BIG BOY|[spread] p1a,p1b\n|-immune|p2a: Sinistcha\n|-damage|p1a: MONKE|53\/100\n|-damage|p1b: BIG BOY|68\/100\n|move|p2a: Sinistcha|Matcha Gotcha|p1a: MONKE|[spread] p1a,p1b\n|-damage|p1a: MONKE|33\/100\n|-damage|p1b: BIG BOY|54\/100\n|-status|p1a: MONKE|brn\n|move|p1b: BIG BOY|Belly Drum|p1b: BIG BOY\n|-damage|p1b: BIG BOY|4\/100\n|-setboost|p1b: BIG BOY|atk|6|[from] move: Belly Drum\n|-enditem|p1b: BIG BOY|Sitrus Berry|[eat]\n|-heal|p1b: BIG BOY|29\/100|[from] item: Sitrus Berry\n|-activate|p1a: MONKE|ability: Symbiosis|Life Orb|[of] p1b: BIG BOY\n|move|p1a: MONKE|Trick Room|p1a: MONKE\n|-fieldstart|move: Trick Room|[of] p1a: MONKE\n|\n|-damage|p1a: MONKE|27\/100 brn|[from] brn\n|upkeep\n|turn|2\n|inactive|Aviated_Froakie has 120 seconds left.\n|\n|t:|1700345620\n|-end|p2b: Scream Tail|Protosynthesis|[silent]\n|switch|p2b: Flutter Mane|Flutter Mane|100\/100\n|move|p1b: BIG BOY|Facade|p2b: Flutter Mane\n|-immune|p2b: Flutter Mane\n|move|p1a: MONKE|Instruct|p1b: BIG BOY\n|-singleturn|p1b: BIG BOY|move: Instruct|[of] p1a: MONKE\n|move|p1b: BIG BOY|Facade|p2b: Flutter Mane\n|-immune|p2b: Flutter Mane\n|move|p2a: Sinistcha|Matcha Gotcha|p1a: MONKE|[spread] p1a,p1b\n|-damage|p1a: MONKE|6\/100 brn\n|-damage|p1b: BIG BOY|15\/100\n|\n|-damage|p1a: MONKE|0 fnt|[from] brn\n|faint|p1a: MONKE\n|upkeep\n|inactive|Aviated_Froakie has 120 seconds left.\n|\n|t:|1700345641\n|switch|p1a: Princess|Gumshoos, M, shiny|100\/100\n|turn|3\n|\n|t:|1700345652\n|move|p1a: Princess|Protect|p1a: Princess\n|-singleturn|p1a: Princess|Protect\n|move|p1b: BIG BOY|Earthquake|p2a: Sinistcha|[spread] p2a,p2b\n|-activate|p1a: Princess|move: Protect\n|-resisted|p2a: Sinistcha\n|-damage|p2a: Sinistcha|57\/100\n|-damage|p2b: Flutter Mane|0 fnt\n|faint|p2b: Flutter Mane\n|-end|p2b: Flutter Mane|Protosynthesis|[silent]\n|-damage|p1b: BIG BOY|5\/100|[from] item: Life Orb\n|move|p2a: Sinistcha|Matcha Gotcha|p1b: BIG BOY|[spread] \n|-activate|p1a: Princess|move: Protect\n|-miss|p2a: Sinistcha|p1b: BIG BOY\n|\n|-heal|p2a: Sinistcha|63\/100|[from] item: Leftovers\n|upkeep\n|\n|t:|1700345671\n|switch|p2b: Scream Tail|Scream Tail, tera:Normal|100\/100\n|turn|4\n|\n|t:|1700345694\n|-end|p2b: Scream Tail|Protosynthesis|[silent]\n|switch|p2b: Maushold|Maushold-Four|100\/100\n|move|p1b: BIG BOY|Earthquake|p2a: Sinistcha|[spread] p1a,p2a,p2b\n|-resisted|p2a: Sinistcha\n|-damage|p1a: Princess|0 fnt\n|-damage|p2a: Sinistcha|18\/100\n|-damage|p2b: Maushold|0 fnt\n|faint|p1a: Princess\n|faint|p2b: Maushold\n|-damage|p1b: BIG BOY|0 fnt|[from] item: Life Orb\n|faint|p1b: BIG BOY\n|move|p2a: Sinistcha|Matcha Gotcha|p1: Princess|[notarget]\n|-fail|p2a: Sinistcha\n|\n|-heal|p2a: Sinistcha|24\/100|[from] item: Leftovers\n|upkeep\n|inactive|Aviated_Froakie has 120 seconds left.\n|\n|t:|1700345726\n|switch|p1b: Iron Hands|Iron Hands, shiny|100\/100\n|switch|p1a: Hoarse Voice|Mudsdale, F, shiny|100\/100\n|switch|p2b: Armarouge|Armarouge, M|100\/100\n|turn|5\n|\n|t:|1700345746\n|switch|p2b: Scream Tail|Scream Tail, tera:Normal|100\/100\n|move|p1b: Iron Hands|Fake Out|p2b: Scream Tail\n|-damage|p2b: Scream Tail|86\/100\n|move|p1a: Hoarse Voice|Iron Defense|p1a: Hoarse Voice\n|-boost|p1a: Hoarse Voice|def|2\n|move|p2a: Sinistcha|Matcha Gotcha|p1b: Iron Hands|[spread] p1a,p1b\n|-supereffective|p1a: Hoarse Voice\n|-damage|p1a: Hoarse Voice|49\/100\n|-heal|p2a: Sinistcha|54\/100|[from] drain|[of] p1a: Hoarse Voice\n|-damage|p1b: Iron Hands|86\/100\n|-heal|p2a: Sinistcha|65\/100|[from] drain|[of] p1b: Iron Hands\n|-ability|p1a: Hoarse Voice|Stamina|boost\n|-boost|p1a: Hoarse Voice|def|1\n|\n|-heal|p1a: Hoarse Voice|55\/100|[from] item: Leftovers\n|-heal|p2a: Sinistcha|71\/100|[from] item: Leftovers\n|-fieldend|move: Trick Room\n|upkeep\n|turn|6\n|\n|t:|1700345776\n|-terastallize|p1a: Hoarse Voice|Fighting\n|move|p2b: Scream Tail|Boomburst|p1b: Iron Hands|[spread] p1a,p1b\n|-immune|p2a: Sinistcha\n|-damage|p1a: Hoarse Voice|0 fnt\n|-damage|p1b: Iron Hands|51\/100\n|faint|p1a: Hoarse Voice\n|move|p2a: Sinistcha|Matcha Gotcha|p1b: Iron Hands\n|-damage|p1b: Iron Hands|32\/100\n|-heal|p2a: Sinistcha|85\/100|[from] drain|[of] p1b: Iron Hands\n|move|p1b: Iron Hands|Heavy Slam|p2a: Sinistcha\n|-damage|p2a: Sinistcha|54\/100\n|\n|-heal|p2a: Sinistcha|60\/100|[from] item: Leftovers\n|upkeep\n|inactive|Aviated_Froakie has 120 seconds left.\n|-message|Aviated_Froakie forfeited.\n|\n|win|Phasmosix\n|raw|Aviated_Froakie's rating: 1154 &rarr; <strong>1132<\/strong><br \/>(-22 for losing)\n|raw|Phasmosix's rating: 1202 &rarr; <strong>1224<\/strong><br \/>(+22 for winning)\n|l|\u2606Aviated_Froakie\n","uploadtime":1700345800,"views":10,"p1id":"aviatedfroakie","p2id":"phasmosix","formatid":"gen9doublesou","rating":1132,"private":0,"password":""}