{"id":"gen9doublesou-1999987558","p1":"Frandum","p2":"RiggedTheGame","format":"[Gen 9] Doubles OU","log":"|j|\u2606Frandum\n|j|\u2606RiggedTheGame\n|t:|1701138053\n|gametype|doubles\n|player|p1|Frandum|policeman-gen4|\n|player|p2|RiggedTheGame|102|\n|teamsize|p1|6\n|teamsize|p2|6\n|gen|9\n|tier|[Gen 9] Doubles OU\n|rule|Species Clause: Limit one of each Pok\u00e9mon\n|rule|OHKO Clause: OHKO moves are banned\n|rule|Evasion Moves Clause: Evasion moves are banned\n|rule|Gravity Sleep Clause: The combination of sleep-inducing moves with imperfect accuracy and Gravity or Gigantamax Orbeetle are banned\n|rule|Endless Battle Clause: Forcing endless battles is banned\n|rule|HP Percentage Mod: HP is shown in percentages\n|clearpoke\n|poke|p1|Iron Hands|\n|poke|p1|Rillaboom, F|\n|poke|p1|Ursaluna-Bloodmoon, M|\n|poke|p1|Chien-Pao|\n|poke|p1|Arcanine-Hisui, F|\n|poke|p1|Amoonguss, M|\n|poke|p2|Azumarill, F|\n|poke|p2|Rillaboom, F|\n|poke|p2|Heatran, M|\n|poke|p2|Baxcalibur, F|\n|poke|p2|Chi-Yu|\n|poke|p2|Gholdengo|\n|teampreview\n|c|\u2606Frandum|I\u2019m running on 10 seconds of smth rn\n|c|\u2606RiggedTheGame|IM HAVE\n|c|\u2606RiggedTheGame|THINGS\n|c|\u2606RiggedTheGame|I BUILT THIS IN LIKE 30 ISH MINUTES\n|\n|t:|1701138099\n|start\n|switch|p1a: Iron Hands|Iron Hands|100\/100\n|switch|p1b: Amoonguss|Amoonguss, M|100\/100\n|switch|p2a: MopfrommyboyMidas|Gholdengo|100\/100\n|switch|p2b: Heatrans|Chi-Yu|100\/100\n|-ability|p2b: Heatrans|Beads of Ruin\n|turn|1\n|\n|t:|1701138133\n|switch|p1b: Ursaluna|Ursaluna-Bloodmoon, M|100\/100\n|move|p1a: Iron Hands|Fake Out|p2b: Heatrans\n|-damage|p2b: Heatrans|76\/100\n|cant|p2b: Heatrans|flinch\n|move|p2a: MopfrommyboyMidas|Nasty Plot|p2a: MopfrommyboyMidas\n|-boost|p2a: MopfrommyboyMidas|spa|2\n|\n|upkeep\n|turn|2\n|c|\u2606RiggedTheGame|PREDICTED\n|c|\u2606RiggedTheGame|RAHHHHH\n|c|\u2606RiggedTheGame|NOOOOO\n|\n|t:|1701138156\n|switch|p2b: Rillaboom|Rillaboom, F|100\/100\n|-fieldstart|move: Grassy Terrain|[from] ability: Grassy Surge|[of] p2b: Rillaboom\n|-terastallize|p1a: Iron Hands|Water\n|move|p2a: MopfrommyboyMidas|Make It Rain|p1a: Iron Hands|[spread] p1a,p1b\n|-resisted|p1a: Iron Hands\n|-damage|p1a: Iron Hands|72\/100\n|-damage|p1b: Ursaluna|16\/100\n|-unboost|p2a: MopfrommyboyMidas|spa|1\n|move|p1b: Ursaluna|Blood Moon|p2a: MopfrommyboyMidas\n|-resisted|p2a: MopfrommyboyMidas\n|-damage|p2a: MopfrommyboyMidas|63\/100\n|move|p1a: Iron Hands|Wild Charge|p2a: MopfrommyboyMidas\n|-damage|p2a: MopfrommyboyMidas|6\/100\n|-damage|p1a: Iron Hands|64\/100|[from] Recoil\n|\n|-heal|p2a: MopfrommyboyMidas|12\/100|[from] Grassy Terrain\n|-heal|p1b: Ursaluna|22\/100|[from] Grassy Terrain\n|-heal|p1b: Ursaluna|28\/100|[from] item: Leftovers\n|-heal|p1a: Iron Hands|70\/100|[from] Grassy Terrain\n|upkeep\n|turn|3\n|\n|t:|1701138196\n|-end|p1a: Iron Hands|Quark Drive|[silent]\n|switch|p1a: Arcanine|Arcanine-Hisui, F|100\/100\n|-ability|p1a: Arcanine|Intimidate|boost\n|-unboost|p2a: MopfrommyboyMidas|atk|1\n|-unboost|p2b: Rillaboom|atk|1\n|move|p1b: Ursaluna|Protect|p1b: Ursaluna\n|-singleturn|p1b: Ursaluna|Protect\n|move|p2a: MopfrommyboyMidas|Make It Rain|p1a: Arcanine|[spread] p1a\n|-activate|p1b: Ursaluna|move: Protect\n|-damage|p1a: Arcanine|10\/100\n|-unboost|p2a: MopfrommyboyMidas|spa|1\n|move|p2b: Rillaboom|Drain Punch|p1a: Arcanine\n|-supereffective|p1a: Arcanine\n|-damage|p1a: Arcanine|0 fnt\n|faint|p1a: Arcanine\n|-damage|p2b: Rillaboom|91\/100|[from] item: Life Orb\n|\n|-heal|p2a: MopfrommyboyMidas|18\/100|[from] Grassy Terrain\n|-heal|p2b: Rillaboom|97\/100|[from] Grassy Terrain\n|-heal|p1b: Ursaluna|34\/100|[from] Grassy Terrain\n|-heal|p1b: Ursaluna|40\/100|[from] item: Leftovers\n|upkeep\n|\n|t:|1701138201\n|switch|p1a: Chien-Pao|Chien-Pao|100\/100\n|-ability|p1a: Chien-Pao|Sword of Ruin\n|turn|4\n|\n|t:|1701138227\n|switch|p2b: Pee Egg|Azumarill, F, shiny|100\/100\n|switch|p1b: Amoonguss|Amoonguss, M|100\/100\n|move|p1a: Chien-Pao|Icicle Crash|p2b: Pee Egg\n|-resisted|p2b: Pee Egg\n|-damage|p2b: Pee Egg|65\/100\n|move|p2a: MopfrommyboyMidas|Make It Rain|p1b: Amoonguss|[spread] p1a,p1b\n|-supereffective|p1a: Chien-Pao\n|-enditem|p1a: Chien-Pao|Focus Sash\n|-damage|p1a: Chien-Pao|1\/100\n|-damage|p1b: Amoonguss|59\/100\n|-unboost|p2a: MopfrommyboyMidas|spa|1\n|\n|-heal|p1a: Chien-Pao|7\/100|[from] Grassy Terrain\n|-heal|p2a: MopfrommyboyMidas|24\/100|[from] Grassy Terrain\n|-heal|p2b: Pee Egg|71\/100|[from] Grassy Terrain\n|-heal|p1b: Amoonguss|66\/100|[from] Grassy Terrain\n|upkeep\n|turn|5\n|\n|t:|1701138262\n|move|p1b: Amoonguss|Rage Powder|p1b: Amoonguss\n|-singleturn|p1b: Amoonguss|move: Rage Powder\n|move|p1a: Chien-Pao|Sucker Punch||[still]\n|-fail|p1a: Chien-Pao\n|move|p2b: Pee Egg|Aqua Jet|p1b: Amoonguss\n|-resisted|p1b: Amoonguss\n|-damage|p1b: Amoonguss|47\/100\n|move|p2a: MopfrommyboyMidas|Recover|p2a: MopfrommyboyMidas\n|-heal|p2a: MopfrommyboyMidas|74\/100\n|\n|-heal|p1a: Chien-Pao|13\/100|[from] Grassy Terrain\n|-heal|p2a: MopfrommyboyMidas|80\/100|[from] Grassy Terrain\n|-heal|p2b: Pee Egg|77\/100|[from] Grassy Terrain\n|-heal|p1b: Amoonguss|53\/100|[from] Grassy Terrain\n|upkeep\n|turn|6\n|c|\u2606Frandum|Wait why is it named PEE EGG\n|c|\u2606RiggedTheGame|I MISCLICKED NO\n|c|\u2606Frandum|Your miss clicked helped you bruh\n|\n|t:|1701138299\n|-terastallize|p2a: MopfrommyboyMidas|Steel\n|move|p1a: Chien-Pao|Protect|p1a: Chien-Pao\n|-singleturn|p1a: Chien-Pao|Protect\n|move|p2b: Pee Egg|Aqua Jet|p1a: Chien-Pao\n|-activate|p1a: Chien-Pao|move: Protect\n|move|p2a: MopfrommyboyMidas|Shadow Ball|p1b: Amoonguss\n|-damage|p1b: Amoonguss|30\/100\n|-unboost|p1b: Amoonguss|spd|1\n|move|p1b: Amoonguss|Pollen Puff|p1a: Chien-Pao\n|-activate|p1a: Chien-Pao|move: Protect\n|\n|-heal|p1a: Chien-Pao|19\/100|[from] Grassy Terrain\n|-heal|p2a: MopfrommyboyMidas|87\/100|[from] Grassy Terrain\n|-heal|p2b: Pee Egg|83\/100|[from] Grassy Terrain\n|-heal|p1b: Amoonguss|36\/100|[from] Grassy Terrain\n|-fieldend|move: Grassy Terrain\n|upkeep\n|turn|7\n|c|\u2606RiggedTheGame|NO\n|c|\u2606RiggedTheGame|YES\n|\n|t:|1701138333\n|switch|p1a: Iron Hands|Iron Hands, tera:Water|70\/100\n|move|p1b: Amoonguss|Protect|p1b: Amoonguss\n|-singleturn|p1b: Amoonguss|Protect\n|move|p2b: Pee Egg|Aqua Jet|p1a: Iron Hands\n|-resisted|p1a: Iron Hands\n|-damage|p1a: Iron Hands|57\/100\n|move|p2a: MopfrommyboyMidas|Make It Rain|p1b: Amoonguss|[spread] p1a\n|-activate|p1b: Amoonguss|move: Protect\n|-resisted|p1a: Iron Hands\n|-damage|p1a: Iron Hands|45\/100\n|-unboost|p2a: MopfrommyboyMidas|spa|1\n|\n|upkeep\n|turn|8\n|\n|t:|1701138365\n|switch|p2b: Rillaboom|Rillaboom, F|97\/100\n|-fieldstart|move: Grassy Terrain|[from] ability: Grassy Surge|[of] p2b: Rillaboom\n|move|p1a: Iron Hands|Fake Out|p2a: MopfrommyboyMidas\n|-resisted|p2a: MopfrommyboyMidas\n|-damage|p2a: MopfrommyboyMidas|78\/100\n|cant|p2a: MopfrommyboyMidas|flinch\n|move|p1b: Amoonguss|Pollen Puff|p1a: Iron Hands\n|-heal|p1a: Iron Hands|95\/100\n|\n|-heal|p2a: MopfrommyboyMidas|84\/100|[from] Grassy Terrain\n|-heal|p2b: Rillaboom|100\/100|[from] Grassy Terrain\n|-heal|p1a: Iron Hands|100\/100|[from] Grassy Terrain\n|-heal|p1b: Amoonguss|42\/100|[from] Grassy Terrain\n|upkeep\n|turn|9\n|c|\u2606RiggedTheGame|NO\n|\n|t:|1701138398\n|-end|p1a: Iron Hands|Quark Drive|[silent]\n|switch|p1a: Rillaboom|Rillaboom, F|100\/100\n|-enditem|p1a: Rillaboom|Grassy Seed\n|-boost|p1a: Rillaboom|def|1|[from] item: Grassy Seed\n|move|p1b: Amoonguss|Protect|p1b: Amoonguss\n|-singleturn|p1b: Amoonguss|Protect\n|move|p2a: MopfrommyboyMidas|Nasty Plot|p2a: MopfrommyboyMidas\n|-boost|p2a: MopfrommyboyMidas|spa|2\n|move|p2b: Rillaboom|Swords Dance|p2b: Rillaboom\n|-boost|p2b: Rillaboom|atk|2\n|\n|-heal|p2a: MopfrommyboyMidas|90\/100|[from] Grassy Terrain\n|-heal|p1b: Amoonguss|49\/100|[from] Grassy Terrain\n|upkeep\n|turn|10\n|c|\u2606Frandum|Double the do\n|\n|t:|1701138430\n|move|p1b: Amoonguss|Rage Powder|p1b: Amoonguss\n|-singleturn|p1b: Amoonguss|move: Rage Powder\n|move|p2a: MopfrommyboyMidas|Make It Rain|p1b: Amoonguss|[spread] p1a,p1b\n|-damage|p1a: Rillaboom|24\/100\n|-damage|p1b: Amoonguss|0 fnt\n|-unboost|p2a: MopfrommyboyMidas|spa|1\n|faint|p1b: Amoonguss\n|move|p2b: Rillaboom|Knock Off|p1a: Rillaboom\n|-damage|p1a: Rillaboom|0 fnt\n|faint|p1a: Rillaboom\n|-damage|p2b: Rillaboom|91\/100|[from] item: Life Orb\n|\n|-heal|p2a: MopfrommyboyMidas|96\/100|[from] Grassy Terrain\n|-heal|p2b: Rillaboom|97\/100|[from] Grassy Terrain\n|upkeep\n|c|\u2606Frandum|doubke the boom\n|\n|t:|1701138442\n|switch|p1a: Chien-Pao|Chien-Pao|19\/100\n|switch|p1b: Iron Hands|Iron Hands, tera:Water|100\/100\n|-ability|p1a: Chien-Pao|Sword of Ruin\n|turn|11\n|c|\u2606RiggedTheGame|rahh\n|\n|t:|1701138456\n|move|p1b: Iron Hands|Fake Out|p2b: Rillaboom\n|-damage|p2b: Rillaboom|77\/100\n|cant|p2b: Rillaboom|flinch\n|move|p1a: Chien-Pao|Icicle Crash|p2b: Rillaboom\n|-supereffective|p2b: Rillaboom\n|-damage|p2b: Rillaboom|0 fnt\n|faint|p2b: Rillaboom\n|move|p2a: MopfrommyboyMidas|Make It Rain|p1b: Iron Hands|[spread] p1a,p1b\n|-supereffective|p1a: Chien-Pao\n|-resisted|p1b: Iron Hands\n|-damage|p1a: Chien-Pao|0 fnt\n|-damage|p1b: Iron Hands|88\/100\n|-unboost|p2a: MopfrommyboyMidas|spa|1\n|faint|p1a: Chien-Pao\n|\n|-heal|p2a: MopfrommyboyMidas|100\/100|[from] Grassy Terrain\n|-heal|p1b: Iron Hands|94\/100|[from] Grassy Terrain\n|upkeep\n|c|\u2606RiggedTheGame|its fine\n|c|\u2606RiggedTheGame|because\n|c|\u2606RiggedTheGame|I HAVE\n|\n|t:|1701138490\n|switch|p1a: Ursaluna|Ursaluna-Bloodmoon, M|40\/100\n|switch|p2b: BobTheCheeseWizard|Baxcalibur, F|100\/100\n|turn|12\n|c|\u2606Frandum|Honestly I\u2019m surprised that isn\u2019t Tera grass chi yu\n|\n|t:|1701138514\n|move|p2a: MopfrommyboyMidas|Make It Rain|p1b: Iron Hands|[spread] p1a,p1b\n|-resisted|p1b: Iron Hands\n|-damage|p1a: Ursaluna|12\/100\n|-damage|p1b: Iron Hands|85\/100\n|-unboost|p2a: MopfrommyboyMidas|spa|1\n|move|p2b: BobTheCheeseWizard|Glaive Rush|p1b: Iron Hands\n|-damage|p1b: Iron Hands|40\/100\n|-singlemove|p2b: BobTheCheeseWizard|Glaive Rush|[silent]\n|move|p1a: Ursaluna|Moonblast|p2b: BobTheCheeseWizard\n|-supereffective|p2b: BobTheCheeseWizard\n|-damage|p2b: BobTheCheeseWizard|0 fnt\n|faint|p2b: BobTheCheeseWizard\n|move|p1b: Iron Hands|Drain Punch|p2a: MopfrommyboyMidas\n|-supereffective|p2a: MopfrommyboyMidas\n|-damage|p2a: MopfrommyboyMidas|5\/100\n|-heal|p1b: Iron Hands|69\/100|[from] drain|[of] p2a: MopfrommyboyMidas\n|\n|-heal|p2a: MopfrommyboyMidas|11\/100|[from] Grassy Terrain\n|-heal|p1a: Ursaluna|18\/100|[from] Grassy Terrain\n|-heal|p1a: Ursaluna|24\/100|[from] item: Leftovers\n|-heal|p1b: Iron Hands|75\/100|[from] Grassy Terrain\n|-fieldend|move: Grassy Terrain\n|upkeep\n|c|\u2606RiggedTheGame|yo im fine\n|c|\u2606Frandum|You can easily win this\n|c|\u2606RiggedTheGame|wanna know how\n|\n|t:|1701138537\n|switch|p2b: Heatrans|Chi-Yu|76\/100\n|-ability|p2b: Heatrans|Beads of Ruin\n|turn|13\n|\n|t:|1701138547\n|move|p1a: Ursaluna|Protect|p1a: Ursaluna\n|-singleturn|p1a: Ursaluna|Protect\n|move|p2b: Heatrans|Psychic|p1b: Iron Hands\n|-damage|p1b: Iron Hands|39\/100\n|move|p2a: MopfrommyboyMidas|Make It Rain|p1a: Ursaluna|[spread] p1b\n|-activate|p1a: Ursaluna|move: Protect\n|-resisted|p1b: Iron Hands\n|-damage|p1b: Iron Hands|30\/100\n|-unboost|p2a: MopfrommyboyMidas|spa|1\n|move|p1b: Iron Hands|Drain Punch|p2a: MopfrommyboyMidas\n|-supereffective|p2a: MopfrommyboyMidas\n|-damage|p2a: MopfrommyboyMidas|0 fnt\n|-heal|p1b: Iron Hands|34\/100|[from] drain|[of] p2a: MopfrommyboyMidas\n|faint|p2a: MopfrommyboyMidas\n|\n|-heal|p1a: Ursaluna|30\/100|[from] item: Leftovers\n|upkeep\n|c|\u2606RiggedTheGame|PSYCHIC\n|c|\u2606RiggedTheGame|I lied\n|c|\u2606RiggedTheGame|but\n|c|\u2606RiggedTheGame|I DO HAVE\n|\n|t:|1701138569\n|switch|p2a: Pee Egg|Azumarill, F, shiny|83\/100\n|turn|14\n|c|\u2606RiggedTheGame|PEE EGG\n|\n|t:|1701138589\n|switch|p2b: Chi-Yuuh|Heatran, M|100\/100\n|move|p2a: Pee Egg|Aqua Jet|p1a: Ursaluna\n|-supereffective|p1a: Ursaluna\n|-damage|p1a: Ursaluna|0 fnt\n|faint|p1a: Ursaluna\n|move|p1b: Iron Hands|Drain Punch|p2b: Chi-Yuuh\n|-supereffective|p2b: Chi-Yuuh\n|-damage|p2b: Chi-Yuuh|26\/100\n|-heal|p1b: Iron Hands|62\/100|[from] drain|[of] p2b: Chi-Yuuh\n|\n|-heal|p2b: Chi-Yuuh|32\/100|[from] item: Leftovers\n|upkeep\n|turn|15\n|c|\u2606RiggedTheGame|get trolled\n|\n|t:|1701138619\n|switch|p2a: Heatrans|Chi-Yu|76\/100\n|-ability|p2a: Heatrans|Beads of Ruin\n|move|p2b: Chi-Yuuh|Earth Power|p1b: Iron Hands\n|-damage|p1b: Iron Hands|42\/100\n|move|p1b: Iron Hands|Drain Punch|p2b: Chi-Yuuh\n|-supereffective|p2b: Chi-Yuuh\n|-damage|p2b: Chi-Yuuh|0 fnt\n|-heal|p1b: Iron Hands|54\/100|[from] drain|[of] p2b: Chi-Yuuh\n|faint|p2b: Chi-Yuuh\n|\n|upkeep\n|c|\u2606RiggedTheGame|aw man\n|\n|t:|1701138631\n|switch|p2b: Pee Egg|Azumarill, F, shiny|83\/100\n|turn|16\n|c|\u2606Frandum|Drain punch for the funni\n|c|\u2606Frandum|I can only punch\n|\n|t:|1701138648\n|move|p2a: Heatrans|Overheat|p1b: Iron Hands|[miss]\n|-miss|p2a: Heatrans|p1b: Iron Hands\n|move|p1b: Iron Hands|Drain Punch|p2a: Heatrans\n|-supereffective|p2a: Heatrans\n|-damage|p2a: Heatrans|0 fnt\n|-heal|p1b: Iron Hands|72\/100|[from] drain|[of] p2a: Heatrans\n|faint|p2a: Heatrans\n|move|p2b: Pee Egg|Play Rough|p1b: Iron Hands\n|-damage|p1b: Iron Hands|17\/100\n|\n|upkeep\n|turn|17\n|c|\u2606Frandum|thats literally all I can do\n|c|\u2606RiggedTheGame|my rng\n|c|\u2606RiggedTheGame|is\n|c|\u2606RiggedTheGame|insane\\\n|c|\u2606Frandum|Gg you win\n|c|\u2606RiggedTheGame|UNLESS\n|c|\u2606Frandum|No\n|c|\u2606RiggedTheGame|YOU HAVE POISON\n|c|\u2606Frandum|you outspwed\n|c|\u2606RiggedTheGame|wait I forgot to click\n|\n|t:|1701138686\n|move|p2b: Pee Egg|Play Rough|p1b: Iron Hands\n|-damage|p1b: Iron Hands|0 fnt\n|faint|p1b: Iron Hands\n|-end|p1b: Iron Hands|Quark Drive|[silent]\n|\n|win|RiggedTheGame\n|c|\u2606RiggedTheGame|oh\n|c|\u2606Frandum|ggg\n","uploadtime":1701138695,"views":10,"p1id":"frandum","p2id":"riggedthegame","formatid":"gen9doublesou","rating":0,"private":0,"password":""}