{"id":"gen9doublesou-1972793172","p1":"Mepe Murp","p2":"naditza","format":"[Gen 9] Doubles OU","log":"|j|\u2606Mepe Murp\n|j|\u2606naditza\n|inactive|Battle timer is ON: inactive players will automatically lose when time's up.\n|t:|1697895753\n|gametype|doubles\n|player|p1|Mepe Murp|preschooler|\n|player|p2|naditza|grusha|\n|teamsize|p1|6\n|teamsize|p2|6\n|gen|9\n|tier|[Gen 9] Doubles OU\n|rated|Tournament battle\n|rule|Species Clause: Limit one of each Pok\u00e9mon\n|rule|OHKO Clause: OHKO moves are banned\n|rule|Evasion Moves Clause: Evasion moves are banned\n|rule|Gravity Sleep Clause: The combination of sleep-inducing moves with imperfect accuracy and Gravity or Gigantamax Orbeetle are banned\n|rule|Endless Battle Clause: Forcing endless battles is banned\n|rule|HP Percentage Mod: HP is shown in percentages\n|clearpoke\n|poke|p1|Ninetales-Alola, M|\n|poke|p1|Baxcalibur, F|\n|poke|p1|Heatran, F|\n|poke|p1|Gyarados, F|\n|poke|p1|Sinistcha-Masterpiece|\n|poke|p1|Flutter Mane|\n|poke|p2|Torkoal, L99, F|\n|poke|p2|Flutter Mane|\n|poke|p2|Diancie, L99|\n|poke|p2|Ogerpon-Hearthflame, F|\n|poke|p2|Rillaboom, M|\n|poke|p2|Volcanion|\n|teampreview\n|j|*Lady Monita \u263d\n|\n|t:|1697895782\n|start\n|switch|p1a: Gyarados|Gyarados, F|100\/100\n|switch|p1b: Sinistcha|Sinistcha-Masterpiece|100\/100\n|switch|p2a: Diancie|Diancie, L99|100\/100\n|switch|p2b: Ogerpon|Ogerpon-Hearthflame, F|100\/100\n|-ability|p2b: Ogerpon|Mold Breaker\n|-ability|p1a: Gyarados|Intimidate|boost\n|-fail|p2a: Diancie|unboost|[from] ability: Clear Body|[of] p2a: Diancie\n|-unboost|p2b: Ogerpon|atk|1\n|turn|1\n|\n|t:|1697895791\n|move|p2b: Ogerpon|Follow Me|p2b: Ogerpon\n|-singleturn|p2b: Ogerpon|move: Follow Me\n|move|p1a: Gyarados|Thunder Wave|p2b: Ogerpon\n|-status|p2b: Ogerpon|par\n|move|p1b: Sinistcha|Matcha Gotcha|p2b: Ogerpon|[spread] p2a,p2b\n|-supereffective|p2a: Diancie\n|-resisted|p2b: Ogerpon\n|-damage|p2a: Diancie|61\/100\n|-damage|p2b: Ogerpon|94\/100 par\n|-enditem|p2a: Diancie|Weakness Policy\n|-boost|p2a: Diancie|atk|2|[from] item: Weakness Policy\n|-boost|p2a: Diancie|spa|2|[from] item: Weakness Policy\n|move|p2a: Diancie|Trick Room|p2a: Diancie\n|-fieldstart|move: Trick Room|[of] p2a: Diancie\n|\n|upkeep\n|turn|2\n|\n|t:|1697895819\n|move|p1a: Gyarados|Protect|p1a: Gyarados\n|-singleturn|p1a: Gyarados|Protect\n|move|p2a: Diancie|Diamond Storm|p1a: Gyarados|[spread] p1b\n|-activate|p1a: Gyarados|move: Protect\n|-damage|p1b: Sinistcha|54\/100\n|-boost|p2a: Diancie|def|2\n|move|p2b: Ogerpon|Wood Hammer|p1a: Gyarados\n|-activate|p1a: Gyarados|move: Protect\n|move|p1b: Sinistcha|Matcha Gotcha|p2a: Diancie|[spread] p2a,p2b\n|-supereffective|p2a: Diancie\n|-resisted|p2b: Ogerpon\n|-damage|p2a: Diancie|23\/100\n|-heal|p1b: Sinistcha|70\/100|[from] drain|[of] p2a: Diancie\n|-damage|p2b: Ogerpon|88\/100 par\n|-heal|p1b: Sinistcha|73\/100|[from] drain|[of] p2b: Ogerpon\n|\n|-heal|p1b: Sinistcha|79\/100|[from] item: Leftovers\n|upkeep\n|turn|3\n|inactive|Mepe Murp has 120 seconds left.\n|\n|t:|1697895871\n|switch|p1a: Flutter Mane|Flutter Mane|100\/100\n|-enditem|p1a: Flutter Mane|Booster Energy\n|-activate|p1a: Flutter Mane|ability: Protosynthesis|[fromitem]\n|-start|p1a: Flutter Mane|protosynthesisspe\n|move|p2a: Diancie|Diamond Storm|p1b: Sinistcha|[spread] p1a,p1b\n|-damage|p1a: Flutter Mane|0 fnt\n|-damage|p1b: Sinistcha|35\/100\n|faint|p1a: Flutter Mane\n|-end|p1a: Flutter Mane|Protosynthesis|[silent]\n|move|p2b: Ogerpon|Ivy Cudgel|p1b: Sinistcha\n|-supereffective|p1b: Sinistcha\n|-damage|p1b: Sinistcha|0 fnt\n|faint|p1b: Sinistcha\n|\n|upkeep\n|inactive|Mepe Murp has 90 seconds left.\n|\n|t:|1697895893\n|switch|p1b: Heatran|Heatran, F|100\/100\n|switch|p1a: Gyarados|Gyarados, F|100\/100\n|-ability|p1a: Gyarados|Intimidate|boost\n|-fail|p2a: Diancie|unboost|[from] ability: Clear Body|[of] p2a: Diancie\n|-unboost|p2b: Ogerpon|atk|1\n|turn|4\n|\n|t:|1697895908\n|move|p1a: Gyarados|Protect|p1a: Gyarados\n|-singleturn|p1a: Gyarados|Protect\n|move|p2a: Diancie|Diamond Storm|p1b: Heatran|[spread] p1b\n|-activate|p1a: Gyarados|move: Protect\n|-damage|p1b: Heatran|45\/100\n|-boost|p2a: Diancie|def|2\n|move|p2b: Ogerpon|Wood Hammer|p1a: Gyarados\n|-activate|p1a: Gyarados|move: Protect\n|move|p1b: Heatran|Flash Cannon|p2a: Diancie\n|-supereffective|p2a: Diancie\n|-damage|p2a: Diancie|0 fnt\n|faint|p2a: Diancie\n|\n|-heal|p1b: Heatran|51\/100|[from] item: Leftovers\n|upkeep\n|\n|t:|1697895921\n|switch|p2a: Volcanion|Volcanion|100\/100\n|turn|5\n|inactive|Mepe Murp has 120 seconds left.\n|\n|t:|1697895956\n|move|p1b: Heatran|Protect|p1b: Heatran\n|-singleturn|p1b: Heatran|Protect\n|move|p2b: Ogerpon|Wood Hammer|p1a: Gyarados\n|-damage|p1a: Gyarados|68\/100\n|-damage|p2b: Ogerpon|74\/100 par|[from] Recoil\n|move|p2a: Volcanion|Earth Power|p1b: Heatran\n|-activate|p1b: Heatran|move: Protect\n|move|p1a: Gyarados|Thunder Wave|p2a: Volcanion\n|-status|p2a: Volcanion|par\n|\n|-heal|p1b: Heatran|57\/100|[from] item: Leftovers\n|-heal|p1a: Gyarados|74\/100|[from] item: Leftovers\n|-fieldend|move: Trick Room\n|upkeep\n|turn|6\n|inactive|Mepe Murp has 120 seconds left.\n|\n|t:|1697895982\n|-terastallize|p2a: Volcanion|Grass\n|move|p1a: Gyarados|Waterfall|p2b: Ogerpon\n|-damage|p2b: Ogerpon|30\/100 par\n|move|p1b: Heatran|Earth Power|p2a: Volcanion\n|-resisted|p2a: Volcanion\n|-crit|p2a: Volcanion\n|-damage|p2a: Volcanion|75\/100 par\n|cant|p2b: Ogerpon|flinch\n|move|p2a: Volcanion|Steam Eruption|p1b: Heatran\n|-supereffective|p1b: Heatran\n|-damage|p1b: Heatran|0 fnt\n|faint|p1b: Heatran\n|\n|-heal|p1a: Gyarados|80\/100|[from] item: Leftovers\n|-heal|p2a: Volcanion|81\/100 par|[from] item: Leftovers\n|upkeep\n|inactive|Mepe Murp has 120 seconds left.\n|\n|t:|1697895994\n|switch|p1b: Ninetales|Ninetales-Alola, M|100\/100\n|-weather|Snow|[from] ability: Snow Warning|[of] p1b: Ninetales\n|turn|7\n|\n|t:|1697896010\n|switch|p1b: Baxcalibur|Baxcalibur, F|100\/100\n|move|p1a: Gyarados|Waterfall|p2b: Ogerpon\n|-damage|p2b: Ogerpon|0 fnt\n|faint|p2b: Ogerpon\n|move|p2a: Volcanion|Heat Wave|p1b: Baxcalibur|[spread] p1a,p1b\n|-resisted|p1a: Gyarados\n|-damage|p1a: Gyarados|66\/100\n|-damage|p1b: Baxcalibur|59\/100\n|-ability|p1b: Baxcalibur|Thermal Exchange|boost\n|-boost|p1b: Baxcalibur|atk|1\n|\n|-weather|Snow|[upkeep]\n|-heal|p1a: Gyarados|72\/100|[from] item: Leftovers\n|-heal|p2a: Volcanion|87\/100 par|[from] item: Leftovers\n|upkeep\n|\n|t:|1697896021\n|switch|p2b: Rillaboom|Rillaboom, M|100\/100\n|-fieldstart|move: Grassy Terrain|[from] ability: Grassy Surge|[of] p2b: Rillaboom\n|turn|8\n|\n|t:|1697896031\n|move|p1b: Baxcalibur|Protect|p1b: Baxcalibur\n|-singleturn|p1b: Baxcalibur|Protect\n|move|p2b: Rillaboom|Fake Out|p1b: Baxcalibur\n|-activate|p1b: Baxcalibur|move: Protect\n|move|p1a: Gyarados|Thunder Wave|p2b: Rillaboom\n|-status|p2b: Rillaboom|par\n|move|p2a: Volcanion|Heat Wave|p1a: Gyarados|[spread] p1a\n|-activate|p1b: Baxcalibur|move: Protect\n|-resisted|p1a: Gyarados\n|-crit|p1a: Gyarados\n|-damage|p1a: Gyarados|52\/100\n|\n|-weather|Snow|[upkeep]\n|-heal|p1b: Baxcalibur|65\/100|[from] Grassy Terrain\n|-heal|p1a: Gyarados|58\/100|[from] item: Leftovers\n|-heal|p2a: Volcanion|93\/100 par|[from] Grassy Terrain\n|-heal|p2a: Volcanion|99\/100 par|[from] item: Leftovers\n|upkeep\n|turn|9\n|inactive|Mepe Murp has 120 seconds left.\n|\n|t:|1697896061\n|move|p1b: Baxcalibur|Icicle Spear|p2a: Volcanion\n|-supereffective|p2a: Volcanion\n|-damage|p2a: Volcanion|65\/100 par\n|-supereffective|p2a: Volcanion\n|-damage|p2a: Volcanion|27\/100 par\n|-supereffective|p2a: Volcanion\n|-damage|p2a: Volcanion|0 fnt\n|faint|p2a: Volcanion\n|-hitcount|p2: Volcanion|3\n|move|p1a: Gyarados|Taunt|p2b: Rillaboom\n|-start|p2b: Rillaboom|move: Taunt\n|move|p2b: Rillaboom|Wood Hammer|p1a: Gyarados\n|-damage|p1a: Gyarados|0 fnt\n|faint|p1a: Gyarados\n|-damage|p2b: Rillaboom|79\/100 par|[from] Recoil\n|\n|-weather|Snow|[upkeep]\n|-heal|p1b: Baxcalibur|72\/100|[from] Grassy Terrain\n|-heal|p2b: Rillaboom|86\/100 par|[from] Grassy Terrain\n|upkeep\n|\n|t:|1697896077\n|switch|p1a: Ninetales|Ninetales-Alola, M|100\/100\n|switch|p2a: Torkoal|Torkoal, L99, F|100\/100\n|-weather|SunnyDay|[from] ability: Drought|[of] p2a: Torkoal\n|turn|10\n|\n|t:|1697896100\n|move|p1a: Ninetales|Hypnosis|p2a: Torkoal\n|-status|p2a: Torkoal|slp|[from] move: Hypnosis\n|move|p1b: Baxcalibur|Icicle Spear|p2b: Rillaboom\n|-supereffective|p2b: Rillaboom\n|-damage|p2b: Rillaboom|38\/100 par\n|-supereffective|p2b: Rillaboom\n|-damage|p2b: Rillaboom|0 fnt\n|faint|p2b: Rillaboom\n|-hitcount|p2: Rillaboom|2\n|cant|p2a: Torkoal|slp\n|\n|-weather|SunnyDay|[upkeep]\n|-heal|p1b: Baxcalibur|78\/100|[from] Grassy Terrain\n|upkeep\n|\n|t:|1697896108\n|switch|p2b: Flutter Mane|Flutter Mane|100\/100\n|-activate|p2b: Flutter Mane|ability: Protosynthesis\n|-start|p2b: Flutter Mane|protosynthesisspe\n|turn|11\n|\n|t:|1697896117\n|-terastallize|p1b: Baxcalibur|Poison\n|move|p2b: Flutter Mane|Moonblast|p1b: Baxcalibur\n|-resisted|p1b: Baxcalibur\n|-damage|p1b: Baxcalibur|54\/100\n|-unboost|p1b: Baxcalibur|spa|1\n|move|p1a: Ninetales|Freeze-Dry|p2a: Torkoal\n|-resisted|p2a: Torkoal\n|-damage|p2a: Torkoal|86\/100 slp\n|move|p1b: Baxcalibur|Icicle Spear|p2b: Flutter Mane\n|-damage|p2b: Flutter Mane|54\/100\n|-damage|p2b: Flutter Mane|6\/100\n|-damage|p2b: Flutter Mane|0 fnt\n|faint|p2b: Flutter Mane\n|-end|p2b: Flutter Mane|Protosynthesis|[silent]\n|-hitcount|p2: Flutter Mane|3\n|cant|p2a: Torkoal|slp\n|\n|-weather|SunnyDay|[upkeep]\n|-heal|p1b: Baxcalibur|60\/100|[from] Grassy Terrain\n|-heal|p2a: Torkoal|93\/100 slp|[from] Grassy Terrain\n|upkeep\n|turn|12\n|\n|t:|1697896128\n|move|p1a: Ninetales|Freeze-Dry|p2a: Torkoal\n|-resisted|p2a: Torkoal\n|-damage|p2a: Torkoal|78\/100 slp\n|move|p1b: Baxcalibur|Scale Shot|p2a: Torkoal\n|-damage|p2a: Torkoal|60\/100 slp\n|-damage|p2a: Torkoal|42\/100 slp\n|-damage|p2a: Torkoal|23\/100 slp\n|-damage|p2a: Torkoal|7\/100 slp\n|-damage|p2a: Torkoal|0 fnt\n|faint|p2a: Torkoal\n|-hitcount|p2: Torkoal|5\n|\n|win|Mepe Murp\n|n|\u2606Mepe Murp|mepemurp\n|n|\u2606naditza|naditza\n|n|*Lady Monita \u263d|ladymonita\n|l|*Lady Monita \u263d\n|l|\u2606Mepe Murp\n|c|\u2606naditza|gg\n","uploadtime":1697896136,"views":19,"p1id":"mepemurp","p2id":"naditza","formatid":"gen9doublesou","rating":0,"private":0,"password":""}