{"id":"gen9doublesou-1973228781","p1":"SteamBuns","p2":"Hiusi guy %\u25d5\u203f\u203f\u25d5%","format":"[Gen 9] Doubles OU","log":"|j|\u2606SteamBuns\n|j|\u2606Hiusi guy %\u25d5\u203f\u203f\u25d5%\n|t:|1697941875\n|gametype|doubles\n|player|p1|SteamBuns|yellow|\n|player|p2|Hiusi guy %\u25d5\u203f\u203f\u25d5%|alec-anime|\n|teamsize|p1|6\n|teamsize|p2|6\n|gen|9\n|tier|[Gen 9] Doubles OU\n|rated|Tournament battle\n|rule|Species Clause: Limit one of each Pok\u00e9mon\n|rule|OHKO Clause: OHKO moves are banned\n|rule|Evasion Moves Clause: Evasion moves are banned\n|rule|Gravity Sleep Clause: The combination of sleep-inducing moves with imperfect accuracy and Gravity or Gigantamax Orbeetle are banned\n|rule|Endless Battle Clause: Forcing endless battles is banned\n|rule|HP Percentage Mod: HP is shown in percentages\n|clearpoke\n|poke|p1|Tomohawk, M|\n|poke|p1|Iron Hands|\n|poke|p1|Jumbao, M|\n|poke|p1|Walking Wake|\n|poke|p1|Ogerpon-Hearthflame, F|\n|poke|p1|Heatran, M|\n|poke|p2|Fidgit, F|\n|poke|p2|Ursaluna, M|\n|poke|p2|Iron Hands|\n|poke|p2|Pyroak, M|\n|poke|p2|Hatterene, F|\n|poke|p2|Equilibra|\n|teampreview\n|c|\u2606SteamBuns|hf\n|j|+boomp11\n|j| Waldinjy\n|j| Concept Everything\n|c|\u2606Hiusi guy %\u25d5\u203f\u203f\u25d5%|u 2\n|j| Docter_Peng99\n|\n|t:|1697941930\n|start\n|switch|p1a: Jumbao|Jumbao, M|100\/100\n|switch|p1b: Walking Wake|Walking Wake|100\/100\n|switch|p2a: Fidgit|Fidgit, F|100\/100\n|switch|p2b: Iron Hands|Iron Hands|100\/100\n|-weather|SunnyDay|[from] ability: Drought|[of] p1a: Jumbao\n|-activate|p1b: Walking Wake|ability: Protosynthesis\n|-start|p1b: Walking Wake|protosynthesisspe\n|-enditem|p2b: Iron Hands|Booster Energy\n|-activate|p2b: Iron Hands|ability: Quark Drive|[fromitem]\n|-start|p2b: Iron Hands|quarkdriveatk\n|turn|1\n|\n|t:|1697941954\n|move|p1a: Jumbao|Fake Out|p2b: Iron Hands\n|-damage|p2b: Iron Hands|97\/100\n|cant|p2b: Iron Hands|flinch\n|move|p1b: Walking Wake|Hydro Steam|p2a: Fidgit\n|-supereffective|p2a: Fidgit\n|-enditem|p2a: Fidgit|Focus Sash\n|-damage|p2a: Fidgit|1\/100\n|-damage|p1b: Walking Wake|91\/100|[from] item: Life Orb\n|move|p2a: Fidgit|Trick Room|p2a: Fidgit\n|-activate|p2a: Fidgit|ability: Persistent|[move] Trick Room\n|-fieldstart|move: Trick Room|[of] p2a: Fidgit|[persistent]\n|\n|-weather|SunnyDay|[upkeep]\n|upkeep\n|turn|2\n|c| Docter_Peng99|Oh s trick room team\n|c| Docter_Peng99|Welp good thing I don't have to fight trick room\n|\n|t:|1697942002\n|switch|p1a: Tomohawk|Tomohawk, M|100\/100\n|-ability|p1a: Tomohawk|Intimidate|boost\n|-unboost|p2a: Fidgit|atk|1\n|-unboost|p2b: Iron Hands|atk|1\n|-end|p1b: Walking Wake|Protosynthesis|[silent]\n|switch|p1b: Iron Hands|Iron Hands|100\/100\n|move|p2b: Iron Hands|Wild Charge|p1b: Iron Hands\n|-resisted|p1b: Iron Hands\n|-damage|p1b: Iron Hands|83\/100\n|-damage|p2b: Iron Hands|93\/100|[from] Recoil\n|move|p2a: Fidgit|U-turn|p1a: Tomohawk\n|-resisted|p1a: Tomohawk\n|-damage|p1a: Tomohawk|99\/100\n|\n|t:|1697942015\n|switch|p2a: Ursaluna|Ursaluna, M|100\/100|[from] U-turn\n|\n|-weather|SunnyDay|[upkeep]\n|-status|p2a: Ursaluna|brn|[from] item: Flame Orb\n|upkeep\n|turn|3\n|\n|t:|1697942056\n|-end|p2b: Iron Hands|Quark Drive|[silent]\n|switch|p2b: Pyroak|Pyroak, M|100\/100\n|switch|p1a: Jumbao|Jumbao, M|100\/100\n|move|p2a: Ursaluna|Protect|p2a: Ursaluna\n|-singleturn|p2a: Ursaluna|Protect\n|move|p1b: Iron Hands|Protect||[still]\n|-fail|p1b: Iron Hands\n|\n|-weather|SunnyDay|[upkeep]\n|-damage|p2a: Ursaluna|94\/100 brn|[from] brn\n|upkeep\n|turn|4\n|\n|t:|1697942090\n|-end|p1b: Iron Hands|Quark Drive|[silent]\n|switch|p1b: Tomohawk|Tomohawk, M|99\/100\n|-ability|p1b: Tomohawk|Intimidate|boost\n|-unboost|p2a: Ursaluna|atk|1\n|-boost|p2b: Pyroak|atk|1\n|move|p1a: Jumbao|Fake Out|p2b: Pyroak\n|-damage|p2b: Pyroak|96\/100\n|move|p2a: Ursaluna|Facade|p1b: Tomohawk\n|-damage|p1b: Tomohawk|35\/100\n|cant|p2b: Pyroak|flinch\n|\n|-weather|SunnyDay|[upkeep]\n|-damage|p2a: Ursaluna|88\/100 brn|[from] brn\n|upkeep\n|turn|5\n|l| Docter_Peng99\n|j|+JayHeaven\n|\n|t:|1697942153\n|switch|p1a: Heatran|Heatran, M|100\/100\n|move|p2a: Ursaluna|Headlong Rush|p1a: Heatran\n|-supereffective|p1a: Heatran\n|-damage|p1a: Heatran|0 fnt\n|-unboost|p2a: Ursaluna|def|1\n|-unboost|p2a: Ursaluna|spd|1\n|faint|p1a: Heatran\n|move|p2b: Pyroak|Overheat|p1b: Tomohawk\n|-damage|p1b: Tomohawk|0 fnt\n|-boost|p2b: Pyroak|spa|2\n|faint|p1b: Tomohawk\n|-damage|p2b: Pyroak|86\/100|[from] item: Life Orb\n|\n|-weather|SunnyDay|[upkeep]\n|-damage|p2a: Ursaluna|82\/100 brn|[from] brn\n|upkeep\n|l| Waldinjy\n|\n|t:|1697942216\n|switch|p1b: Walking Wake|Walking Wake|91\/100\n|switch|p1a: Jumbao|Jumbao, M|100\/100\n|-activate|p1b: Walking Wake|ability: Protosynthesis\n|-start|p1b: Walking Wake|protosynthesisspe\n|turn|6\n|\n|t:|1697942233\n|move|p2a: Ursaluna|Protect|p2a: Ursaluna\n|-singleturn|p2a: Ursaluna|Protect\n|move|p2b: Pyroak|Protect|p2b: Pyroak\n|-singleturn|p2b: Pyroak|Protect\n|move|p1a: Jumbao|Fake Out|p2a: Ursaluna\n|-activate|p2a: Ursaluna|move: Protect\n|move|p1b: Walking Wake|Hydro Steam|p2b: Pyroak\n|-activate|p2b: Pyroak|move: Protect\n|\n|-weather|SunnyDay|[upkeep]\n|-damage|p2a: Ursaluna|76\/100 brn|[from] brn\n|upkeep\n|turn|7\n|j|+Samirsin\u2605\n|l|+Samirsin\u2605\n|\n|t:|1697942270\n|switch|p2a: Fidgit|Fidgit, F|1\/100\n|switch|p1a: Iron Hands|Iron Hands|83\/100\n|move|p1b: Walking Wake|Protect|p1b: Walking Wake\n|-singleturn|p1b: Walking Wake|Protect\n|move|p2b: Pyroak|Overheat|p1a: Iron Hands\n|-damage|p1a: Iron Hands|0 fnt\n|-boost|p2b: Pyroak|spa|2\n|faint|p1a: Iron Hands\n|-end|p1a: Iron Hands|Quark Drive|[silent]\n|-damage|p2b: Pyroak|76\/100|[from] item: Life Orb\n|\n|-weather|SunnyDay|[upkeep]\n|-fieldend|move: Trick Room\n|upkeep\n|\n|t:|1697942312\n|switch|p1a: Ogerpon|Ogerpon-Hearthflame, F|100\/100\n|-ability|p1a: Ogerpon|Mold Breaker\n|turn|8\n|j|+Samirsin\u2605\n|l|+Samirsin\u2605\n|\n|t:|1697942341\n|move|p1b: Walking Wake|Hydro Steam|p2b: Pyroak\n|-damage|p2b: Pyroak|0 fnt\n|faint|p2b: Pyroak\n|-damage|p1b: Walking Wake|81\/100|[from] item: Life Orb\n|move|p1a: Ogerpon|Ivy Cudgel|p2a: Fidgit\n|-damage|p2a: Fidgit|0 fnt\n|faint|p2a: Fidgit\n|\n|-weather|none\n|-end|p1b: Walking Wake|Protosynthesis\n|upkeep\n|\n|t:|1697942348\n|switch|p2a: Hatterene|Hatterene, F|100\/100\n|switch|p2b: Iron Hands|Iron Hands|93\/100\n|turn|9\n|\n|t:|1697942428\n|switch|p1a: Jumbao|Jumbao, M|100\/100\n|-weather|SunnyDay|[from] ability: Drought|[of] p1a: Jumbao\n|-activate|p1b: Walking Wake|ability: Protosynthesis\n|-start|p1b: Walking Wake|protosynthesisspe\n|move|p2b: Iron Hands|Fake Out|p1a: Jumbao\n|-damage|p1a: Jumbao|86\/100\n|move|p1b: Walking Wake|Hydro Steam|p2a: Hatterene\n|-damage|p2a: Hatterene|17\/100\n|-damage|p1b: Walking Wake|71\/100|[from] item: Life Orb\n|move|p2a: Hatterene|Trick Room|p2a: Hatterene\n|-fieldstart|move: Trick Room|[of] p2a: Hatterene\n|\n|-weather|SunnyDay|[upkeep]\n|upkeep\n|turn|10\n|\n|t:|1697942487\n|move|p1a: Jumbao|Fake Out|p2b: Iron Hands\n|-damage|p2b: Iron Hands|89\/100\n|move|p2a: Hatterene|Dazzling Gleam|p1a: Jumbao|[spread] p1a,p1b\n|-supereffective|p1b: Walking Wake\n|-damage|p1a: Jumbao|53\/100\n|-damage|p1b: Walking Wake|0 fnt\n|faint|p1b: Walking Wake\n|-end|p1b: Walking Wake|Protosynthesis|[silent]\n|-damage|p2a: Hatterene|7\/100|[from] item: Life Orb\n|cant|p2b: Iron Hands|flinch\n|\n|-weather|SunnyDay|[upkeep]\n|upkeep\n|\n|t:|1697942496\n|switch|p1b: Ogerpon|Ogerpon-Hearthflame, F|100\/100\n|-ability|p1b: Ogerpon|Mold Breaker\n|turn|11\n|\n|t:|1697942512\n|move|p1b: Ogerpon|Spiky Shield|p1b: Ogerpon\n|-singleturn|p1b: Ogerpon|move: Protect\n|move|p2a: Hatterene|Psychic|p1a: Jumbao\n|-damage|p1a: Jumbao|4\/100\n|-damage|p2a: Hatterene|0 fnt|[from] item: Life Orb\n|faint|p2a: Hatterene\n|move|p2b: Iron Hands|Close Combat|p1b: Ogerpon\n|-activate|p1b: Ogerpon|move: Protect\n|-damage|p2b: Iron Hands|76\/100|[from] Spiky Shield|[of] p1b: Ogerpon\n|move|p1a: Jumbao|Life Dew||[still]|[spread] p1a,p1b\n|-heal|p1a: Jumbao|29\/100\n|-fail|p1b: Ogerpon|heal\n|\n|-weather|SunnyDay|[upkeep]\n|upkeep\n|\n|t:|1697942527\n|switch|p2a: Ursaluna|Ursaluna, M|76\/100 brn\n|turn|12\n|c|\u2606SteamBuns|gg\n|-message|SteamBuns forfeited.\n|\n|win|Hiusi guy %\u25d5\u203f\u203f\u25d5%\n|n|\u2606SteamBuns|steambuns\n|n|\u2606Hiusi guy %\u25d5\u203f\u203f\u25d5%|hiusiguy\n|n| boomp11|boomp11\n|n| Concept Everything|concepteverything\n|n| JayHeaven|jayheaven\n|c|\u2606Hiusi guy %\u25d5\u203f\u203f\u25d5%|gg\n|l|\u2606SteamBuns\n|l|\u2606Hiusi guy %\u25d5\u203f\u203f\u25d5%\n","uploadtime":1697942555,"views":25,"p1id":"steambuns","p2id":"hiusiguy","formatid":"gen9doublesou","rating":0,"private":0,"password":""}