{"id":"gen9doublesou-1991236374","p1":"Aeiou24","p2":"uglyneo","format":"[Gen 9] Doubles OU","log":"|j|\u2606Aeiou24\n|j|\u2606uglyneo\n|inactive|Battle timer is ON: inactive players will automatically lose when time's up.\n|t:|1700059991\n|gametype|doubles\n|player|p1|Aeiou24|beni-ninja|\n|player|p2|uglyneo|lusamine-nihilego|\n|teamsize|p1|2\n|teamsize|p2|2\n|gen|9\n|tier|[Gen 9] Doubles OU\n|rated|Tournament battle\n|rule|Species Clause: Limit one of each Pok\u00e9mon\n|rule|OHKO Clause: OHKO moves are banned\n|rule|Evasion Moves Clause: Evasion moves are banned\n|rule|Gravity Sleep Clause: The combination of sleep-inducing moves with imperfect accuracy and Gravity or Gigantamax Orbeetle are banned\n|rule|Endless Battle Clause: Forcing endless battles is banned\n|rule|HP Percentage Mod: HP is shown in percentages\n|clearpoke\n|poke|p1|Clefairy, F|\n|poke|p1|Qwilfish-Hisui, F|\n|poke|p2|Larvesta, F|\n|poke|p2|Finneon, M|\n|teampreview\n|j|*Lady Monita \u2746\n|inactive|Aeiou24 also wants the timer to be on.\n|\n|t:|1700059995\n|start\n|switch|p1a: Clefairy|Clefairy, F, shiny|100\/100\n|switch|p1b: Qwilfish|Qwilfish-Hisui, F, shiny|100\/100\n|switch|p2a: Larvesta|Larvesta, F|100\/100\n|switch|p2b: Finneon|Finneon, M|100\/100\n|-ability|p1b: Qwilfish|Intimidate|boost\n|-unboost|p2a: Larvesta|atk|1\n|-unboost|p2b: Finneon|atk|1\n|turn|1\n|j| Zwellish\n|\n|t:|1700060010\n|move|p1b: Qwilfish|Protect|p1b: Qwilfish\n|-singleturn|p1b: Qwilfish|Protect\n|move|p2b: Finneon|Icy Wind|p1a: Clefairy|[spread] \n|-activate|p1b: Qwilfish|move: Protect\n|-miss|p2b: Finneon|p1a: Clefairy\n|move|p2a: Larvesta|Will-O-Wisp|p1b: Qwilfish\n|-activate|p1b: Qwilfish|move: Protect\n|move|p1a: Clefairy|Icy Wind|p2b: Finneon|[spread] p2a,p2b\n|-resisted|p2a: Larvesta\n|-resisted|p2b: Finneon\n|-damage|p2a: Larvesta|97\/100\n|-damage|p2b: Finneon|96\/100\n|-unboost|p2a: Larvesta|spe|1\n|-unboost|p2b: Finneon|spe|1\n|\n|upkeep\n|turn|2\n|j| TJ799\n|j| DIMU179\n|inactive|uglyneo has 120 seconds left.\n|inactive|Aeiou24 has 120 seconds left.\n|j| Moonlightchampion\n|\n|t:|1700060050\n|-terastallize|p1b: Qwilfish|Dark\n|move|p1a: Clefairy|Helping Hand|p1b: Qwilfish\n|-singleturn|p1b: Qwilfish|Helping Hand|[of] p1a: Clefairy\n|move|p1b: Qwilfish|Lash Out|p2a: Larvesta\n|-damage|p2a: Larvesta|13\/100\n|-status|p1b: Qwilfish|brn|[from] ability: Flame Body|[of] p2a: Larvesta\n|move|p2b: Finneon|Icy Wind|p1b: Qwilfish|[spread] p1a,p1b\n|-crit|p1b: Qwilfish\n|-damage|p1a: Clefairy|94\/100\n|-damage|p1b: Qwilfish|83\/100 brn\n|-unboost|p1a: Clefairy|spe|1\n|-unboost|p1b: Qwilfish|spe|1\n|move|p2a: Larvesta|Will-O-Wisp|p1b: Qwilfish\n|-fail|p1b: Qwilfish|brn\n|\n|-damage|p1b: Qwilfish|77\/100 brn|[from] brn\n|upkeep\n|turn|3\n|inactive|Aeiou24 has 120 seconds left.\n|inactive|uglyneo has 120 seconds left.\n|inactive|uglyneo has 90 seconds left.\n|\n|t:|1700060105\n|move|p1b: Qwilfish|Protect|p1b: Qwilfish\n|-singleturn|p1b: Qwilfish|Protect\n|move|p2b: Finneon|Tailwind|p2b: Finneon\n|-sidestart|p2: uglyneo|move: Tailwind\n|move|p2a: Larvesta|Bug Buzz|p1b: Qwilfish\n|-activate|p1b: Qwilfish|move: Protect\n|move|p1a: Clefairy|Icy Wind|p2b: Finneon|[spread] p2a,p2b\n|-resisted|p2a: Larvesta\n|-resisted|p2b: Finneon\n|-damage|p2a: Larvesta|9\/100\n|-damage|p2b: Finneon|92\/100\n|-unboost|p2a: Larvesta|spe|1\n|-unboost|p2b: Finneon|spe|1\n|\n|-damage|p1b: Qwilfish|71\/100 brn|[from] brn\n|upkeep\n|turn|4\n|\n|t:|1700060119\n|move|p2b: Finneon|Helping Hand|p2a: Larvesta\n|-singleturn|p2a: Larvesta|Helping Hand|[of] p2b: Finneon\n|move|p1a: Clefairy|Follow Me|p1a: Clefairy\n|-singleturn|p1a: Clefairy|move: Follow Me\n|move|p1b: Qwilfish|Lash Out|p2a: Larvesta\n|-damage|p2a: Larvesta|0 fnt\n|faint|p2a: Larvesta\n|\n|-damage|p1b: Qwilfish|65\/100 brn|[from] brn\n|upkeep\n|turn|5\n|inactive|uglyneo has 120 seconds left.\n|\n|t:|1700060134\n|move|p1a: Clefairy|Follow Me|p1a: Clefairy\n|-singleturn|p1a: Clefairy|move: Follow Me\n|move|p2b: Finneon|Surf|p1b: Qwilfish|[spread] p1a,p1b\n|-damage|p1a: Clefairy|74\/100\n|-damage|p1b: Qwilfish|37\/100 brn\n|move|p1b: Qwilfish|Swords Dance|p1b: Qwilfish\n|-boost|p1b: Qwilfish|atk|2\n|\n|-damage|p1b: Qwilfish|30\/100 brn|[from] brn\n|upkeep\n|turn|6\n|\n|t:|1700060143\n|move|p1b: Qwilfish|Protect|p1b: Qwilfish\n|-singleturn|p1b: Qwilfish|Protect\n|move|p2b: Finneon|Surf|p1b: Qwilfish|[spread] p1a\n|-activate|p1b: Qwilfish|move: Protect\n|-damage|p1a: Clefairy|55\/100\n|move|p1a: Clefairy|Icy Wind|p2b: Finneon|[miss]\n|-miss|p1a: Clefairy|p2b: Finneon\n|\n|-damage|p1b: Qwilfish|24\/100 brn|[from] brn\n|-sideend|p2: uglyneo|move: Tailwind\n|upkeep\n|turn|7\n|c| Moonlightchampion|Bro got the lucky Clefairy\n|\n|t:|1700060160\n|move|p1a: Clefairy|Helping Hand|p1b: Qwilfish\n|-singleturn|p1b: Qwilfish|Helping Hand|[of] p1a: Clefairy\n|move|p1b: Qwilfish|Lash Out|p2b: Finneon\n|-damage|p2b: Finneon|0 fnt\n|faint|p2b: Finneon\n|\n|win|Aeiou24\n|n|\u2606Aeiou24|aeiou24\n|n|\u2606uglyneo|uglyneo\n|n|*Lady Monita \u2746|ladymonita\n|n| Zwellish|zwellish\n|n| TJ799|tj799\n|n| DIMU179|dimu179\n|n| Moonlightchampion|moonlightchampion\n","uploadtime":1700060161,"views":7,"p1id":"aeiou24","p2id":"uglyneo","formatid":"gen9doublesou","rating":0,"private":0,"password":""}