{"id":"gen9doublesou-1977193961","p1":"Kalo.munro","p2":"andy1510","format":"[Gen 9] Doubles OU","log":"|j|\u203dKalo.munro\n|j|\u2606andy1510\n|t:|1698384270\n|gametype|doubles\n|player|p1|Kalo.munro|266|1356\n|player|p2|andy1510|youngster-gen4dp|1480\n|teamsize|p1|6\n|teamsize|p2|6\n|gen|9\n|tier|[Gen 9] Doubles OU\n|rated|\n|rule|Species Clause: Limit one of each Pok\u00e9mon\n|rule|OHKO Clause: OHKO moves are banned\n|rule|Evasion Moves Clause: Evasion moves are banned\n|rule|Gravity Sleep Clause: The combination of sleep-inducing moves with imperfect accuracy and Gravity or Gigantamax Orbeetle are banned\n|rule|Endless Battle Clause: Forcing endless battles is banned\n|rule|HP Percentage Mod: HP is shown in percentages\n|clearpoke\n|poke|p1|Espeon, M|\n|poke|p1|Vikavolt, M|\n|poke|p1|Empoleon, F|\n|poke|p1|Kingambit, M|\n|poke|p1|Ogerpon, F|\n|poke|p1|Gothitelle, M|\n|poke|p2|Empoleon, M|\n|poke|p2|Kingambit, F|\n|poke|p2|Wigglytuff, F|\n|poke|p2|Articuno-Galar|\n|poke|p2|Hatterene, F|\n|poke|p2|Vikavolt, M|\n|teampreview\n|inactive|Battle timer is ON: inactive players will automatically lose when time's up. (requested by Kalo.munro)\n|\n|t:|1698384290\n|start\n|switch|p1a: Espeon|Espeon, M|100\/100\n|switch|p1b: Vikavolt|Vikavolt, M|100\/100\n|switch|p2a: Hatterene|Hatterene, F|100\/100\n|switch|p2b: Vikavolt|Vikavolt, M|100\/100\n|turn|1\n|c|\u2606andy1510|Are you about to magic bounce sticky web yourself?\n|inactive|andy1510 has 120 seconds left.\n|\n|t:|1698384328\n|move|p1a: Espeon|Light Screen|p1a: Espeon\n|-sidestart|p1: Kalo.munro|move: Light Screen\n|move|p1b: Vikavolt|Sticky Web|p2a: Hatterene\n|move|p2a: Hatterene|Sticky Web|p1b: Vikavolt|[from]ability: Magic Bounce\n|-sidestart|p1: Kalo.munro|move: Sticky Web\n|move|p2b: Vikavolt|Sticky Web|p1b: Vikavolt\n|move|p1a: Espeon|Sticky Web|p2b: Vikavolt|[from]ability: Magic Bounce\n|-sidestart|p2: andy1510|move: Sticky Web\n|move|p2a: Hatterene|Trick Room|p2a: Hatterene\n|-fieldstart|move: Trick Room|[of] p2a: Hatterene\n|\n|upkeep\n|turn|2\n|\n|t:|1698384351\n|switch|p1a: Kingambit|Kingambit, M, shiny|100\/100\n|-activate|p1a: Kingambit|move: Sticky Web\n|-unboost|p1a: Kingambit|spe|1\n|-ability|p1a: Kingambit|Defiant|boost\n|-boost|p1a: Kingambit|atk|2\n|move|p2b: Vikavolt|Rain Dance|p2b: Vikavolt\n|-weather|RainDance\n|move|p2a: Hatterene|Dazzling Gleam|p1b: Vikavolt|[spread] p1a,p1b\n|-damage|p1a: Kingambit|84\/100\n|-damage|p1b: Vikavolt|85\/100\n|move|p1b: Vikavolt|Struggle Bug|p2a: Hatterene|[spread] p2a,p2b\n|-damage|p2a: Hatterene|86\/100\n|-damage|p2b: Vikavolt|83\/100\n|-unboost|p2b: Vikavolt|spa|1\n|\n|-weather|RainDance|[upkeep]\n|upkeep\n|turn|3\n|\n|t:|1698384380\n|move|p2b: Vikavolt|Thunder|p1a: Kingambit\n|-damage|p1a: Kingambit|62\/100\n|move|p2a: Hatterene|Healing Wish|p2a: Hatterene\n|faint|p2a: Hatterene\n|move|p1a: Kingambit|Iron Head|p2b: Vikavolt\n|-resisted|p2b: Vikavolt\n|-damage|p2b: Vikavolt|44\/100\n|move|p1b: Vikavolt|Thunderbolt|p2b: Vikavolt\n|-resisted|p2b: Vikavolt\n|-damage|p2b: Vikavolt|25\/100\n|\n|-weather|RainDance|[upkeep]\n|upkeep\n|\n|t:|1698384389\n|switch|p2a: Empoleon|Empoleon, M|100\/100\n|-activate|p2a: Empoleon|move: Sticky Web\n|-unboost|p2a: Empoleon|spe|1\n|-ability|p2a: Empoleon|Competitive|boost\n|-boost|p2a: Empoleon|spa|2\n|turn|4\n|\n|t:|1698384400\n|move|p1a: Kingambit|Sucker Punch|p2a: Empoleon\n|-damage|p2a: Empoleon|20\/100\n|move|p2a: Empoleon|Surf|p1b: Vikavolt|[spread] p2b,p1a,p1b\n|-damage|p2b: Vikavolt|0 fnt\n|-damage|p1a: Kingambit|0 fnt\n|-damage|p1b: Vikavolt|29\/100\n|faint|p2b: Vikavolt\n|faint|p1a: Kingambit\n|move|p1b: Vikavolt|Thunderbolt|p2a: Empoleon\n|-supereffective|p2a: Empoleon\n|-damage|p2a: Empoleon|0 fnt\n|faint|p2a: Empoleon\n|\n|-weather|RainDance|[upkeep]\n|upkeep\n|\n|t:|1698384420\n|switch|p2b: Kingambit|Kingambit, F|100\/100\n|switch|p2a: Articuno|Articuno-Galar|100\/100\n|switch|p1a: Empoleon|Empoleon, F|100\/100\n|-activate|p2a: Articuno|move: Sticky Web\n|-unboost|p2a: Articuno|spe|1\n|-ability|p2a: Articuno|Competitive|boost\n|-boost|p2a: Articuno|spa|2\n|-activate|p2b: Kingambit|move: Sticky Web\n|-unboost|p2b: Kingambit|spe|1\n|-ability|p2b: Kingambit|Defiant|boost\n|-boost|p2b: Kingambit|atk|2\n|-activate|p1a: Empoleon|move: Sticky Web\n|-unboost|p1a: Empoleon|spe|1\n|-ability|p1a: Empoleon|Competitive|boost\n|-boost|p1a: Empoleon|spa|2\n|turn|5\n|inactive|andy1510 has 120 seconds left.\n|\n|t:|1698384453\n|-terastallize|p2a: Articuno|Normal\n|move|p2b: Kingambit|Sucker Punch|p1a: Empoleon\n|-damage|p1a: Empoleon|22\/100\n|move|p2a: Articuno|Hyper Voice|p1b: Vikavolt|[spread] p1a,p1b\n|-resisted|p1a: Empoleon\n|-damage|p1a: Empoleon|10\/100\n|-damage|p1b: Vikavolt|0 fnt\n|faint|p1b: Vikavolt\n|move|p1a: Empoleon|Surf|p2b: Kingambit|[spread] p2a,p2b\n|-damage|p2a: Articuno|33\/100\n|-damage|p2b: Kingambit|4\/100\n|\n|-weather|RainDance|[upkeep]\n|-heal|p2b: Kingambit|10\/100|[from] item: Leftovers\n|-sideend|p1: Kalo.munro|move: Light Screen\n|-fieldend|move: Trick Room\n|upkeep\n|\n|t:|1698384472\n|switch|p1b: Ogerpon|Ogerpon, F|100\/100\n|-activate|p1b: Ogerpon|move: Sticky Web\n|-unboost|p1b: Ogerpon|spe|1\n|-ability|p1b: Ogerpon|Defiant|boost\n|-boost|p1b: Ogerpon|atk|2\n|turn|6\n|inactive|andy1510 has 120 seconds left.\n|\n|t:|1698384503\n|move|p2b: Kingambit|Sucker Punch|p1a: Empoleon\n|-damage|p1a: Empoleon|0 fnt\n|faint|p1a: Empoleon\n|move|p1b: Ogerpon|Ivy Cudgel|p2a: Articuno\n|-damage|p2a: Articuno|0 fnt\n|faint|p2a: Articuno\n|\n|-weather|none\n|-heal|p2b: Kingambit|16\/100|[from] item: Leftovers\n|upkeep\n|\n|t:|1698384512\n|switch|p2a: Wigglytuff|Wigglytuff, F|100\/100\n|switch|p1a: Gothitelle|Gothitelle, M, shiny|100\/100\n|-activate|p1a: Gothitelle|move: Sticky Web\n|-unboost|p1a: Gothitelle|spe|1\n|-ability|p1a: Gothitelle|Competitive|boost\n|-boost|p1a: Gothitelle|spa|2\n|-activate|p2a: Wigglytuff|move: Sticky Web\n|-unboost|p2a: Wigglytuff|spe|1\n|-ability|p2a: Wigglytuff|Competitive|boost\n|-boost|p2a: Wigglytuff|spa|2\n|turn|7\n|\n|t:|1698384523\n|move|p2b: Kingambit|Protect|p2b: Kingambit\n|-singleturn|p2b: Kingambit|Protect\n|move|p1a: Gothitelle|Fake Out|p2b: Kingambit\n|-activate|p2b: Kingambit|move: Protect\n|move|p1b: Ogerpon|Ivy Cudgel|p2a: Wigglytuff\n|-damage|p2a: Wigglytuff|9\/100\n|move|p2a: Wigglytuff|Flamethrower|p1b: Ogerpon\n|-supereffective|p1b: Ogerpon\n|-damage|p1b: Ogerpon|0 fnt\n|faint|p1b: Ogerpon\n|\n|-heal|p2b: Kingambit|22\/100|[from] item: Leftovers\n|upkeep\n|\n|t:|1698384527\n|switch|p1b: Espeon|Espeon, M|100\/100\n|-activate|p1b: Espeon|move: Sticky Web\n|-unboost|p1b: Espeon|spe|1\n|turn|8\n|\n|t:|1698384543\n|move|p2b: Kingambit|Sucker Punch|p1a: Gothitelle\n|-supereffective|p1a: Gothitelle\n|-damage|p1a: Gothitelle|0 fnt\n|faint|p1a: Gothitelle\n|move|p1b: Espeon|Thunder Wave|p2a: Wigglytuff\n|-status|p2a: Wigglytuff|par\n|cant|p2a: Wigglytuff|par\n|\n|-heal|p2b: Kingambit|28\/100|[from] item: Leftovers\n|upkeep\n|turn|9\n|-message|Kalo.munro forfeited.\n|\n|win|andy1510\n|raw|Kalo.munro's rating: 1356 &rarr; <strong>1343<\/strong><br \/>(-13 for losing)\n|raw|andy1510's rating: 1480 &rarr; <strong>1493<\/strong><br \/>(+13 for winning)\n|l|\u203dKalo.munro\n","uploadtime":1698384557,"views":24,"p1id":"kalomunro","p2id":"andy1510","formatid":"gen9doublesou","rating":1343,"private":0,"password":""}