{"id":"gen9doublesou-1977648351","p1":"sirglizzi","p2":"smeeblin","format":"[Gen 9] Doubles OU","log":"|j|\u2606sirglizzi\n|j|\u2606smeeblin\n|t:|1698435035\n|gametype|doubles\n|player|p1|sirglizzi|169|1057\n|player|p2|smeeblin|unknownf|1000\n|teamsize|p1|6\n|teamsize|p2|6\n|gen|9\n|tier|[Gen 9] Doubles OU\n|rated|\n|rule|Species Clause: Limit one of each Pok\u00e9mon\n|rule|OHKO Clause: OHKO moves are banned\n|rule|Evasion Moves Clause: Evasion moves are banned\n|rule|Gravity Sleep Clause: The combination of sleep-inducing moves with imperfect accuracy and Gravity or Gigantamax Orbeetle are banned\n|rule|Endless Battle Clause: Forcing endless battles is banned\n|rule|HP Percentage Mod: HP is shown in percentages\n|clearpoke\n|poke|p1|Torkoal, M|\n|poke|p1|Lilligant, F|\n|poke|p1|Illumise, F|\n|poke|p1|Garchomp, F|\n|poke|p1|Arcanine, F|\n|poke|p1|Volcarona, F|\n|poke|p2|Volcarona, F|\n|poke|p2|Oricorio-Pom-Pom, F|\n|poke|p2|Ceruledge, F|\n|poke|p2|Quaquaval, M|\n|poke|p2|Flamigo, M|\n|poke|p2|Blissey, F|\n|teampreview\n|\n|t:|1698435042\n|start\n|switch|p1a: Torkoal|Torkoal, M|100\/100\n|switch|p1b: Lilligant|Lilligant, F|100\/100\n|switch|p2a: Oricorio|Oricorio-Pom-Pom, F|100\/100\n|switch|p2b: Volcarona|Volcarona, F|100\/100\n|-weather|SunnyDay|[from] ability: Drought|[of] p1a: Torkoal\n|turn|1\n|\n|t:|1698435060\n|move|p2a: Oricorio|Protect|p2a: Oricorio\n|-singleturn|p2a: Oricorio|Protect\n|move|p1b: Lilligant|Sleep Powder|p2b: Volcarona\n|-status|p2b: Volcarona|slp|[from] move: Sleep Powder\n|cant|p2b: Volcarona|slp\n|move|p1a: Torkoal|Heat Wave|p2a: Oricorio|[spread] p2b\n|-activate|p2a: Oricorio|move: Protect\n|-crit|p2b: Volcarona\n|-damage|p2b: Volcarona|46\/100 slp\n|-enditem|p2b: Volcarona|Eject Button\n|\n|t:|1698435077\n|switch|p2b: Ceruledge|Ceruledge, F|100\/100\n|\n|-weather|SunnyDay|[upkeep]\n|upkeep\n|turn|2\n|\n|t:|1698435106\n|switch|p1a: Garchomp|Garchomp, F|100\/100\n|move|p1b: Lilligant|Sleep Powder|p2b: Ceruledge\n|-status|p2b: Ceruledge|slp|[from] move: Sleep Powder\n|move|p2a: Oricorio|Substitute|p2a: Oricorio\n|-start|p2a: Oricorio|Substitute\n|-damage|p2a: Oricorio|76\/100\n|cant|p2b: Ceruledge|slp\n|\n|-weather|SunnyDay|[upkeep]\n|-heal|p2a: Oricorio|82\/100|[from] item: Leftovers\n|upkeep\n|turn|3\n|\n|t:|1698435137\n|move|p1b: Lilligant|Quiver Dance|p1b: Lilligant\n|-boost|p1b: Lilligant|spa|1\n|-boost|p1b: Lilligant|spd|1\n|-boost|p1b: Lilligant|spe|1\n|-activate|p2a: Oricorio|ability: Dancer\n|move|p2a: Oricorio|Quiver Dance|p2a: Oricorio|[from]ability: Dancer\n|-boost|p2a: Oricorio|spa|1\n|-boost|p2a: Oricorio|spd|1\n|-boost|p2a: Oricorio|spe|1\n|move|p2a: Oricorio|Tailwind|p2a: Oricorio\n|-sidestart|p2: smeeblin|move: Tailwind\n|-curestatus|p2b: Ceruledge|slp|[msg]\n|move|p2b: Ceruledge|Bitter Blade|p1b: Lilligant\n|-supereffective|p1b: Lilligant\n|-damage|p1b: Lilligant|0 fnt\n|faint|p1b: Lilligant\n|move|p1a: Garchomp|Dragon Claw|p2b: Ceruledge\n|-damage|p2b: Ceruledge|19\/100\n|\n|-weather|SunnyDay|[upkeep]\n|-heal|p2a: Oricorio|88\/100|[from] item: Leftovers\n|upkeep\n|\n|t:|1698435160\n|switch|p1b: Volcarona|Volcarona, F|100\/100\n|turn|4\n|\n|t:|1698435175\n|move|p2a: Oricorio|Protect|p2a: Oricorio\n|-singleturn|p2a: Oricorio|Protect\n|move|p2b: Ceruledge|Swords Dance|p2b: Ceruledge\n|-boost|p2b: Ceruledge|atk|2\n|-activate|p2a: Oricorio|ability: Dancer\n|move|p2a: Oricorio|Swords Dance|p2a: Oricorio|[from]ability: Dancer\n|-boost|p2a: Oricorio|atk|2\n|move|p1a: Garchomp|Dragon Claw|p2a: Oricorio\n|-activate|p2a: Oricorio|move: Protect\n|move|p1b: Volcarona|Heat Wave|p2b: Ceruledge|[spread] \n|-activate|p2a: Oricorio|move: Protect\n|-start|p2b: Ceruledge|ability: Flash Fire\n|\n|-weather|SunnyDay|[upkeep]\n|-heal|p2a: Oricorio|94\/100|[from] item: Leftovers\n|upkeep\n|turn|5\n|-message|sirglizzi forfeited.\n|\n|win|smeeblin\n|raw|sirglizzi's rating: 1057 &rarr; <strong>1035<\/strong><br \/>(-22 for losing)\n|raw|smeeblin's rating: 1000 &rarr; <strong>1047<\/strong><br \/>(+47 for winning)\n|l|\u2606sirglizzi\n","uploadtime":1698435215,"views":16,"p1id":"sirglizzi","p2id":"smeeblin","formatid":"gen9doublesou","rating":1035,"private":0,"password":""}