{"id":"gen9doublesou-1985937044","p1":"Jiraiya Ogama","p2":"Na5ty","format":"[Gen 9] Doubles OU","log":"|j|\u2606Jiraiya Ogama\n|j|\u2606Na5ty\n|t:|1699425874\n|gametype|doubles\n|player|p1|Jiraiya Ogama|265|1537\n|player|p2|Na5ty|1|1399\n|teamsize|p1|6\n|teamsize|p2|6\n|gen|9\n|tier|[Gen 9] Doubles OU\n|rated|\n|rule|Species Clause: Limit one of each Pok\u00e9mon\n|rule|OHKO Clause: OHKO moves are banned\n|rule|Evasion Moves Clause: Evasion moves are banned\n|rule|Gravity Sleep Clause: The combination of sleep-inducing moves with imperfect accuracy and Gravity or Gigantamax Orbeetle are banned\n|rule|Endless Battle Clause: Forcing endless battles is banned\n|rule|HP Percentage Mod: HP is shown in percentages\n|clearpoke\n|poke|p1|Greninja-*, F|\n|poke|p1|Flutter Mane|\n|poke|p1|Iron Hands|\n|poke|p1|Ogerpon-Hearthflame, F|\n|poke|p1|Tornadus, M|\n|poke|p1|Landorus-Therian, M|\n|poke|p2|Gastrodon-East, M|\n|poke|p2|Heatran, M|\n|poke|p2|Gholdengo|\n|poke|p2|Landorus-Therian, M|\n|poke|p2|Tyranitar, F|\n|poke|p2|Diancie|\n|teampreview\n|inactive|Battle timer is ON: inactive players will automatically lose when time's up. (requested by Na5ty)\n|\n|t:|1699425903\n|start\n|switch|p1a: \u014cgama|Greninja, F, shiny|100\/100\n|switch|p1b: Takemikazuchi|Iron Hands|100\/100\n|switch|p2a: Landorus|Landorus-Therian, M|100\/100\n|switch|p2b: Tyranitar|Tyranitar, F|100\/100\n|-ability|p2a: Landorus|Intimidate|boost\n|-unboost|p1a: \u014cgama|atk|1\n|-unboost|p1b: Takemikazuchi|atk|1\n|-weather|Sandstorm|[from] ability: Sand Stream|[of] p2b: Tyranitar\n|turn|1\n|\n|t:|1699425928\n|-end|p1b: Takemikazuchi|Quark Drive|[silent]\n|switch|p1b: Inari \u014ckami|Landorus-Therian, M|100\/100\n|-ability|p1b: Inari \u014ckami|Intimidate|boost\n|-unboost|p2a: Landorus|atk|1\n|-unboost|p2b: Tyranitar|atk|1\n|switch|p2b: Gastrodon|Gastrodon-East, M|100\/100\n|move|p1a: \u014cgama|Spikes|p2b: Gastrodon\n|-start|p1a: \u014cgama|typechange|Ground|[from] ability: Protean\n|-sidestart|p2: Na5ty|Spikes\n|move|p2a: Landorus|Stomping Tantrum|p1b: Inari \u014ckami\n|-immune|p1b: Inari \u014ckami\n|\n|-weather|Sandstorm|[upkeep]\n|upkeep\n|turn|2\n|\n|t:|1699425955\n|switch|p2a: Diancie|Diancie|100\/100\n|-damage|p2a: Diancie|88\/100|[from] Spikes\n|move|p1b: Inari \u014ckami|Grass Knot|p2b: Gastrodon\n|-supereffective|p2b: Gastrodon\n|-damage|p2b: Gastrodon|43\/100\n|move|p1a: \u014cgama|Spikes|p2b: Gastrodon\n|-sidestart|p2: Na5ty|Spikes\n|move|p2b: Gastrodon|Muddy Water|p1b: Inari \u014ckami|[spread] p1a,p1b\n|-supereffective|p1a: \u014cgama\n|-supereffective|p1b: Inari \u014ckami\n|-damage|p1a: \u014cgama|28\/100\n|-damage|p1b: Inari \u014ckami|35\/100\n|-unboost|p1a: \u014cgama|accuracy|1\n|\n|-weather|Sandstorm|[upkeep]\n|-heal|p2a: Diancie|94\/100|[from] item: Leftovers\n|-heal|p2b: Gastrodon|49\/100|[from] item: Leftovers\n|upkeep\n|turn|3\n|\n|t:|1699425981\n|-terastallize|p2b: Gastrodon|Fire\n|move|p1b: Inari \u014ckami|Grass Knot|p2b: Gastrodon\n|-resisted|p2b: Gastrodon\n|-damage|p2b: Gastrodon|42\/100\n|move|p1a: \u014cgama|Taunt|p2a: Diancie\n|-start|p2a: Diancie|move: Taunt\n|move|p2b: Gastrodon|Recover|p2b: Gastrodon\n|-heal|p2b: Gastrodon|92\/100\n|cant|p2a: Diancie|move: Taunt|Trick Room\n|\n|-weather|Sandstorm|[upkeep]\n|-damage|p2b: Gastrodon|86\/100|[from] Sandstorm\n|-heal|p2a: Diancie|100\/100|[from] item: Leftovers\n|-heal|p2b: Gastrodon|92\/100|[from] item: Leftovers\n|upkeep\n|turn|4\n|\n|t:|1699426007\n|switch|p1b: F\u016bjin|Tornadus, M|100\/100\n|switch|p2b: Landorus|Landorus-Therian, M|100\/100\n|-ability|p2b: Landorus|Intimidate|boost\n|-unboost|p1a: \u014cgama|atk|1\n|-unboost|p1b: F\u016bjin|atk|1\n|move|p1a: \u014cgama|Spikes|p2b: Landorus\n|-sidestart|p2: Na5ty|Spikes\n|move|p2a: Diancie|Dazzling Gleam|p1b: F\u016bjin|[spread] p1a,p1b\n|-damage|p1a: \u014cgama|0 fnt\n|-damage|p1b: F\u016bjin|76\/100\n|faint|p1a: \u014cgama\n|\n|-weather|Sandstorm|[upkeep]\n|-damage|p1b: F\u016bjin|70\/100|[from] Sandstorm\n|upkeep\n|inactive|Jiraiya Ogama has 120 seconds left.\n|\n|t:|1699426027\n|switch|p1a: Hannya|Ogerpon-Hearthflame, F|100\/100\n|-ability|p1a: Hannya|Mold Breaker\n|turn|5\n|\n|t:|1699426038\n|switch|p2a: Heatran|Heatran, M|100\/100\n|-damage|p2a: Heatran|76\/100|[from] Spikes\n|move|p1b: F\u016bjin|Tailwind|p1b: F\u016bjin\n|-sidestart|p1: Jiraiya Ogama|move: Tailwind\n|move|p1a: Hannya|Horn Leech|p2a: Heatran\n|-resisted|p2a: Heatran\n|-damage|p2a: Heatran|67\/100\n|move|p2b: Landorus|Stomping Tantrum|p1a: Hannya\n|-damage|p1a: Hannya|21\/100\n|\n|-weather|none\n|upkeep\n|turn|6\n|inactive|Na5ty has 120 seconds left.\n|\n|t:|1699426089\n|switch|p2b: Tyranitar|Tyranitar, F|100\/100\n|-damage|p2b: Tyranitar|76\/100|[from] Spikes\n|-weather|Sandstorm|[from] ability: Sand Stream|[of] p2b: Tyranitar\n|move|p1a: Hannya|Spiky Shield|p1a: Hannya\n|-singleturn|p1a: Hannya|move: Protect\n|move|p1b: F\u016bjin|Bleakwind Storm|p2a: Heatran|[spread] p2a,p2b\n|-resisted|p2a: Heatran\n|-resisted|p2b: Tyranitar\n|-crit|p2b: Tyranitar\n|-damage|p2a: Heatran|53\/100\n|-damage|p2b: Tyranitar|65\/100\n|move|p2a: Heatran|Ancient Power|p1b: F\u016bjin\n|-supereffective|p1b: F\u016bjin\n|-damage|p1b: F\u016bjin|0 fnt\n|faint|p1b: F\u016bjin\n|\n|-weather|Sandstorm|[upkeep]\n|-damage|p1a: Hannya|15\/100|[from] Sandstorm\n|upkeep\n|inactive|Jiraiya Ogama has 120 seconds left.\n|\n|t:|1699426107\n|switch|p1b: Takemikazuchi|Iron Hands|100\/100\n|turn|7\n|inactive|Na5ty has 120 seconds left.\n|\n|t:|1699426123\n|switch|p2a: Landorus|Landorus-Therian, M|100\/100\n|-ability|p2a: Landorus|Intimidate|boost\n|-unboost|p1a: Hannya|atk|1\n|-unboost|p1b: Takemikazuchi|atk|1\n|switch|p2b: Gastrodon|Gastrodon-East, M, tera:Fire|92\/100\n|-damage|p2b: Gastrodon|67\/100|[from] Spikes\n|move|p1a: Hannya|Horn Leech|p2b: Gastrodon\n|-resisted|p2b: Gastrodon\n|-damage|p2b: Gastrodon|53\/100\n|-heal|p1a: Hannya|23\/100|[from] drain|[of] p2b: Gastrodon\n|move|p1b: Takemikazuchi|Drain Punch|p2a: Landorus\n|-resisted|p2a: Landorus\n|-damage|p2a: Landorus|83\/100\n|\n|-weather|Sandstorm|[upkeep]\n|-damage|p1a: Hannya|16\/100|[from] Sandstorm\n|-damage|p1b: Takemikazuchi|94\/100|[from] Sandstorm\n|-damage|p2b: Gastrodon|47\/100|[from] Sandstorm\n|-heal|p2b: Gastrodon|53\/100|[from] item: Leftovers\n|upkeep\n|turn|8\n|inactive|Na5ty has 120 seconds left.\n|\n|t:|1699426160\n|move|p1a: Hannya|Spiky Shield|p1a: Hannya\n|-singleturn|p1a: Hannya|move: Protect\n|move|p2a: Landorus|U-turn|p1b: Takemikazuchi\n|-resisted|p1b: Takemikazuchi\n|-damage|p1b: Takemikazuchi|81\/100\n|j| Fourthstar\n|inactive|Na5ty has 90 seconds left.\n|\n|t:|1699426180\n|switch|p2a: Gholdengo|Gholdengo|100\/100|[from] U-turn\n|-damage|p2a: Gholdengo|75\/100|[from] Spikes\n|move|p1b: Takemikazuchi|Ice Punch|p2a: Gholdengo\n|-resisted|p2a: Gholdengo\n|-damage|p2a: Gholdengo|66\/100\n|move|p2b: Gastrodon|Muddy Water|p1a: Hannya|[spread] p1b\n|-activate|p1a: Hannya|move: Protect\n|-damage|p1b: Takemikazuchi|68\/100\n|\n|-weather|Sandstorm|[upkeep]\n|-damage|p1a: Hannya|10\/100|[from] Sandstorm\n|-damage|p1b: Takemikazuchi|62\/100|[from] Sandstorm\n|-damage|p2b: Gastrodon|47\/100|[from] Sandstorm\n|-heal|p2a: Gholdengo|72\/100|[from] item: Leftovers\n|-heal|p2b: Gastrodon|53\/100|[from] item: Leftovers\n|-sideend|p1: Jiraiya Ogama|move: Tailwind\n|upkeep\n|turn|9\n|inactive|Na5ty has 90 seconds left.\n|l|\u2606Na5ty\n|inactive|Na5ty disconnected and has a minute to reconnect!\n|player|p2|\n|j|\u2606Na5ty\n|inactive|Na5ty reconnected and has 80 seconds left.\n|player|p2|Na5ty|1\n|\n|t:|1699426225\n|switch|p2a: Landorus|Landorus-Therian, M|83\/100\n|-ability|p2a: Landorus|Intimidate|boost\n|-unboost|p1a: Hannya|atk|1\n|-unboost|p1b: Takemikazuchi|atk|1\n|move|p1a: Hannya|Ivy Cudgel|p2a: Landorus\n|-damage|p2a: Landorus|48\/100\n|move|p1b: Takemikazuchi|Drain Punch|p2b: Gastrodon\n|-damage|p2b: Gastrodon|32\/100\n|-heal|p1b: Takemikazuchi|70\/100|[from] drain|[of] p2b: Gastrodon\n|move|p2b: Gastrodon|Muddy Water|p1a: Hannya|[spread] p1a,p1b\n|-damage|p1a: Hannya|0 fnt\n|-damage|p1b: Takemikazuchi|58\/100\n|faint|p1a: Hannya\n|\n|-weather|Sandstorm|[upkeep]\n|-damage|p1b: Takemikazuchi|52\/100|[from] Sandstorm\n|-damage|p2b: Gastrodon|26\/100|[from] Sandstorm\n|-heal|p2b: Gastrodon|32\/100|[from] item: Leftovers\n|upkeep\n|\n|t:|1699426236\n|switch|p1a: Nukekubi|Flutter Mane|100\/100\n|turn|10\n|inactive|Na5ty has 90 seconds left.\n|\n|t:|1699426277\n|switch|p2a: Diancie|Diancie|100\/100\n|-damage|p2a: Diancie|76\/100|[from] Spikes\n|-end|p1b: Takemikazuchi|Quark Drive|[silent]\n|switch|p1b: Inari \u014ckami|Landorus-Therian, M|35\/100\n|-ability|p1b: Inari \u014ckami|Intimidate|boost\n|-fail|p2a: Diancie|unboost|[from] ability: Clear Body|[of] p2a: Diancie\n|-unboost|p2b: Gastrodon|atk|1\n|-terastallize|p1a: Nukekubi|Fairy\n|move|p1a: Nukekubi|Dazzling Gleam|p2b: Gastrodon|[spread] p2a,p2b\n|-resisted|p2b: Gastrodon\n|-damage|p2a: Diancie|53\/100\n|-damage|p2b: Gastrodon|8\/100\n|move|p2b: Gastrodon|Recover|p2b: Gastrodon\n|-heal|p2b: Gastrodon|58\/100\n|\n|-weather|none\n|-heal|p2a: Diancie|59\/100|[from] item: Leftovers\n|-heal|p2b: Gastrodon|64\/100|[from] item: Leftovers\n|upkeep\n|turn|11\n|inactive|Na5ty has 60 seconds left.\n|l| Fourthstar\n|\n|t:|1699426332\n|switch|p2a: Landorus|Landorus-Therian, M|48\/100\n|-ability|p2a: Landorus|Intimidate|boost\n|-unboost|p1a: Nukekubi|atk|1\n|-unboost|p1b: Inari \u014ckami|atk|1\n|switch|p2b: Tyranitar|Tyranitar, F|65\/100\n|-damage|p2b: Tyranitar|40\/100|[from] Spikes\n|-weather|Sandstorm|[from] ability: Sand Stream|[of] p2b: Tyranitar\n|move|p1b: Inari \u014ckami|Rock Slide|p2b: Tyranitar|[spread] p2a,p2b\n|-damage|p2a: Landorus|30\/100\n|-damage|p2b: Tyranitar|28\/100\n|move|p1a: Nukekubi|Dazzling Gleam|p2b: Tyranitar|[spread] p2a,p2b\n|-supereffective|p2b: Tyranitar\n|-damage|p2a: Landorus|0 fnt\n|-damage|p2b: Tyranitar|0 fnt\n|faint|p2a: Landorus\n|faint|p2b: Tyranitar\n|\n|-weather|Sandstorm|[upkeep]\n|-damage|p1a: Nukekubi|94\/100|[from] Sandstorm\n|upkeep\n|inactive|Na5ty has 30 seconds left.\n|\n|t:|1699426357\n|switch|p2a: Diancie|Diancie|59\/100\n|switch|p2b: Gholdengo|Gholdengo|72\/100\n|-damage|p2b: Gholdengo|47\/100|[from] Spikes\n|-damage|p2a: Diancie|35\/100|[from] Spikes\n|turn|12\n|\n|t:|1699426377\n|move|p1b: Inari \u014ckami|Rock Slide|p2b: Gholdengo|[spread] p2b\n|-miss|p1b: Inari \u014ckami|p2a: Diancie\n|-resisted|p2b: Gholdengo\n|-damage|p2b: Gholdengo|39\/100\n|move|p1a: Nukekubi|Dazzling Gleam|p2a: Diancie|[spread] p2a,p2b\n|-crit|p2a: Diancie\n|-resisted|p2b: Gholdengo\n|-damage|p2a: Diancie|0 fnt\n|-damage|p2b: Gholdengo|14\/100\n|faint|p2a: Diancie\n|move|p2b: Gholdengo|Recover|p2b: Gholdengo\n|-heal|p2b: Gholdengo|64\/100\n|\n|-weather|Sandstorm|[upkeep]\n|-damage|p1a: Nukekubi|88\/100|[from] Sandstorm\n|-heal|p2b: Gholdengo|70\/100|[from] item: Leftovers\n|upkeep\n|\n|t:|1699426391\n|switch|p2a: Heatran|Heatran, M|53\/100\n|-damage|p2a: Heatran|28\/100|[from] Spikes\n|turn|13\n|\n|t:|1699426409\n|move|p1a: Nukekubi|Protect|p1a: Nukekubi\n|-singleturn|p1a: Nukekubi|Protect\n|move|p1b: Inari \u014ckami|Rock Slide|p2a: Heatran|[spread] p2a,p2b\n|-resisted|p2b: Gholdengo\n|-damage|p2a: Heatran|17\/100\n|-damage|p2b: Gholdengo|63\/100\n|cant|p2b: Gholdengo|flinch\n|move|p2a: Heatran|Ancient Power|p1a: Nukekubi\n|-activate|p1a: Nukekubi|move: Protect\n|\n|-weather|Sandstorm|[upkeep]\n|-damage|p1a: Nukekubi|82\/100|[from] Sandstorm\n|-heal|p2b: Gholdengo|69\/100|[from] item: Leftovers\n|upkeep\n|turn|14\n|inactive|Na5ty has 60 seconds left.\n|\n|t:|1699426442\n|move|p1b: Inari \u014ckami|Rock Slide|p2a: Heatran|[spread] p2a,p2b\n|-resisted|p2b: Gholdengo\n|-damage|p2a: Heatran|5\/100\n|-damage|p2b: Gholdengo|63\/100\n|move|p1a: Nukekubi|Shadow Ball|p2b: Gholdengo\n|-supereffective|p2b: Gholdengo\n|-damage|p2b: Gholdengo|0 fnt\n|faint|p2b: Gholdengo\n|move|p2a: Heatran|Ancient Power|p1a: Nukekubi\n|-damage|p1a: Nukekubi|49\/100\n|\n|-weather|Sandstorm|[upkeep]\n|-damage|p1a: Nukekubi|43\/100|[from] Sandstorm\n|upkeep\n|\n|t:|1699426452\n|switch|p2b: Gastrodon|Gastrodon-East, M, tera:Fire|64\/100\n|-damage|p2b: Gastrodon|39\/100|[from] Spikes\n|turn|15\n|\n|t:|1699426457\n|move|p1b: Inari \u014ckami|Rock Slide|p2b: Gastrodon|[spread] p2a,p2b\n|-supereffective|p2b: Gastrodon\n|-damage|p2a: Heatran|0 fnt\n|-damage|p2b: Gastrodon|11\/100\n|faint|p2a: Heatran\n|move|p1a: Nukekubi|Dazzling Gleam|p2b: Gastrodon\n|-resisted|p2b: Gastrodon\n|-damage|p2b: Gastrodon|0 fnt\n|faint|p2b: Gastrodon\n|\n|win|Jiraiya Ogama\n|raw|Jiraiya Ogama's rating: 1537 &rarr; <strong>1549<\/strong><br \/>(+12 for winning)\n|raw|Na5ty's rating: 1399 &rarr; <strong>1387<\/strong><br \/>(-12 for losing)\n|l|\u2606Na5ty\n|c|\u2606Jiraiya Ogama|gg\n","uploadtime":1699426495,"views":16,"p1id":"jiraiyaogama","p2id":"na5ty","formatid":"gen9doublesou","rating":1387,"private":0,"password":""}