{"id":"gen9doublesou-1982184009","p1":"chippers76","p2":"Hbuvy y","format":"[Gen 9] Doubles OU","log":"|j|\u2606chippers76\n|j|\u203dHbuvy y\n|t:|1698976651\n|gametype|doubles\n|player|p1|chippers76|hilda-wonderlauncher|1052\n|player|p2|Hbuvy y|101|1000\n|teamsize|p1|6\n|teamsize|p2|6\n|gen|9\n|tier|[Gen 9] Doubles OU\n|rated|\n|rule|Species Clause: Limit one of each Pok\u00e9mon\n|rule|OHKO Clause: OHKO moves are banned\n|rule|Evasion Moves Clause: Evasion moves are banned\n|rule|Gravity Sleep Clause: The combination of sleep-inducing moves with imperfect accuracy and Gravity or Gigantamax Orbeetle are banned\n|rule|Endless Battle Clause: Forcing endless battles is banned\n|rule|HP Percentage Mod: HP is shown in percentages\n|clearpoke\n|poke|p1|Typhlosion-Hisui, M|\n|poke|p1|Gholdengo|\n|poke|p1|Kleavor, F|\n|poke|p1|Tornadus, M|\n|poke|p1|Snorlax, M|\n|poke|p1|Grimmsnarl, M|\n|poke|p2|Amoonguss, F|\n|poke|p2|Ninetales-Alola, M|\n|poke|p2|Gliscor, M|\n|poke|p2|Chien-Pao|\n|poke|p2|Slowking-Galar, M|\n|poke|p2|Scizor, F|\n|teampreview\n|inactive|Battle timer is ON: inactive players will automatically lose when time's up. (requested by Hbuvy y)\n|inactive|chippers76 has 120 seconds left.\n|j| discord raider\n|\n|t:|1698976687\n|start\n|switch|p1a: Thanks Doc|Tornadus, M|100\/100\n|switch|p1b: Surfs up dude|Gholdengo|100\/100\n|switch|p2a: Slowking|Slowking-Galar, M|100\/100\n|switch|p2b: Gliscor|Gliscor, M|100\/100\n|turn|1\n|j| Zangoosefriend96\n|\n|t:|1698976705\n|move|p1b: Surfs up dude|Protect|p1b: Surfs up dude\n|-singleturn|p1b: Surfs up dude|Protect\n|move|p1a: Thanks Doc|Tailwind|p1a: Thanks Doc\n|-sidestart|p1: chippers76|move: Tailwind\n|move|p2b: Gliscor|Tailwind|p2b: Gliscor\n|-sidestart|p2: Hbuvy y|move: Tailwind\n|move|p2a: Slowking|Toxic|p2b: Gliscor\n|-status|p2b: Gliscor|tox\n|\n|upkeep\n|turn|2\n|\n|t:|1698976728\n|move|p1a: Thanks Doc|Taunt|p2a: Slowking\n|-start|p2a: Slowking|move: Taunt\n|move|p1b: Surfs up dude|Nasty Plot|p1b: Surfs up dude\n|-boost|p1b: Surfs up dude|spa|2\n|move|p2b: Gliscor|Knock Off|p1b: Surfs up dude\n|-supereffective|p1b: Surfs up dude\n|-damage|p1b: Surfs up dude|51\/100\n|-enditem|p1b: Surfs up dude|Life Orb|[from] move: Knock Off|[of] p2b: Gliscor\n|cant|p2a: Slowking|move: Taunt|Chilly Reception\n|\n|upkeep\n|turn|3\n|\n|t:|1698976746\n|-terastallize|p1b: Surfs up dude|Steel\n|move|p1a: Thanks Doc|Bleakwind Storm|p2a: Slowking|[spread] p2a,p2b\n|-damage|p2a: Slowking|72\/100\n|-damage|p2b: Gliscor|57\/100 tox\n|-unboost|p2a: Slowking|spe|1\n|move|p1b: Surfs up dude|Make It Rain|p2a: Slowking|[spread] p2a,p2b\n|-damage|p2a: Slowking|0 fnt\n|-damage|p2b: Gliscor|0 fnt\n|-unboost|p1b: Surfs up dude|spa|1\n|faint|p2a: Slowking\n|faint|p2b: Gliscor\n|\n|upkeep\n|\n|t:|1698976767\n|switch|p2b: Chien-Pao|Chien-Pao|100\/100\n|switch|p2a: Ninetales|Ninetales-Alola, M|100\/100\n|-ability|p2b: Chien-Pao|Sword of Ruin\n|-weather|Snow|[from] ability: Snow Warning|[of] p2a: Ninetales\n|turn|4\n|\n|t:|1698976785\n|move|p1a: Thanks Doc|Taunt|p2a: Ninetales\n|-start|p2a: Ninetales|move: Taunt\n|move|p2b: Chien-Pao|Sacred Sword|p1b: Surfs up dude\n|-supereffective|p1b: Surfs up dude\n|-damage|p1b: Surfs up dude|0 fnt\n|faint|p1b: Surfs up dude\n|move|p2a: Ninetales|Blizzard|p1a: Thanks Doc\n|-supereffective|p1a: Thanks Doc\n|-enditem|p1a: Thanks Doc|Focus Sash\n|-damage|p1a: Thanks Doc|1\/100\n|\n|-weather|Snow|[upkeep]\n|-sideend|p1: chippers76|move: Tailwind\n|-sideend|p2: Hbuvy y|move: Tailwind\n|upkeep\n|\n|t:|1698976797\n|switch|p1b: Fabulous|Typhlosion-Hisui, M|100\/100\n|-item|p2a: Ninetales|Light Clay|[from] ability: Frisk|[of] p1b: Fabulous|[identify]\n|-item|p2b: Chien-Pao|Assault Vest|[from] ability: Frisk|[of] p1b: Fabulous|[identify]\n|turn|5\n|\n|t:|1698976808\n|switch|p2a: Amoonguss|Amoonguss, F|100\/100\n|move|p1a: Thanks Doc|Tailwind|p1a: Thanks Doc\n|-sidestart|p1: chippers76|move: Tailwind\n|move|p1b: Fabulous|Eruption|p2a: Amoonguss|[spread] p2a,p2b\n|-supereffective|p2a: Amoonguss\n|-supereffective|p2b: Chien-Pao\n|-damage|p2a: Amoonguss|0 fnt\n|-damage|p2b: Chien-Pao|0 fnt\n|faint|p2a: Amoonguss\n|faint|p2b: Chien-Pao\n|\n|-weather|Snow|[upkeep]\n|upkeep\n|\n|t:|1698976813\n|switch|p2b: Scizor|Scizor, F|100\/100\n|switch|p2a: Ninetales|Ninetales-Alola, M|100\/100\n|turn|6\n|\n|t:|1698976826\n|move|p1a: Thanks Doc|Protect|p1a: Thanks Doc\n|-singleturn|p1a: Thanks Doc|Protect\n|move|p2b: Scizor|Bullet Punch|p1b: Fabulous\n|-resisted|p1b: Fabulous\n|-damage|p1b: Fabulous|76\/100\n|move|p1b: Fabulous|Eruption|p2a: Ninetales|[spread] p2a,p2b\n|-supereffective|p2a: Ninetales\n|-supereffective|p2b: Scizor\n|-damage|p2a: Ninetales|2\/100\n|-damage|p2b: Scizor|0 fnt\n|faint|p2b: Scizor\n|move|p2a: Ninetales|Blizzard|p1a: Thanks Doc|[spread] p1b\n|-activate|p1a: Thanks Doc|move: Protect\n|-resisted|p1b: Fabulous\n|-damage|p1b: Fabulous|53\/100\n|\n|-weather|Snow|[upkeep]\n|upkeep\n|turn|7\n|\n|t:|1698976838\n|move|p1b: Fabulous|Eruption|p2a: Ninetales\n|-supereffective|p2a: Ninetales\n|-damage|p2a: Ninetales|0 fnt\n|faint|p2a: Ninetales\n|\n|win|chippers76\n|raw|chippers76's rating: 1052 &rarr; <strong>1079<\/strong><br \/>(+27 for winning)\n|raw|Hbuvy y's rating: 1000 &rarr; <strong>1000<\/strong><br \/>(+0 for losing)\n|l|\u203dHbuvy y\n","uploadtime":1698976843,"views":23,"p1id":"chippers76","p2id":"hbuvyy","formatid":"gen9doublesou","rating":1000,"private":0,"password":""}