{"id":"gen9doublesou-1999326237","p1":"barbiishitt","p2":"glasses15","format":"[Gen 9] Doubles OU","log":"|j|\u2606barbiishitt\n|j|\u2606glasses15\n|t:|1701060744\n|gametype|doubles\n|player|p1|barbiishitt|iris-gen5bw2|1096\n|player|p2|glasses15|scientistf|1162\n|teamsize|p1|6\n|teamsize|p2|6\n|gen|9\n|tier|[Gen 9] Doubles OU\n|rated|\n|rule|Species Clause: Limit one of each Pok\u00e9mon\n|rule|OHKO Clause: OHKO moves are banned\n|rule|Evasion Moves Clause: Evasion moves are banned\n|rule|Gravity Sleep Clause: The combination of sleep-inducing moves with imperfect accuracy and Gravity or Gigantamax Orbeetle are banned\n|rule|Endless Battle Clause: Forcing endless battles is banned\n|rule|HP Percentage Mod: HP is shown in percentages\n|clearpoke\n|poke|p1|Bronzong|\n|poke|p1|Carbink|\n|poke|p1|Torkoal, M|\n|poke|p1|Ursaluna-Bloodmoon, M|\n|poke|p1|Vikavolt, M|\n|poke|p1|Enamorus-Therian, F|\n|poke|p2|Sableye, F|\n|poke|p2|Flapple, M|\n|poke|p2|Maushold|\n|poke|p2|Lycanroc-Dusk, F|\n|poke|p2|Farigiraf, M|\n|poke|p2|Vikavolt, M|\n|teampreview\n|inactive|Battle timer is ON: inactive players will automatically lose when time's up. (requested by glasses15)\n|c|\u2606glasses15|glhf\n|\n|t:|1701060757\n|start\n|switch|p1a: Skipper|Carbink|100\/100\n|switch|p1b: Barbie|Enamorus-Therian, F|100\/100\n|switch|p2a: Sableye|Sableye, F|100\/100\n|switch|p2b: Maushold|Maushold|100\/100\n|turn|1\n|c|\u2606barbiishitt|girl what does that mean\n|c|\u2606glasses15|good luck have fun\n|c|\u2606barbiishitt|go lick hot fucci\n|c|\u2606barbiishitt|rude\n|c|\u2606glasses15|what\n|\n|t:|1701060786\n|move|p1b: Barbie|Protect|p1b: Barbie\n|-singleturn|p1b: Barbie|Protect\n|move|p2a: Sableye|Gravity|p2a: Sableye\n|-fieldstart|move: Gravity\n|move|p2b: Maushold|Population Bomb|p1b: Barbie\n|-activate|p1b: Barbie|move: Protect\n|move|p1a: Skipper|Trick Room|p1a: Skipper\n|-fieldstart|move: Trick Room|[of] p1a: Skipper\n|\n|upkeep\n|turn|2\n|c|\u2606barbiishitt|ur rude\n|c|\u2606glasses15|how\n|\n|t:|1701060808\n|move|p2b: Maushold|Protect|p2b: Maushold\n|-singleturn|p2b: Maushold|Protect\n|move|p2a: Sableye|Encore|p1a: Skipper\n|-start|p1a: Skipper|Encore\n|move|p1a: Skipper|Trick Room|p1a: Skipper\n|-fieldend|move: Trick Room\n|move|p1b: Barbie|Springtide Storm|p2a: Sableye|[spread] p2a\n|-activate|p2b: Maushold|move: Protect\n|-supereffective|p2a: Sableye\n|-damage|p2a: Sableye|0 fnt\n|faint|p2a: Sableye\n|\n|upkeep\n|\n|t:|1701060818\n|switch|p2a: Vikavolt|Vikavolt, M|100\/100\n|turn|3\n|\n|t:|1701060827\n|move|p1b: Barbie|Protect|p1b: Barbie\n|-singleturn|p1b: Barbie|Protect\n|move|p2b: Maushold|Population Bomb|p1b: Barbie\n|-activate|p1b: Barbie|move: Protect\n|move|p2a: Vikavolt|Energy Ball|p1a: Skipper\n|-supereffective|p1a: Skipper\n|-damage|p1a: Skipper|54\/100\n|move|p1a: Skipper|Trick Room|p1a: Skipper\n|-fieldstart|move: Trick Room|[of] p1a: Skipper\n|\n|-heal|p1a: Skipper|60\/100|[from] item: Leftovers\n|upkeep\n|turn|4\n|\n|t:|1701060855\n|switch|p1a: Vikavolt|Vikavolt, M|100\/100\n|move|p1b: Barbie|Springtide Storm|p2b: Maushold|[spread] p2a,p2b\n|-damage|p2a: Vikavolt|44\/100\n|-damage|p2b: Maushold|31\/100\n|-unboost|p2a: Vikavolt|atk|1\n|move|p2a: Vikavolt|Energy Ball|p1a: Vikavolt\n|-resisted|p1a: Vikavolt\n|-damage|p1a: Vikavolt|80\/100\n|move|p2b: Maushold|Population Bomb|p1a: Vikavolt\n|-damage|p1a: Vikavolt|64\/100\n|-damage|p1a: Vikavolt|49\/100\n|-damage|p1a: Vikavolt|35\/100\n|-crit|p1a: Vikavolt\n|-damage|p1a: Vikavolt|13\/100\n|-damage|p1a: Vikavolt|0 fnt\n|faint|p1a: Vikavolt\n|-hitcount|p1: Vikavolt|5\n|-damage|p2b: Maushold|21\/100|[from] item: Life Orb\n|\n|upkeep\n|inactive|barbiishitt has 120 seconds left.\n|\n|t:|1701060874\n|switch|p1a: Skipper|Carbink|60\/100\n|turn|5\n|\n|t:|1701060883\n|move|p2b: Maushold|Protect|p2b: Maushold\n|-singleturn|p2b: Maushold|Protect\n|move|p1a: Skipper|Rock Tomb|p1b: Barbie\n|-supereffective|p1b: Barbie\n|-damage|p1b: Barbie|82\/100\n|-unboost|p1b: Barbie|spe|1\n|-enditem|p1b: Barbie|Weakness Policy\n|-boost|p1b: Barbie|atk|2|[from] item: Weakness Policy\n|-boost|p1b: Barbie|spa|2|[from] item: Weakness Policy\n|move|p1b: Barbie|Springtide Storm|p2a: Vikavolt|[spread] p2a\n|-activate|p2b: Maushold|move: Protect\n|-damage|p2a: Vikavolt|0 fnt\n|faint|p2a: Vikavolt\n|\n|-heal|p1a: Skipper|66\/100|[from] item: Leftovers\n|-fieldend|move: Gravity\n|upkeep\n|\n|t:|1701060898\n|switch|p2a: Farigiraf|Farigiraf, M|100\/100\n|turn|6\n|\n|t:|1701060910\n|move|p1b: Barbie|Springtide Storm|p2a: Farigiraf|[spread] p2b\n|-miss|p1b: Barbie|p2a: Farigiraf\n|-damage|p2b: Maushold|0 fnt\n|faint|p2b: Maushold\n|move|p1a: Skipper|Rock Tomb|p2a: Farigiraf\n|-damage|p2a: Farigiraf|89\/100\n|-unboost|p2a: Farigiraf|spe|1\n|move|p2a: Farigiraf|Trick Room|p2a: Farigiraf\n|-fieldend|move: Trick Room\n|\n|-heal|p1a: Skipper|73\/100|[from] item: Leftovers\n|upkeep\n|\n|t:|1701060923\n|switch|p2b: Lycanroc|Lycanroc-Dusk, F|100\/100\n|turn|7\n|\n|t:|1701060933\n|move|p1b: Barbie|Protect|p1b: Barbie\n|-singleturn|p1b: Barbie|Protect\n|move|p2b: Lycanroc|Rock Slide|p1a: Skipper|[spread] p1a\n|-activate|p1b: Barbie|move: Protect\n|-damage|p1a: Skipper|52\/100\n|cant|p1a: Skipper|flinch\n|move|p2a: Farigiraf|Nasty Plot|p2a: Farigiraf\n|-boost|p2a: Farigiraf|spa|2\n|\n|-heal|p1a: Skipper|58\/100|[from] item: Leftovers\n|upkeep\n|turn|8\n|\n|t:|1701060951\n|move|p2b: Lycanroc|Stomping Tantrum|p1a: Skipper\n|-supereffective|p1a: Skipper\n|-damage|p1a: Skipper|4\/100\n|move|p1a: Skipper|Charm|p2b: Lycanroc\n|-unboost|p2b: Lycanroc|atk|2\n|move|p2a: Farigiraf|Psychic|p1b: Barbie\n|-damage|p1b: Barbie|0 fnt\n|faint|p1b: Barbie\n|\n|-heal|p1a: Skipper|10\/100|[from] item: Leftovers\n|upkeep\n|\n|t:|1701060963\n|switch|p1b: Clawdeen|Ursaluna-Bloodmoon, M|100\/100\n|turn|9\n|\n|t:|1701060983\n|move|p1b: Clawdeen|Protect|p1b: Clawdeen\n|-singleturn|p1b: Clawdeen|Protect\n|move|p2b: Lycanroc|Rock Slide|p1a: Skipper|[spread] p1a\n|-activate|p1b: Clawdeen|move: Protect\n|-crit|p1a: Skipper\n|-damage|p1a: Skipper|0 fnt\n|faint|p1a: Skipper\n|move|p2a: Farigiraf|Psychic|p1b: Clawdeen\n|-activate|p1b: Clawdeen|move: Protect\n|\n|upkeep\n|\n|t:|1701060997\n|switch|p1a: Bronzong|Bronzong|100\/100\n|turn|10\n|\n|t:|1701061002\n|move|p2b: Lycanroc|Stomping Tantrum|p1a: Bronzong\n|-immune|p1a: Bronzong|[from] ability: Levitate\n|move|p1b: Clawdeen|Blood Moon|p2a: Farigiraf\n|-damage|p2a: Farigiraf|11\/100\n|-enditem|p2a: Farigiraf|Sitrus Berry|[eat]\n|-heal|p2a: Farigiraf|36\/100|[from] item: Sitrus Berry\n|move|p2a: Farigiraf|Psychic|p1b: Clawdeen\n|-damage|p1b: Clawdeen|5\/100\n|move|p1a: Bronzong|Trick Room|p1a: Bronzong\n|-fieldstart|move: Trick Room|[of] p1a: Bronzong\n|\n|-heal|p1b: Clawdeen|11\/100|[from] item: Leftovers\n|upkeep\n|turn|11\n|\n|t:|1701061026\n|move|p1b: Clawdeen|Protect|p1b: Clawdeen\n|-singleturn|p1b: Clawdeen|Protect\n|move|p1a: Bronzong|Body Press|p2a: Farigiraf\n|-damage|p2a: Farigiraf|16\/100\n|move|p2a: Farigiraf|Psychic|p1b: Clawdeen\n|-activate|p1b: Clawdeen|move: Protect\n|move|p2b: Lycanroc|Rock Slide|p1a: Bronzong|[spread] p1a\n|-activate|p1b: Clawdeen|move: Protect\n|-resisted|p1a: Bronzong\n|-crit|p1a: Bronzong\n|-damage|p1a: Bronzong|81\/100\n|\n|-heal|p1a: Bronzong|87\/100|[from] item: Leftovers\n|-heal|p1b: Clawdeen|17\/100|[from] item: Leftovers\n|upkeep\n|turn|12\n|inactive|glasses15 has 120 seconds left.\n|\n|t:|1701061064\n|move|p1a: Bronzong|Body Press|p2a: Farigiraf\n|-damage|p2a: Farigiraf|0 fnt\n|faint|p2a: Farigiraf\n|move|p1b: Clawdeen|Earth Power|p2b: Lycanroc\n|-supereffective|p2b: Lycanroc\n|-enditem|p2b: Lycanroc|Focus Sash\n|-damage|p2b: Lycanroc|1\/100\n|move|p2b: Lycanroc|Endeavor|p1a: Bronzong\n|-damage|p1a: Bronzong|1\/100\n|\n|-heal|p1a: Bronzong|7\/100|[from] item: Leftovers\n|-heal|p1b: Clawdeen|24\/100|[from] item: Leftovers\n|upkeep\n|\n|t:|1701061076\n|switch|p2a: Flapple|Flapple, M|100\/100\n|turn|13\n|\n|t:|1701061097\n|-terastallize|p1b: Clawdeen|Normal\n|move|p2b: Lycanroc|Protect|p2b: Lycanroc\n|-singleturn|p2b: Lycanroc|Protect\n|move|p1a: Bronzong|Body Press|p2b: Lycanroc\n|-activate|p2b: Lycanroc|move: Protect\n|move|p1b: Clawdeen|Blood Moon|p2a: Flapple\n|-damage|p2a: Flapple|0 fnt\n|faint|p2a: Flapple\n|\n|-heal|p1a: Bronzong|13\/100|[from] item: Leftovers\n|-heal|p1b: Clawdeen|30\/100|[from] item: Leftovers\n|upkeep\n|turn|14\n|\n|t:|1701061117\n|move|p1a: Bronzong|Gyro Ball|p2b: Lycanroc\n|-supereffective|p2b: Lycanroc\n|-damage|p2b: Lycanroc|0 fnt\n|faint|p2b: Lycanroc\n|\n|win|barbiishitt\n|raw|barbiishitt's rating: 1096 &rarr; <strong>1126<\/strong><br \/>(+30 for winning)\n|raw|glasses15's rating: 1162 &rarr; <strong>1132<\/strong><br \/>(-30 for losing)\n|c|\u2606barbiishitt|HAHAHAHAHWAHAH\n|c|\u2606barbiishitt|GG\n|c|\u2606glasses15|gg\n","uploadtime":1701061131,"views":6,"p1id":"barbiishitt","p2id":"glasses15","formatid":"gen9doublesou","rating":1126,"private":0,"password":""}