{"id":"gen9doublesou-1968299295","p1":"calibudkillerx","p2":"Champion's Melody","format":"[Gen 9] Doubles OU","log":"|html|<div class=\"broadcast-blue\"><strong>[Gen 9] Doubles OU is currently suspecting Basculegion & Flutter Mane! For information on how to participate check out the <a href=\"https:\/\/www.smogon.com\/forums\/threads\/np-sv-dou-stage-8-double-trouble.3729153\/\">suspect thread<\/a>.<\/strong><\/div>\n|j|\u2606calibudkillerx\n|j|\u2606Champion's Melody\n|t:|1697403725\n|gametype|doubles\n|player|p1|calibudkillerx|youngster-gen4dp|1242\n|player|p2|Champion's Melody|cynthia|1186\n|teamsize|p1|6\n|teamsize|p2|6\n|gen|9\n|tier|[Gen 9] Doubles OU\n|rated|\n|rule|Species Clause: Limit one of each Pok\u00e9mon\n|rule|OHKO Clause: OHKO moves are banned\n|rule|Evasion Moves Clause: Evasion moves are banned\n|rule|Gravity Sleep Clause: The combination of sleep-inducing moves with imperfect accuracy and Gravity or Gigantamax Orbeetle are banned\n|rule|Endless Battle Clause: Forcing endless battles is banned\n|rule|HP Percentage Mod: HP is shown in percentages\n|clearpoke\n|poke|p1|Baxcalibur, F|\n|poke|p1|Zapdos|\n|poke|p1|Abomasnow, M|\n|poke|p1|Heatran, M|\n|poke|p1|Haunter, F|\n|poke|p1|Gyarados, F|\n|poke|p2|Lurantis, F|\n|poke|p2|Gliscor, F|\n|poke|p2|Salazzle, F|\n|poke|p2|Kleavor, F|\n|poke|p2|Basculegion-F, F|\n|poke|p2|Empoleon, F|\n|teampreview\n|inactive|Battle timer is ON: inactive players will automatically lose when time's up. (requested by Champion's Melody)\n|inactive|calibudkillerx also wants the timer to be on.\n|\n|t:|1697403740\n|start\n|switch|p1a: Zapdos|Zapdos, shiny|100\/100\n|switch|p1b: Baxcalibur|Baxcalibur, F|100\/100\n|switch|p2a: Kleavor|Kleavor, F|100\/100\n|switch|p2b: Empoleon|Empoleon, F|100\/100\n|turn|1\n|\n|t:|1697403759\n|switch|p1b: Heatran|Heatran, M, shiny|100\/100\n|-terastallize|p1a: Zapdos|Electric\n|move|p1a: Zapdos|Volt Switch|p2b: Empoleon\n|-supereffective|p2b: Empoleon\n|-damage|p2b: Empoleon|0 fnt\n|faint|p2b: Empoleon\n|\n|t:|1697403769\n|switch|p1a: Abomasnow|Abomasnow, M, shiny|100\/100|[from] Volt Switch\n|-weather|Snow|[from] ability: Snow Warning|[of] p1a: Abomasnow\n|move|p2a: Kleavor|Stone Axe|p1a: Abomasnow\n|-supereffective|p1a: Abomasnow\n|-damage|p1a: Abomasnow|0 fnt\n|-sidestart|p1: calibudkillerx|move: Stealth Rock\n|faint|p1a: Abomasnow\n|\n|-weather|Snow|[upkeep]\n|upkeep\n|\n|t:|1697403784\n|switch|p2b: Basculegion|Basculegion-F, F|100\/100\n|switch|p1a: Baxcalibur|Baxcalibur, F|100\/100\n|-damage|p1a: Baxcalibur|75\/100|[from] Stealth Rock\n|turn|2\n|\n|t:|1697403800\n|move|p2b: Basculegion|Flip Turn|p1b: Heatran\n|-supereffective|p1b: Heatran\n|-damage|p1b: Heatran|37\/100\n|\n|t:|1697403807\n|switch|p2b: Salazzle|Salazzle, F, shiny|100\/100|[from] Flip Turn\n|move|p2a: Kleavor|Stone Axe|p1a: Baxcalibur\n|-supereffective|p1a: Baxcalibur\n|-crit|p1a: Baxcalibur\n|-damage|p1a: Baxcalibur|0 fnt\n|-damage|p2a: Kleavor|84\/100|[from] item: Rocky Helmet|[of] p1a: Baxcalibur\n|faint|p1a: Baxcalibur\n|move|p1b: Heatran|Flash Cannon|p2a: Kleavor\n|-supereffective|p2a: Kleavor\n|-damage|p2a: Kleavor|0 fnt\n|faint|p2a: Kleavor\n|\n|-weather|Snow|[upkeep]\n|upkeep\n|\n|t:|1697403826\n|switch|p2a: Basculegion|Basculegion-F, F|100\/100\n|switch|p1a: Gyarados|Gyarados, F, shiny|100\/100\n|-damage|p1a: Gyarados|75\/100|[from] Stealth Rock\n|turn|3\n|\n|t:|1697403837\n|switch|p1b: Zapdos|Zapdos, shiny, tera:Electric|100\/100\n|-damage|p1b: Zapdos|88\/100|[from] Stealth Rock\n|move|p2a: Basculegion|Flip Turn|p1b: Zapdos\n|-damage|p1b: Zapdos|50\/100\n|\n|t:|1697403845\n|switch|p2a: Lurantis|Lurantis, F|100\/100|[from] Flip Turn\n|move|p2b: Salazzle|Sludge Bomb|p1a: Gyarados\n|-damage|p1a: Gyarados|30\/100\n|move|p1a: Gyarados|Dragon Dance|p1a: Gyarados\n|-boost|p1a: Gyarados|atk|1\n|-boost|p1a: Gyarados|spe|1\n|\n|-weather|Snow|[upkeep]\n|upkeep\n|turn|4\n|\n|t:|1697403866\n|switch|p2b: Gliscor|Gliscor, F|100\/100\n|move|p1a: Gyarados|Waterfall|p2b: Gliscor\n|-supereffective|p2b: Gliscor\n|-damage|p2b: Gliscor|0 fnt\n|faint|p2b: Gliscor\n|-ability|p1a: Gyarados|Moxie|boost\n|-boost|p1a: Gyarados|atk|1\n|move|p1b: Zapdos|Brave Bird|p2a: Lurantis\n|-supereffective|p2a: Lurantis\n|-damage|p2a: Lurantis|22\/100\n|-damage|p1b: Zapdos|22\/100|[from] Recoil\n|move|p2a: Lurantis|Leaf Storm|p1a: Gyarados\n|-damage|p1a: Gyarados|0 fnt\n|-boost|p2a: Lurantis|spa|2\n|faint|p1a: Gyarados\n|\n|-weather|Snow|[upkeep]\n|upkeep\n|\n|t:|1697403886\n|switch|p2b: Basculegion|Basculegion-F, F|100\/100\n|switch|p1a: Haunter|Haunter, F|100\/100\n|-damage|p1a: Haunter|88\/100|[from] Stealth Rock\n|turn|5\n|\n|t:|1697403900\n|-terastallize|p2a: Lurantis|Bug\n|move|p2b: Basculegion|Flip Turn|p1b: Zapdos\n|-damage|p1b: Zapdos|0 fnt\n|faint|p1b: Zapdos\n|\n|t:|1697403905\n|switch|p2b: Salazzle|Salazzle, F, shiny|100\/100|[from] Flip Turn\n|move|p1a: Haunter|Sludge Bomb|p2a: Lurantis\n|-damage|p2a: Lurantis|0 fnt\n|faint|p2a: Lurantis\n|\n|-weather|none\n|upkeep\n|\n|t:|1697403915\n|switch|p1b: Heatran|Heatran, M, shiny|37\/100\n|switch|p2a: Basculegion|Basculegion-F, F|100\/100\n|-damage|p1b: Heatran|25\/100|[from] Stealth Rock\n|turn|6\n|\n|t:|1697403943\n|move|p2a: Basculegion|Liquidation|p1b: Heatran\n|-supereffective|p1b: Heatran\n|-damage|p1b: Heatran|0 fnt\n|faint|p1b: Heatran\n|move|p2b: Salazzle|Fire Blast|p1a: Haunter\n|-damage|p1a: Haunter|17\/100\n|move|p1a: Haunter|Shadow Ball|p2a: Basculegion\n|-supereffective|p2a: Basculegion\n|-damage|p2a: Basculegion|13\/100\n|\n|upkeep\n|turn|7\n|\n|t:|1697403956\n|move|p2a: Basculegion|Liquidation|p1a: Haunter\n|-damage|p1a: Haunter|0 fnt\n|faint|p1a: Haunter\n|\n|win|Champion's Melody\n|raw|calibudkillerx's rating: 1242 &rarr; <strong>1213<\/strong><br \/>(-29 for losing)\n|raw|Champion&apos;s Melody's rating: 1186 &rarr; <strong>1215<\/strong><br \/>(+29 for winning)\n","uploadtime":1697403963,"views":6,"p1id":"calibudkillerx","p2id":"championsmelody","formatid":"gen9doublesou","rating":1213,"private":0,"password":""}