{"id":"gen9doublesou-1988858009","p1":"Im dumb srly","p2":"pogchimp970314","format":"[Gen 9] Doubles OU","log":"|j|\u2606Im dumb srly\n|j|\u2606pogchimp970314\n|inactive|Battle timer is ON: inactive players will automatically lose when time's up.\n|t:|1699775184\n|gametype|doubles\n|player|p1|Im dumb srly|cheryl|\n|player|p2|pogchimp970314|elesa-masters|\n|teamsize|p1|2\n|teamsize|p2|2\n|gen|9\n|tier|[Gen 9] Doubles OU\n|rated|Tournament battle\n|rule|Species Clause: Limit one of each Pok\u00e9mon\n|rule|OHKO Clause: OHKO moves are banned\n|rule|Evasion Moves Clause: Evasion moves are banned\n|rule|Gravity Sleep Clause: The combination of sleep-inducing moves with imperfect accuracy and Gravity or Gigantamax Orbeetle are banned\n|rule|Endless Battle Clause: Forcing endless battles is banned\n|rule|HP Percentage Mod: HP is shown in percentages\n|clearpoke\n|poke|p1|Girafarig, M|\n|poke|p1|Phanpy, M|\n|poke|p2|Duskull, F|\n|poke|p2|Magnemite|\n|teampreview\n|j|*Lady Monita \u2746\n|inactive|pogchimp970314 also wants the timer to be on.\n|c|\u2606pogchimp970314|gl\n|j| kanishk0612d\n|j| Snowdoe\n|\n|t:|1699775193\n|start\n|switch|p1a: Girafarig|Girafarig, M, shiny|100\/100\n|switch|p1b: Phanpy|Phanpy, M, shiny|100\/100\n|switch|p2a: Duskull|Duskull, F|100\/100\n|switch|p2b: Magnemite|Magnemite|100\/100\n|-item|p1a: Girafarig|Eviolite|[from] ability: Frisk|[of] p2a: Duskull|[identify]\n|-item|p1b: Phanpy|Eviolite|[from] ability: Frisk|[of] p2a: Duskull|[identify]\n|turn|1\n|c|\u2606Im dumb srly|Gl to U too\n|inactive|Im dumb srly has 120 seconds left.\n|\n|t:|1699775224\n|-terastallize|p2b: Magnemite|Flying\n|move|p1a: Girafarig|Dazzling Gleam|p2b: Magnemite|[spread] p2a,p2b\n|-damage|p2a: Duskull|88\/100\n|-damage|p2b: Magnemite|76\/100\n|move|p1b: Phanpy|High Horsepower|p2b: Magnemite\n|-immune|p2b: Magnemite\n|move|p2b: Magnemite|Light Screen|p2b: Magnemite\n|-sidestart|p2: pogchimp970314|move: Light Screen\n|move|p2a: Duskull|Trick Room|p2a: Duskull\n|-fieldstart|move: Trick Room|[of] p2a: Duskull\n|\n|upkeep\n|turn|2\n|\n|t:|1699775247\n|move|p2a: Duskull|Will-O-Wisp|p1b: Phanpy|[miss]\n|-miss|p2a: Duskull|p1b: Phanpy\n|move|p2b: Magnemite|Reflect|p2b: Magnemite\n|-sidestart|p2: pogchimp970314|Reflect\n|move|p1b: Phanpy|Knock Off|p2a: Duskull\n|-supereffective|p2a: Duskull\n|-damage|p2a: Duskull|55\/100\n|-enditem|p2a: Duskull|Eviolite|[from] move: Knock Off|[of] p1b: Phanpy\n|move|p1a: Girafarig|Dazzling Gleam|p2b: Magnemite|[spread] p2a,p2b\n|-damage|p2a: Duskull|41\/100\n|-damage|p2b: Magnemite|59\/100\n|\n|upkeep\n|turn|3\n|\n|t:|1699775262\n|move|p2a: Duskull|Will-O-Wisp|p1b: Phanpy\n|-status|p1b: Phanpy|brn\n|move|p2b: Magnemite|Thunderbolt|p1a: Girafarig\n|-damage|p1a: Girafarig|63\/100\n|move|p1b: Phanpy|Knock Off|p2b: Magnemite\n|-damage|p2b: Magnemite|50\/100\n|-enditem|p2b: Magnemite|Eviolite|[from] move: Knock Off|[of] p1b: Phanpy\n|move|p1a: Girafarig|Dazzling Gleam|p2a: Duskull|[spread] p2a,p2b\n|-damage|p2a: Duskull|30\/100\n|-damage|p2b: Magnemite|23\/100\n|\n|-damage|p1b: Phanpy|94\/100 brn|[from] brn\n|upkeep\n|turn|4\n|\n|t:|1699775277\n|-terastallize|p1a: Girafarig|Fairy\n|move|p2a: Duskull|Disable|p1a: Girafarig\n|-start|p1a: Girafarig|Disable|Dazzling Gleam\n|move|p2b: Magnemite|Thunderbolt|p1a: Girafarig\n|-damage|p1a: Girafarig|23\/100\n|move|p1b: Phanpy|Rock Slide|p2a: Duskull|[spread] p2a,p2b\n|-supereffective|p2b: Magnemite\n|-damage|p2a: Duskull|23\/100\n|-damage|p2b: Magnemite|8\/100\n|cant|p1a: Girafarig|Disable|Dazzling Gleam\n|\n|-damage|p1b: Phanpy|88\/100 brn|[from] brn\n|upkeep\n|turn|5\n|c|\u2606Im dumb srly|Girafarig was a pretty good roll\n|c|\u2606pogchimp970314|mhm\n|c|\u2606pogchimp970314|but is it good enough\n|\n|t:|1699775304\n|move|p1b: Phanpy|Ice Shard|p2b: Magnemite\n|-supereffective|p2b: Magnemite\n|-damage|p2b: Magnemite|0 fnt\n|faint|p2b: Magnemite\n|move|p2a: Duskull|Hex|p1b: Phanpy\n|-damage|p1b: Phanpy|68\/100 brn\n|move|p1a: Girafarig|Thunderbolt|p2a: Duskull\n|-damage|p2a: Duskull|5\/100\n|\n|-damage|p1b: Phanpy|61\/100 brn|[from] brn\n|-sideend|p2: pogchimp970314|move: Light Screen\n|-fieldend|move: Trick Room\n|upkeep\n|turn|6\n|c|\u2606pogchimp970314|yes it is\n|c|\u2606Im dumb srly|Yes\n|\n|t:|1699775318\n|move|p1b: Phanpy|Ice Shard|p2a: Duskull\n|-damage|p2a: Duskull|0 fnt\n|faint|p2a: Duskull\n|\n|win|Im dumb srly\n|n|\u2606Im dumb srly|imdumbsrly\n|n|\u2606pogchimp970314|pogchimp970314\n|n|*Lady Monita \u2746|ladymonita\n|n| kanishk0612d|kanishk0612d\n|n| Snowdoe|snowdoe\n","uploadtime":1699775319,"views":6,"p1id":"imdumbsrly","p2id":"pogchimp970314","formatid":"gen9doublesou","rating":0,"private":0,"password":""}