{"id":"gen9doublesou-1994042168","p1":"iluvtrickroom","p2":"KentCC","format":"[Gen 9] Doubles OU","log":"|j|\u2606iluvtrickroom\n|j|\u2606KentCC\n|t:|1700398645\n|gametype|doubles\n|player|p1|iluvtrickroom|hilda|1116\n|player|p2|KentCC|101|1033\n|teamsize|p1|6\n|teamsize|p2|6\n|gen|9\n|tier|[Gen 9] Doubles OU\n|rated|\n|rule|Species Clause: Limit one of each Pok\u00e9mon\n|rule|OHKO Clause: OHKO moves are banned\n|rule|Evasion Moves Clause: Evasion moves are banned\n|rule|Gravity Sleep Clause: The combination of sleep-inducing moves with imperfect accuracy and Gravity or Gigantamax Orbeetle are banned\n|rule|Endless Battle Clause: Forcing endless battles is banned\n|rule|HP Percentage Mod: HP is shown in percentages\n|clearpoke\n|poke|p1|Espeon, F|\n|poke|p1|Masquerain, F|\n|poke|p1|Kingambit, M|\n|poke|p1|Empoleon, M|\n|poke|p1|Gardevoir, F|\n|poke|p1|Rotom-Heat|\n|poke|p2|Indeedee-F, F|\n|poke|p2|Armarouge, F|\n|poke|p2|Dragapult, F|\n|poke|p2|Chien-Pao|\n|poke|p2|Sinistcha-Masterpiece|\n|poke|p2|Kingambit, F|\n|teampreview\n|inactive|Battle timer is ON: inactive players will automatically lose when time's up. (requested by KentCC)\n|\n|t:|1700398651\n|start\n|switch|p1a: everyone's idol|Espeon, F|100\/100\n|switch|p1b: he IS Intimidate|Masquerain, F|100\/100\n|switch|p2a: Armarouge|Armarouge, F|100\/100\n|switch|p2b: Dragapult|Dragapult, F|100\/100\n|-ability|p1b: he IS Intimidate|Intimidate|boost\n|-unboost|p2a: Armarouge|atk|1\n|-unboost|p2b: Dragapult|atk|1\n|turn|1\n|\n|t:|1700398671\n|-terastallize|p2a: Armarouge|Psychic\n|move|p2b: Dragapult|U-turn|p1b: he IS Intimidate\n|-resisted|p1b: he IS Intimidate\n|-damage|p1b: he IS Intimidate|93\/100\n|\n|t:|1700398678\n|switch|p2b: Indeedee|Indeedee-F, F|100\/100|[from] U-turn\n|-fieldstart|move: Psychic Terrain|[from] ability: Psychic Surge|[of] p2b: Indeedee\n|move|p1a: everyone's idol|Skill Swap|p2a: Armarouge\n|-activate|p1a: everyone's idol|move: Skill Swap|Weak Armor|Magic Bounce|[of] p2a: Armarouge\n|move|p1b: he IS Intimidate|Sticky Web|p2a: Armarouge\n|move|p2a: Armarouge|Sticky Web|p1b: he IS Intimidate|[from]ability: Magic Bounce\n|-sidestart|p1: iluvtrickroom|move: Sticky Web\n|move|p2a: Armarouge|Expanding Force|p1a: everyone's idol|[spread] p1a,p1b\n|-resisted|p1a: everyone's idol\n|-damage|p1a: everyone's idol|69\/100\n|-damage|p1b: he IS Intimidate|0 fnt\n|faint|p1b: he IS Intimidate\n|\n|-heal|p1a: everyone's idol|75\/100|[from] item: Leftovers\n|upkeep\n|\n|t:|1700398694\n|switch|p1b: Kieran|Kingambit, M|100\/100\n|-activate|p1b: Kieran|move: Sticky Web\n|-unboost|p1b: Kieran|spe|1\n|-ability|p1b: Kieran|Defiant|boost\n|-boost|p1b: Kieran|atk|2\n|turn|2\n|inactive|KentCC has 120 seconds left.\n|\n|t:|1700398726\n|move|p2b: Indeedee|Follow Me|p2b: Indeedee\n|-singleturn|p2b: Indeedee|move: Follow Me\n|move|p2a: Armarouge|Aura Sphere|p1b: Kieran\n|-supereffective|p1b: Kieran\n|-damage|p1b: Kieran|25\/100\n|move|p1b: Kieran|Kowtow Cleave|p2b: Indeedee\n|-supereffective|p2b: Indeedee\n|-damage|p2b: Indeedee|0 fnt\n|faint|p2b: Indeedee\n|move|p1a: everyone's idol|Trick Room|p1a: everyone's idol\n|-fieldstart|move: Trick Room|[of] p1a: everyone's idol\n|\n|-heal|p1a: everyone's idol|81\/100|[from] item: Leftovers\n|upkeep\n|inactive|KentCC has 120 seconds left.\n|\n|t:|1700398744\n|switch|p2b: Kingambit|Kingambit, F|100\/100\n|-activate|p2b: Kingambit|ability: Supreme Overlord\n|-start|p2b: Kingambit|fallen1|[silent]\n|turn|3\n|inactive|KentCC has 120 seconds left.\n|\n|t:|1700398772\n|-terastallize|p1b: Kieran|Fairy\n|move|p2b: Kingambit|Sucker Punch|p1a: everyone's idol\n|-activate|p1a: everyone's idol|move: Psychic Terrain\n|move|p1b: Kieran|Kowtow Cleave|p2a: Armarouge\n|-supereffective|p2a: Armarouge\n|-damage|p2a: Armarouge|0 fnt\n|faint|p2a: Armarouge\n|move|p1a: everyone's idol|Stored Power|p2b: Kingambit\n|-immune|p2b: Kingambit\n|\n|-heal|p1a: everyone's idol|87\/100|[from] item: Leftovers\n|upkeep\n|inactive|KentCC has 120 seconds left.\n|\n|t:|1700398803\n|switch|p2a: Sinistcha|Sinistcha-Masterpiece|100\/100\n|turn|4\n|inactive|iluvtrickroom has 120 seconds left.\n|\n|t:|1700398847\n|move|p1b: Kieran|Kowtow Cleave|p2a: Sinistcha\n|-supereffective|p2a: Sinistcha\n|-damage|p2a: Sinistcha|0 fnt\n|faint|p2a: Sinistcha\n|move|p2b: Kingambit|Iron Head|p1b: Kieran\n|-supereffective|p1b: Kieran\n|-damage|p1b: Kieran|0 fnt\n|faint|p1b: Kieran\n|-damage|p2b: Kingambit|91\/100|[from] item: Life Orb\n|move|p1a: everyone's idol|Skill Swap|p2b: Kingambit\n|-activate|p1a: everyone's idol|move: Skill Swap|Supreme Overlord|Weak Armor|[of] p2b: Kingambit\n|-end|p2b: Kingambit|fallen1|[silent]\n|-activate|p1a: everyone's idol|ability: Supreme Overlord\n|-start|p1a: everyone's idol|fallen2|[silent]\n|\n|-heal|p1a: everyone's idol|93\/100|[from] item: Leftovers\n|upkeep\n|inactive|KentCC has 120 seconds left.\n|inactive|iluvtrickroom has 120 seconds left.\n|\n|t:|1700398864\n|switch|p1b: where's my mega|Gardevoir, F|100\/100\n|switch|p2a: Chien-Pao|Chien-Pao|100\/100\n|-activate|p1b: where's my mega|move: Sticky Web\n|-unboost|p1b: where's my mega|spe|1\n|-ability|p1b: where's my mega|Sword of Ruin\n|-ability|p1b: where's my mega|Sword of Ruin|[from] ability: Trace|[of] p2a: Chien-Pao\n|-ability|p2a: Chien-Pao|Sword of Ruin\n|turn|5\n|inactive|KentCC has 120 seconds left.\n|inactive|iluvtrickroom has 120 seconds left.\n|\n|t:|1700398910\n|move|p1b: where's my mega|Aura Sphere|p2b: Kingambit\n|-supereffective|p2b: Kingambit\n|-crit|p2b: Kingambit\n|-damage|p2b: Kingambit|0 fnt\n|faint|p2b: Kingambit\n|move|p1a: everyone's idol|Calm Mind|p1a: everyone's idol\n|-boost|p1a: everyone's idol|spa|1\n|-boost|p1a: everyone's idol|spd|1\n|move|p2a: Chien-Pao|Psychic Fangs|p1b: where's my mega\n|-resisted|p1b: where's my mega\n|-crit|p1b: where's my mega\n|-damage|p1b: where's my mega|57\/100\n|\n|-heal|p1a: everyone's idol|99\/100|[from] item: Leftovers\n|-fieldend|move: Psychic Terrain\n|upkeep\n|inactive|KentCC has 90 seconds left.\n|-message|KentCC forfeited.\n|\n|win|iluvtrickroom\n|raw|iluvtrickroom's rating: 1116 &rarr; <strong>1135<\/strong><br \/>(+19 for winning)\n|raw|KentCC's rating: 1033 &rarr; <strong>1022<\/strong><br \/>(-11 for losing)\n|l|\u2606KentCC\n","uploadtime":1700399143,"views":7,"p1id":"iluvtrickroom","p2id":"kentcc","formatid":"gen9doublesou","rating":1022,"private":0,"password":""}