{"id":"gen9doublesou-1969637252","p1":"Duckgggg","p2":"Sargenbob","format":"[Gen 9] Doubles OU","log":"|j|\u2606Duckgggg\n|j|\u2606Sargenbob\n|t:|1697553835\n|gametype|doubles\n|player|p1|Duckgggg|101|1000\n|player|p2|Sargenbob|red|1041\n|teamsize|p1|6\n|teamsize|p2|6\n|gen|9\n|tier|[Gen 9] Doubles OU\n|rated|\n|rule|Species Clause: Limit one of each Pok\u00e9mon\n|rule|OHKO Clause: OHKO moves are banned\n|rule|Evasion Moves Clause: Evasion moves are banned\n|rule|Gravity Sleep Clause: The combination of sleep-inducing moves with imperfect accuracy and Gravity or Gigantamax Orbeetle are banned\n|rule|Endless Battle Clause: Forcing endless battles is banned\n|rule|HP Percentage Mod: HP is shown in percentages\n|clearpoke\n|poke|p1|Chien-Pao|\n|poke|p1|Ogerpon-Cornerstone, F|\n|poke|p1|Landorus-Therian, M|\n|poke|p1|Dragapult, F|\n|poke|p1|Baxcalibur, F|\n|poke|p1|Indeedee-F, F|\n|poke|p2|Oranguru, F|\n|poke|p2|Torkoal, M|\n|poke|p2|Amoonguss, M|\n|poke|p2|Garganacl, M|\n|poke|p2|Toxapex, F|\n|poke|p2|Gothitelle, M|\n|teampreview\n|inactive|Battle timer is ON: inactive players will automatically lose when time's up. (requested by Sargenbob)\n|\n|t:|1697553846\n|start\n|switch|p1a: Baxcalibur|Baxcalibur, F|100\/100\n|switch|p1b: Ogerpon|Ogerpon-Cornerstone, F|100\/100\n|switch|p2a: Donkey Kong|Oranguru, F, shiny|100\/100\n|switch|p2b: Stronghold|Garganacl, M|100\/100\n|turn|1\n|\n|t:|1697553866\n|move|p1b: Ogerpon|Swords Dance|p1b: Ogerpon\n|-boost|p1b: Ogerpon|atk|2\n|move|p1a: Baxcalibur|Aqua Tail|p2b: Stronghold\n|-supereffective|p2b: Stronghold\n|-damage|p2b: Stronghold|60\/100\n|move|p2b: Stronghold|Salt Cure|p1a: Baxcalibur\n|-supereffective|p1a: Baxcalibur\n|-damage|p1a: Baxcalibur|76\/100\n|-start|p1a: Baxcalibur|Salt Cure\n|move|p2a: Donkey Kong|Trick Room|p2a: Donkey Kong\n|-fieldstart|move: Trick Room|[of] p2a: Donkey Kong\n|\n|-heal|p2b: Stronghold|66\/100|[from] item: Leftovers\n|-damage|p1a: Baxcalibur|63\/100|[from] Salt Cure\n|upkeep\n|turn|2\n|inactive|Duckgggg has 120 seconds left.\n|\n|t:|1697553897\n|move|p2a: Donkey Kong|Protect|p2a: Donkey Kong\n|-singleturn|p2a: Donkey Kong|Protect\n|move|p2b: Stronghold|Iron Defense|p2b: Stronghold\n|-boost|p2b: Stronghold|def|2\n|move|p1a: Baxcalibur|Aqua Tail|p2b: Stronghold\n|-supereffective|p2b: Stronghold\n|-crit|p2b: Stronghold\n|-damage|p2b: Stronghold|8\/100\n|move|p1b: Ogerpon|Ivy Cudgel|p2a: Donkey Kong\n|-activate|p2a: Donkey Kong|move: Protect\n|\n|-heal|p2b: Stronghold|14\/100|[from] item: Leftovers\n|-damage|p1a: Baxcalibur|51\/100|[from] Salt Cure\n|upkeep\n|turn|3\n|\n|t:|1697553919\n|move|p2b: Stronghold|Body Press|p1b: Ogerpon\n|-supereffective|p1b: Ogerpon\n|-ability|p1b: Ogerpon|Sturdy\n|-damage|p1b: Ogerpon|1\/100\n|move|p2a: Donkey Kong|Psychic|p1a: Baxcalibur\n|-damage|p1a: Baxcalibur|24\/100\n|move|p1a: Baxcalibur|Iron Head|p2a: Donkey Kong\n|-damage|p2a: Donkey Kong|75\/100\n|move|p1b: Ogerpon|Knock Off|p2b: Stronghold\n|-damage|p2b: Stronghold|0 fnt\n|-enditem|p2b: Stronghold|Leftovers|[from] move: Knock Off|[of] p1b: Ogerpon\n|faint|p2b: Stronghold\n|\n|-damage|p1a: Baxcalibur|12\/100|[from] Salt Cure\n|upkeep\n|\n|t:|1697553927\n|switch|p2b: Rafael|Torkoal, M, shiny|100\/100\n|-weather|SunnyDay|[from] ability: Drought|[of] p2b: Rafael\n|turn|4\n|\n|t:|1697553948\n|switch|p2a: Toad|Amoonguss, M, shiny|100\/100\n|move|p2b: Rafael|Eruption|p1b: Ogerpon|[spread] p1a,p1b\n|-damage|p1a: Baxcalibur|0 fnt\n|-damage|p1b: Ogerpon|0 fnt\n|faint|p1a: Baxcalibur\n|faint|p1b: Ogerpon\n|\n|-weather|SunnyDay|[upkeep]\n|upkeep\n|\n|t:|1697553960\n|switch|p1a: Landorus|Landorus-Therian, M|100\/100\n|switch|p1b: Indeedee|Indeedee-F, F|100\/100\n|-ability|p1a: Landorus|Intimidate|boost\n|-unboost|p2a: Toad|atk|1\n|-unboost|p2b: Rafael|atk|1\n|turn|5\n|\n|t:|1697553981\n|move|p2b: Rafael|Eruption|p1b: Indeedee|[spread] p1a,p1b\n|-damage|p1a: Landorus|2\/100\n|-damage|p1b: Indeedee|26\/100\n|move|p2a: Toad|Spore|p1a: Landorus\n|-status|p1a: Landorus|slp|[from] move: Spore\n|move|p1b: Indeedee|Light Screen|p1b: Indeedee\n|-sidestart|p1: Duckgggg|move: Light Screen\n|cant|p1a: Landorus|slp\n|\n|-weather|SunnyDay|[upkeep]\n|-fieldend|move: Trick Room\n|upkeep\n|turn|6\n|\n|t:|1697554001\n|switch|p2a: Donkey Kong|Oranguru, F, shiny|75\/100\n|-curestatus|p1a: Landorus|slp|[msg]\n|move|p1a: Landorus|Protect|p1a: Landorus\n|-singleturn|p1a: Landorus|Protect\n|move|p1b: Indeedee|Fake Out||[still]\n|-hint|Fake Out only works on your first turn out.\n|-fail|p1b: Indeedee\n|move|p2b: Rafael|Eruption|p1a: Landorus|[spread] p1b\n|-activate|p1a: Landorus|move: Protect\n|-damage|p1b: Indeedee|0 fnt\n|faint|p1b: Indeedee\n|\n|-weather|SunnyDay|[upkeep]\n|upkeep\n|\n|t:|1697554019\n|switch|p1b: Dragapult|Dragapult, F|100\/100\n|turn|7\n|\n|t:|1697554035\n|move|p1b: Dragapult|Double-Edge|p2a: Donkey Kong\n|-damage|p2a: Donkey Kong|29\/100\n|-damage|p1b: Dragapult|85\/100|[from] Recoil\n|-damage|p1b: Dragapult|75\/100|[from] item: Life Orb\n|move|p1a: Landorus|U-turn|p2a: Donkey Kong\n|-supereffective|p2a: Donkey Kong\n|-damage|p2a: Donkey Kong|0 fnt\n|faint|p2a: Donkey Kong\n|\n|t:|1697554051\n|switch|p1a: Chien-Pao|Chien-Pao|100\/100|[from] U-turn\n|-ability|p1a: Chien-Pao|Sword of Ruin\n|move|p2b: Rafael|Eruption|p1b: Dragapult|[spread] p1a,p1b\n|-supereffective|p1a: Chien-Pao\n|-resisted|p1b: Dragapult\n|-damage|p1a: Chien-Pao|0 fnt\n|-damage|p1b: Dragapult|42\/100\n|faint|p1a: Chien-Pao\n|\n|-weather|SunnyDay|[upkeep]\n|upkeep\n|\n|t:|1697554064\n|switch|p1a: Landorus|Landorus-Therian, M|2\/100\n|switch|p2a: Goth waifu|Gothitelle, M, shiny|100\/100\n|-ability|p1a: Landorus|Intimidate|boost\n|-unboost|p2a: Goth waifu|atk|1\n|-ability|p2a: Goth waifu|Competitive|boost\n|-boost|p2a: Goth waifu|spa|2\n|-unboost|p2b: Rafael|atk|1\n|turn|8\n|\n|t:|1697554082\n|-terastallize|p1b: Dragapult|Dragon\n|move|p1a: Landorus|Protect|p1a: Landorus\n|-singleturn|p1a: Landorus|Protect\n|move|p1b: Dragapult|Draco Meteor|p2a: Goth waifu\n|-damage|p2a: Goth waifu|41\/100\n|-unboost|p1b: Dragapult|spa|2\n|-damage|p1b: Dragapult|32\/100|[from] item: Life Orb\n|move|p2b: Rafael|Eruption|p1b: Dragapult|[spread] p1b\n|-activate|p1a: Landorus|move: Protect\n|-resisted|p1b: Dragapult\n|-damage|p1b: Dragapult|0 fnt\n|faint|p1b: Dragapult\n|move|p2a: Goth waifu|Trick Room|p2a: Goth waifu\n|-fieldstart|move: Trick Room|[of] p2a: Goth waifu\n|\n|-weather|none\n|upkeep\n|turn|9\n|\n|t:|1697554103\n|move|p2a: Goth waifu|Protect|p2a: Goth waifu\n|-singleturn|p2a: Goth waifu|Protect\n|move|p2b: Rafael|Eruption|p1a: Landorus\n|-damage|p1a: Landorus|0 fnt\n|faint|p1a: Landorus\n|\n|win|Sargenbob\n|raw|Duckgggg's rating: 1000 &rarr; <strong>1000<\/strong><br \/>(+0 for losing)\n|raw|Sargenbob's rating: 1041 &rarr; <strong>1071<\/strong><br \/>(+30 for winning)\n|c|\u2606Sargenbob|gg\n|l|\u2606Duckgggg\n","uploadtime":1697554117,"views":20,"p1id":"duckgggg","p2id":"sargenbob","formatid":"gen9doublesou","rating":1000,"private":0,"password":""}