{"id":"gen9doublesou-1999620654","p1":"AdvancedDigit","p2":"airbrutus","format":"[Gen 9] Doubles OU","log":"|j|\u2606AdvancedDigit\n|j|\u2606airbrutus\n|t:|1701101907\n|gametype|doubles\n|player|p1|AdvancedDigit|hilbert|1040\n|player|p2|airbrutus|170|1114\n|teamsize|p1|6\n|teamsize|p2|6\n|gen|9\n|tier|[Gen 9] Doubles OU\n|rated|\n|rule|Species Clause: Limit one of each Pok\u00e9mon\n|rule|OHKO Clause: OHKO moves are banned\n|rule|Evasion Moves Clause: Evasion moves are banned\n|rule|Gravity Sleep Clause: The combination of sleep-inducing moves with imperfect accuracy and Gravity or Gigantamax Orbeetle are banned\n|rule|Endless Battle Clause: Forcing endless battles is banned\n|rule|HP Percentage Mod: HP is shown in percentages\n|clearpoke\n|poke|p1|Grimmsnarl, M|\n|poke|p1|Slowbro-Galar, M|\n|poke|p1|Maushold|\n|poke|p1|Amoonguss, M|\n|poke|p1|Rillaboom, F|\n|poke|p1|Dragonite, F|\n|poke|p2|Politoed, M|\n|poke|p2|Poliwrath, F|\n|poke|p2|Dragonite, M|\n|poke|p2|Pelipper, F|\n|poke|p2|Overqwil, M|\n|poke|p2|Ludicolo, M|\n|teampreview\n|inactive|Battle timer is ON: inactive players will automatically lose when time's up. (requested by airbrutus)\n|\n|t:|1701101918\n|start\n|switch|p1a: Grimmsnarl|Grimmsnarl, M|100\/100\n|switch|p1b: Slowbro|Slowbro-Galar, M|100\/100\n|switch|p2a: Politoed|Politoed, M|100\/100\n|switch|p2b: Poliwrath|Poliwrath, F|100\/100\n|-weather|RainDance|[from] ability: Drizzle|[of] p2a: Politoed\n|turn|1\n|\n|t:|1701101932\n|move|p1a: Grimmsnarl|Fake Out|p2b: Poliwrath\n|-damage|p2b: Poliwrath|88\/100\n|cant|p2b: Poliwrath|flinch\n|move|p2a: Politoed|Chilling Water|p1b: Slowbro\n|-damage|p1b: Slowbro|60\/100\n|-unboost|p1b: Slowbro|atk|1\n|move|p1b: Slowbro|Curse|p1b: Slowbro\n|-unboost|p1b: Slowbro|spe|1\n|-boost|p1b: Slowbro|atk|1\n|-boost|p1b: Slowbro|def|1\n|\n|-weather|RainDance|[upkeep]\n|upkeep\n|turn|2\n|\n|t:|1701101950\n|move|p1a: Grimmsnarl|Swagger|p1b: Slowbro\n|-boost|p1b: Slowbro|atk|2\n|-immune|p1b: Slowbro|confusion|[from] ability: Own Tempo\n|move|p2b: Poliwrath|Belly Drum|p2b: Poliwrath\n|-damage|p2b: Poliwrath|38\/100\n|-setboost|p2b: Poliwrath|atk|6|[from] move: Belly Drum\n|move|p2a: Politoed|Chilling Water|p1b: Slowbro\n|-damage|p1b: Slowbro|18\/100\n|-unboost|p1b: Slowbro|atk|1\n|move|p1b: Slowbro|Shell Side Arm|p2b: Poliwrath|[anim] Shell Side Arm Physical\n|-damage|p2b: Poliwrath|0 fnt\n|-hint|Physical Shell Side Arm\n|faint|p2b: Poliwrath\n|\n|-weather|RainDance|[upkeep]\n|upkeep\n|\n|t:|1701101961\n|switch|p2b: Overqwil|Overqwil, M|100\/100\n|turn|3\n|\n|t:|1701101970\n|move|p1a: Grimmsnarl|Thunder Wave|p2a: Politoed\n|-status|p2a: Politoed|par\n|move|p2b: Overqwil|Toxic Spikes|p1a: Grimmsnarl\n|-sidestart|p1: AdvancedDigit|move: Toxic Spikes\n|move|p2a: Politoed|Haze|p2a: Politoed\n|-clearallboost\n|move|p1b: Slowbro|Bulldoze|p2b: Overqwil|[spread] p1a,p2a,p2b\n|-supereffective|p2b: Overqwil\n|-damage|p1a: Grimmsnarl|82\/100\n|-damage|p2a: Politoed|85\/100 par\n|-damage|p2b: Overqwil|74\/100\n|-unboost|p1a: Grimmsnarl|spe|1\n|-unboost|p2a: Politoed|spe|1\n|-unboost|p2b: Overqwil|spe|1\n|\n|-weather|RainDance|[upkeep]\n|-heal|p2b: Overqwil|80\/100|[from] item: Leftovers\n|-heal|p1a: Grimmsnarl|88\/100|[from] item: Leftovers\n|-heal|p2a: Politoed|91\/100 par|[from] item: Leftovers\n|upkeep\n|turn|4\n|-activate|p1b: Slowbro|item: Quick Claw\n|\n|t:|1701101983\n|move|p1a: Grimmsnarl|Swagger|p2a: Politoed\n|-boost|p2a: Politoed|atk|2\n|-start|p2a: Politoed|confusion\n|move|p1b: Slowbro|Bulldoze|p2b: Overqwil|[spread] p1a,p2a,p2b\n|-supereffective|p2b: Overqwil\n|-damage|p1a: Grimmsnarl|71\/100\n|-damage|p2a: Politoed|76\/100 par\n|-damage|p2b: Overqwil|50\/100\n|-unboost|p1a: Grimmsnarl|spe|1\n|-unboost|p2a: Politoed|spe|1\n|-unboost|p2b: Overqwil|spe|1\n|move|p2b: Overqwil|Toxic Spikes|p1b: Slowbro\n|-sidestart|p1: AdvancedDigit|move: Toxic Spikes\n|-activate|p2a: Politoed|confusion\n|move|p2a: Politoed|Chilling Water|p1b: Slowbro\n|-damage|p1b: Slowbro|0 fnt\n|faint|p1b: Slowbro\n|\n|-weather|RainDance|[upkeep]\n|-heal|p2b: Overqwil|57\/100|[from] item: Leftovers\n|-heal|p1a: Grimmsnarl|77\/100|[from] item: Leftovers\n|-heal|p2a: Politoed|82\/100 par|[from] item: Leftovers\n|upkeep\n|\n|t:|1701102003\n|switch|p1b: Dragonite|Dragonite, F|100\/100\n|turn|5\n|inactive|airbrutus has 120 seconds left.\n|\n|t:|1701102037\n|switch|p2a: Ludicolo|Ludicolo, M|100\/100\n|move|p1a: Grimmsnarl|Parting Shot|p2a: Ludicolo\n|-unboost|p2a: Ludicolo|atk|1\n|-unboost|p2a: Ludicolo|spa|1\n|\n|t:|1701102045\n|switch|p1a: Maushold|Maushold|100\/100|[from] Parting Shot\n|-status|p1a: Maushold|tox\n|move|p2b: Overqwil|Barb Barrage|p1a: Maushold\n|-damage|p1a: Maushold|37\/100 tox\n|move|p1b: Dragonite|Dragon Dance|p1b: Dragonite\n|-boost|p1b: Dragonite|atk|1\n|-boost|p1b: Dragonite|spe|1\n|\n|-weather|none\n|-heal|p1a: Maushold|43\/100 tox|[from] item: Leftovers\n|-heal|p2b: Overqwil|63\/100|[from] item: Leftovers\n|-damage|p1a: Maushold|37\/100 tox|[from] psn\n|upkeep\n|turn|6\n|inactive|airbrutus has 120 seconds left.\n|\n|t:|1701102080\n|switch|p2a: Pelipper|Pelipper, F|100\/100\n|-weather|RainDance|[from] ability: Drizzle|[of] p2a: Pelipper\n|switch|p2b: Dragonite|Dragonite, M|100\/100\n|-terastallize|p1b: Dragonite|Normal\n|move|p1b: Dragonite|Extreme Speed|p2a: Pelipper\n|-enditem|p1b: Dragonite|Normal Gem|[from] gem\n|-damage|p2a: Pelipper|30\/100\n|move|p1a: Maushold|Follow Me|p1a: Maushold\n|-singleturn|p1a: Maushold|move: Follow Me\n|\n|-weather|RainDance|[upkeep]\n|-heal|p1a: Maushold|43\/100 tox|[from] item: Leftovers\n|-damage|p1a: Maushold|30\/100 tox|[from] psn\n|upkeep\n|turn|7\n|\n|t:|1701102092\n|move|p1a: Maushold|Follow Me|p1a: Maushold\n|-singleturn|p1a: Maushold|move: Follow Me\n|move|p1b: Dragonite|Dragon Claw|p2b: Dragonite\n|-supereffective|p2b: Dragonite\n|-damage|p2b: Dragonite|33\/100\n|move|p2b: Dragonite|Surf|p1a: Maushold|[spread] p2a,p1a,p1b\n|-resisted|p2a: Pelipper\n|-damage|p2a: Pelipper|7\/100\n|-damage|p1a: Maushold|0 fnt\n|-damage|p1b: Dragonite|89\/100\n|faint|p1a: Maushold\n|move|p2a: Pelipper|Aqua Ring|p2a: Pelipper\n|-start|p2a: Pelipper|Aqua Ring\n|\n|-weather|RainDance|[upkeep]\n|-heal|p2a: Pelipper|13\/100|[from] Aqua Ring\n|upkeep\n|\n|t:|1701102105\n|switch|p1a: Grimmsnarl|Grimmsnarl, M|77\/100\n|-status|p1a: Grimmsnarl|tox\n|turn|8\n|\n|t:|1701102116\n|move|p1a: Grimmsnarl|Fake Out|p2b: Dragonite\n|-damage|p2b: Dragonite|23\/100\n|move|p1b: Dragonite|Extreme Speed|p2a: Pelipper\n|-damage|p2a: Pelipper|0 fnt\n|faint|p2a: Pelipper\n|cant|p2b: Dragonite|flinch\n|\n|-weather|RainDance|[upkeep]\n|-heal|p1a: Grimmsnarl|83\/100 tox|[from] item: Leftovers\n|-damage|p1a: Grimmsnarl|77\/100 tox|[from] psn\n|upkeep\n|\n|t:|1701102119\n|switch|p2a: Overqwil|Overqwil, M|63\/100\n|turn|9\n|\n|t:|1701102130\n|move|p1b: Dragonite|Extreme Speed|p2a: Overqwil\n|-damage|p2a: Overqwil|0 fnt\n|faint|p2a: Overqwil\n|move|p1a: Grimmsnarl|Thunder Wave|p2b: Dragonite\n|-status|p2b: Dragonite|par\n|cant|p2b: Dragonite|par\n|\n|-weather|RainDance|[upkeep]\n|-heal|p1a: Grimmsnarl|83\/100 tox|[from] item: Leftovers\n|-damage|p1a: Grimmsnarl|71\/100 tox|[from] psn\n|upkeep\n|\n|t:|1701102135\n|switch|p2a: Ludicolo|Ludicolo, M|100\/100\n|turn|10\n|\n|t:|1701102146\n|move|p1b: Dragonite|Extreme Speed|p2a: Ludicolo\n|-damage|p2a: Ludicolo|0 fnt\n|faint|p2a: Ludicolo\n|move|p1a: Grimmsnarl|Swagger|p2b: Dragonite\n|-boost|p2b: Dragonite|atk|2\n|-start|p2b: Dragonite|confusion\n|-activate|p2b: Dragonite|confusion\n|move|p2b: Dragonite|Icy Wind|p1b: Dragonite|[spread] p1a,p1b\n|-damage|p1a: Grimmsnarl|61\/100 tox\n|-damage|p1b: Dragonite|74\/100\n|-unboost|p1a: Grimmsnarl|spe|1\n|-unboost|p1b: Dragonite|spe|1\n|\n|-weather|none\n|-heal|p1a: Grimmsnarl|67\/100 tox|[from] item: Leftovers\n|-damage|p1a: Grimmsnarl|49\/100 tox|[from] psn\n|upkeep\n|\n|t:|1701102150\n|switch|p2a: Politoed|Politoed, M|82\/100 par\n|-weather|RainDance|[from] ability: Drizzle|[of] p2a: Politoed\n|turn|11\n|\n|t:|1701102164\n|-terastallize|p2a: Politoed|Fire\n|move|p1b: Dragonite|Extreme Speed|p2b: Dragonite\n|-damage|p2b: Dragonite|0 fnt\n|faint|p2b: Dragonite\n|move|p1a: Grimmsnarl|Swagger|p2a: Politoed\n|-boost|p2a: Politoed|atk|2\n|-start|p2a: Politoed|confusion\n|-activate|p2a: Politoed|confusion\n|cant|p2a: Politoed|par\n|\n|-weather|RainDance|[upkeep]\n|-heal|p1a: Grimmsnarl|55\/100 tox|[from] item: Leftovers\n|-heal|p2a: Politoed|89\/100 par|[from] item: Leftovers\n|-damage|p1a: Grimmsnarl|31\/100 tox|[from] psn\n|upkeep\n|turn|12\n|\n|t:|1701102177\n|move|p1b: Dragonite|Extreme Speed|p2a: Politoed\n|-damage|p2a: Politoed|5\/100 par\n|move|p1a: Grimmsnarl|Swagger|p2a: Politoed\n|-boost|p2a: Politoed|atk|2\n|-activate|p2a: Politoed|confusion\n|move|p2a: Politoed|Chilling Water|p1b: Dragonite\n|-damage|p1b: Dragonite|40\/100\n|-unboost|p1b: Dragonite|atk|1\n|\n|-weather|RainDance|[upkeep]\n|-heal|p1a: Grimmsnarl|37\/100 tox|[from] item: Leftovers\n|-heal|p2a: Politoed|12\/100 par|[from] item: Leftovers\n|-damage|p1a: Grimmsnarl|6\/100 tox|[from] psn\n|upkeep\n|turn|13\n|c|\u2606AdvancedDigit|gg\n|\n|t:|1701102186\n|move|p1b: Dragonite|Extreme Speed|p2a: Politoed\n|-damage|p2a: Politoed|0 fnt\n|faint|p2a: Politoed\n|\n|win|AdvancedDigit\n|raw|AdvancedDigit's rating: 1040 &rarr; <strong>1080<\/strong><br \/>(+40 for winning)\n|raw|airbrutus's rating: 1102 &rarr; <strong>1073<\/strong><br \/>(-29 for losing)\n|l|\u2606airbrutus\n","uploadtime":1701102189,"views":7,"p1id":"advanceddigit","p2id":"airbrutus","formatid":"gen9doublesou","rating":1073,"private":0,"password":""}