{"id":"gen9doublesou-1982234427","p1":"mikeyuwu","p2":"Vman3","format":"[Gen 9] Doubles OU","log":"|j|\u2606mikeyuwu\n|j|\u2606Vman3\n|t:|1698982449\n|gametype|doubles\n|player|p1|mikeyuwu|psychic-gen4|1138\n|player|p2|Vman3|crasherwake|1254\n|teamsize|p1|6\n|teamsize|p2|6\n|gen|9\n|tier|[Gen 9] Doubles OU\n|rated|\n|rule|Species Clause: Limit one of each Pok\u00e9mon\n|rule|OHKO Clause: OHKO moves are banned\n|rule|Evasion Moves Clause: Evasion moves are banned\n|rule|Gravity Sleep Clause: The combination of sleep-inducing moves with imperfect accuracy and Gravity or Gigantamax Orbeetle are banned\n|rule|Endless Battle Clause: Forcing endless battles is banned\n|rule|HP Percentage Mod: HP is shown in percentages\n|clearpoke\n|poke|p1|Garchomp, M|\n|poke|p1|Tyranitar, F|\n|poke|p1|Vaporeon, F|\n|poke|p1|Toxicroak, M|\n|poke|p1|Pelipper, F|\n|poke|p1|Abomasnow, M|\n|poke|p2|Pelipper, M|\n|poke|p2|Basculegion-F, F|\n|poke|p2|Thundurus, M|\n|poke|p2|Grimmsnarl, M|\n|poke|p2|Rillaboom, F|\n|poke|p2|Kommo-o, M|\n|teampreview\n|\n|t:|1698982456\n|start\n|switch|p1a: OTLHPM|Toxicroak, M|100\/100\n|switch|p1b: Cold Shoulder|Abomasnow, M, shiny|100\/100\n|switch|p2a: Pelipper|Pelipper, M|100\/100\n|switch|p2b: Thundurus|Thundurus, M|100\/100\n|-weather|Snow|[from] ability: Snow Warning|[of] p1b: Cold Shoulder\n|-weather|RainDance|[from] ability: Drizzle|[of] p2a: Pelipper\n|turn|1\n|\n|t:|1698982481\n|switch|p1a: ThcrThnSnkr|Tyranitar, F|100\/100\n|-weather|Sandstorm|[from] ability: Sand Stream|[of] p1a: ThcrThnSnkr\n|move|p2b: Thundurus|Thunder|p1a: ThcrThnSnkr\n|-damage|p1a: ThcrThnSnkr|74\/100\n|-status|p1a: ThcrThnSnkr|par\n|move|p1b: Cold Shoulder|Weather Ball|p2b: Thundurus\n|-supereffective|p2b: Thundurus\n|-damage|p2b: Thundurus|31\/100\n|move|p2a: Pelipper|Hurricane|p1a: ThcrThnSnkr\n|-resisted|p1a: ThcrThnSnkr\n|-damage|p1a: ThcrThnSnkr|67\/100 par\n|-start|p1a: ThcrThnSnkr|confusion\n|\n|-weather|Sandstorm|[upkeep]\n|-damage|p2b: Thundurus|25\/100|[from] Sandstorm\n|-damage|p1b: Cold Shoulder|94\/100|[from] Sandstorm\n|-damage|p2a: Pelipper|94\/100|[from] Sandstorm\n|upkeep\n|turn|2\n|\n|t:|1698982502\n|switch|p2b: Grimmsnarl|Grimmsnarl, M|100\/100\n|switch|p2a: Rillaboom|Rillaboom, F|100\/100\n|-fieldstart|move: Grassy Terrain|[from] ability: Grassy Surge|[of] p2a: Rillaboom\n|move|p1b: Cold Shoulder|Weather Ball|p2a: Rillaboom\n|-damage|p2a: Rillaboom|72\/100\n|-activate|p1a: ThcrThnSnkr|confusion\n|-damage|p1a: ThcrThnSnkr|56\/100 par|[from] confusion\n|\n|-weather|Sandstorm|[upkeep]\n|-damage|p2a: Rillaboom|65\/100|[from] Sandstorm\n|-damage|p1b: Cold Shoulder|88\/100|[from] Sandstorm\n|-damage|p2b: Grimmsnarl|94\/100|[from] Sandstorm\n|-heal|p2a: Rillaboom|72\/100|[from] Grassy Terrain\n|-heal|p2a: Rillaboom|78\/100|[from] item: Leftovers\n|-heal|p1b: Cold Shoulder|94\/100|[from] Grassy Terrain\n|-heal|p2b: Grimmsnarl|100\/100|[from] Grassy Terrain\n|-heal|p1a: ThcrThnSnkr|62\/100 par|[from] Grassy Terrain\n|upkeep\n|turn|3\n|\n|t:|1698982536\n|switch|p1a: Extra Spicy|Garchomp, M|100\/100\n|move|p2b: Grimmsnarl|Light Screen|p2b: Grimmsnarl\n|-sidestart|p2: Vman3|move: Light Screen\n|move|p2a: Rillaboom|Drain Punch|p1a: Extra Spicy\n|-damage|p1a: Extra Spicy|83\/100\n|-heal|p2a: Rillaboom|87\/100|[from] drain|[of] p1a: Extra Spicy\n|-damage|p2a: Rillaboom|75\/100|[from] ability: Rough Skin|[of] p1a: Extra Spicy\n|-damage|p2a: Rillaboom|58\/100|[from] item: Rocky Helmet|[of] p1a: Extra Spicy\n|move|p1b: Cold Shoulder|Blizzard|p2b: Grimmsnarl|[spread] p2a,p2b\n|-supereffective|p2a: Rillaboom\n|-damage|p2a: Rillaboom|16\/100\n|-damage|p2b: Grimmsnarl|86\/100\n|\n|-weather|Sandstorm|[upkeep]\n|-damage|p2a: Rillaboom|10\/100|[from] Sandstorm\n|-damage|p1b: Cold Shoulder|88\/100|[from] Sandstorm\n|-damage|p2b: Grimmsnarl|79\/100|[from] Sandstorm\n|-heal|p1a: Extra Spicy|89\/100|[from] Grassy Terrain\n|-heal|p2a: Rillaboom|16\/100|[from] Grassy Terrain\n|-heal|p2a: Rillaboom|22\/100|[from] item: Leftovers\n|-heal|p1b: Cold Shoulder|94\/100|[from] Grassy Terrain\n|-heal|p2b: Grimmsnarl|86\/100|[from] Grassy Terrain\n|upkeep\n|turn|4\n|\n|t:|1698982560\n|move|p2b: Grimmsnarl|Reflect|p2b: Grimmsnarl\n|-sidestart|p2: Vman3|Reflect\n|move|p1a: Extra Spicy|Brick Break|p2b: Grimmsnarl\n|-sideend|p2: Vman3|Reflect\n|-sideend|p2: Vman3|move: Light Screen\n|-damage|p2b: Grimmsnarl|57\/100\n|move|p2a: Rillaboom|Drain Punch|p1b: Cold Shoulder\n|-supereffective|p1b: Cold Shoulder\n|-damage|p1b: Cold Shoulder|45\/100\n|-heal|p2a: Rillaboom|44\/100|[from] drain|[of] p1b: Cold Shoulder\n|move|p1b: Cold Shoulder|Blizzard|p2a: Rillaboom|[spread] p2a,p2b\n|-supereffective|p2a: Rillaboom\n|-damage|p2a: Rillaboom|0 fnt\n|-damage|p2b: Grimmsnarl|33\/100\n|faint|p2a: Rillaboom\n|\n|-weather|Sandstorm|[upkeep]\n|-damage|p1b: Cold Shoulder|39\/100|[from] Sandstorm\n|-damage|p2b: Grimmsnarl|27\/100|[from] Sandstorm\n|-heal|p1a: Extra Spicy|95\/100|[from] Grassy Terrain\n|-heal|p1b: Cold Shoulder|45\/100|[from] Grassy Terrain\n|-heal|p2b: Grimmsnarl|33\/100|[from] Grassy Terrain\n|upkeep\n|\n|t:|1698982578\n|switch|p2a: Pelipper|Pelipper, M|94\/100\n|-weather|RainDance|[from] ability: Drizzle|[of] p2a: Pelipper\n|turn|5\n|\n|t:|1698982588\n|switch|p1b: ThcrThnSnkr|Tyranitar, F|62\/100 par\n|-weather|Sandstorm|[from] ability: Sand Stream|[of] p1b: ThcrThnSnkr\n|move|p2b: Grimmsnarl|Reflect|p2b: Grimmsnarl\n|-sidestart|p2: Vman3|Reflect\n|move|p1a: Extra Spicy|Poison Jab|p2b: Grimmsnarl\n|-supereffective|p2b: Grimmsnarl\n|-damage|p2b: Grimmsnarl|0 fnt\n|faint|p2b: Grimmsnarl\n|move|p2a: Pelipper|Icy Wind|p1a: Extra Spicy|[spread] p1a,p1b\n|-supereffective|p1a: Extra Spicy\n|-damage|p1a: Extra Spicy|47\/100\n|-damage|p1b: ThcrThnSnkr|58\/100 par\n|-unboost|p1a: Extra Spicy|spe|1\n|-unboost|p1b: ThcrThnSnkr|spe|1\n|\n|-weather|Sandstorm|[upkeep]\n|-damage|p2a: Pelipper|88\/100|[from] Sandstorm\n|-heal|p1a: Extra Spicy|53\/100|[from] Grassy Terrain\n|-heal|p1b: ThcrThnSnkr|64\/100 par|[from] Grassy Terrain\n|upkeep\n|\n|t:|1698982613\n|switch|p2b: Kommo-o|Kommo-o, M|100\/100\n|turn|6\n|\n|t:|1698982623\n|switch|p1b: Weather War|Pelipper, F|100\/100\n|-weather|RainDance|[from] ability: Drizzle|[of] p1b: Weather War\n|move|p2b: Kommo-o|Ice Punch|p1a: Extra Spicy\n|-supereffective|p1a: Extra Spicy\n|-damage|p1a: Extra Spicy|0 fnt\n|-damage|p2b: Kommo-o|88\/100|[from] ability: Rough Skin|[of] p1a: Extra Spicy\n|-damage|p2b: Kommo-o|72\/100|[from] item: Rocky Helmet|[of] p1a: Extra Spicy\n|faint|p1a: Extra Spicy\n|move|p2a: Pelipper|Icy Wind|p1b: Weather War\n|-damage|p1b: Weather War|78\/100\n|-unboost|p1b: Weather War|spe|1\n|\n|-weather|RainDance|[upkeep]\n|-heal|p2b: Kommo-o|78\/100|[from] Grassy Terrain\n|-fieldend|move: Grassy Terrain\n|upkeep\n|\n|t:|1698982633\n|switch|p1a: Harmacy|Vaporeon, F|100\/100\n|turn|7\n|\n|t:|1698982647\n|move|p2b: Kommo-o|Scale Shot|p1a: Harmacy|[miss]\n|-miss|p2b: Kommo-o|p1a: Harmacy\n|move|p1a: Harmacy|Icy Wind|p2b: Kommo-o|[spread] p2a,p2b\n|-supereffective|p2b: Kommo-o\n|-damage|p2a: Pelipper|79\/100\n|-damage|p2b: Kommo-o|54\/100\n|-unboost|p2a: Pelipper|spe|1\n|-unboost|p2b: Kommo-o|spe|1\n|move|p1b: Weather War|Blizzard|p2b: Kommo-o|[spread] p2a,p2b\n|-supereffective|p2b: Kommo-o\n|-damage|p2a: Pelipper|61\/100\n|-damage|p2b: Kommo-o|10\/100\n|move|p2a: Pelipper|Hurricane|p1a: Harmacy\n|-damage|p1a: Harmacy|63\/100\n|\n|-weather|RainDance|[upkeep]\n|-heal|p1a: Harmacy|69\/100|[from] item: Leftovers\n|upkeep\n|turn|8\n|\n|t:|1698982671\n|move|p2b: Kommo-o|Scale Shot|p1a: Harmacy\n|-damage|p1a: Harmacy|61\/100\n|-damage|p1a: Harmacy|51\/100\n|-damage|p1a: Harmacy|44\/100\n|-damage|p1a: Harmacy|36\/100\n|-hitcount|p1a: Harmacy|4\n|-unboost|p2b: Kommo-o|def|1\n|-boost|p2b: Kommo-o|spe|1\n|move|p1a: Harmacy|Copycat|p1a: Harmacy\n|move|p1a: Harmacy|Scale Shot|p2a: Pelipper|[from]move: Copycat\n|-damage|p2a: Pelipper|58\/100\n|-damage|p2a: Pelipper|56\/100\n|-hitcount|p2a: Pelipper|2\n|-unboost|p1a: Harmacy|def|1\n|-boost|p1a: Harmacy|spe|1\n|move|p1b: Weather War|Hurricane|p2a: Pelipper\n|-damage|p2a: Pelipper|23\/100\n|move|p2a: Pelipper|Hurricane|p1a: Harmacy\n|-damage|p1a: Harmacy|0 fnt\n|faint|p1a: Harmacy\n|\n|-weather|RainDance|[upkeep]\n|upkeep\n|\n|t:|1698982694\n|switch|p1a: OTLHPM|Toxicroak, M|100\/100\n|turn|9\n|\n|t:|1698982712\n|move|p2b: Kommo-o|Scale Shot|p1a: OTLHPM\n|-damage|p1a: OTLHPM|83\/100\n|-damage|p1a: OTLHPM|65\/100\n|-crit|p1a: OTLHPM\n|-damage|p1a: OTLHPM|41\/100\n|-damage|p1a: OTLHPM|23\/100\n|-crit|p1a: OTLHPM\n|-damage|p1a: OTLHPM|0 fnt\n|faint|p1a: OTLHPM\n|-hitcount|p1: OTLHPM|5\n|-unboost|p2b: Kommo-o|def|1\n|-boost|p2b: Kommo-o|spe|1\n|move|p1b: Weather War|Hurricane|p2a: Pelipper\n|-damage|p2a: Pelipper|0 fnt\n|faint|p2a: Pelipper\n|\n|-weather|RainDance|[upkeep]\n|upkeep\n|\n|t:|1698982729\n|switch|p1a: Cold Shoulder|Abomasnow, M, shiny|45\/100\n|switch|p2a: Thundurus|Thundurus, M|25\/100\n|-weather|Snow|[from] ability: Snow Warning|[of] p1a: Cold Shoulder\n|turn|10\n|\n|t:|1698982740\n|-terastallize|p1b: Weather War|Ground\n|move|p2b: Kommo-o|Scale Shot|p1b: Weather War\n|-damage|p1b: Weather War|69\/100\n|-damage|p1b: Weather War|59\/100\n|-damage|p1b: Weather War|50\/100\n|-damage|p1b: Weather War|41\/100\n|-hitcount|p1b: Weather War|4\n|-unboost|p2b: Kommo-o|def|1\n|-boost|p2b: Kommo-o|spe|1\n|move|p2a: Thundurus|Flash Cannon|p1a: Cold Shoulder\n|-supereffective|p1a: Cold Shoulder\n|-damage|p1a: Cold Shoulder|0 fnt\n|faint|p1a: Cold Shoulder\n|move|p1b: Weather War|Blizzard|p2b: Kommo-o|[spread] p2a,p2b\n|-supereffective|p2a: Thundurus\n|-supereffective|p2b: Kommo-o\n|-damage|p2a: Thundurus|0 fnt\n|-damage|p2b: Kommo-o|0 fnt\n|faint|p2a: Thundurus\n|faint|p2b: Kommo-o\n|\n|-weather|Snow|[upkeep]\n|upkeep\n|\n|t:|1698982794\n|switch|p2b: Basculegion|Basculegion-F, F|100\/100\n|switch|p1a: ThcrThnSnkr|Tyranitar, F|64\/100 par\n|-weather|Sandstorm|[from] ability: Sand Stream|[of] p1a: ThcrThnSnkr\n|turn|11\n|inactive|Battle timer is ON: inactive players will automatically lose when time's up. (requested by mikeyuwu)\n|\n|t:|1698982801\n|-terastallize|p2b: Basculegion|Rock\n|move|p2b: Basculegion|Aqua Jet|p1b: Weather War\n|-supereffective|p1b: Weather War\n|-damage|p1b: Weather War|7\/100\n|-damage|p2b: Basculegion|91\/100|[from] item: Life Orb\n|move|p1b: Weather War|Chilling Water|p2b: Basculegion\n|-supereffective|p2b: Basculegion\n|-damage|p2b: Basculegion|67\/100\n|-unboost|p2b: Basculegion|atk|1\n|move|p1a: ThcrThnSnkr|Knock Off|p2b: Basculegion\n|-crit|p2b: Basculegion\n|-damage|p2b: Basculegion|0 fnt\n|-enditem|p2b: Basculegion|Life Orb|[from] move: Knock Off|[of] p1a: ThcrThnSnkr\n|faint|p2b: Basculegion\n|\n|win|mikeyuwu\n|raw|mikeyuwu's rating: 1138 &rarr; <strong>1171<\/strong><br \/>(+33 for winning)\n|raw|Vman3's rating: 1254 &rarr; <strong>1221<\/strong><br \/>(-33 for losing)\n|l|\u2606Vman3\n","uploadtime":1698982825,"views":15,"p1id":"mikeyuwu","p2id":"vman3","formatid":"gen9doublesou","rating":1171,"private":0,"password":""}