{"id":"gen9doublesou-1996205807","p1":"SkyGandr","p2":"PokemonOG92 #4489","format":"[Gen 9] Doubles OU","log":"|j|\u2606SkyGandr\n|j|\u2606PokemonOG92 #4489\n|t:|1700658996\n|gametype|doubles\n|player|p1|SkyGandr|ethan-masters|1040\n|player|p2|PokemonOG92 #4489|hilbert|1117\n|teamsize|p1|6\n|teamsize|p2|6\n|gen|9\n|tier|[Gen 9] Doubles OU\n|rated|\n|rule|Species Clause: Limit one of each Pok\u00e9mon\n|rule|OHKO Clause: OHKO moves are banned\n|rule|Evasion Moves Clause: Evasion moves are banned\n|rule|Gravity Sleep Clause: The combination of sleep-inducing moves with imperfect accuracy and Gravity or Gigantamax Orbeetle are banned\n|rule|Endless Battle Clause: Forcing endless battles is banned\n|rule|HP Percentage Mod: HP is shown in percentages\n|clearpoke\n|poke|p1|Flutter Mane|\n|poke|p1|Volcanion|\n|poke|p1|Kingambit, M|\n|poke|p1|Landorus-Therian, M|\n|poke|p1|Iron Hands|\n|poke|p1|Chi-Yu|\n|poke|p2|Meowscarada, M|\n|poke|p2|Tornadus, M|\n|poke|p2|Sableye, F|\n|poke|p2|Pelipper, M|\n|poke|p2|Noivern, M|\n|poke|p2|Zapdos|\n|teampreview\n|inactive|Battle timer is ON: inactive players will automatically lose when time's up. (requested by PokemonOG92 #4489)\n|\n|t:|1700659010\n|start\n|switch|p1a: Arcturus|Volcanion|100\/100\n|switch|p1b: Antares|Iron Hands|100\/100\n|switch|p2a: Tornadus|Tornadus, M|100\/100\n|switch|p2b: Meowscarada|Meowscarada, M|100\/100\n|turn|1\n|\n|t:|1700659030\n|-terastallize|p2b: Meowscarada|Ghost\n|move|p1b: Antares|Fake Out|p2a: Tornadus\n|-damage|p2a: Tornadus|78\/100\n|cant|p2a: Tornadus|flinch\n|move|p2b: Meowscarada|Knock Off|p1a: Arcturus\n|-damage|p1a: Arcturus|62\/100\n|-enditem|p1a: Arcturus|Assault Vest|[from] move: Knock Off|[of] p2b: Meowscarada\n|move|p1a: Arcturus|Heat Wave|p2a: Tornadus|[spread] p2a,p2b\n|-damage|p2a: Tornadus|32\/100\n|-damage|p2b: Meowscarada|44\/100\n|\n|upkeep\n|turn|2\n|\n|t:|1700659056\n|move|p2a: Tornadus|Fling|p2b: Meowscarada\n|-supereffective|p2b: Meowscarada\n|-damage|p2b: Meowscarada|38\/100\n|-start|p2b: Meowscarada|move: Focus Energy\n|-enditem|p2b: Meowscarada|Weakness Policy\n|-boost|p2b: Meowscarada|atk|2|[from] item: Weakness Policy\n|-boost|p2b: Meowscarada|spa|2|[from] item: Weakness Policy\n|-enditem|p2a: Tornadus|Lansat Berry|[from] move: Fling\n|move|p2b: Meowscarada|Shadow Claw|p1a: Arcturus\n|-crit|p1a: Arcturus\n|-damage|p1a: Arcturus|0 fnt\n|faint|p1a: Arcturus\n|move|p1b: Antares|Wild Charge|p2a: Tornadus\n|-supereffective|p2a: Tornadus\n|-damage|p2a: Tornadus|0 fnt\n|faint|p2a: Tornadus\n|-damage|p1b: Antares|94\/100|[from] Recoil\n|\n|upkeep\n|\n|t:|1700659070\n|switch|p2a: Pelipper|Pelipper, M|100\/100\n|switch|p1a: Sirius|Chi-Yu|100\/100\n|-ability|p1a: Sirius|Beads of Ruin\n|-weather|RainDance|[from] ability: Drizzle|[of] p2a: Pelipper\n|turn|3\n|\n|t:|1700659078\n|move|p2b: Meowscarada|Protect|p2b: Meowscarada\n|-singleturn|p2b: Meowscarada|Protect\n|move|p1a: Sirius|Dark Pulse|p2b: Meowscarada\n|-activate|p2b: Meowscarada|move: Protect\n|move|p2a: Pelipper|Tailwind|p2a: Pelipper\n|-sidestart|p2: PokemonOG92 #4489|move: Tailwind\n|move|p1b: Antares|Wild Charge|p2a: Pelipper\n|-supereffective|p2a: Pelipper\n|-damage|p2a: Pelipper|0 fnt\n|faint|p2a: Pelipper\n|-damage|p1b: Antares|80\/100|[from] Recoil\n|\n|-weather|RainDance|[upkeep]\n|upkeep\n|\n|t:|1700659098\n|switch|p2a: Noivern|Noivern, M|100\/100\n|turn|4\n|\n|t:|1700659120\n|switch|p1a: Adhara|Landorus-Therian, M|100\/100\n|-ability|p1a: Adhara|Intimidate|boost\n|-unboost|p2a: Noivern|atk|1\n|-unboost|p2b: Meowscarada|atk|1\n|move|p2a: Noivern|Super Fang|p1a: Adhara\n|-damage|p1a: Adhara|50\/100\n|-enditem|p1a: Adhara|Sitrus Berry|[eat]\n|-heal|p1a: Adhara|75\/100|[from] item: Sitrus Berry\n|move|p2b: Meowscarada|Shadow Claw|p1a: Adhara\n|-crit|p1a: Adhara\n|-damage|p1a: Adhara|4\/100\n|move|p1b: Antares|Ice Punch|p2a: Noivern\n|-supereffective|p2a: Noivern\n|-damage|p2a: Noivern|0 fnt\n|faint|p2a: Noivern\n|\n|-weather|RainDance|[upkeep]\n|upkeep\n|inactive|PokemonOG92 #4489 has 120 seconds left.\n|\n|t:|1700659140\n|switch|p2a: Sableye|Sableye, F|100\/100\n|turn|5\n|\n|t:|1700659153\n|move|p1a: Adhara|Protect|p1a: Adhara\n|-singleturn|p1a: Adhara|Protect\n|move|p2a: Sableye|Disable|p1b: Antares\n|-start|p1b: Antares|Disable|Ice Punch\n|move|p2b: Meowscarada|Knock Off|p1a: Adhara\n|-activate|p1a: Adhara|move: Protect\n|move|p1b: Antares|Wild Charge|p2b: Meowscarada\n|-damage|p2b: Meowscarada|0 fnt\n|faint|p2b: Meowscarada\n|-damage|p1b: Antares|73\/100|[from] Recoil\n|\n|-weather|RainDance|[upkeep]\n|upkeep\n|-message|PokemonOG92 #4489 forfeited.\n|\n|win|SkyGandr\n|raw|SkyGandr's rating: 1040 &rarr; <strong>1081<\/strong><br \/>(+41 for winning)\n|raw|PokemonOG92 #4489's rating: 1117 &rarr; <strong>1087<\/strong><br \/>(-30 for losing)\n|l|\u2606PokemonOG92 #4489\n","uploadtime":1700659166,"views":0,"p1id":"skygandr","p2id":"pokemonog924489","formatid":"gen9doublesou","rating":1081,"private":0,"password":""}