{"id":"gen9doublesou-1985083663","p1":"Thehombre","p2":"Ardabetts","format":"[Gen 9] Doubles OU","log":"|j|\u2606Thehombre\n|j|\u2606Ardabetts\n|t:|1699328669\n|gametype|doubles\n|player|p1|Thehombre|1|1191\n|player|p2|Ardabetts|2|1256\n|teamsize|p1|6\n|teamsize|p2|6\n|gen|9\n|tier|[Gen 9] Doubles OU\n|rated|\n|rule|Species Clause: Limit one of each Pok\u00e9mon\n|rule|OHKO Clause: OHKO moves are banned\n|rule|Evasion Moves Clause: Evasion moves are banned\n|rule|Gravity Sleep Clause: The combination of sleep-inducing moves with imperfect accuracy and Gravity or Gigantamax Orbeetle are banned\n|rule|Endless Battle Clause: Forcing endless battles is banned\n|rule|HP Percentage Mod: HP is shown in percentages\n|clearpoke\n|poke|p1|Mew|\n|poke|p1|Corviknight, M|\n|poke|p1|Enamorus, F|\n|poke|p1|Illumise, F|\n|poke|p1|Maushold-Four|\n|poke|p1|Rotom|\n|poke|p2|Landorus-Therian, M|\n|poke|p2|Kommo-o, M|\n|poke|p2|Sinistcha-Masterpiece|\n|poke|p2|Rillaboom, F|\n|poke|p2|Ogerpon-Hearthflame, F|\n|poke|p2|Decidueye-Hisui, F|\n|teampreview\n|inactive|Battle timer is ON: inactive players will automatically lose when time's up. (requested by Thehombre)\n|\n|t:|1699328680\n|start\n|switch|p1a: Maushold|Maushold-Four|100\/100\n|switch|p1b: Illumise|Illumise, F|100\/100\n|switch|p2a: Decidueye|Decidueye-Hisui, F|100\/100\n|switch|p2b: Kommo-o|Kommo-o, M, shiny|100\/100\n|turn|1\n|\n|t:|1699328695\n|move|p1b: Illumise|Thunder Wave|p2b: Kommo-o\n|-status|p2b: Kommo-o|par\n|move|p1a: Maushold|Thunder Wave|p2a: Decidueye\n|-status|p2a: Decidueye|par\n|cant|p2b: Kommo-o|par\n|cant|p2a: Decidueye|par\n|\n|upkeep\n|turn|2\n|\n|t:|1699328714\n|move|p1b: Illumise|Charm|p2b: Kommo-o\n|-unboost|p2b: Kommo-o|atk|2\n|move|p1a: Maushold|Tickle|p2a: Decidueye\n|-unboost|p2a: Decidueye|atk|1\n|-unboost|p2a: Decidueye|def|1\n|move|p2b: Kommo-o|Clangorous Soul|p2b: Kommo-o\n|-boost|p2b: Kommo-o|atk|1\n|-boost|p2b: Kommo-o|def|1\n|-boost|p2b: Kommo-o|spa|1\n|-boost|p2b: Kommo-o|spd|1\n|-boost|p2b: Kommo-o|spe|1\n|-damage|p2b: Kommo-o|68\/100 par\n|-enditem|p2b: Kommo-o|Throat Spray\n|-boost|p2b: Kommo-o|spa|1|[from] item: Throat Spray\n|move|p2a: Decidueye|Tailwind|p2a: Decidueye\n|-sidestart|p2: Ardabetts|move: Tailwind\n|\n|upkeep\n|turn|3\n|\n|t:|1699328737\n|switch|p1a: Corviknight|Corviknight, M|100\/100\n|move|p2b: Kommo-o|Protect|p2b: Kommo-o\n|-singleturn|p2b: Kommo-o|Protect\n|move|p1b: Illumise|Struggle Bug|p2a: Decidueye|[spread] p2a\n|-activate|p2b: Kommo-o|move: Protect\n|-damage|p2a: Decidueye|90\/100 par\n|-unboost|p2a: Decidueye|spa|1\n|move|p2a: Decidueye|Triple Arrows|p1a: Corviknight\n|-damage|p1a: Corviknight|60\/100\n|-damage|p2a: Decidueye|80\/100 par|[from] item: Life Orb\n|\n|-heal|p1a: Corviknight|66\/100|[from] item: Leftovers\n|upkeep\n|turn|4\n|\n|t:|1699328760\n|move|p2b: Kommo-o|Clanging Scales|p1b: Illumise|[spread] p1a,p1b\n|-resisted|p1a: Corviknight\n|-damage|p1a: Corviknight|22\/100\n|-damage|p1b: Illumise|10\/100\n|-unboost|p2b: Kommo-o|def|1\n|move|p1b: Illumise|Struggle Bug|p2a: Decidueye|[spread] p2a,p2b\n|-resisted|p2b: Kommo-o\n|-damage|p2a: Decidueye|71\/100 par\n|-damage|p2b: Kommo-o|64\/100 par\n|-unboost|p2a: Decidueye|spa|1\n|-unboost|p2b: Kommo-o|spa|1\n|move|p1a: Corviknight|Bulk Up|p1a: Corviknight\n|-boost|p1a: Corviknight|atk|1\n|-boost|p1a: Corviknight|def|1\n|move|p2a: Decidueye|Brave Bird|p1b: Illumise\n|-supereffective|p1b: Illumise\n|-damage|p1b: Illumise|0 fnt\n|faint|p1b: Illumise\n|-damage|p2a: Decidueye|68\/100 par|[from] Recoil\n|-damage|p2a: Decidueye|58\/100 par|[from] item: Life Orb\n|\n|-heal|p1a: Corviknight|28\/100|[from] item: Leftovers\n|upkeep\n|\n|t:|1699328768\n|switch|p1b: Enamorus|Enamorus, F|100\/100\n|turn|5\n|\n|t:|1699328796\n|-terastallize|p2b: Kommo-o|Steel\n|cant|p2b: Kommo-o|par\n|move|p1b: Enamorus|Superpower|p2a: Decidueye\n|-damage|p2a: Decidueye|9\/100 par\n|-boost|p1b: Enamorus|atk|1\n|-boost|p1b: Enamorus|def|1\n|move|p1a: Corviknight|Agility|p1a: Corviknight\n|-boost|p1a: Corviknight|spe|2\n|move|p2a: Decidueye|Leaf Blade|p1a: Corviknight\n|-resisted|p1a: Corviknight\n|-damage|p1a: Corviknight|22\/100\n|-damage|p2a: Decidueye|0 fnt|[from] item: Life Orb\n|faint|p2a: Decidueye\n|\n|-heal|p1a: Corviknight|28\/100|[from] item: Leftovers\n|-sideend|p2: Ardabetts|move: Tailwind\n|upkeep\n|inactive|Ardabetts has 120 seconds left.\n|\n|t:|1699328818\n|switch|p2a: Sinistcha|Sinistcha-Masterpiece, shiny|100\/100\n|-heal|p2b: Kommo-o|88\/100 par|[from] ability: Hospitality|[of] p2a: Sinistcha\n|turn|6\n|\n|t:|1699328833\n|move|p2a: Sinistcha|Rage Powder|p2a: Sinistcha\n|-singleturn|p2a: Sinistcha|move: Rage Powder\n|move|p1a: Corviknight|Drill Peck|p2a: Sinistcha\n|-supereffective|p2a: Sinistcha\n|-damage|p2a: Sinistcha|0 fnt\n|faint|p2a: Sinistcha\n|move|p1b: Enamorus|Superpower|p2b: Kommo-o\n|-supereffective|p2b: Kommo-o\n|-damage|p2b: Kommo-o|0 fnt\n|-boost|p1b: Enamorus|atk|1\n|-boost|p1b: Enamorus|def|1\n|faint|p2b: Kommo-o\n|\n|-heal|p1a: Corviknight|34\/100|[from] item: Leftovers\n|upkeep\n|inactive|Ardabetts has 120 seconds left.\n|\n|t:|1699328853\n|switch|p2b: Rillaboom|Rillaboom, F, shiny|100\/100\n|switch|p2a: Landorus|Landorus-Therian, M|100\/100\n|-ability|p2a: Landorus|Intimidate|boost\n|-ability|p1a: Corviknight|Mirror Armor\n|-unboost|p2a: Landorus|atk|1\n|-boost|p1b: Enamorus|atk|1\n|-fieldstart|move: Grassy Terrain|[from] ability: Grassy Surge|[of] p2b: Rillaboom\n|turn|7\n|\n|t:|1699328870\n|move|p2b: Rillaboom|Fake Out|p1b: Enamorus\n|-damage|p1b: Enamorus|86\/100\n|move|p1a: Corviknight|Drill Peck|p2b: Rillaboom\n|-supereffective|p2b: Rillaboom\n|-damage|p2b: Rillaboom|0 fnt\n|-damage|p1a: Corviknight|17\/100|[from] item: Rocky Helmet|[of] p2b: Rillaboom\n|faint|p2b: Rillaboom\n|move|p2a: Landorus|Rock Slide|p1a: Corviknight|[spread] p1a,p1b\n|-supereffective|p1b: Enamorus\n|-damage|p1a: Corviknight|7\/100\n|-damage|p1b: Enamorus|61\/100\n|cant|p1b: Enamorus|flinch\n|\n|-heal|p1a: Corviknight|14\/100|[from] item: Leftovers\n|-heal|p1b: Enamorus|67\/100|[from] item: Leftovers\n|upkeep\n|inactive|Ardabetts has 120 seconds left.\n|\n|t:|1699328887\n|switch|p2b: Ogerpon|Ogerpon-Hearthflame, F|100\/100\n|-ability|p2b: Ogerpon|Mold Breaker\n|turn|8\n|\n|t:|1699328895\n|move|p2b: Ogerpon|Spiky Shield|p2b: Ogerpon\n|-singleturn|p2b: Ogerpon|move: Protect\n|move|p1a: Corviknight|Drill Peck|p2b: Ogerpon\n|-activate|p2b: Ogerpon|move: Protect\n|-damage|p1a: Corviknight|1\/100|[from] Spiky Shield|[of] p2b: Ogerpon\n|move|p2a: Landorus|Rock Slide|p1a: Corviknight|[spread] p1b\n|-miss|p2a: Landorus|p1a: Corviknight\n|-supereffective|p1b: Enamorus\n|-damage|p1b: Enamorus|42\/100\n|move|p1b: Enamorus|Superpower|p2b: Ogerpon\n|-activate|p2b: Ogerpon|move: Protect\n|-damage|p1b: Enamorus|29\/100|[from] Spiky Shield|[of] p2b: Ogerpon\n|\n|-heal|p1a: Corviknight|7\/100|[from] item: Leftovers\n|-heal|p1b: Enamorus|35\/100|[from] item: Leftovers\n|upkeep\n|turn|9\n|\n|t:|1699328917\n|move|p1a: Corviknight|Drill Peck|p2b: Ogerpon\n|-supereffective|p2b: Ogerpon\n|-damage|p2b: Ogerpon|0 fnt\n|faint|p2b: Ogerpon\n|move|p2a: Landorus|Rock Slide|p1b: Enamorus|[spread] p1a,p1b\n|-supereffective|p1b: Enamorus\n|-damage|p1a: Corviknight|0 fnt\n|-damage|p1b: Enamorus|10\/100\n|faint|p1a: Corviknight\n|move|p1b: Enamorus|Superpower|p2a: Landorus\n|-resisted|p2a: Landorus\n|-damage|p2a: Landorus|58\/100\n|-boost|p1b: Enamorus|atk|1\n|-boost|p1b: Enamorus|def|1\n|\n|-heal|p1b: Enamorus|16\/100|[from] item: Leftovers\n|upkeep\n|\n|t:|1699328922\n|switch|p1a: Maushold|Maushold-Four|100\/100\n|turn|10\n|-message|Ardabetts forfeited.\n|\n|win|Thehombre\n|raw|Thehombre's rating: 1191 &rarr; <strong>1221<\/strong><br \/>(+30 for winning)\n|raw|Ardabetts's rating: 1256 &rarr; <strong>1226<\/strong><br \/>(-30 for losing)\n|l|\u2606Ardabetts\n","uploadtime":1699328929,"views":8,"p1id":"thehombre","p2id":"ardabetts","formatid":"gen9doublesou","rating":1221,"private":0,"password":""}