{"id":"gen9doublesou-1996596947","p1":"Amaruwoki777","p2":"selufer87","format":"[Gen 9] Doubles OU","log":"|j|\u2606Amaruwoki777\n|j|\u2606selufer87\n|t:|1700698686\n|gametype|doubles\n|player|p1|Amaruwoki777|n|1413\n|player|p2|selufer87|1|1590\n|teamsize|p1|6\n|teamsize|p2|6\n|gen|9\n|tier|[Gen 9] Doubles OU\n|rated|\n|rule|Species Clause: Limit one of each Pok\u00e9mon\n|rule|OHKO Clause: OHKO moves are banned\n|rule|Evasion Moves Clause: Evasion moves are banned\n|rule|Gravity Sleep Clause: The combination of sleep-inducing moves with imperfect accuracy and Gravity or Gigantamax Orbeetle are banned\n|rule|Endless Battle Clause: Forcing endless battles is banned\n|rule|HP Percentage Mod: HP is shown in percentages\n|clearpoke\n|poke|p1|Ogerpon-Hearthflame, F|\n|poke|p1|Glimmora, M|\n|poke|p1|Dragapult, F|\n|poke|p1|Ribombee, M|\n|poke|p1|Garchomp, F|\n|poke|p1|Greninja-*, M|\n|poke|p2|Tyranitar, F|\n|poke|p2|Kommo-o, M|\n|poke|p2|Arcanine-Hisui, F|\n|poke|p2|Cresselia, F|\n|poke|p2|Toxapex, M|\n|poke|p2|Kingambit, F|\n|teampreview\n|\n|t:|1700698705\n|start\n|switch|p1a: Jane|Ribombee, M|100\/100\n|switch|p1b: Gliscor 2.0|Glimmora, M, shiny|100\/100\n|switch|p2a: Arcanine|Arcanine-Hisui, F|100\/100\n|switch|p2b: Kingambit|Kingambit, F|100\/100\n|-ability|p2a: Arcanine|Intimidate|boost\n|-unboost|p1a: Jane|atk|1\n|-unboost|p1b: Gliscor 2.0|atk|1\n|turn|1\n|\n|t:|1700698726\n|switch|p2a: Cresselia|Cresselia, F|100\/100\n|move|p1a: Jane|Tailwind|p1a: Jane\n|-sidestart|p1: Amaruwoki777|move: Tailwind\n|move|p1b: Gliscor 2.0|Earth Power|p2a: Cresselia\n|-immune|p2a: Cresselia|[from] ability: Levitate\n|move|p2b: Kingambit|Poison Jab|p1a: Jane\n|-supereffective|p1a: Jane\n|-enditem|p1a: Jane|Focus Sash\n|-damage|p1a: Jane|1\/100\n|\n|upkeep\n|turn|2\n|\n|t:|1700698745\n|move|p2a: Cresselia|Ally Switch|p2a: Cresselia\n|swap|p2a: Cresselia|1|[from] move: Ally Switch\n|move|p1a: Jane|Sticky Web|p2b: Cresselia\n|-sidestart|p2: selufer87|move: Sticky Web\n|move|p1b: Gliscor 2.0|Stealth Rock|p2b: Cresselia\n|-sidestart|p2: selufer87|move: Stealth Rock\n|move|p2a: Kingambit|Swords Dance|p2a: Kingambit\n|-boost|p2a: Kingambit|atk|2\n|\n|upkeep\n|turn|3\n|\n|t:|1700698767\n|move|p1a: Jane|Stun Spore|p2a: Kingambit|[miss]\n|-miss|p1a: Jane|p2a: Kingambit\n|move|p1b: Gliscor 2.0|Earth Power|p2b: Cresselia\n|-immune|p2b: Cresselia|[from] ability: Levitate\n|move|p2b: Cresselia|Icy Wind|p1b: Gliscor 2.0|[spread] p1a,p1b\n|-damage|p1a: Jane|0 fnt\n|-damage|p1b: Gliscor 2.0|90\/100\n|-unboost|p1b: Gliscor 2.0|spe|1\n|faint|p1a: Jane\n|move|p2a: Kingambit|Iron Head|p1b: Gliscor 2.0\n|-supereffective|p1b: Gliscor 2.0\n|-damage|p1b: Gliscor 2.0|0 fnt\n|-activate|p1b: Gliscor 2.0|ability: Toxic Debris\n|-sidestart|p2: selufer87|move: Toxic Spikes\n|faint|p1b: Gliscor 2.0\n|\n|upkeep\n|\n|t:|1700698789\n|switch|p1a: Kermit|Greninja, M|100\/100\n|switch|p1b: Shrek|Ogerpon-Hearthflame, F|100\/100\n|-ability|p1b: Shrek|Mold Breaker\n|turn|4\n|\n|t:|1700698808\n|-terastallize|p2a: Kingambit|Ghost\n|move|p1b: Shrek|Ivy Cudgel|p2a: Kingambit|[anim] Ivy Cudgel Fire\n|-damage|p2a: Kingambit|62\/100\n|move|p1a: Kermit|Dark Pulse|p2b: Cresselia\n|-supereffective|p2b: Cresselia\n|-damage|p2b: Cresselia|64\/100\n|move|p2b: Cresselia|Icy Wind|p1a: Kermit|[spread] p1a,p1b\n|-resisted|p1a: Kermit\n|-damage|p1a: Kermit|95\/100\n|-damage|p1b: Shrek|92\/100\n|-unboost|p1a: Kermit|spe|1\n|-unboost|p1b: Shrek|spe|1\n|move|p2a: Kingambit|Poison Jab|p1a: Kermit\n|-damage|p1a: Kermit|7\/100\n|\n|-heal|p2b: Cresselia|70\/100|[from] item: Leftovers\n|-sideend|p1: Amaruwoki777|move: Tailwind\n|upkeep\n|turn|5\n|\n|t:|1700698834\n|move|p2a: Kingambit|Sucker Punch|p1a: Kermit\n|-resisted|p1a: Kermit\n|-damage|p1a: Kermit|0 fnt\n|faint|p1a: Kermit\n|move|p1b: Shrek|Horn Leech|p2b: Cresselia\n|-damage|p2b: Cresselia|39\/100\n|-heal|p1b: Shrek|100\/100|[from] drain|[of] p2b: Cresselia\n|move|p2b: Cresselia|Lunar Blessing|p2b: Cresselia|[spread] p2a,p2b\n|-heal|p2a: Kingambit|87\/100\n|-heal|p2b: Cresselia|64\/100\n|\n|-heal|p2b: Cresselia|70\/100|[from] item: Leftovers\n|upkeep\n|\n|t:|1700698846\n|switch|p1a: Drazooka|Dragapult, F, shiny|100\/100\n|turn|6\n|\n|t:|1700698856\n|move|p2b: Cresselia|Ally Switch|p2b: Cresselia\n|swap|p2b: Cresselia|0|[from] move: Ally Switch\n|move|p1a: Drazooka|Sucker Punch||[still]\n|-fail|p1a: Drazooka\n|move|p2b: Kingambit|Sucker Punch||[still]\n|-fail|p2b: Kingambit\n|move|p1b: Shrek|U-turn|p2b: Kingambit\n|-resisted|p2b: Kingambit\n|-damage|p2b: Kingambit|78\/100\n|\n|t:|1700698864\n|switch|p1b: Fly Me to OU|Garchomp, F|100\/100|[from] U-turn\n|\n|-heal|p2a: Cresselia|76\/100|[from] item: Leftovers\n|upkeep\n|turn|7\n|\n|t:|1700698880\n|move|p1a: Drazooka|Sucker Punch|p2b: Kingambit\n|-supereffective|p2b: Kingambit\n|-damage|p2b: Kingambit|29\/100\n|move|p1b: Fly Me to OU|Swords Dance|p1b: Fly Me to OU\n|-boost|p1b: Fly Me to OU|atk|2\n|move|p2a: Cresselia|Icy Wind|p1b: Fly Me to OU|[spread] p1a,p1b\n|-supereffective|p1a: Drazooka\n|-supereffective|p1b: Fly Me to OU\n|-damage|p1a: Drazooka|80\/100\n|-damage|p1b: Fly Me to OU|66\/100\n|-unboost|p1b: Fly Me to OU|spe|1\n|move|p2b: Kingambit|Iron Head|p1a: Drazooka\n|-damage|p1a: Drazooka|0 fnt\n|faint|p1a: Drazooka\n|\n|-heal|p2a: Cresselia|82\/100|[from] item: Leftovers\n|upkeep\n|\n|t:|1700698894\n|switch|p1a: Shrek|Ogerpon-Hearthflame, F|100\/100\n|-ability|p1a: Shrek|Mold Breaker\n|turn|8\n|\n|t:|1700698911\n|-terastallize|p1a: Shrek|Fire\n|detailschange|p1a: Shrek|Ogerpon-Hearthflame-Tera, F, tera:Fire\n|-ability|p1a: Shrek|Embody Aspect (Hearthflame)|boost\n|-boost|p1a: Shrek|atk|1\n|move|p2b: Kingambit|Sucker Punch|p1a: Shrek\n|-damage|p1a: Shrek|16\/100\n|move|p1a: Shrek|Ivy Cudgel|p2a: Cresselia|[anim] Ivy Cudgel Fire\n|-damage|p2a: Cresselia|0 fnt\n|faint|p2a: Cresselia\n|move|p1b: Fly Me to OU|Rock Slide|p2b: Kingambit\n|-damage|p2b: Kingambit|0 fnt\n|faint|p2b: Kingambit\n|-end|p2b: Kingambit|fallenundefined|[silent]\n|\n|upkeep\n|\n|t:|1700698933\n|switch|p2a: Toxapex|Toxapex, M|100\/100\n|switch|p2b: Arcanine|Arcanine-Hisui, F|100\/100\n|-activate|p2b: Arcanine|move: Sticky Web\n|-unboost|p2b: Arcanine|spe|1\n|-damage|p2b: Arcanine|76\/100|[from] Stealth Rock\n|-status|p2b: Arcanine|psn\n|-ability|p2b: Arcanine|Intimidate|boost\n|-unboost|p1a: Shrek|atk|1\n|-unboost|p1b: Fly Me to OU|atk|1\n|-activate|p2a: Toxapex|move: Sticky Web\n|-unboost|p2a: Toxapex|spe|1\n|-damage|p2a: Toxapex|88\/100|[from] Stealth Rock\n|-sideend|p2: selufer87|move: Toxic Spikes|[of] p2a: Toxapex\n|turn|9\n|\n|t:|1700698954\n|move|p2a: Toxapex|Wide Guard|p2a: Toxapex\n|-singleturn|p2a: Toxapex|Wide Guard\n|move|p1a: Shrek|Horn Leech|p2a: Toxapex\n|-damage|p2a: Toxapex|58\/100\n|-heal|p1a: Shrek|32\/100|[from] drain|[of] p2a: Toxapex\n|move|p1b: Fly Me to OU|Rock Slide|p2b: Arcanine|[spread] \n|-activate|p2a: Toxapex|move: Wide Guard\n|-activate|p2b: Arcanine|move: Wide Guard\n|move|p2b: Arcanine|Will-O-Wisp|p1b: Fly Me to OU\n|-status|p1b: Fly Me to OU|brn\n|\n|-heal|p2a: Toxapex|64\/100|[from] item: Black Sludge\n|-damage|p2b: Arcanine|63\/100 psn|[from] psn\n|-damage|p1b: Fly Me to OU|60\/100 brn|[from] brn\n|upkeep\n|turn|10\n|\n|t:|1700698976\n|move|p1a: Shrek|Spiky Shield|p1a: Shrek\n|-singleturn|p1a: Shrek|move: Protect\n|move|p2a: Toxapex|Wide Guard|p2a: Toxapex\n|-singleturn|p2a: Toxapex|Wide Guard\n|move|p1b: Fly Me to OU|Earthquake|p2a: Toxapex|[spread] \n|-activate|p2a: Toxapex|move: Wide Guard\n|-activate|p2b: Arcanine|move: Wide Guard\n|-activate|p1a: Shrek|move: Protect\n|move|p2b: Arcanine|Rock Slide|p1b: Fly Me to OU|[spread] p1b\n|-activate|p1a: Shrek|move: Protect\n|-resisted|p1b: Fly Me to OU\n|-damage|p1b: Fly Me to OU|46\/100 brn\n|\n|-heal|p2a: Toxapex|71\/100|[from] item: Black Sludge\n|-damage|p2b: Arcanine|51\/100 psn|[from] psn\n|-damage|p1b: Fly Me to OU|39\/100 brn|[from] brn\n|upkeep\n|turn|11\n|\n|t:|1700699000\n|move|p2a: Toxapex|Wide Guard|p2a: Toxapex\n|-singleturn|p2a: Toxapex|Wide Guard\n|move|p1a: Shrek|Horn Leech|p2a: Toxapex\n|-damage|p2a: Toxapex|39\/100\n|-heal|p1a: Shrek|48\/100|[from] drain|[of] p2a: Toxapex\n|move|p1b: Fly Me to OU|Rock Slide|p2a: Toxapex|[spread] \n|-activate|p2a: Toxapex|move: Wide Guard\n|-activate|p2b: Arcanine|move: Wide Guard\n|move|p2b: Arcanine|Rock Slide|p1b: Fly Me to OU|[spread] p1a,p1b\n|-supereffective|p1a: Shrek\n|-resisted|p1b: Fly Me to OU\n|-damage|p1a: Shrek|0 fnt\n|-damage|p1b: Fly Me to OU|26\/100 brn\n|faint|p1a: Shrek\n|\n|-heal|p2a: Toxapex|45\/100|[from] item: Black Sludge\n|-damage|p2b: Arcanine|38\/100 psn|[from] psn\n|-damage|p1b: Fly Me to OU|20\/100 brn|[from] brn\n|upkeep\n|turn|12\n|c|\u2606Amaruwoki777|THREE TIMES IN A ROW\n|\n|t:|1700699030\n|move|p2a: Toxapex|Wide Guard|p2a: Toxapex\n|-singleturn|p2a: Toxapex|Wide Guard\n|move|p2b: Arcanine|Extreme Speed|p1b: Fly Me to OU\n|-damage|p1b: Fly Me to OU|0 fnt\n|-damage|p2b: Arcanine|26\/100 psn|[from] ability: Rough Skin|[of] p1b: Fly Me to OU\n|-damage|p2b: Arcanine|9\/100 psn|[from] item: Rocky Helmet|[of] p1b: Fly Me to OU\n|-enditem|p2b: Arcanine|Aguav Berry|[eat]\n|-heal|p2b: Arcanine|43\/100 psn|[from] item: Aguav Berry\n|faint|p1b: Fly Me to OU\n|\n|win|selufer87\n|raw|Amaruwoki777's rating: 1413 &rarr; <strong>1402<\/strong><br \/>(-11 for losing)\n|raw|selufer87's rating: 1590 &rarr; <strong>1601<\/strong><br \/>(+11 for winning)\n","uploadtime":1700699050,"views":10,"p1id":"amaruwoki777","p2id":"selufer87","formatid":"gen9doublesou","rating":1402,"private":0,"password":""}