{"id":"gen9doublesou-1970378865","p1":"samsitoconpan","p2":"CEnderDragon","format":"[Gen 9] Doubles OU","log":"|j|\u2606samsitoconpan\n|j|\u2606CEnderDragon\n|t:|1697633743\n|gametype|doubles\n|player|p1|samsitoconpan|marshal|1295\n|player|p2|CEnderDragon|clair|1219\n|teamsize|p1|6\n|teamsize|p2|6\n|gen|9\n|tier|[Gen 9] Doubles OU\n|rated|\n|rule|Species Clause: Limit one of each Pok\u00e9mon\n|rule|OHKO Clause: OHKO moves are banned\n|rule|Evasion Moves Clause: Evasion moves are banned\n|rule|Gravity Sleep Clause: The combination of sleep-inducing moves with imperfect accuracy and Gravity or Gigantamax Orbeetle are banned\n|rule|Endless Battle Clause: Forcing endless battles is banned\n|rule|HP Percentage Mod: HP is shown in percentages\n|clearpoke\n|poke|p1|Munkidori, M|\n|poke|p1|Clefairy, M|\n|poke|p1|Heatran, M|\n|poke|p1|Conkeldurr, M|\n|poke|p1|Ogerpon-Wellspring, F|\n|poke|p1|Regieleki|\n|poke|p2|Roaring Moon|\n|poke|p2|Armarouge, M|\n|poke|p2|Grimmsnarl, M|\n|poke|p2|Dachsbun, M|\n|poke|p2|Indeedee, M|\n|poke|p2|Ogerpon-Wellspring, F|\n|teampreview\n|\n|t:|1697633764\n|start\n|switch|p1a: Regieleki|Regieleki, shiny|100\/100\n|switch|p1b: Munkidori|Munkidori, M|100\/100\n|switch|p2a: Roaring Moon|Roaring Moon|100\/100\n|switch|p2b: Grimmsnarl|Grimmsnarl, M|100\/100\n|-enditem|p2a: Roaring Moon|Booster Energy\n|-activate|p2a: Roaring Moon|ability: Protosynthesis|[fromitem]\n|-start|p2a: Roaring Moon|protosynthesisatk\n|turn|1\n|inactive|Battle timer is ON: inactive players will automatically lose when time's up. (requested by CEnderDragon)\n|\n|t:|1697633780\n|move|p2b: Grimmsnarl|Fake Out|p1a: Regieleki\n|-damage|p1a: Regieleki|68\/100\n|cant|p1a: Regieleki|flinch\n|move|p1b: Munkidori|Sludge Bomb|p2a: Roaring Moon\n|-damage|p2a: Roaring Moon|52\/100\n|move|p2a: Roaring Moon|Earthquake|p1b: Munkidori|[spread] p2b,p1a,p1b\n|-crit|p2b: Grimmsnarl\n|-supereffective|p1a: Regieleki\n|-supereffective|p1b: Munkidori\n|-damage|p2b: Grimmsnarl|29\/100\n|-damage|p1a: Regieleki|0 fnt\n|-damage|p1b: Munkidori|0 fnt\n|faint|p1a: Regieleki\n|faint|p1b: Munkidori\n|\n|upkeep\n|c|\u2606CEnderDragon|perfect\n|\n|t:|1697633789\n|switch|p1a: Conkeldurr|Conkeldurr, M|100\/100\n|switch|p1b: Clefairy|Clefairy, M|100\/100\n|turn|2\n|\n|t:|1697633798\n|move|p1b: Clefairy|Follow Me|p1b: Clefairy\n|-singleturn|p1b: Clefairy|move: Follow Me\n|move|p2b: Grimmsnarl|Reflect|p2b: Grimmsnarl\n|-sidestart|p2: CEnderDragon|Reflect\n|move|p2a: Roaring Moon|Earthquake|p1a: Conkeldurr|[spread] p2b,p1a,p1b\n|-crit|p1a: Conkeldurr\n|-damage|p2b: Grimmsnarl|0 fnt\n|-damage|p1a: Conkeldurr|67\/100\n|-damage|p1b: Clefairy|61\/100\n|faint|p2b: Grimmsnarl\n|move|p1a: Conkeldurr|Drain Punch|p2a: Roaring Moon\n|-supereffective|p2a: Roaring Moon\n|-damage|p2a: Roaring Moon|0 fnt\n|-heal|p1a: Conkeldurr|92\/100|[from] drain|[of] p2a: Roaring Moon\n|faint|p2a: Roaring Moon\n|-end|p2a: Roaring Moon|Protosynthesis|[silent]\n|-damage|p1a: Conkeldurr|82\/100|[from] item: Life Orb\n|\n|upkeep\n|c|\u2606samsitoconpan|perfect\n|\n|t:|1697633812\n|switch|p2a: Armarouge|Armarouge, M|100\/100\n|switch|p2b: Indeedee|Indeedee, M|100\/100\n|-fieldstart|move: Psychic Terrain|[from] ability: Psychic Surge|[of] p2b: Indeedee\n|-enditem|p2b: Indeedee|Psychic Seed\n|-boost|p2b: Indeedee|spd|1|[from] item: Psychic Seed\n|turn|3\n|\n|t:|1697633823\n|move|p2b: Indeedee|Helping Hand|p2a: Armarouge\n|-singleturn|p2a: Armarouge|Helping Hand|[of] p2b: Indeedee\n|move|p1b: Clefairy|Follow Me|p1b: Clefairy\n|-singleturn|p1b: Clefairy|move: Follow Me\n|move|p2a: Armarouge|Expanding Force|p1a: Conkeldurr|[spread] p1a,p1b\n|-supereffective|p1a: Conkeldurr\n|-damage|p1a: Conkeldurr|0 fnt\n|-damage|p1b: Clefairy|0 fnt\n|faint|p1a: Conkeldurr\n|faint|p1b: Clefairy\n|\n|upkeep\n|c|\u2606CEnderDragon|perfect\n|\n|t:|1697633830\n|switch|p1a: Ogerpon|Ogerpon-Wellspring, F|100\/100\n|switch|p1b: Heatran|Heatran, M|100\/100\n|-item|p1b: Heatran|Air Balloon\n|turn|4\n|n|!samsitoconpan|samsitoconpan\n|\n|t:|1697633846\n|-terastallize|p1a: Ogerpon|Water\n|detailschange|p1a: Ogerpon|Ogerpon-Wellspring-Tera, F, tera:Water\n|-ability|p1a: Ogerpon|Embody Aspect (Wellspring)|boost\n|-boost|p1a: Ogerpon|spd|1\n|-terastallize|p2a: Armarouge|Fighting\n|move|p1a: Ogerpon|Ivy Cudgel|p2a: Armarouge\n|-crit|p2a: Armarouge\n|-damage|p2a: Armarouge|0 fnt\n|faint|p2a: Armarouge\n|move|p2b: Indeedee|Dazzling Gleam|p1b: Heatran|[spread] p1a,p1b\n|-resisted|p1b: Heatran\n|-damage|p1a: Ogerpon|90\/100\n|-damage|p1b: Heatran|98\/100\n|-enditem|p1b: Heatran|Air Balloon\n|move|p1b: Heatran|Earth Power|p2b: Indeedee\n|-damage|p2b: Indeedee|84\/100\n|\n|upkeep\n|c|\u2606CEnderDragon|nice crit. dang that sucks for me\n|\n|t:|1697633862\n|switch|p2a: Dachsbun|Dachsbun, M|100\/100\n|turn|5\n|\n|t:|1697633873\n|move|p2b: Indeedee|Helping Hand|p2a: Dachsbun\n|-singleturn|p2a: Dachsbun|Helping Hand|[of] p2b: Indeedee\n|move|p1a: Ogerpon|Ivy Cudgel|p2a: Dachsbun\n|-damage|p2a: Dachsbun|43\/100\n|move|p2a: Dachsbun|Trailblaze|p1a: Ogerpon\n|-supereffective|p1a: Ogerpon\n|-damage|p1a: Ogerpon|36\/100\n|-boost|p2a: Dachsbun|spe|1\n|move|p1b: Heatran|Flash Cannon|p2a: Dachsbun\n|-supereffective|p2a: Dachsbun\n|-damage|p2a: Dachsbun|0 fnt\n|faint|p2a: Dachsbun\n|\n|upkeep\n|\n|t:|1697633885\n|switch|p2a: Ogerpon|Ogerpon-Wellspring, F|100\/100\n|turn|6\n|\n|t:|1697633908\n|move|p2a: Ogerpon|Spiky Shield|p2a: Ogerpon\n|-singleturn|p2a: Ogerpon|move: Protect\n|move|p1a: Ogerpon|Ivy Cudgel|p2b: Indeedee\n|-damage|p2b: Indeedee|0 fnt\n|faint|p2b: Indeedee\n|move|p1b: Heatran|Lava Plume|p2a: Ogerpon|[spread] p1a\n|-activate|p2a: Ogerpon|move: Protect\n|-resisted|p1a: Ogerpon\n|-damage|p1a: Ogerpon|24\/100\n|\n|upkeep\n|turn|7\n|c|\u2606CEnderDragon|nice read\n|c|\u2606CEnderDragon|damnit\n|\n|t:|1697633929\n|move|p2a: Ogerpon|Ivy Cudgel|p1b: Heatran\n|-supereffective|p1b: Heatran\n|-damage|p1b: Heatran|0 fnt\n|faint|p1b: Heatran\n|move|p1a: Ogerpon|Stomping Tantrum|p2a: Ogerpon\n|-resisted|p2a: Ogerpon\n|-damage|p2a: Ogerpon|87\/100\n|\n|-fieldend|move: Psychic Terrain\n|upkeep\n|turn|8\n|\n|t:|1697633936\n|move|p2a: Ogerpon|Wood Hammer|p1a: Ogerpon\n|-supereffective|p1a: Ogerpon\n|-damage|p1a: Ogerpon|0 fnt\n|faint|p1a: Ogerpon\n|-damage|p2a: Ogerpon|79\/100|[from] Recoil\n|\n|win|CEnderDragon\n|raw|samsitoconpan's rating: 1295 &rarr; <strong>1265<\/strong><br \/>(-30 for losing)\n|raw|CEnderDragon's rating: 1219 &rarr; <strong>1249<\/strong><br \/>(+30 for winning)\n","uploadtime":1697633844,"views":10,"p1id":"samsitoconpan","p2id":"cenderdragon","formatid":"gen9doublesou","rating":1249,"private":0,"password":""}