{"id":"gen9doublesou-1987713412","p1":"trace","p2":"SusejVGC","format":"[Gen 9] Doubles OU","log":"|j|\u2606trace\n|j|\u2606SusejVGC\n|t:|1699630135\n|gametype|doubles\n|player|p1|trace|#trace3|\n|player|p2|SusejVGC|policeman|\n|teamsize|p1|6\n|teamsize|p2|6\n|gen|9\n|tier|[Gen 9] Doubles OU\n|rule|Species Clause: Limit one of each Pok\u00e9mon\n|rule|OHKO Clause: OHKO moves are banned\n|rule|Evasion Moves Clause: Evasion moves are banned\n|rule|Gravity Sleep Clause: The combination of sleep-inducing moves with imperfect accuracy and Gravity or Gigantamax Orbeetle are banned\n|rule|Endless Battle Clause: Forcing endless battles is banned\n|rule|HP Percentage Mod: HP is shown in percentages\n|clearpoke\n|poke|p1|Ninetales-Alola, F|\n|poke|p1|Ogerpon-Wellspring, F|\n|poke|p1|Rillaboom, M|\n|poke|p1|Chi-Yu|\n|poke|p1|Baxcalibur, M|\n|poke|p1|Kommo-o, F|\n|poke|p2|Volcanion|\n|poke|p2|Landorus-Therian, M|\n|poke|p2|Flutter Mane|\n|poke|p2|Rillaboom, M|\n|poke|p2|Zapdos|\n|poke|p2|Kingambit, M|\n|teampreview\n|j|+Gentle Dragonite\n|l|+Gentle Dragonite\n|j| Raf\n|c|\u2606trace|hf\n|c|\u2606SusejVGC|hf\n|c| Raf|go trace\n|j| Shiritu\n|\n|t:|1699630215\n|start\n|switch|p1a: Ninetales|Ninetales-Alola, F|100\/100\n|switch|p1b: Rillaboom|Rillaboom, M|100\/100\n|switch|p2a: Flutter Mane|Flutter Mane|100\/100\n|switch|p2b: Landorus|Landorus-Therian, M|100\/100\n|-ability|p2b: Landorus|Intimidate|boost\n|-unboost|p1a: Ninetales|atk|1\n|-unboost|p1b: Rillaboom|atk|1\n|-weather|Snow|[from] ability: Snow Warning|[of] p1a: Ninetales\n|-fieldstart|move: Grassy Terrain|[from] ability: Grassy Surge|[of] p1b: Rillaboom\n|turn|1\n|j| Avendesora Leaf\n|j| Lady Reze\n|j| NotNerdySnakeFan\n|j| vuln bomb\n|j| Electrovalvula\n|\n|t:|1699630258\n|-terastallize|p2a: Flutter Mane|Fairy\n|move|p1b: Rillaboom|Fake Out|p2b: Landorus\n|-damage|p2b: Landorus|90\/100\n|cant|p2b: Landorus|flinch\n|move|p2a: Flutter Mane|Moonblast|p1b: Rillaboom\n|-damage|p1b: Rillaboom|36\/100\n|move|p1a: Ninetales|Icy Wind|p2b: Landorus|[spread] p2a,p2b\n|-supereffective|p2b: Landorus\n|-damage|p2a: Flutter Mane|90\/100\n|-damage|p2b: Landorus|40\/100\n|-unboost|p2a: Flutter Mane|spe|1\n|-unboost|p2b: Landorus|spe|1\n|\n|-weather|Snow|[upkeep]\n|-heal|p2a: Flutter Mane|96\/100|[from] Grassy Terrain\n|-heal|p1b: Rillaboom|42\/100|[from] Grassy Terrain\n|upkeep\n|turn|2\n|\n|t:|1699630292\n|switch|p2b: Volcanion|Volcanion|100\/100\n|-end|p2a: Flutter Mane|Protosynthesis|[silent]\n|switch|p2a: Kingambit|Kingambit, M|100\/100\n|move|p1a: Ninetales|Aurora Veil|p1a: Ninetales\n|-sidestart|p1: trace|move: Aurora Veil\n|move|p1b: Rillaboom|Wood Hammer|p2a: Kingambit\n|-resisted|p2a: Kingambit\n|-damage|p2a: Kingambit|82\/100\n|-damage|p1b: Rillaboom|36\/100|[from] Recoil\n|\n|-weather|Snow|[upkeep]\n|-heal|p1b: Rillaboom|42\/100|[from] Grassy Terrain\n|-heal|p2a: Kingambit|88\/100|[from] Grassy Terrain\n|upkeep\n|turn|3\n|\n|t:|1699630336\n|switch|p1b: Kommo-o|Kommo-o, F|100\/100\n|move|p1a: Ninetales|Protect|p1a: Ninetales\n|-singleturn|p1a: Ninetales|Protect\n|move|p2b: Volcanion|Steam Eruption|p1b: Kommo-o\n|-resisted|p1b: Kommo-o\n|-damage|p1b: Kommo-o|83\/100\n|move|p2a: Kingambit|Swords Dance|p2a: Kingambit\n|-boost|p2a: Kingambit|atk|2\n|\n|-weather|Snow|[upkeep]\n|-heal|p1b: Kommo-o|89\/100|[from] Grassy Terrain\n|-heal|p2a: Kingambit|94\/100|[from] Grassy Terrain\n|upkeep\n|turn|4\n|j| Teres bahji\n|\n|t:|1699630363\n|switch|p1a: Ogerpon|Ogerpon-Wellspring, F|100\/100\n|move|p1b: Kommo-o|Drain Punch|p2a: Kingambit\n|-supereffective|p2a: Kingambit\n|-damage|p2a: Kingambit|0 fnt\n|-heal|p1b: Kommo-o|100\/100|[from] drain|[of] p2a: Kingambit\n|faint|p2a: Kingambit\n|move|p2b: Volcanion|Steam Eruption|p1b: Kommo-o\n|-resisted|p1b: Kommo-o\n|-damage|p1b: Kommo-o|82\/100\n|-status|p1b: Kommo-o|brn\n|\n|-weather|Snow|[upkeep]\n|-heal|p1b: Kommo-o|88\/100 brn|[from] Grassy Terrain\n|-damage|p1b: Kommo-o|82\/100 brn|[from] brn\n|upkeep\n|\n|t:|1699630382\n|switch|p2a: Landorus|Landorus-Therian, M|40\/100\n|-ability|p2a: Landorus|Intimidate|boost\n|-unboost|p1a: Ogerpon|atk|1\n|-fail|p1b: Kommo-o|unboost|[from] item: Clear Amulet|[of] p1b: Kommo-o\n|turn|5\n|\n|t:|1699630413\n|switch|p2b: Zapdos|Zapdos, shiny|100\/100\n|move|p2a: Landorus|U-turn|p1b: Kommo-o\n|-resisted|p1b: Kommo-o\n|-damage|p1b: Kommo-o|75\/100 brn\n|\n|t:|1699630418\n|switch|p2a: Volcanion|Volcanion|100\/100|[from] U-turn\n|move|p1a: Ogerpon|Ivy Cudgel|p2a: Volcanion\n|-immune|p2a: Volcanion|[from] ability: Water Absorb\n|move|p1b: Kommo-o|Clangorous Soul|p1b: Kommo-o\n|-boost|p1b: Kommo-o|atk|1\n|-boost|p1b: Kommo-o|def|1\n|-boost|p1b: Kommo-o|spa|1\n|-boost|p1b: Kommo-o|spd|1\n|-boost|p1b: Kommo-o|spe|1\n|-damage|p1b: Kommo-o|42\/100 brn\n|\n|-weather|none\n|-heal|p1b: Kommo-o|48\/100 brn|[from] Grassy Terrain\n|-damage|p1b: Kommo-o|42\/100 brn|[from] brn\n|-fieldend|move: Grassy Terrain\n|upkeep\n|turn|6\n|\n|t:|1699630449\n|switch|p1a: Ninetales|Ninetales-Alola, F|100\/100\n|-weather|Snow|[from] ability: Snow Warning|[of] p1a: Ninetales\n|move|p1b: Kommo-o|Drain Punch|p2a: Volcanion\n|-damage|p2a: Volcanion|81\/100\n|-heal|p1b: Kommo-o|52\/100 brn|[from] drain|[of] p2a: Volcanion\n|move|p2b: Zapdos|Tailwind|p2b: Zapdos\n|-sidestart|p2: SusejVGC|move: Tailwind\n|move|p2a: Volcanion|Heat Wave|p1a: Ninetales|[spread] p1a,p1b\n|-supereffective|p1a: Ninetales\n|-resisted|p1b: Kommo-o\n|-damage|p1a: Ninetales|47\/100\n|-damage|p1b: Kommo-o|44\/100 brn\n|\n|-weather|Snow|[upkeep]\n|-heal|p2a: Volcanion|87\/100|[from] item: Leftovers\n|-damage|p1b: Kommo-o|38\/100 brn|[from] brn\n|upkeep\n|turn|7\n|\n|t:|1699630477\n|move|p1a: Ninetales|Protect|p1a: Ninetales\n|-singleturn|p1a: Ninetales|Protect\n|move|p2b: Zapdos|Hurricane|p1b: Kommo-o\n|-supereffective|p1b: Kommo-o\n|-crit|p1b: Kommo-o\n|-damage|p1b: Kommo-o|0 fnt\n|faint|p1b: Kommo-o\n|move|p2a: Volcanion|Heat Wave|p1a: Ninetales\n|-activate|p1a: Ninetales|move: Protect\n|\n|-weather|Snow|[upkeep]\n|-heal|p2a: Volcanion|93\/100|[from] item: Leftovers\n|upkeep\n|\n|t:|1699630503\n|switch|p1b: Ogerpon|Ogerpon-Wellspring, F|100\/100\n|turn|8\n|\n|t:|1699630510\n|switch|p1a: Rillaboom|Rillaboom, M|42\/100\n|-fieldstart|move: Grassy Terrain|[from] ability: Grassy Surge|[of] p1a: Rillaboom\n|-terastallize|p1b: Ogerpon|Water\n|detailschange|p1b: Ogerpon|Ogerpon-Wellspring-Tera, F, tera:Water\n|-ability|p1b: Ogerpon|Embody Aspect (Wellspring)|boost\n|-boost|p1b: Ogerpon|spd|1\n|move|p2b: Zapdos|Hurricane|p1b: Ogerpon\n|-damage|p1b: Ogerpon|76\/100\n|move|p2a: Volcanion|Heat Wave|p1b: Ogerpon|[spread] p1a\n|-miss|p2a: Volcanion|p1b: Ogerpon\n|-supereffective|p1a: Rillaboom\n|-damage|p1a: Rillaboom|4\/100\n|move|p1b: Ogerpon|Ivy Cudgel|p2b: Zapdos\n|-damage|p2b: Zapdos|37\/100\n|-enditem|p2b: Zapdos|Sitrus Berry|[eat]\n|-heal|p2b: Zapdos|62\/100|[from] item: Sitrus Berry\n|\n|-weather|Snow|[upkeep]\n|-heal|p2a: Volcanion|99\/100|[from] Grassy Terrain\n|-heal|p2a: Volcanion|100\/100|[from] item: Leftovers\n|-heal|p1b: Ogerpon|82\/100|[from] Grassy Terrain\n|-heal|p1a: Rillaboom|11\/100|[from] Grassy Terrain\n|upkeep\n|turn|9\n|j| Exotic64\n|\n|t:|1699630583\n|switch|p2b: Rillaboom|Rillaboom, M|100\/100\n|move|p1a: Rillaboom|Fake Out|p2a: Volcanion\n|-damage|p2a: Volcanion|89\/100\n|cant|p2a: Volcanion|flinch\n|move|p1b: Ogerpon|Ivy Cudgel|p2b: Rillaboom\n|-resisted|p2b: Rillaboom\n|-damage|p2b: Rillaboom|65\/100\n|\n|-weather|Snow|[upkeep]\n|-heal|p2b: Rillaboom|71\/100|[from] Grassy Terrain\n|-heal|p2a: Volcanion|95\/100|[from] Grassy Terrain\n|-heal|p2a: Volcanion|100\/100|[from] item: Leftovers\n|-heal|p1b: Ogerpon|88\/100|[from] Grassy Terrain\n|-heal|p1a: Rillaboom|17\/100|[from] Grassy Terrain\n|-sideend|p2: SusejVGC|move: Tailwind\n|-sideend|p1: trace|move: Aurora Veil\n|upkeep\n|turn|10\n|\n|t:|1699630610\n|switch|p1a: Baxcalibur|Baxcalibur, M|100\/100\n|switch|p2a: Zapdos|Zapdos, shiny|62\/100\n|move|p1b: Ogerpon|Spiky Shield|p1b: Ogerpon\n|-singleturn|p1b: Ogerpon|move: Protect\n|move|p2b: Rillaboom|U-turn|p1a: Baxcalibur\n|-crit|p1a: Baxcalibur\n|-damage|p1a: Baxcalibur|76\/100\n|\n|t:|1699630624\n|switch|p2b: Flutter Mane|Flutter Mane, tera:Fairy|96\/100|[from] U-turn\n|\n|-weather|none\n|-heal|p2b: Flutter Mane|100\/100|[from] Grassy Terrain\n|-heal|p1b: Ogerpon|94\/100|[from] Grassy Terrain\n|-heal|p1a: Baxcalibur|82\/100|[from] Grassy Terrain\n|upkeep\n|turn|11\n|j| Alcoholic ting lu\n|\n|t:|1699630726\n|-end|p2b: Flutter Mane|Protosynthesis|[silent]\n|switch|p2b: Landorus|Landorus-Therian, M|40\/100\n|-ability|p2b: Landorus|Intimidate|boost\n|-unboost|p1a: Baxcalibur|atk|1\n|-unboost|p1b: Ogerpon|atk|1\n|move|p1a: Baxcalibur|Protect|p1a: Baxcalibur\n|-singleturn|p1a: Baxcalibur|Protect\n|move|p1b: Ogerpon|Ivy Cudgel|p2a: Zapdos\n|-damage|p2a: Zapdos|18\/100\n|move|p2a: Zapdos|Tailwind|p2a: Zapdos\n|-sidestart|p2: SusejVGC|move: Tailwind\n|\n|-heal|p1b: Ogerpon|99\/100|[from] Grassy Terrain\n|-heal|p1a: Baxcalibur|88\/100|[from] Grassy Terrain\n|upkeep\n|turn|12\n|j| Lucks a bitch\n|l| Alcoholic ting lu\n|\n|t:|1699630753\n|switch|p2b: Volcanion|Volcanion|100\/100\n|move|p1b: Ogerpon|Spiky Shield|p1b: Ogerpon\n|-singleturn|p1b: Ogerpon|move: Protect\n|move|p2a: Zapdos|Thunderbolt|p1b: Ogerpon\n|-activate|p1b: Ogerpon|move: Protect\n|move|p1a: Baxcalibur|Icicle Spear|p2a: Zapdos\n|-supereffective|p2a: Zapdos\n|-crit|p2a: Zapdos\n|-damage|p2a: Zapdos|0 fnt\n|faint|p2a: Zapdos\n|-hitcount|p2: Zapdos|1\n|\n|-heal|p1b: Ogerpon|100\/100|[from] Grassy Terrain\n|-heal|p1a: Baxcalibur|94\/100|[from] Grassy Terrain\n|-fieldend|move: Grassy Terrain\n|upkeep\n|\n|t:|1699630772\n|switch|p2a: Flutter Mane|Flutter Mane, tera:Fairy|100\/100\n|turn|13\n|\n|t:|1699630787\n|switch|p2b: Rillaboom|Rillaboom, M|71\/100\n|-fieldstart|move: Grassy Terrain|[from] ability: Grassy Surge|[of] p2b: Rillaboom\n|switch|p1b: Ninetales|Ninetales-Alola, F|47\/100\n|-weather|Snow|[from] ability: Snow Warning|[of] p1b: Ninetales\n|move|p1a: Baxcalibur|Protect|p1a: Baxcalibur\n|-singleturn|p1a: Baxcalibur|Protect\n|move|p2a: Flutter Mane|Moonblast|p1a: Baxcalibur\n|-activate|p1a: Baxcalibur|move: Protect\n|\n|-weather|Snow|[upkeep]\n|-heal|p2b: Rillaboom|78\/100|[from] Grassy Terrain\n|-heal|p1b: Ninetales|53\/100|[from] Grassy Terrain\n|-heal|p1a: Baxcalibur|100\/100|[from] Grassy Terrain\n|upkeep\n|turn|14\n|\n|t:|1699630818\n|switch|p1a: Rillaboom|Rillaboom, M|17\/100\n|move|p1b: Ninetales|Protect|p1b: Ninetales\n|-singleturn|p1b: Ninetales|Protect\n|move|p2a: Flutter Mane|Moonblast|p1a: Rillaboom\n|-damage|p1a: Rillaboom|0 fnt\n|faint|p1a: Rillaboom\n|move|p2b: Rillaboom|Wood Hammer|p1b: Ninetales\n|-activate|p1b: Ninetales|move: Protect\n|\n|-weather|Snow|[upkeep]\n|-heal|p2b: Rillaboom|84\/100|[from] Grassy Terrain\n|-heal|p1b: Ninetales|59\/100|[from] Grassy Terrain\n|-sideend|p2: SusejVGC|move: Tailwind\n|upkeep\n|\n|t:|1699630821\n|switch|p1a: Chi-Yu|Chi-Yu|100\/100\n|-ability|p1a: Chi-Yu|Beads of Ruin\n|turn|15\n|\n|t:|1699630880\n|move|p1a: Chi-Yu|Heat Wave|p2a: Flutter Mane|[spread] p2a,p2b\n|-supereffective|p2b: Rillaboom\n|-damage|p2a: Flutter Mane|48\/100\n|-damage|p2b: Rillaboom|11\/100\n|move|p2a: Flutter Mane|Moonblast|p1a: Chi-Yu\n|-damage|p1a: Chi-Yu|0 fnt\n|faint|p1a: Chi-Yu\n|move|p1b: Ninetales|Aurora Veil|p1b: Ninetales\n|-sidestart|p1: trace|move: Aurora Veil\n|move|p2b: Rillaboom|U-turn|p1b: Ninetales\n|-resisted|p1b: Ninetales\n|-damage|p1b: Ninetales|53\/100\n|\n|t:|1699630929\n|switch|p2b: Volcanion|Volcanion|100\/100|[from] U-turn\n|\n|-weather|Snow|[upkeep]\n|-heal|p2a: Flutter Mane|54\/100|[from] Grassy Terrain\n|-heal|p1b: Ninetales|59\/100|[from] Grassy Terrain\n|upkeep\n|\n|t:|1699630937\n|switch|p1a: Ogerpon|Ogerpon-Wellspring-Tera, F, tera:Water|100\/100\n|-ability|p1a: Ogerpon|Embody Aspect (Wellspring)|boost\n|-boost|p1a: Ogerpon|spd|1\n|turn|16\n|\n|t:|1699630975\n|-end|p2a: Flutter Mane|Protosynthesis|[silent]\n|switch|p2a: Rillaboom|Rillaboom, M|11\/100\n|move|p1b: Ninetales|Protect|p1b: Ninetales\n|-singleturn|p1b: Ninetales|Protect\n|move|p1a: Ogerpon|Horn Leech|p2a: Rillaboom\n|-resisted|p2a: Rillaboom\n|-damage|p2a: Rillaboom|0 fnt\n|faint|p2a: Rillaboom\n|move|p2b: Volcanion|Steam Eruption|p1a: Ogerpon|[miss]\n|-miss|p2b: Volcanion|p1a: Ogerpon\n|\n|-weather|Snow|[upkeep]\n|-heal|p1b: Ninetales|65\/100|[from] Grassy Terrain\n|upkeep\n|inactive|Battle timer is ON: inactive players will automatically lose when time's up. (requested by trace)\n|\n|t:|1699631057\n|switch|p2a: Flutter Mane|Flutter Mane, tera:Fairy|54\/100\n|turn|17\n|\n|t:|1699631085\n|move|p2a: Flutter Mane|Moonblast|p1b: Ninetales\n|-damage|p1b: Ninetales|0 fnt\n|faint|p1b: Ninetales\n|move|p1a: Ogerpon|Horn Leech|p2a: Flutter Mane\n|-damage|p2a: Flutter Mane|0 fnt\n|faint|p2a: Flutter Mane\n|-end|p2a: Flutter Mane|Protosynthesis|[silent]\n|move|p2b: Volcanion|Heat Wave|p1a: Ogerpon\n|-resisted|p1a: Ogerpon\n|-damage|p1a: Ogerpon|87\/100\n|\n|-weather|none\n|-heal|p1a: Ogerpon|93\/100|[from] Grassy Terrain\n|-fieldend|move: Grassy Terrain\n|upkeep\n|\n|t:|1699631097\n|switch|p2a: Landorus|Landorus-Therian, M|40\/100\n|switch|p1b: Baxcalibur|Baxcalibur, M|100\/100\n|-ability|p2a: Landorus|Intimidate|boost\n|-unboost|p1a: Ogerpon|atk|1\n|-unboost|p1b: Baxcalibur|atk|1\n|turn|18\n|\n|t:|1699631109\n|move|p1b: Baxcalibur|Protect|p1b: Baxcalibur\n|-singleturn|p1b: Baxcalibur|Protect\n|move|p2a: Landorus|Rock Slide|p1b: Baxcalibur|[spread] p1a\n|-activate|p1b: Baxcalibur|move: Protect\n|-damage|p1a: Ogerpon|74\/100\n|cant|p1a: Ogerpon|flinch\n|move|p2b: Volcanion|Steam Eruption|p1a: Ogerpon|[miss]\n|-miss|p2b: Volcanion|p1a: Ogerpon\n|\n|upkeep\n|turn|19\n|j| Feyette\n|inactive|SusejVGC has 270 seconds left.\n|\n|t:|1699631159\n|move|p2a: Landorus|Rock Slide|p1a: Ogerpon|[spread] p1a,p1b\n|-supereffective|p1b: Baxcalibur\n|-damage|p1a: Ogerpon|54\/100\n|-damage|p1b: Baxcalibur|72\/100\n|move|p1a: Ogerpon|Ivy Cudgel|p2a: Landorus\n|-supereffective|p2a: Landorus\n|-damage|p2a: Landorus|0 fnt\n|faint|p2a: Landorus\n|move|p1b: Baxcalibur|Scale Shot|p2b: Volcanion\n|-damage|p2b: Volcanion|91\/100\n|-damage|p2b: Volcanion|83\/100\n|-damage|p2b: Volcanion|74\/100\n|-damage|p2b: Volcanion|65\/100\n|-damage|p2b: Volcanion|56\/100\n|-hitcount|p2b: Volcanion|5\n|-unboost|p1b: Baxcalibur|def|1\n|-boost|p1b: Baxcalibur|spe|1\n|move|p2b: Volcanion|Steam Eruption|p1b: Baxcalibur\n|-resisted|p1b: Baxcalibur\n|-crit|p1b: Baxcalibur\n|-damage|p1b: Baxcalibur|27\/100\n|\n|-heal|p2b: Volcanion|62\/100|[from] item: Leftovers\n|upkeep\n|turn|20\n|inactive|SusejVGC has 270 seconds left.\n|\n|t:|1699631183\n|move|p2b: Volcanion|Protect|p2b: Volcanion\n|-singleturn|p2b: Volcanion|Protect\n|move|p1b: Baxcalibur|Scale Shot|p2b: Volcanion\n|-activate|p2b: Volcanion|move: Protect\n|move|p1a: Ogerpon|Horn Leech|p2b: Volcanion\n|-activate|p2b: Volcanion|move: Protect\n|\n|-heal|p2b: Volcanion|68\/100|[from] item: Leftovers\n|upkeep\n|turn|21\n|inactive|SusejVGC has 270 seconds left.\n|inactive|SusejVGC has 240 seconds left.\n|l| Feyette\n|\n|t:|1699631242\n|move|p1a: Ogerpon|Follow Me|p1a: Ogerpon\n|-singleturn|p1a: Ogerpon|move: Follow Me\n|move|p1b: Baxcalibur|Swords Dance|p1b: Baxcalibur\n|-boost|p1b: Baxcalibur|atk|2\n|move|p2b: Volcanion|Heat Wave|p1b: Baxcalibur|[spread] p1a,p1b\n|-resisted|p1a: Ogerpon\n|-crit|p1a: Ogerpon\n|-damage|p1a: Ogerpon|22\/100\n|-damage|p1b: Baxcalibur|0 fnt\n|faint|p1b: Baxcalibur\n|\n|-heal|p2b: Volcanion|74\/100|[from] item: Leftovers\n|upkeep\n|turn|22\n|\n|t:|1699631251\n|move|p2b: Volcanion|Protect|p2b: Volcanion\n|-singleturn|p2b: Volcanion|Protect\n|move|p1a: Ogerpon|Horn Leech|p2b: Volcanion\n|-activate|p2b: Volcanion|move: Protect\n|\n|-heal|p2b: Volcanion|80\/100|[from] item: Leftovers\n|-sideend|p1: trace|move: Aurora Veil\n|upkeep\n|turn|23\n|\n|t:|1699631256\n|move|p1a: Ogerpon|Horn Leech|p2b: Volcanion\n|-damage|p2b: Volcanion|58\/100\n|-heal|p1a: Ogerpon|36\/100|[from] drain|[of] p2b: Volcanion\n|move|p2b: Volcanion|Earth Power|p1a: Ogerpon\n|-damage|p1a: Ogerpon|12\/100\n|\n|-heal|p2b: Volcanion|64\/100|[from] item: Leftovers\n|upkeep\n|turn|24\n|j| Feyette\n|\n|t:|1699631264\n|move|p2b: Volcanion|Protect|p2b: Volcanion\n|-singleturn|p2b: Volcanion|Protect\n|move|p1a: Ogerpon|Horn Leech|p2b: Volcanion\n|-activate|p2b: Volcanion|move: Protect\n|\n|-heal|p2b: Volcanion|70\/100|[from] item: Leftovers\n|upkeep\n|turn|25\n|l| Feyette\n|inactive|SusejVGC has 270 seconds left.\n|j| Feyette\n|\n|t:|1699631303\n|move|p1a: Ogerpon|Horn Leech|p2b: Volcanion\n|-damage|p2b: Volcanion|48\/100\n|-heal|p1a: Ogerpon|25\/100|[from] drain|[of] p2b: Volcanion\n|move|p2b: Volcanion|Earth Power|p1a: Ogerpon\n|-damage|p1a: Ogerpon|0 fnt\n|faint|p1a: Ogerpon\n|\n|win|SusejVGC\n|c|\u2606SusejVGC|gg\n|c|\u2606trace|gg\n|l| Feyette\n|l| Lucks a bitch\n|l| Lady Reze\n|l|\u2606SusejVGC\n|j|\u2606SusejVGC\n|player|p2|SusejVGC|policeman\n|l|\u2606SusejVGC\n|player|p2|\n|j|\u2606SusejVGC\n|player|p2|SusejVGC|policeman\n|l| Raf\n|l| vuln bomb\n|l| Avendesora Leaf\n|l| Shiritu\n|l|\u2606trace\n|j| ina fable.\n|l| Teres bahji\n","uploadtime":1699631316,"views":111,"p1id":"trace","p2id":"susejvgc","formatid":"gen9doublesou","rating":0,"private":0,"password":""}