{"id":"gen9doublesou-1995925492","p1":"ButWhyThough_2","p2":"banwobDPP","format":"[Gen 9] Doubles OU","log":"|j|\u2606ButWhyThough_2\n|j|\u2606banwobDPP\n|inactive|Battle timer is ON: inactive players will automatically lose when time's up.\n|t:|1700618113\n|gametype|doubles\n|player|p1|ButWhyThough_2|hilbert|\n|player|p2|banwobDPP|n|\n|teamsize|p1|6\n|teamsize|p2|6\n|gen|9\n|tier|[Gen 9] Doubles OU\n|rated|Tournament battle\n|rule|Species Clause: Limit one of each Pok\u00e9mon\n|rule|OHKO Clause: OHKO moves are banned\n|rule|Evasion Moves Clause: Evasion moves are banned\n|rule|Gravity Sleep Clause: The combination of sleep-inducing moves with imperfect accuracy and Gravity or Gigantamax Orbeetle are banned\n|rule|Endless Battle Clause: Forcing endless battles is banned\n|rule|HP Percentage Mod: HP is shown in percentages\n|clearpoke\n|poke|p1|Chi-Yu|\n|poke|p1|Iron Hands|\n|poke|p1|Chien-Pao|\n|poke|p1|Baxcalibur, F|\n|poke|p1|Flutter Mane|\n|poke|p1|Ninetales-Alola, F|\n|poke|p2|Sinistcha-Masterpiece|\n|poke|p2|Landorus-Therian, M|\n|poke|p2|Rillaboom, M|\n|poke|p2|Volcanion|\n|poke|p2|Kingambit, F|\n|poke|p2|Iron Hands|\n|teampreview\n|inactive|ButWhyThough_2 also wants the timer to be on.\n|inactive|banwobDPP has 120 seconds left.\n|\n|t:|1700618165\n|start\n|switch|p1a: Iron Hands|Iron Hands|100\/100\n|switch|p1b: Ninetales|Ninetales-Alola, F|100\/100\n|switch|p2a: Sinistcha|Sinistcha-Masterpiece|100\/100\n|switch|p2b: Iron Hands|Iron Hands|100\/100\n|-weather|Snow|[from] ability: Snow Warning|[of] p1b: Ninetales\n|turn|1\n|\n|t:|1700618177\n|move|p2b: Iron Hands|Fake Out|p1b: Ninetales\n|-crit|p1b: Ninetales\n|-damage|p1b: Ninetales|81\/100\n|cant|p1b: Ninetales|flinch\n|move|p2a: Sinistcha|Calm Mind|p2a: Sinistcha\n|-boost|p2a: Sinistcha|spa|1\n|-boost|p2a: Sinistcha|spd|1\n|move|p1a: Iron Hands|Swords Dance|p1a: Iron Hands\n|-boost|p1a: Iron Hands|atk|2\n|\n|-weather|Snow|[upkeep]\n|upkeep\n|turn|2\n|\n|t:|1700618199\n|move|p1b: Ninetales|Blizzard|p2b: Iron Hands|[spread] p2a,p2b\n|-supereffective|p2a: Sinistcha\n|-damage|p2a: Sinistcha|67\/100\n|-damage|p2b: Iron Hands|88\/100\n|move|p2a: Sinistcha|Matcha Gotcha|p1a: Iron Hands|[spread] p1a,p1b\n|-damage|p1a: Iron Hands|71\/100\n|-heal|p2a: Sinistcha|86\/100|[from] drain|[of] p1a: Iron Hands\n|-damage|p1b: Ninetales|45\/100\n|-heal|p2a: Sinistcha|100\/100|[from] drain|[of] p1b: Ninetales\n|move|p1a: Iron Hands|Heavy Slam|p2a: Sinistcha\n|-damage|p2a: Sinistcha|30\/100\n|-enditem|p2a: Sinistcha|Sitrus Berry|[eat]\n|-heal|p2a: Sinistcha|55\/100|[from] item: Sitrus Berry\n|move|p2b: Iron Hands|Close Combat|p1b: Ninetales\n|-damage|p1b: Ninetales|0 fnt\n|-unboost|p2b: Iron Hands|def|1\n|-unboost|p2b: Iron Hands|spd|1\n|faint|p1b: Ninetales\n|\n|-weather|Snow|[upkeep]\n|upkeep\n|\n|t:|1700618216\n|switch|p1b: Baxcalibur|Baxcalibur, F|100\/100\n|turn|3\n|inactive|banwobDPP has 120 seconds left.\n|\n|t:|1700618249\n|-terastallize|p1b: Baxcalibur|Fairy\n|move|p2a: Sinistcha|Protect|p2a: Sinistcha\n|-singleturn|p2a: Sinistcha|Protect\n|move|p1b: Baxcalibur|Icicle Spear|p2a: Sinistcha\n|-activate|p2a: Sinistcha|move: Protect\n|move|p1a: Iron Hands|Drain Punch|p2b: Iron Hands\n|-damage|p2b: Iron Hands|0 fnt\n|-heal|p1a: Iron Hands|100\/100|[from] drain|[of] p2b: Iron Hands\n|faint|p2b: Iron Hands\n|-end|p2b: Iron Hands|Quark Drive|[silent]\n|\n|-weather|Snow|[upkeep]\n|upkeep\n|inactive|banwobDPP has 120 seconds left.\n|\n|t:|1700618261\n|switch|p2b: Landorus|Landorus-Therian, M|100\/100\n|-ability|p2b: Landorus|Intimidate|boost\n|-unboost|p1a: Iron Hands|atk|1\n|-unboost|p1b: Baxcalibur|atk|1\n|turn|4\n|inactive|banwobDPP has 120 seconds left.\n|\n|t:|1700618289\n|switch|p2b: Volcanion|Volcanion|100\/100\n|move|p1b: Baxcalibur|Icicle Spear|p2a: Sinistcha\n|-supereffective|p2a: Sinistcha\n|-damage|p2a: Sinistcha|41\/100\n|-supereffective|p2a: Sinistcha\n|-damage|p2a: Sinistcha|28\/100\n|-supereffective|p2a: Sinistcha\n|-damage|p2a: Sinistcha|16\/100\n|-supereffective|p2a: Sinistcha\n|-crit|p2a: Sinistcha\n|-damage|p2a: Sinistcha|0 fnt\n|faint|p2a: Sinistcha\n|-hitcount|p2: Sinistcha|4\n|move|p1a: Iron Hands|Heavy Slam|p2b: Volcanion\n|-resisted|p2b: Volcanion\n|-damage|p2b: Volcanion|96\/100\n|\n|-weather|Snow|[upkeep]\n|upkeep\n|\n|t:|1700618304\n|switch|p2a: Kingambit|Kingambit, F|100\/100\n|turn|5\n|inactive|banwobDPP has 120 seconds left.\n|\n|t:|1700618315\n|switch|p1b: Othermeta|Chi-Yu|100\/100\n|-ability|p1b: Othermeta|Beads of Ruin\n|-terastallize|p2a: Kingambit|Fairy\n|move|p2b: Volcanion|Earth Power|p1a: Iron Hands\n|-supereffective|p1a: Iron Hands\n|-damage|p1a: Iron Hands|31\/100\n|-enditem|p1a: Iron Hands|Sitrus Berry|[eat]\n|-heal|p1a: Iron Hands|56\/100|[from] item: Sitrus Berry\n|move|p1a: Iron Hands|Wild Charge|p2b: Volcanion\n|-supereffective|p2b: Volcanion\n|-damage|p2b: Volcanion|0 fnt\n|faint|p2b: Volcanion\n|-damage|p1a: Iron Hands|37\/100|[from] Recoil\n|move|p2a: Kingambit|Iron Head|p1b: Othermeta\n|-resisted|p1b: Othermeta\n|-damage|p1b: Othermeta|62\/100\n|\n|-weather|none\n|upkeep\n|\n|t:|1700618318\n|switch|p2b: Landorus|Landorus-Therian, M|100\/100\n|-ability|p2b: Landorus|Intimidate|boost\n|-unboost|p1a: Iron Hands|atk|1\n|-unboost|p1b: Othermeta|atk|1\n|turn|6\n|\n|t:|1700618337\n|-end|p1a: Iron Hands|Quark Drive|[silent]\n|switch|p1a: Flutter Mane|Flutter Mane|100\/100\n|-enditem|p1a: Flutter Mane|Booster Energy\n|-activate|p1a: Flutter Mane|ability: Protosynthesis|[fromitem]\n|-start|p1a: Flutter Mane|protosynthesisspe\n|move|p1b: Othermeta|Heat Wave|p2b: Landorus|[spread] p2a,p2b\n|-damage|p2a: Kingambit|69\/100\n|-damage|p2b: Landorus|32\/100\n|-status|p2a: Kingambit|brn\n|move|p2b: Landorus|Stomping Tantrum|p1b: Othermeta\n|-supereffective|p1b: Othermeta\n|-damage|p1b: Othermeta|0 fnt\n|faint|p1b: Othermeta\n|move|p2a: Kingambit|Tera Blast|p1a: Flutter Mane|[anim] Tera Blast Fairy\n|-damage|p1a: Flutter Mane|63\/100\n|\n|-damage|p2a: Kingambit|63\/100 brn|[from] brn\n|upkeep\n|\n|t:|1700618355\n|switch|p1b: Chien-Pao|Chien-Pao|100\/100\n|-ability|p1b: Chien-Pao|Sword of Ruin\n|turn|7\n|inactive|banwobDPP has 120 seconds left.\n|\n|t:|1700618395\n|move|p1a: Flutter Mane|Moonblast|p2b: Landorus\n|-damage|p2b: Landorus|0 fnt\n|faint|p2b: Landorus\n|move|p1b: Chien-Pao|Ice Spinner|p2a: Kingambit\n|-damage|p2a: Kingambit|7\/100 brn\n|-damage|p1b: Chien-Pao|91\/100|[from] item: Life Orb\n|move|p2a: Kingambit|Tera Blast|p1b: Chien-Pao|[anim] Tera Blast Fairy\n|-supereffective|p1b: Chien-Pao\n|-damage|p1b: Chien-Pao|21\/100\n|\n|-damage|p2a: Kingambit|1\/100 brn|[from] brn\n|upkeep\n|\n|t:|1700618397\n|switch|p2b: Rillaboom|Rillaboom, M|100\/100\n|-fieldstart|move: Grassy Terrain|[from] ability: Grassy Surge|[of] p2b: Rillaboom\n|turn|8\n|j|+eragon11145\n|\n|t:|1700618411\n|switch|p1b: Iron Hands|Iron Hands|37\/100\n|move|p2b: Rillaboom|Grassy Glide|p1b: Iron Hands\n|-damage|p1b: Iron Hands|9\/100\n|move|p2a: Kingambit|Sucker Punch|p1a: Flutter Mane\n|-damage|p1a: Flutter Mane|30\/100\n|move|p1a: Flutter Mane|Dazzling Gleam|p2b: Rillaboom|[spread] p2a,p2b\n|-damage|p2a: Kingambit|0 fnt\n|-damage|p2b: Rillaboom|77\/100\n|faint|p2a: Kingambit\n|\n|-heal|p1a: Flutter Mane|36\/100|[from] Grassy Terrain\n|-heal|p2b: Rillaboom|83\/100|[from] Grassy Terrain\n|-heal|p1b: Iron Hands|16\/100|[from] Grassy Terrain\n|upkeep\n|turn|9\n|\n|t:|1700618436\n|move|p2b: Rillaboom|Grassy Glide|p1a: Flutter Mane\n|-damage|p1a: Flutter Mane|0 fnt\n|faint|p1a: Flutter Mane\n|-end|p1a: Flutter Mane|Protosynthesis|[silent]\n|move|p1b: Iron Hands|Drain Punch|p2b: Rillaboom\n|-damage|p2b: Rillaboom|39\/100\n|-heal|p1b: Iron Hands|34\/100|[from] drain|[of] p2b: Rillaboom\n|\n|-heal|p2b: Rillaboom|45\/100|[from] Grassy Terrain\n|-heal|p1b: Iron Hands|41\/100|[from] Grassy Terrain\n|upkeep\n|\n|t:|1700618443\n|switch|p1a: Baxcalibur|Baxcalibur, F, tera:Fairy|100\/100\n|turn|10\n|\n|t:|1700618466\n|move|p2b: Rillaboom|Grassy Glide|p1a: Baxcalibur\n|-damage|p1a: Baxcalibur|59\/100\n|move|p1a: Baxcalibur|Icicle Spear|p2b: Rillaboom\n|-supereffective|p2b: Rillaboom\n|-damage|p2b: Rillaboom|16\/100\n|-supereffective|p2b: Rillaboom\n|-damage|p2b: Rillaboom|0 fnt\n|faint|p2b: Rillaboom\n|-hitcount|p2: Rillaboom|2\n|\n|win|ButWhyThough_2\n|n|\u2606ButWhyThough_2|butwhythough2\n|n|\u2606banwobDPP|banwobdpp\n|n| eragon11145|eragon11145\n","uploadtime":1700618467,"views":5,"p1id":"butwhythough2","p2id":"banwobdpp","formatid":"gen9doublesou","rating":0,"private":0,"password":""}