{"id":"gen9doublesou-1976843010","p1":"xr21","p2":"Prob6","format":"[Gen 9] Doubles OU","log":"|j|\u2606xr21\n|j|\u2606Prob6\n|t:|1698345805\n|gametype|doubles\n|player|p1|xr21|102|1408\n|player|p2|Prob6|102|1401\n|teamsize|p1|6\n|teamsize|p2|6\n|gen|9\n|tier|[Gen 9] Doubles OU\n|rated|\n|rule|Species Clause: Limit one of each Pok\u00e9mon\n|rule|OHKO Clause: OHKO moves are banned\n|rule|Evasion Moves Clause: Evasion moves are banned\n|rule|Gravity Sleep Clause: The combination of sleep-inducing moves with imperfect accuracy and Gravity or Gigantamax Orbeetle are banned\n|rule|Endless Battle Clause: Forcing endless battles is banned\n|rule|HP Percentage Mod: HP is shown in percentages\n|clearpoke\n|poke|p1|Tyranitar, F|\n|poke|p1|Landorus-Therian, M|\n|poke|p1|Scizor, F|\n|poke|p1|Amoonguss, M|\n|poke|p1|Cresselia, F|\n|poke|p1|Gyarados, F|\n|poke|p2|Chi-Yu|\n|poke|p2|Torkoal, M|\n|poke|p2|Walking Wake|\n|poke|p2|Ogerpon-Hearthflame, F|\n|poke|p2|Landorus-Therian, M|\n|poke|p2|Cresselia, F|\n|teampreview\n|\n|t:|1698345819\n|start\n|switch|p1a: Gyarados|Gyarados, F|100\/100\n|switch|p1b: Cresselia|Cresselia, F|100\/100\n|switch|p2a: Landorus|Landorus-Therian, M|100\/100\n|switch|p2b: Torkoal|Torkoal, M|100\/100\n|-ability|p2a: Landorus|Intimidate|boost\n|-unboost|p1a: Gyarados|atk|1\n|-unboost|p1b: Cresselia|atk|1\n|-weather|SunnyDay|[from] ability: Drought|[of] p2b: Torkoal\n|turn|1\n|inactive|Battle timer is ON: inactive players will automatically lose when time's up. (requested by Prob6)\n|inactive|xr21 also wants the timer to be on.\n|\n|t:|1698345846\n|move|p2a: Landorus|Taunt|p1b: Cresselia\n|-start|p1b: Cresselia|move: Taunt\n|move|p1a: Gyarados|Earthquake|p2a: Landorus|[spread] p2b\n|-immune|p1b: Cresselia|[from] ability: Levitate\n|-immune|p2a: Landorus\n|-supereffective|p2b: Torkoal\n|-damage|p2b: Torkoal|74\/100\n|cant|p1b: Cresselia|move: Taunt|Calm Mind\n|move|p2b: Torkoal|Will-O-Wisp|p1a: Gyarados|[miss]\n|-miss|p2b: Torkoal|p1a: Gyarados\n|\n|-weather|SunnyDay|[upkeep]\n|upkeep\n|turn|2\n|\n|t:|1698345863\n|move|p2a: Landorus|U-turn|p1b: Cresselia\n|-supereffective|p1b: Cresselia\n|-damage|p1b: Cresselia|76\/100\n|\n|t:|1698345866\n|switch|p2a: Cresselia|Cresselia, F|100\/100|[from] U-turn\n|move|p1a: Gyarados|Dragon Dance|p1a: Gyarados\n|-boost|p1a: Gyarados|atk|1\n|-boost|p1a: Gyarados|spe|1\n|move|p1b: Cresselia|Icy Wind|p2b: Torkoal|[spread] p2a,p2b\n|-resisted|p2b: Torkoal\n|-damage|p2a: Cresselia|97\/100\n|-damage|p2b: Torkoal|70\/100\n|-unboost|p2a: Cresselia|spe|1\n|-unboost|p2b: Torkoal|spe|1\n|move|p2b: Torkoal|Will-O-Wisp|p1a: Gyarados\n|-status|p1a: Gyarados|brn\n|\n|-weather|SunnyDay|[upkeep]\n|-heal|p2a: Cresselia|100\/100|[from] item: Leftovers\n|-damage|p1a: Gyarados|94\/100 brn|[from] brn\n|upkeep\n|turn|3\n|\n|t:|1698345886\n|switch|p2b: Landorus|Landorus-Therian, M|100\/100\n|-ability|p2b: Landorus|Intimidate|boost\n|-unboost|p1a: Gyarados|atk|1\n|-unboost|p1b: Cresselia|atk|1\n|move|p1a: Gyarados|Earthquake|p2a: Cresselia|[spread] \n|-immune|p1b: Cresselia|[from] ability: Levitate\n|-immune|p2a: Cresselia|[from] ability: Levitate\n|-immune|p2b: Landorus\n|move|p1b: Cresselia|Icy Wind|p2a: Cresselia|[spread] p2a,p2b\n|-supereffective|p2b: Landorus\n|-damage|p2a: Cresselia|97\/100\n|-damage|p2b: Landorus|71\/100\n|-unboost|p2a: Cresselia|spe|1\n|-unboost|p2b: Landorus|spe|1\n|move|p2a: Cresselia|Reflect|p2a: Cresselia\n|-sidestart|p2: Prob6|Reflect\n|\n|-weather|SunnyDay|[upkeep]\n|-heal|p2b: Landorus|77\/100|[from] item: Leftovers\n|-heal|p2a: Cresselia|100\/100|[from] item: Leftovers\n|-damage|p1a: Gyarados|88\/100 brn|[from] brn\n|-end|p1b: Cresselia|move: Taunt\n|upkeep\n|turn|4\n|inactive|xr21 has 120 seconds left.\n|inactive|Prob6 has 120 seconds left.\n|\n|t:|1698345930\n|switch|p1a: Amoonguss|Amoonguss, M|100\/100\n|move|p1b: Cresselia|Calm Mind|p1b: Cresselia\n|-boost|p1b: Cresselia|spa|1\n|-boost|p1b: Cresselia|spd|1\n|move|p2b: Landorus|Taunt|p1b: Cresselia\n|-start|p1b: Cresselia|move: Taunt\n|move|p2a: Cresselia|Icy Wind|p1b: Cresselia|[spread] p1a,p1b\n|-supereffective|p1a: Amoonguss\n|-damage|p1a: Amoonguss|89\/100\n|-damage|p1b: Cresselia|73\/100\n|-unboost|p1a: Amoonguss|spe|1\n|-unboost|p1b: Cresselia|spe|1\n|\n|-weather|SunnyDay|[upkeep]\n|-heal|p2b: Landorus|83\/100|[from] item: Leftovers\n|-heal|p1a: Amoonguss|95\/100|[from] item: Black Sludge\n|upkeep\n|turn|5\n|inactive|xr21 has 120 seconds left.\n|\n|t:|1698345954\n|switch|p1a: Landorus|Landorus-Therian, M|100\/100\n|-ability|p1a: Landorus|Intimidate|boost\n|-unboost|p2a: Cresselia|atk|1\n|-unboost|p2b: Landorus|atk|1\n|move|p2b: Landorus|Taunt|p1a: Landorus\n|-start|p1a: Landorus|move: Taunt\n|move|p1b: Cresselia|Icy Wind|p2b: Landorus|[spread] p2a\n|-miss|p1b: Cresselia|p2b: Landorus\n|-damage|p2a: Cresselia|95\/100\n|-unboost|p2a: Cresselia|spe|1\n|move|p2a: Cresselia|Icy Wind|p1a: Landorus|[spread] p1a,p1b\n|-supereffective|p1a: Landorus\n|-damage|p1a: Landorus|63\/100\n|-damage|p1b: Cresselia|69\/100\n|-unboost|p1a: Landorus|spe|1\n|-unboost|p1b: Cresselia|spe|1\n|\n|-weather|SunnyDay|[upkeep]\n|-heal|p2b: Landorus|89\/100|[from] item: Leftovers\n|-heal|p2a: Cresselia|100\/100|[from] item: Leftovers\n|upkeep\n|turn|6\n|inactive|xr21 has 120 seconds left.\n|\n|t:|1698345980\n|move|p1a: Landorus|U-turn|p2a: Cresselia\n|-supereffective|p2a: Cresselia\n|-damage|p2a: Cresselia|71\/100\n|inactive|xr21 has 120 seconds left.\n|\n|t:|1698345986\n|switch|p1a: Tyranitar|Tyranitar, F|100\/100|[from] U-turn\n|-weather|Sandstorm|[from] ability: Sand Stream|[of] p1a: Tyranitar\n|move|p2b: Landorus|U-turn|p1b: Cresselia\n|-supereffective|p1b: Cresselia\n|-damage|p1b: Cresselia|54\/100\n|\n|t:|1698345994\n|switch|p2b: Torkoal|Torkoal, M|70\/100|[from] U-turn\n|-weather|SunnyDay|[from] ability: Drought|[of] p2b: Torkoal\n|move|p1b: Cresselia|Icy Wind|p2b: Torkoal|[spread] p2b\n|-miss|p1b: Cresselia|p2a: Cresselia\n|-resisted|p2b: Torkoal\n|-damage|p2b: Torkoal|66\/100\n|-unboost|p2b: Torkoal|spe|1\n|move|p2a: Cresselia|Icy Wind|p1b: Cresselia|[spread] p1a,p1b\n|-damage|p1a: Tyranitar|96\/100\n|-damage|p1b: Cresselia|50\/100\n|-unboost|p1a: Tyranitar|spe|1\n|-unboost|p1b: Cresselia|spe|1\n|\n|-weather|SunnyDay|[upkeep]\n|-heal|p2a: Cresselia|77\/100|[from] item: Leftovers\n|upkeep\n|turn|7\n|\n|t:|1698346023\n|switch|p2b: Landorus|Landorus-Therian, M|89\/100\n|-ability|p2b: Landorus|Intimidate|boost\n|-unboost|p1a: Tyranitar|atk|1\n|-unboost|p1b: Cresselia|atk|1\n|move|p1a: Tyranitar|Crunch|p2a: Cresselia\n|-supereffective|p2a: Cresselia\n|-crit|p2a: Cresselia\n|-damage|p2a: Cresselia|6\/100\n|move|p2a: Cresselia|Light Screen|p2a: Cresselia\n|-sidestart|p2: Prob6|move: Light Screen\n|move|p1b: Cresselia|Icy Wind|p2a: Cresselia|[spread] p2a,p2b\n|-supereffective|p2b: Landorus\n|-damage|p2a: Cresselia|3\/100\n|-damage|p2b: Landorus|54\/100\n|-unboost|p2a: Cresselia|spe|1\n|-unboost|p2b: Landorus|spe|1\n|\n|-weather|SunnyDay|[upkeep]\n|-heal|p2b: Landorus|60\/100|[from] item: Leftovers\n|-heal|p2a: Cresselia|9\/100|[from] item: Leftovers\n|-end|p1b: Cresselia|move: Taunt\n|-sideend|p2: Prob6|Reflect\n|upkeep\n|turn|8\n|\n|t:|1698346048\n|switch|p1a: Gyarados|Gyarados, F|88\/100 brn\n|move|p2b: Landorus|Stomping Tantrum|p1a: Gyarados\n|-immune|p1a: Gyarados\n|move|p1b: Cresselia|Lunar Blessing|p1b: Cresselia|[spread] p1a,p1b\n|-heal|p1a: Gyarados|100\/100 brn\n|-curestatus|p1a: Gyarados|brn|[msg]\n|-heal|p1b: Cresselia|75\/100\n|move|p2a: Cresselia|Lunar Blessing|p2a: Cresselia|[spread] p2a,p2b\n|-heal|p2a: Cresselia|34\/100\n|-heal|p2b: Landorus|85\/100\n|\n|-weather|SunnyDay|[upkeep]\n|-heal|p2b: Landorus|91\/100|[from] item: Leftovers\n|-heal|p2a: Cresselia|40\/100|[from] item: Leftovers\n|upkeep\n|turn|9\n|\n|t:|1698346077\n|move|p1a: Gyarados|Waterfall|p2b: Landorus\n|-supereffective|p2b: Landorus\n|-damage|p2b: Landorus|48\/100\n|move|p2b: Landorus|U-turn|p1b: Cresselia\n|-supereffective|p1b: Cresselia\n|-damage|p1b: Cresselia|50\/100\n|\n|t:|1698346089\n|switch|p2b: Walking Wake|Walking Wake|100\/100|[from] U-turn\n|-activate|p2b: Walking Wake|ability: Protosynthesis\n|-start|p2b: Walking Wake|protosynthesisspe\n|move|p1b: Cresselia|Icy Wind|p2a: Cresselia|[spread] p2a,p2b\n|-damage|p2a: Cresselia|36\/100\n|-damage|p2b: Walking Wake|94\/100\n|-unboost|p2a: Cresselia|spe|1\n|-unboost|p2b: Walking Wake|spe|1\n|move|p2a: Cresselia|Reflect|p2a: Cresselia\n|-sidestart|p2: Prob6|Reflect\n|\n|-weather|SunnyDay|[upkeep]\n|-heal|p2a: Cresselia|42\/100|[from] item: Leftovers\n|upkeep\n|turn|10\n|\n|t:|1698346108\n|switch|p1a: Tyranitar|Tyranitar, F|96\/100\n|-weather|Sandstorm|[from] ability: Sand Stream|[of] p1a: Tyranitar\n|-end|p2b: Walking Wake|Protosynthesis\n|move|p2b: Walking Wake|Hydro Steam|p1b: Cresselia\n|-crit|p1b: Cresselia\n|-damage|p1b: Cresselia|14\/100\n|move|p1b: Cresselia|Lunar Blessing|p1b: Cresselia|[spread] p1a,p1b\n|-heal|p1a: Tyranitar|100\/100\n|-heal|p1b: Cresselia|39\/100\n|move|p2a: Cresselia|Lunar Blessing|p2a: Cresselia|[spread] p2a,p2b\n|-heal|p2a: Cresselia|67\/100\n|-heal|p2b: Walking Wake|100\/100\n|\n|-weather|Sandstorm|[upkeep]\n|-damage|p2b: Walking Wake|94\/100|[from] Sandstorm\n|-damage|p2a: Cresselia|61\/100|[from] Sandstorm\n|-heal|p2a: Cresselia|67\/100|[from] item: Leftovers\n|upkeep\n|turn|11\n|\n|t:|1698346133\n|-end|p2b: Walking Wake|Protosynthesis|[silent]\n|switch|p2b: Landorus|Landorus-Therian, M|48\/100\n|-ability|p2b: Landorus|Intimidate|boost\n|-unboost|p1a: Tyranitar|atk|1\n|-unboost|p1b: Cresselia|atk|1\n|move|p1a: Tyranitar|Crunch|p2a: Cresselia\n|-supereffective|p2a: Cresselia\n|-damage|p2a: Cresselia|45\/100\n|move|p1b: Cresselia|Lunar Blessing|p1b: Cresselia|[spread] p1a,p1b\n|-heal|p1b: Cresselia|64\/100\n|move|p2a: Cresselia|Lunar Blessing|p2a: Cresselia|[spread] p2a,p2b\n|-heal|p2a: Cresselia|70\/100\n|-heal|p2b: Landorus|73\/100\n|\n|-weather|Sandstorm|[upkeep]\n|-damage|p2a: Cresselia|64\/100|[from] Sandstorm\n|-heal|p2b: Landorus|79\/100|[from] item: Leftovers\n|-heal|p2a: Cresselia|70\/100|[from] item: Leftovers\n|-sideend|p2: Prob6|move: Light Screen\n|upkeep\n|turn|12\n|c|\u2606Prob6|not making much progress, are we\n|\n|t:|1698346161\n|switch|p1a: Landorus|Landorus-Therian, M|63\/100\n|-ability|p1a: Landorus|Intimidate|boost\n|-unboost|p2a: Cresselia|atk|1\n|-unboost|p2b: Landorus|atk|1\n|move|p2b: Landorus|U-turn|p1b: Cresselia\n|-supereffective|p1b: Cresselia\n|-damage|p1b: Cresselia|48\/100\n|\n|t:|1698346168\n|switch|p2b: Ogerpon|Ogerpon-Hearthflame, F|100\/100|[from] U-turn\n|-ability|p2b: Ogerpon|Mold Breaker\n|move|p1b: Cresselia|Icy Wind|p2a: Cresselia|[spread] p2a,p2b\n|-damage|p2a: Cresselia|65\/100\n|-damage|p2b: Ogerpon|88\/100\n|-unboost|p2a: Cresselia|spe|1\n|-unboost|p2b: Ogerpon|spe|1\n|move|p2a: Cresselia|Icy Wind|p1a: Landorus|[spread] p1a,p1b\n|-supereffective|p1a: Landorus\n|-damage|p1a: Landorus|27\/100\n|-damage|p1b: Cresselia|45\/100\n|-unboost|p1a: Landorus|spe|1\n|-unboost|p1b: Cresselia|spe|1\n|\n|-weather|Sandstorm|[upkeep]\n|-damage|p2b: Ogerpon|82\/100|[from] Sandstorm\n|-damage|p2a: Cresselia|59\/100|[from] Sandstorm\n|-heal|p2a: Cresselia|65\/100|[from] item: Leftovers\n|upkeep\n|turn|13\n|\n|t:|1698346195\n|switch|p2a: Torkoal|Torkoal, M|66\/100\n|-weather|SunnyDay|[from] ability: Drought|[of] p2a: Torkoal\n|-terastallize|p2b: Ogerpon|Fire\n|detailschange|p2b: Ogerpon|Ogerpon-Hearthflame-Tera, F, tera:Fire\n|-ability|p2b: Ogerpon|Embody Aspect (Hearthflame)|boost\n|-boost|p2b: Ogerpon|atk|1\n|move|p1a: Landorus|U-turn|p2a: Torkoal\n|-resisted|p2a: Torkoal\n|-crit|p2a: Torkoal\n|-damage|p2a: Torkoal|49\/100\n|\n|t:|1698346205\n|switch|p1a: Tyranitar|Tyranitar, F|100\/100|[from] U-turn\n|-weather|Sandstorm|[from] ability: Sand Stream|[of] p1a: Tyranitar\n|move|p2b: Ogerpon|Ivy Cudgel|p1a: Tyranitar\n|-resisted|p1a: Tyranitar\n|-damage|p1a: Tyranitar|70\/100\n|move|p1b: Cresselia|Lunar Blessing|p1b: Cresselia|[spread] p1a,p1b\n|-heal|p1a: Tyranitar|95\/100\n|-heal|p1b: Cresselia|70\/100\n|\n|-weather|Sandstorm|[upkeep]\n|-damage|p2b: Ogerpon|76\/100|[from] Sandstorm\n|-damage|p2a: Torkoal|42\/100|[from] Sandstorm\n|-sideend|p2: Prob6|Reflect\n|upkeep\n|turn|14\n|\n|t:|1698346225\n|switch|p2a: Landorus|Landorus-Therian, M|79\/100\n|-ability|p2a: Landorus|Intimidate|boost\n|-unboost|p1a: Tyranitar|atk|1\n|-unboost|p1b: Cresselia|atk|1\n|move|p1b: Cresselia|Helping Hand|p1a: Tyranitar\n|-singleturn|p1a: Tyranitar|Helping Hand|[of] p1b: Cresselia\n|move|p2b: Ogerpon|Knock Off|p1b: Cresselia\n|-supereffective|p1b: Cresselia\n|-damage|p1b: Cresselia|11\/100\n|-enditem|p1b: Cresselia|Safety Goggles|[from] move: Knock Off|[of] p2b: Ogerpon\n|move|p1a: Tyranitar|Rock Slide|p2a: Landorus|[spread] p2a,p2b\n|-supereffective|p2b: Ogerpon\n|-damage|p2a: Landorus|56\/100\n|-damage|p2b: Ogerpon|10\/100\n|\n|-weather|Sandstorm|[upkeep]\n|-damage|p2b: Ogerpon|4\/100|[from] Sandstorm\n|-damage|p1b: Cresselia|5\/100|[from] Sandstorm\n|-heal|p2a: Landorus|62\/100|[from] item: Leftovers\n|upkeep\n|turn|15\n|inactive|xr21 has 120 seconds left.\n|\n|t:|1698346261\n|switch|p1b: Amoonguss|Amoonguss, M|100\/100\n|move|p2b: Ogerpon|Spiky Shield|p2b: Ogerpon\n|-singleturn|p2b: Ogerpon|move: Protect\n|move|p2a: Landorus|U-turn|p1b: Amoonguss\n|-damage|p1b: Amoonguss|80\/100\n|\n|t:|1698346269\n|switch|p2a: Torkoal|Torkoal, M|42\/100|[from] U-turn\n|-weather|SunnyDay|[from] ability: Drought|[of] p2a: Torkoal\n|move|p1a: Tyranitar|Ice Punch|p2a: Torkoal\n|-resisted|p2a: Torkoal\n|-damage|p2a: Torkoal|37\/100\n|\n|-weather|SunnyDay|[upkeep]\n|-heal|p1b: Amoonguss|87\/100|[from] item: Black Sludge\n|upkeep\n|turn|16\n|\n|t:|1698346286\n|switch|p1b: Cresselia|Cresselia, F|5\/100\n|move|p2b: Ogerpon|Ivy Cudgel|p1b: Cresselia\n|-crit|p1b: Cresselia\n|-damage|p1b: Cresselia|0 fnt\n|faint|p1b: Cresselia\n|move|p1a: Tyranitar|Rock Slide|p2b: Ogerpon|[spread] p2a,p2b\n|-supereffective|p2a: Torkoal\n|-supereffective|p2b: Ogerpon\n|-damage|p2a: Torkoal|14\/100\n|-damage|p2b: Ogerpon|0 fnt\n|faint|p2b: Ogerpon\n|move|p2a: Torkoal|Heat Wave|p1a: Tyranitar\n|-resisted|p1a: Tyranitar\n|-damage|p1a: Tyranitar|82\/100\n|\n|-weather|SunnyDay|[upkeep]\n|upkeep\n|\n|t:|1698346301\n|switch|p2b: Chi-Yu|Chi-Yu|100\/100\n|switch|p1b: Landorus|Landorus-Therian, M|27\/100\n|-ability|p1b: Landorus|Intimidate|boost\n|-unboost|p2a: Torkoal|atk|1\n|-unboost|p2b: Chi-Yu|atk|1\n|-ability|p2b: Chi-Yu|Beads of Ruin\n|turn|17\n|\n|t:|1698346312\n|switch|p1a: Gyarados|Gyarados, F|100\/100\n|switch|p2a: Landorus|Landorus-Therian, M|62\/100\n|-ability|p2a: Landorus|Intimidate|boost\n|-unboost|p1a: Gyarados|atk|1\n|-unboost|p1b: Landorus|atk|1\n|move|p1b: Landorus|Earthquake|p2a: Landorus|[spread] p2b\n|-immune|p1a: Gyarados\n|-immune|p2a: Landorus\n|-supereffective|p2b: Chi-Yu\n|-damage|p2b: Chi-Yu|5\/100\n|move|p2b: Chi-Yu|Heat Wave|p1a: Gyarados|[spread] p1a,p1b\n|-resisted|p1a: Gyarados\n|-crit|p1a: Gyarados\n|-damage|p1a: Gyarados|9\/100\n|-damage|p1b: Landorus|0 fnt\n|faint|p1b: Landorus\n|\n|-weather|SunnyDay|[upkeep]\n|-heal|p2a: Landorus|68\/100|[from] item: Leftovers\n|upkeep\n|inactive|xr21 has 120 seconds left.\n|\n|t:|1698346338\n|switch|p1b: Scizor|Scizor, F|100\/100\n|turn|18\n|\n|t:|1698346350\n|switch|p2b: Cresselia|Cresselia, F|65\/100\n|move|p1b: Scizor|Bullet Punch|p2b: Cresselia\n|-damage|p2b: Cresselia|38\/100\n|move|p2a: Landorus|U-turn|p1a: Gyarados\n|-resisted|p1a: Gyarados\n|-damage|p1a: Gyarados|0 fnt\n|faint|p1a: Gyarados\n|\n|t:|1698346359\n|switch|p2a: Walking Wake|Walking Wake|94\/100|[from] U-turn\n|-activate|p2a: Walking Wake|ability: Protosynthesis\n|-start|p2a: Walking Wake|protosynthesisspe\n|\n|-weather|SunnyDay|[upkeep]\n|-heal|p2b: Cresselia|44\/100|[from] item: Leftovers\n|upkeep\n|\n|t:|1698346368\n|switch|p1a: Tyranitar|Tyranitar, F|82\/100\n|-weather|Sandstorm|[from] ability: Sand Stream|[of] p1a: Tyranitar\n|-end|p2a: Walking Wake|Protosynthesis\n|turn|19\n|\n|t:|1698346391\n|switch|p1a: Amoonguss|Amoonguss, M|100\/100\n|move|p2a: Walking Wake|Knock Off|p1b: Scizor\n|-damage|p1b: Scizor|82\/100\n|-enditem|p1b: Scizor|Clear Amulet|[from] move: Knock Off|[of] p2a: Walking Wake\n|move|p2b: Cresselia|Reflect|p2b: Cresselia\n|-sidestart|p2: Prob6|Reflect\n|move|p1b: Scizor|Swords Dance|p1b: Scizor\n|-boost|p1b: Scizor|atk|2\n|\n|-weather|Sandstorm|[upkeep]\n|-damage|p2a: Walking Wake|88\/100|[from] Sandstorm\n|-damage|p2b: Cresselia|38\/100|[from] Sandstorm\n|-damage|p1a: Amoonguss|94\/100|[from] Sandstorm\n|-heal|p2b: Cresselia|44\/100|[from] item: Leftovers\n|-heal|p1a: Amoonguss|100\/100|[from] item: Black Sludge\n|upkeep\n|turn|20\n|inactive|Prob6 has 120 seconds left.\n|\n|t:|1698346422\n|move|p2a: Walking Wake|Hydro Steam|p1b: Scizor\n|-damage|p1b: Scizor|22\/100\n|move|p2b: Cresselia|Light Screen|p2b: Cresselia\n|-sidestart|p2: Prob6|move: Light Screen\n|move|p1b: Scizor|Swords Dance|p1b: Scizor\n|-boost|p1b: Scizor|atk|2\n|move|p1a: Amoonguss|Spore|p2a: Walking Wake\n|-status|p2a: Walking Wake|slp|[from] move: Spore\n|\n|-weather|Sandstorm|[upkeep]\n|-damage|p2a: Walking Wake|82\/100 slp|[from] Sandstorm\n|-damage|p2b: Cresselia|38\/100|[from] Sandstorm\n|-damage|p1a: Amoonguss|94\/100|[from] Sandstorm\n|-heal|p2b: Cresselia|44\/100|[from] item: Leftovers\n|-heal|p1a: Amoonguss|100\/100|[from] item: Black Sludge\n|upkeep\n|turn|21\n|\n|t:|1698346441\n|-terastallize|p1b: Scizor|Steel\n|move|p1b: Scizor|Bullet Punch|p2b: Cresselia\n|-damage|p2b: Cresselia|0 fnt\n|faint|p2b: Cresselia\n|cant|p2a: Walking Wake|slp\n|move|p1a: Amoonguss|Pollen Puff|p1b: Scizor\n|-heal|p1b: Scizor|72\/100\n|\n|-weather|Sandstorm|[upkeep]\n|-damage|p2a: Walking Wake|76\/100 slp|[from] Sandstorm\n|-damage|p1a: Amoonguss|94\/100|[from] Sandstorm\n|-heal|p1a: Amoonguss|100\/100|[from] item: Black Sludge\n|upkeep\n|\n|t:|1698346454\n|switch|p2b: Landorus|Landorus-Therian, M|68\/100\n|-ability|p2b: Landorus|Intimidate|boost\n|-unboost|p1a: Amoonguss|atk|1\n|-unboost|p1b: Scizor|atk|1\n|turn|22\n|\n|t:|1698346467\n|move|p1b: Scizor|Bullet Punch|p2b: Landorus\n|-damage|p2b: Landorus|0 fnt\n|faint|p2b: Landorus\n|-curestatus|p2a: Walking Wake|slp|[msg]\n|move|p2a: Walking Wake|Hydro Steam|p1b: Scizor\n|-damage|p1b: Scizor|11\/100\n|move|p1a: Amoonguss|Spore|p2a: Walking Wake\n|-status|p2a: Walking Wake|slp|[from] move: Spore\n|\n|-weather|Sandstorm|[upkeep]\n|-damage|p2a: Walking Wake|70\/100 slp|[from] Sandstorm\n|-damage|p1a: Amoonguss|94\/100|[from] Sandstorm\n|-heal|p1a: Amoonguss|100\/100|[from] item: Black Sludge\n|upkeep\n|n|!Prob6|prob6\n|-message|Prob6 forfeited.\n|\n|win|xr21\n|raw|xr21's rating: 1408 &rarr; <strong>1428<\/strong><br \/>(+20 for winning)\n|raw|Prob6's rating: 1401 &rarr; <strong>1381<\/strong><br \/>(-20 for losing)\n","uploadtime":1698346482,"views":15,"p1id":"xr21","p2id":"prob6","formatid":"gen9doublesou","rating":1381,"private":0,"password":""}