{"id":"gen9doublesou-1984194972","p1":"xHys","p2":"fespy","format":"[Gen 9] Doubles OU","log":"|j|\u2606xHys\n|j|\u2606fespy\n|t:|1699228831\n|gametype|doubles\n|player|p1|xHys|yellow|\n|player|p2|fespy|#dwcopiii|\n|teamsize|p1|6\n|teamsize|p2|6\n|gen|9\n|tier|[Gen 9] Doubles OU\n|rule|Species Clause: Limit one of each Pok\u00e9mon\n|rule|OHKO Clause: OHKO moves are banned\n|rule|Evasion Moves Clause: Evasion moves are banned\n|rule|Gravity Sleep Clause: The combination of sleep-inducing moves with imperfect accuracy and Gravity or Gigantamax Orbeetle are banned\n|rule|Endless Battle Clause: Forcing endless battles is banned\n|rule|HP Percentage Mod: HP is shown in percentages\n|clearpoke\n|poke|p1|Ursaluna, M|\n|poke|p1|Cresselia, F|\n|poke|p1|Rillaboom, M|\n|poke|p1|Volcanion|\n|poke|p1|Flutter Mane|\n|poke|p1|Kingambit, M|\n|poke|p2|Ursaluna, M|\n|poke|p2|Iron Hands|\n|poke|p2|Rillaboom, M|\n|poke|p2|Cresselia, F|\n|poke|p2|Volcanion|\n|poke|p2|Flutter Mane|\n|teampreview\n|c|\u2606fespy|gl hf friend\n|c|\u2606xHys|u2\n|c|\u2606xHys|nice team wtf\n|c|\u2606fespy|LOL\n|j| Smudge\n|j|+GenOne\n|c| Smudge|ay yo\n|j|+Eeveon7\u2764\n|j|+Mizuhime\n|c|+Eeveon7\u2764|ayo\n|inactive|Battle timer is ON: inactive players will automatically lose when time's up. (requested by fespy)\n|j| theyummybagel\n|j| ImNextUp\n|j| kaori\u273f\n|j| Ninja\n|j| RelicanthPrimal<><\n|j| Feyette\n|\n|t:|1699228900\n|start\n|switch|p1a: Rillaboom|Rillaboom, M|100\/100\n|switch|p1b: Volcanion|Volcanion|100\/100\n|switch|p2a: Rillaboom|Rillaboom, M|100\/100\n|switch|p2b: Volcanion|Volcanion|100\/100\n|-fieldstart|move: Grassy Terrain|[from] ability: Grassy Surge|[of] p2a: Rillaboom\n|turn|1\n|j| YoBuddyTheBaker\n|c|\u2606fespy|let's just cancel the game and replay with only the mons we don't share\n|c|\u2606fespy|my hands vs your gambit\n|c|\u2606fespy|y\/n\n|j|+zoe\n|j| WillE_VGC\n|l| Feyette\n|c|\u2606xHys|hmm\n|l|+zoe\n|j| MADARAAAA\n|inactive|fespy has 270 seconds left.\n|c| WillE_VGC|gg no re\n|inactive|xHys has 270 seconds left.\n|j| Zerotti\n|j| EternalSnowman\n|inactive|fespy has 240 seconds left.\n|j| Lemurro\n|j| F3rrari450\n|inactive|xHys has 240 seconds left.\n|\n|t:|1699228988\n|move|p2a: Rillaboom|Fake Out|p1b: Volcanion\n|-damage|p1b: Volcanion|88\/100\n|move|p1a: Rillaboom|Fake Out|p2b: Volcanion\n|-damage|p2b: Volcanion|91\/100\n|cant|p2b: Volcanion|flinch\n|cant|p1b: Volcanion|flinch\n|\n|-heal|p2b: Volcanion|97\/100|[from] Grassy Terrain\n|-heal|p1b: Volcanion|94\/100|[from] Grassy Terrain\n|upkeep\n|turn|2\n|c|+Eeveon7\u2764|we are z-ground off tera blast with the capability to mega evolve, idt your hands is winning that one\n|j| BurntSkywalker\n|inactive|xHys has 240 seconds left.\n|j| Grandmas Cookin\n|inactive|fespy has 240 seconds left.\n|\n|t:|1699229038\n|switch|p1b: Cresselia|Cresselia, F|100\/100\n|move|p2a: Rillaboom|Wood Hammer|p1b: Cresselia\n|-damage|p1b: Cresselia|42\/100\n|-damage|p2a: Rillaboom|77\/100|[from] Recoil\n|move|p1a: Rillaboom|Wood Hammer|p2b: Volcanion\n|-damage|p2b: Volcanion|39\/100\n|-damage|p1a: Rillaboom|83\/100|[from] Recoil\n|move|p2b: Volcanion|Earth Power|p1b: Cresselia\n|-immune|p1b: Cresselia|[from] ability: Levitate\n|\n|-heal|p2a: Rillaboom|83\/100|[from] Grassy Terrain\n|-heal|p1a: Rillaboom|89\/100|[from] Grassy Terrain\n|-heal|p2b: Volcanion|45\/100|[from] Grassy Terrain\n|upkeep\n|turn|3\n|inactive|xHys has 240 seconds left.\n|inactive|fespy has 210 seconds left.\n|\n|t:|1699229077\n|switch|p1b: Kingambit|Kingambit, M|100\/100\n|move|p2a: Rillaboom|Wood Hammer|p1b: Kingambit\n|-resisted|p1b: Kingambit\n|-damage|p1b: Kingambit|69\/100\n|-damage|p2a: Rillaboom|72\/100|[from] Recoil\n|move|p1a: Rillaboom|Wood Hammer|p2b: Volcanion\n|-damage|p2b: Volcanion|0 fnt\n|faint|p2b: Volcanion\n|-damage|p1a: Rillaboom|76\/100|[from] Recoil\n|\n|-heal|p2a: Rillaboom|78\/100|[from] Grassy Terrain\n|-heal|p1a: Rillaboom|82\/100|[from] Grassy Terrain\n|-heal|p1b: Kingambit|75\/100|[from] Grassy Terrain\n|upkeep\n|j| Toxinalpaca\n|inactive|fespy has 210 seconds left.\n|\n|t:|1699229087\n|switch|p2b: Iron Hands|Iron Hands, shiny|100\/100\n|turn|4\n|c| Toxinalpaca|Omg my 2 goats are playing one another\n|\n|t:|1699229105\n|move|p1b: Kingambit|Protect|p1b: Kingambit\n|-singleturn|p1b: Kingambit|Protect\n|move|p2a: Rillaboom|U-turn|p1a: Rillaboom\n|-supereffective|p1a: Rillaboom\n|-damage|p1a: Rillaboom|35\/100\n|j| KeanuVGC\n|inactive|fespy has 210 seconds left.\n|c| KeanuVGC|moment\n|\n|t:|1699229133\n|switch|p2a: Flutter Mane|Flutter Mane|100\/100|[from] U-turn\n|move|p1a: Rillaboom|U-turn|p2a: Flutter Mane\n|-resisted|p2a: Flutter Mane\n|-damage|p2a: Flutter Mane|92\/100\n|j| Iceberg77\n|inactive|xHys has 240 seconds left.\n|\n|t:|1699229153\n|switch|p1a: Volcanion|Volcanion|94\/100|[from] U-turn\n|move|p2b: Iron Hands|Swords Dance|p2b: Iron Hands\n|-boost|p2b: Iron Hands|atk|2\n|\n|-heal|p2a: Flutter Mane|98\/100|[from] Grassy Terrain\n|-heal|p1b: Kingambit|81\/100|[from] Grassy Terrain\n|-heal|p1a: Volcanion|99\/100|[from] Grassy Terrain\n|upkeep\n|turn|5\n|inactive|fespy has 210 seconds left.\n|c| Iceberg77|Redemption infighting :pensive:\n|inactive|xHys has 240 seconds left.\n|j| IwantFESPY2sitonme\n|inactive|fespy has 180 seconds left.\n|\n|t:|1699229224\n|move|p2a: Flutter Mane|Moonblast|p1b: Kingambit\n|-damage|p1b: Kingambit|15\/100\n|move|p1b: Kingambit|Kowtow Cleave|p2a: Flutter Mane\n|-damage|p2a: Flutter Mane|0 fnt\n|faint|p2a: Flutter Mane\n|-end|p2a: Flutter Mane|Protosynthesis|[silent]\n|move|p1a: Volcanion|Heat Wave|p2b: Iron Hands\n|-damage|p2b: Iron Hands|62\/100\n|-status|p2b: Iron Hands|brn\n|move|p2b: Iron Hands|Thunder Punch|p1a: Volcanion\n|-supereffective|p1a: Volcanion\n|-damage|p1a: Volcanion|31\/100\n|\n|-heal|p1b: Kingambit|22\/100|[from] Grassy Terrain\n|-heal|p1a: Volcanion|37\/100|[from] Grassy Terrain\n|-heal|p2b: Iron Hands|68\/100 brn|[from] Grassy Terrain\n|-damage|p2b: Iron Hands|62\/100 brn|[from] brn\n|-fieldend|move: Grassy Terrain\n|upkeep\n|j| Sunrose\n|c|\u2606xHys|sorry\n|l| Toxinalpaca\n|l| IwantFESPY2sitonme\n|inactive|fespy has 150 seconds left.\n|c|\u2606fespy|love mons\n|\n|t:|1699229255\n|switch|p2a: Rillaboom|Rillaboom, M|78\/100\n|-fieldstart|move: Grassy Terrain|[from] ability: Grassy Surge|[of] p2a: Rillaboom\n|turn|6\n|inactive|xHys has 240 seconds left.\n|inactive|fespy has 150 seconds left.\n|\n|t:|1699229266\n|move|p1b: Kingambit|Protect|p1b: Kingambit\n|-singleturn|p1b: Kingambit|Protect\n|move|p2a: Rillaboom|Wood Hammer|p1a: Volcanion\n|-damage|p1a: Volcanion|0 fnt\n|faint|p1a: Volcanion\n|-damage|p2a: Rillaboom|65\/100|[from] Recoil\n|move|p2b: Iron Hands|Swords Dance|p2b: Iron Hands\n|-boost|p2b: Iron Hands|atk|2\n|\n|-heal|p2a: Rillaboom|72\/100|[from] Grassy Terrain\n|-heal|p1b: Kingambit|28\/100|[from] Grassy Terrain\n|-heal|p2b: Iron Hands|68\/100 brn|[from] Grassy Terrain\n|-damage|p2b: Iron Hands|62\/100 brn|[from] brn\n|upkeep\n|inactive|xHys has 240 seconds left.\n|inactive|xHys has 210 seconds left.\n|\n|t:|1699229303\n|switch|p1a: Rillaboom|Rillaboom, M|35\/100\n|turn|7\n|inactive|xHys has 210 seconds left.\n|inactive|fespy has 150 seconds left.\n|l| MADARAAAA\n|inactive|fespy has 120 seconds left.\n|inactive|xHys has 180 seconds left.\n|\n|t:|1699229381\n|move|p1a: Rillaboom|Fake Out|p2a: Rillaboom\n|-damage|p2a: Rillaboom|57\/100\n|cant|p2a: Rillaboom|flinch\n|move|p1b: Kingambit|Kowtow Cleave|p2a: Rillaboom\n|-damage|p2a: Rillaboom|0 fnt\n|faint|p2a: Rillaboom\n|move|p2b: Iron Hands|Drain Punch|p1a: Rillaboom\n|-damage|p1a: Rillaboom|0 fnt\n|-heal|p2b: Iron Hands|77\/100 brn|[from] drain|[of] p1a: Rillaboom\n|faint|p1a: Rillaboom\n|\n|-heal|p1b: Kingambit|34\/100|[from] Grassy Terrain\n|-heal|p2b: Iron Hands|84\/100 brn|[from] Grassy Terrain\n|-damage|p2b: Iron Hands|77\/100 brn|[from] brn\n|upkeep\n|\n|t:|1699229405\n|switch|p2a: Ursaluna|Ursaluna, M, shiny|100\/100\n|switch|p1a: Cresselia|Cresselia, F|42\/100\n|turn|8\n|inactive|xHys has 210 seconds left.\n|l|+GenOne\n|inactive|fespy has 120 seconds left.\n|\n|t:|1699229453\n|move|p1b: Kingambit|Protect|p1b: Kingambit\n|-singleturn|p1b: Kingambit|Protect\n|move|p2b: Iron Hands|Protect|p2b: Iron Hands\n|-singleturn|p2b: Iron Hands|Protect\n|move|p1a: Cresselia|Lunar Blessing|p1a: Cresselia|[spread] p1a,p1b\n|-heal|p1a: Cresselia|67\/100\n|-heal|p1b: Kingambit|59\/100\n|move|p2a: Ursaluna|Headlong Rush|p1b: Kingambit\n|-activate|p1b: Kingambit|move: Protect\n|\n|-heal|p1b: Kingambit|65\/100|[from] Grassy Terrain\n|-heal|p2b: Iron Hands|84\/100 brn|[from] Grassy Terrain\n|-damage|p2b: Iron Hands|77\/100 brn|[from] brn\n|-status|p2a: Ursaluna|brn|[from] item: Flame Orb\n|upkeep\n|turn|9\n|inactive|xHys has 210 seconds left.\n|inactive|fespy has 120 seconds left.\n|j| Akaru Kokuyo\u3075\u308f\n|j| tpnvgc\n|inactive|xHys has 180 seconds left.\n|l| Iceberg77\n|inactive|fespy has 90 seconds left.\n|j|+Gentle Dragonite\n|inactive|fespy has 60 seconds left.\n|l| Ninja\n|\n|t:|1699229549\n|move|p2b: Iron Hands|Protect||[still]\n|-fail|p2b: Iron Hands\n|move|p1a: Cresselia|Ally Switch|p1a: Cresselia\n|swap|p1a: Cresselia|1|[from] move: Ally Switch\n|move|p1a: Kingambit|Kowtow Cleave|p2a: Ursaluna\n|-damage|p2a: Ursaluna|55\/100 brn\n|move|p2a: Ursaluna|Headlong Rush|p1b: Cresselia\n|-immune|p1b: Cresselia|[from] ability: Levitate\n|\n|-heal|p1a: Kingambit|71\/100|[from] Grassy Terrain\n|-heal|p2b: Iron Hands|84\/100 brn|[from] Grassy Terrain\n|-heal|p2a: Ursaluna|61\/100 brn|[from] Grassy Terrain\n|-damage|p2a: Ursaluna|55\/100 brn|[from] brn\n|-damage|p2b: Iron Hands|77\/100 brn|[from] brn\n|upkeep\n|turn|10\n|inactive|fespy has 60 seconds left.\n|c|\u2606fespy|oh i didn't realize I protected\n|inactive|xHys has 180 seconds left.\n|\n|t:|1699229583\n|move|p1a: Kingambit|Protect|p1a: Kingambit\n|-singleturn|p1a: Kingambit|Protect\n|move|p1b: Cresselia|Ice Beam|p2a: Ursaluna\n|-supereffective|p2a: Ursaluna\n|-damage|p2a: Ursaluna|27\/100 brn\n|move|p2a: Ursaluna|Facade|p1b: Cresselia\n|-crit|p1b: Cresselia\n|-damage|p1b: Cresselia|0 fnt\n|faint|p1b: Cresselia\n|move|p2b: Iron Hands|Drain Punch|p1a: Kingambit\n|-activate|p1a: Kingambit|move: Protect\n|\n|-heal|p1a: Kingambit|77\/100|[from] Grassy Terrain\n|-heal|p2a: Ursaluna|33\/100 brn|[from] Grassy Terrain\n|-heal|p2b: Iron Hands|84\/100 brn|[from] Grassy Terrain\n|-damage|p2b: Iron Hands|77\/100 brn|[from] brn\n|-damage|p2a: Ursaluna|27\/100 brn|[from] brn\n|-fieldend|move: Grassy Terrain\n|upkeep\n|\n|t:|1699229596\n|switch|p1b: Flutter Mane|Flutter Mane|100\/100\n|turn|11\n|inactive|xHys has 180 seconds left.\n|inactive|fespy has 60 seconds left.\n|j| Nido-Rus\n|\n|t:|1699229641\n|-terastallize|p1b: Flutter Mane|Fairy\n|-terastallize|p2b: Iron Hands|Water\n|move|p2a: Ursaluna|Protect|p2a: Ursaluna\n|-singleturn|p2a: Ursaluna|Protect\n|move|p1b: Flutter Mane|Dazzling Gleam|p2a: Ursaluna|[spread] p2b\n|-activate|p2a: Ursaluna|move: Protect\n|-damage|p2b: Iron Hands|34\/100 brn\n|-enditem|p2b: Iron Hands|Sitrus Berry|[eat]\n|-heal|p2b: Iron Hands|59\/100 brn|[from] item: Sitrus Berry\n|move|p1a: Kingambit|Kowtow Cleave|p2b: Iron Hands\n|-damage|p2b: Iron Hands|19\/100 brn\n|move|p2b: Iron Hands|Drain Punch|p1a: Kingambit\n|-supereffective|p1a: Kingambit\n|-damage|p1a: Kingambit|0 fnt\n|-heal|p2b: Iron Hands|53\/100 brn|[from] drain|[of] p1a: Kingambit\n|faint|p1a: Kingambit\n|\n|-damage|p2a: Ursaluna|20\/100 brn|[from] brn\n|-damage|p2b: Iron Hands|47\/100 brn|[from] brn\n|upkeep\n|\n|t:|1699229653\n|switch|p1a: Ursaluna|Ursaluna, M|100\/100\n|turn|12\n|inactive|fespy has 60 seconds left.\n|\n|t:|1699229670\n|move|p1b: Flutter Mane|Dazzling Gleam|p2b: Iron Hands|[spread] p2a,p2b\n|-damage|p2a: Ursaluna|0 fnt\n|-damage|p2b: Iron Hands|4\/100 brn\n|faint|p2a: Ursaluna\n|move|p2b: Iron Hands|Drain Punch|p1a: Ursaluna\n|-supereffective|p1a: Ursaluna\n|-damage|p1a: Ursaluna|10\/100\n|-heal|p2b: Iron Hands|50\/100 brn|[from] drain|[of] p1a: Ursaluna\n|move|p1a: Ursaluna|Facade|p2b: Iron Hands\n|-damage|p2b: Iron Hands|22\/100 brn\n|\n|-damage|p2b: Iron Hands|16\/100 brn|[from] brn\n|-status|p1a: Ursaluna|brn|[from] item: Flame Orb\n|upkeep\n|inactive|fespy has 60 seconds left.\n|\n|t:|1699229677\n|switch|p2a: Cresselia|Cresselia, F, shiny|100\/100\n|turn|13\n|\n|t:|1699229689\n|move|p2b: Iron Hands|Protect|p2b: Iron Hands\n|-singleturn|p2b: Iron Hands|Protect\n|move|p1b: Flutter Mane|Dazzling Gleam|p2a: Cresselia|[spread] p2a\n|-activate|p2b: Iron Hands|move: Protect\n|-damage|p2a: Cresselia|72\/100\n|move|p1a: Ursaluna|Facade|p2a: Cresselia\n|-damage|p2a: Cresselia|0 fnt\n|faint|p2a: Cresselia\n|\n|-damage|p2b: Iron Hands|10\/100 brn|[from] brn\n|-damage|p1a: Ursaluna|4\/100 brn|[from] brn\n|upkeep\n|turn|14\n|c|\u2606fespy|gg\n|l| tpnvgc\n|inactive|fespy has 90 seconds left.\n|c|\u2606xHys|gg\n|l| kaori\u273f\n|-message|fespy forfeited.\n|\n|win|xHys\n","uploadtime":1699229703,"views":95,"p1id":"xhys","p2id":"fespy","formatid":"gen9doublesou","rating":0,"private":0,"password":""}