{"id":"gen9doublesou-1976188291","p1":"Kalo.munro","p2":"EkCantDrawLol","format":"[Gen 9] Doubles OU","log":"|j|\u203dKalo.munro\n|j|\u2606EkCantDrawLol\n|t:|1698271831\n|gametype|doubles\n|player|p1|Kalo.munro|102|1372\n|player|p2|EkCantDrawLol|1|1477\n|teamsize|p1|6\n|teamsize|p2|6\n|gen|9\n|tier|[Gen 9] Doubles OU\n|rated|\n|rule|Species Clause: Limit one of each Pok\u00e9mon\n|rule|OHKO Clause: OHKO moves are banned\n|rule|Evasion Moves Clause: Evasion moves are banned\n|rule|Gravity Sleep Clause: The combination of sleep-inducing moves with imperfect accuracy and Gravity or Gigantamax Orbeetle are banned\n|rule|Endless Battle Clause: Forcing endless battles is banned\n|rule|HP Percentage Mod: HP is shown in percentages\n|clearpoke\n|poke|p1|Regieleki|\n|poke|p1|Grimmsnarl, M|\n|poke|p1|Garganacl, M|\n|poke|p1|Toxapex, M|\n|poke|p1|Kleavor, M|\n|poke|p1|Sinistcha|\n|poke|p2|Kommo-o, F|\n|poke|p2|Tyranitar, M|\n|poke|p2|Flutter Mane|\n|poke|p2|Tornadus, M|\n|poke|p2|Amoonguss, F|\n|poke|p2|Ursaluna, F|\n|teampreview\n|inactive|Battle timer is ON: inactive players will automatically lose when time's up. (requested by Kalo.munro)\n|\n|t:|1698271854\n|start\n|switch|p1a: Grimmsnarl|Grimmsnarl, M|100\/100\n|switch|p1b: Regieleki|Regieleki, shiny|100\/100\n|switch|p2a: Ursaluna|Ursaluna, F, shiny|100\/100\n|switch|p2b: Amoonguss|Amoonguss, F, shiny|100\/100\n|turn|1\n|\n|t:|1698271862\n|-terastallize|p1b: Regieleki|Fighting\n|move|p1a: Grimmsnarl|Taunt|p2b: Amoonguss\n|-start|p2b: Amoonguss|move: Taunt\n|move|p1b: Regieleki|Tera Blast|p2a: Ursaluna|[anim] Tera Blast Fighting\n|-supereffective|p2a: Ursaluna\n|-damage|p2a: Ursaluna|34\/100\n|move|p2a: Ursaluna|Yawn|p1a: Grimmsnarl\n|-start|p1a: Grimmsnarl|move: Yawn|[of] p2a: Ursaluna\n|cant|p2b: Amoonguss|move: Taunt|Spore\n|\n|-status|p2a: Ursaluna|brn|[from] item: Flame Orb\n|upkeep\n|turn|2\n|\n|t:|1698271888\n|switch|p1a: Garganacl|Garganacl, M, shiny|100\/100\n|switch|p2b: Flutter Mane|Flutter Mane, shiny|100\/100\n|-enditem|p2b: Flutter Mane|Booster Energy\n|-activate|p2b: Flutter Mane|ability: Protosynthesis|[fromitem]\n|-start|p2b: Flutter Mane|protosynthesisspe\n|move|p2a: Ursaluna|Protect|p2a: Ursaluna\n|-singleturn|p2a: Ursaluna|Protect\n|move|p1b: Regieleki|Tera Blast|p2a: Ursaluna|[anim] Tera Blast Fighting\n|-activate|p2a: Ursaluna|move: Protect\n|\n|-damage|p2a: Ursaluna|28\/100 brn|[from] brn\n|upkeep\n|turn|3\n|\n|t:|1698271905\n|move|p2b: Flutter Mane|Moonblast|p1b: Regieleki\n|-supereffective|p1b: Regieleki\n|-damage|p1b: Regieleki|0 fnt\n|faint|p1b: Regieleki\n|move|p1a: Garganacl|Salt Cure|p2b: Flutter Mane\n|-damage|p2b: Flutter Mane|67\/100\n|-start|p2b: Flutter Mane|Salt Cure\n|move|p2a: Ursaluna|Facade|p1a: Garganacl\n|-resisted|p1a: Garganacl\n|-damage|p1a: Garganacl|62\/100\n|\n|-damage|p2a: Ursaluna|22\/100 brn|[from] brn\n|-damage|p2b: Flutter Mane|55\/100|[from] Salt Cure\n|upkeep\n|\n|t:|1698271913\n|switch|p1b: Sinistcha|Sinistcha|100\/100\n|-heal|p1a: Garganacl|87\/100|[from] ability: Hospitality|[of] p1b: Sinistcha\n|turn|4\n|\n|t:|1698271923\n|move|p2b: Flutter Mane|Shadow Ball|p1b: Sinistcha\n|-supereffective|p1b: Sinistcha\n|-damage|p1b: Sinistcha|18\/100\n|-enditem|p1b: Sinistcha|Sitrus Berry|[eat]\n|-heal|p1b: Sinistcha|43\/100|[from] item: Sitrus Berry\n|move|p1b: Sinistcha|Matcha Gotcha|p2b: Flutter Mane|[spread] p2b\n|-miss|p1b: Sinistcha|p2a: Ursaluna\n|-damage|p2b: Flutter Mane|28\/100\n|-heal|p1b: Sinistcha|53\/100|[from] drain|[of] p2b: Flutter Mane\n|move|p1a: Garganacl|Salt Cure|p2b: Flutter Mane\n|-damage|p2b: Flutter Mane|0 fnt\n|faint|p2b: Flutter Mane\n|-end|p2b: Flutter Mane|Protosynthesis|[silent]\n|move|p2a: Ursaluna|Earthquake|p1a: Garganacl|[spread] p1a,p1b\n|-supereffective|p1a: Garganacl\n|-resisted|p1b: Sinistcha\n|-damage|p1a: Garganacl|0 fnt\n|-damage|p1b: Sinistcha|22\/100\n|faint|p1a: Garganacl\n|\n|-damage|p2a: Ursaluna|15\/100 brn|[from] brn\n|upkeep\n|\n|t:|1698271937\n|switch|p2b: Tornadus|Tornadus, M, shiny|100\/100\n|switch|p1a: Kleavor|Kleavor, M, shiny|100\/100\n|turn|5\n|\n|t:|1698271942\n|move|p2b: Tornadus|Tailwind|p2b: Tornadus\n|-sidestart|p2: EkCantDrawLol|move: Tailwind\n|move|p1a: Kleavor|Stone Axe|p2b: Tornadus\n|-supereffective|p2b: Tornadus\n|-damage|p2b: Tornadus|0 fnt\n|-sidestart|p2: EkCantDrawLol|move: Stealth Rock\n|faint|p2b: Tornadus\n|move|p2a: Ursaluna|Earthquake|p1a: Kleavor|[spread] p1a,p1b\n|-resisted|p1b: Sinistcha\n|-damage|p1a: Kleavor|13\/100\n|-damage|p1b: Sinistcha|0 fnt\n|faint|p1b: Sinistcha\n|\n|-damage|p2a: Ursaluna|9\/100 brn|[from] brn\n|upkeep\n|-message|Kalo.munro forfeited.\n|\n|win|EkCantDrawLol\n|raw|Kalo.munro's rating: 1372 &rarr; <strong>1358<\/strong><br \/>(-14 for losing)\n|raw|EkCantDrawLol's rating: 1477 &rarr; <strong>1491<\/strong><br \/>(+14 for winning)\n|l|\u203dKalo.munro\n","uploadtime":1698271974,"views":12,"p1id":"kalomunro","p2id":"ekcantdrawlol","formatid":"gen9doublesou","rating":1358,"private":0,"password":""}