{"id":"gen9doublesou-1982133992","p1":"flipplebop","p2":"xtevia","format":"[Gen 9] Doubles OU","log":"|j|\u2606flipplebop\n|j|\u2606xtevia\n|t:|1698971350\n|gametype|doubles\n|player|p1|flipplebop|265|1512\n|player|p2|xtevia|169|1447\n|teamsize|p1|6\n|teamsize|p2|6\n|gen|9\n|tier|[Gen 9] Doubles OU\n|rated|\n|rule|Species Clause: Limit one of each Pok\u00e9mon\n|rule|OHKO Clause: OHKO moves are banned\n|rule|Evasion Moves Clause: Evasion moves are banned\n|rule|Gravity Sleep Clause: The combination of sleep-inducing moves with imperfect accuracy and Gravity or Gigantamax Orbeetle are banned\n|rule|Endless Battle Clause: Forcing endless battles is banned\n|rule|HP Percentage Mod: HP is shown in percentages\n|clearpoke\n|poke|p1|Ting-Lu|\n|poke|p1|Dragonite, F|\n|poke|p1|Grimmsnarl, M|\n|poke|p1|Chien-Pao|\n|poke|p1|Flutter Mane|\n|poke|p1|Iron Hands|\n|poke|p2|Toxapex, F|\n|poke|p2|Goodra-Hisui, F|\n|poke|p2|Chi-Yu|\n|poke|p2|Sinistcha|\n|poke|p2|Landorus-Therian, M|\n|poke|p2|Murkrow, M|\n|teampreview\n|inactive|Battle timer is ON: inactive players will automatically lose when time's up. (requested by xtevia)\n|inactive|xtevia has 120 seconds left.\n|\n|t:|1698971382\n|start\n|switch|p1a: Ting-Lu|Ting-Lu|100\/100\n|switch|p1b: Grimmsnarl|Grimmsnarl, M|100\/100\n|switch|p2a: Landorus|Landorus-Therian, M|100\/100\n|switch|p2b: Chi-Yu|Chi-Yu|100\/100\n|-ability|p2b: Chi-Yu|Beads of Ruin\n|-ability|p2a: Landorus|Intimidate|boost\n|-unboost|p1a: Ting-Lu|atk|1\n|-unboost|p1b: Grimmsnarl|atk|1\n|-ability|p1a: Ting-Lu|Vessel of Ruin\n|turn|1\n|\n|t:|1698971396\n|switch|p2b: Sinistcha|Sinistcha|100\/100\n|move|p1b: Grimmsnarl|Light Screen|p1b: Grimmsnarl\n|-sidestart|p1: flipplebop|move: Light Screen\n|move|p2a: Landorus|Taunt|p1a: Ting-Lu\n|-start|p1a: Ting-Lu|move: Taunt\n|cant|p1a: Ting-Lu|move: Taunt|Stealth Rock\n|\n|upkeep\n|turn|2\n|inactive|flipplebop has 120 seconds left.\n|inactive|flipplebop has 90 seconds left.\n|\n|t:|1698971459\n|switch|p1a: Iron Hands|Iron Hands|100\/100\n|move|p1b: Grimmsnarl|Parting Shot|p2b: Sinistcha\n|-unboost|p2b: Sinistcha|atk|1\n|-unboost|p2b: Sinistcha|spa|1\n|inactive|flipplebop has 90 seconds left.\n|\n|t:|1698971469\n|switch|p1b: Ting-Lu|Ting-Lu|100\/100|[from] Parting Shot\n|-ability|p1b: Ting-Lu|Vessel of Ruin\n|move|p2a: Landorus|Taunt|p1b: Ting-Lu\n|-start|p1b: Ting-Lu|move: Taunt\n|move|p2b: Sinistcha|Calm Mind|p2b: Sinistcha\n|-boost|p2b: Sinistcha|spa|1\n|-boost|p2b: Sinistcha|spd|1\n|\n|upkeep\n|turn|3\n|c|\u2606flipplebop|Lol\n|inactive|flipplebop has 90 seconds left.\n|\n|t:|1698971492\n|switch|p1b: Flutter Mane|Flutter Mane|100\/100\n|move|p1a: Iron Hands|Fake Out|p2a: Landorus\n|-crit|p2a: Landorus\n|-damage|p2a: Landorus|71\/100\n|move|p2a: Landorus|Earth Power|p1a: Iron Hands\n|-supereffective|p1a: Iron Hands\n|-crit|p1a: Iron Hands\n|-damage|p1a: Iron Hands|27\/100\n|move|p2b: Sinistcha|Calm Mind|p2b: Sinistcha\n|-boost|p2b: Sinistcha|spa|1\n|-boost|p2b: Sinistcha|spd|1\n|\n|upkeep\n|turn|4\n|inactive|xtevia has 120 seconds left.\n|\n|t:|1698971528\n|switch|p2a: Toxapex|Toxapex, F|100\/100\n|move|p1b: Flutter Mane|Shadow Ball|p2b: Sinistcha\n|-supereffective|p2b: Sinistcha\n|-damage|p2b: Sinistcha|39\/100\n|move|p2b: Sinistcha|Shadow Ball|p1b: Flutter Mane\n|-supereffective|p1b: Flutter Mane\n|-damage|p1b: Flutter Mane|38\/100\n|move|p1a: Iron Hands|Drain Punch|p2a: Toxapex\n|-resisted|p2a: Toxapex\n|-damage|p2a: Toxapex|86\/100\n|-heal|p1a: Iron Hands|31\/100|[from] drain|[of] p2a: Toxapex\n|-damage|p1a: Iron Hands|14\/100|[from] item: Rocky Helmet|[of] p2a: Toxapex\n|\n|upkeep\n|turn|5\n|inactive|flipplebop has 120 seconds left.\n|\n|t:|1698971546\n|switch|p2b: Murkrow|Murkrow, M|100\/100\n|move|p2a: Toxapex|Baneful Bunker|p2a: Toxapex\n|-singleturn|p2a: Toxapex|move: Protect\n|move|p1b: Flutter Mane|Shadow Ball|p2b: Murkrow\n|-resisted|p2b: Murkrow\n|-damage|p2b: Murkrow|73\/100\n|move|p1a: Iron Hands|Wild Charge|p2a: Toxapex\n|-activate|p2a: Toxapex|move: Protect\n|-status|p1a: Iron Hands|psn\n|\n|-damage|p1a: Iron Hands|2\/100 psn|[from] psn\n|upkeep\n|turn|6\n|inactive|flipplebop has 120 seconds left.\n|\n|t:|1698971574\n|switch|p2b: Landorus|Landorus-Therian, M|71\/100\n|-ability|p2b: Landorus|Intimidate|boost\n|-unboost|p1a: Iron Hands|atk|1\n|-unboost|p1b: Flutter Mane|atk|1\n|move|p2a: Toxapex|Wide Guard|p2a: Toxapex\n|-singleturn|p2a: Toxapex|Wide Guard\n|move|p1b: Flutter Mane|Shadow Ball|p2a: Toxapex\n|-damage|p2a: Toxapex|49\/100\n|move|p1a: Iron Hands|Drain Punch|p2b: Landorus\n|-resisted|p2b: Landorus\n|-damage|p2b: Landorus|53\/100\n|-heal|p1a: Iron Hands|8\/100 psn|[from] drain|[of] p2b: Landorus\n|\n|-damage|p1a: Iron Hands|0 fnt|[from] psn\n|faint|p1a: Iron Hands\n|-end|p1a: Iron Hands|Quark Drive|[silent]\n|upkeep\n|\n|t:|1698971584\n|switch|p1a: Grimmsnarl|Grimmsnarl, M|100\/100\n|turn|7\n|\n|t:|1698971605\n|switch|p2b: Chi-Yu|Chi-Yu|100\/100\n|-ability|p2b: Chi-Yu|Beads of Ruin\n|move|p1a: Grimmsnarl|Reflect|p1a: Grimmsnarl\n|-sidestart|p1: flipplebop|Reflect\n|move|p1b: Flutter Mane|Shadow Ball|p2b: Chi-Yu\n|-resisted|p2b: Chi-Yu\n|-damage|p2b: Chi-Yu|72\/100\n|move|p2a: Toxapex|Icy Wind|p1b: Flutter Mane|[spread] p1a,p1b\n|-damage|p1a: Grimmsnarl|96\/100\n|-damage|p1b: Flutter Mane|33\/100\n|-unboost|p1a: Grimmsnarl|spe|1\n|-unboost|p1b: Flutter Mane|spe|1\n|\n|upkeep\n|turn|8\n|\n|t:|1698971622\n|move|p2a: Toxapex|Baneful Bunker|p2a: Toxapex\n|-singleturn|p2a: Toxapex|move: Protect\n|move|p1a: Grimmsnarl|Parting Shot|p2b: Chi-Yu\n|-hint|Since gen 7, Dark is immune to Prankster moves.\n|-immune|p2b: Chi-Yu\n|move|p2b: Chi-Yu|Heat Wave|p1b: Flutter Mane|[spread] p1a,p1b\n|-damage|p1a: Grimmsnarl|69\/100\n|-damage|p1b: Flutter Mane|0 fnt\n|faint|p1b: Flutter Mane\n|-end|p1b: Flutter Mane|Protosynthesis|[silent]\n|\n|-sideend|p1: flipplebop|move: Light Screen\n|upkeep\n|\n|t:|1698971626\n|switch|p1b: Ting-Lu|Ting-Lu|100\/100\n|-ability|p1b: Ting-Lu|Vessel of Ruin\n|turn|9\n|inactive|xtevia has 120 seconds left.\n|\n|t:|1698971664\n|switch|p2b: Landorus|Landorus-Therian, M|53\/100\n|-ability|p2b: Landorus|Intimidate|boost\n|-unboost|p1a: Grimmsnarl|atk|1\n|-unboost|p1b: Ting-Lu|atk|1\n|move|p1a: Grimmsnarl|Light Screen|p1a: Grimmsnarl\n|-sidestart|p1: flipplebop|move: Light Screen\n|move|p1b: Ting-Lu|Stealth Rock|p2a: Toxapex\n|-sidestart|p2: xtevia|move: Stealth Rock\n|move|p2a: Toxapex|Icy Wind|p1a: Grimmsnarl|[spread] p1b\n|-miss|p2a: Toxapex|p1a: Grimmsnarl\n|-supereffective|p1b: Ting-Lu\n|-damage|p1b: Ting-Lu|96\/100\n|-unboost|p1b: Ting-Lu|spe|1\n|\n|upkeep\n|turn|10\n|inactive|xtevia has 120 seconds left.\n|j| JewelAlien\n|\n|t:|1698971706\n|move|p2a: Toxapex|Baneful Bunker|p2a: Toxapex\n|-singleturn|p2a: Toxapex|move: Protect\n|move|p1a: Grimmsnarl|Parting Shot|p2b: Landorus\n|-unboost|p2b: Landorus|atk|1\n|-unboost|p2b: Landorus|spa|1\n|inactive|flipplebop has 120 seconds left.\n|\n|t:|1698971722\n|switch|p1a: Chien-Pao|Chien-Pao|100\/100|[from] Parting Shot\n|-ability|p1a: Chien-Pao|Sword of Ruin\n|move|p2b: Landorus|U-turn|p1b: Ting-Lu\n|-supereffective|p1b: Ting-Lu\n|-damage|p1b: Ting-Lu|86\/100\n|inactive|xtevia has 90 seconds left.\n|\n|t:|1698971750\n|switch|p2b: Sinistcha|Sinistcha|39\/100|[from] U-turn\n|-damage|p2b: Sinistcha|27\/100|[from] Stealth Rock\n|-heal|p2a: Toxapex|74\/100|[from] ability: Hospitality|[of] p2b: Sinistcha\n|move|p1b: Ting-Lu|Stomping Tantrum|p2a: Toxapex\n|-activate|p2a: Toxapex|move: Protect\n|-status|p1b: Ting-Lu|psn\n|\n|-damage|p1b: Ting-Lu|74\/100 psn|[from] psn\n|upkeep\n|turn|11\n|\n|t:|1698971766\n|switch|p2b: Chi-Yu|Chi-Yu|72\/100\n|-damage|p2b: Chi-Yu|47\/100|[from] Stealth Rock\n|-ability|p2b: Chi-Yu|Beads of Ruin\n|switch|p2a: Landorus|Landorus-Therian, M|53\/100\n|-damage|p2a: Landorus|41\/100|[from] Stealth Rock\n|-ability|p2a: Landorus|Intimidate|boost\n|-unboost|p1a: Chien-Pao|atk|1\n|-unboost|p1b: Ting-Lu|atk|1\n|move|p1a: Chien-Pao|Ice Spinner|p2b: Chi-Yu\n|-resisted|p2b: Chi-Yu\n|-damage|p2b: Chi-Yu|20\/100\n|move|p1b: Ting-Lu|Spikes|p2a: Landorus\n|-sidestart|p2: xtevia|Spikes\n|\n|-damage|p1b: Ting-Lu|61\/100 psn|[from] psn\n|upkeep\n|turn|12\n|inactive|xtevia has 120 seconds left.\n|inactive|xtevia has 90 seconds left.\n|inactive|xtevia has 60 seconds left.\n|c|\u2606flipplebop|?\n|inactive|xtevia has 30 seconds left.\n|\n|t:|1698971869\n|switch|p2a: Sinistcha|Sinistcha|27\/100\n|-damage|p2a: Sinistcha|14\/100|[from] Stealth Rock\n|-damage|p2a: Sinistcha|2\/100|[from] Spikes\n|-heal|p2b: Chi-Yu|45\/100|[from] ability: Hospitality|[of] p2a: Sinistcha\n|-enditem|p2a: Sinistcha|Wiki Berry|[eat]\n|-heal|p2a: Sinistcha|35\/100|[from] item: Wiki Berry\n|move|p2b: Chi-Yu|Heat Wave|p1a: Chien-Pao|[spread] p1a,p1b\n|-supereffective|p1a: Chien-Pao\n|-damage|p1a: Chien-Pao|18\/100\n|-damage|p1b: Ting-Lu|42\/100 psn\n|move|p1a: Chien-Pao|Ice Spinner|p2a: Sinistcha\n|-supereffective|p2a: Sinistcha\n|-damage|p2a: Sinistcha|0 fnt\n|faint|p2a: Sinistcha\n|move|p1b: Ting-Lu|Stomping Tantrum|p2b: Chi-Yu\n|-supereffective|p2b: Chi-Yu\n|-damage|p2b: Chi-Yu|0 fnt\n|faint|p2b: Chi-Yu\n|\n|-damage|p1b: Ting-Lu|29\/100 psn|[from] psn\n|upkeep\n|inactive|xtevia has 30 seconds left this turn.\n|inactive|xtevia has 20 seconds left.\n|inactive|xtevia has 15 seconds left.\n|inactive|xtevia has 10 seconds left.\n|\n|t:|1698971891\n|switch|p2b: Murkrow|Murkrow, M|73\/100\n|switch|p2a: Goodra|Goodra-Hisui, F|100\/100\n|-damage|p2b: Murkrow|48\/100|[from] Stealth Rock\n|-damage|p2a: Goodra|94\/100|[from] Stealth Rock\n|-damage|p2a: Goodra|82\/100|[from] Spikes\n|turn|13\n|inactive|xtevia has 30 seconds left.\n|\n|t:|1698971906\n|-terastallize|p2a: Goodra|Water\n|move|p1a: Chien-Pao|Ice Shard|p2b: Murkrow\n|-supereffective|p2b: Murkrow\n|-damage|p2b: Murkrow|0 fnt\n|faint|p2b: Murkrow\n|move|p2a: Goodra|Shelter|p2a: Goodra\n|-boost|p2a: Goodra|def|2\n|move|p1b: Ting-Lu|Whirlwind|p2a: Goodra\n|drag|p2a: Toxapex|Toxapex, F|100\/100\n|-damage|p2a: Toxapex|88\/100|[from] Stealth Rock\n|-damage|p2a: Toxapex|76\/100|[from] Spikes\n|\n|-damage|p1b: Ting-Lu|17\/100 psn|[from] psn\n|upkeep\n|-enditem|p1b: Ting-Lu|Figy Berry|[eat]\n|-heal|p1b: Ting-Lu|50\/100 psn|[from] item: Figy Berry\n|inactive|xtevia has 30 seconds left this turn.\n|inactive|xtevia has 20 seconds left.\n|inactive|xtevia has 15 seconds left.\n|\n|t:|1698971922\n|switch|p2b: Landorus|Landorus-Therian, M|41\/100\n|-damage|p2b: Landorus|28\/100|[from] Stealth Rock\n|-ability|p2b: Landorus|Intimidate|boost\n|-unboost|p1a: Chien-Pao|atk|1\n|-unboost|p1b: Ting-Lu|atk|1\n|turn|14\n|\n|t:|1698971934\n|move|p1a: Chien-Pao|Ice Shard|p2b: Landorus\n|-supereffective|p2b: Landorus\n|-damage|p2b: Landorus|0 fnt\n|faint|p2b: Landorus\n|move|p2a: Toxapex|Icy Wind|p1a: Chien-Pao|[spread] p1a,p1b\n|-resisted|p1a: Chien-Pao\n|-supereffective|p1b: Ting-Lu\n|-damage|p1a: Chien-Pao|15\/100\n|-damage|p1b: Ting-Lu|46\/100 psn\n|-unboost|p1a: Chien-Pao|spe|1\n|-unboost|p1b: Ting-Lu|spe|1\n|move|p1b: Ting-Lu|Whirlwind|p2a: Toxapex\n|drag|p2a: Goodra|Goodra-Hisui, F, tera:Water|82\/100\n|-damage|p2a: Goodra|70\/100|[from] Stealth Rock\n|-damage|p2a: Goodra|57\/100|[from] Spikes\n|\n|-heal|p2a: Goodra|63\/100|[from] item: Leftovers\n|-damage|p1b: Ting-Lu|34\/100 psn|[from] psn\n|-sideend|p1: flipplebop|Reflect\n|upkeep\n|inactive|xtevia has 30 seconds left.\n|inactive|xtevia has 20 seconds left.\n|\n|t:|1698971954\n|switch|p2b: Toxapex|Toxapex, F|100\/100\n|-damage|p2b: Toxapex|88\/100|[from] Stealth Rock\n|-damage|p2b: Toxapex|76\/100|[from] Spikes\n|turn|15\n|inactive|flipplebop has 120 seconds left.\n|\n|t:|1698971985\n|switch|p1a: Grimmsnarl|Grimmsnarl, M|69\/100\n|switch|p1b: Dragonite|Dragonite, F|100\/100\n|move|p2a: Goodra|Life Dew|p2a: Goodra|[spread] p2a,p2b\n|-heal|p2a: Goodra|88\/100\n|-heal|p2b: Toxapex|100\/100\n|move|p2b: Toxapex|Icy Wind|p1a: Grimmsnarl|[spread] p1a,p1b\n|-supereffective|p1b: Dragonite\n|-damage|p1a: Grimmsnarl|66\/100\n|-damage|p1b: Dragonite|93\/100\n|-unboost|p1a: Grimmsnarl|spe|1\n|-unboost|p1b: Dragonite|spe|1\n|\n|-heal|p2a: Goodra|94\/100|[from] item: Leftovers\n|upkeep\n|turn|16\n|inactive|xtevia has 60 seconds left.\n|inactive|flipplebop has 120 seconds left.\n|\n|t:|1698972014\n|-terastallize|p1b: Dragonite|Normal\n|move|p1b: Dragonite|Extreme Speed|p2a: Goodra\n|-damage|p2a: Goodra|36\/100\n|-damage|p1b: Dragonite|83\/100|[from] item: Life Orb\n|move|p2a: Goodra|Shelter|p2a: Goodra\n|-boost|p2a: Goodra|def|2\n|move|p2b: Toxapex|Infestation|p1b: Dragonite\n|-damage|p1b: Dragonite|81\/100\n|-activate|p1b: Dragonite|move: Infestation|[of] p2b: Toxapex\n|move|p1a: Grimmsnarl|Spirit Break|p2a: Goodra\n|-damage|p2a: Goodra|22\/100\n|-unboost|p2a: Goodra|spa|1\n|\n|-heal|p2a: Goodra|28\/100|[from] item: Leftovers\n|-damage|p1b: Dragonite|68\/100|[from] move: Infestation|[partiallytrapped]\n|-sideend|p1: flipplebop|move: Light Screen\n|upkeep\n|turn|17\n|inactive|xtevia has 60 seconds left.\n|inactive|xtevia has 30 seconds left.\n|\n|t:|1698972061\n|move|p1b: Dragonite|Extreme Speed|p2a: Goodra\n|-damage|p2a: Goodra|0 fnt\n|faint|p2a: Goodra\n|-damage|p1b: Dragonite|58\/100|[from] item: Life Orb\n|move|p2b: Toxapex|Icy Wind|p1a: Grimmsnarl|[spread] p1b\n|-miss|p2b: Toxapex|p1a: Grimmsnarl\n|-damage|p1b: Dragonite|52\/100\n|-unboost|p1b: Dragonite|spe|1\n|move|p1a: Grimmsnarl|Spirit Break|p2b: Toxapex\n|-resisted|p2b: Toxapex\n|-crit|p2b: Toxapex\n|-damage|p2b: Toxapex|87\/100\n|-unboost|p2b: Toxapex|spa|1\n|-damage|p1a: Grimmsnarl|49\/100|[from] item: Rocky Helmet|[of] p2b: Toxapex\n|\n|-damage|p1b: Dragonite|40\/100|[from] move: Infestation|[partiallytrapped]\n|upkeep\n|turn|18\n|\n|t:|1698972077\n|move|p2b: Toxapex|Baneful Bunker|p2b: Toxapex\n|-singleturn|p2b: Toxapex|move: Protect\n|move|p1b: Dragonite|Extreme Speed|p2b: Toxapex\n|-activate|p2b: Toxapex|move: Protect\n|-status|p1b: Dragonite|psn\n|move|p1a: Grimmsnarl|Parting Shot|p2b: Toxapex\n|-activate|p2b: Toxapex|move: Protect\n|\n|-damage|p1b: Dragonite|27\/100 psn|[from] psn\n|-damage|p1b: Dragonite|15\/100 psn|[from] move: Infestation|[partiallytrapped]\n|upkeep\n|turn|19\n|inactive|xtevia has 60 seconds left.\n|inactive|xtevia has 30 seconds left.\n|inactive|xtevia has 20 seconds left.\n|inactive|xtevia has 15 seconds left.\n|\n|t:|1698972128\n|move|p1b: Dragonite|Protect|p1b: Dragonite\n|-singleturn|p1b: Dragonite|Protect\n|move|p1a: Grimmsnarl|Parting Shot|p2b: Toxapex\n|-unboost|p2b: Toxapex|atk|1\n|-unboost|p2b: Toxapex|spa|1\n|inactive|xtevia has 20 seconds left this turn.\n|\n|t:|1698972134\n|switch|p1a: Chien-Pao|Chien-Pao|15\/100|[from] Parting Shot\n|-ability|p1a: Chien-Pao|Sword of Ruin\n|move|p2b: Toxapex|Icy Wind|p1a: Chien-Pao|[spread] p1a\n|-activate|p1b: Dragonite|move: Protect\n|-resisted|p1a: Chien-Pao\n|-damage|p1a: Chien-Pao|13\/100\n|-unboost|p1a: Chien-Pao|spe|1\n|\n|-damage|p1b: Dragonite|2\/100 psn|[from] psn\n|-damage|p1b: Dragonite|0 fnt|[from] move: Infestation|[partiallytrapped]\n|faint|p1b: Dragonite\n|upkeep\n|inactive|xtevia has 25 seconds left this turn.\n|\n|t:|1698972140\n|switch|p1b: Ting-Lu|Ting-Lu|34\/100 psn\n|-ability|p1b: Ting-Lu|Vessel of Ruin\n|turn|20\n|j| kornes\n|\n|t:|1698972150\n|move|p2b: Toxapex|Baneful Bunker|p2b: Toxapex\n|-singleturn|p2b: Toxapex|move: Protect\n|move|p1a: Chien-Pao|Ice Spinner|p2b: Toxapex\n|-activate|p2b: Toxapex|move: Protect\n|-status|p1a: Chien-Pao|psn\n|move|p1b: Ting-Lu|Stomping Tantrum|p2b: Toxapex\n|-activate|p2b: Toxapex|move: Protect\n|\n|-damage|p1a: Chien-Pao|0 fnt|[from] psn\n|faint|p1a: Chien-Pao\n|-damage|p1b: Ting-Lu|21\/100 psn|[from] psn\n|upkeep\n|\n|t:|1698972155\n|switch|p1a: Grimmsnarl|Grimmsnarl, M|49\/100\n|turn|21\n|\n|t:|1698972164\n|move|p1a: Grimmsnarl|Spirit Break|p2b: Toxapex\n|-resisted|p2b: Toxapex\n|-damage|p2b: Toxapex|78\/100\n|-unboost|p2b: Toxapex|spa|1\n|-damage|p1a: Grimmsnarl|33\/100|[from] item: Rocky Helmet|[of] p2b: Toxapex\n|move|p1b: Ting-Lu|Stomping Tantrum|p2b: Toxapex\n|-supereffective|p2b: Toxapex\n|-damage|p2b: Toxapex|40\/100\n|-damage|p1b: Ting-Lu|5\/100 psn|[from] item: Rocky Helmet|[of] p2b: Toxapex\n|move|p2b: Toxapex|Infestation|p1b: Ting-Lu\n|-supereffective|p1b: Ting-Lu\n|-crit|p1b: Ting-Lu\n|-damage|p1b: Ting-Lu|0 fnt\n|faint|p1b: Ting-Lu\n|\n|upkeep\n|turn|22\n|-message|flipplebop forfeited.\n|\n|win|xtevia\n|raw|flipplebop's rating: 1512 &rarr; <strong>1489<\/strong><br \/>(-23 for losing)\n|raw|xtevia's rating: 1466 &rarr; <strong>1489<\/strong><br \/>(+23 for winning)\n|l|\u2606flipplebop\n|l|\u2606xtevia\n","uploadtime":1698972228,"views":31,"p1id":"flipplebop","p2id":"xtevia","formatid":"gen9doublesou","rating":1489,"private":0,"password":""}