{"id":"gen9doublesou-1983498351","p1":"summer high","p2":"Kittyredheart","format":"[Gen 9] Doubles OU","log":"|j|\u2606summer high\n|j|\u2606Kittyredheart\n|t:|1699136619\n|gametype|doubles\n|player|p1|summer high|alder|1232\n|player|p2|Kittyredheart|elesa|1286\n|teamsize|p1|6\n|teamsize|p2|6\n|gen|9\n|tier|[Gen 9] Doubles OU\n|rated|\n|rule|Species Clause: Limit one of each Pok\u00e9mon\n|rule|OHKO Clause: OHKO moves are banned\n|rule|Evasion Moves Clause: Evasion moves are banned\n|rule|Gravity Sleep Clause: The combination of sleep-inducing moves with imperfect accuracy and Gravity or Gigantamax Orbeetle are banned\n|rule|Endless Battle Clause: Forcing endless battles is banned\n|rule|HP Percentage Mod: HP is shown in percentages\n|clearpoke\n|poke|p1|Ceruledge, F|\n|poke|p1|Chien-Pao|\n|poke|p1|Ogerpon-Wellspring, F|\n|poke|p1|Gholdengo|\n|poke|p1|Toxicroak, F|\n|poke|p1|Flutter Mane|\n|poke|p2|Milotic, F|\n|poke|p2|Grimmsnarl, M|\n|poke|p2|Jirachi|\n|poke|p2|Espathra, M|\n|poke|p2|Landorus-Therian, M|\n|poke|p2|Chien-Pao|\n|teampreview\n|inactive|Battle timer is ON: inactive players will automatically lose when time's up. (requested by summer high)\n|j| kipperace\n|inactive|summer high has 120 seconds left.\n|\n|t:|1699136653\n|start\n|switch|p1a: Toxicroak|Toxicroak, F|100\/100\n|switch|p1b: Ogerpon|Ogerpon-Wellspring, F|100\/100\n|switch|p2a: Chicky Wicky|Grimmsnarl, M, shiny|100\/100\n|switch|p2b: Iron Fangs|Chien-Pao|100\/100\n|-ability|p2b: Iron Fangs|Sword of Ruin\n|turn|1\n|\n|t:|1699136669\n|-terastallize|p2b: Iron Fangs|Ghost\n|move|p1b: Ogerpon|Spiky Shield|p1b: Ogerpon\n|-singleturn|p1b: Ogerpon|move: Protect\n|move|p1a: Toxicroak|Fake Out|p2a: Chicky Wicky\n|-damage|p2a: Chicky Wicky|84\/100\n|-status|p2a: Chicky Wicky|psn|[from] ability: Poison Touch|[of] p1a: Toxicroak\n|cant|p2a: Chicky Wicky|flinch\n|move|p2b: Iron Fangs|Psychic Fangs|p1a: Toxicroak\n|-supereffective|p1a: Toxicroak\n|-damage|p1a: Toxicroak|0 fnt\n|-damage|p2b: Iron Fangs|84\/100|[from] item: Rocky Helmet|[of] p1a: Toxicroak\n|faint|p1a: Toxicroak\n|\n|-damage|p2a: Chicky Wicky|72\/100 psn|[from] psn\n|upkeep\n|\n|t:|1699136684\n|switch|p1a: Flutter Mane|Flutter Mane|100\/100\n|turn|2\n|\n|t:|1699136694\n|switch|p1b: Ceruledge|Ceruledge, F, shiny|100\/100\n|switch|p2b: Cloud Terra|Landorus-Therian, M|100\/100\n|-ability|p2b: Cloud Terra|Intimidate|boost\n|-unboost|p1a: Flutter Mane|atk|1\n|-unboost|p1b: Ceruledge|atk|1\n|move|p2a: Chicky Wicky|Trick|p1a: Flutter Mane\n|-activate|p2a: Chicky Wicky|move: Trick|[of] p1a: Flutter Mane\n|-item|p1a: Flutter Mane|Lagging Tail|[from] move: Trick\n|-item|p2a: Chicky Wicky|Focus Sash|[from] move: Trick\n|move|p1a: Flutter Mane|Shadow Ball|p2b: Cloud Terra\n|-damage|p2b: Cloud Terra|46\/100\n|-enditem|p2b: Cloud Terra|Eject Button\n|\n|t:|1699136710\n|switch|p2b: Iron Fangs|Chien-Pao, tera:Ghost|84\/100\n|-ability|p2b: Iron Fangs|Sword of Ruin\n|\n|-damage|p2a: Chicky Wicky|60\/100 psn|[from] psn\n|upkeep\n|turn|3\n|\n|t:|1699136730\n|move|p2a: Chicky Wicky|Trick|p1b: Ceruledge\n|-activate|p2a: Chicky Wicky|move: Trick|[of] p1b: Ceruledge\n|-item|p1b: Ceruledge|Focus Sash|[from] move: Trick\n|-item|p2a: Chicky Wicky|Focus Sash|[from] move: Trick\n|move|p2b: Iron Fangs|Crunch|p1a: Flutter Mane\n|-crit|p1a: Flutter Mane\n|-damage|p1a: Flutter Mane|0 fnt\n|faint|p1a: Flutter Mane\n|-end|p1a: Flutter Mane|Protosynthesis|[silent]\n|move|p1b: Ceruledge|Phantom Force||[still]\n|-prepare|p1b: Ceruledge|Phantom Force\n|\n|-damage|p2a: Chicky Wicky|47\/100 psn|[from] psn\n|upkeep\n|\n|t:|1699136747\n|switch|p1a: Ogerpon|Ogerpon-Wellspring, F|100\/100\n|turn|4\n|\n|t:|1699136754\n|switch|p2b: Cloud Terra|Landorus-Therian, M|46\/100\n|-ability|p2b: Cloud Terra|Intimidate|boost\n|-unboost|p1a: Ogerpon|atk|1\n|-unboost|p1b: Ceruledge|atk|1\n|move|p1a: Ogerpon|Spiky Shield|p1a: Ogerpon\n|-singleturn|p1a: Ogerpon|move: Protect\n|move|p2a: Chicky Wicky|Parting Shot|p1a: Ogerpon\n|-activate|p1a: Ogerpon|move: Protect\n|move|p1b: Ceruledge|Phantom Force|p2b: Cloud Terra|[from]lockedmove\n|-damage|p2b: Cloud Terra|20\/100\n|\n|-damage|p2a: Chicky Wicky|35\/100 psn|[from] psn\n|upkeep\n|turn|5\n|\n|t:|1699136774\n|switch|p1b: Gholdengo|Gholdengo|100\/100\n|switch|p2b: Iron Fangs|Chien-Pao, tera:Ghost|84\/100\n|-ability|p2b: Iron Fangs|Sword of Ruin\n|move|p1a: Ogerpon|Follow Me|p1a: Ogerpon\n|-singleturn|p1a: Ogerpon|move: Follow Me\n|move|p2a: Chicky Wicky|Parting Shot|p1a: Ogerpon\n|-unboost|p1a: Ogerpon|atk|1\n|-unboost|p1a: Ogerpon|spa|1\n|\n|t:|1699136790\n|switch|p2a: Iron Wish|Jirachi|100\/100|[from] Parting Shot\n|\n|upkeep\n|turn|6\n|\n|t:|1699136803\n|switch|p1a: Ceruledge|Ceruledge, F, shiny|100\/100\n|move|p2b: Iron Fangs|Crunch|p1b: Gholdengo\n|-supereffective|p1b: Gholdengo\n|-damage|p1b: Gholdengo|0 fnt\n|faint|p1b: Gholdengo\n|move|p2a: Iron Wish|Cosmic Power|p2a: Iron Wish\n|-boost|p2a: Iron Wish|def|1\n|-boost|p2a: Iron Wish|spd|1\n|\n|upkeep\n|-message|summer high forfeited.\n|\n|win|Kittyredheart\n|raw|summer high's rating: 1232 &rarr; <strong>1211<\/strong><br \/>(-21 for losing)\n|raw|Kittyredheart's rating: 1286 &rarr; <strong>1307<\/strong><br \/>(+21 for winning)\n|l|\u2606summer high\n|l|\u2606Kittyredheart\n","uploadtime":1699137187,"views":12,"p1id":"summerhigh","p2id":"kittyredheart","formatid":"gen9doublesou","rating":1211,"private":0,"password":""}