{"id":"gen9doublesou-1992424784","p1":"LiteralyHIM","p2":"cotesmcgotes","format":"[Gen 9] Doubles OU","log":"|j|\u2606LiteralyHIM\n|j|\u2606cotesmcgotes\n|t:|1700185993\n|gametype|doubles\n|player|p1|LiteralyHIM|265|1117\n|player|p2|cotesmcgotes|flannery|1229\n|teamsize|p1|6\n|teamsize|p2|6\n|gen|9\n|tier|[Gen 9] Doubles OU\n|rated|\n|rule|Species Clause: Limit one of each Pok\u00e9mon\n|rule|OHKO Clause: OHKO moves are banned\n|rule|Evasion Moves Clause: Evasion moves are banned\n|rule|Gravity Sleep Clause: The combination of sleep-inducing moves with imperfect accuracy and Gravity or Gigantamax Orbeetle are banned\n|rule|Endless Battle Clause: Forcing endless battles is banned\n|rule|HP Percentage Mod: HP is shown in percentages\n|clearpoke\n|poke|p1|Amoonguss, F|\n|poke|p1|Ursaluna-Bloodmoon, M|\n|poke|p1|Infernape, F|\n|poke|p1|Clefable, F|\n|poke|p1|Ninetales-Alola, F|\n|poke|p1|Maushold-Four|\n|poke|p2|Cresselia, F|\n|poke|p2|Overqwil, F|\n|poke|p2|Tornadus, M|\n|poke|p2|Palafin, F|\n|poke|p2|Amoonguss, F|\n|poke|p2|Great Tusk|\n|teampreview\n|inactive|Battle timer is ON: inactive players will automatically lose when time's up. (requested by cotesmcgotes)\n|\n|t:|1700186013\n|start\n|switch|p1a: Ninetales|Ninetales-Alola, F|100\/100\n|switch|p1b: Infernape|Infernape, F, shiny|100\/100\n|switch|p2a: Tornadus|Tornadus, M, shiny|100\/100\n|switch|p2b: Palafin|Palafin, F|100\/100\n|-weather|Snow|[from] ability: Snow Warning|[of] p1a: Ninetales\n|turn|1\n|\n|t:|1700186033\n|move|p1b: Infernape|Fake Out|p2a: Tornadus\n|-damage|p2a: Tornadus|86\/100\n|cant|p2a: Tornadus|flinch\n|move|p2b: Palafin|Flip Turn|p1b: Infernape\n|-supereffective|p1b: Infernape\n|-damage|p1b: Infernape|45\/100\n|\n|t:|1700186049\n|detailschange|p2b: Palafin|Palafin-Hero, F\n|switch|p2b: Overqwil|Overqwil, F|100\/100|[from] Flip Turn\n|move|p1a: Ninetales|Aurora Veil|p1a: Ninetales\n|-sidestart|p1: LiteralyHIM|move: Aurora Veil\n|\n|-weather|Snow|[upkeep]\n|upkeep\n|turn|2\n|inactive|LiteralyHIM has 120 seconds left.\n|\n|t:|1700186093\n|switch|p2b: Amoonguss|Amoonguss, F, shiny|100\/100\n|move|p1b: Infernape|Protect|p1b: Infernape\n|-singleturn|p1b: Infernape|Protect\n|move|p2a: Tornadus|Rain Dance|p2a: Tornadus\n|-weather|RainDance\n|move|p1a: Ninetales|Weather Ball|p2a: Tornadus\n|-damage|p2a: Tornadus|52\/100\n|\n|-weather|RainDance|[upkeep]\n|upkeep\n|turn|3\n|inactive|LiteralyHIM has 120 seconds left.\n|\n|t:|1700186128\n|switch|p1b: Clefable|Clefable, F|100\/100\n|move|p2b: Amoonguss|Rage Powder|p2b: Amoonguss\n|-singleturn|p2b: Amoonguss|move: Rage Powder\n|move|p1a: Ninetales|Moonblast|p2b: Amoonguss\n|-resisted|p2b: Amoonguss\n|-damage|p2b: Amoonguss|83\/100\n|-unboost|p2b: Amoonguss|spa|1\n|move|p2a: Tornadus|Bleakwind Storm|p1b: Clefable|[spread] p1a,p1b\n|-damage|p1a: Ninetales|81\/100\n|-damage|p1b: Clefable|80\/100\n|-unboost|p1a: Ninetales|spe|1\n|\n|-weather|RainDance|[upkeep]\n|upkeep\n|turn|4\n|inactive|LiteralyHIM has 120 seconds left.\n|\n|t:|1700186163\n|switch|p1a: Amoonguss|Amoonguss, F, shiny|100\/100\n|move|p2a: Tornadus|Taunt|p1b: Clefable\n|-start|p1b: Clefable|move: Taunt\n|cant|p1b: Clefable|move: Taunt|Calm Mind\n|move|p2b: Amoonguss|Spore|p1a: Amoonguss\n|-immune|p1a: Amoonguss\n|\n|-weather|RainDance|[upkeep]\n|upkeep\n|turn|5\n|inactive|cotesmcgotes has 120 seconds left.\n|\n|t:|1700186195\n|move|p2a: Tornadus|Taunt|p1a: Amoonguss\n|-start|p1a: Amoonguss|move: Taunt\n|move|p1b: Clefable|Stored Power|p2b: Amoonguss\n|-supereffective|p2b: Amoonguss\n|-damage|p2b: Amoonguss|75\/100\n|cant|p1a: Amoonguss|move: Taunt|Spore\n|move|p2b: Amoonguss|Spore|p1b: Clefable\n|-status|p1b: Clefable|slp|[from] move: Spore\n|\n|-weather|RainDance|[upkeep]\n|upkeep\n|turn|6\n|inactive|LiteralyHIM has 90 seconds left.\n|\n|t:|1700186225\n|switch|p1b: Maushold|Maushold-Four|100\/100\n|switch|p1a: Ursaluna|Ursaluna-Bloodmoon, M|100\/100\n|switch|p2b: Overqwil|Overqwil, F|100\/100\n|move|p2a: Tornadus|Bleakwind Storm|p1b: Maushold|[spread] p1a,p1b\n|-damage|p1a: Ursaluna|82\/100\n|-damage|p1b: Maushold|73\/100\n|-unboost|p1b: Maushold|spe|1\n|\n|-weather|RainDance|[upkeep]\n|upkeep\n|turn|7\n|inactive|LiteralyHIM has 90 seconds left.\n|inactive|cotesmcgotes has 120 seconds left.\n|\n|t:|1700186272\n|switch|p2b: Amoonguss|Amoonguss, F, shiny|100\/100\n|move|p2a: Tornadus|Tailwind|p2a: Tornadus\n|-sidestart|p2: cotesmcgotes|move: Tailwind\n|move|p1b: Maushold|Taunt|p2b: Amoonguss\n|-start|p2b: Amoonguss|move: Taunt\n|move|p1a: Ursaluna|Blood Moon|p2a: Tornadus\n|-damage|p2a: Tornadus|0 fnt\n|faint|p2a: Tornadus\n|\n|-weather|RainDance|[upkeep]\n|upkeep\n|inactive|cotesmcgotes has 120 seconds left.\n|inactive|cotesmcgotes has 90 seconds left.\n|\n|t:|1700186310\n|switch|p2a: Palafin|Palafin-Hero, F|100\/100\n|-activate|p2a: Palafin|ability: Zero to Hero\n|turn|8\n|inactive|LiteralyHIM has 90 seconds left.\n|inactive|cotesmcgotes has 90 seconds left.\n|\n|t:|1700186338\n|switch|p1b: Amoonguss|Amoonguss, F, shiny|100\/100\n|switch|p1a: Ninetales|Ninetales-Alola, F|81\/100\n|-weather|Snow|[from] ability: Snow Warning|[of] p1a: Ninetales\n|move|p2a: Palafin|Jet Punch|p1a: Ninetales\n|-damage|p1a: Ninetales|60\/100\n|move|p2b: Amoonguss|Pollen Puff|p2a: Palafin\n|-immune|p2a: Palafin\n|\n|-weather|Snow|[upkeep]\n|-sideend|p1: LiteralyHIM|move: Aurora Veil\n|upkeep\n|turn|9\n|inactive|LiteralyHIM has 90 seconds left.\n|c|\u2606LiteralyHIM|bro\n|inactive|cotesmcgotes has 90 seconds left.\n|c|\u2606LiteralyHIM|get goggles off\n|\n|t:|1700186384\n|switch|p2b: Cresselia|Cresselia, F, shiny|100\/100\n|move|p2a: Palafin|Ice Punch|p1b: Amoonguss\n|-supereffective|p1b: Amoonguss\n|-damage|p1b: Amoonguss|45\/100\n|move|p1a: Ninetales|Aurora Veil|p1a: Ninetales\n|-sidestart|p1: LiteralyHIM|move: Aurora Veil\n|move|p1b: Amoonguss|Pollen Puff|p1a: Ninetales\n|-heal|p1a: Ninetales|100\/100\n|\n|-weather|Snow|[upkeep]\n|-heal|p1b: Amoonguss|51\/100|[from] item: Leftovers\n|upkeep\n|turn|10\n|inactive|LiteralyHIM has 90 seconds left.\n|inactive|cotesmcgotes has 90 seconds left.\n|inactive|LiteralyHIM has 60 seconds left.\n|inactive|cotesmcgotes has 60 seconds left.\n|\n|t:|1700186443\n|-terastallize|p1b: Amoonguss|Fire\n|move|p2a: Palafin|Ice Punch|p1b: Amoonguss\n|-resisted|p1b: Amoonguss\n|-damage|p1b: Amoonguss|41\/100\n|move|p2b: Cresselia|Moonblast|p1b: Amoonguss\n|-resisted|p1b: Amoonguss\n|-damage|p1b: Amoonguss|34\/100\n|-unboost|p1b: Amoonguss|spa|1\n|move|p1a: Ninetales|Weather Ball|p2b: Cresselia\n|-damage|p2b: Cresselia|71\/100\n|move|p1b: Amoonguss|Spore|p2b: Cresselia\n|-status|p2b: Cresselia|slp|[from] move: Spore\n|\n|-weather|Snow|[upkeep]\n|-heal|p2b: Cresselia|77\/100 slp|[from] item: Leftovers\n|-heal|p1b: Amoonguss|40\/100|[from] item: Leftovers\n|-sideend|p2: cotesmcgotes|move: Tailwind\n|upkeep\n|turn|11\n|inactive|cotesmcgotes has 60 seconds left.\n|inactive|LiteralyHIM has 60 seconds left.\n|\n|t:|1700186471\n|switch|p1a: Infernape|Infernape, F, shiny|45\/100\n|move|p1b: Amoonguss|Protect|p1b: Amoonguss\n|-singleturn|p1b: Amoonguss|Protect\n|move|p2a: Palafin|Jet Punch|p1b: Amoonguss\n|-activate|p1b: Amoonguss|move: Protect\n|cant|p2b: Cresselia|slp\n|\n|-weather|Snow|[upkeep]\n|-heal|p2b: Cresselia|83\/100 slp|[from] item: Leftovers\n|-heal|p1b: Amoonguss|46\/100|[from] item: Leftovers\n|upkeep\n|turn|12\n|inactive|cotesmcgotes has 60 seconds left.\n|inactive|LiteralyHIM has 60 seconds left.\n|\n|t:|1700186501\n|switch|p2a: Amoonguss|Amoonguss, F, shiny|100\/100\n|-terastallize|p2b: Cresselia|Electric\n|move|p1a: Infernape|Fake Out|p2a: Amoonguss\n|-damage|p2a: Amoonguss|87\/100\n|-curestatus|p2b: Cresselia|slp|[msg]\n|move|p2b: Cresselia|Calm Mind|p2b: Cresselia\n|-boost|p2b: Cresselia|spa|1\n|-boost|p2b: Cresselia|spd|1\n|move|p1b: Amoonguss|Pollen Puff|p1a: Infernape\n|-heal|p1a: Infernape|94\/100\n|\n|-weather|none\n|-heal|p2b: Cresselia|89\/100|[from] item: Leftovers\n|-heal|p1b: Amoonguss|52\/100|[from] item: Leftovers\n|upkeep\n|turn|13\n|inactive|cotesmcgotes has 60 seconds left.\n|inactive|LiteralyHIM has 60 seconds left.\n|\n|t:|1700186535\n|move|p1a: Infernape|Protect|p1a: Infernape\n|-singleturn|p1a: Infernape|Protect\n|move|p2a: Amoonguss|Rage Powder|p2a: Amoonguss\n|-singleturn|p2a: Amoonguss|move: Rage Powder\n|move|p2b: Cresselia|Calm Mind|p2b: Cresselia\n|-boost|p2b: Cresselia|spa|1\n|-boost|p2b: Cresselia|spd|1\n|move|p1b: Amoonguss|Spore|p2a: Amoonguss\n|-immune|p2a: Amoonguss\n|\n|-heal|p2b: Cresselia|95\/100|[from] item: Leftovers\n|-heal|p1b: Amoonguss|59\/100|[from] item: Leftovers\n|upkeep\n|turn|14\n|inactive|LiteralyHIM has 60 seconds left.\n|inactive|cotesmcgotes has 60 seconds left.\n|\n|t:|1700186562\n|switch|p1a: Ninetales|Ninetales-Alola, F|100\/100\n|-weather|Snow|[from] ability: Snow Warning|[of] p1a: Ninetales\n|move|p1b: Amoonguss|Protect|p1b: Amoonguss\n|-singleturn|p1b: Amoonguss|Protect\n|move|p2a: Amoonguss|Rage Powder|p2a: Amoonguss\n|-singleturn|p2a: Amoonguss|move: Rage Powder\n|move|p2b: Cresselia|Stored Power|p1b: Amoonguss\n|-activate|p1b: Amoonguss|move: Protect\n|\n|-weather|Snow|[upkeep]\n|-heal|p2b: Cresselia|100\/100|[from] item: Leftovers\n|-heal|p1b: Amoonguss|65\/100|[from] item: Leftovers\n|upkeep\n|turn|15\n|inactive|cotesmcgotes has 60 seconds left.\n|\n|t:|1700186590\n|move|p2a: Amoonguss|Rage Powder|p2a: Amoonguss\n|-singleturn|p2a: Amoonguss|move: Rage Powder\n|move|p1a: Ninetales|Weather Ball|p2a: Amoonguss\n|-supereffective|p2a: Amoonguss\n|-damage|p2a: Amoonguss|2\/100\n|move|p2b: Cresselia|Calm Mind|p2b: Cresselia\n|-boost|p2b: Cresselia|spa|1\n|-boost|p2b: Cresselia|spd|1\n|move|p1b: Amoonguss|Spore|p2a: Amoonguss\n|-immune|p2a: Amoonguss\n|\n|-weather|Snow|[upkeep]\n|-heal|p1b: Amoonguss|71\/100|[from] item: Leftovers\n|upkeep\n|turn|16\n|inactive|cotesmcgotes has 60 seconds left.\n|\n|t:|1700186622\n|switch|p2a: Palafin|Palafin-Hero, F|100\/100\n|move|p1a: Ninetales|Weather Ball|p2a: Palafin\n|-resisted|p2a: Palafin\n|-damage|p2a: Palafin|79\/100\n|move|p2b: Cresselia|Stored Power|p1b: Amoonguss\n|-damage|p1b: Amoonguss|0 fnt\n|faint|p1b: Amoonguss\n|\n|-weather|Snow|[upkeep]\n|-sideend|p1: LiteralyHIM|move: Aurora Veil\n|upkeep\n|inactive|LiteralyHIM has 60 seconds left.\n|\n|t:|1700186639\n|switch|p1b: Clefable|Clefable, F|80\/100 slp\n|turn|17\n|\n|t:|1700186662\n|move|p2a: Palafin|Jet Punch|p1b: Clefable\n|-damage|p1b: Clefable|48\/100 slp\n|move|p1a: Ninetales|Aurora Veil|p1a: Ninetales\n|-sidestart|p1: LiteralyHIM|move: Aurora Veil\n|move|p2b: Cresselia|Stored Power|p1a: Ninetales\n|-damage|p1a: Ninetales|15\/100\n|cant|p1b: Clefable|slp\n|\n|-weather|Snow|[upkeep]\n|upkeep\n|turn|18\n|inactive|LiteralyHIM has 90 seconds left.\n|\n|t:|1700186698\n|move|p1a: Ninetales|Protect|p1a: Ninetales\n|-singleturn|p1a: Ninetales|Protect\n|move|p2a: Palafin|Jet Punch|p1a: Ninetales\n|-activate|p1a: Ninetales|move: Protect\n|move|p2b: Cresselia|Stored Power|p1b: Clefable\n|-damage|p1b: Clefable|0 fnt\n|faint|p1b: Clefable\n|\n|-weather|none\n|upkeep\n|inactive|LiteralyHIM has 60 seconds left.\n|\n|t:|1700186709\n|switch|p1b: Ursaluna|Ursaluna-Bloodmoon, M|82\/100\n|turn|19\n|\n|t:|1700186730\n|move|p2a: Palafin|Jet Punch|p1b: Ursaluna\n|-supereffective|p1b: Ursaluna\n|-damage|p1b: Ursaluna|48\/100\n|move|p1a: Ninetales|Weather Ball|p2a: Palafin\n|-damage|p2a: Palafin|64\/100\n|move|p2b: Cresselia|Stored Power|p1a: Ninetales\n|-damage|p1a: Ninetales|0 fnt\n|faint|p1a: Ninetales\n|move|p1b: Ursaluna|Blood Moon|p2a: Palafin\n|-damage|p2a: Palafin|0 fnt\n|faint|p2a: Palafin\n|\n|upkeep\n|inactive|cotesmcgotes has 120 seconds left.\n|\n|t:|1700186748\n|switch|p2a: Great Tusk|Great Tusk|100\/100\n|switch|p1a: Maushold|Maushold-Four|73\/100\n|turn|20\n|inactive|LiteralyHIM has 90 seconds left.\n|\n|t:|1700186763\n|move|p1a: Maushold|Follow Me|p1a: Maushold\n|-singleturn|p1a: Maushold|move: Follow Me\n|move|p2a: Great Tusk|Close Combat|p1a: Maushold\n|-supereffective|p1a: Maushold\n|-damage|p1a: Maushold|0 fnt\n|-unboost|p2a: Great Tusk|def|1\n|-unboost|p2a: Great Tusk|spd|1\n|faint|p1a: Maushold\n|move|p2b: Cresselia|Stored Power|p1b: Ursaluna\n|-damage|p1b: Ursaluna|0 fnt\n|faint|p1b: Ursaluna\n|\n|upkeep\n|inactive|LiteralyHIM has 90 seconds left.\n|-message|LiteralyHIM forfeited.\n|\n|win|cotesmcgotes\n|raw|LiteralyHIM's rating: 1117 &rarr; <strong>1100<\/strong><br \/>(-17 for losing)\n|raw|cotesmcgotes's rating: 1229 &rarr; <strong>1246<\/strong><br \/>(+17 for winning)\n|l|\u2606LiteralyHIM\n","uploadtime":1700186780,"views":8,"p1id":"literalyhim","p2id":"cotesmcgotes","formatid":"gen9doublesou","rating":1100,"private":0,"password":""}