{"id":"gen9doublesou-1973692465","p1":"Rex_llx","p2":"Dkayez","format":"[Gen 9] Doubles OU","log":"|j|\u2606Rex_llx\n|j|\u2606Dkayez\n|t:|1698003930\n|gametype|doubles\n|player|p1|Rex_llx|cowgirl|1124\n|player|p2|Dkayez|steven|1095\n|teamsize|p1|6\n|teamsize|p2|6\n|gen|9\n|tier|[Gen 9] Doubles OU\n|rated|\n|rule|Species Clause: Limit one of each Pok\u00e9mon\n|rule|OHKO Clause: OHKO moves are banned\n|rule|Evasion Moves Clause: Evasion moves are banned\n|rule|Gravity Sleep Clause: The combination of sleep-inducing moves with imperfect accuracy and Gravity or Gigantamax Orbeetle are banned\n|rule|Endless Battle Clause: Forcing endless battles is banned\n|rule|HP Percentage Mod: HP is shown in percentages\n|clearpoke\n|poke|p1|Milotic, F|\n|poke|p1|Ribombee, F|\n|poke|p1|Kingambit, M|\n|poke|p1|Toxtricity, M|\n|poke|p1|Arcanine-Hisui, M|\n|poke|p1|Abomasnow, F|\n|poke|p2|Clefable, M|\n|poke|p2|Garganacl, M|\n|poke|p2|Pelipper, F|\n|poke|p2|Samurott-Hisui, F|\n|poke|p2|Electrode-Hisui|\n|poke|p2|Glimmora, M|\n|teampreview\n|\n|t:|1698003942\n|start\n|switch|p1a: Toxtricity|Toxtricity, M|100\/100\n|switch|p1b: Arcanine|Arcanine-Hisui, M|100\/100\n|switch|p2a: Pelipper|Pelipper, F|100\/100\n|switch|p2b: Samurott|Samurott-Hisui, F|100\/100\n|-weather|RainDance|[from] ability: Drizzle|[of] p2a: Pelipper\n|turn|1\n|\n|t:|1698003963\n|switch|p2a: Glimmora|Glimmora, M|100\/100\n|-terastallize|p1b: Arcanine|Grass\n|move|p1b: Arcanine|Head Smash|p2a: Glimmora\n|-damage|p2a: Glimmora|27\/100\n|-activate|p2a: Glimmora|ability: Toxic Debris\n|-sidestart|p1: Rex_llx|move: Toxic Spikes\n|move|p2b: Samurott|Ceaseless Edge|p1a: Toxtricity\n|-damage|p1a: Toxtricity|29\/100\n|-sidestart|p1: Rex_llx|Spikes\n|move|p1a: Toxtricity|Overdrive|p2a: Glimmora|[spread] p2a,p2b\n|-supereffective|p2b: Samurott\n|-damage|p2a: Glimmora|0 fnt\n|-enditem|p2b: Samurott|Focus Sash\n|-damage|p2b: Samurott|1\/100\n|faint|p2a: Glimmora\n|-damage|p1a: Toxtricity|19\/100|[from] item: Life Orb\n|\n|-weather|RainDance|[upkeep]\n|upkeep\n|\n|t:|1698003985\n|switch|p2a: Electrode|Electrode-Hisui|100\/100\n|turn|2\n|\n|t:|1698004002\n|move|p2a: Electrode|Protect|p2a: Electrode\n|-singleturn|p2a: Electrode|Protect\n|move|p1a: Toxtricity|Protect|p1a: Toxtricity\n|-singleturn|p1a: Toxtricity|Protect\n|move|p1b: Arcanine|Extreme Speed|p2b: Samurott\n|-damage|p2b: Samurott|0 fnt\n|faint|p2b: Samurott\n|\n|-weather|RainDance|[upkeep]\n|upkeep\n|\n|t:|1698004013\n|switch|p2b: Pelipper|Pelipper, F|100\/100\n|turn|3\n|\n|t:|1698004031\n|switch|p1a: Milotic|Milotic, F|100\/100\n|-status|p1a: Milotic|psn\n|-damage|p1a: Milotic|88\/100 psn|[from] Spikes\n|move|p2a: Electrode|Leech Seed|p1a: Milotic\n|-start|p1a: Milotic|move: Leech Seed\n|move|p1b: Arcanine|Head Smash|p2b: Pelipper\n|-supereffective|p2b: Pelipper\n|-damage|p2b: Pelipper|0 fnt\n|faint|p2b: Pelipper\n|\n|-weather|RainDance|[upkeep]\n|-heal|p1a: Milotic|94\/100 psn|[from] item: Leftovers\n|-damage|p1a: Milotic|82\/100 psn|[from] Leech Seed|[of] p2a: Electrode\n|-damage|p1a: Milotic|69\/100 psn|[from] psn\n|upkeep\n|\n|t:|1698004045\n|switch|p2b: Clefable|Clefable, M|100\/100\n|turn|4\n|\n|t:|1698004058\n|switch|p1a: Abomasnow|Abomasnow, F, shiny|100\/100\n|-status|p1a: Abomasnow|psn\n|-damage|p1a: Abomasnow|88\/100 psn|[from] Spikes\n|move|p2a: Electrode|Substitute|p2a: Electrode\n|-start|p2a: Electrode|Substitute\n|-damage|p2a: Electrode|76\/100\n|move|p1b: Arcanine|Heat Crash|p2b: Clefable\n|-damage|p2b: Clefable|78\/100\n|move|p2b: Clefable|Knock Off|p1b: Arcanine\n|-damage|p1b: Arcanine|81\/100\n|-enditem|p1b: Arcanine|Assault Vest|[from] move: Knock Off|[of] p2b: Clefable\n|\n|-weather|RainDance|[upkeep]\n|-heal|p2a: Electrode|82\/100|[from] item: Leftovers\n|-heal|p2b: Clefable|84\/100|[from] item: Leftovers\n|-heal|p1a: Abomasnow|94\/100 psn|[from] item: Leftovers\n|-damage|p1a: Abomasnow|82\/100 psn|[from] psn\n|upkeep\n|turn|5\n|\n|t:|1698004088\n|move|p2a: Electrode|Protect|p2a: Electrode\n|-singleturn|p2a: Electrode|Protect\n|move|p1b: Arcanine|Head Smash|p2b: Clefable\n|-damage|p2b: Clefable|7\/100\n|move|p1a: Abomasnow|Blizzard|p2b: Clefable|[spread] p2b\n|-activate|p2a: Electrode|move: Protect\n|-damage|p2b: Clefable|0 fnt\n|faint|p2b: Clefable\n|\n|-weather|none\n|-heal|p2a: Electrode|88\/100|[from] item: Leftovers\n|-heal|p1a: Abomasnow|88\/100 psn|[from] item: Leftovers\n|-damage|p1a: Abomasnow|75\/100 psn|[from] psn\n|upkeep\n|\n|t:|1698004101\n|switch|p2b: Garganacl|Garganacl, M|100\/100\n|turn|6\n|\n|t:|1698004120\n|-terastallize|p2b: Garganacl|Flying\n|move|p2a: Electrode|Giga Drain|p1b: Arcanine\n|-resisted|p1b: Arcanine\n|-damage|p1b: Arcanine|68\/100\n|-heal|p2a: Electrode|97\/100|[from] drain|[of] p1b: Arcanine\n|move|p1b: Arcanine|Heat Crash|p2a: Electrode\n|-supereffective|p2a: Electrode\n|-end|p2a: Electrode|Substitute\n|move|p1a: Abomasnow|Giga Drain|p2b: Garganacl\n|-resisted|p2b: Garganacl\n|-damage|p2b: Garganacl|86\/100\n|-heal|p1a: Abomasnow|82\/100 psn|[from] drain|[of] p2b: Garganacl\n|move|p2b: Garganacl|Salt Cure|p1b: Arcanine\n|-damage|p1b: Arcanine|50\/100\n|-start|p1b: Arcanine|Salt Cure\n|\n|-heal|p2a: Electrode|100\/100|[from] item: Leftovers\n|-heal|p1a: Abomasnow|88\/100 psn|[from] item: Leftovers\n|-heal|p2b: Garganacl|93\/100|[from] item: Leftovers\n|-damage|p1a: Abomasnow|75\/100 psn|[from] psn\n|-damage|p1b: Arcanine|37\/100|[from] Salt Cure\n|upkeep\n|turn|7\n|inactive|Battle timer is ON: inactive players will automatically lose when time's up. (requested by Rex_llx)\n|\n|t:|1698004173\n|move|p2b: Garganacl|Protect|p2b: Garganacl\n|-singleturn|p2b: Garganacl|Protect\n|move|p2a: Electrode|Substitute|p2a: Electrode\n|-start|p2a: Electrode|Substitute\n|-damage|p2a: Electrode|76\/100\n|move|p1b: Arcanine|Head Smash|p2b: Garganacl\n|-activate|p2b: Garganacl|move: Protect\n|move|p1a: Abomasnow|Blizzard|p2a: Electrode|[spread] p2a\n|-activate|p2b: Garganacl|move: Protect\n|-supereffective|p2a: Electrode\n|-end|p2a: Electrode|Substitute\n|\n|-heal|p2a: Electrode|82\/100|[from] item: Leftovers\n|-heal|p1a: Abomasnow|82\/100 psn|[from] item: Leftovers\n|-heal|p2b: Garganacl|99\/100|[from] item: Leftovers\n|-damage|p1a: Abomasnow|69\/100 psn|[from] psn\n|-damage|p1b: Arcanine|25\/100|[from] Salt Cure\n|upkeep\n|turn|8\n|\n|t:|1698004196\n|move|p2a: Electrode|Protect|p2a: Electrode\n|-singleturn|p2a: Electrode|Protect\n|move|p1b: Arcanine|Heat Crash|p2a: Electrode\n|-activate|p2a: Electrode|move: Protect\n|move|p1a: Abomasnow|Blizzard|p2a: Electrode|[spread] p2b\n|-activate|p2a: Electrode|move: Protect\n|-supereffective|p2b: Garganacl\n|-damage|p2b: Garganacl|45\/100\n|move|p2b: Garganacl|Salt Cure|p1a: Abomasnow\n|-supereffective|p1a: Abomasnow\n|-damage|p1a: Abomasnow|36\/100 psn\n|-start|p1a: Abomasnow|Salt Cure\n|\n|-heal|p2a: Electrode|88\/100|[from] item: Leftovers\n|-heal|p1a: Abomasnow|43\/100 psn|[from] item: Leftovers\n|-heal|p2b: Garganacl|52\/100|[from] item: Leftovers\n|-damage|p1a: Abomasnow|30\/100 psn|[from] psn\n|-damage|p1b: Arcanine|13\/100|[from] Salt Cure\n|-damage|p1a: Abomasnow|18\/100 psn|[from] Salt Cure\n|upkeep\n|turn|9\n|\n|t:|1698004218\n|move|p2b: Garganacl|Protect|p2b: Garganacl\n|-singleturn|p2b: Garganacl|Protect\n|move|p2a: Electrode|Substitute|p2a: Electrode\n|-start|p2a: Electrode|Substitute\n|-damage|p2a: Electrode|63\/100\n|move|p1b: Arcanine|Heat Crash|p2a: Electrode\n|-supereffective|p2a: Electrode\n|-end|p2a: Electrode|Substitute\n|move|p1a: Abomasnow|Blizzard|p2b: Garganacl|[spread] \n|-activate|p2b: Garganacl|move: Protect\n|-miss|p1a: Abomasnow|p2a: Electrode\n|\n|-heal|p2a: Electrode|69\/100|[from] item: Leftovers\n|-heal|p1a: Abomasnow|24\/100 psn|[from] item: Leftovers\n|-heal|p2b: Garganacl|58\/100|[from] item: Leftovers\n|-damage|p1a: Abomasnow|11\/100 psn|[from] psn\n|-damage|p1b: Arcanine|0 fnt|[from] Salt Cure\n|faint|p1b: Arcanine\n|-damage|p1a: Abomasnow|0 fnt|[from] Salt Cure\n|faint|p1a: Abomasnow\n|upkeep\n|inactive|Rex_llx has 120 seconds left.\n|\n|t:|1698004246\n|switch|p1b: Milotic|Milotic, F|69\/100 psn\n|switch|p1a: Ribombee|Ribombee, F|100\/100\n|-status|p1a: Ribombee|psn\n|-damage|p1a: Ribombee|88\/100 psn|[from] Spikes\n|-damage|p1b: Milotic|57\/100 psn|[from] Spikes\n|turn|10\n|\n|t:|1698004258\n|move|p1a: Ribombee|Tailwind|p1a: Ribombee\n|-sidestart|p1: Rex_llx|move: Tailwind\n|move|p1b: Milotic|Icy Wind|p2b: Garganacl|[spread] p2a,p2b\n|-supereffective|p2a: Electrode\n|-supereffective|p2b: Garganacl\n|-damage|p2a: Electrode|46\/100\n|-damage|p2b: Garganacl|44\/100\n|-unboost|p2a: Electrode|spe|1\n|-unboost|p2b: Garganacl|spe|1\n|move|p2a: Electrode|Leech Seed|p1b: Milotic\n|-start|p1b: Milotic|move: Leech Seed\n|move|p2b: Garganacl|Recover|p2b: Garganacl\n|-heal|p2b: Garganacl|94\/100\n|\n|-heal|p1b: Milotic|63\/100 psn|[from] item: Leftovers\n|-heal|p2a: Electrode|52\/100|[from] item: Leftovers\n|-heal|p2b: Garganacl|99\/100|[from] item: Leftovers\n|-damage|p1b: Milotic|50\/100 psn|[from] Leech Seed|[of] p2a: Electrode\n|-heal|p2a: Electrode|71\/100|[silent]\n|-damage|p1a: Ribombee|76\/100 psn|[from] psn\n|-damage|p1b: Milotic|38\/100 psn|[from] psn\n|upkeep\n|turn|11\n|\n|t:|1698004288\n|move|p1a: Ribombee|Dazzling Gleam|p2b: Garganacl|[spread] p2a,p2b\n|-damage|p2a: Electrode|41\/100\n|-damage|p2b: Garganacl|80\/100\n|move|p1b: Milotic|Icy Wind|p2a: Electrode|[spread] p2a,p2b\n|-supereffective|p2a: Electrode\n|-supereffective|p2b: Garganacl\n|-damage|p2a: Electrode|16\/100\n|-damage|p2b: Garganacl|65\/100\n|-unboost|p2a: Electrode|spe|1\n|-unboost|p2b: Garganacl|spe|1\n|move|p2a: Electrode|Giga Drain|p1b: Milotic\n|-supereffective|p1b: Milotic\n|-damage|p1b: Milotic|10\/100 psn\n|-heal|p2a: Electrode|37\/100|[from] drain|[of] p1b: Milotic\n|move|p2b: Garganacl|Salt Cure|p1a: Ribombee\n|-supereffective|p1a: Ribombee\n|-damage|p1a: Ribombee|19\/100 psn\n|-start|p1a: Ribombee|Salt Cure\n|\n|-heal|p1b: Milotic|16\/100 psn|[from] item: Leftovers\n|-heal|p2a: Electrode|43\/100|[from] item: Leftovers\n|-heal|p2b: Garganacl|71\/100|[from] item: Leftovers\n|-damage|p1b: Milotic|4\/100 psn|[from] Leech Seed|[of] p2a: Electrode\n|-heal|p2a: Electrode|62\/100|[silent]\n|-damage|p1a: Ribombee|7\/100 psn|[from] psn\n|-damage|p1b: Milotic|0 fnt|[from] psn\n|faint|p1b: Milotic\n|-damage|p1a: Ribombee|0 fnt|[from] Salt Cure\n|faint|p1a: Ribombee\n|upkeep\n|inactive|Rex_llx has 120 seconds left.\n|\n|t:|1698004312\n|switch|p1a: Toxtricity|Toxtricity, M|19\/100\n|switch|p1b: Kingambit|Kingambit, M|100\/100\n|-sideend|p1: Rex_llx|move: Toxic Spikes|[of] p1a: Toxtricity\n|-damage|p1a: Toxtricity|6\/100|[from] Spikes\n|-damage|p1b: Kingambit|88\/100|[from] Spikes\n|-activate|p1b: Kingambit|ability: Supreme Overlord\n|-start|p1b: Kingambit|fallen4|[silent]\n|turn|12\n|\n|t:|1698004331\n|move|p2a: Electrode|Protect|p2a: Electrode\n|-singleturn|p2a: Electrode|Protect\n|move|p1a: Toxtricity|Overdrive|p2a: Electrode|[spread] p2b\n|-activate|p2a: Electrode|move: Protect\n|-supereffective|p2b: Garganacl\n|-damage|p2b: Garganacl|0 fnt\n|faint|p2b: Garganacl\n|-damage|p1a: Toxtricity|0 fnt|[from] item: Life Orb\n|faint|p1a: Toxtricity\n|move|p1b: Kingambit|Iron Head|p2a: Electrode\n|-activate|p2a: Electrode|move: Protect\n|\n|-heal|p2a: Electrode|68\/100|[from] item: Leftovers\n|upkeep\n|turn|13\n|\n|t:|1698004345\n|move|p1b: Kingambit|Iron Head|p2a: Electrode\n|-resisted|p2a: Electrode\n|-damage|p2a: Electrode|23\/100\n|-status|p1b: Kingambit|par|[from] ability: Static|[of] p2a: Electrode\n|-enditem|p1b: Kingambit|Lum Berry|[eat]\n|-curestatus|p1b: Kingambit|par|[msg]\n|move|p2a: Electrode|Leech Seed|p1b: Kingambit\n|-start|p1b: Kingambit|move: Leech Seed\n|\n|-heal|p2a: Electrode|30\/100|[from] item: Leftovers\n|-damage|p1b: Kingambit|76\/100|[from] Leech Seed|[of] p2a: Electrode\n|-heal|p2a: Electrode|49\/100|[silent]\n|-sideend|p1: Rex_llx|move: Tailwind\n|upkeep\n|turn|14\n|\n|t:|1698004360\n|move|p2a: Electrode|Protect|p2a: Electrode\n|-singleturn|p2a: Electrode|Protect\n|move|p1b: Kingambit|Tera Blast|p2a: Electrode\n|-activate|p2a: Electrode|move: Protect\n|\n|-heal|p2a: Electrode|55\/100|[from] item: Leftovers\n|-damage|p1b: Kingambit|63\/100|[from] Leech Seed|[of] p2a: Electrode\n|-heal|p2a: Electrode|74\/100|[silent]\n|upkeep\n|turn|15\n|\n|t:|1698004369\n|move|p2a: Electrode|Substitute|p2a: Electrode\n|-start|p2a: Electrode|Substitute\n|-damage|p2a: Electrode|49\/100\n|move|p1b: Kingambit|Tera Blast|p2a: Electrode\n|-activate|p2a: Electrode|move: Substitute|[damage]\n|\n|-heal|p2a: Electrode|55\/100|[from] item: Leftovers\n|-damage|p1b: Kingambit|51\/100|[from] Leech Seed|[of] p2a: Electrode\n|-heal|p2a: Electrode|74\/100|[silent]\n|upkeep\n|turn|16\n|\n|t:|1698004380\n|move|p2a: Electrode|Protect|p2a: Electrode\n|-singleturn|p2a: Electrode|Protect\n|move|p1b: Kingambit|Tera Blast|p2a: Electrode\n|-activate|p2a: Electrode|move: Protect\n|\n|-heal|p2a: Electrode|81\/100|[from] item: Leftovers\n|-damage|p1b: Kingambit|39\/100|[from] Leech Seed|[of] p2a: Electrode\n|-heal|p2a: Electrode|99\/100|[silent]\n|upkeep\n|turn|17\n|c|\u2606Dkayez|kkkk\n|inactive|Dkayez has 120 seconds left.\n|c|\u2606Rex_llx|seu corno\n|c|\u2606Rex_llx|aksldalkdja\n|c|\u2606Dkayez|:))\n|c|\u2606Dkayez|english pls\n|c|\u2606Rex_llx|cara\n|c|\u2606Rex_llx|que americano\n|c|\u2606Rex_llx|que vai mandar\n|inactive|Dkayez has 90 seconds left.\n|c|\u2606Rex_llx|um kkk\n|c|\u2606Rex_llx|seu estranho\n|c|\u2606Rex_llx|aklsdjlasdhsjajdksa\n|c|\u2606Dkayez|ok\n|c|\u2606Dkayez|tks\n|c|\u2606Dkayez|im strongth\n|inactive|Dkayez has 60 seconds left.\n|c|\u2606Rex_llx|just play plz\n|\n|t:|1698004490\n|move|p2a: Electrode|Giga Drain|p1b: Kingambit\n|-resisted|p1b: Kingambit\n|-damage|p1b: Kingambit|28\/100\n|-heal|p2a: Electrode|100\/100|[from] drain|[of] p1b: Kingambit\n|move|p1b: Kingambit|Tera Blast|p2a: Electrode\n|-end|p2a: Electrode|Substitute\n|\n|-damage|p1b: Kingambit|15\/100|[from] Leech Seed|[of] p2a: Electrode\n|upkeep\n|turn|18\n|inactive|Dkayez has 60 seconds left.\n|\n|t:|1698004500\n|move|p2a: Electrode|Substitute|p2a: Electrode\n|-start|p2a: Electrode|Substitute\n|-damage|p2a: Electrode|76\/100\n|move|p1b: Kingambit|Tera Blast|p2a: Electrode\n|-activate|p2a: Electrode|move: Substitute|[damage]\n|\n|-heal|p2a: Electrode|82\/100|[from] item: Leftovers\n|-damage|p1b: Kingambit|3\/100|[from] Leech Seed|[of] p2a: Electrode\n|-heal|p2a: Electrode|100\/100|[silent]\n|upkeep\n|turn|19\n|c|\u2606Dkayez|bye\n|\n|t:|1698004513\n|move|p2a: Electrode|Protect|p2a: Electrode\n|-singleturn|p2a: Electrode|Protect\n|move|p1b: Kingambit|Tera Blast|p2a: Electrode\n|-activate|p2a: Electrode|move: Protect\n|\n|-damage|p1b: Kingambit|0 fnt|[from] Leech Seed|[of] p2a: Electrode\n|faint|p1b: Kingambit\n|-end|p1b: Kingambit|fallen4|[silent]\n|\n|win|Dkayez\n|upkeep\n|raw|Rex_llx's rating: 1124 &rarr; <strong>1097<\/strong><br \/>(-27 for losing)\n|raw|Dkayez's rating: 1095 &rarr; <strong>1123<\/strong><br \/>(+28 for winning)\n","uploadtime":1698004523,"views":14,"p1id":"rexllx","p2id":"dkayez","formatid":"gen9doublesou","rating":1097,"private":0,"password":""}