{"id":"gen9doublesou-1984931960","p1":"ombrax","p2":"tert_14","format":"[Gen 9] Doubles OU","log":"|j|\u2606ombrax\n|j|\u2606tert_14\n|inactive|Battle timer is ON: inactive players will automatically lose when time's up.\n|t:|1699312083\n|gametype|doubles\n|player|p1|ombrax|hilbert|\n|player|p2|tert_14|hiker|\n|teamsize|p1|2\n|teamsize|p2|2\n|gen|9\n|tier|[Gen 9] Doubles OU\n|rated|Tournament battle\n|rule|Species Clause: Limit one of each Pok\u00e9mon\n|rule|OHKO Clause: OHKO moves are banned\n|rule|Evasion Moves Clause: Evasion moves are banned\n|rule|Gravity Sleep Clause: The combination of sleep-inducing moves with imperfect accuracy and Gravity or Gigantamax Orbeetle are banned\n|rule|Endless Battle Clause: Forcing endless battles is banned\n|rule|HP Percentage Mod: HP is shown in percentages\n|clearpoke\n|poke|p1|Pawmi, M|\n|poke|p1|Maschiff, M|\n|poke|p2|Drifloon, M|\n|poke|p2|Nosepass, F|\n|teampreview\n|j|*Lady Monita \u263d\n|c|\u2606tert_14|gl hf\n|\n|t:|1699312090\n|start\n|switch|p1a: Maschiff|Maschiff, M|100\/100\n|switch|p1b: Pawmi|Pawmi, M|100\/100\n|switch|p2a: Nosepass|Nosepass, F|100\/100\n|switch|p2b: Drifloon|Drifloon, M|100\/100\n|-ability|p1a: Maschiff|Intimidate|boost\n|-unboost|p2a: Nosepass|atk|1\n|-unboost|p2b: Drifloon|atk|1\n|turn|1\n|j| npc67\n|c|\u2606ombrax|You too\n|\n|t:|1699312116\n|move|p2b: Drifloon|Protect|p2b: Drifloon\n|-singleturn|p2b: Drifloon|Protect\n|move|p2a: Nosepass|Protect|p2a: Nosepass\n|-singleturn|p2a: Nosepass|Protect\n|move|p1b: Pawmi|Nuzzle|p2a: Nosepass\n|-activate|p2a: Nosepass|move: Protect\n|move|p1a: Maschiff|Crunch|p2b: Drifloon\n|-activate|p2b: Drifloon|move: Protect\n|\n|-status|p2b: Drifloon|brn|[from] item: Flame Orb\n|upkeep\n|turn|2\n|\n|t:|1699312140\n|move|p2b: Drifloon|Trick|p1b: Pawmi\n|-activate|p2b: Drifloon|move: Trick|[of] p1b: Pawmi\n|-item|p1b: Pawmi|Flame Orb|[from] move: Trick\n|-item|p2b: Drifloon|Eviolite|[from] move: Trick\n|move|p1b: Pawmi|Nuzzle|p2b: Drifloon\n|-supereffective|p2b: Drifloon\n|-damage|p2b: Drifloon|81\/100 brn\n|move|p1a: Maschiff|Crunch|p2b: Drifloon\n|-supereffective|p2b: Drifloon\n|-damage|p2b: Drifloon|0 fnt\n|faint|p2b: Drifloon\n|move|p2a: Nosepass|Body Press|p1a: Maschiff\n|-supereffective|p1a: Maschiff\n|-damage|p1a: Maschiff|44\/100\n|\n|-status|p1b: Pawmi|brn|[from] item: Flame Orb\n|upkeep\n|turn|3\n|l| npc67\n|\n|t:|1699312158\n|move|p1b: Pawmi|Nuzzle|p2a: Nosepass\n|-damage|p2a: Nosepass|99\/100\n|-status|p2a: Nosepass|par\n|move|p1a: Maschiff|Endeavor|p2a: Nosepass\n|-damage|p2a: Nosepass|54\/100 par\n|move|p2a: Nosepass|Body Press|p1a: Maschiff\n|-supereffective|p1a: Maschiff\n|-damage|p1a: Maschiff|0 fnt\n|faint|p1a: Maschiff\n|\n|-damage|p1b: Pawmi|94\/100 brn|[from] brn\n|upkeep\n|turn|4\n|\n|t:|1699312170\n|move|p2a: Nosepass|Protect|p2a: Nosepass\n|-singleturn|p2a: Nosepass|Protect\n|move|p1b: Pawmi|Mach Punch|p2a: Nosepass\n|-activate|p2a: Nosepass|move: Protect\n|\n|-damage|p1b: Pawmi|88\/100 brn|[from] brn\n|upkeep\n|turn|5\n|\n|t:|1699312180\n|move|p1b: Pawmi|Mach Punch|p2a: Nosepass\n|-supereffective|p2a: Nosepass\n|-damage|p2a: Nosepass|49\/100 par\n|move|p2a: Nosepass|Body Press|p1b: Pawmi\n|-damage|p1b: Pawmi|0 fnt\n|faint|p1b: Pawmi\n|\n|win|tert_14\n|n|\u2606ombrax|ombrax\n|n|\u2606tert_14|tert14\n|n|*Lady Monita \u263d|ladymonita\n","uploadtime":1699312181,"views":8,"p1id":"ombrax","p2id":"tert14","formatid":"gen9doublesou","rating":0,"private":0,"password":""}