{"id":"gen9doublesou-1992553793","p1":"sngm3","p2":"NeonLikeBurritos","format":"[Gen 9] Doubles OU","log":"|j|\u2606sngm3\n|j|\u2606NeonLikeBurritos\n|t:|1700204669\n|gametype|doubles\n|player|p1|sngm3|dawn-gen4pt|1160\n|player|p2|NeonLikeBurritos|hilbert-wonderlauncher|1252\n|teamsize|p1|6\n|teamsize|p2|6\n|gen|9\n|tier|[Gen 9] Doubles OU\n|rated|\n|rule|Species Clause: Limit one of each Pok\u00e9mon\n|rule|OHKO Clause: OHKO moves are banned\n|rule|Evasion Moves Clause: Evasion moves are banned\n|rule|Gravity Sleep Clause: The combination of sleep-inducing moves with imperfect accuracy and Gravity or Gigantamax Orbeetle are banned\n|rule|Endless Battle Clause: Forcing endless battles is banned\n|rule|HP Percentage Mod: HP is shown in percentages\n|clearpoke\n|poke|p1|Sinistcha-Masterpiece|\n|poke|p1|Tornadus, M|\n|poke|p1|Heatran, F|\n|poke|p1|Chien-Pao|\n|poke|p1|Dragonite, M|\n|poke|p1|Iron Hands|\n|poke|p2|Armarouge, F|\n|poke|p2|Rotom-Wash|\n|poke|p2|Indeedee-F, F|\n|poke|p2|Amoonguss, F|\n|poke|p2|Ting-Lu|\n|poke|p2|Hatterene, F|\n|teampreview\n|inactive|Battle timer is ON: inactive players will automatically lose when time's up. (requested by NeonLikeBurritos)\n|\n|t:|1700204712\n|start\n|switch|p1a: Heatran|Heatran, F|100\/100\n|switch|p1b: Tornadus|Tornadus, M|100\/100\n|switch|p2a: Ting-Lu|Ting-Lu|100\/100\n|switch|p2b: Indeedee|Indeedee-F, F|100\/100\n|-fieldstart|move: Psychic Terrain|[from] ability: Psychic Surge|[of] p2b: Indeedee\n|-enditem|p2b: Indeedee|Psychic Seed\n|-boost|p2b: Indeedee|spd|1|[from] item: Psychic Seed\n|-ability|p2a: Ting-Lu|Vessel of Ruin\n|turn|1\n|\n|t:|1700204727\n|move|p1b: Tornadus|Sunny Day|p1b: Tornadus\n|-weather|SunnyDay\n|move|p1a: Heatran|Heat Wave|p2a: Ting-Lu|[spread] p2a,p2b\n|-damage|p2a: Ting-Lu|63\/100\n|-damage|p2b: Indeedee|73\/100\n|move|p2a: Ting-Lu|Stomping Tantrum|p1a: Heatran\n|-supereffective|p1a: Heatran\n|-damage|p1a: Heatran|0 fnt\n|faint|p1a: Heatran\n|move|p2b: Indeedee|Trick Room|p2b: Indeedee\n|-fieldstart|move: Trick Room|[of] p2b: Indeedee\n|\n|-weather|SunnyDay|[upkeep]\n|-heal|p2a: Ting-Lu|69\/100|[from] item: Leftovers\n|upkeep\n|\n|t:|1700204734\n|switch|p1a: Sinistcha|Sinistcha-Masterpiece|100\/100\n|turn|2\n|\n|t:|1700204753\n|move|p2b: Indeedee|Follow Me|p2b: Indeedee\n|-singleturn|p2b: Indeedee|move: Follow Me\n|move|p2a: Ting-Lu|Ruination|p1a: Sinistcha\n|-damage|p1a: Sinistcha|50\/100\n|move|p1a: Sinistcha|Calm Mind|p1a: Sinistcha\n|-boost|p1a: Sinistcha|spa|1\n|-boost|p1a: Sinistcha|spd|1\n|move|p1b: Tornadus|Bleakwind Storm|p2a: Ting-Lu|[spread] p2a\n|-miss|p1b: Tornadus|p2b: Indeedee\n|-crit|p2a: Ting-Lu\n|-damage|p2a: Ting-Lu|37\/100\n|\n|-weather|SunnyDay|[upkeep]\n|-heal|p2a: Ting-Lu|44\/100|[from] item: Leftovers\n|upkeep\n|turn|3\n|\n|t:|1700204779\n|switch|p2b: Amoonguss|Amoonguss, F|100\/100\n|move|p2a: Ting-Lu|Rest|p2a: Ting-Lu\n|-status|p2a: Ting-Lu|slp|[from] move: Rest\n|-heal|p2a: Ting-Lu|100\/100 slp|[silent]\n|move|p1a: Sinistcha|Strength Sap|p2a: Ting-Lu\n|-unboost|p2a: Ting-Lu|atk|1\n|-heal|p1a: Sinistcha|100\/100\n|move|p1b: Tornadus|Bleakwind Storm|p2b: Amoonguss|[spread] p2b\n|-miss|p1b: Tornadus|p2a: Ting-Lu\n|-supereffective|p2b: Amoonguss\n|-crit|p2b: Amoonguss\n|-damage|p2b: Amoonguss|24\/100\n|-unboost|p2b: Amoonguss|spe|1\n|\n|-weather|SunnyDay|[upkeep]\n|-heal|p2b: Amoonguss|30\/100|[from] item: Leftovers\n|upkeep\n|turn|4\n|\n|t:|1700204802\n|switch|p1b: Iron Hands|Iron Hands|100\/100\n|move|p2b: Amoonguss|Spore|p1b: Iron Hands\n|-status|p1b: Iron Hands|slp|[from] move: Spore\n|cant|p2a: Ting-Lu|slp\n|move|p2a: Ting-Lu|Sleep Talk|p2a: Ting-Lu\n|move|p2a: Ting-Lu|Stomping Tantrum|p1a: Sinistcha|[from]move: Sleep Talk\n|-resisted|p1a: Sinistcha\n|-damage|p1a: Sinistcha|91\/100\n|-damage|p2a: Ting-Lu|84\/100 slp|[from] item: Rocky Helmet|[of] p1a: Sinistcha\n|move|p1a: Sinistcha|Calm Mind|p1a: Sinistcha\n|-boost|p1a: Sinistcha|spa|1\n|-boost|p1a: Sinistcha|spd|1\n|\n|-weather|SunnyDay|[upkeep]\n|-heal|p2b: Amoonguss|36\/100|[from] item: Leftovers\n|-heal|p2a: Ting-Lu|90\/100 slp|[from] item: Leftovers\n|upkeep\n|turn|5\n|\n|t:|1700204828\n|move|p2b: Amoonguss|Pollen Puff|p1a: Sinistcha\n|-crit|p1a: Sinistcha\n|-damage|p1a: Sinistcha|59\/100\n|cant|p2a: Ting-Lu|slp\n|move|p2a: Ting-Lu|Sleep Talk|p2a: Ting-Lu\n|move|p2a: Ting-Lu|Ruination|p1b: Iron Hands|[from]move: Sleep Talk\n|-damage|p1b: Iron Hands|50\/100 slp\n|cant|p1b: Iron Hands|slp\n|move|p1a: Sinistcha|Calm Mind|p1a: Sinistcha\n|-boost|p1a: Sinistcha|spa|1\n|-boost|p1a: Sinistcha|spd|1\n|\n|-weather|none\n|-heal|p2b: Amoonguss|42\/100|[from] item: Leftovers\n|-heal|p2a: Ting-Lu|96\/100 slp|[from] item: Leftovers\n|-fieldend|move: Trick Room\n|-fieldend|move: Psychic Terrain\n|upkeep\n|turn|6\n|\n|t:|1700204844\n|switch|p2b: Indeedee|Indeedee-F, F|73\/100\n|-fieldstart|move: Psychic Terrain|[from] ability: Psychic Surge|[of] p2b: Indeedee\n|move|p1a: Sinistcha|Matcha Gotcha|p2a: Ting-Lu|[spread] p2a,p2b\n|-supereffective|p2a: Ting-Lu\n|-damage|p2a: Ting-Lu|24\/100 slp\n|-heal|p1a: Sinistcha|100\/100|[from] drain|[of] p2a: Ting-Lu\n|-damage|p2b: Indeedee|32\/100\n|cant|p1b: Iron Hands|slp\n|-curestatus|p2a: Ting-Lu|slp|[msg]\n|move|p2a: Ting-Lu|Sleep Talk||[still]\n|-fail|p2a: Ting-Lu\n|\n|-heal|p2a: Ting-Lu|30\/100|[from] item: Leftovers\n|upkeep\n|turn|7\n|\n|t:|1700204859\n|switch|p2a: Armarouge|Armarouge, F|100\/100\n|move|p1a: Sinistcha|Calm Mind|p1a: Sinistcha\n|-boost|p1a: Sinistcha|spa|1\n|-boost|p1a: Sinistcha|spd|1\n|-curestatus|p1b: Iron Hands|slp|[msg]\n|move|p1b: Iron Hands|Drain Punch|p2a: Armarouge\n|-resisted|p2a: Armarouge\n|-damage|p2a: Armarouge|80\/100\n|-heal|p1b: Iron Hands|58\/100|[from] drain|[of] p2a: Armarouge\n|move|p2b: Indeedee|Trick Room|p2b: Indeedee\n|-fieldstart|move: Trick Room|[of] p2b: Indeedee\n|\n|upkeep\n|turn|8\n|inactive|NeonLikeBurritos has 120 seconds left.\n|\n|t:|1700204892\n|-terastallize|p1a: Sinistcha|Dragon\n|move|p2b: Indeedee|Protect|p2b: Indeedee\n|-singleturn|p2b: Indeedee|Protect\n|move|p2a: Armarouge|Expanding Force|p1a: Sinistcha|[spread] p1a,p1b\n|-supereffective|p1b: Iron Hands\n|-damage|p1a: Sinistcha|71\/100\n|-damage|p1b: Iron Hands|0 fnt\n|faint|p1b: Iron Hands\n|-end|p1b: Iron Hands|Quark Drive|[silent]\n|-damage|p2a: Armarouge|70\/100|[from] item: Life Orb\n|move|p1a: Sinistcha|Matcha Gotcha|p2a: Armarouge|[spread] p2a\n|-activate|p2b: Indeedee|move: Protect\n|-resisted|p2a: Armarouge\n|-damage|p2a: Armarouge|30\/100\n|-heal|p1a: Sinistcha|92\/100|[from] drain|[of] p2a: Armarouge\n|\n|upkeep\n|\n|t:|1700204909\n|switch|p1b: Chien-Pao|Chien-Pao|100\/100\n|-ability|p1b: Chien-Pao|Sword of Ruin\n|turn|9\n|\n|t:|1700204915\n|move|p1b: Chien-Pao|Protect|p1b: Chien-Pao\n|-singleturn|p1b: Chien-Pao|Protect\n|move|p2a: Armarouge|Wide Guard|p2a: Armarouge\n|-singleturn|p2a: Armarouge|Wide Guard\n|move|p2b: Indeedee|Dazzling Gleam|p1a: Sinistcha|[spread] p1a\n|-activate|p1b: Chien-Pao|move: Protect\n|-supereffective|p1a: Sinistcha\n|-damage|p1a: Sinistcha|82\/100\n|move|p1a: Sinistcha|Matcha Gotcha|p2a: Armarouge|[spread] \n|-activate|p2a: Armarouge|move: Wide Guard\n|-activate|p2b: Indeedee|move: Wide Guard\n|\n|upkeep\n|turn|10\n|inactive|NeonLikeBurritos has 120 seconds left.\n|\n|t:|1700204945\n|switch|p2a: Amoonguss|Amoonguss, F|76\/100\n|move|p2b: Indeedee|Protect|p2b: Indeedee\n|-singleturn|p2b: Indeedee|Protect\n|move|p1a: Sinistcha|Rage Powder|p1a: Sinistcha\n|-singleturn|p1a: Sinistcha|move: Rage Powder\n|move|p1b: Chien-Pao|Icicle Crash|p2a: Amoonguss\n|-supereffective|p2a: Amoonguss\n|-damage|p2a: Amoonguss|0 fnt\n|faint|p2a: Amoonguss\n|\n|-fieldend|move: Psychic Terrain\n|upkeep\n|inactive|NeonLikeBurritos has 120 seconds left.\n|\n|t:|1700204961\n|switch|p2a: Hatterene|Hatterene, F|100\/100\n|turn|11\n|\n|t:|1700204972\n|move|p1b: Chien-Pao|Protect|p1b: Chien-Pao\n|-singleturn|p1b: Chien-Pao|Protect\n|move|p2b: Indeedee|Follow Me|p2b: Indeedee\n|-singleturn|p2b: Indeedee|move: Follow Me\n|move|p2a: Hatterene|Psyshock|p1a: Sinistcha\n|-damage|p1a: Sinistcha|50\/100\n|move|p1a: Sinistcha|Matcha Gotcha|p2a: Hatterene|[spread] p2a,p2b\n|-damage|p2a: Hatterene|46\/100\n|-heal|p1a: Sinistcha|75\/100|[from] drain|[of] p2a: Hatterene\n|-damage|p2b: Indeedee|0 fnt\n|-heal|p1a: Sinistcha|91\/100|[from] drain|[of] p2b: Indeedee\n|-status|p2a: Hatterene|brn\n|faint|p2b: Indeedee\n|\n|-heal|p2a: Hatterene|52\/100 brn|[from] item: Leftovers\n|-damage|p2a: Hatterene|46\/100 brn|[from] brn\n|-fieldend|move: Trick Room\n|upkeep\n|inactive|NeonLikeBurritos has 120 seconds left.\n|\n|t:|1700204985\n|switch|p2b: Ting-Lu|Ting-Lu|30\/100\n|-ability|p2b: Ting-Lu|Vessel of Ruin\n|turn|12\n|\n|t:|1700204989\n|move|p1b: Chien-Pao|Sacred Sword|p2b: Ting-Lu\n|-supereffective|p2b: Ting-Lu\n|-damage|p2b: Ting-Lu|0 fnt\n|faint|p2b: Ting-Lu\n|move|p1a: Sinistcha|Matcha Gotcha|p2a: Hatterene\n|-damage|p2a: Hatterene|0 fnt\n|-heal|p1a: Sinistcha|100\/100|[from] drain|[of] p2a: Hatterene\n|faint|p2a: Hatterene\n|\n|upkeep\n|\n|t:|1700204996\n|switch|p2b: Armarouge|Armarouge, F|30\/100\n|switch|p2a: Rotom|Rotom-Wash|100\/100\n|turn|13\n|\n|t:|1700205006\n|move|p1b: Chien-Pao|Protect|p1b: Chien-Pao\n|-singleturn|p1b: Chien-Pao|Protect\n|move|p2a: Rotom|Will-O-Wisp|p1b: Chien-Pao\n|-activate|p1b: Chien-Pao|move: Protect\n|move|p1a: Sinistcha|Matcha Gotcha|p2b: Armarouge|[spread] p2a,p2b\n|-supereffective|p2a: Rotom\n|-resisted|p2b: Armarouge\n|-damage|p2a: Rotom|0 fnt\n|-damage|p2b: Armarouge|0 fnt\n|faint|p2a: Rotom\n|faint|p2b: Armarouge\n|\n|win|sngm3\n|raw|sngm3's rating: 1160 &rarr; <strong>1191<\/strong><br \/>(+31 for winning)\n|raw|NeonLikeBurritos's rating: 1252 &rarr; <strong>1221<\/strong><br \/>(-31 for losing)\n|l|\u2606NeonLikeBurritos\n","uploadtime":1700205020,"views":11,"p1id":"sngm3","p2id":"neonlikeburritos","formatid":"gen9doublesou","rating":1191,"private":0,"password":""}