{"id":"gen9doublesou-1983098051","p1":"C0SuMa","p2":"sleepcooling","format":"[Gen 9] Doubles OU","log":"|j|\u2606C0SuMa\n|j|\u2606sleepcooling\n|t:|1699085487\n|gametype|doubles\n|player|p1|C0SuMa|caitlin|1432\n|player|p2|sleepcooling|gloria|1403\n|teamsize|p1|6\n|teamsize|p2|6\n|gen|9\n|tier|[Gen 9] Doubles OU\n|rated|\n|rule|Species Clause: Limit one of each Pok\u00e9mon\n|rule|OHKO Clause: OHKO moves are banned\n|rule|Evasion Moves Clause: Evasion moves are banned\n|rule|Gravity Sleep Clause: The combination of sleep-inducing moves with imperfect accuracy and Gravity or Gigantamax Orbeetle are banned\n|rule|Endless Battle Clause: Forcing endless battles is banned\n|rule|HP Percentage Mod: HP is shown in percentages\n|clearpoke\n|poke|p1|Ninetales-Alola, F|\n|poke|p1|Flutter Mane|\n|poke|p1|Iron Bundle|\n|poke|p1|Ogerpon-Hearthflame, F|\n|poke|p1|Iron Hands|\n|poke|p1|Cresselia, F|\n|poke|p2|Ogerpon-Hearthflame, F|\n|poke|p2|Chi-Yu|\n|poke|p2|Ninetales, F|\n|poke|p2|Walking Wake|\n|poke|p2|Flutter Mane|\n|poke|p2|Coalossal, F|\n|teampreview\n|inactive|Battle timer is ON: inactive players will automatically lose when time's up. (requested by C0SuMa)\n|\n|t:|1699085502\n|start\n|switch|p1a: Iron Bundle|Iron Bundle|100\/100\n|switch|p1b: Iron Hands|Iron Hands|100\/100\n|switch|p2a: Coalossal|Coalossal, F|100\/100\n|switch|p2b: Walking Wake|Walking Wake|100\/100\n|turn|1\n|\n|t:|1699085519\n|move|p2b: Walking Wake|Protect|p2b: Walking Wake\n|-singleturn|p2b: Walking Wake|Protect\n|move|p1b: Iron Hands|Fake Out|p2b: Walking Wake\n|-activate|p2b: Walking Wake|move: Protect\n|move|p1a: Iron Bundle|Chilling Water|p2a: Coalossal\n|-supereffective|p2a: Coalossal\n|-damage|p2a: Coalossal|0 fnt\n|faint|p2a: Coalossal\n|\n|upkeep\n|\n|t:|1699085531\n|switch|p2a: Ninetales|Ninetales, F|100\/100\n|-weather|SunnyDay|[from] ability: Drought|[of] p2a: Ninetales\n|-activate|p2b: Walking Wake|ability: Protosynthesis\n|-start|p2b: Walking Wake|protosynthesisspe\n|turn|2\n|\n|t:|1699085547\n|-end|p1b: Iron Hands|Quark Drive|[silent]\n|switch|p1b: Ninetales|Ninetales-Alola, F|100\/100\n|-weather|Snow|[from] ability: Snow Warning|[of] p1b: Ninetales\n|-end|p2b: Walking Wake|Protosynthesis\n|move|p1a: Iron Bundle|Aurora Veil|p1a: Iron Bundle\n|-sidestart|p1: C0SuMa|move: Aurora Veil\n|move|p2b: Walking Wake|Hydro Steam|p1a: Iron Bundle\n|-resisted|p1a: Iron Bundle\n|-damage|p1a: Iron Bundle|68\/100\n|move|p2a: Ninetales|Heat Wave|p1a: Iron Bundle|[spread] p1a,p1b\n|-supereffective|p1b: Ninetales\n|-damage|p1a: Iron Bundle|30\/100\n|-damage|p1b: Ninetales|63\/100\n|-status|p1a: Iron Bundle|brn\n|\n|-weather|Snow|[upkeep]\n|-damage|p1a: Iron Bundle|24\/100 brn|[from] brn\n|upkeep\n|turn|3\n|\n|t:|1699085573\n|move|p2b: Walking Wake|Protect|p2b: Walking Wake\n|-singleturn|p2b: Walking Wake|Protect\n|move|p1a: Iron Bundle|Chilling Water|p2a: Ninetales\n|-supereffective|p2a: Ninetales\n|-damage|p2a: Ninetales|37\/100\n|-unboost|p2a: Ninetales|atk|1\n|move|p1b: Ninetales|Blizzard|p2b: Walking Wake|[spread] p2a\n|-activate|p2b: Walking Wake|move: Protect\n|-resisted|p2a: Ninetales\n|-damage|p2a: Ninetales|21\/100\n|move|p2a: Ninetales|Heat Wave|p1a: Iron Bundle|[spread] p1a,p1b\n|-supereffective|p1b: Ninetales\n|-damage|p1a: Iron Bundle|0 fnt\n|-damage|p1b: Ninetales|20\/100\n|faint|p1a: Iron Bundle\n|-end|p1a: Iron Bundle|Quark Drive|[silent]\n|\n|-weather|Snow|[upkeep]\n|upkeep\n|inactive|C0SuMa has 120 seconds left.\n|\n|t:|1699085591\n|switch|p1a: Flutter Mane|Flutter Mane|100\/100\n|turn|4\n|\n|t:|1699085621\n|-end|p2b: Walking Wake|Protosynthesis|[silent]\n|switch|p2b: Ogerpon|Ogerpon-Hearthflame, F|100\/100\n|-ability|p2b: Ogerpon|Mold Breaker\n|move|p2a: Ninetales|Protect|p2a: Ninetales\n|-singleturn|p2a: Ninetales|Protect\n|move|p1a: Flutter Mane|Dazzling Gleam|p2a: Ninetales|[spread] p2b\n|-activate|p2a: Ninetales|move: Protect\n|-resisted|p2b: Ogerpon\n|-damage|p2b: Ogerpon|76\/100\n|-damage|p1a: Flutter Mane|91\/100|[from] item: Life Orb\n|move|p1b: Ninetales|Blizzard|p2b: Ogerpon|[spread] p2b\n|-activate|p2a: Ninetales|move: Protect\n|-damage|p2b: Ogerpon|45\/100\n|\n|-weather|Snow|[upkeep]\n|upkeep\n|turn|5\n|inactive|sleepcooling has 120 seconds left.\n|\n|t:|1699085655\n|switch|p2a: Chi-Yu|Chi-Yu|100\/100\n|-ability|p2a: Chi-Yu|Beads of Ruin\n|move|p2b: Ogerpon|Spiky Shield|p2b: Ogerpon\n|-singleturn|p2b: Ogerpon|move: Protect\n|move|p1a: Flutter Mane|Shadow Ball|p2b: Ogerpon\n|-activate|p2b: Ogerpon|move: Protect\n|move|p1b: Ninetales|Blizzard|p2b: Ogerpon|[spread] p2a\n|-activate|p2b: Ogerpon|move: Protect\n|-resisted|p2a: Chi-Yu\n|-damage|p2a: Chi-Yu|85\/100\n|\n|-weather|Snow|[upkeep]\n|upkeep\n|turn|6\n|inactive|sleepcooling has 120 seconds left.\n|\n|t:|1699085684\n|switch|p2b: Walking Wake|Walking Wake|100\/100\n|move|p2a: Chi-Yu|Heat Wave|p1a: Flutter Mane|[spread] p1a,p1b\n|-supereffective|p1b: Ninetales\n|-damage|p1a: Flutter Mane|50\/100\n|-damage|p1b: Ninetales|0 fnt\n|faint|p1b: Ninetales\n|move|p1a: Flutter Mane|Shadow Ball|p2b: Walking Wake\n|-damage|p2b: Walking Wake|15\/100\n|-damage|p1a: Flutter Mane|40\/100|[from] item: Life Orb\n|\n|-weather|Snow|[upkeep]\n|upkeep\n|\n|t:|1699085695\n|switch|p1b: Ogerpon|Ogerpon-Hearthflame, F|100\/100\n|-ability|p1b: Ogerpon|Mold Breaker\n|turn|7\n|\n|t:|1699085720\n|move|p1b: Ogerpon|Spiky Shield|p1b: Ogerpon\n|-singleturn|p1b: Ogerpon|move: Protect\n|move|p2b: Walking Wake|Protect|p2b: Walking Wake\n|-singleturn|p2b: Walking Wake|Protect\n|move|p2a: Chi-Yu|Heat Wave|p1b: Ogerpon|[spread] p1a\n|-activate|p1b: Ogerpon|move: Protect\n|-damage|p1a: Flutter Mane|2\/100\n|move|p1a: Flutter Mane|Dazzling Gleam|p2b: Walking Wake|[spread] p2a\n|-activate|p2b: Walking Wake|move: Protect\n|-damage|p2a: Chi-Yu|34\/100\n|-damage|p1a: Flutter Mane|0 fnt|[from] item: Life Orb\n|faint|p1a: Flutter Mane\n|-end|p1a: Flutter Mane|Protosynthesis|[silent]\n|\n|-weather|Snow|[upkeep]\n|upkeep\n|\n|t:|1699085735\n|switch|p1a: Iron Hands|Iron Hands|100\/100\n|turn|8\n|\n|t:|1699085758\n|switch|p2a: Flutter Mane|Flutter Mane|100\/100\n|-end|p2b: Walking Wake|Protosynthesis|[silent]\n|switch|p2b: Ninetales|Ninetales, F|21\/100\n|-weather|SunnyDay|[from] ability: Drought|[of] p2b: Ninetales\n|-activate|p2a: Flutter Mane|ability: Protosynthesis\n|-start|p2a: Flutter Mane|protosynthesisspe\n|move|p1a: Iron Hands|Fake Out|p2a: Flutter Mane\n|-immune|p2a: Flutter Mane\n|move|p1b: Ogerpon|Horn Leech|p2b: Ninetales\n|-resisted|p2b: Ninetales\n|-damage|p2b: Ninetales|0 fnt\n|faint|p2b: Ninetales\n|\n|-weather|SunnyDay|[upkeep]\n|upkeep\n|inactive|sleepcooling has 120 seconds left.\n|\n|t:|1699085779\n|switch|p2b: Ogerpon|Ogerpon-Hearthflame, F|45\/100\n|-ability|p2b: Ogerpon|Mold Breaker\n|turn|9\n|inactive|sleepcooling has 120 seconds left.\n|\n|t:|1699085813\n|-end|p1a: Iron Hands|Quark Drive|[silent]\n|switch|p1a: Cresselia|Cresselia, F|100\/100\n|-terastallize|p2a: Flutter Mane|Fairy\n|-terastallize|p1b: Ogerpon|Fire\n|detailschange|p1b: Ogerpon|Ogerpon-Hearthflame-Tera, F, tera:Fire\n|-ability|p1b: Ogerpon|Embody Aspect (Hearthflame)|boost\n|-boost|p1b: Ogerpon|atk|1\n|move|p2a: Flutter Mane|Moonblast|p1a: Cresselia\n|-damage|p1a: Cresselia|62\/100\n|move|p2b: Ogerpon|Ivy Cudgel|p1a: Cresselia\n|-damage|p1a: Cresselia|30\/100\n|move|p1b: Ogerpon|Ivy Cudgel|p2a: Flutter Mane\n|-damage|p2a: Flutter Mane|0 fnt\n|faint|p2a: Flutter Mane\n|-end|p2a: Flutter Mane|Protosynthesis|[silent]\n|\n|-weather|SunnyDay|[upkeep]\n|-sideend|p1: C0SuMa|move: Aurora Veil\n|upkeep\n|\n|t:|1699085831\n|switch|p2a: Walking Wake|Walking Wake|15\/100\n|-activate|p2a: Walking Wake|ability: Protosynthesis\n|-start|p2a: Walking Wake|protosynthesisspe\n|turn|10\n|inactive|sleepcooling has 120 seconds left.\n|\n|t:|1699085839\n|move|p1b: Ogerpon|Spiky Shield|p1b: Ogerpon\n|-singleturn|p1b: Ogerpon|move: Protect\n|move|p2a: Walking Wake|Hydro Steam|p1b: Ogerpon\n|-activate|p1b: Ogerpon|move: Protect\n|move|p2b: Ogerpon|Ivy Cudgel|p1a: Cresselia\n|-damage|p1a: Cresselia|0 fnt\n|faint|p1a: Cresselia\n|\n|-weather|SunnyDay|[upkeep]\n|upkeep\n|\n|t:|1699085849\n|switch|p1a: Iron Hands|Iron Hands|100\/100\n|turn|11\n|\n|t:|1699085866\n|-end|p2a: Walking Wake|Protosynthesis|[silent]\n|switch|p2a: Chi-Yu|Chi-Yu|34\/100\n|-ability|p2a: Chi-Yu|Beads of Ruin\n|move|p1a: Iron Hands|Fake Out|p2a: Chi-Yu\n|-damage|p2a: Chi-Yu|12\/100\n|move|p1b: Ogerpon|Ivy Cudgel|p2b: Ogerpon\n|-crit|p2b: Ogerpon\n|-damage|p2b: Ogerpon|0 fnt\n|faint|p2b: Ogerpon\n|\n|-weather|SunnyDay|[upkeep]\n|upkeep\n|\n|t:|1699085877\n|switch|p2b: Walking Wake|Walking Wake|15\/100\n|-activate|p2b: Walking Wake|ability: Protosynthesis\n|-start|p2b: Walking Wake|protosynthesisspe\n|turn|12\n|\n|t:|1699085897\n|move|p1b: Ogerpon|Spiky Shield|p1b: Ogerpon\n|-singleturn|p1b: Ogerpon|move: Protect\n|move|p2b: Walking Wake|Hydro Steam|p1a: Iron Hands\n|-damage|p1a: Iron Hands|32\/100\n|-enditem|p1a: Iron Hands|Sitrus Berry|[eat]\n|-heal|p1a: Iron Hands|56\/100|[from] item: Sitrus Berry\n|move|p2a: Chi-Yu|Heat Wave|p1a: Iron Hands|[spread] p1a\n|-activate|p1b: Ogerpon|move: Protect\n|-damage|p1a: Iron Hands|0 fnt\n|faint|p1a: Iron Hands\n|-end|p1a: Iron Hands|Quark Drive|[silent]\n|\n|-weather|none\n|-end|p2b: Walking Wake|Protosynthesis\n|upkeep\n|turn|13\n|c|\u2606C0SuMa|gg\\\n|\n|t:|1699085920\n|move|p2b: Walking Wake|Aqua Jet|p1b: Ogerpon\n|-supereffective|p1b: Ogerpon\n|-damage|p1b: Ogerpon|74\/100\n|move|p2a: Chi-Yu|Heat Wave|p1b: Ogerpon|[miss]\n|-miss|p2a: Chi-Yu|p1b: Ogerpon\n|move|p1b: Ogerpon|Horn Leech|p2b: Walking Wake\n|-damage|p2b: Walking Wake|0 fnt\n|-heal|p1b: Ogerpon|81\/100|[from] drain|[of] p2b: Walking Wake\n|faint|p2b: Walking Wake\n|-end|p2b: Walking Wake|Protosynthesis|[silent]\n|\n|upkeep\n|turn|14\n|c|\u2606C0SuMa|nvm lol\n|\n|t:|1699085936\n|move|p2a: Chi-Yu|Heat Wave|p1b: Ogerpon\n|-resisted|p1b: Ogerpon\n|-damage|p1b: Ogerpon|39\/100\n|move|p1b: Ogerpon|Ivy Cudgel|p2a: Chi-Yu\n|-resisted|p2a: Chi-Yu\n|-damage|p2a: Chi-Yu|0 fnt\n|faint|p2a: Chi-Yu\n|\n|win|C0SuMa\n|raw|C0SuMa's rating: 1432 &rarr; <strong>1450<\/strong><br \/>(+18 for winning)\n|raw|sleepcooling's rating: 1403 &rarr; <strong>1385<\/strong><br \/>(-18 for losing)\n|c|\u2606sleepcooling|gl\n|c|\u2606sleepcooling|gp\n|c|\u2606sleepcooling|\uff3c(`\u0394\u2019)\uff0f\n","uploadtime":1699086022,"views":16,"p1id":"c0suma","p2id":"sleepcooling","formatid":"gen9doublesou","rating":1385,"private":0,"password":""}