{"id":"gen9doublesou-1987914635","p1":"StephenStone1130","p2":"Telimonster0608","format":"[Gen 9] Doubles OU","log":"|j|\u2606StephenStone1130\n|j|\u2606Telimonster0608\n|t:|1699648699\n|gametype|doubles\n|player|p1|StephenStone1130|265|\n|player|p2|Telimonster0608|acetrainerf|\n|teamsize|p1|6\n|teamsize|p2|6\n|gen|9\n|tier|[Gen 9] Doubles OU\n|rule|Species Clause: Limit one of each Pok\u00e9mon\n|rule|OHKO Clause: OHKO moves are banned\n|rule|Evasion Moves Clause: Evasion moves are banned\n|rule|Gravity Sleep Clause: The combination of sleep-inducing moves with imperfect accuracy and Gravity or Gigantamax Orbeetle are banned\n|rule|Endless Battle Clause: Forcing endless battles is banned\n|rule|HP Percentage Mod: HP is shown in percentages\n|clearpoke\n|poke|p1|Cresselia, F|\n|poke|p1|Iron Jugulis|\n|poke|p1|Krookodile, M|\n|poke|p1|Gyarados, M|\n|poke|p1|Lucario, M|\n|poke|p1|Typhlosion-Hisui, F|\n|poke|p2|Slither Wing|\n|poke|p2|Klefki, M|\n|poke|p2|Salamence, M|\n|poke|p2|Sneasler, F|\n|poke|p2|Zapdos|\n|poke|p2|Milotic, M|\n|teampreview\n|j| GoDDanteX\n|\n|t:|1699648801\n|start\n|switch|p1a: Cresselia|Cresselia, F, shiny|100\/100\n|switch|p1b: Typhlosion|Typhlosion-Hisui, F, shiny|100\/100\n|switch|p2a: Success\ud83e\ude99|Klefki, M, shiny|100\/100\n|switch|p2b: Princess\ud83d\udc78|Milotic, M, shiny|100\/100\n|-item|p2a: Success\ud83e\ude99|Damp Rock|[from] ability: Frisk|[of] p1b: Typhlosion|[identify]\n|-item|p2b: Princess\ud83d\udc78|Flame Orb|[from] ability: Frisk|[of] p1b: Typhlosion|[identify]\n|turn|1\n|\n|t:|1699648847\n|switch|p1b: Gyarados|Gyarados, M, shiny|100\/100\n|move|p2b: Princess\ud83d\udc78|Protect|p2b: Princess\ud83d\udc78\n|-singleturn|p2b: Princess\ud83d\udc78|Protect\n|move|p2a: Success\ud83e\ude99|Thunder Wave|p1a: Cresselia\n|-status|p1a: Cresselia|par\n|move|p1a: Cresselia|Calm Mind|p1a: Cresselia\n|-boost|p1a: Cresselia|spa|1\n|-boost|p1a: Cresselia|spd|1\n|\n|-status|p2b: Princess\ud83d\udc78|brn|[from] item: Flame Orb\n|upkeep\n|turn|2\n|\n|t:|1699648885\n|switch|p2b: Lightning Storm\u26c8\ufe0f|Zapdos, shiny|100\/100\n|move|p2a: Success\ud83e\ude99|Light Screen|p2a: Success\ud83e\ude99\n|-sidestart|p2: Telimonster0608|move: Light Screen\n|move|p1b: Gyarados|Dragon Dance|p1b: Gyarados\n|-boost|p1b: Gyarados|atk|1\n|-boost|p1b: Gyarados|spe|1\n|move|p1a: Cresselia|Lunar Blessing|p1a: Cresselia|[spread] p1a,p1b\n|-curestatus|p1a: Cresselia|par|[msg]\n|\n|upkeep\n|turn|3\n|\n|t:|1699648905\n|-terastallize|p1b: Gyarados|Ground\n|move|p2a: Success\ud83e\ude99|Reflect|p2a: Success\ud83e\ude99\n|-sidestart|p2: Telimonster0608|Reflect\n|move|p1b: Gyarados|Stone Edge|p2b: Lightning Storm\u26c8\ufe0f|[miss]\n|-miss|p1b: Gyarados|p2b: Lightning Storm\u26c8\ufe0f\n|move|p2b: Lightning Storm\u26c8\ufe0f|Thunderbolt|p1b: Gyarados\n|-immune|p1b: Gyarados\n|move|p1a: Cresselia|Calm Mind|p1a: Cresselia\n|-boost|p1a: Cresselia|spa|1\n|-boost|p1a: Cresselia|spd|1\n|\n|upkeep\n|turn|4\n|\n|t:|1699648956\n|switch|p2a: Past Mothra\ud83e\udd8b|Slither Wing|100\/100\n|-enditem|p2a: Past Mothra\ud83e\udd8b|Booster Energy\n|-activate|p2a: Past Mothra\ud83e\udd8b|ability: Protosynthesis|[fromitem]\n|-start|p2a: Past Mothra\ud83e\udd8b|protosynthesisatk\n|move|p1b: Gyarados|Dragon Dance|p1b: Gyarados\n|-boost|p1b: Gyarados|atk|1\n|-boost|p1b: Gyarados|spe|1\n|move|p2b: Lightning Storm\u26c8\ufe0f|Volt Switch|p1a: Cresselia\n|-damage|p1a: Cresselia|91\/100\n|\n|t:|1699648967\n|switch|p2b: Wolverine\ud83d\udde1|Sneasler, F, shiny|100\/100|[from] Volt Switch\n|-item|p2b: Wolverine\ud83d\udde1|Air Balloon\n|move|p1a: Cresselia|Calm Mind|p1a: Cresselia\n|-boost|p1a: Cresselia|spa|1\n|-boost|p1a: Cresselia|spd|1\n|\n|-heal|p1a: Cresselia|98\/100|[from] item: Leftovers\n|upkeep\n|turn|5\n|\n|t:|1699648999\n|move|p1b: Gyarados|Earthquake|p2a: Past Mothra\ud83e\udd8b|[spread] p2a\n|-immune|p1a: Cresselia|[from] ability: Levitate\n|-immune|p2b: Wolverine\ud83d\udde1\n|-resisted|p2a: Past Mothra\ud83e\udd8b\n|-damage|p2a: Past Mothra\ud83e\udd8b|66\/100\n|move|p2b: Wolverine\ud83d\udde1|Taunt|p1b: Gyarados\n|-start|p1b: Gyarados|move: Taunt\n|move|p2a: Past Mothra\ud83e\udd8b|Leech Life|p1a: Cresselia\n|-supereffective|p1a: Cresselia\n|-damage|p1a: Cresselia|37\/100\n|-heal|p2a: Past Mothra\ud83e\udd8b|100\/100|[from] drain|[of] p1a: Cresselia\n|move|p1a: Cresselia|Stored Power|p2b: Wolverine\ud83d\udde1\n|-supereffective|p2b: Wolverine\ud83d\udde1\n|-damage|p2b: Wolverine\ud83d\udde1|0 fnt\n|-enditem|p2b: Wolverine\ud83d\udde1|Air Balloon\n|faint|p2b: Wolverine\ud83d\udde1\n|\n|-heal|p1a: Cresselia|43\/100|[from] item: Leftovers\n|upkeep\n|\n|t:|1699649044\n|switch|p2b: Princess\ud83d\udc78|Milotic, M, shiny|100\/100 brn\n|turn|6\n|\n|t:|1699649077\n|move|p1b: Gyarados|Earthquake|p2b: Princess\ud83d\udc78|[spread] p2a,p2b\n|-immune|p1a: Cresselia|[from] ability: Levitate\n|-resisted|p2a: Past Mothra\ud83e\udd8b\n|-damage|p2a: Past Mothra\ud83e\udd8b|67\/100\n|-damage|p2b: Princess\ud83d\udc78|65\/100 brn\n|move|p2a: Past Mothra\ud83e\udd8b|Leech Life|p1a: Cresselia\n|-supereffective|p1a: Cresselia\n|-damage|p1a: Cresselia|0 fnt\n|-heal|p2a: Past Mothra\ud83e\udd8b|97\/100|[from] drain|[of] p1a: Cresselia\n|faint|p1a: Cresselia\n|move|p2b: Princess\ud83d\udc78|Ice Beam|p1b: Gyarados\n|-supereffective|p1b: Gyarados\n|-damage|p1b: Gyarados|58\/100\n|\n|-damage|p2b: Princess\ud83d\udc78|59\/100 brn|[from] brn\n|-sideend|p2: Telimonster0608|move: Light Screen\n|upkeep\n|\n|t:|1699649168\n|switch|p1a: Iron Jugulis|Iron Jugulis, shiny|100\/100\n|-enditem|p1a: Iron Jugulis|Booster Energy\n|-activate|p1a: Iron Jugulis|ability: Quark Drive|[fromitem]\n|-start|p1a: Iron Jugulis|quarkdrivespe\n|turn|7\n|\n|t:|1699649199\n|move|p1b: Gyarados|Earthquake|p2b: Princess\ud83d\udc78|[spread] p2a,p2b\n|-immune|p1a: Iron Jugulis\n|-resisted|p2a: Past Mothra\ud83e\udd8b\n|-damage|p2a: Past Mothra\ud83e\udd8b|63\/100\n|-damage|p2b: Princess\ud83d\udc78|21\/100 brn\n|move|p1a: Iron Jugulis|Sunny Day|p1a: Iron Jugulis\n|-weather|SunnyDay\n|move|p2a: Past Mothra\ud83e\udd8b|Leech Life|p1a: Iron Jugulis\n|-damage|p1a: Iron Jugulis|25\/100\n|-heal|p2a: Past Mothra\ud83e\udd8b|100\/100|[from] drain|[of] p1a: Iron Jugulis\n|move|p2b: Princess\ud83d\udc78|Recover|p2b: Princess\ud83d\udc78\n|-heal|p2b: Princess\ud83d\udc78|71\/100 brn\n|\n|-weather|SunnyDay|[upkeep]\n|-damage|p2b: Princess\ud83d\udc78|65\/100 brn|[from] brn\n|-sideend|p2: Telimonster0608|Reflect\n|upkeep\n|turn|8\n|\n|t:|1699649219\n|move|p1b: Gyarados|Earthquake|p2b: Princess\ud83d\udc78|[spread] p2a,p2b\n|-immune|p1a: Iron Jugulis\n|-resisted|p2a: Past Mothra\ud83e\udd8b\n|-damage|p2a: Past Mothra\ud83e\udd8b|48\/100\n|-damage|p2b: Princess\ud83d\udc78|15\/100 brn\n|move|p1a: Iron Jugulis|Heat Wave|p2a: Past Mothra\ud83e\udd8b|[spread] p2a,p2b\n|-supereffective|p2a: Past Mothra\ud83e\udd8b\n|-resisted|p2b: Princess\ud83d\udc78\n|-damage|p2a: Past Mothra\ud83e\udd8b|0 fnt\n|-damage|p2b: Princess\ud83d\udc78|5\/100 brn\n|faint|p2a: Past Mothra\ud83e\udd8b\n|-end|p2a: Past Mothra\ud83e\udd8b|Protosynthesis|[silent]\n|move|p2b: Princess\ud83d\udc78|Scald|p1b: Gyarados\n|-supereffective|p1b: Gyarados\n|-damage|p1b: Gyarados|31\/100\n|\n|-weather|SunnyDay|[upkeep]\n|-damage|p2b: Princess\ud83d\udc78|0 fnt|[from] brn\n|faint|p2b: Princess\ud83d\udc78\n|-end|p1b: Gyarados|move: Taunt\n|upkeep\n|\n|t:|1699649238\n|switch|p2a: Success\ud83e\ude99|Klefki, M, shiny|100\/100\n|switch|p2b: Lightning Storm\u26c8\ufe0f|Zapdos, shiny|100\/100\n|turn|9\n|\n|t:|1699649258\n|move|p2a: Success\ud83e\ude99|Rain Dance|p2a: Success\ud83e\ude99\n|-weather|RainDance\n|move|p1b: Gyarados|Stone Edge|p2b: Lightning Storm\u26c8\ufe0f\n|-supereffective|p2b: Lightning Storm\u26c8\ufe0f\n|-damage|p2b: Lightning Storm\u26c8\ufe0f|0 fnt\n|faint|p2b: Lightning Storm\u26c8\ufe0f\n|-ability|p1b: Gyarados|Moxie|boost\n|-boost|p1b: Gyarados|atk|1\n|move|p1a: Iron Jugulis|Sunny Day|p1a: Iron Jugulis\n|-weather|SunnyDay\n|\n|-weather|SunnyDay|[upkeep]\n|upkeep\n|\n|t:|1699649267\n|switch|p2b: All-Might\ud83e\uddb8\u200d\u2642\ufe0f|Salamence, M|100\/100\n|-ability|p2b: All-Might\ud83e\uddb8\u200d\u2642\ufe0f|Intimidate|boost\n|-unboost|p1a: Iron Jugulis|atk|1\n|-unboost|p1b: Gyarados|atk|1\n|turn|10\n|\n|t:|1699649316\n|-terastallize|p2b: All-Might\ud83e\uddb8\u200d\u2642\ufe0f|Steel\n|move|p2a: Success\ud83e\ude99|Light Screen|p2a: Success\ud83e\ude99\n|-sidestart|p2: Telimonster0608|move: Light Screen\n|move|p1b: Gyarados|Earthquake|p2b: All-Might\ud83e\uddb8\u200d\u2642\ufe0f|[spread] p2a,p2b\n|-immune|p1a: Iron Jugulis\n|-supereffective|p2a: Success\ud83e\ude99\n|-supereffective|p2b: All-Might\ud83e\uddb8\u200d\u2642\ufe0f\n|-damage|p2a: Success\ud83e\ude99|0 fnt\n|-damage|p2b: All-Might\ud83e\uddb8\u200d\u2642\ufe0f|0 fnt\n|faint|p2a: Success\ud83e\ude99\n|faint|p2b: All-Might\ud83e\uddb8\u200d\u2642\ufe0f\n|\n|win|StephenStone1130\n|l| GoDDanteX\n","uploadtime":1699649353,"views":33,"p1id":"stephenstone1130","p2id":"telimonster0608","formatid":"gen9doublesou","rating":0,"private":0,"password":""}