{"id":"gen9doublesou-1983863153","p1":"Thehombre","p2":"RetroRockoff","format":"[Gen 9] Doubles OU","log":"|j|\u2606Thehombre\n|j|\u2606RetroRockoff\n|t:|1699193314\n|gametype|doubles\n|player|p1|Thehombre|1|1161\n|player|p2|RetroRockoff|ingo|1233\n|teamsize|p1|6\n|teamsize|p2|6\n|gen|9\n|tier|[Gen 9] Doubles OU\n|rated|\n|rule|Species Clause: Limit one of each Pok\u00e9mon\n|rule|OHKO Clause: OHKO moves are banned\n|rule|Evasion Moves Clause: Evasion moves are banned\n|rule|Gravity Sleep Clause: The combination of sleep-inducing moves with imperfect accuracy and Gravity or Gigantamax Orbeetle are banned\n|rule|Endless Battle Clause: Forcing endless battles is banned\n|rule|HP Percentage Mod: HP is shown in percentages\n|clearpoke\n|poke|p1|Mew|\n|poke|p1|Corviknight, M|\n|poke|p1|Enamorus, F|\n|poke|p1|Illumise, F|\n|poke|p1|Maushold-Four|\n|poke|p1|Rotom|\n|poke|p2|Sinistcha-Masterpiece|\n|poke|p2|Iron Hands|\n|poke|p2|Cresselia, F|\n|poke|p2|Landorus-Therian, M|\n|poke|p2|Arcanine-Hisui, M|\n|poke|p2|Torkoal, M|\n|teampreview\n|inactive|Battle timer is ON: inactive players will automatically lose when time's up. (requested by RetroRockoff)\n|inactive|Thehombre also wants the timer to be on.\n|\n|t:|1699193329\n|start\n|switch|p1a: Illumise|Illumise, F|100\/100\n|switch|p1b: Enamorus|Enamorus, F|100\/100\n|switch|p2a: Appolo|Torkoal, M, shiny|100\/100\n|switch|p2b: Golden statue|Arcanine-Hisui, M, shiny|100\/100\n|-weather|SunnyDay|[from] ability: Drought|[of] p2a: Appolo\n|turn|1\n|\n|t:|1699193345\n|move|p1b: Enamorus|Superpower|p2a: Appolo\n|-damage|p2a: Appolo|80\/100\n|-boost|p1b: Enamorus|atk|1\n|-boost|p1b: Enamorus|def|1\n|move|p1a: Illumise|Struggle Bug|p2a: Appolo|[spread] p2a,p2b\n|-resisted|p2a: Appolo\n|-resisted|p2b: Golden statue\n|-damage|p2a: Appolo|75\/100\n|-damage|p2b: Golden statue|95\/100\n|-unboost|p2a: Appolo|spa|1\n|-unboost|p2b: Golden statue|spa|1\n|move|p2b: Golden statue|Wild Charge|p1b: Enamorus\n|-supereffective|p1b: Enamorus\n|-damage|p1b: Enamorus|4\/100\n|-damage|p2b: Golden statue|85\/100|[from] item: Life Orb\n|move|p2a: Appolo|Eruption|p1b: Enamorus|[spread] p1a,p1b\n|-supereffective|p1a: Illumise\n|-damage|p1a: Illumise|43\/100\n|-damage|p1b: Enamorus|0 fnt\n|faint|p1b: Enamorus\n|\n|-weather|SunnyDay|[upkeep]\n|-heal|p1a: Illumise|49\/100|[from] item: Leftovers\n|upkeep\n|\n|t:|1699193354\n|switch|p1b: Mew|Mew|100\/100\n|turn|2\n|\n|t:|1699193371\n|move|p1a: Illumise|Struggle Bug|p2b: Golden statue|[spread] p2a,p2b\n|-resisted|p2a: Appolo\n|-resisted|p2b: Golden statue\n|-damage|p2a: Appolo|70\/100\n|-damage|p2b: Golden statue|80\/100\n|-unboost|p2a: Appolo|spa|1\n|-unboost|p2b: Golden statue|spa|1\n|move|p1b: Mew|Tailwind|p1b: Mew\n|-sidestart|p1: Thehombre|move: Tailwind\n|move|p2b: Golden statue|Flare Blitz|p1b: Mew\n|-damage|p1b: Mew|0 fnt\n|faint|p1b: Mew\n|-damage|p2b: Golden statue|70\/100|[from] item: Life Orb\n|move|p2a: Appolo|Rock Slide|p1a: Illumise\n|-supereffective|p1a: Illumise\n|-damage|p1a: Illumise|14\/100\n|\n|-weather|SunnyDay|[upkeep]\n|-heal|p1a: Illumise|20\/100|[from] item: Leftovers\n|upkeep\n|\n|t:|1699193383\n|switch|p1b: Rotom|Rotom|100\/100\n|turn|3\n|\n|t:|1699193398\n|move|p2b: Golden statue|Extreme Speed|p1a: Illumise\n|-damage|p1a: Illumise|0 fnt\n|faint|p1a: Illumise\n|-damage|p2b: Golden statue|60\/100|[from] item: Life Orb\n|move|p1b: Rotom|Nasty Plot|p1b: Rotom\n|-boost|p1b: Rotom|spa|2\n|move|p2a: Appolo|Eruption|p1b: Rotom\n|-damage|p1b: Rotom|58\/100\n|\n|-weather|SunnyDay|[upkeep]\n|-heal|p1b: Rotom|64\/100|[from] item: Leftovers\n|upkeep\n|\n|t:|1699193407\n|switch|p1a: Maushold|Maushold-Four|100\/100\n|turn|4\n|\n|t:|1699193415\n|move|p1a: Maushold|Tickle|p2b: Golden statue\n|-unboost|p2b: Golden statue|atk|1\n|-unboost|p2b: Golden statue|def|1\n|move|p1b: Rotom|Thunderbolt|p2a: Appolo\n|-damage|p2a: Appolo|0 fnt\n|faint|p2a: Appolo\n|move|p2b: Golden statue|Flare Blitz|p1a: Maushold\n|-damage|p1a: Maushold|0 fnt\n|faint|p1a: Maushold\n|-damage|p2b: Golden statue|50\/100|[from] item: Life Orb\n|\n|-weather|SunnyDay|[upkeep]\n|-heal|p1b: Rotom|70\/100|[from] item: Leftovers\n|upkeep\n|\n|t:|1699193427\n|switch|p1a: Corviknight|Corviknight, M|100\/100\n|switch|p2a: Got em|Sinistcha-Masterpiece, shiny|100\/100\n|-heal|p2b: Golden statue|75\/100|[from] ability: Hospitality|[of] p2a: Got em\n|turn|5\n|\n|t:|1699193442\n|move|p1b: Rotom|Thunderbolt|p2b: Golden statue\n|-damage|p2b: Golden statue|0 fnt\n|faint|p2b: Golden statue\n|move|p1a: Corviknight|Bulk Up|p1a: Corviknight\n|-boost|p1a: Corviknight|atk|1\n|-boost|p1a: Corviknight|def|1\n|move|p2a: Got em|Matcha Gotcha|p1b: Rotom|[spread] p1a,p1b\n|-resisted|p1a: Corviknight\n|-damage|p1a: Corviknight|91\/100\n|-damage|p1b: Rotom|14\/100\n|\n|-weather|SunnyDay|[upkeep]\n|-heal|p1b: Rotom|20\/100|[from] item: Leftovers\n|-heal|p1a: Corviknight|98\/100|[from] item: Leftovers\n|-sideend|p1: Thehombre|move: Tailwind\n|upkeep\n|\n|t:|1699193454\n|switch|p2b: Tiger boi|Landorus-Therian, M, shiny|100\/100\n|-ability|p2b: Tiger boi|Intimidate|boost\n|-ability|p1a: Corviknight|Mirror Armor\n|-fail|p2b: Tiger boi|unboost|[from] item: Clear Amulet|[of] p2b: Tiger boi\n|-unboost|p1b: Rotom|atk|1\n|turn|6\n|\n|t:|1699193468\n|move|p2b: Tiger boi|Protect|p2b: Tiger boi\n|-singleturn|p2b: Tiger boi|Protect\n|move|p1b: Rotom|Shadow Ball|p2a: Got em\n|-supereffective|p2a: Got em\n|-damage|p2a: Got em|0 fnt\n|faint|p2a: Got em\n|move|p1a: Corviknight|Bulk Up|p1a: Corviknight\n|-boost|p1a: Corviknight|atk|1\n|-boost|p1a: Corviknight|def|1\n|\n|-weather|SunnyDay|[upkeep]\n|-heal|p1b: Rotom|26\/100|[from] item: Leftovers\n|-heal|p1a: Corviknight|100\/100|[from] item: Leftovers\n|upkeep\n|\n|t:|1699193483\n|switch|p2a: Throw Hands|Iron Hands, shiny|100\/100\n|turn|7\n|\n|t:|1699193493\n|move|p2a: Throw Hands|Fake Out|p1a: Corviknight\n|-resisted|p1a: Corviknight\n|-damage|p1a: Corviknight|97\/100\n|move|p1b: Rotom|Shadow Ball|p2a: Throw Hands\n|-damage|p2a: Throw Hands|59\/100\n|-unboost|p2a: Throw Hands|spd|1\n|cant|p1a: Corviknight|flinch\n|move|p2b: Tiger boi|U-turn|p1b: Rotom\n|-resisted|p1b: Rotom\n|-damage|p1b: Rotom|3\/100\n|\n|t:|1699193504\n|switch|p2b: Crossaint|Cresselia, F, shiny|100\/100|[from] U-turn\n|\n|-weather|SunnyDay|[upkeep]\n|-heal|p1b: Rotom|9\/100|[from] item: Leftovers\n|-heal|p1a: Corviknight|100\/100|[from] item: Leftovers\n|upkeep\n|turn|8\n|\n|t:|1699193525\n|move|p1b: Rotom|Shadow Ball|p2a: Throw Hands\n|-damage|p2a: Throw Hands|0 fnt\n|faint|p2a: Throw Hands\n|-end|p2a: Throw Hands|Quark Drive|[silent]\n|move|p1a: Corviknight|Drill Peck|p2b: Crossaint\n|-damage|p2b: Crossaint|51\/100\n|move|p2b: Crossaint|Lunar Blessing|p2b: Crossaint\n|-heal|p2b: Crossaint|76\/100\n|\n|-weather|none\n|-heal|p1b: Rotom|15\/100|[from] item: Leftovers\n|upkeep\n|\n|t:|1699193537\n|switch|p2a: Tiger boi|Landorus-Therian, M, shiny|100\/100\n|-ability|p2a: Tiger boi|Intimidate|boost\n|-ability|p1a: Corviknight|Mirror Armor\n|-fail|p2a: Tiger boi|unboost|[from] item: Clear Amulet|[of] p2a: Tiger boi\n|-unboost|p1b: Rotom|atk|1\n|turn|9\n|\n|t:|1699193545\n|-terastallize|p2a: Tiger boi|Flying\n|move|p1b: Rotom|Shadow Ball|p2b: Crossaint\n|-supereffective|p2b: Crossaint\n|-damage|p2b: Crossaint|3\/100\n|move|p1a: Corviknight|Bulk Up|p1a: Corviknight\n|-boost|p1a: Corviknight|atk|1\n|-boost|p1a: Corviknight|def|1\n|move|p2a: Tiger boi|Tera Blast|p1b: Rotom|[anim] Tera Blast Flying\n|-resisted|p1b: Rotom\n|-damage|p1b: Rotom|0 fnt\n|faint|p1b: Rotom\n|move|p2b: Crossaint|Ice Beam|p1a: Corviknight\n|-crit|p1a: Corviknight\n|-damage|p1a: Corviknight|68\/100\n|\n|-heal|p1a: Corviknight|74\/100|[from] item: Leftovers\n|upkeep\n|turn|10\n|\n|t:|1699193567\n|move|p2b: Crossaint|Helping Hand|p2a: Tiger boi\n|-singleturn|p2a: Tiger boi|Helping Hand|[of] p2b: Crossaint\n|move|p1a: Corviknight|Drill Peck|p2b: Crossaint\n|-damage|p2b: Crossaint|0 fnt\n|faint|p2b: Crossaint\n|move|p2a: Tiger boi|Tera Blast|p1a: Corviknight|[anim] Tera Blast Flying\n|-resisted|p1a: Corviknight\n|-damage|p1a: Corviknight|58\/100\n|\n|-heal|p1a: Corviknight|64\/100|[from] item: Leftovers\n|upkeep\n|turn|11\n|\n|t:|1699193577\n|move|p1a: Corviknight|Power Trip|p2a: Tiger boi\n|-damage|p2a: Tiger boi|0 fnt\n|faint|p2a: Tiger boi\n|\n|win|Thehombre\n|raw|Thehombre's rating: 1161 &rarr; <strong>1191<\/strong><br \/>(+30 for winning)\n|raw|RetroRockoff's rating: 1233 &rarr; <strong>1203<\/strong><br \/>(-30 for losing)\n","uploadtime":1699193581,"views":7,"p1id":"thehombre","p2id":"retrorockoff","formatid":"gen9doublesou","rating":1191,"private":0,"password":""}