{"id":"gen9doublesou-1993970558","p1":"Commander2022","p2":"Carolina6969","format":"[Gen 9] Doubles OU","log":"|j|\u2606Commander2022\n|j|\u2606Carolina6969\n|inactive|Battle timer is ON: inactive players will automatically lose when time's up.\n|t:|1700385404\n|gametype|doubles\n|player|p1|Commander2022|buck|\n|player|p2|Carolina6969|lass-gen4dp|\n|teamsize|p1|4\n|teamsize|p2|4\n|gen|9\n|tier|[Gen 9] Doubles OU\n|rated|Tournament battle\n|rule|Species Clause: Limit one of each Pok\u00e9mon\n|rule|OHKO Clause: OHKO moves are banned\n|rule|Evasion Moves Clause: Evasion moves are banned\n|rule|Gravity Sleep Clause: The combination of sleep-inducing moves with imperfect accuracy and Gravity or Gigantamax Orbeetle are banned\n|rule|Endless Battle Clause: Forcing endless battles is banned\n|rule|HP Percentage Mod: HP is shown in percentages\n|clearpoke\n|poke|p1|Finneon, M|\n|poke|p1|Hakamo-o, F|\n|poke|p1|Yungoos, F|\n|poke|p1|Basculegion-F, F|\n|poke|p2|Charmander, M|\n|poke|p2|Skrelp, M|\n|poke|p2|Revavroom, F|\n|poke|p2|Scovillain, M|\n|teampreview\n|j|*Lady Monita \u2746\n|inactive|Carolina6969 also wants the timer to be on.\n|inactive|Carolina6969 has 120 seconds left.\n|\n|t:|1700385459\n|start\n|switch|p1a: Hakamo-o|Hakamo-o, F, shiny|100\/100\n|switch|p1b: Finneon|Finneon, M, shiny|100\/100\n|switch|p2a: Skrelp|Skrelp, M|100\/100\n|switch|p2b: Scovillain|Scovillain, M|100\/100\n|turn|1\n|inactive|Commander2022 has 120 seconds left.\n|\n|t:|1700385502\n|move|p2b: Scovillain|Energy Ball|p1b: Finneon\n|-supereffective|p1b: Finneon\n|-damage|p1b: Finneon|0 fnt\n|faint|p1b: Finneon\n|move|p1a: Hakamo-o|Earthquake|p2b: Scovillain|[spread] p2a,p2b\n|-supereffective|p2a: Skrelp\n|-damage|p2a: Skrelp|32\/100\n|-damage|p2b: Scovillain|48\/100\n|move|p2a: Skrelp|Dragon Pulse|p1a: Hakamo-o\n|-supereffective|p1a: Hakamo-o\n|-damage|p1a: Hakamo-o|34\/100\n|\n|-ability|p2b: Scovillain|Moody|boost\n|-boost|p2b: Scovillain|spa|2\n|-unboost|p2b: Scovillain|atk|1\n|upkeep\n|\n|t:|1700385507\n|switch|p1b: Yungoos|Yungoos, F|100\/100\n|turn|2\n|\n|t:|1700385527\n|move|p1b: Yungoos|Protect|p1b: Yungoos\n|-singleturn|p1b: Yungoos|Protect\n|move|p2b: Scovillain|Energy Ball|p1a: Hakamo-o\n|-immune|p1a: Hakamo-o|[from] ability: Bulletproof\n|move|p1a: Hakamo-o|Earthquake|p2b: Scovillain|[spread] p2a,p2b\n|-activate|p1b: Yungoos|move: Protect\n|-supereffective|p2a: Skrelp\n|-damage|p2a: Skrelp|0 fnt\n|-damage|p2b: Scovillain|0 fnt\n|faint|p2a: Skrelp\n|faint|p2b: Scovillain\n|\n|upkeep\n|\n|t:|1700385538\n|switch|p2b: Revavroom|Revavroom, F|100\/100\n|switch|p2a: Charmander|Charmander, M|100\/100\n|turn|3\n|\n|t:|1700385552\n|move|p1b: Yungoos|Helping Hand|p1a: Hakamo-o\n|-singleturn|p1a: Hakamo-o|Helping Hand|[of] p1b: Yungoos\n|move|p2b: Revavroom|Iron Head|p1a: Hakamo-o\n|-damage|p1a: Hakamo-o|0 fnt\n|faint|p1a: Hakamo-o\n|-damage|p2b: Revavroom|91\/100|[from] item: Life Orb\n|move|p2a: Charmander|Dragon Dance|p2a: Charmander\n|-boost|p2a: Charmander|atk|1\n|-boost|p2a: Charmander|spe|1\n|\n|upkeep\n|\n|t:|1700385556\n|switch|p1a: Basculegion|Basculegion-F, F|100\/100\n|turn|4\n|\n|t:|1700385569\n|move|p2a: Charmander|Thunder Punch|p1a: Basculegion\n|-supereffective|p1a: Basculegion\n|-damage|p1a: Basculegion|42\/100\n|move|p2b: Revavroom|High Horsepower|p1a: Basculegion\n|-damage|p1a: Basculegion|0 fnt\n|faint|p1a: Basculegion\n|-damage|p2b: Revavroom|81\/100|[from] item: Life Orb\n|move|p1b: Yungoos|Facade|p2a: Charmander\n|-damage|p2a: Charmander|9\/100\n|-damage|p1b: Yungoos|90\/100|[from] item: Life Orb\n|\n|upkeep\n|turn|5\n|\n|t:|1700385591\n|-terastallize|p1b: Yungoos|Normal\n|move|p1b: Yungoos|Protect|p1b: Yungoos\n|-singleturn|p1b: Yungoos|Protect\n|move|p2a: Charmander|Fire Punch|p1b: Yungoos\n|-activate|p1b: Yungoos|move: Protect\n|move|p2b: Revavroom|Iron Head|p1b: Yungoos\n|-activate|p1b: Yungoos|move: Protect\n|\n|upkeep\n|turn|6\n|\n|t:|1700385602\n|move|p2a: Charmander|Fire Punch|p1b: Yungoos\n|-damage|p1b: Yungoos|0 fnt\n|faint|p1b: Yungoos\n|\n|win|Carolina6969\n|n|\u2606Commander2022|commander2022\n|n|\u2606Carolina6969|carolina6969\n|n|*Lady Monita \u2746|ladymonita\n|l|*Lady Monita \u2746\n|l|\u2606Commander2022\n|l|\u2606Carolina6969\n|j|\u2606Carolina6969\n|player|p2|Carolina6969|lass-gen4dp\n","uploadtime":1700385770,"views":9,"p1id":"commander2022","p2id":"carolina6969","formatid":"gen9doublesou","rating":0,"private":0,"password":""}