{"id":"gen9doublesou-1988295117","p1":"BigSilverBilver","p2":"SweetNSourSpinda","format":"[Gen 9] Doubles OU","log":"|j|\u2606BigSilverBilver\n|j|\u2606SweetNSourSpinda\n|inactive|Battle timer is ON: inactive players will automatically lose when time's up.\n|t:|1699703568\n|gametype|doubles\n|player|p1|BigSilverBilver|crasherwake|\n|player|p2|SweetNSourSpinda|pokemonrangerf|\n|teamsize|p1|2\n|teamsize|p2|2\n|gen|9\n|tier|[Gen 9] Doubles OU\n|rated|Tournament battle\n|rule|Species Clause: Limit one of each Pok\u00e9mon\n|rule|OHKO Clause: OHKO moves are banned\n|rule|Evasion Moves Clause: Evasion moves are banned\n|rule|Gravity Sleep Clause: The combination of sleep-inducing moves with imperfect accuracy and Gravity or Gigantamax Orbeetle are banned\n|rule|Endless Battle Clause: Forcing endless battles is banned\n|rule|HP Percentage Mod: HP is shown in percentages\n|clearpoke\n|poke|p1|Cetoddle, F|\n|poke|p1|Hippopotas, F|\n|poke|p2|Bisharp, F|\n|poke|p2|Timburr, F|\n|teampreview\n|j|*Lady Monita \u263d\n|\n|t:|1699703580\n|start\n|switch|p1a: Larry|Hippopotas, F|100\/100\n|switch|p1b: Barry|Cetoddle, F|100\/100\n|switch|p2a: Bisharp|Bisharp, F, shiny|100\/100\n|switch|p2b: Timburr|Timburr, F, shiny|100\/100\n|-weather|Sandstorm|[from] ability: Sand Stream|[of] p1a: Larry\n|turn|1\n|j| MeNoobHelp\n|\n|t:|1699703608\n|-terastallize|p2a: Bisharp|Ghost\n|move|p2a: Bisharp|Thunder Wave|p1b: Barry|[miss]\n|-miss|p2a: Bisharp|p1b: Barry\n|move|p1b: Barry|Play Rough|p2b: Timburr\n|-supereffective|p2b: Timburr\n|-crit|p2b: Timburr\n|-damage|p2b: Timburr|3\/100\n|move|p2b: Timburr|Drain Punch|p1b: Barry\n|-supereffective|p1b: Barry\n|-damage|p1b: Barry|28\/100\n|-heal|p2b: Timburr|45\/100|[from] drain|[of] p1b: Barry\n|move|p1a: Larry|Earthquake|p2a: Bisharp|[spread] p1b,p2a,p2b\n|-damage|p1b: Barry|10\/100\n|-damage|p2a: Bisharp|87\/100\n|-damage|p2b: Timburr|26\/100\n|\n|-weather|Sandstorm|[upkeep]\n|-damage|p2a: Bisharp|81\/100|[from] Sandstorm\n|-damage|p1b: Barry|4\/100|[from] Sandstorm\n|-damage|p2b: Timburr|20\/100|[from] Sandstorm\n|upkeep\n|turn|2\n|j| chaitu\n|l| chaitu\n|j| chaitu\n|j| Poketough\n|inactive|SweetNSourSpinda has 120 seconds left.\n|\n|t:|1699703649\n|move|p2b: Timburr|Mach Punch|p1a: Larry\n|-damage|p1a: Larry|89\/100\n|move|p2a: Bisharp|Aerial Ace|p1b: Barry\n|-damage|p1b: Barry|0 fnt\n|faint|p1b: Barry\n|move|p1a: Larry|Stone Edge|p2a: Bisharp|[miss]\n|-miss|p1a: Larry|p2a: Bisharp\n|\n|-weather|Sandstorm|[upkeep]\n|-damage|p2a: Bisharp|75\/100|[from] Sandstorm\n|-damage|p2b: Timburr|13\/100|[from] Sandstorm\n|upkeep\n|turn|3\n|\n|t:|1699703664\n|move|p2a: Bisharp|Iron Head|p1a: Larry\n|-damage|p1a: Larry|65\/100\n|move|p2b: Timburr|Ice Punch|p1a: Larry\n|-supereffective|p1a: Larry\n|-damage|p1a: Larry|38\/100\n|move|p1a: Larry|Earthquake|p2a: Bisharp|[spread] p2a,p2b\n|-damage|p2a: Bisharp|61\/100\n|-damage|p2b: Timburr|0 fnt\n|faint|p2b: Timburr\n|\n|-weather|Sandstorm|[upkeep]\n|-damage|p2a: Bisharp|55\/100|[from] Sandstorm\n|upkeep\n|turn|4\n|\n|t:|1699703676\n|move|p2a: Bisharp|Iron Head|p1a: Larry\n|-damage|p1a: Larry|13\/100\n|move|p1a: Larry|Slack Off|p1a: Larry\n|-heal|p1a: Larry|63\/100\n|\n|-weather|Sandstorm|[upkeep]\n|-damage|p2a: Bisharp|49\/100|[from] Sandstorm\n|upkeep\n|turn|5\n|\n|t:|1699703684\n|move|p2a: Bisharp|Iron Head|p1a: Larry\n|-damage|p1a: Larry|38\/100\n|cant|p1a: Larry|flinch\n|\n|-weather|none\n|upkeep\n|turn|6\n|\n|t:|1699703691\n|move|p2a: Bisharp|Iron Head|p1a: Larry\n|-damage|p1a: Larry|13\/100\n|move|p1a: Larry|Slack Off|p1a: Larry\n|-heal|p1a: Larry|63\/100\n|\n|upkeep\n|turn|7\n|\n|t:|1699703698\n|move|p2a: Bisharp|Iron Head|p1a: Larry\n|-damage|p1a: Larry|38\/100\n|cant|p1a: Larry|flinch\n|\n|upkeep\n|turn|8\n|\n|t:|1699703704\n|move|p2a: Bisharp|Iron Head|p1a: Larry\n|-damage|p1a: Larry|13\/100\n|move|p1a: Larry|Slack Off|p1a: Larry\n|-heal|p1a: Larry|63\/100\n|\n|upkeep\n|turn|9\n|l| Poketough\n|\n|t:|1699703711\n|move|p2a: Bisharp|Iron Head|p1a: Larry\n|-damage|p1a: Larry|39\/100\n|move|p1a: Larry|Earthquake|p2a: Bisharp\n|-damage|p2a: Bisharp|32\/100\n|\n|upkeep\n|turn|10\n|j| xxgodzilla1.0\n|\n|t:|1699703719\n|move|p2a: Bisharp|Iron Head|p1a: Larry\n|-damage|p1a: Larry|14\/100\n|cant|p1a: Larry|flinch\n|\n|upkeep\n|turn|11\n|l| xxgodzilla1.0\n|\n|t:|1699703724\n|move|p2a: Bisharp|Iron Head|p1a: Larry\n|-damage|p1a: Larry|0 fnt\n|faint|p1a: Larry\n|\n|win|SweetNSourSpinda\n|n|\u2606BigSilverBilver|bigsilverbilver\n|n|\u2606SweetNSourSpinda|sweetnsourspinda\n|n|*Lady Monita \u263d|ladymonita\n|n| MeNoobHelp|menoobhelp\n|n| chaitu|chaitu\n","uploadtime":1699703725,"views":12,"p1id":"bigsilverbilver","p2id":"sweetnsourspinda","formatid":"gen9doublesou","rating":0,"private":0,"password":""}