{"id":"gen9doublesou-1983439091","p1":"KalonKaloff","p2":"lunarlith","format":"[Gen 9] Doubles OU","log":"|j|\u2606KalonKaloff\n|j|\u2606lunarlith\n|t:|1699130258\n|gametype|doubles\n|player|p1|KalonKaloff|102|1058\n|player|p2|lunarlith|clair|1024\n|teamsize|p1|6\n|teamsize|p2|6\n|gen|9\n|tier|[Gen 9] Doubles OU\n|rated|\n|rule|Species Clause: Limit one of each Pok\u00e9mon\n|rule|OHKO Clause: OHKO moves are banned\n|rule|Evasion Moves Clause: Evasion moves are banned\n|rule|Gravity Sleep Clause: The combination of sleep-inducing moves with imperfect accuracy and Gravity or Gigantamax Orbeetle are banned\n|rule|Endless Battle Clause: Forcing endless battles is banned\n|rule|HP Percentage Mod: HP is shown in percentages\n|clearpoke\n|poke|p1|Palafin, M|\n|poke|p1|Gastrodon, M|\n|poke|p1|Meowscarada, F|\n|poke|p1|Scizor, M|\n|poke|p1|Chien-Pao|\n|poke|p1|Mimikyu, F|\n|poke|p2|Medicham, F|\n|poke|p2|Slaking, F|\n|poke|p2|Sinistcha-Masterpiece|\n|poke|p2|Grimmsnarl, M|\n|poke|p2|Cresselia, F|\n|poke|p2|Orthworm, F|\n|teampreview\n|inactive|Battle timer is ON: inactive players will automatically lose when time's up. (requested by lunarlith)\n|\n|t:|1699130278\n|start\n|switch|p1a: Palafin|Palafin, M|100\/100\n|switch|p1b: Gastrodon|Gastrodon, M|100\/100\n|switch|p2a: Grimmsnarl|Grimmsnarl, M|100\/100\n|switch|p2b: Medicham|Medicham, F|100\/100\n|turn|1\n|\n|t:|1699130299\n|detailschange|p1a: Palafin|Palafin-Hero, M\n|switch|p1a: Scizor|Scizor, M|100\/100\n|move|p2a: Grimmsnarl|Reflect|p2a: Grimmsnarl\n|-sidestart|p2: lunarlith|Reflect\n|move|p1b: Gastrodon|Spikes|p2a: Grimmsnarl\n|-sidestart|p2: lunarlith|Spikes\n|move|p2b: Medicham|Trick Room|p2b: Medicham\n|-fieldstart|move: Trick Room|[of] p2b: Medicham\n|\n|upkeep\n|turn|2\n|\n|t:|1699130314\n|move|p2b: Medicham|Protect|p2b: Medicham\n|-singleturn|p2b: Medicham|Protect\n|move|p2a: Grimmsnarl|Light Screen|p2a: Grimmsnarl\n|-sidestart|p2: lunarlith|move: Light Screen\n|move|p1b: Gastrodon|Spikes|p2b: Medicham\n|-sidestart|p2: lunarlith|Spikes\n|move|p1a: Scizor|U-turn|p2a: Grimmsnarl\n|-damage|p2a: Grimmsnarl|74\/100\n|\n|t:|1699130330\n|switch|p1a: Mimikyu|Mimikyu, F|100\/100|[from] U-turn\n|\n|upkeep\n|turn|3\n|\n|t:|1699130352\n|switch|p2a: Slaking|Slaking, F|100\/100\n|-damage|p2a: Slaking|84\/100|[from] Spikes\n|move|p2b: Medicham|Bullet Punch|p1a: Mimikyu\n|-activate|p1a: Mimikyu|ability: Disguise\n|-damage|p1a: Mimikyu|100\/100\n|detailschange|p1a: Mimikyu|Mimikyu-Busted, F\n|-damage|p1a: Mimikyu|88\/100|[from] pokemon: Mimikyu-Busted\n|move|p1b: Gastrodon|Earth Power|p2a: Slaking\n|-damage|p2a: Slaking|61\/100\n|-damage|p1b: Gastrodon|91\/100|[from] item: Life Orb\n|move|p1a: Mimikyu|Shadow Claw|p2b: Medicham\n|-supereffective|p2b: Medicham\n|-damage|p2b: Medicham|60\/100\n|\n|-heal|p2b: Medicham|67\/100|[from] item: Leftovers\n|-heal|p1a: Mimikyu|94\/100|[from] item: Leftovers\n|upkeep\n|turn|4\n|inactive|KalonKaloff has 120 seconds left.\n|\n|t:|1699130393\n|move|p1b: Gastrodon|Earth Power|p2b: Medicham\n|-damage|p2b: Medicham|36\/100\n|-damage|p1b: Gastrodon|81\/100|[from] item: Life Orb\n|move|p2b: Medicham|Skill Swap|p2a: Slaking\n|-activate|p2b: Medicham|move: Skill Swap|||[of] p2a: Slaking\n|move|p2a: Slaking|Bulk Up|p2a: Slaking\n|-boost|p2a: Slaking|atk|1\n|-boost|p2a: Slaking|def|1\n|move|p1a: Mimikyu|Shadow Claw|p2b: Medicham\n|-supereffective|p2b: Medicham\n|-damage|p2b: Medicham|0 fnt\n|faint|p2b: Medicham\n|\n|-heal|p1a: Mimikyu|100\/100|[from] item: Leftovers\n|upkeep\n|inactive|lunarlith has 120 seconds left.\n|\n|t:|1699130414\n|switch|p2b: Orthworm|Orthworm, F|100\/100\n|-damage|p2b: Orthworm|84\/100|[from] Spikes\n|turn|5\n|inactive|KalonKaloff has 120 seconds left.\n|inactive|KalonKaloff has 90 seconds left.\n|\n|t:|1699130474\n|move|p2b: Orthworm|Helping Hand|p2a: Slaking\n|-singleturn|p2a: Slaking|Helping Hand|[of] p2b: Orthworm\n|move|p1b: Gastrodon|Spikes|p2b: Orthworm\n|-sidestart|p2: lunarlith|Spikes\n|move|p2a: Slaking|Earthquake|p1a: Mimikyu|[spread] p1a,p1b\n|-heal|p2b: Orthworm|100\/100|[from] ability: Earth Eater|[of] p2a: Slaking\n|-damage|p1a: Mimikyu|0 fnt\n|-damage|p1b: Gastrodon|0 fnt\n|faint|p1a: Mimikyu\n|faint|p1b: Gastrodon\n|\n|-fieldend|move: Trick Room\n|upkeep\n|\n|t:|1699130493\n|switch|p1a: Scizor|Scizor, M|100\/100\n|switch|p1b: Palafin|Palafin-Hero, M|100\/100\n|-activate|p1b: Palafin|ability: Zero to Hero\n|turn|6\n|inactive|lunarlith has 120 seconds left.\n|\n|t:|1699130530\n|switch|p2b: Sinistcha|Sinistcha-Masterpiece|100\/100\n|-damage|p2b: Sinistcha|76\/100|[from] Spikes\n|-heal|p2a: Slaking|86\/100|[from] ability: Hospitality|[of] p2b: Sinistcha\n|move|p1b: Palafin|Bulk Up|p1b: Palafin\n|-boost|p1b: Palafin|atk|1\n|-boost|p1b: Palafin|def|1\n|move|p2a: Slaking|Drain Punch|p1b: Palafin\n|-damage|p1b: Palafin|44\/100\n|-heal|p2a: Slaking|100\/100|[from] drain|[of] p1b: Palafin\n|move|p1a: Scizor|Swords Dance|p1a: Scizor\n|-boost|p1a: Scizor|atk|2\n|\n|-heal|p1b: Palafin|50\/100|[from] item: Leftovers\n|-heal|p2b: Sinistcha|82\/100|[from] item: Leftovers\n|upkeep\n|turn|7\n|inactive|lunarlith has 120 seconds left.\n|\n|t:|1699130557\n|move|p1b: Palafin|Jet Punch|p2b: Sinistcha\n|-resisted|p2b: Sinistcha\n|-damage|p2b: Sinistcha|70\/100\n|move|p2a: Slaking|Drain Punch|p1b: Palafin\n|-damage|p1b: Palafin|0 fnt\n|faint|p1b: Palafin\n|move|p1a: Scizor|Swords Dance|p1a: Scizor\n|-boost|p1a: Scizor|atk|2\n|move|p2b: Sinistcha|Trick Room|p2b: Sinistcha\n|-fieldstart|move: Trick Room|[of] p2b: Sinistcha\n|\n|-heal|p2b: Sinistcha|76\/100|[from] item: Leftovers\n|upkeep\n|inactive|KalonKaloff has 90 seconds left.\n|\n|t:|1699130572\n|switch|p1b: Chien-Pao|Chien-Pao|100\/100\n|-ability|p1b: Chien-Pao|Sword of Ruin\n|turn|8\n|\n|t:|1699130588\n|switch|p2b: Orthworm|Orthworm, F|100\/100\n|-damage|p2b: Orthworm|75\/100|[from] Spikes\n|move|p1a: Scizor|Bullet Punch|p2b: Orthworm\n|-resisted|p2b: Orthworm\n|-crit|p2b: Orthworm\n|-damage|p2b: Orthworm|30\/100\n|move|p2a: Slaking|Earthquake|p1b: Chien-Pao|[spread] p1a,p1b\n|-heal|p2b: Orthworm|55\/100|[from] ability: Earth Eater|[of] p2a: Slaking\n|-damage|p1a: Scizor|0 fnt\n|-damage|p1b: Chien-Pao|3\/100\n|faint|p1a: Scizor\n|move|p1b: Chien-Pao|Swords Dance|p1b: Chien-Pao\n|-boost|p1b: Chien-Pao|atk|2\n|\n|-heal|p2b: Orthworm|61\/100|[from] item: Leftovers\n|-sideend|p2: lunarlith|Reflect\n|upkeep\n|\n|t:|1699130592\n|switch|p1a: Meowscarada|Meowscarada, F|100\/100\n|turn|9\n|inactive|KalonKaloff has 120 seconds left.\n|\n|t:|1699130619\n|-terastallize|p1b: Chien-Pao|Dark\n|move|p2b: Orthworm|Body Press|p1b: Chien-Pao\n|-supereffective|p1b: Chien-Pao\n|-damage|p1b: Chien-Pao|0 fnt\n|faint|p1b: Chien-Pao\n|move|p2a: Slaking|Drain Punch|p1a: Meowscarada\n|-supereffective|p1a: Meowscarada\n|-damage|p1a: Meowscarada|0 fnt\n|faint|p1a: Meowscarada\n|\n|win|lunarlith\n|raw|KalonKaloff's rating: 1058 &rarr; <strong>1037<\/strong><br \/>(-21 for losing)\n|raw|lunarlith's rating: 1024 &rarr; <strong>1064<\/strong><br \/>(+40 for winning)\n","uploadtime":1699130633,"views":19,"p1id":"kalonkaloff","p2id":"lunarlith","formatid":"gen9doublesou","rating":1037,"private":0,"password":""}