{"id":"gen9doublesou-1983317282","p1":"ItzMinebro","p2":"rubicante sauce","format":"[Gen 9] Doubles OU","log":"|j|\u2606ItzMinebro\n|j|\u2606rubicante sauce\n|t:|1699117555\n|gametype|doubles\n|player|p1|ItzMinebro|cyrus|1091\n|player|p2|rubicante sauce|102|1000\n|teamsize|p1|6\n|teamsize|p2|6\n|gen|9\n|tier|[Gen 9] Doubles OU\n|rated|\n|rule|Species Clause: Limit one of each Pok\u00e9mon\n|rule|OHKO Clause: OHKO moves are banned\n|rule|Evasion Moves Clause: Evasion moves are banned\n|rule|Gravity Sleep Clause: The combination of sleep-inducing moves with imperfect accuracy and Gravity or Gigantamax Orbeetle are banned\n|rule|Endless Battle Clause: Forcing endless battles is banned\n|rule|HP Percentage Mod: HP is shown in percentages\n|clearpoke\n|poke|p1|Snorlax, M|\n|poke|p1|Clefairy, M|\n|poke|p1|Sinistcha|\n|poke|p1|Kommo-o, F|\n|poke|p1|Iron Hands|\n|poke|p1|Landorus-Therian, M|\n|poke|p2|Dudunsparce-*, M|\n|poke|p2|Samurott-Hisui, M|\n|poke|p2|Delphox, F|\n|poke|p2|Ninetales-Alola, F|\n|poke|p2|Iron Bundle|\n|poke|p2|Baxcalibur, M|\n|teampreview\n|inactive|Battle timer is ON: inactive players will automatically lose when time's up. (requested by ItzMinebro)\n|\n|t:|1699117563\n|start\n|switch|p1a: Snorlax|Snorlax, M, shiny|100\/100\n|switch|p1b: Landorus|Landorus-Therian, M|100\/100\n|switch|p2a: Samurott|Samurott-Hisui, M|100\/100\n|switch|p2b: Delphox|Delphox, F|100\/100\n|-ability|p1b: Landorus|Intimidate|boost\n|-unboost|p2a: Samurott|atk|1\n|-unboost|p2b: Delphox|atk|1\n|turn|1\n|\n|t:|1699117589\n|move|p2b: Delphox|Fire Pledge|p1b: Landorus\n|-waiting|p2b: Delphox|p2a: Samurott\n|move|p2a: Samurott|Water Pledge|p1b: Landorus|[from]move: Fire Pledge\n|-combine\n|-supereffective|p1b: Landorus\n|-damage|p1b: Landorus|0 fnt\n|-sidestart|p2: rubicante sauce|Water Pledge\n|faint|p1b: Landorus\n|move|p1a: Snorlax|Belly Drum|p1a: Snorlax\n|-damage|p1a: Snorlax|50\/100\n|-setboost|p1a: Snorlax|atk|6|[from] move: Belly Drum\n|-enditem|p1a: Snorlax|Sitrus Berry|[eat]\n|-heal|p1a: Snorlax|75\/100|[from] item: Sitrus Berry\n|\n|upkeep\n|inactive|ItzMinebro has 120 seconds left.\n|\n|t:|1699117606\n|switch|p1b: Sinistcha|Sinistcha|100\/100\n|-heal|p1a: Snorlax|100\/100|[from] ability: Hospitality|[of] p1b: Sinistcha\n|turn|2\n|\n|t:|1699117626\n|move|p1b: Sinistcha|Rage Powder|p1b: Sinistcha\n|-singleturn|p1b: Sinistcha|move: Rage Powder\n|move|p2b: Delphox|Flamethrower|p1b: Sinistcha\n|-supereffective|p1b: Sinistcha\n|-damage|p1b: Sinistcha|19\/100\n|move|p2a: Samurott|Ceaseless Edge|p1b: Sinistcha\n|-supereffective|p1b: Sinistcha\n|-damage|p1b: Sinistcha|0 fnt\n|-damage|p2a: Samurott|84\/100|[from] item: Rocky Helmet|[of] p1b: Sinistcha\n|-sidestart|p1: ItzMinebro|Spikes\n|faint|p1b: Sinistcha\n|move|p1a: Snorlax|Facade|p2b: Delphox\n|-enditem|p2b: Delphox|Focus Sash\n|-damage|p2b: Delphox|1\/100\n|\n|upkeep\n|inactive|ItzMinebro has 120 seconds left.\n|\n|t:|1699117642\n|switch|p1b: Iron Hands|Iron Hands|100\/100\n|-damage|p1b: Iron Hands|88\/100|[from] Spikes\n|turn|3\n|\n|t:|1699117663\n|switch|p2b: Ninetales|Ninetales-Alola, F|100\/100\n|-weather|Snow|[from] ability: Snow Warning|[of] p2b: Ninetales\n|move|p1b: Iron Hands|Fake Out|p2b: Ninetales\n|-damage|p2b: Ninetales|85\/100\n|-damage|p1b: Iron Hands|71\/100|[from] item: Rocky Helmet|[of] p2b: Ninetales\n|move|p2a: Samurott|Chilling Water|p1a: Snorlax\n|-damage|p1a: Snorlax|88\/100\n|-unboost|p1a: Snorlax|atk|1\n|move|p1a: Snorlax|Facade|p2a: Samurott\n|-damage|p2a: Samurott|0 fnt\n|faint|p2a: Samurott\n|\n|-weather|Snow|[upkeep]\n|upkeep\n|inactive|rubicante sauce has 120 seconds left.\n|\n|t:|1699117683\n|switch|p2a: Iron Bundle|Iron Bundle|100\/100\n|turn|4\n|\n|t:|1699117699\n|move|p2a: Iron Bundle|Blizzard|p1a: Snorlax|[spread] p1a,p1b\n|-damage|p1a: Snorlax|73\/100\n|-damage|p1b: Iron Hands|44\/100\n|-status|p1b: Iron Hands|frz\n|-damage|p2a: Iron Bundle|91\/100|[from] item: Life Orb\n|move|p2b: Ninetales|Blizzard|p1a: Snorlax|[spread] p1a,p1b\n|-crit|p1b: Iron Hands\n|-damage|p1a: Snorlax|64\/100\n|-damage|p1b: Iron Hands|18\/100 frz\n|-status|p1a: Snorlax|frz\n|cant|p1b: Iron Hands|frz\n|cant|p1a: Snorlax|frz\n|\n|-weather|Snow|[upkeep]\n|-sideend|p2: rubicante sauce|Water Pledge\n|upkeep\n|turn|5\n|\n|t:|1699117728\n|switch|p2b: Baxcalibur|Baxcalibur, M|100\/100\n|-terastallize|p1a: Snorlax|Water\n|move|p2a: Iron Bundle|Blizzard|p1b: Iron Hands|[spread] p1a,p1b\n|-resisted|p1a: Snorlax\n|-damage|p1a: Snorlax|57\/100 frz\n|-damage|p1b: Iron Hands|0 fnt\n|faint|p1b: Iron Hands\n|-end|p1b: Iron Hands|Quark Drive|[silent]\n|-damage|p2a: Iron Bundle|81\/100|[from] item: Life Orb\n|cant|p1a: Snorlax|frz\n|\n|-weather|Snow|[upkeep]\n|upkeep\n|inactive|ItzMinebro has 120 seconds left.\n|\n|t:|1699117742\n|switch|p1b: Kommo-o|Kommo-o, F|100\/100\n|-damage|p1b: Kommo-o|88\/100|[from] Spikes\n|turn|6\n|\n|t:|1699117757\n|move|p2a: Iron Bundle|Freeze-Dry|p1a: Snorlax\n|-supereffective|p1a: Snorlax\n|-crit|p1a: Snorlax\n|-damage|p1a: Snorlax|18\/100 frz\n|-damage|p2a: Iron Bundle|71\/100|[from] item: Life Orb\n|move|p2b: Baxcalibur|Dragon Dance|p2b: Baxcalibur\n|-boost|p2b: Baxcalibur|atk|1\n|-boost|p2b: Baxcalibur|spe|1\n|move|p1b: Kommo-o|Clangorous Soul|p1b: Kommo-o\n|-boost|p1b: Kommo-o|atk|1\n|-boost|p1b: Kommo-o|def|1\n|-boost|p1b: Kommo-o|spa|1\n|-boost|p1b: Kommo-o|spd|1\n|-boost|p1b: Kommo-o|spe|1\n|-damage|p1b: Kommo-o|55\/100\n|-enditem|p1b: Kommo-o|Throat Spray\n|-boost|p1b: Kommo-o|spa|1|[from] item: Throat Spray\n|-curestatus|p1a: Snorlax|frz|[msg]\n|move|p1a: Snorlax|Facade|p2b: Baxcalibur\n|-damage|p2b: Baxcalibur|28\/100\n|\n|-weather|Snow|[upkeep]\n|upkeep\n|turn|7\n|\n|t:|1699117783\n|move|p1a: Snorlax|Protect|p1a: Snorlax\n|-singleturn|p1a: Snorlax|Protect\n|move|p2b: Baxcalibur|Icicle Spear|p1b: Kommo-o\n|-supereffective|p1b: Kommo-o\n|-damage|p1b: Kommo-o|26\/100\n|-supereffective|p1b: Kommo-o\n|-damage|p1b: Kommo-o|0 fnt\n|faint|p1b: Kommo-o\n|-hitcount|p1: Kommo-o|2\n|move|p2a: Iron Bundle|Blizzard|p1a: Snorlax\n|-activate|p1a: Snorlax|move: Protect\n|\n|-weather|none\n|upkeep\n|inactive|ItzMinebro has 120 seconds left.\n|\n|t:|1699117794\n|switch|p1b: Clefairy|Clefairy, M|100\/100\n|-damage|p1b: Clefairy|88\/100|[from] Spikes\n|turn|8\n|\n|t:|1699117810\n|-end|p2a: Iron Bundle|Quark Drive|[silent]\n|switch|p2a: Ninetales|Ninetales-Alola, F|85\/100\n|-weather|Snow|[from] ability: Snow Warning|[of] p2a: Ninetales\n|move|p1b: Clefairy|Follow Me|p1b: Clefairy\n|-singleturn|p1b: Clefairy|move: Follow Me\n|move|p2b: Baxcalibur|Icicle Spear|p1b: Clefairy\n|-damage|p1b: Clefairy|68\/100\n|-damage|p1b: Clefairy|46\/100\n|-damage|p1b: Clefairy|26\/100\n|-damage|p1b: Clefairy|5\/100\n|-damage|p1b: Clefairy|0 fnt\n|faint|p1b: Clefairy\n|-hitcount|p1: Clefairy|5\n|move|p1a: Snorlax|Facade|p2b: Baxcalibur\n|-damage|p2b: Baxcalibur|0 fnt\n|faint|p2b: Baxcalibur\n|\n|-weather|Snow|[upkeep]\n|upkeep\n|\n|t:|1699117828\n|switch|p2b: Iron Bundle|Iron Bundle|71\/100\n|turn|9\n|\n|t:|1699117836\n|move|p2b: Iron Bundle|Freeze-Dry|p1a: Snorlax\n|-supereffective|p1a: Snorlax\n|-damage|p1a: Snorlax|0 fnt\n|faint|p1a: Snorlax\n|-damage|p2b: Iron Bundle|61\/100|[from] item: Life Orb\n|\n|win|rubicante sauce\n|raw|ItzMinebro's rating: 1091 &rarr; <strong>1061<\/strong><br \/>(-30 for losing)\n|raw|rubicante sauce's rating: 1000 &rarr; <strong>1050<\/strong><br \/>(+50 for winning)\n","uploadtime":1699117845,"views":11,"p1id":"itzminebro","p2id":"rubicantesauce","formatid":"gen9doublesou","rating":1050,"private":0,"password":""}