{"id":"gen9doublesou-1989746500","p1":"CAUTl0US","p2":"Kumra21","format":"[Gen 9] Doubles OU","log":"|j|\u2606CAUTl0US\n|j|\u2606Kumra21\n|t:|1699892240\n|gametype|doubles\n|player|p1|CAUTl0US|266|1086\n|player|p2|Kumra21|silver|1085\n|teamsize|p1|6\n|teamsize|p2|6\n|gen|9\n|tier|[Gen 9] Doubles OU\n|rated|\n|rule|Species Clause: Limit one of each Pok\u00e9mon\n|rule|OHKO Clause: OHKO moves are banned\n|rule|Evasion Moves Clause: Evasion moves are banned\n|rule|Gravity Sleep Clause: The combination of sleep-inducing moves with imperfect accuracy and Gravity or Gigantamax Orbeetle are banned\n|rule|Endless Battle Clause: Forcing endless battles is banned\n|rule|HP Percentage Mod: HP is shown in percentages\n|clearpoke\n|poke|p1|Empoleon, M|\n|poke|p1|Shroomish, M|\n|poke|p1|Okidogi, M|\n|poke|p1|Sableye, F|\n|poke|p1|Honchkrow, F|\n|poke|p1|Bronzong|\n|poke|p2|Tornadus, M|\n|poke|p2|Politoed, M|\n|poke|p2|Ludicolo, M|\n|poke|p2|Kilowattrel, M|\n|poke|p2|Basculegion-F, F|\n|poke|p2|Corviknight, F|\n|teampreview\n|inactive|Battle timer is ON: inactive players will automatically lose when time's up. (requested by Kumra21)\n|\n|t:|1699892277\n|start\n|switch|p1a: Twerp|Sableye, F|100\/100\n|switch|p1b: Dogi?|Okidogi, M|100\/100\n|switch|p2a: Politoed|Politoed, M|100\/100\n|switch|p2b: Ludicolo|Ludicolo, M|100\/100\n|-weather|RainDance|[from] ability: Drizzle|[of] p2a: Politoed\n|turn|1\n|\n|t:|1699892292\n|move|p1a: Twerp|Fake Out|p2a: Politoed\n|-damage|p2a: Politoed|92\/100\n|move|p2b: Ludicolo|Hydro Pump|p1a: Twerp\n|-damage|p1a: Twerp|0 fnt\n|faint|p1a: Twerp\n|move|p1b: Dogi?|Poison Jab|p2b: Ludicolo\n|-supereffective|p2b: Ludicolo\n|-damage|p2b: Ludicolo|0 fnt\n|faint|p2b: Ludicolo\n|cant|p2a: Politoed|flinch\n|\n|-weather|RainDance|[upkeep]\n|upkeep\n|\n|t:|1699892309\n|switch|p2b: Kilowattrel|Kilowattrel, M|100\/100\n|switch|p1a: ShrooMich|Shroomish, M|100\/100\n|turn|2\n|\n|t:|1699892322\n|move|p2b: Kilowattrel|Air Slash|p1b: Dogi?\n|-supereffective|p1b: Dogi?\n|-damage|p1b: Dogi?|25\/100\n|move|p1b: Dogi?|Poison Jab|p2a: Politoed\n|-damage|p2a: Politoed|14\/100\n|-status|p2a: Politoed|psn\n|move|p2a: Politoed|Ice Beam|p1a: ShrooMich\n|-supereffective|p1a: ShrooMich\n|-damage|p1a: ShrooMich|71\/100\n|move|p1a: ShrooMich|Spore|p2b: Kilowattrel\n|-status|p2b: Kilowattrel|slp|[from] move: Spore\n|\n|-weather|RainDance|[upkeep]\n|-damage|p2a: Politoed|2\/100 psn|[from] psn\n|upkeep\n|turn|3\n|\n|t:|1699892346\n|switch|p2a: Basculegion|Basculegion-F, F|100\/100\n|cant|p2b: Kilowattrel|slp\n|move|p1b: Dogi?|Poison Jab|p2b: Kilowattrel\n|-damage|p2b: Kilowattrel|0 fnt\n|faint|p2b: Kilowattrel\n|move|p1a: ShrooMich|Charm|p2a: Basculegion\n|-unboost|p2a: Basculegion|atk|2\n|\n|-weather|RainDance|[upkeep]\n|upkeep\n|\n|t:|1699892360\n|switch|p2b: Tornadus|Tornadus, M|100\/100\n|turn|4\n|\n|t:|1699892369\n|move|p2a: Basculegion|Flip Turn|p1b: Dogi?\n|-damage|p1b: Dogi?|0 fnt\n|faint|p1b: Dogi?\n|\n|t:|1699892375\n|switch|p2a: Corviknight|Corviknight, F|100\/100|[from] Flip Turn\n|move|p2b: Tornadus|Bleakwind Storm|p1a: ShrooMich\n|-supereffective|p1a: ShrooMich\n|-damage|p1a: ShrooMich|3\/100\n|move|p1a: ShrooMich|Spore|p2b: Tornadus\n|-status|p2b: Tornadus|slp|[from] move: Spore\n|\n|-weather|RainDance|[upkeep]\n|upkeep\n|\n|t:|1699892385\n|switch|p1b: Empoleon|Empoleon, M|100\/100\n|turn|5\n|\n|t:|1699892394\n|cant|p2b: Tornadus|slp\n|move|p2a: Corviknight|Bulk Up|p2a: Corviknight\n|-boost|p2a: Corviknight|atk|1\n|-boost|p2a: Corviknight|def|1\n|move|p1b: Empoleon|Icy Wind|p2b: Tornadus|[spread] p2a,p2b\n|-supereffective|p2b: Tornadus\n|-damage|p2a: Corviknight|91\/100\n|-damage|p2b: Tornadus|75\/100 slp\n|-ability|p2a: Corviknight|Mirror Armor\n|-unboost|p1b: Empoleon|spe|1\n|-ability|p1b: Empoleon|Competitive|boost\n|-boost|p1b: Empoleon|spa|2\n|move|p1a: ShrooMich|Fake Tears|p2a: Corviknight\n|-ability|p2a: Corviknight|Mirror Armor\n|-unboost|p1a: ShrooMich|spd|2\n|\n|-weather|RainDance|[upkeep]\n|-heal|p2a: Corviknight|97\/100|[from] item: Leftovers\n|upkeep\n|turn|6\n|inactive|CAUTl0US has 120 seconds left.\n|\n|t:|1699892430\n|cant|p2b: Tornadus|slp\n|move|p2a: Corviknight|Body Press|p1b: Empoleon\n|-supereffective|p1b: Empoleon\n|-damage|p1b: Empoleon|30\/100\n|move|p1a: ShrooMich|Fake Tears|p2b: Tornadus\n|-unboost|p2b: Tornadus|spd|2\n|move|p1b: Empoleon|Icy Wind|p2a: Corviknight|[spread] p2a,p2b\n|-supereffective|p2b: Tornadus\n|-damage|p2a: Corviknight|75\/100\n|-damage|p2b: Tornadus|0 fnt\n|-ability|p2a: Corviknight|Mirror Armor\n|-unboost|p1b: Empoleon|spe|1\n|-ability|p1b: Empoleon|Competitive|boost\n|-boost|p1b: Empoleon|spa|2\n|faint|p2b: Tornadus\n|\n|-weather|RainDance|[upkeep]\n|-heal|p2a: Corviknight|81\/100|[from] item: Leftovers\n|-heal|p1b: Empoleon|36\/100|[from] item: Leftovers\n|upkeep\n|inactive|Kumra21 has 120 seconds left.\n|\n|t:|1699892450\n|switch|p2b: Basculegion|Basculegion-F, F|100\/100\n|turn|7\n|\n|t:|1699892461\n|move|p2b: Basculegion|Last Respects|p1a: ShrooMich\n|-damage|p1a: ShrooMich|0 fnt\n|faint|p1a: ShrooMich\n|move|p2a: Corviknight|Body Press|p1b: Empoleon\n|-supereffective|p1b: Empoleon\n|-damage|p1b: Empoleon|0 fnt\n|faint|p1b: Empoleon\n|\n|-weather|RainDance|[upkeep]\n|-heal|p2a: Corviknight|88\/100|[from] item: Leftovers\n|upkeep\n|\n|t:|1699892470\n|switch|p1b: Bronzong|Bronzong, shiny|100\/100\n|switch|p1a: MafiaBurb|Honchkrow, F|100\/100\n|turn|8\n|inactive|CAUTl0US has 120 seconds left.\n|\n|t:|1699892503\n|-terastallize|p2b: Basculegion|Water\n|move|p2b: Basculegion|Last Respects|p1b: Bronzong\n|-supereffective|p1b: Bronzong\n|-damage|p1b: Bronzong|0 fnt\n|faint|p1b: Bronzong\n|move|p1a: MafiaBurb|Night Slash|p2b: Basculegion\n|-damage|p2b: Basculegion|31\/100\n|-damage|p1a: MafiaBurb|91\/100|[from] item: Life Orb\n|move|p2a: Corviknight|Body Press|p1a: MafiaBurb\n|-damage|p1a: MafiaBurb|17\/100\n|\n|-weather|none\n|-heal|p2a: Corviknight|94\/100|[from] item: Leftovers\n|upkeep\n|turn|9\n|\n|t:|1699892522\n|move|p2b: Basculegion|Last Respects|p1a: MafiaBurb\n|-resisted|p1a: MafiaBurb\n|-damage|p1a: MafiaBurb|0 fnt\n|faint|p1a: MafiaBurb\n|\n|win|Kumra21\n|raw|CAUTl0US's rating: 1086 &rarr; <strong>1063<\/strong><br \/>(-23 for losing)\n|raw|Kumra21's rating: 1085 &rarr; <strong>1112<\/strong><br \/>(+27 for winning)\n|l|\u2606CAUTl0US\n","uploadtime":1699892531,"views":14,"p1id":"cautl0us","p2id":"kumra21","formatid":"gen9doublesou","rating":1063,"private":0,"password":""}