{"id":"gen9doublesou-1974163366","p1":"ShadowGlaciar","p2":"Lgamerz_YT","format":"[Gen 9] Doubles OU","log":"|j|\u2606ShadowGlaciar\n|j|\u2606Lgamerz_YT\n|t:|1698063923\n|gametype|doubles\n|player|p1|ShadowGlaciar|raihan|1015\n|player|p2|Lgamerz_YT|266|1094\n|teamsize|p1|6\n|teamsize|p2|6\n|gen|9\n|tier|[Gen 9] Doubles OU\n|rated|\n|rule|Species Clause: Limit one of each Pok\u00e9mon\n|rule|OHKO Clause: OHKO moves are banned\n|rule|Evasion Moves Clause: Evasion moves are banned\n|rule|Gravity Sleep Clause: The combination of sleep-inducing moves with imperfect accuracy and Gravity or Gigantamax Orbeetle are banned\n|rule|Endless Battle Clause: Forcing endless battles is banned\n|rule|HP Percentage Mod: HP is shown in percentages\n|clearpoke\n|poke|p1|Scovillain, M|\n|poke|p1|Hatterene, F|\n|poke|p1|Ogerpon-Hearthflame, F|\n|poke|p1|Raichu-Alola, F|\n|poke|p1|Pincurchin, F|\n|poke|p1|Baxcalibur, M|\n|poke|p2|Ursaluna-Bloodmoon, M|\n|poke|p2|Mightyena, M|\n|poke|p2|Rillaboom, M|\n|poke|p2|Empoleon, M|\n|poke|p2|Infernape, M|\n|poke|p2|Dragapult, M|\n|teampreview\n|\n|t:|1698063931\n|start\n|switch|p1a: Scovillain|Scovillain, M|100\/100\n|switch|p1b: Baxcalibur|Baxcalibur, M|100\/100\n|switch|p2a: Mightyena|Mightyena, M, shiny|100\/100\n|switch|p2b: Ursaluna|Ursaluna-Bloodmoon, M|100\/100\n|-ability|p2a: Mightyena|Intimidate|boost\n|-unboost|p1a: Scovillain|atk|1\n|-unboost|p1b: Baxcalibur|atk|1\n|turn|1\n|\n|t:|1698063969\n|move|p1b: Baxcalibur|Swords Dance|p1b: Baxcalibur\n|-boost|p1b: Baxcalibur|atk|2\n|move|p2a: Mightyena|Play Rough|p1b: Baxcalibur\n|-supereffective|p1b: Baxcalibur\n|-damage|p1b: Baxcalibur|39\/100\n|-damage|p2a: Mightyena|84\/100|[from] item: Rocky Helmet|[of] p1b: Baxcalibur\n|-damage|p2a: Mightyena|74\/100|[from] item: Life Orb\n|move|p1a: Scovillain|Spicy Extract|p1b: Baxcalibur\n|-boost|p1b: Baxcalibur|atk|2\n|-unboost|p1b: Baxcalibur|def|2\n|move|p2b: Ursaluna|Earth Power|p1a: Scovillain\n|-damage|p1a: Scovillain|51\/100\n|\n|-ability|p1a: Scovillain|Moody|boost\n|-boost|p1a: Scovillain|def|2\n|-unboost|p1a: Scovillain|spd|1\n|upkeep\n|turn|2\n|\n|t:|1698064000\n|move|p1a: Scovillain|Rage Powder|p1a: Scovillain\n|-singleturn|p1a: Scovillain|move: Rage Powder\n|move|p2a: Mightyena|Sucker Punch||[still]\n|-fail|p2a: Mightyena\n|move|p1b: Baxcalibur|Glaive Rush|p2b: Ursaluna\n|-damage|p2b: Ursaluna|0 fnt\n|-singlemove|p1b: Baxcalibur|Glaive Rush|[silent]\n|faint|p2b: Ursaluna\n|\n|-ability|p1a: Scovillain|Moody|boost\n|-boost|p1a: Scovillain|spa|2\n|-unboost|p1a: Scovillain|spd|1\n|upkeep\n|\n|t:|1698064050\n|switch|p2b: Infernape|Infernape, M|100\/100\n|turn|3\n|\n|t:|1698064083\n|move|p1a: Scovillain|Rage Powder|p1a: Scovillain\n|-singleturn|p1a: Scovillain|move: Rage Powder\n|move|p2b: Infernape|Fire Punch|p1a: Scovillain\n|-damage|p1a: Scovillain|18\/100\n|move|p1b: Baxcalibur|Earthquake|p2a: Mightyena|[spread] p1a,p2a,p2b\n|-supereffective|p2b: Infernape\n|-damage|p1a: Scovillain|0 fnt\n|-damage|p2a: Mightyena|0 fnt\n|-damage|p2b: Infernape|0 fnt\n|faint|p1a: Scovillain\n|faint|p2a: Mightyena\n|faint|p2b: Infernape\n|\n|upkeep\n|\n|t:|1698064106\n|switch|p2b: Empoleon|Empoleon, M|100\/100\n|switch|p2a: Rillaboom|Rillaboom, M|100\/100\n|switch|p1a: Ogerpon|Ogerpon-Hearthflame, F|100\/100\n|-ability|p1a: Ogerpon|Mold Breaker\n|-fieldstart|move: Grassy Terrain|[from] ability: Grassy Surge|[of] p2a: Rillaboom\n|-enditem|p2a: Rillaboom|Grassy Seed\n|-boost|p2a: Rillaboom|def|1|[from] item: Grassy Seed\n|turn|4\n|\n|t:|1698064169\n|-terastallize|p2a: Rillaboom|Ground\n|move|p1a: Ogerpon|Follow Me|p1a: Ogerpon\n|-singleturn|p1a: Ogerpon|move: Follow Me\n|move|p1b: Baxcalibur|Glaive Rush|p2a: Rillaboom\n|-damage|p2a: Rillaboom|1\/100\n|-singlemove|p1b: Baxcalibur|Glaive Rush|[silent]\n|move|p2a: Rillaboom|Stomping Tantrum|p1a: Ogerpon\n|-damage|p1a: Ogerpon|42\/100\n|move|p2b: Empoleon|Agility|p2b: Empoleon\n|-boost|p2b: Empoleon|spe|2\n|\n|-heal|p1a: Ogerpon|48\/100|[from] Grassy Terrain\n|-heal|p1b: Baxcalibur|45\/100|[from] Grassy Terrain\n|-heal|p2a: Rillaboom|7\/100|[from] Grassy Terrain\n|upkeep\n|turn|5\n|\n|t:|1698064199\n|move|p1a: Ogerpon|Follow Me|p1a: Ogerpon\n|-singleturn|p1a: Ogerpon|move: Follow Me\n|move|p2a: Rillaboom|Grassy Glide|p1a: Ogerpon\n|-resisted|p1a: Ogerpon\n|-damage|p1a: Ogerpon|36\/100\n|move|p2b: Empoleon|Air Slash|p1a: Ogerpon\n|-supereffective|p1a: Ogerpon\n|-damage|p1a: Ogerpon|0 fnt\n|faint|p1a: Ogerpon\n|move|p1b: Baxcalibur|Earthquake|p2a: Rillaboom|[spread] p2a,p2b\n|-supereffective|p2b: Empoleon\n|-damage|p2a: Rillaboom|0 fnt\n|-damage|p2b: Empoleon|26\/100\n|faint|p2a: Rillaboom\n|\n|-heal|p2b: Empoleon|33\/100|[from] Grassy Terrain\n|-heal|p1b: Baxcalibur|51\/100|[from] Grassy Terrain\n|upkeep\n|\n|t:|1698064223\n|switch|p1a: MY ACE|Pincurchin, F|100\/100\n|switch|p2a: Dragapult|Dragapult, M, shiny|100\/100\n|-fieldstart|move: Electric Terrain|[from] ability: Electric Surge|[of] p1a: MY ACE\n|turn|6\n|\n|t:|1698064258\n|move|p1b: Baxcalibur|Helping Hand|p1a: MY ACE\n|-singleturn|p1a: MY ACE|Helping Hand|[of] p1b: Baxcalibur\n|move|p2a: Dragapult|Dragon Darts|p1a: MY ACE\n|-damage|p1a: MY ACE|65\/100\n|-anim|p2a: Dragapult|Dragon Darts|p1b: Baxcalibur\n|-supereffective|p1b: Baxcalibur\n|-damage|p1b: Baxcalibur|0 fnt\n|faint|p1b: Baxcalibur\n|move|p2b: Empoleon|Flash Cannon|p1a: MY ACE\n|-resisted|p1a: MY ACE\n|-damage|p1a: MY ACE|38\/100\n|move|p1a: MY ACE|Zing Zap|p2b: Empoleon\n|-supereffective|p2b: Empoleon\n|-damage|p2b: Empoleon|0 fnt\n|faint|p2b: Empoleon\n|\n|upkeep\n|\n|t:|1698064271\n|switch|p1b: Raichu|Raichu-Alola, F|100\/100\n|turn|7\n|\n|t:|1698064280\n|move|p1b: Raichu|Discharge|p2a: Dragapult|[spread] p1a,p2a\n|-resisted|p1a: MY ACE\n|-resisted|p2a: Dragapult\n|-damage|p1a: MY ACE|18\/100\n|-damage|p2a: Dragapult|77\/100\n|move|p2a: Dragapult|Dragon Darts|p1a: MY ACE\n|-damage|p1a: MY ACE|0 fnt\n|-anim|p2a: Dragapult|Dragon Darts|p1b: Raichu\n|-damage|p1b: Raichu|35\/100\n|faint|p1a: MY ACE\n|\n|upkeep\n|\n|t:|1698064289\n|switch|p1a: Hatterene|Hatterene, F|100\/100\n|turn|8\n|\n|t:|1698064332\n|move|p1b: Raichu|Grass Knot|p2a: Dragapult\n|-resisted|p2a: Dragapult\n|-damage|p2a: Dragapult|62\/100\n|move|p2a: Dragapult|Dragon Darts|p1b: Raichu\n|-damage|p1b: Raichu|0 fnt\n|faint|p1b: Raichu\n|move|p1a: Hatterene|Heal Pulse|p1: Raichu|[notarget]\n|-fail|p1a: Hatterene\n|\n|upkeep\n|turn|9\n|\n|t:|1698064356\n|move|p2a: Dragapult|Phantom Force||[still]\n|-prepare|p2a: Dragapult|Phantom Force\n|-enditem|p2a: Dragapult|Power Herb\n|-anim|p2a: Dragapult|Phantom Force|p1a: Hatterene\n|-supereffective|p1a: Hatterene\n|-damage|p1a: Hatterene|0 fnt\n|faint|p1a: Hatterene\n|\n|win|Lgamerz_YT\n|raw|ShadowGlaciar's rating: 1015 &rarr; <strong>1005<\/strong><br \/>(-10 for losing)\n|raw|Lgamerz_YT's rating: 1094 &rarr; <strong>1114<\/strong><br \/>(+20 for winning)\n|l|\u2606ShadowGlaciar\n","uploadtime":1698064370,"views":12,"p1id":"shadowglaciar","p2id":"lgamerzyt","formatid":"gen9doublesou","rating":1005,"private":0,"password":""}