{"id":"gen9doublesou-1973438367","p1":"ProfTree^w^","p2":"A2d3","format":"[Gen 9] Doubles OU","log":"|j|\u2606ProfTree^w^\n|j|\u2606A2d3\n|t:|1697975636\n|gametype|doubles\n|player|p1|ProfTree^w^|169|1191\n|player|p2|A2d3|101|1215\n|teamsize|p1|6\n|teamsize|p2|6\n|gen|9\n|tier|[Gen 9] Doubles OU\n|rated|\n|rule|Species Clause: Limit one of each Pok\u00e9mon\n|rule|OHKO Clause: OHKO moves are banned\n|rule|Evasion Moves Clause: Evasion moves are banned\n|rule|Gravity Sleep Clause: The combination of sleep-inducing moves with imperfect accuracy and Gravity or Gigantamax Orbeetle are banned\n|rule|Endless Battle Clause: Forcing endless battles is banned\n|rule|HP Percentage Mod: HP is shown in percentages\n|clearpoke\n|poke|p1|Ursaluna-Bloodmoon, M|\n|poke|p1|Cresselia, F|\n|poke|p1|Amoonguss, F|\n|poke|p1|Iron Hands|\n|poke|p1|Landorus-Therian, M|\n|poke|p1|Ogerpon-Wellspring, F|\n|poke|p2|Breloom, F|\n|poke|p2|Basculegion-F, F|\n|poke|p2|Pelipper, M|\n|poke|p2|Flutter Mane|\n|poke|p2|Brute Bonnet|\n|poke|p2|Torkoal, M|\n|teampreview\n|\n|t:|1697975646\n|start\n|switch|p1a: freddy fazbear|Ursaluna-Bloodmoon, M|100\/100\n|switch|p1b: quock quock|Cresselia, F, shiny|100\/100\n|switch|p2a: Brute Bonnet|Brute Bonnet|100\/100\n|switch|p2b: Torkoal|Torkoal, M|100\/100\n|-weather|SunnyDay|[from] ability: Drought|[of] p2b: Torkoal\n|-activate|p2a: Brute Bonnet|ability: Protosynthesis\n|-start|p2a: Brute Bonnet|protosynthesisdef\n|turn|1\n|c|\u2606ProfTree^w^|isnt basculegion banned???\n|\n|t:|1697975684\n|move|p1b: quock quock|Ally Switch|p1b: quock quock\n|swap|p1b: quock quock|0|[from] move: Ally Switch\n|move|p2a: Brute Bonnet|Crunch|p1b: freddy fazbear\n|-damage|p1b: freddy fazbear|79\/100\n|-unboost|p1b: freddy fazbear|def|1\n|move|p1b: freddy fazbear|Calm Mind|p1b: freddy fazbear\n|-boost|p1b: freddy fazbear|spa|1\n|-boost|p1b: freddy fazbear|spd|1\n|move|p2b: Torkoal|Solar Beam||[still]\n|-prepare|p2b: Torkoal|Solar Beam\n|-anim|p2b: Torkoal|Solar Beam|p1a: quock quock\n|-damage|p1a: quock quock|85\/100\n|\n|-weather|SunnyDay|[upkeep]\n|-heal|p1a: quock quock|91\/100|[from] item: Leftovers\n|upkeep\n|turn|2\n|\n|t:|1697975704\n|move|p2a: Brute Bonnet|Crunch|p1b: freddy fazbear\n|-damage|p1b: freddy fazbear|47\/100\n|move|p1a: quock quock|Lunar Blessing|p1a: quock quock|[spread] p1a,p1b\n|-heal|p1a: quock quock|100\/100\n|-heal|p1b: freddy fazbear|71\/100\n|move|p1b: freddy fazbear|Blood Moon|p2b: Torkoal\n|-damage|p2b: Torkoal|0 fnt\n|faint|p2b: Torkoal\n|\n|-weather|SunnyDay|[upkeep]\n|upkeep\n|\n|t:|1697975711\n|switch|p2b: Flutter Mane|Flutter Mane|100\/100\n|-activate|p2b: Flutter Mane|ability: Protosynthesis\n|-start|p2b: Flutter Mane|protosynthesisspe\n|turn|3\n|\n|t:|1697975731\n|move|p2b: Flutter Mane|Dark Pulse|p1a: quock quock\n|-supereffective|p1a: quock quock\n|-damage|p1a: quock quock|73\/100\n|move|p2a: Brute Bonnet|Body Press|p1b: freddy fazbear\n|-supereffective|p1b: freddy fazbear\n|-damage|p1b: freddy fazbear|20\/100\n|move|p1b: freddy fazbear|Hyper Voice|p2a: Brute Bonnet|[spread] p2a,p2b\n|-damage|p2a: Brute Bonnet|35\/100\n|-damage|p2b: Flutter Mane|38\/100\n|move|p1a: quock quock|Trick Room|p1a: quock quock\n|-fieldstart|move: Trick Room|[of] p1a: quock quock\n|-enditem|p1b: freddy fazbear|Room Service\n|-unboost|p1b: freddy fazbear|spe|1|[from] item: Room Service\n|\n|-weather|SunnyDay|[upkeep]\n|-heal|p1a: quock quock|79\/100|[from] item: Leftovers\n|-heal|p2a: Brute Bonnet|41\/100|[from] item: Leftovers\n|-heal|p2b: Flutter Mane|44\/100|[from] item: Leftovers\n|upkeep\n|turn|4\n|\n|t:|1697975757\n|move|p2a: Brute Bonnet|Rage Powder|p2a: Brute Bonnet\n|-singleturn|p2a: Brute Bonnet|move: Rage Powder\n|move|p1b: freddy fazbear|Blood Moon|p2a: Brute Bonnet\n|-damage|p2a: Brute Bonnet|0 fnt\n|faint|p2a: Brute Bonnet\n|-end|p2a: Brute Bonnet|Protosynthesis|[silent]\n|move|p1a: quock quock|Lunar Blessing|p1a: quock quock|[spread] p1a,p1b\n|-heal|p1a: quock quock|100\/100\n|-heal|p1b: freddy fazbear|45\/100\n|move|p2b: Flutter Mane|Energy Ball|p1b: freddy fazbear\n|-supereffective|p1b: freddy fazbear\n|-damage|p1b: freddy fazbear|1\/100\n|\n|-weather|SunnyDay|[upkeep]\n|-heal|p2b: Flutter Mane|50\/100|[from] item: Leftovers\n|upkeep\n|\n|t:|1697975770\n|switch|p2a: Breloom|Breloom, F|100\/100\n|turn|5\n|\n|t:|1697975786\n|move|p1b: freddy fazbear|Hyper Voice|p2a: Breloom|[spread] p2a,p2b\n|-enditem|p2a: Breloom|Focus Sash\n|-damage|p2a: Breloom|1\/100\n|-damage|p2b: Flutter Mane|0 fnt\n|faint|p2b: Flutter Mane\n|-end|p2b: Flutter Mane|Protosynthesis|[silent]\n|move|p1a: quock quock|Dazzling Gleam|p2a: Breloom\n|-supereffective|p2a: Breloom\n|-damage|p2a: Breloom|0 fnt\n|faint|p2a: Breloom\n|\n|-weather|none\n|upkeep\n|\n|t:|1697975796\n|switch|p2a: Basculegion|Basculegion-F, F|100\/100\n|switch|p2b: Pelipper|Pelipper, M|100\/100\n|-weather|RainDance|[from] ability: Drizzle|[of] p2b: Pelipper\n|turn|6\n|\n|t:|1697975811\n|move|p1a: quock quock|Ally Switch|p1a: quock quock\n|swap|p1a: quock quock|1|[from] move: Ally Switch\n|move|p1a: freddy fazbear|Blood Moon|p2a: Basculegion\n|-damage|p2a: Basculegion|0 fnt\n|faint|p2a: Basculegion\n|move|p2b: Pelipper|Hurricane|p1b: quock quock\n|-damage|p1b: quock quock|76\/100\n|\n|-weather|RainDance|[upkeep]\n|-heal|p1b: quock quock|82\/100|[from] item: Leftovers\n|upkeep\n|turn|7\n|-message|A2d3 forfeited.\n|\n|win|ProfTree^w^\n|raw|ProfTree^w^'s rating: 1191 &rarr; <strong>1218<\/strong><br \/>(+27 for winning)\n|raw|A2d3's rating: 1215 &rarr; <strong>1188<\/strong><br \/>(-27 for losing)\n|l|\u2606A2d3\n","uploadtime":1697975825,"views":14,"p1id":"proftreew","p2id":"a2d3","formatid":"gen9doublesou","rating":1188,"private":0,"password":""}