{"id":"gen9doublesou-1992878657","p1":"Team715","p2":"sirazurill","format":"[Gen 9] Doubles OU","log":"|j|\u2606Team715\n|j|\u2606sirazurill\n|t:|1700243282\n|gametype|doubles\n|player|p1|Team715|volkner|1521\n|player|p2|sirazurill|bugcatcher-gen4dp|1754\n|teamsize|p1|6\n|teamsize|p2|6\n|gen|9\n|tier|[Gen 9] Doubles OU\n|rated|\n|rule|Species Clause: Limit one of each Pok\u00e9mon\n|rule|OHKO Clause: OHKO moves are banned\n|rule|Evasion Moves Clause: Evasion moves are banned\n|rule|Gravity Sleep Clause: The combination of sleep-inducing moves with imperfect accuracy and Gravity or Gigantamax Orbeetle are banned\n|rule|Endless Battle Clause: Forcing endless battles is banned\n|rule|HP Percentage Mod: HP is shown in percentages\n|clearpoke\n|poke|p1|Rillaboom, M|\n|poke|p1|Chi-Yu|\n|poke|p1|Flutter Mane|\n|poke|p1|Kingambit, M|\n|poke|p1|Amoonguss, M|\n|poke|p1|Heatran, M|\n|poke|p2|Kingambit, M|\n|poke|p2|Tornadus, M|\n|poke|p2|Flutter Mane|\n|poke|p2|Landorus-Therian, M|\n|poke|p2|Ogerpon-Wellspring, F|\n|poke|p2|Heatran, F|\n|teampreview\n|inactive|Battle timer is ON: inactive players will automatically lose when time's up. (requested by Team715)\n|\n|t:|1700243302\n|start\n|switch|p1a: Rillaboom|Rillaboom, M, shiny|100\/100\n|switch|p1b: Heatran|Heatran, M, shiny|100\/100\n|switch|p2a: Tornadus|Tornadus, M|100\/100\n|switch|p2b: Landorus|Landorus-Therian, M|100\/100\n|-ability|p2b: Landorus|Intimidate|boost\n|-unboost|p1a: Rillaboom|atk|1\n|-unboost|p1b: Heatran|atk|1\n|-fieldstart|move: Grassy Terrain|[from] ability: Grassy Surge|[of] p1a: Rillaboom\n|turn|1\n|\n|t:|1700243326\n|switch|p2b: Heatran|Heatran, F|100\/100\n|-terastallize|p1b: Heatran|Grass\n|move|p1a: Rillaboom|Fake Out|p2a: Tornadus\n|-damage|p2a: Tornadus|89\/100\n|-enditem|p2a: Tornadus|Eject Button\n|\n|t:|1700243340\n|switch|p2a: Landorus|Landorus-Therian, M|100\/100\n|-ability|p2a: Landorus|Intimidate|boost\n|-unboost|p1a: Rillaboom|atk|1\n|-unboost|p1b: Heatran|atk|1\n|move|p1b: Heatran|Heat Wave|p2b: Heatran|[spread] p2a\n|-start|p2b: Heatran|ability: Flash Fire\n|-damage|p2a: Landorus|47\/100\n|-status|p2a: Landorus|brn\n|\n|-damage|p2a: Landorus|41\/100 brn|[from] brn\n|upkeep\n|turn|2\n|inactive|Team715 has 120 seconds left.\n|\n|t:|1700243376\n|switch|p1a: Amoonguss|Amoonguss, M, shiny|100\/100\n|move|p2a: Landorus|U-turn|p1b: Heatran\n|-supereffective|p1b: Heatran\n|-damage|p1b: Heatran|67\/100\n|\n|t:|1700243383\n|switch|p2a: Tornadus|Tornadus, M|89\/100|[from] U-turn\n|move|p1b: Heatran|Earth Power|p2b: Heatran\n|-supereffective|p2b: Heatran\n|-damage|p2b: Heatran|0 fnt\n|faint|p2b: Heatran\n|\n|-heal|p1b: Heatran|73\/100|[from] Grassy Terrain\n|upkeep\n|\n|t:|1700243397\n|switch|p2b: Oregon-Wellspring|Ogerpon-Wellspring, F|100\/100\n|turn|3\n|\n|t:|1700243410\n|move|p2b: Oregon-Wellspring|Follow Me|p2b: Oregon-Wellspring\n|-singleturn|p2b: Oregon-Wellspring|move: Follow Me\n|move|p1a: Amoonguss|Rage Powder|p1a: Amoonguss\n|-singleturn|p1a: Amoonguss|move: Rage Powder\n|move|p2a: Tornadus|Bleakwind Storm|p1a: Amoonguss|[spread] p1a\n|-miss|p2a: Tornadus|p1b: Heatran\n|-supereffective|p1a: Amoonguss\n|-damage|p1a: Amoonguss|47\/100\n|move|p1b: Heatran|Heat Wave|p2b: Oregon-Wellspring|[spread] p2a,p2b\n|-damage|p2a: Tornadus|44\/100\n|-damage|p2b: Oregon-Wellspring|60\/100\n|-status|p2b: Oregon-Wellspring|brn\n|\n|-heal|p2b: Oregon-Wellspring|67\/100 brn|[from] Grassy Terrain\n|-heal|p1b: Heatran|79\/100|[from] Grassy Terrain\n|-heal|p1a: Amoonguss|54\/100|[from] Grassy Terrain\n|-damage|p2b: Oregon-Wellspring|60\/100 brn|[from] brn\n|upkeep\n|turn|4\n|\n|t:|1700243432\n|switch|p1a: Chi-Yu|Chi-Yu|100\/100\n|-ability|p1a: Chi-Yu|Beads of Ruin\n|move|p2b: Oregon-Wellspring|Ivy Cudgel|p1a: Chi-Yu|[anim] Ivy Cudgel Water\n|-supereffective|p1a: Chi-Yu\n|-damage|p1a: Chi-Yu|0 fnt\n|faint|p1a: Chi-Yu\n|move|p2a: Tornadus|Bleakwind Storm|p1b: Heatran\n|-supereffective|p1b: Heatran\n|-damage|p1b: Heatran|23\/100\n|move|p1b: Heatran|Heat Wave|p2a: Tornadus|[spread] p2a,p2b\n|-damage|p2a: Tornadus|0 fnt\n|-damage|p2b: Oregon-Wellspring|20\/100 brn\n|faint|p2a: Tornadus\n|\n|-heal|p2b: Oregon-Wellspring|27\/100 brn|[from] Grassy Terrain\n|-heal|p1b: Heatran|29\/100|[from] Grassy Terrain\n|-damage|p2b: Oregon-Wellspring|20\/100 brn|[from] brn\n|upkeep\n|\n|t:|1700243459\n|switch|p1a: Rillaboom|Rillaboom, M, shiny|100\/100\n|switch|p2a: Landorus|Landorus-Therian, M|41\/100 brn\n|-ability|p2a: Landorus|Intimidate|boost\n|-unboost|p1a: Rillaboom|atk|1\n|-unboost|p1b: Heatran|atk|1\n|turn|5\n|\n|t:|1700243475\n|move|p1a: Rillaboom|Fake Out|p2b: Oregon-Wellspring\n|-damage|p2b: Oregon-Wellspring|10\/100 brn\n|move|p2a: Landorus|U-turn|p1b: Heatran\n|-supereffective|p1b: Heatran\n|-damage|p1b: Heatran|0 fnt\n|faint|p1b: Heatran\n|\n|t:|1700243488\n|switch|p2a: Flutter Mane|Flutter Mane|100\/100|[from] U-turn\n|cant|p2b: Oregon-Wellspring|flinch\n|\n|-heal|p2b: Oregon-Wellspring|17\/100 brn|[from] Grassy Terrain\n|-damage|p2b: Oregon-Wellspring|10\/100 brn|[from] brn\n|-fieldend|move: Grassy Terrain\n|upkeep\n|\n|t:|1700243510\n|switch|p1b: Flutter Mane|Flutter Mane, shiny|100\/100\n|turn|6\n|\n|t:|1700243526\n|switch|p1a: Amoonguss|Amoonguss, M, shiny|87\/100\n|move|p2b: Oregon-Wellspring|Follow Me|p2b: Oregon-Wellspring\n|-singleturn|p2b: Oregon-Wellspring|move: Follow Me\n|move|p1b: Flutter Mane|Dazzling Gleam|p2b: Oregon-Wellspring|[spread] p2a,p2b\n|-damage|p2a: Flutter Mane|62\/100\n|-damage|p2b: Oregon-Wellspring|0 fnt\n|faint|p2b: Oregon-Wellspring\n|move|p2a: Flutter Mane|Shadow Ball|p1b: Flutter Mane\n|-supereffective|p1b: Flutter Mane\n|-damage|p1b: Flutter Mane|0 fnt\n|faint|p1b: Flutter Mane\n|-end|p1b: Flutter Mane|Protosynthesis|[silent]\n|\n|upkeep\n|\n|t:|1700243543\n|switch|p1b: Rillaboom|Rillaboom, M, shiny|100\/100\n|switch|p2b: Kingambit|Kingambit, M|100\/100\n|-fieldstart|move: Grassy Terrain|[from] ability: Grassy Surge|[of] p1b: Rillaboom\n|-activate|p2b: Kingambit|ability: Supreme Overlord\n|-start|p2b: Kingambit|fallen3|[silent]\n|turn|7\n|\n|t:|1700243556\n|-end|p2a: Flutter Mane|Protosynthesis|[silent]\n|switch|p2a: Landorus|Landorus-Therian, M|41\/100 brn\n|-ability|p2a: Landorus|Intimidate|boost\n|-unboost|p1a: Amoonguss|atk|1\n|-unboost|p1b: Rillaboom|atk|1\n|move|p1b: Rillaboom|Wood Hammer|p2a: Landorus\n|-damage|p2a: Landorus|0 fnt\n|faint|p2a: Landorus\n|-damage|p1b: Rillaboom|90\/100|[from] Recoil\n|move|p2b: Kingambit|Kowtow Cleave|p1a: Amoonguss\n|-damage|p1a: Amoonguss|17\/100\n|move|p1a: Amoonguss|Spore|p2b: Kingambit\n|-status|p2b: Kingambit|slp|[from] move: Spore\n|\n|-heal|p1b: Rillaboom|96\/100|[from] Grassy Terrain\n|-heal|p1a: Amoonguss|24\/100|[from] Grassy Terrain\n|upkeep\n|\n|t:|1700243571\n|switch|p2a: Flutter Mane|Flutter Mane|62\/100\n|turn|8\n|\n|t:|1700243584\n|-terastallize|p2a: Flutter Mane|Fairy\n|move|p1a: Amoonguss|Rage Powder|p1a: Amoonguss\n|-singleturn|p1a: Amoonguss|move: Rage Powder\n|cant|p2b: Kingambit|slp\n|move|p2a: Flutter Mane|Dazzling Gleam|p1a: Amoonguss|[spread] p1a,p1b\n|-resisted|p1a: Amoonguss\n|-damage|p1a: Amoonguss|1\/100\n|-damage|p1b: Rillaboom|41\/100\n|move|p1b: Rillaboom|Wood Hammer|p2a: Flutter Mane\n|-damage|p2a: Flutter Mane|0 fnt\n|faint|p2a: Flutter Mane\n|-end|p2a: Flutter Mane|Protosynthesis|[silent]\n|-damage|p1b: Rillaboom|28\/100|[from] Recoil\n|\n|-heal|p1b: Rillaboom|35\/100|[from] Grassy Terrain\n|-heal|p1a: Amoonguss|7\/100|[from] Grassy Terrain\n|upkeep\n|turn|9\n|\n|t:|1700243604\n|move|p1b: Rillaboom|Knock Off|p2b: Kingambit\n|-resisted|p2b: Kingambit\n|-damage|p2b: Kingambit|93\/100 slp\n|-enditem|p2b: Kingambit|Assault Vest|[from] move: Knock Off|[of] p1b: Rillaboom\n|cant|p2b: Kingambit|slp\n|move|p1a: Amoonguss|Spore|p2b: Kingambit\n|-fail|p2b: Kingambit|slp\n|\n|-heal|p1b: Rillaboom|41\/100|[from] Grassy Terrain\n|-heal|p2b: Kingambit|99\/100 slp|[from] Grassy Terrain\n|-heal|p1a: Amoonguss|13\/100|[from] Grassy Terrain\n|upkeep\n|turn|10\n|\n|t:|1700243616\n|move|p1b: Rillaboom|Wood Hammer|p2b: Kingambit\n|-resisted|p2b: Kingambit\n|-damage|p2b: Kingambit|79\/100 slp\n|-damage|p1b: Rillaboom|34\/100|[from] Recoil\n|cant|p2b: Kingambit|slp\n|move|p1a: Amoonguss|Spore|p2b: Kingambit\n|-fail|p2b: Kingambit|slp\n|\n|-heal|p1b: Rillaboom|41\/100|[from] Grassy Terrain\n|-heal|p2b: Kingambit|86\/100 slp|[from] Grassy Terrain\n|-heal|p1a: Amoonguss|19\/100|[from] Grassy Terrain\n|upkeep\n|turn|11\n|\n|t:|1700243633\n|move|p1a: Amoonguss|Rage Powder|p1a: Amoonguss\n|-singleturn|p1a: Amoonguss|move: Rage Powder\n|move|p1b: Rillaboom|Wood Hammer|p2b: Kingambit\n|-resisted|p2b: Kingambit\n|-damage|p2b: Kingambit|65\/100 slp\n|-damage|p1b: Rillaboom|34\/100|[from] Recoil\n|-curestatus|p2b: Kingambit|slp|[msg]\n|move|p2b: Kingambit|Kowtow Cleave|p1a: Amoonguss\n|-damage|p1a: Amoonguss|0 fnt\n|faint|p1a: Amoonguss\n|\n|-heal|p1b: Rillaboom|40\/100|[from] Grassy Terrain\n|-heal|p2b: Kingambit|71\/100|[from] Grassy Terrain\n|-fieldend|move: Grassy Terrain\n|upkeep\n|\n|t:|1700243643\n|switch|p1a: Kingambit|Kingambit, M, shiny|100\/100\n|-activate|p1a: Kingambit|ability: Supreme Overlord\n|-start|p1a: Kingambit|fallen4|[silent]\n|turn|12\n|j| WeOutHereVibin\n|\n|t:|1700243654\n|move|p1b: Rillaboom|Wood Hammer|p2b: Kingambit\n|-resisted|p2b: Kingambit\n|-damage|p2b: Kingambit|54\/100\n|-damage|p1b: Rillaboom|34\/100|[from] Recoil\n|move|p2b: Kingambit|Brick Break|p1a: Kingambit\n|-supereffective|p1a: Kingambit\n|-damage|p1a: Kingambit|0 fnt\n|faint|p1a: Kingambit\n|-end|p1a: Kingambit|fallen4|[silent]\n|\n|upkeep\n|turn|13\n|\n|t:|1700243672\n|move|p1b: Rillaboom|Wood Hammer|p2b: Kingambit\n|-resisted|p2b: Kingambit\n|-damage|p2b: Kingambit|40\/100\n|-damage|p1b: Rillaboom|29\/100|[from] Recoil\n|move|p2b: Kingambit|Kowtow Cleave|p1b: Rillaboom\n|-damage|p1b: Rillaboom|0 fnt\n|faint|p1b: Rillaboom\n|\n|win|sirazurill\n|raw|Team715's rating: 1521 &rarr; <strong>1513<\/strong><br \/>(-8 for losing)\n|raw|sirazurill's rating: 1754 &rarr; <strong>1762<\/strong><br \/>(+8 for winning)\n","uploadtime":1700243685,"views":6,"p1id":"team715","p2id":"sirazurill","formatid":"gen9doublesou","rating":1513,"private":0,"password":""}