{"id":"gen9doublesou-1970913925","p1":"Valeonix2","p2":"Throw Games","format":"[Gen 9] Doubles OU","log":"|j|\u2606Valeonix2\n|j|\u2606Throw Games\n|t:|1697680219\n|gametype|doubles\n|player|p1|Valeonix2|marlon|1241\n|player|p2|Throw Games|clay|1303\n|teamsize|p1|6\n|teamsize|p2|6\n|gen|9\n|tier|[Gen 9] Doubles OU\n|rated|\n|rule|Species Clause: Limit one of each Pok\u00e9mon\n|rule|OHKO Clause: OHKO moves are banned\n|rule|Evasion Moves Clause: Evasion moves are banned\n|rule|Gravity Sleep Clause: The combination of sleep-inducing moves with imperfect accuracy and Gravity or Gigantamax Orbeetle are banned\n|rule|Endless Battle Clause: Forcing endless battles is banned\n|rule|HP Percentage Mod: HP is shown in percentages\n|clearpoke\n|poke|p1|Hatterene, F|\n|poke|p1|Gastrodon, M|\n|poke|p1|Indeedee-F, F|\n|poke|p1|Armarouge, M|\n|poke|p1|Azelf|\n|poke|p1|Grimmsnarl, M|\n|poke|p2|Gholdengo|\n|poke|p2|Chi-Yu|\n|poke|p2|Landorus-Therian, M|\n|poke|p2|Tyranitar, F|\n|poke|p2|Sinistcha-Masterpiece|\n|poke|p2|Cresselia, F|\n|teampreview\n|inactive|Battle timer is ON: inactive players will automatically lose when time's up. (requested by Valeonix2)\n|\n|t:|1697680237\n|start\n|switch|p1a: Hatterene|Hatterene, F|100\/100\n|switch|p1b: Gastrodon|Gastrodon, M|100\/100\n|switch|p2a: Well Actually|Chi-Yu|100\/100\n|switch|p2b: I Get My|Gholdengo|100\/100\n|-ability|p2a: Well Actually|Beads of Ruin\n|turn|1\n|\n|t:|1697680251\n|move|p2a: Well Actually|Dark Pulse|p1b: Gastrodon\n|-damage|p1b: Gastrodon|51\/100\n|-damage|p2a: Well Actually|91\/100|[from] item: Life Orb\n|move|p2b: I Get My|Make It Rain|p1b: Gastrodon|[spread] p1a,p1b\n|-supereffective|p1a: Hatterene\n|-resisted|p1b: Gastrodon\n|-damage|p1a: Hatterene|0 fnt\n|-damage|p1b: Gastrodon|20\/100\n|-unboost|p2b: I Get My|spa|1\n|faint|p1a: Hatterene\n|move|p1b: Gastrodon|Muddy Water|p2b: I Get My|[spread] p2a,p2b\n|-supereffective|p2a: Well Actually\n|-crit|p2b: I Get My\n|-damage|p2a: Well Actually|40\/100\n|-damage|p2b: I Get My|53\/100\n|\n|-heal|p1b: Gastrodon|26\/100|[from] item: Leftovers\n|upkeep\n|inactive|Valeonix2 has 120 seconds left.\n|\n|t:|1697680280\n|switch|p1a: Azelf|Azelf|100\/100\n|turn|2\n|\n|t:|1697680295\n|switch|p2b: NEVER BACK DOWN|Tyranitar, F|100\/100\n|-weather|Sandstorm|[from] ability: Sand Stream|[of] p2b: NEVER BACK DOWN\n|move|p2a: Well Actually|Protect|p2a: Well Actually\n|-singleturn|p2a: Well Actually|Protect\n|move|p1a: Azelf|Flamethrower|p2b: NEVER BACK DOWN\n|-resisted|p2b: NEVER BACK DOWN\n|-damage|p2b: NEVER BACK DOWN|89\/100\n|move|p1b: Gastrodon|Muddy Water|p2a: Well Actually|[spread] p2b\n|-activate|p2a: Well Actually|move: Protect\n|-supereffective|p2b: NEVER BACK DOWN\n|-damage|p2b: NEVER BACK DOWN|59\/100\n|\n|-weather|Sandstorm|[upkeep]\n|-damage|p1a: Azelf|94\/100|[from] Sandstorm\n|-damage|p2a: Well Actually|34\/100|[from] Sandstorm\n|-heal|p1b: Gastrodon|32\/100|[from] item: Leftovers\n|upkeep\n|turn|3\n|\n|t:|1697680311\n|switch|p1a: Grimmsnarl|Grimmsnarl, M|100\/100\n|switch|p2a: PILLOW|Cresselia, F|100\/100\n|move|p2b: NEVER BACK DOWN|Knock Off|p1b: Gastrodon\n|-damage|p1b: Gastrodon|0 fnt\n|-enditem|p1b: Gastrodon|Leftovers|[from] move: Knock Off|[of] p2b: NEVER BACK DOWN\n|faint|p1b: Gastrodon\n|\n|-weather|Sandstorm|[upkeep]\n|-damage|p2a: PILLOW|94\/100|[from] Sandstorm\n|-damage|p1a: Grimmsnarl|94\/100|[from] Sandstorm\n|-heal|p2a: PILLOW|100\/100|[from] item: Leftovers\n|upkeep\n|inactive|Valeonix2 has 120 seconds left.\n|\n|t:|1697680337\n|switch|p1b: Indeedee|Indeedee-F, F|100\/100\n|-fieldstart|move: Psychic Terrain|[from] ability: Psychic Surge|[of] p1b: Indeedee\n|turn|4\n|\n|t:|1697680350\n|switch|p2a: LEAGUE|Sinistcha-Masterpiece|100\/100\n|-heal|p2b: NEVER BACK DOWN|84\/100|[from] ability: Hospitality|[of] p2a: LEAGUE\n|move|p1b: Indeedee|Protect|p1b: Indeedee\n|-singleturn|p1b: Indeedee|Protect\n|move|p2b: NEVER BACK DOWN|Knock Off|p1b: Indeedee\n|-activate|p1b: Indeedee|move: Protect\n|move|p1a: Grimmsnarl|Drain Punch|p2b: NEVER BACK DOWN\n|-supereffective|p2b: NEVER BACK DOWN\n|-damage|p2b: NEVER BACK DOWN|3\/100\n|-heal|p1a: Grimmsnarl|100\/100|[from] drain|[of] p2b: NEVER BACK DOWN\n|-enditem|p2b: NEVER BACK DOWN|Aguav Berry|[eat]\n|-heal|p2b: NEVER BACK DOWN|36\/100|[from] item: Aguav Berry\n|\n|-weather|Sandstorm|[upkeep]\n|-damage|p1b: Indeedee|94\/100|[from] Sandstorm\n|-damage|p2a: LEAGUE|94\/100|[from] Sandstorm\n|-damage|p1a: Grimmsnarl|94\/100|[from] Sandstorm\n|-heal|p1b: Indeedee|100\/100|[from] item: Leftovers\n|upkeep\n|turn|5\n|inactive|Valeonix2 has 120 seconds left.\n|\n|t:|1697680400\n|switch|p1b: Armarouge|Armarouge, M|100\/100\n|switch|p2b: HIM JAMES|Landorus-Therian, M|100\/100\n|-ability|p2b: HIM JAMES|Intimidate|boost\n|-unboost|p1a: Grimmsnarl|atk|1\n|-unboost|p1b: Armarouge|atk|1\n|move|p2a: LEAGUE|Matcha Gotcha|p1b: Armarouge|[spread] p1a,p1b\n|-resisted|p1b: Armarouge\n|-damage|p1a: Grimmsnarl|67\/100\n|-heal|p2a: LEAGUE|100\/100|[from] drain|[of] p1a: Grimmsnarl\n|-damage|p1b: Armarouge|88\/100\n|move|p1a: Grimmsnarl|Drain Punch|p2b: HIM JAMES\n|-resisted|p2b: HIM JAMES\n|-damage|p2b: HIM JAMES|90\/100\n|-heal|p1a: Grimmsnarl|72\/100|[from] drain|[of] p2b: HIM JAMES\n|\n|-weather|Sandstorm|[upkeep]\n|-damage|p1b: Armarouge|82\/100|[from] Sandstorm\n|-damage|p2a: LEAGUE|94\/100|[from] Sandstorm\n|-damage|p1a: Grimmsnarl|65\/100|[from] Sandstorm\n|upkeep\n|turn|6\n|inactive|Valeonix2 has 120 seconds left.\n|\n|t:|1697680425\n|switch|p2a: PILLOW|Cresselia, F|100\/100\n|move|p1a: Grimmsnarl|Reflect|p1a: Grimmsnarl\n|-sidestart|p1: Valeonix2|Reflect\n|move|p2b: HIM JAMES|Earthquake|p1a: Grimmsnarl|[spread] p1a,p1b\n|-immune|p2a: PILLOW|[from] ability: Levitate\n|-supereffective|p1b: Armarouge\n|-damage|p1a: Grimmsnarl|32\/100\n|-damage|p1b: Armarouge|28\/100\n|move|p1b: Armarouge|Expanding Force|p2b: HIM JAMES|[spread] p2a,p2b\n|-resisted|p2a: PILLOW\n|-damage|p2a: PILLOW|80\/100\n|-damage|p2b: HIM JAMES|32\/100\n|\n|-weather|none\n|-heal|p2a: PILLOW|86\/100|[from] item: Leftovers\n|upkeep\n|turn|7\n|inactive|Valeonix2 has 120 seconds left.\n|\n|t:|1697680445\n|switch|p2a: LEAGUE|Sinistcha-Masterpiece|94\/100\n|-heal|p2b: HIM JAMES|57\/100|[from] ability: Hospitality|[of] p2a: LEAGUE\n|move|p1a: Grimmsnarl|Light Screen|p1a: Grimmsnarl\n|-sidestart|p1: Valeonix2|move: Light Screen\n|move|p2b: HIM JAMES|Earthquake|p1a: Grimmsnarl|[spread] p2a,p1a,p1b\n|-resisted|p2a: LEAGUE\n|-supereffective|p1b: Armarouge\n|-damage|p2a: LEAGUE|77\/100\n|-damage|p1a: Grimmsnarl|0 fnt\n|-damage|p1b: Armarouge|0 fnt\n|faint|p1a: Grimmsnarl\n|faint|p1b: Armarouge\n|\n|upkeep\n|inactive|Valeonix2 has 120 seconds left.\n|\n|t:|1697680455\n|switch|p1b: Azelf|Azelf|94\/100\n|switch|p1a: Indeedee|Indeedee-F, F|100\/100\n|turn|8\n|\n|t:|1697680479\n|-terastallize|p1b: Azelf|Psychic\n|move|p1a: Indeedee|Helping Hand|p1b: Azelf\n|-singleturn|p1b: Azelf|Helping Hand|[of] p1a: Indeedee\n|move|p2a: LEAGUE|Protect|p2a: LEAGUE\n|-singleturn|p2a: LEAGUE|Protect\n|move|p1b: Azelf|Expanding Force|p2a: LEAGUE\n|-activate|p2a: LEAGUE|move: Protect\n|move|p2b: HIM JAMES|U-turn|p1b: Azelf\n|-supereffective|p1b: Azelf\n|-damage|p1b: Azelf|43\/100\n|-message|Valeonix2 forfeited.\n|\n|win|Throw Games\n|raw|Valeonix2's rating: 1241 &rarr; <strong>1220<\/strong><br \/>(-21 for losing)\n|raw|Throw Games's rating: 1303 &rarr; <strong>1319<\/strong><br \/>(+16 for winning)\n|l|\u2606Valeonix2\n|c|\u2606Throw Games|levitate\n","uploadtime":1697680531,"views":12,"p1id":"valeonix2","p2id":"throwgames","formatid":"gen9doublesou","rating":1220,"private":0,"password":""}