{"id":"gen9doublesou-1982652149","p1":"VikrThe","p2":"Zaeran00","format":"[Gen 9] Doubles OU","log":"|j|\u2606VikrThe\n|j|\u2606Zaeran00\n|t:|1699032959\n|gametype|doubles\n|player|p1|VikrThe|1|1287\n|player|p2|Zaeran00|n|1373\n|teamsize|p1|6\n|teamsize|p2|6\n|gen|9\n|tier|[Gen 9] Doubles OU\n|rated|\n|rule|Species Clause: Limit one of each Pok\u00e9mon\n|rule|OHKO Clause: OHKO moves are banned\n|rule|Evasion Moves Clause: Evasion moves are banned\n|rule|Gravity Sleep Clause: The combination of sleep-inducing moves with imperfect accuracy and Gravity or Gigantamax Orbeetle are banned\n|rule|Endless Battle Clause: Forcing endless battles is banned\n|rule|HP Percentage Mod: HP is shown in percentages\n|clearpoke\n|poke|p1|Iron Hands|\n|poke|p1|Grimmsnarl, M|\n|poke|p1|Ogerpon-Hearthflame, F|\n|poke|p1|Clefairy, M|\n|poke|p1|Roaring Moon|\n|poke|p1|Kommo-o, F|\n|poke|p2|Ursaluna, M|\n|poke|p2|Tyranitar, F|\n|poke|p2|Indeedee-F, F|\n|poke|p2|Amoonguss, M|\n|poke|p2|Hatterene, F|\n|poke|p2|Conkeldurr, F|\n|teampreview\n|\n|t:|1699032973\n|start\n|switch|p1a: Iron Hands|Iron Hands|100\/100\n|switch|p1b: Grimmsnarl|Grimmsnarl, M|100\/100\n|switch|p2a: Indeedee|Indeedee-F, F|100\/100\n|switch|p2b: Ursaluna|Ursaluna, M|100\/100\n|-fieldstart|move: Psychic Terrain|[from] ability: Psychic Surge|[of] p2a: Indeedee\n|turn|1\n|\n|t:|1699032992\n|move|p2b: Ursaluna|Protect|p2b: Ursaluna\n|-singleturn|p2b: Ursaluna|Protect\n|move|p1b: Grimmsnarl|Reflect|p1b: Grimmsnarl\n|-sidestart|p1: VikrThe|Reflect\n|move|p1a: Iron Hands|Drain Punch|p2b: Ursaluna\n|-activate|p2b: Ursaluna|move: Protect\n|move|p2a: Indeedee|Trick Room|p2a: Indeedee\n|-fieldstart|move: Trick Room|[of] p2a: Indeedee\n|\n|-status|p2b: Ursaluna|brn|[from] item: Flame Orb\n|upkeep\n|turn|2\n|\n|t:|1699033015\n|move|p2a: Indeedee|Follow Me|p2a: Indeedee\n|-singleturn|p2a: Indeedee|move: Follow Me\n|move|p1b: Grimmsnarl|Light Screen|p1b: Grimmsnarl\n|-sidestart|p1: VikrThe|move: Light Screen\n|move|p2b: Ursaluna|Earthquake|p1b: Grimmsnarl|[spread] p2a,p1a,p1b\n|-supereffective|p1a: Iron Hands\n|-enditem|p2a: Indeedee|Focus Sash\n|-damage|p2a: Indeedee|1\/100\n|-damage|p1a: Iron Hands|33\/100\n|-damage|p1b: Grimmsnarl|64\/100\n|move|p1a: Iron Hands|Drain Punch|p2a: Indeedee\n|-damage|p2a: Indeedee|0 fnt\n|-heal|p1a: Iron Hands|33\/100|[from] drain|[of] p2a: Indeedee\n|faint|p2a: Indeedee\n|\n|-damage|p2b: Ursaluna|94\/100 brn|[from] brn\n|upkeep\n|\n|t:|1699033039\n|switch|p2a: Conkeldurr|Conkeldurr, F|100\/100\n|turn|3\n|inactive|Battle timer is ON: inactive players will automatically lose when time's up. (requested by Zaeran00)\n|\n|t:|1699033076\n|switch|p1b: Kommo-o|Kommo-o, F|100\/100\n|move|p1a: Iron Hands|Protect|p1a: Iron Hands\n|-singleturn|p1a: Iron Hands|Protect\n|move|p2b: Ursaluna|Facade|p1b: Kommo-o\n|-damage|p1b: Kommo-o|28\/100\n|move|p2a: Conkeldurr|Drain Punch|p1a: Iron Hands\n|-activate|p1a: Iron Hands|move: Protect\n|\n|-heal|p1b: Kommo-o|35\/100|[from] item: Leftovers\n|-damage|p2b: Ursaluna|88\/100 brn|[from] brn\n|upkeep\n|turn|4\n|\n|t:|1699033106\n|move|p2b: Ursaluna|Facade|p1b: Kommo-o\n|-damage|p1b: Kommo-o|0 fnt\n|faint|p1b: Kommo-o\n|move|p2a: Conkeldurr|Drain Punch|p1a: Iron Hands\n|-damage|p1a: Iron Hands|5\/100\n|move|p1a: Iron Hands|Drain Punch|p2b: Ursaluna\n|-supereffective|p2b: Ursaluna\n|-damage|p2b: Ursaluna|28\/100 brn\n|-heal|p1a: Iron Hands|36\/100|[from] drain|[of] p2b: Ursaluna\n|\n|-damage|p2b: Ursaluna|22\/100 brn|[from] brn\n|upkeep\n|\n|t:|1699033113\n|switch|p1b: Clefairy|Clefairy, M|100\/100\n|turn|5\n|\n|t:|1699033133\n|move|p1a: Iron Hands|Protect|p1a: Iron Hands\n|-singleturn|p1a: Iron Hands|Protect\n|move|p2b: Ursaluna|Earthquake|p1a: Iron Hands|[spread] p2a,p1b\n|-activate|p1a: Iron Hands|move: Protect\n|-damage|p2a: Conkeldurr|45\/100\n|-damage|p1b: Clefairy|57\/100\n|move|p1b: Clefairy|Life Dew|p1b: Clefairy|[spread] p1a,p1b\n|-heal|p1a: Iron Hands|61\/100\n|-heal|p1b: Clefairy|82\/100\n|move|p2a: Conkeldurr|Fire Punch|p1b: Clefairy\n|-damage|p1b: Clefairy|60\/100\n|\n|-damage|p2b: Ursaluna|16\/100 brn|[from] brn\n|-fieldend|move: Trick Room\n|-fieldend|move: Psychic Terrain\n|upkeep\n|turn|6\n|\n|t:|1699033155\n|switch|p2a: Hatterene|Hatterene, F|100\/100\n|move|p2b: Ursaluna|Protect|p2b: Ursaluna\n|-singleturn|p2b: Ursaluna|Protect\n|move|p1a: Iron Hands|Drain Punch|p2b: Ursaluna\n|-activate|p2b: Ursaluna|move: Protect\n|move|p1b: Clefairy|Life Dew|p1b: Clefairy|[spread] p1a,p1b\n|-heal|p1a: Iron Hands|86\/100\n|-heal|p1b: Clefairy|85\/100\n|\n|-damage|p2b: Ursaluna|10\/100 brn|[from] brn\n|upkeep\n|turn|7\n|\n|t:|1699033176\n|switch|p1b: Grimmsnarl|Grimmsnarl, M|64\/100\n|move|p2b: Ursaluna|Protect|p2b: Ursaluna\n|-singleturn|p2b: Ursaluna|Protect\n|move|p1a: Iron Hands|Drain Punch|p2b: Ursaluna\n|-activate|p2b: Ursaluna|move: Protect\n|move|p2a: Hatterene|Trick Room|p2a: Hatterene\n|-fieldstart|move: Trick Room|[of] p2a: Hatterene\n|\n|-damage|p2b: Ursaluna|4\/100 brn|[from] brn\n|upkeep\n|turn|8\n|\n|t:|1699033202\n|move|p1a: Iron Hands|Protect|p1a: Iron Hands\n|-singleturn|p1a: Iron Hands|Protect\n|move|p1b: Grimmsnarl|Swagger|p2a: Hatterene\n|move|p2a: Hatterene|Swagger|p1b: Grimmsnarl|[from]ability: Magic Bounce\n|-boost|p1b: Grimmsnarl|atk|2\n|-start|p1b: Grimmsnarl|confusion\n|move|p2a: Hatterene|Life Dew||[still]|[spread] p2a,p2b\n|-fail|p2a: Hatterene|heal\n|-heal|p2b: Ursaluna|29\/100 brn\n|move|p2b: Ursaluna|Facade|p1b: Grimmsnarl\n|-damage|p1b: Grimmsnarl|0 fnt\n|faint|p1b: Grimmsnarl\n|\n|-damage|p2b: Ursaluna|23\/100 brn|[from] brn\n|-sideend|p1: VikrThe|Reflect\n|upkeep\n|inactive|VikrThe has 120 seconds left.\n|\n|t:|1699033219\n|switch|p1b: Clefairy|Clefairy, M|85\/100\n|turn|9\n|\n|t:|1699033234\n|move|p1b: Clefairy|Follow Me|p1b: Clefairy\n|-singleturn|p1b: Clefairy|move: Follow Me\n|move|p2a: Hatterene|Life Dew||[still]|[spread] p2a,p2b\n|-fail|p2a: Hatterene|heal\n|-heal|p2b: Ursaluna|48\/100 brn\n|move|p2b: Ursaluna|Facade|p1b: Clefairy\n|-damage|p1b: Clefairy|0 fnt\n|faint|p1b: Clefairy\n|move|p1a: Iron Hands|Drain Punch|p2b: Ursaluna\n|-supereffective|p2b: Ursaluna\n|-damage|p2b: Ursaluna|0 fnt\n|-heal|p1a: Iron Hands|100\/100|[from] drain|[of] p2b: Ursaluna\n|faint|p2b: Ursaluna\n|\n|-sideend|p1: VikrThe|move: Light Screen\n|upkeep\n|\n|t:|1699033259\n|switch|p2b: Tyranitar|Tyranitar, F|100\/100\n|switch|p1b: Ogerpon|Ogerpon-Hearthflame, F|100\/100\n|-weather|Sandstorm|[from] ability: Sand Stream|[of] p2b: Tyranitar\n|-ability|p1b: Ogerpon|Mold Breaker\n|turn|10\n|\n|t:|1699033270\n|-terastallize|p2b: Tyranitar|Rock\n|move|p1b: Ogerpon|Spiky Shield|p1b: Ogerpon\n|-singleturn|p1b: Ogerpon|move: Protect\n|move|p2a: Hatterene|Dazzling Gleam|p1a: Iron Hands|[spread] p1a\n|-activate|p1b: Ogerpon|move: Protect\n|-supereffective|p1a: Iron Hands\n|-damage|p1a: Iron Hands|60\/100\n|move|p2b: Tyranitar|Rock Slide|p1a: Iron Hands|[spread] \n|-activate|p1b: Ogerpon|move: Protect\n|-miss|p2b: Tyranitar|p1a: Iron Hands\n|move|p1a: Iron Hands|Drain Punch|p2b: Tyranitar\n|-supereffective|p2b: Tyranitar\n|-damage|p2b: Tyranitar|48\/100\n|-heal|p1a: Iron Hands|84\/100|[from] drain|[of] p2b: Tyranitar\n|-enditem|p2b: Tyranitar|Weakness Policy\n|-boost|p2b: Tyranitar|atk|2|[from] item: Weakness Policy\n|-boost|p2b: Tyranitar|spa|2|[from] item: Weakness Policy\n|-enditem|p1a: Iron Hands|Mirror Herb\n|-boost|p1a: Iron Hands|atk|2|[from] item: Mirror Herb\n|-boost|p1a: Iron Hands|spa|2|[from] item: Mirror Herb\n|\n|-weather|Sandstorm|[upkeep]\n|-damage|p2a: Hatterene|95\/100|[from] Sandstorm\n|-damage|p1a: Iron Hands|78\/100|[from] Sandstorm\n|-damage|p1b: Ogerpon|95\/100|[from] Sandstorm\n|upkeep\n|turn|11\n|inactive|Zaeran00 has 120 seconds left.\n|inactive|VikrThe has 120 seconds left.\n|\n|t:|1699033314\n|move|p1a: Iron Hands|Protect|p1a: Iron Hands\n|-singleturn|p1a: Iron Hands|Protect\n|move|p2a: Hatterene|Dazzling Gleam|p1b: Ogerpon|[spread] p1b\n|-activate|p1a: Iron Hands|move: Protect\n|-resisted|p1b: Ogerpon\n|-damage|p1b: Ogerpon|79\/100\n|move|p2b: Tyranitar|Earthquake|p1a: Iron Hands|[spread] p2a,p1b\n|-activate|p1a: Iron Hands|move: Protect\n|-damage|p2a: Hatterene|46\/100\n|-damage|p1b: Ogerpon|25\/100\n|move|p1b: Ogerpon|Ivy Cudgel|p2a: Hatterene\n|-damage|p2a: Hatterene|0 fnt\n|faint|p2a: Hatterene\n|\n|-weather|Sandstorm|[upkeep]\n|-damage|p1a: Iron Hands|72\/100|[from] Sandstorm\n|-damage|p1b: Ogerpon|19\/100|[from] Sandstorm\n|-fieldend|move: Trick Room\n|upkeep\n|l|\u2606Zaeran00\n|inactive|Zaeran00 disconnected and has a minute to reconnect!\n|player|p2|\n|j|\u2606Zaeran00\n|inactive|Zaeran00 reconnected and has 90 seconds left.\n|player|p2|Zaeran00|n\n|\n|t:|1699033367\n|switch|p2a: Amoonguss|Amoonguss, M|100\/100\n|turn|12\n|\n|t:|1699033391\n|-terastallize|p1b: Ogerpon|Fire\n|detailschange|p1b: Ogerpon|Ogerpon-Hearthflame-Tera, F, tera:Fire\n|-ability|p1b: Ogerpon|Embody Aspect (Hearthflame)|boost\n|-boost|p1b: Ogerpon|atk|1\n|move|p2a: Amoonguss|Rage Powder|p2a: Amoonguss\n|-singleturn|p2a: Amoonguss|move: Rage Powder\n|move|p1b: Ogerpon|Ivy Cudgel|p2a: Amoonguss\n|-supereffective|p2a: Amoonguss\n|-damage|p2a: Amoonguss|0 fnt\n|faint|p2a: Amoonguss\n|move|p1a: Iron Hands|Drain Punch|p2b: Tyranitar\n|-supereffective|p2b: Tyranitar\n|-damage|p2b: Tyranitar|0 fnt\n|-heal|p1a: Iron Hands|93\/100|[from] drain|[of] p2b: Tyranitar\n|faint|p2b: Tyranitar\n|\n|-weather|Sandstorm|[upkeep]\n|-damage|p1b: Ogerpon|13\/100|[from] Sandstorm\n|-damage|p1a: Iron Hands|87\/100|[from] Sandstorm\n|upkeep\n|-message|Zaeran00 forfeited.\n|\n|win|VikrThe\n|raw|VikrThe's rating: 1287 &rarr; <strong>1318<\/strong><br \/>(+31 for winning)\n|raw|Zaeran00's rating: 1373 &rarr; <strong>1348<\/strong><br \/>(-25 for losing)\n","uploadtime":1699033417,"views":22,"p1id":"vikrthe","p2id":"zaeran00","formatid":"gen9doublesou","rating":1318,"private":0,"password":""}