{"id":"gen9doublesou-1976400555","p1":"birdtesting","p2":"YaBoiJamo","format":"[Gen 9] Doubles OU","log":"|j|\u2606birdtesting\n|j|\u2606YaBoiJamo\n|t:|1698296894\n|gametype|doubles\n|player|p1|birdtesting|preschooler|1180\n|player|p2|YaBoiJamo|1|1229\n|teamsize|p1|6\n|teamsize|p2|6\n|gen|9\n|tier|[Gen 9] Doubles OU\n|rated|\n|rule|Species Clause: Limit one of each Pok\u00e9mon\n|rule|OHKO Clause: OHKO moves are banned\n|rule|Evasion Moves Clause: Evasion moves are banned\n|rule|Gravity Sleep Clause: The combination of sleep-inducing moves with imperfect accuracy and Gravity or Gigantamax Orbeetle are banned\n|rule|Endless Battle Clause: Forcing endless battles is banned\n|rule|HP Percentage Mod: HP is shown in percentages\n|clearpoke\n|poke|p1|Crawdaunt, F|\n|poke|p1|Venomoth, F|\n|poke|p1|Gliscor, M|\n|poke|p1|Bellibolt, F|\n|poke|p1|Empoleon, M|\n|poke|p1|Dragapult, F|\n|poke|p2|Walking Wake|\n|poke|p2|Torkoal, F|\n|poke|p2|Overqwil, M|\n|poke|p2|Kingambit, M|\n|poke|p2|Arcanine, F|\n|poke|p2|Cresselia, F|\n|teampreview\n|inactive|Battle timer is ON: inactive players will automatically lose when time's up. (requested by YaBoiJamo)\n|inactive|YaBoiJamo has 120 seconds left.\n|\n|t:|1698296944\n|start\n|switch|p1a: Noot Noot|Empoleon, M|100\/100\n|switch|p1b: A Bulbasaur|Dragapult, F|100\/100\n|switch|p2a: Overqwil|Overqwil, M, shiny|100\/100\n|switch|p2b: Arcanine|Arcanine, F|100\/100\n|-ability|p2b: Arcanine|Intimidate|boost\n|-unboost|p1a: Noot Noot|atk|1\n|-ability|p1a: Noot Noot|Competitive|boost\n|-boost|p1a: Noot Noot|spa|2\n|-unboost|p1b: A Bulbasaur|atk|1\n|-ability|p2a: Overqwil|Intimidate|boost\n|-unboost|p1a: Noot Noot|atk|1\n|-ability|p1a: Noot Noot|Competitive|boost\n|-boost|p1a: Noot Noot|spa|2\n|-unboost|p1b: A Bulbasaur|atk|1\n|turn|1\n|\n|t:|1698296965\n|move|p1b: A Bulbasaur|U-turn|p2a: Overqwil\n|-damage|p2a: Overqwil|94\/100\n|\n|t:|1698296972\n|switch|p1b: Just Joe|Gliscor, M|100\/100|[from] U-turn\n|move|p2b: Arcanine|Play Rough|p1b: Just Joe\n|-damage|p1b: Just Joe|85\/100\n|move|p2a: Overqwil|Toxic Spikes|p1a: Noot Noot\n|-sidestart|p1: birdtesting|move: Toxic Spikes\n|move|p1a: Noot Noot|Icy Wind|p2b: Arcanine|[spread] p2b\n|-miss|p1a: Noot Noot|p2a: Overqwil\n|-resisted|p2b: Arcanine\n|-damage|p2b: Arcanine|77\/100\n|-unboost|p2b: Arcanine|spe|1\n|\n|-heal|p2a: Overqwil|99\/100|[from] item: Leftovers\n|-status|p1b: Just Joe|tox|[from] item: Toxic Orb\n|upkeep\n|turn|2\n|inactive|birdtesting has 120 seconds left.\n|\n|t:|1698297009\n|switch|p2b: Cresselia|Cresselia, F|100\/100\n|move|p2a: Overqwil|Protect|p2a: Overqwil\n|-singleturn|p2a: Overqwil|Protect\n|move|p1b: Just Joe|Knock Off|p2a: Overqwil\n|-activate|p2a: Overqwil|move: Protect\n|move|p1a: Noot Noot|Flash Cannon|p2b: Cresselia\n|-damage|p2b: Cresselia|30\/100\n|\n|-heal|p2a: Overqwil|100\/100|[from] item: Leftovers\n|-heal|p1b: Just Joe|98\/100 tox|[from] ability: Poison Heal\n|upkeep\n|turn|3\n|\n|t:|1698297024\n|move|p1b: Just Joe|Stealth Rock|p2a: Overqwil\n|-sidestart|p2: YaBoiJamo|move: Stealth Rock\n|move|p2b: Cresselia|Moonlight|p2b: Cresselia\n|-heal|p2b: Cresselia|80\/100\n|move|p2a: Overqwil|Barb Barrage|p1b: Just Joe\n|-resisted|p1b: Just Joe\n|-damage|p1b: Just Joe|83\/100 tox\n|move|p1a: Noot Noot|Icy Wind|p2b: Cresselia|[spread] p2a,p2b\n|-damage|p2a: Overqwil|51\/100\n|-damage|p2b: Cresselia|53\/100\n|-unboost|p2a: Overqwil|spe|1\n|-unboost|p2b: Cresselia|spe|1\n|\n|-heal|p2a: Overqwil|57\/100|[from] item: Leftovers\n|-heal|p1b: Just Joe|95\/100 tox|[from] ability: Poison Heal\n|upkeep\n|turn|4\n|\n|t:|1698297043\n|move|p1b: Just Joe|Knock Off|p2a: Overqwil\n|-resisted|p2a: Overqwil\n|-damage|p2a: Overqwil|48\/100\n|-enditem|p2a: Overqwil|Leftovers|[from] move: Knock Off|[of] p1b: Just Joe\n|move|p1a: Noot Noot|Icy Wind|p2b: Cresselia|[spread] p2a,p2b\n|-damage|p2a: Overqwil|0 fnt\n|-damage|p2b: Cresselia|27\/100\n|-unboost|p2b: Cresselia|spe|1\n|faint|p2a: Overqwil\n|move|p2b: Cresselia|Thunderbolt|p1a: Noot Noot\n|-supereffective|p1a: Noot Noot\n|-damage|p1a: Noot Noot|81\/100\n|\n|-heal|p1b: Just Joe|100\/100 tox|[from] ability: Poison Heal\n|upkeep\n|\n|t:|1698297057\n|switch|p2a: Walking Wake|Walking Wake|100\/100\n|-damage|p2a: Walking Wake|88\/100|[from] Stealth Rock\n|turn|5\n|\n|t:|1698297070\n|switch|p2b: Torkoal|Torkoal, F|100\/100\n|-damage|p2b: Torkoal|76\/100|[from] Stealth Rock\n|-weather|SunnyDay|[from] ability: Drought|[of] p2b: Torkoal\n|-activate|p2a: Walking Wake|ability: Protosynthesis\n|-start|p2a: Walking Wake|protosynthesisspe\n|-terastallize|p2a: Walking Wake|Electric\n|move|p2a: Walking Wake|Tera Blast|p1a: Noot Noot|[anim] Tera Blast Electric\n|-supereffective|p1a: Noot Noot\n|-damage|p1a: Noot Noot|13\/100\n|-damage|p2a: Walking Wake|78\/100|[from] item: Life Orb\n|move|p1b: Just Joe|Knock Off|p2b: Torkoal\n|-damage|p2b: Torkoal|59\/100\n|-enditem|p2b: Torkoal|Sitrus Berry|[from] move: Knock Off|[of] p1b: Just Joe\n|move|p1a: Noot Noot|Flash Cannon|p2a: Walking Wake\n|-resisted|p2a: Walking Wake\n|-damage|p2a: Walking Wake|2\/100\n|\n|-weather|SunnyDay|[upkeep]\n|upkeep\n|turn|6\n|\n|t:|1698297099\n|move|p2a: Walking Wake|Protect|p2a: Walking Wake\n|-singleturn|p2a: Walking Wake|Protect\n|move|p2b: Torkoal|Protect|p2b: Torkoal\n|-singleturn|p2b: Torkoal|Protect\n|move|p1b: Just Joe|Knock Off|p2a: Walking Wake\n|-activate|p2a: Walking Wake|move: Protect\n|move|p1a: Noot Noot|Icy Wind|p2a: Walking Wake|[spread] \n|-activate|p2a: Walking Wake|move: Protect\n|-activate|p2b: Torkoal|move: Protect\n|\n|-weather|SunnyDay|[upkeep]\n|upkeep\n|turn|7\n|\n|t:|1698297115\n|move|p2a: Walking Wake|Tera Blast|p1a: Noot Noot|[anim] Tera Blast Electric\n|-supereffective|p1a: Noot Noot\n|-damage|p1a: Noot Noot|0 fnt\n|faint|p1a: Noot Noot\n|-damage|p2a: Walking Wake|0 fnt|[from] item: Life Orb\n|faint|p2a: Walking Wake\n|-end|p2a: Walking Wake|Protosynthesis|[silent]\n|move|p1b: Just Joe|Knock Off|p2b: Torkoal\n|-damage|p2b: Torkoal|49\/100\n|move|p2b: Torkoal|Eruption|p1b: Just Joe\n|-damage|p1b: Just Joe|57\/100 tox\n|\n|-weather|SunnyDay|[upkeep]\n|-heal|p1b: Just Joe|70\/100 tox|[from] ability: Poison Heal\n|upkeep\n|\n|t:|1698297128\n|switch|p2a: Cresselia|Cresselia, F|27\/100\n|switch|p1a: I'm Blue dabade-|Venomoth, F, shiny|100\/100\n|-sideend|p1: birdtesting|move: Toxic Spikes|[of] p1a: I'm Blue dabade-\n|-damage|p2a: Cresselia|14\/100|[from] Stealth Rock\n|turn|8\n|\n|t:|1698297141\n|switch|p1a: Felix|Bellibolt, F, shiny|100\/100\n|move|p2a: Cresselia|Helping Hand|p2b: Torkoal\n|-singleturn|p2b: Torkoal|Helping Hand|[of] p2a: Cresselia\n|move|p1b: Just Joe|Knock Off|p2a: Cresselia\n|-supereffective|p2a: Cresselia\n|-damage|p2a: Cresselia|0 fnt\n|-damage|p1b: Just Joe|53\/100 tox|[from] item: Rocky Helmet|[of] p2a: Cresselia\n|-enditem|p2a: Cresselia|Rocky Helmet|[from] move: Knock Off|[of] p1b: Just Joe\n|faint|p2a: Cresselia\n|move|p2b: Torkoal|Heat Wave|p1a: Felix|[spread] p1a,p1b\n|-damage|p1a: Felix|49\/100\n|-damage|p1b: Just Joe|0 fnt\n|-start|p1a: Felix|Charge|Heat Wave|[from] ability: Electromorphosis\n|faint|p1b: Just Joe\n|\n|-weather|SunnyDay|[upkeep]\n|-heal|p1a: Felix|55\/100|[from] item: Leftovers\n|upkeep\n|\n|t:|1698297161\n|switch|p1b: Larry|Crawdaunt, F|100\/100\n|switch|p2a: Arcanine|Arcanine, F|77\/100\n|-damage|p2a: Arcanine|52\/100|[from] Stealth Rock\n|-ability|p2a: Arcanine|Intimidate|boost\n|-unboost|p1a: Felix|atk|1\n|-unboost|p1b: Larry|atk|1\n|turn|9\n|\n|t:|1698297175\n|move|p1b: Larry|Aqua Jet|p2a: Arcanine\n|-supereffective|p2a: Arcanine\n|-damage|p2a: Arcanine|28\/100\n|-damage|p1b: Larry|91\/100|[from] item: Life Orb\n|move|p2a: Arcanine|Play Rough|p1b: Larry\n|-supereffective|p1b: Larry\n|-damage|p1b: Larry|14\/100\n|move|p1a: Felix|Muddy Water|p2b: Torkoal|[spread] p2a,p2b\n|-supereffective|p2a: Arcanine\n|-supereffective|p2b: Torkoal\n|-damage|p2a: Arcanine|10\/100\n|-damage|p2b: Torkoal|30\/100\n|-enditem|p2a: Arcanine|Aguav Berry|[eat]\n|-heal|p2a: Arcanine|43\/100|[from] item: Aguav Berry\n|move|p2b: Torkoal|Body Press|p1a: Felix\n|-damage|p1a: Felix|37\/100\n|-start|p1a: Felix|Charge|Body Press|[from] ability: Electromorphosis\n|\n|-weather|none\n|-heal|p1a: Felix|43\/100|[from] item: Leftovers\n|upkeep\n|turn|10\n|\n|t:|1698297197\n|move|p2a: Arcanine|Extreme Speed|p1b: Larry\n|-damage|p1b: Larry|0 fnt\n|faint|p1b: Larry\n|move|p1a: Felix|Muddy Water|p2a: Arcanine|[spread] p2a,p2b\n|-supereffective|p2a: Arcanine\n|-supereffective|p2b: Torkoal\n|-damage|p2a: Arcanine|7\/100\n|-damage|p2b: Torkoal|0 fnt\n|-unboost|p2a: Arcanine|accuracy|1\n|faint|p2b: Torkoal\n|\n|-heal|p1a: Felix|49\/100|[from] item: Leftovers\n|upkeep\n|\n|t:|1698297205\n|switch|p1b: I'm Blue dabade-|Venomoth, F, shiny|100\/100\n|switch|p2b: Kingambit|Kingambit, M|100\/100\n|-damage|p2b: Kingambit|94\/100|[from] Stealth Rock\n|-activate|p2b: Kingambit|ability: Supreme Overlord\n|-start|p2b: Kingambit|fallen4|[silent]\n|turn|11\n|\n|t:|1698297228\n|move|p2b: Kingambit|Sucker Punch|p1b: I'm Blue dabade-\n|-damage|p1b: I'm Blue dabade-|0 fnt\n|faint|p1b: I'm Blue dabade-\n|move|p2a: Arcanine|Raging Fury|p1a: Felix|[miss]\n|-miss|p2a: Arcanine|p1a: Felix\n|move|p1a: Felix|Reflect|p1a: Felix\n|-sidestart|p1: birdtesting|Reflect\n|\n|-heal|p1a: Felix|55\/100|[from] item: Leftovers\n|upkeep\n|\n|t:|1698297232\n|switch|p1b: A Bulbasaur|Dragapult, F|100\/100\n|turn|12\n|\n|t:|1698297251\n|move|p2b: Kingambit|Sucker Punch|p1b: A Bulbasaur\n|-supereffective|p1b: A Bulbasaur\n|-damage|p1b: A Bulbasaur|0 fnt\n|faint|p1b: A Bulbasaur\n|move|p2a: Arcanine|Raging Fury|p1a: Felix\n|-damage|p1a: Felix|32\/100\n|-start|p1a: Felix|Charge|Raging Fury|[from] ability: Electromorphosis\n|move|p1a: Felix|Muddy Water|p2a: Arcanine|[spread] p2a,p2b\n|-supereffective|p2a: Arcanine\n|-damage|p2a: Arcanine|0 fnt\n|-damage|p2b: Kingambit|78\/100\n|-unboost|p2b: Kingambit|accuracy|1\n|faint|p2a: Arcanine\n|\n|-heal|p1a: Felix|39\/100|[from] item: Leftovers\n|upkeep\n|turn|13\n|c|\u2606YaBoiJamo|gg\n|\n|t:|1698297270\n|-terastallize|p1a: Felix|Steel\n|move|p2b: Kingambit|Sucker Punch|p1a: Felix\n|-damage|p1a: Felix|2\/100\n|-start|p1a: Felix|Charge|Sucker Punch|[from] ability: Electromorphosis\n|move|p1a: Felix|Parabolic Charge|p2b: Kingambit\n|-damage|p2b: Kingambit|30\/100\n|-heal|p1a: Felix|25\/100|[from] drain|[of] p2b: Kingambit\n|-end|p1a: Felix|Charge|[silent]\n|\n|-heal|p1a: Felix|31\/100|[from] item: Leftovers\n|upkeep\n|turn|14\n|\n|t:|1698297281\n|move|p2b: Kingambit|Sucker Punch||[still]\n|-fail|p2b: Kingambit\n|move|p1a: Felix|Slack Off|p1a: Felix\n|-heal|p1a: Felix|81\/100\n|\n|-heal|p1a: Felix|87\/100|[from] item: Leftovers\n|upkeep\n|turn|15\n|\n|t:|1698297291\n|move|p2b: Kingambit|Sucker Punch|p1a: Felix\n|-damage|p1a: Felix|49\/100\n|-start|p1a: Felix|Charge|Sucker Punch|[from] ability: Electromorphosis\n|move|p1a: Felix|Parabolic Charge|p2b: Kingambit\n|-damage|p2b: Kingambit|0 fnt\n|-heal|p1a: Felix|63\/100|[from] drain|[of] p2b: Kingambit\n|faint|p2b: Kingambit\n|-end|p2b: Kingambit|fallen4|[silent]\n|-end|p1a: Felix|Charge|[silent]\n|\n|win|birdtesting\n|raw|birdtesting's rating: 1180 &rarr; <strong>1209<\/strong><br \/>(+29 for winning)\n|raw|YaBoiJamo's rating: 1229 &rarr; <strong>1200<\/strong><br \/>(-29 for losing)\n|c|\u2606birdtesting|gg\n","uploadtime":1698297320,"views":28,"p1id":"birdtesting","p2id":"yaboijamo","formatid":"gen9doublesou","rating":1200,"private":0,"password":""}