{"id":"gen9doublesou-1969563264","p1":"cotesmcgotes","p2":"viinesmoke","format":"[Gen 9] Doubles OU","log":"|j|\u2606cotesmcgotes\n|j|\u2606viinesmoke\n|t:|1697547516\n|gametype|doubles\n|player|p1|cotesmcgotes|flannery|1360\n|player|p2|viinesmoke|volkner|1578\n|teamsize|p1|6\n|teamsize|p2|6\n|gen|9\n|tier|[Gen 9] Doubles OU\n|rated|\n|rule|Species Clause: Limit one of each Pok\u00e9mon\n|rule|OHKO Clause: OHKO moves are banned\n|rule|Evasion Moves Clause: Evasion moves are banned\n|rule|Gravity Sleep Clause: The combination of sleep-inducing moves with imperfect accuracy and Gravity or Gigantamax Orbeetle are banned\n|rule|Endless Battle Clause: Forcing endless battles is banned\n|rule|HP Percentage Mod: HP is shown in percentages\n|clearpoke\n|poke|p1|Manaphy|\n|poke|p1|Espathra, M|\n|poke|p1|Goodra-Hisui, F|\n|poke|p1|Ursaluna-Bloodmoon, M|\n|poke|p1|Ogerpon-Hearthflame, F|\n|poke|p1|Chien-Pao|\n|poke|p2|Garchomp, F|\n|poke|p2|Tornadus, M|\n|poke|p2|Kingambit, M|\n|poke|p2|Chien-Pao|\n|poke|p2|Scizor, F|\n|poke|p2|Flutter Mane|\n|teampreview\n|inactive|Battle timer is ON: inactive players will automatically lose when time's up. (requested by cotesmcgotes)\n|\n|t:|1697547543\n|start\n|switch|p1a: Chien-Pao|Chien-Pao|100\/100\n|switch|p1b: Ogerpon|Ogerpon-Hearthflame, F|100\/100\n|switch|p2a: King|Kingambit, M|100\/100\n|switch|p2b: Chimuuelo|Chien-Pao|100\/100\n|-ability|p1a: Chien-Pao|Sword of Ruin\n|-ability|p2b: Chimuuelo|Sword of Ruin\n|-ability|p1b: Ogerpon|Mold Breaker\n|turn|1\n|\n|t:|1697547559\n|move|p1a: Chien-Pao|Sacred Sword|p2a: King\n|-supereffective|p2a: King\n|-damage|p2a: King|0 fnt\n|faint|p2a: King\n|move|p2b: Chimuuelo|Sacred Sword|p1a: Chien-Pao\n|-supereffective|p1a: Chien-Pao\n|-damage|p1a: Chien-Pao|0 fnt\n|faint|p1a: Chien-Pao\n|move|p1b: Ogerpon|Ivy Cudgel|p2b: Chimuuelo\n|-supereffective|p2b: Chimuuelo\n|-damage|p2b: Chimuuelo|0 fnt\n|faint|p2b: Chimuuelo\n|\n|upkeep\n|\n|t:|1697547586\n|switch|p1a: Ursaluna|Ursaluna-Bloodmoon, M|100\/100\n|switch|p2b: Peligro|Flutter Mane|100\/100\n|switch|p2a: budi|Tornadus, M, shiny|100\/100\n|-enditem|p2b: Peligro|Booster Energy\n|-activate|p2b: Peligro|ability: Protosynthesis|[fromitem]\n|-start|p2b: Peligro|protosynthesisspa\n|turn|2\n|\n|t:|1697547596\n|move|p1b: Ogerpon|Spiky Shield|p1b: Ogerpon\n|-singleturn|p1b: Ogerpon|move: Protect\n|move|p2b: Peligro|Power Gem|p1b: Ogerpon\n|-activate|p1b: Ogerpon|move: Protect\n|move|p2a: budi|Bleakwind Storm|p1a: Ursaluna|[spread] \n|-activate|p1b: Ogerpon|move: Protect\n|-miss|p2a: budi|p1a: Ursaluna\n|move|p1a: Ursaluna|Blood Moon|p2b: Peligro\n|-damage|p2b: Peligro|8\/100\n|\n|upkeep\n|turn|3\n|\n|t:|1697547612\n|switch|p1b: Goodra|Goodra-Hisui, F|100\/100\n|move|p2a: budi|Tailwind|p2a: budi\n|-sidestart|p2: viinesmoke|move: Tailwind\n|move|p1a: Ursaluna|Vacuum Wave|p2b: Peligro\n|-resisted|p2b: Peligro\n|-damage|p2b: Peligro|0 fnt\n|faint|p2b: Peligro\n|-end|p2b: Peligro|Protosynthesis|[silent]\n|\n|upkeep\n|\n|t:|1697547622\n|switch|p2b: tiburoncin|Garchomp, F, shiny|100\/100\n|turn|4\n|\n|t:|1697547635\n|-terastallize|p2b: tiburoncin|Fairy\n|move|p2a: budi|Taunt|p1b: Goodra\n|-start|p1b: Goodra|move: Taunt\n|move|p2b: tiburoncin|Swords Dance|p2b: tiburoncin\n|-boost|p2b: tiburoncin|atk|2\n|cant|p1b: Goodra|move: Taunt|Acid Armor\n|move|p1a: Ursaluna|Moonblast|p2b: tiburoncin\n|-damage|p2b: tiburoncin|57\/100\n|-unboost|p2b: tiburoncin|spa|1\n|\n|upkeep\n|turn|5\n|\n|t:|1697547649\n|move|p2b: tiburoncin|Earthquake|p1a: Ursaluna|[spread] p1a,p1b\n|-immune|p2a: budi\n|-supereffective|p1b: Goodra\n|-damage|p1a: Ursaluna|45\/100\n|-damage|p1b: Goodra|0 fnt\n|faint|p1b: Goodra\n|move|p2a: budi|Bleakwind Storm|p1a: Ursaluna\n|-damage|p1a: Ursaluna|3\/100\n|move|p1a: Ursaluna|Blood Moon|p2b: tiburoncin\n|-damage|p2b: tiburoncin|0 fnt\n|faint|p2b: tiburoncin\n|\n|upkeep\n|\n|t:|1697547664\n|switch|p2b: DonCangrejo|Scizor, F|100\/100\n|switch|p1b: Espathra|Espathra, M|100\/100\n|turn|6\n|\n|t:|1697547671\n|move|p1b: Espathra|Protect|p1b: Espathra\n|-singleturn|p1b: Espathra|Protect\n|move|p2a: budi|Bleakwind Storm|p1b: Espathra|[spread] p1a\n|-activate|p1b: Espathra|move: Protect\n|-damage|p1a: Ursaluna|0 fnt\n|faint|p1a: Ursaluna\n|move|p2b: DonCangrejo|Bug Bite|p1b: Espathra\n|-activate|p1b: Espathra|move: Protect\n|\n|-sideend|p2: viinesmoke|move: Tailwind\n|-ability|p1b: Espathra|Speed Boost|boost\n|-boost|p1b: Espathra|spe|1\n|upkeep\n|\n|t:|1697547680\n|switch|p1a: Manaphy|Manaphy|100\/100\n|turn|7\n|\n|t:|1697547686\n|move|p2a: budi|Tailwind|p2a: budi\n|-sidestart|p2: viinesmoke|move: Tailwind\n|move|p1b: Espathra|Skill Swap|p1a: Manaphy\n|-activate|p1b: Espathra|move: Skill Swap|||[of] p1a: Manaphy\n|move|p2b: DonCangrejo|Bug Bite|p1b: Espathra\n|-supereffective|p1b: Espathra\n|-damage|p1b: Espathra|0 fnt\n|faint|p1b: Espathra\n|-damage|p2b: DonCangrejo|91\/100|[from] item: Life Orb\n|move|p1a: Manaphy|Tail Glow|p1a: Manaphy\n|-boost|p1a: Manaphy|spa|3\n|\n|-ability|p1a: Manaphy|Speed Boost|boost\n|-boost|p1a: Manaphy|spe|1\n|upkeep\n|\n|t:|1697547696\n|switch|p1b: Ogerpon|Ogerpon-Hearthflame, F|100\/100\n|-ability|p1b: Ogerpon|Mold Breaker\n|turn|8\n|\n|t:|1697547705\n|move|p1b: Ogerpon|Spiky Shield|p1b: Ogerpon\n|-singleturn|p1b: Ogerpon|move: Protect\n|move|p2a: budi|Bleakwind Storm|p1a: Manaphy|[spread] p1a\n|-activate|p1b: Ogerpon|move: Protect\n|-damage|p1a: Manaphy|58\/100\n|move|p1a: Manaphy|Scald|p2b: DonCangrejo\n|-damage|p2b: DonCangrejo|0 fnt\n|faint|p2b: DonCangrejo\n|\n|-ability|p1a: Manaphy|Speed Boost|boost\n|-boost|p1a: Manaphy|spe|1\n|upkeep\n|turn|9\n|\n|t:|1697547718\n|-terastallize|p1b: Ogerpon|Fire\n|detailschange|p1b: Ogerpon|Ogerpon-Hearthflame-Tera, F, tera:Fire\n|-ability|p1b: Ogerpon|Embody Aspect (Hearthflame)|boost\n|-boost|p1b: Ogerpon|atk|1\n|move|p1a: Manaphy|Stored Power|p2a: budi\n|-enditem|p2a: budi|Focus Sash\n|-damage|p2a: budi|1\/100\n|move|p2a: budi|Bleakwind Storm|p1a: Manaphy|[spread] p1a,p1b\n|-damage|p1a: Manaphy|19\/100\n|-damage|p1b: Ogerpon|50\/100\n|-unboost|p1b: Ogerpon|spe|1\n|-enditem|p1a: Manaphy|Sitrus Berry|[eat]\n|-heal|p1a: Manaphy|44\/100|[from] item: Sitrus Berry\n|move|p1b: Ogerpon|Ivy Cudgel|p2a: budi\n|-damage|p2a: budi|0 fnt\n|faint|p2a: budi\n|\n|win|cotesmcgotes\n|raw|cotesmcgotes's rating: 1360 &rarr; <strong>1391<\/strong><br \/>(+31 for winning)\n|raw|viinesmoke's rating: 1578 &rarr; <strong>1547<\/strong><br \/>(-31 for losing)\n","uploadtime":1697547727,"views":13,"p1id":"cotesmcgotes","p2id":"viinesmoke","formatid":"gen9doublesou","rating":1391,"private":0,"password":""}