{"id":"gen9doublesou-1995265713","p1":"RLisanidiot","p2":"Klewey","format":"[Gen 9] Doubles OU","log":"|j|\u2606RLisanidiot\n|j|\u2606Klewey\n|t:|1700543648\n|gametype|doubles\n|player|p1|RLisanidiot|unknownf|1296\n|player|p2|Klewey|169|1496\n|teamsize|p1|6\n|teamsize|p2|6\n|gen|9\n|tier|[Gen 9] Doubles OU\n|rated|\n|rule|Species Clause: Limit one of each Pok\u00e9mon\n|rule|OHKO Clause: OHKO moves are banned\n|rule|Evasion Moves Clause: Evasion moves are banned\n|rule|Gravity Sleep Clause: The combination of sleep-inducing moves with imperfect accuracy and Gravity or Gigantamax Orbeetle are banned\n|rule|Endless Battle Clause: Forcing endless battles is banned\n|rule|HP Percentage Mod: HP is shown in percentages\n|clearpoke\n|poke|p1|Ninetales-Alola, F|\n|poke|p1|Chien-Pao|\n|poke|p1|Flutter Mane|\n|poke|p1|Tornadus, M|\n|poke|p1|Pachirisu, M|\n|poke|p1|Landorus-Therian, M|\n|poke|p2|Empoleon, M|\n|poke|p2|Scizor, M|\n|poke|p2|Ceruledge, M|\n|poke|p2|Infernape, M|\n|poke|p2|Greninja-*, M|\n|poke|p2|Azumarill, M|\n|teampreview\n|inactive|Battle timer is ON: inactive players will automatically lose when time's up. (requested by RLisanidiot)\n|\n|t:|1700543658\n|start\n|switch|p1a: Tornadus|Tornadus, M|100\/100\n|switch|p1b: Landorus|Landorus-Therian, M, shiny|100\/100\n|switch|p2a: Empoleon|Empoleon, M|100\/100\n|switch|p2b: Greninja|Greninja, M|100\/100\n|-ability|p1b: Landorus|Intimidate|boost\n|-unboost|p2a: Empoleon|atk|1\n|-ability|p2a: Empoleon|Competitive|boost\n|-boost|p2a: Empoleon|spa|2\n|-unboost|p2b: Greninja|atk|1\n|turn|1\n|\n|t:|1700543682\n|move|p1a: Tornadus|Tailwind|p1a: Tornadus\n|-sidestart|p1: RLisanidiot|move: Tailwind\n|move|p1b: Landorus|U-turn|p2b: Greninja\n|-supereffective|p2b: Greninja\n|-damage|p2b: Greninja|27\/100\n|-enditem|p2b: Greninja|Sitrus Berry|[eat]\n|-heal|p2b: Greninja|52\/100|[from] item: Sitrus Berry\n|\n|t:|1700543690\n|switch|p1b: Ninetales|Ninetales-Alola, F, shiny|100\/100|[from] U-turn\n|-weather|Snow|[from] ability: Snow Warning|[of] p1b: Ninetales\n|move|p2b: Greninja|Ice Beam|p1a: Tornadus\n|-supereffective|p1a: Tornadus\n|-damage|p1a: Tornadus|53\/100\n|move|p2a: Empoleon|Icy Wind|p1b: Ninetales|[spread] p1a,p1b\n|-supereffective|p1a: Tornadus\n|-resisted|p1b: Ninetales\n|-damage|p1a: Tornadus|0 fnt\n|-damage|p1b: Ninetales|86\/100\n|-unboost|p1b: Ninetales|spe|1\n|faint|p1a: Tornadus\n|\n|-weather|Snow|[upkeep]\n|upkeep\n|\n|t:|1700543702\n|switch|p1a: Landorus|Landorus-Therian, M, shiny|100\/100\n|-ability|p1a: Landorus|Intimidate|boost\n|-unboost|p2a: Empoleon|atk|1\n|-ability|p2a: Empoleon|Competitive|boost\n|-boost|p2a: Empoleon|spa|2\n|-unboost|p2b: Greninja|atk|1\n|turn|2\n|\n|t:|1700543707\n|move|p1b: Ninetales|Helping Hand|p1a: Landorus\n|-singleturn|p1a: Landorus|Helping Hand|[of] p1b: Ninetales\n|move|p1a: Landorus|Sandsear Storm|p2b: Greninja|[spread] p2a,p2b\n|-supereffective|p2a: Empoleon\n|-damage|p2a: Empoleon|44\/100\n|-damage|p2b: Greninja|0 fnt\n|-status|p2a: Empoleon|brn\n|faint|p2b: Greninja\n|move|p2a: Empoleon|Flash Cannon|p1b: Ninetales\n|-supereffective|p1b: Ninetales\n|-damage|p1b: Ninetales|0 fnt\n|faint|p1b: Ninetales\n|\n|-weather|Snow|[upkeep]\n|-damage|p2a: Empoleon|38\/100 brn|[from] brn\n|upkeep\n|\n|t:|1700543720\n|switch|p2b: Azumarill|Azumarill, M|100\/100\n|switch|p1b: Chien-Pao|Chien-Pao|100\/100\n|-ability|p1b: Chien-Pao|Sword of Ruin\n|turn|3\n|\n|t:|1700543728\n|-terastallize|p1b: Chien-Pao|Electric\n|move|p2a: Empoleon|Vacuum Wave|p1b: Chien-Pao\n|-damage|p1b: Chien-Pao|67\/100\n|move|p1b: Chien-Pao|Tera Blast|p2b: Azumarill|[anim] Tera Blast Electric\n|-supereffective|p2b: Azumarill\n|-damage|p2b: Azumarill|0 fnt\n|faint|p2b: Azumarill\n|move|p1a: Landorus|Sandsear Storm|p2a: Empoleon\n|-supereffective|p2a: Empoleon\n|-damage|p2a: Empoleon|0 fnt\n|faint|p2a: Empoleon\n|\n|-weather|Snow|[upkeep]\n|upkeep\n|\n|t:|1700543738\n|switch|p2a: Infernape|Infernape, M|100\/100\n|switch|p2b: Scizor|Scizor, M|100\/100\n|turn|4\n|\n|t:|1700543747\n|move|p2a: Infernape|Mach Punch|p1b: Chien-Pao\n|-damage|p1b: Chien-Pao|38\/100\n|move|p2b: Scizor|Bullet Punch|p1a: Landorus\n|-damage|p1a: Landorus|28\/100\n|move|p1b: Chien-Pao|Tera Blast|p2b: Scizor|[anim] Tera Blast Electric\n|-damage|p2b: Scizor|48\/100\n|move|p1a: Landorus|Sandsear Storm|p2b: Scizor|[spread] p2a,p2b\n|-supereffective|p2a: Infernape\n|-damage|p2a: Infernape|0 fnt\n|-damage|p2b: Scizor|7\/100\n|faint|p2a: Infernape\n|\n|-weather|Snow|[upkeep]\n|-sideend|p1: RLisanidiot|move: Tailwind\n|upkeep\n|\n|t:|1700543758\n|switch|p2a: Ceruledge|Ceruledge, M|100\/100\n|turn|5\n|\n|t:|1700543767\n|-terastallize|p2a: Ceruledge|Grass\n|move|p1b: Chien-Pao|Sucker Punch|p2b: Scizor\n|-damage|p2b: Scizor|0 fnt\n|faint|p2b: Scizor\n|move|p1a: Landorus|Sandsear Storm|p2a: Ceruledge|[miss]\n|-miss|p1a: Landorus|p2a: Ceruledge\n|move|p2a: Ceruledge|Bitter Blade|p1b: Chien-Pao\n|-damage|p1b: Chien-Pao|0 fnt\n|faint|p1b: Chien-Pao\n|-damage|p2a: Ceruledge|91\/100|[from] item: Life Orb\n|\n|-weather|none\n|upkeep\n|\n|t:|1700543775\n|switch|p1b: Pachirisu|Pachirisu, M|100\/100\n|turn|6\n|\n|t:|1700543779\n|move|p1a: Landorus|Sandsear Storm|p2a: Ceruledge|[miss]\n|-miss|p1a: Landorus|p2a: Ceruledge\n|move|p2a: Ceruledge|Bitter Blade|p1a: Landorus\n|-damage|p1a: Landorus|0 fnt\n|-heal|p2a: Ceruledge|100\/100|[from] drain|[of] p1a: Landorus\n|faint|p1a: Landorus\n|-damage|p2a: Ceruledge|91\/100|[from] item: Life Orb\n|move|p1b: Pachirisu|Nuzzle|p2a: Ceruledge\n|-resisted|p2a: Ceruledge\n|-damage|p2a: Ceruledge|87\/100\n|-status|p2a: Ceruledge|par\n|\n|upkeep\n|\n|t:|1700543785\n|switch|p1a: Flutter Mane|Flutter Mane|100\/100\n|turn|7\n|\n|t:|1700543789\n|move|p1b: Pachirisu|Follow Me|p1b: Pachirisu\n|-singleturn|p1b: Pachirisu|move: Follow Me\n|move|p2a: Ceruledge|Shadow Sneak|p1b: Pachirisu\n|-damage|p1b: Pachirisu|70\/100\n|-damage|p2a: Ceruledge|77\/100 par|[from] item: Life Orb\n|move|p1a: Flutter Mane|Hex|p2a: Ceruledge\n|-crit|p2a: Ceruledge\n|-damage|p2a: Ceruledge|0 fnt\n|faint|p2a: Ceruledge\n|\n|win|RLisanidiot\n|raw|RLisanidiot's rating: 1296 &rarr; <strong>1334<\/strong><br \/>(+38 for winning)\n|raw|Klewey's rating: 1496 &rarr; <strong>1466<\/strong><br \/>(-30 for losing)\n|l|\u2606Klewey\n","uploadtime":1700543828,"views":6,"p1id":"rlisanidiot","p2id":"klewey","formatid":"gen9doublesou","rating":1334,"private":0,"password":""}