{"id":"gen9doublesou-1992515962","p1":"ijut6","p2":"LuBiStar20","format":"[Gen 9] Doubles OU","log":"|j|\u2606ijut6\n|j|\u2606LuBiStar20\n|inactive|Battle timer is ON: inactive players will automatically lose when time's up.\n|t:|1700198012\n|gametype|doubles\n|player|p1|ijut6|colress|\n|player|p2|LuBiStar20|iris-gen5bw2|\n|teamsize|p1|6\n|teamsize|p2|6\n|gen|9\n|tier|[Gen 9] Doubles OU\n|rated|Tournament battle\n|rule|Species Clause: Limit one of each Pok\u00e9mon\n|rule|OHKO Clause: OHKO moves are banned\n|rule|Evasion Moves Clause: Evasion moves are banned\n|rule|Gravity Sleep Clause: The combination of sleep-inducing moves with imperfect accuracy and Gravity or Gigantamax Orbeetle are banned\n|rule|Endless Battle Clause: Forcing endless battles is banned\n|rule|HP Percentage Mod: HP is shown in percentages\n|clearpoke\n|poke|p1|Oranguru, M|\n|poke|p1|Florges, F|\n|poke|p1|Iron Hands|\n|poke|p1|Flutter Mane|\n|poke|p1|Staraptor, M|\n|poke|p1|Veluza, F|\n|poke|p2|Fezandipiti, M|\n|poke|p2|Tornadus, M|\n|poke|p2|Gholdengo|\n|poke|p2|Ogerpon-Wellspring, F|\n|poke|p2|Landorus-Therian, M|\n|poke|p2|Chi-Yu|\n|teampreview\n|inactive|ijut6 also wants the timer to be on.\n|inactive|LuBiStar20 also wants the timer to be on.\n|\n|t:|1700198040\n|start\n|switch|p1a: Staraptor|Staraptor, M, shiny|100\/100\n|switch|p1b: Veluza|Veluza, F|100\/100\n|switch|p2a: Landorus|Landorus-Therian, M|100\/100\n|switch|p2b: Chi-Yu|Chi-Yu|100\/100\n|-ability|p1b: Veluza|Mold Breaker\n|-ability|p2b: Chi-Yu|Beads of Ruin\n|-ability|p2a: Landorus|Intimidate|boost\n|-unboost|p1a: Staraptor|atk|1\n|-unboost|p1b: Veluza|atk|1\n|turn|1\n|\n|t:|1700198051\n|switch|p2b: Tornadus|Tornadus, M|100\/100\n|switch|p2a: Gholdengo|Gholdengo|100\/100\n|move|p1a: Staraptor|Final Gambit|p2b: Tornadus\n|-enditem|p2b: Tornadus|Focus Sash\n|-damage|p2b: Tornadus|1\/100\n|faint|p1a: Staraptor\n|move|p1b: Veluza|Final Gambit|p2a: Gholdengo\n|-immune|p2a: Gholdengo\n|\n|upkeep\n|\n|t:|1700198057\n|switch|p1a: Oranguru|Oranguru, M|100\/100\n|turn|2\n|j| Test Bots\n|\n|t:|1700198068\n|move|p2b: Tornadus|Protect|p2b: Tornadus\n|-singleturn|p2b: Tornadus|Protect\n|move|p1b: Veluza|Final Gambit|p2b: Tornadus\n|-activate|p2b: Tornadus|move: Protect\n|move|p2a: Gholdengo|Nasty Plot|p2a: Gholdengo\n|-boost|p2a: Gholdengo|spa|2\n|move|p1a: Oranguru|Trick Room|p1a: Oranguru\n|-fieldstart|move: Trick Room|[of] p1a: Oranguru\n|\n|upkeep\n|turn|3\n|\n|t:|1700198095\n|switch|p1a: Iron Hands|Iron Hands|100\/100\n|-enditem|p1a: Iron Hands|Booster Energy\n|-activate|p1a: Iron Hands|ability: Quark Drive|[fromitem]\n|-start|p1a: Iron Hands|quarkdriveatk\n|move|p2a: Gholdengo|Make It Rain|p1b: Veluza|[spread] p1a,p1b\n|-resisted|p1a: Iron Hands\n|-resisted|p1b: Veluza\n|-damage|p1a: Iron Hands|56\/100\n|-damage|p1b: Veluza|43\/100\n|-unboost|p2a: Gholdengo|spa|1\n|move|p2b: Tornadus|Bleakwind Storm|p1a: Iron Hands|[spread] p1b\n|-miss|p2b: Tornadus|p1a: Iron Hands\n|-damage|p1b: Veluza|0 fnt\n|faint|p1b: Veluza\n|\n|upkeep\n|\n|t:|1700198098\n|switch|p1b: Oranguru|Oranguru, M|100\/100\n|turn|4\n|\n|t:|1700198117\n|move|p2a: Gholdengo|Protect|p2a: Gholdengo\n|-singleturn|p2a: Gholdengo|Protect\n|move|p1a: Iron Hands|Thunder Punch|p2a: Gholdengo\n|-activate|p2a: Gholdengo|move: Protect\n|move|p1b: Oranguru|Instruct|p1a: Iron Hands\n|-singleturn|p1a: Iron Hands|move: Instruct|[of] p1b: Oranguru\n|move|p1a: Iron Hands|Thunder Punch|p2a: Gholdengo\n|-activate|p2a: Gholdengo|move: Protect\n|move|p2b: Tornadus|Bleakwind Storm|p1a: Iron Hands|[spread] p1b\n|-miss|p2b: Tornadus|p1a: Iron Hands\n|-damage|p1b: Oranguru|69\/100\n|\n|upkeep\n|turn|5\n|\n|t:|1700198132\n|switch|p2a: Landorus|Landorus-Therian, M|100\/100\n|-ability|p2a: Landorus|Intimidate|boost\n|-unboost|p1a: Iron Hands|atk|1\n|-unboost|p1b: Oranguru|atk|1\n|move|p1a: Iron Hands|Thunder Punch|p2a: Landorus\n|-immune|p2a: Landorus\n|move|p1b: Oranguru|Instruct|p1a: Iron Hands\n|-singleturn|p1a: Iron Hands|move: Instruct|[of] p1b: Oranguru\n|move|p1a: Iron Hands|Thunder Punch|p2a: Landorus\n|-immune|p2a: Landorus\n|move|p2b: Tornadus|Bleakwind Storm|p1b: Oranguru|[spread] p1a,p1b\n|-damage|p1a: Iron Hands|20\/100\n|-damage|p1b: Oranguru|39\/100\n|\n|upkeep\n|turn|6\n|-message|ijut6 forfeited.\n|\n|win|LuBiStar20\n|n|\u2606ijut6|ijut6\n|n|\u2606LuBiStar20|lubistar20\n|n| Test Bots|testbots\n|l|\u2606ijut6\n|l| Test Bots\n","uploadtime":1700198136,"views":17,"p1id":"ijut6","p2id":"lubistar20","formatid":"gen9doublesou","rating":0,"private":0,"password":""}