{"id":"gen9doublesou-1981880572","p1":"Santiri2mil","p2":"Kaleax","format":"[Gen 9] Doubles OU","log":"|j|\u2606Santiri2mil\n|j|\u2606Kaleax\n|t:|1698948654\n|gametype|doubles\n|player|p1|Santiri2mil|170|1424\n|player|p2|Kaleax|n|1553\n|teamsize|p1|6\n|teamsize|p2|6\n|gen|9\n|tier|[Gen 9] Doubles OU\n|rated|\n|rule|Species Clause: Limit one of each Pok\u00e9mon\n|rule|OHKO Clause: OHKO moves are banned\n|rule|Evasion Moves Clause: Evasion moves are banned\n|rule|Gravity Sleep Clause: The combination of sleep-inducing moves with imperfect accuracy and Gravity or Gigantamax Orbeetle are banned\n|rule|Endless Battle Clause: Forcing endless battles is banned\n|rule|HP Percentage Mod: HP is shown in percentages\n|clearpoke\n|poke|p1|Kommo-o, M|\n|poke|p1|Armarouge, M|\n|poke|p1|Indeedee-F, F|\n|poke|p1|Clefairy, F|\n|poke|p1|Dondozo, M|\n|poke|p1|Landorus-Therian, M|\n|poke|p2|Slaking, F|\n|poke|p2|Grafaiai, F|\n|poke|p2|Tornadus, M|\n|poke|p2|Flutter Mane|\n|poke|p2|Sinistcha-Masterpiece|\n|poke|p2|Chien-Pao|\n|teampreview\n|\n|t:|1698948682\n|start\n|switch|p1a: Kommo-o|Kommo-o, M, shiny|100\/100\n|switch|p1b: Landorus|Landorus-Therian, M|100\/100\n|switch|p2a: Chien-Pao|Chien-Pao|100\/100\n|switch|p2b: Flutter Mane|Flutter Mane|100\/100\n|-ability|p1b: Landorus|Intimidate|boost\n|-unboost|p2a: Chien-Pao|atk|1\n|-unboost|p2b: Flutter Mane|atk|1\n|-ability|p2a: Chien-Pao|Sword of Ruin\n|-enditem|p2b: Flutter Mane|Booster Energy\n|-activate|p2b: Flutter Mane|ability: Protosynthesis|[fromitem]\n|-start|p2b: Flutter Mane|protosynthesisspe\n|turn|1\n|inactive|Battle timer is ON: inactive players will automatically lose when time's up. (requested by Santiri2mil)\n|\n|t:|1698948696\n|-terastallize|p1a: Kommo-o|Steel\n|move|p2b: Flutter Mane|Protect|p2b: Flutter Mane\n|-singleturn|p2b: Flutter Mane|Protect\n|move|p1b: Landorus|U-turn|p2a: Chien-Pao\n|-supereffective|p2a: Chien-Pao\n|-damage|p2a: Chien-Pao|29\/100\n|\n|t:|1698948704\n|switch|p1b: Indeedee|Indeedee-F, F|100\/100|[from] U-turn\n|-fieldstart|move: Psychic Terrain|[from] ability: Psychic Surge|[of] p1b: Indeedee\n|move|p2a: Chien-Pao|Ice Spinner|p1b: Indeedee\n|-damage|p1b: Indeedee|54\/100\n|-fieldend|move: Psychic Terrain\n|move|p1a: Kommo-o|Flash Cannon|p2b: Flutter Mane\n|-activate|p2b: Flutter Mane|move: Protect\n|\n|-heal|p1b: Indeedee|60\/100|[from] item: Leftovers\n|upkeep\n|turn|2\n|\n|t:|1698948728\n|-end|p2b: Flutter Mane|Protosynthesis|[silent]\n|switch|p2b: Grafaiai|Grafaiai, F|100\/100\n|switch|p1b: Landorus|Landorus-Therian, M|100\/100\n|-ability|p1b: Landorus|Intimidate|boost\n|-unboost|p2a: Chien-Pao|atk|1\n|-unboost|p2b: Grafaiai|atk|1\n|move|p2a: Chien-Pao|Sacred Sword|p1a: Kommo-o\n|-supereffective|p1a: Kommo-o\n|-damage|p1a: Kommo-o|61\/100\n|move|p1a: Kommo-o|Flash Cannon|p2b: Grafaiai\n|-damage|p2b: Grafaiai|70\/100\n|\n|upkeep\n|turn|3\n|\n|t:|1698948743\n|switch|p2a: Slaking|Slaking, F|100\/100\n|move|p2b: Grafaiai|Doodle|p1a: Kommo-o\n|-endability|p2a: Slaking|Truant|[from] move: Doodle\n|-ability|p2a: Slaking|Bulletproof|[from] move: Doodle\n|-endability|p2b: Grafaiai|Prankster|[from] move: Doodle\n|-ability|p2b: Grafaiai|Bulletproof|[from] move: Doodle\n|move|p1b: Landorus|U-turn|p2a: Slaking\n|-damage|p2a: Slaking|82\/100\n|\n|t:|1698948753\n|switch|p1b: Clefairy|Clefairy, F|100\/100|[from] U-turn\n|move|p1a: Kommo-o|Clangorous Soul|p1a: Kommo-o\n|-boost|p1a: Kommo-o|atk|1\n|-boost|p1a: Kommo-o|def|1\n|-boost|p1a: Kommo-o|spa|1\n|-boost|p1a: Kommo-o|spd|1\n|-boost|p1a: Kommo-o|spe|1\n|-enditem|p2a: Slaking|Mirror Herb\n|-boost|p2a: Slaking|atk|1|[from] item: Mirror Herb\n|-boost|p2a: Slaking|def|1|[from] item: Mirror Herb\n|-boost|p2a: Slaking|spa|1|[from] item: Mirror Herb\n|-boost|p2a: Slaking|spd|1|[from] item: Mirror Herb\n|-boost|p2a: Slaking|spe|1|[from] item: Mirror Herb\n|-damage|p1a: Kommo-o|28\/100\n|-enditem|p1a: Kommo-o|Throat Spray\n|-boost|p1a: Kommo-o|spa|1|[from] item: Throat Spray\n|\n|upkeep\n|turn|4\n|\n|t:|1698948766\n|move|p2a: Slaking|Protect|p2a: Slaking\n|-singleturn|p2a: Slaking|Protect\n|move|p1a: Kommo-o|Clanging Scales|p2b: Grafaiai|[spread] p2b\n|-activate|p2a: Slaking|move: Protect\n|-damage|p2b: Grafaiai|3\/100\n|-unboost|p1a: Kommo-o|def|1\n|move|p2b: Grafaiai|Parting Shot|p1a: Kommo-o\n|-unboost|p1a: Kommo-o|atk|1\n|-unboost|p1a: Kommo-o|spa|1\n|\n|t:|1698948776\n|switch|p2b: Tornadus|Tornadus, M|100\/100|[from] Parting Shot\n|move|p1b: Clefairy|Heal Pulse|p1a: Kommo-o\n|-heal|p1a: Kommo-o|79\/100\n|\n|upkeep\n|turn|5\n|\n|t:|1698948785\n|move|p1b: Clefairy|Follow Me|p1b: Clefairy\n|-singleturn|p1b: Clefairy|move: Follow Me\n|move|p2b: Tornadus|Taunt|p1b: Clefairy\n|-start|p1b: Clefairy|move: Taunt\n|move|p1a: Kommo-o|Clangorous Soul|p1a: Kommo-o\n|-boost|p1a: Kommo-o|atk|1\n|-boost|p1a: Kommo-o|def|1\n|-boost|p1a: Kommo-o|spa|1\n|-boost|p1a: Kommo-o|spd|1\n|-boost|p1a: Kommo-o|spe|1\n|-damage|p1a: Kommo-o|46\/100\n|move|p2a: Slaking|Drain Punch|p1b: Clefairy\n|-resisted|p1b: Clefairy\n|-damage|p1b: Clefairy|72\/100\n|-heal|p2a: Slaking|91\/100|[from] drain|[of] p1b: Clefairy\n|\n|upkeep\n|turn|6\n|\n|t:|1698948799\n|switch|p1b: Landorus|Landorus-Therian, M|100\/100\n|-ability|p1b: Landorus|Intimidate|boost\n|-unboost|p2a: Slaking|atk|1\n|-unboost|p2b: Tornadus|atk|1\n|move|p2b: Tornadus|Tailwind|p2b: Tornadus\n|-sidestart|p2: Kaleax|move: Tailwind\n|move|p2a: Slaking|Drain Punch|p1a: Kommo-o\n|-supereffective|p1a: Kommo-o\n|-damage|p1a: Kommo-o|0 fnt\n|-heal|p2a: Slaking|100\/100|[from] drain|[of] p1a: Kommo-o\n|faint|p1a: Kommo-o\n|\n|upkeep\n|\n|t:|1698948813\n|switch|p1a: Armarouge|Armarouge, M|100\/100\n|turn|7\n|\n|t:|1698948821\n|move|p2a: Slaking|Protect|p2a: Slaking\n|-singleturn|p2a: Slaking|Protect\n|move|p2b: Tornadus|Bleakwind Storm|p1b: Landorus|[spread] p1a,p1b\n|-crit|p1a: Armarouge\n|-damage|p1a: Armarouge|49\/100\n|-damage|p1b: Landorus|60\/100\n|-unboost|p1b: Landorus|spe|1\n|move|p1b: Landorus|U-turn|p2a: Slaking\n|-activate|p2a: Slaking|move: Protect\n|move|p1a: Armarouge|Trick Room|p1a: Armarouge\n|-fieldstart|move: Trick Room|[of] p1a: Armarouge\n|\n|upkeep\n|turn|8\n|\n|t:|1698948834\n|switch|p1b: Indeedee|Indeedee-F, F|60\/100\n|-fieldstart|move: Psychic Terrain|[from] ability: Psychic Surge|[of] p1b: Indeedee\n|move|p1a: Armarouge|Expanding Force|p2b: Tornadus|[spread] p2a,p2b\n|-damage|p2a: Slaking|62\/100\n|-damage|p2b: Tornadus|22\/100\n|move|p2b: Tornadus|Bleakwind Storm|p1b: Indeedee|[spread] p1a,p1b\n|-damage|p1a: Armarouge|17\/100\n|-damage|p1b: Indeedee|32\/100\n|-unboost|p1b: Indeedee|spe|1\n|move|p2a: Slaking|Body Slam|p1b: Indeedee\n|-damage|p1b: Indeedee|0 fnt\n|faint|p1b: Indeedee\n|\n|upkeep\n|\n|t:|1698948842\n|switch|p1b: Landorus|Landorus-Therian, M|60\/100\n|-ability|p1b: Landorus|Intimidate|boost\n|-unboost|p2a: Slaking|atk|1\n|-unboost|p2b: Tornadus|atk|1\n|turn|9\n|\n|t:|1698948851\n|move|p2b: Tornadus|Protect|p2b: Tornadus\n|-singleturn|p2b: Tornadus|Protect\n|move|p1a: Armarouge|Expanding Force|p2a: Slaking|[spread] p2a\n|-activate|p2b: Tornadus|move: Protect\n|-damage|p2a: Slaking|21\/100\n|move|p1b: Landorus|Rock Slide|p2b: Tornadus|[spread] p2a\n|-activate|p2b: Tornadus|move: Protect\n|-damage|p2a: Slaking|12\/100\n|move|p2a: Slaking|Slack Off|p2a: Slaking\n|-heal|p2a: Slaking|62\/100\n|\n|-sideend|p2: Kaleax|move: Tailwind\n|upkeep\n|turn|10\n|\n|t:|1698948878\n|switch|p2b: Sinistcha|Sinistcha-Masterpiece|100\/100\n|-heal|p2a: Slaking|87\/100|[from] ability: Hospitality|[of] p2b: Sinistcha\n|move|p1a: Armarouge|Expanding Force|p2a: Slaking|[spread] p2a,p2b\n|-damage|p2a: Slaking|44\/100\n|-damage|p2b: Sinistcha|18\/100\n|move|p2a: Slaking|Body Slam|p1a: Armarouge\n|-damage|p1a: Armarouge|0 fnt\n|faint|p1a: Armarouge\n|move|p1b: Landorus|Rock Slide|p2a: Slaking|[spread] p2a,p2b\n|-damage|p2a: Slaking|35\/100\n|-damage|p2b: Sinistcha|4\/100\n|\n|upkeep\n|\n|t:|1698948887\n|switch|p1a: Clefairy|Clefairy, F|72\/100\n|turn|11\n|\n|t:|1698948898\n|switch|p1b: Dondozo|Dondozo, M|100\/100\n|move|p2a: Slaking|Protect|p2a: Slaking\n|-singleturn|p2a: Slaking|Protect\n|move|p1a: Clefairy|Heal Pulse|p1b: Dondozo\n|-fail|p1b: Dondozo|heal\n|move|p2b: Sinistcha|Matcha Gotcha|p1a: Clefairy|[spread] p1a,p1b\n|-supereffective|p1b: Dondozo\n|-damage|p1a: Clefairy|58\/100\n|-heal|p2b: Sinistcha|11\/100|[from] drain|[of] p1a: Clefairy\n|-damage|p1b: Dondozo|67\/100\n|-heal|p2b: Sinistcha|36\/100|[from] drain|[of] p1b: Dondozo\n|-status|p1b: Dondozo|brn\n|\n|-heal|p1b: Dondozo|73\/100 brn|[from] item: Leftovers\n|-damage|p1b: Dondozo|67\/100 brn|[from] brn\n|-fieldend|move: Trick Room\n|upkeep\n|turn|12\n|\n|t:|1698948907\n|move|p2a: Slaking|Body Slam|p1a: Clefairy\n|-damage|p1a: Clefairy|10\/100\n|-status|p1a: Clefairy|par\n|move|p2b: Sinistcha|Matcha Gotcha|p1a: Clefairy|[spread] p1a,p1b\n|-supereffective|p1b: Dondozo\n|-damage|p1a: Clefairy|0 fnt\n|-heal|p2b: Sinistcha|41\/100|[from] drain|[of] p1a: Clefairy\n|-damage|p1b: Dondozo|34\/100 brn\n|-heal|p2b: Sinistcha|64\/100|[from] drain|[of] p1b: Dondozo\n|faint|p1a: Clefairy\n|move|p1b: Dondozo|Liquidation|p2a: Slaking\n|-damage|p2a: Slaking|22\/100\n|\n|-heal|p1b: Dondozo|41\/100 brn|[from] item: Leftovers\n|-damage|p1b: Dondozo|34\/100 brn|[from] brn\n|-fieldend|move: Psychic Terrain\n|upkeep\n|\n|t:|1698948915\n|switch|p1a: Landorus|Landorus-Therian, M|60\/100\n|-ability|p1a: Landorus|Intimidate|boost\n|-unboost|p2a: Slaking|atk|1\n|-unboost|p2b: Sinistcha|atk|1\n|turn|13\n|-message|Santiri2mil forfeited.\n|\n|win|Kaleax\n|raw|Santiri2mil's rating: 1424 &rarr; <strong>1411<\/strong><br \/>(-13 for losing)\n|raw|Kaleax's rating: 1553 &rarr; <strong>1566<\/strong><br \/>(+13 for winning)\n|l|\u2606Santiri2mil\n","uploadtime":1698948921,"views":24,"p1id":"santiri2mil","p2id":"kaleax","formatid":"gen9doublesou","rating":1411,"private":0,"password":""}