{"id":"gen9doublesou-1973921972","p1":"Abowlofmagnemites","p2":"Ambtkmblow","format":"[Gen 9] Doubles OU","log":"|j|\u2606Abowlofmagnemites\n|j|\u2606Ambtkmblow\n|t:|1698028420\n|gametype|doubles\n|player|p1|Abowlofmagnemites|plasmagruntf-gen5bw|1138\n|player|p2|Ambtkmblow|102|1094\n|teamsize|p1|6\n|teamsize|p2|6\n|gen|9\n|tier|[Gen 9] Doubles OU\n|rated|\n|rule|Species Clause: Limit one of each Pok\u00e9mon\n|rule|OHKO Clause: OHKO moves are banned\n|rule|Evasion Moves Clause: Evasion moves are banned\n|rule|Gravity Sleep Clause: The combination of sleep-inducing moves with imperfect accuracy and Gravity or Gigantamax Orbeetle are banned\n|rule|Endless Battle Clause: Forcing endless battles is banned\n|rule|HP Percentage Mod: HP is shown in percentages\n|clearpoke\n|poke|p1|Iron Valiant|\n|poke|p1|Armarouge, F|\n|poke|p1|Indeedee-F, F|\n|poke|p1|Ogerpon-Wellspring, F|\n|poke|p1|Zoroark-Hisui, M|\n|poke|p1|Vikavolt, M|\n|poke|p2|Flutter Mane|\n|poke|p2|Iron Thorns|\n|poke|p2|Oranguru, F|\n|poke|p2|Flamigo, F|\n|poke|p2|Volcanion|\n|poke|p2|Garchomp, F|\n|teampreview\n|\n|t:|1698028431\n|start\n|switch|p1a: Indeedee|Indeedee-F, F|100\/100\n|switch|p1b: Vikavolt|Vikavolt, M|100\/100\n|switch|p2a: Ma boi|Iron Thorns|100\/100\n|switch|p2b: Your mom|Oranguru, F|100\/100\n|-fieldstart|move: Psychic Terrain|[from] ability: Psychic Surge|[of] p1a: Indeedee\n|-enditem|p2a: Ma boi|Booster Energy\n|-activate|p2a: Ma boi|ability: Quark Drive|[fromitem]\n|-start|p2a: Ma boi|quarkdriveatk\n|turn|1\n|\n|t:|1698028444\n|move|p1a: Indeedee|Imprison|p1a: Indeedee\n|-start|p1a: Indeedee|move: Imprison\n|move|p2a: Ma boi|Dragon Dance|p2a: Ma boi\n|-boost|p2a: Ma boi|atk|1\n|-boost|p2a: Ma boi|spe|1\n|move|p2b: Your mom|Instruct|p2a: Ma boi\n|-singleturn|p2a: Ma boi|move: Instruct|[of] p2b: Your mom\n|move|p2a: Ma boi|Dragon Dance|p2a: Ma boi\n|-boost|p2a: Ma boi|atk|1\n|-boost|p2a: Ma boi|spe|1\n|move|p1b: Vikavolt|Bug Buzz|p2b: Your mom\n|-supereffective|p2b: Your mom\n|-damage|p2b: Your mom|11\/100\n|\n|upkeep\n|turn|2\n|\n|t:|1698028460\n|move|p1a: Indeedee|Follow Me|p1a: Indeedee\n|-singleturn|p1a: Indeedee|move: Follow Me\n|move|p2a: Ma boi|Dragon Dance|p2a: Ma boi\n|-boost|p2a: Ma boi|atk|1\n|-boost|p2a: Ma boi|spe|1\n|move|p2b: Your mom|Instruct|p1a: Indeedee\n|-singleturn|p1a: Indeedee|move: Instruct|[of] p2b: Your mom\n|move|p1a: Indeedee|Follow Me||[still]\n|-fail|p1a: Indeedee\n|move|p1b: Vikavolt|Sticky Web|p2a: Ma boi\n|-sidestart|p2: Ambtkmblow|move: Sticky Web\n|\n|upkeep\n|turn|3\n|\n|t:|1698028479\n|move|p2a: Ma boi|Dragon Dance|p2a: Ma boi\n|-boost|p2a: Ma boi|atk|1\n|-boost|p2a: Ma boi|spe|1\n|move|p2b: Your mom|Instruct|p2a: Ma boi\n|-singleturn|p2a: Ma boi|move: Instruct|[of] p2b: Your mom\n|move|p2a: Ma boi|Dragon Dance|p2a: Ma boi\n|-boost|p2a: Ma boi|atk|1\n|-boost|p2a: Ma boi|spe|1\n|move|p1b: Vikavolt|Bug Buzz|p2a: Ma boi\n|-damage|p2a: Ma boi|40\/100\n|move|p1a: Indeedee|Trick Room|p1a: Indeedee\n|-fieldstart|move: Trick Room|[of] p1a: Indeedee\n|\n|upkeep\n|turn|4\n|\n|t:|1698028495\n|move|p2a: Ma boi|Protect|p2a: Ma boi\n|-singleturn|p2a: Ma boi|Protect\n|move|p1b: Vikavolt|Bug Buzz|p2a: Ma boi\n|-activate|p2a: Ma boi|move: Protect\n|move|p2b: Your mom|Hyper Voice|p1b: Vikavolt|[spread] p1a,p1b\n|-damage|p1a: Indeedee|76\/100\n|-damage|p1b: Vikavolt|76\/100\n|move|p1a: Indeedee|Dazzling Gleam|p2a: Ma boi|[spread] p2b\n|-activate|p2a: Ma boi|move: Protect\n|-damage|p2b: Your mom|0 fnt\n|faint|p2b: Your mom\n|\n|upkeep\n|\n|t:|1698028507\n|switch|p2b: Flamigo|Flamigo, F|100\/100\n|-copyboost|p2b: Flamigo|p2a: Ma boi|[from] ability: Costar\n|turn|5\n|\n|t:|1698028521\n|move|p2a: Ma boi|Protect||[still]\n|-fail|p2a: Ma boi\n|move|p1b: Vikavolt|Thunder|p2a: Ma boi\n|-resisted|p2a: Ma boi\n|-damage|p2a: Ma boi|0 fnt\n|faint|p2a: Ma boi\n|-end|p2a: Ma boi|Quark Drive|[silent]\n|move|p1a: Indeedee|Dazzling Gleam|p2b: Flamigo\n|-supereffective|p2b: Flamigo\n|-damage|p2b: Flamigo|24\/100\n|move|p2b: Flamigo|Brave Bird|p1b: Vikavolt\n|-damage|p1b: Vikavolt|0 fnt\n|faint|p1b: Vikavolt\n|-damage|p2b: Flamigo|0 fnt|[from] Recoil\n|faint|p2b: Flamigo\n|\n|upkeep\n|-message|Ambtkmblow forfeited.\n|\n|win|Abowlofmagnemites\n|raw|Abowlofmagnemites's rating: 1138 &rarr; <strong>1160<\/strong><br \/>(+22 for winning)\n|raw|Ambtkmblow's rating: 1094 &rarr; <strong>1073<\/strong><br \/>(-21 for losing)\n|l|\u2606Ambtkmblow\n","uploadtime":1698028541,"views":13,"p1id":"abowlofmagnemites","p2id":"ambtkmblow","formatid":"gen9doublesou","rating":1073,"private":0,"password":""}