{"id":"gen9doublesou-1972327876","p1":"Ravvenn98","p2":"Chonky Chungles","format":"[Gen 9] Doubles OU","log":"|j|\u2606Ravvenn98\n|j|\u2606Chonky Chungles\n|t:|1697831768\n|gametype|doubles\n|player|p1|Ravvenn98|steven|1232\n|player|p2|Chonky Chungles|102|1179\n|teamsize|p1|6\n|teamsize|p2|6\n|gen|9\n|tier|[Gen 9] Doubles OU\n|rated|\n|rule|Species Clause: Limit one of each Pok\u00e9mon\n|rule|OHKO Clause: OHKO moves are banned\n|rule|Evasion Moves Clause: Evasion moves are banned\n|rule|Gravity Sleep Clause: The combination of sleep-inducing moves with imperfect accuracy and Gravity or Gigantamax Orbeetle are banned\n|rule|Endless Battle Clause: Forcing endless battles is banned\n|rule|HP Percentage Mod: HP is shown in percentages\n|clearpoke\n|poke|p1|Gholdengo|\n|poke|p1|Quagsire, F|\n|poke|p1|Dipplin, M|\n|poke|p1|Tornadus, M|\n|poke|p1|Chien-Pao|\n|poke|p1|Volcanion|\n|poke|p2|Kommo-o, M|\n|poke|p2|Sandslash-Alola, M|\n|poke|p2|Volcarona, F|\n|poke|p2|Landorus-Therian, M|\n|poke|p2|Ninetales-Alola, M|\n|poke|p2|Hoopa-Unbound|\n|teampreview\n|\n|t:|1697831773\n|start\n|switch|p1a: Quagsire|Quagsire, F|100\/100\n|switch|p1b: Tornadus|Tornadus, M|100\/100\n|switch|p2a: Landorus|Landorus-Therian, M|100\/100\n|switch|p2b: Ninetales|Ninetales-Alola, M|100\/100\n|-weather|Snow|[from] ability: Snow Warning|[of] p2b: Ninetales\n|-ability|p2a: Landorus|Intimidate|boost\n|-unboost|p1a: Quagsire|atk|1\n|-unboost|p1b: Tornadus|atk|1\n|turn|1\n|\n|t:|1697831784\n|move|p1b: Tornadus|Rain Dance|p1b: Tornadus\n|-weather|RainDance\n|move|p2b: Ninetales|Aurora Veil||[still]\n|-fail|p2b: Ninetales\n|move|p2a: Landorus|Stealth Rock|p1b: Tornadus\n|-sidestart|p1: Ravvenn98|move: Stealth Rock\n|move|p1a: Quagsire|Ice Punch|p2a: Landorus\n|-supereffective|p2a: Landorus\n|-damage|p2a: Landorus|43\/100\n|\n|-weather|RainDance|[upkeep]\n|upkeep\n|turn|2\n|\n|t:|1697831796\n|move|p1b: Tornadus|Swagger|p1a: Quagsire|[miss]\n|-miss|p1b: Tornadus|p1a: Quagsire\n|move|p2b: Ninetales|Icy Wind|p1b: Tornadus|[spread] p1a,p1b\n|-supereffective|p1b: Tornadus\n|-damage|p1a: Quagsire|83\/100\n|-damage|p1b: Tornadus|72\/100\n|-unboost|p1a: Quagsire|spe|1\n|-unboost|p1b: Tornadus|spe|1\n|-enditem|p1b: Tornadus|Eject Button\n|\n|t:|1697831805\n|switch|p1b: Volcanion|Volcanion|100\/100\n|-damage|p1b: Volcanion|75\/100|[from] Stealth Rock\n|move|p2a: Landorus|U-turn|p1a: Quagsire\n|-damage|p1a: Quagsire|60\/100\n|\n|t:|1697831815\n|switch|p2a: Volcarona|Volcarona, F|100\/100|[from] U-turn\n|move|p1a: Quagsire|Ice Punch|p2a: Volcarona\n|-resisted|p2a: Volcarona\n|-damage|p2a: Volcarona|92\/100\n|\n|-weather|RainDance|[upkeep]\n|upkeep\n|turn|3\n|\n|t:|1697831832\n|switch|p2b: Landorus|Landorus-Therian, M|43\/100\n|-ability|p2b: Landorus|Intimidate|boost\n|-unboost|p1a: Quagsire|atk|1\n|-unboost|p1b: Volcanion|atk|1\n|switch|p1b: Tornadus|Tornadus, M|72\/100\n|-damage|p1b: Tornadus|48\/100|[from] Stealth Rock\n|move|p2a: Volcarona|Quiver Dance|p2a: Volcarona\n|-boost|p2a: Volcarona|spa|1\n|-boost|p2a: Volcarona|spd|1\n|-boost|p2a: Volcarona|spe|1\n|move|p1a: Quagsire|Earthquake|p2b: Landorus|[spread] p2a\n|-immune|p1b: Tornadus\n|-immune|p2b: Landorus\n|-damage|p2a: Volcarona|75\/100\n|\n|-weather|RainDance|[upkeep]\n|upkeep\n|turn|4\n|\n|t:|1697831858\n|switch|p1a: Gholdengo|Gholdengo|100\/100\n|-damage|p1a: Gholdengo|94\/100|[from] Stealth Rock\n|move|p2a: Volcarona|Fiery Dance|p1b: Tornadus\n|-damage|p1b: Tornadus|13\/100\n|move|p1b: Tornadus|Bleakwind Storm|p2a: Volcarona|[spread] p2a,p2b\n|-supereffective|p2a: Volcarona\n|-crit|p2a: Volcarona\n|-damage|p2a: Volcarona|0 fnt\n|-damage|p2b: Landorus|5\/100\n|-enditem|p2b: Landorus|Salac Berry|[eat]\n|-boost|p2b: Landorus|spe|1|[from] item: Salac Berry\n|faint|p2a: Volcarona\n|move|p2b: Landorus|U-turn|p1b: Tornadus\n|-resisted|p1b: Tornadus\n|-damage|p1b: Tornadus|0 fnt\n|faint|p1b: Tornadus\n|\n|t:|1697831873\n|switch|p2b: Ninetales|Ninetales-Alola, M|100\/100|[from] U-turn\n|-weather|Snow|[from] ability: Snow Warning|[of] p2b: Ninetales\n|\n|-weather|Snow|[upkeep]\n|-heal|p1a: Gholdengo|100\/100|[from] item: Leftovers\n|upkeep\n|\n|t:|1697831880\n|switch|p1b: Volcanion|Volcanion|75\/100\n|switch|p2a: Hoopa|Hoopa-Unbound|100\/100\n|-damage|p1b: Volcanion|50\/100|[from] Stealth Rock\n|turn|5\n|\n|t:|1697831911\n|switch|p2b: Landorus|Landorus-Therian, M|5\/100\n|-ability|p2b: Landorus|Intimidate|boost\n|-unboost|p1a: Gholdengo|atk|1\n|-unboost|p1b: Volcanion|atk|1\n|-terastallize|p1a: Gholdengo|Flying\n|-terastallize|p2a: Hoopa|Poison\n|move|p1a: Gholdengo|Shadow Ball|p2a: Hoopa\n|-damage|p2a: Hoopa|63\/100\n|move|p2a: Hoopa|Hyperspace Fury|p1a: Gholdengo\n|-damage|p1a: Gholdengo|32\/100\n|-unboost|p2a: Hoopa|def|1\n|-enditem|p2a: Hoopa|White Herb\n|-clearnegativeboost|p2a: Hoopa|[silent]\n|-item|p2a: Hoopa|Leftovers|[from] ability: Magician|[of] p1a: Gholdengo\n|move|p1b: Volcanion|Sludge Bomb|p2b: Landorus\n|-resisted|p2b: Landorus\n|-damage|p2b: Landorus|0 fnt\n|faint|p2b: Landorus\n|\n|-weather|Snow|[upkeep]\n|-heal|p2a: Hoopa|69\/100|[from] item: Leftovers\n|upkeep\n|\n|t:|1697831934\n|switch|p2b: Kommo-o|Kommo-o, M|100\/100\n|turn|6\n|\n|t:|1697831946\n|move|p1a: Gholdengo|Tera Blast|p2b: Kommo-o|[anim] Tera Blast Flying\n|-supereffective|p2b: Kommo-o\n|-damage|p2b: Kommo-o|28\/100\n|move|p2b: Kommo-o|Clangorous Soul||[still]\n|-fail|p2b: Kommo-o\n|move|p2a: Hoopa|Zen Headbutt|p1a: Gholdengo\n|-damage|p1a: Gholdengo|0 fnt\n|faint|p1a: Gholdengo\n|move|p1b: Volcanion|Steam Eruption|p2a: Hoopa\n|-damage|p2a: Hoopa|21\/100\n|\n|-weather|Snow|[upkeep]\n|-heal|p2a: Hoopa|28\/100|[from] item: Leftovers\n|upkeep\n|\n|t:|1697831960\n|switch|p1a: Chien-Pao|Chien-Pao|100\/100\n|-damage|p1a: Chien-Pao|76\/100|[from] Stealth Rock\n|-ability|p1a: Chien-Pao|Sword of Ruin\n|turn|7\n|\n|t:|1697831977\n|move|p1a: Chien-Pao|Sucker Punch|p2a: Hoopa\n|-damage|p2a: Hoopa|0 fnt\n|faint|p2a: Hoopa\n|move|p2b: Kommo-o|Aura Sphere|p1a: Chien-Pao\n|-supereffective|p1a: Chien-Pao\n|-damage|p1a: Chien-Pao|0 fnt\n|faint|p1a: Chien-Pao\n|move|p1b: Volcanion|Weather Ball|p2b: Kommo-o\n|-supereffective|p2b: Kommo-o\n|-damage|p2b: Kommo-o|0 fnt\n|faint|p2b: Kommo-o\n|\n|-weather|Snow|[upkeep]\n|upkeep\n|\n|t:|1697831991\n|switch|p1a: Quagsire|Quagsire, F|60\/100\n|switch|p2b: Sandslash|Sandslash-Alola, M|100\/100\n|switch|p2a: Ninetales|Ninetales-Alola, M|100\/100\n|-damage|p1a: Quagsire|54\/100|[from] Stealth Rock\n|turn|8\n|\n|t:|1697832005\n|switch|p1b: Dipplin|Dipplin, M|100\/100\n|-damage|p1b: Dipplin|88\/100|[from] Stealth Rock\n|-ability|p1b: Dipplin|Supersweet Syrup\n|-ability|p1b: Dipplin|Supersweet Syrup|boost\n|-unboost|p2a: Ninetales|evasion|1\n|-unboost|p2b: Sandslash|evasion|1\n|move|p2b: Sandslash|Icicle Crash|p1b: Dipplin\n|-supereffective|p1b: Dipplin\n|-damage|p1b: Dipplin|9\/100\n|move|p2a: Ninetales|Blizzard|p1b: Dipplin|[spread] p1a,p1b\n|-supereffective|p1b: Dipplin\n|-damage|p1a: Quagsire|21\/100\n|-damage|p1b: Dipplin|0 fnt\n|faint|p1b: Dipplin\n|move|p1a: Quagsire|Earthquake|p2a: Ninetales|[spread] p2a,p2b\n|-supereffective|p2b: Sandslash\n|-damage|p2a: Ninetales|76\/100\n|-damage|p2b: Sandslash|60\/100\n|\n|-weather|none\n|upkeep\n|\n|t:|1697832019\n|switch|p1b: Volcanion|Volcanion|50\/100\n|-damage|p1b: Volcanion|25\/100|[from] Stealth Rock\n|-enditem|p1b: Volcanion|Aguav Berry|[eat]\n|-heal|p1b: Volcanion|59\/100|[from] item: Aguav Berry\n|turn|9\n|\n|t:|1697832039\n|move|p2a: Ninetales|Moonblast|p1b: Volcanion\n|-resisted|p1b: Volcanion\n|-damage|p1b: Volcanion|43\/100\n|-unboost|p1b: Volcanion|spa|1\n|move|p2b: Sandslash|Icicle Crash|p1b: Volcanion\n|-resisted|p1b: Volcanion\n|-damage|p1b: Volcanion|36\/100\n|move|p1b: Volcanion|Sludge Bomb|p2a: Ninetales\n|-supereffective|p2a: Ninetales\n|-damage|p2a: Ninetales|25\/100\n|move|p1a: Quagsire|Aqua Tail|p2b: Sandslash\n|-damage|p2b: Sandslash|25\/100\n|\n|upkeep\n|turn|10\n|\n|t:|1697832058\n|move|p2a: Ninetales|Blizzard|p1a: Quagsire|[spread] \n|-miss|p2a: Ninetales|p1a: Quagsire\n|-miss|p2a: Ninetales|p1b: Volcanion\n|move|p2b: Sandslash|Icicle Crash|p1b: Volcanion\n|-resisted|p1b: Volcanion\n|-damage|p1b: Volcanion|29\/100\n|move|p1b: Volcanion|Sludge Bomb|p2a: Ninetales\n|-supereffective|p2a: Ninetales\n|-damage|p2a: Ninetales|0 fnt\n|faint|p2a: Ninetales\n|move|p1a: Quagsire|Aqua Tail|p2b: Sandslash\n|-damage|p2b: Sandslash|0 fnt\n|faint|p2b: Sandslash\n|\n|win|Ravvenn98\n|raw|Ravvenn98's rating: 1232 &rarr; <strong>1253<\/strong><br \/>(+21 for winning)\n|raw|Chonky Chungles's rating: 1179 &rarr; <strong>1158<\/strong><br \/>(-21 for losing)\n|l|\u2606Chonky Chungles\n|c|\u2606Ravvenn98|gg\n","uploadtime":1697832081,"views":12,"p1id":"ravvenn98","p2id":"chonkychungles","formatid":"gen9doublesou","rating":1158,"private":0,"password":""}