{"id":"gen9doublesou-1991651280","p1":"GRIZZLYSRAGE","p2":"MatheusHetero","format":"[Gen 9] Doubles OU","log":"|j|\u2606GRIZZLYSRAGE\n|j|\u2606MatheusHetero\n|t:|1700098573\n|gametype|doubles\n|player|p1|GRIZZLYSRAGE|veteran|1025\n|player|p2|MatheusHetero|sage|1113\n|teamsize|p1|6\n|teamsize|p2|6\n|gen|9\n|tier|[Gen 9] Doubles OU\n|rated|\n|rule|Species Clause: Limit one of each Pok\u00e9mon\n|rule|OHKO Clause: OHKO moves are banned\n|rule|Evasion Moves Clause: Evasion moves are banned\n|rule|Gravity Sleep Clause: The combination of sleep-inducing moves with imperfect accuracy and Gravity or Gigantamax Orbeetle are banned\n|rule|Endless Battle Clause: Forcing endless battles is banned\n|rule|HP Percentage Mod: HP is shown in percentages\n|clearpoke\n|poke|p1|Oricorio-Pom-Pom, M|\n|poke|p1|Mimikyu, M|\n|poke|p1|Kommo-o, F|\n|poke|p1|Goodra, F|\n|poke|p1|Iron Moth|\n|poke|p1|Dragonite, F|\n|poke|p2|Glimmora, F|\n|poke|p2|Grafaiai, M|\n|poke|p2|Mew|\n|poke|p2|Meowscarada, F|\n|poke|p2|Gengar, M|\n|poke|p2|Pikachu, F|\n|teampreview\n|inactive|Battle timer is ON: inactive players will automatically lose when time's up. (requested by MatheusHetero)\n|\n|t:|1700098580\n|start\n|switch|p1a: Kommo-o|Kommo-o, F|100\/100\n|switch|p1b: Oricorio|Oricorio-Pom-Pom, M|100\/100\n|switch|p2a: Glimmora|Glimmora, F|100\/100\n|switch|p2b: Mew|Mew, shiny|100\/100\n|turn|1\n|\n|t:|1700098596\n|-terastallize|p1a: Kommo-o|Steel\n|move|p2b: Mew|Super Fang|p1a: Kommo-o\n|-damage|p1a: Kommo-o|50\/100\n|move|p1b: Oricorio|Quiver Dance|p1b: Oricorio\n|-boost|p1b: Oricorio|spa|1\n|-boost|p1b: Oricorio|spd|1\n|-boost|p1b: Oricorio|spe|1\n|move|p2a: Glimmora|Stealth Rock|p1b: Oricorio\n|-sidestart|p1: GRIZZLYSRAGE|move: Stealth Rock\n|move|p1a: Kommo-o|Clangorous Soul|p1a: Kommo-o\n|-boost|p1a: Kommo-o|atk|1\n|-boost|p1a: Kommo-o|def|1\n|-boost|p1a: Kommo-o|spa|1\n|-boost|p1a: Kommo-o|spd|1\n|-boost|p1a: Kommo-o|spe|1\n|-damage|p1a: Kommo-o|18\/100\n|-activate|p1b: Oricorio|ability: Dancer\n|move|p1b: Oricorio|Clangorous Soul|p1b: Oricorio|[from]ability: Dancer\n|-boost|p1b: Oricorio|atk|1\n|-boost|p1b: Oricorio|def|1\n|-boost|p1b: Oricorio|spa|1\n|-boost|p1b: Oricorio|spd|1\n|-boost|p1b: Oricorio|spe|1\n|-damage|p1b: Oricorio|68\/100\n|\n|-heal|p1a: Kommo-o|24\/100|[from] item: Leftovers\n|upkeep\n|turn|2\n|\n|t:|1700098625\n|move|p2a: Glimmora|Spiky Shield|p2a: Glimmora\n|-singleturn|p2a: Glimmora|move: Protect\n|move|p1b: Oricorio|Quiver Dance|p1b: Oricorio\n|-boost|p1b: Oricorio|spa|1\n|-boost|p1b: Oricorio|spd|1\n|-boost|p1b: Oricorio|spe|1\n|move|p2b: Mew|Toxic|p1b: Oricorio\n|-status|p1b: Oricorio|tox\n|move|p1a: Kommo-o|Clangorous Soul||[still]\n|-fail|p1a: Kommo-o\n|\n|-heal|p1a: Kommo-o|30\/100|[from] item: Leftovers\n|-damage|p1b: Oricorio|62\/100 tox|[from] psn\n|upkeep\n|turn|3\n|\n|t:|1700098646\n|move|p1b: Oricorio|Baton Pass|p1b: Oricorio\n|\n|t:|1700098649\n|switch|p1b: Goodra|Goodra, F|100\/100|[from] Baton Pass\n|-damage|p1b: Goodra|88\/100|[from] Stealth Rock\n|move|p2b: Mew|Super Fang|p1b: Goodra\n|-damage|p1b: Goodra|44\/100\n|move|p1a: Kommo-o|Clanging Scales|p2a: Glimmora|[spread] p2a,p2b\n|-damage|p2a: Glimmora|51\/100\n|-damage|p2b: Mew|51\/100\n|-unboost|p1a: Kommo-o|def|1\n|move|p2a: Glimmora|Earth Power|p1a: Kommo-o\n|-supereffective|p1a: Kommo-o\n|-damage|p1a: Kommo-o|0 fnt\n|faint|p1a: Kommo-o\n|\n|upkeep\n|\n|t:|1700098671\n|switch|p1a: Iron Moth|Iron Moth|100\/100\n|-damage|p1a: Iron Moth|76\/100|[from] Stealth Rock\n|turn|4\n|\n|t:|1700098684\n|move|p1b: Goodra|Rain Dance|p1b: Goodra\n|-weather|RainDance\n|move|p2b: Mew|Draining Kiss|p1b: Goodra\n|-supereffective|p1b: Goodra\n|-damage|p1b: Goodra|39\/100\n|-heal|p2b: Mew|55\/100|[from] drain|[of] p1b: Goodra\n|move|p1a: Iron Moth|Fiery Dance|p2b: Mew\n|-damage|p2b: Mew|30\/100\n|-enditem|p2b: Mew|Sitrus Berry|[eat]\n|-heal|p2b: Mew|54\/100|[from] item: Sitrus Berry\n|move|p2a: Glimmora|Mortal Spin|p1a: Iron Moth|[spread] p1a,p1b\n|-resisted|p1a: Iron Moth\n|-damage|p1a: Iron Moth|72\/100\n|-damage|p1b: Goodra|36\/100\n|-status|p1b: Goodra|psn\n|\n|-weather|RainDance|[upkeep]\n|-activate|p1b: Goodra|ability: Hydration\n|-curestatus|p1b: Goodra|psn|[msg]\n|-heal|p1a: Iron Moth|78\/100|[from] item: Leftovers\n|upkeep\n|turn|5\n|inactive|MatheusHetero has 120 seconds left.\n|\n|t:|1700098715\n|move|p1b: Goodra|Rest|p1b: Goodra\n|-status|p1b: Goodra|slp|[from] move: Rest\n|-heal|p1b: Goodra|100\/100 slp|[silent]\n|move|p2b: Mew|Super Fang|p1b: Goodra\n|-damage|p1b: Goodra|50\/100 slp\n|move|p1a: Iron Moth|Hurricane|p2b: Mew\n|-damage|p2b: Mew|7\/100\n|move|p2a: Glimmora|Earth Power|p1a: Iron Moth\n|-supereffective|p1a: Iron Moth\n|-damage|p1a: Iron Moth|0 fnt\n|faint|p1a: Iron Moth\n|-end|p1a: Iron Moth|Quark Drive|[silent]\n|\n|-weather|RainDance|[upkeep]\n|-activate|p1b: Goodra|ability: Hydration\n|-curestatus|p1b: Goodra|slp|[msg]\n|upkeep\n|inactive|GRIZZLYSRAGE has 120 seconds left.\n|\n|t:|1700098734\n|switch|p1a: Dragonite|Dragonite, F|100\/100\n|turn|6\n|\n|t:|1700098744\n|move|p1b: Goodra|Rest|p1b: Goodra\n|-status|p1b: Goodra|slp|[from] move: Rest\n|-heal|p1b: Goodra|100\/100 slp|[silent]\n|move|p2b: Mew|Draining Kiss|p1b: Goodra\n|-supereffective|p1b: Goodra\n|-damage|p1b: Goodra|96\/100 slp\n|-heal|p2b: Mew|11\/100|[from] drain|[of] p1b: Goodra\n|move|p2a: Glimmora|Mortal Spin|p1a: Dragonite|[spread] p1a,p1b\n|-damage|p1a: Dragonite|98\/100\n|-damage|p1b: Goodra|92\/100 slp\n|-status|p1a: Dragonite|psn\n|move|p1a: Dragonite|Dragon Claw|p2b: Mew\n|-damage|p2b: Mew|0 fnt\n|faint|p2b: Mew\n|\n|-weather|RainDance|[upkeep]\n|-activate|p1b: Goodra|ability: Hydration\n|-curestatus|p1b: Goodra|slp|[msg]\n|-damage|p1a: Dragonite|86\/100 psn|[from] psn\n|upkeep\n|\n|t:|1700098764\n|switch|p2b: Grafaiai|Grafaiai, M, shiny|100\/100\n|turn|7\n|\n|t:|1700098785\n|move|p2a: Glimmora|Spiky Shield|p2a: Glimmora\n|-singleturn|p2a: Glimmora|move: Protect\n|move|p1b: Goodra|Ice Beam|p2a: Glimmora\n|-activate|p2a: Glimmora|move: Protect\n|move|p2b: Grafaiai|Super Fang|p1b: Goodra\n|-damage|p1b: Goodra|46\/100\n|move|p1a: Dragonite|Iron Head|p2b: Grafaiai\n|-damage|p2b: Grafaiai|51\/100\n|\n|-weather|RainDance|[upkeep]\n|-damage|p1a: Dragonite|74\/100 psn|[from] psn\n|upkeep\n|turn|8\n|\n|t:|1700098805\n|move|p1b: Goodra|Rain Dance||[still]\n|-fail|p1b: Goodra\n|move|p2b: Grafaiai|Knock Off|p1b: Goodra\n|-damage|p1b: Goodra|21\/100\n|-enditem|p1b: Goodra|Life Orb|[from] move: Knock Off|[of] p2b: Grafaiai\n|move|p2a: Glimmora|Mortal Spin|p1a: Dragonite|[spread] p1a,p1b\n|-damage|p1a: Dragonite|69\/100 psn\n|-damage|p1b: Goodra|17\/100\n|-status|p1b: Goodra|psn\n|move|p1a: Dragonite|Dragon Claw|p2b: Grafaiai\n|-damage|p2b: Grafaiai|0 fnt\n|faint|p2b: Grafaiai\n|\n|-weather|none\n|-damage|p1b: Goodra|5\/100 psn|[from] psn\n|-damage|p1a: Dragonite|57\/100 psn|[from] psn\n|upkeep\n|\n|t:|1700098819\n|switch|p2b: Pikachu|Pikachu, F, shiny|100\/100\n|turn|9\n|\n|t:|1700098829\n|move|p2a: Glimmora|Spiky Shield|p2a: Glimmora\n|-singleturn|p2a: Glimmora|move: Protect\n|move|p2b: Pikachu|Fake Out|p1b: Goodra\n|-damage|p1b: Goodra|0 fnt\n|faint|p1b: Goodra\n|move|p1a: Dragonite|Earthquake|p2b: Pikachu|[spread] p2b\n|-activate|p2a: Glimmora|move: Protect\n|-supereffective|p2b: Pikachu\n|-damage|p2b: Pikachu|0 fnt\n|faint|p2b: Pikachu\n|\n|-damage|p1a: Dragonite|45\/100 psn|[from] psn\n|upkeep\n|\n|t:|1700098846\n|switch|p2b: Gengar|Gengar, M, shiny|100\/100\n|switch|p1b: Oricorio|Oricorio-Pom-Pom, M|62\/100 tox\n|-damage|p1b: Oricorio|37\/100 tox|[from] Stealth Rock\n|turn|10\n|\n|t:|1700098866\n|switch|p2a: Meowscarada|Meowscarada, F, shiny|100\/100\n|-terastallize|p2b: Gengar|Flying\n|move|p1b: Oricorio|Protect|p1b: Oricorio\n|-singleturn|p1b: Oricorio|Protect\n|move|p2b: Gengar|Hex|p1a: Dragonite\n|-damage|p1a: Dragonite|0 fnt\n|faint|p1a: Dragonite\n|\n|-damage|p1b: Oricorio|30\/100 tox|[from] psn\n|upkeep\n|\n|t:|1700098880\n|switch|p1a: Mimikyu|Mimikyu, M|100\/100\n|-damage|p1a: Mimikyu|88\/100|[from] Stealth Rock\n|turn|11\n|\n|t:|1700098900\n|move|p1b: Oricorio|Protect||[still]\n|-fail|p1b: Oricorio\n|move|p2a: Meowscarada|Leech Seed|p1a: Mimikyu\n|-start|p2a: Meowscarada|typechange|Grass|[from] ability: Protean\n|-start|p1a: Mimikyu|move: Leech Seed\n|move|p1a: Mimikyu|Shadow Claw|p2b: Gengar\n|-damage|p2b: Gengar|25\/100\n|-enditem|p2b: Gengar|Sitrus Berry|[eat]\n|-heal|p2b: Gengar|49\/100|[from] item: Sitrus Berry\n|-damage|p1a: Mimikyu|78\/100|[from] item: Life Orb\n|move|p2b: Gengar|Will-O-Wisp|p1a: Mimikyu\n|-status|p1a: Mimikyu|brn\n|\n|-damage|p1a: Mimikyu|66\/100 brn|[from] Leech Seed|[of] p2a: Meowscarada\n|-damage|p1b: Oricorio|18\/100 tox|[from] psn\n|-damage|p1a: Mimikyu|60\/100 brn|[from] brn\n|upkeep\n|turn|12\n|-message|GRIZZLYSRAGE forfeited.\n|\n|win|MatheusHetero\n|raw|GRIZZLYSRAGE's rating: 1025 &rarr; <strong>1015<\/strong><br \/>(-10 for losing)\n|raw|MatheusHetero's rating: 1113 &rarr; <strong>1132<\/strong><br \/>(+19 for winning)\n|l|\u2606GRIZZLYSRAGE\n","uploadtime":1700098924,"views":6,"p1id":"grizzlysrage","p2id":"matheushetero","formatid":"gen9doublesou","rating":1015,"private":0,"password":""}