{"id":"gen9doublesou-1974533593","p1":"RFlo41","p2":"SXD2002","format":"[Gen 9] Doubles OU","log":"|j|\u2606RFlo41\n|j|\u2606SXD2002\n|t:|1698094971\n|gametype|doubles\n|player|p1|RFlo41|policeman-gen4|1013\n|player|p2|SXD2002|silver-masters|1104\n|teamsize|p1|6\n|teamsize|p2|6\n|gen|9\n|tier|[Gen 9] Doubles OU\n|rated|\n|rule|Species Clause: Limit one of each Pok\u00e9mon\n|rule|OHKO Clause: OHKO moves are banned\n|rule|Evasion Moves Clause: Evasion moves are banned\n|rule|Gravity Sleep Clause: The combination of sleep-inducing moves with imperfect accuracy and Gravity or Gigantamax Orbeetle are banned\n|rule|Endless Battle Clause: Forcing endless battles is banned\n|rule|HP Percentage Mod: HP is shown in percentages\n|clearpoke\n|poke|p1|Oranguru, M|\n|poke|p1|Muk, M|\n|poke|p1|Toxapex, M|\n|poke|p1|Quaquaval, M|\n|poke|p1|Golem-Alola, F|\n|poke|p1|Iron Hands|\n|poke|p2|Lurantis, F|\n|poke|p2|Murkrow, M|\n|poke|p2|Grimmsnarl, M|\n|poke|p2|Clefairy, M|\n|poke|p2|Talonflame, F|\n|poke|p2|Espeon, M|\n|teampreview\n|inactive|Battle timer is ON: inactive players will automatically lose when time's up. (requested by SXD2002)\n|\n|t:|1698094990\n|start\n|switch|p1a: Sus Bird|Quaquaval, M|100\/100\n|switch|p1b: Grimace|Muk, M, shiny|100\/100\n|switch|p2a: Murkrow|Murkrow, M|100\/100\n|switch|p2b: Lurantis|Lurantis, F|100\/100\n|turn|1\n|\n|t:|1698095015\n|-terastallize|p2b: Lurantis|Steel\n|move|p2a: Murkrow|Feather Dance|p2b: Lurantis\n|-boost|p2b: Lurantis|atk|2\n|move|p1a: Sus Bird|Swords Dance|p1a: Sus Bird\n|-boost|p1a: Sus Bird|atk|2\n|move|p1b: Grimace|Sludge Bomb|p2b: Lurantis\n|-immune|p2b: Lurantis\n|move|p2b: Lurantis|Leaf Storm|p1a: Sus Bird\n|-supereffective|p1a: Sus Bird\n|-damage|p1a: Sus Bird|7\/100\n|-boost|p2b: Lurantis|spa|2\n|\n|upkeep\n|turn|2\n|\n|t:|1698095034\n|move|p2b: Lurantis|Protect|p2b: Lurantis\n|-singleturn|p2b: Lurantis|Protect\n|move|p1a: Sus Bird|Aqua Step|p2a: Murkrow\n|-damage|p2a: Murkrow|0 fnt\n|-boost|p1a: Sus Bird|spe|1\n|faint|p2a: Murkrow\n|-ability|p1a: Sus Bird|Moxie|boost\n|-boost|p1a: Sus Bird|atk|1\n|move|p1b: Grimace|Flamethrower|p2b: Lurantis\n|-activate|p2b: Lurantis|move: Protect\n|\n|upkeep\n|\n|t:|1698095053\n|switch|p2a: Talonflame|Talonflame, F|100\/100\n|turn|3\n|inactive|RFlo41 has 120 seconds left.\n|\n|t:|1698095107\n|move|p2a: Talonflame|Defog|p2b: Lurantis\n|-boost|p2b: Lurantis|evasion|1\n|move|p1a: Sus Bird|Aqua Step|p2a: Talonflame\n|-supereffective|p2a: Talonflame\n|-enditem|p2a: Talonflame|Focus Sash\n|-damage|p2a: Talonflame|1\/100\n|-boost|p1a: Sus Bird|spe|1\n|move|p1b: Grimace|Acid Armor|p1b: Grimace\n|-boost|p1b: Grimace|def|2\n|move|p2b: Lurantis|Superpower|p1a: Sus Bird\n|-damage|p1a: Sus Bird|0 fnt\n|-boost|p2b: Lurantis|atk|1\n|-boost|p2b: Lurantis|def|1\n|faint|p1a: Sus Bird\n|\n|upkeep\n|inactive|RFlo41 has 90 seconds left.\n|\n|t:|1698095135\n|switch|p1a: Iron Hands|Iron Hands|100\/100\n|turn|4\n|inactive|RFlo41 has 90 seconds left.\n|inactive|SXD2002 has 120 seconds left.\n|\n|t:|1698095175\n|move|p2a: Talonflame|Defog|p2b: Lurantis\n|-boost|p2b: Lurantis|evasion|1\n|move|p1b: Grimace|Sludge Bomb|p2a: Talonflame\n|-damage|p2a: Talonflame|0 fnt\n|faint|p2a: Talonflame\n|move|p1a: Iron Hands|Drain Punch|p2b: Lurantis\n|-supereffective|p2b: Lurantis\n|-damage|p2b: Lurantis|34\/100\n|move|p2b: Lurantis|Leaf Storm|p1a: Iron Hands\n|-damage|p1a: Iron Hands|53\/100\n|-boost|p2b: Lurantis|spa|2\n|\n|-heal|p2b: Lurantis|40\/100|[from] item: Leftovers\n|upkeep\n|\n|t:|1698095187\n|switch|p2a: Clefairy|Clefairy, M|100\/100\n|turn|5\n|\n|t:|1698095202\n|move|p2a: Clefairy|Follow Me|p2a: Clefairy\n|-singleturn|p2a: Clefairy|move: Follow Me\n|move|p1b: Grimace|Sludge Bomb|p2a: Clefairy\n|-supereffective|p2a: Clefairy\n|-damage|p2a: Clefairy|53\/100\n|move|p1a: Iron Hands|Drain Punch|p2a: Clefairy\n|-resisted|p2a: Clefairy\n|-damage|p2a: Clefairy|26\/100\n|-heal|p1a: Iron Hands|62\/100|[from] drain|[of] p2a: Clefairy\n|move|p2b: Lurantis|Leaf Storm|p1a: Iron Hands\n|-damage|p1a: Iron Hands|0 fnt\n|-boost|p2b: Lurantis|spa|2\n|faint|p1a: Iron Hands\n|-end|p1a: Iron Hands|Quark Drive|[silent]\n|\n|-heal|p2b: Lurantis|46\/100|[from] item: Leftovers\n|upkeep\n|inactive|RFlo41 has 90 seconds left.\n|\n|t:|1698095219\n|switch|p1a: Harambae 2|Oranguru, M|100\/100\n|turn|6\n|\n|t:|1698095227\n|move|p2a: Clefairy|Protect|p2a: Clefairy\n|-singleturn|p2a: Clefairy|Protect\n|move|p1b: Grimace|Sludge Wave|p2b: Lurantis|[spread] \n|-activate|p2a: Clefairy|move: Protect\n|-activate|p1a: Harambae 2|ability: Telepathy\n|-immune|p2b: Lurantis\n|move|p2b: Lurantis|Leech Life|p1a: Harambae 2\n|-supereffective|p1a: Harambae 2\n|-damage|p1a: Harambae 2|0 fnt\n|-heal|p2b: Lurantis|100\/100|[from] drain|[of] p1a: Harambae 2\n|faint|p1a: Harambae 2\n|\n|upkeep\n|\n|t:|1698095243\n|switch|p1a: Rocky|Golem-Alola, F|100\/100\n|turn|7\n|inactive|RFlo41 has 120 seconds left.\n|\n|t:|1698095263\n|-terastallize|p1b: Grimace|Fire\n|move|p2a: Clefairy|Follow Me|p2a: Clefairy\n|-singleturn|p2a: Clefairy|move: Follow Me\n|move|p1b: Grimace|Flamethrower|p2a: Clefairy\n|-damage|p2a: Clefairy|5\/100\n|move|p1a: Rocky|Body Slam|p2a: Clefairy\n|-damage|p2a: Clefairy|0 fnt\n|faint|p2a: Clefairy\n|move|p2b: Lurantis|Superpower|p1a: Rocky\n|-supereffective|p1a: Rocky\n|-damage|p1a: Rocky|0 fnt\n|-boost|p2b: Lurantis|atk|1\n|-boost|p2b: Lurantis|def|1\n|faint|p1a: Rocky\n|\n|upkeep\n|inactive|RFlo41 has 120 seconds left.\n|\n|t:|1698095284\n|switch|p1a: Poison|Toxapex, M|100\/100\n|switch|p2a: Grimmsnarl|Grimmsnarl, M|100\/100\n|turn|8\n|\n|t:|1698095302\n|move|p2a: Grimmsnarl|Fake Tears|p2b: Lurantis\n|-boost|p2b: Lurantis|spd|2\n|move|p1b: Grimace|Flamethrower|p2b: Lurantis|[miss]\n|-miss|p1b: Grimace|p2b: Lurantis\n|move|p2b: Lurantis|Leaf Storm|p1a: Poison\n|-damage|p1a: Poison|0 fnt\n|faint|p1a: Poison\n|\n|upkeep\n|turn|9\n|-message|RFlo41 forfeited.\n|\n|win|SXD2002\n|raw|RFlo41's rating: 1013 &rarr; <strong>1004<\/strong><br \/>(-9 for losing)\n|raw|SXD2002's rating: 1104 &rarr; <strong>1123<\/strong><br \/>(+19 for winning)\n|l|\u2606RFlo41\n|c|\u2606SXD2002|gg\n","uploadtime":1698095317,"views":10,"p1id":"rflo41","p2id":"sxd2002","formatid":"gen9doublesou","rating":1004,"private":0,"password":""}