{"id":"gen9doublesou-1970932389","p1":"GOD MAGIKARP11","p2":"Enchanted Shears","format":"[Gen 9] Doubles OU","log":"|j|\u2606GOD MAGIKARP11\n|j|\u2606Enchanted Shears\n|t:|1697682212\n|gametype|doubles\n|player|p1|GOD MAGIKARP11|169|1313\n|player|p2|Enchanted Shears|cogita|1223\n|teamsize|p1|6\n|teamsize|p2|6\n|gen|9\n|tier|[Gen 9] Doubles OU\n|rated|\n|rule|Species Clause: Limit one of each Pok\u00e9mon\n|rule|OHKO Clause: OHKO moves are banned\n|rule|Evasion Moves Clause: Evasion moves are banned\n|rule|Gravity Sleep Clause: The combination of sleep-inducing moves with imperfect accuracy and Gravity or Gigantamax Orbeetle are banned\n|rule|Endless Battle Clause: Forcing endless battles is banned\n|rule|HP Percentage Mod: HP is shown in percentages\n|clearpoke\n|poke|p1|Azelf|\n|poke|p1|Flutter Mane|\n|poke|p1|Bronzong|\n|poke|p1|Garganacl, M|\n|poke|p1|Arcanine, F|\n|poke|p1|Samurott-Hisui, F|\n|poke|p2|Ninetales-Alola, F|\n|poke|p2|Goodra-Hisui, M|\n|poke|p2|Sinistcha|\n|poke|p2|Volcarona, F|\n|poke|p2|Oricorio-Pom-Pom, M|\n|poke|p2|Gliscor, M|\n|teampreview\n|\n|t:|1697682224\n|start\n|switch|p1a: Azelf|Azelf|100\/100\n|switch|p1b: Flutter Mane|Flutter Mane|100\/100\n|switch|p2a: Borealis|Ninetales-Alola, F, shiny|100\/100\n|switch|p2b: Noods|Sinistcha|100\/100\n|-weather|Snow|[from] ability: Snow Warning|[of] p2a: Borealis\n|turn|1\n|inactive|Battle timer is ON: inactive players will automatically lose when time's up. (requested by GOD MAGIKARP11)\n|\n|t:|1697682240\n|move|p1b: Flutter Mane|Shadow Ball|p2b: Noods\n|-supereffective|p2b: Noods\n|-damage|p2b: Noods|12\/100\n|-enditem|p2b: Noods|Aguav Berry|[eat]\n|-heal|p2b: Noods|45\/100|[from] item: Aguav Berry\n|move|p2a: Borealis|Aurora Veil|p2a: Borealis\n|-sidestart|p2: Enchanted Shears|move: Aurora Veil\n|move|p1a: Azelf|Thunder Wave|p2b: Noods\n|-status|p2b: Noods|par\n|move|p2b: Noods|Shadow Ball|p1a: Azelf\n|-supereffective|p1a: Azelf\n|-damage|p1a: Azelf|0 fnt\n|faint|p1a: Azelf\n|\n|-weather|Snow|[upkeep]\n|upkeep\n|\n|t:|1697682253\n|switch|p1a: Arcanine|Arcanine, F|100\/100\n|-ability|p1a: Arcanine|Intimidate|boost\n|-unboost|p2a: Borealis|atk|1\n|-unboost|p2b: Noods|atk|1\n|turn|2\n|\n|t:|1697682267\n|switch|p2a: Turbo|Goodra-Hisui, M, shiny|100\/100\n|switch|p2b: man|Gliscor, M, shiny|100\/100\n|move|p1b: Flutter Mane|Shadow Ball|p2b: man\n|-damage|p2b: man|65\/100\n|move|p1a: Arcanine|Snarl|p2a: Turbo|[spread] p2a,p2b\n|-damage|p2a: Turbo|96\/100\n|-damage|p2b: man|57\/100\n|-unboost|p2a: Turbo|spa|1\n|-unboost|p2b: man|spa|1\n|\n|-weather|Snow|[upkeep]\n|-heal|p2a: Turbo|100\/100|[from] item: Leftovers\n|-status|p2b: man|tox|[from] item: Toxic Orb\n|upkeep\n|turn|3\n|\n|t:|1697682288\n|-end|p1b: Flutter Mane|Protosynthesis|[silent]\n|switch|p1b: Bronzong|Bronzong|100\/100\n|move|p2b: man|Protect|p2b: man\n|-singleturn|p2b: man|Protect\n|move|p1a: Arcanine|Will-O-Wisp|p2a: Turbo|[miss]\n|-miss|p1a: Arcanine|p2a: Turbo\n|move|p2a: Turbo|Earthquake|p1a: Arcanine|[spread] p1a\n|-activate|p2b: man|move: Protect\n|-immune|p1b: Bronzong|[from] ability: Levitate\n|-supereffective|p1a: Arcanine\n|-damage|p1a: Arcanine|51\/100\n|\n|-weather|Snow|[upkeep]\n|-heal|p2b: man|69\/100 tox|[from] ability: Poison Heal\n|upkeep\n|turn|4\n|\n|t:|1697682311\n|move|p2b: man|Rock Slide|p1a: Arcanine|[spread] p1a,p1b\n|-supereffective|p1a: Arcanine\n|-crit|p1a: Arcanine\n|-resisted|p1b: Bronzong\n|-damage|p1a: Arcanine|0 fnt\n|-damage|p1b: Bronzong|94\/100\n|faint|p1a: Arcanine\n|move|p2a: Turbo|Acid Armor|p2a: Turbo\n|-boost|p2a: Turbo|def|2\n|cant|p1b: Bronzong|flinch\n|\n|-weather|Snow|[upkeep]\n|-heal|p2b: man|82\/100 tox|[from] ability: Poison Heal\n|upkeep\n|\n|t:|1697682322\n|switch|p1a: Garganacl|Garganacl, M|100\/100\n|turn|5\n|\n|t:|1697682337\n|-terastallize|p1a: Garganacl|Ghost\n|move|p2b: man|Toxic|p1a: Garganacl\n|-immune|p1a: Garganacl|[from] ability: Purifying Salt\n|move|p2a: Turbo|Acid Armor|p2a: Turbo\n|-boost|p2a: Turbo|def|2\n|move|p1a: Garganacl|Salt Cure|p2a: Turbo\n|-resisted|p2a: Turbo\n|-damage|p2a: Turbo|99\/100\n|-start|p2a: Turbo|Salt Cure\n|move|p1b: Bronzong|Gyro Ball|p2b: man\n|-damage|p2b: man|69\/100 tox\n|\n|-weather|none\n|-heal|p2a: Turbo|100\/100|[from] item: Leftovers\n|-heal|p2b: man|81\/100 tox|[from] ability: Poison Heal\n|-damage|p2a: Turbo|76\/100|[from] Salt Cure\n|upkeep\n|turn|6\n|\n|t:|1697682360\n|move|p2b: man|Rock Slide|p1b: Bronzong|[spread] p1a\n|-miss|p2b: man|p1b: Bronzong\n|-damage|p1a: Garganacl|91\/100\n|move|p2a: Turbo|Earthquake|p1a: Garganacl|[spread] p1a\n|-immune|p2b: man\n|-immune|p1b: Bronzong|[from] ability: Levitate\n|-damage|p1a: Garganacl|78\/100\n|move|p1a: Garganacl|Iron Defense|p1a: Garganacl\n|-boost|p1a: Garganacl|def|2\n|move|p1b: Bronzong|Stealth Rock|p2b: man\n|-sidestart|p2: Enchanted Shears|move: Stealth Rock\n|\n|-heal|p2a: Turbo|82\/100|[from] item: Leftovers\n|-heal|p2b: man|93\/100 tox|[from] ability: Poison Heal\n|-damage|p2a: Turbo|57\/100|[from] Salt Cure\n|upkeep\n|turn|7\n|inactive|Enchanted Shears has 120 seconds left.\n|\n|t:|1697682396\n|move|p2b: man|Earthquake|p1b: Bronzong|[spread] p2a,p1a\n|-immune|p1b: Bronzong|[from] ability: Levitate\n|-supereffective|p2a: Turbo\n|-damage|p2a: Turbo|47\/100\n|-damage|p1a: Garganacl|68\/100\n|move|p2a: Turbo|Body Press|p1b: Bronzong\n|-damage|p1b: Bronzong|23\/100\n|move|p1a: Garganacl|Salt Cure|p2b: man\n|-damage|p2b: man|87\/100 tox\n|-start|p2b: man|Salt Cure\n|move|p1b: Bronzong|Gyro Ball|p2b: man\n|-damage|p2b: man|73\/100 tox\n|\n|-heal|p2a: Turbo|53\/100|[from] item: Leftovers\n|-heal|p2b: man|85\/100 tox|[from] ability: Poison Heal\n|-damage|p2b: man|73\/100 tox|[from] Salt Cure\n|-damage|p2a: Turbo|28\/100|[from] Salt Cure\n|upkeep\n|turn|8\n|inactive|Enchanted Shears has 120 seconds left.\n|\n|t:|1697682417\n|move|p1b: Bronzong|Protect|p1b: Bronzong\n|-singleturn|p1b: Bronzong|Protect\n|move|p2b: man|Earthquake|p1b: Bronzong|[spread] p2a,p1a\n|-activate|p1b: Bronzong|move: Protect\n|-supereffective|p2a: Turbo\n|-damage|p2a: Turbo|17\/100\n|-damage|p1a: Garganacl|57\/100\n|move|p2a: Turbo|Body Press|p1b: Bronzong\n|-activate|p1b: Bronzong|move: Protect\n|move|p1a: Garganacl|Iron Defense|p1a: Garganacl\n|-boost|p1a: Garganacl|def|2\n|\n|-heal|p2a: Turbo|23\/100|[from] item: Leftovers\n|-heal|p2b: man|85\/100 tox|[from] ability: Poison Heal\n|-damage|p2b: man|73\/100 tox|[from] Salt Cure\n|-damage|p2a: Turbo|0 fnt|[from] Salt Cure\n|faint|p2a: Turbo\n|-sideend|p2: Enchanted Shears|move: Aurora Veil\n|upkeep\n|inactive|Enchanted Shears has 120 seconds left.\n|\n|t:|1697682430\n|switch|p2a: Borealis|Ninetales-Alola, F, shiny|100\/100\n|-damage|p2a: Borealis|76\/100|[from] Stealth Rock\n|-weather|Snow|[from] ability: Snow Warning|[of] p2a: Borealis\n|turn|9\n|\n|t:|1697682443\n|move|p2a: Borealis|Encore|p1a: Garganacl\n|-start|p1a: Garganacl|Encore\n|move|p2b: man|Rock Slide|p1b: Bronzong|[spread] p1b\n|-miss|p2b: man|p1a: Garganacl\n|-resisted|p1b: Bronzong\n|-crit|p1b: Bronzong\n|-damage|p1b: Bronzong|13\/100\n|move|p1a: Garganacl|Iron Defense|p1a: Garganacl\n|-boost|p1a: Garganacl|def|2\n|cant|p1b: Bronzong|flinch\n|\n|-weather|Snow|[upkeep]\n|-heal|p2b: man|85\/100 tox|[from] ability: Poison Heal\n|-damage|p2b: man|73\/100 tox|[from] Salt Cure\n|upkeep\n|turn|10\n|\n|t:|1697682458\n|move|p2a: Borealis|Aurora Veil|p2a: Borealis\n|-sidestart|p2: Enchanted Shears|move: Aurora Veil\n|move|p2b: man|Earthquake|p1a: Garganacl|[spread] p2a,p1a\n|-immune|p1b: Bronzong|[from] ability: Levitate\n|-damage|p2a: Borealis|57\/100\n|-damage|p1a: Garganacl|52\/100\n|move|p1a: Garganacl|Iron Defense|p1a: Garganacl\n|-boost|p1a: Garganacl|def|0\n|move|p1b: Bronzong|Gyro Ball|p2a: Borealis\n|-supereffective|p2a: Borealis\n|-damage|p2a: Borealis|0 fnt\n|faint|p2a: Borealis\n|\n|-weather|Snow|[upkeep]\n|-heal|p2b: man|85\/100 tox|[from] ability: Poison Heal\n|-damage|p2b: man|73\/100 tox|[from] Salt Cure\n|upkeep\n|\n|t:|1697682467\n|switch|p2a: Noods|Sinistcha|45\/100 par\n|-damage|p2a: Noods|33\/100 par|[from] Stealth Rock\n|-heal|p2b: man|97\/100 tox|[from] ability: Hospitality|[of] p2a: Noods\n|turn|11\n|\n|t:|1697682482\n|move|p2b: man|Rock Slide|p1b: Bronzong|[spread] p1a,p1b\n|-resisted|p1b: Bronzong\n|-damage|p1a: Garganacl|50\/100\n|-damage|p1b: Bronzong|6\/100\n|move|p1a: Garganacl|Iron Defense|p1a: Garganacl\n|-boost|p1a: Garganacl|def|0\n|move|p2a: Noods|Matcha Gotcha|p1a: Garganacl|[spread] p1b\n|-miss|p2a: Noods|p1a: Garganacl\n|-resisted|p1b: Bronzong\n|-damage|p1b: Bronzong|0 fnt\n|-heal|p2a: Noods|36\/100 par|[from] drain|[of] p1b: Bronzong\n|faint|p1b: Bronzong\n|\n|-weather|Snow|[upkeep]\n|-heal|p2b: man|100\/100 tox|[from] ability: Poison Heal\n|-damage|p2b: man|88\/100 tox|[from] Salt Cure\n|-end|p1a: Garganacl|Encore\n|upkeep\n|\n|t:|1697682494\n|switch|p1b: Flutter Mane|Flutter Mane|100\/100\n|turn|12\n|\n|t:|1697682507\n|move|p1b: Flutter Mane|Shadow Ball|p2a: Noods\n|-supereffective|p2a: Noods\n|-damage|p2a: Noods|0 fnt\n|faint|p2a: Noods\n|move|p2b: man|Earthquake|p1b: Flutter Mane|[spread] p1a,p1b\n|-damage|p1a: Garganacl|44\/100\n|-damage|p1b: Flutter Mane|27\/100\n|move|p1a: Garganacl|Body Press|p2b: man\n|-resisted|p2b: man\n|-damage|p2b: man|67\/100 tox\n|\n|-weather|Snow|[upkeep]\n|-heal|p2b: man|79\/100 tox|[from] ability: Poison Heal\n|-damage|p2b: man|67\/100 tox|[from] Salt Cure\n|upkeep\n|\n|t:|1697682523\n|switch|p2a: Buttfly|Volcarona, F|100\/100\n|turn|13\n|\n|t:|1697682549\n|-terastallize|p2a: Buttfly|Water\n|move|p1b: Flutter Mane|Shadow Ball|p2a: Buttfly\n|-damage|p2a: Buttfly|70\/100\n|move|p2a: Buttfly|Quiver Dance|p2a: Buttfly\n|-boost|p2a: Buttfly|spa|1\n|-boost|p2a: Buttfly|spd|1\n|-boost|p2a: Buttfly|spe|1\n|move|p2b: man|Toxic|p1b: Flutter Mane\n|-status|p1b: Flutter Mane|tox\n|move|p1a: Garganacl|Salt Cure|p2a: Buttfly\n|-damage|p2a: Buttfly|60\/100\n|-start|p2a: Buttfly|Salt Cure\n|\n|-weather|none\n|-damage|p1b: Flutter Mane|21\/100 tox|[from] psn\n|-heal|p2b: man|79\/100 tox|[from] ability: Poison Heal\n|-damage|p2a: Buttfly|36\/100|[from] Salt Cure\n|-damage|p2b: man|67\/100 tox|[from] Salt Cure\n|upkeep\n|turn|14\n|\n|t:|1697682576\n|switch|p2b: Twink|Oricorio-Pom-Pom, M, shiny|100\/100\n|move|p1b: Flutter Mane|Protect|p1b: Flutter Mane\n|-singleturn|p1b: Flutter Mane|Protect\n|move|p2a: Buttfly|Quiver Dance|p2a: Buttfly\n|-boost|p2a: Buttfly|spa|1\n|-boost|p2a: Buttfly|spd|1\n|-boost|p2a: Buttfly|spe|1\n|-activate|p2b: Twink|ability: Dancer\n|move|p2b: Twink|Quiver Dance|p2b: Twink|[from]ability: Dancer\n|-boost|p2b: Twink|spa|1\n|-boost|p2b: Twink|spd|1\n|-boost|p2b: Twink|spe|1\n|move|p1a: Garganacl|Recover|p1a: Garganacl\n|-heal|p1a: Garganacl|94\/100\n|\n|-damage|p1b: Flutter Mane|9\/100 tox|[from] psn\n|-damage|p2a: Buttfly|11\/100|[from] Salt Cure\n|upkeep\n|turn|15\n|\n|t:|1697682594\n|move|p2a: Buttfly|Quiver Dance|p2a: Buttfly\n|-boost|p2a: Buttfly|spa|1\n|-boost|p2a: Buttfly|spd|1\n|-boost|p2a: Buttfly|spe|1\n|-activate|p2b: Twink|ability: Dancer\n|move|p2b: Twink|Quiver Dance|p2b: Twink|[from]ability: Dancer\n|-boost|p2b: Twink|spa|1\n|-boost|p2b: Twink|spd|1\n|-boost|p2b: Twink|spe|1\n|move|p2b: Twink|Quiver Dance|p2b: Twink\n|-boost|p2b: Twink|spa|1\n|-boost|p2b: Twink|spd|1\n|-boost|p2b: Twink|spe|1\n|move|p1b: Flutter Mane|Hyper Voice|p2b: Twink|[spread] p2a,p2b\n|-damage|p2a: Buttfly|4\/100\n|-damage|p2b: Twink|90\/100\n|move|p1a: Garganacl|Salt Cure|p2b: Twink\n|-supereffective|p2b: Twink\n|-damage|p2b: Twink|63\/100\n|-start|p2b: Twink|Salt Cure\n|\n|-damage|p1b: Flutter Mane|0 fnt|[from] psn\n|faint|p1b: Flutter Mane\n|-end|p1b: Flutter Mane|Protosynthesis|[silent]\n|-damage|p2a: Buttfly|0 fnt|[from] Salt Cure\n|faint|p2a: Buttfly\n|-damage|p2b: Twink|50\/100|[from] Salt Cure\n|upkeep\n|\n|t:|1697682617\n|switch|p1b: Samurott|Samurott-Hisui, F, shiny|100\/100\n|switch|p2a: man|Gliscor, M, shiny|67\/100 tox\n|-damage|p2a: man|54\/100 tox|[from] Stealth Rock\n|turn|16\n|\n|t:|1697682637\n|move|p1b: Samurott|Protect|p1b: Samurott\n|-singleturn|p1b: Samurott|Protect\n|move|p2b: Twink|Revelation Dance|p1a: Garganacl\n|-damage|p1a: Garganacl|34\/100\n|move|p2a: man|Toxic|p1b: Samurott\n|-activate|p1b: Samurott|move: Protect\n|move|p1a: Garganacl|Body Press|p2b: Twink\n|-resisted|p2b: Twink\n|-damage|p2b: Twink|7\/100\n|\n|-heal|p2a: man|67\/100 tox|[from] ability: Poison Heal\n|-damage|p2b: Twink|0 fnt|[from] Salt Cure\n|faint|p2b: Twink\n|upkeep\n|turn|17\n|\n|t:|1697682662\n|move|p1b: Samurott|Aqua Cutter|p2a: man\n|-supereffective|p2a: man\n|-damage|p2a: man|17\/100 tox\n|move|p2a: man|Toxic|p1b: Samurott\n|-status|p1b: Samurott|tox\n|move|p1a: Garganacl|Recover|p1a: Garganacl\n|-heal|p1a: Garganacl|84\/100\n|\n|-damage|p1b: Samurott|94\/100 tox|[from] psn\n|-heal|p2a: man|29\/100 tox|[from] ability: Poison Heal\n|-sideend|p2: Enchanted Shears|move: Aurora Veil\n|upkeep\n|turn|18\n|\n|t:|1697682672\n|move|p2a: man|Protect|p2a: man\n|-singleturn|p2a: man|Protect\n|move|p1b: Samurott|Aqua Cutter|p2a: man\n|-activate|p2a: man|move: Protect\n|move|p1a: Garganacl|Salt Cure|p2a: man\n|-activate|p2a: man|move: Protect\n|\n|-damage|p1b: Samurott|82\/100 tox|[from] psn\n|-heal|p2a: man|42\/100 tox|[from] ability: Poison Heal\n|upkeep\n|turn|19\n|\n|t:|1697682682\n|move|p2a: man|Protect||[still]\n|-fail|p2a: man\n|move|p1b: Samurott|Aqua Cutter|p2a: man\n|-supereffective|p2a: man\n|-damage|p2a: man|0 fnt\n|faint|p2a: man\n|\n|win|GOD MAGIKARP11\n|raw|GOD MAGIKARP11's rating: 1313 &rarr; <strong>1328<\/strong><br \/>(+15 for winning)\n|raw|Enchanted Shears's rating: 1223 &rarr; <strong>1204<\/strong><br \/>(-19 for losing)\n|l|\u2606Enchanted Shears\n","uploadtime":1697682690,"views":14,"p1id":"godmagikarp11","p2id":"enchantedshears","formatid":"gen9doublesou","rating":1204,"private":0,"password":""}