{"id":"gen9doublesou-1991033819","p1":"sleepcooling","p2":"Anish61","format":"[Gen 9] Doubles OU","log":"|j|\u2606sleepcooling\n|j|\u2606Anish61\n|t:|1700031688\n|gametype|doubles\n|player|p1|sleepcooling|twins-gen4dp|1491\n|player|p2|Anish61|unknown|1379\n|teamsize|p1|6\n|teamsize|p2|6\n|gen|9\n|tier|[Gen 9] Doubles OU\n|rated|\n|rule|Species Clause: Limit one of each Pok\u00e9mon\n|rule|OHKO Clause: OHKO moves are banned\n|rule|Evasion Moves Clause: Evasion moves are banned\n|rule|Gravity Sleep Clause: The combination of sleep-inducing moves with imperfect accuracy and Gravity or Gigantamax Orbeetle are banned\n|rule|Endless Battle Clause: Forcing endless battles is banned\n|rule|HP Percentage Mod: HP is shown in percentages\n|clearpoke\n|poke|p1|Golduck, F|\n|poke|p1|Murkrow, F|\n|poke|p1|Kommo-o, M|\n|poke|p1|Volcarona, F|\n|poke|p1|Sinistcha-Masterpiece|\n|poke|p1|Chi-Yu|\n|poke|p2|Dipplin, M|\n|poke|p2|Iron Bundle|\n|poke|p2|Moltres-Galar|\n|poke|p2|Heatran, M|\n|poke|p2|Ninetales-Alola, F|\n|poke|p2|Iron Hands|\n|teampreview\n|inactive|Battle timer is ON: inactive players will automatically lose when time's up. (requested by Anish61)\n|\n|t:|1700031697\n|start\n|switch|p1a: \u505c\u9e7f|Golduck, F|100\/100\n|switch|p1b: ting lu|Kommo-o, M|100\/100\n|switch|p2a: Iron Bundle|Iron Bundle, shiny|100\/100\n|switch|p2b: Ninetales|Ninetales-Alola, F, shiny|100\/100\n|-weather|Snow|[from] ability: Snow Warning|[of] p2b: Ninetales\n|-ability|p1a: \u505c\u9e7f|Cloud Nine\n|-enditem|p2a: Iron Bundle|Booster Energy\n|-activate|p2a: Iron Bundle|ability: Quark Drive|[fromitem]\n|-start|p2a: Iron Bundle|quarkdrivespa\n|turn|1\n|inactive|Anish61 has 120 seconds left.\n|\n|t:|1700031734\n|-terastallize|p1b: ting lu|Normal\n|move|p2a: Iron Bundle|Icy Wind|p1b: ting lu|[spread] p1a,p1b\n|-resisted|p1a: \u505c\u9e7f\n|-damage|p1a: \u505c\u9e7f|83\/100\n|-damage|p1b: ting lu|72\/100\n|-unboost|p1b: ting lu|spe|1\n|move|p2b: Ninetales|Hypnosis|p1b: ting lu\n|-status|p1b: ting lu|slp|[from] move: Hypnosis\n|move|p1a: \u505c\u9e7f|Simple Beam|p1b: ting lu\n|-endability|p1b: ting lu|Overcoat|[from] move: Simple Beam\n|-ability|p1b: ting lu|Simple|[from] move: Simple Beam\n|cant|p1b: ting lu|slp\n|\n|-weather|Snow|[upkeep]\n|-heal|p1b: ting lu|78\/100 slp|[from] item: Leftovers\n|upkeep\n|turn|2\n|inactive|Anish61 has 120 seconds left.\n|\n|t:|1700031765\n|move|p2a: Iron Bundle|Hydro Pump|p1b: ting lu\n|-damage|p1b: ting lu|5\/100 slp\n|move|p2b: Ninetales|Hypnosis|p1a: \u505c\u9e7f|[miss]\n|-miss|p2b: Ninetales|p1a: \u505c\u9e7f\n|move|p1a: \u505c\u9e7f|Yawn|p2a: Iron Bundle\n|-start|p2a: Iron Bundle|move: Yawn|[of] p1a: \u505c\u9e7f\n|cant|p1b: ting lu|slp\n|\n|-weather|Snow|[upkeep]\n|-heal|p1b: ting lu|11\/100 slp|[from] item: Leftovers\n|upkeep\n|turn|3\n|inactive|Anish61 has 120 seconds left.\n|\n|t:|1700031781\n|switch|p1a: \u4f60\u5e72\u561b\u54c8\u54c8\u54ce\u54df|Sinistcha-Masterpiece|100\/100\n|-heal|p1b: ting lu|36\/100 slp|[from] ability: Hospitality|[of] p1a: \u4f60\u5e72\u561b\u54c8\u54c8\u54ce\u54df\n|cant|p1b: ting lu|slp\n|move|p2a: Iron Bundle|Icy Wind|p1a: \u4f60\u5e72\u561b\u54c8\u54c8\u54ce\u54df|[spread] p1a,p1b\n|-supereffective|p1a: \u4f60\u5e72\u561b\u54c8\u54c8\u54ce\u54df\n|-damage|p1a: \u4f60\u5e72\u561b\u54c8\u54c8\u54ce\u54df|54\/100\n|-damage|p1b: ting lu|7\/100 slp\n|-unboost|p1a: \u4f60\u5e72\u561b\u54c8\u54c8\u54ce\u54df|spe|1\n|-unboost|p1b: ting lu|spe|2\n|move|p2b: Ninetales|Hypnosis|p1a: \u4f60\u5e72\u561b\u54c8\u54c8\u54ce\u54df\n|-status|p1a: \u4f60\u5e72\u561b\u54c8\u54c8\u54ce\u54df|slp|[from] move: Hypnosis\n|\n|-weather|Snow|[upkeep]\n|-heal|p1b: ting lu|13\/100 slp|[from] item: Leftovers\n|-end|p2a: Iron Bundle|move: Yawn|[silent]\n|-status|p2a: Iron Bundle|slp\n|upkeep\n|turn|4\n|\n|t:|1700031801\n|switch|p1a: \u505c\u9e7f|Golduck, F|83\/100\n|-ability|p1a: \u505c\u9e7f|Cloud Nine\n|-curestatus|p1b: ting lu|slp|[msg]\n|move|p1b: ting lu|Protect|p1b: ting lu\n|-singleturn|p1b: ting lu|Protect\n|cant|p2a: Iron Bundle|slp\n|move|p2b: Ninetales|Dazzling Gleam|p1b: ting lu|[spread] p1a\n|-activate|p1b: ting lu|move: Protect\n|-damage|p1a: \u505c\u9e7f|57\/100\n|\n|-weather|Snow|[upkeep]\n|-heal|p1b: ting lu|19\/100|[from] item: Leftovers\n|upkeep\n|turn|5\n|\n|t:|1700031813\n|switch|p1a: \u4f60\u5e72\u561b\u54c8\u54c8\u54ce\u54df|Sinistcha-Masterpiece|54\/100 slp\n|-heal|p1b: ting lu|44\/100|[from] ability: Hospitality|[of] p1a: \u4f60\u5e72\u561b\u54c8\u54c8\u54ce\u54df\n|cant|p2a: Iron Bundle|slp\n|move|p2b: Ninetales|Dazzling Gleam|p1a: \u4f60\u5e72\u561b\u54c8\u54c8\u54ce\u54df|[spread] p1a,p1b\n|-damage|p1a: \u4f60\u5e72\u561b\u54c8\u54c8\u54ce\u54df|35\/100 slp\n|-damage|p1b: ting lu|22\/100\n|-enditem|p1a: \u4f60\u5e72\u561b\u54c8\u54c8\u54ce\u54df|Sitrus Berry|[eat]\n|-heal|p1a: \u4f60\u5e72\u561b\u54c8\u54c8\u54ce\u54df|60\/100 slp|[from] item: Sitrus Berry\n|move|p1b: ting lu|Clangorous Soul||[still]\n|-fail|p1b: ting lu\n|\n|-weather|none\n|-heal|p1b: ting lu|28\/100|[from] item: Leftovers\n|upkeep\n|turn|6\n|\n|t:|1700031833\n|cant|p2a: Iron Bundle|slp\n|move|p2b: Ninetales|Dazzling Gleam|p1b: ting lu|[spread] p1a,p1b\n|-damage|p1a: \u4f60\u5e72\u561b\u54c8\u54c8\u54ce\u54df|41\/100 slp\n|-damage|p1b: ting lu|4\/100\n|cant|p1a: \u4f60\u5e72\u561b\u54c8\u54c8\u54ce\u54df|slp\n|move|p1b: ting lu|Drain Punch|p2a: Iron Bundle\n|-supereffective|p2a: Iron Bundle\n|-damage|p2a: Iron Bundle|14\/100 slp\n|-heal|p1b: ting lu|38\/100|[from] drain|[of] p2a: Iron Bundle\n|\n|-heal|p1b: ting lu|44\/100|[from] item: Leftovers\n|upkeep\n|turn|7\n|\n|t:|1700031849\n|move|p1b: ting lu|Protect|p1b: ting lu\n|-singleturn|p1b: ting lu|Protect\n|-curestatus|p2a: Iron Bundle|slp|[msg]\n|move|p2a: Iron Bundle|Icy Wind|p1b: ting lu|[spread] p1a\n|-activate|p1b: ting lu|move: Protect\n|-supereffective|p1a: \u4f60\u5e72\u561b\u54c8\u54c8\u54ce\u54df\n|-damage|p1a: \u4f60\u5e72\u561b\u54c8\u54c8\u54ce\u54df|0 fnt\n|faint|p1a: \u4f60\u5e72\u561b\u54c8\u54c8\u54ce\u54df\n|move|p2b: Ninetales|Dazzling Gleam|p1b: ting lu\n|-activate|p1b: ting lu|move: Protect\n|\n|-heal|p1b: ting lu|50\/100|[from] item: Leftovers\n|upkeep\n|\n|t:|1700031866\n|switch|p1a: \u5403\u9c7c|Chi-Yu|100\/100\n|-ability|p1a: \u5403\u9c7c|Beads of Ruin\n|turn|8\n|\n|t:|1700031881\n|move|p2a: Iron Bundle|Icy Wind|p1a: \u5403\u9c7c|[spread] p1a,p1b\n|-resisted|p1a: \u5403\u9c7c\n|-damage|p1a: \u5403\u9c7c|84\/100\n|-damage|p1b: ting lu|7\/100\n|-unboost|p1a: \u5403\u9c7c|spe|1\n|-unboost|p1b: ting lu|spe|2\n|move|p2b: Ninetales|Dazzling Gleam|p1a: \u5403\u9c7c|[spread] p1a,p1b\n|-damage|p1a: \u5403\u9c7c|58\/100\n|-damage|p1b: ting lu|0 fnt\n|faint|p1b: ting lu\n|move|p1a: \u5403\u9c7c|Heat Wave|p2b: Ninetales|[spread] p2a,p2b\n|-supereffective|p2b: Ninetales\n|-damage|p2a: Iron Bundle|0 fnt\n|-enditem|p2b: Ninetales|Focus Sash\n|-damage|p2b: Ninetales|1\/100\n|faint|p2a: Iron Bundle\n|-end|p2a: Iron Bundle|Quark Drive|[silent]\n|\n|upkeep\n|\n|t:|1700031907\n|switch|p2a: Dipplin|Dipplin, M, shiny|100\/100\n|switch|p1b: \u4f60\u77e5\u9053\u6211\u8981\u5e72\u561b|Murkrow, F|100\/100\n|-ability|p2a: Dipplin|Supersweet Syrup\n|-ability|p2a: Dipplin|Supersweet Syrup|boost\n|-unboost|p1a: \u5403\u9c7c|evasion|1\n|-unboost|p1b: \u4f60\u77e5\u9053\u6211\u8981\u5e72\u561b|evasion|1\n|turn|9\n|\n|t:|1700031923\n|move|p1b: \u4f60\u77e5\u9053\u6211\u8981\u5e72\u561b|Tailwind|p1b: \u4f60\u77e5\u9053\u6211\u8981\u5e72\u561b\n|-sidestart|p1: sleepcooling|move: Tailwind\n|move|p1a: \u5403\u9c7c|Heat Wave|p2b: Ninetales|[spread] p2b\n|-miss|p1a: \u5403\u9c7c|p2a: Dipplin\n|-supereffective|p2b: Ninetales\n|-damage|p2b: Ninetales|0 fnt\n|faint|p2b: Ninetales\n|move|p2a: Dipplin|Infestation|p1b: \u4f60\u77e5\u9053\u6211\u8981\u5e72\u561b\n|-damage|p1b: \u4f60\u77e5\u9053\u6211\u8981\u5e72\u561b|88\/100\n|-activate|p1b: \u4f60\u77e5\u9053\u6211\u8981\u5e72\u561b|move: Infestation|[of] p2a: Dipplin\n|\n|-damage|p1b: \u4f60\u77e5\u9053\u6211\u8981\u5e72\u561b|75\/100|[from] move: Infestation|[partiallytrapped]\n|upkeep\n|\n|t:|1700031938\n|switch|p2b: Iron Hands|Iron Hands, shiny|100\/100\n|turn|10\n|\n|t:|1700031949\n|move|p1a: \u5403\u9c7c|Protect|p1a: \u5403\u9c7c\n|-singleturn|p1a: \u5403\u9c7c|Protect\n|move|p2b: Iron Hands|Fake Out|p1a: \u5403\u9c7c\n|-activate|p1a: \u5403\u9c7c|move: Protect\n|move|p1b: \u4f60\u77e5\u9053\u6211\u8981\u5e72\u561b|Thunder Wave|p2a: Dipplin\n|-status|p2a: Dipplin|par\n|cant|p2a: Dipplin|par\n|\n|-damage|p1b: \u4f60\u77e5\u9053\u6211\u8981\u5e72\u561b|63\/100|[from] move: Infestation|[partiallytrapped]\n|upkeep\n|turn|11\n|inactive|sleepcooling has 120 seconds left.\n|\n|t:|1700031982\n|-end|p2b: Iron Hands|Quark Drive|[silent]\n|switch|p2b: Heatran|Heatran, M, shiny|100\/100\n|move|p1a: \u5403\u9c7c|Overheat|p2a: Dipplin\n|-damage|p2a: Dipplin|55\/100 par\n|-unboost|p1a: \u5403\u9c7c|spa|2\n|cant|p2a: Dipplin|par\n|move|p1b: \u4f60\u77e5\u9053\u6211\u8981\u5e72\u561b|Whirlwind|p2b: Heatran\n|drag|p2b: Moltres|Moltres-Galar, shiny|100\/100\n|\n|-damage|p1b: \u4f60\u77e5\u9053\u6211\u8981\u5e72\u561b|51\/100|[from] move: Infestation|[partiallytrapped]\n|upkeep\n|turn|12\n|\n|t:|1700032002\n|switch|p1a: \u505c\u9e7f|Golduck, F|57\/100\n|-ability|p1a: \u505c\u9e7f|Cloud Nine\n|switch|p2b: Heatran|Heatran, M, shiny|100\/100\n|move|p1b: \u4f60\u77e5\u9053\u6211\u8981\u5e72\u561b|Thunder Wave|p2b: Heatran\n|-status|p2b: Heatran|par\n|move|p2a: Dipplin|Recover|p2a: Dipplin\n|-heal|p2a: Dipplin|100\/100 par\n|\n|-damage|p1b: \u4f60\u77e5\u9053\u6211\u8981\u5e72\u561b|38\/100|[from] move: Infestation|[partiallytrapped]\n|-sideend|p1: sleepcooling|move: Tailwind\n|upkeep\n|turn|13\n|inactive|sleepcooling has 120 seconds left.\n|\n|t:|1700032034\n|switch|p2b: Iron Hands|Iron Hands, shiny|100\/100\n|move|p1a: \u505c\u9e7f|Icy Wind|p2b: Iron Hands|[spread] p2a,p2b\n|-supereffective|p2a: Dipplin\n|-damage|p2a: Dipplin|81\/100 par\n|-damage|p2b: Iron Hands|94\/100\n|-unboost|p2a: Dipplin|spe|1\n|-unboost|p2b: Iron Hands|spe|1\n|move|p2a: Dipplin|Infestation|p1a: \u505c\u9e7f\n|-damage|p1a: \u505c\u9e7f|51\/100\n|-activate|p1a: \u505c\u9e7f|move: Infestation|[of] p2a: Dipplin\n|move|p1b: \u4f60\u77e5\u9053\u6211\u8981\u5e72\u561b|Whirlwind|p2a: Dipplin\n|drag|p2a: Moltres|Moltres-Galar, shiny|100\/100\n|\n|-end|p1b: \u4f60\u77e5\u9053\u6211\u8981\u5e72\u561b|Infestation|[partiallytrapped]|[silent]\n|-end|p1a: \u505c\u9e7f|Infestation|[partiallytrapped]|[silent]\n|upkeep\n|turn|14\n|inactive|sleepcooling has 120 seconds left.\n|inactive|Anish61 has 120 seconds left.\n|\n|t:|1700032069\n|move|p1b: \u4f60\u77e5\u9053\u6211\u8981\u5e72\u561b|Tailwind|p1b: \u4f60\u77e5\u9053\u6211\u8981\u5e72\u561b\n|-sidestart|p1: sleepcooling|move: Tailwind\n|move|p1a: \u505c\u9e7f|Yawn|p2a: Moltres\n|-start|p2a: Moltres|move: Yawn|[of] p1a: \u505c\u9e7f\n|move|p2a: Moltres|Fiery Wrath|p1a: \u505c\u9e7f|[spread] p1a,p1b\n|-resisted|p1b: \u4f60\u77e5\u9053\u6211\u8981\u5e72\u561b\n|-damage|p1a: \u505c\u9e7f|14\/100\n|-damage|p1b: \u4f60\u77e5\u9053\u6211\u8981\u5e72\u561b|9\/100\n|move|p2b: Iron Hands|Heavy Slam|p1b: \u4f60\u77e5\u9053\u6211\u8981\u5e72\u561b\n|-damage|p1b: \u4f60\u77e5\u9053\u6211\u8981\u5e72\u561b|0 fnt\n|faint|p1b: \u4f60\u77e5\u9053\u6211\u8981\u5e72\u561b\n|\n|upkeep\n|inactive|sleepcooling has 120 seconds left.\n|\n|t:|1700032087\n|switch|p1b: chi yu|Volcarona, F|100\/100\n|turn|15\n|inactive|sleepcooling has 120 seconds left.\n|\n|t:|1700032115\n|move|p1a: \u505c\u9e7f|Yawn||[still]\n|-fail|p1a: \u505c\u9e7f\n|move|p1b: chi yu|Quiver Dance|p1b: chi yu\n|-boost|p1b: chi yu|spa|1\n|-boost|p1b: chi yu|spd|1\n|-boost|p1b: chi yu|spe|1\n|move|p2a: Moltres|Fiery Wrath|p1a: \u505c\u9e7f|[spread] p1a,p1b\n|-damage|p1a: \u505c\u9e7f|0 fnt\n|-damage|p1b: chi yu|80\/100\n|faint|p1a: \u505c\u9e7f\n|move|p2b: Iron Hands|Wild Charge|p1b: chi yu\n|-damage|p1b: chi yu|30\/100\n|-status|p2b: Iron Hands|brn|[from] ability: Flame Body|[of] p1b: chi yu\n|-damage|p2b: Iron Hands|86\/100 brn|[from] Recoil\n|\n|-heal|p1b: chi yu|36\/100|[from] item: Leftovers\n|-damage|p2b: Iron Hands|80\/100 brn|[from] brn\n|-end|p2a: Moltres|move: Yawn|[silent]\n|-status|p2a: Moltres|slp\n|upkeep\n|\n|t:|1700032129\n|switch|p1a: \u5403\u9c7c|Chi-Yu|58\/100\n|-ability|p1a: \u5403\u9c7c|Beads of Ruin\n|turn|16\n|inactive|sleepcooling has 120 seconds left.\n|inactive|Anish61 has 120 seconds left.\n|\n|t:|1700032159\n|move|p1b: chi yu|Giga Drain|p2b: Iron Hands\n|-damage|p2b: Iron Hands|51\/100 brn\n|-heal|p1b: chi yu|58\/100|[from] drain|[of] p2b: Iron Hands\n|move|p1a: \u5403\u9c7c|Dark Pulse|p2b: Iron Hands\n|-resisted|p2b: Iron Hands\n|-damage|p2b: Iron Hands|32\/100 brn\n|cant|p2a: Moltres|slp\n|move|p2b: Iron Hands|Wild Charge|p1b: chi yu\n|-damage|p1b: chi yu|33\/100\n|-damage|p2b: Iron Hands|28\/100 brn|[from] Recoil\n|\n|-heal|p1b: chi yu|39\/100|[from] item: Leftovers\n|-damage|p2b: Iron Hands|22\/100 brn|[from] brn\n|upkeep\n|turn|17\n|inactive|sleepcooling has 120 seconds left.\n|\n|t:|1700032176\n|move|p1b: chi yu|Quiver Dance|p1b: chi yu\n|-boost|p1b: chi yu|spa|1\n|-boost|p1b: chi yu|spd|1\n|-boost|p1b: chi yu|spe|1\n|move|p1a: \u5403\u9c7c|Heat Wave|p2a: Moltres|[spread] p2a,p2b\n|-damage|p2a: Moltres|57\/100 slp\n|-damage|p2b: Iron Hands|0 fnt\n|faint|p2b: Iron Hands\n|-end|p2b: Iron Hands|Quark Drive|[silent]\n|cant|p2a: Moltres|slp\n|\n|-heal|p1b: chi yu|45\/100|[from] item: Leftovers\n|-sideend|p1: sleepcooling|move: Tailwind\n|upkeep\n|\n|t:|1700032188\n|switch|p2b: Heatran|Heatran, M, shiny|100\/100 par\n|turn|18\n|\n|t:|1700032196\n|move|p1b: chi yu|Giga Drain|p2a: Moltres\n|-resisted|p2a: Moltres\n|-damage|p2a: Moltres|32\/100 slp\n|-heal|p1b: chi yu|57\/100|[from] drain|[of] p2a: Moltres\n|-ability|p2a: Moltres|Berserk|boost\n|-boost|p2a: Moltres|spa|1\n|-enditem|p2a: Moltres|Sitrus Berry|[eat]\n|-heal|p2a: Moltres|57\/100 slp|[from] item: Sitrus Berry\n|move|p1a: \u5403\u9c7c|Dark Pulse|p2b: Heatran\n|-damage|p2b: Heatran|62\/100 par\n|cant|p2a: Moltres|slp\n|cant|p2b: Heatran|flinch\n|\n|-heal|p1b: chi yu|63\/100|[from] item: Leftovers\n|-heal|p2b: Heatran|69\/100 par|[from] item: Leftovers\n|upkeep\n|turn|19\n|\n|t:|1700032217\n|cant|p2b: Heatran|par\n|move|p1b: chi yu|Giga Drain|p2a: Moltres\n|-resisted|p2a: Moltres\n|-damage|p2a: Moltres|29\/100 slp\n|-heal|p1b: chi yu|76\/100|[from] drain|[of] p2a: Moltres\n|-ability|p2a: Moltres|Berserk|boost\n|-boost|p2a: Moltres|spa|1\n|move|p1a: \u5403\u9c7c|Heat Wave|p2a: Moltres|[spread] p2a\n|-start|p2b: Heatran|ability: Flash Fire\n|-damage|p2a: Moltres|0 fnt\n|faint|p2a: Moltres\n|\n|-heal|p1b: chi yu|82\/100|[from] item: Leftovers\n|-heal|p2b: Heatran|75\/100 par|[from] item: Leftovers\n|upkeep\n|\n|t:|1700032229\n|switch|p2a: Dipplin|Dipplin, M, shiny|81\/100 par\n|turn|20\n|\n|t:|1700032245\n|move|p1b: chi yu|Heat Wave|p2a: Dipplin|[spread] p2a\n|-immune|p2b: Heatran|[from] ability: Flash Fire\n|-damage|p2a: Dipplin|34\/100 par\n|move|p1a: \u5403\u9c7c|Dark Pulse|p2b: Heatran\n|-damage|p2b: Heatran|41\/100 par\n|move|p2b: Heatran|Heat Wave|p1a: \u5403\u9c7c|[spread] p1a,p1b\n|-resisted|p1a: \u5403\u9c7c\n|-damage|p1a: \u5403\u9c7c|32\/100\n|-damage|p1b: chi yu|54\/100\n|move|p2a: Dipplin|Infestation|p1b: chi yu\n|-resisted|p1b: chi yu\n|-damage|p1b: chi yu|52\/100\n|-activate|p1b: chi yu|move: Infestation|[of] p2a: Dipplin\n|\n|-heal|p1b: chi yu|59\/100|[from] item: Leftovers\n|-heal|p2b: Heatran|48\/100 par|[from] item: Leftovers\n|-damage|p1b: chi yu|46\/100|[from] move: Infestation|[partiallytrapped]\n|upkeep\n|turn|21\n|\n|t:|1700032266\n|move|p1b: chi yu|Giga Drain|p2b: Heatran\n|-resisted|p2b: Heatran\n|-damage|p2b: Heatran|39\/100 par\n|-heal|p1b: chi yu|51\/100|[from] drain|[of] p2b: Heatran\n|move|p1a: \u5403\u9c7c|Dark Pulse|p2b: Heatran\n|-damage|p2b: Heatran|5\/100 par\n|cant|p2b: Heatran|par\n|cant|p2a: Dipplin|par\n|\n|-heal|p1b: chi yu|57\/100|[from] item: Leftovers\n|-heal|p2b: Heatran|11\/100 par|[from] item: Leftovers\n|-damage|p1b: chi yu|45\/100|[from] move: Infestation|[partiallytrapped]\n|upkeep\n|turn|22\n|\n|t:|1700032283\n|move|p1b: chi yu|Protect|p1b: chi yu\n|-singleturn|p1b: chi yu|Protect\n|move|p2b: Heatran|Protect|p2b: Heatran\n|-singleturn|p2b: Heatran|Protect\n|move|p1a: \u5403\u9c7c|Dark Pulse|p2b: Heatran\n|-activate|p2b: Heatran|move: Protect\n|move|p2a: Dipplin|Recover|p2a: Dipplin\n|-heal|p2a: Dipplin|84\/100 par\n|\n|-heal|p1b: chi yu|51\/100|[from] item: Leftovers\n|-heal|p2b: Heatran|18\/100 par|[from] item: Leftovers\n|-damage|p1b: chi yu|39\/100|[from] move: Infestation|[partiallytrapped]\n|upkeep\n|turn|23\n|\n|t:|1700032300\n|move|p1b: chi yu|Heat Wave|p2a: Dipplin|[spread] p2a\n|-immune|p2b: Heatran|[from] ability: Flash Fire\n|-damage|p2a: Dipplin|40\/100 par\n|move|p1a: \u5403\u9c7c|Dark Pulse|p2b: Heatran\n|-damage|p2b: Heatran|0 fnt\n|faint|p2b: Heatran\n|move|p2a: Dipplin|Infestation|p1a: \u5403\u9c7c\n|-damage|p1a: \u5403\u9c7c|27\/100\n|-activate|p1a: \u5403\u9c7c|move: Infestation|[of] p2a: Dipplin\n|\n|-heal|p1b: chi yu|45\/100|[from] item: Leftovers\n|-damage|p1b: chi yu|33\/100|[from] move: Infestation|[partiallytrapped]\n|-damage|p1a: \u5403\u9c7c|14\/100|[from] move: Infestation|[partiallytrapped]\n|upkeep\n|turn|24\n|\n|t:|1700032313\n|move|p1b: chi yu|Heat Wave|p2a: Dipplin\n|-damage|p2a: Dipplin|0 fnt\n|faint|p2a: Dipplin\n|\n|win|sleepcooling\n|raw|sleepcooling's rating: 1491 &rarr; <strong>1505<\/strong><br \/>(+14 for winning)\n|raw|Anish61's rating: 1379 &rarr; <strong>1365<\/strong><br \/>(-14 for losing)\n|l|\u2606Anish61\n","uploadtime":1700032552,"views":14,"p1id":"sleepcooling","p2id":"anish61","formatid":"gen9doublesou","rating":1365,"private":0,"password":""}