{"id":"gen9doublesou-1972999164","p1":"Duketheduke","p2":"PokemonUser19283","format":"[Gen 9] Doubles OU","log":"|j|\u2606Duketheduke\n|j|\u2606PokemonUser19283\n|t:|1697916943\n|gametype|doubles\n|player|p1|Duketheduke|adaman|1035\n|player|p2|PokemonUser19283|lance-gen2|1000\n|teamsize|p1|6\n|teamsize|p2|6\n|gen|9\n|tier|[Gen 9] Doubles OU\n|rated|\n|rule|Species Clause: Limit one of each Pok\u00e9mon\n|rule|OHKO Clause: OHKO moves are banned\n|rule|Evasion Moves Clause: Evasion moves are banned\n|rule|Gravity Sleep Clause: The combination of sleep-inducing moves with imperfect accuracy and Gravity or Gigantamax Orbeetle are banned\n|rule|Endless Battle Clause: Forcing endless battles is banned\n|rule|HP Percentage Mod: HP is shown in percentages\n|clearpoke\n|poke|p1|Armarouge, M|\n|poke|p1|Maushold-Four|\n|poke|p1|Garganacl, M|\n|poke|p1|Grimmsnarl, M|\n|poke|p1|Iron Bundle|\n|poke|p1|Indeedee-F, F|\n|poke|p2|Forretress, M|\n|poke|p2|Golem-Alola, M|\n|poke|p2|Garganacl, F|\n|poke|p2|Regieleki|\n|poke|p2|Kingambit, F|\n|poke|p2|Drifblim, M|\n|teampreview\n|\n|t:|1697916952\n|start\n|switch|p1a: Mega man|Armarouge, M, shiny|100\/100\n|switch|p1b: Bruno|Maushold-Four, shiny|100\/100\n|switch|p2a: Forretress|Forretress, M|100\/100\n|switch|p2b: Drifblim|Drifblim, M|100\/100\n|turn|1\n|c|\u2606Duketheduke|Hi\n|c|\u2606PokemonUser19283|ello\n|\n|t:|1697916975\n|move|p2b: Drifblim|Helping Hand|p2a: Forretress\n|-singleturn|p2a: Forretress|Helping Hand|[of] p2b: Drifblim\n|move|p1b: Bruno|Bullet Seed|p1a: Mega man\n|-resisted|p1a: Mega man\n|-damage|p1a: Mega man|96\/100\n|-ability|p1a: Mega man|Weak Armor|boost\n|-unboost|p1a: Mega man|def|1\n|-boost|p1a: Mega man|spe|2\n|-resisted|p1a: Mega man\n|-damage|p1a: Mega man|90\/100\n|-ability|p1a: Mega man|Weak Armor|boost\n|-unboost|p1a: Mega man|def|1\n|-boost|p1a: Mega man|spe|2\n|-resisted|p1a: Mega man\n|-damage|p1a: Mega man|81\/100\n|-ability|p1a: Mega man|Weak Armor|boost\n|-unboost|p1a: Mega man|def|1\n|-boost|p1a: Mega man|spe|2\n|-resisted|p1a: Mega man\n|-damage|p1a: Mega man|71\/100\n|-ability|p1a: Mega man|Weak Armor|boost\n|-unboost|p1a: Mega man|def|1\n|-hitcount|p1a: Mega man|4\n|move|p1a: Mega man|Shadow Ball|p2b: Drifblim\n|-supereffective|p2b: Drifblim\n|-damage|p2b: Drifblim|33\/100\n|move|p2a: Forretress|Explosion|p1b: Bruno|[spread] p1a,p1b\n|-immune|p2b: Drifblim\n|-enditem|p2a: Forretress|Normal Gem|[from] gem\n|-damage|p1a: Mega man|0 fnt\n|-damage|p1b: Bruno|0 fnt\n|faint|p2a: Forretress\n|faint|p1a: Mega man\n|faint|p1b: Bruno\n|\n|upkeep\n|c|\u2606Duketheduke|Best strat\n|c|\u2606PokemonUser19283|fr\n|c|\u2606Duketheduke|Omg\n|c|\u2606PokemonUser19283|money\n|\n|t:|1697917014\n|switch|p1b: Harry|Grimmsnarl, M, shiny|100\/100\n|switch|p1a: McQueen|Iron Bundle, shiny|100\/100\n|switch|p2a: Golem|Golem-Alola, M|100\/100\n|-enditem|p1a: McQueen|Booster Energy\n|-activate|p1a: McQueen|ability: Quark Drive|[fromitem]\n|-start|p1a: McQueen|quarkdrivespe\n|turn|2\n|\n|t:|1697917028\n|move|p2b: Drifblim|Helping Hand|p2a: Golem\n|-singleturn|p2a: Golem|Helping Hand|[of] p2b: Drifblim\n|move|p1b: Harry|Metronome|p1b: Harry\n|move|p1b: Harry|Head Smash|p2a: Golem|[from]move: Metronome\n|-damage|p2a: Golem|74\/100\n|-damage|p1b: Harry|88\/100|[from] Recoil\n|move|p1a: McQueen|Hydro Pump|p2a: Golem\n|-supereffective|p2a: Golem\n|-damage|p2a: Golem|0 fnt\n|faint|p2a: Golem\n|\n|upkeep\n|\n|t:|1697917041\n|switch|p2a: Garganacl|Garganacl, F|100\/100\n|turn|3\n|c|\u2606Duketheduke|Prankster Metronome\n|c|\u2606PokemonUser19283|w strap\n|c|\u2606PokemonUser19283|strat\n|\n|t:|1697917071\n|move|p2b: Drifblim|Helping Hand|p2a: Garganacl\n|-singleturn|p2a: Garganacl|Helping Hand|[of] p2b: Drifblim\n|move|p1b: Harry|Metronome|p1b: Harry\n|move|p1b: Harry|Guard Split|p2b: Drifblim|[from]move: Metronome\n|-activate|p1b: Harry|move: Guard Split|[of] p2b: Drifblim\n|move|p1a: McQueen|Hydro Pump|p2a: Garganacl\n|-supereffective|p2a: Garganacl\n|-damage|p2a: Garganacl|23\/100\n|move|p2a: Garganacl|Explosion|p1b: Harry|[spread] p1a,p1b\n|-immune|p2b: Drifblim\n|-damage|p1a: McQueen|0 fnt\n|-damage|p1b: Harry|0 fnt\n|faint|p2a: Garganacl\n|faint|p1a: McQueen\n|-end|p1a: McQueen|Quark Drive|[silent]\n|faint|p1b: Harry\n|\n|upkeep\n|c|\u2606PokemonUser19283|explosION\n|\n|t:|1697917086\n|switch|p1a: Steve|Garganacl, M, shiny|100\/100\n|switch|p1b: Butler|Indeedee-F, F, shiny|100\/100\n|switch|p2a: Regieleki|Regieleki|100\/100\n|-fieldstart|move: Psychic Terrain|[from] ability: Psychic Surge|[of] p1b: Butler\n|-enditem|p1b: Butler|Psychic Seed\n|-boost|p1b: Butler|spd|1|[from] item: Psychic Seed\n|turn|4\n|c|\u2606Duketheduke|Jesus\n|\n|t:|1697917103\n|-terastallize|p1a: Steve|Ghost\n|move|p2b: Drifblim|Helping Hand|p2a: Regieleki\n|-singleturn|p2a: Regieleki|Helping Hand|[of] p2b: Drifblim\n|move|p2a: Regieleki|Explosion|p1b: Butler|[spread] p1b\n|-immune|p2b: Drifblim\n|-immune|p1a: Steve\n|-damage|p1b: Butler|6\/100\n|faint|p2a: Regieleki\n|move|p1b: Butler|Calm Mind|p1b: Butler\n|-boost|p1b: Butler|spa|1\n|-boost|p1b: Butler|spd|1\n|move|p1a: Steve|Salt Cure|p2b: Drifblim\n|-supereffective|p2b: Drifblim\n|-damage|p2b: Drifblim|9\/100\n|-start|p2b: Drifblim|Salt Cure\n|\n|-damage|p2b: Drifblim|0 fnt|[from] Salt Cure\n|faint|p2b: Drifblim\n|upkeep\n|c|\u2606PokemonUser19283|god damit steve\n|\n|t:|1697917121\n|switch|p2a: Kingambit|Kingambit, F|100\/100\n|-activate|p2a: Kingambit|ability: Supreme Overlord\n|-start|p2a: Kingambit|fallen5|[silent]\n|turn|5\n|c|\u2606Duketheduke|Lets gooo\n|\n|t:|1697917132\n|move|p1a: Steve|Protect|p1a: Steve\n|-singleturn|p1a: Steve|Protect\n|move|p1b: Butler|Reflect|p1b: Butler\n|-sidestart|p1: Duketheduke|Reflect\n|move|p2a: Kingambit|Kowtow Cleave|p1a: Steve\n|-activate|p1a: Steve|move: Protect\n|\n|upkeep\n|turn|6\n|c|\u2606Duketheduke|W\n|c|\u2606PokemonUser19283|Steve you\n|c|\u2606PokemonUser19283|MOttherfucker\n|c|\u2606Duketheduke|Lol\n|\n|t:|1697917160\n|move|p1b: Butler|Calm Mind|p1b: Butler\n|-boost|p1b: Butler|spa|1\n|-boost|p1b: Butler|spd|1\n|move|p2a: Kingambit|Kowtow Cleave|p1b: Butler\n|-supereffective|p1b: Butler\n|-crit|p1b: Butler\n|-damage|p1b: Butler|0 fnt\n|faint|p1b: Butler\n|move|p1a: Steve|Salt Cure|p2a: Kingambit\n|-resisted|p2a: Kingambit\n|-damage|p2a: Kingambit|95\/100\n|-start|p2a: Kingambit|Salt Cure\n|\n|-damage|p2a: Kingambit|70\/100|[from] Salt Cure\n|upkeep\n|turn|7\n|\n|t:|1697917172\n|move|p1a: Steve|Protect|p1a: Steve\n|-singleturn|p1a: Steve|Protect\n|move|p2a: Kingambit|Kowtow Cleave|p1a: Steve\n|-activate|p1a: Steve|move: Protect\n|\n|-damage|p2a: Kingambit|45\/100|[from] Salt Cure\n|upkeep\n|turn|8\n|\n|t:|1697917183\n|move|p2a: Kingambit|Kowtow Cleave|p1a: Steve\n|-supereffective|p1a: Steve\n|-damage|p1a: Steve|35\/100\n|move|p1a: Steve|Curse|p2a: Kingambit\n|-start|p2a: Kingambit|Curse|[of] p1a: Steve\n|-damage|p1a: Steve|0 fnt\n|faint|p1a: Steve\n|\n|win|PokemonUser19283\n|raw|Duketheduke's rating: 1035 &rarr; <strong>1018<\/strong><br \/>(-17 for losing)\n|raw|PokemonUser19283's rating: 1000 &rarr; <strong>1044<\/strong><br \/>(+44 for winning)\n|c|\u2606PokemonUser19283|I know where you live steve\n","uploadtime":1697917145,"views":20,"p1id":"duketheduke","p2id":"pokemonuser19283","formatid":"gen9doublesou","rating":1018,"private":0,"password":""}