{"id":"gen9doublesou-1971806808","p1":"SpiderPrincess","p2":"existentialism77","format":"[Gen 9] Doubles OU","log":"|j|\u2606SpiderPrincess\n|j|\u2606existentialism77\n|t:|1697774684\n|gametype|doubles\n|player|p1|SpiderPrincess|marley|1116\n|player|p2|existentialism77|cynthia-gen4|1101\n|teamsize|p1|6\n|teamsize|p2|6\n|gen|9\n|tier|[Gen 9] Doubles OU\n|rated|\n|rule|Species Clause: Limit one of each Pok\u00e9mon\n|rule|OHKO Clause: OHKO moves are banned\n|rule|Evasion Moves Clause: Evasion moves are banned\n|rule|Gravity Sleep Clause: The combination of sleep-inducing moves with imperfect accuracy and Gravity or Gigantamax Orbeetle are banned\n|rule|Endless Battle Clause: Forcing endless battles is banned\n|rule|HP Percentage Mod: HP is shown in percentages\n|clearpoke\n|poke|p1|Arboliva, F|\n|poke|p1|Gogoat, F|\n|poke|p1|Klefki, F|\n|poke|p1|Floatzel, F|\n|poke|p1|Haxorus, F|\n|poke|p1|Maushold-Four|\n|poke|p2|Ursaluna-Bloodmoon, M|\n|poke|p2|Cresselia, F|\n|poke|p2|Iron Hands|\n|poke|p2|Flutter Mane|\n|poke|p2|Heatran, M|\n|poke|p2|Ogerpon-Wellspring, F|\n|teampreview\n|inactive|Battle timer is ON: inactive players will automatically lose when time's up. (requested by existentialism77)\n|\n|t:|1697774721\n|start\n|switch|p1a: Klefki|Klefki, F|100\/100\n|switch|p1b: Haxorus|Haxorus, F|100\/100\n|switch|p2a: Brian|Iron Hands|100\/100\n|switch|p2b: bedbuge|Heatran, M|100\/100\n|-ability|p1b: Haxorus|Mold Breaker\n|turn|1\n|inactive|SpiderPrincess has 120 seconds left.\n|\n|t:|1697774764\n|move|p1a: Klefki|Light Screen|p1a: Klefki\n|-sidestart|p1: SpiderPrincess|move: Light Screen\n|move|p1b: Haxorus|Dragon Dance|p1b: Haxorus\n|-boost|p1b: Haxorus|atk|1\n|-boost|p1b: Haxorus|spe|1\n|move|p2b: bedbuge|Flamethrower|p1a: Klefki\n|-supereffective|p1a: Klefki\n|-damage|p1a: Klefki|22\/100\n|move|p2a: Brian|Drain Punch|p1b: Haxorus\n|-damage|p1b: Haxorus|40\/100\n|\n|upkeep\n|turn|2\n|inactive|SpiderPrincess has 120 seconds left.\n|\n|t:|1697774789\n|move|p1a: Klefki|Reflect|p1a: Klefki\n|-sidestart|p1: SpiderPrincess|Reflect\n|move|p1b: Haxorus|Rock Slide|p2b: bedbuge|[spread] p2a,p2b\n|-resisted|p2a: Brian\n|-damage|p2a: Brian|90\/100\n|-damage|p2b: bedbuge|72\/100\n|move|p2b: bedbuge|Earth Power|p1a: Klefki\n|-supereffective|p1a: Klefki\n|-damage|p1a: Klefki|0 fnt\n|faint|p1a: Klefki\n|cant|p2a: Brian|flinch\n|\n|-heal|p2b: bedbuge|78\/100|[from] item: Leftovers\n|upkeep\n|inactive|SpiderPrincess has 120 seconds left.\n|\n|t:|1697774814\n|switch|p1a: Gogoat|Gogoat, F|100\/100\n|turn|3\n|inactive|SpiderPrincess has 120 seconds left.\n|\n|t:|1697774835\n|-terastallize|p1a: Gogoat|Water\n|move|p1b: Haxorus|Rock Slide|p2a: Brian|[spread] p2a,p2b\n|-resisted|p2a: Brian\n|-damage|p2a: Brian|81\/100\n|-damage|p2b: bedbuge|51\/100\n|cant|p2b: bedbuge|flinch\n|move|p1a: Gogoat|Surf|p2b: bedbuge|[spread] p1b,p2a,p2b\n|-resisted|p1b: Haxorus\n|-supereffective|p2b: bedbuge\n|-damage|p1b: Haxorus|24\/100\n|-damage|p2a: Brian|62\/100\n|-damage|p2b: bedbuge|1\/100\n|move|p2a: Brian|Drain Punch|p1b: Haxorus\n|-crit|p1b: Haxorus\n|-damage|p1b: Haxorus|0 fnt\n|-heal|p2a: Brian|69\/100|[from] drain|[of] p1b: Haxorus\n|faint|p1b: Haxorus\n|\n|-heal|p2b: bedbuge|7\/100|[from] item: Leftovers\n|upkeep\n|inactive|SpiderPrincess has 90 seconds left.\n|\n|t:|1697774861\n|switch|p1b: Maushold|Maushold-Four|100\/100\n|turn|4\n|\n|t:|1697774883\n|-terastallize|p2a: Brian|Fighting\n|move|p2b: bedbuge|Protect|p2b: bedbuge\n|-singleturn|p2b: bedbuge|Protect\n|move|p1b: Maushold|Super Fang|p2a: Brian\n|-damage|p2a: Brian|35\/100\n|move|p1a: Gogoat|Surf|p2b: bedbuge|[spread] p1b,p2a\n|-activate|p2b: bedbuge|move: Protect\n|-damage|p1b: Maushold|77\/100\n|-damage|p2a: Brian|16\/100\n|move|p2a: Brian|Drain Punch|p1b: Maushold\n|-supereffective|p1b: Maushold\n|-damage|p1b: Maushold|0 fnt\n|-heal|p2a: Brian|43\/100|[from] drain|[of] p1b: Maushold\n|faint|p1b: Maushold\n|\n|-heal|p2b: bedbuge|14\/100|[from] item: Leftovers\n|upkeep\n|inactive|SpiderPrincess has 90 seconds left.\n|\n|t:|1697774899\n|switch|p1b: Floatzel|Floatzel, F|100\/100\n|turn|5\n|\n|t:|1697774924\n|move|p2b: bedbuge|Protect||[still]\n|-fail|p2b: bedbuge\n|move|p1b: Floatzel|Liquidation|p2a: Brian\n|-damage|p2a: Brian|16\/100\n|-unboost|p2a: Brian|def|1\n|move|p1a: Gogoat|Surf|p2a: Brian|[spread] p1b,p2a,p2b\n|-resisted|p1b: Floatzel\n|-supereffective|p2b: bedbuge\n|-crit|p2b: bedbuge\n|-damage|p1b: Floatzel|80\/100\n|-damage|p2a: Brian|0 fnt\n|-damage|p2b: bedbuge|0 fnt\n|faint|p2a: Brian\n|-end|p2a: Brian|Quark Drive|[silent]\n|faint|p2b: bedbuge\n|\n|upkeep\n|inactive|existentialism77 has 120 seconds left.\n|\n|t:|1697774946\n|switch|p2b: Toothbrush|Flutter Mane|100\/100\n|switch|p2a: Fountain of Youth|Ogerpon-Wellspring, F|100\/100\n|-enditem|p2b: Toothbrush|Booster Energy\n|-activate|p2b: Toothbrush|ability: Protosynthesis|[fromitem]\n|-start|p2b: Toothbrush|protosynthesisspe\n|turn|6\n|inactive|SpiderPrincess has 120 seconds left.\n|\n|t:|1697774965\n|move|p2b: Toothbrush|Dazzling Gleam|p1a: Gogoat|[spread] p1a,p1b\n|-damage|p1a: Gogoat|82\/100\n|-damage|p1b: Floatzel|42\/100\n|move|p1b: Floatzel|Soak|p2b: Toothbrush\n|-start|p2b: Toothbrush|typechange|Water\n|move|p2a: Fountain of Youth|Horn Leech|p1b: Floatzel\n|-supereffective|p1b: Floatzel\n|-damage|p1b: Floatzel|0 fnt\n|faint|p1b: Floatzel\n|move|p1a: Gogoat|Substitute|p1a: Gogoat\n|-start|p1a: Gogoat|Substitute\n|-damage|p1a: Gogoat|57\/100\n|\n|-heal|p1a: Gogoat|63\/100|[from] item: Leftovers\n|upkeep\n|\n|t:|1697774978\n|switch|p1b: Arboliva|Arboliva, F|100\/100\n|turn|7\n|inactive|SpiderPrincess has 120 seconds left.\n|\n|t:|1697774998\n|-end|p2b: Toothbrush|Protosynthesis|[silent]\n|switch|p2b: Freddy Fazbear|Ursaluna-Bloodmoon, M|100\/100\n|move|p2a: Fountain of Youth|Spiky Shield|p2a: Fountain of Youth\n|-singleturn|p2a: Fountain of Youth|move: Protect\n|move|p1a: Gogoat|Energy Ball|p2b: Freddy Fazbear\n|-supereffective|p2b: Freddy Fazbear\n|-damage|p2b: Freddy Fazbear|0 fnt\n|faint|p2b: Freddy Fazbear\n|move|p1b: Arboliva|Giga Drain|p2a: Fountain of Youth\n|-activate|p2a: Fountain of Youth|move: Protect\n|\n|-heal|p1a: Gogoat|69\/100|[from] item: Leftovers\n|upkeep\n|\n|t:|1697775012\n|switch|p2b: Supernova|Cresselia, F|100\/100\n|turn|8\n|\n|t:|1697775040\n|move|p2b: Supernova|Helping Hand|p2a: Fountain of Youth\n|-singleturn|p2a: Fountain of Youth|Helping Hand|[of] p2b: Supernova\n|move|p1b: Arboliva|Helping Hand|p1a: Gogoat\n|-singleturn|p1a: Gogoat|Helping Hand|[of] p1b: Arboliva\n|move|p2a: Fountain of Youth|Horn Leech|p1a: Gogoat\n|-ability|p1a: Gogoat|Sap Sipper|boost\n|-boost|p1a: Gogoat|atk|1\n|move|p1a: Gogoat|Energy Ball|p2a: Fountain of Youth\n|-crit|p2a: Fountain of Youth\n|-damage|p2a: Fountain of Youth|8\/100\n|\n|-heal|p1a: Gogoat|75\/100|[from] item: Leftovers\n|-sideend|p1: SpiderPrincess|move: Light Screen\n|upkeep\n|turn|9\n|-message|existentialism77 forfeited.\n|\n|win|SpiderPrincess\n|raw|SpiderPrincess's rating: 1116 &rarr; <strong>1140<\/strong><br \/>(+24 for winning)\n|raw|existentialism77's rating: 1101 &rarr; <strong>1077<\/strong><br \/>(-24 for losing)\n|l|\u2606existentialism77\n","uploadtime":1697775060,"views":30,"p1id":"spiderprincess","p2id":"existentialism77","formatid":"gen9doublesou","rating":1077,"private":0,"password":""}