{"id":"gen9doublesou-1996884931","p1":"tttttfttt","p2":"Deimos34","format":"[Gen 9] Doubles OU","log":"|j|\u2606tttttfttt\n|j|\u2606Deimos34\n|t:|1700740183\n|gametype|doubles\n|player|p1|tttttfttt|flannery|1136\n|player|p2|Deimos34|raifort|1192\n|teamsize|p1|6\n|teamsize|p2|6\n|gen|9\n|tier|[Gen 9] Doubles OU\n|rated|\n|rule|Species Clause: Limit one of each Pok\u00e9mon\n|rule|OHKO Clause: OHKO moves are banned\n|rule|Evasion Moves Clause: Evasion moves are banned\n|rule|Gravity Sleep Clause: The combination of sleep-inducing moves with imperfect accuracy and Gravity or Gigantamax Orbeetle are banned\n|rule|Endless Battle Clause: Forcing endless battles is banned\n|rule|HP Percentage Mod: HP is shown in percentages\n|clearpoke\n|poke|p1|Gyarados, M|\n|poke|p1|Grimmsnarl, M|\n|poke|p1|Raichu, F|\n|poke|p1|Dragapult, F|\n|poke|p1|Arcanine, M|\n|poke|p1|Wo-Chien|\n|poke|p2|Ninetales-Alola, F|\n|poke|p2|Kilowattrel, F|\n|poke|p2|Haxorus, M|\n|poke|p2|Rillaboom, M|\n|poke|p2|Wyrdeer, F|\n|poke|p2|Empoleon, F|\n|teampreview\n|inactive|Battle timer is ON: inactive players will automatically lose when time's up. (requested by tttttfttt)\n|\n|t:|1700740206\n|start\n|switch|p1a: Gyarados|Gyarados, M|100\/100\n|switch|p1b: Grimmsnarl|Grimmsnarl, M|100\/100\n|switch|p2a: Haxorus|Haxorus, M|100\/100\n|switch|p2b: Ninetales|Ninetales-Alola, F|100\/100\n|-weather|Snow|[from] ability: Snow Warning|[of] p2b: Ninetales\n|-ability|p2a: Haxorus|Mold Breaker\n|turn|1\n|\n|t:|1700740220\n|move|p1b: Grimmsnarl|Fake Out|p2a: Haxorus\n|-damage|p2a: Haxorus|86\/100\n|move|p2b: Ninetales|Aurora Veil|p2b: Ninetales\n|-sidestart|p2: Deimos34|move: Aurora Veil\n|cant|p2a: Haxorus|flinch\n|move|p1a: Gyarados|Dragon Dance|p1a: Gyarados\n|-boost|p1a: Gyarados|atk|1\n|-boost|p1a: Gyarados|spe|1\n|\n|-weather|Snow|[upkeep]\n|upkeep\n|turn|2\n|\n|t:|1700740240\n|move|p1b: Grimmsnarl|Reflect|p1b: Grimmsnarl\n|-sidestart|p1: tttttfttt|Reflect\n|move|p1a: Gyarados|Ice Fang|p2a: Haxorus\n|-supereffective|p2a: Haxorus\n|-damage|p2a: Haxorus|30\/100\n|-status|p2a: Haxorus|frz\n|move|p2b: Ninetales|Freeze-Dry|p1a: Gyarados\n|-supereffective|p1a: Gyarados\n|-damage|p1a: Gyarados|0 fnt\n|faint|p1a: Gyarados\n|cant|p2a: Haxorus|frz\n|\n|-weather|Snow|[upkeep]\n|upkeep\n|\n|t:|1700740254\n|switch|p1a: Arcanine|Arcanine, M|100\/100\n|turn|3\n|\n|t:|1700740263\n|move|p2b: Ninetales|Dazzling Gleam|p1a: Arcanine|[spread] p1a,p1b\n|-resisted|p1a: Arcanine\n|-supereffective|p1b: Grimmsnarl\n|-damage|p1a: Arcanine|87\/100\n|-damage|p1b: Grimmsnarl|50\/100\n|cant|p2a: Haxorus|frz\n|move|p1a: Arcanine|Flare Blitz|p2b: Ninetales\n|-supereffective|p2b: Ninetales\n|-damage|p2b: Ninetales|4\/100\n|-damage|p1a: Arcanine|58\/100|[from] Recoil\n|-damage|p1a: Arcanine|48\/100|[from] item: Life Orb\n|move|p1b: Grimmsnarl|Play Rough|p2a: Haxorus\n|-supereffective|p2a: Haxorus\n|-damage|p2a: Haxorus|0 fnt\n|faint|p2a: Haxorus\n|\n|-weather|Snow|[upkeep]\n|upkeep\n|\n|t:|1700740276\n|switch|p2a: Wyrdeer|Wyrdeer, F|100\/100\n|-ability|p2a: Wyrdeer|Intimidate|boost\n|-unboost|p1a: Arcanine|atk|1\n|-unboost|p1b: Grimmsnarl|atk|1\n|turn|4\n|\n|t:|1700740302\n|switch|p2b: Kilowattrel|Kilowattrel, F|100\/100\n|move|p1a: Arcanine|Extreme Speed|p2b: Kilowattrel\n|-damage|p2b: Kilowattrel|73\/100\n|-damage|p1a: Arcanine|39\/100|[from] item: Life Orb\n|move|p1b: Grimmsnarl|Light Screen|p1b: Grimmsnarl\n|-sidestart|p1: tttttfttt|move: Light Screen\n|move|p2a: Wyrdeer|Skill Swap|p1a: Arcanine\n|-activate|p2a: Wyrdeer|move: Skill Swap|Flash Fire|Intimidate|[of] p1a: Arcanine\n|-ability|p1a: Arcanine|Intimidate|boost\n|-unboost|p2a: Wyrdeer|atk|1\n|-unboost|p2b: Kilowattrel|atk|1\n|-ability|p2b: Kilowattrel|Competitive|boost\n|-boost|p2b: Kilowattrel|spa|2\n|\n|-weather|Snow|[upkeep]\n|upkeep\n|turn|5\n|inactive|tttttfttt has 120 seconds left.\n|\n|t:|1700740333\n|move|p2b: Kilowattrel|Thunderbolt|p1b: Grimmsnarl\n|-damage|p1b: Grimmsnarl|0 fnt\n|faint|p1b: Grimmsnarl\n|move|p1a: Arcanine|Crunch|p2a: Wyrdeer\n|-supereffective|p2a: Wyrdeer\n|-damage|p2a: Wyrdeer|70\/100\n|-damage|p1a: Arcanine|29\/100|[from] item: Life Orb\n|move|p2a: Wyrdeer|Earth Power|p1a: Arcanine\n|-supereffective|p1a: Arcanine\n|-damage|p1a: Arcanine|0 fnt\n|faint|p1a: Arcanine\n|\n|-weather|none\n|upkeep\n|inactive|tttttfttt has 120 seconds left.\n|\n|t:|1700740357\n|switch|p1a: Dragapult|Dragapult, F|100\/100\n|switch|p1b: Wo-Chien|Wo-Chien|100\/100\n|-ability|p1b: Wo-Chien|Tablets of Ruin\n|turn|6\n|inactive|tttttfttt has 120 seconds left.\n|\n|t:|1700740390\n|switch|p2a: Rillaboom|Rillaboom, M|100\/100\n|-fieldstart|move: Grassy Terrain|[from] ability: Grassy Surge|[of] p2a: Rillaboom\n|-terastallize|p2b: Kilowattrel|Fighting\n|move|p1a: Dragapult|Shadow Ball|p2b: Kilowattrel\n|-damage|p2b: Kilowattrel|0 fnt\n|faint|p2b: Kilowattrel\n|move|p1b: Wo-Chien|Dark Pulse|p2a: Rillaboom\n|-damage|p2a: Rillaboom|78\/100\n|\n|-heal|p2a: Rillaboom|84\/100|[from] Grassy Terrain\n|-heal|p2a: Rillaboom|90\/100|[from] item: Leftovers\n|upkeep\n|\n|t:|1700740405\n|switch|p2b: Empoleon|Empoleon, F|100\/100\n|turn|7\n|\n|t:|1700740416\n|switch|p1a: Raichu|Raichu, F|100\/100\n|move|p2a: Rillaboom|Knock Off|p1a: Raichu\n|-damage|p1a: Raichu|66\/100\n|-enditem|p1a: Raichu|Life Orb|[from] move: Knock Off|[of] p2a: Rillaboom\n|move|p2b: Empoleon|Ice Beam|p1a: Raichu\n|-damage|p1a: Raichu|36\/100\n|move|p1b: Wo-Chien|Leech Seed|p2b: Empoleon\n|-start|p2b: Empoleon|move: Leech Seed\n|\n|-heal|p1a: Raichu|42\/100|[from] Grassy Terrain\n|-heal|p2a: Rillaboom|96\/100|[from] Grassy Terrain\n|-heal|p2a: Rillaboom|100\/100|[from] item: Leftovers\n|-damage|p2b: Empoleon|88\/100|[from] Leech Seed|[of] p1b: Wo-Chien\n|upkeep\n|turn|8\n|inactive|tttttfttt has 120 seconds left.\n|\n|t:|1700740455\n|move|p1a: Raichu|Fake Out|p2a: Rillaboom\n|-damage|p2a: Rillaboom|96\/100\n|cant|p2a: Rillaboom|flinch\n|move|p2b: Empoleon|Ice Beam|p1b: Wo-Chien\n|-supereffective|p1b: Wo-Chien\n|-damage|p1b: Wo-Chien|76\/100\n|move|p1b: Wo-Chien|Dark Pulse|p2a: Rillaboom\n|-damage|p2a: Rillaboom|73\/100\n|\n|-heal|p1a: Raichu|48\/100|[from] Grassy Terrain\n|-heal|p2a: Rillaboom|79\/100|[from] Grassy Terrain\n|-heal|p2a: Rillaboom|85\/100|[from] item: Leftovers\n|-heal|p2b: Empoleon|94\/100|[from] Grassy Terrain\n|-heal|p1b: Wo-Chien|82\/100|[from] Grassy Terrain\n|-heal|p1b: Wo-Chien|88\/100|[from] item: Leftovers\n|-damage|p2b: Empoleon|82\/100|[from] Leech Seed|[of] p1b: Wo-Chien\n|-heal|p1b: Wo-Chien|99\/100|[silent]\n|-sideend|p2: Deimos34|move: Aurora Veil\n|upkeep\n|turn|9\n|inactive|tttttfttt has 120 seconds left.\n|\n|t:|1700740479\n|move|p1a: Raichu|Thunderbolt|p2b: Empoleon\n|-supereffective|p2b: Empoleon\n|-damage|p2b: Empoleon|0 fnt\n|faint|p2b: Empoleon\n|move|p2a: Rillaboom|Brick Break|p1b: Wo-Chien\n|-sideend|p1: tttttfttt|Reflect\n|-sideend|p1: tttttfttt|move: Light Screen\n|-supereffective|p1b: Wo-Chien\n|-damage|p1b: Wo-Chien|64\/100\n|move|p1b: Wo-Chien|Giga Drain|p2a: Rillaboom\n|-resisted|p2a: Rillaboom\n|-damage|p2a: Rillaboom|62\/100\n|-heal|p1b: Wo-Chien|76\/100|[from] drain|[of] p2a: Rillaboom\n|\n|-heal|p1a: Raichu|54\/100|[from] Grassy Terrain\n|-heal|p2a: Rillaboom|68\/100|[from] Grassy Terrain\n|-heal|p2a: Rillaboom|74\/100|[from] item: Leftovers\n|-heal|p1b: Wo-Chien|82\/100|[from] Grassy Terrain\n|-heal|p1b: Wo-Chien|88\/100|[from] item: Leftovers\n|upkeep\n|\n|t:|1700740488\n|switch|p2b: Ninetales|Ninetales-Alola, F|4\/100\n|-weather|Snow|[from] ability: Snow Warning|[of] p2b: Ninetales\n|turn|10\n|\n|t:|1700740507\n|move|p2b: Ninetales|Aurora Veil|p2b: Ninetales\n|-sidestart|p2: Deimos34|move: Aurora Veil\n|move|p1a: Raichu|Thunderbolt|p2b: Ninetales\n|-damage|p2b: Ninetales|0 fnt\n|faint|p2b: Ninetales\n|move|p2a: Rillaboom|Brick Break|p1b: Wo-Chien\n|-supereffective|p1b: Wo-Chien\n|-damage|p1b: Wo-Chien|53\/100\n|move|p1b: Wo-Chien|Dark Pulse|p2a: Rillaboom\n|-damage|p2a: Rillaboom|49\/100\n|\n|-weather|Snow|[upkeep]\n|-heal|p1a: Raichu|60\/100|[from] Grassy Terrain\n|-heal|p2a: Rillaboom|55\/100|[from] Grassy Terrain\n|-heal|p2a: Rillaboom|61\/100|[from] item: Leftovers\n|-heal|p1b: Wo-Chien|59\/100|[from] Grassy Terrain\n|-heal|p1b: Wo-Chien|65\/100|[from] item: Leftovers\n|-fieldend|move: Grassy Terrain\n|upkeep\n|\n|t:|1700740517\n|switch|p2b: Wyrdeer|Wyrdeer, F|70\/100\n|-ability|p2b: Wyrdeer|Intimidate|boost\n|-unboost|p1a: Raichu|atk|1\n|-unboost|p1b: Wo-Chien|atk|1\n|turn|11\n|\n|t:|1700740534\n|move|p1a: Raichu|Thunder Wave|p2a: Rillaboom\n|-status|p2a: Rillaboom|par\n|move|p1b: Wo-Chien|Dark Pulse|p2b: Wyrdeer\n|-supereffective|p2b: Wyrdeer\n|-damage|p2b: Wyrdeer|35\/100\n|move|p2b: Wyrdeer|Earth Power|p1a: Raichu\n|-supereffective|p1a: Raichu\n|-damage|p1a: Raichu|0 fnt\n|faint|p1a: Raichu\n|move|p2a: Rillaboom|Brick Break|p1b: Wo-Chien\n|-supereffective|p1b: Wo-Chien\n|-damage|p1b: Wo-Chien|33\/100\n|\n|-weather|Snow|[upkeep]\n|-heal|p1b: Wo-Chien|39\/100|[from] item: Leftovers\n|-heal|p2a: Rillaboom|67\/100 par|[from] item: Leftovers\n|upkeep\n|\n|t:|1700740552\n|switch|p1a: Dragapult|Dragapult, F|100\/100\n|turn|12\n|\n|t:|1700740570\n|move|p1a: Dragapult|Flamethrower|p2a: Rillaboom\n|-supereffective|p2a: Rillaboom\n|-damage|p2a: Rillaboom|0 fnt\n|faint|p2a: Rillaboom\n|move|p1b: Wo-Chien|Giga Drain|p2b: Wyrdeer\n|-damage|p2b: Wyrdeer|18\/100\n|-heal|p1b: Wo-Chien|50\/100|[from] drain|[of] p2b: Wyrdeer\n|move|p2b: Wyrdeer|Psychic|p1a: Dragapult\n|-damage|p1a: Dragapult|45\/100\n|-unboost|p1a: Dragapult|spd|1\n|\n|-weather|Snow|[upkeep]\n|-heal|p1b: Wo-Chien|56\/100|[from] item: Leftovers\n|upkeep\n|turn|13\n|\n|t:|1700740589\n|move|p1a: Dragapult|Flamethrower|p2b: Wyrdeer\n|-damage|p2b: Wyrdeer|0 fnt\n|faint|p2b: Wyrdeer\n|\n|win|tttttfttt\n|raw|tttttfttt's rating: 1136 &rarr; <strong>1165<\/strong><br \/>(+29 for winning)\n|raw|Deimos34's rating: 1192 &rarr; <strong>1163<\/strong><br \/>(-29 for losing)\n","uploadtime":1700740595,"views":2,"p1id":"tttttfttt","p2id":"deimos34","formatid":"gen9doublesou","rating":1163,"private":0,"password":""}