{"id":"gen9doublesou-1973735319","p1":"ChickenSquared","p2":"storm surge vgc","format":"[Gen 9] Doubles OU","log":"|j|\u2606ChickenSquared\n|j|\u2606storm surge vgc\n|inactive|Battle timer is ON: inactive players will automatically lose when time's up.\n|t:|1698008176\n|gametype|doubles\n|player|p1|ChickenSquared|sailor|\n|player|p2|storm surge vgc|siebold|\n|teamsize|p1|6\n|teamsize|p2|6\n|gen|9\n|tier|[Gen 9] Doubles OU\n|rated|Tournament battle\n|rule|Tera Type Preview: Tera Types are shown at Team Preview\n|rule|Species Clause: Limit one of each Pok\u00e9mon\n|rule|OHKO Clause: OHKO moves are banned\n|rule|Evasion Moves Clause: Evasion moves are banned\n|rule|Gravity Sleep Clause: The combination of sleep-inducing moves with imperfect accuracy and Gravity or Gigantamax Orbeetle are banned\n|rule|Endless Battle Clause: Forcing endless battles is banned\n|rule|HP Percentage Mod: HP is shown in percentages\n|clearpoke\n|poke|p1|Torkoal, F|\n|poke|p1|Ogerpon-Hearthflame, F|\n|poke|p1|Lilligant-Hisui, F|\n|poke|p1|Rillaboom, F|\n|poke|p1|Iron Hands|\n|poke|p1|Flutter Mane|\n|poke|p2|Landorus-Therian, M|\n|poke|p2|Iron Hands|\n|poke|p2|Chi-Yu|\n|poke|p2|Ogerpon-Wellspring, F|\n|poke|p2|Gholdengo|\n|poke|p2|Tornadus, M|\n|teampreview\n|raw|ChickenSquared's Tera Types:<br \/><psicon pokemon=\"torkoal\" \/><psicon type=\"Ground\" \/> \/ <psicon pokemon=\"ogerponhearthflame\" \/><psicon type=\"Fire\" \/> \/ <psicon pokemon=\"lilliganthisui\" \/><psicon type=\"Grass\" \/> \/ <psicon pokemon=\"rillaboom\" \/><psicon type=\"Water\" \/> \/ <psicon pokemon=\"ironhands\" \/><psicon type=\"Grass\" \/> \/ <psicon pokemon=\"fluttermane\" \/><psicon type=\"Fairy\" \/>\n|raw|storm surge vgc's Tera Types:<br \/><psicon pokemon=\"landorustherian\" \/><psicon type=\"Poison\" \/> \/ <psicon pokemon=\"ironhands\" \/><psicon type=\"Water\" \/> \/ <psicon pokemon=\"chiyu\" \/><psicon type=\"Grass\" \/> \/ <psicon pokemon=\"ogerponwellspring\" \/><psicon type=\"Water\" \/> \/ <psicon pokemon=\"gholdengo\" \/><psicon type=\"Steel\" \/> \/ <psicon pokemon=\"tornadus\" \/><psicon type=\"Steel\" \/>\n|inactive|storm surge vgc also wants the timer to be on.\n|j| hoiymenomimnn 4v6\n|inactive|storm surge vgc has 120 seconds left.\n|\n|t:|1698008210\n|start\n|switch|p1a: Torkoal|Torkoal, F|100\/100\n|switch|p1b: Flutter Mane|Flutter Mane|100\/100\n|switch|p2a: Landorus|Landorus-Therian, M|100\/100\n|switch|p2b: Tornadus|Tornadus, M|100\/100\n|-ability|p2a: Landorus|Intimidate|boost\n|-unboost|p1a: Torkoal|atk|1\n|-unboost|p1b: Flutter Mane|atk|1\n|-weather|SunnyDay|[from] ability: Drought|[of] p1a: Torkoal\n|-activate|p1b: Flutter Mane|ability: Protosynthesis\n|-start|p1b: Flutter Mane|protosynthesisspe\n|turn|1\n|c| hoiymenomimnn 4v6|i swear if its tr\n|inactive|ChickenSquared has 120 seconds left.\n|inactive|storm surge vgc has 120 seconds left.\n|\n|t:|1698008255\n|-end|p1b: Flutter Mane|Protosynthesis|[silent]\n|switch|p1b: Rillaboom|Rillaboom, F|100\/100\n|-fieldstart|move: Grassy Terrain|[from] ability: Grassy Surge|[of] p1b: Rillaboom\n|move|p2b: Tornadus|Protect|p2b: Tornadus\n|-singleturn|p2b: Tornadus|Protect\n|move|p2a: Landorus|Stomping Tantrum|p1b: Rillaboom\n|-resisted|p1b: Rillaboom\n|-damage|p1b: Rillaboom|81\/100\n|move|p1a: Torkoal|Eruption|p2b: Tornadus|[spread] p2a\n|-activate|p2b: Tornadus|move: Protect\n|-damage|p2a: Landorus|21\/100\n|-enditem|p2a: Landorus|Sitrus Berry|[eat]\n|-heal|p2a: Landorus|46\/100|[from] item: Sitrus Berry\n|\n|-weather|SunnyDay|[upkeep]\n|-heal|p1b: Rillaboom|87\/100|[from] Grassy Terrain\n|upkeep\n|turn|2\n|inactive|ChickenSquared has 120 seconds left.\n|\n|t:|1698008276\n|switch|p2a: Iron Hands|Iron Hands|100\/100\n|move|p1b: Rillaboom|Fake Out|p2a: Iron Hands\n|-damage|p2a: Iron Hands|91\/100\n|move|p2b: Tornadus|Bleakwind Storm|p1a: Torkoal|[spread] p1a,p1b\n|-supereffective|p1b: Rillaboom\n|-damage|p1a: Torkoal|55\/100\n|-damage|p1b: Rillaboom|35\/100\n|-unboost|p1a: Torkoal|spe|1\n|move|p1a: Torkoal|Heat Wave|p2b: Tornadus|[spread] p2a,p2b\n|-damage|p2a: Iron Hands|63\/100\n|-damage|p2b: Tornadus|31\/100\n|-status|p2a: Iron Hands|brn\n|\n|-weather|SunnyDay|[upkeep]\n|-heal|p1b: Rillaboom|41\/100|[from] Grassy Terrain\n|-heal|p2a: Iron Hands|69\/100 brn|[from] Grassy Terrain\n|-heal|p1a: Torkoal|61\/100|[from] Grassy Terrain\n|-damage|p2a: Iron Hands|63\/100 brn|[from] brn\n|upkeep\n|turn|3\n|c|\u2606ChickenSquared|Oof\n|inactive|ChickenSquared has 120 seconds left.\n|\n|t:|1698008306\n|switch|p1b: Iron Hands|Iron Hands|100\/100\n|move|p1a: Torkoal|Protect|p1a: Torkoal\n|-singleturn|p1a: Torkoal|Protect\n|move|p2a: Iron Hands|Fake Out|p1a: Torkoal\n|-activate|p1a: Torkoal|move: Protect\n|move|p2b: Tornadus|Bleakwind Storm|p1b: Iron Hands|[spread] \n|-activate|p1a: Torkoal|move: Protect\n|-miss|p2b: Tornadus|p1b: Iron Hands\n|\n|-weather|SunnyDay|[upkeep]\n|-heal|p2a: Iron Hands|69\/100 brn|[from] Grassy Terrain\n|-heal|p1a: Torkoal|67\/100|[from] Grassy Terrain\n|-damage|p2a: Iron Hands|63\/100 brn|[from] brn\n|upkeep\n|turn|4\n|c| hoiymenomimnn 4v6|100% eruption bc why not\n|inactive|ChickenSquared has 120 seconds left.\n|\n|t:|1698008330\n|switch|p1a: Flutter Mane|Flutter Mane|100\/100\n|-activate|p1a: Flutter Mane|ability: Protosynthesis\n|-start|p1a: Flutter Mane|protosynthesisspe\n|move|p2b: Tornadus|Bleakwind Storm|p1b: Iron Hands|[spread] p1b\n|-miss|p2b: Tornadus|p1a: Flutter Mane\n|-damage|p1b: Iron Hands|82\/100\n|move|p2a: Iron Hands|Wild Charge|p1a: Flutter Mane\n|-damage|p1a: Flutter Mane|56\/100\n|-damage|p2a: Iron Hands|55\/100 brn|[from] Recoil\n|move|p1b: Iron Hands|Ice Punch|p2b: Tornadus\n|-supereffective|p2b: Tornadus\n|-damage|p2b: Tornadus|0 fnt\n|faint|p2b: Tornadus\n|\n|-weather|SunnyDay|[upkeep]\n|-heal|p1a: Flutter Mane|62\/100|[from] Grassy Terrain\n|-heal|p2a: Iron Hands|61\/100 brn|[from] Grassy Terrain\n|-heal|p1b: Iron Hands|88\/100|[from] Grassy Terrain\n|-damage|p2a: Iron Hands|55\/100 brn|[from] brn\n|upkeep\n|inactive|storm surge vgc has 120 seconds left.\n|\n|t:|1698008350\n|switch|p2b: Gholdengo|Gholdengo|100\/100\n|turn|5\n|c|\u2606ChickenSquared|Nobody sees it coming\n|inactive|ChickenSquared has 120 seconds left.\n|inactive|storm surge vgc has 120 seconds left.\n|c| hoiymenomimnn 4v6|rain dance woulda hardcountered here tbh\n|\n|t:|1698008411\n|switch|p2b: Chi-Yu|Chi-Yu|100\/100\n|-ability|p2b: Chi-Yu|Beads of Ruin\n|-end|p1b: Iron Hands|Quark Drive|[silent]\n|switch|p1b: Lilligant|Lilligant-Hisui, F|100\/100\n|move|p1a: Flutter Mane|Shadow Ball|p2b: Chi-Yu\n|-resisted|p2b: Chi-Yu\n|-crit|p2b: Chi-Yu\n|-damage|p2b: Chi-Yu|57\/100\n|move|p2a: Iron Hands|Heavy Slam|p1a: Flutter Mane\n|-supereffective|p1a: Flutter Mane\n|-crit|p1a: Flutter Mane\n|-damage|p1a: Flutter Mane|0 fnt\n|faint|p1a: Flutter Mane\n|-end|p1a: Flutter Mane|Protosynthesis|[silent]\n|\n|-weather|none\n|-heal|p2b: Chi-Yu|63\/100|[from] Grassy Terrain\n|-heal|p2a: Iron Hands|61\/100 brn|[from] Grassy Terrain\n|-damage|p2a: Iron Hands|55\/100 brn|[from] brn\n|-fieldend|move: Grassy Terrain\n|upkeep\n|\n|t:|1698008432\n|switch|p1a: Torkoal|Torkoal, F|67\/100\n|-weather|SunnyDay|[from] ability: Drought|[of] p1a: Torkoal\n|turn|6\n|inactive|storm surge vgc has 120 seconds left.\n|inactive|ChickenSquared has 90 seconds left.\n|\n|t:|1698008463\n|move|p2b: Chi-Yu|Protect|p2b: Chi-Yu\n|-singleturn|p2b: Chi-Yu|Protect\n|move|p1b: Lilligant|Close Combat|p2b: Chi-Yu\n|-activate|p2b: Chi-Yu|move: Protect\n|move|p2a: Iron Hands|Drain Punch|p1b: Lilligant\n|-damage|p1b: Lilligant|64\/100\n|-heal|p2a: Iron Hands|66\/100 brn|[from] drain|[of] p1b: Lilligant\n|move|p1a: Torkoal|Heat Wave|p2a: Iron Hands|[spread] p2a\n|-activate|p2b: Chi-Yu|move: Protect\n|-damage|p2a: Iron Hands|26\/100 brn\n|\n|-weather|SunnyDay|[upkeep]\n|-damage|p2a: Iron Hands|20\/100 brn|[from] brn\n|upkeep\n|turn|7\n|j| inyourrecklesseyes\n|\n|t:|1698008487\n|switch|p2b: Landorus|Landorus-Therian, M|46\/100\n|-ability|p2b: Landorus|Intimidate|boost\n|-unboost|p1a: Torkoal|atk|1\n|-unboost|p1b: Lilligant|atk|1\n|move|p1b: Lilligant|Close Combat|p2b: Landorus\n|-resisted|p2b: Landorus\n|-damage|p2b: Landorus|28\/100\n|-unboost|p1b: Lilligant|def|1\n|-unboost|p1b: Lilligant|spd|1\n|move|p2a: Iron Hands|Drain Punch|p1b: Lilligant\n|-damage|p1b: Lilligant|15\/100\n|-heal|p2a: Iron Hands|34\/100 brn|[from] drain|[of] p1b: Lilligant\n|move|p1a: Torkoal|Heat Wave|p2a: Iron Hands|[spread] p2a,p2b\n|-crit|p2a: Iron Hands\n|-damage|p2a: Iron Hands|0 fnt\n|-damage|p2b: Landorus|0 fnt\n|faint|p2a: Iron Hands\n|-end|p2a: Iron Hands|Quark Drive|[silent]\n|faint|p2b: Landorus\n|\n|-weather|SunnyDay|[upkeep]\n|upkeep\n|inactive|storm surge vgc has 120 seconds left.\n|\n|t:|1698008522\n|switch|p2b: Ogerpon|Ogerpon-Wellspring, F|100\/100\n|switch|p2a: Gholdengo|Gholdengo|100\/100\n|turn|8\n|inactive|ChickenSquared has 120 seconds left.\n|\n|t:|1698008535\n|move|p1b: Lilligant|After You|p1a: Torkoal\n|-activate|p1a: Torkoal|move: After You\n|move|p1a: Torkoal|Heat Wave|p2b: Ogerpon|[spread] p2a,p2b\n|-supereffective|p2a: Gholdengo\n|-damage|p2a: Gholdengo|0 fnt\n|-damage|p2b: Ogerpon|46\/100\n|faint|p2a: Gholdengo\n|move|p2b: Ogerpon|Ivy Cudgel|p1a: Torkoal\n|-supereffective|p1a: Torkoal\n|-damage|p1a: Torkoal|28\/100\n|\n|-weather|SunnyDay|[upkeep]\n|upkeep\n|\n|t:|1698008543\n|switch|p2a: Chi-Yu|Chi-Yu|63\/100\n|-ability|p2a: Chi-Yu|Beads of Ruin\n|turn|9\n|j| Flying Beagle\n|inactive|ChickenSquared has 120 seconds left.\n|\n|t:|1698008582\n|move|p1a: Torkoal|Protect|p1a: Torkoal\n|-singleturn|p1a: Torkoal|Protect\n|move|p2b: Ogerpon|Follow Me|p2b: Ogerpon\n|-singleturn|p2b: Ogerpon|move: Follow Me\n|move|p1b: Lilligant|Solar Blade||[still]\n|-prepare|p1b: Lilligant|Solar Blade\n|-anim|p1b: Lilligant|Solar Blade|p2b: Ogerpon\n|-crit|p2b: Ogerpon\n|-damage|p2b: Ogerpon|0 fnt\n|faint|p2b: Ogerpon\n|move|p2a: Chi-Yu|Nasty Plot|p2a: Chi-Yu\n|-boost|p2a: Chi-Yu|spa|2\n|\n|-weather|SunnyDay|[upkeep]\n|upkeep\n|turn|10\n|c|\u2606storm surge vgc|bruh\n|c|\u2606storm surge vgc|can you literally\n|c|\u2606storm surge vgc|stop critting\n|inactive|ChickenSquared has 120 seconds left.\n|\n|t:|1698008602\n|move|p2a: Chi-Yu|Protect|p2a: Chi-Yu\n|-singleturn|p2a: Chi-Yu|Protect\n|move|p1b: Lilligant|Close Combat|p2a: Chi-Yu\n|-activate|p2a: Chi-Yu|move: Protect\n|move|p1a: Torkoal|Heat Wave|p2a: Chi-Yu\n|-activate|p2a: Chi-Yu|move: Protect\n|\n|-weather|none\n|upkeep\n|turn|11\n|-message|storm surge vgc forfeited.\n|\n|win|ChickenSquared\n|n|\u2606ChickenSquared|chickensquared\n|n|\u2606storm surge vgc|stormsurgevgc\n|n| hoiymenomimnn 4v6|hoiymenomimnn4v6\n|n| inyourrecklesseyes|inyourrecklesseyes\n|n| Flying Beagle|flyingbeagle\n","uploadtime":1698008611,"views":11,"p1id":"chickensquared","p2id":"stormsurgevgc","formatid":"gen9doublesou","rating":0,"private":0,"password":""}