{"id":"gen9doublesou-1984617716","p1":"Dylitzy","p2":"Uzigamer99","format":"[Gen 9] Doubles OU","log":"|j|\u2606Dylitzy\n|j|\u2606Uzigamer99\n|t:|1699285036\n|gametype|doubles\n|player|p1|Dylitzy|acetrainer-gen4dp|1109\n|player|p2|Uzigamer99|169|1203\n|teamsize|p1|6\n|teamsize|p2|6\n|gen|9\n|tier|[Gen 9] Doubles OU\n|rated|\n|rule|Species Clause: Limit one of each Pok\u00e9mon\n|rule|OHKO Clause: OHKO moves are banned\n|rule|Evasion Moves Clause: Evasion moves are banned\n|rule|Gravity Sleep Clause: The combination of sleep-inducing moves with imperfect accuracy and Gravity or Gigantamax Orbeetle are banned\n|rule|Endless Battle Clause: Forcing endless battles is banned\n|rule|HP Percentage Mod: HP is shown in percentages\n|clearpoke\n|poke|p1|Typhlosion-Hisui, M|\n|poke|p1|Torkoal, M|\n|poke|p1|Dusclops, F|\n|poke|p1|Walking Wake|\n|poke|p1|Grimmsnarl, M|\n|poke|p1|Roaring Moon|\n|poke|p2|Kommo-o, F|\n|poke|p2|Snorlax, F|\n|poke|p2|Sinistcha|\n|poke|p2|Landorus-Therian, M|\n|poke|p2|Iron Hands|\n|poke|p2|Clefairy, F|\n|teampreview\n|inactive|Battle timer is ON: inactive players will automatically lose when time's up. (requested by Dylitzy)\n|inactive|Uzigamer99 has 120 seconds left.\n|\n|t:|1699285078\n|start\n|switch|p1a: Grimmsnarl|Grimmsnarl, M|100\/100\n|switch|p1b: Roaring Moon|Roaring Moon|100\/100\n|switch|p2a: Thick boy|Snorlax, F|100\/100\n|switch|p2b: Iron Hands|Iron Hands|100\/100\n|-enditem|p1b: Roaring Moon|Booster Energy\n|-activate|p1b: Roaring Moon|ability: Protosynthesis|[fromitem]\n|-start|p1b: Roaring Moon|protosynthesisatk\n|turn|1\n|\n|t:|1699285097\n|move|p2b: Iron Hands|Fake Out|p1a: Grimmsnarl\n|-damage|p1a: Grimmsnarl|81\/100\n|cant|p1a: Grimmsnarl|flinch\n|move|p1b: Roaring Moon|Dragon Dance|p1b: Roaring Moon\n|-boost|p1b: Roaring Moon|atk|1\n|-boost|p1b: Roaring Moon|spe|1\n|move|p2a: Thick boy|Belly Drum|p2a: Thick boy\n|-damage|p2a: Thick boy|50\/100\n|-setboost|p2a: Thick boy|atk|6|[from] move: Belly Drum\n|-enditem|p2a: Thick boy|Sitrus Berry|[eat]\n|-heal|p2a: Thick boy|75\/100|[from] item: Sitrus Berry\n|\n|upkeep\n|turn|2\n|\n|t:|1699285113\n|-end|p2b: Iron Hands|Quark Drive|[silent]\n|switch|p2b: Pot|Sinistcha|100\/100\n|-heal|p2a: Thick boy|99\/100|[from] ability: Hospitality|[of] p2b: Pot\n|move|p1a: Grimmsnarl|Reflect|p1a: Grimmsnarl\n|-sidestart|p1: Dylitzy|Reflect\n|move|p1b: Roaring Moon|Throat Chop|p2a: Thick boy\n|-damage|p2a: Thick boy|46\/100\n|-start|p2a: Thick boy|Throat Chop|[silent]\n|move|p2a: Thick boy|Facade|p1b: Roaring Moon\n|-damage|p1b: Roaring Moon|2\/100\n|\n|upkeep\n|turn|3\n|\n|t:|1699285132\n|move|p2a: Thick boy|Protect|p2a: Thick boy\n|-singleturn|p2a: Thick boy|Protect\n|move|p1a: Grimmsnarl|Light Screen|p1a: Grimmsnarl\n|-sidestart|p1: Dylitzy|move: Light Screen\n|move|p1b: Roaring Moon|Throat Chop|p2a: Thick boy\n|-activate|p2a: Thick boy|move: Protect\n|move|p2b: Pot|Matcha Gotcha|p1a: Grimmsnarl|[spread] p1a,p1b\n|-resisted|p1b: Roaring Moon\n|-damage|p1a: Grimmsnarl|68\/100\n|-damage|p1b: Roaring Moon|0 fnt\n|faint|p1b: Roaring Moon\n|-end|p1b: Roaring Moon|Protosynthesis|[silent]\n|\n|-end|p2a: Thick boy|Throat Chop|[silent]\n|upkeep\n|\n|t:|1699285151\n|switch|p1b: Torkoal|Torkoal, M|100\/100\n|-weather|SunnyDay|[from] ability: Drought|[of] p1b: Torkoal\n|turn|4\n|\n|t:|1699285170\n|move|p1a: Grimmsnarl|Thunder Wave|p2b: Pot\n|-status|p2b: Pot|par\n|move|p2a: Thick boy|High Horsepower|p1b: Torkoal\n|-supereffective|p1b: Torkoal\n|-damage|p1b: Torkoal|0 fnt\n|faint|p1b: Torkoal\n|cant|p2b: Pot|par\n|\n|-weather|SunnyDay|[upkeep]\n|upkeep\n|\n|t:|1699285181\n|switch|p1b: Walking Wake|Walking Wake|100\/100\n|-activate|p1b: Walking Wake|ability: Protosynthesis\n|-start|p1b: Walking Wake|protosynthesisspa\n|turn|5\n|inactive|Uzigamer99 has 120 seconds left.\n|\n|t:|1699285224\n|move|p2b: Pot|Rage Powder|p2b: Pot\n|-singleturn|p2b: Pot|move: Rage Powder\n|move|p1a: Grimmsnarl|Sucker Punch||[still]\n|-fail|p1a: Grimmsnarl\n|move|p1b: Walking Wake|Hydro Steam|p2b: Pot\n|-resisted|p2b: Pot\n|-damage|p2b: Pot|44\/100 par\n|move|p2a: Thick boy|Facade|p1b: Walking Wake\n|-damage|p1b: Walking Wake|14\/100\n|\n|-weather|SunnyDay|[upkeep]\n|upkeep\n|turn|6\n|inactive|Uzigamer99 has 120 seconds left.\n|\n|t:|1699285244\n|move|p2a: Thick boy|Protect|p2a: Thick boy\n|-singleturn|p2a: Thick boy|Protect\n|move|p1a: Grimmsnarl|Sucker Punch||[still]\n|-fail|p1a: Grimmsnarl\n|move|p1b: Walking Wake|Hydro Steam|p2a: Thick boy\n|-activate|p2a: Thick boy|move: Protect\n|move|p2b: Pot|Trick Room|p2b: Pot\n|-fieldstart|move: Trick Room|[of] p2b: Pot\n|\n|-weather|SunnyDay|[upkeep]\n|upkeep\n|turn|7\n|\n|t:|1699285269\n|-end|p1b: Walking Wake|Protosynthesis|[silent]\n|switch|p1b: Dusclops|Dusclops, F|100\/100\n|-ability|p1b: Dusclops|Pressure\n|move|p1a: Grimmsnarl|Sucker Punch|p2a: Thick boy\n|-damage|p2a: Thick boy|26\/100\n|move|p2b: Pot|Strength Sap|p1a: Grimmsnarl\n|-unboost|p1a: Grimmsnarl|atk|1\n|-heal|p2b: Pot|100\/100 par\n|move|p2a: Thick boy|Facade|p1b: Dusclops\n|-immune|p1b: Dusclops\n|\n|-weather|SunnyDay|[upkeep]\n|upkeep\n|turn|8\n|\n|t:|1699285290\n|switch|p2b: Clefairy|Clefairy, F|100\/100\n|move|p1b: Dusclops|Helping Hand|p1a: Grimmsnarl\n|-singleturn|p1a: Grimmsnarl|Helping Hand|[of] p1b: Dusclops\n|move|p2a: Thick boy|Protect|p2a: Thick boy\n|-singleturn|p2a: Thick boy|Protect\n|move|p1a: Grimmsnarl|Sucker Punch||[still]\n|-fail|p1a: Grimmsnarl\n|\n|-weather|SunnyDay|[upkeep]\n|upkeep\n|turn|9\n|\n|t:|1699285313\n|move|p2a: Thick boy|Protect||[still]\n|-fail|p2a: Thick boy\n|move|p1a: Grimmsnarl|Thunder Wave|p2b: Clefairy\n|-status|p2b: Clefairy|par\n|cant|p2b: Clefairy|par\n|move|p1b: Dusclops|Will-O-Wisp|p2a: Thick boy\n|-status|p2a: Thick boy|brn\n|\n|-weather|SunnyDay|[upkeep]\n|-damage|p2a: Thick boy|20\/100 brn|[from] brn\n|-sideend|p1: Dylitzy|Reflect\n|upkeep\n|turn|10\n|\n|t:|1699285331\n|move|p2a: Thick boy|Protect|p2a: Thick boy\n|-singleturn|p2a: Thick boy|Protect\n|move|p1a: Grimmsnarl|Sucker Punch||[still]\n|-fail|p1a: Grimmsnarl\n|cant|p2b: Clefairy|par\n|move|p1b: Dusclops|Night Shade|p2b: Clefairy\n|-damage|p2b: Clefairy|71\/100 par\n|\n|-weather|SunnyDay|[upkeep]\n|-damage|p2a: Thick boy|14\/100 brn|[from] brn\n|-sideend|p1: Dylitzy|move: Light Screen\n|-fieldend|move: Trick Room\n|upkeep\n|turn|11\n|c|\u2606Uzigamer99|another PARALYSIS\n|\n|t:|1699285359\n|move|p2a: Thick boy|Protect||[still]\n|-fail|p2a: Thick boy\n|move|p1a: Grimmsnarl|Reflect|p1a: Grimmsnarl\n|-sidestart|p1: Dylitzy|Reflect\n|move|p1b: Dusclops|Night Shade|p2b: Clefairy\n|-damage|p2b: Clefairy|42\/100 par\n|cant|p2b: Clefairy|par\n|\n|-weather|none\n|-damage|p2a: Thick boy|8\/100 brn|[from] brn\n|upkeep\n|turn|12\n|c|\u2606Uzigamer99|wow\n|c|\u2606Dylitzy|burn!\n|c|\u2606Uzigamer99|whats the odds of that\n|\n|t:|1699285388\n|move|p2a: Thick boy|Protect|p2a: Thick boy\n|-singleturn|p2a: Thick boy|Protect\n|move|p1a: Grimmsnarl|Light Screen|p1a: Grimmsnarl\n|-sidestart|p1: Dylitzy|move: Light Screen\n|move|p1b: Dusclops|Night Shade|p2b: Clefairy\n|-damage|p2b: Clefairy|13\/100 par\n|move|p2b: Clefairy|Heal Pulse|p2a: Thick boy\n|-activate|p2a: Thick boy|move: Protect\n|\n|-damage|p2a: Thick boy|2\/100 brn|[from] brn\n|upkeep\n|turn|13\n|c|\u2606Uzigamer99|I think this is gg can't lie\n|inactive|Uzigamer99 has 120 seconds left.\n|\n|t:|1699285425\n|cant|p2b: Clefairy|par\n|move|p1a: Grimmsnarl|Sucker Punch|p2a: Thick boy\n|-damage|p2a: Thick boy|0 fnt\n|faint|p2a: Thick boy\n|move|p1b: Dusclops|Night Shade|p2b: Clefairy\n|-damage|p2b: Clefairy|0 fnt\n|faint|p2b: Clefairy\n|\n|upkeep\n|c|\u2606Uzigamer99|ANOTHER PARALYSIS\n|c|\u2606Dylitzy|lol\n|\n|t:|1699285441\n|switch|p2b: Pot|Sinistcha|100\/100 par\n|switch|p2a: Kommo-o|Kommo-o, F|100\/100\n|turn|14\n|inactive|Uzigamer99 has 120 seconds left.\n|c|\u2606Uzigamer99|RNG wanted me to loose lol\n|\n|t:|1699285466\n|-terastallize|p2a: Kommo-o|Steel\n|move|p1a: Grimmsnarl|Thunder Wave|p2a: Kommo-o\n|-status|p2a: Kommo-o|par\n|move|p2a: Kommo-o|Clangorous Soul|p2a: Kommo-o\n|-boost|p2a: Kommo-o|atk|1\n|-boost|p2a: Kommo-o|def|1\n|-boost|p2a: Kommo-o|spa|1\n|-boost|p2a: Kommo-o|spd|1\n|-boost|p2a: Kommo-o|spe|1\n|-damage|p2a: Kommo-o|68\/100 par\n|-enditem|p2a: Kommo-o|Throat Spray\n|-boost|p2a: Kommo-o|spa|1|[from] item: Throat Spray\n|move|p2b: Pot|Matcha Gotcha|p1a: Grimmsnarl|[spread] p1a\n|-miss|p2b: Pot|p1b: Dusclops\n|-damage|p1a: Grimmsnarl|57\/100\n|move|p1b: Dusclops|Night Shade|p2a: Kommo-o\n|-damage|p2a: Kommo-o|36\/100 par\n|\n|upkeep\n|turn|15\n|inactive|Uzigamer99 has 120 seconds left.\n|\n|t:|1699285493\n|move|p2b: Pot|Rage Powder|p2b: Pot\n|-singleturn|p2b: Pot|move: Rage Powder\n|move|p1a: Grimmsnarl|Sucker Punch||[still]\n|-fail|p1a: Grimmsnarl\n|move|p2a: Kommo-o|Flash Cannon|p1a: Grimmsnarl\n|-supereffective|p1a: Grimmsnarl\n|-damage|p1a: Grimmsnarl|0 fnt\n|faint|p1a: Grimmsnarl\n|move|p1b: Dusclops|Night Shade|p2b: Pot\n|-damage|p2b: Pot|72\/100 par\n|\n|upkeep\n|inactive|Dylitzy has 120 seconds left.\n|\n|t:|1699285505\n|switch|p1a: Typhlosion|Typhlosion-Hisui, M|100\/100\n|-item|p2b: Pot|Mental Herb|[from] ability: Frisk|[of] p1a: Typhlosion|[identify]\n|turn|16\n|\n|t:|1699285516\n|-terastallize|p1a: Typhlosion|Fire\n|move|p1b: Dusclops|Helping Hand|p1a: Typhlosion\n|-singleturn|p1a: Typhlosion|Helping Hand|[of] p1b: Dusclops\n|move|p2b: Pot|Rage Powder|p2b: Pot\n|-singleturn|p2b: Pot|move: Rage Powder\n|move|p1a: Typhlosion|Heat Wave|p2a: Kommo-o|[spread] p2a,p2b\n|-supereffective|p2a: Kommo-o\n|-supereffective|p2b: Pot\n|-crit|p2b: Pot\n|-damage|p2a: Kommo-o|0 fnt\n|-damage|p2b: Pot|0 fnt\n|faint|p2a: Kommo-o\n|faint|p2b: Pot\n|-damage|p1a: Typhlosion|91\/100|[from] item: Life Orb\n|\n|upkeep\n|\n|t:|1699285525\n|switch|p2a: Landorus|Landorus-Therian, M|100\/100\n|switch|p2b: Iron Hands|Iron Hands|100\/100\n|-ability|p2a: Landorus|Intimidate|boost\n|-unboost|p1a: Typhlosion|atk|1\n|-unboost|p1b: Dusclops|atk|1\n|turn|17\n|\n|t:|1699285549\n|move|p2a: Landorus|Rock Slide|p1a: Typhlosion|[spread] p1a,p1b\n|-supereffective|p1a: Typhlosion\n|-damage|p1a: Typhlosion|50\/100\n|-damage|p1b: Dusclops|91\/100\n|move|p1a: Typhlosion|Heat Wave|p2b: Iron Hands|[spread] p2b\n|-miss|p1a: Typhlosion|p2a: Landorus\n|-damage|p2b: Iron Hands|70\/100\n|-damage|p1a: Typhlosion|40\/100|[from] item: Life Orb\n|move|p2b: Iron Hands|Drain Punch|p1a: Typhlosion\n|-damage|p1a: Typhlosion|0 fnt\n|-heal|p2b: Iron Hands|83\/100|[from] drain|[of] p1a: Typhlosion\n|faint|p1a: Typhlosion\n|cant|p1b: Dusclops|flinch\n|\n|upkeep\n|c|\u2606Dylitzy|uh oh\n|inactive|Dylitzy has 120 seconds left.\n|\n|t:|1699285566\n|switch|p1a: Walking Wake|Walking Wake|14\/100\n|turn|18\n|c|\u2606Uzigamer99|this is close\n|\n|t:|1699285582\n|move|p2a: Landorus|Rock Slide|p1b: Dusclops|[spread] p1b\n|-miss|p2a: Landorus|p1a: Walking Wake\n|-damage|p1b: Dusclops|81\/100\n|move|p1a: Walking Wake|Hydro Steam|p2a: Landorus\n|-supereffective|p2a: Landorus\n|-damage|p2a: Landorus|0 fnt\n|faint|p2a: Landorus\n|move|p2b: Iron Hands|Wild Charge|p1b: Dusclops\n|-damage|p1b: Dusclops|59\/100\n|-damage|p2b: Iron Hands|80\/100|[from] Recoil\n|move|p1b: Dusclops|Will-O-Wisp|p2b: Iron Hands\n|-status|p2b: Iron Hands|brn\n|\n|-damage|p2b: Iron Hands|73\/100 brn|[from] brn\n|-sideend|p1: Dylitzy|Reflect\n|upkeep\n|turn|19\n|c|\u2606Uzigamer99|dam i missed the one i needed to hit lol\n|\n|t:|1699285611\n|move|p1b: Dusclops|Helping Hand|p1a: Walking Wake\n|-singleturn|p1a: Walking Wake|Helping Hand|[of] p1b: Dusclops\n|move|p1a: Walking Wake|Hydro Steam|p2b: Iron Hands\n|-damage|p2b: Iron Hands|27\/100 brn\n|move|p2b: Iron Hands|Drain Punch|p1a: Walking Wake\n|-damage|p1a: Walking Wake|0 fnt\n|-heal|p2b: Iron Hands|32\/100 brn|[from] drain|[of] p1a: Walking Wake\n|faint|p1a: Walking Wake\n|-end|p1a: Walking Wake|Protosynthesis|[silent]\n|\n|-damage|p2b: Iron Hands|26\/100 brn|[from] brn\n|-sideend|p1: Dylitzy|move: Light Screen\n|upkeep\n|turn|20\n|\n|t:|1699285620\n|move|p2b: Iron Hands|Wild Charge|p1b: Dusclops\n|-damage|p1b: Dusclops|43\/100\n|-damage|p2b: Iron Hands|24\/100 brn|[from] Recoil\n|move|p1b: Dusclops|Night Shade|p2b: Iron Hands\n|-damage|p2b: Iron Hands|2\/100 brn\n|\n|-damage|p2b: Iron Hands|0 fnt|[from] brn\n|faint|p2b: Iron Hands\n|-end|p2b: Iron Hands|Quark Drive|[silent]\n|\n|win|Dylitzy\n|upkeep\n|raw|Dylitzy's rating: 1109 &rarr; <strong>1141<\/strong><br \/>(+32 for winning)\n|raw|Uzigamer99's rating: 1203 &rarr; <strong>1171<\/strong><br \/>(-32 for losing)\n|c|\u2606Uzigamer99|gg\n|c|\u2606Dylitzy|gg\n|l|\u2606Uzigamer99\n","uploadtime":1699285633,"views":12,"p1id":"dylitzy","p2id":"uzigamer99","formatid":"gen9doublesou","rating":1141,"private":0,"password":""}