{"id":"gen9doublesou-1986935967","p1":"ItzGreedy","p2":"fizixes","format":"[Gen 9] Doubles OU","log":"|j|\u2606ItzGreedy\n|j|\u2606fizixes\n|t:|1699542516\n|gametype|doubles\n|player|p1|ItzGreedy|firebreather|1220\n|player|p2|fizixes|101|1254\n|teamsize|p1|6\n|teamsize|p2|6\n|gen|9\n|tier|[Gen 9] Doubles OU\n|rated|\n|rule|Species Clause: Limit one of each Pok\u00e9mon\n|rule|OHKO Clause: OHKO moves are banned\n|rule|Evasion Moves Clause: Evasion moves are banned\n|rule|Gravity Sleep Clause: The combination of sleep-inducing moves with imperfect accuracy and Gravity or Gigantamax Orbeetle are banned\n|rule|Endless Battle Clause: Forcing endless battles is banned\n|rule|HP Percentage Mod: HP is shown in percentages\n|clearpoke\n|poke|p1|Politoed, M|\n|poke|p1|Sinistcha-Masterpiece|\n|poke|p1|Ludicolo, F|\n|poke|p1|Tornadus, M|\n|poke|p1|Basculegion-F, F|\n|poke|p1|Milotic, F|\n|poke|p2|Goodra-Hisui, M|\n|poke|p2|Zoroark-Hisui, F|\n|poke|p2|Rillaboom, F|\n|poke|p2|Ninetales-Alola, M|\n|poke|p2|Kingambit, M|\n|poke|p2|Volbeat, M|\n|teampreview\n|inactive|Battle timer is ON: inactive players will automatically lose when time's up. (requested by fizixes)\n|\n|t:|1699542530\n|start\n|switch|p1a: Tornadus|Tornadus, M, shiny|100\/100\n|switch|p1b: Ludicolo|Ludicolo, F, shiny|100\/100\n|switch|p2a: Volbeat|Volbeat, M|100\/100\n|switch|p2b: Rillaboom|Rillaboom, F|100\/100\n|-fieldstart|move: Grassy Terrain|[from] ability: Grassy Surge|[of] p2b: Rillaboom\n|turn|1\n|\n|t:|1699542556\n|switch|p1a: Politoed|Politoed, M|100\/100\n|-weather|RainDance|[from] ability: Drizzle|[of] p1a: Politoed\n|move|p2b: Rillaboom|Fake Out|p1a: Politoed\n|-damage|p1a: Politoed|85\/100\n|move|p2a: Volbeat|Thunder Wave|p1a: Politoed\n|-status|p1a: Politoed|par\n|move|p1b: Ludicolo|Ice Beam|p2b: Rillaboom\n|-supereffective|p2b: Rillaboom\n|-damage|p2b: Rillaboom|22\/100\n|-damage|p1b: Ludicolo|91\/100|[from] item: Life Orb\n|\n|-weather|RainDance|[upkeep]\n|-heal|p1b: Ludicolo|97\/100|[from] Grassy Terrain\n|-heal|p2b: Rillaboom|28\/100|[from] Grassy Terrain\n|-heal|p2b: Rillaboom|34\/100|[from] item: Leftovers\n|-heal|p1a: Politoed|91\/100 par|[from] Grassy Terrain\n|upkeep\n|turn|2\n|\n|t:|1699542583\n|switch|p1a: Tornadus|Tornadus, M, shiny|100\/100\n|move|p2a: Volbeat|Tailwind|p2a: Volbeat\n|-sidestart|p2: fizixes|move: Tailwind\n|move|p1b: Ludicolo|Ice Beam|p2b: Rillaboom\n|-supereffective|p2b: Rillaboom\n|-damage|p2b: Rillaboom|0 fnt\n|faint|p2b: Rillaboom\n|-damage|p1b: Ludicolo|87\/100|[from] item: Life Orb\n|\n|-weather|RainDance|[upkeep]\n|-heal|p1b: Ludicolo|93\/100|[from] Grassy Terrain\n|upkeep\n|\n|t:|1699542592\n|switch|p2b: Goodra|Goodra-Hisui, M|100\/100\n|turn|3\n|\n|t:|1699542607\n|-terastallize|p1b: Ludicolo|Water\n|move|p2a: Volbeat|Thunder Wave|p1a: Tornadus|[miss]\n|-miss|p2a: Volbeat|p1a: Tornadus\n|move|p1a: Tornadus|Tailwind|p1a: Tornadus\n|-sidestart|p1: ItzGreedy|move: Tailwind\n|move|p1b: Ludicolo|Weather Ball|p2a: Volbeat\n|-damage|p2a: Volbeat|0 fnt\n|faint|p2a: Volbeat\n|-damage|p1b: Ludicolo|83\/100|[from] item: Life Orb\n|move|p2b: Goodra|Thunderbolt|p1a: Tornadus\n|-supereffective|p1a: Tornadus\n|-damage|p1a: Tornadus|42\/100\n|\n|-weather|RainDance|[upkeep]\n|-heal|p1b: Ludicolo|89\/100|[from] Grassy Terrain\n|upkeep\n|\n|t:|1699542623\n|switch|p2a: Kingambit|Kingambit, M|100\/100\n|-enditem|p2a: Kingambit|Grassy Seed\n|-boost|p2a: Kingambit|def|1|[from] item: Grassy Seed\n|turn|4\n|inactive|ItzGreedy has 120 seconds left.\n|\n|t:|1699542655\n|move|p1b: Ludicolo|Weather Ball|p2a: Kingambit\n|-damage|p2a: Kingambit|0 fnt\n|replace|p2a: Zoroark|Zoroark-Hisui, F\n|-end|p2a: Zoroark|Illusion\n|faint|p2a: Zoroark\n|-damage|p1b: Ludicolo|79\/100|[from] item: Life Orb\n|move|p1a: Tornadus|Bleakwind Storm|p2b: Goodra\n|-resisted|p2b: Goodra\n|-damage|p2b: Goodra|89\/100\n|-unboost|p2b: Goodra|spe|1\n|move|p2b: Goodra|Thunderbolt|p1b: Ludicolo\n|-supereffective|p1b: Ludicolo\n|-crit|p1b: Ludicolo\n|-damage|p1b: Ludicolo|0 fnt\n|faint|p1b: Ludicolo\n|\n|-weather|RainDance|[upkeep]\n|-heal|p2b: Goodra|95\/100|[from] Grassy Terrain\n|upkeep\n|inactive|ItzGreedy has 120 seconds left.\n|\n|t:|1699542681\n|switch|p2a: Kingambit|Kingambit, M|100\/100\n|switch|p1b: Milotic|Milotic, F, shiny|100\/100\n|-activate|p2a: Kingambit|ability: Supreme Overlord\n|-start|p2a: Kingambit|fallen3|[silent]\n|turn|5\n|\n|t:|1699542699\n|move|p1a: Tornadus|Bleakwind Storm|p2b: Goodra|[spread] p2a,p2b\n|-resisted|p2a: Kingambit\n|-resisted|p2b: Goodra\n|-damage|p2a: Kingambit|83\/100\n|-damage|p2b: Goodra|87\/100\n|move|p1b: Milotic|Coil|p1b: Milotic\n|-boost|p1b: Milotic|atk|1\n|-boost|p1b: Milotic|def|1\n|-boost|p1b: Milotic|accuracy|1\n|move|p2a: Kingambit|Kowtow Cleave|p1b: Milotic\n|-damage|p1b: Milotic|58\/100\n|move|p2b: Goodra|Thunderbolt|p1a: Tornadus\n|-supereffective|p1a: Tornadus\n|-damage|p1a: Tornadus|0 fnt\n|faint|p1a: Tornadus\n|\n|-weather|none\n|-heal|p1b: Milotic|64\/100|[from] Grassy Terrain\n|-heal|p1b: Milotic|70\/100|[from] item: Leftovers\n|-heal|p2a: Kingambit|89\/100|[from] Grassy Terrain\n|-heal|p2b: Goodra|93\/100|[from] Grassy Terrain\n|-sideend|p2: fizixes|move: Tailwind\n|-fieldend|move: Grassy Terrain\n|upkeep\n|inactive|ItzGreedy has 120 seconds left.\n|\n|t:|1699542718\n|switch|p1a: Sinistcha|Sinistcha-Masterpiece, shiny|100\/100\n|-heal|p1b: Milotic|95\/100|[from] ability: Hospitality|[of] p1a: Sinistcha\n|turn|6\n|\n|t:|1699542728\n|switch|p1a: Politoed|Politoed, M|91\/100 par\n|-weather|RainDance|[from] ability: Drizzle|[of] p1a: Politoed\n|move|p1b: Milotic|Hypnosis|p2b: Goodra\n|-status|p2b: Goodra|slp|[from] move: Hypnosis\n|move|p2a: Kingambit|Kowtow Cleave|p1a: Politoed\n|-damage|p1a: Politoed|20\/100 par\n|-enditem|p1a: Politoed|Aguav Berry|[eat]\n|-heal|p1a: Politoed|54\/100 par|[from] item: Aguav Berry\n|cant|p2b: Goodra|slp\n|\n|-weather|RainDance|[upkeep]\n|-heal|p1b: Milotic|100\/100|[from] item: Leftovers\n|-sideend|p1: ItzGreedy|move: Tailwind\n|upkeep\n|turn|7\n|\n|t:|1699542754\n|switch|p2b: Ninetales|Ninetales-Alola, M|100\/100\n|-weather|Snow|[from] ability: Snow Warning|[of] p2b: Ninetales\n|move|p1b: Milotic|Hypnosis|p2a: Kingambit\n|-status|p2a: Kingambit|slp|[from] move: Hypnosis\n|cant|p2a: Kingambit|slp\n|cant|p1a: Politoed|par\n|\n|-weather|Snow|[upkeep]\n|upkeep\n|turn|8\n|inactive|ItzGreedy has 120 seconds left.\n|\n|t:|1699542805\n|switch|p1a: Sinistcha|Sinistcha-Masterpiece, shiny|100\/100\n|move|p2b: Ninetales|Aurora Veil|p2b: Ninetales\n|-sidestart|p2: fizixes|move: Aurora Veil\n|move|p1b: Milotic|Hypnosis|p2b: Ninetales\n|-status|p2b: Ninetales|slp|[from] move: Hypnosis\n|cant|p2a: Kingambit|slp\n|\n|-weather|Snow|[upkeep]\n|upkeep\n|turn|9\n|inactive|ItzGreedy has 120 seconds left.\n|\n|t:|1699542818\n|cant|p2b: Ninetales|slp\n|move|p1a: Sinistcha|Calm Mind|p1a: Sinistcha\n|-boost|p1a: Sinistcha|spa|1\n|-boost|p1a: Sinistcha|spd|1\n|-curestatus|p2a: Kingambit|slp|[msg]\n|move|p2a: Kingambit|Kowtow Cleave|p1a: Sinistcha\n|-supereffective|p1a: Sinistcha\n|-crit|p1a: Sinistcha\n|-damage|p1a: Sinistcha|0 fnt\n|faint|p1a: Sinistcha\n|move|p1b: Milotic|Dragon Tail|p2a: Kingambit\n|-resisted|p2a: Kingambit\n|-damage|p2a: Kingambit|86\/100\n|-end|p2a: Kingambit|fallen3|[silent]\n|drag|p2a: Goodra|Goodra-Hisui, M|93\/100 slp\n|\n|-weather|Snow|[upkeep]\n|upkeep\n|\n|t:|1699542841\n|switch|p1a: Politoed|Politoed, M|54\/100 par\n|-weather|RainDance|[from] ability: Drizzle|[of] p1a: Politoed\n|turn|10\n|inactive|ItzGreedy has 120 seconds left.\n|\n|t:|1699542863\n|-curestatus|p2b: Ninetales|slp|[msg]\n|move|p2b: Ninetales|Nasty Plot|p2b: Ninetales\n|-boost|p2b: Ninetales|spa|2\n|cant|p2a: Goodra|slp\n|move|p1a: Politoed|Liquidation|p2b: Ninetales\n|-damage|p2b: Ninetales|64\/100\n|move|p1b: Milotic|Dragon Tail|p2a: Goodra\n|-damage|p2a: Goodra|84\/100 slp\n|drag|p2a: Kingambit|Kingambit, M|86\/100\n|-activate|p2a: Kingambit|ability: Supreme Overlord\n|-start|p2a: Kingambit|fallen3|[silent]\n|\n|-weather|RainDance|[upkeep]\n|upkeep\n|turn|11\n|inactive|ItzGreedy has 120 seconds left.\n|\n|t:|1699542889\n|move|p2b: Ninetales|Dazzling Gleam|p1b: Milotic|[spread] p1a,p1b\n|-damage|p1a: Politoed|22\/100 par\n|-damage|p1b: Milotic|80\/100\n|move|p1b: Milotic|Hypnosis|p2a: Kingambit|[miss]\n|-miss|p1b: Milotic|p2a: Kingambit\n|move|p2a: Kingambit|Kowtow Cleave|p1b: Milotic\n|-damage|p1b: Milotic|35\/100\n|move|p1a: Politoed|Liquidation|p2b: Ninetales\n|-damage|p2b: Ninetales|26\/100\n|\n|-weather|RainDance|[upkeep]\n|-heal|p1b: Milotic|41\/100|[from] item: Leftovers\n|upkeep\n|turn|12\n|inactive|ItzGreedy has 120 seconds left.\n|\n|t:|1699542904\n|move|p2b: Ninetales|Dazzling Gleam|p1a: Politoed|[spread] p1a,p1b\n|-damage|p1a: Politoed|0 fnt\n|-damage|p1b: Milotic|22\/100\n|faint|p1a: Politoed\n|move|p1b: Milotic|Life Dew|p1b: Milotic\n|-heal|p1b: Milotic|47\/100\n|move|p2a: Kingambit|Kowtow Cleave|p1b: Milotic\n|-damage|p1b: Milotic|3\/100\n|\n|-weather|RainDance|[upkeep]\n|-heal|p1b: Milotic|9\/100|[from] item: Leftovers\n|upkeep\n|\n|t:|1699542915\n|switch|p1a: Basculegion|Basculegion-F, F, shiny|100\/100\n|turn|13\n|inactive|ItzGreedy has 120 seconds left.\n|\n|t:|1699542936\n|move|p1a: Basculegion|Icy Wind|p2a: Kingambit|[spread] p2a,p2b\n|-resisted|p2a: Kingambit\n|-resisted|p2b: Ninetales\n|-damage|p2a: Kingambit|81\/100\n|-damage|p2b: Ninetales|22\/100\n|-unboost|p2a: Kingambit|spe|1\n|-unboost|p2b: Ninetales|spe|1\n|move|p2b: Ninetales|Dazzling Gleam|p1a: Basculegion|[spread] p1a,p1b\n|-damage|p1a: Basculegion|78\/100\n|-damage|p1b: Milotic|0 fnt\n|faint|p1b: Milotic\n|move|p2a: Kingambit|Swords Dance|p2a: Kingambit\n|-boost|p2a: Kingambit|atk|2\n|\n|-weather|RainDance|[upkeep]\n|upkeep\n|turn|14\n|\n|t:|1699542950\n|move|p2a: Kingambit|Sucker Punch|p1a: Basculegion\n|-supereffective|p1a: Basculegion\n|-damage|p1a: Basculegion|0 fnt\n|faint|p1a: Basculegion\n|\n|win|fizixes\n|raw|ItzGreedy's rating: 1220 &rarr; <strong>1197<\/strong><br \/>(-23 for losing)\n|raw|fizixes's rating: 1254 &rarr; <strong>1277<\/strong><br \/>(+23 for winning)\n|l|\u2606ItzGreedy\n","uploadtime":1699542960,"views":26,"p1id":"itzgreedy","p2id":"fizixes","formatid":"gen9doublesou","rating":1197,"private":0,"password":""}