{"id":"gen9doublesou-2000026829","p1":"Spicymeatball1","p2":"Ridiculous_George","format":"[Gen 9] Doubles OU","log":"|j|\u2606Spicymeatball1\n|j|\u203dRidiculous_George\n|t:|1701142905\n|gametype|doubles\n|player|p1|Spicymeatball1|265|1287\n|player|p2|Ridiculous_George|266|1228\n|teamsize|p1|6\n|teamsize|p2|6\n|gen|9\n|tier|[Gen 9] Doubles OU\n|rated|\n|rule|Species Clause: Limit one of each Pok\u00e9mon\n|rule|OHKO Clause: OHKO moves are banned\n|rule|Evasion Moves Clause: Evasion moves are banned\n|rule|Gravity Sleep Clause: The combination of sleep-inducing moves with imperfect accuracy and Gravity or Gigantamax Orbeetle are banned\n|rule|Endless Battle Clause: Forcing endless battles is banned\n|rule|HP Percentage Mod: HP is shown in percentages\n|clearpoke\n|poke|p1|Arcanine, M|\n|poke|p1|Amoonguss, M|\n|poke|p1|Iron Bundle|\n|poke|p1|Corviknight, F|\n|poke|p1|Garchomp, M|\n|poke|p1|Ribombee, F|\n|poke|p2|Armarouge, M|\n|poke|p2|Torkoal, M|\n|poke|p2|Indeedee-F, F|\n|poke|p2|Sneasler, M|\n|poke|p2|Sinistcha-Masterpiece|\n|poke|p2|Rillaboom, F|\n|teampreview\n|inactive|Battle timer is ON: inactive players will automatically lose when time's up. (requested by Ridiculous_George)\n|inactive|Spicymeatball1 also wants the timer to be on.\n|\n|t:|1701142928\n|start\n|switch|p1a: Corviknight|Corviknight, F, shiny|100\/100\n|switch|p1b: Garchomp|Garchomp, M|100\/100\n|switch|p2a: Indeedee|Indeedee-F, F|100\/100\n|switch|p2b: Armarouge|Armarouge, M|100\/100\n|-fieldstart|move: Psychic Terrain|[from] ability: Psychic Surge|[of] p2a: Indeedee\n|turn|1\n|\n|t:|1701142943\n|move|p2b: Armarouge|Protect|p2b: Armarouge\n|-singleturn|p2b: Armarouge|Protect\n|move|p1b: Garchomp|Earthquake|p2a: Indeedee|[spread] p2a\n|-activate|p2b: Armarouge|move: Protect\n|-immune|p1a: Corviknight\n|-crit|p2a: Indeedee\n|-damage|p2a: Indeedee|14\/100\n|move|p1a: Corviknight|Bulk Up|p1a: Corviknight\n|-boost|p1a: Corviknight|atk|1\n|-boost|p1a: Corviknight|def|1\n|move|p2a: Indeedee|Trick Room|p2a: Indeedee\n|-fieldstart|move: Trick Room|[of] p2a: Indeedee\n|\n|-heal|p2a: Indeedee|20\/100|[from] item: Leftovers\n|upkeep\n|turn|2\n|\n|t:|1701142966\n|move|p2a: Indeedee|Protect|p2a: Indeedee\n|-singleturn|p2a: Indeedee|Protect\n|move|p2b: Armarouge|Armor Cannon|p1a: Corviknight\n|-supereffective|p1a: Corviknight\n|-damage|p1a: Corviknight|0 fnt\n|-unboost|p2b: Armarouge|def|1\n|-unboost|p2b: Armarouge|spd|1\n|faint|p1a: Corviknight\n|move|p1b: Garchomp|Earthquake|p2b: Armarouge|[spread] p2b\n|-activate|p2a: Indeedee|move: Protect\n|-supereffective|p2b: Armarouge\n|-enditem|p2b: Armarouge|Shuca Berry|[eat]\n|-enditem|p2b: Armarouge|Shuca Berry|[weaken]\n|-damage|p2b: Armarouge|50\/100\n|\n|-heal|p2a: Indeedee|26\/100|[from] item: Leftovers\n|upkeep\n|inactive|Spicymeatball1 has 120 seconds left.\n|\n|t:|1701142986\n|switch|p1a: Amoonguss|Amoonguss, M|100\/100\n|turn|3\n|\n|t:|1701143001\n|-terastallize|p2a: Indeedee|Fairy\n|move|p1a: Amoonguss|Protect|p1a: Amoonguss\n|-singleturn|p1a: Amoonguss|Protect\n|move|p2b: Armarouge|Expanding Force|p1a: Amoonguss|[spread] p1b\n|-activate|p1a: Amoonguss|move: Protect\n|-damage|p1b: Garchomp|65\/100\n|move|p2a: Indeedee|Dazzling Gleam|p1b: Garchomp|[spread] p1b\n|-activate|p1a: Amoonguss|move: Protect\n|-supereffective|p1b: Garchomp\n|-damage|p1b: Garchomp|33\/100\n|move|p1b: Garchomp|Earthquake|p2a: Indeedee|[spread] p2a,p2b\n|-activate|p1a: Amoonguss|move: Protect\n|-supereffective|p2b: Armarouge\n|-damage|p2a: Indeedee|0 fnt\n|-damage|p2b: Armarouge|0 fnt\n|faint|p2a: Indeedee\n|faint|p2b: Armarouge\n|\n|upkeep\n|inactive|Ridiculous_George has 120 seconds left.\n|\n|t:|1701143029\n|switch|p2b: Rillaboom|Rillaboom, F|100\/100\n|switch|p2a: Torkoal|Torkoal, M|100\/100\n|-weather|SunnyDay|[from] ability: Drought|[of] p2a: Torkoal\n|-fieldstart|move: Grassy Terrain|[from] ability: Grassy Surge|[of] p2b: Rillaboom\n|turn|4\n|\n|t:|1701143043\n|move|p2b: Rillaboom|Grassy Glide|p1b: Garchomp\n|-damage|p1b: Garchomp|0 fnt\n|-damage|p2b: Rillaboom|88\/100|[from] ability: Rough Skin|[of] p1b: Garchomp\n|faint|p1b: Garchomp\n|-damage|p2b: Rillaboom|78\/100|[from] item: Life Orb\n|move|p2a: Torkoal|Eruption|p1a: Amoonguss\n|-supereffective|p1a: Amoonguss\n|-damage|p1a: Amoonguss|0 fnt\n|faint|p1a: Amoonguss\n|\n|-weather|SunnyDay|[upkeep]\n|-heal|p2b: Rillaboom|84\/100|[from] Grassy Terrain\n|upkeep\n|\n|t:|1701143048\n|switch|p1a: Arcanine|Arcanine, M|100\/100\n|switch|p1b: Iron Bundle|Iron Bundle|100\/100\n|-ability|p1a: Arcanine|Intimidate|boost\n|-unboost|p2a: Torkoal|atk|1\n|-unboost|p2b: Rillaboom|atk|1\n|-enditem|p1b: Iron Bundle|Booster Energy\n|-activate|p1b: Iron Bundle|ability: Quark Drive|[fromitem]\n|-start|p1b: Iron Bundle|quarkdrivespe\n|turn|5\n|inactive|Ridiculous_George has 120 seconds left.\n|\n|t:|1701143081\n|move|p1b: Iron Bundle|Protect|p1b: Iron Bundle\n|-singleturn|p1b: Iron Bundle|Protect\n|move|p2b: Rillaboom|Grassy Glide|p1b: Iron Bundle\n|-activate|p1b: Iron Bundle|move: Protect\n|move|p2a: Torkoal|Solar Beam||[still]\n|-prepare|p2a: Torkoal|Solar Beam\n|-anim|p2a: Torkoal|Solar Beam|p1b: Iron Bundle\n|-activate|p1b: Iron Bundle|move: Protect\n|move|p1a: Arcanine|Flare Blitz|p2b: Rillaboom\n|-supereffective|p2b: Rillaboom\n|-damage|p2b: Rillaboom|0 fnt\n|faint|p2b: Rillaboom\n|-damage|p1a: Arcanine|71\/100|[from] Recoil\n|\n|-weather|SunnyDay|[upkeep]\n|-heal|p1a: Arcanine|77\/100|[from] Grassy Terrain\n|-fieldend|move: Trick Room\n|upkeep\n|inactive|Ridiculous_George has 120 seconds left.\n|\n|t:|1701143093\n|switch|p2b: Sneasler|Sneasler, M, shiny|100\/100\n|-enditem|p2b: Sneasler|Grassy Seed\n|-boost|p2b: Sneasler|def|1|[from] item: Grassy Seed\n|turn|6\n|\n|t:|1701143109\n|move|p2b: Sneasler|Fake Out|p1b: Iron Bundle\n|-damage|p1b: Iron Bundle|82\/100\n|cant|p1b: Iron Bundle|flinch\n|move|p1a: Arcanine|Flare Blitz|p2b: Sneasler\n|-damage|p2b: Sneasler|6\/100\n|-status|p2b: Sneasler|brn\n|-damage|p1a: Arcanine|48\/100|[from] Recoil\n|move|p2a: Torkoal|Solar Beam||[still]\n|-prepare|p2a: Torkoal|Solar Beam\n|-anim|p2a: Torkoal|Solar Beam|p1b: Iron Bundle\n|-supereffective|p1b: Iron Bundle\n|-damage|p1b: Iron Bundle|0 fnt\n|faint|p1b: Iron Bundle\n|-end|p1b: Iron Bundle|Quark Drive|[silent]\n|\n|-weather|SunnyDay|[upkeep]\n|-heal|p2b: Sneasler|12\/100 brn|[from] Grassy Terrain\n|-heal|p1a: Arcanine|55\/100|[from] Grassy Terrain\n|-damage|p2b: Sneasler|6\/100 brn|[from] brn\n|upkeep\n|\n|t:|1701143118\n|switch|p1b: Ribombee|Ribombee, F, shiny|100\/100\n|turn|7\n|\n|t:|1701143143\n|-terastallize|p1b: Ribombee|Steel\n|move|p2b: Sneasler|Acrobatics|p1b: Ribombee\n|-resisted|p1b: Ribombee\n|-damage|p1b: Ribombee|78\/100\n|move|p1b: Ribombee|Stun Spore|p2a: Torkoal|[miss]\n|-miss|p1b: Ribombee|p2a: Torkoal\n|move|p1a: Arcanine|Crunch|p2a: Torkoal\n|-damage|p2a: Torkoal|83\/100\n|move|p2a: Torkoal|Earth Power|p1a: Arcanine\n|-supereffective|p1a: Arcanine\n|-damage|p1a: Arcanine|9\/100\n|\n|-weather|SunnyDay|[upkeep]\n|-heal|p2b: Sneasler|12\/100 brn|[from] Grassy Terrain\n|-heal|p1b: Ribombee|84\/100|[from] Grassy Terrain\n|-heal|p1a: Arcanine|15\/100|[from] Grassy Terrain\n|-heal|p2a: Torkoal|89\/100|[from] Grassy Terrain\n|-damage|p2b: Sneasler|6\/100 brn|[from] brn\n|upkeep\n|turn|8\n|\n|t:|1701143172\n|move|p2b: Sneasler|Close Combat|p1b: Ribombee\n|-supereffective|p1b: Ribombee\n|-damage|p1b: Ribombee|0 fnt\n|-unboost|p2b: Sneasler|def|1\n|-unboost|p2b: Sneasler|spd|1\n|faint|p1b: Ribombee\n|move|p1a: Arcanine|Crunch|p2a: Torkoal\n|-damage|p2a: Torkoal|72\/100\n|move|p2a: Torkoal|Earth Power|p1a: Arcanine\n|-supereffective|p1a: Arcanine\n|-damage|p1a: Arcanine|0 fnt\n|faint|p1a: Arcanine\n|\n|win|Ridiculous_George\n|raw|Spicymeatball1's rating: 1287 &rarr; <strong>1258<\/strong><br \/>(-29 for losing)\n|raw|Ridiculous_George's rating: 1228 &rarr; <strong>1257<\/strong><br \/>(+29 for winning)\n|l|\u2606Spicymeatball1\n","uploadtime":1701143303,"views":5,"p1id":"spicymeatball1","p2id":"ridiculousgeorge","formatid":"gen9doublesou","rating":1257,"private":0,"password":""}