{"id":"gen9doublesou-1973686543","p1":"Rexluser","p2":"willk_2008","format":"[Gen 9] Doubles OU","log":"|j|\u2606Rexluser\n|j|\u2606willk_2008\n|t:|1698003344\n|gametype|doubles\n|player|p1|Rexluser|266|1337\n|player|p2|willk_2008|lance|1480\n|teamsize|p1|6\n|teamsize|p2|6\n|gen|9\n|tier|[Gen 9] Doubles OU\n|rated|\n|rule|Species Clause: Limit one of each Pok\u00e9mon\n|rule|OHKO Clause: OHKO moves are banned\n|rule|Evasion Moves Clause: Evasion moves are banned\n|rule|Gravity Sleep Clause: The combination of sleep-inducing moves with imperfect accuracy and Gravity or Gigantamax Orbeetle are banned\n|rule|Endless Battle Clause: Forcing endless battles is banned\n|rule|HP Percentage Mod: HP is shown in percentages\n|clearpoke\n|poke|p1|Chien-Pao|\n|poke|p1|Basculegion-F, F|\n|poke|p1|Goodra-Hisui, F|\n|poke|p1|Iron Hands|\n|poke|p1|Ogerpon-Hearthflame, F|\n|poke|p1|Tornadus, M|\n|poke|p2|Chien-Pao|\n|poke|p2|Flutter Mane|\n|poke|p2|Iron Hands|\n|poke|p2|Amoonguss, F|\n|poke|p2|Landorus-Therian, M|\n|poke|p2|Heatran, F|\n|teampreview\n|inactive|Battle timer is ON: inactive players will automatically lose when time's up. (requested by Rexluser)\n|\n|t:|1698003368\n|start\n|switch|p1a: Tornadus|Tornadus, M|100\/100\n|switch|p1b: Chien-Pao|Chien-Pao|100\/100\n|switch|p2a: Iron Hands|Iron Hands|100\/100\n|switch|p2b: Chien-Pao|Chien-Pao|100\/100\n|-ability|p2b: Chien-Pao|Sword of Ruin\n|-ability|p1b: Chien-Pao|Sword of Ruin\n|turn|1\n|\n|t:|1698003393\n|switch|p1b: Basculegion|Basculegion-F, F|100\/100\n|-ability|p1b: Basculegion|Mold Breaker\n|-terastallize|p2b: Chien-Pao|Ghost\n|move|p1a: Tornadus|Protect|p1a: Tornadus\n|-singleturn|p1a: Tornadus|Protect\n|move|p2a: Iron Hands|Fake Out|p1a: Tornadus\n|-activate|p1a: Tornadus|move: Protect\n|move|p2b: Chien-Pao|Ice Spinner|p1a: Tornadus\n|-activate|p1a: Tornadus|move: Protect\n|\n|upkeep\n|turn|2\n|\n|t:|1698003410\n|move|p2b: Chien-Pao|Protect|p2b: Chien-Pao\n|-singleturn|p2b: Chien-Pao|Protect\n|move|p1a: Tornadus|Tailwind|p1a: Tornadus\n|-sidestart|p1: Rexluser|move: Tailwind\n|move|p1b: Basculegion|Phantom Force||[still]\n|-prepare|p1b: Basculegion|Phantom Force\n|move|p2a: Iron Hands|Wild Charge|p1b: Basculegion|[miss]\n|-miss|p2a: Iron Hands|p1b: Basculegion\n|\n|upkeep\n|turn|3\n|\n|t:|1698003423\n|move|p1a: Tornadus|Protect|p1a: Tornadus\n|-singleturn|p1a: Tornadus|Protect\n|move|p1b: Basculegion|Phantom Force|p2b: Chien-Pao|[from]lockedmove\n|-supereffective|p2b: Chien-Pao\n|-enditem|p2b: Chien-Pao|Focus Sash\n|-damage|p2b: Chien-Pao|1\/100\n|move|p2b: Chien-Pao|Ice Spinner|p1a: Tornadus\n|-activate|p1a: Tornadus|move: Protect\n|move|p2a: Iron Hands|Wild Charge|p1a: Tornadus\n|-activate|p1a: Tornadus|move: Protect\n|\n|upkeep\n|turn|4\n|\n|t:|1698003440\n|switch|p1a: Goodra|Goodra-Hisui, F|100\/100\n|switch|p1b: Iron Hands|Iron Hands|100\/100\n|move|p2b: Chien-Pao|Crunch|p1b: Iron Hands\n|-resisted|p1b: Iron Hands\n|-damage|p1b: Iron Hands|86\/100\n|move|p2a: Iron Hands|Wild Charge|p1a: Goodra\n|-resisted|p1a: Goodra\n|-damage|p1a: Goodra|74\/100\n|-damage|p2a: Iron Hands|96\/100|[from] Recoil\n|\n|-heal|p1a: Goodra|80\/100|[from] item: Leftovers\n|upkeep\n|turn|5\n|\n|t:|1698003458\n|move|p1b: Iron Hands|Fake Out|p2a: Iron Hands\n|-damage|p2a: Iron Hands|84\/100\n|move|p2b: Chien-Pao|Ice Spinner|p1b: Iron Hands\n|-crit|p1b: Iron Hands\n|-damage|p1b: Iron Hands|46\/100\n|move|p1a: Goodra|Flash Cannon|p2b: Chien-Pao\n|-damage|p2b: Chien-Pao|0 fnt\n|faint|p2b: Chien-Pao\n|cant|p2a: Iron Hands|flinch\n|\n|-heal|p1a: Goodra|86\/100|[from] item: Leftovers\n|-sideend|p1: Rexluser|move: Tailwind\n|upkeep\n|\n|t:|1698003473\n|switch|p2b: Landorus|Landorus-Therian, M|100\/100\n|-ability|p2b: Landorus|Intimidate|boost\n|-unboost|p1a: Goodra|atk|1\n|-unboost|p1b: Iron Hands|atk|1\n|turn|6\n|\n|t:|1698003482\n|switch|p1a: Tornadus|Tornadus, M|100\/100\n|-end|p1b: Iron Hands|Quark Drive|[silent]\n|switch|p1b: Basculegion|Basculegion-F, F|100\/100\n|-ability|p1b: Basculegion|Mold Breaker\n|move|p2b: Landorus|U-turn|p1b: Basculegion\n|-resisted|p1b: Basculegion\n|-damage|p1b: Basculegion|75\/100\n|\n|t:|1698003491\n|switch|p2b: Amoonguss|Amoonguss, F|100\/100|[from] U-turn\n|move|p2a: Iron Hands|Close Combat|p1a: Tornadus\n|-resisted|p1a: Tornadus\n|-damage|p1a: Tornadus|50\/100\n|-unboost|p2a: Iron Hands|def|1\n|-unboost|p2a: Iron Hands|spd|1\n|\n|upkeep\n|turn|7\n|\n|t:|1698003501\n|move|p1a: Tornadus|Tailwind|p1a: Tornadus\n|-sidestart|p1: Rexluser|move: Tailwind\n|move|p1b: Basculegion|Flip Turn|p2a: Iron Hands\n|-damage|p2a: Iron Hands|56\/100\n|\n|t:|1698003506\n|switch|p1b: Goodra|Goodra-Hisui, F|86\/100|[from] Flip Turn\n|move|p2a: Iron Hands|Close Combat|p1a: Tornadus\n|-resisted|p1a: Tornadus\n|-damage|p1a: Tornadus|0 fnt\n|-unboost|p2a: Iron Hands|def|1\n|-unboost|p2a: Iron Hands|spd|1\n|faint|p1a: Tornadus\n|move|p2b: Amoonguss|Spore|p1b: Goodra\n|-ability|p1b: Goodra|Sap Sipper|boost\n|-boost|p1b: Goodra|atk|1\n|\n|-heal|p1b: Goodra|92\/100|[from] item: Leftovers\n|upkeep\n|\n|t:|1698003512\n|switch|p1a: Chien-Pao|Chien-Pao|100\/100\n|-ability|p1a: Chien-Pao|Sword of Ruin\n|turn|8\n|\n|t:|1698003522\n|move|p1a: Chien-Pao|Ice Spinner|p2b: Amoonguss\n|-supereffective|p2b: Amoonguss\n|-damage|p2b: Amoonguss|0 fnt\n|faint|p2b: Amoonguss\n|move|p1b: Goodra|Acid Armor|p1b: Goodra\n|-boost|p1b: Goodra|def|2\n|move|p2a: Iron Hands|Drain Punch|p1a: Chien-Pao\n|-supereffective|p1a: Chien-Pao\n|-damage|p1a: Chien-Pao|0 fnt\n|-heal|p2a: Iron Hands|86\/100|[from] drain|[of] p1a: Chien-Pao\n|faint|p1a: Chien-Pao\n|\n|-heal|p1b: Goodra|98\/100|[from] item: Leftovers\n|upkeep\n|\n|t:|1698003536\n|switch|p1a: Ogerpon|Ogerpon-Hearthflame, F|100\/100\n|switch|p2b: Landorus|Landorus-Therian, M|100\/100\n|-ability|p1a: Ogerpon|Mold Breaker\n|-ability|p2b: Landorus|Intimidate|boost\n|-unboost|p1a: Ogerpon|atk|1\n|-unboost|p1b: Goodra|atk|1\n|turn|9\n|\n|t:|1698003549\n|-terastallize|p1a: Ogerpon|Fire\n|detailschange|p1a: Ogerpon|Ogerpon-Hearthflame-Tera, F, tera:Fire\n|-ability|p1a: Ogerpon|Embody Aspect (Hearthflame)|boost\n|-boost|p1a: Ogerpon|atk|1\n|move|p1a: Ogerpon|Ivy Cudgel|p2b: Landorus\n|-crit|p2b: Landorus\n|-damage|p2b: Landorus|0 fnt\n|faint|p2b: Landorus\n|move|p1b: Goodra|Flamethrower|p2a: Iron Hands\n|-crit|p2a: Iron Hands\n|-damage|p2a: Iron Hands|49\/100\n|move|p2a: Iron Hands|Close Combat|p1b: Goodra\n|-supereffective|p1b: Goodra\n|-damage|p1b: Goodra|42\/100\n|-unboost|p2a: Iron Hands|def|1\n|-unboost|p2a: Iron Hands|spd|1\n|\n|-heal|p1b: Goodra|48\/100|[from] item: Leftovers\n|upkeep\n|\n|t:|1698003565\n|switch|p2b: Heatran|Heatran, F|100\/100\n|turn|10\n|\n|t:|1698003588\n|move|p1a: Ogerpon|Spiky Shield|p1a: Ogerpon\n|-singleturn|p1a: Ogerpon|move: Protect\n|move|p1b: Goodra|Flamethrower|p2a: Iron Hands\n|-damage|p2a: Iron Hands|17\/100\n|move|p2b: Heatran|Earth Power|p1a: Ogerpon\n|-activate|p1a: Ogerpon|move: Protect\n|move|p2a: Iron Hands|Close Combat|p1b: Goodra\n|-supereffective|p1b: Goodra\n|-damage|p1b: Goodra|0 fnt\n|-unboost|p2a: Iron Hands|def|1\n|-unboost|p2a: Iron Hands|spd|1\n|faint|p1b: Goodra\n|\n|-sideend|p1: Rexluser|move: Tailwind\n|upkeep\n|inactive|Rexluser has 120 seconds left.\n|\n|t:|1698003604\n|switch|p1b: Basculegion|Basculegion-F, F|75\/100\n|-ability|p1b: Basculegion|Mold Breaker\n|turn|11\n|\n|t:|1698003610\n|move|p1b: Basculegion|Liquidation|p2b: Heatran\n|-supereffective|p2b: Heatran\n|-damage|p2b: Heatran|38\/100\n|move|p1a: Ogerpon|Ivy Cudgel|p2a: Iron Hands\n|-crit|p2a: Iron Hands\n|-damage|p2a: Iron Hands|0 fnt\n|faint|p2a: Iron Hands\n|-end|p2a: Iron Hands|Quark Drive|[silent]\n|move|p2b: Heatran|Earth Power|p1a: Ogerpon\n|-supereffective|p1a: Ogerpon\n|-damage|p1a: Ogerpon|30\/100\n|\n|upkeep\n|\n|t:|1698003620\n|switch|p2a: Flutter Mane|Flutter Mane|100\/100\n|turn|12\n|\n|t:|1698003629\n|move|p2a: Flutter Mane|Shadow Ball|p1b: Basculegion\n|-supereffective|p1b: Basculegion\n|-damage|p1b: Basculegion|0 fnt\n|faint|p1b: Basculegion\n|move|p1a: Ogerpon|Ivy Cudgel|p2a: Flutter Mane\n|-damage|p2a: Flutter Mane|0 fnt\n|faint|p2a: Flutter Mane\n|-end|p2a: Flutter Mane|Protosynthesis|[silent]\n|move|p2b: Heatran|Earth Power|p1a: Ogerpon\n|-supereffective|p1a: Ogerpon\n|-damage|p1a: Ogerpon|0 fnt\n|faint|p1a: Ogerpon\n|\n|upkeep\n|\n|t:|1698003636\n|switch|p1b: Iron Hands|Iron Hands|46\/100\n|turn|13\n|\n|t:|1698003642\n|move|p2b: Heatran|Earth Power|p1b: Iron Hands\n|-supereffective|p1b: Iron Hands\n|-damage|p1b: Iron Hands|5\/100\n|move|p1b: Iron Hands|Drain Punch|p2b: Heatran\n|-supereffective|p2b: Heatran\n|-damage|p2b: Heatran|0 fnt\n|-heal|p1b: Iron Hands|20\/100|[from] drain|[of] p2b: Heatran\n|faint|p2b: Heatran\n|\n|win|Rexluser\n|raw|Rexluser's rating: 1337 &rarr; <strong>1365<\/strong><br \/>(+28 for winning)\n|raw|willk_2008's rating: 1480 &rarr; <strong>1452<\/strong><br \/>(-28 for losing)\n|l|\u2606willk_2008\n|c|\u2606Rexluser|gg\n","uploadtime":1698003655,"views":11,"p1id":"rexluser","p2id":"willk2008","formatid":"gen9doublesou","rating":1365,"private":0,"password":""}