{"id":"gen9doublesou-1998721165","p1":"JustRadAlex","p2":"Sylent knight","format":"[Gen 9] Doubles OU","log":"|j|\u2606JustRadAlex\n|j|\u2606Sylent knight\n|t:|1700977729\n|gametype|doubles\n|player|p1|JustRadAlex|juan|1475\n|player|p2|Sylent knight|170|1456\n|teamsize|p1|6\n|teamsize|p2|6\n|gen|9\n|tier|[Gen 9] Doubles OU\n|rated|\n|rule|Species Clause: Limit one of each Pok\u00e9mon\n|rule|OHKO Clause: OHKO moves are banned\n|rule|Evasion Moves Clause: Evasion moves are banned\n|rule|Gravity Sleep Clause: The combination of sleep-inducing moves with imperfect accuracy and Gravity or Gigantamax Orbeetle are banned\n|rule|Endless Battle Clause: Forcing endless battles is banned\n|rule|HP Percentage Mod: HP is shown in percentages\n|clearpoke\n|poke|p1|Iron Hands|\n|poke|p1|Grimmsnarl, M|\n|poke|p1|Cresselia, F|\n|poke|p1|Rillaboom, F|\n|poke|p1|Empoleon, M|\n|poke|p1|Landorus-Therian, M|\n|poke|p2|Indeedee-F, F|\n|poke|p2|Okidogi, M|\n|poke|p2|Iron Hands|\n|poke|p2|Ceruledge, M|\n|poke|p2|Armarouge, M|\n|poke|p2|Sinistcha-Masterpiece|\n|teampreview\n|inactive|Battle timer is ON: inactive players will automatically lose when time's up. (requested by Sylent knight)\n|\n|t:|1700977741\n|start\n|switch|p1a: Grimmsnarl|Grimmsnarl, M, shiny|100\/100\n|switch|p1b: Landorus|Landorus-Therian, M|100\/100\n|switch|p2a: Sinistcha|Sinistcha-Masterpiece|100\/100\n|switch|p2b: Indeedee|Indeedee-F, F|100\/100\n|-ability|p1b: Landorus|Intimidate|boost\n|-unboost|p2a: Sinistcha|atk|1\n|-unboost|p2b: Indeedee|atk|1\n|-fieldstart|move: Psychic Terrain|[from] ability: Psychic Surge|[of] p2b: Indeedee\n|-enditem|p2a: Sinistcha|Psychic Seed\n|-boost|p2a: Sinistcha|spd|1|[from] item: Psychic Seed\n|turn|1\n|\n|t:|1700977760\n|move|p1a: Grimmsnarl|Light Screen|p1a: Grimmsnarl\n|-sidestart|p1: JustRadAlex|move: Light Screen\n|move|p1b: Landorus|U-turn|p2b: Indeedee\n|-supereffective|p2b: Indeedee\n|-damage|p2b: Indeedee|51\/100\n|\n|t:|1700977768\n|switch|p1b: Rillaboom|Rillaboom, F|100\/100|[from] U-turn\n|-fieldstart|move: Grassy Terrain|[from] ability: Grassy Surge|[of] p1b: Rillaboom\n|-enditem|p1b: Rillaboom|Grassy Seed\n|-boost|p1b: Rillaboom|def|1|[from] item: Grassy Seed\n|move|p2a: Sinistcha|Nasty Plot|p2a: Sinistcha\n|-boost|p2a: Sinistcha|spa|2\n|move|p2b: Indeedee|Trick Room|p2b: Indeedee\n|-fieldstart|move: Trick Room|[of] p2b: Indeedee\n|\n|-heal|p2b: Indeedee|57\/100|[from] Grassy Terrain\n|upkeep\n|turn|2\n|\n|t:|1700977792\n|switch|p2b: Armarouge|Armarouge, M|100\/100\n|switch|p1a: Cresselia|Cresselia, F|100\/100\n|move|p2a: Sinistcha|Nasty Plot|p2a: Sinistcha\n|-boost|p2a: Sinistcha|spa|2\n|move|p1b: Rillaboom|Acrobatics|p2a: Sinistcha\n|-supereffective|p2a: Sinistcha\n|-damage|p2a: Sinistcha|45\/100\n|\n|-heal|p2a: Sinistcha|51\/100|[from] Grassy Terrain\n|upkeep\n|turn|3\n|inactive|Sylent knight has 120 seconds left.\n|inactive|Sylent knight has 90 seconds left.\n|\n|t:|1700977866\n|switch|p1b: Grimmsnarl|Grimmsnarl, M, shiny|100\/100\n|move|p2a: Sinistcha|Matcha Gotcha|p1b: Grimmsnarl|[spread] p1a\n|-miss|p2a: Sinistcha|p1b: Grimmsnarl\n|-damage|p1a: Cresselia|66\/100\n|-heal|p2a: Sinistcha|73\/100|[from] drain|[of] p1a: Cresselia\n|move|p2b: Armarouge|Expanding Force|p1a: Cresselia\n|-resisted|p1a: Cresselia\n|-damage|p1a: Cresselia|54\/100\n|-damage|p2b: Armarouge|91\/100|[from] item: Life Orb\n|move|p1a: Cresselia|Calm Mind|p1a: Cresselia\n|-boost|p1a: Cresselia|spa|1\n|-boost|p1a: Cresselia|spd|1\n|\n|-heal|p2a: Sinistcha|79\/100|[from] Grassy Terrain\n|-heal|p2b: Armarouge|97\/100|[from] Grassy Terrain\n|upkeep\n|turn|4\n|inactive|Sylent knight has 90 seconds left.\n|inactive|JustRadAlex has 120 seconds left.\n|\n|t:|1700977905\n|move|p2a: Sinistcha|Nasty Plot|p2a: Sinistcha\n|-boost|p2a: Sinistcha|spa|2\n|move|p2b: Armarouge|Calm Mind|p2b: Armarouge\n|-boost|p2b: Armarouge|spa|1\n|-boost|p2b: Armarouge|spd|1\n|move|p1b: Grimmsnarl|False Surrender|p2a: Sinistcha\n|-supereffective|p2a: Sinistcha\n|-damage|p2a: Sinistcha|18\/100\n|move|p1a: Cresselia|Lunar Blessing|p1a: Cresselia|[spread] p1a,p1b\n|-heal|p1a: Cresselia|79\/100\n|\n|-heal|p2a: Sinistcha|24\/100|[from] Grassy Terrain\n|-heal|p2b: Armarouge|100\/100|[from] Grassy Terrain\n|upkeep\n|turn|5\n|inactive|Sylent knight has 90 seconds left.\n|\n|t:|1700977925\n|move|p2a: Sinistcha|Matcha Gotcha|p1b: Grimmsnarl|[spread] p1a,p1b\n|-damage|p1a: Cresselia|46\/100\n|-heal|p2a: Sinistcha|45\/100|[from] drain|[of] p1a: Cresselia\n|-damage|p1b: Grimmsnarl|9\/100\n|-heal|p2a: Sinistcha|90\/100|[from] drain|[of] p1b: Grimmsnarl\n|move|p2b: Armarouge|Armor Cannon|p1a: Cresselia\n|-crit|p1a: Cresselia\n|-damage|p1a: Cresselia|0 fnt\n|-unboost|p2b: Armarouge|def|1\n|-unboost|p2b: Armarouge|spd|1\n|faint|p1a: Cresselia\n|-damage|p2b: Armarouge|91\/100|[from] item: Life Orb\n|move|p1b: Grimmsnarl|False Surrender|p2a: Sinistcha\n|-supereffective|p2a: Sinistcha\n|-damage|p2a: Sinistcha|31\/100\n|\n|-heal|p2a: Sinistcha|37\/100|[from] Grassy Terrain\n|-heal|p2b: Armarouge|97\/100|[from] Grassy Terrain\n|-heal|p1b: Grimmsnarl|15\/100|[from] Grassy Terrain\n|-fieldend|move: Trick Room\n|-fieldend|move: Grassy Terrain\n|upkeep\n|inactive|JustRadAlex has 120 seconds left.\n|\n|t:|1700977948\n|switch|p1a: Landorus|Landorus-Therian, M|100\/100\n|-ability|p1a: Landorus|Intimidate|boost\n|-unboost|p2a: Sinistcha|atk|1\n|-unboost|p2b: Armarouge|atk|1\n|turn|6\n|inactive|Sylent knight has 90 seconds left.\n|\n|t:|1700977983\n|move|p1a: Landorus|Stomping Tantrum|p2b: Armarouge\n|-supereffective|p2b: Armarouge\n|-damage|p2b: Armarouge|0 fnt\n|faint|p2b: Armarouge\n|move|p1b: Grimmsnarl|False Surrender|p2a: Sinistcha\n|-supereffective|p2a: Sinistcha\n|-damage|p2a: Sinistcha|0 fnt\n|faint|p2a: Sinistcha\n|\n|upkeep\n|\n|t:|1700977989\n|switch|p2b: Ceruledge|Ceruledge, M|100\/100\n|switch|p2a: Indeedee|Indeedee-F, F|57\/100\n|-fieldstart|move: Psychic Terrain|[from] ability: Psychic Surge|[of] p2a: Indeedee\n|-enditem|p2b: Ceruledge|Psychic Seed\n|-boost|p2b: Ceruledge|spd|1|[from] item: Psychic Seed\n|turn|7\n|\n|t:|1700977998\n|-terastallize|p2b: Ceruledge|Grass\n|move|p1b: Grimmsnarl|Reflect|p1b: Grimmsnarl\n|-sidestart|p1: JustRadAlex|Reflect\n|move|p1a: Landorus|Stomping Tantrum|p2b: Ceruledge\n|-resisted|p2b: Ceruledge\n|-damage|p2b: Ceruledge|75\/100\n|move|p2b: Ceruledge|Iron Defense|p2b: Ceruledge\n|-boost|p2b: Ceruledge|def|2\n|move|p2a: Indeedee|Trick Room|p2a: Indeedee\n|-fieldstart|move: Trick Room|[of] p2a: Indeedee\n|\n|upkeep\n|turn|8\n|inactive|Sylent knight has 120 seconds left.\n|inactive|Sylent knight has 90 seconds left.\n|\n|t:|1700978052\n|switch|p1b: Iron Hands|Iron Hands|100\/100\n|move|p2b: Ceruledge|Swords Dance|p2b: Ceruledge\n|-boost|p2b: Ceruledge|atk|2\n|move|p2a: Indeedee|Psychic|p1a: Landorus\n|-damage|p1a: Landorus|69\/100\n|move|p1a: Landorus|Stomping Tantrum|p2a: Indeedee\n|-damage|p2a: Indeedee|14\/100\n|\n|-sideend|p1: JustRadAlex|move: Light Screen\n|upkeep\n|turn|9\n|inactive|Sylent knight has 90 seconds left.\n|\n|t:|1700978077\n|switch|p1a: Grimmsnarl|Grimmsnarl, M, shiny|15\/100\n|move|p1b: Iron Hands|Wild Charge|p2a: Indeedee\n|-crit|p2a: Indeedee\n|-damage|p2a: Indeedee|0 fnt\n|faint|p2a: Indeedee\n|-damage|p1b: Iron Hands|98\/100|[from] Recoil\n|move|p2b: Ceruledge|Tera Blast|p1a: Grimmsnarl|[anim] Tera Blast Grass\n|-damage|p1a: Grimmsnarl|0 fnt\n|faint|p1a: Grimmsnarl\n|\n|upkeep\n|\n|t:|1700978098\n|switch|p2a: Okidogi|Okidogi, M|100\/100\n|switch|p1a: Kingleon|Empoleon, M, shiny|100\/100\n|turn|10\n|\n|t:|1700978113\n|-terastallize|p1a: Kingleon|Poison\n|move|p1b: Iron Hands|Drain Punch|p2b: Ceruledge\n|-crit|p2b: Ceruledge\n|-damage|p2b: Ceruledge|0 fnt\n|-heal|p1b: Iron Hands|100\/100|[from] drain|[of] p2b: Ceruledge\n|faint|p2b: Ceruledge\n|move|p2a: Okidogi|Bulk Up|p2a: Okidogi\n|-boost|p2a: Okidogi|atk|1\n|-boost|p2a: Okidogi|def|1\n|move|p1a: Kingleon|Ice Beam|p2a: Okidogi\n|-damage|p2a: Okidogi|67\/100\n|\n|-heal|p2a: Okidogi|73\/100|[from] item: Leftovers\n|upkeep\n|inactive|Sylent knight has 90 seconds left.\n|\n|t:|1700978149\n|switch|p2b: Iron Hands|Iron Hands|100\/100\n|-enditem|p2b: Iron Hands|Psychic Seed\n|-boost|p2b: Iron Hands|spd|1|[from] item: Psychic Seed\n|turn|11\n|\n|t:|1700978162\n|-end|p1b: Iron Hands|Quark Drive|[silent]\n|switch|p1b: Landorus|Landorus-Therian, M|69\/100\n|-ability|p1b: Landorus|Intimidate|boost\n|-ability|p2a: Okidogi|Guard Dog|boost\n|-boost|p2a: Okidogi|atk|1\n|-unboost|p2b: Iron Hands|atk|1\n|move|p2b: Iron Hands|Swords Dance|p2b: Iron Hands\n|-boost|p2b: Iron Hands|atk|2\n|move|p2a: Okidogi|High Horsepower|p1a: Kingleon\n|-supereffective|p1a: Kingleon\n|-damage|p1a: Kingleon|2\/100\n|move|p1a: Kingleon|Water Pledge|p2a: Okidogi\n|-damage|p2a: Okidogi|30\/100\n|\n|-heal|p2a: Okidogi|36\/100|[from] item: Leftovers\n|-fieldend|move: Trick Room\n|-fieldend|move: Psychic Terrain\n|upkeep\n|turn|12\n|inactive|Sylent knight has 120 seconds left.\n|\n|t:|1700978185\n|move|p1b: Landorus|Stomping Tantrum|p2a: Okidogi\n|-supereffective|p2a: Okidogi\n|-damage|p2a: Okidogi|0 fnt\n|faint|p2a: Okidogi\n|move|p1a: Kingleon|Tera Blast|p2b: Iron Hands|[anim] Tera Blast Poison\n|-damage|p2b: Iron Hands|85\/100\n|move|p2b: Iron Hands|Swords Dance|p2b: Iron Hands\n|-boost|p2b: Iron Hands|atk|2\n|\n|upkeep\n|turn|13\n|\n|t:|1700978192\n|move|p1b: Landorus|Stomping Tantrum|p2b: Iron Hands\n|-supereffective|p2b: Iron Hands\n|-damage|p2b: Iron Hands|28\/100\n|move|p1a: Kingleon|Water Pledge|p2b: Iron Hands\n|-damage|p2b: Iron Hands|10\/100\n|move|p2b: Iron Hands|Drain Punch|p1b: Landorus\n|-resisted|p1b: Landorus\n|-damage|p1b: Landorus|33\/100\n|-heal|p2b: Iron Hands|21\/100|[from] drain|[of] p1b: Landorus\n|\n|upkeep\n|turn|14\n|\n|t:|1700978201\n|move|p1b: Landorus|Stomping Tantrum|p2b: Iron Hands\n|-supereffective|p2b: Iron Hands\n|-crit|p2b: Iron Hands\n|-damage|p2b: Iron Hands|0 fnt\n|faint|p2b: Iron Hands\n|-end|p2b: Iron Hands|Quark Drive|[silent]\n|\n|win|JustRadAlex\n|raw|JustRadAlex's rating: 1475 &rarr; <strong>1493<\/strong><br \/>(+18 for winning)\n|raw|Sylent knight's rating: 1436 &rarr; <strong>1418<\/strong><br \/>(-18 for losing)\n|l|\u2606Sylent knight\n","uploadtime":1700978210,"views":8,"p1id":"justradalex","p2id":"sylentknight","formatid":"gen9doublesou","rating":1418,"private":0,"password":""}