{"id":"gen9doublesou-1983987482","p1":"Valornuts","p2":"cotesmcgotes","format":"[Gen 9] Doubles OU","log":"|j|\u2606Valornuts\n|j|\u2606cotesmcgotes\n|t:|1699207158\n|gametype|doubles\n|player|p1|Valornuts|steven|1301\n|player|p2|cotesmcgotes|flannery|1213\n|teamsize|p1|6\n|teamsize|p2|6\n|gen|9\n|tier|[Gen 9] Doubles OU\n|rated|\n|rule|Species Clause: Limit one of each Pok\u00e9mon\n|rule|OHKO Clause: OHKO moves are banned\n|rule|Evasion Moves Clause: Evasion moves are banned\n|rule|Gravity Sleep Clause: The combination of sleep-inducing moves with imperfect accuracy and Gravity or Gigantamax Orbeetle are banned\n|rule|Endless Battle Clause: Forcing endless battles is banned\n|rule|HP Percentage Mod: HP is shown in percentages\n|clearpoke\n|poke|p1|Chi-Yu|\n|poke|p1|Okidogi, M|\n|poke|p1|Sinistcha-Masterpiece|\n|poke|p1|Amoonguss, M|\n|poke|p1|Cresselia, F|\n|poke|p1|Iron Hands|\n|poke|p2|Cresselia, F|\n|poke|p2|Tsareena, F|\n|poke|p2|Chien-Pao|\n|poke|p2|Gliscor, M|\n|poke|p2|Ursaluna-Bloodmoon, M|\n|poke|p2|Walking Wake|\n|teampreview\n|inactive|Battle timer is ON: inactive players will automatically lose when time's up. (requested by Valornuts)\n|c|\u2606Valornuts|glhf\n|\n|t:|1699207185\n|start\n|switch|p1a: H E T O U C H|Iron Hands|100\/100\n|switch|p1b: Q U A C K|Cresselia, F|100\/100\n|switch|p2a: Chien-Pao|Chien-Pao|100\/100\n|switch|p2b: Walking Wake|Walking Wake|100\/100\n|-ability|p2a: Chien-Pao|Sword of Ruin\n|turn|1\n|\n|t:|1699207213\n|-end|p2b: Walking Wake|Protosynthesis|[silent]\n|switch|p2b: Tsareena|Tsareena, F, shiny|100\/100\n|move|p1a: H E T O U C H|Fake Out||[still]\n|cant|p2b: Tsareena|ability: Queenly Majesty|Fake Out|[of] p1a: H E T O U C H\n|move|p2a: Chien-Pao|Crunch|p1b: Q U A C K\n|-supereffective|p1b: Q U A C K\n|-damage|p1b: Q U A C K|22\/100\n|move|p1b: Q U A C K|Moonblast|p2b: Tsareena\n|-damage|p2b: Tsareena|81\/100\n|\n|upkeep\n|turn|2\n|\n|t:|1699207245\n|switch|p2a: Cresselia|Cresselia, F, shiny|100\/100\n|switch|p1b: THE DAWG IN ME|Okidogi, M|100\/100\n|move|p2b: Tsareena|Knock Off|p1b: THE DAWG IN ME\n|-resisted|p1b: THE DAWG IN ME\n|-damage|p1b: THE DAWG IN ME|87\/100\n|-enditem|p1b: THE DAWG IN ME|Leftovers|[from] move: Knock Off|[of] p2b: Tsareena\n|move|p1a: H E T O U C H|Close Combat|p2a: Cresselia\n|-resisted|p2a: Cresselia\n|-damage|p2a: Cresselia|68\/100\n|-unboost|p1a: H E T O U C H|def|1\n|-unboost|p1a: H E T O U C H|spd|1\n|\n|upkeep\n|turn|3\n|inactive|cotesmcgotes has 120 seconds left.\n|\n|t:|1699207275\n|switch|p2b: Gliscor|Gliscor, M, shiny|100\/100\n|-terastallize|p1b: THE DAWG IN ME|Fairy\n|move|p2a: Cresselia|Calm Mind|p2a: Cresselia\n|-boost|p2a: Cresselia|spa|1\n|-boost|p2a: Cresselia|spd|1\n|move|p1b: THE DAWG IN ME|Bulk Up|p1b: THE DAWG IN ME\n|-boost|p1b: THE DAWG IN ME|atk|1\n|-boost|p1b: THE DAWG IN ME|def|1\n|move|p1a: H E T O U C H|Ice Punch|p2b: Gliscor\n|-supereffective|p2b: Gliscor\n|-damage|p2b: Gliscor|0 fnt\n|faint|p2b: Gliscor\n|\n|upkeep\n|inactive|cotesmcgotes has 120 seconds left.\n|\n|t:|1699207292\n|switch|p2b: Tsareena|Tsareena, F, shiny|81\/100\n|turn|4\n|inactive|cotesmcgotes has 120 seconds left.\n|\n|t:|1699207326\n|-end|p1a: H E T O U C H|Quark Drive|[silent]\n|switch|p1a: Nemo|Chi-Yu|100\/100\n|-ability|p1a: Nemo|Beads of Ruin\n|-terastallize|p2a: Cresselia|Electric\n|move|p2b: Tsareena|Acupressure|p2a: Cresselia\n|-boost|p2a: Cresselia|spd|2\n|move|p2a: Cresselia|Calm Mind|p2a: Cresselia\n|-boost|p2a: Cresselia|spa|1\n|-boost|p2a: Cresselia|spd|1\n|move|p1b: THE DAWG IN ME|Bulk Up|p1b: THE DAWG IN ME\n|-boost|p1b: THE DAWG IN ME|atk|1\n|-boost|p1b: THE DAWG IN ME|def|1\n|\n|upkeep\n|turn|5\n|inactive|cotesmcgotes has 120 seconds left.\n|\n|t:|1699207347\n|move|p2b: Tsareena|Acupressure|p2a: Cresselia\n|-boost|p2a: Cresselia|accuracy|2\n|move|p1a: Nemo|Heat Wave|p2a: Cresselia|[spread] p2a,p2b\n|-supereffective|p2b: Tsareena\n|-damage|p2a: Cresselia|48\/100\n|-damage|p2b: Tsareena|0 fnt\n|faint|p2b: Tsareena\n|move|p2a: Cresselia|Stored Power|p1b: THE DAWG IN ME\n|-damage|p1b: THE DAWG IN ME|0 fnt\n|faint|p1b: THE DAWG IN ME\n|\n|upkeep\n|-message|Valornuts forfeited.\n|\n|win|cotesmcgotes\n|raw|Valornuts's rating: 1301 &rarr; <strong>1276<\/strong><br \/>(-25 for losing)\n|raw|cotesmcgotes's rating: 1213 &rarr; <strong>1244<\/strong><br \/>(+31 for winning)\n|l|\u2606Valornuts\n","uploadtime":1699207375,"views":7,"p1id":"valornuts","p2id":"cotesmcgotes","formatid":"gen9doublesou","rating":1244,"private":0,"password":""}