{"id":"gen9doublesou-1977992147","p1":"Gen1victoryroad","p2":"c774829","format":"[Gen 9] Doubles OU","log":"|j|\u2606Gen1victoryroad\n|j|\u2606c774829\n|t:|1698480116\n|gametype|doubles\n|player|p1|Gen1victoryroad|170|1144\n|player|p2|c774829|hilbert|1269\n|teamsize|p1|6\n|teamsize|p2|6\n|gen|9\n|tier|[Gen 9] Doubles OU\n|rated|\n|rule|Species Clause: Limit one of each Pok\u00e9mon\n|rule|OHKO Clause: OHKO moves are banned\n|rule|Evasion Moves Clause: Evasion moves are banned\n|rule|Gravity Sleep Clause: The combination of sleep-inducing moves with imperfect accuracy and Gravity or Gigantamax Orbeetle are banned\n|rule|Endless Battle Clause: Forcing endless battles is banned\n|rule|HP Percentage Mod: HP is shown in percentages\n|clearpoke\n|poke|p1|Baxcalibur, M|\n|poke|p1|Torkoal, M|\n|poke|p1|Walking Wake|\n|poke|p1|Gholdengo|\n|poke|p1|Amoonguss, M|\n|poke|p1|Rillaboom, F|\n|poke|p2|Volcanion|\n|poke|p2|Armarouge, M|\n|poke|p2|Hydreigon, M|\n|poke|p2|Hawlucha, M|\n|poke|p2|Tinkaton, F|\n|poke|p2|Vaporeon, M|\n|teampreview\n|\n|t:|1698480166\n|start\n|switch|p1a: Rillaboom|Rillaboom, F|100\/100\n|switch|p1b: Walking Wake|Walking Wake|100\/100\n|switch|p2a: Vaporeon|Vaporeon, M|100\/100\n|switch|p2b: Tinkaton|Tinkaton, F|100\/100\n|-fieldstart|move: Grassy Terrain|[from] ability: Grassy Surge|[of] p1a: Rillaboom\n|turn|1\n|inactive|Battle timer is ON: inactive players will automatically lose when time's up. (requested by Gen1victoryroad)\n|l|\u2606Gen1victoryroad\n|inactive|Gen1victoryroad disconnected and has a minute to reconnect!\n|player|p1|\n|inactive|c774829 has 120 seconds left.\n|j|\u2606Gen1victoryroad\n|inactive|Gen1victoryroad reconnected.\n|player|p1|Gen1victoryroad|170\n|\n|t:|1698480258\n|-terastallize|p2a: Vaporeon|Fire\n|move|p1a: Rillaboom|Fake Out|p2b: Tinkaton\n|-resisted|p2b: Tinkaton\n|-damage|p2b: Tinkaton|92\/100\n|move|p1b: Walking Wake|Flamethrower|p2b: Tinkaton\n|-supereffective|p2b: Tinkaton\n|-damage|p2b: Tinkaton|19\/100\n|-status|p2b: Tinkaton|brn\n|-enditem|p2b: Tinkaton|Mago Berry|[eat]\n|-heal|p2b: Tinkaton|52\/100 brn|[from] item: Mago Berry\n|cant|p2b: Tinkaton|flinch\n|move|p2a: Vaporeon|Icy Wind|p1b: Walking Wake|[spread] p1a,p1b\n|-supereffective|p1a: Rillaboom\n|-damage|p1a: Rillaboom|79\/100\n|-damage|p1b: Walking Wake|84\/100\n|-unboost|p1a: Rillaboom|spe|1\n|-unboost|p1b: Walking Wake|spe|1\n|\n|-heal|p1b: Walking Wake|90\/100|[from] Grassy Terrain\n|-heal|p2b: Tinkaton|58\/100 brn|[from] Grassy Terrain\n|-heal|p1a: Rillaboom|85\/100|[from] Grassy Terrain\n|-damage|p2b: Tinkaton|52\/100 brn|[from] brn\n|upkeep\n|turn|2\n|inactive|c774829 has 120 seconds left.\n|\n|t:|1698480289\n|-end|p1b: Walking Wake|Protosynthesis|[silent]\n|switch|p1b: Torkoal|Torkoal, M|100\/100\n|-weather|SunnyDay|[from] ability: Drought|[of] p1b: Torkoal\n|move|p1a: Rillaboom|Grassy Glide|p2b: Tinkaton\n|-resisted|p2b: Tinkaton\n|-damage|p2b: Tinkaton|29\/100 brn\n|move|p2b: Tinkaton|Swords Dance|p2b: Tinkaton\n|-boost|p2b: Tinkaton|atk|2\n|move|p2a: Vaporeon|Icy Wind|p1a: Rillaboom|[spread] p1b\n|-miss|p2a: Vaporeon|p1a: Rillaboom\n|-resisted|p1b: Torkoal\n|-crit|p1b: Torkoal\n|-damage|p1b: Torkoal|85\/100\n|-unboost|p1b: Torkoal|spe|1\n|\n|-weather|SunnyDay|[upkeep]\n|-heal|p2b: Tinkaton|35\/100 brn|[from] Grassy Terrain\n|-heal|p1a: Rillaboom|92\/100|[from] Grassy Terrain\n|-heal|p1b: Torkoal|91\/100|[from] Grassy Terrain\n|-damage|p2b: Tinkaton|29\/100 brn|[from] brn\n|upkeep\n|turn|3\n|inactive|c774829 has 120 seconds left.\n|\n|t:|1698480335\n|move|p1a: Rillaboom|Grassy Glide|p2b: Tinkaton\n|-resisted|p2b: Tinkaton\n|-damage|p2b: Tinkaton|5\/100 brn\n|move|p2b: Tinkaton|Gigaton Hammer|p1a: Rillaboom\n|-damage|p1a: Rillaboom|34\/100\n|move|p2a: Vaporeon|Icy Wind|p1b: Torkoal|[spread] p1a,p1b\n|-supereffective|p1a: Rillaboom\n|-resisted|p1b: Torkoal\n|-damage|p1a: Rillaboom|13\/100\n|-damage|p1b: Torkoal|82\/100\n|-unboost|p1a: Rillaboom|spe|1\n|-unboost|p1b: Torkoal|spe|1\n|move|p1b: Torkoal|Yawn|p2a: Vaporeon\n|-start|p2a: Vaporeon|move: Yawn|[of] p1b: Torkoal\n|\n|-weather|SunnyDay|[upkeep]\n|-heal|p2b: Tinkaton|11\/100 brn|[from] Grassy Terrain\n|-heal|p1a: Rillaboom|19\/100|[from] Grassy Terrain\n|-heal|p1b: Torkoal|88\/100|[from] Grassy Terrain\n|-damage|p2b: Tinkaton|5\/100 brn|[from] brn\n|upkeep\n|turn|4\n|l|\u2606Gen1victoryroad\n|inactive|Gen1victoryroad disconnected and has a minute to reconnect!\n|player|p1|\n|inactive|c774829 has 120 seconds left.\n|j|\u2606Gen1victoryroad\n|inactive|Gen1victoryroad reconnected and has 145 seconds left.\n|player|p1|Gen1victoryroad|170\n|inactive|Gen1victoryroad has 120 seconds left.\n|inactive|c774829 has 90 seconds left.\n|\n|t:|1698480380\n|switch|p2a: Hydreigon|Hydreigon, M|100\/100\n|move|p1a: Rillaboom|Grassy Glide|p2b: Tinkaton\n|-resisted|p2b: Tinkaton\n|-damage|p2b: Tinkaton|0 fnt\n|faint|p2b: Tinkaton\n|move|p1b: Torkoal|Yawn|p2a: Hydreigon\n|-start|p2a: Hydreigon|move: Yawn|[of] p1b: Torkoal\n|\n|-weather|SunnyDay|[upkeep]\n|-heal|p1a: Rillaboom|25\/100|[from] Grassy Terrain\n|-heal|p1b: Torkoal|94\/100|[from] Grassy Terrain\n|upkeep\n|inactive|c774829 has 60 seconds left.\n|\n|t:|1698480416\n|switch|p2b: Vaporeon|Vaporeon, M, tera:Fire|100\/100\n|turn|5\n|\n|t:|1698480431\n|switch|p1a: Amoonguss|Amoonguss, M|100\/100\n|move|p2a: Hydreigon|Earth Power|p1b: Torkoal\n|-supereffective|p1b: Torkoal\n|-damage|p1b: Torkoal|9\/100\n|move|p2b: Vaporeon|Icy Wind|p1a: Amoonguss|[spread] p1a,p1b\n|-supereffective|p1a: Amoonguss\n|-resisted|p1b: Torkoal\n|-damage|p1a: Amoonguss|81\/100\n|-damage|p1b: Torkoal|0 fnt\n|-unboost|p1a: Amoonguss|spe|1\n|faint|p1b: Torkoal\n|\n|-weather|SunnyDay|[upkeep]\n|-heal|p1a: Amoonguss|87\/100|[from] Grassy Terrain\n|-end|p2a: Hydreigon|move: Yawn|[silent]\n|-status|p2a: Hydreigon|slp\n|-fieldend|move: Grassy Terrain\n|upkeep\n|inactive|Gen1victoryroad has 120 seconds left.\n|\n|t:|1698480448\n|switch|p1b: Walking Wake|Walking Wake|90\/100\n|-activate|p1b: Walking Wake|ability: Protosynthesis\n|-start|p1b: Walking Wake|protosynthesisspe\n|turn|6\n|inactive|c774829 has 90 seconds left.\n|inactive|Gen1victoryroad has 120 seconds left.\n|inactive|c774829 has 60 seconds left.\n|l|\u2606Gen1victoryroad\n|inactive|Gen1victoryroad disconnected and has a minute to reconnect!\n|player|p1|\n|inactive|c774829 has 30 seconds left.\n|\n|t:|1698480519\n|-terastallize|p1b: Walking Wake|Fairy\n|move|p1b: Walking Wake|Tera Blast|p2a: Hydreigon|[anim] Tera Blast Fairy\n|-supereffective|p2a: Hydreigon\n|-damage|p2a: Hydreigon|0 fnt\n|faint|p2a: Hydreigon\n|move|p2b: Vaporeon|Icy Wind|p1b: Walking Wake|[spread] p1a,p1b\n|-supereffective|p1a: Amoonguss\n|-damage|p1a: Amoonguss|67\/100\n|-damage|p1b: Walking Wake|73\/100\n|-unboost|p1a: Amoonguss|spe|1\n|-unboost|p1b: Walking Wake|spe|1\n|move|p1a: Amoonguss|Spore|p2b: Vaporeon\n|-status|p2b: Vaporeon|slp|[from] move: Spore\n|\n|-weather|SunnyDay|[upkeep]\n|upkeep\n|inactive|c774829 has 30 seconds left this turn.\n|inactive|c774829 has 20 seconds left.\n|inactive|c774829 has 15 seconds left.\n|j|\u2606Gen1victoryroad\n|inactive|Gen1victoryroad reconnected.\n|player|p1|Gen1victoryroad|170\n|inactive|c774829 has 10 seconds left.\n|\n|t:|1698480542\n|switch|p2a: Volcanion|Volcanion|100\/100\n|turn|7\n|inactive|c774829 has 30 seconds left.\n|inactive|c774829 has 20 seconds left.\n|inactive|c774829 has 15 seconds left.\n|inactive|Gen1victoryroad has 120 seconds left.\n|inactive|Gen1victoryroad has 90 seconds left.\n|\n|t:|1698480624\n|move|p1a: Amoonguss|Protect|p1a: Amoonguss\n|-singleturn|p1a: Amoonguss|Protect\n|move|p1b: Walking Wake|Tera Blast|p2a: Volcanion|[anim] Tera Blast Fairy\n|-resisted|p2a: Volcanion\n|-damage|p2a: Volcanion|72\/100\n|move|p2a: Volcanion|Sludge Bomb|p1b: Walking Wake\n|-supereffective|p1b: Walking Wake\n|-damage|p1b: Walking Wake|1\/100\n|-status|p1b: Walking Wake|psn\n|cant|p2b: Vaporeon|slp\n|\n|-weather|SunnyDay|[upkeep]\n|-damage|p1b: Walking Wake|0 fnt|[from] psn\n|faint|p1b: Walking Wake\n|-end|p1b: Walking Wake|Protosynthesis|[silent]\n|upkeep\n|inactive|c774829 has 20 seconds left this turn.\n|\n|t:|1698480636\n|switch|p1b: Gholdengo|Gholdengo|100\/100\n|turn|8\n|inactive|c774829 has 30 seconds left.\n|\n|t:|1698480651\n|move|p1a: Amoonguss|Rage Powder|p1a: Amoonguss\n|-singleturn|p1a: Amoonguss|move: Rage Powder\n|move|p1b: Gholdengo|Thunderbolt|p2a: Volcanion\n|-supereffective|p2a: Volcanion\n|-damage|p2a: Volcanion|11\/100\n|move|p2a: Volcanion|Heat Wave|p1b: Gholdengo|[spread] p1b\n|-miss|p2a: Volcanion|p1a: Amoonguss\n|-supereffective|p1b: Gholdengo\n|-damage|p1b: Gholdengo|0 fnt\n|faint|p1b: Gholdengo\n|cant|p2b: Vaporeon|slp\n|\n|-weather|SunnyDay|[upkeep]\n|upkeep\n|inactive|Gen1victoryroad has 90 seconds left.\n|\n|t:|1698480675\n|switch|p1b: Rillaboom|Rillaboom, F|25\/100\n|-fieldstart|move: Grassy Terrain|[from] ability: Grassy Surge|[of] p1b: Rillaboom\n|turn|9\n|inactive|Gen1victoryroad has 90 seconds left.\n|\n|t:|1698480688\n|switch|p1a: Baxcalibur|Baxcalibur, M|100\/100\n|move|p1b: Rillaboom|Fake Out|p2a: Volcanion\n|-damage|p2a: Volcanion|0 fnt\n|faint|p2a: Volcanion\n|cant|p2b: Vaporeon|slp\n|\n|-weather|none\n|-heal|p1b: Rillaboom|32\/100|[from] Grassy Terrain\n|upkeep\n|inactive|c774829 has 30 seconds left.\n|inactive|c774829 has 20 seconds left.\n|\n|t:|1698480723\n|switch|p2a: Armarouge|Armarouge, M|100\/100\n|turn|10\n|inactive|c774829 has 30 seconds left.\n|\n|t:|1698480744\n|move|p1a: Baxcalibur|Protect|p1a: Baxcalibur\n|-singleturn|p1a: Baxcalibur|Protect\n|move|p1b: Rillaboom|Knock Off|p2a: Armarouge\n|-supereffective|p2a: Armarouge\n|-damage|p2a: Armarouge|36\/100\n|-ability|p2a: Armarouge|Weak Armor|boost\n|-unboost|p2a: Armarouge|def|1\n|-boost|p2a: Armarouge|spe|2\n|-enditem|p2a: Armarouge|Assault Vest|[from] move: Knock Off|[of] p1b: Rillaboom\n|move|p2a: Armarouge|Psychic|p1b: Rillaboom\n|-damage|p1b: Rillaboom|0 fnt\n|faint|p1b: Rillaboom\n|-curestatus|p2b: Vaporeon|slp|[msg]\n|move|p2b: Vaporeon|Icy Wind|p1a: Baxcalibur\n|-activate|p1a: Baxcalibur|move: Protect\n|\n|-heal|p2a: Armarouge|42\/100|[from] Grassy Terrain\n|upkeep\n|inactive|c774829 has 30 seconds left this turn.\n|\n|t:|1698480756\n|switch|p1b: Amoonguss|Amoonguss, M|99\/100\n|turn|11\n|\n|t:|1698480780\n|move|p1b: Amoonguss|Rage Powder|p1b: Amoonguss\n|-singleturn|p1b: Amoonguss|move: Rage Powder\n|move|p2a: Armarouge|Armor Cannon|p1b: Amoonguss\n|-supereffective|p1b: Amoonguss\n|-damage|p1b: Amoonguss|17\/100\n|-unboost|p2a: Armarouge|def|1\n|-unboost|p2a: Armarouge|spd|1\n|-enditem|p1b: Amoonguss|Wiki Berry|[eat]\n|-heal|p1b: Amoonguss|50\/100|[from] item: Wiki Berry\n|move|p1a: Baxcalibur|Icicle Spear|p2a: Armarouge\n|-resisted|p2a: Armarouge\n|-damage|p2a: Armarouge|30\/100\n|-ability|p2a: Armarouge|Weak Armor|boost\n|-unboost|p2a: Armarouge|def|1\n|-boost|p2a: Armarouge|spe|2\n|-resisted|p2a: Armarouge\n|-damage|p2a: Armarouge|14\/100\n|-ability|p2a: Armarouge|Weak Armor|boost\n|-unboost|p2a: Armarouge|def|1\n|-boost|p2a: Armarouge|spe|2\n|-resisted|p2a: Armarouge\n|-damage|p2a: Armarouge|0 fnt\n|faint|p2a: Armarouge\n|-hitcount|p2: Armarouge|3\n|move|p2b: Vaporeon|Icy Wind|p1a: Baxcalibur|[spread] p1a,p1b\n|-supereffective|p1b: Amoonguss\n|-damage|p1a: Baxcalibur|87\/100\n|-damage|p1b: Amoonguss|31\/100\n|-unboost|p1a: Baxcalibur|spe|1\n|-unboost|p1b: Amoonguss|spe|1\n|\n|-heal|p1a: Baxcalibur|93\/100|[from] Grassy Terrain\n|-heal|p1b: Amoonguss|37\/100|[from] Grassy Terrain\n|upkeep\n|inactive|c774829 has 30 seconds left.\n|inactive|c774829 has 20 seconds left.\n|inactive|c774829 has 15 seconds left.\n|\n|t:|1698480806\n|switch|p2a: Hawlucha|Hawlucha, M|100\/100\n|turn|12\n|inactive|c774829 has 30 seconds left.\n|inactive|c774829 has 20 seconds left.\n|\n|t:|1698480830\n|move|p1b: Amoonguss|Rage Powder|p1b: Amoonguss\n|-singleturn|p1b: Amoonguss|move: Rage Powder\n|move|p2a: Hawlucha|Sky Attack||[still]\n|-prepare|p2a: Hawlucha|Sky Attack\n|-enditem|p2a: Hawlucha|Power Herb\n|-anim|p2a: Hawlucha|Sky Attack|p1b: Amoonguss\n|-supereffective|p1b: Amoonguss\n|-damage|p1b: Amoonguss|0 fnt\n|faint|p1b: Amoonguss\n|move|p1a: Baxcalibur|Icicle Spear|p2a: Hawlucha\n|-supereffective|p2a: Hawlucha\n|-damage|p2a: Hawlucha|55\/100\n|-supereffective|p2a: Hawlucha\n|-damage|p2a: Hawlucha|17\/100\n|-supereffective|p2a: Hawlucha\n|-damage|p2a: Hawlucha|0 fnt\n|faint|p2a: Hawlucha\n|-hitcount|p2: Hawlucha|3\n|move|p2b: Vaporeon|Icy Wind|p1a: Baxcalibur|[miss]\n|-miss|p2b: Vaporeon|p1a: Baxcalibur\n|\n|-heal|p1a: Baxcalibur|99\/100|[from] Grassy Terrain\n|upkeep\n|turn|13\n|l|\u2606Gen1victoryroad\n|inactive|Gen1victoryroad disconnected and has a minute to reconnect!\n|player|p1|\n|inactive|c774829 has 30 seconds left.\n|inactive|c774829 has 20 seconds left.\n|inactive|Gen1victoryroad has 30 seconds to reconnect!\n|inactive|c774829 has 15 seconds left.\n|inactive|Gen1victoryroad has 20 seconds to reconnect!\n|j|\u2606Gen1victoryroad\n|inactive|Gen1victoryroad reconnected and has 110 seconds left.\n|player|p1|Gen1victoryroad|170\n|inactive|Gen1victoryroad has 90 seconds left.\n|\n|t:|1698480890\n|move|p1a: Baxcalibur|Icicle Spear|p2b: Vaporeon\n|-resisted|p2b: Vaporeon\n|-damage|p2b: Vaporeon|93\/100\n|-resisted|p2b: Vaporeon\n|-damage|p2b: Vaporeon|86\/100\n|-resisted|p2b: Vaporeon\n|-damage|p2b: Vaporeon|79\/100\n|-resisted|p2b: Vaporeon\n|-damage|p2b: Vaporeon|71\/100\n|-resisted|p2b: Vaporeon\n|-damage|p2b: Vaporeon|64\/100\n|-hitcount|p2b: Vaporeon|5\n|move|p2b: Vaporeon|Surf|p1a: Baxcalibur\n|-resisted|p1a: Baxcalibur\n|-damage|p1a: Baxcalibur|77\/100\n|\n|-heal|p1a: Baxcalibur|83\/100|[from] Grassy Terrain\n|-heal|p2b: Vaporeon|70\/100|[from] Grassy Terrain\n|-fieldend|move: Grassy Terrain\n|upkeep\n|turn|14\n|inactive|c774829 has 30 seconds left.\n|inactive|c774829 has 20 seconds left.\n|inactive|c774829 has 15 seconds left.\n|inactive|c774829 has 10 seconds left.\n|\n|t:|1698480921\n|move|p1a: Baxcalibur|Glaive Rush|p2b: Vaporeon\n|-damage|p2b: Vaporeon|2\/100\n|-singlemove|p1a: Baxcalibur|Glaive Rush|[silent]\n|move|p2b: Vaporeon|Surf|p1a: Baxcalibur\n|-resisted|p1a: Baxcalibur\n|-damage|p1a: Baxcalibur|31\/100\n|\n|upkeep\n|turn|15\n|inactive|c774829 has 30 seconds left.\n|\n|t:|1698480934\n|move|p1a: Baxcalibur|Glaive Rush|p2b: Vaporeon\n|-damage|p2b: Vaporeon|0 fnt\n|-singlemove|p1a: Baxcalibur|Glaive Rush|[silent]\n|faint|p2b: Vaporeon\n|\n|win|Gen1victoryroad\n|inactive|c774829 has 30 seconds left this turn.\n|raw|Gen1victoryroad's rating: 1144 &rarr; <strong>1178<\/strong><br \/>(+34 for winning)\n|raw|c774829's rating: 1269 &rarr; <strong>1235<\/strong><br \/>(-34 for losing)\n","uploadtime":1698480942,"views":30,"p1id":"gen1victoryroad","p2id":"c774829","formatid":"gen9doublesou","rating":1178,"private":0,"password":""}