{"id":"gen9doublesou-1985656380","p1":"btryan77","p2":"bigbranonbampus","format":"[Gen 9] Doubles OU","log":"|j|\u2606btryan77\n|j|\u2606bigbranonbampus\n|t:|1699392901\n|gametype|doubles\n|player|p1|btryan77|101|1165\n|player|p2|bigbranonbampus|hiker|1174\n|teamsize|p1|6\n|teamsize|p2|6\n|gen|9\n|tier|[Gen 9] Doubles OU\n|rated|\n|rule|Species Clause: Limit one of each Pok\u00e9mon\n|rule|OHKO Clause: OHKO moves are banned\n|rule|Evasion Moves Clause: Evasion moves are banned\n|rule|Gravity Sleep Clause: The combination of sleep-inducing moves with imperfect accuracy and Gravity or Gigantamax Orbeetle are banned\n|rule|Endless Battle Clause: Forcing endless battles is banned\n|rule|HP Percentage Mod: HP is shown in percentages\n|clearpoke\n|poke|p1|Medicham, M|\n|poke|p1|Slaking, F|\n|poke|p1|Dragonite, F|\n|poke|p1|Landorus-Therian, M|\n|poke|p1|Iron Bundle|\n|poke|p1|Grimmsnarl, M|\n|poke|p2|Sneasler, M|\n|poke|p2|Scream Tail|\n|poke|p2|Tornadus, M|\n|poke|p2|Ting-Lu|\n|poke|p2|Breloom, F|\n|poke|p2|Sinistcha|\n|teampreview\n|inactive|Battle timer is ON: inactive players will automatically lose when time's up. (requested by bigbranonbampus)\n|j| Frostaria\n|l| Frostaria\n|\n|t:|1699392923\n|start\n|switch|p1a: Medicham|Medicham, M|100\/100\n|switch|p1b: Slaking|Slaking, F|100\/100\n|switch|p2a: Tornadus|Tornadus, M|100\/100\n|switch|p2b: Sneasler|Sneasler, M|100\/100\n|turn|1\n|\n|t:|1699392938\n|-terastallize|p1b: Slaking|Ground\n|move|p1a: Medicham|Skill Swap|p1b: Slaking\n|-activate|p1a: Medicham|move: Skill Swap|||[of] p1b: Slaking\n|move|p2b: Sneasler|Close Combat|p1b: Slaking\n|-damage|p1b: Slaking|55\/100\n|-unboost|p2b: Sneasler|def|1\n|-unboost|p2b: Sneasler|spd|1\n|move|p2a: Tornadus|Air Slash|p1a: Medicham\n|-supereffective|p1a: Medicham\n|-damage|p1a: Medicham|0 fnt\n|faint|p1a: Medicham\n|move|p1b: Slaking|Rock Slide|p2a: Tornadus|[spread] p2a,p2b\n|-supereffective|p2a: Tornadus\n|-resisted|p2b: Sneasler\n|-damage|p2a: Tornadus|0 fnt\n|-damage|p2b: Sneasler|34\/100\n|faint|p2a: Tornadus\n|\n|upkeep\n|c|\u2606bigbranonbampus|Huge power slaking lord have mercy\n|inactive|bigbranonbampus has 120 seconds left.\n|\n|t:|1699392977\n|switch|p2a: Breloom|Breloom, F|100\/100\n|switch|p1a: Dragonite|Dragonite, F|100\/100\n|turn|2\n|c|\u2606btryan77|hahaha im dead\n|inactive|bigbranonbampus has 120 seconds left.\n|\n|t:|1699393004\n|switch|p2b: Sinistcha|Sinistcha|100\/100\n|move|p1a: Dragonite|Extreme Speed|p2b: Sinistcha\n|-immune|p2b: Sinistcha\n|move|p1b: Slaking|Gunk Shot|p2a: Breloom\n|-supereffective|p2a: Breloom\n|-damage|p2a: Breloom|0 fnt\n|faint|p2a: Breloom\n|\n|upkeep\n|\n|t:|1699393010\n|switch|p2a: Ting-Lu|Ting-Lu|100\/100\n|-ability|p2a: Ting-Lu|Vessel of Ruin\n|turn|3\n|\n|t:|1699393027\n|move|p1b: Slaking|Drain Punch|p2a: Ting-Lu\n|-supereffective|p2a: Ting-Lu\n|-damage|p2a: Ting-Lu|28\/100\n|-heal|p1b: Slaking|98\/100|[from] drain|[of] p2a: Ting-Lu\n|move|p1a: Dragonite|Dragon Dance|p1a: Dragonite\n|-boost|p1a: Dragonite|atk|1\n|-boost|p1a: Dragonite|spe|1\n|move|p2b: Sinistcha|Matcha Gotcha|p1b: Slaking|[spread] p1a,p1b\n|-resisted|p1a: Dragonite\n|-supereffective|p1b: Slaking\n|-damage|p1a: Dragonite|98\/100\n|-damage|p1b: Slaking|73\/100\n|move|p2a: Ting-Lu|Earthquake|p1a: Dragonite|[spread] p2b,p1b\n|-immune|p1a: Dragonite\n|-resisted|p2b: Sinistcha\n|-damage|p2b: Sinistcha|87\/100\n|-damage|p1b: Slaking|47\/100\n|\n|-heal|p2b: Sinistcha|93\/100|[from] item: Leftovers\n|upkeep\n|turn|4\n|inactive|bigbranonbampus has 120 seconds left.\n|\n|t:|1699393059\n|move|p2b: Sinistcha|Rage Powder|p2b: Sinistcha\n|-singleturn|p2b: Sinistcha|move: Rage Powder\n|move|p1a: Dragonite|Dragon Dance|p1a: Dragonite\n|-boost|p1a: Dragonite|atk|1\n|-boost|p1a: Dragonite|spe|1\n|move|p1b: Slaking|Drain Punch|p2b: Sinistcha\n|-immune|p2b: Sinistcha\n|move|p2a: Ting-Lu|Sand Tomb|p1b: Slaking\n|-damage|p1b: Slaking|33\/100\n|-activate|p1b: Slaking|move: Sand Tomb|[of] p2a: Ting-Lu\n|\n|-heal|p2b: Sinistcha|99\/100|[from] item: Leftovers\n|-damage|p1b: Slaking|20\/100|[from] move: Sand Tomb|[partiallytrapped]\n|upkeep\n|turn|5\n|\n|t:|1699393072\n|move|p2b: Sinistcha|Rage Powder|p2b: Sinistcha\n|-singleturn|p2b: Sinistcha|move: Rage Powder\n|move|p1a: Dragonite|Dragon Claw|p2b: Sinistcha\n|-damage|p2b: Sinistcha|40\/100\n|move|p1b: Slaking|Drain Punch|p2b: Sinistcha\n|-immune|p2b: Sinistcha\n|move|p2a: Ting-Lu|Stone Edge|p1a: Dragonite\n|-supereffective|p1a: Dragonite\n|-damage|p1a: Dragonite|18\/100\n|\n|-heal|p2b: Sinistcha|46\/100|[from] item: Leftovers\n|-damage|p1b: Slaking|8\/100|[from] move: Sand Tomb|[partiallytrapped]\n|upkeep\n|turn|6\n|\n|t:|1699393093\n|move|p2b: Sinistcha|Protect|p2b: Sinistcha\n|-singleturn|p2b: Sinistcha|Protect\n|move|p1a: Dragonite|Dragon Claw|p2b: Sinistcha\n|-activate|p2b: Sinistcha|move: Protect\n|move|p1b: Slaking|Drain Punch|p2a: Ting-Lu\n|-supereffective|p2a: Ting-Lu\n|-damage|p2a: Ting-Lu|0 fnt\n|-heal|p1b: Slaking|24\/100|[from] drain|[of] p2a: Ting-Lu\n|faint|p2a: Ting-Lu\n|\n|-heal|p2b: Sinistcha|52\/100|[from] item: Leftovers\n|-end|p1b: Slaking|Sand Tomb|[partiallytrapped]|[silent]\n|upkeep\n|\n|t:|1699393100\n|switch|p2a: Sneasler|Sneasler, M|34\/100\n|turn|7\n|\n|t:|1699393113\n|move|p1a: Dragonite|Extreme Speed|p2a: Sneasler\n|-damage|p2a: Sneasler|0 fnt\n|faint|p2a: Sneasler\n|move|p2b: Sinistcha|Rage Powder|p2b: Sinistcha\n|-singleturn|p2b: Sinistcha|move: Rage Powder\n|move|p1b: Slaking|Gunk Shot|p2b: Sinistcha\n|-damage|p2b: Sinistcha|0 fnt\n|faint|p2b: Sinistcha\n|\n|upkeep\n|\n|t:|1699393117\n|switch|p2b: Scream Tail|Scream Tail|100\/100\n|turn|8\n|c|\u2606bigbranonbampus|Ggwp\n|\n|t:|1699393127\n|move|p1a: Dragonite|Extreme Speed|p2b: Scream Tail\n|-damage|p2b: Scream Tail|53\/100\n|move|p2b: Scream Tail|Play Rough|p1b: Slaking\n|-damage|p1b: Slaking|5\/100\n|move|p1b: Slaking|Gunk Shot|p2b: Scream Tail|[miss]\n|-miss|p1b: Slaking|p2b: Scream Tail\n|\n|-heal|p2b: Scream Tail|59\/100|[from] item: Leftovers\n|upkeep\n|turn|9\n|-message|bigbranonbampus forfeited.\n|\n|win|btryan77\n|raw|btryan77's rating: 1165 &rarr; <strong>1191<\/strong><br \/>(+26 for winning)\n|raw|bigbranonbampus's rating: 1174 &rarr; <strong>1148<\/strong><br \/>(-26 for losing)\n|l|\u2606bigbranonbampus\n","uploadtime":1699393152,"views":16,"p1id":"btryan77","p2id":"bigbranonbampus","formatid":"gen9doublesou","rating":1148,"private":0,"password":""}