{"id":"gen9doublesou-1982422878","p1":"QuiteFluffy","p2":"Trickroom4dumies","format":"[Gen 9] Doubles OU","log":"|j|\u2606QuiteFluffy\n|j|\u2606Trickroom4dumies\n|t:|1699012900\n|gametype|doubles\n|player|p1|QuiteFluffy|penny|1645\n|player|p2|Trickroom4dumies|hexmaniac-gen3|1764\n|teamsize|p1|6\n|teamsize|p2|6\n|gen|9\n|tier|[Gen 9] Doubles OU\n|rated|\n|rule|Species Clause: Limit one of each Pok\u00e9mon\n|rule|OHKO Clause: OHKO moves are banned\n|rule|Evasion Moves Clause: Evasion moves are banned\n|rule|Gravity Sleep Clause: The combination of sleep-inducing moves with imperfect accuracy and Gravity or Gigantamax Orbeetle are banned\n|rule|Endless Battle Clause: Forcing endless battles is banned\n|rule|HP Percentage Mod: HP is shown in percentages\n|clearpoke\n|poke|p1|Diancie|\n|poke|p1|Farigiraf, F|\n|poke|p1|Ursaluna, F|\n|poke|p1|Iron Hands|\n|poke|p1|Cresselia, F|\n|poke|p1|Sylveon, F|\n|poke|p2|Dragapult, F|\n|poke|p2|Dusclops, M|\n|poke|p2|Ursaluna-Bloodmoon, M|\n|poke|p2|Ogerpon-Wellspring, F|\n|poke|p2|Diancie|\n|poke|p2|Sinistcha-Masterpiece|\n|teampreview\n|inactive|Battle timer is ON: inactive players will automatically lose when time's up. (requested by QuiteFluffy)\n|c|\u2606QuiteFluffy|glhf <3\n|c|\u2606Trickroom4dumies|U2\n|\n|t:|1699012927\n|start\n|switch|p1a: screams|Sylveon, F|100\/100\n|switch|p1b: queen|Diancie|100\/100\n|switch|p2a: Dragapult|Dragapult, F, shiny|100\/100\n|switch|p2b: Dusclops|Dusclops, M|100\/100\n|-item|p1a: screams|Choice Specs|[from] ability: Frisk|[of] p2b: Dusclops|[identify]\n|-item|p1b: queen|Weakness Policy|[from] ability: Frisk|[of] p2b: Dusclops|[identify]\n|turn|1\n|\n|t:|1699012944\n|move|p2a: Dragapult|Will-O-Wisp|p1b: queen\n|-status|p1b: queen|brn\n|move|p1a: screams|Hyper Voice|p2b: Dusclops|[spread] p2a,p2b\n|-supereffective|p2a: Dragapult\n|-damage|p2a: Dragapult|0 fnt\n|-damage|p2b: Dusclops|57\/100\n|faint|p2a: Dragapult\n|move|p1b: queen|Diamond Storm|p2b: Dusclops\n|-damage|p2b: Dusclops|44\/100\n|-boost|p1b: queen|def|2\n|move|p2b: Dusclops|Trick Room|p2b: Dusclops\n|-fieldstart|move: Trick Room|[of] p2b: Dusclops\n|\n|-damage|p1b: queen|94\/100 brn|[from] brn\n|upkeep\n|\n|t:|1699012958\n|switch|p2a: Ursaluna|Ursaluna-Bloodmoon, M|100\/100\n|turn|2\n|\n|t:|1699012971\n|-terastallize|p2a: Ursaluna|Normal\n|move|p2b: Dusclops|Pain Split|p1a: screams\n|-sethp|p1a: screams|64\/100|[from] move: Pain Split|[silent]\n|-sethp|p2b: Dusclops|100\/100|[from] move: Pain Split\n|move|p1b: queen|Body Press|p2a: Ursaluna\n|-supereffective|p2a: Ursaluna\n|-damage|p2a: Ursaluna|65\/100\n|-enditem|p2a: Ursaluna|Weakness Policy\n|-boost|p2a: Ursaluna|atk|2|[from] item: Weakness Policy\n|-boost|p2a: Ursaluna|spa|2|[from] item: Weakness Policy\n|move|p2a: Ursaluna|Hyper Voice|p1a: screams|[spread] p1a,p1b\n|-resisted|p1b: queen\n|-damage|p1a: screams|0 fnt\n|-damage|p1b: queen|56\/100 brn\n|faint|p1a: screams\n|\n|-damage|p1b: queen|50\/100 brn|[from] brn\n|upkeep\n|\n|t:|1699012995\n|switch|p1a: catch these hands|Iron Hands|100\/100\n|turn|3\n|\n|t:|1699013004\n|move|p2a: Ursaluna|Protect|p2a: Ursaluna\n|-singleturn|p2a: Ursaluna|Protect\n|move|p1a: catch these hands|Close Combat|p2a: Ursaluna\n|-activate|p2a: Ursaluna|move: Protect\n|move|p1b: queen|Diamond Storm|p2b: Dusclops|[spread] \n|-activate|p2a: Ursaluna|move: Protect\n|-miss|p1b: queen|p2b: Dusclops\n|move|p2b: Dusclops|Trick Room|p2b: Dusclops\n|-fieldend|move: Trick Room\n|\n|-damage|p1b: queen|44\/100 brn|[from] brn\n|upkeep\n|turn|4\n|\n|t:|1699013029\n|switch|p2b: Ogerpon|Ogerpon-Wellspring, F|100\/100\n|move|p1b: queen|Protect|p1b: queen\n|-singleturn|p1b: queen|Protect\n|move|p2a: Ursaluna|Earth Power|p1a: catch these hands\n|-supereffective|p1a: catch these hands\n|-damage|p1a: catch these hands|0 fnt\n|faint|p1a: catch these hands\n|-end|p1a: catch these hands|Quark Drive|[silent]\n|\n|-damage|p1b: queen|37\/100 brn|[from] brn\n|upkeep\n|\n|t:|1699013042\n|switch|p1a: immoral support|Cresselia, F|100\/100\n|turn|5\n|\n|t:|1699013049\n|-terastallize|p1b: queen|Grass\n|move|p2b: Ogerpon|Ivy Cudgel|p1b: queen\n|-resisted|p1b: queen\n|-damage|p1b: queen|25\/100 brn\n|move|p1a: immoral support|Lunar Blessing|p1a: immoral support|[spread] p1a,p1b\n|-heal|p1b: queen|50\/100 brn\n|-curestatus|p1b: queen|brn|[msg]\n|move|p2a: Ursaluna|Hyper Voice|p1a: immoral support|[spread] p1a,p1b\n|-damage|p1a: immoral support|45\/100\n|-damage|p1b: queen|0 fnt\n|faint|p1b: queen\n|\n|upkeep\n|-message|QuiteFluffy forfeited.\n|\n|win|Trickroom4dumies\n|raw|QuiteFluffy's rating: 1645 &rarr; <strong>1632<\/strong><br \/>(-13 for losing)\n|raw|Trickroom4dumies's rating: 1764 &rarr; <strong>1777<\/strong><br \/>(+13 for winning)\n","uploadtime":1699013069,"views":18,"p1id":"quitefluffy","p2id":"trickroom4dumies","formatid":"gen9doublesou","rating":1632,"private":0,"password":""}