{"id":"gen9doublesou-1986708355","p1":"oldtufoman","p2":"ToxicMini","format":"[Gen 9] Doubles OU","log":"|j|\u2606oldtufoman\n|j|\u2606ToxicMini\n|t:|1699511590\n|gametype|doubles\n|player|p1|oldtufoman|cynthia|1252\n|player|p2|ToxicMini|byron|1101\n|teamsize|p1|6\n|teamsize|p2|6\n|gen|9\n|tier|[Gen 9] Doubles OU\n|rated|\n|rule|Species Clause: Limit one of each Pok\u00e9mon\n|rule|OHKO Clause: OHKO moves are banned\n|rule|Evasion Moves Clause: Evasion moves are banned\n|rule|Gravity Sleep Clause: The combination of sleep-inducing moves with imperfect accuracy and Gravity or Gigantamax Orbeetle are banned\n|rule|Endless Battle Clause: Forcing endless battles is banned\n|rule|HP Percentage Mod: HP is shown in percentages\n|clearpoke\n|poke|p1|Mudsdale, M|\n|poke|p1|Orthworm, F|\n|poke|p1|Palafin, F|\n|poke|p1|Chi-Yu|\n|poke|p1|Ursaluna-Bloodmoon, M|\n|poke|p1|Chien-Pao|\n|poke|p2|Ursaluna, M|\n|poke|p2|Cresselia, F|\n|poke|p2|Amoonguss, F|\n|poke|p2|Flutter Mane|\n|poke|p2|Chien-Pao|\n|poke|p2|Volcanion|\n|teampreview\n|inactive|Battle timer is ON: inactive players will automatically lose when time's up. (requested by ToxicMini)\n|inactive|oldtufoman also wants the timer to be on.\n|\n|t:|1699511609\n|start\n|switch|p1a: Chien-Pao|Chien-Pao|100\/100\n|switch|p1b: Palafin|Palafin, F, shiny|100\/100\n|switch|p2a: Flutter Mane|Flutter Mane|100\/100\n|switch|p2b: Chien-Pao|Chien-Pao|100\/100\n|-ability|p2b: Chien-Pao|Sword of Ruin\n|-ability|p1a: Chien-Pao|Sword of Ruin\n|-enditem|p2a: Flutter Mane|Booster Energy\n|-activate|p2a: Flutter Mane|ability: Protosynthesis|[fromitem]\n|-start|p2a: Flutter Mane|protosynthesisspe\n|turn|1\n|inactive|oldtufoman has 120 seconds left.\n|inactive|ToxicMini has 120 seconds left.\n|inactive|ToxicMini has 90 seconds left.\n|inactive|ToxicMini has 60 seconds left.\n|\n|t:|1699511720\n|move|p2a: Flutter Mane|Dazzling Gleam|p1a: Chien-Pao|[spread] p1a,p1b\n|-supereffective|p1a: Chien-Pao\n|-enditem|p1a: Chien-Pao|Focus Sash\n|-damage|p1a: Chien-Pao|1\/100\n|-damage|p1b: Palafin|68\/100\n|move|p2b: Chien-Pao|Crunch|p1b: Palafin\n|-damage|p1b: Palafin|0 fnt\n|faint|p1b: Palafin\n|move|p1a: Chien-Pao|Brick Break|p2b: Chien-Pao\n|-supereffective|p2b: Chien-Pao\n|-enditem|p2b: Chien-Pao|Focus Sash\n|-damage|p2b: Chien-Pao|1\/100\n|\n|upkeep\n|inactive|oldtufoman has 120 seconds left.\n|\n|t:|1699511745\n|switch|p1b: Mudsdale|Mudsdale, M|100\/100\n|turn|2\n|inactive|oldtufoman has 120 seconds left.\n|inactive|ToxicMini has 60 seconds left.\n|\n|t:|1699511774\n|-terastallize|p1b: Mudsdale|Steel\n|move|p2a: Flutter Mane|Dazzling Gleam|p1a: Chien-Pao|[spread] p1a,p1b\n|-supereffective|p1a: Chien-Pao\n|-resisted|p1b: Mudsdale\n|-damage|p1a: Chien-Pao|0 fnt\n|-damage|p1b: Mudsdale|90\/100\n|-ability|p1b: Mudsdale|Stamina|boost\n|-boost|p1b: Mudsdale|def|1\n|faint|p1a: Chien-Pao\n|move|p2b: Chien-Pao|Ice Spinner|p1b: Mudsdale\n|-resisted|p1b: Mudsdale\n|-damage|p1b: Mudsdale|77\/100\n|-ability|p1b: Mudsdale|Stamina|boost\n|-boost|p1b: Mudsdale|def|1\n|move|p1b: Mudsdale|Earthquake|p2b: Chien-Pao|[spread] p2a,p2b\n|-damage|p2a: Flutter Mane|0 fnt\n|-damage|p2b: Chien-Pao|0 fnt\n|faint|p2a: Flutter Mane\n|-end|p2a: Flutter Mane|Protosynthesis|[silent]\n|faint|p2b: Chien-Pao\n|\n|upkeep\n|inactive|oldtufoman has 120 seconds left.\n|\n|t:|1699511792\n|switch|p2a: Amoonguss|Amoonguss, F|100\/100\n|switch|p2b: Volcanion|Volcanion|100\/100\n|switch|p1a: Orthworm|Orthworm, F|100\/100\n|turn|3\n|inactive|ToxicMini has 90 seconds left.\n|\n|t:|1699511808\n|move|p1a: Orthworm|Heavy Slam|p2a: Amoonguss\n|-crit|p2a: Amoonguss\n|-damage|p2a: Amoonguss|42\/100\n|move|p2b: Volcanion|Heat Wave|p1b: Mudsdale|[spread] p1a,p1b\n|-supereffective|p1a: Orthworm\n|-supereffective|p1b: Mudsdale\n|-damage|p1a: Orthworm|37\/100\n|-damage|p1b: Mudsdale|26\/100\n|-ability|p1b: Mudsdale|Stamina|boost\n|-boost|p1b: Mudsdale|def|1\n|move|p1b: Mudsdale|Earthquake|p2b: Volcanion|[spread] p2a,p2b\n|-heal|p1a: Orthworm|62\/100|[from] ability: Earth Eater|[of] p1b: Mudsdale\n|-supereffective|p2b: Volcanion\n|-damage|p2a: Amoonguss|0 fnt\n|-damage|p2b: Volcanion|33\/100\n|faint|p2a: Amoonguss\n|\n|upkeep\n|inactive|ToxicMini has 90 seconds left.\n|\n|t:|1699511822\n|switch|p2a: Cresselia|Cresselia, F|100\/100\n|turn|4\n|\n|t:|1699511834\n|move|p1a: Orthworm|Body Press|p2b: Volcanion\n|-damage|p2b: Volcanion|13\/100\n|move|p2b: Volcanion|Heat Wave|p1a: Orthworm|[spread] p1a,p1b\n|-supereffective|p1a: Orthworm\n|-supereffective|p1b: Mudsdale\n|-damage|p1a: Orthworm|0 fnt\n|-damage|p1b: Mudsdale|0 fnt\n|faint|p1a: Orthworm\n|faint|p1b: Mudsdale\n|move|p2a: Cresselia|Trick Room|p2a: Cresselia\n|-fieldstart|move: Trick Room|[of] p2a: Cresselia\n|\n|upkeep\n|\n|t:|1699511847\n|switch|p1b: Chi-Yu|Chi-Yu|100\/100\n|switch|p1a: Ursaluna|Ursaluna-Bloodmoon, M|100\/100\n|-ability|p1b: Chi-Yu|Beads of Ruin\n|turn|5\n|\n|t:|1699511857\n|switch|p2a: Ursaluna|Ursaluna, M|100\/100\n|move|p2b: Volcanion|Steam Eruption|p1b: Chi-Yu\n|-supereffective|p1b: Chi-Yu\n|-damage|p1b: Chi-Yu|16\/100\n|move|p1a: Ursaluna|Moonblast|p2b: Volcanion\n|-resisted|p2b: Volcanion\n|-damage|p2b: Volcanion|0 fnt\n|faint|p2b: Volcanion\n|move|p1b: Chi-Yu|Dark Pulse|p2a: Ursaluna\n|-damage|p2a: Ursaluna|57\/100\n|\n|-status|p2a: Ursaluna|brn|[from] item: Flame Orb\n|upkeep\n|\n|t:|1699511866\n|switch|p2b: Cresselia|Cresselia, F|100\/100\n|turn|6\n|\n|t:|1699511880\n|-terastallize|p2a: Ursaluna|Ground\n|move|p2b: Cresselia|Helping Hand|p2a: Ursaluna\n|-singleturn|p2a: Ursaluna|Helping Hand|[of] p2b: Cresselia\n|move|p1b: Chi-Yu|Protect|p1b: Chi-Yu\n|-singleturn|p1b: Chi-Yu|Protect\n|move|p2a: Ursaluna|Earthquake|p1a: Ursaluna|[spread] p1a\n|-activate|p1b: Chi-Yu|move: Protect\n|-immune|p2b: Cresselia|[from] ability: Levitate\n|-damage|p1a: Ursaluna|15\/100\n|move|p1a: Ursaluna|Blood Moon|p2b: Cresselia\n|-damage|p2b: Cresselia|20\/100\n|\n|-damage|p2a: Ursaluna|51\/100 brn|[from] brn\n|upkeep\n|turn|7\n|-message|oldtufoman forfeited.\n|\n|win|ToxicMini\n|raw|oldtufoman's rating: 1252 &rarr; <strong>1217<\/strong><br \/>(-35 for losing)\n|raw|ToxicMini's rating: 1101 &rarr; <strong>1136<\/strong><br \/>(+35 for winning)\n|l|\u2606oldtufoman\n","uploadtime":1699511901,"views":16,"p1id":"oldtufoman","p2id":"toxicmini","formatid":"gen9doublesou","rating":1136,"private":0,"password":""}