{"id":"gen9doublesou-1981669064","p1":"1stTempest","p2":"villainsin","format":"[Gen 9] Doubles OU","log":"|j|\u26061stTempest\n|j|\u2606villainsin\n|t:|1698932077\n|gametype|doubles\n|player|p1|1stTempest|red-masters|1315\n|player|p2|villainsin|fantina|1369\n|teamsize|p1|6\n|teamsize|p2|6\n|gen|9\n|tier|[Gen 9] Doubles OU\n|rated|\n|rule|Species Clause: Limit one of each Pok\u00e9mon\n|rule|OHKO Clause: OHKO moves are banned\n|rule|Evasion Moves Clause: Evasion moves are banned\n|rule|Gravity Sleep Clause: The combination of sleep-inducing moves with imperfect accuracy and Gravity or Gigantamax Orbeetle are banned\n|rule|Endless Battle Clause: Forcing endless battles is banned\n|rule|HP Percentage Mod: HP is shown in percentages\n|clearpoke\n|poke|p1|Torterra, F|\n|poke|p1|Iron Hands|\n|poke|p1|Rillaboom, F|\n|poke|p1|Ogerpon-Hearthflame, F|\n|poke|p1|Tornadus, M|\n|poke|p1|Walking Wake|\n|poke|p2|Palafin, M|\n|poke|p2|Ursaluna-Bloodmoon, M|\n|poke|p2|Baxcalibur, M|\n|poke|p2|Ninetales-Alola, M|\n|poke|p2|Gliscor, M|\n|poke|p2|Lucario, M|\n|teampreview\n|\n|t:|1698932094\n|start\n|switch|p1a: Tornadus|Tornadus, M|100\/100\n|switch|p1b: Walking Wake|Walking Wake|100\/100\n|switch|p2a: zack foxx|Ninetales-Alola, M|100\/100\n|switch|p2b: tee grizzley|Ursaluna-Bloodmoon, M|100\/100\n|-weather|Snow|[from] ability: Snow Warning|[of] p2a: zack foxx\n|turn|1\n|\n|t:|1698932111\n|move|p1a: Tornadus|Sunny Day|p1a: Tornadus\n|-weather|SunnyDay\n|-activate|p1b: Walking Wake|ability: Protosynthesis\n|-start|p1b: Walking Wake|protosynthesisspe\n|move|p1b: Walking Wake|Weather Ball|p2a: zack foxx\n|-supereffective|p2a: zack foxx\n|-damage|p2a: zack foxx|0 fnt\n|faint|p2a: zack foxx\n|move|p2b: tee grizzley|Hyper Voice|p1a: Tornadus|[spread] p1a,p1b\n|-damage|p1a: Tornadus|55\/100\n|-damage|p1b: Walking Wake|67\/100\n|-enditem|p2b: tee grizzley|Throat Spray\n|-boost|p2b: tee grizzley|spa|1|[from] item: Throat Spray\n|\n|-weather|SunnyDay|[upkeep]\n|upkeep\n|\n|t:|1698932131\n|switch|p2a: playboi carti|Gliscor, M|100\/100\n|turn|2\n|\n|t:|1698932141\n|-terastallize|p2b: tee grizzley|Normal\n|move|p1a: Tornadus|Taunt|p2a: playboi carti\n|-start|p2a: playboi carti|move: Taunt\n|move|p1b: Walking Wake|Hydro Steam|p2b: tee grizzley\n|-damage|p2b: tee grizzley|37\/100\n|cant|p2a: playboi carti|move: Taunt|Swords Dance\n|move|p2b: tee grizzley|Hyper Voice|p1b: Walking Wake|[spread] p1a,p1b\n|-damage|p1a: Tornadus|0 fnt\n|-damage|p1b: Walking Wake|10\/100\n|faint|p1a: Tornadus\n|\n|-weather|SunnyDay|[upkeep]\n|-status|p2a: playboi carti|tox|[from] item: Toxic Orb\n|upkeep\n|\n|t:|1698932164\n|switch|p1a: Torterra|Torterra, F|100\/100\n|turn|3\n|\n|t:|1698932180\n|move|p2b: tee grizzley|Protect|p2b: tee grizzley\n|-singleturn|p2b: tee grizzley|Protect\n|move|p1b: Walking Wake|Hydro Steam|p2a: playboi carti\n|-supereffective|p2a: playboi carti\n|-damage|p2a: playboi carti|0 fnt\n|faint|p2a: playboi carti\n|move|p1a: Torterra|Headlong Rush|p2b: tee grizzley\n|-activate|p2b: tee grizzley|move: Protect\n|\n|-weather|SunnyDay|[upkeep]\n|upkeep\n|\n|t:|1698932195\n|switch|p2a: drake|Baxcalibur, M|100\/100\n|turn|4\n|\n|t:|1698932207\n|-terastallize|p1a: Torterra|Fire\n|move|p1b: Walking Wake|Hydro Steam|p2b: tee grizzley\n|-damage|p2b: tee grizzley|0 fnt\n|faint|p2b: tee grizzley\n|move|p1a: Torterra|Headlong Rush|p2a: drake\n|-damage|p2a: drake|50\/100\n|-unboost|p1a: Torterra|def|1\n|-unboost|p1a: Torterra|spd|1\n|-enditem|p1a: Torterra|White Herb\n|-clearnegativeboost|p1a: Torterra|[silent]\n|move|p2a: drake|Icicle Crash|p1a: Torterra\n|-resisted|p1a: Torterra\n|-damage|p1a: Torterra|75\/100\n|\n|-weather|SunnyDay|[upkeep]\n|upkeep\n|\n|t:|1698932230\n|switch|p2b: young dolph|Palafin, M|100\/100\n|turn|5\n|\n|t:|1698932238\n|switch|p1a: Iron Hands|Iron Hands|100\/100\n|move|p1b: Walking Wake|Draco Meteor|p2b: young dolph\n|-crit|p2b: young dolph\n|-damage|p2b: young dolph|0 fnt\n|-unboost|p1b: Walking Wake|spa|2\n|faint|p2b: young dolph\n|move|p2a: drake|High Horsepower|p1b: Walking Wake\n|-damage|p1b: Walking Wake|0 fnt\n|faint|p1b: Walking Wake\n|-end|p1b: Walking Wake|Protosynthesis|[silent]\n|\n|-weather|none\n|upkeep\n|\n|t:|1698932252\n|switch|p1b: Ogerpon|Ogerpon-Hearthflame, F|100\/100\n|switch|p2b: snoop dogg|Lucario, M|100\/100\n|-ability|p1b: Ogerpon|Mold Breaker\n|turn|6\n|c|\u2606villainsin|gg\n|\n|t:|1698932286\n|move|p1b: Ogerpon|Spiky Shield|p1b: Ogerpon\n|-singleturn|p1b: Ogerpon|move: Protect\n|move|p2b: snoop dogg|Swords Dance|p2b: snoop dogg\n|-boost|p2b: snoop dogg|atk|2\n|move|p2a: drake|High Horsepower|p1a: Iron Hands\n|-supereffective|p1a: Iron Hands\n|-damage|p1a: Iron Hands|55\/100\n|move|p1a: Iron Hands|Substitute|p1a: Iron Hands\n|-start|p1a: Iron Hands|Substitute\n|-damage|p1a: Iron Hands|30\/100\n|-enditem|p1a: Iron Hands|Sitrus Berry|[eat]\n|-heal|p1a: Iron Hands|55\/100|[from] item: Sitrus Berry\n|\n|upkeep\n|turn|7\n|\n|t:|1698932303\n|move|p1b: Ogerpon|Follow Me|p1b: Ogerpon\n|-singleturn|p1b: Ogerpon|move: Follow Me\n|move|p2b: snoop dogg|Close Combat|p1b: Ogerpon\n|-damage|p1b: Ogerpon|0 fnt\n|-unboost|p2b: snoop dogg|def|1\n|-unboost|p2b: snoop dogg|spd|1\n|faint|p1b: Ogerpon\n|move|p2a: drake|Glaive Rush|p1a: Iron Hands\n|-end|p1a: Iron Hands|Substitute\n|-singlemove|p2a: drake|Glaive Rush|[silent]\n|move|p1a: Iron Hands|Swords Dance|p1a: Iron Hands\n|-boost|p1a: Iron Hands|atk|2\n|\n|upkeep\n|\n|t:|1698932317\n|switch|p1b: Rillaboom|Rillaboom, F|100\/100\n|-fieldstart|move: Grassy Terrain|[from] ability: Grassy Surge|[of] p1b: Rillaboom\n|turn|8\n|\n|t:|1698932326\n|move|p1b: Rillaboom|Grassy Glide|p2a: drake\n|-resisted|p2a: drake\n|-damage|p2a: drake|4\/100\n|-enditem|p2a: drake|Aguav Berry|[eat]\n|-heal|p2a: drake|38\/100|[from] item: Aguav Berry\n|move|p2b: snoop dogg|Close Combat|p1b: Rillaboom\n|-damage|p1b: Rillaboom|0 fnt\n|-unboost|p2b: snoop dogg|def|1\n|-unboost|p2b: snoop dogg|spd|1\n|faint|p1b: Rillaboom\n|move|p2a: drake|High Horsepower|p1a: Iron Hands\n|-supereffective|p1a: Iron Hands\n|-damage|p1a: Iron Hands|4\/100\n|move|p1a: Iron Hands|Drain Punch|p2b: snoop dogg\n|-supereffective|p2b: snoop dogg\n|-damage|p2b: snoop dogg|0 fnt\n|-heal|p1a: Iron Hands|32\/100|[from] drain|[of] p2b: snoop dogg\n|faint|p2b: snoop dogg\n|\n|-heal|p2a: drake|44\/100|[from] Grassy Terrain\n|-heal|p1a: Iron Hands|38\/100|[from] Grassy Terrain\n|upkeep\n|\n|t:|1698932346\n|switch|p1b: Torterra|Torterra, F, tera:Fire|75\/100\n|turn|9\n|\n|t:|1698932359\n|move|p2a: drake|Protect|p2a: drake\n|-singleturn|p2a: drake|Protect\n|move|p1b: Torterra|Headlong Rush|p2a: drake\n|-activate|p2a: drake|move: Protect\n|move|p1a: Iron Hands|Drain Punch|p2a: drake\n|-activate|p2a: drake|move: Protect\n|\n|-heal|p1b: Torterra|82\/100|[from] Grassy Terrain\n|-heal|p2a: drake|50\/100|[from] Grassy Terrain\n|-heal|p1a: Iron Hands|44\/100|[from] Grassy Terrain\n|upkeep\n|turn|10\n|\n|t:|1698932373\n|move|p1b: Torterra|Headlong Rush|p2a: drake\n|-damage|p2a: drake|0 fnt\n|-unboost|p1b: Torterra|def|1\n|-unboost|p1b: Torterra|spd|1\n|faint|p2a: drake\n|\n|win|1stTempest\n|raw|1stTempest's rating: 1315 &rarr; <strong>1338<\/strong><br \/>(+23 for winning)\n|raw|villainsin's rating: 1369 &rarr; <strong>1346<\/strong><br \/>(-23 for losing)\n|c|\u26061stTempest|gg\n","uploadtime":1698932384,"views":18,"p1id":"1sttempest","p2id":"villainsin","formatid":"gen9doublesou","rating":1338,"private":0,"password":""}