{"id":"gen9doublesou-1971026707","p1":"Asde_21777","p2":"Rickyflames1","format":"[Gen 9] Doubles OU","log":"|j|\u2606Asde_21777\n|j|\u2606Rickyflames1\n|t:|1697694776\n|gametype|doubles\n|player|p1|Asde_21777|plasmagrunt-gen5bw|1109\n|player|p2|Rickyflames1|169|1129\n|teamsize|p1|6\n|teamsize|p2|6\n|gen|9\n|tier|[Gen 9] Doubles OU\n|rated|\n|rule|Species Clause: Limit one of each Pok\u00e9mon\n|rule|OHKO Clause: OHKO moves are banned\n|rule|Evasion Moves Clause: Evasion moves are banned\n|rule|Gravity Sleep Clause: The combination of sleep-inducing moves with imperfect accuracy and Gravity or Gigantamax Orbeetle are banned\n|rule|Endless Battle Clause: Forcing endless battles is banned\n|rule|HP Percentage Mod: HP is shown in percentages\n|clearpoke\n|poke|p1|Lilligant, F|\n|poke|p1|Torkoal, M|\n|poke|p1|Walking Wake|\n|poke|p1|Armarouge, M|\n|poke|p1|Indeedee-F, F|\n|poke|p1|Kommo-o, M|\n|poke|p2|Oranguru, M|\n|poke|p2|Amoonguss, F|\n|poke|p2|Mew|\n|poke|p2|Gliscor, F|\n|poke|p2|Sylveon, F|\n|poke|p2|Wo-Chien|\n|teampreview\n|\n|t:|1697694792\n|start\n|switch|p1a: Kommo-o|Kommo-o, M|100\/100\n|switch|p1b: Indeedee|Indeedee-F, F|100\/100\n|switch|p2a: Wo-Chien|Wo-Chien|100\/100\n|switch|p2b: Oranguru|Oranguru, M, shiny|100\/100\n|-fieldstart|move: Psychic Terrain|[from] ability: Psychic Surge|[of] p1b: Indeedee\n|-ability|p2a: Wo-Chien|Tablets of Ruin\n|turn|1\n|inactive|Battle timer is ON: inactive players will automatically lose when time's up. (requested by Rickyflames1)\n|inactive|Asde_21777 has 120 seconds left.\n|\n|t:|1697694836\n|switch|p1a: Torkoal|Torkoal, M|100\/100\n|-weather|SunnyDay|[from] ability: Drought|[of] p1a: Torkoal\n|move|p1b: Indeedee|Follow Me|p1b: Indeedee\n|-singleturn|p1b: Indeedee|move: Follow Me\n|move|p2a: Wo-Chien|Sunny Day||[still]\n|-fail|p2a: Wo-Chien\n|move|p2b: Oranguru|Trick Room|p2b: Oranguru\n|-fieldstart|move: Trick Room|[of] p2b: Oranguru\n|\n|-weather|SunnyDay|[upkeep]\n|upkeep\n|turn|2\n|\n|t:|1697694860\n|-terastallize|p2a: Wo-Chien|Normal\n|move|p1b: Indeedee|Helping Hand|p1a: Torkoal\n|-singleturn|p1a: Torkoal|Helping Hand|[of] p1b: Indeedee\n|move|p1a: Torkoal|Eruption|p2a: Wo-Chien|[spread] p2a,p2b\n|-damage|p2a: Wo-Chien|30\/100\n|-damage|p2b: Oranguru|0 fnt\n|faint|p2b: Oranguru\n|move|p2a: Wo-Chien|Growth|p2a: Wo-Chien\n|-boost|p2a: Wo-Chien|atk|2\n|-boost|p2a: Wo-Chien|spa|2\n|\n|-weather|SunnyDay|[upkeep]\n|upkeep\n|inactive|Rickyflames1 has 120 seconds left.\n|\n|t:|1697694903\n|switch|p2b: Mew|Mew, shiny|100\/100\n|turn|3\n|\n|t:|1697694925\n|move|p1b: Indeedee|Helping Hand|p1a: Torkoal\n|-singleturn|p1a: Torkoal|Helping Hand|[of] p1b: Indeedee\n|move|p2a: Wo-Chien|Protect|p2a: Wo-Chien\n|-singleturn|p2a: Wo-Chien|Protect\n|move|p1a: Torkoal|Eruption|p2b: Mew|[spread] p2b\n|-activate|p2a: Wo-Chien|move: Protect\n|-damage|p2b: Mew|0 fnt\n|faint|p2b: Mew\n|\n|-weather|SunnyDay|[upkeep]\n|upkeep\n|\n|t:|1697694943\n|switch|p2b: Gliscor|Gliscor, F, shiny|100\/100\n|turn|4\n|inactive|Rickyflames1 has 120 seconds left.\n|\n|t:|1697694959\n|-terastallize|p1a: Torkoal|Fire\n|move|p2b: Gliscor|Protect|p2b: Gliscor\n|-singleturn|p2b: Gliscor|Protect\n|move|p1a: Torkoal|Eruption|p2b: Gliscor|[spread] p2a\n|-activate|p2b: Gliscor|move: Protect\n|-damage|p2a: Wo-Chien|0 fnt\n|faint|p2a: Wo-Chien\n|move|p1b: Indeedee|Skill Swap|p2b: Gliscor\n|-activate|p2b: Gliscor|move: Protect\n|\n|-weather|SunnyDay|[upkeep]\n|-status|p2b: Gliscor|tox|[from] item: Toxic Orb\n|upkeep\n|inactive|Rickyflames1 has 90 seconds left.\n|\n|t:|1697694994\n|switch|p2a: Amoonguss|Amoonguss, F, shiny|100\/100\n|turn|5\n|\n|t:|1697695005\n|move|p1b: Indeedee|Follow Me|p1b: Indeedee\n|-singleturn|p1b: Indeedee|move: Follow Me\n|move|p1a: Torkoal|Eruption|p2b: Gliscor|[spread] p2a,p2b\n|-supereffective|p2a: Amoonguss\n|-damage|p2a: Amoonguss|0 fnt\n|-damage|p2b: Gliscor|0 fnt\n|faint|p2a: Amoonguss\n|faint|p2b: Gliscor\n|\n|-weather|none\n|-fieldend|move: Trick Room\n|-fieldend|move: Psychic Terrain\n|upkeep\n|-message|Rickyflames1 forfeited.\n|\n|win|Asde_21777\n|raw|Asde_21777's rating: 1109 &rarr; <strong>1135<\/strong><br \/>(+26 for winning)\n|raw|Rickyflames1's rating: 1129 &rarr; <strong>1103<\/strong><br \/>(-26 for losing)\n|l|\u2606Rickyflames1\n","uploadtime":1697695024,"views":31,"p1id":"asde21777","p2id":"rickyflames1","formatid":"gen9doublesou","rating":1103,"private":0,"password":""}