{"id":"gen9doublesou-1997594171","p1":"Eyyyballs","p2":"Thehombre","format":"[Gen 9] Doubles OU","log":"|j|\u2606Eyyyballs\n|j|\u2606Thehombre\n|t:|1700830486\n|gametype|doubles\n|player|p1|Eyyyballs|101|1036\n|player|p2|Thehombre|169|1137\n|teamsize|p1|6\n|teamsize|p2|6\n|gen|9\n|tier|[Gen 9] Doubles OU\n|rated|\n|rule|Species Clause: Limit one of each Pok\u00e9mon\n|rule|OHKO Clause: OHKO moves are banned\n|rule|Evasion Moves Clause: Evasion moves are banned\n|rule|Gravity Sleep Clause: The combination of sleep-inducing moves with imperfect accuracy and Gravity or Gigantamax Orbeetle are banned\n|rule|Endless Battle Clause: Forcing endless battles is banned\n|rule|HP Percentage Mod: HP is shown in percentages\n|clearpoke\n|poke|p1|Hydreigon, M|\n|poke|p1|Maushold-Four|\n|poke|p1|Kingambit, F|\n|poke|p1|Chi-Yu|\n|poke|p1|Palafin, M|\n|poke|p1|Iron Hands|\n|poke|p2|Copperajah, F|\n|poke|p2|Bronzong|\n|poke|p2|Armarouge, M|\n|poke|p2|Torkoal, M|\n|poke|p2|Dipplin, F|\n|poke|p2|Great Tusk|\n|teampreview\n|inactive|Battle timer is ON: inactive players will automatically lose when time's up. (requested by Thehombre)\n|\n|t:|1700830500\n|start\n|switch|p1a: Palafin|Palafin, M|100\/100\n|switch|p1b: Hydreigon|Hydreigon, M|100\/100\n|switch|p2a: Bronzong|Bronzong|100\/100\n|switch|p2b: Armarouge|Armarouge, M|100\/100\n|turn|1\n|\n|t:|1700830512\n|move|p1a: Palafin|Flip Turn|p2b: Armarouge\n|-supereffective|p2b: Armarouge\n|-damage|p2b: Armarouge|52\/100\n|\n|t:|1700830520\n|detailschange|p1a: Palafin|Palafin-Hero, M\n|switch|p1a: Maushold|Maushold-Four|100\/100|[from] Flip Turn\n|move|p1b: Hydreigon|Tailwind|p1b: Hydreigon\n|-sidestart|p1: Eyyyballs|move: Tailwind\n|move|p2b: Armarouge|Calm Mind|p2b: Armarouge\n|-boost|p2b: Armarouge|spa|1\n|-boost|p2b: Armarouge|spd|1\n|move|p2a: Bronzong|Trick Room|p2a: Bronzong\n|-fieldstart|move: Trick Room|[of] p2a: Bronzong\n|\n|-heal|p2b: Armarouge|59\/100|[from] item: Leftovers\n|upkeep\n|turn|2\n|\n|t:|1700830537\n|move|p2a: Bronzong|Iron Defense|p2a: Bronzong\n|-boost|p2a: Bronzong|def|2\n|move|p2b: Armarouge|Heat Wave|p1b: Hydreigon|[spread] p1a,p1b\n|-resisted|p1b: Hydreigon\n|-damage|p1a: Maushold|9\/100\n|-damage|p1b: Hydreigon|73\/100\n|move|p1b: Hydreigon|Dark Pulse|p2a: Bronzong\n|-supereffective|p2a: Bronzong\n|-damage|p2a: Bronzong|49\/100\n|move|p1a: Maushold|Population Bomb|p2b: Armarouge\n|-damage|p2b: Armarouge|47\/100\n|-damage|p2b: Armarouge|36\/100\n|-damage|p2b: Armarouge|25\/100\n|-damage|p2b: Armarouge|14\/100\n|-hitcount|p2b: Armarouge|4\n|\n|-heal|p2a: Bronzong|55\/100|[from] item: Leftovers\n|-heal|p2b: Armarouge|20\/100|[from] item: Leftovers\n|upkeep\n|turn|3\n|\n|t:|1700830565\n|move|p2a: Bronzong|Body Press|p1b: Hydreigon\n|-supereffective|p1b: Hydreigon\n|-damage|p1b: Hydreigon|0 fnt\n|faint|p1b: Hydreigon\n|move|p2b: Armarouge|Heat Wave|p1a: Maushold\n|-damage|p1a: Maushold|0 fnt\n|faint|p1a: Maushold\n|\n|-heal|p2a: Bronzong|61\/100|[from] item: Leftovers\n|-heal|p2b: Armarouge|26\/100|[from] item: Leftovers\n|upkeep\n|inactive|Eyyyballs has 120 seconds left.\n|\n|t:|1700830581\n|switch|p1b: Kingambit|Kingambit, F|100\/100\n|switch|p1a: Palafin|Palafin-Hero, M|100\/100\n|-activate|p1a: Palafin|ability: Zero to Hero\n|turn|4\n|\n|t:|1700830591\n|move|p1a: Palafin|Jet Punch|p2b: Armarouge\n|-supereffective|p2b: Armarouge\n|-damage|p2b: Armarouge|0 fnt\n|faint|p2b: Armarouge\n|move|p2a: Bronzong|Body Press|p1b: Kingambit\n|-supereffective|p1b: Kingambit\n|-damage|p1b: Kingambit|0 fnt\n|faint|p1b: Kingambit\n|\n|-heal|p2a: Bronzong|68\/100|[from] item: Leftovers\n|-sideend|p1: Eyyyballs|move: Tailwind\n|upkeep\n|\n|t:|1700830607\n|switch|p1b: Iron Hands|Iron Hands|100\/100\n|switch|p2b: Dipplin|Dipplin, F|100\/100\n|-ability|p2b: Dipplin|Supersweet Syrup\n|-ability|p2b: Dipplin|Supersweet Syrup|boost\n|-unboost|p1a: Palafin|evasion|1\n|-unboost|p1b: Iron Hands|evasion|1\n|-enditem|p1b: Iron Hands|Booster Energy\n|-activate|p1b: Iron Hands|ability: Quark Drive|[fromitem]\n|-start|p1b: Iron Hands|quarkdriveatk\n|turn|5\n|inactive|Eyyyballs has 120 seconds left.\n|inactive|Thehombre has 120 seconds left.\n|\n|t:|1700830659\n|switch|p2b: Great Tusk|Great Tusk|100\/100\n|move|p1b: Iron Hands|Fake Out|p2b: Great Tusk\n|-damage|p2b: Great Tusk|88\/100\n|move|p2a: Bronzong|Body Press|p1a: Palafin\n|-damage|p1a: Palafin|57\/100\n|move|p1a: Palafin|Wave Crash|p2a: Bronzong\n|-damage|p2a: Bronzong|37\/100\n|-damage|p1a: Palafin|47\/100|[from] Recoil\n|\n|-heal|p2a: Bronzong|43\/100|[from] item: Leftovers\n|-heal|p2b: Great Tusk|94\/100|[from] item: Leftovers\n|-fieldend|move: Trick Room\n|upkeep\n|turn|6\n|\n|t:|1700830679\n|move|p1a: Palafin|Wave Crash|p2b: Great Tusk\n|-supereffective|p2b: Great Tusk\n|-damage|p2b: Great Tusk|0 fnt\n|faint|p2b: Great Tusk\n|-end|p2b: Great Tusk|Protosynthesis|[silent]\n|-damage|p1a: Palafin|8\/100|[from] Recoil\n|move|p1b: Iron Hands|Wild Charge|p2a: Bronzong\n|-damage|p2a: Bronzong|14\/100\n|-damage|p1b: Iron Hands|95\/100|[from] Recoil\n|move|p2a: Bronzong|Trick Room|p2a: Bronzong\n|-fieldstart|move: Trick Room|[of] p2a: Bronzong\n|\n|-heal|p2a: Bronzong|21\/100|[from] item: Leftovers\n|upkeep\n|\n|t:|1700830686\n|switch|p2b: Copperajah|Copperajah, F|100\/100\n|turn|7\n|\n|t:|1700830703\n|move|p1a: Palafin|Jet Punch|p2a: Bronzong\n|-damage|p2a: Bronzong|3\/100\n|move|p2a: Bronzong|Body Press|p1a: Palafin\n|-damage|p1a: Palafin|0 fnt\n|faint|p1a: Palafin\n|move|p2b: Copperajah|Curse|p2b: Copperajah\n|-unboost|p2b: Copperajah|spe|1\n|-boost|p2b: Copperajah|atk|1\n|-boost|p2b: Copperajah|def|1\n|move|p1b: Iron Hands|Wild Charge|p2a: Bronzong\n|-damage|p2a: Bronzong|0 fnt\n|faint|p2a: Bronzong\n|-damage|p1b: Iron Hands|95\/100|[from] Recoil\n|\n|upkeep\n|\n|t:|1700830719\n|switch|p2a: Dipplin|Dipplin, F|100\/100\n|switch|p1a: Chi-Yu|Chi-Yu|100\/100\n|-ability|p1a: Chi-Yu|Beads of Ruin\n|turn|8\n|\n|t:|1700830735\n|move|p2b: Copperajah|Rock Slide|p1b: Iron Hands|[spread] p1a,p1b\n|-supereffective|p1a: Chi-Yu\n|-resisted|p1b: Iron Hands\n|-damage|p1a: Chi-Yu|16\/100\n|-damage|p1b: Iron Hands|85\/100\n|move|p2a: Dipplin|Pollen Puff|p1a: Chi-Yu\n|-damage|p1a: Chi-Yu|0 fnt\n|faint|p1a: Chi-Yu\n|cant|p1b: Iron Hands|flinch\n|\n|upkeep\n|turn|9\n|-message|Eyyyballs forfeited.\n|\n|win|Thehombre\n|raw|Eyyyballs's rating: 1036 &rarr; <strong>1025<\/strong><br \/>(-11 for losing)\n|raw|Thehombre's rating: 1137 &rarr; <strong>1155<\/strong><br \/>(+18 for winning)\n|l|\u2606Eyyyballs\n","uploadtime":1700830750,"views":7,"p1id":"eyyyballs","p2id":"thehombre","formatid":"gen9doublesou","rating":1025,"private":0,"password":""}