{"id":"gen9doublesou-1998928562","p1":"blazetime765","p2":"Blank_Playe","format":"[Gen 9] Doubles OU","log":"|j|\u2606blazetime765\n|j|\u2606Blank_Playe\n|t:|1701014216\n|gametype|doubles\n|player|p1|blazetime765|lady-gen4|1003\n|player|p2|Blank_Playe|102|1000\n|teamsize|p1|6\n|teamsize|p2|6\n|gen|9\n|tier|[Gen 9] Doubles OU\n|rated|\n|rule|Species Clause: Limit one of each Pok\u00e9mon\n|rule|OHKO Clause: OHKO moves are banned\n|rule|Evasion Moves Clause: Evasion moves are banned\n|rule|Gravity Sleep Clause: The combination of sleep-inducing moves with imperfect accuracy and Gravity or Gigantamax Orbeetle are banned\n|rule|Endless Battle Clause: Forcing endless battles is banned\n|rule|HP Percentage Mod: HP is shown in percentages\n|clearpoke\n|poke|p1|Farigiraf, F|\n|poke|p1|Bronzong|\n|poke|p1|Iron Valiant|\n|poke|p1|Munkidori, M|\n|poke|p1|Palafin, F|\n|poke|p1|Maushold|\n|poke|p2|Palafin, M|\n|poke|p2|Pelipper, F|\n|poke|p2|Amoonguss, M|\n|poke|p2|Landorus-Therian, M|\n|poke|p2|Orthworm, F|\n|poke|p2|Goodra-Hisui, F|\n|teampreview\n|inactive|Battle timer is ON: inactive players will automatically lose when time's up. (requested by blazetime765)\n|inactive|Blank_Playe has 120 seconds left.\n|\n|t:|1701014247\n|start\n|switch|p1a: Palafin|Palafin, F, shiny|100\/100\n|switch|p1b: Bronzong|Bronzong|100\/100\n|switch|p2a: Landorus|Landorus-Therian, M|100\/100\n|switch|p2b: Palafin|Palafin, M|100\/100\n|-ability|p2a: Landorus|Intimidate|boost\n|-unboost|p1a: Palafin|atk|1\n|-unboost|p1b: Bronzong|atk|1\n|turn|1\n|\n|t:|1701014267\n|detailschange|p2b: Palafin|Palafin-Hero, M\n|switch|p2b: Pelipper|Pelipper, F|100\/100\n|-weather|RainDance|[from] ability: Drizzle|[of] p2b: Pelipper\n|move|p2a: Landorus|Stealth Rock|p1a: Palafin\n|-sidestart|p1: blazetime765|move: Stealth Rock\n|move|p1a: Palafin|Flip Turn|p2a: Landorus\n|-supereffective|p2a: Landorus\n|-damage|p2a: Landorus|52\/100\n|\n|t:|1701014276\n|detailschange|p1a: Palafin|Palafin-Hero, F, shiny\n|switch|p1a: Maushold|Maushold|100\/100|[from] Flip Turn\n|-damage|p1a: Maushold|88\/100|[from] Stealth Rock\n|move|p1b: Bronzong|Future Sight|p2a: Landorus\n|-start|p1b: Bronzong|move: Future Sight\n|\n|-weather|RainDance|[upkeep]\n|upkeep\n|turn|2\n|\n|t:|1701014297\n|switch|p2a: Palafin|Palafin-Hero, M|100\/100\n|-activate|p2a: Palafin|ability: Zero to Hero\n|switch|p2b: Orthworm|Orthworm, F|100\/100\n|-terastallize|p1b: Bronzong|Rock\n|move|p1a: Maushold|Tidy Up|p1a: Maushold\n|-sideend|p1: blazetime765|Stealth Rock\n|-activate|p1a: Maushold|move: Tidy Up\n|-boost|p1a: Maushold|atk|1\n|-boost|p1a: Maushold|spe|1\n|move|p1b: Bronzong|Power Gem|p2b: Orthworm\n|-resisted|p2b: Orthworm\n|-damage|p2b: Orthworm|77\/100\n|\n|-weather|RainDance|[upkeep]\n|-heal|p2b: Orthworm|83\/100|[from] item: Leftovers\n|upkeep\n|turn|3\n|\n|t:|1701014322\n|-terastallize|p2a: Palafin|Water\n|move|p2b: Orthworm|Helping Hand|p2a: Palafin\n|-singleturn|p2a: Palafin|Helping Hand|[of] p2b: Orthworm\n|move|p2a: Palafin|Jet Punch|p1a: Maushold\n|-damage|p1a: Maushold|0 fnt\n|faint|p1a: Maushold\n|move|p1b: Bronzong|Power Gem|p2a: Palafin\n|-damage|p2a: Palafin|67\/100\n|\n|-weather|RainDance|[upkeep]\n|-end|p2a: Palafin|move: Future Sight\n|-damage|p2a: Palafin|11\/100\n|-heal|p2b: Orthworm|89\/100|[from] item: Leftovers\n|upkeep\n|\n|t:|1701014335\n|switch|p1a: Palafin|Palafin-Hero, F, shiny|100\/100\n|-activate|p1a: Palafin|ability: Zero to Hero\n|turn|4\n|\n|t:|1701014357\n|move|p2a: Palafin|Jet Punch|p1b: Bronzong\n|-supereffective|p1b: Bronzong\n|-damage|p1b: Bronzong|0 fnt\n|-damage|p2a: Palafin|0 fnt|[from] item: Rocky Helmet|[of] p1b: Bronzong\n|faint|p1b: Bronzong\n|faint|p2a: Palafin\n|move|p1a: Palafin|Drain Punch|p2b: Orthworm\n|-supereffective|p2b: Orthworm\n|-damage|p2b: Orthworm|55\/100\n|move|p2b: Orthworm|Body Press|p1a: Palafin\n|-damage|p1a: Palafin|71\/100\n|-damage|p2b: Orthworm|39\/100|[from] item: Rocky Helmet|[of] p1a: Palafin\n|\n|-weather|RainDance|[upkeep]\n|-heal|p2b: Orthworm|45\/100|[from] item: Leftovers\n|upkeep\n|\n|t:|1701014381\n|switch|p2a: Landorus|Landorus-Therian, M|52\/100\n|switch|p1b: Iron Valiant|Iron Valiant|100\/100\n|-ability|p2a: Landorus|Intimidate|boost\n|-unboost|p1a: Palafin|atk|1\n|-unboost|p1b: Iron Valiant|atk|1\n|turn|5\n|\n|t:|1701014397\n|move|p2b: Orthworm|Helping Hand|p2a: Landorus\n|-singleturn|p2a: Landorus|Helping Hand|[of] p2b: Orthworm\n|move|p2a: Landorus|Earthquake|p1b: Iron Valiant|[spread] p1a,p1b\n|-heal|p2b: Orthworm|70\/100|[from] ability: Earth Eater|[of] p2a: Landorus\n|-damage|p1a: Palafin|8\/100\n|-damage|p1b: Iron Valiant|24\/100\n|move|p1b: Iron Valiant|Aura Sphere|p2b: Orthworm\n|-supereffective|p2b: Orthworm\n|-damage|p2b: Orthworm|0 fnt\n|faint|p2b: Orthworm\n|move|p1a: Palafin|Ice Punch|p2a: Landorus\n|-supereffective|p2a: Landorus\n|-damage|p2a: Landorus|0 fnt\n|faint|p2a: Landorus\n|\n|-weather|RainDance|[upkeep]\n|upkeep\n|inactive|Blank_Playe has 120 seconds left.\n|\n|t:|1701014418\n|switch|p2a: Goodra|Goodra-Hisui, F|100\/100\n|switch|p2b: Amoonguss|Amoonguss, M|100\/100\n|turn|6\n|inactive|Blank_Playe has 120 seconds left.\n|\n|t:|1701014444\n|move|p1b: Iron Valiant|Future Sight|p2b: Amoonguss\n|-start|p1b: Iron Valiant|move: Future Sight\n|move|p1a: Palafin|Ice Punch|p2b: Amoonguss\n|-supereffective|p2b: Amoonguss\n|-damage|p2b: Amoonguss|57\/100\n|move|p2a: Goodra|Draco Meteor|p1a: Palafin\n|-damage|p1a: Palafin|0 fnt\n|-unboost|p2a: Goodra|spa|2\n|faint|p1a: Palafin\n|move|p2b: Amoonguss|Giga Drain|p1b: Iron Valiant\n|-damage|p1b: Iron Valiant|0 fnt\n|-heal|p2b: Amoonguss|65\/100|[from] drain|[of] p1b: Iron Valiant\n|faint|p1b: Iron Valiant\n|-end|p1b: Iron Valiant|Quark Drive|[silent]\n|\n|-weather|RainDance|[upkeep]\n|-heal|p2b: Amoonguss|72\/100|[from] item: Leftovers\n|upkeep\n|\n|t:|1701014457\n|switch|p1b: Farigiraf|Farigiraf, F|100\/100\n|switch|p1a: Munkidori|Munkidori, M|100\/100\n|turn|7\n|\n|t:|1701014486\n|switch|p2a: Pelipper|Pelipper, F|100\/100\n|move|p1a: Munkidori|U-turn|p2b: Amoonguss\n|-damage|p2b: Amoonguss|59\/100\n|move|p1b: Farigiraf|Hyper Voice|p2b: Amoonguss|[spread] p2a,p2b\n|-damage|p2a: Pelipper|48\/100\n|-damage|p2b: Amoonguss|36\/100\n|move|p2b: Amoonguss|Spore|p1a: Munkidori\n|-status|p1a: Munkidori|slp|[from] move: Spore\n|\n|-weather|RainDance|[upkeep]\n|-heal|p2b: Amoonguss|42\/100|[from] item: Leftovers\n|upkeep\n|turn|8\n|inactive|Blank_Playe has 120 seconds left.\n|\n|t:|1701014517\n|cant|p1a: Munkidori|slp\n|move|p2a: Pelipper|Ice Beam|p1b: Farigiraf\n|-damage|p1b: Farigiraf|81\/100\n|move|p1b: Farigiraf|Hyper Voice|p2b: Amoonguss|[spread] p2a,p2b\n|-damage|p2a: Pelipper|0 fnt\n|-damage|p2b: Amoonguss|19\/100\n|faint|p2a: Pelipper\n|move|p2b: Amoonguss|Spore|p1b: Farigiraf\n|-ability|p1b: Farigiraf|Sap Sipper|boost\n|-boost|p1b: Farigiraf|atk|1\n|\n|-weather|none\n|-end|p2b: Amoonguss|move: Future Sight\n|-supereffective|p2b: Amoonguss\n|-damage|p2b: Amoonguss|0 fnt\n|faint|p2b: Amoonguss\n|upkeep\n|inactive|Blank_Playe has 120 seconds left.\n|\n|t:|1701014533\n|switch|p2a: Goodra|Goodra-Hisui, F|100\/100\n|turn|9\n|\n|t:|1701014542\n|cant|p1a: Munkidori|slp\n|move|p2a: Goodra|Draco Meteor|p1b: Farigiraf\n|-damage|p1b: Farigiraf|24\/100\n|-unboost|p2a: Goodra|spa|2\n|move|p1b: Farigiraf|Future Sight|p2a: Goodra\n|-start|p1b: Farigiraf|move: Future Sight\n|\n|upkeep\n|turn|10\n|\n|t:|1701014556\n|-curestatus|p1a: Munkidori|slp|[msg]\n|move|p1a: Munkidori|U-turn|p2a: Goodra\n|-resisted|p2a: Goodra\n|-crit|p2a: Goodra\n|-damage|p2a: Goodra|91\/100\n|-ability|p2a: Goodra|Gooey\n|-unboost|p1a: Munkidori|spe|1\n|move|p1b: Farigiraf|Dazzling Gleam|p2a: Goodra\n|-damage|p2a: Goodra|81\/100\n|move|p2a: Goodra|Flamethrower|p1b: Farigiraf\n|-damage|p1b: Farigiraf|10\/100\n|\n|upkeep\n|turn|11\n|\n|t:|1701014574\n|move|p1a: Munkidori|Grass Knot|p2a: Goodra\n|-resisted|p2a: Goodra\n|-damage|p2a: Goodra|77\/100\n|-ability|p2a: Goodra|Gooey\n|-unboost|p1a: Munkidori|spe|1\n|move|p1b: Farigiraf|Dazzling Gleam|p2a: Goodra\n|-damage|p2a: Goodra|67\/100\n|move|p2a: Goodra|Flamethrower|p1b: Farigiraf\n|-damage|p1b: Farigiraf|0 fnt\n|faint|p1b: Farigiraf\n|\n|-end|p2a: Goodra|move: Future Sight\n|-resisted|p2a: Goodra\n|-damage|p2a: Goodra|56\/100\n|upkeep\n|turn|12\n|\n|t:|1701014594\n|move|p1a: Munkidori|Future Sight|p2a: Goodra\n|-start|p1a: Munkidori|move: Future Sight\n|move|p2a: Goodra|Draco Meteor|p1a: Munkidori\n|-damage|p1a: Munkidori|70\/100\n|-unboost|p2a: Goodra|spa|2\n|\n|upkeep\n|turn|13\n|\n|t:|1701014603\n|move|p1a: Munkidori|U-turn|p2a: Goodra\n|-resisted|p2a: Goodra\n|-damage|p2a: Goodra|50\/100\n|-ability|p2a: Goodra|Gooey\n|-unboost|p1a: Munkidori|spe|1\n|move|p2a: Goodra|Flamethrower|p1a: Munkidori\n|-damage|p1a: Munkidori|61\/100\n|\n|upkeep\n|turn|14\n|\n|t:|1701014616\n|move|p2a: Goodra|Flamethrower|p1a: Munkidori\n|-damage|p1a: Munkidori|50\/100\n|move|p1a: Munkidori|U-turn|p2a: Goodra\n|-resisted|p2a: Goodra\n|-damage|p2a: Goodra|45\/100\n|-ability|p2a: Goodra|Gooey\n|-unboost|p1a: Munkidori|spe|1\n|\n|-end|p2a: Goodra|move: Future Sight\n|-resisted|p2a: Goodra\n|-damage|p2a: Goodra|33\/100\n|upkeep\n|turn|15\n|\n|t:|1701014628\n|move|p2a: Goodra|Flamethrower|p1a: Munkidori\n|-damage|p1a: Munkidori|40\/100\n|move|p1a: Munkidori|Future Sight|p2a: Goodra\n|-start|p1a: Munkidori|move: Future Sight\n|\n|upkeep\n|turn|16\n|\n|t:|1701014634\n|move|p2a: Goodra|Flamethrower|p1a: Munkidori\n|-damage|p1a: Munkidori|30\/100\n|move|p1a: Munkidori|U-turn|p2a: Goodra\n|-resisted|p2a: Goodra\n|-damage|p2a: Goodra|27\/100\n|-ability|p2a: Goodra|Gooey\n|-unboost|p1a: Munkidori|spe|1\n|\n|upkeep\n|turn|17\n|\n|t:|1701014644\n|move|p2a: Goodra|Flamethrower|p1a: Munkidori\n|-damage|p1a: Munkidori|20\/100\n|-status|p1a: Munkidori|brn\n|move|p1a: Munkidori|U-turn|p2a: Goodra\n|-resisted|p2a: Goodra\n|-damage|p2a: Goodra|25\/100\n|-ability|p2a: Goodra|Gooey\n|-unboost|p1a: Munkidori|spe|1\n|\n|-end|p2a: Goodra|move: Future Sight\n|-resisted|p2a: Goodra\n|-damage|p2a: Goodra|12\/100\n|-damage|p1a: Munkidori|14\/100 brn|[from] brn\n|upkeep\n|turn|18\n|\n|t:|1701014658\n|move|p2a: Goodra|Flamethrower|p1a: Munkidori\n|-damage|p1a: Munkidori|5\/100 brn\n|move|p1a: Munkidori|Future Sight|p2a: Goodra\n|-start|p1a: Munkidori|move: Future Sight\n|\n|-damage|p1a: Munkidori|0 fnt|[from] brn\n|faint|p1a: Munkidori\n|\n|win|Blank_Playe\n|upkeep\n|raw|blazetime765's rating: 1003 &rarr; <strong>1000<\/strong><br \/>(-3 for losing)\n|raw|Blank_Playe's rating: 1000 &rarr; <strong>1040<\/strong><br \/>(+40 for winning)\n|l|\u2606blazetime765\n","uploadtime":1701014690,"views":29,"p1id":"blazetime765","p2id":"blankplaye","formatid":"gen9doublesou","rating":1000,"private":0,"password":""}