{"id":"gen9doublesou-1989762436","p1":"IMGETTINGCOOKED","p2":"SuperBoy51","format":"[Gen 9] Doubles OU","log":"|j|\u2606IMGETTINGCOOKED\n|j|\u2606SuperBoy51\n|t:|1699893597\n|gametype|doubles\n|player|p1|IMGETTINGCOOKED|brycen|1026\n|player|p2|SuperBoy51|lucas-gen4pt|1109\n|teamsize|p1|6\n|teamsize|p2|6\n|gen|9\n|tier|[Gen 9] Doubles OU\n|rated|\n|rule|Species Clause: Limit one of each Pok\u00e9mon\n|rule|OHKO Clause: OHKO moves are banned\n|rule|Evasion Moves Clause: Evasion moves are banned\n|rule|Gravity Sleep Clause: The combination of sleep-inducing moves with imperfect accuracy and Gravity or Gigantamax Orbeetle are banned\n|rule|Endless Battle Clause: Forcing endless battles is banned\n|rule|HP Percentage Mod: HP is shown in percentages\n|clearpoke\n|poke|p1|Zapdos|\n|poke|p1|Grimmsnarl, M|\n|poke|p1|Basculegion-F, F|\n|poke|p1|Goodra-Hisui, M|\n|poke|p1|Politoed, M|\n|poke|p1|Tsareena, F|\n|poke|p2|Grimmsnarl, M|\n|poke|p2|Volcarona, F|\n|poke|p2|Gastrodon, F|\n|poke|p2|Meowscarada, F|\n|poke|p2|Dragonite, F|\n|poke|p2|Corviknight, F|\n|teampreview\n|\n|t:|1699893609\n|start\n|switch|p1a: Gollum|Grimmsnarl, M|100\/100\n|switch|p1b: Tsareena|Tsareena, F|100\/100\n|switch|p2a: Grimmsnarl|Grimmsnarl, M, shiny|100\/100\n|switch|p2b: Corviknight|Corviknight, F, shiny|100\/100\n|turn|1\n|\n|t:|1699893625\n|move|p2a: Grimmsnarl|Taunt||[still]\n|cant|p1b: Tsareena|ability: Queenly Majesty|Taunt|[of] p2a: Grimmsnarl\n|move|p1a: Gollum|Reflect|p1a: Gollum\n|-sidestart|p1: IMGETTINGCOOKED|Reflect\n|move|p2b: Corviknight|Brave Bird|p1b: Tsareena\n|-supereffective|p1b: Tsareena\n|-damage|p1b: Tsareena|26\/100\n|-damage|p2b: Corviknight|77\/100|[from] Recoil\n|move|p1b: Tsareena|U-turn|p2a: Grimmsnarl\n|-damage|p2a: Grimmsnarl|70\/100\n|\n|t:|1699893637\n|switch|p1b: Big Bird|Zapdos|100\/100|[from] U-turn\n|\n|upkeep\n|turn|2\n|\n|t:|1699893654\n|move|p2a: Grimmsnarl|Light Screen|p2a: Grimmsnarl\n|-sidestart|p2: SuperBoy51|move: Light Screen\n|move|p1a: Gollum|Parting Shot|p2b: Corviknight\n|-ability|p2b: Corviknight|Mirror Armor\n|-unboost|p1a: Gollum|atk|1\n|-ability|p2b: Corviknight|Mirror Armor\n|-unboost|p1a: Gollum|spa|1\n|\n|t:|1699893715\n|switch|p1a: Kermit the Frog|Politoed, M|100\/100|[from] Parting Shot\n|-weather|RainDance|[from] ability: Drizzle|[of] p1a: Kermit the Frog\n|move|p1b: Big Bird|Volt Switch|p2b: Corviknight\n|-supereffective|p2b: Corviknight\n|-damage|p2b: Corviknight|17\/100\n|\n|t:|1699893724\n|switch|p1b: Tsareena|Tsareena, F|26\/100|[from] Volt Switch\n|move|p2b: Corviknight|Tailwind|p2b: Corviknight\n|-sidestart|p2: SuperBoy51|move: Tailwind\n|\n|-weather|RainDance|[upkeep]\n|upkeep\n|turn|3\n|inactive|Battle timer is ON: inactive players will automatically lose when time's up. (requested by SuperBoy51)\n|\n|t:|1699893747\n|move|p1a: Kermit the Frog|Protect|p1a: Kermit the Frog\n|-singleturn|p1a: Kermit the Frog|Protect\n|move|p2a: Grimmsnarl|Reflect|p2a: Grimmsnarl\n|-sidestart|p2: SuperBoy51|Reflect\n|move|p2b: Corviknight|Brave Bird|p1b: Tsareena\n|-supereffective|p1b: Tsareena\n|-damage|p1b: Tsareena|0 fnt\n|faint|p1b: Tsareena\n|-damage|p2b: Corviknight|9\/100|[from] Recoil\n|\n|-weather|RainDance|[upkeep]\n|upkeep\n|\n|t:|1699893760\n|switch|p1b: Michael Phelps|Basculegion-F, F|100\/100\n|turn|4\n|\n|t:|1699893784\n|move|p1b: Michael Phelps|Aqua Jet|p2b: Corviknight\n|-damage|p2b: Corviknight|0 fnt\n|faint|p2b: Corviknight\n|move|p2a: Grimmsnarl|Drain Punch|p1a: Kermit the Frog\n|-damage|p1a: Kermit the Frog|83\/100\n|-heal|p2a: Grimmsnarl|81\/100|[from] drain|[of] p1a: Kermit the Frog\n|-enditem|p1a: Kermit the Frog|Eject Button\n|\n|t:|1699893795\n|switch|p1a: Big Bird|Zapdos|100\/100\n|\n|-weather|RainDance|[upkeep]\n|upkeep\n|\n|t:|1699893805\n|switch|p2b: Gastrodon|Gastrodon, F|100\/100\n|turn|5\n|\n|t:|1699893828\n|switch|p1b: Kermit the Frog|Politoed, M|83\/100\n|move|p2a: Grimmsnarl|Drain Punch|p1b: Kermit the Frog\n|-damage|p1b: Kermit the Frog|63\/100\n|-heal|p2a: Grimmsnarl|92\/100|[from] drain|[of] p1b: Kermit the Frog\n|move|p1a: Big Bird|Volt Switch|p2a: Grimmsnarl\n|-damage|p2a: Grimmsnarl|55\/100\n|\n|t:|1699893839\n|switch|p1a: James Murray|Goodra-Hisui, M|100\/100|[from] Volt Switch\n|move|p2b: Gastrodon|Ice Beam|p1a: James Murray\n|-damage|p1a: James Murray|86\/100\n|\n|-weather|RainDance|[upkeep]\n|-sideend|p2: SuperBoy51|move: Tailwind\n|upkeep\n|turn|6\n|\n|t:|1699893861\n|move|p1b: Kermit the Frog|Helping Hand|p1a: James Murray\n|-singleturn|p1a: James Murray|Helping Hand|[of] p1b: Kermit the Frog\n|move|p2a: Grimmsnarl|Drain Punch|p1a: James Murray\n|-supereffective|p1a: James Murray\n|-damage|p1a: James Murray|50\/100\n|-heal|p2a: Grimmsnarl|75\/100|[from] drain|[of] p1a: James Murray\n|move|p1a: James Murray|Flash Cannon|p2a: Grimmsnarl\n|-supereffective|p2a: Grimmsnarl\n|-damage|p2a: Grimmsnarl|0 fnt\n|faint|p2a: Grimmsnarl\n|move|p2b: Gastrodon|Earth Power|p1a: James Murray\n|-supereffective|p1a: James Murray\n|-damage|p1a: James Murray|0 fnt\n|faint|p1a: James Murray\n|\n|-weather|none\n|upkeep\n|\n|t:|1699893877\n|switch|p2a: Meowscarada|Meowscarada, F|100\/100\n|switch|p1a: Gollum|Grimmsnarl, M|100\/100\n|turn|7\n|\n|t:|1699893892\n|switch|p1b: Big Bird|Zapdos|100\/100\n|move|p1a: Gollum|Parting Shot|p2a: Meowscarada\n|-hint|Since gen 7, Dark is immune to Prankster moves.\n|-immune|p2a: Meowscarada\n|move|p2a: Meowscarada|Flower Trick|p1b: Big Bird\n|-start|p2a: Meowscarada|typechange|Grass|[from] ability: Protean\n|-resisted|p1b: Big Bird\n|-crit|p1b: Big Bird\n|-damage|p1b: Big Bird|60\/100\n|-damage|p2a: Meowscarada|91\/100|[from] item: Life Orb\n|move|p2b: Gastrodon|Clear Smog|p1a: Gollum\n|-supereffective|p1a: Gollum\n|-damage|p1a: Gollum|60\/100\n|-clearboost|p1a: Gollum\n|\n|upkeep\n|turn|8\n|\n|t:|1699893920\n|move|p2a: Meowscarada|Protect|p2a: Meowscarada\n|-singleturn|p2a: Meowscarada|Protect\n|move|p1a: Gollum|Parting Shot|p2b: Gastrodon\n|-unboost|p2b: Gastrodon|atk|1\n|-unboost|p2b: Gastrodon|spa|1\n|\n|t:|1699893924\n|switch|p1a: Kermit the Frog|Politoed, M|63\/100|[from] Parting Shot\n|-weather|RainDance|[from] ability: Drizzle|[of] p1a: Kermit the Frog\n|move|p1b: Big Bird|Hurricane|p2a: Meowscarada\n|-activate|p2a: Meowscarada|move: Protect\n|move|p2b: Gastrodon|Muddy Water|p1b: Big Bird|[spread] p1a,p1b\n|-resisted|p1a: Kermit the Frog\n|-damage|p1a: Kermit the Frog|53\/100\n|-damage|p1b: Big Bird|28\/100\n|-unboost|p1b: Big Bird|accuracy|1\n|\n|-weather|RainDance|[upkeep]\n|-sideend|p1: IMGETTINGCOOKED|Reflect\n|upkeep\n|turn|9\n|inactive|SuperBoy51 has 120 seconds left.\n|\n|t:|1699893955\n|-terastallize|p1a: Kermit the Frog|Flying\n|move|p2a: Meowscarada|Play Rough|p1b: Big Bird\n|-damage|p1b: Big Bird|0 fnt\n|faint|p1b: Big Bird\n|-damage|p2a: Meowscarada|81\/100|[from] item: Life Orb\n|move|p1a: Kermit the Frog|Icy Wind|p2b: Gastrodon|[spread] p2a,p2b\n|-supereffective|p2a: Meowscarada\n|-damage|p2a: Meowscarada|63\/100\n|-damage|p2b: Gastrodon|94\/100\n|-unboost|p2a: Meowscarada|spe|1\n|-unboost|p2b: Gastrodon|spe|1\n|move|p2b: Gastrodon|Earth Power|p1a: Kermit the Frog\n|-immune|p1a: Kermit the Frog\n|\n|-weather|RainDance|[upkeep]\n|-sideend|p2: SuperBoy51|move: Light Screen\n|upkeep\n|\n|t:|1699893972\n|switch|p1b: Michael Phelps|Basculegion-F, F|100\/100\n|turn|10\n|\n|t:|1699893983\n|move|p1a: Kermit the Frog|Protect|p1a: Kermit the Frog\n|-singleturn|p1a: Kermit the Frog|Protect\n|move|p1b: Michael Phelps|Last Respects|p2a: Meowscarada\n|-damage|p2a: Meowscarada|0 fnt\n|faint|p2a: Meowscarada\n|move|p2b: Gastrodon|Ice Beam|p1a: Kermit the Frog\n|-activate|p1a: Kermit the Frog|move: Protect\n|\n|-weather|RainDance|[upkeep]\n|-sideend|p2: SuperBoy51|Reflect\n|upkeep\n|\n|t:|1699893993\n|switch|p2a: Dragonite|Dragonite, F|100\/100\n|turn|11\n|\n|t:|1699894017\n|-terastallize|p2a: Dragonite|Water\n|move|p1b: Michael Phelps|Last Respects|p2a: Dragonite\n|-damage|p2a: Dragonite|20\/100\n|move|p2a: Dragonite|Thunder Punch|p1a: Kermit the Frog\n|-supereffective|p1a: Kermit the Frog\n|-damage|p1a: Kermit the Frog|0 fnt\n|faint|p1a: Kermit the Frog\n|move|p2b: Gastrodon|Earth Power|p1b: Michael Phelps\n|-damage|p1b: Michael Phelps|67\/100\n|\n|-weather|RainDance|[upkeep]\n|upkeep\n|\n|t:|1699894027\n|switch|p1a: Gollum|Grimmsnarl, M|60\/100\n|turn|12\n|inactive|SuperBoy51 has 120 seconds left.\n|\n|t:|1699894063\n|move|p1a: Gollum|Fake Out|p2a: Dragonite\n|-damage|p2a: Dragonite|3\/100\n|move|p1b: Michael Phelps|Last Respects|p2b: Gastrodon\n|-damage|p2b: Gastrodon|0 fnt\n|faint|p2b: Gastrodon\n|cant|p2a: Dragonite|flinch\n|\n|-weather|none\n|upkeep\n|\n|t:|1699894071\n|switch|p2b: Volcarona|Volcarona, F|100\/100\n|turn|13\n|\n|t:|1699894084\n|move|p2a: Dragonite|Thunder Punch|p1b: Michael Phelps\n|-supereffective|p1b: Michael Phelps\n|-damage|p1b: Michael Phelps|1\/100\n|move|p2b: Volcarona|Giga Drain|p1b: Michael Phelps\n|-supereffective|p1b: Michael Phelps\n|-damage|p1b: Michael Phelps|0 fnt\n|faint|p1b: Michael Phelps\n|-damage|p2b: Volcarona|91\/100|[from] item: Life Orb\n|move|p1a: Gollum|Play Rough|p2a: Dragonite\n|-damage|p2a: Dragonite|0 fnt\n|faint|p2a: Dragonite\n|\n|upkeep\n|turn|14\n|inactive|SuperBoy51 has 120 seconds left.\n|\n|t:|1699894119\n|move|p2b: Volcarona|Giga Drain|p1a: Gollum\n|-damage|p1a: Gollum|21\/100\n|-heal|p2b: Volcarona|100\/100|[from] drain|[of] p1a: Gollum\n|-damage|p2b: Volcarona|91\/100|[from] item: Life Orb\n|move|p1a: Gollum|Play Rough|p2b: Volcarona\n|-resisted|p2b: Volcarona\n|-damage|p2b: Volcarona|53\/100\n|\n|upkeep\n|turn|15\n|\n|t:|1699894129\n|move|p2b: Volcarona|Giga Drain|p1a: Gollum\n|-damage|p1a: Gollum|0 fnt\n|-heal|p2b: Volcarona|66\/100|[from] drain|[of] p1a: Gollum\n|faint|p1a: Gollum\n|-damage|p2b: Volcarona|56\/100|[from] item: Life Orb\n|\n|win|SuperBoy51\n|raw|IMGETTINGCOOKED's rating: 1026 &rarr; <strong>1015<\/strong><br \/>(-11 for losing)\n|raw|SuperBoy51's rating: 1109 &rarr; <strong>1128<\/strong><br \/>(+19 for winning)\n|l|\u2606SuperBoy51\n","uploadtime":1699894137,"views":9,"p1id":"imgettingcooked","p2id":"superboy51","formatid":"gen9doublesou","rating":1015,"private":0,"password":""}