{"id":"gen9doublesou-1984442047","p1":"dodaitosu22","p2":"2egms","format":"[Gen 9] Doubles OU","log":"|j|\u2606dodaitosu22\n|j|\u26062egms\n|t:|1699264346\n|gametype|doubles\n|player|p1|dodaitosu22|266|1000\n|player|p2|2egms|benga|1000\n|teamsize|p1|6\n|teamsize|p2|6\n|gen|9\n|tier|[Gen 9] Doubles OU\n|rated|\n|rule|Species Clause: Limit one of each Pok\u00e9mon\n|rule|OHKO Clause: OHKO moves are banned\n|rule|Evasion Moves Clause: Evasion moves are banned\n|rule|Gravity Sleep Clause: The combination of sleep-inducing moves with imperfect accuracy and Gravity or Gigantamax Orbeetle are banned\n|rule|Endless Battle Clause: Forcing endless battles is banned\n|rule|HP Percentage Mod: HP is shown in percentages\n|clearpoke\n|poke|p1|Gliscor, M|\n|poke|p1|Torterra, F|\n|poke|p1|Amoonguss, F|\n|poke|p1|Ninetales-Alola, M|\n|poke|p1|Hatterene, F|\n|poke|p1|Ogerpon-Hearthflame, F|\n|poke|p2|Ceruledge, F|\n|poke|p2|Blissey, F|\n|poke|p2|Heatran, M|\n|poke|p2|Iron Valiant|\n|poke|p2|Kingambit, M|\n|poke|p2|Slowking-Galar, F|\n|teampreview\n|\n|t:|1699264375\n|start\n|switch|p1a: Hatterene|Hatterene, F, shiny|100\/100\n|switch|p1b: Torterra|Torterra, F, shiny|100\/100\n|switch|p2a: Eve|Blissey, F|100\/100\n|switch|p2b: Iris|Ceruledge, F|100\/100\n|turn|1\n|\n|t:|1699264399\n|move|p1a: Hatterene|Protect|p1a: Hatterene\n|-singleturn|p1a: Hatterene|Protect\n|move|p2b: Iris|Bulk Up|p2b: Iris\n|-boost|p2b: Iris|atk|1\n|-boost|p2b: Iris|def|1\n|move|p1b: Torterra|Rock Blast|p2b: Iris\n|-supereffective|p2b: Iris\n|-damage|p2b: Iris|85\/100\n|-ability|p2b: Iris|Weak Armor|boost\n|-unboost|p2b: Iris|def|1\n|-boost|p2b: Iris|spe|2\n|-supereffective|p2b: Iris\n|-damage|p2b: Iris|61\/100\n|-ability|p2b: Iris|Weak Armor|boost\n|-unboost|p2b: Iris|def|1\n|-boost|p2b: Iris|spe|2\n|-supereffective|p2b: Iris\n|-damage|p2b: Iris|23\/100\n|-ability|p2b: Iris|Weak Armor|boost\n|-unboost|p2b: Iris|def|1\n|-boost|p2b: Iris|spe|2\n|-hitcount|p2b: Iris|3\n|move|p2a: Eve|Thunder Wave|p1b: Torterra\n|-immune|p1b: Torterra\n|\n|upkeep\n|turn|2\n|c|\u26062egms|MDRRR\n|\n|t:|1699264435\n|move|p2b: Iris|Bitter Blade|p1b: Torterra\n|-supereffective|p1b: Torterra\n|-damage|p1b: Torterra|0 fnt\n|-heal|p2b: Iris|91\/100|[from] drain|[of] p1b: Torterra\n|faint|p1b: Torterra\n|move|p2a: Eve|Hyper Voice|p1a: Hatterene\n|-damage|p1a: Hatterene|80\/100\n|move|p1a: Hatterene|Magic Powder|p1: Torterra|[notarget]\n|-fail|p1a: Hatterene\n|\n|upkeep\n|\n|t:|1699264450\n|switch|p1b: Ogerpon|Ogerpon-Hearthflame, F|100\/100\n|-ability|p1b: Ogerpon|Mold Breaker\n|turn|3\n|\n|t:|1699264464\n|move|p2b: Iris|Bitter Blade|p1a: Hatterene\n|-damage|p1a: Hatterene|3\/100\n|-heal|p2b: Iris|100\/100|[from] drain|[of] p1a: Hatterene\n|move|p1b: Ogerpon|Horn Leech|p2a: Eve\n|-damage|p2a: Eve|70\/100\n|move|p2a: Eve|Thunder Wave|p1b: Ogerpon\n|-status|p1b: Ogerpon|par\n|move|p1a: Hatterene|Magic Powder|p2b: Iris\n|-start|p2b: Iris|typechange|Psychic\n|\n|-heal|p2a: Eve|76\/100|[from] item: Leftovers\n|-activate|p1a: Hatterene|ability: Healer\n|-curestatus|p1b: Ogerpon|par|[msg]\n|upkeep\n|turn|4\n|\n|t:|1699264525\n|move|p2b: Iris|Bulk Up|p2b: Iris\n|-boost|p2b: Iris|atk|1\n|-boost|p2b: Iris|def|1\n|move|p1b: Ogerpon|Stomping Tantrum|p2b: Iris\n|-damage|p2b: Iris|44\/100\n|-ability|p2b: Iris|Weak Armor|boost\n|-unboost|p2b: Iris|def|1\n|move|p2a: Eve|Hyper Voice|p1b: Ogerpon|[spread] p1a,p1b\n|-damage|p1a: Hatterene|0 fnt\n|-damage|p1b: Ogerpon|82\/100\n|faint|p1a: Hatterene\n|\n|-heal|p2a: Eve|83\/100|[from] item: Leftovers\n|upkeep\n|\n|t:|1699264541\n|switch|p1a: Ninetales|Ninetales-Alola, M, shiny|100\/100\n|-weather|Snow|[from] ability: Snow Warning|[of] p1a: Ninetales\n|turn|5\n|\n|t:|1699264559\n|move|p2b: Iris|Bitter Blade|p1a: Ninetales\n|-supereffective|p1a: Ninetales\n|-damage|p1a: Ninetales|0 fnt\n|-heal|p2b: Iris|93\/100|[from] drain|[of] p1a: Ninetales\n|faint|p1a: Ninetales\n|move|p1b: Ogerpon|Stomping Tantrum|p2b: Iris\n|-damage|p2b: Iris|12\/100\n|-ability|p2b: Iris|Weak Armor|boost\n|-unboost|p2b: Iris|def|1\n|move|p2a: Eve|Thunder Wave|p1b: Ogerpon\n|-status|p1b: Ogerpon|par\n|\n|-weather|Snow|[upkeep]\n|-heal|p2a: Eve|89\/100|[from] item: Leftovers\n|upkeep\n|\n|t:|1699264576\n|switch|p1a: Gliscor|Gliscor, M, shiny|100\/100\n|turn|6\n|inactive|Battle timer is ON: inactive players will automatically lose when time's up. (requested by dodaitosu22)\n|l|\u2606dodaitosu22\n|inactive|dodaitosu22 disconnected and has a minute to reconnect!\n|player|p1|\n|\n|t:|1699264649\n|move|p1a: Gliscor|Protect|p1a: Gliscor\n|-singleturn|p1a: Gliscor|Protect\n|move|p2b: Iris|Bulk Up|p2b: Iris\n|-boost|p2b: Iris|atk|1\n|-boost|p2b: Iris|def|1\n|move|p1b: Ogerpon|Ivy Cudgel|p2a: Eve\n|-damage|p2a: Eve|43\/100\n|move|p2a: Eve|Hyper Voice|p1b: Ogerpon|[spread] p1b\n|-activate|p1a: Gliscor|move: Protect\n|-damage|p1b: Ogerpon|63\/100 par\n|\n|-weather|Snow|[upkeep]\n|-heal|p2a: Eve|50\/100|[from] item: Leftovers\n|-status|p1a: Gliscor|tox|[from] item: Toxic Orb\n|upkeep\n|turn|7\n|inactive|dodaitosu22 has 30 seconds to reconnect!\n|inactive|2egms has 120 seconds left.\n|inactive|dodaitosu22 has 20 seconds to reconnect!\n|inactive|dodaitosu22 has 15 seconds to reconnect!\n|inactive|dodaitosu22 has 10 seconds to reconnect!\n|inactive|dodaitosu22 has 5 seconds to reconnect!\n|-message|dodaitosu22 lost due to inactivity.\n|\n|win|2egms\n|raw|dodaitosu22's rating: 1000 &rarr; <strong>1000<\/strong><br \/>(+0 for losing)\n|raw|2egms's rating: 1000 &rarr; <strong>1040<\/strong><br \/>(+40 for winning)\n","uploadtime":1699264736,"views":8,"p1id":"dodaitosu22","p2id":"2egms","formatid":"gen9doublesou","rating":1000,"private":0,"password":""}