{"id":"gen9doublesou-1996399234","p1":"lunarlith","p2":"trinaavega","format":"[Gen 9] Doubles OU","log":"|j|\u2606lunarlith\n|j|\u2606trinaavega\n|t:|1700678318\n|gametype|doubles\n|player|p1|lunarlith|clair|1188\n|player|p2|trinaavega|marley|1326\n|teamsize|p1|6\n|teamsize|p2|6\n|gen|9\n|tier|[Gen 9] Doubles OU\n|rated|\n|rule|Species Clause: Limit one of each Pok\u00e9mon\n|rule|OHKO Clause: OHKO moves are banned\n|rule|Evasion Moves Clause: Evasion moves are banned\n|rule|Gravity Sleep Clause: The combination of sleep-inducing moves with imperfect accuracy and Gravity or Gigantamax Orbeetle are banned\n|rule|Endless Battle Clause: Forcing endless battles is banned\n|rule|HP Percentage Mod: HP is shown in percentages\n|clearpoke\n|poke|p1|Heatran, F|\n|poke|p1|Armarouge, F|\n|poke|p1|Torkoal, M|\n|poke|p1|Amoonguss, M|\n|poke|p1|Chandelure, M|\n|poke|p1|Arcanine-Hisui, F|\n|poke|p2|Cresselia, F|\n|poke|p2|Gliscor, M|\n|poke|p2|Iron Moth|\n|poke|p2|Dragonite, M|\n|poke|p2|Manaphy|\n|poke|p2|Iron Valiant|\n|teampreview\n|inactive|Battle timer is ON: inactive players will automatically lose when time's up. (requested by trinaavega)\n|inactive|lunarlith also wants the timer to be on.\n|\n|t:|1700678343\n|start\n|switch|p1a: Armarouge|Armarouge, F|100\/100\n|switch|p1b: Torkoal|Torkoal, M|100\/100\n|switch|p2a: Cresselia|Cresselia, F, shiny|100\/100\n|switch|p2b: Manaphy|Manaphy|100\/100\n|-weather|SunnyDay|[from] ability: Drought|[of] p1b: Torkoal\n|turn|1\n|\n|t:|1700678374\n|move|p2b: Manaphy|Scald|p1a: Armarouge\n|-supereffective|p1a: Armarouge\n|-damage|p1a: Armarouge|41\/100\n|move|p2a: Cresselia|Psychic|p1b: Torkoal\n|-crit|p1b: Torkoal\n|-damage|p1b: Torkoal|52\/100\n|-unboost|p1b: Torkoal|spd|1\n|move|p1b: Torkoal|Solar Beam||[still]\n|-prepare|p1b: Torkoal|Solar Beam\n|-anim|p1b: Torkoal|Solar Beam|p2b: Manaphy\n|-supereffective|p2b: Manaphy\n|-damage|p2b: Manaphy|38\/100\n|move|p1a: Armarouge|Trick Room|p1a: Armarouge\n|-fieldstart|move: Trick Room|[of] p1a: Armarouge\n|\n|-weather|SunnyDay|[upkeep]\n|upkeep\n|turn|2\n|\n|t:|1700678402\n|move|p1b: Torkoal|Lava Plume|p2a: Cresselia|[spread] p2a,p2b\n|-start|p1a: Armarouge|ability: Flash Fire\n|-resisted|p2b: Manaphy\n|-damage|p2a: Cresselia|77\/100\n|-damage|p2b: Manaphy|17\/100\n|move|p1a: Armarouge|Lava Plume|p2a: Cresselia|[spread] p1b,p2a,p2b\n|-resisted|p1b: Torkoal\n|-resisted|p2b: Manaphy\n|-damage|p1b: Torkoal|11\/100\n|-damage|p2a: Cresselia|36\/100\n|-damage|p2b: Manaphy|0 fnt\n|faint|p2b: Manaphy\n|move|p2a: Cresselia|Trick Room|p2a: Cresselia\n|-fieldend|move: Trick Room\n|\n|-weather|SunnyDay|[upkeep]\n|-heal|p2a: Cresselia|42\/100|[from] item: Leftovers\n|upkeep\n|inactive|trinaavega has 120 seconds left.\n|\n|t:|1700678419\n|switch|p2b: Gliscor|Gliscor, M, shiny|100\/100\n|turn|3\n|\n|t:|1700678442\n|switch|p1b: Heatran|Heatran, F|100\/100\n|move|p2a: Cresselia|Protect|p2a: Cresselia\n|-singleturn|p2a: Cresselia|Protect\n|move|p1a: Armarouge|Wide Guard|p1a: Armarouge\n|-singleturn|p1a: Armarouge|Wide Guard\n|move|p2b: Gliscor|Earthquake|p1b: Heatran|[spread] \n|-activate|p1a: Armarouge|move: Wide Guard\n|-activate|p1b: Heatran|move: Wide Guard\n|-activate|p2a: Cresselia|move: Protect\n|\n|-weather|SunnyDay|[upkeep]\n|-heal|p2a: Cresselia|48\/100|[from] item: Leftovers\n|-status|p2b: Gliscor|tox|[from] item: Toxic Orb\n|upkeep\n|turn|4\n|inactive|lunarlith has 120 seconds left.\n|\n|t:|1700678475\n|switch|p1b: Amoonguss|Amoonguss, M|100\/100\n|move|p2b: Gliscor|Protect|p2b: Gliscor\n|-singleturn|p2b: Gliscor|Protect\n|move|p2a: Cresselia|Psychic|p1a: Armarouge\n|-resisted|p1a: Armarouge\n|-damage|p1a: Armarouge|21\/100\n|-enditem|p1a: Armarouge|Aguav Berry|[eat]\n|-heal|p1a: Armarouge|54\/100|[from] item: Aguav Berry\n|move|p1a: Armarouge|Trick Room|p1a: Armarouge\n|-fieldstart|move: Trick Room|[of] p1a: Armarouge\n|\n|-weather|SunnyDay|[upkeep]\n|-heal|p2a: Cresselia|54\/100|[from] item: Leftovers\n|upkeep\n|turn|5\n|\n|t:|1700678499\n|switch|p1b: Heatran|Heatran, F|100\/100\n|switch|p2b: Dragonite|Dragonite, M|100\/100\n|move|p1a: Armarouge|Lava Plume|p2b: Dragonite|[spread] p2a,p2b\n|-start|p1b: Heatran|ability: Flash Fire\n|-resisted|p2b: Dragonite\n|-damage|p2a: Cresselia|13\/100\n|-damage|p2b: Dragonite|86\/100\n|move|p2a: Cresselia|Trick Room|p2a: Cresselia\n|-fieldend|move: Trick Room\n|\n|-weather|none\n|-heal|p2a: Cresselia|19\/100|[from] item: Leftovers\n|upkeep\n|turn|6\n|\n|t:|1700678522\n|-terastallize|p2b: Dragonite|Normal\n|move|p2b: Dragonite|Extreme Speed|p1a: Armarouge\n|-damage|p1a: Armarouge|9\/100\n|move|p2a: Cresselia|Lunar Blessing|p2a: Cresselia|[spread] p2a,p2b\n|-heal|p2a: Cresselia|44\/100\n|-heal|p2b: Dragonite|100\/100\n|move|p1b: Heatran|Lava Plume|p2b: Dragonite|[spread] p2a,p2b\n|-immune|p1a: Armarouge|[from] ability: Flash Fire\n|-damage|p2a: Cresselia|9\/100\n|-damage|p2b: Dragonite|76\/100\n|-status|p2a: Cresselia|brn\n|move|p1a: Armarouge|Taunt|p2a: Cresselia\n|-start|p2a: Cresselia|move: Taunt\n|\n|-heal|p2a: Cresselia|15\/100 brn|[from] item: Leftovers\n|-damage|p2a: Cresselia|9\/100 brn|[from] brn\n|upkeep\n|turn|7\n|inactive|lunarlith has 120 seconds left.\n|\n|t:|1700678554\n|switch|p2a: Gliscor|Gliscor, M, shiny|100\/100 tox\n|-end|p1a: Armarouge|ability: Flash Fire|[silent]\n|switch|p1a: Chandelure|Chandelure, M|100\/100\n|move|p2b: Dragonite|Extreme Speed|p1a: Chandelure\n|-immune|p1a: Chandelure\n|move|p1b: Heatran|Magma Storm|p2b: Dragonite|[miss]\n|-miss|p1b: Heatran|p2b: Dragonite\n|\n|upkeep\n|turn|8\n|\n|t:|1700678568\n|switch|p2b: Cresselia|Cresselia, F, shiny|9\/100 brn\n|move|p2a: Gliscor|Earthquake|p1a: Chandelure|[spread] p1a,p1b\n|-immune|p2b: Cresselia|[from] ability: Levitate\n|-supereffective|p1a: Chandelure\n|-supereffective|p1b: Heatran\n|-damage|p1a: Chandelure|42\/100\n|-damage|p1b: Heatran|13\/100\n|move|p1b: Heatran|Lava Plume|p2a: Gliscor|[spread] p2a,p2b\n|-start|p1a: Chandelure|ability: Flash Fire\n|-damage|p2a: Gliscor|37\/100 tox\n|-damage|p2b: Cresselia|0 fnt\n|faint|p2b: Cresselia\n|move|p1a: Chandelure|Trick Room|p1a: Chandelure\n|-fieldstart|move: Trick Room|[of] p1a: Chandelure\n|\n|-heal|p1a: Chandelure|48\/100|[from] item: Leftovers\n|-heal|p2a: Gliscor|49\/100 tox|[from] ability: Poison Heal\n|upkeep\n|\n|t:|1700678585\n|switch|p2b: Dragonite|Dragonite, M, tera:Normal|76\/100\n|turn|9\n|\n|t:|1700678609\n|-end|p1b: Heatran|ability: Flash Fire|[silent]\n|switch|p1b: Torkoal|Torkoal, M|11\/100\n|-weather|SunnyDay|[from] ability: Drought|[of] p1b: Torkoal\n|move|p2a: Gliscor|Protect|p2a: Gliscor\n|-singleturn|p2a: Gliscor|Protect\n|move|p2b: Dragonite|Extreme Speed|p1b: Torkoal\n|-damage|p1b: Torkoal|0 fnt\n|faint|p1b: Torkoal\n|move|p1a: Chandelure|Heat Wave|p2a: Gliscor|[spread] p2b\n|-activate|p2a: Gliscor|move: Protect\n|-damage|p2b: Dragonite|6\/100\n|-status|p2b: Dragonite|brn\n|\n|-weather|SunnyDay|[upkeep]\n|-heal|p1a: Chandelure|55\/100|[from] item: Leftovers\n|-heal|p2a: Gliscor|62\/100 tox|[from] ability: Poison Heal\n|-damage|p2b: Dragonite|0 fnt|[from] brn\n|faint|p2b: Dragonite\n|upkeep\n|\n|t:|1700678629\n|switch|p1b: Heatran|Heatran, F|13\/100\n|switch|p2b: Iron Moth|Iron Moth|100\/100\n|-enditem|p2b: Iron Moth|Booster Energy\n|-activate|p2b: Iron Moth|ability: Quark Drive|[fromitem]\n|-start|p2b: Iron Moth|quarkdrivespa\n|turn|10\n|\n|t:|1700678646\n|move|p1b: Heatran|Lava Plume|p2b: Iron Moth|[spread] p2a,p2b\n|-immune|p1a: Chandelure|[from] ability: Flash Fire\n|-resisted|p2b: Iron Moth\n|-damage|p2a: Gliscor|0 fnt\n|-damage|p2b: Iron Moth|72\/100\n|faint|p2a: Gliscor\n|move|p1a: Chandelure|Heat Wave|p2b: Iron Moth\n|-resisted|p2b: Iron Moth\n|-damage|p2b: Iron Moth|19\/100\n|move|p2b: Iron Moth|Acrobatics|p1a: Chandelure\n|-damage|p1a: Chandelure|31\/100\n|\n|-weather|SunnyDay|[upkeep]\n|-heal|p1a: Chandelure|37\/100|[from] item: Leftovers\n|upkeep\n|-message|trinaavega forfeited.\n|\n|win|lunarlith\n|raw|lunarlith's rating: 1188 &rarr; <strong>1222<\/strong><br \/>(+34 for winning)\n|raw|trinaavega's rating: 1326 &rarr; <strong>1298<\/strong><br \/>(-28 for losing)\n|l|\u2606trinaavega\n","uploadtime":1700678665,"views":9,"p1id":"lunarlith","p2id":"trinaavega","formatid":"gen9doublesou","rating":1222,"private":0,"password":""}