{"id":"gen9doublesou-1981793454","p1":"Ravvenn98","p2":"Skinnyfox2017","format":"[Gen 9] Doubles OU","log":"|j|\u2606Ravvenn98\n|j|\u2606Skinnyfox2017\n|t:|1698942061\n|gametype|doubles\n|player|p1|Ravvenn98|steven|1386\n|player|p2|Skinnyfox2017|lucas|1373\n|teamsize|p1|6\n|teamsize|p2|6\n|gen|9\n|tier|[Gen 9] Doubles OU\n|rated|\n|rule|Species Clause: Limit one of each Pok\u00e9mon\n|rule|OHKO Clause: OHKO moves are banned\n|rule|Evasion Moves Clause: Evasion moves are banned\n|rule|Gravity Sleep Clause: The combination of sleep-inducing moves with imperfect accuracy and Gravity or Gigantamax Orbeetle are banned\n|rule|Endless Battle Clause: Forcing endless battles is banned\n|rule|HP Percentage Mod: HP is shown in percentages\n|clearpoke\n|poke|p1|Maushold|\n|poke|p1|Quagsire, M|\n|poke|p1|Dipplin, M|\n|poke|p1|Tornadus, M|\n|poke|p1|Chien-Pao|\n|poke|p1|Volcanion|\n|poke|p2|Iron Moth|\n|poke|p2|Amoonguss, M|\n|poke|p2|Kommo-o, M|\n|poke|p2|Kingambit, M|\n|poke|p2|Azumarill, M|\n|poke|p2|Thundurus-Therian, M|\n|teampreview\n|inactive|Battle timer is ON: inactive players will automatically lose when time's up. (requested by Skinnyfox2017)\n|\n|t:|1698942074\n|start\n|switch|p1a: Maushold|Maushold|100\/100\n|switch|p1b: Chien-Pao|Chien-Pao|100\/100\n|switch|p2a: Thundurus|Thundurus-Therian, M, shiny|100\/100\n|switch|p2b: Amoonguss|Amoonguss, M|100\/100\n|-ability|p1b: Chien-Pao|Sword of Ruin\n|turn|1\n|\n|t:|1698942091\n|-terastallize|p2a: Thundurus|Steel\n|move|p1b: Chien-Pao|Icicle Crash|p2b: Amoonguss\n|-supereffective|p2b: Amoonguss\n|-damage|p2b: Amoonguss|5\/100\n|move|p2a: Thundurus|Thunderbolt|p1b: Chien-Pao\n|-damage|p1b: Chien-Pao|7\/100\n|cant|p2b: Amoonguss|flinch\n|move|p1a: Maushold|Switcheroo|p2a: Thundurus\n|-activate|p1a: Maushold|move: Trick|[of] p2a: Thundurus\n|-item|p2a: Thundurus|Lagging Tail|[from] move: Switcheroo\n|-item|p1a: Maushold|Choice Specs|[from] move: Switcheroo\n|\n|upkeep\n|turn|2\n|\n|t:|1698942115\n|move|p1b: Chien-Pao|Throat Chop|p2a: Thundurus\n|-damage|p2a: Thundurus|14\/100\n|-start|p2a: Thundurus|Throat Chop|[silent]\n|move|p1a: Maushold|Taunt|p2b: Amoonguss\n|-start|p2b: Amoonguss|move: Taunt\n|cant|p2b: Amoonguss|move: Taunt|Spore\n|move|p2a: Thundurus|Volt Switch|p1b: Chien-Pao\n|-damage|p1b: Chien-Pao|0 fnt\n|faint|p1b: Chien-Pao\n|\n|t:|1698942126\n|switch|p2a: Azumarill|Azumarill, M, shiny|100\/100|[from] Volt Switch\n|\n|upkeep\n|\n|t:|1698942135\n|switch|p1b: Tornadus|Tornadus, M|100\/100\n|turn|3\n|\n|t:|1698942151\n|switch|p2b: Thundurus|Thundurus-Therian, M, shiny, tera:Steel|14\/100\n|move|p1b: Tornadus|Bleakwind Storm|p2a: Azumarill|[spread] p2a,p2b\n|-resisted|p2b: Thundurus\n|-damage|p2a: Azumarill|60\/100\n|-damage|p2b: Thundurus|0 fnt\n|-unboost|p2a: Azumarill|spe|1\n|faint|p2b: Thundurus\n|move|p1a: Maushold|Taunt|p2a: Azumarill\n|-start|p2a: Azumarill|move: Taunt\n|move|p2a: Azumarill|Play Rough|p1a: Maushold|[miss]\n|-miss|p2a: Azumarill|p1a: Maushold\n|\n|upkeep\n|\n|t:|1698942162\n|switch|p2b: Iron Moth|Iron Moth, shiny|100\/100\n|-enditem|p2b: Iron Moth|Booster Energy\n|-activate|p2b: Iron Moth|ability: Quark Drive|[fromitem]\n|-start|p2b: Iron Moth|quarkdrivespe\n|turn|4\n|\n|t:|1698942187\n|switch|p1a: Quagsire|Quagsire, M|100\/100\n|move|p1b: Tornadus|Protect|p1b: Tornadus\n|-singleturn|p1b: Tornadus|Protect\n|move|p2b: Iron Moth|Substitute|p2b: Iron Moth\n|-start|p2b: Iron Moth|Substitute\n|-damage|p2b: Iron Moth|76\/100\n|move|p2a: Azumarill|Play Rough|p1b: Tornadus\n|-activate|p1b: Tornadus|move: Protect\n|\n|upkeep\n|turn|5\n|\n|t:|1698942205\n|move|p1b: Tornadus|Swagger|p1a: Quagsire\n|-boost|p1a: Quagsire|atk|2\n|-start|p1a: Quagsire|confusion\n|-enditem|p1a: Quagsire|Lum Berry|[eat]\n|-end|p1a: Quagsire|confusion\n|move|p2b: Iron Moth|Fiery Dance|p1b: Tornadus\n|-damage|p1b: Tornadus|52\/100\n|-boost|p2b: Iron Moth|spa|1\n|move|p2a: Azumarill|Play Rough|p1b: Tornadus\n|-damage|p1b: Tornadus|0 fnt\n|faint|p1b: Tornadus\n|move|p1a: Quagsire|Earthquake|p2a: Azumarill|[spread] p2a,p2b\n|-supereffective|p2b: Iron Moth\n|-end|p2b: Iron Moth|Substitute\n|-damage|p2a: Azumarill|0 fnt\n|faint|p2a: Azumarill\n|\n|upkeep\n|\n|t:|1698942223\n|switch|p1b: Maushold|Maushold|100\/100\n|switch|p2a: Amoonguss|Amoonguss, M|38\/100\n|turn|6\n|\n|t:|1698942244\n|move|p2b: Iron Moth|Sludge Wave|p1b: Maushold|[spread] p2a,p1a,p1b\n|-resisted|p1a: Quagsire\n|-damage|p2a: Amoonguss|0 fnt\n|-damage|p1a: Quagsire|83\/100\n|-damage|p1b: Maushold|38\/100\n|-status|p1a: Quagsire|psn\n|faint|p2a: Amoonguss\n|move|p1b: Maushold|Taunt|p2b: Iron Moth\n|-start|p2b: Iron Moth|move: Taunt\n|move|p1a: Quagsire|Aqua Tail|p2b: Iron Moth\n|-supereffective|p2b: Iron Moth\n|-damage|p2b: Iron Moth|0 fnt\n|faint|p2b: Iron Moth\n|-end|p2b: Iron Moth|Quark Drive|[silent]\n|\n|-damage|p1a: Quagsire|71\/100 psn|[from] psn\n|upkeep\n|\n|t:|1698942248\n|switch|p2b: Kommo-o|Kommo-o, M, shiny|100\/100\n|switch|p2a: Kingambit|Kingambit, M, shiny|100\/100\n|-activate|p2a: Kingambit|ability: Supreme Overlord\n|-start|p2a: Kingambit|fallen4|[silent]\n|turn|7\n|\n|t:|1698942266\n|move|p1b: Maushold|Taunt|p2b: Kommo-o\n|-start|p2b: Kommo-o|move: Taunt\n|cant|p2b: Kommo-o|move: Taunt|Clangorous Soul\n|move|p2a: Kingambit|Swords Dance|p2a: Kingambit\n|-boost|p2a: Kingambit|atk|2\n|move|p1a: Quagsire|Drain Punch|p2a: Kingambit\n|-supereffective|p2a: Kingambit\n|-damage|p2a: Kingambit|0 fnt\n|-heal|p1a: Quagsire|100\/100 psn|[from] drain|[of] p2a: Kingambit\n|faint|p2a: Kingambit\n|-end|p2a: Kingambit|fallen4|[silent]\n|\n|-damage|p1a: Quagsire|88\/100 psn|[from] psn\n|upkeep\n|turn|8\n|-message|Skinnyfox2017 forfeited.\n|\n|win|Ravvenn98\n|raw|Ravvenn98's rating: 1386 &rarr; <strong>1405<\/strong><br \/>(+19 for winning)\n|raw|Skinnyfox2017's rating: 1373 &rarr; <strong>1354<\/strong><br \/>(-19 for losing)\n|l|\u2606Skinnyfox2017\n","uploadtime":1698942284,"views":33,"p1id":"ravvenn98","p2id":"skinnyfox2017","formatid":"gen9doublesou","rating":1354,"private":0,"password":""}