{"id":"gen9doublesou-1997900538","p1":"xr21","p2":"Foster121505","format":"[Gen 9] Doubles OU","log":"|j|\u2606xr21\n|j|\u2606Foster121505\n|t:|1700865315\n|gametype|doubles\n|player|p1|xr21|169|1568\n|player|p2|Foster121505|steven|1474\n|teamsize|p1|6\n|teamsize|p2|6\n|gen|9\n|tier|[Gen 9] Doubles OU\n|rated|\n|rule|Species Clause: Limit one of each Pok\u00e9mon\n|rule|OHKO Clause: OHKO moves are banned\n|rule|Evasion Moves Clause: Evasion moves are banned\n|rule|Gravity Sleep Clause: The combination of sleep-inducing moves with imperfect accuracy and Gravity or Gigantamax Orbeetle are banned\n|rule|Endless Battle Clause: Forcing endless battles is banned\n|rule|HP Percentage Mod: HP is shown in percentages\n|clearpoke\n|poke|p1|Amoonguss, F|\n|poke|p1|Landorus-Therian, M|\n|poke|p1|Diancie|\n|poke|p1|Tyranitar, M|\n|poke|p1|Cresselia, F|\n|poke|p1|Enamorus-Therian, F|\n|poke|p2|Tornadus, M|\n|poke|p2|Iron Hands|\n|poke|p2|Rillaboom, F|\n|poke|p2|Flutter Mane|\n|poke|p2|Ogerpon-Hearthflame, F|\n|poke|p2|Heatran, F|\n|teampreview\n|\n|t:|1700865326\n|start\n|switch|p1a: Landorus|Landorus-Therian, M|100\/100\n|switch|p1b: Cresselia|Cresselia, F|100\/100\n|switch|p2a: Heatran|Heatran, F|100\/100\n|switch|p2b: Tornadus|Tornadus, M|100\/100\n|-ability|p1a: Landorus|Intimidate|boost\n|-unboost|p2a: Heatran|atk|1\n|-unboost|p2b: Tornadus|atk|1\n|turn|1\n|inactive|Battle timer is ON: inactive players will automatically lose when time's up. (requested by xr21)\n|\n|t:|1700865355\n|switch|p2a: Rillaboom|Rillaboom, F|100\/100\n|-fieldstart|move: Grassy Terrain|[from] ability: Grassy Surge|[of] p2a: Rillaboom\n|move|p2b: Tornadus|Tailwind|p2b: Tornadus\n|-sidestart|p2: Foster121505|move: Tailwind\n|move|p1a: Landorus|Earthquake|p2b: Tornadus|[spread] p2a\n|-immune|p1b: Cresselia|[from] ability: Levitate\n|-immune|p2b: Tornadus\n|-resisted|p2a: Rillaboom\n|-damage|p2a: Rillaboom|91\/100\n|move|p1b: Cresselia|Trick Room|p1b: Cresselia\n|-fieldstart|move: Trick Room|[of] p1b: Cresselia\n|\n|-heal|p2a: Rillaboom|97\/100|[from] Grassy Terrain\n|upkeep\n|turn|2\n|\n|t:|1700865374\n|switch|p1a: Enamorus|Enamorus-Therian, F|100\/100\n|move|p2a: Rillaboom|Fake Out|p1a: Enamorus\n|-damage|p1a: Enamorus|90\/100\n|move|p2b: Tornadus|Taunt|p1b: Cresselia\n|-start|p1b: Cresselia|move: Taunt\n|move|p1b: Cresselia|Icy Wind|p2b: Tornadus|[spread] p2a,p2b\n|-supereffective|p2a: Rillaboom\n|-supereffective|p2b: Tornadus\n|-damage|p2a: Rillaboom|85\/100\n|-damage|p2b: Tornadus|82\/100\n|-unboost|p2a: Rillaboom|spe|1\n|\n|-heal|p1a: Enamorus|97\/100|[from] item: Leftovers\n|-heal|p2a: Rillaboom|91\/100|[from] Grassy Terrain\n|upkeep\n|turn|3\n|\n|t:|1700865401\n|switch|p2a: Heatran|Heatran, F|100\/100\n|move|p2b: Tornadus|Sunny Day|p2b: Tornadus\n|-weather|SunnyDay\n|move|p1a: Enamorus|Springtide Storm|p2a: Heatran|[spread] p2b\n|-miss|p1a: Enamorus|p2a: Heatran\n|-damage|p2b: Tornadus|44\/100\n|move|p1b: Cresselia|Icy Wind|p2b: Tornadus|[spread] p2a,p2b\n|-resisted|p2a: Heatran\n|-supereffective|p2b: Tornadus\n|-damage|p2a: Heatran|99\/100\n|-damage|p2b: Tornadus|28\/100\n|-unboost|p2a: Heatran|spe|1\n|\n|-weather|SunnyDay|[upkeep]\n|-heal|p1a: Enamorus|100\/100|[from] item: Leftovers\n|-heal|p2a: Heatran|100\/100|[from] Grassy Terrain\n|upkeep\n|turn|4\n|\n|t:|1700865425\n|switch|p1b: Tyranitar|Tyranitar, M|100\/100\n|-weather|Sandstorm|[from] ability: Sand Stream|[of] p1b: Tyranitar\n|switch|p2b: Rillaboom|Rillaboom, F|91\/100\n|move|p1a: Enamorus|Calm Mind|p1a: Enamorus\n|-boost|p1a: Enamorus|spa|1\n|-boost|p1a: Enamorus|spd|1\n|move|p2a: Heatran|Flash Cannon|p1a: Enamorus\n|-supereffective|p1a: Enamorus\n|-damage|p1a: Enamorus|46\/100\n|\n|-weather|Sandstorm|[upkeep]\n|-damage|p2b: Rillaboom|85\/100|[from] Sandstorm\n|-heal|p1a: Enamorus|52\/100|[from] item: Leftovers\n|-heal|p2b: Rillaboom|91\/100|[from] Grassy Terrain\n|-sideend|p2: Foster121505|move: Tailwind\n|upkeep\n|turn|5\n|inactive|xr21 has 120 seconds left.\n|\n|t:|1700865462\n|switch|p1a: Cresselia|Cresselia, F|100\/100\n|-terastallize|p2a: Heatran|Fairy\n|move|p1b: Tyranitar|Body Press|p2a: Heatran\n|-resisted|p2a: Heatran\n|-damage|p2a: Heatran|89\/100\n|move|p2a: Heatran|Flash Cannon|p1a: Cresselia\n|-damage|p1a: Cresselia|73\/100\n|move|p2b: Rillaboom|Drain Punch|p1b: Tyranitar\n|-supereffective|p1b: Tyranitar\n|-damage|p1b: Tyranitar|41\/100\n|-heal|p2b: Rillaboom|100\/100|[from] drain|[of] p1b: Tyranitar\n|\n|-weather|Sandstorm|[upkeep]\n|-damage|p2a: Heatran|83\/100|[from] Sandstorm\n|-damage|p2b: Rillaboom|94\/100|[from] Sandstorm\n|-heal|p1b: Tyranitar|47\/100|[from] Grassy Terrain\n|-heal|p2a: Heatran|89\/100|[from] Grassy Terrain\n|-heal|p2b: Rillaboom|100\/100|[from] Grassy Terrain\n|-fieldend|move: Trick Room\n|-fieldend|move: Grassy Terrain\n|upkeep\n|turn|6\n|inactive|xr21 has 120 seconds left.\n|\n|t:|1700865491\n|switch|p1b: Enamorus|Enamorus-Therian, F|52\/100\n|move|p2b: Rillaboom|Grassy Glide|p1b: Enamorus\n|-resisted|p1b: Enamorus\n|-damage|p1b: Enamorus|43\/100\n|move|p1a: Cresselia|Lunar Blessing|p1a: Cresselia|[spread] p1a,p1b\n|-heal|p1a: Cresselia|98\/100\n|-heal|p1b: Enamorus|68\/100\n|move|p2a: Heatran|Flash Cannon|p1a: Cresselia\n|-damage|p1a: Cresselia|68\/100\n|\n|-weather|Sandstorm|[upkeep]\n|-damage|p2b: Rillaboom|94\/100|[from] Sandstorm\n|-damage|p2a: Heatran|83\/100|[from] Sandstorm\n|-heal|p1b: Enamorus|74\/100|[from] item: Leftovers\n|upkeep\n|turn|7\n|inactive|xr21 has 120 seconds left.\n|\n|t:|1700865517\n|-terastallize|p1b: Enamorus|Flying\n|move|p2b: Rillaboom|Grassy Glide|p1b: Enamorus\n|-resisted|p1b: Enamorus\n|-damage|p1b: Enamorus|63\/100\n|move|p1a: Cresselia|Lunar Blessing|p1a: Cresselia|[spread] p1a,p1b\n|-heal|p1a: Cresselia|93\/100\n|-heal|p1b: Enamorus|88\/100\n|move|p2a: Heatran|Flash Cannon|p1b: Enamorus\n|-damage|p1b: Enamorus|46\/100\n|move|p1b: Enamorus|Calm Mind|p1b: Enamorus\n|-boost|p1b: Enamorus|spa|1\n|-boost|p1b: Enamorus|spd|1\n|\n|-weather|Sandstorm|[upkeep]\n|-damage|p2b: Rillaboom|88\/100|[from] Sandstorm\n|-damage|p2a: Heatran|77\/100|[from] Sandstorm\n|-heal|p1b: Enamorus|52\/100|[from] item: Leftovers\n|upkeep\n|turn|8\n|\n|t:|1700865539\n|switch|p2b: Tornadus|Tornadus, M|28\/100\n|move|p1a: Cresselia|Lunar Blessing|p1a: Cresselia|[spread] p1a,p1b\n|-heal|p1a: Cresselia|100\/100\n|-heal|p1b: Enamorus|77\/100\n|move|p2a: Heatran|Heat Wave|p1b: Enamorus|[spread] p1a,p1b\n|-damage|p1a: Cresselia|74\/100\n|-damage|p1b: Enamorus|54\/100\n|move|p1b: Enamorus|Calm Mind|p1b: Enamorus\n|-boost|p1b: Enamorus|spa|1\n|-boost|p1b: Enamorus|spd|1\n|\n|-weather|none\n|-heal|p1b: Enamorus|60\/100|[from] item: Leftovers\n|upkeep\n|turn|9\n|inactive|xr21 has 120 seconds left.\n|\n|t:|1700865569\n|move|p2b: Tornadus|Sunny Day|p2b: Tornadus\n|-weather|SunnyDay\n|move|p2a: Heatran|Heat Wave|p1b: Enamorus|[spread] p1a,p1b\n|-damage|p1a: Cresselia|34\/100\n|-damage|p1b: Enamorus|29\/100\n|move|p1b: Enamorus|Springtide Storm|p2a: Heatran|[spread] p2a,p2b\n|-damage|p2a: Heatran|41\/100\n|-damage|p2b: Tornadus|0 fnt\n|faint|p2b: Tornadus\n|move|p1a: Cresselia|Trick Room|p1a: Cresselia\n|-fieldstart|move: Trick Room|[of] p1a: Cresselia\n|\n|-weather|SunnyDay|[upkeep]\n|-heal|p1b: Enamorus|35\/100|[from] item: Leftovers\n|upkeep\n|\n|t:|1700865580\n|switch|p2b: Iron Hands|Iron Hands|100\/100\n|turn|10\n|\n|t:|1700865596\n|switch|p1a: Tyranitar|Tyranitar, M|47\/100\n|-weather|Sandstorm|[from] ability: Sand Stream|[of] p1a: Tyranitar\n|move|p1b: Enamorus|Draining Kiss|p2b: Iron Hands\n|-supereffective|p2b: Iron Hands\n|-damage|p2b: Iron Hands|34\/100\n|-heal|p1b: Enamorus|100\/100|[from] drain|[of] p2b: Iron Hands\n|-enditem|p2b: Iron Hands|Sitrus Berry|[eat]\n|-heal|p2b: Iron Hands|58\/100|[from] item: Sitrus Berry\n|move|p2a: Heatran|Heat Wave|p1b: Enamorus|[spread] p1a,p1b\n|-resisted|p1a: Tyranitar\n|-damage|p1a: Tyranitar|41\/100\n|-damage|p1b: Enamorus|81\/100\n|move|p2b: Iron Hands|Thunder Punch|p1b: Enamorus\n|-supereffective|p1b: Enamorus\n|-damage|p1b: Enamorus|26\/100\n|\n|-weather|Sandstorm|[upkeep]\n|-damage|p2a: Heatran|35\/100|[from] Sandstorm\n|-damage|p2b: Iron Hands|52\/100|[from] Sandstorm\n|-heal|p1b: Enamorus|32\/100|[from] item: Leftovers\n|upkeep\n|turn|11\n|\n|t:|1700865624\n|-end|p2b: Iron Hands|Quark Drive|[silent]\n|switch|p2b: Rillaboom|Rillaboom, F|88\/100\n|-fieldstart|move: Grassy Terrain|[from] ability: Grassy Surge|[of] p2b: Rillaboom\n|move|p1b: Enamorus|Draining Kiss|p2b: Rillaboom\n|-damage|p2b: Rillaboom|57\/100\n|-heal|p1b: Enamorus|59\/100|[from] drain|[of] p2b: Rillaboom\n|move|p1a: Tyranitar|Knock Off|p2b: Rillaboom\n|-damage|p2b: Rillaboom|19\/100\n|-enditem|p2b: Rillaboom|Assault Vest|[from] move: Knock Off|[of] p1a: Tyranitar\n|move|p2a: Heatran|Heat Wave|p1a: Tyranitar|[spread] p1a,p1b\n|-resisted|p1a: Tyranitar\n|-damage|p1a: Tyranitar|33\/100\n|-damage|p1b: Enamorus|39\/100\n|\n|-weather|Sandstorm|[upkeep]\n|-damage|p2a: Heatran|29\/100|[from] Sandstorm\n|-damage|p2b: Rillaboom|13\/100|[from] Sandstorm\n|-heal|p1b: Enamorus|46\/100|[from] item: Leftovers\n|-heal|p1a: Tyranitar|40\/100|[from] Grassy Terrain\n|-heal|p2a: Heatran|35\/100|[from] Grassy Terrain\n|-heal|p2b: Rillaboom|19\/100|[from] Grassy Terrain\n|upkeep\n|turn|12\n|\n|t:|1700865652\n|move|p2b: Rillaboom|Fake Out|p1b: Enamorus\n|-damage|p1b: Enamorus|35\/100\n|cant|p1b: Enamorus|flinch\n|move|p1a: Tyranitar|Knock Off|p2a: Heatran\n|-resisted|p2a: Heatran\n|-damage|p2a: Heatran|18\/100\n|-enditem|p2a: Heatran|Assault Vest|[from] move: Knock Off|[of] p1a: Tyranitar\n|move|p2a: Heatran|Heat Wave|p1a: Tyranitar|[spread] p1a\n|-miss|p2a: Heatran|p1b: Enamorus\n|-resisted|p1a: Tyranitar\n|-damage|p1a: Tyranitar|32\/100\n|\n|-weather|Sandstorm|[upkeep]\n|-damage|p2a: Heatran|12\/100|[from] Sandstorm\n|-damage|p2b: Rillaboom|13\/100|[from] Sandstorm\n|-heal|p1b: Enamorus|42\/100|[from] item: Leftovers\n|-heal|p1a: Tyranitar|38\/100|[from] Grassy Terrain\n|-heal|p2a: Heatran|18\/100|[from] Grassy Terrain\n|-heal|p2b: Rillaboom|19\/100|[from] Grassy Terrain\n|upkeep\n|turn|13\n|c|\u2606Foster121505|...\n|\n|t:|1700865677\n|switch|p1a: Cresselia|Cresselia, F|34\/100\n|move|p1b: Enamorus|Draining Kiss|p2b: Rillaboom\n|-damage|p2b: Rillaboom|0 fnt\n|-heal|p1b: Enamorus|58\/100|[from] drain|[of] p2b: Rillaboom\n|faint|p2b: Rillaboom\n|move|p2a: Heatran|Heat Wave|p1b: Enamorus|[spread] p1a,p1b\n|-damage|p1a: Cresselia|6\/100\n|-damage|p1b: Enamorus|37\/100\n|\n|-weather|Sandstorm|[upkeep]\n|-damage|p2a: Heatran|12\/100|[from] Sandstorm\n|-heal|p1b: Enamorus|43\/100|[from] item: Leftovers\n|-heal|p2a: Heatran|18\/100|[from] Grassy Terrain\n|-fieldend|move: Trick Room\n|upkeep\n|inactive|Foster121505 has 120 seconds left.\n|\n|t:|1700865694\n|switch|p2b: Iron Hands|Iron Hands|52\/100\n|turn|14\n|\n|t:|1700865707\n|switch|p1a: Diancie|Diancie|100\/100\n|switch|p1b: Landorus|Landorus-Therian, M|100\/100\n|-ability|p1b: Landorus|Intimidate|boost\n|-unboost|p2a: Heatran|atk|1\n|-unboost|p2b: Iron Hands|atk|1\n|move|p2b: Iron Hands|Thunder Punch|p1b: Landorus\n|-immune|p1b: Landorus\n|move|p2a: Heatran|Heat Wave|p1a: Diancie|[spread] p1a,p1b\n|-resisted|p1a: Diancie\n|-damage|p1a: Diancie|92\/100\n|-damage|p1b: Landorus|53\/100\n|\n|-weather|none\n|-heal|p2b: Iron Hands|58\/100|[from] Grassy Terrain\n|-heal|p2a: Heatran|24\/100|[from] Grassy Terrain\n|-heal|p1a: Diancie|98\/100|[from] Grassy Terrain\n|upkeep\n|turn|15\n|\n|t:|1700865728\n|switch|p1a: Cresselia|Cresselia, F|6\/100\n|move|p1b: Landorus|Earthquake|p2b: Iron Hands|[spread] p2a,p2b\n|-immune|p1a: Cresselia|[from] ability: Levitate\n|-supereffective|p2b: Iron Hands\n|-damage|p2a: Heatran|5\/100\n|-damage|p2b: Iron Hands|24\/100\n|move|p2b: Iron Hands|Drain Punch|p1a: Cresselia\n|-resisted|p1a: Cresselia\n|-damage|p1a: Cresselia|0 fnt\n|-heal|p2b: Iron Hands|27\/100|[from] drain|[of] p1a: Cresselia\n|faint|p1a: Cresselia\n|move|p2a: Heatran|Flash Cannon|p1b: Landorus\n|-damage|p1b: Landorus|0 fnt\n|faint|p1b: Landorus\n|\n|-heal|p2b: Iron Hands|33\/100|[from] Grassy Terrain\n|-heal|p2a: Heatran|11\/100|[from] Grassy Terrain\n|-fieldend|move: Grassy Terrain\n|upkeep\n|\n|t:|1700865747\n|switch|p1b: Amoonguss|Amoonguss, F|100\/100\n|switch|p1a: Tyranitar|Tyranitar, M|38\/100\n|-weather|Sandstorm|[from] ability: Sand Stream|[of] p1a: Tyranitar\n|turn|16\n|\n|t:|1700865764\n|switch|p1b: Diancie|Diancie|98\/100\n|move|p2b: Iron Hands|Drain Punch|p1a: Tyranitar\n|-supereffective|p1a: Tyranitar\n|-damage|p1a: Tyranitar|0 fnt\n|-heal|p2b: Iron Hands|50\/100|[from] drain|[of] p1a: Tyranitar\n|faint|p1a: Tyranitar\n|move|p2a: Heatran|Heat Wave|p1b: Diancie\n|-resisted|p1b: Diancie\n|-damage|p1b: Diancie|88\/100\n|\n|-weather|Sandstorm|[upkeep]\n|-damage|p2b: Iron Hands|43\/100|[from] Sandstorm\n|-damage|p2a: Heatran|5\/100|[from] Sandstorm\n|upkeep\n|\n|t:|1700865776\n|switch|p1a: Enamorus|Enamorus-Therian, F, tera:Flying|43\/100\n|turn|17\n|\n|t:|1700865788\n|switch|p1a: Amoonguss|Amoonguss, F|100\/100\n|move|p2b: Iron Hands|Thunder Punch|p1a: Amoonguss\n|-resisted|p1a: Amoonguss\n|-damage|p1a: Amoonguss|86\/100\n|move|p2a: Heatran|Flash Cannon|p1b: Diancie\n|-supereffective|p1b: Diancie\n|-damage|p1b: Diancie|13\/100\n|move|p1b: Diancie|Diamond Storm|p2b: Iron Hands|[spread] p2a,p2b\n|-resisted|p2b: Iron Hands\n|-damage|p2a: Heatran|0 fnt\n|-damage|p2b: Iron Hands|35\/100\n|faint|p2a: Heatran\n|\n|-weather|Sandstorm|[upkeep]\n|-damage|p2b: Iron Hands|29\/100|[from] Sandstorm\n|-damage|p1a: Amoonguss|80\/100|[from] Sandstorm\n|-heal|p1a: Amoonguss|86\/100|[from] item: Leftovers\n|upkeep\n|\n|t:|1700865803\n|switch|p2a: Ogerpon|Ogerpon-Hearthflame, F|100\/100\n|-ability|p2a: Ogerpon|Mold Breaker\n|turn|18\n|\n|t:|1700865817\n|move|p2a: Ogerpon|Substitute|p2a: Ogerpon\n|-start|p2a: Ogerpon|Substitute\n|-damage|p2a: Ogerpon|76\/100\n|move|p2b: Iron Hands|Drain Punch|p1b: Diancie\n|-damage|p1b: Diancie|0 fnt\n|-heal|p2b: Iron Hands|33\/100|[from] drain|[of] p1b: Diancie\n|faint|p1b: Diancie\n|move|p1a: Amoonguss|Spore|p2b: Iron Hands\n|-status|p2b: Iron Hands|slp|[from] move: Spore\n|\n|-weather|Sandstorm|[upkeep]\n|-damage|p2a: Ogerpon|70\/100|[from] Sandstorm\n|-damage|p2b: Iron Hands|27\/100 slp|[from] Sandstorm\n|-damage|p1a: Amoonguss|80\/100|[from] Sandstorm\n|-heal|p1a: Amoonguss|86\/100|[from] item: Leftovers\n|upkeep\n|\n|t:|1700865830\n|switch|p1b: Enamorus|Enamorus-Therian, F, tera:Flying|43\/100\n|turn|19\n|\n|t:|1700865842\n|move|p2a: Ogerpon|Ivy Cudgel|p1b: Enamorus|[anim] Ivy Cudgel Fire\n|-damage|p1b: Enamorus|8\/100\n|cant|p2b: Iron Hands|slp\n|move|p1b: Enamorus|Calm Mind|p1b: Enamorus\n|-boost|p1b: Enamorus|spa|1\n|-boost|p1b: Enamorus|spd|1\n|move|p1a: Amoonguss|Pollen Puff|p1b: Enamorus\n|-heal|p1b: Enamorus|58\/100\n|\n|-weather|Sandstorm|[upkeep]\n|-damage|p2a: Ogerpon|64\/100|[from] Sandstorm\n|-damage|p2b: Iron Hands|21\/100 slp|[from] Sandstorm\n|-damage|p1a: Amoonguss|80\/100|[from] Sandstorm\n|-heal|p1b: Enamorus|64\/100|[from] item: Leftovers\n|-heal|p1a: Amoonguss|86\/100|[from] item: Leftovers\n|upkeep\n|turn|20\n|\n|t:|1700865865\n|move|p2a: Ogerpon|Ivy Cudgel|p1b: Enamorus|[anim] Ivy Cudgel Fire\n|-crit|p1b: Enamorus\n|-damage|p1b: Enamorus|12\/100\n|cant|p2b: Iron Hands|slp\n|move|p1b: Enamorus|Springtide Storm|p2b: Iron Hands|[spread] p2a,p2b\n|-resisted|p2a: Ogerpon\n|-end|p2a: Ogerpon|Substitute\n|-supereffective|p2b: Iron Hands\n|-damage|p2b: Iron Hands|0 fnt\n|faint|p2b: Iron Hands\n|-end|p2b: Iron Hands|Quark Drive|[silent]\n|move|p1a: Amoonguss|Pollen Puff|p1b: Enamorus\n|-heal|p1b: Enamorus|62\/100\n|\n|-weather|none\n|-heal|p1b: Enamorus|69\/100|[from] item: Leftovers\n|-heal|p1a: Amoonguss|93\/100|[from] item: Leftovers\n|upkeep\n|inactive|Foster121505 has 120 seconds left.\n|\n|t:|1700865882\n|switch|p2b: Flutter Mane|Flutter Mane|100\/100\n|turn|21\n|\n|t:|1700865898\n|move|p1a: Amoonguss|Rage Powder|p1a: Amoonguss\n|-singleturn|p1a: Amoonguss|move: Rage Powder\n|move|p2b: Flutter Mane|Power Gem|p1a: Amoonguss\n|-damage|p1a: Amoonguss|75\/100\n|move|p2a: Ogerpon|Ivy Cudgel|p1b: Enamorus|[anim] Ivy Cudgel Fire\n|-damage|p1b: Enamorus|34\/100\n|move|p1b: Enamorus|Springtide Storm|p2a: Ogerpon|[spread] p2a,p2b\n|-resisted|p2a: Ogerpon\n|-damage|p2a: Ogerpon|37\/100\n|-damage|p2b: Flutter Mane|56\/100\n|-unboost|p2a: Ogerpon|atk|1\n|\n|-heal|p1b: Enamorus|41\/100|[from] item: Leftovers\n|-heal|p1a: Amoonguss|81\/100|[from] item: Leftovers\n|upkeep\n|turn|22\n|\n|t:|1700865928\n|move|p1a: Amoonguss|Rage Powder|p1a: Amoonguss\n|-singleturn|p1a: Amoonguss|move: Rage Powder\n|move|p2b: Flutter Mane|Shadow Ball|p1a: Amoonguss\n|-damage|p1a: Amoonguss|54\/100\n|move|p2a: Ogerpon|Ivy Cudgel|p1a: Amoonguss|[anim] Ivy Cudgel Fire\n|-supereffective|p1a: Amoonguss\n|-crit|p1a: Amoonguss\n|-damage|p1a: Amoonguss|0 fnt\n|faint|p1a: Amoonguss\n|move|p1b: Enamorus|Springtide Storm|p2a: Ogerpon|[spread] p2a,p2b\n|-resisted|p2a: Ogerpon\n|-damage|p2a: Ogerpon|9\/100\n|-damage|p2b: Flutter Mane|10\/100\n|-unboost|p2a: Ogerpon|atk|1\n|\n|-heal|p1b: Enamorus|47\/100|[from] item: Leftovers\n|upkeep\n|turn|23\n|\n|t:|1700865948\n|move|p2a: Ogerpon|Spiky Shield|p2a: Ogerpon\n|-singleturn|p2a: Ogerpon|move: Protect\n|move|p2b: Flutter Mane|Power Gem|p1b: Enamorus\n|-supereffective|p1b: Enamorus\n|-damage|p1b: Enamorus|7\/100\n|move|p1b: Enamorus|Springtide Storm|p2a: Ogerpon|[spread] p2b\n|-activate|p2a: Ogerpon|move: Protect\n|-damage|p2b: Flutter Mane|0 fnt\n|faint|p2b: Flutter Mane\n|-end|p2b: Flutter Mane|Protosynthesis|[silent]\n|\n|-heal|p1b: Enamorus|13\/100|[from] item: Leftovers\n|upkeep\n|turn|24\n|\n|t:|1700865963\n|move|p2a: Ogerpon|Ivy Cudgel|p1b: Enamorus|[anim] Ivy Cudgel Fire\n|-damage|p1b: Enamorus|0 fnt\n|faint|p1b: Enamorus\n|\n|win|Foster121505\n|raw|xr21's rating: 1568 &rarr; <strong>1543<\/strong><br \/>(-25 for losing)\n|raw|Foster121505's rating: 1474 &rarr; <strong>1499<\/strong><br \/>(+25 for winning)\n|l|\u2606xr21\n","uploadtime":1700865977,"views":11,"p1id":"xr21","p2id":"foster121505","formatid":"gen9doublesou","rating":1499,"private":0,"password":""}