{"id":"gen9doublesou-1999243015","p1":"Kuzwa","p2":"Rainydayrobber521","format":"[Gen 9] Doubles OU","log":"|j|\u2606Kuzwa\n|j|\u2606Rainydayrobber521\n|t:|1701049842\n|gametype|doubles\n|player|p1|Kuzwa|pokemonbreeder-gen4|1202\n|player|p2|Rainydayrobber521|burglar|1180\n|teamsize|p1|6\n|teamsize|p2|6\n|gen|9\n|tier|[Gen 9] Doubles OU\n|rated|\n|rule|Species Clause: Limit one of each Pok\u00e9mon\n|rule|OHKO Clause: OHKO moves are banned\n|rule|Evasion Moves Clause: Evasion moves are banned\n|rule|Gravity Sleep Clause: The combination of sleep-inducing moves with imperfect accuracy and Gravity or Gigantamax Orbeetle are banned\n|rule|Endless Battle Clause: Forcing endless battles is banned\n|rule|HP Percentage Mod: HP is shown in percentages\n|clearpoke\n|poke|p1|Gallade, M|\n|poke|p1|Glimmora, M|\n|poke|p1|Chien-Pao|\n|poke|p1|Sableye, M|\n|poke|p1|Iron Bundle|\n|poke|p1|Ogerpon-Wellspring, F|\n|poke|p2|Samurott-Hisui, M|\n|poke|p2|Thundurus, M|\n|poke|p2|Okidogi, M|\n|poke|p2|Garganacl, F|\n|poke|p2|Rotom-Wash|\n|poke|p2|Moltres|\n|teampreview\n|\n|t:|1701049853\n|start\n|switch|p1a: Castro|Glimmora, M|100\/100\n|switch|p1b: Rango|Sableye, M|100\/100\n|switch|p2a: Okidogi|Okidogi, M|100\/100\n|switch|p2b: Moltres|Moltres|100\/100\n|-item|p1a: Castro|Air Balloon\n|turn|1\n|\n|t:|1701049861\n|move|p1b: Rango|Will-O-Wisp|p2a: Okidogi\n|-status|p2a: Okidogi|brn\n|move|p2b: Moltres|Tailwind|p2b: Moltres\n|-sidestart|p2: Rainydayrobber521|move: Tailwind\n|move|p2a: Okidogi|Brick Break|p1a: Castro\n|-damage|p1a: Castro|76\/100\n|-activate|p1a: Castro|ability: Toxic Debris\n|-sidestart|p2: Rainydayrobber521|move: Toxic Spikes\n|-enditem|p1a: Castro|Air Balloon\n|move|p1a: Castro|Power Gem|p2b: Moltres\n|-supereffective|p2b: Moltres\n|-damage|p2b: Moltres|0 fnt\n|faint|p2b: Moltres\n|\n|-damage|p2a: Okidogi|95\/100 brn|[from] brn\n|upkeep\n|\n|t:|1701049881\n|switch|p2b: Garganacl|Garganacl, F|100\/100\n|turn|2\n|\n|t:|1701049889\n|switch|p2a: Thundurus|Thundurus, M|100\/100\n|move|p1b: Rango|Will-O-Wisp|p2b: Garganacl\n|-immune|p2b: Garganacl|[from] ability: Purifying Salt\n|move|p1a: Castro|Energy Ball|p2b: Garganacl\n|-supereffective|p2b: Garganacl\n|-damage|p2b: Garganacl|42\/100\n|move|p2b: Garganacl|Stealth Rock|p1b: Rango\n|-sidestart|p1: Kuzwa|move: Stealth Rock\n|\n|-heal|p2b: Garganacl|48\/100|[from] item: Leftovers\n|upkeep\n|turn|3\n|\n|t:|1701049911\n|move|p2a: Thundurus|Rain Dance|p2a: Thundurus\n|-weather|RainDance\n|move|p1b: Rango|Will-O-Wisp|p2a: Thundurus\n|-status|p2a: Thundurus|brn\n|move|p1a: Castro|Power Gem|p2a: Thundurus\n|-supereffective|p2a: Thundurus\n|-damage|p2a: Thundurus|29\/100 brn\n|move|p2b: Garganacl|Salt Cure|p1a: Castro\n|-damage|p1a: Castro|53\/100\n|-start|p1a: Castro|Salt Cure\n|-activate|p1a: Castro|ability: Toxic Debris\n|-sidestart|p2: Rainydayrobber521|move: Toxic Spikes\n|\n|-weather|RainDance|[upkeep]\n|-heal|p2b: Garganacl|54\/100|[from] item: Leftovers\n|-damage|p2a: Thundurus|23\/100 brn|[from] brn\n|-damage|p1a: Castro|41\/100|[from] Salt Cure\n|upkeep\n|turn|4\n|\n|t:|1701049935\n|move|p1b: Rango|Helping Hand|p1a: Castro\n|-singleturn|p1a: Castro|Helping Hand|[of] p1b: Rango\n|move|p2a: Thundurus|Wildbolt Storm|p1a: Castro|[spread] p1a,p1b\n|-damage|p1a: Castro|0 fnt\n|-damage|p1b: Rango|49\/100\n|faint|p1a: Castro\n|move|p2b: Garganacl|Salt Cure|p1b: Rango\n|-damage|p1b: Rango|32\/100\n|-start|p1b: Rango|Salt Cure\n|\n|-weather|RainDance|[upkeep]\n|-heal|p2b: Garganacl|60\/100|[from] item: Leftovers\n|-damage|p2a: Thundurus|17\/100 brn|[from] brn\n|-damage|p1b: Rango|19\/100|[from] Salt Cure\n|-sideend|p2: Rainydayrobber521|move: Tailwind\n|upkeep\n|\n|t:|1701049953\n|switch|p1a: Astro|Gallade, M|100\/100\n|-damage|p1a: Astro|94\/100|[from] Stealth Rock\n|turn|5\n|\n|t:|1701049968\n|move|p1b: Rango|Taunt|p2a: Thundurus\n|-start|p2a: Thundurus|move: Taunt\n|move|p1a: Astro|Sacred Sword|p2b: Garganacl\n|-supereffective|p2b: Garganacl\n|-damage|p2b: Garganacl|0 fnt\n|faint|p2b: Garganacl\n|move|p2a: Thundurus|Wildbolt Storm|p1b: Rango|[spread] p1a,p1b\n|-damage|p1a: Astro|62\/100\n|-damage|p1b: Rango|0 fnt\n|faint|p1b: Rango\n|\n|-weather|RainDance|[upkeep]\n|-damage|p2a: Thundurus|11\/100 brn|[from] brn\n|upkeep\n|\n|t:|1701049988\n|switch|p1b: Eon|Chien-Pao|100\/100\n|switch|p2b: Samurott|Samurott-Hisui, M|100\/100\n|-damage|p1b: Eon|76\/100|[from] Stealth Rock\n|-ability|p1b: Eon|Sword of Ruin\n|-status|p2b: Samurott|tox\n|turn|6\n|inactive|Battle timer is ON: inactive players will automatically lose when time's up. (requested by Kuzwa)\n|\n|t:|1701050001\n|-terastallize|p2b: Samurott|Water\n|move|p1b: Eon|Sucker Punch|p2a: Thundurus\n|-crit|p2a: Thundurus\n|-damage|p2a: Thundurus|0 fnt\n|faint|p2a: Thundurus\n|move|p1a: Astro|Sacred Sword|p2b: Samurott\n|-damage|p2b: Samurott|15\/100 tox\n|move|p2b: Samurott|Sacred Sword|p1b: Eon\n|-supereffective|p1b: Eon\n|-damage|p1b: Eon|0 fnt\n|faint|p1b: Eon\n|\n|-weather|RainDance|[upkeep]\n|-damage|p2b: Samurott|8\/100 tox|[from] psn\n|upkeep\n|\n|t:|1701050018\n|switch|p1b: Tango|Iron Bundle|100\/100\n|switch|p2a: Rotom|Rotom-Wash|100\/100\n|-damage|p1b: Tango|76\/100|[from] Stealth Rock\n|-enditem|p1b: Tango|Booster Energy\n|-activate|p1b: Tango|ability: Quark Drive|[fromitem]\n|-start|p1b: Tango|quarkdrivespa\n|turn|7\n|\n|t:|1701050030\n|move|p1b: Tango|Protect|p1b: Tango\n|-singleturn|p1b: Tango|Protect\n|move|p1a: Astro|Leaf Blade|p2a: Rotom\n|-supereffective|p2a: Rotom\n|-damage|p2a: Rotom|0 fnt\n|faint|p2a: Rotom\n|move|p2b: Samurott|Aqua Cutter|p1a: Astro\n|-damage|p1a: Astro|0 fnt\n|faint|p1a: Astro\n|\n|-weather|none\n|-damage|p2b: Samurott|0 fnt|[from] psn\n|faint|p2b: Samurott\n|upkeep\n|\n|t:|1701050037\n|switch|p1a: Neon|Ogerpon-Wellspring, F|100\/100\n|switch|p2b: Okidogi|Okidogi, M|95\/100 brn\n|-damage|p1a: Neon|88\/100|[from] Stealth Rock\n|-sideend|p2: Rainydayrobber521|move: Toxic Spikes|[of] p2b: Okidogi\n|turn|8\n|\n|t:|1701050056\n|-terastallize|p1b: Tango|Water\n|move|p1b: Tango|Hydro Pump|p2b: Okidogi|[miss]\n|-miss|p1b: Tango|p2b: Okidogi\n|move|p1a: Neon|Swords Dance|p1a: Neon\n|-boost|p1a: Neon|atk|2\n|move|p2b: Okidogi|Thunder Punch|p1b: Tango\n|-supereffective|p1b: Tango\n|-damage|p1b: Tango|38\/100\n|\n|-damage|p2b: Okidogi|89\/100 brn|[from] brn\n|upkeep\n|turn|9\n|\n|t:|1701050071\n|move|p1b: Tango|Hydro Pump|p2b: Okidogi\n|-damage|p2b: Okidogi|0 fnt\n|faint|p2b: Okidogi\n|\n|win|Kuzwa\n|raw|Kuzwa's rating: 1202 &rarr; <strong>1225<\/strong><br \/>(+23 for winning)\n|raw|Rainydayrobber521's rating: 1180 &rarr; <strong>1157<\/strong><br \/>(-23 for losing)\n","uploadtime":1701050077,"views":6,"p1id":"kuzwa","p2id":"rainydayrobber521","formatid":"gen9doublesou","rating":1157,"private":0,"password":""}