{"id":"gen9doublesou-1973380561","p1":"SpiderOmar","p2":"Nakopow","format":"[Gen 9] Doubles OU","log":"|j|\u2606SpiderOmar\n|j|\u2606Nakopow\n|t:|1697965312\n|gametype|doubles\n|player|p1|SpiderOmar|riley|\n|player|p2|Nakopow|169|\n|teamsize|p1|6\n|teamsize|p2|6\n|gen|9\n|tier|[Gen 9] Doubles OU\n|rule|Species Clause: Limit one of each Pok\u00e9mon\n|rule|OHKO Clause: OHKO moves are banned\n|rule|Evasion Moves Clause: Evasion moves are banned\n|rule|Gravity Sleep Clause: The combination of sleep-inducing moves with imperfect accuracy and Gravity or Gigantamax Orbeetle are banned\n|rule|Endless Battle Clause: Forcing endless battles is banned\n|rule|HP Percentage Mod: HP is shown in percentages\n|clearpoke\n|poke|p1|Okidogi, M|\n|poke|p1|Flutter Mane|\n|poke|p1|Ogerpon-Hearthflame, F|\n|poke|p1|Ursaluna-Bloodmoon, M|\n|poke|p1|Amoonguss, F|\n|poke|p1|Torkoal, M|\n|poke|p2|Rillaboom, M|\n|poke|p2|Ursaluna, M|\n|poke|p2|Cresselia, F|\n|poke|p2|Volcanion|\n|poke|p2|Flutter Mane|\n|poke|p2|Kleavor, F|\n|teampreview\n|c|\u2606SpiderOmar|glhf\n|c|\u2606Nakopow|oonga boonga ursaluna\n|c|\u2606SpiderOmar|bear vs bear\n|inactive|Battle timer is ON: inactive players will automatically lose when time's up. (requested by Nakopow)\n|c|\u2606Nakopow|mine better\n|c|\u2606Nakopow|because he has guts fr\n|j| serfer123451\n|c|\u2606Nakopow|omg its serfer\n|inactive|SpiderOmar has 270 seconds left.\n|c|\u2606SpiderOmar|ok that was a good one\n|\n|t:|1697965382\n|start\n|switch|p1a: Flutter Mane|Flutter Mane|100\/100\n|switch|p1b: Okidogi|Okidogi, M|100\/100\n|switch|p2a: Rillaboom|Rillaboom, M|100\/100\n|switch|p2b: Kleavor|Kleavor, F|100\/100\n|-fieldstart|move: Grassy Terrain|[from] ability: Grassy Surge|[of] p2a: Rillaboom\n|turn|1\n|j| MythAst\n|c| MythAst|Oooh baby I love you\n|inactive|SpiderOmar has 270 seconds left.\n|c|\u2606Nakopow|i love you too hehe\n|c| serfer123451|i hv seen nako s team smwhere\n|c|\u2606Nakopow|its a basic sample team\n|c|\u2606Nakopow|didnt wanna get fancy with it because lazy\n|inactive|SpiderOmar has 240 seconds left.\n|c| serfer123451|yea prolly battled it while practice matches\n|\n|t:|1697965450\n|-end|p1a: Flutter Mane|Protosynthesis|[silent]\n|switch|p1a: Amoonguss|Amoonguss, F|100\/100\n|move|p2a: Rillaboom|Fake Out|p1b: Okidogi\n|-damage|p1b: Okidogi|89\/100\n|move|p2b: Kleavor|Stone Axe|p1a: Amoonguss\n|-damage|p1a: Amoonguss|60\/100\n|-sidestart|p1: SpiderOmar|move: Stealth Rock\n|cant|p1b: Okidogi|flinch\n|\n|-heal|p1b: Okidogi|95\/100|[from] Grassy Terrain\n|-heal|p1a: Amoonguss|67\/100|[from] Grassy Terrain\n|upkeep\n|turn|2\n|c| MythAst|No one other than Omar actually makes teams\n|c| MythAst|Tejas lets do our battle?\n|c|\u2606SpiderOmar|this is my first time making a team fyi\n|c|\u2606SpiderOmar|in a tour that is\n|inactive|SpiderOmar has 240 seconds left.\n|c| MythAst|Demn nice\n|c| serfer123451|ye lets do it xD\n|c| MythAst|u did a good job\n|inactive|Nakopow has 270 seconds left.\n|c| serfer123451|1sec imma send\n|c| MythAst|Aight\n|c|\u2606SpiderOmar|all because of pettiness due to trick room\n|inactive|SpiderOmar has 210 seconds left.\n|inactive|Nakopow has 240 seconds left.\n|\n|t:|1697965517\n|switch|p2a: Cresselia|Cresselia, F|100\/100\n|move|p2b: Kleavor|Stone Axe|p1a: Amoonguss\n|-damage|p1a: Amoonguss|27\/100\n|-enditem|p1a: Amoonguss|Sitrus Berry|[eat]\n|-heal|p1a: Amoonguss|52\/100|[from] item: Sitrus Berry\n|move|p1b: Okidogi|Gunk Shot|p2a: Cresselia\n|-damage|p2a: Cresselia|55\/100\n|move|p1a: Amoonguss|Spore|p2b: Kleavor\n|-status|p2b: Kleavor|slp|[from] move: Spore\n|\n|-heal|p1b: Okidogi|100\/100|[from] Grassy Terrain\n|-heal|p1a: Amoonguss|58\/100|[from] Grassy Terrain\n|upkeep\n|turn|3\n|inactive|SpiderOmar has 210 seconds left.\n|inactive|Nakopow has 240 seconds left.\n|c| MythAst|Omar but idk why use torkoal without tr\n|c|\u2606Nakopow|hmmm\n|inactive|SpiderOmar has 180 seconds left.\n|\n|t:|1697965587\n|switch|p1b: Ogerpon|Ogerpon-Hearthflame, F|100\/100\n|-damage|p1b: Ogerpon|76\/100|[from] Stealth Rock\n|-ability|p1b: Ogerpon|Mold Breaker\n|cant|p2b: Kleavor|slp\n|move|p1a: Amoonguss|Spore|p2a: Cresselia\n|-activate|p2a: Cresselia|item: Safety Goggles|Spore\n|move|p2a: Cresselia|Trick Room|p2a: Cresselia\n|-fieldstart|move: Trick Room|[of] p2a: Cresselia\n|\n|-heal|p1a: Amoonguss|64\/100|[from] Grassy Terrain\n|-heal|p1b: Ogerpon|82\/100|[from] Grassy Terrain\n|upkeep\n|turn|4\n|l| serfer123451\n|inactive|SpiderOmar has 180 seconds left.\n|inactive|Nakopow has 240 seconds left.\n|c|\u2606Nakopow|kleavor suffering rn\n|inactive|SpiderOmar has 150 seconds left.\n|\n|t:|1697965638\n|switch|p1a: Flutter Mane|Flutter Mane|100\/100\n|-damage|p1a: Flutter Mane|88\/100|[from] Stealth Rock\n|switch|p2b: Ursaluna|Ursaluna, M|100\/100\n|move|p2a: Cresselia|Psychic|p1a: Flutter Mane\n|-damage|p1a: Flutter Mane|67\/100\n|-unboost|p1a: Flutter Mane|spd|1\n|move|p1b: Ogerpon|Horn Leech|p2a: Cresselia\n|-damage|p2a: Cresselia|19\/100\n|-heal|p1b: Ogerpon|100\/100|[from] drain|[of] p2a: Cresselia\n|\n|-heal|p1a: Flutter Mane|73\/100|[from] Grassy Terrain\n|-status|p2b: Ursaluna|brn|[from] item: Flame Orb\n|upkeep\n|turn|5\n|l|\u2606SpiderOmar\n|inactive|SpiderOmar disconnected and has 300 seconds to reconnect!\n|player|p1|\n|inactive|Nakopow has 240 seconds left.\n|c|\u2606Nakopow|what happened to bro\n|inactive|SpiderOmar has 270 seconds to reconnect!\n|j|\u2606SpiderOmar\n|inactive|SpiderOmar reconnected and has 170 seconds left.\n|player|p1|SpiderOmar|riley\n|c|\u2606SpiderOmar|i apologise for my shitty connection\n|c|\u2606Nakopow|np np\n|inactive|SpiderOmar has 150 seconds left.\n|c|\u2606SpiderOmar|anws ogerpon kills bear\n|\n|t:|1697965710\n|-terastallize|p2b: Ursaluna|Normal\n|move|p1b: Ogerpon|Protect|p1b: Ogerpon\n|-singleturn|p1b: Ogerpon|Protect\n|move|p2a: Cresselia|Ally Switch|p2a: Cresselia\n|swap|p2a: Cresselia|1|[from] move: Ally Switch\n|move|p2a: Ursaluna|Headlong Rush|p1a: Flutter Mane\n|-damage|p1a: Flutter Mane|0 fnt\n|-unboost|p2a: Ursaluna|def|1\n|-unboost|p2a: Ursaluna|spd|1\n|faint|p1a: Flutter Mane\n|-end|p1a: Flutter Mane|Protosynthesis|[silent]\n|\n|-damage|p2a: Ursaluna|94\/100 brn|[from] brn\n|-fieldend|move: Grassy Terrain\n|upkeep\n|inactive|SpiderOmar has 150 seconds left.\n|c|\u2606SpiderOmar|sad\n|c|\u2606Nakopow|damn i was too extra with it\n|\n|t:|1697965733\n|switch|p1a: Ursaluna|Ursaluna-Bloodmoon, M|100\/100\n|-damage|p1a: Ursaluna|94\/100|[from] Stealth Rock\n|turn|6\n|inactive|Nakopow has 240 seconds left.\n|inactive|SpiderOmar has 150 seconds left.\n|\n|t:|1697965760\n|move|p2a: Ursaluna|Facade|p1a: Ursaluna\n|-crit|p1a: Ursaluna\n|-damage|p1a: Ursaluna|0 fnt\n|faint|p1a: Ursaluna\n|move|p2b: Cresselia|Lunar Blessing|p2b: Cresselia|[spread] p2a,p2b\n|-heal|p2a: Ursaluna|100\/100 brn\n|-curestatus|p2a: Ursaluna|brn|[msg]\n|-heal|p2b: Cresselia|44\/100\n|move|p1b: Ogerpon|Horn Leech|p2b: Cresselia\n|-damage|p2b: Cresselia|15\/100\n|\n|-status|p2a: Ursaluna|brn|[from] item: Flame Orb\n|upkeep\n|c|\u2606Nakopow|w crit\n|\n|t:|1697965775\n|switch|p1a: Amoonguss|Amoonguss, F|97\/100\n|-damage|p1a: Amoonguss|85\/100|[from] Stealth Rock\n|turn|7\n|inactive|SpiderOmar has 150 seconds left.\n|\n|t:|1697965786\n|move|p1b: Ogerpon|Protect|p1b: Ogerpon\n|-singleturn|p1b: Ogerpon|Protect\n|move|p1a: Amoonguss|Pollen Puff|p2b: Cresselia\n|-supereffective|p2b: Cresselia\n|-damage|p2b: Cresselia|0 fnt\n|faint|p2b: Cresselia\n|move|p2a: Ursaluna|Facade|p1b: Ogerpon\n|-activate|p1b: Ogerpon|move: Protect\n|\n|-damage|p2a: Ursaluna|94\/100 brn|[from] brn\n|-fieldend|move: Trick Room\n|upkeep\n|c|\u2606Nakopow|oh naur\n|inactive|Nakopow has 240 seconds left.\n|\n|t:|1697965830\n|switch|p2b: Kleavor|Kleavor, F|100\/100 slp\n|turn|8\n|c|\u2606Nakopow|i missplayed when i let kleavor sleep\n|inactive|SpiderOmar has 150 seconds left.\n|\n|t:|1697965868\n|move|p2a: Ursaluna|Protect|p2a: Ursaluna\n|-singleturn|p2a: Ursaluna|Protect\n|move|p1a: Amoonguss|Rage Powder|p1a: Amoonguss\n|-singleturn|p1a: Amoonguss|move: Rage Powder\n|-curestatus|p2b: Kleavor|slp|[msg]\n|move|p2b: Kleavor|X-Scissor|p1a: Amoonguss\n|-damage|p1a: Amoonguss|38\/100\n|move|p1b: Ogerpon|Trailblaze|p2a: Ursaluna\n|-activate|p2a: Ursaluna|move: Protect\n|\n|-damage|p2a: Ursaluna|88\/100 brn|[from] brn\n|upkeep\n|turn|9\n|inactive|SpiderOmar has 150 seconds left.\n|inactive|Nakopow has 210 seconds left.\n|\n|t:|1697965901\n|-terastallize|p1b: Ogerpon|Fire\n|detailschange|p1b: Ogerpon|Ogerpon-Hearthflame-Tera, F, tera:Fire\n|-ability|p1b: Ogerpon|Embody Aspect (Hearthflame)|boost\n|-boost|p1b: Ogerpon|atk|1\n|move|p1a: Amoonguss|Rage Powder|p1a: Amoonguss\n|-singleturn|p1a: Amoonguss|move: Rage Powder\n|move|p2b: Kleavor|X-Scissor|p1a: Amoonguss\n|-damage|p1a: Amoonguss|0 fnt\n|faint|p1a: Amoonguss\n|move|p1b: Ogerpon|Ivy Cudgel|p2a: Ursaluna\n|-damage|p2a: Ursaluna|0 fnt\n|faint|p2a: Ursaluna\n|\n|upkeep\n|c|\u2606Nakopow|oh snap\n|\n|t:|1697965917\n|switch|p2a: Flutter Mane|Flutter Mane|100\/100\n|switch|p1a: Torkoal|Torkoal, M|100\/100\n|-damage|p1a: Torkoal|76\/100|[from] Stealth Rock\n|-weather|SunnyDay|[from] ability: Drought|[of] p1a: Torkoal\n|-activate|p2a: Flutter Mane|ability: Protosynthesis\n|-start|p2a: Flutter Mane|protosynthesisspe\n|turn|10\n|inactive|Nakopow has 240 seconds left.\n|\n|t:|1697965930\n|switch|p2b: Volcanion|Volcanion|100\/100\n|move|p1b: Ogerpon|Protect|p1b: Ogerpon\n|-singleturn|p1b: Ogerpon|Protect\n|move|p2a: Flutter Mane|Shadow Ball|p1b: Ogerpon\n|-activate|p1b: Ogerpon|move: Protect\n|move|p1a: Torkoal|Heat Wave|p2b: Volcanion|[spread] p2a\n|-miss|p1a: Torkoal|p2b: Volcanion\n|-damage|p2a: Flutter Mane|59\/100\n|\n|-weather|SunnyDay|[upkeep]\n|-heal|p1a: Torkoal|82\/100|[from] item: Leftovers\n|upkeep\n|turn|11\n|c|\u2606Nakopow|bruddah needs to chill\n|inactive|SpiderOmar has 180 seconds left.\n|inactive|SpiderOmar has 150 seconds left.\n|\n|t:|1697965989\n|move|p2a: Flutter Mane|Shadow Ball|p1b: Ogerpon\n|-damage|p1b: Ogerpon|32\/100\n|move|p1b: Ogerpon|Ivy Cudgel|p2a: Flutter Mane\n|-damage|p2a: Flutter Mane|0 fnt\n|faint|p2a: Flutter Mane\n|-end|p2a: Flutter Mane|Protosynthesis|[silent]\n|move|p2b: Volcanion|Earth Power|p1b: Ogerpon\n|-supereffective|p1b: Ogerpon\n|-damage|p1b: Ogerpon|0 fnt\n|faint|p1b: Ogerpon\n|move|p1a: Torkoal|Earth Power|p2b: Volcanion\n|-supereffective|p2b: Volcanion\n|-damage|p2b: Volcanion|66\/100\n|\n|-weather|SunnyDay|[upkeep]\n|-heal|p1a: Torkoal|88\/100|[from] item: Leftovers\n|upkeep\n|inactive|Nakopow has 270 seconds left.\n|\n|t:|1697966013\n|switch|p2a: Rillaboom|Rillaboom, M|100\/100\n|switch|p1b: Okidogi|Okidogi, M|100\/100\n|-fieldstart|move: Grassy Terrain|[from] ability: Grassy Surge|[of] p2a: Rillaboom\n|-damage|p1b: Okidogi|94\/100|[from] Stealth Rock\n|turn|12\n|inactive|SpiderOmar has 180 seconds left.\n|c|\u2606SpiderOmar|i don't like the volcanion\n|\n|t:|1697966035\n|move|p2a: Rillaboom|Fake Out|p1b: Okidogi\n|-damage|p1b: Okidogi|83\/100\n|cant|p1b: Okidogi|flinch\n|move|p2b: Volcanion|Earth Power|p1a: Torkoal\n|-supereffective|p1a: Torkoal\n|-damage|p1a: Torkoal|0 fnt\n|faint|p1a: Torkoal\n|\n|-weather|SunnyDay|[upkeep]\n|-heal|p1b: Okidogi|89\/100|[from] Grassy Terrain\n|-heal|p2b: Volcanion|72\/100|[from] Grassy Terrain\n|upkeep\n|turn|13\n|c|\u2606Nakopow|i love it\n|c|\u2606SpiderOmar|all good\n|\n|t:|1697966047\n|move|p2a: Rillaboom|Wood Hammer|p1b: Okidogi\n|-resisted|p1b: Okidogi\n|-damage|p1b: Okidogi|55\/100\n|-damage|p2a: Rillaboom|90\/100|[from] Recoil\n|move|p1b: Okidogi|Drain Punch|p2b: Volcanion\n|-damage|p2b: Volcanion|36\/100\n|-heal|p1b: Okidogi|72\/100|[from] drain|[of] p2b: Volcanion\n|move|p2b: Volcanion|Heat Wave|p1b: Okidogi\n|-damage|p1b: Okidogi|18\/100\n|\n|-weather|SunnyDay|[upkeep]\n|-heal|p2a: Rillaboom|96\/100|[from] Grassy Terrain\n|-heal|p1b: Okidogi|24\/100|[from] Grassy Terrain\n|-heal|p2b: Volcanion|42\/100|[from] Grassy Terrain\n|upkeep\n|turn|14\n|c|\u2606SpiderOmar|okidogi clutch\n|\n|t:|1697966057\n|move|p2a: Rillaboom|Wood Hammer|p1b: Okidogi\n|-resisted|p1b: Okidogi\n|-damage|p1b: Okidogi|0 fnt\n|faint|p1b: Okidogi\n|-damage|p2a: Rillaboom|89\/100|[from] Recoil\n|\n|win|Nakopow\n|c|\u2606SpiderOmar|nvm\n|c|\u2606SpiderOmar|sadge\n|c|\u2606Nakopow|ggs\n|c|\u2606SpiderOmar|gg\n","uploadtime":1697966066,"views":25,"p1id":"spideromar","p2id":"nakopow","formatid":"gen9doublesou","rating":0,"private":0,"password":""}