{"id":"gen9doublesou-1988575440","p1":"BullishBandit","p2":"phillibert","format":"[Gen 9] Doubles OU","log":"|j|\u2606BullishBandit\n|j|\u2606phillibert\n|t:|1699737831\n|gametype|doubles\n|player|p1|BullishBandit|1|1084\n|player|p2|phillibert|unknown|1180\n|teamsize|p1|6\n|teamsize|p2|6\n|gen|9\n|tier|[Gen 9] Doubles OU\n|rated|\n|rule|Species Clause: Limit one of each Pok\u00e9mon\n|rule|OHKO Clause: OHKO moves are banned\n|rule|Evasion Moves Clause: Evasion moves are banned\n|rule|Gravity Sleep Clause: The combination of sleep-inducing moves with imperfect accuracy and Gravity or Gigantamax Orbeetle are banned\n|rule|Endless Battle Clause: Forcing endless battles is banned\n|rule|HP Percentage Mod: HP is shown in percentages\n|clearpoke\n|poke|p1|Gholdengo|\n|poke|p1|Garganacl, M|\n|poke|p1|Maushold|\n|poke|p1|Toxapex, M|\n|poke|p1|Garchomp, M|\n|poke|p1|Tinkaton, F|\n|poke|p2|Regidrago|\n|poke|p2|Indeedee-F, F|\n|poke|p2|Tornadus, M|\n|poke|p2|Chi-Yu|\n|poke|p2|Meowscarada, F|\n|poke|p2|Ursaluna, M|\n|teampreview\n|\n|t:|1699737843\n|start\n|switch|p1a: Tinkaton|Tinkaton, F|100\/100\n|switch|p1b: Garganacl|Garganacl, M, shiny|100\/100\n|switch|p2a: Tornadus|Tornadus, M|100\/100\n|switch|p2b: Chi-Yu|Chi-Yu|100\/100\n|-ability|p2b: Chi-Yu|Beads of Ruin\n|turn|1\n|\n|t:|1699737858\n|move|p1a: Tinkaton|Fake Out|p2b: Chi-Yu\n|-damage|p2b: Chi-Yu|83\/100\n|move|p2a: Tornadus|Tailwind|p2a: Tornadus\n|-sidestart|p2: phillibert|move: Tailwind\n|cant|p2b: Chi-Yu|flinch\n|move|p1b: Garganacl|Salt Cure|p2b: Chi-Yu\n|-supereffective|p2b: Chi-Yu\n|-damage|p2b: Chi-Yu|32\/100\n|-start|p2b: Chi-Yu|Salt Cure\n|\n|-damage|p2b: Chi-Yu|20\/100|[from] Salt Cure\n|upkeep\n|turn|2\n|inactive|Battle timer is ON: inactive players will automatically lose when time's up. (requested by phillibert)\n|\n|t:|1699737872\n|switch|p1a: Garchomp|Garchomp, M|100\/100\n|move|p2a: Tornadus|Taunt|p1b: Garganacl\n|-start|p1b: Garganacl|move: Taunt\n|move|p2b: Chi-Yu|Heat Wave|p1b: Garganacl|[spread] p1a,p1b\n|-resisted|p1a: Garchomp\n|-resisted|p1b: Garganacl\n|-damage|p1a: Garchomp|70\/100\n|-damage|p1b: Garganacl|68\/100\n|move|p1b: Garganacl|Salt Cure|p2a: Tornadus\n|-supereffective|p2a: Tornadus\n|-damage|p2a: Tornadus|54\/100\n|\n|-heal|p1b: Garganacl|74\/100|[from] item: Leftovers\n|-damage|p2b: Chi-Yu|7\/100|[from] Salt Cure\n|upkeep\n|turn|3\n|\n|t:|1699737899\n|switch|p1b: Toxapex|Toxapex, M|100\/100\n|-terastallize|p1a: Garchomp|Water\n|move|p2a: Tornadus|Bleakwind Storm|p1b: Toxapex|[spread] p1a,p1b\n|-damage|p1a: Garchomp|30\/100\n|-damage|p1b: Toxapex|51\/100\n|-unboost|p1a: Garchomp|spe|1\n|move|p2b: Chi-Yu|Heat Wave|p1a: Garchomp|[spread] p1a,p1b\n|-resisted|p1a: Garchomp\n|-resisted|p1b: Toxapex\n|-crit|p1b: Toxapex\n|-damage|p1a: Garchomp|0 fnt\n|-damage|p1b: Toxapex|0 fnt\n|faint|p1a: Garchomp\n|faint|p1b: Toxapex\n|\n|-damage|p2b: Chi-Yu|0 fnt|[from] Salt Cure\n|faint|p2b: Chi-Yu\n|upkeep\n|\n|t:|1699737916\n|switch|p2b: Ursaluna|Ursaluna, M|100\/100\n|switch|p1a: Tinkaton|Tinkaton, F|100\/100\n|switch|p1b: Garganacl|Garganacl, M, shiny|74\/100\n|turn|4\n|\n|t:|1699737937\n|switch|p2b: Indeedee|Indeedee-F, F|100\/100\n|-fieldstart|move: Psychic Terrain|[from] ability: Psychic Surge|[of] p2b: Indeedee\n|-enditem|p2b: Indeedee|Psychic Seed\n|-boost|p2b: Indeedee|spd|1|[from] item: Psychic Seed\n|move|p2a: Tornadus|Heat Wave|p1a: Tinkaton|[spread] \n|-miss|p2a: Tornadus|p1a: Tinkaton\n|-miss|p2a: Tornadus|p1b: Garganacl\n|move|p1a: Tinkaton|Gigaton Hammer|p2a: Tornadus\n|-damage|p2a: Tornadus|0 fnt\n|faint|p2a: Tornadus\n|move|p1b: Garganacl|Salt Cure|p2b: Indeedee\n|-damage|p2b: Indeedee|85\/100\n|-start|p2b: Indeedee|Salt Cure\n|\n|-heal|p1b: Garganacl|81\/100|[from] item: Leftovers\n|-damage|p2b: Indeedee|73\/100|[from] Salt Cure\n|-sideend|p2: phillibert|move: Tailwind\n|upkeep\n|\n|t:|1699737944\n|switch|p2a: Ursaluna|Ursaluna, M|100\/100\n|turn|5\n|\n|t:|1699737968\n|move|p1a: Tinkaton|Protect|p1a: Tinkaton\n|-singleturn|p1a: Tinkaton|Protect\n|move|p2b: Indeedee|Follow Me|p2b: Indeedee\n|-singleturn|p2b: Indeedee|move: Follow Me\n|move|p2a: Ursaluna|Swords Dance|p2a: Ursaluna\n|-boost|p2a: Ursaluna|atk|2\n|move|p1b: Garganacl|Salt Cure|p2b: Indeedee\n|-crit|p2b: Indeedee\n|-damage|p2b: Indeedee|51\/100\n|\n|-heal|p1b: Garganacl|87\/100|[from] item: Leftovers\n|-damage|p2b: Indeedee|39\/100|[from] Salt Cure\n|-status|p2a: Ursaluna|brn|[from] item: Flame Orb\n|upkeep\n|turn|6\n|\n|t:|1699737987\n|move|p2b: Indeedee|Follow Me|p2b: Indeedee\n|-singleturn|p2b: Indeedee|move: Follow Me\n|move|p1a: Tinkaton|Gigaton Hammer|p2b: Indeedee\n|-damage|p2b: Indeedee|0 fnt\n|faint|p2b: Indeedee\n|move|p2a: Ursaluna|Earthquake|p1a: Tinkaton|[spread] p1a,p1b\n|-supereffective|p1a: Tinkaton\n|-supereffective|p1b: Garganacl\n|-crit|p1b: Garganacl\n|-damage|p1a: Tinkaton|0 fnt\n|-damage|p1b: Garganacl|0 fnt\n|faint|p1a: Tinkaton\n|faint|p1b: Garganacl\n|\n|-damage|p2a: Ursaluna|94\/100 brn|[from] brn\n|upkeep\n|\n|t:|1699737999\n|switch|p1a: Maushold|Maushold|100\/100\n|switch|p2b: Meowscarada|Meowscarada, F|100\/100\n|switch|p1b: Gholdengo|Gholdengo|100\/100\n|turn|7\n|\n|t:|1699738029\n|move|p2b: Meowscarada|Flower Trick|p1b: Gholdengo\n|-resisted|p1b: Gholdengo\n|-crit|p1b: Gholdengo\n|-damage|p1b: Gholdengo|85\/100\n|move|p1a: Maushold|Population Bomb|p2b: Meowscarada\n|-damage|p2b: Meowscarada|90\/100\n|-damage|p2b: Meowscarada|80\/100\n|-damage|p2b: Meowscarada|71\/100\n|-damage|p2b: Meowscarada|63\/100\n|-damage|p2b: Meowscarada|53\/100\n|-damage|p2b: Meowscarada|43\/100\n|-damage|p2b: Meowscarada|34\/100\n|-damage|p2b: Meowscarada|25\/100\n|-damage|p2b: Meowscarada|16\/100\n|-damage|p2b: Meowscarada|6\/100\n|-hitcount|p2b: Meowscarada|10\n|move|p1b: Gholdengo|Nasty Plot|p1b: Gholdengo\n|-boost|p1b: Gholdengo|spa|2\n|move|p2a: Ursaluna|Facade|p1a: Maushold\n|-damage|p1a: Maushold|0 fnt\n|faint|p1a: Maushold\n|\n|-damage|p2a: Ursaluna|88\/100 brn|[from] brn\n|upkeep\n|turn|8\n|\n|t:|1699738054\n|-terastallize|p2a: Ursaluna|Normal\n|move|p2b: Meowscarada|Trick|p1b: Gholdengo\n|-immune|p1b: Gholdengo|[from] ability: Good as Gold\n|move|p1b: Gholdengo|Make It Rain|p2b: Meowscarada|[spread] p2a,p2b\n|-damage|p2a: Ursaluna|0 fnt\n|-damage|p2b: Meowscarada|0 fnt\n|-unboost|p1b: Gholdengo|spa|1\n|faint|p2a: Ursaluna\n|faint|p2b: Meowscarada\n|\n|-fieldend|move: Psychic Terrain\n|upkeep\n|\n|t:|1699738065\n|switch|p2b: Regidrago|Regidrago|100\/100\n|turn|9\n|\n|t:|1699738074\n|move|p2b: Regidrago|Earth Power|p1b: Gholdengo\n|-supereffective|p1b: Gholdengo\n|-damage|p1b: Gholdengo|34\/100\n|move|p1b: Gholdengo|Make It Rain|p2b: Regidrago\n|-damage|p2b: Regidrago|0 fnt\n|-unboost|p1b: Gholdengo|spa|1\n|faint|p2b: Regidrago\n|\n|win|BullishBandit\n|raw|BullishBandit's rating: 1084 &rarr; <strong>1119<\/strong><br \/>(+35 for winning)\n|raw|phillibert's rating: 1180 &rarr; <strong>1148<\/strong><br \/>(-32 for losing)\n|l|\u2606phillibert\n|c|\u2606BullishBandit|GG\n","uploadtime":1699738113,"views":4,"p1id":"bullishbandit","p2id":"phillibert","formatid":"gen9doublesou","rating":1119,"private":0,"password":""}