{"id":"gen9doublesou-1994576132","p1":"munchkinp","p2":"ha999999","format":"[Gen 9] Doubles OU","log":"|j|\u2606munchkinp\n|j|\u2606ha999999\n|inactive|Battle timer is ON: inactive players will automatically lose when time's up.\n|t:|1700462778\n|gametype|doubles\n|player|p1|munchkinp|101|\n|player|p2|ha999999|1|\n|teamsize|p1|4\n|teamsize|p2|4\n|gen|9\n|tier|[Gen 9] Doubles OU\n|rated|Tournament battle\n|rule|Species Clause: Limit one of each Pok\u00e9mon\n|rule|OHKO Clause: OHKO moves are banned\n|rule|Evasion Moves Clause: Evasion moves are banned\n|rule|Gravity Sleep Clause: The combination of sleep-inducing moves with imperfect accuracy and Gravity or Gigantamax Orbeetle are banned\n|rule|Endless Battle Clause: Forcing endless battles is banned\n|rule|HP Percentage Mod: HP is shown in percentages\n|rule|Force of the Fallen Mod: Pok&\u00e9mon pass the move in their last moveslot to their allies when they're KOed\n|clearpoke\n|poke|p1|Sinistcha|\n|poke|p1|Toedscool, M|\n|poke|p1|Makuhita, M|\n|poke|p1|Gholdengo|\n|poke|p2|Dragalge, F|\n|poke|p2|Buizel, F|\n|poke|p2|Revavroom, F|\n|poke|p2|Drowzee, F|\n|teampreview\n|j|*Lady Monita \u2746\n|inactive|ha999999 also wants the timer to be on.\n|\n|t:|1700462797\n|start\n|switch|p1a: Makuhita|Makuhita, M|100\/100\n|switch|p1b: Sinistcha|Sinistcha|100\/100\n|switch|p2a: Dragalge|Dragalge, F, shiny|100\/100\n|switch|p2b: Buizel|Buizel, F|100\/100\n|turn|1\n|\n|t:|1700462810\n|move|p1a: Makuhita|Fake Out|p2a: Dragalge\n|-damage|p2a: Dragalge|95\/100\n|move|p2b: Buizel|Taunt|p1b: Sinistcha\n|-start|p1b: Sinistcha|move: Taunt\n|cant|p2a: Dragalge|flinch\n|cant|p1b: Sinistcha|move: Taunt|Trick Room\n|\n|upkeep\n|turn|2\n|\n|t:|1700462836\n|switch|p1b: Toedscool|Toedscool, M|100\/100\n|move|p2b: Buizel|Wave Crash|p1a: Makuhita\n|-crit|p1a: Makuhita\n|-damage|p1a: Makuhita|3\/100\n|-damage|p2b: Buizel|58\/100|[from] Recoil\n|move|p2a: Dragalge|Draco Meteor|p1a: Makuhita\n|-damage|p1a: Makuhita|0 fnt\n|-unboost|p2a: Dragalge|spa|2\n|faint|p1a: Makuhita\n|\n|upkeep\n|\n|t:|1700462847\n|switch|p1a: Sinistcha|Sinistcha|100\/100\n|turn|3\n|\n|t:|1700462872\n|switch|p2a: Drowzee|Drowzee, F, shiny|100\/100\n|-activate|p2a: Drowzee|ability: Forewarn|Matcha Gotcha|[of] p1a: Sinistcha\n|move|p1b: Toedscool|Fake Out|p2b: Buizel\n|-damage|p2b: Buizel|48\/100\n|cant|p2b: Buizel|flinch\n|move|p1a: Sinistcha|Trick Room|p1a: Sinistcha\n|-fieldstart|move: Trick Room|[of] p1a: Sinistcha\n|\n|upkeep\n|turn|4\n|\n|t:|1700462895\n|move|p2a: Drowzee|Light Screen|p2a: Drowzee\n|-sidestart|p2: ha999999|move: Light Screen\n|move|p1a: Sinistcha|Matcha Gotcha|p2a: Drowzee|[spread] p2a,p2b\n|-supereffective|p2b: Buizel\n|-damage|p2a: Drowzee|92\/100\n|-damage|p2b: Buizel|0 fnt\n|faint|p2b: Buizel\n|move|p1b: Toedscool|Knock Off|p2a: Drowzee\n|-supereffective|p2a: Drowzee\n|-damage|p2a: Drowzee|72\/100\n|-enditem|p2a: Drowzee|Eviolite|[from] move: Knock Off|[of] p1b: Toedscool\n|\n|upkeep\n|inactive|ha999999 has 120 seconds left.\n|\n|t:|1700462917\n|switch|p2b: Dragalge|Dragalge, F, shiny|95\/100\n|turn|5\n|\n|t:|1700462935\n|move|p1b: Toedscool|Rage Powder|p1b: Toedscool\n|-singleturn|p1b: Toedscool|move: Rage Powder\n|move|p2a: Drowzee|Reflect|p2a: Drowzee\n|-sidestart|p2: ha999999|Reflect\n|move|p2b: Dragalge|Draco Meteor|p1b: Toedscool\n|-damage|p1b: Toedscool|12\/100\n|-unboost|p2b: Dragalge|spa|2\n|move|p1a: Sinistcha|Matcha Gotcha|p2a: Drowzee|[spread] p2b\n|-miss|p1a: Sinistcha|p2a: Drowzee\n|-resisted|p2b: Dragalge\n|-damage|p2b: Dragalge|93\/100\n|\n|upkeep\n|turn|6\n|\n|t:|1700462954\n|move|p1a: Sinistcha|Protect|p1a: Sinistcha\n|-singleturn|p1a: Sinistcha|Protect\n|move|p2a: Drowzee|Draining Kiss|p1b: Toedscool\n|-damage|p1b: Toedscool|4\/100\n|-heal|p2a: Drowzee|76\/100|[from] drain|[of] p1b: Toedscool\n|move|p2b: Dragalge|Draco Meteor|p1a: Sinistcha\n|-activate|p1a: Sinistcha|move: Protect\n|move|p1b: Toedscool|Spore|p2a: Drowzee\n|-status|p2a: Drowzee|slp|[from] move: Spore\n|\n|upkeep\n|turn|7\n|\n|t:|1700462971\n|move|p1a: Sinistcha|Rage Powder|p1a: Sinistcha\n|-singleturn|p1a: Sinistcha|move: Rage Powder\n|cant|p2a: Drowzee|slp\n|move|p2b: Dragalge|Draco Meteor|p1a: Sinistcha|[miss]\n|-miss|p2b: Dragalge|p1a: Sinistcha\n|move|p1b: Toedscool|Spore|p2b: Dragalge\n|-status|p2b: Dragalge|slp|[from] move: Spore\n|\n|-fieldend|move: Trick Room\n|upkeep\n|turn|8\n|\n|t:|1700462993\n|move|p1b: Toedscool|Knock Off|p2b: Dragalge\n|-damage|p2b: Dragalge|88\/100 slp\n|-enditem|p2b: Dragalge|Assault Vest|[from] move: Knock Off|[of] p1b: Toedscool\n|cant|p2b: Dragalge|slp\n|cant|p2a: Drowzee|slp\n|move|p1a: Sinistcha|Trick Room|p1a: Sinistcha\n|-fieldstart|move: Trick Room|[of] p1a: Sinistcha\n|\n|-sideend|p2: ha999999|move: Light Screen\n|upkeep\n|turn|9\n|\n|t:|1700463005\n|switch|p1a: Gholdengo|Gholdengo|100\/100\n|-curestatus|p2a: Drowzee|slp|[msg]\n|move|p2a: Drowzee|Light Screen|p2a: Drowzee\n|-sidestart|p2: ha999999|move: Light Screen\n|-curestatus|p2b: Dragalge|slp|[msg]\n|move|p2b: Dragalge|Draco Meteor|p1a: Gholdengo\n|-resisted|p1a: Gholdengo\n|-damage|p1a: Gholdengo|80\/100\n|-unboost|p2b: Dragalge|spa|2\n|move|p1b: Toedscool|Mud Shot|p1a: Gholdengo\n|-supereffective|p1a: Gholdengo\n|-damage|p1a: Gholdengo|60\/100\n|-unboost|p1a: Gholdengo|spe|1\n|-enditem|p1a: Gholdengo|Weakness Policy\n|-boost|p1a: Gholdengo|atk|2|[from] item: Weakness Policy\n|-boost|p1a: Gholdengo|spa|2|[from] item: Weakness Policy\n|\n|-sideend|p2: ha999999|Reflect\n|upkeep\n|turn|10\n|inactive|munchkinp has 120 seconds left.\n|inactive|ha999999 has 120 seconds left.\n|\n|t:|1700463040\n|-terastallize|p1a: Gholdengo|Steel\n|move|p1b: Toedscool|Rage Powder|p1b: Toedscool\n|-singleturn|p1b: Toedscool|move: Rage Powder\n|move|p2a: Drowzee|Reflect|p2a: Drowzee\n|-sidestart|p2: ha999999|Reflect\n|move|p1a: Gholdengo|Make It Rain|p2a: Drowzee|[spread] p2a,p2b\n|-damage|p2a: Drowzee|6\/100\n|-damage|p2b: Dragalge|6\/100\n|-unboost|p1a: Gholdengo|spa|1\n|move|p2b: Dragalge|Hydro Pump|p1b: Toedscool\n|-damage|p1b: Toedscool|0 fnt\n|faint|p1b: Toedscool\n|\n|upkeep\n|inactive|munchkinp has 120 seconds left.\n|\n|t:|1700463053\n|switch|p1b: Sinistcha|Sinistcha|100\/100\n|-heal|p1a: Gholdengo|85\/100|[from] ability: Hospitality|[of] p1b: Sinistcha\n|turn|11\n|\n|t:|1700463066\n|move|p1b: Sinistcha|Rage Powder|p1b: Sinistcha\n|-singleturn|p1b: Sinistcha|move: Rage Powder\n|move|p2a: Drowzee|Draining Kiss|p1b: Sinistcha\n|-damage|p1b: Sinistcha|94\/100\n|-heal|p2a: Drowzee|11\/100|[from] drain|[of] p1b: Sinistcha\n|move|p1a: Gholdengo|Make It Rain|p2a: Drowzee|[spread] p2a,p2b\n|-damage|p2a: Drowzee|0 fnt\n|-damage|p2b: Dragalge|0 fnt\n|-unboost|p1a: Gholdengo|spa|1\n|faint|p2a: Drowzee\n|faint|p2b: Dragalge\n|\n|upkeep\n|\n|t:|1700463078\n|switch|p2b: Revavroom|Revavroom, F, shiny|100\/100\n|-item|p2b: Revavroom|Air Balloon\n|turn|12\n|\n|t:|1700463096\n|move|p1a: Gholdengo|Spore|p2b: Revavroom\n|-status|p2b: Revavroom|slp|[from] move: Spore\n|move|p1b: Sinistcha|Matcha Gotcha|p2b: Revavroom\n|-resisted|p2b: Revavroom\n|-damage|p2b: Revavroom|91\/100 slp\n|-heal|p1b: Sinistcha|98\/100|[from] drain|[of] p2b: Revavroom\n|-enditem|p2b: Revavroom|Air Balloon\n|cant|p2b: Revavroom|slp\n|\n|-fieldend|move: Trick Room\n|upkeep\n|turn|13\n|\n|t:|1700463114\n|cant|p2b: Revavroom|slp\n|move|p1a: Gholdengo|Nasty Plot|p1a: Gholdengo\n|-boost|p1a: Gholdengo|spa|2\n|move|p1b: Sinistcha|Trick Room|p1b: Sinistcha\n|-fieldstart|move: Trick Room|[of] p1b: Sinistcha\n|\n|-sideend|p2: ha999999|move: Light Screen\n|upkeep\n|turn|14\n|\n|t:|1700463122\n|move|p1b: Sinistcha|Rage Powder|p1b: Sinistcha\n|-singleturn|p1b: Sinistcha|move: Rage Powder\n|move|p1a: Gholdengo|Make It Rain|p2b: Revavroom\n|-resisted|p2b: Revavroom\n|-damage|p2b: Revavroom|0 fnt\n|-unboost|p1a: Gholdengo|spa|1\n|faint|p2b: Revavroom\n|\n|win|munchkinp\n|n|\u2606munchkinp|munchkinp\n|n|\u2606ha999999|ha999999\n|n|*Lady Monita \u2746|ladymonita\n","uploadtime":1700463124,"views":6,"p1id":"munchkinp","p2id":"ha999999","formatid":"gen9doublesou","rating":0,"private":0,"password":""}