{"id":"gen9doublesou-1968046716","p1":"charizardisnice","p2":"burkesayshi","format":"[Gen 9] Doubles OU","log":"|html|<div class=\"broadcast-blue\"><strong>[Gen 9] Doubles OU is currently suspecting Basculegion & Flutter Mane! For information on how to participate check out the <a href=\"https:\/\/www.smogon.com\/forums\/threads\/np-sv-dou-stage-8-double-trouble.3729153\/\">suspect thread<\/a>.<\/strong><\/div>\n|j|\u2606charizardisnice\n|j|\u2606burkesayshi\n|t:|1697378468\n|gametype|doubles\n|player|p1|charizardisnice|102|\n|player|p2|burkesayshi|169|\n|teamsize|p1|6\n|teamsize|p2|6\n|gen|9\n|tier|[Gen 9] Doubles OU\n|rule|Species Clause: Limit one of each Pok\u00e9mon\n|rule|OHKO Clause: OHKO moves are banned\n|rule|Evasion Moves Clause: Evasion moves are banned\n|rule|Gravity Sleep Clause: The combination of sleep-inducing moves with imperfect accuracy and Gravity or Gigantamax Orbeetle are banned\n|rule|Endless Battle Clause: Forcing endless battles is banned\n|rule|HP Percentage Mod: HP is shown in percentages\n|clearpoke\n|poke|p1|Chi-Yu|\n|poke|p1|Iron Hands|\n|poke|p1|Diancie|\n|poke|p1|Pelipper, M|\n|poke|p1|Samurott-Hisui, F|\n|poke|p1|Meowscarada, M|\n|poke|p2|Sinistcha|\n|poke|p2|Torkoal, F|\n|poke|p2|Heatran, M|\n|poke|p2|Iron Moth|\n|poke|p2|Roaring Moon|\n|poke|p2|Murkrow, F|\n|teampreview\n|\n|t:|1697378528\n|start\n|switch|p1a: Chi-Yu|Chi-Yu|100\/100\n|switch|p1b: Iron Hands|Iron Hands|100\/100\n|switch|p2a: Murkrow|Murkrow, F|100\/100\n|switch|p2b: Heatran|Heatran, M, shiny|100\/100\n|-ability|p1a: Chi-Yu|Beads of Ruin\n|turn|1\n|\n|t:|1697378554\n|move|p1b: Iron Hands|Fake Out|p2a: Murkrow\n|-damage|p2a: Murkrow|85\/100\n|cant|p2a: Murkrow|flinch\n|move|p1a: Chi-Yu|Dark Pulse|p2b: Heatran\n|-crit|p2b: Heatran\n|-damage|p2b: Heatran|24\/100\n|move|p2b: Heatran|Earth Power|p1a: Chi-Yu\n|-supereffective|p1a: Chi-Yu\n|-crit|p1a: Chi-Yu\n|-damage|p1a: Chi-Yu|0 fnt\n|faint|p1a: Chi-Yu\n|\n|upkeep\n|\n|t:|1697378568\n|switch|p1a: Pelipper|Pelipper, M|100\/100\n|-weather|RainDance|[from] ability: Drizzle|[of] p1a: Pelipper\n|turn|2\n|\n|t:|1697378595\n|switch|p2b: Torkoal|Torkoal, F|100\/100\n|-weather|SunnyDay|[from] ability: Drought|[of] p2b: Torkoal\n|move|p2a: Murkrow|Tailwind|p2a: Murkrow\n|-sidestart|p2: burkesayshi|move: Tailwind\n|move|p1a: Pelipper|Hurricane|p2b: Torkoal|[miss]\n|-miss|p1a: Pelipper|p2b: Torkoal\n|move|p1b: Iron Hands|Wild Charge|p2a: Murkrow\n|-supereffective|p2a: Murkrow\n|-damage|p2a: Murkrow|0 fnt\n|faint|p2a: Murkrow\n|-damage|p1b: Iron Hands|85\/100|[from] Recoil\n|\n|-weather|SunnyDay|[upkeep]\n|upkeep\n|\n|t:|1697378611\n|switch|p2a: Roboralt|Iron Moth|100\/100\n|-enditem|p2a: Roboralt|Booster Energy\n|-activate|p2a: Roboralt|ability: Quark Drive|[fromitem]\n|-start|p2a: Roboralt|quarkdrivespa\n|turn|3\n|\n|t:|1697378651\n|-terastallize|p1b: Iron Hands|Fighting\n|move|p1a: Pelipper|Wide Guard|p1a: Pelipper\n|-singleturn|p1a: Pelipper|Wide Guard\n|move|p2a: Roboralt|Fiery Dance|p1b: Iron Hands\n|-damage|p1b: Iron Hands|42\/100\n|-boost|p2a: Roboralt|spa|1\n|move|p2b: Torkoal|Eruption|p1a: Pelipper|[spread] \n|-activate|p1a: Pelipper|move: Wide Guard\n|-activate|p1b: Iron Hands|move: Wide Guard\n|move|p1b: Iron Hands|Drain Punch|p2b: Torkoal\n|-damage|p2b: Torkoal|61\/100\n|-heal|p1b: Iron Hands|56\/100|[from] drain|[of] p2b: Torkoal\n|\n|-weather|SunnyDay|[upkeep]\n|upkeep\n|turn|4\n|\n|t:|1697378707\n|switch|p1a: Diancie|Diancie|100\/100\n|move|p2a: Roboralt|Fiery Dance|p1b: Iron Hands\n|-damage|p1b: Iron Hands|0 fnt\n|-boost|p2a: Roboralt|spa|1\n|faint|p1b: Iron Hands\n|-end|p1b: Iron Hands|Quark Drive|[silent]\n|move|p2b: Torkoal|Eruption|p1a: Diancie\n|-resisted|p1a: Diancie\n|-damage|p1a: Diancie|82\/100\n|\n|-weather|SunnyDay|[upkeep]\n|upkeep\n|\n|t:|1697378725\n|switch|p1b: Pelipper|Pelipper, M|100\/100\n|-weather|RainDance|[from] ability: Drizzle|[of] p1b: Pelipper\n|turn|5\n|\n|t:|1697378739\n|switch|p2b: Sinistcha|Sinistcha|100\/100\n|move|p2a: Roboralt|Protect|p2a: Roboralt\n|-singleturn|p2a: Roboralt|Protect\n|move|p1b: Pelipper|Hydro Pump|p2a: Roboralt\n|-activate|p2a: Roboralt|move: Protect\n|move|p1a: Diancie|Diamond Storm|p2b: Sinistcha|[spread] p2b\n|-activate|p2a: Roboralt|move: Protect\n|-damage|p2b: Sinistcha|75\/100\n|\n|-weather|RainDance|[upkeep]\n|-heal|p2b: Sinistcha|81\/100|[from] item: Leftovers\n|-sideend|p2: burkesayshi|move: Tailwind\n|upkeep\n|turn|6\n|\n|t:|1697378775\n|switch|p1b: Samurott|Samurott-Hisui, F|100\/100\n|switch|p2b: Torkoal|Torkoal, F|61\/100\n|-weather|SunnyDay|[from] ability: Drought|[of] p2b: Torkoal\n|move|p2a: Roboralt|Fiery Dance|p1a: Diancie\n|-resisted|p1a: Diancie\n|-damage|p1a: Diancie|21\/100\n|-boost|p2a: Roboralt|spa|1\n|move|p1a: Diancie|Diamond Storm|p2b: Torkoal|[spread] p2a,p2b\n|-supereffective|p2a: Roboralt\n|-supereffective|p2b: Torkoal\n|-damage|p2a: Roboralt|0 fnt\n|-damage|p2b: Torkoal|16\/100\n|-boost|p1a: Diancie|def|2\n|faint|p2a: Roboralt\n|-end|p2a: Roboralt|Quark Drive|[silent]\n|\n|-weather|SunnyDay|[upkeep]\n|upkeep\n|\n|t:|1697378791\n|switch|p2a: Sinistcha|Sinistcha|81\/100\n|-heal|p2b: Torkoal|41\/100|[from] ability: Hospitality|[of] p2a: Sinistcha\n|turn|7\n|\n|t:|1697378824\n|switch|p2b: Roaring Moon|Roaring Moon|100\/100\n|-activate|p2b: Roaring Moon|ability: Protosynthesis\n|-start|p2b: Roaring Moon|protosynthesisspe\n|move|p1b: Samurott|Sucker Punch|p2a: Sinistcha\n|-supereffective|p2a: Sinistcha\n|-crit|p2a: Sinistcha\n|-damage|p2a: Sinistcha|0 fnt\n|faint|p2a: Sinistcha\n|move|p1a: Diancie|Diamond Storm|p2b: Roaring Moon\n|-damage|p2b: Roaring Moon|45\/100\n|-boost|p1a: Diancie|def|2\n|\n|-weather|SunnyDay|[upkeep]\n|upkeep\n|-message|burkesayshi forfeited.\n|\n|win|charizardisnice\n|l|\u2606burkesayshi\n","uploadtime":1697378845,"views":20,"p1id":"charizardisnice","p2id":"burkesayshi","formatid":"gen9doublesou","rating":0,"private":0,"password":""}