{"id":"gen9doublesou-1989445326","p1":"sorabeleran","p2":"Nesugosu","format":"[Gen 9] Doubles OU","log":"|j|\u2606sorabeleran\n|j|\u2606Nesugosu\n|t:|1699851534\n|gametype|doubles\n|player|p1|sorabeleran|ethan|1046\n|player|p2|Nesugosu|pokemonbreeder-gen4|1221\n|teamsize|p1|6\n|teamsize|p2|6\n|gen|9\n|tier|[Gen 9] Doubles OU\n|rated|\n|rule|Species Clause: Limit one of each Pok\u00e9mon\n|rule|OHKO Clause: OHKO moves are banned\n|rule|Evasion Moves Clause: Evasion moves are banned\n|rule|Gravity Sleep Clause: The combination of sleep-inducing moves with imperfect accuracy and Gravity or Gigantamax Orbeetle are banned\n|rule|Endless Battle Clause: Forcing endless battles is banned\n|rule|HP Percentage Mod: HP is shown in percentages\n|clearpoke\n|poke|p1|Ninetales, M|\n|poke|p1|Flutter Mane|\n|poke|p1|Tornadus, M|\n|poke|p1|Volcarona, M|\n|poke|p1|Milotic, M|\n|poke|p1|Gyarados, F|\n|poke|p2|Zoroark-Hisui, M|\n|poke|p2|Chi-Yu|\n|poke|p2|Sandy Shocks|\n|poke|p2|Sinistcha-Masterpiece|\n|poke|p2|Staraptor, F|\n|poke|p2|Cinderace, F|\n|teampreview\n|inactive|Battle timer is ON: inactive players will automatically lose when time's up. (requested by Nesugosu)\n|\n|t:|1699851566\n|start\n|switch|p1a: Flutter Mane|Flutter Mane, shiny|100\/100\n|switch|p1b: Ninetales|Ninetales, M|100\/100\n|switch|p2a: Sandy Shocks|Sandy Shocks|100\/100\n|switch|p2b: Chi-Yu|Chi-Yu|100\/100\n|-ability|p2b: Chi-Yu|Beads of Ruin\n|-weather|SunnyDay|[from] ability: Drought|[of] p1b: Ninetales\n|-activate|p1a: Flutter Mane|ability: Protosynthesis\n|-start|p1a: Flutter Mane|protosynthesisspa\n|-activate|p2a: Sandy Shocks|ability: Protosynthesis\n|-start|p2a: Sandy Shocks|protosynthesisspa\n|turn|1\n|\n|t:|1699851593\n|-terastallize|p1b: Ninetales|Fire\n|move|p1a: Flutter Mane|Dazzling Gleam|p2b: Chi-Yu|[spread] p2a,p2b\n|-damage|p2a: Sandy Shocks|23\/100\n|-damage|p2b: Chi-Yu|44\/100\n|move|p2a: Sandy Shocks|Earth Power|p1b: Ninetales\n|-supereffective|p1b: Ninetales\n|-damage|p1b: Ninetales|0 fnt\n|faint|p1b: Ninetales\n|move|p2b: Chi-Yu|Heat Wave|p1a: Flutter Mane\n|-enditem|p1a: Flutter Mane|Focus Sash\n|-damage|p1a: Flutter Mane|1\/100\n|\n|-weather|SunnyDay|[upkeep]\n|-heal|p2b: Chi-Yu|50\/100|[from] item: Leftovers\n|upkeep\n|inactive|sorabeleran has 120 seconds left.\n|\n|t:|1699851608\n|switch|p1b: Tornadus|Tornadus, M, shiny|100\/100\n|turn|2\n|inactive|Nesugosu has 120 seconds left.\n|\n|t:|1699851638\n|-end|p2a: Sandy Shocks|Protosynthesis|[silent]\n|switch|p2a: Sinistcha|Sinistcha-Masterpiece|100\/100\n|-heal|p2b: Chi-Yu|75\/100|[from] ability: Hospitality|[of] p2a: Sinistcha\n|move|p1a: Flutter Mane|Dazzling Gleam|p2a: Sinistcha|[spread] p2a,p2b\n|-damage|p2a: Sinistcha|33\/100\n|-damage|p2b: Chi-Yu|20\/100\n|move|p2b: Chi-Yu|Heat Wave|p1b: Tornadus|[spread] p1a,p1b\n|-damage|p1a: Flutter Mane|0 fnt\n|-damage|p1b: Tornadus|46\/100\n|faint|p1a: Flutter Mane\n|-end|p1a: Flutter Mane|Protosynthesis|[silent]\n|move|p1b: Tornadus|Heat Wave|p2b: Chi-Yu|[spread] p2b\n|-miss|p1b: Tornadus|p2a: Sinistcha\n|-resisted|p2b: Chi-Yu\n|-crit|p2b: Chi-Yu\n|-damage|p2b: Chi-Yu|0 fnt\n|faint|p2b: Chi-Yu\n|\n|-weather|SunnyDay|[upkeep]\n|-heal|p2a: Sinistcha|39\/100|[from] item: Leftovers\n|upkeep\n|\n|t:|1699851660\n|switch|p1a: Gyarados|Gyarados, F, shiny|100\/100\n|switch|p2b: Cinderace|Cinderace, F|100\/100\n|turn|3\n|\n|t:|1699851674\n|move|p2b: Cinderace|Sucker Punch|p1b: Tornadus\n|-start|p2b: Cinderace|typechange|Dark|[from] ability: Libero\n|-damage|p1b: Tornadus|5\/100\n|move|p1b: Tornadus|Heat Wave|p2a: Sinistcha|[spread] p2b\n|-miss|p1b: Tornadus|p2a: Sinistcha\n|-damage|p2b: Cinderace|61\/100\n|move|p2a: Sinistcha|Matcha Gotcha|p1b: Tornadus|[spread] p1a,p1b\n|-resisted|p1b: Tornadus\n|-damage|p1a: Gyarados|80\/100\n|-heal|p2a: Sinistcha|50\/100|[from] drain|[of] p1a: Gyarados\n|-damage|p1b: Tornadus|0 fnt\n|-heal|p2a: Sinistcha|53\/100|[from] drain|[of] p1b: Tornadus\n|faint|p1b: Tornadus\n|move|p1a: Gyarados|Aqua Tail|p2b: Cinderace\n|-damage|p2b: Cinderace|24\/100\n|\n|-weather|SunnyDay|[upkeep]\n|-heal|p2a: Sinistcha|59\/100|[from] item: Leftovers\n|upkeep\n|\n|t:|1699851693\n|switch|p1b: Volcarona|Volcarona, M, shiny|100\/100\n|turn|4\n|\n|t:|1699851704\n|move|p2b: Cinderace|Pyro Ball|p1b: Volcarona\n|-damage|p1b: Volcarona|35\/100\n|-enditem|p1b: Volcarona|Sitrus Berry|[eat]\n|-heal|p1b: Volcarona|60\/100|[from] item: Sitrus Berry\n|move|p1b: Volcarona|Heat Wave|p2a: Sinistcha|[spread] p2b\n|-miss|p1b: Volcarona|p2a: Sinistcha\n|-damage|p2b: Cinderace|0 fnt\n|faint|p2b: Cinderace\n|move|p2a: Sinistcha|Scald|p1b: Volcarona\n|-supereffective|p1b: Volcarona\n|-damage|p1b: Volcarona|45\/100\n|move|p1a: Gyarados|Dragon Dance|p1a: Gyarados\n|-boost|p1a: Gyarados|atk|1\n|-boost|p1a: Gyarados|spe|1\n|\n|-weather|SunnyDay|[upkeep]\n|-heal|p2a: Sinistcha|65\/100|[from] item: Leftovers\n|upkeep\n|\n|t:|1699851728\n|switch|p2b: Sandy Shocks|Sandy Shocks|23\/100\n|-activate|p2b: Sandy Shocks|ability: Protosynthesis\n|-start|p2b: Sandy Shocks|protosynthesisspa\n|turn|5\n|\n|t:|1699851753\n|switch|p2a: Staraptor|Staraptor, F|100\/100\n|-ability|p2a: Staraptor|Intimidate|boost\n|-unboost|p1a: Gyarados|atk|1\n|-unboost|p1b: Volcarona|atk|1\n|move|p2b: Sandy Shocks|Thunderbolt|p1a: Gyarados\n|-supereffective|p1a: Gyarados\n|-enditem|p1a: Gyarados|Wacan Berry|[eat]\n|-enditem|p1a: Gyarados|Wacan Berry|[weaken]\n|-damage|p1a: Gyarados|0 fnt\n|faint|p1a: Gyarados\n|move|p1b: Volcarona|Heat Wave|p2a: Staraptor|[spread] p2a,p2b\n|-damage|p2a: Staraptor|28\/100\n|-damage|p2b: Sandy Shocks|0 fnt\n|faint|p2b: Sandy Shocks\n|-end|p2b: Sandy Shocks|Protosynthesis|[silent]\n|\n|-weather|SunnyDay|[upkeep]\n|upkeep\n|\n|t:|1699851769\n|switch|p2b: Sinistcha|Sinistcha-Masterpiece|65\/100\n|switch|p1a: Milotic|Milotic, M, shiny|100\/100\n|-heal|p2a: Staraptor|53\/100|[from] ability: Hospitality|[of] p2b: Sinistcha\n|turn|6\n|\n|t:|1699851780\n|move|p2b: Sinistcha|Protect|p2b: Sinistcha\n|-singleturn|p2b: Sinistcha|Protect\n|move|p2a: Staraptor|Acrobatics|p1b: Volcarona\n|-supereffective|p1b: Volcarona\n|-crit|p1b: Volcarona\n|-damage|p1b: Volcarona|0 fnt\n|faint|p1b: Volcarona\n|move|p1a: Milotic|Weather Ball|p2b: Sinistcha\n|-activate|p2b: Sinistcha|move: Protect\n|\n|-weather|SunnyDay|[upkeep]\n|-heal|p2b: Sinistcha|71\/100|[from] item: Leftovers\n|upkeep\n|turn|7\n|\n|t:|1699851797\n|move|p2a: Staraptor|Close Combat|p1a: Milotic\n|-damage|p1a: Milotic|70\/100\n|-unboost|p2a: Staraptor|def|1\n|-unboost|p2a: Staraptor|spd|1\n|-enditem|p2a: Staraptor|White Herb\n|-clearnegativeboost|p2a: Staraptor|[silent]\n|move|p1a: Milotic|Weather Ball|p2b: Sinistcha\n|-supereffective|p2b: Sinistcha\n|-damage|p2b: Sinistcha|0 fnt\n|faint|p2b: Sinistcha\n|\n|-weather|SunnyDay|[upkeep]\n|-heal|p1a: Milotic|76\/100|[from] item: Leftovers\n|upkeep\n|\n|t:|1699851811\n|switch|p2b: Taiyo|Zoroark-Hisui, M|100\/100\n|turn|8\n|\n|t:|1699851823\n|move|p2b: Taiyo|Shadow Ball|p1a: Milotic\n|-damage|p1a: Milotic|31\/100\n|-unboost|p1a: Milotic|spd|1\n|-ability|p1a: Milotic|Competitive|boost\n|-boost|p1a: Milotic|spa|2\n|move|p2a: Staraptor|Acrobatics|p1a: Milotic\n|-damage|p1a: Milotic|0 fnt\n|faint|p1a: Milotic\n|\n|win|Nesugosu\n|raw|sorabeleran's rating: 1046 &rarr; <strong>1037<\/strong><br \/>(-9 for losing)\n|raw|Nesugosu's rating: 1221 &rarr; <strong>1234<\/strong><br \/>(+13 for winning)\n|l|\u2606sorabeleran\n","uploadtime":1699851844,"views":13,"p1id":"sorabeleran","p2id":"nesugosu","formatid":"gen9doublesou","rating":1037,"private":0,"password":""}