{"id":"gen9doublesou-1970958776","p1":"SXD2002","p2":"Real Swarm","format":"[Gen 9] Doubles OU","log":"|j|\u2606SXD2002\n|j|\u2606Real Swarm\n|t:|1697685181\n|gametype|doubles\n|player|p1|SXD2002|silver-masters|1037\n|player|p2|Real Swarm|169|1054\n|teamsize|p1|4\n|teamsize|p2|6\n|gen|9\n|tier|[Gen 9] Doubles OU\n|rated|\n|rule|Species Clause: Limit one of each Pok\u00e9mon\n|rule|OHKO Clause: OHKO moves are banned\n|rule|Evasion Moves Clause: Evasion moves are banned\n|rule|Gravity Sleep Clause: The combination of sleep-inducing moves with imperfect accuracy and Gravity or Gigantamax Orbeetle are banned\n|rule|Endless Battle Clause: Forcing endless battles is banned\n|rule|HP Percentage Mod: HP is shown in percentages\n|clearpoke\n|poke|p1|Lurantis, M|\n|poke|p1|Murkrow, M|\n|poke|p1|Grimmsnarl, M|\n|poke|p1|Clefairy, F|\n|poke|p2|Golem-Alola, F|\n|poke|p2|Kommo-o, F|\n|poke|p2|Farigiraf, F|\n|poke|p2|Ogerpon-Wellspring, F|\n|poke|p2|Heatran, F|\n|poke|p2|Landorus-Therian, M|\n|teampreview\n|inactive|Battle timer is ON: inactive players will automatically lose when time's up. (requested by SXD2002)\n|\n|t:|1697685188\n|start\n|switch|p1a: Grimmsnarl|Grimmsnarl, M|100\/100\n|switch|p1b: Lurantis|Lurantis, M|100\/100\n|switch|p2a: Golem|Golem-Alola, F|100\/100\n|switch|p2b: Farigiraf|Farigiraf, F|100\/100\n|-item|p2a: Golem|Air Balloon\n|turn|1\n|\n|t:|1697685203\n|move|p1a: Grimmsnarl|Scary Face|p1b: Lurantis\n|-boost|p1b: Lurantis|spe|2\n|move|p1b: Lurantis|Leaf Storm|p2a: Golem\n|-supereffective|p2a: Golem\n|-damage|p2a: Golem|0 fnt\n|-boost|p1b: Lurantis|spa|2\n|-enditem|p2a: Golem|Air Balloon\n|faint|p2a: Golem\n|move|p2b: Farigiraf|Skill Swap|p2: Golem|[notarget]\n|-fail|p2b: Farigiraf\n|\n|upkeep\n|\n|t:|1697685211\n|switch|p2a: Landorus|Landorus-Therian, M|100\/100\n|-ability|p2a: Landorus|Intimidate|boost\n|-unboost|p1a: Grimmsnarl|atk|1\n|-boost|p1b: Lurantis|atk|1\n|turn|2\n|\n|t:|1697685233\n|move|p1a: Grimmsnarl|Parting Shot|p1b: Lurantis\n|-boost|p1b: Lurantis|atk|1\n|-boost|p1b: Lurantis|spa|1\n|\n|t:|1697685236\n|switch|p1a: Clefairy|Clefairy, F|100\/100|[from] Parting Shot\n|move|p2a: Landorus|U-turn|p1b: Lurantis\n|-supereffective|p1b: Lurantis\n|-damage|p1b: Lurantis|61\/100\n|\n|t:|1697685244\n|switch|p2a: Heatran|Heatran, F|100\/100|[from] U-turn\n|-item|p2a: Heatran|Air Balloon\n|move|p1b: Lurantis|Leaf Storm|p2a: Heatran\n|-resisted|p2a: Heatran\n|-damage|p2a: Heatran|86\/100\n|-boost|p1b: Lurantis|spa|2\n|-enditem|p2a: Heatran|Air Balloon\n|move|p2b: Farigiraf|Shadow Ball|p1b: Lurantis\n|-damage|p1b: Lurantis|50\/100\n|-boost|p1b: Lurantis|spd|1\n|\n|-heal|p1b: Lurantis|57\/100|[from] item: Leftovers\n|upkeep\n|turn|3\n|\n|t:|1697685256\n|move|p2b: Farigiraf|Ally Switch|p2b: Farigiraf\n|swap|p2b: Farigiraf|0|[from] move: Ally Switch\n|move|p1a: Clefairy|Follow Me|p1a: Clefairy\n|-singleturn|p1a: Clefairy|move: Follow Me\n|move|p1b: Lurantis|Superpower|p2a: Farigiraf\n|-damage|p2a: Farigiraf|44\/100\n|-boost|p1b: Lurantis|atk|1\n|-boost|p1b: Lurantis|def|1\n|-enditem|p2a: Farigiraf|Sitrus Berry|[eat]\n|-heal|p2a: Farigiraf|69\/100|[from] item: Sitrus Berry\n|move|p2b: Heatran|Lava Plume|p1b: Lurantis|[spread] p2a,p1a,p1b\n|-supereffective|p1b: Lurantis\n|-damage|p2a: Farigiraf|52\/100\n|-damage|p1a: Clefairy|84\/100\n|-damage|p1b: Lurantis|35\/100\n|\n|-heal|p1b: Lurantis|41\/100|[from] item: Leftovers\n|upkeep\n|turn|4\n|\n|t:|1697685283\n|switch|p2b: Landorus|Landorus-Therian, M|100\/100\n|-ability|p2b: Landorus|Intimidate|boost\n|-unboost|p1a: Clefairy|atk|1\n|-boost|p1b: Lurantis|atk|1\n|move|p1b: Lurantis|Superpower|p2a: Farigiraf\n|-damage|p2a: Farigiraf|0 fnt\n|-boost|p1b: Lurantis|atk|1\n|-boost|p1b: Lurantis|def|1\n|faint|p2a: Farigiraf\n|move|p1a: Clefairy|Life Dew|p1a: Clefairy|[spread] p1a,p1b\n|-heal|p1a: Clefairy|100\/100\n|-heal|p1b: Lurantis|66\/100\n|\n|-heal|p1b: Lurantis|73\/100|[from] item: Leftovers\n|upkeep\n|\n|t:|1697685287\n|switch|p2a: Kommo-o|Kommo-o, F|100\/100\n|turn|5\n|\n|t:|1697685301\n|move|p1a: Clefairy|Helping Hand|p1b: Lurantis\n|-singleturn|p1b: Lurantis|Helping Hand|[of] p1a: Clefairy\n|move|p2b: Landorus|U-turn|p1b: Lurantis\n|-supereffective|p1b: Lurantis\n|-damage|p1b: Lurantis|50\/100\n|\n|t:|1697685307\n|switch|p2b: Heatran|Heatran, F|86\/100|[from] U-turn\n|move|p2a: Kommo-o|Boomburst|p1b: Lurantis|[spread] p2b,p1a,p1b\n|-resisted|p2b: Heatran\n|-damage|p2b: Heatran|76\/100\n|-damage|p1a: Clefairy|80\/100\n|-damage|p1b: Lurantis|39\/100\n|-enditem|p2a: Kommo-o|Throat Spray\n|-boost|p2a: Kommo-o|spa|1|[from] item: Throat Spray\n|move|p1b: Lurantis|Superpower|p2a: Kommo-o\n|-damage|p2a: Kommo-o|0 fnt\n|-boost|p1b: Lurantis|atk|1\n|-boost|p1b: Lurantis|def|1\n|faint|p2a: Kommo-o\n|\n|-heal|p1b: Lurantis|45\/100|[from] item: Leftovers\n|upkeep\n|\n|t:|1697685309\n|switch|p2a: Ogerpon|Ogerpon-Wellspring, F|100\/100\n|turn|6\n|\n|t:|1697685326\n|move|p2a: Ogerpon|Knock Off|p1b: Lurantis\n|-damage|p1b: Lurantis|33\/100\n|-enditem|p1b: Lurantis|Leftovers|[from] move: Knock Off|[of] p2a: Ogerpon\n|move|p1b: Lurantis|Superpower|p2b: Heatran\n|-supereffective|p2b: Heatran\n|-damage|p2b: Heatran|0 fnt\n|-boost|p1b: Lurantis|def|1\n|faint|p2b: Heatran\n|move|p1a: Clefairy|Life Dew|p1a: Clefairy|[spread] p1a,p1b\n|-heal|p1a: Clefairy|100\/100\n|-heal|p1b: Lurantis|58\/100\n|\n|upkeep\n|\n|t:|1697685332\n|switch|p2b: Landorus|Landorus-Therian, M|100\/100\n|-ability|p2b: Landorus|Intimidate|boost\n|-unboost|p1a: Clefairy|atk|1\n|-boost|p1b: Lurantis|atk|0\n|turn|7\n|\n|t:|1697685348\n|-terastallize|p1b: Lurantis|Steel\n|move|p2a: Ogerpon|Ivy Cudgel|p1b: Lurantis\n|-damage|p1b: Lurantis|43\/100\n|move|p2b: Landorus|U-turn|p1b: Lurantis\n|-resisted|p1b: Lurantis\n|-damage|p1b: Lurantis|40\/100\n|move|p1b: Lurantis|Leaf Storm|p2a: Ogerpon\n|-damage|p2a: Ogerpon|0 fnt\n|-boost|p1b: Lurantis|spa|1\n|faint|p2a: Ogerpon\n|move|p1a: Clefairy|Life Dew||[still]|[spread] p1a,p1b\n|-fail|p1a: Clefairy|heal\n|-heal|p1b: Lurantis|65\/100\n|\n|upkeep\n|turn|8\n|\n|t:|1697685359\n|move|p2b: Landorus|Earthquake|p1a: Clefairy|[spread] p1a,p1b\n|-supereffective|p1b: Lurantis\n|-damage|p1a: Clefairy|53\/100\n|-damage|p1b: Lurantis|41\/100\n|move|p1b: Lurantis|Leaf Storm|p2b: Landorus\n|-damage|p2b: Landorus|0 fnt\n|faint|p2b: Landorus\n|\n|win|SXD2002\n|raw|SXD2002's rating: 1037 &rarr; <strong>1073<\/strong><br \/>(+36 for winning)\n|raw|Real Swarm's rating: 1054 &rarr; <strong>1035<\/strong><br \/>(-19 for losing)\n|c|\u2606SXD2002|gg\n|l|\u2606Real Swarm\n","uploadtime":1697685367,"views":11,"p1id":"sxd2002","p2id":"realswarm","formatid":"gen9doublesou","rating":1035,"private":0,"password":""}