{"id":"gen9doublesou-1995850087","p1":"epileffg","p2":"DreadfulBuns","format":"[Gen 9] Doubles OU","log":"|j|\u2606epileffg\n|j|\u2606DreadfulBuns\n|t:|1700609499\n|gametype|doubles\n|player|p1|epileffg|hilbert-wonderlauncher|1137\n|player|p2|DreadfulBuns|1|1156\n|teamsize|p1|6\n|teamsize|p2|6\n|gen|9\n|tier|[Gen 9] Doubles OU\n|rated|\n|rule|Species Clause: Limit one of each Pok\u00e9mon\n|rule|OHKO Clause: OHKO moves are banned\n|rule|Evasion Moves Clause: Evasion moves are banned\n|rule|Gravity Sleep Clause: The combination of sleep-inducing moves with imperfect accuracy and Gravity or Gigantamax Orbeetle are banned\n|rule|Endless Battle Clause: Forcing endless battles is banned\n|rule|HP Percentage Mod: HP is shown in percentages\n|clearpoke\n|poke|p1|Landorus-Therian, M|\n|poke|p1|Amoonguss, F|\n|poke|p1|Flutter Mane|\n|poke|p1|Iron Hands|\n|poke|p1|Roaring Moon|\n|poke|p1|Heatran, F|\n|poke|p2|Grimmsnarl, M|\n|poke|p2|Pincurchin, F|\n|poke|p2|Iron Valiant|\n|poke|p2|Iron Hands|\n|poke|p2|Iron Leaves|\n|poke|p2|Iron Bundle|\n|teampreview\n|\n|t:|1700609521\n|start\n|switch|p1a: Iron Hands|Iron Hands|100\/100\n|switch|p1b: Roaring Moon|Roaring Moon|100\/100\n|switch|p2a: Grimmsnarl|Grimmsnarl, M|100\/100\n|switch|p2b: Iron Hands|Iron Hands|100\/100\n|turn|1\n|\n|t:|1700609552\n|-end|p1b: Roaring Moon|Protosynthesis|[silent]\n|switch|p1b: Flutter Mane|Flutter Mane|100\/100\n|move|p1a: Iron Hands|Fake Out|p2a: Grimmsnarl\n|-damage|p2a: Grimmsnarl|87\/100\n|move|p2b: Iron Hands|Fake Out|p1b: Flutter Mane\n|-immune|p1b: Flutter Mane\n|cant|p2a: Grimmsnarl|flinch\n|\n|upkeep\n|turn|2\n|\n|t:|1700609582\n|move|p2a: Grimmsnarl|Parting Shot|p1b: Flutter Mane\n|-unboost|p1b: Flutter Mane|atk|1\n|-unboost|p1b: Flutter Mane|spa|1\n|\n|t:|1700609588\n|switch|p2a: Pincurchin|Pincurchin, F|100\/100|[from] Parting Shot\n|-fieldstart|move: Electric Terrain|[from] ability: Electric Surge|[of] p2a: Pincurchin\n|-activate|p2b: Iron Hands|ability: Quark Drive\n|-start|p2b: Iron Hands|quarkdriveatk\n|-activate|p1a: Iron Hands|ability: Quark Drive\n|-start|p1a: Iron Hands|quarkdriveatk\n|move|p1b: Flutter Mane|Dazzling Gleam|p2b: Iron Hands|[spread] p2a,p2b\n|-supereffective|p2b: Iron Hands\n|-damage|p2a: Pincurchin|57\/100\n|-damage|p2b: Iron Hands|62\/100\n|move|p1a: Iron Hands|Drain Punch|p2a: Pincurchin\n|-damage|p2a: Pincurchin|9\/100\n|move|p2b: Iron Hands|Heavy Slam|p1b: Flutter Mane\n|-supereffective|p1b: Flutter Mane\n|-damage|p1b: Flutter Mane|0 fnt\n|faint|p1b: Flutter Mane\n|-end|p1b: Flutter Mane|Protosynthesis|[silent]\n|\n|upkeep\n|\n|t:|1700609613\n|switch|p1b: Heatran|Heatran, F|100\/100\n|turn|3\n|\n|t:|1700609639\n|switch|p2a: Iron Leaves|Iron Leaves|100\/100\n|-activate|p2a: Iron Leaves|ability: Quark Drive\n|-start|p2a: Iron Leaves|quarkdriveatk\n|move|p1b: Heatran|Earth Power|p2b: Iron Hands\n|-supereffective|p2b: Iron Hands\n|-damage|p2b: Iron Hands|29\/100\n|move|p2b: Iron Hands|Drain Punch|p1b: Heatran\n|-supereffective|p1b: Heatran\n|-damage|p1b: Heatran|0 fnt\n|-heal|p2b: Iron Hands|67\/100|[from] drain|[of] p1b: Heatran\n|faint|p1b: Heatran\n|move|p1a: Iron Hands|Drain Punch|p2a: Iron Leaves\n|-resisted|p2a: Iron Leaves\n|-crit|p2a: Iron Leaves\n|-damage|p2a: Iron Leaves|53\/100\n|\n|upkeep\n|\n|t:|1700609655\n|switch|p1b: Landorus|Landorus-Therian, M|100\/100\n|-ability|p1b: Landorus|Intimidate|boost\n|-unboost|p2a: Iron Leaves|atk|1\n|-unboost|p2b: Iron Hands|atk|1\n|turn|4\n|\n|t:|1700609667\n|move|p2a: Iron Leaves|Psyblade|p1a: Iron Hands\n|-supereffective|p1a: Iron Hands\n|-damage|p1a: Iron Hands|32\/100\n|move|p1b: Landorus|Stealth Rock|p2b: Iron Hands\n|-sidestart|p2: DreadfulBuns|move: Stealth Rock\n|move|p1a: Iron Hands|Ice Punch|p2a: Iron Leaves\n|-supereffective|p2a: Iron Leaves\n|-damage|p2a: Iron Leaves|0 fnt\n|faint|p2a: Iron Leaves\n|-end|p2a: Iron Leaves|Quark Drive|[silent]\n|move|p2b: Iron Hands|Drain Punch|p1a: Iron Hands\n|-damage|p1a: Iron Hands|9\/100\n|-heal|p2b: Iron Hands|79\/100|[from] drain|[of] p1a: Iron Hands\n|\n|upkeep\n|\n|t:|1700609680\n|switch|p2a: Iron Bundle|Iron Bundle|100\/100\n|-damage|p2a: Iron Bundle|76\/100|[from] Stealth Rock\n|-activate|p2a: Iron Bundle|ability: Quark Drive\n|-start|p2a: Iron Bundle|quarkdrivespe\n|turn|5\n|\n|t:|1700609693\n|move|p2a: Iron Bundle|Icy Wind|p1b: Landorus|[spread] p1a,p1b\n|-supereffective|p1b: Landorus\n|-damage|p1a: Iron Hands|0 fnt\n|-damage|p1b: Landorus|0 fnt\n|faint|p1a: Iron Hands\n|-end|p1a: Iron Hands|Quark Drive|[silent]\n|faint|p1b: Landorus\n|-damage|p2a: Iron Bundle|66\/100|[from] item: Life Orb\n|move|p2b: Iron Hands|Heavy Slam|p1: Iron Hands|[notarget]\n|-fail|p2b: Iron Hands\n|\n|upkeep\n|\n|t:|1700609702\n|switch|p1b: Amoonguss|Amoonguss, F|100\/100\n|switch|p1a: Roaring Moon|Roaring Moon|100\/100\n|turn|6\n|\n|t:|1700609731\n|move|p2a: Iron Bundle|Icy Wind|p1b: Amoonguss|[spread] p1a,p1b\n|-supereffective|p1a: Roaring Moon\n|-supereffective|p1b: Amoonguss\n|-damage|p1a: Roaring Moon|69\/100\n|-damage|p1b: Amoonguss|64\/100\n|-unboost|p1a: Roaring Moon|spe|1\n|-unboost|p1b: Amoonguss|spe|1\n|-damage|p2a: Iron Bundle|56\/100|[from] item: Life Orb\n|move|p1a: Roaring Moon|Iron Head|p2a: Iron Bundle\n|-damage|p2a: Iron Bundle|18\/100\n|move|p2b: Iron Hands|Wild Charge|p1a: Roaring Moon\n|-resisted|p1a: Roaring Moon\n|-damage|p1a: Roaring Moon|25\/100\n|-damage|p2b: Iron Hands|71\/100|[from] Recoil\n|move|p1b: Amoonguss|Pollen Puff|p1a: Roaring Moon\n|-heal|p1a: Roaring Moon|75\/100\n|\n|-heal|p1b: Amoonguss|70\/100|[from] item: Leftovers\n|upkeep\n|turn|7\n|-message|epileffg forfeited.\n|\n|win|DreadfulBuns\n|raw|epileffg's rating: 1137 &rarr; <strong>1113<\/strong><br \/>(-24 for losing)\n|raw|DreadfulBuns's rating: 1156 &rarr; <strong>1180<\/strong><br \/>(+24 for winning)\n|l|\u2606epileffg\n|c|\u2606DreadfulBuns|cmon\n","uploadtime":1700609762,"views":3,"p1id":"epileffg","p2id":"dreadfulbuns","formatid":"gen9doublesou","rating":1113,"private":0,"password":""}