{"id":"gen9doublesou-1969281783","p1":"jettrr27","p2":"Champion's Melody","format":"[Gen 9] Doubles OU","log":"|j|\u2606jettrr27\n|j|\u2606Champion's Melody\n|t:|1697509419\n|gametype|doubles\n|player|p1|jettrr27|170|1307\n|player|p2|Champion's Melody|cynthia|1187\n|teamsize|p1|6\n|teamsize|p2|6\n|gen|9\n|tier|[Gen 9] Doubles OU\n|rated|\n|rule|Species Clause: Limit one of each Pok\u00e9mon\n|rule|OHKO Clause: OHKO moves are banned\n|rule|Evasion Moves Clause: Evasion moves are banned\n|rule|Gravity Sleep Clause: The combination of sleep-inducing moves with imperfect accuracy and Gravity or Gigantamax Orbeetle are banned\n|rule|Endless Battle Clause: Forcing endless battles is banned\n|rule|HP Percentage Mod: HP is shown in percentages\n|clearpoke\n|poke|p1|Ursaluna-Bloodmoon, M|\n|poke|p1|Goodra-Hisui, M|\n|poke|p1|Tornadus, M|\n|poke|p1|Ninetales-Alola, F|\n|poke|p1|Articuno|\n|poke|p1|Sinistcha|\n|poke|p2|Lurantis, M|\n|poke|p2|Gliscor, F|\n|poke|p2|Salazzle, F|\n|poke|p2|Kleavor, M|\n|poke|p2|Basculegion-F, F|\n|poke|p2|Empoleon, M|\n|teampreview\n|inactive|Battle timer is ON: inactive players will automatically lose when time's up. (requested by Champion's Melody)\n|\n|t:|1697509447\n|start\n|switch|p1a: Ninetales|Ninetales-Alola, F|100\/100\n|switch|p1b: Articuno|Articuno|100\/100\n|switch|p2a: Empoleon|Empoleon, M|100\/100\n|switch|p2b: Kleavor|Kleavor, M|100\/100\n|-weather|Snow|[from] ability: Snow Warning|[of] p1a: Ninetales\n|turn|1\n|inactive|jettrr27 has 120 seconds left.\n|\n|t:|1697509484\n|-terastallize|p1a: Ninetales|Fire\n|move|p1a: Ninetales|Aurora Veil|p1a: Ninetales\n|-sidestart|p1: jettrr27|move: Aurora Veil\n|move|p2b: Kleavor|Stone Axe|p1b: Articuno\n|-supereffective|p1b: Articuno\n|-damage|p1b: Articuno|0 fnt\n|-sidestart|p1: jettrr27|move: Stealth Rock\n|faint|p1b: Articuno\n|move|p2a: Empoleon|Flash Cannon|p1a: Ninetales\n|-resisted|p1a: Ninetales\n|-damage|p1a: Ninetales|75\/100\n|\n|-weather|Snow|[upkeep]\n|upkeep\n|\n|t:|1697509500\n|switch|p1b: Goodra|Goodra-Hisui, M|100\/100\n|-damage|p1b: Goodra|94\/100|[from] Stealth Rock\n|turn|2\n|inactive|jettrr27 has 120 seconds left.\n|\n|t:|1697509519\n|switch|p2a: Gliscor|Gliscor, F|100\/100\n|move|p1a: Ninetales|Blizzard|p2b: Kleavor|[spread] p2a,p2b\n|-supereffective|p2a: Gliscor\n|-damage|p2a: Gliscor|0 fnt\n|-damage|p2b: Kleavor|51\/100\n|faint|p2a: Gliscor\n|move|p2b: Kleavor|Stone Axe|p1a: Ninetales\n|-supereffective|p1a: Ninetales\n|-damage|p1a: Ninetales|0 fnt\n|faint|p1a: Ninetales\n|move|p1b: Goodra|Shelter|p1b: Goodra\n|-boost|p1b: Goodra|def|2\n|\n|-weather|Snow|[upkeep]\n|-heal|p1b: Goodra|100\/100|[from] item: Leftovers\n|upkeep\n|\n|t:|1697509535\n|switch|p1a: Tornadus|Tornadus, M|100\/100\n|switch|p2a: Salazzle|Salazzle, F, shiny|100\/100\n|turn|3\n|\n|t:|1697509546\n|move|p1a: Tornadus|Tailwind|p1a: Tornadus\n|-sidestart|p1: jettrr27|move: Tailwind\n|move|p2a: Salazzle|Nasty Plot|p2a: Salazzle\n|-boost|p2a: Salazzle|spa|2\n|move|p1b: Goodra|Body Press|p2b: Kleavor\n|-damage|p2b: Kleavor|0 fnt\n|faint|p2b: Kleavor\n|\n|-weather|Snow|[upkeep]\n|upkeep\n|\n|t:|1697509558\n|switch|p2b: Basculegion|Basculegion-F, F|100\/100\n|turn|4\n|\n|t:|1697509571\n|move|p1b: Goodra|Protect|p1b: Goodra\n|-singleturn|p1b: Goodra|Protect\n|move|p1a: Tornadus|Knock Off|p2b: Basculegion\n|-supereffective|p2b: Basculegion\n|-damage|p2b: Basculegion|38\/100\n|-enditem|p2b: Basculegion|Choice Scarf|[from] move: Knock Off|[of] p1a: Tornadus\n|move|p2a: Salazzle|Fire Blast|p1b: Goodra\n|-activate|p1b: Goodra|move: Protect\n|move|p2b: Basculegion|Last Respects|p1a: Tornadus\n|-damage|p1a: Tornadus|17\/100\n|\n|-weather|Snow|[upkeep]\n|upkeep\n|turn|5\n|inactive|Champion's Melody has 120 seconds left.\n|\n|t:|1697509603\n|move|p1a: Tornadus|Knock Off|p2a: Salazzle\n|-damage|p2a: Salazzle|49\/100\n|-enditem|p2a: Salazzle|Leftovers|[from] move: Knock Off|[of] p1a: Tornadus\n|move|p2a: Salazzle|Fire Blast|p1b: Goodra\n|-damage|p1b: Goodra|64\/100\n|move|p1b: Goodra|Body Press|p2a: Salazzle\n|-resisted|p2a: Salazzle\n|-damage|p2a: Salazzle|3\/100\n|move|p2b: Basculegion|Flip Turn|p1a: Tornadus\n|-damage|p1a: Tornadus|0 fnt\n|faint|p1a: Tornadus\n|inactive|Champion's Melody has 120 seconds left.\n|\n|t:|1697509618\n|switch|p2b: Lurantis|Lurantis, M|100\/100|[from] Flip Turn\n|\n|-weather|Snow|[upkeep]\n|-heal|p1b: Goodra|70\/100|[from] item: Leftovers\n|-sideend|p1: jettrr27|move: Aurora Veil\n|upkeep\n|inactive|jettrr27 has 120 seconds left.\n|\n|t:|1697509647\n|switch|p1a: Sinistcha|Sinistcha|100\/100\n|-damage|p1a: Sinistcha|88\/100|[from] Stealth Rock\n|-heal|p1b: Goodra|95\/100|[from] ability: Hospitality|[of] p1a: Sinistcha\n|turn|6\n|\n|t:|1697509666\n|move|p2a: Salazzle|Sludge Bomb|p1a: Sinistcha\n|-damage|p1a: Sinistcha|0 fnt\n|faint|p1a: Sinistcha\n|move|p1b: Goodra|Shelter|p1b: Goodra\n|-boost|p1b: Goodra|def|2\n|move|p2b: Lurantis|Superpower|p1b: Goodra\n|-supereffective|p1b: Goodra\n|-damage|p1b: Goodra|73\/100\n|-boost|p2b: Lurantis|atk|1\n|-boost|p2b: Lurantis|def|1\n|\n|-weather|Snow|[upkeep]\n|-heal|p1b: Goodra|79\/100|[from] item: Leftovers\n|-sideend|p1: jettrr27|move: Tailwind\n|upkeep\n|inactive|jettrr27 has 120 seconds left.\n|\n|t:|1697509678\n|switch|p1a: Ursaluna|Ursaluna-Bloodmoon, M|100\/100\n|-damage|p1a: Ursaluna|94\/100|[from] Stealth Rock\n|turn|7\n|\n|t:|1697509691\n|-terastallize|p2a: Salazzle|Flying\n|move|p2a: Salazzle|Sludge Bomb|p1a: Ursaluna\n|-resisted|p1a: Ursaluna\n|-damage|p1a: Ursaluna|66\/100\n|move|p1b: Goodra|Body Press|p2b: Lurantis\n|-damage|p2b: Lurantis|56\/100\n|move|p1a: Ursaluna|Hyper Voice|p2b: Lurantis|[spread] p2a,p2b\n|-damage|p2a: Salazzle|0 fnt\n|-damage|p2b: Lurantis|28\/100\n|faint|p2a: Salazzle\n|move|p2b: Lurantis|Superpower|p1a: Ursaluna\n|-supereffective|p1a: Ursaluna\n|-crit|p1a: Ursaluna\n|-damage|p1a: Ursaluna|0 fnt\n|-boost|p2b: Lurantis|atk|1\n|-boost|p2b: Lurantis|def|1\n|faint|p1a: Ursaluna\n|\n|-weather|Snow|[upkeep]\n|-heal|p1b: Goodra|85\/100|[from] item: Leftovers\n|upkeep\n|\n|t:|1697509711\n|switch|p2a: Basculegion|Basculegion-F, F|38\/100\n|turn|8\n|\n|t:|1697509717\n|move|p2a: Basculegion|Last Respects|p1b: Goodra\n|-damage|p1b: Goodra|52\/100\n|move|p1b: Goodra|Body Press|p2b: Lurantis\n|-damage|p2b: Lurantis|0 fnt\n|faint|p2b: Lurantis\n|\n|-weather|none\n|-heal|p1b: Goodra|58\/100|[from] item: Leftovers\n|upkeep\n|\n|t:|1697509726\n|switch|p2b: Empoleon|Empoleon, M|100\/100\n|turn|9\n|\n|t:|1697509735\n|move|p2a: Basculegion|Last Respects|p1b: Goodra\n|-damage|p1b: Goodra|18\/100\n|move|p1b: Goodra|Body Press|p2b: Empoleon\n|-supereffective|p2b: Empoleon\n|-damage|p2b: Empoleon|0 fnt\n|faint|p2b: Empoleon\n|\n|-heal|p1b: Goodra|24\/100|[from] item: Leftovers\n|upkeep\n|turn|10\n|\n|t:|1697509744\n|move|p1b: Goodra|Protect|p1b: Goodra\n|-singleturn|p1b: Goodra|Protect\n|move|p2a: Basculegion|Last Respects|p1b: Goodra\n|-activate|p1b: Goodra|move: Protect\n|\n|-heal|p1b: Goodra|30\/100|[from] item: Leftovers\n|upkeep\n|turn|11\n|\n|t:|1697509753\n|move|p2a: Basculegion|Last Respects|p1b: Goodra\n|-damage|p1b: Goodra|0 fnt\n|faint|p1b: Goodra\n|\n|win|Champion's Melody\n|raw|jettrr27's rating: 1307 &rarr; <strong>1280<\/strong><br \/>(-27 for losing)\n|raw|Champion&apos;s Melody's rating: 1187 &rarr; <strong>1220<\/strong><br \/>(+33 for winning)\n|l|\u2606jettrr27\n","uploadtime":1697509760,"views":10,"p1id":"jettrr27","p2id":"championsmelody","formatid":"gen9doublesou","rating":1220,"private":0,"password":""}