{"id":"gen9doublesou-1998925498","p1":"expressocorgi","p2":"cotesmcgotes","format":"[Gen 9] Doubles OU","log":"|j|\u2606expressocorgi\n|j|\u2606cotesmcgotes\n|t:|1701013838\n|gametype|doubles\n|player|p1|expressocorgi|169|1253\n|player|p2|cotesmcgotes|flannery|1370\n|teamsize|p1|6\n|teamsize|p2|6\n|gen|9\n|tier|[Gen 9] Doubles OU\n|rated|\n|rule|Species Clause: Limit one of each Pok\u00e9mon\n|rule|OHKO Clause: OHKO moves are banned\n|rule|Evasion Moves Clause: Evasion moves are banned\n|rule|Gravity Sleep Clause: The combination of sleep-inducing moves with imperfect accuracy and Gravity or Gigantamax Orbeetle are banned\n|rule|Endless Battle Clause: Forcing endless battles is banned\n|rule|HP Percentage Mod: HP is shown in percentages\n|clearpoke\n|poke|p1|Cryogonal|\n|poke|p1|Krookodile, F|\n|poke|p1|Roaring Moon|\n|poke|p1|Gholdengo|\n|poke|p1|Iron Hands|\n|poke|p1|Ogerpon-Wellspring, F|\n|poke|p2|Cresselia, F|\n|poke|p2|Overqwil, M|\n|poke|p2|Pelipper, M|\n|poke|p2|Barraskewda, M|\n|poke|p2|Gholdengo|\n|poke|p2|Decidueye-Hisui, M|\n|teampreview\n|inactive|Battle timer is ON: inactive players will automatically lose when time's up. (requested by expressocorgi)\n|\n|t:|1701013854\n|start\n|switch|p1a: Iron Hands|Iron Hands, shiny|100\/100\n|switch|p1b: Ogerpon|Ogerpon-Wellspring, F|100\/100\n|switch|p2a: Pelipper|Pelipper, M|100\/100\n|switch|p2b: Barraskewda|Barraskewda, M, shiny|100\/100\n|-weather|RainDance|[from] ability: Drizzle|[of] p2a: Pelipper\n|turn|1\n|\n|t:|1701013869\n|switch|p2b: Decidueye|Decidueye-Hisui, M|100\/100\n|move|p1b: Ogerpon|Spiky Shield|p1b: Ogerpon\n|-singleturn|p1b: Ogerpon|move: Protect\n|move|p1a: Iron Hands|Fake Out|p2b: Decidueye\n|-damage|p2b: Decidueye|83\/100\n|move|p2a: Pelipper|Tailwind|p2a: Pelipper\n|-sidestart|p2: cotesmcgotes|move: Tailwind\n|\n|-weather|RainDance|[upkeep]\n|upkeep\n|turn|2\n|\n|t:|1701013897\n|switch|p1b: Gholdengo|Gholdengo, shiny|100\/100\n|switch|p2b: Gholdengo|Gholdengo|100\/100\n|move|p2a: Pelipper|Hurricane|p1b: Gholdengo\n|-resisted|p1b: Gholdengo\n|-damage|p1b: Gholdengo|76\/100\n|move|p1a: Iron Hands|Wild Charge|p2a: Pelipper\n|-supereffective|p2a: Pelipper\n|-damage|p2a: Pelipper|0 fnt\n|faint|p2a: Pelipper\n|-damage|p1a: Iron Hands|85\/100|[from] Recoil\n|\n|-weather|RainDance|[upkeep]\n|-heal|p1b: Gholdengo|82\/100|[from] item: Leftovers\n|upkeep\n|inactive|cotesmcgotes has 120 seconds left.\n|\n|t:|1701013919\n|switch|p2a: Overqwil|Overqwil, M|100\/100\n|turn|3\n|\n|t:|1701013936\n|-end|p1a: Iron Hands|Quark Drive|[silent]\n|switch|p1a: Ogerpon|Ogerpon-Wellspring, F|100\/100\n|move|p2a: Overqwil|Crunch|p1b: Gholdengo\n|-supereffective|p1b: Gholdengo\n|-damage|p1b: Gholdengo|0 fnt\n|faint|p1b: Gholdengo\n|move|p2b: Gholdengo|Shadow Ball|p1a: Ogerpon\n|-damage|p1a: Ogerpon|43\/100\n|\n|-weather|RainDance|[upkeep]\n|upkeep\n|\n|t:|1701013948\n|switch|p1b: Iron Hands|Iron Hands, shiny|85\/100\n|turn|4\n|inactive|cotesmcgotes has 120 seconds left.\n|inactive|cotesmcgotes has 90 seconds left.\n|\n|t:|1701014014\n|switch|p2a: Cresselia|Cresselia, F, shiny|100\/100\n|move|p1b: Iron Hands|Fake Out|p2a: Cresselia\n|-damage|p2a: Cresselia|88\/100\n|move|p2b: Gholdengo|Nasty Plot|p2b: Gholdengo\n|-boost|p2b: Gholdengo|spa|2\n|move|p1a: Ogerpon|Ivy Cudgel|p2b: Gholdengo|[anim] Ivy Cudgel Water\n|-crit|p2b: Gholdengo\n|-damage|p2b: Gholdengo|0 fnt\n|faint|p2b: Gholdengo\n|\n|-weather|RainDance|[upkeep]\n|-heal|p2a: Cresselia|94\/100|[from] item: Leftovers\n|-sideend|p2: cotesmcgotes|move: Tailwind\n|upkeep\n|\n|t:|1701014042\n|switch|p2b: Barraskewda|Barraskewda, M, shiny|100\/100\n|turn|5\n|\n|t:|1701014056\n|-end|p1b: Iron Hands|Quark Drive|[silent]\n|switch|p1b: Cryogonal|Cryogonal, shiny|100\/100\n|-terastallize|p2a: Cresselia|Electric\n|move|p2b: Barraskewda|Acupressure|p2a: Cresselia\n|-boost|p2a: Cresselia|spe|2\n|move|p2a: Cresselia|Calm Mind|p2a: Cresselia\n|-boost|p2a: Cresselia|spa|1\n|-boost|p2a: Cresselia|spd|1\n|move|p1a: Ogerpon|Horn Leech|p2b: Barraskewda\n|-supereffective|p2b: Barraskewda\n|-damage|p2b: Barraskewda|0 fnt\n|-heal|p1a: Ogerpon|87\/100|[from] drain|[of] p2b: Barraskewda\n|faint|p2b: Barraskewda\n|\n|-weather|RainDance|[upkeep]\n|-heal|p2a: Cresselia|100\/100|[from] item: Leftovers\n|upkeep\n|inactive|cotesmcgotes has 90 seconds left.\n|\n|t:|1701014068\n|switch|p2b: Overqwil|Overqwil, M|100\/100\n|turn|6\n|\n|t:|1701014095\n|move|p2b: Overqwil|Acupressure|p2a: Cresselia\n|-boost|p2a: Cresselia|def|2\n|move|p2a: Cresselia|Stored Power|p1a: Ogerpon\n|-damage|p1a: Ogerpon|0 fnt\n|faint|p1a: Ogerpon\n|move|p1b: Cryogonal|Avalanche|p2a: Cresselia\n|-damage|p2a: Cresselia|94\/100\n|\n|-weather|RainDance|[upkeep]\n|-heal|p2a: Cresselia|99\/100|[from] item: Leftovers\n|upkeep\n|\n|t:|1701014104\n|switch|p1a: Roaring Moon|Roaring Moon, shiny|100\/100\n|-enditem|p1a: Roaring Moon|Booster Energy\n|-activate|p1a: Roaring Moon|ability: Protosynthesis|[fromitem]\n|-start|p1a: Roaring Moon|protosynthesisatk\n|turn|7\n|\n|t:|1701014116\n|switch|p1b: Krookodile|Krookodile, F, shiny|100\/100\n|move|p2b: Overqwil|Acupressure|p2a: Cresselia\n|-boost|p2a: Cresselia|spe|2\n|move|p2a: Cresselia|Moonblast|p1a: Roaring Moon\n|-supereffective|p1a: Roaring Moon\n|-damage|p1a: Roaring Moon|0 fnt\n|faint|p1a: Roaring Moon\n|-end|p1a: Roaring Moon|Protosynthesis|[silent]\n|\n|-weather|RainDance|[upkeep]\n|-heal|p2a: Cresselia|100\/100|[from] item: Leftovers\n|upkeep\n|\n|t:|1701014126\n|switch|p1a: Cryogonal|Cryogonal, shiny|100\/100\n|turn|8\n|\n|t:|1701014135\n|-terastallize|p1b: Krookodile|Dark\n|move|p2a: Cresselia|Stored Power|p1a: Cryogonal\n|-damage|p1a: Cryogonal|14\/100\n|move|p2b: Overqwil|Acupressure|p2a: Cresselia\n|-boost|p2a: Cresselia|atk|2\n|move|p1a: Cryogonal|Frost Breath|p1b: Krookodile\n|-crit|p1b: Krookodile\n|-damage|p1b: Krookodile|65\/100\n|-setboost|p1b: Krookodile|atk|6|[from] ability: Anger Point\n|move|p1b: Krookodile|Rock Slide|p2b: Overqwil|[spread] p2a,p2b\n|-damage|p2a: Cresselia|73\/100\n|-damage|p2b: Overqwil|20\/100\n|\n|-weather|none\n|-heal|p2a: Cresselia|79\/100|[from] item: Leftovers\n|-heal|p2b: Overqwil|27\/100|[from] item: Black Sludge\n|upkeep\n|turn|9\n|\n|t:|1701014156\n|move|p2a: Cresselia|Moonblast|p1b: Krookodile\n|-supereffective|p1b: Krookodile\n|-damage|p1b: Krookodile|0 fnt\n|faint|p1b: Krookodile\n|move|p1a: Cryogonal|Frost Breath|p2a: Cresselia|[miss]\n|-miss|p1a: Cryogonal|p2a: Cresselia\n|move|p2b: Overqwil|Acupressure|p2a: Cresselia\n|-boost|p2a: Cresselia|spd|2\n|\n|-heal|p2a: Cresselia|85\/100|[from] item: Leftovers\n|-heal|p2b: Overqwil|33\/100|[from] item: Black Sludge\n|upkeep\n|\n|t:|1701014160\n|switch|p1b: Iron Hands|Iron Hands, shiny|85\/100\n|turn|10\n|\n|t:|1701014175\n|move|p1b: Iron Hands|Fake Out|p2a: Cresselia\n|-damage|p2a: Cresselia|79\/100\n|cant|p2a: Cresselia|flinch\n|move|p1a: Cryogonal|Frost Breath|p2a: Cresselia\n|-crit|p2a: Cresselia\n|-damage|p2a: Cresselia|60\/100\n|move|p2b: Overqwil|Crunch|p1a: Cryogonal\n|-crit|p1a: Cryogonal\n|-damage|p1a: Cryogonal|0 fnt\n|faint|p1a: Cryogonal\n|\n|-heal|p2a: Cresselia|66\/100|[from] item: Leftovers\n|-heal|p2b: Overqwil|39\/100|[from] item: Black Sludge\n|upkeep\n|turn|11\n|-message|expressocorgi forfeited.\n|\n|win|cotesmcgotes\n|raw|expressocorgi's rating: 1253 &rarr; <strong>1236<\/strong><br \/>(-17 for losing)\n|raw|cotesmcgotes's rating: 1370 &rarr; <strong>1384<\/strong><br \/>(+14 for winning)\n|l|\u2606expressocorgi\n","uploadtime":1701014190,"views":5,"p1id":"expressocorgi","p2id":"cotesmcgotes","formatid":"gen9doublesou","rating":1236,"private":0,"password":""}