{"id":"gen9doublesou-1971889713","p1":"MonikakinoM","p2":"TwentyTap","format":"[Gen 9] Doubles OU","log":"|j|\u2606MonikakinoM\n|j|\u2606TwentyTap\n|t:|1697787586\n|gametype|doubles\n|player|p1|MonikakinoM|hilda-wonderlauncher|\n|player|p2|TwentyTap|n|\n|teamsize|p1|6\n|teamsize|p2|6\n|gen|9\n|tier|[Gen 9] Doubles OU\n|rule|Species Clause: Limit one of each Pok\u00e9mon\n|rule|OHKO Clause: OHKO moves are banned\n|rule|Evasion Moves Clause: Evasion moves are banned\n|rule|Gravity Sleep Clause: The combination of sleep-inducing moves with imperfect accuracy and Gravity or Gigantamax Orbeetle are banned\n|rule|Endless Battle Clause: Forcing endless battles is banned\n|rule|HP Percentage Mod: HP is shown in percentages\n|clearpoke\n|poke|p1|Ursaluna, M|\n|poke|p1|Cresselia, F|\n|poke|p1|Tinkaton, F|\n|poke|p1|Hatterene, F|\n|poke|p1|Avalugg-Hisui, M|\n|poke|p1|Amoonguss, M|\n|poke|p2|Flutter Mane|\n|poke|p2|Kingambit, M|\n|poke|p2|Amoonguss, M|\n|poke|p2|Zoroark-Hisui, F|\n|poke|p2|Ogerpon-Wellspring, F|\n|poke|p2|Goodra-Hisui, M|\n|teampreview\n|\n|t:|1697787604\n|start\n|switch|p1a: Amoonguss|Amoonguss, M|100\/100\n|switch|p1b: Cresselia|Cresselia, F|100\/100\n|switch|p2a: Kingambit|Kingambit, M|100\/100\n|switch|p2b: Amoonguss|Amoonguss, M|100\/100\n|turn|1\n|\n|t:|1697787627\n|move|p1a: Amoonguss|Rage Powder|p1a: Amoonguss\n|-singleturn|p1a: Amoonguss|move: Rage Powder\n|move|p2a: Kingambit|Kowtow Cleave|p1a: Amoonguss\n|-crit|p1a: Amoonguss\n|-damage|p1a: Amoonguss|41\/100\n|move|p2b: Amoonguss|Sludge Bomb|p1b: Cresselia\n|-damage|p1b: Cresselia|87\/100\n|move|p1b: Cresselia|Trick Room|p1b: Cresselia\n|-fieldstart|move: Trick Room|[of] p1b: Cresselia\n|\n|-heal|p1a: Amoonguss|47\/100|[from] item: Leftovers\n|-heal|p1b: Cresselia|93\/100|[from] item: Leftovers\n|upkeep\n|turn|2\n|\n|t:|1697787658\n|switch|p1a: Avalugg|Avalugg-Hisui, M|100\/100\n|move|p2b: Amoonguss|Toxic|p1a: Avalugg\n|-status|p1a: Avalugg|tox\n|move|p2a: Kingambit|Air Slash|p1a: Avalugg\n|-resisted|p1a: Avalugg\n|-damage|p1a: Avalugg|87\/100 tox\n|move|p1b: Cresselia|Lunar Blessing|p1b: Cresselia|[spread] p1a,p1b\n|-heal|p1a: Avalugg|100\/100 tox\n|-curestatus|p1a: Avalugg|tox|[msg]\n|-heal|p1b: Cresselia|100\/100\n|\n|upkeep\n|turn|3\n|inactive|Battle timer is ON: inactive players will automatically lose when time's up. (requested by MonikakinoM)\n|\n|t:|1697787690\n|move|p1a: Avalugg|Iron Defense|p1a: Avalugg\n|-boost|p1a: Avalugg|def|2\n|move|p2b: Amoonguss|Spore|p1a: Avalugg\n|-status|p1a: Avalugg|slp|[from] move: Spore\n|move|p2a: Kingambit|Kowtow Cleave|p1b: Cresselia\n|-supereffective|p1b: Cresselia\n|-damage|p1b: Cresselia|33\/100\n|move|p1b: Cresselia|Psychic|p2b: Amoonguss\n|-supereffective|p2b: Amoonguss\n|-damage|p2b: Amoonguss|69\/100\n|\n|-heal|p1b: Cresselia|39\/100|[from] item: Leftovers\n|upkeep\n|turn|4\n|inactive|TwentyTap has 270 seconds left.\n|\n|t:|1697787732\n|switch|p2b: Goodra|Goodra-Hisui, M|100\/100\n|-terastallize|p1a: Avalugg|Fighting\n|cant|p1a: Avalugg|slp\n|move|p2a: Kingambit|Kowtow Cleave|p1b: Cresselia\n|-supereffective|p1b: Cresselia\n|-damage|p1b: Cresselia|0 fnt\n|faint|p1b: Cresselia\n|\n|upkeep\n|\n|t:|1697787743\n|switch|p1b: Ursaluna|Ursaluna, M|100\/100\n|turn|5\n|\n|t:|1697787760\n|-terastallize|p2a: Kingambit|Flying\n|move|p2b: Goodra|Protect|p2b: Goodra\n|-singleturn|p2b: Goodra|Protect\n|cant|p1a: Avalugg|slp\n|move|p1b: Ursaluna|Earthquake|p2b: Goodra|[spread] p1a\n|-activate|p2b: Goodra|move: Protect\n|-immune|p2a: Kingambit\n|-damage|p1a: Avalugg|88\/100 slp\n|move|p2a: Kingambit|Air Slash|p1a: Avalugg\n|-supereffective|p1a: Avalugg\n|-damage|p1a: Avalugg|10\/100 slp\n|\n|-fieldend|move: Trick Room\n|-status|p1b: Ursaluna|brn|[from] item: Flame Orb\n|upkeep\n|turn|6\n|\n|t:|1697787786\n|move|p2a: Kingambit|Sucker Punch||[still]\n|-fail|p2a: Kingambit\n|move|p2b: Goodra|Draco Meteor|p1b: Ursaluna\n|-damage|p1b: Ursaluna|58\/100 brn\n|-unboost|p2b: Goodra|spa|2\n|move|p1b: Ursaluna|Facade|p2a: Kingambit\n|-damage|p2a: Kingambit|8\/100\n|-curestatus|p1a: Avalugg|slp|[msg]\n|move|p1a: Avalugg|Recover|p1a: Avalugg\n|-heal|p1a: Avalugg|60\/100\n|\n|-damage|p1b: Ursaluna|52\/100 brn|[from] brn\n|upkeep\n|turn|7\n|\n|t:|1697787809\n|move|p2a: Kingambit|Sucker Punch|p1a: Avalugg\n|-resisted|p1a: Avalugg\n|-damage|p1a: Avalugg|55\/100\n|move|p2b: Goodra|Flamethrower|p1a: Avalugg\n|-damage|p1a: Avalugg|28\/100\n|move|p1b: Ursaluna|Facade|p2a: Kingambit\n|-damage|p2a: Kingambit|0 fnt\n|faint|p2a: Kingambit\n|move|p1a: Avalugg|Body Press|p2b: Goodra\n|-supereffective|p2b: Goodra\n|-damage|p2b: Goodra|0 fnt\n|-ability|p2b: Goodra|Gooey\n|-unboost|p1a: Avalugg|spe|1\n|faint|p2b: Goodra\n|\n|-damage|p1b: Ursaluna|46\/100 brn|[from] brn\n|upkeep\n|inactive|TwentyTap has 270 seconds left.\n|\n|t:|1697787847\n|switch|p2b: Ogerpon|Ogerpon-Wellspring, F|100\/100\n|switch|p2a: Amoonguss|Amoonguss, M|100\/100\n|turn|8\n|inactive|TwentyTap has 270 seconds left.\n|\n|t:|1697787862\n|move|p2a: Amoonguss|Focus Blast|p1b: Ursaluna|[miss]\n|-miss|p2a: Amoonguss|p1b: Ursaluna\n|move|p2b: Ogerpon|Ivy Cudgel|p1a: Avalugg\n|-damage|p1a: Avalugg|11\/100\n|move|p1b: Ursaluna|Facade|p2a: Amoonguss\n|-immune|p2a: Amoonguss\n|move|p1a: Avalugg|Body Press|p2b: Ogerpon\n|-crit|p2b: Ogerpon\n|-damage|p2b: Ogerpon|0 fnt\n|faint|p2b: Ogerpon\n|\n|-damage|p1b: Ursaluna|40\/100 brn|[from] brn\n|upkeep\n|\n|t:|1697787879\n|switch|p2b: Flutter Mane|Flutter Mane, shiny|100\/100\n|-enditem|p2b: Flutter Mane|Booster Energy\n|-activate|p2b: Flutter Mane|ability: Protosynthesis|[fromitem]\n|-start|p2b: Flutter Mane|protosynthesisspe\n|turn|9\n|\n|t:|1697787891\n|move|p2b: Flutter Mane|Dazzling Gleam|p1b: Ursaluna|[spread] p1a,p1b\n|-supereffective|p1a: Avalugg\n|-damage|p1a: Avalugg|0 fnt\n|-damage|p1b: Ursaluna|10\/100 brn\n|faint|p1a: Avalugg\n|move|p2a: Amoonguss|Focus Blast|p1b: Ursaluna\n|-supereffective|p1b: Ursaluna\n|-damage|p1b: Ursaluna|0 fnt\n|faint|p1b: Ursaluna\n|\n|upkeep\n|\n|t:|1697787900\n|switch|p1b: Amoonguss|Amoonguss, M|80\/100\n|switch|p1a: Hatterene|Hatterene, F|100\/100\n|turn|10\n|\n|t:|1697787916\n|move|p2b: Flutter Mane|Protect|p2b: Flutter Mane\n|-singleturn|p2b: Flutter Mane|Protect\n|move|p1b: Amoonguss|Rage Powder|p1b: Amoonguss\n|-singleturn|p1b: Amoonguss|move: Rage Powder\n|move|p2a: Amoonguss|Focus Blast|p1b: Amoonguss\n|-resisted|p1b: Amoonguss\n|-damage|p1b: Amoonguss|50\/100\n|move|p1a: Hatterene|Trick Room|p1a: Hatterene\n|-fieldstart|move: Trick Room|[of] p1a: Hatterene\n|\n|-heal|p1b: Amoonguss|57\/100|[from] item: Leftovers\n|upkeep\n|turn|11\n|\n|t:|1697787932\n|switch|p1b: Tinkaton|Tinkaton, F|100\/100\n|-ability|p1b: Tinkaton|Mold Breaker\n|move|p1a: Hatterene|Mystical Fire|p2a: Amoonguss\n|-damage|p2a: Amoonguss|35\/100\n|-unboost|p2a: Amoonguss|spa|1\n|replace|p2a: Zoroark|Zoroark-Hisui, F\n|-end|p2a: Zoroark|Illusion\n|move|p2a: Zoroark|Focus Blast|p1b: Tinkaton\n|-damage|p1b: Tinkaton|74\/100\n|move|p2b: Flutter Mane|Dazzling Gleam|p1b: Tinkaton|[spread] p1a,p1b\n|-resisted|p1b: Tinkaton\n|-damage|p1a: Hatterene|67\/100\n|-damage|p1b: Tinkaton|64\/100\n|\n|-heal|p1a: Hatterene|73\/100|[from] item: Leftovers\n|upkeep\n|turn|12\n|\n|t:|1697787954\n|switch|p2a: Amoonguss|Amoonguss, M|100\/100\n|move|p2b: Flutter Mane|Protect|p2b: Flutter Mane\n|-singleturn|p2b: Flutter Mane|Protect\n|move|p1a: Hatterene|Mystical Fire|p2a: Amoonguss\n|-supereffective|p2a: Amoonguss\n|-damage|p2a: Amoonguss|63\/100\n|-unboost|p2a: Amoonguss|spa|1\n|move|p1b: Tinkaton|Knock Off|p2b: Flutter Mane\n|-activate|p2b: Flutter Mane|move: Protect\n|\n|-heal|p1a: Hatterene|79\/100|[from] item: Leftovers\n|upkeep\n|turn|13\n|inactive|TwentyTap has 270 seconds left.\n|\n|t:|1697787984\n|move|p1a: Hatterene|Dazzling Gleam|p2a: Amoonguss|[spread] p2a,p2b\n|-resisted|p2a: Amoonguss\n|-damage|p2a: Amoonguss|51\/100\n|-damage|p2b: Flutter Mane|61\/100\n|move|p2a: Amoonguss|Sludge Bomb|p1a: Hatterene\n|-supereffective|p1a: Hatterene\n|-damage|p1a: Hatterene|41\/100\n|move|p1b: Tinkaton|Gigaton Hammer|p2a: Amoonguss\n|-damage|p2a: Amoonguss|0 fnt\n|faint|p2a: Amoonguss\n|move|p2b: Flutter Mane|Dazzling Gleam|p1a: Hatterene|[spread] p1a,p1b\n|-resisted|p1b: Tinkaton\n|-damage|p1a: Hatterene|7\/100\n|-damage|p1b: Tinkaton|51\/100\n|\n|-heal|p1a: Hatterene|13\/100|[from] item: Leftovers\n|upkeep\n|inactive|TwentyTap has 270 seconds left.\n|\n|t:|1697788002\n|switch|p2a: Flutter Mane|Flutter Mane, shiny|35\/100\n|turn|14\n|inactive|TwentyTap has 270 seconds left.\n|\n|t:|1697788037\n|switch|p1b: Amoonguss|Amoonguss, M|90\/100\n|move|p2b: Flutter Mane|Protect|p2b: Flutter Mane\n|-singleturn|p2b: Flutter Mane|Protect\n|move|p1a: Hatterene|Mystical Fire|p2a: Flutter Mane\n|-damage|p2a: Flutter Mane|0 fnt\n|replace|p2a: Zoroark|Zoroark-Hisui, F\n|-end|p2a: Zoroark|Illusion\n|faint|p2a: Zoroark\n|\n|-heal|p1a: Hatterene|19\/100|[from] item: Leftovers\n|-heal|p1b: Amoonguss|96\/100|[from] item: Leftovers\n|-fieldend|move: Trick Room\n|upkeep\n|turn|15\n|inactive|TwentyTap has 270 seconds left.\n|\n|t:|1697788054\n|move|p2b: Flutter Mane|Dazzling Gleam|p1b: Amoonguss|[spread] p1a,p1b\n|-resisted|p1b: Amoonguss\n|-damage|p1a: Hatterene|0 fnt\n|-damage|p1b: Amoonguss|82\/100\n|faint|p1a: Hatterene\n|move|p1b: Amoonguss|Sludge Bomb|p2b: Flutter Mane\n|-damage|p2b: Flutter Mane|32\/100\n|\n|-heal|p1b: Amoonguss|88\/100|[from] item: Leftovers\n|upkeep\n|\n|t:|1697788062\n|switch|p1a: Tinkaton|Tinkaton, F|51\/100\n|-ability|p1a: Tinkaton|Mold Breaker\n|turn|16\n|\n|t:|1697788070\n|move|p1a: Tinkaton|Fake Out|p2b: Flutter Mane\n|-immune|p2b: Flutter Mane\n|move|p2b: Flutter Mane|Dazzling Gleam|p1b: Amoonguss|[spread] p1a,p1b\n|-resisted|p1a: Tinkaton\n|-resisted|p1b: Amoonguss\n|-damage|p1a: Tinkaton|39\/100\n|-damage|p1b: Amoonguss|72\/100\n|move|p1b: Amoonguss|Sludge Bomb|p2b: Flutter Mane\n|-damage|p2b: Flutter Mane|4\/100\n|\n|-heal|p1b: Amoonguss|79\/100|[from] item: Leftovers\n|upkeep\n|turn|17\n|\n|t:|1697788088\n|move|p2b: Flutter Mane|Protect|p2b: Flutter Mane\n|-singleturn|p2b: Flutter Mane|Protect\n|move|p1a: Tinkaton|Knock Off|p2b: Flutter Mane\n|-activate|p2b: Flutter Mane|move: Protect\n|move|p1b: Amoonguss|Pollen Puff|p1a: Tinkaton\n|-heal|p1a: Tinkaton|89\/100\n|\n|-heal|p1b: Amoonguss|85\/100|[from] item: Leftovers\n|upkeep\n|turn|18\n|\n|t:|1697788101\n|move|p2b: Flutter Mane|Protect||[still]\n|-fail|p2b: Flutter Mane\n|move|p1a: Tinkaton|Knock Off|p2b: Flutter Mane\n|-damage|p2b: Flutter Mane|0 fnt\n|faint|p2b: Flutter Mane\n|-end|p2b: Flutter Mane|Protosynthesis|[silent]\n|\n|win|MonikakinoM\n","uploadtime":1697788109,"views":31,"p1id":"monikakinom","p2id":"twentytap","formatid":"gen9doublesou","rating":0,"private":0,"password":""}