{"id":"gen9doublesou-1999177374","p1":"Straw-Hat26","p2":"Danie2294","format":"[Gen 9] Doubles OU","log":"|j|\u2606Straw-Hat26\n|j|\u2606Danie2294\n|t:|1701041810\n|gametype|doubles\n|player|p1|Straw-Hat26|101|1348\n|player|p2|Danie2294|marlon|1239\n|teamsize|p1|6\n|teamsize|p2|6\n|gen|9\n|tier|[Gen 9] Doubles OU\n|rated|\n|rule|Species Clause: Limit one of each Pok\u00e9mon\n|rule|OHKO Clause: OHKO moves are banned\n|rule|Evasion Moves Clause: Evasion moves are banned\n|rule|Gravity Sleep Clause: The combination of sleep-inducing moves with imperfect accuracy and Gravity or Gigantamax Orbeetle are banned\n|rule|Endless Battle Clause: Forcing endless battles is banned\n|rule|HP Percentage Mod: HP is shown in percentages\n|clearpoke\n|poke|p1|Manaphy|\n|poke|p1|Amoonguss, F|\n|poke|p1|Sableye, M|\n|poke|p1|Garganacl, M|\n|poke|p1|Rillaboom, F|\n|poke|p1|Volcarona, F|\n|poke|p2|Ceruledge, M|\n|poke|p2|Ninetales-Alola, M|\n|poke|p2|Kingambit, F|\n|poke|p2|Great Tusk|\n|poke|p2|Ogerpon, F|\n|poke|p2|Heatran, M|\n|teampreview\n|inactive|Battle timer is ON: inactive players will automatically lose when time's up. (requested by Danie2294)\n|\n|t:|1701041821\n|start\n|switch|p1a: Amoonguss|Amoonguss, F|100\/100\n|switch|p1b: Sableye|Sableye, M|100\/100\n|switch|p2a: Ninetales|Ninetales-Alola, M|100\/100\n|switch|p2b: Ceruledge|Ceruledge, M|100\/100\n|-weather|Snow|[from] ability: Snow Warning|[of] p2a: Ninetales\n|turn|1\n|inactive|Danie2294 has 120 seconds left.\n|\n|t:|1701041857\n|-terastallize|p2b: Ceruledge|Grass\n|move|p1a: Amoonguss|Protect|p1a: Amoonguss\n|-singleturn|p1a: Amoonguss|Protect\n|move|p1b: Sableye|Taunt|p2a: Ninetales\n|-start|p2a: Ninetales|move: Taunt\n|move|p2a: Ninetales|Dazzling Gleam|p1a: Amoonguss|[spread] p1b\n|-activate|p1a: Amoonguss|move: Protect\n|-supereffective|p1b: Sableye\n|-damage|p1b: Sableye|33\/100\n|move|p2b: Ceruledge|Swords Dance|p2b: Ceruledge\n|-boost|p2b: Ceruledge|atk|2\n|\n|-weather|Snow|[upkeep]\n|upkeep\n|turn|2\n|inactive|Danie2294 has 120 seconds left.\n|\n|t:|1701041879\n|-terastallize|p1a: Amoonguss|Water\n|move|p1b: Sableye|Skill Swap|p1a: Amoonguss\n|-activate|p1b: Sableye|move: Skill Swap|||[of] p1a: Amoonguss\n|move|p1a: Amoonguss|Spore|p2a: Ninetales\n|-status|p2a: Ninetales|slp|[from] move: Spore\n|cant|p2a: Ninetales|slp\n|move|p2b: Ceruledge|Poltergeist|p1b: Sableye\n|-activate|p1b: Sableye|move: Poltergeist|Focus Sash\n|-damage|p1b: Sableye|0 fnt\n|faint|p1b: Sableye\n|\n|-weather|Snow|[upkeep]\n|upkeep\n|\n|t:|1701041897\n|switch|p1b: Manaphy|Manaphy|100\/100\n|turn|3\n|\n|t:|1701041922\n|-curestatus|p2a: Ninetales|slp|[msg]\n|move|p2a: Ninetales|Freeze-Dry|p1a: Amoonguss\n|-supereffective|p1a: Amoonguss\n|-damage|p1a: Amoonguss|64\/100\n|move|p2b: Ceruledge|Poltergeist|p1a: Amoonguss|[miss]\n|-miss|p2b: Ceruledge|p1a: Amoonguss\n|move|p1b: Manaphy|Ice Beam|p2b: Ceruledge\n|-supereffective|p2b: Ceruledge\n|-damage|p2b: Ceruledge|49\/100\n|move|p1a: Amoonguss|Pollen Puff|p2b: Ceruledge\n|-supereffective|p2b: Ceruledge\n|-damage|p2b: Ceruledge|7\/100\n|\n|-weather|Snow|[upkeep]\n|-heal|p1a: Amoonguss|70\/100|[from] item: Leftovers\n|-end|p2a: Ninetales|move: Taunt\n|upkeep\n|turn|4\n|inactive|Danie2294 has 120 seconds left.\n|\n|t:|1701041952\n|move|p1a: Amoonguss|Spore|p2a: Ninetales\n|-status|p2a: Ninetales|slp|[from] move: Spore\n|cant|p2a: Ninetales|slp\n|move|p2b: Ceruledge|Bitter Blade|p1b: Manaphy\n|-resisted|p1b: Manaphy\n|-damage|p1b: Manaphy|70\/100\n|-heal|p2b: Ceruledge|27\/100|[from] drain|[of] p1b: Manaphy\n|move|p1b: Manaphy|Scald|p2b: Ceruledge\n|-resisted|p2b: Ceruledge\n|-damage|p2b: Ceruledge|9\/100\n|\n|-weather|Snow|[upkeep]\n|-heal|p1b: Manaphy|76\/100|[from] item: Leftovers\n|-heal|p1a: Amoonguss|76\/100|[from] item: Leftovers\n|upkeep\n|turn|5\n|inactive|Danie2294 has 120 seconds left.\n|\n|t:|1701041979\n|move|p1b: Manaphy|Protect|p1b: Manaphy\n|-singleturn|p1b: Manaphy|Protect\n|-curestatus|p2a: Ninetales|slp|[msg]\n|move|p2a: Ninetales|Freeze-Dry|p1b: Manaphy\n|-activate|p1b: Manaphy|move: Protect\n|move|p2b: Ceruledge|Poltergeist|p1a: Amoonguss\n|-activate|p1a: Amoonguss|move: Poltergeist|Leftovers\n|-damage|p1a: Amoonguss|0 fnt\n|faint|p1a: Amoonguss\n|\n|-weather|none\n|-heal|p1b: Manaphy|82\/100|[from] item: Leftovers\n|upkeep\n|\n|t:|1701041992\n|switch|p1a: Rillaboom|Rillaboom, F|100\/100\n|-fieldstart|move: Grassy Terrain|[from] ability: Grassy Surge|[of] p1a: Rillaboom\n|-enditem|p1a: Rillaboom|Grassy Seed\n|-boost|p1a: Rillaboom|def|1|[from] item: Grassy Seed\n|turn|6\n|\n|t:|1701042010\n|move|p1a: Rillaboom|Grassy Glide|p2b: Ceruledge\n|-resisted|p2b: Ceruledge\n|-damage|p2b: Ceruledge|0 fnt\n|faint|p2b: Ceruledge\n|move|p2a: Ninetales|Freeze-Dry|p1a: Rillaboom\n|-supereffective|p1a: Rillaboom\n|-damage|p1a: Rillaboom|30\/100\n|move|p1b: Manaphy|Scald|p2a: Ninetales\n|-damage|p2a: Ninetales|67\/100\n|\n|-heal|p2a: Ninetales|73\/100|[from] Grassy Terrain\n|-heal|p1a: Rillaboom|36\/100|[from] Grassy Terrain\n|-heal|p1b: Manaphy|88\/100|[from] Grassy Terrain\n|-heal|p1b: Manaphy|94\/100|[from] item: Leftovers\n|upkeep\n|\n|t:|1701042025\n|switch|p2b: Ogerpon|Ogerpon, F|100\/100\n|turn|7\n|\n|t:|1701042051\n|switch|p1a: Garganacl|Garganacl, M|100\/100\n|move|p2b: Ogerpon|Spiky Shield|p2b: Ogerpon\n|-singleturn|p2b: Ogerpon|move: Protect\n|move|p1b: Manaphy|Protect|p1b: Manaphy\n|-singleturn|p1b: Manaphy|Protect\n|move|p2a: Ninetales|Freeze-Dry|p1a: Garganacl\n|-damage|p1a: Garganacl|83\/100\n|\n|-heal|p2a: Ninetales|79\/100|[from] Grassy Terrain\n|-heal|p1b: Manaphy|99\/100|[from] Grassy Terrain\n|-heal|p1b: Manaphy|100\/100|[from] item: Leftovers\n|-heal|p1a: Garganacl|89\/100|[from] Grassy Terrain\n|-heal|p1a: Garganacl|96\/100|[from] item: Leftovers\n|upkeep\n|turn|8\n|\n|t:|1701042067\n|switch|p1a: Rillaboom|Rillaboom, F|36\/100\n|move|p2b: Ogerpon|Ivy Cudgel|p1a: Rillaboom\n|-resisted|p1a: Rillaboom\n|-damage|p1a: Rillaboom|0 fnt\n|faint|p1a: Rillaboom\n|move|p2a: Ninetales|Freeze-Dry|p1b: Manaphy\n|-supereffective|p1b: Manaphy\n|-damage|p1b: Manaphy|54\/100\n|move|p1b: Manaphy|Scald|p2b: Ogerpon\n|-resisted|p2b: Ogerpon\n|-damage|p2b: Ogerpon|83\/100\n|\n|-heal|p2b: Ogerpon|89\/100|[from] Grassy Terrain\n|-heal|p2a: Ninetales|85\/100|[from] Grassy Terrain\n|-heal|p1b: Manaphy|60\/100|[from] Grassy Terrain\n|-heal|p1b: Manaphy|66\/100|[from] item: Leftovers\n|upkeep\n|\n|t:|1701042082\n|switch|p1a: Volcarona|Volcarona, F|100\/100\n|turn|9\n|\n|t:|1701042095\n|move|p1b: Manaphy|Protect|p1b: Manaphy\n|-singleturn|p1b: Manaphy|Protect\n|move|p2b: Ogerpon|Knock Off|p1a: Volcarona\n|-damage|p1a: Volcarona|50\/100\n|-enditem|p1a: Volcarona|Sitrus Berry|[from] move: Knock Off|[of] p2b: Ogerpon\n|move|p2a: Ninetales|Freeze-Dry|p1b: Manaphy\n|-activate|p1b: Manaphy|move: Protect\n|move|p1a: Volcarona|Quiver Dance|p1a: Volcarona\n|-boost|p1a: Volcarona|spa|1\n|-boost|p1a: Volcarona|spd|1\n|-boost|p1a: Volcarona|spe|1\n|\n|-heal|p1a: Volcarona|56\/100|[from] Grassy Terrain\n|-heal|p2b: Ogerpon|95\/100|[from] Grassy Terrain\n|-heal|p2a: Ninetales|91\/100|[from] Grassy Terrain\n|-heal|p1b: Manaphy|72\/100|[from] Grassy Terrain\n|-heal|p1b: Manaphy|79\/100|[from] item: Leftovers\n|upkeep\n|turn|10\n|\n|t:|1701042118\n|switch|p2a: Heatran|Heatran, M|100\/100\n|move|p2b: Ogerpon|Spiky Shield|p2b: Ogerpon\n|-singleturn|p2b: Ogerpon|move: Protect\n|move|p1a: Volcarona|Heat Wave|p2b: Ogerpon|[spread] \n|-activate|p2b: Ogerpon|move: Protect\n|-start|p2a: Heatran|ability: Flash Fire\n|move|p1b: Manaphy|Ice Beam|p2b: Ogerpon\n|-activate|p2b: Ogerpon|move: Protect\n|\n|-heal|p1a: Volcarona|62\/100|[from] Grassy Terrain\n|-heal|p2b: Ogerpon|100\/100|[from] Grassy Terrain\n|-heal|p1b: Manaphy|85\/100|[from] Grassy Terrain\n|-heal|p1b: Manaphy|91\/100|[from] item: Leftovers\n|-fieldend|move: Grassy Terrain\n|upkeep\n|turn|11\n|\n|t:|1701042140\n|move|p1a: Volcarona|Heat Wave|p2a: Heatran|[spread] p2b\n|-immune|p2a: Heatran|[from] ability: Flash Fire\n|-supereffective|p2b: Ogerpon\n|-damage|p2b: Ogerpon|0 fnt\n|faint|p2b: Ogerpon\n|move|p1b: Manaphy|Scald|p2a: Heatran\n|-supereffective|p2a: Heatran\n|-damage|p2a: Heatran|47\/100\n|move|p2a: Heatran|Heat Wave|p1a: Volcarona|[spread] p1a,p1b\n|-crit|p1a: Volcarona\n|-resisted|p1b: Manaphy\n|-damage|p1a: Volcarona|0 fnt\n|-damage|p1b: Manaphy|64\/100\n|faint|p1a: Volcarona\n|\n|-heal|p1b: Manaphy|70\/100|[from] item: Leftovers\n|-heal|p2a: Heatran|53\/100|[from] item: Leftovers\n|upkeep\n|\n|t:|1701042154\n|switch|p2b: Ninetales|Ninetales-Alola, M|91\/100\n|switch|p1a: Garganacl|Garganacl, M|96\/100\n|-weather|Snow|[from] ability: Snow Warning|[of] p2b: Ninetales\n|turn|12\n|\n|t:|1701042164\n|move|p2a: Heatran|Protect|p2a: Heatran\n|-singleturn|p2a: Heatran|Protect\n|move|p2b: Ninetales|Aurora Veil|p2b: Ninetales\n|-sidestart|p2: Danie2294|move: Aurora Veil\n|move|p1b: Manaphy|Scald|p2a: Heatran\n|-activate|p2a: Heatran|move: Protect\n|move|p1a: Garganacl|Iron Defense|p1a: Garganacl\n|-boost|p1a: Garganacl|def|2\n|\n|-weather|Snow|[upkeep]\n|-heal|p1b: Manaphy|76\/100|[from] item: Leftovers\n|-heal|p2a: Heatran|60\/100|[from] item: Leftovers\n|-heal|p1a: Garganacl|100\/100|[from] item: Leftovers\n|upkeep\n|turn|13\n|\n|t:|1701042175\n|move|p1b: Manaphy|Protect|p1b: Manaphy\n|-singleturn|p1b: Manaphy|Protect\n|move|p2b: Ninetales|Freeze-Dry|p1b: Manaphy\n|-activate|p1b: Manaphy|move: Protect\n|move|p2a: Heatran|Flash Cannon|p1a: Garganacl\n|-supereffective|p1a: Garganacl\n|-damage|p1a: Garganacl|39\/100\n|move|p1a: Garganacl|Salt Cure|p2a: Heatran\n|-damage|p2a: Heatran|52\/100\n|-start|p2a: Heatran|Salt Cure\n|\n|-weather|Snow|[upkeep]\n|-heal|p1b: Manaphy|82\/100|[from] item: Leftovers\n|-heal|p2a: Heatran|58\/100|[from] item: Leftovers\n|-heal|p1a: Garganacl|45\/100|[from] item: Leftovers\n|-damage|p2a: Heatran|33\/100|[from] Salt Cure\n|upkeep\n|turn|14\n|inactive|Danie2294 has 120 seconds left.\n|\n|t:|1701042226\n|move|p2a: Heatran|Protect|p2a: Heatran\n|-singleturn|p2a: Heatran|Protect\n|move|p2b: Ninetales|Freeze-Dry|p1b: Manaphy\n|-supereffective|p1b: Manaphy\n|-damage|p1b: Manaphy|41\/100\n|move|p1b: Manaphy|Scald|p2a: Heatran\n|-activate|p2a: Heatran|move: Protect\n|move|p1a: Garganacl|Recover|p1a: Garganacl\n|-heal|p1a: Garganacl|95\/100\n|\n|-weather|Snow|[upkeep]\n|-heal|p1b: Manaphy|47\/100|[from] item: Leftovers\n|-heal|p2a: Heatran|39\/100|[from] item: Leftovers\n|-heal|p1a: Garganacl|100\/100|[from] item: Leftovers\n|-damage|p2a: Heatran|14\/100|[from] Salt Cure\n|upkeep\n|turn|15\n|inactive|Danie2294 has 120 seconds left.\n|\n|t:|1701042242\n|move|p1b: Manaphy|Protect|p1b: Manaphy\n|-singleturn|p1b: Manaphy|Protect\n|move|p2b: Ninetales|Dazzling Gleam|p1b: Manaphy|[spread] p1a\n|-activate|p1b: Manaphy|move: Protect\n|-damage|p1a: Garganacl|86\/100\n|move|p2a: Heatran|Flash Cannon|p1a: Garganacl\n|-supereffective|p1a: Garganacl\n|-damage|p1a: Garganacl|28\/100\n|-unboost|p1a: Garganacl|spd|1\n|move|p1a: Garganacl|Iron Defense|p1a: Garganacl\n|-boost|p1a: Garganacl|def|2\n|\n|-weather|Snow|[upkeep]\n|-heal|p1b: Manaphy|53\/100|[from] item: Leftovers\n|-heal|p2a: Heatran|21\/100|[from] item: Leftovers\n|-heal|p1a: Garganacl|34\/100|[from] item: Leftovers\n|-damage|p2a: Heatran|0 fnt|[from] Salt Cure\n|faint|p2a: Heatran\n|upkeep\n|\n|t:|1701042258\n|switch|p2a: Kingambit|Kingambit, F|100\/100\n|-activate|p2a: Kingambit|ability: Supreme Overlord\n|-start|p2a: Kingambit|fallen3|[silent]\n|turn|16\n|inactive|Danie2294 has 120 seconds left.\n|\n|t:|1701042264\n|move|p2b: Ninetales|Freeze-Dry|p1b: Manaphy\n|-supereffective|p1b: Manaphy\n|-damage|p1b: Manaphy|7\/100\n|move|p1b: Manaphy|Scald|p2a: Kingambit\n|-damage|p2a: Kingambit|82\/100\n|move|p2a: Kingambit|Iron Head|p1a: Garganacl\n|-supereffective|p1a: Garganacl\n|-damage|p1a: Garganacl|7\/100\n|move|p1a: Garganacl|Recover|p1a: Garganacl\n|-heal|p1a: Garganacl|57\/100\n|\n|-weather|none\n|-heal|p1b: Manaphy|13\/100|[from] item: Leftovers\n|-heal|p1a: Garganacl|63\/100|[from] item: Leftovers\n|upkeep\n|turn|17\n|\n|t:|1701042285\n|-end|p2a: Kingambit|fallen3|[silent]\n|switch|p2a: Great Tusk|Great Tusk|100\/100\n|move|p2b: Ninetales|Dazzling Gleam|p1b: Manaphy|[spread] p1a,p1b\n|-damage|p1a: Garganacl|42\/100\n|-damage|p1b: Manaphy|0 fnt\n|faint|p1b: Manaphy\n|move|p1a: Garganacl|Body Press|p2a: Great Tusk\n|-damage|p2a: Great Tusk|72\/100\n|\n|-heal|p1a: Garganacl|49\/100|[from] item: Leftovers\n|upkeep\n|turn|18\n|\n|t:|1701042296\n|switch|p2b: Kingambit|Kingambit, F|82\/100\n|-activate|p2b: Kingambit|ability: Supreme Overlord\n|-start|p2b: Kingambit|fallen3|[silent]\n|move|p2a: Great Tusk|Headlong Rush|p1a: Garganacl\n|-supereffective|p1a: Garganacl\n|-damage|p1a: Garganacl|17\/100\n|-unboost|p2a: Great Tusk|def|1\n|-unboost|p2a: Great Tusk|spd|1\n|move|p1a: Garganacl|Recover|p1a: Garganacl\n|-heal|p1a: Garganacl|67\/100\n|\n|-heal|p1a: Garganacl|74\/100|[from] item: Leftovers\n|upkeep\n|turn|19\n|\n|t:|1701042304\n|move|p2a: Great Tusk|Headlong Rush|p1a: Garganacl\n|-supereffective|p1a: Garganacl\n|-damage|p1a: Garganacl|44\/100\n|-unboost|p2a: Great Tusk|def|1\n|-unboost|p2a: Great Tusk|spd|1\n|move|p2b: Kingambit|Swords Dance|p2b: Kingambit\n|-boost|p2b: Kingambit|atk|2\n|move|p1a: Garganacl|Body Press|p2b: Kingambit\n|-supereffective|p2b: Kingambit\n|-damage|p2b: Kingambit|0 fnt\n|faint|p2b: Kingambit\n|-end|p2b: Kingambit|fallen3|[silent]\n|\n|-heal|p1a: Garganacl|50\/100|[from] item: Leftovers\n|-sideend|p2: Danie2294|move: Aurora Veil\n|upkeep\n|\n|t:|1701042307\n|switch|p2b: Ninetales|Ninetales-Alola, M|91\/100\n|-weather|Snow|[from] ability: Snow Warning|[of] p2b: Ninetales\n|turn|20\n|\n|t:|1701042315\n|move|p2b: Ninetales|Aurora Veil|p2b: Ninetales\n|-sidestart|p2: Danie2294|move: Aurora Veil\n|move|p2a: Great Tusk|Headlong Rush|p1a: Garganacl\n|-supereffective|p1a: Garganacl\n|-damage|p1a: Garganacl|18\/100\n|-unboost|p2a: Great Tusk|def|1\n|-unboost|p2a: Great Tusk|spd|1\n|move|p1a: Garganacl|Recover|p1a: Garganacl\n|-heal|p1a: Garganacl|68\/100\n|\n|-weather|Snow|[upkeep]\n|-heal|p1a: Garganacl|75\/100|[from] item: Leftovers\n|upkeep\n|turn|21\n|\n|t:|1701042330\n|move|p2b: Ninetales|Freeze-Dry|p1a: Garganacl\n|-damage|p1a: Garganacl|49\/100\n|move|p2a: Great Tusk|Headlong Rush|p1a: Garganacl\n|-supereffective|p1a: Garganacl\n|-damage|p1a: Garganacl|14\/100\n|-unboost|p2a: Great Tusk|def|1\n|-unboost|p2a: Great Tusk|spd|1\n|move|p1a: Garganacl|Body Press|p2a: Great Tusk\n|-damage|p2a: Great Tusk|0 fnt\n|faint|p2a: Great Tusk\n|-end|p2a: Great Tusk|Protosynthesis|[silent]\n|\n|-weather|Snow|[upkeep]\n|-heal|p1a: Garganacl|21\/100|[from] item: Leftovers\n|upkeep\n|turn|22\n|\n|t:|1701042343\n|move|p2b: Ninetales|Dazzling Gleam|p1a: Garganacl\n|-damage|p1a: Garganacl|0 fnt\n|faint|p1a: Garganacl\n|\n|win|Danie2294\n|raw|Straw-Hat26's rating: 1348 &rarr; <strong>1322<\/strong><br \/>(-26 for losing)\n|raw|Danie2294's rating: 1239 &rarr; <strong>1272<\/strong><br \/>(+33 for winning)\n|c|\u2606Danie2294|Gg\n","uploadtime":1701042359,"views":7,"p1id":"strawhat26","p2id":"danie2294","formatid":"gen9doublesou","rating":1272,"private":0,"password":""}