{"id":"gen9doublesou-1979297752","p1":"NumKon","p2":"deadlydirt","format":"[Gen 9] Doubles OU","log":"|j|\u203dNumKon\n|j|\u2606deadlydirt\n|t:|1698668126\n|gametype|doubles\n|player|p1|NumKon|psychic-gen4|1088\n|player|p2|deadlydirt|harlequin|1022\n|teamsize|p1|6\n|teamsize|p2|6\n|gen|9\n|tier|[Gen 9] Doubles OU\n|rated|\n|rule|Species Clause: Limit one of each Pok\u00e9mon\n|rule|OHKO Clause: OHKO moves are banned\n|rule|Evasion Moves Clause: Evasion moves are banned\n|rule|Gravity Sleep Clause: The combination of sleep-inducing moves with imperfect accuracy and Gravity or Gigantamax Orbeetle are banned\n|rule|Endless Battle Clause: Forcing endless battles is banned\n|rule|HP Percentage Mod: HP is shown in percentages\n|clearpoke\n|poke|p1|Enamorus, F|\n|poke|p1|Murkrow, M|\n|poke|p1|Dedenne, F|\n|poke|p1|Spectrier|\n|poke|p1|Salazzle, F|\n|poke|p1|Probopass, M|\n|poke|p2|Mienshao, M|\n|poke|p2|Clefairy, M|\n|poke|p2|Goodra, F|\n|poke|p2|Dragonite, F|\n|poke|p2|Garganacl, M|\n|poke|p2|Ludicolo, M|\n|teampreview\n|inactive|Battle timer is ON: inactive players will automatically lose when time's up. (requested by deadlydirt)\n|inactive|deadlydirt has 120 seconds left.\n|\n|t:|1698668158\n|start\n|switch|p1a: Salazzle|Salazzle, F|100\/100\n|switch|p1b: Probopass|Probopass, M|100\/100\n|switch|p2a: Goodra|Goodra, F, shiny|100\/100\n|switch|p2b: Ludicolo|Ludicolo, M, shiny|100\/100\n|-item|p1a: Salazzle|Air Balloon\n|turn|1\n|\n|t:|1698668178\n|-terastallize|p2a: Goodra|Water\n|move|p1a: Salazzle|Poison Gas|p2b: Ludicolo|[spread] p2a\n|-miss|p1a: Salazzle|p2b: Ludicolo\n|-status|p2a: Goodra|psn\n|move|p2a: Goodra|Scald|p1a: Salazzle\n|-supereffective|p1a: Salazzle\n|-damage|p1a: Salazzle|0 fnt\n|-enditem|p1a: Salazzle|Air Balloon\n|faint|p1a: Salazzle\n|move|p2b: Ludicolo|Rain Dance|p2b: Ludicolo\n|-weather|RainDance\n|move|p1b: Probopass|Magnet Rise|p1b: Probopass\n|-start|p1b: Probopass|Magnet Rise\n|\n|-weather|RainDance|[upkeep]\n|-activate|p2a: Goodra|ability: Hydration\n|-curestatus|p2a: Goodra|psn|[msg]\n|upkeep\n|\n|t:|1698668198\n|switch|p1a: Dedenne|Dedenne, F|100\/100\n|turn|2\n|\n|t:|1698668214\n|switch|p2a: Garganacl|Garganacl, M, shiny|100\/100\n|move|p2b: Ludicolo|Protect|p2b: Ludicolo\n|-singleturn|p2b: Ludicolo|Protect\n|move|p1a: Dedenne|Eerie Impulse|p2a: Garganacl\n|-unboost|p2a: Garganacl|spa|2\n|move|p1b: Probopass|Rock Blast|p2b: Ludicolo\n|-activate|p2b: Ludicolo|move: Protect\n|\n|-weather|RainDance|[upkeep]\n|upkeep\n|turn|3\n|\n|t:|1698668231\n|switch|p1b: Enamorus|Enamorus, F|100\/100\n|move|p1a: Dedenne|Eerie Impulse|p1b: Enamorus\n|-boost|p1b: Enamorus|spa|2\n|move|p2b: Ludicolo|Leech Seed|p1b: Enamorus\n|-start|p1b: Enamorus|move: Leech Seed\n|move|p2a: Garganacl|Salt Cure|p1a: Dedenne\n|-damage|p1a: Dedenne|74\/100\n|-start|p1a: Dedenne|Salt Cure\n|\n|-weather|RainDance|[upkeep]\n|-damage|p1b: Enamorus|88\/100|[from] Leech Seed|[of] p2b: Ludicolo\n|-damage|p1a: Dedenne|62\/100|[from] Salt Cure\n|upkeep\n|turn|4\n|\n|t:|1698668250\n|move|p2b: Ludicolo|Protect|p2b: Ludicolo\n|-singleturn|p2b: Ludicolo|Protect\n|move|p1b: Enamorus|Superpower|p2a: Garganacl\n|-supereffective|p2a: Garganacl\n|-damage|p2a: Garganacl|52\/100\n|-boost|p1b: Enamorus|atk|1\n|-boost|p1b: Enamorus|def|1\n|-damage|p1b: Enamorus|71\/100|[from] item: Rocky Helmet|[of] p2a: Garganacl\n|move|p1a: Dedenne|Tearful Look|p1b: Enamorus\n|-boost|p1b: Enamorus|atk|1\n|-boost|p1b: Enamorus|spa|1\n|move|p2a: Garganacl|Salt Cure|p1b: Enamorus\n|-supereffective|p1b: Enamorus\n|-damage|p1b: Enamorus|38\/100\n|-start|p1b: Enamorus|Salt Cure\n|\n|-weather|RainDance|[upkeep]\n|-damage|p1b: Enamorus|25\/100|[from] Leech Seed|[of] p2b: Ludicolo\n|-damage|p1b: Enamorus|13\/100|[from] Salt Cure\n|-damage|p1a: Dedenne|50\/100|[from] Salt Cure\n|upkeep\n|-enditem|p1a: Dedenne|Sitrus Berry|[eat]\n|-heal|p1a: Dedenne|74\/100|[from] item: Sitrus Berry\n|-heal|p1a: Dedenne|100\/100|[from] ability: Cheek Pouch\n|turn|5\n|\n|t:|1698668277\n|move|p1b: Enamorus|Superpower|p2a: Garganacl\n|-supereffective|p2a: Garganacl\n|-damage|p2a: Garganacl|0 fnt\n|-boost|p1b: Enamorus|atk|1\n|-boost|p1b: Enamorus|def|1\n|-damage|p1b: Enamorus|0 fnt|[from] item: Rocky Helmet|[of] p2a: Garganacl\n|faint|p2a: Garganacl\n|faint|p1b: Enamorus\n|move|p1a: Dedenne|Nuzzle|p2b: Ludicolo\n|-damage|p2b: Ludicolo|95\/100\n|-status|p2b: Ludicolo|par\n|move|p2b: Ludicolo|Leech Seed|p1a: Dedenne\n|-start|p1a: Dedenne|move: Leech Seed\n|\n|-weather|none\n|-heal|p2b: Ludicolo|100\/100 par|[from] item: Leftovers\n|-damage|p1a: Dedenne|88\/100|[from] Leech Seed|[of] p2b: Ludicolo\n|-damage|p1a: Dedenne|76\/100|[from] Salt Cure\n|upkeep\n|\n|t:|1698668301\n|switch|p1b: Murkrow|Murkrow, M|100\/100\n|switch|p2a: Goodra|Goodra, F, shiny, tera:Water|100\/100\n|turn|6\n|\n|t:|1698668318\n|move|p1a: Dedenne|Eerie Impulse|p2a: Goodra\n|-unboost|p2a: Goodra|spa|2\n|move|p1b: Murkrow|Foul Play|p2a: Goodra\n|-damage|p2a: Goodra|76\/100\n|move|p2a: Goodra|Scald|p1a: Dedenne\n|-damage|p1a: Dedenne|55\/100\n|-heal|p2a: Goodra|78\/100|[from] item: Shell Bell|[of] p1a: Dedenne\n|move|p2b: Ludicolo|Rain Dance|p2b: Ludicolo\n|-weather|RainDance\n|\n|-weather|RainDance|[upkeep]\n|-damage|p1a: Dedenne|43\/100|[from] Leech Seed|[of] p2b: Ludicolo\n|-damage|p1a: Dedenne|30\/100|[from] Salt Cure\n|upkeep\n|turn|7\n|\n|t:|1698668341\n|switch|p2a: Dragonite|Dragonite, F, shiny|100\/100\n|move|p1a: Dedenne|Eerie Impulse|p2a: Dragonite\n|-unboost|p2a: Dragonite|spa|2\n|move|p1b: Murkrow|Foul Play|p2b: Ludicolo\n|-damage|p2b: Ludicolo|77\/100 par\n|cant|p2b: Ludicolo|par\n|\n|-weather|RainDance|[upkeep]\n|-heal|p2b: Ludicolo|83\/100 par|[from] ability: Rain Dish\n|-heal|p2b: Ludicolo|89\/100 par|[from] item: Leftovers\n|-damage|p1a: Dedenne|18\/100|[from] Leech Seed|[of] p2b: Ludicolo\n|-heal|p2b: Ludicolo|100\/100 par|[silent]\n|-damage|p1a: Dedenne|6\/100|[from] Salt Cure\n|upkeep\n|turn|8\n|\n|t:|1698668361\n|move|p2a: Dragonite|Extreme Speed|p1a: Dedenne\n|-damage|p1a: Dedenne|0 fnt\n|faint|p1a: Dedenne\n|move|p1b: Murkrow|Tailwind|p1b: Murkrow\n|-sidestart|p1: NumKon|move: Tailwind\n|move|p2b: Ludicolo|Leech Seed|p1b: Murkrow\n|-start|p1b: Murkrow|move: Leech Seed\n|\n|-weather|RainDance|[upkeep]\n|-damage|p1b: Murkrow|88\/100|[from] Leech Seed|[of] p2b: Ludicolo\n|upkeep\n|\n|t:|1698668364\n|switch|p1a: Spectrier|Spectrier|100\/100\n|turn|9\n|\n|t:|1698668379\n|move|p1a: Spectrier|Hex|p2b: Ludicolo\n|-damage|p2b: Ludicolo|38\/100 par\n|move|p1b: Murkrow|Foul Play|p2a: Dragonite\n|-damage|p2a: Dragonite|79\/100\n|move|p2a: Dragonite|Waterfall|p1a: Spectrier\n|-damage|p1a: Spectrier|33\/100\n|move|p2b: Ludicolo|Leech Seed|p1a: Spectrier\n|-start|p1a: Spectrier|move: Leech Seed\n|\n|-weather|RainDance|[upkeep]\n|-heal|p2b: Ludicolo|44\/100 par|[from] ability: Rain Dish\n|-heal|p2b: Ludicolo|50\/100 par|[from] item: Leftovers\n|-damage|p1a: Spectrier|21\/100|[from] Leech Seed|[of] p2b: Ludicolo\n|-heal|p2b: Ludicolo|61\/100 par|[silent]\n|-damage|p1b: Murkrow|76\/100|[from] Leech Seed|[of] p2b: Ludicolo\n|-heal|p2b: Ludicolo|72\/100 par|[silent]\n|upkeep\n|turn|10\n|\n|t:|1698668401\n|move|p2b: Ludicolo|Protect|p2b: Ludicolo\n|-singleturn|p2b: Ludicolo|Protect\n|move|p1a: Spectrier|Hex|p2b: Ludicolo\n|-activate|p2b: Ludicolo|move: Protect\n|move|p1b: Murkrow|Foul Play|p2a: Dragonite\n|-crit|p2a: Dragonite\n|-damage|p2a: Dragonite|12\/100\n|move|p2a: Dragonite|Outrage|p1a: Spectrier\n|-damage|p1a: Spectrier|0 fnt\n|faint|p1a: Spectrier\n|\n|-weather|none\n|-heal|p2b: Ludicolo|78\/100 par|[from] item: Leftovers\n|-damage|p1b: Murkrow|63\/100|[from] Leech Seed|[of] p2b: Ludicolo\n|-heal|p2b: Ludicolo|89\/100 par|[silent]\n|upkeep\n|-message|NumKon forfeited.\n|\n|win|deadlydirt\n|raw|NumKon's rating: 1088 &rarr; <strong>1060<\/strong><br \/>(-28 for losing)\n|raw|deadlydirt's rating: 1022 &rarr; <strong>1066<\/strong><br \/>(+44 for winning)\n|l|\u203dNumKon\n","uploadtime":1698668421,"views":23,"p1id":"numkon","p2id":"deadlydirt","formatid":"gen9doublesou","rating":1060,"private":0,"password":""}