{"id":"gen9doublesou-1978712820","p1":"Gen1victoryroad","p2":"Reapergangster","format":"[Gen 9] Doubles OU","log":"|j|\u203dGen1victoryroad\n|j|\u2606Reapergangster\n|t:|1698585584\n|gametype|doubles\n|player|p1|Gen1victoryroad|1|1200\n|player|p2|Reapergangster|policeman-gen4|1089\n|teamsize|p1|6\n|teamsize|p2|6\n|gen|9\n|tier|[Gen 9] Doubles OU\n|rated|\n|rule|Species Clause: Limit one of each Pok\u00e9mon\n|rule|OHKO Clause: OHKO moves are banned\n|rule|Evasion Moves Clause: Evasion moves are banned\n|rule|Gravity Sleep Clause: The combination of sleep-inducing moves with imperfect accuracy and Gravity or Gigantamax Orbeetle are banned\n|rule|Endless Battle Clause: Forcing endless battles is banned\n|rule|HP Percentage Mod: HP is shown in percentages\n|clearpoke\n|poke|p1|Baxcalibur, M|\n|poke|p1|Torkoal, M|\n|poke|p1|Walking Wake|\n|poke|p1|Gholdengo|\n|poke|p1|Amoonguss, F|\n|poke|p1|Rillaboom, F|\n|poke|p2|Amoonguss, F|\n|poke|p2|Kingambit, M|\n|poke|p2|Flamigo, F|\n|poke|p2|Azumarill, M|\n|poke|p2|Maushold-Four|\n|poke|p2|Gholdengo|\n|teampreview\n|inactive|Battle timer is ON: inactive players will automatically lose when time's up. (requested by Reapergangster)\n|\n|t:|1698585595\n|start\n|switch|p1a: Torkoal|Torkoal, M|100\/100\n|switch|p1b: Walking Wake|Walking Wake|100\/100\n|switch|p2a: Azumarill|Azumarill, M|100\/100\n|switch|p2b: Maushold|Maushold-Four|100\/100\n|-weather|SunnyDay|[from] ability: Drought|[of] p1a: Torkoal\n|-activate|p1b: Walking Wake|ability: Protosynthesis\n|-start|p1b: Walking Wake|protosynthesisspe\n|turn|1\n|\n|t:|1698585612\n|-end|p1b: Walking Wake|Protosynthesis|[silent]\n|switch|p1b: Amoonguss|Amoonguss, F|100\/100\n|move|p2b: Maushold|Follow Me|p2b: Maushold\n|-singleturn|p2b: Maushold|move: Follow Me\n|move|p2a: Azumarill|Belly Drum|p2a: Azumarill\n|-damage|p2a: Azumarill|50\/100\n|-setboost|p2a: Azumarill|atk|6|[from] move: Belly Drum\n|-enditem|p2a: Azumarill|Sitrus Berry|[eat]\n|-heal|p2a: Azumarill|75\/100|[from] item: Sitrus Berry\n|move|p1a: Torkoal|Yawn|p2b: Maushold\n|-start|p2b: Maushold|move: Yawn|[of] p1a: Torkoal\n|\n|-weather|SunnyDay|[upkeep]\n|upkeep\n|turn|2\n|\n|t:|1698585639\n|move|p2b: Maushold|Follow Me|p2b: Maushold\n|-singleturn|p2b: Maushold|move: Follow Me\n|move|p2a: Azumarill|Aqua Jet|p1a: Torkoal\n|-supereffective|p1a: Torkoal\n|-damage|p1a: Torkoal|41\/100\n|move|p1b: Amoonguss|Clear Smog|p2b: Maushold\n|-damage|p2b: Maushold|81\/100\n|-clearboost|p2b: Maushold\n|move|p1a: Torkoal|Yawn||[still]\n|-fail|p1a: Torkoal\n|\n|-weather|SunnyDay|[upkeep]\n|-end|p2b: Maushold|move: Yawn|[silent]\n|-status|p2b: Maushold|slp\n|upkeep\n|turn|3\n|inactive|Reapergangster has 120 seconds left.\n|\n|t:|1698585671\n|switch|p2b: Flamigo|Flamigo, F|100\/100\n|-copyboost|p2b: Flamigo|p2a: Azumarill|[from] ability: Costar\n|move|p1a: Torkoal|Protect|p1a: Torkoal\n|-singleturn|p1a: Torkoal|Protect\n|move|p2a: Azumarill|Aqua Jet|p1a: Torkoal\n|-activate|p1a: Torkoal|move: Protect\n|move|p1b: Amoonguss|Spore|p2a: Azumarill\n|-status|p2a: Azumarill|slp|[from] move: Spore\n|\n|-weather|SunnyDay|[upkeep]\n|upkeep\n|turn|4\n|\n|t:|1698585686\n|cant|p2a: Azumarill|slp\n|move|p2b: Flamigo|Brave Bird|p1b: Amoonguss\n|-supereffective|p1b: Amoonguss\n|-damage|p1b: Amoonguss|0 fnt\n|faint|p1b: Amoonguss\n|-damage|p2b: Flamigo|54\/100|[from] Recoil\n|move|p1a: Torkoal|Yawn|p2b: Flamigo\n|-start|p2b: Flamigo|move: Yawn|[of] p1a: Torkoal\n|\n|-weather|SunnyDay|[upkeep]\n|upkeep\n|\n|t:|1698585700\n|switch|p1b: Baxcalibur|Baxcalibur, M|100\/100\n|turn|5\n|inactive|Reapergangster has 120 seconds left.\n|\n|t:|1698585740\n|move|p2b: Flamigo|Detect|p2b: Flamigo\n|-singleturn|p2b: Flamigo|Protect\n|move|p1b: Baxcalibur|Protect|p1b: Baxcalibur\n|-singleturn|p1b: Baxcalibur|Protect\n|move|p1a: Torkoal|Protect|p1a: Torkoal\n|-singleturn|p1a: Torkoal|Protect\n|cant|p2a: Azumarill|slp\n|\n|-weather|SunnyDay|[upkeep]\n|-end|p2b: Flamigo|move: Yawn|[silent]\n|-status|p2b: Flamigo|slp\n|upkeep\n|turn|6\n|inactive|Reapergangster has 120 seconds left.\n|\n|t:|1698585765\n|switch|p1a: Gholdengo|Gholdengo|100\/100\n|cant|p2b: Flamigo|slp\n|move|p1b: Baxcalibur|Icicle Spear|p2b: Flamigo\n|-supereffective|p2b: Flamigo\n|-crit|p2b: Flamigo\n|-damage|p2b: Flamigo|0 fnt\n|faint|p2b: Flamigo\n|-hitcount|p2: Flamigo|1\n|cant|p2a: Azumarill|slp\n|\n|-weather|SunnyDay|[upkeep]\n|upkeep\n|\n|t:|1698585775\n|switch|p2b: Amoonguss|Amoonguss, F|100\/100\n|turn|7\n|\n|t:|1698585784\n|-terastallize|p2b: Amoonguss|Water\n|move|p2b: Amoonguss|Rage Powder|p2b: Amoonguss\n|-singleturn|p2b: Amoonguss|move: Rage Powder\n|move|p1b: Baxcalibur|Icicle Spear|p2b: Amoonguss\n|-resisted|p2b: Amoonguss\n|-damage|p2b: Amoonguss|93\/100\n|-resisted|p2b: Amoonguss\n|-damage|p2b: Amoonguss|85\/100\n|-resisted|p2b: Amoonguss\n|-damage|p2b: Amoonguss|77\/100\n|-resisted|p2b: Amoonguss\n|-damage|p2b: Amoonguss|69\/100\n|-resisted|p2b: Amoonguss\n|-damage|p2b: Amoonguss|62\/100\n|-hitcount|p2b: Amoonguss|5\n|move|p1a: Gholdengo|Make It Rain|p2b: Amoonguss|[spread] p2a,p2b\n|-resisted|p2b: Amoonguss\n|-damage|p2a: Azumarill|18\/100 slp\n|-damage|p2b: Amoonguss|44\/100\n|-unboost|p1a: Gholdengo|spa|1\n|-curestatus|p2a: Azumarill|slp|[msg]\n|move|p2a: Azumarill|Play Rough|p1b: Baxcalibur\n|-supereffective|p1b: Baxcalibur\n|-damage|p1b: Baxcalibur|0 fnt\n|faint|p1b: Baxcalibur\n|\n|-weather|SunnyDay|[upkeep]\n|-heal|p2b: Amoonguss|50\/100|[from] item: Leftovers\n|upkeep\n|\n|t:|1698585806\n|switch|p1b: Rillaboom|Rillaboom, F|100\/100\n|-fieldstart|move: Grassy Terrain|[from] ability: Grassy Surge|[of] p1b: Rillaboom\n|turn|8\n|\n|t:|1698585829\n|switch|p1a: Torkoal|Torkoal, M|41\/100\n|move|p2b: Amoonguss|Rage Powder|p2b: Amoonguss\n|-singleturn|p2b: Amoonguss|move: Rage Powder\n|move|p1b: Rillaboom|Grassy Glide|p2a: Azumarill\n|-supereffective|p2a: Azumarill\n|-damage|p2a: Azumarill|0 fnt\n|faint|p2a: Azumarill\n|\n|-weather|none\n|-heal|p2b: Amoonguss|56\/100|[from] Grassy Terrain\n|-heal|p2b: Amoonguss|63\/100|[from] item: Leftovers\n|-heal|p1a: Torkoal|47\/100|[from] Grassy Terrain\n|upkeep\n|\n|t:|1698585840\n|switch|p2a: Gholdengo|Gholdengo|100\/100\n|turn|9\n|\n|t:|1698585861\n|switch|p1b: Walking Wake|Walking Wake|100\/100\n|move|p2b: Amoonguss|Protect|p2b: Amoonguss\n|-singleturn|p2b: Amoonguss|Protect\n|move|p2a: Gholdengo|Make It Rain|p1a: Torkoal|[spread] p1a,p1b\n|-resisted|p1a: Torkoal\n|-resisted|p1b: Walking Wake\n|-damage|p1a: Torkoal|0 fnt\n|-damage|p1b: Walking Wake|59\/100\n|-unboost|p2a: Gholdengo|spa|1\n|faint|p1a: Torkoal\n|\n|-heal|p1b: Walking Wake|65\/100|[from] Grassy Terrain\n|-heal|p2b: Amoonguss|69\/100|[from] Grassy Terrain\n|-heal|p2b: Amoonguss|75\/100|[from] item: Leftovers\n|upkeep\n|\n|t:|1698585872\n|switch|p1a: Gholdengo|Gholdengo|100\/100\n|turn|10\n|\n|t:|1698585896\n|switch|p2a: Maushold|Maushold-Four|81\/100 slp\n|move|p1b: Walking Wake|Flamethrower|p2a: Maushold\n|-damage|p2a: Maushold|21\/100 slp\n|move|p1a: Gholdengo|Shadow Ball|p2a: Maushold\n|-immune|p2a: Maushold\n|move|p2b: Amoonguss|Pollen Puff|p2a: Maushold\n|-heal|p2a: Maushold|71\/100 slp\n|\n|-heal|p1b: Walking Wake|72\/100|[from] Grassy Terrain\n|-heal|p2a: Maushold|77\/100 slp|[from] Grassy Terrain\n|-heal|p2b: Amoonguss|81\/100|[from] Grassy Terrain\n|-heal|p2b: Amoonguss|88\/100|[from] item: Leftovers\n|upkeep\n|turn|11\n|c|\u2606Reapergangster|Yes\n|c|\u2606Reapergangster|it worked\n|inactive|Reapergangster has 120 seconds left.\n|\n|t:|1698585936\n|cant|p2a: Maushold|slp\n|move|p1b: Walking Wake|Flamethrower|p2a: Maushold\n|-damage|p2a: Maushold|22\/100 slp\n|move|p1a: Gholdengo|Thunderbolt|p2b: Amoonguss\n|-supereffective|p2b: Amoonguss\n|-damage|p2b: Amoonguss|50\/100\n|move|p2b: Amoonguss|Spore|p1b: Walking Wake\n|-status|p1b: Walking Wake|slp|[from] move: Spore\n|\n|-heal|p1b: Walking Wake|78\/100 slp|[from] Grassy Terrain\n|-heal|p2a: Maushold|28\/100 slp|[from] Grassy Terrain\n|-heal|p2b: Amoonguss|57\/100|[from] Grassy Terrain\n|-heal|p2b: Amoonguss|63\/100|[from] item: Leftovers\n|upkeep\n|turn|12\n|inactive|Reapergangster has 120 seconds left.\n|\n|t:|1698585966\n|-end|p1b: Walking Wake|Protosynthesis|[silent]\n|switch|p1b: Rillaboom|Rillaboom, F|100\/100\n|move|p2b: Amoonguss|Rage Powder|p2b: Amoonguss\n|-singleturn|p2b: Amoonguss|move: Rage Powder\n|cant|p2a: Maushold|slp\n|move|p1a: Gholdengo|Thunderbolt|p2b: Amoonguss\n|-supereffective|p2b: Amoonguss\n|-damage|p2b: Amoonguss|23\/100\n|\n|-heal|p2a: Maushold|35\/100 slp|[from] Grassy Terrain\n|-heal|p2b: Amoonguss|29\/100|[from] Grassy Terrain\n|-heal|p2b: Amoonguss|35\/100|[from] item: Leftovers\n|-fieldend|move: Grassy Terrain\n|upkeep\n|turn|13\n|inactive|Reapergangster has 120 seconds left.\n|\n|t:|1698585995\n|switch|p2a: Kingambit|Kingambit, M|100\/100\n|move|p2b: Amoonguss|Protect|p2b: Amoonguss\n|-singleturn|p2b: Amoonguss|Protect\n|move|p1b: Rillaboom|Grassy Glide|p2b: Amoonguss\n|-activate|p2b: Amoonguss|move: Protect\n|move|p1a: Gholdengo|Thunderbolt|p2b: Amoonguss\n|-activate|p2b: Amoonguss|move: Protect\n|\n|-heal|p2b: Amoonguss|41\/100|[from] item: Leftovers\n|upkeep\n|turn|14\n|inactive|Reapergangster has 120 seconds left.\n|\n|t:|1698586027\n|switch|p1a: Walking Wake|Walking Wake|78\/100 slp\n|move|p2b: Amoonguss|Rage Powder|p2b: Amoonguss\n|-singleturn|p2b: Amoonguss|move: Rage Powder\n|move|p1b: Rillaboom|Grassy Glide|p2b: Amoonguss\n|-supereffective|p2b: Amoonguss\n|-damage|p2b: Amoonguss|0 fnt\n|faint|p2b: Amoonguss\n|move|p2a: Kingambit|Kowtow Cleave|p1a: Walking Wake\n|-damage|p1a: Walking Wake|3\/100 slp\n|-damage|p2a: Kingambit|91\/100|[from] item: Life Orb\n|\n|upkeep\n|\n|t:|1698586040\n|switch|p2b: Gholdengo|Gholdengo|100\/100\n|turn|15\n|inactive|Reapergangster has 120 seconds left.\n|\n|t:|1698586063\n|cant|p1a: Walking Wake|slp\n|move|p2b: Gholdengo|Shadow Ball|p1b: Rillaboom\n|-damage|p1b: Rillaboom|52\/100\n|-unboost|p1b: Rillaboom|spd|1\n|move|p1b: Rillaboom|Knock Off|p2b: Gholdengo\n|-supereffective|p2b: Gholdengo\n|-damage|p2b: Gholdengo|19\/100\n|-enditem|p2b: Gholdengo|Choice Specs|[from] move: Knock Off|[of] p1b: Rillaboom\n|move|p2a: Kingambit|Kowtow Cleave|p1a: Walking Wake\n|-damage|p1a: Walking Wake|0 fnt\n|faint|p1a: Walking Wake\n|-end|p1a: Walking Wake|Protosynthesis|[silent]\n|-damage|p2a: Kingambit|81\/100|[from] item: Life Orb\n|\n|upkeep\n|\n|t:|1698586075\n|switch|p1a: Gholdengo|Gholdengo|100\/100\n|turn|16\n|\n|t:|1698586096\n|switch|p2b: Maushold|Maushold-Four|35\/100 slp\n|-terastallize|p1b: Rillaboom|Grass\n|move|p2a: Kingambit|Sucker Punch|p1a: Gholdengo\n|-supereffective|p1a: Gholdengo\n|-damage|p1a: Gholdengo|3\/100\n|-damage|p2a: Kingambit|71\/100|[from] item: Life Orb\n|move|p1b: Rillaboom|Grassy Glide|p2a: Kingambit\n|-resisted|p2a: Kingambit\n|-damage|p2a: Kingambit|59\/100\n|move|p1a: Gholdengo|Shadow Ball|p2b: Maushold\n|-immune|p2b: Maushold\n|\n|-heal|p1a: Gholdengo|9\/100|[from] item: Leftovers\n|upkeep\n|turn|17\n|\n|t:|1698586116\n|cant|p2b: Maushold|slp\n|move|p2a: Kingambit|Sucker Punch||[still]\n|-fail|p2a: Kingambit\n|move|p1b: Rillaboom|Grassy Glide|p2b: Maushold\n|-damage|p2b: Maushold|0 fnt\n|faint|p2b: Maushold\n|move|p1a: Gholdengo|Nasty Plot|p1a: Gholdengo\n|-boost|p1a: Gholdengo|spa|2\n|\n|-heal|p1a: Gholdengo|15\/100|[from] item: Leftovers\n|upkeep\n|\n|t:|1698586127\n|switch|p2b: Gholdengo|Gholdengo|19\/100\n|turn|18\n|\n|t:|1698586143\n|move|p2b: Gholdengo|Make It Rain|p1b: Rillaboom|[spread] p1a,p1b\n|-resisted|p1a: Gholdengo\n|-damage|p1a: Gholdengo|0 fnt\n|-damage|p1b: Rillaboom|0 fnt\n|-unboost|p2b: Gholdengo|spa|1\n|faint|p1a: Gholdengo\n|faint|p1b: Rillaboom\n|\n|win|Reapergangster\n|raw|Gen1victoryroad's rating: 1200 &rarr; <strong>1167<\/strong><br \/>(-33 for losing)\n|raw|Reapergangster's rating: 1089 &rarr; <strong>1124<\/strong><br \/>(+35 for winning)\n|l|\u203dGen1victoryroad\n","uploadtime":1698586157,"views":26,"p1id":"gen1victoryroad","p2id":"reapergangster","formatid":"gen9doublesou","rating":1124,"private":0,"password":""}