{"id":"gen9doublesou-1986334025","p1":"Boltundover","p2":"print(\"holaMundo\")","format":"[Gen 9] Doubles OU","log":"|j|\u2606Boltundover\n|j|\u2606print(\"holaMundo\")\n|t:|1699470138\n|gametype|doubles\n|player|p1|Boltundover|rollerskaterf|1000\n|player|p2|print(\"holaMundo\")|266|1000\n|teamsize|p1|6\n|teamsize|p2|6\n|gen|9\n|tier|[Gen 9] Doubles OU\n|rated|\n|rule|Species Clause: Limit one of each Pok\u00e9mon\n|rule|OHKO Clause: OHKO moves are banned\n|rule|Evasion Moves Clause: Evasion moves are banned\n|rule|Gravity Sleep Clause: The combination of sleep-inducing moves with imperfect accuracy and Gravity or Gigantamax Orbeetle are banned\n|rule|Endless Battle Clause: Forcing endless battles is banned\n|rule|HP Percentage Mod: HP is shown in percentages\n|clearpoke\n|poke|p1|Trevenant, M|\n|poke|p1|Chesnaught, M|\n|poke|p1|Indeedee-F, F|\n|poke|p1|Snorlax, M|\n|poke|p1|Torkoal, F|\n|poke|p1|Oranguru, F|\n|poke|p2|Kommo-o, M|\n|poke|p2|Gallade, M|\n|poke|p2|Hariyama, M|\n|poke|p2|Crabominable, M|\n|poke|p2|Slither Wing|\n|poke|p2|Hawlucha, M|\n|teampreview\n|\n|t:|1699470147\n|start\n|switch|p1a: Indeedee|Indeedee-F, F|100\/100\n|switch|p1b: Chesnaught|Chesnaught, M|100\/100\n|switch|p2a: Gallade|Gallade, M|100\/100\n|switch|p2b: Hariyama|Hariyama, M|100\/100\n|-fieldstart|move: Psychic Terrain|[from] ability: Psychic Surge|[of] p1a: Indeedee\n|turn|1\n|\n|t:|1699470164\n|move|p1a: Indeedee|Follow Me|p1a: Indeedee\n|-singleturn|p1a: Indeedee|move: Follow Me\n|move|p1b: Chesnaught|Belly Drum|p1b: Chesnaught\n|-damage|p1b: Chesnaught|50\/100\n|-setboost|p1b: Chesnaught|atk|6|[from] move: Belly Drum\n|move|p2b: Hariyama|Close Combat|p1a: Indeedee\n|-damage|p1a: Indeedee|0 fnt\n|-unboost|p2b: Hariyama|def|1\n|-unboost|p2b: Hariyama|spd|1\n|faint|p1a: Indeedee\n|move|p2a: Gallade|Trick Room|p2a: Gallade\n|-fieldstart|move: Trick Room|[of] p2a: Gallade\n|\n|-status|p2b: Hariyama|brn|[from] item: Flame Orb\n|upkeep\n|\n|t:|1699470195\n|switch|p1a: Trevenant|Trevenant, M|100\/100\n|turn|2\n|\n|t:|1699470221\n|switch|p2a: Crabominable|Crabominable, M|100\/100\n|move|p1b: Chesnaught|Endure|p1b: Chesnaught\n|-singleturn|p1b: Chesnaught|move: Endure\n|move|p2b: Hariyama|Ice Punch|p1b: Chesnaught\n|-supereffective|p1b: Chesnaught\n|-activate|p1b: Chesnaught|move: Endure\n|-damage|p1b: Chesnaught|1\/100\n|move|p1a: Trevenant|Skill Swap|p1b: Chesnaught\n|-activate|p1a: Trevenant|move: Skill Swap|||[of] p1b: Chesnaught\n|\n|-damage|p2b: Hariyama|94\/100 brn|[from] brn\n|upkeep\n|turn|3\n|-enditem|p1b: Chesnaught|Custap Berry|[eat]\n|-activate|p1b: Chesnaught|item: Custap Berry|[consumed]\n|\n|t:|1699470239\n|move|p1a: Trevenant|Ally Switch|p1a: Trevenant\n|swap|p1a: Trevenant|1|[from] move: Ally Switch\n|move|p1a: Chesnaught|Rock Slide|p2b: Hariyama|[spread] p2a,p2b\n|-resisted|p2b: Hariyama\n|-damage|p2a: Crabominable|20\/100\n|-damage|p2b: Hariyama|37\/100 brn\n|move|p2a: Crabominable|Ice Hammer|p1a: Chesnaught|[miss]\n|-miss|p2a: Crabominable|p1a: Chesnaught\n|move|p2b: Hariyama|Ice Punch|p1b: Trevenant\n|-supereffective|p1b: Trevenant\n|-damage|p1b: Trevenant|12\/100\n|\n|-damage|p2b: Hariyama|31\/100 brn|[from] brn\n|-item|p1a: Chesnaught|Custap Berry|[from] ability: Harvest\n|upkeep\n|turn|4\n|-enditem|p1a: Chesnaught|Custap Berry|[eat]\n|-activate|p1a: Chesnaught|item: Custap Berry|[consumed]\n|\n|t:|1699470255\n|switch|p2b: Gallade|Gallade, M|100\/100\n|switch|p1b: Torkoal|Torkoal, F|100\/100\n|-weather|SunnyDay|[from] ability: Drought|[of] p1b: Torkoal\n|move|p1a: Chesnaught|Rock Slide|p2a: Crabominable|[spread] p2a\n|-miss|p1a: Chesnaught|p2b: Gallade\n|-damage|p2a: Crabominable|0 fnt\n|faint|p2a: Crabominable\n|\n|-weather|SunnyDay|[upkeep]\n|-item|p1a: Chesnaught|Custap Berry|[from] ability: Harvest\n|upkeep\n|\n|t:|1699470278\n|switch|p2a: Kommo-o|Kommo-o, M|100\/100\n|turn|5\n|-enditem|p1a: Chesnaught|Custap Berry|[eat]\n|-activate|p1a: Chesnaught|item: Custap Berry|[consumed]\n|\n|t:|1699470284\n|move|p2b: Gallade|Wide Guard|p2b: Gallade\n|-singleturn|p2b: Gallade|Wide Guard\n|move|p1a: Chesnaught|Reversal|p2a: Kommo-o\n|-damage|p2a: Kommo-o|0 fnt\n|faint|p2a: Kommo-o\n|move|p1b: Torkoal|Eruption|p2b: Gallade\n|-activate|p2b: Gallade|move: Wide Guard\n|\n|-weather|SunnyDay|[upkeep]\n|-fieldend|move: Trick Room\n|-item|p1a: Chesnaught|Custap Berry|[from] ability: Harvest\n|upkeep\n|\n|t:|1699470302\n|switch|p2a: Hariyama|Hariyama, M|31\/100 brn\n|turn|6\n|-enditem|p1a: Chesnaught|Custap Berry|[eat]\n|-activate|p1a: Chesnaught|item: Custap Berry|[consumed]\n|\n|t:|1699470307\n|switch|p1b: Oranguru|Oranguru, F|100\/100\n|move|p2a: Hariyama|Fake Out|p1a: Chesnaught\n|-activate|p1a: Chesnaught|move: Psychic Terrain\n|move|p1a: Chesnaught|Reversal|p2a: Hariyama\n|-damage|p2a: Hariyama|0 fnt\n|faint|p2a: Hariyama\n|move|p2b: Gallade|Trick Room|p2b: Gallade\n|-fieldstart|move: Trick Room|[of] p2b: Gallade\n|-enditem|p1b: Oranguru|Room Service\n|-unboost|p1b: Oranguru|spe|1|[from] item: Room Service\n|\n|-weather|SunnyDay|[upkeep]\n|-item|p1a: Chesnaught|Custap Berry|[from] ability: Harvest\n|upkeep\n|\n|t:|1699470318\n|switch|p2a: Slither Wing|Slither Wing|100\/100\n|-activate|p2a: Slither Wing|ability: Protosynthesis\n|-start|p2a: Slither Wing|protosynthesisatk\n|turn|7\n|-enditem|p1a: Chesnaught|Custap Berry|[eat]\n|-activate|p1a: Chesnaught|item: Custap Berry|[consumed]\n|\n|t:|1699470329\n|switch|p2b: Hawlucha|Hawlucha, M|100\/100\n|move|p1a: Chesnaught|Reversal|p2a: Slither Wing\n|-resisted|p2a: Slither Wing\n|-damage|p2a: Slither Wing|0 fnt\n|faint|p2a: Slither Wing\n|-end|p2a: Slither Wing|Protosynthesis|[silent]\n|move|p1b: Oranguru|Instruct|p1a: Chesnaught\n|-singleturn|p1a: Chesnaught|move: Instruct|[of] p1b: Oranguru\n|move|p1a: Chesnaught|Reversal|p2b: Hawlucha\n|-resisted|p2b: Hawlucha\n|-damage|p2b: Hawlucha|0 fnt\n|faint|p2b: Hawlucha\n|\n|-weather|SunnyDay|[upkeep]\n|-item|p1a: Chesnaught|Custap Berry|[from] ability: Harvest\n|upkeep\n|-message|print(\"holaMundo\") forfeited.\n|\n|win|Boltundover\n|raw|Boltundover's rating: 1000 &rarr; <strong>1040<\/strong><br \/>(+40 for winning)\n|raw|print(&quot;holaMundo&quot;)'s rating: 1000 &rarr; <strong>1000<\/strong><br \/>(+0 for losing)\n|l|\u2606print(\"holaMundo\")\n|c|\u2606Boltundover|this is the true fighting type\n","uploadtime":1699470353,"views":43,"p1id":"boltundover","p2id":"printholamundo","formatid":"gen9doublesou","rating":1000,"private":0,"password":""}