{"id":"gen9doublesou-1981494187","p1":"UY QUE RICO PAPI","p2":"PotatoTits","format":"[Gen 9] Doubles OU","log":"|j|\u2606UY QUE RICO PAPI\n|j|\u2606PotatoTits\n|t:|1698906265\n|gametype|doubles\n|player|p1|UY QUE RICO PAPI|2|1358\n|player|p2|PotatoTits|cynthia-gen4|1277\n|teamsize|p1|6\n|teamsize|p2|6\n|gen|9\n|tier|[Gen 9] Doubles OU\n|rated|\n|rule|Species Clause: Limit one of each Pok\u00e9mon\n|rule|OHKO Clause: OHKO moves are banned\n|rule|Evasion Moves Clause: Evasion moves are banned\n|rule|Gravity Sleep Clause: The combination of sleep-inducing moves with imperfect accuracy and Gravity or Gigantamax Orbeetle are banned\n|rule|Endless Battle Clause: Forcing endless battles is banned\n|rule|HP Percentage Mod: HP is shown in percentages\n|clearpoke\n|poke|p1|Trevenant, M|\n|poke|p1|Grimmsnarl, M|\n|poke|p1|Garganacl, F|\n|poke|p1|Ting-Lu|\n|poke|p1|Cresselia, F|\n|poke|p1|Glimmora, F|\n|poke|p2|Scream Tail|\n|poke|p2|Cresselia, F|\n|poke|p2|Rabsca, F|\n|poke|p2|Ursaluna, F|\n|poke|p2|Sinistcha-Masterpiece|\n|poke|p2|Gothitelle, F|\n|teampreview\n|inactive|Battle timer is ON: inactive players will automatically lose when time's up. (requested by PotatoTits)\n|\n|t:|1698906283\n|start\n|switch|p1a: Grimmsnarl|Grimmsnarl, M|100\/100\n|switch|p1b: Glimmora|Glimmora, F|100\/100\n|switch|p2a: Gothitelle|Gothitelle, F|100\/100\n|switch|p2b: Yuuuhhhhhhh|Scream Tail|100\/100\n|-item|p1a: Grimmsnarl|Light Clay|[from] ability: Frisk|[of] p2a: Gothitelle|[identify]\n|-item|p1b: Glimmora|Leftovers|[from] ability: Frisk|[of] p2a: Gothitelle|[identify]\n|-enditem|p2b: Yuuuhhhhhhh|Booster Energy\n|-activate|p2b: Yuuuhhhhhhh|ability: Protosynthesis|[fromitem]\n|-start|p2b: Yuuuhhhhhhh|protosynthesisspe\n|turn|1\n|inactive|PotatoTits has 120 seconds left.\n|\n|t:|1698906325\n|move|p2a: Gothitelle|Protect|p2a: Gothitelle\n|-singleturn|p2a: Gothitelle|Protect\n|move|p1a: Grimmsnarl|Light Screen|p1a: Grimmsnarl\n|-sidestart|p1: UY QUE RICO PAPI|move: Light Screen\n|move|p2b: Yuuuhhhhhhh|Encore|p1a: Grimmsnarl\n|-start|p1a: Grimmsnarl|Encore\n|move|p1b: Glimmora|Stealth Rock|p2a: Gothitelle\n|-sidestart|p2: PotatoTits|move: Stealth Rock\n|\n|upkeep\n|turn|2\n|inactive|PotatoTits has 120 seconds left.\n|inactive|UY QUE RICO PAPI has 120 seconds left.\n|\n|t:|1698906368\n|switch|p2a: Cresselia|Cresselia, F|100\/100\n|-damage|p2a: Cresselia|88\/100|[from] Stealth Rock\n|switch|p1a: Ting-Lu|Ting-Lu|100\/100\n|-ability|p1a: Ting-Lu|Vessel of Ruin\n|move|p2b: Yuuuhhhhhhh|Perish Song|p2b: Yuuuhhhhhhh\n|-start|p1a: Ting-Lu|perish3|[silent]\n|-start|p1b: Glimmora|perish3|[silent]\n|-start|p2a: Cresselia|perish3|[silent]\n|-start|p2b: Yuuuhhhhhhh|perish3|[silent]\n|-fieldactivate|move: Perish Song\n|move|p1b: Glimmora|Mortal Spin|p2b: Yuuuhhhhhhh|[spread] p2a,p2b\n|-supereffective|p2b: Yuuuhhhhhhh\n|-damage|p2a: Cresselia|85\/100\n|-damage|p2b: Yuuuhhhhhhh|94\/100\n|-status|p2a: Cresselia|psn\n|-status|p2b: Yuuuhhhhhhh|psn\n|\n|-heal|p2a: Cresselia|91\/100 psn|[from] item: Leftovers\n|-damage|p2b: Yuuuhhhhhhh|82\/100 psn|[from] psn\n|-damage|p2a: Cresselia|79\/100 psn|[from] psn\n|-start|p2b: Yuuuhhhhhhh|perish3\n|-start|p1b: Glimmora|perish3\n|-start|p2a: Cresselia|perish3\n|-start|p1a: Ting-Lu|perish3\n|upkeep\n|turn|3\n|inactive|PotatoTits has 120 seconds left.\n|inactive|UY QUE RICO PAPI has 120 seconds left.\n|\n|t:|1698906404\n|move|p1b: Glimmora|Spiky Shield|p1b: Glimmora\n|-singleturn|p1b: Glimmora|move: Protect\n|move|p1a: Ting-Lu|Protect|p1a: Ting-Lu\n|-singleturn|p1a: Ting-Lu|Protect\n|move|p2b: Yuuuhhhhhhh|Encore|p1a: Ting-Lu\n|-activate|p1a: Ting-Lu|move: Protect\n|move|p2a: Cresselia|Lunar Blessing|p2a: Cresselia|[spread] p2a,p2b\n|-heal|p2a: Cresselia|100\/100 psn\n|-curestatus|p2a: Cresselia|psn|[msg]\n|-heal|p2b: Yuuuhhhhhhh|100\/100 psn\n|-curestatus|p2b: Yuuuhhhhhhh|psn|[msg]\n|\n|-start|p2b: Yuuuhhhhhhh|perish2\n|-start|p1b: Glimmora|perish2\n|-start|p2a: Cresselia|perish2\n|-start|p1a: Ting-Lu|perish2\n|upkeep\n|turn|4\n|inactive|UY QUE RICO PAPI has 120 seconds left.\n|\n|t:|1698906434\n|switch|p1b: Grimmsnarl|Grimmsnarl, M|100\/100\n|move|p2b: Yuuuhhhhhhh|Dazzling Gleam|p1a: Ting-Lu|[spread] p1a,p1b\n|-supereffective|p1a: Ting-Lu\n|-supereffective|p1b: Grimmsnarl\n|-damage|p1a: Ting-Lu|88\/100\n|-damage|p1b: Grimmsnarl|80\/100\n|move|p2a: Cresselia|Lunar Blessing||[still]|[spread] \n|-fail|p2a: Cresselia\n|move|p1a: Ting-Lu|Spikes|p2b: Yuuuhhhhhhh\n|-sidestart|p2: PotatoTits|Spikes\n|\n|-heal|p1a: Ting-Lu|94\/100|[from] item: Leftovers\n|-start|p2b: Yuuuhhhhhhh|perish1\n|-start|p2a: Cresselia|perish1\n|-start|p1a: Ting-Lu|perish1\n|upkeep\n|turn|5\n|inactive|PotatoTits has 120 seconds left.\n|inactive|UY QUE RICO PAPI has 120 seconds left.\n|\n|t:|1698906469\n|-end|p2b: Yuuuhhhhhhh|Protosynthesis|[silent]\n|switch|p2b: Ursaluna|Ursaluna, F|100\/100\n|-damage|p2b: Ursaluna|94\/100|[from] Stealth Rock\n|-damage|p2b: Ursaluna|82\/100|[from] Spikes\n|switch|p2a: Gothitelle|Gothitelle, F|100\/100\n|-damage|p2a: Gothitelle|88\/100|[from] Stealth Rock\n|-damage|p2a: Gothitelle|76\/100|[from] Spikes\n|-item|p1a: Ting-Lu|Leftovers|[from] ability: Frisk|[of] p2a: Gothitelle|[identify]\n|-item|p1b: Grimmsnarl|Light Clay|[from] ability: Frisk|[of] p2a: Gothitelle|[identify]\n|switch|p1a: Garganacl|Garganacl, F|100\/100\n|move|p1b: Grimmsnarl|Reflect|p1b: Grimmsnarl\n|-sidestart|p1: UY QUE RICO PAPI|Reflect\n|\n|-status|p2b: Ursaluna|brn|[from] item: Flame Orb\n|upkeep\n|turn|6\n|inactive|UY QUE RICO PAPI has 120 seconds left.\n|inactive|PotatoTits has 120 seconds left.\n|\n|t:|1698906500\n|-terastallize|p2b: Ursaluna|Ghost\n|-terastallize|p1a: Garganacl|Ghost\n|move|p1b: Grimmsnarl|Parting Shot|p2b: Ursaluna\n|-unboost|p2b: Ursaluna|atk|1\n|-unboost|p2b: Ursaluna|spa|1\n|\n|t:|1698906513\n|switch|p1b: Ting-Lu|Ting-Lu|94\/100|[from] Parting Shot\n|-ability|p1b: Ting-Lu|Vessel of Ruin\n|move|p2a: Gothitelle|Imprison|p2a: Gothitelle\n|-start|p2a: Gothitelle|move: Imprison\n|move|p2b: Ursaluna|Headlong Rush|p1a: Garganacl\n|-crit|p1a: Garganacl\n|-damage|p1a: Garganacl|13\/100\n|-unboost|p2b: Ursaluna|def|1\n|-unboost|p2b: Ursaluna|spd|1\n|move|p1a: Garganacl|Salt Cure|p2b: Ursaluna\n|-damage|p2b: Ursaluna|66\/100 brn\n|-start|p2b: Ursaluna|Salt Cure\n|\n|-heal|p1b: Ting-Lu|99\/100|[from] item: Leftovers\n|-heal|p1a: Garganacl|19\/100|[from] item: Leftovers\n|-damage|p2b: Ursaluna|60\/100 brn|[from] brn\n|-damage|p2b: Ursaluna|47\/100 brn|[from] Salt Cure\n|upkeep\n|turn|7\n|inactive|UY QUE RICO PAPI has 90 seconds left.\n|\n|t:|1698906553\n|switch|p1a: Cresselia|Cresselia, F|100\/100\n|move|p2a: Gothitelle|Heal Pulse|p2b: Ursaluna\n|-heal|p2b: Ursaluna|97\/100 brn\n|move|p2b: Ursaluna|Facade|p1b: Ting-Lu\n|-damage|p1b: Ting-Lu|76\/100\n|move|p1b: Ting-Lu|Mean Look||[still]\n|-fail|p1b: Ting-Lu\n|\n|-heal|p1b: Ting-Lu|83\/100|[from] item: Leftovers\n|-damage|p2b: Ursaluna|91\/100 brn|[from] brn\n|-damage|p2b: Ursaluna|79\/100 brn|[from] Salt Cure\n|upkeep\n|turn|8\n|inactive|UY QUE RICO PAPI has 90 seconds left.\n|inactive|PotatoTits has 120 seconds left.\n|\n|t:|1698906588\n|switch|p2b: Yuuuhhhhhhh|Scream Tail|100\/100\n|-damage|p2b: Yuuuhhhhhhh|88\/100|[from] Stealth Rock\n|-damage|p2b: Yuuuhhhhhhh|76\/100|[from] Spikes\n|move|p2a: Gothitelle|Protect|p2a: Gothitelle\n|-singleturn|p2a: Gothitelle|Protect\n|move|p1a: Cresselia|Lunar Blessing|p1a: Cresselia|[spread] p1a,p1b\n|-heal|p1b: Ting-Lu|100\/100\n|move|p1b: Ting-Lu|Spikes|p2a: Gothitelle\n|-sidestart|p2: PotatoTits|Spikes\n|\n|-sideend|p1: UY QUE RICO PAPI|move: Light Screen\n|upkeep\n|turn|9\n|inactive|UY QUE RICO PAPI has 90 seconds left.\n|\n|t:|1698906604\n|switch|p1b: Garganacl|Garganacl, F, tera:Ghost|19\/100\n|move|p2b: Yuuuhhhhhhh|Perish Song|p2b: Yuuuhhhhhhh\n|-start|p1a: Cresselia|perish3|[silent]\n|-start|p1b: Garganacl|perish3|[silent]\n|-start|p2a: Gothitelle|perish3|[silent]\n|-start|p2b: Yuuuhhhhhhh|perish3|[silent]\n|-fieldactivate|move: Perish Song\n|move|p1a: Cresselia|Lunar Blessing|p1a: Cresselia|[spread] p1a,p1b\n|-heal|p1b: Garganacl|44\/100\n|move|p2a: Gothitelle|Heal Pulse|p2b: Yuuuhhhhhhh\n|-heal|p2b: Yuuuhhhhhhh|100\/100\n|\n|-heal|p1b: Garganacl|50\/100|[from] item: Leftovers\n|-start|p2b: Yuuuhhhhhhh|perish3\n|-start|p1a: Cresselia|perish3\n|-start|p2a: Gothitelle|perish3\n|-start|p1b: Garganacl|perish3\n|upkeep\n|turn|10\n|inactive|UY QUE RICO PAPI has 90 seconds left.\n|\n|t:|1698906651\n|switch|p1a: Ting-Lu|Ting-Lu|100\/100\n|-ability|p1a: Ting-Lu|Vessel of Ruin\n|switch|p2a: Ursaluna|Ursaluna, F, tera:Ghost|79\/100 brn\n|-damage|p2a: Ursaluna|66\/100 brn|[from] Stealth Rock\n|-damage|p2a: Ursaluna|50\/100 brn|[from] Spikes\n|switch|p1b: Trevenant|Trevenant, M|100\/100\n|move|p2b: Yuuuhhhhhhh|Encore||[still]\n|-fail|p2b: Yuuuhhhhhhh\n|\n|-damage|p2a: Ursaluna|43\/100 brn|[from] brn\n|-start|p2b: Yuuuhhhhhhh|perish2\n|upkeep\n|turn|11\n|inactive|UY QUE RICO PAPI has 90 seconds left.\n|\n|t:|1698906683\n|-end|p2b: Yuuuhhhhhhh|Protosynthesis|[silent]\n|switch|p2b: Sinistcha|Sinistcha-Masterpiece|100\/100\n|-damage|p2b: Sinistcha|88\/100|[from] Stealth Rock\n|-damage|p2b: Sinistcha|72\/100|[from] Spikes\n|-heal|p2a: Ursaluna|68\/100 brn|[from] ability: Hospitality|[of] p2b: Sinistcha\n|move|p1b: Trevenant|Leech Seed|p2a: Ursaluna|[miss]\n|-miss|p1b: Trevenant|p2a: Ursaluna\n|move|p2a: Ursaluna|Headlong Rush|p1b: Trevenant\n|-resisted|p1b: Trevenant\n|-damage|p1b: Trevenant|72\/100\n|-unboost|p2a: Ursaluna|def|1\n|-unboost|p2a: Ursaluna|spd|1\n|move|p1a: Ting-Lu|Spikes|p2a: Ursaluna\n|-sidestart|p2: PotatoTits|Spikes\n|\n|-damage|p2a: Ursaluna|62\/100 brn|[from] brn\n|upkeep\n|turn|12\n|inactive|UY QUE RICO PAPI has 60 seconds left.\n|\n|t:|1698906714\n|switch|p1a: Grimmsnarl|Grimmsnarl, M|80\/100\n|move|p1b: Trevenant|Protect|p1b: Trevenant\n|-singleturn|p1b: Trevenant|Protect\n|move|p2a: Ursaluna|Facade|p1a: Grimmsnarl\n|-damage|p1a: Grimmsnarl|10\/100\n|move|p2b: Sinistcha|Shadow Ball|p1b: Trevenant\n|-activate|p1b: Trevenant|move: Protect\n|\n|-damage|p2a: Ursaluna|56\/100 brn|[from] brn\n|-sideend|p1: UY QUE RICO PAPI|Reflect\n|upkeep\n|turn|13\n|\n|t:|1698906734\n|switch|p1b: Ting-Lu|Ting-Lu|100\/100\n|-ability|p1b: Ting-Lu|Vessel of Ruin\n|move|p1a: Grimmsnarl|Parting Shot|p2a: Ursaluna\n|-unboost|p2a: Ursaluna|atk|1\n|-unboost|p2a: Ursaluna|spa|1\n|inactive|UY QUE RICO PAPI has 60 seconds left.\n|\n|t:|1698906753\n|switch|p1a: Garganacl|Garganacl, F, tera:Ghost|50\/100|[from] Parting Shot\n|move|p2a: Ursaluna|Facade|p1a: Garganacl\n|-immune|p1a: Garganacl\n|move|p2b: Sinistcha|Shadow Ball|p1b: Ting-Lu\n|-resisted|p1b: Ting-Lu\n|-damage|p1b: Ting-Lu|89\/100\n|\n|-heal|p1b: Ting-Lu|96\/100|[from] item: Leftovers\n|-heal|p1a: Garganacl|56\/100|[from] item: Leftovers\n|-damage|p2a: Ursaluna|50\/100 brn|[from] brn\n|upkeep\n|turn|14\n|\n|t:|1698906772\n|move|p1a: Garganacl|Protect|p1a: Garganacl\n|-singleturn|p1a: Garganacl|Protect\n|move|p2a: Ursaluna|Headlong Rush|p1a: Garganacl\n|-activate|p1a: Garganacl|move: Protect\n|move|p2b: Sinistcha|Shadow Ball|p1a: Garganacl\n|-activate|p1a: Garganacl|move: Protect\n|move|p1b: Ting-Lu|Ruination|p2b: Sinistcha\n|-damage|p2b: Sinistcha|36\/100\n|-enditem|p2b: Sinistcha|Sitrus Berry|[eat]\n|-heal|p2b: Sinistcha|61\/100|[from] item: Sitrus Berry\n|\n|-heal|p1b: Ting-Lu|100\/100|[from] item: Leftovers\n|-heal|p1a: Garganacl|63\/100|[from] item: Leftovers\n|-damage|p2a: Ursaluna|43\/100 brn|[from] brn\n|upkeep\n|turn|15\n|inactive|UY QUE RICO PAPI has 60 seconds left.\n|inactive|UY QUE RICO PAPI has 30 seconds left.\n|inactive|UY QUE RICO PAPI has 20 seconds left.\n|\n|t:|1698906843\n|switch|p1a: Cresselia|Cresselia, F|100\/100\n|move|p2a: Ursaluna|Headlong Rush|p1a: Cresselia\n|-immune|p1a: Cresselia|[from] ability: Levitate\n|move|p2b: Sinistcha|Shadow Ball|p1a: Cresselia\n|-supereffective|p1a: Cresselia\n|-damage|p1a: Cresselia|67\/100\n|-unboost|p1a: Cresselia|spd|1\n|move|p1b: Ting-Lu|Ruination|p2b: Sinistcha\n|-damage|p2b: Sinistcha|31\/100\n|\n|-damage|p2a: Ursaluna|37\/100 brn|[from] brn\n|upkeep\n|turn|16\n|inactive|UY QUE RICO PAPI has 30 seconds left.\n|inactive|UY QUE RICO PAPI has 20 seconds left.\n|\n|t:|1698906868\n|switch|p1a: Garganacl|Garganacl, F, tera:Ghost|63\/100\n|switch|p2a: Cresselia|Cresselia, F|100\/100\n|-damage|p2a: Cresselia|88\/100|[from] Stealth Rock\n|move|p2b: Sinistcha|Strength Sap|p1b: Ting-Lu\n|-unboost|p1b: Ting-Lu|atk|1\n|-heal|p2b: Sinistcha|89\/100\n|move|p1b: Ting-Lu|Ruination|p2a: Cresselia\n|-damage|p2a: Cresselia|44\/100\n|\n|-heal|p2a: Cresselia|50\/100|[from] item: Leftovers\n|-heal|p1a: Garganacl|69\/100|[from] item: Leftovers\n|upkeep\n|turn|17\n|inactive|UY QUE RICO PAPI has 30 seconds left.\n|inactive|UY QUE RICO PAPI has 20 seconds left.\n|\n|t:|1698906896\n|switch|p2a: Gothitelle|Gothitelle, F|76\/100\n|-damage|p2a: Gothitelle|64\/100|[from] Stealth Rock\n|-damage|p2a: Gothitelle|39\/100|[from] Spikes\n|-item|p1a: Garganacl|Leftovers|[from] ability: Frisk|[of] p2a: Gothitelle|[identify]\n|-item|p1b: Ting-Lu|Leftovers|[from] ability: Frisk|[of] p2a: Gothitelle|[identify]\n|-enditem|p2a: Gothitelle|Sitrus Berry|[eat]\n|-heal|p2a: Gothitelle|64\/100|[from] item: Sitrus Berry\n|switch|p1b: Glimmora|Glimmora, F|100\/100\n|move|p2b: Sinistcha|Shadow Ball|p1a: Garganacl\n|-supereffective|p1a: Garganacl\n|-damage|p1a: Garganacl|35\/100\n|-unboost|p1a: Garganacl|spd|1\n|move|p1a: Garganacl|Recover|p1a: Garganacl\n|-heal|p1a: Garganacl|85\/100\n|\n|-heal|p1a: Garganacl|91\/100|[from] item: Leftovers\n|upkeep\n|turn|18\n|inactive|UY QUE RICO PAPI has 30 seconds left.\n|\n|t:|1698906922\n|switch|p1a: Ting-Lu|Ting-Lu|100\/100\n|-ability|p1a: Ting-Lu|Vessel of Ruin\n|move|p2a: Gothitelle|Fake Out|p1b: Glimmora\n|-resisted|p1b: Glimmora\n|-damage|p1b: Glimmora|99\/100\n|cant|p1b: Glimmora|flinch\n|move|p2b: Sinistcha|Shadow Ball|p1a: Ting-Lu\n|-resisted|p1a: Ting-Lu\n|-damage|p1a: Ting-Lu|90\/100\n|\n|-heal|p1b: Glimmora|100\/100|[from] item: Leftovers\n|-heal|p1a: Ting-Lu|96\/100|[from] item: Leftovers\n|upkeep\n|turn|19\n|\n|t:|1698906944\n|move|p2a: Gothitelle|Protect|p2a: Gothitelle\n|-singleturn|p2a: Gothitelle|Protect\n|move|p1b: Glimmora|Mortal Spin|p2a: Gothitelle|[spread] p2b\n|-activate|p2a: Gothitelle|move: Protect\n|-damage|p2b: Sinistcha|85\/100\n|-status|p2b: Sinistcha|psn\n|move|p2b: Sinistcha|Matcha Gotcha|p1b: Glimmora|[spread] p1a\n|-miss|p2b: Sinistcha|p1b: Glimmora\n|-supereffective|p1a: Ting-Lu\n|-damage|p1a: Ting-Lu|65\/100\n|-heal|p2b: Sinistcha|100\/100 psn|[from] drain|[of] p1a: Ting-Lu\n|move|p1a: Ting-Lu|Mean Look|p2a: Gothitelle\n|-activate|p2a: Gothitelle|trapped\n|\n|-heal|p1a: Ting-Lu|71\/100|[from] item: Leftovers\n|-damage|p2b: Sinistcha|88\/100 psn|[from] psn\n|upkeep\n|turn|20\n|\n|t:|1698906961\n|move|p1a: Ting-Lu|Protect|p1a: Ting-Lu\n|-singleturn|p1a: Ting-Lu|Protect\n|move|p1b: Glimmora|Mortal Spin|p2a: Gothitelle|[spread] p2a,p2b\n|-damage|p2a: Gothitelle|59\/100\n|-damage|p2b: Sinistcha|84\/100 psn\n|-status|p2a: Gothitelle|psn\n|move|p2a: Gothitelle|Heal Pulse|p2b: Sinistcha\n|-heal|p2b: Sinistcha|100\/100 psn\n|move|p2b: Sinistcha|Matcha Gotcha|p1a: Ting-Lu|[spread] p1b\n|-activate|p1a: Ting-Lu|move: Protect\n|-damage|p1b: Glimmora|79\/100\n|-status|p1b: Glimmora|brn\n|\n|-heal|p1b: Glimmora|85\/100 brn|[from] item: Leftovers\n|-heal|p1a: Ting-Lu|77\/100|[from] item: Leftovers\n|-damage|p2a: Gothitelle|47\/100 psn|[from] psn\n|-damage|p2b: Sinistcha|88\/100 psn|[from] psn\n|-damage|p1b: Glimmora|79\/100 brn|[from] brn\n|upkeep\n|turn|21\n|inactive|UY QUE RICO PAPI has 60 seconds left.\n|\n|t:|1698906986\n|switch|p1b: Cresselia|Cresselia, F|67\/100\n|move|p2a: Gothitelle|Heal Pulse|p2b: Sinistcha\n|-heal|p2b: Sinistcha|100\/100 psn\n|move|p2b: Sinistcha|Matcha Gotcha|p1b: Cresselia|[spread] p1a,p1b\n|-supereffective|p1a: Ting-Lu\n|-damage|p1a: Ting-Lu|46\/100\n|-damage|p1b: Cresselia|54\/100\n|move|p1a: Ting-Lu|Ruination|p2a: Gothitelle\n|-damage|p2a: Gothitelle|24\/100 psn\n|\n|-heal|p1a: Ting-Lu|53\/100|[from] item: Leftovers\n|-damage|p2a: Gothitelle|11\/100 psn|[from] psn\n|-damage|p2b: Sinistcha|88\/100 psn|[from] psn\n|upkeep\n|turn|22\n|inactive|UY QUE RICO PAPI has 60 seconds left.\n|\n|t:|1698907010\n|move|p2a: Gothitelle|Protect|p2a: Gothitelle\n|-singleturn|p2a: Gothitelle|Protect\n|move|p1a: Ting-Lu|Protect|p1a: Ting-Lu\n|-singleturn|p1a: Ting-Lu|Protect\n|move|p1b: Cresselia|Lunar Blessing|p1b: Cresselia|[spread] p1a,p1b\n|-heal|p1a: Ting-Lu|78\/100\n|-heal|p1b: Cresselia|79\/100\n|move|p2b: Sinistcha|Matcha Gotcha|p1a: Ting-Lu|[spread] p1b\n|-activate|p1a: Ting-Lu|move: Protect\n|-damage|p1b: Cresselia|66\/100\n|-heal|p2b: Sinistcha|96\/100 psn|[from] drain|[of] p1b: Cresselia\n|\n|-heal|p1a: Ting-Lu|84\/100|[from] item: Leftovers\n|-damage|p2a: Gothitelle|0 fnt|[from] psn\n|faint|p2a: Gothitelle\n|-damage|p2b: Sinistcha|84\/100 psn|[from] psn\n|upkeep\n|\n|t:|1698907016\n|switch|p2a: Cresselia|Cresselia, F|50\/100\n|-damage|p2a: Cresselia|38\/100|[from] Stealth Rock\n|turn|23\n|inactive|UY QUE RICO PAPI has 60 seconds left.\n|\n|t:|1698907043\n|switch|p1b: Grimmsnarl|Grimmsnarl, M|10\/100\n|move|p2a: Cresselia|Ice Beam|p1a: Ting-Lu\n|-supereffective|p1a: Ting-Lu\n|-damage|p1a: Ting-Lu|63\/100\n|-status|p1a: Ting-Lu|frz\n|move|p2b: Sinistcha|Matcha Gotcha|p1b: Grimmsnarl|[spread] p1a,p1b\n|-supereffective|p1a: Ting-Lu\n|-damage|p1a: Ting-Lu|27\/100 frz\n|-heal|p2b: Sinistcha|100\/100 psn|[from] drain|[of] p1a: Ting-Lu\n|-damage|p1b: Grimmsnarl|0 fnt\n|faint|p1b: Grimmsnarl\n|-curestatus|p1a: Ting-Lu|frz|[msg]\n|move|p1a: Ting-Lu|Mean Look|p2a: Cresselia\n|-activate|p2a: Cresselia|trapped\n|\n|-heal|p2a: Cresselia|44\/100|[from] item: Leftovers\n|-heal|p1a: Ting-Lu|34\/100|[from] item: Leftovers\n|-damage|p2b: Sinistcha|88\/100 psn|[from] psn\n|upkeep\n|inactive|UY QUE RICO PAPI has 60 seconds left.\n|\n|t:|1698907069\n|switch|p1b: Cresselia|Cresselia, F|66\/100\n|turn|24\n|\n|t:|1698907079\n|move|p1a: Ting-Lu|Protect|p1a: Ting-Lu\n|-singleturn|p1a: Ting-Lu|Protect\n|move|p1b: Cresselia|Lunar Blessing|p1b: Cresselia|[spread] p1a,p1b\n|-heal|p1a: Ting-Lu|58\/100\n|-heal|p1b: Cresselia|91\/100\n|move|p2a: Cresselia|Lunar Blessing|p2a: Cresselia|[spread] p2a,p2b\n|-heal|p2a: Cresselia|69\/100\n|-heal|p2b: Sinistcha|100\/100 psn\n|-curestatus|p2b: Sinistcha|psn|[msg]\n|move|p2b: Sinistcha|Matcha Gotcha|p1b: Cresselia|[spread] p1b\n|-activate|p1a: Ting-Lu|move: Protect\n|-damage|p1b: Cresselia|77\/100\n|\n|-heal|p2a: Cresselia|75\/100|[from] item: Leftovers\n|-heal|p1a: Ting-Lu|65\/100|[from] item: Leftovers\n|upkeep\n|turn|25\n|\n|t:|1698907108\n|switch|p1b: Garganacl|Garganacl, F, tera:Ghost|91\/100\n|move|p1a: Ting-Lu|Protect||[still]\n|-fail|p1a: Ting-Lu\n|move|p2a: Cresselia|Ice Beam|p1a: Ting-Lu\n|-supereffective|p1a: Ting-Lu\n|-damage|p1a: Ting-Lu|43\/100\n|move|p2b: Sinistcha|Matcha Gotcha|p1a: Ting-Lu|[spread] p1a,p1b\n|-supereffective|p1a: Ting-Lu\n|-damage|p1a: Ting-Lu|10\/100\n|-damage|p1b: Garganacl|74\/100\n|-status|p1a: Ting-Lu|brn\n|\n|-heal|p2a: Cresselia|81\/100|[from] item: Leftovers\n|-heal|p1a: Ting-Lu|16\/100 brn|[from] item: Leftovers\n|-heal|p1b: Garganacl|80\/100|[from] item: Leftovers\n|-damage|p1a: Ting-Lu|10\/100 brn|[from] brn\n|upkeep\n|turn|26\n|\n|t:|1698907130\n|move|p1a: Ting-Lu|Protect|p1a: Ting-Lu\n|-singleturn|p1a: Ting-Lu|Protect\n|move|p2a: Cresselia|Ice Beam|p1b: Garganacl\n|-crit|p1b: Garganacl\n|-damage|p1b: Garganacl|61\/100\n|move|p2b: Sinistcha|Shadow Ball|p1b: Garganacl\n|-supereffective|p1b: Garganacl\n|-damage|p1b: Garganacl|34\/100\n|move|p1b: Garganacl|Salt Cure|p2a: Cresselia\n|-damage|p2a: Cresselia|72\/100\n|-start|p2a: Cresselia|Salt Cure\n|\n|-heal|p2a: Cresselia|78\/100|[from] item: Leftovers\n|-heal|p1a: Ting-Lu|16\/100 brn|[from] item: Leftovers\n|-heal|p1b: Garganacl|41\/100|[from] item: Leftovers\n|-damage|p1a: Ting-Lu|10\/100 brn|[from] brn\n|-damage|p2a: Cresselia|65\/100|[from] Salt Cure\n|upkeep\n|turn|27\n|inactive|UY QUE RICO PAPI has 90 seconds left.\n|\n|t:|1698907148\n|switch|p1a: Cresselia|Cresselia, F|77\/100\n|move|p2a: Cresselia|Ice Beam|p1b: Garganacl\n|-damage|p1b: Garganacl|24\/100\n|move|p2b: Sinistcha|Matcha Gotcha|p1b: Garganacl|[spread] p1a,p1b\n|-damage|p1a: Cresselia|58\/100\n|-damage|p1b: Garganacl|1\/100\n|-status|p1a: Cresselia|brn\n|move|p1b: Garganacl|Recover|p1b: Garganacl\n|-heal|p1b: Garganacl|51\/100\n|\n|-heal|p2a: Cresselia|71\/100|[from] item: Leftovers\n|-heal|p1b: Garganacl|57\/100|[from] item: Leftovers\n|-damage|p1a: Cresselia|52\/100 brn|[from] brn\n|-damage|p2a: Cresselia|59\/100|[from] Salt Cure\n|upkeep\n|turn|28\n|inactive|UY QUE RICO PAPI has 90 seconds left.\n|\n|t:|1698907171\n|move|p1a: Cresselia|Lunar Blessing|p1a: Cresselia|[spread] p1a,p1b\n|-heal|p1a: Cresselia|77\/100 brn\n|-curestatus|p1a: Cresselia|brn|[msg]\n|-heal|p1b: Garganacl|82\/100\n|move|p2a: Cresselia|Lunar Dance|p2a: Cresselia\n|faint|p2a: Cresselia\n|move|p2b: Sinistcha|Matcha Gotcha|p1a: Cresselia|[spread] p1a,p1b\n|-damage|p1a: Cresselia|60\/100\n|-damage|p1b: Garganacl|57\/100\n|move|p1b: Garganacl|Recover|p1b: Garganacl\n|-heal|p1b: Garganacl|100\/100\n|\n|upkeep\n|\n|t:|1698907185\n|switch|p2a: Ursaluna|Ursaluna, F, tera:Ghost|37\/100 brn\n|-heal|p2a: Ursaluna|100\/100|[from] move: Lunar Dance\n|-damage|p2a: Ursaluna|88\/100|[from] Stealth Rock\n|-damage|p2a: Ursaluna|63\/100|[from] Spikes\n|turn|29\n|\n|t:|1698907198\n|move|p1a: Cresselia|Ally Switch|p1a: Cresselia\n|swap|p1a: Cresselia|1|[from] move: Ally Switch\n|move|p2a: Ursaluna|Headlong Rush|p1b: Cresselia\n|-immune|p1b: Cresselia|[from] ability: Levitate\n|move|p2b: Sinistcha|Shadow Ball|p1b: Cresselia\n|-supereffective|p1b: Cresselia\n|-damage|p1b: Cresselia|15\/100\n|move|p1a: Garganacl|Curse|p2a: Ursaluna\n|-start|p2a: Ursaluna|Curse|[of] p1a: Garganacl\n|-damage|p1a: Garganacl|50\/100\n|\n|-heal|p1a: Garganacl|57\/100|[from] item: Leftovers\n|-damage|p2a: Ursaluna|38\/100|[from] Curse\n|-status|p2a: Ursaluna|brn|[from] item: Flame Orb\n|upkeep\n|turn|30\n|inactive|UY QUE RICO PAPI has 120 seconds left.\n|\n|t:|1698907226\n|switch|p2a: Rabsca|Rabsca, F|100\/100\n|-damage|p2a: Rabsca|76\/100|[from] Stealth Rock\n|-damage|p2a: Rabsca|51\/100|[from] Spikes\n|move|p1a: Garganacl|Protect|p1a: Garganacl\n|-singleturn|p1a: Garganacl|Protect\n|move|p1b: Cresselia|Lunar Blessing|p1b: Cresselia|[spread] p1a,p1b\n|-heal|p1a: Garganacl|82\/100\n|-heal|p1b: Cresselia|40\/100\n|move|p2b: Sinistcha|Matcha Gotcha|p1b: Cresselia|[spread] p1b\n|-activate|p1a: Garganacl|move: Protect\n|-damage|p1b: Cresselia|23\/100\n|-status|p1b: Cresselia|brn\n|\n|-heal|p1a: Garganacl|88\/100|[from] item: Leftovers\n|-heal|p2a: Rabsca|57\/100|[from] item: Leftovers\n|-damage|p1b: Cresselia|17\/100 brn|[from] brn\n|upkeep\n|turn|31\n|c|\u2606PotatoTits|Bro\n|c|\u2606PotatoTits|whu are we still here\n|inactive|UY QUE RICO PAPI has 120 seconds left.\n|\n|t:|1698907249\n|move|p1b: Cresselia|Lunar Blessing|p1b: Cresselia|[spread] p1a,p1b\n|-heal|p1a: Garganacl|100\/100\n|-heal|p1b: Cresselia|42\/100 brn\n|-curestatus|p1b: Cresselia|brn|[msg]\n|move|p2b: Sinistcha|Matcha Gotcha|p1b: Cresselia|[spread] p1a,p1b\n|-damage|p1a: Garganacl|75\/100\n|-damage|p1b: Cresselia|25\/100\n|move|p1a: Garganacl|Salt Cure|p2b: Sinistcha\n|-damage|p2b: Sinistcha|88\/100\n|-start|p2b: Sinistcha|Salt Cure\n|move|p2a: Rabsca|Revival Blessing|p2a: Rabsca\n|\n|t:|1698907257\n|-heal|p2: Cresselia|50\/100|[from] move: Revival Blessing\n|\n|-heal|p1a: Garganacl|81\/100|[from] item: Leftovers\n|-heal|p2a: Rabsca|63\/100|[from] item: Leftovers\n|-damage|p2b: Sinistcha|76\/100|[from] Salt Cure\n|upkeep\n|turn|32\n|inactive|PotatoTits has 120 seconds left.\n|\n|t:|1698907291\n|switch|p2b: Ursaluna|Ursaluna, F, tera:Ghost|38\/100 brn\n|-damage|p2b: Ursaluna|25\/100 brn|[from] Stealth Rock\n|-damage|p2b: Ursaluna|0 fnt|[from] Spikes\n|faint|p2b: Ursaluna\n|move|p1b: Cresselia|Lunar Blessing|p1b: Cresselia|[spread] p1a,p1b\n|-heal|p1a: Garganacl|100\/100\n|-heal|p1b: Cresselia|50\/100\n|-enditem|p1b: Cresselia|Leppa Berry|[eat]\n|-activate|p1b: Cresselia|item: Leppa Berry|Lunar Blessing|[consumed]\n|move|p1a: Garganacl|Curse|p2a: Rabsca\n|-start|p2a: Rabsca|Curse|[of] p1a: Garganacl\n|-damage|p1a: Garganacl|50\/100\n|move|p2a: Rabsca|Rest|p2a: Rabsca\n|-status|p2a: Rabsca|slp|[from] move: Rest\n|-heal|p2a: Rabsca|100\/100 slp|[silent]\n|\n|-heal|p1a: Garganacl|57\/100|[from] item: Leftovers\n|-damage|p2a: Rabsca|76\/100 slp|[from] Curse\n|upkeep\n|\n|t:|1698907294\n|switch|p2b: Cresselia|Cresselia, F|50\/100\n|-damage|p2b: Cresselia|38\/100|[from] Stealth Rock\n|turn|33\n|\n|t:|1698907319\n|move|p1b: Cresselia|Lunar Blessing|p1b: Cresselia|[spread] p1a,p1b\n|-heal|p1a: Garganacl|82\/100\n|-heal|p1b: Cresselia|75\/100\n|move|p2b: Cresselia|Ice Beam|p1a: Garganacl\n|-damage|p1a: Garganacl|66\/100\n|move|p1a: Garganacl|Salt Cure|p2b: Cresselia\n|-damage|p2b: Cresselia|28\/100\n|-start|p2b: Cresselia|Salt Cure\n|cant|p2a: Rabsca|slp\n|move|p2a: Rabsca|Sleep Talk|p2a: Rabsca\n|move|p2a: Rabsca|Rest||[from]move: Sleep Talk|[still]\n|-fail|p2a: Rabsca\n|\n|-heal|p2b: Cresselia|35\/100|[from] item: Leftovers\n|-heal|p1a: Garganacl|72\/100|[from] item: Leftovers\n|-heal|p2a: Rabsca|82\/100 slp|[from] item: Leftovers\n|-damage|p2a: Rabsca|57\/100 slp|[from] Curse\n|-damage|p2b: Cresselia|22\/100|[from] Salt Cure\n|upkeep\n|turn|34\n|c|\u2606PotatoTits|It\u2019s been 34 turns\n|\n|t:|1698907347\n|move|p1b: Cresselia|Lunar Blessing|p1b: Cresselia|[spread] p1a,p1b\n|-heal|p1a: Garganacl|97\/100\n|-heal|p1b: Cresselia|99\/100\n|move|p2b: Cresselia|Ice Beam|p1a: Garganacl\n|-damage|p1a: Garganacl|81\/100\n|move|p1a: Garganacl|Salt Cure|p2a: Rabsca\n|-supereffective|p2a: Rabsca\n|-damage|p2a: Rabsca|35\/100 slp\n|-start|p2a: Rabsca|Salt Cure\n|cant|p2a: Rabsca|slp\n|move|p2a: Rabsca|Sleep Talk|p2a: Rabsca\n|move|p2a: Rabsca|Revival Blessing|p2a: Rabsca|[from]move: Sleep Talk\n|\n|t:|1698907353\n|-heal|p2: Ursaluna|50\/100|[from] move: Revival Blessing\n|\n|-heal|p2b: Cresselia|28\/100|[from] item: Leftovers\n|-heal|p1a: Garganacl|87\/100|[from] item: Leftovers\n|-heal|p2a: Rabsca|41\/100 slp|[from] item: Leftovers\n|-damage|p2a: Rabsca|16\/100 slp|[from] Curse\n|-damage|p2b: Cresselia|16\/100|[from] Salt Cure\n|-damage|p2a: Rabsca|4\/100 slp|[from] Salt Cure\n|upkeep\n|turn|35\n|\n|t:|1698907382\n|move|p1b: Cresselia|Ally Switch|p1b: Cresselia\n|swap|p1b: Cresselia|0|[from] move: Ally Switch\n|move|p2b: Cresselia|Lunar Blessing|p2b: Cresselia|[spread] p2a,p2b\n|-heal|p2a: Rabsca|29\/100 slp\n|-curestatus|p2a: Rabsca|slp|[msg]\n|-heal|p2b: Cresselia|41\/100\n|move|p1b: Garganacl|Curse|p2b: Cresselia\n|-start|p2b: Cresselia|Curse|[of] p1b: Garganacl\n|-damage|p1b: Garganacl|37\/100\n|move|p2a: Rabsca|Rest|p2a: Rabsca\n|-status|p2a: Rabsca|slp|[from] move: Rest\n|-heal|p2a: Rabsca|100\/100 slp|[silent]\n|\n|-heal|p2b: Cresselia|47\/100|[from] item: Leftovers\n|-heal|p1b: Garganacl|44\/100|[from] item: Leftovers\n|-damage|p2b: Cresselia|22\/100|[from] Curse\n|-damage|p2a: Rabsca|76\/100 slp|[from] Curse\n|-damage|p2b: Cresselia|10\/100|[from] Salt Cure\n|-damage|p2a: Rabsca|63\/100 slp|[from] Salt Cure\n|upkeep\n|turn|36\n|\n|t:|1698907404\n|move|p1b: Garganacl|Protect|p1b: Garganacl\n|-singleturn|p1b: Garganacl|Protect\n|move|p1a: Cresselia|Lunar Blessing|p1a: Cresselia|[spread] p1a,p1b\n|-heal|p1a: Cresselia|100\/100\n|-heal|p1b: Garganacl|69\/100\n|move|p2b: Cresselia|Lunar Dance|p2b: Cresselia\n|faint|p2b: Cresselia\n|cant|p2a: Rabsca|slp\n|move|p2a: Rabsca|Sleep Talk|p2a: Rabsca\n|move|p2a: Rabsca|Iron Defense|p2a: Rabsca|[from]move: Sleep Talk\n|-boost|p2a: Rabsca|def|2\n|\n|-heal|p1b: Garganacl|75\/100|[from] item: Leftovers\n|-heal|p2a: Rabsca|69\/100 slp|[from] item: Leftovers\n|-damage|p2a: Rabsca|45\/100 slp|[from] Curse\n|-damage|p2a: Rabsca|32\/100 slp|[from] Salt Cure\n|upkeep\n|inactive|PotatoTits has 120 seconds left.\n|c|\u2606PotatoTits|Why do you wanna stall so bad\n|\n|t:|1698907426\n|switch|p2b: Ursaluna|Ursaluna, F|50\/100\n|-heal|p2b: Ursaluna|100\/100|[from] move: Lunar Dance\n|-damage|p2b: Ursaluna|94\/100|[from] Stealth Rock\n|-damage|p2b: Ursaluna|69\/100|[from] Spikes\n|turn|37\n|inactive|PotatoTits has 120 seconds left.\n|\n|t:|1698907447\n|move|p1a: Cresselia|Lunar Blessing|p1a: Cresselia|[spread] p1a,p1b\n|-heal|p1b: Garganacl|99\/100\n|move|p2b: Ursaluna|Headlong Rush|p1a: Cresselia\n|-immune|p1a: Cresselia|[from] ability: Levitate\n|move|p1b: Garganacl|Salt Cure|p2b: Ursaluna\n|-resisted|p2b: Ursaluna\n|-damage|p2b: Ursaluna|64\/100\n|-start|p2b: Ursaluna|Salt Cure\n|cant|p2a: Rabsca|slp\n|move|p2a: Rabsca|Sleep Talk|p2a: Rabsca\n|move|p2a: Rabsca|Iron Defense|p2a: Rabsca|[from]move: Sleep Talk\n|-boost|p2a: Rabsca|def|2\n|\n|-heal|p1b: Garganacl|100\/100|[from] item: Leftovers\n|-heal|p2a: Rabsca|38\/100 slp|[from] item: Leftovers\n|-damage|p2a: Rabsca|13\/100 slp|[from] Curse\n|-damage|p2b: Ursaluna|52\/100|[from] Salt Cure\n|-damage|p2a: Rabsca|1\/100 slp|[from] Salt Cure\n|-status|p2b: Ursaluna|brn|[from] item: Flame Orb\n|upkeep\n|turn|38\n|inactive|UY QUE RICO PAPI has 120 seconds left.\n|-message|PotatoTits forfeited.\n|\n|win|UY QUE RICO PAPI\n|raw|UY QUE RICO PAPI's rating: 1358 &rarr; <strong>1373<\/strong><br \/>(+15 for winning)\n|raw|PotatoTits's rating: 1277 &rarr; <strong>1258<\/strong><br \/>(-19 for losing)\n|l|\u2606PotatoTits\n","uploadtime":1698907491,"views":16,"p1id":"uyquericopapi","p2id":"potatotits","formatid":"gen9doublesou","rating":1258,"private":0,"password":""}