{"id":"gen9doublesou-1995420641","p1":"JTSmith86","p2":"maiara_","format":"[Gen 9] Doubles OU","log":"|j|\u2606JTSmith86\n|j|\u2606maiara_\n|t:|1700568537\n|gametype|doubles\n|player|p1|JTSmith86|ethan|1079\n|player|p2|maiara_|266|1023\n|teamsize|p1|6\n|teamsize|p2|6\n|gen|9\n|tier|[Gen 9] Doubles OU\n|rated|\n|rule|Species Clause: Limit one of each Pok\u00e9mon\n|rule|OHKO Clause: OHKO moves are banned\n|rule|Evasion Moves Clause: Evasion moves are banned\n|rule|Gravity Sleep Clause: The combination of sleep-inducing moves with imperfect accuracy and Gravity or Gigantamax Orbeetle are banned\n|rule|Endless Battle Clause: Forcing endless battles is banned\n|rule|HP Percentage Mod: HP is shown in percentages\n|clearpoke\n|poke|p1|Magcargo, M|\n|poke|p1|Wo-Chien|\n|poke|p1|Hatterene, F|\n|poke|p1|Clefairy, F|\n|poke|p1|Blissey, F|\n|poke|p1|Garganacl, M|\n|poke|p2|Gardevoir, M|\n|poke|p2|Garchomp, F|\n|poke|p2|Hatterene, F|\n|poke|p2|Typhlosion, M|\n|poke|p2|Pachirisu, M|\n|poke|p2|Cinderace, F|\n|teampreview\n|\n|t:|1700568553\n|start\n|switch|p1a: Wo-Chien|Wo-Chien|100\/100\n|switch|p1b: Garganacl|Garganacl, M, shiny|100\/100\n|switch|p2a: Cinderace|Cinderace, F|100\/100\n|switch|p2b: Hatterene|Hatterene, F|100\/100\n|-ability|p1a: Wo-Chien|Tablets of Ruin\n|turn|1\n|\n|t:|1700568592\n|move|p2a: Cinderace|Blast Burn|p1a: Wo-Chien|[miss]\n|-miss|p2a: Cinderace|p1a: Wo-Chien\n|move|p1a: Wo-Chien|Leech Seed|p2a: Cinderace\n|-start|p2a: Cinderace|move: Leech Seed\n|move|p1b: Garganacl|Iron Defense|p1b: Garganacl\n|-boost|p1b: Garganacl|def|2\n|move|p2b: Hatterene|Draining Kiss|p1b: Garganacl\n|-damage|p1b: Garganacl|83\/100\n|\n|-damage|p2a: Cinderace|88\/100|[from] Leech Seed|[of] p1a: Wo-Chien\n|upkeep\n|turn|2\n|\n|t:|1700568619\n|move|p2a: Cinderace|Focus Blast|p1b: Garganacl\n|-supereffective|p1b: Garganacl\n|-damage|p1b: Garganacl|50\/100\n|move|p1a: Wo-Chien|Knock Off|p2b: Hatterene\n|-damage|p2b: Hatterene|68\/100\n|-enditem|p2b: Hatterene|Aguav Berry|[from] move: Knock Off|[of] p1a: Wo-Chien\n|move|p1b: Garganacl|Salt Cure|p2b: Hatterene\n|-damage|p2b: Hatterene|56\/100\n|-start|p2b: Hatterene|Salt Cure\n|move|p2b: Hatterene|Psychic|p1a: Wo-Chien\n|-immune|p1a: Wo-Chien\n|\n|-damage|p2a: Cinderace|76\/100|[from] Leech Seed|[of] p1a: Wo-Chien\n|-damage|p2b: Hatterene|44\/100|[from] Salt Cure\n|upkeep\n|turn|3\n|\n|t:|1700568646\n|move|p2b: Hatterene|Protect|p2b: Hatterene\n|-singleturn|p2b: Hatterene|Protect\n|move|p2a: Cinderace|Focus Blast|p1b: Garganacl\n|-supereffective|p1b: Garganacl\n|-damage|p1b: Garganacl|19\/100\n|move|p1a: Wo-Chien|Reflect|p1a: Wo-Chien\n|-sidestart|p1: JTSmith86|Reflect\n|move|p1b: Garganacl|Recover|p1b: Garganacl\n|-heal|p1b: Garganacl|69\/100\n|\n|-damage|p2a: Cinderace|64\/100|[from] Leech Seed|[of] p1a: Wo-Chien\n|-damage|p2b: Hatterene|31\/100|[from] Salt Cure\n|upkeep\n|turn|4\n|\n|t:|1700568673\n|move|p2a: Cinderace|Blast Burn|p1b: Garganacl\n|-resisted|p1b: Garganacl\n|-damage|p1b: Garganacl|56\/100\n|-mustrecharge|p2a: Cinderace\n|move|p1a: Wo-Chien|Light Screen|p1a: Wo-Chien\n|-sidestart|p1: JTSmith86|move: Light Screen\n|move|p1b: Garganacl|Recover|p1b: Garganacl\n|-heal|p1b: Garganacl|100\/100\n|move|p2b: Hatterene|Psychic|p1b: Garganacl\n|-damage|p1b: Garganacl|80\/100\n|\n|-damage|p2a: Cinderace|51\/100|[from] Leech Seed|[of] p1a: Wo-Chien\n|-damage|p2b: Hatterene|19\/100|[from] Salt Cure\n|upkeep\n|turn|5\n|\n|t:|1700568702\n|cant|p2a: Cinderace|recharge\n|move|p1a: Wo-Chien|Leech Seed|p2b: Hatterene\n|-start|p2b: Hatterene|move: Leech Seed\n|move|p1b: Garganacl|Stealth Rock|p2b: Hatterene\n|-sidestart|p2: maiara_|move: Stealth Rock\n|move|p2b: Hatterene|Draining Kiss|p1a: Wo-Chien\n|-supereffective|p1a: Wo-Chien\n|-damage|p1a: Wo-Chien|80\/100\n|-heal|p2b: Hatterene|39\/100|[from] drain|[of] p1a: Wo-Chien\n|\n|-damage|p2a: Cinderace|39\/100|[from] Leech Seed|[of] p1a: Wo-Chien\n|-heal|p1a: Wo-Chien|93\/100|[silent]\n|-damage|p2b: Hatterene|27\/100|[from] Leech Seed|[of] p1a: Wo-Chien\n|-heal|p1a: Wo-Chien|100\/100|[silent]\n|-damage|p2b: Hatterene|14\/100|[from] Salt Cure\n|upkeep\n|turn|6\n|\n|t:|1700568736\n|move|p2a: Cinderace|Focus Blast|p1b: Garganacl\n|-supereffective|p1b: Garganacl\n|-damage|p1b: Garganacl|59\/100\n|move|p1a: Wo-Chien|Knock Off|p2a: Cinderace\n|-damage|p2a: Cinderace|0 fnt\n|-enditem|p2a: Cinderace|Expert Belt|[from] move: Knock Off|[of] p1a: Wo-Chien\n|faint|p2a: Cinderace\n|move|p1b: Garganacl|Iron Defense|p1b: Garganacl\n|-boost|p1b: Garganacl|def|2\n|move|p2b: Hatterene|Psychic|p1b: Garganacl\n|-damage|p1b: Garganacl|38\/100\n|\n|-damage|p2b: Hatterene|2\/100|[from] Leech Seed|[of] p1a: Wo-Chien\n|-damage|p2b: Hatterene|0 fnt|[from] Salt Cure\n|faint|p2b: Hatterene\n|upkeep\n|\n|t:|1700568773\n|switch|p2a: Garchomp|Garchomp, F|100\/100\n|switch|p2b: Gardevoir|Gardevoir, M|100\/100\n|-damage|p2a: Garchomp|94\/100|[from] Stealth Rock\n|-damage|p2b: Gardevoir|88\/100|[from] Stealth Rock\n|-ability|p2b: Gardevoir|Tablets of Ruin\n|-ability|p2b: Gardevoir|Tablets of Ruin|[from] ability: Trace|[of] p1a: Wo-Chien\n|turn|7\n|\n|t:|1700568799\n|move|p2a: Garchomp|Protect|p2a: Garchomp\n|-singleturn|p2a: Garchomp|Protect\n|move|p2b: Gardevoir|Moonblast|p1b: Garganacl|[miss]\n|-miss|p2b: Gardevoir|p1b: Garganacl\n|move|p1a: Wo-Chien|Leech Seed|p2a: Garchomp\n|-activate|p2a: Garchomp|move: Protect\n|move|p1b: Garganacl|Recover|p1b: Garganacl\n|-heal|p1b: Garganacl|88\/100\n|\n|-sideend|p1: JTSmith86|Reflect\n|upkeep\n|turn|8\n|\n|t:|1700568836\n|move|p2a: Garchomp|Protect||[still]\n|-fail|p2a: Garchomp\n|move|p2b: Gardevoir|Protect|p2b: Gardevoir\n|-singleturn|p2b: Gardevoir|Protect\n|move|p1a: Wo-Chien|Leech Seed|p2a: Garchomp\n|-start|p2a: Garchomp|move: Leech Seed\n|move|p1b: Garganacl|Salt Cure|p2b: Gardevoir\n|-activate|p2b: Gardevoir|move: Protect\n|\n|-damage|p2a: Garchomp|82\/100|[from] Leech Seed|[of] p1a: Wo-Chien\n|-sideend|p1: JTSmith86|move: Light Screen\n|upkeep\n|turn|9\n|\n|t:|1700568861\n|move|p2b: Gardevoir|Helping Hand|p2a: Garchomp\n|-singleturn|p2a: Garchomp|Helping Hand|[of] p2b: Gardevoir\n|move|p2a: Garchomp|Earth Power|p1b: Garganacl\n|-supereffective|p1b: Garganacl\n|-damage|p1b: Garganacl|31\/100\n|move|p1a: Wo-Chien|Reflect|p1a: Wo-Chien\n|-sidestart|p1: JTSmith86|Reflect\n|move|p1b: Garganacl|Salt Cure|p2a: Garchomp\n|-resisted|p2a: Garchomp\n|-damage|p2a: Garchomp|77\/100\n|-start|p2a: Garchomp|Salt Cure\n|\n|-damage|p2a: Garchomp|65\/100|[from] Leech Seed|[of] p1a: Wo-Chien\n|-damage|p2a: Garchomp|52\/100|[from] Salt Cure\n|upkeep\n|turn|10\n|\n|t:|1700568886\n|-terastallize|p1b: Garganacl|Ghost\n|move|p2a: Garchomp|Protect|p2a: Garchomp\n|-singleturn|p2a: Garchomp|Protect\n|move|p2b: Gardevoir|Moonblast|p1a: Wo-Chien\n|-supereffective|p1a: Wo-Chien\n|-damage|p1a: Wo-Chien|50\/100\n|move|p1a: Wo-Chien|Leech Seed|p2b: Gardevoir\n|-start|p2b: Gardevoir|move: Leech Seed\n|move|p1b: Garganacl|Recover|p1b: Garganacl\n|-heal|p1b: Garganacl|81\/100\n|\n|-damage|p2a: Garchomp|40\/100|[from] Leech Seed|[of] p1a: Wo-Chien\n|-heal|p1a: Wo-Chien|66\/100|[silent]\n|-damage|p2b: Gardevoir|76\/100|[from] Leech Seed|[of] p1a: Wo-Chien\n|-heal|p1a: Wo-Chien|78\/100|[silent]\n|-damage|p2a: Garchomp|28\/100|[from] Salt Cure\n|upkeep\n|turn|11\n|\n|t:|1700568920\n|move|p2b: Gardevoir|Helping Hand|p2a: Garchomp\n|-singleturn|p2a: Garchomp|Helping Hand|[of] p2b: Gardevoir\n|move|p2a: Garchomp|Earth Power|p1a: Wo-Chien\n|-resisted|p1a: Wo-Chien\n|-damage|p1a: Wo-Chien|65\/100\n|move|p1a: Wo-Chien|Light Screen|p1a: Wo-Chien\n|-sidestart|p1: JTSmith86|move: Light Screen\n|move|p1b: Garganacl|Salt Cure|p2b: Gardevoir\n|-damage|p2b: Gardevoir|63\/100\n|-start|p2b: Gardevoir|Salt Cure\n|\n|-damage|p2a: Garchomp|15\/100|[from] Leech Seed|[of] p1a: Wo-Chien\n|-heal|p1a: Wo-Chien|81\/100|[silent]\n|-damage|p2b: Gardevoir|50\/100|[from] Leech Seed|[of] p1a: Wo-Chien\n|-heal|p1a: Wo-Chien|92\/100|[silent]\n|-damage|p2a: Garchomp|3\/100|[from] Salt Cure\n|-damage|p2b: Gardevoir|38\/100|[from] Salt Cure\n|upkeep\n|turn|12\n|\n|t:|1700568951\n|move|p2a: Garchomp|Metal Claw|p1a: Wo-Chien\n|-damage|p1a: Wo-Chien|86\/100\n|move|p2b: Gardevoir|Moonblast|p1a: Wo-Chien\n|-supereffective|p1a: Wo-Chien\n|-damage|p1a: Wo-Chien|57\/100\n|-unboost|p1a: Wo-Chien|spa|1\n|move|p1a: Wo-Chien|Knock Off|p2b: Gardevoir\n|-damage|p2b: Gardevoir|4\/100\n|-enditem|p2b: Gardevoir|Aguav Berry|[from] move: Knock Off|[of] p1a: Wo-Chien\n|move|p1b: Garganacl|Recover|p1b: Garganacl\n|-heal|p1b: Garganacl|100\/100\n|\n|-damage|p2a: Garchomp|0 fnt|[from] Leech Seed|[of] p1a: Wo-Chien\n|-heal|p1a: Wo-Chien|60\/100|[silent]\n|faint|p2a: Garchomp\n|-damage|p2b: Gardevoir|0 fnt|[from] Leech Seed|[of] p1a: Wo-Chien\n|-heal|p1a: Wo-Chien|64\/100|[silent]\n|faint|p2b: Gardevoir\n|upkeep\n|\n|t:|1700568977\n|switch|p2a: Typhlosion|Typhlosion, M|100\/100\n|switch|p2b: Pachirisu|Pachirisu, M|100\/100\n|-damage|p2a: Typhlosion|76\/100|[from] Stealth Rock\n|-damage|p2b: Pachirisu|88\/100|[from] Stealth Rock\n|turn|13\n|c|\u2606JTSmith86|Good game\n|\n|t:|1700569009\n|move|p2a: Typhlosion|Extrasensory|p1b: Garganacl\n|-damage|p1b: Garganacl|92\/100\n|move|p2b: Pachirisu|Gunk Shot|p1b: Garganacl\n|-resisted|p1b: Garganacl\n|-damage|p1b: Garganacl|91\/100\n|move|p1a: Wo-Chien|Leech Seed|p2a: Typhlosion\n|-start|p2a: Typhlosion|move: Leech Seed\n|move|p1b: Garganacl|Salt Cure|p2b: Pachirisu\n|-damage|p2b: Pachirisu|74\/100\n|-start|p2b: Pachirisu|Salt Cure\n|\n|-damage|p2a: Typhlosion|63\/100|[from] Leech Seed|[of] p1a: Wo-Chien\n|-heal|p1a: Wo-Chien|76\/100|[silent]\n|-damage|p2b: Pachirisu|62\/100|[from] Salt Cure\n|-sideend|p1: JTSmith86|Reflect\n|upkeep\n|turn|14\n|\n|t:|1700569040\n|move|p2b: Pachirisu|Helping Hand|p2a: Typhlosion\n|-singleturn|p2a: Typhlosion|Helping Hand|[of] p2b: Pachirisu\n|move|p2a: Typhlosion|Heat Wave|p1a: Wo-Chien|[spread] p1a,p1b\n|-supereffective|p1a: Wo-Chien\n|-damage|p1a: Wo-Chien|40\/100\n|-damage|p1b: Garganacl|73\/100\n|move|p1a: Wo-Chien|Leech Seed|p2b: Pachirisu\n|-start|p2b: Pachirisu|move: Leech Seed\n|move|p1b: Garganacl|Salt Cure|p2a: Typhlosion\n|-supereffective|p2a: Typhlosion\n|-damage|p2a: Typhlosion|36\/100\n|-start|p2a: Typhlosion|Salt Cure\n|\n|-damage|p2a: Typhlosion|24\/100|[from] Leech Seed|[of] p1a: Wo-Chien\n|-heal|p1a: Wo-Chien|53\/100|[silent]\n|-damage|p2b: Pachirisu|50\/100|[from] Leech Seed|[of] p1a: Wo-Chien\n|-heal|p1a: Wo-Chien|66\/100|[silent]\n|-damage|p2a: Typhlosion|11\/100|[from] Salt Cure\n|-damage|p2b: Pachirisu|38\/100|[from] Salt Cure\n|upkeep\n|turn|15\n|\n|t:|1700569071\n|move|p2a: Typhlosion|Heat Wave|p1b: Garganacl|[spread] p1a,p1b\n|-supereffective|p1a: Wo-Chien\n|-crit|p1b: Garganacl\n|-damage|p1a: Wo-Chien|27\/100\n|-damage|p1b: Garganacl|36\/100\n|move|p2b: Pachirisu|Gunk Shot|p1a: Wo-Chien\n|-supereffective|p1a: Wo-Chien\n|-damage|p1a: Wo-Chien|9\/100\n|move|p1a: Wo-Chien|Knock Off|p2b: Pachirisu\n|-damage|p2b: Pachirisu|0 fnt\n|-enditem|p2b: Pachirisu|Aguav Berry|[from] move: Knock Off|[of] p1a: Wo-Chien\n|faint|p2b: Pachirisu\n|move|p1b: Garganacl|Recover|p1b: Garganacl\n|-heal|p1b: Garganacl|86\/100\n|\n|-damage|p2a: Typhlosion|0 fnt|[from] Leech Seed|[of] p1a: Wo-Chien\n|-heal|p1a: Wo-Chien|20\/100|[silent]\n|faint|p2a: Typhlosion\n|\n|win|JTSmith86\n|upkeep\n|raw|JTSmith86's rating: 1079 &rarr; <strong>1103<\/strong><br \/>(+24 for winning)\n|raw|maiara_'s rating: 1023 &rarr; <strong>1012<\/strong><br \/>(-11 for losing)\n","uploadtime":1700569094,"views":21,"p1id":"jtsmith86","p2id":"maiara","formatid":"gen9doublesou","rating":1012,"private":0,"password":""}