{"id":"gen9doublesou-1990172431","p1":"Battlin' Cats","p2":"girldinner","format":"[Gen 9] Doubles OU","log":"|j|\u2606Battlin' Cats\n|j|\u2606girldinner\n|t:|1699932688\n|gametype|doubles\n|player|p1|Battlin' Cats|unknownf|1339\n|player|p2|girldinner|iris-gen5bw2|1411\n|teamsize|p1|6\n|teamsize|p2|6\n|gen|9\n|tier|[Gen 9] Doubles OU\n|rated|\n|rule|Species Clause: Limit one of each Pok\u00e9mon\n|rule|OHKO Clause: OHKO moves are banned\n|rule|Evasion Moves Clause: Evasion moves are banned\n|rule|Gravity Sleep Clause: The combination of sleep-inducing moves with imperfect accuracy and Gravity or Gigantamax Orbeetle are banned\n|rule|Endless Battle Clause: Forcing endless battles is banned\n|rule|HP Percentage Mod: HP is shown in percentages\n|clearpoke\n|poke|p1|Wo-Chien|\n|poke|p1|Ting-Lu|\n|poke|p1|Glimmora, F|\n|poke|p1|Palafin, F|\n|poke|p1|Gliscor, F|\n|poke|p1|Arcanine, M|\n|poke|p2|Glimmora, F|\n|poke|p2|Fezandipiti, M|\n|poke|p2|Ting-Lu|\n|poke|p2|Ogerpon-Wellspring, F|\n|poke|p2|Arcanine, F|\n|poke|p2|Iron Hands|\n|teampreview\n|c|\u2606Battlin' Cats|glhf\n|c|\u2606girldinner|same to you!\n|\n|t:|1699932701\n|start\n|switch|p1a: NEVER GIVE UP!|Glimmora, F|100\/100\n|switch|p1b: SEEK ASSISTENCE!|Palafin, F|100\/100\n|switch|p2a: Glimmora|Glimmora, F|100\/100\n|switch|p2b: Iron Hands|Iron Hands|100\/100\n|-enditem|p2b: Iron Hands|Booster Energy\n|-activate|p2b: Iron Hands|ability: Quark Drive|[fromitem]\n|-start|p2b: Iron Hands|quarkdriveatk\n|turn|1\n|\n|t:|1699932725\n|detailschange|p1b: SEEK ASSISTENCE!|Palafin-Hero, F\n|switch|p1b: YOU'D BE MISSED!|Arcanine, M|100\/100\n|-ability|p1b: YOU'D BE MISSED!|Intimidate|boost\n|-unboost|p2a: Glimmora|atk|1\n|-unboost|p2b: Iron Hands|atk|1\n|move|p1a: NEVER GIVE UP!|Spiky Shield|p1a: NEVER GIVE UP!\n|-singleturn|p1a: NEVER GIVE UP!|move: Protect\n|move|p2b: Iron Hands|Fake Out|p1b: YOU'D BE MISSED!\n|-damage|p1b: YOU'D BE MISSED!|85\/100\n|move|p2a: Glimmora|Mortal Spin|p1b: YOU'D BE MISSED!|[spread] p1b\n|-activate|p1a: NEVER GIVE UP!|move: Protect\n|-damage|p2a: Glimmora|88\/100|[from] Spiky Shield|[of] p1a: NEVER GIVE UP!\n|-damage|p1b: YOU'D BE MISSED!|81\/100\n|-status|p1b: YOU'D BE MISSED!|psn\n|\n|-damage|p1b: YOU'D BE MISSED!|69\/100 psn|[from] psn\n|upkeep\n|turn|2\n|\n|t:|1699932758\n|move|p1b: YOU'D BE MISSED!|Will-O-Wisp|p2b: Iron Hands|[miss]\n|-miss|p1b: YOU'D BE MISSED!|p2b: Iron Hands\n|move|p1a: NEVER GIVE UP!|Stealth Rock|p2b: Iron Hands\n|-sidestart|p2: girldinner|move: Stealth Rock\n|move|p2a: Glimmora|Power Gem|p1b: YOU'D BE MISSED!\n|-supereffective|p1b: YOU'D BE MISSED!\n|-damage|p1b: YOU'D BE MISSED!|0 fnt\n|faint|p1b: YOU'D BE MISSED!\n|move|p2b: Iron Hands|Wild Charge|p1a: NEVER GIVE UP!\n|-damage|p1a: NEVER GIVE UP!|44\/100\n|-activate|p1a: NEVER GIVE UP!|ability: Toxic Debris\n|-sidestart|p2: girldinner|move: Toxic Spikes\n|-damage|p2b: Iron Hands|92\/100|[from] Recoil\n|\n|upkeep\n|\n|t:|1699932782\n|switch|p1b: :P|Gliscor, F|100\/100\n|turn|3\n|\n|t:|1699932794\n|move|p1a: NEVER GIVE UP!|Spiky Shield|p1a: NEVER GIVE UP!\n|-singleturn|p1a: NEVER GIVE UP!|move: Protect\n|move|p2a: Glimmora|Spiky Shield|p2a: Glimmora\n|-singleturn|p2a: Glimmora|move: Protect\n|move|p1b: :P|Dual Wingbeat|p2b: Iron Hands\n|-crit|p2b: Iron Hands\n|-damage|p2b: Iron Hands|79\/100\n|-damage|p2b: Iron Hands|70\/100\n|-hitcount|p2b: Iron Hands|2\n|move|p2b: Iron Hands|Wild Charge|p1a: NEVER GIVE UP!\n|-activate|p1a: NEVER GIVE UP!|move: Protect\n|-damage|p2b: Iron Hands|58\/100|[from] Spiky Shield|[of] p1a: NEVER GIVE UP!\n|\n|-status|p1b: :P|tox|[from] item: Toxic Orb\n|upkeep\n|turn|4\n|\n|t:|1699932820\n|move|p1a: NEVER GIVE UP!|Sludge Bomb|p2b: Iron Hands\n|-damage|p2b: Iron Hands|15\/100\n|-status|p2b: Iron Hands|psn\n|move|p2a: Glimmora|Venoshock|p1b: :P\n|-resisted|p1b: :P\n|-damage|p1b: :P|57\/100 tox\n|move|p1b: :P|Substitute|p1b: :P\n|-start|p1b: :P|Substitute\n|-damage|p1b: :P|32\/100 tox\n|move|p2b: Iron Hands|Swords Dance|p2b: Iron Hands\n|-boost|p2b: Iron Hands|atk|2\n|\n|-heal|p1b: :P|45\/100 tox|[from] ability: Poison Heal\n|-damage|p2b: Iron Hands|3\/100 psn|[from] psn\n|upkeep\n|turn|5\n|\n|t:|1699932843\n|move|p1a: NEVER GIVE UP!|Spiky Shield|p1a: NEVER GIVE UP!\n|-singleturn|p1a: NEVER GIVE UP!|move: Protect\n|move|p1b: :P|Protect|p1b: :P\n|-singleturn|p1b: :P|Protect\n|move|p2a: Glimmora|Venoshock|p1b: :P\n|-activate|p1b: :P|move: Protect\n|move|p2b: Iron Hands|Drain Punch|p1a: NEVER GIVE UP!\n|-activate|p1a: NEVER GIVE UP!|move: Protect\n|-damage|p2b: Iron Hands|0 fnt|[from] Spiky Shield|[of] p1a: NEVER GIVE UP!\n|faint|p2b: Iron Hands\n|-end|p2b: Iron Hands|Quark Drive|[silent]\n|\n|-heal|p1b: :P|57\/100 tox|[from] ability: Poison Heal\n|upkeep\n|\n|t:|1699932852\n|switch|p2b: Fezandipiti|Fezandipiti, M|100\/100\n|-damage|p2b: Fezandipiti|88\/100|[from] Stealth Rock\n|-sideend|p2: girldinner|move: Toxic Spikes|[of] p2b: Fezandipiti\n|turn|6\n|\n|t:|1699932884\n|move|p2b: Fezandipiti|Icy Wind|p1b: :P|[spread] p1a,p1b\n|-supereffective|p1b: :P\n|-end|p1b: :P|Substitute\n|-damage|p1a: NEVER GIVE UP!|32\/100\n|-unboost|p1a: NEVER GIVE UP!|spe|1\n|move|p2a: Glimmora|Venoshock|p1b: :P\n|-resisted|p1b: :P\n|-damage|p1b: :P|17\/100 tox\n|move|p1b: :P|Knock Off|p2b: Fezandipiti\n|-resisted|p2b: Fezandipiti\n|-damage|p2b: Fezandipiti|74\/100\n|-enditem|p2b: Fezandipiti|Black Sludge|[from] move: Knock Off|[of] p1b: :P\n|move|p1a: NEVER GIVE UP!|Sludge Bomb|p2b: Fezandipiti\n|-damage|p2b: Fezandipiti|34\/100\n|\n|-heal|p1b: :P|30\/100 tox|[from] ability: Poison Heal\n|upkeep\n|turn|7\n|\n|t:|1699932905\n|move|p1b: :P|Protect|p1b: :P\n|-singleturn|p1b: :P|Protect\n|move|p2b: Fezandipiti|Icy Wind|p1a: NEVER GIVE UP!|[spread] p1a\n|-activate|p1b: :P|move: Protect\n|-damage|p1a: NEVER GIVE UP!|19\/100\n|-unboost|p1a: NEVER GIVE UP!|spe|1\n|move|p2a: Glimmora|Venoshock|p1b: :P\n|-activate|p1b: :P|move: Protect\n|move|p1a: NEVER GIVE UP!|Sludge Bomb|p2b: Fezandipiti\n|-damage|p2b: Fezandipiti|0 fnt\n|faint|p2b: Fezandipiti\n|\n|-heal|p1b: :P|42\/100 tox|[from] ability: Poison Heal\n|upkeep\n|\n|t:|1699932922\n|switch|p2b: Arcanine|Arcanine, F|100\/100\n|-damage|p2b: Arcanine|76\/100|[from] Stealth Rock\n|-ability|p2b: Arcanine|Intimidate|boost\n|-unboost|p1a: NEVER GIVE UP!|atk|1\n|-unboost|p1b: :P|atk|1\n|turn|8\n|\n|t:|1699932941\n|switch|p1b: SEEK ASSISTENCE!|Palafin-Hero, F|100\/100\n|-activate|p1b: SEEK ASSISTENCE!|ability: Zero to Hero\n|switch|p1a: YOU ARE LOVED!|Ting-Lu|100\/100\n|-ability|p1a: YOU ARE LOVED!|Vessel of Ruin\n|move|p2b: Arcanine|Extreme Speed|p1b: SEEK ASSISTENCE!\n|-damage|p1b: SEEK ASSISTENCE!|74\/100\n|move|p2a: Glimmora|Venoshock|p1b: SEEK ASSISTENCE!\n|-damage|p1b: SEEK ASSISTENCE!|45\/100\n|\n|upkeep\n|turn|9\n|\n|t:|1699932966\n|move|p2a: Glimmora|Spiky Shield|p2a: Glimmora\n|-singleturn|p2a: Glimmora|move: Protect\n|move|p1b: SEEK ASSISTENCE!|Jet Punch|p2b: Arcanine\n|-supereffective|p2b: Arcanine\n|-damage|p2b: Arcanine|0 fnt\n|faint|p2b: Arcanine\n|move|p1a: YOU ARE LOVED!|Whirlwind|p2a: Glimmora\n|drag|p2a: Ogerpon|Ogerpon-Wellspring, F|100\/100\n|-damage|p2a: Ogerpon|88\/100|[from] Stealth Rock\n|\n|upkeep\n|\n|t:|1699932978\n|switch|p2b: Ting-Lu|Ting-Lu|100\/100\n|-damage|p2b: Ting-Lu|94\/100|[from] Stealth Rock\n|-ability|p2b: Ting-Lu|Vessel of Ruin\n|turn|10\n|c|\u2606Battlin' Cats|Protect should block whirlwind.\n|\n|t:|1699933000\n|-terastallize|p2a: Ogerpon|Water\n|detailschange|p2a: Ogerpon|Ogerpon-Wellspring-Tera, F, tera:Water\n|-ability|p2a: Ogerpon|Embody Aspect (Wellspring)|boost\n|-boost|p2a: Ogerpon|spd|1\n|-terastallize|p1b: SEEK ASSISTENCE!|Water\n|move|p1b: SEEK ASSISTENCE!|Jet Punch|p2b: Ting-Lu\n|-supereffective|p2b: Ting-Lu\n|-damage|p2b: Ting-Lu|16\/100\n|move|p2a: Ogerpon|Ivy Cudgel|p1a: YOU ARE LOVED!\n|-supereffective|p1a: YOU ARE LOVED!\n|-damage|p1a: YOU ARE LOVED!|33\/100\n|move|p1a: YOU ARE LOVED!|Body Press|p2b: Ting-Lu\n|-supereffective|p2b: Ting-Lu\n|-damage|p2b: Ting-Lu|0 fnt\n|faint|p2b: Ting-Lu\n|\n|upkeep\n|\n|t:|1699933012\n|switch|p2b: Glimmora|Glimmora, F|88\/100\n|-damage|p2b: Glimmora|76\/100|[from] Stealth Rock\n|turn|11\n|\n|t:|1699933042\n|move|p1b: SEEK ASSISTENCE!|Jet Punch|p2b: Glimmora\n|-supereffective|p2b: Glimmora\n|-damage|p2b: Glimmora|0 fnt\n|faint|p2b: Glimmora\n|move|p2a: Ogerpon|Horn Leech|p1a: YOU ARE LOVED!\n|-supereffective|p1a: YOU ARE LOVED!\n|-damage|p1a: YOU ARE LOVED!|0 fnt\n|-heal|p2a: Ogerpon|100\/100|[from] drain|[of] p1a: YOU ARE LOVED!\n|faint|p1a: YOU ARE LOVED!\n|\n|upkeep\n|\n|t:|1699933052\n|switch|p1a: SOMEONE CARES!|Wo-Chien|100\/100\n|-ability|p1a: SOMEONE CARES!|Tablets of Ruin\n|turn|12\n|\n|t:|1699933065\n|move|p1b: SEEK ASSISTENCE!|Jet Punch|p2a: Ogerpon\n|-resisted|p2a: Ogerpon\n|-damage|p2a: Ogerpon|66\/100\n|move|p2a: Ogerpon|Horn Leech|p1b: SEEK ASSISTENCE!\n|-supereffective|p1b: SEEK ASSISTENCE!\n|-damage|p1b: SEEK ASSISTENCE!|0 fnt\n|-heal|p2a: Ogerpon|92\/100|[from] drain|[of] p1b: SEEK ASSISTENCE!\n|faint|p1b: SEEK ASSISTENCE!\n|move|p1a: SOMEONE CARES!|Leech Seed|p2a: Ogerpon\n|-start|p2a: Ogerpon|move: Leech Seed\n|\n|-damage|p2a: Ogerpon|79\/100|[from] Leech Seed|[of] p1a: SOMEONE CARES!\n|upkeep\n|\n|t:|1699933076\n|switch|p1b: NEVER GIVE UP!|Glimmora, F|19\/100\n|turn|13\n|\n|t:|1699933087\n|move|p1b: NEVER GIVE UP!|Spiky Shield|p1b: NEVER GIVE UP!\n|-singleturn|p1b: NEVER GIVE UP!|move: Protect\n|move|p2a: Ogerpon|Horn Leech|p1b: NEVER GIVE UP!\n|-activate|p1b: NEVER GIVE UP!|move: Protect\n|-damage|p2a: Ogerpon|67\/100|[from] Spiky Shield|[of] p1b: NEVER GIVE UP!\n|move|p1a: SOMEONE CARES!|Giga Drain|p2a: Ogerpon\n|-supereffective|p2a: Ogerpon\n|-damage|p2a: Ogerpon|26\/100\n|\n|-damage|p2a: Ogerpon|14\/100|[from] Leech Seed|[of] p1a: SOMEONE CARES!\n|upkeep\n|turn|14\n|\n|t:|1699933100\n|move|p2a: Ogerpon|Horn Leech|p1b: NEVER GIVE UP!\n|-damage|p1b: NEVER GIVE UP!|0 fnt\n|-heal|p2a: Ogerpon|23\/100|[from] drain|[of] p1b: NEVER GIVE UP!\n|-activate|p1b: NEVER GIVE UP!|ability: Toxic Debris\n|-sidestart|p2: girldinner|move: Toxic Spikes\n|faint|p1b: NEVER GIVE UP!\n|move|p1a: SOMEONE CARES!|Giga Drain|p2a: Ogerpon\n|-supereffective|p2a: Ogerpon\n|-damage|p2a: Ogerpon|0 fnt\n|faint|p2a: Ogerpon\n|\n|win|Battlin' Cats\n|raw|Battlin&apos; Cats's rating: 1339 &rarr; <strong>1364<\/strong><br \/>(+25 for winning)\n|raw|girldinner's rating: 1420 &rarr; <strong>1395<\/strong><br \/>(-25 for losing)\n|c|\u2606Battlin' Cats|gg wp\n|c|\u2606girldinner|gg!\n|l|\u2606Battlin' Cats\n|l|\u2606girldinner\n|j|\u2606Battlin' Cats\n|player|p1|Battlin' Cats|unknownf\n","uploadtime":1699933149,"views":5,"p1id":"battlincats","p2id":"girldinner","formatid":"gen9doublesou","rating":1364,"private":0,"password":""}