{"id":"gen9doublesou-1971639076","p1":"axe is axe","p2":"Eliwoof","format":"[Gen 9] Doubles OU","log":"|j|\u2606axe is axe\n|j|\u2606Eliwoof\n|t:|1697756034\n|gametype|doubles\n|player|p1|axe is axe|265|1046\n|player|p2|Eliwoof|hilbert|1000\n|teamsize|p1|6\n|teamsize|p2|6\n|gen|9\n|tier|[Gen 9] Doubles OU\n|rated|\n|rule|Species Clause: Limit one of each Pok\u00e9mon\n|rule|OHKO Clause: OHKO moves are banned\n|rule|Evasion Moves Clause: Evasion moves are banned\n|rule|Gravity Sleep Clause: The combination of sleep-inducing moves with imperfect accuracy and Gravity or Gigantamax Orbeetle are banned\n|rule|Endless Battle Clause: Forcing endless battles is banned\n|rule|HP Percentage Mod: HP is shown in percentages\n|clearpoke\n|poke|p1|Snorlax, M|\n|poke|p1|Sinistcha|\n|poke|p1|Rillaboom, F|\n|poke|p1|Clefairy, F|\n|poke|p1|Arcanine-Hisui, M|\n|poke|p1|Kommo-o, M|\n|poke|p2|Amoonguss, F|\n|poke|p2|Kommo-o, F|\n|poke|p2|Oricorio-Sensu, M|\n|poke|p2|Flamigo, M|\n|poke|p2|Indeedee-F, F|\n|poke|p2|Kingambit, F|\n|teampreview\n|\n|t:|1697756060\n|start\n|switch|p1a: Rillaboom|Rillaboom, F|100\/100\n|switch|p1b: Snorlax|Snorlax, M|100\/100\n|switch|p2a: Amoonguss|Amoonguss, F|100\/100\n|switch|p2b: Kommo-o|Kommo-o, F|100\/100\n|-fieldstart|move: Grassy Terrain|[from] ability: Grassy Surge|[of] p1a: Rillaboom\n|turn|1\n|\n|t:|1697756110\n|-terastallize|p1b: Snorlax|Grass\n|move|p1a: Rillaboom|Fake Out|p2b: Kommo-o\n|-damage|p2b: Kommo-o|90\/100\n|cant|p2b: Kommo-o|flinch\n|move|p2a: Amoonguss|Spore|p1b: Snorlax\n|-immune|p1b: Snorlax\n|move|p1b: Snorlax|Belly Drum|p1b: Snorlax\n|-damage|p1b: Snorlax|51\/100\n|-setboost|p1b: Snorlax|atk|6|[from] move: Belly Drum\n|\n|-heal|p2b: Kommo-o|96\/100|[from] Grassy Terrain\n|-heal|p1b: Snorlax|57\/100|[from] Grassy Terrain\n|upkeep\n|turn|2\n|\n|t:|1697756161\n|switch|p1a: Sinistcha|Sinistcha|100\/100\n|-heal|p1b: Snorlax|82\/100|[from] ability: Hospitality|[of] p1a: Sinistcha\n|move|p2b: Kommo-o|Clangorous Soul|p2b: Kommo-o\n|-boost|p2b: Kommo-o|atk|1\n|-boost|p2b: Kommo-o|def|1\n|-boost|p2b: Kommo-o|spa|1\n|-boost|p2b: Kommo-o|spd|1\n|-boost|p2b: Kommo-o|spe|1\n|-damage|p2b: Kommo-o|63\/100\n|-enditem|p2b: Kommo-o|Throat Spray\n|-boost|p2b: Kommo-o|spa|1|[from] item: Throat Spray\n|move|p2a: Amoonguss|Foul Play|p1b: Snorlax\n|-damage|p1b: Snorlax|0 fnt\n|faint|p1b: Snorlax\n|\n|-heal|p2b: Kommo-o|69\/100|[from] Grassy Terrain\n|upkeep\n|\n|t:|1697756182\n|switch|p1b: Clefairy|Clefairy, F|100\/100\n|turn|3\n|\n|t:|1697756213\n|switch|p2a: Oricorio|Oricorio-Sensu, M|100\/100\n|move|p1b: Clefairy|Helping Hand|p1a: Sinistcha\n|-singleturn|p1a: Sinistcha|Helping Hand|[of] p1b: Clefairy\n|move|p2b: Kommo-o|Boomburst|p1a: Sinistcha|[spread] p1b\n|-immune|p2a: Oricorio\n|-immune|p1a: Sinistcha\n|-damage|p1b: Clefairy|47\/100\n|move|p1a: Sinistcha|Matcha Gotcha|p2b: Kommo-o|[spread] p2a,p2b\n|-resisted|p2a: Oricorio\n|-resisted|p2b: Kommo-o\n|-damage|p2a: Oricorio|64\/100\n|-damage|p2b: Kommo-o|51\/100\n|\n|-heal|p2b: Kommo-o|57\/100|[from] Grassy Terrain\n|-heal|p1b: Clefairy|53\/100|[from] Grassy Terrain\n|upkeep\n|turn|4\n|\n|t:|1697756245\n|-terastallize|p2a: Oricorio|Ghost\n|move|p1b: Clefairy|Follow Me|p1b: Clefairy\n|-singleturn|p1b: Clefairy|move: Follow Me\n|move|p2b: Kommo-o|Clangorous Soul|p2b: Kommo-o\n|-boost|p2b: Kommo-o|atk|1\n|-boost|p2b: Kommo-o|def|1\n|-boost|p2b: Kommo-o|spa|1\n|-boost|p2b: Kommo-o|spd|1\n|-boost|p2b: Kommo-o|spe|1\n|-damage|p2b: Kommo-o|24\/100\n|-activate|p2a: Oricorio|ability: Dancer\n|move|p2a: Oricorio|Clangorous Soul|p2a: Oricorio|[from]ability: Dancer\n|-boost|p2a: Oricorio|atk|1\n|-boost|p2a: Oricorio|def|1\n|-boost|p2a: Oricorio|spa|1\n|-boost|p2a: Oricorio|spd|1\n|-boost|p2a: Oricorio|spe|1\n|-damage|p2a: Oricorio|31\/100\n|move|p2a: Oricorio|Revelation Dance||[still]\n|-fail|p2a: Oricorio\n|move|p1a: Sinistcha|Trick Room|p1a: Sinistcha\n|-fieldstart|move: Trick Room|[of] p1a: Sinistcha\n|\n|-heal|p1b: Clefairy|59\/100|[from] Grassy Terrain\n|-heal|p2a: Oricorio|38\/100|[from] Grassy Terrain\n|-heal|p2b: Kommo-o|30\/100|[from] Grassy Terrain\n|upkeep\n|turn|5\n|\n|t:|1697756307\n|move|p1b: Clefairy|Helping Hand|p1a: Sinistcha\n|-singleturn|p1a: Sinistcha|Helping Hand|[of] p1b: Clefairy\n|move|p1a: Sinistcha|Matcha Gotcha|p2b: Kommo-o|[spread] p2a,p2b\n|-resisted|p2b: Kommo-o\n|-damage|p2a: Oricorio|0 fnt\n|-damage|p2b: Kommo-o|17\/100\n|faint|p2a: Oricorio\n|move|p2b: Kommo-o|Clanging Scales|p1b: Clefairy|[spread] p1a\n|-immune|p1b: Clefairy\n|-damage|p1a: Sinistcha|0 fnt\n|faint|p1a: Sinistcha\n|-unboost|p2b: Kommo-o|def|1\n|\n|-heal|p1b: Clefairy|65\/100|[from] Grassy Terrain\n|-heal|p2b: Kommo-o|23\/100|[from] Grassy Terrain\n|-fieldend|move: Grassy Terrain\n|upkeep\n|\n|t:|1697756332\n|switch|p1a: Kommo-o|Kommo-o, M|100\/100\n|switch|p2a: Flamigo|Flamigo, M|100\/100\n|-copyboost|p2a: Flamigo|p2b: Kommo-o|[from] ability: Costar\n|turn|6\n|\n|t:|1697756401\n|move|p1b: Clefairy|Helping Hand|p1a: Kommo-o\n|-singleturn|p1a: Kommo-o|Helping Hand|[of] p1b: Clefairy\n|move|p1a: Kommo-o|Body Press|p2b: Kommo-o\n|-damage|p2b: Kommo-o|0 fnt\n|faint|p2b: Kommo-o\n|move|p2a: Flamigo|Hurricane|p1a: Kommo-o|[miss]\n|-miss|p2a: Flamigo|p1a: Kommo-o\n|\n|upkeep\n|\n|t:|1697756411\n|switch|p2b: Indeedee|Indeedee-F, F|100\/100\n|-fieldstart|move: Psychic Terrain|[from] ability: Psychic Surge|[of] p2b: Indeedee\n|turn|7\n|\n|t:|1697756422\n|move|p2a: Flamigo|Protect|p2a: Flamigo\n|-singleturn|p2a: Flamigo|Protect\n|move|p1b: Clefairy|Follow Me|p1b: Clefairy\n|-singleturn|p1b: Clefairy|move: Follow Me\n|move|p1a: Kommo-o|Iron Defense|p1a: Kommo-o\n|-boost|p1a: Kommo-o|def|2\n|move|p2b: Indeedee|Trick Room|p2b: Indeedee\n|-fieldend|move: Trick Room\n|\n|upkeep\n|turn|8\n|\n|t:|1697756444\n|move|p2b: Indeedee|Helping Hand|p2a: Flamigo\n|-singleturn|p2a: Flamigo|Helping Hand|[of] p2b: Indeedee\n|move|p2a: Flamigo|Hurricane|p1a: Kommo-o\n|-supereffective|p1a: Kommo-o\n|-damage|p1a: Kommo-o|0 fnt\n|faint|p1a: Kommo-o\n|-damage|p2a: Flamigo|91\/100|[from] item: Life Orb\n|move|p1b: Clefairy|Encore|p2a: Flamigo\n|-start|p2a: Flamigo|Encore\n|\n|upkeep\n|\n|t:|1697756455\n|switch|p1a: Arcanine|Arcanine-Hisui, M|100\/100\n|-ability|p1a: Arcanine|Intimidate|boost\n|-unboost|p2a: Flamigo|atk|1\n|-unboost|p2b: Indeedee|atk|1\n|turn|9\n|\n|t:|1697756473\n|move|p2a: Flamigo|Hurricane|p1a: Arcanine\n|-resisted|p1a: Arcanine\n|-damage|p1a: Arcanine|9\/100\n|-damage|p2a: Flamigo|81\/100|[from] item: Life Orb\n|move|p1a: Arcanine|Rock Slide|p2a: Flamigo|[spread] p2a,p2b\n|-damage|p2a: Flamigo|54\/100\n|-damage|p2b: Indeedee|61\/100\n|move|p2b: Indeedee|Psychic|p1a: Arcanine\n|-damage|p1a: Arcanine|0 fnt\n|faint|p1a: Arcanine\n|move|p1b: Clefairy|Encore|p2b: Indeedee\n|-start|p2b: Indeedee|Encore\n|\n|upkeep\n|-message|axe is axe forfeited.\n|\n|win|Eliwoof\n|raw|axe is axe's rating: 1046 &rarr; <strong>1027<\/strong><br \/>(-19 for losing)\n|raw|Eliwoof's rating: 1000 &rarr; <strong>1045<\/strong><br \/>(+45 for winning)\n|l|\u2606axe is axe\n","uploadtime":1697756510,"views":8,"p1id":"axeisaxe","p2id":"eliwoof","formatid":"gen9doublesou","rating":1027,"private":0,"password":""}