{"id":"gen9doublesou-1995674507","p1":"holidayhero10","p2":"Dragoncracker","format":"[Gen 9] Doubles OU","log":"|j|\u2606holidayhero10\n|j|\u2606Dragoncracker\n|t:|1700592870\n|gametype|doubles\n|player|p1|holidayhero10|169|1102\n|player|p2|Dragoncracker|265|1096\n|teamsize|p1|6\n|teamsize|p2|6\n|gen|9\n|tier|[Gen 9] Doubles OU\n|rated|\n|rule|Species Clause: Limit one of each Pok\u00e9mon\n|rule|OHKO Clause: OHKO moves are banned\n|rule|Evasion Moves Clause: Evasion moves are banned\n|rule|Gravity Sleep Clause: The combination of sleep-inducing moves with imperfect accuracy and Gravity or Gigantamax Orbeetle are banned\n|rule|Endless Battle Clause: Forcing endless battles is banned\n|rule|HP Percentage Mod: HP is shown in percentages\n|clearpoke\n|poke|p1|Maushold-Four|\n|poke|p1|Enamorus, F|\n|poke|p1|Hatterene, F|\n|poke|p1|Empoleon, F|\n|poke|p1|Grimmsnarl, M|\n|poke|p1|Kingambit, F|\n|poke|p2|Breloom, F|\n|poke|p2|Gengar, M|\n|poke|p2|Ninetales-Alola, F|\n|poke|p2|Umbreon, M|\n|poke|p2|Noctowl, F|\n|poke|p2|Politoed, M|\n|teampreview\n|\n|t:|1700592876\n|start\n|switch|p1a: Hatterene|Hatterene, F|100\/100\n|switch|p1b: Empoleon|Empoleon, F|100\/100\n|switch|p2a: Umbreon|Umbreon, M|100\/100\n|switch|p2b: Politoed|Politoed, M|100\/100\n|-weather|RainDance|[from] ability: Drizzle|[of] p2b: Politoed\n|turn|1\n|inactive|Battle timer is ON: inactive players will automatically lose when time's up. (requested by holidayhero10)\n|\n|t:|1700592901\n|move|p1b: Empoleon|Protect|p1b: Empoleon\n|-singleturn|p1b: Empoleon|Protect\n|move|p2b: Politoed|Perish Song|p2b: Politoed\n|-start|p1a: Hatterene|perish3|[silent]\n|-start|p1b: Empoleon|perish3|[silent]\n|-start|p2a: Umbreon|perish3|[silent]\n|-start|p2b: Politoed|perish3|[silent]\n|-fieldactivate|move: Perish Song\n|move|p2a: Umbreon|Light Screen|p2a: Umbreon\n|-sidestart|p2: Dragoncracker|move: Light Screen\n|move|p1a: Hatterene|Trick Room|p1a: Hatterene\n|-fieldstart|move: Trick Room|[of] p1a: Hatterene\n|\n|-weather|RainDance|[upkeep]\n|-start|p1a: Hatterene|perish3\n|-start|p1b: Empoleon|perish3\n|-start|p2a: Umbreon|perish3\n|-start|p2b: Politoed|perish3\n|upkeep\n|turn|2\n|inactive|holidayhero10 has 120 seconds left.\n|\n|t:|1700592950\n|move|p1a: Hatterene|Dazzling Gleam|p2a: Umbreon|[spread] p2a,p2b\n|-supereffective|p2a: Umbreon\n|-damage|p2a: Umbreon|77\/100\n|-damage|p2b: Politoed|83\/100\n|move|p1b: Empoleon|Surf|p2a: Umbreon|[spread] p1a,p2a,p2b\n|-resisted|p2b: Politoed\n|-damage|p1a: Hatterene|64\/100\n|-damage|p2a: Umbreon|54\/100\n|-damage|p2b: Politoed|68\/100\n|move|p2a: Umbreon|Calm Mind|p2a: Umbreon\n|-boost|p2a: Umbreon|spa|1\n|-boost|p2a: Umbreon|spd|1\n|move|p2b: Politoed|Earth Power|p1b: Empoleon\n|-supereffective|p1b: Empoleon\n|-damage|p1b: Empoleon|35\/100\n|\n|-weather|RainDance|[upkeep]\n|-heal|p1b: Empoleon|41\/100|[from] item: Leftovers\n|-heal|p2a: Umbreon|60\/100|[from] item: Leftovers\n|-start|p1a: Hatterene|perish2\n|-start|p1b: Empoleon|perish2\n|-start|p2a: Umbreon|perish2\n|-start|p2b: Politoed|perish2\n|upkeep\n|turn|3\n|inactive|holidayhero10 has 120 seconds left.\n|inactive|Dragoncracker has 120 seconds left.\n|inactive|holidayhero10 has 90 seconds left.\n|inactive|Dragoncracker has 90 seconds left.\n|\n|t:|1700593032\n|switch|p1a: Kingambit|Kingambit, F|100\/100\n|switch|p1b: Grimmsnarl|Grimmsnarl, M|100\/100\n|move|p2a: Umbreon|Dark Pulse|p1a: Kingambit\n|-resisted|p1a: Kingambit\n|-damage|p1a: Kingambit|79\/100\n|move|p2b: Politoed|Earth Power|p1b: Grimmsnarl\n|-crit|p1b: Grimmsnarl\n|-damage|p1b: Grimmsnarl|68\/100\n|\n|-weather|RainDance|[upkeep]\n|-heal|p2a: Umbreon|66\/100|[from] item: Leftovers\n|-start|p2a: Umbreon|perish1\n|-start|p2b: Politoed|perish1\n|upkeep\n|turn|4\n|inactive|Dragoncracker has 90 seconds left.\n|inactive|holidayhero10 has 90 seconds left.\n|\n|t:|1700593055\n|switch|p2a: Gengar|Gengar, M|100\/100\n|switch|p2b: Breloom|Breloom, F|100\/100\n|move|p1b: Grimmsnarl|Fake Out|p2a: Gengar\n|-immune|p2a: Gengar\n|move|p1a: Kingambit|Substitute|p1a: Kingambit\n|-start|p1a: Kingambit|Substitute\n|-damage|p1a: Kingambit|54\/100\n|\n|-weather|RainDance|[upkeep]\n|upkeep\n|turn|5\n|inactive|Dragoncracker has 90 seconds left.\n|\n|t:|1700593081\n|-terastallize|p1a: Kingambit|Poison\n|move|p1b: Grimmsnarl|Taunt|p2a: Gengar\n|-start|p2a: Gengar|move: Taunt\n|move|p2b: Breloom|Mach Punch|p1a: Kingambit\n|-resisted|p1a: Kingambit\n|-activate|p1a: Kingambit|move: Substitute|[damage]\n|move|p1a: Kingambit|Poison Jab|p2b: Breloom\n|-supereffective|p2b: Breloom\n|-damage|p2b: Breloom|0 fnt\n|faint|p2b: Breloom\n|move|p2a: Gengar|Dazzling Gleam|p1b: Grimmsnarl|[spread] p1a,p1b\n|-resisted|p1a: Kingambit\n|-end|p1a: Kingambit|Substitute\n|-supereffective|p1b: Grimmsnarl\n|-damage|p1b: Grimmsnarl|25\/100\n|\n|-weather|none\n|-sideend|p2: Dragoncracker|move: Light Screen\n|-fieldend|move: Trick Room\n|upkeep\n|inactive|Dragoncracker has 60 seconds left.\n|\n|t:|1700593106\n|switch|p2b: Ninetales|Ninetales-Alola, F|100\/100\n|-weather|Snow|[from] ability: Snow Warning|[of] p2b: Ninetales\n|turn|6\n|inactive|holidayhero10 has 120 seconds left.\n|\n|t:|1700593117\n|move|p1b: Grimmsnarl|Confide|p2a: Gengar\n|-unboost|p2a: Gengar|spa|1\n|move|p2a: Gengar|Dazzling Gleam|p1b: Grimmsnarl|[spread] p1a,p1b\n|-resisted|p1a: Kingambit\n|-supereffective|p1b: Grimmsnarl\n|-damage|p1a: Kingambit|45\/100\n|-damage|p1b: Grimmsnarl|0 fnt\n|faint|p1b: Grimmsnarl\n|move|p2b: Ninetales|Hypnosis|p1a: Kingambit\n|-status|p1a: Kingambit|slp|[from] move: Hypnosis\n|cant|p1a: Kingambit|slp\n|\n|-weather|Snow|[upkeep]\n|upkeep\n|\n|t:|1700593128\n|switch|p1b: Hatterene|Hatterene, F|64\/100\n|turn|7\n|inactive|Dragoncracker has 90 seconds left.\n|\n|t:|1700593152\n|move|p2a: Gengar|Dazzling Gleam|p1b: Hatterene|[spread] p1a,p1b\n|-resisted|p1a: Kingambit\n|-damage|p1a: Kingambit|35\/100 slp\n|-damage|p1b: Hatterene|47\/100\n|move|p2b: Ninetales|Confuse Ray|p1b: Hatterene\n|move|p1b: Hatterene|Confuse Ray|p2b: Ninetales|[from]ability: Magic Bounce\n|-start|p2b: Ninetales|confusion\n|cant|p1a: Kingambit|slp\n|move|p1b: Hatterene|Trick Room|p1b: Hatterene\n|-fieldstart|move: Trick Room|[of] p1b: Hatterene\n|\n|-weather|Snow|[upkeep]\n|-end|p2a: Gengar|move: Taunt\n|upkeep\n|turn|8\n|inactive|Dragoncracker has 90 seconds left.\n|\n|t:|1700593178\n|switch|p2a: Noctowl|Noctowl, F|100\/100\n|move|p1b: Hatterene|Life Dew|p1b: Hatterene|[spread] p1a,p1b\n|-heal|p1a: Kingambit|60\/100 slp\n|-heal|p1b: Hatterene|72\/100\n|-curestatus|p1a: Kingambit|slp|[msg]\n|move|p1a: Kingambit|Substitute|p1a: Kingambit\n|-start|p1a: Kingambit|Substitute\n|-damage|p1a: Kingambit|35\/100\n|-activate|p2b: Ninetales|confusion\n|-damage|p2b: Ninetales|94\/100|[from] confusion\n|\n|-weather|Snow|[upkeep]\n|upkeep\n|turn|9\n|inactive|Dragoncracker has 90 seconds left.\n|\n|t:|1700593210\n|move|p1b: Hatterene|Life Dew|p1b: Hatterene|[spread] p1a,p1b\n|-heal|p1a: Kingambit|60\/100\n|-heal|p1b: Hatterene|97\/100\n|move|p1a: Kingambit|Iron Head|p2b: Ninetales\n|-supereffective|p2b: Ninetales\n|-damage|p2b: Ninetales|0 fnt\n|faint|p2b: Ninetales\n|move|p2a: Noctowl|Heat Wave|p1a: Kingambit|[spread] p1a,p1b\n|-crit|p1a: Kingambit\n|-end|p1a: Kingambit|Substitute\n|-damage|p1b: Hatterene|74\/100\n|\n|-weather|Snow|[upkeep]\n|upkeep\n|inactive|Dragoncracker has 90 seconds left.\n|\n|t:|1700593227\n|switch|p2b: Umbreon|Umbreon, M|66\/100\n|turn|10\n|\n|t:|1700593236\n|move|p1b: Hatterene|Dazzling Gleam|p2a: Noctowl|[spread] p2a,p2b\n|-supereffective|p2b: Umbreon\n|-damage|p2a: Noctowl|75\/100\n|-damage|p2b: Umbreon|32\/100\n|move|p1a: Kingambit|Substitute|p1a: Kingambit\n|-start|p1a: Kingambit|Substitute\n|-damage|p1a: Kingambit|35\/100\n|move|p2b: Umbreon|Yawn||[still]\n|-fail|p2b: Umbreon\n|move|p2a: Noctowl|Heat Wave|p1b: Hatterene|[spread] p1a,p1b\n|-end|p1a: Kingambit|Substitute\n|-damage|p1b: Hatterene|48\/100\n|\n|-weather|none\n|-heal|p2b: Umbreon|38\/100|[from] item: Leftovers\n|upkeep\n|turn|11\n|inactive|Dragoncracker has 120 seconds left.\n|\n|t:|1700593254\n|switch|p2b: Politoed|Politoed, M|68\/100\n|-weather|RainDance|[from] ability: Drizzle|[of] p2b: Politoed\n|move|p1b: Hatterene|Dazzling Gleam|p2b: Politoed|[spread] p2a,p2b\n|-damage|p2a: Noctowl|51\/100\n|-damage|p2b: Politoed|42\/100\n|move|p1a: Kingambit|Poison Jab|p2a: Noctowl\n|-damage|p2a: Noctowl|0 fnt\n|faint|p2a: Noctowl\n|\n|-weather|RainDance|[upkeep]\n|-fieldend|move: Trick Room\n|upkeep\n|\n|t:|1700593267\n|switch|p2a: Umbreon|Umbreon, M|38\/100\n|turn|12\n|\n|t:|1700593284\n|move|p2b: Politoed|Perish Song|p2b: Politoed\n|-start|p1a: Kingambit|perish3|[silent]\n|-start|p1b: Hatterene|perish3|[silent]\n|-start|p2a: Umbreon|perish3|[silent]\n|-start|p2b: Politoed|perish3|[silent]\n|-fieldactivate|move: Perish Song\n|move|p2a: Umbreon|Yawn|p1b: Hatterene\n|move|p1b: Hatterene|Yawn|p2a: Umbreon|[from]ability: Magic Bounce\n|-start|p2a: Umbreon|move: Yawn|[of] p1b: Hatterene\n|move|p1a: Kingambit|Poison Jab|p2b: Politoed\n|-damage|p2b: Politoed|0 fnt\n|faint|p2b: Politoed\n|move|p1b: Hatterene|Dazzling Gleam|p2a: Umbreon\n|-supereffective|p2a: Umbreon\n|-damage|p2a: Umbreon|0 fnt\n|faint|p2a: Umbreon\n|\n|-weather|RainDance|[upkeep]\n|-start|p1a: Kingambit|perish3\n|-start|p1b: Hatterene|perish3\n|upkeep\n|inactive|Dragoncracker has 120 seconds left.\n|c|\u2606holidayhero10|what are you doing brother\n|\n|t:|1700593303\n|switch|p2b: Gengar|Gengar, M|100\/100\n|turn|13\n|c|\u2606holidayhero10|one of the most odd teams ive seen\n|\n|t:|1700593320\n|move|p2b: Gengar|Dazzling Gleam|p1a: Kingambit|[spread] p1a,p1b\n|-resisted|p1a: Kingambit\n|-damage|p1a: Kingambit|21\/100\n|-damage|p1b: Hatterene|23\/100\n|-enditem|p1b: Hatterene|Aguav Berry|[eat]\n|-heal|p1b: Hatterene|56\/100|[from] item: Aguav Berry\n|move|p1a: Kingambit|Lash Out|p2b: Gengar\n|-supereffective|p2b: Gengar\n|-damage|p2b: Gengar|0 fnt\n|faint|p2b: Gengar\n|\n|win|holidayhero10\n|raw|holidayhero10's rating: 1102 &rarr; <strong>1127<\/strong><br \/>(+25 for winning)\n|raw|Dragoncracker's rating: 1096 &rarr; <strong>1072<\/strong><br \/>(-24 for losing)\n","uploadtime":1700593337,"views":0,"p1id":"holidayhero10","p2id":"dragoncracker","formatid":"gen9doublesou","rating":1072,"private":0,"password":""}