{"id":"gen9doublesou-1985558640","p1":"Lord Bromosalino","p2":"Kssc","format":"[Gen 9] Doubles OU","log":"|j|\u2606Lord Bromosalino\n|j|\u2606Kssc\n|t:|1699384516\n|gametype|doubles\n|player|p1|Lord Bromosalino|170|1383\n|player|p2|Kssc|102|1528\n|teamsize|p1|6\n|teamsize|p2|6\n|gen|9\n|tier|[Gen 9] Doubles OU\n|rated|\n|rule|Species Clause: Limit one of each Pok\u00e9mon\n|rule|OHKO Clause: OHKO moves are banned\n|rule|Evasion Moves Clause: Evasion moves are banned\n|rule|Gravity Sleep Clause: The combination of sleep-inducing moves with imperfect accuracy and Gravity or Gigantamax Orbeetle are banned\n|rule|Endless Battle Clause: Forcing endless battles is banned\n|rule|HP Percentage Mod: HP is shown in percentages\n|clearpoke\n|poke|p1|Haxorus, M|\n|poke|p1|Sylveon, F|\n|poke|p1|Kleavor, M|\n|poke|p1|Arcanine, M|\n|poke|p1|Rotom-Wash|\n|poke|p1|Corviknight, F|\n|poke|p2|Tornadus, M|\n|poke|p2|Rillaboom, F|\n|poke|p2|Flutter Mane|\n|poke|p2|Ogerpon-Hearthflame, F|\n|poke|p2|Zapdos-Galar|\n|poke|p2|Heatran, F|\n|teampreview\n|inactive|Battle timer is ON: inactive players will automatically lose when time's up. (requested by Lord Bromosalino)\n|\n|t:|1699384529\n|start\n|switch|p1a: Corviknight|Corviknight, F|100\/100\n|switch|p1b: Kleavor|Kleavor, M|100\/100\n|switch|p2a: Zapdos|Zapdos-Galar|100\/100\n|switch|p2b: Rillaboom|Rillaboom, F|100\/100\n|-fieldstart|move: Grassy Terrain|[from] ability: Grassy Surge|[of] p2b: Rillaboom\n|turn|1\n|\n|t:|1699384536\n|move|p2b: Rillaboom|Fake Out|p1b: Kleavor\n|-resisted|p1b: Kleavor\n|-damage|p1b: Kleavor|92\/100\n|move|p2a: Zapdos|Thunderous Kick|p1b: Kleavor\n|-damage|p1b: Kleavor|37\/100\n|-unboost|p1b: Kleavor|def|1\n|cant|p1b: Kleavor|flinch\n|move|p1a: Corviknight|Tailwind|p1a: Corviknight\n|-sidestart|p1: Lord Bromosalino|move: Tailwind\n|\n|-heal|p1b: Kleavor|43\/100|[from] Grassy Terrain\n|upkeep\n|turn|2\n|\n|t:|1699384546\n|switch|p2a: Heatran|Heatran, F|100\/100\n|move|p2b: Rillaboom|Grassy Glide|p1b: Kleavor\n|-damage|p1b: Kleavor|0 fnt\n|faint|p1b: Kleavor\n|move|p1a: Corviknight|Brave Bird|p2b: Rillaboom\n|-supereffective|p2b: Rillaboom\n|-damage|p2b: Rillaboom|35\/100\n|-damage|p1a: Corviknight|79\/100|[from] Recoil\n|\n|-heal|p1a: Corviknight|85\/100|[from] item: Leftovers\n|-heal|p2b: Rillaboom|41\/100|[from] Grassy Terrain\n|upkeep\n|\n|t:|1699384556\n|switch|p1b: Haxorus|Haxorus, M|100\/100\n|turn|3\n|\n|t:|1699384565\n|switch|p2b: Tornadus|Tornadus, M|100\/100\n|-terastallize|p1b: Haxorus|Ground\n|-terastallize|p2a: Heatran|Fairy\n|move|p1b: Haxorus|Earthquake|p2b: Tornadus|[spread] p2a\n|-immune|p1a: Corviknight\n|-immune|p2b: Tornadus\n|-damage|p2a: Heatran|74\/100\n|-damage|p1b: Haxorus|91\/100|[from] item: Life Orb\n|move|p1a: Corviknight|Brave Bird|p2b: Tornadus\n|-damage|p2b: Tornadus|69\/100\n|-damage|p1a: Corviknight|75\/100|[from] Recoil\n|move|p2a: Heatran|Tera Blast|p1b: Haxorus|[anim] Tera Blast Fairy\n|-damage|p1b: Haxorus|23\/100\n|\n|-heal|p1b: Haxorus|29\/100|[from] Grassy Terrain\n|-heal|p1a: Corviknight|82\/100|[from] item: Leftovers\n|-heal|p2a: Heatran|80\/100|[from] Grassy Terrain\n|upkeep\n|turn|4\n|\n|t:|1699384584\n|move|p2b: Tornadus|Tailwind|p2b: Tornadus\n|-sidestart|p2: Kssc|move: Tailwind\n|move|p1b: Haxorus|Poison Jab|p2a: Heatran\n|-supereffective|p2a: Heatran\n|-damage|p2a: Heatran|29\/100\n|-status|p2a: Heatran|psn\n|-damage|p1b: Haxorus|19\/100|[from] item: Life Orb\n|move|p2a: Heatran|Heat Wave|p1b: Haxorus|[spread] p1a,p1b\n|-supereffective|p1a: Corviknight\n|-damage|p1a: Corviknight|25\/100\n|-damage|p1b: Haxorus|0 fnt\n|faint|p1b: Haxorus\n|move|p1a: Corviknight|Brave Bird|p2b: Tornadus\n|-damage|p2b: Tornadus|36\/100\n|-damage|p1a: Corviknight|15\/100|[from] Recoil\n|\n|-heal|p2a: Heatran|35\/100 psn|[from] Grassy Terrain\n|-heal|p1a: Corviknight|21\/100|[from] item: Leftovers\n|-damage|p2a: Heatran|23\/100 psn|[from] psn\n|-sideend|p1: Lord Bromosalino|move: Tailwind\n|upkeep\n|\n|t:|1699384594\n|switch|p1b: Sylveon|Sylveon, F, shiny|100\/100\n|turn|5\n|\n|t:|1699384600\n|move|p2b: Tornadus|Sunny Day|p2b: Tornadus\n|-weather|SunnyDay\n|move|p2a: Heatran|Flash Cannon|p1b: Sylveon\n|-supereffective|p1b: Sylveon\n|-damage|p1b: Sylveon|38\/100\n|move|p1a: Corviknight|Tailwind|p1a: Corviknight\n|-sidestart|p1: Lord Bromosalino|move: Tailwind\n|move|p1b: Sylveon|Hyper Voice|p2a: Heatran|[spread] p2a,p2b\n|-damage|p2a: Heatran|0 fnt\n|-damage|p2b: Tornadus|0 fnt\n|faint|p2a: Heatran\n|faint|p2b: Tornadus\n|-enditem|p1b: Sylveon|Throat Spray\n|-boost|p1b: Sylveon|spa|1|[from] item: Throat Spray\n|\n|-weather|SunnyDay|[upkeep]\n|-heal|p1a: Corviknight|27\/100|[from] item: Leftovers\n|-heal|p1b: Sylveon|44\/100|[from] Grassy Terrain\n|-fieldend|move: Grassy Terrain\n|upkeep\n|\n|t:|1699384613\n|switch|p2b: Ogerpon|Ogerpon-Hearthflame, F|100\/100\n|switch|p2a: Flutter Mane|Flutter Mane|100\/100\n|-activate|p2a: Flutter Mane|ability: Protosynthesis\n|-start|p2a: Flutter Mane|protosynthesisspa\n|-ability|p2b: Ogerpon|Mold Breaker\n|turn|6\n|\n|t:|1699384621\n|move|p2a: Flutter Mane|Shadow Ball|p1b: Sylveon\n|-damage|p1b: Sylveon|0 fnt\n|faint|p1b: Sylveon\n|move|p2b: Ogerpon|Ivy Cudgel|p1a: Corviknight\n|-supereffective|p1a: Corviknight\n|-damage|p1a: Corviknight|0 fnt\n|faint|p1a: Corviknight\n|\n|-weather|SunnyDay|[upkeep]\n|upkeep\n|\n|t:|1699384626\n|switch|p1a: Rotom|Rotom-Wash|100\/100\n|switch|p1b: Arcanine|Arcanine, M|100\/100\n|-ability|p1b: Arcanine|Intimidate|boost\n|-unboost|p2a: Flutter Mane|atk|1\n|-unboost|p2b: Ogerpon|atk|1\n|turn|7\n|\n|t:|1699384634\n|move|p2b: Ogerpon|Spiky Shield|p2b: Ogerpon\n|-singleturn|p2b: Ogerpon|move: Protect\n|move|p2a: Flutter Mane|Shadow Ball|p1a: Rotom\n|-damage|p1a: Rotom|0 fnt\n|faint|p1a: Rotom\n|move|p1b: Arcanine|Flare Blitz|p2b: Ogerpon\n|-activate|p2b: Ogerpon|move: Protect\n|-damage|p1b: Arcanine|88\/100|[from] Spiky Shield|[of] p2b: Ogerpon\n|\n|-weather|SunnyDay|[upkeep]\n|-heal|p1b: Arcanine|94\/100|[from] item: Leftovers\n|-sideend|p2: Kssc|move: Tailwind\n|upkeep\n|turn|8\n|-message|Lord Bromosalino forfeited.\n|\n|win|Kssc\n|raw|Lord Bromosalino's rating: 1383 &rarr; <strong>1371<\/strong><br \/>(-12 for losing)\n|raw|Kssc's rating: 1528 &rarr; <strong>1540<\/strong><br \/>(+12 for winning)\n|l|\u2606Lord Bromosalino\n","uploadtime":1699384643,"views":8,"p1id":"lordbromosalino","p2id":"kssc","formatid":"gen9doublesou","rating":1371,"private":0,"password":""}