{"id":"gen9doublesou-1990306297","p1":"eragon11145","p2":"Kyukutsu","format":"[Gen 9] Doubles OU","log":"|j|\u2606eragon11145\n|j|\u2606Kyukutsu\n|t:|1699954118\n|gametype|doubles\n|player|p1|eragon11145|#dwcopiii|1675\n|player|p2|Kyukutsu|chuck|1523\n|teamsize|p1|6\n|teamsize|p2|6\n|gen|9\n|tier|[Gen 9] Doubles OU\n|rated|\n|rule|Species Clause: Limit one of each Pok\u00e9mon\n|rule|OHKO Clause: OHKO moves are banned\n|rule|Evasion Moves Clause: Evasion moves are banned\n|rule|Gravity Sleep Clause: The combination of sleep-inducing moves with imperfect accuracy and Gravity or Gigantamax Orbeetle are banned\n|rule|Endless Battle Clause: Forcing endless battles is banned\n|rule|HP Percentage Mod: HP is shown in percentages\n|clearpoke\n|poke|p1|Lilligant-Hisui, F|\n|poke|p1|Oricorio-Sensu, M|\n|poke|p1|Chi-Yu|\n|poke|p1|Krookodile, M|\n|poke|p1|Iron Hands|\n|poke|p1|Flutter Mane|\n|poke|p2|Landorus-Therian, M|\n|poke|p2|Flutter Mane|\n|poke|p2|Chien-Pao|\n|poke|p2|Amoonguss, M|\n|poke|p2|Iron Hands|\n|poke|p2|Dragonite, F|\n|teampreview\n|inactive|Battle timer is ON: inactive players will automatically lose when time's up. (requested by eragon11145)\n|inactive|eragon11145 has 120 seconds left.\n|\n|t:|1699954160\n|start\n|switch|p1a: Lilligant|Lilligant-Hisui, F|100\/100\n|switch|p1b: Oricorio|Oricorio-Sensu, M|100\/100\n|switch|p2a: Landorus|Landorus-Therian, M|100\/100\n|switch|p2b: Amoonguss|Amoonguss, M|100\/100\n|-ability|p2a: Landorus|Intimidate|boost\n|-unboost|p1a: Lilligant|atk|1\n|-unboost|p1b: Oricorio|atk|1\n|turn|1\n|inactive|Kyukutsu has 120 seconds left.\n|\n|t:|1699954194\n|move|p1b: Oricorio|Protect|p1b: Oricorio\n|-singleturn|p1b: Oricorio|Protect\n|move|p2a: Landorus|Protect|p2a: Landorus\n|-singleturn|p2a: Landorus|Protect\n|move|p1a: Lilligant|Victory Dance|p1a: Lilligant\n|-boost|p1a: Lilligant|atk|1\n|-boost|p1a: Lilligant|def|1\n|-boost|p1a: Lilligant|spe|1\n|-activate|p1b: Oricorio|ability: Dancer\n|move|p1b: Oricorio|Victory Dance|p1b: Oricorio|[from]ability: Dancer\n|-boost|p1b: Oricorio|atk|1\n|-boost|p1b: Oricorio|def|1\n|-boost|p1b: Oricorio|spe|1\n|move|p2b: Amoonguss|Spore|p1b: Oricorio\n|-activate|p1b: Oricorio|move: Protect\n|\n|upkeep\n|turn|2\n|inactive|Kyukutsu has 120 seconds left.\n|inactive|eragon11145 has 120 seconds left.\n|inactive|eragon11145 has 90 seconds left.\n|\n|t:|1699954260\n|move|p2b: Amoonguss|Protect|p2b: Amoonguss\n|-singleturn|p2b: Amoonguss|Protect\n|move|p1a: Lilligant|Victory Dance|p1a: Lilligant\n|-boost|p1a: Lilligant|atk|1\n|-boost|p1a: Lilligant|def|1\n|-boost|p1a: Lilligant|spe|1\n|-activate|p1b: Oricorio|ability: Dancer\n|move|p1b: Oricorio|Victory Dance|p1b: Oricorio|[from]ability: Dancer\n|-boost|p1b: Oricorio|atk|1\n|-boost|p1b: Oricorio|def|1\n|-boost|p1b: Oricorio|spe|1\n|move|p1b: Oricorio|Quiver Dance|p1b: Oricorio\n|-boost|p1b: Oricorio|spa|1\n|-boost|p1b: Oricorio|spd|1\n|-boost|p1b: Oricorio|spe|1\n|move|p2a: Landorus|U-turn|p1a: Lilligant\n|-damage|p1a: Lilligant|82\/100\n|inactive|Kyukutsu has 90 seconds left.\n|\n|t:|1699954292\n|switch|p2a: Iron Hands|Iron Hands|100\/100|[from] U-turn\n|\n|upkeep\n|turn|3\n|\n|t:|1699954304\n|move|p1b: Oricorio|Protect|p1b: Oricorio\n|-singleturn|p1b: Oricorio|Protect\n|move|p2a: Iron Hands|Fake Out|p1a: Lilligant\n|-damage|p1a: Lilligant|70\/100\n|cant|p1a: Lilligant|flinch\n|move|p2b: Amoonguss|Spore|p1b: Oricorio\n|-activate|p1b: Oricorio|move: Protect\n|\n|upkeep\n|turn|4\n|inactive|Kyukutsu has 120 seconds left.\n|inactive|eragon11145 has 120 seconds left.\n|\n|t:|1699954321\n|move|p1a: Lilligant|Victory Dance|p1a: Lilligant\n|-boost|p1a: Lilligant|atk|1\n|-boost|p1a: Lilligant|def|1\n|-boost|p1a: Lilligant|spe|1\n|-activate|p1b: Oricorio|ability: Dancer\n|move|p1b: Oricorio|Victory Dance|p1b: Oricorio|[from]ability: Dancer\n|-boost|p1b: Oricorio|atk|1\n|-boost|p1b: Oricorio|def|1\n|-boost|p1b: Oricorio|spe|1\n|move|p1b: Oricorio|Quiver Dance|p1b: Oricorio\n|-boost|p1b: Oricorio|spa|1\n|-boost|p1b: Oricorio|spd|1\n|-boost|p1b: Oricorio|spe|1\n|move|p2a: Iron Hands|Volt Switch|p1b: Oricorio\n|-supereffective|p1b: Oricorio\n|-damage|p1b: Oricorio|85\/100\n|\n|t:|1699954340\n|-end|p2a: Iron Hands|Quark Drive|[silent]\n|switch|p2a: Flutter Mane|Flutter Mane|100\/100|[from] Volt Switch\n|move|p2b: Amoonguss|Spore|p1b: Oricorio\n|-status|p1b: Oricorio|slp|[from] move: Spore\n|\n|upkeep\n|turn|5\n|inactive|Kyukutsu has 120 seconds left.\n|\n|t:|1699954369\n|switch|p2b: Iron Hands|Iron Hands|100\/100\n|cant|p1b: Oricorio|slp\n|move|p1a: Lilligant|Leaf Blade|p2a: Flutter Mane\n|-damage|p2a: Flutter Mane|0 fnt\n|faint|p2a: Flutter Mane\n|-end|p2a: Flutter Mane|Protosynthesis|[silent]\n|\n|upkeep\n|\n|t:|1699954380\n|switch|p2a: Landorus|Landorus-Therian, M|100\/100\n|-ability|p2a: Landorus|Intimidate|boost\n|-unboost|p1a: Lilligant|atk|1\n|-unboost|p1b: Oricorio|atk|1\n|turn|6\n|\n|t:|1699954395\n|-terastallize|p2a: Landorus|Flying\n|move|p2b: Iron Hands|Fake Out|p1a: Lilligant\n|-damage|p1a: Lilligant|61\/100\n|cant|p1b: Oricorio|slp\n|cant|p1a: Lilligant|flinch\n|move|p2a: Landorus|Tera Blast|p1a: Lilligant|[anim] Tera Blast Flying\n|-supereffective|p1a: Lilligant\n|-damage|p1a: Lilligant|0 fnt\n|faint|p1a: Lilligant\n|\n|upkeep\n|\n|t:|1699954401\n|switch|p1a: Iron Hands|Iron Hands|100\/100\n|turn|7\n|\n|t:|1699954412\n|move|p2a: Landorus|Protect|p2a: Landorus\n|-singleturn|p2a: Landorus|Protect\n|move|p1a: Iron Hands|Fake Out|p2a: Landorus\n|-activate|p2a: Landorus|move: Protect\n|-curestatus|p1b: Oricorio|slp|[msg]\n|move|p1b: Oricorio|Baton Pass|p1b: Oricorio\n|\n|t:|1699954422\n|switch|p1b: Krookodile|Krookodile, M|100\/100|[from] Baton Pass\n|move|p2b: Iron Hands|Wild Charge|p1b: Krookodile\n|-immune|p1b: Krookodile\n|\n|upkeep\n|turn|8\n|c|\u2606Kyukutsu|that thing gets baton pass!?\n|c|\u2606eragon11145|no\n|inactive|Kyukutsu has 120 seconds left.\n|\n|t:|1699954460\n|-end|p2b: Iron Hands|Quark Drive|[silent]\n|switch|p2b: Amoonguss|Amoonguss, M|100\/100\n|move|p1b: Krookodile|Power Trip|p2b: Amoonguss\n|-damage|p2b: Amoonguss|0 fnt\n|faint|p2b: Amoonguss\n|-ability|p1b: Krookodile|Moxie|boost\n|-boost|p1b: Krookodile|atk|1\n|move|p2a: Landorus|U-turn|p1b: Krookodile\n|-supereffective|p1b: Krookodile\n|-damage|p1b: Krookodile|79\/100\n|\n|t:|1699954478\n|switch|p2a: Chien-Pao|Chien-Pao|100\/100|[from] U-turn\n|-ability|p2a: Chien-Pao|Sword of Ruin\n|move|p1a: Iron Hands|Wild Charge|p2a: Chien-Pao\n|-damage|p2a: Chien-Pao|25\/100\n|-damage|p1a: Iron Hands|88\/100|[from] Recoil\n|\n|upkeep\n|\n|t:|1699954491\n|switch|p2b: Landorus|Landorus-Therian, M, tera:Flying|100\/100\n|-ability|p2b: Landorus|Intimidate|boost\n|-unboost|p1a: Iron Hands|atk|1\n|-fail|p1b: Krookodile|unboost|[from] item: Clear Amulet|[of] p1b: Krookodile\n|turn|9\n|inactive|Kyukutsu has 120 seconds left.\n|\n|t:|1699954511\n|move|p1b: Krookodile|Protect|p1b: Krookodile\n|-singleturn|p1b: Krookodile|Protect\n|move|p2a: Chien-Pao|Protect|p2a: Chien-Pao\n|-singleturn|p2a: Chien-Pao|Protect\n|move|p2b: Landorus|Tera Blast|p1b: Krookodile|[anim] Tera Blast Flying\n|-activate|p1b: Krookodile|move: Protect\n|move|p1a: Iron Hands|Drain Punch|p2a: Chien-Pao\n|-activate|p2a: Chien-Pao|move: Protect\n|\n|upkeep\n|turn|10\n|inactive|Kyukutsu has 120 seconds left.\n|\n|t:|1699954549\n|move|p2a: Chien-Pao|Sucker Punch|p1b: Krookodile\n|-resisted|p1b: Krookodile\n|-damage|p1b: Krookodile|69\/100\n|move|p1b: Krookodile|Power Trip|p2a: Chien-Pao\n|-resisted|p2a: Chien-Pao\n|-damage|p2a: Chien-Pao|0 fnt\n|faint|p2a: Chien-Pao\n|-ability|p1b: Krookodile|Moxie|boost\n|-boost|p1b: Krookodile|atk|1\n|move|p2b: Landorus|Stomping Tantrum|p1a: Iron Hands\n|-supereffective|p1a: Iron Hands\n|-damage|p1a: Iron Hands|34\/100\n|move|p1a: Iron Hands|Wild Charge|p2b: Landorus\n|-supereffective|p2b: Landorus\n|-damage|p2b: Landorus|42\/100\n|-damage|p1a: Iron Hands|22\/100|[from] Recoil\n|\n|upkeep\n|\n|t:|1699954564\n|switch|p2a: Iron Hands|Iron Hands|100\/100\n|turn|11\n|\n|t:|1699954573\n|move|p1b: Krookodile|Protect|p1b: Krookodile\n|-singleturn|p1b: Krookodile|Protect\n|move|p2a: Iron Hands|Fake Out|p1b: Krookodile\n|-activate|p1b: Krookodile|move: Protect\n|move|p2b: Landorus|Stomping Tantrum|p1a: Iron Hands\n|-supereffective|p1a: Iron Hands\n|-damage|p1a: Iron Hands|0 fnt\n|faint|p1a: Iron Hands\n|-end|p1a: Iron Hands|Quark Drive|[silent]\n|\n|upkeep\n|\n|t:|1699954580\n|switch|p1a: Flutter Mane|Flutter Mane|100\/100\n|turn|12\n|\n|t:|1699954594\n|move|p2b: Landorus|Protect|p2b: Landorus\n|-singleturn|p2b: Landorus|Protect\n|move|p1b: Krookodile|Power Trip|p2a: Iron Hands\n|-resisted|p2a: Iron Hands\n|-damage|p2a: Iron Hands|0 fnt\n|faint|p2a: Iron Hands\n|-end|p2a: Iron Hands|Quark Drive|[silent]\n|-ability|p1b: Krookodile|Moxie|boost\n|-boost|p1b: Krookodile|atk|1\n|move|p1a: Flutter Mane|Hyper Voice|p2b: Landorus\n|-activate|p2b: Landorus|move: Protect\n|\n|upkeep\n|\n|t:|1699954606\n|switch|p2a: Dragonite|Dragonite, F|100\/100\n|turn|13\n|\n|t:|1699954629\n|move|p2a: Dragonite|Protect|p2a: Dragonite\n|-singleturn|p2a: Dragonite|Protect\n|move|p1b: Krookodile|Power Trip|p2a: Dragonite\n|-activate|p2a: Dragonite|move: Protect\n|move|p1a: Flutter Mane|Hyper Voice|p2a: Dragonite|[spread] p2b\n|-activate|p2a: Dragonite|move: Protect\n|-damage|p2b: Landorus|9\/100\n|move|p2b: Landorus|Tera Blast|p1b: Krookodile|[anim] Tera Blast Flying\n|-damage|p1b: Krookodile|47\/100\n|\n|upkeep\n|turn|14\n|\n|t:|1699954647\n|move|p2a: Dragonite|Extreme Speed|p1b: Krookodile\n|-damage|p1b: Krookodile|36\/100\n|move|p1b: Krookodile|Power Trip|p2a: Dragonite\n|-damage|p2a: Dragonite|0 fnt\n|faint|p2a: Dragonite\n|-ability|p1b: Krookodile|Moxie|boost\n|-boost|p1b: Krookodile|atk|1\n|move|p1a: Flutter Mane|Hyper Voice|p2b: Landorus\n|-damage|p2b: Landorus|0 fnt\n|faint|p2b: Landorus\n|\n|win|eragon11145\n|raw|eragon11145's rating: 1647 &rarr; <strong>1660<\/strong><br \/>(+13 for winning)\n|raw|Kyukutsu's rating: 1523 &rarr; <strong>1510<\/strong><br \/>(-13 for losing)\n|c|\u2606Kyukutsu|gg\n|c|\u2606eragon11145|gg\n","uploadtime":1699954657,"views":18,"p1id":"eragon11145","p2id":"kyukutsu","formatid":"gen9doublesou","rating":1510,"private":0,"password":""}