{"id":"gen9doublesou-1996208170","p1":"cotesmcgotes","p2":"MapleMalori","format":"[Gen 9] Doubles OU","log":"|j|\u2606cotesmcgotes\n|j|\u2606MapleMalori\n|t:|1700659276\n|gametype|doubles\n|player|p1|cotesmcgotes|flannery|1249\n|player|p2|MapleMalori|unknownf|1151\n|teamsize|p1|6\n|teamsize|p2|6\n|gen|9\n|tier|[Gen 9] Doubles OU\n|rated|\n|rule|Species Clause: Limit one of each Pok\u00e9mon\n|rule|OHKO Clause: OHKO moves are banned\n|rule|Evasion Moves Clause: Evasion moves are banned\n|rule|Gravity Sleep Clause: The combination of sleep-inducing moves with imperfect accuracy and Gravity or Gigantamax Orbeetle are banned\n|rule|Endless Battle Clause: Forcing endless battles is banned\n|rule|HP Percentage Mod: HP is shown in percentages\n|clearpoke\n|poke|p1|Cresselia, F|\n|poke|p1|Overqwil, M|\n|poke|p1|Tornadus, M|\n|poke|p1|Brute Bonnet|\n|poke|p1|Iron Valiant|\n|poke|p1|Walking Wake|\n|poke|p2|Armarouge, F|\n|poke|p2|Indeedee-F, F|\n|poke|p2|Tauros-Paldea-Blaze, M|\n|poke|p2|Stonjourner, F|\n|poke|p2|Meowscarada, F|\n|poke|p2|Regieleki|\n|teampreview\n|inactive|Battle timer is ON: inactive players will automatically lose when time's up. (requested by cotesmcgotes)\n|inactive|MapleMalori has 120 seconds left.\n|\n|t:|1700659333\n|start\n|switch|p1a: Tornadus|Tornadus, M, shiny|100\/100\n|switch|p1b: Walking Wake|Walking Wake|100\/100\n|switch|p2a: Indeedee|Indeedee-F, F|100\/100\n|switch|p2b: Stonjourner|Stonjourner, F|100\/100\n|-fieldstart|move: Psychic Terrain|[from] ability: Psychic Surge|[of] p2a: Indeedee\n|turn|1\n|\n|t:|1700659362\n|move|p1a: Tornadus|Rain Dance|p1a: Tornadus\n|-weather|RainDance\n|move|p1b: Walking Wake|Hydro Steam|p2b: Stonjourner\n|-supereffective|p2b: Stonjourner\n|-damage|p2b: Stonjourner|0 fnt\n|faint|p2b: Stonjourner\n|move|p2a: Indeedee|Trick Room|p2a: Indeedee\n|-fieldstart|move: Trick Room|[of] p2a: Indeedee\n|\n|-weather|RainDance|[upkeep]\n|upkeep\n|inactive|MapleMalori has 120 seconds left.\n|\n|t:|1700659375\n|switch|p2b: Armarouge|Armarouge, F|100\/100\n|turn|2\n|inactive|cotesmcgotes has 120 seconds left.\n|\n|t:|1700659430\n|switch|p1a: Brute Bonnet|Brute Bonnet|100\/100\n|-end|p1b: Walking Wake|Protosynthesis|[silent]\n|switch|p1b: Overqwil|Overqwil, M|100\/100\n|-terastallize|p2b: Armarouge|Steel\n|move|p2a: Indeedee|Drain Punch|p2b: Armarouge\n|-supereffective|p2b: Armarouge\n|-damage|p2b: Armarouge|82\/100\n|-ability|p2b: Armarouge|Weak Armor|boost\n|-unboost|p2b: Armarouge|def|1\n|-boost|p2b: Armarouge|spe|2\n|-enditem|p2b: Armarouge|Weakness Policy\n|-boost|p2b: Armarouge|atk|2|[from] item: Weakness Policy\n|-boost|p2b: Armarouge|spa|2|[from] item: Weakness Policy\n|move|p2b: Armarouge|Expanding Force|p1b: Overqwil|[spread] \n|-immune|p1a: Brute Bonnet\n|-immune|p1b: Overqwil\n|\n|-weather|RainDance|[upkeep]\n|upkeep\n|turn|3\n|inactive|MapleMalori has 120 seconds left.\n|\n|t:|1700659466\n|move|p2a: Indeedee|Follow Me|p2a: Indeedee\n|-singleturn|p2a: Indeedee|move: Follow Me\n|move|p1a: Brute Bonnet|Spore|p2a: Indeedee\n|-status|p2a: Indeedee|slp|[from] move: Spore\n|move|p2b: Armarouge|Aura Sphere|p1a: Brute Bonnet\n|-supereffective|p1a: Brute Bonnet\n|-damage|p1a: Brute Bonnet|0 fnt\n|faint|p1a: Brute Bonnet\n|-end|p1a: Brute Bonnet|Protosynthesis|[silent]\n|move|p1b: Overqwil|Crunch|p2a: Indeedee\n|-supereffective|p2a: Indeedee\n|-enditem|p2a: Indeedee|Colbur Berry|[eat]\n|-enditem|p2a: Indeedee|Colbur Berry|[weaken]\n|-damage|p2a: Indeedee|61\/100 slp\n|-unboost|p2a: Indeedee|def|1\n|\n|-weather|RainDance|[upkeep]\n|upkeep\n|inactive|cotesmcgotes has 90 seconds left.\n|\n|t:|1700659488\n|switch|p1a: Cresselia|Cresselia, F, shiny|100\/100\n|turn|4\n|\n|t:|1700659501\n|-terastallize|p1a: Cresselia|Electric\n|move|p1a: Cresselia|Calm Mind|p1a: Cresselia\n|-boost|p1a: Cresselia|spa|1\n|-boost|p1a: Cresselia|spd|1\n|move|p2b: Armarouge|Dark Pulse|p1a: Cresselia\n|-damage|p1a: Cresselia|75\/100\n|move|p1b: Overqwil|Crunch|p2a: Indeedee\n|-supereffective|p2a: Indeedee\n|-damage|p2a: Indeedee|0 fnt\n|faint|p2a: Indeedee\n|\n|-weather|RainDance|[upkeep]\n|-heal|p1a: Cresselia|81\/100|[from] item: Leftovers\n|upkeep\n|inactive|MapleMalori has 120 seconds left.\n|\n|t:|1700659529\n|switch|p2a: Tauros|Tauros-Paldea-Blaze, M|100\/100\n|turn|5\n|inactive|MapleMalori has 120 seconds left.\n|\n|t:|1700659559\n|move|p1a: Cresselia|Calm Mind|p1a: Cresselia\n|-boost|p1a: Cresselia|spa|1\n|-boost|p1a: Cresselia|spd|1\n|move|p2a: Tauros|Flame Charge|p1b: Overqwil\n|-damage|p1b: Overqwil|86\/100\n|-boost|p2a: Tauros|spe|1\n|move|p2b: Armarouge|Expanding Force|p1b: Overqwil|[spread] p1a\n|-immune|p1b: Overqwil\n|-damage|p1a: Cresselia|37\/100\n|move|p1b: Overqwil|Acupressure|p1a: Cresselia\n|-boost|p1a: Cresselia|evasion|2\n|\n|-weather|RainDance|[upkeep]\n|-heal|p1a: Cresselia|44\/100|[from] item: Leftovers\n|-heal|p1b: Overqwil|92\/100|[from] item: Black Sludge\n|-fieldend|move: Trick Room\n|-fieldend|move: Psychic Terrain\n|upkeep\n|turn|6\n|inactive|MapleMalori has 120 seconds left.\n|inactive|cotesmcgotes has 120 seconds left.\n|inactive|MapleMalori has 90 seconds left.\n|inactive|cotesmcgotes has 90 seconds left.\n|\n|t:|1700659624\n|move|p1b: Overqwil|Acupressure|p1a: Cresselia\n|-boost|p1a: Cresselia|spa|2\n|move|p2b: Armarouge|Aura Sphere|p1a: Cresselia\n|-damage|p1a: Cresselia|23\/100\n|move|p2a: Tauros|Rock Slide|p1b: Overqwil|[spread] p1a,p1b\n|-damage|p1a: Cresselia|10\/100\n|-damage|p1b: Overqwil|68\/100\n|cant|p1a: Cresselia|flinch\n|\n|-weather|RainDance|[upkeep]\n|-heal|p1b: Overqwil|74\/100|[from] item: Black Sludge\n|-heal|p1a: Cresselia|16\/100|[from] item: Leftovers\n|upkeep\n|turn|7\n|inactive|MapleMalori has 90 seconds left.\n|\n|t:|1700659653\n|move|p1b: Overqwil|Acupressure|p1a: Cresselia\n|-boost|p1a: Cresselia|spd|2\n|move|p2b: Armarouge|Aura Sphere|p1a: Cresselia\n|-damage|p1a: Cresselia|3\/100\n|move|p2a: Tauros|Rock Slide|p1b: Overqwil|[spread] p1b\n|-miss|p2a: Tauros|p1a: Cresselia\n|-damage|p1b: Overqwil|53\/100\n|move|p1a: Cresselia|Lunar Blessing|p1a: Cresselia|[spread] p1a,p1b\n|-heal|p1a: Cresselia|28\/100\n|-heal|p1b: Overqwil|78\/100\n|\n|-weather|RainDance|[upkeep]\n|-heal|p1b: Overqwil|84\/100|[from] item: Black Sludge\n|-heal|p1a: Cresselia|35\/100|[from] item: Leftovers\n|upkeep\n|turn|8\n|inactive|MapleMalori has 90 seconds left.\n|\n|t:|1700659692\n|switch|p2b: Meowscarada|Meowscarada, F|100\/100\n|move|p1b: Overqwil|Acupressure|p1a: Cresselia\n|-boost|p1a: Cresselia|spd|2\n|move|p2a: Tauros|Earthquake|p1b: Overqwil|[spread] p2b,p1b\n|-immune|p1a: Cresselia|[from] ability: Levitate\n|-resisted|p2b: Meowscarada\n|-supereffective|p1b: Overqwil\n|-damage|p2b: Meowscarada|80\/100\n|-damage|p1b: Overqwil|22\/100\n|move|p1a: Cresselia|Lunar Blessing|p1a: Cresselia|[spread] p1a,p1b\n|-heal|p1a: Cresselia|60\/100\n|-heal|p1b: Overqwil|47\/100\n|\n|-weather|none\n|-heal|p1b: Overqwil|53\/100|[from] item: Black Sludge\n|-heal|p1a: Cresselia|66\/100|[from] item: Leftovers\n|upkeep\n|turn|9\n|inactive|cotesmcgotes has 120 seconds left.\n|inactive|MapleMalori has 60 seconds left.\n|\n|t:|1700659730\n|move|p2a: Tauros|Rock Slide|p1b: Overqwil|[spread] p1a,p1b\n|-damage|p1a: Cresselia|52\/100\n|-damage|p1b: Overqwil|29\/100\n|move|p2b: Meowscarada|Flower Trick|p2a: Tauros\n|-start|p2b: Meowscarada|typechange|Grass|[from] ability: Protean\n|-resisted|p2a: Tauros\n|-crit|p2a: Tauros\n|-damage|p2a: Tauros|74\/100\n|-setboost|p2a: Tauros|atk|6|[from] ability: Anger Point\n|cant|p1b: Overqwil|flinch\n|move|p1a: Cresselia|Stored Power|p2a: Tauros\n|-supereffective|p2a: Tauros\n|-damage|p2a: Tauros|0 fnt\n|faint|p2a: Tauros\n|\n|-heal|p1b: Overqwil|36\/100|[from] item: Black Sludge\n|-heal|p1a: Cresselia|58\/100|[from] item: Leftovers\n|upkeep\n|\n|t:|1700659749\n|switch|p2a: Regieleki|Regieleki|100\/100\n|turn|10\n|inactive|MapleMalori has 60 seconds left.\n|\n|t:|1700659761\n|move|p2a: Regieleki|Substitute|p2a: Regieleki\n|-start|p2a: Regieleki|Substitute\n|-damage|p2a: Regieleki|76\/100\n|move|p2b: Meowscarada|Flower Trick|p1a: Cresselia\n|-crit|p1a: Cresselia\n|-damage|p1a: Cresselia|22\/100\n|move|p1b: Overqwil|Barb Barrage|p2b: Meowscarada\n|-supereffective|p2b: Meowscarada\n|-damage|p2b: Meowscarada|0 fnt\n|faint|p2b: Meowscarada\n|move|p1a: Cresselia|Stored Power|p2a: Regieleki\n|-end|p2a: Regieleki|Substitute\n|\n|-heal|p1b: Overqwil|42\/100|[from] item: Black Sludge\n|-heal|p1a: Cresselia|28\/100|[from] item: Leftovers\n|upkeep\n|inactive|MapleMalori has 60 seconds left.\n|\n|t:|1700659771\n|switch|p2b: Armarouge|Armarouge, F, tera:Steel|82\/100\n|turn|11\n|\n|t:|1700659782\n|move|p2a: Regieleki|Electroweb|p1b: Overqwil|[spread] p1a,p1b\n|-resisted|p1a: Cresselia\n|-damage|p1a: Cresselia|27\/100\n|-damage|p1b: Overqwil|7\/100\n|-unboost|p1a: Cresselia|spe|1\n|-unboost|p1b: Overqwil|spe|1\n|move|p2b: Armarouge|Aura Sphere|p1a: Cresselia\n|-damage|p1a: Cresselia|22\/100\n|move|p1b: Overqwil|Crunch|p2a: Regieleki\n|-damage|p2a: Regieleki|0 fnt\n|faint|p2a: Regieleki\n|move|p1a: Cresselia|Stored Power|p2b: Armarouge\n|-resisted|p2b: Armarouge\n|-damage|p2b: Armarouge|0 fnt\n|faint|p2b: Armarouge\n|\n|win|cotesmcgotes\n|raw|cotesmcgotes's rating: 1249 &rarr; <strong>1267<\/strong><br \/>(+18 for winning)\n|raw|MapleMalori's rating: 1151 &rarr; <strong>1133<\/strong><br \/>(-18 for losing)\n|l|\u2606MapleMalori\n","uploadtime":1700659795,"views":8,"p1id":"cotesmcgotes","p2id":"maplemalori","formatid":"gen9doublesou","rating":1133,"private":0,"password":""}