{"id":"gen9doublesou-1976423841","p1":"Kongojongo","p2":"Karaesthetic","format":"[Gen 9] Doubles OU","log":"|j|\u2606Kongojongo\n|j|\u2606Karaesthetic\n|t:|1698300905\n|gametype|doubles\n|player|p1|Kongojongo|harlequin|1102\n|player|p2|Karaesthetic|erika|1123\n|teamsize|p1|6\n|teamsize|p2|6\n|gen|9\n|tier|[Gen 9] Doubles OU\n|rated|\n|rule|Species Clause: Limit one of each Pok\u00e9mon\n|rule|OHKO Clause: OHKO moves are banned\n|rule|Evasion Moves Clause: Evasion moves are banned\n|rule|Gravity Sleep Clause: The combination of sleep-inducing moves with imperfect accuracy and Gravity or Gigantamax Orbeetle are banned\n|rule|Endless Battle Clause: Forcing endless battles is banned\n|rule|HP Percentage Mod: HP is shown in percentages\n|clearpoke\n|poke|p1|Ogerpon-Hearthflame, F|\n|poke|p1|Ursaluna-Bloodmoon, M|\n|poke|p1|Cramorant, F|\n|poke|p1|Gastrodon-East, M|\n|poke|p1|Iron Hands|\n|poke|p1|Toxapex, F|\n|poke|p2|Regieleki|\n|poke|p2|Sinistcha|\n|poke|p2|Cyclizar, F|\n|poke|p2|Charizard, F|\n|poke|p2|Ogerpon-Wellspring, F|\n|poke|p2|Infernape, F|\n|teampreview\n|inactive|Battle timer is ON: inactive players will automatically lose when time's up. (requested by Karaesthetic)\n|\n|t:|1698300921\n|start\n|switch|p1a: Har har har har|Ursaluna-Bloodmoon, M|100\/100\n|switch|p1b: Slappems|Iron Hands|100\/100\n|switch|p2a: ok i pull up|Cyclizar, F|100\/100\n|switch|p2b: \ud83e\udd66 <-|Ogerpon-Wellspring, F|100\/100\n|-enditem|p1b: Slappems|Booster Energy\n|-activate|p1b: Slappems|ability: Quark Drive|[fromitem]\n|-start|p1b: Slappems|quarkdriveatk\n|turn|1\n|c|\u2606Kongojongo|FINALLY\n|c|\u2606Kongojongo|SOMEONE ELSE WHO NICKNAMES POKEMON\n|inactive|Kongojongo has 120 seconds left.\n|c|\u2606Karaesthetic|Holey moley\n|\n|t:|1698300955\n|move|p1b: Slappems|Fake Out|p2b: \ud83e\udd66 <-\n|-damage|p2b: \ud83e\udd66 <-|82\/100\n|cant|p2b: \ud83e\udd66 <-|flinch\n|move|p2a: ok i pull up|Shed Tail|p2a: ok i pull up\n|-start|p2a: ok i pull up|Substitute|[from] move: Shed Tail\n|-damage|p2a: ok i pull up|50\/100\n|\n|t:|1698300962\n|switch|p2a: Ermm|Charizard, F|100\/100|[from] Shed Tail\n|move|p1a: Har har har har|Moonblast|p2a: Ermm\n|-resisted|p2a: Ermm\n|-end|p2a: Ermm|Substitute\n|\n|upkeep\n|turn|2\n|\n|t:|1698300971\n|move|p2b: \ud83e\udd66 <-|Follow Me|p2b: \ud83e\udd66 <-\n|-singleturn|p2b: \ud83e\udd66 <-|move: Follow Me\n|move|p2a: Ermm|Belly Drum|p2a: Ermm\n|-damage|p2a: Ermm|51\/100\n|-setboost|p2a: Ermm|atk|6|[from] move: Belly Drum\n|move|p1a: Har har har har|Moonblast|p2b: \ud83e\udd66 <-\n|-damage|p2b: \ud83e\udd66 <-|40\/100\n|-unboost|p2b: \ud83e\udd66 <-|spa|1\n|move|p1b: Slappems|Wild Charge|p2b: \ud83e\udd66 <-\n|-damage|p2b: \ud83e\udd66 <-|0 fnt\n|faint|p2b: \ud83e\udd66 <-\n|-damage|p1b: Slappems|92\/100|[from] Recoil\n|\n|-heal|p2a: Ermm|57\/100|[from] item: Leftovers\n|upkeep\n|\n|t:|1698300987\n|switch|p2b: lol|Sinistcha, shiny|100\/100\n|-heal|p2a: Ermm|82\/100|[from] ability: Hospitality|[of] p2b: lol\n|turn|3\n|c|\u2606Kongojongo|its so over for me\n|\n|t:|1698301012\n|switch|p1a: Red Velvet|Toxapex, F, shiny|100\/100\n|-end|p1b: Slappems|Quark Drive|[silent]\n|switch|p1b: Surfin Bird|Cramorant, F|100\/100\n|-terastallize|p2a: Ermm|Ground\n|move|p2b: lol|Rage Powder|p2b: lol\n|-singleturn|p2b: lol|move: Rage Powder\n|move|p2a: Ermm|Earthquake|p1b: Surfin Bird|[spread] p2b,p1a\n|-immune|p1b: Surfin Bird\n|-resisted|p2b: lol\n|-crit|p2b: lol\n|-supereffective|p1a: Red Velvet\n|-damage|p2b: lol|45\/100\n|-damage|p1a: Red Velvet|0 fnt\n|faint|p1a: Red Velvet\n|\n|-heal|p2a: Ermm|88\/100|[from] item: Leftovers\n|-heal|p2b: lol|51\/100|[from] item: Leftovers\n|upkeep\n|inactive|Kongojongo has 120 seconds left.\n|\n|t:|1698301037\n|switch|p1a: Blumby|Gastrodon-East, M|100\/100\n|turn|4\n|\n|t:|1698301048\n|move|p2b: lol|Rage Powder|p2b: lol\n|-singleturn|p2b: lol|move: Rage Powder\n|move|p2a: Ermm|Aerial Ace|p1a: Blumby\n|-damage|p1a: Blumby|0 fnt\n|faint|p1a: Blumby\n|move|p1b: Surfin Bird|Surf|p2a: Ermm|[spread] p2a,p2b\n|-formechange|p1b: Surfin Bird|Cramorant-Gulping|\n|-supereffective|p2a: Ermm\n|-resisted|p2b: lol\n|-damage|p2a: Ermm|21\/100\n|-damage|p2b: lol|36\/100\n|\n|-heal|p2a: Ermm|27\/100|[from] item: Leftovers\n|-heal|p2b: lol|42\/100|[from] item: Leftovers\n|upkeep\n|inactive|Kongojongo has 120 seconds left.\n|\n|t:|1698301065\n|switch|p1a: >:(|Ogerpon-Hearthflame, F|100\/100\n|-ability|p1a: >:(|Mold Breaker\n|turn|5\n|\n|t:|1698301075\n|move|p1a: >:(|Spiky Shield|p1a: >:(\n|-singleturn|p1a: >:(|move: Protect\n|move|p2b: lol|Rage Powder|p2b: lol\n|-singleturn|p2b: lol|move: Rage Powder\n|move|p2a: Ermm|Aerial Ace|p1b: Surfin Bird\n|-enditem|p1b: Surfin Bird|Focus Sash\n|-damage|p1b: Surfin Bird|1\/100\n|-damage|p2a: Ermm|2\/100|[from] ability: Gulp Missile|[of] p1b: Surfin Bird\n|-unboost|p2a: Ermm|def|1\n|-formechange|p1b: Surfin Bird|Cramorant|\n|move|p1b: Surfin Bird|Surf|p2b: lol|[spread] p2a,p2b\n|-activate|p1a: >:(|move: Protect\n|-formechange|p1b: Surfin Bird|Cramorant-Gorging|\n|-supereffective|p2a: Ermm\n|-resisted|p2b: lol\n|-damage|p2a: Ermm|0 fnt\n|-damage|p2b: lol|27\/100\n|faint|p2a: Ermm\n|\n|-heal|p2b: lol|33\/100|[from] item: Leftovers\n|upkeep\n|c|\u2606Karaesthetic|Oh no\n|-message|Karaesthetic forfeited.\n|\n|win|Kongojongo\n|raw|Kongojongo's rating: 1102 &rarr; <strong>1129<\/strong><br \/>(+27 for winning)\n|raw|Karaesthetic's rating: 1123 &rarr; <strong>1096<\/strong><br \/>(-27 for losing)\n|l|\u2606Karaesthetic\n|c|\u2606Kongojongo|WHAT\n","uploadtime":1698301096,"views":28,"p1id":"kongojongo","p2id":"karaesthetic","formatid":"gen9doublesou","rating":1096,"private":0,"password":""}