{"id":"gen9doublesou-1978930154","p1":"t3rryc","p2":"Flying Beagle","format":"[Gen 9] Doubles OU","log":"|j|\u2606t3rryc\n|j|\u2606Flying Beagle\n|inactive|Battle timer is ON: inactive players will automatically lose when time's up.\n|t:|1698611475\n|gametype|doubles\n|player|p1|t3rryc|dancer|\n|player|p2|Flying Beagle|marnie-masters|\n|teamsize|p1|6\n|teamsize|p2|6\n|gen|9\n|tier|[Gen 9] Doubles OU\n|rated|Tournament battle\n|rule|Species Clause: Limit one of each Pok\u00e9mon\n|rule|OHKO Clause: OHKO moves are banned\n|rule|Evasion Moves Clause: Evasion moves are banned\n|rule|Gravity Sleep Clause: The combination of sleep-inducing moves with imperfect accuracy and Gravity or Gigantamax Orbeetle are banned\n|rule|Endless Battle Clause: Forcing endless battles is banned\n|rule|HP Percentage Mod: HP is shown in percentages\n|clearpoke\n|poke|p1|Tornadus, M|\n|poke|p1|Iron Hands|\n|poke|p1|Rillaboom, F|\n|poke|p1|Flutter Mane|\n|poke|p1|Ogerpon-Hearthflame, F|\n|poke|p1|Heatran, F|\n|poke|p2|Chien-Pao|\n|poke|p2|Dragapult, M|\n|poke|p2|Ogerpon-Hearthflame, F|\n|poke|p2|Tornadus, M|\n|poke|p2|Farigiraf, M|\n|poke|p2|Basculegion-F, F|\n|teampreview\n|c|\u2606Flying Beagle|gl hf\n|c|\u2606t3rryc|glhf\n|inactive|t3rryc has 120 seconds left.\n|inactive|Flying Beagle has 120 seconds left.\n|j|#Arcticblast\n|\n|t:|1698611529\n|start\n|switch|p1a: Heatran|Heatran, F|100\/100\n|switch|p1b: Iron Hands|Iron Hands|100\/100\n|switch|p2a: Ogerpon|Ogerpon-Hearthflame, F|100\/100\n|switch|p2b: Tornadus|Tornadus, M|100\/100\n|-ability|p2a: Ogerpon|Mold Breaker\n|turn|1\n|inactive|t3rryc has 120 seconds left.\n|inactive|Flying Beagle has 120 seconds left.\n|\n|t:|1698611578\n|switch|p2b: Farigiraf|Farigiraf, M|100\/100\n|switch|p2a: Basculegion|Basculegion-F, F|100\/100\n|-terastallize|p1b: Iron Hands|Fire\n|move|p1a: Heatran|Heat Wave|p2b: Farigiraf|[spread] p2a,p2b\n|-resisted|p2a: Basculegion\n|-damage|p2a: Basculegion|79\/100\n|-damage|p2b: Farigiraf|58\/100\n|move|p1b: Iron Hands|Swords Dance|p1b: Iron Hands\n|-boost|p1b: Iron Hands|atk|2\n|\n|upkeep\n|turn|2\n|inactive|Flying Beagle has 120 seconds left.\n|inactive|t3rryc has 120 seconds left.\n|\n|t:|1698611614\n|switch|p1a: Rillaboom|Rillaboom, F|100\/100\n|-fieldstart|move: Grassy Terrain|[from] ability: Grassy Surge|[of] p1a: Rillaboom\n|move|p2a: Basculegion|Wave Crash|p1b: Iron Hands\n|-supereffective|p1b: Iron Hands\n|-damage|p1b: Iron Hands|15\/100\n|-enditem|p1b: Iron Hands|Sitrus Berry|[eat]\n|-heal|p1b: Iron Hands|40\/100|[from] item: Sitrus Berry\n|-damage|p2a: Basculegion|45\/100|[from] Recoil\n|move|p2b: Farigiraf|Psychic|p1b: Iron Hands\n|-damage|p1b: Iron Hands|9\/100\n|move|p1b: Iron Hands|Drain Punch|p2b: Farigiraf\n|-damage|p2b: Farigiraf|0 fnt\n|-heal|p1b: Iron Hands|33\/100|[from] drain|[of] p2b: Farigiraf\n|faint|p2b: Farigiraf\n|\n|-heal|p2a: Basculegion|51\/100|[from] Grassy Terrain\n|-heal|p1b: Iron Hands|39\/100|[from] Grassy Terrain\n|upkeep\n|j| miirzaa\n|l| miirzaa\n|inactive|Flying Beagle has 90 seconds left.\n|\n|t:|1698611650\n|switch|p2b: Ogerpon|Ogerpon-Hearthflame, F|100\/100\n|-ability|p2b: Ogerpon|Mold Breaker\n|turn|3\n|inactive|t3rryc has 120 seconds left.\n|inactive|t3rryc has 90 seconds left.\n|\n|t:|1698611695\n|switch|p1a: Heatran|Heatran, F|100\/100\n|move|p2b: Ogerpon|Follow Me|p2b: Ogerpon\n|-singleturn|p2b: Ogerpon|move: Follow Me\n|move|p2a: Basculegion|Wave Crash|p1b: Iron Hands\n|-supereffective|p1b: Iron Hands\n|-damage|p1b: Iron Hands|0 fnt\n|faint|p1b: Iron Hands\n|-end|p1b: Iron Hands|Quark Drive|[silent]\n|-damage|p2a: Basculegion|36\/100|[from] Recoil\n|\n|-heal|p2a: Basculegion|42\/100|[from] Grassy Terrain\n|upkeep\n|\n|t:|1698611707\n|switch|p1b: Tornadus|Tornadus, M|100\/100\n|turn|4\n|inactive|Flying Beagle has 120 seconds left.\n|\n|t:|1698611723\n|switch|p2a: Dragapult|Dragapult, M|100\/100\n|move|p1b: Tornadus|Tailwind|p1b: Tornadus\n|-sidestart|p1: t3rryc|move: Tailwind\n|move|p1a: Heatran|Heat Wave|p2b: Ogerpon|[spread] p2a\n|-miss|p1a: Heatran|p2b: Ogerpon\n|-resisted|p2a: Dragapult\n|-damage|p2a: Dragapult|72\/100\n|move|p2b: Ogerpon|Ivy Cudgel|p1a: Heatran\n|-damage|p1a: Heatran|47\/100\n|\n|-heal|p1a: Heatran|53\/100|[from] Grassy Terrain\n|-heal|p2a: Dragapult|78\/100|[from] Grassy Terrain\n|upkeep\n|turn|5\n|inactive|Flying Beagle has 120 seconds left.\n|\n|t:|1698611765\n|move|p2b: Ogerpon|Spiky Shield|p2b: Ogerpon\n|-singleturn|p2b: Ogerpon|move: Protect\n|move|p2a: Dragapult|Sucker Punch|p1a: Heatran\n|-damage|p1a: Heatran|21\/100\n|move|p1b: Tornadus|Bleakwind Storm|p2b: Ogerpon|[spread] p2a\n|-activate|p2b: Ogerpon|move: Protect\n|-damage|p2a: Dragapult|35\/100\n|move|p1a: Heatran|Earth Power|p2b: Ogerpon\n|-activate|p2b: Ogerpon|move: Protect\n|\n|-heal|p1a: Heatran|27\/100|[from] Grassy Terrain\n|-heal|p2a: Dragapult|41\/100|[from] Grassy Terrain\n|upkeep\n|turn|6\n|inactive|t3rryc has 120 seconds left.\n|inactive|Flying Beagle has 120 seconds left.\n|\n|t:|1698611786\n|-terastallize|p2b: Ogerpon|Fire\n|detailschange|p2b: Ogerpon|Ogerpon-Hearthflame-Tera, F, tera:Fire\n|-ability|p2b: Ogerpon|Embody Aspect (Hearthflame)|boost\n|-boost|p2b: Ogerpon|atk|1\n|move|p2a: Dragapult|Sucker Punch|p1a: Heatran\n|-damage|p1a: Heatran|0 fnt\n|faint|p1a: Heatran\n|move|p1b: Tornadus|Bleakwind Storm|p2b: Ogerpon|[spread] p2a,p2b\n|-damage|p2a: Dragapult|0 fnt\n|-damage|p2b: Ogerpon|65\/100\n|faint|p2a: Dragapult\n|move|p2b: Ogerpon|Ivy Cudgel|p1b: Tornadus\n|-damage|p1b: Tornadus|0 fnt\n|faint|p1b: Tornadus\n|\n|-heal|p2b: Ogerpon|71\/100|[from] Grassy Terrain\n|-fieldend|move: Grassy Terrain\n|upkeep\n|\n|t:|1698611800\n|switch|p2a: Tornadus|Tornadus, M|100\/100\n|switch|p1b: Ogerpon|Ogerpon-Hearthflame, F|100\/100\n|switch|p1a: Flutter Mane|Flutter Mane|100\/100\n|-ability|p1b: Ogerpon|Mold Breaker\n|turn|7\n|\n|t:|1698611826\n|move|p2a: Tornadus|Protect|p2a: Tornadus\n|-singleturn|p2a: Tornadus|Protect\n|move|p2b: Ogerpon|Spiky Shield|p2b: Ogerpon\n|-singleturn|p2b: Ogerpon|move: Protect\n|move|p1a: Flutter Mane|Power Gem|p2b: Ogerpon\n|-activate|p2b: Ogerpon|move: Protect\n|move|p1b: Ogerpon|Ivy Cudgel|p2a: Tornadus\n|-activate|p2a: Tornadus|move: Protect\n|\n|-sideend|p1: t3rryc|move: Tailwind\n|upkeep\n|turn|8\n|\n|t:|1698611834\n|move|p2a: Tornadus|Tailwind|p2a: Tornadus\n|-sidestart|p2: Flying Beagle|move: Tailwind\n|move|p2b: Ogerpon|Ivy Cudgel|p1a: Flutter Mane\n|-crit|p1a: Flutter Mane\n|-damage|p1a: Flutter Mane|0 fnt\n|faint|p1a: Flutter Mane\n|-end|p1a: Flutter Mane|Protosynthesis|[silent]\n|move|p1b: Ogerpon|Substitute|p1b: Ogerpon\n|-start|p1b: Ogerpon|Substitute\n|-damage|p1b: Ogerpon|76\/100\n|\n|upkeep\n|\n|t:|1698611837\n|switch|p1a: Rillaboom|Rillaboom, F|100\/100\n|-fieldstart|move: Grassy Terrain|[from] ability: Grassy Surge|[of] p1a: Rillaboom\n|turn|9\n|\n|t:|1698611863\n|move|p1a: Rillaboom|Fake Out|p2a: Tornadus\n|-damage|p2a: Tornadus|77\/100\n|cant|p2a: Tornadus|flinch\n|move|p2b: Ogerpon|Ivy Cudgel|p1a: Rillaboom\n|-supereffective|p1a: Rillaboom\n|-damage|p1a: Rillaboom|0 fnt\n|faint|p1a: Rillaboom\n|move|p1b: Ogerpon|Ivy Cudgel|p2a: Tornadus\n|-damage|p2a: Tornadus|0 fnt\n|faint|p2a: Tornadus\n|\n|-heal|p2b: Ogerpon|77\/100|[from] Grassy Terrain\n|-heal|p1b: Ogerpon|82\/100|[from] Grassy Terrain\n|upkeep\n|\n|t:|1698611867\n|switch|p2a: Chien-Pao|Chien-Pao|100\/100\n|-ability|p2a: Chien-Pao|Sword of Ruin\n|turn|10\n|\n|t:|1698611881\n|move|p1b: Ogerpon|Spiky Shield|p1b: Ogerpon\n|-singleturn|p1b: Ogerpon|move: Protect\n|move|p2a: Chien-Pao|Ice Spinner|p1b: Ogerpon\n|-activate|p1b: Ogerpon|move: Protect\n|-damage|p2a: Chien-Pao|88\/100|[from] Spiky Shield|[of] p1b: Ogerpon\n|move|p2b: Ogerpon|Ivy Cudgel|p1b: Ogerpon\n|-activate|p1b: Ogerpon|move: Protect\n|\n|-heal|p2a: Chien-Pao|94\/100|[from] Grassy Terrain\n|-heal|p2b: Ogerpon|83\/100|[from] Grassy Terrain\n|-heal|p1b: Ogerpon|88\/100|[from] Grassy Terrain\n|upkeep\n|turn|11\n|\n|t:|1698611892\n|move|p2a: Chien-Pao|Ice Spinner|p1b: Ogerpon\n|-end|p1b: Ogerpon|Substitute\n|-fieldend|move: Grassy Terrain\n|move|p2b: Ogerpon|Ivy Cudgel|p1b: Ogerpon\n|-damage|p1b: Ogerpon|0 fnt\n|faint|p1b: Ogerpon\n|\n|win|Flying Beagle\n|n|\u2606t3rryc|t3rryc\n|n|\u2606Flying Beagle|flyingbeagle\n|n|+Arcticblast|arcticblast\n|c|\u2606Flying Beagle|gg\n|c|\u2606t3rryc|gg\n|l|+Arcticblast\n","uploadtime":1698611930,"views":25,"p1id":"t3rryc","p2id":"flyingbeagle","formatid":"gen9doublesou","rating":0,"private":0,"password":""}