{"id":"gen9doublesou-1981321904","p1":"Alexandre195","p2":"McCrickerd","format":"[Gen 9] Doubles OU","log":"|j|\u2606Alexandre195\n|j|\u2606McCrickerd\n|t:|1698883455\n|gametype|doubles\n|player|p1|Alexandre195|nate|1098\n|player|p2|McCrickerd|2|1030\n|teamsize|p1|6\n|teamsize|p2|6\n|gen|9\n|tier|[Gen 9] Doubles OU\n|rated|\n|rule|Species Clause: Limit one of each Pok\u00e9mon\n|rule|OHKO Clause: OHKO moves are banned\n|rule|Evasion Moves Clause: Evasion moves are banned\n|rule|Gravity Sleep Clause: The combination of sleep-inducing moves with imperfect accuracy and Gravity or Gigantamax Orbeetle are banned\n|rule|Endless Battle Clause: Forcing endless battles is banned\n|rule|HP Percentage Mod: HP is shown in percentages\n|clearpoke\n|poke|p1|Scizor, F|\n|poke|p1|Sableye, F|\n|poke|p1|Tyranitar, M|\n|poke|p1|Cinderace, M|\n|poke|p1|Ribombee, M|\n|poke|p1|Haxorus, F|\n|poke|p2|Kommo-o, M|\n|poke|p2|Cresselia, F|\n|poke|p2|Ambipom, M|\n|poke|p2|Ariados, F|\n|poke|p2|Clefairy, F|\n|poke|p2|Brute Bonnet|\n|teampreview\n|inactive|Battle timer is ON: inactive players will automatically lose when time's up. (requested by Alexandre195)\n|\n|t:|1698883460\n|start\n|switch|p1a: Ribombee|Ribombee, M|100\/100\n|switch|p1b: Cinderace|Cinderace, M|100\/100\n|switch|p2a: Ariados|Ariados, F|100\/100\n|switch|p2b: Ambipom|Ambipom, M|100\/100\n|turn|1\n|\n|t:|1698883468\n|move|p2b: Ambipom|Fake Out|p1b: Cinderace\n|-enditem|p2b: Ambipom|Normal Gem|[from] gem\n|-damage|p1b: Cinderace|54\/100\n|move|p1a: Ribombee|Sticky Web|p2a: Ariados\n|-sidestart|p2: McCrickerd|move: Sticky Web\n|cant|p1b: Cinderace|flinch\n|move|p2a: Ariados|Sticky Web|p1a: Ribombee\n|-sidestart|p1: Alexandre195|move: Sticky Web\n|\n|upkeep\n|turn|2\n|\n|t:|1698883483\n|move|p1a: Ribombee|Quiver Dance|p1a: Ribombee\n|-boost|p1a: Ribombee|spa|1\n|-boost|p1a: Ribombee|spd|1\n|-boost|p1a: Ribombee|spe|1\n|move|p1b: Cinderace|Taunt|p2a: Ariados\n|-start|p1b: Cinderace|typechange|Dark|[from] ability: Libero\n|-start|p2a: Ariados|move: Taunt\n|move|p2b: Ambipom|Knock Off|p1b: Cinderace\n|-resisted|p1b: Cinderace\n|-damage|p1b: Cinderace|35\/100\n|-enditem|p1b: Cinderace|Life Orb|[from] move: Knock Off|[of] p2b: Ambipom\n|move|p2a: Ariados|Poison Jab|p1a: Ribombee\n|-supereffective|p1a: Ribombee\n|-enditem|p1a: Ribombee|Focus Sash\n|-damage|p1a: Ribombee|1\/100\n|\n|upkeep\n|turn|3\n|\n|t:|1698883512\n|move|p1a: Ribombee|Pollen Puff|p2b: Ambipom\n|-crit|p2b: Ambipom\n|-damage|p2b: Ambipom|0 fnt\n|faint|p2b: Ambipom\n|move|p1b: Cinderace|Pyro Ball|p2a: Ariados\n|-supereffective|p2a: Ariados\n|-damage|p2a: Ariados|15\/100\n|move|p2a: Ariados|Pin Missile|p1b: Cinderace|[miss]\n|-miss|p2a: Ariados|p1b: Cinderace\n|\n|upkeep\n|inactive|McCrickerd has 120 seconds left.\n|\n|t:|1698883530\n|switch|p2b: Kommo-o|Kommo-o, M|100\/100\n|-activate|p2b: Kommo-o|move: Sticky Web\n|-unboost|p2b: Kommo-o|spe|1\n|turn|4\n|\n|t:|1698883538\n|-terastallize|p2b: Kommo-o|Steel\n|move|p1b: Cinderace|Helping Hand|p1a: Ribombee\n|-singleturn|p1a: Ribombee|Helping Hand|[of] p1b: Cinderace\n|move|p1a: Ribombee|Dazzling Gleam|p2b: Kommo-o|[spread] p2a,p2b\n|-resisted|p2a: Ariados\n|-resisted|p2b: Kommo-o\n|-damage|p2a: Ariados|0 fnt\n|-damage|p2b: Kommo-o|70\/100\n|faint|p2a: Ariados\n|move|p2b: Kommo-o|Clangorous Soul|p2b: Kommo-o\n|-boost|p2b: Kommo-o|atk|1\n|-boost|p2b: Kommo-o|def|1\n|-boost|p2b: Kommo-o|spa|1\n|-boost|p2b: Kommo-o|spd|1\n|-boost|p2b: Kommo-o|spe|1\n|-damage|p2b: Kommo-o|37\/100\n|-enditem|p2b: Kommo-o|Throat Spray\n|-boost|p2b: Kommo-o|spa|1|[from] item: Throat Spray\n|\n|upkeep\n|\n|t:|1698883547\n|switch|p2a: Clefairy|Clefairy, F|100\/100\n|-activate|p2a: Clefairy|move: Sticky Web\n|-unboost|p2a: Clefairy|spe|1\n|turn|5\n|\n|t:|1698883554\n|move|p1a: Ribombee|Pollen Puff|p1b: Cinderace\n|-heal|p1b: Cinderace|85\/100\n|move|p1b: Cinderace|Pyro Ball|p2b: Kommo-o|[miss]\n|-miss|p1b: Cinderace|p2b: Kommo-o\n|move|p2b: Kommo-o|Clangorous Soul|p2b: Kommo-o\n|-boost|p2b: Kommo-o|atk|1\n|-boost|p2b: Kommo-o|def|1\n|-boost|p2b: Kommo-o|spa|1\n|-boost|p2b: Kommo-o|spd|1\n|-boost|p2b: Kommo-o|spe|1\n|-damage|p2b: Kommo-o|4\/100\n|move|p2a: Clefairy|Heal Pulse|p2b: Kommo-o\n|-heal|p2b: Kommo-o|54\/100\n|\n|upkeep\n|turn|6\n|\n|t:|1698883576\n|move|p2a: Clefairy|Follow Me|p2a: Clefairy\n|-singleturn|p2a: Clefairy|move: Follow Me\n|move|p1a: Ribombee|Dazzling Gleam|p2b: Kommo-o|[spread] p2a,p2b\n|-resisted|p2b: Kommo-o\n|-damage|p2a: Clefairy|77\/100\n|-damage|p2b: Kommo-o|47\/100\n|move|p2b: Kommo-o|Clanging Scales|p1a: Ribombee|[spread] p1b\n|-immune|p1a: Ribombee\n|-damage|p1b: Cinderace|0 fnt\n|faint|p1b: Cinderace\n|-unboost|p2b: Kommo-o|def|1\n|\n|upkeep\n|\n|t:|1698883586\n|switch|p1b: Sableye|Sableye, F|100\/100\n|-activate|p1b: Sableye|move: Sticky Web\n|-unboost|p1b: Sableye|spe|1\n|turn|7\n|\n|t:|1698883596\n|move|p2a: Clefairy|Protect|p2a: Clefairy\n|-singleturn|p2a: Clefairy|Protect\n|move|p1b: Sableye|Fake Out|p2a: Clefairy\n|-activate|p2a: Clefairy|move: Protect\n|move|p1a: Ribombee|Dazzling Gleam|p2b: Kommo-o|[spread] p2b\n|-activate|p2a: Clefairy|move: Protect\n|-resisted|p2b: Kommo-o\n|-damage|p2b: Kommo-o|39\/100\n|move|p2b: Kommo-o|Tera Blast|p1a: Ribombee|[anim] Tera Blast Steel\n|-supereffective|p1a: Ribombee\n|-damage|p1a: Ribombee|0 fnt\n|faint|p1a: Ribombee\n|\n|upkeep\n|\n|t:|1698883609\n|switch|p1a: Haxorus|Haxorus, F|100\/100\n|-activate|p1a: Haxorus|move: Sticky Web\n|-fail|p1a: Haxorus|unboost|[from] item: Clear Amulet|[of] p1a: Haxorus\n|-ability|p1a: Haxorus|Mold Breaker\n|turn|8\n|\n|t:|1698883618\n|-terastallize|p1a: Haxorus|Steel\n|move|p1b: Sableye|Encore|p2a: Clefairy\n|-start|p2a: Clefairy|Encore\n|move|p2b: Kommo-o|Clanging Scales|p1b: Sableye|[spread] p1a,p1b\n|-resisted|p1a: Haxorus\n|-crit|p1b: Sableye\n|-damage|p1a: Haxorus|51\/100\n|-damage|p1b: Sableye|0 fnt\n|faint|p1b: Sableye\n|-unboost|p2b: Kommo-o|def|1\n|move|p1a: Haxorus|Dragon Dance|p1a: Haxorus\n|-boost|p1a: Haxorus|atk|1\n|-boost|p1a: Haxorus|spe|1\n|move|p2a: Clefairy|Protect||[still]\n|-fail|p2a: Clefairy\n|\n|upkeep\n|\n|t:|1698883626\n|switch|p1b: Scizor|Scizor, F|100\/100\n|-activate|p1b: Scizor|move: Sticky Web\n|-unboost|p1b: Scizor|spe|1\n|turn|9\n|\n|t:|1698883643\n|move|p2a: Clefairy|Protect|p2a: Clefairy\n|-singleturn|p2a: Clefairy|Protect\n|move|p2b: Kommo-o|Clanging Scales|p1a: Haxorus|[spread] p1a,p1b\n|-resisted|p1a: Haxorus\n|-crit|p1a: Haxorus\n|-resisted|p1b: Scizor\n|-damage|p1a: Haxorus|0 fnt\n|-damage|p1b: Scizor|49\/100\n|faint|p1a: Haxorus\n|-unboost|p2b: Kommo-o|def|1\n|move|p1b: Scizor|Swords Dance|p1b: Scizor\n|-boost|p1b: Scizor|atk|2\n|\n|upkeep\n|\n|t:|1698883648\n|switch|p1a: Tyranitar|Tyranitar, M|100\/100\n|-activate|p1a: Tyranitar|move: Sticky Web\n|-unboost|p1a: Tyranitar|spe|1\n|-weather|Sandstorm|[from] ability: Sand Stream|[of] p1a: Tyranitar\n|turn|10\n|\n|t:|1698883658\n|move|p2a: Clefairy|Protect||[still]\n|-fail|p2a: Clefairy\n|move|p1b: Scizor|Bullet Punch|p2b: Kommo-o\n|-resisted|p2b: Kommo-o\n|-damage|p2b: Kommo-o|2\/100\n|move|p2b: Kommo-o|Tera Blast|p1a: Tyranitar|[anim] Tera Blast Steel\n|-supereffective|p1a: Tyranitar\n|-damage|p1a: Tyranitar|9\/100\n|move|p1a: Tyranitar|Rock Slide|p2a: Clefairy|[spread] p2a,p2b\n|-resisted|p2b: Kommo-o\n|-damage|p2a: Clefairy|49\/100\n|-damage|p2b: Kommo-o|0 fnt\n|faint|p2b: Kommo-o\n|\n|-weather|Sandstorm|[upkeep]\n|-damage|p2a: Clefairy|43\/100|[from] Sandstorm\n|-heal|p1a: Tyranitar|15\/100|[from] item: Leftovers\n|-end|p2a: Clefairy|Encore\n|upkeep\n|\n|t:|1698883669\n|switch|p2b: Brute Bonnet|Brute Bonnet|100\/100\n|-activate|p2b: Brute Bonnet|move: Sticky Web\n|-unboost|p2b: Brute Bonnet|spe|1\n|turn|11\n|\n|t:|1698883679\n|move|p2a: Clefairy|Follow Me|p2a: Clefairy\n|-singleturn|p2a: Clefairy|move: Follow Me\n|move|p1b: Scizor|Bullet Punch|p2a: Clefairy\n|-supereffective|p2a: Clefairy\n|-damage|p2a: Clefairy|0 fnt\n|faint|p2a: Clefairy\n|move|p1a: Tyranitar|Dragon Dance|p1a: Tyranitar\n|-boost|p1a: Tyranitar|atk|1\n|-boost|p1a: Tyranitar|spe|1\n|move|p2b: Brute Bonnet|Spore|p1b: Scizor\n|-status|p1b: Scizor|slp|[from] move: Spore\n|\n|-weather|Sandstorm|[upkeep]\n|-damage|p2b: Brute Bonnet|94\/100|[from] Sandstorm\n|-heal|p1a: Tyranitar|22\/100|[from] item: Leftovers\n|-heal|p2b: Brute Bonnet|100\/100|[from] item: Leftovers\n|upkeep\n|\n|t:|1698883684\n|switch|p2a: Cresselia|Cresselia, F|100\/100\n|turn|12\n|\n|t:|1698883695\n|move|p2b: Brute Bonnet|Sucker Punch|p1b: Scizor\n|-damage|p1b: Scizor|19\/100 slp\n|move|p2a: Cresselia|Dazzling Gleam|p1b: Scizor|[spread] p1a,p1b\n|-supereffective|p1a: Tyranitar\n|-resisted|p1b: Scizor\n|-damage|p1a: Tyranitar|8\/100\n|-damage|p1b: Scizor|12\/100 slp\n|move|p1a: Tyranitar|Crunch|p2a: Cresselia\n|-supereffective|p2a: Cresselia\n|-damage|p2a: Cresselia|31\/100\n|-unboost|p2a: Cresselia|def|1\n|cant|p1b: Scizor|slp\n|\n|-weather|Sandstorm|[upkeep]\n|-damage|p2a: Cresselia|25\/100|[from] Sandstorm\n|-damage|p2b: Brute Bonnet|94\/100|[from] Sandstorm\n|-heal|p2a: Cresselia|31\/100|[from] item: Leftovers\n|-heal|p1a: Tyranitar|14\/100|[from] item: Leftovers\n|-heal|p2b: Brute Bonnet|100\/100|[from] item: Leftovers\n|upkeep\n|turn|13\n|\n|t:|1698883715\n|move|p2a: Cresselia|Protect|p2a: Cresselia\n|-singleturn|p2a: Cresselia|Protect\n|move|p2b: Brute Bonnet|Sucker Punch||[still]\n|-fail|p2b: Brute Bonnet\n|move|p1a: Tyranitar|Dragon Dance|p1a: Tyranitar\n|-boost|p1a: Tyranitar|atk|1\n|-boost|p1a: Tyranitar|spe|1\n|-curestatus|p1b: Scizor|slp|[msg]\n|move|p1b: Scizor|Swords Dance|p1b: Scizor\n|-boost|p1b: Scizor|atk|2\n|\n|-weather|Sandstorm|[upkeep]\n|-damage|p2a: Cresselia|25\/100|[from] Sandstorm\n|-damage|p2b: Brute Bonnet|94\/100|[from] Sandstorm\n|-heal|p1a: Tyranitar|20\/100|[from] item: Leftovers\n|-heal|p2a: Cresselia|31\/100|[from] item: Leftovers\n|-heal|p2b: Brute Bonnet|100\/100|[from] item: Leftovers\n|upkeep\n|turn|14\n|\n|t:|1698883736\n|move|p1b: Scizor|Bullet Punch|p2b: Brute Bonnet\n|-damage|p2b: Brute Bonnet|19\/100\n|move|p2b: Brute Bonnet|Sucker Punch||[still]\n|-fail|p2b: Brute Bonnet\n|move|p1a: Tyranitar|Crunch|p2a: Cresselia\n|-supereffective|p2a: Cresselia\n|-damage|p2a: Cresselia|0 fnt\n|faint|p2a: Cresselia\n|\n|-weather|none\n|-heal|p1a: Tyranitar|26\/100|[from] item: Leftovers\n|-heal|p2b: Brute Bonnet|25\/100|[from] item: Leftovers\n|upkeep\n|turn|15\n|-message|McCrickerd forfeited.\n|\n|win|Alexandre195\n|raw|Alexandre195's rating: 1098 &rarr; <strong>1118<\/strong><br \/>(+20 for winning)\n|raw|McCrickerd's rating: 1030 &rarr; <strong>1018<\/strong><br \/>(-12 for losing)\n|l|\u2606McCrickerd\n","uploadtime":1698883754,"views":17,"p1id":"alexandre195","p2id":"mccrickerd","formatid":"gen9doublesou","rating":1018,"private":0,"password":""}