{"id":"gen9doublesou-1989866074","p1":"Zwellish","p2":"kiddage456js","format":"[Gen 9] Doubles OU","log":"|j|\u2606Zwellish\n|j|\u2606kiddage456js\n|inactive|Battle timer is ON: inactive players will automatically lose when time's up.\n|t:|1699902257\n|gametype|doubles\n|player|p1|Zwellish|grimsley|\n|player|p2|kiddage456js|170|\n|teamsize|p1|6\n|teamsize|p2|6\n|gen|9\n|tier|[Gen 9] Doubles OU\n|rated|Tournament battle\n|rule|Species Clause: Limit one of each Pok\u00e9mon\n|rule|OHKO Clause: OHKO moves are banned\n|rule|Evasion Moves Clause: Evasion moves are banned\n|rule|Gravity Sleep Clause: The combination of sleep-inducing moves with imperfect accuracy and Gravity or Gigantamax Orbeetle are banned\n|rule|Endless Battle Clause: Forcing endless battles is banned\n|rule|HP Percentage Mod: HP is shown in percentages\n|clearpoke\n|poke|p1|Electrode-Hisui|\n|poke|p1|Arcanine-Hisui, M|\n|poke|p1|Sneasler, M|\n|poke|p1|Staraptor, M|\n|poke|p1|Scizor, F|\n|poke|p1|Houndstone, M|\n|poke|p2|Zoroark-Hisui, M|\n|poke|p2|Mabosstiff, F|\n|poke|p2|Gliscor, F|\n|poke|p2|Lucario, M|\n|poke|p2|Banette, F|\n|poke|p2|Florges, F|\n|teampreview\n|inactive|Zwellish also wants the timer to be on.\n|j| evyghon\n|c|\u2606Zwellish|glhf\n|j|*Lady Monita \u2746\n|c|\u2606kiddage456js|u2\n|\n|t:|1699902284\n|start\n|switch|p1a: Lemon|Sneasler, M, shiny|100\/100\n|switch|p1b: Raspberry|Staraptor, M, shiny|100\/100\n|switch|p2a: Lucario|Lucario, M|100\/100\n|switch|p2b: Mabosstiff|Mabosstiff, F|100\/100\n|turn|1\n|j| DragonPhoenix333\n|j| TJ799\n|j| BD9prince\n|l| TJ799\n|\n|t:|1699902311\n|switch|p2b: Banette|Banette, F|100\/100\n|move|p1b: Raspberry|Brave Bird|p2b: Banette\n|-damage|p2b: Banette|0 fnt\n|-start|p1b: Raspberry|Disable|Brave Bird|[from] ability: Cursed Body|[of] p2b: Banette\n|faint|p2b: Banette\n|-damage|p1b: Raspberry|65\/100|[from] Recoil\n|move|p2a: Lucario|Psychic|p1a: Lemon\n|-supereffective|p1a: Lemon\n|-damage|p1a: Lemon|0 fnt\n|faint|p1a: Lemon\n|\n|upkeep\n|\n|t:|1699902326\n|switch|p1a: Lime|Scizor, F, shiny|100\/100\n|switch|p2b: Mabosstiff|Mabosstiff, F|100\/100\n|turn|2\n|\n|t:|1699902347\n|switch|p1b: Grape|Houndstone, M|100\/100\n|switch|p2a: Gliscor|Gliscor, F|100\/100\n|move|p2b: Mabosstiff|Crunch|p1a: Lime\n|-damage|p1a: Lime|45\/100\n|-damage|p2b: Mabosstiff|84\/100|[from] item: Rocky Helmet|[of] p1a: Lime\n|move|p1a: Lime|Bug Bite|p2b: Mabosstiff\n|-supereffective|p2b: Mabosstiff\n|-damage|p2b: Mabosstiff|0 fnt\n|faint|p2b: Mabosstiff\n|\n|-status|p2a: Gliscor|tox|[from] item: Toxic Orb\n|upkeep\n|j| Yeet259\n|\n|t:|1699902368\n|switch|p2b: Lucario|Lucario, M|100\/100\n|turn|3\n|l| DragonPhoenix333\n|inactive|Zwellish has 120 seconds left.\n|\n|t:|1699902411\n|move|p1b: Grape|Last Respects|p2a: Gliscor\n|-damage|p2a: Gliscor|74\/100 tox\n|move|p2b: Lucario|Bitter Malice|p1b: Grape\n|-supereffective|p1b: Grape\n|-damage|p1b: Grape|0 fnt\n|faint|p1b: Grape\n|move|p2a: Gliscor|Swords Dance|p2a: Gliscor\n|-boost|p2a: Gliscor|atk|2\n|move|p1a: Lime|Close Combat|p2b: Lucario\n|-immune|p2b: Lucario\n|\n|-heal|p2a: Gliscor|86\/100 tox|[from] ability: Poison Heal\n|upkeep\n|\n|t:|1699902427\n|switch|p1b: Blackberry|Electrode-Hisui, shiny|100\/100\n|turn|4\n|inactive|Zwellish has 120 seconds left.\n|\n|t:|1699902438\n|move|p1a: Lime|Bullet Punch|p2b: Lucario\n|-crit|p2b: Lucario\n|-damage|p2b: Lucario|0 fnt\n|replace|p2b: Zoroark|Zoroark-Hisui, M\n|-end|p2b: Zoroark|Illusion\n|faint|p2b: Zoroark\n|move|p1b: Blackberry|Giga Drain|p2a: Gliscor\n|-damage|p2a: Gliscor|50\/100 tox\n|move|p2a: Gliscor|Facade|p1b: Blackberry\n|-damage|p1b: Blackberry|20\/100\n|\n|-heal|p1b: Blackberry|27\/100|[from] item: Leftovers\n|-heal|p2a: Gliscor|63\/100 tox|[from] ability: Poison Heal\n|upkeep\n|\n|t:|1699902448\n|switch|p2b: Lucario|Lucario, M|100\/100\n|turn|5\n|inactive|kiddage456js has 120 seconds left.\n|\n|t:|1699902486\n|move|p1b: Blackberry|Giga Drain|p2a: Gliscor\n|-damage|p2a: Gliscor|27\/100 tox\n|-heal|p1b: Blackberry|51\/100|[from] drain|[of] p2a: Gliscor\n|move|p2b: Lucario|Shadow Ball|p1a: Lime\n|-damage|p1a: Lime|7\/100\n|-damage|p2b: Lucario|91\/100|[from] item: Life Orb\n|move|p2a: Gliscor|Facade|p1b: Blackberry\n|-damage|p1b: Blackberry|0 fnt\n|faint|p1b: Blackberry\n|move|p1a: Lime|Close Combat|p2b: Lucario\n|-supereffective|p2b: Lucario\n|-damage|p2b: Lucario|0 fnt\n|-unboost|p1a: Lime|def|1\n|-unboost|p1a: Lime|spd|1\n|faint|p2b: Lucario\n|\n|-heal|p2a: Gliscor|39\/100 tox|[from] ability: Poison Heal\n|upkeep\n|\n|t:|1699902499\n|switch|p1b: Raspberry|Staraptor, M, shiny|65\/100\n|switch|p2b: Florges|Florges, F|100\/100\n|turn|6\n|j| ElPendrive\n|\n|t:|1699902514\n|-terastallize|p1a: Lime|Steel\n|move|p2a: Gliscor|Protect|p2a: Gliscor\n|-singleturn|p2a: Gliscor|Protect\n|move|p1a: Lime|Bullet Punch|p2b: Florges\n|-supereffective|p2b: Florges\n|-damage|p2b: Florges|0 fnt\n|faint|p2b: Florges\n|move|p1b: Raspberry|Brave Bird|p2a: Gliscor\n|-activate|p2a: Gliscor|move: Protect\n|\n|-heal|p2a: Gliscor|52\/100 tox|[from] ability: Poison Heal\n|upkeep\n|turn|7\n|j| Blonking\n|l| Blonking\n|l| ElPendrive\n|\n|t:|1699902535\n|move|p1a: Lime|Bullet Punch|p2a: Gliscor\n|-damage|p2a: Gliscor|25\/100 tox\n|move|p1b: Raspberry|Brave Bird|p2a: Gliscor\n|-damage|p2a: Gliscor|0 fnt\n|faint|p2a: Gliscor\n|-damage|p1b: Raspberry|56\/100|[from] Recoil\n|\n|win|Zwellish\n|n|\u2606Zwellish|zwellish\n|n|\u2606kiddage456js|kiddage456js\n|n| evyghon|evyghon\n|n|*Lady Monita \u2746|ladymonita\n|n| BD9prince|bd9prince\n|n| Yeet259|yeet259\n","uploadtime":1699902537,"views":6,"p1id":"zwellish","p2id":"kiddage456js","formatid":"gen9doublesou","rating":0,"private":0,"password":""}