{"id":"gen9doublesou-1977070598","p1":"Tebix1","p2":"SummerSoda_34","format":"[Gen 9] Doubles OU","log":"|j|\u2606Tebix1\n|j|\u2606SummerSoda_34\n|t:|1698368235\n|gametype|doubles\n|player|p1|Tebix1|will|\n|player|p2|SummerSoda_34|policeman|\n|teamsize|p1|6\n|teamsize|p2|6\n|gen|9\n|tier|[Gen 9] Doubles OU\n|rule|Species Clause: Limit one of each Pok\u00e9mon\n|rule|OHKO Clause: OHKO moves are banned\n|rule|Evasion Moves Clause: Evasion moves are banned\n|rule|Gravity Sleep Clause: The combination of sleep-inducing moves with imperfect accuracy and Gravity or Gigantamax Orbeetle are banned\n|rule|Endless Battle Clause: Forcing endless battles is banned\n|rule|HP Percentage Mod: HP is shown in percentages\n|clearpoke\n|poke|p1|Hatterene, F|\n|poke|p1|Iron Bundle|\n|poke|p1|Pelipper, F|\n|poke|p1|Chandelure, M|\n|poke|p1|Conkeldurr, M|\n|poke|p1|Blissey, F|\n|poke|p2|Chien-Pao|\n|poke|p2|Pelipper, F|\n|poke|p2|Barraskewda, M|\n|poke|p2|Shiftry, M|\n|poke|p2|Infernape, F|\n|poke|p2|Clefable, F|\n|teampreview\n|inactive|Battle timer is ON: inactive players will automatically lose when time's up. (requested by SummerSoda_34)\n|inactive|Tebix1 has 270 seconds left.\n|\n|t:|1698368280\n|start\n|switch|p1a: Pelipper|Pelipper, F|100\/100\n|switch|p1b: Hatterene|Hatterene, F|100\/100\n|switch|p2a: Pelipper|Pelipper, F|100\/100\n|switch|p2b: Barraskewda|Barraskewda, M|100\/100\n|-weather|RainDance|[from] ability: Drizzle|[of] p2a: Pelipper\n|turn|1\n|\n|t:|1698368298\n|move|p2b: Barraskewda|Waterfall|p1b: Hatterene\n|-damage|p1b: Hatterene|10\/100\n|move|p2a: Pelipper|Tailwind|p2a: Pelipper\n|-sidestart|p2: SummerSoda_34|move: Tailwind\n|move|p1a: Pelipper|Tailwind|p1a: Pelipper\n|-sidestart|p1: Tebix1|move: Tailwind\n|move|p1b: Hatterene|Calm Mind|p1b: Hatterene\n|-boost|p1b: Hatterene|spa|1\n|-boost|p1b: Hatterene|spd|1\n|\n|-weather|RainDance|[upkeep]\n|-heal|p1b: Hatterene|15\/100|[from] item: Leftovers\n|upkeep\n|turn|2\n|inactive|Tebix1 has 270 seconds left.\n|\n|t:|1698368329\n|switch|p1b: Blissey|Blissey, F|100\/100\n|move|p2b: Barraskewda|Waterfall|p1b: Blissey\n|-damage|p1b: Blissey|0 fnt\n|faint|p1b: Blissey\n|move|p2a: Pelipper|U-turn|p1a: Pelipper\n|-resisted|p1a: Pelipper\n|-damage|p1a: Pelipper|96\/100\n|\n|t:|1698368338\n|switch|p2a: Shiftry|Shiftry, M|100\/100|[from] U-turn\n|-ability|p2a: Shiftry|Wind Rider|boost\n|-boost|p2a: Shiftry|atk|1\n|move|p1a: Pelipper|Air Slash|p2b: Barraskewda\n|-damage|p2b: Barraskewda|24\/100\n|\n|-weather|RainDance|[upkeep]\n|upkeep\n|inactive|Tebix1 has 270 seconds left.\n|\n|t:|1698368349\n|switch|p1b: Iron Bundle|Iron Bundle|100\/100\n|turn|3\n|\n|t:|1698368369\n|move|p2b: Barraskewda|Waterfall|p1a: Pelipper\n|-resisted|p1a: Pelipper\n|-damage|p1a: Pelipper|62\/100\n|move|p1b: Iron Bundle|Ice Beam|p2a: Shiftry\n|-supereffective|p2a: Shiftry\n|-damage|p2a: Shiftry|0 fnt\n|faint|p2a: Shiftry\n|move|p1a: Pelipper|Growl|p2b: Barraskewda\n|-unboost|p2b: Barraskewda|atk|1\n|\n|-weather|RainDance|[upkeep]\n|-status|p1b: Iron Bundle|brn|[from] item: Flame Orb\n|upkeep\n|\n|t:|1698368384\n|switch|p2a: Clefable|Clefable, F|100\/100\n|turn|4\n|\n|t:|1698368409\n|move|p2b: Barraskewda|Waterfall|p1b: Iron Bundle\n|-resisted|p1b: Iron Bundle\n|-damage|p1b: Iron Bundle|74\/100 brn\n|move|p1b: Iron Bundle|Facade|p2a: Clefable\n|-damage|p2a: Clefable|67\/100\n|move|p1a: Pelipper|Air Slash|p2b: Barraskewda\n|-damage|p2b: Barraskewda|0 fnt\n|faint|p2b: Barraskewda\n|move|p2a: Clefable|Encore|p1a: Pelipper\n|-start|p1a: Pelipper|Encore\n|\n|-weather|RainDance|[upkeep]\n|-heal|p2a: Clefable|73\/100|[from] item: Leftovers\n|-damage|p1b: Iron Bundle|68\/100 brn|[from] brn\n|-sideend|p2: SummerSoda_34|move: Tailwind\n|-sideend|p1: Tebix1|move: Tailwind\n|upkeep\n|\n|t:|1698368422\n|switch|p2b: Chien-Pao|Chien-Pao|100\/100\n|-ability|p2b: Chien-Pao|Sword of Ruin\n|turn|5\n|inactive|SummerSoda_34 has 270 seconds left.\n|\n|t:|1698368455\n|move|p2b: Chien-Pao|Ice Shard|p1b: Iron Bundle\n|-resisted|p1b: Iron Bundle\n|-damage|p1b: Iron Bundle|58\/100 brn\n|-damage|p2b: Chien-Pao|91\/100|[from] item: Life Orb\n|move|p1b: Iron Bundle|Air Cutter|p2b: Chien-Pao|[spread] p2a,p2b\n|-damage|p2a: Clefable|59\/100\n|-damage|p2b: Chien-Pao|68\/100\n|move|p1a: Pelipper|Air Slash|p2a: Clefable\n|-damage|p2a: Clefable|30\/100\n|move|p2a: Clefable|Psyshock|p1a: Pelipper\n|-damage|p1a: Pelipper|33\/100\n|\n|-weather|none\n|-heal|p2a: Clefable|36\/100|[from] item: Leftovers\n|-damage|p1b: Iron Bundle|52\/100 brn|[from] brn\n|upkeep\n|turn|6\n|inactive|SummerSoda_34 has 270 seconds left.\n|\n|t:|1698368490\n|switch|p1a: Chandelure|Chandelure, M|100\/100\n|move|p1b: Iron Bundle|Ice Beam|p2a: Clefable\n|-damage|p2a: Clefable|0 fnt\n|faint|p2a: Clefable\n|move|p2b: Chien-Pao|Ruination|p1b: Iron Bundle\n|-damage|p1b: Iron Bundle|26\/100 brn\n|-damage|p2b: Chien-Pao|58\/100|[from] item: Life Orb\n|\n|-damage|p1b: Iron Bundle|20\/100 brn|[from] brn\n|upkeep\n|\n|t:|1698368501\n|switch|p2a: Infernape|Infernape, F|100\/100\n|turn|7\n|inactive|SummerSoda_34 has 270 seconds left.\n|inactive|Tebix1 has 270 seconds left.\n|\n|t:|1698368543\n|-terastallize|p2b: Chien-Pao|Dark\n|move|p1b: Iron Bundle|Air Cutter|p2a: Infernape|[spread] p2a,p2b\n|-supereffective|p2a: Infernape\n|-damage|p2a: Infernape|53\/100\n|-damage|p2b: Chien-Pao|33\/100\n|move|p2b: Chien-Pao|Recover|p2b: Chien-Pao\n|-heal|p2b: Chien-Pao|83\/100\n|move|p2a: Infernape|Knock Off|p1a: Chandelure\n|-supereffective|p1a: Chandelure\n|-crit|p1a: Chandelure\n|-damage|p1a: Chandelure|0 fnt\n|-enditem|p1a: Chandelure|Sitrus Berry|[from] move: Knock Off|[of] p2a: Infernape\n|faint|p1a: Chandelure\n|\n|-damage|p1b: Iron Bundle|14\/100 brn|[from] brn\n|upkeep\n|\n|t:|1698368558\n|switch|p1a: Pelipper|Pelipper, F|33\/100\n|-weather|RainDance|[from] ability: Drizzle|[of] p1a: Pelipper\n|turn|8\n|\n|t:|1698368581\n|move|p1b: Iron Bundle|Air Cutter|p2b: Chien-Pao|[spread] p2a,p2b\n|-supereffective|p2a: Infernape\n|-damage|p2a: Infernape|5\/100\n|-damage|p2b: Chien-Pao|58\/100\n|move|p2b: Chien-Pao|Facade|p1b: Iron Bundle\n|-damage|p1b: Iron Bundle|0 fnt\n|faint|p1b: Iron Bundle\n|-end|p1b: Iron Bundle|Quark Drive|[silent]\n|-damage|p2b: Chien-Pao|48\/100|[from] item: Life Orb\n|move|p2a: Infernape|Knock Off|p1a: Pelipper\n|-damage|p1a: Pelipper|0 fnt\n|-enditem|p1a: Pelipper|Focus Sash|[from] move: Knock Off|[of] p2a: Infernape\n|faint|p1a: Pelipper\n|\n|-weather|RainDance|[upkeep]\n|upkeep\n|inactive|Tebix1 has 270 seconds left.\n|\n|t:|1698368596\n|switch|p1b: Conkeldurr|Conkeldurr, M|100\/100\n|switch|p1a: Hatterene|Hatterene, F|15\/100\n|turn|9\n|\n|t:|1698368621\n|move|p2b: Chien-Pao|Recover|p2b: Chien-Pao\n|-heal|p2b: Chien-Pao|98\/100\n|move|p2a: Infernape|Earthquake|p1b: Conkeldurr|[spread] p2b,p1a,p1b\n|-crit|p1b: Conkeldurr\n|-damage|p2b: Chien-Pao|68\/100\n|-damage|p1a: Hatterene|0 fnt\n|-damage|p1b: Conkeldurr|67\/100\n|faint|p1a: Hatterene\n|move|p1b: Conkeldurr|Bulk Up|p1b: Conkeldurr\n|-boost|p1b: Conkeldurr|atk|1\n|-boost|p1b: Conkeldurr|def|1\n|\n|-weather|RainDance|[upkeep]\n|upkeep\n|turn|10\n|\n|t:|1698368636\n|move|p2b: Chien-Pao|Ruination|p1b: Conkeldurr\n|-damage|p1b: Conkeldurr|34\/100\n|-damage|p2b: Chien-Pao|58\/100|[from] item: Life Orb\n|move|p2a: Infernape|Gunk Shot|p1b: Conkeldurr\n|-damage|p1b: Conkeldurr|7\/100\n|move|p1b: Conkeldurr|Rock Slide|p2a: Infernape|[spread] p2a,p2b\n|-damage|p2a: Infernape|0 fnt\n|-damage|p2b: Chien-Pao|6\/100\n|faint|p2a: Infernape\n|\n|-weather|RainDance|[upkeep]\n|upkeep\n|\n|t:|1698368647\n|switch|p2a: Pelipper|Pelipper, F|100\/100\n|turn|11\n|\n|t:|1698368652\n|-terastallize|p1b: Conkeldurr|Fighting\n|move|p2b: Chien-Pao|Recover|p2b: Chien-Pao\n|-heal|p2b: Chien-Pao|56\/100\n|move|p2a: Pelipper|U-turn|p1b: Conkeldurr\n|-resisted|p1b: Conkeldurr\n|-damage|p1b: Conkeldurr|4\/100\n|move|p1b: Conkeldurr|Rock Slide|p2b: Chien-Pao|[spread] p2a,p2b\n|-supereffective|p2a: Pelipper\n|-enditem|p2a: Pelipper|Focus Sash\n|-damage|p2a: Pelipper|1\/100\n|-damage|p2b: Chien-Pao|3\/100\n|\n|-weather|RainDance|[upkeep]\n|upkeep\n|turn|12\n|\n|t:|1698368673\n|move|p2b: Chien-Pao|Ice Shard|p1b: Conkeldurr\n|-damage|p1b: Conkeldurr|0 fnt\n|faint|p1b: Conkeldurr\n|-damage|p2b: Chien-Pao|0 fnt|[from] item: Life Orb\n|faint|p2b: Chien-Pao\n|\n|win|SummerSoda_34\n|l|\u2606Tebix1\n","uploadtime":1698368685,"views":12,"p1id":"tebix1","p2id":"summersoda34","formatid":"gen9doublesou","rating":0,"private":0,"password":""}