{"id":"gen9doublesou-1977512063","p1":"Stewart Sweep2","p2":"Makarfran","format":"[Gen 9] Doubles OU","log":"|j|\u2606Stewart Sweep2\n|j|\u2606Makarfran\n|t:|1698423351\n|gametype|doubles\n|player|p1|Stewart Sweep2|266|1107\n|player|p2|Makarfran|collector|1167\n|teamsize|p1|6\n|teamsize|p2|6\n|gen|9\n|tier|[Gen 9] Doubles OU\n|rated|\n|rule|Species Clause: Limit one of each Pok\u00e9mon\n|rule|OHKO Clause: OHKO moves are banned\n|rule|Evasion Moves Clause: Evasion moves are banned\n|rule|Gravity Sleep Clause: The combination of sleep-inducing moves with imperfect accuracy and Gravity or Gigantamax Orbeetle are banned\n|rule|Endless Battle Clause: Forcing endless battles is banned\n|rule|HP Percentage Mod: HP is shown in percentages\n|clearpoke\n|poke|p1|Cresselia, F|\n|poke|p1|Clefable, M|\n|poke|p1|Overqwil, F|\n|poke|p1|Sinistcha|\n|poke|p1|Iron Hands|\n|poke|p1|Rabsca, M|\n|poke|p2|Oricorio-Sensu, M|\n|poke|p2|Volcarona, M|\n|poke|p2|Flamigo, M|\n|poke|p2|Grimmsnarl, M|\n|poke|p2|Amoonguss, M|\n|poke|p2|Dragonite, M|\n|teampreview\n|\n|t:|1698423366\n|start\n|switch|p1a: Cresselia|Cresselia, F|100\/100\n|switch|p1b: Clefable|Clefable, M|100\/100\n|switch|p2a: Oricorio|Oricorio-Sensu, M|100\/100\n|switch|p2b: Volcarona|Volcarona, M|100\/100\n|turn|1\n|\n|t:|1698423382\n|move|p1b: Clefable|Follow Me|p1b: Clefable\n|-singleturn|p1b: Clefable|move: Follow Me\n|move|p2b: Volcarona|Quiver Dance|p2b: Volcarona\n|-boost|p2b: Volcarona|spa|1\n|-boost|p2b: Volcarona|spd|1\n|-boost|p2b: Volcarona|spe|1\n|-activate|p2a: Oricorio|ability: Dancer\n|move|p2a: Oricorio|Quiver Dance|p2a: Oricorio|[from]ability: Dancer\n|-boost|p2a: Oricorio|spa|1\n|-boost|p2a: Oricorio|spd|1\n|-boost|p2a: Oricorio|spe|1\n|move|p2a: Oricorio|Revelation Dance|p1b: Clefable\n|-damage|p1b: Clefable|71\/100\n|move|p1a: Cresselia|Trick Room|p1a: Cresselia\n|-fieldstart|move: Trick Room|[of] p1a: Cresselia\n|\n|upkeep\n|turn|2\n|\n|t:|1698423412\n|move|p1b: Clefable|Fling|p1a: Cresselia\n|-supereffective|p1a: Cresselia\n|-damage|p1a: Cresselia|98\/100\n|-boost|p1a: Cresselia|def|1|[from] item: Ganlon Berry\n|-enditem|p1a: Cresselia|Weakness Policy\n|-boost|p1a: Cresselia|atk|2|[from] item: Weakness Policy\n|-boost|p1a: Cresselia|spa|2|[from] item: Weakness Policy\n|-enditem|p1b: Clefable|Ganlon Berry|[from] move: Fling\n|move|p1a: Cresselia|Calm Mind|p1a: Cresselia\n|-boost|p1a: Cresselia|spa|1\n|-boost|p1a: Cresselia|spd|1\n|move|p2a: Oricorio|Revelation Dance|p1a: Cresselia\n|-supereffective|p1a: Cresselia\n|-damage|p1a: Cresselia|41\/100\n|move|p2b: Volcarona|Fiery Dance|p1b: Clefable\n|-damage|p1b: Clefable|28\/100\n|-boost|p2b: Volcarona|spa|1\n|-damage|p2b: Volcarona|91\/100|[from] item: Life Orb\n|-activate|p2a: Oricorio|ability: Dancer\n|move|p2a: Oricorio|Fiery Dance|p1b: Clefable|[from]ability: Dancer\n|-damage|p1b: Clefable|12\/100\n|-boost|p2a: Oricorio|spa|1\n|\n|upkeep\n|turn|3\n|\n|t:|1698423451\n|move|p1b: Clefable|Heal Pulse|p1a: Cresselia\n|-heal|p1a: Cresselia|91\/100\n|move|p1a: Cresselia|Stored Power|p2a: Oricorio\n|-damage|p2a: Oricorio|0 fnt\n|faint|p2a: Oricorio\n|move|p2b: Volcarona|Fiery Dance|p1b: Clefable\n|-damage|p1b: Clefable|0 fnt\n|-boost|p2b: Volcarona|spa|1\n|faint|p1b: Clefable\n|-damage|p2b: Volcarona|81\/100|[from] item: Life Orb\n|\n|upkeep\n|\n|t:|1698423468\n|switch|p1b: Iron Hands|Iron Hands|100\/100\n|switch|p2a: Grimmsnarl|Grimmsnarl, M|100\/100\n|-enditem|p1b: Iron Hands|Booster Energy\n|-activate|p1b: Iron Hands|ability: Quark Drive|[fromitem]\n|-start|p1b: Iron Hands|quarkdriveatk\n|turn|4\n|\n|t:|1698423488\n|move|p1b: Iron Hands|Fake Out|p2a: Grimmsnarl\n|-damage|p2a: Grimmsnarl|76\/100\n|cant|p2a: Grimmsnarl|flinch\n|move|p1a: Cresselia|Stored Power|p2b: Volcarona\n|-damage|p2b: Volcarona|0 fnt\n|faint|p2b: Volcarona\n|\n|upkeep\n|\n|t:|1698423503\n|switch|p2b: Dragonite|Dragonite, M|100\/100\n|turn|5\n|inactive|Battle timer is ON: inactive players will automatically lose when time's up. (requested by Stewart Sweep2)\n|\n|t:|1698423537\n|-terastallize|p1a: Cresselia|Fairy\n|-terastallize|p2b: Dragonite|Normal\n|move|p2b: Dragonite|Extreme Speed|p1a: Cresselia\n|-crit|p1a: Cresselia\n|-damage|p1a: Cresselia|46\/100\n|move|p2a: Grimmsnarl|Parting Shot|p1a: Cresselia\n|-unboost|p1a: Cresselia|atk|1\n|-unboost|p1a: Cresselia|spa|1\n|\n|t:|1698423550\n|switch|p2a: Flamigo|Flamigo, M|100\/100|[from] Parting Shot\n|-copyboost|p2a: Flamigo|p2b: Dragonite|[from] ability: Costar\n|move|p1b: Iron Hands|Drain Punch|p2a: Flamigo\n|-resisted|p2a: Flamigo\n|-damage|p2a: Flamigo|56\/100\n|move|p1a: Cresselia|Stored Power|p2b: Dragonite\n|-damage|p2b: Dragonite|69\/100\n|\n|-heal|p2a: Flamigo|62\/100|[from] item: Leftovers\n|-fieldend|move: Trick Room\n|upkeep\n|turn|6\n|\n|t:|1698423565\n|move|p1a: Cresselia|Protect|p1a: Cresselia\n|-singleturn|p1a: Cresselia|Protect\n|move|p2b: Dragonite|Extreme Speed|p1a: Cresselia\n|-activate|p1a: Cresselia|move: Protect\n|move|p2a: Flamigo|Dual Wingbeat|p1b: Iron Hands\n|-damage|p1b: Iron Hands|89\/100\n|-damage|p1b: Iron Hands|77\/100\n|-hitcount|p1b: Iron Hands|2\n|move|p1b: Iron Hands|Drain Punch|p2b: Dragonite\n|-supereffective|p2b: Dragonite\n|-damage|p2b: Dragonite|0 fnt\n|-heal|p1b: Iron Hands|99\/100|[from] drain|[of] p2b: Dragonite\n|faint|p2b: Dragonite\n|\n|-heal|p2a: Flamigo|68\/100|[from] item: Leftovers\n|upkeep\n|inactive|Makarfran has 120 seconds left.\n|\n|t:|1698423593\n|switch|p2b: Grimmsnarl|Grimmsnarl, M|76\/100\n|turn|7\n|\n|t:|1698423614\n|switch|p1a: Overqwil|Overqwil, F|100\/100\n|-ability|p1a: Overqwil|Intimidate|boost\n|-unboost|p2a: Flamigo|atk|1\n|-unboost|p2b: Grimmsnarl|atk|1\n|move|p2a: Flamigo|Swords Dance|p2a: Flamigo\n|-boost|p2a: Flamigo|atk|2\n|move|p2b: Grimmsnarl|Dark Pulse|p1a: Overqwil\n|-resisted|p1a: Overqwil\n|-damage|p1a: Overqwil|83\/100\n|move|p1b: Iron Hands|Drain Punch|p2b: Grimmsnarl\n|-damage|p2b: Grimmsnarl|0 fnt\n|-heal|p1b: Iron Hands|100\/100|[from] drain|[of] p2b: Grimmsnarl\n|faint|p2b: Grimmsnarl\n|\n|-heal|p2a: Flamigo|74\/100|[from] item: Leftovers\n|-heal|p1a: Overqwil|89\/100|[from] item: Leftovers\n|upkeep\n|\n|t:|1698423618\n|switch|p2b: Amoonguss|Amoonguss, M|100\/100\n|turn|8\n|\n|t:|1698423647\n|-end|p1b: Iron Hands|Quark Drive|[silent]\n|switch|p1b: Sinistcha|Sinistcha|100\/100\n|-heal|p1a: Overqwil|100\/100|[from] ability: Hospitality|[of] p1b: Sinistcha\n|move|p2b: Amoonguss|Rage Powder|p2b: Amoonguss\n|-singleturn|p2b: Amoonguss|move: Rage Powder\n|move|p2a: Flamigo|Swords Dance|p2a: Flamigo\n|-boost|p2a: Flamigo|atk|2\n|move|p1a: Overqwil|Toxic|p2b: Amoonguss\n|-immune|p2b: Amoonguss\n|\n|-heal|p2a: Flamigo|80\/100|[from] item: Leftovers\n|upkeep\n|turn|9\n|\n|t:|1698423676\n|switch|p1a: Iron Hands|Iron Hands|100\/100\n|move|p1b: Sinistcha|Rage Powder|p1b: Sinistcha\n|-singleturn|p1b: Sinistcha|move: Rage Powder\n|move|p2a: Flamigo|Dual Wingbeat|p1b: Sinistcha\n|-supereffective|p1b: Sinistcha\n|-damage|p1b: Sinistcha|39\/100\n|-supereffective|p1b: Sinistcha\n|-damage|p1b: Sinistcha|0 fnt\n|faint|p1b: Sinistcha\n|-hitcount|p1: Sinistcha|2\n|move|p2b: Amoonguss|Spore|p1a: Iron Hands\n|-status|p1a: Iron Hands|slp|[from] move: Spore\n|\n|-heal|p2a: Flamigo|87\/100|[from] item: Leftovers\n|upkeep\n|inactive|Stewart Sweep2 has 120 seconds left.\n|\n|t:|1698423688\n|switch|p1b: Rabsca|Rabsca, M|100\/100\n|turn|10\n|\n|t:|1698423706\n|cant|p1a: Iron Hands|slp\n|move|p2a: Flamigo|Dual Wingbeat|p1b: Rabsca\n|-supereffective|p1b: Rabsca\n|-damage|p1b: Rabsca|0 fnt\n|faint|p1b: Rabsca\n|-hitcount|p1: Rabsca|1\n|move|p2b: Amoonguss|Pollen Puff|p1a: Iron Hands\n|-resisted|p1a: Iron Hands\n|-damage|p1a: Iron Hands|93\/100 slp\n|\n|-heal|p2a: Flamigo|93\/100|[from] item: Leftovers\n|upkeep\n|\n|t:|1698423711\n|switch|p1b: Overqwil|Overqwil, F|100\/100\n|-ability|p1b: Overqwil|Intimidate|boost\n|-unboost|p2a: Flamigo|atk|1\n|-unboost|p2b: Amoonguss|atk|1\n|turn|11\n|\n|t:|1698423727\n|move|p2b: Amoonguss|Rage Powder|p2b: Amoonguss\n|-singleturn|p2b: Amoonguss|move: Rage Powder\n|move|p2a: Flamigo|Dual Wingbeat|p1a: Iron Hands\n|-damage|p1a: Iron Hands|69\/100 slp\n|-damage|p1a: Iron Hands|47\/100 slp\n|-hitcount|p1a: Iron Hands|2\n|move|p1b: Overqwil|Acid Spray|p2b: Amoonguss\n|-damage|p2b: Amoonguss|94\/100\n|-unboost|p2b: Amoonguss|spd|2\n|cant|p1a: Iron Hands|slp\n|\n|-heal|p2a: Flamigo|99\/100|[from] item: Leftovers\n|-heal|p2b: Amoonguss|100\/100|[from] item: Leftovers\n|upkeep\n|turn|12\n|inactive|Makarfran has 120 seconds left.\n|\n|t:|1698423759\n|switch|p1b: Cresselia|Cresselia, F, tera:Fairy|46\/100\n|cant|p1a: Iron Hands|slp\n|move|p2b: Amoonguss|Rage Powder|p2b: Amoonguss\n|-singleturn|p2b: Amoonguss|move: Rage Powder\n|move|p2a: Flamigo|Dual Wingbeat|p1a: Iron Hands\n|-damage|p1a: Iron Hands|22\/100 slp\n|-damage|p1a: Iron Hands|0 fnt\n|faint|p1a: Iron Hands\n|-end|p1a: Iron Hands|Quark Drive|[silent]\n|-hitcount|p1: Iron Hands|2\n|\n|-heal|p2a: Flamigo|100\/100|[from] item: Leftovers\n|upkeep\n|-message|Stewart Sweep2 forfeited.\n|\n|win|Makarfran\n|raw|Stewart Sweep2's rating: 1107 &rarr; <strong>1086<\/strong><br \/>(-21 for losing)\n|raw|Makarfran's rating: 1167 &rarr; <strong>1188<\/strong><br \/>(+21 for winning)\n|l|\u2606Stewart Sweep2\n","uploadtime":1698423775,"views":23,"p1id":"stewartsweep2","p2id":"makarfran","formatid":"gen9doublesou","rating":1086,"private":0,"password":""}