{"id":"gen9doublesou-1990871917","p1":"Cyronyx","p2":"notausername69","format":"[Gen 9] Doubles OU","log":"|j|\u2606Cyronyx\n|j|\u2606notausername69\n|t:|1700009820\n|gametype|doubles\n|player|p1|Cyronyx|hilbert|1263\n|player|p2|notausername69|hugh|1186\n|teamsize|p1|6\n|teamsize|p2|6\n|gen|9\n|tier|[Gen 9] Doubles OU\n|rated|\n|rule|Species Clause: Limit one of each Pok\u00e9mon\n|rule|OHKO Clause: OHKO moves are banned\n|rule|Evasion Moves Clause: Evasion moves are banned\n|rule|Gravity Sleep Clause: The combination of sleep-inducing moves with imperfect accuracy and Gravity or Gigantamax Orbeetle are banned\n|rule|Endless Battle Clause: Forcing endless battles is banned\n|rule|HP Percentage Mod: HP is shown in percentages\n|clearpoke\n|poke|p1|Zapdos|\n|poke|p1|Garganacl, M|\n|poke|p1|Goodra-Hisui, F|\n|poke|p1|Chandelure, F|\n|poke|p1|Kingambit, M|\n|poke|p1|Iron Jugulis|\n|poke|p2|Tinkaton, F|\n|poke|p2|Baxcalibur, F|\n|poke|p2|Rillaboom, M|\n|poke|p2|Gyarados, M|\n|poke|p2|Torkoal, F|\n|poke|p2|Great Tusk|\n|teampreview\n|\n|t:|1700009831\n|start\n|switch|p1a: Iron Jugulis|Iron Jugulis, shiny|100\/100\n|switch|p1b: Zapdos|Zapdos|100\/100\n|switch|p2a: Kirby|Tinkaton, F|100\/100\n|switch|p2b: Raphael|Torkoal, F|100\/100\n|-weather|SunnyDay|[from] ability: Drought|[of] p2b: Raphael\n|-enditem|p1a: Iron Jugulis|Booster Energy\n|-activate|p1a: Iron Jugulis|ability: Quark Drive|[fromitem]\n|-start|p1a: Iron Jugulis|quarkdrivespe\n|turn|1\n|\n|t:|1700009855\n|move|p2a: Kirby|Fake Out|p1b: Zapdos\n|-damage|p1b: Zapdos|91\/100\n|-damage|p2a: Kirby|84\/100|[from] item: Rocky Helmet|[of] p1b: Zapdos\n|-status|p2a: Kirby|par|[from] ability: Static|[of] p1b: Zapdos\n|move|p1a: Iron Jugulis|Hurricane|p2b: Raphael\n|-damage|p2b: Raphael|29\/100\n|cant|p1b: Zapdos|flinch\n|move|p2b: Raphael|Yawn|p1b: Zapdos\n|-start|p1b: Zapdos|move: Yawn|[of] p2b: Raphael\n|\n|-weather|SunnyDay|[upkeep]\n|-heal|p2a: Kirby|90\/100 par|[from] item: Leftovers\n|-heal|p2b: Raphael|35\/100|[from] item: Leftovers\n|upkeep\n|turn|2\n|\n|t:|1700009876\n|move|p2b: Raphael|Protect|p2b: Raphael\n|-singleturn|p2b: Raphael|Protect\n|move|p1a: Iron Jugulis|Earth Power|p2b: Raphael\n|-activate|p2b: Raphael|move: Protect\n|move|p1b: Zapdos|Tailwind|p1b: Zapdos\n|-sidestart|p1: Cyronyx|move: Tailwind\n|move|p2a: Kirby|Play Rough|p1a: Iron Jugulis\n|-supereffective|p1a: Iron Jugulis\n|-damage|p1a: Iron Jugulis|26\/100\n|\n|-weather|SunnyDay|[upkeep]\n|-heal|p2a: Kirby|96\/100 par|[from] item: Leftovers\n|-heal|p2b: Raphael|42\/100|[from] item: Leftovers\n|-end|p1b: Zapdos|move: Yawn|[silent]\n|-status|p1b: Zapdos|slp\n|upkeep\n|turn|3\n|inactive|Battle timer is ON: inactive players will automatically lose when time's up. (requested by notausername69)\n|\n|t:|1700009917\n|switch|p2b: Gayre|Gyarados, M, shiny|100\/100\n|-ability|p2b: Gayre|Intimidate|boost\n|-unboost|p1a: Iron Jugulis|atk|1\n|-unboost|p1b: Zapdos|atk|1\n|move|p2a: Kirby|Protect|p2a: Kirby\n|-singleturn|p2a: Kirby|Protect\n|move|p1a: Iron Jugulis|Earth Power|p2b: Gayre\n|-immune|p2b: Gayre\n|cant|p1b: Zapdos|slp\n|\n|-weather|SunnyDay|[upkeep]\n|-heal|p2a: Kirby|100\/100 par|[from] item: Leftovers\n|upkeep\n|turn|4\n|\n|t:|1700009946\n|switch|p2a: Chief keef|Rillaboom, M, shiny|100\/100\n|-fieldstart|move: Grassy Terrain|[from] ability: Grassy Surge|[of] p2a: Chief keef\n|move|p1a: Iron Jugulis|Earth Power|p2a: Chief keef\n|-resisted|p2a: Chief keef\n|-damage|p2a: Chief keef|83\/100\n|-unboost|p2a: Chief keef|spd|1\n|cant|p1b: Zapdos|slp\n|move|p2b: Gayre|Dragon Dance|p2b: Gayre\n|-boost|p2b: Gayre|atk|1\n|-boost|p2b: Gayre|spe|1\n|\n|-weather|SunnyDay|[upkeep]\n|-heal|p2a: Chief keef|89\/100|[from] Grassy Terrain\n|upkeep\n|turn|5\n|inactive|Cyronyx has 120 seconds left.\n|inactive|notausername69 has 120 seconds left.\n|\n|t:|1700010002\n|move|p1a: Iron Jugulis|Hurricane|p2a: Chief keef\n|-supereffective|p2a: Chief keef\n|-damage|p2a: Chief keef|0 fnt\n|faint|p2a: Chief keef\n|cant|p1b: Zapdos|slp\n|move|p2b: Gayre|Ice Fang|p1b: Zapdos\n|-supereffective|p1b: Zapdos\n|-damage|p1b: Zapdos|22\/100 slp\n|-damage|p2b: Gayre|84\/100|[from] item: Rocky Helmet|[of] p1b: Zapdos\n|\n|-weather|none\n|-sideend|p1: Cyronyx|move: Tailwind\n|upkeep\n|inactive|notausername69 has 120 seconds left.\n|\n|t:|1700010015\n|switch|p2a: Kirby|Tinkaton, F|100\/100 par\n|turn|6\n|inactive|Cyronyx has 120 seconds left.\n|\n|t:|1700010032\n|move|p2a: Kirby|Fake Out|p1a: Iron Jugulis\n|-damage|p1a: Iron Jugulis|15\/100\n|cant|p1a: Iron Jugulis|flinch\n|move|p2b: Gayre|Ice Fang|p1b: Zapdos\n|-supereffective|p1b: Zapdos\n|-damage|p1b: Zapdos|0 fnt\n|-damage|p2b: Gayre|67\/100|[from] item: Rocky Helmet|[of] p1b: Zapdos\n|-status|p2b: Gayre|par|[from] ability: Static|[of] p1b: Zapdos\n|faint|p1b: Zapdos\n|\n|upkeep\n|\n|t:|1700010043\n|switch|p1b: Garganacl|Garganacl, M, shiny|100\/100\n|turn|7\n|c|\u2606Cyronyx|Mbecile.\n|inactive|Cyronyx has 120 seconds left.\n|c|\u2606notausername69|como?\n|c|\u2606notausername69|and speak english\n|c|\u2606Cyronyx|Ohhh\n|c|\u2606Cyronyx|Imbecil\n|inactive|notausername69 has 120 seconds left.\n|c|\u2606notausername69|speak english dummy\n|c|\u2606Cyronyx|Meant to say fucking bitch lol\n|n|\u203dCyronyx|cyronyx\n|c|&|\/log Cyronyx was locked from talking by Artemis. (\u2606Cyronyx: Meant to say fucking bitch lol)\n|c|&|\/raw <small>This action was done automatically. Want to learn more about the AI? <a href=\"https:\/\/www.smogon.com\/forums\/threads\/3570628\/#post-9056769\">Visit the information thread<\/a>.<\/small>\n|inactive|notausername69 has 90 seconds left.\n|\n|t:|1700010114\n|move|p1a: Iron Jugulis|Earth Power|p2a: Kirby\n|-supereffective|p2a: Kirby\n|-crit|p2a: Kirby\n|-damage|p2a: Kirby|0 fnt\n|faint|p2a: Kirby\n|cant|p2b: Gayre|par\n|move|p1b: Garganacl|Salt Cure|p2b: Gayre\n|-supereffective|p2b: Gayre\n|-damage|p2b: Gayre|36\/100 par\n|-start|p2b: Gayre|Salt Cure\n|\n|-damage|p2b: Gayre|11\/100 par|[from] Salt Cure\n|upkeep\n|c|\u2606notausername69|yup i know spanish dummy, ead\n|\n|t:|1700010135\n|switch|p2a: Raphael|Torkoal, F|42\/100\n|-weather|SunnyDay|[from] ability: Drought|[of] p2a: Raphael\n|turn|8\n|\n|t:|1700010151\n|move|p1b: Garganacl|Protect|p1b: Garganacl\n|-singleturn|p1b: Garganacl|Protect\n|move|p2a: Raphael|Protect|p2a: Raphael\n|-singleturn|p2a: Raphael|Protect\n|move|p1a: Iron Jugulis|Earth Power|p2a: Raphael\n|-activate|p2a: Raphael|move: Protect\n|move|p2b: Gayre|Earthquake|p1b: Garganacl|[spread] \n|-activate|p2a: Raphael|move: Protect\n|-activate|p1b: Garganacl|move: Protect\n|-immune|p1a: Iron Jugulis\n|\n|-weather|SunnyDay|[upkeep]\n|-heal|p2a: Raphael|48\/100|[from] Grassy Terrain\n|-heal|p2a: Raphael|54\/100|[from] item: Leftovers\n|-damage|p2b: Gayre|0 fnt|[from] Salt Cure\n|faint|p2b: Gayre\n|-fieldend|move: Grassy Terrain\n|upkeep\n|\n|t:|1700010178\n|switch|p2b: Benni|Baxcalibur, F|100\/100\n|turn|9\n|inactive|notausername69 has 60 seconds left.\n|\n|t:|1700010224\n|-terastallize|p2a: Raphael|Grass\n|move|p1a: Iron Jugulis|Dark Pulse|p2b: Benni\n|-damage|p2b: Benni|66\/100\n|cant|p2b: Benni|flinch\n|move|p1b: Garganacl|Salt Cure|p2a: Raphael\n|-damage|p2a: Raphael|46\/100\n|-start|p2a: Raphael|Salt Cure\n|move|p2a: Raphael|Yawn|p1b: Garganacl\n|-immune|p1b: Garganacl|[from] ability: Purifying Salt\n|\n|-weather|SunnyDay|[upkeep]\n|-heal|p2a: Raphael|52\/100|[from] item: Leftovers\n|-damage|p2a: Raphael|40\/100|[from] Salt Cure\n|upkeep\n|turn|10\n|inactive|notausername69 has 60 seconds left.\n|inactive|notausername69 has 30 seconds left.\n|inactive|notausername69 has 20 seconds left.\n|inactive|notausername69 has 15 seconds left.\n|c|\u2606notausername69|ead stand for eat a dik, probably gotrta translate for your dumbass\n|-message|notausername69 forfeited.\n|\n|win|Cyronyx\n|inactive|notausername69 has 20 seconds left this turn.\n|raw|Cyronyx's rating: 1263 &rarr; <strong>1283<\/strong><br \/>(+20 for winning)\n|raw|notausername69's rating: 1186 &rarr; <strong>1166<\/strong><br \/>(-20 for losing)\n|l|\u2606notausername69\n","uploadtime":1700010098,"views":8,"p1id":"cyronyx","p2id":"notausername69","formatid":"gen9doublesou","rating":1166,"private":0,"password":""}