{"id":"gen9doublesou-1993715603","p1":"honktruckkkK","p2":"nacho2023","format":"[Gen 9] Doubles OU","log":"|j|\u2606honktruckkkK\n|j|\u2606nacho2023\n|t:|1700348772\n|gametype|doubles\n|player|p1|honktruckkkK|cynthia-gen4|1151\n|player|p2|nacho2023|1|1102\n|teamsize|p1|6\n|teamsize|p2|6\n|gen|9\n|tier|[Gen 9] Doubles OU\n|rated|\n|rule|Species Clause: Limit one of each Pok\u00e9mon\n|rule|OHKO Clause: OHKO moves are banned\n|rule|Evasion Moves Clause: Evasion moves are banned\n|rule|Gravity Sleep Clause: The combination of sleep-inducing moves with imperfect accuracy and Gravity or Gigantamax Orbeetle are banned\n|rule|Endless Battle Clause: Forcing endless battles is banned\n|rule|HP Percentage Mod: HP is shown in percentages\n|clearpoke\n|poke|p1|Brute Bonnet|\n|poke|p1|Staraptor, F|\n|poke|p1|Gholdengo|\n|poke|p1|Iron Valiant|\n|poke|p1|Glimmora, M|\n|poke|p1|Iron Moth|\n|poke|p2|Pelipper, M|\n|poke|p2|Amoonguss, F|\n|poke|p2|Gastrodon-East, F|\n|poke|p2|Armarouge, M|\n|poke|p2|Indeedee-F, F|\n|poke|p2|Ribombee, M|\n|teampreview\n|\n|t:|1700348796\n|start\n|switch|p1a: Brute Bonnet|Brute Bonnet|100\/100\n|switch|p1b: Staraptor|Staraptor, F, shiny|100\/100\n|switch|p2a: Armarouge|Armarouge, M|100\/100\n|switch|p2b: Gastrodon|Gastrodon-East, F|100\/100\n|-ability|p1b: Staraptor|Intimidate|boost\n|-unboost|p2a: Armarouge|atk|1\n|-unboost|p2b: Gastrodon|atk|1\n|-enditem|p1a: Brute Bonnet|Booster Energy\n|-activate|p1a: Brute Bonnet|ability: Protosynthesis|[fromitem]\n|-start|p1a: Brute Bonnet|protosynthesisatk\n|turn|1\n|\n|t:|1700348836\n|move|p1a: Brute Bonnet|Sucker Punch|p2a: Armarouge\n|-supereffective|p2a: Armarouge\n|-damage|p2a: Armarouge|0 fnt\n|faint|p2a: Armarouge\n|move|p1b: Staraptor|Final Gambit|p2b: Gastrodon\n|-damage|p2b: Gastrodon|11\/100\n|faint|p1b: Staraptor\n|move|p2b: Gastrodon|Ice Beam|p1a: Brute Bonnet\n|-supereffective|p1a: Brute Bonnet\n|-damage|p1a: Brute Bonnet|60\/100\n|-status|p1a: Brute Bonnet|frz\n|\n|upkeep\n|\n|t:|1700348856\n|switch|p1b: Iron Valiant|Iron Valiant|100\/100\n|switch|p2a: Pelipper|Pelipper, M|100\/100\n|-weather|RainDance|[from] ability: Drizzle|[of] p2a: Pelipper\n|-enditem|p1b: Iron Valiant|Booster Energy\n|-activate|p1b: Iron Valiant|ability: Quark Drive|[fromitem]\n|-start|p1b: Iron Valiant|quarkdrivespe\n|turn|2\n|\n|t:|1700348869\n|move|p1b: Iron Valiant|Aura Sphere|p2b: Gastrodon\n|-damage|p2b: Gastrodon|0 fnt\n|faint|p2b: Gastrodon\n|move|p2a: Pelipper|Hurricane|p1b: Iron Valiant\n|-supereffective|p1b: Iron Valiant\n|-damage|p1b: Iron Valiant|0 fnt\n|faint|p1b: Iron Valiant\n|-end|p1b: Iron Valiant|Quark Drive|[silent]\n|cant|p1a: Brute Bonnet|frz\n|\n|-weather|RainDance|[upkeep]\n|upkeep\n|\n|t:|1700348887\n|switch|p1b: Gholdengo|Gholdengo|100\/100\n|switch|p2b: Ribombee|Ribombee, M|100\/100\n|turn|3\n|\n|t:|1700348905\n|move|p1b: Gholdengo|Make It Rain|p2a: Pelipper|[spread] p2a,p2b\n|-resisted|p2a: Pelipper\n|-supereffective|p2b: Ribombee\n|-crit|p2b: Ribombee\n|-damage|p2a: Pelipper|62\/100\n|-damage|p2b: Ribombee|0 fnt\n|-unboost|p1b: Gholdengo|spa|1\n|faint|p2b: Ribombee\n|move|p2a: Pelipper|Hydro Pump|p1b: Gholdengo\n|-damage|p1b: Gholdengo|23\/100\n|cant|p1a: Brute Bonnet|frz\n|\n|-weather|RainDance|[upkeep]\n|-heal|p2a: Pelipper|68\/100|[from] item: Leftovers\n|upkeep\n|\n|t:|1700348919\n|switch|p2b: Indeedee|Indeedee-F, F|100\/100\n|-fieldstart|move: Psychic Terrain|[from] ability: Psychic Surge|[of] p2b: Indeedee\n|turn|4\n|\n|t:|1700348930\n|move|p1b: Gholdengo|Make It Rain|p2a: Pelipper|[spread] p2a,p2b\n|-resisted|p2a: Pelipper\n|-damage|p2a: Pelipper|41\/100\n|-damage|p2b: Indeedee|62\/100\n|-unboost|p1b: Gholdengo|spa|1\n|move|p2b: Indeedee|Psychic|p1b: Gholdengo\n|-resisted|p1b: Gholdengo\n|-damage|p1b: Gholdengo|0 fnt\n|faint|p1b: Gholdengo\n|move|p2a: Pelipper|Hurricane|p1a: Brute Bonnet\n|-supereffective|p1a: Brute Bonnet\n|-damage|p1a: Brute Bonnet|0 fnt\n|faint|p1a: Brute Bonnet\n|-end|p1a: Brute Bonnet|Protosynthesis|[silent]\n|\n|-weather|RainDance|[upkeep]\n|-heal|p2a: Pelipper|47\/100|[from] item: Leftovers\n|upkeep\n|\n|t:|1700348946\n|switch|p1b: Iron Moth|Iron Moth|100\/100\n|switch|p1a: Glimmora|Glimmora, M|100\/100\n|-enditem|p1b: Iron Moth|Booster Energy\n|-activate|p1b: Iron Moth|ability: Quark Drive|[fromitem]\n|-start|p1b: Iron Moth|quarkdrivespa\n|turn|5\n|\n|t:|1700348974\n|switch|p2a: Amoonguss|Amoonguss, F|100\/100\n|move|p1b: Iron Moth|Helping Hand|p1a: Glimmora\n|-singleturn|p1a: Glimmora|Helping Hand|[of] p1b: Iron Moth\n|move|p1a: Glimmora|Ancient Power|p2a: Amoonguss\n|-damage|p2a: Amoonguss|57\/100\n|-boost|p1a: Glimmora|atk|1\n|-boost|p1a: Glimmora|def|1\n|-boost|p1a: Glimmora|spa|1\n|-boost|p1a: Glimmora|spd|1\n|-boost|p1a: Glimmora|spe|1\n|move|p2b: Indeedee|Psychic|p1a: Glimmora\n|-supereffective|p1a: Glimmora\n|-damage|p1a: Glimmora|14\/100\n|\n|-weather|RainDance|[upkeep]\n|-heal|p1a: Glimmora|20\/100|[from] item: Leftovers\n|upkeep\n|turn|6\n|\n|t:|1700349007\n|move|p1a: Glimmora|Ancient Power|p2a: Amoonguss\n|-damage|p2a: Amoonguss|10\/100\n|-boost|p1a: Glimmora|atk|1\n|-boost|p1a: Glimmora|def|1\n|-boost|p1a: Glimmora|spa|1\n|-boost|p1a: Glimmora|spd|1\n|-boost|p1a: Glimmora|spe|1\n|move|p1b: Iron Moth|Fiery Dance|p2b: Indeedee\n|-damage|p2b: Indeedee|29\/100\n|-boost|p1b: Iron Moth|spa|1\n|move|p2b: Indeedee|Psychic|p1a: Glimmora\n|-supereffective|p1a: Glimmora\n|-damage|p1a: Glimmora|0 fnt\n|faint|p1a: Glimmora\n|move|p2a: Amoonguss|Giga Drain|p1b: Iron Moth\n|-resisted|p1b: Iron Moth\n|-damage|p1b: Iron Moth|92\/100\n|-heal|p2a: Amoonguss|13\/100|[from] drain|[of] p1b: Iron Moth\n|\n|-weather|none\n|upkeep\n|turn|7\n|\n|t:|1700349028\n|-terastallize|p1b: Iron Moth|Fire\n|move|p1b: Iron Moth|Heat Wave|p2a: Amoonguss|[spread] p2a,p2b\n|-supereffective|p2a: Amoonguss\n|-crit|p2b: Indeedee\n|-damage|p2a: Amoonguss|0 fnt\n|-damage|p2b: Indeedee|0 fnt\n|faint|p2a: Amoonguss\n|faint|p2b: Indeedee\n|\n|upkeep\n|\n|t:|1700349036\n|switch|p2b: Pelipper|Pelipper, M|47\/100\n|-weather|RainDance|[from] ability: Drizzle|[of] p2b: Pelipper\n|turn|8\n|inactive|Battle timer is ON: inactive players will automatically lose when time's up. (requested by nacho2023)\n|\n|t:|1700349048\n|-terastallize|p2b: Pelipper|Ground\n|move|p1b: Iron Moth|Sludge Wave|p2b: Pelipper\n|-resisted|p2b: Pelipper\n|-damage|p2b: Pelipper|0 fnt\n|faint|p2b: Pelipper\n|\n|win|honktruckkkK\n|raw|honktruckkkK's rating: 1151 &rarr; <strong>1172<\/strong><br \/>(+21 for winning)\n|raw|nacho2023's rating: 1102 &rarr; <strong>1081<\/strong><br \/>(-21 for losing)\n","uploadtime":1700349060,"views":6,"p1id":"honktruckkkk","p2id":"nacho2023","formatid":"gen9doublesou","rating":1081,"private":0,"password":""}