{"id":"gen9doublesou-1986402198","p1":"E4Everyone","p2":"Calamarimar","format":"[Gen 9] Doubles OU","log":"|j|\u2606E4Everyone\n|j|\u2606Calamarimar\n|inactive|Battle timer is ON: inactive players will automatically lose when time's up.\n|t:|1699475945\n|gametype|doubles\n|player|p1|E4Everyone|hugh|\n|player|p2|Calamarimar|sanqua|\n|teamsize|p1|6\n|teamsize|p2|6\n|gen|9\n|tier|[Gen 9] Doubles OU\n|rated|Tournament battle\n|rule|Species Clause: Limit one of each Pok\u00e9mon\n|rule|OHKO Clause: OHKO moves are banned\n|rule|Evasion Moves Clause: Evasion moves are banned\n|rule|Gravity Sleep Clause: The combination of sleep-inducing moves with imperfect accuracy and Gravity or Gigantamax Orbeetle are banned\n|rule|Endless Battle Clause: Forcing endless battles is banned\n|rule|HP Percentage Mod: HP is shown in percentages\n|clearpoke\n|poke|p1|Grookey, M|\n|poke|p1|Happiny, F|\n|poke|p1|Snom, F|\n|poke|p1|Wooper-Paldea, M|\n|poke|p1|Bisharp, F|\n|poke|p1|Duskull, M|\n|poke|p2|Nacli, M|\n|poke|p2|Larvesta, F|\n|poke|p2|Silicobra, M|\n|poke|p2|Shellos-East, F|\n|poke|p2|Mienfoo, M|\n|poke|p2|Girafarig, F|\n|teampreview\n|j|*Lady Monita \u263d\n|c|\u2606Calamarimar|glhf\n|c|\u2606E4Everyone|glhf\n|\n|t:|1699475967\n|start\n|switch|p1a: Oyre|Wooper-Paldea, M|100\/100\n|switch|p1b: Duskull|Duskull, M|100\/100\n|switch|p2a: Nacli|Nacli, M, shiny|100\/100\n|switch|p2b: Silicobra|Silicobra, M, shiny|100\/100\n|turn|1\n|\n|t:|1699475989\n|move|p1b: Duskull|Protect|p1b: Duskull\n|-singleturn|p1b: Duskull|Protect\n|move|p2b: Silicobra|Coil|p2b: Silicobra\n|-boost|p2b: Silicobra|atk|1\n|-boost|p2b: Silicobra|def|1\n|-boost|p2b: Silicobra|accuracy|1\n|move|p2a: Nacli|Stealth Rock|p1a: Oyre\n|-sidestart|p1: E4Everyone|move: Stealth Rock\n|move|p1a: Oyre|Toxic|p2a: Nacli\n|-immune|p2a: Nacli|[from] ability: Purifying Salt\n|\n|upkeep\n|turn|2\n|\n|t:|1699476006\n|move|p2b: Silicobra|Body Slam|p1a: Oyre\n|-damage|p1a: Oyre|62\/100\n|move|p2a: Nacli|Rock Slide|p1b: Duskull|[spread] p1a,p1b\n|-resisted|p1a: Oyre\n|-damage|p1a: Oyre|55\/100\n|-damage|p1b: Duskull|88\/100\n|move|p1b: Duskull|Will-O-Wisp|p2b: Silicobra\n|-status|p2b: Silicobra|brn\n|move|p1a: Oyre|Haze|p1a: Oyre\n|-clearallboost\n|\n|-damage|p2b: Silicobra|94\/100 brn|[from] brn\n|upkeep\n|turn|3\n|\n|t:|1699476023\n|move|p2b: Silicobra|Body Slam|p1a: Oyre\n|-damage|p1a: Oyre|44\/100\n|move|p2a: Nacli|Rock Slide|p1b: Duskull|[spread] p1a,p1b\n|-resisted|p1a: Oyre\n|-damage|p1a: Oyre|37\/100\n|-damage|p1b: Duskull|75\/100\n|cant|p1b: Duskull|flinch\n|move|p1a: Oyre|Chilling Water|p2b: Silicobra\n|-supereffective|p2b: Silicobra\n|-damage|p2b: Silicobra|83\/100 brn\n|-unboost|p2b: Silicobra|atk|1\n|\n|-activate|p2b: Silicobra|ability: Shed Skin\n|-curestatus|p2b: Silicobra|brn|[msg]\n|upkeep\n|turn|4\n|\n|t:|1699476038\n|move|p2b: Silicobra|Body Slam|p1a: Oyre\n|-damage|p1a: Oyre|22\/100\n|-status|p1a: Oyre|par\n|move|p2a: Nacli|Rock Slide|p1b: Duskull|[spread] p1a,p1b\n|-resisted|p1a: Oyre\n|-damage|p1a: Oyre|14\/100 par\n|-damage|p1b: Duskull|62\/100\n|move|p1b: Duskull|Will-O-Wisp|p2b: Silicobra\n|-status|p2b: Silicobra|brn\n|move|p1a: Oyre|Chilling Water|p2a: Nacli\n|-supereffective|p2a: Nacli\n|-damage|p2a: Nacli|86\/100\n|-unboost|p2a: Nacli|atk|1\n|\n|-damage|p2b: Silicobra|76\/100 brn|[from] brn\n|upkeep\n|turn|5\n|\n|t:|1699476058\n|move|p2b: Silicobra|Body Slam|p1a: Oyre\n|-damage|p1a: Oyre|6\/100 par\n|move|p2a: Nacli|Rock Slide|p1a: Oyre|[spread] p1a,p1b\n|-resisted|p1a: Oyre\n|-damage|p1a: Oyre|1\/100 par\n|-damage|p1b: Duskull|54\/100\n|move|p1b: Duskull|Hex|p2b: Silicobra\n|-damage|p2b: Silicobra|52\/100 brn\n|move|p1a: Oyre|Chilling Water|p2a: Nacli\n|-supereffective|p2a: Nacli\n|-damage|p2a: Nacli|72\/100\n|-unboost|p2a: Nacli|atk|1\n|\n|-damage|p2b: Silicobra|46\/100 brn|[from] brn\n|upkeep\n|turn|6\n|\n|t:|1699476083\n|move|p2b: Silicobra|Rest|p2b: Silicobra\n|-status|p2b: Silicobra|slp|[from] move: Rest\n|-heal|p2b: Silicobra|100\/100 slp|[silent]\n|move|p2a: Nacli|Rock Slide|p1a: Oyre|[spread] p1b\n|-miss|p2a: Nacli|p1a: Oyre\n|-damage|p1b: Duskull|48\/100\n|move|p1b: Duskull|Hex|p2b: Silicobra\n|-damage|p2b: Silicobra|77\/100 slp\n|move|p1a: Oyre|Chilling Water|p2a: Nacli\n|-supereffective|p2a: Nacli\n|-damage|p2a: Nacli|57\/100\n|-unboost|p2a: Nacli|atk|1\n|\n|-activate|p2b: Silicobra|ability: Shed Skin\n|-curestatus|p2b: Silicobra|slp|[msg]\n|upkeep\n|turn|7\n|\n|t:|1699476103\n|switch|p2b: Shellos|Shellos-East, F|100\/100\n|move|p2a: Nacli|Rock Slide|p1a: Oyre|[spread] p1a,p1b\n|-resisted|p1a: Oyre\n|-damage|p1a: Oyre|0 fnt\n|-damage|p1b: Duskull|43\/100\n|faint|p1a: Oyre\n|move|p1b: Duskull|Will-O-Wisp|p2b: Shellos|[miss]\n|-miss|p1b: Duskull|p2b: Shellos\n|\n|upkeep\n|\n|t:|1699476109\n|switch|p1a: Grookey|Grookey, M|100\/100\n|-damage|p1a: Grookey|88\/100|[from] Stealth Rock\n|-fieldstart|move: Grassy Terrain|[from] ability: Grassy Surge|[of] p1a: Grookey\n|-enditem|p1a: Grookey|Grassy Seed\n|-boost|p1a: Grookey|def|1|[from] item: Grassy Seed\n|turn|8\n|j| TRowePrice\n|\n|t:|1699476127\n|switch|p2a: Larvesta|Larvesta, F, shiny|100\/100\n|move|p1a: Grookey|Grassy Glide|p2b: Shellos\n|-supereffective|p2b: Shellos\n|-damage|p2b: Shellos|40\/100\n|move|p2b: Shellos|Icy Wind|p1b: Duskull|[spread] p1a,p1b\n|-supereffective|p1a: Grookey\n|-damage|p1a: Grookey|43\/100\n|-damage|p1b: Duskull|36\/100\n|-unboost|p1a: Grookey|spe|1\n|-unboost|p1b: Duskull|spe|1\n|move|p1b: Duskull|Hex|p2a: Larvesta\n|-damage|p2a: Larvesta|94\/100\n|\n|-heal|p2a: Larvesta|99\/100|[from] Grassy Terrain\n|-heal|p1a: Grookey|49\/100|[from] Grassy Terrain\n|-heal|p2b: Shellos|46\/100|[from] Grassy Terrain\n|upkeep\n|turn|9\n|inactive|Calamarimar has 120 seconds left.\n|\n|t:|1699476159\n|switch|p2b: Nacli|Nacli, M, shiny|57\/100\n|move|p1b: Duskull|Protect|p1b: Duskull\n|-singleturn|p1b: Duskull|Protect\n|move|p1a: Grookey|Grassy Glide|p2b: Nacli\n|-supereffective|p2b: Nacli\n|-damage|p2b: Nacli|22\/100\n|move|p2a: Larvesta|Lunge|p1a: Grookey\n|-supereffective|p1a: Grookey\n|-damage|p1a: Grookey|0 fnt\n|faint|p1a: Grookey\n|\n|-heal|p2a: Larvesta|100\/100|[from] Grassy Terrain\n|-heal|p2b: Nacli|28\/100|[from] Grassy Terrain\n|upkeep\n|\n|t:|1699476173\n|switch|p1a: Snom|Snom, F|100\/100\n|-damage|p1a: Snom|50\/100|[from] Stealth Rock\n|turn|10\n|\n|t:|1699476182\n|move|p1a: Snom|Protect|p1a: Snom\n|-singleturn|p1a: Snom|Protect\n|move|p2a: Larvesta|Flare Blitz|p1a: Snom\n|-activate|p1a: Snom|move: Protect\n|move|p2b: Nacli|Recover|p2b: Nacli\n|-heal|p2b: Nacli|78\/100\n|move|p1b: Duskull|Hex|p2b: Nacli\n|-damage|p2b: Nacli|71\/100\n|\n|-heal|p2b: Nacli|77\/100|[from] Grassy Terrain\n|-heal|p1a: Snom|57\/100|[from] Grassy Terrain\n|-heal|p1a: Snom|63\/100|[from] item: Leftovers\n|upkeep\n|turn|11\n|\n|t:|1699476204\n|switch|p1b: Bisharp|Bisharp, F|100\/100\n|-damage|p1b: Bisharp|95\/100|[from] Stealth Rock\n|move|p2a: Larvesta|Flare Blitz|p1a: Snom\n|-supereffective|p1a: Snom\n|-damage|p1a: Snom|0 fnt\n|faint|p1a: Snom\n|-damage|p2a: Larvesta|83\/100|[from] Recoil\n|move|p2b: Nacli|Rock Slide|p1b: Bisharp|[miss]\n|-miss|p2b: Nacli|p1b: Bisharp\n|\n|-heal|p1b: Bisharp|100\/100|[from] Grassy Terrain\n|-heal|p2a: Larvesta|89\/100|[from] Grassy Terrain\n|-heal|p2b: Nacli|83\/100|[from] Grassy Terrain\n|upkeep\n|\n|t:|1699476210\n|switch|p1a: Happiny|Happiny, F|100\/100\n|-damage|p1a: Happiny|88\/100|[from] Stealth Rock\n|turn|12\n|\n|t:|1699476222\n|-terastallize|p1b: Bisharp|Dark\n|move|p1a: Happiny|Helping Hand|p1b: Bisharp\n|-singleturn|p1b: Bisharp|Helping Hand|[of] p1a: Happiny\n|move|p1b: Bisharp|Night Slash|p2a: Larvesta\n|-damage|p2a: Larvesta|0 fnt\n|-status|p1b: Bisharp|brn|[from] ability: Flame Body|[of] p2a: Larvesta\n|faint|p2a: Larvesta\n|move|p2b: Nacli|Rock Slide|p1b: Bisharp|[spread] p1a,p1b\n|-damage|p1a: Happiny|56\/100\n|-damage|p1b: Bisharp|91\/100 brn\n|\n|-heal|p1b: Bisharp|97\/100 brn|[from] Grassy Terrain\n|-heal|p1a: Happiny|62\/100|[from] Grassy Terrain\n|-heal|p2b: Nacli|89\/100|[from] Grassy Terrain\n|-damage|p1b: Bisharp|91\/100 brn|[from] brn\n|-fieldend|move: Grassy Terrain\n|upkeep\n|j| Yeet259\n|\n|t:|1699476251\n|switch|p2a: Silicobra|Silicobra, M, shiny|77\/100\n|turn|13\n|\n|t:|1699476264\n|move|p1a: Happiny|Helping Hand|p1b: Bisharp\n|-singleturn|p1b: Bisharp|Helping Hand|[of] p1a: Happiny\n|move|p1b: Bisharp|Night Slash|p2a: Silicobra\n|-damage|p2a: Silicobra|42\/100\n|move|p2a: Silicobra|Coil|p2a: Silicobra\n|-boost|p2a: Silicobra|atk|1\n|-boost|p2a: Silicobra|def|1\n|-boost|p2a: Silicobra|accuracy|1\n|move|p2b: Nacli|Rock Slide|p1b: Bisharp|[spread] p1a,p1b\n|-damage|p1a: Happiny|27\/100\n|-damage|p1b: Bisharp|82\/100 brn\n|\n|-damage|p1b: Bisharp|76\/100 brn|[from] brn\n|upkeep\n|turn|14\n|\n|t:|1699476284\n|move|p1a: Happiny|Helping Hand|p1b: Bisharp\n|-singleturn|p1b: Bisharp|Helping Hand|[of] p1a: Happiny\n|move|p1b: Bisharp|Night Slash|p2a: Silicobra\n|-damage|p2a: Silicobra|17\/100\n|move|p2a: Silicobra|Rest|p2a: Silicobra\n|-status|p2a: Silicobra|slp|[from] move: Rest\n|-heal|p2a: Silicobra|100\/100 slp|[silent]\n|move|p2b: Nacli|Rock Slide|p1b: Bisharp|[spread] p1a,p1b\n|-damage|p1a: Happiny|0 fnt\n|-damage|p1b: Bisharp|66\/100 brn\n|faint|p1a: Happiny\n|\n|-damage|p1b: Bisharp|60\/100 brn|[from] brn\n|upkeep\n|\n|t:|1699476291\n|switch|p1a: Duskull|Duskull, M|36\/100\n|-damage|p1a: Duskull|23\/100|[from] Stealth Rock\n|turn|15\n|c|\u2606E4Everyone|gg\n|c|\u2606Calamarimar|gg\n|inactive|Calamarimar has 120 seconds left.\n|\n|t:|1699476324\n|move|p1a: Duskull|Shadow Sneak|p2a: Silicobra\n|-damage|p2a: Silicobra|96\/100 slp\n|move|p1b: Bisharp|Iron Head|p2b: Nacli\n|-supereffective|p2b: Nacli\n|-damage|p2b: Nacli|58\/100\n|cant|p2a: Silicobra|slp\n|cant|p2b: Nacli|flinch\n|\n|-damage|p1b: Bisharp|54\/100 brn|[from] brn\n|upkeep\n|turn|16\n|\n|t:|1699476336\n|move|p1b: Bisharp|Iron Head|p2b: Nacli\n|-supereffective|p2b: Nacli\n|-damage|p2b: Nacli|28\/100\n|cant|p2a: Silicobra|slp\n|cant|p2b: Nacli|flinch\n|move|p1a: Duskull|Hex|p2a: Silicobra\n|-damage|p2a: Silicobra|74\/100 slp\n|\n|-activate|p2a: Silicobra|ability: Shed Skin\n|-curestatus|p2a: Silicobra|slp|[msg]\n|-damage|p1b: Bisharp|48\/100 brn|[from] brn\n|upkeep\n|turn|17\n|\n|t:|1699476348\n|move|p1b: Bisharp|Iron Head|p2b: Nacli\n|-supereffective|p2b: Nacli\n|-damage|p2b: Nacli|0 fnt\n|faint|p2b: Nacli\n|move|p2a: Silicobra|Body Slam|p1b: Bisharp\n|-damage|p1b: Bisharp|17\/100 brn\n|move|p1a: Duskull|Hex|p2a: Silicobra\n|-damage|p2a: Silicobra|62\/100\n|\n|-damage|p1b: Bisharp|11\/100 brn|[from] brn\n|upkeep\n|\n|t:|1699476357\n|switch|p2b: Mienfoo|Mienfoo, M, shiny|100\/100\n|turn|18\n|l| TRowePrice\n|\n|t:|1699476382\n|move|p2b: Mienfoo|Fake Out|p1b: Bisharp\n|-damage|p1b: Bisharp|0 fnt\n|faint|p1b: Bisharp\n|move|p2a: Silicobra|Body Slam|p1a: Duskull\n|-immune|p1a: Duskull\n|move|p1a: Duskull|Will-O-Wisp|p2b: Mienfoo\n|-status|p2b: Mienfoo|brn\n|\n|-damage|p2b: Mienfoo|94\/100 brn|[from] brn\n|upkeep\n|turn|19\n|\n|t:|1699476395\n|move|p2b: Mienfoo|Knock Off|p1a: Duskull\n|-supereffective|p1a: Duskull\n|-damage|p1a: Duskull|0 fnt\n|-enditem|p1a: Duskull|Eviolite|[from] move: Knock Off|[of] p2b: Mienfoo\n|faint|p1a: Duskull\n|\n|win|Calamarimar\n|n|\u2606E4Everyone|e4everyone\n|n|\u2606Calamarimar|calamarimar\n|n|*Lady Monita \u263d|ladymonita\n|n| Yeet259|yeet259\n","uploadtime":1699476397,"views":9,"p1id":"e4everyone","p2id":"calamarimar","formatid":"gen9doublesou","rating":0,"private":0,"password":""}