{"id":"gen9doublesou-1981191144","p1":"reposefulpallas","p2":"Volt Kaijumune","format":"[Gen 9] Doubles OU","log":"|j|\u2606reposefulpallas\n|j|\u2606Volt Kaijumune\n|t:|1698871104\n|gametype|doubles\n|player|p1|reposefulpallas|pokemonrangerf-gen3rs|1217\n|player|p2|Volt Kaijumune|hugh|1000\n|teamsize|p1|6\n|teamsize|p2|6\n|gen|9\n|tier|[Gen 9] Doubles OU\n|rated|\n|rule|Species Clause: Limit one of each Pok\u00e9mon\n|rule|OHKO Clause: OHKO moves are banned\n|rule|Evasion Moves Clause: Evasion moves are banned\n|rule|Gravity Sleep Clause: The combination of sleep-inducing moves with imperfect accuracy and Gravity or Gigantamax Orbeetle are banned\n|rule|Endless Battle Clause: Forcing endless battles is banned\n|rule|HP Percentage Mod: HP is shown in percentages\n|clearpoke\n|poke|p1|Kommo-o, F|\n|poke|p1|Arcanine-Hisui, M|\n|poke|p1|Sinistcha|\n|poke|p1|Illumise, F|\n|poke|p1|Chi-Yu|\n|poke|p1|Oricorio-Pom-Pom, F|\n|poke|p2|Salamence, F|\n|poke|p2|Kommo-o, M|\n|poke|p2|Blissey, F|\n|poke|p2|Kingambit, M|\n|poke|p2|Houndstone, F|\n|poke|p2|Armarouge, M|\n|teampreview\n|inactive|Battle timer is ON: inactive players will automatically lose when time's up. (requested by reposefulpallas)\n|\n|t:|1698871129\n|start\n|switch|p1a: Illumise|Illumise, F|100\/100\n|switch|p1b: Chi-Yu|Chi-Yu|100\/100\n|switch|p2a: Nurse Joy|Blissey, F, shiny|100\/100\n|switch|p2b: Boxmo|Kommo-o, M|100\/100\n|-ability|p1b: Chi-Yu|Beads of Ruin\n|turn|1\n|\n|t:|1698871143\n|switch|p1b: Oricorio|Oricorio-Pom-Pom, F|100\/100\n|move|p1a: Illumise|Tailwind|p1a: Illumise\n|-sidestart|p1: reposefulpallas|move: Tailwind\n|move|p2b: Boxmo|Dragon Dance|p2b: Boxmo\n|-boost|p2b: Boxmo|atk|1\n|-boost|p2b: Boxmo|spe|1\n|-activate|p1b: Oricorio|ability: Dancer\n|move|p1b: Oricorio|Dragon Dance|p1b: Oricorio|[from]ability: Dancer\n|-boost|p1b: Oricorio|atk|1\n|-boost|p1b: Oricorio|spe|1\n|move|p2a: Nurse Joy|Thunder Wave|p1b: Oricorio|[miss]\n|-miss|p2a: Nurse Joy|p1b: Oricorio\n|\n|upkeep\n|turn|2\n|inactive|Volt Kaijumune has 120 seconds left.\n|\n|t:|1698871186\n|move|p1a: Illumise|Charm|p2b: Boxmo\n|-unboost|p2b: Boxmo|atk|2\n|move|p1b: Oricorio|Quiver Dance|p1b: Oricorio\n|-boost|p1b: Oricorio|spa|1\n|-boost|p1b: Oricorio|spd|1\n|-boost|p1b: Oricorio|spe|1\n|move|p2b: Boxmo|Iron Head|p1b: Oricorio\n|-resisted|p1b: Oricorio\n|-damage|p1b: Oricorio|89\/100\n|move|p2a: Nurse Joy|Heal Pulse|p2b: Boxmo\n|-fail|p2b: Boxmo|heal\n|\n|upkeep\n|turn|3\n|inactive|Volt Kaijumune has 120 seconds left.\n|\n|t:|1698871210\n|move|p1a: Illumise|Encore|p2a: Nurse Joy\n|-start|p2a: Nurse Joy|Encore\n|move|p1b: Oricorio|Quiver Dance|p1b: Oricorio\n|-boost|p1b: Oricorio|spa|1\n|-boost|p1b: Oricorio|spd|1\n|-boost|p1b: Oricorio|spe|1\n|move|p2b: Boxmo|Iron Head|p1a: Illumise\n|-damage|p1a: Illumise|79\/100\n|move|p2a: Nurse Joy|Heal Pulse|p1a: Illumise\n|-heal|p1a: Illumise|100\/100\n|\n|upkeep\n|turn|4\n|inactive|Volt Kaijumune has 120 seconds left.\n|\n|t:|1698871242\n|move|p1a: Illumise|Charm|p2b: Boxmo\n|-unboost|p2b: Boxmo|atk|2\n|move|p1b: Oricorio|Quiver Dance|p1b: Oricorio\n|-boost|p1b: Oricorio|spa|1\n|-boost|p1b: Oricorio|spd|1\n|-boost|p1b: Oricorio|spe|1\n|move|p2b: Boxmo|Dragon Dance|p2b: Boxmo\n|-boost|p2b: Boxmo|atk|1\n|-boost|p2b: Boxmo|spe|1\n|-activate|p1b: Oricorio|ability: Dancer\n|move|p1b: Oricorio|Dragon Dance|p1b: Oricorio|[from]ability: Dancer\n|-boost|p1b: Oricorio|atk|1\n|-boost|p1b: Oricorio|spe|1\n|move|p2a: Nurse Joy|Heal Pulse|p2b: Boxmo\n|-fail|p2b: Boxmo|heal\n|\n|-sideend|p1: reposefulpallas|move: Tailwind\n|upkeep\n|turn|5\n|inactive|Volt Kaijumune has 120 seconds left.\n|\n|t:|1698871285\n|move|p1a: Illumise|Tailwind|p1a: Illumise\n|-sidestart|p1: reposefulpallas|move: Tailwind\n|move|p1b: Oricorio|Air Slash|p2b: Boxmo\n|-supereffective|p2b: Boxmo\n|-damage|p2b: Boxmo|0 fnt\n|faint|p2b: Boxmo\n|-damage|p1b: Oricorio|79\/100|[from] item: Life Orb\n|move|p2a: Nurse Joy|Heal Pulse|p2: Boxmo|[notarget]\n|-fail|p2a: Nurse Joy\n|\n|-end|p2a: Nurse Joy|Encore\n|upkeep\n|\n|t:|1698871291\n|switch|p2b: Soar|Salamence, F, shiny|100\/100\n|-ability|p2b: Soar|Intimidate|boost\n|-unboost|p1a: Illumise|atk|1\n|-unboost|p1b: Oricorio|atk|1\n|turn|6\n|\n|t:|1698871309\n|move|p1a: Illumise|Encore|p2a: Nurse Joy\n|-start|p2a: Nurse Joy|Encore\n|move|p1b: Oricorio|Revelation Dance|p2b: Soar\n|-damage|p2b: Soar|0 fnt\n|faint|p2b: Soar\n|-damage|p1b: Oricorio|69\/100|[from] item: Life Orb\n|move|p2a: Nurse Joy|Heal Pulse|p1b: Oricorio\n|-heal|p1b: Oricorio|100\/100\n|\n|upkeep\n|inactive|Volt Kaijumune has 90 seconds left.\n|inactive|Volt Kaijumune has 60 seconds left.\n|\n|t:|1698871372\n|switch|p2b: Armorman|Armarouge, M, shiny|100\/100\n|turn|7\n|\n|t:|1698871393\n|move|p1b: Oricorio|Revelation Dance|p2b: Armorman\n|-damage|p2b: Armorman|0 fnt\n|faint|p2b: Armorman\n|-damage|p1b: Oricorio|91\/100|[from] item: Life Orb\n|move|p1a: Illumise|Struggle Bug|p2a: Nurse Joy\n|-damage|p2a: Nurse Joy|95\/100\n|-unboost|p2a: Nurse Joy|spa|1\n|move|p2a: Nurse Joy|Heal Pulse|p2: Armorman|[notarget]\n|-fail|p2a: Nurse Joy\n|\n|-heal|p2a: Nurse Joy|100\/100|[from] item: Leftovers\n|upkeep\n|\n|t:|1698871398\n|switch|p2b: Kinganor|Kingambit, M, shiny|100\/100\n|-activate|p2b: Kinganor|ability: Supreme Overlord\n|-start|p2b: Kinganor|fallen3|[silent]\n|turn|8\n|inactive|Volt Kaijumune has 90 seconds left.\n|\n|t:|1698871427\n|move|p2b: Kinganor|Sucker Punch|p1b: Oricorio\n|-damage|p1b: Oricorio|11\/100\n|move|p1b: Oricorio|Revelation Dance|p2b: Kinganor\n|-enditem|p2b: Kinganor|Focus Sash\n|-damage|p2b: Kinganor|1\/100\n|-damage|p1b: Oricorio|1\/100|[from] item: Life Orb\n|move|p1a: Illumise|Struggle Bug|p2a: Nurse Joy|[spread] p2a,p2b\n|-crit|p2a: Nurse Joy\n|-damage|p2a: Nurse Joy|94\/100\n|-damage|p2b: Kinganor|0 fnt\n|-unboost|p2a: Nurse Joy|spa|1\n|faint|p2b: Kinganor\n|-end|p2b: Kinganor|fallen3|[silent]\n|move|p2a: Nurse Joy|Heal Pulse|p1b: Oricorio\n|-heal|p1b: Oricorio|51\/100\n|\n|-heal|p2a: Nurse Joy|100\/100|[from] item: Leftovers\n|-end|p2a: Nurse Joy|Encore\n|-sideend|p1: reposefulpallas|move: Tailwind\n|upkeep\n|\n|t:|1698871431\n|switch|p2b: Ghoulock|Houndstone, F, shiny|100\/100\n|turn|9\n|inactive|Volt Kaijumune has 90 seconds left.\n|\n|t:|1698871451\n|move|p1a: Illumise|Tailwind|p1a: Illumise\n|-sidestart|p1: reposefulpallas|move: Tailwind\n|move|p1b: Oricorio|Revelation Dance|p2b: Ghoulock\n|-damage|p2b: Ghoulock|0 fnt\n|faint|p2b: Ghoulock\n|-damage|p1b: Oricorio|41\/100|[from] item: Life Orb\n|move|p2a: Nurse Joy|Psychic|p1b: Oricorio\n|-damage|p1b: Oricorio|36\/100\n|\n|upkeep\n|turn|10\n|inactive|Volt Kaijumune has 90 seconds left.\n|\n|t:|1698871484\n|move|p1a: Illumise|Encore|p2a: Nurse Joy\n|-start|p2a: Nurse Joy|Encore\n|move|p1b: Oricorio|Roost|p1b: Oricorio\n|-heal|p1b: Oricorio|86\/100\n|-singleturn|p1b: Oricorio|move: Roost\n|move|p2a: Nurse Joy|Psychic|p1b: Oricorio\n|-damage|p1b: Oricorio|80\/100\n|\n|upkeep\n|turn|11\n|inactive|Volt Kaijumune has 90 seconds left.\n|c|\u2606Volt Kaijumune|r u serious? let my blissey go\n|c|\u2606reposefulpallas|no\n|\n|t:|1698871518\n|-terastallize|p2a: Nurse Joy|Ghost\n|move|p1b: Oricorio|Air Slash|p2a: Nurse Joy\n|-damage|p2a: Nurse Joy|60\/100\n|-damage|p1b: Oricorio|70\/100|[from] item: Life Orb\n|move|p1a: Illumise|Struggle Bug|p2a: Nurse Joy\n|-resisted|p2a: Nurse Joy\n|-damage|p2a: Nurse Joy|58\/100\n|-unboost|p2a: Nurse Joy|spa|1\n|cant|p2a: Nurse Joy|flinch\n|\n|-heal|p2a: Nurse Joy|64\/100|[from] item: Leftovers\n|upkeep\n|turn|12\n|inactive|Volt Kaijumune has 90 seconds left.\n|\n|t:|1698871532\n|move|p1b: Oricorio|Air Slash|p2a: Nurse Joy\n|-damage|p2a: Nurse Joy|23\/100\n|-damage|p1b: Oricorio|60\/100|[from] item: Life Orb\n|move|p1a: Illumise|Struggle Bug|p2a: Nurse Joy\n|-resisted|p2a: Nurse Joy\n|-damage|p2a: Nurse Joy|20\/100\n|-unboost|p2a: Nurse Joy|spa|1\n|move|p2a: Nurse Joy|Psychic|p1b: Oricorio\n|-damage|p1b: Oricorio|56\/100\n|\n|-heal|p2a: Nurse Joy|26\/100|[from] item: Leftovers\n|-end|p2a: Nurse Joy|Encore\n|-sideend|p1: reposefulpallas|move: Tailwind\n|upkeep\n|turn|13\n|\n|t:|1698871547\n|move|p1a: Illumise|Encore|p2a: Nurse Joy\n|-start|p2a: Nurse Joy|Encore\n|move|p1b: Oricorio|Air Slash|p2a: Nurse Joy\n|-crit|p2a: Nurse Joy\n|-damage|p2a: Nurse Joy|0 fnt\n|faint|p2a: Nurse Joy\n|-damage|p1b: Oricorio|47\/100|[from] item: Life Orb\n|\n|win|reposefulpallas\n|raw|reposefulpallas's rating: 1217 &rarr; <strong>1228<\/strong><br \/>(+11 for winning)\n|raw|Volt Kaijumune's rating: 1000 &rarr; <strong>1000<\/strong><br \/>(+0 for losing)\n|c|\u2606reposefulpallas|ggwp\n|c|\u2606Volt Kaijumune|gg\n|l|\u2606Volt Kaijumune\n","uploadtime":1698871989,"views":39,"p1id":"reposefulpallas","p2id":"voltkaijumune","formatid":"gen9doublesou","rating":1000,"private":0,"password":""}