{"id":"gen9doublesou-1989893124","p1":"its-sam87","p2":"Portugas","format":"[Gen 9] Doubles OU","log":"|j|\u2606its-sam87\n|j|\u2606Portugas\n|t:|1699904499\n|gametype|doubles\n|player|p1|its-sam87|acetrainer-gen2|1553\n|player|p2|Portugas|1|1424\n|teamsize|p1|6\n|teamsize|p2|6\n|gen|9\n|tier|[Gen 9] Doubles OU\n|rated|\n|rule|Species Clause: Limit one of each Pok\u00e9mon\n|rule|OHKO Clause: OHKO moves are banned\n|rule|Evasion Moves Clause: Evasion moves are banned\n|rule|Gravity Sleep Clause: The combination of sleep-inducing moves with imperfect accuracy and Gravity or Gigantamax Orbeetle are banned\n|rule|Endless Battle Clause: Forcing endless battles is banned\n|rule|HP Percentage Mod: HP is shown in percentages\n|clearpoke\n|poke|p1|Tornadus, M|\n|poke|p1|Amoonguss, M|\n|poke|p1|Basculegion-F, F|\n|poke|p1|Pelipper, M|\n|poke|p1|Palafin, M|\n|poke|p1|Regieleki|\n|poke|p2|Kleavor, F|\n|poke|p2|Cresselia, F|\n|poke|p2|Vikavolt, F|\n|poke|p2|Samurott-Hisui, M|\n|poke|p2|Thundurus-Therian, M|\n|poke|p2|Golem-Alola, M|\n|teampreview\n|inactive|Battle timer is ON: inactive players will automatically lose when time's up. (requested by its-sam87)\n|c|\u2606its-sam87|gl hf\n|\n|t:|1699904527\n|start\n|switch|p1a: Tornadus|Tornadus, M, shiny|100\/100\n|switch|p1b: Palafin|Palafin, M|100\/100\n|switch|p2a: Thundurus|Thundurus-Therian, M|100\/100\n|switch|p2b: Golem|Golem-Alola, M|100\/100\n|turn|1\n|\n|t:|1699904555\n|detailschange|p1b: Palafin|Palafin-Hero, M\n|switch|p1b: Amoonguss|Amoonguss, M, shiny|100\/100\n|move|p1a: Tornadus|Tailwind|p1a: Tornadus\n|-sidestart|p1: its-sam87|move: Tailwind\n|move|p2a: Thundurus|Wildbolt Storm|p1a: Tornadus|[spread] p1a,p1b\n|-supereffective|p1a: Tornadus\n|-resisted|p1b: Amoonguss\n|-damage|p1a: Tornadus|6\/100\n|-damage|p1b: Amoonguss|82\/100\n|move|p2b: Golem|Explosion|p1b: Amoonguss|[spread] p1a,p1b\n|-immune|p2a: Thundurus|[from] ability: Volt Absorb\n|-supereffective|p1a: Tornadus\n|-resisted|p1b: Amoonguss\n|-damage|p1a: Tornadus|0 fnt\n|-damage|p1b: Amoonguss|44\/100\n|faint|p2b: Golem\n|faint|p1a: Tornadus\n|\n|upkeep\n|\n|t:|1699904578\n|switch|p1a: Regieleki|Regieleki, shiny|100\/100\n|switch|p2b: Cresselia|Cresselia, F|100\/100\n|turn|2\n|\n|t:|1699904599\n|move|p1a: Regieleki|Ancient Power|p2a: Thundurus\n|-supereffective|p2a: Thundurus\n|-damage|p2a: Thundurus|50\/100\n|move|p2a: Thundurus|Taunt|p1b: Amoonguss\n|-start|p1b: Amoonguss|move: Taunt\n|cant|p1b: Amoonguss|move: Taunt|Spore\n|move|p2b: Cresselia|Trick Room|p2b: Cresselia\n|-fieldstart|move: Trick Room|[of] p2b: Cresselia\n|\n|upkeep\n|turn|3\n|\n|t:|1699904621\n|move|p2b: Cresselia|Helping Hand|p2a: Thundurus\n|-singleturn|p2a: Thundurus|Helping Hand|[of] p2b: Cresselia\n|move|p1b: Amoonguss|Pollen Puff|p1a: Regieleki\n|-immune|p1a: Regieleki\n|move|p2a: Thundurus|Wildbolt Storm|p1b: Amoonguss|[spread] p1a,p1b\n|-resisted|p1a: Regieleki\n|-resisted|p1b: Amoonguss\n|-damage|p1a: Regieleki|40\/100\n|-damage|p1b: Amoonguss|18\/100\n|-status|p1b: Amoonguss|par\n|move|p1a: Regieleki|Ancient Power|p2a: Thundurus\n|-supereffective|p2a: Thundurus\n|-damage|p2a: Thundurus|0 fnt\n|faint|p2a: Thundurus\n|\n|upkeep\n|inactive|Portugas has 120 seconds left.\n|\n|t:|1699904646\n|switch|p2a: Vikavolt|Vikavolt, F|100\/100\n|turn|4\n|inactive|Portugas has 120 seconds left.\n|\n|t:|1699904677\n|move|p2b: Cresselia|Helping Hand|p2a: Vikavolt\n|-singleturn|p2a: Vikavolt|Helping Hand|[of] p2b: Cresselia\n|move|p1b: Amoonguss|Pollen Puff|p1a: Regieleki\n|-heal|p1a: Regieleki|90\/100\n|move|p2a: Vikavolt|Discharge|p1a: Regieleki|[spread] p2b,p1a,p1b\n|-resisted|p1a: Regieleki\n|-crit|p1a: Regieleki\n|-resisted|p1b: Amoonguss\n|-damage|p2b: Cresselia|73\/100\n|-damage|p1a: Regieleki|13\/100\n|-damage|p1b: Amoonguss|0 fnt\n|faint|p1b: Amoonguss\n|move|p1a: Regieleki|Thunder|p2b: Cresselia|[miss]\n|-miss|p1a: Regieleki|p2b: Cresselia\n|\n|-sideend|p1: its-sam87|move: Tailwind\n|upkeep\n|inactive|its-sam87 has 120 seconds left.\n|\n|t:|1699904708\n|switch|p1b: Palafin|Palafin-Hero, M|100\/100\n|-activate|p1b: Palafin|ability: Zero to Hero\n|turn|5\n|\n|t:|1699904719\n|-terastallize|p2a: Vikavolt|Electric\n|move|p2b: Cresselia|Helping Hand|p2a: Vikavolt\n|-singleturn|p2a: Vikavolt|Helping Hand|[of] p2b: Cresselia\n|move|p1b: Palafin|Jet Punch|p2a: Vikavolt\n|-damage|p2a: Vikavolt|34\/100\n|move|p2a: Vikavolt|Discharge|p1a: Regieleki|[spread] p2b,p1a,p1b\n|-resisted|p1a: Regieleki\n|-supereffective|p1b: Palafin\n|-damage|p2b: Cresselia|40\/100\n|-damage|p1a: Regieleki|0 fnt\n|-damage|p1b: Palafin|0 fnt\n|faint|p1a: Regieleki\n|faint|p1b: Palafin\n|\n|upkeep\n|\n|t:|1699904732\n|switch|p1b: Pelipper|Pelipper, M, shiny|100\/100\n|switch|p1a: Basculegion|Basculegion-F, F|100\/100\n|-weather|RainDance|[from] ability: Drizzle|[of] p1b: Pelipper\n|turn|6\n|\n|t:|1699904742\n|move|p1b: Pelipper|Wide Guard|p1b: Pelipper\n|-singleturn|p1b: Pelipper|Wide Guard\n|move|p2a: Vikavolt|Discharge|p1b: Pelipper|[spread] p2b\n|-activate|p1a: Basculegion|move: Wide Guard\n|-activate|p1b: Pelipper|move: Wide Guard\n|-damage|p2b: Cresselia|16\/100\n|-status|p2b: Cresselia|par\n|cant|p2b: Cresselia|par\n|move|p1a: Basculegion|Last Respects|p2b: Cresselia\n|-supereffective|p2b: Cresselia\n|-damage|p2b: Cresselia|0 fnt\n|faint|p2b: Cresselia\n|\n|-weather|RainDance|[upkeep]\n|-fieldend|move: Trick Room\n|upkeep\n|inactive|Portugas has 120 seconds left.\n|\n|t:|1699904773\n|switch|p2b: Kleavor|Kleavor, F|100\/100\n|turn|7\n|\n|t:|1699904796\n|-terastallize|p1a: Basculegion|Ghost\n|move|p1a: Basculegion|Last Respects|p2b: Kleavor\n|-damage|p2b: Kleavor|0 fnt\n|faint|p2b: Kleavor\n|move|p1b: Pelipper|Hydro Pump|p2a: Vikavolt\n|-damage|p2a: Vikavolt|0 fnt\n|faint|p2a: Vikavolt\n|\n|-weather|RainDance|[upkeep]\n|upkeep\n|\n|t:|1699904808\n|switch|p2b: Samurott|Samurott-Hisui, M|100\/100\n|turn|8\n|\n|t:|1699904818\n|move|p1a: Basculegion|Last Respects|p2b: Samurott\n|-resisted|p2b: Samurott\n|-damage|p2b: Samurott|0 fnt\n|faint|p2b: Samurott\n|\n|win|its-sam87\n|raw|its-sam87's rating: 1553 &rarr; <strong>1566<\/strong><br \/>(+13 for winning)\n|raw|Portugas's rating: 1424 &rarr; <strong>1411<\/strong><br \/>(-13 for losing)\n|l|\u2606its-sam87\n|l|\u2606Portugas\n|j|\u2606its-sam87\n|player|p1|its-sam87|acetrainer-gen2\n","uploadtime":1699905642,"views":7,"p1id":"itssam87","p2id":"portugas","formatid":"gen9doublesou","rating":1411,"private":0,"password":""}