{"id":"gen9doublesou-1975106666","p1":"ChimeBliss","p2":"saucy_099","format":"[Gen 9] Doubles OU","log":"|j|\u2606ChimeBliss\n|j|\u2606saucy_099\n|t:|1698162395\n|gametype|doubles\n|player|p1|ChimeBliss|dawn-gen4pt|1469\n|player|p2|saucy_099|elesa-masters2|1456\n|teamsize|p1|6\n|teamsize|p2|6\n|gen|9\n|tier|[Gen 9] Doubles OU\n|rated|\n|rule|Species Clause: Limit one of each Pok\u00e9mon\n|rule|OHKO Clause: OHKO moves are banned\n|rule|Evasion Moves Clause: Evasion moves are banned\n|rule|Gravity Sleep Clause: The combination of sleep-inducing moves with imperfect accuracy and Gravity or Gigantamax Orbeetle are banned\n|rule|Endless Battle Clause: Forcing endless battles is banned\n|rule|HP Percentage Mod: HP is shown in percentages\n|clearpoke\n|poke|p1|Chien-Pao|\n|poke|p1|Tornadus, M|\n|poke|p1|Dragonite, F|\n|poke|p1|Chi-Yu|\n|poke|p1|Flutter Mane|\n|poke|p1|Landorus, M|\n|poke|p2|Cresselia, F|\n|poke|p2|Baxcalibur, M|\n|poke|p2|Chi-Yu|\n|poke|p2|Sinistcha|\n|poke|p2|Grimmsnarl, M|\n|poke|p2|Diancie|\n|teampreview\n|inactive|Battle timer is ON: inactive players will automatically lose when time's up. (requested by saucy_099)\n|inactive|ChimeBliss also wants the timer to be on.\n|inactive|saucy_099 has 120 seconds left.\n|inactive|saucy_099 has 90 seconds left.\n|\n|t:|1698162467\n|start\n|switch|p1a: Dragonite|Dragonite, F, shiny|100\/100\n|switch|p1b: Tornadus|Tornadus, M|100\/100\n|switch|p2a: Baxcalibur|Baxcalibur, M|100\/100\n|switch|p2b: Grimmsnarl|Grimmsnarl, M|100\/100\n|turn|1\n|inactive|ChimeBliss has 120 seconds left.\n|\n|t:|1698162502\n|-terastallize|p1a: Dragonite|Normal\n|move|p2b: Grimmsnarl|Fake Out|p1a: Dragonite\n|-damage|p1a: Dragonite|89\/100\n|move|p1b: Tornadus|Bleakwind Storm|p2a: Baxcalibur|[spread] p2b\n|-miss|p1b: Tornadus|p2a: Baxcalibur\n|-damage|p2b: Grimmsnarl|66\/100\n|-unboost|p2b: Grimmsnarl|spe|1\n|move|p1a: Dragonite|Iron Head|p2a: Baxcalibur\n|-supereffective|p2a: Baxcalibur\n|-damage|p2a: Baxcalibur|22\/100\n|move|p2a: Baxcalibur|Icicle Crash|p1b: Tornadus\n|-supereffective|p1b: Tornadus\n|-enditem|p1b: Tornadus|Focus Sash\n|-damage|p1b: Tornadus|1\/100\n|\n|upkeep\n|turn|2\n|inactive|saucy_099 has 120 seconds left.\n|inactive|saucy_099 has 90 seconds left.\n|\n|t:|1698162568\n|switch|p2a: Cresselia|Cresselia, F|100\/100\n|move|p2b: Grimmsnarl|Light Screen|p2b: Grimmsnarl\n|-sidestart|p2: saucy_099|move: Light Screen\n|move|p1b: Tornadus|Bleakwind Storm|p2b: Grimmsnarl|[spread] p2a,p2b\n|-crit|p2b: Grimmsnarl\n|-damage|p2a: Cresselia|86\/100\n|-damage|p2b: Grimmsnarl|14\/100\n|-enditem|p2b: Grimmsnarl|Sitrus Berry|[eat]\n|-heal|p2b: Grimmsnarl|39\/100|[from] item: Sitrus Berry\n|move|p1a: Dragonite|Iron Head|p2b: Grimmsnarl\n|-supereffective|p2b: Grimmsnarl\n|-damage|p2b: Grimmsnarl|0 fnt\n|faint|p2b: Grimmsnarl\n|\n|upkeep\n|\n|t:|1698162580\n|switch|p2b: Diancie|Diancie|100\/100\n|turn|3\n|\n|t:|1698162589\n|move|p2b: Diancie|Protect|p2b: Diancie\n|-singleturn|p2b: Diancie|Protect\n|move|p1b: Tornadus|Taunt|p2a: Cresselia\n|-start|p2a: Cresselia|move: Taunt\n|move|p1a: Dragonite|Iron Head|p2b: Diancie\n|-activate|p2b: Diancie|move: Protect\n|cant|p2a: Cresselia|move: Taunt|Trick Room\n|\n|upkeep\n|turn|4\n|inactive|saucy_099 has 120 seconds left.\n|\n|t:|1698162613\n|-terastallize|p2b: Diancie|Grass\n|move|p1b: Tornadus|Taunt|p2b: Diancie\n|-start|p2b: Diancie|move: Taunt\n|move|p1a: Dragonite|Iron Head|p2b: Diancie\n|-damage|p2b: Diancie|62\/100\n|move|p2a: Cresselia|Moonblast|p1a: Dragonite\n|-damage|p1a: Dragonite|72\/100\n|cant|p2b: Diancie|flinch\n|\n|upkeep\n|turn|5\n|inactive|saucy_099 has 120 seconds left.\n|\n|t:|1698162643\n|switch|p2b: Baxcalibur|Baxcalibur, M|22\/100\n|move|p1b: Tornadus|Protect|p1b: Tornadus\n|-singleturn|p1b: Tornadus|Protect\n|move|p1a: Dragonite|Iron Head|p2b: Baxcalibur\n|-supereffective|p2b: Baxcalibur\n|-damage|p2b: Baxcalibur|0 fnt\n|faint|p2b: Baxcalibur\n|move|p2a: Cresselia|Moonblast|p1b: Tornadus\n|-activate|p1b: Tornadus|move: Protect\n|\n|-end|p2a: Cresselia|move: Taunt\n|upkeep\n|\n|t:|1698162654\n|switch|p2b: Diancie|Diancie, tera:Grass|62\/100\n|turn|6\n|inactive|saucy_099 has 120 seconds left.\n|\n|t:|1698162663\n|move|p2b: Diancie|Protect|p2b: Diancie\n|-singleturn|p2b: Diancie|Protect\n|move|p1b: Tornadus|Taunt|p2a: Cresselia\n|-start|p2a: Cresselia|move: Taunt\n|move|p1a: Dragonite|Iron Head|p2b: Diancie\n|-activate|p2b: Diancie|move: Protect\n|move|p2a: Cresselia|Moonblast|p1b: Tornadus\n|-damage|p1b: Tornadus|0 fnt\n|faint|p1b: Tornadus\n|\n|-sideend|p2: saucy_099|move: Light Screen\n|upkeep\n|inactive|ChimeBliss has 120 seconds left.\n|\n|t:|1698162708\n|switch|p1b: Flutter Mane|Flutter Mane|100\/100\n|turn|7\n|\n|t:|1698162723\n|switch|p2a: Sinistcha|Sinistcha|100\/100\n|-heal|p2b: Diancie|87\/100|[from] ability: Hospitality|[of] p2a: Sinistcha\n|move|p1b: Flutter Mane|Moonblast|p2b: Diancie\n|-damage|p2b: Diancie|25\/100\n|move|p1a: Dragonite|Iron Head|p2b: Diancie\n|-damage|p2b: Diancie|0 fnt\n|faint|p2b: Diancie\n|\n|upkeep\n|inactive|saucy_099 has 120 seconds left.\n|\n|t:|1698162752\n|switch|p2b: Cresselia|Cresselia, F|86\/100\n|turn|8\n|\n|t:|1698162759\n|move|p2a: Sinistcha|Protect|p2a: Sinistcha\n|-singleturn|p2a: Sinistcha|Protect\n|move|p1b: Flutter Mane|Moonblast|p2b: Cresselia\n|-damage|p2b: Cresselia|40\/100\n|move|p1a: Dragonite|Iron Head|p2b: Cresselia\n|-damage|p2b: Cresselia|11\/100\n|-damage|p1a: Dragonite|56\/100|[from] item: Rocky Helmet|[of] p2b: Cresselia\n|cant|p2b: Cresselia|flinch\n|\n|upkeep\n|turn|9\n|c|\u2606saucy_099|holyyy mickey mouse this game\n|inactive|saucy_099 has 120 seconds left.\n|\n|t:|1698162795\n|switch|p2b: Chi-Yu|Chi-Yu|100\/100\n|-ability|p2b: Chi-Yu|Beads of Ruin\n|move|p2a: Sinistcha|Rage Powder|p2a: Sinistcha\n|-singleturn|p2a: Sinistcha|move: Rage Powder\n|move|p1b: Flutter Mane|Moonblast|p2a: Sinistcha\n|-damage|p2a: Sinistcha|0 fnt\n|faint|p2a: Sinistcha\n|move|p1a: Dragonite|Iron Head|p2b: Chi-Yu\n|-resisted|p2b: Chi-Yu\n|-damage|p2b: Chi-Yu|68\/100\n|\n|upkeep\n|\n|t:|1698162806\n|switch|p2a: Cresselia|Cresselia, F|11\/100\n|turn|10\n|\n|t:|1698162812\n|move|p2a: Cresselia|Helping Hand|p2b: Chi-Yu\n|-singleturn|p2b: Chi-Yu|Helping Hand|[of] p2a: Cresselia\n|move|p2b: Chi-Yu|Heat Wave|p1b: Flutter Mane|[spread] p1a,p1b\n|-damage|p1a: Dragonite|0 fnt\n|-damage|p1b: Flutter Mane|17\/100\n|-status|p1b: Flutter Mane|brn\n|faint|p1a: Dragonite\n|move|p1b: Flutter Mane|Moonblast|p2a: Cresselia\n|-damage|p2a: Cresselia|0 fnt\n|faint|p2a: Cresselia\n|\n|-damage|p1b: Flutter Mane|11\/100 brn|[from] brn\n|upkeep\n|\n|t:|1698162824\n|switch|p1a: Landorus|Landorus, M|100\/100\n|turn|11\n|\n|t:|1698162829\n|move|p2b: Chi-Yu|Heat Wave|p1b: Flutter Mane|[spread] p1a,p1b\n|-damage|p1a: Landorus|40\/100\n|-damage|p1b: Flutter Mane|0 fnt\n|faint|p1b: Flutter Mane\n|-end|p1b: Flutter Mane|Protosynthesis|[silent]\n|move|p1a: Landorus|Earth Power|p2b: Chi-Yu\n|-supereffective|p2b: Chi-Yu\n|-damage|p2b: Chi-Yu|0 fnt\n|faint|p2b: Chi-Yu\n|\n|win|ChimeBliss\n|raw|ChimeBliss's rating: 1469 &rarr; <strong>1488<\/strong><br \/>(+19 for winning)\n|raw|saucy_099's rating: 1456 &rarr; <strong>1437<\/strong><br \/>(-19 for losing)\n","uploadtime":1698162834,"views":16,"p1id":"chimebliss","p2id":"saucy099","formatid":"gen9doublesou","rating":1437,"private":0,"password":""}