{"id":"gen9doublesou-1993744077","p1":"Critian Caceorte","p2":"Draconicannon","format":"[Gen 9] Doubles OU","log":"|j|\u2606Critian Caceorte\n|j|\u2606Draconicannon\n|t:|1700352059\n|gametype|doubles\n|player|p1|Critian Caceorte|hilda|1301\n|player|p2|Draconicannon|ghetsis|1389\n|teamsize|p1|6\n|teamsize|p2|6\n|gen|9\n|tier|[Gen 9] Doubles OU\n|rated|\n|rule|Species Clause: Limit one of each Pok\u00e9mon\n|rule|OHKO Clause: OHKO moves are banned\n|rule|Evasion Moves Clause: Evasion moves are banned\n|rule|Gravity Sleep Clause: The combination of sleep-inducing moves with imperfect accuracy and Gravity or Gigantamax Orbeetle are banned\n|rule|Endless Battle Clause: Forcing endless battles is banned\n|rule|HP Percentage Mod: HP is shown in percentages\n|clearpoke\n|poke|p1|Torkoal, M|\n|poke|p1|Ninetales, F|\n|poke|p1|Scovillain, F|\n|poke|p1|Lilligant-Hisui, F|\n|poke|p1|Dachsbun, M|\n|poke|p1|Walking Wake|\n|poke|p2|Hydreigon, F|\n|poke|p2|Chandelure, M|\n|poke|p2|Amoonguss, F|\n|poke|p2|Landorus-Therian, M|\n|poke|p2|Volcarona, F|\n|poke|p2|Conkeldurr, M|\n|teampreview\n|\n|t:|1700352077\n|start\n|switch|p1a: Torkoal|Torkoal, M|100\/100\n|switch|p1b: Dachsbun|Dachsbun, M|100\/100\n|switch|p2a: Saturn|Chandelure, M|100\/100\n|switch|p2b: Amataratsu|Volcarona, F|100\/100\n|-weather|SunnyDay|[from] ability: Drought|[of] p1a: Torkoal\n|turn|1\n|inactive|Battle timer is ON: inactive players will automatically lose when time's up. (requested by Draconicannon)\n|\n|t:|1700352087\n|-terastallize|p1a: Torkoal|Fire\n|move|p1b: Dachsbun|Agility|p1b: Dachsbun\n|-boost|p1b: Dachsbun|spe|2\n|move|p2b: Amataratsu|Quiver Dance|p2b: Amataratsu\n|-boost|p2b: Amataratsu|spa|1\n|-boost|p2b: Amataratsu|spd|1\n|-boost|p2b: Amataratsu|spe|1\n|-enditem|p1b: Dachsbun|Mirror Herb\n|-boost|p1b: Dachsbun|spa|1|[from] item: Mirror Herb\n|-boost|p1b: Dachsbun|spd|1|[from] item: Mirror Herb\n|-boost|p1b: Dachsbun|spe|1|[from] item: Mirror Herb\n|move|p1a: Torkoal|Lava Plume|p2a: Saturn|[spread] p2b\n|-ability|p1b: Dachsbun|Well-Baked Body|boost\n|-boost|p1b: Dachsbun|def|2\n|-start|p2a: Saturn|ability: Flash Fire\n|-crit|p2b: Amataratsu\n|-damage|p2b: Amataratsu|4\/100\n|move|p2a: Saturn|Trick Room|p2a: Saturn\n|-fieldstart|move: Trick Room|[of] p2a: Saturn\n|\n|-weather|SunnyDay|[upkeep]\n|upkeep\n|turn|2\n|inactive|Draconicannon has 120 seconds left.\n|\n|t:|1700352133\n|move|p1a: Torkoal|Lava Plume|p2b: Amataratsu|[spread] p2b\n|-ability|p1b: Dachsbun|Well-Baked Body|boost\n|-boost|p1b: Dachsbun|def|2\n|-immune|p2a: Saturn|[from] ability: Flash Fire\n|-damage|p2b: Amataratsu|0 fnt\n|faint|p2b: Amataratsu\n|move|p2a: Saturn|Shadow Ball|p1a: Torkoal\n|-damage|p1a: Torkoal|46\/100\n|-unboost|p1a: Torkoal|spd|1\n|move|p1b: Dachsbun|Baton Pass|p1b: Dachsbun\n|\n|t:|1700352143\n|switch|p1b: Walking Wake|Walking Wake|100\/100|[from] Baton Pass\n|-activate|p1b: Walking Wake|ability: Protosynthesis\n|-start|p1b: Walking Wake|protosynthesisspe\n|\n|-weather|SunnyDay|[upkeep]\n|upkeep\n|\n|t:|1700352154\n|switch|p2b: Atlas|Conkeldurr, M|100\/100\n|turn|3\n|inactive|Draconicannon has 120 seconds left.\n|\n|t:|1700352171\n|move|p1a: Torkoal|Lava Plume|p2b: Atlas|[spread] p1b,p2b\n|-immune|p2a: Saturn|[from] ability: Flash Fire\n|-resisted|p1b: Walking Wake\n|-damage|p1b: Walking Wake|91\/100\n|-damage|p2b: Atlas|28\/100\n|-status|p1b: Walking Wake|brn\n|move|p2b: Atlas|Drain Punch|p1b: Walking Wake\n|-damage|p1b: Walking Wake|61\/100 brn\n|-heal|p2b: Atlas|42\/100|[from] drain|[of] p1b: Walking Wake\n|move|p2a: Saturn|Shadow Ball|p1b: Walking Wake\n|-damage|p1b: Walking Wake|36\/100 brn\n|move|p1b: Walking Wake|Hydro Steam|p2a: Saturn\n|-supereffective|p2a: Saturn\n|-damage|p2a: Saturn|0 fnt\n|faint|p2a: Saturn\n|\n|-weather|SunnyDay|[upkeep]\n|-damage|p1b: Walking Wake|29\/100 brn|[from] brn\n|upkeep\n|\n|t:|1700352192\n|switch|p2a: Perun|Landorus-Therian, M|100\/100\n|-ability|p2a: Perun|Intimidate|boost\n|-unboost|p1a: Torkoal|atk|1\n|-unboost|p1b: Walking Wake|atk|1\n|turn|4\n|inactive|Draconicannon has 120 seconds left.\n|\n|t:|1700352200\n|move|p1a: Torkoal|Lava Plume|p2a: Perun|[spread] p1b,p2a,p2b\n|-resisted|p1b: Walking Wake\n|-damage|p1b: Walking Wake|20\/100 brn\n|-damage|p2a: Perun|24\/100\n|-damage|p2b: Atlas|0 fnt\n|faint|p2b: Atlas\n|move|p2a: Perun|Rock Slide|p1a: Torkoal|[spread] p1a,p1b\n|-supereffective|p1a: Torkoal\n|-damage|p1a: Torkoal|10\/100\n|-damage|p1b: Walking Wake|12\/100 brn\n|move|p1b: Walking Wake|Hydro Steam|p2a: Perun\n|-supereffective|p2a: Perun\n|-damage|p2a: Perun|0 fnt\n|faint|p2a: Perun\n|\n|-weather|SunnyDay|[upkeep]\n|-damage|p1b: Walking Wake|6\/100 brn|[from] brn\n|upkeep\n|inactive|Draconicannon has 120 seconds left.\n|\n|t:|1700352206\n|switch|p2b: Kali|Hydreigon, F|100\/100\n|switch|p2a: Tanit|Amoonguss, F|100\/100\n|turn|5\n|\n|t:|1700352219\n|move|p1a: Torkoal|Lava Plume|p2a: Tanit|[spread] p1b,p2a,p2b\n|-resisted|p1b: Walking Wake\n|-supereffective|p2a: Tanit\n|-resisted|p2b: Kali\n|-damage|p1b: Walking Wake|0 fnt\n|-damage|p2a: Tanit|0 fnt\n|-damage|p2b: Kali|66\/100\n|-status|p2b: Kali|brn\n|faint|p1b: Walking Wake\n|-end|p1b: Walking Wake|Protosynthesis|[silent]\n|faint|p2a: Tanit\n|move|p2b: Kali|Nasty Plot|p2b: Kali\n|-boost|p2b: Kali|spa|2\n|\n|-weather|none\n|-heal|p2b: Kali|72\/100 brn|[from] item: Leftovers\n|-damage|p2b: Kali|66\/100 brn|[from] brn\n|-fieldend|move: Trick Room\n|upkeep\n|\n|t:|1700352234\n|switch|p1b: Lilligant|Lilligant-Hisui, F|100\/100\n|turn|6\n|\n|t:|1700352249\n|switch|p1a: Ninetales|Ninetales, F|100\/100\n|-weather|SunnyDay|[from] ability: Drought|[of] p1a: Ninetales\n|-terastallize|p2b: Kali|Bug\n|move|p1b: Lilligant|Axe Kick|p2b: Kali\n|-resisted|p2b: Kali\n|-damage|p2b: Kali|37\/100 brn\n|move|p2b: Kali|Dark Pulse|p1b: Lilligant\n|-resisted|p1b: Lilligant\n|-damage|p1b: Lilligant|33\/100\n|\n|-weather|SunnyDay|[upkeep]\n|-heal|p2b: Kali|43\/100 brn|[from] item: Leftovers\n|-damage|p2b: Kali|37\/100 brn|[from] brn\n|upkeep\n|turn|7\n|\n|t:|1700352266\n|move|p1b: Lilligant|Leaf Blade|p2b: Kali\n|-resisted|p2b: Kali\n|-damage|p2b: Kali|16\/100 brn\n|move|p1a: Ninetales|Heat Wave|p2b: Kali\n|-supereffective|p2b: Kali\n|-damage|p2b: Kali|0 fnt\n|faint|p2b: Kali\n|\n|win|Critian Caceorte\n|raw|Critian Caceorte's rating: 1301 &rarr; <strong>1326<\/strong><br \/>(+25 for winning)\n|raw|Draconicannon's rating: 1389 &rarr; <strong>1364<\/strong><br \/>(-25 for losing)\n|c|\u2606Critian Caceorte|gg\n|l|\u2606Draconicannon\n","uploadtime":1700352277,"views":4,"p1id":"critiancaceorte","p2id":"draconicannon","formatid":"gen9doublesou","rating":1326,"private":0,"password":""}