{"id":"gen9doublesou-1998754751","p1":"anthm678","p2":"Marie Kong","format":"[Gen 9] Doubles OU","log":"|j|\u2606anthm678\n|j|\u2606Marie Kong\n|t:|1700983970\n|gametype|doubles\n|player|p1|anthm678|170|1327\n|player|p2|Marie Kong|furisodegirl-pink|1308\n|teamsize|p1|6\n|teamsize|p2|6\n|gen|9\n|tier|[Gen 9] Doubles OU\n|rated|\n|rule|Species Clause: Limit one of each Pok\u00e9mon\n|rule|OHKO Clause: OHKO moves are banned\n|rule|Evasion Moves Clause: Evasion moves are banned\n|rule|Gravity Sleep Clause: The combination of sleep-inducing moves with imperfect accuracy and Gravity or Gigantamax Orbeetle are banned\n|rule|Endless Battle Clause: Forcing endless battles is banned\n|rule|HP Percentage Mod: HP is shown in percentages\n|clearpoke\n|poke|p1|Torkoal, M|\n|poke|p1|Great Tusk|\n|poke|p1|Armarouge, F|\n|poke|p1|Indeedee-F, F|\n|poke|p1|Brute Bonnet|\n|poke|p1|Bruxish, M|\n|poke|p2|Tauros-Paldea-Blaze, M|\n|poke|p2|Meowscarada, F|\n|poke|p2|Cryogonal|\n|poke|p2|Murkrow, F|\n|poke|p2|Gallade, M|\n|poke|p2|Kilowattrel, M|\n|teampreview\n|\n|t:|1700983986\n|start\n|switch|p1a: Brute Bonnet|Brute Bonnet|100\/100\n|switch|p1b: Bruxish|Bruxish, M|100\/100\n|switch|p2a: Murkrow|Murkrow, F, shiny|100\/100\n|switch|p2b: Kilowattrel|Kilowattrel, M|100\/100\n|turn|1\n|\n|t:|1700984002\n|-terastallize|p2a: Murkrow|Ground\n|move|p1a: Brute Bonnet|Rage Powder|p1a: Brute Bonnet\n|-singleturn|p1a: Brute Bonnet|move: Rage Powder\n|move|p2a: Murkrow|Tailwind|p2a: Murkrow\n|-sidestart|p2: Marie Kong|move: Tailwind\n|-start|p2b: Kilowattrel|Charge|Tailwind|[from] ability: Wind Power\n|move|p2b: Kilowattrel|Discharge|p1a: Brute Bonnet|[spread] p1a,p1b\n|-immune|p2a: Murkrow\n|-resisted|p1a: Brute Bonnet\n|-supereffective|p1b: Bruxish\n|-damage|p1a: Brute Bonnet|81\/100\n|-damage|p1b: Bruxish|0 fnt\n|faint|p1b: Bruxish\n|-end|p2b: Kilowattrel|Charge|[silent]\n|\n|-heal|p1a: Brute Bonnet|87\/100|[from] item: Leftovers\n|upkeep\n|\n|t:|1700984018\n|switch|p1b: Indeedee|Indeedee-F, F|100\/100\n|-fieldstart|move: Psychic Terrain|[from] ability: Psychic Surge|[of] p1b: Indeedee\n|turn|2\n|\n|t:|1700984038\n|move|p1a: Brute Bonnet|Rage Powder|p1a: Brute Bonnet\n|-singleturn|p1a: Brute Bonnet|move: Rage Powder\n|move|p2a: Murkrow|Taunt|p1a: Brute Bonnet\n|-activate|p1a: Brute Bonnet|move: Psychic Terrain\n|move|p2b: Kilowattrel|Air Slash|p1a: Brute Bonnet\n|-supereffective|p1a: Brute Bonnet\n|-damage|p1a: Brute Bonnet|41\/100\n|move|p1b: Indeedee|Trick Room|p1b: Indeedee\n|-fieldstart|move: Trick Room|[of] p1b: Indeedee\n|\n|-heal|p1a: Brute Bonnet|47\/100|[from] item: Leftovers\n|upkeep\n|turn|3\n|\n|t:|1700984062\n|move|p1a: Brute Bonnet|Spore|p2b: Kilowattrel\n|-status|p2b: Kilowattrel|slp|[from] move: Spore\n|move|p1b: Indeedee|Heal Pulse|p1a: Brute Bonnet\n|-heal|p1a: Brute Bonnet|97\/100\n|move|p2a: Murkrow|Acrobatics|p1a: Brute Bonnet\n|-supereffective|p1a: Brute Bonnet\n|-damage|p1a: Brute Bonnet|63\/100\n|cant|p2b: Kilowattrel|slp\n|\n|-heal|p1a: Brute Bonnet|69\/100|[from] item: Leftovers\n|upkeep\n|turn|4\n|\n|t:|1700984098\n|switch|p1b: Armarouge|Armarouge, F|100\/100\n|switch|p2a: Meowscarada|Meowscarada, F|100\/100\n|move|p1a: Brute Bonnet|Energy Ball|p2a: Meowscarada\n|-resisted|p2a: Meowscarada\n|-damage|p2a: Meowscarada|80\/100\n|-curestatus|p2b: Kilowattrel|slp|[msg]\n|move|p2b: Kilowattrel|Electro Ball|p1b: Armarouge\n|-damage|p1b: Armarouge|3\/100\n|\n|-heal|p1a: Brute Bonnet|75\/100|[from] item: Leftovers\n|-sideend|p2: Marie Kong|move: Tailwind\n|upkeep\n|turn|5\n|\n|t:|1700984117\n|move|p1a: Brute Bonnet|Rage Powder|p1a: Brute Bonnet\n|-singleturn|p1a: Brute Bonnet|move: Rage Powder\n|move|p1b: Armarouge|Expanding Force|p2a: Meowscarada|[spread] p2b\n|-immune|p2a: Meowscarada\n|-damage|p2b: Kilowattrel|0 fnt\n|faint|p2b: Kilowattrel\n|move|p2a: Meowscarada|Trick Room|p2a: Meowscarada\n|-fieldend|move: Trick Room\n|\n|-heal|p1a: Brute Bonnet|81\/100|[from] item: Leftovers\n|upkeep\n|\n|t:|1700984129\n|switch|p2b: Gallade|Gallade, M, shiny|100\/100\n|turn|6\n|\n|t:|1700984138\n|move|p1a: Brute Bonnet|Rage Powder|p1a: Brute Bonnet\n|-singleturn|p1a: Brute Bonnet|move: Rage Powder\n|move|p2a: Meowscarada|Knock Off|p1b: Armarouge\n|-supereffective|p1b: Armarouge\n|-crit|p1b: Armarouge\n|-damage|p1b: Armarouge|0 fnt\n|-enditem|p1b: Armarouge|Metronome|[from] move: Knock Off|[of] p2a: Meowscarada\n|faint|p1b: Armarouge\n|move|p2b: Gallade|Sacred Sword|p1a: Brute Bonnet\n|-supereffective|p1a: Brute Bonnet\n|-damage|p1a: Brute Bonnet|0 fnt\n|faint|p1a: Brute Bonnet\n|-end|p1a: Brute Bonnet|Protosynthesis|[silent]\n|\n|-fieldend|move: Psychic Terrain\n|upkeep\n|\n|t:|1700984153\n|switch|p1a: Indeedee|Indeedee-F, F|100\/100\n|switch|p1b: Great Tusk|Great Tusk|100\/100\n|-fieldstart|move: Psychic Terrain|[from] ability: Psychic Surge|[of] p1a: Indeedee\n|turn|7\n|\n|t:|1700984182\n|-terastallize|p1b: Great Tusk|Steel\n|move|p2a: Meowscarada|Flower Trick|p1b: Great Tusk\n|-resisted|p1b: Great Tusk\n|-crit|p1b: Great Tusk\n|-damage|p1b: Great Tusk|88\/100\n|move|p2b: Gallade|Imprison|p2b: Gallade\n|-start|p2b: Gallade|move: Imprison\n|move|p1b: Great Tusk|Ice Spinner|p2a: Meowscarada\n|-supereffective|p2a: Meowscarada\n|-damage|p2a: Meowscarada|0 fnt\n|-fieldend|move: Psychic Terrain\n|faint|p2a: Meowscarada\n|cant|p1a: Indeedee|move: Imprison|Trick Room\n|\n|upkeep\n|\n|t:|1700984197\n|switch|p2a: Murkrow|Murkrow, F, shiny, tera:Ground|100\/100\n|turn|8\n|\n|t:|1700984209\n|move|p2a: Murkrow|Taunt|p1a: Indeedee\n|-start|p1a: Indeedee|move: Taunt\n|move|p2b: Gallade|Sacred Sword|p1b: Great Tusk\n|-supereffective|p1b: Great Tusk\n|-damage|p1b: Great Tusk|0 fnt\n|faint|p1b: Great Tusk\n|-end|p1b: Great Tusk|Protosynthesis|[silent]\n|move|p1a: Indeedee|Dazzling Gleam|p2a: Murkrow|[spread] p2a,p2b\n|-supereffective|p2b: Gallade\n|-damage|p2a: Murkrow|67\/100\n|-damage|p2b: Gallade|76\/100\n|\n|upkeep\n|\n|t:|1700984228\n|switch|p1b: Torkoal|Torkoal, M|100\/100\n|-weather|SunnyDay|[from] ability: Drought|[of] p1b: Torkoal\n|turn|9\n|\n|t:|1700984241\n|move|p2a: Murkrow|Tailwind|p2a: Murkrow\n|-sidestart|p2: Marie Kong|move: Tailwind\n|move|p2b: Gallade|Sacred Sword|p1b: Torkoal\n|-damage|p1b: Torkoal|30\/100\n|move|p1a: Indeedee|Dazzling Gleam|p2b: Gallade|[spread] p2a,p2b\n|-supereffective|p2b: Gallade\n|-damage|p2a: Murkrow|35\/100\n|-damage|p2b: Gallade|53\/100\n|move|p1b: Torkoal|Solar Beam||[still]\n|-prepare|p1b: Torkoal|Solar Beam\n|-anim|p1b: Torkoal|Solar Beam|p2a: Murkrow\n|-supereffective|p2a: Murkrow\n|-damage|p2a: Murkrow|0 fnt\n|faint|p2a: Murkrow\n|\n|-weather|SunnyDay|[upkeep]\n|upkeep\n|\n|t:|1700984255\n|switch|p2a: Tauros|Tauros-Paldea-Blaze, M|100\/100\n|turn|10\n|\n|t:|1700984260\n|move|p2a: Tauros|Protect|p2a: Tauros\n|-singleturn|p2a: Tauros|Protect\n|move|p2b: Gallade|Sacred Sword|p1b: Torkoal\n|-damage|p1b: Torkoal|0 fnt\n|faint|p1b: Torkoal\n|move|p1a: Indeedee|Dazzling Gleam|p2b: Gallade|[spread] p2b\n|-activate|p2a: Tauros|move: Protect\n|-supereffective|p2b: Gallade\n|-damage|p2b: Gallade|27\/100\n|\n|-weather|SunnyDay|[upkeep]\n|-end|p1a: Indeedee|move: Taunt\n|upkeep\n|turn|11\n|\n|t:|1700984274\n|move|p2b: Gallade|Wide Guard|p2b: Gallade\n|-singleturn|p2b: Gallade|Wide Guard\n|move|p2a: Tauros|Raging Bull|p1a: Indeedee\n|-damage|p1a: Indeedee|12\/100\n|move|p1a: Indeedee|Dazzling Gleam|p2b: Gallade|[spread] \n|-activate|p2a: Tauros|move: Wide Guard\n|-activate|p2b: Gallade|move: Wide Guard\n|\n|-weather|SunnyDay|[upkeep]\n|-heal|p1a: Indeedee|19\/100|[from] item: Leftovers\n|upkeep\n|turn|12\n|-message|anthm678 forfeited.\n|\n|win|Marie Kong\n|raw|anthm678's rating: 1327 &rarr; <strong>1306<\/strong><br \/>(-21 for losing)\n|raw|Marie Kong's rating: 1308 &rarr; <strong>1329<\/strong><br \/>(+21 for winning)\n|l|\u2606anthm678\n","uploadtime":1700984285,"views":5,"p1id":"anthm678","p2id":"mariekong","formatid":"gen9doublesou","rating":1306,"private":0,"password":""}