{"id":"gen9doublesou-1990401470","p1":"O_Carvalho","p2":"Growls25","format":"[Gen 9] Doubles OU","log":"|j|\u2606O_Carvalho\n|j|\u2606Growls25\n|t:|1699967155\n|gametype|doubles\n|player|p1|O_Carvalho|cynthia-gen4|1088\n|player|p2|Growls25|elesa|1104\n|teamsize|p1|6\n|teamsize|p2|6\n|gen|9\n|tier|[Gen 9] Doubles OU\n|rated|\n|rule|Species Clause: Limit one of each Pok\u00e9mon\n|rule|OHKO Clause: OHKO moves are banned\n|rule|Evasion Moves Clause: Evasion moves are banned\n|rule|Gravity Sleep Clause: The combination of sleep-inducing moves with imperfect accuracy and Gravity or Gigantamax Orbeetle are banned\n|rule|Endless Battle Clause: Forcing endless battles is banned\n|rule|HP Percentage Mod: HP is shown in percentages\n|clearpoke\n|poke|p1|Breloom, F|\n|poke|p1|Murkrow, M|\n|poke|p1|Rotom-Wash|\n|poke|p1|Skeledirge, F|\n|poke|p1|Garchomp, M|\n|poke|p1|Sylveon, F|\n|poke|p2|Ninetales, F|\n|poke|p2|Scovillain, M|\n|poke|p2|Salazzle, F|\n|poke|p2|Arcanine, M|\n|poke|p2|Talonflame, M|\n|poke|p2|Skeledirge, M|\n|teampreview\n|\n|t:|1699967158\n|start\n|switch|p1a: Murkrow|Murkrow, M|100\/100\n|switch|p1b: Breloom|Breloom, F, shiny|100\/100\n|switch|p2a: Miko|Ninetales, F|100\/100\n|switch|p2b: Croc|Skeledirge, M|100\/100\n|-weather|SunnyDay|[from] ability: Drought|[of] p2a: Miko\n|turn|1\n|\n|t:|1699967178\n|-terastallize|p2b: Croc|Electric\n|move|p1a: Murkrow|Tailwind|p1a: Murkrow\n|-sidestart|p1: O_Carvalho|move: Tailwind\n|move|p1b: Breloom|Spore|p2b: Croc\n|-status|p2b: Croc|slp|[from] move: Spore\n|-enditem|p2b: Croc|Chesto Berry|[eat]\n|-curestatus|p2b: Croc|slp|[msg]\n|move|p2a: Miko|Heat Wave|p1a: Murkrow|[spread] p1b\n|-miss|p2a: Miko|p1a: Murkrow\n|-supereffective|p1b: Breloom\n|-enditem|p1b: Breloom|Focus Sash\n|-damage|p1b: Breloom|1\/100\n|move|p2b: Croc|Curse|p2b: Croc\n|-unboost|p2b: Croc|spe|1\n|-boost|p2b: Croc|atk|1\n|-boost|p2b: Croc|def|1\n|\n|-weather|SunnyDay|[upkeep]\n|upkeep\n|turn|2\n|\n|t:|1699967204\n|move|p1a: Murkrow|Haze|p1a: Murkrow\n|-clearallboost\n|move|p1b: Breloom|Spore|p2b: Croc\n|-status|p2b: Croc|slp|[from] move: Spore\n|move|p2a: Miko|Heat Wave|p1a: Murkrow|[spread] p1a,p1b\n|-supereffective|p1b: Breloom\n|-damage|p1a: Murkrow|68\/100\n|-damage|p1b: Breloom|0 fnt\n|faint|p1b: Breloom\n|cant|p2b: Croc|slp\n|\n|-weather|SunnyDay|[upkeep]\n|upkeep\n|\n|t:|1699967216\n|switch|p1b: Skeledirge|Skeledirge, F|100\/100\n|turn|3\n|\n|t:|1699967235\n|move|p1a: Murkrow|Foul Play|p2a: Miko\n|-damage|p2a: Miko|65\/100\n|move|p1b: Skeledirge|Shadow Ball|p2a: Miko\n|-damage|p2a: Miko|18\/100\n|-unboost|p2a: Miko|spd|1\n|move|p2a: Miko|Shadow Ball|p1b: Skeledirge\n|-supereffective|p1b: Skeledirge\n|-damage|p1b: Skeledirge|56\/100\n|-curestatus|p2b: Croc|slp|[msg]\n|move|p2b: Croc|Curse|p2b: Croc\n|-unboost|p2b: Croc|spe|1\n|-boost|p2b: Croc|atk|1\n|-boost|p2b: Croc|def|1\n|\n|-weather|SunnyDay|[upkeep]\n|upkeep\n|turn|4\n|\n|t:|1699967259\n|move|p1a: Murkrow|Haze|p1a: Murkrow\n|-clearallboost\n|move|p1b: Skeledirge|Shadow Ball|p2a: Miko\n|-damage|p2a: Miko|0 fnt\n|faint|p2a: Miko\n|move|p2b: Croc|Curse|p2b: Croc\n|-unboost|p2b: Croc|spe|1\n|-boost|p2b: Croc|atk|1\n|-boost|p2b: Croc|def|1\n|\n|-weather|SunnyDay|[upkeep]\n|-sideend|p1: O_Carvalho|move: Tailwind\n|upkeep\n|\n|t:|1699967278\n|switch|p2a: Petey Piranha|Scovillain, M|100\/100\n|turn|5\n|\n|t:|1699967289\n|move|p1a: Murkrow|Tailwind|p1a: Murkrow\n|-sidestart|p1: O_Carvalho|move: Tailwind\n|move|p2a: Petey Piranha|Flamethrower|p1a: Murkrow\n|-damage|p1a: Murkrow|0 fnt\n|faint|p1a: Murkrow\n|move|p1b: Skeledirge|Torch Song|p2b: Croc\n|-damage|p2b: Croc|60\/100\n|-boost|p1b: Skeledirge|spa|1\n|move|p2b: Croc|Curse|p2b: Croc\n|-unboost|p2b: Croc|spe|1\n|-boost|p2b: Croc|atk|1\n|-boost|p2b: Croc|def|1\n|\n|-weather|SunnyDay|[upkeep]\n|upkeep\n|\n|t:|1699967306\n|switch|p1a: Garchomp|Garchomp, M|100\/100\n|turn|6\n|\n|t:|1699967315\n|switch|p2a: Fawkes|Talonflame, M, shiny|100\/100\n|move|p1b: Skeledirge|Protect|p1b: Skeledirge\n|-singleturn|p1b: Skeledirge|Protect\n|move|p1a: Garchomp|Earthquake|p2b: Croc|[spread] p2b\n|-activate|p1b: Skeledirge|move: Protect\n|-immune|p2a: Fawkes\n|-supereffective|p2b: Croc\n|-damage|p2b: Croc|25\/100\n|move|p2b: Croc|Earthquake|p1a: Garchomp|[spread] p1a\n|-activate|p1b: Skeledirge|move: Protect\n|-immune|p2a: Fawkes\n|-damage|p1a: Garchomp|73\/100\n|\n|-weather|SunnyDay|[upkeep]\n|upkeep\n|turn|7\n|\n|t:|1699967344\n|move|p2a: Fawkes|Brave Bird|p1a: Garchomp\n|-damage|p1a: Garchomp|6\/100\n|-damage|p2a: Fawkes|88\/100|[from] ability: Rough Skin|[of] p1a: Garchomp\n|-damage|p2a: Fawkes|61\/100|[from] Recoil\n|-damage|p2a: Fawkes|52\/100|[from] item: Life Orb\n|move|p1a: Garchomp|Dragon Claw|p2a: Fawkes\n|-damage|p2a: Fawkes|0 fnt\n|faint|p2a: Fawkes\n|move|p1b: Skeledirge|Torch Song|p2b: Croc\n|-damage|p2b: Croc|0 fnt\n|-boost|p1b: Skeledirge|spa|1\n|faint|p2b: Croc\n|\n|-weather|SunnyDay|[upkeep]\n|upkeep\n|\n|t:|1699967358\n|switch|p2a: Petey Piranha|Scovillain, M|100\/100\n|switch|p2b: Battle Cat|Arcanine, M, shiny|100\/100\n|-ability|p2b: Battle Cat|Intimidate|boost\n|-fail|p1a: Garchomp|unboost|[from] item: Clear Amulet|[of] p1a: Garchomp\n|-unboost|p1b: Skeledirge|atk|1\n|turn|8\n|\n|t:|1699967380\n|move|p1b: Skeledirge|Protect|p1b: Skeledirge\n|-singleturn|p1b: Skeledirge|Protect\n|move|p2b: Battle Cat|Extreme Speed|p1a: Garchomp\n|-damage|p1a: Garchomp|0 fnt\n|-damage|p2b: Battle Cat|88\/100|[from] ability: Rough Skin|[of] p1a: Garchomp\n|faint|p1a: Garchomp\n|move|p2a: Petey Piranha|Solar Beam||[still]\n|-prepare|p2a: Petey Piranha|Solar Beam\n|-anim|p2a: Petey Piranha|Solar Beam|p1b: Skeledirge\n|-activate|p1b: Skeledirge|move: Protect\n|\n|-weather|none\n|-sideend|p1: O_Carvalho|move: Tailwind\n|upkeep\n|\n|t:|1699967393\n|switch|p1a: Sylveon|Sylveon, F, shiny|100\/100\n|turn|9\n|\n|t:|1699967404\n|switch|p2a: Lizzie|Salazzle, F, shiny|100\/100\n|move|p2b: Battle Cat|Play Rough|p1b: Skeledirge|[miss]\n|-miss|p2b: Battle Cat|p1b: Skeledirge\n|move|p1b: Skeledirge|Torch Song|p2a: Lizzie\n|-resisted|p2a: Lizzie\n|-damage|p2a: Lizzie|27\/100\n|-boost|p1b: Skeledirge|spa|1\n|move|p1a: Sylveon|Hyper Voice|p2b: Battle Cat|[spread] p2a,p2b\n|-resisted|p2a: Lizzie\n|-resisted|p2b: Battle Cat\n|-damage|p2a: Lizzie|8\/100\n|-damage|p2b: Battle Cat|73\/100\n|\n|upkeep\n|turn|10\n|\n|t:|1699967441\n|-terastallize|p1b: Skeledirge|Fire\n|move|p2a: Lizzie|Sludge Bomb|p1a: Sylveon\n|-supereffective|p1a: Sylveon\n|-damage|p1a: Sylveon|23\/100\n|-damage|p2a: Lizzie|0 fnt|[from] item: Life Orb\n|faint|p2a: Lizzie\n|move|p2b: Battle Cat|Play Rough|p1b: Skeledirge\n|-resisted|p1b: Skeledirge\n|-damage|p1b: Skeledirge|42\/100\n|-enditem|p1b: Skeledirge|Sitrus Berry|[eat]\n|-heal|p1b: Skeledirge|67\/100|[from] item: Sitrus Berry\n|move|p1b: Skeledirge|Torch Song|p2b: Battle Cat\n|-resisted|p2b: Battle Cat\n|-damage|p2b: Battle Cat|28\/100\n|-boost|p1b: Skeledirge|spa|1\n|move|p1a: Sylveon|Hyper Voice|p2b: Battle Cat\n|-resisted|p2b: Battle Cat\n|-damage|p2b: Battle Cat|6\/100\n|-heal|p1a: Sylveon|25\/100|[from] item: Shell Bell|[of] p2b: Battle Cat\n|\n|upkeep\n|\n|t:|1699967444\n|switch|p2a: Petey Piranha|Scovillain, M|100\/100\n|turn|11\n|\n|t:|1699967470\n|move|p2a: Petey Piranha|Hyper Beam|p1b: Skeledirge\n|-damage|p1b: Skeledirge|0 fnt\n|-mustrecharge|p2a: Petey Piranha\n|faint|p1b: Skeledirge\n|move|p2b: Battle Cat|Flame Charge|p1a: Sylveon\n|-damage|p1a: Sylveon|0 fnt\n|-boost|p2b: Battle Cat|spe|1\n|faint|p1a: Sylveon\n|\n|upkeep\n|\n|t:|1699967480\n|switch|p1a: Rotom|Rotom-Wash|100\/100\n|turn|12\n|\n|t:|1699967486\n|move|p2b: Battle Cat|Play Rough|p1a: Rotom\n|-damage|p1a: Rotom|60\/100\n|move|p1a: Rotom|Thunderbolt|p2b: Battle Cat\n|-damage|p2b: Battle Cat|0 fnt\n|faint|p2b: Battle Cat\n|cant|p2a: Petey Piranha|recharge\n|\n|upkeep\n|turn|13\n|\n|t:|1699967501\n|move|p1a: Rotom|Hydro Pump|p2a: Petey Piranha\n|-damage|p2a: Petey Piranha|16\/100\n|move|p2a: Petey Piranha|Hyper Beam|p1a: Rotom\n|-damage|p1a: Rotom|0 fnt\n|-mustrecharge|p2a: Petey Piranha\n|faint|p1a: Rotom\n|\n|win|Growls25\n|raw|O_Carvalho's rating: 1088 &rarr; <strong>1066<\/strong><br \/>(-22 for losing)\n|raw|Growls25's rating: 1104 &rarr; <strong>1128<\/strong><br \/>(+24 for winning)\n|c|\u2606O_Carvalho|gg\n|c|\u2606Growls25|gg\n|l|\u2606O_Carvalho\n","uploadtime":1699967531,"views":17,"p1id":"ocarvalho","p2id":"growls25","formatid":"gen9doublesou","rating":1066,"private":0,"password":""}