{"id":"gen9doublesou-1985425778","p1":"gonegeb","p2":"CasScrub","format":"[Gen 9] Doubles OU","log":"|j|\u2606gonegeb\n|j|\u2606CasScrub\n|t:|1699373681\n|gametype|doubles\n|player|p1|gonegeb|alain|1202\n|player|p2|CasScrub|1|1103\n|teamsize|p1|6\n|teamsize|p2|6\n|gen|9\n|tier|[Gen 9] Doubles OU\n|rated|\n|rule|Species Clause: Limit one of each Pok\u00e9mon\n|rule|OHKO Clause: OHKO moves are banned\n|rule|Evasion Moves Clause: Evasion moves are banned\n|rule|Gravity Sleep Clause: The combination of sleep-inducing moves with imperfect accuracy and Gravity or Gigantamax Orbeetle are banned\n|rule|Endless Battle Clause: Forcing endless battles is banned\n|rule|HP Percentage Mod: HP is shown in percentages\n|clearpoke\n|poke|p1|Lucario, M|\n|poke|p1|Umbreon, M|\n|poke|p1|Arcanine, F|\n|poke|p1|Ceruledge, M|\n|poke|p1|Maushold|\n|poke|p1|Fezandipiti, M|\n|poke|p2|Rabsca, M|\n|poke|p2|Krookodile, F|\n|poke|p2|Dragapult, M|\n|poke|p2|Iron Moth|\n|poke|p2|Pincurchin, M|\n|poke|p2|Gastrodon, F|\n|teampreview\n|\n|t:|1699373693\n|start\n|switch|p1a: Anubis|Lucario, M|100\/100\n|switch|p1b: Tourmaline|Fezandipiti, M|100\/100\n|switch|p2a: Rabsca|Rabsca, M|100\/100\n|switch|p2b: Krookodile|Krookodile, F|100\/100\n|-ability|p2b: Krookodile|Intimidate|boost\n|-unboost|p1a: Anubis|atk|1\n|-unboost|p1b: Tourmaline|atk|1\n|turn|1\n|\n|t:|1699373736\n|move|p1b: Tourmaline|Tailwind|p1b: Tourmaline\n|-sidestart|p1: gonegeb|move: Tailwind\n|move|p1a: Anubis|Drain Punch|p2b: Krookodile\n|-supereffective|p2b: Krookodile\n|-damage|p2b: Krookodile|40\/100\n|move|p2a: Rabsca|Speed Swap|p2b: Krookodile\n|-activate|p2a: Rabsca|move: Speed Swap|[of] p2b: Krookodile\n|move|p2b: Krookodile|Earthquake|p1b: Tourmaline|[spread] p1a,p1b\n|-activate|p2a: Rabsca|ability: Telepathy\n|-supereffective|p1a: Anubis\n|-supereffective|p1b: Tourmaline\n|-enditem|p1a: Anubis|Focus Sash\n|-damage|p1a: Anubis|1\/100\n|-damage|p1b: Tourmaline|24\/100\n|-enditem|p1b: Tourmaline|Mago Berry|[eat]\n|-heal|p1b: Tourmaline|57\/100|[from] item: Mago Berry\n|\n|upkeep\n|turn|2\n|\n|t:|1699373806\n|move|p1b: Tourmaline|Taunt|p2a: Rabsca\n|-start|p2a: Rabsca|move: Taunt\n|move|p1a: Anubis|Drain Punch|p2b: Krookodile\n|-supereffective|p2b: Krookodile\n|-damage|p2b: Krookodile|0 fnt\n|-heal|p1a: Anubis|24\/100|[from] drain|[of] p2b: Krookodile\n|faint|p2b: Krookodile\n|move|p2a: Rabsca|Psychic|p1b: Tourmaline\n|-supereffective|p1b: Tourmaline\n|-damage|p1b: Tourmaline|0 fnt\n|faint|p1b: Tourmaline\n|\n|upkeep\n|\n|t:|1699373821\n|switch|p1b: Howlite|Maushold|100\/100\n|switch|p2b: Iron Moth|Iron Moth|100\/100\n|turn|3\n|\n|t:|1699373839\n|move|p1b: Howlite|Beat Up|p1a: Anubis\n|-resisted|p1a: Anubis\n|-damage|p1a: Anubis|22\/100\n|-ability|p1a: Anubis|Justified|boost\n|-boost|p1a: Anubis|atk|1\n|-resisted|p1a: Anubis\n|-damage|p1a: Anubis|20\/100\n|-ability|p1a: Anubis|Justified|boost\n|-boost|p1a: Anubis|atk|1\n|-resisted|p1a: Anubis\n|-damage|p1a: Anubis|18\/100\n|-ability|p1a: Anubis|Justified|boost\n|-boost|p1a: Anubis|atk|1\n|-resisted|p1a: Anubis\n|-damage|p1a: Anubis|15\/100\n|-ability|p1a: Anubis|Justified|boost\n|-boost|p1a: Anubis|atk|1\n|-resisted|p1a: Anubis\n|-damage|p1a: Anubis|13\/100\n|-ability|p1a: Anubis|Justified|boost\n|-boost|p1a: Anubis|atk|1\n|-hitcount|p1a: Anubis|5\n|move|p1a: Anubis|Drain Punch|p2b: Iron Moth\n|-resisted|p2b: Iron Moth\n|-damage|p2b: Iron Moth|8\/100\n|-heal|p1a: Anubis|63\/100|[from] drain|[of] p2b: Iron Moth\n|move|p2b: Iron Moth|Fiery Dance|p1a: Anubis\n|-supereffective|p1a: Anubis\n|-damage|p1a: Anubis|0 fnt\n|-boost|p2b: Iron Moth|spa|1\n|faint|p1a: Anubis\n|move|p2a: Rabsca|Bug Buzz|p1b: Howlite\n|-damage|p1b: Howlite|38\/100\n|-enditem|p1b: Howlite|Sitrus Berry|[eat]\n|-heal|p1b: Howlite|63\/100|[from] item: Sitrus Berry\n|-heal|p1b: Howlite|97\/100|[from] ability: Cheek Pouch\n|\n|upkeep\n|\n|t:|1699373848\n|switch|p1a: Obsidian|Ceruledge, M, shiny|100\/100\n|turn|4\n|\n|t:|1699373876\n|move|p1b: Howlite|Encore|p2b: Iron Moth\n|-start|p2b: Iron Moth|Encore\n|move|p2b: Iron Moth|Fiery Dance|p1b: Howlite\n|-damage|p1b: Howlite|17\/100\n|move|p1a: Obsidian|Bulk Up|p1a: Obsidian\n|-boost|p1a: Obsidian|atk|1\n|-boost|p1a: Obsidian|def|1\n|move|p2a: Rabsca|Bug Buzz|p1b: Howlite\n|-crit|p1b: Howlite\n|-damage|p1b: Howlite|0 fnt\n|faint|p1b: Howlite\n|\n|-end|p2a: Rabsca|move: Taunt\n|-sideend|p1: gonegeb|move: Tailwind\n|upkeep\n|\n|t:|1699373887\n|switch|p1b: Pryna|Arcanine, F, shiny|100\/100\n|-ability|p1b: Pryna|Intimidate|boost\n|-unboost|p2a: Rabsca|atk|1\n|-enditem|p2a: Rabsca|Adrenaline Orb\n|-boost|p2a: Rabsca|spe|1|[from] item: Adrenaline Orb\n|-unboost|p2b: Iron Moth|atk|1\n|turn|5\n|\n|t:|1699373905\n|-end|p2b: Iron Moth|Quark Drive|[silent]\n|switch|p2b: Gastrodon|Gastrodon, F|100\/100\n|move|p2a: Rabsca|Protect|p2a: Rabsca\n|-singleturn|p2a: Rabsca|Protect\n|move|p1a: Obsidian|Shadow Sneak|p2b: Gastrodon\n|-damage|p2b: Gastrodon|73\/100\n|move|p1b: Pryna|Flare Blitz|p1a: Obsidian\n|-start|p1a: Obsidian|ability: Flash Fire\n|\n|upkeep\n|turn|6\n|\n|t:|1699373939\n|move|p2a: Rabsca|Speed Swap|p2b: Gastrodon\n|-activate|p2a: Rabsca|move: Speed Swap|[of] p2b: Gastrodon\n|move|p2b: Gastrodon|Rain Dance|p2b: Gastrodon\n|-weather|RainDance\n|move|p1b: Pryna|Flare Blitz|p2a: Rabsca\n|-supereffective|p2a: Rabsca\n|-damage|p2a: Rabsca|51\/100\n|-damage|p1b: Pryna|86\/100|[from] Recoil\n|move|p1a: Obsidian|Bitter Blade|p2b: Gastrodon\n|-resisted|p2b: Gastrodon\n|-damage|p2b: Gastrodon|49\/100\n|\n|-weather|RainDance|[upkeep]\n|upkeep\n|turn|7\n|\n|t:|1699373975\n|-terastallize|p1a: Obsidian|Fairy\n|move|p2b: Gastrodon|Helping Hand|p2a: Rabsca\n|-singleturn|p2a: Rabsca|Helping Hand|[of] p2b: Gastrodon\n|move|p1b: Pryna|Flare Blitz|p2a: Rabsca\n|-supereffective|p2a: Rabsca\n|-damage|p2a: Rabsca|6\/100\n|-damage|p1b: Pryna|72\/100|[from] Recoil\n|move|p1a: Obsidian|Bitter Blade|p2b: Gastrodon\n|-resisted|p2b: Gastrodon\n|-damage|p2b: Gastrodon|25\/100\n|-enditem|p2b: Gastrodon|Iapapa Berry|[eat]\n|-heal|p2b: Gastrodon|59\/100|[from] item: Iapapa Berry\n|move|p2a: Rabsca|Psychic|p1a: Obsidian\n|-damage|p1a: Obsidian|51\/100\n|\n|-weather|RainDance|[upkeep]\n|upkeep\n|turn|8\n|\n|t:|1699374007\n|move|p2a: Rabsca|Protect|p2a: Rabsca\n|-singleturn|p2a: Rabsca|Protect\n|move|p1b: Pryna|Extreme Speed|p2a: Rabsca\n|-activate|p2a: Rabsca|move: Protect\n|move|p2b: Gastrodon|Chilling Water|p1a: Obsidian\n|-damage|p1a: Obsidian|32\/100\n|-unboost|p1a: Obsidian|atk|1\n|move|p1a: Obsidian|Bitter Blade|p2b: Gastrodon\n|-resisted|p2b: Gastrodon\n|-damage|p2b: Gastrodon|43\/100\n|-heal|p1a: Obsidian|41\/100|[from] drain|[of] p2b: Gastrodon\n|\n|-weather|RainDance|[upkeep]\n|upkeep\n|turn|9\n|inactive|Battle timer is ON: inactive players will automatically lose when time's up. (requested by CasScrub)\n|inactive|gonegeb has 120 seconds left.\n|inactive|gonegeb has 90 seconds left.\n|\n|t:|1699374145\n|switch|p2a: Dragapult|Dragapult, M|100\/100\n|move|p1b: Pryna|Extreme Speed|p2a: Dragapult\n|-immune|p2a: Dragapult\n|move|p2b: Gastrodon|Chilling Water|p1a: Obsidian\n|-damage|p1a: Obsidian|24\/100\n|-unboost|p1a: Obsidian|atk|1\n|move|p1a: Obsidian|Bitter Blade|p2b: Gastrodon\n|-resisted|p2b: Gastrodon\n|-damage|p2b: Gastrodon|32\/100\n|-heal|p1a: Obsidian|30\/100|[from] drain|[of] p2b: Gastrodon\n|\n|-weather|RainDance|[upkeep]\n|upkeep\n|turn|10\n|inactive|gonegeb has 120 seconds left.\n|\n|t:|1699374198\n|switch|p1b: Umbra|Umbreon, M, shiny|100\/100\n|move|p2b: Gastrodon|Protect|p2b: Gastrodon\n|-singleturn|p2b: Gastrodon|Protect\n|move|p1a: Obsidian|Shadow Sneak|p2a: Dragapult\n|-supereffective|p2a: Dragapult\n|-damage|p2a: Dragapult|64\/100\n|move|p2a: Dragapult|Thunder|p1a: Obsidian\n|-damage|p1a: Obsidian|9\/100\n|\n|-weather|none\n|upkeep\n|turn|11\n|inactive|gonegeb has 120 seconds left.\n|\n|t:|1699374228\n|move|p2a: Dragapult|Thunder|p1a: Obsidian|[miss]\n|-miss|p2a: Dragapult|p1a: Obsidian\n|move|p2b: Gastrodon|Rain Dance|p2b: Gastrodon\n|-weather|RainDance\n|move|p1a: Obsidian|Bulk Up|p1a: Obsidian\n|-boost|p1a: Obsidian|atk|1\n|-boost|p1a: Obsidian|def|1\n|move|p1b: Umbra|Yawn|p2b: Gastrodon\n|-start|p2b: Gastrodon|move: Yawn|[of] p1b: Umbra\n|\n|-weather|RainDance|[upkeep]\n|upkeep\n|turn|12\n|inactive|gonegeb has 120 seconds left.\n|\n|t:|1699374255\n|move|p2b: Gastrodon|Helping Hand|p2a: Dragapult\n|-singleturn|p2a: Dragapult|Helping Hand|[of] p2b: Gastrodon\n|move|p1a: Obsidian|Shadow Sneak|p2a: Dragapult\n|-supereffective|p2a: Dragapult\n|-crit|p2a: Dragapult\n|-damage|p2a: Dragapult|0 fnt\n|faint|p2a: Dragapult\n|move|p1b: Umbra|Foul Play|p2b: Gastrodon\n|-damage|p2b: Gastrodon|10\/100\n|\n|-weather|RainDance|[upkeep]\n|-end|p2b: Gastrodon|move: Yawn|[silent]\n|-status|p2b: Gastrodon|slp\n|upkeep\n|\n|t:|1699374266\n|switch|p2a: Pincurchin|Pincurchin, M|100\/100\n|-fieldstart|move: Electric Terrain|[from] ability: Electric Surge|[of] p2a: Pincurchin\n|-enditem|p2a: Pincurchin|Electric Seed\n|-boost|p2a: Pincurchin|def|1|[from] item: Electric Seed\n|turn|13\n|inactive|gonegeb has 120 seconds left.\n|\n|t:|1699374282\n|cant|p2b: Gastrodon|slp\n|move|p1a: Obsidian|Bitter Blade|p2a: Pincurchin\n|-damage|p2a: Pincurchin|85\/100\n|-heal|p1a: Obsidian|16\/100|[from] drain|[of] p2a: Pincurchin\n|move|p1b: Umbra|Foul Play|p2b: Gastrodon\n|-damage|p2b: Gastrodon|0 fnt\n|faint|p2b: Gastrodon\n|move|p2a: Pincurchin|Toxic Spikes|p1b: Umbra\n|-sidestart|p1: gonegeb|move: Toxic Spikes\n|\n|-weather|RainDance|[upkeep]\n|upkeep\n|\n|t:|1699374296\n|switch|p2b: Iron Moth|Iron Moth|8\/100\n|-activate|p2b: Iron Moth|ability: Quark Drive\n|-start|p2b: Iron Moth|quarkdrivespa\n|turn|14\n|\n|t:|1699374309\n|move|p1a: Obsidian|Shadow Sneak|p2b: Iron Moth\n|-crit|p2b: Iron Moth\n|-damage|p2b: Iron Moth|0 fnt\n|faint|p2b: Iron Moth\n|-end|p2b: Iron Moth|Quark Drive|[silent]\n|move|p1b: Umbra|Foul Play|p2a: Pincurchin\n|-damage|p2a: Pincurchin|65\/100\n|move|p2a: Pincurchin|Toxic Spikes|p1b: Umbra\n|-sidestart|p1: gonegeb|move: Toxic Spikes\n|\n|-weather|RainDance|[upkeep]\n|upkeep\n|\n|t:|1699374317\n|switch|p2b: Rabsca|Rabsca, M|6\/100\n|turn|15\n|\n|t:|1699374332\n|move|p2b: Rabsca|Protect|p2b: Rabsca\n|-singleturn|p2b: Rabsca|Protect\n|move|p1a: Obsidian|Shadow Sneak|p2b: Rabsca\n|-activate|p2b: Rabsca|move: Protect\n|move|p1b: Umbra|Yawn|p2a: Pincurchin\n|-activate|p2a: Pincurchin|move: Electric Terrain\n|move|p2a: Pincurchin|Curse|p2a: Pincurchin\n|-unboost|p2a: Pincurchin|spe|1\n|-boost|p2a: Pincurchin|atk|1\n|-boost|p2a: Pincurchin|def|1\n|\n|-weather|none\n|upkeep\n|turn|16\n|\n|t:|1699374356\n|move|p1a: Obsidian|Shadow Sneak|p2b: Rabsca\n|-supereffective|p2b: Rabsca\n|-crit|p2b: Rabsca\n|-damage|p2b: Rabsca|0 fnt\n|faint|p2b: Rabsca\n|move|p1b: Umbra|Foul Play|p2a: Pincurchin\n|-crit|p2a: Pincurchin\n|-damage|p2a: Pincurchin|0 fnt\n|faint|p2a: Pincurchin\n|\n|win|gonegeb\n|raw|gonegeb's rating: 1202 &rarr; <strong>1220<\/strong><br \/>(+18 for winning)\n|raw|CasScrub's rating: 1103 &rarr; <strong>1085<\/strong><br \/>(-18 for losing)\n|l|\u2606CasScrub\n|c|\u2606gonegeb|nice\n","uploadtime":1699374374,"views":11,"p1id":"gonegeb","p2id":"casscrub","formatid":"gen9doublesou","rating":1085,"private":0,"password":""}