{"id":"gen9doublesou-1991919738","p1":"ReligiousTweezer","p2":"joekerr17","format":"[Gen 9] Doubles OU","log":"|j|\u2606ReligiousTweezer\n|j|\u2606joekerr17\n|t:|1700138224\n|gametype|doubles\n|player|p1|ReligiousTweezer|medium|1307\n|player|p2|joekerr17|102|1432\n|teamsize|p1|6\n|teamsize|p2|6\n|gen|9\n|tier|[Gen 9] Doubles OU\n|rated|\n|rule|Species Clause: Limit one of each Pok\u00e9mon\n|rule|OHKO Clause: OHKO moves are banned\n|rule|Evasion Moves Clause: Evasion moves are banned\n|rule|Gravity Sleep Clause: The combination of sleep-inducing moves with imperfect accuracy and Gravity or Gigantamax Orbeetle are banned\n|rule|Endless Battle Clause: Forcing endless battles is banned\n|rule|HP Percentage Mod: HP is shown in percentages\n|clearpoke\n|poke|p1|Empoleon, M|\n|poke|p1|Torterra, M|\n|poke|p1|Corviknight, M|\n|poke|p1|Skeledirge, M|\n|poke|p1|Umbreon, M|\n|poke|p1|Ninetales-Alola, F|\n|poke|p2|Arcanine-Hisui, F|\n|poke|p2|Chesnaught, F|\n|poke|p2|Rillaboom, F|\n|poke|p2|Iron Bundle|\n|poke|p2|Kommo-o, M|\n|poke|p2|Kleavor, M|\n|teampreview\n|inactive|Battle timer is ON: inactive players will automatically lose when time's up. (requested by ReligiousTweezer)\n|\n|t:|1700138241\n|start\n|switch|p1a: Ring Doorbell|Umbreon, M, shiny|100\/100\n|switch|p1b: Birdman|Corviknight, M, shiny|100\/100\n|switch|p2a: Rillaboom|Rillaboom, F|100\/100\n|switch|p2b: Chesnaught|Chesnaught, F|100\/100\n|-fieldstart|move: Grassy Terrain|[from] ability: Grassy Surge|[of] p2a: Rillaboom\n|turn|1\n|\n|t:|1700138250\n|move|p2a: Rillaboom|Fake Out|p1b: Birdman\n|-resisted|p1b: Birdman\n|-damage|p1b: Birdman|94\/100\n|cant|p1b: Birdman|flinch\n|move|p1a: Ring Doorbell|Calm Mind|p1a: Ring Doorbell\n|-boost|p1a: Ring Doorbell|spa|1\n|-boost|p1a: Ring Doorbell|spd|1\n|move|p2b: Chesnaught|Belly Drum|p2b: Chesnaught\n|-damage|p2b: Chesnaught|51\/100\n|-setboost|p2b: Chesnaught|atk|6|[from] move: Belly Drum\n|\n|-heal|p1b: Birdman|99\/100|[from] item: Leftovers\n|-heal|p2b: Chesnaught|57\/100|[from] Grassy Terrain\n|upkeep\n|turn|2\n|\n|t:|1700138274\n|-terastallize|p2b: Chesnaught|Grass\n|move|p1a: Ring Doorbell|Protect|p1a: Ring Doorbell\n|-singleturn|p1a: Ring Doorbell|Protect\n|move|p2b: Chesnaught|Grassy Glide|p1b: Birdman\n|-resisted|p1b: Birdman\n|-damage|p1b: Birdman|46\/100\n|move|p1b: Birdman|Brave Bird|p2b: Chesnaught\n|-supereffective|p2b: Chesnaught\n|-damage|p2b: Chesnaught|0 fnt\n|faint|p2b: Chesnaught\n|-damage|p1b: Birdman|25\/100|[from] Recoil\n|move|p2a: Rillaboom|Knock Off|p1b: Birdman\n|-damage|p1b: Birdman|0 fnt\n|-enditem|p1b: Birdman|Leftovers|[from] move: Knock Off|[of] p2a: Rillaboom\n|faint|p1b: Birdman\n|\n|upkeep\n|inactive|joekerr17 has 120 seconds left.\n|\n|t:|1700138312\n|switch|p1b: Crocodile Rock|Skeledirge, M|100\/100\n|switch|p2b: Iron Bundle|Iron Bundle|100\/100\n|-enditem|p2b: Iron Bundle|Booster Energy\n|-activate|p2b: Iron Bundle|ability: Quark Drive|[fromitem]\n|-start|p2b: Iron Bundle|quarkdrivespe\n|turn|3\n|\n|t:|1700138326\n|-terastallize|p1b: Crocodile Rock|Normal\n|move|p2b: Iron Bundle|Hydro Pump|p1b: Crocodile Rock\n|-damage|p1b: Crocodile Rock|50\/100\n|move|p2a: Rillaboom|Wood Hammer|p1a: Ring Doorbell\n|-damage|p1a: Ring Doorbell|45\/100\n|-damage|p2a: Rillaboom|84\/100|[from] Recoil\n|move|p1a: Ring Doorbell|Calm Mind|p1a: Ring Doorbell\n|-boost|p1a: Ring Doorbell|spa|1\n|-boost|p1a: Ring Doorbell|spd|1\n|move|p1b: Crocodile Rock|Torch Song|p2a: Rillaboom\n|-supereffective|p2a: Rillaboom\n|-crit|p2a: Rillaboom\n|-damage|p2a: Rillaboom|20\/100\n|-boost|p1b: Crocodile Rock|spa|1\n|\n|-heal|p2a: Rillaboom|26\/100|[from] Grassy Terrain\n|-heal|p1a: Ring Doorbell|51\/100|[from] Grassy Terrain\n|-heal|p1b: Crocodile Rock|56\/100|[from] Grassy Terrain\n|-heal|p1b: Crocodile Rock|62\/100|[from] item: Leftovers\n|upkeep\n|turn|4\n|\n|t:|1700138346\n|move|p1a: Ring Doorbell|Protect|p1a: Ring Doorbell\n|-singleturn|p1a: Ring Doorbell|Protect\n|move|p1b: Crocodile Rock|Protect|p1b: Crocodile Rock\n|-singleturn|p1b: Crocodile Rock|Protect\n|move|p2a: Rillaboom|Grassy Glide|p1b: Crocodile Rock\n|-activate|p1b: Crocodile Rock|move: Protect\n|move|p2b: Iron Bundle|Freeze-Dry|p1b: Crocodile Rock\n|-activate|p1b: Crocodile Rock|move: Protect\n|\n|-heal|p2a: Rillaboom|32\/100|[from] Grassy Terrain\n|-heal|p1a: Ring Doorbell|57\/100|[from] Grassy Terrain\n|-heal|p1b: Crocodile Rock|68\/100|[from] Grassy Terrain\n|-heal|p1b: Crocodile Rock|74\/100|[from] item: Leftovers\n|upkeep\n|turn|5\n|\n|t:|1700138367\n|move|p2b: Iron Bundle|Hydro Pump|p1b: Crocodile Rock\n|-damage|p1b: Crocodile Rock|27\/100\n|move|p2a: Rillaboom|Knock Off|p1b: Crocodile Rock\n|-damage|p1b: Crocodile Rock|3\/100\n|-enditem|p1b: Crocodile Rock|Leftovers|[from] move: Knock Off|[of] p2a: Rillaboom\n|move|p1a: Ring Doorbell|Baton Pass|p1a: Ring Doorbell\n|\n|t:|1700138379\n|switch|p1a: Galadriel|Ninetales-Alola, F, shiny|100\/100|[from] Baton Pass\n|-weather|Snow|[from] ability: Snow Warning|[of] p1a: Galadriel\n|move|p1b: Crocodile Rock|Slack Off|p1b: Crocodile Rock\n|-heal|p1b: Crocodile Rock|53\/100\n|\n|-weather|Snow|[upkeep]\n|-heal|p2a: Rillaboom|38\/100|[from] Grassy Terrain\n|-heal|p1b: Crocodile Rock|59\/100|[from] Grassy Terrain\n|-fieldend|move: Grassy Terrain\n|upkeep\n|turn|6\n|\n|t:|1700138401\n|switch|p2a: Kleavor|Kleavor, M|100\/100\n|move|p1b: Crocodile Rock|Protect|p1b: Crocodile Rock\n|-singleturn|p1b: Crocodile Rock|Protect\n|move|p2b: Iron Bundle|Taunt|p1a: Galadriel\n|-start|p1a: Galadriel|move: Taunt\n|move|p1a: Galadriel|Freeze-Dry|p2b: Iron Bundle\n|-damage|p2b: Iron Bundle|10\/100\n|\n|-weather|Snow|[upkeep]\n|upkeep\n|turn|7\n|\n|t:|1700138421\n|move|p2b: Iron Bundle|Hydro Pump|p1b: Crocodile Rock\n|-damage|p1b: Crocodile Rock|7\/100\n|move|p1a: Galadriel|Dazzling Gleam|p2a: Kleavor|[spread] p2a,p2b\n|-damage|p2a: Kleavor|50\/100\n|-damage|p2b: Iron Bundle|0 fnt\n|faint|p2b: Iron Bundle\n|-end|p2b: Iron Bundle|Quark Drive|[silent]\n|move|p2a: Kleavor|Stone Axe|p1a: Galadriel\n|-supereffective|p1a: Galadriel\n|-damage|p1a: Galadriel|10\/100\n|-sidestart|p1: ReligiousTweezer|move: Stealth Rock\n|-enditem|p1a: Galadriel|Red Card|[of] p2a: Kleavor\n|drag|p2a: Rillaboom|Rillaboom, F|38\/100\n|-fieldstart|move: Grassy Terrain|[from] ability: Grassy Surge|[of] p2a: Rillaboom\n|move|p1b: Crocodile Rock|Torch Song|p2a: Rillaboom\n|-supereffective|p2a: Rillaboom\n|-damage|p2a: Rillaboom|0 fnt\n|-boost|p1b: Crocodile Rock|spa|1\n|faint|p2a: Rillaboom\n|\n|-weather|Snow|[upkeep]\n|-heal|p1a: Galadriel|16\/100|[from] Grassy Terrain\n|-heal|p1b: Crocodile Rock|13\/100|[from] Grassy Terrain\n|upkeep\n|\n|t:|1700138435\n|switch|p2b: Kommo-o|Kommo-o, M|100\/100\n|switch|p2a: Arcanine|Arcanine-Hisui, F|100\/100\n|-ability|p2a: Arcanine|Intimidate|boost\n|-unboost|p1a: Galadriel|atk|1\n|-unboost|p1b: Crocodile Rock|atk|1\n|turn|8\n|inactive|ReligiousTweezer has 120 seconds left.\n|\n|t:|1700138468\n|move|p2b: Kommo-o|Protect|p2b: Kommo-o\n|-singleturn|p2b: Kommo-o|Protect\n|move|p1a: Galadriel|Dazzling Gleam|p2a: Arcanine|[spread] p2a\n|-activate|p2b: Kommo-o|move: Protect\n|-resisted|p2a: Arcanine\n|-damage|p2a: Arcanine|75\/100\n|move|p2a: Arcanine|Rock Slide|p1a: Galadriel|[spread] p1a,p1b\n|-supereffective|p1a: Galadriel\n|-damage|p1a: Galadriel|0 fnt\n|-damage|p1b: Crocodile Rock|0 fnt\n|faint|p1a: Galadriel\n|faint|p1b: Crocodile Rock\n|\n|-weather|Snow|[upkeep]\n|-heal|p2a: Arcanine|81\/100|[from] Grassy Terrain\n|upkeep\n|inactive|ReligiousTweezer has 120 seconds left.\n|\n|t:|1700138485\n|switch|p1a: Ring Doorbell|Umbreon, M, shiny|57\/100\n|switch|p1b: Blue Man Group|Empoleon, M, shiny|100\/100\n|-damage|p1a: Ring Doorbell|45\/100|[from] Stealth Rock\n|-damage|p1b: Blue Man Group|94\/100|[from] Stealth Rock\n|turn|9\n|inactive|ReligiousTweezer has 120 seconds left.\n|\n|t:|1700138511\n|move|p1a: Ring Doorbell|Protect|p1a: Ring Doorbell\n|-singleturn|p1a: Ring Doorbell|Protect\n|move|p2b: Kommo-o|Clangorous Soul|p2b: Kommo-o\n|-boost|p2b: Kommo-o|atk|1\n|-boost|p2b: Kommo-o|def|1\n|-boost|p2b: Kommo-o|spa|1\n|-boost|p2b: Kommo-o|spd|1\n|-boost|p2b: Kommo-o|spe|1\n|-damage|p2b: Kommo-o|68\/100\n|-enditem|p2b: Kommo-o|Throat Spray\n|-boost|p2b: Kommo-o|spa|1|[from] item: Throat Spray\n|move|p2a: Arcanine|Rock Slide|p1b: Blue Man Group|[spread] p1b\n|-activate|p1a: Ring Doorbell|move: Protect\n|-resisted|p1b: Blue Man Group\n|-damage|p1b: Blue Man Group|75\/100\n|move|p1b: Blue Man Group|Blizzard|p2b: Kommo-o|[spread] p2a,p2b\n|-resisted|p2a: Arcanine\n|-supereffective|p2b: Kommo-o\n|-damage|p2a: Arcanine|67\/100\n|-damage|p2b: Kommo-o|30\/100\n|\n|-weather|none\n|-heal|p2b: Kommo-o|37\/100|[from] Grassy Terrain\n|-heal|p2a: Arcanine|73\/100|[from] Grassy Terrain\n|-heal|p1a: Ring Doorbell|51\/100|[from] Grassy Terrain\n|-heal|p1b: Blue Man Group|81\/100|[from] Grassy Terrain\n|upkeep\n|turn|10\n|inactive|ReligiousTweezer has 120 seconds left.\n|\n|t:|1700138537\n|switch|p2a: Kleavor|Kleavor, M|50\/100\n|move|p2b: Kommo-o|Clanging Scales|p1b: Blue Man Group|[spread] p1a,p1b\n|-resisted|p1b: Blue Man Group\n|-damage|p1a: Ring Doorbell|6\/100\n|-damage|p1b: Blue Man Group|59\/100\n|-unboost|p2b: Kommo-o|def|1\n|move|p1a: Ring Doorbell|Calm Mind|p1a: Ring Doorbell\n|-boost|p1a: Ring Doorbell|spa|1\n|-boost|p1a: Ring Doorbell|spd|1\n|move|p1b: Blue Man Group|Surf|p2b: Kommo-o|[spread] p1a,p2a,p2b\n|-supereffective|p2a: Kleavor\n|-resisted|p2b: Kommo-o\n|-damage|p1a: Ring Doorbell|0 fnt\n|-damage|p2a: Kleavor|0 fnt\n|-damage|p2b: Kommo-o|25\/100\n|faint|p1a: Ring Doorbell\n|faint|p2a: Kleavor\n|\n|-heal|p2b: Kommo-o|31\/100|[from] Grassy Terrain\n|-heal|p1b: Blue Man Group|65\/100|[from] Grassy Terrain\n|upkeep\n|\n|t:|1700138553\n|switch|p2a: Arcanine|Arcanine-Hisui, F|73\/100\n|switch|p1a: Treetops|Torterra, M, shiny|100\/100\n|-ability|p2a: Arcanine|Intimidate|boost\n|-unboost|p1a: Treetops|atk|1\n|-unboost|p1b: Blue Man Group|atk|1\n|-ability|p1b: Blue Man Group|Competitive|boost\n|-boost|p1b: Blue Man Group|spa|2\n|-damage|p1a: Treetops|94\/100|[from] Stealth Rock\n|turn|11\n|inactive|joekerr17 has 120 seconds left.\n|\n|t:|1700138583\n|move|p2b: Kommo-o|Clanging Scales|p1a: Treetops|[spread] p1a,p1b\n|-resisted|p1b: Blue Man Group\n|-damage|p1a: Treetops|23\/100\n|-damage|p1b: Blue Man Group|44\/100\n|-unboost|p2b: Kommo-o|def|1\n|move|p2a: Arcanine|Flare Blitz|p1b: Blue Man Group\n|-damage|p1b: Blue Man Group|0 fnt\n|faint|p1b: Blue Man Group\n|-damage|p2a: Arcanine|60\/100|[from] Recoil\n|move|p1a: Treetops|Shell Smash|p1a: Treetops\n|-unboost|p1a: Treetops|def|1\n|-unboost|p1a: Treetops|spd|1\n|-boost|p1a: Treetops|atk|2\n|-boost|p1a: Treetops|spa|2\n|-boost|p1a: Treetops|spe|2\n|\n|-heal|p2b: Kommo-o|38\/100|[from] Grassy Terrain\n|-heal|p1a: Treetops|30\/100|[from] Grassy Terrain\n|-heal|p1a: Treetops|36\/100|[from] item: Leftovers\n|-heal|p2a: Arcanine|66\/100|[from] Grassy Terrain\n|-fieldend|move: Grassy Terrain\n|upkeep\n|turn|12\n|\n|t:|1700138595\n|move|p2b: Kommo-o|Flash Cannon|p1a: Treetops\n|-damage|p1a: Treetops|0 fnt\n|faint|p1a: Treetops\n|\n|win|joekerr17\n|raw|ReligiousTweezer's rating: 1307 &rarr; <strong>1294<\/strong><br \/>(-13 for losing)\n|raw|joekerr17's rating: 1432 &rarr; <strong>1445<\/strong><br \/>(+13 for winning)\n","uploadtime":1700138599,"views":5,"p1id":"religioustweezer","p2id":"joekerr17","formatid":"gen9doublesou","rating":1294,"private":0,"password":""}