{"id":"gen9doublesou-1997525392","p1":"MLG Popplio","p2":"mexicanpasta","format":"[Gen 9] Doubles OU","log":"|j|\u2606MLG Popplio\n|j|\u2606mexicanpasta\n|inactive|Battle timer is ON: inactive players will automatically lose when time's up.\n|t:|1700820176\n|gametype|doubles\n|player|p1|MLG Popplio|az|\n|player|p2|mexicanpasta|parasollady|\n|teamsize|p1|6\n|teamsize|p2|6\n|gen|9\n|tier|[Gen 9] Doubles OU\n|rated|Tournament battle\n|rule|Species Clause: Limit one of each Pok\u00e9mon\n|rule|OHKO Clause: OHKO moves are banned\n|rule|Evasion Moves Clause: Evasion moves are banned\n|rule|Gravity Sleep Clause: The combination of sleep-inducing moves with imperfect accuracy and Gravity or Gigantamax Orbeetle are banned\n|rule|Endless Battle Clause: Forcing endless battles is banned\n|rule|HP Percentage Mod: HP is shown in percentages\n|clearpoke\n|poke|p1|Luxio, F|\n|poke|p1|Cloyster, M|\n|poke|p1|Grafaiai, M|\n|poke|p1|Avalugg, F|\n|poke|p1|Hydreigon, M|\n|poke|p1|Mienshao, F|\n|poke|p2|Delphox, F|\n|poke|p2|Breloom, F|\n|poke|p2|Nosepass, M|\n|poke|p2|Corviknight, M|\n|poke|p2|Gardevoir, F|\n|poke|p2|Gurdurr, F|\n|teampreview\n|j|*Lady Monita \u2746\n|inactive|mexicanpasta also wants the timer to be on.\n|j| Oscarx90\n|\n|t:|1700820205\n|start\n|switch|p1a: Mienshao|Mienshao, F|100\/100\n|switch|p1b: Avalugg|Avalugg, F|100\/100\n|switch|p2a: Nosepass|Nosepass, M|100\/100\n|switch|p2b: Gurdurr|Gurdurr, F|100\/100\n|turn|1\n|j| Camellia-god\n|inactive|mexicanpasta has 120 seconds left.\n|\n|t:|1700820248\n|move|p1a: Mienshao|Fake Out|p2b: Gurdurr\n|-damage|p2b: Gurdurr|87\/100\n|cant|p2b: Gurdurr|flinch\n|move|p2a: Nosepass|Thunder Wave|p1a: Mienshao\n|-status|p1a: Mienshao|par\n|move|p1b: Avalugg|Snowscape|p1b: Avalugg\n|-weather|Snow\n|\n|-weather|Snow|[upkeep]\n|-status|p2b: Gurdurr|brn|[from] item: Flame Orb\n|upkeep\n|turn|2\n|\n|t:|1700820268\n|cant|p1a: Mienshao|par\n|move|p2b: Gurdurr|Bulk Up|p2b: Gurdurr\n|-boost|p2b: Gurdurr|atk|1\n|-boost|p2b: Gurdurr|def|1\n|move|p2a: Nosepass|Taunt|p1b: Avalugg\n|-start|p1b: Avalugg|move: Taunt\n|move|p1b: Avalugg|Body Press|p2a: Nosepass\n|-supereffective|p2a: Nosepass\n|-damage|p2a: Nosepass|69\/100\n|\n|-weather|Snow|[upkeep]\n|-damage|p2b: Gurdurr|81\/100 brn|[from] brn\n|upkeep\n|turn|3\n|\n|t:|1700820286\n|move|p1a: Mienshao|U-turn|p2a: Nosepass\n|-damage|p2a: Nosepass|58\/100\n|\n|t:|1700820292\n|switch|p1a: Luxio|Luxio, F|100\/100|[from] U-turn\n|-ability|p1a: Luxio|Intimidate|boost\n|-unboost|p2a: Nosepass|atk|1\n|-unboost|p2b: Gurdurr|atk|1\n|move|p2b: Gurdurr|Facade|p1a: Luxio\n|-damage|p1a: Luxio|8\/100\n|move|p2a: Nosepass|Thunder Wave|p1b: Avalugg|[miss]\n|-miss|p2a: Nosepass|p1b: Avalugg\n|move|p1b: Avalugg|Body Press|p2a: Nosepass\n|-supereffective|p2a: Nosepass\n|-damage|p2a: Nosepass|23\/100\n|\n|-weather|Snow|[upkeep]\n|-damage|p2b: Gurdurr|75\/100 brn|[from] brn\n|upkeep\n|turn|4\n|\n|t:|1700820309\n|move|p1a: Luxio|Light Screen|p1a: Luxio\n|-sidestart|p1: MLG Popplio|move: Light Screen\n|move|p2b: Gurdurr|Bulk Up|p2b: Gurdurr\n|-boost|p2b: Gurdurr|atk|1\n|-boost|p2b: Gurdurr|def|1\n|move|p2a: Nosepass|Rock Slide|p1a: Luxio|[spread] p1a,p1b\n|-supereffective|p1b: Avalugg\n|-damage|p1a: Luxio|0 fnt\n|-damage|p1b: Avalugg|96\/100\n|faint|p1a: Luxio\n|move|p1b: Avalugg|Body Press|p2a: Nosepass\n|-supereffective|p2a: Nosepass\n|-damage|p2a: Nosepass|0 fnt\n|faint|p2a: Nosepass\n|\n|-weather|Snow|[upkeep]\n|-damage|p2b: Gurdurr|68\/100 brn|[from] brn\n|-end|p1b: Avalugg|move: Taunt\n|upkeep\n|\n|t:|1700820321\n|switch|p1a: Hydreigon|Hydreigon, M|100\/100\n|switch|p2a: Delphox|Delphox, F|100\/100\n|turn|5\n|\n|t:|1700820332\n|-terastallize|p2a: Delphox|Flying\n|move|p2a: Delphox|Flamethrower|p1b: Avalugg\n|-supereffective|p1b: Avalugg\n|-damage|p1b: Avalugg|42\/100\n|move|p1a: Hydreigon|Draco Meteor|p2b: Gurdurr\n|-damage|p2b: Gurdurr|0 fnt\n|-unboost|p1a: Hydreigon|spa|2\n|faint|p2b: Gurdurr\n|move|p1b: Avalugg|Aurora Veil|p1b: Avalugg\n|-sidestart|p1: MLG Popplio|move: Aurora Veil\n|\n|-weather|none\n|upkeep\n|\n|t:|1700820347\n|switch|p2b: Gardevoir|Gardevoir, F|100\/100\n|turn|6\n|c|\u2606mexicanpasta|how does light screen + veil work\n|c|\u2606mexicanpasta|special damage is quartered?\n|\n|t:|1700820372\n|-terastallize|p1a: Hydreigon|Poison\n|move|p2a: Delphox|Flamethrower|p1b: Avalugg\n|-supereffective|p1b: Avalugg\n|-damage|p1b: Avalugg|0 fnt\n|faint|p1b: Avalugg\n|move|p1a: Hydreigon|Draco Meteor|p2a: Delphox\n|-damage|p2a: Delphox|46\/100\n|-unboost|p1a: Hydreigon|spa|2\n|move|p2b: Gardevoir|Calm Mind|p2b: Gardevoir\n|-boost|p2b: Gardevoir|spa|1\n|-boost|p2b: Gardevoir|spd|1\n|\n|upkeep\n|c|\u2606MLG Popplio|yuh\n|c| Camellia-god|nope\n|c|\u2606mexicanpasta|damn\n|c| Oscarx90|Nope they don\u2019t stack\n|inactive|MLG Popplio has 120 seconds left.\n|c|\u2606mexicanpasta|oh\n|c|\u2606MLG Popplio|oh rip\n|c|\u2606MLG Popplio|lol\n|c|\u2606mexicanpasta|yeah thatd be insane if it did\n|\n|t:|1700820401\n|switch|p1b: Grafaiai|Grafaiai, M|100\/100\n|turn|7\n|\n|t:|1700820408\n|move|p2b: Gardevoir|Protect|p2b: Gardevoir\n|-singleturn|p2b: Gardevoir|Protect\n|move|p1b: Grafaiai|Gunk Shot|p2b: Gardevoir\n|-activate|p2b: Gardevoir|move: Protect\n|move|p2a: Delphox|Will-O-Wisp|p1b: Grafaiai\n|-status|p1b: Grafaiai|brn\n|move|p1a: Hydreigon|Draco Meteor|p2a: Delphox\n|-damage|p2a: Delphox|7\/100\n|-unboost|p1a: Hydreigon|spa|2\n|\n|-damage|p1b: Grafaiai|94\/100 brn|[from] brn\n|upkeep\n|turn|8\n|\n|t:|1700820421\n|switch|p2b: Corviknight|Corviknight, M|100\/100\n|move|p1b: Grafaiai|Gunk Shot|p2b: Corviknight\n|-immune|p2b: Corviknight\n|move|p2a: Delphox|Psyshock|p1b: Grafaiai\n|-supereffective|p1b: Grafaiai\n|-damage|p1b: Grafaiai|17\/100 brn\n|move|p1a: Hydreigon|Draco Meteor|p2a: Delphox\n|-damage|p2a: Delphox|0 fnt\n|faint|p2a: Delphox\n|\n|-damage|p1b: Grafaiai|10\/100 brn|[from] brn\n|-sideend|p1: MLG Popplio|move: Light Screen\n|upkeep\n|j| mcltzml\n|\n|t:|1700820431\n|switch|p2a: Breloom|Breloom, F|100\/100\n|turn|9\n|c| Oscarx90|When showdown thought they did stack was the one time cryoganal was viable in ou\n|c|\u2606mexicanpasta|interesting\n|\n|t:|1700820456\n|switch|p1a: Mienshao|Mienshao, F|100\/100 par\n|move|p1b: Grafaiai|Switcheroo|p2a: Breloom\n|-activate|p1b: Grafaiai|move: Trick|[of] p2a: Breloom\n|-item|p2a: Breloom|Flame Orb|[from] move: Switcheroo\n|-item|p1b: Grafaiai|Toxic Orb|[from] move: Switcheroo\n|move|p2a: Breloom|Swords Dance|p2a: Breloom\n|-boost|p2a: Breloom|atk|2\n|move|p2b: Corviknight|Tailwind|p2b: Corviknight\n|-sidestart|p2: mexicanpasta|move: Tailwind\n|\n|-damage|p1b: Grafaiai|4\/100 brn|[from] brn\n|-sideend|p1: MLG Popplio|move: Aurora Veil\n|-status|p2a: Breloom|brn|[from] item: Flame Orb\n|upkeep\n|turn|10\n|c| mcltzml|amazing switch\n|\n|t:|1700820478\n|move|p1a: Mienshao|Fake Out|p2b: Corviknight\n|-resisted|p2b: Corviknight\n|-damage|p2b: Corviknight|96\/100\n|move|p2a: Breloom|Seed Bomb|p1b: Grafaiai\n|-resisted|p1b: Grafaiai\n|-damage|p1b: Grafaiai|0 fnt\n|faint|p1b: Grafaiai\n|cant|p2b: Corviknight|flinch\n|\n|-damage|p2a: Breloom|94\/100 brn|[from] brn\n|upkeep\n|\n|t:|1700820492\n|switch|p1b: Hydreigon|Hydreigon, M, tera:Poison|100\/100\n|turn|11\n|inactive|MLG Popplio has 120 seconds left.\n|\n|t:|1700820537\n|move|p2a: Breloom|Spore|p1b: Hydreigon\n|-status|p1b: Hydreigon|slp|[from] move: Spore\n|move|p2b: Corviknight|Brave Bird|p1a: Mienshao\n|-supereffective|p1a: Mienshao\n|-damage|p1a: Mienshao|0 fnt\n|faint|p1a: Mienshao\n|-damage|p2b: Corviknight|74\/100|[from] Recoil\n|cant|p1b: Hydreigon|slp\n|\n|-damage|p2a: Breloom|88\/100 brn|[from] brn\n|upkeep\n|\n|t:|1700820543\n|switch|p1a: Cloyster|Cloyster, M|100\/100\n|turn|12\n|\n|t:|1700820551\n|move|p2a: Breloom|Seed Bomb|p1a: Cloyster\n|-supereffective|p1a: Cloyster\n|-crit|p1a: Cloyster\n|-damage|p1a: Cloyster|6\/100\n|move|p2b: Corviknight|Body Press|p1a: Cloyster\n|-supereffective|p1a: Cloyster\n|-damage|p1a: Cloyster|0 fnt\n|faint|p1a: Cloyster\n|cant|p1b: Hydreigon|slp\n|\n|-damage|p2a: Breloom|82\/100 brn|[from] brn\n|-sideend|p2: mexicanpasta|move: Tailwind\n|upkeep\n|turn|13\n|c|\u2606MLG Popplio|gg\n|c|\u2606mexicanpasta|gg\n|\n|t:|1700820562\n|cant|p1b: Hydreigon|slp\n|move|p2a: Breloom|Seed Bomb|p1b: Hydreigon\n|-resisted|p1b: Hydreigon\n|-crit|p1b: Hydreigon\n|-damage|p1b: Hydreigon|69\/100 slp\n|move|p2b: Corviknight|Brave Bird|p1b: Hydreigon\n|-damage|p1b: Hydreigon|24\/100 slp\n|-damage|p2b: Corviknight|62\/100|[from] Recoil\n|\n|-damage|p2a: Breloom|76\/100 brn|[from] brn\n|upkeep\n|turn|14\n|\n|t:|1700820567\n|-curestatus|p1b: Hydreigon|slp|[msg]\n|move|p1b: Hydreigon|Draco Meteor|p2a: Breloom\n|-damage|p2a: Breloom|0 fnt\n|-unboost|p1b: Hydreigon|spa|2\n|faint|p2a: Breloom\n|move|p2b: Corviknight|Brave Bird|p1b: Hydreigon\n|-damage|p1b: Hydreigon|0 fnt\n|faint|p1b: Hydreigon\n|-damage|p2b: Corviknight|55\/100|[from] Recoil\n|\n|win|mexicanpasta\n|n|\u2606MLG Popplio|mlgpopplio\n|n|\u2606mexicanpasta|mexicanpasta\n|n|*Lady Monita \u2746|ladymonita\n|n| Oscarx90|oscarx90\n|n| Camellia-god|camelliagod\n|n| mcltzml|mcltzml\n","uploadtime":1700820569,"views":4,"p1id":"mlgpopplio","p2id":"mexicanpasta","formatid":"gen9doublesou","rating":0,"private":0,"password":""}