{"id":"gen9doublesou-1984673661","p1":"Clammy Man","p2":"YaBoyHate","format":"[Gen 9] Doubles OU","log":"|j|\u2606Clammy Man\n|j|\u2606YaBoyHate\n|t:|1699289761\n|gametype|doubles\n|player|p1|Clammy Man|265|1338\n|player|p2|YaBoyHate|cynthia-gen4|1447\n|teamsize|p1|6\n|teamsize|p2|6\n|gen|9\n|tier|[Gen 9] Doubles OU\n|rated|\n|rule|Species Clause: Limit one of each Pok\u00e9mon\n|rule|OHKO Clause: OHKO moves are banned\n|rule|Evasion Moves Clause: Evasion moves are banned\n|rule|Gravity Sleep Clause: The combination of sleep-inducing moves with imperfect accuracy and Gravity or Gigantamax Orbeetle are banned\n|rule|Endless Battle Clause: Forcing endless battles is banned\n|rule|HP Percentage Mod: HP is shown in percentages\n|clearpoke\n|poke|p1|Flutter Mane|\n|poke|p1|Iron Hands|\n|poke|p1|Ogerpon-Wellspring, F|\n|poke|p1|Landorus-Therian, M|\n|poke|p1|Heatran, F|\n|poke|p1|Cresselia, F|\n|poke|p2|Tornadus, M|\n|poke|p2|Chi-Yu|\n|poke|p2|Ogerpon-Wellspring, F|\n|poke|p2|Great Tusk|\n|poke|p2|Flutter Mane|\n|poke|p2|Indeedee-F, F|\n|teampreview\n|inactive|Battle timer is ON: inactive players will automatically lose when time's up. (requested by Clammy Man)\n|\n|t:|1699289800\n|start\n|switch|p1a: Cresselia|Cresselia, F|100\/100\n|switch|p1b: Iron Hands|Iron Hands|100\/100\n|switch|p2a: Tornadus|Tornadus, M, shiny|100\/100\n|switch|p2b: Water Gremblin|Ogerpon-Wellspring, F|100\/100\n|turn|1\n|\n|t:|1699289821\n|move|p1b: Iron Hands|Fake Out|p2a: Tornadus\n|-damage|p2a: Tornadus|76\/100\n|cant|p2a: Tornadus|flinch\n|move|p2b: Water Gremblin|Ivy Cudgel|p1a: Cresselia\n|-damage|p1a: Cresselia|63\/100\n|move|p1a: Cresselia|Trick Room|p1a: Cresselia\n|-fieldstart|move: Trick Room|[of] p1a: Cresselia\n|\n|upkeep\n|turn|2\n|\n|t:|1699289848\n|-terastallize|p2a: Tornadus|Ground\n|move|p2b: Water Gremblin|Follow Me|p2b: Water Gremblin\n|-singleturn|p2b: Water Gremblin|move: Follow Me\n|move|p1b: Iron Hands|Wild Charge|p2b: Water Gremblin\n|-damage|p2b: Water Gremblin|49\/100\n|-damage|p1b: Iron Hands|90\/100|[from] Recoil\n|move|p1a: Cresselia|Psychic|p2b: Water Gremblin\n|-damage|p2b: Water Gremblin|19\/100\n|move|p2a: Tornadus|Tera Blast|p1b: Iron Hands|[anim] Tera Blast Ground\n|-supereffective|p1b: Iron Hands\n|-damage|p1b: Iron Hands|51\/100\n|\n|upkeep\n|turn|3\n|\n|t:|1699289870\n|move|p2b: Water Gremblin|Follow Me|p2b: Water Gremblin\n|-singleturn|p2b: Water Gremblin|move: Follow Me\n|move|p1b: Iron Hands|Drain Punch|p2b: Water Gremblin\n|-damage|p2b: Water Gremblin|0 fnt\n|-heal|p1b: Iron Hands|59\/100|[from] drain|[of] p2b: Water Gremblin\n|faint|p2b: Water Gremblin\n|move|p1a: Cresselia|Icy Wind|p2a: Tornadus\n|-supereffective|p2a: Tornadus\n|-damage|p2a: Tornadus|39\/100\n|-unboost|p2a: Tornadus|spe|1\n|move|p2a: Tornadus|Bleakwind Storm|p1b: Iron Hands|[spread] p1a,p1b\n|-damage|p1a: Cresselia|40\/100\n|-damage|p1b: Iron Hands|38\/100\n|\n|upkeep\n|\n|t:|1699289882\n|switch|p2b: Indeedee|Indeedee-F, F, shiny|100\/100\n|-fieldstart|move: Psychic Terrain|[from] ability: Psychic Surge|[of] p2b: Indeedee\n|turn|4\n|\n|t:|1699289907\n|move|p2a: Tornadus|Tailwind|p2a: Tornadus\n|-sidestart|p2: YaBoyHate|move: Tailwind\n|move|p1b: Iron Hands|Drain Punch|p2b: Indeedee\n|-damage|p2b: Indeedee|54\/100\n|-heal|p1b: Iron Hands|56\/100|[from] drain|[of] p2b: Indeedee\n|move|p1a: Cresselia|Lunar Blessing|p1a: Cresselia|[spread] p1a,p1b\n|-heal|p1a: Cresselia|65\/100\n|-heal|p1b: Iron Hands|81\/100\n|move|p2b: Indeedee|Trick Room|p2b: Indeedee\n|-fieldend|move: Trick Room\n|\n|upkeep\n|turn|5\n|\n|t:|1699289925\n|move|p2a: Tornadus|Bleakwind Storm|p1a: Cresselia|[spread] p1a,p1b\n|-damage|p1a: Cresselia|42\/100\n|-damage|p1b: Iron Hands|62\/100\n|move|p2b: Indeedee|Psychic|p1b: Iron Hands\n|-supereffective|p1b: Iron Hands\n|-damage|p1b: Iron Hands|21\/100\n|-unboost|p1b: Iron Hands|spd|1\n|move|p1b: Iron Hands|Drain Punch|p2b: Indeedee\n|-damage|p2b: Indeedee|10\/100\n|-heal|p1b: Iron Hands|38\/100|[from] drain|[of] p2b: Indeedee\n|move|p1a: Cresselia|Trick Room|p1a: Cresselia\n|-fieldstart|move: Trick Room|[of] p1a: Cresselia\n|\n|upkeep\n|turn|6\n|\n|t:|1699289944\n|move|p2a: Tornadus|Taunt|p1a: Cresselia\n|-start|p1a: Cresselia|move: Taunt\n|-enditem|p1a: Cresselia|Mental Herb\n|-end|p1a: Cresselia|move: Taunt\n|move|p1b: Iron Hands|Drain Punch|p2b: Indeedee\n|-damage|p2b: Indeedee|0 fnt\n|-heal|p1b: Iron Hands|41\/100|[from] drain|[of] p2b: Indeedee\n|faint|p2b: Indeedee\n|move|p1a: Cresselia|Lunar Blessing|p1a: Cresselia|[spread] p1a,p1b\n|-heal|p1a: Cresselia|67\/100\n|-heal|p1b: Iron Hands|66\/100\n|\n|upkeep\n|\n|t:|1699289959\n|switch|p2b: Dumb|Flutter Mane|100\/100\n|-enditem|p2b: Dumb|Booster Energy\n|-activate|p2b: Dumb|ability: Protosynthesis|[fromitem]\n|-start|p2b: Dumb|protosynthesisspe\n|turn|7\n|\n|t:|1699289970\n|move|p2a: Tornadus|Taunt|p1a: Cresselia\n|-start|p1a: Cresselia|move: Taunt\n|move|p1b: Iron Hands|Heavy Slam|p2b: Dumb\n|-supereffective|p2b: Dumb\n|-damage|p2b: Dumb|0 fnt\n|faint|p2b: Dumb\n|-end|p2b: Dumb|Protosynthesis|[silent]\n|move|p1a: Cresselia|Psychic|p2a: Tornadus\n|-damage|p2a: Tornadus|0 fnt\n|faint|p2a: Tornadus\n|\n|-sideend|p2: YaBoyHate|move: Tailwind\n|upkeep\n|-message|YaBoyHate forfeited.\n|\n|win|Clammy Man\n|raw|Clammy Man's rating: 1338 &rarr; <strong>1364<\/strong><br \/>(+26 for winning)\n|raw|YaBoyHate's rating: 1447 &rarr; <strong>1421<\/strong><br \/>(-26 for losing)\n|l|\u2606YaBoyHate\n","uploadtime":1699290011,"views":8,"p1id":"clammyman","p2id":"yaboyhate","formatid":"gen9doublesou","rating":1364,"private":0,"password":""}