{"id":"gen9doublesou-1987316776","p1":"SappRavenger","p2":"me3p109","format":"[Gen 9] Doubles OU","log":"|j|\u2606SappRavenger\n|j|\u2606me3p109\n|t:|1699576740\n|gametype|doubles\n|player|p1|SappRavenger|169|1112\n|player|p2|me3p109|1|1135\n|teamsize|p1|6\n|teamsize|p2|6\n|gen|9\n|tier|[Gen 9] Doubles OU\n|rated|\n|rule|Species Clause: Limit one of each Pok\u00e9mon\n|rule|OHKO Clause: OHKO moves are banned\n|rule|Evasion Moves Clause: Evasion moves are banned\n|rule|Gravity Sleep Clause: The combination of sleep-inducing moves with imperfect accuracy and Gravity or Gigantamax Orbeetle are banned\n|rule|Endless Battle Clause: Forcing endless battles is banned\n|rule|HP Percentage Mod: HP is shown in percentages\n|clearpoke\n|poke|p1|Vaporeon, M|\n|poke|p1|Jolteon, M|\n|poke|p1|Flareon, F|\n|poke|p1|Espeon, F|\n|poke|p1|Leafeon, F|\n|poke|p1|Umbreon, M|\n|poke|p2|Corviknight, F|\n|poke|p2|Dragapult, M|\n|poke|p2|Glimmora, M|\n|poke|p2|Walking Wake|\n|poke|p2|Ogerpon-Wellspring, F|\n|poke|p2|Ting-Lu|\n|teampreview\n|\n|t:|1699576772\n|start\n|switch|p1a: Vaporeon|Vaporeon, M|100\/100\n|switch|p1b: Jolteon|Jolteon, M|100\/100\n|switch|p2a: Ting-Lu|Ting-Lu|100\/100\n|switch|p2b: Glimmora|Glimmora, M|100\/100\n|-ability|p2a: Ting-Lu|Vessel of Ruin\n|turn|1\n|\n|t:|1699576792\n|switch|p1b: Umbreon|Umbreon, M|100\/100\n|switch|p1a: Espeon|Espeon, F|100\/100\n|move|p2b: Glimmora|Mortal Spin|p1b: Umbreon|[spread] p1a,p1b\n|-damage|p1a: Espeon|92\/100\n|-damage|p1b: Umbreon|97\/100\n|-status|p1a: Espeon|psn\n|-status|p1b: Umbreon|psn\n|-activate|p1b: Umbreon|ability: Synchronize\n|-immune|p2b: Glimmora\n|move|p2a: Ting-Lu|Stomping Tantrum|p1b: Umbreon\n|-damage|p1b: Umbreon|80\/100 psn\n|\n|-damage|p1a: Espeon|79\/100 psn|[from] psn\n|-damage|p1b: Umbreon|67\/100 psn|[from] psn\n|upkeep\n|turn|2\n|\n|t:|1699576844\n|move|p1a: Espeon|Grass Knot|p2a: Ting-Lu\n|-supereffective|p2a: Ting-Lu\n|-damage|p2a: Ting-Lu|69\/100\n|move|p2b: Glimmora|Sludge Bomb|p1b: Umbreon\n|-damage|p1b: Umbreon|46\/100 psn\n|-enditem|p1b: Umbreon|Sitrus Berry|[eat]\n|-heal|p1b: Umbreon|71\/100 psn|[from] item: Sitrus Berry\n|move|p1b: Umbreon|Thunder Wave|p2b: Glimmora\n|-status|p2b: Glimmora|par\n|move|p2a: Ting-Lu|Ruination|p1a: Espeon|[miss]\n|-miss|p2a: Ting-Lu|p1a: Espeon\n|\n|-damage|p1a: Espeon|67\/100 psn|[from] psn\n|-damage|p1b: Umbreon|58\/100 psn|[from] psn\n|upkeep\n|turn|3\n|\n|t:|1699576863\n|move|p1a: Espeon|Grass Knot|p2a: Ting-Lu\n|-supereffective|p2a: Ting-Lu\n|-damage|p2a: Ting-Lu|36\/100\n|move|p1b: Umbreon|Thief|p2a: Ting-Lu\n|-resisted|p2a: Ting-Lu\n|-damage|p2a: Ting-Lu|33\/100\n|-enditem|p2a: Ting-Lu|Assault Vest|[silent]|[from] move: Thief|[of] p1b: Umbreon\n|-item|p1b: Umbreon|Assault Vest|[from] move: Thief|[of] p2a: Ting-Lu\n|move|p2b: Glimmora|Sludge Bomb|p1b: Umbreon\n|-damage|p1b: Umbreon|43\/100 psn\n|move|p2a: Ting-Lu|Ruination|p1a: Espeon\n|-damage|p1a: Espeon|34\/100 psn\n|\n|-damage|p1a: Espeon|22\/100 psn|[from] psn\n|-damage|p1b: Umbreon|30\/100 psn|[from] psn\n|upkeep\n|turn|4\n|\n|t:|1699576883\n|move|p1a: Espeon|Grass Knot|p2a: Ting-Lu\n|-supereffective|p2a: Ting-Lu\n|-damage|p2a: Ting-Lu|0 fnt\n|faint|p2a: Ting-Lu\n|move|p1b: Umbreon|Thief|p2b: Glimmora\n|-damage|p2b: Glimmora|82\/100 par\n|-activate|p2b: Glimmora|ability: Toxic Debris\n|-sidestart|p1: SappRavenger|move: Toxic Spikes\n|cant|p2b: Glimmora|par\n|\n|-damage|p1a: Espeon|10\/100 psn|[from] psn\n|-damage|p1b: Umbreon|18\/100 psn|[from] psn\n|upkeep\n|\n|t:|1699576914\n|switch|p2a: Dragapult|Dragapult, M, shiny|100\/100\n|turn|5\n|\n|t:|1699576925\n|move|p2a: Dragapult|Dragon Darts|p1b: Umbreon\n|-damage|p1b: Umbreon|0 fnt\n|-anim|p2a: Dragapult|Dragon Darts|p1a: Espeon\n|-damage|p1a: Espeon|0 fnt\n|faint|p1b: Umbreon\n|faint|p1a: Espeon\n|cant|p2b: Glimmora|par\n|\n|upkeep\n|\n|t:|1699576934\n|switch|p1a: Vaporeon|Vaporeon, M|100\/100\n|switch|p1b: Jolteon|Jolteon, M|100\/100\n|-status|p1b: Jolteon|psn\n|-status|p1a: Vaporeon|psn\n|turn|6\n|\n|t:|1699576944\n|-terastallize|p1a: Vaporeon|Ground\n|move|p1b: Jolteon|Discharge|p2b: Glimmora|[spread] p2a,p2b\n|-immune|p1a: Vaporeon\n|-resisted|p2a: Dragapult\n|-damage|p2a: Dragapult|74\/100\n|-damage|p2b: Glimmora|43\/100 par\n|-status|p2a: Dragapult|par\n|-start|p1b: Jolteon|Disable|Discharge|[from] ability: Cursed Body|[of] p2a: Dragapult\n|move|p2a: Dragapult|Dragon Dance|p2a: Dragapult\n|-boost|p2a: Dragapult|atk|1\n|-boost|p2a: Dragapult|spe|1\n|move|p1a: Vaporeon|Acid Armor|p1a: Vaporeon\n|-boost|p1a: Vaporeon|def|2\n|move|p2b: Glimmora|Mortal Spin|p1a: Vaporeon|[spread] p1a,p1b\n|-resisted|p1a: Vaporeon\n|-damage|p1a: Vaporeon|99\/100 psn\n|-damage|p1b: Jolteon|91\/100 psn\n|\n|-heal|p1a: Vaporeon|100\/100 psn|[from] item: Leftovers\n|-damage|p1b: Jolteon|79\/100 psn|[from] psn\n|-damage|p1a: Vaporeon|88\/100 psn|[from] psn\n|upkeep\n|turn|7\n|\n|t:|1699576973\n|switch|p1b: Flareon|Flareon, F|100\/100\n|-status|p1b: Flareon|psn\n|move|p2a: Dragapult|Dragon Dance|p2a: Dragapult\n|-boost|p2a: Dragapult|atk|1\n|-boost|p2a: Dragapult|spe|1\n|move|p1a: Vaporeon|Icy Wind|p2b: Glimmora|[spread] p2a,p2b\n|-supereffective|p2a: Dragapult\n|-crit|p2b: Glimmora\n|-damage|p2a: Dragapult|44\/100 par\n|-damage|p2b: Glimmora|28\/100 par\n|-unboost|p2a: Dragapult|spe|1\n|-unboost|p2b: Glimmora|spe|1\n|cant|p2b: Glimmora|par\n|\n|-heal|p1a: Vaporeon|94\/100 psn|[from] item: Leftovers\n|-damage|p1b: Flareon|88\/100 psn|[from] psn\n|-damage|p1a: Vaporeon|82\/100 psn|[from] psn\n|upkeep\n|turn|8\n|\n|t:|1699577004\n|move|p2a: Dragapult|Dragon Darts|p1a: Vaporeon\n|-damage|p1a: Vaporeon|61\/100 psn\n|-anim|p2a: Dragapult|Dragon Darts|p1b: Flareon\n|-damage|p1b: Flareon|12\/100 psn\n|-enditem|p1b: Flareon|Salac Berry|[eat]\n|-boost|p1b: Flareon|spe|1|[from] item: Salac Berry\n|move|p1b: Flareon|Flare Blitz|p2a: Dragapult\n|-resisted|p2a: Dragapult\n|-damage|p2a: Dragapult|0 fnt\n|-start|p1b: Flareon|Disable|Flare Blitz|[from] ability: Cursed Body|[of] p2a: Dragapult\n|faint|p2a: Dragapult\n|-damage|p1b: Flareon|0 fnt|[from] Recoil\n|faint|p1b: Flareon\n|move|p1a: Vaporeon|Acid Armor|p1a: Vaporeon\n|-boost|p1a: Vaporeon|def|2\n|move|p2b: Glimmora|Power Gem|p1a: Vaporeon\n|-resisted|p1a: Vaporeon\n|-damage|p1a: Vaporeon|46\/100 psn\n|\n|-heal|p1a: Vaporeon|52\/100 psn|[from] item: Leftovers\n|-damage|p1a: Vaporeon|40\/100 psn|[from] psn\n|upkeep\n|\n|t:|1699577030\n|switch|p2a: Walking Wake|Walking Wake|100\/100\n|switch|p1b: Jolteon|Jolteon, M|79\/100 psn\n|-enditem|p2a: Walking Wake|Booster Energy\n|-activate|p2a: Walking Wake|ability: Protosynthesis|[fromitem]\n|-start|p2a: Walking Wake|protosynthesisspa\n|turn|9\n|\n|t:|1699577043\n|move|p1b: Jolteon|Discharge|p2b: Glimmora|[spread] p2a,p2b\n|-immune|p1a: Vaporeon\n|-damage|p2a: Walking Wake|52\/100\n|-damage|p2b: Glimmora|0 fnt\n|faint|p2b: Glimmora\n|move|p2a: Walking Wake|Hydro Steam|p1a: Vaporeon\n|-heal|p1a: Vaporeon|65\/100 psn|[from] ability: Water Absorb|[of] p2a: Walking Wake\n|move|p1a: Vaporeon|Calm Mind|p1a: Vaporeon\n|-boost|p1a: Vaporeon|spa|1\n|-boost|p1a: Vaporeon|spd|1\n|\n|-heal|p1a: Vaporeon|71\/100 psn|[from] item: Leftovers\n|-damage|p1b: Jolteon|67\/100 psn|[from] psn\n|-damage|p1a: Vaporeon|59\/100 psn|[from] psn\n|upkeep\n|\n|t:|1699577060\n|switch|p2b: Corviknight|Corviknight, F|100\/100\n|turn|10\n|\n|t:|1699577082\n|move|p1b: Jolteon|Discharge|p2a: Walking Wake|[spread] p2a,p2b\n|-immune|p1a: Vaporeon\n|-supereffective|p2b: Corviknight\n|-damage|p2a: Walking Wake|3\/100\n|-damage|p2b: Corviknight|36\/100\n|-status|p2a: Walking Wake|par\n|-status|p2b: Corviknight|par\n|cant|p2a: Walking Wake|par\n|move|p1a: Vaporeon|Calm Mind|p1a: Vaporeon\n|-boost|p1a: Vaporeon|spa|1\n|-boost|p1a: Vaporeon|spd|1\n|move|p2b: Corviknight|Body Press|p1a: Vaporeon\n|-damage|p1a: Vaporeon|52\/100 psn\n|\n|-heal|p1a: Vaporeon|59\/100 psn|[from] item: Leftovers\n|-heal|p2b: Corviknight|42\/100 par|[from] item: Leftovers\n|-damage|p1b: Jolteon|55\/100 psn|[from] psn\n|-damage|p1a: Vaporeon|46\/100 psn|[from] psn\n|upkeep\n|turn|11\n|\n|t:|1699577106\n|move|p1b: Jolteon|Discharge|p2a: Walking Wake|[spread] p2a,p2b\n|-immune|p1a: Vaporeon\n|-supereffective|p2b: Corviknight\n|-damage|p2a: Walking Wake|0 fnt\n|-damage|p2b: Corviknight|0 fnt\n|faint|p2a: Walking Wake\n|-end|p2a: Walking Wake|Protosynthesis|[silent]\n|faint|p2b: Corviknight\n|move|p1a: Vaporeon|Acid Armor|p1a: Vaporeon\n|-boost|p1a: Vaporeon|def|2\n|\n|-heal|p1a: Vaporeon|52\/100 psn|[from] item: Leftovers\n|-damage|p1b: Jolteon|43\/100 psn|[from] psn\n|-damage|p1a: Vaporeon|40\/100 psn|[from] psn\n|upkeep\n|\n|t:|1699577125\n|switch|p2b: Ogerpon|Ogerpon-Wellspring, F|100\/100\n|turn|12\n|\n|t:|1699577133\n|-terastallize|p2b: Ogerpon|Water\n|detailschange|p2b: Ogerpon|Ogerpon-Wellspring-Tera, F, tera:Water\n|-ability|p2b: Ogerpon|Embody Aspect (Wellspring)|boost\n|-boost|p2b: Ogerpon|spd|1\n|move|p2b: Ogerpon|Spiky Shield|p2b: Ogerpon\n|-singleturn|p2b: Ogerpon|move: Protect\n|move|p1b: Jolteon|Discharge|p2b: Ogerpon|[spread] \n|-activate|p2b: Ogerpon|move: Protect\n|-immune|p1a: Vaporeon\n|move|p1a: Vaporeon|Stored Power|p2b: Ogerpon\n|-activate|p2b: Ogerpon|move: Protect\n|\n|-heal|p1a: Vaporeon|46\/100 psn|[from] item: Leftovers\n|-damage|p1b: Jolteon|30\/100 psn|[from] psn\n|-damage|p1a: Vaporeon|34\/100 psn|[from] psn\n|upkeep\n|turn|13\n|\n|t:|1699577157\n|move|p1b: Jolteon|Discharge|p2b: Ogerpon|[spread] p2b\n|-immune|p1a: Vaporeon\n|-supereffective|p2b: Ogerpon\n|-damage|p2b: Ogerpon|44\/100\n|move|p2b: Ogerpon|Ivy Cudgel|p1b: Jolteon\n|-damage|p1b: Jolteon|0 fnt\n|faint|p1b: Jolteon\n|move|p1a: Vaporeon|Stored Power|p2b: Ogerpon\n|-damage|p2b: Ogerpon|0 fnt\n|faint|p2b: Ogerpon\n|\n|win|SappRavenger\n|raw|SappRavenger's rating: 1112 &rarr; <strong>1139<\/strong><br \/>(+27 for winning)\n|raw|me3p109's rating: 1135 &rarr; <strong>1108<\/strong><br \/>(-27 for losing)\n|l|\u2606me3p109\n","uploadtime":1699577174,"views":11,"p1id":"sappravenger","p2id":"me3p109","formatid":"gen9doublesou","rating":1108,"private":0,"password":""}