{"id":"gen9doublesou-1984725236","p1":"TheNovato564","p2":"RudiHoshino","format":"[Gen 9] Doubles OU","log":"|j|\u2606TheNovato564\n|j|\u2606RudiHoshino\n|t:|1699293964\n|gametype|doubles\n|player|p1|TheNovato564|veteran|1349\n|player|p2|RudiHoshino|clair|1250\n|teamsize|p1|6\n|teamsize|p2|6\n|gen|9\n|tier|[Gen 9] Doubles OU\n|rated|\n|rule|Species Clause: Limit one of each Pok\u00e9mon\n|rule|OHKO Clause: OHKO moves are banned\n|rule|Evasion Moves Clause: Evasion moves are banned\n|rule|Gravity Sleep Clause: The combination of sleep-inducing moves with imperfect accuracy and Gravity or Gigantamax Orbeetle are banned\n|rule|Endless Battle Clause: Forcing endless battles is banned\n|rule|HP Percentage Mod: HP is shown in percentages\n|clearpoke\n|poke|p1|Haxorus, M|\n|poke|p1|Chien-Pao|\n|poke|p1|Murkrow, F|\n|poke|p1|Flutter Mane|\n|poke|p1|Munkidori, M|\n|poke|p1|Great Tusk|\n|poke|p2|Rillaboom, M|\n|poke|p2|Sinistcha|\n|poke|p2|Flutter Mane|\n|poke|p2|Iron Bundle|\n|poke|p2|Ninetales-Alola, M|\n|poke|p2|Kommo-o, M|\n|teampreview\n|\n|t:|1699293975\n|start\n|switch|p1a: Munkidori|Munkidori, M|100\/100\n|switch|p1b: Great Tusk|Great Tusk|100\/100\n|switch|p2a: Iron Bundle|Iron Bundle|100\/100\n|switch|p2b: Ninetales|Ninetales-Alola, M|100\/100\n|-weather|Snow|[from] ability: Snow Warning|[of] p2b: Ninetales\n|-enditem|p2a: Iron Bundle|Booster Energy\n|-activate|p2a: Iron Bundle|ability: Quark Drive|[fromitem]\n|-start|p2a: Iron Bundle|quarkdrivespa\n|turn|1\n|\n|t:|1699293990\n|move|p2a: Iron Bundle|Blizzard|p1a: Munkidori|[spread] p1a,p1b\n|-crit|p1a: Munkidori\n|-supereffective|p1b: Great Tusk\n|-damage|p1a: Munkidori|0 fnt\n|-damage|p1b: Great Tusk|21\/100\n|faint|p1a: Munkidori\n|move|p2b: Ninetales|Blizzard|p1b: Great Tusk\n|-supereffective|p1b: Great Tusk\n|-damage|p1b: Great Tusk|0 fnt\n|faint|p1b: Great Tusk\n|-end|p1b: Great Tusk|Protosynthesis|[silent]\n|\n|-weather|Snow|[upkeep]\n|upkeep\n|\n|t:|1699294002\n|switch|p1a: Chien-Pao|Chien-Pao|100\/100\n|switch|p1b: Murkrow|Murkrow, F|100\/100\n|-ability|p1a: Chien-Pao|Sword of Ruin\n|turn|2\n|\n|t:|1699294013\n|move|p1b: Murkrow|Rain Dance|p1b: Murkrow\n|-weather|RainDance\n|move|p1a: Chien-Pao|Sacred Sword|p2a: Iron Bundle\n|-supereffective|p2a: Iron Bundle\n|-damage|p2a: Iron Bundle|8\/100\n|move|p2a: Iron Bundle|Blizzard|p1b: Murkrow|[spread] p1a\n|-miss|p2a: Iron Bundle|p1b: Murkrow\n|-resisted|p1a: Chien-Pao\n|-damage|p1a: Chien-Pao|52\/100\n|move|p2b: Ninetales|Dazzling Gleam|p1a: Chien-Pao|[spread] p1a,p1b\n|-supereffective|p1a: Chien-Pao\n|-supereffective|p1b: Murkrow\n|-crit|p1b: Murkrow\n|-damage|p1a: Chien-Pao|0 fnt\n|-damage|p1b: Murkrow|29\/100\n|faint|p1a: Chien-Pao\n|\n|-weather|RainDance|[upkeep]\n|upkeep\n|inactive|Battle timer is ON: inactive players will automatically lose when time's up. (requested by TheNovato564)\n|\n|t:|1699294028\n|switch|p1a: Flutter Mane|Flutter Mane|100\/100\n|-enditem|p1a: Flutter Mane|Booster Energy\n|-activate|p1a: Flutter Mane|ability: Protosynthesis|[fromitem]\n|-start|p1a: Flutter Mane|protosynthesisspe\n|turn|3\n|\n|t:|1699294050\n|-end|p2a: Iron Bundle|Quark Drive|[silent]\n|switch|p2a: Rillaboom|Rillaboom, M|100\/100\n|-fieldstart|move: Grassy Terrain|[from] ability: Grassy Surge|[of] p2a: Rillaboom\n|move|p2b: Ninetales|Protect|p2b: Ninetales\n|-singleturn|p2b: Ninetales|Protect\n|move|p1b: Murkrow|Thunder Wave|p2b: Ninetales\n|-activate|p2b: Ninetales|move: Protect\n|move|p1a: Flutter Mane|Dazzling Gleam|p2a: Rillaboom|[spread] p2a\n|-activate|p2b: Ninetales|move: Protect\n|-damage|p2a: Rillaboom|60\/100\n|\n|-weather|RainDance|[upkeep]\n|-heal|p2a: Rillaboom|66\/100|[from] Grassy Terrain\n|upkeep\n|turn|4\n|\n|t:|1699294073\n|switch|p2b: Sinistcha|Sinistcha|100\/100\n|-heal|p2a: Rillaboom|91\/100|[from] ability: Hospitality|[of] p2b: Sinistcha\n|move|p2a: Rillaboom|Fake Out|p1b: Murkrow\n|-damage|p1b: Murkrow|13\/100\n|cant|p1b: Murkrow|flinch\n|move|p1a: Flutter Mane|Moonblast|p2b: Sinistcha\n|-damage|p2b: Sinistcha|39\/100\n|\n|-weather|RainDance|[upkeep]\n|-heal|p2a: Rillaboom|97\/100|[from] Grassy Terrain\n|-heal|p2b: Sinistcha|45\/100|[from] Grassy Terrain\n|-heal|p2b: Sinistcha|51\/100|[from] item: Leftovers\n|upkeep\n|turn|5\n|\n|t:|1699294090\n|switch|p2b: Ninetales|Ninetales-Alola, M|100\/100\n|-weather|Snow|[from] ability: Snow Warning|[of] p2b: Ninetales\n|move|p2a: Rillaboom|Grassy Glide|p1b: Murkrow\n|-resisted|p1b: Murkrow\n|-damage|p1b: Murkrow|0 fnt\n|faint|p1b: Murkrow\n|move|p1a: Flutter Mane|Shadow Ball|p2b: Ninetales\n|-damage|p2b: Ninetales|45\/100\n|\n|-weather|Snow|[upkeep]\n|-heal|p2b: Ninetales|51\/100|[from] Grassy Terrain\n|-heal|p2a: Rillaboom|100\/100|[from] Grassy Terrain\n|upkeep\n|\n|t:|1699294097\n|switch|p1b: Rojinto|Haxorus, M, shiny|100\/100\n|-ability|p1b: Rojinto|Mold Breaker\n|turn|6\n|\n|t:|1699294131\n|-terastallize|p2a: Rillaboom|Grass\n|-terastallize|p1b: Rojinto|Poison\n|move|p2a: Rillaboom|Grassy Glide|p1a: Flutter Mane\n|-damage|p1a: Flutter Mane|0 fnt\n|faint|p1a: Flutter Mane\n|-end|p1a: Flutter Mane|Protosynthesis|[silent]\n|move|p2b: Ninetales|Blizzard|p1b: Rojinto\n|-damage|p1b: Rojinto|31\/100\n|move|p1b: Rojinto|Rock Slide|p2a: Rillaboom|[spread] p2a,p2b\n|-supereffective|p2b: Ninetales\n|-damage|p2a: Rillaboom|69\/100\n|-damage|p2b: Ninetales|0 fnt\n|faint|p2b: Ninetales\n|-damage|p1b: Rojinto|21\/100|[from] item: Life Orb\n|\n|-weather|Snow|[upkeep]\n|-heal|p2a: Rillaboom|75\/100|[from] Grassy Terrain\n|-heal|p1b: Rojinto|27\/100|[from] Grassy Terrain\n|upkeep\n|-message|TheNovato564 forfeited.\n|\n|win|RudiHoshino\n|raw|TheNovato564's rating: 1349 &rarr; <strong>1323<\/strong><br \/>(-26 for losing)\n|raw|RudiHoshino's rating: 1250 &rarr; <strong>1282<\/strong><br \/>(+32 for winning)\n|l|\u2606TheNovato564\n","uploadtime":1699294157,"views":21,"p1id":"thenovato564","p2id":"rudihoshino","formatid":"gen9doublesou","rating":1282,"private":0,"password":""}