{"id":"gen9doublesou-1993785792","p1":"Martin80","p2":"ganso009","format":"[Gen 9] Doubles OU","log":"|j|\u2606Martin80\n|j|\u2606ganso009\n|t:|1700357037\n|gametype|doubles\n|player|p1|Martin80|steven|1175\n|player|p2|ganso009|266|1062\n|teamsize|p1|6\n|teamsize|p2|6\n|gen|9\n|tier|[Gen 9] Doubles OU\n|rated|\n|rule|Species Clause: Limit one of each Pok\u00e9mon\n|rule|OHKO Clause: OHKO moves are banned\n|rule|Evasion Moves Clause: Evasion moves are banned\n|rule|Gravity Sleep Clause: The combination of sleep-inducing moves with imperfect accuracy and Gravity or Gigantamax Orbeetle are banned\n|rule|Endless Battle Clause: Forcing endless battles is banned\n|rule|HP Percentage Mod: HP is shown in percentages\n|clearpoke\n|poke|p1|Ursaring, M|\n|poke|p1|Cinderace, M|\n|poke|p1|Kilowattrel, F|\n|poke|p1|Zoroark-Hisui, F|\n|poke|p1|Meowscarada, M|\n|poke|p1|Gholdengo|\n|poke|p2|Arcanine, F|\n|poke|p2|Torkoal, M|\n|poke|p2|Sinistcha|\n|poke|p2|Talonflame, M|\n|poke|p2|Garganacl, M|\n|poke|p2|Pawmot, M|\n|teampreview\n|inactive|Battle timer is ON: inactive players will automatically lose when time's up. (requested by Martin80)\n|\n|t:|1700357055\n|start\n|switch|p1a: Chica|Kilowattrel, F, shiny|100\/100\n|switch|p1b: Puppet|Gholdengo, shiny|100\/100\n|switch|p2a: Torkoal|Torkoal, M|100\/100\n|switch|p2b: Garganacl|Garganacl, M|100\/100\n|-weather|SunnyDay|[from] ability: Drought|[of] p2a: Torkoal\n|turn|1\n|\n|t:|1700357080\n|move|p1a: Chica|Tailwind|p1a: Chica\n|-sidestart|p1: Martin80|move: Tailwind\n|-start|p1a: Chica|Charge|Tailwind|[from] ability: Wind Power\n|move|p1b: Puppet|Rain Dance|p1b: Puppet\n|-weather|RainDance\n|move|p2b: Garganacl|Salt Cure|p1a: Chica\n|-supereffective|p1a: Chica\n|-crit|p1a: Chica\n|-damage|p1a: Chica|21\/100\n|-start|p1a: Chica|Salt Cure\n|move|p2a: Torkoal|Will-O-Wisp|p1b: Puppet\n|-status|p1b: Puppet|brn\n|\n|-weather|RainDance|[upkeep]\n|-damage|p1b: Puppet|95\/100 brn|[from] brn\n|-damage|p1a: Chica|9\/100|[from] Salt Cure\n|upkeep\n|turn|2\n|c|\u2606Martin80|nope\n|\n|t:|1700357102\n|move|p1a: Chica|Thunder|p2a: Torkoal\n|-damage|p2a: Torkoal|11\/100\n|-end|p1a: Chica|Charge|[silent]\n|move|p1b: Puppet|Nasty Plot|p1b: Puppet\n|-boost|p1b: Puppet|spa|2\n|move|p2b: Garganacl|Salt Cure|p1b: Puppet\n|-damage|p1b: Puppet|67\/100 brn\n|-start|p1b: Puppet|Salt Cure\n|replace|p1b: Foxy|Zoroark-Hisui, F, shiny\n|-end|p1b: Foxy|Illusion\n|move|p2a: Torkoal|Heat Wave|p1a: Chica|[spread] p1a,p1b\n|-damage|p1a: Chica|0 fnt\n|-damage|p1b: Foxy|45\/100 brn\n|faint|p1a: Chica\n|\n|-weather|RainDance|[upkeep]\n|-heal|p2a: Torkoal|17\/100|[from] item: Leftovers\n|-damage|p1b: Foxy|39\/100 brn|[from] brn\n|-damage|p1b: Foxy|26\/100 brn|[from] Salt Cure\n|upkeep\n|inactive|Martin80 has 120 seconds left.\n|\n|t:|1700357120\n|switch|p1a: Freddy Fazbear|Ursaring, M|100\/100\n|turn|3\n|\n|t:|1700357135\n|switch|p2a: Sinistcha|Sinistcha|100\/100\n|move|p1b: Foxy|Shadow Ball|p2a: Sinistcha\n|-supereffective|p2a: Sinistcha\n|-damage|p2a: Sinistcha|0 fnt\n|faint|p2a: Sinistcha\n|move|p1a: Freddy Fazbear|Swords Dance|p1a: Freddy Fazbear\n|-boost|p1a: Freddy Fazbear|atk|2\n|move|p2b: Garganacl|Rock Polish|p2b: Garganacl\n|-boost|p2b: Garganacl|spe|2\n|\n|-weather|RainDance|[upkeep]\n|-damage|p1b: Foxy|20\/100 brn|[from] brn\n|-damage|p1b: Foxy|8\/100 brn|[from] Salt Cure\n|-status|p1a: Freddy Fazbear|brn|[from] item: Flame Orb\n|upkeep\n|\n|t:|1700357150\n|switch|p2a: Torkoal|Torkoal, M|17\/100\n|-weather|SunnyDay|[from] ability: Drought|[of] p2a: Torkoal\n|turn|4\n|\n|t:|1700357173\n|move|p2b: Garganacl|Protect|p2b: Garganacl\n|-singleturn|p2b: Garganacl|Protect\n|move|p1b: Foxy|Rain Dance|p1b: Foxy\n|-weather|RainDance\n|move|p1a: Freddy Fazbear|Trailblaze|p2a: Torkoal\n|-resisted|p2a: Torkoal\n|-damage|p2a: Torkoal|0 fnt\n|-boost|p1a: Freddy Fazbear|spe|1\n|faint|p2a: Torkoal\n|\n|-weather|RainDance|[upkeep]\n|-damage|p1b: Foxy|2\/100 brn|[from] brn\n|-damage|p1a: Freddy Fazbear|94\/100 brn|[from] brn\n|-damage|p1b: Foxy|0 fnt|[from] Salt Cure\n|faint|p1b: Foxy\n|-sideend|p1: Martin80|move: Tailwind\n|upkeep\n|c|\u2606Martin80|i say no\n|\n|t:|1700357193\n|switch|p1b: Puppet|Gholdengo, shiny|100\/100\n|switch|p2a: Pawmot|Pawmot, M|100\/100\n|turn|5\n|\n|t:|1700357213\n|-terastallize|p1a: Freddy Fazbear|Normal\n|move|p1a: Freddy Fazbear|Facade|p2a: Pawmot\n|-enditem|p2a: Pawmot|Focus Sash\n|-damage|p2a: Pawmot|1\/100\n|move|p2a: Pawmot|Revival Blessing|p2a: Pawmot\n|\n|t:|1700357221\n|-heal|p2: Sinistcha|50\/100|[from] move: Revival Blessing\n|move|p1b: Puppet|Nasty Plot|p1b: Puppet\n|-boost|p1b: Puppet|spa|2\n|move|p2b: Garganacl|Salt Cure|p1b: Puppet\n|-resisted|p1b: Puppet\n|-damage|p1b: Puppet|93\/100\n|\n|-weather|RainDance|[upkeep]\n|-damage|p1a: Freddy Fazbear|88\/100 brn|[from] brn\n|upkeep\n|turn|6\n|\n|t:|1700357242\n|move|p1a: Freddy Fazbear|Shadow Claw|p2b: Garganacl\n|-crit|p2b: Garganacl\n|-damage|p2b: Garganacl|60\/100\n|move|p2a: Pawmot|Close Combat|p1a: Freddy Fazbear\n|-supereffective|p1a: Freddy Fazbear\n|-damage|p1a: Freddy Fazbear|0 fnt\n|-unboost|p2a: Pawmot|def|1\n|-unboost|p2a: Pawmot|spd|1\n|faint|p1a: Freddy Fazbear\n|move|p1b: Puppet|Shadow Ball|p2a: Pawmot\n|-damage|p2a: Pawmot|0 fnt\n|faint|p2a: Pawmot\n|move|p2b: Garganacl|Salt Cure|p1b: Puppet\n|-resisted|p1b: Puppet\n|-damage|p1b: Puppet|85\/100\n|\n|-weather|RainDance|[upkeep]\n|-heal|p2b: Garganacl|66\/100|[from] item: Leftovers\n|upkeep\n|\n|t:|1700357264\n|switch|p2a: Talonflame|Talonflame, M|100\/100\n|switch|p1a: Springtrap|Meowscarada, M, shiny|100\/100\n|turn|7\n|\n|t:|1700357281\n|move|p2a: Talonflame|Tailwind|p2a: Talonflame\n|-sidestart|p2: ganso009|move: Tailwind\n|move|p2b: Garganacl|Salt Cure|p1b: Puppet\n|-resisted|p1b: Puppet\n|-damage|p1b: Puppet|76\/100\n|move|p1a: Springtrap|Flower Trick|p2b: Garganacl\n|-start|p1a: Springtrap|typechange|Grass|[from] ability: Protean\n|-supereffective|p2b: Garganacl\n|-crit|p2b: Garganacl\n|-damage|p2b: Garganacl|0 fnt\n|faint|p2b: Garganacl\n|move|p1b: Puppet|Shadow Ball|p2a: Talonflame\n|-damage|p2a: Talonflame|0 fnt\n|faint|p2a: Talonflame\n|\n|-weather|RainDance|[upkeep]\n|upkeep\n|\n|t:|1700357297\n|switch|p2a: Arcanine|Arcanine, F|100\/100\n|switch|p2b: Sinistcha|Sinistcha|50\/100\n|-ability|p2a: Arcanine|Intimidate|boost\n|-unboost|p1a: Springtrap|atk|1\n|-unboost|p1b: Puppet|atk|1\n|turn|8\n|\n|t:|1700357320\n|-terastallize|p2b: Sinistcha|Dark\n|move|p2a: Arcanine|Fire Blast|p1b: Puppet\n|-supereffective|p1b: Puppet\n|-damage|p1b: Puppet|29\/100\n|move|p2b: Sinistcha|Strength Sap|p1a: Springtrap\n|-unboost|p1a: Springtrap|atk|1\n|-heal|p2b: Sinistcha|100\/100\n|move|p1a: Springtrap|Knock Off|p2b: Sinistcha\n|-resisted|p2b: Sinistcha\n|-damage|p2b: Sinistcha|94\/100\n|-enditem|p2b: Sinistcha|Leftovers|[from] move: Knock Off|[of] p1a: Springtrap\n|move|p1b: Puppet|Shadow Ball|p2a: Arcanine\n|-damage|p2a: Arcanine|33\/100\n|\n|-weather|none\n|upkeep\n|turn|9\n|\n|t:|1700357346\n|switch|p1b: Bonnie|Cinderace, M, shiny|100\/100\n|move|p2a: Arcanine|Fire Blast|p1a: Springtrap\n|-supereffective|p1a: Springtrap\n|-enditem|p1a: Springtrap|Focus Sash\n|-damage|p1a: Springtrap|1\/100\n|-heal|p2a: Arcanine|43\/100|[from] item: Shell Bell|[of] p1a: Springtrap\n|move|p2b: Sinistcha|Shadow Ball|p1b: Bonnie\n|-damage|p1b: Bonnie|51\/100\n|move|p1a: Springtrap|Taunt|p2b: Sinistcha\n|-start|p2b: Sinistcha|move: Taunt\n|\n|upkeep\n|turn|10\n|\n|t:|1700357369\n|move|p2a: Arcanine|Extreme Speed|p1a: Springtrap\n|-damage|p1a: Springtrap|0 fnt\n|faint|p1a: Springtrap\n|-heal|p2a: Arcanine|43\/100|[from] item: Shell Bell|[of] p1: Springtrap\n|move|p1b: Bonnie|Sucker Punch||[still]\n|-fail|p1b: Bonnie\n|move|p2b: Sinistcha|Shadow Ball|p1b: Bonnie\n|-damage|p1b: Bonnie|6\/100\n|\n|-sideend|p2: ganso009|move: Tailwind\n|upkeep\n|\n|t:|1700357379\n|switch|p1a: Puppet|Gholdengo, shiny|29\/100\n|turn|11\n|\n|t:|1700357396\n|move|p2a: Arcanine|Protect|p2a: Arcanine\n|-singleturn|p2a: Arcanine|Protect\n|move|p1b: Bonnie|Pyro Ball|p2b: Sinistcha\n|-damage|p2b: Sinistcha|49\/100\n|move|p1a: Puppet|Make It Rain|p2a: Arcanine|[spread] p2b\n|-activate|p2a: Arcanine|move: Protect\n|-damage|p2b: Sinistcha|0 fnt\n|-unboost|p1a: Puppet|spa|1\n|faint|p2b: Sinistcha\n|\n|upkeep\n|turn|12\n|\n|t:|1700357416\n|move|p1b: Bonnie|Pyro Ball|p2a: Arcanine\n|-resisted|p2a: Arcanine\n|-damage|p2a: Arcanine|8\/100\n|move|p1a: Puppet|Shadow Ball|p2a: Arcanine\n|-damage|p2a: Arcanine|0 fnt\n|faint|p2a: Arcanine\n|\n|win|Martin80\n|raw|Martin80's rating: 1175 &rarr; <strong>1192<\/strong><br \/>(+17 for winning)\n|raw|ganso009's rating: 1062 &rarr; <strong>1049<\/strong><br \/>(-13 for losing)\n|l|\u2606ganso009\n|c|\u2606Martin80|gg ez\n","uploadtime":1700357434,"views":12,"p1id":"martin80","p2id":"ganso009","formatid":"gen9doublesou","rating":1049,"private":0,"password":""}