{"id":"gen9doublesou-1985339087","p1":"mikeyuwu","p2":"DGFDHGDHD","format":"[Gen 9] Doubles OU","log":"|j|\u2606mikeyuwu\n|j|\u2606DGFDHGDHD\n|t:|1699366052\n|gametype|doubles\n|player|p1|mikeyuwu|psychic-gen4|1138\n|player|p2|DGFDHGDHD|2|1108\n|teamsize|p1|6\n|teamsize|p2|6\n|gen|9\n|tier|[Gen 9] Doubles OU\n|rated|\n|rule|Species Clause: Limit one of each Pok\u00e9mon\n|rule|OHKO Clause: OHKO moves are banned\n|rule|Evasion Moves Clause: Evasion moves are banned\n|rule|Gravity Sleep Clause: The combination of sleep-inducing moves with imperfect accuracy and Gravity or Gigantamax Orbeetle are banned\n|rule|Endless Battle Clause: Forcing endless battles is banned\n|rule|HP Percentage Mod: HP is shown in percentages\n|clearpoke\n|poke|p1|Garchomp, M|\n|poke|p1|Tyranitar, F|\n|poke|p1|Vaporeon, F|\n|poke|p1|Toxicroak, M|\n|poke|p1|Pelipper, F|\n|poke|p1|Abomasnow, M|\n|poke|p2|Klefki, F|\n|poke|p2|Ursaluna-Bloodmoon, M|\n|poke|p2|Slowking-Galar, F|\n|poke|p2|Mimikyu, F|\n|poke|p2|Conkeldurr, M|\n|poke|p2|Diancie|\n|teampreview\n|\n|t:|1699366063\n|start\n|switch|p1a: Extra Spicy|Garchomp, M|100\/100\n|switch|p1b: Harmacy|Vaporeon, F|100\/100\n|switch|p2a: Klefki|Klefki, F|100\/100\n|switch|p2b: Ursaluna|Ursaluna-Bloodmoon, M|100\/100\n|turn|1\n|\n|t:|1699366078\n|move|p2a: Klefki|Reflect|p2a: Klefki\n|-sidestart|p2: DGFDHGDHD|Reflect\n|move|p1a: Extra Spicy|Brick Break|p2b: Ursaluna\n|-sideend|p2: DGFDHGDHD|Reflect\n|-supereffective|p2b: Ursaluna\n|-crit|p2b: Ursaluna\n|-damage|p2b: Ursaluna|58\/100\n|move|p1b: Harmacy|Icy Wind|p2a: Klefki|[spread] p2a,p2b\n|-resisted|p2a: Klefki\n|-supereffective|p2b: Ursaluna\n|-damage|p2a: Klefki|95\/100\n|-damage|p2b: Ursaluna|35\/100\n|-unboost|p2a: Klefki|spe|1\n|-unboost|p2b: Ursaluna|spe|1\n|move|p2b: Ursaluna|Moonblast|p1a: Extra Spicy\n|-supereffective|p1a: Extra Spicy\n|-damage|p1a: Extra Spicy|31\/100\n|\n|-heal|p2b: Ursaluna|41\/100|[from] item: Leftovers\n|upkeep\n|turn|2\n|\n|t:|1699366099\n|switch|p1a: Weather War|Pelipper, F|100\/100\n|-weather|RainDance|[from] ability: Drizzle|[of] p1a: Weather War\n|switch|p2b: Slowking|Slowking-Galar, F|100\/100\n|move|p1b: Harmacy|Weather Ball|p2b: Slowking\n|-damage|p2b: Slowking|59\/100\n|move|p2a: Klefki|Trick Room|p2a: Klefki\n|-fieldstart|move: Trick Room|[of] p2a: Klefki\n|\n|-weather|RainDance|[upkeep]\n|-heal|p2b: Slowking|65\/100|[from] item: Black Sludge\n|upkeep\n|turn|3\n|\n|t:|1699366120\n|switch|p1a: ThcrThnSnkr|Tyranitar, F|100\/100\n|-weather|Sandstorm|[from] ability: Sand Stream|[of] p1a: ThcrThnSnkr\n|move|p2a: Klefki|Light Screen|p2a: Klefki\n|-sidestart|p2: DGFDHGDHD|move: Light Screen\n|move|p2b: Slowking|Chilly Reception|p2b: Slowking\n|-weather|Snow\n|\n|t:|1699366128\n|switch|p2b: Conkeldurr|Conkeldurr, M|100\/100|[from] Chilly Reception\n|move|p1b: Harmacy|Copycat|p1b: Harmacy\n|move|p1b: Harmacy|Chilly Reception|p1b: Harmacy|[from]move: Copycat\n|\n|t:|1699366131\n|switch|p1b: Weather War|Pelipper, F|100\/100|[from] Chilly Reception\n|-weather|RainDance|[from] ability: Drizzle|[of] p1b: Weather War\n|\n|-weather|RainDance|[upkeep]\n|-status|p2b: Conkeldurr|brn|[from] item: Flame Orb\n|upkeep\n|turn|4\n|\n|t:|1699366154\n|switch|p1a: OTLHPM|Toxicroak, M|100\/100\n|-terastallize|p2b: Conkeldurr|Flying\n|move|p2a: Klefki|Reflect|p2a: Klefki\n|-sidestart|p2: DGFDHGDHD|Reflect\n|move|p2b: Conkeldurr|Drain Punch|p1a: OTLHPM\n|-resisted|p1a: OTLHPM\n|-damage|p1a: OTLHPM|56\/100\n|move|p1b: Weather War|Hurricane|p2b: Conkeldurr\n|-damage|p2b: Conkeldurr|73\/100 brn\n|-start|p2b: Conkeldurr|confusion\n|\n|-weather|RainDance|[upkeep]\n|-heal|p1a: OTLHPM|68\/100|[from] ability: Dry Skin\n|-heal|p1a: OTLHPM|74\/100|[from] item: Black Sludge\n|-damage|p2b: Conkeldurr|67\/100 brn|[from] brn\n|upkeep\n|turn|5\n|\n|t:|1699366174\n|switch|p1a: Harmacy|Vaporeon, F|100\/100\n|move|p2a: Klefki|Draining Kiss|p1a: Harmacy\n|-damage|p1a: Harmacy|89\/100\n|-heal|p2a: Klefki|100\/100|[from] drain|[of] p1a: Harmacy\n|-activate|p2b: Conkeldurr|confusion\n|move|p2b: Conkeldurr|Drain Punch|p1a: Harmacy\n|-damage|p1a: Harmacy|43\/100\n|-heal|p2b: Conkeldurr|93\/100 brn|[from] drain|[of] p1a: Harmacy\n|move|p1b: Weather War|Chilling Water|p2b: Conkeldurr\n|-damage|p2b: Conkeldurr|75\/100 brn\n|-unboost|p2b: Conkeldurr|atk|1\n|\n|-weather|RainDance|[upkeep]\n|-heal|p1a: Harmacy|49\/100|[from] item: Leftovers\n|-damage|p2b: Conkeldurr|69\/100 brn|[from] brn\n|upkeep\n|turn|6\n|\n|t:|1699366203\n|switch|p2b: Slowking|Slowking-Galar, F|98\/100\n|move|p2a: Klefki|Draining Kiss|p1a: Harmacy\n|-damage|p1a: Harmacy|39\/100\n|move|p1a: Harmacy|Wish|p1a: Harmacy\n|move|p1b: Weather War|Chilling Water|p2b: Slowking\n|-damage|p2b: Slowking|86\/100\n|-unboost|p2b: Slowking|atk|1\n|\n|-weather|RainDance|[upkeep]\n|-heal|p2b: Slowking|92\/100|[from] item: Black Sludge\n|-heal|p1a: Harmacy|45\/100|[from] item: Leftovers\n|-fieldend|move: Trick Room\n|upkeep\n|turn|7\n|\n|t:|1699366218\n|switch|p1b: Cold Shoulder|Abomasnow, M, shiny|100\/100\n|-weather|Snow|[from] ability: Snow Warning|[of] p1b: Cold Shoulder\n|switch|p1a: OTLHPM|Toxicroak, M|74\/100\n|move|p2a: Klefki|Draining Kiss|p1a: OTLHPM\n|-damage|p1a: OTLHPM|57\/100\n|move|p2b: Slowking|Sludge Bomb|p1a: OTLHPM\n|-resisted|p1a: OTLHPM\n|-damage|p1a: OTLHPM|30\/100\n|\n|-weather|Snow|[upkeep]\n|-heal|p1a: OTLHPM|99\/100|[from] move: Wish|[wisher] Harmacy\n|-heal|p1a: OTLHPM|100\/100|[from] item: Black Sludge\n|-heal|p2b: Slowking|98\/100|[from] item: Black Sludge\n|upkeep\n|turn|8\n|\n|t:|1699366237\n|switch|p1a: ThcrThnSnkr|Tyranitar, F|100\/100\n|-weather|Sandstorm|[from] ability: Sand Stream|[of] p1a: ThcrThnSnkr\n|move|p1b: Cold Shoulder|Leech Seed|p2a: Klefki\n|-start|p2a: Klefki|move: Leech Seed\n|move|p2b: Slowking|Eerie Spell|p1a: ThcrThnSnkr\n|-immune|p1a: ThcrThnSnkr\n|move|p2a: Klefki|Trick Room|p2a: Klefki\n|-fieldstart|move: Trick Room|[of] p2a: Klefki\n|\n|-weather|Sandstorm|[upkeep]\n|-damage|p2b: Slowking|92\/100|[from] Sandstorm\n|-damage|p1b: Cold Shoulder|94\/100|[from] Sandstorm\n|-heal|p2b: Slowking|98\/100|[from] item: Black Sludge\n|-damage|p2a: Klefki|88\/100|[from] Leech Seed|[of] p1b: Cold Shoulder\n|-heal|p1b: Cold Shoulder|100\/100|[silent]\n|upkeep\n|turn|9\n|\n|t:|1699366258\n|switch|p1b: OTLHPM|Toxicroak, M|100\/100\n|move|p2b: Slowking|Sludge Bomb|p1b: OTLHPM\n|-resisted|p1b: OTLHPM\n|-damage|p1b: OTLHPM|72\/100\n|move|p2a: Klefki|Draining Kiss|p1a: ThcrThnSnkr\n|-supereffective|p1a: ThcrThnSnkr\n|-damage|p1a: ThcrThnSnkr|91\/100\n|-heal|p2a: Klefki|97\/100|[from] drain|[of] p1a: ThcrThnSnkr\n|move|p1a: ThcrThnSnkr|Knock Off|p2b: Slowking\n|-supereffective|p2b: Slowking\n|-damage|p2b: Slowking|39\/100\n|-enditem|p2b: Slowking|Black Sludge|[from] move: Knock Off|[of] p1a: ThcrThnSnkr\n|\n|-weather|Sandstorm|[upkeep]\n|-damage|p2b: Slowking|32\/100|[from] Sandstorm\n|-damage|p1b: OTLHPM|66\/100|[from] Sandstorm\n|-heal|p1b: OTLHPM|72\/100|[from] item: Black Sludge\n|-damage|p2a: Klefki|84\/100|[from] Leech Seed|[of] p1b: OTLHPM\n|-heal|p1b: OTLHPM|84\/100|[silent]\n|upkeep\n|turn|10\n|\n|t:|1699366285\n|switch|p2b: Conkeldurr|Conkeldurr, M, tera:Flying|69\/100 brn\n|switch|p2a: Mimikyu|Mimikyu, F|100\/100\n|switch|p1b: Weather War|Pelipper, F|100\/100\n|-weather|RainDance|[from] ability: Drizzle|[of] p1b: Weather War\n|move|p1a: ThcrThnSnkr|Knock Off|p2b: Conkeldurr\n|-damage|p2b: Conkeldurr|46\/100 brn\n|-enditem|p2b: Conkeldurr|Flame Orb|[from] move: Knock Off|[of] p1a: ThcrThnSnkr\n|\n|-weather|RainDance|[upkeep]\n|-damage|p2b: Conkeldurr|40\/100 brn|[from] brn\n|-sideend|p2: DGFDHGDHD|move: Light Screen\n|upkeep\n|turn|11\n|inactive|Battle timer is ON: inactive players will automatically lose when time's up. (requested by DGFDHGDHD)\n|\n|t:|1699366307\n|switch|p1a: Extra Spicy|Garchomp, M|31\/100\n|move|p2b: Conkeldurr|Knock Off|p1b: Weather War\n|-damage|p1b: Weather War|54\/100\n|-enditem|p1b: Weather War|Heavy-Duty Boots|[from] move: Knock Off|[of] p2b: Conkeldurr\n|move|p1b: Weather War|Chilling Water|p2a: Mimikyu\n|-activate|p2a: Mimikyu|ability: Disguise\n|-damage|p2a: Mimikyu|100\/100\n|-unboost|p2a: Mimikyu|atk|1\n|detailschange|p2a: Mimikyu|Mimikyu-Busted, F\n|-damage|p2a: Mimikyu|88\/100|[from] pokemon: Mimikyu-Busted\n|move|p2a: Mimikyu|Swords Dance|p2a: Mimikyu\n|-boost|p2a: Mimikyu|atk|2\n|\n|-weather|RainDance|[upkeep]\n|-damage|p2b: Conkeldurr|34\/100 brn|[from] brn\n|-sideend|p2: DGFDHGDHD|Reflect\n|upkeep\n|turn|12\n|\n|t:|1699366330\n|move|p2b: Conkeldurr|Ice Punch|p1b: Weather War\n|-damage|p1b: Weather War|20\/100\n|move|p1b: Weather War|Chilling Water|p2a: Mimikyu\n|-damage|p2a: Mimikyu|63\/100\n|-unboost|p2a: Mimikyu|atk|1\n|move|p2a: Mimikyu|Play Rough|p1a: Extra Spicy\n|-supereffective|p1a: Extra Spicy\n|-damage|p1a: Extra Spicy|0 fnt\n|-damage|p2a: Mimikyu|50\/100|[from] ability: Rough Skin|[of] p1a: Extra Spicy\n|-damage|p2a: Mimikyu|34\/100|[from] item: Rocky Helmet|[of] p1a: Extra Spicy\n|faint|p1a: Extra Spicy\n|-damage|p2a: Mimikyu|24\/100|[from] item: Life Orb\n|\n|-weather|RainDance|[upkeep]\n|-damage|p2b: Conkeldurr|28\/100 brn|[from] brn\n|-fieldend|move: Trick Room\n|upkeep\n|\n|t:|1699366346\n|switch|p1a: OTLHPM|Toxicroak, M|84\/100\n|turn|13\n|\n|t:|1699366356\n|switch|p1a: Cold Shoulder|Abomasnow, M, shiny|100\/100\n|-weather|Snow|[from] ability: Snow Warning|[of] p1a: Cold Shoulder\n|move|p1b: Weather War|Blizzard|p2a: Mimikyu|[spread] p2a,p2b\n|-supereffective|p2b: Conkeldurr\n|-damage|p2a: Mimikyu|6\/100\n|-damage|p2b: Conkeldurr|0 fnt\n|faint|p2b: Conkeldurr\n|move|p2a: Mimikyu|Trick Room|p2a: Mimikyu\n|-fieldstart|move: Trick Room|[of] p2a: Mimikyu\n|\n|-weather|Snow|[upkeep]\n|upkeep\n|\n|t:|1699366378\n|switch|p2b: Ursaluna|Ursaluna-Bloodmoon, M|41\/100\n|turn|14\n|\n|t:|1699366398\n|move|p2b: Ursaluna|Hyper Voice|p1b: Weather War|[spread] p1a,p1b\n|-damage|p1a: Cold Shoulder|54\/100\n|-damage|p1b: Weather War|0 fnt\n|faint|p1b: Weather War\n|move|p1a: Cold Shoulder|Blizzard|p2a: Mimikyu|[spread] p2a,p2b\n|-supereffective|p2b: Ursaluna\n|-damage|p2a: Mimikyu|0 fnt\n|-damage|p2b: Ursaluna|0 fnt\n|faint|p2a: Mimikyu\n|faint|p2b: Ursaluna\n|\n|-weather|Snow|[upkeep]\n|upkeep\n|\n|t:|1699366409\n|switch|p2b: Diancie|Diancie|100\/100\n|switch|p1b: ThcrThnSnkr|Tyranitar, F|91\/100\n|switch|p2a: Klefki|Klefki, F|84\/100\n|-weather|Sandstorm|[from] ability: Sand Stream|[of] p1b: ThcrThnSnkr\n|turn|15\n|\n|t:|1699366421\n|move|p2a: Klefki|Reflect|p2a: Klefki\n|-sidestart|p2: DGFDHGDHD|Reflect\n|move|p2b: Diancie|Diamond Storm|p1a: Cold Shoulder|[spread] p1a,p1b\n|-supereffective|p1a: Cold Shoulder\n|-damage|p1a: Cold Shoulder|9\/100\n|-damage|p1b: ThcrThnSnkr|64\/100\n|move|p1b: ThcrThnSnkr|Heavy Slam|p2b: Diancie\n|-supereffective|p2b: Diancie\n|-damage|p2b: Diancie|19\/100\n|move|p1a: Cold Shoulder|Leech Seed|p2a: Klefki\n|-start|p2a: Klefki|move: Leech Seed\n|\n|-weather|Sandstorm|[upkeep]\n|-damage|p1a: Cold Shoulder|3\/100|[from] Sandstorm\n|-damage|p2a: Klefki|72\/100|[from] Leech Seed|[of] p1a: Cold Shoulder\n|-heal|p1a: Cold Shoulder|14\/100|[silent]\n|upkeep\n|turn|16\n|\n|t:|1699366445\n|switch|p1a: OTLHPM|Toxicroak, M|84\/100\n|move|p2a: Klefki|Light Screen|p2a: Klefki\n|-sidestart|p2: DGFDHGDHD|move: Light Screen\n|move|p2b: Diancie|Flash Cannon|p1b: ThcrThnSnkr\n|-supereffective|p1b: ThcrThnSnkr\n|-damage|p1b: ThcrThnSnkr|47\/100\n|move|p1b: ThcrThnSnkr|Heavy Slam|p2b: Diancie\n|-supereffective|p2b: Diancie\n|-damage|p2b: Diancie|0 fnt\n|faint|p2b: Diancie\n|\n|-weather|Sandstorm|[upkeep]\n|-damage|p1a: OTLHPM|77\/100|[from] Sandstorm\n|-heal|p1a: OTLHPM|84\/100|[from] item: Black Sludge\n|-damage|p2a: Klefki|60\/100|[from] Leech Seed|[of] p1a: OTLHPM\n|-heal|p1a: OTLHPM|95\/100|[silent]\n|upkeep\n|-message|DGFDHGDHD forfeited.\n|\n|win|mikeyuwu\n|raw|mikeyuwu's rating: 1138 &rarr; <strong>1161<\/strong><br \/>(+23 for winning)\n|raw|DGFDHGDHD's rating: 1108 &rarr; <strong>1085<\/strong><br \/>(-23 for losing)\n|l|\u2606DGFDHGDHD\n","uploadtime":1699366464,"views":8,"p1id":"mikeyuwu","p2id":"dgfdhgdhd","formatid":"gen9doublesou","rating":1085,"private":0,"password":""}