{"id":"gen9doublesou-1984922414","p1":"Jackmim","p2":"Talacha310","format":"[Gen 9] Doubles OU","log":"|j|\u2606Jackmim\n|j|\u2606Talacha310\n|t:|1699311118\n|gametype|doubles\n|player|p1|Jackmim|ryme|1064\n|player|p2|Talacha310|hiker-gen4|1076\n|teamsize|p1|6\n|teamsize|p2|6\n|gen|9\n|tier|[Gen 9] Doubles OU\n|rated|\n|rule|Species Clause: Limit one of each Pok\u00e9mon\n|rule|OHKO Clause: OHKO moves are banned\n|rule|Evasion Moves Clause: Evasion moves are banned\n|rule|Gravity Sleep Clause: The combination of sleep-inducing moves with imperfect accuracy and Gravity or Gigantamax Orbeetle are banned\n|rule|Endless Battle Clause: Forcing endless battles is banned\n|rule|HP Percentage Mod: HP is shown in percentages\n|clearpoke\n|poke|p1|Gastly, M|\n|poke|p1|Abomasnow, F|\n|poke|p1|Haunter, M|\n|poke|p1|Greavard, M|\n|poke|p1|Oricorio-Sensu, F|\n|poke|p1|Mew|\n|poke|p2|Corviknight, M|\n|poke|p2|Dragapult, M|\n|poke|p2|Ludicolo, F|\n|poke|p2|Charizard, F|\n|poke|p2|Torkoal, F|\n|poke|p2|Barraskewda, M|\n|teampreview\n|inactive|Battle timer is ON: inactive players will automatically lose when time's up. (requested by Talacha310)\n|\n|t:|1699311132\n|start\n|switch|p1a: Eenie...|Gastly, M, shiny|100\/100\n|switch|p1b: Onna-Yuki|Abomasnow, F, shiny|100\/100\n|switch|p2a: Ludicolo|Ludicolo, F, shiny|100\/100\n|switch|p2b: Barraskewda|Barraskewda, M, shiny|100\/100\n|turn|1\n|\n|t:|1699311154\n|move|p2a: Ludicolo|Fake Out|p1b: Onna-Yuki\n|-damage|p1b: Onna-Yuki|94\/100\n|move|p2b: Barraskewda|Psychic Fangs|p1a: Eenie...\n|-supereffective|p1a: Eenie...\n|-damage|p1a: Eenie...|0 fnt\n|faint|p1a: Eenie...\n|cant|p1b: Onna-Yuki|flinch\n|\n|upkeep\n|\n|t:|1699311162\n|switch|p1a: Meanie...|Haunter, M, shiny|100\/100\n|turn|2\n|\n|t:|1699311170\n|move|p2b: Barraskewda|Psychic Fangs|p1a: Meanie...\n|-supereffective|p1a: Meanie...\n|-damage|p1a: Meanie...|0 fnt\n|faint|p1a: Meanie...\n|move|p2a: Ludicolo|Drain Punch|p1b: Onna-Yuki\n|-supereffective|p1b: Onna-Yuki\n|-damage|p1b: Onna-Yuki|69\/100\n|move|p1b: Onna-Yuki|Substitute|p1b: Onna-Yuki\n|-start|p1b: Onna-Yuki|Substitute\n|-damage|p1b: Onna-Yuki|44\/100\n|\n|upkeep\n|\n|t:|1699311180\n|switch|p1a: Mo!|Greavard, M, shiny|100\/100\n|turn|3\n|\n|t:|1699311191\n|move|p2b: Barraskewda|Liquidation|p1a: Mo!\n|-damage|p1a: Mo!|74\/100\n|move|p2a: Ludicolo|Drain Punch|p1b: Onna-Yuki\n|-supereffective|p1b: Onna-Yuki\n|-activate|p1b: Onna-Yuki|move: Substitute|[damage]\n|move|p1b: Onna-Yuki|Leech Seed|p2b: Barraskewda\n|-start|p2b: Barraskewda|move: Leech Seed\n|move|p1a: Mo!|Phantom Force||[still]\n|-prepare|p1a: Mo!|Phantom Force\n|\n|-damage|p2b: Barraskewda|88\/100|[from] Leech Seed|[of] p1b: Onna-Yuki\n|-heal|p1b: Onna-Yuki|53\/100|[silent]\n|upkeep\n|turn|4\n|\n|t:|1699311218\n|-terastallize|p1b: Onna-Yuki|Ghost\n|move|p1b: Onna-Yuki|Helping Hand|p1a: Mo!\n|-singleturn|p1a: Mo!|Helping Hand|[of] p1b: Onna-Yuki\n|move|p2b: Barraskewda|Liquidation|p1b: Onna-Yuki\n|-end|p1b: Onna-Yuki|Substitute\n|move|p2a: Ludicolo|Drain Punch|p1b: Onna-Yuki\n|-immune|p1b: Onna-Yuki\n|move|p1a: Mo!|Phantom Force|p2b: Barraskewda|[from]lockedmove\n|-damage|p2b: Barraskewda|0 fnt\n|faint|p2b: Barraskewda\n|\n|upkeep\n|inactive|Talacha310 has 120 seconds left.\n|\n|t:|1699311236\n|switch|p2b: Dragapult|Dragapult, M, shiny|100\/100\n|turn|5\n|\n|t:|1699311250\n|move|p2b: Dragapult|Phantom Force||[still]\n|-prepare|p2b: Dragapult|Phantom Force\n|move|p2a: Ludicolo|Hydro Pump|p1a: Mo!|[miss]\n|-miss|p2a: Ludicolo|p1a: Mo!\n|move|p1b: Onna-Yuki|Fling|p2b: Dragapult|[miss]\n|-miss|p1b: Onna-Yuki|p2b: Dragapult\n|-enditem|p1b: Onna-Yuki|King's Rock|[from] move: Fling\n|move|p1a: Mo!|Phantom Force||[still]\n|-prepare|p1a: Mo!|Phantom Force\n|\n|upkeep\n|turn|6\n|\n|t:|1699311264\n|move|p2b: Dragapult|Phantom Force|p1b: Onna-Yuki|[from]lockedmove\n|-supereffective|p1b: Onna-Yuki\n|-damage|p1b: Onna-Yuki|0 fnt\n|faint|p1b: Onna-Yuki\n|move|p2a: Ludicolo|Hydro Pump|p1a: Mo!|[miss]\n|-miss|p2a: Ludicolo|p1a: Mo!\n|move|p1a: Mo!|Phantom Force|p2b: Dragapult|[from]lockedmove\n|-supereffective|p2b: Dragapult\n|-damage|p2b: Dragapult|17\/100\n|\n|upkeep\n|\n|t:|1699311276\n|switch|p1b: Gengar-Sensu|Oricorio-Sensu, F, shiny|100\/100\n|turn|7\n|\n|t:|1699311298\n|move|p2b: Dragapult|Phantom Force||[still]\n|-prepare|p2b: Dragapult|Phantom Force\n|move|p1b: Gengar-Sensu|Quiver Dance|p1b: Gengar-Sensu\n|-boost|p1b: Gengar-Sensu|spa|1\n|-boost|p1b: Gengar-Sensu|spd|1\n|-boost|p1b: Gengar-Sensu|spe|1\n|move|p2a: Ludicolo|Hydro Pump|p1b: Gengar-Sensu\n|-damage|p1b: Gengar-Sensu|58\/100\n|move|p1a: Mo!|Psychic Fangs|p2a: Ludicolo\n|-damage|p2a: Ludicolo|78\/100\n|\n|-heal|p1b: Gengar-Sensu|64\/100|[from] item: Leftovers\n|-heal|p2a: Ludicolo|84\/100|[from] item: Leftovers\n|upkeep\n|turn|8\n|\n|t:|1699311316\n|move|p1a: Mo!|Ally Switch|p1a: Mo!\n|swap|p1a: Mo!|1|[from] move: Ally Switch\n|move|p1a: Gengar-Sensu|Quiver Dance|p1a: Gengar-Sensu\n|-boost|p1a: Gengar-Sensu|spa|1\n|-boost|p1a: Gengar-Sensu|spd|1\n|-boost|p1a: Gengar-Sensu|spe|1\n|move|p2b: Dragapult|Phantom Force|p1b: Mo!|[from]lockedmove\n|-supereffective|p1b: Mo!\n|-damage|p1b: Mo!|39\/100\n|move|p2a: Ludicolo|Hydro Pump|p1b: Mo!\n|-damage|p1b: Mo!|0 fnt\n|faint|p1b: Mo!\n|\n|-heal|p1a: Gengar-Sensu|71\/100|[from] item: Leftovers\n|-heal|p2a: Ludicolo|90\/100|[from] item: Leftovers\n|upkeep\n|\n|t:|1699311330\n|switch|p1b: Giratina-Mew|Mew, shiny|100\/100\n|turn|9\n|\n|t:|1699311339\n|move|p1a: Gengar-Sensu|Revelation Dance|p2b: Dragapult\n|-supereffective|p2b: Dragapult\n|-damage|p2b: Dragapult|0 fnt\n|faint|p2b: Dragapult\n|move|p1b: Giratina-Mew|Transform|p1a: Gengar-Sensu\n|-transform|p1b: Giratina-Mew|p1a: Gengar-Sensu\n|move|p2a: Ludicolo|Hydro Pump|p1a: Gengar-Sensu\n|-damage|p1a: Gengar-Sensu|42\/100\n|\n|-heal|p1a: Gengar-Sensu|48\/100|[from] item: Leftovers\n|-heal|p2a: Ludicolo|96\/100|[from] item: Leftovers\n|upkeep\n|\n|t:|1699311353\n|switch|p2b: Corviknight|Corviknight, M, shiny|100\/100\n|-ability|p2b: Corviknight|Unnerve\n|turn|10\n|\n|t:|1699311367\n|move|p1b: Giratina-Mew|Revelation Dance|p2b: Corviknight\n|-damage|p2b: Corviknight|25\/100\n|-enditem|p2b: Corviknight|Aguav Berry|[eat]\n|-heal|p2b: Corviknight|59\/100|[from] item: Aguav Berry\n|-activate|p1a: Gengar-Sensu|ability: Dancer\n|move|p1a: Gengar-Sensu|Revelation Dance|p2b: Corviknight|[from]ability: Dancer\n|-damage|p2b: Corviknight|0 fnt\n|faint|p2b: Corviknight\n|move|p1a: Gengar-Sensu|Revelation Dance|p2a: Ludicolo\n|-damage|p2a: Ludicolo|32\/100\n|-activate|p1b: Giratina-Mew|ability: Dancer\n|move|p1b: Giratina-Mew|Revelation Dance|p2a: Ludicolo|[from]ability: Dancer\n|-damage|p2a: Ludicolo|0 fnt\n|faint|p2a: Ludicolo\n|\n|-heal|p1a: Gengar-Sensu|54\/100|[from] item: Leftovers\n|upkeep\n|-message|Talacha310 forfeited.\n|\n|win|Jackmim\n|raw|Jackmim's rating: 1064 &rarr; <strong>1095<\/strong><br \/>(+31 for winning)\n|raw|Talacha310's rating: 1076 &rarr; <strong>1054<\/strong><br \/>(-22 for losing)\n|l|\u2606Talacha310\n","uploadtime":1699311393,"views":10,"p1id":"jackmim","p2id":"talacha310","formatid":"gen9doublesou","rating":1054,"private":0,"password":""}