{"id":"gen9doublesou-1981815479","p1":"Darkrai5555","p2":"JoyousPeas","format":"[Gen 9] Doubles OU","log":"|j|\u2606Darkrai5555\n|j|\u2606JoyousPeas\n|t:|1698943718\n|gametype|doubles\n|player|p1|Darkrai5555|nate|1173\n|player|p2|JoyousPeas|jacq|1168\n|teamsize|p1|6\n|teamsize|p2|6\n|gen|9\n|tier|[Gen 9] Doubles OU\n|rated|\n|rule|Species Clause: Limit one of each Pok\u00e9mon\n|rule|OHKO Clause: OHKO moves are banned\n|rule|Evasion Moves Clause: Evasion moves are banned\n|rule|Gravity Sleep Clause: The combination of sleep-inducing moves with imperfect accuracy and Gravity or Gigantamax Orbeetle are banned\n|rule|Endless Battle Clause: Forcing endless battles is banned\n|rule|HP Percentage Mod: HP is shown in percentages\n|clearpoke\n|poke|p1|Indeedee-F, F|\n|poke|p1|Armarouge, M|\n|poke|p1|Sneasler, M|\n|poke|p1|Sinistcha|\n|poke|p1|Ursaluna-Bloodmoon, M|\n|poke|p1|Enamorus-Therian, F|\n|poke|p2|Blissey, F|\n|poke|p2|Lurantis, M|\n|poke|p2|Dudunsparce-*, M|\n|poke|p2|Clefairy, F|\n|poke|p2|Murkrow, M|\n|poke|p2|Cramorant, M|\n|teampreview\n|inactive|Battle timer is ON: inactive players will automatically lose when time's up. (requested by JoyousPeas)\n|inactive|Darkrai5555 also wants the timer to be on.\n|\n|t:|1698943722\n|start\n|switch|p1a: Indeedee|Indeedee-F, F, shiny|100\/100\n|switch|p1b: Armarouge|Armarouge, M, shiny|100\/100\n|switch|p2a: Murkrow|Murkrow, M|100\/100\n|switch|p2b: Cramorant|Cramorant, M|100\/100\n|-fieldstart|move: Psychic Terrain|[from] ability: Psychic Surge|[of] p1a: Indeedee\n|turn|1\n|\n|t:|1698943730\n|move|p2a: Murkrow|Substitute|p2a: Murkrow\n|-start|p2a: Murkrow|Substitute\n|-damage|p2a: Murkrow|76\/100\n|move|p2b: Cramorant|Surf|p1a: Indeedee|[spread] p2a,p1a,p1b\n|-formechange|p2b: Cramorant|Cramorant-Gulping|\n|-activate|p2a: Murkrow|move: Substitute|[damage]\n|-supereffective|p1b: Armarouge\n|-damage|p1a: Indeedee|82\/100\n|-damage|p1b: Armarouge|37\/100\n|-damage|p2b: Cramorant|91\/100|[from] item: Life Orb\n|move|p1b: Armarouge|Expanding Force|p2b: Cramorant|[spread] p2b\n|-immune|p2a: Murkrow\n|-damage|p2b: Cramorant|0 fnt\n|-damage|p1b: Armarouge|12\/100|[from] ability: Gulp Missile|[of] p2b: Cramorant\n|-unboost|p1b: Armarouge|def|1\n|-formechange|p2b: Cramorant|Cramorant|\n|faint|p2b: Cramorant\n|move|p1a: Indeedee|Trick Room|p1a: Indeedee\n|-fieldstart|move: Trick Room|[of] p1a: Indeedee\n|\n|upkeep\n|\n|t:|1698943752\n|switch|p2b: Blissey|Blissey, F|100\/100\n|turn|2\n|inactive|Darkrai5555 has 120 seconds left.\n|\n|t:|1698943796\n|move|p2b: Blissey|Rock Slide|p1b: Armarouge|[spread] p1a,p1b\n|-supereffective|p1b: Armarouge\n|-damage|p1a: Indeedee|78\/100\n|-damage|p1b: Armarouge|4\/100\n|move|p1a: Indeedee|Dazzling Gleam|p2a: Murkrow|[spread] p2a,p2b\n|-supereffective|p2a: Murkrow\n|-end|p2a: Murkrow|Substitute\n|-damage|p2b: Blissey|95\/100\n|cant|p1b: Armarouge|flinch\n|move|p2a: Murkrow|Icy Wind|p1a: Indeedee|[spread] p1a,p1b\n|-resisted|p1b: Armarouge\n|-damage|p1a: Indeedee|72\/100\n|-damage|p1b: Armarouge|0 fnt\n|-unboost|p1a: Indeedee|spe|1\n|faint|p1b: Armarouge\n|\n|-heal|p2b: Blissey|100\/100|[from] item: Leftovers\n|upkeep\n|\n|t:|1698943802\n|switch|p1b: Ursaluna|Ursaluna-Bloodmoon, M|100\/100\n|turn|3\n|\n|t:|1698943816\n|move|p1a: Indeedee|Follow Me|p1a: Indeedee\n|-singleturn|p1a: Indeedee|move: Follow Me\n|move|p2a: Murkrow|Substitute|p2a: Murkrow\n|-start|p2a: Murkrow|Substitute\n|-damage|p2a: Murkrow|51\/100\n|move|p2b: Blissey|Blizzard|p1b: Ursaluna|[spread] p1a,p1b\n|-supereffective|p1b: Ursaluna\n|-damage|p1a: Indeedee|62\/100\n|-damage|p1b: Ursaluna|68\/100\n|move|p1b: Ursaluna|Hyper Voice|p2a: Murkrow|[spread] p2a,p2b\n|-damage|p2a: Murkrow|18\/100\n|-damage|p2b: Blissey|86\/100\n|-enditem|p1b: Ursaluna|Throat Spray\n|-boost|p1b: Ursaluna|spa|1|[from] item: Throat Spray\n|\n|-heal|p2b: Blissey|92\/100|[from] item: Leftovers\n|upkeep\n|turn|4\n|\n|t:|1698943844\n|move|p1a: Indeedee|Dazzling Gleam|p2b: Blissey|[spread] p2a,p2b\n|-supereffective|p2a: Murkrow\n|-activate|p2a: Murkrow|move: Substitute|[damage]\n|-damage|p2b: Blissey|87\/100\n|move|p2b: Blissey|Blizzard|p1a: Indeedee|[spread] p1a,p1b\n|-supereffective|p1b: Ursaluna\n|-damage|p1a: Indeedee|52\/100\n|-damage|p1b: Ursaluna|35\/100\n|-status|p1a: Indeedee|frz\n|move|p1b: Ursaluna|Hyper Voice|p2a: Murkrow|[spread] p2a,p2b\n|-damage|p2a: Murkrow|0 fnt\n|-damage|p2b: Blissey|66\/100\n|faint|p2a: Murkrow\n|\n|-heal|p2b: Blissey|72\/100|[from] item: Leftovers\n|upkeep\n|\n|t:|1698943857\n|switch|p2a: Dudunsparce|Dudunsparce-Three-Segment, M|100\/100\n|turn|5\n|\n|t:|1698943879\n|-curestatus|p1a: Indeedee|frz|[msg]\n|move|p1a: Indeedee|Dazzling Gleam|p2a: Dudunsparce|[spread] p2a,p2b\n|-damage|p2a: Dudunsparce|88\/100\n|-damage|p2b: Blissey|68\/100\n|move|p2a: Dudunsparce|Ancient Power|p1b: Ursaluna\n|-resisted|p1b: Ursaluna\n|-damage|p1b: Ursaluna|28\/100\n|move|p2b: Blissey|Seismic Toss|p1b: Ursaluna\n|-damage|p1b: Ursaluna|5\/100\n|move|p1b: Ursaluna|Focus Blast|p2a: Dudunsparce\n|-supereffective|p2a: Dudunsparce\n|-damage|p2a: Dudunsparce|0 fnt\n|faint|p2a: Dudunsparce\n|\n|-heal|p2b: Blissey|74\/100|[from] item: Leftovers\n|-fieldend|move: Trick Room\n|upkeep\n|\n|t:|1698943893\n|switch|p2a: Clefairy|Clefairy, F|100\/100\n|turn|6\n|\n|t:|1698943905\n|switch|p1a: Sinistcha|Sinistcha, shiny|100\/100\n|-heal|p1b: Ursaluna|30\/100|[from] ability: Hospitality|[of] p1a: Sinistcha\n|move|p1b: Ursaluna|Focus Blast|p2b: Blissey|[miss]\n|-miss|p1b: Ursaluna|p2b: Blissey\n|move|p2b: Blissey|Blizzard|p1a: Sinistcha|[spread] p1a,p1b\n|-supereffective|p1a: Sinistcha\n|-supereffective|p1b: Ursaluna\n|-damage|p1a: Sinistcha|68\/100\n|-damage|p1b: Ursaluna|0 fnt\n|-status|p1a: Sinistcha|frz\n|faint|p1b: Ursaluna\n|move|p2a: Clefairy|Heal Pulse|p2b: Blissey\n|-heal|p2b: Blissey|100\/100\n|\n|upkeep\n|\n|t:|1698943912\n|switch|p1b: Sneasler|Sneasler, M, shiny|100\/100\n|-enditem|p1b: Sneasler|Psychic Seed\n|-boost|p1b: Sneasler|spd|1|[from] item: Psychic Seed\n|turn|7\n|inactive|Darkrai5555 has 120 seconds left.\n|\n|t:|1698943946\n|switch|p1a: Enamorus|Enamorus-Therian, F, shiny|100\/100\n|move|p2a: Clefairy|Follow Me|p2a: Clefairy\n|-singleturn|p2a: Clefairy|move: Follow Me\n|move|p1b: Sneasler|Swords Dance|p1b: Sneasler\n|-boost|p1b: Sneasler|atk|2\n|move|p2b: Blissey|Blizzard|p1a: Enamorus|[spread] p1b\n|-miss|p2b: Blissey|p1a: Enamorus\n|-damage|p1b: Sneasler|86\/100\n|\n|upkeep\n|turn|8\n|\n|t:|1698943964\n|move|p2a: Clefairy|Follow Me|p2a: Clefairy\n|-singleturn|p2a: Clefairy|move: Follow Me\n|move|p1b: Sneasler|Swords Dance|p1b: Sneasler\n|-boost|p1b: Sneasler|atk|2\n|move|p2b: Blissey|Blizzard|p1a: Enamorus|[spread] p1b\n|-miss|p2b: Blissey|p1a: Enamorus\n|-damage|p1b: Sneasler|72\/100\n|move|p1a: Enamorus|Mystical Fire|p2a: Clefairy\n|-damage|p2a: Clefairy|77\/100\n|-unboost|p2a: Clefairy|spa|1\n|-damage|p1a: Enamorus|91\/100|[from] item: Life Orb\n|\n|-fieldend|move: Psychic Terrain\n|upkeep\n|turn|9\n|\n|t:|1698943980\n|-terastallize|p1b: Sneasler|Flying\n|move|p2a: Clefairy|Follow Me|p2a: Clefairy\n|-singleturn|p2a: Clefairy|move: Follow Me\n|move|p1b: Sneasler|Acrobatics|p2a: Clefairy\n|-damage|p2a: Clefairy|0 fnt\n|faint|p2a: Clefairy\n|move|p2b: Blissey|Blizzard|p1a: Enamorus|[spread] p1a,p1b\n|-supereffective|p1a: Enamorus\n|-supereffective|p1b: Sneasler\n|-damage|p1a: Enamorus|61\/100\n|-damage|p1b: Sneasler|46\/100\n|-status|p1b: Sneasler|frz\n|move|p1a: Enamorus|Mystical Fire|p2b: Blissey\n|-damage|p2b: Blissey|86\/100\n|-unboost|p2b: Blissey|spa|1\n|-damage|p1a: Enamorus|51\/100|[from] item: Life Orb\n|\n|-heal|p2b: Blissey|92\/100|[from] item: Leftovers\n|upkeep\n|\n|t:|1698943992\n|switch|p2a: Lurantis|Lurantis, M|100\/100\n|turn|10\n|\n|t:|1698944013\n|cant|p1b: Sneasler|frz\n|move|p2b: Blissey|Rock Slide|p1b: Sneasler|[spread] p1a,p1b\n|-supereffective|p1a: Enamorus\n|-supereffective|p1b: Sneasler\n|-damage|p1a: Enamorus|45\/100\n|-damage|p1b: Sneasler|35\/100 frz\n|cant|p1a: Enamorus|flinch\n|move|p2a: Lurantis|Superpower|p1a: Enamorus\n|-resisted|p1a: Enamorus\n|-damage|p1a: Enamorus|34\/100\n|-boost|p2a: Lurantis|atk|1\n|-boost|p2a: Lurantis|def|1\n|-damage|p2a: Lurantis|91\/100|[from] item: Life Orb\n|\n|-heal|p2b: Blissey|98\/100|[from] item: Leftovers\n|upkeep\n|turn|11\n|\n|t:|1698944035\n|cant|p1b: Sneasler|frz\n|move|p2b: Blissey|Rock Slide|p1a: Enamorus|[spread] p1a,p1b\n|-supereffective|p1a: Enamorus\n|-supereffective|p1b: Sneasler\n|-damage|p1a: Enamorus|29\/100\n|-damage|p1b: Sneasler|24\/100 frz\n|cant|p1a: Enamorus|flinch\n|move|p2a: Lurantis|Superpower|p1b: Sneasler\n|-resisted|p1b: Sneasler\n|-damage|p1b: Sneasler|0 fnt\n|-boost|p2a: Lurantis|atk|1\n|-boost|p2a: Lurantis|def|1\n|faint|p1b: Sneasler\n|-damage|p2a: Lurantis|81\/100|[from] item: Life Orb\n|\n|-heal|p2b: Blissey|100\/100|[from] item: Leftovers\n|upkeep\n|\n|t:|1698944049\n|switch|p1b: Sinistcha|Sinistcha, shiny|68\/100 frz\n|-heal|p1a: Enamorus|53\/100|[from] ability: Hospitality|[of] p1b: Sinistcha\n|turn|12\n|\n|t:|1698944076\n|-curestatus|p1b: Sinistcha|frz|[from] move: Matcha Gotcha\n|move|p1b: Sinistcha|Matcha Gotcha|p2a: Lurantis|[spread] p2a,p2b\n|-resisted|p2a: Lurantis\n|-damage|p2a: Lurantis|67\/100\n|-heal|p1b: Sinistcha|75\/100|[from] drain|[of] p2a: Lurantis\n|-damage|p2b: Blissey|92\/100\n|-heal|p1b: Sinistcha|83\/100|[from] drain|[of] p2b: Blissey\n|move|p2b: Blissey|Rock Slide|p1b: Sinistcha|[spread] p1a,p1b\n|-supereffective|p1a: Enamorus\n|-damage|p1a: Enamorus|47\/100\n|-damage|p1b: Sinistcha|81\/100\n|cant|p1a: Enamorus|flinch\n|move|p2a: Lurantis|Superpower|p1a: Enamorus\n|-resisted|p1a: Enamorus\n|-damage|p1a: Enamorus|24\/100\n|-boost|p2a: Lurantis|atk|1\n|-boost|p2a: Lurantis|def|1\n|-damage|p2a: Lurantis|57\/100|[from] item: Life Orb\n|\n|-heal|p2b: Blissey|99\/100|[from] item: Leftovers\n|upkeep\n|turn|13\n|\n|t:|1698944102\n|move|p1b: Sinistcha|Matcha Gotcha|p2a: Lurantis|[spread] p2a\n|-miss|p1b: Sinistcha|p2b: Blissey\n|-resisted|p2a: Lurantis\n|-damage|p2a: Lurantis|43\/100\n|-heal|p1b: Sinistcha|88\/100|[from] drain|[of] p2a: Lurantis\n|move|p2b: Blissey|Rock Slide|p1a: Enamorus|[spread] p1a,p1b\n|-supereffective|p1a: Enamorus\n|-damage|p1a: Enamorus|18\/100\n|-damage|p1b: Sinistcha|86\/100\n|move|p1a: Enamorus|Mystical Fire|p2a: Lurantis\n|-supereffective|p2a: Lurantis\n|-damage|p2a: Lurantis|0 fnt\n|faint|p2a: Lurantis\n|-damage|p1a: Enamorus|8\/100|[from] item: Life Orb\n|\n|-heal|p2b: Blissey|100\/100|[from] item: Leftovers\n|upkeep\n|turn|14\n|\n|t:|1698944119\n|move|p1a: Enamorus|Protect|p1a: Enamorus\n|-singleturn|p1a: Enamorus|Protect\n|move|p2b: Blissey|Blizzard|p1b: Sinistcha|[spread] \n|-activate|p1a: Enamorus|move: Protect\n|-miss|p2b: Blissey|p1b: Sinistcha\n|move|p1b: Sinistcha|Trick Room|p1b: Sinistcha\n|-fieldstart|move: Trick Room|[of] p1b: Sinistcha\n|\n|upkeep\n|turn|15\n|\n|t:|1698944135\n|move|p1a: Enamorus|Moonblast|p2b: Blissey\n|-damage|p2b: Blissey|72\/100\n|-unboost|p2b: Blissey|spa|1\n|-damage|p1a: Enamorus|0 fnt|[from] item: Life Orb\n|faint|p1a: Enamorus\n|move|p2b: Blissey|Blizzard|p1b: Sinistcha\n|-supereffective|p1b: Sinistcha\n|-damage|p1b: Sinistcha|63\/100\n|move|p1b: Sinistcha|Matcha Gotcha|p2b: Blissey\n|-damage|p2b: Blissey|61\/100\n|-heal|p1b: Sinistcha|74\/100|[from] drain|[of] p2b: Blissey\n|\n|-heal|p2b: Blissey|67\/100|[from] item: Leftovers\n|upkeep\n|\n|t:|1698944143\n|switch|p1a: Indeedee|Indeedee-F, F, shiny|52\/100\n|-fieldstart|move: Psychic Terrain|[from] ability: Psychic Surge|[of] p1a: Indeedee\n|turn|16\n|\n|t:|1698944150\n|move|p2b: Blissey|Rock Slide|p1b: Sinistcha|[spread] p1a,p1b\n|-damage|p1a: Indeedee|47\/100\n|-damage|p1b: Sinistcha|72\/100\n|cant|p1b: Sinistcha|flinch\n|cant|p1a: Indeedee|flinch\n|\n|-heal|p2b: Blissey|73\/100|[from] item: Leftovers\n|upkeep\n|turn|17\n|\n|t:|1698944159\n|move|p2b: Blissey|Rock Slide|p1a: Indeedee|[spread] p1a,p1b\n|-damage|p1a: Indeedee|43\/100\n|-damage|p1b: Sinistcha|70\/100\n|cant|p1b: Sinistcha|flinch\n|cant|p1a: Indeedee|flinch\n|\n|-heal|p2b: Blissey|80\/100|[from] item: Leftovers\n|upkeep\n|turn|18\n|c|\u2606Darkrai5555|Wot is this blissed\n|\n|t:|1698944173\n|move|p2b: Blissey|Rock Slide|p1b: Sinistcha|[spread] p1a,p1b\n|-damage|p1a: Indeedee|38\/100\n|-damage|p1b: Sinistcha|68\/100\n|cant|p1a: Indeedee|flinch\n|move|p1b: Sinistcha|Trick Room|p1b: Sinistcha\n|-fieldend|move: Trick Room\n|\n|-heal|p2b: Blissey|86\/100|[from] item: Leftovers\n|upkeep\n|turn|19\n|c|\u2606JoyousPeas|bliss gets serene grace\n|\n|t:|1698944190\n|move|p1a: Indeedee|Dazzling Gleam|p2b: Blissey\n|-damage|p2b: Blissey|79\/100\n|move|p1b: Sinistcha|Matcha Gotcha|p2b: Blissey\n|-damage|p2b: Blissey|67\/100\n|-heal|p1b: Sinistcha|80\/100|[from] drain|[of] p2b: Blissey\n|move|p2b: Blissey|Seismic Toss|p1a: Indeedee\n|-damage|p1a: Indeedee|9\/100\n|\n|-heal|p2b: Blissey|73\/100|[from] item: Leftovers\n|upkeep\n|turn|20\n|\n|t:|1698944200\n|move|p1a: Indeedee|Dazzling Gleam|p2b: Blissey\n|-damage|p2b: Blissey|67\/100\n|move|p1b: Sinistcha|Matcha Gotcha|p2b: Blissey\n|-damage|p2b: Blissey|55\/100\n|-heal|p1b: Sinistcha|93\/100|[from] drain|[of] p2b: Blissey\n|move|p2b: Blissey|Seismic Toss|p1a: Indeedee\n|-damage|p1a: Indeedee|0 fnt\n|faint|p1a: Indeedee\n|\n|-heal|p2b: Blissey|61\/100|[from] item: Leftovers\n|upkeep\n|turn|21\n|\n|t:|1698944211\n|move|p1b: Sinistcha|Matcha Gotcha|p2b: Blissey|[miss]\n|-miss|p1b: Sinistcha|p2b: Blissey\n|move|p2b: Blissey|Rock Slide|p1b: Sinistcha|[miss]\n|-miss|p2b: Blissey|p1b: Sinistcha\n|\n|-heal|p2b: Blissey|67\/100|[from] item: Leftovers\n|upkeep\n|turn|22\n|\n|t:|1698944221\n|move|p1b: Sinistcha|Matcha Gotcha|p2b: Blissey\n|-damage|p2b: Blissey|55\/100\n|-heal|p1b: Sinistcha|100\/100|[from] drain|[of] p2b: Blissey\n|move|p2b: Blissey|Rock Slide|p1b: Sinistcha\n|-damage|p1b: Sinistcha|97\/100\n|\n|-heal|p2b: Blissey|61\/100|[from] item: Leftovers\n|upkeep\n|turn|23\n|\n|t:|1698944230\n|move|p1b: Sinistcha|Matcha Gotcha|p2b: Blissey\n|-damage|p2b: Blissey|49\/100\n|-heal|p1b: Sinistcha|100\/100|[from] drain|[of] p2b: Blissey\n|move|p2b: Blissey|Rock Slide|p1b: Sinistcha\n|-damage|p1b: Sinistcha|98\/100\n|\n|-heal|p2b: Blissey|55\/100|[from] item: Leftovers\n|-fieldend|move: Psychic Terrain\n|upkeep\n|turn|24\n|\n|t:|1698944241\n|-terastallize|p2b: Blissey|Normal\n|move|p1b: Sinistcha|Matcha Gotcha|p2b: Blissey\n|-damage|p2b: Blissey|44\/100\n|-heal|p1b: Sinistcha|100\/100|[from] drain|[of] p2b: Blissey\n|move|p2b: Blissey|Rock Slide|p1b: Sinistcha\n|-damage|p1b: Sinistcha|97\/100\n|\n|-heal|p2b: Blissey|50\/100|[from] item: Leftovers\n|upkeep\n|turn|25\n|-message|JoyousPeas forfeited.\n|\n|win|Darkrai5555\n|raw|Darkrai5555's rating: 1173 &rarr; <strong>1198<\/strong><br \/>(+25 for winning)\n|raw|JoyousPeas's rating: 1168 &rarr; <strong>1143<\/strong><br \/>(-25 for losing)\n|l|\u2606JoyousPeas\n|c|\u2606Darkrai5555|THANK YOU\n","uploadtime":1698944266,"views":36,"p1id":"darkrai5555","p2id":"joyouspeas","formatid":"gen9doublesou","rating":1143,"private":0,"password":""}