{"id":"gen9doublesou-1990626273","p1":"skullnoob17","p2":"100champs","format":"[Gen 9] Doubles OU","log":"|j|\u2606skullnoob17\n|j|\u2606100champs\n|t:|1699986803\n|gametype|doubles\n|player|p1|skullnoob17|colress|1456\n|player|p2|100champs|101|1502\n|teamsize|p1|6\n|teamsize|p2|6\n|gen|9\n|tier|[Gen 9] Doubles OU\n|rated|\n|rule|Species Clause: Limit one of each Pok\u00e9mon\n|rule|OHKO Clause: OHKO moves are banned\n|rule|Evasion Moves Clause: Evasion moves are banned\n|rule|Gravity Sleep Clause: The combination of sleep-inducing moves with imperfect accuracy and Gravity or Gigantamax Orbeetle are banned\n|rule|Endless Battle Clause: Forcing endless battles is banned\n|rule|HP Percentage Mod: HP is shown in percentages\n|clearpoke\n|poke|p1|Slither Wing|\n|poke|p1|Flutter Mane|\n|poke|p1|Brute Bonnet|\n|poke|p1|Sandy Shocks|\n|poke|p1|Tornadus, M|\n|poke|p1|Walking Wake|\n|poke|p2|Landorus, M|\n|poke|p2|Houndstone, F|\n|poke|p2|Tyranitar, M|\n|poke|p2|Glimmora, F|\n|poke|p2|Gholdengo|\n|poke|p2|Iron Hands|\n|teampreview\n|inactive|Battle timer is ON: inactive players will automatically lose when time's up. (requested by skullnoob17)\n|inactive|100champs has 120 seconds left.\n|\n|t:|1699986859\n|start\n|switch|p1a: Flutter Mane|Flutter Mane|100\/100\n|switch|p1b: Brute Bonnet|Brute Bonnet|100\/100\n|switch|p2a: Tyranitar|Tyranitar, M|100\/100\n|switch|p2b: Iron Hands|Iron Hands|100\/100\n|-weather|Sandstorm|[from] ability: Sand Stream|[of] p2a: Tyranitar\n|turn|1\n|\n|t:|1699986879\n|move|p2b: Iron Hands|Fake Out|p1b: Brute Bonnet\n|-damage|p1b: Brute Bonnet|87\/100\n|-damage|p2b: Iron Hands|84\/100|[from] item: Rocky Helmet|[of] p1b: Brute Bonnet\n|cant|p1b: Brute Bonnet|flinch\n|move|p1a: Flutter Mane|Dazzling Gleam|p2b: Iron Hands|[spread] p2a,p2b\n|-supereffective|p2a: Tyranitar\n|-supereffective|p2b: Iron Hands\n|-damage|p2a: Tyranitar|63\/100\n|-damage|p2b: Iron Hands|41\/100\n|move|p2a: Tyranitar|Heavy Slam|p1a: Flutter Mane\n|-supereffective|p1a: Flutter Mane\n|-crit|p1a: Flutter Mane\n|-damage|p1a: Flutter Mane|0 fnt\n|faint|p1a: Flutter Mane\n|-end|p1a: Flutter Mane|Protosynthesis|[silent]\n|\n|-weather|Sandstorm|[upkeep]\n|-damage|p1b: Brute Bonnet|81\/100|[from] Sandstorm\n|-damage|p2b: Iron Hands|35\/100|[from] Sandstorm\n|upkeep\n|inactive|skullnoob17 has 120 seconds left.\n|\n|t:|1699986900\n|switch|p1a: Sandy Shocks|Sandy Shocks|100\/100\n|turn|2\n|\n|t:|1699986908\n|switch|p2a: Gholdengo|Gholdengo|100\/100\n|move|p1a: Sandy Shocks|Earth Power|p2b: Iron Hands\n|-supereffective|p2b: Iron Hands\n|-damage|p2b: Iron Hands|0 fnt\n|faint|p2b: Iron Hands\n|-end|p2b: Iron Hands|Quark Drive|[silent]\n|move|p1b: Brute Bonnet|Spore|p2a: Gholdengo\n|-immune|p2a: Gholdengo|[from] ability: Good as Gold\n|\n|-weather|Sandstorm|[upkeep]\n|-damage|p1b: Brute Bonnet|75\/100|[from] Sandstorm\n|upkeep\n|\n|t:|1699986925\n|switch|p2b: Houndstone|Houndstone, F|100\/100\n|turn|3\n|inactive|skullnoob17 has 120 seconds left.\n|\n|t:|1699986961\n|-terastallize|p1b: Brute Bonnet|Normal\n|move|p1b: Brute Bonnet|Rage Powder|p1b: Brute Bonnet\n|-singleturn|p1b: Brute Bonnet|move: Rage Powder\n|move|p2b: Houndstone|Last Respects|p1b: Brute Bonnet\n|-immune|p1b: Brute Bonnet\n|move|p1a: Sandy Shocks|Thunderbolt|p2b: Houndstone\n|-damage|p2b: Houndstone|31\/100\n|move|p2a: Gholdengo|Make It Rain|p1b: Brute Bonnet|[spread] p1a,p1b\n|-resisted|p1a: Sandy Shocks\n|-damage|p1a: Sandy Shocks|52\/100\n|-damage|p1b: Brute Bonnet|9\/100\n|-unboost|p2a: Gholdengo|spa|1\n|\n|-weather|Sandstorm|[upkeep]\n|-damage|p1b: Brute Bonnet|3\/100|[from] Sandstorm\n|upkeep\n|turn|4\n|inactive|skullnoob17 has 120 seconds left.\n|\n|t:|1699986982\n|switch|p2b: Landorus|Landorus, M|100\/100\n|move|p1b: Brute Bonnet|Sucker Punch||[still]\n|-fail|p1b: Brute Bonnet\n|move|p1a: Sandy Shocks|Earth Power|p2a: Gholdengo\n|-supereffective|p2a: Gholdengo\n|-damage|p2a: Gholdengo|0 fnt\n|faint|p2a: Gholdengo\n|\n|-weather|Sandstorm|[upkeep]\n|-damage|p1b: Brute Bonnet|0 fnt|[from] Sandstorm\n|faint|p1b: Brute Bonnet\n|-end|p1b: Brute Bonnet|Protosynthesis|[silent]\n|upkeep\n|\n|t:|1699987002\n|switch|p2a: Houndstone|Houndstone, F|31\/100\n|switch|p1b: Tornadus|Tornadus, M|100\/100\n|turn|5\n|\n|t:|1699987019\n|move|p1b: Tornadus|Sunny Day|p1b: Tornadus\n|-weather|SunnyDay\n|-activate|p1a: Sandy Shocks|ability: Protosynthesis\n|-start|p1a: Sandy Shocks|protosynthesisspa\n|move|p1a: Sandy Shocks|Thunderbolt|p2a: Houndstone\n|-damage|p2a: Houndstone|0 fnt\n|faint|p2a: Houndstone\n|move|p2b: Landorus|Weather Ball|p1b: Tornadus\n|-damage|p1b: Tornadus|36\/100\n|\n|-weather|SunnyDay|[upkeep]\n|upkeep\n|\n|t:|1699987028\n|switch|p2a: Tyranitar|Tyranitar, M|63\/100\n|-weather|Sandstorm|[from] ability: Sand Stream|[of] p2a: Tyranitar\n|-end|p1a: Sandy Shocks|Protosynthesis\n|turn|6\n|\n|t:|1699987045\n|move|p1a: Sandy Shocks|Protect|p1a: Sandy Shocks\n|-singleturn|p1a: Sandy Shocks|Protect\n|move|p2a: Tyranitar|Protect|p2a: Tyranitar\n|-singleturn|p2a: Tyranitar|Protect\n|move|p1b: Tornadus|Icy Wind|p2a: Tyranitar|[spread] p2b\n|-activate|p2a: Tyranitar|move: Protect\n|-supereffective|p2b: Landorus\n|-damage|p2b: Landorus|23\/100\n|move|p2b: Landorus|Earth Power|p1a: Sandy Shocks\n|-activate|p1a: Sandy Shocks|move: Protect\n|\n|-weather|Sandstorm|[upkeep]\n|upkeep\n|turn|7\n|\n|t:|1699987069\n|move|p1b: Tornadus|Icy Wind|p2b: Landorus|[spread] p2a,p2b\n|-supereffective|p2b: Landorus\n|-damage|p2a: Tyranitar|55\/100\n|-damage|p2b: Landorus|0 fnt\n|-unboost|p2a: Tyranitar|spe|1\n|faint|p2b: Landorus\n|move|p1a: Sandy Shocks|Earth Power|p2a: Tyranitar\n|-supereffective|p2a: Tyranitar\n|-damage|p2a: Tyranitar|2\/100\n|move|p2a: Tyranitar|Rock Slide|p1b: Tornadus|[spread] p1b\n|-miss|p2a: Tyranitar|p1a: Sandy Shocks\n|-supereffective|p1b: Tornadus\n|-damage|p1b: Tornadus|0 fnt\n|faint|p1b: Tornadus\n|\n|-weather|Sandstorm|[upkeep]\n|upkeep\n|\n|t:|1699987084\n|switch|p1b: Slither Wing|Slither Wing|100\/100\n|switch|p2b: Glimmora|Glimmora, F|100\/100\n|turn|8\n|\n|t:|1699987109\n|-terastallize|p2a: Tyranitar|Ghost\n|move|p2a: Tyranitar|Protect|p2a: Tyranitar\n|-singleturn|p2a: Tyranitar|Protect\n|move|p1b: Slither Wing|First Impression|p2a: Tyranitar\n|-activate|p2a: Tyranitar|move: Protect\n|move|p2b: Glimmora|Sludge Bomb|p1a: Sandy Shocks\n|-resisted|p1a: Sandy Shocks\n|-damage|p1a: Sandy Shocks|22\/100\n|-status|p1a: Sandy Shocks|psn\n|move|p1a: Sandy Shocks|Earth Power|p2b: Glimmora\n|-supereffective|p2b: Glimmora\n|-damage|p2b: Glimmora|0 fnt\n|faint|p2b: Glimmora\n|\n|-weather|Sandstorm|[upkeep]\n|-damage|p1b: Slither Wing|94\/100|[from] Sandstorm\n|-damage|p2a: Tyranitar|0 fnt|[from] Sandstorm\n|faint|p2a: Tyranitar\n|\n|win|skullnoob17\n|upkeep\n|raw|skullnoob17's rating: 1456 &rarr; <strong>1479<\/strong><br \/>(+23 for winning)\n|raw|100champs's rating: 1502 &rarr; <strong>1479<\/strong><br \/>(-23 for losing)\n|l|\u2606100champs\n","uploadtime":1699987137,"views":5,"p1id":"skullnoob17","p2id":"100champs","formatid":"gen9doublesou","rating":1479,"private":0,"password":""}