{"id":"gen9doublesou-1983934859","p1":"RIFGHT","p2":"Wisdom1472","format":"[Gen 9] Doubles OU","log":"|j|\u203dRIFGHT\n|j|\u2606Wisdom1472\n|t:|1699201658\n|gametype|doubles\n|player|p1|RIFGHT|lucas-gen4pt|1161\n|player|p2|Wisdom1472|swimmer|1188\n|teamsize|p1|6\n|teamsize|p2|6\n|gen|9\n|tier|[Gen 9] Doubles OU\n|rated|\n|rule|Species Clause: Limit one of each Pok\u00e9mon\n|rule|OHKO Clause: OHKO moves are banned\n|rule|Evasion Moves Clause: Evasion moves are banned\n|rule|Gravity Sleep Clause: The combination of sleep-inducing moves with imperfect accuracy and Gravity or Gigantamax Orbeetle are banned\n|rule|Endless Battle Clause: Forcing endless battles is banned\n|rule|HP Percentage Mod: HP is shown in percentages\n|clearpoke\n|poke|p1|Amoonguss, F|\n|poke|p1|Sneasler, M|\n|poke|p1|Roaring Moon|\n|poke|p1|Kingambit, F|\n|poke|p1|Ogerpon-Hearthflame, F|\n|poke|p1|Azelf|\n|poke|p2|Glimmora, F|\n|poke|p2|Sinistcha|\n|poke|p2|Ursaluna-Bloodmoon, M|\n|poke|p2|Okidogi, M|\n|poke|p2|Flutter Mane|\n|poke|p2|Kommo-o, M|\n|teampreview\n|j| GhastlyPixie\n|\n|t:|1699201674\n|start\n|switch|p1a: Amoonguss|Amoonguss, F|100\/100\n|switch|p1b: Azelf|Azelf|100\/100\n|switch|p2a: Glimmorbin time|Glimmora, F|100\/100\n|switch|p2b: Kommo-o|Kommo-o, M|100\/100\n|-item|p2a: Glimmorbin time|Air Balloon\n|turn|1\n|\n|t:|1699201697\n|-terastallize|p2b: Kommo-o|Steel\n|move|p1a: Amoonguss|Rage Powder|p1a: Amoonguss\n|-singleturn|p1a: Amoonguss|move: Rage Powder\n|move|p1b: Azelf|Dazzling Gleam|p2b: Kommo-o|[spread] p2a,p2b\n|-resisted|p2a: Glimmorbin time\n|-resisted|p2b: Kommo-o\n|-damage|p2a: Glimmorbin time|89\/100\n|-damage|p2b: Kommo-o|89\/100\n|-enditem|p2a: Glimmorbin time|Air Balloon\n|move|p2b: Kommo-o|Clangorous Soul|p2b: Kommo-o\n|-boost|p2b: Kommo-o|atk|1\n|-boost|p2b: Kommo-o|def|1\n|-boost|p2b: Kommo-o|spa|1\n|-boost|p2b: Kommo-o|spd|1\n|-boost|p2b: Kommo-o|spe|1\n|-damage|p2b: Kommo-o|56\/100\n|move|p2a: Glimmorbin time|Stealth Rock|p1a: Amoonguss\n|-sidestart|p1: RIFGHT|move: Stealth Rock\n|\n|-heal|p2b: Kommo-o|63\/100|[from] item: Leftovers\n|upkeep\n|turn|2\n|\n|t:|1699201721\n|switch|p2a: Tea time|Sinistcha|100\/100\n|-heal|p2b: Kommo-o|88\/100|[from] ability: Hospitality|[of] p2a: Tea time\n|move|p1a: Amoonguss|Rage Powder|p1a: Amoonguss\n|-singleturn|p1a: Amoonguss|move: Rage Powder\n|move|p1b: Azelf|Mystical Power|p2a: Tea time\n|-crit|p2a: Tea time\n|-damage|p2a: Tea time|40\/100\n|-boost|p1b: Azelf|spa|1\n|move|p2b: Kommo-o|Clangorous Soul|p2b: Kommo-o\n|-boost|p2b: Kommo-o|atk|1\n|-boost|p2b: Kommo-o|def|1\n|-boost|p2b: Kommo-o|spa|1\n|-boost|p2b: Kommo-o|spd|1\n|-boost|p2b: Kommo-o|spe|1\n|-damage|p2b: Kommo-o|55\/100\n|\n|-heal|p2b: Kommo-o|61\/100|[from] item: Leftovers\n|-heal|p2a: Tea time|46\/100|[from] item: Leftovers\n|upkeep\n|turn|3\n|\n|t:|1699201752\n|move|p2a: Tea time|Rage Powder|p2a: Tea time\n|-singleturn|p2a: Tea time|move: Rage Powder\n|move|p1a: Amoonguss|Rage Powder|p1a: Amoonguss\n|-singleturn|p1a: Amoonguss|move: Rage Powder\n|move|p2b: Kommo-o|Ice Punch|p1a: Amoonguss\n|-supereffective|p1a: Amoonguss\n|-damage|p1a: Amoonguss|2\/100\n|move|p1b: Azelf|Shadow Ball|p2a: Tea time\n|-supereffective|p2a: Tea time\n|-damage|p2a: Tea time|0 fnt\n|faint|p2a: Tea time\n|\n|-heal|p2b: Kommo-o|67\/100|[from] item: Leftovers\n|-heal|p1a: Amoonguss|8\/100|[from] item: Black Sludge\n|upkeep\n|\n|t:|1699201771\n|switch|p2a: Flutter Mane|Flutter Mane|100\/100\n|turn|4\n|\n|t:|1699201785\n|move|p2b: Kommo-o|Iron Head|p1b: Azelf\n|-damage|p1b: Azelf|0 fnt\n|faint|p1b: Azelf\n|move|p2a: Flutter Mane|Shadow Ball|p1a: Amoonguss\n|-damage|p1a: Amoonguss|0 fnt\n|faint|p1a: Amoonguss\n|\n|-heal|p2b: Kommo-o|74\/100|[from] item: Leftovers\n|upkeep\n|\n|t:|1699201799\n|switch|p1b: Roaring Moon|Roaring Moon|100\/100\n|switch|p1a: Sneasler|Sneasler, M|100\/100\n|-damage|p1a: Sneasler|95\/100|[from] Stealth Rock\n|-damage|p1b: Roaring Moon|88\/100|[from] Stealth Rock\n|-enditem|p1b: Roaring Moon|Booster Energy\n|-activate|p1b: Roaring Moon|ability: Protosynthesis|[fromitem]\n|-start|p1b: Roaring Moon|protosynthesisatk\n|turn|5\n|\n|t:|1699201839\n|-end|p2a: Flutter Mane|Protosynthesis|[silent]\n|switch|p2a: Baloo|Ursaluna-Bloodmoon, M|100\/100\n|-terastallize|p1b: Roaring Moon|Steel\n|move|p1a: Sneasler|Fake Out|p2b: Kommo-o\n|-resisted|p2b: Kommo-o\n|-damage|p2b: Kommo-o|71\/100\n|cant|p2b: Kommo-o|flinch\n|move|p1b: Roaring Moon|Brick Break|p2b: Kommo-o\n|-supereffective|p2b: Kommo-o\n|-damage|p2b: Kommo-o|40\/100\n|\n|-heal|p2b: Kommo-o|46\/100|[from] item: Leftovers\n|upkeep\n|turn|6\n|\n|t:|1699201867\n|move|p2b: Kommo-o|Drain Punch|p1b: Roaring Moon\n|-supereffective|p1b: Roaring Moon\n|-damage|p1b: Roaring Moon|0 fnt\n|-heal|p2b: Kommo-o|94\/100|[from] drain|[of] p1b: Roaring Moon\n|faint|p1b: Roaring Moon\n|-end|p1b: Roaring Moon|Protosynthesis|[silent]\n|move|p1a: Sneasler|Close Combat|p2b: Kommo-o\n|-supereffective|p2b: Kommo-o\n|-damage|p2b: Kommo-o|41\/100\n|-unboost|p1a: Sneasler|def|1\n|-unboost|p1a: Sneasler|spd|1\n|move|p2a: Baloo|Earth Power|p1a: Sneasler\n|-supereffective|p1a: Sneasler\n|-damage|p1a: Sneasler|0 fnt\n|faint|p1a: Sneasler\n|\n|-heal|p2b: Kommo-o|47\/100|[from] item: Leftovers\n|upkeep\n|-message|RIFGHT forfeited.\n|\n|win|Wisdom1472\n|raw|RIFGHT's rating: 1161 &rarr; <strong>1138<\/strong><br \/>(-23 for losing)\n|raw|Wisdom1472's rating: 1188 &rarr; <strong>1211<\/strong><br \/>(+23 for winning)\n|l|\u203dRIFGHT\n","uploadtime":1699201885,"views":9,"p1id":"rifght","p2id":"wisdom1472","formatid":"gen9doublesou","rating":1138,"private":0,"password":""}