{"id":"gen9doublesou-1982838253","p1":"rhut3","p2":"Howlpup13","format":"[Gen 9] Doubles OU","log":"|j|\u2606rhut3\n|j|\u2606Howlpup13\n|t:|1699049891\n|gametype|doubles\n|player|p1|rhut3|266|1000\n|player|p2|Howlpup13|dawn|1000\n|teamsize|p1|6\n|teamsize|p2|4\n|gen|9\n|tier|[Gen 9] Doubles OU\n|rated|\n|rule|Species Clause: Limit one of each Pok\u00e9mon\n|rule|OHKO Clause: OHKO moves are banned\n|rule|Evasion Moves Clause: Evasion moves are banned\n|rule|Gravity Sleep Clause: The combination of sleep-inducing moves with imperfect accuracy and Gravity or Gigantamax Orbeetle are banned\n|rule|Endless Battle Clause: Forcing endless battles is banned\n|rule|HP Percentage Mod: HP is shown in percentages\n|clearpoke\n|poke|p1|Clefable, M|\n|poke|p1|Klefki, F|\n|poke|p1|Indeedee-F, F|\n|poke|p1|Clefairy, F|\n|poke|p1|Cyclizar, F|\n|poke|p1|Cloyster, M|\n|poke|p2|Lurantis, F|\n|poke|p2|Espeon, F|\n|poke|p2|Amoonguss, F|\n|poke|p2|Kommo-o, F|\n|teampreview\n|inactive|Battle timer is ON: inactive players will automatically lose when time's up. (requested by Howlpup13)\n|\n|t:|1699049901\n|start\n|switch|p1a: Clefable|Clefable, M|100\/100\n|switch|p1b: Klefki|Klefki, F|100\/100\n|switch|p2a: Lurantis|Lurantis, F|100\/100\n|switch|p2b: Espeon|Espeon, F|100\/100\n|turn|1\n|\n|t:|1699049920\n|move|p1a: Clefable|Follow Me|p1a: Clefable\n|-singleturn|p1a: Clefable|move: Follow Me\n|move|p1b: Klefki|Light Screen|p1b: Klefki\n|-sidestart|p1: rhut3|move: Light Screen\n|move|p2b: Espeon|Skill Swap|p1a: Clefable\n|-activate|p2b: Espeon|move: Skill Swap|Unaware|Magic Bounce|[of] p1a: Clefable\n|move|p2a: Lurantis|Sweet Scent|p1b: Klefki\n|move|p1a: Clefable|Sweet Scent|p2a: Lurantis|[from]ability: Magic Bounce|[spread] p2a,p2b|[spread] p1b\n|-boost|p2a: Lurantis|evasion|2\n|-unboost|p2b: Espeon|evasion|2\n|-unboost|p1b: Klefki|evasion|2\n|\n|upkeep\n|turn|2\n|\n|t:|1699049936\n|move|p1a: Clefable|Follow Me|p1a: Clefable\n|-singleturn|p1a: Clefable|move: Follow Me\n|move|p1b: Klefki|Reflect|p1b: Klefki\n|-sidestart|p1: rhut3|Reflect\n|move|p2b: Espeon|Tickle|p1a: Clefable\n|move|p1a: Clefable|Tickle|p2b: Espeon|[from]ability: Magic Bounce\n|-unboost|p2b: Espeon|atk|1\n|-unboost|p2b: Espeon|def|1\n|move|p2a: Lurantis|Sweet Scent|p1b: Klefki\n|move|p1a: Clefable|Sweet Scent|p2a: Lurantis|[from]ability: Magic Bounce|[spread] p2a,p2b|[spread] p1b\n|-boost|p2a: Lurantis|evasion|2\n|-unboost|p2b: Espeon|evasion|2\n|-unboost|p1b: Klefki|evasion|2\n|\n|upkeep\n|turn|3\n|\n|t:|1699049955\n|switch|p1b: Cyclizar|Cyclizar, F|100\/100\n|move|p1a: Clefable|Follow Me|p1a: Clefable\n|-singleturn|p1a: Clefable|move: Follow Me\n|move|p2b: Espeon|Psych Up|p1a: Clefable\n|-copyboost|p2b: Espeon|p1a: Clefable|[from] move: Psych Up\n|move|p2a: Lurantis|Sweet Scent|p1a: Clefable\n|move|p1a: Clefable|Sweet Scent|p2a: Lurantis|[from]ability: Magic Bounce|[spread] p2b|[spread] p1b\n|-miss|p1a: Clefable|p2a: Lurantis\n|-unboost|p2b: Espeon|evasion|2\n|-unboost|p1b: Cyclizar|evasion|2\n|\n|upkeep\n|turn|4\n|\n|t:|1699049975\n|move|p1a: Clefable|Follow Me|p1a: Clefable\n|-singleturn|p1a: Clefable|move: Follow Me\n|move|p1b: Cyclizar|Shed Tail|p1b: Cyclizar\n|-start|p1b: Cyclizar|Substitute|[from] move: Shed Tail\n|-damage|p1b: Cyclizar|50\/100\n|\n|t:|1699049981\n|switch|p1b: Cloyster|Cloyster, M|100\/100|[from] Shed Tail\n|move|p2b: Espeon|Psych Up|p1a: Clefable\n|-copyboost|p2b: Espeon|p1a: Clefable|[from] move: Psych Up\n|move|p2a: Lurantis|Superpower|p1a: Clefable\n|-resisted|p1a: Clefable\n|-damage|p1a: Clefable|88\/100\n|-boost|p2a: Lurantis|atk|1\n|-boost|p2a: Lurantis|def|1\n|\n|upkeep\n|turn|5\n|\n|t:|1699050011\n|move|p1a: Clefable|Follow Me|p1a: Clefable\n|-singleturn|p1a: Clefable|move: Follow Me\n|move|p2b: Espeon|Skill Swap|p1a: Clefable\n|-activate|p2b: Espeon|move: Skill Swap|Magic Bounce|Unaware|[of] p1a: Clefable\n|move|p1b: Cloyster|Shell Smash|p1b: Cloyster\n|-unboost|p1b: Cloyster|def|1\n|-unboost|p1b: Cloyster|spd|1\n|-boost|p1b: Cloyster|atk|2\n|-boost|p1b: Cloyster|spa|2\n|-boost|p1b: Cloyster|spe|2\n|move|p2a: Lurantis|Superpower|p1a: Clefable\n|-resisted|p1a: Clefable\n|-damage|p1a: Clefable|77\/100\n|-boost|p2a: Lurantis|atk|1\n|-boost|p2a: Lurantis|def|1\n|\n|-sideend|p1: rhut3|move: Light Screen\n|upkeep\n|turn|6\n|\n|t:|1699050037\n|-terastallize|p1b: Cloyster|Normal\n|move|p1a: Clefable|Follow Me|p1a: Clefable\n|-singleturn|p1a: Clefable|move: Follow Me\n|move|p1b: Cloyster|Icicle Spear|p2a: Lurantis|[miss]\n|-miss|p1b: Cloyster|p2a: Lurantis\n|move|p2b: Espeon|Skill Swap|p1a: Clefable\n|-activate|p2b: Espeon|move: Skill Swap|Unaware|Magic Bounce|[of] p1a: Clefable\n|move|p2a: Lurantis|Superpower|p1a: Clefable\n|-resisted|p1a: Clefable\n|-damage|p1a: Clefable|54\/100\n|-boost|p2a: Lurantis|atk|1\n|-boost|p2a: Lurantis|def|1\n|\n|-sideend|p1: rhut3|Reflect\n|upkeep\n|turn|7\n|inactive|Howlpup13 has 120 seconds left.\n|\n|t:|1699050067\n|move|p1a: Clefable|Follow Me|p1a: Clefable\n|-singleturn|p1a: Clefable|move: Follow Me\n|move|p1b: Cloyster|Icicle Spear|p2b: Espeon\n|-damage|p2b: Espeon|83\/100\n|-damage|p2b: Espeon|65\/100\n|-damage|p2b: Espeon|47\/100\n|-damage|p2b: Espeon|30\/100\n|-damage|p2b: Espeon|12\/100\n|-hitcount|p2b: Espeon|5\n|move|p2b: Espeon|Psych Up|p1a: Clefable\n|-copyboost|p2b: Espeon|p1a: Clefable|[from] move: Psych Up\n|move|p2a: Lurantis|Superpower|p1a: Clefable\n|-resisted|p1a: Clefable\n|-damage|p1a: Clefable|9\/100\n|-boost|p2a: Lurantis|atk|1\n|-boost|p2a: Lurantis|def|1\n|\n|upkeep\n|turn|8\n|inactive|Howlpup13 has 120 seconds left.\n|inactive|rhut3 has 120 seconds left.\n|\n|t:|1699050098\n|move|p1a: Clefable|Follow Me|p1a: Clefable\n|-singleturn|p1a: Clefable|move: Follow Me\n|move|p1b: Cloyster|Icicle Spear|p2b: Espeon\n|-damage|p2b: Espeon|0 fnt\n|faint|p2b: Espeon\n|-hitcount|p2: Espeon|1\n|move|p2a: Lurantis|Superpower|p1a: Clefable\n|-resisted|p1a: Clefable\n|-damage|p1a: Clefable|0 fnt\n|-boost|p2a: Lurantis|atk|1\n|-boost|p2a: Lurantis|def|1\n|faint|p1a: Clefable\n|\n|upkeep\n|\n|t:|1699050113\n|switch|p2b: Kommo-o|Kommo-o, F|100\/100\n|switch|p1a: Indeedee|Indeedee-F, F|100\/100\n|turn|9\n|\n|t:|1699050128\n|move|p1a: Indeedee|Follow Me|p1a: Indeedee\n|-singleturn|p1a: Indeedee|move: Follow Me\n|move|p1b: Cloyster|Icicle Spear|p2b: Kommo-o\n|-supereffective|p2b: Kommo-o\n|-damage|p2b: Kommo-o|62\/100\n|-supereffective|p2b: Kommo-o\n|-damage|p2b: Kommo-o|27\/100\n|-supereffective|p2b: Kommo-o\n|-damage|p2b: Kommo-o|0 fnt\n|faint|p2b: Kommo-o\n|-hitcount|p2: Kommo-o|3\n|move|p2a: Lurantis|Superpower|p1a: Indeedee\n|-damage|p1a: Indeedee|0 fnt\n|-boost|p2a: Lurantis|atk|1\n|-boost|p2a: Lurantis|def|1\n|faint|p1a: Indeedee\n|\n|upkeep\n|\n|t:|1699050145\n|switch|p1a: Clefairy|Clefairy, F|100\/100\n|switch|p2b: Amoonguss|Amoonguss, F|100\/100\n|turn|10\n|\n|t:|1699050154\n|move|p1a: Clefairy|Follow Me|p1a: Clefairy\n|-singleturn|p1a: Clefairy|move: Follow Me\n|move|p1b: Cloyster|Icicle Spear|p2b: Amoonguss\n|-supereffective|p2b: Amoonguss\n|-damage|p2b: Amoonguss|47\/100\n|-supereffective|p2b: Amoonguss\n|-damage|p2b: Amoonguss|1\/100\n|-supereffective|p2b: Amoonguss\n|-damage|p2b: Amoonguss|0 fnt\n|faint|p2b: Amoonguss\n|-hitcount|p2: Amoonguss|3\n|move|p2a: Lurantis|Superpower|p1a: Clefairy\n|-resisted|p1a: Clefairy\n|-damage|p1a: Clefairy|0 fnt\n|faint|p1a: Clefairy\n|\n|upkeep\n|\n|t:|1699050170\n|switch|p1a: Klefki|Klefki, F|100\/100\n|turn|11\n|l|\u2606Howlpup13\n|inactive|Howlpup13 disconnected and has a minute to reconnect!\n|player|p2|\n|inactive|Howlpup13 has 30 seconds to reconnect!\n|j|\u2606Howlpup13\n|inactive|Howlpup13 reconnected and has 115 seconds left.\n|player|p2|Howlpup13|dawn\n|n|\u2606Howlpup13|howlpup13\n|\n|t:|1699050224\n|move|p1a: Klefki|Protect|p1a: Klefki\n|-singleturn|p1a: Klefki|Protect\n|move|p1b: Cloyster|Icicle Spear|p2a: Lurantis|[miss]\n|-miss|p1b: Cloyster|p2a: Lurantis\n|move|p2a: Lurantis|Superpower|p1a: Klefki\n|-activate|p1a: Klefki|move: Protect\n|\n|upkeep\n|turn|12\n|inactive|Howlpup13 has 120 seconds left.\n|\n|t:|1699050238\n|move|p1a: Klefki|Reflect|p1a: Klefki\n|-sidestart|p1: rhut3|Reflect\n|move|p1b: Cloyster|Icicle Spear|p2a: Lurantis|[miss]\n|-miss|p1b: Cloyster|p2a: Lurantis\n|move|p2a: Lurantis|Leaf Blade|p1b: Cloyster\n|-end|p1b: Cloyster|Substitute\n|\n|upkeep\n|turn|13\n|\n|t:|1699050263\n|move|p1b: Cloyster|Icicle Spear|p2a: Lurantis\n|-supereffective|p2a: Lurantis\n|-damage|p2a: Lurantis|87\/100\n|-supereffective|p2a: Lurantis\n|-damage|p2a: Lurantis|72\/100\n|-supereffective|p2a: Lurantis\n|-damage|p2a: Lurantis|59\/100\n|-supereffective|p2a: Lurantis\n|-damage|p2a: Lurantis|46\/100\n|-supereffective|p2a: Lurantis\n|-damage|p2a: Lurantis|32\/100\n|-hitcount|p2a: Lurantis|5\n|move|p1a: Klefki|Dazzling Gleam|p2a: Lurantis\n|-damage|p2a: Lurantis|9\/100\n|move|p2a: Lurantis|Leaf Blade|p1b: Cloyster\n|-crit|p1b: Cloyster\n|-damage|p1b: Cloyster|0 fnt\n|faint|p1b: Cloyster\n|\n|upkeep\n|inactive|rhut3 has 120 seconds left.\n|\n|t:|1699050279\n|switch|p1b: Cyclizar|Cyclizar, F|84\/100\n|turn|14\n|inactive|rhut3 has 120 seconds left.\n|\n|t:|1699050304\n|move|p1a: Klefki|Protect|p1a: Klefki\n|-singleturn|p1a: Klefki|Protect\n|move|p1b: Cyclizar|Shed Tail|p1b: Cyclizar\n|-fail|p1b: Cyclizar\n|move|p2a: Lurantis|Leech Life|p1b: Cyclizar\n|-damage|p1b: Cyclizar|0 fnt\n|-heal|p2a: Lurantis|44\/100|[from] drain|[of] p1b: Cyclizar\n|faint|p1b: Cyclizar\n|\n|upkeep\n|turn|15\n|\n|t:|1699050317\n|move|p1a: Klefki|Dazzling Gleam|p2a: Lurantis|[miss]\n|-miss|p1a: Klefki|p2a: Lurantis\n|move|p2a: Lurantis|Leaf Blade|p1a: Klefki\n|-resisted|p1a: Klefki\n|-damage|p1a: Klefki|45\/100\n|\n|upkeep\n|turn|16\n|\n|t:|1699050325\n|move|p1a: Klefki|Dazzling Gleam|p2a: Lurantis|[miss]\n|-miss|p1a: Klefki|p2a: Lurantis\n|move|p2a: Lurantis|Leaf Blade|p1a: Klefki\n|-resisted|p1a: Klefki\n|-damage|p1a: Klefki|0 fnt\n|faint|p1a: Klefki\n|\n|win|Howlpup13\n|raw|rhut3's rating: 1000 &rarr; <strong>1000<\/strong><br \/>(+0 for losing)\n|raw|Howlpup13's rating: 1000 &rarr; <strong>1040<\/strong><br \/>(+40 for winning)\n|c|\u2606Howlpup13|Gg\n|c|\u2606rhut3|gg\n|l|\u2606rhut3\n","uploadtime":1699050342,"views":18,"p1id":"rhut3","p2id":"howlpup13","formatid":"gen9doublesou","rating":1000,"private":0,"password":""}