{"id":"gen9doublesou-1980311707","p1":"tykityk","p2":"Rungy","format":"[Gen 9] Doubles OU","log":"|j|\u2606tykityk\n|j|\u2606Rungy\n|t:|1698774404\n|gametype|doubles\n|player|p1|tykityk|swimmerf|1000\n|player|p2|Rungy|gambler|1011\n|teamsize|p1|6\n|teamsize|p2|6\n|gen|9\n|tier|[Gen 9] Doubles OU\n|rated|\n|rule|Species Clause: Limit one of each Pok\u00e9mon\n|rule|OHKO Clause: OHKO moves are banned\n|rule|Evasion Moves Clause: Evasion moves are banned\n|rule|Gravity Sleep Clause: The combination of sleep-inducing moves with imperfect accuracy and Gravity or Gigantamax Orbeetle are banned\n|rule|Endless Battle Clause: Forcing endless battles is banned\n|rule|HP Percentage Mod: HP is shown in percentages\n|clearpoke\n|poke|p1|Drednaw, M|\n|poke|p1|Pelipper, M|\n|poke|p1|Amoonguss, M|\n|poke|p1|Great Tusk|\n|poke|p1|Meowscarada, F|\n|poke|p1|Kingambit, F|\n|poke|p2|Weezing-Galar, M|\n|poke|p2|Gastrodon-East, F|\n|poke|p2|Farigiraf, F|\n|poke|p2|Infernape, F|\n|poke|p2|Sinistcha|\n|poke|p2|Vikavolt, F|\n|teampreview\n|c|\u2606Rungy|glhf!\n|\n|t:|1698774420\n|start\n|switch|p1a: Kingambit|Kingambit, F|100\/100\n|switch|p1b: Amoonguss|Amoonguss, M|100\/100\n|switch|p2a: Assmar|Weezing-Galar, M|100\/100\n|switch|p2b: Chimpokomon|Infernape, F|100\/100\n|-fieldstart|move: Misty Terrain|[from] ability: Misty Surge|[of] p2a: Assmar\n|turn|1\n|\n|t:|1698774464\n|-end|p1a: Kingambit|fallenundefined|[silent]\n|switch|p1a: Pelipper|Pelipper, M|100\/100\n|-weather|RainDance|[from] ability: Drizzle|[of] p1a: Pelipper\n|switch|p2a: Mr. Rothschild|Farigiraf, F|100\/100\n|move|p2b: Chimpokomon|Drain Punch|p1a: Pelipper\n|-resisted|p1a: Pelipper\n|-damage|p1a: Pelipper|84\/100\n|move|p1b: Amoonguss|Spore|p2b: Chimpokomon\n|-activate|p2b: Chimpokomon|move: Misty Terrain\n|\n|-weather|RainDance|[upkeep]\n|-heal|p1a: Pelipper|90\/100|[from] item: Leftovers\n|upkeep\n|turn|2\n|\n|t:|1698774483\n|move|p2b: Chimpokomon|Thunder Punch|p1a: Pelipper\n|-supereffective|p1a: Pelipper\n|-damage|p1a: Pelipper|0 fnt\n|faint|p1a: Pelipper\n|move|p2a: Mr. Rothschild|Nasty Plot|p2a: Mr. Rothschild\n|-boost|p2a: Mr. Rothschild|spa|2\n|move|p1b: Amoonguss|Pollen Puff|p2a: Mr. Rothschild\n|-supereffective|p2a: Mr. Rothschild\n|-damage|p2a: Mr. Rothschild|63\/100\n|\n|-weather|RainDance|[upkeep]\n|upkeep\n|\n|t:|1698774494\n|switch|p1a: Drednaw|Drednaw, M|100\/100\n|turn|3\n|\n|t:|1698774501\n|move|p1b: Amoonguss|Rage Powder|p1b: Amoonguss\n|-singleturn|p1b: Amoonguss|move: Rage Powder\n|move|p1a: Drednaw|Shell Smash|p1a: Drednaw\n|-unboost|p1a: Drednaw|def|1\n|-unboost|p1a: Drednaw|spd|1\n|-boost|p1a: Drednaw|atk|2\n|-boost|p1a: Drednaw|spa|2\n|-boost|p1a: Drednaw|spe|2\n|-enditem|p1a: Drednaw|White Herb\n|-clearnegativeboost|p1a: Drednaw|[silent]\n|move|p2b: Chimpokomon|Drain Punch|p1b: Amoonguss\n|-resisted|p1b: Amoonguss\n|-damage|p1b: Amoonguss|84\/100\n|-damage|p2b: Chimpokomon|84\/100|[from] item: Rocky Helmet|[of] p1b: Amoonguss\n|move|p2a: Mr. Rothschild|Psychic|p1b: Amoonguss\n|-supereffective|p1b: Amoonguss\n|-damage|p1b: Amoonguss|0 fnt\n|faint|p1b: Amoonguss\n|\n|-weather|RainDance|[upkeep]\n|upkeep\n|\n|t:|1698774514\n|switch|p1b: Kingambit|Kingambit, F|100\/100\n|-activate|p1b: Kingambit|ability: Supreme Overlord\n|-start|p1b: Kingambit|fallen2|[silent]\n|turn|4\n|\n|t:|1698774527\n|switch|p2b: Khan|Gastrodon-East, F|100\/100\n|move|p1a: Drednaw|Rock Blast|p2b: Khan\n|-resisted|p2b: Khan\n|-damage|p2b: Khan|85\/100\n|-resisted|p2b: Khan\n|-damage|p2b: Khan|70\/100\n|-resisted|p2b: Khan\n|-damage|p2b: Khan|55\/100\n|-hitcount|p2b: Khan|3\n|move|p2a: Mr. Rothschild|Psychic|p1a: Drednaw\n|-damage|p1a: Drednaw|0 fnt\n|faint|p1a: Drednaw\n|move|p1b: Kingambit|Kowtow Cleave|p2a: Mr. Rothschild\n|-supereffective|p2a: Mr. Rothschild\n|-damage|p2a: Mr. Rothschild|0 fnt\n|faint|p2a: Mr. Rothschild\n|\n|-weather|RainDance|[upkeep]\n|upkeep\n|\n|t:|1698774543\n|switch|p1a: Meowscarada|Meowscarada, F|100\/100\n|switch|p2a: Kratom|Sinistcha|100\/100\n|-heal|p2b: Khan|80\/100|[from] ability: Hospitality|[of] p2a: Kratom\n|turn|5\n|\n|t:|1698774553\n|-terastallize|p2b: Khan|Fire\n|move|p1a: Meowscarada|Flower Trick|p2b: Khan\n|-resisted|p2b: Khan\n|-crit|p2b: Khan\n|-damage|p2b: Khan|49\/100\n|move|p2a: Kratom|Life Dew||[still]|[spread] \n|-ability|p2b: Khan|Storm Drain|boost\n|-boost|p2b: Khan|spa|1\n|-fail|p2a: Kratom|heal\n|move|p1b: Kingambit|Kowtow Cleave|p2a: Kratom\n|-supereffective|p2a: Kratom\n|-damage|p2a: Kratom|0 fnt\n|faint|p2a: Kratom\n|move|p2b: Khan|Earth Power|p1b: Kingambit\n|-supereffective|p1b: Kingambit\n|-damage|p1b: Kingambit|0 fnt\n|faint|p1b: Kingambit\n|-end|p1b: Kingambit|fallen2|[silent]\n|\n|-weather|none\n|upkeep\n|\n|t:|1698774571\n|switch|p2a: BZZZZZT|Vikavolt, F|100\/100\n|switch|p1b: Great Tusk|Great Tusk|100\/100\n|turn|6\n|\n|t:|1698774616\n|move|p1a: Meowscarada|Protect|p1a: Meowscarada\n|-singleturn|p1a: Meowscarada|Protect\n|move|p1b: Great Tusk|Headlong Rush|p2b: Khan\n|-supereffective|p2b: Khan\n|-damage|p2b: Khan|0 fnt\n|-unboost|p1b: Great Tusk|def|1\n|-unboost|p1b: Great Tusk|spd|1\n|faint|p2b: Khan\n|move|p2a: BZZZZZT|Energy Ball|p1b: Great Tusk\n|-supereffective|p1b: Great Tusk\n|-damage|p1b: Great Tusk|0 fnt\n|faint|p1b: Great Tusk\n|-end|p1b: Great Tusk|Protosynthesis|[silent]\n|-damage|p2a: BZZZZZT|91\/100|[from] item: Life Orb\n|\n|upkeep\n|\n|t:|1698774628\n|switch|p2b: Chimpokomon|Infernape, F|84\/100\n|turn|7\n|-message|tykityk forfeited.\n|\n|win|Rungy\n|raw|tykityk's rating: 1000 &rarr; <strong>1000<\/strong><br \/>(+0 for losing)\n|raw|Rungy's rating: 1011 &rarr; <strong>1048<\/strong><br \/>(+37 for winning)\n|l|\u2606tykityk\n","uploadtime":1698774638,"views":20,"p1id":"tykityk","p2id":"rungy","formatid":"gen9doublesou","rating":1000,"private":0,"password":""}