{"id":"gen9doublesou-1970889387","p1":"ThatBoyBobby","p2":"AsSeenOnYouTube","format":"[Gen 9] Doubles OU","log":"|j|\u2606ThatBoyBobby\n|j|\u2606AsSeenOnYouTube\n|inactive|Battle timer is ON: inactive players will automatically lose when time's up.\n|t:|1697677648\n|gametype|doubles\n|player|p1|ThatBoyBobby|supernerd|\n|player|p2|AsSeenOnYouTube|ninjaboy|\n|teamsize|p1|6\n|teamsize|p2|6\n|gen|9\n|tier|[Gen 9] Doubles OU\n|rated|Tournament battle\n|rule|Species Clause: Limit one of each Pok\u00e9mon\n|rule|OHKO Clause: OHKO moves are banned\n|rule|Evasion Moves Clause: Evasion moves are banned\n|rule|Gravity Sleep Clause: The combination of sleep-inducing moves with imperfect accuracy and Gravity or Gigantamax Orbeetle are banned\n|rule|Endless Battle Clause: Forcing endless battles is banned\n|rule|HP Percentage Mod: HP is shown in percentages\n|clearpoke\n|poke|p1|Scizor, M|\n|poke|p1|Greninja-*, M|\n|poke|p1|Jigglypuff, F|\n|poke|p1|Armarouge, M|\n|poke|p1|Palossand, F|\n|poke|p1|Baxcalibur, M|\n|poke|p2|Clodsire, F|\n|poke|p2|Maushold|\n|poke|p2|Rabsca, F|\n|poke|p2|Houndoom, F|\n|poke|p2|Volcarona, F|\n|poke|p2|Chandelure, M|\n|teampreview\n|j|*Lady Monita \u263d\n|c|\u2606ThatBoyBobby|glhf!\n|c|\u2606AsSeenOnYouTube|glhf\n|j| xxgodzilla1.0\n|inactive|AsSeenOnYouTube has 120 seconds left.\n|j| 1 \u2764\ufe0f HOT DADS\n|\n|t:|1697677697\n|start\n|switch|p1a: Scizor|Scizor, M, shiny|100\/100\n|switch|p1b: Jigglypuff|Jigglypuff, F, shiny|100\/100\n|switch|p2a: Clodsire|Clodsire, F|100\/100\n|switch|p2b: Chandelure|Chandelure, M|100\/100\n|turn|1\n|\n|t:|1697677721\n|switch|p1a: Greninja|Greninja, M|100\/100\n|move|p2b: Chandelure|Taunt|p1b: Jigglypuff\n|-start|p1b: Jigglypuff|move: Taunt\n|move|p2a: Clodsire|Stealth Rock|p1b: Jigglypuff\n|-sidestart|p1: ThatBoyBobby|move: Stealth Rock\n|cant|p1b: Jigglypuff|move: Taunt|Light Screen\n|\n|upkeep\n|turn|2\n|inactive|AsSeenOnYouTube has 120 seconds left.\n|j| UFo3208_\n|inactive|AsSeenOnYouTube has 90 seconds left.\n|\n|t:|1697677788\n|switch|p2b: Rabsca|Rabsca, F|100\/100\n|move|p1a: Greninja|Hydro Pump|p2b: Rabsca\n|-damage|p2b: Rabsca|50\/100\n|-enditem|p2b: Rabsca|Sitrus Berry|[eat]\n|-heal|p2b: Rabsca|75\/100|[from] item: Sitrus Berry\n|move|p2a: Clodsire|Toxic|p1a: Greninja\n|-status|p1a: Greninja|tox\n|move|p1b: Jigglypuff|Dazzling Gleam|p2b: Rabsca|[spread] p2a,p2b\n|-resisted|p2a: Clodsire\n|-damage|p2a: Clodsire|96\/100\n|-damage|p2b: Rabsca|58\/100\n|\n|-heal|p2a: Clodsire|100\/100|[from] item: Leftovers\n|-damage|p1a: Greninja|95\/100 tox|[from] psn\n|upkeep\n|turn|3\n|inactive|AsSeenOnYouTube has 90 seconds left.\n|j| ZacianBoi101\n|\n|t:|1697677814\n|move|p1a: Greninja|Hydro Pump|p2a: Clodsire\n|-supereffective|p2a: Clodsire\n|-damage|p2a: Clodsire|45\/100\n|move|p2b: Rabsca|Bug Buzz|p1a: Greninja\n|-supereffective|p1a: Greninja\n|-damage|p1a: Greninja|0 fnt\n|faint|p1a: Greninja\n|move|p1b: Jigglypuff|Dazzling Gleam|p2a: Clodsire|[spread] p2a,p2b\n|-resisted|p2a: Clodsire\n|-damage|p2a: Clodsire|40\/100\n|-damage|p2b: Rabsca|39\/100\n|move|p2a: Clodsire|Recover|p2a: Clodsire\n|-heal|p2a: Clodsire|90\/100\n|\n|-heal|p2a: Clodsire|96\/100|[from] item: Leftovers\n|-end|p1b: Jigglypuff|move: Taunt\n|upkeep\n|inactive|ThatBoyBobby has 120 seconds left.\n|\n|t:|1697677830\n|switch|p1a: Armarouge|Armarouge, M|100\/100\n|-damage|p1a: Armarouge|76\/100|[from] Stealth Rock\n|turn|4\n|\n|t:|1697677847\n|switch|p2b: Houndoom|Houndoom, F|100\/100\n|-ability|p2b: Houndoom|Unnerve\n|move|p1b: Jigglypuff|Helping Hand|p1a: Armarouge\n|-singleturn|p1a: Armarouge|Helping Hand|[of] p1b: Jigglypuff\n|move|p1a: Armarouge|Psychic|p2a: Clodsire\n|-supereffective|p2a: Clodsire\n|-damage|p2a: Clodsire|0 fnt\n|faint|p2a: Clodsire\n|\n|upkeep\n|inactive|AsSeenOnYouTube has 90 seconds left.\n|\n|t:|1697677877\n|switch|p2a: Chandelure|Chandelure, M|100\/100\n|turn|5\n|\n|t:|1697677900\n|-terastallize|p1a: Armarouge|Water\n|move|p2a: Chandelure|Trick|p1b: Jigglypuff\n|-activate|p2a: Chandelure|move: Trick|[of] p1b: Jigglypuff\n|-item|p1b: Jigglypuff|Choice Scarf|[from] move: Trick\n|-item|p2a: Chandelure|Eviolite|[from] move: Trick\n|move|p2b: Houndoom|Will-O-Wisp|p1a: Armarouge\n|-start|p1a: Armarouge|ability: Flash Fire\n|move|p1a: Armarouge|Psychic|p2a: Chandelure\n|-damage|p2a: Chandelure|0 fnt\n|faint|p2a: Chandelure\n|move|p1b: Jigglypuff|Dazzling Gleam|p2b: Houndoom\n|-damage|p2b: Houndoom|66\/100\n|\n|upkeep\n|inactive|AsSeenOnYouTube has 90 seconds left.\n|\n|t:|1697677926\n|switch|p2a: Maushold|Maushold|100\/100\n|turn|6\n|inactive|AsSeenOnYouTube has 90 seconds left.\n|\n|t:|1697677951\n|move|p2a: Maushold|Population Bomb|p1a: Armarouge\n|-damage|p1a: Armarouge|68\/100\n|-damage|p1a: Armarouge|60\/100\n|-damage|p1a: Armarouge|53\/100\n|-damage|p1a: Armarouge|46\/100\n|-damage|p1a: Armarouge|38\/100\n|-damage|p1a: Armarouge|30\/100\n|-damage|p1a: Armarouge|23\/100\n|-damage|p1a: Armarouge|15\/100\n|-damage|p1a: Armarouge|7\/100\n|-damage|p1a: Armarouge|0 fnt\n|faint|p1a: Armarouge\n|-hitcount|p1: Armarouge|10\n|move|p2b: Houndoom|Dark Pulse|p1b: Jigglypuff\n|-resisted|p1b: Jigglypuff\n|-crit|p1b: Jigglypuff\n|-damage|p1b: Jigglypuff|41\/100\n|move|p1b: Jigglypuff|Dazzling Gleam|p2a: Maushold|[spread] p2a,p2b\n|-damage|p2a: Maushold|74\/100\n|-damage|p2b: Houndoom|39\/100\n|-enditem|p2b: Houndoom|Sitrus Berry|[eat]\n|-heal|p2b: Houndoom|63\/100|[from] item: Sitrus Berry\n|\n|upkeep\n|\n|t:|1697677980\n|switch|p1a: Baxcalibur|Baxcalibur, M|100\/100\n|-damage|p1a: Baxcalibur|76\/100|[from] Stealth Rock\n|turn|7\n|j| xdTactician\n|j| christmas egirl\n|\n|t:|1697677994\n|move|p2b: Houndoom|Helping Hand|p2a: Maushold\n|-singleturn|p2a: Maushold|Helping Hand|[of] p2b: Houndoom\n|move|p2a: Maushold|Population Bomb|p1a: Baxcalibur\n|-damage|p1a: Baxcalibur|64\/100\n|-damage|p1a: Baxcalibur|51\/100\n|-damage|p1a: Baxcalibur|40\/100\n|-damage|p1a: Baxcalibur|27\/100\n|-damage|p1a: Baxcalibur|15\/100\n|-damage|p1a: Baxcalibur|3\/100\n|-damage|p1a: Baxcalibur|0 fnt\n|faint|p1a: Baxcalibur\n|-hitcount|p1: Baxcalibur|7\n|move|p1b: Jigglypuff|Dazzling Gleam|p2a: Maushold|[spread] p2a,p2b\n|-damage|p2a: Maushold|46\/100\n|-damage|p2b: Houndoom|39\/100\n|\n|upkeep\n|l| christmas egirl\n|c| ZacianBoi101|youtube wins\n|\n|t:|1697678017\n|switch|p1a: Palossand|Palossand, F, shiny|100\/100\n|-damage|p1a: Palossand|94\/100|[from] Stealth Rock\n|turn|8\n|\n|t:|1697678032\n|move|p2a: Maushold|Bite|p1a: Palossand\n|-supereffective|p1a: Palossand\n|-damage|p1a: Palossand|65\/100\n|move|p2b: Houndoom|Dark Pulse|p1a: Palossand\n|-supereffective|p1a: Palossand\n|-damage|p1a: Palossand|5\/100\n|move|p1b: Jigglypuff|Dazzling Gleam|p2b: Houndoom|[spread] p2a,p2b\n|-damage|p2a: Maushold|18\/100\n|-damage|p2b: Houndoom|13\/100\n|cant|p1a: Palossand|flinch\n|\n|-heal|p1a: Palossand|11\/100|[from] item: Leftovers\n|upkeep\n|turn|9\n|c|\u2606ThatBoyBobby|shu up\n|c| ZacianBoi101|its true\n|\n|t:|1697678053\n|move|p2a: Maushold|Population Bomb|p1b: Jigglypuff\n|-damage|p1b: Jigglypuff|14\/100\n|-damage|p1b: Jigglypuff|0 fnt\n|faint|p1b: Jigglypuff\n|-hitcount|p1: Jigglypuff|2\n|move|p2b: Houndoom|Dark Pulse|p1a: Palossand\n|-supereffective|p1a: Palossand\n|-damage|p1a: Palossand|0 fnt\n|faint|p1a: Palossand\n|\n|upkeep\n|c| ZacianBoi101|im not joking\n|c| ZacianBoi101|see\n|c|\u2606AsSeenOnYouTube|gg\n|c| ZacianBoi101|wp tho\n|c|\u2606AsSeenOnYouTube|wp\n|c| 1 \u2764\ufe0f HOT DADS|mice op\n|c|\u2606ThatBoyBobby|gg\n|inactive|ThatBoyBobby has 120 seconds left.\n|c| ZacianBoi101|ikr\n|\n|t:|1697678075\n|switch|p1b: Scizor|Scizor, M, shiny|100\/100\n|-damage|p1b: Scizor|88\/100|[from] Stealth Rock\n|turn|10\n|c|\u2606ThatBoyBobby|dumb population bomb\n|c| ZacianBoi101|pop bomb shouldnt be a thing\n|c|\u2606ThatBoyBobby|yeah\n|\n|t:|1697678093\n|move|p1b: Scizor|Bullet Punch|p2b: Houndoom\n|-resisted|p2b: Houndoom\n|-damage|p2b: Houndoom|0 fnt\n|faint|p2b: Houndoom\n|move|p2a: Maushold|Population Bomb|p1b: Scizor\n|-resisted|p1b: Scizor\n|-damage|p1b: Scizor|83\/100\n|-resisted|p1b: Scizor\n|-damage|p1b: Scizor|77\/100\n|-resisted|p1b: Scizor\n|-damage|p1b: Scizor|72\/100\n|-resisted|p1b: Scizor\n|-damage|p1b: Scizor|66\/100\n|-resisted|p1b: Scizor\n|-damage|p1b: Scizor|61\/100\n|-resisted|p1b: Scizor\n|-damage|p1b: Scizor|55\/100\n|-resisted|p1b: Scizor\n|-damage|p1b: Scizor|49\/100\n|-resisted|p1b: Scizor\n|-crit|p1b: Scizor\n|-damage|p1b: Scizor|42\/100\n|-resisted|p1b: Scizor\n|-damage|p1b: Scizor|36\/100\n|-resisted|p1b: Scizor\n|-damage|p1b: Scizor|31\/100\n|-hitcount|p1b: Scizor|10\n|\n|upkeep\n|c| xdTactician|scizor uses boomburst\n|c| ZacianBoi101|its too op\n|\n|t:|1697678102\n|switch|p2b: Volcarona|Volcarona, F|100\/100\n|turn|11\n|c| xdTactician|it survived the bomb\n|c|\u2606ThatBoyBobby|why is it always hitting 10 ties\n|c| ZacianBoi101|cuz\n|\n|t:|1697678128\n|move|p1b: Scizor|Bullet Punch|p2a: Maushold\n|-damage|p2a: Maushold|0 fnt\n|faint|p2a: Maushold\n|move|p2b: Volcarona|Heat Wave|p1b: Scizor\n|-supereffective|p1b: Scizor\n|-damage|p1b: Scizor|0 fnt\n|faint|p1b: Scizor\n|\n|win|AsSeenOnYouTube\n|n|\u2606ThatBoyBobby|thatboybobby\n|n|\u2606AsSeenOnYouTube|asseenonyoutube\n|n|*Lady Monita \u263d|ladymonita\n|n| xxgodzilla1.0|xxgodzilla10\n|n| 1 \u2764\ufe0f HOT DADS|1hotdads\n|n| UFo3208_|ufo3208\n|n| ZacianBoi101|zacianboi101\n|n| xdTactician|xdtactician\n","uploadtime":1697678129,"views":9,"p1id":"thatboybobby","p2id":"asseenonyoutube","formatid":"gen9doublesou","rating":0,"private":0,"password":""}