{"id":"gen9doublesou-1986298638","p1":"lunarxd123","p2":"VioletStargazer","format":"[Gen 9] Doubles OU","log":"|j|\u2606lunarxd123\n|j|\u2606VioletStargazer\n|t:|1699467279\n|gametype|doubles\n|player|p1|lunarxd123|flint|1437\n|player|p2|VioletStargazer|clair|1557\n|teamsize|p1|6\n|teamsize|p2|6\n|gen|9\n|tier|[Gen 9] Doubles OU\n|rated|\n|rule|Species Clause: Limit one of each Pok\u00e9mon\n|rule|OHKO Clause: OHKO moves are banned\n|rule|Evasion Moves Clause: Evasion moves are banned\n|rule|Gravity Sleep Clause: The combination of sleep-inducing moves with imperfect accuracy and Gravity or Gigantamax Orbeetle are banned\n|rule|Endless Battle Clause: Forcing endless battles is banned\n|rule|HP Percentage Mod: HP is shown in percentages\n|clearpoke\n|poke|p1|Typhlosion-Hisui, F|\n|poke|p1|Torkoal, F|\n|poke|p1|Victreebel, M|\n|poke|p1|Farigiraf, M|\n|poke|p1|Scizor, M|\n|poke|p1|Tornadus, M|\n|poke|p2|Roaring Moon|\n|poke|p2|Ursaluna-Bloodmoon, M|\n|poke|p2|Chien-Pao|\n|poke|p2|Ogerpon-Wellspring, F|\n|poke|p2|Heatran, F|\n|poke|p2|Tornadus, M|\n|teampreview\n|inactive|Battle timer is ON: inactive players will automatically lose when time's up. (requested by lunarxd123)\n|\n|t:|1699467304\n|start\n|switch|p1a: Typhlosion|Typhlosion-Hisui, F, shiny|100\/100\n|switch|p1b: Tornadus|Tornadus, M, shiny|100\/100\n|switch|p2a: Roaring Moon|Roaring Moon|100\/100\n|switch|p2b: Chien-Pao|Chien-Pao|100\/100\n|-ability|p2b: Chien-Pao|Sword of Ruin\n|-enditem|p2a: Roaring Moon|Booster Energy\n|-activate|p2a: Roaring Moon|ability: Protosynthesis|[fromitem]\n|-start|p2a: Roaring Moon|protosynthesisatk\n|turn|1\n|\n|t:|1699467329\n|switch|p1b: Torkoal|Torkoal, F, shiny|100\/100\n|-weather|SunnyDay|[from] ability: Drought|[of] p1b: Torkoal\n|switch|p1a: Victreebel|Victreebel, M, shiny|100\/100\n|move|p2b: Chien-Pao|Sucker Punch||[still]\n|-fail|p2b: Chien-Pao\n|move|p2a: Roaring Moon|Knock Off|p1a: Victreebel\n|-enditem|p1a: Victreebel|Focus Sash\n|-damage|p1a: Victreebel|1\/100\n|\n|-weather|SunnyDay|[upkeep]\n|upkeep\n|turn|2\n|\n|t:|1699467353\n|move|p1a: Victreebel|Protect|p1a: Victreebel\n|-singleturn|p1a: Victreebel|Protect\n|move|p2b: Chien-Pao|Ice Shard|p1a: Victreebel\n|-activate|p1a: Victreebel|move: Protect\n|move|p2a: Roaring Moon|Knock Off|p1b: Torkoal\n|-damage|p1b: Torkoal|31\/100\n|-enditem|p1b: Torkoal|Heat Rock|[from] move: Knock Off|[of] p2a: Roaring Moon\n|move|p1b: Torkoal|Eruption|p2b: Chien-Pao|[spread] p2a,p2b\n|-resisted|p2a: Roaring Moon\n|-supereffective|p2b: Chien-Pao\n|-damage|p2a: Roaring Moon|90\/100\n|-damage|p2b: Chien-Pao|31\/100\n|\n|-weather|SunnyDay|[upkeep]\n|upkeep\n|turn|3\n|\n|t:|1699467369\n|switch|p1b: Farigiraf|Farigiraf, M, shiny|100\/100\n|move|p2b: Chien-Pao|Ice Shard||[still]\n|cant|p1b: Farigiraf|ability: Armor Tail|Ice Shard|[of] p2b: Chien-Pao\n|move|p1a: Victreebel|Poison Jab|p2b: Chien-Pao\n|-damage|p2b: Chien-Pao|0 fnt\n|faint|p2b: Chien-Pao\n|move|p2a: Roaring Moon|Knock Off|p1b: Farigiraf\n|-supereffective|p1b: Farigiraf\n|-damage|p1b: Farigiraf|0 fnt\n|-enditem|p1b: Farigiraf|Leftovers|[from] move: Knock Off|[of] p2a: Roaring Moon\n|faint|p1b: Farigiraf\n|\n|-weather|SunnyDay|[upkeep]\n|upkeep\n|\n|t:|1699467388\n|switch|p2b: Ogerpon|Ogerpon-Wellspring, F|100\/100\n|switch|p1b: Tornadus|Tornadus, M, shiny|100\/100\n|turn|4\n|\n|t:|1699467398\n|move|p2b: Ogerpon|Follow Me|p2b: Ogerpon\n|-singleturn|p2b: Ogerpon|move: Follow Me\n|move|p1b: Tornadus|Tailwind|p1b: Tornadus\n|-sidestart|p1: lunarxd123|move: Tailwind\n|move|p1a: Victreebel|Poison Jab|p2b: Ogerpon\n|-supereffective|p2b: Ogerpon\n|-damage|p2b: Ogerpon|0 fnt\n|faint|p2b: Ogerpon\n|move|p2a: Roaring Moon|Dragon Dance|p2a: Roaring Moon\n|-boost|p2a: Roaring Moon|atk|1\n|-boost|p2a: Roaring Moon|spe|1\n|\n|-weather|SunnyDay|[upkeep]\n|upkeep\n|\n|t:|1699467411\n|switch|p2b: Tornadus|Tornadus, M|100\/100\n|turn|5\n|\n|t:|1699467420\n|move|p2b: Tornadus|Tailwind|p2b: Tornadus\n|-sidestart|p2: VioletStargazer|move: Tailwind\n|move|p2a: Roaring Moon|Acrobatics|p1a: Victreebel\n|-supereffective|p1a: Victreebel\n|-damage|p1a: Victreebel|0 fnt\n|faint|p1a: Victreebel\n|move|p1b: Tornadus|Bleakwind Storm|p2b: Tornadus|[spread] p2a,p2b\n|-damage|p2a: Roaring Moon|56\/100\n|-damage|p2b: Tornadus|56\/100\n|\n|-weather|SunnyDay|[upkeep]\n|upkeep\n|\n|t:|1699467430\n|switch|p1a: Scizor|Scizor, M, shiny|100\/100\n|turn|6\n|\n|t:|1699467444\n|move|p2a: Roaring Moon|Knock Off|p1a: Scizor\n|-damage|p1a: Scizor|0 fnt\n|-enditem|p1a: Scizor|Life Orb|[from] move: Knock Off|[of] p2a: Roaring Moon\n|faint|p1a: Scizor\n|move|p1b: Tornadus|Bleakwind Storm|p2b: Tornadus|[spread] p2a,p2b\n|-damage|p2a: Roaring Moon|20\/100\n|-damage|p2b: Tornadus|8\/100\n|move|p2b: Tornadus|Bleakwind Storm|p1b: Tornadus\n|-damage|p1b: Tornadus|35\/100\n|\n|-weather|SunnyDay|[upkeep]\n|upkeep\n|\n|t:|1699467449\n|switch|p1a: Torkoal|Torkoal, F, shiny|31\/100\n|turn|7\n|-message|lunarxd123 forfeited.\n|\n|win|VioletStargazer\n|raw|lunarxd123's rating: 1437 &rarr; <strong>1424<\/strong><br \/>(-13 for losing)\n|raw|VioletStargazer's rating: 1557 &rarr; <strong>1570<\/strong><br \/>(+13 for winning)\n|l|\u2606lunarxd123\n","uploadtime":1699467462,"views":10,"p1id":"lunarxd123","p2id":"violetstargazer","formatid":"gen9doublesou","rating":1424,"private":0,"password":""}