{"id":"gen9doublesou-1977033788","p1":"Woodlemeister","p2":"lilbookcase","format":"[Gen 9] Doubles OU","log":"|j|\u2606Woodlemeister\n|j|\u2606lilbookcase\n|t:|1698364066\n|gametype|doubles\n|player|p1|Woodlemeister|ghetsis|\n|player|p2|lilbookcase|rocketgruntf|\n|teamsize|p1|6\n|teamsize|p2|6\n|gen|9\n|tier|[Gen 9] Doubles OU\n|rule|Species Clause: Limit one of each Pok\u00e9mon\n|rule|OHKO Clause: OHKO moves are banned\n|rule|Evasion Moves Clause: Evasion moves are banned\n|rule|Gravity Sleep Clause: The combination of sleep-inducing moves with imperfect accuracy and Gravity or Gigantamax Orbeetle are banned\n|rule|Endless Battle Clause: Forcing endless battles is banned\n|rule|HP Percentage Mod: HP is shown in percentages\n|clearpoke\n|poke|p1|Dragapult, F|\n|poke|p1|Krookodile, M|\n|poke|p1|Lycanroc-Midnight, M|\n|poke|p1|Chien-Pao|\n|poke|p1|Basculegion-F, F|\n|poke|p1|Gholdengo|\n|poke|p2|Roaring Moon|\n|poke|p2|Weezing-Galar, F|\n|poke|p2|Gholdengo|\n|poke|p2|Ursaluna, F|\n|poke|p2|Hatterene, F|\n|poke|p2|Gothitelle, M|\n|teampreview\n|\n|t:|1698364100\n|start\n|switch|p1a: Dragapult|Dragapult, F|100\/100\n|switch|p1b: Basculegion|Basculegion-F, F|100\/100\n|switch|p2a: Roaring Gibbous|Roaring Moon|100\/100\n|switch|p2b: Waxaluna|Ursaluna, F|100\/100\n|-enditem|p2a: Roaring Gibbous|Booster Energy\n|-activate|p2a: Roaring Gibbous|ability: Protosynthesis|[fromitem]\n|-start|p2a: Roaring Gibbous|protosynthesisspe\n|turn|1\n|\n|t:|1698364126\n|move|p2b: Waxaluna|Protect|p2b: Waxaluna\n|-singleturn|p2b: Waxaluna|Protect\n|move|p2a: Roaring Gibbous|Knock Off|p1a: Dragapult\n|-supereffective|p1a: Dragapult\n|-damage|p1a: Dragapult|0 fnt\n|-enditem|p1a: Dragapult|Choice Band|[from] move: Knock Off|[of] p2a: Roaring Gibbous\n|faint|p1a: Dragapult\n|move|p1b: Basculegion|Flip Turn|p2b: Waxaluna\n|-activate|p2b: Waxaluna|move: Protect\n|\n|-status|p2b: Waxaluna|brn|[from] item: Flame Orb\n|upkeep\n|\n|t:|1698364141\n|switch|p1a: Chien-Pao|Chien-Pao|100\/100\n|-ability|p1a: Chien-Pao|Sword of Ruin\n|turn|2\n|\n|t:|1698364168\n|move|p2a: Roaring Gibbous|Tailwind|p2a: Roaring Gibbous\n|-sidestart|p2: lilbookcase|move: Tailwind\n|move|p2b: Waxaluna|Headlong Rush|p1a: Chien-Pao\n|-damage|p1a: Chien-Pao|0 fnt\n|-unboost|p2b: Waxaluna|def|1\n|-unboost|p2b: Waxaluna|spd|1\n|faint|p1a: Chien-Pao\n|move|p1b: Basculegion|Flip Turn|p2b: Waxaluna\n|-supereffective|p2b: Waxaluna\n|-damage|p2b: Waxaluna|50\/100 brn\n|\n|t:|1698364180\n|switch|p1b: Krookodile|Krookodile, M|100\/100|[from] Flip Turn\n|-ability|p1b: Krookodile|Intimidate|boost\n|-unboost|p2a: Roaring Gibbous|atk|1\n|-unboost|p2b: Waxaluna|atk|1\n|\n|-damage|p2b: Waxaluna|43\/100 brn|[from] brn\n|upkeep\n|\n|t:|1698364189\n|switch|p1a: Lycanroc|Lycanroc-Midnight, M|100\/100\n|turn|3\n|\n|t:|1698364204\n|move|p2a: Roaring Gibbous|Protect|p2a: Roaring Gibbous\n|-singleturn|p2a: Roaring Gibbous|Protect\n|move|p2b: Waxaluna|Earthquake|p1b: Krookodile|[spread] p1a,p1b\n|-activate|p2a: Roaring Gibbous|move: Protect\n|-supereffective|p1a: Lycanroc\n|-crit|p1a: Lycanroc\n|-damage|p1a: Lycanroc|0 fnt\n|-damage|p1b: Krookodile|53\/100\n|faint|p1a: Lycanroc\n|move|p1b: Krookodile|Stealth Rock|p2a: Roaring Gibbous\n|-sidestart|p2: lilbookcase|move: Stealth Rock\n|\n|-damage|p2b: Waxaluna|37\/100 brn|[from] brn\n|upkeep\n|\n|t:|1698364207\n|switch|p1a: Gholdengo|Gholdengo|100\/100\n|turn|4\n|\n|t:|1698364229\n|-terastallize|p1a: Gholdengo|Steel\n|move|p2a: Roaring Gibbous|Breaking Swipe|p1a: Gholdengo|[spread] p1a,p1b\n|-resisted|p1a: Gholdengo\n|-damage|p1a: Gholdengo|92\/100\n|-damage|p1b: Krookodile|32\/100\n|-unboost|p1a: Gholdengo|atk|1\n|-unboost|p1b: Krookodile|atk|1\n|-damage|p2a: Roaring Gibbous|84\/100|[from] item: Rocky Helmet|[of] p1b: Krookodile\n|move|p2b: Waxaluna|Headlong Rush|p1a: Gholdengo\n|-supereffective|p1a: Gholdengo\n|-damage|p1a: Gholdengo|0 fnt\n|-unboost|p2b: Waxaluna|def|1\n|-unboost|p2b: Waxaluna|spd|1\n|faint|p1a: Gholdengo\n|move|p1b: Krookodile|Knock Off|p2b: Waxaluna\n|-damage|p2b: Waxaluna|0 fnt\n|-enditem|p2b: Waxaluna|Flame Orb|[from] move: Knock Off|[of] p1b: Krookodile\n|faint|p2b: Waxaluna\n|\n|upkeep\n|\n|t:|1698364250\n|switch|p1a: Basculegion|Basculegion-F, F|100\/100\n|switch|p2b: Smokin that Toxin|Weezing-Galar, F|100\/100\n|-ability|p2b: Smokin that Toxin|Neutralizing Gas\n|-damage|p2b: Smokin that Toxin|88\/100|[from] Stealth Rock\n|turn|5\n|\n|t:|1698364264\n|move|p2a: Roaring Gibbous|Knock Off|p1a: Basculegion\n|-supereffective|p1a: Basculegion\n|-damage|p1a: Basculegion|12\/100\n|-enditem|p1a: Basculegion|Choice Scarf|[from] move: Knock Off|[of] p2a: Roaring Gibbous\n|move|p2b: Smokin that Toxin|Will-O-Wisp|p1b: Krookodile\n|-status|p1b: Krookodile|brn\n|move|p1b: Krookodile|Gunk Shot|p2b: Smokin that Toxin\n|-damage|p2b: Smokin that Toxin|76\/100\n|move|p1a: Basculegion|Ice Beam|p2a: Roaring Gibbous\n|-supereffective|p2a: Roaring Gibbous\n|-damage|p2a: Roaring Gibbous|37\/100\n|\n|-heal|p2b: Smokin that Toxin|82\/100|[from] item: Leftovers\n|-damage|p1b: Krookodile|26\/100 brn|[from] brn\n|-sideend|p2: lilbookcase|move: Tailwind\n|upkeep\n|turn|6\n|\n|t:|1698364289\n|move|p2a: Roaring Gibbous|Breaking Swipe|p1a: Basculegion|[spread] p1a,p1b\n|-crit|p1a: Basculegion\n|-damage|p1a: Basculegion|0 fnt\n|-damage|p1b: Krookodile|5\/100 brn\n|-unboost|p1b: Krookodile|atk|1\n|-damage|p2a: Roaring Gibbous|20\/100|[from] item: Rocky Helmet|[of] p1b: Krookodile\n|faint|p1a: Basculegion\n|move|p1b: Krookodile|Earthquake|p2a: Roaring Gibbous|[spread] p2a,p2b\n|-supereffective|p2b: Smokin that Toxin\n|-damage|p2a: Roaring Gibbous|9\/100\n|-damage|p2b: Smokin that Toxin|65\/100\n|move|p2b: Smokin that Toxin|Dazzling Gleam|p1b: Krookodile\n|-supereffective|p1b: Krookodile\n|-damage|p1b: Krookodile|0 fnt\n|faint|p1b: Krookodile\n|\n|win|lilbookcase\n|l|\u2606Woodlemeister\n","uploadtime":1698364308,"views":27,"p1id":"woodlemeister","p2id":"lilbookcase","formatid":"gen9doublesou","rating":0,"private":0,"password":""}