{"id":"gen9doublesou-1986269852","p1":"Prob6","p2":"MeowMeow33","format":"[Gen 9] Doubles OU","log":"|j|\u2606Prob6\n|j|\u203dMeowMeow33\n|t:|1699464957\n|gametype|doubles\n|player|p1|Prob6|102|1518\n|player|p2|MeowMeow33|102|1417\n|teamsize|p1|6\n|teamsize|p2|6\n|gen|9\n|tier|[Gen 9] Doubles OU\n|rated|\n|rule|Species Clause: Limit one of each Pok\u00e9mon\n|rule|OHKO Clause: OHKO moves are banned\n|rule|Evasion Moves Clause: Evasion moves are banned\n|rule|Gravity Sleep Clause: The combination of sleep-inducing moves with imperfect accuracy and Gravity or Gigantamax Orbeetle are banned\n|rule|Endless Battle Clause: Forcing endless battles is banned\n|rule|HP Percentage Mod: HP is shown in percentages\n|clearpoke\n|poke|p1|Chi-Yu|\n|poke|p1|Amoonguss, M|\n|poke|p1|Walking Wake|\n|poke|p1|Ogerpon-Hearthflame, F|\n|poke|p1|Tornadus, M|\n|poke|p1|Cresselia, F|\n|poke|p2|Conkeldurr, F|\n|poke|p2|Dusclops, M|\n|poke|p2|Iron Hands|\n|poke|p2|Gastrodon, F|\n|poke|p2|Kingambit, F|\n|poke|p2|Armarouge, F|\n|teampreview\n|inactive|Battle timer is ON: inactive players will automatically lose when time's up. (requested by Prob6)\n|\n|t:|1699464968\n|start\n|switch|p1a: Tornadus|Tornadus, M|100\/100\n|switch|p1b: Chi-Yu|Chi-Yu|100\/100\n|switch|p2a: Dusclops|Dusclops, M|100\/100\n|switch|p2b: Conkeldurr|Conkeldurr, F|100\/100\n|-ability|p1b: Chi-Yu|Beads of Ruin\n|-item|p1a: Tornadus|Heat Rock|[from] ability: Frisk|[of] p2a: Dusclops|[identify]\n|-item|p1b: Chi-Yu|Choice Specs|[from] ability: Frisk|[of] p2a: Dusclops|[identify]\n|turn|1\n|\n|t:|1699464997\n|-terastallize|p2a: Dusclops|Dark\n|move|p2b: Conkeldurr|Wide Guard|p2b: Conkeldurr\n|-singleturn|p2b: Conkeldurr|Wide Guard\n|move|p1a: Tornadus|Taunt|p2a: Dusclops\n|-hint|Since gen 7, Dark is immune to Prankster moves.\n|-immune|p2a: Dusclops\n|move|p1b: Chi-Yu|Dark Pulse|p2a: Dusclops\n|-resisted|p2a: Dusclops\n|-damage|p2a: Dusclops|76\/100\n|move|p2a: Dusclops|Trick Room|p2a: Dusclops\n|-fieldstart|move: Trick Room|[of] p2a: Dusclops\n|\n|-status|p2b: Conkeldurr|brn|[from] item: Flame Orb\n|upkeep\n|turn|2\n|c|\u2606Prob6|thats crafty\n|\n|t:|1699465015\n|switch|p1b: Cresselia|Cresselia, F|100\/100\n|move|p2a: Dusclops|Night Shade|p1a: Tornadus\n|-damage|p1a: Tornadus|73\/100\n|move|p2b: Conkeldurr|Rock Slide|p1a: Tornadus|[spread] p1a,p1b\n|-supereffective|p1a: Tornadus\n|-damage|p1a: Tornadus|0 fnt\n|-damage|p1b: Cresselia|75\/100\n|faint|p1a: Tornadus\n|\n|-damage|p2b: Conkeldurr|94\/100 brn|[from] brn\n|upkeep\n|\n|t:|1699465026\n|switch|p1a: Amoonguss|Amoonguss, M|100\/100\n|turn|3\n|\n|t:|1699465053\n|switch|p2a: Gastrodon|Gastrodon, F|100\/100\n|move|p1a: Amoonguss|Spore|p2a: Gastrodon\n|-activate|p2a: Gastrodon|item: Safety Goggles|Spore\n|move|p2b: Conkeldurr|Bulk Up|p2b: Conkeldurr\n|-boost|p2b: Conkeldurr|atk|1\n|-boost|p2b: Conkeldurr|def|1\n|move|p1b: Cresselia|Reflect|p1b: Cresselia\n|-sidestart|p1: Prob6|Reflect\n|\n|-damage|p2b: Conkeldurr|88\/100 brn|[from] brn\n|upkeep\n|turn|4\n|\n|t:|1699465077\n|move|p1a: Amoonguss|Rage Powder|p1a: Amoonguss\n|-singleturn|p1a: Amoonguss|move: Rage Powder\n|move|p2a: Gastrodon|Yawn|p1a: Amoonguss\n|-start|p1a: Amoonguss|move: Yawn|[of] p2a: Gastrodon\n|move|p2b: Conkeldurr|Rock Slide|p1a: Amoonguss|[spread] p1a,p1b\n|-damage|p1a: Amoonguss|67\/100\n|-damage|p1b: Cresselia|50\/100\n|cant|p1b: Cresselia|flinch\n|\n|-heal|p1a: Amoonguss|74\/100|[from] item: Black Sludge\n|-damage|p2b: Conkeldurr|82\/100 brn|[from] brn\n|upkeep\n|turn|5\n|\n|t:|1699465099\n|switch|p1a: Ogerpon|Ogerpon-Hearthflame, F|100\/100\n|-ability|p1a: Ogerpon|Mold Breaker\n|move|p2a: Gastrodon|Muddy Water|p1b: Cresselia|[spread] p1a,p1b\n|-damage|p1a: Ogerpon|62\/100\n|-damage|p1b: Cresselia|34\/100\n|move|p2b: Conkeldurr|Rock Slide|p1b: Cresselia|[spread] p1a\n|-miss|p2b: Conkeldurr|p1b: Cresselia\n|-supereffective|p1a: Ogerpon\n|-damage|p1a: Ogerpon|0 fnt\n|faint|p1a: Ogerpon\n|move|p1b: Cresselia|Lunar Blessing|p1b: Cresselia\n|-heal|p1b: Cresselia|59\/100\n|\n|-damage|p2b: Conkeldurr|76\/100 brn|[from] brn\n|-fieldend|move: Trick Room\n|upkeep\n|c|\u2606Prob6|oh of course\n|inactive|Prob6 has 120 seconds left.\n|c|\u2606Prob6|eat shit Trick Room user\n|-message|Prob6 forfeited.\n|\n|win|MeowMeow33\n|raw|Prob6's rating: 1518 &rarr; <strong>1492<\/strong><br \/>(-26 for losing)\n|raw|MeowMeow33's rating: 1417 &rarr; <strong>1443<\/strong><br \/>(+26 for winning)\n","uploadtime":1699465116,"views":8,"p1id":"prob6","p2id":"meowmeow33","formatid":"gen9doublesou","rating":1443,"private":0,"password":""}