{"id":"gen9doublesou-1990886518","p1":"Battlin' Cats","p2":"sodkyo","format":"[Gen 9] Doubles OU","log":"|j|\u2606Battlin' Cats\n|j|\u2606sodkyo\n|t:|1700011455\n|gametype|doubles\n|player|p1|Battlin' Cats|unknownf|1364\n|player|p2|sodkyo|102|1308\n|teamsize|p1|6\n|teamsize|p2|6\n|gen|9\n|tier|[Gen 9] Doubles OU\n|rated|\n|rule|Species Clause: Limit one of each Pok\u00e9mon\n|rule|OHKO Clause: OHKO moves are banned\n|rule|Evasion Moves Clause: Evasion moves are banned\n|rule|Gravity Sleep Clause: The combination of sleep-inducing moves with imperfect accuracy and Gravity or Gigantamax Orbeetle are banned\n|rule|Endless Battle Clause: Forcing endless battles is banned\n|rule|HP Percentage Mod: HP is shown in percentages\n|clearpoke\n|poke|p1|Wo-Chien|\n|poke|p1|Ting-Lu|\n|poke|p1|Glimmora, M|\n|poke|p1|Palafin, F|\n|poke|p1|Gliscor, F|\n|poke|p1|Arcanine, M|\n|poke|p2|Flutter Mane|\n|poke|p2|Amoonguss, F|\n|poke|p2|Armarouge, F|\n|poke|p2|Indeedee-F, F|\n|poke|p2|Murkrow, F|\n|poke|p2|Gholdengo|\n|teampreview\n|inactive|Battle timer is ON: inactive players will automatically lose when time's up. (requested by sodkyo)\n|c|\u2606Battlin' Cats|glhf\n|c|\u2606sodkyo|glhf\n|inactive|sodkyo has 120 seconds left.\n|\n|t:|1700011489\n|start\n|switch|p1a: NEVER GIVE UP!|Glimmora, M|100\/100\n|switch|p1b: SEEK ASSISTENCE!|Palafin, F|100\/100\n|switch|p2a: Amoonguss|Amoonguss, F, shiny|100\/100\n|switch|p2b: Murkrow|Murkrow, F, shiny|100\/100\n|turn|1\n|inactive|sodkyo has 120 seconds left.\n|\n|t:|1700011521\n|detailschange|p1b: SEEK ASSISTENCE!|Palafin-Hero, F\n|switch|p1b: YOU'D BE MISSED!|Arcanine, M|100\/100\n|-ability|p1b: YOU'D BE MISSED!|Intimidate|boost\n|-unboost|p2a: Amoonguss|atk|1\n|-unboost|p2b: Murkrow|atk|1\n|move|p2b: Murkrow|Taunt|p1a: NEVER GIVE UP!\n|-start|p1a: NEVER GIVE UP!|move: Taunt\n|move|p1a: NEVER GIVE UP!|Mortal Spin|p2b: Murkrow|[spread] p2a,p2b\n|-damage|p2a: Amoonguss|96\/100\n|-damage|p2b: Murkrow|94\/100\n|-status|p2b: Murkrow|psn\n|move|p2a: Amoonguss|Spore|p1a: NEVER GIVE UP!\n|-status|p1a: NEVER GIVE UP!|slp|[from] move: Spore\n|\n|-heal|p2a: Amoonguss|100\/100|[from] item: Leftovers\n|-damage|p2b: Murkrow|82\/100 psn|[from] psn\n|upkeep\n|turn|2\n|\n|t:|1700011550\n|switch|p2a: Armarouge|Armarouge, F, shiny|100\/100\n|move|p1b: YOU'D BE MISSED!|Extreme Speed|p2b: Murkrow\n|-damage|p2b: Murkrow|56\/100 psn\n|move|p2b: Murkrow|Tailwind|p2b: Murkrow\n|-sidestart|p2: sodkyo|move: Tailwind\n|cant|p1a: NEVER GIVE UP!|slp\n|\n|-damage|p2b: Murkrow|43\/100 psn|[from] psn\n|upkeep\n|turn|3\n|\n|t:|1700011569\n|switch|p2b: Indeedee|Indeedee-F, F, shiny|100\/100\n|-fieldstart|move: Psychic Terrain|[from] ability: Psychic Surge|[of] p2b: Indeedee\n|-terastallize|p2a: Armarouge|Grass\n|move|p2a: Armarouge|Expanding Force|p1b: YOU'D BE MISSED!|[spread] p1a,p1b\n|-supereffective|p1a: NEVER GIVE UP!\n|-enditem|p1a: NEVER GIVE UP!|Focus Sash\n|-damage|p1a: NEVER GIVE UP!|1\/100 slp\n|-damage|p1b: YOU'D BE MISSED!|35\/100\n|-enditem|p1b: YOU'D BE MISSED!|Sitrus Berry|[eat]\n|-heal|p1b: YOU'D BE MISSED!|60\/100|[from] item: Sitrus Berry\n|move|p1b: YOU'D BE MISSED!|Snarl|p2a: Armarouge|[spread] p2a,p2b\n|-supereffective|p2b: Indeedee\n|-damage|p2a: Armarouge|94\/100\n|-damage|p2b: Indeedee|78\/100\n|-unboost|p2a: Armarouge|spa|1\n|-unboost|p2b: Indeedee|spa|1\n|cant|p1a: NEVER GIVE UP!|slp\n|\n|-heal|p2b: Indeedee|84\/100|[from] item: Leftovers\n|-end|p1a: NEVER GIVE UP!|move: Taunt\n|upkeep\n|turn|4\n|\n|t:|1700011597\n|-curestatus|p1a: NEVER GIVE UP!|slp|[msg]\n|move|p1a: NEVER GIVE UP!|Spiky Shield|p1a: NEVER GIVE UP!\n|-singleturn|p1a: NEVER GIVE UP!|move: Protect\n|move|p2b: Indeedee|Dazzling Gleam|p1a: NEVER GIVE UP!|[spread] p1b\n|-activate|p1a: NEVER GIVE UP!|move: Protect\n|-resisted|p1b: YOU'D BE MISSED!\n|-damage|p1b: YOU'D BE MISSED!|54\/100\n|move|p2a: Armarouge|Expanding Force|p1a: NEVER GIVE UP!|[spread] p1b\n|-activate|p1a: NEVER GIVE UP!|move: Protect\n|-damage|p1b: YOU'D BE MISSED!|6\/100\n|move|p1b: YOU'D BE MISSED!|Snarl|p2a: Armarouge|[spread] p2a,p2b\n|-supereffective|p2b: Indeedee\n|-damage|p2a: Armarouge|88\/100\n|-damage|p2b: Indeedee|66\/100\n|-unboost|p2a: Armarouge|spa|1\n|-unboost|p2b: Indeedee|spa|1\n|\n|-heal|p2b: Indeedee|72\/100|[from] item: Leftovers\n|upkeep\n|turn|5\n|inactive|sodkyo has 120 seconds left.\n|\n|t:|1700011631\n|switch|p2b: Murkrow|Murkrow, F, shiny|43\/100 psn\n|move|p1b: YOU'D BE MISSED!|Extreme Speed|p2b: Murkrow\n|-hint|Psychic Terrain doesn't affect Pok\u00e9mon immune to Ground.\n|-damage|p2b: Murkrow|18\/100 psn\n|move|p2a: Armarouge|Expanding Force|p1b: YOU'D BE MISSED!|[spread] p1a,p1b\n|-supereffective|p1a: NEVER GIVE UP!\n|-damage|p1a: NEVER GIVE UP!|0 fnt\n|-damage|p1b: YOU'D BE MISSED!|0 fnt\n|faint|p1a: NEVER GIVE UP!\n|faint|p1b: YOU'D BE MISSED!\n|\n|-damage|p2b: Murkrow|5\/100 psn|[from] psn\n|-sideend|p2: sodkyo|move: Tailwind\n|upkeep\n|inactive|Battlin' Cats has 120 seconds left.\n|\n|t:|1700011658\n|switch|p1b: :P|Gliscor, F|100\/100\n|switch|p1a: YOU ARE LOVED!|Ting-Lu|100\/100\n|-ability|p1a: YOU ARE LOVED!|Vessel of Ruin\n|turn|6\n|inactive|Battlin' Cats has 120 seconds left.\n|c|\u2606Battlin' Cats|Psychic terrain doesn- what is it talking about?\n|inactive|sodkyo has 120 seconds left.\n|c|\u2606sodkyo|what?\n|inactive|Battlin' Cats has 90 seconds left.\n|c|\u2606Battlin' Cats|Arcanine was very susceptible to ground to my knowledge.\n|inactive|sodkyo has 90 seconds left.\n|c|\u2606Battlin' Cats|Yet it ignored terrain?\n|c|\u2606sodkyo|oh\n|inactive|Battlin' Cats has 60 seconds left.\n|\n|t:|1700011737\n|switch|p2a: Flutter Mane|Flutter Mane, shiny|100\/100\n|-enditem|p2a: Flutter Mane|Booster Energy\n|-activate|p2a: Flutter Mane|ability: Protosynthesis|[fromitem]\n|-start|p2a: Flutter Mane|protosynthesisspe\n|move|p1b: :P|Protect|p1b: :P\n|-singleturn|p1b: :P|Protect\n|move|p2b: Murkrow|Tailwind|p2b: Murkrow\n|-sidestart|p2: sodkyo|move: Tailwind\n|move|p1a: YOU ARE LOVED!|Rock Slide|p2b: Murkrow|[spread] p2a\n|-miss|p1a: YOU ARE LOVED!|p2b: Murkrow\n|-damage|p2a: Flutter Mane|67\/100\n|\n|-damage|p2b: Murkrow|0 fnt|[from] psn\n|faint|p2b: Murkrow\n|-status|p1b: :P|tox|[from] item: Toxic Orb\n|upkeep\n|inactive|sodkyo has 90 seconds left.\n|c|\u2606sodkyo|psychc terrain blocks priority moves right?\n|c|\u2606Battlin' Cats|yeah\n|c|\u2606sodkyo|damn\n|inactive|sodkyo has 60 seconds left.\n|\n|t:|1700011774\n|switch|p2b: Amoonguss|Amoonguss, F, shiny|100\/100\n|turn|7\n|c|\u2606Battlin' Cats|I think Arcanine installed hacks\n|inactive|Battlin' Cats has 60 seconds left.\n|\n|t:|1700011812\n|move|p1a: YOU ARE LOVED!|Protect|p1a: YOU ARE LOVED!\n|-singleturn|p1a: YOU ARE LOVED!|Protect\n|move|p2b: Amoonguss|Rage Powder|p2b: Amoonguss\n|-singleturn|p2b: Amoonguss|move: Rage Powder\n|move|p2a: Flutter Mane|Dazzling Gleam|p1a: YOU ARE LOVED!|[spread] p1b\n|-activate|p1a: YOU ARE LOVED!|move: Protect\n|-damage|p1b: :P|73\/100 tox\n|move|p1b: :P|Dual Wingbeat|p2b: Amoonguss\n|-supereffective|p2b: Amoonguss\n|-damage|p2b: Amoonguss|73\/100\n|-supereffective|p2b: Amoonguss\n|-damage|p2b: Amoonguss|46\/100\n|-hitcount|p2b: Amoonguss|2\n|\n|-heal|p2b: Amoonguss|52\/100|[from] item: Leftovers\n|-heal|p1b: :P|86\/100 tox|[from] ability: Poison Heal\n|-fieldend|move: Psychic Terrain\n|upkeep\n|turn|8\n|inactive|sodkyo has 90 seconds left.\n|inactive|Battlin' Cats has 60 seconds left.\n|\n|t:|1700011839\n|switch|p1a: SEEK ASSISTENCE!|Palafin-Hero, F|100\/100\n|-activate|p1a: SEEK ASSISTENCE!|ability: Zero to Hero\n|move|p2b: Amoonguss|Rage Powder|p2b: Amoonguss\n|-singleturn|p2b: Amoonguss|move: Rage Powder\n|move|p2a: Flutter Mane|Dazzling Gleam|p1a: SEEK ASSISTENCE!|[spread] p1a,p1b\n|-damage|p1a: SEEK ASSISTENCE!|62\/100\n|-damage|p1b: :P|47\/100 tox\n|move|p1b: :P|Dual Wingbeat|p2b: Amoonguss|[miss]\n|-miss|p1b: :P|p2b: Amoonguss\n|\n|-heal|p2b: Amoonguss|58\/100|[from] item: Leftovers\n|-heal|p1b: :P|59\/100 tox|[from] ability: Poison Heal\n|upkeep\n|turn|9\n|inactive|sodkyo has 90 seconds left.\n|\n|t:|1700011859\n|move|p1b: :P|Protect|p1b: :P\n|-singleturn|p1b: :P|Protect\n|move|p1a: SEEK ASSISTENCE!|Jet Punch|p2a: Flutter Mane\n|-damage|p2a: Flutter Mane|0 fnt\n|faint|p2a: Flutter Mane\n|-end|p2a: Flutter Mane|Protosynthesis|[silent]\n|move|p2b: Amoonguss|Spore|p1a: SEEK ASSISTENCE!\n|-status|p1a: SEEK ASSISTENCE!|slp|[from] move: Spore\n|\n|-heal|p2b: Amoonguss|65\/100|[from] item: Leftovers\n|-heal|p1b: :P|71\/100 tox|[from] ability: Poison Heal\n|-sideend|p2: sodkyo|move: Tailwind\n|upkeep\n|\n|t:|1700011876\n|switch|p2a: Gholdengo|Gholdengo|100\/100\n|turn|10\n|inactive|Battlin' Cats has 90 seconds left.\n|inactive|sodkyo has 90 seconds left.\n|\n|t:|1700011891\n|switch|p1a: YOU ARE LOVED!|Ting-Lu|100\/100\n|-ability|p1a: YOU ARE LOVED!|Vessel of Ruin\n|move|p2a: Gholdengo|Thunderbolt|p1a: YOU ARE LOVED!\n|-immune|p1a: YOU ARE LOVED!\n|move|p1b: :P|Knock Off|p2a: Gholdengo\n|-supereffective|p2a: Gholdengo\n|-damage|p2a: Gholdengo|54\/100\n|-enditem|p2a: Gholdengo|Choice Specs|[from] move: Knock Off|[of] p1b: :P\n|move|p2b: Amoonguss|Pollen Puff|p1b: :P\n|-resisted|p1b: :P\n|-damage|p1b: :P|63\/100 tox\n|\n|-heal|p2b: Amoonguss|71\/100|[from] item: Leftovers\n|-heal|p1b: :P|76\/100 tox|[from] ability: Poison Heal\n|upkeep\n|turn|11\n|inactive|Battlin' Cats has 90 seconds left.\n|\n|t:|1700011919\n|move|p2b: Amoonguss|Rage Powder|p2b: Amoonguss\n|-singleturn|p2b: Amoonguss|move: Rage Powder\n|move|p2a: Gholdengo|Make It Rain|p1b: :P|[spread] p1a,p1b\n|-damage|p1a: YOU ARE LOVED!|70\/100\n|-damage|p1b: :P|28\/100 tox\n|-unboost|p2a: Gholdengo|spa|1\n|move|p1b: :P|Dual Wingbeat|p2b: Amoonguss\n|-supereffective|p2b: Amoonguss\n|-damage|p2b: Amoonguss|42\/100\n|-supereffective|p2b: Amoonguss\n|-damage|p2b: Amoonguss|14\/100\n|-hitcount|p2b: Amoonguss|2\n|move|p1a: YOU ARE LOVED!|Whirlwind|p2b: Amoonguss\n|drag|p2b: Armarouge|Armarouge, F, shiny, tera:Grass|88\/100\n|\n|-heal|p1b: :P|41\/100 tox|[from] ability: Poison Heal\n|upkeep\n|turn|12\n|inactive|Battlin' Cats has 90 seconds left.\n|inactive|Battlin' Cats has 60 seconds left.\n|\n|t:|1700011979\n|-terastallize|p1b: :P|Water\n|move|p1b: :P|Protect|p1b: :P\n|-singleturn|p1b: :P|Protect\n|move|p1a: YOU ARE LOVED!|Protect|p1a: YOU ARE LOVED!\n|-singleturn|p1a: YOU ARE LOVED!|Protect\n|move|p2a: Gholdengo|Make It Rain|p1b: :P|[spread] \n|-activate|p1a: YOU ARE LOVED!|move: Protect\n|-activate|p1b: :P|move: Protect\n|move|p2b: Armarouge|Aura Sphere|p1a: YOU ARE LOVED!\n|-activate|p1a: YOU ARE LOVED!|move: Protect\n|\n|-heal|p1b: :P|53\/100 tox|[from] ability: Poison Heal\n|upkeep\n|turn|13\n|inactive|sodkyo has 120 seconds left.\n|inactive|Battlin' Cats has 60 seconds left.\n|\n|t:|1700012002\n|move|p2a: Gholdengo|Thunderbolt|p1b: :P\n|-supereffective|p1b: :P\n|-damage|p1b: :P|11\/100 tox\n|move|p1b: :P|Knock Off|p2a: Gholdengo\n|-supereffective|p2a: Gholdengo\n|-damage|p2a: Gholdengo|20\/100\n|move|p2b: Armarouge|Aura Sphere|p1a: YOU ARE LOVED!\n|-supereffective|p1a: YOU ARE LOVED!\n|-damage|p1a: YOU ARE LOVED!|36\/100\n|move|p1a: YOU ARE LOVED!|Whirlwind|p2b: Armarouge\n|drag|p2b: Amoonguss|Amoonguss, F, shiny|47\/100\n|\n|-heal|p2b: Amoonguss|54\/100|[from] item: Leftovers\n|-heal|p1b: :P|23\/100 tox|[from] ability: Poison Heal\n|upkeep\n|turn|14\n|inactive|sodkyo has 120 seconds left.\n|\n|t:|1700012030\n|move|p1b: :P|Protect|p1b: :P\n|-singleturn|p1b: :P|Protect\n|move|p2a: Gholdengo|Thunderbolt|p1b: :P\n|-activate|p1b: :P|move: Protect\n|move|p1a: YOU ARE LOVED!|Body Press|p2b: Amoonguss\n|-resisted|p2b: Amoonguss\n|-damage|p2b: Amoonguss|36\/100\n|move|p2b: Amoonguss|Spore|p1a: YOU ARE LOVED!\n|-status|p1a: YOU ARE LOVED!|slp|[from] move: Spore\n|\n|-heal|p2b: Amoonguss|43\/100|[from] item: Leftovers\n|-heal|p1b: :P|36\/100 tox|[from] ability: Poison Heal\n|upkeep\n|turn|15\n|inactive|sodkyo has 120 seconds left.\n|\n|t:|1700012052\n|switch|p1b: SOMEONE CARES!|Wo-Chien|100\/100\n|-ability|p1b: SOMEONE CARES!|Tablets of Ruin\n|cant|p1a: YOU ARE LOVED!|slp\n|move|p2a: Gholdengo|Thunderbolt|p1b: SOMEONE CARES!\n|-resisted|p1b: SOMEONE CARES!\n|-damage|p1b: SOMEONE CARES!|96\/100\n|move|p2b: Amoonguss|Pollen Puff|p2a: Gholdengo\n|-heal|p2a: Gholdengo|70\/100\n|\n|-heal|p1b: SOMEONE CARES!|100\/100|[from] item: Leftovers\n|-heal|p2b: Amoonguss|49\/100|[from] item: Leftovers\n|upkeep\n|turn|16\n|inactive|Battlin' Cats has 90 seconds left.\n|inactive|sodkyo has 120 seconds left.\n|\n|t:|1700012089\n|switch|p2a: Armarouge|Armarouge, F, shiny, tera:Grass|88\/100\n|move|p1b: SOMEONE CARES!|Leech Seed|p2a: Armarouge\n|-immune|p2a: Armarouge\n|-curestatus|p1a: YOU ARE LOVED!|slp|[msg]\n|move|p1a: YOU ARE LOVED!|Rock Slide|p2a: Armarouge|[spread] p2a,p2b\n|-crit|p2a: Armarouge\n|-damage|p2a: Armarouge|73\/100\n|-damage|p2b: Amoonguss|38\/100\n|move|p2b: Amoonguss|Toxic|p1b: SOMEONE CARES!\n|-status|p1b: SOMEONE CARES!|tox\n|\n|-heal|p2b: Amoonguss|44\/100|[from] item: Leftovers\n|-damage|p1b: SOMEONE CARES!|94\/100 tox|[from] psn\n|upkeep\n|turn|17\n|inactive|Battlin' Cats has 90 seconds left.\n|inactive|sodkyo has 120 seconds left.\n|\n|t:|1700012123\n|move|p2a: Armarouge|Aura Sphere|p1a: YOU ARE LOVED!\n|-supereffective|p1a: YOU ARE LOVED!\n|-damage|p1a: YOU ARE LOVED!|3\/100\n|move|p1b: SOMEONE CARES!|Dark Pulse|p2b: Amoonguss\n|-damage|p2b: Amoonguss|32\/100\n|move|p1a: YOU ARE LOVED!|Body Press|p2b: Amoonguss\n|-resisted|p2b: Amoonguss\n|-damage|p2b: Amoonguss|19\/100\n|move|p2b: Amoonguss|Pollen Puff|p1b: SOMEONE CARES!\n|-supereffective|p1b: SOMEONE CARES!\n|-damage|p1b: SOMEONE CARES!|63\/100 tox\n|\n|-heal|p1b: SOMEONE CARES!|69\/100 tox|[from] item: Leftovers\n|-heal|p2b: Amoonguss|25\/100|[from] item: Leftovers\n|-damage|p1b: SOMEONE CARES!|57\/100 tox|[from] psn\n|upkeep\n|turn|18\n|inactive|Battlin' Cats has 90 seconds left.\n|inactive|sodkyo has 120 seconds left.\n|inactive|Battlin' Cats has 60 seconds left.\n|inactive|sodkyo has 90 seconds left.\n|\n|t:|1700012161\n|switch|p2b: Gholdengo|Gholdengo|70\/100\n|move|p2a: Armarouge|Armor Cannon|p1b: SOMEONE CARES!\n|-supereffective|p1b: SOMEONE CARES!\n|-damage|p1b: SOMEONE CARES!|7\/100 tox\n|-unboost|p2a: Armarouge|def|1\n|-unboost|p2a: Armarouge|spd|1\n|move|p1b: SOMEONE CARES!|Dark Pulse|p2a: Armarouge\n|-damage|p2a: Armarouge|50\/100\n|move|p1a: YOU ARE LOVED!|Whirlwind|p2b: Gholdengo\n|-immune|p2b: Gholdengo|[from] ability: Good as Gold\n|\n|-heal|p1b: SOMEONE CARES!|14\/100 tox|[from] item: Leftovers\n|-damage|p1b: SOMEONE CARES!|0 fnt|[from] psn\n|faint|p1b: SOMEONE CARES!\n|upkeep\n|inactive|Battlin' Cats has 60 seconds left.\n|\n|t:|1700012180\n|switch|p1b: SEEK ASSISTENCE!|Palafin-Hero, F|62\/100 slp\n|turn|19\n|inactive|Battlin' Cats has 60 seconds left.\n|\n|t:|1700012199\n|switch|p1b: :P|Gliscor, F, tera:Water|36\/100 tox\n|move|p2b: Gholdengo|Make It Rain|p1b: :P|[spread] p1a,p1b\n|-resisted|p1b: :P\n|-damage|p1a: YOU ARE LOVED!|0 fnt\n|-damage|p1b: :P|13\/100 tox\n|-unboost|p2b: Gholdengo|spa|1\n|faint|p1a: YOU ARE LOVED!\n|move|p2a: Armarouge|Energy Ball|p1b: :P\n|-supereffective|p1b: :P\n|-damage|p1b: :P|0 fnt\n|faint|p1b: :P\n|\n|upkeep\n|inactive|Battlin' Cats has 60 seconds left.\n|\n|t:|1700012211\n|switch|p1b: SEEK ASSISTENCE!|Palafin-Hero, F|62\/100 slp\n|turn|20\n|c|\u2606Battlin' Cats|gg\n|c|\u2606Battlin' Cats|wp\n|c|\u2606sodkyo|ggs\n|\n|t:|1700012226\n|cant|p1b: SEEK ASSISTENCE!|slp\n|move|p2b: Gholdengo|Thunderbolt|p1b: SEEK ASSISTENCE!\n|-supereffective|p1b: SEEK ASSISTENCE!\n|-damage|p1b: SEEK ASSISTENCE!|18\/100 slp\n|move|p2a: Armarouge|Energy Ball|p1b: SEEK ASSISTENCE!\n|-supereffective|p1b: SEEK ASSISTENCE!\n|-damage|p1b: SEEK ASSISTENCE!|0 fnt\n|faint|p1b: SEEK ASSISTENCE!\n|\n|win|sodkyo\n|raw|Battlin&apos; Cats's rating: 1364 &rarr; <strong>1341<\/strong><br \/>(-23 for losing)\n|raw|sodkyo's rating: 1308 &rarr; <strong>1331<\/strong><br \/>(+23 for winning)\n|l|\u2606Battlin' Cats\n|j|\u2606Battlin' Cats\n|player|p1|Battlin' Cats|unknownf\n|l|\u2606Battlin' Cats\n|player|p1|\n","uploadtime":1700012239,"views":6,"p1id":"battlincats","p2id":"sodkyo","formatid":"gen9doublesou","rating":1331,"private":0,"password":""}