{"id":"gen9doublesou-1968947127","p1":"Gouthir","p2":"PJtheMagnificus","format":"[Gen 9] Doubles OU","log":"|j|\u2606Gouthir\n|j|\u2606PJtheMagnificus\n|t:|1697477618\n|gametype|doubles\n|player|p1|Gouthir|170|1127\n|player|p2|PJtheMagnificus|265|1051\n|teamsize|p1|6\n|teamsize|p2|6\n|gen|9\n|tier|[Gen 9] Doubles OU\n|rated|\n|rule|Species Clause: Limit one of each Pok\u00e9mon\n|rule|OHKO Clause: OHKO moves are banned\n|rule|Evasion Moves Clause: Evasion moves are banned\n|rule|Gravity Sleep Clause: The combination of sleep-inducing moves with imperfect accuracy and Gravity or Gigantamax Orbeetle are banned\n|rule|Endless Battle Clause: Forcing endless battles is banned\n|rule|HP Percentage Mod: HP is shown in percentages\n|clearpoke\n|poke|p1|Empoleon, M|\n|poke|p1|Rillaboom, M|\n|poke|p1|Typhlosion-Hisui, F|\n|poke|p1|Garchomp, M|\n|poke|p1|Tornadus, M|\n|poke|p1|Regieleki|\n|poke|p2|Gliscor, M|\n|poke|p2|Talonflame, F|\n|poke|p2|Flutter Mane|\n|poke|p2|Landorus-Therian, M|\n|poke|p2|Arcanine, M|\n|poke|p2|Grimmsnarl, M|\n|teampreview\n|\n|t:|1697477634\n|start\n|switch|p1a: Typhlosion|Typhlosion-Hisui, F, shiny|100\/100\n|switch|p1b: Regieleki|Regieleki|100\/100\n|switch|p2a: Talonflame|Talonflame, F|100\/100\n|switch|p2b: Grimmsnarl|Grimmsnarl, M|100\/100\n|turn|1\n|\n|t:|1697477649\n|move|p2a: Talonflame|Tailwind|p2a: Talonflame\n|-sidestart|p2: PJtheMagnificus|move: Tailwind\n|move|p2b: Grimmsnarl|Light Screen|p2b: Grimmsnarl\n|-sidestart|p2: PJtheMagnificus|move: Light Screen\n|move|p1b: Regieleki|Electroweb|p2a: Talonflame|[spread] p2a,p2b\n|-supereffective|p2a: Talonflame\n|-damage|p2a: Talonflame|54\/100\n|-damage|p2b: Grimmsnarl|88\/100\n|-unboost|p2a: Talonflame|spe|1\n|-unboost|p2b: Grimmsnarl|spe|1\n|move|p1a: Typhlosion|Eruption|p2b: Grimmsnarl|[spread] p2a,p2b\n|-resisted|p2a: Talonflame\n|-damage|p2a: Talonflame|14\/100\n|-damage|p2b: Grimmsnarl|47\/100\n|\n|upkeep\n|turn|2\n|\n|t:|1697477671\n|move|p2b: Grimmsnarl|Reflect|p2b: Grimmsnarl\n|-sidestart|p2: PJtheMagnificus|Reflect\n|move|p2a: Talonflame|Air Slash|p1a: Typhlosion\n|-damage|p1a: Typhlosion|74\/100\n|move|p1b: Regieleki|Electroweb|p2b: Grimmsnarl|[spread] p2a,p2b\n|-supereffective|p2a: Talonflame\n|-damage|p2a: Talonflame|0 fnt\n|-damage|p2b: Grimmsnarl|36\/100\n|-unboost|p2b: Grimmsnarl|spe|1\n|faint|p2a: Talonflame\n|move|p1a: Typhlosion|Eruption|p2b: Grimmsnarl\n|-damage|p2b: Grimmsnarl|0 fnt\n|faint|p2b: Grimmsnarl\n|\n|upkeep\n|\n|t:|1697477696\n|switch|p2a: Gliscor|Gliscor, M|100\/100\n|switch|p2b: Landorus|Landorus-Therian, M|100\/100\n|-ability|p2b: Landorus|Intimidate|boost\n|-unboost|p1a: Typhlosion|atk|1\n|-unboost|p1b: Regieleki|atk|1\n|turn|3\n|\n|t:|1697477711\n|switch|p1b: Garchomp|Garchomp, M|100\/100\n|switch|p1a: Empoleon|Empoleon, M, shiny|100\/100\n|move|p2a: Gliscor|Toxic Spikes|p1a: Empoleon\n|-sidestart|p1: Gouthir|move: Toxic Spikes\n|move|p2b: Landorus|Earthquake|p1b: Garchomp|[spread] p1a,p1b\n|-immune|p2a: Gliscor\n|-supereffective|p1a: Empoleon\n|-damage|p1a: Empoleon|0 fnt\n|-damage|p1b: Garchomp|56\/100\n|faint|p1a: Empoleon\n|\n|-status|p2a: Gliscor|tox|[from] item: Toxic Orb\n|upkeep\n|\n|t:|1697477726\n|switch|p1a: Tornadus|Tornadus, M, shiny|100\/100\n|turn|4\n|\n|t:|1697477745\n|move|p2a: Gliscor|Spikes|p1a: Tornadus\n|-sidestart|p1: Gouthir|Spikes\n|move|p2b: Landorus|Rock Slide|p1a: Tornadus|[spread] p1a,p1b\n|-supereffective|p1a: Tornadus\n|-resisted|p1b: Garchomp\n|-damage|p1a: Tornadus|30\/100\n|-damage|p1b: Garchomp|46\/100\n|move|p1a: Tornadus|Bleakwind Storm|p2a: Gliscor|[spread] p2a\n|-miss|p1a: Tornadus|p2b: Landorus\n|-damage|p2a: Gliscor|68\/100 tox\n|-unboost|p2a: Gliscor|spe|1\n|move|p1b: Garchomp|Outrage|p2b: Landorus\n|-damage|p2b: Landorus|57\/100\n|-damage|p1b: Garchomp|36\/100|[from] item: Life Orb\n|\n|-heal|p2b: Landorus|63\/100|[from] item: Leftovers\n|-heal|p2a: Gliscor|81\/100 tox|[from] ability: Poison Heal\n|-sideend|p2: PJtheMagnificus|move: Tailwind\n|upkeep\n|turn|5\n|\n|t:|1697477770\n|move|p1a: Tornadus|Bleakwind Storm|p2b: Landorus|[spread] p2b\n|-miss|p1a: Tornadus|p2a: Gliscor\n|-damage|p2b: Landorus|26\/100\n|move|p1b: Garchomp|Outrage|p2a: Gliscor|[from]lockedmove\n|-damage|p2a: Gliscor|46\/100 tox\n|-damage|p1b: Garchomp|26\/100|[from] item: Life Orb\n|move|p2b: Landorus|Rock Slide|p1b: Garchomp|[spread] p1a,p1b\n|-supereffective|p1a: Tornadus\n|-resisted|p1b: Garchomp\n|-damage|p1a: Tornadus|0 fnt\n|-damage|p1b: Garchomp|16\/100\n|faint|p1a: Tornadus\n|move|p2a: Gliscor|Toxic Spikes|p1b: Garchomp\n|-sidestart|p1: Gouthir|move: Toxic Spikes\n|\n|-heal|p2b: Landorus|32\/100|[from] item: Leftovers\n|-heal|p2a: Gliscor|59\/100 tox|[from] ability: Poison Heal\n|upkeep\n|\n|t:|1697477791\n|switch|p1a: Rillaboom|Rillaboom, M, shiny|100\/100\n|-status|p1a: Rillaboom|tox\n|-damage|p1a: Rillaboom|88\/100 tox|[from] Spikes\n|-fieldstart|move: Grassy Terrain|[from] ability: Grassy Surge|[of] p1a: Rillaboom\n|turn|6\n|\n|t:|1697477808\n|move|p2b: Landorus|Protect|p2b: Landorus\n|-singleturn|p2b: Landorus|Protect\n|move|p1a: Rillaboom|Fake Out|p2b: Landorus\n|-activate|p2b: Landorus|move: Protect\n|move|p1b: Garchomp|Outrage|p2b: Landorus|[from]lockedmove\n|-activate|p2b: Landorus|move: Protect\n|-start|p1b: Garchomp|confusion|[fatigue]\n|move|p2a: Gliscor|Knock Off|p1b: Garchomp\n|-damage|p1b: Garchomp|0 fnt\n|-damage|p2a: Gliscor|46\/100 tox|[from] ability: Rough Skin|[of] p1b: Garchomp\n|-enditem|p1b: Garchomp|Life Orb|[from] move: Knock Off|[of] p2a: Gliscor\n|faint|p1b: Garchomp\n|\n|-heal|p2b: Landorus|38\/100|[from] item: Leftovers\n|-heal|p1a: Rillaboom|94\/100 tox|[from] Grassy Terrain\n|-heal|p1a: Rillaboom|100\/100 tox|[from] item: Leftovers\n|-damage|p1a: Rillaboom|94\/100 tox|[from] psn\n|-heal|p2a: Gliscor|59\/100 tox|[from] ability: Poison Heal\n|upkeep\n|\n|t:|1697477828\n|switch|p1b: Typhlosion|Typhlosion-Hisui, F, shiny|74\/100\n|-status|p1b: Typhlosion|tox\n|-damage|p1b: Typhlosion|62\/100 tox|[from] Spikes\n|turn|7\n|\n|t:|1697477851\n|move|p1b: Typhlosion|Shadow Ball|p2a: Gliscor\n|-damage|p2a: Gliscor|8\/100 tox\n|-unboost|p2a: Gliscor|spd|1\n|move|p2b: Landorus|Earthquake|p1b: Typhlosion|[spread] p1a,p1b\n|-immune|p2a: Gliscor\n|-resisted|p1a: Rillaboom\n|-supereffective|p1b: Typhlosion\n|-damage|p1a: Rillaboom|82\/100 tox\n|-damage|p1b: Typhlosion|3\/100 tox\n|move|p1a: Rillaboom|Wood Hammer|p2b: Landorus\n|-damage|p2b: Landorus|0 fnt\n|faint|p2b: Landorus\n|-damage|p1a: Rillaboom|71\/100 tox|[from] Recoil\n|move|p2a: Gliscor|Knock Off|p1b: Typhlosion\n|-supereffective|p1b: Typhlosion\n|-damage|p1b: Typhlosion|0 fnt\n|-enditem|p1b: Typhlosion|Choice Specs|[from] move: Knock Off|[of] p2a: Gliscor\n|faint|p1b: Typhlosion\n|\n|-heal|p1a: Rillaboom|77\/100 tox|[from] Grassy Terrain\n|-heal|p1a: Rillaboom|83\/100 tox|[from] item: Leftovers\n|-damage|p1a: Rillaboom|71\/100 tox|[from] psn\n|-heal|p2a: Gliscor|20\/100 tox|[from] ability: Poison Heal\n|upkeep\n|\n|t:|1697477880\n|switch|p1b: Regieleki|Regieleki|100\/100\n|switch|p2b: Arcanine|Arcanine, M|100\/100\n|-status|p1b: Regieleki|tox\n|-damage|p1b: Regieleki|88\/100 tox|[from] Spikes\n|-ability|p2b: Arcanine|Intimidate|boost\n|-unboost|p1a: Rillaboom|atk|1\n|-unboost|p1b: Regieleki|atk|1\n|turn|8\n|\n|t:|1697477895\n|-terastallize|p1a: Rillaboom|Water\n|move|p2a: Gliscor|Protect|p2a: Gliscor\n|-singleturn|p2a: Gliscor|Protect\n|move|p1b: Regieleki|Electroweb|p2b: Arcanine|[spread] p2b\n|-activate|p2a: Gliscor|move: Protect\n|-damage|p2b: Arcanine|89\/100\n|-unboost|p2b: Arcanine|spe|1\n|move|p1a: Rillaboom|Wood Hammer|p2a: Gliscor\n|-activate|p2a: Gliscor|move: Protect\n|move|p2b: Arcanine|Snarl|p1a: Rillaboom|[spread] p1a,p1b\n|-damage|p1a: Rillaboom|63\/100 tox\n|-damage|p1b: Regieleki|71\/100 tox\n|-unboost|p1a: Rillaboom|spa|1\n|-unboost|p1b: Regieleki|spa|1\n|\n|-heal|p1b: Regieleki|77\/100 tox|[from] Grassy Terrain\n|-heal|p1a: Rillaboom|69\/100 tox|[from] Grassy Terrain\n|-heal|p1a: Rillaboom|75\/100 tox|[from] item: Leftovers\n|-heal|p2b: Arcanine|95\/100|[from] Grassy Terrain\n|-heal|p2b: Arcanine|100\/100|[from] item: Leftovers\n|-damage|p1b: Regieleki|71\/100 tox|[from] psn\n|-damage|p1a: Rillaboom|57\/100 tox|[from] psn\n|-heal|p2a: Gliscor|33\/100 tox|[from] ability: Poison Heal\n|-sideend|p2: PJtheMagnificus|move: Light Screen\n|upkeep\n|turn|9\n|\n|t:|1697477931\n|move|p1b: Regieleki|Electroweb|p2a: Gliscor|[spread] p2b\n|-immune|p2a: Gliscor\n|-damage|p2b: Arcanine|89\/100\n|-unboost|p2b: Arcanine|spe|1\n|move|p1a: Rillaboom|Wood Hammer|p2a: Gliscor\n|-damage|p2a: Gliscor|12\/100 tox\n|-damage|p1a: Rillaboom|50\/100 tox|[from] Recoil\n|move|p2a: Gliscor|Knock Off|p1a: Rillaboom\n|-damage|p1a: Rillaboom|26\/100 tox\n|-enditem|p1a: Rillaboom|Leftovers|[from] move: Knock Off|[of] p2a: Gliscor\n|move|p2b: Arcanine|Snarl|p1a: Rillaboom|[spread] p1a,p1b\n|-damage|p1a: Rillaboom|17\/100 tox\n|-damage|p1b: Regieleki|51\/100 tox\n|-unboost|p1a: Rillaboom|spa|1\n|-unboost|p1b: Regieleki|spa|1\n|\n|-heal|p1b: Regieleki|57\/100 tox|[from] Grassy Terrain\n|-heal|p1a: Rillaboom|23\/100 tox|[from] Grassy Terrain\n|-heal|p2b: Arcanine|95\/100|[from] Grassy Terrain\n|-heal|p2b: Arcanine|100\/100|[from] item: Leftovers\n|-damage|p1b: Regieleki|45\/100 tox|[from] psn\n|-damage|p1a: Rillaboom|0 fnt|[from] psn\n|faint|p1a: Rillaboom\n|-heal|p2a: Gliscor|25\/100 tox|[from] ability: Poison Heal\n|-sideend|p2: PJtheMagnificus|Reflect\n|upkeep\n|turn|10\n|-message|Gouthir forfeited.\n|\n|win|PJtheMagnificus\n|raw|Gouthir's rating: 1127 &rarr; <strong>1097<\/strong><br \/>(-30 for losing)\n|raw|PJtheMagnificus's rating: 1051 &rarr; <strong>1090<\/strong><br \/>(+39 for winning)\n|l|\u2606Gouthir\n","uploadtime":1697478054,"views":12,"p1id":"gouthir","p2id":"pjthemagnificus","formatid":"gen9doublesou","rating":1090,"private":0,"password":""}