{"id":"gen9doublesou-1979302003","p1":"yante","p2":"fuori di voltorb","format":"[Gen 9] Doubles OU","log":"|j|\u2606yante\n|j|\u2606fuori di voltorb\n|t:|1698668659\n|gametype|doubles\n|player|p1|yante|170|1415\n|player|p2|fuori di voltorb|102|1342\n|teamsize|p1|6\n|teamsize|p2|6\n|gen|9\n|tier|[Gen 9] Doubles OU\n|rated|\n|rule|Species Clause: Limit one of each Pok\u00e9mon\n|rule|OHKO Clause: OHKO moves are banned\n|rule|Evasion Moves Clause: Evasion moves are banned\n|rule|Gravity Sleep Clause: The combination of sleep-inducing moves with imperfect accuracy and Gravity or Gigantamax Orbeetle are banned\n|rule|Endless Battle Clause: Forcing endless battles is banned\n|rule|HP Percentage Mod: HP is shown in percentages\n|clearpoke\n|poke|p1|Flutter Mane|\n|poke|p1|Chi-Yu|\n|poke|p1|Torkoal, M|\n|poke|p1|Iron Hands|\n|poke|p1|Lilligant-Hisui, F|\n|poke|p1|Ogerpon-Cornerstone, F|\n|poke|p2|Tyranitar, F|\n|poke|p2|Toxapex, F|\n|poke|p2|Corviknight, F|\n|poke|p2|Uxie|\n|poke|p2|Heatran, M|\n|poke|p2|Moltres-Galar|\n|teampreview\n|\n|t:|1698668677\n|start\n|switch|p1a: Torkoal|Torkoal, M|100\/100\n|switch|p1b: Flutter Mane|Flutter Mane|100\/100\n|switch|p2a: Moltres|Moltres-Galar|100\/100\n|switch|p2b: Toxapex|Toxapex, F|100\/100\n|-weather|SunnyDay|[from] ability: Drought|[of] p1a: Torkoal\n|-activate|p1b: Flutter Mane|ability: Protosynthesis\n|-start|p1b: Flutter Mane|protosynthesisspe\n|turn|1\n|inactive|Battle timer is ON: inactive players will automatically lose when time's up. (requested by yante)\n|\n|t:|1698668698\n|switch|p2b: Tyranitar|Tyranitar, F|100\/100\n|-weather|Sandstorm|[from] ability: Sand Stream|[of] p2b: Tyranitar\n|-end|p1b: Flutter Mane|Protosynthesis\n|switch|p1a: Chi-Yu|Chi-Yu|100\/100\n|-ability|p1a: Chi-Yu|Beads of Ruin\n|-terastallize|p2a: Moltres|Steel\n|move|p1b: Flutter Mane|Dazzling Gleam|p2b: Tyranitar|[spread] p2a,p2b\n|-resisted|p2a: Moltres\n|-supereffective|p2b: Tyranitar\n|-damage|p2a: Moltres|80\/100\n|-damage|p2b: Tyranitar|47\/100\n|-enditem|p2b: Tyranitar|Sitrus Berry|[eat]\n|-heal|p2b: Tyranitar|72\/100|[from] item: Sitrus Berry\n|-damage|p1b: Flutter Mane|91\/100|[from] item: Life Orb\n|move|p2a: Moltres|Fiery Wrath|p1a: Chi-Yu|[spread] p1a,p1b\n|-resisted|p1a: Chi-Yu\n|-damage|p1a: Chi-Yu|86\/100\n|-damage|p1b: Flutter Mane|53\/100\n|\n|-weather|Sandstorm|[upkeep]\n|-damage|p1a: Chi-Yu|80\/100|[from] Sandstorm\n|-damage|p1b: Flutter Mane|48\/100|[from] Sandstorm\n|upkeep\n|turn|2\n|inactive|fuori di voltorb has 120 seconds left.\n|\n|t:|1698668751\n|switch|p1a: Iron Hands|Iron Hands|100\/100\n|-end|p1b: Flutter Mane|Protosynthesis|[silent]\n|switch|p1b: Torkoal|Torkoal, M|100\/100\n|-weather|SunnyDay|[from] ability: Drought|[of] p1b: Torkoal\n|move|p2a: Moltres|Air Slash|p1b: Torkoal\n|-damage|p1b: Torkoal|65\/100\n|move|p2b: Tyranitar|Rock Slide|p1b: Torkoal|[spread] p1b\n|-miss|p2b: Tyranitar|p1a: Iron Hands\n|-supereffective|p1b: Torkoal\n|-damage|p1b: Torkoal|25\/100\n|\n|-weather|SunnyDay|[upkeep]\n|upkeep\n|turn|3\n|inactive|fuori di voltorb has 120 seconds left.\n|\n|t:|1698668776\n|switch|p2b: Toxapex|Toxapex, F|100\/100\n|switch|p1b: Ogerpon|Ogerpon-Cornerstone, F|100\/100\n|move|p2a: Moltres|Protect|p2a: Moltres\n|-singleturn|p2a: Moltres|Protect\n|move|p1a: Iron Hands|Fake Out|p2b: Toxapex\n|-damage|p2b: Toxapex|87\/100\n|\n|-weather|SunnyDay|[upkeep]\n|-heal|p2b: Toxapex|94\/100|[from] item: Leftovers\n|upkeep\n|turn|4\n|inactive|fuori di voltorb has 120 seconds left.\n|\n|t:|1698668805\n|move|p1b: Ogerpon|Encore|p2a: Moltres\n|-start|p2a: Moltres|Encore\n|move|p2a: Moltres|Protect|p2a: Moltres\n|-singleturn|p2a: Moltres|Protect\n|move|p1a: Iron Hands|Wild Charge|p2b: Toxapex\n|-supereffective|p2b: Toxapex\n|-damage|p2b: Toxapex|13\/100\n|-damage|p1a: Iron Hands|87\/100|[from] Recoil\n|move|p2b: Toxapex|Toxic Spikes|p1a: Iron Hands\n|-sidestart|p1: yante|move: Toxic Spikes\n|\n|-weather|SunnyDay|[upkeep]\n|-heal|p2b: Toxapex|19\/100|[from] item: Leftovers\n|upkeep\n|turn|5\n|inactive|fuori di voltorb has 120 seconds left.\n|\n|t:|1698668850\n|switch|p2a: Tyranitar|Tyranitar, F|72\/100\n|-weather|Sandstorm|[from] ability: Sand Stream|[of] p2a: Tyranitar\n|move|p1b: Ogerpon|Ivy Cudgel|p2b: Toxapex\n|-damage|p2b: Toxapex|0 fnt\n|faint|p2b: Toxapex\n|move|p1a: Iron Hands|Drain Punch|p2a: Tyranitar\n|-supereffective|p2a: Tyranitar\n|-damage|p2a: Tyranitar|0 fnt\n|-heal|p1a: Iron Hands|100\/100|[from] drain|[of] p2a: Tyranitar\n|faint|p2a: Tyranitar\n|\n|-weather|Sandstorm|[upkeep]\n|-damage|p1a: Iron Hands|94\/100|[from] Sandstorm\n|upkeep\n|inactive|fuori di voltorb has 90 seconds left.\n|\n|t:|1698668868\n|switch|p2a: Moltres|Moltres-Galar, tera:Steel|80\/100\n|switch|p2b: Uxie|Uxie|100\/100\n|turn|6\n|\n|t:|1698668894\n|move|p1b: Ogerpon|Ivy Cudgel|p2b: Uxie\n|-damage|p2b: Uxie|58\/100\n|move|p2b: Uxie|Mystical Power|p1a: Iron Hands\n|-supereffective|p1a: Iron Hands\n|-crit|p1a: Iron Hands\n|-damage|p1a: Iron Hands|60\/100\n|-boost|p2b: Uxie|spa|1\n|move|p2a: Moltres|Fiery Wrath|p1a: Iron Hands|[spread] p1a,p1b\n|-resisted|p1a: Iron Hands\n|-crit|p1a: Iron Hands\n|-damage|p1a: Iron Hands|50\/100\n|-damage|p1b: Ogerpon|82\/100\n|move|p1a: Iron Hands|Drain Punch|p2a: Moltres\n|-supereffective|p2a: Moltres\n|-damage|p2a: Moltres|5\/100\n|-heal|p1a: Iron Hands|77\/100|[from] drain|[of] p2a: Moltres\n|-ability|p2a: Moltres|Berserk|boost\n|-boost|p2a: Moltres|spa|1\n|-enditem|p2a: Moltres|Sitrus Berry|[eat]\n|-heal|p2a: Moltres|29\/100|[from] item: Sitrus Berry\n|\n|-weather|Sandstorm|[upkeep]\n|-damage|p2b: Uxie|52\/100|[from] Sandstorm\n|-damage|p1a: Iron Hands|71\/100|[from] Sandstorm\n|upkeep\n|turn|7\n|inactive|fuori di voltorb has 120 seconds left.\n|\n|t:|1698668916\n|move|p2a: Moltres|Protect|p2a: Moltres\n|-singleturn|p2a: Moltres|Protect\n|move|p1b: Ogerpon|Power Whip|p2b: Uxie\n|-damage|p2b: Uxie|5\/100\n|-enditem|p2b: Uxie|Sitrus Berry|[eat]\n|-heal|p2b: Uxie|30\/100|[from] item: Sitrus Berry\n|move|p2b: Uxie|Mystical Power|p1a: Iron Hands\n|-supereffective|p1a: Iron Hands\n|-damage|p1a: Iron Hands|38\/100\n|-boost|p2b: Uxie|spa|1\n|move|p1a: Iron Hands|Drain Punch|p2a: Moltres\n|-activate|p2a: Moltres|move: Protect\n|\n|-weather|Sandstorm|[upkeep]\n|-damage|p2b: Uxie|24\/100|[from] Sandstorm\n|-damage|p1a: Iron Hands|32\/100|[from] Sandstorm\n|upkeep\n|turn|8\n|inactive|fuori di voltorb has 120 seconds left.\n|\n|t:|1698668950\n|move|p2b: Uxie|Protect|p2b: Uxie\n|-singleturn|p2b: Uxie|Protect\n|move|p1b: Ogerpon|Ivy Cudgel|p2b: Uxie\n|-activate|p2b: Uxie|move: Protect\n|move|p2a: Moltres|Air Slash|p1a: Iron Hands\n|-damage|p1a: Iron Hands|11\/100\n|move|p1a: Iron Hands|Drain Punch|p2a: Moltres\n|-supereffective|p2a: Moltres\n|-damage|p2a: Moltres|0 fnt\n|-heal|p1a: Iron Hands|21\/100|[from] drain|[of] p2a: Moltres\n|faint|p2a: Moltres\n|\n|-weather|Sandstorm|[upkeep]\n|-damage|p2b: Uxie|18\/100|[from] Sandstorm\n|-damage|p1a: Iron Hands|15\/100|[from] Sandstorm\n|upkeep\n|\n|t:|1698668963\n|switch|p2a: Heatran|Heatran, M|100\/100\n|turn|9\n|inactive|fuori di voltorb has 120 seconds left.\n|\n|t:|1698668980\n|-end|p1a: Iron Hands|Quark Drive|[silent]\n|switch|p1a: Lilligant|Lilligant-Hisui, F|100\/100\n|-status|p1a: Lilligant|psn\n|move|p1b: Ogerpon|Ivy Cudgel|p2b: Uxie\n|-crit|p2b: Uxie\n|-damage|p2b: Uxie|0 fnt\n|faint|p2b: Uxie\n|move|p2a: Heatran|Flash Cannon|p1b: Ogerpon\n|-supereffective|p1b: Ogerpon\n|-damage|p1b: Ogerpon|26\/100\n|\n|-weather|none\n|-damage|p1a: Lilligant|88\/100 psn|[from] psn\n|upkeep\n|\n|t:|1698668989\n|switch|p2b: Corviknight|Corviknight, F|100\/100\n|turn|10\n|\n|t:|1698669003\n|move|p2a: Heatran|Protect|p2a: Heatran\n|-singleturn|p2a: Heatran|Protect\n|move|p1b: Ogerpon|Ivy Cudgel|p2a: Heatran\n|-activate|p2a: Heatran|move: Protect\n|move|p1a: Lilligant|Close Combat|p2a: Heatran\n|-activate|p2a: Heatran|move: Protect\n|move|p2b: Corviknight|Iron Head|p1b: Ogerpon\n|-supereffective|p1b: Ogerpon\n|-damage|p1b: Ogerpon|0 fnt\n|faint|p1b: Ogerpon\n|\n|-damage|p1a: Lilligant|76\/100 psn|[from] psn\n|upkeep\n|\n|t:|1698669023\n|switch|p1b: Chi-Yu|Chi-Yu|80\/100\n|-status|p1b: Chi-Yu|psn\n|-ability|p1b: Chi-Yu|Beads of Ruin\n|turn|11\n|\n|t:|1698669041\n|move|p1b: Chi-Yu|Fire Blast|p2b: Corviknight\n|-supereffective|p2b: Corviknight\n|-damage|p2b: Corviknight|0 fnt\n|faint|p2b: Corviknight\n|move|p1a: Lilligant|Close Combat|p2a: Heatran\n|-supereffective|p2a: Heatran\n|-damage|p2a: Heatran|3\/100\n|-unboost|p1a: Lilligant|def|1\n|-unboost|p1a: Lilligant|spd|1\n|-enditem|p2a: Heatran|Sitrus Berry|[eat]\n|-heal|p2a: Heatran|28\/100|[from] item: Sitrus Berry\n|move|p2a: Heatran|Magma Storm|p1a: Lilligant\n|-supereffective|p1a: Lilligant\n|-damage|p1a: Lilligant|0 fnt\n|faint|p1a: Lilligant\n|\n|-damage|p1b: Chi-Yu|68\/100 psn|[from] psn\n|upkeep\n|inactive|yante has 120 seconds left.\n|\n|t:|1698669062\n|switch|p1a: Torkoal|Torkoal, M|25\/100\n|-status|p1a: Torkoal|psn\n|-weather|SunnyDay|[from] ability: Drought|[of] p1a: Torkoal\n|turn|12\n|\n|t:|1698669075\n|switch|p1b: Flutter Mane|Flutter Mane|48\/100\n|-status|p1b: Flutter Mane|psn\n|-activate|p1b: Flutter Mane|ability: Protosynthesis\n|-start|p1b: Flutter Mane|protosynthesisspe\n|move|p2a: Heatran|Earth Power|p1a: Torkoal\n|-supereffective|p1a: Torkoal\n|-damage|p1a: Torkoal|0 fnt\n|faint|p1a: Torkoal\n|\n|-weather|SunnyDay|[upkeep]\n|-damage|p1b: Flutter Mane|35\/100 psn|[from] psn\n|upkeep\n|\n|t:|1698669086\n|switch|p1a: Iron Hands|Iron Hands|15\/100\n|-status|p1a: Iron Hands|psn\n|turn|13\n|\n|t:|1698669093\n|move|p2a: Heatran|Protect|p2a: Heatran\n|-singleturn|p2a: Heatran|Protect\n|move|p1a: Iron Hands|Fake Out|p2a: Heatran\n|-activate|p2a: Heatran|move: Protect\n|move|p1b: Flutter Mane|Shadow Ball|p2a: Heatran\n|-activate|p2a: Heatran|move: Protect\n|\n|-weather|SunnyDay|[upkeep]\n|-damage|p1b: Flutter Mane|23\/100 psn|[from] psn\n|-damage|p1a: Iron Hands|3\/100 psn|[from] psn\n|upkeep\n|turn|14\n|\n|t:|1698669107\n|move|p1b: Flutter Mane|Shadow Ball|p2a: Heatran\n|-damage|p2a: Heatran|0 fnt\n|faint|p2a: Heatran\n|-damage|p1b: Flutter Mane|13\/100 psn|[from] item: Life Orb\n|\n|win|yante\n|raw|yante's rating: 1415 &rarr; <strong>1431<\/strong><br \/>(+16 for winning)\n|raw|fuori di voltorb's rating: 1342 &rarr; <strong>1326<\/strong><br \/>(-16 for losing)\n|c|\u2606yante|gg\n|l|\u2606fuori di voltorb\n","uploadtime":1698669117,"views":31,"p1id":"yante","p2id":"fuoridivoltorb","formatid":"gen9doublesou","rating":1326,"private":0,"password":""}