{"id":"gen9doublesou-1992708437","p1":"cotesmcgotes","p2":"ichoosenamerandomy","format":"[Gen 9] Doubles OU","log":"|j|\u2606cotesmcgotes\n|j|\u2606ichoosenamerandomy\n|t:|1700227687\n|gametype|doubles\n|player|p1|cotesmcgotes|flannery|1239\n|player|p2|ichoosenamerandomy|2|1216\n|teamsize|p1|6\n|teamsize|p2|6\n|gen|9\n|tier|[Gen 9] Doubles OU\n|rated|\n|rule|Species Clause: Limit one of each Pok\u00e9mon\n|rule|OHKO Clause: OHKO moves are banned\n|rule|Evasion Moves Clause: Evasion moves are banned\n|rule|Gravity Sleep Clause: The combination of sleep-inducing moves with imperfect accuracy and Gravity or Gigantamax Orbeetle are banned\n|rule|Endless Battle Clause: Forcing endless battles is banned\n|rule|HP Percentage Mod: HP is shown in percentages\n|clearpoke\n|poke|p1|Cresselia, F|\n|poke|p1|Overqwil, F|\n|poke|p1|Tornadus, M|\n|poke|p1|Palafin, M|\n|poke|p1|Amoonguss, M|\n|poke|p1|Diancie|\n|poke|p2|Roaring Moon|\n|poke|p2|Torkoal, F|\n|poke|p2|Flutter Mane|\n|poke|p2|Great Tusk|\n|poke|p2|Arcanine, F|\n|poke|p2|Sinistcha-Masterpiece|\n|teampreview\n|inactive|Battle timer is ON: inactive players will automatically lose when time's up. (requested by cotesmcgotes)\n|\n|t:|1700227696\n|start\n|switch|p1a: Tornadus|Tornadus, M, shiny|100\/100\n|switch|p1b: Palafin|Palafin, M|100\/100\n|switch|p2a: Roaring Moon|Roaring Moon|100\/100\n|switch|p2b: Torkoal|Torkoal, F|100\/100\n|-weather|SunnyDay|[from] ability: Drought|[of] p2b: Torkoal\n|-activate|p2a: Roaring Moon|ability: Protosynthesis\n|-start|p2a: Roaring Moon|protosynthesisatk\n|turn|1\n|\n|t:|1700227709\n|move|p1a: Tornadus|Rain Dance|p1a: Tornadus\n|-weather|RainDance\n|-end|p2a: Roaring Moon|Protosynthesis\n|move|p1b: Palafin|Flip Turn|p2b: Torkoal\n|-supereffective|p2b: Torkoal\n|-damage|p2b: Torkoal|50\/100\n|\n|t:|1700227718\n|detailschange|p1b: Palafin|Palafin-Hero, M\n|switch|p1b: Diancie|Diancie, shiny|100\/100|[from] Flip Turn\n|move|p2a: Roaring Moon|Tailwind|p2a: Roaring Moon\n|-sidestart|p2: ichoosenamerandomy|move: Tailwind\n|move|p2b: Torkoal|Eruption|p1b: Diancie|[spread] p1a,p1b\n|-resisted|p1b: Diancie\n|-damage|p1a: Tornadus|91\/100\n|-damage|p1b: Diancie|97\/100\n|\n|-weather|RainDance|[upkeep]\n|upkeep\n|turn|2\n|inactive|ichoosenamerandomy has 120 seconds left.\n|\n|t:|1700227763\n|-end|p2a: Roaring Moon|Protosynthesis|[silent]\n|switch|p2a: Great Tusk|Great Tusk|100\/100\n|switch|p2b: Sinistcha|Sinistcha-Masterpiece|100\/100\n|move|p1a: Tornadus|Tailwind|p1a: Tornadus\n|-sidestart|p1: cotesmcgotes|move: Tailwind\n|move|p1b: Diancie|Diamond Storm|p2b: Sinistcha|[spread] p2a,p2b\n|-resisted|p2a: Great Tusk\n|-damage|p2a: Great Tusk|94\/100\n|-damage|p2b: Sinistcha|66\/100\n|\n|-weather|RainDance|[upkeep]\n|upkeep\n|turn|3\n|inactive|ichoosenamerandomy has 120 seconds left.\n|\n|t:|1700227791\n|switch|p1b: Cresselia|Cresselia, F, shiny|100\/100\n|move|p2a: Great Tusk|Knock Off|p1a: Tornadus\n|-damage|p1a: Tornadus|51\/100\n|-enditem|p1a: Tornadus|Damp Rock|[from] move: Knock Off|[of] p2a: Great Tusk\n|move|p1a: Tornadus|Bleakwind Storm|p2a: Great Tusk|[spread] p2a,p2b\n|-supereffective|p2a: Great Tusk\n|-supereffective|p2b: Sinistcha\n|-damage|p2a: Great Tusk|39\/100\n|-damage|p2b: Sinistcha|8\/100\n|-enditem|p2b: Sinistcha|Sitrus Berry|[eat]\n|-heal|p2b: Sinistcha|33\/100|[from] item: Sitrus Berry\n|move|p2b: Sinistcha|Matcha Gotcha|p1b: Cresselia|[spread] p1a,p1b\n|-resisted|p1a: Tornadus\n|-damage|p1a: Tornadus|41\/100\n|-heal|p2b: Sinistcha|38\/100|[from] drain|[of] p1a: Tornadus\n|-damage|p1b: Cresselia|85\/100\n|-heal|p2b: Sinistcha|48\/100|[from] drain|[of] p1b: Cresselia\n|-status|p1a: Tornadus|brn\n|\n|-weather|RainDance|[upkeep]\n|-heal|p1b: Cresselia|91\/100|[from] item: Leftovers\n|-damage|p1a: Tornadus|35\/100 brn|[from] brn\n|upkeep\n|turn|4\n|inactive|ichoosenamerandomy has 120 seconds left.\n|inactive|cotesmcgotes has 120 seconds left.\n|\n|t:|1700227826\n|switch|p1a: Overqwil|Overqwil, F|100\/100\n|move|p2b: Sinistcha|Rage Powder|p2b: Sinistcha\n|-singleturn|p2b: Sinistcha|move: Rage Powder\n|move|p2a: Great Tusk|Knock Off|p1b: Cresselia\n|-supereffective|p1b: Cresselia\n|-damage|p1b: Cresselia|44\/100\n|-enditem|p1b: Cresselia|Leftovers|[from] move: Knock Off|[of] p2a: Great Tusk\n|move|p1b: Cresselia|Moonblast|p2b: Sinistcha\n|-damage|p2b: Sinistcha|27\/100\n|\n|-weather|RainDance|[upkeep]\n|-sideend|p2: ichoosenamerandomy|move: Tailwind\n|upkeep\n|turn|5\n|inactive|ichoosenamerandomy has 120 seconds left.\n|\n|t:|1700227843\n|-terastallize|p1b: Cresselia|Electric\n|move|p2b: Sinistcha|Rage Powder|p2b: Sinistcha\n|-singleturn|p2b: Sinistcha|move: Rage Powder\n|move|p1a: Overqwil|Acupressure|p1b: Cresselia\n|-boost|p1b: Cresselia|accuracy|2\n|move|p1b: Cresselia|Lunar Blessing|p1b: Cresselia|[spread] p1a,p1b\n|-heal|p1b: Cresselia|69\/100\n|move|p2a: Great Tusk|Headlong Rush|p1a: Overqwil\n|-supereffective|p1a: Overqwil\n|-damage|p1a: Overqwil|0 fnt\n|-unboost|p2a: Great Tusk|def|1\n|-unboost|p2a: Great Tusk|spd|1\n|faint|p1a: Overqwil\n|\n|-weather|RainDance|[upkeep]\n|-sideend|p1: cotesmcgotes|move: Tailwind\n|upkeep\n|\n|t:|1700227855\n|switch|p1a: Tornadus|Tornadus, M, shiny|35\/100 brn\n|turn|6\n|inactive|ichoosenamerandomy has 120 seconds left.\n|\n|t:|1700227876\n|move|p2b: Sinistcha|Rage Powder|p2b: Sinistcha\n|-singleturn|p2b: Sinistcha|move: Rage Powder\n|move|p1a: Tornadus|Tailwind|p1a: Tornadus\n|-sidestart|p1: cotesmcgotes|move: Tailwind\n|move|p1b: Cresselia|Calm Mind|p1b: Cresselia\n|-boost|p1b: Cresselia|spa|1\n|-boost|p1b: Cresselia|spd|1\n|move|p2a: Great Tusk|Close Combat|p1b: Cresselia\n|-damage|p1b: Cresselia|31\/100\n|-unboost|p2a: Great Tusk|def|1\n|-unboost|p2a: Great Tusk|spd|1\n|\n|-weather|RainDance|[upkeep]\n|-damage|p1a: Tornadus|29\/100 brn|[from] brn\n|upkeep\n|turn|7\n|\n|t:|1700227899\n|move|p2b: Sinistcha|Rage Powder|p2b: Sinistcha\n|-singleturn|p2b: Sinistcha|move: Rage Powder\n|move|p1a: Tornadus|Bleakwind Storm|p2a: Great Tusk|[spread] p2a,p2b\n|-supereffective|p2a: Great Tusk\n|-supereffective|p2b: Sinistcha\n|-damage|p2a: Great Tusk|0 fnt\n|-damage|p2b: Sinistcha|0 fnt\n|faint|p2a: Great Tusk\n|-end|p2a: Great Tusk|Protosynthesis|[silent]\n|faint|p2b: Sinistcha\n|move|p1b: Cresselia|Stored Power|p2: Great Tusk|[notarget]\n|-fail|p1b: Cresselia\n|\n|-weather|RainDance|[upkeep]\n|-damage|p1a: Tornadus|23\/100 brn|[from] brn\n|upkeep\n|inactive|ichoosenamerandomy has 120 seconds left.\n|\n|t:|1700227912\n|switch|p2a: Flutter Mane|Flutter Mane, shiny|100\/100\n|switch|p2b: Torkoal|Torkoal, F|50\/100\n|-weather|SunnyDay|[from] ability: Drought|[of] p2b: Torkoal\n|-activate|p2a: Flutter Mane|ability: Protosynthesis\n|-start|p2a: Flutter Mane|protosynthesisspa\n|turn|8\n|\n|t:|1700227922\n|-terastallize|p2a: Flutter Mane|Fairy\n|move|p2b: Torkoal|Helping Hand|p2a: Flutter Mane\n|-singleturn|p2a: Flutter Mane|Helping Hand|[of] p2b: Torkoal\n|move|p1a: Tornadus|Rain Dance|p1a: Tornadus\n|-weather|RainDance\n|-end|p2a: Flutter Mane|Protosynthesis\n|move|p1b: Cresselia|Lunar Blessing|p1b: Cresselia|[spread] p1a,p1b\n|-heal|p1a: Tornadus|47\/100 brn\n|-curestatus|p1a: Tornadus|brn|[msg]\n|-heal|p1b: Cresselia|56\/100\n|move|p2a: Flutter Mane|Dazzling Gleam|p1b: Cresselia|[spread] p1a,p1b\n|-damage|p1a: Tornadus|0 fnt\n|-damage|p1b: Cresselia|24\/100\n|faint|p1a: Tornadus\n|\n|-weather|RainDance|[upkeep]\n|upkeep\n|\n|t:|1700227937\n|switch|p1a: Palafin|Palafin-Hero, M|100\/100\n|-activate|p1a: Palafin|ability: Zero to Hero\n|turn|9\n|\n|t:|1700227947\n|switch|p2b: Roaring Moon|Roaring Moon|100\/100\n|move|p2a: Flutter Mane|Protect|p2a: Flutter Mane\n|-singleturn|p2a: Flutter Mane|Protect\n|move|p1a: Palafin|Jet Punch|p2b: Roaring Moon\n|-resisted|p2b: Roaring Moon\n|-damage|p2b: Roaring Moon|76\/100\n|move|p1b: Cresselia|Lunar Blessing|p1b: Cresselia|[spread] p1a,p1b\n|-heal|p1b: Cresselia|49\/100\n|\n|-weather|RainDance|[upkeep]\n|-sideend|p1: cotesmcgotes|move: Tailwind\n|upkeep\n|turn|10\n|\n|t:|1700227971\n|move|p1a: Palafin|Jet Punch|p2a: Flutter Mane\n|-enditem|p2a: Flutter Mane|Focus Sash\n|-damage|p2a: Flutter Mane|1\/100\n|move|p2a: Flutter Mane|Dazzling Gleam|p1b: Cresselia|[spread] p1a,p1b\n|-damage|p1a: Palafin|65\/100\n|-damage|p1b: Cresselia|29\/100\n|move|p2b: Roaring Moon|Tailwind|p2b: Roaring Moon\n|-sidestart|p2: ichoosenamerandomy|move: Tailwind\n|move|p1b: Cresselia|Moonblast|p2b: Roaring Moon\n|-supereffective|p2b: Roaring Moon\n|-damage|p2b: Roaring Moon|0 fnt\n|faint|p2b: Roaring Moon\n|-end|p2b: Roaring Moon|Protosynthesis|[silent]\n|\n|-weather|RainDance|[upkeep]\n|upkeep\n|\n|t:|1700227983\n|switch|p2b: Torkoal|Torkoal, F|50\/100\n|-weather|SunnyDay|[from] ability: Drought|[of] p2b: Torkoal\n|-activate|p2a: Flutter Mane|ability: Protosynthesis\n|-start|p2a: Flutter Mane|protosynthesisspa\n|turn|11\n|\n|t:|1700228008\n|move|p2b: Torkoal|Helping Hand|p2a: Flutter Mane\n|-singleturn|p2a: Flutter Mane|Helping Hand|[of] p2b: Torkoal\n|move|p1a: Palafin|Jet Punch|p2a: Flutter Mane\n|-damage|p2a: Flutter Mane|0 fnt\n|faint|p2a: Flutter Mane\n|-end|p2a: Flutter Mane|Protosynthesis|[silent]\n|move|p1b: Cresselia|Stored Power|p2b: Torkoal\n|-damage|p2b: Torkoal|0 fnt\n|faint|p2b: Torkoal\n|\n|-weather|SunnyDay|[upkeep]\n|upkeep\n|\n|t:|1700228021\n|switch|p2a: Arcanine|Arcanine, F|100\/100\n|-ability|p2a: Arcanine|Intimidate|boost\n|-unboost|p1a: Palafin|atk|1\n|-unboost|p1b: Cresselia|atk|1\n|turn|12\n|\n|t:|1700228038\n|switch|p1a: Diancie|Diancie, shiny|97\/100\n|move|p2a: Arcanine|Will-O-Wisp|p1a: Diancie\n|-status|p1a: Diancie|brn\n|move|p1b: Cresselia|Stored Power|p2a: Arcanine\n|-damage|p2a: Arcanine|41\/100\n|\n|-weather|SunnyDay|[upkeep]\n|-damage|p1a: Diancie|91\/100 brn|[from] brn\n|upkeep\n|turn|13\n|\n|t:|1700228050\n|move|p2a: Arcanine|Flare Blitz|p1b: Cresselia\n|-damage|p1b: Cresselia|0 fnt\n|faint|p1b: Cresselia\n|-damage|p2a: Arcanine|30\/100|[from] Recoil\n|move|p1a: Diancie|Diamond Storm|p2a: Arcanine\n|-supereffective|p2a: Arcanine\n|-damage|p2a: Arcanine|0 fnt\n|faint|p2a: Arcanine\n|\n|win|cotesmcgotes\n|raw|cotesmcgotes's rating: 1239 &rarr; <strong>1262<\/strong><br \/>(+23 for winning)\n|raw|ichoosenamerandomy's rating: 1216 &rarr; <strong>1193<\/strong><br \/>(-23 for losing)\n","uploadtime":1700228059,"views":5,"p1id":"cotesmcgotes","p2id":"ichoosenamerandomy","formatid":"gen9doublesou","rating":1193,"private":0,"password":""}