{"id":"gen9doublesou-1999559307","p1":"Crocky17","p2":"methbaby86","format":"[Gen 9] Doubles OU","log":"|j|\u2606Crocky17\n|j|\u2606methbaby86\n|t:|1701096101\n|gametype|doubles\n|player|p1|Crocky17|gardenia|1149\n|player|p2|methbaby86|102|1117\n|teamsize|p1|6\n|teamsize|p2|6\n|gen|9\n|tier|[Gen 9] Doubles OU\n|rated|\n|rule|Species Clause: Limit one of each Pok\u00e9mon\n|rule|OHKO Clause: OHKO moves are banned\n|rule|Evasion Moves Clause: Evasion moves are banned\n|rule|Gravity Sleep Clause: The combination of sleep-inducing moves with imperfect accuracy and Gravity or Gigantamax Orbeetle are banned\n|rule|Endless Battle Clause: Forcing endless battles is banned\n|rule|HP Percentage Mod: HP is shown in percentages\n|clearpoke\n|poke|p1|Pelipper, M|\n|poke|p1|Chien-Pao|\n|poke|p1|Farigiraf, M|\n|poke|p1|Ursaluna, M|\n|poke|p1|Amoonguss, M|\n|poke|p1|Basculegion-F, F|\n|poke|p2|Electrode-Hisui|\n|poke|p2|Pelipper, F|\n|poke|p2|Gastrodon-East, M|\n|poke|p2|Iron Bundle|\n|poke|p2|Muk-Alola, M|\n|poke|p2|Landorus, M|\n|teampreview\n|inactive|Battle timer is ON: inactive players will automatically lose when time's up. (requested by Crocky17)\n|\n|t:|1701096110\n|start\n|switch|p1a: Farigiraf|Farigiraf, M|100\/100\n|switch|p1b: Amoonguss|Amoonguss, M|100\/100\n|switch|p2a: Electrode|Electrode-Hisui|100\/100\n|switch|p2b: Iron Bundle|Iron Bundle|100\/100\n|-enditem|p2b: Iron Bundle|Booster Energy\n|-activate|p2b: Iron Bundle|ability: Quark Drive|[fromitem]\n|-start|p2b: Iron Bundle|quarkdrivespe\n|turn|1\n|\n|t:|1701096125\n|move|p1b: Amoonguss|Protect|p1b: Amoonguss\n|-singleturn|p1b: Amoonguss|Protect\n|move|p2b: Iron Bundle|U-turn|p1a: Farigiraf\n|-supereffective|p1a: Farigiraf\n|-damage|p1a: Farigiraf|75\/100\n|\n|t:|1701096133\n|-end|p2b: Iron Bundle|Quark Drive|[silent]\n|switch|p2b: Landorus|Landorus, M|100\/100|[from] U-turn\n|move|p2a: Electrode|Volt Switch|p1a: Farigiraf\n|-damage|p1a: Farigiraf|44\/100\n|\n|t:|1701096141\n|switch|p2a: Pelipper|Pelipper, F|100\/100|[from] Volt Switch\n|-weather|RainDance|[from] ability: Drizzle|[of] p2a: Pelipper\n|move|p1a: Farigiraf|Trick Room|p1a: Farigiraf\n|-fieldstart|move: Trick Room|[of] p1a: Farigiraf\n|\n|-weather|RainDance|[upkeep]\n|-heal|p1a: Farigiraf|50\/100|[from] item: Leftovers\n|upkeep\n|turn|2\n|\n|t:|1701096156\n|move|p1a: Farigiraf|Ally Switch|p1a: Farigiraf\n|swap|p1a: Farigiraf|1|[from] move: Ally Switch\n|move|p1a: Amoonguss|Spore|p2b: Landorus\n|-status|p2b: Landorus|slp|[from] move: Spore\n|move|p2a: Pelipper|Hurricane|p1b: Farigiraf\n|-damage|p1b: Farigiraf|12\/100\n|cant|p2b: Landorus|slp\n|\n|-weather|RainDance|[upkeep]\n|-heal|p1b: Farigiraf|18\/100|[from] item: Leftovers\n|upkeep\n|turn|3\n|\n|t:|1701096172\n|switch|p1b: Ursaluna|Ursaluna, M|100\/100\n|move|p1a: Amoonguss|Spore|p2a: Pelipper\n|-status|p2a: Pelipper|slp|[from] move: Spore\n|cant|p2a: Pelipper|slp\n|-curestatus|p2b: Landorus|slp|[msg]\n|move|p2b: Landorus|Sandsear Storm|p1b: Ursaluna|[spread] p1a,p1b\n|-damage|p1a: Amoonguss|70\/100\n|-damage|p1b: Ursaluna|58\/100\n|\n|-weather|RainDance|[upkeep]\n|-status|p1b: Ursaluna|brn|[from] item: Flame Orb\n|upkeep\n|turn|4\n|\n|t:|1701096197\n|move|p1a: Amoonguss|Pollen Puff|p1b: Ursaluna\n|-heal|p1b: Ursaluna|100\/100 brn\n|move|p1b: Ursaluna|Facade|p2b: Landorus\n|-damage|p2b: Landorus|0 fnt\n|faint|p2b: Landorus\n|cant|p2a: Pelipper|slp\n|\n|-weather|RainDance|[upkeep]\n|-damage|p1b: Ursaluna|94\/100 brn|[from] brn\n|upkeep\n|\n|t:|1701096211\n|switch|p2b: Iron Bundle|Iron Bundle|100\/100\n|turn|5\n|\n|t:|1701096218\n|-end|p2b: Iron Bundle|Quark Drive|[silent]\n|switch|p2b: Muk|Muk-Alola, M|100\/100\n|-curestatus|p2a: Pelipper|slp|[msg]\n|move|p2a: Pelipper|Protect|p2a: Pelipper\n|-singleturn|p2a: Pelipper|Protect\n|move|p1a: Amoonguss|Spore|p2b: Muk\n|-status|p2b: Muk|slp|[from] move: Spore\n|move|p1b: Ursaluna|Facade|p2a: Pelipper\n|-activate|p2a: Pelipper|move: Protect\n|\n|-weather|none\n|-damage|p1b: Ursaluna|88\/100 brn|[from] brn\n|-fieldend|move: Trick Room\n|upkeep\n|turn|6\n|c|\u2606methbaby86|nah bro ur mad lame\n|c|\u2606Crocky17|hoes mad\n|inactive|Crocky17 has 120 seconds left.\n|\n|t:|1701096251\n|switch|p1b: Farigiraf|Farigiraf, M|18\/100\n|switch|p2b: Gastrodon|Gastrodon-East, M|100\/100\n|move|p2a: Pelipper|Surf|p1a: Amoonguss|[spread] p1a,p1b\n|-ability|p2b: Gastrodon|Storm Drain|boost\n|-boost|p2b: Gastrodon|spa|1\n|-resisted|p1a: Amoonguss\n|-damage|p1a: Amoonguss|63\/100\n|-damage|p1b: Farigiraf|0 fnt\n|faint|p1b: Farigiraf\n|-enditem|p1a: Amoonguss|Eject Button\n|inactive|Crocky17 has 120 seconds left.\n|\n|t:|1701096263\n|switch|p1a: Chien-Pao|Chien-Pao|100\/100\n|-ability|p1a: Chien-Pao|Sword of Ruin\n|\n|upkeep\n|c|\u2606methbaby86|ong\n|c|\u2606methbaby86|shits lame\n|\n|t:|1701096273\n|switch|p1b: Basculegion|Basculegion-F, F|100\/100\n|turn|7\n|inactive|Crocky17 has 120 seconds left.\n|\n|t:|1701096306\n|switch|p2a: Muk|Muk-Alola, M|100\/100 slp\n|move|p1a: Chien-Pao|Throat Chop|p2b: Gastrodon\n|-damage|p2b: Gastrodon|41\/100\n|-start|p2b: Gastrodon|Throat Chop|[silent]\n|move|p1b: Basculegion|Last Respects|p2b: Gastrodon\n|-damage|p2b: Gastrodon|0 fnt\n|faint|p2b: Gastrodon\n|\n|upkeep\n|c|\u2606Crocky17|LOL\n|inactive|methbaby86 has 120 seconds left.\n|\n|t:|1701096316\n|switch|p2b: Pelipper|Pelipper, F|100\/100\n|-weather|RainDance|[from] ability: Drizzle|[of] p2b: Pelipper\n|turn|8\n|\n|t:|1701096324\n|move|p2b: Pelipper|Protect|p2b: Pelipper\n|-singleturn|p2b: Pelipper|Protect\n|move|p1a: Chien-Pao|Throat Chop|p2b: Pelipper\n|-activate|p2b: Pelipper|move: Protect\n|move|p1b: Basculegion|Last Respects|p2b: Pelipper\n|-activate|p2b: Pelipper|move: Protect\n|cant|p2a: Muk|slp\n|\n|-weather|RainDance|[upkeep]\n|upkeep\n|turn|9\n|\n|t:|1701096339\n|move|p1a: Chien-Pao|Throat Chop|p2b: Pelipper\n|-crit|p2b: Pelipper\n|-damage|p2b: Pelipper|44\/100\n|-start|p2b: Pelipper|Throat Chop|[silent]\n|move|p1b: Basculegion|Last Respects|p2b: Pelipper\n|-damage|p2b: Pelipper|0 fnt\n|faint|p2b: Pelipper\n|cant|p2a: Muk|slp\n|\n|-weather|RainDance|[upkeep]\n|upkeep\n|\n|t:|1701096350\n|switch|p2b: Electrode|Electrode-Hisui|100\/100\n|turn|10\n|\n|t:|1701096359\n|switch|p1b: Ursaluna|Ursaluna, M|88\/100 brn\n|move|p2b: Electrode|Thunder|p1b: Ursaluna\n|-immune|p1b: Ursaluna\n|move|p1a: Chien-Pao|Ice Spinner|p2b: Electrode\n|-supereffective|p2b: Electrode\n|-damage|p2b: Electrode|0 fnt\n|-damage|p1a: Chien-Pao|76\/100|[from] ability: Aftermath|[of] p2b: Electrode\n|faint|p2b: Electrode\n|cant|p2a: Muk|slp\n|\n|-weather|RainDance|[upkeep]\n|-damage|p1b: Ursaluna|82\/100 brn|[from] brn\n|upkeep\n|c|\u2606Crocky17|LMAO\n|c|\u2606Crocky17|bro keeps misplaying\n|c|\u2606methbaby86|nah 4 turns is crazy\n|\n|t:|1701096387\n|switch|p2b: Iron Bundle|Iron Bundle|100\/100\n|turn|11\n|\n|t:|1701096401\n|move|p1a: Chien-Pao|Sucker Punch|p2b: Iron Bundle\n|-damage|p2b: Iron Bundle|44\/100\n|move|p2b: Iron Bundle|Ice Beam|p1b: Ursaluna\n|-supereffective|p1b: Ursaluna\n|-damage|p1b: Ursaluna|2\/100 brn\n|move|p1b: Ursaluna|Earthquake|p2b: Iron Bundle|[spread] p1a,p2a,p2b\n|-supereffective|p2a: Muk\n|-damage|p1a: Chien-Pao|0 fnt\n|-damage|p2a: Muk|0 fnt\n|-damage|p2b: Iron Bundle|0 fnt\n|faint|p1a: Chien-Pao\n|faint|p2a: Muk\n|faint|p2b: Iron Bundle\n|-end|p2b: Iron Bundle|Quark Drive|[silent]\n|\n|win|Crocky17\n|raw|Crocky17's rating: 1179 &rarr; <strong>1200<\/strong><br \/>(+21 for winning)\n|raw|methbaby86's rating: 1117 &rarr; <strong>1096<\/strong><br \/>(-21 for losing)\n|c|\u2606Crocky17|LMFAO\n","uploadtime":1701096417,"views":12,"p1id":"crocky17","p2id":"methbaby86","formatid":"gen9doublesou","rating":1096,"private":0,"password":""}