{"id":"gen9doublesou-1992318228","p1":"Metal Jester","p2":"HeavenlyAxis","format":"[Gen 9] Doubles OU","log":"|j|\u2606Metal Jester\n|j|\u2606HeavenlyAxis\n|t:|1700174149\n|gametype|doubles\n|player|p1|Metal Jester|ingo|1333\n|player|p2|HeavenlyAxis|swimmerf-gen6|1438\n|teamsize|p1|6\n|teamsize|p2|6\n|gen|9\n|tier|[Gen 9] Doubles OU\n|rated|\n|rule|Species Clause: Limit one of each Pok\u00e9mon\n|rule|OHKO Clause: OHKO moves are banned\n|rule|Evasion Moves Clause: Evasion moves are banned\n|rule|Gravity Sleep Clause: The combination of sleep-inducing moves with imperfect accuracy and Gravity or Gigantamax Orbeetle are banned\n|rule|Endless Battle Clause: Forcing endless battles is banned\n|rule|HP Percentage Mod: HP is shown in percentages\n|clearpoke\n|poke|p1|Scizor, M|\n|poke|p1|Scyther, M|\n|poke|p1|Kleavor, M|\n|poke|p1|Vivillon-Fancy, F|\n|poke|p1|Great Tusk|\n|poke|p1|Barraskewda, M|\n|poke|p2|Espeon, F|\n|poke|p2|Empoleon, M|\n|poke|p2|Gothitelle, M|\n|poke|p2|Kingambit, F|\n|poke|p2|Ribombee, F|\n|poke|p2|Zapdos-Galar|\n|teampreview\n|inactive|Battle timer is ON: inactive players will automatically lose when time's up. (requested by HeavenlyAxis)\n|\n|t:|1700174159\n|start\n|switch|p1a: Scyther|Scyther, M|100\/100\n|switch|p1b: Vivillon|Vivillon-Fancy, F|100\/100\n|switch|p2a: Ribombee|Ribombee, F, shiny|100\/100\n|switch|p2b: Espeon|Espeon, F, shiny|100\/100\n|turn|1\n|\n|t:|1700174169\n|move|p2b: Espeon|Skill Swap|p1b: Vivillon\n|-activate|p2b: Espeon|move: Skill Swap|Compound Eyes|Magic Bounce|[of] p1b: Vivillon\n|move|p2a: Ribombee|Sticky Web|p1a: Scyther\n|move|p1b: Vivillon|Sticky Web|p2a: Ribombee|[from]ability: Magic Bounce\n|-sidestart|p2: HeavenlyAxis|move: Sticky Web\n|move|p1a: Scyther|Tailwind|p1a: Scyther\n|-sidestart|p1: Metal Jester|move: Tailwind\n|move|p1b: Vivillon|Sleep Powder|p2b: Espeon\n|-status|p2b: Espeon|slp|[from] move: Sleep Powder\n|\n|upkeep\n|turn|2\n|\n|t:|1700174188\n|move|p1a: Scyther|Dual Wingbeat|p2a: Ribombee\n|-supereffective|p2a: Ribombee\n|-damage|p2a: Ribombee|26\/100\n|-supereffective|p2a: Ribombee\n|-damage|p2a: Ribombee|0 fnt\n|faint|p2a: Ribombee\n|-hitcount|p2: Ribombee|2\n|move|p1b: Vivillon|Quiver Dance|p1b: Vivillon\n|-boost|p1b: Vivillon|spa|1\n|-boost|p1b: Vivillon|spd|1\n|-boost|p1b: Vivillon|spe|1\n|cant|p2b: Espeon|slp\n|\n|upkeep\n|\n|t:|1700174200\n|switch|p2a: Kingambit|Kingambit, F, shiny|100\/100\n|-activate|p2a: Kingambit|move: Sticky Web\n|-unboost|p2a: Kingambit|spe|1\n|-ability|p2a: Kingambit|Defiant|boost\n|-boost|p2a: Kingambit|atk|2\n|turn|3\n|\n|t:|1700174217\n|-terastallize|p1a: Scyther|Fighting\n|move|p2a: Kingambit|Sucker Punch|p1a: Scyther\n|-resisted|p1a: Scyther\n|-damage|p1a: Scyther|50\/100\n|move|p1b: Vivillon|Sleep Powder|p2a: Kingambit\n|-status|p2a: Kingambit|slp|[from] move: Sleep Powder\n|move|p1a: Scyther|Close Combat|p2a: Kingambit\n|-supereffective|p2a: Kingambit\n|-damage|p2a: Kingambit|0 fnt\n|-unboost|p1a: Scyther|def|1\n|-unboost|p1a: Scyther|spd|1\n|faint|p2a: Kingambit\n|cant|p2b: Espeon|slp\n|\n|upkeep\n|\n|t:|1700174221\n|switch|p2a: Gothitelle|Gothitelle, M, shiny|100\/100\n|-activate|p2a: Gothitelle|move: Sticky Web\n|-unboost|p2a: Gothitelle|spe|1\n|-ability|p2a: Gothitelle|Competitive|boost\n|-boost|p2a: Gothitelle|spa|2\n|turn|4\n|\n|t:|1700174241\n|move|p1b: Vivillon|Sleep Powder|p2a: Gothitelle|[miss]\n|-miss|p1b: Vivillon|p2a: Gothitelle\n|move|p1a: Scyther|Dual Wingbeat|p2b: Espeon\n|-damage|p2b: Espeon|58\/100 slp\n|-damage|p2b: Espeon|12\/100 slp\n|-hitcount|p2b: Espeon|2\n|-curestatus|p2b: Espeon|slp|[msg]\n|move|p2b: Espeon|Light Screen|p2b: Espeon\n|-sidestart|p2: HeavenlyAxis|move: Light Screen\n|move|p2a: Gothitelle|Trick Room|p2a: Gothitelle\n|-fieldstart|move: Trick Room|[of] p2a: Gothitelle\n|\n|-sideend|p1: Metal Jester|move: Tailwind\n|upkeep\n|turn|5\n|\n|t:|1700174254\n|move|p1a: Scyther|Protect|p1a: Scyther\n|-singleturn|p1a: Scyther|Protect\n|move|p2a: Gothitelle|Psychic|p1a: Scyther\n|-activate|p1a: Scyther|move: Protect\n|move|p2b: Espeon|Reflect|p2b: Espeon\n|-sidestart|p2: HeavenlyAxis|Reflect\n|move|p1b: Vivillon|Sleep Powder|p2a: Gothitelle\n|-status|p2a: Gothitelle|slp|[from] move: Sleep Powder\n|\n|upkeep\n|turn|6\n|\n|t:|1700174274\n|cant|p2a: Gothitelle|slp\n|move|p1a: Scyther|Dual Wingbeat|p2b: Espeon|[miss]\n|-miss|p1a: Scyther|p2b: Espeon\n|move|p2b: Espeon|Skill Swap|p1a: Scyther\n|-activate|p2b: Espeon|move: Skill Swap|Technician|Compound Eyes|[of] p1a: Scyther\n|move|p1b: Vivillon|Quiver Dance|p1b: Vivillon\n|-boost|p1b: Vivillon|spa|1\n|-boost|p1b: Vivillon|spd|1\n|-boost|p1b: Vivillon|spe|1\n|\n|upkeep\n|turn|7\n|\n|t:|1700174295\n|cant|p2a: Gothitelle|slp\n|move|p1a: Scyther|Dual Wingbeat|p2b: Espeon\n|-damage|p2b: Espeon|0 fnt\n|faint|p2b: Espeon\n|-hitcount|p2: Espeon|1\n|move|p1b: Vivillon|Pollen Puff|p2a: Gothitelle\n|-supereffective|p2a: Gothitelle\n|-damage|p2a: Gothitelle|18\/100 slp\n|\n|upkeep\n|\n|t:|1700174305\n|switch|p2b: Zapdos|Zapdos-Galar|100\/100\n|-activate|p2b: Zapdos|move: Sticky Web\n|-unboost|p2b: Zapdos|spe|1\n|-ability|p2b: Zapdos|Defiant|boost\n|-boost|p2b: Zapdos|atk|2\n|turn|8\n|\n|t:|1700174314\n|move|p2b: Zapdos|Brave Bird|p1b: Vivillon\n|-supereffective|p1b: Vivillon\n|-damage|p1b: Vivillon|0 fnt\n|faint|p1b: Vivillon\n|-damage|p2b: Zapdos|75\/100|[from] Recoil\n|-curestatus|p2a: Gothitelle|slp|[msg]\n|move|p2a: Gothitelle|Psychic|p1a: Scyther\n|-supereffective|p1a: Scyther\n|-damage|p1a: Scyther|0 fnt\n|faint|p1a: Scyther\n|\n|-sideend|p2: HeavenlyAxis|move: Light Screen\n|-fieldend|move: Trick Room\n|upkeep\n|\n|t:|1700174339\n|switch|p1a: Scizor|Scizor, M|100\/100\n|switch|p1b: Barraskewda|Barraskewda, M, shiny|100\/100\n|turn|9\n|\n|t:|1700174358\n|move|p1a: Scizor|Bullet Punch|p2a: Gothitelle\n|-damage|p2a: Gothitelle|0 fnt\n|faint|p2a: Gothitelle\n|-damage|p1a: Scizor|91\/100|[from] item: Life Orb\n|move|p1b: Barraskewda|Waterfall|p2b: Zapdos\n|-damage|p2b: Zapdos|35\/100\n|move|p2b: Zapdos|Thunderous Kick|p1a: Scizor\n|-damage|p1a: Scizor|0 fnt\n|faint|p1a: Scizor\n|\n|-sideend|p2: HeavenlyAxis|Reflect\n|upkeep\n|\n|t:|1700174370\n|switch|p1a: Great Tusk|Great Tusk|100\/100\n|switch|p2a: Empoleon|Empoleon, M, shiny|100\/100\n|-activate|p2a: Empoleon|move: Sticky Web\n|-unboost|p2a: Empoleon|spe|1\n|-ability|p2a: Empoleon|Competitive|boost\n|-boost|p2a: Empoleon|spa|2\n|-enditem|p1a: Great Tusk|Booster Energy\n|-activate|p1a: Great Tusk|ability: Protosynthesis|[fromitem]\n|-start|p1a: Great Tusk|protosynthesisatk\n|turn|10\n|\n|t:|1700174380\n|move|p2b: Zapdos|Detect|p2b: Zapdos\n|-singleturn|p2b: Zapdos|Protect\n|move|p1b: Barraskewda|Waterfall|p2b: Zapdos\n|-activate|p2b: Zapdos|move: Protect\n|move|p1a: Great Tusk|Headlong Rush|p2a: Empoleon\n|-supereffective|p2a: Empoleon\n|-damage|p2a: Empoleon|0 fnt\n|-unboost|p1a: Great Tusk|def|1\n|-unboost|p1a: Great Tusk|spd|1\n|faint|p2a: Empoleon\n|\n|upkeep\n|turn|11\n|-message|HeavenlyAxis forfeited.\n|\n|win|Metal Jester\n|raw|Metal Jester's rating: 1333 &rarr; <strong>1359<\/strong><br \/>(+26 for winning)\n|raw|HeavenlyAxis's rating: 1438 &rarr; <strong>1412<\/strong><br \/>(-26 for losing)\n|l|\u2606HeavenlyAxis\n","uploadtime":1700174399,"views":21,"p1id":"metaljester","p2id":"heavenlyaxis","formatid":"gen9doublesou","rating":1359,"private":0,"password":""}