{"id":"gen9doublesou-1977052617","p1":"Rae_2nd","p2":"MajicMark","format":"[Gen 9] Doubles OU","log":"|j|\u2606Rae_2nd\n|j|\u2606MajicMark\n|t:|1698366195\n|gametype|doubles\n|player|p1|Rae_2nd|veteranf|1177\n|player|p2|MajicMark|1|1127\n|teamsize|p1|6\n|teamsize|p2|6\n|gen|9\n|tier|[Gen 9] Doubles OU\n|rated|\n|rule|Species Clause: Limit one of each Pok\u00e9mon\n|rule|OHKO Clause: OHKO moves are banned\n|rule|Evasion Moves Clause: Evasion moves are banned\n|rule|Gravity Sleep Clause: The combination of sleep-inducing moves with imperfect accuracy and Gravity or Gigantamax Orbeetle are banned\n|rule|Endless Battle Clause: Forcing endless battles is banned\n|rule|HP Percentage Mod: HP is shown in percentages\n|clearpoke\n|poke|p1|Volcarona, F|\n|poke|p1|Indeedee-F, F|\n|poke|p1|Kingambit, M|\n|poke|p1|Tornadus, M|\n|poke|p1|Glimmora, F|\n|poke|p1|Sinistcha|\n|poke|p2|Fezandipiti, M|\n|poke|p2|Torterra, M|\n|poke|p2|Flutter Mane|\n|poke|p2|Ursaluna-Bloodmoon, M|\n|poke|p2|Cresselia, F|\n|poke|p2|Armarouge, M|\n|teampreview\n|inactive|Battle timer is ON: inactive players will automatically lose when time's up. (requested by Rae_2nd)\n|\n|t:|1698366212\n|start\n|switch|p1a: Volcarona|Volcarona, F|100\/100\n|switch|p1b: Indeedee|Indeedee-F, F|100\/100\n|switch|p2a: Dezanfipiti|Fezandipiti, M|100\/100\n|switch|p2b: Mr. Continental|Torterra, M|100\/100\n|-fieldstart|move: Psychic Terrain|[from] ability: Psychic Surge|[of] p1b: Indeedee\n|turn|1\n|inactive|MajicMark has 120 seconds left.\n|inactive|MajicMark has 90 seconds left.\n|\n|t:|1698366286\n|-terastallize|p1a: Volcarona|Ground\n|-terastallize|p2b: Mr. Continental|Fire\n|move|p1b: Indeedee|Follow Me|p1b: Indeedee\n|-singleturn|p1b: Indeedee|move: Follow Me\n|move|p2a: Dezanfipiti|Icy Wind|p1a: Volcarona|[spread] p1a,p1b\n|-supereffective|p1a: Volcarona\n|-damage|p1a: Volcarona|86\/100\n|-damage|p1b: Indeedee|92\/100\n|-unboost|p1a: Volcarona|spe|1\n|-unboost|p1b: Indeedee|spe|1\n|move|p2b: Mr. Continental|Shell Smash|p2b: Mr. Continental\n|-unboost|p2b: Mr. Continental|def|1\n|-unboost|p2b: Mr. Continental|spd|1\n|-boost|p2b: Mr. Continental|atk|2\n|-boost|p2b: Mr. Continental|spa|2\n|-boost|p2b: Mr. Continental|spe|2\n|move|p1a: Volcarona|Quiver Dance|p1a: Volcarona\n|-boost|p1a: Volcarona|spa|1\n|-boost|p1a: Volcarona|spd|1\n|-boost|p1a: Volcarona|spe|1\n|\n|upkeep\n|turn|2\n|inactive|MajicMark has 90 seconds left.\n|\n|t:|1698366313\n|move|p1b: Indeedee|Follow Me|p1b: Indeedee\n|-singleturn|p1b: Indeedee|move: Follow Me\n|move|p2b: Mr. Continental|Bullet Seed|p1b: Indeedee\n|-damage|p1b: Indeedee|57\/100\n|-damage|p1b: Indeedee|18\/100\n|-enditem|p1b: Indeedee|Aguav Berry|[eat]\n|-heal|p1b: Indeedee|52\/100|[from] item: Aguav Berry\n|-damage|p1b: Indeedee|17\/100\n|-damage|p1b: Indeedee|0 fnt\n|faint|p1b: Indeedee\n|-hitcount|p1: Indeedee|4\n|move|p2a: Dezanfipiti|Icy Wind|p1a: Volcarona\n|-supereffective|p1a: Volcarona\n|-damage|p1a: Volcarona|72\/100\n|-unboost|p1a: Volcarona|spe|1\n|move|p1a: Volcarona|Tera Blast|p2b: Mr. Continental|[anim] Tera Blast Ground\n|-supereffective|p2b: Mr. Continental\n|-damage|p2b: Mr. Continental|0 fnt\n|faint|p2b: Mr. Continental\n|\n|upkeep\n|inactive|MajicMark has 90 seconds left.\n|\n|t:|1698366335\n|switch|p1b: Tornadus|Tornadus, M|100\/100\n|switch|p2b: GuggitaGuggita|Armarouge, M|100\/100\n|turn|3\n|\n|t:|1698366345\n|move|p1b: Tornadus|Tailwind|p1b: Tornadus\n|-sidestart|p1: Rae_2nd|move: Tailwind\n|move|p1a: Volcarona|Quiver Dance|p1a: Volcarona\n|-boost|p1a: Volcarona|spa|1\n|-boost|p1a: Volcarona|spd|1\n|-boost|p1a: Volcarona|spe|1\n|move|p2a: Dezanfipiti|Icy Wind|p1a: Volcarona|[spread] p1a,p1b\n|-supereffective|p1a: Volcarona\n|-supereffective|p1b: Tornadus\n|-damage|p1a: Volcarona|65\/100\n|-damage|p1b: Tornadus|83\/100\n|-unboost|p1a: Volcarona|spe|1\n|-unboost|p1b: Tornadus|spe|1\n|-status|p1a: Volcarona|tox|[from] ability: Toxic Chain|[of] p2a: Dezanfipiti\n|move|p2b: GuggitaGuggita|Energy Ball|p1a: Volcarona\n|-supereffective|p1a: Volcarona\n|-damage|p1a: Volcarona|27\/100 tox\n|\n|-damage|p1a: Volcarona|21\/100 tox|[from] psn\n|upkeep\n|turn|4\n|inactive|MajicMark has 120 seconds left.\n|inactive|MajicMark has 90 seconds left.\n|\n|t:|1698366386\n|switch|p2a: booga wooga|Flutter Mane|100\/100\n|switch|p2b: MOONMAN|Cresselia, F, shiny|100\/100\n|move|p1b: Tornadus|Knock Off|p2b: MOONMAN\n|-supereffective|p2b: MOONMAN\n|-damage|p2b: MOONMAN|71\/100\n|-enditem|p2b: MOONMAN|Mental Herb|[from] move: Knock Off|[of] p1b: Tornadus\n|move|p1a: Volcarona|Tera Blast|p2b: MOONMAN|[anim] Tera Blast Ground\n|-immune|p2b: MOONMAN|[from] ability: Levitate\n|\n|-damage|p1a: Volcarona|9\/100 tox|[from] psn\n|upkeep\n|turn|5\n|\n|t:|1698366412\n|switch|p2b: Fazbear|Ursaluna-Bloodmoon, M|100\/100\n|move|p2a: booga wooga|Thunderbolt|p1b: Tornadus\n|-supereffective|p1b: Tornadus\n|-damage|p1b: Tornadus|0 fnt\n|faint|p1b: Tornadus\n|move|p1a: Volcarona|Fiery Dance|p2a: booga wooga\n|-damage|p2a: booga wooga|30\/100\n|\n|-damage|p1a: Volcarona|0 fnt|[from] psn\n|faint|p1a: Volcarona\n|-fieldend|move: Psychic Terrain\n|upkeep\n|inactive|Rae_2nd has 120 seconds left.\n|\n|t:|1698366425\n|switch|p1b: Sinistcha|Sinistcha|100\/100\n|switch|p1a: Glimmora|Glimmora, F|100\/100\n|turn|6\n|inactive|MajicMark has 120 seconds left.\n|\n|t:|1698366449\n|switch|p2b: GuggitaGuggita|Armarouge, M|100\/100\n|move|p1b: Sinistcha|Strength Sap|p2b: GuggitaGuggita\n|-unboost|p2b: GuggitaGuggita|atk|1\n|move|p1a: Glimmora|Mortal Spin|p2b: GuggitaGuggita|[spread] p2a,p2b\n|-damage|p2a: booga wooga|19\/100\n|-damage|p2b: GuggitaGuggita|95\/100\n|-status|p2a: booga wooga|psn\n|-status|p2b: GuggitaGuggita|psn\n|-ability|p2b: GuggitaGuggita|Weak Armor|boost\n|-unboost|p2b: GuggitaGuggita|def|1\n|-boost|p2b: GuggitaGuggita|spe|2\n|move|p2a: booga wooga|Thunderbolt|p1a: Glimmora\n|-damage|p1a: Glimmora|53\/100\n|\n|-damage|p2b: GuggitaGuggita|82\/100 psn|[from] psn\n|-damage|p2a: booga wooga|7\/100 psn|[from] psn\n|-sideend|p1: Rae_2nd|move: Tailwind\n|upkeep\n|turn|7\n|inactive|MajicMark has 120 seconds left.\n|\n|t:|1698366476\n|switch|p2b: Fazbear|Ursaluna-Bloodmoon, M|100\/100\n|-end|p2a: booga wooga|Protosynthesis|[silent]\n|switch|p2a: Dezanfipiti|Fezandipiti, M|100\/100\n|move|p1a: Glimmora|Spiky Shield|p1a: Glimmora\n|-singleturn|p1a: Glimmora|move: Protect\n|move|p1b: Sinistcha|Matcha Gotcha|p2b: Fazbear|[spread] p2a,p2b\n|-resisted|p2a: Dezanfipiti\n|-supereffective|p2b: Fazbear\n|-damage|p2a: Dezanfipiti|92\/100\n|-damage|p2b: Fazbear|57\/100\n|-status|p2b: Fazbear|brn\n|\n|-heal|p2b: Fazbear|63\/100 brn|[from] item: Leftovers\n|-damage|p2b: Fazbear|57\/100 brn|[from] brn\n|upkeep\n|turn|8\n|inactive|MajicMark has 120 seconds left.\n|inactive|MajicMark has 90 seconds left.\n|\n|t:|1698366516\n|move|p2a: Dezanfipiti|Icy Wind|p1b: Sinistcha|[spread] p1a,p1b\n|-supereffective|p1b: Sinistcha\n|-damage|p1a: Glimmora|45\/100\n|-damage|p1b: Sinistcha|81\/100\n|-unboost|p1a: Glimmora|spe|1\n|-unboost|p1b: Sinistcha|spe|1\n|move|p1b: Sinistcha|Strength Sap|p2b: Fazbear\n|-unboost|p2b: Fazbear|atk|1\n|-heal|p1b: Sinistcha|100\/100\n|move|p1a: Glimmora|Stealth Rock|p2b: Fazbear\n|-sidestart|p2: MajicMark|move: Stealth Rock\n|move|p2b: Fazbear|Earth Power|p1a: Glimmora\n|-supereffective|p1a: Glimmora\n|-damage|p1a: Glimmora|0 fnt\n|faint|p1a: Glimmora\n|\n|-heal|p2b: Fazbear|63\/100 brn|[from] item: Leftovers\n|-damage|p2b: Fazbear|57\/100 brn|[from] brn\n|upkeep\n|inactive|Rae_2nd has 120 seconds left.\n|\n|t:|1698366532\n|switch|p1a: Kingambit|Kingambit, M|100\/100\n|-activate|p1a: Kingambit|ability: Supreme Overlord\n|-start|p1a: Kingambit|fallen4|[silent]\n|turn|9\n|\n|t:|1698366561\n|move|p2b: Fazbear|Protect|p2b: Fazbear\n|-singleturn|p2b: Fazbear|Protect\n|move|p1a: Kingambit|Zen Headbutt|p2a: Dezanfipiti\n|-supereffective|p2a: Dezanfipiti\n|-damage|p2a: Dezanfipiti|0 fnt\n|faint|p2a: Dezanfipiti\n|move|p1b: Sinistcha|Nasty Plot|p1b: Sinistcha\n|-boost|p1b: Sinistcha|spa|2\n|\n|-heal|p2b: Fazbear|63\/100 brn|[from] item: Leftovers\n|-damage|p2b: Fazbear|57\/100 brn|[from] brn\n|upkeep\n|inactive|MajicMark has 90 seconds left.\n|\n|t:|1698366572\n|switch|p2a: GuggitaGuggita|Armarouge, M|82\/100 psn\n|-damage|p2a: GuggitaGuggita|58\/100 psn|[from] Stealth Rock\n|turn|10\n|\n|t:|1698366594\n|move|p1a: Kingambit|Zen Headbutt|p2a: GuggitaGuggita\n|-resisted|p2a: GuggitaGuggita\n|-damage|p2a: GuggitaGuggita|36\/100 psn\n|-ability|p2a: GuggitaGuggita|Weak Armor|boost\n|-unboost|p2a: GuggitaGuggita|def|1\n|-boost|p2a: GuggitaGuggita|spe|2\n|move|p2a: GuggitaGuggita|Aura Sphere|p1a: Kingambit\n|-supereffective|p1a: Kingambit\n|-damage|p1a: Kingambit|0 fnt\n|faint|p1a: Kingambit\n|-end|p1a: Kingambit|fallen4|[silent]\n|move|p1b: Sinistcha|Matcha Gotcha|p2a: GuggitaGuggita|[spread] p2a\n|-miss|p1b: Sinistcha|p2b: Fazbear\n|-resisted|p2a: GuggitaGuggita\n|-damage|p2a: GuggitaGuggita|3\/100 psn\n|move|p2b: Fazbear|Earth Power|p1b: Sinistcha\n|-resisted|p1b: Sinistcha\n|-damage|p1b: Sinistcha|75\/100\n|\n|-heal|p1b: Sinistcha|81\/100|[from] item: Leftovers\n|-heal|p2b: Fazbear|63\/100 brn|[from] item: Leftovers\n|-damage|p2a: GuggitaGuggita|0 fnt|[from] psn\n|faint|p2a: GuggitaGuggita\n|-damage|p2b: Fazbear|57\/100 brn|[from] brn\n|upkeep\n|inactive|MajicMark has 90 seconds left.\n|\n|t:|1698366617\n|switch|p2a: booga wooga|Flutter Mane|7\/100 psn\n|-damage|p2a: booga wooga|0 fnt|[from] Stealth Rock\n|faint|p2a: booga wooga\n|-end|p2a: booga wooga|Protosynthesis|[silent]\n|\n|t:|1698366622\n|switch|p2a: MOONMAN|Cresselia, F, shiny|71\/100\n|-damage|p2a: MOONMAN|58\/100|[from] Stealth Rock\n|turn|11\n|\n|t:|1698366636\n|move|p1b: Sinistcha|Nasty Plot|p1b: Sinistcha\n|-boost|p1b: Sinistcha|spa|2\n|move|p2b: Fazbear|Hyper Voice|p1b: Sinistcha\n|-damage|p1b: Sinistcha|25\/100\n|move|p2a: MOONMAN|Trick Room|p2a: MOONMAN\n|-fieldstart|move: Trick Room|[of] p2a: MOONMAN\n|\n|-heal|p2b: Fazbear|63\/100 brn|[from] item: Leftovers\n|-heal|p1b: Sinistcha|31\/100|[from] item: Leftovers\n|-damage|p2b: Fazbear|57\/100 brn|[from] brn\n|upkeep\n|turn|12\n|\n|t:|1698366649\n|move|p2b: Fazbear|Hyper Voice|p1b: Sinistcha\n|-damage|p1b: Sinistcha|0 fnt\n|faint|p1b: Sinistcha\n|\n|win|MajicMark\n|raw|Rae_2nd's rating: 1177 &rarr; <strong>1148<\/strong><br \/>(-29 for losing)\n|raw|MajicMark's rating: 1127 &rarr; <strong>1156<\/strong><br \/>(+29 for winning)\n|c|\u2606MajicMark|gg\n|c|\u2606Rae_2nd|gg\n","uploadtime":1698366660,"views":19,"p1id":"rae2nd","p2id":"majicmark","formatid":"gen9doublesou","rating":1148,"private":0,"password":""}