{"id":"gen9doublesou-1976361738","p1":"EkCantDrawLol","p2":"hayniu","format":"[Gen 9] Doubles OU","log":"|j|\u2606EkCantDrawLol\n|j|\u2606hayniu\n|t:|1698291286\n|gametype|doubles\n|player|p1|EkCantDrawLol|skierf|1573\n|player|p2|hayniu|266|1549\n|teamsize|p1|6\n|teamsize|p2|6\n|gen|9\n|tier|[Gen 9] Doubles OU\n|rated|\n|rule|Species Clause: Limit one of each Pok\u00e9mon\n|rule|OHKO Clause: OHKO moves are banned\n|rule|Evasion Moves Clause: Evasion moves are banned\n|rule|Gravity Sleep Clause: The combination of sleep-inducing moves with imperfect accuracy and Gravity or Gigantamax Orbeetle are banned\n|rule|Endless Battle Clause: Forcing endless battles is banned\n|rule|HP Percentage Mod: HP is shown in percentages\n|clearpoke\n|poke|p1|Kommo-o, F|\n|poke|p1|Tyranitar, M|\n|poke|p1|Flutter Mane|\n|poke|p1|Tornadus, M|\n|poke|p1|Amoonguss, F|\n|poke|p1|Ursaluna, F|\n|poke|p2|Shiftry, M|\n|poke|p2|Tornadus, M|\n|poke|p2|Torkoal, M|\n|poke|p2|Indeedee-F, F|\n|poke|p2|Ursaluna-Bloodmoon, M|\n|poke|p2|Chi-Yu|\n|teampreview\n|\n|t:|1698291337\n|start\n|switch|p1a: Ursaluna|Ursaluna, F, shiny|100\/100\n|switch|p1b: Tornadus|Tornadus, M, shiny|100\/100\n|switch|p2a: Indeedee|Indeedee-F, F|100\/100\n|switch|p2b: Tornadus|Tornadus, M|100\/100\n|-fieldstart|move: Psychic Terrain|[from] ability: Psychic Surge|[of] p2a: Indeedee\n|turn|1\n|inactive|Battle timer is ON: inactive players will automatically lose when time's up. (requested by EkCantDrawLol)\n|\n|t:|1698291370\n|move|p1b: Tornadus|Protect|p1b: Tornadus\n|-singleturn|p1b: Tornadus|Protect\n|move|p2b: Tornadus|Bleakwind Storm|p1b: Tornadus|[spread] p1a\n|-activate|p1b: Tornadus|move: Protect\n|-crit|p1a: Ursaluna\n|-damage|p1a: Ursaluna|49\/100\n|-unboost|p1a: Ursaluna|spe|1\n|move|p2a: Indeedee|Psychic|p1a: Ursaluna\n|-damage|p1a: Ursaluna|6\/100\n|-unboost|p1a: Ursaluna|spd|1\n|move|p1a: Ursaluna|Yawn|p2b: Tornadus\n|-start|p2b: Tornadus|move: Yawn|[of] p1a: Ursaluna\n|\n|-status|p1a: Ursaluna|brn|[from] item: Flame Orb\n|upkeep\n|turn|2\n|\n|t:|1698291386\n|switch|p2b: Shiftry|Shiftry, M, shiny|100\/100\n|move|p1a: Ursaluna|Protect|p1a: Ursaluna\n|-singleturn|p1a: Ursaluna|Protect\n|move|p1b: Tornadus|Bleakwind Storm|p2b: Shiftry|[spread] \n|-ability|p2b: Shiftry|Wind Rider|boost\n|-boost|p2b: Shiftry|atk|1\n|-miss|p1b: Tornadus|p2a: Indeedee\n|move|p2a: Indeedee|Psychic|p1a: Ursaluna\n|-activate|p1a: Ursaluna|move: Protect\n|\n|-damage|p1a: Ursaluna|0 fnt|[from] brn\n|faint|p1a: Ursaluna\n|upkeep\n|\n|t:|1698291399\n|switch|p1a: Flutter Mane|Flutter Mane, shiny|100\/100\n|-enditem|p1a: Flutter Mane|Booster Energy\n|-activate|p1a: Flutter Mane|ability: Protosynthesis|[fromitem]\n|-start|p1a: Flutter Mane|protosynthesisspe\n|turn|3\n|\n|t:|1698291409\n|switch|p2b: Torkoal|Torkoal, M|100\/100\n|-weather|SunnyDay|[from] ability: Drought|[of] p2b: Torkoal\n|move|p1b: Tornadus|Tailwind|p1b: Tornadus\n|-sidestart|p1: EkCantDrawLol|move: Tailwind\n|move|p1a: Flutter Mane|Moonblast|p2b: Torkoal\n|-resisted|p2b: Torkoal\n|-damage|p2b: Torkoal|61\/100\n|-unboost|p2b: Torkoal|spa|1\n|move|p2a: Indeedee|Trick Room|p2a: Indeedee\n|-fieldstart|move: Trick Room|[of] p2a: Indeedee\n|\n|-weather|SunnyDay|[upkeep]\n|upkeep\n|turn|4\n|\n|t:|1698291424\n|switch|p2b: Shiftry|Shiftry, M, shiny|100\/100\n|move|p2a: Indeedee|Psychic|p1a: Flutter Mane\n|-damage|p1a: Flutter Mane|51\/100\n|move|p1b: Tornadus|Bleakwind Storm|p2a: Indeedee|[spread] p2a\n|-ability|p2b: Shiftry|Wind Rider|boost\n|-boost|p2b: Shiftry|atk|1\n|-damage|p2a: Indeedee|69\/100\n|-unboost|p2a: Indeedee|spe|1\n|move|p1a: Flutter Mane|Shadow Ball|p2b: Shiftry\n|-resisted|p2b: Shiftry\n|-damage|p2b: Shiftry|69\/100\n|\n|-weather|SunnyDay|[upkeep]\n|upkeep\n|turn|5\n|\n|t:|1698291441\n|switch|p1b: Amoonguss|Amoonguss, F, shiny|100\/100\n|move|p1a: Flutter Mane|Protect|p1a: Flutter Mane\n|-singleturn|p1a: Flutter Mane|Protect\n|move|p2a: Indeedee|Psychic|p1a: Flutter Mane\n|-activate|p1a: Flutter Mane|move: Protect\n|move|p2b: Shiftry|Rock Slide|p1a: Flutter Mane|[spread] p1b\n|-activate|p1a: Flutter Mane|move: Protect\n|-damage|p1b: Amoonguss|80\/100\n|\n|-weather|SunnyDay|[upkeep]\n|-fieldend|move: Psychic Terrain\n|upkeep\n|turn|6\n|\n|t:|1698291466\n|-end|p1a: Flutter Mane|Protosynthesis|[silent]\n|switch|p1a: Tyranitar|Tyranitar, M, shiny|100\/100\n|-weather|Sandstorm|[from] ability: Sand Stream|[of] p1a: Tyranitar\n|move|p2a: Indeedee|Psychic|p1b: Amoonguss\n|-supereffective|p1b: Amoonguss\n|-damage|p1b: Amoonguss|7\/100\n|move|p1b: Amoonguss|Pollen Puff|p2b: Shiftry\n|-supereffective|p2b: Shiftry\n|-damage|p2b: Shiftry|0 fnt\n|faint|p2b: Shiftry\n|\n|-weather|Sandstorm|[upkeep]\n|-damage|p2a: Indeedee|63\/100|[from] Sandstorm\n|-damage|p1b: Amoonguss|0 fnt|[from] Sandstorm\n|faint|p1b: Amoonguss\n|-sideend|p1: EkCantDrawLol|move: Tailwind\n|upkeep\n|\n|t:|1698291481\n|switch|p1b: Tornadus|Tornadus, M, shiny|100\/100\n|switch|p2b: Ursaluna|Ursaluna-Bloodmoon, M|100\/100\n|turn|7\n|\n|t:|1698291496\n|switch|p2a: Torkoal|Torkoal, M|61\/100\n|-weather|SunnyDay|[from] ability: Drought|[of] p2a: Torkoal\n|move|p1b: Tornadus|Protect|p1b: Tornadus\n|-singleturn|p1b: Tornadus|Protect\n|move|p1a: Tyranitar|Protect|p1a: Tyranitar\n|-singleturn|p1a: Tyranitar|Protect\n|move|p2b: Ursaluna|Earth Power|p1a: Tyranitar\n|-activate|p1a: Tyranitar|move: Protect\n|\n|-weather|SunnyDay|[upkeep]\n|-fieldend|move: Trick Room\n|upkeep\n|turn|8\n|\n|t:|1698291520\n|-terastallize|p1a: Tyranitar|Flying\n|move|p1b: Tornadus|Bleakwind Storm|p2a: Torkoal|[spread] p2a,p2b\n|-damage|p2a: Torkoal|8\/100\n|-damage|p2b: Ursaluna|47\/100\n|move|p1a: Tyranitar|Rock Slide|p2a: Torkoal|[spread] p2a,p2b\n|-supereffective|p2a: Torkoal\n|-resisted|p2b: Ursaluna\n|-damage|p2a: Torkoal|0 fnt\n|-damage|p2b: Ursaluna|38\/100\n|faint|p2a: Torkoal\n|cant|p2b: Ursaluna|flinch\n|\n|-weather|SunnyDay|[upkeep]\n|upkeep\n|\n|t:|1698291524\n|switch|p2a: Indeedee|Indeedee-F, F|63\/100\n|-fieldstart|move: Psychic Terrain|[from] ability: Psychic Surge|[of] p2a: Indeedee\n|turn|9\n|\n|t:|1698291534\n|move|p1b: Tornadus|Bleakwind Storm|p2b: Ursaluna|[spread] p2a,p2b\n|-damage|p2a: Indeedee|31\/100\n|-damage|p2b: Ursaluna|0 fnt\n|-unboost|p2a: Indeedee|spe|1\n|faint|p2b: Ursaluna\n|move|p1a: Tyranitar|Rock Slide|p2a: Indeedee\n|-damage|p2a: Indeedee|0 fnt\n|faint|p2a: Indeedee\n|\n|-weather|SunnyDay|[upkeep]\n|upkeep\n|\n|t:|1698291537\n|switch|p2a: Tornadus|Tornadus, M|100\/100\n|switch|p2b: Chi-Yu|Chi-Yu|100\/100\n|-ability|p2b: Chi-Yu|Beads of Ruin\n|turn|10\n|\n|t:|1698291551\n|move|p1b: Tornadus|Tailwind|p1b: Tornadus\n|-sidestart|p1: EkCantDrawLol|move: Tailwind\n|move|p2a: Tornadus|Tailwind|p2a: Tornadus\n|-sidestart|p2: hayniu|move: Tailwind\n|move|p2b: Chi-Yu|Heat Wave|p1b: Tornadus|[spread] p1a,p1b\n|-damage|p1a: Tyranitar|29\/100\n|-damage|p1b: Tornadus|0 fnt\n|faint|p1b: Tornadus\n|move|p1a: Tyranitar|Rock Slide|p2a: Tornadus|[spread] p2a,p2b\n|-supereffective|p2a: Tornadus\n|-supereffective|p2b: Chi-Yu\n|-damage|p2a: Tornadus|24\/100\n|-damage|p2b: Chi-Yu|9\/100\n|\n|-weather|SunnyDay|[upkeep]\n|upkeep\n|\n|t:|1698291558\n|switch|p1b: Flutter Mane|Flutter Mane, shiny|51\/100\n|-activate|p1b: Flutter Mane|ability: Protosynthesis\n|-start|p1b: Flutter Mane|protosynthesisspe\n|turn|11\n|\n|t:|1698291565\n|move|p1b: Flutter Mane|Icy Wind|p2b: Chi-Yu|[spread] p2a,p2b\n|-supereffective|p2a: Tornadus\n|-resisted|p2b: Chi-Yu\n|-crit|p2b: Chi-Yu\n|-damage|p2a: Tornadus|0 fnt\n|-damage|p2b: Chi-Yu|0 fnt\n|faint|p2a: Tornadus\n|faint|p2b: Chi-Yu\n|\n|win|EkCantDrawLol\n|raw|EkCantDrawLol's rating: 1573 &rarr; <strong>1592<\/strong><br \/>(+19 for winning)\n|raw|hayniu's rating: 1549 &rarr; <strong>1530<\/strong><br \/>(-19 for losing)\n|c|\u2606EkCantDrawLol|Gg\n|c|\u2606hayniu|gg\n|l|\u2606hayniu\n","uploadtime":1698291573,"views":19,"p1id":"ekcantdrawlol","p2id":"hayniu","formatid":"gen9doublesou","rating":1530,"private":0,"password":""}