{"id":"gen9doublesou-1975887208","p1":"nessajade","p2":"ffghd","format":"[Gen 9] Doubles OU","log":"|j|\u2606nessajade\n|j|\u2606ffghd\n|t:|1698246673\n|gametype|doubles\n|player|p1|nessajade|clair|1076\n|player|p2|ffghd|266|1040\n|teamsize|p1|6\n|teamsize|p2|6\n|gen|9\n|tier|[Gen 9] Doubles OU\n|rated|\n|rule|Species Clause: Limit one of each Pok\u00e9mon\n|rule|OHKO Clause: OHKO moves are banned\n|rule|Evasion Moves Clause: Evasion moves are banned\n|rule|Gravity Sleep Clause: The combination of sleep-inducing moves with imperfect accuracy and Gravity or Gigantamax Orbeetle are banned\n|rule|Endless Battle Clause: Forcing endless battles is banned\n|rule|HP Percentage Mod: HP is shown in percentages\n|clearpoke\n|poke|p1|Delphox, M|\n|poke|p1|Tyranitar, M|\n|poke|p1|Oricorio-Pom-Pom, F|\n|poke|p1|Houndstone, M|\n|poke|p1|Amoonguss, M|\n|poke|p1|Landorus, M|\n|poke|p2|Polteageist|\n|poke|p2|Amoonguss, F|\n|poke|p2|Hatterene, F|\n|poke|p2|Dachsbun, F|\n|poke|p2|Flutter Mane|\n|poke|p2|Grimmsnarl, M|\n|teampreview\n|\n|t:|1698246678\n|start\n|switch|p1a: Oricorio|Oricorio-Pom-Pom, F, shiny|100\/100\n|switch|p1b: Delphox|Delphox, M, shiny|100\/100\n|switch|p2a: Amoonguss|Amoonguss, F, shiny|100\/100\n|switch|p2b: Polteageist|Polteageist, shiny|100\/100\n|turn|1\n|\n|t:|1698246697\n|move|p2a: Amoonguss|Rage Powder|p2a: Amoonguss\n|-singleturn|p2a: Amoonguss|move: Rage Powder\n|move|p1b: Delphox|Flamethrower|p2a: Amoonguss\n|-supereffective|p2a: Amoonguss\n|-damage|p2a: Amoonguss|15\/100\n|-enditem|p2a: Amoonguss|Sitrus Berry|[eat]\n|-heal|p2a: Amoonguss|40\/100|[from] item: Sitrus Berry\n|move|p1a: Oricorio|Icy Wind|p2a: Amoonguss|[spread] p2a,p2b\n|-supereffective|p2a: Amoonguss\n|-damage|p2a: Amoonguss|14\/100\n|-damage|p2b: Polteageist|84\/100\n|-unboost|p2a: Amoonguss|spe|1\n|-unboost|p2b: Polteageist|spe|1\n|move|p2b: Polteageist|Shell Smash|p2b: Polteageist\n|-unboost|p2b: Polteageist|def|1\n|-unboost|p2b: Polteageist|spd|1\n|-boost|p2b: Polteageist|atk|2\n|-boost|p2b: Polteageist|spa|2\n|-boost|p2b: Polteageist|spe|2\n|\n|upkeep\n|turn|2\n|\n|t:|1698246721\n|move|p1b: Delphox|Protect|p1b: Delphox\n|-singleturn|p1b: Delphox|Protect\n|move|p2a: Amoonguss|Rage Powder|p2a: Amoonguss\n|-singleturn|p2a: Amoonguss|move: Rage Powder\n|move|p2b: Polteageist|Stored Power|p1b: Delphox\n|-activate|p1b: Delphox|move: Protect\n|move|p1a: Oricorio|Icy Wind|p2a: Amoonguss|[spread] p2a,p2b\n|-supereffective|p2a: Amoonguss\n|-damage|p2a: Amoonguss|0 fnt\n|-damage|p2b: Polteageist|62\/100\n|-unboost|p2b: Polteageist|spe|1\n|faint|p2a: Amoonguss\n|\n|upkeep\n|\n|t:|1698246725\n|switch|p2a: Hatterene|Hatterene, F, shiny|100\/100\n|turn|3\n|\n|t:|1698246738\n|move|p1b: Delphox|Role Play|p1a: Oricorio\n|-endability|p1b: Delphox|Magician|[from] move: Role Play\n|-ability|p1b: Delphox|Dancer|[from] move: Role Play|[of] p1a: Oricorio\n|move|p1a: Oricorio|Quiver Dance|p1a: Oricorio\n|-boost|p1a: Oricorio|spa|1\n|-boost|p1a: Oricorio|spd|1\n|-boost|p1a: Oricorio|spe|1\n|-activate|p1b: Delphox|ability: Dancer\n|move|p1b: Delphox|Quiver Dance|p1b: Delphox|[from]ability: Dancer\n|-boost|p1b: Delphox|spa|1\n|-boost|p1b: Delphox|spd|1\n|-boost|p1b: Delphox|spe|1\n|move|p2b: Polteageist|Shadow Ball|p1b: Delphox\n|-supereffective|p1b: Delphox\n|-damage|p1b: Delphox|4\/100\n|move|p2a: Hatterene|Nuzzle|p1b: Delphox\n|-damage|p1b: Delphox|0 fnt\n|faint|p1b: Delphox\n|\n|upkeep\n|\n|t:|1698246745\n|switch|p1b: Amoonguss|Amoonguss, M|100\/100\n|turn|4\n|\n|t:|1698246761\n|move|p1a: Oricorio|Icy Wind|p2a: Hatterene|[spread] p2a,p2b\n|-damage|p2a: Hatterene|79\/100\n|-damage|p2b: Polteageist|26\/100\n|-unboost|p2a: Hatterene|spe|1\n|-unboost|p2b: Polteageist|spe|1\n|move|p2b: Polteageist|Stored Power|p1b: Amoonguss\n|-supereffective|p1b: Amoonguss\n|-damage|p1b: Amoonguss|5\/100\n|move|p1b: Amoonguss|Spore|p2b: Polteageist\n|-status|p2b: Polteageist|slp|[from] move: Spore\n|move|p2a: Hatterene|Aromatic Mist|p2b: Polteageist\n|-boost|p2b: Polteageist|spd|1\n|\n|-heal|p1b: Amoonguss|11\/100|[from] item: Leftovers\n|-activate|p2a: Hatterene|ability: Healer\n|-curestatus|p2b: Polteageist|slp|[msg]\n|upkeep\n|turn|5\n|\n|t:|1698246786\n|move|p1a: Oricorio|Air Cutter|p2b: Polteageist|[spread] p2b\n|-miss|p1a: Oricorio|p2a: Hatterene\n|-damage|p2b: Polteageist|0 fnt\n|faint|p2b: Polteageist\n|move|p1b: Amoonguss|Pollen Puff|p2a: Hatterene\n|-damage|p2a: Hatterene|59\/100\n|move|p2a: Hatterene|Life Dew|p2a: Hatterene\n|-heal|p2a: Hatterene|84\/100\n|\n|-heal|p1b: Amoonguss|17\/100|[from] item: Leftovers\n|upkeep\n|\n|t:|1698246805\n|switch|p2b: Flutter Mane|Flutter Mane|100\/100\n|turn|6\n|\n|t:|1698246815\n|move|p1b: Amoonguss|Rage Powder|p1b: Amoonguss\n|-singleturn|p1b: Amoonguss|move: Rage Powder\n|move|p1a: Oricorio|Quiver Dance|p1a: Oricorio\n|-boost|p1a: Oricorio|spa|1\n|-boost|p1a: Oricorio|spd|1\n|-boost|p1a: Oricorio|spe|1\n|move|p2b: Flutter Mane|Shadow Ball|p1b: Amoonguss\n|-damage|p1b: Amoonguss|0 fnt\n|faint|p1b: Amoonguss\n|-damage|p2b: Flutter Mane|91\/100|[from] item: Life Orb\n|move|p2a: Hatterene|Life Dew|p2a: Hatterene|[spread] p2a,p2b\n|-heal|p2a: Hatterene|100\/100\n|-heal|p2b: Flutter Mane|100\/100\n|\n|upkeep\n|\n|t:|1698246826\n|switch|p1b: Tyranitar|Tyranitar, M|100\/100\n|-weather|Sandstorm|[from] ability: Sand Stream|[of] p1b: Tyranitar\n|turn|7\n|\n|t:|1698246835\n|move|p1a: Oricorio|Revelation Dance|p2b: Flutter Mane\n|-damage|p2b: Flutter Mane|13\/100\n|move|p2b: Flutter Mane|Energy Ball|p1b: Tyranitar\n|-supereffective|p1b: Tyranitar\n|-damage|p1b: Tyranitar|52\/100\n|-unboost|p1b: Tyranitar|spd|1\n|-damage|p2b: Flutter Mane|3\/100|[from] item: Life Orb\n|move|p1b: Tyranitar|Crunch|p2a: Hatterene\n|-damage|p2a: Hatterene|42\/100\n|move|p2a: Hatterene|Aromatic Mist|p2b: Flutter Mane\n|-boost|p2b: Flutter Mane|spd|1\n|\n|-weather|Sandstorm|[upkeep]\n|-damage|p2b: Flutter Mane|0 fnt|[from] Sandstorm\n|-damage|p2a: Hatterene|36\/100|[from] Sandstorm\n|faint|p2b: Flutter Mane\n|-end|p2b: Flutter Mane|Protosynthesis|[silent]\n|upkeep\n|\n|t:|1698246841\n|switch|p2b: Grimmsnarl|Grimmsnarl, M, shiny|100\/100\n|turn|8\n|\n|t:|1698246859\n|move|p2b: Grimmsnarl|Reflect|p2b: Grimmsnarl\n|-sidestart|p2: ffghd|Reflect\n|move|p1a: Oricorio|Revelation Dance|p2b: Grimmsnarl\n|-damage|p2b: Grimmsnarl|13\/100\n|move|p1b: Tyranitar|Dragon Dance|p1b: Tyranitar\n|-boost|p1b: Tyranitar|atk|1\n|-boost|p1b: Tyranitar|spe|1\n|-activate|p1a: Oricorio|ability: Dancer\n|move|p1a: Oricorio|Dragon Dance|p1a: Oricorio|[from]ability: Dancer\n|-boost|p1a: Oricorio|atk|1\n|-boost|p1a: Oricorio|spe|1\n|move|p2a: Hatterene|Life Dew|p2a: Hatterene|[spread] p2a,p2b\n|-heal|p2a: Hatterene|61\/100\n|-heal|p2b: Grimmsnarl|38\/100\n|\n|-weather|Sandstorm|[upkeep]\n|-damage|p2b: Grimmsnarl|32\/100|[from] Sandstorm\n|-damage|p2a: Hatterene|55\/100|[from] Sandstorm\n|upkeep\n|turn|9\n|\n|t:|1698246872\n|move|p2b: Grimmsnarl|Light Screen|p2b: Grimmsnarl\n|-sidestart|p2: ffghd|move: Light Screen\n|move|p1a: Oricorio|Revelation Dance|p2b: Grimmsnarl\n|-damage|p2b: Grimmsnarl|0 fnt\n|faint|p2b: Grimmsnarl\n|move|p1b: Tyranitar|Crunch|p2a: Hatterene\n|-damage|p2a: Hatterene|2\/100\n|move|p2a: Hatterene|Life Dew|p2a: Hatterene\n|-heal|p2a: Hatterene|27\/100\n|\n|-weather|Sandstorm|[upkeep]\n|-damage|p2a: Hatterene|21\/100|[from] Sandstorm\n|upkeep\n|\n|t:|1698246878\n|switch|p2b: Dachsbun|Dachsbun, F, shiny|100\/100\n|turn|10\n|\n|t:|1698246892\n|move|p1a: Oricorio|Air Cutter|p2a: Hatterene|[spread] p2a,p2b\n|-damage|p2a: Hatterene|0 fnt\n|-damage|p2b: Dachsbun|68\/100\n|faint|p2a: Hatterene\n|move|p1b: Tyranitar|Crunch|p2b: Dachsbun\n|-resisted|p2b: Dachsbun\n|-damage|p2b: Dachsbun|43\/100\n|move|p2b: Dachsbun|Stomping Tantrum|p1b: Tyranitar\n|-supereffective|p1b: Tyranitar\n|-damage|p1b: Tyranitar|16\/100\n|-damage|p2b: Dachsbun|33\/100|[from] item: Life Orb\n|\n|-weather|Sandstorm|[upkeep]\n|-damage|p2b: Dachsbun|27\/100|[from] Sandstorm\n|upkeep\n|turn|11\n|inactive|Battle timer is ON: inactive players will automatically lose when time's up. (requested by nessajade)\n|\n|t:|1698246949\n|move|p1a: Oricorio|Revelation Dance|p2b: Dachsbun\n|-damage|p2b: Dachsbun|0 fnt\n|faint|p2b: Dachsbun\n|\n|win|nessajade\n|raw|nessajade's rating: 1104 &rarr; <strong>1124<\/strong><br \/>(+20 for winning)\n|raw|ffghd's rating: 1040 &rarr; <strong>1027<\/strong><br \/>(-13 for losing)\n|l|\u2606ffghd\n","uploadtime":1698246960,"views":6,"p1id":"nessajade","p2id":"ffghd","formatid":"gen9doublesou","rating":1027,"private":0,"password":""}