{"id":"gen9doublesou-1999175723","p1":"Danie2294","p2":"Brawler206","format":"[Gen 9] Doubles OU","log":"|j|\u2606Danie2294\n|j|\u2606Brawler206\n|t:|1701041621\n|gametype|doubles\n|player|p1|Danie2294|marlon|1210\n|player|p2|Brawler206|dancer|1264\n|teamsize|p1|6\n|teamsize|p2|6\n|gen|9\n|tier|[Gen 9] Doubles OU\n|rated|\n|rule|Species Clause: Limit one of each Pok\u00e9mon\n|rule|OHKO Clause: OHKO moves are banned\n|rule|Evasion Moves Clause: Evasion moves are banned\n|rule|Gravity Sleep Clause: The combination of sleep-inducing moves with imperfect accuracy and Gravity or Gigantamax Orbeetle are banned\n|rule|Endless Battle Clause: Forcing endless battles is banned\n|rule|HP Percentage Mod: HP is shown in percentages\n|clearpoke\n|poke|p1|Ceruledge, F|\n|poke|p1|Ninetales-Alola, F|\n|poke|p1|Kingambit, F|\n|poke|p1|Great Tusk|\n|poke|p1|Ogerpon, F|\n|poke|p1|Heatran, M|\n|poke|p2|Tornadus, M|\n|poke|p2|Roaring Moon|\n|poke|p2|Weavile, M|\n|poke|p2|Gengar, F|\n|poke|p2|Iron Treads|\n|poke|p2|Scream Tail|\n|teampreview\n|inactive|Battle timer is ON: inactive players will automatically lose when time's up. (requested by Danie2294)\n|j| Mael_Larrys\n|inactive|Brawler206 has 120 seconds left.\n|inactive|Danie2294 has 120 seconds left.\n|\n|t:|1701041660\n|start\n|switch|p1a: Ninetales|Ninetales-Alola, F|100\/100\n|switch|p1b: Ceruledge|Ceruledge, F|100\/100\n|switch|p2a: Weavile|Weavile, M|100\/100\n|switch|p2b: Gengar|Gengar, F|100\/100\n|-ability|p2a: Weavile|Pressure\n|-weather|Snow|[from] ability: Snow Warning|[of] p1a: Ninetales\n|turn|1\n|\n|t:|1701041673\n|move|p2a: Weavile|Knock Off|p1b: Ceruledge\n|-supereffective|p1b: Ceruledge\n|-damage|p1b: Ceruledge|0 fnt\n|-enditem|p1b: Ceruledge|Heavy-Duty Boots|[from] move: Knock Off|[of] p2a: Weavile\n|faint|p1b: Ceruledge\n|move|p2b: Gengar|Taunt|p1a: Ninetales\n|-start|p1a: Ninetales|move: Taunt\n|cant|p1a: Ninetales|move: Taunt|Aurora Veil\n|\n|-weather|Snow|[upkeep]\n|upkeep\n|\n|t:|1701041683\n|switch|p1b: Great Tusk|Great Tusk|100\/100\n|turn|2\n|\n|t:|1701041694\n|move|p2a: Weavile|Ice Spinner|p1b: Great Tusk\n|-supereffective|p1b: Great Tusk\n|-damage|p1b: Great Tusk|55\/100\n|move|p2b: Gengar|Will-O-Wisp|p1b: Great Tusk\n|-status|p1b: Great Tusk|brn\n|move|p1a: Ninetales|Dazzling Gleam|p2a: Weavile|[spread] p2a,p2b\n|-supereffective|p2a: Weavile\n|-resisted|p2b: Gengar\n|-damage|p2a: Weavile|36\/100\n|-damage|p2b: Gengar|86\/100\n|move|p1b: Great Tusk|Headlong Rush|p2b: Gengar\n|-supereffective|p2b: Gengar\n|-damage|p2b: Gengar|0 fnt\n|-unboost|p1b: Great Tusk|def|1\n|-unboost|p1b: Great Tusk|spd|1\n|faint|p2b: Gengar\n|\n|-weather|Snow|[upkeep]\n|-damage|p1b: Great Tusk|49\/100 brn|[from] brn\n|upkeep\n|\n|t:|1701041710\n|switch|p2b: Tornadus|Tornadus, M|100\/100\n|turn|3\n|\n|t:|1701041723\n|move|p2b: Tornadus|Sunny Day|p2b: Tornadus\n|-weather|SunnyDay\n|-activate|p1b: Great Tusk|ability: Protosynthesis\n|-start|p1b: Great Tusk|protosynthesisatk\n|move|p2a: Weavile|Ice Spinner|p1b: Great Tusk\n|-supereffective|p1b: Great Tusk\n|-damage|p1b: Great Tusk|0 fnt\n|faint|p1b: Great Tusk\n|-end|p1b: Great Tusk|Protosynthesis|[silent]\n|move|p1a: Ninetales|Freeze-Dry|p2b: Tornadus\n|-supereffective|p2b: Tornadus\n|-damage|p2b: Tornadus|42\/100\n|\n|-weather|SunnyDay|[upkeep]\n|-end|p1a: Ninetales|move: Taunt\n|upkeep\n|\n|t:|1701041731\n|switch|p1b: Heatran|Heatran, M|100\/100\n|turn|4\n|l| Mael_Larrys\n|\n|t:|1701041745\n|switch|p2a: Roaring Moon|Roaring Moon|100\/100\n|-activate|p2a: Roaring Moon|ability: Protosynthesis\n|-start|p2a: Roaring Moon|protosynthesisatk\n|move|p1b: Heatran|Protect|p1b: Heatran\n|-singleturn|p1b: Heatran|Protect\n|move|p2b: Tornadus|Swagger|p2a: Roaring Moon|[miss]\n|-miss|p2b: Tornadus|p2a: Roaring Moon\n|move|p1a: Ninetales|Dazzling Gleam|p2a: Roaring Moon|[spread] p2a,p2b\n|-supereffective|p2a: Roaring Moon\n|-damage|p2a: Roaring Moon|17\/100\n|-damage|p2b: Tornadus|18\/100\n|\n|-weather|SunnyDay|[upkeep]\n|upkeep\n|turn|5\n|-message|Brawler206 forfeited.\n|\n|win|Danie2294\n|raw|Danie2294's rating: 1210 &rarr; <strong>1239<\/strong><br \/>(+29 for winning)\n|raw|Brawler206's rating: 1264 &rarr; <strong>1235<\/strong><br \/>(-29 for losing)\n|l|\u2606Brawler206\n","uploadtime":1701041788,"views":5,"p1id":"danie2294","p2id":"brawler206","formatid":"gen9doublesou","rating":1235,"private":0,"password":""}