{"id":"gen9doublesou-1999753191","p1":"Williams2112","p2":"ButterDeButtery","format":"[Gen 9] Doubles OU","log":"|j|\u2606Williams2112\n|j|\u2606ButterDeButtery\n|t:|1701113625\n|gametype|doubles\n|player|p1|Williams2112|102|1158\n|player|p2|ButterDeButtery|waitress|1241\n|teamsize|p1|6\n|teamsize|p2|6\n|gen|9\n|tier|[Gen 9] Doubles OU\n|rated|\n|rule|Species Clause: Limit one of each Pok\u00e9mon\n|rule|OHKO Clause: OHKO moves are banned\n|rule|Evasion Moves Clause: Evasion moves are banned\n|rule|Gravity Sleep Clause: The combination of sleep-inducing moves with imperfect accuracy and Gravity or Gigantamax Orbeetle are banned\n|rule|Endless Battle Clause: Forcing endless battles is banned\n|rule|HP Percentage Mod: HP is shown in percentages\n|clearpoke\n|poke|p1|Glimmora, M|\n|poke|p1|Cresselia, F|\n|poke|p1|Regidrago|\n|poke|p1|Ursaluna, M|\n|poke|p1|Infernape, M|\n|poke|p1|Azumarill, M|\n|poke|p2|Garganacl, M|\n|poke|p2|Amoonguss, F|\n|poke|p2|Chandelure, M|\n|poke|p2|Orthworm, F|\n|poke|p2|Vikavolt, F|\n|poke|p2|Iron Bundle|\n|teampreview\n|\n|t:|1701113643\n|start\n|switch|p1a: Cresselia|Cresselia, F|100\/100\n|switch|p1b: Glimmora|Glimmora, M|100\/100\n|switch|p2a: Vikavolt|Vikavolt, F|100\/100\n|switch|p2b: Amoonguss|Amoonguss, F|100\/100\n|turn|1\n|\n|t:|1701113665\n|-terastallize|p1a: Cresselia|Grass\n|move|p1a: Cresselia|Helping Hand|p1b: Glimmora\n|-singleturn|p1b: Glimmora|Helping Hand|[of] p1a: Cresselia\n|move|p1b: Glimmora|Sludge Wave|p2a: Vikavolt|[spread] p1a,p2a,p2b\n|-supereffective|p1a: Cresselia\n|-damage|p1a: Cresselia|47\/100\n|-damage|p2a: Vikavolt|37\/100\n|-damage|p2b: Amoonguss|64\/100\n|move|p2a: Vikavolt|Sticky Web|p1b: Glimmora\n|-sidestart|p1: Williams2112|move: Sticky Web\n|move|p2b: Amoonguss|Spore|p1b: Glimmora\n|-status|p1b: Glimmora|slp|[from] move: Spore\n|\n|-heal|p1a: Cresselia|53\/100|[from] item: Leftovers\n|-heal|p2a: Vikavolt|43\/100|[from] item: Leftovers\n|-heal|p2b: Amoonguss|70\/100|[from] item: Leftovers\n|upkeep\n|turn|2\n|\n|t:|1701113686\n|cant|p1b: Glimmora|slp\n|move|p1a: Cresselia|Lunar Blessing|p1a: Cresselia|[spread] p1a,p1b\n|-heal|p1a: Cresselia|78\/100\n|-curestatus|p1b: Glimmora|slp|[msg]\n|move|p2a: Vikavolt|Volt Switch|p1b: Glimmora\n|-damage|p1b: Glimmora|49\/100\n|\n|t:|1701113695\n|switch|p2a: Chandelure|Chandelure, M|100\/100|[from] Volt Switch\n|move|p2b: Amoonguss|Pollen Puff|p1a: Cresselia\n|-supereffective|p1a: Cresselia\n|-damage|p1a: Cresselia|60\/100\n|\n|-heal|p1a: Cresselia|66\/100|[from] item: Leftovers\n|-heal|p2b: Amoonguss|76\/100|[from] item: Leftovers\n|upkeep\n|turn|3\n|inactive|Battle timer is ON: inactive players will automatically lose when time's up. (requested by ButterDeButtery)\n|inactive|Williams2112 has 120 seconds left.\n|inactive|Williams2112 has 90 seconds left.\n|\n|t:|1701113838\n|switch|p2b: Vikavolt|Vikavolt, F|43\/100\n|move|p2a: Chandelure|Shadow Ball|p1b: Glimmora\n|-damage|p1b: Glimmora|0 fnt\n|faint|p1b: Glimmora\n|move|p1a: Cresselia|Trick Room|p1a: Cresselia\n|-fieldstart|move: Trick Room|[of] p1a: Cresselia\n|\n|-heal|p2b: Vikavolt|49\/100|[from] item: Leftovers\n|-heal|p1a: Cresselia|73\/100|[from] item: Leftovers\n|upkeep\n|\n|t:|1701113856\n|switch|p1b: Regidrago|Regidrago|100\/100\n|-activate|p1b: Regidrago|move: Sticky Web\n|-unboost|p1b: Regidrago|spe|1\n|turn|4\n|\n|t:|1701113878\n|move|p1a: Cresselia|Helping Hand|p1b: Regidrago\n|-singleturn|p1b: Regidrago|Helping Hand|[of] p1a: Cresselia\n|move|p2b: Vikavolt|Thunder Wave|p1b: Regidrago\n|-status|p1b: Regidrago|par\n|move|p1b: Regidrago|Dragon Energy|p2b: Vikavolt|[spread] p2a,p2b\n|-damage|p2a: Chandelure|0 fnt\n|-damage|p2b: Vikavolt|0 fnt\n|faint|p2a: Chandelure\n|faint|p2b: Vikavolt\n|\n|-heal|p1a: Cresselia|79\/100|[from] item: Leftovers\n|upkeep\n|\n|t:|1701113893\n|switch|p2b: Orthworm|Orthworm, F|100\/100\n|switch|p2a: Garganacl|Garganacl, M|100\/100\n|turn|5\n|inactive|Williams2112 has 120 seconds left.\n|inactive|Williams2112 has 90 seconds left.\n|inactive|Williams2112 has 60 seconds left.\n|\n|t:|1701114000\n|move|p1a: Cresselia|Helping Hand|p1b: Regidrago\n|-singleturn|p1b: Regidrago|Helping Hand|[of] p1a: Cresselia\n|move|p2a: Garganacl|Wide Guard|p2a: Garganacl\n|-singleturn|p2a: Garganacl|Wide Guard\n|move|p1b: Regidrago|Dragon Energy|p2b: Orthworm|[spread] \n|-activate|p2a: Garganacl|move: Wide Guard\n|-activate|p2b: Orthworm|move: Wide Guard\n|move|p2b: Orthworm|Iron Head|p1b: Regidrago\n|-damage|p1b: Regidrago|66\/100 par\n|\n|-heal|p1a: Cresselia|85\/100|[from] item: Leftovers\n|upkeep\n|turn|6\n|inactive|Williams2112 has 60 seconds left.\n|\n|t:|1701114018\n|switch|p1b: Azumarill|Azumarill, M|100\/100\n|-activate|p1b: Azumarill|move: Sticky Web\n|-unboost|p1b: Azumarill|spe|1\n|move|p2a: Garganacl|Wide Guard|p2a: Garganacl\n|-singleturn|p2a: Garganacl|Wide Guard\n|move|p2b: Orthworm|Iron Head|p1b: Azumarill\n|-damage|p1b: Azumarill|66\/100\n|move|p1a: Cresselia|Lunar Blessing|p1a: Cresselia|[spread] p1a,p1b\n|-heal|p1a: Cresselia|100\/100\n|-heal|p1b: Azumarill|91\/100\n|\n|upkeep\n|turn|7\n|\n|t:|1701114038\n|switch|p2a: Amoonguss|Amoonguss, F|100\/100\n|move|p1b: Azumarill|Belly Drum|p1b: Azumarill\n|-damage|p1b: Azumarill|41\/100\n|-setboost|p1b: Azumarill|atk|6|[from] move: Belly Drum\n|-enditem|p1b: Azumarill|Sitrus Berry|[eat]\n|-heal|p1b: Azumarill|66\/100|[from] item: Sitrus Berry\n|move|p2b: Orthworm|Coil|p2b: Orthworm\n|-boost|p2b: Orthworm|atk|1\n|-boost|p2b: Orthworm|def|1\n|-boost|p2b: Orthworm|accuracy|1\n|move|p1a: Cresselia|Lunar Blessing|p1a: Cresselia|[spread] p1a,p1b\n|-heal|p1b: Azumarill|91\/100\n|\n|-fieldend|move: Trick Room\n|upkeep\n|turn|8\n|inactive|Williams2112 has 90 seconds left.\n|\n|t:|1701114077\n|move|p2b: Orthworm|Iron Head|p1b: Azumarill\n|-damage|p1b: Azumarill|43\/100\n|cant|p1b: Azumarill|flinch\n|move|p2a: Amoonguss|Spore|p1b: Azumarill\n|-status|p1b: Azumarill|slp|[from] move: Spore\n|move|p1a: Cresselia|Trick Room|p1a: Cresselia\n|-fieldstart|move: Trick Room|[of] p1a: Cresselia\n|\n|upkeep\n|turn|9\n|inactive|Williams2112 has 90 seconds left.\n|\n|t:|1701114095\n|move|p2a: Amoonguss|Clear Smog|p1b: Azumarill\n|-supereffective|p1b: Azumarill\n|-damage|p1b: Azumarill|10\/100 slp\n|-clearboost|p1b: Azumarill\n|move|p2b: Orthworm|Iron Head|p1b: Azumarill\n|-damage|p1b: Azumarill|0 fnt\n|faint|p1b: Azumarill\n|move|p1a: Cresselia|Lunar Blessing||[still]\n|-fail|p1a: Cresselia\n|\n|upkeep\n|\n|t:|1701114113\n|switch|p1b: Infernape|Infernape, M|100\/100\n|-activate|p1b: Infernape|move: Sticky Web\n|-unboost|p1b: Infernape|spe|1\n|turn|10\n|\n|t:|1701114129\n|move|p2a: Amoonguss|Pollen Puff|p1a: Cresselia\n|-supereffective|p1a: Cresselia\n|-damage|p1a: Cresselia|83\/100\n|move|p2b: Orthworm|Earthquake|p1b: Infernape|[spread] p2a,p1b\n|-immune|p1a: Cresselia|[from] ability: Levitate\n|-supereffective|p1b: Infernape\n|-damage|p2a: Amoonguss|66\/100\n|-damage|p1b: Infernape|0 fnt\n|faint|p1b: Infernape\n|move|p1a: Cresselia|Lunar Blessing|p1a: Cresselia\n|-heal|p1a: Cresselia|100\/100\n|\n|-heal|p2a: Amoonguss|73\/100|[from] item: Leftovers\n|upkeep\n|inactive|Williams2112 has 90 seconds left.\n|inactive|Williams2112 has 60 seconds left.\n|\n|t:|1701114189\n|switch|p1b: Ursaluna|Ursaluna, M|100\/100\n|-activate|p1b: Ursaluna|move: Sticky Web\n|-unboost|p1b: Ursaluna|spe|1\n|turn|11\n|\n|t:|1701114196\n|move|p2a: Amoonguss|Spore|p1b: Ursaluna\n|-status|p1b: Ursaluna|slp|[from] move: Spore\n|cant|p1b: Ursaluna|slp\n|move|p2b: Orthworm|Iron Head|p1b: Ursaluna\n|-damage|p1b: Ursaluna|66\/100 slp\n|move|p1a: Cresselia|Lunar Blessing|p1a: Cresselia|[spread] p1a,p1b\n|-heal|p1b: Ursaluna|91\/100 slp\n|-curestatus|p1b: Ursaluna|slp|[msg]\n|\n|-heal|p2a: Amoonguss|79\/100|[from] item: Leftovers\n|-status|p1b: Ursaluna|brn|[from] item: Flame Orb\n|upkeep\n|turn|12\n|\n|t:|1701114207\n|move|p2a: Amoonguss|Rage Powder|p2a: Amoonguss\n|-singleturn|p2a: Amoonguss|move: Rage Powder\n|move|p1b: Ursaluna|Facade|p2a: Amoonguss\n|-damage|p2a: Amoonguss|0 fnt\n|faint|p2a: Amoonguss\n|move|p2b: Orthworm|Iron Head|p1a: Cresselia\n|-damage|p1a: Cresselia|66\/100\n|move|p1a: Cresselia|Lunar Blessing|p1a: Cresselia|[spread] p1a,p1b\n|-heal|p1a: Cresselia|91\/100\n|-heal|p1b: Ursaluna|100\/100 brn\n|-curestatus|p1b: Ursaluna|brn|[msg]\n|\n|-heal|p1a: Cresselia|98\/100|[from] item: Leftovers\n|-fieldend|move: Trick Room\n|-status|p1b: Ursaluna|brn|[from] item: Flame Orb\n|upkeep\n|\n|t:|1701114217\n|switch|p2a: Iron Bundle|Iron Bundle|100\/100\n|turn|13\n|inactive|Williams2112 has 90 seconds left.\n|\n|t:|1701114239\n|move|p2a: Iron Bundle|Blizzard|p1b: Ursaluna|[spread] p1a,p1b\n|-supereffective|p1a: Cresselia\n|-supereffective|p1b: Ursaluna\n|-crit|p1b: Ursaluna\n|-damage|p1a: Cresselia|42\/100\n|-damage|p1b: Ursaluna|0 fnt\n|faint|p1b: Ursaluna\n|move|p1a: Cresselia|Lunar Blessing|p1a: Cresselia\n|-heal|p1a: Cresselia|67\/100\n|move|p2b: Orthworm|Iron Head|p1a: Cresselia\n|-damage|p1a: Cresselia|29\/100\n|\n|-heal|p1a: Cresselia|35\/100|[from] item: Leftovers\n|upkeep\n|\n|t:|1701114243\n|switch|p1b: Regidrago|Regidrago|66\/100 par\n|-activate|p1b: Regidrago|move: Sticky Web\n|-unboost|p1b: Regidrago|spe|1\n|turn|14\n|\n|t:|1701114249\n|move|p2a: Iron Bundle|Blizzard|p1a: Cresselia|[spread] p1a,p1b\n|-supereffective|p1a: Cresselia\n|-supereffective|p1b: Regidrago\n|-damage|p1a: Cresselia|0 fnt\n|-damage|p1b: Regidrago|0 fnt\n|faint|p1a: Cresselia\n|faint|p1b: Regidrago\n|\n|win|ButterDeButtery\n|raw|Williams2112's rating: 1158 &rarr; <strong>1138<\/strong><br \/>(-20 for losing)\n|raw|ButterDeButtery's rating: 1232 &rarr; <strong>1252<\/strong><br \/>(+20 for winning)\n","uploadtime":1701114253,"views":12,"p1id":"williams2112","p2id":"butterdebuttery","formatid":"gen9doublesou","rating":1138,"private":0,"password":""}