{"id":"gen9doublesou-1978793222","p1":"Brigtel","p2":"Docter_Peng99","format":"[Gen 9] Doubles OU","log":"|j|\u2606Brigtel\n|j|\u2606Docter_Peng99\n|t:|1698595908\n|gametype|doubles\n|player|p1|Brigtel|pryce|\n|player|p2|Docter_Peng99|larry|\n|teamsize|p1|6\n|teamsize|p2|6\n|gen|9\n|tier|[Gen 9] Doubles OU\n|rated|Tournament battle\n|rule|Species Clause: Limit one of each Pok\u00e9mon\n|rule|OHKO Clause: OHKO moves are banned\n|rule|Evasion Moves Clause: Evasion moves are banned\n|rule|Gravity Sleep Clause: The combination of sleep-inducing moves with imperfect accuracy and Gravity or Gigantamax Orbeetle are banned\n|rule|Endless Battle Clause: Forcing endless battles is banned\n|rule|HP Percentage Mod: HP is shown in percentages\n|clearpoke\n|poke|p1|Gholdengo|\n|poke|p1|Wo-Chien|\n|poke|p1|Ting-Lu|\n|poke|p1|Qwilfish-Hisui, F|\n|poke|p1|Rillaboom, F|\n|poke|p1|Palafin, M|\n|poke|p2|Great Tusk|\n|poke|p2|Gliscor, M|\n|poke|p2|Iron Moth|\n|poke|p2|Iron Valiant|\n|poke|p2|Dragapult, M|\n|poke|p2|Kingambit, M|\n|teampreview\n|j|+boomp11\n|c|\u2606Docter_Peng99|apparently no one has cap mons in cap doubles\n|j| Maxouille\n|c|\u2606Docter_Peng99|noted\n|\n|t:|1698595949\n|start\n|switch|p1a: Palafin|Palafin, M|100\/100\n|switch|p1b: Qwilfish|Qwilfish-Hisui, F|100\/100\n|switch|p2a: Ancient Elephant|Great Tusk|100\/100\n|switch|p2b: Iron Moth|Iron Moth|100\/100\n|-ability|p1b: Qwilfish|Intimidate|boost\n|-unboost|p2a: Ancient Elephant|atk|1\n|-unboost|p2b: Iron Moth|atk|1\n|turn|1\n|\n|t:|1698595978\n|detailschange|p1a: Palafin|Palafin-Hero, M\n|switch|p1a: Ting-Lu|Ting-Lu|100\/100\n|-ability|p1a: Ting-Lu|Vessel of Ruin\n|switch|p1b: Rillaboom|Rillaboom, F|100\/100\n|-fieldstart|move: Grassy Terrain|[from] ability: Grassy Surge|[of] p1b: Rillaboom\n|move|p2b: Iron Moth|Fiery Dance|p1b: Rillaboom\n|-supereffective|p1b: Rillaboom\n|-damage|p1b: Rillaboom|52\/100\n|move|p2a: Ancient Elephant|Knock Off|p1a: Ting-Lu\n|-resisted|p1a: Ting-Lu\n|-damage|p1a: Ting-Lu|95\/100\n|-enditem|p1a: Ting-Lu|Leftovers|[from] move: Knock Off|[of] p2a: Ancient Elephant\n|\n|-heal|p1b: Rillaboom|59\/100|[from] Grassy Terrain\n|-heal|p1a: Ting-Lu|100\/100|[from] Grassy Terrain\n|upkeep\n|turn|2\n|\n|t:|1698595996\n|move|p1b: Rillaboom|Fake Out|p2b: Iron Moth\n|-damage|p2b: Iron Moth|76\/100\n|cant|p2b: Iron Moth|flinch\n|move|p2a: Ancient Elephant|Ice Spinner|p1a: Ting-Lu\n|-supereffective|p1a: Ting-Lu\n|-damage|p1a: Ting-Lu|81\/100\n|-fieldend|move: Grassy Terrain\n|move|p1a: Ting-Lu|Stealth Rock|p2a: Ancient Elephant\n|-sidestart|p2: Docter_Peng99|move: Stealth Rock\n|\n|upkeep\n|turn|3\n|\n|t:|1698596014\n|switch|p1b: Qwilfish|Qwilfish-Hisui, F|100\/100\n|-ability|p1b: Qwilfish|Intimidate|boost\n|-unboost|p2a: Ancient Elephant|atk|1\n|-unboost|p2b: Iron Moth|atk|1\n|move|p2b: Iron Moth|Fiery Dance|p1b: Qwilfish\n|-damage|p1b: Qwilfish|77\/100\n|-boost|p2b: Iron Moth|spa|1\n|move|p2a: Ancient Elephant|Rapid Spin|p1a: Ting-Lu\n|-damage|p1a: Ting-Lu|76\/100\n|-boost|p2a: Ancient Elephant|spe|1\n|-sideend|p2: Docter_Peng99|Stealth Rock|[from] move: Rapid Spin|[of] p2a: Ancient Elephant\n|move|p1a: Ting-Lu|Stomping Tantrum|p2b: Iron Moth\n|-supereffective|p2b: Iron Moth\n|-damage|p2b: Iron Moth|0 fnt\n|faint|p2b: Iron Moth\n|-end|p2b: Iron Moth|Quark Drive|[silent]\n|\n|upkeep\n|\n|t:|1698596025\n|switch|p2b: Wall|Gliscor, M|100\/100\n|turn|4\n|\n|t:|1698596051\n|move|p2a: Ancient Elephant|Earthquake|p1b: Qwilfish|[spread] p1a,p1b\n|-immune|p2b: Wall\n|-supereffective|p1b: Qwilfish\n|-damage|p1a: Ting-Lu|67\/100\n|-damage|p1b: Qwilfish|49\/100\n|move|p2b: Wall|Toxic|p1a: Ting-Lu\n|-status|p1a: Ting-Lu|tox\n|move|p1b: Qwilfish|Spikes|p2b: Wall\n|-sidestart|p2: Docter_Peng99|Spikes\n|move|p1a: Ting-Lu|Whirlwind|p2b: Wall\n|drag|p2b: Metaslayer|Iron Valiant|100\/100\n|-damage|p2b: Metaslayer|88\/100|[from] Spikes\n|-enditem|p2b: Metaslayer|Booster Energy\n|-activate|p2b: Metaslayer|ability: Quark Drive|[fromitem]\n|-start|p2b: Metaslayer|quarkdrivespe\n|\n|-damage|p1a: Ting-Lu|61\/100 tox|[from] psn\n|upkeep\n|turn|5\n|\n|t:|1698596095\n|move|p2b: Metaslayer|Moonblast|p1a: Ting-Lu\n|-supereffective|p1a: Ting-Lu\n|-damage|p1a: Ting-Lu|15\/100 tox\n|-unboost|p1a: Ting-Lu|spa|1\n|move|p2a: Ancient Elephant|Earthquake|p1a: Ting-Lu|[spread] p2b,p1a,p1b\n|-supereffective|p1b: Qwilfish\n|-damage|p2b: Metaslayer|61\/100\n|-damage|p1a: Ting-Lu|6\/100 tox\n|-damage|p1b: Qwilfish|17\/100\n|move|p1b: Qwilfish|Toxic Spikes|p2a: Ancient Elephant\n|-sidestart|p2: Docter_Peng99|move: Toxic Spikes\n|move|p1a: Ting-Lu|Heavy Slam|p2b: Metaslayer\n|-supereffective|p2b: Metaslayer\n|-damage|p2b: Metaslayer|0 fnt\n|faint|p2b: Metaslayer\n|-end|p2b: Metaslayer|Quark Drive|[silent]\n|\n|-damage|p1a: Ting-Lu|0 fnt|[from] psn\n|faint|p1a: Ting-Lu\n|upkeep\n|\n|t:|1698596105\n|switch|p2b: Wall|Gliscor, M|100\/100\n|switch|p1a: Wo-Chien|Wo-Chien|100\/100\n|-ability|p1a: Wo-Chien|Tablets of Ruin\n|turn|6\n|\n|t:|1698596116\n|switch|p1b: Rillaboom|Rillaboom, F|59\/100\n|-fieldstart|move: Grassy Terrain|[from] ability: Grassy Surge|[of] p1b: Rillaboom\n|-terastallize|p1a: Wo-Chien|Poison\n|move|p2a: Ancient Elephant|Rapid Spin|p1b: Rillaboom\n|-damage|p1b: Rillaboom|52\/100\n|-boost|p2a: Ancient Elephant|spe|1\n|-sideend|p2: Docter_Peng99|Spikes|[from] move: Rapid Spin|[of] p2a: Ancient Elephant\n|-sideend|p2: Docter_Peng99|Toxic Spikes|[from] move: Rapid Spin|[of] p2a: Ancient Elephant\n|move|p2b: Wall|Toxic|p1a: Wo-Chien\n|-immune|p1a: Wo-Chien\n|move|p1a: Wo-Chien|Mean Look|p2a: Ancient Elephant\n|-activate|p2a: Ancient Elephant|trapped\n|\n|-heal|p1b: Rillaboom|58\/100|[from] Grassy Terrain\n|-status|p2b: Wall|tox|[from] item: Toxic Orb\n|upkeep\n|turn|7\n|\n|t:|1698596139\n|move|p1b: Rillaboom|Fake Out|p2b: Wall\n|-damage|p2b: Wall|93\/100 tox\n|move|p2a: Ancient Elephant|Ice Spinner|p1b: Rillaboom\n|-supereffective|p1b: Rillaboom\n|-damage|p1b: Rillaboom|40\/100\n|-fieldend|move: Grassy Terrain\n|cant|p2b: Wall|flinch\n|move|p1a: Wo-Chien|Mean Look|p2b: Wall\n|-activate|p2b: Wall|trapped\n|\n|-heal|p2b: Wall|100\/100 tox|[from] ability: Poison Heal\n|upkeep\n|turn|8\n|\n|t:|1698596153\n|move|p2b: Wall|Protect|p2b: Wall\n|-singleturn|p2b: Wall|Protect\n|move|p2a: Ancient Elephant|Earthquake|p1b: Rillaboom|[spread] p1a,p1b\n|-activate|p2b: Wall|move: Protect\n|-supereffective|p1a: Wo-Chien\n|-resisted|p1b: Rillaboom\n|-damage|p1a: Wo-Chien|80\/100\n|-damage|p1b: Rillaboom|34\/100\n|move|p1b: Rillaboom|U-turn|p2a: Ancient Elephant\n|-resisted|p2a: Ancient Elephant\n|-damage|p2a: Ancient Elephant|93\/100\n|\n|t:|1698596161\n|switch|p1b: Qwilfish|Qwilfish-Hisui, F|17\/100|[from] U-turn\n|-ability|p1b: Qwilfish|Intimidate|boost\n|-unboost|p2a: Ancient Elephant|atk|1\n|-unboost|p2b: Wall|atk|1\n|move|p1a: Wo-Chien|Pollen Puff|p1b: Qwilfish\n|-heal|p1b: Qwilfish|67\/100\n|\n|-heal|p1a: Wo-Chien|86\/100|[from] item: Leftovers\n|upkeep\n|turn|9\n|\n|t:|1698596171\n|switch|p1b: Rillaboom|Rillaboom, F|34\/100\n|-fieldstart|move: Grassy Terrain|[from] ability: Grassy Surge|[of] p1b: Rillaboom\n|move|p2a: Ancient Elephant|Earthquake|p1b: Rillaboom|[spread] p1a,p1b\n|-immune|p2b: Wall\n|-supereffective|p1a: Wo-Chien\n|-resisted|p1b: Rillaboom\n|-crit|p1b: Rillaboom\n|-damage|p1a: Wo-Chien|77\/100\n|-damage|p1b: Rillaboom|24\/100\n|move|p2b: Wall|Stealth Rock|p1a: Wo-Chien\n|-sidestart|p1: Brigtel|move: Stealth Rock\n|move|p1a: Wo-Chien|Pollen Puff|p1b: Rillaboom\n|-heal|p1b: Rillaboom|74\/100\n|\n|-heal|p2a: Ancient Elephant|99\/100|[from] Grassy Terrain\n|-heal|p1b: Rillaboom|80\/100|[from] Grassy Terrain\n|-heal|p1a: Wo-Chien|83\/100|[from] Grassy Terrain\n|-heal|p1a: Wo-Chien|90\/100|[from] item: Leftovers\n|upkeep\n|turn|10\n|\n|t:|1698596184\n|move|p2a: Ancient Elephant|Ice Spinner|p1b: Rillaboom\n|-supereffective|p1b: Rillaboom\n|-damage|p1b: Rillaboom|64\/100\n|-fieldend|move: Grassy Terrain\n|move|p2b: Wall|Earthquake|p1b: Rillaboom|[spread] p2a,p1a,p1b\n|-supereffective|p1a: Wo-Chien\n|-resisted|p1b: Rillaboom\n|-damage|p2a: Ancient Elephant|90\/100\n|-damage|p1a: Wo-Chien|70\/100\n|-damage|p1b: Rillaboom|59\/100\n|move|p1b: Rillaboom|U-turn|p2a: Ancient Elephant\n|-resisted|p2a: Ancient Elephant\n|-damage|p2a: Ancient Elephant|83\/100\n|\n|t:|1698596191\n|switch|p1b: Qwilfish|Qwilfish-Hisui, F|67\/100|[from] U-turn\n|-damage|p1b: Qwilfish|55\/100|[from] Stealth Rock\n|-ability|p1b: Qwilfish|Intimidate|boost\n|-unboost|p2a: Ancient Elephant|atk|1\n|-unboost|p2b: Wall|atk|1\n|move|p1a: Wo-Chien|Leech Seed|p2b: Wall\n|-start|p2b: Wall|move: Leech Seed\n|\n|-heal|p1a: Wo-Chien|76\/100|[from] item: Leftovers\n|-damage|p2b: Wall|88\/100 tox|[from] Leech Seed|[of] p1a: Wo-Chien\n|-heal|p1a: Wo-Chien|88\/100|[silent]\n|-heal|p2b: Wall|100\/100 tox|[from] ability: Poison Heal\n|upkeep\n|turn|11\n|\n|t:|1698596198\n|switch|p1b: Rillaboom|Rillaboom, F|59\/100\n|-damage|p1b: Rillaboom|46\/100|[from] Stealth Rock\n|-fieldstart|move: Grassy Terrain|[from] ability: Grassy Surge|[of] p1b: Rillaboom\n|move|p2a: Ancient Elephant|Earthquake|p1b: Rillaboom|[spread] p1a,p1b\n|-immune|p2b: Wall\n|-supereffective|p1a: Wo-Chien\n|-resisted|p1b: Rillaboom\n|-damage|p1a: Wo-Chien|80\/100\n|-damage|p1b: Rillaboom|44\/100\n|move|p2b: Wall|Earthquake|p1b: Rillaboom|[spread] p2a,p1a,p1b\n|-supereffective|p1a: Wo-Chien\n|-resisted|p1b: Rillaboom\n|-damage|p2a: Ancient Elephant|79\/100\n|-damage|p1a: Wo-Chien|73\/100\n|-damage|p1b: Rillaboom|42\/100\n|move|p1a: Wo-Chien|Pollen Puff|p1b: Rillaboom\n|-heal|p1b: Rillaboom|92\/100\n|\n|-heal|p2a: Ancient Elephant|85\/100|[from] Grassy Terrain\n|-heal|p1b: Rillaboom|98\/100|[from] Grassy Terrain\n|-heal|p1a: Wo-Chien|79\/100|[from] Grassy Terrain\n|-heal|p1a: Wo-Chien|86\/100|[from] item: Leftovers\n|-damage|p2b: Wall|88\/100 tox|[from] Leech Seed|[of] p1a: Wo-Chien\n|-heal|p1a: Wo-Chien|97\/100|[silent]\n|-heal|p2b: Wall|100\/100 tox|[from] ability: Poison Heal\n|upkeep\n|turn|12\n|\n|t:|1698596221\n|move|p2a: Ancient Elephant|Ice Spinner|p1b: Rillaboom\n|-supereffective|p1b: Rillaboom\n|-damage|p1b: Rillaboom|85\/100\n|-fieldend|move: Grassy Terrain\n|move|p2b: Wall|Earthquake|p1b: Rillaboom|[spread] p2a,p1a,p1b\n|-supereffective|p1a: Wo-Chien\n|-resisted|p1b: Rillaboom\n|-damage|p2a: Ancient Elephant|79\/100\n|-damage|p1a: Wo-Chien|82\/100\n|-damage|p1b: Rillaboom|80\/100\n|move|p1b: Rillaboom|U-turn|p2a: Ancient Elephant\n|-resisted|p2a: Ancient Elephant\n|-damage|p2a: Ancient Elephant|72\/100\n|\n|t:|1698596226\n|switch|p1b: Palafin|Palafin-Hero, M|100\/100|[from] U-turn\n|-damage|p1b: Palafin|88\/100|[from] Stealth Rock\n|-activate|p1b: Palafin|ability: Zero to Hero\n|move|p1a: Wo-Chien|Pollen Puff|p1b: Palafin\n|-heal|p1b: Palafin|100\/100\n|\n|-heal|p1a: Wo-Chien|88\/100|[from] item: Leftovers\n|-damage|p2b: Wall|88\/100 tox|[from] Leech Seed|[of] p1a: Wo-Chien\n|-heal|p1a: Wo-Chien|99\/100|[silent]\n|-heal|p2b: Wall|100\/100 tox|[from] ability: Poison Heal\n|upkeep\n|turn|13\n|c|\u2606Docter_Peng99|why cant i switch?\n|c|\u2606Brigtel|mean look\n|c|\u2606Docter_Peng99|oh\n|c|\u2606Docter_Peng99|well then i just have a terrible tusk\n|c|\u2606Docter_Peng99|with no attack\n|c|\u2606Docter_Peng99|unfortunate\n|\n|t:|1698596292\n|switch|p1b: Gholdengo|Gholdengo|100\/100\n|-damage|p1b: Gholdengo|94\/100|[from] Stealth Rock\n|move|p2a: Ancient Elephant|Earthquake|p1a: Wo-Chien|[spread] p1a,p1b\n|-immune|p2b: Wall\n|-supereffective|p1a: Wo-Chien\n|-supereffective|p1b: Gholdengo\n|-damage|p1a: Wo-Chien|84\/100\n|-damage|p1b: Gholdengo|78\/100\n|move|p2b: Wall|Toxic|p1b: Gholdengo\n|-immune|p1b: Gholdengo|[from] ability: Good as Gold\n|move|p1a: Wo-Chien|Pollen Puff|p1b: Gholdengo\n|-heal|p1b: Gholdengo|100\/100\n|\n|-heal|p1a: Wo-Chien|90\/100|[from] item: Leftovers\n|-damage|p2b: Wall|88\/100 tox|[from] Leech Seed|[of] p1a: Wo-Chien\n|-heal|p1a: Wo-Chien|100\/100|[silent]\n|-heal|p2b: Wall|100\/100 tox|[from] ability: Poison Heal\n|upkeep\n|turn|14\n|\n|t:|1698596310\n|move|p2a: Ancient Elephant|Knock Off|p1a: Wo-Chien\n|-damage|p1a: Wo-Chien|94\/100\n|-enditem|p1a: Wo-Chien|Leftovers|[from] move: Knock Off|[of] p2a: Ancient Elephant\n|move|p2b: Wall|Earthquake|p1b: Gholdengo|[spread] p2a,p1a,p1b\n|-supereffective|p1a: Wo-Chien\n|-supereffective|p1b: Gholdengo\n|-damage|p2a: Ancient Elephant|65\/100\n|-damage|p1a: Wo-Chien|79\/100\n|-damage|p1b: Gholdengo|84\/100\n|move|p1b: Gholdengo|Nasty Plot|p1b: Gholdengo\n|-boost|p1b: Gholdengo|spa|2\n|move|p1a: Wo-Chien|Pollen Puff|p1b: Gholdengo\n|-heal|p1b: Gholdengo|100\/100\n|\n|-damage|p2b: Wall|88\/100 tox|[from] Leech Seed|[of] p1a: Wo-Chien\n|-heal|p1a: Wo-Chien|91\/100|[silent]\n|-heal|p2b: Wall|100\/100 tox|[from] ability: Poison Heal\n|upkeep\n|turn|15\n|\n|t:|1698596320\n|move|p2a: Ancient Elephant|Earthquake|p1a: Wo-Chien|[spread] p1a,p1b\n|-immune|p2b: Wall\n|-supereffective|p1a: Wo-Chien\n|-crit|p1a: Wo-Chien\n|-supereffective|p1b: Gholdengo\n|-damage|p1a: Wo-Chien|25\/100\n|-damage|p1b: Gholdengo|86\/100\n|move|p2b: Wall|Earthquake|p1a: Wo-Chien|[spread] p2a,p1a,p1b\n|-supereffective|p1a: Wo-Chien\n|-supereffective|p1b: Gholdengo\n|-damage|p2a: Ancient Elephant|58\/100\n|-damage|p1a: Wo-Chien|10\/100\n|-damage|p1b: Gholdengo|71\/100\n|move|p1b: Gholdengo|Nasty Plot|p1b: Gholdengo\n|-boost|p1b: Gholdengo|spa|2\n|move|p1a: Wo-Chien|Pollen Puff|p1b: Gholdengo\n|-heal|p1b: Gholdengo|100\/100\n|\n|-damage|p2b: Wall|88\/100 tox|[from] Leech Seed|[of] p1a: Wo-Chien\n|-heal|p1a: Wo-Chien|22\/100|[silent]\n|-heal|p2b: Wall|100\/100 tox|[from] ability: Poison Heal\n|upkeep\n|turn|16\n|\n|t:|1698596330\n|move|p1a: Wo-Chien|Protect|p1a: Wo-Chien\n|-singleturn|p1a: Wo-Chien|Protect\n|move|p2a: Ancient Elephant|Earthquake|p1b: Gholdengo|[spread] p1b\n|-activate|p1a: Wo-Chien|move: Protect\n|-immune|p2b: Wall\n|-supereffective|p1b: Gholdengo\n|-damage|p1b: Gholdengo|83\/100\n|move|p2b: Wall|Earthquake|p1a: Wo-Chien|[spread] p2a,p1b\n|-activate|p1a: Wo-Chien|move: Protect\n|-supereffective|p1b: Gholdengo\n|-damage|p2a: Ancient Elephant|51\/100\n|-damage|p1b: Gholdengo|67\/100\n|move|p1b: Gholdengo|Nasty Plot|p1b: Gholdengo\n|-boost|p1b: Gholdengo|spa|2\n|\n|-heal|p1b: Gholdengo|73\/100|[from] item: Leftovers\n|-damage|p2b: Wall|88\/100 tox|[from] Leech Seed|[of] p1a: Wo-Chien\n|-heal|p1a: Wo-Chien|33\/100|[silent]\n|-heal|p2b: Wall|100\/100 tox|[from] ability: Poison Heal\n|upkeep\n|turn|17\n|\n|t:|1698596338\n|move|p2a: Ancient Elephant|Earthquake|p1b: Gholdengo|[spread] p1a,p1b\n|-immune|p2b: Wall\n|-supereffective|p1a: Wo-Chien\n|-supereffective|p1b: Gholdengo\n|-damage|p1a: Wo-Chien|17\/100\n|-damage|p1b: Gholdengo|56\/100\n|move|p2b: Wall|Earthquake|p1b: Gholdengo|[spread] p2a,p1a,p1b\n|-supereffective|p1a: Wo-Chien\n|-supereffective|p1b: Gholdengo\n|-damage|p2a: Ancient Elephant|45\/100\n|-damage|p1a: Wo-Chien|2\/100\n|-damage|p1b: Gholdengo|40\/100\n|move|p1b: Gholdengo|Make It Rain|p2b: Wall|[spread] p2a,p2b\n|-damage|p2a: Ancient Elephant|0 fnt\n|-damage|p2b: Wall|0 fnt\n|-unboost|p1b: Gholdengo|spa|1\n|faint|p2a: Ancient Elephant\n|-end|p2a: Ancient Elephant|Protosynthesis|[silent]\n|faint|p2b: Wall\n|move|p1a: Wo-Chien|Pollen Puff|p1b: Gholdengo\n|-heal|p1b: Gholdengo|90\/100\n|\n|-heal|p1b: Gholdengo|96\/100|[from] item: Leftovers\n|upkeep\n|\n|t:|1698596349\n|switch|p2a: Dragaladore|Dragapult, M, shiny|100\/100\n|switch|p2b: Checkmate|Kingambit, M, shiny|100\/100\n|-activate|p2b: Checkmate|ability: Supreme Overlord\n|-start|p2b: Checkmate|fallen4|[silent]\n|turn|18\n|\n|t:|1698596367\n|move|p2a: Dragaladore|Shadow Ball|p1b: Gholdengo\n|-supereffective|p1b: Gholdengo\n|-damage|p1b: Gholdengo|6\/100\n|-unboost|p1b: Gholdengo|spd|1\n|move|p1b: Gholdengo|Make It Rain|p2a: Dragaladore|[spread] p2a,p2b\n|-resisted|p2b: Checkmate\n|-damage|p2a: Dragaladore|0 fnt\n|-damage|p2b: Checkmate|29\/100\n|-unboost|p1b: Gholdengo|spa|1\n|faint|p2a: Dragaladore\n|move|p1a: Wo-Chien|Leech Seed|p2b: Checkmate|[miss]\n|-miss|p1a: Wo-Chien|p2b: Checkmate\n|move|p2b: Checkmate|Kowtow Cleave|p1a: Wo-Chien\n|-damage|p1a: Wo-Chien|0 fnt\n|faint|p1a: Wo-Chien\n|\n|-heal|p1b: Gholdengo|12\/100|[from] item: Leftovers\n|-heal|p2b: Checkmate|35\/100|[from] item: Leftovers\n|upkeep\n|\n|t:|1698596379\n|switch|p1a: Qwilfish|Qwilfish-Hisui, F|55\/100\n|-damage|p1a: Qwilfish|42\/100|[from] Stealth Rock\n|-ability|p1a: Qwilfish|Intimidate|boost\n|-unboost|p2b: Checkmate|atk|1\n|turn|19\n|\n|t:|1698596385\n|move|p2b: Checkmate|Sucker Punch|p1b: Gholdengo\n|-supereffective|p1b: Gholdengo\n|-damage|p1b: Gholdengo|0 fnt\n|faint|p1b: Gholdengo\n|move|p1a: Qwilfish|Taunt|p2b: Checkmate\n|-start|p2b: Checkmate|move: Taunt\n|\n|-heal|p2b: Checkmate|42\/100|[from] item: Leftovers\n|upkeep\n|\n|t:|1698596390\n|switch|p1b: Rillaboom|Rillaboom, F|80\/100\n|-damage|p1b: Rillaboom|68\/100|[from] Stealth Rock\n|-fieldstart|move: Grassy Terrain|[from] ability: Grassy Surge|[of] p1b: Rillaboom\n|turn|20\n|\n|t:|1698596395\n|switch|p1a: Palafin|Palafin-Hero, M|100\/100\n|-damage|p1a: Palafin|88\/100|[from] Stealth Rock\n|move|p1b: Rillaboom|Fake Out|p2b: Checkmate\n|-resisted|p2b: Checkmate\n|-damage|p2b: Checkmate|36\/100\n|cant|p2b: Checkmate|flinch\n|\n|-heal|p1a: Palafin|94\/100|[from] Grassy Terrain\n|-heal|p1b: Rillaboom|74\/100|[from] Grassy Terrain\n|-heal|p2b: Checkmate|43\/100|[from] Grassy Terrain\n|-heal|p2b: Checkmate|49\/100|[from] item: Leftovers\n|upkeep\n|turn|21\n|\n|t:|1698596401\n|move|p2b: Checkmate|Sucker Punch|p1a: Palafin\n|-damage|p1a: Palafin|63\/100\n|move|p1a: Palafin|Drain Punch|p2b: Checkmate\n|-supereffective|p2b: Checkmate\n|-damage|p2b: Checkmate|0 fnt\n|-heal|p1a: Palafin|87\/100|[from] drain|[of] p2b: Checkmate\n|faint|p2b: Checkmate\n|-end|p2b: Checkmate|fallen4|[silent]\n|\n|win|Brigtel\n|n|\u2606Brigtel|brigtel\n|n|\u2606Docter_Peng99|docterpeng99\n|n| boomp11|boomp11\n|n| Maxouille|maxouille\n|c|\u2606Docter_Peng99|gg and gz\n","uploadtime":1698596402,"views":14,"p1id":"brigtel","p2id":"docterpeng99","formatid":"gen9doublesou","rating":0,"private":0,"password":""}