{"id":"gen9doublesou-1977450032","p1":"Nozem","p2":"johnyg13nb","format":"[Gen 9] Doubles OU","log":"|j|\u2606Nozem\n|j|\u2606johnyg13nb\n|t:|1698418105\n|gametype|doubles\n|player|p1|Nozem|swimmerm-gen2|1265\n|player|p2|johnyg13nb|juan|1301\n|teamsize|p1|6\n|teamsize|p2|6\n|gen|9\n|tier|[Gen 9] Doubles OU\n|rated|\n|rule|Species Clause: Limit one of each Pok\u00e9mon\n|rule|OHKO Clause: OHKO moves are banned\n|rule|Evasion Moves Clause: Evasion moves are banned\n|rule|Gravity Sleep Clause: The combination of sleep-inducing moves with imperfect accuracy and Gravity or Gigantamax Orbeetle are banned\n|rule|Endless Battle Clause: Forcing endless battles is banned\n|rule|HP Percentage Mod: HP is shown in percentages\n|clearpoke\n|poke|p1|Okidogi, M|\n|poke|p1|Flutter Mane|\n|poke|p1|Landorus-Therian, M|\n|poke|p1|Heatran, F|\n|poke|p1|Roaring Moon|\n|poke|p1|Golem-Alola, M|\n|poke|p2|Ursaluna-Bloodmoon, M|\n|poke|p2|Cresselia, F|\n|poke|p2|Tornadus, M|\n|poke|p2|Amoonguss, F|\n|poke|p2|Kingambit, F|\n|poke|p2|Shiftry, F|\n|teampreview\n|\n|t:|1698418112\n|start\n|switch|p1a: Golem|Golem-Alola, M|100\/100\n|switch|p1b: Landorus|Landorus-Therian, M|100\/100\n|switch|p2a: Ursaluna|Ursaluna-Bloodmoon, M|100\/100\n|switch|p2b: Cresselia|Cresselia, F, shiny|100\/100\n|-ability|p1b: Landorus|Intimidate|boost\n|-unboost|p2a: Ursaluna|atk|1\n|-unboost|p2b: Cresselia|atk|1\n|turn|1\n|\n|t:|1698418127\n|move|p1b: Landorus|Taunt|p2b: Cresselia\n|-start|p2b: Cresselia|move: Taunt\n|move|p2a: Ursaluna|Calm Mind|p2a: Ursaluna\n|-boost|p2a: Ursaluna|spa|1\n|-boost|p2a: Ursaluna|spd|1\n|move|p1a: Golem|Stealth Rock|p2a: Ursaluna\n|-sidestart|p2: johnyg13nb|move: Stealth Rock\n|cant|p2b: Cresselia|move: Taunt|Trick Room\n|\n|upkeep\n|turn|2\n|\n|t:|1698418150\n|switch|p2b: Amoonguss|Amoonguss, F|100\/100\n|move|p1b: Landorus|U-turn|p2a: Ursaluna\n|-damage|p2a: Ursaluna|86\/100\n|\n|t:|1698418156\n|switch|p1b: Okidogi|Okidogi, M|100\/100|[from] U-turn\n|move|p2a: Ursaluna|Earth Power|p1a: Golem\n|-supereffective|p1a: Golem\n|-enditem|p1a: Golem|Focus Sash\n|-damage|p1a: Golem|1\/100\n|move|p1a: Golem|Rock Slide|p2b: Amoonguss|[spread] p2a\n|-miss|p1a: Golem|p2b: Amoonguss\n|-resisted|p2a: Ursaluna\n|-damage|p2a: Ursaluna|78\/100\n|\n|upkeep\n|turn|3\n|\n|t:|1698418175\n|move|p2b: Amoonguss|Rage Powder|p2b: Amoonguss\n|-singleturn|p2b: Amoonguss|move: Rage Powder\n|move|p1b: Okidogi|Drain Punch|p2b: Amoonguss\n|-resisted|p2b: Amoonguss\n|-damage|p2b: Amoonguss|84\/100\n|move|p2a: Ursaluna|Earth Power|p1b: Okidogi\n|-supereffective|p1b: Okidogi\n|-damage|p1b: Okidogi|47\/100\n|move|p1a: Golem|Rock Slide|p2a: Ursaluna|[spread] p2a,p2b\n|-resisted|p2a: Ursaluna\n|-damage|p2a: Ursaluna|70\/100\n|-damage|p2b: Amoonguss|54\/100\n|\n|upkeep\n|turn|4\n|\n|t:|1698418195\n|switch|p1b: Landorus|Landorus-Therian, M|100\/100\n|-ability|p1b: Landorus|Intimidate|boost\n|-unboost|p2a: Ursaluna|atk|1\n|-unboost|p2b: Amoonguss|atk|1\n|move|p2b: Amoonguss|Rage Powder|p2b: Amoonguss\n|-singleturn|p2b: Amoonguss|move: Rage Powder\n|move|p2a: Ursaluna|Blood Moon|p1b: Landorus\n|-damage|p1b: Landorus|4\/100\n|-enditem|p1b: Landorus|Sitrus Berry|[eat]\n|-heal|p1b: Landorus|29\/100|[from] item: Sitrus Berry\n|move|p1a: Golem|Explosion|p2a: Ursaluna|[spread] p2b\n|-immune|p1b: Landorus\n|-immune|p2a: Ursaluna\n|-resisted|p2b: Amoonguss\n|-damage|p2b: Amoonguss|0 fnt\n|faint|p1a: Golem\n|faint|p2b: Amoonguss\n|\n|upkeep\n|\n|t:|1698418218\n|switch|p1a: Okidogi|Okidogi, M|47\/100\n|switch|p2b: Tornadus|Tornadus, M, shiny|100\/100\n|-damage|p2b: Tornadus|76\/100|[from] Stealth Rock\n|turn|5\n|\n|t:|1698418247\n|-terastallize|p1a: Okidogi|Psychic\n|move|p2b: Tornadus|Tailwind|p2b: Tornadus\n|-sidestart|p2: johnyg13nb|move: Tailwind\n|move|p2a: Ursaluna|Earth Power|p1a: Okidogi\n|-damage|p1a: Okidogi|20\/100\n|move|p1b: Landorus|U-turn|p2a: Ursaluna\n|-damage|p2a: Ursaluna|56\/100\n|\n|t:|1698418256\n|switch|p1b: Heatran|Heatran, F|100\/100|[from] U-turn\n|-item|p1b: Heatran|Air Balloon\n|move|p1a: Okidogi|Drain Punch|p2a: Ursaluna\n|-supereffective|p2a: Ursaluna\n|-damage|p2a: Ursaluna|18\/100\n|-heal|p1a: Okidogi|40\/100|[from] drain|[of] p2a: Ursaluna\n|\n|-heal|p2b: Tornadus|82\/100|[from] item: Leftovers\n|upkeep\n|turn|6\n|\n|t:|1698418274\n|-terastallize|p2a: Ursaluna|Poison\n|move|p2b: Tornadus|Bleakwind Storm|p1b: Heatran|[spread] p1a\n|-miss|p2b: Tornadus|p1b: Heatran\n|-damage|p1a: Okidogi|21\/100\n|move|p2a: Ursaluna|Moonlight|p2a: Ursaluna\n|-heal|p2a: Ursaluna|68\/100\n|move|p1b: Heatran|Heat Wave|p2b: Tornadus|[spread] p2a,p2b\n|-damage|p2a: Ursaluna|45\/100\n|-damage|p2b: Tornadus|24\/100\n|move|p1a: Okidogi|Gunk Shot|p2b: Tornadus\n|-damage|p2b: Tornadus|0 fnt\n|faint|p2b: Tornadus\n|\n|upkeep\n|\n|t:|1698418291\n|switch|p2b: Shiftry|Shiftry, F, shiny|100\/100\n|-damage|p2b: Shiftry|88\/100|[from] Stealth Rock\n|-ability|p2b: Shiftry|Wind Rider|boost\n|-boost|p2b: Shiftry|atk|1\n|turn|7\n|\n|t:|1698418301\n|move|p2b: Shiftry|Rock Slide|p1b: Heatran|[spread] p1b\n|-miss|p2b: Shiftry|p1a: Okidogi\n|-damage|p1b: Heatran|74\/100\n|-enditem|p1b: Heatran|Air Balloon\n|-damage|p2b: Shiftry|78\/100|[from] item: Life Orb\n|move|p2a: Ursaluna|Blood Moon|p1b: Heatran\n|-resisted|p1b: Heatran\n|-damage|p1b: Heatran|36\/100\n|move|p1b: Heatran|Heat Wave|p2a: Ursaluna|[spread] p2a\n|-ability|p2b: Shiftry|Wind Rider|boost\n|-boost|p2b: Shiftry|atk|1\n|-damage|p2a: Ursaluna|21\/100\n|move|p1a: Okidogi|Psychic Fangs|p2a: Ursaluna\n|-supereffective|p2a: Ursaluna\n|-damage|p2a: Ursaluna|0 fnt\n|faint|p2a: Ursaluna\n|\n|upkeep\n|\n|t:|1698418314\n|switch|p2a: Kingambit|Kingambit, F|100\/100\n|-damage|p2a: Kingambit|94\/100|[from] Stealth Rock\n|-activate|p2a: Kingambit|ability: Supreme Overlord\n|-start|p2a: Kingambit|fallen3|[silent]\n|turn|8\n|\n|t:|1698418324\n|move|p2a: Kingambit|Sucker Punch|p1a: Okidogi\n|-supereffective|p1a: Okidogi\n|-damage|p1a: Okidogi|0 fnt\n|faint|p1a: Okidogi\n|move|p2b: Shiftry|Knock Off|p1b: Heatran\n|-damage|p1b: Heatran|0 fnt\n|faint|p1b: Heatran\n|-damage|p2b: Shiftry|68\/100|[from] item: Life Orb\n|\n|-sideend|p2: johnyg13nb|move: Tailwind\n|upkeep\n|\n|t:|1698418333\n|switch|p1b: Landorus|Landorus-Therian, M|29\/100\n|switch|p1a: Roaring Moon|Roaring Moon|100\/100\n|-ability|p1b: Landorus|Intimidate|boost\n|-unboost|p2a: Kingambit|atk|1\n|-unboost|p2b: Shiftry|atk|1\n|-enditem|p1a: Roaring Moon|Booster Energy\n|-activate|p1a: Roaring Moon|ability: Protosynthesis|[fromitem]\n|-start|p1a: Roaring Moon|protosynthesisspe\n|turn|9\n|\n|t:|1698418346\n|move|p1a: Roaring Moon|Tailwind|p1a: Roaring Moon\n|-sidestart|p1: Nozem|move: Tailwind\n|move|p1b: Landorus|U-turn|p2b: Shiftry\n|-supereffective|p2b: Shiftry\n|-damage|p2b: Shiftry|0 fnt\n|faint|p2b: Shiftry\n|\n|t:|1698418351\n|switch|p1b: Flutter Mane|Flutter Mane|100\/100|[from] U-turn\n|-enditem|p1b: Flutter Mane|Booster Energy\n|-activate|p1b: Flutter Mane|ability: Protosynthesis|[fromitem]\n|-start|p1b: Flutter Mane|protosynthesisspe\n|move|p2a: Kingambit|X-Scissor|p1a: Roaring Moon\n|-supereffective|p1a: Roaring Moon\n|-damage|p1a: Roaring Moon|35\/100\n|\n|upkeep\n|\n|t:|1698418358\n|switch|p2b: Cresselia|Cresselia, F, shiny|100\/100\n|-damage|p2b: Cresselia|88\/100|[from] Stealth Rock\n|turn|10\n|\n|t:|1698418378\n|move|p2a: Kingambit|Sucker Punch|p1b: Flutter Mane\n|-crit|p1b: Flutter Mane\n|-damage|p1b: Flutter Mane|0 fnt\n|faint|p1b: Flutter Mane\n|-end|p1b: Flutter Mane|Protosynthesis|[silent]\n|move|p1a: Roaring Moon|Breaking Swipe|p2a: Kingambit|[spread] p2a,p2b\n|-resisted|p2a: Kingambit\n|-damage|p2a: Kingambit|85\/100\n|-damage|p2b: Cresselia|70\/100\n|-unboost|p2a: Kingambit|atk|1\n|-unboost|p2b: Cresselia|atk|1\n|-damage|p1a: Roaring Moon|19\/100|[from] item: Rocky Helmet|[of] p2b: Cresselia\n|move|p2b: Cresselia|Trick Room|p2b: Cresselia\n|-fieldstart|move: Trick Room|[of] p2b: Cresselia\n|\n|upkeep\n|\n|t:|1698418388\n|switch|p1b: Landorus|Landorus-Therian, M|29\/100\n|-ability|p1b: Landorus|Intimidate|boost\n|-unboost|p2a: Kingambit|atk|1\n|-unboost|p2b: Cresselia|atk|1\n|turn|11\n|\n|t:|1698418396\n|move|p2b: Cresselia|Helping Hand|p2a: Kingambit\n|-singleturn|p2a: Kingambit|Helping Hand|[of] p2b: Cresselia\n|move|p2a: Kingambit|Kowtow Cleave|p1b: Landorus\n|-damage|p1b: Landorus|0 fnt\n|faint|p1b: Landorus\n|move|p1a: Roaring Moon|Breaking Swipe|p2b: Cresselia|[spread] p2a,p2b\n|-resisted|p2a: Kingambit\n|-damage|p2a: Kingambit|77\/100\n|-damage|p2b: Cresselia|53\/100\n|-unboost|p2a: Kingambit|atk|1\n|-unboost|p2b: Cresselia|atk|1\n|-damage|p1a: Roaring Moon|2\/100|[from] item: Rocky Helmet|[of] p2b: Cresselia\n|\n|upkeep\n|turn|12\n|-message|Nozem forfeited.\n|\n|win|johnyg13nb\n|raw|Nozem's rating: 1265 &rarr; <strong>1243<\/strong><br \/>(-22 for losing)\n|raw|johnyg13nb's rating: 1301 &rarr; <strong>1319<\/strong><br \/>(+18 for winning)\n|c|\u2606johnyg13nb|ggwp\n|l|\u2606Nozem\n","uploadtime":1698418414,"views":23,"p1id":"nozem","p2id":"johnyg13nb","formatid":"gen9doublesou","rating":1243,"private":0,"password":""}