{"id":"gen9doublesou-1984905650","p1":"Arcticblast","p2":"ChickenSquared","format":"[Gen 9] Doubles OU","log":"|j|\u2606Arcticblast\n|j|\u2606ChickenSquared\n|inactive|Battle timer is ON: inactive players will automatically lose when time's up.\n|t:|1699309460\n|gametype|doubles\n|player|p1|Arcticblast|will|\n|player|p2|ChickenSquared|sailor|\n|teamsize|p1|6\n|teamsize|p2|6\n|gen|9\n|tier|[Gen 9] Doubles OU\n|rated|Tournament battle\n|rule|Species Clause: Limit one of each Pok\u00e9mon\n|rule|OHKO Clause: OHKO moves are banned\n|rule|Evasion Moves Clause: Evasion moves are banned\n|rule|Gravity Sleep Clause: The combination of sleep-inducing moves with imperfect accuracy and Gravity or Gigantamax Orbeetle are banned\n|rule|Endless Battle Clause: Forcing endless battles is banned\n|rule|HP Percentage Mod: HP is shown in percentages\n|clearpoke\n|poke|p1|Charjabug, F|\n|poke|p1|Chi-Yu|\n|poke|p1|Glimmora, F|\n|poke|p1|Iron Bundle|\n|poke|p1|Landorus-Therian, M|\n|poke|p1|Iron Hands|\n|poke|p2|Rillaboom, M|\n|poke|p2|Chien-Pao|\n|poke|p2|Flutter Mane|\n|poke|p2|Iron Hands|\n|poke|p2|Landorus, M|\n|poke|p2|Volcanion|\n|teampreview\n|inactive|Arcticblast has 120 seconds left.\n|inactive|ChickenSquared has 120 seconds left.\n|\n|t:|1699309494\n|start\n|switch|p1a: Chi-Yu|Chi-Yu|100\/100\n|switch|p1b: Charjabug|Charjabug, F|100\/100\n|switch|p2a: Rillaboom|Rillaboom, M|100\/100\n|switch|p2b: Landorus|Landorus, M|100\/100\n|-ability|p1a: Chi-Yu|Beads of Ruin\n|-fieldstart|move: Grassy Terrain|[from] ability: Grassy Surge|[of] p2a: Rillaboom\n|turn|1\n|\n|t:|1699309516\n|switch|p1a: Landorus|Landorus-Therian, M|100\/100\n|-ability|p1a: Landorus|Intimidate|boost\n|-unboost|p2a: Rillaboom|atk|1\n|-unboost|p2b: Landorus|atk|1\n|move|p1b: Charjabug|Protect|p1b: Charjabug\n|-singleturn|p1b: Charjabug|Protect\n|move|p2a: Rillaboom|Fake Out|p1a: Landorus\n|-damage|p1a: Landorus|91\/100\n|move|p2b: Landorus|Sandsear Storm|p1a: Landorus|[spread] \n|-activate|p1b: Charjabug|move: Protect\n|-immune|p1a: Landorus\n|\n|upkeep\n|turn|2\n|inactive|Arcticblast has 120 seconds left.\n|inactive|ChickenSquared has 120 seconds left.\n|\n|t:|1699309551\n|switch|p2a: Iron Hands|Iron Hands|100\/100\n|-terastallize|p1a: Landorus|Flying\n|move|p1a: Landorus|Tera Blast|p2b: Landorus|[anim] Tera Blast Flying\n|-damage|p2b: Landorus|30\/100\n|move|p2b: Landorus|Sandsear Storm|p1a: Landorus|[spread] p1b\n|-immune|p1a: Landorus\n|-damage|p1b: Charjabug|65\/100\n|move|p1b: Charjabug|Volt Switch|p2a: Iron Hands\n|-resisted|p2a: Iron Hands\n|-damage|p2a: Iron Hands|95\/100\n|inactive|Arcticblast has 120 seconds left.\n|\n|t:|1699309574\n|switch|p1b: Iron Hands|Iron Hands|100\/100|[from] Volt Switch\n|\n|-heal|p2a: Iron Hands|100\/100|[from] Grassy Terrain\n|upkeep\n|turn|3\n|inactive|Arcticblast has 120 seconds left.\n|\n|t:|1699309602\n|move|p1b: Iron Hands|Fake Out|p2a: Iron Hands\n|-damage|p2a: Iron Hands|90\/100\n|move|p1a: Landorus|Tera Blast|p2b: Landorus|[anim] Tera Blast Flying\n|-damage|p2b: Landorus|0 fnt\n|faint|p2b: Landorus\n|cant|p2a: Iron Hands|flinch\n|\n|-heal|p2a: Iron Hands|96\/100|[from] Grassy Terrain\n|upkeep\n|inactive|ChickenSquared has 120 seconds left.\n|\n|t:|1699309623\n|switch|p2b: Rillaboom|Rillaboom, M|100\/100\n|turn|4\n|inactive|Arcticblast has 120 seconds left.\n|\n|t:|1699309641\n|switch|p1a: Glimmora|Glimmora, F|100\/100\n|move|p2b: Rillaboom|Fake Out|p1a: Glimmora\n|-resisted|p1a: Glimmora\n|-damage|p1a: Glimmora|93\/100\n|-activate|p1a: Glimmora|ability: Toxic Debris\n|-sidestart|p2: ChickenSquared|move: Toxic Spikes\n|move|p1b: Iron Hands|Drain Punch|p2a: Iron Hands\n|-damage|p2a: Iron Hands|64\/100\n|move|p2a: Iron Hands|Swords Dance|p2a: Iron Hands\n|-boost|p2a: Iron Hands|atk|2\n|\n|-heal|p1a: Glimmora|99\/100|[from] Grassy Terrain\n|-heal|p2a: Iron Hands|70\/100|[from] Grassy Terrain\n|upkeep\n|turn|5\n|\n|t:|1699309662\n|-end|p1b: Iron Hands|Quark Drive|[silent]\n|switch|p1b: Landorus|Landorus-Therian, M, tera:Flying|91\/100\n|-ability|p1b: Landorus|Intimidate|boost\n|-unboost|p2a: Iron Hands|atk|1\n|-unboost|p2b: Rillaboom|atk|1\n|move|p1a: Glimmora|Spiky Shield|p1a: Glimmora\n|-singleturn|p1a: Glimmora|move: Protect\n|move|p2a: Iron Hands|Protect|p2a: Iron Hands\n|-singleturn|p2a: Iron Hands|Protect\n|move|p2b: Rillaboom|U-turn|p1b: Landorus\n|-resisted|p1b: Landorus\n|-damage|p1b: Landorus|83\/100\n|inactive|ChickenSquared has 120 seconds left.\n|\n|t:|1699309687\n|switch|p2b: Flutter Mane|Flutter Mane|100\/100|[from] U-turn\n|-status|p2b: Flutter Mane|psn\n|-enditem|p2b: Flutter Mane|Booster Energy\n|-activate|p2b: Flutter Mane|ability: Protosynthesis|[fromitem]\n|-start|p2b: Flutter Mane|protosynthesisspe\n|\n|-heal|p1a: Glimmora|100\/100|[from] Grassy Terrain\n|-heal|p2a: Iron Hands|76\/100|[from] Grassy Terrain\n|-damage|p2b: Flutter Mane|88\/100 psn|[from] psn\n|-fieldend|move: Grassy Terrain\n|upkeep\n|turn|6\n|inactive|ChickenSquared has 120 seconds left.\n|inactive|Arcticblast has 120 seconds left.\n|\n|t:|1699309727\n|move|p2b: Flutter Mane|Protect|p2b: Flutter Mane\n|-singleturn|p2b: Flutter Mane|Protect\n|move|p1b: Landorus|Tera Blast|p2a: Iron Hands|[anim] Tera Blast Flying\n|-damage|p2a: Iron Hands|32\/100\n|-enditem|p2a: Iron Hands|Sitrus Berry|[eat]\n|-heal|p2a: Iron Hands|57\/100|[from] item: Sitrus Berry\n|move|p1a: Glimmora|Earth Power|p2a: Iron Hands\n|-supereffective|p2a: Iron Hands\n|-damage|p2a: Iron Hands|11\/100\n|-unboost|p2a: Iron Hands|spd|1\n|move|p2a: Iron Hands|Thunder Punch|p1b: Landorus\n|-supereffective|p1b: Landorus\n|-damage|p1b: Landorus|0 fnt\n|faint|p1b: Landorus\n|\n|-damage|p2b: Flutter Mane|76\/100 psn|[from] psn\n|upkeep\n|inactive|Arcticblast has 90 seconds left.\n|\n|t:|1699309769\n|switch|p1b: Chi-Yu|Chi-Yu|100\/100\n|-ability|p1b: Chi-Yu|Beads of Ruin\n|turn|7\n|inactive|Arcticblast has 90 seconds left.\n|inactive|ChickenSquared has 120 seconds left.\n|j|+eragon11145\n|\n|t:|1699309815\n|move|p2b: Flutter Mane|Dazzling Gleam|p1b: Chi-Yu|[spread] p1a,p1b\n|-resisted|p1a: Glimmora\n|-damage|p1a: Glimmora|74\/100\n|-damage|p1b: Chi-Yu|74\/100\n|move|p1b: Chi-Yu|Snarl|p2b: Flutter Mane|[spread] p2a,p2b\n|-resisted|p2a: Iron Hands\n|-damage|p2a: Iron Hands|0 fnt\n|-damage|p2b: Flutter Mane|44\/100 psn\n|-unboost|p2b: Flutter Mane|spa|1\n|faint|p2a: Iron Hands\n|-end|p2a: Iron Hands|Quark Drive|[silent]\n|move|p1a: Glimmora|Power Gem|p2b: Flutter Mane\n|-damage|p2b: Flutter Mane|0 fnt\n|faint|p2b: Flutter Mane\n|-end|p2b: Flutter Mane|Protosynthesis|[silent]\n|\n|upkeep\n|inactive|ChickenSquared has 90 seconds left.\n|\n|t:|1699309836\n|switch|p2b: Rillaboom|Rillaboom, M|100\/100\n|switch|p2a: Volcanion|Volcanion|100\/100\n|-status|p2b: Rillaboom|psn\n|-fieldstart|move: Grassy Terrain|[from] ability: Grassy Surge|[of] p2b: Rillaboom\n|-status|p2a: Volcanion|psn\n|turn|8\n|inactive|ChickenSquared has 90 seconds left.\n|\n|t:|1699309880\n|switch|p1b: Iron Hands|Iron Hands|100\/100\n|-terastallize|p2a: Volcanion|Fairy\n|move|p1a: Glimmora|Spiky Shield|p1a: Glimmora\n|-singleturn|p1a: Glimmora|move: Protect\n|move|p2b: Rillaboom|Fake Out|p1b: Iron Hands\n|-damage|p1b: Iron Hands|92\/100\n|move|p2a: Volcanion|Steam Eruption|p1a: Glimmora\n|-activate|p1a: Glimmora|move: Protect\n|\n|-heal|p1a: Glimmora|80\/100|[from] Grassy Terrain\n|-heal|p1b: Iron Hands|99\/100|[from] Grassy Terrain\n|-damage|p2b: Rillaboom|88\/100 psn|[from] psn\n|-damage|p2a: Volcanion|88\/100 psn|[from] psn\n|upkeep\n|turn|9\n|inactive|Arcticblast has 120 seconds left.\n|inactive|ChickenSquared has 90 seconds left.\n|inactive|ChickenSquared has 60 seconds left.\n|\n|t:|1699309921\n|move|p1b: Iron Hands|Fake Out|p2a: Volcanion\n|-damage|p2a: Volcanion|74\/100 psn\n|move|p1a: Glimmora|Power Gem|p2a: Volcanion\n|-damage|p2a: Volcanion|48\/100 psn\n|move|p2b: Rillaboom|Wood Hammer|p1b: Iron Hands\n|-damage|p1b: Iron Hands|53\/100\n|-damage|p2b: Rillaboom|71\/100 psn|[from] Recoil\n|cant|p2a: Volcanion|flinch\n|\n|-heal|p1a: Glimmora|86\/100|[from] Grassy Terrain\n|-heal|p2b: Rillaboom|77\/100 psn|[from] Grassy Terrain\n|-heal|p2a: Volcanion|54\/100 psn|[from] Grassy Terrain\n|-heal|p1b: Iron Hands|59\/100|[from] Grassy Terrain\n|-damage|p2b: Rillaboom|65\/100 psn|[from] psn\n|-damage|p2a: Volcanion|41\/100 psn|[from] psn\n|upkeep\n|turn|10\n|inactive|Arcticblast has 120 seconds left.\n|inactive|ChickenSquared has 60 seconds left.\n|\n|t:|1699309947\n|move|p1a: Glimmora|Spiky Shield|p1a: Glimmora\n|-singleturn|p1a: Glimmora|move: Protect\n|move|p2b: Rillaboom|Wood Hammer|p1b: Iron Hands\n|-damage|p1b: Iron Hands|11\/100\n|-damage|p2b: Rillaboom|47\/100 psn|[from] Recoil\n|move|p2a: Volcanion|Steam Eruption|p1a: Glimmora\n|-activate|p1a: Glimmora|move: Protect\n|move|p1b: Iron Hands|Drain Punch|p2b: Rillaboom\n|-damage|p2b: Rillaboom|8\/100 psn\n|-heal|p1b: Iron Hands|28\/100|[from] drain|[of] p2b: Rillaboom\n|\n|-heal|p1a: Glimmora|93\/100|[from] Grassy Terrain\n|-heal|p2b: Rillaboom|14\/100 psn|[from] Grassy Terrain\n|-heal|p2a: Volcanion|47\/100 psn|[from] Grassy Terrain\n|-heal|p1b: Iron Hands|34\/100|[from] Grassy Terrain\n|-damage|p2b: Rillaboom|2\/100 psn|[from] psn\n|-damage|p2a: Volcanion|35\/100 psn|[from] psn\n|upkeep\n|turn|11\n|inactive|Arcticblast has 120 seconds left.\n|j| Test Bots\n|inactive|ChickenSquared has 60 seconds left.\n|\n|t:|1699309986\n|move|p1a: Glimmora|Power Gem|p2b: Rillaboom\n|-damage|p2b: Rillaboom|0 fnt\n|faint|p2b: Rillaboom\n|move|p2a: Volcanion|Steam Eruption|p1b: Iron Hands|[miss]\n|-miss|p2a: Volcanion|p1b: Iron Hands\n|move|p1b: Iron Hands|Wild Charge|p2a: Volcanion\n|-damage|p2a: Volcanion|0 fnt\n|faint|p2a: Volcanion\n|-damage|p1b: Iron Hands|27\/100|[from] Recoil\n|\n|-heal|p1a: Glimmora|99\/100|[from] Grassy Terrain\n|-heal|p1b: Iron Hands|33\/100|[from] Grassy Terrain\n|upkeep\n|l| Test Bots\n|\n|t:|1699309997\n|switch|p2b: Chien-Pao|Chien-Pao|100\/100\n|-status|p2b: Chien-Pao|psn\n|-ability|p2b: Chien-Pao|Sword of Ruin\n|turn|12\n|c|\u2606Arcticblast|gg\n|inactive|ChickenSquared has 60 seconds left.\n|\n|t:|1699310014\n|move|p2b: Chien-Pao|Icicle Crash|p1b: Iron Hands|[miss]\n|-miss|p2b: Chien-Pao|p1b: Iron Hands\n|move|p1a: Glimmora|Power Gem|p2b: Chien-Pao\n|-supereffective|p2b: Chien-Pao\n|-damage|p2b: Chien-Pao|0 fnt\n|faint|p2b: Chien-Pao\n|\n|win|Arcticblast\n|n|\u2606Arcticblast|arcticblast\n|n|\u2606ChickenSquared|chickensquared\n|n| eragon11145|eragon11145\n","uploadtime":1699310019,"views":8,"p1id":"arcticblast","p2id":"chickensquared","formatid":"gen9doublesou","rating":0,"private":0,"password":""}