{"id":"gen9doublesou-1972294001","p1":"qtip6996","p2":"MoxyyMaroon","format":"[Gen 9] Doubles OU","log":"|j|\u2606qtip6996\n|j|\u2606MoxyyMaroon\n|t:|1697828765\n|gametype|doubles\n|player|p1|qtip6996|fisherman-gen4|\n|player|p2|MoxyyMaroon|caitlin|\n|teamsize|p1|6\n|teamsize|p2|6\n|gen|9\n|tier|[Gen 9] Doubles OU\n|rule|Species Clause: Limit one of each Pok\u00e9mon\n|rule|OHKO Clause: OHKO moves are banned\n|rule|Evasion Moves Clause: Evasion moves are banned\n|rule|Gravity Sleep Clause: The combination of sleep-inducing moves with imperfect accuracy and Gravity or Gigantamax Orbeetle are banned\n|rule|Endless Battle Clause: Forcing endless battles is banned\n|rule|HP Percentage Mod: HP is shown in percentages\n|clearpoke\n|poke|p1|Garganacl, M|\n|poke|p1|Tyranitar, F|\n|poke|p1|Glimmora, F|\n|poke|p1|Lycanroc, M|\n|poke|p1|Stonjourner, M|\n|poke|p1|Magcargo, F|\n|poke|p2|Torkoal, F|\n|poke|p2|Indeedee-F, F|\n|poke|p2|Armarouge, F|\n|poke|p2|Great Tusk|\n|poke|p2|Talonflame, M|\n|poke|p2|Kingambit, M|\n|teampreview\n|\n|t:|1697828797\n|start\n|switch|p1a: Tyranitar|Tyranitar, F|100\/100\n|switch|p1b: Glimmora|Glimmora, F, shiny|100\/100\n|switch|p2a: Chase FunWrap|Great Tusk|100\/100\n|switch|p2b: Gamesarebigepic|Talonflame, M, shiny|100\/100\n|-weather|Sandstorm|[from] ability: Sand Stream|[of] p1a: Tyranitar\n|turn|1\n|\n|t:|1697828826\n|move|p2b: Gamesarebigepic|Taunt|p1b: Glimmora\n|-start|p1b: Glimmora|move: Taunt\n|move|p2a: Chase FunWrap|Earthquake|p1a: Tyranitar|[spread] p1a,p1b\n|-immune|p2b: Gamesarebigepic\n|-supereffective|p1a: Tyranitar\n|-supereffective|p1b: Glimmora\n|-crit|p1b: Glimmora\n|-damage|p1a: Tyranitar|42\/100\n|-damage|p1b: Glimmora|0 fnt\n|-activate|p1b: Glimmora|ability: Toxic Debris\n|-sidestart|p2: MoxyyMaroon|move: Toxic Spikes\n|faint|p1b: Glimmora\n|move|p1a: Tyranitar|Rock Slide|p2b: Gamesarebigepic|[spread] p2a\n|-miss|p1a: Tyranitar|p2b: Gamesarebigepic\n|-resisted|p2a: Chase FunWrap\n|-damage|p2a: Chase FunWrap|95\/100\n|\n|-weather|Sandstorm|[upkeep]\n|-damage|p2b: Gamesarebigepic|94\/100|[from] Sandstorm\n|upkeep\n|c|\u2606qtip6996|FUCK\n|c|\u2606qtip6996|im going to lose it\n|\n|t:|1697828875\n|switch|p1b: Stonjourner|Stonjourner, M, shiny|100\/100\n|turn|2\n|\n|t:|1697828891\n|switch|p1a: Lycanroc|Lycanroc, M, shiny|100\/100\n|move|p1b: Stonjourner|Wide Guard|p1b: Stonjourner\n|-singleturn|p1b: Stonjourner|Wide Guard\n|move|p2b: Gamesarebigepic|Tailwind|p2b: Gamesarebigepic\n|-sidestart|p2: MoxyyMaroon|move: Tailwind\n|move|p2a: Chase FunWrap|Headlong Rush|p1a: Lycanroc\n|-supereffective|p1a: Lycanroc\n|-enditem|p1a: Lycanroc|Focus Sash\n|-damage|p1a: Lycanroc|1\/100\n|-unboost|p2a: Chase FunWrap|def|1\n|-unboost|p2a: Chase FunWrap|spd|1\n|\n|-weather|Sandstorm|[upkeep]\n|-damage|p2b: Gamesarebigepic|88\/100|[from] Sandstorm\n|upkeep\n|turn|3\n|\n|t:|1697828949\n|move|p1a: Lycanroc|Accelerock|p2b: Gamesarebigepic\n|-supereffective|p2b: Gamesarebigepic\n|-damage|p2b: Gamesarebigepic|0 fnt\n|faint|p2b: Gamesarebigepic\n|move|p2a: Chase FunWrap|Headlong Rush|p1b: Stonjourner\n|-supereffective|p1b: Stonjourner\n|-damage|p1b: Stonjourner|24\/100\n|-unboost|p2a: Chase FunWrap|def|1\n|-unboost|p2a: Chase FunWrap|spd|1\n|-damage|p2a: Chase FunWrap|78\/100|[from] item: Rocky Helmet|[of] p1b: Stonjourner\n|move|p1b: Stonjourner|Heat Crash|p2a: Chase FunWrap\n|-crit|p2a: Chase FunWrap\n|-damage|p2a: Chase FunWrap|43\/100\n|\n|-weather|Sandstorm|[upkeep]\n|upkeep\n|\n|t:|1697829132\n|switch|p2b: Master Juno|Torkoal, F|100\/100\n|-status|p2b: Master Juno|psn\n|-weather|SunnyDay|[from] ability: Drought|[of] p2b: Master Juno\n|-activate|p2a: Chase FunWrap|ability: Protosynthesis\n|-start|p2a: Chase FunWrap|protosynthesisatk\n|turn|4\n|\n|t:|1697829205\n|move|p1b: Stonjourner|Wide Guard|p1b: Stonjourner\n|-singleturn|p1b: Stonjourner|Wide Guard\n|move|p2a: Chase FunWrap|Headlong Rush|p1b: Stonjourner\n|-supereffective|p1b: Stonjourner\n|-damage|p1b: Stonjourner|0 fnt\n|-unboost|p2a: Chase FunWrap|def|1\n|-unboost|p2a: Chase FunWrap|spd|1\n|-damage|p2a: Chase FunWrap|26\/100|[from] item: Rocky Helmet|[of] p1b: Stonjourner\n|faint|p1b: Stonjourner\n|move|p1a: Lycanroc|Play Rough|p2a: Chase FunWrap\n|-supereffective|p2a: Chase FunWrap\n|-crit|p2a: Chase FunWrap\n|-damage|p2a: Chase FunWrap|0 fnt\n|faint|p2a: Chase FunWrap\n|-end|p2a: Chase FunWrap|Protosynthesis|[silent]\n|move|p2b: Master Juno|Earth Power|p1a: Lycanroc\n|-supereffective|p1a: Lycanroc\n|-damage|p1a: Lycanroc|0 fnt\n|faint|p1a: Lycanroc\n|\n|-weather|SunnyDay|[upkeep]\n|-damage|p2b: Master Juno|88\/100 psn|[from] psn\n|upkeep\n|\n|t:|1697829300\n|switch|p1a: Tyranitar|Tyranitar, F|42\/100\n|switch|p2a: Channel|Indeedee-F, F|100\/100\n|switch|p1b: Garganacl|Garganacl, M|100\/100\n|-status|p2a: Channel|psn\n|-fieldstart|move: Psychic Terrain|[from] ability: Psychic Surge|[of] p2a: Channel\n|-enditem|p2a: Channel|Psychic Seed\n|-boost|p2a: Channel|spd|1|[from] item: Psychic Seed\n|-weather|Sandstorm|[from] ability: Sand Stream|[of] p1a: Tyranitar\n|turn|5\n|\n|t:|1697829350\n|move|p1a: Tyranitar|Rock Slide|p2b: Master Juno|[spread] p2a,p2b\n|-supereffective|p2b: Master Juno\n|-damage|p2a: Channel|71\/100 psn\n|-damage|p2b: Master Juno|35\/100 psn\n|move|p1b: Garganacl|Salt Cure|p2b: Master Juno\n|-supereffective|p2b: Master Juno\n|-damage|p2b: Master Juno|15\/100 psn\n|-start|p2b: Master Juno|Salt Cure\n|move|p2b: Master Juno|Earth Power|p1a: Tyranitar\n|-supereffective|p1a: Tyranitar\n|-damage|p1a: Tyranitar|10\/100\n|-unboost|p1a: Tyranitar|spd|1\n|move|p2a: Channel|Trick Room|p2a: Channel\n|-fieldstart|move: Trick Room|[of] p2a: Channel\n|\n|-weather|Sandstorm|[upkeep]\n|-damage|p2b: Master Juno|8\/100 psn|[from] Sandstorm\n|-damage|p2a: Channel|65\/100 psn|[from] Sandstorm\n|-damage|p2b: Master Juno|0 fnt|[from] psn\n|faint|p2b: Master Juno\n|-damage|p2a: Channel|53\/100 psn|[from] psn\n|-sideend|p2: MoxyyMaroon|move: Tailwind\n|upkeep\n|\n|t:|1697829368\n|switch|p2b: Lil Tre|Armarouge, F, shiny|100\/100\n|-status|p2b: Lil Tre|psn\n|turn|6\n|\n|t:|1697829419\n|move|p2a: Channel|Helping Hand|p2b: Lil Tre\n|-singleturn|p2b: Lil Tre|Helping Hand|[of] p2a: Channel\n|move|p1a: Tyranitar|Protect|p1a: Tyranitar\n|-singleturn|p1a: Tyranitar|Protect\n|move|p1b: Garganacl|Salt Cure|p2b: Lil Tre\n|-supereffective|p2b: Lil Tre\n|-damage|p2b: Lil Tre|73\/100 psn\n|-start|p2b: Lil Tre|Salt Cure\n|move|p2b: Lil Tre|Aura Sphere|p1a: Tyranitar\n|-activate|p1a: Tyranitar|move: Protect\n|\n|-weather|Sandstorm|[upkeep]\n|-damage|p2b: Lil Tre|67\/100 psn|[from] Sandstorm\n|-damage|p2a: Channel|46\/100 psn|[from] Sandstorm\n|-damage|p2b: Lil Tre|54\/100 psn|[from] psn\n|-damage|p2a: Channel|34\/100 psn|[from] psn\n|-damage|p2b: Lil Tre|42\/100 psn|[from] Salt Cure\n|upkeep\n|turn|7\n|c|\u2606qtip6996|woomp woomp\n|c|\u2606MoxyyMaroon|i aint even mean to do that\n|c|\u2606qtip6996|okay buddy\n|c|\u2606MoxyyMaroon|i forgot what move i picked for indee\n|c|\u2606MoxyyMaroon|K,,,\n|c|\u2606qtip6996|gamer mistake !!!\n|\n|t:|1697829473\n|switch|p1a: Magcargo|Magcargo, F|100\/100\n|move|p1b: Garganacl|Salt Cure|p2b: Lil Tre\n|-supereffective|p2b: Lil Tre\n|-damage|p2b: Lil Tre|17\/100 psn\n|move|p2b: Lil Tre|Aura Sphere|p1b: Garganacl\n|-supereffective|p1b: Garganacl\n|-damage|p1b: Garganacl|67\/100\n|-damage|p2b: Lil Tre|7\/100 psn|[from] item: Life Orb\n|move|p2a: Channel|Dazzling Gleam|p1a: Magcargo|[spread] p1a,p1b\n|-resisted|p1a: Magcargo\n|-damage|p1a: Magcargo|97\/100\n|-damage|p1b: Garganacl|62\/100\n|\n|-weather|Sandstorm|[upkeep]\n|-damage|p2b: Lil Tre|1\/100 psn|[from] Sandstorm\n|-damage|p2a: Channel|28\/100 psn|[from] Sandstorm\n|-heal|p1b: Garganacl|68\/100|[from] item: Leftovers\n|-damage|p2b: Lil Tre|0 fnt|[from] psn\n|faint|p2b: Lil Tre\n|-damage|p2a: Channel|15\/100 psn|[from] psn\n|upkeep\n|\n|t:|1697829492\n|switch|p2b: Tjbigbad|Kingambit, M, shiny|100\/100\n|turn|8\n|\n|t:|1697829547\n|move|p2a: Channel|Follow Me|p2a: Channel\n|-singleturn|p2a: Channel|move: Follow Me\n|move|p1a: Magcargo|Will-O-Wisp|p2a: Channel|[miss]\n|-miss|p1a: Magcargo|p2a: Channel\n|move|p1b: Garganacl|Iron Defense|p1b: Garganacl\n|-boost|p1b: Garganacl|def|2\n|move|p2b: Tjbigbad|Iron Head|p1b: Garganacl\n|-supereffective|p1b: Garganacl\n|-damage|p1b: Garganacl|35\/100\n|\n|-weather|Sandstorm|[upkeep]\n|-damage|p2a: Channel|9\/100 psn|[from] Sandstorm\n|-heal|p1b: Garganacl|41\/100|[from] item: Leftovers\n|-damage|p2a: Channel|0 fnt|[from] psn\n|faint|p2a: Channel\n|upkeep\n|turn|9\n|\n|t:|1697829575\n|move|p1a: Magcargo|Will-O-Wisp|p2b: Tjbigbad\n|-status|p2b: Tjbigbad|brn\n|move|p1b: Garganacl|Recover|p1b: Garganacl\n|-heal|p1b: Garganacl|91\/100\n|move|p2b: Tjbigbad|Iron Head|p1b: Garganacl\n|-supereffective|p1b: Garganacl\n|-damage|p1b: Garganacl|75\/100\n|\n|-weather|Sandstorm|[upkeep]\n|-heal|p1b: Garganacl|81\/100|[from] item: Leftovers\n|-damage|p2b: Tjbigbad|94\/100 brn|[from] brn\n|-fieldend|move: Trick Room\n|-fieldend|move: Psychic Terrain\n|upkeep\n|turn|10\n|c|\u2606MoxyyMaroon|Oh fuck you for that one\n|c|\u2606qtip6996|tehe\n|\n|t:|1697829627\n|-terastallize|p2b: Tjbigbad|Fairy\n|move|p2b: Tjbigbad|Tera Blast|p1b: Garganacl|[anim] Tera Blast Fairy\n|-damage|p1b: Garganacl|73\/100\n|move|p1b: Garganacl|Body Press|p2b: Tjbigbad\n|-resisted|p2b: Tjbigbad\n|-damage|p2b: Tjbigbad|77\/100 brn\n|move|p1a: Magcargo|Reflect|p1a: Magcargo\n|-sidestart|p1: qtip6996|Reflect\n|\n|-weather|Sandstorm|[upkeep]\n|-damage|p2b: Tjbigbad|71\/100 brn|[from] Sandstorm\n|-heal|p1b: Garganacl|79\/100|[from] item: Leftovers\n|-damage|p2b: Tjbigbad|64\/100 brn|[from] brn\n|upkeep\n|turn|11\n|c|\u2606MoxyyMaroon|Ok\n|c|\u2606MoxyyMaroon|Why did that do so Little .\n|c|\u2606qtip6996|id like to know as well\n|\n|t:|1697829667\n|switch|p1a: Tyranitar|Tyranitar, F|10\/100\n|move|p2b: Tjbigbad|Kowtow Cleave|p1b: Garganacl\n|-damage|p1b: Garganacl|73\/100\n|move|p1b: Garganacl|Body Press|p2b: Tjbigbad\n|-resisted|p2b: Tjbigbad\n|-damage|p2b: Tjbigbad|49\/100 brn\n|\n|-weather|Sandstorm|[upkeep]\n|-damage|p2b: Tjbigbad|43\/100 brn|[from] Sandstorm\n|-heal|p1b: Garganacl|79\/100|[from] item: Leftovers\n|-damage|p2b: Tjbigbad|37\/100 brn|[from] brn\n|upkeep\n|turn|12\n|c|\u2606MoxyyMaroon|Im just clicking anything now this is so evil\n|\n|t:|1697829687\n|move|p1a: Tyranitar|Rock Tomb|p2b: Tjbigbad\n|-damage|p2b: Tjbigbad|11\/100 brn\n|-unboost|p2b: Tjbigbad|spe|1\n|-ability|p2b: Tjbigbad|Defiant|boost\n|-boost|p2b: Tjbigbad|atk|2\n|move|p1b: Garganacl|Body Press|p2b: Tjbigbad\n|-resisted|p2b: Tjbigbad\n|-damage|p2b: Tjbigbad|0 fnt\n|faint|p2b: Tjbigbad\n|\n|win|qtip6996\n|c|\u2606qtip6996|i finally won\n|c|\u2606qtip6996|I FINALLY WON\n|c|\u2606MoxyyMaroon|So messed up\n|c|\u2606qtip6996|HOLY SHIT\n|c|\u2606qtip6996|I JUST HIT A FUCKIN CLIP\n|c|\u2606MoxyyMaroon|that was NOT a clip\n","uploadtime":1697829721,"views":15,"p1id":"qtip6996","p2id":"moxyymaroon","formatid":"gen9doublesou","rating":0,"private":0,"password":""}