{"id":"gen9doublesou-1977644759","p1":"carterc2429","p2":"we up","format":"[Gen 9] Doubles OU","log":"|j|\u2606carterc2429\n|j|\u2606we up\n|t:|1698434701\n|gametype|doubles\n|player|p1|carterc2429|flannery-gen6|\n|player|p2|we up|caitlin-masters|\n|teamsize|p1|6\n|teamsize|p2|6\n|gen|9\n|tier|[Gen 9] Doubles OU\n|rated|Tournament battle\n|rule|Species Clause: Limit one of each Pok\u00e9mon\n|rule|OHKO Clause: OHKO moves are banned\n|rule|Evasion Moves Clause: Evasion moves are banned\n|rule|Gravity Sleep Clause: The combination of sleep-inducing moves with imperfect accuracy and Gravity or Gigantamax Orbeetle are banned\n|rule|Endless Battle Clause: Forcing endless battles is banned\n|rule|HP Percentage Mod: HP is shown in percentages\n|rule|2 Ability Clause: Limit 2 of each ability\n|clearpoke\n|poke|p1|Infernape, M|\n|poke|p1|Typhlosion-Hisui, M|\n|poke|p1|Amoonguss, M|\n|poke|p1|Tyranitar, F|\n|poke|p1|Mienshao, F|\n|poke|p1|Volcarona, F|\n|poke|p2|Ogerpon-Hearthflame, F|\n|poke|p2|Chien-Pao|\n|poke|p2|Dragonite, F|\n|poke|p2|Roaring Moon|\n|poke|p2|Flutter Mane|\n|poke|p2|Pawmot, M|\n|teampreview\n|j|%Iolanthe\n|inactive|Battle timer is ON: inactive players will automatically lose when time's up. (requested by we up)\n|j|%Ak\u00ba\u00baoof\n|c|\u2606carterc2429|glhf\n|c|\u2606we up|hf\n|\n|t:|1698434723\n|start\n|switch|p1a: Infernape|Infernape, M|100\/100\n|switch|p1b: Typhlosion|Typhlosion-Hisui, M|100\/100\n|switch|p2a: Flutter Mane|Flutter Mane|100\/100\n|switch|p2b: Roaring Moon|Roaring Moon|100\/100\n|-ability|p2b: Roaring Moon|Sword of Ruin\n|-weather|SunnyDay|[from] ability: Drought|[of] p1a: Infernape\n|turn|1\n|l|%Iolanthe\n|\n|t:|1698434750\n|switch|p2a: Dragonite|Dragonite, F|100\/100\n|-terastallize|p1b: Typhlosion|Fire\n|move|p1a: Infernape|Fake Out|p2b: Roaring Moon\n|-damage|p2b: Roaring Moon|87\/100\n|move|p1b: Typhlosion|Eruption|p2b: Roaring Moon|[spread] p2a,p2b\n|-resisted|p2a: Dragonite\n|-resisted|p2b: Roaring Moon\n|-damage|p2a: Dragonite|38\/100\n|-damage|p2b: Roaring Moon|32\/100\n|cant|p2b: Roaring Moon|flinch\n|\n|-weather|SunnyDay|[upkeep]\n|upkeep\n|turn|2\n|\n|t:|1698434778\n|move|p1b: Typhlosion|Protect|p1b: Typhlosion\n|-singleturn|p1b: Typhlosion|Protect\n|move|p2a: Dragonite|Extreme Speed|p1b: Typhlosion\n|-activate|p1b: Typhlosion|move: Protect\n|move|p2b: Roaring Moon|Tailwind|p2b: Roaring Moon\n|-sidestart|p2: we up|move: Tailwind\n|move|p1a: Infernape|Knock Off|p2a: Dragonite\n|-damage|p2a: Dragonite|3\/100\n|-enditem|p2a: Dragonite|Choice Band|[from] move: Knock Off|[of] p1a: Infernape\n|\n|-weather|SunnyDay|[upkeep]\n|upkeep\n|turn|3\n|\n|t:|1698434794\n|move|p2a: Dragonite|Extreme Speed|p1a: Infernape\n|-supereffective|p1a: Infernape\n|-damage|p1a: Infernape|0 fnt\n|faint|p1a: Infernape\n|move|p2b: Roaring Moon|Knock Off|p1b: Typhlosion\n|-damage|p1b: Typhlosion|26\/100\n|-enditem|p1b: Typhlosion|Charcoal|[from] move: Knock Off|[of] p2b: Roaring Moon\n|move|p1b: Typhlosion|Shadow Ball|p2a: Dragonite\n|-damage|p2a: Dragonite|0 fnt\n|faint|p2a: Dragonite\n|\n|-weather|SunnyDay|[upkeep]\n|upkeep\n|\n|t:|1698434818\n|switch|p1a: Mienshao|Mienshao, F|100\/100\n|switch|p2a: Ogerpon|Ogerpon-Hearthflame, F|100\/100\n|-activate|p2a: Ogerpon|ability: Orichalcum Pulse\n|turn|4\n|\n|t:|1698434828\n|move|p2b: Roaring Moon|Protect|p2b: Roaring Moon\n|-singleturn|p2b: Roaring Moon|Protect\n|move|p2a: Ogerpon|Spiky Shield|p2a: Ogerpon\n|-singleturn|p2a: Ogerpon|move: Protect\n|move|p1b: Typhlosion|Protect|p1b: Typhlosion\n|-singleturn|p1b: Typhlosion|Protect\n|move|p1a: Mienshao|Close Combat|p2b: Roaring Moon\n|-activate|p2b: Roaring Moon|move: Protect\n|\n|-weather|SunnyDay|[upkeep]\n|upkeep\n|turn|5\n|\n|t:|1698434842\n|move|p1b: Typhlosion|Protect||[still]\n|-fail|p1b: Typhlosion\n|move|p2b: Roaring Moon|Knock Off|p1b: Typhlosion\n|-damage|p1b: Typhlosion|0 fnt\n|faint|p1b: Typhlosion\n|move|p2a: Ogerpon|Ivy Cudgel|p1a: Mienshao\n|-damage|p1a: Mienshao|0 fnt\n|faint|p1a: Mienshao\n|\n|-weather|none\n|-sideend|p2: we up|move: Tailwind\n|upkeep\n|\n|t:|1698434846\n|switch|p1a: Amoonguss|Amoonguss, M|100\/100\n|switch|p1b: Volcarona|Volcarona, F, shiny|100\/100\n|-ability|p1b: Volcarona|Mold Breaker\n|turn|6\n|\n|t:|1698434867\n|move|p2b: Roaring Moon|Tailwind|p2b: Roaring Moon\n|-sidestart|p2: we up|move: Tailwind\n|move|p2a: Ogerpon|Ivy Cudgel|p1a: Amoonguss\n|-supereffective|p1a: Amoonguss\n|-damage|p1a: Amoonguss|0 fnt\n|faint|p1a: Amoonguss\n|move|p1b: Volcarona|Quiver Dance|p1b: Volcarona\n|-boost|p1b: Volcarona|spa|1\n|-boost|p1b: Volcarona|spd|1\n|-boost|p1b: Volcarona|spe|1\n|\n|upkeep\n|\n|t:|1698434873\n|switch|p1a: Tyranitar|Tyranitar, F|100\/100\n|turn|7\n|\n|t:|1698434882\n|move|p2b: Roaring Moon|Knock Off|p1b: Volcarona\n|-damage|p1b: Volcarona|44\/100\n|-enditem|p1b: Volcarona|Heavy-Duty Boots|[from] move: Knock Off|[of] p2b: Roaring Moon\n|move|p2a: Ogerpon|Ivy Cudgel|p1b: Volcarona\n|-damage|p1b: Volcarona|0 fnt\n|faint|p1b: Volcarona\n|move|p1a: Tyranitar|Stone Edge|p2a: Ogerpon\n|-supereffective|p2a: Ogerpon\n|-damage|p2a: Ogerpon|0 fnt\n|faint|p2a: Ogerpon\n|\n|upkeep\n|c|\u2606carterc2429|gg\n|\n|t:|1698434891\n|switch|p2a: Chien-Pao|Chien-Pao|100\/100\n|turn|8\n|\n|t:|1698434895\n|move|p2a: Chien-Pao|Sacred Sword|p1a: Tyranitar\n|-supereffective|p1a: Tyranitar\n|-damage|p1a: Tyranitar|0 fnt\n|faint|p1a: Tyranitar\n|-damage|p2a: Chien-Pao|91\/100|[from] item: Life Orb\n|\n|win|we up\n|n|\u2606carterc2429|carterc2429\n|n|\u2606we up|weup\n|n| Ak\u00ba\u00baoof|akoof\n","uploadtime":1698434896,"views":11,"p1id":"carterc2429","p2id":"weup","formatid":"gen9doublesou","rating":0,"private":0,"password":""}