{"id":"gen9doublesou-1999519308","p1":"tochigiguy","p2":"Cryptic_Brawler","format":"[Gen 9] Doubles OU","log":"|j|\u2606tochigiguy\n|j|\u203dCryptic_Brawler\n|t:|1701091827\n|gametype|doubles\n|player|p1|tochigiguy|169|1190\n|player|p2|Cryptic_Brawler|ghetsis-gen5bw|1156\n|teamsize|p1|6\n|teamsize|p2|6\n|gen|9\n|tier|[Gen 9] Doubles OU\n|rated|\n|rule|Species Clause: Limit one of each Pok\u00e9mon\n|rule|OHKO Clause: OHKO moves are banned\n|rule|Evasion Moves Clause: Evasion moves are banned\n|rule|Gravity Sleep Clause: The combination of sleep-inducing moves with imperfect accuracy and Gravity or Gigantamax Orbeetle are banned\n|rule|Endless Battle Clause: Forcing endless battles is banned\n|rule|HP Percentage Mod: HP is shown in percentages\n|clearpoke\n|poke|p1|Basculin, M|\n|poke|p1|Amoonguss, F|\n|poke|p1|Pelipper, F|\n|poke|p1|Dragonite, M|\n|poke|p1|Scizor, F|\n|poke|p1|Landorus-Therian, M|\n|poke|p2|Dudunsparce-*, M|\n|poke|p2|Flamigo, M|\n|poke|p2|Maushold-Four|\n|poke|p2|Iron Leaves|\n|poke|p2|Basculegion-F, F|\n|poke|p2|Politoed, F|\n|teampreview\n|\n|t:|1701091834\n|start\n|switch|p1a: Dragonite|Dragonite, M|100\/100\n|switch|p1b: Landorus|Landorus-Therian, M|100\/100\n|switch|p2a: Dudunsparce|Dudunsparce, M|100\/100\n|switch|p2b: Maushold|Maushold-Four|100\/100\n|-ability|p1b: Landorus|Intimidate|boost\n|-unboost|p2a: Dudunsparce|atk|1\n|-ability|p2a: Dudunsparce|Rattled|boost\n|-boost|p2a: Dudunsparce|spe|1\n|-unboost|p2b: Maushold|atk|1\n|turn|1\n|inactive|Battle timer is ON: inactive players will automatically lose when time's up. (requested by Cryptic_Brawler)\n|\n|t:|1701091857\n|-terastallize|p1b: Landorus|Ground\n|-terastallize|p2a: Dudunsparce|Ghost\n|move|p1a: Dragonite|Extreme Speed|p2a: Dudunsparce\n|-immune|p2a: Dudunsparce\n|move|p2b: Maushold|Beat Up|p2a: Dudunsparce\n|-supereffective|p2a: Dudunsparce\n|-damage|p2a: Dudunsparce|98\/100\n|-ability|p2a: Dudunsparce|Rattled|boost\n|-boost|p2a: Dudunsparce|spe|1\n|-enditem|p2a: Dudunsparce|Weakness Policy\n|-boost|p2a: Dudunsparce|atk|2|[from] item: Weakness Policy\n|-boost|p2a: Dudunsparce|spa|2|[from] item: Weakness Policy\n|-supereffective|p2a: Dudunsparce\n|-damage|p2a: Dudunsparce|96\/100\n|-ability|p2a: Dudunsparce|Rattled|boost\n|-boost|p2a: Dudunsparce|spe|1\n|-supereffective|p2a: Dudunsparce\n|-damage|p2a: Dudunsparce|93\/100\n|-ability|p2a: Dudunsparce|Rattled|boost\n|-boost|p2a: Dudunsparce|spe|1\n|-supereffective|p2a: Dudunsparce\n|-damage|p2a: Dudunsparce|90\/100\n|-ability|p2a: Dudunsparce|Rattled|boost\n|-boost|p2a: Dudunsparce|spe|1\n|-supereffective|p2a: Dudunsparce\n|-damage|p2a: Dudunsparce|87\/100\n|-ability|p2a: Dudunsparce|Rattled|boost\n|-boost|p2a: Dudunsparce|spe|1\n|-supereffective|p2a: Dudunsparce\n|-damage|p2a: Dudunsparce|85\/100\n|-hitcount|p2a: Dudunsparce|6\n|move|p2a: Dudunsparce|Stored Power|p1a: Dragonite\n|-damage|p1a: Dragonite|66\/100\n|move|p1b: Landorus|Earthquake|p2b: Maushold|[spread] p2a,p2b\n|-immune|p1a: Dragonite\n|-damage|p2a: Dudunsparce|37\/100\n|-damage|p2b: Maushold|3\/100\n|-damage|p1b: Landorus|90\/100|[from] item: Life Orb\n|\n|upkeep\n|turn|2\n|\n|t:|1701091885\n|move|p2b: Maushold|Protect|p2b: Maushold\n|-singleturn|p2b: Maushold|Protect\n|move|p1a: Dragonite|Extreme Speed|p2b: Maushold\n|-activate|p2b: Maushold|move: Protect\n|move|p2a: Dudunsparce|Ice Beam|p1a: Dragonite\n|-supereffective|p1a: Dragonite\n|-damage|p1a: Dragonite|0 fnt\n|faint|p1a: Dragonite\n|move|p1b: Landorus|Earthquake|p2a: Dudunsparce|[spread] p2a\n|-activate|p2b: Maushold|move: Protect\n|-damage|p2a: Dudunsparce|0 fnt\n|faint|p2a: Dudunsparce\n|-damage|p1b: Landorus|80\/100|[from] item: Life Orb\n|\n|upkeep\n|\n|t:|1701091907\n|switch|p1a: Pelipper|Pelipper, F|100\/100\n|switch|p2a: Flamigo|Flamigo, M|100\/100\n|-copyboost|p2a: Flamigo|p2b: Maushold|[from] ability: Costar\n|-weather|RainDance|[from] ability: Drizzle|[of] p1a: Pelipper\n|turn|3\n|\n|t:|1701091919\n|move|p2b: Maushold|Encore||[still]\n|-fail|p2b: Maushold\n|move|p1b: Landorus|Rock Slide|p2b: Maushold|[spread] p2b\n|-miss|p1b: Landorus|p2a: Flamigo\n|-damage|p2b: Maushold|0 fnt\n|faint|p2b: Maushold\n|-damage|p1b: Landorus|70\/100|[from] item: Life Orb\n|move|p2a: Flamigo|U-turn|p1b: Landorus\n|-damage|p1b: Landorus|46\/100\n|-damage|p2a: Flamigo|91\/100|[from] item: Life Orb\n|\n|t:|1701091933\n|switch|p2a: Iron Leaves|Iron Leaves|100\/100|[from] U-turn\n|-enditem|p2a: Iron Leaves|Booster Energy\n|-activate|p2a: Iron Leaves|ability: Quark Drive|[fromitem]\n|-start|p2a: Iron Leaves|quarkdriveatk\n|move|p1a: Pelipper|Tailwind|p1a: Pelipper\n|-sidestart|p1: tochigiguy|move: Tailwind\n|\n|-weather|RainDance|[upkeep]\n|upkeep\n|\n|t:|1701091938\n|switch|p2b: Flamigo|Flamigo, M|91\/100\n|-copyboost|p2b: Flamigo|p2a: Iron Leaves|[from] ability: Costar\n|turn|4\n|\n|t:|1701091955\n|move|p1b: Landorus|Rock Slide|p2a: Iron Leaves|[spread] p2a,p2b\n|-damage|p2a: Iron Leaves|69\/100\n|-damage|p2b: Flamigo|54\/100\n|-damage|p1b: Landorus|36\/100|[from] item: Life Orb\n|move|p2a: Iron Leaves|Leaf Blade|p1b: Landorus\n|-supereffective|p1b: Landorus\n|-damage|p1b: Landorus|0 fnt\n|faint|p1b: Landorus\n|move|p1a: Pelipper|Icy Wind|p2a: Iron Leaves|[spread] p2a,p2b\n|-supereffective|p2a: Iron Leaves\n|-supereffective|p2b: Flamigo\n|-damage|p2a: Iron Leaves|51\/100\n|-damage|p2b: Flamigo|22\/100\n|-unboost|p2a: Iron Leaves|spe|1\n|-unboost|p2b: Flamigo|spe|1\n|move|p2b: Flamigo|U-turn|p1a: Pelipper\n|-resisted|p1a: Pelipper\n|-damage|p1a: Pelipper|90\/100\n|-damage|p2b: Flamigo|13\/100|[from] item: Life Orb\n|inactive|Cryptic_Brawler has 120 seconds left.\n|\n|t:|1701091977\n|switch|p2b: Basculegion|Basculegion-F, F|100\/100|[from] U-turn\n|\n|-weather|RainDance|[upkeep]\n|upkeep\n|\n|t:|1701091984\n|switch|p1b: Scizor|Scizor, F|100\/100\n|turn|5\n|\n|t:|1701091998\n|move|p2b: Basculegion|Last Respects|p1b: Scizor\n|-damage|p1b: Scizor|0 fnt\n|faint|p1b: Scizor\n|move|p1a: Pelipper|Chilling Water|p2b: Basculegion\n|-resisted|p2b: Basculegion\n|-damage|p2b: Basculegion|87\/100\n|-unboost|p2b: Basculegion|atk|1\n|move|p2a: Iron Leaves|Psyblade|p1a: Pelipper\n|-damage|p1a: Pelipper|49\/100\n|\n|-weather|RainDance|[upkeep]\n|upkeep\n|\n|t:|1701092011\n|switch|p1b: Amoonguss|Amoonguss, F|100\/100\n|turn|6\n|\n|t:|1701092027\n|move|p2b: Basculegion|Last Respects|p1b: Amoonguss\n|-damage|p1b: Amoonguss|41\/100\n|-enditem|p1b: Amoonguss|Sitrus Berry|[eat]\n|-heal|p1b: Amoonguss|66\/100|[from] item: Sitrus Berry\n|move|p1a: Pelipper|Icy Wind|p2b: Basculegion|[spread] p2a,p2b\n|-supereffective|p2a: Iron Leaves\n|-resisted|p2b: Basculegion\n|-damage|p2a: Iron Leaves|33\/100\n|-damage|p2b: Basculegion|82\/100\n|-unboost|p2a: Iron Leaves|spe|1\n|-unboost|p2b: Basculegion|spe|1\n|move|p1b: Amoonguss|Spore|p2b: Basculegion\n|-status|p2b: Basculegion|slp|[from] move: Spore\n|move|p2a: Iron Leaves|Psyblade|p1a: Pelipper\n|-damage|p1a: Pelipper|5\/100\n|\n|-weather|RainDance|[upkeep]\n|-sideend|p1: tochigiguy|move: Tailwind\n|upkeep\n|turn|7\n|\n|t:|1701092050\n|move|p1b: Amoonguss|Rage Powder|p1b: Amoonguss\n|-singleturn|p1b: Amoonguss|move: Rage Powder\n|cant|p2b: Basculegion|slp\n|move|p2a: Iron Leaves|Psyblade|p1a: Pelipper\n|-damage|p1a: Pelipper|0 fnt\n|faint|p1a: Pelipper\n|\n|-weather|none\n|upkeep\n|\n|t:|1701092060\n|switch|p1a: Basculin|Basculin, M|100\/100\n|turn|8\n|\n|t:|1701092079\n|move|p1a: Basculin|Crunch|p2b: Basculegion\n|-supereffective|p2b: Basculegion\n|-damage|p2b: Basculegion|24\/100 slp\n|cant|p2b: Basculegion|slp\n|move|p2a: Iron Leaves|Leaf Blade|p1a: Basculin\n|-supereffective|p1a: Basculin\n|-damage|p1a: Basculin|0 fnt\n|faint|p1a: Basculin\n|move|p1b: Amoonguss|Pollen Puff|p2a: Iron Leaves\n|-supereffective|p2a: Iron Leaves\n|-damage|p2a: Iron Leaves|0 fnt\n|faint|p2a: Iron Leaves\n|-end|p2a: Iron Leaves|Quark Drive|[silent]\n|\n|upkeep\n|\n|t:|1701092085\n|switch|p2a: Politoed|Politoed, F|100\/100\n|-weather|RainDance|[from] ability: Drizzle|[of] p2a: Politoed\n|turn|9\n|-message|tochigiguy forfeited.\n|\n|win|Cryptic_Brawler\n|raw|tochigiguy's rating: 1190 &rarr; <strong>1163<\/strong><br \/>(-27 for losing)\n|raw|Cryptic_Brawler's rating: 1156 &rarr; <strong>1183<\/strong><br \/>(+27 for winning)\n|l|\u2606tochigiguy\n","uploadtime":1701092100,"views":14,"p1id":"tochigiguy","p2id":"crypticbrawler","formatid":"gen9doublesou","rating":1163,"private":0,"password":""}