{"id":"gen9doublesou-1970454211","p1":"Flame480","p2":"brassshark","format":"[Gen 9] Doubles OU","log":"|j|\u2606Flame480\n|j|\u2606brassshark\n|t:|1697640273\n|gametype|doubles\n|player|p1|Flame480|flannery|1181\n|player|p2|brassshark|1|1160\n|teamsize|p1|6\n|teamsize|p2|6\n|gen|9\n|tier|[Gen 9] Doubles OU\n|rated|\n|rule|Species Clause: Limit one of each Pok\u00e9mon\n|rule|OHKO Clause: OHKO moves are banned\n|rule|Evasion Moves Clause: Evasion moves are banned\n|rule|Gravity Sleep Clause: The combination of sleep-inducing moves with imperfect accuracy and Gravity or Gigantamax Orbeetle are banned\n|rule|Endless Battle Clause: Forcing endless battles is banned\n|rule|HP Percentage Mod: HP is shown in percentages\n|clearpoke\n|poke|p1|Tyranitar, M|\n|poke|p1|Sandslash, M|\n|poke|p1|Glalie, F|\n|poke|p1|Landorus-Therian, M|\n|poke|p1|Torkoal, M|\n|poke|p1|Ursaluna, F|\n|poke|p2|Scream Tail|\n|poke|p2|Tinkaton, F|\n|poke|p2|Zoroark-Hisui, F|\n|poke|p2|Kleavor, F|\n|poke|p2|Lokix, F|\n|poke|p2|Magnezone|\n|teampreview\n|\n|t:|1697640299\n|start\n|switch|p1a: Tyranitar|Tyranitar, M|100\/100\n|switch|p1b: Torkoal|Torkoal, M|100\/100\n|switch|p2a: Magnezone|Magnezone|100\/100\n|switch|p2b: Kleavor|Kleavor, F|100\/100\n|-item|p2a: Magnezone|Air Balloon\n|-weather|Sandstorm|[from] ability: Sand Stream|[of] p1a: Tyranitar\n|turn|1\n|inactive|Battle timer is ON: inactive players will automatically lose when time's up. (requested by Flame480)\n|\n|t:|1697640346\n|switch|p2a: Tinkaton|Tinkaton, F|100\/100\n|-ability|p2a: Tinkaton|Mold Breaker\n|move|p2b: Kleavor|Stone Axe|p1b: Torkoal\n|-supereffective|p1b: Torkoal\n|-damage|p1b: Torkoal|41\/100\n|-enditem|p1b: Torkoal|Weakness Policy\n|-boost|p1b: Torkoal|atk|2|[from] item: Weakness Policy\n|-boost|p1b: Torkoal|spa|2|[from] item: Weakness Policy\n|-sidestart|p1: Flame480|move: Stealth Rock\n|move|p1a: Tyranitar|Rock Slide|p2a: Tinkaton|[spread] p2a\n|-miss|p1a: Tyranitar|p2b: Kleavor\n|-resisted|p2a: Tinkaton\n|-damage|p2a: Tinkaton|79\/100\n|move|p1b: Torkoal|Yawn|p2b: Kleavor\n|-start|p2b: Kleavor|move: Yawn|[of] p1b: Torkoal\n|\n|-weather|Sandstorm|[upkeep]\n|-damage|p1b: Torkoal|35\/100|[from] Sandstorm\n|upkeep\n|turn|2\n|inactive|brassshark has 120 seconds left.\n|\n|t:|1697640379\n|switch|p2b: Scream Tail|Scream Tail|100\/100\n|-terastallize|p1b: Torkoal|Rock\n|move|p1b: Torkoal|Helping Hand|p1a: Tyranitar\n|-singleturn|p1a: Tyranitar|Helping Hand|[of] p1b: Torkoal\n|move|p2a: Tinkaton|Fake Out|p1b: Torkoal\n|-resisted|p1b: Torkoal\n|-damage|p1b: Torkoal|32\/100\n|move|p1a: Tyranitar|Rock Slide|p2a: Tinkaton|[spread] p2a,p2b\n|-resisted|p2a: Tinkaton\n|-damage|p2a: Tinkaton|45\/100\n|-damage|p2b: Scream Tail|67\/100\n|\n|-weather|Sandstorm|[upkeep]\n|-damage|p2b: Scream Tail|61\/100|[from] Sandstorm\n|upkeep\n|turn|3\n|inactive|brassshark has 120 seconds left.\n|\n|t:|1697640422\n|move|p2a: Tinkaton|Gigaton Hammer|p1b: Torkoal\n|-supereffective|p1b: Torkoal\n|-damage|p1b: Torkoal|0 fnt\n|faint|p1b: Torkoal\n|move|p2b: Scream Tail|Bulk Up|p2b: Scream Tail\n|-boost|p2b: Scream Tail|atk|1\n|-boost|p2b: Scream Tail|def|1\n|move|p1a: Tyranitar|Brick Break|p2a: Tinkaton\n|-damage|p2a: Tinkaton|0 fnt\n|faint|p2a: Tinkaton\n|\n|-weather|Sandstorm|[upkeep]\n|-damage|p2b: Scream Tail|55\/100|[from] Sandstorm\n|upkeep\n|inactive|brassshark has 120 seconds left.\n|\n|t:|1697640441\n|switch|p2a: Magnezone|Magnezone|100\/100\n|switch|p1b: Landorus|Landorus-Therian, M|100\/100\n|-item|p2a: Magnezone|Air Balloon\n|-damage|p1b: Landorus|88\/100|[from] Stealth Rock\n|-ability|p1b: Landorus|Intimidate|boost\n|-unboost|p2a: Magnezone|atk|1\n|-unboost|p2b: Scream Tail|atk|1\n|turn|4\n|\n|t:|1697640456\n|-terastallize|p2b: Scream Tail|Fighting\n|move|p2a: Magnezone|Bitter Malice|p1b: Landorus\n|-damage|p1b: Landorus|49\/100\n|-unboost|p1b: Landorus|atk|1\n|move|p1b: Landorus|Sandsear Storm|p2b: Scream Tail|[spread] p2b\n|-immune|p2a: Magnezone\n|-damage|p2b: Scream Tail|39\/100\n|move|p2b: Scream Tail|Drain Punch|p1a: Tyranitar\n|-supereffective|p1a: Tyranitar\n|-damage|p1a: Tyranitar|16\/100\n|-heal|p2b: Scream Tail|79\/100|[from] drain|[of] p1a: Tyranitar\n|-damage|p2b: Scream Tail|69\/100|[from] item: Life Orb\n|move|p1a: Tyranitar|Brick Break|p2a: Magnezone\n|-immune|p2a: Magnezone\n|\n|-weather|Sandstorm|[upkeep]\n|-damage|p2a: Magnezone|95\/100|[from] Sandstorm\n|-damage|p2b: Scream Tail|62\/100|[from] Sandstorm\n|upkeep\n|turn|5\n|inactive|Flame480 has 120 seconds left.\n|\n|t:|1697640487\n|move|p1a: Tyranitar|Protect|p1a: Tyranitar\n|-singleturn|p1a: Tyranitar|Protect\n|move|p2a: Magnezone|Bitter Malice|p1b: Landorus\n|-damage|p1b: Landorus|14\/100\n|-unboost|p1b: Landorus|atk|1\n|move|p1b: Landorus|Smack Down|p2a: Magnezone\n|-damage|p2a: Magnezone|75\/100\n|replace|p2a: Zoroark|Zoroark-Hisui, F\n|-end|p2a: Zoroark|Illusion\n|-enditem|p2a: Zoroark|Air Balloon\n|move|p2b: Scream Tail|Bulk Up|p2b: Scream Tail\n|-boost|p2b: Scream Tail|atk|1\n|-boost|p2b: Scream Tail|def|1\n|\n|-weather|none\n|upkeep\n|turn|6\n|\n|t:|1697640508\n|switch|p1b: Ursaluna|Ursaluna, F|100\/100\n|-damage|p1b: Ursaluna|94\/100|[from] Stealth Rock\n|switch|p1a: Sandslash|Sandslash, M|100\/100\n|-damage|p1a: Sandslash|94\/100|[from] Stealth Rock\n|move|p2a: Zoroark|Bitter Malice|p1b: Ursaluna\n|-immune|p1b: Ursaluna\n|move|p2b: Scream Tail|Drain Punch|p1a: Sandslash\n|-damage|p1a: Sandslash|50\/100\n|-heal|p2b: Scream Tail|77\/100|[from] drain|[of] p1a: Sandslash\n|-damage|p2b: Scream Tail|68\/100|[from] item: Life Orb\n|\n|-heal|p1a: Sandslash|56\/100|[from] item: Leftovers\n|-status|p1b: Ursaluna|brn|[from] item: Flame Orb\n|upkeep\n|turn|7\n|\n|t:|1697640533\n|move|p1b: Ursaluna|Protect|p1b: Ursaluna\n|-singleturn|p1b: Ursaluna|Protect\n|move|p2a: Zoroark|Bitter Malice|p1a: Sandslash\n|-damage|p1a: Sandslash|0 fnt\n|faint|p1a: Sandslash\n|move|p2b: Scream Tail|Drain Punch|p1b: Ursaluna\n|-activate|p1b: Ursaluna|move: Protect\n|\n|-damage|p1b: Ursaluna|88\/100 brn|[from] brn\n|upkeep\n|inactive|Flame480 has 120 seconds left.\n|\n|t:|1697640545\n|switch|p1a: Tyranitar|Tyranitar, M|16\/100\n|-damage|p1a: Tyranitar|3\/100|[from] Stealth Rock\n|-weather|Sandstorm|[from] ability: Sand Stream|[of] p1a: Tyranitar\n|turn|8\n|\n|t:|1697640560\n|move|p1a: Tyranitar|Protect|p1a: Tyranitar\n|-singleturn|p1a: Tyranitar|Protect\n|move|p2a: Zoroark|Bitter Malice|p1a: Tyranitar\n|-activate|p1a: Tyranitar|move: Protect\n|move|p2b: Scream Tail|Drain Punch|p1b: Ursaluna\n|-supereffective|p1b: Ursaluna\n|-damage|p1b: Ursaluna|34\/100 brn\n|-heal|p2b: Scream Tail|97\/100|[from] drain|[of] p1b: Ursaluna\n|-damage|p2b: Scream Tail|87\/100|[from] item: Life Orb\n|move|p1b: Ursaluna|Facade|p2b: Scream Tail\n|-damage|p2b: Scream Tail|39\/100\n|\n|-weather|Sandstorm|[upkeep]\n|-damage|p2a: Zoroark|69\/100|[from] Sandstorm\n|-damage|p2b: Scream Tail|33\/100|[from] Sandstorm\n|-damage|p1b: Ursaluna|28\/100 brn|[from] brn\n|upkeep\n|turn|9\n|inactive|Flame480 has 120 seconds left.\n|\n|t:|1697640594\n|move|p1a: Tyranitar|Protect|p1a: Tyranitar\n|-singleturn|p1a: Tyranitar|Protect\n|move|p2a: Zoroark|Flamethrower|p1a: Tyranitar\n|-activate|p1a: Tyranitar|move: Protect\n|move|p2b: Scream Tail|Drain Punch|p1b: Ursaluna\n|-supereffective|p1b: Ursaluna\n|-damage|p1b: Ursaluna|0 fnt\n|-heal|p2b: Scream Tail|47\/100|[from] drain|[of] p1b: Ursaluna\n|faint|p1b: Ursaluna\n|-damage|p2b: Scream Tail|37\/100|[from] item: Life Orb\n|\n|-weather|Sandstorm|[upkeep]\n|-damage|p2a: Zoroark|63\/100|[from] Sandstorm\n|-damage|p2b: Scream Tail|31\/100|[from] Sandstorm\n|upkeep\n|inactive|Flame480 has 120 seconds left.\n|\n|t:|1697640607\n|switch|p1b: Landorus|Landorus-Therian, M|14\/100\n|-damage|p1b: Landorus|1\/100|[from] Stealth Rock\n|-ability|p1b: Landorus|Intimidate|boost\n|-unboost|p2a: Zoroark|atk|1\n|-unboost|p2b: Scream Tail|atk|1\n|turn|10\n|\n|t:|1697640624\n|move|p2a: Zoroark|Flamethrower|p1b: Landorus\n|-damage|p1b: Landorus|0 fnt\n|faint|p1b: Landorus\n|move|p2b: Scream Tail|Drain Punch|p1a: Tyranitar\n|-supereffective|p1a: Tyranitar\n|-crit|p1a: Tyranitar\n|-damage|p1a: Tyranitar|0 fnt\n|-heal|p2b: Scream Tail|33\/100|[from] drain|[of] p1a: Tyranitar\n|faint|p1a: Tyranitar\n|-damage|p2b: Scream Tail|23\/100|[from] item: Life Orb\n|\n|-weather|Sandstorm|[upkeep]\n|-damage|p2a: Zoroark|57\/100|[from] Sandstorm\n|-damage|p2b: Scream Tail|16\/100|[from] Sandstorm\n|upkeep\n|\n|t:|1697640638\n|switch|p1a: Glalie|Glalie, F|100\/100\n|-damage|p1a: Glalie|76\/100|[from] Stealth Rock\n|turn|11\n|\n|t:|1697640645\n|move|p1a: Glalie|Protect|p1a: Glalie\n|-singleturn|p1a: Glalie|Protect\n|move|p2a: Zoroark|Flamethrower|p1a: Glalie\n|-activate|p1a: Glalie|move: Protect\n|move|p2b: Scream Tail|Drain Punch|p1a: Glalie\n|-activate|p1a: Glalie|move: Protect\n|\n|-weather|Sandstorm|[upkeep]\n|-damage|p2a: Zoroark|51\/100|[from] Sandstorm\n|-damage|p2b: Scream Tail|10\/100|[from] Sandstorm\n|-ability|p1a: Glalie|Moody|boost\n|-boost|p1a: Glalie|atk|2\n|-unboost|p1a: Glalie|spe|1\n|upkeep\n|turn|12\n|\n|t:|1697640658\n|move|p1a: Glalie|Protect||[still]\n|-fail|p1a: Glalie\n|move|p2a: Zoroark|Flamethrower|p1a: Glalie\n|-supereffective|p1a: Glalie\n|-damage|p1a: Glalie|0 fnt\n|faint|p1a: Glalie\n|\n|win|brassshark\n|raw|Flame480's rating: 1181 &rarr; <strong>1154<\/strong><br \/>(-27 for losing)\n|raw|brassshark's rating: 1160 &rarr; <strong>1187<\/strong><br \/>(+27 for winning)\n|l|\u2606Flame480\n|l|\u2606brassshark\n|j|\u2606brassshark\n|player|p2|brassshark|1\n","uploadtime":1697640755,"views":11,"p1id":"flame480","p2id":"brassshark","formatid":"gen9doublesou","rating":1154,"private":0,"password":""}