{"id":"gen9doublesou-1993411614","p1":"rasil chatta","p2":"outlanderss","format":"[Gen 9] Doubles OU","log":"|j|\u2606rasil chatta\n|j|\u2606outlanderss\n|t:|1700314309\n|gametype|doubles\n|player|p1|rasil chatta|1|\n|player|p2|outlanderss|101|\n|teamsize|p1|6\n|teamsize|p2|6\n|gen|9\n|tier|[Gen 9] Doubles OU\n|rule|Species Clause: Limit one of each Pok\u00e9mon\n|rule|OHKO Clause: OHKO moves are banned\n|rule|Evasion Moves Clause: Evasion moves are banned\n|rule|Gravity Sleep Clause: The combination of sleep-inducing moves with imperfect accuracy and Gravity or Gigantamax Orbeetle are banned\n|rule|Endless Battle Clause: Forcing endless battles is banned\n|rule|HP Percentage Mod: HP is shown in percentages\n|clearpoke\n|poke|p1|Volcarona, F|\n|poke|p1|Heracross, F|\n|poke|p1|Scizor, F|\n|poke|p1|Rabsca, M|\n|poke|p1|Kleavor, M|\n|poke|p1|Ribombee, F|\n|poke|p2|Corviknight, F|\n|poke|p2|Gholdengo|\n|poke|p2|Klefki, F|\n|poke|p2|Tinkaton, F|\n|poke|p2|Heatran, F|\n|poke|p2|Empoleon, F|\n|teampreview\n|j| SD8008\n|inactive|Battle timer is ON: inactive players will automatically lose when time's up. (requested by outlanderss)\n|\n|t:|1700314367\n|start\n|switch|p1a: hatti kira|Heracross, F|100\/100\n|switch|p1b: kalo kira|Volcarona, F|100\/100\n|switch|p2a: Heatran|Heatran, F|100\/100\n|switch|p2b: Tinkaton|Tinkaton, F|100\/100\n|-ability|p2b: Tinkaton|Mold Breaker\n|turn|1\n|\n|t:|1700314396\n|-terastallize|p2a: Heatran|Flying\n|move|p1b: kalo kira|Protect|p1b: kalo kira\n|-singleturn|p1b: kalo kira|Protect\n|move|p2b: Tinkaton|Protect|p2b: Tinkaton\n|-singleturn|p2b: Tinkaton|Protect\n|move|p1a: hatti kira|Earthquake|p2b: Tinkaton|[spread] \n|-activate|p1b: kalo kira|move: Protect\n|-activate|p2b: Tinkaton|move: Protect\n|-immune|p2a: Heatran\n|move|p2a: Heatran|Heat Wave|p1b: kalo kira|[spread] p1a\n|-activate|p1b: kalo kira|move: Protect\n|-supereffective|p1a: hatti kira\n|-damage|p1a: hatti kira|29\/100\n|\n|upkeep\n|turn|2\n|inactive|rasil chatta has 270 seconds left.\n|inactive|rasil chatta has 240 seconds left.\n|inactive|rasil chatta has 210 seconds left.\n|inactive|rasil chatta has 180 seconds left.\n|\n|t:|1700314517\n|switch|p1a: manoj|Kleavor, M|100\/100\n|switch|p2b: Corviknight|Corviknight, F|100\/100\n|-ability|p2b: Corviknight|Pressure\n|move|p1b: kalo kira|Quiver Dance|p1b: kalo kira\n|-boost|p1b: kalo kira|spa|1\n|-boost|p1b: kalo kira|spd|1\n|-boost|p1b: kalo kira|spe|1\n|move|p2a: Heatran|Heat Wave|p1a: manoj|[spread] p1a,p1b\n|-damage|p1a: manoj|64\/100\n|-damage|p1b: kalo kira|79\/100\n|\n|upkeep\n|turn|3\n|inactive|rasil chatta has 180 seconds left.\n|\n|t:|1700314544\n|switch|p2a: Tinkaton|Tinkaton, F|100\/100\n|-ability|p2a: Tinkaton|Mold Breaker\n|move|p1b: kalo kira|Heat Wave|p2a: Tinkaton|[spread] p2a,p2b\n|-supereffective|p2a: Tinkaton\n|-supereffective|p2b: Corviknight\n|-damage|p2a: Tinkaton|0 fnt\n|-damage|p2b: Corviknight|0 fnt\n|faint|p2a: Tinkaton\n|faint|p2b: Corviknight\n|move|p1a: manoj|Stone Axe|p2: Tinkaton|[notarget]\n|-fail|p1a: manoj\n|\n|upkeep\n|\n|t:|1700314553\n|switch|p2b: Klefki|Klefki, F|100\/100\n|switch|p2a: Empoleon|Empoleon, F|100\/100\n|turn|4\n|inactive|rasil chatta has 180 seconds left.\n|inactive|outlanderss has 270 seconds left.\n|\n|t:|1700314609\n|move|p2b: Klefki|Thunder Wave|p1b: kalo kira\n|-status|p1b: kalo kira|par\n|move|p2a: Empoleon|Flip Turn|p1b: kalo kira\n|-supereffective|p1b: kalo kira\n|-damage|p1b: kalo kira|11\/100 par\n|-status|p2a: Empoleon|brn|[from] ability: Flame Body|[of] p1b: kalo kira\n|inactive|outlanderss has 270 seconds left.\n|\n|t:|1700314623\n|switch|p2a: Gholdengo|Gholdengo|100\/100|[from] Flip Turn\n|move|p1a: manoj|Close Combat|p2a: Gholdengo\n|-immune|p2a: Gholdengo\n|move|p1b: kalo kira|Quiver Dance|p1b: kalo kira\n|-boost|p1b: kalo kira|spa|1\n|-boost|p1b: kalo kira|spd|1\n|-boost|p1b: kalo kira|spe|1\n|\n|upkeep\n|turn|5\n|inactive|rasil chatta has 180 seconds left.\n|inactive|outlanderss has 270 seconds left.\n|\n|t:|1700314648\n|move|p2b: Klefki|Light Screen|p2b: Klefki\n|-sidestart|p2: outlanderss|move: Light Screen\n|move|p1b: kalo kira|Heat Wave|p2b: Klefki|[spread] p2a,p2b\n|-supereffective|p2a: Gholdengo\n|-supereffective|p2b: Klefki\n|-damage|p2a: Gholdengo|0 fnt\n|-damage|p2b: Klefki|0 fnt\n|faint|p2a: Gholdengo\n|faint|p2b: Klefki\n|move|p1a: manoj|Night Slash|p2: Gholdengo|[notarget]\n|-fail|p1a: manoj\n|\n|upkeep\n|\n|t:|1700314653\n|switch|p2a: Empoleon|Empoleon, F|100\/100 brn\n|switch|p2b: Heatran|Heatran, F, tera:Flying|100\/100\n|turn|6\n|inactive|rasil chatta has 180 seconds left.\n|\n|t:|1700314669\n|move|p2a: Empoleon|Flip Turn|p1b: kalo kira\n|-supereffective|p1b: kalo kira\n|-damage|p1b: kalo kira|0 fnt\n|faint|p1b: kalo kira\n|move|p1a: manoj|Stone Axe|p2b: Heatran\n|-supereffective|p2b: Heatran\n|-damage|p2b: Heatran|0 fnt\n|-sidestart|p2: outlanderss|move: Stealth Rock\n|faint|p2b: Heatran\n|\n|-damage|p2a: Empoleon|94\/100 brn|[from] brn\n|upkeep\n|inactive|rasil chatta has 180 seconds left.\n|\n|t:|1700314679\n|switch|p1b: meinvalorant|Rabsca, M|100\/100\n|turn|7\n|inactive|rasil chatta has 180 seconds left.\n|-message|outlanderss forfeited.\n|\n|win|rasil chatta\n|l|\u2606outlanderss\n|l|\u2606rasil chatta\n|j|\u2606rasil chatta\n|player|p1|rasil chatta|1\n","uploadtime":1700315543,"views":6,"p1id":"rasilchatta","p2id":"outlanderss","formatid":"gen9doublesou","rating":0,"private":0,"password":""}