{"id":"gen9doublesou-2000433420","p1":"GohanDiamonD","p2":"MageDream\/UHE","format":"[Gen 9] Doubles OU","log":"|j|\u2606GohanDiamonD\n|j|\u2606MageDream\/UHE\n|t:|1701194412\n|gametype|doubles\n|player|p1|GohanDiamonD|benga|1502\n|player|p2|MageDream\/UHE|chuck|1376\n|teamsize|p1|6\n|teamsize|p2|6\n|gen|9\n|tier|[Gen 9] Doubles OU\n|rated|\n|rule|Species Clause: Limit one of each Pok\u00e9mon\n|rule|OHKO Clause: OHKO moves are banned\n|rule|Evasion Moves Clause: Evasion moves are banned\n|rule|Gravity Sleep Clause: The combination of sleep-inducing moves with imperfect accuracy and Gravity or Gigantamax Orbeetle are banned\n|rule|Endless Battle Clause: Forcing endless battles is banned\n|rule|HP Percentage Mod: HP is shown in percentages\n|clearpoke\n|poke|p1|Murkrow, F|\n|poke|p1|Torterra, F|\n|poke|p1|Gholdengo|\n|poke|p1|Iron Hands|\n|poke|p1|Flutter Mane|\n|poke|p1|Ogerpon-Hearthflame, F|\n|poke|p2|Arcanine, M|\n|poke|p2|Rillaboom, F|\n|poke|p2|Walking Wake|\n|poke|p2|Sableye, F|\n|poke|p2|Leafeon, F|\n|poke|p2|Ninetales, F|\n|teampreview\n|\n|t:|1701194426\n|start\n|switch|p1a: Murkrow|Murkrow, F|100\/100\n|switch|p1b: Iron Hands|Iron Hands|100\/100\n|switch|p2a: Leafeon|Leafeon, F|100\/100\n|switch|p2b: Ninetales|Ninetales, F, shiny|100\/100\n|-weather|SunnyDay|[from] ability: Drought|[of] p2b: Ninetales\n|turn|1\n|\n|t:|1701194466\n|move|p1b: Iron Hands|Fake Out|p2a: Leafeon\n|-damage|p2a: Leafeon|83\/100\n|move|p1a: Murkrow|Taunt|p2b: Ninetales\n|-start|p2b: Ninetales|move: Taunt\n|move|p2a: Leafeon|Razor Leaf|p1b: Iron Hands|[spread] p1a,p1b\n|-resisted|p1a: Murkrow\n|-crit|p1b: Iron Hands\n|-damage|p1a: Murkrow|91\/100\n|-damage|p1b: Iron Hands|80\/100\n|move|p2b: Ninetales|Heat Wave|p1a: Murkrow|[spread] p1a,p1b\n|-damage|p1a: Murkrow|40\/100\n|-damage|p1b: Iron Hands|57\/100\n|\n|-weather|SunnyDay|[upkeep]\n|upkeep\n|turn|2\n|\n|t:|1701194492\n|move|p1a: Murkrow|Tailwind|p1a: Murkrow\n|-sidestart|p1: GohanDiamonD|move: Tailwind\n|move|p2a: Leafeon|Swords Dance|p2a: Leafeon\n|-boost|p2a: Leafeon|atk|2\n|move|p2b: Ninetales|Heat Wave|p1b: Iron Hands|[spread] p1a,p1b\n|-damage|p1a: Murkrow|0 fnt\n|-damage|p1b: Iron Hands|34\/100\n|faint|p1a: Murkrow\n|move|p1b: Iron Hands|Close Combat|p2b: Ninetales\n|-damage|p2b: Ninetales|0 fnt\n|-unboost|p1b: Iron Hands|def|1\n|-unboost|p1b: Iron Hands|spd|1\n|faint|p2b: Ninetales\n|\n|-weather|SunnyDay|[upkeep]\n|upkeep\n|\n|t:|1701194508\n|switch|p2b: Arcanine|Arcanine, M, shiny|100\/100\n|switch|p1a: Ogerpon|Ogerpon-Hearthflame, F|100\/100\n|-ability|p1a: Ogerpon|Mold Breaker\n|-ability|p2b: Arcanine|Intimidate|boost\n|-unboost|p1a: Ogerpon|atk|1\n|-unboost|p1b: Iron Hands|atk|1\n|turn|3\n|\n|t:|1701194543\n|-terastallize|p1a: Ogerpon|Fire\n|detailschange|p1a: Ogerpon|Ogerpon-Hearthflame-Tera, F, tera:Fire\n|-ability|p1a: Ogerpon|Embody Aspect (Hearthflame)|boost\n|-boost|p1a: Ogerpon|atk|1\n|-enditem|p2b: Arcanine|Mirror Herb\n|-boost|p2b: Arcanine|atk|1|[from] item: Mirror Herb\n|-terastallize|p2a: Leafeon|Rock\n|move|p1a: Ogerpon|Ivy Cudgel|p2a: Leafeon|[anim] Ivy Cudgel Fire\n|-resisted|p2a: Leafeon\n|-damage|p2a: Leafeon|28\/100\n|move|p2a: Leafeon|Razor Leaf|p1b: Iron Hands|[spread] p1a,p1b\n|-resisted|p1a: Ogerpon\n|-damage|p1a: Ogerpon|75\/100\n|-damage|p1b: Iron Hands|0 fnt\n|faint|p1b: Iron Hands\n|-end|p1b: Iron Hands|Quark Drive|[silent]\n|move|p2b: Arcanine|Overheat|p1a: Ogerpon\n|-resisted|p1a: Ogerpon\n|-damage|p1a: Ogerpon|34\/100\n|-unboost|p2b: Arcanine|spa|2\n|\n|-weather|SunnyDay|[upkeep]\n|upkeep\n|\n|t:|1701194559\n|switch|p1b: Torterra|Torterra, F|100\/100\n|turn|4\n|\n|t:|1701194571\n|switch|p1a: Gholdengo|Gholdengo|100\/100\n|-item|p1a: Gholdengo|Air Balloon\n|move|p2b: Arcanine|Extreme Speed|p1a: Gholdengo\n|-immune|p1a: Gholdengo\n|move|p2a: Leafeon|Solar Blade||[still]\n|-prepare|p2a: Leafeon|Solar Blade\n|-anim|p2a: Leafeon|Solar Blade|p1b: Torterra\n|-damage|p1b: Torterra|0 fnt\n|faint|p1b: Torterra\n|\n|-weather|SunnyDay|[upkeep]\n|upkeep\n|\n|t:|1701194583\n|switch|p1b: Flutter Mane|Flutter Mane|100\/100\n|-activate|p1b: Flutter Mane|ability: Protosynthesis\n|-start|p1b: Flutter Mane|protosynthesisspe\n|turn|5\n|\n|t:|1701194598\n|switch|p2a: Walking Wake|Walking Wake|100\/100\n|-activate|p2a: Walking Wake|ability: Protosynthesis\n|-start|p2a: Walking Wake|protosynthesisspa\n|move|p1b: Flutter Mane|Dazzling Gleam|p2a: Walking Wake|[spread] p2a,p2b\n|-supereffective|p2a: Walking Wake\n|-resisted|p2b: Arcanine\n|-damage|p2a: Walking Wake|57\/100\n|-damage|p2b: Arcanine|83\/100\n|move|p1a: Gholdengo|Shadow Ball|p2b: Arcanine\n|-damage|p2b: Arcanine|30\/100\n|move|p2b: Arcanine|Snarl|p1b: Flutter Mane|[spread] p1a,p1b\n|-supereffective|p1a: Gholdengo\n|-damage|p1a: Gholdengo|88\/100\n|-damage|p1b: Flutter Mane|96\/100\n|-unboost|p1a: Gholdengo|spa|1\n|-unboost|p1b: Flutter Mane|spa|1\n|-enditem|p1a: Gholdengo|Air Balloon\n|\n|-weather|none\n|-end|p1b: Flutter Mane|Protosynthesis\n|-end|p2a: Walking Wake|Protosynthesis\n|-sideend|p1: GohanDiamonD|move: Tailwind\n|upkeep\n|-enditem|p1b: Flutter Mane|Booster Energy\n|-activate|p1b: Flutter Mane|ability: Protosynthesis|[fromitem]\n|-start|p1b: Flutter Mane|protosynthesisspe\n|turn|6\n|-message|GohanDiamonD forfeited.\n|\n|win|MageDream\/UHE\n|raw|GohanDiamonD's rating: 1502 &rarr; <strong>1475<\/strong><br \/>(-27 for losing)\n|raw|MageDream&#x2f;UHE's rating: 1376 &rarr; <strong>1403<\/strong><br \/>(+27 for winning)\n|l|\u2606GohanDiamonD\n","uploadtime":1701194805,"views":6,"p1id":"gohandiamond","p2id":"magedreamuhe","formatid":"gen9doublesou","rating":1403,"private":0,"password":""}