{"id":"gen9doublesou-1989009672","p1":"lowfat","p2":"cotesmcgotes","format":"[Gen 9] Doubles OU","log":"|j|\u2606lowfat\n|j|\u2606cotesmcgotes\n|t:|1699801725\n|gametype|doubles\n|player|p1|lowfat|benga|1316\n|player|p2|cotesmcgotes|flannery|1377\n|teamsize|p1|6\n|teamsize|p2|6\n|gen|9\n|tier|[Gen 9] Doubles OU\n|rated|\n|rule|Species Clause: Limit one of each Pok\u00e9mon\n|rule|OHKO Clause: OHKO moves are banned\n|rule|Evasion Moves Clause: Evasion moves are banned\n|rule|Gravity Sleep Clause: The combination of sleep-inducing moves with imperfect accuracy and Gravity or Gigantamax Orbeetle are banned\n|rule|Endless Battle Clause: Forcing endless battles is banned\n|rule|HP Percentage Mod: HP is shown in percentages\n|clearpoke\n|poke|p1|Tinkaton, F|\n|poke|p1|Rotom-Wash|\n|poke|p1|Grimmsnarl, M|\n|poke|p1|Iron Jugulis|\n|poke|p1|Brambleghast, M|\n|poke|p1|Garchomp, F|\n|poke|p2|Barraskewda, M|\n|poke|p2|Cresselia, F|\n|poke|p2|Tornadus, M|\n|poke|p2|Sinistcha-Masterpiece|\n|poke|p2|Chien-Pao|\n|poke|p2|Iron Hands|\n|teampreview\n|inactive|Battle timer is ON: inactive players will automatically lose when time's up. (requested by cotesmcgotes)\n|\n|t:|1699801745\n|start\n|switch|p1a: Tinkaton|Tinkaton, F|100\/100\n|switch|p1b: Rotom|Rotom-Wash|100\/100\n|switch|p2a: Barraskewda|Barraskewda, M, shiny|100\/100\n|switch|p2b: Cresselia|Cresselia, F, shiny|100\/100\n|turn|1\n|\n|t:|1699801762\n|switch|p2a: Iron Hands|Iron Hands|100\/100\n|switch|p2b: Sinistcha|Sinistcha-Masterpiece, shiny|100\/100\n|move|p1a: Tinkaton|Fake Out|p2a: Iron Hands\n|-damage|p2a: Iron Hands|95\/100\n|move|p1b: Rotom|Volt Switch|p2a: Iron Hands\n|-resisted|p2a: Iron Hands\n|-damage|p2a: Iron Hands|80\/100\n|\n|t:|1699801771\n|switch|p1b: Iron Jugulis|Iron Jugulis|100\/100|[from] Volt Switch\n|-enditem|p1b: Iron Jugulis|Booster Energy\n|-activate|p1b: Iron Jugulis|ability: Quark Drive|[fromitem]\n|-start|p1b: Iron Jugulis|quarkdrivespe\n|\n|upkeep\n|turn|2\n|\n|t:|1699801794\n|switch|p2b: Tornadus|Tornadus, M, shiny|100\/100\n|move|p1b: Iron Jugulis|U-turn|p2b: Tornadus\n|-resisted|p2b: Tornadus\n|-damage|p2b: Tornadus|92\/100\n|\n|t:|1699801800\n|-end|p1b: Iron Jugulis|Quark Drive|[silent]\n|switch|p1b: Garchomp|Garchomp, F|100\/100|[from] U-turn\n|move|p1a: Tinkaton|Ice Hammer|p2b: Tornadus\n|-supereffective|p2b: Tornadus\n|-damage|p2b: Tornadus|35\/100\n|-unboost|p1a: Tinkaton|spe|1\n|move|p2a: Iron Hands|Thunder Punch|p1b: Garchomp\n|-immune|p1b: Garchomp\n|\n|upkeep\n|turn|3\n|inactive|lowfat has 120 seconds left.\n|\n|t:|1699801846\n|-end|p2a: Iron Hands|Quark Drive|[silent]\n|switch|p2a: Cresselia|Cresselia, F, shiny|100\/100\n|switch|p1a: Rotom|Rotom-Wash|100\/100\n|move|p2b: Tornadus|Tailwind|p2b: Tornadus\n|-sidestart|p2: cotesmcgotes|move: Tailwind\n|move|p1b: Garchomp|Rock Slide|p2b: Tornadus|[spread] p2a,p2b\n|-supereffective|p2b: Tornadus\n|-damage|p2a: Cresselia|87\/100\n|-damage|p2b: Tornadus|0 fnt\n|faint|p2b: Tornadus\n|\n|-heal|p2a: Cresselia|93\/100|[from] item: Leftovers\n|upkeep\n|\n|t:|1699801866\n|switch|p2b: Sinistcha|Sinistcha-Masterpiece, shiny|100\/100\n|-heal|p2a: Cresselia|100\/100|[from] ability: Hospitality|[of] p2b: Sinistcha\n|turn|4\n|\n|t:|1699801877\n|move|p2b: Sinistcha|Strength Sap|p1b: Garchomp\n|-unboost|p1b: Garchomp|atk|1\n|move|p2a: Cresselia|Calm Mind|p2a: Cresselia\n|-boost|p2a: Cresselia|spa|1\n|-boost|p2a: Cresselia|spd|1\n|move|p1b: Garchomp|Outrage|p2a: Cresselia\n|-damage|p2a: Cresselia|69\/100\n|move|p1a: Rotom|Discharge|p2a: Cresselia|[spread] p2a,p2b\n|-immune|p1b: Garchomp\n|-resisted|p2b: Sinistcha\n|-damage|p2a: Cresselia|50\/100\n|-damage|p2b: Sinistcha|67\/100\n|-status|p2b: Sinistcha|par\n|\n|-heal|p2a: Cresselia|56\/100|[from] item: Leftovers\n|upkeep\n|turn|5\n|\n|t:|1699801898\n|-terastallize|p2a: Cresselia|Electric\n|move|p2a: Cresselia|Calm Mind|p2a: Cresselia\n|-boost|p2a: Cresselia|spa|1\n|-boost|p2a: Cresselia|spd|1\n|move|p2b: Sinistcha|Strength Sap|p1b: Garchomp\n|-unboost|p1b: Garchomp|atk|1\n|-heal|p2b: Sinistcha|100\/100 par\n|move|p1b: Garchomp|Outrage|p2b: Sinistcha|[from]lockedmove\n|-crit|p2b: Sinistcha\n|-damage|p2b: Sinistcha|0 fnt\n|faint|p2b: Sinistcha\n|move|p1a: Rotom|Discharge|p2a: Cresselia|[spread] p2a\n|-immune|p1b: Garchomp\n|-resisted|p2a: Cresselia\n|-damage|p2a: Cresselia|48\/100\n|\n|-heal|p2a: Cresselia|54\/100|[from] item: Leftovers\n|upkeep\n|inactive|cotesmcgotes has 120 seconds left.\n|\n|t:|1699801919\n|switch|p2b: Iron Hands|Iron Hands|80\/100\n|turn|6\n|\n|t:|1699801930\n|switch|p1a: Grimmsnarl|Grimmsnarl, M|100\/100\n|move|p2a: Cresselia|Moonblast|p1b: Garchomp\n|-supereffective|p1b: Garchomp\n|-damage|p1b: Garchomp|47\/100\n|move|p2b: Iron Hands|Thunder Punch|p1a: Grimmsnarl\n|-damage|p1a: Grimmsnarl|63\/100\n|-status|p1a: Grimmsnarl|par\n|move|p1b: Garchomp|Outrage|p2b: Iron Hands|[from]lockedmove\n|-damage|p2b: Iron Hands|60\/100\n|-start|p1b: Garchomp|confusion|[fatigue]\n|\n|-heal|p2a: Cresselia|60\/100|[from] item: Leftovers\n|-sideend|p2: cotesmcgotes|move: Tailwind\n|upkeep\n|turn|7\n|inactive|cotesmcgotes has 120 seconds left.\n|\n|t:|1699801978\n|switch|p1b: Rotom|Rotom-Wash|100\/100\n|cant|p1a: Grimmsnarl|par\n|move|p2a: Cresselia|Moonblast|p1a: Grimmsnarl\n|-supereffective|p1a: Grimmsnarl\n|-damage|p1a: Grimmsnarl|0 fnt\n|faint|p1a: Grimmsnarl\n|move|p2b: Iron Hands|Drain Punch|p1b: Rotom\n|-crit|p1b: Rotom\n|-damage|p1b: Rotom|14\/100\n|-heal|p2b: Iron Hands|80\/100|[from] drain|[of] p1b: Rotom\n|\n|-heal|p2a: Cresselia|66\/100|[from] item: Leftovers\n|upkeep\n|inactive|lowfat has 120 seconds left.\n|\n|t:|1699802015\n|switch|p1a: Garchomp|Garchomp, F|47\/100\n|turn|8\n|inactive|cotesmcgotes has 120 seconds left.\n|\n|t:|1699802035\n|move|p1a: Garchomp|Earthquake|p2a: Cresselia|[spread] p2b\n|-immune|p1b: Rotom|[from] ability: Levitate\n|-immune|p2a: Cresselia|[from] ability: Levitate\n|-supereffective|p2b: Iron Hands\n|-damage|p2b: Iron Hands|31\/100\n|move|p1b: Rotom|Volt Switch|p2a: Cresselia\n|-resisted|p2a: Cresselia\n|-crit|p2a: Cresselia\n|-damage|p2a: Cresselia|41\/100\n|\n|t:|1699802046\n|switch|p1b: Tinkaton|Tinkaton, F|100\/100|[from] Volt Switch\n|move|p2a: Cresselia|Moonblast|p1a: Garchomp\n|-supereffective|p1a: Garchomp\n|-damage|p1a: Garchomp|0 fnt\n|faint|p1a: Garchomp\n|move|p2b: Iron Hands|Drain Punch|p1b: Tinkaton\n|-crit|p1b: Tinkaton\n|-damage|p1b: Tinkaton|20\/100\n|-heal|p2b: Iron Hands|60\/100|[from] drain|[of] p1b: Tinkaton\n|-enditem|p1b: Tinkaton|Red Card|[of] p2b: Iron Hands\n|-enditem|p2b: Iron Hands|Assault Vest|[silent]|[from] ability: Pickpocket|[of] p2b: Iron Hands\n|-item|p1b: Tinkaton|Assault Vest|[from] ability: Pickpocket|[of] p2b: Iron Hands\n|-end|p2b: Iron Hands|Quark Drive|[silent]\n|drag|p2b: Barraskewda|Barraskewda, M, shiny|100\/100\n|\n|-heal|p2a: Cresselia|47\/100|[from] item: Leftovers\n|upkeep\n|inactive|lowfat has 90 seconds left.\n|\n|t:|1699802067\n|switch|p1a: Iron Jugulis|Iron Jugulis|100\/100\n|turn|9\n|\n|t:|1699802080\n|move|p1b: Tinkaton|Fake Out|p2b: Barraskewda\n|-damage|p2b: Barraskewda|84\/100\n|move|p2b: Barraskewda|Acupressure|p2a: Cresselia\n|-boost|p2a: Cresselia|spd|2\n|move|p1a: Iron Jugulis|Tailwind|p1a: Iron Jugulis\n|-sidestart|p1: lowfat|move: Tailwind\n|move|p2a: Cresselia|Moonblast|p1a: Iron Jugulis\n|-supereffective|p1a: Iron Jugulis\n|-damage|p1a: Iron Jugulis|0 fnt\n|faint|p1a: Iron Jugulis\n|-end|p1a: Iron Jugulis|Quark Drive|[silent]\n|\n|-heal|p2a: Cresselia|53\/100|[from] item: Leftovers\n|upkeep\n|\n|t:|1699802088\n|switch|p1a: Brambleghast|Brambleghast, M|100\/100\n|-ability|p1a: Brambleghast|Wind Rider|boost\n|-boost|p1a: Brambleghast|atk|1\n|turn|10\n|inactive|cotesmcgotes has 120 seconds left.\n|\n|t:|1699802127\n|switch|p1b: Rotom|Rotom-Wash|14\/100\n|move|p2b: Barraskewda|Aqua Jet|p1b: Rotom\n|-resisted|p1b: Rotom\n|-damage|p1b: Rotom|1\/100\n|move|p1a: Brambleghast|Poltergeist|p2a: Cresselia\n|-activate|p2a: Cresselia|move: Poltergeist|Leftovers\n|-damage|p2a: Cresselia|0 fnt\n|faint|p2a: Cresselia\n|\n|upkeep\n|\n|t:|1699802137\n|switch|p2a: Chien-Pao|Chien-Pao|100\/100\n|-ability|p2a: Chien-Pao|Sword of Ruin\n|turn|11\n|\n|t:|1699802145\n|move|p2b: Barraskewda|Aqua Jet|p1b: Rotom\n|-resisted|p1b: Rotom\n|-damage|p1b: Rotom|0 fnt\n|faint|p1b: Rotom\n|move|p2a: Chien-Pao|Sucker Punch|p1a: Brambleghast\n|-supereffective|p1a: Brambleghast\n|-damage|p1a: Brambleghast|0 fnt\n|faint|p1a: Brambleghast\n|\n|upkeep\n|-message|lowfat forfeited.\n|\n|win|cotesmcgotes\n|raw|lowfat's rating: 1316 &rarr; <strong>1299<\/strong><br \/>(-17 for losing)\n|raw|cotesmcgotes's rating: 1377 &rarr; <strong>1394<\/strong><br \/>(+17 for winning)\n|l|\u2606lowfat\n","uploadtime":1699802155,"views":4,"p1id":"lowfat","p2id":"cotesmcgotes","formatid":"gen9doublesou","rating":1299,"private":0,"password":""}