{"id":"gen9doublesou-1981944578","p1":"cbender2121","p2":"EkCantDrawLol","format":"[Gen 9] Doubles OU","log":"|j|\u203dcbender2121\n|j|\u2606EkCantDrawLol\n|t:|1698953779\n|gametype|doubles\n|player|p1|cbender2121|swimmerf|1571\n|player|p2|EkCantDrawLol|skierf|1549\n|teamsize|p1|6\n|teamsize|p2|6\n|gen|9\n|tier|[Gen 9] Doubles OU\n|rated|\n|rule|Species Clause: Limit one of each Pok\u00e9mon\n|rule|OHKO Clause: OHKO moves are banned\n|rule|Evasion Moves Clause: Evasion moves are banned\n|rule|Gravity Sleep Clause: The combination of sleep-inducing moves with imperfect accuracy and Gravity or Gigantamax Orbeetle are banned\n|rule|Endless Battle Clause: Forcing endless battles is banned\n|rule|HP Percentage Mod: HP is shown in percentages\n|clearpoke\n|poke|p1|Hatterene, F|\n|poke|p1|Iron Hands|\n|poke|p1|Chien-Pao|\n|poke|p1|Glimmora, F|\n|poke|p1|Breloom, F|\n|poke|p1|Basculegion-F, F|\n|poke|p2|Ogerpon-Hearthflame, F|\n|poke|p2|Kingambit, M|\n|poke|p2|Tornadus, M|\n|poke|p2|Flutter Mane|\n|poke|p2|Walking Wake|\n|poke|p2|Landorus-Therian, M|\n|teampreview\n|\n|t:|1698953793\n|start\n|switch|p1a: Hatterene|Hatterene, F|100\/100\n|switch|p1b: Iron Hands|Iron Hands|100\/100\n|switch|p2a: Flutter Mane|Flutter Mane, shiny|100\/100\n|switch|p2b: Landorus|Landorus-Therian, M, shiny|100\/100\n|-ability|p2b: Landorus|Intimidate|boost\n|-unboost|p1a: Hatterene|atk|1\n|-unboost|p1b: Iron Hands|atk|1\n|-enditem|p2a: Flutter Mane|Booster Energy\n|-activate|p2a: Flutter Mane|ability: Protosynthesis|[fromitem]\n|-start|p2a: Flutter Mane|protosynthesisspe\n|-enditem|p1b: Iron Hands|Booster Energy\n|-activate|p1b: Iron Hands|ability: Quark Drive|[fromitem]\n|-start|p1b: Iron Hands|quarkdriveatk\n|turn|1\n|\n|t:|1698953804\n|move|p1b: Iron Hands|Fake Out|p2b: Landorus\n|-damage|p2b: Landorus|85\/100\n|move|p2a: Flutter Mane|Shadow Ball|p1a: Hatterene\n|-supereffective|p1a: Hatterene\n|-damage|p1a: Hatterene|13\/100\n|cant|p2b: Landorus|flinch\n|move|p1a: Hatterene|Trick Room|p1a: Hatterene\n|-fieldstart|move: Trick Room|[of] p1a: Hatterene\n|\n|upkeep\n|turn|2\n|\n|t:|1698953811\n|move|p2a: Flutter Mane|Protect|p2a: Flutter Mane\n|-singleturn|p2a: Flutter Mane|Protect\n|move|p1a: Hatterene|Psychic|p2b: Landorus\n|-damage|p2b: Landorus|20\/100\n|move|p1b: Iron Hands|Wild Charge|p2a: Flutter Mane\n|-activate|p2a: Flutter Mane|move: Protect\n|move|p2b: Landorus|Earthquake|p1a: Hatterene|[spread] p1a,p1b\n|-activate|p2a: Flutter Mane|move: Protect\n|-supereffective|p1b: Iron Hands\n|-damage|p1a: Hatterene|0 fnt\n|-damage|p1b: Iron Hands|51\/100\n|faint|p1a: Hatterene\n|\n|upkeep\n|\n|t:|1698953813\n|switch|p1a: Breloom|Breloom, F, shiny|100\/100\n|turn|3\n|\n|t:|1698953831\n|-end|p2a: Flutter Mane|Protosynthesis|[silent]\n|switch|p2a: Walking Wake|Walking Wake|100\/100\n|move|p1b: Iron Hands|Drain Punch|p2b: Landorus\n|-resisted|p2b: Landorus\n|-damage|p2b: Landorus|0 fnt\n|-heal|p1b: Iron Hands|57\/100|[from] drain|[of] p2b: Landorus\n|faint|p2b: Landorus\n|move|p1a: Breloom|Spore|p2a: Walking Wake\n|-status|p2a: Walking Wake|slp|[from] move: Spore\n|\n|upkeep\n|\n|t:|1698953837\n|switch|p2b: Ogerpon|Ogerpon-Hearthflame, F|100\/100\n|-ability|p2b: Ogerpon|Mold Breaker\n|turn|4\n|inactive|Battle timer is ON: inactive players will automatically lose when time's up. (requested by EkCantDrawLol)\n|\n|t:|1698953876\n|move|p1b: Iron Hands|Stomping Tantrum|p2b: Ogerpon\n|-damage|p2b: Ogerpon|67\/100\n|move|p1a: Breloom|Bullet Seed|p2a: Walking Wake\n|-damage|p2a: Walking Wake|80\/100 slp\n|-damage|p2a: Walking Wake|61\/100 slp\n|-damage|p2a: Walking Wake|40\/100 slp\n|-damage|p2a: Walking Wake|22\/100 slp\n|-damage|p2a: Walking Wake|1\/100 slp\n|-hitcount|p2a: Walking Wake|5\n|cant|p2a: Walking Wake|slp\n|move|p2b: Ogerpon|Swords Dance|p2b: Ogerpon\n|-boost|p2b: Ogerpon|atk|2\n|\n|-heal|p2a: Walking Wake|7\/100 slp|[from] item: Leftovers\n|upkeep\n|turn|5\n|\n|t:|1698953889\n|-curestatus|p2a: Walking Wake|slp|[msg]\n|move|p2a: Walking Wake|Protect|p2a: Walking Wake\n|-singleturn|p2a: Walking Wake|Protect\n|move|p2b: Ogerpon|Spiky Shield|p2b: Ogerpon\n|-singleturn|p2b: Ogerpon|move: Protect\n|move|p1b: Iron Hands|Drain Punch|p2b: Ogerpon\n|-activate|p2b: Ogerpon|move: Protect\n|-damage|p1b: Iron Hands|45\/100|[from] Spiky Shield|[of] p2b: Ogerpon\n|move|p1a: Breloom|Close Combat|p2b: Ogerpon\n|-activate|p2b: Ogerpon|move: Protect\n|-damage|p1a: Breloom|88\/100|[from] Spiky Shield|[of] p2b: Ogerpon\n|\n|-heal|p2a: Walking Wake|13\/100|[from] item: Leftovers\n|-fieldend|move: Trick Room\n|upkeep\n|turn|6\n|\n|t:|1698953906\n|move|p1a: Breloom|Mach Punch|p2a: Walking Wake\n|-damage|p2a: Walking Wake|0 fnt\n|faint|p2a: Walking Wake\n|-end|p2a: Walking Wake|Protosynthesis|[silent]\n|move|p2b: Ogerpon|Horn Leech|p1b: Iron Hands\n|-damage|p1b: Iron Hands|0 fnt\n|-heal|p2b: Ogerpon|100\/100|[from] drain|[of] p1b: Iron Hands\n|faint|p1b: Iron Hands\n|-end|p1b: Iron Hands|Quark Drive|[silent]\n|\n|upkeep\n|\n|t:|1698953914\n|switch|p2a: Flutter Mane|Flutter Mane, shiny|100\/100\n|switch|p1b: Chien-Pao|Chien-Pao|100\/100\n|-ability|p1b: Chien-Pao|Sword of Ruin\n|turn|7\n|\n|t:|1698953924\n|-terastallize|p1a: Breloom|Ghost\n|move|p2a: Flutter Mane|Icy Wind|p1b: Chien-Pao|[spread] p1a,p1b\n|-resisted|p1b: Chien-Pao\n|-damage|p1a: Breloom|66\/100\n|-damage|p1b: Chien-Pao|88\/100\n|-unboost|p1a: Breloom|spe|1\n|-unboost|p1b: Chien-Pao|spe|1\n|move|p2b: Ogerpon|Ivy Cudgel|p1b: Chien-Pao\n|-supereffective|p1b: Chien-Pao\n|-damage|p1b: Chien-Pao|0 fnt\n|faint|p1b: Chien-Pao\n|move|p1a: Breloom|Spore|p2a: Flutter Mane\n|-status|p2a: Flutter Mane|slp|[from] move: Spore\n|\n|upkeep\n|\n|t:|1698953928\n|switch|p1b: Glimmora|Glimmora, F|100\/100\n|turn|8\n|\n|t:|1698953948\n|move|p1a: Breloom|Mach Punch|p2b: Ogerpon\n|-damage|p2b: Ogerpon|57\/100\n|move|p1b: Glimmora|Sludge Bomb|p2b: Ogerpon\n|-supereffective|p2b: Ogerpon\n|-damage|p2b: Ogerpon|0 fnt\n|faint|p2b: Ogerpon\n|cant|p2a: Flutter Mane|slp\n|\n|upkeep\n|\n|t:|1698953962\n|switch|p2b: Tornadus|Tornadus, M, shiny|100\/100\n|turn|9\n|\n|t:|1698953971\n|-terastallize|p2b: Tornadus|Flying\n|cant|p2a: Flutter Mane|slp\n|move|p1b: Glimmora|Sludge Bomb|p2a: Flutter Mane\n|-damage|p2a: Flutter Mane|50\/100 slp\n|move|p2b: Tornadus|Bleakwind Storm|p1a: Breloom|[spread] p1a,p1b\n|-resisted|p1b: Glimmora\n|-damage|p1a: Breloom|0 fnt\n|-damage|p1b: Glimmora|68\/100\n|faint|p1a: Breloom\n|\n|upkeep\n|\n|t:|1698953974\n|switch|p1a: Basculegion|Basculegion-F, F|100\/100\n|turn|10\n|\n|t:|1698953981\n|move|p2b: Tornadus|Protect|p2b: Tornadus\n|-singleturn|p2b: Tornadus|Protect\n|move|p1b: Glimmora|Sludge Bomb|p2a: Flutter Mane\n|-damage|p2a: Flutter Mane|0 fnt\n|faint|p2a: Flutter Mane\n|-end|p2a: Flutter Mane|Protosynthesis|[silent]\n|move|p1a: Basculegion|Last Respects|p2b: Tornadus\n|-activate|p2b: Tornadus|move: Protect\n|\n|upkeep\n|\n|t:|1698953990\n|switch|p2a: Kingambit|Kingambit, M|100\/100\n|turn|11\n|\n|t:|1698953997\n|move|p2a: Kingambit|Sucker Punch|p1a: Basculegion\n|-supereffective|p1a: Basculegion\n|-damage|p1a: Basculegion|0 fnt\n|faint|p1a: Basculegion\n|move|p1b: Glimmora|Sludge Bomb|p2b: Tornadus\n|-damage|p2b: Tornadus|38\/100\n|move|p2b: Tornadus|Bleakwind Storm|p1b: Glimmora\n|-resisted|p1b: Glimmora\n|-damage|p1b: Glimmora|26\/100\n|\n|upkeep\n|turn|12\n|-message|cbender2121 forfeited.\n|\n|win|EkCantDrawLol\n|raw|cbender2121's rating: 1571 &rarr; <strong>1550<\/strong><br \/>(-21 for losing)\n|raw|EkCantDrawLol's rating: 1549 &rarr; <strong>1570<\/strong><br \/>(+21 for winning)\n|c|\u2606EkCantDrawLol|Gg\n|l|\u203dcbender2121\n","uploadtime":1698954012,"views":12,"p1id":"cbender2121","p2id":"ekcantdrawlol","formatid":"gen9doublesou","rating":1550,"private":0,"password":""}