{"id":"gen9doublesou-1979070346","p1":"digoxaolin23","p2":"juliozamudio","format":"[Gen 9] Doubles OU","log":"|j|\u2606digoxaolin23\n|j|\u2606juliozamudio\n|t:|1698628361\n|gametype|doubles\n|player|p1|digoxaolin23|cynthia-gen4|1179\n|player|p2|juliozamudio|170|1182\n|teamsize|p1|6\n|teamsize|p2|6\n|gen|9\n|tier|[Gen 9] Doubles OU\n|rated|\n|rule|Species Clause: Limit one of each Pok\u00e9mon\n|rule|OHKO Clause: OHKO moves are banned\n|rule|Evasion Moves Clause: Evasion moves are banned\n|rule|Gravity Sleep Clause: The combination of sleep-inducing moves with imperfect accuracy and Gravity or Gigantamax Orbeetle are banned\n|rule|Endless Battle Clause: Forcing endless battles is banned\n|rule|HP Percentage Mod: HP is shown in percentages\n|clearpoke\n|poke|p1|Heatran, F|\n|poke|p1|Garchomp, F|\n|poke|p1|Chien-Pao|\n|poke|p1|Gholdengo|\n|poke|p1|Murkrow, F|\n|poke|p1|Maushold|\n|poke|p2|Amoonguss, M|\n|poke|p2|Tropius, F|\n|poke|p2|Sinistcha-Masterpiece|\n|poke|p2|Ogerpon-Hearthflame, F|\n|poke|p2|Breloom, M|\n|poke|p2|Rillaboom, M|\n|teampreview\n|\n|t:|1698628366\n|start\n|switch|p1a: Heatran|Heatran, F, shiny|100\/100\n|switch|p1b: Gholdengo|Gholdengo|100\/100\n|switch|p2a: Amoonguss|Amoonguss, M|100\/100\n|switch|p2b: Rillaboom|Rillaboom, M|100\/100\n|-fieldstart|move: Grassy Terrain|[from] ability: Grassy Surge|[of] p2b: Rillaboom\n|turn|1\n|\n|t:|1698628381\n|move|p1b: Gholdengo|Nasty Plot|p1b: Gholdengo\n|-boost|p1b: Gholdengo|spa|2\n|move|p1a: Heatran|Magma Storm|p2b: Rillaboom\n|-supereffective|p2b: Rillaboom\n|-damage|p2b: Rillaboom|33\/100\n|-activate|p2b: Rillaboom|move: Magma Storm|[of] p1a: Heatran\n|move|p2b: Rillaboom|Drum Beating|p1b: Gholdengo\n|-resisted|p1b: Gholdengo\n|-damage|p1b: Gholdengo|70\/100\n|-unboost|p1b: Gholdengo|spe|1\n|move|p2a: Amoonguss|Spore|p1a: Heatran\n|-status|p1a: Heatran|slp|[from] move: Spore\n|\n|-heal|p2b: Rillaboom|39\/100|[from] Grassy Terrain\n|-heal|p1b: Gholdengo|76\/100|[from] Grassy Terrain\n|-damage|p2b: Rillaboom|27\/100|[from] move: Magma Storm|[partiallytrapped]\n|upkeep\n|turn|2\n|inactive|Battle timer is ON: inactive players will automatically lose when time's up. (requested by digoxaolin23)\n|\n|t:|1698628425\n|switch|p2a: Tropius|Tropius, F|100\/100\n|cant|p1a: Heatran|slp\n|move|p2b: Rillaboom|Drum Beating|p1b: Gholdengo\n|-resisted|p1b: Gholdengo\n|-damage|p1b: Gholdengo|43\/100\n|-unboost|p1b: Gholdengo|spe|1\n|move|p1b: Gholdengo|Make It Rain|p2b: Rillaboom|[spread] p2a,p2b\n|-damage|p2a: Tropius|17\/100\n|-damage|p2b: Rillaboom|0 fnt\n|-unboost|p1b: Gholdengo|spa|1\n|-enditem|p2a: Tropius|Sitrus Berry|[eat]\n|-heal|p2a: Tropius|42\/100|[from] item: Sitrus Berry\n|faint|p2b: Rillaboom\n|-damage|p1b: Gholdengo|33\/100|[from] item: Life Orb\n|\n|-heal|p1b: Gholdengo|39\/100|[from] Grassy Terrain\n|-item|p2a: Tropius|Sitrus Berry|[from] ability: Harvest\n|upkeep\n|-enditem|p2a: Tropius|Sitrus Berry|[eat]\n|-heal|p2a: Tropius|67\/100|[from] item: Sitrus Berry\n|\n|t:|1698628438\n|switch|p2b: Sinistcha|Sinistcha-Masterpiece|100\/100\n|-heal|p2a: Tropius|92\/100|[from] ability: Hospitality|[of] p2b: Sinistcha\n|turn|3\n|\n|t:|1698628452\n|-curestatus|p1a: Heatran|slp|[msg]\n|move|p1a: Heatran|Magma Storm|p2a: Tropius\n|-supereffective|p2a: Tropius\n|-damage|p2a: Tropius|36\/100\n|-activate|p2a: Tropius|move: Magma Storm|[of] p1a: Heatran\n|move|p2b: Sinistcha|Calm Mind|p2b: Sinistcha\n|-boost|p2b: Sinistcha|spa|1\n|-boost|p2b: Sinistcha|spd|1\n|move|p2a: Tropius|Tailwind|p2a: Tropius\n|-sidestart|p2: juliozamudio|move: Tailwind\n|move|p1b: Gholdengo|Make It Rain|p2b: Sinistcha|[spread] p2a,p2b\n|-damage|p2a: Tropius|0 fnt\n|-damage|p2b: Sinistcha|27\/100\n|-unboost|p1b: Gholdengo|spa|1\n|faint|p2a: Tropius\n|-damage|p1b: Gholdengo|29\/100|[from] item: Life Orb\n|\n|-heal|p2b: Sinistcha|33\/100|[from] Grassy Terrain\n|-heal|p1b: Gholdengo|35\/100|[from] Grassy Terrain\n|upkeep\n|inactive|juliozamudio has 120 seconds left.\n|l|\u2606juliozamudio\n|inactive|juliozamudio disconnected and has a minute to reconnect!\n|player|p2|\n|j|\u2606juliozamudio\n|inactive|juliozamudio reconnected and has 105 seconds left.\n|player|p2|juliozamudio|170\n|\n|t:|1698628503\n|switch|p2a: Amoonguss|Amoonguss, M|100\/100\n|turn|4\n|inactive|juliozamudio has 120 seconds left.\n|\n|t:|1698628513\n|move|p2b: Sinistcha|Shadow Ball|p1b: Gholdengo\n|-supereffective|p1b: Gholdengo\n|-damage|p1b: Gholdengo|0 fnt\n|faint|p1b: Gholdengo\n|move|p2a: Amoonguss|Pollen Puff|p2b: Sinistcha\n|-heal|p2b: Sinistcha|83\/100\n|move|p1a: Heatran|Magma Storm|p2a: Amoonguss\n|-supereffective|p2a: Amoonguss\n|-damage|p2a: Amoonguss|45\/100\n|-activate|p2a: Amoonguss|move: Magma Storm|[of] p1a: Heatran\n|\n|-heal|p2b: Sinistcha|89\/100|[from] Grassy Terrain\n|-heal|p2a: Amoonguss|51\/100|[from] Grassy Terrain\n|-damage|p2a: Amoonguss|39\/100|[from] move: Magma Storm|[partiallytrapped]\n|upkeep\n|\n|t:|1698628534\n|switch|p1b: Chien-Pao|Chien-Pao|100\/100\n|-ability|p1b: Chien-Pao|Sword of Ruin\n|turn|5\n|\n|t:|1698628541\n|move|p1b: Chien-Pao|Ice Spinner|p2a: Amoonguss\n|-supereffective|p2a: Amoonguss\n|-damage|p2a: Amoonguss|0 fnt\n|-fieldend|move: Grassy Terrain\n|faint|p2a: Amoonguss\n|move|p2b: Sinistcha|Matcha Gotcha|p1a: Heatran|[spread] p1a,p1b\n|-resisted|p1a: Heatran\n|-damage|p1a: Heatran|93\/100\n|-heal|p2b: Sinistcha|93\/100|[from] drain|[of] p1a: Heatran\n|-damage|p1b: Chien-Pao|25\/100\n|-heal|p2b: Sinistcha|100\/100|[from] drain|[of] p1b: Chien-Pao\n|move|p1a: Heatran|Magma Storm|p2b: Sinistcha\n|-supereffective|p2b: Sinistcha\n|-damage|p2b: Sinistcha|26\/100\n|-activate|p2b: Sinistcha|move: Magma Storm|[of] p1a: Heatran\n|\n|-damage|p2b: Sinistcha|14\/100|[from] move: Magma Storm|[partiallytrapped]\n|upkeep\n|\n|t:|1698628555\n|switch|p2a: Breloom|Breloom, M|100\/100\n|turn|6\n|\n|t:|1698628577\n|move|p1b: Chien-Pao|Sucker Punch|p2b: Sinistcha\n|-supereffective|p2b: Sinistcha\n|-damage|p2b: Sinistcha|0 fnt\n|faint|p2b: Sinistcha\n|move|p2a: Breloom|Bulldoze|p1a: Heatran|[spread] p1a,p1b\n|-supereffective|p1a: Heatran\n|-damage|p1a: Heatran|0 fnt\n|-damage|p1b: Chien-Pao|0 fnt\n|faint|p1a: Heatran\n|faint|p1b: Chien-Pao\n|\n|-sideend|p2: juliozamudio|move: Tailwind\n|upkeep\n|\n|t:|1698628586\n|switch|p1b: Garchomp|Garchomp, F|100\/100\n|switch|p1a: Murkrow|Murkrow, F, shiny|100\/100\n|switch|p2b: Ogerpon|Ogerpon-Hearthflame, F|100\/100\n|-ability|p2b: Ogerpon|Mold Breaker\n|turn|7\n|\n|t:|1698628599\n|move|p1a: Murkrow|Tailwind|p1a: Murkrow\n|-sidestart|p1: digoxaolin23|move: Tailwind\n|move|p1b: Garchomp|Earthquake|p2a: Breloom|[spread] p2a,p2b\n|-immune|p1a: Murkrow\n|-resisted|p2a: Breloom\n|-damage|p2a: Breloom|57\/100\n|-damage|p2b: Ogerpon|33\/100\n|-damage|p1b: Garchomp|91\/100|[from] item: Life Orb\n|move|p2b: Ogerpon|Play Rough|p1b: Garchomp\n|-supereffective|p1b: Garchomp\n|-damage|p1b: Garchomp|19\/100\n|-damage|p2b: Ogerpon|20\/100|[from] ability: Rough Skin|[of] p1b: Garchomp\n|move|p2a: Breloom|Rock Tomb|p1a: Murkrow\n|-supereffective|p1a: Murkrow\n|-damage|p1a: Murkrow|21\/100\n|-unboost|p1a: Murkrow|spe|1\n|\n|upkeep\n|turn|8\n|\n|t:|1698628628\n|-terastallize|p1a: Murkrow|Water\n|move|p2b: Ogerpon|Spiky Shield|p2b: Ogerpon\n|-singleturn|p2b: Ogerpon|move: Protect\n|move|p2a: Breloom|Mach Punch|p1a: Murkrow\n|-damage|p1a: Murkrow|0 fnt\n|faint|p1a: Murkrow\n|move|p1b: Garchomp|Earthquake|p2a: Breloom|[spread] p2a\n|-activate|p2b: Ogerpon|move: Protect\n|-resisted|p2a: Breloom\n|-damage|p2a: Breloom|10\/100\n|-damage|p1b: Garchomp|9\/100|[from] item: Life Orb\n|\n|upkeep\n|inactive|digoxaolin23 has 120 seconds left.\n|\n|t:|1698628639\n|switch|p1a: Maushold|Maushold|100\/100\n|turn|9\n|\n|t:|1698628650\n|move|p1a: Maushold|Follow Me|p1a: Maushold\n|-singleturn|p1a: Maushold|move: Follow Me\n|move|p2a: Breloom|Mach Punch|p1a: Maushold\n|-supereffective|p1a: Maushold\n|-damage|p1a: Maushold|17\/100\n|move|p1b: Garchomp|Earthquake|p2b: Ogerpon|[spread] p1a,p2a,p2b\n|-resisted|p2a: Breloom\n|-damage|p1a: Maushold|0 fnt\n|-damage|p2a: Breloom|0 fnt\n|-damage|p2b: Ogerpon|0 fnt\n|faint|p1a: Maushold\n|faint|p2a: Breloom\n|faint|p2b: Ogerpon\n|-damage|p1b: Garchomp|0 fnt|[from] item: Life Orb\n|faint|p1b: Garchomp\n|\n|win|digoxaolin23\n|raw|digoxaolin23's rating: 1179 &rarr; <strong>1204<\/strong><br \/>(+25 for winning)\n|raw|juliozamudio's rating: 1182 &rarr; <strong>1157<\/strong><br \/>(-25 for losing)\n","uploadtime":1698628668,"views":18,"p1id":"digoxaolin23","p2id":"juliozamudio","formatid":"gen9doublesou","rating":1157,"private":0,"password":""}