{"id":"gen9doublesou-1998077307","p1":"Comandantexcel","p2":"trae mid","format":"[Gen 9] Doubles OU","log":"|j|\u2606Comandantexcel\n|j|\u2606trae mid\n|t:|1700887642\n|gametype|doubles\n|player|p1|Comandantexcel|266|1104\n|player|p2|trae mid|bellelba|1015\n|teamsize|p1|6\n|teamsize|p2|6\n|gen|9\n|tier|[Gen 9] Doubles OU\n|rated|\n|rule|Species Clause: Limit one of each Pok\u00e9mon\n|rule|OHKO Clause: OHKO moves are banned\n|rule|Evasion Moves Clause: Evasion moves are banned\n|rule|Gravity Sleep Clause: The combination of sleep-inducing moves with imperfect accuracy and Gravity or Gigantamax Orbeetle are banned\n|rule|Endless Battle Clause: Forcing endless battles is banned\n|rule|HP Percentage Mod: HP is shown in percentages\n|clearpoke\n|poke|p1|Golem, M|\n|poke|p1|Charizard, M|\n|poke|p1|Decidueye, M|\n|poke|p1|Gyarados, F|\n|poke|p1|Dragonite, M|\n|poke|p1|Maushold-Four|\n|poke|p2|Tornadus, M|\n|poke|p2|Iron Hands|\n|poke|p2|Sinistcha-Masterpiece|\n|poke|p2|Arcanine-Hisui, M|\n|poke|p2|Lilligant, F|\n|poke|p2|Torkoal, M|\n|teampreview\n|\n|t:|1700887659\n|start\n|switch|p1a: Maushold|Maushold-Four|100\/100\n|switch|p1b: Charizard|Charizard, M, shiny|100\/100\n|switch|p2a: Lilligant|Lilligant, F, shiny|100\/100\n|switch|p2b: Torkoal|Torkoal, M|100\/100\n|-weather|SunnyDay|[from] ability: Drought|[of] p2b: Torkoal\n|turn|1\n|\n|t:|1700887679\n|move|p2a: Lilligant|After You|p2b: Torkoal\n|-activate|p2b: Torkoal|move: After You\n|move|p2b: Torkoal|Eruption|p1a: Maushold|[spread] p1a,p1b\n|-resisted|p1b: Charizard\n|-damage|p1a: Maushold|12\/100\n|-damage|p1b: Charizard|65\/100\n|move|p1a: Maushold|Population Bomb|p2b: Torkoal\n|-damage|p2b: Torkoal|93\/100\n|-damage|p2b: Torkoal|87\/100\n|-damage|p2b: Torkoal|80\/100\n|-damage|p2b: Torkoal|73\/100\n|-damage|p2b: Torkoal|67\/100\n|-damage|p2b: Torkoal|60\/100\n|-damage|p2b: Torkoal|53\/100\n|-damage|p2b: Torkoal|47\/100\n|-damage|p2b: Torkoal|40\/100\n|-damage|p2b: Torkoal|33\/100\n|-hitcount|p2b: Torkoal|10\n|move|p1b: Charizard|Fire Blast|p2a: Lilligant\n|-supereffective|p2a: Lilligant\n|-damage|p2a: Lilligant|0 fnt\n|faint|p2a: Lilligant\n|\n|-weather|SunnyDay|[upkeep]\n|upkeep\n|\n|t:|1700887706\n|switch|p2a: Arcanine|Arcanine-Hisui, M|100\/100\n|-ability|p2a: Arcanine|Intimidate|boost\n|-unboost|p1a: Maushold|atk|1\n|-unboost|p1b: Charizard|atk|1\n|turn|2\n|\n|t:|1700887730\n|move|p2b: Torkoal|Protect|p2b: Torkoal\n|-singleturn|p2b: Torkoal|Protect\n|move|p1a: Maushold|Encore||[still]\n|-fail|p1a: Maushold\n|move|p1b: Charizard|Fire Blast|p2b: Torkoal\n|-activate|p2b: Torkoal|move: Protect\n|move|p2a: Arcanine|Rock Slide|p1a: Maushold|[spread] p1a,p1b\n|-supereffective|p1b: Charizard\n|-damage|p1a: Maushold|0 fnt\n|-damage|p1b: Charizard|0 fnt\n|faint|p1a: Maushold\n|faint|p1b: Charizard\n|\n|-weather|SunnyDay|[upkeep]\n|upkeep\n|\n|t:|1700887762\n|switch|p1a: Gyarados|Gyarados, F|100\/100\n|switch|p1b: Golem|Golem, M|100\/100\n|-ability|p1a: Gyarados|Intimidate|boost\n|-unboost|p2a: Arcanine|atk|1\n|-unboost|p2b: Torkoal|atk|1\n|turn|3\n|\n|t:|1700887777\n|move|p1b: Golem|Wide Guard|p1b: Golem\n|-singleturn|p1b: Golem|Wide Guard\n|move|p2a: Arcanine|Rock Slide|p1a: Gyarados|[spread] \n|-activate|p1a: Gyarados|move: Wide Guard\n|-activate|p1b: Golem|move: Wide Guard\n|move|p1a: Gyarados|Hydro Pump|p2b: Torkoal\n|-supereffective|p2b: Torkoal\n|-damage|p2b: Torkoal|0 fnt\n|faint|p2b: Torkoal\n|\n|-weather|SunnyDay|[upkeep]\n|upkeep\n|\n|t:|1700887792\n|switch|p2b: Sinistcha|Sinistcha-Masterpiece, shiny|100\/100\n|turn|4\n|\n|t:|1700887829\n|move|p2a: Arcanine|Rock Slide|p1b: Golem|[spread] p1a,p1b\n|-supereffective|p1a: Gyarados\n|-resisted|p1b: Golem\n|-damage|p1a: Gyarados|44\/100\n|-damage|p1b: Golem|89\/100\n|move|p1a: Gyarados|Blizzard|p2a: Arcanine|[spread] p2b\n|-miss|p1a: Gyarados|p2a: Arcanine\n|-supereffective|p2b: Sinistcha\n|-damage|p2b: Sinistcha|67\/100\n|move|p2b: Sinistcha|Matcha Gotcha|p1b: Golem|[spread] p1a,p1b\n|-supereffective|p1b: Golem\n|-damage|p1a: Gyarados|23\/100\n|-heal|p2b: Sinistcha|77\/100|[from] drain|[of] p1a: Gyarados\n|-damage|p1b: Golem|0 fnt\n|-heal|p2b: Sinistcha|100\/100|[from] drain|[of] p1b: Golem\n|-enditem|p1a: Gyarados|Aguav Berry|[eat]\n|-heal|p1a: Gyarados|56\/100|[from] item: Aguav Berry\n|faint|p1b: Golem\n|\n|-weather|SunnyDay|[upkeep]\n|upkeep\n|\n|t:|1700887848\n|switch|p1b: Dragonite|Dragonite, M|100\/100\n|turn|5\n|\n|t:|1700887865\n|switch|p2a: Iron Hands|Iron Hands|100\/100\n|-terastallize|p1b: Dragonite|Dragon\n|move|p1b: Dragonite|Draco Meteor|p2b: Sinistcha\n|-damage|p2b: Sinistcha|21\/100\n|-unboost|p1b: Dragonite|spa|2\n|-enditem|p2b: Sinistcha|Sitrus Berry|[eat]\n|-heal|p2b: Sinistcha|46\/100|[from] item: Sitrus Berry\n|move|p1a: Gyarados|Earthquake|p2b: Sinistcha|[spread] p1b,p2a,p2b\n|-supereffective|p2a: Iron Hands\n|-resisted|p2b: Sinistcha\n|-damage|p1b: Dragonite|81\/100\n|-damage|p2a: Iron Hands|67\/100\n|-damage|p2b: Sinistcha|38\/100\n|move|p2b: Sinistcha|Strength Sap|p1b: Dragonite\n|-unboost|p1b: Dragonite|atk|1\n|-heal|p2b: Sinistcha|100\/100\n|\n|-weather|none\n|upkeep\n|turn|6\n|\n|t:|1700887893\n|move|p2a: Iron Hands|Fake Out|p1b: Dragonite\n|-damage|p1b: Dragonite|67\/100\n|move|p1a: Gyarados|Earthquake|p2b: Sinistcha|[spread] p1b,p2a,p2b\n|-supereffective|p2a: Iron Hands\n|-resisted|p2b: Sinistcha\n|-damage|p1b: Dragonite|47\/100\n|-damage|p2a: Iron Hands|34\/100\n|-damage|p2b: Sinistcha|92\/100\n|move|p1b: Dragonite|Draco Meteor|p2b: Sinistcha\n|-damage|p2b: Sinistcha|56\/100\n|-unboost|p1b: Dragonite|spa|2\n|move|p2b: Sinistcha|Matcha Gotcha|p1b: Dragonite|[spread] p1a,p1b\n|-resisted|p1b: Dragonite\n|-damage|p1a: Gyarados|33\/100\n|-heal|p2b: Sinistcha|68\/100|[from] drain|[of] p1a: Gyarados\n|-damage|p1b: Dragonite|36\/100\n|-heal|p2b: Sinistcha|74\/100|[from] drain|[of] p1b: Dragonite\n|-status|p1b: Dragonite|brn\n|\n|-damage|p1b: Dragonite|30\/100 brn|[from] brn\n|upkeep\n|turn|7\n|\n|t:|1700887926\n|move|p1b: Dragonite|Draco Meteor|p2b: Sinistcha\n|-damage|p2b: Sinistcha|49\/100\n|-unboost|p1b: Dragonite|spa|2\n|move|p1a: Gyarados|Earthquake|p2a: Iron Hands|[spread] p1b,p2a,p2b\n|-supereffective|p2a: Iron Hands\n|-resisted|p2b: Sinistcha\n|-damage|p1b: Dragonite|8\/100 brn\n|-damage|p2a: Iron Hands|0 fnt\n|-damage|p2b: Sinistcha|40\/100\n|-enditem|p1b: Dragonite|Aguav Berry|[eat]\n|-heal|p1b: Dragonite|41\/100 brn|[from] item: Aguav Berry\n|faint|p2a: Iron Hands\n|-end|p2a: Iron Hands|Quark Drive|[silent]\n|move|p2b: Sinistcha|Matcha Gotcha|p1a: Gyarados|[spread] p1a,p1b\n|-resisted|p1b: Dragonite\n|-damage|p1a: Gyarados|12\/100\n|-heal|p2b: Sinistcha|51\/100|[from] drain|[of] p1a: Gyarados\n|-damage|p1b: Dragonite|29\/100 brn\n|-heal|p2b: Sinistcha|57\/100|[from] drain|[of] p1b: Dragonite\n|\n|-damage|p1b: Dragonite|23\/100 brn|[from] brn\n|upkeep\n|\n|t:|1700887945\n|switch|p2a: Arcanine|Arcanine-Hisui, M|100\/100\n|-ability|p2a: Arcanine|Intimidate|boost\n|-unboost|p1a: Gyarados|atk|1\n|-fail|p1b: Dragonite|unboost|Attack|[from] ability: Inner Focus|[of] p1b: Dragonite\n|turn|8\n|\n|t:|1700887957\n|move|p2a: Arcanine|Rock Slide|p1a: Gyarados|[spread] p1a,p1b\n|-supereffective|p1a: Gyarados\n|-damage|p1a: Gyarados|0 fnt\n|-damage|p1b: Dragonite|0 fnt\n|faint|p1a: Gyarados\n|faint|p1b: Dragonite\n|move|p2b: Sinistcha|Strength Sap|p1: Gyarados|[notarget]\n|-fail|p2b: Sinistcha\n|\n|upkeep\n|\n|t:|1700887974\n|switch|p1a: Decidueye|Decidueye, M|100\/100\n|turn|9\n|\n|t:|1700888006\n|switch|p2a: Tornadus|Tornadus, M, shiny|100\/100\n|move|p2b: Sinistcha|Strength Sap|p1a: Decidueye\n|-unboost|p1a: Decidueye|atk|1\n|-heal|p2b: Sinistcha|100\/100\n|move|p1a: Decidueye|Energy Ball|p2b: Sinistcha\n|-resisted|p2b: Sinistcha\n|-damage|p2b: Sinistcha|81\/100\n|\n|upkeep\n|turn|10\n|\n|t:|1700888027\n|move|p2a: Tornadus|Bleakwind Storm|p1a: Decidueye\n|-supereffective|p1a: Decidueye\n|-damage|p1a: Decidueye|0 fnt\n|faint|p1a: Decidueye\n|\n|win|trae mid\n|raw|Comandantexcel's rating: 1104 &rarr; <strong>1073<\/strong><br \/>(-31 for losing)\n|raw|trae mid's rating: 1015 &rarr; <strong>1062<\/strong><br \/>(+47 for winning)\n","uploadtime":1700888033,"views":6,"p1id":"comandantexcel","p2id":"traemid","formatid":"gen9doublesou","rating":1062,"private":0,"password":""}