{"id":"gen9doublesou-1997538631","p1":"Miraiquaza123","p2":"Monkey717","format":"[Gen 9] Doubles OU","log":"|j|\u2606Miraiquaza123\n|j|\u2606Monkey717\n|t:|1700822268\n|gametype|doubles\n|player|p1|Miraiquaza123|cynthia-gen4|1019\n|player|p2|Monkey717|lucas|1046\n|teamsize|p1|6\n|teamsize|p2|5\n|gen|9\n|tier|[Gen 9] Doubles OU\n|rated|\n|rule|Species Clause: Limit one of each Pok\u00e9mon\n|rule|OHKO Clause: OHKO moves are banned\n|rule|Evasion Moves Clause: Evasion moves are banned\n|rule|Gravity Sleep Clause: The combination of sleep-inducing moves with imperfect accuracy and Gravity or Gigantamax Orbeetle are banned\n|rule|Endless Battle Clause: Forcing endless battles is banned\n|rule|HP Percentage Mod: HP is shown in percentages\n|clearpoke\n|poke|p1|Garchomp, F|\n|poke|p1|Pelipper, M|\n|poke|p1|Pachirisu, M|\n|poke|p1|Flutter Mane|\n|poke|p1|Goodra-Hisui, F|\n|poke|p1|Palafin, F|\n|poke|p2|Oricorio-Sensu, M|\n|poke|p2|Volcarona, M|\n|poke|p2|Kommo-o, M|\n|poke|p2|Pelipper, M|\n|poke|p2|Palafin, M|\n|teampreview\n|\n|t:|1700822295\n|start\n|switch|p1a: Pelipper|Pelipper, M|100\/100\n|switch|p1b: Palafin|Palafin, F, shiny|100\/100\n|switch|p2a: Oricorio|Oricorio-Sensu, M, shiny|100\/100\n|switch|p2b: Volcarona|Volcarona, M, shiny|100\/100\n|-weather|RainDance|[from] ability: Drizzle|[of] p1a: Pelipper\n|turn|1\n|\n|t:|1700822324\n|move|p2b: Volcarona|Quiver Dance|p2b: Volcarona\n|-boost|p2b: Volcarona|spa|1\n|-boost|p2b: Volcarona|spd|1\n|-boost|p2b: Volcarona|spe|1\n|-activate|p2a: Oricorio|ability: Dancer\n|move|p2a: Oricorio|Quiver Dance|p2a: Oricorio|[from]ability: Dancer\n|-boost|p2a: Oricorio|spa|1\n|-boost|p2a: Oricorio|spd|1\n|-boost|p2a: Oricorio|spe|1\n|move|p2a: Oricorio|Revelation Dance|p1b: Palafin\n|-damage|p1b: Palafin|26\/100\n|move|p1b: Palafin|Taunt|p2b: Volcarona\n|-start|p2b: Volcarona|move: Taunt\n|move|p1a: Pelipper|Chilling Water|p2a: Oricorio\n|-damage|p2a: Oricorio|73\/100\n|-unboost|p2a: Oricorio|atk|1\n|\n|-weather|RainDance|[upkeep]\n|-heal|p1b: Palafin|32\/100|[from] item: Leftovers\n|upkeep\n|turn|2\n|\n|t:|1700822353\n|detailschange|p1b: Palafin|Palafin-Hero, F, shiny\n|switch|p1b: Pachirisu|Pachirisu, M|100\/100\n|move|p2a: Oricorio|Protect|p2a: Oricorio\n|-singleturn|p2a: Oricorio|Protect\n|move|p2b: Volcarona|Fiery Dance|p1a: Pelipper\n|-resisted|p1a: Pelipper\n|-damage|p1a: Pelipper|86\/100\n|-activate|p2a: Oricorio|ability: Dancer\n|move|p2a: Oricorio|Fiery Dance|p1a: Pelipper|[from]ability: Dancer\n|-resisted|p1a: Pelipper\n|-damage|p1a: Pelipper|77\/100\n|move|p1a: Pelipper|U-turn|p2a: Oricorio\n|-activate|p2a: Oricorio|move: Protect\n|\n|-weather|RainDance|[upkeep]\n|upkeep\n|turn|3\n|\n|t:|1700822378\n|move|p2b: Volcarona|Fiery Dance|p1b: Pachirisu\n|-damage|p1b: Pachirisu|65\/100\n|-activate|p2a: Oricorio|ability: Dancer\n|move|p2a: Oricorio|Fiery Dance|p1b: Pachirisu|[from]ability: Dancer\n|-crit|p1b: Pachirisu\n|-damage|p1b: Pachirisu|38\/100\n|-boost|p2a: Oricorio|spa|1\n|-enditem|p1b: Pachirisu|Sitrus Berry|[eat]\n|-heal|p1b: Pachirisu|63\/100|[from] item: Sitrus Berry\n|move|p2a: Oricorio|Revelation Dance|p1b: Pachirisu\n|-damage|p1b: Pachirisu|0 fnt\n|faint|p1b: Pachirisu\n|move|p1a: Pelipper|U-turn|p2b: Volcarona\n|-resisted|p2b: Volcarona\n|-damage|p2b: Volcarona|93\/100\n|\n|t:|1700822388\n|switch|p1a: Palafin|Palafin-Hero, F, shiny|32\/100|[from] U-turn\n|-activate|p1a: Palafin|ability: Zero to Hero\n|\n|-weather|RainDance|[upkeep]\n|-heal|p1a: Palafin|38\/100|[from] item: Leftovers\n|upkeep\n|\n|t:|1700822405\n|switch|p1b: Pelipper|Pelipper, M|77\/100\n|turn|4\n|\n|t:|1700822423\n|move|p1b: Pelipper|Helping Hand|p1a: Palafin\n|-singleturn|p1a: Palafin|Helping Hand|[of] p1b: Pelipper\n|move|p1a: Palafin|Jet Punch|p2b: Volcarona\n|-supereffective|p2b: Volcarona\n|-damage|p2b: Volcarona|0 fnt\n|faint|p2b: Volcarona\n|move|p2a: Oricorio|Revelation Dance|p1a: Palafin\n|-damage|p1a: Palafin|0 fnt\n|faint|p1a: Palafin\n|\n|-weather|RainDance|[upkeep]\n|upkeep\n|\n|t:|1700822437\n|switch|p2b: Kommo-o|Kommo-o, M, shiny|100\/100\n|switch|p1a: Flutter Mane|Flutter Mane|100\/100\n|turn|5\n|\n|t:|1700822446\n|move|p1b: Pelipper|Helping Hand|p1a: Flutter Mane\n|-singleturn|p1a: Flutter Mane|Helping Hand|[of] p1b: Pelipper\n|move|p2a: Oricorio|Protect|p2a: Oricorio\n|-singleturn|p2a: Oricorio|Protect\n|move|p1a: Flutter Mane|Dazzling Gleam|p2b: Kommo-o|[spread] p2b\n|-activate|p2a: Oricorio|move: Protect\n|-supereffective|p2b: Kommo-o\n|-damage|p2b: Kommo-o|0 fnt\n|faint|p2b: Kommo-o\n|-damage|p1a: Flutter Mane|91\/100|[from] item: Life Orb\n|\n|-weather|none\n|upkeep\n|\n|t:|1700822461\n|switch|p2b: Palafin|Palafin, M, shiny|100\/100\n|turn|6\n|\n|t:|1700822493\n|move|p2a: Oricorio|Revelation Dance|p1a: Flutter Mane\n|-supereffective|p1a: Flutter Mane\n|-damage|p1a: Flutter Mane|0 fnt\n|faint|p1a: Flutter Mane\n|-end|p1a: Flutter Mane|Protosynthesis|[silent]\n|move|p2b: Palafin|Flip Turn|p1b: Pelipper\n|-resisted|p1b: Pelipper\n|-damage|p1b: Pelipper|66\/100\n|\n|t:|1700822503\n|detailschange|p2b: Palafin|Palafin-Hero, M, shiny\n|switch|p2b: Pelipper|Pelipper, M|100\/100|[from] Flip Turn\n|-weather|RainDance|[from] ability: Drizzle|[of] p2b: Pelipper\n|move|p1b: Pelipper|U-turn|p2a: Oricorio\n|-resisted|p2a: Oricorio\n|-damage|p2a: Oricorio|70\/100\n|\n|t:|1700822506\n|switch|p1b: Goodra|Goodra-Hisui, F|100\/100|[from] U-turn\n|\n|-weather|RainDance|[upkeep]\n|upkeep\n|\n|t:|1700822514\n|switch|p1a: Pelipper|Pelipper, M|66\/100\n|turn|7\n|\n|t:|1700822545\n|move|p2a: Oricorio|Revelation Dance|p1b: Goodra\n|-damage|p1b: Goodra|54\/100\n|move|p2b: Pelipper|Blizzard|p1b: Goodra|[spread] p1b\n|-miss|p2b: Pelipper|p1a: Pelipper\n|-damage|p1b: Goodra|43\/100\n|move|p1b: Goodra|Acid Armor|p1b: Goodra\n|-boost|p1b: Goodra|def|2\n|move|p1a: Pelipper|Chilling Water|p2b: Pelipper\n|-resisted|p2b: Pelipper\n|-damage|p2b: Pelipper|78\/100\n|-unboost|p2b: Pelipper|atk|1\n|\n|-weather|RainDance|[upkeep]\n|upkeep\n|turn|8\n|\n|t:|1700822570\n|move|p2a: Oricorio|Revelation Dance|p1b: Goodra\n|-damage|p1b: Goodra|0 fnt\n|faint|p1b: Goodra\n|move|p2b: Pelipper|Blizzard|p1a: Pelipper\n|-damage|p1a: Pelipper|40\/100\n|move|p1a: Pelipper|Chilling Water|p2a: Oricorio\n|-damage|p2a: Oricorio|45\/100\n|-unboost|p2a: Oricorio|atk|1\n|\n|-weather|RainDance|[upkeep]\n|upkeep\n|\n|t:|1700822574\n|switch|p1b: Garchomp|Garchomp, F|100\/100\n|turn|9\n|\n|t:|1700822591\n|move|p1a: Pelipper|Helping Hand|p1b: Garchomp\n|-singleturn|p1b: Garchomp|Helping Hand|[of] p1a: Pelipper\n|move|p2a: Oricorio|Protect|p2a: Oricorio\n|-singleturn|p2a: Oricorio|Protect\n|move|p1b: Garchomp|Dragon Claw|p2a: Oricorio\n|-activate|p2a: Oricorio|move: Protect\n|move|p2b: Pelipper|Weather Ball|p1b: Garchomp\n|-damage|p1b: Garchomp|51\/100\n|\n|-weather|RainDance|[upkeep]\n|upkeep\n|turn|10\n|\n|t:|1700822622\n|move|p1a: Pelipper|Helping Hand|p1b: Garchomp\n|-singleturn|p1b: Garchomp|Helping Hand|[of] p1a: Pelipper\n|move|p2a: Oricorio|Roost|p2a: Oricorio\n|-heal|p2a: Oricorio|95\/100\n|-singleturn|p2a: Oricorio|move: Roost\n|move|p1b: Garchomp|Dragon Claw|p2a: Oricorio\n|-damage|p2a: Oricorio|11\/100\n|-enditem|p2a: Oricorio|Iapapa Berry|[eat]\n|-heal|p2a: Oricorio|44\/100|[from] item: Iapapa Berry\n|move|p2b: Pelipper|Blizzard|p1a: Pelipper|[spread] p1a\n|-miss|p2b: Pelipper|p1b: Garchomp\n|-damage|p1a: Pelipper|21\/100\n|-enditem|p1a: Pelipper|Figy Berry|[eat]\n|-heal|p1a: Pelipper|54\/100|[from] item: Figy Berry\n|\n|-weather|RainDance|[upkeep]\n|upkeep\n|turn|11\n|\n|t:|1700822651\n|move|p2a: Oricorio|Protect|p2a: Oricorio\n|-singleturn|p2a: Oricorio|Protect\n|move|p1b: Garchomp|Dragon Claw|p2a: Oricorio\n|-activate|p2a: Oricorio|move: Protect\n|move|p2b: Pelipper|U-turn|p1b: Garchomp\n|-damage|p1b: Garchomp|45\/100\n|-damage|p2b: Pelipper|66\/100|[from] ability: Rough Skin|[of] p1b: Garchomp\n|\n|t:|1700822661\n|switch|p2b: Palafin|Palafin-Hero, M, shiny|100\/100|[from] U-turn\n|-activate|p2b: Palafin|ability: Zero to Hero\n|move|p1a: Pelipper|Chilling Water|p2a: Oricorio\n|-activate|p2a: Oricorio|move: Protect\n|\n|-weather|RainDance|[upkeep]\n|upkeep\n|turn|12\n|\n|t:|1700822680\n|move|p1b: Garchomp|Protect|p1b: Garchomp\n|-singleturn|p1b: Garchomp|Protect\n|move|p2b: Palafin|Jet Punch|p1b: Garchomp\n|-activate|p1b: Garchomp|move: Protect\n|move|p2a: Oricorio|Revelation Dance|p1a: Pelipper\n|-damage|p1a: Pelipper|0 fnt\n|faint|p1a: Pelipper\n|\n|-weather|RainDance|[upkeep]\n|upkeep\n|turn|13\n|-message|Miraiquaza123 forfeited.\n|\n|win|Monkey717\n|raw|Miraiquaza123's rating: 1019 &rarr; <strong>1007<\/strong><br \/>(-12 for losing)\n|raw|Monkey717's rating: 1046 &rarr; <strong>1077<\/strong><br \/>(+31 for winning)\n|l|\u2606Miraiquaza123\n","uploadtime":1700822699,"views":5,"p1id":"miraiquaza123","p2id":"monkey717","formatid":"gen9doublesou","rating":1007,"private":0,"password":""}