{"id":"gen9doublesou-1984254898","p1":"VYK3","p2":"JasonJo1993","format":"[Gen 9] Doubles OU","log":"|j|\u2606VYK3\n|j|\u2606JasonJo1993\n|t:|1699235519\n|gametype|doubles\n|player|p1|VYK3|alec-anime|1499\n|player|p2|JasonJo1993|pokekid|1493\n|teamsize|p1|6\n|teamsize|p2|6\n|gen|9\n|tier|[Gen 9] Doubles OU\n|rated|\n|rule|Species Clause: Limit one of each Pok\u00e9mon\n|rule|OHKO Clause: OHKO moves are banned\n|rule|Evasion Moves Clause: Evasion moves are banned\n|rule|Gravity Sleep Clause: The combination of sleep-inducing moves with imperfect accuracy and Gravity or Gigantamax Orbeetle are banned\n|rule|Endless Battle Clause: Forcing endless battles is banned\n|rule|HP Percentage Mod: HP is shown in percentages\n|clearpoke\n|poke|p1|Ogerpon-Wellspring, F|\n|poke|p1|Ninetales-Alola, F|\n|poke|p1|Ursaluna-Bloodmoon, M|\n|poke|p1|Gholdengo|\n|poke|p1|Chien-Pao|\n|poke|p1|Landorus-Therian, M|\n|poke|p2|Torkoal, M|\n|poke|p2|Indeedee-F, F|\n|poke|p2|Armarouge, F|\n|poke|p2|Lilligant-Hisui, F|\n|poke|p2|Flutter Mane|\n|poke|p2|Kleavor, M|\n|teampreview\n|inactive|Battle timer is ON: inactive players will automatically lose when time's up. (requested by VYK3)\n|\n|t:|1699235529\n|start\n|switch|p1a: Landorus|Landorus-Therian, M|100\/100\n|switch|p1b: Ogerpon|Ogerpon-Wellspring, F|100\/100\n|switch|p2a: Torkoal|Torkoal, M|100\/100\n|switch|p2b: Kleavor|Kleavor, M|100\/100\n|-ability|p1a: Landorus|Intimidate|boost\n|-unboost|p2a: Torkoal|atk|1\n|-unboost|p2b: Kleavor|atk|1\n|-weather|SunnyDay|[from] ability: Drought|[of] p2a: Torkoal\n|turn|1\n|\n|t:|1699235554\n|switch|p1b: Ninetales|Ninetales-Alola, F|100\/100\n|-weather|Snow|[from] ability: Snow Warning|[of] p1b: Ninetales\n|move|p2a: Torkoal|Protect|p2a: Torkoal\n|-singleturn|p2a: Torkoal|Protect\n|move|p1a: Landorus|Stealth Rock|p2b: Kleavor\n|-sidestart|p2: JasonJo1993|move: Stealth Rock\n|move|p2b: Kleavor|X-Scissor|p1b: Ninetales\n|-resisted|p1b: Ninetales\n|-damage|p1b: Ninetales|81\/100\n|\n|-weather|Snow|[upkeep]\n|upkeep\n|turn|2\n|inactive|JasonJo1993 has 120 seconds left.\n|\n|t:|1699235590\n|switch|p2a: Indeedee|Indeedee-F, F|100\/100\n|-damage|p2a: Indeedee|88\/100|[from] Stealth Rock\n|-fieldstart|move: Psychic Terrain|[from] ability: Psychic Surge|[of] p2a: Indeedee\n|move|p1b: Ninetales|Aurora Veil|p1b: Ninetales\n|-sidestart|p1: VYK3|move: Aurora Veil\n|move|p1a: Landorus|Stomping Tantrum|p2a: Indeedee\n|-damage|p2a: Indeedee|44\/100\n|move|p2b: Kleavor|Stone Axe|p1b: Ninetales\n|-supereffective|p1b: Ninetales\n|-damage|p1b: Ninetales|39\/100\n|-sidestart|p1: VYK3|move: Stealth Rock\n|\n|-weather|Snow|[upkeep]\n|upkeep\n|turn|3\n|inactive|JasonJo1993 has 120 seconds left.\n|\n|t:|1699235629\n|switch|p1b: Ogerpon|Ogerpon-Wellspring, F|100\/100\n|-damage|p1b: Ogerpon|88\/100|[from] Stealth Rock\n|move|p1a: Landorus|U-turn|p2a: Indeedee\n|-supereffective|p2a: Indeedee\n|-damage|p2a: Indeedee|0 fnt\n|faint|p2a: Indeedee\n|\n|t:|1699235633\n|switch|p1a: Gholdengo|Gholdengo|100\/100|[from] U-turn\n|-damage|p1a: Gholdengo|94\/100|[from] Stealth Rock\n|move|p2b: Kleavor|Stone Axe|p1b: Ogerpon\n|-damage|p1b: Ogerpon|54\/100\n|\n|-weather|Snow|[upkeep]\n|-heal|p1a: Gholdengo|100\/100|[from] item: Leftovers\n|upkeep\n|\n|t:|1699235647\n|switch|p2a: Torkoal|Torkoal, M|100\/100\n|-damage|p2a: Torkoal|75\/100|[from] Stealth Rock\n|-weather|SunnyDay|[from] ability: Drought|[of] p2a: Torkoal\n|turn|4\n|inactive|JasonJo1993 has 120 seconds left.\n|\n|t:|1699235670\n|switch|p2b: Armarouge|Armarouge, F|100\/100\n|-damage|p2b: Armarouge|76\/100|[from] Stealth Rock\n|move|p1b: Ogerpon|Ivy Cudgel|p2a: Torkoal\n|-supereffective|p2a: Torkoal\n|-damage|p2a: Torkoal|31\/100\n|move|p1a: Gholdengo|Make It Rain|p2a: Torkoal|[spread] p2a,p2b\n|-resisted|p2a: Torkoal\n|-resisted|p2b: Armarouge\n|-damage|p2a: Torkoal|4\/100\n|-damage|p2b: Armarouge|50\/100\n|-unboost|p1a: Gholdengo|spa|1\n|move|p2a: Torkoal|Heat Wave|p1b: Ogerpon|[spread] p1a,p1b\n|-supereffective|p1a: Gholdengo\n|-damage|p1a: Gholdengo|44\/100\n|-damage|p1b: Ogerpon|21\/100\n|-status|p1a: Gholdengo|brn\n|\n|-weather|SunnyDay|[upkeep]\n|-heal|p1a: Gholdengo|50\/100 brn|[from] item: Leftovers\n|-damage|p1a: Gholdengo|44\/100 brn|[from] brn\n|upkeep\n|turn|5\n|inactive|JasonJo1993 has 120 seconds left.\n|\n|t:|1699235704\n|move|p1b: Ogerpon|Ivy Cudgel|p2b: Armarouge\n|-supereffective|p2b: Armarouge\n|-damage|p2b: Armarouge|0 fnt\n|faint|p2b: Armarouge\n|move|p1a: Gholdengo|Shadow Ball|p2a: Torkoal\n|-damage|p2a: Torkoal|0 fnt\n|faint|p2a: Torkoal\n|\n|-weather|SunnyDay|[upkeep]\n|-heal|p1a: Gholdengo|50\/100 brn|[from] item: Leftovers\n|-damage|p1a: Gholdengo|44\/100 brn|[from] brn\n|upkeep\n|inactive|JasonJo1993 has 90 seconds left.\n|\n|t:|1699235725\n|switch|p2b: Kleavor|Kleavor, M|100\/100\n|switch|p2a: Flutter Mane|Flutter Mane|100\/100\n|-damage|p2a: Flutter Mane|88\/100|[from] Stealth Rock\n|-activate|p2a: Flutter Mane|ability: Protosynthesis\n|-start|p2a: Flutter Mane|protosynthesisspe\n|-damage|p2b: Kleavor|76\/100|[from] Stealth Rock\n|turn|6\n|\n|t:|1699235739\n|move|p1b: Ogerpon|Follow Me|p1b: Ogerpon\n|-singleturn|p1b: Ogerpon|move: Follow Me\n|move|p2a: Flutter Mane|Shadow Ball|p1b: Ogerpon\n|-damage|p1b: Ogerpon|0 fnt\n|faint|p1b: Ogerpon\n|move|p2b: Kleavor|X-Scissor|p1a: Gholdengo\n|-resisted|p1a: Gholdengo\n|-damage|p1a: Gholdengo|35\/100 brn\n|move|p1a: Gholdengo|Recover|p1a: Gholdengo\n|-heal|p1a: Gholdengo|85\/100 brn\n|\n|-weather|SunnyDay|[upkeep]\n|-heal|p1a: Gholdengo|91\/100 brn|[from] item: Leftovers\n|-damage|p1a: Gholdengo|85\/100 brn|[from] brn\n|-fieldend|move: Psychic Terrain\n|upkeep\n|\n|t:|1699235746\n|switch|p1b: Ninetales|Ninetales-Alola, F|39\/100\n|-damage|p1b: Ninetales|14\/100|[from] Stealth Rock\n|-weather|Snow|[from] ability: Snow Warning|[of] p1b: Ninetales\n|-end|p2a: Flutter Mane|Protosynthesis\n|turn|7\n|inactive|JasonJo1993 has 120 seconds left.\n|\n|t:|1699235763\n|switch|p1a: Landorus|Landorus-Therian, M|100\/100\n|-damage|p1a: Landorus|88\/100|[from] Stealth Rock\n|-ability|p1a: Landorus|Intimidate|boost\n|-unboost|p2a: Flutter Mane|atk|1\n|-unboost|p2b: Kleavor|atk|1\n|move|p1b: Ninetales|Blizzard|p2b: Kleavor|[spread] p2a,p2b\n|-damage|p2a: Flutter Mane|69\/100\n|-damage|p2b: Kleavor|54\/100\n|move|p2a: Flutter Mane|Shadow Ball|p1a: Landorus\n|-damage|p1a: Landorus|56\/100\n|-unboost|p1a: Landorus|spd|1\n|move|p2b: Kleavor|Brick Break|p1b: Ninetales\n|-sideend|p1: VYK3|move: Aurora Veil\n|-damage|p1b: Ninetales|0 fnt\n|faint|p1b: Ninetales\n|\n|-weather|Snow|[upkeep]\n|upkeep\n|\n|t:|1699235773\n|switch|p1b: Chien-Pao|Chien-Pao|100\/100\n|-damage|p1b: Chien-Pao|76\/100|[from] Stealth Rock\n|-ability|p1b: Chien-Pao|Sword of Ruin\n|turn|8\n|\n|t:|1699235789\n|move|p1b: Chien-Pao|Sucker Punch|p2a: Flutter Mane\n|-damage|p2a: Flutter Mane|0 fnt\n|faint|p2a: Flutter Mane\n|-end|p2a: Flutter Mane|Protosynthesis|[silent]\n|move|p1a: Landorus|Stomping Tantrum|p2b: Kleavor\n|-damage|p2b: Kleavor|0 fnt\n|faint|p2b: Kleavor\n|\n|-weather|Snow|[upkeep]\n|upkeep\n|\n|t:|1699235798\n|switch|p2b: Lilligant|Lilligant-Hisui, F|100\/100\n|-damage|p2b: Lilligant|94\/100|[from] Stealth Rock\n|turn|9\n|-message|JasonJo1993 forfeited.\n|\n|win|VYK3\n|raw|VYK3's rating: 1499 &rarr; <strong>1519<\/strong><br \/>(+20 for winning)\n|raw|JasonJo1993's rating: 1493 &rarr; <strong>1473<\/strong><br \/>(-20 for losing)\n|l|\u2606JasonJo1993\n","uploadtime":1699235841,"views":9,"p1id":"vyk3","p2id":"jasonjo1993","formatid":"gen9doublesou","rating":1473,"private":0,"password":""}