{"id":"gen9doublesou-1986560547","p1":"Lucy Ducey Goosey","p2":"1103c","format":"[Gen 9] Doubles OU","log":"|j|\u2606Lucy Ducey Goosey\n|j|\u26061103c\n|t:|1699492055\n|gametype|doubles\n|player|p1|Lucy Ducey Goosey|iris-gen5bw2|1157\n|player|p2|1103c|170|1051\n|teamsize|p1|6\n|teamsize|p2|6\n|gen|9\n|tier|[Gen 9] Doubles OU\n|rated|\n|rule|Species Clause: Limit one of each Pok\u00e9mon\n|rule|OHKO Clause: OHKO moves are banned\n|rule|Evasion Moves Clause: Evasion moves are banned\n|rule|Gravity Sleep Clause: The combination of sleep-inducing moves with imperfect accuracy and Gravity or Gigantamax Orbeetle are banned\n|rule|Endless Battle Clause: Forcing endless battles is banned\n|rule|HP Percentage Mod: HP is shown in percentages\n|clearpoke\n|poke|p1|Sinistcha-Masterpiece|\n|poke|p1|Armarouge, F|\n|poke|p1|Iron Hands|\n|poke|p1|Grimmsnarl, M|\n|poke|p1|Dragonite, F|\n|poke|p1|Ursaluna-Bloodmoon, M|\n|poke|p2|Ursaluna, M|\n|poke|p2|Goodra-Hisui, F|\n|poke|p2|Blissey, F|\n|poke|p2|Toxapex, F|\n|poke|p2|Iron Hands|\n|poke|p2|Sinistcha-Masterpiece|\n|teampreview\n|inactive|Battle timer is ON: inactive players will automatically lose when time's up. (requested by Lucy Ducey Goosey)\n|\n|t:|1699492065\n|start\n|switch|p1a: Sinistcha|Sinistcha-Masterpiece|100\/100\n|switch|p1b: Grimmsnarl|Grimmsnarl, M|100\/100\n|switch|p2a: Toxapex|Toxapex, F, shiny|100\/100\n|switch|p2b: Blissey|Blissey, F, shiny|100\/100\n|turn|1\n|\n|t:|1699492094\n|switch|p1a: Dragonite|Dragonite, F|100\/100\n|move|p1b: Grimmsnarl|Reflect|p1b: Grimmsnarl\n|-sidestart|p1: Lucy Ducey Goosey|Reflect\n|move|p2b: Blissey|Stealth Rock|p1a: Dragonite\n|-sidestart|p1: Lucy Ducey Goosey|move: Stealth Rock\n|move|p2a: Toxapex|Toxic Spikes|p1a: Dragonite\n|-sidestart|p1: Lucy Ducey Goosey|move: Toxic Spikes\n|\n|upkeep\n|turn|2\n|\n|t:|1699492110\n|switch|p2b: Iron Hands|Iron Hands|100\/100\n|-terastallize|p1a: Dragonite|Normal\n|move|p1a: Dragonite|Extreme Speed|p2b: Iron Hands\n|-damage|p2b: Iron Hands|65\/100\n|move|p1b: Grimmsnarl|Light Screen|p1b: Grimmsnarl\n|-sidestart|p1: Lucy Ducey Goosey|move: Light Screen\n|move|p2a: Toxapex|Toxic Spikes|p1b: Grimmsnarl\n|-sidestart|p1: Lucy Ducey Goosey|move: Toxic Spikes\n|\n|upkeep\n|turn|3\n|\n|t:|1699492132\n|switch|p2a: Sinistcha|Sinistcha-Masterpiece, shiny|100\/100\n|-heal|p2b: Iron Hands|90\/100|[from] ability: Hospitality|[of] p2a: Sinistcha\n|move|p1a: Dragonite|Extreme Speed|p2a: Sinistcha\n|-immune|p2a: Sinistcha\n|move|p1b: Grimmsnarl|Parting Shot|p2b: Iron Hands\n|-unboost|p2b: Iron Hands|atk|1\n|-unboost|p2b: Iron Hands|spa|1\n|inactive|Lucy Ducey Goosey has 120 seconds left.\n|\n|t:|1699492156\n|switch|p1b: Iron Hands|Iron Hands|100\/100|[from] Parting Shot\n|-damage|p1b: Iron Hands|94\/100|[from] Stealth Rock\n|-status|p1b: Iron Hands|tox\n|move|p2b: Iron Hands|Drain Punch|p1a: Dragonite\n|-supereffective|p1a: Dragonite\n|-damage|p1a: Dragonite|85\/100\n|-heal|p2b: Iron Hands|97\/100|[from] drain|[of] p1a: Dragonite\n|\n|-damage|p1b: Iron Hands|88\/100 tox|[from] psn\n|upkeep\n|turn|4\n|inactive|1103c has 120 seconds left.\n|inactive|1103c has 90 seconds left.\n|\n|t:|1699492237\n|-terastallize|p2b: Iron Hands|Fighting\n|move|p1b: Iron Hands|Fake Out|p2b: Iron Hands\n|-damage|p2b: Iron Hands|88\/100\n|move|p1a: Dragonite|Extreme Speed|p2b: Iron Hands\n|-damage|p2b: Iron Hands|54\/100\n|cant|p2b: Iron Hands|flinch\n|move|p2a: Sinistcha|Trick Room|p2a: Sinistcha\n|-fieldstart|move: Trick Room|[of] p2a: Sinistcha\n|\n|-damage|p1b: Iron Hands|76\/100 tox|[from] psn\n|upkeep\n|turn|5\n|inactive|1103c has 90 seconds left.\n|inactive|Lucy Ducey Goosey has 120 seconds left.\n|\n|t:|1699492270\n|move|p1a: Dragonite|Extreme Speed|p2b: Iron Hands\n|-damage|p2b: Iron Hands|21\/100\n|move|p1b: Iron Hands|Heavy Slam|p2a: Sinistcha\n|-damage|p2a: Sinistcha|57\/100\n|move|p2b: Iron Hands|Drain Punch|p1a: Dragonite\n|-supereffective|p1a: Dragonite\n|-damage|p1a: Dragonite|45\/100\n|-heal|p2b: Iron Hands|38\/100|[from] drain|[of] p1a: Dragonite\n|move|p2a: Sinistcha|Life Dew|p2a: Sinistcha|[spread] p2a,p2b\n|-heal|p2a: Sinistcha|82\/100\n|-heal|p2b: Iron Hands|63\/100\n|\n|-damage|p1b: Iron Hands|58\/100 tox|[from] psn\n|upkeep\n|turn|6\n|inactive|1103c has 90 seconds left.\n|inactive|Lucy Ducey Goosey has 120 seconds left.\n|\n|t:|1699492311\n|move|p1a: Dragonite|Extreme Speed|p2b: Iron Hands\n|-damage|p2b: Iron Hands|28\/100\n|move|p1b: Iron Hands|Drain Punch|p2b: Iron Hands\n|-damage|p2b: Iron Hands|3\/100\n|-heal|p1b: Iron Hands|69\/100 tox|[from] drain|[of] p2b: Iron Hands\n|move|p2b: Iron Hands|Drain Punch|p1a: Dragonite\n|-supereffective|p1a: Dragonite\n|-damage|p1a: Dragonite|6\/100\n|-heal|p2b: Iron Hands|20\/100|[from] drain|[of] p1a: Dragonite\n|move|p2a: Sinistcha|Life Dew|p2a: Sinistcha|[spread] p2a,p2b\n|-heal|p2a: Sinistcha|100\/100\n|-heal|p2b: Iron Hands|45\/100\n|\n|-damage|p1b: Iron Hands|45\/100 tox|[from] psn\n|upkeep\n|turn|7\n|inactive|Lucy Ducey Goosey has 120 seconds left.\n|inactive|1103c has 90 seconds left.\n|inactive|1103c has 60 seconds left.\n|\n|t:|1699492364\n|-end|p2b: Iron Hands|Quark Drive|[silent]\n|switch|p2b: Ursaluna|Ursaluna, M, shiny|100\/100\n|move|p1a: Dragonite|Extreme Speed|p2b: Ursaluna\n|-damage|p2b: Ursaluna|57\/100\n|move|p1b: Iron Hands|Drain Punch|p2b: Ursaluna\n|-supereffective|p2b: Ursaluna\n|-damage|p2b: Ursaluna|1\/100\n|-heal|p1b: Iron Hands|68\/100 tox|[from] drain|[of] p2b: Ursaluna\n|move|p2a: Sinistcha|Hex|p1b: Iron Hands\n|-damage|p1b: Iron Hands|46\/100 tox\n|\n|-damage|p1b: Iron Hands|15\/100 tox|[from] psn\n|-status|p2b: Ursaluna|brn|[from] item: Flame Orb\n|upkeep\n|turn|8\n|inactive|Lucy Ducey Goosey has 120 seconds left.\n|inactive|1103c has 60 seconds left.\n|\n|t:|1699492392\n|-end|p1b: Iron Hands|Quark Drive|[silent]\n|switch|p1b: Sinistcha|Sinistcha-Masterpiece|100\/100\n|-damage|p1b: Sinistcha|88\/100|[from] Stealth Rock\n|-status|p1b: Sinistcha|tox\n|-heal|p1a: Dragonite|31\/100|[from] ability: Hospitality|[of] p1b: Sinistcha\n|move|p1a: Dragonite|Extreme Speed|p2b: Ursaluna\n|-damage|p2b: Ursaluna|0 fnt\n|faint|p2b: Ursaluna\n|move|p2a: Sinistcha|Life Dew||[still]\n|-fail|p2a: Sinistcha|heal\n|\n|-damage|p1b: Sinistcha|82\/100 tox|[from] psn\n|-sideend|p1: Lucy Ducey Goosey|Reflect\n|-fieldend|move: Trick Room\n|upkeep\n|inactive|1103c has 60 seconds left.\n|\n|t:|1699492412\n|switch|p2b: Iron Hands|Iron Hands, tera:Fighting|45\/100\n|turn|9\n|inactive|Lucy Ducey Goosey has 120 seconds left.\n|\n|t:|1699492447\n|move|p1a: Dragonite|Extreme Speed|p2b: Iron Hands\n|-damage|p2b: Iron Hands|7\/100\n|move|p1b: Sinistcha|Matcha Gotcha|p2b: Iron Hands|[spread] p2a,p2b\n|-resisted|p2a: Sinistcha\n|-damage|p2a: Sinistcha|90\/100\n|-heal|p1b: Sinistcha|87\/100 tox|[from] drain|[of] p2a: Sinistcha\n|-damage|p2b: Iron Hands|0 fnt\n|-heal|p1b: Sinistcha|91\/100 tox|[from] drain|[of] p2b: Iron Hands\n|faint|p2b: Iron Hands\n|-end|p2b: Iron Hands|Quark Drive|[silent]\n|move|p2a: Sinistcha|Trick Room|p2a: Sinistcha\n|-fieldstart|move: Trick Room|[of] p2a: Sinistcha\n|\n|-damage|p1b: Sinistcha|79\/100 tox|[from] psn\n|-sideend|p1: Lucy Ducey Goosey|move: Light Screen\n|upkeep\n|inactive|1103c has 60 seconds left.\n|\n|t:|1699492467\n|switch|p2b: Goodra|Goodra-Hisui, F|100\/100\n|turn|10\n|\n|t:|1699492480\n|switch|p1a: Grimmsnarl|Grimmsnarl, M|100\/100\n|-damage|p1a: Grimmsnarl|88\/100|[from] Stealth Rock\n|-status|p1a: Grimmsnarl|tox\n|move|p2b: Goodra|Flash Cannon|p1a: Grimmsnarl\n|-supereffective|p1a: Grimmsnarl\n|-damage|p1a: Grimmsnarl|30\/100 tox\n|move|p2a: Sinistcha|Life Dew||[still]|[spread] p2a,p2b\n|-heal|p2a: Sinistcha|100\/100\n|-fail|p2b: Goodra|heal\n|move|p1b: Sinistcha|Trick Room|p1b: Sinistcha\n|-fieldend|move: Trick Room\n|\n|-damage|p1b: Sinistcha|61\/100 tox|[from] psn\n|-damage|p1a: Grimmsnarl|24\/100 tox|[from] psn\n|upkeep\n|turn|11\n|inactive|1103c has 90 seconds left.\n|inactive|1103c has 60 seconds left.\n|\n|t:|1699492518\n|switch|p2a: Toxapex|Toxapex, F, shiny|100\/100\n|move|p1b: Sinistcha|Shadow Ball|p2a: Toxapex\n|-damage|p2a: Toxapex|72\/100\n|move|p1a: Grimmsnarl|Spirit Break|p2b: Goodra\n|-damage|p2b: Goodra|77\/100\n|-unboost|p2b: Goodra|spa|1\n|move|p2b: Goodra|Dragon Pulse|p1b: Sinistcha\n|-damage|p1b: Sinistcha|34\/100 tox\n|\n|-heal|p2b: Goodra|83\/100|[from] item: Leftovers\n|-heal|p2a: Toxapex|78\/100|[from] item: Black Sludge\n|-damage|p1b: Sinistcha|9\/100 tox|[from] psn\n|-damage|p1a: Grimmsnarl|11\/100 tox|[from] psn\n|upkeep\n|turn|12\n|inactive|1103c has 60 seconds left.\n|inactive|Lucy Ducey Goosey has 120 seconds left.\n|\n|t:|1699492549\n|move|p1a: Grimmsnarl|Parting Shot|p2b: Goodra\n|-unboost|p2b: Goodra|atk|1\n|-unboost|p2b: Goodra|spa|1\n|inactive|Lucy Ducey Goosey has 120 seconds left.\n|\n|t:|1699492555\n|switch|p1a: Iron Hands|Iron Hands|15\/100 tox|[from] Parting Shot\n|-damage|p1a: Iron Hands|9\/100 tox|[from] Stealth Rock\n|move|p1b: Sinistcha|Matcha Gotcha|p2a: Toxapex|[spread] p2a,p2b\n|-resisted|p2b: Goodra\n|-damage|p2a: Toxapex|58\/100\n|-heal|p1b: Sinistcha|17\/100 tox|[from] drain|[of] p2a: Toxapex\n|-damage|p2b: Goodra|78\/100\n|-heal|p1b: Sinistcha|19\/100 tox|[from] drain|[of] p2b: Goodra\n|move|p2b: Goodra|Life Dew|p2b: Goodra|[spread] p2a,p2b\n|-heal|p2a: Toxapex|83\/100\n|-heal|p2b: Goodra|100\/100\n|move|p2a: Toxapex|Stockpile|p2a: Toxapex\n|-start|p2a: Toxapex|stockpile1\n|-boost|p2a: Toxapex|def|1\n|-boost|p2a: Toxapex|spd|1\n|\n|-heal|p2a: Toxapex|89\/100|[from] item: Black Sludge\n|-damage|p1b: Sinistcha|0 fnt|[from] psn\n|faint|p1b: Sinistcha\n|-damage|p1a: Iron Hands|3\/100 tox|[from] psn\n|upkeep\n|inactive|Lucy Ducey Goosey has 120 seconds left.\n|\n|t:|1699492576\n|switch|p1b: Ursaluna|Ursaluna-Bloodmoon, M|100\/100\n|-damage|p1b: Ursaluna|94\/100|[from] Stealth Rock\n|-status|p1b: Ursaluna|tox\n|turn|13\n|inactive|1103c has 90 seconds left.\n|inactive|Lucy Ducey Goosey has 120 seconds left.\n|\n|t:|1699492606\n|move|p1a: Iron Hands|Fake Out|p2a: Toxapex\n|-damage|p2a: Toxapex|81\/100\n|move|p2b: Goodra|Dragon Pulse|p1b: Ursaluna\n|-damage|p1b: Ursaluna|76\/100 tox\n|move|p1b: Ursaluna|Hyper Voice|p2a: Toxapex|[spread] p2a,p2b\n|-resisted|p2b: Goodra\n|-damage|p2a: Toxapex|59\/100\n|-damage|p2b: Goodra|87\/100\n|-enditem|p1b: Ursaluna|Throat Spray\n|-boost|p1b: Ursaluna|spa|1|[from] item: Throat Spray\n|cant|p2a: Toxapex|flinch\n|\n|-heal|p2b: Goodra|93\/100|[from] item: Leftovers\n|-heal|p2a: Toxapex|65\/100|[from] item: Black Sludge\n|-damage|p1b: Ursaluna|70\/100 tox|[from] psn\n|-damage|p1a: Iron Hands|0 fnt|[from] psn\n|faint|p1a: Iron Hands\n|-end|p1a: Iron Hands|Quark Drive|[silent]\n|upkeep\n|\n|t:|1699492623\n|switch|p1a: Grimmsnarl|Grimmsnarl, M|11\/100 tox\n|-damage|p1a: Grimmsnarl|0 fnt|[from] Stealth Rock\n|faint|p1a: Grimmsnarl\n|\n|t:|1699492629\n|switch|p1a: Dragonite|Dragonite, F, tera:Normal|31\/100\n|-damage|p1a: Dragonite|18\/100|[from] Stealth Rock\n|-status|p1a: Dragonite|tox\n|turn|14\n|inactive|1103c has 90 seconds left.\n|\n|t:|1699492654\n|move|p1a: Dragonite|Earthquake|p2a: Toxapex|[spread] p1b,p2a,p2b\n|-supereffective|p2a: Toxapex\n|-supereffective|p2b: Goodra\n|-damage|p1b: Ursaluna|42\/100 tox\n|-damage|p2a: Toxapex|13\/100\n|-damage|p2b: Goodra|19\/100\n|move|p2b: Goodra|Life Dew|p2b: Goodra|[spread] p2a,p2b\n|-heal|p2a: Toxapex|39\/100\n|-heal|p2b: Goodra|44\/100\n|move|p1b: Ursaluna|Earth Power|p2b: Goodra\n|-supereffective|p2b: Goodra\n|-damage|p2b: Goodra|0 fnt\n|faint|p2b: Goodra\n|move|p2a: Toxapex|Stockpile|p2a: Toxapex\n|-start|p2a: Toxapex|stockpile2\n|-boost|p2a: Toxapex|def|1\n|-boost|p2a: Toxapex|spd|1\n|\n|-heal|p2a: Toxapex|45\/100|[from] item: Black Sludge\n|-damage|p1a: Dragonite|12\/100 tox|[from] psn\n|-damage|p1b: Ursaluna|30\/100 tox|[from] psn\n|upkeep\n|inactive|1103c has 60 seconds left.\n|\n|t:|1699492679\n|switch|p2b: Sinistcha|Sinistcha-Masterpiece, shiny|100\/100\n|-heal|p2a: Toxapex|70\/100|[from] ability: Hospitality|[of] p2b: Sinistcha\n|turn|15\n|\n|t:|1699492697\n|move|p1a: Dragonite|Earthquake|p2b: Sinistcha|[spread] p1b,p2a,p2b\n|-supereffective|p2a: Toxapex\n|-resisted|p2b: Sinistcha\n|-damage|p1b: Ursaluna|0 fnt\n|-damage|p2a: Toxapex|31\/100\n|-damage|p2b: Sinistcha|79\/100\n|faint|p1b: Ursaluna\n|move|p2a: Toxapex|Stockpile|p2a: Toxapex\n|-start|p2a: Toxapex|stockpile3\n|-boost|p2a: Toxapex|def|1\n|-boost|p2a: Toxapex|spd|1\n|move|p2b: Sinistcha|Trick Room|p2b: Sinistcha\n|-fieldstart|move: Trick Room|[of] p2b: Sinistcha\n|\n|-heal|p2a: Toxapex|38\/100|[from] item: Black Sludge\n|-damage|p1a: Dragonite|0 fnt|[from] psn\n|faint|p1a: Dragonite\n|upkeep\n|\n|t:|1699492712\n|switch|p1b: Armarouge|Armarouge, F|100\/100\n|-damage|p1b: Armarouge|76\/100|[from] Stealth Rock\n|-status|p1b: Armarouge|tox\n|turn|16\n|inactive|1103c has 90 seconds left.\n|\n|t:|1699492730\n|move|p2a: Toxapex|Recover|p2a: Toxapex\n|-heal|p2a: Toxapex|88\/100\n|move|p1b: Armarouge|Armor Cannon|p2b: Sinistcha\n|-supereffective|p2b: Sinistcha\n|-damage|p2b: Sinistcha|0 fnt\n|-unboost|p1b: Armarouge|def|1\n|-unboost|p1b: Armarouge|spd|1\n|faint|p2b: Sinistcha\n|-damage|p1b: Armarouge|66\/100 tox|[from] item: Life Orb\n|\n|-heal|p2a: Toxapex|94\/100|[from] item: Black Sludge\n|-damage|p1b: Armarouge|60\/100 tox|[from] psn\n|upkeep\n|\n|t:|1699492752\n|switch|p2b: Blissey|Blissey, F, shiny|100\/100\n|turn|17\n|inactive|1103c has 90 seconds left.\n|\n|t:|1699492778\n|move|p2a: Toxapex|Iron Defense|p2a: Toxapex\n|-boost|p2a: Toxapex|def|2\n|move|p2b: Blissey|Heal Pulse|p2a: Toxapex\n|-heal|p2a: Toxapex|100\/100\n|move|p1b: Armarouge|Aura Sphere|p2b: Blissey\n|-supereffective|p2b: Blissey\n|-damage|p2b: Blissey|76\/100\n|-damage|p1b: Armarouge|50\/100 tox|[from] item: Life Orb\n|\n|-damage|p1b: Armarouge|37\/100 tox|[from] psn\n|upkeep\n|turn|18\n|inactive|1103c has 90 seconds left.\n|-message|Lucy Ducey Goosey forfeited.\n|\n|win|1103c\n|raw|Lucy Ducey Goosey's rating: 1157 &rarr; <strong>1125<\/strong><br \/>(-32 for losing)\n|raw|1103c's rating: 1051 &rarr; <strong>1093<\/strong><br \/>(+42 for winning)\n|l|\u2606Lucy Ducey Goosey\n","uploadtime":1699492797,"views":18,"p1id":"lucyduceygoosey","p2id":"1103c","formatid":"gen9doublesou","rating":1093,"private":0,"password":""}