{"id":"gen9doublesou-1981496497","p1":"GSTERS","p2":"Ghastlypixie","format":"[Gen 9] Doubles OU","log":"|j|\u2606GSTERS\n|j|\u2606Ghastlypixie\n|t:|1698906718\n|gametype|doubles\n|player|p1|GSTERS|clair|1346\n|player|p2|Ghastlypixie|plasmagruntf|1434\n|teamsize|p1|6\n|teamsize|p2|6\n|gen|9\n|tier|[Gen 9] Doubles OU\n|rated|\n|rule|Species Clause: Limit one of each Pok\u00e9mon\n|rule|OHKO Clause: OHKO moves are banned\n|rule|Evasion Moves Clause: Evasion moves are banned\n|rule|Gravity Sleep Clause: The combination of sleep-inducing moves with imperfect accuracy and Gravity or Gigantamax Orbeetle are banned\n|rule|Endless Battle Clause: Forcing endless battles is banned\n|rule|HP Percentage Mod: HP is shown in percentages\n|clearpoke\n|poke|p1|Skeledirge, M|\n|poke|p1|Arboliva, M|\n|poke|p1|Farigiraf, M|\n|poke|p1|Empoleon, M|\n|poke|p1|Ribombee, F|\n|poke|p1|Krookodile, F|\n|poke|p2|Flutter Mane|\n|poke|p2|Hariyama, F|\n|poke|p2|Tornadus, M|\n|poke|p2|Ogerpon-Wellspring, F|\n|poke|p2|Chien-Pao|\n|poke|p2|Iron Hands|\n|teampreview\n|inactive|Battle timer is ON: inactive players will automatically lose when time's up. (requested by Ghastlypixie)\n|\n|t:|1698906730\n|start\n|switch|p1a: Farigiraf|Farigiraf, M|100\/100\n|switch|p1b: Ribombee|Ribombee, F|100\/100\n|switch|p2a: Tornadus|Tornadus, M|100\/100\n|switch|p2b: Ogerpon|Ogerpon-Wellspring, F|100\/100\n|turn|1\n|\n|t:|1698906747\n|move|p2a: Tornadus|Taunt||[still]\n|cant|p1a: Farigiraf|ability: Armor Tail|Taunt|[of] p2a: Tornadus\n|move|p1b: Ribombee|Switcheroo||[still]\n|-fail|p1b: Ribombee\n|move|p2b: Ogerpon|Ivy Cudgel|p1a: Farigiraf\n|-damage|p1a: Farigiraf|35\/100\n|move|p1a: Farigiraf|Trick Room|p1a: Farigiraf\n|-fieldstart|move: Trick Room|[of] p1a: Farigiraf\n|\n|-heal|p1a: Farigiraf|42\/100|[from] item: Leftovers\n|upkeep\n|turn|2\n|\n|t:|1698906761\n|move|p2a: Tornadus|Rain Dance|p2a: Tornadus\n|-weather|RainDance\n|move|p1a: Farigiraf|Reflect|p1a: Farigiraf\n|-sidestart|p1: GSTERS|Reflect\n|move|p2b: Ogerpon|Ivy Cudgel|p1b: Ribombee\n|-crit|p1b: Ribombee\n|-damage|p1b: Ribombee|0 fnt\n|faint|p1b: Ribombee\n|\n|-weather|RainDance|[upkeep]\n|-heal|p1a: Farigiraf|48\/100|[from] item: Leftovers\n|upkeep\n|\n|t:|1698906775\n|switch|p1b: Empoleon|Empoleon, M|100\/100\n|turn|3\n|\n|t:|1698906784\n|switch|p2a: Hariyama|Hariyama, F, shiny|100\/100\n|move|p2b: Ogerpon|Spiky Shield|p2b: Ogerpon\n|-singleturn|p2b: Ogerpon|move: Protect\n|move|p1b: Empoleon|Hydro Pump|p2a: Hariyama\n|-damage|p2a: Hariyama|17\/100\n|move|p1a: Farigiraf|Psychic|p2b: Ogerpon\n|-activate|p2b: Ogerpon|move: Protect\n|\n|-weather|RainDance|[upkeep]\n|-heal|p1a: Farigiraf|54\/100|[from] item: Leftovers\n|-heal|p2a: Hariyama|23\/100|[from] item: Leftovers\n|upkeep\n|turn|4\n|\n|t:|1698906802\n|move|p2b: Ogerpon|Follow Me|p2b: Ogerpon\n|-singleturn|p2b: Ogerpon|move: Follow Me\n|move|p1b: Empoleon|Ice Beam|p2b: Ogerpon\n|-damage|p2b: Ogerpon|67\/100\n|move|p1a: Farigiraf|Psychic|p2b: Ogerpon\n|-damage|p2b: Ogerpon|30\/100\n|-unboost|p2b: Ogerpon|spd|1\n|move|p2a: Hariyama|Drain Punch|p1b: Empoleon\n|-supereffective|p1b: Empoleon\n|-crit|p1b: Empoleon\n|-damage|p1b: Empoleon|0 fnt\n|-heal|p2a: Hariyama|61\/100|[from] drain|[of] p1b: Empoleon\n|-damage|p2a: Hariyama|44\/100|[from] item: Rocky Helmet|[of] p1b: Empoleon\n|faint|p1b: Empoleon\n|\n|-weather|RainDance|[upkeep]\n|-heal|p1a: Farigiraf|60\/100|[from] item: Leftovers\n|-heal|p2a: Hariyama|50\/100|[from] item: Leftovers\n|upkeep\n|\n|t:|1698906819\n|switch|p1b: Krookodile|Krookodile, F|100\/100\n|turn|5\n|\n|t:|1698906827\n|move|p2b: Ogerpon|Spiky Shield|p2b: Ogerpon\n|-singleturn|p2b: Ogerpon|move: Protect\n|move|p1a: Farigiraf|Psychic|p2a: Hariyama\n|-supereffective|p2a: Hariyama\n|-damage|p2a: Hariyama|0 fnt\n|faint|p2a: Hariyama\n|move|p1b: Krookodile|Crunch|p2b: Ogerpon\n|-activate|p2b: Ogerpon|move: Protect\n|-damage|p1b: Krookodile|88\/100|[from] Spiky Shield|[of] p2b: Ogerpon\n|\n|-weather|RainDance|[upkeep]\n|-heal|p1a: Farigiraf|66\/100|[from] item: Leftovers\n|-fieldend|move: Trick Room\n|upkeep\n|\n|t:|1698906840\n|switch|p2a: Chien-Pao|Chien-Pao|100\/100\n|-ability|p2a: Chien-Pao|Sword of Ruin\n|turn|6\n|\n|t:|1698906848\n|move|p2a: Chien-Pao|Ice Spinner|p1b: Krookodile\n|-supereffective|p1b: Krookodile\n|-damage|p1b: Krookodile|33\/100\n|move|p2b: Ogerpon|Ivy Cudgel|p1a: Farigiraf\n|-damage|p1a: Farigiraf|0 fnt\n|faint|p1a: Farigiraf\n|move|p1b: Krookodile|Earthquake|p2a: Chien-Pao|[spread] p2a,p2b\n|-resisted|p2b: Ogerpon\n|-damage|p2a: Chien-Pao|58\/100\n|-damage|p2b: Ogerpon|5\/100\n|\n|-weather|none\n|-sideend|p1: GSTERS|Reflect\n|upkeep\n|\n|t:|1698906858\n|switch|p1a: Arboliva|Arboliva, M|100\/100\n|turn|7\n|\n|t:|1698906869\n|move|p2a: Chien-Pao|Ice Spinner|p1a: Arboliva\n|-supereffective|p1a: Arboliva\n|-damage|p1a: Arboliva|0 fnt\n|-fieldstart|move: Grassy Terrain|[from] ability: Seed Sower|[of] p1a: Arboliva\n|-fieldend|move: Grassy Terrain\n|faint|p1a: Arboliva\n|move|p2b: Ogerpon|Ivy Cudgel|p1b: Krookodile\n|-supereffective|p1b: Krookodile\n|-damage|p1b: Krookodile|0 fnt\n|faint|p1b: Krookodile\n|\n|upkeep\n|-message|GSTERS forfeited.\n|\n|win|Ghastlypixie\n|raw|GSTERS's rating: 1346 &rarr; <strong>1331<\/strong><br \/>(-15 for losing)\n|raw|Ghastlypixie's rating: 1434 &rarr; <strong>1449<\/strong><br \/>(+15 for winning)\n|l|\u2606GSTERS\n","uploadtime":1698906882,"views":18,"p1id":"gsters","p2id":"ghastlypixie","formatid":"gen9doublesou","rating":1331,"private":0,"password":""}