{"id":"gen9doublesou-1974602231","p1":"princepenguino","p2":"mikeyuwu","format":"[Gen 9] Doubles OU","log":"|j|\u2606princepenguino\n|j|\u2606mikeyuwu\n|t:|1698101516\n|gametype|doubles\n|player|p1|princepenguino|steven|1241\n|player|p2|mikeyuwu|psychic-gen4|1328\n|teamsize|p1|6\n|teamsize|p2|6\n|gen|9\n|tier|[Gen 9] Doubles OU\n|rated|\n|rule|Species Clause: Limit one of each Pok\u00e9mon\n|rule|OHKO Clause: OHKO moves are banned\n|rule|Evasion Moves Clause: Evasion moves are banned\n|rule|Gravity Sleep Clause: The combination of sleep-inducing moves with imperfect accuracy and Gravity or Gigantamax Orbeetle are banned\n|rule|Endless Battle Clause: Forcing endless battles is banned\n|rule|HP Percentage Mod: HP is shown in percentages\n|clearpoke\n|poke|p1|Armarouge, F|\n|poke|p1|Indeedee-F, F|\n|poke|p1|Sinistcha-Masterpiece|\n|poke|p1|Typhlosion, F|\n|poke|p1|Basculegion-F, F|\n|poke|p1|Torkoal, M|\n|poke|p2|Garchomp, M|\n|poke|p2|Tyranitar, F|\n|poke|p2|Vaporeon, F|\n|poke|p2|Toxicroak, M|\n|poke|p2|Pelipper, F|\n|poke|p2|Abomasnow, M|\n|teampreview\n|\n|t:|1698101532\n|start\n|switch|p1a: Typhlosion|Typhlosion, F|100\/100\n|switch|p1b: Torkoal|Torkoal, M|100\/100\n|switch|p2a: OTLHPM|Toxicroak, M|100\/100\n|switch|p2b: Harmacy|Vaporeon, F|100\/100\n|-weather|SunnyDay|[from] ability: Drought|[of] p1b: Torkoal\n|turn|1\n|\n|t:|1698101564\n|switch|p2a: Weather War|Pelipper, F|100\/100\n|-weather|RainDance|[from] ability: Drizzle|[of] p2a: Weather War\n|move|p1b: Torkoal|Helping Hand|p1a: Typhlosion\n|-singleturn|p1a: Typhlosion|Helping Hand|[of] p1b: Torkoal\n|move|p1a: Typhlosion|Eruption|p2a: Weather War|[spread] p2a,p2b\n|-resisted|p2a: Weather War\n|-resisted|p2b: Harmacy\n|-damage|p2a: Weather War|59\/100\n|-damage|p2b: Harmacy|78\/100\n|move|p2b: Harmacy|Weather Ball|p1a: Typhlosion\n|-supereffective|p1a: Typhlosion\n|-crit|p1a: Typhlosion\n|-damage|p1a: Typhlosion|0 fnt\n|faint|p1a: Typhlosion\n|\n|-weather|RainDance|[upkeep]\n|-heal|p2b: Harmacy|84\/100|[from] item: Leftovers\n|upkeep\n|\n|t:|1698101583\n|switch|p1a: Sinistcha|Sinistcha-Masterpiece|100\/100\n|turn|2\n|\n|t:|1698101599\n|switch|p2b: OTLHPM|Toxicroak, M|100\/100\n|move|p1a: Sinistcha|Calm Mind|p1a: Sinistcha\n|-boost|p1a: Sinistcha|spa|1\n|-boost|p1a: Sinistcha|spd|1\n|move|p2a: Weather War|Hurricane|p1a: Sinistcha\n|-supereffective|p1a: Sinistcha\n|-damage|p1a: Sinistcha|43\/100\n|move|p1b: Torkoal|Yawn|p2b: OTLHPM\n|-start|p2b: OTLHPM|move: Yawn|[of] p1b: Torkoal\n|\n|-weather|RainDance|[upkeep]\n|upkeep\n|turn|3\n|\n|t:|1698101618\n|move|p2b: OTLHPM|Poison Jab|p1a: Sinistcha\n|-damage|p1a: Sinistcha|0 fnt\n|faint|p1a: Sinistcha\n|move|p2a: Weather War|Hurricane|p1b: Torkoal\n|-damage|p1b: Torkoal|55\/100\n|-start|p1b: Torkoal|confusion\n|-activate|p1b: Torkoal|confusion\n|-damage|p1b: Torkoal|50\/100|[from] confusion\n|\n|-weather|RainDance|[upkeep]\n|-heal|p1b: Torkoal|56\/100|[from] item: Leftovers\n|-end|p2b: OTLHPM|move: Yawn|[silent]\n|-status|p2b: OTLHPM|slp\n|upkeep\n|\n|t:|1698101632\n|switch|p1a: Basculegion|Basculegion-F, F|100\/100\n|turn|4\n|\n|t:|1698101643\n|switch|p2b: Cold Shoulder|Abomasnow, M, shiny|100\/100\n|-weather|Snow|[from] ability: Snow Warning|[of] p2b: Cold Shoulder\n|move|p1a: Basculegion|Last Respects|p2a: Weather War\n|-damage|p2a: Weather War|0 fnt\n|faint|p2a: Weather War\n|-activate|p1b: Torkoal|confusion\n|-damage|p1b: Torkoal|51\/100|[from] confusion\n|\n|-weather|Snow|[upkeep]\n|-heal|p1b: Torkoal|57\/100|[from] item: Leftovers\n|upkeep\n|\n|t:|1698101651\n|switch|p2a: ThcrThnSnkr|Tyranitar, F|100\/100\n|-weather|Sandstorm|[from] ability: Sand Stream|[of] p2a: ThcrThnSnkr\n|turn|5\n|\n|t:|1698101663\n|-end|p1b: Torkoal|confusion\n|move|p1b: Torkoal|Helping Hand|p1a: Basculegion\n|-singleturn|p1a: Basculegion|Helping Hand|[of] p1b: Torkoal\n|move|p1a: Basculegion|Last Respects|p2a: ThcrThnSnkr\n|-resisted|p2a: ThcrThnSnkr\n|-damage|p2a: ThcrThnSnkr|44\/100\n|move|p2b: Cold Shoulder|Weather Ball|p1b: Torkoal\n|-supereffective|p1b: Torkoal\n|-damage|p1b: Torkoal|0 fnt\n|faint|p1b: Torkoal\n|move|p2a: ThcrThnSnkr|Knock Off|p1a: Basculegion\n|-supereffective|p1a: Basculegion\n|-damage|p1a: Basculegion|0 fnt\n|-enditem|p1a: Basculegion|Choice Scarf|[from] move: Knock Off|[of] p2a: ThcrThnSnkr\n|faint|p1a: Basculegion\n|\n|-weather|Sandstorm|[upkeep]\n|-damage|p2b: Cold Shoulder|94\/100|[from] Sandstorm\n|upkeep\n|\n|t:|1698101679\n|switch|p1a: Armarouge|Armarouge, F|100\/100\n|switch|p1b: Indeedee|Indeedee-F, F|100\/100\n|-fieldstart|move: Psychic Terrain|[from] ability: Psychic Surge|[of] p1b: Indeedee\n|turn|6\n|\n|t:|1698101703\n|switch|p2a: OTLHPM|Toxicroak, M|100\/100 slp\n|move|p1b: Indeedee|Follow Me|p1b: Indeedee\n|-singleturn|p1b: Indeedee|move: Follow Me\n|move|p1a: Armarouge|Aura Sphere|p2a: OTLHPM\n|-resisted|p2a: OTLHPM\n|-damage|p2a: OTLHPM|82\/100 slp\n|move|p2b: Cold Shoulder|Leech Seed|p1b: Indeedee\n|-start|p1b: Indeedee|move: Leech Seed\n|\n|-weather|Sandstorm|[upkeep]\n|-damage|p1a: Armarouge|94\/100|[from] Sandstorm\n|-damage|p1b: Indeedee|94\/100|[from] Sandstorm\n|-damage|p2a: OTLHPM|76\/100 slp|[from] Sandstorm\n|-damage|p2b: Cold Shoulder|88\/100|[from] Sandstorm\n|-heal|p2a: OTLHPM|82\/100 slp|[from] item: Black Sludge\n|-damage|p1b: Indeedee|82\/100|[from] Leech Seed|[of] p2b: Cold Shoulder\n|-heal|p2b: Cold Shoulder|98\/100|[silent]\n|upkeep\n|turn|7\n|\n|t:|1698101723\n|switch|p2b: ThcrThnSnkr|Tyranitar, F|44\/100\n|-terastallize|p2a: OTLHPM|Dark\n|move|p1b: Indeedee|Follow Me|p1b: Indeedee\n|-singleturn|p1b: Indeedee|move: Follow Me\n|move|p1a: Armarouge|Expanding Force|p2b: ThcrThnSnkr|[spread] \n|-immune|p2a: OTLHPM\n|-immune|p2b: ThcrThnSnkr\n|cant|p2a: OTLHPM|slp\n|\n|-weather|Sandstorm|[upkeep]\n|-damage|p1a: Armarouge|88\/100|[from] Sandstorm\n|-damage|p1b: Indeedee|76\/100|[from] Sandstorm\n|-damage|p2a: OTLHPM|76\/100 slp|[from] Sandstorm\n|-damage|p2a: OTLHPM|63\/100 slp|[from] item: Black Sludge\n|-damage|p1b: Indeedee|64\/100|[from] Leech Seed|[of] p2b: ThcrThnSnkr\n|-heal|p2b: ThcrThnSnkr|54\/100|[silent]\n|upkeep\n|turn|8\n|\n|t:|1698101740\n|switch|p2a: Harmacy|Vaporeon, F|84\/100\n|move|p1b: Indeedee|Follow Me|p1b: Indeedee\n|-singleturn|p1b: Indeedee|move: Follow Me\n|move|p1a: Armarouge|Aura Sphere|p2b: ThcrThnSnkr\n|-supereffective|p2b: ThcrThnSnkr\n|-damage|p2b: ThcrThnSnkr|19\/100\n|move|p2b: ThcrThnSnkr|Knock Off|p1b: Indeedee\n|-supereffective|p1b: Indeedee\n|-damage|p1b: Indeedee|0 fnt\n|-enditem|p1b: Indeedee|Terrain Extender|[from] move: Knock Off|[of] p2b: ThcrThnSnkr\n|faint|p1b: Indeedee\n|\n|-weather|Sandstorm|[upkeep]\n|-damage|p1a: Armarouge|82\/100|[from] Sandstorm\n|-damage|p2a: Harmacy|78\/100|[from] Sandstorm\n|-heal|p2a: Harmacy|84\/100|[from] item: Leftovers\n|upkeep\n|turn|9\n|\n|t:|1698101766\n|switch|p2b: Extra Spicy|Garchomp, M|100\/100\n|-terastallize|p1a: Armarouge|Grass\n|move|p1a: Armarouge|Aura Sphere|p2b: Extra Spicy\n|-crit|p2b: Extra Spicy\n|-damage|p2b: Extra Spicy|56\/100\n|move|p2a: Harmacy|Wish|p2a: Harmacy\n|\n|-weather|none\n|-heal|p2a: Harmacy|90\/100|[from] item: Leftovers\n|upkeep\n|turn|10\n|c|\u2606mikeyuwu|Gg\n|\n|t:|1698101780\n|switch|p2a: ThcrThnSnkr|Tyranitar, F|19\/100\n|-weather|Sandstorm|[from] ability: Sand Stream|[of] p2a: ThcrThnSnkr\n|move|p1a: Armarouge|Expanding Force|p2a: ThcrThnSnkr|[spread] p2b\n|-immune|p2a: ThcrThnSnkr\n|-damage|p2b: Extra Spicy|0 fnt\n|faint|p2b: Extra Spicy\n|\n|-weather|Sandstorm|[upkeep]\n|-damage|p1a: Armarouge|76\/100|[from] Sandstorm\n|-heal|p2a: ThcrThnSnkr|82\/100|[from] move: Wish|[wisher] Harmacy\n|upkeep\n|\n|t:|1698101789\n|switch|p2b: Harmacy|Vaporeon, F|90\/100\n|turn|11\n|\n|t:|1698101795\n|move|p1a: Armarouge|Expanding Force|p2a: ThcrThnSnkr|[spread] p2b\n|-immune|p2a: ThcrThnSnkr\n|-damage|p2b: Harmacy|39\/100\n|move|p2a: ThcrThnSnkr|Knock Off|p1a: Armarouge\n|-damage|p1a: Armarouge|32\/100\n|-ability|p1a: Armarouge|Weak Armor|boost\n|-unboost|p1a: Armarouge|def|1\n|-boost|p1a: Armarouge|spe|2\n|-enditem|p1a: Armarouge|Assault Vest|[from] move: Knock Off|[of] p2a: ThcrThnSnkr\n|move|p2b: Harmacy|Icy Wind|p1a: Armarouge\n|-supereffective|p1a: Armarouge\n|-damage|p1a: Armarouge|0 fnt\n|faint|p1a: Armarouge\n|\n|win|mikeyuwu\n|raw|princepenguino's rating: 1241 &rarr; <strong>1222<\/strong><br \/>(-19 for losing)\n|raw|mikeyuwu's rating: 1328 &rarr; <strong>1343<\/strong><br \/>(+15 for winning)\n|l|\u2606princepenguino\n","uploadtime":1698101813,"views":20,"p1id":"princepenguino","p2id":"mikeyuwu","formatid":"gen9doublesou","rating":1222,"private":0,"password":""}