{"id":"gen9doublesou-1986344993","p1":"RudiHoshino","p2":"Lord Bromosalino","format":"[Gen 9] Doubles OU","log":"|j|\u2606RudiHoshino\n|j|\u2606Lord Bromosalino\n|t:|1699471032\n|gametype|doubles\n|player|p1|RudiHoshino|dawn|1295\n|player|p2|Lord Bromosalino|2|1339\n|teamsize|p1|6\n|teamsize|p2|6\n|gen|9\n|tier|[Gen 9] Doubles OU\n|rated|\n|rule|Species Clause: Limit one of each Pok\u00e9mon\n|rule|OHKO Clause: OHKO moves are banned\n|rule|Evasion Moves Clause: Evasion moves are banned\n|rule|Gravity Sleep Clause: The combination of sleep-inducing moves with imperfect accuracy and Gravity or Gigantamax Orbeetle are banned\n|rule|Endless Battle Clause: Forcing endless battles is banned\n|rule|HP Percentage Mod: HP is shown in percentages\n|clearpoke\n|poke|p1|Rillaboom, F|\n|poke|p1|Sinistcha|\n|poke|p1|Flutter Mane|\n|poke|p1|Iron Bundle|\n|poke|p1|Ninetales-Alola, F|\n|poke|p1|Kommo-o, F|\n|poke|p2|Haxorus, M|\n|poke|p2|Sylveon, F|\n|poke|p2|Kleavor, M|\n|poke|p2|Arcanine, M|\n|poke|p2|Rotom-Wash|\n|poke|p2|Corviknight, F|\n|teampreview\n|inactive|Battle timer is ON: inactive players will automatically lose when time's up. (requested by Lord Bromosalino)\n|\n|t:|1699471040\n|start\n|switch|p1a: Iron Bundle|Iron Bundle|100\/100\n|switch|p1b: Ninetales|Ninetales-Alola, F, shiny|100\/100\n|switch|p2a: Corviknight|Corviknight, F|100\/100\n|switch|p2b: Kleavor|Kleavor, M|100\/100\n|-weather|Snow|[from] ability: Snow Warning|[of] p1b: Ninetales\n|-enditem|p1a: Iron Bundle|Booster Energy\n|-activate|p1a: Iron Bundle|ability: Quark Drive|[fromitem]\n|-start|p1a: Iron Bundle|quarkdrivespa\n|turn|1\n|\n|t:|1699471053\n|move|p1a: Iron Bundle|Blizzard|p2a: Corviknight|[spread] p2a,p2b\n|-damage|p2a: Corviknight|58\/100\n|-damage|p2b: Kleavor|3\/100\n|move|p1b: Ninetales|Blizzard|p2b: Kleavor|[spread] p2a,p2b\n|-damage|p2a: Corviknight|37\/100\n|-damage|p2b: Kleavor|0 fnt\n|faint|p2b: Kleavor\n|move|p2a: Corviknight|Tailwind|p2a: Corviknight\n|-sidestart|p2: Lord Bromosalino|move: Tailwind\n|\n|-weather|Snow|[upkeep]\n|upkeep\n|\n|t:|1699471064\n|switch|p2b: Sylveon|Sylveon, F, shiny|100\/100\n|turn|2\n|\n|t:|1699471069\n|move|p1a: Iron Bundle|Blizzard|p2b: Sylveon|[spread] p2a,p2b\n|-damage|p2a: Corviknight|0 fnt\n|-damage|p2b: Sylveon|60\/100\n|faint|p2a: Corviknight\n|move|p1b: Ninetales|Aurora Veil|p1b: Ninetales\n|-sidestart|p1: RudiHoshino|move: Aurora Veil\n|move|p2b: Sylveon|Hyper Voice|p1b: Ninetales|[spread] p1a,p1b\n|-damage|p1a: Iron Bundle|46\/100\n|-damage|p1b: Ninetales|69\/100\n|-enditem|p2b: Sylveon|Throat Spray\n|-boost|p2b: Sylveon|spa|1|[from] item: Throat Spray\n|\n|-weather|Snow|[upkeep]\n|upkeep\n|\n|t:|1699471078\n|switch|p2a: Rotom|Rotom-Wash|100\/100\n|turn|3\n|\n|t:|1699471086\n|move|p1a: Iron Bundle|Protect|p1a: Iron Bundle\n|-singleturn|p1a: Iron Bundle|Protect\n|move|p2a: Rotom|Thunderbolt|p1a: Iron Bundle\n|-activate|p1a: Iron Bundle|move: Protect\n|move|p1b: Ninetales|Blizzard|p2a: Rotom|[spread] p2a,p2b\n|-resisted|p2a: Rotom\n|-damage|p2a: Rotom|80\/100\n|-damage|p2b: Sylveon|38\/100\n|move|p2b: Sylveon|Hyper Voice|p1a: Iron Bundle|[spread] p1b\n|-activate|p1a: Iron Bundle|move: Protect\n|-damage|p1b: Ninetales|19\/100\n|\n|-weather|Snow|[upkeep]\n|upkeep\n|turn|4\n|\n|t:|1699471106\n|-terastallize|p1a: Iron Bundle|Steel\n|move|p1b: Ninetales|Protect|p1b: Ninetales\n|-singleturn|p1b: Ninetales|Protect\n|move|p2a: Rotom|Volt Switch|p1a: Iron Bundle\n|-damage|p1a: Iron Bundle|2\/100\n|\n|t:|1699471112\n|switch|p2a: Arcanine|Arcanine, M|100\/100|[from] Volt Switch\n|-ability|p2a: Arcanine|Intimidate|boost\n|-unboost|p1a: Iron Bundle|atk|1\n|-unboost|p1b: Ninetales|atk|1\n|move|p1a: Iron Bundle|Freeze-Dry|p2a: Arcanine\n|-resisted|p2a: Arcanine\n|-damage|p2a: Arcanine|80\/100\n|move|p2b: Sylveon|Hyper Voice|p1b: Ninetales|[spread] p1a\n|-activate|p1b: Ninetales|move: Protect\n|-resisted|p1a: Iron Bundle\n|-damage|p1a: Iron Bundle|0 fnt\n|faint|p1a: Iron Bundle\n|-end|p1a: Iron Bundle|Quark Drive|[silent]\n|\n|-weather|Snow|[upkeep]\n|-heal|p2a: Arcanine|86\/100|[from] item: Leftovers\n|-sideend|p2: Lord Bromosalino|move: Tailwind\n|upkeep\n|\n|t:|1699471130\n|switch|p1a: Flutter Mane|Flutter Mane|100\/100\n|-enditem|p1a: Flutter Mane|Booster Energy\n|-activate|p1a: Flutter Mane|ability: Protosynthesis|[fromitem]\n|-start|p1a: Flutter Mane|protosynthesisspa\n|turn|5\n|\n|t:|1699471142\n|switch|p1b: Kommo-o|Kommo-o, F|100\/100\n|move|p2a: Arcanine|Extreme Speed|p1b: Kommo-o\n|-damage|p1b: Kommo-o|87\/100\n|move|p1a: Flutter Mane|Shadow Ball|p2a: Arcanine\n|-damage|p2a: Arcanine|40\/100\n|move|p2b: Sylveon|Shadow Ball|p1a: Flutter Mane\n|-supereffective|p1a: Flutter Mane\n|-damage|p1a: Flutter Mane|45\/100\n|\n|-weather|none\n|-heal|p2a: Arcanine|47\/100|[from] item: Leftovers\n|upkeep\n|turn|6\n|\n|t:|1699471162\n|move|p1a: Flutter Mane|Shadow Ball|p2b: Sylveon\n|-damage|p2b: Sylveon|0 fnt\n|faint|p2b: Sylveon\n|move|p1b: Kommo-o|Clangorous Soul|p1b: Kommo-o\n|-boost|p1b: Kommo-o|atk|1\n|-boost|p1b: Kommo-o|def|1\n|-boost|p1b: Kommo-o|spa|1\n|-boost|p1b: Kommo-o|spd|1\n|-boost|p1b: Kommo-o|spe|1\n|-damage|p1b: Kommo-o|54\/100\n|-enditem|p1b: Kommo-o|Throat Spray\n|-boost|p1b: Kommo-o|spa|1|[from] item: Throat Spray\n|move|p2a: Arcanine|Play Rough|p1b: Kommo-o\n|-supereffective|p1b: Kommo-o\n|-damage|p1b: Kommo-o|12\/100\n|\n|-heal|p2a: Arcanine|53\/100|[from] item: Leftovers\n|-sideend|p1: RudiHoshino|move: Aurora Veil\n|upkeep\n|\n|t:|1699471166\n|switch|p2b: Rotom|Rotom-Wash|80\/100\n|turn|7\n|\n|t:|1699471174\n|-end|p1a: Flutter Mane|Protosynthesis|[silent]\n|switch|p1a: Sinistcha|Sinistcha|100\/100\n|-heal|p1b: Kommo-o|37\/100|[from] ability: Hospitality|[of] p1a: Sinistcha\n|move|p2a: Arcanine|Extreme Speed|p1b: Kommo-o\n|-damage|p1b: Kommo-o|24\/100\n|move|p1b: Kommo-o|Clanging Scales|p2a: Arcanine|[spread] p2a,p2b\n|-damage|p2a: Arcanine|0 fnt\n|-damage|p2b: Rotom|0 fnt\n|faint|p2a: Arcanine\n|faint|p2b: Rotom\n|-unboost|p1b: Kommo-o|def|1\n|\n|upkeep\n|\n|t:|1699471181\n|switch|p2b: Haxorus|Haxorus, M|100\/100\n|turn|8\n|\n|t:|1699471187\n|-terastallize|p2b: Haxorus|Ground\n|move|p1a: Sinistcha|Rage Powder|p1a: Sinistcha\n|-singleturn|p1a: Sinistcha|move: Rage Powder\n|move|p1b: Kommo-o|Clanging Scales|p2b: Haxorus\n|-damage|p2b: Haxorus|0 fnt\n|faint|p2b: Haxorus\n|\n|win|RudiHoshino\n|raw|RudiHoshino's rating: 1295 &rarr; <strong>1323<\/strong><br \/>(+28 for winning)\n|raw|Lord Bromosalino's rating: 1339 &rarr; <strong>1316<\/strong><br \/>(-23 for losing)\n|l|\u2606Lord Bromosalino\n","uploadtime":1699471196,"views":8,"p1id":"rudihoshino","p2id":"lordbromosalino","formatid":"gen9doublesou","rating":1316,"private":0,"password":""}