{"id":"gen9doublesou-1989524202","p1":"hpl12345","p2":"ashgrenajia","format":"[Gen 9] Doubles OU","log":"|j|\u2606hpl12345\n|j|\u2606ashgrenajia\n|inactive|Battle timer is ON: inactive players will automatically lose when time's up.\n|t:|1699865465\n|gametype|doubles\n|player|p1|hpl12345|2|\n|player|p2|ashgrenajia|guzma|\n|teamsize|p1|6\n|teamsize|p2|6\n|gen|9\n|tier|[Gen 9] Doubles OU\n|rated|Tournament battle\n|rule|Species Clause: Limit one of each Pok\u00e9mon\n|rule|OHKO Clause: OHKO moves are banned\n|rule|Evasion Moves Clause: Evasion moves are banned\n|rule|Gravity Sleep Clause: The combination of sleep-inducing moves with imperfect accuracy and Gravity or Gigantamax Orbeetle are banned\n|rule|Endless Battle Clause: Forcing endless battles is banned\n|rule|HP Percentage Mod: HP is shown in percentages\n|clearpoke\n|poke|p1|Steenee, F|\n|poke|p1|Crocalor, M|\n|poke|p1|Dunsparce, M|\n|poke|p1|Dragapult, M|\n|poke|p1|Quaquaval, M|\n|poke|p1|Kleavor, F|\n|poke|p2|Sinistcha-Masterpiece|\n|poke|p2|Lampent, F|\n|poke|p2|Azumarill, F|\n|poke|p2|Greedent, M|\n|poke|p2|Lucario, F|\n|poke|p2|Masquerain, F|\n|teampreview\n|j|*Lady Monita \u2746\n|c|\u2606ashgrenajia|glhf\n|\n|t:|1699865488\n|start\n|switch|p1a: Crocalor|Crocalor, M|100\/100\n|switch|p1b: Kleavor|Kleavor, F|100\/100\n|switch|p2a: Masquerain|Masquerain, F|100\/100\n|switch|p2b: Greedent|Greedent, M|100\/100\n|-ability|p2a: Masquerain|Intimidate|boost\n|-unboost|p1a: Crocalor|atk|1\n|-unboost|p1b: Kleavor|atk|1\n|turn|1\n|\n|t:|1699865496\n|move|p1b: Kleavor|Stone Axe|p2a: Masquerain\n|-supereffective|p2a: Masquerain\n|-damage|p2a: Masquerain|0 fnt\n|-sidestart|p2: ashgrenajia|move: Stealth Rock\n|faint|p2a: Masquerain\n|move|p1a: Crocalor|Heat Wave|p2b: Greedent\n|-damage|p2b: Greedent|71\/100\n|move|p2b: Greedent|Stuff Cheeks|p2b: Greedent\n|-boost|p2b: Greedent|def|2\n|-enditem|p2b: Greedent|Starf Berry|[eat]\n|-boost|p2b: Greedent|spd|2|[from] item: Starf Berry\n|-heal|p2b: Greedent|100\/100|[from] ability: Cheek Pouch\n|\n|upkeep\n|\n|t:|1699865506\n|switch|p2a: Lucario|Lucario, F|100\/100\n|-damage|p2a: Lucario|98\/100|[from] Stealth Rock\n|turn|2\n|\n|t:|1699865528\n|move|p1b: Kleavor|Protect|p1b: Kleavor\n|-singleturn|p1b: Kleavor|Protect\n|move|p2a: Lucario|Meteor Mash|p1b: Kleavor\n|-activate|p1b: Kleavor|move: Protect\n|move|p1a: Crocalor|Heat Wave|p2a: Lucario|[spread] p2a,p2b\n|-supereffective|p2a: Lucario\n|-damage|p2a: Lucario|21\/100\n|-damage|p2b: Greedent|79\/100\n|move|p2b: Greedent|Body Press|p1b: Kleavor\n|-activate|p1b: Kleavor|move: Protect\n|\n|upkeep\n|turn|3\n|\n|t:|1699865546\n|switch|p1b: Dunsparce|Dunsparce, M|100\/100\n|move|p2a: Lucario|Earthquake|p1a: Crocalor|[spread] p2b,p1a,p1b\n|-supereffective|p1a: Crocalor\n|-damage|p2b: Greedent|67\/100\n|-damage|p1a: Crocalor|70\/100\n|-damage|p1b: Dunsparce|77\/100\n|-damage|p2a: Lucario|11\/100|[from] item: Life Orb\n|move|p1a: Crocalor|Heat Wave|p2a: Lucario|[spread] p2a,p2b\n|-supereffective|p2a: Lucario\n|-damage|p2a: Lucario|0 fnt\n|-damage|p2b: Greedent|47\/100\n|faint|p2a: Lucario\n|move|p2b: Greedent|Body Press|p1b: Dunsparce\n|-supereffective|p1b: Dunsparce\n|-damage|p1b: Dunsparce|22\/100\n|\n|upkeep\n|j| Jaehyunmylove\n|\n|t:|1699865562\n|switch|p2a: Azumarill|Azumarill, F|100\/100\n|-damage|p2a: Azumarill|88\/100|[from] Stealth Rock\n|turn|4\n|\n|t:|1699865572\n|move|p2a: Azumarill|Belly Drum|p2a: Azumarill\n|-damage|p2a: Azumarill|38\/100\n|-setboost|p2a: Azumarill|atk|6|[from] move: Belly Drum\n|-enditem|p2a: Azumarill|Sitrus Berry|[eat]\n|-heal|p2a: Azumarill|63\/100|[from] item: Sitrus Berry\n|move|p1a: Crocalor|Hyper Voice|p2a: Azumarill|[spread] p2a,p2b\n|-damage|p2a: Azumarill|48\/100\n|-damage|p2b: Greedent|32\/100\n|move|p1b: Dunsparce|Body Slam|p2a: Azumarill\n|-damage|p2a: Azumarill|24\/100\n|-status|p2a: Azumarill|par\n|move|p2b: Greedent|Body Slam|p1a: Crocalor\n|-damage|p1a: Crocalor|50\/100\n|\n|upkeep\n|turn|5\n|\n|t:|1699865592\n|switch|p2b: Sinistcha|Sinistcha-Masterpiece|100\/100\n|-damage|p2b: Sinistcha|88\/100|[from] Stealth Rock\n|-heal|p2a: Azumarill|49\/100 par|[from] ability: Hospitality|[of] p2b: Sinistcha\n|cant|p2a: Azumarill|par\n|move|p1a: Crocalor|Slack Off|p1a: Crocalor\n|-heal|p1a: Crocalor|99\/100\n|move|p1b: Dunsparce|Body Slam|p2a: Azumarill\n|-damage|p2a: Azumarill|26\/100 par\n|\n|-heal|p2b: Sinistcha|94\/100|[from] item: Leftovers\n|upkeep\n|turn|6\n|j| xxgodzilla1.0\n|\n|t:|1699865617\n|move|p2a: Azumarill|Aqua Jet|p1a: Crocalor\n|-supereffective|p1a: Crocalor\n|-damage|p1a: Crocalor|72\/100\n|move|p2b: Sinistcha|Matcha Gotcha|p1a: Crocalor|[spread] p1a,p1b\n|-resisted|p1a: Crocalor\n|-damage|p1a: Crocalor|56\/100\n|-heal|p2b: Sinistcha|100\/100|[from] drain|[of] p1a: Crocalor\n|-damage|p1b: Dunsparce|6\/100\n|move|p1a: Crocalor|Heat Wave|p2b: Sinistcha|[spread] p2a,p2b\n|-resisted|p2a: Azumarill\n|-supereffective|p2b: Sinistcha\n|-damage|p2a: Azumarill|13\/100 par\n|-damage|p2b: Sinistcha|50\/100\n|move|p1b: Dunsparce|Rest|p1b: Dunsparce\n|-status|p1b: Dunsparce|slp|[from] move: Rest\n|-heal|p1b: Dunsparce|100\/100 slp|[silent]\n|\n|-heal|p2b: Sinistcha|56\/100|[from] item: Leftovers\n|upkeep\n|turn|7\n|l| xxgodzilla1.0\n|\n|t:|1699865647\n|move|p1a: Crocalor|Protect|p1a: Crocalor\n|-singleturn|p1a: Crocalor|Protect\n|move|p2b: Sinistcha|Scald|p1a: Crocalor\n|-activate|p1a: Crocalor|move: Protect\n|cant|p1b: Dunsparce|slp\n|cant|p2a: Azumarill|par\n|\n|-heal|p2b: Sinistcha|62\/100|[from] item: Leftovers\n|upkeep\n|turn|8\n|j| Randomssp\n|j| Im dumb srly\n|\n|t:|1699865661\n|switch|p1a: Steenee|Steenee, F|100\/100\n|move|p2b: Sinistcha|Scald|p1a: Steenee\n|-resisted|p1a: Steenee\n|-damage|p1a: Steenee|89\/100\n|cant|p1b: Dunsparce|slp\n|move|p2a: Azumarill|Play Rough|p1b: Dunsparce\n|-damage|p1b: Dunsparce|0 fnt\n|faint|p1b: Dunsparce\n|\n|-heal|p2b: Sinistcha|68\/100|[from] item: Leftovers\n|upkeep\n|\n|t:|1699865667\n|switch|p1b: Crocalor|Crocalor, M|56\/100\n|turn|9\n|\n|t:|1699865684\n|move|p1b: Crocalor|Protect|p1b: Crocalor\n|-singleturn|p1b: Crocalor|Protect\n|move|p2a: Azumarill|Aqua Jet|p1a: Steenee\n|-resisted|p1a: Steenee\n|-damage|p1a: Steenee|26\/100\n|move|p2b: Sinistcha|Shadow Ball|p1b: Crocalor\n|-activate|p1b: Crocalor|move: Protect\n|move|p1a: Steenee|Sunny Day|p1a: Steenee\n|-weather|SunnyDay\n|\n|-weather|SunnyDay|[upkeep]\n|-heal|p2b: Sinistcha|74\/100|[from] item: Leftovers\n|upkeep\n|turn|10\n|\n|t:|1699865707\n|move|p1a: Steenee|Helping Hand|p1b: Crocalor\n|-singleturn|p1b: Crocalor|Helping Hand|[of] p1a: Steenee\n|move|p2a: Azumarill|Aqua Jet|p1a: Steenee\n|-resisted|p1a: Steenee\n|-damage|p1a: Steenee|0 fnt\n|faint|p1a: Steenee\n|move|p2b: Sinistcha|Shadow Ball|p1b: Crocalor\n|-damage|p1b: Crocalor|12\/100\n|move|p1b: Crocalor|Heat Wave|p2a: Azumarill|[spread] p2b\n|-miss|p1b: Crocalor|p2a: Azumarill\n|-supereffective|p2b: Sinistcha\n|-damage|p2b: Sinistcha|0 fnt\n|faint|p2b: Sinistcha\n|\n|-weather|SunnyDay|[upkeep]\n|upkeep\n|\n|t:|1699865728\n|switch|p2b: Greedent|Greedent, M|32\/100\n|switch|p1a: Quaquaval|Quaquaval, M|100\/100\n|-damage|p2b: Greedent|20\/100|[from] Stealth Rock\n|turn|11\n|\n|t:|1699865746\n|move|p1b: Crocalor|Protect|p1b: Crocalor\n|-singleturn|p1b: Crocalor|Protect\n|move|p2a: Azumarill|Aqua Jet|p1b: Crocalor\n|-activate|p1b: Crocalor|move: Protect\n|move|p1a: Quaquaval|Brave Bird|p2a: Azumarill\n|-damage|p2a: Azumarill|0 fnt\n|faint|p2a: Azumarill\n|-ability|p1a: Quaquaval|Moxie|boost\n|-boost|p1a: Quaquaval|atk|1\n|-damage|p1a: Quaquaval|96\/100|[from] Recoil\n|move|p2b: Greedent|Body Slam|p1a: Quaquaval\n|-crit|p1a: Quaquaval\n|-damage|p1a: Quaquaval|33\/100\n|\n|-weather|SunnyDay|[upkeep]\n|-heal|p1a: Quaquaval|39\/100|[from] item: Leftovers\n|upkeep\n|\n|t:|1699865755\n|switch|p2a: Lampent|Lampent, F|100\/100\n|-damage|p2a: Lampent|76\/100|[from] Stealth Rock\n|turn|12\n|j| sinisterresolute\n|l| sinisterresolute\n|\n|t:|1699865773\n|-terastallize|p2a: Lampent|Ghost\n|move|p1a: Quaquaval|Brave Bird|p2b: Greedent\n|-damage|p2b: Greedent|0 fnt\n|faint|p2b: Greedent\n|-ability|p1a: Quaquaval|Moxie|boost\n|-boost|p1a: Quaquaval|atk|1\n|-damage|p1a: Quaquaval|32\/100|[from] Recoil\n|move|p2a: Lampent|Heat Wave|p1a: Quaquaval|[spread] p1a\n|-miss|p2a: Lampent|p1b: Crocalor\n|-resisted|p1a: Quaquaval\n|-damage|p1a: Quaquaval|5\/100\n|move|p1b: Crocalor|Heat Wave|p2a: Lampent\n|-damage|p2a: Lampent|25\/100\n|\n|-weather|SunnyDay|[upkeep]\n|-heal|p1a: Quaquaval|11\/100|[from] item: Leftovers\n|upkeep\n|turn|13\n|j| InfernoDragon18\n|\n|t:|1699865792\n|move|p1a: Quaquaval|Aqua Step|p2a: Lampent\n|-damage|p2a: Lampent|0 fnt\n|-boost|p1a: Quaquaval|spe|1\n|-status|p1a: Quaquaval|brn|[from] ability: Flame Body|[of] p2a: Lampent\n|faint|p2a: Lampent\n|\n|win|hpl12345\n|n|\u2606hpl12345|hpl12345\n|n|\u2606ashgrenajia|ashgrenajia\n|n|*Lady Monita \u2746|ladymonita\n|n| Jaehyunmylove|jaehyunmylove\n|n| Randomssp|randomssp\n|n| Im dumb srly|imdumbsrly\n|n| InfernoDragon18|infernodragon18\n","uploadtime":1699865793,"views":6,"p1id":"hpl12345","p2id":"ashgrenajia","formatid":"gen9doublesou","rating":0,"private":0,"password":""}