{"id":"gen9doublesou-1993322010","p1":"JasonJo1993","p2":"Nesfalken_","format":"[Gen 9] Doubles OU","log":"|j|\u2606JasonJo1993\n|j|\u2606Nesfalken_\n|t:|1700297988\n|gametype|doubles\n|player|p1|JasonJo1993|pokekid|\n|player|p2|Nesfalken_|burglar|\n|teamsize|p1|6\n|teamsize|p2|6\n|gen|9\n|tier|[Gen 9] Doubles OU\n|rule|Species Clause: Limit one of each Pok\u00e9mon\n|rule|OHKO Clause: OHKO moves are banned\n|rule|Evasion Moves Clause: Evasion moves are banned\n|rule|Gravity Sleep Clause: The combination of sleep-inducing moves with imperfect accuracy and Gravity or Gigantamax Orbeetle are banned\n|rule|Endless Battle Clause: Forcing endless battles is banned\n|rule|HP Percentage Mod: HP is shown in percentages\n|clearpoke\n|poke|p1|Torkoal, M|\n|poke|p1|Indeedee-F, F|\n|poke|p1|Armarouge, F|\n|poke|p1|Lilligant-Hisui, F|\n|poke|p1|Flutter Mane|\n|poke|p1|Kleavor, M|\n|poke|p2|Clefairy, M|\n|poke|p2|Sinistcha-Masterpiece|\n|poke|p2|Snorlax, M|\n|poke|p2|Kommo-o, F|\n|poke|p2|Landorus-Therian, M|\n|poke|p2|Iron Hands|\n|teampreview\n|inactive|Battle timer is ON: inactive players will automatically lose when time's up. (requested by Nesfalken_)\n|\n|t:|1700298004\n|start\n|switch|p1a: Torkoal|Torkoal, M|100\/100\n|switch|p1b: Flutter Mane|Flutter Mane|100\/100\n|switch|p2a: Kommo-o|Kommo-o, F|100\/100\n|switch|p2b: Clefairy|Clefairy, M|100\/100\n|-weather|SunnyDay|[from] ability: Drought|[of] p1a: Torkoal\n|-activate|p1b: Flutter Mane|ability: Protosynthesis\n|-start|p1b: Flutter Mane|protosynthesisspe\n|turn|1\n|\n|t:|1700298027\n|switch|p1a: Indeedee|Indeedee-F, F|100\/100\n|-fieldstart|move: Psychic Terrain|[from] ability: Psychic Surge|[of] p1a: Indeedee\n|-terastallize|p2a: Kommo-o|Steel\n|move|p2b: Clefairy|Follow Me|p2b: Clefairy\n|-singleturn|p2b: Clefairy|move: Follow Me\n|move|p1b: Flutter Mane|Dazzling Gleam|p2b: Clefairy|[spread] p2a,p2b\n|-resisted|p2a: Kommo-o\n|-damage|p2a: Kommo-o|84\/100\n|-damage|p2b: Clefairy|73\/100\n|move|p2a: Kommo-o|Clangorous Soul|p2a: Kommo-o\n|-boost|p2a: Kommo-o|atk|1\n|-boost|p2a: Kommo-o|def|1\n|-boost|p2a: Kommo-o|spa|1\n|-boost|p2a: Kommo-o|spd|1\n|-boost|p2a: Kommo-o|spe|1\n|-damage|p2a: Kommo-o|51\/100\n|-enditem|p2a: Kommo-o|Throat Spray\n|-boost|p2a: Kommo-o|spa|1|[from] item: Throat Spray\n|\n|-weather|SunnyDay|[upkeep]\n|upkeep\n|turn|2\n|inactive|JasonJo1993 has 270 seconds left.\n|\n|t:|1700298068\n|-end|p1b: Flutter Mane|Protosynthesis|[silent]\n|switch|p1b: Kleavor|Kleavor, M|100\/100\n|switch|p1a: Armarouge|Armarouge, F|100\/100\n|move|p2a: Kommo-o|Flash Cannon|p1b: Kleavor\n|-supereffective|p1b: Kleavor\n|-damage|p1b: Kleavor|0 fnt\n|faint|p1b: Kleavor\n|move|p2b: Clefairy|Heal Pulse|p2a: Kommo-o\n|-heal|p2a: Kommo-o|100\/100\n|\n|-weather|SunnyDay|[upkeep]\n|upkeep\n|\n|t:|1700298080\n|switch|p1b: Lilligant|Lilligant-Hisui, F|100\/100\n|turn|3\n|inactive|JasonJo1993 has 270 seconds left.\n|\n|t:|1700298092\n|move|p2b: Clefairy|Follow Me|p2b: Clefairy\n|-singleturn|p2b: Clefairy|move: Follow Me\n|move|p1b: Lilligant|Close Combat|p2b: Clefairy\n|-resisted|p2b: Clefairy\n|-damage|p2b: Clefairy|40\/100\n|-unboost|p1b: Lilligant|def|1\n|-unboost|p1b: Lilligant|spd|1\n|move|p2a: Kommo-o|Clanging Scales|p1a: Armarouge|[spread] p1a,p1b\n|-damage|p1a: Armarouge|20\/100\n|-enditem|p1b: Lilligant|Focus Sash\n|-damage|p1b: Lilligant|1\/100\n|-unboost|p2a: Kommo-o|def|1\n|move|p1a: Armarouge|Heat Wave|p2b: Clefairy|[spread] p2a,p2b\n|-supereffective|p2a: Kommo-o\n|-damage|p2a: Kommo-o|23\/100\n|-damage|p2b: Clefairy|0 fnt\n|-status|p2a: Kommo-o|brn\n|faint|p2b: Clefairy\n|-damage|p1a: Armarouge|10\/100|[from] item: Life Orb\n|\n|-weather|SunnyDay|[upkeep]\n|-damage|p2a: Kommo-o|17\/100 brn|[from] brn\n|upkeep\n|\n|t:|1700298110\n|switch|p2b: Landorus|Landorus-Therian, M|100\/100\n|-ability|p2b: Landorus|Intimidate|boost\n|-unboost|p1a: Armarouge|atk|1\n|-unboost|p1b: Lilligant|atk|1\n|turn|4\n|\n|t:|1700298132\n|move|p2a: Kommo-o|Protect|p2a: Kommo-o\n|-singleturn|p2a: Kommo-o|Protect\n|move|p1b: Lilligant|After You|p1a: Armarouge\n|-activate|p1a: Armarouge|move: After You\n|move|p1a: Armarouge|Heat Wave|p2a: Kommo-o|[spread] p2b\n|-activate|p2a: Kommo-o|move: Protect\n|-damage|p2b: Landorus|0 fnt\n|faint|p2b: Landorus\n|-damage|p1a: Armarouge|0 fnt|[from] item: Life Orb\n|faint|p1a: Armarouge\n|\n|-weather|SunnyDay|[upkeep]\n|-damage|p2a: Kommo-o|11\/100 brn|[from] brn\n|upkeep\n|\n|t:|1700298145\n|switch|p2b: Sinistcha|Sinistcha-Masterpiece|100\/100\n|switch|p1a: Torkoal|Torkoal, M|100\/100\n|-heal|p2a: Kommo-o|36\/100 brn|[from] ability: Hospitality|[of] p2b: Sinistcha\n|turn|5\n|\n|t:|1700298162\n|move|p2b: Sinistcha|Rage Powder|p2b: Sinistcha\n|-singleturn|p2b: Sinistcha|move: Rage Powder\n|move|p1b: Lilligant|After You|p1a: Torkoal\n|-activate|p1a: Torkoal|move: After You\n|move|p1a: Torkoal|Heat Wave|p2b: Sinistcha|[spread] p2a,p2b\n|-supereffective|p2a: Kommo-o\n|-supereffective|p2b: Sinistcha\n|-damage|p2a: Kommo-o|0 fnt\n|-damage|p2b: Sinistcha|0 fnt\n|faint|p2a: Kommo-o\n|faint|p2b: Sinistcha\n|\n|-weather|SunnyDay|[upkeep]\n|-fieldend|move: Psychic Terrain\n|upkeep\n|\n|t:|1700298173\n|switch|p2a: Iron Hands|Iron Hands|100\/100\n|switch|p2b: Snorlax|Snorlax, M|100\/100\n|turn|6\n|\n|t:|1700298197\n|switch|p1b: Flutter Mane|Flutter Mane|100\/100\n|-activate|p1b: Flutter Mane|ability: Protosynthesis\n|-start|p1b: Flutter Mane|protosynthesisspe\n|move|p2a: Iron Hands|Fake Out|p1b: Flutter Mane\n|-immune|p1b: Flutter Mane\n|move|p2b: Snorlax|Belly Drum|p2b: Snorlax\n|-damage|p2b: Snorlax|50\/100\n|-setboost|p2b: Snorlax|atk|6|[from] move: Belly Drum\n|-enditem|p2b: Snorlax|Sitrus Berry|[eat]\n|-heal|p2b: Snorlax|75\/100|[from] item: Sitrus Berry\n|move|p1a: Torkoal|Heat Wave|p2a: Iron Hands|[spread] p2a,p2b\n|-damage|p2a: Iron Hands|73\/100\n|-damage|p2b: Snorlax|61\/100\n|\n|-weather|SunnyDay|[upkeep]\n|upkeep\n|turn|7\n|inactive|JasonJo1993 has 270 seconds left.\n|\n|t:|1700298231\n|switch|p1a: Indeedee|Indeedee-F, F|100\/100\n|-fieldstart|move: Psychic Terrain|[from] ability: Psychic Surge|[of] p1a: Indeedee\n|move|p1b: Flutter Mane|Psyshock|p2b: Snorlax\n|-damage|p2b: Snorlax|23\/100\n|move|p2a: Iron Hands|Heavy Slam|p1b: Flutter Mane\n|-supereffective|p1b: Flutter Mane\n|-damage|p1b: Flutter Mane|0 fnt\n|faint|p1b: Flutter Mane\n|-end|p1b: Flutter Mane|Protosynthesis|[silent]\n|move|p2b: Snorlax|Facade|p1a: Indeedee\n|-damage|p1a: Indeedee|0 fnt\n|faint|p1a: Indeedee\n|\n|-weather|SunnyDay|[upkeep]\n|upkeep\n|inactive|JasonJo1993 has 270 seconds left.\n|\n|t:|1700298247\n|switch|p1b: Lilligant|Lilligant-Hisui, F|1\/100\n|switch|p1a: Torkoal|Torkoal, M|100\/100\n|turn|8\n|\n|t:|1700298260\n|move|p2b: Snorlax|Protect|p2b: Snorlax\n|-singleturn|p2b: Snorlax|Protect\n|move|p1b: Lilligant|Close Combat|p2b: Snorlax\n|-activate|p2b: Snorlax|move: Protect\n|move|p2a: Iron Hands|Drain Punch|p1b: Lilligant\n|-damage|p1b: Lilligant|0 fnt\n|-heal|p2a: Iron Hands|73\/100|[from] drain|[of] p1b: Lilligant\n|faint|p1b: Lilligant\n|move|p1a: Torkoal|Heat Wave|p2b: Snorlax|[spread] p2a\n|-activate|p2b: Snorlax|move: Protect\n|-damage|p2a: Iron Hands|44\/100\n|\n|-weather|none\n|upkeep\n|turn|9\n|\n|t:|1700298274\n|move|p2a: Iron Hands|Drain Punch|p1a: Torkoal\n|-damage|p1a: Torkoal|65\/100\n|-heal|p2a: Iron Hands|56\/100|[from] drain|[of] p1a: Torkoal\n|move|p2b: Snorlax|High Horsepower|p1a: Torkoal\n|-supereffective|p1a: Torkoal\n|-damage|p1a: Torkoal|0 fnt\n|faint|p1a: Torkoal\n|\n|win|Nesfalken_\n|l|\u2606JasonJo1993\n","uploadtime":1700298366,"views":9,"p1id":"jasonjo1993","p2id":"nesfalken","formatid":"gen9doublesou","rating":0,"private":0,"password":""}