{"id":"gen9doublesou-1969996718","p1":"Gorpg2","p2":"HaltingSphinx16","format":"[Gen 9] Doubles OU","log":"|j|\u2606Gorpg2\n|j|\u2606HaltingSphinx16\n|t:|1697583385\n|gametype|doubles\n|player|p1|Gorpg2|n|1088\n|player|p2|HaltingSphinx16|102|1240\n|teamsize|p1|6\n|teamsize|p2|6\n|gen|9\n|tier|[Gen 9] Doubles OU\n|rated|\n|rule|Species Clause: Limit one of each Pok\u00e9mon\n|rule|OHKO Clause: OHKO moves are banned\n|rule|Evasion Moves Clause: Evasion moves are banned\n|rule|Gravity Sleep Clause: The combination of sleep-inducing moves with imperfect accuracy and Gravity or Gigantamax Orbeetle are banned\n|rule|Endless Battle Clause: Forcing endless battles is banned\n|rule|HP Percentage Mod: HP is shown in percentages\n|clearpoke\n|poke|p1|Sinistcha|\n|poke|p1|Fezandipiti, M|\n|poke|p1|Ogerpon-Wellspring, F|\n|poke|p1|Politoed, F|\n|poke|p1|Thundurus-Therian, M|\n|poke|p1|Scizor, M|\n|poke|p2|Indeedee-F, F|\n|poke|p2|Hatterene, F|\n|poke|p2|Rotom-Wash|\n|poke|p2|Torkoal, M|\n|poke|p2|Kingambit, M|\n|poke|p2|Amoonguss, F|\n|teampreview\n|inactive|Battle timer is ON: inactive players will automatically lose when time's up. (requested by Gorpg2)\n|inactive|Gorpg2 has 120 seconds left.\n|\n|t:|1697583445\n|start\n|switch|p1a: Sinistcha|Sinistcha|100\/100\n|switch|p1b: Fezandipiti|Fezandipiti, M|100\/100\n|switch|p2a: Indeedee|Indeedee-F, F, shiny|100\/100\n|switch|p2b: Rotom|Rotom-Wash|100\/100\n|-fieldstart|move: Psychic Terrain|[from] ability: Psychic Surge|[of] p2a: Indeedee\n|turn|1\n|\n|t:|1697583462\n|move|p2b: Rotom|Protect|p2b: Rotom\n|-singleturn|p2b: Rotom|Protect\n|move|p1a: Sinistcha|Rage Powder|p1a: Sinistcha\n|-singleturn|p1a: Sinistcha|move: Rage Powder\n|move|p1b: Fezandipiti|Dazzling Gleam|p2b: Rotom|[spread] p2a\n|-activate|p2b: Rotom|move: Protect\n|-damage|p2a: Indeedee|86\/100\n|move|p2a: Indeedee|Trick Room|p2a: Indeedee\n|-fieldstart|move: Trick Room|[of] p2a: Indeedee\n|\n|upkeep\n|turn|2\n|\n|t:|1697583483\n|move|p2a: Indeedee|Helping Hand|p2b: Rotom\n|-singleturn|p2b: Rotom|Helping Hand|[of] p2a: Indeedee\n|move|p1a: Sinistcha|Protect|p1a: Sinistcha\n|-singleturn|p1a: Sinistcha|Protect\n|move|p1b: Fezandipiti|Protect|p1b: Fezandipiti\n|-singleturn|p1b: Fezandipiti|Protect\n|move|p2b: Rotom|Volt Switch|p1b: Fezandipiti\n|-activate|p1b: Fezandipiti|move: Protect\n|\n|upkeep\n|turn|3\n|\n|t:|1697583509\n|switch|p2a: Torkoal|Torkoal, M, shiny|100\/100\n|-weather|SunnyDay|[from] ability: Drought|[of] p2a: Torkoal\n|move|p2b: Rotom|Protect|p2b: Rotom\n|-singleturn|p2b: Rotom|Protect\n|move|p1b: Fezandipiti|Protect||[still]\n|-fail|p1b: Fezandipiti\n|move|p1a: Sinistcha|Matcha Gotcha|p2b: Rotom|[spread] p2a\n|-activate|p2b: Rotom|move: Protect\n|-resisted|p2a: Torkoal\n|-damage|p2a: Torkoal|85\/100\n|\n|-weather|SunnyDay|[upkeep]\n|upkeep\n|turn|4\n|\n|t:|1697583534\n|move|p1a: Sinistcha|Protect|p1a: Sinistcha\n|-singleturn|p1a: Sinistcha|Protect\n|move|p2a: Torkoal|Eruption|p1a: Sinistcha|[spread] p1b\n|-activate|p1a: Sinistcha|move: Protect\n|-damage|p1b: Fezandipiti|43\/100\n|move|p2b: Rotom|Volt Switch|p1a: Sinistcha\n|-activate|p1a: Sinistcha|move: Protect\n|move|p1b: Fezandipiti|Dazzling Gleam|p2a: Torkoal|[spread] p2a,p2b\n|-resisted|p2a: Torkoal\n|-damage|p2a: Torkoal|70\/100\n|-damage|p2b: Rotom|83\/100\n|-status|p2a: Torkoal|tox|[from] ability: Toxic Chain|[of] p1b: Fezandipiti\n|\n|-weather|SunnyDay|[upkeep]\n|-heal|p1b: Fezandipiti|49\/100|[from] item: Leftovers\n|-damage|p2a: Torkoal|64\/100 tox|[from] psn\n|upkeep\n|turn|5\n|\n|t:|1697583561\n|switch|p1a: Politoed|Politoed, F|100\/100\n|-weather|RainDance|[from] ability: Drizzle|[of] p1a: Politoed\n|move|p2b: Rotom|Protect|p2b: Rotom\n|-singleturn|p2b: Rotom|Protect\n|move|p1b: Fezandipiti|Protect|p1b: Fezandipiti\n|-singleturn|p1b: Fezandipiti|Protect\n|move|p2a: Torkoal|Eruption|p1b: Fezandipiti|[spread] p1a\n|-activate|p1b: Fezandipiti|move: Protect\n|-resisted|p1a: Politoed\n|-damage|p1a: Politoed|91\/100\n|\n|-weather|RainDance|[upkeep]\n|-heal|p1b: Fezandipiti|55\/100|[from] item: Leftovers\n|-damage|p2a: Torkoal|52\/100 tox|[from] psn\n|-fieldend|move: Trick Room\n|upkeep\n|turn|6\n|\n|t:|1697583586\n|move|p2a: Torkoal|Protect|p2a: Torkoal\n|-singleturn|p2a: Torkoal|Protect\n|move|p1a: Politoed|Encore|p2b: Rotom\n|-start|p2b: Rotom|Encore\n|move|p1b: Fezandipiti|Hurricane|p2a: Torkoal\n|-activate|p2a: Torkoal|move: Protect\n|move|p2b: Rotom|Protect||[still]\n|-fail|p2b: Rotom\n|\n|-weather|RainDance|[upkeep]\n|-heal|p1b: Fezandipiti|61\/100|[from] item: Leftovers\n|-damage|p2a: Torkoal|33\/100 tox|[from] psn\n|upkeep\n|turn|7\n|\n|t:|1697583609\n|switch|p2b: Hatterene|Hatterene, F, shiny|100\/100\n|switch|p2a: Indeedee|Indeedee-F, F, shiny|86\/100\n|move|p1a: Politoed|Helping Hand|p1b: Fezandipiti\n|-singleturn|p1b: Fezandipiti|Helping Hand|[of] p1a: Politoed\n|move|p1b: Fezandipiti|Hurricane|p2a: Indeedee\n|-damage|p2a: Indeedee|54\/100\n|-status|p2a: Indeedee|tox|[from] ability: Toxic Chain|[of] p1b: Fezandipiti\n|\n|-weather|RainDance|[upkeep]\n|-heal|p1b: Fezandipiti|67\/100|[from] item: Leftovers\n|-damage|p2a: Indeedee|48\/100 tox|[from] psn\n|upkeep\n|turn|8\n|\n|t:|1697583634\n|move|p1a: Politoed|Helping Hand|p1b: Fezandipiti\n|-singleturn|p1b: Fezandipiti|Helping Hand|[of] p1a: Politoed\n|move|p1b: Fezandipiti|Dazzling Gleam|p2a: Indeedee|[spread] p2a,p2b\n|-damage|p2a: Indeedee|25\/100 tox\n|-damage|p2b: Hatterene|66\/100\n|move|p2b: Hatterene|Psychic|p1b: Fezandipiti\n|-supereffective|p1b: Fezandipiti\n|-damage|p1b: Fezandipiti|0 fnt\n|faint|p1b: Fezandipiti\n|move|p2a: Indeedee|Trick Room|p2a: Indeedee\n|-fieldstart|move: Trick Room|[of] p2a: Indeedee\n|\n|-weather|RainDance|[upkeep]\n|-heal|p2b: Hatterene|72\/100|[from] item: Leftovers\n|-damage|p2a: Indeedee|13\/100 tox|[from] psn\n|-fieldend|move: Psychic Terrain\n|upkeep\n|inactive|Gorpg2 has 120 seconds left.\n|\n|t:|1697583648\n|switch|p1b: Sinistcha|Sinistcha|100\/100\n|-heal|p1a: Politoed|100\/100|[from] ability: Hospitality|[of] p1b: Sinistcha\n|turn|9\n|c|\u2606Gorpg2|!data steel\nNo Pok\u00e9mon, item, move, ability or nature named 'steel' was found. Showing the data of 'Corkscrew Crash' instead.\n|raw|<ul class=\"utilichart\"><li class=\"result\"><span class=\"col movenamecol\"><a href=\"https:\/\/dex.pokemonshowdown.com\/moves\/corkscrewcrash\">Corkscrew Crash<\/a><\/span> <span class=\"col typecol\"><img src=\"\/\/play.pokemonshowdown.com\/sprites\/types\/Steel.png\" alt=\"Steel\" width=\"32\" height=\"14\"><img src=\"\/\/play.pokemonshowdown.com\/sprites\/categories\/Physical.png\" alt=\"Physical\" width=\"32\" height=\"14\"><\/span> <span class=\"col labelcol\"><em>Power<\/em><br>1<\/span> <span class=\"col widelabelcol\"><em>Accuracy<\/em><br>\u2014<\/span> <span class=\"col pplabelcol\"><em>PP<\/em><br>1<\/span> <span class=\"col movedesccol\">Power is equal to the base move's Z-Power.<\/span> <\/li><li style=\"clear:both\"><\/li><\/ul>\n\n|inactive|Gorpg2 has 120 seconds left.\n|c|\u2606Gorpg2|!weakness steel\n|c| Gorpg2|\/raw <div class=\"infobox\">Steel:<br \/><span class=\"message-effect-weak\">Weaknesses<\/span>: Fighting, Fire, Ground<br \/><span class=\"message-effect-resist\">Resistances<\/span>: Bug, Dragon, Fairy, Flying, Grass, Ice, Normal, Psychic, Rock, Steel<br \/><span class=\"message-effect-immune\">Immunities<\/span>: Poison, Sandstorm damage, Toxic<\/div>\n|inactive|HaltingSphinx16 has 120 seconds left.\n|\n|t:|1697583687\n|switch|p1b: Scizor|Scizor, M|100\/100\n|move|p2a: Indeedee|Helping Hand|p2b: Hatterene\n|-singleturn|p2b: Hatterene|Helping Hand|[of] p2a: Indeedee\n|move|p2b: Hatterene|Dazzling Gleam|p1a: Politoed|[spread] p1a,p1b\n|-resisted|p1b: Scizor\n|-crit|p1b: Scizor\n|-damage|p1a: Politoed|43\/100\n|-damage|p1b: Scizor|38\/100\n|move|p1a: Politoed|Encore|p2b: Hatterene\n|move|p2b: Hatterene|Encore||[from]ability: Magic Bounce|[still]\n|-fail|p2b: Hatterene\n|\n|-weather|RainDance|[upkeep]\n|-heal|p2b: Hatterene|78\/100|[from] item: Leftovers\n|-damage|p2a: Indeedee|0 fnt|[from] psn\n|faint|p2a: Indeedee\n|upkeep\n|\n|t:|1697583702\n|switch|p2a: Amoonguss|Amoonguss, F, shiny|100\/100\n|turn|10\n|\n|t:|1697583718\n|switch|p1a: Sinistcha|Sinistcha|100\/100\n|-heal|p1b: Scizor|63\/100|[from] ability: Hospitality|[of] p1a: Sinistcha\n|move|p2a: Amoonguss|Protect|p2a: Amoonguss\n|-singleturn|p2a: Amoonguss|Protect\n|move|p1b: Scizor|Protect|p1b: Scizor\n|-singleturn|p1b: Scizor|Protect\n|move|p2b: Hatterene|Dazzling Gleam|p1a: Sinistcha|[spread] p1a\n|-activate|p1b: Scizor|move: Protect\n|-damage|p1a: Sinistcha|63\/100\n|\n|-weather|RainDance|[upkeep]\n|-heal|p2b: Hatterene|84\/100|[from] item: Leftovers\n|upkeep\n|turn|11\n|\n|t:|1697583744\n|move|p2a: Amoonguss|Rage Powder|p2a: Amoonguss\n|-singleturn|p2a: Amoonguss|move: Rage Powder\n|move|p1a: Sinistcha|Rage Powder|p1a: Sinistcha\n|-singleturn|p1a: Sinistcha|move: Rage Powder\n|move|p2b: Hatterene|Shadow Ball|p1a: Sinistcha\n|-supereffective|p1a: Sinistcha\n|-damage|p1a: Sinistcha|0 fnt\n|faint|p1a: Sinistcha\n|move|p1b: Scizor|Swords Dance|p1b: Scizor\n|-boost|p1b: Scizor|atk|2\n|\n|-weather|RainDance|[upkeep]\n|-heal|p2b: Hatterene|90\/100|[from] item: Leftovers\n|upkeep\n|inactive|Gorpg2 has 120 seconds left.\n|\n|t:|1697583766\n|switch|p1a: Thundurus|Thundurus-Therian, M|100\/100\n|turn|12\n|inactive|Gorpg2 has 120 seconds left.\n|\n|t:|1697583785\n|-terastallize|p2b: Hatterene|Fire\n|-terastallize|p1b: Scizor|Steel\n|move|p2a: Amoonguss|Protect|p2a: Amoonguss\n|-singleturn|p2a: Amoonguss|Protect\n|move|p1b: Scizor|Bullet Punch|p2b: Hatterene\n|-resisted|p2b: Hatterene\n|-damage|p2b: Hatterene|27\/100\n|-damage|p1b: Scizor|53\/100|[from] item: Life Orb\n|move|p2b: Hatterene|Mystical Fire|p1b: Scizor\n|-supereffective|p1b: Scizor\n|-crit|p1b: Scizor\n|-damage|p1b: Scizor|0 fnt\n|faint|p1b: Scizor\n|move|p1a: Thundurus|Thunder|p2a: Amoonguss\n|-activate|p2a: Amoonguss|move: Protect\n|\n|-weather|none\n|-heal|p2b: Hatterene|33\/100|[from] item: Leftovers\n|-fieldend|move: Trick Room\n|upkeep\n|inactive|Gorpg2 has 120 seconds left.\n|\n|t:|1697583799\n|switch|p1b: Politoed|Politoed, F|43\/100\n|-weather|RainDance|[from] ability: Drizzle|[of] p1b: Politoed\n|turn|13\n|\n|t:|1697583810\n|move|p1b: Politoed|Helping Hand|p1a: Thundurus\n|-singleturn|p1a: Thundurus|Helping Hand|[of] p1b: Politoed\n|move|p2a: Amoonguss|Rage Powder|p2a: Amoonguss\n|-singleturn|p2a: Amoonguss|move: Rage Powder\n|move|p1a: Thundurus|Weather Ball|p2a: Amoonguss\n|-resisted|p2a: Amoonguss\n|-damage|p2a: Amoonguss|79\/100\n|move|p2b: Hatterene|Dazzling Gleam|p1a: Thundurus|[spread] p1a,p1b\n|-damage|p1a: Thundurus|59\/100\n|-damage|p1b: Politoed|8\/100\n|\n|-weather|RainDance|[upkeep]\n|-heal|p1a: Thundurus|65\/100|[from] item: Leftovers\n|-heal|p2b: Hatterene|39\/100|[from] item: Leftovers\n|upkeep\n|turn|14\n|\n|t:|1697583825\n|move|p1b: Politoed|Helping Hand|p1a: Thundurus\n|-singleturn|p1a: Thundurus|Helping Hand|[of] p1b: Politoed\n|move|p2a: Amoonguss|Rage Powder|p2a: Amoonguss\n|-singleturn|p2a: Amoonguss|move: Rage Powder\n|move|p1a: Thundurus|Thunder|p2a: Amoonguss\n|-resisted|p2a: Amoonguss\n|-damage|p2a: Amoonguss|55\/100\n|move|p2b: Hatterene|Dazzling Gleam|p1a: Thundurus|[spread] p1a,p1b\n|-damage|p1a: Thundurus|24\/100\n|-damage|p1b: Politoed|0 fnt\n|faint|p1b: Politoed\n|\n|-weather|RainDance|[upkeep]\n|-heal|p1a: Thundurus|30\/100|[from] item: Leftovers\n|-heal|p2b: Hatterene|45\/100|[from] item: Leftovers\n|upkeep\n|\n|t:|1697583834\n|switch|p1b: Ogerpon|Ogerpon-Wellspring, F|100\/100\n|turn|15\n|\n|t:|1697583851\n|switch|p2b: Kingambit|Kingambit, M|100\/100\n|-activate|p2b: Kingambit|ability: Supreme Overlord\n|-start|p2b: Kingambit|fallen1|[silent]\n|move|p2a: Amoonguss|Protect|p2a: Amoonguss\n|-singleturn|p2a: Amoonguss|Protect\n|move|p1a: Thundurus|Weather Ball|p2b: Kingambit\n|-damage|p2b: Kingambit|51\/100\n|move|p1b: Ogerpon|Ivy Cudgel|p2b: Kingambit\n|-damage|p2b: Kingambit|0 fnt\n|faint|p2b: Kingambit\n|-end|p2b: Kingambit|fallen1|[silent]\n|\n|-weather|RainDance|[upkeep]\n|-heal|p1a: Thundurus|36\/100|[from] item: Leftovers\n|upkeep\n|\n|t:|1697583864\n|switch|p2b: Hatterene|Hatterene, F, shiny, tera:Fire|45\/100\n|turn|16\n|inactive|HaltingSphinx16 has 120 seconds left.\n|\n|t:|1697583895\n|move|p2a: Amoonguss|Rage Powder|p2a: Amoonguss\n|-singleturn|p2a: Amoonguss|move: Rage Powder\n|move|p1a: Thundurus|Thunder|p2a: Amoonguss\n|-resisted|p2a: Amoonguss\n|-damage|p2a: Amoonguss|37\/100\n|-status|p2a: Amoonguss|par\n|-enditem|p2a: Amoonguss|Sitrus Berry|[eat]\n|-heal|p2a: Amoonguss|62\/100 par|[from] item: Sitrus Berry\n|move|p1b: Ogerpon|Knock Off|p2b: Hatterene\n|-crit|p2b: Hatterene\n|-damage|p2b: Hatterene|0 fnt\n|-enditem|p2b: Hatterene|Leftovers|[from] move: Knock Off|[of] p1b: Ogerpon\n|faint|p2b: Hatterene\n|\n|-weather|RainDance|[upkeep]\n|-heal|p1a: Thundurus|42\/100|[from] item: Leftovers\n|upkeep\n|inactive|HaltingSphinx16 has 120 seconds left.\n|\n|t:|1697583907\n|switch|p2b: Rotom|Rotom-Wash|83\/100\n|turn|17\n|\n|t:|1697583936\n|move|p1a: Thundurus|Weather Ball|p2b: Rotom\n|-resisted|p2b: Rotom\n|-damage|p2b: Rotom|63\/100\n|move|p1b: Ogerpon|Ivy Cudgel|p2b: Rotom\n|-resisted|p2b: Rotom\n|-damage|p2b: Rotom|9\/100\n|-enditem|p2b: Rotom|Sitrus Berry|[eat]\n|-heal|p2b: Rotom|34\/100|[from] item: Sitrus Berry\n|move|p2b: Rotom|Volt Switch|p1b: Ogerpon\n|-damage|p1b: Ogerpon|67\/100\n|inactive|HaltingSphinx16 has 120 seconds left.\n|\n|t:|1697583948\n|switch|p2b: Torkoal|Torkoal, M, shiny|33\/100 tox|[from] Volt Switch\n|-weather|SunnyDay|[from] ability: Drought|[of] p2b: Torkoal\n|move|p2a: Amoonguss|Spore|p1a: Thundurus\n|-status|p1a: Thundurus|slp|[from] move: Spore\n|\n|-weather|SunnyDay|[upkeep]\n|-heal|p1a: Thundurus|48\/100 slp|[from] item: Leftovers\n|-damage|p2b: Torkoal|27\/100 tox|[from] psn\n|upkeep\n|turn|18\n|\n|t:|1697583963\n|move|p2a: Amoonguss|Rage Powder|p2a: Amoonguss\n|-singleturn|p2a: Amoonguss|move: Rage Powder\n|cant|p1a: Thundurus|slp\n|move|p1b: Ogerpon|Ivy Cudgel|p2b: Torkoal\n|-supereffective|p2b: Torkoal\n|-damage|p2b: Torkoal|0 fnt\n|faint|p2b: Torkoal\n|\n|-weather|SunnyDay|[upkeep]\n|-heal|p1a: Thundurus|54\/100 slp|[from] item: Leftovers\n|upkeep\n|\n|t:|1697583969\n|switch|p2b: Rotom|Rotom-Wash|34\/100\n|turn|19\n|\n|t:|1697583976\n|move|p2a: Amoonguss|Rage Powder|p2a: Amoonguss\n|-singleturn|p2a: Amoonguss|move: Rage Powder\n|-curestatus|p1a: Thundurus|slp|[msg]\n|move|p1a: Thundurus|Weather Ball|p2a: Amoonguss\n|-supereffective|p2a: Amoonguss\n|-damage|p2a: Amoonguss|4\/100 par\n|move|p1b: Ogerpon|Ivy Cudgel|p2b: Rotom\n|-resisted|p2b: Rotom\n|-crit|p2b: Rotom\n|-damage|p2b: Rotom|7\/100\n|move|p2b: Rotom|Will-O-Wisp|p1b: Ogerpon\n|-status|p1b: Ogerpon|brn\n|\n|-weather|SunnyDay|[upkeep]\n|-heal|p1a: Thundurus|60\/100|[from] item: Leftovers\n|-damage|p1b: Ogerpon|61\/100 brn|[from] brn\n|upkeep\n|turn|20\n|\n|t:|1697583988\n|move|p2b: Rotom|Protect|p2b: Rotom\n|-singleturn|p2b: Rotom|Protect\n|move|p2a: Amoonguss|Protect|p2a: Amoonguss\n|-singleturn|p2a: Amoonguss|Protect\n|move|p1a: Thundurus|Weather Ball|p2a: Amoonguss\n|-activate|p2a: Amoonguss|move: Protect\n|move|p1b: Ogerpon|Ivy Cudgel|p2b: Rotom\n|-activate|p2b: Rotom|move: Protect\n|\n|-weather|SunnyDay|[upkeep]\n|-heal|p1a: Thundurus|66\/100|[from] item: Leftovers\n|-damage|p1b: Ogerpon|55\/100 brn|[from] brn\n|upkeep\n|turn|21\n|c|\u2606Gorpg2|uhhh\n|\n|t:|1697584015\n|move|p2a: Amoonguss|Rage Powder|p2a: Amoonguss\n|-singleturn|p2a: Amoonguss|move: Rage Powder\n|move|p1a: Thundurus|Weather Ball|p2a: Amoonguss\n|-supereffective|p2a: Amoonguss\n|-damage|p2a: Amoonguss|0 fnt\n|faint|p2a: Amoonguss\n|move|p1b: Ogerpon|Ivy Cudgel|p2b: Rotom\n|-resisted|p2b: Rotom\n|-damage|p2b: Rotom|0 fnt\n|faint|p2b: Rotom\n|\n|win|Gorpg2\n|raw|Gorpg2's rating: 1088 &rarr; <strong>1126<\/strong><br \/>(+38 for winning)\n|raw|HaltingSphinx16's rating: 1240 &rarr; <strong>1205<\/strong><br \/>(-35 for losing)\n|l|\u2606HaltingSphinx16\n|c|\u2606Gorpg2|why did ogerpon ignore the rage powder\n|c|\u2606Gorpg2|gg though\n","uploadtime":1697584041,"views":18,"p1id":"gorpg2","p2id":"haltingsphinx16","formatid":"gen9doublesou","rating":1126,"private":0,"password":""}