{"id":"gen9doublesou-1975940999","p1":"Freey4","p2":"iatora","format":"[Gen 9] Doubles OU","log":"|j|\u2606Freey4\n|j|\u2606iatora\n|t:|1698250917\n|gametype|doubles\n|player|p1|Freey4|lusamine-nihilego|1218\n|player|p2|iatora|preschooler|1096\n|teamsize|p1|6\n|teamsize|p2|6\n|gen|9\n|tier|[Gen 9] Doubles OU\n|rated|\n|rule|Species Clause: Limit one of each Pok\u00e9mon\n|rule|OHKO Clause: OHKO moves are banned\n|rule|Evasion Moves Clause: Evasion moves are banned\n|rule|Gravity Sleep Clause: The combination of sleep-inducing moves with imperfect accuracy and Gravity or Gigantamax Orbeetle are banned\n|rule|Endless Battle Clause: Forcing endless battles is banned\n|rule|HP Percentage Mod: HP is shown in percentages\n|clearpoke\n|poke|p1|Barraskewda, M|\n|poke|p1|Dragalge, M|\n|poke|p1|Sawsbuck, M|\n|poke|p1|Palossand, M|\n|poke|p1|Palafin, M|\n|poke|p1|Quaquaval, M|\n|poke|p2|Ursaluna, M|\n|poke|p2|Dusclops, M|\n|poke|p2|Avalugg-Hisui, M|\n|poke|p2|Vikavolt, F|\n|poke|p2|Clodsire, F|\n|poke|p2|Slowking-Galar, M|\n|teampreview\n|c|\u2606iatora|Hi!\n|c|\u2606Freey4|sui\n|\n|t:|1698250938\n|start\n|switch|p1a: Barraskewda|Barraskewda, M|100\/100\n|switch|p1b: Dragalge|Dragalge, M, shiny|100\/100\n|switch|p2a: Ursaluna|Ursaluna, M|100\/100\n|switch|p2b: Dusclops|Dusclops, M|100\/100\n|-item|p1a: Barraskewda|Assault Vest|[from] ability: Frisk|[of] p2b: Dusclops|[identify]\n|-item|p1b: Dragalge|Sitrus Berry|[from] ability: Frisk|[of] p2b: Dusclops|[identify]\n|turn|1\n|c|\u2606iatora|oui\n|\n|t:|1698250972\n|move|p1a: Barraskewda|Crunch|p2b: Dusclops\n|-supereffective|p2b: Dusclops\n|-damage|p2b: Dusclops|60\/100\n|move|p1b: Dragalge|Dragon Pulse|p2b: Dusclops\n|-damage|p2b: Dusclops|35\/100\n|move|p2a: Ursaluna|Swords Dance|p2a: Ursaluna\n|-boost|p2a: Ursaluna|atk|2\n|move|p2b: Dusclops|Trick Room|p2b: Dusclops\n|-fieldstart|move: Trick Room|[of] p2b: Dusclops\n|\n|upkeep\n|turn|2\n|\n|t:|1698250985\n|move|p2b: Dusclops|Will-O-Wisp|p2a: Ursaluna\n|-status|p2a: Ursaluna|brn\n|move|p2a: Ursaluna|Earthquake|p1b: Dragalge|[spread] p2b,p1a,p1b\n|-supereffective|p1b: Dragalge\n|-damage|p2b: Dusclops|0 fnt\n|-damage|p1a: Barraskewda|0 fnt\n|-damage|p1b: Dragalge|0 fnt\n|faint|p2b: Dusclops\n|faint|p1a: Barraskewda\n|faint|p1b: Dragalge\n|\n|-damage|p2a: Ursaluna|94\/100 brn|[from] brn\n|upkeep\n|c|\u2606iatora|o7 Dusclops\n|\n|t:|1698251014\n|switch|p2b: Vikavolt|Vikavolt, F|100\/100\n|switch|p1b: Sawsbuck|Sawsbuck, M|100\/100\n|switch|p1a: Palafin|Palafin, M|100\/100\n|turn|3\n|\n|t:|1698251032\n|detailschange|p1a: Palafin|Palafin-Hero, M\n|switch|p1a: Palossand|Palossand, M, shiny|100\/100\n|move|p2b: Vikavolt|Discharge|p1b: Sawsbuck|[spread] p1b\n|-immune|p2a: Ursaluna\n|-immune|p1a: Palossand\n|-resisted|p1b: Sawsbuck\n|-damage|p1b: Sawsbuck|71\/100\n|move|p2a: Ursaluna|Facade|p1b: Sawsbuck\n|-damage|p1b: Sawsbuck|0 fnt\n|faint|p1b: Sawsbuck\n|\n|-damage|p2a: Ursaluna|88\/100 brn|[from] brn\n|upkeep\n|\n|t:|1698251042\n|switch|p1b: Palafin|Palafin-Hero, M|100\/100\n|-activate|p1b: Palafin|ability: Zero to Hero\n|turn|4\n|\n|t:|1698251055\n|-terastallize|p1b: Palafin|Water\n|move|p1b: Palafin|Jet Punch|p2a: Ursaluna\n|-supereffective|p2a: Ursaluna\n|-damage|p2a: Ursaluna|20\/100 brn\n|-enditem|p2a: Ursaluna|Aguav Berry|[eat]\n|-heal|p2a: Ursaluna|53\/100 brn|[from] item: Aguav Berry\n|move|p2b: Vikavolt|Discharge|p1a: Palossand|[spread] p1b\n|-immune|p2a: Ursaluna\n|-immune|p1a: Palossand\n|-supereffective|p1b: Palafin\n|-damage|p1b: Palafin|31\/100\n|move|p2a: Ursaluna|Earthquake|p1a: Palossand|[spread] p1a,p1b\n|-immune|p2b: Vikavolt|[from] ability: Levitate\n|-damage|p1a: Palossand|0 fnt\n|-damage|p1b: Palafin|0 fnt\n|faint|p1a: Palossand\n|faint|p1b: Palafin\n|\n|-damage|p2a: Ursaluna|47\/100 brn|[from] brn\n|upkeep\n|\n|t:|1698251066\n|switch|p1b: Quaquaval|Quaquaval, M|100\/100\n|turn|5\n|\n|t:|1698251077\n|move|p2b: Vikavolt|Discharge|p1b: Quaquaval|[spread] p1b\n|-immune|p2a: Ursaluna\n|-supereffective|p1b: Quaquaval\n|-damage|p1b: Quaquaval|16\/100\n|move|p2a: Ursaluna|Facade|p1b: Quaquaval\n|-damage|p1b: Quaquaval|0 fnt\n|faint|p1b: Quaquaval\n|\n|win|iatora\n|raw|Freey4's rating: 1218 &rarr; <strong>1185<\/strong><br \/>(-33 for losing)\n|raw|iatora's rating: 1096 &rarr; <strong>1130<\/strong><br \/>(+34 for winning)\n|c|\u2606iatora|gg\n|l|\u2606Freey4\n","uploadtime":1698251105,"views":12,"p1id":"freey4","p2id":"iatora","formatid":"gen9doublesou","rating":1130,"private":0,"password":""}