{"id":"gen9doublesou-1982986440","p1":"frostysamuri","p2":"jkjkjkjkjkjkU=L","format":"[Gen 9] Doubles OU","log":"|j|\u2606frostysamuri\n|j|\u2606jkjkjkjkjkjkU=L\n|t:|1699066545\n|gametype|doubles\n|player|p1|frostysamuri|169|1142\n|player|p2|jkjkjkjkjkjkU=L|cameraman|1088\n|teamsize|p1|6\n|teamsize|p2|6\n|gen|9\n|tier|[Gen 9] Doubles OU\n|rated|\n|rule|Species Clause: Limit one of each Pok\u00e9mon\n|rule|OHKO Clause: OHKO moves are banned\n|rule|Evasion Moves Clause: Evasion moves are banned\n|rule|Gravity Sleep Clause: The combination of sleep-inducing moves with imperfect accuracy and Gravity or Gigantamax Orbeetle are banned\n|rule|Endless Battle Clause: Forcing endless battles is banned\n|rule|HP Percentage Mod: HP is shown in percentages\n|clearpoke\n|poke|p1|Ursaluna, F|\n|poke|p1|Zapdos|\n|poke|p1|Ninetales-Alola, F|\n|poke|p1|Lucario, F|\n|poke|p1|Ogerpon-Hearthflame, F|\n|poke|p1|Toxapex, F|\n|poke|p2|Cresselia, F|\n|poke|p2|Ursaluna, M|\n|poke|p2|Landorus-Therian, M|\n|poke|p2|Volcanion|\n|poke|p2|Flutter Mane|\n|poke|p2|Grimmsnarl, M|\n|teampreview\n|\n|t:|1699066563\n|start\n|switch|p1a: Ninetales|Ninetales-Alola, F|100\/100\n|switch|p1b: Lucario|Lucario, F|100\/100\n|switch|p2a: Cresselia|Cresselia, F|100\/100\n|switch|p2b: Ursaluna|Ursaluna, M|100\/100\n|-weather|Snow|[from] ability: Snow Warning|[of] p1a: Ninetales\n|turn|1\n|\n|t:|1699066586\n|move|p2b: Ursaluna|Protect|p2b: Ursaluna\n|-singleturn|p2b: Ursaluna|Protect\n|move|p1a: Ninetales|Blizzard|p2a: Cresselia|[spread] p2a\n|-activate|p2b: Ursaluna|move: Protect\n|-damage|p2a: Cresselia|81\/100\n|move|p1b: Lucario|Close Combat|p2b: Ursaluna\n|-activate|p2b: Ursaluna|move: Protect\n|move|p2a: Cresselia|Trick Room|p2a: Cresselia\n|-fieldstart|move: Trick Room|[of] p2a: Cresselia\n|\n|-weather|Snow|[upkeep]\n|-status|p2b: Ursaluna|brn|[from] item: Flame Orb\n|upkeep\n|turn|2\n|\n|t:|1699066601\n|switch|p1b: Toxapex|Toxapex, F|100\/100\n|switch|p1a: Ursaluna|Ursaluna, F|100\/100\n|move|p2a: Cresselia|Ally Switch|p2a: Cresselia\n|swap|p2a: Cresselia|1|[from] move: Ally Switch\n|move|p2a: Ursaluna|Earthquake|p1a: Ursaluna|[spread] p1a,p1b\n|-immune|p2b: Cresselia|[from] ability: Levitate\n|-supereffective|p1b: Toxapex\n|-damage|p1a: Ursaluna|64\/100\n|-damage|p1b: Toxapex|0 fnt\n|faint|p1b: Toxapex\n|\n|-weather|Snow|[upkeep]\n|-damage|p2a: Ursaluna|94\/100 brn|[from] brn\n|-status|p1a: Ursaluna|brn|[from] item: Flame Orb\n|upkeep\n|\n|t:|1699066615\n|switch|p1b: Zapdos|Zapdos|100\/100\n|turn|3\n|\n|t:|1699066632\n|move|p1b: Zapdos|Helping Hand|p1a: Ursaluna\n|-singleturn|p1a: Ursaluna|Helping Hand|[of] p1b: Zapdos\n|move|p1a: Ursaluna|Facade|p2a: Ursaluna\n|-damage|p2a: Ursaluna|0 fnt\n|faint|p2a: Ursaluna\n|move|p2b: Cresselia|Psychic|p1a: Ursaluna\n|-damage|p1a: Ursaluna|40\/100 brn\n|\n|-weather|Snow|[upkeep]\n|-damage|p1a: Ursaluna|34\/100 brn|[from] brn\n|upkeep\n|\n|t:|1699066646\n|switch|p2a: Grimmsnarl|Grimmsnarl, M|100\/100\n|turn|4\n|\n|t:|1699066656\n|move|p1b: Zapdos|Helping Hand|p1a: Ursaluna\n|-singleturn|p1a: Ursaluna|Helping Hand|[of] p1b: Zapdos\n|move|p2a: Grimmsnarl|Fake Out|p1a: Ursaluna\n|-damage|p1a: Ursaluna|27\/100 brn\n|cant|p1a: Ursaluna|flinch\n|move|p2b: Cresselia|Psychic|p1a: Ursaluna\n|-damage|p1a: Ursaluna|5\/100 brn\n|\n|-weather|Snow|[upkeep]\n|-damage|p1a: Ursaluna|0 fnt|[from] brn\n|faint|p1a: Ursaluna\n|upkeep\n|\n|t:|1699066677\n|switch|p1a: Lucario|Lucario, F|100\/100\n|turn|5\n|\n|t:|1699066694\n|move|p1a: Lucario|Bullet Punch|p2a: Grimmsnarl\n|-supereffective|p2a: Grimmsnarl\n|-damage|p2a: Grimmsnarl|53\/100\n|move|p2a: Grimmsnarl|Trick|p1b: Zapdos\n|-activate|p2a: Grimmsnarl|move: Trick|[of] p1b: Zapdos\n|-item|p1b: Zapdos|Lagging Tail|[from] move: Trick\n|-item|p2a: Grimmsnarl|Mental Herb|[from] move: Trick\n|move|p2b: Cresselia|Psychic|p1a: Lucario\n|-damage|p1a: Lucario|73\/100\n|move|p1b: Zapdos|Thunderbolt|p2a: Grimmsnarl\n|-damage|p2a: Grimmsnarl|11\/100\n|\n|-weather|none\n|-fieldend|move: Trick Room\n|upkeep\n|turn|6\n|\n|t:|1699066715\n|move|p1b: Zapdos|Helping Hand|p1a: Lucario\n|-singleturn|p1a: Lucario|Helping Hand|[of] p1b: Zapdos\n|move|p1a: Lucario|Bullet Punch|p2a: Grimmsnarl\n|-supereffective|p2a: Grimmsnarl\n|-damage|p2a: Grimmsnarl|0 fnt\n|faint|p2a: Grimmsnarl\n|move|p2b: Cresselia|Confuse Ray|p1b: Zapdos\n|-start|p1b: Zapdos|confusion\n|\n|upkeep\n|\n|t:|1699066735\n|switch|p2a: Landorus|Landorus-Therian, M|100\/100\n|-ability|p2a: Landorus|Intimidate|boost\n|-fail|p1a: Lucario|unboost|Attack|[from] ability: Inner Focus|[of] p1a: Lucario\n|-unboost|p1b: Zapdos|atk|1\n|turn|7\n|\n|t:|1699066749\n|-activate|p1b: Zapdos|confusion\n|move|p1b: Zapdos|Helping Hand|p1a: Lucario\n|-singleturn|p1a: Lucario|Helping Hand|[of] p1b: Zapdos\n|move|p2b: Cresselia|Ally Switch|p2b: Cresselia\n|swap|p2b: Cresselia|0|[from] move: Ally Switch\n|move|p1a: Lucario|Stone Edge|p2a: Cresselia\n|-damage|p2a: Cresselia|52\/100\n|move|p2b: Landorus|Earthquake|p1a: Lucario|[spread] p1a\n|-immune|p2a: Cresselia|[from] ability: Levitate\n|-immune|p1b: Zapdos\n|-supereffective|p1a: Lucario\n|-damage|p1a: Lucario|0 fnt\n|faint|p1a: Lucario\n|-damage|p2b: Landorus|91\/100|[from] item: Life Orb\n|\n|upkeep\n|\n|t:|1699066762\n|switch|p1a: Ninetales|Ninetales-Alola, F|100\/100\n|-weather|Snow|[from] ability: Snow Warning|[of] p1a: Ninetales\n|turn|8\n|\n|t:|1699066793\n|-terastallize|p2b: Landorus|Ground\n|-activate|p1b: Zapdos|confusion\n|move|p1b: Zapdos|Helping Hand|p1a: Ninetales\n|-singleturn|p1a: Ninetales|Helping Hand|[of] p1b: Zapdos\n|move|p1a: Ninetales|Blizzard|p2b: Landorus|[spread] p2a,p2b\n|-supereffective|p2b: Landorus\n|-damage|p2a: Cresselia|24\/100\n|-damage|p2b: Landorus|0 fnt\n|-status|p2a: Cresselia|frz\n|faint|p2b: Landorus\n|cant|p2a: Cresselia|frz\n|\n|-weather|Snow|[upkeep]\n|upkeep\n|\n|t:|1699066801\n|switch|p2b: Volcanion|Volcanion|100\/100\n|turn|9\n|\n|t:|1699066813\n|-terastallize|p1a: Ninetales|Water\n|-activate|p1b: Zapdos|confusion\n|move|p1b: Zapdos|Helping Hand|p1a: Ninetales\n|-singleturn|p1a: Ninetales|Helping Hand|[of] p1b: Zapdos\n|move|p1a: Ninetales|Blizzard|p2a: Cresselia|[spread] p2a,p2b\n|-resisted|p2b: Volcanion\n|-damage|p2a: Cresselia|0 fnt\n|-damage|p2b: Volcanion|89\/100\n|faint|p2a: Cresselia\n|move|p2b: Volcanion|Flash Cannon|p1a: Ninetales\n|-resisted|p1a: Ninetales\n|-damage|p1a: Ninetales|78\/100\n|-damage|p2b: Volcanion|79\/100|[from] item: Life Orb\n|\n|-weather|Snow|[upkeep]\n|upkeep\n|\n|t:|1699066821\n|switch|p2a: Flutter Mane|Flutter Mane|100\/100\n|turn|10\n|\n|t:|1699066834\n|move|p2b: Volcanion|Protect|p2b: Volcanion\n|-singleturn|p2b: Volcanion|Protect\n|move|p2a: Flutter Mane|Energy Ball|p1a: Ninetales\n|-supereffective|p1a: Ninetales\n|-damage|p1a: Ninetales|0 fnt\n|faint|p1a: Ninetales\n|-damage|p2a: Flutter Mane|91\/100|[from] item: Life Orb\n|-activate|p1b: Zapdos|confusion\n|move|p1b: Zapdos|Thunderbolt|p2b: Volcanion\n|-activate|p2b: Volcanion|move: Protect\n|\n|-weather|Snow|[upkeep]\n|upkeep\n|\n|t:|1699066844\n|switch|p1a: Ogerpon|Ogerpon-Hearthflame, F|100\/100\n|-ability|p1a: Ogerpon|Mold Breaker\n|turn|11\n|\n|t:|1699066858\n|move|p2a: Flutter Mane|Moonblast|p1b: Zapdos\n|-damage|p1b: Zapdos|50\/100\n|-damage|p2a: Flutter Mane|81\/100|[from] item: Life Orb\n|move|p1a: Ogerpon|Wood Hammer|p2a: Flutter Mane\n|-damage|p2a: Flutter Mane|0 fnt\n|faint|p2a: Flutter Mane\n|-end|p2a: Flutter Mane|Protosynthesis|[silent]\n|-damage|p1a: Ogerpon|78\/100|[from] Recoil\n|move|p2b: Volcanion|Heat Wave|p1b: Zapdos|[spread] p1a,p1b\n|-damage|p1a: Ogerpon|26\/100\n|-damage|p1b: Zapdos|18\/100\n|-damage|p2b: Volcanion|69\/100|[from] item: Life Orb\n|-end|p1b: Zapdos|confusion\n|move|p1b: Zapdos|Thunderbolt|p2b: Volcanion\n|-supereffective|p2b: Volcanion\n|-damage|p2b: Volcanion|0 fnt\n|faint|p2b: Volcanion\n|\n|win|frostysamuri\n|raw|frostysamuri's rating: 1142 &rarr; <strong>1163<\/strong><br \/>(+21 for winning)\n|raw|jkjkjkjkjkjkU=L's rating: 1088 &rarr; <strong>1068<\/strong><br \/>(-20 for losing)\n","uploadtime":1699066878,"views":20,"p1id":"frostysamuri","p2id":"jkjkjkjkjkjkul","formatid":"gen9doublesou","rating":1068,"private":0,"password":""}