{"id":"gen9doublesou-1998208095","p1":"1Asiate","p2":"Jackdabest","format":"[Gen 9] Doubles OU","log":"|j|\u26061Asiate\n|j|\u2606Jackdabest\n|t:|1700912834\n|gametype|doubles\n|player|p1|1Asiate|cynthia|1305\n|player|p2|Jackdabest|gambler|1218\n|teamsize|p1|6\n|teamsize|p2|6\n|gen|9\n|tier|[Gen 9] Doubles OU\n|rated|\n|rule|Species Clause: Limit one of each Pok\u00e9mon\n|rule|OHKO Clause: OHKO moves are banned\n|rule|Evasion Moves Clause: Evasion moves are banned\n|rule|Gravity Sleep Clause: The combination of sleep-inducing moves with imperfect accuracy and Gravity or Gigantamax Orbeetle are banned\n|rule|Endless Battle Clause: Forcing endless battles is banned\n|rule|HP Percentage Mod: HP is shown in percentages\n|clearpoke\n|poke|p1|Lilligant-Hisui, F|\n|poke|p1|Torkoal, M|\n|poke|p1|Iron Hands|\n|poke|p1|Walking Wake|\n|poke|p1|Arcanine-Hisui, M|\n|poke|p1|Farigiraf, F|\n|poke|p2|Chi-Yu|\n|poke|p2|Amoonguss, F|\n|poke|p2|Iron Bundle|\n|poke|p2|Sinistcha-Masterpiece|\n|poke|p2|Iron Hands|\n|poke|p2|Regidrago|\n|teampreview\n|inactive|Battle timer is ON: inactive players will automatically lose when time's up. (requested by Jackdabest)\n|\n|t:|1700912848\n|start\n|switch|p1a: Catch these|Iron Hands|100\/100\n|switch|p1b: Legs|Walking Wake|100\/100\n|switch|p2a: Chi-Yu|Chi-Yu|100\/100\n|switch|p2b: Iron Hands|Iron Hands, shiny|100\/100\n|-ability|p2a: Chi-Yu|Beads of Ruin\n|-enditem|p1b: Legs|Booster Energy\n|-activate|p1b: Legs|ability: Protosynthesis|[fromitem]\n|-start|p1b: Legs|protosynthesisspe\n|-enditem|p2b: Iron Hands|Booster Energy\n|-activate|p2b: Iron Hands|ability: Quark Drive|[fromitem]\n|-start|p2b: Iron Hands|quarkdriveatk\n|turn|1\n|l|\u26061Asiate\n|inactive|1Asiate disconnected and has a minute to reconnect!\n|player|p1|\n|inactive|1Asiate has 30 seconds to reconnect!\n|j|\u26061Asiate\n|inactive|1Asiate reconnected and has 100 seconds left.\n|player|p1|1Asiate|cynthia\n|\n|t:|1700912907\n|-end|p1a: Catch these|Quark Drive|[silent]\n|switch|p1a: Neck|Farigiraf, F|100\/100\n|-terastallize|p2a: Chi-Yu|Fairy\n|move|p2b: Iron Hands|Fake Out||[still]\n|cant|p1a: Neck|ability: Armor Tail|Fake Out|[of] p2b: Iron Hands\n|move|p1b: Legs|Hydro Steam|p2a: Chi-Yu\n|-damage|p2a: Chi-Yu|53\/100\n|move|p2a: Chi-Yu|Nasty Plot|p2a: Chi-Yu\n|-boost|p2a: Chi-Yu|spa|2\n|\n|upkeep\n|turn|2\n|\n|t:|1700912927\n|-terastallize|p1b: Legs|Water\n|move|p2a: Chi-Yu|Protect|p2a: Chi-Yu\n|-singleturn|p2a: Chi-Yu|Protect\n|move|p1b: Legs|Hydro Steam|p2a: Chi-Yu\n|-activate|p2a: Chi-Yu|move: Protect\n|move|p2b: Iron Hands|Swords Dance|p2b: Iron Hands\n|-boost|p2b: Iron Hands|atk|2\n|move|p1a: Neck|Trick Room|p1a: Neck\n|-fieldstart|move: Trick Room|[of] p1a: Neck\n|\n|upkeep\n|turn|3\n|inactive|1Asiate has 120 seconds left.\n|\n|t:|1700912951\n|switch|p2a: Amoonguss|Amoonguss, F, shiny|100\/100\n|move|p2b: Iron Hands|Wild Charge|p1b: Legs\n|-supereffective|p1b: Legs\n|-damage|p1b: Legs|0 fnt\n|faint|p1b: Legs\n|-end|p1b: Legs|Protosynthesis|[silent]\n|-damage|p2b: Iron Hands|84\/100|[from] Recoil\n|move|p1a: Neck|Wish|p1a: Neck\n|\n|upkeep\n|\n|t:|1700912962\n|switch|p1b: The Nuke|Torkoal, M, shiny|100\/100\n|-weather|SunnyDay|[from] ability: Drought|[of] p1b: The Nuke\n|turn|4\n|inactive|1Asiate has 120 seconds left.\n|\n|t:|1700912972\n|move|p1a: Neck|Ally Switch|p1a: Neck\n|swap|p1a: Neck|1|[from] move: Ally Switch\n|move|p1a: The Nuke|Eruption|p2b: Iron Hands|[spread] p2a,p2b\n|-supereffective|p2a: Amoonguss\n|-damage|p2a: Amoonguss|0 fnt\n|-damage|p2b: Iron Hands|0 fnt\n|faint|p2a: Amoonguss\n|faint|p2b: Iron Hands\n|-end|p2b: Iron Hands|Quark Drive|[silent]\n|\n|-weather|SunnyDay|[upkeep]\n|upkeep\n|\n|t:|1700912982\n|switch|p2a: Iron Bundle|Iron Bundle, shiny|100\/100\n|switch|p2b: Regidrago|Regidrago, shiny|100\/100\n|-enditem|p2a: Iron Bundle|Booster Energy\n|-activate|p2a: Iron Bundle|ability: Quark Drive|[fromitem]\n|-start|p2a: Iron Bundle|quarkdrivespe\n|turn|5\n|\n|t:|1700912996\n|move|p2b: Regidrago|Protect|p2b: Regidrago\n|-singleturn|p2b: Regidrago|Protect\n|move|p2a: Iron Bundle|Protect|p2a: Iron Bundle\n|-singleturn|p2a: Iron Bundle|Protect\n|move|p1a: The Nuke|Eruption|p2a: Iron Bundle|[spread] \n|-activate|p2a: Iron Bundle|move: Protect\n|-activate|p2b: Regidrago|move: Protect\n|move|p1b: Neck|Wish|p1b: Neck\n|\n|-weather|SunnyDay|[upkeep]\n|upkeep\n|turn|6\n|\n|t:|1700913019\n|switch|p2b: Chi-Yu|Chi-Yu, tera:Fairy|53\/100\n|-ability|p2b: Chi-Yu|Beads of Ruin\n|move|p1b: Neck|Ally Switch|p1b: Neck\n|swap|p1b: Neck|0|[from] move: Ally Switch\n|move|p1b: The Nuke|Eruption|p2b: Chi-Yu|[spread] p2a,p2b\n|-damage|p2a: Iron Bundle|0 fnt\n|-damage|p2b: Chi-Yu|0 fnt\n|faint|p2a: Iron Bundle\n|-end|p2a: Iron Bundle|Quark Drive|[silent]\n|faint|p2b: Chi-Yu\n|\n|-weather|SunnyDay|[upkeep]\n|-fieldend|move: Trick Room\n|upkeep\n|\n|t:|1700913030\n|switch|p2a: Sinistcha|Sinistcha-Masterpiece, shiny|100\/100\n|switch|p2b: Regidrago|Regidrago, shiny|100\/100\n|turn|7\n|\n|t:|1700913038\n|move|p2a: Sinistcha|Rage Powder|p2a: Sinistcha\n|-singleturn|p2a: Sinistcha|move: Rage Powder\n|move|p2b: Regidrago|Dragon Energy|p1b: The Nuke|[spread] p1a,p1b\n|-damage|p1a: Neck|8\/100\n|-damage|p1b: The Nuke|0 fnt\n|faint|p1b: The Nuke\n|move|p1a: Neck|Trick Room|p1a: Neck\n|-fieldstart|move: Trick Room|[of] p1a: Neck\n|-enditem|p2a: Sinistcha|Room Service\n|-unboost|p2a: Sinistcha|spe|1|[from] item: Room Service\n|\n|-weather|SunnyDay|[upkeep]\n|upkeep\n|\n|t:|1700913048\n|switch|p1b: Catch these|Iron Hands|100\/100\n|turn|8\n|\n|t:|1700913057\n|move|p2a: Sinistcha|Matcha Gotcha|p1b: Catch these|[spread] p1a\n|-miss|p2a: Sinistcha|p1b: Catch these\n|-damage|p1a: Neck|0 fnt\n|faint|p1a: Neck\n|move|p1b: Catch these|Ice Punch|p2a: Sinistcha\n|-supereffective|p2a: Sinistcha\n|-damage|p2a: Sinistcha|60\/100\n|move|p2b: Regidrago|Dragon Energy|p1b: Catch these\n|-damage|p1b: Catch these|17\/100\n|\n|-weather|none\n|upkeep\n|\n|t:|1700913068\n|switch|p1a: Toby Fox|Arcanine-Hisui, M|100\/100\n|-ability|p1a: Toby Fox|Intimidate|boost\n|-unboost|p2a: Sinistcha|atk|1\n|-unboost|p2b: Regidrago|atk|1\n|turn|9\n|\n|t:|1700913079\n|move|p2a: Sinistcha|Rage Powder|p2a: Sinistcha\n|-singleturn|p2a: Sinistcha|move: Rage Powder\n|move|p1b: Catch these|Ice Punch|p2a: Sinistcha\n|-supereffective|p2a: Sinistcha\n|-damage|p2a: Sinistcha|15\/100\n|move|p1a: Toby Fox|Flare Blitz|p2a: Sinistcha\n|-supereffective|p2a: Sinistcha\n|-damage|p2a: Sinistcha|0 fnt\n|faint|p2a: Sinistcha\n|-damage|p1a: Toby Fox|96\/100|[from] Recoil\n|move|p2b: Regidrago|Dragon Energy|p1a: Toby Fox|[spread] p1a,p1b\n|-damage|p1a: Toby Fox|0 fnt\n|-damage|p1b: Catch these|0 fnt\n|faint|p1a: Toby Fox\n|faint|p1b: Catch these\n|-end|p1b: Catch these|Quark Drive|[silent]\n|\n|upkeep\n|\n|t:|1700913093\n|switch|p1b: Bob|Lilligant-Hisui, F, shiny|100\/100\n|turn|10\n|\n|t:|1700913097\n|move|p2b: Regidrago|Dragon Energy|p1b: Bob\n|-damage|p1b: Bob|0 fnt\n|faint|p1b: Bob\n|\n|win|Jackdabest\n|raw|1Asiate's rating: 1305 &rarr; <strong>1280<\/strong><br \/>(-25 for losing)\n|raw|Jackdabest's rating: 1218 &rarr; <strong>1249<\/strong><br \/>(+31 for winning)\n|l|\u26061Asiate\n","uploadtime":1700913120,"views":0,"p1id":"1asiate","p2id":"jackdabest","formatid":"gen9doublesou","rating":1249,"private":0,"password":""}