{"id":"gen9doublesou-1975516217","p1":"Coyote_77","p2":"SXD2002","format":"[Gen 9] Doubles OU","log":"|j|\u2606Coyote_77\n|j|\u2606SXD2002\n|t:|1698199762\n|gametype|doubles\n|player|p1|Coyote_77|bellelba|1069\n|player|p2|SXD2002|silver-masters|1040\n|teamsize|p1|6\n|teamsize|p2|6\n|gen|9\n|tier|[Gen 9] Doubles OU\n|rated|\n|rule|Species Clause: Limit one of each Pok\u00e9mon\n|rule|OHKO Clause: OHKO moves are banned\n|rule|Evasion Moves Clause: Evasion moves are banned\n|rule|Gravity Sleep Clause: The combination of sleep-inducing moves with imperfect accuracy and Gravity or Gigantamax Orbeetle are banned\n|rule|Endless Battle Clause: Forcing endless battles is banned\n|rule|HP Percentage Mod: HP is shown in percentages\n|clearpoke\n|poke|p1|Oricorio-Sensu, F|\n|poke|p1|Quaquaval, M|\n|poke|p1|Volcarona, M|\n|poke|p1|Frosmoth, F|\n|poke|p1|Ribombee, M|\n|poke|p1|Lilligant-Hisui, F|\n|poke|p2|Lurantis, M|\n|poke|p2|Murkrow, F|\n|poke|p2|Grimmsnarl, M|\n|poke|p2|Clefairy, M|\n|poke|p2|Talonflame, M|\n|poke|p2|Espeon, F|\n|teampreview\n|inactive|Battle timer is ON: inactive players will automatically lose when time's up. (requested by Coyote_77)\n|\n|t:|1698199770\n|start\n|switch|p1a: Oricorio|Oricorio-Sensu, F, shiny|100\/100\n|switch|p1b: Frosmoth|Frosmoth, F, shiny|100\/100\n|switch|p2a: Grimmsnarl|Grimmsnarl, M|100\/100\n|switch|p2b: Lurantis|Lurantis, M|100\/100\n|turn|1\n|\n|t:|1698199783\n|-terastallize|p2b: Lurantis|Steel\n|move|p2a: Grimmsnarl|Fake Tears|p1a: Oricorio\n|-unboost|p1a: Oricorio|spd|2\n|move|p1a: Oricorio|Quiver Dance|p1a: Oricorio\n|-boost|p1a: Oricorio|spa|1\n|-boost|p1a: Oricorio|spd|1\n|-boost|p1a: Oricorio|spe|1\n|move|p1b: Frosmoth|Quiver Dance|p1b: Frosmoth\n|-boost|p1b: Frosmoth|spa|1\n|-boost|p1b: Frosmoth|spd|1\n|-boost|p1b: Frosmoth|spe|1\n|-activate|p1a: Oricorio|ability: Dancer\n|move|p1a: Oricorio|Quiver Dance|p1a: Oricorio|[from]ability: Dancer\n|-boost|p1a: Oricorio|spa|1\n|-boost|p1a: Oricorio|spd|1\n|-boost|p1a: Oricorio|spe|1\n|move|p2b: Lurantis|Leaf Storm|p1a: Oricorio\n|-resisted|p1a: Oricorio\n|-damage|p1a: Oricorio|73\/100\n|-boost|p2b: Lurantis|spa|2\n|\n|upkeep\n|turn|2\n|\n|t:|1698199804\n|move|p2a: Grimmsnarl|Fake Tears|p2b: Lurantis\n|-boost|p2b: Lurantis|spd|2\n|move|p1a: Oricorio|Revelation Dance|p2b: Lurantis\n|-damage|p2b: Lurantis|68\/100\n|move|p1b: Frosmoth|Quiver Dance|p1b: Frosmoth\n|-boost|p1b: Frosmoth|spa|1\n|-boost|p1b: Frosmoth|spd|1\n|-boost|p1b: Frosmoth|spe|1\n|-activate|p1a: Oricorio|ability: Dancer\n|move|p1a: Oricorio|Quiver Dance|p1a: Oricorio|[from]ability: Dancer\n|-boost|p1a: Oricorio|spa|1\n|-boost|p1a: Oricorio|spd|1\n|-boost|p1a: Oricorio|spe|1\n|move|p2b: Lurantis|Leaf Storm|p1a: Oricorio\n|-resisted|p1a: Oricorio\n|-damage|p1a: Oricorio|37\/100\n|-boost|p2b: Lurantis|spa|2\n|\n|-heal|p2b: Lurantis|74\/100|[from] item: Leftovers\n|upkeep\n|turn|3\n|\n|t:|1698199821\n|move|p1a: Oricorio|Protect|p1a: Oricorio\n|-singleturn|p1a: Oricorio|Protect\n|move|p2a: Grimmsnarl|Fake Tears|p2b: Lurantis\n|-boost|p2b: Lurantis|spd|2\n|move|p1b: Frosmoth|Dazzling Gleam|p2a: Grimmsnarl|[spread] p2a,p2b\n|-supereffective|p2a: Grimmsnarl\n|-resisted|p2b: Lurantis\n|-crit|p2b: Lurantis\n|-damage|p2a: Grimmsnarl|40\/100\n|-damage|p2b: Lurantis|52\/100\n|move|p2b: Lurantis|Leaf Storm|p1a: Oricorio\n|-activate|p1a: Oricorio|move: Protect\n|\n|-heal|p2a: Grimmsnarl|46\/100|[from] item: Leftovers\n|-heal|p2b: Lurantis|58\/100|[from] item: Leftovers\n|upkeep\n|turn|4\n|\n|t:|1698199844\n|move|p2a: Grimmsnarl|Fake Tears|p2b: Lurantis\n|-boost|p2b: Lurantis|spd|2\n|move|p1a: Oricorio|Revelation Dance|p2b: Lurantis\n|-damage|p2b: Lurantis|40\/100\n|move|p1b: Frosmoth|Quiver Dance|p1b: Frosmoth\n|-boost|p1b: Frosmoth|spa|1\n|-boost|p1b: Frosmoth|spd|1\n|-boost|p1b: Frosmoth|spe|1\n|-activate|p1a: Oricorio|ability: Dancer\n|move|p1a: Oricorio|Quiver Dance|p1a: Oricorio|[from]ability: Dancer\n|-boost|p1a: Oricorio|spa|1\n|-boost|p1a: Oricorio|spd|1\n|-boost|p1a: Oricorio|spe|1\n|move|p2b: Lurantis|Leaf Storm|p1a: Oricorio\n|-resisted|p1a: Oricorio\n|-damage|p1a: Oricorio|0 fnt\n|-boost|p2b: Lurantis|spa|2\n|faint|p1a: Oricorio\n|\n|-heal|p2a: Grimmsnarl|52\/100|[from] item: Leftovers\n|-heal|p2b: Lurantis|46\/100|[from] item: Leftovers\n|upkeep\n|\n|t:|1698199849\n|switch|p1a: Quaquaval|Quaquaval, M|100\/100\n|turn|5\n|\n|t:|1698199858\n|move|p2b: Lurantis|Protect|p2b: Lurantis\n|-singleturn|p2b: Lurantis|Protect\n|move|p2a: Grimmsnarl|Scary Face|p1a: Quaquaval\n|-unboost|p1a: Quaquaval|spe|2\n|move|p1b: Frosmoth|Dazzling Gleam|p2a: Grimmsnarl|[spread] p2a\n|-activate|p2b: Lurantis|move: Protect\n|-supereffective|p2a: Grimmsnarl\n|-damage|p2a: Grimmsnarl|0 fnt\n|faint|p2a: Grimmsnarl\n|move|p1a: Quaquaval|Brick Break|p2b: Lurantis\n|-activate|p2b: Lurantis|move: Protect\n|\n|-heal|p2b: Lurantis|52\/100|[from] item: Leftovers\n|upkeep\n|\n|t:|1698199866\n|switch|p2a: Murkrow|Murkrow, F|100\/100\n|turn|6\n|\n|t:|1698199883\n|switch|p1a: Lilligant|Lilligant-Hisui, F, shiny|100\/100\n|move|p2a: Murkrow|Thunder Wave|p1a: Lilligant\n|-status|p1a: Lilligant|par\n|move|p1b: Frosmoth|Dazzling Gleam|p2a: Murkrow|[spread] p2a,p2b\n|-supereffective|p2a: Murkrow\n|-resisted|p2b: Lurantis\n|-damage|p2a: Murkrow|20\/100\n|-damage|p2b: Lurantis|48\/100\n|move|p2b: Lurantis|Leaf Storm|p1a: Lilligant\n|-resisted|p1a: Lilligant\n|-damage|p1a: Lilligant|0 fnt\n|faint|p1a: Lilligant\n|\n|-heal|p2b: Lurantis|54\/100|[from] item: Leftovers\n|upkeep\n|\n|t:|1698199886\n|switch|p1a: Ribombee|Ribombee, M|100\/100\n|turn|7\n|\n|t:|1698199894\n|move|p2a: Murkrow|Thunder Wave|p1b: Frosmoth|[miss]\n|-miss|p2a: Murkrow|p1b: Frosmoth\n|move|p1b: Frosmoth|Dazzling Gleam|p2a: Murkrow|[spread] p2a,p2b\n|-supereffective|p2a: Murkrow\n|-resisted|p2b: Lurantis\n|-damage|p2a: Murkrow|0 fnt\n|-damage|p2b: Lurantis|49\/100\n|faint|p2a: Murkrow\n|move|p1a: Ribombee|Quiver Dance|p1a: Ribombee\n|-boost|p1a: Ribombee|spa|1\n|-boost|p1a: Ribombee|spd|1\n|-boost|p1a: Ribombee|spe|1\n|move|p2b: Lurantis|Superpower|p1b: Frosmoth\n|-damage|p1b: Frosmoth|51\/100\n|-boost|p2b: Lurantis|atk|1\n|-boost|p2b: Lurantis|def|1\n|\n|-heal|p2b: Lurantis|55\/100|[from] item: Leftovers\n|upkeep\n|\n|t:|1698199901\n|switch|p2a: Talonflame|Talonflame, M|100\/100\n|turn|8\n|\n|t:|1698199908\n|move|p2a: Talonflame|Defog|p2b: Lurantis\n|-boost|p2b: Lurantis|evasion|1\n|move|p1b: Frosmoth|Dazzling Gleam|p2b: Lurantis|[spread] p2a,p2b\n|-resisted|p2a: Talonflame\n|-resisted|p2b: Lurantis\n|-damage|p2a: Talonflame|68\/100\n|-damage|p2b: Lurantis|50\/100\n|move|p1a: Ribombee|Draining Kiss|p2a: Talonflame\n|-resisted|p2a: Talonflame\n|-damage|p2a: Talonflame|48\/100\n|move|p2b: Lurantis|Superpower|p1b: Frosmoth\n|-damage|p1b: Frosmoth|0 fnt\n|-boost|p2b: Lurantis|atk|1\n|-boost|p2b: Lurantis|def|1\n|faint|p1b: Frosmoth\n|\n|-heal|p2b: Lurantis|56\/100|[from] item: Leftovers\n|upkeep\n|\n|t:|1698199914\n|switch|p1b: Quaquaval|Quaquaval, M|100\/100\n|turn|9\n|\n|t:|1698199935\n|-terastallize|p1a: Ribombee|Water\n|move|p1a: Ribombee|Tera Blast|p2a: Talonflame|[anim] Tera Blast Water\n|-supereffective|p2a: Talonflame\n|-damage|p2a: Talonflame|0 fnt\n|faint|p2a: Talonflame\n|move|p1b: Quaquaval|Brick Break|p2b: Lurantis\n|-supereffective|p2b: Lurantis\n|-damage|p2b: Lurantis|15\/100\n|move|p2b: Lurantis|Superpower|p1b: Quaquaval\n|-damage|p1b: Quaquaval|30\/100\n|-boost|p2b: Lurantis|atk|1\n|-boost|p2b: Lurantis|def|1\n|\n|-heal|p2b: Lurantis|21\/100|[from] item: Leftovers\n|upkeep\n|\n|t:|1698199945\n|switch|p2a: Clefairy|Clefairy, M|100\/100\n|turn|10\n|\n|t:|1698199954\n|move|p2b: Lurantis|Protect|p2b: Lurantis\n|-singleturn|p2b: Lurantis|Protect\n|move|p1a: Ribombee|Tera Blast|p2a: Clefairy|[anim] Tera Blast Water\n|-damage|p2a: Clefairy|71\/100\n|move|p1b: Quaquaval|Brick Break|p2b: Lurantis\n|-activate|p2b: Lurantis|move: Protect\n|move|p2a: Clefairy|Life Dew|p2a: Clefairy|[spread] p2a,p2b\n|-heal|p2a: Clefairy|96\/100\n|-heal|p2b: Lurantis|47\/100\n|\n|-heal|p2b: Lurantis|53\/100|[from] item: Leftovers\n|upkeep\n|turn|11\n|\n|t:|1698199968\n|move|p2a: Clefairy|Follow Me|p2a: Clefairy\n|-singleturn|p2a: Clefairy|move: Follow Me\n|move|p1a: Ribombee|Tera Blast|p2a: Clefairy|[anim] Tera Blast Water\n|-crit|p2a: Clefairy\n|-damage|p2a: Clefairy|44\/100\n|move|p1b: Quaquaval|Brick Break|p2a: Clefairy\n|-resisted|p2a: Clefairy\n|-damage|p2a: Clefairy|21\/100\n|move|p2b: Lurantis|Superpower|p1b: Quaquaval\n|-damage|p1b: Quaquaval|0 fnt\n|-boost|p2b: Lurantis|atk|1\n|-boost|p2b: Lurantis|def|1\n|faint|p1b: Quaquaval\n|\n|-heal|p2b: Lurantis|59\/100|[from] item: Leftovers\n|upkeep\n|-message|Coyote_77 forfeited.\n|\n|win|SXD2002\n|raw|Coyote_77's rating: 1069 &rarr; <strong>1047<\/strong><br \/>(-22 for losing)\n|raw|SXD2002's rating: 1040 &rarr; <strong>1077<\/strong><br \/>(+37 for winning)\n|l|\u2606Coyote_77\n","uploadtime":1698199976,"views":18,"p1id":"coyote77","p2id":"sxd2002","formatid":"gen9doublesou","rating":1047,"private":0,"password":""}