{"id":"gen9doublesou-1988873910","p1":"UY QUE RICO PAPI","p2":"Hypocrite11\u3002\u3002","format":"[Gen 9] Doubles OU","log":"|j|\u2606UY QUE RICO PAPI\n|j|\u2606Hypocrite11\u3002\u3002\n|t:|1699778583\n|gametype|doubles\n|player|p1|UY QUE RICO PAPI|101|1350\n|player|p2|Hypocrite11\u3002\u3002|102|1304\n|teamsize|p1|6\n|teamsize|p2|6\n|gen|9\n|tier|[Gen 9] Doubles OU\n|rated|\n|rule|Species Clause: Limit one of each Pok\u00e9mon\n|rule|OHKO Clause: OHKO moves are banned\n|rule|Evasion Moves Clause: Evasion moves are banned\n|rule|Gravity Sleep Clause: The combination of sleep-inducing moves with imperfect accuracy and Gravity or Gigantamax Orbeetle are banned\n|rule|Endless Battle Clause: Forcing endless battles is banned\n|rule|HP Percentage Mod: HP is shown in percentages\n|clearpoke\n|poke|p1|Bronzong|\n|poke|p1|Weavile, M|\n|poke|p1|Hatterene, F|\n|poke|p1|Ursaluna, M|\n|poke|p1|Trevenant, M|\n|poke|p1|Orthworm, M|\n|poke|p2|Ninetales, M|\n|poke|p2|Arcanine, F|\n|poke|p2|Flutter Mane|\n|poke|p2|Volcanion|\n|poke|p2|Brute Bonnet|\n|poke|p2|Kingambit, F|\n|teampreview\n|inactive|Battle timer is ON: inactive players will automatically lose when time's up. (requested by UY QUE RICO PAPI)\n|\n|t:|1699778613\n|start\n|switch|p1a: Bronzong|Bronzong|100\/100\n|switch|p1b: Weavile|Weavile, M|100\/100\n|switch|p2a: Ninetales|Ninetales, M|100\/100\n|switch|p2b: Arcanine|Arcanine, F|100\/100\n|-ability|p2b: Arcanine|Intimidate|boost\n|-unboost|p1a: Bronzong|atk|1\n|-unboost|p1b: Weavile|atk|1\n|-weather|SunnyDay|[from] ability: Drought|[of] p2a: Ninetales\n|turn|1\n|inactive|UY QUE RICO PAPI has 120 seconds left.\n|\n|t:|1699778659\n|move|p1b: Weavile|Fake Out|p2a: Ninetales\n|-damage|p2a: Ninetales|90\/100\n|move|p2b: Arcanine|Flare Blitz|p1a: Bronzong\n|-supereffective|p1a: Bronzong\n|-enditem|p1a: Bronzong|Focus Sash\n|-damage|p1a: Bronzong|1\/100\n|-damage|p2b: Arcanine|66\/100|[from] Recoil\n|cant|p2a: Ninetales|flinch\n|move|p1a: Bronzong|Trick Room|p1a: Bronzong\n|-fieldstart|move: Trick Room|[of] p1a: Bronzong\n|\n|-weather|SunnyDay|[upkeep]\n|upkeep\n|turn|2\n|inactive|UY QUE RICO PAPI has 120 seconds left.\n|inactive|Hypocrite11\u3002\u3002 has 120 seconds left.\n|\n|t:|1699778695\n|move|p1a: Bronzong|Stealth Rock|p2b: Arcanine\n|-sidestart|p2: Hypocrite11\u3002\u3002|move: Stealth Rock\n|move|p2a: Ninetales|Solar Beam||[still]\n|-prepare|p2a: Ninetales|Solar Beam\n|-anim|p2a: Ninetales|Solar Beam|p1a: Bronzong\n|-resisted|p1a: Bronzong\n|-damage|p1a: Bronzong|0 fnt\n|faint|p1a: Bronzong\n|move|p2b: Arcanine|Flare Blitz|p1b: Weavile\n|-supereffective|p1b: Weavile\n|-crit|p1b: Weavile\n|-enditem|p1b: Weavile|Focus Sash\n|-damage|p1b: Weavile|1\/100\n|-damage|p2b: Arcanine|37\/100|[from] Recoil\n|-enditem|p2b: Arcanine|Choice Band|[silent]|[from] ability: Pickpocket|[of] p2b: Arcanine\n|-item|p1b: Weavile|Choice Band|[from] ability: Pickpocket|[of] p2b: Arcanine\n|move|p1b: Weavile|Taunt|p2a: Ninetales\n|-start|p2a: Ninetales|move: Taunt\n|\n|-weather|SunnyDay|[upkeep]\n|upkeep\n|\n|t:|1699778716\n|switch|p1a: Ursaluna|Ursaluna, M|100\/100\n|turn|3\n|\n|t:|1699778741\n|switch|p2b: Brute Bonnet|Brute Bonnet|100\/100\n|-damage|p2b: Brute Bonnet|88\/100|[from] Stealth Rock\n|-activate|p2b: Brute Bonnet|ability: Protosynthesis\n|-start|p2b: Brute Bonnet|protosynthesisatk\n|-terastallize|p1a: Ursaluna|Ground\n|-terastallize|p2a: Ninetales|Water\n|move|p1a: Ursaluna|Earthquake|p2a: Ninetales|[spread] p1b,p2a,p2b\n|-resisted|p2b: Brute Bonnet\n|-damage|p1b: Weavile|0 fnt\n|-damage|p2a: Ninetales|16\/100\n|-damage|p2b: Brute Bonnet|61\/100\n|faint|p1b: Weavile\n|move|p2a: Ninetales|Solar Beam||[still]\n|-prepare|p2a: Ninetales|Solar Beam\n|-anim|p2a: Ninetales|Solar Beam|p1a: Ursaluna\n|-supereffective|p1a: Ursaluna\n|-damage|p1a: Ursaluna|45\/100\n|\n|-weather|SunnyDay|[upkeep]\n|-status|p1a: Ursaluna|brn|[from] item: Flame Orb\n|upkeep\n|inactive|UY QUE RICO PAPI has 90 seconds left.\n|inactive|UY QUE RICO PAPI has 60 seconds left.\n|\n|t:|1699778782\n|switch|p1b: Orthworm|Orthworm, M|100\/100\n|turn|4\n|\n|t:|1699778794\n|switch|p2a: Volcanion|Volcanion|100\/100\n|-damage|p2a: Volcanion|75\/100|[from] Stealth Rock\n|move|p1a: Ursaluna|Earthquake|p2a: Volcanion|[spread] p2a,p2b\n|-immune|p1b: Orthworm|[from] ability: Earth Eater\n|-supereffective|p2a: Volcanion\n|-crit|p2a: Volcanion\n|-resisted|p2b: Brute Bonnet\n|-damage|p2a: Volcanion|0 fnt\n|-damage|p2b: Brute Bonnet|21\/100\n|-enditem|p2b: Brute Bonnet|Aguav Berry|[eat]\n|-heal|p2b: Brute Bonnet|55\/100|[from] item: Aguav Berry\n|faint|p2a: Volcanion\n|move|p1b: Orthworm|Body Press|p2b: Brute Bonnet\n|-supereffective|p2b: Brute Bonnet\n|-damage|p2b: Brute Bonnet|8\/100\n|move|p2b: Brute Bonnet|Spore|p1b: Orthworm\n|-status|p1b: Orthworm|slp|[from] move: Spore\n|\n|-weather|SunnyDay|[upkeep]\n|-damage|p1a: Ursaluna|39\/100 brn|[from] brn\n|upkeep\n|inactive|Hypocrite11\u3002\u3002 has 120 seconds left.\n|\n|t:|1699778819\n|switch|p2a: Kingambit|Kingambit, F|100\/100\n|-damage|p2a: Kingambit|94\/100|[from] Stealth Rock\n|turn|5\n|\n|t:|1699778828\n|switch|p1b: Trevenant|Trevenant, M|100\/100\n|move|p2a: Kingambit|Protect|p2a: Kingambit\n|-singleturn|p2a: Kingambit|Protect\n|move|p1a: Ursaluna|Protect|p1a: Ursaluna\n|-singleturn|p1a: Ursaluna|Protect\n|move|p2b: Brute Bonnet|Protect||[still]\n|-fail|p2b: Brute Bonnet\n|\n|-weather|SunnyDay|[upkeep]\n|-damage|p1a: Ursaluna|33\/100 brn|[from] brn\n|-fieldend|move: Trick Room\n|upkeep\n|turn|6\n|inactive|UY QUE RICO PAPI has 120 seconds left.\n|inactive|Hypocrite11\u3002\u3002 has 120 seconds left.\n|\n|t:|1699778866\n|-end|p2b: Brute Bonnet|Protosynthesis|[silent]\n|switch|p2b: Arcanine|Arcanine, F|37\/100\n|-damage|p2b: Arcanine|12\/100|[from] Stealth Rock\n|-ability|p2b: Arcanine|Intimidate|boost\n|-unboost|p1a: Ursaluna|atk|1\n|-unboost|p1b: Trevenant|atk|1\n|move|p1b: Trevenant|Ally Switch|p1b: Trevenant\n|swap|p1b: Trevenant|0|[from] move: Ally Switch\n|move|p1b: Ursaluna|Earthquake|p2b: Arcanine|[spread] p1a,p2a,p2b\n|-resisted|p1a: Trevenant\n|-supereffective|p2a: Kingambit\n|-supereffective|p2b: Arcanine\n|-damage|p1a: Trevenant|69\/100\n|-damage|p2a: Kingambit|0 fnt\n|-damage|p2b: Arcanine|0 fnt\n|faint|p2a: Kingambit\n|faint|p2b: Arcanine\n|\n|-weather|SunnyDay|[upkeep]\n|-damage|p1b: Ursaluna|27\/100 brn|[from] brn\n|upkeep\n|inactive|Hypocrite11\u3002\u3002 has 90 seconds left.\n|\n|t:|1699778896\n|switch|p2b: Ninetales|Ninetales, M, tera:Water|16\/100\n|switch|p2a: Flutter Mane|Flutter Mane|100\/100\n|-damage|p2a: Flutter Mane|88\/100|[from] Stealth Rock\n|-activate|p2a: Flutter Mane|ability: Protosynthesis\n|-start|p2a: Flutter Mane|protosynthesisspa\n|-damage|p2b: Ninetales|4\/100|[from] Stealth Rock\n|turn|7\n|\n|t:|1699778910\n|switch|p1b: Orthworm|Orthworm, M|100\/100 slp\n|move|p2a: Flutter Mane|Dazzling Gleam|p1b: Orthworm|[spread] p1a,p1b\n|-resisted|p1b: Orthworm\n|-damage|p1a: Trevenant|14\/100\n|-damage|p1b: Orthworm|65\/100 slp\n|-enditem|p1a: Trevenant|Sitrus Berry|[eat]\n|-heal|p1a: Trevenant|39\/100|[from] item: Sitrus Berry\n|move|p2b: Ninetales|Weather Ball|p1a: Trevenant\n|-supereffective|p1a: Trevenant\n|-damage|p1a: Trevenant|0 fnt\n|faint|p1a: Trevenant\n|\n|-weather|SunnyDay|[upkeep]\n|upkeep\n|\n|t:|1699778924\n|switch|p1a: Hatterene|Hatterene, F|100\/100\n|turn|8\n|inactive|Hypocrite11\u3002\u3002 has 120 seconds left.\n|\n|t:|1699778940\n|move|p1a: Hatterene|Protect|p1a: Hatterene\n|-singleturn|p1a: Hatterene|Protect\n|move|p2a: Flutter Mane|Dazzling Gleam|p1b: Orthworm|[spread] p1b\n|-activate|p1a: Hatterene|move: Protect\n|-resisted|p1b: Orthworm\n|-damage|p1b: Orthworm|29\/100 slp\n|-enditem|p1b: Orthworm|Sitrus Berry|[eat]\n|-heal|p1b: Orthworm|54\/100 slp|[from] item: Sitrus Berry\n|move|p2b: Ninetales|Weather Ball|p1a: Hatterene\n|-activate|p1a: Hatterene|move: Protect\n|cant|p1b: Orthworm|slp\n|\n|-weather|none\n|-end|p2a: Flutter Mane|Protosynthesis\n|upkeep\n|turn|9\n|\n|t:|1699778956\n|-end|p2a: Flutter Mane|Protosynthesis|[silent]\n|switch|p2a: Brute Bonnet|Brute Bonnet|8\/100\n|-damage|p2a: Brute Bonnet|0 fnt|[from] Stealth Rock\n|faint|p2a: Brute Bonnet\n|-end|p2a: Brute Bonnet|Protosynthesis|[silent]\n|move|p2b: Ninetales|Encore|p2: Brute Bonnet|[notarget]\n|-fail|p2b: Ninetales\n|-curestatus|p1b: Orthworm|slp|[msg]\n|move|p1b: Orthworm|Shed Tail|p1b: Orthworm\n|-start|p1b: Orthworm|Substitute|[from] move: Shed Tail\n|-damage|p1b: Orthworm|4\/100\n|-message|Hypocrite11\u3002\u3002 forfeited.\n|\n|win|UY QUE RICO PAPI\n|raw|UY QUE RICO PAPI's rating: 1350 &rarr; <strong>1367<\/strong><br \/>(+17 for winning)\n|raw|Hypocrite11\u3002\u3002's rating: 1304 &rarr; <strong>1287<\/strong><br \/>(-17 for losing)\n|l|\u2606Hypocrite11\u3002\u3002\n","uploadtime":1699778969,"views":13,"p1id":"uyquericopapi","p2id":"hypocrite11","formatid":"gen9doublesou","rating":1287,"private":0,"password":""}