{"id":"gen9doublesou-1969060108","p1":"Thehombre","p2":"EEaster","format":"[Gen 9] Doubles OU","log":"|j|\u2606Thehombre\n|j|\u2606EEaster\n|t:|1697486599\n|gametype|doubles\n|player|p1|Thehombre|101|1076\n|player|p2|EEaster|266|1000\n|teamsize|p1|6\n|teamsize|p2|6\n|gen|9\n|tier|[Gen 9] Doubles OU\n|rated|\n|rule|Species Clause: Limit one of each Pok\u00e9mon\n|rule|OHKO Clause: OHKO moves are banned\n|rule|Evasion Moves Clause: Evasion moves are banned\n|rule|Gravity Sleep Clause: The combination of sleep-inducing moves with imperfect accuracy and Gravity or Gigantamax Orbeetle are banned\n|rule|Endless Battle Clause: Forcing endless battles is banned\n|rule|HP Percentage Mod: HP is shown in percentages\n|clearpoke\n|poke|p1|Chi-Yu|\n|poke|p1|Torkoal, M|\n|poke|p1|Gastrodon, F|\n|poke|p1|Iron Moth|\n|poke|p1|Houndoom, F|\n|poke|p1|Dragonite, M|\n|poke|p2|Flutter Mane|\n|poke|p2|Heatran, F|\n|poke|p2|Gholdengo|\n|poke|p2|Amoonguss, M|\n|poke|p2|Landorus-Therian, M|\n|poke|p2|Gyarados, F|\n|teampreview\n|inactive|Battle timer is ON: inactive players will automatically lose when time's up. (requested by Thehombre)\n|\n|t:|1697486610\n|start\n|switch|p1a: Chi-Yu|Chi-Yu|100\/100\n|switch|p1b: Torkoal|Torkoal, M|100\/100\n|switch|p2a: Landorus|Landorus-Therian, M|100\/100\n|switch|p2b: Heatran|Heatran, F|100\/100\n|-ability|p1a: Chi-Yu|Beads of Ruin\n|-ability|p2a: Landorus|Intimidate|boost\n|-unboost|p1a: Chi-Yu|atk|1\n|-unboost|p1b: Torkoal|atk|1\n|-weather|SunnyDay|[from] ability: Drought|[of] p1b: Torkoal\n|turn|1\n|inactive|EEaster has 120 seconds left.\n|\n|t:|1697486645\n|move|p1a: Chi-Yu|Heat Wave|p2b: Heatran|[spread] p2a,p2b\n|-damage|p2a: Landorus|29\/100\n|-damage|p2b: Heatran|27\/100\n|move|p2a: Landorus|Rock Slide|p1b: Torkoal|[spread] p1b\n|-miss|p2a: Landorus|p1a: Chi-Yu\n|-supereffective|p1b: Torkoal\n|-crit|p1b: Torkoal\n|-damage|p1b: Torkoal|47\/100\n|move|p2b: Heatran|Earth Power|p1b: Torkoal\n|-supereffective|p1b: Torkoal\n|-damage|p1b: Torkoal|0 fnt\n|faint|p1b: Torkoal\n|\n|-weather|SunnyDay|[upkeep]\n|-heal|p2b: Heatran|33\/100|[from] item: Leftovers\n|upkeep\n|\n|t:|1697486658\n|switch|p1b: Iron Moth|Iron Moth|100\/100\n|turn|2\n|inactive|EEaster has 120 seconds left.\n|\n|t:|1697486712\n|move|p2b: Heatran|Protect|p2b: Heatran\n|-singleturn|p2b: Heatran|Protect\n|move|p1b: Iron Moth|Heat Wave|p2b: Heatran|[spread] \n|-activate|p2b: Heatran|move: Protect\n|-miss|p1b: Iron Moth|p2a: Landorus\n|move|p1a: Chi-Yu|Heat Wave|p2a: Landorus|[spread] p2a\n|-activate|p2b: Heatran|move: Protect\n|-damage|p2a: Landorus|0 fnt\n|faint|p2a: Landorus\n|\n|-weather|SunnyDay|[upkeep]\n|-heal|p2b: Heatran|40\/100|[from] item: Leftovers\n|upkeep\n|inactive|EEaster has 90 seconds left.\n|\n|t:|1697486728\n|switch|p2a: Gyarados|Gyarados, F|100\/100\n|-ability|p2a: Gyarados|Intimidate|boost\n|-unboost|p1a: Chi-Yu|atk|1\n|-unboost|p1b: Iron Moth|atk|1\n|turn|3\n|inactive|EEaster has 90 seconds left.\n|\n|t:|1697486762\n|move|p1b: Iron Moth|Heat Wave|p2b: Heatran|[spread] p2a,p2b\n|-resisted|p2a: Gyarados\n|-damage|p2a: Gyarados|61\/100\n|-damage|p2b: Heatran|0 fnt\n|faint|p2b: Heatran\n|move|p1a: Chi-Yu|Heat Wave|p2a: Gyarados\n|-resisted|p2a: Gyarados\n|-damage|p2a: Gyarados|7\/100\n|-status|p2a: Gyarados|brn\n|move|p2a: Gyarados|Waterfall|p1a: Chi-Yu\n|-supereffective|p1a: Chi-Yu\n|-damage|p1a: Chi-Yu|54\/100\n|-damage|p2a: Gyarados|0 fnt|[from] item: Life Orb\n|faint|p2a: Gyarados\n|\n|-weather|SunnyDay|[upkeep]\n|upkeep\n|\n|t:|1697486780\n|switch|p2a: Gholdengo|Gholdengo|100\/100\n|switch|p2b: Flutter Mane|Flutter Mane, shiny|100\/100\n|-activate|p2b: Flutter Mane|ability: Protosynthesis\n|-start|p2b: Flutter Mane|protosynthesisspa\n|turn|4\n|inactive|EEaster has 90 seconds left.\n|\n|t:|1697486806\n|-terastallize|p2a: Gholdengo|Water\n|move|p2b: Flutter Mane|Dazzling Gleam|p1a: Chi-Yu|[spread] p1a,p1b\n|-resisted|p1b: Iron Moth\n|-damage|p1a: Chi-Yu|0 fnt\n|-damage|p1b: Iron Moth|77\/100\n|faint|p1a: Chi-Yu\n|move|p1b: Iron Moth|Heat Wave|p2b: Flutter Mane|[spread] p2a,p2b\n|-resisted|p2a: Gholdengo\n|-damage|p2a: Gholdengo|60\/100\n|-damage|p2b: Flutter Mane|24\/100\n|move|p2a: Gholdengo|Nasty Plot|p2a: Gholdengo\n|-boost|p2a: Gholdengo|spa|2\n|\n|-weather|SunnyDay|[upkeep]\n|-heal|p2a: Gholdengo|67\/100|[from] item: Leftovers\n|upkeep\n|\n|t:|1697486818\n|switch|p1a: Houndoom|Houndoom, F|100\/100\n|turn|5\n|\n|t:|1697486838\n|move|p2b: Flutter Mane|Dazzling Gleam|p1a: Houndoom|[spread] p1a,p1b\n|-resisted|p1b: Iron Moth\n|-damage|p1a: Houndoom|8\/100\n|-damage|p1b: Iron Moth|58\/100\n|move|p1b: Iron Moth|Discharge|p2b: Flutter Mane|[spread] p1a,p2a,p2b\n|-supereffective|p2a: Gholdengo\n|-damage|p1a: Houndoom|0 fnt\n|-damage|p2a: Gholdengo|13\/100\n|-damage|p2b: Flutter Mane|1\/100\n|faint|p1a: Houndoom\n|move|p2a: Gholdengo|Shadow Ball|p1b: Iron Moth\n|-damage|p1b: Iron Moth|0 fnt\n|faint|p1b: Iron Moth\n|-end|p1b: Iron Moth|Quark Drive|[silent]\n|\n|-weather|none\n|-end|p2b: Flutter Mane|Protosynthesis\n|-heal|p2a: Gholdengo|19\/100|[from] item: Leftovers\n|upkeep\n|\n|t:|1697486845\n|switch|p1b: Gastrodon|Gastrodon, F|100\/100\n|switch|p1a: Dragonite|Dragonite, M|100\/100\n|turn|6\n|inactive|EEaster has 120 seconds left.\n|\n|t:|1697486869\n|-end|p2b: Flutter Mane|Protosynthesis|[silent]\n|switch|p2b: Amoonguss|Amoonguss, M|100\/100\n|move|p1a: Dragonite|Tailwind|p1a: Dragonite\n|-sidestart|p1: Thehombre|move: Tailwind\n|move|p2a: Gholdengo|Make It Rain|p1b: Gastrodon|[spread] p1a,p1b\n|-resisted|p1b: Gastrodon\n|-damage|p1a: Dragonite|42\/100\n|-damage|p1b: Gastrodon|68\/100\n|-unboost|p2a: Gholdengo|spa|1\n|move|p1b: Gastrodon|Earth Power|p2a: Gholdengo\n|-damage|p2a: Gholdengo|0 fnt\n|faint|p2a: Gholdengo\n|\n|-heal|p1b: Gastrodon|74\/100|[from] item: Leftovers\n|upkeep\n|\n|t:|1697486884\n|switch|p2a: Flutter Mane|Flutter Mane, shiny|1\/100\n|turn|7\n|inactive|EEaster has 120 seconds left.\n|\n|t:|1697486894\n|move|p1a: Dragonite|Heat Wave|p2b: Amoonguss|[spread] p2a,p2b\n|-supereffective|p2b: Amoonguss\n|-damage|p2a: Flutter Mane|0 fnt\n|-damage|p2b: Amoonguss|73\/100\n|faint|p2a: Flutter Mane\n|-end|p2a: Flutter Mane|Protosynthesis|[silent]\n|move|p1b: Gastrodon|Earth Power|p2b: Amoonguss\n|-damage|p2b: Amoonguss|53\/100\n|move|p2b: Amoonguss|Spore|p1a: Dragonite\n|-status|p1a: Dragonite|slp|[from] move: Spore\n|\n|-heal|p1b: Gastrodon|80\/100|[from] item: Leftovers\n|upkeep\n|turn|8\n|\n|t:|1697486914\n|-terastallize|p1b: Gastrodon|Water\n|cant|p1a: Dragonite|slp\n|move|p1b: Gastrodon|Earth Power|p2b: Amoonguss\n|-damage|p2b: Amoonguss|32\/100\n|move|p2b: Amoonguss|Pollen Puff|p1a: Dragonite\n|-resisted|p1a: Dragonite\n|-damage|p1a: Dragonite|32\/100 slp\n|\n|-heal|p1b: Gastrodon|86\/100|[from] item: Leftovers\n|upkeep\n|turn|9\n|\n|t:|1697486929\n|cant|p1a: Dragonite|slp\n|move|p1b: Gastrodon|Earth Power|p2b: Amoonguss\n|-damage|p2b: Amoonguss|13\/100\n|move|p2b: Amoonguss|Pollen Puff|p1a: Dragonite\n|-resisted|p1a: Dragonite\n|-damage|p1a: Dragonite|22\/100 slp\n|\n|-heal|p1b: Gastrodon|92\/100|[from] item: Leftovers\n|-sideend|p1: Thehombre|move: Tailwind\n|upkeep\n|turn|10\n|\n|t:|1697486946\n|cant|p1a: Dragonite|slp\n|move|p1b: Gastrodon|Earth Power|p2b: Amoonguss\n|-damage|p2b: Amoonguss|0 fnt\n|faint|p2b: Amoonguss\n|\n|win|Thehombre\n|raw|Thehombre's rating: 1076 &rarr; <strong>1098<\/strong><br \/>(+22 for winning)\n|raw|EEaster's rating: 1000 &rarr; <strong>1000<\/strong><br \/>(+0 for losing)\n","uploadtime":1697486949,"views":10,"p1id":"thehombre","p2id":"eeaster","formatid":"gen9doublesou","rating":1000,"private":0,"password":""}