{"id":"gen9doublesou-1998284224","p1":"F3rrari450","p2":"kunal2","format":"[Gen 9] Doubles OU","log":"|j|\u2606F3rrari450\n|j|\u2606kunal2\n|t:|1700924559\n|gametype|doubles\n|player|p1|F3rrari450|sabi|\n|player|p2|kunal2|#vgcplzoruas|\n|teamsize|p1|6\n|teamsize|p2|6\n|gen|9\n|tier|[Gen 9] Doubles OU\n|rule|Species Clause: Limit one of each Pok\u00e9mon\n|rule|OHKO Clause: OHKO moves are banned\n|rule|Evasion Moves Clause: Evasion moves are banned\n|rule|Gravity Sleep Clause: The combination of sleep-inducing moves with imperfect accuracy and Gravity or Gigantamax Orbeetle are banned\n|rule|Endless Battle Clause: Forcing endless battles is banned\n|rule|HP Percentage Mod: HP is shown in percentages\n|clearpoke\n|poke|p1|Roaring Moon|\n|poke|p1|Glimmora, M|\n|poke|p1|Volcanion|\n|poke|p1|Rillaboom, M|\n|poke|p1|Flutter Mane|\n|poke|p1|Landorus-Therian, M|\n|poke|p2|Baxcalibur, M|\n|poke|p2|Landorus-Therian, M|\n|poke|p2|Diancie|\n|poke|p2|Ursaluna, F|\n|poke|p2|Sinistcha|\n|poke|p2|Ogerpon-Hearthflame, F|\n|teampreview\n|inactive|Battle timer is ON: inactive players will automatically lose when time's up. (requested by kunal2)\n|inactiveoff|Battle timer is now OFF.\n|j| click_hax_win\n|c|\u2606F3rrari450|ok linked\n|c|\u2606F3rrari450|hf\n|c|\u2606kunal2|alright, glhf!\n|inactive|Battle timer is ON: inactive players will automatically lose when time's up. (requested by kunal2)\n|j| AIRedzone\n|j| pipppo\n|\n|t:|1700924609\n|start\n|switch|p1a: Roaring Moon|Roaring Moon|100\/100\n|switch|p1b: Volcanion|Volcanion|100\/100\n|switch|p2a: Landorus|Landorus-Therian, M|100\/100\n|switch|p2b: Diancie|Diancie|100\/100\n|-ability|p2a: Landorus|Intimidate|boost\n|-unboost|p1a: Roaring Moon|atk|1\n|-unboost|p1b: Volcanion|atk|1\n|-enditem|p1a: Roaring Moon|Booster Energy\n|-activate|p1a: Roaring Moon|ability: Protosynthesis|[fromitem]\n|-start|p1a: Roaring Moon|protosynthesisspe\n|turn|1\n|j| orbes espectro\n|j| theyummybagel\n|j| shadowmaster6 789\n|j| Amaranth\n|j| streamed round one\n|inactive|kunal2 has 270 seconds left.\n|j| WhoDatMan\n|j| Bagelfan92\n|j|+sundays.n_sundaes\n|\n|t:|1700924657\n|switch|p2a: Baxcalibur|Baxcalibur, M|100\/100\n|-terastallize|p1b: Volcanion|Fairy\n|move|p2b: Diancie|Protect|p2b: Diancie\n|-singleturn|p2b: Diancie|Protect\n|move|p1a: Roaring Moon|Knock Off|p2b: Diancie\n|-activate|p2b: Diancie|move: Protect\n|move|p1b: Volcanion|Substitute|p1b: Volcanion\n|-start|p1b: Volcanion|Substitute\n|-damage|p1b: Volcanion|76\/100\n|\n|-heal|p1b: Volcanion|82\/100|[from] item: Leftovers\n|upkeep\n|turn|2\n|j| TheGriffinKing2O\n|inactive|kunal2 has 270 seconds left.\n|j| Rhik\n|j| Rapid Spin Vettel\n|\n|t:|1700924682\n|move|p1a: Roaring Moon|Knock Off|p2b: Diancie\n|-resisted|p2b: Diancie\n|-damage|p2b: Diancie|87\/100\n|-enditem|p2b: Diancie|Leftovers|[from] move: Knock Off|[of] p1a: Roaring Moon\n|move|p2a: Baxcalibur|Icicle Crash|p1a: Roaring Moon\n|-supereffective|p1a: Roaring Moon\n|-damage|p1a: Roaring Moon|0 fnt\n|faint|p1a: Roaring Moon\n|-end|p1a: Roaring Moon|Protosynthesis|[silent]\n|move|p1b: Volcanion|Steam Eruption|p2b: Diancie\n|-supereffective|p2b: Diancie\n|-damage|p2b: Diancie|0 fnt\n|faint|p2b: Diancie\n|\n|-heal|p1b: Volcanion|88\/100|[from] item: Leftovers\n|upkeep\n|l|+sundays.n_sundaes\n|j| Peter Pan GC\n|inactive|kunal2 has 270 seconds left.\n|j| spcplayzz\n|l| Peter Pan GC\n|\n|t:|1700924718\n|switch|p1a: Glimmora|Glimmora, M|100\/100\n|switch|p2b: Sinistcha|Sinistcha|100\/100\n|turn|3\n|inactive|kunal2 has 270 seconds left.\n|\n|t:|1700924744\n|-terastallize|p2b: Sinistcha|Water\n|move|p1a: Glimmora|Sludge Bomb|p2b: Sinistcha\n|-damage|p2b: Sinistcha|60\/100\n|move|p2a: Baxcalibur|Icicle Crash|p1b: Volcanion\n|-end|p1b: Volcanion|Substitute\n|move|p1b: Volcanion|Heat Wave|p2b: Sinistcha|[spread] p2a\n|-miss|p1b: Volcanion|p2b: Sinistcha\n|-damage|p2a: Baxcalibur|79\/100\n|-ability|p2a: Baxcalibur|Thermal Exchange|boost\n|-boost|p2a: Baxcalibur|atk|1\n|move|p2b: Sinistcha|Trick Room|p2b: Sinistcha\n|-fieldstart|move: Trick Room|[of] p2b: Sinistcha\n|\n|-heal|p1b: Volcanion|94\/100|[from] item: Leftovers\n|upkeep\n|turn|4\n|inactive|kunal2 has 270 seconds left.\n|j| Mcthelegit\n|\n|t:|1700924772\n|move|p2b: Sinistcha|Matcha Gotcha|p1b: Volcanion|[spread] p1b\n|-miss|p2b: Sinistcha|p1a: Glimmora\n|-damage|p1b: Volcanion|74\/100\n|-heal|p2b: Sinistcha|70\/100|[from] drain|[of] p1b: Volcanion\n|-status|p1b: Volcanion|brn\n|move|p1b: Volcanion|Substitute|p1b: Volcanion\n|-start|p1b: Volcanion|Substitute\n|-damage|p1b: Volcanion|49\/100 brn\n|move|p2a: Baxcalibur|Icicle Crash|p1b: Volcanion\n|-end|p1b: Volcanion|Substitute\n|move|p1a: Glimmora|Sludge Bomb|p2a: Baxcalibur\n|-damage|p2a: Baxcalibur|46\/100\n|-status|p2a: Baxcalibur|psn\n|\n|-heal|p1b: Volcanion|55\/100 brn|[from] item: Leftovers\n|-damage|p2a: Baxcalibur|34\/100 psn|[from] psn\n|-damage|p1b: Volcanion|49\/100 brn|[from] brn\n|upkeep\n|turn|5\n|j|+sundays.n_sundaes\n|inactive|kunal2 has 270 seconds left.\n|l|+sundays.n_sundaes\n|j| momento memento\n|inactive|kunal2 has 240 seconds left.\n|\n|t:|1700924819\n|move|p1b: Volcanion|Protect|p1b: Volcanion\n|-singleturn|p1b: Volcanion|Protect\n|move|p2a: Baxcalibur|Ice Shard|p1b: Volcanion\n|-activate|p1b: Volcanion|move: Protect\n|move|p2b: Sinistcha|Matcha Gotcha|p1b: Volcanion|[spread] p1a\n|-activate|p1b: Volcanion|move: Protect\n|-damage|p1a: Glimmora|71\/100\n|-heal|p2b: Sinistcha|83\/100|[from] drain|[of] p1a: Glimmora\n|move|p1a: Glimmora|Sludge Bomb|p2a: Baxcalibur\n|-damage|p2a: Baxcalibur|3\/100 psn\n|\n|-heal|p1b: Volcanion|55\/100 brn|[from] item: Leftovers\n|-damage|p2a: Baxcalibur|0 fnt|[from] psn\n|faint|p2a: Baxcalibur\n|-damage|p1b: Volcanion|49\/100 brn|[from] brn\n|upkeep\n|inactive|kunal2 has 240 seconds left.\n|\n|t:|1700924825\n|switch|p2a: Ursaluna|Ursaluna, F|100\/100\n|turn|6\n|\n|t:|1700924841\n|switch|p1b: Landorus|Landorus-Therian, M|100\/100\n|-ability|p1b: Landorus|Intimidate|boost\n|-unboost|p2a: Ursaluna|atk|1\n|-unboost|p2b: Sinistcha|atk|1\n|move|p2a: Ursaluna|Facade|p1b: Landorus\n|-damage|p1b: Landorus|70\/100\n|move|p2b: Sinistcha|Matcha Gotcha|p1a: Glimmora|[spread] p1a,p1b\n|-damage|p1a: Glimmora|36\/100\n|-heal|p2b: Sinistcha|99\/100|[from] drain|[of] p1a: Glimmora\n|-damage|p1b: Landorus|40\/100\n|-heal|p2b: Sinistcha|100\/100|[from] drain|[of] p1b: Landorus\n|-status|p1b: Landorus|brn\n|move|p1a: Glimmora|Mortal Spin|p2b: Sinistcha|[spread] p2a,p2b\n|-resisted|p2a: Ursaluna\n|-damage|p2a: Ursaluna|99\/100\n|-damage|p2b: Sinistcha|96\/100\n|-status|p2a: Ursaluna|psn\n|-status|p2b: Sinistcha|psn\n|\n|-damage|p2a: Ursaluna|87\/100 psn|[from] psn\n|-damage|p2b: Sinistcha|84\/100 psn|[from] psn\n|-damage|p1b: Landorus|33\/100 brn|[from] brn\n|upkeep\n|turn|7\n|inactive|kunal2 has 270 seconds left.\n|l| TheGriffinKing2O\n|j| Aurora (oz)\u2726\n|\n|t:|1700924876\n|switch|p1b: Volcanion|Volcanion, tera:Fairy|49\/100 brn\n|move|p2a: Ursaluna|Close Combat|p1b: Volcanion\n|-resisted|p1b: Volcanion\n|-damage|p1b: Volcanion|32\/100 brn\n|-unboost|p2a: Ursaluna|def|1\n|-unboost|p2a: Ursaluna|spd|1\n|move|p2b: Sinistcha|Matcha Gotcha|p1a: Glimmora|[spread] p1a,p1b\n|-damage|p1a: Glimmora|6\/100\n|-heal|p2b: Sinistcha|97\/100 psn|[from] drain|[of] p1a: Glimmora\n|-damage|p1b: Volcanion|11\/100 brn\n|-heal|p2b: Sinistcha|100\/100 psn|[from] drain|[of] p1b: Volcanion\n|move|p1a: Glimmora|Sludge Bomb|p2b: Sinistcha\n|-damage|p2b: Sinistcha|58\/100 psn\n|\n|-heal|p1b: Volcanion|17\/100 brn|[from] item: Leftovers\n|-damage|p2a: Ursaluna|74\/100 psn|[from] psn\n|-damage|p2b: Sinistcha|45\/100 psn|[from] psn\n|-damage|p1b: Volcanion|11\/100 brn|[from] brn\n|-fieldend|move: Trick Room\n|upkeep\n|-enditem|p2b: Sinistcha|Sitrus Berry|[eat]\n|-heal|p2b: Sinistcha|70\/100 psn|[from] item: Sitrus Berry\n|turn|8\n|inactive|kunal2 has 270 seconds left.\n|l| Rhik\n|inactive|kunal2 has 240 seconds left.\n|\n|t:|1700924911\n|switch|p2a: Landorus|Landorus-Therian, M|100\/100\n|-ability|p2a: Landorus|Intimidate|boost\n|-unboost|p1a: Glimmora|atk|1\n|-unboost|p1b: Volcanion|atk|1\n|move|p1a: Glimmora|Sludge Bomb|p2b: Sinistcha\n|-damage|p2b: Sinistcha|25\/100 psn\n|move|p1b: Volcanion|Steam Eruption|p2b: Sinistcha\n|-resisted|p2b: Sinistcha\n|-damage|p2b: Sinistcha|0 fnt\n|faint|p2b: Sinistcha\n|\n|-heal|p1b: Volcanion|17\/100 brn|[from] item: Leftovers\n|-damage|p1b: Volcanion|11\/100 brn|[from] brn\n|upkeep\n|inactive|kunal2 has 240 seconds left.\n|\n|t:|1700924919\n|switch|p2b: Ogerpon|Ogerpon-Hearthflame, F|100\/100\n|-ability|p2b: Ogerpon|Mold Breaker\n|turn|9\n|inactive|kunal2 has 240 seconds left.\n|j| SanLoScoPROTETTORE\n|\n|t:|1700924950\n|move|p2b: Ogerpon|Ivy Cudgel|p1a: Glimmora|[anim] Ivy Cudgel Fire\n|-resisted|p1a: Glimmora\n|-damage|p1a: Glimmora|0 fnt\n|-activate|p1a: Glimmora|ability: Toxic Debris\n|-sidestart|p2: kunal2|move: Toxic Spikes\n|faint|p1a: Glimmora\n|move|p2a: Landorus|Stomping Tantrum|p1b: Volcanion\n|-damage|p1b: Volcanion|0 fnt\n|faint|p1b: Volcanion\n|\n|upkeep\n|\n|t:|1700924964\n|switch|p1a: Landorus|Landorus-Therian, M|33\/100 brn\n|switch|p1b: Flutter Mane|Flutter Mane|100\/100\n|-ability|p1a: Landorus|Intimidate|boost\n|-unboost|p2a: Landorus|atk|1\n|-unboost|p2b: Ogerpon|atk|1\n|turn|10\n|j| Liimpy\n|\n|t:|1700924985\n|move|p1a: Landorus|U-turn|p2b: Ogerpon\n|-damage|p2b: Ogerpon|84\/100\n|\n|t:|1700924988\n|switch|p1a: Rillaboom|Rillaboom, M|100\/100|[from] U-turn\n|-fieldstart|move: Grassy Terrain|[from] ability: Grassy Surge|[of] p1a: Rillaboom\n|move|p1b: Flutter Mane|Power Gem|p2b: Ogerpon\n|-supereffective|p2b: Ogerpon\n|-damage|p2b: Ogerpon|3\/100\n|move|p2b: Ogerpon|Ivy Cudgel|p1b: Flutter Mane|[anim] Ivy Cudgel Fire\n|-damage|p1b: Flutter Mane|40\/100\n|move|p2a: Landorus|Stomping Tantrum|p1b: Flutter Mane\n|-damage|p1b: Flutter Mane|9\/100\n|\n|-heal|p1b: Flutter Mane|16\/100|[from] Grassy Terrain\n|-heal|p2b: Ogerpon|10\/100|[from] Grassy Terrain\n|upkeep\n|turn|11\n|c| Liimpy|who arw we supporting AIRedzone\n|inactive|kunal2 has 270 seconds left.\n|c| AIRedzone|guess karlo limpy bhai\n|\n|t:|1700925018\n|-end|p1b: Flutter Mane|Protosynthesis|[silent]\n|switch|p1b: Landorus|Landorus-Therian, M|33\/100 brn\n|-ability|p1b: Landorus|Intimidate|boost\n|-unboost|p2a: Landorus|atk|1\n|-unboost|p2b: Ogerpon|atk|1\n|switch|p2b: Ursaluna|Ursaluna, F|74\/100 psn\n|move|p1a: Rillaboom|Fake Out|p2b: Ursaluna\n|-damage|p2b: Ursaluna|65\/100 psn\n|move|p2a: Landorus|U-turn|p1a: Rillaboom\n|-supereffective|p1a: Rillaboom\n|-damage|p1a: Rillaboom|82\/100\n|inactive|kunal2 has 240 seconds left.\n|\n|t:|1700925029\n|switch|p2a: Ogerpon|Ogerpon-Hearthflame, F|10\/100|[from] U-turn\n|-status|p2a: Ogerpon|psn\n|-ability|p2a: Ogerpon|Mold Breaker\n|\n|-heal|p2a: Ogerpon|16\/100 psn|[from] Grassy Terrain\n|-heal|p1a: Rillaboom|88\/100|[from] Grassy Terrain\n|-heal|p2b: Ursaluna|71\/100 psn|[from] Grassy Terrain\n|-damage|p2a: Ogerpon|3\/100 psn|[from] psn\n|-damage|p2b: Ursaluna|59\/100 psn|[from] psn\n|-damage|p1b: Landorus|27\/100 brn|[from] brn\n|upkeep\n|turn|12\n|l| streamed round one\n|c| Liimpy|AIRedzone racism mat failao\n|j|+sundays.n_sundaes\n|c| AIRedzone|lmaoo\n|inactive|kunal2 has 240 seconds left.\n|c| Liimpy|ew sundays.n_sundaes\n|c| Liimpy|baas marta hai\n|inactive|kunal2 has 210 seconds left.\n|\n|t:|1700925090\n|move|p2a: Ogerpon|Spiky Shield|p2a: Ogerpon\n|-singleturn|p2a: Ogerpon|move: Protect\n|move|p2b: Ursaluna|Protect|p2b: Ursaluna\n|-singleturn|p2b: Ursaluna|Protect\n|move|p1a: Rillaboom|Grassy Glide|p2b: Ursaluna\n|-activate|p2b: Ursaluna|move: Protect\n|move|p1b: Landorus|Rock Slide|p2a: Ogerpon|[spread] \n|-activate|p2a: Ogerpon|move: Protect\n|-activate|p2b: Ursaluna|move: Protect\n|\n|-heal|p2a: Ogerpon|10\/100 psn|[from] Grassy Terrain\n|-heal|p1a: Rillaboom|95\/100|[from] Grassy Terrain\n|-heal|p2b: Ursaluna|65\/100 psn|[from] Grassy Terrain\n|-damage|p2a: Ogerpon|0 fnt|[from] psn\n|faint|p2a: Ogerpon\n|-damage|p2b: Ursaluna|53\/100 psn|[from] psn\n|-damage|p1b: Landorus|21\/100 brn|[from] brn\n|upkeep\n|\n|t:|1700925098\n|switch|p2a: Landorus|Landorus-Therian, M|100\/100\n|-ability|p2a: Landorus|Intimidate|boost\n|-unboost|p1a: Rillaboom|atk|1\n|-unboost|p1b: Landorus|atk|1\n|turn|13\n|\n|t:|1700925111\n|move|p2b: Ursaluna|Protect||[still]\n|-fail|p2b: Ursaluna\n|move|p1b: Landorus|Rock Slide|p2a: Landorus|[spread] p2a,p2b\n|-resisted|p2b: Ursaluna\n|-damage|p2a: Landorus|93\/100\n|-damage|p2b: Ursaluna|50\/100 psn\n|cant|p2a: Landorus|flinch\n|move|p1a: Rillaboom|U-turn|p2b: Ursaluna\n|-damage|p2b: Ursaluna|38\/100 psn\n|j| Ciro\u273fNapoli\n|\n|t:|1700925120\n|switch|p1a: Flutter Mane|Flutter Mane|16\/100|[from] U-turn\n|\n|-heal|p1a: Flutter Mane|22\/100|[from] Grassy Terrain\n|-heal|p2b: Ursaluna|44\/100 psn|[from] Grassy Terrain\n|-damage|p2b: Ursaluna|32\/100 psn|[from] psn\n|-damage|p1b: Landorus|15\/100 brn|[from] brn\n|upkeep\n|turn|14\n|inactive|kunal2 has 240 seconds left.\n|j| QQuemQuem\n|\n|t:|1700925150\n|move|p1b: Landorus|Rock Slide|p2a: Landorus|[spread] p2a,p2b\n|-resisted|p2b: Ursaluna\n|-damage|p2a: Landorus|86\/100\n|-damage|p2b: Ursaluna|30\/100 psn\n|move|p1a: Flutter Mane|Moonblast|p2a: Landorus\n|-damage|p2a: Landorus|17\/100\n|-enditem|p2a: Landorus|Sitrus Berry|[eat]\n|-heal|p2a: Landorus|42\/100|[from] item: Sitrus Berry\n|move|p2a: Landorus|Stomping Tantrum|p1a: Flutter Mane\n|-damage|p1a: Flutter Mane|0 fnt\n|faint|p1a: Flutter Mane\n|-end|p1a: Flutter Mane|Protosynthesis|[silent]\n|move|p2b: Ursaluna|Facade|p1b: Landorus\n|-damage|p1b: Landorus|0 fnt\n|faint|p1b: Landorus\n|\n|-heal|p2b: Ursaluna|36\/100 psn|[from] Grassy Terrain\n|-damage|p2b: Ursaluna|23\/100 psn|[from] psn\n|-fieldend|move: Grassy Terrain\n|upkeep\n|\n|t:|1700925160\n|switch|p1b: Rillaboom|Rillaboom, M|95\/100\n|-fieldstart|move: Grassy Terrain|[from] ability: Grassy Surge|[of] p1b: Rillaboom\n|turn|15\n|j| Rhik\n|inactive|kunal2 has 240 seconds left.\n|\n|t:|1700925179\n|move|p2b: Ursaluna|Protect|p2b: Ursaluna\n|-singleturn|p2b: Ursaluna|Protect\n|move|p1b: Rillaboom|Grassy Glide|p2b: Ursaluna\n|-activate|p2b: Ursaluna|move: Protect\n|move|p2a: Landorus|U-turn|p1b: Rillaboom\n|-supereffective|p1b: Rillaboom\n|-damage|p1b: Rillaboom|60\/100\n|\n|-heal|p1b: Rillaboom|67\/100|[from] Grassy Terrain\n|-heal|p2b: Ursaluna|29\/100 psn|[from] Grassy Terrain\n|-damage|p2b: Ursaluna|17\/100 psn|[from] psn\n|upkeep\n|turn|16\n|l| Rhik\n|\n|t:|1700925190\n|move|p1b: Rillaboom|Grassy Glide|p2b: Ursaluna\n|-supereffective|p2b: Ursaluna\n|-damage|p2b: Ursaluna|0 fnt\n|faint|p2b: Ursaluna\n|move|p2a: Landorus|U-turn|p1b: Rillaboom\n|-supereffective|p1b: Rillaboom\n|-damage|p1b: Rillaboom|30\/100\n|-enditem|p1b: Rillaboom|Sitrus Berry|[eat]\n|-heal|p1b: Rillaboom|55\/100|[from] item: Sitrus Berry\n|\n|-heal|p1b: Rillaboom|61\/100|[from] Grassy Terrain\n|upkeep\n|turn|17\n|inactive|kunal2 has 270 seconds left.\n|\n|t:|1700925200\n|move|p1b: Rillaboom|Grassy Glide|p2a: Landorus\n|-damage|p2a: Landorus|8\/100\n|move|p2a: Landorus|U-turn|p1b: Rillaboom\n|-supereffective|p1b: Rillaboom\n|-damage|p1b: Rillaboom|29\/100\n|\n|-heal|p1b: Rillaboom|35\/100|[from] Grassy Terrain\n|upkeep\n|turn|18\n|c|\u2606F3rrari450|gg\n|\n|t:|1700925206\n|move|p1b: Rillaboom|Grassy Glide|p2a: Landorus\n|-damage|p2a: Landorus|0 fnt\n|faint|p2a: Landorus\n|\n|win|F3rrari450\n|l| Mcthelegit\n|c|\u2606kunal2|gg\n|l| Rapid Spin Vettel\n","uploadtime":1700925211,"views":49,"p1id":"f3rrari450","p2id":"kunal2","formatid":"gen9doublesou","rating":0,"private":0,"password":""}