{"id":"gen9doublesou-1985201520","p1":"SuperAndroid99","p2":"Kaolin18","format":"[Gen 9] Doubles OU","log":"|j|\u2606SuperAndroid99\n|j|\u2606Kaolin18\n|t:|1699347811\n|gametype|doubles\n|player|p1|SuperAndroid99|170|1216\n|player|p2|Kaolin18|hiker-gen4|1253\n|teamsize|p1|6\n|teamsize|p2|6\n|gen|9\n|tier|[Gen 9] Doubles OU\n|rated|\n|rule|Species Clause: Limit one of each Pok\u00e9mon\n|rule|OHKO Clause: OHKO moves are banned\n|rule|Evasion Moves Clause: Evasion moves are banned\n|rule|Gravity Sleep Clause: The combination of sleep-inducing moves with imperfect accuracy and Gravity or Gigantamax Orbeetle are banned\n|rule|Endless Battle Clause: Forcing endless battles is banned\n|rule|HP Percentage Mod: HP is shown in percentages\n|clearpoke\n|poke|p1|Bronzong|\n|poke|p1|Iron Hands|\n|poke|p1|Kingambit, F|\n|poke|p1|Skeledirge, F|\n|poke|p1|Flutter Mane|\n|poke|p1|Samurott-Hisui, F|\n|poke|p2|Snorlax, M|\n|poke|p2|Sinistcha|\n|poke|p2|Clefairy, M|\n|poke|p2|Iron Hands|\n|poke|p2|Landorus-Therian, M|\n|poke|p2|Kommo-o, F|\n|teampreview\n|\n|t:|1699347843\n|start\n|switch|p1a: Samurott|Samurott-Hisui, F|100\/100\n|switch|p1b: Bronzong|Bronzong, shiny|100\/100\n|switch|p2a: Kommo-o|Kommo-o, F|100\/100\n|switch|p2b: Landorus|Landorus-Therian, M|100\/100\n|-ability|p2b: Landorus|Intimidate|boost\n|-unboost|p1a: Samurott|atk|1\n|-unboost|p1b: Bronzong|atk|1\n|turn|1\n|\n|t:|1699347885\n|move|p2b: Landorus|U-turn|p1b: Bronzong\n|-damage|p1b: Bronzong|82\/100\n|\n|t:|1699347890\n|switch|p2b: Clefairy|Clefairy, M|100\/100|[from] U-turn\n|move|p1a: Samurott|Razor Shell|p2b: Clefairy\n|-damage|p2b: Clefairy|70\/100\n|move|p2a: Kommo-o|Clangorous Soul|p2a: Kommo-o\n|-boost|p2a: Kommo-o|atk|1\n|-boost|p2a: Kommo-o|def|1\n|-boost|p2a: Kommo-o|spa|1\n|-boost|p2a: Kommo-o|spd|1\n|-boost|p2a: Kommo-o|spe|1\n|-damage|p2a: Kommo-o|68\/100\n|-enditem|p2a: Kommo-o|Throat Spray\n|-boost|p2a: Kommo-o|spa|1|[from] item: Throat Spray\n|move|p1b: Bronzong|Trick Room|p1b: Bronzong\n|-fieldstart|move: Trick Room|[of] p1b: Bronzong\n|\n|upkeep\n|turn|2\n|\n|t:|1699347927\n|move|p2b: Clefairy|Helping Hand|p2a: Kommo-o\n|-singleturn|p2a: Kommo-o|Helping Hand|[of] p2b: Clefairy\n|move|p1b: Bronzong|Heavy Slam|p2a: Kommo-o\n|-damage|p2a: Kommo-o|62\/100\n|move|p1a: Samurott|Razor Shell|p2a: Kommo-o\n|-resisted|p2a: Kommo-o\n|-damage|p2a: Kommo-o|53\/100\n|move|p2a: Kommo-o|Clanging Scales|p1b: Bronzong|[spread] p1a,p1b\n|-resisted|p1b: Bronzong\n|-enditem|p1a: Samurott|Focus Sash\n|-damage|p1a: Samurott|1\/100\n|-damage|p1b: Bronzong|39\/100\n|-unboost|p2a: Kommo-o|def|1\n|\n|upkeep\n|turn|3\n|\n|t:|1699347947\n|switch|p2b: Sinistcha|Sinistcha|100\/100\n|-heal|p2a: Kommo-o|78\/100|[from] ability: Hospitality|[of] p2b: Sinistcha\n|move|p1b: Bronzong|Heavy Slam|p2b: Sinistcha\n|-damage|p2b: Sinistcha|80\/100\n|move|p1a: Samurott|Ceaseless Edge|p2b: Sinistcha\n|-supereffective|p2b: Sinistcha\n|-damage|p2b: Sinistcha|32\/100\n|-sidestart|p2: Kaolin18|Spikes\n|move|p2a: Kommo-o|Clanging Scales|p1a: Samurott|[spread] p1a,p1b\n|-resisted|p1b: Bronzong\n|-damage|p1a: Samurott|0 fnt\n|-damage|p1b: Bronzong|7\/100\n|faint|p1a: Samurott\n|-unboost|p2a: Kommo-o|def|1\n|\n|upkeep\n|\n|t:|1699348001\n|switch|p1a: Iron Hands|Iron Hands|100\/100\n|turn|4\n|\n|t:|1699348017\n|move|p1a: Iron Hands|Fake Out|p2a: Kommo-o\n|-damage|p2a: Kommo-o|57\/100\n|move|p1b: Bronzong|Heavy Slam|p2b: Sinistcha\n|-damage|p2b: Sinistcha|11\/100\n|move|p2b: Sinistcha|Strength Sap|p1a: Iron Hands\n|-unboost|p1a: Iron Hands|atk|1\n|-heal|p2b: Sinistcha|100\/100\n|cant|p2a: Kommo-o|flinch\n|\n|upkeep\n|turn|5\n|\n|t:|1699348058\n|-end|p1a: Iron Hands|Quark Drive|[silent]\n|switch|p1a: Skeledirge|Skeledirge, F, shiny|100\/100\n|move|p1b: Bronzong|Heavy Slam|p2b: Sinistcha\n|-damage|p2b: Sinistcha|79\/100\n|move|p2b: Sinistcha|Matcha Gotcha|p1b: Bronzong|[spread] p1a\n|-miss|p2b: Sinistcha|p1b: Bronzong\n|-resisted|p1a: Skeledirge\n|-damage|p1a: Skeledirge|92\/100\n|-heal|p2b: Sinistcha|84\/100|[from] drain|[of] p1a: Skeledirge\n|move|p2a: Kommo-o|Clanging Scales|p1a: Skeledirge|[spread] p1a,p1b\n|-resisted|p1b: Bronzong\n|-damage|p1a: Skeledirge|65\/100\n|-damage|p1b: Bronzong|0 fnt\n|faint|p1b: Bronzong\n|-unboost|p2a: Kommo-o|def|1\n|\n|-heal|p1a: Skeledirge|71\/100|[from] item: Leftovers\n|-fieldend|move: Trick Room\n|upkeep\n|\n|t:|1699348062\n|switch|p1b: Flutter Mane|Flutter Mane|100\/100\n|turn|6\n|\n|t:|1699348089\n|switch|p2b: Clefairy|Clefairy, M|70\/100\n|-damage|p2b: Clefairy|57\/100|[from] Spikes\n|-terastallize|p2a: Kommo-o|Steel\n|move|p2a: Kommo-o|Flash Cannon|p1b: Flutter Mane\n|-supereffective|p1b: Flutter Mane\n|-damage|p1b: Flutter Mane|0 fnt\n|faint|p1b: Flutter Mane\n|-end|p1b: Flutter Mane|Protosynthesis|[silent]\n|move|p1a: Skeledirge|Torch Song|p2b: Clefairy\n|-damage|p2b: Clefairy|31\/100\n|-boost|p1a: Skeledirge|spa|1\n|\n|-heal|p1a: Skeledirge|77\/100|[from] item: Leftovers\n|upkeep\n|\n|t:|1699348100\n|switch|p1b: Iron Hands|Iron Hands|100\/100\n|turn|7\n|\n|t:|1699348113\n|move|p2a: Kommo-o|Protect|p2a: Kommo-o\n|-singleturn|p2a: Kommo-o|Protect\n|move|p1b: Iron Hands|Fake Out|p2a: Kommo-o\n|-activate|p2a: Kommo-o|move: Protect\n|move|p1a: Skeledirge|Torch Song|p2b: Clefairy\n|-damage|p2b: Clefairy|0 fnt\n|-boost|p1a: Skeledirge|spa|1\n|faint|p2b: Clefairy\n|\n|-heal|p1a: Skeledirge|83\/100|[from] item: Leftovers\n|upkeep\n|\n|t:|1699348123\n|switch|p2b: Sinistcha|Sinistcha|84\/100\n|-damage|p2b: Sinistcha|72\/100|[from] Spikes\n|-heal|p2a: Kommo-o|82\/100|[from] ability: Hospitality|[of] p2b: Sinistcha\n|turn|8\n|\n|t:|1699348144\n|move|p2a: Kommo-o|Clanging Scales|p1a: Skeledirge|[spread] p1a,p1b\n|-damage|p1a: Skeledirge|54\/100\n|-damage|p1b: Iron Hands|50\/100\n|-unboost|p2a: Kommo-o|def|1\n|move|p2b: Sinistcha|Matcha Gotcha|p1a: Skeledirge|[spread] p1a,p1b\n|-resisted|p1a: Skeledirge\n|-damage|p1a: Skeledirge|44\/100\n|-heal|p2b: Sinistcha|77\/100|[from] drain|[of] p1a: Skeledirge\n|-damage|p1b: Iron Hands|36\/100\n|-heal|p2b: Sinistcha|88\/100|[from] drain|[of] p1b: Iron Hands\n|-status|p1b: Iron Hands|brn\n|move|p1a: Skeledirge|Torch Song|p2a: Kommo-o\n|-supereffective|p2a: Kommo-o\n|-damage|p2a: Kommo-o|0 fnt\n|-boost|p1a: Skeledirge|spa|1\n|faint|p2a: Kommo-o\n|move|p1b: Iron Hands|Drain Punch|p2b: Sinistcha\n|-immune|p2b: Sinistcha\n|\n|-heal|p1a: Skeledirge|50\/100|[from] item: Leftovers\n|-damage|p1b: Iron Hands|30\/100 brn|[from] brn\n|upkeep\n|\n|t:|1699348165\n|switch|p2a: Snorlax|Snorlax, M|100\/100\n|-damage|p2a: Snorlax|88\/100|[from] Spikes\n|turn|9\n|\n|t:|1699348180\n|move|p1a: Skeledirge|Slack Off|p1a: Skeledirge\n|-heal|p1a: Skeledirge|100\/100\n|move|p2a: Snorlax|Belly Drum|p2a: Snorlax\n|-damage|p2a: Snorlax|38\/100\n|-setboost|p2a: Snorlax|atk|6|[from] move: Belly Drum\n|-enditem|p2a: Snorlax|Sitrus Berry|[eat]\n|-heal|p2a: Snorlax|63\/100|[from] item: Sitrus Berry\n|move|p1b: Iron Hands|Drain Punch|p2a: Snorlax\n|-supereffective|p2a: Snorlax\n|-damage|p2a: Snorlax|27\/100\n|-heal|p1b: Iron Hands|46\/100 brn|[from] drain|[of] p2a: Snorlax\n|move|p2b: Sinistcha|Trick Room|p2b: Sinistcha\n|-fieldstart|move: Trick Room|[of] p2b: Sinistcha\n|\n|-damage|p1b: Iron Hands|40\/100 brn|[from] brn\n|upkeep\n|turn|10\n|\n|t:|1699348213\n|switch|p2b: Landorus|Landorus-Therian, M|100\/100\n|-ability|p2b: Landorus|Intimidate|boost\n|-unboost|p1a: Skeledirge|atk|1\n|-unboost|p1b: Iron Hands|atk|1\n|move|p1b: Iron Hands|Drain Punch|p2a: Snorlax\n|-supereffective|p2a: Snorlax\n|-damage|p2a: Snorlax|5\/100\n|-heal|p1b: Iron Hands|50\/100 brn|[from] drain|[of] p2a: Snorlax\n|move|p2a: Snorlax|High Horsepower|p1a: Skeledirge\n|-supereffective|p1a: Skeledirge\n|-damage|p1a: Skeledirge|47\/100\n|move|p1a: Skeledirge|Torch Song|p2b: Landorus\n|-damage|p2b: Landorus|3\/100\n|-boost|p1a: Skeledirge|spa|1\n|\n|-heal|p1a: Skeledirge|53\/100|[from] item: Leftovers\n|-damage|p1b: Iron Hands|44\/100 brn|[from] brn\n|upkeep\n|turn|11\n|\n|t:|1699348232\n|move|p1b: Iron Hands|Drain Punch|p2a: Snorlax\n|-supereffective|p2a: Snorlax\n|-damage|p2a: Snorlax|0 fnt\n|-heal|p1b: Iron Hands|46\/100 brn|[from] drain|[of] p2a: Snorlax\n|faint|p2a: Snorlax\n|move|p1a: Skeledirge|Torch Song|p2b: Landorus\n|-damage|p2b: Landorus|0 fnt\n|-boost|p1a: Skeledirge|spa|1\n|faint|p2b: Landorus\n|\n|-heal|p1a: Skeledirge|59\/100|[from] item: Leftovers\n|-damage|p1b: Iron Hands|40\/100 brn|[from] brn\n|upkeep\n|-message|Kaolin18 forfeited.\n|\n|win|SuperAndroid99\n|raw|SuperAndroid99's rating: 1216 &rarr; <strong>1244<\/strong><br \/>(+28 for winning)\n|raw|Kaolin18's rating: 1253 &rarr; <strong>1225<\/strong><br \/>(-28 for losing)\n|l|\u2606Kaolin18\n|l|\u2606SuperAndroid99\n|j|\u2606SuperAndroid99\n|player|p1|SuperAndroid99|170\n","uploadtime":1699348338,"views":9,"p1id":"superandroid99","p2id":"kaolin18","formatid":"gen9doublesou","rating":1225,"private":0,"password":""}