{"id":"gen9doublesou-1992964450","p1":"CoreSolis","p2":"LandonTO","format":"[Gen 9] Doubles OU","log":"|j|\u2606CoreSolis\n|j|\u2606LandonTO\n|t:|1700250854\n|gametype|doubles\n|player|p1|CoreSolis|pokemonrangerf|1048\n|player|p2|LandonTO|ghetsis|1089\n|teamsize|p1|6\n|teamsize|p2|6\n|gen|9\n|tier|[Gen 9] Doubles OU\n|rated|\n|rule|Species Clause: Limit one of each Pok\u00e9mon\n|rule|OHKO Clause: OHKO moves are banned\n|rule|Evasion Moves Clause: Evasion moves are banned\n|rule|Gravity Sleep Clause: The combination of sleep-inducing moves with imperfect accuracy and Gravity or Gigantamax Orbeetle are banned\n|rule|Endless Battle Clause: Forcing endless battles is banned\n|rule|HP Percentage Mod: HP is shown in percentages\n|clearpoke\n|poke|p1|Zoroark-Hisui, F|\n|poke|p1|Ribombee, F|\n|poke|p1|Meowscarada, F|\n|poke|p1|Sinistcha-Masterpiece|\n|poke|p1|Enamorus, F|\n|poke|p1|Murkrow, F|\n|poke|p2|Chien-Pao|\n|poke|p2|Dragapult, M|\n|poke|p2|Ogerpon-Wellspring, F|\n|poke|p2|Heatran, F|\n|poke|p2|Clefairy, M|\n|poke|p2|Farigiraf, F|\n|teampreview\n|c|\u2606CoreSolis|glhf\n|\n|t:|1700250889\n|start\n|switch|p1a: Murkrow|Murkrow, F, shiny|100\/100\n|switch|p1b: Enamorus|Enamorus, F|100\/100\n|switch|p2a: Heatran|Heatran, F|100\/100\n|switch|p2b: Chien-Pao|Chien-Pao|100\/100\n|-ability|p2b: Chien-Pao|Sword of Ruin\n|turn|1\n|inactive|Battle timer is ON: inactive players will automatically lose when time's up. (requested by LandonTO)\n|\n|t:|1700250908\n|move|p1a: Murkrow|Tailwind|p1a: Murkrow\n|-sidestart|p1: CoreSolis|move: Tailwind\n|move|p1b: Enamorus|Flamethrower|p2b: Chien-Pao\n|-supereffective|p2b: Chien-Pao\n|-damage|p2b: Chien-Pao|12\/100\n|move|p2b: Chien-Pao|Ice Spinner|p1a: Murkrow\n|-supereffective|p1a: Murkrow\n|-damage|p1a: Murkrow|0 fnt\n|faint|p1a: Murkrow\n|move|p2a: Heatran|Flash Cannon|p1b: Enamorus\n|-damage|p1b: Enamorus|35\/100\n|replace|p1b: Zoroark|Zoroark-Hisui, F\n|-end|p1b: Zoroark|Illusion\n|\n|upkeep\n|\n|t:|1700250921\n|switch|p1a: Meowscarada|Meowscarada, F, shiny|100\/100\n|turn|2\n|c|\u2606LandonTO|good luck\n|inactive|CoreSolis has 120 seconds left.\n|\n|t:|1700250965\n|move|p2b: Chien-Pao|Sucker Punch|p1b: Zoroark\n|-supereffective|p1b: Zoroark\n|-damage|p1b: Zoroark|0 fnt\n|faint|p1b: Zoroark\n|move|p1a: Meowscarada|Knock Off|p2a: Heatran\n|-start|p1a: Meowscarada|typechange|Dark|[from] ability: Protean\n|-damage|p2a: Heatran|48\/100\n|-enditem|p2a: Heatran|Assault Vest|[from] move: Knock Off|[of] p1a: Meowscarada\n|move|p2a: Heatran|Heat Wave|p1a: Meowscarada\n|-damage|p1a: Meowscarada|42\/100\n|\n|upkeep\n|\n|t:|1700250973\n|switch|p1b: Sinistcha|Sinistcha-Masterpiece, shiny|100\/100\n|-heal|p1a: Meowscarada|67\/100|[from] ability: Hospitality|[of] p1b: Sinistcha\n|turn|3\n|\n|t:|1700250981\n|switch|p1b: Enamorus|Enamorus, F|100\/100\n|move|p1a: Meowscarada|Play Rough|p2b: Chien-Pao\n|-supereffective|p2b: Chien-Pao\n|-damage|p2b: Chien-Pao|0 fnt\n|faint|p2b: Chien-Pao\n|move|p2a: Heatran|Heat Wave|p1a: Meowscarada|[spread] p1a,p1b\n|-damage|p1a: Meowscarada|27\/100\n|-damage|p1b: Enamorus|48\/100\n|\n|-status|p1b: Enamorus|brn|[from] item: Flame Orb\n|upkeep\n|\n|t:|1700250994\n|switch|p2b: Farigiraf|Farigiraf, F|100\/100\n|turn|4\n|\n|t:|1700251022\n|move|p1a: Meowscarada|Knock Off|p2b: Farigiraf\n|-supereffective|p2b: Farigiraf\n|-damage|p2b: Farigiraf|14\/100\n|-enditem|p2b: Farigiraf|Sitrus Berry|[from] move: Knock Off|[of] p1a: Meowscarada\n|move|p1b: Enamorus|Earth Power|p2a: Heatran\n|-supereffective|p2a: Heatran\n|-damage|p2a: Heatran|0 fnt\n|faint|p2a: Heatran\n|move|p2b: Farigiraf|Trick Room|p2b: Farigiraf\n|-fieldstart|move: Trick Room|[of] p2b: Farigiraf\n|\n|-damage|p1b: Enamorus|41\/100 brn|[from] brn\n|-sideend|p1: CoreSolis|move: Tailwind\n|upkeep\n|\n|t:|1700251031\n|switch|p2a: Clefairy|Clefairy, M|100\/100\n|turn|5\n|\n|t:|1700251054\n|move|p2a: Clefairy|Follow Me|p2a: Clefairy\n|-singleturn|p2a: Clefairy|move: Follow Me\n|move|p2b: Farigiraf|Tera Blast|p1a: Meowscarada\n|-damage|p1a: Meowscarada|0 fnt\n|faint|p1a: Meowscarada\n|move|p1b: Enamorus|Facade|p2a: Clefairy\n|-damage|p2a: Clefairy|53\/100\n|\n|-damage|p1b: Enamorus|35\/100 brn|[from] brn\n|upkeep\n|\n|t:|1700251064\n|switch|p1a: Sinistcha|Sinistcha-Masterpiece, shiny|100\/100\n|-heal|p1b: Enamorus|60\/100 brn|[from] ability: Hospitality|[of] p1a: Sinistcha\n|turn|6\n|\n|t:|1700251089\n|move|p2a: Clefairy|Helping Hand|p2b: Farigiraf\n|-singleturn|p2b: Farigiraf|Helping Hand|[of] p2a: Clefairy\n|move|p2b: Farigiraf|Psyshock|p1a: Sinistcha\n|-damage|p1a: Sinistcha|55\/100\n|move|p1a: Sinistcha|Giga Drain|p2b: Farigiraf\n|-damage|p2b: Farigiraf|0 fnt\n|-heal|p1a: Sinistcha|64\/100|[from] drain|[of] p2b: Farigiraf\n|faint|p2b: Farigiraf\n|move|p1b: Enamorus|Moonblast|p2a: Clefairy\n|-damage|p2a: Clefairy|21\/100\n|\n|-damage|p1b: Enamorus|54\/100 brn|[from] brn\n|upkeep\n|\n|t:|1700251100\n|switch|p2b: Dragapult|Dragapult, M|100\/100\n|turn|7\n|inactive|CoreSolis has 120 seconds left.\n|\n|t:|1700251137\n|-terastallize|p1a: Sinistcha|Grass\n|move|p2a: Clefairy|Follow Me|p2a: Clefairy\n|-singleturn|p2a: Clefairy|move: Follow Me\n|move|p1a: Sinistcha|Giga Drain|p2a: Clefairy\n|-damage|p2a: Clefairy|0 fnt\n|-heal|p1a: Sinistcha|74\/100|[from] drain|[of] p2a: Clefairy\n|faint|p2a: Clefairy\n|move|p1b: Enamorus|Moonblast|p2b: Dragapult\n|-supereffective|p2b: Dragapult\n|-damage|p2b: Dragapult|0 fnt\n|faint|p2b: Dragapult\n|\n|-damage|p1b: Enamorus|48\/100 brn|[from] brn\n|upkeep\n|\n|t:|1700251150\n|switch|p2b: Ogerpon|Ogerpon-Wellspring, F|100\/100\n|turn|8\n|-message|LandonTO forfeited.\n|\n|win|CoreSolis\n|raw|CoreSolis's rating: 1048 &rarr; <strong>1085<\/strong><br \/>(+37 for winning)\n|raw|LandonTO's rating: 1089 &rarr; <strong>1063<\/strong><br \/>(-26 for losing)\n|l|\u2606LandonTO\n|c|\u2606CoreSolis|gg\n","uploadtime":1700251180,"views":12,"p1id":"coresolis","p2id":"landonto","formatid":"gen9doublesou","rating":1063,"private":0,"password":""}