{"id":"gen9doublesou-1974889785","p1":"Jonesyfortnuts","p2":"golisaboy","format":"[Gen 9] Doubles OU","log":"|j|\u2606Jonesyfortnuts\n|j|\u2606golisaboy\n|t:|1698140530\n|gametype|doubles\n|player|p1|Jonesyfortnuts|wulfric|1233\n|player|p2|golisaboy|burgh|1109\n|teamsize|p1|6\n|teamsize|p2|6\n|gen|9\n|tier|[Gen 9] Doubles OU\n|rated|\n|rule|Species Clause: Limit one of each Pok\u00e9mon\n|rule|OHKO Clause: OHKO moves are banned\n|rule|Evasion Moves Clause: Evasion moves are banned\n|rule|Gravity Sleep Clause: The combination of sleep-inducing moves with imperfect accuracy and Gravity or Gigantamax Orbeetle are banned\n|rule|Endless Battle Clause: Forcing endless battles is banned\n|rule|HP Percentage Mod: HP is shown in percentages\n|clearpoke\n|poke|p1|Persian-Alola, F|\n|poke|p1|Slowking-Galar, M|\n|poke|p1|Sandslash-Alola, F|\n|poke|p1|Baxcalibur, F|\n|poke|p1|Grafaiai, F|\n|poke|p1|Heatran, M|\n|poke|p2|Oricorio-Pom-Pom, M|\n|poke|p2|Lilligant, F|\n|poke|p2|Volcarona, F|\n|poke|p2|Baxcalibur, M|\n|poke|p2|Ninetales, F|\n|poke|p2|Quaquaval, M|\n|teampreview\n|c|\u2606golisaboy|Sup\n|inactive|Battle timer is ON: inactive players will automatically lose when time's up. (requested by Jonesyfortnuts)\n|\n|t:|1698140545\n|start\n|switch|p1a: Heatran|Heatran, M|100\/100\n|switch|p1b: MAURICIO|Grafaiai, F|100\/100\n|switch|p2a: Ninetales|Ninetales, F|100\/100\n|switch|p2b: Volcarona|Volcarona, F|100\/100\n|-weather|SunnyDay|[from] ability: Drought|[of] p2a: Ninetales\n|-item|p1a: Heatran|Air Balloon\n|turn|1\n|\n|t:|1698140564\n|switch|p2a: Oricorio|Oricorio-Pom-Pom, M|100\/100\n|move|p1b: MAURICIO|Doodle|p2a: Oricorio\n|-endability|p1a: Heatran|Flash Fire|[from] move: Doodle\n|-ability|p1a: Heatran|Dancer|[from] move: Doodle\n|-endability|p1b: MAURICIO|Prankster|[from] move: Doodle\n|-ability|p1b: MAURICIO|Dancer|[from] move: Doodle\n|move|p2b: Volcarona|Quiver Dance|p2b: Volcarona\n|-boost|p2b: Volcarona|spa|1\n|-boost|p2b: Volcarona|spd|1\n|-boost|p2b: Volcarona|spe|1\n|-activate|p1a: Heatran|ability: Dancer\n|move|p1a: Heatran|Quiver Dance|p1a: Heatran|[from]ability: Dancer\n|-boost|p1a: Heatran|spa|1\n|-boost|p1a: Heatran|spd|1\n|-boost|p1a: Heatran|spe|1\n|-activate|p2a: Oricorio|ability: Dancer\n|move|p2a: Oricorio|Quiver Dance|p2a: Oricorio|[from]ability: Dancer\n|-boost|p2a: Oricorio|spa|1\n|-boost|p2a: Oricorio|spd|1\n|-boost|p2a: Oricorio|spe|1\n|-activate|p1b: MAURICIO|ability: Dancer\n|move|p1b: MAURICIO|Quiver Dance|p1b: MAURICIO|[from]ability: Dancer\n|-boost|p1b: MAURICIO|spa|1\n|-boost|p1b: MAURICIO|spd|1\n|-boost|p1b: MAURICIO|spe|1\n|move|p1a: Heatran|Heat Wave|p2a: Oricorio|[spread] p2a,p2b\n|-damage|p2a: Oricorio|15\/100\n|-damage|p2b: Volcarona|44\/100\n|\n|-weather|SunnyDay|[upkeep]\n|upkeep\n|turn|2\n|c|\u2606golisaboy|Shit\n|c|\u2606Jonesyfortnuts|Grafaiai groovin\n|c|\u2606golisaboy|Good play\n|inactive|Jonesyfortnuts has 120 seconds left.\n|inactive|golisaboy has 120 seconds left.\n|\n|t:|1698140618\n|move|p2b: Volcarona|Morning Sun|p2b: Volcarona\n|-heal|p2b: Volcarona|100\/100\n|move|p1b: MAURICIO|Gunk Shot|p2b: Volcarona\n|-damage|p2b: Volcarona|60\/100\n|move|p2a: Oricorio|Air Slash|p1b: MAURICIO\n|-damage|p1b: MAURICIO|77\/100\n|move|p1a: Heatran|Heat Wave|p2b: Volcarona|[spread] p2a\n|-miss|p1a: Heatran|p2b: Volcarona\n|-damage|p2a: Oricorio|0 fnt\n|faint|p2a: Oricorio\n|\n|-weather|SunnyDay|[upkeep]\n|-heal|p1b: MAURICIO|83\/100|[from] item: Black Sludge\n|upkeep\n|\n|t:|1698140632\n|switch|p2a: Quaquaval|Quaquaval, M|100\/100\n|turn|3\n|inactive|Jonesyfortnuts has 120 seconds left.\n|\n|t:|1698140649\n|-terastallize|p1a: Heatran|Grass\n|move|p2b: Volcarona|Bug Buzz|p1b: MAURICIO\n|-resisted|p1b: MAURICIO\n|-damage|p1b: MAURICIO|64\/100\n|move|p1b: MAURICIO|Gunk Shot|p2a: Quaquaval\n|-damage|p2a: Quaquaval|46\/100\n|move|p2a: Quaquaval|Brick Break|p1a: Heatran\n|-damage|p1a: Heatran|69\/100\n|-enditem|p1a: Heatran|Air Balloon\n|move|p1a: Heatran|Heat Wave|p2a: Quaquaval|[spread] p2a,p2b\n|-resisted|p2a: Quaquaval\n|-damage|p2a: Quaquaval|0 fnt\n|-damage|p2b: Volcarona|8\/100\n|faint|p2a: Quaquaval\n|\n|-weather|SunnyDay|[upkeep]\n|-heal|p1b: MAURICIO|70\/100|[from] item: Black Sludge\n|upkeep\n|inactive|golisaboy has 120 seconds left.\n|\n|t:|1698140666\n|switch|p2a: Baxcalibur|Baxcalibur, M|100\/100\n|turn|4\n|\n|t:|1698140678\n|move|p2b: Volcarona|Morning Sun|p2b: Volcarona\n|-heal|p2b: Volcarona|74\/100\n|move|p1b: MAURICIO|Encore|p2b: Volcarona\n|-start|p2b: Volcarona|Encore\n|move|p2a: Baxcalibur|Icicle Spear|p1b: MAURICIO\n|-damage|p1b: MAURICIO|49\/100\n|-damage|p1b: MAURICIO|28\/100\n|-damage|p1b: MAURICIO|7\/100\n|-damage|p1b: MAURICIO|0 fnt\n|faint|p1b: MAURICIO\n|-hitcount|p1: MAURICIO|4\n|move|p1a: Heatran|Flash Cannon|p2a: Baxcalibur\n|-supereffective|p2a: Baxcalibur\n|-damage|p2a: Baxcalibur|0 fnt\n|faint|p2a: Baxcalibur\n|\n|-weather|SunnyDay|[upkeep]\n|upkeep\n|\n|t:|1698140698\n|switch|p2a: Lilligant|Lilligant, F|100\/100\n|switch|p1b: Jubei|Persian-Alola, F|100\/100\n|turn|5\n|-message|golisaboy forfeited.\n|\n|win|Jonesyfortnuts\n|raw|Jonesyfortnuts's rating: 1233 &rarr; <strong>1249<\/strong><br \/>(+16 for winning)\n|raw|golisaboy's rating: 1109 &rarr; <strong>1093<\/strong><br \/>(-16 for losing)\n|l|\u2606golisaboy\n","uploadtime":1698140727,"views":16,"p1id":"jonesyfortnuts","p2id":"golisaboy","formatid":"gen9doublesou","rating":1093,"private":0,"password":""}