{"id":"gen9doublesou-1979330974","p1":"Monobraunmann95","p2":"Da1mon!","format":"[Gen 9] Doubles OU","log":"|j|\u2606Monobraunmann95\n|j|\u2606Da1mon!\n|t:|1698672078\n|gametype|doubles\n|player|p1|Monobraunmann95|266|1382\n|player|p2|Da1mon!|wallace|1327\n|teamsize|p1|6\n|teamsize|p2|6\n|gen|9\n|tier|[Gen 9] Doubles OU\n|rated|\n|rule|Species Clause: Limit one of each Pok\u00e9mon\n|rule|OHKO Clause: OHKO moves are banned\n|rule|Evasion Moves Clause: Evasion moves are banned\n|rule|Gravity Sleep Clause: The combination of sleep-inducing moves with imperfect accuracy and Gravity or Gigantamax Orbeetle are banned\n|rule|Endless Battle Clause: Forcing endless battles is banned\n|rule|HP Percentage Mod: HP is shown in percentages\n|clearpoke\n|poke|p1|Palafin, M|\n|poke|p1|Gholdengo|\n|poke|p1|Heatran, F|\n|poke|p1|Tornadus, M|\n|poke|p1|Sinistcha|\n|poke|p1|Dragonite, M|\n|poke|p2|Ursaluna-Bloodmoon, M|\n|poke|p2|Sinistcha-Masterpiece|\n|poke|p2|Goodra-Hisui, F|\n|poke|p2|Arcanine, F|\n|poke|p2|Iron Hands|\n|poke|p2|Chien-Pao|\n|teampreview\n|\n|t:|1698672115\n|start\n|switch|p1a: Palafin|Palafin, M|100\/100\n|switch|p1b: Tornadus|Tornadus, M|100\/100\n|switch|p2a: Ursaluna|Ursaluna-Bloodmoon, M|100\/100\n|switch|p2b: Iron Hands|Iron Hands|100\/100\n|turn|1\n|\n|t:|1698672129\n|move|p2b: Iron Hands|Fake Out|p1a: Palafin\n|-damage|p1a: Palafin|81\/100\n|move|p1b: Tornadus|Tailwind|p1b: Tornadus\n|-sidestart|p1: Monobraunmann95|move: Tailwind\n|cant|p1a: Palafin|flinch\n|move|p2a: Ursaluna|Blood Moon|p1a: Palafin\n|-damage|p1a: Palafin|0 fnt\n|faint|p1a: Palafin\n|-damage|p2a: Ursaluna|91\/100|[from] item: Life Orb\n|\n|upkeep\n|\n|t:|1698672150\n|switch|p1a: Gholdengo|Gholdengo|100\/100\n|turn|2\n|inactive|Battle timer is ON: inactive players will automatically lose when time's up. (requested by Monobraunmann95)\n|\n|t:|1698672172\n|-terastallize|p1a: Gholdengo|Steel\n|move|p2a: Ursaluna|Protect|p2a: Ursaluna\n|-singleturn|p2a: Ursaluna|Protect\n|move|p1b: Tornadus|Knock Off|p2a: Ursaluna\n|-activate|p2a: Ursaluna|move: Protect\n|move|p1a: Gholdengo|Make It Rain|p2a: Ursaluna|[spread] p2b\n|-activate|p2a: Ursaluna|move: Protect\n|-resisted|p2b: Iron Hands\n|-damage|p2b: Iron Hands|77\/100\n|-unboost|p1a: Gholdengo|spa|1\n|move|p2b: Iron Hands|Wild Charge|p1b: Tornadus\n|-supereffective|p1b: Tornadus\n|-enditem|p1b: Tornadus|Focus Sash\n|-damage|p1b: Tornadus|1\/100\n|-damage|p2b: Iron Hands|60\/100|[from] Recoil\n|\n|upkeep\n|turn|3\n|inactive|Monobraunmann95 has 120 seconds left.\n|\n|t:|1698672203\n|-end|p2b: Iron Hands|Quark Drive|[silent]\n|switch|p2b: Goodra|Goodra-Hisui, F|100\/100\n|move|p2a: Ursaluna|Vacuum Wave|p1b: Tornadus\n|-resisted|p1b: Tornadus\n|-damage|p1b: Tornadus|0 fnt\n|faint|p1b: Tornadus\n|-damage|p2a: Ursaluna|81\/100|[from] item: Life Orb\n|move|p1a: Gholdengo|Make It Rain|p2a: Ursaluna|[spread] p2a,p2b\n|-resisted|p2b: Goodra\n|-damage|p2a: Ursaluna|16\/100\n|-damage|p2b: Goodra|79\/100\n|-unboost|p1a: Gholdengo|spa|1\n|\n|upkeep\n|inactive|Monobraunmann95 has 120 seconds left.\n|\n|t:|1698672216\n|switch|p1b: Dragonite|Dragonite, M|100\/100\n|turn|4\n|\n|t:|1698672231\n|switch|p2b: Sinistcha|Sinistcha-Masterpiece|100\/100\n|-heal|p2a: Ursaluna|41\/100|[from] ability: Hospitality|[of] p2b: Sinistcha\n|move|p2a: Ursaluna|Protect|p2a: Ursaluna\n|-singleturn|p2a: Ursaluna|Protect\n|move|p1a: Gholdengo|Make It Rain|p2a: Ursaluna|[spread] p2b\n|-activate|p2a: Ursaluna|move: Protect\n|-damage|p2b: Sinistcha|62\/100\n|-unboost|p1a: Gholdengo|spa|1\n|move|p1b: Dragonite|Haze|p1b: Dragonite\n|-clearallboost\n|\n|-heal|p2b: Sinistcha|68\/100|[from] item: Leftovers\n|-sideend|p1: Monobraunmann95|move: Tailwind\n|upkeep\n|turn|5\n|\n|t:|1698672258\n|move|p2b: Sinistcha|Rage Powder|p2b: Sinistcha\n|-singleturn|p2b: Sinistcha|move: Rage Powder\n|move|p1a: Gholdengo|Make It Rain|p2b: Sinistcha|[spread] p2a,p2b\n|-damage|p2a: Ursaluna|0 fnt\n|-damage|p2b: Sinistcha|0 fnt\n|-unboost|p1a: Gholdengo|spa|1\n|faint|p2a: Ursaluna\n|faint|p2b: Sinistcha\n|move|p1b: Dragonite|Dragon Dance|p1b: Dragonite\n|-boost|p1b: Dragonite|atk|1\n|-boost|p1b: Dragonite|spe|1\n|\n|upkeep\n|\n|t:|1698672272\n|switch|p2b: Chien-Pao|Chien-Pao|100\/100\n|switch|p2a: Iron Hands|Iron Hands|60\/100\n|-ability|p2b: Chien-Pao|Sword of Ruin\n|turn|6\n|\n|t:|1698672285\n|move|p2a: Iron Hands|Fake Out|p1b: Dragonite\n|-damage|p1b: Dragonite|78\/100\n|-damage|p2a: Iron Hands|44\/100|[from] item: Rocky Helmet|[of] p1b: Dragonite\n|move|p2b: Chien-Pao|Ice Spinner|p1b: Dragonite\n|-supereffective|p1b: Dragonite\n|-damage|p1b: Dragonite|0 fnt\n|-damage|p2b: Chien-Pao|84\/100|[from] item: Rocky Helmet|[of] p1b: Dragonite\n|faint|p1b: Dragonite\n|move|p1a: Gholdengo|Make It Rain|p2b: Chien-Pao|[spread] p2a,p2b\n|-resisted|p2a: Iron Hands\n|-supereffective|p2b: Chien-Pao\n|-damage|p2a: Iron Hands|28\/100\n|-damage|p2b: Chien-Pao|0 fnt\n|-unboost|p1a: Gholdengo|spa|1\n|faint|p2b: Chien-Pao\n|\n|upkeep\n|\n|t:|1698672301\n|switch|p2b: Goodra|Goodra-Hisui, F|79\/100\n|switch|p1b: Heatran|Heatran, F|100\/100\n|turn|7\n|\n|t:|1698672316\n|switch|p1a: Sinistcha|Sinistcha|100\/100\n|move|p2b: Goodra|Protect|p2b: Goodra\n|-singleturn|p2b: Goodra|Protect\n|move|p1b: Heatran|Flamethrower|p2b: Goodra\n|-activate|p2b: Goodra|move: Protect\n|move|p2a: Iron Hands|Close Combat|p1b: Heatran\n|-supereffective|p1b: Heatran\n|-damage|p1b: Heatran|0 fnt\n|-unboost|p2a: Iron Hands|def|1\n|-unboost|p2a: Iron Hands|spd|1\n|faint|p1b: Heatran\n|\n|upkeep\n|\n|t:|1698672326\n|switch|p1b: Gholdengo|Gholdengo, tera:Steel|100\/100\n|turn|8\n|\n|t:|1698672337\n|-end|p2a: Iron Hands|Quark Drive|[silent]\n|switch|p2a: Arcanine|Arcanine, F|100\/100\n|-ability|p2a: Arcanine|Intimidate|boost\n|-unboost|p1a: Sinistcha|atk|1\n|-unboost|p1b: Gholdengo|atk|1\n|move|p1b: Gholdengo|Make It Rain|p2b: Goodra|[spread] p2a,p2b\n|-resisted|p2a: Arcanine\n|-resisted|p2b: Goodra\n|-damage|p2a: Arcanine|48\/100\n|-damage|p2b: Goodra|50\/100\n|-unboost|p1b: Gholdengo|spa|1\n|-enditem|p2a: Arcanine|Sitrus Berry|[eat]\n|-heal|p2a: Arcanine|73\/100|[from] item: Sitrus Berry\n|move|p1a: Sinistcha|Matcha Gotcha|p2b: Goodra|[spread] p2a,p2b\n|-resisted|p2a: Arcanine\n|-resisted|p2b: Goodra\n|-damage|p2a: Arcanine|61\/100\n|-damage|p2b: Goodra|46\/100\n|move|p2b: Goodra|Curse|p2b: Goodra\n|-unboost|p2b: Goodra|spe|1\n|-boost|p2b: Goodra|atk|1\n|-boost|p2b: Goodra|def|1\n|\n|upkeep\n|turn|9\n|inactive|Monobraunmann95 has 120 seconds left.\n|\n|t:|1698672373\n|move|p2b: Goodra|Protect|p2b: Goodra\n|-singleturn|p2b: Goodra|Protect\n|move|p2a: Arcanine|Flare Blitz|p1b: Gholdengo\n|-supereffective|p1b: Gholdengo\n|-damage|p1b: Gholdengo|0 fnt\n|faint|p1b: Gholdengo\n|-damage|p2a: Arcanine|34\/100|[from] Recoil\n|move|p1a: Sinistcha|Strength Sap|p2b: Goodra\n|-activate|p2b: Goodra|move: Protect\n|\n|upkeep\n|turn|10\n|\n|t:|1698672392\n|move|p2a: Arcanine|Snarl|p1a: Sinistcha\n|-supereffective|p1a: Sinistcha\n|-damage|p1a: Sinistcha|73\/100\n|-unboost|p1a: Sinistcha|spa|1\n|move|p1a: Sinistcha|Strength Sap|p2a: Arcanine\n|-unboost|p2a: Arcanine|atk|1\n|-heal|p1a: Sinistcha|100\/100\n|move|p2b: Goodra|Heavy Slam|p1a: Sinistcha\n|-damage|p1a: Sinistcha|55\/100\n|\n|-heal|p1a: Sinistcha|61\/100|[from] item: Leftovers\n|upkeep\n|turn|11\n|inactive|Da1mon! has 120 seconds left.\n|\n|t:|1698672427\n|move|p2b: Goodra|Protect|p2b: Goodra\n|-singleturn|p2b: Goodra|Protect\n|move|p2a: Arcanine|Flare Blitz|p1a: Sinistcha\n|-supereffective|p1a: Sinistcha\n|-damage|p1a: Sinistcha|21\/100\n|-damage|p2a: Arcanine|22\/100|[from] Recoil\n|move|p1a: Sinistcha|Strength Sap|p2a: Arcanine\n|-unboost|p2a: Arcanine|atk|1\n|-heal|p1a: Sinistcha|70\/100\n|\n|-heal|p1a: Sinistcha|76\/100|[from] item: Leftovers\n|upkeep\n|turn|12\n|\n|t:|1698672448\n|switch|p2a: Iron Hands|Iron Hands|28\/100\n|move|p1a: Sinistcha|Matcha Gotcha|p2b: Goodra|[spread] p2a,p2b\n|-resisted|p2b: Goodra\n|-damage|p2a: Iron Hands|20\/100\n|-heal|p1a: Sinistcha|81\/100|[from] drain|[of] p2a: Iron Hands\n|-damage|p2b: Goodra|43\/100\n|-heal|p1a: Sinistcha|83\/100|[from] drain|[of] p2b: Goodra\n|move|p2b: Goodra|Heavy Slam|p1a: Sinistcha\n|-damage|p1a: Sinistcha|43\/100\n|\n|-heal|p1a: Sinistcha|49\/100|[from] item: Leftovers\n|upkeep\n|turn|13\n|\n|t:|1698672464\n|move|p1a: Sinistcha|Protect|p1a: Sinistcha\n|-singleturn|p1a: Sinistcha|Protect\n|move|p2a: Iron Hands|Ice Punch|p1a: Sinistcha\n|-activate|p1a: Sinistcha|move: Protect\n|move|p2b: Goodra|Heavy Slam|p1a: Sinistcha\n|-activate|p1a: Sinistcha|move: Protect\n|\n|-heal|p1a: Sinistcha|55\/100|[from] item: Leftovers\n|upkeep\n|turn|14\n|\n|t:|1698672471\n|move|p1a: Sinistcha|Matcha Gotcha|p2a: Iron Hands|[spread] p2a,p2b\n|-resisted|p2b: Goodra\n|-damage|p2a: Iron Hands|11\/100\n|-heal|p1a: Sinistcha|61\/100|[from] drain|[of] p2a: Iron Hands\n|-damage|p2b: Goodra|41\/100\n|-heal|p1a: Sinistcha|62\/100|[from] drain|[of] p2b: Goodra\n|-status|p2a: Iron Hands|brn\n|move|p2a: Iron Hands|Ice Punch|p1a: Sinistcha\n|-supereffective|p1a: Sinistcha\n|-damage|p1a: Sinistcha|40\/100\n|move|p2b: Goodra|Heavy Slam|p1a: Sinistcha\n|-damage|p1a: Sinistcha|0 fnt\n|faint|p1a: Sinistcha\n|\n|win|Da1mon!\n|raw|Monobraunmann95's rating: 1382 &rarr; <strong>1359<\/strong><br \/>(-23 for losing)\n|raw|Da1mon!'s rating: 1327 &rarr; <strong>1350<\/strong><br \/>(+23 for winning)\n","uploadtime":1698672558,"views":19,"p1id":"monobraunmann95","p2id":"da1mon","formatid":"gen9doublesou","rating":1350,"private":0,"password":""}