{"id":"gen9doublesou-2000133189","p1":"Bhaviswar 2","p2":"hpl12345","format":"[Gen 9] Doubles OU","log":"|j|\u2606Bhaviswar 2\n|j|\u2606hpl12345\n|inactive|Battle timer is ON: inactive players will automatically lose when time's up.\n|t:|1701160723\n|gametype|doubles\n|player|p1|Bhaviswar 2|volkner|\n|player|p2|hpl12345|266|\n|teamsize|p1|2\n|teamsize|p2|2\n|gen|9\n|tier|[Gen 9] Doubles OU\n|rated|Tournament battle\n|rule|Species Clause: Limit one of each Pok\u00e9mon\n|rule|OHKO Clause: OHKO moves are banned\n|rule|Evasion Moves Clause: Evasion moves are banned\n|rule|Gravity Sleep Clause: The combination of sleep-inducing moves with imperfect accuracy and Gravity or Gigantamax Orbeetle are banned\n|rule|Endless Battle Clause: Forcing endless battles is banned\n|rule|HP Percentage Mod: HP is shown in percentages\n|clearpoke\n|poke|p1|Bisharp, M|\n|poke|p1|Quaxwell, F|\n|poke|p2|Vullaby, F|\n|poke|p2|Girafarig, M|\n|teampreview\n|j|*Lady Monita \u2746\n|\n|t:|1701160741\n|start\n|switch|p1a: Quaxwell|Quaxwell, F, shiny|100\/100\n|switch|p1b: Bisharp|Bisharp, M, shiny|100\/100\n|switch|p2a: Girafarig|Girafarig, M|100\/100\n|switch|p2b: Vullaby|Vullaby, F|100\/100\n|turn|1\n|inactive|hpl12345 has 120 seconds left.\n|\n|t:|1701160774\n|-terastallize|p2a: Girafarig|Ground\n|move|p2a: Girafarig|Tera Blast|p1b: Bisharp|[anim] Tera Blast Ground\n|-supereffective|p1b: Bisharp\n|-damage|p1b: Bisharp|36\/100\n|move|p1b: Bisharp|X-Scissor|p2a: Girafarig\n|-damage|p2a: Girafarig|63\/100\n|move|p1a: Quaxwell|Liquidation|p2a: Girafarig\n|-supereffective|p2a: Girafarig\n|-damage|p2a: Girafarig|0 fnt\n|faint|p2a: Girafarig\n|-ability|p1a: Quaxwell|Moxie|boost\n|-boost|p1a: Quaxwell|atk|1\n|move|p2b: Vullaby|Toxic|p1a: Quaxwell|[miss]\n|-miss|p2b: Vullaby|p1a: Quaxwell\n|\n|upkeep\n|turn|2\n|inactive|Bhaviswar 2 has 120 seconds left.\n|\n|t:|1701160823\n|move|p1b: Bisharp|Iron Head|p2b: Vullaby\n|-damage|p2b: Vullaby|76\/100\n|move|p1a: Quaxwell|Acrobatics|p2b: Vullaby\n|-damage|p2b: Vullaby|62\/100\n|move|p2b: Vullaby|Brave Bird|p1b: Bisharp\n|-resisted|p1b: Bisharp\n|-damage|p1b: Bisharp|27\/100\n|-damage|p2b: Vullaby|59\/100|[from] Recoil\n|\n|upkeep\n|turn|3\n|inactive|Bhaviswar 2 has 120 seconds left.\n|\n|t:|1701160842\n|move|p1b: Bisharp|Night Slash|p2b: Vullaby\n|-resisted|p2b: Vullaby\n|-crit|p2b: Vullaby\n|-damage|p2b: Vullaby|43\/100\n|move|p1a: Quaxwell|Liquidation|p2b: Vullaby\n|-damage|p2b: Vullaby|12\/100\n|move|p2b: Vullaby|Toxic|p1a: Quaxwell\n|-status|p1a: Quaxwell|tox\n|\n|-damage|p1a: Quaxwell|94\/100 tox|[from] psn\n|upkeep\n|turn|4\n|\n|t:|1701160856\n|move|p2b: Vullaby|Protect|p2b: Vullaby\n|-singleturn|p2b: Vullaby|Protect\n|move|p1b: Bisharp|Brick Break|p2b: Vullaby\n|-activate|p2b: Vullaby|move: Protect\n|move|p1a: Quaxwell|Roost|p1a: Quaxwell\n|-heal|p1a: Quaxwell|100\/100 tox\n|-singleturn|p1a: Quaxwell|move: Roost\n|\n|-damage|p1a: Quaxwell|88\/100 tox|[from] psn\n|upkeep\n|turn|5\n|inactive|hpl12345 has 120 seconds left.\n|inactive|hpl12345 has 90 seconds left.\n|\n|t:|1701160928\n|move|p1b: Bisharp|Brick Break|p2b: Vullaby\n|-damage|p2b: Vullaby|0 fnt\n|faint|p2b: Vullaby\n|\n|win|Bhaviswar 2\n|n|\u2606Bhaviswar 2|bhaviswar2\n|n|\u2606hpl12345|hpl12345\n|n|*Lady Monita \u2746|ladymonita\n","uploadtime":1701160929,"views":7,"p1id":"bhaviswar2","p2id":"hpl12345","formatid":"gen9doublesou","rating":0,"private":0,"password":""}