{"id":"gen9doublesou-1992849955","p1":"MyEyelashFlewOff","p2":"cotesmcgotes","format":"[Gen 9] Doubles OU","log":"|j|\u2606MyEyelashFlewOff\n|j|\u2606cotesmcgotes\n|t:|1700240820\n|gametype|doubles\n|player|p1|MyEyelashFlewOff|pokekid|1271\n|player|p2|cotesmcgotes|flannery|1339\n|teamsize|p1|6\n|teamsize|p2|6\n|gen|9\n|tier|[Gen 9] Doubles OU\n|rated|\n|rule|Species Clause: Limit one of each Pok\u00e9mon\n|rule|OHKO Clause: OHKO moves are banned\n|rule|Evasion Moves Clause: Evasion moves are banned\n|rule|Gravity Sleep Clause: The combination of sleep-inducing moves with imperfect accuracy and Gravity or Gigantamax Orbeetle are banned\n|rule|Endless Battle Clause: Forcing endless battles is banned\n|rule|HP Percentage Mod: HP is shown in percentages\n|clearpoke\n|poke|p1|Glimmora, M|\n|poke|p1|Ninetales-Alola, F|\n|poke|p1|Rillaboom, M|\n|poke|p1|Sinistcha-Masterpiece|\n|poke|p1|Palafin, M|\n|poke|p1|Volcarona, M|\n|poke|p2|Cresselia, F|\n|poke|p2|Overqwil, M|\n|poke|p2|Tornadus, M|\n|poke|p2|Palafin, M|\n|poke|p2|Amoonguss, F|\n|poke|p2|Diancie|\n|teampreview\n|\n|t:|1700240826\n|start\n|switch|p1a: Glimmora|Glimmora, M, shiny|100\/100\n|switch|p1b: Palafin|Palafin, M|100\/100\n|switch|p2a: Tornadus|Tornadus, M, shiny|100\/100\n|switch|p2b: Palafin|Palafin, M|100\/100\n|turn|1\n|inactive|Battle timer is ON: inactive players will automatically lose when time's up. (requested by cotesmcgotes)\n|inactive|cotesmcgotes has 120 seconds left.\n|\n|t:|1700240863\n|detailschange|p1b: Palafin|Palafin-Hero, M\n|switch|p1b: Ninetales|Ninetales-Alola, F, shiny|100\/100\n|-weather|Snow|[from] ability: Snow Warning|[of] p1b: Ninetales\n|move|p2a: Tornadus|Tailwind|p2a: Tornadus\n|-sidestart|p2: cotesmcgotes|move: Tailwind\n|move|p2b: Palafin|Flip Turn|p1a: Glimmora\n|-supereffective|p1a: Glimmora\n|-damage|p1a: Glimmora|55\/100\n|-activate|p1a: Glimmora|ability: Toxic Debris\n|-sidestart|p2: cotesmcgotes|move: Toxic Spikes\n|\n|t:|1700240873\n|detailschange|p2b: Palafin|Palafin-Hero, M\n|switch|p2b: Overqwil|Overqwil, M|100\/100|[from] Flip Turn\n|-sideend|p2: cotesmcgotes|move: Toxic Spikes|[of] p2b: Overqwil\n|move|p1a: Glimmora|Stealth Rock|p2b: Overqwil\n|-sidestart|p2: cotesmcgotes|move: Stealth Rock\n|\n|-weather|Snow|[upkeep]\n|upkeep\n|turn|2\n|\n|t:|1700240883\n|move|p2a: Tornadus|Rain Dance|p2a: Tornadus\n|-weather|RainDance\n|move|p2b: Overqwil|Barb Barrage|p1b: Ninetales\n|-supereffective|p1b: Ninetales\n|-damage|p1b: Ninetales|15\/100\n|move|p1b: Ninetales|Aurora Veil||[still]\n|-fail|p1b: Ninetales\n|move|p1a: Glimmora|Spikes|p2b: Overqwil\n|-sidestart|p2: cotesmcgotes|Spikes\n|\n|-weather|RainDance|[upkeep]\n|upkeep\n|turn|3\n|\n|t:|1700240902\n|move|p2b: Overqwil|Barb Barrage|p1b: Ninetales\n|-supereffective|p1b: Ninetales\n|-damage|p1b: Ninetales|0 fnt\n|faint|p1b: Ninetales\n|move|p2a: Tornadus|Bleakwind Storm|p1a: Glimmora\n|-resisted|p1a: Glimmora\n|-damage|p1a: Glimmora|30\/100\n|move|p1a: Glimmora|Spikes|p2a: Tornadus\n|-sidestart|p2: cotesmcgotes|Spikes\n|\n|-weather|RainDance|[upkeep]\n|upkeep\n|\n|t:|1700240913\n|switch|p1b: Rillaboom|Rillaboom, M, shiny|100\/100\n|-fieldstart|move: Grassy Terrain|[from] ability: Grassy Surge|[of] p1b: Rillaboom\n|turn|4\n|\n|t:|1700240922\n|move|p1b: Rillaboom|Fake Out|p2b: Overqwil\n|-damage|p2b: Overqwil|86\/100\n|cant|p2b: Overqwil|flinch\n|move|p2a: Tornadus|Bleakwind Storm|p1a: Glimmora|[spread] p1a,p1b\n|-resisted|p1a: Glimmora\n|-supereffective|p1b: Rillaboom\n|-damage|p1a: Glimmora|11\/100\n|-damage|p1b: Rillaboom|44\/100\n|-unboost|p1a: Glimmora|spe|1\n|move|p1a: Glimmora|Spikes|p2b: Overqwil\n|-sidestart|p2: cotesmcgotes|Spikes\n|\n|-weather|RainDance|[upkeep]\n|-heal|p2b: Overqwil|92\/100|[from] Grassy Terrain\n|-heal|p2b: Overqwil|98\/100|[from] item: Black Sludge\n|-heal|p1b: Rillaboom|50\/100|[from] Grassy Terrain\n|-heal|p1a: Glimmora|17\/100|[from] Grassy Terrain\n|-sideend|p2: cotesmcgotes|move: Tailwind\n|upkeep\n|turn|5\n|inactive|cotesmcgotes has 120 seconds left.\n|\n|t:|1700240954\n|move|p2b: Overqwil|Barb Barrage|p1b: Rillaboom\n|-supereffective|p1b: Rillaboom\n|-damage|p1b: Rillaboom|0 fnt\n|faint|p1b: Rillaboom\n|move|p2a: Tornadus|Bleakwind Storm|p1a: Glimmora\n|-resisted|p1a: Glimmora\n|-damage|p1a: Glimmora|0 fnt\n|faint|p1a: Glimmora\n|\n|-weather|RainDance|[upkeep]\n|-heal|p2b: Overqwil|100\/100|[from] Grassy Terrain\n|upkeep\n|\n|t:|1700240965\n|switch|p1a: Sinistcha|Sinistcha-Masterpiece|100\/100\n|switch|p1b: Volcarona|Volcarona, M|100\/100\n|turn|6\n|\n|t:|1700240979\n|move|p1a: Sinistcha|Protect|p1a: Sinistcha\n|-singleturn|p1a: Sinistcha|Protect\n|move|p2b: Overqwil|Crunch|p1a: Sinistcha\n|-activate|p1a: Sinistcha|move: Protect\n|move|p1b: Volcarona|Quiver Dance|p1b: Volcarona\n|-boost|p1b: Volcarona|spa|1\n|-boost|p1b: Volcarona|spd|1\n|-boost|p1b: Volcarona|spe|1\n|move|p2a: Tornadus|Bleakwind Storm|p1a: Sinistcha|[spread] p1b\n|-activate|p1a: Sinistcha|move: Protect\n|-supereffective|p1b: Volcarona\n|-damage|p1b: Volcarona|54\/100\n|-unboost|p1b: Volcarona|spe|1\n|\n|-weather|RainDance|[upkeep]\n|-heal|p1b: Volcarona|60\/100|[from] Grassy Terrain\n|upkeep\n|turn|7\n|\n|t:|1700241006\n|move|p2a: Tornadus|Tailwind|p2a: Tornadus\n|-sidestart|p2: cotesmcgotes|move: Tailwind\n|move|p2b: Overqwil|Crunch|p1a: Sinistcha\n|-supereffective|p1a: Sinistcha\n|-damage|p1a: Sinistcha|24\/100\n|-unboost|p1a: Sinistcha|def|1\n|move|p1b: Volcarona|Bug Buzz|p2b: Overqwil\n|-damage|p2b: Overqwil|0 fnt\n|faint|p2b: Overqwil\n|move|p1a: Sinistcha|Matcha Gotcha|p2a: Tornadus|[miss]\n|-miss|p1a: Sinistcha|p2a: Tornadus\n|\n|-weather|RainDance|[upkeep]\n|-heal|p1b: Volcarona|66\/100|[from] Grassy Terrain\n|-heal|p1a: Sinistcha|30\/100|[from] Grassy Terrain\n|upkeep\n|\n|t:|1700241020\n|switch|p2b: Palafin|Palafin-Hero, M|100\/100\n|-damage|p2b: Palafin|88\/100|[from] Stealth Rock\n|-damage|p2b: Palafin|63\/100|[from] Spikes\n|-activate|p2b: Palafin|ability: Zero to Hero\n|turn|8\n|\n|t:|1700241032\n|-terastallize|p1b: Volcarona|Grass\n|move|p2b: Palafin|Jet Punch|p1b: Volcarona\n|-resisted|p1b: Volcarona\n|-crit|p1b: Volcarona\n|-damage|p1b: Volcarona|0 fnt\n|faint|p1b: Volcarona\n|move|p2a: Tornadus|Bleakwind Storm|p1a: Sinistcha\n|-supereffective|p1a: Sinistcha\n|-damage|p1a: Sinistcha|0 fnt\n|faint|p1a: Sinistcha\n|\n|-weather|RainDance|[upkeep]\n|-heal|p2b: Palafin|69\/100|[from] Grassy Terrain\n|-fieldend|move: Grassy Terrain\n|upkeep\n|\n|t:|1700241047\n|switch|p1b: Palafin|Palafin-Hero, M|100\/100\n|-activate|p1b: Palafin|ability: Zero to Hero\n|turn|9\n|\n|t:|1700241054\n|move|p2b: Palafin|Jet Punch|p1b: Palafin\n|-resisted|p1b: Palafin\n|-damage|p1b: Palafin|75\/100\n|move|p2a: Tornadus|Bleakwind Storm|p1b: Palafin\n|-damage|p1b: Palafin|24\/100\n|move|p1b: Palafin|Drain Punch|p2b: Palafin\n|-damage|p2b: Palafin|35\/100\n|-heal|p1b: Palafin|41\/100|[from] drain|[of] p2b: Palafin\n|\n|-weather|none\n|upkeep\n|turn|10\n|\n|t:|1700241071\n|move|p2b: Palafin|Jet Punch|p1b: Palafin\n|-resisted|p1b: Palafin\n|-damage|p1b: Palafin|24\/100\n|move|p2a: Tornadus|Rain Dance|p2a: Tornadus\n|-weather|RainDance\n|move|p1b: Palafin|Jet Punch|p2b: Palafin\n|-resisted|p2b: Palafin\n|-damage|p2b: Palafin|4\/100\n|\n|-weather|RainDance|[upkeep]\n|-sideend|p2: cotesmcgotes|move: Tailwind\n|upkeep\n|turn|11\n|\n|t:|1700241083\n|move|p1b: Palafin|Jet Punch|p2b: Palafin\n|-resisted|p2b: Palafin\n|-damage|p2b: Palafin|0 fnt\n|faint|p2b: Palafin\n|move|p2a: Tornadus|Tailwind|p2a: Tornadus\n|-sidestart|p2: cotesmcgotes|move: Tailwind\n|\n|-weather|RainDance|[upkeep]\n|upkeep\n|\n|t:|1700241113\n|switch|p2b: Amoonguss|Amoonguss, F, shiny|100\/100\n|-damage|p2b: Amoonguss|88\/100|[from] Stealth Rock\n|-damage|p2b: Amoonguss|63\/100|[from] Spikes\n|turn|12\n|\n|t:|1700241120\n|move|p2a: Tornadus|Bleakwind Storm|p1b: Palafin\n|-damage|p1b: Palafin|0 fnt\n|faint|p1b: Palafin\n|\n|win|cotesmcgotes\n|raw|MyEyelashFlewOff's rating: 1271 &rarr; <strong>1251<\/strong><br \/>(-20 for losing)\n|raw|cotesmcgotes's rating: 1339 &rarr; <strong>1355<\/strong><br \/>(+16 for winning)\n|l|\u2606MyEyelashFlewOff\n","uploadtime":1700241140,"views":14,"p1id":"myeyelashflewoff","p2id":"cotesmcgotes","formatid":"gen9doublesou","rating":1251,"private":0,"password":""}