{"id":"gen9doublesou-1967904039","p1":"mdkoka","p2":"Sol24","format":"[Gen 9] Doubles OU","log":"|html|<div class=\"broadcast-blue\"><strong>[Gen 9] Doubles OU is currently suspecting Basculegion & Flutter Mane! For information on how to participate check out the <a href=\"https:\/\/www.smogon.com\/forums\/threads\/np-sv-dou-stage-8-double-trouble.3729153\/\">suspect thread<\/a>.<\/strong><\/div>\n|j|\u2606mdkoka\n|j|\u2606Sol24\n|t:|1697355799\n|gametype|doubles\n|player|p1|mdkoka|crasherwake|1085\n|player|p2|Sol24|170|1158\n|teamsize|p1|6\n|teamsize|p2|6\n|gen|9\n|tier|[Gen 9] Doubles OU\n|rated|\n|rule|Species Clause: Limit one of each Pok\u00e9mon\n|rule|OHKO Clause: OHKO moves are banned\n|rule|Evasion Moves Clause: Evasion moves are banned\n|rule|Gravity Sleep Clause: The combination of sleep-inducing moves with imperfect accuracy and Gravity or Gigantamax Orbeetle are banned\n|rule|Endless Battle Clause: Forcing endless battles is banned\n|rule|HP Percentage Mod: HP is shown in percentages\n|clearpoke\n|poke|p1|Ninetales-Alola, F|\n|poke|p1|Manaphy|\n|poke|p1|Pelipper, M|\n|poke|p1|Palafin, F|\n|poke|p1|Amoonguss, M|\n|poke|p1|Ogerpon-Hearthflame, F|\n|poke|p2|Coalossal, M|\n|poke|p2|Pelipper, M|\n|poke|p2|Palafin, F|\n|poke|p2|Torkoal, M|\n|poke|p2|Dachsbun, F|\n|poke|p2|Ursaluna-Bloodmoon, M|\n|teampreview\n|\n|t:|1697355830\n|start\n|switch|p1a: Ninetales|Ninetales-Alola, F|100\/100\n|switch|p1b: Amoonguss|Amoonguss, M|100\/100\n|switch|p2a: Palafin|Palafin, F|100\/100\n|switch|p2b: Coalossal|Coalossal, M|100\/100\n|-weather|Snow|[from] ability: Snow Warning|[of] p1a: Ninetales\n|turn|1\n|\n|t:|1697355863\n|-terastallize|p2b: Coalossal|Water\n|move|p1a: Ninetales|Aurora Veil|p1a: Ninetales\n|-sidestart|p1: mdkoka|move: Aurora Veil\n|move|p2a: Palafin|Flip Turn|p2b: Coalossal\n|-resisted|p2b: Coalossal\n|-damage|p2b: Coalossal|91\/100\n|-ability|p2b: Coalossal|Steam Engine|boost\n|-boost|p2b: Coalossal|spe|6\n|-enditem|p2b: Coalossal|Absorb Bulb\n|-boost|p2b: Coalossal|spa|1|[from] item: Absorb Bulb\n|-damage|p2a: Palafin|91\/100|[from] item: Life Orb\n|\n|t:|1697355872\n|detailschange|p2a: Palafin|Palafin-Hero, F\n|switch|p2a: Torkoal|Torkoal, M|100\/100|[from] Flip Turn\n|-weather|SunnyDay|[from] ability: Drought|[of] p2a: Torkoal\n|move|p2b: Coalossal|Heat Wave|p1b: Amoonguss|[spread] p1a\n|-miss|p2b: Coalossal|p1b: Amoonguss\n|-supereffective|p1a: Ninetales\n|-damage|p1a: Ninetales|0 fnt\n|faint|p1a: Ninetales\n|move|p1b: Amoonguss|Toxic|p2a: Torkoal\n|-status|p2a: Torkoal|tox\n|\n|-weather|SunnyDay|[upkeep]\n|-damage|p2a: Torkoal|94\/100 tox|[from] psn\n|upkeep\n|\n|t:|1697355887\n|switch|p1a: Manaphy|Manaphy|100\/100\n|turn|2\n|\n|t:|1697355908\n|move|p2b: Coalossal|Heat Wave|p1b: Amoonguss|[spread] p1a,p1b\n|-resisted|p1a: Manaphy\n|-supereffective|p1b: Amoonguss\n|-damage|p1a: Manaphy|83\/100\n|-damage|p1b: Amoonguss|47\/100\n|move|p1a: Manaphy|Tail Glow|p1a: Manaphy\n|-boost|p1a: Manaphy|spa|3\n|move|p1b: Amoonguss|Spore|p2b: Coalossal\n|-status|p2b: Coalossal|slp|[from] move: Spore\n|move|p2a: Torkoal|Lava Plume|p1b: Amoonguss|[spread] p2b,p1a,p1b\n|-resisted|p2b: Coalossal\n|-resisted|p1a: Manaphy\n|-supereffective|p1b: Amoonguss\n|-crit|p1b: Amoonguss\n|-damage|p2b: Coalossal|80\/100 slp\n|-damage|p1a: Manaphy|75\/100\n|-damage|p1b: Amoonguss|0 fnt\n|-status|p1a: Manaphy|brn\n|faint|p1b: Amoonguss\n|\n|-weather|SunnyDay|[upkeep]\n|-heal|p1a: Manaphy|82\/100 brn|[from] item: Leftovers\n|-damage|p2a: Torkoal|82\/100 tox|[from] psn\n|-damage|p1a: Manaphy|75\/100 brn|[from] brn\n|upkeep\n|\n|t:|1697355931\n|switch|p1b: Palafin|Palafin, F|100\/100\n|turn|3\n|\n|t:|1697355959\n|detailschange|p1b: Palafin|Palafin-Hero, F\n|switch|p1b: Pelipper|Pelipper, M|100\/100\n|-weather|RainDance|[from] ability: Drizzle|[of] p1b: Pelipper\n|cant|p2b: Coalossal|slp\n|move|p1a: Manaphy|Tail Glow|p1a: Manaphy\n|-boost|p1a: Manaphy|spa|3\n|move|p2a: Torkoal|Body Press|p1a: Manaphy\n|-damage|p1a: Manaphy|61\/100 brn\n|\n|-weather|RainDance|[upkeep]\n|-activate|p1a: Manaphy|ability: Hydration\n|-curestatus|p1a: Manaphy|brn|[msg]\n|-heal|p1a: Manaphy|67\/100|[from] item: Leftovers\n|-damage|p2a: Torkoal|64\/100 tox|[from] psn\n|upkeep\n|turn|4\n|\n|t:|1697355995\n|switch|p2a: Pelipper|Pelipper, M|100\/100\n|cant|p2b: Coalossal|slp\n|move|p1a: Manaphy|Surf|p2b: Coalossal|[spread] p1b,p2a,p2b\n|-resisted|p1b: Pelipper\n|-resisted|p2a: Pelipper\n|-resisted|p2b: Coalossal\n|-damage|p1b: Pelipper|13\/100\n|-damage|p2a: Pelipper|0 fnt\n|-damage|p2b: Coalossal|0 fnt\n|faint|p2a: Pelipper\n|faint|p2b: Coalossal\n|move|p1b: Pelipper|Hurricane|p2: Pelipper|[notarget]\n|-fail|p1b: Pelipper\n|\n|-weather|RainDance|[upkeep]\n|-heal|p1a: Manaphy|73\/100|[from] item: Leftovers\n|upkeep\n|\n|t:|1697356012\n|switch|p2a: Palafin|Palafin-Hero, F|91\/100\n|switch|p2b: Dachsbun|Dachsbun, F|100\/100\n|-activate|p2a: Palafin|ability: Zero to Hero\n|turn|5\n|\n|t:|1697356036\n|switch|p1b: Palafin|Palafin-Hero, F|100\/100\n|-activate|p1b: Palafin|ability: Zero to Hero\n|move|p2a: Palafin|Iron Head|p1a: Manaphy\n|-resisted|p1a: Manaphy\n|-damage|p1a: Manaphy|62\/100\n|-damage|p2a: Palafin|81\/100|[from] item: Life Orb\n|move|p1a: Manaphy|Surf|p2a: Palafin|[spread] p1b,p2a,p2b\n|-resisted|p1b: Palafin\n|-resisted|p2a: Palafin\n|-damage|p1b: Palafin|54\/100\n|-damage|p2a: Palafin|0 fnt\n|-damage|p2b: Dachsbun|0 fnt\n|faint|p2a: Palafin\n|faint|p2b: Dachsbun\n|\n|-weather|RainDance|[upkeep]\n|-heal|p1a: Manaphy|68\/100|[from] item: Leftovers\n|-sideend|p1: mdkoka|move: Aurora Veil\n|upkeep\n|\n|t:|1697356055\n|switch|p2a: Torkoal|Torkoal, M|64\/100 tox\n|switch|p2b: Ursaluna|Ursaluna-Bloodmoon, M|100\/100\n|-weather|SunnyDay|[from] ability: Drought|[of] p2a: Torkoal\n|turn|6\n|\n|t:|1697356071\n|switch|p1b: Pelipper|Pelipper, M|13\/100\n|-weather|RainDance|[from] ability: Drizzle|[of] p1b: Pelipper\n|move|p1a: Manaphy|Surf|p2b: Ursaluna|[spread] p1b,p2a,p2b\n|-resisted|p1b: Pelipper\n|-supereffective|p2a: Torkoal\n|-supereffective|p2b: Ursaluna\n|-damage|p1b: Pelipper|0 fnt\n|-damage|p2a: Torkoal|0 fnt\n|-damage|p2b: Ursaluna|0 fnt\n|faint|p1b: Pelipper\n|faint|p2a: Torkoal\n|faint|p2b: Ursaluna\n|\n|win|mdkoka\n|raw|mdkoka's rating: 1085 &rarr; <strong>1118<\/strong><br \/>(+33 for winning)\n|raw|Sol24's rating: 1158 &rarr; <strong>1128<\/strong><br \/>(-30 for losing)\n|l|\u2606Sol24\n","uploadtime":1697356188,"views":25,"p1id":"mdkoka","p2id":"sol24","formatid":"gen9doublesou","rating":1118,"private":0,"password":""}