{"id":"gen9doublesou-1980930982","p1":"megadragon9999op","p2":"YaboiGuzzler","format":"[Gen 9] Doubles OU","log":"|j|\u2606megadragon9999op\n|j|\u2606YaboiGuzzler\n|t:|1698849981\n|gametype|doubles\n|player|p1|megadragon9999op|102|1111\n|player|p2|YaboiGuzzler|burgh|1135\n|teamsize|p1|6\n|teamsize|p2|6\n|gen|9\n|tier|[Gen 9] Doubles OU\n|rated|\n|rule|Species Clause: Limit one of each Pok\u00e9mon\n|rule|OHKO Clause: OHKO moves are banned\n|rule|Evasion Moves Clause: Evasion moves are banned\n|rule|Gravity Sleep Clause: The combination of sleep-inducing moves with imperfect accuracy and Gravity or Gigantamax Orbeetle are banned\n|rule|Endless Battle Clause: Forcing endless battles is banned\n|rule|HP Percentage Mod: HP is shown in percentages\n|clearpoke\n|poke|p1|Blissey, F|\n|poke|p1|Kingambit, M|\n|poke|p1|Roaring Moon|\n|poke|p1|Ninetales, M|\n|poke|p1|Iron Valiant|\n|poke|p1|Great Tusk|\n|poke|p2|Ursaluna-Bloodmoon, M|\n|poke|p2|Enamorus-Therian, F|\n|poke|p2|Hariyama, F|\n|poke|p2|Kingambit, M|\n|poke|p2|Slowbro, F|\n|poke|p2|Farigiraf, F|\n|teampreview\n|inactive|Battle timer is ON: inactive players will automatically lose when time's up. (requested by YaboiGuzzler)\n|\n|t:|1698849995\n|start\n|switch|p1a: Ninetales|Ninetales, M|100\/100\n|switch|p1b: Great Tusk|Great Tusk|100\/100\n|switch|p2a: Farigiraf|Farigiraf, F|100\/100\n|switch|p2b: Hariyama|Hariyama, F|100\/100\n|-weather|SunnyDay|[from] ability: Drought|[of] p1a: Ninetales\n|-activate|p1b: Great Tusk|ability: Protosynthesis\n|-start|p1b: Great Tusk|protosynthesisatk\n|turn|1\n|\n|t:|1698850014\n|move|p2b: Hariyama|Fake Out|p1b: Great Tusk\n|-damage|p1b: Great Tusk|92\/100\n|move|p1a: Ninetales|Substitute|p1a: Ninetales\n|-start|p1a: Ninetales|Substitute\n|-damage|p1a: Ninetales|76\/100\n|cant|p1b: Great Tusk|flinch\n|move|p2a: Farigiraf|Trick Room|p2a: Farigiraf\n|-fieldstart|move: Trick Room|[of] p2a: Farigiraf\n|\n|-weather|SunnyDay|[upkeep]\n|-heal|p1a: Ninetales|82\/100|[from] item: Leftovers\n|-status|p2b: Hariyama|brn|[from] item: Flame Orb\n|upkeep\n|turn|2\n|\n|t:|1698850037\n|move|p2b: Hariyama|Headlong Rush|p1a: Ninetales\n|-supereffective|p1a: Ninetales\n|-end|p1a: Ninetales|Substitute\n|-unboost|p2b: Hariyama|def|1\n|-unboost|p2b: Hariyama|spd|1\n|move|p2a: Farigiraf|Psychic|p1b: Great Tusk\n|-supereffective|p1b: Great Tusk\n|-crit|p1b: Great Tusk\n|-damage|p1b: Great Tusk|0 fnt\n|faint|p1b: Great Tusk\n|-end|p1b: Great Tusk|Protosynthesis|[silent]\n|move|p1a: Ninetales|Calm Mind|p1a: Ninetales\n|-boost|p1a: Ninetales|spa|1\n|-boost|p1a: Ninetales|spd|1\n|\n|-weather|SunnyDay|[upkeep]\n|-heal|p1a: Ninetales|88\/100|[from] item: Leftovers\n|-damage|p2b: Hariyama|94\/100 brn|[from] brn\n|upkeep\n|\n|t:|1698850050\n|switch|p1b: Iron Valiant|Iron Valiant|100\/100\n|-enditem|p1b: Iron Valiant|Booster Energy\n|-activate|p1b: Iron Valiant|ability: Quark Drive|[fromitem]\n|-start|p1b: Iron Valiant|quarkdrivespe\n|turn|3\n|\n|t:|1698850060\n|move|p2b: Hariyama|Headlong Rush|p1a: Ninetales\n|-supereffective|p1a: Ninetales\n|-damage|p1a: Ninetales|0 fnt\n|-unboost|p2b: Hariyama|def|1\n|-unboost|p2b: Hariyama|spd|1\n|faint|p1a: Ninetales\n|move|p2a: Farigiraf|Psychic|p1b: Iron Valiant\n|-supereffective|p1b: Iron Valiant\n|-crit|p1b: Iron Valiant\n|-damage|p1b: Iron Valiant|0 fnt\n|faint|p1b: Iron Valiant\n|-end|p1b: Iron Valiant|Quark Drive|[silent]\n|\n|-weather|SunnyDay|[upkeep]\n|-damage|p2b: Hariyama|88\/100 brn|[from] brn\n|upkeep\n|\n|t:|1698850072\n|switch|p1a: Roaring Moon|Roaring Moon|100\/100\n|switch|p1b: Blissey|Blissey, F|100\/100\n|-activate|p1a: Roaring Moon|ability: Protosynthesis\n|-start|p1a: Roaring Moon|protosynthesisatk\n|turn|4\n|\n|t:|1698850083\n|move|p2b: Hariyama|Close Combat|p1b: Blissey\n|-supereffective|p1b: Blissey\n|-damage|p1b: Blissey|0 fnt\n|-unboost|p2b: Hariyama|def|1\n|-unboost|p2b: Hariyama|spd|1\n|faint|p1b: Blissey\n|move|p2a: Farigiraf|Dazzling Gleam|p1a: Roaring Moon\n|-supereffective|p1a: Roaring Moon\n|-damage|p1a: Roaring Moon|0 fnt\n|faint|p1a: Roaring Moon\n|-end|p1a: Roaring Moon|Protosynthesis|[silent]\n|\n|-weather|SunnyDay|[upkeep]\n|-damage|p2b: Hariyama|82\/100 brn|[from] brn\n|upkeep\n|\n|t:|1698850092\n|switch|p1a: Kingambit|Kingambit, M|100\/100\n|-activate|p1a: Kingambit|ability: Supreme Overlord\n|-start|p1a: Kingambit|fallen5|[silent]\n|turn|5\n|-activate|p1a: Kingambit|item: Quick Claw\n|\n|t:|1698850102\n|move|p1a: Kingambit|Night Slash|p2a: Farigiraf\n|-supereffective|p2a: Farigiraf\n|-damage|p2a: Farigiraf|0 fnt\n|faint|p2a: Farigiraf\n|move|p2b: Hariyama|Close Combat|p1a: Kingambit\n|-supereffective|p1a: Kingambit\n|-damage|p1a: Kingambit|0 fnt\n|-unboost|p2b: Hariyama|def|1\n|-unboost|p2b: Hariyama|spd|1\n|faint|p1a: Kingambit\n|-end|p1a: Kingambit|fallen5|[silent]\n|\n|win|YaboiGuzzler\n|raw|megadragon9999op's rating: 1111 &rarr; <strong>1088<\/strong><br \/>(-23 for losing)\n|raw|YaboiGuzzler's rating: 1135 &rarr; <strong>1158<\/strong><br \/>(+23 for winning)\n|c|\u2606megadragon9999op|gg\n|l|\u2606megadragon9999op\n","uploadtime":1698850118,"views":26,"p1id":"megadragon9999op","p2id":"yaboiguzzler","formatid":"gen9doublesou","rating":1088,"private":0,"password":""}