{"id":"gen9doublesou-1987816791","p1":"Arcticblast","p2":"MADARAAAA","format":"[Gen 9] Doubles OU","log":"|j|\u2606Arcticblast\n|j|\u2606MADARAAAA\n|t:|1699639533\n|gametype|doubles\n|player|p1|Arcticblast|will|\n|player|p2|MADARAAAA|#dpl8ducks|\n|teamsize|p1|6\n|teamsize|p2|6\n|gen|9\n|tier|[Gen 9] Doubles OU\n|rule|Species Clause: Limit one of each Pok\u00e9mon\n|rule|OHKO Clause: OHKO moves are banned\n|rule|Evasion Moves Clause: Evasion moves are banned\n|rule|Gravity Sleep Clause: The combination of sleep-inducing moves with imperfect accuracy and Gravity or Gigantamax Orbeetle are banned\n|rule|Endless Battle Clause: Forcing endless battles is banned\n|rule|HP Percentage Mod: HP is shown in percentages\n|clearpoke\n|poke|p1|Ogerpon-Wellspring, F|\n|poke|p1|Arcanine-Hisui, F|\n|poke|p1|Gholdengo|\n|poke|p1|Iron Hands|\n|poke|p1|Amoonguss, F|\n|poke|p1|Tornadus, M|\n|poke|p2|Chien-Pao|\n|poke|p2|Ogerpon-Wellspring, F|\n|poke|p2|Flutter Mane|\n|poke|p2|Heatran, F|\n|poke|p2|Dragonite, M|\n|poke|p2|Glimmora, F|\n|teampreview\n|c|\u2606Arcticblast|\/log Arcticblast made this room public.\n|c|\u2606MADARAAAA|gl\n|j| F3rrari450\n|c|\u2606Arcticblast|you too!\n|j| AIRedzone\n|j| ratpacker\n|j| Amaranth\n|j| Iceberg77\n|c| ratpacker|Go both\n|j|+Actuarily\n|j| umbry \u273f\n|\n|t:|1699639613\n|start\n|switch|p1a: Iron Hands|Iron Hands|100\/100\n|switch|p1b: Amoonguss|Amoonguss, F|100\/100\n|switch|p2a: Ogerpon|Ogerpon-Wellspring, F|100\/100\n|switch|p2b: Glimmora|Glimmora, F, shiny|100\/100\n|turn|1\n|j| QQuemQuem\n|j| ina fable\n|j| theyummybagel\n|l| ina fable\n|j| Shiritu\n|j|+Frixel\n|l| Shiritu\n|\n|t:|1699639649\n|-end|p1a: Iron Hands|Quark Drive|[silent]\n|switch|p1a: Gholdengo|Gholdengo|100\/100\n|move|p2b: Glimmora|Stealth Rock|p1b: Amoonguss\n|-sidestart|p1: Arcticblast|move: Stealth Rock\n|move|p2a: Ogerpon|Taunt|p1b: Amoonguss\n|-start|p1b: Amoonguss|move: Taunt\n|cant|p1b: Amoonguss|move: Taunt|Spore\n|\n|upkeep\n|turn|2\n|l|+Actuarily\n|j|+Actuarily\n|\n|t:|1699639703\n|move|p1a: Gholdengo|Make It Rain|p2b: Glimmora|[spread] p2a,p2b\n|-resisted|p2a: Ogerpon\n|-supereffective|p2b: Glimmora\n|-crit|p2b: Glimmora\n|-damage|p2a: Ogerpon|69\/100\n|-enditem|p2b: Glimmora|Focus Sash\n|-damage|p2b: Glimmora|1\/100\n|-unboost|p1a: Gholdengo|spa|1\n|move|p2b: Glimmora|Earth Power|p1a: Gholdengo\n|-supereffective|p1a: Gholdengo\n|-damage|p1a: Gholdengo|24\/100\n|move|p2a: Ogerpon|Ivy Cudgel|p1a: Gholdengo\n|-damage|p1a: Gholdengo|0 fnt\n|faint|p1a: Gholdengo\n|move|p1b: Amoonguss|Pollen Puff|p2a: Ogerpon\n|-supereffective|p2a: Ogerpon\n|-damage|p2a: Ogerpon|33\/100\n|\n|upkeep\n|j| Grandmas Cookin\n|\n|t:|1699639723\n|switch|p1a: Tornadus|Tornadus, M|100\/100\n|-damage|p1a: Tornadus|76\/100|[from] Stealth Rock\n|turn|3\n|j| click_hax_win\n|j| Ciro Napoli\n|l| click_hax_win\n|\n|t:|1699639780\n|switch|p2a: Heatran|Heatran, F|100\/100\n|switch|p1b: Iron Hands|Iron Hands|100\/100\n|-damage|p1b: Iron Hands|94\/100|[from] Stealth Rock\n|move|p1a: Tornadus|Tailwind|p1a: Tornadus\n|-sidestart|p1: Arcticblast|move: Tailwind\n|move|p2b: Glimmora|Sludge Bomb|p1a: Tornadus\n|-damage|p1a: Tornadus|2\/100\n|\n|upkeep\n|turn|4\n|j| eragon11145\n|j| Rapid Spin Vettel\n|l| Rapid Spin Vettel\n|l|+Frixel\n|\n|t:|1699639888\n|switch|p2a: Dragonite|Dragonite, M, shiny|100\/100\n|move|p1a: Tornadus|Bleakwind Storm|p2a: Dragonite|[spread] p2a\n|-miss|p1a: Tornadus|p2b: Glimmora\n|-damage|p2a: Dragonite|60\/100\n|move|p1b: Iron Hands|Drain Punch|p2a: Dragonite\n|-resisted|p2a: Dragonite\n|-damage|p2a: Dragonite|41\/100\n|-heal|p1b: Iron Hands|100\/100|[from] drain|[of] p2a: Dragonite\n|move|p2b: Glimmora|Earth Power|p1b: Iron Hands\n|-supereffective|p1b: Iron Hands\n|-damage|p1b: Iron Hands|67\/100\n|-unboost|p1b: Iron Hands|spd|1\n|\n|upkeep\n|turn|5\n|j| click_hax_win\n|\n|t:|1699639919\n|-terastallize|p1a: Tornadus|Ghost\n|move|p2a: Dragonite|Extreme Speed|p1a: Tornadus\n|-immune|p1a: Tornadus\n|move|p1a: Tornadus|Bleakwind Storm|p2a: Dragonite|[spread] p2a,p2b\n|-resisted|p2b: Glimmora\n|-damage|p2a: Dragonite|0 fnt\n|-damage|p2b: Glimmora|0 fnt\n|faint|p2a: Dragonite\n|faint|p2b: Glimmora\n|move|p1b: Iron Hands|Drain Punch|p2: Dragonite|[notarget]\n|-fail|p1b: Iron Hands\n|\n|upkeep\n|\n|t:|1699639933\n|switch|p2b: Chien-Pao|Chien-Pao|100\/100\n|switch|p2a: Flutter Mane|Flutter Mane, shiny|100\/100\n|-ability|p2b: Chien-Pao|Sword of Ruin\n|-enditem|p2a: Flutter Mane|Booster Energy\n|-activate|p2a: Flutter Mane|ability: Protosynthesis|[fromitem]\n|-start|p2a: Flutter Mane|protosynthesisspe\n|turn|6\n|\n|t:|1699639993\n|-terastallize|p2a: Flutter Mane|Fairy\n|move|p1a: Tornadus|Protect|p1a: Tornadus\n|-singleturn|p1a: Tornadus|Protect\n|move|p2a: Flutter Mane|Moonblast|p1b: Iron Hands\n|-supereffective|p1b: Iron Hands\n|-damage|p1b: Iron Hands|0 fnt\n|faint|p1b: Iron Hands\n|-end|p1b: Iron Hands|Quark Drive|[silent]\n|move|p2b: Chien-Pao|Ice Spinner|p1a: Tornadus\n|-activate|p1a: Tornadus|move: Protect\n|\n|-sideend|p1: Arcticblast|move: Tailwind\n|upkeep\n|\n|t:|1699640005\n|switch|p1b: Ogerpon|Ogerpon-Wellspring, F|100\/100\n|-damage|p1b: Ogerpon|88\/100|[from] Stealth Rock\n|turn|7\n|l| F3rrari450\n|j| RelicanthPrimal<><\n|j| F3rrari450\n|\n|t:|1699640091\n|move|p2a: Flutter Mane|Protect|p2a: Flutter Mane\n|-singleturn|p2a: Flutter Mane|Protect\n|move|p1a: Tornadus|Tailwind|p1a: Tornadus\n|-sidestart|p1: Arcticblast|move: Tailwind\n|move|p1b: Ogerpon|Horn Leech|p2a: Flutter Mane\n|-activate|p2a: Flutter Mane|move: Protect\n|move|p2b: Chien-Pao|Ice Spinner|p1b: Ogerpon\n|-damage|p1b: Ogerpon|21\/100\n|-damage|p2b: Chien-Pao|91\/100|[from] item: Life Orb\n|\n|upkeep\n|turn|8\n|j| qsns\n|j|+daawesomedude1 (\n|\n|t:|1699640252\n|move|p1a: Tornadus|Rain Dance|p1a: Tornadus\n|-weather|RainDance\n|move|p2b: Chien-Pao|Sucker Punch|p1b: Ogerpon\n|-damage|p1b: Ogerpon|0 fnt\n|faint|p1b: Ogerpon\n|-damage|p2b: Chien-Pao|81\/100|[from] item: Life Orb\n|move|p2a: Flutter Mane|Moonblast|p1a: Tornadus\n|-damage|p1a: Tornadus|0 fnt\n|faint|p1a: Tornadus\n|\n|-weather|RainDance|[upkeep]\n|upkeep\n|\n|t:|1699640262\n|switch|p1a: Arcanine|Arcanine-Hisui, F|100\/100\n|switch|p1b: Amoonguss|Amoonguss, F|100\/100\n|-damage|p1a: Arcanine|75\/100|[from] Stealth Rock\n|-ability|p1a: Arcanine|Intimidate|boost\n|-unboost|p2a: Flutter Mane|atk|1\n|-unboost|p2b: Chien-Pao|atk|1\n|-damage|p1b: Amoonguss|88\/100|[from] Stealth Rock\n|turn|9\n|j|+Frixel\n|j| LoSconosciuto\n|l| Ciro Napoli\n|\n|t:|1699640283\n|switch|p2b: Ogerpon|Ogerpon-Wellspring, F|33\/100\n|move|p2a: Flutter Mane|Protect|p2a: Flutter Mane\n|-singleturn|p2a: Flutter Mane|Protect\n|move|p1a: Arcanine|Rock Slide|p2a: Flutter Mane|[spread] \n|-activate|p2a: Flutter Mane|move: Protect\n|-miss|p1a: Arcanine|p2b: Ogerpon\n|move|p1b: Amoonguss|Pollen Puff|p1a: Arcanine\n|-heal|p1a: Arcanine|100\/100\n|\n|-weather|RainDance|[upkeep]\n|upkeep\n|turn|10\n|l| QQuemQuem\n|j| Ciro Napoli\n|\n|t:|1699640304\n|switch|p2b: Heatran|Heatran, F|100\/100\n|move|p2a: Flutter Mane|Icy Wind|p1a: Arcanine|[spread] p1a,p1b\n|-resisted|p1a: Arcanine\n|-supereffective|p1b: Amoonguss\n|-damage|p1a: Arcanine|92\/100\n|-damage|p1b: Amoonguss|60\/100\n|-unboost|p1a: Arcanine|spe|1\n|-unboost|p1b: Amoonguss|spe|1\n|move|p1a: Arcanine|Rock Slide|p2b: Heatran|[spread] p2a,p2b\n|-damage|p2a: Flutter Mane|6\/100\n|-damage|p2b: Heatran|62\/100\n|move|p1b: Amoonguss|Spore|p2a: Flutter Mane\n|-status|p2a: Flutter Mane|slp|[from] move: Spore\n|\n|-weather|RainDance|[upkeep]\n|-sideend|p1: Arcticblast|move: Tailwind\n|upkeep\n|turn|11\n|l| click_hax_win\n|\n|t:|1699640332\n|move|p2b: Heatran|Protect|p2b: Heatran\n|-singleturn|p2b: Heatran|Protect\n|move|p1b: Amoonguss|Rage Powder|p1b: Amoonguss\n|-singleturn|p1b: Amoonguss|move: Rage Powder\n|cant|p2a: Flutter Mane|slp\n|move|p1a: Arcanine|Rock Slide|p2b: Heatran|[spread] p2a\n|-activate|p2b: Heatran|move: Protect\n|-damage|p2a: Flutter Mane|0 fnt\n|faint|p2a: Flutter Mane\n|-end|p2a: Flutter Mane|Protosynthesis|[silent]\n|\n|-weather|RainDance|[upkeep]\n|upkeep\n|l| LoSconosciuto\n|j| SingleThunder\n|\n|t:|1699640352\n|switch|p2a: Ogerpon|Ogerpon-Wellspring, F|33\/100\n|turn|12\n|j| QQuemQuem\n|j| LoSconosciuto\n|l| LoSconosciuto\n|\n|t:|1699640381\n|move|p2a: Ogerpon|Ivy Cudgel|p1a: Arcanine\n|-supereffective|p1a: Arcanine\n|-damage|p1a: Arcanine|0 fnt\n|faint|p1a: Arcanine\n|move|p2b: Heatran|Heat Wave|p1b: Amoonguss\n|-supereffective|p1b: Amoonguss\n|-damage|p1b: Amoonguss|1\/100\n|-damage|p2b: Heatran|52\/100|[from] item: Life Orb\n|move|p1b: Amoonguss|Pollen Puff|p2a: Ogerpon\n|-supereffective|p2a: Ogerpon\n|-damage|p2a: Ogerpon|0 fnt\n|faint|p2a: Ogerpon\n|\n|-weather|none\n|upkeep\n|c|\u2606Arcticblast|gg\n|c|\u2606MADARAAAA|gg\n|\n|t:|1699640389\n|switch|p2a: Chien-Pao|Chien-Pao|81\/100\n|-ability|p2a: Chien-Pao|Sword of Ruin\n|turn|13\n|l| QQuemQuem\n|l|+daawesomedude1 (\n|\n|t:|1699640395\n|move|p2a: Chien-Pao|Ice Spinner|p1b: Amoonguss\n|-supereffective|p1b: Amoonguss\n|-damage|p1b: Amoonguss|0 fnt\n|-damage|p2a: Chien-Pao|64\/100|[from] item: Rocky Helmet|[of] p1b: Amoonguss\n|faint|p1b: Amoonguss\n|-damage|p2a: Chien-Pao|54\/100|[from] item: Life Orb\n|\n|win|MADARAAAA\n|l| Iceberg77\n|l|\u2606Arcticblast\n|l|+Actuarily\n|l| SingleThunder\n|j| SingleThunder\n|l| ratpacker\n|l|+Frixel\n|l| AIRedzone\n|l| eragon11145\n|j|+zoe\n|l| Grandmas Cookin\n|l| SingleThunder\n|l|+zoe\n|l| umbry \u273f\n|j|+paolode99\n|l|+paolode99\n|j| RDL93\n|l| RDL93\n|j| ratpacker\n|l| ratpacker\n|l| theyummybagel\n|j| pudim31\n|l| pudim31\n|j| KeanuVGC\n|l| KeanuVGC\n","uploadtime":1699640403,"views":164,"p1id":"arcticblast","p2id":"madaraaaa","formatid":"gen9doublesou","rating":0,"private":0,"password":""}