{"id":"gen9doublesou-1993292147","p1":"PokeArt2004\u2764","p2":"Dying Field","format":"[Gen 9] Doubles OU","log":"|j|\u2606PokeArt2004\u2764\n|j|\u2606Dying Field\n|t:|1700291759\n|gametype|doubles\n|player|p1|PokeArt2004\u2764|teamrocket|\n|player|p2|Dying Field|fisherman-gen4|\n|teamsize|p1|6\n|teamsize|p2|6\n|gen|9\n|tier|[Gen 9] Doubles OU\n|rule|Species Clause: Limit one of each Pok\u00e9mon\n|rule|OHKO Clause: OHKO moves are banned\n|rule|Evasion Moves Clause: Evasion moves are banned\n|rule|Gravity Sleep Clause: The combination of sleep-inducing moves with imperfect accuracy and Gravity or Gigantamax Orbeetle are banned\n|rule|Endless Battle Clause: Forcing endless battles is banned\n|rule|HP Percentage Mod: HP is shown in percentages\n|clearpoke\n|poke|p1|Ursaluna, M|\n|poke|p1|Tornadus, M|\n|poke|p1|Flutter Mane|\n|poke|p1|Ogerpon-Hearthflame, F|\n|poke|p1|Rillaboom, F|\n|poke|p1|Volcanion|\n|poke|p2|Arcanine-Hisui, F|\n|poke|p2|Chien-Pao|\n|poke|p2|Rillaboom, F|\n|poke|p2|Tornadus, M|\n|poke|p2|Gholdengo|\n|poke|p2|Ogerpon-Wellspring, F|\n|teampreview\n|j| JJ09LIE\n|c|\u2606Dying Field|hf\n|j| Tanishh\n|c|\u2606PokeArt2004\u2764|you too\n|j|@ken\n|j| BlackKnight_Gawain@!\n|j| dreepy airlines\n|j| XxsasoriGX\n|j| temp\n|j| TopHatODDISH\n|\n|t:|1700291826\n|start\n|switch|p1a: Tornadus|Tornadus, M|100\/100\n|switch|p1b: Rillaboom|Rillaboom, F|100\/100\n|switch|p2a: Arcanine|Arcanine-Hisui, F|100\/100\n|switch|p2b: Gholdengo|Gholdengo|100\/100\n|-fieldstart|move: Grassy Terrain|[from] ability: Grassy Surge|[of] p1b: Rillaboom\n|-ability|p2a: Arcanine|Intimidate|boost\n|-unboost|p1a: Tornadus|atk|1\n|-unboost|p1b: Rillaboom|atk|1\n|turn|1\n|\n|t:|1700291886\n|move|p1b: Rillaboom|Fake Out|p2a: Arcanine\n|-resisted|p2a: Arcanine\n|-damage|p2a: Arcanine|95\/100\n|move|p1a: Tornadus|Tailwind|p1a: Tornadus\n|-sidestart|p1: PokeArt2004\u2764|move: Tailwind\n|cant|p2a: Arcanine|flinch\n|move|p2b: Gholdengo|Shadow Ball|p1a: Tornadus\n|-damage|p1a: Tornadus|53\/100\n|\n|-heal|p2a: Arcanine|100\/100|[from] Grassy Terrain\n|upkeep\n|turn|2\n|j|+Fragments\n|j| Queen of Bean \u273f\n|\n|t:|1700291929\n|switch|p2a: Tornadus|Tornadus, M|100\/100\n|move|p1b: Rillaboom|High Horsepower|p2a: Tornadus\n|-immune|p2a: Tornadus\n|move|p1a: Tornadus|Bleakwind Storm|p2b: Gholdengo|[spread] p2b\n|-miss|p1a: Tornadus|p2a: Tornadus\n|-resisted|p2b: Gholdengo\n|-damage|p2b: Gholdengo|86\/100\n|move|p2b: Gholdengo|Make It Rain|p1a: Tornadus|[spread] p1a,p1b\n|-damage|p1a: Tornadus|0 fnt\n|-damage|p1b: Rillaboom|56\/100\n|-unboost|p2b: Gholdengo|spa|1\n|faint|p1a: Tornadus\n|\n|-heal|p1b: Rillaboom|62\/100|[from] Grassy Terrain\n|-heal|p2b: Gholdengo|92\/100|[from] Grassy Terrain\n|-heal|p2b: Gholdengo|98\/100|[from] item: Leftovers\n|upkeep\n|c| Queen of Bean \u273f|gaming\n|\n|t:|1700291951\n|switch|p1a: Ursaluna|Ursaluna, M|100\/100\n|turn|3\n|l| XxsasoriGX\n|\n|t:|1700292022\n|switch|p2b: Arcanine|Arcanine-Hisui, F|100\/100\n|-ability|p2b: Arcanine|Intimidate|boost\n|-unboost|p1a: Ursaluna|atk|1\n|-unboost|p1b: Rillaboom|atk|1\n|move|p1a: Ursaluna|Protect|p1a: Ursaluna\n|-singleturn|p1a: Ursaluna|Protect\n|move|p1b: Rillaboom|U-turn|p2a: Tornadus\n|-resisted|p2a: Tornadus\n|-damage|p2a: Tornadus|92\/100\n|\n|t:|1700292031\n|switch|p1b: Volcanion|Volcanion|100\/100|[from] U-turn\n|move|p2a: Tornadus|Bleakwind Storm|p1b: Volcanion|[spread] p1b\n|-activate|p1a: Ursaluna|move: Protect\n|-damage|p1b: Volcanion|69\/100\n|-damage|p2a: Tornadus|82\/100|[from] item: Life Orb\n|\n|-heal|p1b: Volcanion|75\/100|[from] Grassy Terrain\n|-status|p1a: Ursaluna|brn|[from] item: Flame Orb\n|upkeep\n|turn|4\n|c| BlackKnight_Gawain|qob is tmm winning\n|j| XxsasoriGX\n|l| XxsasoriGX\n|\n|t:|1700292108\n|switch|p2b: Ogerpon|Ogerpon-Wellspring, F|100\/100\n|move|p2a: Tornadus|Protect|p2a: Tornadus\n|-singleturn|p2a: Tornadus|Protect\n|move|p1a: Ursaluna|Headlong Rush|p2b: Ogerpon\n|-resisted|p2b: Ogerpon\n|-damage|p2b: Ogerpon|68\/100\n|-unboost|p1a: Ursaluna|def|1\n|-unboost|p1a: Ursaluna|spd|1\n|move|p1b: Volcanion|Steam Eruption|p2a: Tornadus\n|-activate|p2a: Tornadus|move: Protect\n|\n|-heal|p1b: Volcanion|81\/100|[from] Grassy Terrain\n|-heal|p2b: Ogerpon|74\/100|[from] Grassy Terrain\n|-damage|p1a: Ursaluna|94\/100 brn|[from] brn\n|-sideend|p1: PokeArt2004\u2764|move: Tailwind\n|upkeep\n|turn|5\n|c| Queen of Bean \u273f|probably\n|c| Queen of Bean \u273f|yeah\n|j| ElliottTJX\n|c| BlackKnight_Gawain|damn\n|c| BlackKnight_Gawain|go pokeart\n|\n|t:|1700292148\n|move|p1a: Ursaluna|Protect|p1a: Ursaluna\n|-singleturn|p1a: Ursaluna|Protect\n|move|p2a: Tornadus|Bleakwind Storm|p1a: Ursaluna|[spread] p1b\n|-activate|p1a: Ursaluna|move: Protect\n|-damage|p1b: Volcanion|50\/100\n|-damage|p2a: Tornadus|73\/100|[from] item: Life Orb\n|move|p2b: Ogerpon|Ivy Cudgel|p1a: Ursaluna|[anim] Ivy Cudgel Water\n|-activate|p1a: Ursaluna|move: Protect\n|move|p1b: Volcanion|Heat Wave|p2b: Ogerpon|[spread] p2a,p2b\n|-damage|p2a: Tornadus|20\/100\n|-damage|p2b: Ogerpon|28\/100\n|\n|-heal|p2b: Ogerpon|34\/100|[from] Grassy Terrain\n|-heal|p1a: Ursaluna|100\/100 brn|[from] Grassy Terrain\n|-heal|p1b: Volcanion|56\/100|[from] Grassy Terrain\n|-damage|p1a: Ursaluna|94\/100 brn|[from] brn\n|-fieldend|move: Grassy Terrain\n|upkeep\n|turn|6\n|c| Queen of Bean \u273f|go tmm\n|\n|t:|1700292224\n|switch|p2b: Arcanine|Arcanine-Hisui, F|100\/100\n|-ability|p2b: Arcanine|Intimidate|boost\n|-unboost|p1a: Ursaluna|atk|1\n|-unboost|p1b: Volcanion|atk|1\n|move|p1a: Ursaluna|Protect||[still]\n|-fail|p1a: Ursaluna\n|move|p2a: Tornadus|Bleakwind Storm|p1b: Volcanion|[spread] p1a,p1b\n|-damage|p1a: Ursaluna|32\/100 brn\n|-damage|p1b: Volcanion|20\/100\n|-unboost|p1a: Ursaluna|spe|1\n|-damage|p2a: Tornadus|10\/100|[from] item: Life Orb\n|move|p1b: Volcanion|Heat Wave|p2b: Arcanine|[spread] p2a,p2b\n|-resisted|p2b: Arcanine\n|-damage|p2a: Tornadus|0 fnt\n|-damage|p2b: Arcanine|88\/100\n|faint|p2a: Tornadus\n|\n|-damage|p1a: Ursaluna|25\/100 brn|[from] brn\n|upkeep\n|\n|t:|1700292254\n|switch|p2a: Chien-Pao|Chien-Pao|100\/100\n|-ability|p2a: Chien-Pao|Sword of Ruin\n|turn|7\n|l|@ken\n|\n|t:|1700292320\n|move|p2a: Chien-Pao|Sacred Sword|p1b: Volcanion\n|-damage|p1b: Volcanion|0 fnt\n|faint|p1b: Volcanion\n|move|p2b: Arcanine|Flare Blitz|p1a: Ursaluna\n|-damage|p1a: Ursaluna|0 fnt\n|faint|p1a: Ursaluna\n|-damage|p2b: Arcanine|77\/100|[from] Recoil\n|\n|upkeep\n|\n|t:|1700292334\n|switch|p1a: Flutter Mane|Flutter Mane|100\/100\n|switch|p1b: Rillaboom|Rillaboom, F|62\/100\n|-fieldstart|move: Grassy Terrain|[from] ability: Grassy Surge|[of] p1b: Rillaboom\n|turn|8\n|\n|t:|1700292369\n|move|p2a: Chien-Pao|Protect|p2a: Chien-Pao\n|-singleturn|p2a: Chien-Pao|Protect\n|move|p1b: Rillaboom|Fake Out|p2a: Chien-Pao\n|-activate|p2a: Chien-Pao|move: Protect\n|move|p1a: Flutter Mane|Power Gem|p2b: Arcanine\n|-supereffective|p2b: Arcanine\n|-damage|p2b: Arcanine|0 fnt\n|faint|p2b: Arcanine\n|\n|-heal|p1b: Rillaboom|69\/100|[from] Grassy Terrain\n|upkeep\n|\n|t:|1700292384\n|switch|p2b: Rillaboom|Rillaboom, F|100\/100\n|turn|9\n|\n|t:|1700292411\n|-terastallize|p1b: Rillaboom|Fire\n|move|p2b: Rillaboom|Fake Out|p1b: Rillaboom\n|-damage|p1b: Rillaboom|49\/100\n|move|p2a: Chien-Pao|Icicle Crash|p1a: Flutter Mane\n|-damage|p1a: Flutter Mane|22\/100\n|move|p1a: Flutter Mane|Power Gem|p2a: Chien-Pao\n|-supereffective|p2a: Chien-Pao\n|-enditem|p2a: Chien-Pao|Focus Sash\n|-damage|p2a: Chien-Pao|1\/100\n|cant|p1b: Rillaboom|flinch\n|\n|-heal|p2a: Chien-Pao|7\/100|[from] Grassy Terrain\n|-heal|p1a: Flutter Mane|28\/100|[from] Grassy Terrain\n|-heal|p1b: Rillaboom|55\/100|[from] Grassy Terrain\n|upkeep\n|turn|10\n|\n|t:|1700292443\n|-end|p1a: Flutter Mane|Protosynthesis|[silent]\n|switch|p1a: Ogerpon|Ogerpon-Hearthflame, F|100\/100\n|-ability|p1a: Ogerpon|Mold Breaker\n|move|p2a: Chien-Pao|Protect|p2a: Chien-Pao\n|-singleturn|p2a: Chien-Pao|Protect\n|move|p1b: Rillaboom|Grassy Glide|p2a: Chien-Pao\n|-activate|p2a: Chien-Pao|move: Protect\n|move|p2b: Rillaboom|Grassy Glide|p1a: Ogerpon\n|-resisted|p1a: Ogerpon\n|-damage|p1a: Ogerpon|84\/100\n|\n|-heal|p2a: Chien-Pao|13\/100|[from] Grassy Terrain\n|-heal|p1a: Ogerpon|90\/100|[from] Grassy Terrain\n|-heal|p1b: Rillaboom|61\/100|[from] Grassy Terrain\n|upkeep\n|turn|11\n|\n|t:|1700292483\n|switch|p2b: Ogerpon|Ogerpon-Wellspring, F|34\/100\n|move|p2a: Chien-Pao|Sucker Punch|p1b: Rillaboom\n|-damage|p1b: Rillaboom|10\/100\n|move|p1b: Rillaboom|Grassy Glide|p2a: Chien-Pao\n|-damage|p2a: Chien-Pao|0 fnt\n|faint|p2a: Chien-Pao\n|move|p1a: Ogerpon|Ivy Cudgel|p2b: Ogerpon|[anim] Ivy Cudgel Fire\n|-damage|p2b: Ogerpon|0 fnt\n|faint|p2b: Ogerpon\n|\n|-heal|p1a: Ogerpon|96\/100|[from] Grassy Terrain\n|-heal|p1b: Rillaboom|17\/100|[from] Grassy Terrain\n|upkeep\n|\n|t:|1700292492\n|switch|p2a: Gholdengo|Gholdengo|98\/100\n|switch|p2b: Rillaboom|Rillaboom, F|100\/100\n|turn|12\n|l| dreepy airlines\n|\n|t:|1700292572\n|move|p1a: Ogerpon|Spiky Shield|p1a: Ogerpon\n|-singleturn|p1a: Ogerpon|move: Protect\n|move|p2b: Rillaboom|Fake Out|p1a: Ogerpon\n|-activate|p1a: Ogerpon|move: Protect\n|-damage|p2b: Rillaboom|88\/100|[from] Spiky Shield|[of] p1a: Ogerpon\n|move|p1b: Rillaboom|High Horsepower|p2a: Gholdengo\n|-supereffective|p2a: Gholdengo\n|-damage|p2a: Gholdengo|30\/100\n|move|p2a: Gholdengo|Shadow Ball|p1a: Ogerpon\n|-activate|p1a: Ogerpon|move: Protect\n|\n|-heal|p1a: Ogerpon|100\/100|[from] Grassy Terrain\n|-heal|p1b: Rillaboom|23\/100|[from] Grassy Terrain\n|-heal|p2a: Gholdengo|36\/100|[from] Grassy Terrain\n|-heal|p2a: Gholdengo|43\/100|[from] item: Leftovers\n|-heal|p2b: Rillaboom|94\/100|[from] Grassy Terrain\n|-fieldend|move: Grassy Terrain\n|upkeep\n|turn|13\n|c|\u2606Dying Field|qob is mad rn lol\n|j| chocolattee\n|\n|t:|1700292684\n|-terastallize|p2a: Gholdengo|Dragon\n|move|p1a: Ogerpon|Ivy Cudgel|p2a: Gholdengo|[anim] Ivy Cudgel Fire\n|-resisted|p2a: Gholdengo\n|-damage|p2a: Gholdengo|15\/100\n|move|p1b: Rillaboom|U-turn|p2b: Rillaboom\n|-supereffective|p2b: Rillaboom\n|-damage|p2b: Rillaboom|56\/100\n|\n|t:|1700292691\n|switch|p1b: Flutter Mane|Flutter Mane|28\/100|[from] U-turn\n|move|p2a: Gholdengo|Shadow Ball|p1b: Flutter Mane\n|-supereffective|p1b: Flutter Mane\n|-damage|p1b: Flutter Mane|0 fnt\n|faint|p1b: Flutter Mane\n|-end|p1b: Flutter Mane|Protosynthesis|[silent]\n|move|p2b: Rillaboom|High Horsepower|p1a: Ogerpon\n|-damage|p1a: Ogerpon|59\/100\n|\n|-heal|p2a: Gholdengo|22\/100|[from] item: Leftovers\n|upkeep\n|\n|t:|1700292704\n|switch|p1b: Rillaboom|Rillaboom, F, tera:Fire|23\/100\n|-fieldstart|move: Grassy Terrain|[from] ability: Grassy Surge|[of] p1b: Rillaboom\n|turn|14\n|\n|t:|1700292779\n|move|p1b: Rillaboom|Fake Out|p2a: Gholdengo\n|-damage|p2a: Gholdengo|9\/100\n|move|p2b: Rillaboom|Grassy Glide|p1b: Rillaboom\n|-resisted|p1b: Rillaboom\n|-damage|p1b: Rillaboom|3\/100\n|move|p1a: Ogerpon|Ivy Cudgel|p2b: Rillaboom|[anim] Ivy Cudgel Fire\n|-supereffective|p2b: Rillaboom\n|-damage|p2b: Rillaboom|0 fnt\n|faint|p2b: Rillaboom\n|cant|p2a: Gholdengo|flinch\n|\n|-heal|p1a: Ogerpon|65\/100|[from] Grassy Terrain\n|-heal|p1b: Rillaboom|10\/100|[from] Grassy Terrain\n|-heal|p2a: Gholdengo|15\/100|[from] Grassy Terrain\n|-heal|p2a: Gholdengo|21\/100|[from] item: Leftovers\n|upkeep\n|turn|15\n|c|\u2606PokeArt2004\u2764|gg\n|c|\u2606Dying Field|gg\n|-message|Dying Field forfeited.\n|\n|win|PokeArt2004\u2764\n|l| Queen of Bean \u273f\n|c|\u2606PokeArt2004\u2764|that got a little scary there\n|l| Tanishh\n|l|+Fragments\n|l| temp\n|l| TopHatODDISH\n|l| ElliottTJX\n|l| BlackKnight_Gawain\n|l| chocolattee\n|l|\u2606PokeArt2004\u2764\n|l| JJ09LIE\n|j| SEROO\n|l| SEROO\n","uploadtime":1700292797,"views":73,"p1id":"pokeart2004","p2id":"dyingfield","formatid":"gen9doublesou","rating":0,"private":0,"password":""}