{"id":"gen9doublesou-1993517793","p1":"BananaGomu","p2":"Kiky14","format":"[Gen 9] Doubles OU","log":"|j|\u2606BananaGomu\n|j|\u2606Kiky14\n|t:|1700327192\n|gametype|doubles\n|player|p1|BananaGomu|gentleman-gen4|1324\n|player|p2|Kiky14|hilda-wonderlauncher|1397\n|teamsize|p1|6\n|teamsize|p2|6\n|gen|9\n|tier|[Gen 9] Doubles OU\n|rated|\n|rule|Species Clause: Limit one of each Pok\u00e9mon\n|rule|OHKO Clause: OHKO moves are banned\n|rule|Evasion Moves Clause: Evasion moves are banned\n|rule|Gravity Sleep Clause: The combination of sleep-inducing moves with imperfect accuracy and Gravity or Gigantamax Orbeetle are banned\n|rule|Endless Battle Clause: Forcing endless battles is banned\n|rule|HP Percentage Mod: HP is shown in percentages\n|clearpoke\n|poke|p1|Greninja-*, F|\n|poke|p1|Mew|\n|poke|p1|Kommo-o, F|\n|poke|p1|Armarouge, F|\n|poke|p1|Dudunsparce-*, F|\n|poke|p1|Indeedee-F, F|\n|poke|p2|Sinistcha|\n|poke|p2|Moltres-Galar|\n|poke|p2|Arcanine-Hisui, M|\n|poke|p2|Ogerpon-Wellspring, F|\n|poke|p2|Klefki, M|\n|poke|p2|Okidogi, M|\n|teampreview\n|l|\u2606Kiky14\n|player|p2|\n|inactive|Battle timer is ON: inactive players will automatically lose when time's up. (requested by BananaGomu)\n|j|\u2606Kiky14\n|inactive|Kiky14 reconnected and has 150 seconds left.\n|player|p2|Kiky14|hilda-wonderlauncher\n|\n|t:|1700327229\n|start\n|switch|p1a: Greninja|Greninja, F|100\/100\n|switch|p1b: Mew|Mew|100\/100\n|switch|p2a: Moltres|Moltres-Galar|100\/100\n|switch|p2b: Klefki|Klefki, M|100\/100\n|turn|1\n|\n|t:|1700327242\n|move|p2b: Klefki|Light Screen|p2b: Klefki\n|-sidestart|p2: Kiky14|move: Light Screen\n|move|p1a: Greninja|Water Pledge|p2a: Moltres\n|-waiting|p1a: Greninja|p1b: Mew\n|move|p1b: Mew|Grass Pledge|p2a: Moltres|[from]move: Water Pledge\n|-combine\n|-resisted|p2a: Moltres\n|-damage|p2a: Moltres|86\/100\n|-sidestart|p2: Kiky14|Grass Pledge\n|move|p2a: Moltres|Agility|p2a: Moltres\n|-boost|p2a: Moltres|spe|2\n|\n|upkeep\n|turn|2\n|\n|t:|1700327263\n|move|p1a: Greninja|Protect|p1a: Greninja\n|-start|p1a: Greninja|typechange|Normal|[from] ability: Protean\n|-singleturn|p1a: Greninja|Protect\n|move|p1b: Mew|Misty Explosion|p2a: Moltres|[spread] p2a,p2b\n|-activate|p1a: Greninja|move: Protect\n|-supereffective|p2a: Moltres\n|-resisted|p2b: Klefki\n|-damage|p2a: Moltres|68\/100\n|-damage|p2b: Klefki|94\/100\n|-enditem|p2a: Moltres|Weakness Policy\n|-boost|p2a: Moltres|atk|2|[from] item: Weakness Policy\n|-boost|p2a: Moltres|spa|2|[from] item: Weakness Policy\n|faint|p1b: Mew\n|move|p2a: Moltres|Fiery Wrath|p1a: Greninja\n|-activate|p1a: Greninja|move: Protect\n|move|p2b: Klefki|Dazzling Gleam|p1a: Greninja\n|-activate|p1a: Greninja|move: Protect\n|\n|upkeep\n|\n|t:|1700327278\n|switch|p1b: Armarouge|Armarouge, F|100\/100\n|turn|3\n|\n|t:|1700327290\n|-terastallize|p1b: Armarouge|Psychic\n|move|p2b: Klefki|Thunder Wave|p1b: Armarouge\n|-status|p1b: Armarouge|par\n|move|p1a: Greninja|U-turn|p1b: Armarouge\n|-supereffective|p1b: Armarouge\n|-damage|p1b: Armarouge|72\/100 par\n|-ability|p1b: Armarouge|Weak Armor|boost\n|-unboost|p1b: Armarouge|def|1\n|-boost|p1b: Armarouge|spe|2\n|-enditem|p1b: Armarouge|Weakness Policy\n|-boost|p1b: Armarouge|atk|2|[from] item: Weakness Policy\n|-boost|p1b: Armarouge|spa|2|[from] item: Weakness Policy\n|\n|t:|1700327300\n|switch|p1a: Indeedee|Indeedee-F, F|100\/100|[from] U-turn\n|-fieldstart|move: Psychic Terrain|[from] ability: Psychic Surge|[of] p1a: Indeedee\n|cant|p1b: Armarouge|par\n|move|p2a: Moltres|Fiery Wrath|p1a: Indeedee|[spread] p1a,p1b\n|-supereffective|p1a: Indeedee\n|-supereffective|p1b: Armarouge\n|-damage|p1a: Indeedee|6\/100\n|-damage|p1b: Armarouge|0 fnt\n|faint|p1b: Armarouge\n|\n|upkeep\n|\n|t:|1700327314\n|switch|p1b: Greninja|Greninja, F|100\/100\n|turn|4\n|\n|t:|1700327335\n|switch|p2b: Sinistcha|Sinistcha|100\/100\n|-heal|p2a: Moltres|93\/100|[from] ability: Hospitality|[of] p2b: Sinistcha\n|move|p1a: Indeedee|Follow Me|p1a: Indeedee\n|-singleturn|p1a: Indeedee|move: Follow Me\n|move|p1b: Greninja|Grass Knot|p2b: Sinistcha\n|-start|p1b: Greninja|typechange|Grass|[from] ability: Protean\n|-resisted|p2b: Sinistcha\n|-damage|p2b: Sinistcha|98\/100\n|move|p2a: Moltres|Fiery Wrath|p1a: Indeedee|[spread] p1a,p1b\n|-supereffective|p1a: Indeedee\n|-damage|p1a: Indeedee|0 fnt\n|-damage|p1b: Greninja|18\/100\n|faint|p1a: Indeedee\n|\n|-heal|p2b: Sinistcha|100\/100|[from] item: Leftovers\n|-sideend|p2: Kiky14|Grass Pledge\n|upkeep\n|\n|t:|1700327350\n|switch|p1a: Kommo-o|Kommo-o, F|100\/100\n|turn|5\n|\n|t:|1700327362\n|switch|p2b: Arcanine|Arcanine-Hisui, M|100\/100\n|-ability|p2b: Arcanine|Intimidate|boost\n|-unboost|p1a: Kommo-o|atk|1\n|-unboost|p1b: Greninja|atk|1\n|move|p2a: Moltres|Fiery Wrath|p1b: Greninja|[spread] p1a,p1b\n|-resisted|p1a: Kommo-o\n|-damage|p1a: Kommo-o|70\/100\n|-damage|p1b: Greninja|0 fnt\n|faint|p1b: Greninja\n|cant|p1a: Kommo-o|flinch\n|\n|upkeep\n|\n|t:|1700327371\n|switch|p1b: Dudunsparce|Dudunsparce-Three-Segment, F|100\/100\n|turn|6\n|\n|t:|1700327380\n|move|p2a: Moltres|Air Slash|p1a: Kommo-o\n|-supereffective|p1a: Kommo-o\n|-damage|p1a: Kommo-o|0 fnt\n|faint|p1a: Kommo-o\n|move|p2b: Arcanine|Flare Blitz|p1b: Dudunsparce\n|-damage|p1b: Dudunsparce|48\/100\n|-damage|p2b: Arcanine|81\/100|[from] Recoil\n|move|p1b: Dudunsparce|Agility|p1b: Dudunsparce\n|-boost|p1b: Dudunsparce|spe|2\n|\n|upkeep\n|turn|7\n|\n|t:|1700327401\n|-terastallize|p2a: Moltres|Dark\n|move|p2a: Moltres|Fiery Wrath|p1b: Dudunsparce\n|-damage|p1b: Dudunsparce|0 fnt\n|faint|p1b: Dudunsparce\n|\n|win|Kiky14\n|raw|BananaGomu's rating: 1324 &rarr; <strong>1308<\/strong><br \/>(-16 for losing)\n|raw|Kiky14's rating: 1397 &rarr; <strong>1413<\/strong><br \/>(+16 for winning)\n|l|\u2606BananaGomu\n","uploadtime":1700327418,"views":8,"p1id":"bananagomu","p2id":"kiky14","formatid":"gen9doublesou","rating":1308,"private":0,"password":""}