{"id":"gen9doublesou-1979652843","p1":"Darkhyrid123","p2":"lobonatoca","format":"[Gen 9] Doubles OU","log":"|j|\u2606Darkhyrid123\n|j|\u2606lobonatoca\n|t:|1698700146\n|gametype|doubles\n|player|p1|Darkhyrid123|265|1375\n|player|p2|lobonatoca|170|1266\n|teamsize|p1|6\n|teamsize|p2|6\n|gen|9\n|tier|[Gen 9] Doubles OU\n|rated|\n|rule|Species Clause: Limit one of each Pok\u00e9mon\n|rule|OHKO Clause: OHKO moves are banned\n|rule|Evasion Moves Clause: Evasion moves are banned\n|rule|Gravity Sleep Clause: The combination of sleep-inducing moves with imperfect accuracy and Gravity or Gigantamax Orbeetle are banned\n|rule|Endless Battle Clause: Forcing endless battles is banned\n|rule|HP Percentage Mod: HP is shown in percentages\n|clearpoke\n|poke|p1|Pelipper, M|\n|poke|p1|Iron Hands|\n|poke|p1|Flutter Mane|\n|poke|p1|Amoonguss, M|\n|poke|p1|Gholdengo|\n|poke|p1|Chien-Pao|\n|poke|p2|Abomasnow, M|\n|poke|p2|Cetitan, F|\n|poke|p2|Sableye, F|\n|poke|p2|Clawitzer, M|\n|poke|p2|Houndstone, F|\n|poke|p2|Arcanine-Hisui, F|\n|teampreview\n|inactive|Battle timer is ON: inactive players will automatically lose when time's up. (requested by lobonatoca)\n|\n|t:|1698700156\n|start\n|switch|p1a: Gholdengo|Gholdengo|100\/100\n|switch|p1b: Flutter Mane|Flutter Mane|100\/100\n|switch|p2a: Sableye|Sableye, F|100\/100\n|switch|p2b: Abomasnow|Abomasnow, M|100\/100\n|-weather|Snow|[from] ability: Snow Warning|[of] p2b: Abomasnow\n|-enditem|p1b: Flutter Mane|Booster Energy\n|-activate|p1b: Flutter Mane|ability: Protosynthesis|[fromitem]\n|-start|p1b: Flutter Mane|protosynthesisspa\n|turn|1\n|\n|t:|1698700179\n|-terastallize|p2b: Abomasnow|Water\n|move|p2a: Sableye|Quash|p1b: Flutter Mane\n|-activate|p1b: Flutter Mane|move: Quash\n|move|p1a: Gholdengo|Make It Rain|p2a: Sableye|[spread] p2a,p2b\n|-resisted|p2b: Abomasnow\n|-damage|p2a: Sableye|42\/100\n|-damage|p2b: Abomasnow|81\/100\n|-unboost|p1a: Gholdengo|spa|1\n|-enditem|p2a: Sableye|Sitrus Berry|[eat]\n|-heal|p2a: Sableye|67\/100|[from] item: Sitrus Berry\n|move|p2b: Abomasnow|Aurora Veil|p2b: Abomasnow\n|-sidestart|p2: lobonatoca|move: Aurora Veil\n|move|p1b: Flutter Mane|Dazzling Gleam|p2b: Abomasnow|[spread] p2a,p2b\n|-supereffective|p2a: Sableye\n|-damage|p2a: Sableye|0 fnt\n|-damage|p2b: Abomasnow|54\/100\n|faint|p2a: Sableye\n|\n|-weather|Snow|[upkeep]\n|upkeep\n|inactive|lobonatoca has 120 seconds left.\n|\n|t:|1698700199\n|switch|p2a: Cetitan|Cetitan, F|100\/100\n|turn|2\n|\n|t:|1698700211\n|move|p2a: Cetitan|Ice Spinner|p1b: Flutter Mane\n|-damage|p1b: Flutter Mane|0 fnt\n|faint|p1b: Flutter Mane\n|-end|p1b: Flutter Mane|Protosynthesis|[silent]\n|-damage|p2a: Cetitan|91\/100|[from] item: Life Orb\n|move|p1a: Gholdengo|Make It Rain|p2a: Cetitan|[spread] p2a,p2b\n|-supereffective|p2a: Cetitan\n|-resisted|p2b: Abomasnow\n|-damage|p2a: Cetitan|49\/100\n|-damage|p2b: Abomasnow|47\/100\n|-unboost|p1a: Gholdengo|spa|1\n|move|p2b: Abomasnow|Icy Wind|p1a: Gholdengo\n|-resisted|p1a: Gholdengo\n|-damage|p1a: Gholdengo|92\/100\n|-unboost|p1a: Gholdengo|spe|1\n|\n|-weather|Snow|[upkeep]\n|upkeep\n|\n|t:|1698700223\n|switch|p1b: Pelipper|Pelipper, M, shiny|100\/100\n|-weather|RainDance|[from] ability: Drizzle|[of] p1b: Pelipper\n|turn|3\n|\n|t:|1698700244\n|switch|p2a: Clawitzer|Clawitzer, M|100\/100\n|switch|p1a: Iron Hands|Iron Hands, shiny|100\/100\n|switch|p2b: Houndstone|Houndstone, F|100\/100\n|move|p1b: Pelipper|Wide Guard||[still]\n|-fail|p1b: Pelipper\n|\n|-weather|RainDance|[upkeep]\n|upkeep\n|turn|4\n|\n|t:|1698700273\n|switch|p2b: Abomasnow|Abomasnow, M, tera:Water|47\/100\n|-weather|Snow|[from] ability: Snow Warning|[of] p2b: Abomasnow\n|switch|p1b: Amoonguss|Amoonguss, M, shiny|100\/100\n|move|p2a: Clawitzer|Water Pulse|p1a: Iron Hands\n|-damage|p1a: Iron Hands|67\/100\n|move|p1a: Iron Hands|Wild Charge|p2a: Clawitzer\n|-supereffective|p2a: Clawitzer\n|-damage|p2a: Clawitzer|7\/100\n|-damage|p1a: Iron Hands|53\/100|[from] Recoil\n|\n|-weather|Snow|[upkeep]\n|upkeep\n|turn|5\n|\n|t:|1698700293\n|switch|p2a: Cetitan|Cetitan, F|49\/100\n|switch|p1b: Pelipper|Pelipper, M, shiny|100\/100\n|-weather|RainDance|[from] ability: Drizzle|[of] p1b: Pelipper\n|move|p2b: Abomasnow|Icy Wind|p1a: Iron Hands|[spread] p1a,p1b\n|-damage|p1a: Iron Hands|48\/100\n|-damage|p1b: Pelipper|78\/100\n|-unboost|p1a: Iron Hands|spe|1\n|-unboost|p1b: Pelipper|spe|1\n|move|p1a: Iron Hands|Wild Charge|p2b: Abomasnow\n|-supereffective|p2b: Abomasnow\n|-damage|p2b: Abomasnow|0 fnt\n|faint|p2b: Abomasnow\n|-damage|p1a: Iron Hands|38\/100|[from] Recoil\n|\n|-weather|RainDance|[upkeep]\n|upkeep\n|inactive|lobonatoca has 120 seconds left.\n|\n|t:|1698700308\n|switch|p2b: Clawitzer|Clawitzer, M|7\/100\n|turn|6\n|\n|t:|1698700331\n|switch|p1b: Amoonguss|Amoonguss, M, shiny|100\/100\n|move|p2a: Cetitan|Play Rough|p1a: Iron Hands\n|-supereffective|p1a: Iron Hands\n|-damage|p1a: Iron Hands|0 fnt\n|faint|p1a: Iron Hands\n|-end|p1a: Iron Hands|Quark Drive|[silent]\n|-damage|p2a: Cetitan|39\/100|[from] item: Life Orb\n|move|p2b: Clawitzer|Dragon Pulse|p1b: Amoonguss\n|-damage|p1b: Amoonguss|33\/100\n|\n|-weather|RainDance|[upkeep]\n|upkeep\n|\n|t:|1698700349\n|switch|p1a: Gholdengo|Gholdengo|92\/100\n|turn|7\n|\n|t:|1698700356\n|move|p1b: Amoonguss|Rage Powder|p1b: Amoonguss\n|-singleturn|p1b: Amoonguss|move: Rage Powder\n|move|p1a: Gholdengo|Nasty Plot|p1a: Gholdengo\n|-boost|p1a: Gholdengo|spa|2\n|move|p2a: Cetitan|Knock Off|p1b: Amoonguss\n|-damage|p1b: Amoonguss|4\/100\n|-enditem|p1b: Amoonguss|Mental Herb|[from] move: Knock Off|[of] p2a: Cetitan\n|-damage|p2a: Cetitan|29\/100|[from] item: Life Orb\n|move|p2b: Clawitzer|Dragon Pulse|p1b: Amoonguss\n|-damage|p1b: Amoonguss|0 fnt\n|faint|p1b: Amoonguss\n|\n|-weather|RainDance|[upkeep]\n|upkeep\n|\n|t:|1698700377\n|switch|p1b: Chien-Pao|Chien-Pao|100\/100\n|-ability|p1b: Chien-Pao|Sword of Ruin\n|turn|8\n|\n|t:|1698700389\n|move|p1b: Chien-Pao|Protect|p1b: Chien-Pao\n|-singleturn|p1b: Chien-Pao|Protect\n|move|p1a: Gholdengo|Protect|p1a: Gholdengo\n|-singleturn|p1a: Gholdengo|Protect\n|move|p2a: Cetitan|Knock Off|p1a: Gholdengo\n|-activate|p1a: Gholdengo|move: Protect\n|move|p2b: Clawitzer|Dragon Pulse|p1b: Chien-Pao\n|-activate|p1b: Chien-Pao|move: Protect\n|\n|-weather|RainDance|[upkeep]\n|-sideend|p2: lobonatoca|move: Aurora Veil\n|upkeep\n|turn|9\n|\n|t:|1698700408\n|move|p2a: Cetitan|Ice Shard|p1b: Chien-Pao\n|-resisted|p1b: Chien-Pao\n|-damage|p1b: Chien-Pao|82\/100\n|-damage|p2a: Cetitan|19\/100|[from] item: Life Orb\n|move|p1b: Chien-Pao|Sacred Sword|p2a: Cetitan\n|-supereffective|p2a: Cetitan\n|-damage|p2a: Cetitan|0 fnt\n|faint|p2a: Cetitan\n|move|p1a: Gholdengo|Shadow Ball|p2b: Clawitzer\n|-damage|p2b: Clawitzer|0 fnt\n|faint|p2b: Clawitzer\n|\n|-weather|none\n|upkeep\n|\n|t:|1698700420\n|switch|p2a: Houndstone|Houndstone, F|100\/100\n|switch|p2b: Arcanine|Arcanine-Hisui, F|100\/100\n|turn|10\n|\n|t:|1698700434\n|move|p1b: Chien-Pao|Protect|p1b: Chien-Pao\n|-singleturn|p1b: Chien-Pao|Protect\n|move|p1a: Gholdengo|Protect|p1a: Gholdengo\n|-singleturn|p1a: Gholdengo|Protect\n|move|p2a: Houndstone|Last Respects|p1a: Gholdengo\n|-activate|p1a: Gholdengo|move: Protect\n|move|p2b: Arcanine|Head Smash|p1b: Chien-Pao\n|-activate|p1b: Chien-Pao|move: Protect\n|\n|upkeep\n|turn|11\n|\n|t:|1698700450\n|move|p1b: Chien-Pao|Sucker Punch|p2a: Houndstone\n|-supereffective|p2a: Houndstone\n|-damage|p2a: Houndstone|40\/100\n|move|p2a: Houndstone|Last Respects|p1a: Gholdengo\n|-supereffective|p1a: Gholdengo\n|-damage|p1a: Gholdengo|0 fnt\n|faint|p1a: Gholdengo\n|move|p2b: Arcanine|Head Smash|p1b: Chien-Pao\n|-supereffective|p1b: Chien-Pao\n|-damage|p1b: Chien-Pao|0 fnt\n|faint|p1b: Chien-Pao\n|\n|upkeep\n|\n|t:|1698700461\n|switch|p1b: Pelipper|Pelipper, M, shiny|78\/100\n|-weather|RainDance|[from] ability: Drizzle|[of] p1b: Pelipper\n|turn|12\n|\n|t:|1698700466\n|move|p2a: Houndstone|Last Respects|p1b: Pelipper\n|-damage|p1b: Pelipper|0 fnt\n|faint|p1b: Pelipper\n|\n|win|lobonatoca\n|raw|Darkhyrid123's rating: 1375 &rarr; <strong>1349<\/strong><br \/>(-26 for losing)\n|raw|lobonatoca's rating: 1266 &rarr; <strong>1299<\/strong><br \/>(+33 for winning)\n|l|\u2606Darkhyrid123\n","uploadtime":1698700474,"views":16,"p1id":"darkhyrid123","p2id":"lobonatoca","formatid":"gen9doublesou","rating":1299,"private":0,"password":""}