{"id":"gen9doublesou-1997313847","p1":"Bluesnowflakes","p2":"suiis","format":"[Gen 9] Doubles OU","log":"|j|\u2606Bluesnowflakes\n|j|\u2606suiis\n|t:|1700788206\n|gametype|doubles\n|player|p1|Bluesnowflakes|waitress-gen4|1063\n|player|p2|suiis|266|1139\n|teamsize|p1|6\n|teamsize|p2|6\n|gen|9\n|tier|[Gen 9] Doubles OU\n|rated|\n|rule|Species Clause: Limit one of each Pok\u00e9mon\n|rule|OHKO Clause: OHKO moves are banned\n|rule|Evasion Moves Clause: Evasion moves are banned\n|rule|Gravity Sleep Clause: The combination of sleep-inducing moves with imperfect accuracy and Gravity or Gigantamax Orbeetle are banned\n|rule|Endless Battle Clause: Forcing endless battles is banned\n|rule|HP Percentage Mod: HP is shown in percentages\n|clearpoke\n|poke|p1|Murkrow, M|\n|poke|p1|Sylveon, F|\n|poke|p1|Basculegion-F, F|\n|poke|p1|Sinistcha-Masterpiece|\n|poke|p1|Maushold-Four|\n|poke|p1|Volcarona, M|\n|poke|p2|Kingambit, F|\n|poke|p2|Dudunsparce-*, M|\n|poke|p2|Ursaluna-Bloodmoon, M|\n|poke|p2|Goodra-Hisui, F|\n|poke|p2|Walking Wake|\n|poke|p2|Torkoal, F|\n|teampreview\n|\n|t:|1700788223\n|start\n|switch|p1a: Murkrow|Murkrow, M|100\/100\n|switch|p1b: Sylveon|Sylveon, F, shiny|100\/100\n|switch|p2a: Walking Wake|Walking Wake|100\/100\n|switch|p2b: Torkoal|Torkoal, F|100\/100\n|-weather|SunnyDay|[from] ability: Drought|[of] p2b: Torkoal\n|-activate|p2a: Walking Wake|ability: Protosynthesis\n|-start|p2a: Walking Wake|protosynthesisspe\n|turn|1\n|\n|t:|1700788252\n|-terastallize|p2a: Walking Wake|Water\n|move|p1a: Murkrow|Tailwind|p1a: Murkrow\n|-sidestart|p1: Bluesnowflakes|move: Tailwind\n|move|p2a: Walking Wake|Hydro Steam|p1b: Sylveon\n|-damage|p1b: Sylveon|64\/100\n|move|p1b: Sylveon|Yawn|p2a: Walking Wake\n|-start|p2a: Walking Wake|move: Yawn|[of] p1b: Sylveon\n|move|p2b: Torkoal|Eruption|p1b: Sylveon|[spread] p1a,p1b\n|-damage|p1a: Murkrow|0 fnt\n|-damage|p1b: Sylveon|29\/100\n|faint|p1a: Murkrow\n|-damage|p2b: Torkoal|91\/100|[from] item: Life Orb\n|\n|-weather|SunnyDay|[upkeep]\n|upkeep\n|\n|t:|1700788271\n|switch|p1a: Maushold|Maushold-Four|100\/100\n|turn|2\n|\n|t:|1700788303\n|move|p1a: Maushold|Super Fang|p2a: Walking Wake\n|-damage|p2a: Walking Wake|51\/100\n|move|p2a: Walking Wake|Hydro Steam|p1b: Sylveon\n|-damage|p1b: Sylveon|0 fnt\n|faint|p1b: Sylveon\n|move|p2b: Torkoal|Eruption|p1a: Maushold\n|-damage|p1a: Maushold|0 fnt\n|faint|p1a: Maushold\n|-damage|p2b: Torkoal|81\/100|[from] item: Life Orb\n|\n|-weather|SunnyDay|[upkeep]\n|-heal|p2a: Walking Wake|57\/100|[from] item: Leftovers\n|-end|p2a: Walking Wake|move: Yawn|[silent]\n|-status|p2a: Walking Wake|slp\n|upkeep\n|\n|t:|1700788312\n|switch|p1a: Sinistcha|Sinistcha-Masterpiece|100\/100\n|switch|p1b: Volcarona|Volcarona, M|100\/100\n|turn|3\n|\n|t:|1700788323\n|move|p1b: Volcarona|Quiver Dance|p1b: Volcarona\n|-boost|p1b: Volcarona|spa|1\n|-boost|p1b: Volcarona|spd|1\n|-boost|p1b: Volcarona|spe|1\n|cant|p2a: Walking Wake|slp\n|move|p1a: Sinistcha|Matcha Gotcha|p2a: Walking Wake|[spread] p2a,p2b\n|-supereffective|p2a: Walking Wake\n|-resisted|p2b: Torkoal\n|-damage|p2a: Walking Wake|0 fnt\n|-damage|p2b: Torkoal|62\/100\n|faint|p2a: Walking Wake\n|-end|p2a: Walking Wake|Protosynthesis|[silent]\n|move|p2b: Torkoal|Eruption|p1b: Volcarona|[spread] p1a,p1b\n|-supereffective|p1a: Sinistcha\n|-damage|p1a: Sinistcha|0 fnt\n|-damage|p1b: Volcarona|71\/100\n|faint|p1a: Sinistcha\n|-damage|p2b: Torkoal|52\/100|[from] item: Life Orb\n|\n|-weather|SunnyDay|[upkeep]\n|upkeep\n|\n|t:|1700788341\n|switch|p2a: Dudunsparce|Dudunsparce-Three-Segment, M|100\/100\n|switch|p1a: Basculegion|Basculegion-F, F|100\/100\n|turn|4\n|\n|t:|1700788374\n|move|p1b: Volcarona|Fiery Dance|p2a: Dudunsparce\n|-crit|p2a: Dudunsparce\n|-damage|p2a: Dudunsparce|0 fnt\n|-boost|p1b: Volcarona|spa|1\n|faint|p2a: Dudunsparce\n|move|p1a: Basculegion|Wave Crash|p2b: Torkoal\n|-supereffective|p2b: Torkoal\n|-damage|p2b: Torkoal|0 fnt\n|faint|p2b: Torkoal\n|-damage|p1a: Basculegion|88\/100|[from] Recoil\n|\n|-weather|SunnyDay|[upkeep]\n|-sideend|p1: Bluesnowflakes|move: Tailwind\n|upkeep\n|\n|t:|1700788386\n|switch|p2a: Goodra|Goodra-Hisui, F|100\/100\n|switch|p2b: Ursaluna|Ursaluna-Bloodmoon, M|100\/100\n|turn|5\n|\n|t:|1700788394\n|move|p1b: Volcarona|Fiery Dance|p2a: Goodra\n|-damage|p2a: Goodra|0 fnt\n|faint|p2a: Goodra\n|move|p1a: Basculegion|Wave Crash|p2b: Ursaluna\n|-supereffective|p2b: Ursaluna\n|-damage|p2b: Ursaluna|50\/100\n|-damage|p1a: Basculegion|72\/100|[from] Recoil\n|move|p2b: Ursaluna|Blood Moon|p1a: Basculegion\n|-damage|p1a: Basculegion|5\/100\n|\n|-weather|none\n|-heal|p2b: Ursaluna|56\/100|[from] item: Leftovers\n|upkeep\n|\n|t:|1700788407\n|switch|p2a: Kingambit|Kingambit, F|100\/100\n|-activate|p2a: Kingambit|ability: Supreme Overlord\n|-start|p2a: Kingambit|fallen4|[silent]\n|turn|6\n|\n|t:|1700788418\n|move|p1b: Volcarona|Fiery Dance|p2a: Kingambit\n|-supereffective|p2a: Kingambit\n|-damage|p2a: Kingambit|0 fnt\n|-boost|p1b: Volcarona|spa|1\n|faint|p2a: Kingambit\n|-end|p2a: Kingambit|fallen4|[silent]\n|move|p1a: Basculegion|Wave Crash|p2b: Ursaluna\n|-supereffective|p2b: Ursaluna\n|-damage|p2b: Ursaluna|0 fnt\n|faint|p2b: Ursaluna\n|-damage|p1a: Basculegion|0 fnt|[from] Recoil\n|faint|p1a: Basculegion\n|\n|win|Bluesnowflakes\n|raw|Bluesnowflakes's rating: 1063 &rarr; <strong>1100<\/strong><br \/>(+37 for winning)\n|raw|suiis's rating: 1139 &rarr; <strong>1109<\/strong><br \/>(-30 for losing)\n|l|\u2606suiis\n","uploadtime":1700788507,"views":5,"p1id":"bluesnowflakes","p2id":"suiis","formatid":"gen9doublesou","rating":1100,"private":0,"password":""}