{"id":"gen9doublesou-1996220749","p1":"BucketWahoo","p2":"SkyGandr","format":"[Gen 9] Doubles OU","log":"|j|\u2606BucketWahoo\n|j|\u2606SkyGandr\n|t:|1700660762\n|gametype|doubles\n|player|p1|BucketWahoo|102|1061\n|player|p2|SkyGandr|ethan-masters|1141\n|teamsize|p1|6\n|teamsize|p2|6\n|gen|9\n|tier|[Gen 9] Doubles OU\n|rated|\n|rule|Species Clause: Limit one of each Pok\u00e9mon\n|rule|OHKO Clause: OHKO moves are banned\n|rule|Evasion Moves Clause: Evasion moves are banned\n|rule|Gravity Sleep Clause: The combination of sleep-inducing moves with imperfect accuracy and Gravity or Gigantamax Orbeetle are banned\n|rule|Endless Battle Clause: Forcing endless battles is banned\n|rule|HP Percentage Mod: HP is shown in percentages\n|clearpoke\n|poke|p1|Tauros-Paldea-Blaze, M|\n|poke|p1|Meowscarada, F|\n|poke|p1|Flamigo, F|\n|poke|p1|Armarouge, F|\n|poke|p1|Amoonguss, M|\n|poke|p1|Mismagius, M|\n|poke|p2|Flutter Mane|\n|poke|p2|Volcanion|\n|poke|p2|Kingambit, F|\n|poke|p2|Landorus-Therian, M|\n|poke|p2|Iron Hands|\n|poke|p2|Chi-Yu|\n|teampreview\n|\n|t:|1700660769\n|start\n|switch|p1a: Tauros|Tauros-Paldea-Blaze, M|100\/100\n|switch|p1b: Meowscarada|Meowscarada, F|100\/100\n|switch|p2a: Sirius|Chi-Yu|100\/100\n|switch|p2b: Betelgeuse|Flutter Mane|100\/100\n|-ability|p2a: Sirius|Beads of Ruin\n|turn|1\n|\n|t:|1700660787\n|switch|p2a: Adhara|Landorus-Therian, M|100\/100\n|-ability|p2a: Adhara|Intimidate|boost\n|-unboost|p1a: Tauros|atk|1\n|-unboost|p1b: Meowscarada|atk|1\n|move|p1b: Meowscarada|Flower Trick|p1a: Tauros\n|-start|p1b: Meowscarada|typechange|Grass|[from] ability: Protean\n|-resisted|p1a: Tauros\n|-crit|p1a: Tauros\n|-damage|p1a: Tauros|67\/100\n|-setboost|p1a: Tauros|atk|6|[from] ability: Anger Point\n|move|p2b: Betelgeuse|Psyshock|p1a: Tauros\n|-supereffective|p1a: Tauros\n|-damage|p1a: Tauros|0 fnt\n|faint|p1a: Tauros\n|\n|upkeep\n|\n|t:|1700660804\n|switch|p1a: Mismagius|Mismagius, M|100\/100\n|turn|2\n|\n|t:|1700660817\n|-end|p2b: Betelgeuse|Protosynthesis|[silent]\n|switch|p2b: Antares|Iron Hands|100\/100\n|move|p1b: Meowscarada|Flower Trick|p2a: Adhara\n|-crit|p2a: Adhara\n|-damage|p2a: Adhara|46\/100\n|-enditem|p2a: Adhara|Sitrus Berry|[eat]\n|-heal|p2a: Adhara|71\/100|[from] item: Sitrus Berry\n|move|p1a: Mismagius|Hex|p2b: Antares\n|-damage|p2b: Antares|86\/100\n|move|p2a: Adhara|U-turn|p1b: Meowscarada\n|-supereffective|p1b: Meowscarada\n|-damage|p1b: Meowscarada|4\/100\n|\n|t:|1700660829\n|switch|p2a: Sirius|Chi-Yu|100\/100|[from] U-turn\n|-ability|p2a: Sirius|Beads of Ruin\n|\n|upkeep\n|turn|3\n|-activate|p1a: Mismagius|item: Quick Claw\n|\n|t:|1700660838\n|move|p2b: Antares|Fake Out|p1b: Meowscarada\n|-damage|p1b: Meowscarada|0 fnt\n|faint|p1b: Meowscarada\n|move|p1a: Mismagius|Dazzling Gleam|p2a: Sirius|[spread] p2a,p2b\n|-supereffective|p2b: Antares\n|-damage|p2a: Sirius|81\/100\n|-damage|p2b: Antares|62\/100\n|move|p2a: Sirius|Dark Pulse|p1a: Mismagius\n|-supereffective|p1a: Mismagius\n|-damage|p1a: Mismagius|0 fnt\n|faint|p1a: Mismagius\n|\n|upkeep\n|\n|t:|1700660851\n|switch|p1b: Armarouge|Armarouge, F|100\/100\n|switch|p1a: Flamigo|Flamigo, F|100\/100\n|turn|4\n|\n|t:|1700660862\n|move|p2a: Sirius|Dark Pulse|p1b: Armarouge\n|-supereffective|p1b: Armarouge\n|-enditem|p1b: Armarouge|Focus Sash\n|-damage|p1b: Armarouge|1\/100\n|move|p1a: Flamigo|Brave Bird|p2b: Antares\n|-damage|p2b: Antares|23\/100\n|-damage|p1a: Flamigo|81\/100|[from] Recoil\n|move|p1b: Armarouge|Aura Sphere|p2a: Sirius\n|-supereffective|p2a: Sirius\n|-damage|p2a: Sirius|18\/100\n|move|p2b: Antares|Wild Charge|p1a: Flamigo\n|-supereffective|p1a: Flamigo\n|-damage|p1a: Flamigo|0 fnt\n|faint|p1a: Flamigo\n|-damage|p2b: Antares|9\/100|[from] Recoil\n|\n|upkeep\n|\n|t:|1700660878\n|switch|p1a: Amoonguss|Amoonguss, M|100\/100\n|turn|5\n|\n|t:|1700660888\n|move|p2a: Sirius|Dark Pulse|p1b: Armarouge\n|-supereffective|p1b: Armarouge\n|-damage|p1b: Armarouge|0 fnt\n|faint|p1b: Armarouge\n|move|p2b: Antares|Ice Punch|p1a: Amoonguss\n|-supereffective|p1a: Amoonguss\n|-damage|p1a: Amoonguss|31\/100\n|-status|p1a: Amoonguss|frz\n|-curestatus|p1a: Amoonguss|frz|[msg]\n|move|p1a: Amoonguss|Pollen Puff|p1: Armarouge|[notarget]\n|-fail|p1a: Amoonguss\n|\n|upkeep\n|turn|6\n|c|\u2606SkyGandr|gg\n|\n|t:|1700660902\n|-terastallize|p1a: Amoonguss|Steel\n|move|p1a: Amoonguss|Protect|p1a: Amoonguss\n|-singleturn|p1a: Amoonguss|Protect\n|move|p2a: Sirius|Dark Pulse|p1a: Amoonguss\n|-activate|p1a: Amoonguss|move: Protect\n|move|p2b: Antares|Ice Punch|p1a: Amoonguss\n|-activate|p1a: Amoonguss|move: Protect\n|\n|upkeep\n|turn|7\n|\n|t:|1700660915\n|move|p2a: Sirius|Dark Pulse|p1a: Amoonguss\n|-damage|p1a: Amoonguss|0 fnt\n|faint|p1a: Amoonguss\n|\n|win|SkyGandr\n|raw|BucketWahoo's rating: 1061 &rarr; <strong>1046<\/strong><br \/>(-15 for losing)\n|raw|SkyGandr's rating: 1141 &rarr; <strong>1160<\/strong><br \/>(+19 for winning)\n","uploadtime":1700660921,"views":5,"p1id":"bucketwahoo","p2id":"skygandr","formatid":"gen9doublesou","rating":1046,"private":0,"password":""}