{"id":"gen9doublesou-1970797415","p1":"breloomfan13","p2":"parroti77","format":"[Gen 9] Doubles OU","log":"|j|\u2606breloomfan13\n|j|\u2606parroti77\n|t:|1697668130\n|gametype|doubles\n|player|p1|breloomfan13|169|1000\n|player|p2|parroti77|bertha|1032\n|teamsize|p1|6\n|teamsize|p2|6\n|gen|9\n|tier|[Gen 9] Doubles OU\n|rated|\n|rule|Species Clause: Limit one of each Pok\u00e9mon\n|rule|OHKO Clause: OHKO moves are banned\n|rule|Evasion Moves Clause: Evasion moves are banned\n|rule|Gravity Sleep Clause: The combination of sleep-inducing moves with imperfect accuracy and Gravity or Gigantamax Orbeetle are banned\n|rule|Endless Battle Clause: Forcing endless battles is banned\n|rule|HP Percentage Mod: HP is shown in percentages\n|clearpoke\n|poke|p1|Breloom, M|\n|poke|p1|Iron Hands|\n|poke|p1|Heatran, M|\n|poke|p1|Gyarados, M|\n|poke|p1|Chi-Yu|\n|poke|p1|Scream Tail|\n|poke|p2|Amoonguss, F|\n|poke|p2|Arcanine, F|\n|poke|p2|Flutter Mane|\n|poke|p2|Garchomp, M|\n|poke|p2|Gyarados, F|\n|poke|p2|Bisharp, F|\n|teampreview\n|inactive|Battle timer is ON: inactive players will automatically lose when time's up. (requested by breloomfan13)\n|\n|t:|1697668192\n|start\n|switch|p1a: Breloom|Breloom, M, shiny|100\/100\n|switch|p1b: Iron Hands|Iron Hands|100\/100\n|switch|p2a: Arcanine|Arcanine, F|100\/100\n|switch|p2b: Flutter Mane|Flutter Mane|100\/100\n|-ability|p2a: Arcanine|Intimidate|boost\n|-unboost|p1a: Breloom|atk|1\n|-unboost|p1b: Iron Hands|atk|1\n|turn|1\n|\n|t:|1697668210\n|move|p1b: Iron Hands|Fake Out|p2a: Arcanine\n|-damage|p2a: Arcanine|86\/100\n|move|p1a: Breloom|Spore|p2b: Flutter Mane\n|-status|p2b: Flutter Mane|slp|[from] move: Spore\n|cant|p2b: Flutter Mane|slp\n|cant|p2a: Arcanine|flinch\n|\n|upkeep\n|turn|2\n|\n|t:|1697668230\n|move|p1a: Breloom|Spore|p2a: Arcanine\n|-status|p2a: Arcanine|slp|[from] move: Spore\n|-curestatus|p2b: Flutter Mane|slp|[msg]\n|move|p2b: Flutter Mane|Moonblast|p1b: Iron Hands\n|-supereffective|p1b: Iron Hands\n|-damage|p1b: Iron Hands|37\/100\n|cant|p2a: Arcanine|slp\n|move|p1b: Iron Hands|Wild Charge|p2b: Flutter Mane\n|-damage|p2b: Flutter Mane|52\/100\n|-damage|p1b: Iron Hands|29\/100|[from] Recoil\n|\n|-heal|p2b: Flutter Mane|58\/100|[from] item: Leftovers\n|-heal|p1b: Iron Hands|35\/100|[from] item: Leftovers\n|upkeep\n|turn|3\n|\n|t:|1697668254\n|move|p1a: Breloom|Spore|p2b: Flutter Mane\n|-status|p2b: Flutter Mane|slp|[from] move: Spore\n|cant|p2b: Flutter Mane|slp\n|cant|p2a: Arcanine|slp\n|move|p1b: Iron Hands|Wild Charge|p2b: Flutter Mane\n|-damage|p2b: Flutter Mane|11\/100 slp\n|-damage|p1b: Iron Hands|27\/100|[from] Recoil\n|\n|-heal|p2b: Flutter Mane|17\/100 slp|[from] item: Leftovers\n|-heal|p1b: Iron Hands|34\/100|[from] item: Leftovers\n|upkeep\n|turn|4\n|\n|t:|1697668281\n|-end|p2b: Flutter Mane|Protosynthesis|[silent]\n|switch|p2b: Gyarados|Gyarados, F|100\/100\n|-ability|p2b: Gyarados|Intimidate|boost\n|-unboost|p1a: Breloom|atk|1\n|-unboost|p1b: Iron Hands|atk|1\n|switch|p2a: Amoonguss|Amoonguss, F, shiny|100\/100\n|move|p1a: Breloom|Spore|p2b: Gyarados\n|-status|p2b: Gyarados|slp|[from] move: Spore\n|move|p1b: Iron Hands|Wild Charge|p2b: Gyarados\n|-supereffective|p2b: Gyarados\n|-damage|p2b: Gyarados|0 fnt\n|-damage|p1b: Iron Hands|17\/100|[from] item: Rocky Helmet|[of] p2b: Gyarados\n|faint|p2b: Gyarados\n|-damage|p1b: Iron Hands|0 fnt|[from] Recoil\n|faint|p1b: Iron Hands\n|-end|p1b: Iron Hands|Quark Drive|[silent]\n|\n|upkeep\n|\n|t:|1697668300\n|switch|p2b: Arcanine|Arcanine, F|86\/100 slp\n|switch|p1b: Heatran|Heatran, M|100\/100\n|-ability|p2b: Arcanine|Intimidate|boost\n|-unboost|p1a: Breloom|atk|1\n|-unboost|p1b: Heatran|atk|1\n|turn|5\n|\n|t:|1697668315\n|-terastallize|p2a: Amoonguss|Water\n|move|p1a: Breloom|Spore|p2b: Arcanine\n|-fail|p2b: Arcanine|slp\n|cant|p2b: Arcanine|slp\n|move|p1b: Heatran|Earth Power|p2b: Arcanine\n|-supereffective|p2b: Arcanine\n|-damage|p2b: Arcanine|0 fnt\n|faint|p2b: Arcanine\n|move|p2a: Amoonguss|Venoshock|p1a: Breloom\n|-supereffective|p1a: Breloom\n|-damage|p1a: Breloom|21\/100\n|\n|upkeep\n|\n|t:|1697668330\n|switch|p2b: Garchomp|Garchomp, M, shiny|100\/100\n|turn|6\n|\n|t:|1697668350\n|-terastallize|p1b: Heatran|Grass\n|move|p1a: Breloom|Spore|p2b: Garchomp\n|-status|p2b: Garchomp|slp|[from] move: Spore\n|cant|p2b: Garchomp|slp\n|move|p1b: Heatran|Flash Cannon|p2b: Garchomp\n|-damage|p2b: Garchomp|65\/100 slp\n|move|p2a: Amoonguss|Venoshock|p1a: Breloom\n|-supereffective|p1a: Breloom\n|-crit|p1a: Breloom\n|-damage|p1a: Breloom|0 fnt\n|faint|p1a: Breloom\n|\n|upkeep\n|\n|t:|1697668365\n|switch|p1a: Scream Tail|Scream Tail|100\/100\n|turn|7\n|\n|t:|1697668381\n|switch|p2b: Flutter Mane|Flutter Mane|17\/100 slp\n|move|p1a: Scream Tail|Reflect|p1a: Scream Tail\n|-sidestart|p1: breloomfan13|Reflect\n|move|p1b: Heatran|Tera Blast|p2b: Flutter Mane|[anim] Tera Blast Grass\n|-damage|p2b: Flutter Mane|0 fnt\n|faint|p2b: Flutter Mane\n|-end|p2b: Flutter Mane|Protosynthesis|[silent]\n|move|p2a: Amoonguss|Venoshock|p1b: Heatran\n|-supereffective|p1b: Heatran\n|-damage|p1b: Heatran|74\/100\n|\n|upkeep\n|\n|t:|1697668392\n|switch|p2b: Garchomp|Garchomp, M, shiny|65\/100 slp\n|turn|8\n|\n|t:|1697668411\n|move|p1a: Scream Tail|Light Screen|p1a: Scream Tail\n|-sidestart|p1: breloomfan13|move: Light Screen\n|cant|p2b: Garchomp|slp\n|move|p1b: Heatran|Tera Blast|p2b: Garchomp|[anim] Tera Blast Grass\n|-damage|p2b: Garchomp|30\/100 slp\n|move|p2a: Amoonguss|Spore|p1a: Scream Tail\n|-status|p1a: Scream Tail|slp|[from] move: Spore\n|\n|upkeep\n|turn|9\n|\n|t:|1697668424\n|cant|p1a: Scream Tail|slp\n|cant|p2b: Garchomp|slp\n|move|p1b: Heatran|Tera Blast|p2b: Garchomp|[anim] Tera Blast Grass\n|-damage|p2b: Garchomp|0 fnt\n|faint|p2b: Garchomp\n|move|p2a: Amoonguss|Venoshock|p1b: Heatran\n|-supereffective|p1b: Heatran\n|-damage|p1b: Heatran|57\/100\n|\n|upkeep\n|\n|t:|1697668432\n|switch|p2b: Bisharp|Bisharp, F, shiny|100\/100\n|turn|10\n|\n|t:|1697668446\n|-end|p1a: Scream Tail|Protosynthesis|[silent]\n|switch|p1a: Chi-Yu|Chi-Yu|100\/100\n|-ability|p1a: Chi-Yu|Beads of Ruin\n|move|p2b: Bisharp|Flash Cannon|p1a: Chi-Yu\n|-resisted|p1a: Chi-Yu\n|-damage|p1a: Chi-Yu|93\/100\n|move|p1b: Heatran|Heat Wave|p2b: Bisharp|[spread] p2a,p2b\n|-resisted|p2a: Amoonguss\n|-supereffective|p2b: Bisharp\n|-damage|p2a: Amoonguss|78\/100\n|-damage|p2b: Bisharp|0 fnt\n|faint|p2b: Bisharp\n|move|p2a: Amoonguss|Venoshock|p1b: Heatran\n|-supereffective|p1b: Heatran\n|-damage|p1b: Heatran|33\/100\n|\n|upkeep\n|turn|11\n|\n|t:|1697668470\n|move|p1a: Chi-Yu|Heat Wave|p2a: Amoonguss|[miss]\n|-miss|p1a: Chi-Yu|p2a: Amoonguss\n|move|p1b: Heatran|Tera Blast|p2a: Amoonguss|[anim] Tera Blast Grass\n|-supereffective|p2a: Amoonguss\n|-damage|p2a: Amoonguss|0 fnt\n|faint|p2a: Amoonguss\n|\n|win|breloomfan13\n|raw|breloomfan13's rating: 1000 &rarr; <strong>1044<\/strong><br \/>(+44 for winning)\n|raw|parroti77's rating: 1032 &rarr; <strong>1016<\/strong><br \/>(-16 for losing)\n|n|\u2606breloomfan13|breloomfan13\n|player|p1|breloomfan13|169\n","uploadtime":1697668513,"views":22,"p1id":"breloomfan13","p2id":"parroti77","formatid":"gen9doublesou","rating":1016,"private":0,"password":""}