{"id":"gen9doublesou-2000606576","p1":"FabioLunar","p2":"Riley 810","format":"[Gen 9] Doubles OU","log":"|j|\u2606FabioLunar\n|j|\u2606Riley 810\n|t:|1701209887\n|gametype|doubles\n|player|p1|FabioLunar|zinnia|1085\n|player|p2|Riley 810|169|1033\n|teamsize|p1|6\n|teamsize|p2|6\n|gen|9\n|tier|[Gen 9] Doubles OU\n|rated|\n|rule|Species Clause: Limit one of each Pok\u00e9mon\n|rule|OHKO Clause: OHKO moves are banned\n|rule|Evasion Moves Clause: Evasion moves are banned\n|rule|Gravity Sleep Clause: The combination of sleep-inducing moves with imperfect accuracy and Gravity or Gigantamax Orbeetle are banned\n|rule|Endless Battle Clause: Forcing endless battles is banned\n|rule|HP Percentage Mod: HP is shown in percentages\n|clearpoke\n|poke|p1|Grumpig, F|\n|poke|p1|Jirachi|\n|poke|p1|Tsareena, F|\n|poke|p1|Cresselia, F|\n|poke|p1|Sylveon, M|\n|poke|p1|Tornadus, M|\n|poke|p2|Pikachu, M|\n|poke|p2|Orthworm, M|\n|poke|p2|Sinistcha|\n|poke|p2|Clefairy, M|\n|poke|p2|Dragonite, F|\n|poke|p2|Glimmora, M|\n|teampreview\n|\n|t:|1701209892\n|start\n|switch|p1a: Jirachi|Jirachi|100\/100\n|switch|p1b: Grumpig|Grumpig, F|100\/100\n|switch|p2a: Pikachu|Pikachu, M|100\/100\n|switch|p2b: Glimmora|Glimmora, M|100\/100\n|turn|1\n|c|\u2606FabioLunar|glhf\n|\n|t:|1701209906\n|move|p2a: Pikachu|Fake Out|p1a: Jirachi\n|-resisted|p1a: Jirachi\n|-damage|p1a: Jirachi|95\/100\n|move|p1b: Grumpig|Simple Beam|p1a: Jirachi\n|-endability|p1a: Jirachi|Serene Grace|[from] move: Simple Beam\n|-ability|p1a: Jirachi|Simple|[from] move: Simple Beam\n|cant|p1a: Jirachi|flinch\n|move|p2b: Glimmora|Stealth Rock|p1a: Jirachi\n|-sidestart|p1: FabioLunar|move: Stealth Rock\n|\n|-heal|p1a: Jirachi|100\/100|[from] item: Leftovers\n|upkeep\n|turn|2\n|\n|t:|1701209925\n|move|p1b: Grumpig|Icy Wind|p2a: Pikachu|[spread] p2a,p2b\n|-damage|p2a: Pikachu|82\/100\n|-damage|p2b: Glimmora|91\/100\n|-unboost|p2a: Pikachu|spe|1\n|-unboost|p2b: Glimmora|spe|1\n|move|p1a: Jirachi|Cosmic Power|p1a: Jirachi\n|-boost|p1a: Jirachi|def|2\n|-boost|p1a: Jirachi|spd|2\n|move|p2a: Pikachu|Knock Off|p1a: Jirachi\n|-supereffective|p1a: Jirachi\n|-damage|p1a: Jirachi|71\/100\n|-enditem|p1a: Jirachi|Leftovers|[from] move: Knock Off|[of] p2a: Pikachu\n|move|p2b: Glimmora|Sludge Bomb|p1a: Jirachi\n|-immune|p1a: Jirachi\n|\n|upkeep\n|turn|3\n|\n|t:|1701209946\n|move|p1b: Grumpig|Icy Wind|p2a: Pikachu|[spread] p2a,p2b\n|-damage|p2a: Pikachu|63\/100\n|-damage|p2b: Glimmora|82\/100\n|-unboost|p2a: Pikachu|spe|1\n|-unboost|p2b: Glimmora|spe|1\n|move|p1a: Jirachi|Cosmic Power|p1a: Jirachi\n|-boost|p1a: Jirachi|def|2\n|-boost|p1a: Jirachi|spd|2\n|move|p2a: Pikachu|Knock Off|p1a: Jirachi\n|-supereffective|p1a: Jirachi\n|-damage|p1a: Jirachi|58\/100\n|move|p2b: Glimmora|Sludge Bomb|p1b: Grumpig\n|-damage|p1b: Grumpig|55\/100\n|\n|-heal|p1b: Grumpig|61\/100|[from] item: Leftovers\n|upkeep\n|turn|4\n|-activate|p2b: Glimmora|item: Quick Claw\n|\n|t:|1701209971\n|-terastallize|p1a: Jirachi|Water\n|move|p2b: Glimmora|Spiky Shield|p2b: Glimmora\n|-singleturn|p2b: Glimmora|move: Protect\n|move|p1b: Grumpig|Icy Wind|p2a: Pikachu|[spread] p2a\n|-activate|p2b: Glimmora|move: Protect\n|-damage|p2a: Pikachu|43\/100\n|-unboost|p2a: Pikachu|spe|1\n|move|p1a: Jirachi|Cosmic Power|p1a: Jirachi\n|-boost|p1a: Jirachi|def|2\n|-boost|p1a: Jirachi|spd|2\n|move|p2a: Pikachu|Thunder Punch|p1a: Jirachi\n|-supereffective|p1a: Jirachi\n|-damage|p1a: Jirachi|41\/100\n|\n|-heal|p1b: Grumpig|67\/100|[from] item: Leftovers\n|upkeep\n|turn|5\n|\n|t:|1701209993\n|switch|p1b: Cresselia|Cresselia, F|100\/100\n|-damage|p1b: Cresselia|88\/100|[from] Stealth Rock\n|switch|p2b: Sinistcha|Sinistcha|100\/100\n|-heal|p2a: Pikachu|67\/100|[from] ability: Hospitality|[of] p2b: Sinistcha\n|move|p1a: Jirachi|Protect|p1a: Jirachi\n|-singleturn|p1a: Jirachi|Protect\n|move|p2a: Pikachu|Thunder Punch|p1a: Jirachi\n|-activate|p1a: Jirachi|move: Protect\n|\n|-heal|p1b: Cresselia|94\/100|[from] item: Leftovers\n|upkeep\n|turn|6\n|\n|t:|1701210018\n|move|p2b: Sinistcha|Matcha Gotcha|p1b: Cresselia|[spread] p1b\n|-miss|p2b: Sinistcha|p1a: Jirachi\n|-damage|p1b: Cresselia|76\/100\n|move|p1a: Jirachi|Dazzling Gleam|p2a: Pikachu|[spread] p2a,p2b\n|-damage|p2a: Pikachu|36\/100\n|-damage|p2b: Sinistcha|83\/100\n|move|p1b: Cresselia|Lunar Blessing|p1b: Cresselia|[spread] p1a,p1b\n|-heal|p1a: Jirachi|66\/100\n|-heal|p1b: Cresselia|100\/100\n|move|p2a: Pikachu|Thunder Punch|p1a: Jirachi\n|-supereffective|p1a: Jirachi\n|-damage|p1a: Jirachi|48\/100\n|\n|upkeep\n|turn|7\n|\n|t:|1701210046\n|switch|p2a: Dragonite|Dragonite, F|100\/100\n|move|p2b: Sinistcha|Matcha Gotcha|p1b: Cresselia|[spread] p1a,p1b\n|-supereffective|p1a: Jirachi\n|-damage|p1a: Jirachi|35\/100\n|-heal|p2b: Sinistcha|91\/100|[from] drain|[of] p1a: Jirachi\n|-damage|p1b: Cresselia|83\/100\n|-heal|p2b: Sinistcha|100\/100|[from] drain|[of] p1b: Cresselia\n|move|p1a: Jirachi|Stored Power|p2b: Sinistcha\n|-damage|p2b: Sinistcha|0 fnt\n|faint|p2b: Sinistcha\n|move|p1b: Cresselia|Lunar Blessing|p1b: Cresselia|[spread] p1a,p1b\n|-heal|p1a: Jirachi|60\/100\n|-heal|p1b: Cresselia|100\/100\n|\n|upkeep\n|\n|t:|1701210067\n|switch|p2b: Clefairy|Clefairy, M|100\/100\n|turn|8\n|\n|t:|1701210084\n|-terastallize|p2a: Dragonite|Normal\n|move|p2b: Clefairy|Helping Hand|p2a: Dragonite\n|-singleturn|p2a: Dragonite|Helping Hand|[of] p2b: Clefairy\n|move|p2a: Dragonite|Extreme Speed|p1a: Jirachi\n|-damage|p1a: Jirachi|44\/100\n|-damage|p2a: Dragonite|91\/100|[from] item: Life Orb\n|move|p1a: Jirachi|Stored Power|p2a: Dragonite\n|-damage|p2a: Dragonite|28\/100\n|move|p1b: Cresselia|Lunar Blessing|p1b: Cresselia|[spread] p1a,p1b\n|-heal|p1a: Jirachi|69\/100\n|\n|upkeep\n|turn|9\n|\n|t:|1701210104\n|move|p2a: Dragonite|Protect|p2a: Dragonite\n|-singleturn|p2a: Dragonite|Protect\n|move|p1a: Jirachi|Dazzling Gleam|p2a: Dragonite|[spread] p2b\n|-activate|p2a: Dragonite|move: Protect\n|-damage|p2b: Clefairy|87\/100\n|move|p1b: Cresselia|Thunder Wave|p2b: Clefairy\n|-status|p2b: Clefairy|par\n|cant|p2b: Clefairy|par\n|\n|upkeep\n|turn|10\n|\n|t:|1701210131\n|move|p1b: Cresselia|Helping Hand|p1a: Jirachi\n|-singleturn|p1a: Jirachi|Helping Hand|[of] p1b: Cresselia\n|move|p1a: Jirachi|Dazzling Gleam|p2b: Clefairy|[spread] p2a,p2b\n|-damage|p2a: Dragonite|15\/100\n|-damage|p2b: Clefairy|66\/100 par\n|move|p2a: Dragonite|Ice Spinner|p1b: Cresselia\n|-damage|p1b: Cresselia|74\/100\n|-damage|p2a: Dragonite|5\/100|[from] item: Life Orb\n|move|p2b: Clefairy|Heal Pulse|p2a: Dragonite\n|-heal|p2a: Dragonite|55\/100\n|\n|-heal|p1b: Cresselia|80\/100|[from] item: Leftovers\n|upkeep\n|turn|11\n|\n|t:|1701210160\n|switch|p1b: Tsareena|Tsareena, F|100\/100\n|-damage|p1b: Tsareena|88\/100|[from] Stealth Rock\n|move|p2b: Clefairy|Follow Me|p2b: Clefairy\n|-singleturn|p2b: Clefairy|move: Follow Me\n|move|p1a: Jirachi|Stored Power|p2b: Clefairy\n|-damage|p2b: Clefairy|0 fnt\n|faint|p2b: Clefairy\n|move|p2a: Dragonite|Dragon Dance|p2a: Dragonite\n|-boost|p2a: Dragonite|atk|1\n|-boost|p2a: Dragonite|spe|1\n|\n|upkeep\n|\n|t:|1701210174\n|switch|p2b: Pikachu|Pikachu, M|36\/100\n|turn|12\n|\n|t:|1701210184\n|move|p1a: Jirachi|Protect|p1a: Jirachi\n|-singleturn|p1a: Jirachi|Protect\n|move|p2a: Dragonite|Extreme Speed||[still]\n|cant|p1b: Tsareena|ability: Queenly Majesty|Extreme Speed|[of] p2a: Dragonite\n|move|p1b: Tsareena|Acupressure|p1a: Jirachi\n|-boost|p1a: Jirachi|evasion|4\n|move|p2b: Pikachu|Thunder Punch|p1a: Jirachi\n|-activate|p1a: Jirachi|move: Protect\n|\n|upkeep\n|turn|13\n|\n|t:|1701210204\n|move|p2a: Dragonite|Extreme Speed||[still]\n|cant|p1b: Tsareena|ability: Queenly Majesty|Extreme Speed|[of] p2a: Dragonite\n|move|p1b: Tsareena|Acupressure|p1a: Jirachi\n|-boost|p1a: Jirachi|accuracy|4\n|move|p2b: Pikachu|Thunder Punch|p1a: Jirachi\n|-supereffective|p1a: Jirachi\n|-damage|p1a: Jirachi|51\/100\n|move|p1a: Jirachi|Dazzling Gleam|p2a: Dragonite|[spread] p2a,p2b\n|-damage|p2a: Dragonite|43\/100\n|-damage|p2b: Pikachu|2\/100\n|\n|upkeep\n|turn|14\n|\n|t:|1701210239\n|switch|p2b: Glimmora|Glimmora, M|82\/100\n|move|p1a: Jirachi|Protect|p1a: Jirachi\n|-singleturn|p1a: Jirachi|Protect\n|move|p1b: Tsareena|Acupressure|p1a: Jirachi\n|-boost|p1a: Jirachi|accuracy|2\n|move|p2a: Dragonite|Ice Spinner|p1b: Tsareena\n|-supereffective|p1b: Tsareena\n|-damage|p1b: Tsareena|0 fnt\n|faint|p1b: Tsareena\n|-damage|p2a: Dragonite|33\/100|[from] item: Life Orb\n|\n|upkeep\n|\n|t:|1701210259\n|switch|p1b: Sylveon|Sylveon, M|100\/100\n|-damage|p1b: Sylveon|88\/100|[from] Stealth Rock\n|turn|15\n|-activate|p2b: Glimmora|item: Quick Claw\n|\n|t:|1701210277\n|move|p2a: Dragonite|Extreme Speed|p1b: Sylveon\n|-damage|p1b: Sylveon|16\/100\n|-damage|p2a: Dragonite|23\/100|[from] item: Life Orb\n|move|p2b: Glimmora|Sludge Bomb|p1b: Sylveon\n|-supereffective|p1b: Sylveon\n|-damage|p1b: Sylveon|0 fnt\n|faint|p1b: Sylveon\n|move|p1a: Jirachi|Stored Power|p2a: Dragonite\n|-damage|p2a: Dragonite|0 fnt\n|faint|p2a: Dragonite\n|\n|upkeep\n|\n|t:|1701210291\n|switch|p2a: Orthworm|Orthworm, M|100\/100\n|switch|p1b: Cresselia|Cresselia, F|80\/100\n|-damage|p1b: Cresselia|68\/100|[from] Stealth Rock\n|turn|16\n|\n|t:|1701210303\n|move|p1b: Cresselia|Helping Hand|p1a: Jirachi\n|-singleturn|p1a: Jirachi|Helping Hand|[of] p1b: Cresselia\n|move|p1a: Jirachi|Stored Power|p2a: Orthworm\n|-resisted|p2a: Orthworm\n|-damage|p2a: Orthworm|0 fnt\n|faint|p2a: Orthworm\n|move|p2b: Glimmora|Sludge Bomb|p1a: Jirachi|[miss]\n|-miss|p2b: Glimmora|p1a: Jirachi\n|\n|-heal|p1b: Cresselia|74\/100|[from] item: Leftovers\n|upkeep\n|\n|t:|1701210314\n|switch|p2a: Pikachu|Pikachu, M|2\/100\n|turn|17\n|\n|t:|1701210326\n|move|p2a: Pikachu|Fake Out|p1a: Jirachi|[miss]\n|-miss|p2a: Pikachu|p1a: Jirachi\n|move|p1a: Jirachi|Dazzling Gleam|p2b: Glimmora|[spread] p2a,p2b\n|-resisted|p2b: Glimmora\n|-damage|p2a: Pikachu|0 fnt\n|-damage|p2b: Glimmora|75\/100\n|faint|p2a: Pikachu\n|move|p2b: Glimmora|Sludge Bomb|p1b: Cresselia\n|-damage|p1b: Cresselia|46\/100\n|move|p1b: Cresselia|Lunar Blessing|p1b: Cresselia|[spread] p1a,p1b\n|-heal|p1a: Jirachi|76\/100\n|-heal|p1b: Cresselia|71\/100\n|\n|-heal|p1b: Cresselia|77\/100|[from] item: Leftovers\n|upkeep\n|turn|18\n|\n|t:|1701210343\n|move|p1a: Jirachi|Protect|p1a: Jirachi\n|-singleturn|p1a: Jirachi|Protect\n|move|p2b: Glimmora|Spiky Shield|p2b: Glimmora\n|-singleturn|p2b: Glimmora|move: Protect\n|move|p1b: Cresselia|Thunder Wave|p2b: Glimmora\n|-activate|p2b: Glimmora|move: Protect\n|\n|-heal|p1b: Cresselia|83\/100|[from] item: Leftovers\n|upkeep\n|turn|19\n|c|\u2606FabioLunar|gg\n|\n|t:|1701210361\n|move|p1b: Cresselia|Helping Hand|p1a: Jirachi\n|-singleturn|p1a: Jirachi|Helping Hand|[of] p1b: Cresselia\n|move|p1a: Jirachi|Stored Power|p2b: Glimmora\n|-supereffective|p2b: Glimmora\n|-damage|p2b: Glimmora|0 fnt\n|faint|p2b: Glimmora\n|\n|win|FabioLunar\n|raw|FabioLunar's rating: 1085 &rarr; <strong>1108<\/strong><br \/>(+23 for winning)\n|raw|Riley 810's rating: 1033 &rarr; <strong>1020<\/strong><br \/>(-13 for losing)\n|l|\u2606Riley 810\n","uploadtime":1701210403,"views":6,"p1id":"fabiolunar","p2id":"riley810","formatid":"gen9doublesou","rating":1020,"private":0,"password":""}