{"id":"gen9doublesou-1988968625","p1":"Lp-$tylez","p2":"MosheahVOWS","format":"[Gen 9] Doubles OU","log":"|j|\u2606Lp-$tylez\n|j|\u2606MosheahVOWS\n|t:|1699796116\n|gametype|doubles\n|player|p1|Lp-$tylez|interviewers|\n|player|p2|MosheahVOWS|burglar|\n|teamsize|p1|6\n|teamsize|p2|6\n|gen|9\n|tier|[Gen 9] Doubles OU\n|rule|Species Clause: Limit one of each Pok\u00e9mon\n|rule|OHKO Clause: OHKO moves are banned\n|rule|Evasion Moves Clause: Evasion moves are banned\n|rule|Gravity Sleep Clause: The combination of sleep-inducing moves with imperfect accuracy and Gravity or Gigantamax Orbeetle are banned\n|rule|Endless Battle Clause: Forcing endless battles is banned\n|rule|HP Percentage Mod: HP is shown in percentages\n|clearpoke\n|poke|p1|Weezing, F|\n|poke|p1|Indeedee-F, F|\n|poke|p1|Hatterene, F|\n|poke|p1|Slaking, M|\n|poke|p1|Tornadus, M|\n|poke|p1|Regidrago|\n|poke|p2|Regidrago|\n|poke|p2|Hoopa|\n|poke|p2|Torkoal, M|\n|poke|p2|Great Tusk|\n|poke|p2|Thundurus, M|\n|poke|p2|Enamorus-Therian, F|\n|teampreview\n|\n|t:|1699796136\n|start\n|switch|p1a: Weezing|Weezing, F|100\/100\n|switch|p1b: Slaking|Slaking, M|100\/100\n|switch|p2a: Hoopa|Hoopa|100\/100\n|switch|p2b: Thundurus|Thundurus, M|100\/100\n|-ability|p1a: Weezing|Neutralizing Gas\n|turn|1\n|\n|t:|1699796163\n|move|p1a: Weezing|Protect|p1a: Weezing\n|-singleturn|p1a: Weezing|Protect\n|move|p2a: Hoopa|Psychic|p1a: Weezing\n|-activate|p1a: Weezing|move: Protect\n|move|p2b: Thundurus|Taunt|p1b: Slaking\n|-start|p1b: Slaking|move: Taunt\n|move|p1b: Slaking|Body Slam|p2b: Thundurus\n|-damage|p2b: Thundurus|26\/100\n|\n|upkeep\n|turn|2\n|\n|t:|1699796191\n|move|p1a: Weezing|Protect||[still]\n|-fail|p1a: Weezing\n|move|p2a: Hoopa|Psychic|p1b: Slaking\n|-damage|p1b: Slaking|42\/100\n|move|p2b: Thundurus|Substitute|p2b: Thundurus\n|-start|p2b: Thundurus|Substitute\n|-damage|p2b: Thundurus|2\/100\n|move|p1b: Slaking|Body Slam|p2b: Thundurus\n|-end|p2b: Thundurus|Substitute\n|\n|upkeep\n|turn|3\n|\n|t:|1699796223\n|move|p2b: Thundurus|Protect|p2b: Thundurus\n|-singleturn|p2b: Thundurus|Protect\n|move|p2a: Hoopa|Psychic|p1a: Weezing\n|-supereffective|p1a: Weezing\n|-crit|p1a: Weezing\n|-damage|p1a: Weezing|0 fnt\n|faint|p1a: Weezing\n|-end|p1a: Weezing|ability: Neutralizing Gas\n|move|p1b: Slaking|Body Slam|p2b: Thundurus\n|-activate|p2b: Thundurus|move: Protect\n|\n|-end|p1b: Slaking|move: Taunt\n|upkeep\n|\n|t:|1699796239\n|switch|p1a: Indeedee|Indeedee-F, F|100\/100\n|-fieldstart|move: Psychic Terrain|[from] ability: Psychic Surge|[of] p1a: Indeedee\n|turn|4\n|\n|t:|1699796255\n|move|p1a: Indeedee|Protect|p1a: Indeedee\n|-singleturn|p1a: Indeedee|Protect\n|move|p2a: Hoopa|Psychic|p1b: Slaking\n|-damage|p1b: Slaking|0 fnt\n|faint|p1b: Slaking\n|move|p2b: Thundurus|Thunderbolt|p1a: Indeedee\n|-activate|p1a: Indeedee|move: Protect\n|\n|upkeep\n|\n|t:|1699796265\n|switch|p1b: Hatterene|Hatterene, F|100\/100\n|turn|5\n|\n|t:|1699796285\n|switch|p2a: Enamorus|Enamorus-Therian, F|100\/100\n|move|p2b: Thundurus|Protect|p2b: Thundurus\n|-singleturn|p2b: Thundurus|Protect\n|move|p1a: Indeedee|Follow Me|p1a: Indeedee\n|-singleturn|p1a: Indeedee|move: Follow Me\n|move|p1b: Hatterene|Trick Room|p1b: Hatterene\n|-fieldstart|move: Trick Room|[of] p1b: Hatterene\n|\n|upkeep\n|turn|6\n|\n|t:|1699796308\n|switch|p2b: Regidrago|Regidrago|100\/100\n|move|p1a: Indeedee|Helping Hand|p1b: Hatterene\n|-singleturn|p1b: Hatterene|Helping Hand|[of] p1a: Indeedee\n|move|p1b: Hatterene|Psychic|p2a: Enamorus\n|-damage|p2a: Enamorus|0 fnt\n|faint|p2a: Enamorus\n|-damage|p1b: Hatterene|91\/100|[from] item: Life Orb\n|\n|upkeep\n|\n|t:|1699796325\n|switch|p2a: Torkoal|Torkoal, M|100\/100\n|-weather|SunnyDay|[from] ability: Drought|[of] p2a: Torkoal\n|-item|p2a: Torkoal|Air Balloon\n|turn|7\n|\n|t:|1699796354\n|move|p1a: Indeedee|Helping Hand|p1b: Hatterene\n|-singleturn|p1b: Hatterene|Helping Hand|[of] p1a: Indeedee\n|move|p2b: Regidrago|Protect|p2b: Regidrago\n|-singleturn|p2b: Regidrago|Protect\n|move|p2a: Torkoal|Eruption|p1b: Hatterene|[spread] p1a,p1b\n|-damage|p1a: Indeedee|50\/100\n|-damage|p1b: Hatterene|40\/100\n|move|p1b: Hatterene|Psychic|p2a: Torkoal\n|-damage|p2a: Torkoal|0 fnt\n|-enditem|p2a: Torkoal|Air Balloon\n|faint|p2a: Torkoal\n|-damage|p1b: Hatterene|30\/100|[from] item: Life Orb\n|\n|-weather|SunnyDay|[upkeep]\n|-heal|p1a: Indeedee|56\/100|[from] item: Leftovers\n|upkeep\n|\n|t:|1699796372\n|switch|p2a: Thundurus|Thundurus, M|2\/100\n|turn|8\n|\n|t:|1699796387\n|move|p1a: Indeedee|Helping Hand|p1b: Hatterene\n|-singleturn|p1b: Hatterene|Helping Hand|[of] p1a: Indeedee\n|move|p2a: Thundurus|Protect|p2a: Thundurus\n|-singleturn|p2a: Thundurus|Protect\n|move|p1b: Hatterene|Dazzling Gleam|p2a: Thundurus|[spread] p2b\n|-activate|p2a: Thundurus|move: Protect\n|-supereffective|p2b: Regidrago\n|-damage|p2b: Regidrago|0 fnt\n|faint|p2b: Regidrago\n|-damage|p1b: Hatterene|20\/100|[from] item: Life Orb\n|\n|-weather|SunnyDay|[upkeep]\n|-heal|p1a: Indeedee|62\/100|[from] item: Leftovers\n|-fieldend|move: Psychic Terrain\n|upkeep\n|\n|t:|1699796402\n|switch|p2b: Hoopa|Hoopa|100\/100\n|turn|9\n|\n|t:|1699796435\n|move|p1a: Indeedee|Helping Hand|p1b: Hatterene\n|-singleturn|p1b: Hatterene|Helping Hand|[of] p1a: Indeedee\n|move|p1b: Hatterene|Dazzling Gleam|p2a: Thundurus|[spread] p2a,p2b\n|-damage|p2a: Thundurus|0 fnt\n|-damage|p2b: Hoopa|35\/100\n|faint|p2a: Thundurus\n|-damage|p1b: Hatterene|11\/100|[from] item: Life Orb\n|move|p2b: Hoopa|Trick|p1b: Hatterene\n|-activate|p2b: Hoopa|move: Trick|[of] p1b: Hatterene\n|-item|p1b: Hatterene|Choice Scarf|[from] move: Trick\n|-item|p2b: Hoopa|Life Orb|[from] move: Trick\n|\n|-weather|SunnyDay|[upkeep]\n|-heal|p1a: Indeedee|68\/100|[from] item: Leftovers\n|-fieldend|move: Trick Room\n|upkeep\n|\n|t:|1699796447\n|switch|p2a: Great Tusk|Great Tusk|100\/100\n|-activate|p2a: Great Tusk|ability: Protosynthesis\n|-start|p2a: Great Tusk|protosynthesisspe\n|turn|10\n|\n|t:|1699796491\n|move|p2a: Great Tusk|Earthquake|p1a: Indeedee|[spread] p2b,p1a,p1b\n|-damage|p2b: Hoopa|0 fnt\n|-damage|p1a: Indeedee|39\/100\n|-damage|p1b: Hatterene|0 fnt\n|faint|p2b: Hoopa\n|faint|p1b: Hatterene\n|move|p1a: Indeedee|Psychic|p2a: Great Tusk\n|-supereffective|p2a: Great Tusk\n|-damage|p2a: Great Tusk|37\/100\n|\n|-weather|SunnyDay|[upkeep]\n|-heal|p1a: Indeedee|45\/100|[from] item: Leftovers\n|upkeep\n|\n|t:|1699796502\n|switch|p1b: Tornadus|Tornadus, M|100\/100\n|turn|11\n|\n|t:|1699796512\n|move|p1b: Tornadus|Tailwind|p1b: Tornadus\n|-sidestart|p1: Lp-$tylez|move: Tailwind\n|move|p2a: Great Tusk|Ice Spinner|p1b: Tornadus\n|-supereffective|p1b: Tornadus\n|-damage|p1b: Tornadus|20\/100\n|move|p1a: Indeedee|Psychic|p2a: Great Tusk\n|-supereffective|p2a: Great Tusk\n|-damage|p2a: Great Tusk|0 fnt\n|faint|p2a: Great Tusk\n|-end|p2a: Great Tusk|Protosynthesis|[silent]\n|\n|win|Lp-$tylez\n|l|\u2606Lp-$tylez\n","uploadtime":1699796564,"views":12,"p1id":"lptylez","p2id":"mosheahvows","formatid":"gen9doublesou","rating":0,"private":0,"password":""}