{"id":"gen9doublesou-1986486746","p1":"smexydevvi","p2":"darkrij","format":"[Gen 9] Doubles OU","log":"|j|\u2606smexydevvi\n|j|\u2606darkrij\n|t:|1699483984\n|gametype|doubles\n|player|p1|smexydevvi|cynthia-gen4|1237\n|player|p2|darkrij|102|1224\n|teamsize|p1|6\n|teamsize|p2|6\n|gen|9\n|tier|[Gen 9] Doubles OU\n|rated|\n|rule|Species Clause: Limit one of each Pok\u00e9mon\n|rule|OHKO Clause: OHKO moves are banned\n|rule|Evasion Moves Clause: Evasion moves are banned\n|rule|Gravity Sleep Clause: The combination of sleep-inducing moves with imperfect accuracy and Gravity or Gigantamax Orbeetle are banned\n|rule|Endless Battle Clause: Forcing endless battles is banned\n|rule|HP Percentage Mod: HP is shown in percentages\n|clearpoke\n|poke|p1|Arboliva, F|\n|poke|p1|Torkoal, M|\n|poke|p1|Vaporeon, F|\n|poke|p1|Overqwil, F|\n|poke|p1|Hatterene, F|\n|poke|p1|Scream Tail|\n|poke|p2|Snorlax, M|\n|poke|p2|Clefairy, F|\n|poke|p2|Sinistcha|\n|poke|p2|Landorus-Therian, M|\n|poke|p2|Iron Hands|\n|poke|p2|Kommo-o, F|\n|teampreview\n|\n|t:|1699484006\n|start\n|switch|p1a: Scream Tail|Scream Tail|100\/100\n|switch|p1b: Overqwil|Overqwil, F|100\/100\n|switch|p2a: Kommo-o|Kommo-o, F|100\/100\n|switch|p2b: Clefairy|Clefairy, F|100\/100\n|-ability|p1b: Overqwil|Intimidate|boost\n|-unboost|p2a: Kommo-o|atk|1\n|-unboost|p2b: Clefairy|atk|1\n|turn|1\n|\n|t:|1699484027\n|-terastallize|p2a: Kommo-o|Steel\n|move|p2b: Clefairy|Follow Me|p2b: Clefairy\n|-singleturn|p2b: Clefairy|move: Follow Me\n|move|p1a: Scream Tail|Thunder Wave|p2b: Clefairy\n|-status|p2b: Clefairy|par\n|move|p1b: Overqwil|Taunt|p2b: Clefairy\n|-start|p2b: Clefairy|move: Taunt\n|move|p2a: Kommo-o|Clangorous Soul|p2a: Kommo-o\n|-boost|p2a: Kommo-o|atk|1\n|-boost|p2a: Kommo-o|def|1\n|-boost|p2a: Kommo-o|spa|1\n|-boost|p2a: Kommo-o|spd|1\n|-boost|p2a: Kommo-o|spe|1\n|-damage|p2a: Kommo-o|68\/100\n|-enditem|p2a: Kommo-o|Throat Spray\n|-boost|p2a: Kommo-o|spa|1|[from] item: Throat Spray\n|\n|upkeep\n|turn|2\n|\n|t:|1699484058\n|switch|p2b: Sinistcha|Sinistcha|100\/100\n|-heal|p2a: Kommo-o|93\/100|[from] ability: Hospitality|[of] p2b: Sinistcha\n|move|p2a: Kommo-o|Clanging Scales|p1b: Overqwil|[spread] p1b\n|-immune|p1a: Scream Tail\n|-damage|p1b: Overqwil|0 fnt\n|faint|p1b: Overqwil\n|-unboost|p2a: Kommo-o|def|1\n|move|p1a: Scream Tail|Encore|p2a: Kommo-o\n|-start|p2a: Kommo-o|Encore\n|\n|upkeep\n|\n|t:|1699484070\n|switch|p1b: Hatterene|Hatterene, F|100\/100\n|turn|3\n|\n|t:|1699484092\n|move|p2b: Sinistcha|Rage Powder|p2b: Sinistcha\n|-singleturn|p2b: Sinistcha|move: Rage Powder\n|move|p2a: Kommo-o|Clanging Scales|p1b: Hatterene|[spread] \n|-immune|p1a: Scream Tail\n|-immune|p1b: Hatterene\n|move|p1a: Scream Tail|Sunny Day|p1a: Scream Tail\n|-weather|SunnyDay\n|-activate|p1a: Scream Tail|ability: Protosynthesis\n|-start|p1a: Scream Tail|protosynthesisspe\n|move|p1b: Hatterene|Mystical Fire|p2b: Sinistcha\n|-supereffective|p2b: Sinistcha\n|-damage|p2b: Sinistcha|0 fnt\n|faint|p2b: Sinistcha\n|\n|-weather|SunnyDay|[upkeep]\n|upkeep\n|\n|t:|1699484096\n|switch|p2b: Clefairy|Clefairy, F|100\/100 par\n|turn|4\n|inactive|Battle timer is ON: inactive players will automatically lose when time's up. (requested by darkrij)\n|\n|t:|1699484126\n|move|p2b: Clefairy|Follow Me|p2b: Clefairy\n|-singleturn|p2b: Clefairy|move: Follow Me\n|move|p1a: Scream Tail|Thunder Wave|p2b: Clefairy\n|-fail|p2b: Clefairy|par\n|move|p2a: Kommo-o|Clanging Scales|p1a: Scream Tail|[spread] \n|-immune|p1a: Scream Tail\n|-immune|p1b: Hatterene\n|move|p1b: Hatterene|Mystical Fire|p2b: Clefairy\n|-damage|p2b: Clefairy|70\/100 par\n|-unboost|p2b: Clefairy|spa|1\n|\n|-weather|SunnyDay|[upkeep]\n|upkeep\n|turn|5\n|\n|t:|1699484144\n|cant|p2b: Clefairy|par\n|move|p1a: Scream Tail|Psychic Fangs|p2a: Kommo-o\n|-resisted|p2a: Kommo-o\n|-damage|p2a: Kommo-o|86\/100\n|move|p2a: Kommo-o|Clanging Scales|p1a: Scream Tail|[spread] \n|-immune|p1a: Scream Tail\n|-immune|p1b: Hatterene\n|move|p1b: Hatterene|Mystical Fire|p2a: Kommo-o\n|-supereffective|p2a: Kommo-o\n|-damage|p2a: Kommo-o|43\/100\n|-unboost|p2a: Kommo-o|spa|1\n|\n|-weather|SunnyDay|[upkeep]\n|-end|p2a: Kommo-o|Encore\n|upkeep\n|turn|6\n|\n|t:|1699484164\n|move|p1a: Scream Tail|Encore|p2a: Kommo-o\n|-start|p2a: Kommo-o|Encore\n|move|p2a: Kommo-o|Clanging Scales|p1a: Scream Tail|[spread] \n|-immune|p1a: Scream Tail\n|-immune|p1b: Hatterene\n|move|p1b: Hatterene|Mystical Fire|p2a: Kommo-o\n|-supereffective|p2a: Kommo-o\n|-damage|p2a: Kommo-o|3\/100\n|-unboost|p2a: Kommo-o|spa|1\n|move|p2b: Clefairy|Heal Pulse|p2a: Kommo-o\n|-heal|p2a: Kommo-o|53\/100\n|\n|-weather|SunnyDay|[upkeep]\n|upkeep\n|turn|7\n|\n|t:|1699484182\n|switch|p2a: Snorlax|Snorlax, M, shiny|100\/100\n|move|p2b: Clefairy|Protect|p2b: Clefairy\n|-singleturn|p2b: Clefairy|Protect\n|move|p1a: Scream Tail|Psychic Fangs|p2a: Snorlax\n|-damage|p2a: Snorlax|89\/100\n|move|p1b: Hatterene|Mystical Fire|p2a: Snorlax\n|-damage|p2a: Snorlax|79\/100\n|-unboost|p2a: Snorlax|spa|1\n|\n|-weather|none\n|-end|p1a: Scream Tail|Protosynthesis\n|upkeep\n|turn|8\n|inactive|smexydevvi has 120 seconds left.\n|\n|t:|1699484225\n|switch|p1b: Torkoal|Torkoal, M|100\/100\n|-weather|SunnyDay|[from] ability: Drought|[of] p1b: Torkoal\n|-activate|p1a: Scream Tail|ability: Protosynthesis\n|-start|p1a: Scream Tail|protosynthesisspe\n|move|p2b: Clefairy|Follow Me|p2b: Clefairy\n|-singleturn|p2b: Clefairy|move: Follow Me\n|move|p1a: Scream Tail|Thunder Wave|p2b: Clefairy\n|-fail|p2b: Clefairy|par\n|move|p2a: Snorlax|Belly Drum|p2a: Snorlax\n|-damage|p2a: Snorlax|29\/100\n|-setboost|p2a: Snorlax|atk|6|[from] move: Belly Drum\n|-enditem|p2a: Snorlax|Sitrus Berry|[eat]\n|-heal|p2a: Snorlax|54\/100|[from] item: Sitrus Berry\n|\n|-weather|SunnyDay|[upkeep]\n|upkeep\n|turn|9\n|inactive|smexydevvi has 120 seconds left.\n|inactive|darkrij has 120 seconds left.\n|\n|t:|1699484260\n|move|p2b: Clefairy|Follow Me|p2b: Clefairy\n|-singleturn|p2b: Clefairy|move: Follow Me\n|move|p1a: Scream Tail|Encore|p2b: Clefairy\n|-start|p2b: Clefairy|Encore\n|move|p2a: Snorlax|Facade|p1a: Scream Tail\n|-damage|p1a: Scream Tail|4\/100\n|move|p1b: Torkoal|Iron Defense|p1b: Torkoal\n|-boost|p1b: Torkoal|def|2\n|\n|-weather|SunnyDay|[upkeep]\n|-heal|p1a: Scream Tail|11\/100|[from] item: Leftovers\n|upkeep\n|turn|10\n|inactive|smexydevvi has 120 seconds left.\n|\n|t:|1699484303\n|cant|p2b: Clefairy|par\n|move|p1a: Scream Tail|Psychic Fangs|p2b: Clefairy\n|-damage|p2b: Clefairy|50\/100 par\n|move|p2a: Snorlax|Facade|p1a: Scream Tail\n|-damage|p1a: Scream Tail|0 fnt\n|faint|p1a: Scream Tail\n|-end|p1a: Scream Tail|Protosynthesis|[silent]\n|move|p1b: Torkoal|Body Press|p2a: Snorlax\n|-supereffective|p2a: Snorlax\n|-damage|p2a: Snorlax|1\/100\n|\n|-weather|SunnyDay|[upkeep]\n|upkeep\n|\n|t:|1699484319\n|switch|p1a: Vaporeon|Vaporeon, F|100\/100\n|turn|11\n|\n|t:|1699484339\n|move|p2b: Clefairy|Follow Me|p2b: Clefairy\n|-singleturn|p2b: Clefairy|move: Follow Me\n|move|p1a: Vaporeon|Muddy Water|p2a: Snorlax|[spread] p2a,p2b\n|-crit|p2b: Clefairy\n|-damage|p2a: Snorlax|0 fnt\n|-damage|p2b: Clefairy|31\/100 par\n|-unboost|p2b: Clefairy|accuracy|1\n|faint|p2a: Snorlax\n|move|p1b: Torkoal|Iron Defense|p1b: Torkoal\n|-boost|p1b: Torkoal|def|2\n|\n|-weather|SunnyDay|[upkeep]\n|upkeep\n|\n|t:|1699484348\n|switch|p2a: Kommo-o|Kommo-o, F, tera:Steel|53\/100\n|turn|12\n|l|\u2606darkrij\n|inactive|darkrij disconnected and has a minute to reconnect!\n|player|p2|\n|inactive|smexydevvi has 120 seconds left.\n|inactive|darkrij has 30 seconds to reconnect!\n|j|\u2606darkrij\n|inactive|darkrij reconnected and has 110 seconds left.\n|player|p2|darkrij|102\n|inactive|darkrij has 90 seconds left.\n|l|\u2606darkrij\n|inactive|darkrij disconnected and has a minute to reconnect!\n|player|p2|\n|j|\u2606darkrij\n|inactive|darkrij reconnected and has 70 seconds left.\n|player|p2|darkrij|102\n|inactive|darkrij has 60 seconds left.\n|\n|t:|1699484442\n|move|p2b: Clefairy|Follow Me|p2b: Clefairy\n|-singleturn|p2b: Clefairy|move: Follow Me\n|move|p2a: Kommo-o|Clangorous Soul|p2a: Kommo-o\n|-boost|p2a: Kommo-o|atk|1\n|-boost|p2a: Kommo-o|def|1\n|-boost|p2a: Kommo-o|spa|1\n|-boost|p2a: Kommo-o|spd|1\n|-boost|p2a: Kommo-o|spe|1\n|-damage|p2a: Kommo-o|20\/100\n|move|p1a: Vaporeon|Weather Ball|p2b: Clefairy\n|-damage|p2b: Clefairy|0 fnt\n|faint|p2b: Clefairy\n|move|p1b: Torkoal|Body Press|p2a: Kommo-o\n|-supereffective|p2a: Kommo-o\n|-damage|p2a: Kommo-o|0 fnt\n|faint|p2a: Kommo-o\n|\n|-weather|SunnyDay|[upkeep]\n|upkeep\n|\n|t:|1699484444\n|switch|p2a: Landorus|Landorus-Therian, M|100\/100\n|switch|p2b: Iron Hands|Iron Hands|100\/100\n|-ability|p2a: Landorus|Intimidate|boost\n|-unboost|p1a: Vaporeon|atk|1\n|-unboost|p1b: Torkoal|atk|1\n|turn|13\n|inactive|smexydevvi has 120 seconds left.\n|\n|t:|1699484475\n|-terastallize|p1a: Vaporeon|Steel\n|move|p2b: Iron Hands|Fake Out|p1a: Vaporeon\n|-resisted|p1a: Vaporeon\n|-damage|p1a: Vaporeon|92\/100\n|move|p2a: Landorus|Earthquake|p1a: Vaporeon|[spread] p2b,p1a,p1b\n|-supereffective|p2b: Iron Hands\n|-supereffective|p1a: Vaporeon\n|-supereffective|p1b: Torkoal\n|-damage|p2b: Iron Hands|43\/100\n|-damage|p1a: Vaporeon|0 fnt\n|-damage|p1b: Torkoal|81\/100\n|faint|p1a: Vaporeon\n|move|p1b: Torkoal|Body Press|p2b: Iron Hands\n|-damage|p2b: Iron Hands|0 fnt\n|faint|p2b: Iron Hands\n|-end|p2b: Iron Hands|Quark Drive|[silent]\n|\n|-weather|SunnyDay|[upkeep]\n|upkeep\n|inactive|smexydevvi has 120 seconds left.\n|-message|darkrij forfeited.\n|\n|win|smexydevvi\n|raw|smexydevvi's rating: 1237 &rarr; <strong>1261<\/strong><br \/>(+24 for winning)\n|raw|darkrij's rating: 1224 &rarr; <strong>1200<\/strong><br \/>(-24 for losing)\n|l|\u2606darkrij\n","uploadtime":1699484492,"views":20,"p1id":"smexydevvi","p2id":"darkrij","formatid":"gen9doublesou","rating":1200,"private":0,"password":""}