{"id":"gen9doublesou-1993743537","p1":"Nubkk","p2":"Golshi","format":"[Gen 9] Doubles OU","log":"|j|\u2606Nubkk\n|j|\u2606Golshi\n|t:|1700351992\n|gametype|doubles\n|player|p1|Nubkk|caitlin|1617\n|player|p2|Golshi|lass|1718\n|teamsize|p1|6\n|teamsize|p2|6\n|gen|9\n|tier|[Gen 9] Doubles OU\n|rated|\n|rule|Species Clause: Limit one of each Pok\u00e9mon\n|rule|OHKO Clause: OHKO moves are banned\n|rule|Evasion Moves Clause: Evasion moves are banned\n|rule|Gravity Sleep Clause: The combination of sleep-inducing moves with imperfect accuracy and Gravity or Gigantamax Orbeetle are banned\n|rule|Endless Battle Clause: Forcing endless battles is banned\n|rule|HP Percentage Mod: HP is shown in percentages\n|clearpoke\n|poke|p1|Indeedee-F, F|\n|poke|p1|Armarouge, M|\n|poke|p1|Hatterene, F|\n|poke|p1|Iron Hands|\n|poke|p1|Sinistcha-Masterpiece|\n|poke|p1|Ursaluna-Bloodmoon, M|\n|poke|p2|Ogerpon-Cornerstone, F|\n|poke|p2|Armarouge, M|\n|poke|p2|Indeedee-F, F|\n|poke|p2|Rillaboom, M|\n|poke|p2|Houndstone, M|\n|poke|p2|Tyranitar, M|\n|teampreview\n|inactive|Battle timer is ON: inactive players will automatically lose when time's up. (requested by Golshi)\n|inactive|Nubkk also wants the timer to be on.\n|c|\u2606Nubkk|glhf\n|\n|t:|1700352022\n|start\n|switch|p1a: Chap\u00e9u :D|Hatterene, F, shiny|100\/100\n|switch|p1b: HaryamaLubrificado|Iron Hands|100\/100\n|switch|p2a: Indeedee|Indeedee-F, F|100\/100\n|switch|p2b: Armarouge|Armarouge, M|100\/100\n|-fieldstart|move: Psychic Terrain|[from] ability: Psychic Surge|[of] p2a: Indeedee\n|turn|1\n|inactive|Nubkk has 120 seconds left.\n|\n|t:|1700352068\n|move|p2b: Armarouge|Expanding Force|p1a: Chap\u00e9u :D|[spread] p1a,p1b\n|-resisted|p1a: Chap\u00e9u :D\n|-supereffective|p1b: HaryamaLubrificado\n|-damage|p1a: Chap\u00e9u :D|68\/100\n|-damage|p1b: HaryamaLubrificado|0 fnt\n|faint|p1b: HaryamaLubrificado\n|-end|p1b: HaryamaLubrificado|Quark Drive|[silent]\n|move|p2a: Indeedee|Imprison|p2a: Indeedee\n|-start|p2a: Indeedee|move: Imprison\n|cant|p1a: Chap\u00e9u :D|move: Imprison|Trick Room\n|\n|upkeep\n|\n|t:|1700352076\n|switch|p1b: Blood Mon|Ursaluna-Bloodmoon, M|100\/100\n|turn|2\n|\n|t:|1700352086\n|move|p2b: Armarouge|Expanding Force|p1a: Chap\u00e9u :D|[spread] p1a,p1b\n|-resisted|p1a: Chap\u00e9u :D\n|-damage|p1a: Chap\u00e9u :D|36\/100\n|-damage|p1b: Blood Mon|23\/100\n|move|p2a: Indeedee|Psychic|p1b: Blood Mon\n|-damage|p1b: Blood Mon|0 fnt\n|faint|p1b: Blood Mon\n|move|p1a: Chap\u00e9u :D|Mystical Fire|p2a: Indeedee\n|-damage|p2a: Indeedee|85\/100\n|-unboost|p2a: Indeedee|spa|1\n|\n|upkeep\n|inactive|Nubkk has 120 seconds left.\n|\n|t:|1700352097\n|switch|p1b: Soca Fogo kk|Armarouge, M|100\/100\n|turn|3\n|\n|t:|1700352110\n|switch|p1a: Rainha DOU :3|Indeedee-F, F, shiny|100\/100\n|-enditem|p1a: Rainha DOU :3|Psychic Seed\n|-boost|p1a: Rainha DOU :3|spd|1|[from] item: Psychic Seed\n|move|p1b: Soca Fogo kk|Protect|p1b: Soca Fogo kk\n|-singleturn|p1b: Soca Fogo kk|Protect\n|move|p2b: Armarouge|Expanding Force|p1b: Soca Fogo kk|[spread] p1a\n|-activate|p1b: Soca Fogo kk|move: Protect\n|-resisted|p1a: Rainha DOU :3\n|-damage|p1a: Rainha DOU :3|78\/100\n|move|p2a: Indeedee|Psychic|p1b: Soca Fogo kk\n|-activate|p1b: Soca Fogo kk|move: Protect\n|\n|upkeep\n|turn|4\n|inactive|Nubkk has 120 seconds left.\n|\n|t:|1700352166\n|move|p1a: Rainha DOU :3|Helping Hand|p1b: Soca Fogo kk\n|-singleturn|p1b: Soca Fogo kk|Helping Hand|[of] p1a: Rainha DOU :3\n|move|p2b: Armarouge|Expanding Force|p1a: Rainha DOU :3|[spread] p1a,p1b\n|-resisted|p1a: Rainha DOU :3\n|-resisted|p1b: Soca Fogo kk\n|-crit|p1b: Soca Fogo kk\n|-damage|p1a: Rainha DOU :3|54\/100\n|-damage|p1b: Soca Fogo kk|36\/100\n|move|p2a: Indeedee|Psychic|p1b: Soca Fogo kk\n|-resisted|p1b: Soca Fogo kk\n|-damage|p1b: Soca Fogo kk|21\/100\n|move|p1b: Soca Fogo kk|Expanding Force|p2a: Indeedee|[spread] p2a,p2b\n|-resisted|p2a: Indeedee\n|-crit|p2a: Indeedee\n|-resisted|p2b: Armarouge\n|-damage|p2a: Indeedee|13\/100\n|-damage|p2b: Armarouge|32\/100\n|-damage|p1b: Soca Fogo kk|11\/100|[from] item: Life Orb\n|\n|upkeep\n|turn|5\n|\n|t:|1700352189\n|switch|p2a: Tyranitar|Tyranitar, M|100\/100\n|-weather|Sandstorm|[from] ability: Sand Stream|[of] p2a: Tyranitar\n|move|p2b: Armarouge|Expanding Force|p1a: Rainha DOU :3|[spread] p1a,p1b\n|-resisted|p1a: Rainha DOU :3\n|-resisted|p1b: Soca Fogo kk\n|-damage|p1a: Rainha DOU :3|33\/100\n|-damage|p1b: Soca Fogo kk|0 fnt\n|faint|p1b: Soca Fogo kk\n|move|p1a: Rainha DOU :3|Dazzling Gleam|p2a: Tyranitar|[spread] p2a,p2b\n|-supereffective|p2a: Tyranitar\n|-resisted|p2b: Armarouge\n|-damage|p2a: Tyranitar|88\/100\n|-damage|p2b: Armarouge|25\/100\n|\n|-weather|Sandstorm|[upkeep]\n|-damage|p2b: Armarouge|19\/100|[from] Sandstorm\n|-damage|p1a: Rainha DOU :3|27\/100|[from] Sandstorm\n|-fieldend|move: Psychic Terrain\n|upkeep\n|inactive|Nubkk has 90 seconds left.\n|\n|t:|1700352216\n|switch|p1b: Chap\u00e9u :D|Hatterene, F, shiny|36\/100\n|turn|6\n|\n|t:|1700352226\n|move|p1a: Rainha DOU :3|Follow Me|p1a: Rainha DOU :3\n|-singleturn|p1a: Rainha DOU :3|move: Follow Me\n|move|p2b: Armarouge|Heat Wave|p1b: Chap\u00e9u :D|[spread] p1a,p1b\n|-damage|p1a: Rainha DOU :3|6\/100\n|-damage|p1b: Chap\u00e9u :D|3\/100\n|move|p2a: Tyranitar|Knock Off|p1a: Rainha DOU :3\n|-supereffective|p1a: Rainha DOU :3\n|-damage|p1a: Rainha DOU :3|0 fnt\n|faint|p1a: Rainha DOU :3\n|move|p1b: Chap\u00e9u :D|Psyshock|p2b: Armarouge\n|-resisted|p2b: Armarouge\n|-damage|p2b: Armarouge|2\/100\n|\n|-weather|Sandstorm|[upkeep]\n|-damage|p2b: Armarouge|0 fnt|[from] Sandstorm\n|-damage|p1b: Chap\u00e9u :D|0 fnt|[from] Sandstorm\n|faint|p2b: Armarouge\n|faint|p1b: Chap\u00e9u :D\n|upkeep\n|inactive|Nubkk has 120 seconds left.\n|\n|t:|1700352257\n|switch|p2b: Ogerpon|Ogerpon-Cornerstone, F|100\/100\n|switch|p1a: Ch\u00e1 verde|Sinistcha-Masterpiece, shiny|100\/100\n|turn|7\n|\n|t:|1700352267\n|-terastallize|p2b: Ogerpon|Rock\n|detailschange|p2b: Ogerpon|Ogerpon-Cornerstone-Tera, F, tera:Rock\n|-ability|p2b: Ogerpon|Embody Aspect (Cornerstone)|boost\n|-boost|p2b: Ogerpon|def|1\n|-terastallize|p1a: Ch\u00e1 verde|Poison\n|move|p2b: Ogerpon|Ivy Cudgel|p1a: Ch\u00e1 verde|[anim] Ivy Cudgel Rock\n|-damage|p1a: Ch\u00e1 verde|33\/100\n|move|p1a: Ch\u00e1 verde|Calm Mind|p1a: Ch\u00e1 verde\n|-boost|p1a: Ch\u00e1 verde|spa|1\n|-boost|p1a: Ch\u00e1 verde|spd|1\n|move|p2a: Tyranitar|Knock Off|p1a: Ch\u00e1 verde\n|-damage|p1a: Ch\u00e1 verde|3\/100\n|-enditem|p1a: Ch\u00e1 verde|Leftovers|[from] move: Knock Off|[of] p2a: Tyranitar\n|\n|-weather|Sandstorm|[upkeep]\n|-damage|p1a: Ch\u00e1 verde|0 fnt|[from] Sandstorm\n|faint|p1a: Ch\u00e1 verde\n|\n|win|Golshi\n|upkeep\n|raw|Nubkk's rating: 1617 &rarr; <strong>1603<\/strong><br \/>(-14 for losing)\n|raw|Golshi's rating: 1718 &rarr; <strong>1732<\/strong><br \/>(+14 for winning)\n|l|\u2606Golshi\n|l|\u2606Nubkk\n","uploadtime":1700352334,"views":4,"p1id":"nubkk","p2id":"golshi","formatid":"gen9doublesou","rating":1603,"private":0,"password":""}