{"id":"gen9doublesou-1982836652","p1":"Youthfulpokemon","p2":"kbdk3ihtbd","format":"[Gen 9] Doubles OU","log":"|j|\u2606Youthfulpokemon\n|j|\u2606kbdk3ihtbd\n|t:|1699049728\n|gametype|doubles\n|player|p1|Youthfulpokemon|2|1196\n|player|p2|kbdk3ihtbd|roxie|1105\n|teamsize|p1|6\n|teamsize|p2|6\n|gen|9\n|tier|[Gen 9] Doubles OU\n|rated|\n|rule|Species Clause: Limit one of each Pok\u00e9mon\n|rule|OHKO Clause: OHKO moves are banned\n|rule|Evasion Moves Clause: Evasion moves are banned\n|rule|Gravity Sleep Clause: The combination of sleep-inducing moves with imperfect accuracy and Gravity or Gigantamax Orbeetle are banned\n|rule|Endless Battle Clause: Forcing endless battles is banned\n|rule|HP Percentage Mod: HP is shown in percentages\n|clearpoke\n|poke|p1|Houndstone, M|\n|poke|p1|Corviknight, M|\n|poke|p1|Glimmora, F|\n|poke|p1|Bronzong|\n|poke|p1|Hippowdon, F|\n|poke|p1|Garchomp, M|\n|poke|p2|Trevenant, F|\n|poke|p2|Torkoal, M|\n|poke|p2|Farigiraf, M|\n|poke|p2|Empoleon, M|\n|poke|p2|Iron Hands|\n|poke|p2|Ursaluna-Bloodmoon, M|\n|teampreview\n|inactive|Battle timer is ON: inactive players will automatically lose when time's up. (requested by kbdk3ihtbd)\n|\n|t:|1699049797\n|start\n|switch|p1a: Glimmora|Glimmora, F|100\/100\n|switch|p1b: Hippowdon|Hippowdon, F|100\/100\n|switch|p2a: Farigiraf|Farigiraf, M|100\/100\n|switch|p2b: Iron Hands|Iron Hands|100\/100\n|-weather|Sandstorm|[from] ability: Sand Stream|[of] p1b: Hippowdon\n|turn|1\n|\n|t:|1699049830\n|move|p2b: Iron Hands|Fake Out|p1b: Hippowdon\n|-damage|p1b: Hippowdon|92\/100\n|move|p1a: Glimmora|Mortal Spin|p2b: Iron Hands|[spread] p2a,p2b\n|-damage|p2a: Farigiraf|96\/100\n|-damage|p2b: Iron Hands|97\/100\n|-status|p2a: Farigiraf|psn\n|-status|p2b: Iron Hands|psn\n|move|p2a: Farigiraf|Psychic|p1a: Glimmora\n|-supereffective|p1a: Glimmora\n|-damage|p1a: Glimmora|50\/100\n|cant|p1b: Hippowdon|flinch\n|\n|-weather|Sandstorm|[upkeep]\n|-damage|p2a: Farigiraf|89\/100 psn|[from] Sandstorm\n|-damage|p2b: Iron Hands|91\/100 psn|[from] Sandstorm\n|-damage|p2a: Farigiraf|77\/100 psn|[from] psn\n|-damage|p2b: Iron Hands|79\/100 psn|[from] psn\n|upkeep\n|turn|2\n|\n|t:|1699049852\n|move|p1a: Glimmora|Spiky Shield|p1a: Glimmora\n|-singleturn|p1a: Glimmora|move: Protect\n|move|p2a: Farigiraf|Psychic|p1a: Glimmora\n|-activate|p1a: Glimmora|move: Protect\n|move|p2b: Iron Hands|Drain Punch|p1b: Hippowdon\n|-damage|p1b: Hippowdon|70\/100\n|-heal|p2b: Iron Hands|88\/100 psn|[from] drain|[of] p1b: Hippowdon\n|move|p1b: Hippowdon|High Horsepower|p2b: Iron Hands\n|-supereffective|p2b: Iron Hands\n|-damage|p2b: Iron Hands|42\/100 psn\n|\n|-weather|Sandstorm|[upkeep]\n|-damage|p2a: Farigiraf|71\/100 psn|[from] Sandstorm\n|-damage|p2b: Iron Hands|36\/100 psn|[from] Sandstorm\n|-damage|p2a: Farigiraf|59\/100 psn|[from] psn\n|-damage|p2b: Iron Hands|24\/100 psn|[from] psn\n|upkeep\n|turn|3\n|\n|t:|1699049874\n|switch|p1a: Bronzong|Bronzong|100\/100\n|move|p1b: Hippowdon|Protect|p1b: Hippowdon\n|-singleturn|p1b: Hippowdon|Protect\n|move|p2a: Farigiraf|Psychic|p1a: Bronzong\n|-resisted|p1a: Bronzong\n|-damage|p1a: Bronzong|94\/100\n|move|p2b: Iron Hands|Drain Punch|p1b: Hippowdon\n|-activate|p1b: Hippowdon|move: Protect\n|\n|-weather|Sandstorm|[upkeep]\n|-damage|p2a: Farigiraf|53\/100 psn|[from] Sandstorm\n|-damage|p2b: Iron Hands|18\/100 psn|[from] Sandstorm\n|-damage|p2a: Farigiraf|40\/100 psn|[from] psn\n|-damage|p2b: Iron Hands|6\/100 psn|[from] psn\n|upkeep\n|turn|4\n|\n|t:|1699049902\n|switch|p1b: Glimmora|Glimmora, F|50\/100\n|move|p2a: Farigiraf|Ally Switch|p2a: Farigiraf\n|swap|p2a: Farigiraf|1|[from] move: Ally Switch\n|move|p2a: Iron Hands|Volt Switch|p1a: Bronzong\n|-damage|p1a: Bronzong|84\/100\n|\n|t:|1699049911\n|-end|p2a: Iron Hands|Quark Drive|[silent]\n|switch|p2a: Torkoal|Torkoal, M|100\/100|[from] Volt Switch\n|-weather|SunnyDay|[from] ability: Drought|[of] p2a: Torkoal\n|move|p1a: Bronzong|Iron Defense|p1a: Bronzong\n|-boost|p1a: Bronzong|def|2\n|\n|-weather|SunnyDay|[upkeep]\n|-damage|p2b: Farigiraf|28\/100 psn|[from] psn\n|upkeep\n|turn|5\n|\n|t:|1699049924\n|move|p2a: Torkoal|Protect|p2a: Torkoal\n|-singleturn|p2a: Torkoal|Protect\n|move|p1b: Glimmora|Power Gem|p2a: Torkoal\n|-activate|p2a: Torkoal|move: Protect\n|move|p1a: Bronzong|Body Press|p2a: Torkoal\n|-activate|p2a: Torkoal|move: Protect\n|move|p2b: Farigiraf|Trick Room|p2b: Farigiraf\n|-fieldstart|move: Trick Room|[of] p2b: Farigiraf\n|\n|-weather|SunnyDay|[upkeep]\n|-damage|p2b: Farigiraf|15\/100 psn|[from] psn\n|upkeep\n|turn|6\n|\n|t:|1699049947\n|-terastallize|p1a: Bronzong|Water\n|move|p2b: Farigiraf|Helping Hand|p2a: Torkoal\n|-singleturn|p2a: Torkoal|Helping Hand|[of] p2b: Farigiraf\n|move|p2a: Torkoal|Eruption|p1b: Glimmora|[spread] p1a,p1b\n|-resisted|p1a: Bronzong\n|-resisted|p1b: Glimmora\n|-damage|p1a: Bronzong|35\/100\n|-damage|p1b: Glimmora|0 fnt\n|faint|p1b: Glimmora\n|move|p1a: Bronzong|Body Press|p2a: Torkoal\n|-damage|p2a: Torkoal|63\/100\n|\n|-weather|SunnyDay|[upkeep]\n|-damage|p2b: Farigiraf|3\/100 psn|[from] psn\n|upkeep\n|\n|t:|1699049959\n|switch|p1b: Hippowdon|Hippowdon, F|70\/100\n|-weather|Sandstorm|[from] ability: Sand Stream|[of] p1b: Hippowdon\n|turn|7\n|\n|t:|1699049980\n|move|p2b: Farigiraf|Ally Switch|p2b: Farigiraf\n|swap|p2b: Farigiraf|0|[from] move: Ally Switch\n|move|p2b: Torkoal|Flamethrower|p1a: Bronzong\n|-resisted|p1a: Bronzong\n|-damage|p1a: Bronzong|18\/100\n|move|p1a: Bronzong|Rest|p1a: Bronzong\n|-status|p1a: Bronzong|slp|[from] move: Rest\n|-heal|p1a: Bronzong|100\/100 slp|[silent]\n|-enditem|p1a: Bronzong|Chesto Berry|[eat]\n|-curestatus|p1a: Bronzong|slp|[msg]\n|move|p1b: Hippowdon|High Horsepower|p2a: Farigiraf\n|-damage|p2a: Farigiraf|0 fnt\n|faint|p2a: Farigiraf\n|\n|-weather|Sandstorm|[upkeep]\n|-damage|p2b: Torkoal|56\/100|[from] Sandstorm\n|-damage|p1a: Bronzong|94\/100|[from] Sandstorm\n|upkeep\n|inactive|kbdk3ihtbd has 120 seconds left.\n|\n|t:|1699049997\n|switch|p2a: Iron Hands|Iron Hands|6\/100 psn\n|turn|8\n|\n|t:|1699050004\n|switch|p2b: Empoleon|Empoleon, M, shiny|100\/100\n|switch|p1a: Garchomp|Garchomp, M|100\/100\n|move|p2a: Iron Hands|Fake Out|p1b: Hippowdon\n|-damage|p1b: Hippowdon|62\/100\n|cant|p1b: Hippowdon|flinch\n|\n|-weather|Sandstorm|[upkeep]\n|-damage|p2a: Iron Hands|0 fnt|[from] Sandstorm\n|faint|p2a: Iron Hands\n|-end|p2a: Iron Hands|Quark Drive|[silent]\n|upkeep\n|\n|t:|1699050024\n|switch|p2a: Trevenant|Trevenant, F, shiny|100\/100\n|turn|9\n|\n|t:|1699050036\n|switch|p1b: Houndstone|Houndstone, M|100\/100\n|switch|p1a: Corviknight|Corviknight, M|100\/100\n|-terastallize|p2b: Empoleon|Fairy\n|move|p2a: Trevenant|Will-O-Wisp|p1a: Corviknight\n|-status|p1a: Corviknight|brn\n|move|p2b: Empoleon|Water Pledge|p1b: Houndstone\n|-damage|p1b: Houndstone|58\/100\n|\n|-weather|Sandstorm|[upkeep]\n|-damage|p2a: Trevenant|94\/100|[from] Sandstorm\n|-damage|p2b: Empoleon|94\/100|[from] Sandstorm\n|-heal|p2b: Empoleon|100\/100|[from] item: Leftovers\n|-damage|p1a: Corviknight|94\/100 brn|[from] brn\n|-fieldend|move: Trick Room\n|upkeep\n|turn|10\n|\n|t:|1699050065\n|switch|p2a: Ursaluna|Ursaluna-Bloodmoon, M|100\/100\n|move|p1b: Houndstone|Last Respects|p2a: Ursaluna\n|-immune|p2a: Ursaluna\n|move|p1a: Corviknight|Bulk Up|p1a: Corviknight\n|-boost|p1a: Corviknight|atk|1\n|-boost|p1a: Corviknight|def|1\n|move|p2b: Empoleon|Water Pledge|p1b: Houndstone\n|-damage|p1b: Houndstone|10\/100\n|\n|-weather|Sandstorm|[upkeep]\n|-damage|p2b: Empoleon|94\/100|[from] Sandstorm\n|-heal|p1a: Corviknight|100\/100 brn|[from] item: Leftovers\n|-heal|p2b: Empoleon|100\/100|[from] item: Leftovers\n|-damage|p1a: Corviknight|94\/100 brn|[from] brn\n|upkeep\n|turn|11\n|\n|t:|1699050091\n|switch|p2b: Torkoal|Torkoal, M|56\/100\n|-weather|SunnyDay|[from] ability: Drought|[of] p2b: Torkoal\n|move|p1b: Houndstone|Destiny Bond|p1b: Houndstone\n|-singlemove|p1b: Houndstone|Destiny Bond\n|move|p1a: Corviknight|Bulk Up|p1a: Corviknight\n|-boost|p1a: Corviknight|atk|1\n|-boost|p1a: Corviknight|def|1\n|move|p2a: Ursaluna|Hyper Voice|p1a: Corviknight|[spread] p1a,p1b\n|-resisted|p1a: Corviknight\n|-damage|p1a: Corviknight|82\/100 brn\n|-damage|p1b: Houndstone|0 fnt\n|faint|p1b: Houndstone\n|-activate|p1b: Houndstone|move: Destiny Bond\n|faint|p2a: Ursaluna\n|\n|-weather|SunnyDay|[upkeep]\n|-heal|p1a: Corviknight|88\/100 brn|[from] item: Leftovers\n|-damage|p1a: Corviknight|82\/100 brn|[from] brn\n|upkeep\n|inactive|kbdk3ihtbd has 120 seconds left.\n|n|\u2606kbdk3ihtbd|kbdk3ihtbd\n|c|\u2606kbdk3ihtbd|you have too much fucking luck\n|\n|t:|1699050138\n|switch|p1b: Hippowdon|Hippowdon, F|62\/100\n|switch|p2a: Empoleon|Empoleon, M, shiny, tera:Fairy|100\/100\n|-weather|Sandstorm|[from] ability: Sand Stream|[of] p1b: Hippowdon\n|turn|12\n|inactive|kbdk3ihtbd has 120 seconds left.\n|inactive|Youthfulpokemon has 120 seconds left.\n|\n|t:|1699050183\n|move|p1a: Corviknight|Brave Bird|p2b: Torkoal\n|-damage|p2b: Torkoal|30\/100\n|-damage|p1a: Corviknight|74\/100 brn|[from] Recoil\n|move|p2a: Empoleon|Water Pledge|p1b: Hippowdon\n|-supereffective|p1b: Hippowdon\n|-damage|p1b: Hippowdon|0 fnt\n|faint|p1b: Hippowdon\n|move|p2b: Torkoal|Flamethrower|p1a: Corviknight\n|-supereffective|p1a: Corviknight\n|-damage|p1a: Corviknight|8\/100 brn\n|\n|-weather|Sandstorm|[upkeep]\n|-damage|p2a: Empoleon|94\/100|[from] Sandstorm\n|-damage|p2b: Torkoal|24\/100|[from] Sandstorm\n|-heal|p1a: Corviknight|15\/100 brn|[from] item: Leftovers\n|-heal|p2a: Empoleon|100\/100|[from] item: Leftovers\n|-damage|p1a: Corviknight|8\/100 brn|[from] brn\n|upkeep\n|\n|t:|1699050198\n|switch|p1b: Garchomp|Garchomp, M|100\/100\n|turn|13\n|inactive|Youthfulpokemon has 120 seconds left.\n|\n|t:|1699050209\n|move|p2b: Torkoal|Protect|p2b: Torkoal\n|-singleturn|p2b: Torkoal|Protect\n|move|p1b: Garchomp|Earthquake|p2b: Torkoal|[spread] p2a\n|-activate|p2b: Torkoal|move: Protect\n|-immune|p1a: Corviknight\n|-damage|p2a: Empoleon|66\/100\n|move|p1a: Corviknight|Roost|p1a: Corviknight\n|-heal|p1a: Corviknight|58\/100 brn\n|-singleturn|p1a: Corviknight|move: Roost\n|move|p2a: Empoleon|Ice Beam|p1b: Garchomp\n|-supereffective|p1b: Garchomp\n|-damage|p1b: Garchomp|0 fnt\n|faint|p1b: Garchomp\n|\n|-weather|Sandstorm|[upkeep]\n|-damage|p2a: Empoleon|59\/100|[from] Sandstorm\n|-damage|p2b: Torkoal|18\/100|[from] Sandstorm\n|-heal|p1a: Corviknight|64\/100 brn|[from] item: Leftovers\n|-heal|p2a: Empoleon|66\/100|[from] item: Leftovers\n|-damage|p1a: Corviknight|58\/100 brn|[from] brn\n|upkeep\n|\n|t:|1699050213\n|switch|p1b: Bronzong|Bronzong, tera:Water|94\/100\n|turn|14\n|inactive|kbdk3ihtbd has 120 seconds left.\n|\n|t:|1699050244\n|move|p1a: Corviknight|Brave Bird|p2b: Torkoal\n|-damage|p2b: Torkoal|0 fnt\n|faint|p2b: Torkoal\n|-damage|p1a: Corviknight|53\/100 brn|[from] Recoil\n|move|p2a: Empoleon|Roost|p2a: Empoleon\n|-heal|p2a: Empoleon|100\/100\n|move|p1b: Bronzong|Recycle|p1b: Bronzong\n|-item|p1b: Bronzong|Chesto Berry|[from] move: Recycle\n|\n|-weather|Sandstorm|[upkeep]\n|-damage|p2a: Empoleon|94\/100|[from] Sandstorm\n|-damage|p1b: Bronzong|88\/100|[from] Sandstorm\n|-heal|p1a: Corviknight|60\/100 brn|[from] item: Leftovers\n|-heal|p2a: Empoleon|100\/100|[from] item: Leftovers\n|-damage|p1a: Corviknight|53\/100 brn|[from] brn\n|upkeep\n|inactive|kbdk3ihtbd has 120 seconds left.\n|\n|t:|1699050259\n|switch|p2b: Trevenant|Trevenant, F, shiny|94\/100\n|turn|15\n|\n|t:|1699050273\n|move|p1a: Corviknight|Brave Bird|p2b: Trevenant\n|-supereffective|p2b: Trevenant\n|-damage|p2b: Trevenant|20\/100\n|-enditem|p2b: Trevenant|Sitrus Berry|[eat]\n|-heal|p2b: Trevenant|45\/100|[from] item: Sitrus Berry\n|-damage|p1a: Corviknight|31\/100 brn|[from] Recoil\n|move|p2a: Empoleon|Ice Beam|p1a: Corviknight\n|-damage|p1a: Corviknight|11\/100 brn\n|move|p2b: Trevenant|Horn Leech|p1b: Bronzong\n|-supereffective|p1b: Bronzong\n|-damage|p1b: Bronzong|42\/100\n|-heal|p2b: Trevenant|66\/100|[from] drain|[of] p1b: Bronzong\n|move|p1b: Bronzong|Rest|p1b: Bronzong\n|-status|p1b: Bronzong|slp|[from] move: Rest\n|-heal|p1b: Bronzong|100\/100 slp|[silent]\n|-enditem|p1b: Bronzong|Chesto Berry|[eat]\n|-curestatus|p1b: Bronzong|slp|[msg]\n|\n|-weather|Sandstorm|[upkeep]\n|-damage|p2a: Empoleon|94\/100|[from] Sandstorm\n|-damage|p2b: Trevenant|60\/100|[from] Sandstorm\n|-damage|p1b: Bronzong|94\/100|[from] Sandstorm\n|-heal|p1a: Corviknight|17\/100 brn|[from] item: Leftovers\n|-heal|p2a: Empoleon|100\/100|[from] item: Leftovers\n|-damage|p1a: Corviknight|11\/100 brn|[from] brn\n|-item|p2b: Trevenant|Sitrus Berry|[from] ability: Harvest\n|upkeep\n|turn|16\n|inactive|kbdk3ihtbd has 120 seconds left.\n|\n|t:|1699050319\n|move|p1a: Corviknight|Brave Bird|p2b: Trevenant\n|-supereffective|p2b: Trevenant\n|-damage|p2b: Trevenant|0 fnt\n|faint|p2b: Trevenant\n|-damage|p1a: Corviknight|0 fnt|[from] Recoil\n|faint|p1a: Corviknight\n|move|p2a: Empoleon|Ice Beam|p1b: Bronzong\n|-resisted|p1b: Bronzong\n|-damage|p1b: Bronzong|85\/100\n|move|p1b: Bronzong|Iron Defense|p1b: Bronzong\n|-boost|p1b: Bronzong|def|2\n|\n|-weather|Sandstorm|[upkeep]\n|-damage|p2a: Empoleon|94\/100|[from] Sandstorm\n|-damage|p1b: Bronzong|78\/100|[from] Sandstorm\n|-heal|p2a: Empoleon|100\/100|[from] item: Leftovers\n|upkeep\n|turn|17\n|inactive|kbdk3ihtbd has 120 seconds left.\n|c|\u2606kbdk3ihtbd|way too much luck lol\n|c|\u2606Youthfulpokemon|Oh yeah yeah\n|\n|t:|1699050340\n|move|p2a: Empoleon|Flash Cannon|p1b: Bronzong\n|-resisted|p1b: Bronzong\n|-damage|p1b: Bronzong|64\/100\n|move|p1b: Bronzong|Recycle|p1b: Bronzong\n|-item|p1b: Bronzong|Chesto Berry|[from] move: Recycle\n|\n|-weather|Sandstorm|[upkeep]\n|-damage|p2a: Empoleon|94\/100|[from] Sandstorm\n|-damage|p1b: Bronzong|57\/100|[from] Sandstorm\n|-heal|p2a: Empoleon|100\/100|[from] item: Leftovers\n|upkeep\n|turn|18\n|inactive|kbdk3ihtbd has 120 seconds left.\n|c|\u2606kbdk3ihtbd|i mean, your brave bird killed you JUST when you needed it to\n|\n|t:|1699050372\n|move|p2a: Empoleon|Flash Cannon|p1b: Bronzong\n|-resisted|p1b: Bronzong\n|-damage|p1b: Bronzong|43\/100\n|move|p1b: Bronzong|Rest|p1b: Bronzong\n|-status|p1b: Bronzong|slp|[from] move: Rest\n|-heal|p1b: Bronzong|100\/100 slp|[silent]\n|-enditem|p1b: Bronzong|Chesto Berry|[eat]\n|-curestatus|p1b: Bronzong|slp|[msg]\n|\n|-weather|Sandstorm|[upkeep]\n|-damage|p2a: Empoleon|94\/100|[from] Sandstorm\n|-damage|p1b: Bronzong|94\/100|[from] Sandstorm\n|-heal|p2a: Empoleon|100\/100|[from] item: Leftovers\n|upkeep\n|turn|19\n|c|\u2606Youthfulpokemon|Just when I need to!\n|inactive|kbdk3ihtbd has 120 seconds left.\n|\n|t:|1699050387\n|move|p2a: Empoleon|Flash Cannon|p1b: Bronzong\n|-resisted|p1b: Bronzong\n|-damage|p1b: Bronzong|81\/100\n|move|p1b: Bronzong|Recycle|p1b: Bronzong\n|-item|p1b: Bronzong|Chesto Berry|[from] move: Recycle\n|\n|-weather|none\n|upkeep\n|turn|20\n|n|!kbdk3ihtbd|kbdk3ihtbd\n|-message|kbdk3ihtbd forfeited.\n|\n|win|Youthfulpokemon\n|raw|Youthfulpokemon's rating: 1196 &rarr; <strong>1215<\/strong><br \/>(+19 for winning)\n|raw|kbdk3ihtbd's rating: 1105 &rarr; <strong>1086<\/strong><br \/>(-19 for losing)\n|l|!kbdk3ihtbd\n","uploadtime":1699050396,"views":13,"p1id":"youthfulpokemon","p2id":"kbdk3ihtbd","formatid":"gen9doublesou","rating":1086,"private":0,"password":""}