{"id":"gen9doublesou-1975845087","p1":"ShiggyShigs","p2":"Geniusatstuff","format":"[Gen 9] Doubles OU","log":"|j|\u2606ShiggyShigs\n|j|\u2606Geniusatstuff\n|t:|1698243278\n|gametype|doubles\n|player|p1|ShiggyShigs|2|1206\n|player|p2|Geniusatstuff|101|1219\n|teamsize|p1|6\n|teamsize|p2|6\n|gen|9\n|tier|[Gen 9] Doubles OU\n|rated|\n|rule|Species Clause: Limit one of each Pok\u00e9mon\n|rule|OHKO Clause: OHKO moves are banned\n|rule|Evasion Moves Clause: Evasion moves are banned\n|rule|Gravity Sleep Clause: The combination of sleep-inducing moves with imperfect accuracy and Gravity or Gigantamax Orbeetle are banned\n|rule|Endless Battle Clause: Forcing endless battles is banned\n|rule|HP Percentage Mod: HP is shown in percentages\n|clearpoke\n|poke|p1|Indeedee-F, F|\n|poke|p1|Armarouge, M|\n|poke|p1|Sneasler, M|\n|poke|p1|Farigiraf, F|\n|poke|p1|Brute Bonnet|\n|poke|p1|Zoroark-Hisui, F|\n|poke|p2|Baxcalibur, M|\n|poke|p2|Milotic, M|\n|poke|p2|Oricorio-Pom-Pom, M|\n|poke|p2|Flamigo, F|\n|poke|p2|Volcarona, M|\n|poke|p2|Wyrdeer, F|\n|teampreview\n|inactive|Battle timer is ON: inactive players will automatically lose when time's up. (requested by Geniusatstuff)\n|\n|t:|1698243310\n|start\n|switch|p1a: Brute Bonnet|Brute Bonnet|100\/100\n|switch|p1b: Farigiraf|Farigiraf, F|100\/100\n|switch|p2a: Oricorio|Oricorio-Pom-Pom, M, shiny|100\/100\n|switch|p2b: Wyrdeer|Wyrdeer, F, shiny|100\/100\n|-ability|p2b: Wyrdeer|Intimidate|boost\n|-unboost|p1a: Brute Bonnet|atk|1\n|-unboost|p1b: Farigiraf|atk|1\n|-enditem|p1a: Brute Bonnet|Booster Energy\n|-activate|p1a: Brute Bonnet|ability: Protosynthesis|[fromitem]\n|-start|p1a: Brute Bonnet|protosynthesisspd\n|turn|1\n|\n|t:|1698243339\n|move|p1a: Brute Bonnet|Rage Powder|p1a: Brute Bonnet\n|-singleturn|p1a: Brute Bonnet|move: Rage Powder\n|move|p1b: Farigiraf|Hyper Voice|p2a: Oricorio|[spread] p2a,p2b\n|-damage|p2a: Oricorio|39\/100\n|-damage|p2b: Wyrdeer|68\/100\n|move|p2a: Oricorio|Tailwind|p2a: Oricorio\n|-sidestart|p2: Geniusatstuff|move: Tailwind\n|move|p2b: Wyrdeer|Skill Swap||[still]\n|-fail|p2b: Wyrdeer\n|\n|upkeep\n|turn|2\n|inactive|Geniusatstuff has 120 seconds left.\n|\n|t:|1698243380\n|move|p2a: Oricorio|Quiver Dance|p2a: Oricorio\n|-boost|p2a: Oricorio|spa|1\n|-boost|p2a: Oricorio|spd|1\n|-boost|p2a: Oricorio|spe|1\n|move|p2b: Wyrdeer|Skill Swap|p2a: Oricorio\n|-activate|p2b: Wyrdeer|move: Skill Swap|||[of] p2a: Oricorio\n|-ability|p2a: Oricorio|Intimidate|boost\n|-unboost|p1a: Brute Bonnet|atk|1\n|-unboost|p1b: Farigiraf|atk|1\n|move|p1b: Farigiraf|Hyper Voice|p2b: Wyrdeer|[spread] p2a,p2b\n|-crit|p2a: Oricorio\n|-damage|p2a: Oricorio|0 fnt\n|-damage|p2b: Wyrdeer|33\/100\n|faint|p2a: Oricorio\n|move|p1a: Brute Bonnet|Spore|p2b: Wyrdeer\n|-status|p2b: Wyrdeer|slp|[from] move: Spore\n|-enditem|p2b: Wyrdeer|Lum Berry|[eat]\n|-curestatus|p2b: Wyrdeer|slp|[msg]\n|\n|upkeep\n|\n|t:|1698243401\n|switch|p2a: Milotic|Milotic, M, shiny|100\/100\n|turn|3\n|\n|t:|1698243414\n|-terastallize|p2a: Milotic|Steel\n|move|p2a: Milotic|Coil|p2a: Milotic\n|-boost|p2a: Milotic|atk|1\n|-boost|p2a: Milotic|def|1\n|-boost|p2a: Milotic|accuracy|1\n|move|p2b: Wyrdeer|Skill Swap|p2a: Milotic\n|-activate|p2b: Wyrdeer|move: Skill Swap|||[of] p2a: Milotic\n|move|p1b: Farigiraf|Hyper Voice|p2a: Milotic|[spread] p2a,p2b\n|-resisted|p2a: Milotic\n|-crit|p2b: Wyrdeer\n|-damage|p2a: Milotic|88\/100\n|-damage|p2b: Wyrdeer|0 fnt\n|faint|p2b: Wyrdeer\n|move|p1a: Brute Bonnet|Spore|p2a: Milotic\n|-status|p2a: Milotic|slp|[from] move: Spore\n|\n|-heal|p2a: Milotic|94\/100 slp|[from] item: Leftovers\n|upkeep\n|\n|t:|1698243439\n|switch|p2b: Baxcalibur|Baxcalibur, M, shiny|100\/100\n|turn|4\n|\n|t:|1698243452\n|move|p1a: Brute Bonnet|Rage Powder|p1a: Brute Bonnet\n|-singleturn|p1a: Brute Bonnet|move: Rage Powder\n|move|p2b: Baxcalibur|Icicle Spear|p1a: Brute Bonnet\n|-supereffective|p1a: Brute Bonnet\n|-crit|p1a: Brute Bonnet\n|-damage|p1a: Brute Bonnet|70\/100\n|-supereffective|p1a: Brute Bonnet\n|-damage|p1a: Brute Bonnet|51\/100\n|-supereffective|p1a: Brute Bonnet\n|-damage|p1a: Brute Bonnet|33\/100\n|-supereffective|p1a: Brute Bonnet\n|-damage|p1a: Brute Bonnet|15\/100\n|-supereffective|p1a: Brute Bonnet\n|-damage|p1a: Brute Bonnet|0 fnt\n|faint|p1a: Brute Bonnet\n|-end|p1a: Brute Bonnet|Protosynthesis|[silent]\n|-hitcount|p1: Brute Bonnet|5\n|cant|p2a: Milotic|slp\n|move|p1b: Farigiraf|Flamethrower|p2a: Milotic\n|-supereffective|p2a: Milotic\n|-damage|p2a: Milotic|44\/100 slp\n|\n|-heal|p2a: Milotic|50\/100 slp|[from] item: Leftovers\n|-sideend|p2: Geniusatstuff|move: Tailwind\n|upkeep\n|\n|t:|1698243458\n|switch|p1a: Farigiraf|Farigiraf, F|100\/100\n|turn|5\n|inactive|Geniusatstuff has 120 seconds left.\n|\n|t:|1698243486\n|move|p1b: Farigiraf|Hyper Voice|p2b: Baxcalibur|[spread] p2a,p2b\n|-resisted|p2a: Milotic\n|-damage|p2a: Milotic|35\/100 slp\n|-damage|p2b: Baxcalibur|62\/100\n|move|p2b: Baxcalibur|Icicle Spear|p1b: Farigiraf\n|-damage|p1b: Farigiraf|70\/100\n|replace|p1b: Zoroark|Zoroark-Hisui, F\n|-end|p1b: Zoroark|Illusion\n|-damage|p1b: Zoroark|39\/100\n|-damage|p1b: Zoroark|10\/100\n|-damage|p1b: Zoroark|0 fnt\n|faint|p1b: Zoroark\n|-hitcount|p1: Zoroark|4\n|cant|p2a: Milotic|slp\n|move|p1a: Farigiraf|Dazzling Gleam|p2b: Baxcalibur|[spread] p2a,p2b\n|-resisted|p2a: Milotic\n|-supereffective|p2b: Baxcalibur\n|-damage|p2a: Milotic|29\/100 slp\n|-damage|p2b: Baxcalibur|18\/100\n|\n|-heal|p2a: Milotic|35\/100 slp|[from] item: Leftovers\n|upkeep\n|\n|t:|1698243495\n|switch|p1b: Sneasler|Sneasler, M|100\/100\n|turn|6\n|\n|t:|1698243523\n|move|p1b: Sneasler|Fake Out|p2b: Baxcalibur\n|-enditem|p1b: Sneasler|Normal Gem|[from] gem\n|-damage|p2b: Baxcalibur|1\/100\n|cant|p2b: Baxcalibur|flinch\n|cant|p2a: Milotic|slp\n|move|p1a: Farigiraf|Dazzling Gleam|p2b: Baxcalibur|[spread] p2a,p2b\n|-resisted|p2a: Milotic\n|-supereffective|p2b: Baxcalibur\n|-damage|p2a: Milotic|28\/100 slp\n|-damage|p2b: Baxcalibur|0 fnt\n|faint|p2b: Baxcalibur\n|\n|-heal|p2a: Milotic|34\/100 slp|[from] item: Leftovers\n|upkeep\n|inactive|Geniusatstuff has 120 seconds left.\n|\n|t:|1698243538\n|switch|p2b: Flamigo|Flamigo, F, shiny|100\/100\n|-copyboost|p2b: Flamigo|p2a: Milotic|[from] ability: Costar\n|turn|7\n|\n|t:|1698243555\n|move|p1b: Sneasler|Rock Slide|p2a: Milotic|[spread] p2a,p2b\n|-resisted|p2a: Milotic\n|-damage|p2a: Milotic|27\/100 slp\n|-damage|p2b: Flamigo|83\/100\n|move|p2b: Flamigo|Brave Bird|p1b: Sneasler\n|-supereffective|p1b: Sneasler\n|-damage|p1b: Sneasler|0 fnt\n|faint|p1b: Sneasler\n|-damage|p2b: Flamigo|50\/100|[from] Recoil\n|-damage|p2b: Flamigo|40\/100|[from] item: Life Orb\n|-curestatus|p2a: Milotic|slp|[msg]\n|move|p2a: Milotic|Coil|p2a: Milotic\n|-boost|p2a: Milotic|atk|1\n|-boost|p2a: Milotic|def|1\n|-boost|p2a: Milotic|accuracy|1\n|move|p1a: Farigiraf|Dazzling Gleam|p2a: Milotic|[spread] p2a,p2b\n|-resisted|p2a: Milotic\n|-supereffective|p2b: Flamigo\n|-damage|p2a: Milotic|20\/100\n|-damage|p2b: Flamigo|0 fnt\n|faint|p2b: Flamigo\n|\n|-heal|p2a: Milotic|26\/100|[from] item: Leftovers\n|upkeep\n|\n|t:|1698243578\n|switch|p1b: Indeedee|Indeedee-F, F|100\/100\n|switch|p2b: Volcarona|Volcarona, M, shiny|100\/100\n|-fieldstart|move: Psychic Terrain|[from] ability: Psychic Surge|[of] p1b: Indeedee\n|-enditem|p1b: Indeedee|Psychic Seed\n|-boost|p1b: Indeedee|spd|1|[from] item: Psychic Seed\n|turn|8\n|\n|t:|1698243600\n|move|p1b: Indeedee|Follow Me|p1b: Indeedee\n|-singleturn|p1b: Indeedee|move: Follow Me\n|move|p2b: Volcarona|Quiver Dance|p2b: Volcarona\n|-boost|p2b: Volcarona|spa|1\n|-boost|p2b: Volcarona|spd|1\n|-boost|p2b: Volcarona|spe|1\n|-activate|p2a: Milotic|ability: Dancer\n|move|p2a: Milotic|Quiver Dance|p2a: Milotic|[from]ability: Dancer\n|-boost|p2a: Milotic|spa|1\n|-boost|p2a: Milotic|spd|1\n|-boost|p2a: Milotic|spe|1\n|move|p2a: Milotic|Blizzard|p1b: Indeedee|[spread] p1a,p1b\n|-damage|p1a: Farigiraf|66\/100\n|-damage|p1b: Indeedee|85\/100\n|move|p1a: Farigiraf|Trick Room|p1a: Farigiraf\n|-fieldstart|move: Trick Room|[of] p1a: Farigiraf\n|-enditem|p1a: Farigiraf|Room Service\n|-unboost|p1a: Farigiraf|spe|1|[from] item: Room Service\n|\n|-heal|p2a: Milotic|32\/100|[from] item: Leftovers\n|upkeep\n|turn|9\n|\n|t:|1698243625\n|move|p1b: Indeedee|Helping Hand|p1a: Farigiraf\n|-singleturn|p1a: Farigiraf|Helping Hand|[of] p1b: Indeedee\n|move|p1a: Farigiraf|Hyper Voice|p2a: Milotic|[spread] p2a,p2b\n|-resisted|p2a: Milotic\n|-crit|p2b: Volcarona\n|-damage|p2a: Milotic|21\/100\n|-damage|p2b: Volcarona|24\/100\n|-enditem|p2b: Volcarona|Sitrus Berry|[eat]\n|-heal|p2b: Volcarona|49\/100|[from] item: Sitrus Berry\n|move|p2a: Milotic|Blizzard|p1a: Farigiraf|[spread] p1a,p1b\n|-damage|p1a: Farigiraf|36\/100\n|-damage|p1b: Indeedee|69\/100\n|move|p2b: Volcarona|Quiver Dance|p2b: Volcarona\n|-boost|p2b: Volcarona|spa|1\n|-boost|p2b: Volcarona|spd|1\n|-boost|p2b: Volcarona|spe|1\n|-activate|p2a: Milotic|ability: Dancer\n|move|p2a: Milotic|Quiver Dance|p2a: Milotic|[from]ability: Dancer\n|-boost|p2a: Milotic|spa|1\n|-boost|p2a: Milotic|spd|1\n|-boost|p2a: Milotic|spe|1\n|\n|-heal|p2a: Milotic|27\/100|[from] item: Leftovers\n|upkeep\n|turn|10\n|\n|t:|1698243652\n|move|p1b: Indeedee|Helping Hand|p1a: Farigiraf\n|-singleturn|p1a: Farigiraf|Helping Hand|[of] p1b: Indeedee\n|move|p1a: Farigiraf|Hyper Voice|p2b: Volcarona|[spread] p2a,p2b\n|-resisted|p2a: Milotic\n|-damage|p2a: Milotic|18\/100\n|-damage|p2b: Volcarona|24\/100\n|move|p2a: Milotic|Blizzard|p1a: Farigiraf|[spread] p1a,p1b\n|-damage|p1a: Farigiraf|0 fnt\n|-damage|p1b: Indeedee|50\/100\n|faint|p1a: Farigiraf\n|move|p2b: Volcarona|Quiver Dance|p2b: Volcarona\n|-boost|p2b: Volcarona|spa|1\n|-boost|p2b: Volcarona|spd|1\n|-boost|p2b: Volcarona|spe|1\n|-activate|p2a: Milotic|ability: Dancer\n|move|p2a: Milotic|Quiver Dance|p2a: Milotic|[from]ability: Dancer\n|-boost|p2a: Milotic|spa|1\n|-boost|p2a: Milotic|spd|1\n|-boost|p2a: Milotic|spe|1\n|\n|-heal|p2a: Milotic|24\/100|[from] item: Leftovers\n|upkeep\n|\n|t:|1698243663\n|switch|p1a: Armarouge|Armarouge, M|100\/100\n|turn|11\n|\n|t:|1698243690\n|move|p1b: Indeedee|Helping Hand|p1a: Armarouge\n|-singleturn|p1a: Armarouge|Helping Hand|[of] p1b: Indeedee\n|move|p1a: Armarouge|Expanding Force|p2a: Milotic|[spread] p2a,p2b\n|-resisted|p2a: Milotic\n|-damage|p2a: Milotic|9\/100\n|-damage|p2b: Volcarona|0 fnt\n|faint|p2b: Volcarona\n|move|p2a: Milotic|Hydro Pump|p1a: Armarouge\n|-supereffective|p1a: Armarouge\n|-damage|p1a: Armarouge|0 fnt\n|faint|p1a: Armarouge\n|\n|-heal|p2a: Milotic|15\/100|[from] item: Leftovers\n|upkeep\n|turn|12\n|\n|t:|1698243707\n|move|p1b: Indeedee|Psychic|p2a: Milotic\n|-resisted|p2a: Milotic\n|-damage|p2a: Milotic|10\/100\n|move|p2a: Milotic|Hydro Pump|p1b: Indeedee\n|-damage|p1b: Indeedee|0 fnt\n|faint|p1b: Indeedee\n|\n|win|Geniusatstuff\n|raw|ShiggyShigs's rating: 1206 &rarr; <strong>1182<\/strong><br \/>(-24 for losing)\n|raw|Geniusatstuff's rating: 1219 &rarr; <strong>1243<\/strong><br \/>(+24 for winning)\n|l|\u2606ShiggyShigs\n","uploadtime":1698243718,"views":20,"p1id":"shiggyshigs","p2id":"geniusatstuff","formatid":"gen9doublesou","rating":1182,"private":0,"password":""}