{"id":"gen9doublesou-1989898708","p1":"ClapperKing","p2":"2ndPlane","format":"[Gen 9] Doubles OU","log":"|j|\u2606ClapperKing\n|j|\u26062ndPlane\n|t:|1699904968\n|gametype|doubles\n|player|p1|ClapperKing|101|1146\n|player|p2|2ndPlane|101|1150\n|teamsize|p1|6\n|teamsize|p2|6\n|gen|9\n|tier|[Gen 9] Doubles OU\n|rated|\n|rule|Species Clause: Limit one of each Pok\u00e9mon\n|rule|OHKO Clause: OHKO moves are banned\n|rule|Evasion Moves Clause: Evasion moves are banned\n|rule|Gravity Sleep Clause: The combination of sleep-inducing moves with imperfect accuracy and Gravity or Gigantamax Orbeetle are banned\n|rule|Endless Battle Clause: Forcing endless battles is banned\n|rule|HP Percentage Mod: HP is shown in percentages\n|clearpoke\n|poke|p1|Weezing, F|\n|poke|p1|Flutter Mane|\n|poke|p1|Roaring Moon|\n|poke|p1|Tornadus, M|\n|poke|p1|Landorus-Therian, M|\n|poke|p1|Ogerpon-Hearthflame, F|\n|poke|p2|Weezing-Galar, M|\n|poke|p2|Iron Valiant|\n|poke|p2|Volbeat, M|\n|poke|p2|Sinistcha-Masterpiece|\n|poke|p2|Gholdengo|\n|poke|p2|Iron Moth|\n|teampreview\n|inactive|Battle timer is ON: inactive players will automatically lose when time's up. (requested by 2ndPlane)\n|\n|t:|1699904991\n|start\n|switch|p1a: Landorus|Landorus-Therian, M|100\/100\n|switch|p1b: Tornadus|Tornadus, M|100\/100\n|switch|p2a: Weezing|Weezing-Galar, M|100\/100\n|switch|p2b: Iron Valiant|Iron Valiant|100\/100\n|-ability|p1a: Landorus|Intimidate|boost\n|-unboost|p2a: Weezing|atk|1\n|-unboost|p2b: Iron Valiant|atk|1\n|-fieldstart|move: Misty Terrain|[from] ability: Misty Surge|[of] p2a: Weezing\n|-enditem|p2b: Iron Valiant|Booster Energy\n|-activate|p2b: Iron Valiant|ability: Quark Drive|[fromitem]\n|-start|p2b: Iron Valiant|quarkdrivespe\n|turn|1\n|\n|t:|1699905009\n|switch|p2a: Volbeat|Volbeat, M|100\/100\n|-terastallize|p1a: Landorus|Flying\n|move|p2b: Iron Valiant|Protect|p2b: Iron Valiant\n|-singleturn|p2b: Iron Valiant|Protect\n|move|p1b: Tornadus|Tailwind|p1b: Tornadus\n|-sidestart|p1: ClapperKing|move: Tailwind\n|move|p1a: Landorus|Tera Blast|p2b: Iron Valiant|[anim] Tera Blast Flying\n|-activate|p2b: Iron Valiant|move: Protect\n|\n|upkeep\n|turn|2\n|\n|t:|1699905032\n|switch|p1b: Weezing|Weezing, F|100\/100\n|-ability|p1b: Weezing|Neutralizing Gas\n|-terastallize|p2b: Iron Valiant|Steel\n|move|p1a: Landorus|Tera Blast|p2a: Volbeat|[anim] Tera Blast Flying\n|-supereffective|p2a: Volbeat\n|-enditem|p2a: Volbeat|Focus Sash\n|-damage|p2a: Volbeat|1\/100\n|move|p2b: Iron Valiant|Psycho Cut|p1a: Landorus\n|-damage|p1a: Landorus|82\/100\n|move|p2a: Volbeat|Swagger|p2b: Iron Valiant\n|-boost|p2b: Iron Valiant|atk|2\n|-activate|p2b: Iron Valiant|move: Misty Terrain\n|\n|upkeep\n|turn|3\n|\n|t:|1699905053\n|move|p1a: Landorus|Tera Blast|p2a: Volbeat|[anim] Tera Blast Flying\n|-supereffective|p2a: Volbeat\n|-damage|p2a: Volbeat|0 fnt\n|faint|p2a: Volbeat\n|move|p2b: Iron Valiant|Psycho Cut|p1b: Weezing\n|-supereffective|p1b: Weezing\n|-damage|p1b: Weezing|39\/100\n|-enditem|p1b: Weezing|Sitrus Berry|[eat]\n|-heal|p1b: Weezing|64\/100|[from] item: Sitrus Berry\n|move|p1b: Weezing|Will-O-Wisp|p2b: Iron Valiant|[miss]\n|-miss|p1b: Weezing|p2b: Iron Valiant\n|\n|upkeep\n|\n|t:|1699905066\n|switch|p2a: Gholdengo|Gholdengo|100\/100\n|turn|4\n|inactive|ClapperKing has 120 seconds left.\n|inactive|ClapperKing has 90 seconds left.\n|\n|t:|1699905133\n|switch|p1a: Ogerpon|Ogerpon-Hearthflame, F|100\/100\n|-end|p1b: Weezing|ability: Neutralizing Gas\n|-ability|p1a: Ogerpon|Mold Breaker\n|switch|p1b: Roaring Moon|Roaring Moon|100\/100\n|move|p2b: Iron Valiant|Psycho Cut|p1b: Roaring Moon\n|-immune|p1b: Roaring Moon\n|move|p2a: Gholdengo|Make It Rain|p1b: Roaring Moon|[spread] p1a,p1b\n|-resisted|p1a: Ogerpon\n|-damage|p1a: Ogerpon|71\/100\n|-damage|p1b: Roaring Moon|55\/100\n|-unboost|p2a: Gholdengo|spa|1\n|\n|-sideend|p1: ClapperKing|move: Tailwind\n|upkeep\n|turn|5\n|inactive|2ndPlane has 120 seconds left.\n|\n|t:|1699905174\n|switch|p2a: Sinistcha|Sinistcha-Masterpiece|100\/100\n|-end|p1b: Roaring Moon|Protosynthesis|[silent]\n|switch|p1b: Landorus|Landorus-Therian, M, tera:Flying|82\/100\n|-ability|p1b: Landorus|Intimidate|boost\n|-unboost|p2a: Sinistcha|atk|1\n|-unboost|p2b: Iron Valiant|atk|1\n|move|p2b: Iron Valiant|Spirit Break|p1a: Ogerpon\n|-resisted|p1a: Ogerpon\n|-damage|p1a: Ogerpon|46\/100\n|-unboost|p1a: Ogerpon|spa|1\n|move|p1a: Ogerpon|Ivy Cudgel|p2b: Iron Valiant\n|-supereffective|p2b: Iron Valiant\n|-crit|p2b: Iron Valiant\n|-damage|p2b: Iron Valiant|0 fnt\n|faint|p2b: Iron Valiant\n|-end|p2b: Iron Valiant|Quark Drive|[silent]\n|\n|-fieldend|Misty Terrain\n|upkeep\n|-message|2ndPlane forfeited.\n|\n|win|ClapperKing\n|raw|ClapperKing's rating: 1146 &rarr; <strong>1171<\/strong><br \/>(+25 for winning)\n|raw|2ndPlane's rating: 1150 &rarr; <strong>1125<\/strong><br \/>(-25 for losing)\n|l|\u26062ndPlane\n","uploadtime":1699905198,"views":7,"p1id":"clapperking","p2id":"2ndplane","formatid":"gen9doublesou","rating":1125,"private":0,"password":""}