{"id":"gen9doublesou-1977322495","p1":"Mait27","p2":"Jcannontip","format":"[Gen 9] Doubles OU","log":"|j|\u2606Mait27\n|j|\u2606Jcannontip\n|t:|1698404916\n|gametype|doubles\n|player|p1|Mait27|burglar|1465\n|player|p2|Jcannontip|hooligans|1366\n|teamsize|p1|6\n|teamsize|p2|6\n|gen|9\n|tier|[Gen 9] Doubles OU\n|rated|\n|rule|Species Clause: Limit one of each Pok\u00e9mon\n|rule|OHKO Clause: OHKO moves are banned\n|rule|Evasion Moves Clause: Evasion moves are banned\n|rule|Gravity Sleep Clause: The combination of sleep-inducing moves with imperfect accuracy and Gravity or Gigantamax Orbeetle are banned\n|rule|Endless Battle Clause: Forcing endless battles is banned\n|rule|HP Percentage Mod: HP is shown in percentages\n|clearpoke\n|poke|p1|Baxcalibur, F|\n|poke|p1|Torkoal, F|\n|poke|p1|Walking Wake|\n|poke|p1|Gholdengo|\n|poke|p1|Amoonguss, F|\n|poke|p1|Rillaboom, F|\n|poke|p2|Sinistcha-Masterpiece|\n|poke|p2|Ursaluna, M|\n|poke|p2|Diancie|\n|poke|p2|Tyranitar, F|\n|poke|p2|Garganacl, M|\n|poke|p2|Maushold|\n|teampreview\n|inactive|Battle timer is ON: inactive players will automatically lose when time's up. (requested by Jcannontip)\n|\n|t:|1698404929\n|start\n|switch|p1a: Rillaboom|Rillaboom, F|100\/100\n|switch|p1b: Baxcalibur|Baxcalibur, F|100\/100\n|switch|p2a: Sinistcha|Sinistcha-Masterpiece|100\/100\n|switch|p2b: Maushold|Maushold|100\/100\n|-fieldstart|move: Grassy Terrain|[from] ability: Grassy Surge|[of] p1a: Rillaboom\n|turn|1\n|\n|t:|1698404943\n|move|p1a: Rillaboom|Fake Out|p2b: Maushold\n|-damage|p2b: Maushold|85\/100\n|cant|p2b: Maushold|flinch\n|move|p1b: Baxcalibur|Icicle Spear|p2a: Sinistcha\n|-supereffective|p2a: Sinistcha\n|-damage|p2a: Sinistcha|81\/100\n|-supereffective|p2a: Sinistcha\n|-damage|p2a: Sinistcha|62\/100\n|-supereffective|p2a: Sinistcha\n|-damage|p2a: Sinistcha|40\/100\n|-supereffective|p2a: Sinistcha\n|-damage|p2a: Sinistcha|20\/100\n|-supereffective|p2a: Sinistcha\n|-damage|p2a: Sinistcha|0 fnt\n|faint|p2a: Sinistcha\n|-hitcount|p2: Sinistcha|5\n|\n|-heal|p2b: Maushold|91\/100|[from] Grassy Terrain\n|upkeep\n|\n|t:|1698404951\n|switch|p2a: Diancie|Diancie|100\/100\n|turn|2\n|\n|t:|1698404978\n|move|p1b: Baxcalibur|Protect|p1b: Baxcalibur\n|-singleturn|p1b: Baxcalibur|Protect\n|move|p2b: Maushold|Follow Me|p2b: Maushold\n|-singleturn|p2b: Maushold|move: Follow Me\n|move|p1a: Rillaboom|Grassy Glide|p2b: Maushold\n|-damage|p2b: Maushold|46\/100\n|move|p2a: Diancie|Trick Room|p2a: Diancie\n|-fieldstart|move: Trick Room|[of] p2a: Diancie\n|\n|-heal|p2b: Maushold|51\/100|[from] Grassy Terrain\n|upkeep\n|turn|3\n|\n|t:|1698404997\n|switch|p1b: Amoonguss|Amoonguss, F|100\/100\n|move|p2a: Diancie|Moonblast|p1b: Amoonguss\n|-resisted|p1b: Amoonguss\n|-damage|p1b: Amoonguss|86\/100\n|-unboost|p1b: Amoonguss|spa|1\n|-damage|p2a: Diancie|91\/100|[from] item: Life Orb\n|move|p1a: Rillaboom|U-turn|p2b: Maushold\n|-damage|p2b: Maushold|24\/100\n|\n|t:|1698405009\n|switch|p1a: Torkoal|Torkoal, F|100\/100|[from] U-turn\n|-weather|SunnyDay|[from] ability: Drought|[of] p1a: Torkoal\n|move|p2b: Maushold|Population Bomb|p1a: Torkoal\n|-damage|p1a: Torkoal|98\/100\n|-damage|p1a: Torkoal|94\/100\n|-damage|p1a: Torkoal|91\/100\n|-damage|p1a: Torkoal|87\/100\n|-damage|p1a: Torkoal|84\/100\n|-damage|p1a: Torkoal|80\/100\n|-damage|p1a: Torkoal|77\/100\n|-damage|p1a: Torkoal|73\/100\n|-damage|p1a: Torkoal|70\/100\n|-damage|p1a: Torkoal|66\/100\n|-hitcount|p1a: Torkoal|10\n|\n|-weather|SunnyDay|[upkeep]\n|-heal|p1a: Torkoal|72\/100|[from] Grassy Terrain\n|-heal|p2a: Diancie|97\/100|[from] Grassy Terrain\n|-heal|p1b: Amoonguss|92\/100|[from] Grassy Terrain\n|-heal|p2b: Maushold|30\/100|[from] Grassy Terrain\n|upkeep\n|turn|4\n|inactive|Mait27 has 120 seconds left.\n|\n|t:|1698405055\n|-terastallize|p1b: Amoonguss|Water\n|move|p2b: Maushold|Follow Me|p2b: Maushold\n|-singleturn|p2b: Maushold|move: Follow Me\n|move|p1a: Torkoal|Lava Plume|p2b: Maushold|[spread] p1b,p2a,p2b\n|-resisted|p1b: Amoonguss\n|-resisted|p2a: Diancie\n|-damage|p1b: Amoonguss|83\/100\n|-damage|p2a: Diancie|88\/100\n|-damage|p2b: Maushold|4\/100\n|move|p2a: Diancie|Diamond Storm|p1b: Amoonguss|[spread] p1a,p1b\n|-supereffective|p1a: Torkoal\n|-damage|p1a: Torkoal|27\/100\n|-damage|p1b: Amoonguss|37\/100\n|-boost|p2a: Diancie|def|2\n|-damage|p2a: Diancie|78\/100|[from] item: Life Orb\n|move|p1b: Amoonguss|Spore|p2b: Maushold\n|-status|p2b: Maushold|slp|[from] move: Spore\n|\n|-weather|SunnyDay|[upkeep]\n|-heal|p1a: Torkoal|33\/100|[from] Grassy Terrain\n|-heal|p2a: Diancie|84\/100|[from] Grassy Terrain\n|-heal|p1b: Amoonguss|43\/100|[from] Grassy Terrain\n|-heal|p2b: Maushold|10\/100 slp|[from] Grassy Terrain\n|upkeep\n|turn|5\n|j| saucy_099\n|inactive|Mait27 has 120 seconds left.\n|\n|t:|1698405084\n|switch|p1b: Rillaboom|Rillaboom, F|100\/100\n|move|p1a: Torkoal|Protect|p1a: Torkoal\n|-singleturn|p1a: Torkoal|Protect\n|cant|p2b: Maushold|slp\n|move|p2a: Diancie|Diamond Storm|p1a: Torkoal|[spread] p1b\n|-activate|p1a: Torkoal|move: Protect\n|-damage|p1b: Rillaboom|64\/100\n|-boost|p2a: Diancie|def|2\n|-damage|p2a: Diancie|74\/100|[from] item: Life Orb\n|\n|-weather|SunnyDay|[upkeep]\n|-heal|p1a: Torkoal|39\/100|[from] Grassy Terrain\n|-heal|p2a: Diancie|80\/100|[from] Grassy Terrain\n|-heal|p1b: Rillaboom|70\/100|[from] Grassy Terrain\n|-heal|p2b: Maushold|16\/100 slp|[from] Grassy Terrain\n|-fieldend|move: Grassy Terrain\n|upkeep\n|turn|6\n|inactive|Mait27 has 120 seconds left.\n|\n|t:|1698405110\n|move|p1a: Torkoal|Yawn|p2a: Diancie\n|-start|p2a: Diancie|move: Yawn|[of] p1a: Torkoal\n|move|p2a: Diancie|Diamond Storm|p1a: Torkoal|[spread] p1a,p1b\n|-supereffective|p1a: Torkoal\n|-damage|p1a: Torkoal|0 fnt\n|-damage|p1b: Rillaboom|31\/100\n|-boost|p2a: Diancie|def|2\n|faint|p1a: Torkoal\n|-damage|p2a: Diancie|70\/100|[from] item: Life Orb\n|move|p1b: Rillaboom|U-turn|p2b: Maushold\n|-damage|p2b: Maushold|0 fnt\n|faint|p2b: Maushold\n|\n|t:|1698405124\n|switch|p1b: Walking Wake|Walking Wake|100\/100|[from] U-turn\n|-activate|p1b: Walking Wake|ability: Protosynthesis\n|-start|p1b: Walking Wake|protosynthesisspe\n|\n|-weather|SunnyDay|[upkeep]\n|-fieldend|move: Trick Room\n|upkeep\n|inactive|Mait27 has 120 seconds left.\n|\n|t:|1698405135\n|switch|p2b: Garganacl|Garganacl, M|100\/100\n|switch|p1a: Rillaboom|Rillaboom, F|31\/100\n|-fieldstart|move: Grassy Terrain|[from] ability: Grassy Surge|[of] p1a: Rillaboom\n|turn|7\n|\n|t:|1698405152\n|-terastallize|p2a: Diancie|Water\n|move|p1a: Rillaboom|Fake Out|p2b: Garganacl\n|-resisted|p2b: Garganacl\n|-damage|p2b: Garganacl|97\/100\n|move|p1b: Walking Wake|Hydro Steam|p2a: Diancie\n|-resisted|p2a: Diancie\n|-damage|p2a: Diancie|30\/100\n|cant|p2b: Garganacl|flinch\n|move|p2a: Diancie|Trick Room|p2a: Diancie\n|-fieldstart|move: Trick Room|[of] p2a: Diancie\n|\n|-weather|SunnyDay|[upkeep]\n|-heal|p2b: Garganacl|100\/100|[from] Grassy Terrain\n|-heal|p2a: Diancie|36\/100|[from] Grassy Terrain\n|-heal|p1a: Rillaboom|38\/100|[from] Grassy Terrain\n|-end|p2a: Diancie|move: Yawn|[silent]\n|-status|p2a: Diancie|slp\n|upkeep\n|turn|8\n|inactive|Mait27 has 120 seconds left.\n|\n|t:|1698405189\n|cant|p2a: Diancie|slp\n|move|p1a: Rillaboom|Grassy Glide|p2b: Garganacl\n|-supereffective|p2b: Garganacl\n|-damage|p2b: Garganacl|58\/100\n|move|p2b: Garganacl|Salt Cure|p1b: Walking Wake\n|-damage|p1b: Walking Wake|85\/100\n|-start|p1b: Walking Wake|Salt Cure\n|move|p1b: Walking Wake|Hydro Steam|p2b: Garganacl\n|-supereffective|p2b: Garganacl\n|-damage|p2b: Garganacl|0 fnt\n|faint|p2b: Garganacl\n|\n|-weather|SunnyDay|[upkeep]\n|-heal|p2a: Diancie|42\/100 slp|[from] Grassy Terrain\n|-heal|p1a: Rillaboom|44\/100|[from] Grassy Terrain\n|-heal|p1b: Walking Wake|91\/100|[from] Grassy Terrain\n|-damage|p1b: Walking Wake|66\/100|[from] Salt Cure\n|upkeep\n|\n|t:|1698405202\n|switch|p2b: Tyranitar|Tyranitar, F|100\/100\n|-weather|Sandstorm|[from] ability: Sand Stream|[of] p2b: Tyranitar\n|-end|p1b: Walking Wake|Protosynthesis\n|turn|9\n|\n|t:|1698405221\n|-end|p1b: Walking Wake|Protosynthesis|[silent]\n|switch|p1b: Amoonguss|Amoonguss, F, tera:Water|77\/100\n|cant|p2a: Diancie|slp\n|move|p1a: Rillaboom|Grassy Glide|p2a: Diancie\n|-supereffective|p2a: Diancie\n|-crit|p2a: Diancie\n|-damage|p2a: Diancie|0 fnt\n|faint|p2a: Diancie\n|move|p2b: Tyranitar|Crunch|p1a: Rillaboom\n|-damage|p1a: Rillaboom|3\/100\n|\n|-weather|Sandstorm|[upkeep]\n|-damage|p1b: Amoonguss|71\/100|[from] Sandstorm\n|-damage|p1a: Rillaboom|0 fnt|[from] Sandstorm\n|faint|p1a: Rillaboom\n|-heal|p1b: Amoonguss|77\/100|[from] Grassy Terrain\n|upkeep\n|\n|t:|1698405242\n|switch|p2a: Ursaluna|Ursaluna, M|100\/100\n|switch|p1a: Baxcalibur|Baxcalibur, F|100\/100\n|turn|10\n|\n|t:|1698405255\n|move|p1a: Baxcalibur|Protect|p1a: Baxcalibur\n|-singleturn|p1a: Baxcalibur|Protect\n|move|p2a: Ursaluna|Facade|p1b: Amoonguss\n|-damage|p1b: Amoonguss|33\/100\n|move|p1b: Amoonguss|Spore|p2b: Tyranitar\n|-status|p2b: Tyranitar|slp|[from] move: Spore\n|cant|p2b: Tyranitar|slp\n|\n|-weather|Sandstorm|[upkeep]\n|-damage|p1b: Amoonguss|27\/100|[from] Sandstorm\n|-damage|p1a: Baxcalibur|94\/100|[from] Sandstorm\n|-heal|p1b: Amoonguss|33\/100|[from] Grassy Terrain\n|-heal|p1a: Baxcalibur|100\/100|[from] Grassy Terrain\n|-status|p2a: Ursaluna|brn|[from] item: Flame Orb\n|upkeep\n|turn|11\n|\n|t:|1698405283\n|move|p1b: Amoonguss|Rage Powder|p1b: Amoonguss\n|-singleturn|p1b: Amoonguss|move: Rage Powder\n|move|p2a: Ursaluna|Facade|p1b: Amoonguss\n|-damage|p1b: Amoonguss|0 fnt\n|faint|p1b: Amoonguss\n|cant|p2b: Tyranitar|slp\n|move|p1a: Baxcalibur|Dragon Dance|p1a: Baxcalibur\n|-boost|p1a: Baxcalibur|atk|1\n|-boost|p1a: Baxcalibur|spe|1\n|\n|-weather|Sandstorm|[upkeep]\n|-damage|p1a: Baxcalibur|94\/100|[from] Sandstorm\n|-heal|p1a: Baxcalibur|100\/100|[from] Grassy Terrain\n|-damage|p2a: Ursaluna|94\/100 brn|[from] brn\n|-fieldend|move: Trick Room\n|-fieldend|move: Grassy Terrain\n|upkeep\n|inactive|Mait27 has 120 seconds left.\n|\n|t:|1698405308\n|switch|p1b: Walking Wake|Walking Wake|66\/100\n|turn|12\n|\n|t:|1698405318\n|move|p1a: Baxcalibur|Icicle Spear|p2a: Ursaluna\n|-supereffective|p2a: Ursaluna\n|-damage|p2a: Ursaluna|66\/100 brn\n|-supereffective|p2a: Ursaluna\n|-damage|p2a: Ursaluna|34\/100 brn\n|-supereffective|p2a: Ursaluna\n|-damage|p2a: Ursaluna|2\/100 brn\n|-supereffective|p2a: Ursaluna\n|-damage|p2a: Ursaluna|0 fnt\n|faint|p2a: Ursaluna\n|-hitcount|p2: Ursaluna|4\n|move|p1b: Walking Wake|Hydro Steam|p2b: Tyranitar\n|-supereffective|p2b: Tyranitar\n|-damage|p2b: Tyranitar|38\/100 slp\n|-curestatus|p2b: Tyranitar|slp|[msg]\n|move|p2b: Tyranitar|Dragon Claw|p1a: Baxcalibur\n|-supereffective|p1a: Baxcalibur\n|-damage|p1a: Baxcalibur|37\/100\n|\n|-weather|Sandstorm|[upkeep]\n|-damage|p1a: Baxcalibur|31\/100|[from] Sandstorm\n|-damage|p1b: Walking Wake|60\/100|[from] Sandstorm\n|upkeep\n|turn|13\n|\n|t:|1698405340\n|move|p1a: Baxcalibur|Icicle Spear|p2b: Tyranitar\n|-damage|p2b: Tyranitar|21\/100\n|-damage|p2b: Tyranitar|5\/100\n|-damage|p2b: Tyranitar|0 fnt\n|faint|p2b: Tyranitar\n|-hitcount|p2: Tyranitar|3\n|\n|win|Mait27\n|raw|Mait27's rating: 1465 &rarr; <strong>1479<\/strong><br \/>(+14 for winning)\n|raw|Jcannontip's rating: 1366 &rarr; <strong>1352<\/strong><br \/>(-14 for losing)\n|c|\u2606Mait27|GG\n","uploadtime":1698405364,"views":24,"p1id":"mait27","p2id":"jcannontip","formatid":"gen9doublesou","rating":1352,"private":0,"password":""}