{"id":"gen9doublesou-1986803011","p1":"R37 Tests","p2":"mfox","format":"[Gen 9] Doubles OU","log":"|j|\u2606R37 Tests\n|j|\u2606mfox\n|t:|1699527539\n|gametype|doubles\n|player|p1|R37 Tests|dawn|1058\n|player|p2|mfox|dancer|1042\n|teamsize|p1|6\n|teamsize|p2|6\n|gen|9\n|tier|[Gen 9] Doubles OU\n|rated|\n|rule|Species Clause: Limit one of each Pok\u00e9mon\n|rule|OHKO Clause: OHKO moves are banned\n|rule|Evasion Moves Clause: Evasion moves are banned\n|rule|Gravity Sleep Clause: The combination of sleep-inducing moves with imperfect accuracy and Gravity or Gigantamax Orbeetle are banned\n|rule|Endless Battle Clause: Forcing endless battles is banned\n|rule|HP Percentage Mod: HP is shown in percentages\n|clearpoke\n|poke|p1|Falinks|\n|poke|p1|Golduck, M|\n|poke|p1|Medicham, F|\n|poke|p1|Flamigo, F|\n|poke|p1|Ursaluna-Bloodmoon, M|\n|poke|p1|Maushold|\n|poke|p2|Ninetales-Alola, F|\n|poke|p2|Espathra, F|\n|poke|p2|Cinderace, M|\n|poke|p2|Sinistcha|\n|poke|p2|Bisharp, M|\n|poke|p2|Baxcalibur, F|\n|teampreview\n|inactive|Battle timer is ON: inactive players will automatically lose when time's up. (requested by R37 Tests)\n|inactive|mfox has 120 seconds left.\n|\n|t:|1699527574\n|start\n|switch|p1a: Falinks|Falinks|100\/100\n|switch|p1b: Golduck|Golduck, M|100\/100\n|switch|p2a: Ninetales|Ninetales-Alola, F|100\/100\n|switch|p2b: vogue|Espathra, F, shiny|100\/100\n|-weather|Snow|[from] ability: Snow Warning|[of] p2a: Ninetales\n|-ability|p1b: Golduck|Cloud Nine\n|turn|1\n|inactive|R37 Tests has 120 seconds left.\n|\n|t:|1699527607\n|-terastallize|p1a: Falinks|Fairy\n|move|p2a: Ninetales|Helping Hand|p2b: vogue\n|-singleturn|p2b: vogue|Helping Hand|[of] p2a: Ninetales\n|move|p1b: Golduck|Simple Beam|p1a: Falinks\n|-endability|p1a: Falinks|Defiant|[from] move: Simple Beam\n|-ability|p1a: Falinks|Simple|[from] move: Simple Beam\n|move|p1a: Falinks|No Retreat|p1a: Falinks\n|-boost|p1a: Falinks|atk|2\n|-boost|p1a: Falinks|def|2\n|-boost|p1a: Falinks|spa|2\n|-boost|p1a: Falinks|spd|2\n|-boost|p1a: Falinks|spe|2\n|-start|p1a: Falinks|move: No Retreat\n|move|p2b: vogue|Dazzling Gleam|p1b: Golduck|[spread] p1a,p1b\n|-damage|p1a: Falinks|82\/100\n|-damage|p1b: Golduck|79\/100\n|\n|-weather|Snow|[upkeep]\n|-ability|p2b: vogue|Speed Boost|boost\n|-boost|p2b: vogue|spe|1\n|upkeep\n|turn|2\n|inactive|R37 Tests has 120 seconds left.\n|inactive|mfox has 120 seconds left.\n|\n|t:|1699527654\n|switch|p2a: stay sharp|Bisharp, M|100\/100\n|move|p1a: Falinks|Knock Off|p2b: vogue\n|-supereffective|p2b: vogue\n|-damage|p2b: vogue|0 fnt\n|-enditem|p2b: vogue|Leftovers|[from] move: Knock Off|[of] p1a: Falinks\n|faint|p2b: vogue\n|move|p1b: Golduck|Flip Turn|p2a: stay sharp\n|-crit|p2a: stay sharp\n|-damage|p2a: stay sharp|80\/100\n|inactive|R37 Tests has 120 seconds left.\n|\n|t:|1699527666\n|switch|p1b: Medicham|Medicham, F|100\/100|[from] Flip Turn\n|\n|-weather|Snow|[upkeep]\n|upkeep\n|inactive|mfox has 90 seconds left.\n|\n|t:|1699527694\n|switch|p2b: GOTCHA!|Sinistcha|100\/100\n|-heal|p2a: stay sharp|100\/100|[from] ability: Hospitality|[of] p2b: GOTCHA!\n|turn|3\n|\n|t:|1699527708\n|move|p1a: Falinks|Knock Off|p2b: GOTCHA!\n|-supereffective|p2b: GOTCHA!\n|-damage|p2b: GOTCHA!|0 fnt\n|-enditem|p2b: GOTCHA!|Big Root|[from] move: Knock Off|[of] p1a: Falinks\n|faint|p2b: GOTCHA!\n|move|p1b: Medicham|Psych Up|p1a: Falinks\n|-copyboost|p1b: Medicham|p1a: Falinks|[from] move: Psych Up\n|move|p2a: stay sharp|Iron Head|p1a: Falinks\n|-supereffective|p1a: Falinks\n|-damage|p1a: Falinks|24\/100\n|\n|-weather|Snow|[upkeep]\n|upkeep\n|\n|t:|1699527722\n|switch|p2b: Baxcalibur|Baxcalibur, F|100\/100\n|turn|4\n|inactive|mfox has 120 seconds left.\n|\n|t:|1699527740\n|move|p1b: Medicham|Rock Slide|p2b: Baxcalibur|[spread] p2a,p2b\n|-resisted|p2a: stay sharp\n|-supereffective|p2b: Baxcalibur\n|-damage|p2a: stay sharp|81\/100\n|-damage|p2b: Baxcalibur|35\/100\n|move|p1a: Falinks|Close Combat|p2a: stay sharp\n|-supereffective|p2a: stay sharp\n|-damage|p2a: stay sharp|0 fnt\n|-unboost|p1a: Falinks|def|2\n|-unboost|p1a: Falinks|spd|2\n|faint|p2a: stay sharp\n|move|p2b: Baxcalibur|Icicle Spear|p1b: Medicham\n|-damage|p1b: Medicham|86\/100\n|-damage|p1b: Medicham|74\/100\n|-damage|p1b: Medicham|61\/100\n|-damage|p1b: Medicham|47\/100\n|-hitcount|p1b: Medicham|4\n|\n|-weather|Snow|[upkeep]\n|upkeep\n|\n|t:|1699527756\n|switch|p2a: Cinderace|Cinderace, M, shiny|100\/100\n|turn|5\n|inactive|mfox has 120 seconds left.\n|\n|t:|1699527771\n|move|p1b: Medicham|Drain Punch|p2a: Cinderace\n|-damage|p2a: Cinderace|0 fnt\n|-heal|p1b: Medicham|100\/100|[from] drain|[of] p2a: Cinderace\n|faint|p2a: Cinderace\n|move|p1a: Falinks|Knock Off|p2b: Baxcalibur\n|-damage|p2b: Baxcalibur|0 fnt\n|-enditem|p2b: Baxcalibur|Loaded Dice|[from] move: Knock Off|[of] p1a: Falinks\n|faint|p2b: Baxcalibur\n|\n|-weather|none\n|upkeep\n|\n|t:|1699527785\n|switch|p2b: Ninetales|Ninetales-Alola, F|100\/100\n|-weather|Snow|[from] ability: Snow Warning|[of] p2b: Ninetales\n|turn|6\n|\n|t:|1699527796\n|move|p1b: Medicham|Rock Slide|p2b: Ninetales\n|-supereffective|p2b: Ninetales\n|-damage|p2b: Ninetales|0 fnt\n|faint|p2b: Ninetales\n|\n|win|R37 Tests\n|raw|R37 Tests's rating: 1058 &rarr; <strong>1088<\/strong><br \/>(+30 for winning)\n|raw|mfox's rating: 1042 &rarr; <strong>1026<\/strong><br \/>(-16 for losing)\n|l|\u2606mfox\n","uploadtime":1699527806,"views":22,"p1id":"r37tests","p2id":"mfox","formatid":"gen9doublesou","rating":1026,"private":0,"password":""}