{"id":"gen9doublesou-1977329309","p1":"GuillT853","p2":"Asher255","format":"[Gen 9] Doubles OU","log":"|j|\u2606GuillT853\n|j|\u2606Asher255\n|t:|1698405828\n|gametype|doubles\n|player|p1|GuillT853|steven|1292\n|player|p2|Asher255|saguaro|1356\n|teamsize|p1|6\n|teamsize|p2|6\n|gen|9\n|tier|[Gen 9] Doubles OU\n|rated|\n|rule|Species Clause: Limit one of each Pok\u00e9mon\n|rule|OHKO Clause: OHKO moves are banned\n|rule|Evasion Moves Clause: Evasion moves are banned\n|rule|Gravity Sleep Clause: The combination of sleep-inducing moves with imperfect accuracy and Gravity or Gigantamax Orbeetle are banned\n|rule|Endless Battle Clause: Forcing endless battles is banned\n|rule|HP Percentage Mod: HP is shown in percentages\n|clearpoke\n|poke|p1|Chi-Yu|\n|poke|p1|Torkoal, M|\n|poke|p1|Ursaluna, M|\n|poke|p1|Ogerpon-Wellspring, F|\n|poke|p1|Armarouge, F|\n|poke|p1|Landorus-Therian, M|\n|poke|p2|Iron Bundle|\n|poke|p2|Heatran, M|\n|poke|p2|Rillaboom, M|\n|poke|p2|Landorus-Therian, M|\n|poke|p2|Ogerpon-Hearthflame, F|\n|poke|p2|Iron Hands|\n|teampreview\n|\n|t:|1698405851\n|start\n|switch|p1a: Ogerpon|Ogerpon-Wellspring, F|100\/100\n|switch|p1b: Armarouge|Armarouge, F|100\/100\n|switch|p2a: Landorus|Landorus-Therian, M|100\/100\n|switch|p2b: Iron Bundle|Iron Bundle|100\/100\n|-ability|p2a: Landorus|Intimidate|boost\n|-unboost|p1a: Ogerpon|atk|1\n|-unboost|p1b: Armarouge|atk|1\n|-enditem|p2b: Iron Bundle|Booster Energy\n|-activate|p2b: Iron Bundle|ability: Quark Drive|[fromitem]\n|-start|p2b: Iron Bundle|quarkdrivespe\n|turn|1\n|\n|t:|1698405866\n|move|p1a: Ogerpon|Follow Me|p1a: Ogerpon\n|-singleturn|p1a: Ogerpon|move: Follow Me\n|move|p2b: Iron Bundle|Freeze-Dry|p1a: Ogerpon\n|-supereffective|p1a: Ogerpon\n|-damage|p1a: Ogerpon|0 fnt\n|faint|p1a: Ogerpon\n|move|p2a: Landorus|Stomping Tantrum|p1b: Armarouge\n|-supereffective|p1b: Armarouge\n|-damage|p1b: Armarouge|23\/100\n|move|p1b: Armarouge|Trick Room|p1b: Armarouge\n|-fieldstart|move: Trick Room|[of] p1b: Armarouge\n|\n|upkeep\n|\n|t:|1698405878\n|switch|p1a: Ursaluna|Ursaluna, M|100\/100\n|turn|2\n|\n|t:|1698405886\n|switch|p2a: Rillaboom|Rillaboom, M|100\/100\n|-fieldstart|move: Grassy Terrain|[from] ability: Grassy Surge|[of] p2a: Rillaboom\n|move|p2b: Iron Bundle|Protect|p2b: Iron Bundle\n|-singleturn|p2b: Iron Bundle|Protect\n|move|p1a: Ursaluna|Swords Dance|p1a: Ursaluna\n|-boost|p1a: Ursaluna|atk|2\n|move|p1b: Armarouge|Expanding Force|p2b: Iron Bundle\n|-activate|p2b: Iron Bundle|move: Protect\n|\n|-heal|p1b: Armarouge|30\/100|[from] Grassy Terrain\n|-status|p1a: Ursaluna|brn|[from] item: Flame Orb\n|upkeep\n|turn|3\n|\n|t:|1698405909\n|switch|p1b: Torkoal|Torkoal, M|100\/100\n|-weather|SunnyDay|[from] ability: Drought|[of] p1b: Torkoal\n|-end|p2b: Iron Bundle|Quark Drive|[silent]\n|switch|p2b: Landorus|Landorus-Therian, M|100\/100\n|-ability|p2b: Landorus|Intimidate|boost\n|-unboost|p1a: Ursaluna|atk|1\n|-unboost|p1b: Torkoal|atk|1\n|move|p2a: Rillaboom|Grassy Glide|p1a: Ursaluna\n|-supereffective|p1a: Ursaluna\n|-damage|p1a: Ursaluna|54\/100 brn\n|move|p1a: Ursaluna|Facade|p2a: Rillaboom\n|-damage|p2a: Rillaboom|0 fnt\n|faint|p2a: Rillaboom\n|\n|-weather|SunnyDay|[upkeep]\n|-heal|p1a: Ursaluna|60\/100 brn|[from] Grassy Terrain\n|-damage|p1a: Ursaluna|54\/100 brn|[from] brn\n|upkeep\n|\n|t:|1698405923\n|switch|p2a: Ogerpon|Ogerpon-Hearthflame, F|100\/100\n|-ability|p2a: Ogerpon|Mold Breaker\n|turn|4\n|\n|t:|1698405932\n|move|p2a: Ogerpon|Grassy Glide|p1a: Ursaluna\n|-supereffective|p1a: Ursaluna\n|-damage|p1a: Ursaluna|0 fnt\n|faint|p1a: Ursaluna\n|move|p1b: Torkoal|Eruption|p2a: Ogerpon|[spread] p2a,p2b\n|-damage|p2a: Ogerpon|14\/100\n|-damage|p2b: Landorus|3\/100\n|move|p2b: Landorus|Stomping Tantrum|p1b: Torkoal\n|-supereffective|p1b: Torkoal\n|-damage|p1b: Torkoal|39\/100\n|\n|-weather|SunnyDay|[upkeep]\n|-heal|p1b: Torkoal|45\/100|[from] Grassy Terrain\n|-heal|p2a: Ogerpon|20\/100|[from] Grassy Terrain\n|upkeep\n|\n|t:|1698405945\n|switch|p1a: Armarouge|Armarouge, F|30\/100\n|turn|5\n|\n|t:|1698405957\n|switch|p2b: Heatran|Heatran, M|100\/100\n|move|p2a: Ogerpon|Spiky Shield|p2a: Ogerpon\n|-singleturn|p2a: Ogerpon|move: Protect\n|move|p1b: Torkoal|Flamethrower|p2b: Heatran\n|-start|p2b: Heatran|ability: Flash Fire\n|move|p1a: Armarouge|Expanding Force|p2a: Ogerpon\n|-activate|p2a: Ogerpon|move: Protect\n|\n|-weather|SunnyDay|[upkeep]\n|-heal|p1b: Torkoal|52\/100|[from] Grassy Terrain\n|-heal|p1a: Armarouge|36\/100|[from] Grassy Terrain\n|-heal|p2a: Ogerpon|26\/100|[from] Grassy Terrain\n|-fieldend|move: Trick Room\n|upkeep\n|turn|6\n|\n|t:|1698405978\n|move|p1a: Armarouge|Protect|p1a: Armarouge\n|-singleturn|p1a: Armarouge|Protect\n|move|p2a: Ogerpon|Ivy Cudgel|p1b: Torkoal\n|-resisted|p1b: Torkoal\n|-damage|p1b: Torkoal|16\/100\n|move|p2b: Heatran|Earth Power|p1a: Armarouge\n|-activate|p1a: Armarouge|move: Protect\n|move|p1b: Torkoal|Earth Power|p2b: Heatran\n|-supereffective|p2b: Heatran\n|-damage|p2b: Heatran|0 fnt\n|faint|p2b: Heatran\n|\n|-weather|SunnyDay|[upkeep]\n|-heal|p2a: Ogerpon|32\/100|[from] Grassy Terrain\n|-heal|p1a: Armarouge|42\/100|[from] Grassy Terrain\n|-heal|p1b: Torkoal|22\/100|[from] Grassy Terrain\n|-fieldend|move: Grassy Terrain\n|upkeep\n|\n|t:|1698405987\n|switch|p2b: Iron Hands|Iron Hands|100\/100\n|turn|7\n|\n|t:|1698406002\n|move|p2b: Iron Hands|Fake Out|p1a: Armarouge\n|-damage|p1a: Armarouge|28\/100\n|move|p2a: Ogerpon|Ivy Cudgel|p1b: Torkoal\n|-resisted|p1b: Torkoal\n|-damage|p1b: Torkoal|0 fnt\n|faint|p1b: Torkoal\n|cant|p1a: Armarouge|flinch\n|\n|-weather|none\n|upkeep\n|\n|t:|1698406006\n|switch|p1b: Landorus|Landorus-Therian, M|100\/100\n|-ability|p1b: Landorus|Intimidate|boost\n|-unboost|p2a: Ogerpon|atk|1\n|-unboost|p2b: Iron Hands|atk|1\n|turn|8\n|\n|t:|1698406019\n|switch|p2a: Landorus|Landorus-Therian, M|3\/100\n|-ability|p2a: Landorus|Intimidate|boost\n|-unboost|p1a: Armarouge|atk|1\n|-unboost|p1b: Landorus|atk|1\n|-end|p2b: Iron Hands|Quark Drive|[silent]\n|switch|p2b: Iron Bundle|Iron Bundle|100\/100\n|move|p1b: Landorus|Stomping Tantrum|p2b: Iron Bundle\n|-damage|p2b: Iron Bundle|69\/100\n|move|p1a: Armarouge|Trick Room|p1a: Armarouge\n|-fieldstart|move: Trick Room|[of] p1a: Armarouge\n|\n|upkeep\n|turn|9\n|\n|t:|1698406043\n|move|p1a: Armarouge|Armor Cannon|p2b: Iron Bundle\n|-damage|p2b: Iron Bundle|0 fnt\n|-unboost|p1a: Armarouge|def|1\n|-unboost|p1a: Armarouge|spd|1\n|faint|p2b: Iron Bundle\n|-end|p2b: Iron Bundle|Quark Drive|[silent]\n|-damage|p1a: Armarouge|18\/100|[from] item: Life Orb\n|move|p1b: Landorus|U-turn|p2a: Landorus\n|-resisted|p2a: Landorus\n|-damage|p2a: Landorus|0 fnt\n|faint|p2a: Landorus\n|\n|t:|1698406051\n|switch|p1b: Chi-Yu|Chi-Yu|100\/100|[from] U-turn\n|-ability|p1b: Chi-Yu|Beads of Ruin\n|\n|upkeep\n|\n|t:|1698406056\n|switch|p2a: Iron Hands|Iron Hands|100\/100\n|switch|p2b: Ogerpon|Ogerpon-Hearthflame, F|32\/100\n|-ability|p2b: Ogerpon|Mold Breaker\n|turn|10\n|\n|t:|1698406082\n|-terastallize|p2a: Iron Hands|Water\n|move|p2b: Ogerpon|Spiky Shield|p2b: Ogerpon\n|-singleturn|p2b: Ogerpon|move: Protect\n|move|p1a: Armarouge|Expanding Force|p2a: Iron Hands\n|-damage|p2a: Iron Hands|59\/100\n|-damage|p1a: Armarouge|8\/100|[from] item: Life Orb\n|move|p2a: Iron Hands|Drain Punch|p1b: Chi-Yu\n|-supereffective|p1b: Chi-Yu\n|-damage|p1b: Chi-Yu|0 fnt\n|-heal|p2a: Iron Hands|87\/100|[from] drain|[of] p1b: Chi-Yu\n|faint|p1b: Chi-Yu\n|\n|upkeep\n|c|\u2606GuillT853|gg\n|\n|t:|1698406092\n|switch|p1b: Landorus|Landorus-Therian, M|100\/100\n|-ability|p1b: Landorus|Intimidate|boost\n|-unboost|p2a: Iron Hands|atk|1\n|-unboost|p2b: Ogerpon|atk|1\n|turn|11\n|\n|t:|1698406116\n|move|p1a: Armarouge|Armor Cannon|p2b: Ogerpon\n|-crit|p2b: Ogerpon\n|-damage|p2b: Ogerpon|0 fnt\n|-unboost|p1a: Armarouge|def|1\n|-unboost|p1a: Armarouge|spd|1\n|faint|p2b: Ogerpon\n|-damage|p1a: Armarouge|0 fnt|[from] item: Life Orb\n|faint|p1a: Armarouge\n|move|p2a: Iron Hands|Heavy Slam|p1b: Landorus\n|-damage|p1b: Landorus|70\/100\n|move|p1b: Landorus|U-turn|p2a: Iron Hands\n|-damage|p2a: Iron Hands|67\/100\n|\n|upkeep\n|turn|12\n|\n|t:|1698406133\n|move|p2a: Iron Hands|Heavy Slam|p1b: Landorus\n|-damage|p1b: Landorus|40\/100\n|-enditem|p1b: Landorus|Sitrus Berry|[eat]\n|-heal|p1b: Landorus|65\/100|[from] item: Sitrus Berry\n|move|p1b: Landorus|Stomping Tantrum|p2a: Iron Hands\n|-damage|p2a: Iron Hands|35\/100\n|\n|-fieldend|move: Trick Room\n|upkeep\n|turn|13\n|c|\u2606Asher255|ggs\n|\n|t:|1698406145\n|move|p1b: Landorus|Stomping Tantrum|p2a: Iron Hands\n|-damage|p2a: Iron Hands|5\/100\n|move|p2a: Iron Hands|Heavy Slam|p1b: Landorus\n|-damage|p1b: Landorus|35\/100\n|\n|upkeep\n|turn|14\n|c|\u2606GuillT853|so close\n|\n|t:|1698406150\n|move|p1b: Landorus|Stomping Tantrum|p2a: Iron Hands\n|-damage|p2a: Iron Hands|0 fnt\n|faint|p2a: Iron Hands\n|-end|p2a: Iron Hands|Quark Drive|[silent]\n|\n|win|GuillT853\n|raw|GuillT853's rating: 1292 &rarr; <strong>1322<\/strong><br \/>(+30 for winning)\n|raw|Asher255's rating: 1356 &rarr; <strong>1332<\/strong><br \/>(-24 for losing)\n","uploadtime":1698406154,"views":16,"p1id":"guillt853","p2id":"asher255","formatid":"gen9doublesou","rating":1322,"private":0,"password":""}