{"id":"gen9doublesou-1993232862","p1":"Bhaviswar 2","p2":"Rajastega23","format":"[Gen 9] Doubles OU","log":"|j|\u2606Bhaviswar 2\n|j|\u2606Rajastega23\n|inactive|Battle timer is ON: inactive players will automatically lose when time's up.\n|t:|1700281632\n|gametype|doubles\n|player|p1|Bhaviswar 2|volkner|\n|player|p2|Rajastega23|170|\n|teamsize|p1|6\n|teamsize|p2|6\n|gen|9\n|tier|[Gen 9] Doubles OU\n|rated|Tournament battle\n|rule|Species Clause: Limit one of each Pok\u00e9mon\n|rule|OHKO Clause: OHKO moves are banned\n|rule|Evasion Moves Clause: Evasion moves are banned\n|rule|Gravity Sleep Clause: The combination of sleep-inducing moves with imperfect accuracy and Gravity or Gigantamax Orbeetle are banned\n|rule|Endless Battle Clause: Forcing endless battles is banned\n|rule|HP Percentage Mod: HP is shown in percentages\n|clearpoke\n|poke|p1|Vullaby, F|\n|poke|p1|Fletchinder, F|\n|poke|p1|Crawdaunt, F|\n|poke|p1|Grimer-Alola, F|\n|poke|p1|Deino, F|\n|poke|p1|Flabe\u0301be\u0301, F|\n|poke|p2|Pawmi, F|\n|poke|p2|Sobble, F|\n|poke|p2|Quaxwell, F|\n|poke|p2|Pyroar, F|\n|poke|p2|Sneasler, F|\n|poke|p2|Tinkatuff, F|\n|teampreview\n|j|*Lady Monita \u2746\n|\n|t:|1700281646\n|start\n|switch|p1a: Flabe\u0301be\u0301|Flabe\u0301be\u0301, F, shiny|100\/100\n|switch|p1b: Vullaby|Vullaby, F, shiny|100\/100\n|switch|p2a: Pawmi|Pawmi, F|100\/100\n|switch|p2b: Pyroar|Pyroar, F|100\/100\n|-ability|p2b: Pyroar|Unnerve\n|turn|1\n|\n|t:|1700281658\n|move|p2a: Pawmi|Helping Hand|p2b: Pyroar\n|-singleturn|p2b: Pyroar|Helping Hand|[of] p2a: Pawmi\n|move|p2b: Pyroar|Heat Wave|p1b: Vullaby|[spread] p1a,p1b\n|-damage|p1a: Flabe\u0301be\u0301|31\/100\n|-damage|p1b: Vullaby|33\/100\n|-status|p1a: Flabe\u0301be\u0301|brn\n|move|p1b: Vullaby|Tailwind|p1b: Vullaby\n|-sidestart|p1: Bhaviswar 2|move: Tailwind\n|move|p1a: Flabe\u0301be\u0301|Light Screen|p1a: Flabe\u0301be\u0301\n|-sidestart|p1: Bhaviswar 2|move: Light Screen\n|\n|-damage|p1a: Flabe\u0301be\u0301|25\/100 brn|[from] brn\n|upkeep\n|turn|2\n|\n|t:|1700281680\n|move|p2a: Pawmi|Helping Hand|p2b: Pyroar\n|-singleturn|p2b: Pyroar|Helping Hand|[of] p2a: Pawmi\n|move|p2b: Pyroar|Heat Wave|p1b: Vullaby|[spread] p1a,p1b\n|-damage|p1a: Flabe\u0301be\u0301|0 fnt\n|-damage|p1b: Vullaby|0 fnt\n|faint|p1a: Flabe\u0301be\u0301\n|faint|p1b: Vullaby\n|\n|upkeep\n|j| theshankskank\n|inactive|Bhaviswar 2 has 120 seconds left.\n|\n|t:|1700281700\n|switch|p1b: Deino|Deino, F, shiny|100\/100\n|switch|p1a: Fletchinder|Fletchinder, F, shiny|100\/100\n|turn|3\n|\n|t:|1700281718\n|switch|p2b: Sobble|Sobble, F|100\/100\n|move|p1a: Fletchinder|Brave Bird|p2b: Sobble\n|-damage|p2b: Sobble|0 fnt\n|faint|p2b: Sobble\n|-damage|p1a: Fletchinder|70\/100|[from] Recoil\n|-damage|p1a: Fletchinder|60\/100|[from] item: Life Orb\n|move|p1b: Deino|Outrage|p2a: Pawmi\n|-enditem|p2a: Pawmi|Focus Sash\n|-damage|p2a: Pawmi|1\/100\n|move|p2a: Pawmi|Volt Switch|p1a: Fletchinder\n|-supereffective|p1a: Fletchinder\n|-damage|p1a: Fletchinder|29\/100\n|\n|t:|1700281722\n|switch|p2a: Tinkatuff|Tinkatuff, F|100\/100|[from] Volt Switch\n|-ability|p2a: Tinkatuff|Mold Breaker\n|\n|upkeep\n|\n|t:|1700281728\n|switch|p2b: Pawmi|Pawmi, F|1\/100\n|turn|4\n|\n|t:|1700281752\n|switch|p1a: Grimer|Grimer-Alola, F, shiny|100\/100\n|move|p2b: Pawmi|Helping Hand|p2a: Tinkatuff\n|-singleturn|p2a: Tinkatuff|Helping Hand|[of] p2b: Pawmi\n|move|p2a: Tinkatuff|Fake Out|p1a: Grimer\n|-damage|p1a: Grimer|85\/100\n|move|p1b: Deino|Outrage|p2b: Pawmi|[from]lockedmove\n|-damage|p2b: Pawmi|0 fnt\n|faint|p2b: Pawmi\n|\n|-sideend|p1: Bhaviswar 2|move: Tailwind\n|upkeep\n|\n|t:|1700281757\n|switch|p2b: Quaxwell|Quaxwell, F|100\/100\n|turn|5\n|\n|t:|1700281768\n|move|p2b: Quaxwell|Protect|p2b: Quaxwell\n|-singleturn|p2b: Quaxwell|Protect\n|move|p2a: Tinkatuff|Thunder Wave|p1a: Grimer\n|-status|p1a: Grimer|par\n|move|p1b: Deino|Outrage|p2b: Quaxwell|[from]lockedmove\n|-activate|p2b: Quaxwell|move: Protect\n|-start|p1b: Deino|confusion|[fatigue]\n|move|p1a: Grimer|Toxic|p2b: Quaxwell\n|-activate|p2b: Quaxwell|move: Protect\n|\n|-sideend|p1: Bhaviswar 2|move: Light Screen\n|upkeep\n|turn|6\n|\n|t:|1700281785\n|move|p2a: Tinkatuff|Helping Hand|p2b: Quaxwell\n|-singleturn|p2b: Quaxwell|Helping Hand|[of] p2a: Tinkatuff\n|move|p2b: Quaxwell|Aqua Cutter|p1a: Grimer\n|-damage|p1a: Grimer|51\/100 par\n|-activate|p1b: Deino|confusion\n|-damage|p1b: Deino|80\/100|[from] confusion\n|cant|p1a: Grimer|par\n|\n|upkeep\n|turn|7\n|\n|t:|1700281800\n|switch|p1b: Fletchinder|Fletchinder, F, shiny|29\/100\n|move|p2a: Tinkatuff|Helping Hand|p2b: Quaxwell\n|-singleturn|p2b: Quaxwell|Helping Hand|[of] p2a: Tinkatuff\n|move|p2b: Quaxwell|Aqua Cutter|p1a: Grimer\n|-damage|p1a: Grimer|18\/100 par\n|move|p1a: Grimer|Toxic|p2b: Quaxwell\n|-status|p2b: Quaxwell|tox\n|\n|-damage|p2b: Quaxwell|94\/100 tox|[from] psn\n|upkeep\n|turn|8\n|l| theshankskank\n|\n|t:|1700281826\n|-terastallize|p1b: Fletchinder|Steel\n|move|p2b: Quaxwell|Protect|p2b: Quaxwell\n|-singleturn|p2b: Quaxwell|Protect\n|move|p1b: Fletchinder|Roost|p1b: Fletchinder\n|-heal|p1b: Fletchinder|79\/100\n|move|p2a: Tinkatuff|Knock Off|p1b: Fletchinder\n|-damage|p1b: Fletchinder|30\/100\n|-enditem|p1b: Fletchinder|Life Orb|[from] move: Knock Off|[of] p2a: Tinkatuff\n|move|p1a: Grimer|Rock Slide|p2b: Quaxwell|[spread] p2a\n|-activate|p2b: Quaxwell|move: Protect\n|-resisted|p2a: Tinkatuff\n|-damage|p2a: Tinkatuff|95\/100\n|\n|-damage|p2b: Quaxwell|82\/100 tox|[from] psn\n|upkeep\n|turn|9\n|\n|t:|1700281842\n|move|p1b: Fletchinder|Flare Blitz|p2a: Tinkatuff\n|-supereffective|p2a: Tinkatuff\n|-damage|p2a: Tinkatuff|0 fnt\n|faint|p2a: Tinkatuff\n|-damage|p1b: Fletchinder|0 fnt|[from] Recoil\n|faint|p1b: Fletchinder\n|move|p2b: Quaxwell|Aqua Cutter|p1a: Grimer\n|-damage|p1a: Grimer|0 fnt\n|faint|p1a: Grimer\n|-ability|p2b: Quaxwell|Moxie|boost\n|-boost|p2b: Quaxwell|atk|1\n|\n|-damage|p2b: Quaxwell|64\/100 tox|[from] psn\n|upkeep\n|\n|t:|1700281847\n|switch|p1b: Deino|Deino, F, shiny|80\/100\n|switch|p2a: Sneasler|Sneasler, F|100\/100\n|switch|p1a: Crawdaunt|Crawdaunt, F, shiny|100\/100\n|-item|p2a: Sneasler|Air Balloon\n|turn|10\n|\n|t:|1700281859\n|move|p2a: Sneasler|Close Combat|p1a: Crawdaunt\n|-supereffective|p1a: Crawdaunt\n|-damage|p1a: Crawdaunt|0 fnt\n|-unboost|p2a: Sneasler|def|1\n|-unboost|p2a: Sneasler|spd|1\n|faint|p1a: Crawdaunt\n|move|p2b: Quaxwell|Aqua Cutter|p1b: Deino\n|-resisted|p1b: Deino\n|-damage|p1b: Deino|49\/100\n|move|p1b: Deino|Outrage|p2b: Quaxwell\n|-damage|p2b: Quaxwell|0 fnt\n|faint|p2b: Quaxwell\n|\n|upkeep\n|\n|t:|1700281862\n|switch|p2b: Pyroar|Pyroar, F|100\/100\n|-ability|p2b: Pyroar|Unnerve\n|turn|11\n|\n|t:|1700281865\n|-terastallize|p2b: Pyroar|Normal\n|move|p2b: Pyroar|Hyper Voice|p1b: Deino\n|-damage|p1b: Deino|0 fnt\n|faint|p1b: Deino\n|\n|win|Rajastega23\n|n|\u2606Bhaviswar 2|bhaviswar2\n|n|\u2606Rajastega23|rajastega23\n|n|*Lady Monita \u2746|ladymonita\n","uploadtime":1700281867,"views":15,"p1id":"bhaviswar2","p2id":"rajastega23","formatid":"gen9doublesou","rating":0,"private":0,"password":""}