{"id":"gen9doublesou-1974802727","p1":"SquareWeirdGuy","p2":"King of Congo","format":"[Gen 9] Doubles OU","log":"|j|\u2606SquareWeirdGuy\n|j|\u2606King of Congo\n|t:|1698126945\n|gametype|doubles\n|player|p1|SquareWeirdGuy|waiter|1160\n|player|p2|King of Congo|rood|1105\n|teamsize|p1|6\n|teamsize|p2|6\n|gen|9\n|tier|[Gen 9] Doubles OU\n|rated|\n|rule|Species Clause: Limit one of each Pok\u00e9mon\n|rule|OHKO Clause: OHKO moves are banned\n|rule|Evasion Moves Clause: Evasion moves are banned\n|rule|Gravity Sleep Clause: The combination of sleep-inducing moves with imperfect accuracy and Gravity or Gigantamax Orbeetle are banned\n|rule|Endless Battle Clause: Forcing endless battles is banned\n|rule|HP Percentage Mod: HP is shown in percentages\n|clearpoke\n|poke|p1|Ditto|\n|poke|p1|Zoroark-Hisui, F|\n|poke|p1|Tornadus, M|\n|poke|p1|Pelipper, M|\n|poke|p1|Landorus-Therian, M|\n|poke|p1|Roaring Moon|\n|poke|p2|Fezandipiti, M|\n|poke|p2|Tornadus, M|\n|poke|p2|Ambipom, M|\n|poke|p2|Arboliva, F|\n|poke|p2|Goodra-Hisui, F|\n|poke|p2|Farigiraf, F|\n|teampreview\n|inactive|Battle timer is ON: inactive players will automatically lose when time's up. (requested by SquareWeirdGuy)\n|\n|t:|1698126960\n|start\n|switch|p1a: guy|Landorus-Therian, M|100\/100\n|switch|p1b: Tornadus|Tornadus, M|100\/100\n|switch|p2a: Tornadus|Tornadus, M|100\/100\n|switch|p2b: Fezandipiti|Fezandipiti, M|100\/100\n|-ability|p1a: guy|Intimidate|boost\n|-unboost|p2a: Tornadus|atk|1\n|-unboost|p2b: Fezandipiti|atk|1\n|turn|1\n|\n|t:|1698126977\n|-terastallize|p2b: Fezandipiti|Ice\n|move|p2a: Tornadus|Tailwind|p2a: Tornadus\n|-sidestart|p2: King of Congo|move: Tailwind\n|move|p1b: Tornadus|Taunt|p2a: Tornadus\n|-start|p2a: Tornadus|move: Taunt\n|move|p2b: Fezandipiti|Icy Wind|p1b: Tornadus|[spread] p1a,p1b\n|-supereffective|p1a: guy\n|-supereffective|p1b: Tornadus\n|-damage|p1a: guy|16\/100\n|-damage|p1b: Tornadus|54\/100\n|-unboost|p1a: guy|spe|1\n|-unboost|p1b: Tornadus|spe|1\n|-status|p1a: guy|tox|[from] ability: Toxic Chain|[of] p2b: Fezandipiti\n|-enditem|p1a: guy|Sitrus Berry|[eat]\n|-heal|p1a: guy|41\/100 tox|[from] item: Sitrus Berry\n|move|p1a: guy|Stomping Tantrum|p2b: Fezandipiti\n|-damage|p2b: Fezandipiti|48\/100\n|\n|-heal|p2b: Fezandipiti|54\/100|[from] item: Leftovers\n|-damage|p1a: guy|35\/100 tox|[from] psn\n|upkeep\n|turn|2\n|\n|t:|1698127000\n|move|p1b: Tornadus|Tailwind|p1b: Tornadus\n|-sidestart|p1: SquareWeirdGuy|move: Tailwind\n|move|p2a: Tornadus|Chilling Water|p1a: guy\n|-supereffective|p1a: guy\n|-damage|p1a: guy|0 fnt\n|faint|p1a: guy\n|move|p2b: Fezandipiti|Icy Wind|p1b: Tornadus\n|-supereffective|p1b: Tornadus\n|-damage|p1b: Tornadus|0 fnt\n|faint|p1b: Tornadus\n|\n|-heal|p2b: Fezandipiti|60\/100|[from] item: Leftovers\n|upkeep\n|\n|t:|1698127016\n|switch|p1b: good accu|Pelipper, M, shiny|100\/100\n|switch|p1a: funni guy|Ditto, shiny|100\/100\n|-weather|RainDance|[from] ability: Drizzle|[of] p1b: good accu\n|-transform|p1a: funni guy|p2b: Fezandipiti|[from] ability: Imposter\n|-start|p1a: funni guy|typechange|Poison\/Fairy|[silent]\n|turn|3\n|\n|t:|1698127039\n|move|p1a: funni guy|Dazzling Gleam|p2b: Fezandipiti|[spread] p2a,p2b\n|-damage|p2a: Tornadus|70\/100\n|-damage|p2b: Fezandipiti|40\/100\n|-status|p2a: Tornadus|tox|[from] ability: Toxic Chain|[of] p1a: funni guy\n|move|p1b: good accu|Weather Ball|p2b: Fezandipiti\n|-damage|p2b: Fezandipiti|0 fnt\n|faint|p2b: Fezandipiti\n|move|p2a: Tornadus|Bleakwind Storm|p1a: funni guy|[spread] p1a,p1b\n|-damage|p1a: funni guy|57\/100\n|-damage|p1b: good accu|35\/100\n|-unboost|p1a: funni guy|spe|1\n|\n|-weather|RainDance|[upkeep]\n|-damage|p2a: Tornadus|64\/100 tox|[from] psn\n|upkeep\n|\n|t:|1698127060\n|switch|p2b: Ambipom|Ambipom, M|100\/100\n|turn|4\n|\n|t:|1698127067\n|move|p2b: Ambipom|Fake Out|p1a: funni guy\n|-damage|p1a: funni guy|6\/100\n|move|p1b: good accu|Weather Ball|p2a: Tornadus\n|-damage|p2a: Tornadus|0 fnt\n|faint|p2a: Tornadus\n|cant|p1a: funni guy|flinch\n|\n|-weather|RainDance|[upkeep]\n|-sideend|p2: King of Congo|move: Tailwind\n|upkeep\n|\n|t:|1698127076\n|switch|p2a: Farigiraf|Farigiraf, F|100\/100\n|turn|5\n|\n|t:|1698127089\n|switch|p2b: Arboliva|Arboliva, F|100\/100\n|move|p1b: good accu|Weather Ball|p2a: Farigiraf\n|-damage|p2a: Farigiraf|57\/100\n|move|p1a: funni guy|Dazzling Gleam|p2a: Farigiraf|[spread] p2a,p2b\n|-damage|p2a: Farigiraf|43\/100\n|-damage|p2b: Arboliva|87\/100\n|move|p2a: Farigiraf|Trick Room|p2a: Farigiraf\n|-fieldstart|move: Trick Room|[of] p2a: Farigiraf\n|\n|-weather|RainDance|[upkeep]\n|-sideend|p1: SquareWeirdGuy|move: Tailwind\n|upkeep\n|turn|6\n|\n|t:|1698127104\n|move|p2a: Farigiraf|Future Sight|p1b: good accu\n|-start|p2a: Farigiraf|move: Future Sight\n|move|p2b: Arboliva|Energy Ball|p1a: funni guy\n|-resisted|p1a: funni guy\n|-damage|p1a: funni guy|0 fnt\n|faint|p1a: funni guy\n|move|p1b: good accu|Weather Ball|p2a: Farigiraf\n|-damage|p2a: Farigiraf|1\/100\n|\n|-weather|RainDance|[upkeep]\n|upkeep\n|\n|t:|1698127123\n|switch|p1a: Roaring Moon|Roaring Moon|100\/100\n|turn|7\n|\n|t:|1698127137\n|move|p2a: Farigiraf|Helping Hand|p2b: Arboliva\n|-singleturn|p2b: Arboliva|Helping Hand|[of] p2a: Farigiraf\n|move|p2b: Arboliva|Pollen Puff|p1a: Roaring Moon\n|-resisted|p1a: Roaring Moon\n|-damage|p1a: Roaring Moon|59\/100\n|replace|p1a: Zoroark|Zoroark-Hisui, F, shiny\n|-end|p1a: Zoroark|Illusion\n|move|p1a: Zoroark|Flamethrower|p2b: Arboliva\n|-supereffective|p2b: Arboliva\n|-damage|p2b: Arboliva|63\/100\n|-damage|p1a: Zoroark|49\/100|[from] item: Life Orb\n|move|p1b: good accu|Weather Ball|p2a: Farigiraf\n|-damage|p2a: Farigiraf|0 fnt\n|faint|p2a: Farigiraf\n|\n|-weather|none\n|upkeep\n|\n|t:|1698127153\n|switch|p2a: Ambipom|Ambipom, M|100\/100\n|turn|8\n|\n|t:|1698127166\n|switch|p1b: Roaring Moon|Roaring Moon|100\/100\n|-enditem|p1b: Roaring Moon|Booster Energy\n|-activate|p1b: Roaring Moon|ability: Protosynthesis|[fromitem]\n|-start|p1b: Roaring Moon|protosynthesisatk\n|move|p2a: Ambipom|Fake Out|p1b: Roaring Moon\n|-damage|p1b: Roaring Moon|60\/100\n|move|p2b: Arboliva|Energy Ball|p1a: Zoroark\n|-damage|p1a: Zoroark|0 fnt\n|faint|p1a: Zoroark\n|\n|-end|p1b: Roaring Moon|move: Future Sight\n|-immune|p1b: Roaring Moon\n|upkeep\n|\n|t:|1698127175\n|switch|p1a: good accu|Pelipper, M, shiny|35\/100\n|-weather|RainDance|[from] ability: Drizzle|[of] p1a: good accu\n|turn|9\n|\n|t:|1698127195\n|-terastallize|p1b: Roaring Moon|Flying\n|move|p2b: Arboliva|Pollen Puff|p1b: Roaring Moon\n|-resisted|p1b: Roaring Moon\n|-damage|p1b: Roaring Moon|48\/100\n|move|p2a: Ambipom|Knock Off|p1a: good accu\n|-damage|p1a: good accu|0 fnt\n|-enditem|p1a: good accu|Choice Scarf|[from] move: Knock Off|[of] p2a: Ambipom\n|faint|p1a: good accu\n|move|p1b: Roaring Moon|Acrobatics|p2b: Arboliva\n|-supereffective|p2b: Arboliva\n|-damage|p2b: Arboliva|0 fnt\n|faint|p2b: Arboliva\n|\n|-weather|RainDance|[upkeep]\n|-fieldend|move: Trick Room\n|upkeep\n|c|\u2606King of Congo|gg\n|\n|t:|1698127209\n|switch|p2b: Goodra|Goodra-Hisui, F|100\/100\n|turn|10\n|\n|t:|1698127218\n|move|p1b: Roaring Moon|Earthquake|p2b: Goodra|[spread] p2a,p2b\n|-supereffective|p2b: Goodra\n|-damage|p2a: Ambipom|38\/100\n|-damage|p2b: Goodra|33\/100\n|move|p2a: Ambipom|Last Resort|p1b: Roaring Moon\n|-damage|p1b: Roaring Moon|0 fnt\n|faint|p1b: Roaring Moon\n|-end|p1b: Roaring Moon|Protosynthesis|[silent]\n|\n|win|King of Congo\n|raw|SquareWeirdGuy's rating: 1160 &rarr; <strong>1131<\/strong><br \/>(-29 for losing)\n|raw|King of Congo's rating: 1105 &rarr; <strong>1134<\/strong><br \/>(+29 for winning)\n","uploadtime":1698127221,"views":20,"p1id":"squareweirdguy","p2id":"kingofcongo","formatid":"gen9doublesou","rating":1131,"private":0,"password":""}