{"id":"gen9doublesou-1991946458","p1":"Finkle2","p2":"Blue Syrius","format":"[Gen 9] Doubles OU","log":"|j|\u2606Finkle2\n|j|\u2606Blue Syrius\n|t:|1700141298\n|gametype|doubles\n|player|p1|Finkle2|ghetsis|1279\n|player|p2|Blue Syrius|ninjaboy|1308\n|teamsize|p1|6\n|teamsize|p2|6\n|gen|9\n|tier|[Gen 9] Doubles OU\n|rated|\n|rule|Species Clause: Limit one of each Pok\u00e9mon\n|rule|OHKO Clause: OHKO moves are banned\n|rule|Evasion Moves Clause: Evasion moves are banned\n|rule|Gravity Sleep Clause: The combination of sleep-inducing moves with imperfect accuracy and Gravity or Gigantamax Orbeetle are banned\n|rule|Endless Battle Clause: Forcing endless battles is banned\n|rule|HP Percentage Mod: HP is shown in percentages\n|clearpoke\n|poke|p1|Sinistcha-Masterpiece|\n|poke|p1|Iron Hands|\n|poke|p1|Ninetales-Alola, F|\n|poke|p1|Amoonguss, F|\n|poke|p1|Goodra-Hisui, M|\n|poke|p1|Ursaluna-Bloodmoon, M|\n|poke|p2|Farigiraf, F|\n|poke|p2|Chien-Pao|\n|poke|p2|Garchomp, M|\n|poke|p2|Tornadus, M|\n|poke|p2|Flutter Mane|\n|poke|p2|Chi-Yu|\n|teampreview\n|inactive|Battle timer is ON: inactive players will automatically lose when time's up. (requested by Finkle2)\n|\n|t:|1700141338\n|start\n|switch|p1a: Shane Dawson|Sinistcha-Masterpiece|100\/100\n|switch|p1b: Sir Hands|Iron Hands|100\/100\n|switch|p2a: Trick Room|Farigiraf, F|100\/100\n|switch|p2b: Swords Dance|Chien-Pao|100\/100\n|-ability|p2b: Swords Dance|Sword of Ruin\n|turn|1\n|inactive|Finkle2 has 120 seconds left.\n|\n|t:|1700141379\n|move|p1b: Sir Hands|Fake Out||[still]\n|cant|p2a: Trick Room|ability: Armor Tail|Fake Out|[of] p1b: Sir Hands\n|move|p2b: Swords Dance|Ice Spinner|p1a: Shane Dawson\n|-supereffective|p1a: Shane Dawson\n|-damage|p1a: Shane Dawson|20\/100\n|move|p2a: Trick Room|Imprison|p2a: Trick Room\n|-start|p2a: Trick Room|move: Imprison\n|cant|p1a: Shane Dawson|move: Imprison|Trick Room\n|\n|upkeep\n|turn|2\n|c|\u2606Blue Syrius|=))\n|inactive|Finkle2 has 120 seconds left.\n|inactive|Blue Syrius has 120 seconds left.\n|\n|t:|1700141411\n|-terastallize|p2a: Trick Room|Fairy\n|move|p1a: Shane Dawson|Protect|p1a: Shane Dawson\n|-singleturn|p1a: Shane Dawson|Protect\n|move|p2b: Swords Dance|Ice Spinner|p1a: Shane Dawson\n|-activate|p1a: Shane Dawson|move: Protect\n|move|p2a: Trick Room|Tera Blast|p1b: Sir Hands|[anim] Tera Blast Fairy\n|-supereffective|p1b: Sir Hands\n|-damage|p1b: Sir Hands|52\/100\n|move|p1b: Sir Hands|Drain Punch|p2b: Swords Dance\n|-supereffective|p2b: Swords Dance\n|-enditem|p2b: Swords Dance|Focus Sash\n|-damage|p2b: Swords Dance|1\/100\n|-heal|p1b: Sir Hands|81\/100|[from] drain|[of] p2b: Swords Dance\n|\n|upkeep\n|turn|3\n|inactive|Finkle2 has 120 seconds left.\n|inactive|Blue Syrius has 120 seconds left.\n|\n|t:|1700141453\n|switch|p1a: Mr. Snail|Goodra-Hisui, M|100\/100\n|move|p2b: Swords Dance|Sacred Sword|p1b: Sir Hands\n|-damage|p1b: Sir Hands|56\/100\n|move|p2a: Trick Room|Tera Blast|p1b: Sir Hands|[anim] Tera Blast Fairy\n|-supereffective|p1b: Sir Hands\n|-damage|p1b: Sir Hands|8\/100\n|move|p1b: Sir Hands|Drain Punch|p2b: Swords Dance\n|-supereffective|p2b: Swords Dance\n|-damage|p2b: Swords Dance|0 fnt\n|-heal|p1b: Sir Hands|8\/100|[from] drain|[of] p2b: Swords Dance\n|faint|p2b: Swords Dance\n|\n|upkeep\n|\n|t:|1700141467\n|switch|p2b: Protect|Chi-Yu|100\/100\n|-ability|p2b: Protect|Beads of Ruin\n|turn|4\n|inactive|Blue Syrius has 120 seconds left.\n|\n|t:|1700141491\n|switch|p2a: Stealth Rock|Garchomp, M|100\/100\n|-end|p1b: Sir Hands|Quark Drive|[silent]\n|switch|p1b: Fancy Claw|Ninetales-Alola, F, shiny|100\/100\n|-weather|Snow|[from] ability: Snow Warning|[of] p1b: Fancy Claw\n|move|p2b: Protect|Heat Wave|p1a: Mr. Snail|[spread] p1a\n|-miss|p2b: Protect|p1b: Fancy Claw\n|-damage|p1a: Mr. Snail|70\/100\n|move|p1a: Mr. Snail|Flash Cannon|p2a: Stealth Rock\n|-damage|p2a: Stealth Rock|54\/100\n|\n|-weather|Snow|[upkeep]\n|-heal|p1a: Mr. Snail|76\/100|[from] item: Leftovers\n|upkeep\n|turn|5\n|inactive|Blue Syrius has 120 seconds left.\n|\n|t:|1700141515\n|switch|p2a: Trick Room|Farigiraf, F, tera:Fairy|100\/100\n|move|p2b: Protect|Heat Wave|p1a: Mr. Snail|[spread] p1a,p1b\n|-supereffective|p1b: Fancy Claw\n|-damage|p1a: Mr. Snail|40\/100\n|-damage|p1b: Fancy Claw|7\/100\n|move|p1b: Fancy Claw|Aurora Veil|p1b: Fancy Claw\n|-sidestart|p1: Finkle2|move: Aurora Veil\n|move|p1a: Mr. Snail|Draco Meteor|p2a: Trick Room\n|-immune|p2a: Trick Room\n|\n|-weather|Snow|[upkeep]\n|-heal|p1a: Mr. Snail|46\/100|[from] item: Leftovers\n|upkeep\n|turn|6\n|\n|t:|1700141532\n|switch|p1b: Shane Dawson|Sinistcha-Masterpiece|20\/100\n|-heal|p1a: Mr. Snail|71\/100|[from] ability: Hospitality|[of] p1b: Shane Dawson\n|switch|p2a: Stealth Rock|Garchomp, M|54\/100\n|move|p2b: Protect|Heat Wave|p1a: Mr. Snail|[spread] p1a,p1b\n|-supereffective|p1b: Shane Dawson\n|-damage|p1a: Mr. Snail|49\/100\n|-damage|p1b: Shane Dawson|0 fnt\n|faint|p1b: Shane Dawson\n|move|p1a: Mr. Snail|Hydro Pump|p2b: Protect\n|-supereffective|p2b: Protect\n|-damage|p2b: Protect|9\/100\n|\n|-weather|Snow|[upkeep]\n|-heal|p1a: Mr. Snail|55\/100|[from] item: Leftovers\n|upkeep\n|\n|t:|1700141545\n|switch|p1b: Sir Hands|Iron Hands|8\/100\n|turn|7\n|\n|t:|1700141570\n|move|p2b: Protect|Heat Wave|p1a: Mr. Snail|[spread] p1a,p1b\n|-damage|p1a: Mr. Snail|32\/100\n|-damage|p1b: Sir Hands|0 fnt\n|faint|p1b: Sir Hands\n|-end|p1b: Sir Hands|Quark Drive|[silent]\n|move|p2a: Stealth Rock|Rock Slide|p1a: Mr. Snail\n|-resisted|p1a: Mr. Snail\n|-damage|p1a: Mr. Snail|23\/100\n|cant|p1a: Mr. Snail|flinch\n|\n|-weather|Snow|[upkeep]\n|-heal|p1a: Mr. Snail|29\/100|[from] item: Leftovers\n|upkeep\n|\n|t:|1700141582\n|switch|p1b: Lame|Ursaluna-Bloodmoon, M|100\/100\n|turn|8\n|\n|t:|1700141591\n|switch|p2b: Nasty Plot|Tornadus, M|100\/100\n|move|p2a: Stealth Rock|Earthquake|p1b: Lame|[spread] p1a,p1b\n|-immune|p2b: Nasty Plot\n|-supereffective|p1a: Mr. Snail\n|-damage|p1a: Mr. Snail|0 fnt\n|-damage|p1b: Lame|82\/100\n|faint|p1a: Mr. Snail\n|move|p1b: Lame|Hyper Voice|p2a: Stealth Rock|[spread] p2a,p2b\n|-damage|p2a: Stealth Rock|20\/100\n|-damage|p2b: Nasty Plot|46\/100\n|\n|-weather|none\n|upkeep\n|\n|t:|1700141606\n|switch|p1a: Fancy Claw|Ninetales-Alola, F, shiny|7\/100\n|-weather|Snow|[from] ability: Snow Warning|[of] p1a: Fancy Claw\n|turn|9\n|\n|t:|1700141620\n|move|p1a: Fancy Claw|Protect|p1a: Fancy Claw\n|-singleturn|p1a: Fancy Claw|Protect\n|move|p2b: Nasty Plot|Tailwind|p2b: Nasty Plot\n|-sidestart|p2: Blue Syrius|move: Tailwind\n|move|p2a: Stealth Rock|Earthquake|p1b: Lame|[spread] p1b\n|-activate|p1a: Fancy Claw|move: Protect\n|-immune|p2b: Nasty Plot\n|-damage|p1b: Lame|64\/100\n|move|p1b: Lame|Hyper Voice|p2b: Nasty Plot|[spread] p2a,p2b\n|-damage|p2a: Stealth Rock|0 fnt\n|-damage|p2b: Nasty Plot|0 fnt\n|faint|p2a: Stealth Rock\n|faint|p2b: Nasty Plot\n|\n|-weather|Snow|[upkeep]\n|upkeep\n|\n|t:|1700141635\n|switch|p2b: Psyshock|Flutter Mane|100\/100\n|switch|p2a: Protect|Chi-Yu|9\/100\n|-ability|p2a: Protect|Beads of Ruin\n|-enditem|p2b: Psyshock|Booster Energy\n|-activate|p2b: Psyshock|ability: Protosynthesis|[fromitem]\n|-start|p2b: Psyshock|protosynthesisspa\n|turn|10\n|\n|t:|1700141651\n|switch|p1a: Amoongus|Amoonguss, F, shiny|100\/100\n|move|p2a: Protect|Heat Wave|p1a: Amoongus|[spread] p1a,p1b\n|-supereffective|p1a: Amoongus\n|-damage|p1a: Amoongus|54\/100\n|-damage|p1b: Lame|37\/100\n|-status|p1a: Amoongus|brn\n|move|p2b: Psyshock|Dazzling Gleam|p1a: Amoongus|[spread] p1a,p1b\n|-resisted|p1a: Amoongus\n|-damage|p1a: Amoongus|42\/100 brn\n|-damage|p1b: Lame|5\/100\n|move|p1b: Lame|Blood Moon|p2b: Psyshock\n|-damage|p2b: Psyshock|0 fnt\n|faint|p2b: Psyshock\n|-end|p2b: Psyshock|Protosynthesis|[silent]\n|\n|-weather|Snow|[upkeep]\n|-damage|p1a: Amoongus|36\/100 brn|[from] brn\n|upkeep\n|\n|t:|1700141667\n|switch|p2b: Trick Room|Farigiraf, F, tera:Fairy|100\/100\n|turn|11\n|\n|t:|1700141683\n|move|p1a: Amoongus|Protect|p1a: Amoongus\n|-singleturn|p1a: Amoongus|Protect\n|move|p2a: Protect|Heat Wave|p1a: Amoongus|[spread] p1b\n|-activate|p1a: Amoongus|move: Protect\n|-damage|p1b: Lame|0 fnt\n|faint|p1b: Lame\n|move|p2b: Trick Room|Hyper Voice|p1a: Amoongus\n|-activate|p1a: Amoongus|move: Protect\n|\n|-weather|Snow|[upkeep]\n|-damage|p1a: Amoongus|30\/100 brn|[from] brn\n|upkeep\n|\n|t:|1700141689\n|switch|p1b: Fancy Claw|Ninetales-Alola, F, shiny|7\/100\n|turn|12\n|\n|t:|1700141697\n|move|p2a: Protect|Heat Wave|p1b: Fancy Claw|[spread] p1a,p1b\n|-supereffective|p1a: Amoongus\n|-supereffective|p1b: Fancy Claw\n|-damage|p1a: Amoongus|0 fnt\n|-damage|p1b: Fancy Claw|0 fnt\n|faint|p1a: Amoongus\n|faint|p1b: Fancy Claw\n|\n|win|Blue Syrius\n|raw|Finkle2's rating: 1279 &rarr; <strong>1256<\/strong><br \/>(-23 for losing)\n|raw|Blue Syrius's rating: 1308 &rarr; <strong>1326<\/strong><br \/>(+18 for winning)\n|c|\u2606Finkle2|Gg\n|c|\u2606Blue Syrius|gg\n","uploadtime":1700141707,"views":6,"p1id":"finkle2","p2id":"bluesyrius","formatid":"gen9doublesou","rating":1256,"private":0,"password":""}