{"id":"gen9doublesou-1982909687","p1":"fabianclaros","p2":"Flinchhaxisgreat","format":"[Gen 9] Doubles OU","log":"|j|\u2606fabianclaros\n|j|\u2606Flinchhaxisgreat\n|inactive|Battle timer is ON: inactive players will automatically lose when time's up.\n|t:|1699057553\n|gametype|doubles\n|player|p1|fabianclaros|volkner|\n|player|p2|Flinchhaxisgreat|ethan-pokeathlon|\n|teamsize|p1|6\n|teamsize|p2|6\n|gen|9\n|tier|[Gen 9] Doubles OU\n|rated|Tournament battle\n|rule|Species Clause: Limit one of each Pok\u00e9mon\n|rule|OHKO Clause: OHKO moves are banned\n|rule|Evasion Moves Clause: Evasion moves are banned\n|rule|Gravity Sleep Clause: The combination of sleep-inducing moves with imperfect accuracy and Gravity or Gigantamax Orbeetle are banned\n|rule|Endless Battle Clause: Forcing endless battles is banned\n|rule|HP Percentage Mod: HP is shown in percentages\n|clearpoke\n|poke|p1|Litleo, M|\n|poke|p1|Bellibolt, F|\n|poke|p1|Spoink, F|\n|poke|p1|Cetoddle, M|\n|poke|p1|Piplup, M|\n|poke|p1|Chimchar, F|\n|poke|p2|Murkrow, F|\n|poke|p2|Espathra, F|\n|poke|p2|Girafarig, M|\n|poke|p2|Aipom, F|\n|poke|p2|Shellos, M|\n|poke|p2|Hoppip, M|\n|teampreview\n|j|*Lady Monita \u263d\n|inactive|fabianclaros has 120 seconds left.\n|\n|t:|1699057588\n|start\n|switch|p1a: Chimchar|Chimchar, F|100\/100\n|switch|p1b: Spoink|Spoink, F|100\/100\n|switch|p2a: Hoppip|Hoppip, M|100\/100\n|switch|p2b: Murkrow|Murkrow, F|100\/100\n|turn|1\n|\n|t:|1699057597\n|move|p1a: Chimchar|Fake Out|p2b: Murkrow\n|-crit|p2b: Murkrow\n|-damage|p2b: Murkrow|86\/100\n|cant|p2b: Murkrow|flinch\n|move|p1b: Spoink|Thunder Wave|p2a: Hoppip\n|-status|p2a: Hoppip|par\n|move|p2a: Hoppip|Cotton Guard|p2a: Hoppip\n|-boost|p2a: Hoppip|def|3\n|\n|upkeep\n|turn|2\n|\n|t:|1699057605\n|move|p2b: Murkrow|Tailwind|p2b: Murkrow\n|-sidestart|p2: Flinchhaxisgreat|move: Tailwind\n|move|p1a: Chimchar|Stealth Rock|p2a: Hoppip\n|-sidestart|p2: Flinchhaxisgreat|move: Stealth Rock\n|move|p1b: Spoink|Dazzling Gleam|p2b: Murkrow|[spread] p2a,p2b\n|-supereffective|p2b: Murkrow\n|-damage|p2a: Hoppip|87\/100 par\n|-damage|p2b: Murkrow|65\/100\n|move|p2a: Hoppip|Baton Pass|p2a: Hoppip\n|\n|t:|1699057610\n|switch|p2a: Espathra|Espathra, F|100\/100|[from] Baton Pass\n|-damage|p2a: Espathra|88\/100|[from] Stealth Rock\n|\n|-heal|p2a: Espathra|94\/100|[from] item: Leftovers\n|upkeep\n|turn|3\n|\n|t:|1699057629\n|move|p2a: Espathra|Protect|p2a: Espathra\n|-singleturn|p2a: Espathra|Protect\n|move|p2b: Murkrow|Taunt|p1b: Spoink\n|-start|p1b: Spoink|move: Taunt\n|move|p1a: Chimchar|Fire Punch|p2a: Espathra\n|-activate|p2a: Espathra|move: Protect\n|cant|p1b: Spoink|move: Taunt|Thunder Wave\n|\n|-heal|p2a: Espathra|99\/100|[from] item: Leftovers\n|-ability|p2a: Espathra|Speed Boost|boost\n|-boost|p2a: Espathra|spe|1\n|upkeep\n|turn|4\n|\n|t:|1699057637\n|move|p2a: Espathra|Calm Mind|p2a: Espathra\n|-boost|p2a: Espathra|spa|1\n|-boost|p2a: Espathra|spd|1\n|move|p2b: Murkrow|Foul Play|p1a: Chimchar\n|-damage|p1a: Chimchar|50\/100\n|move|p1a: Chimchar|Fire Punch|p2a: Espathra\n|-damage|p2a: Espathra|82\/100\n|move|p1b: Spoink|Dazzling Gleam|p2b: Murkrow|[spread] p2a,p2b\n|-supereffective|p2b: Murkrow\n|-damage|p2a: Espathra|71\/100\n|-damage|p2b: Murkrow|43\/100\n|\n|-heal|p2a: Espathra|77\/100|[from] item: Leftovers\n|-ability|p2a: Espathra|Speed Boost|boost\n|-boost|p2a: Espathra|spe|1\n|upkeep\n|turn|5\n|\n|t:|1699057648\n|move|p2a: Espathra|Calm Mind|p2a: Espathra\n|-boost|p2a: Espathra|spa|1\n|-boost|p2a: Espathra|spd|1\n|move|p2b: Murkrow|Foul Play|p1a: Chimchar\n|-damage|p1a: Chimchar|0 fnt\n|faint|p1a: Chimchar\n|move|p1b: Spoink|Dazzling Gleam|p2a: Espathra|[spread] p2a,p2b\n|-supereffective|p2b: Murkrow\n|-damage|p2a: Espathra|69\/100\n|-damage|p2b: Murkrow|21\/100\n|\n|-heal|p2a: Espathra|75\/100|[from] item: Leftovers\n|-end|p1b: Spoink|move: Taunt\n|-sideend|p2: Flinchhaxisgreat|move: Tailwind\n|-ability|p2a: Espathra|Speed Boost|boost\n|-boost|p2a: Espathra|spe|1\n|upkeep\n|\n|t:|1699057650\n|switch|p1a: Cetoddle|Cetoddle, M|100\/100\n|turn|6\n|\n|t:|1699057657\n|move|p2a: Espathra|Protect|p2a: Espathra\n|-singleturn|p2a: Espathra|Protect\n|move|p2b: Murkrow|Taunt|p1a: Cetoddle\n|-start|p1a: Cetoddle|move: Taunt\n|move|p1b: Spoink|Dazzling Gleam|p2a: Espathra|[spread] p2b\n|-activate|p2a: Espathra|move: Protect\n|-supereffective|p2b: Murkrow\n|-damage|p2b: Murkrow|0 fnt\n|faint|p2b: Murkrow\n|cant|p1a: Cetoddle|move: Taunt|Yawn\n|\n|-heal|p2a: Espathra|81\/100|[from] item: Leftovers\n|-ability|p2a: Espathra|Speed Boost|boost\n|-boost|p2a: Espathra|spe|1\n|upkeep\n|\n|t:|1699057665\n|switch|p2b: Aipom|Aipom, F|100\/100\n|-damage|p2b: Aipom|88\/100|[from] Stealth Rock\n|turn|7\n|\n|t:|1699057672\n|move|p2b: Aipom|Fake Out|p1b: Spoink\n|-damage|p1b: Spoink|77\/100\n|move|p2a: Espathra|Stored Power|p1a: Cetoddle\n|-damage|p1a: Cetoddle|0 fnt\n|faint|p1a: Cetoddle\n|cant|p1b: Spoink|flinch\n|\n|-heal|p2a: Espathra|87\/100|[from] item: Leftovers\n|-ability|p2a: Espathra|Speed Boost|boost\n|-boost|p2a: Espathra|spe|1\n|upkeep\n|\n|t:|1699057676\n|switch|p1a: Bellibolt|Bellibolt, F|100\/100\n|turn|8\n|\n|t:|1699057685\n|move|p2a: Espathra|Protect|p2a: Espathra\n|-singleturn|p2a: Espathra|Protect\n|move|p2b: Aipom|Knock Off|p1b: Spoink\n|-supereffective|p1b: Spoink\n|-damage|p1b: Spoink|3\/100\n|-enditem|p1b: Spoink|Eviolite|[from] move: Knock Off|[of] p2b: Aipom\n|move|p1b: Spoink|Dazzling Gleam|p2a: Espathra|[spread] p2b\n|-activate|p2a: Espathra|move: Protect\n|-damage|p2b: Aipom|67\/100\n|move|p1a: Bellibolt|Muddy Water|p2a: Espathra|[spread] \n|-activate|p2a: Espathra|move: Protect\n|-miss|p1a: Bellibolt|p2b: Aipom\n|\n|-heal|p2a: Espathra|93\/100|[from] item: Leftovers\n|-ability|p2a: Espathra|Speed Boost|boost\n|-boost|p2a: Espathra|spe|1\n|upkeep\n|turn|9\n|\n|t:|1699057699\n|move|p2a: Espathra|Stored Power|p1a: Bellibolt\n|-damage|p1a: Bellibolt|0 fnt\n|faint|p1a: Bellibolt\n|move|p2b: Aipom|Knock Off|p1b: Spoink\n|-supereffective|p1b: Spoink\n|-damage|p1b: Spoink|0 fnt\n|faint|p1b: Spoink\n|\n|-heal|p2a: Espathra|99\/100|[from] item: Leftovers\n|upkeep\n|j| Can O Rats\n|\n|t:|1699057707\n|switch|p1b: Litleo|Litleo, M|100\/100\n|switch|p1a: Piplup|Piplup, M|100\/100\n|-ability|p1b: Litleo|Unnerve\n|turn|10\n|l| Can O Rats\n|\n|t:|1699057719\n|-terastallize|p1a: Piplup|Steel\n|move|p2a: Espathra|Stored Power|p1a: Piplup\n|-resisted|p1a: Piplup\n|-crit|p1a: Piplup\n|-damage|p1a: Piplup|0 fnt\n|faint|p1a: Piplup\n|move|p2b: Aipom|Knock Off|p1b: Litleo\n|-damage|p1b: Litleo|77\/100\n|-enditem|p1b: Litleo|Eviolite|[from] move: Knock Off|[of] p2b: Aipom\n|move|p1b: Litleo|Flamethrower|p2a: Espathra\n|-damage|p2a: Espathra|75\/100\n|\n|-heal|p2a: Espathra|81\/100|[from] item: Leftovers\n|upkeep\n|turn|11\n|c|\u2606Flinchhaxisgreat|Goodbye.\n|\n|t:|1699057735\n|move|p2a: Espathra|Stored Power|p1b: Litleo\n|-damage|p1b: Litleo|0 fnt\n|faint|p1b: Litleo\n|\n|win|Flinchhaxisgreat\n|n|\u2606fabianclaros|fabianclaros\n|n|\u2606Flinchhaxisgreat|flinchhaxisgreat\n|n|*Lady Monita \u263d|ladymonita\n","uploadtime":1699057736,"views":17,"p1id":"fabianclaros","p2id":"flinchhaxisgreat","formatid":"gen9doublesou","rating":0,"private":0,"password":""}