{"id":"gen9doublesou-1996301908","p1":"EliiezerOdair","p2":"Capricoberry","format":"[Gen 9] Doubles OU","log":"|j|\u203dEliiezerOdair\n|j|\u203dCapricoberry\n|t:|1700669114\n|gametype|doubles\n|player|p1|EliiezerOdair|1|1139\n|player|p2|Capricoberry|101|1273\n|teamsize|p1|6\n|teamsize|p2|6\n|gen|9\n|tier|[Gen 9] Doubles OU\n|rated|\n|rule|Species Clause: Limit one of each Pok\u00e9mon\n|rule|OHKO Clause: OHKO moves are banned\n|rule|Evasion Moves Clause: Evasion moves are banned\n|rule|Gravity Sleep Clause: The combination of sleep-inducing moves with imperfect accuracy and Gravity or Gigantamax Orbeetle are banned\n|rule|Endless Battle Clause: Forcing endless battles is banned\n|rule|HP Percentage Mod: HP is shown in percentages\n|clearpoke\n|poke|p1|Samurott-Hisui, M|\n|poke|p1|Corviknight, M|\n|poke|p1|Spidops, M|\n|poke|p1|Gengar, F|\n|poke|p1|Lucario, M|\n|poke|p1|Farigiraf, F|\n|poke|p2|Stonjourner, M|\n|poke|p2|Torkoal, F|\n|poke|p2|Rillaboom, F|\n|poke|p2|Ceruledge, F|\n|poke|p2|Milotic, F|\n|poke|p2|Florges, F|\n|teampreview\n|\n|t:|1700669126\n|start\n|switch|p1a: Samurott|Samurott-Hisui, M, shiny|100\/100\n|switch|p1b: Corviknight|Corviknight, M|100\/100\n|switch|p2a: Milotic|Milotic, F|100\/100\n|switch|p2b: Rillaboom|Rillaboom, F|100\/100\n|-fieldstart|move: Grassy Terrain|[from] ability: Grassy Surge|[of] p2b: Rillaboom\n|turn|1\n|inactive|Battle timer is ON: inactive players will automatically lose when time's up. (requested by Capricoberry)\n|inactive|EliiezerOdair has 120 seconds left.\n|\n|t:|1700669175\n|switch|p1a: Gengar|Gengar, F|100\/100\n|move|p2b: Rillaboom|Grassy Glide|p1a: Gengar\n|-resisted|p1a: Gengar\n|-damage|p1a: Gengar|57\/100\n|-start|p2b: Rillaboom|Disable|Grassy Glide|[from] ability: Cursed Body|[of] p1a: Gengar\n|move|p2a: Milotic|Hypnosis|p1b: Corviknight\n|-status|p1b: Corviknight|slp|[from] move: Hypnosis\n|cant|p1b: Corviknight|slp\n|\n|-heal|p1a: Gengar|63\/100|[from] Grassy Terrain\n|upkeep\n|turn|2\n|\n|t:|1700669193\n|switch|p1b: Spidops|Spidops, M|100\/100\n|move|p2b: Rillaboom|Protect|p2b: Rillaboom\n|-singleturn|p2b: Rillaboom|Protect\n|move|p1a: Gengar|Sludge Bomb|p2b: Rillaboom\n|-activate|p2b: Rillaboom|move: Protect\n|move|p2a: Milotic|Hypnosis|p1a: Gengar|[miss]\n|-miss|p2a: Milotic|p1a: Gengar\n|-enditem|p2a: Milotic|Blunder Policy\n|-boost|p2a: Milotic|spe|2\n|\n|-heal|p1a: Gengar|69\/100|[from] Grassy Terrain\n|upkeep\n|turn|3\n|inactive|EliiezerOdair has 120 seconds left.\n|\n|t:|1700669225\n|switch|p2b: Stonjourner|Stonjourner, M|100\/100\n|move|p2a: Milotic|Coil|p2a: Milotic\n|-boost|p2a: Milotic|atk|1\n|-boost|p2a: Milotic|def|1\n|-boost|p2a: Milotic|accuracy|1\n|move|p1a: Gengar|Destiny Bond|p1a: Gengar\n|-singlemove|p1a: Gengar|Destiny Bond\n|move|p1b: Spidops|Sticky Web|p2b: Stonjourner\n|-sidestart|p2: Capricoberry|move: Sticky Web\n|\n|-heal|p1a: Gengar|75\/100|[from] Grassy Terrain\n|upkeep\n|turn|4\n|\n|t:|1700669243\n|switch|p2b: Torkoal|Torkoal, F|100\/100\n|-activate|p2b: Torkoal|move: Sticky Web\n|-unboost|p2b: Torkoal|spe|1\n|-weather|SunnyDay|[from] ability: Drought|[of] p2b: Torkoal\n|move|p2a: Milotic|Weather Ball|p1b: Spidops\n|-supereffective|p1b: Spidops\n|-damage|p1b: Spidops|13\/100\n|move|p1a: Gengar|Sludge Bomb|p2a: Milotic\n|-damage|p2a: Milotic|75\/100\n|move|p1b: Spidops|Lunge|p2b: Torkoal\n|-resisted|p2b: Torkoal\n|-damage|p2b: Torkoal|84\/100\n|-unboost|p2b: Torkoal|atk|1\n|\n|-weather|SunnyDay|[upkeep]\n|-heal|p2a: Milotic|81\/100|[from] Grassy Terrain\n|-heal|p1a: Gengar|81\/100|[from] Grassy Terrain\n|-heal|p1b: Spidops|20\/100|[from] Grassy Terrain\n|-heal|p2b: Torkoal|90\/100|[from] Grassy Terrain\n|upkeep\n|turn|5\n|\n|t:|1700669268\n|move|p1b: Spidops|Silk Trap|p1b: Spidops\n|-singleturn|p1b: Spidops|Protect\n|move|p2a: Milotic|Weather Ball|p1a: Gengar\n|-damage|p1a: Gengar|16\/100\n|move|p1a: Gengar|Sludge Bomb|p2b: Torkoal\n|-damage|p2b: Torkoal|41\/100\n|-status|p2b: Torkoal|psn\n|move|p2b: Torkoal|Heat Wave|p1b: Spidops|[spread] p1a\n|-activate|p1b: Spidops|move: Protect\n|-damage|p1a: Gengar|0 fnt\n|faint|p1a: Gengar\n|\n|-weather|SunnyDay|[upkeep]\n|-heal|p2a: Milotic|87\/100|[from] Grassy Terrain\n|-heal|p1b: Spidops|26\/100|[from] Grassy Terrain\n|-heal|p2b: Torkoal|47\/100 psn|[from] Grassy Terrain\n|-damage|p2b: Torkoal|35\/100 psn|[from] psn\n|-fieldend|move: Grassy Terrain\n|upkeep\n|inactive|EliiezerOdair has 120 seconds left.\n|\n|t:|1700669286\n|switch|p1a: Samurott|Samurott-Hisui, M, shiny|100\/100\n|turn|6\n|\n|t:|1700669300\n|switch|p2b: Rillaboom|Rillaboom, F|100\/100\n|-activate|p2b: Rillaboom|move: Sticky Web\n|-unboost|p2b: Rillaboom|spe|1\n|-fieldstart|move: Grassy Terrain|[from] ability: Grassy Surge|[of] p2b: Rillaboom\n|move|p1b: Spidops|Sucker Punch||[still]\n|-fail|p1b: Spidops\n|move|p2a: Milotic|Coil|p2a: Milotic\n|-boost|p2a: Milotic|atk|1\n|-boost|p2a: Milotic|def|1\n|-boost|p2a: Milotic|accuracy|1\n|move|p1a: Samurott|Focus Energy|p1a: Samurott\n|-start|p1a: Samurott|move: Focus Energy\n|\n|-weather|SunnyDay|[upkeep]\n|-heal|p2a: Milotic|93\/100|[from] Grassy Terrain\n|-heal|p1b: Spidops|32\/100|[from] Grassy Terrain\n|upkeep\n|turn|7\n|\n|t:|1700669324\n|move|p2b: Rillaboom|Grassy Glide|p1a: Samurott\n|-supereffective|p1a: Samurott\n|-damage|p1a: Samurott|0 fnt\n|faint|p1a: Samurott\n|move|p2a: Milotic|Weather Ball|p1b: Spidops\n|-supereffective|p1b: Spidops\n|-damage|p1b: Spidops|0 fnt\n|faint|p1b: Spidops\n|\n|-weather|SunnyDay|[upkeep]\n|-heal|p2a: Milotic|99\/100|[from] Grassy Terrain\n|upkeep\n|\n|t:|1700669330\n|switch|p1a: Farigiraf|Farigiraf, F, shiny|100\/100\n|switch|p1b: Lucario|Lucario, M, shiny|100\/100\n|turn|8\n|\n|t:|1700669348\n|switch|p2b: Stonjourner|Stonjourner, M|100\/100\n|-activate|p2b: Stonjourner|move: Sticky Web\n|-unboost|p2b: Stonjourner|spe|1\n|-terastallize|p2a: Milotic|Fire\n|move|p2a: Milotic|Weather Ball|p1b: Lucario\n|-supereffective|p1b: Lucario\n|-damage|p1b: Lucario|0 fnt\n|faint|p1b: Lucario\n|move|p1a: Farigiraf|Reflect|p1a: Farigiraf\n|-sidestart|p1: EliiezerOdair|Reflect\n|\n|-weather|SunnyDay|[upkeep]\n|-heal|p2a: Milotic|100\/100|[from] Grassy Terrain\n|upkeep\n|\n|t:|1700669357\n|switch|p1b: Corviknight|Corviknight, M|100\/100 slp\n|turn|9\n|\n|t:|1700669365\n|move|p2a: Milotic|Weather Ball|p1b: Corviknight\n|-supereffective|p1b: Corviknight\n|-damage|p1b: Corviknight|0 fnt\n|faint|p1b: Corviknight\n|move|p1a: Farigiraf|Wish|p1a: Farigiraf\n|move|p2b: Stonjourner|Rock Slide|p1a: Farigiraf\n|-damage|p1a: Farigiraf|79\/100\n|\n|-weather|SunnyDay|[upkeep]\n|-heal|p1a: Farigiraf|85\/100|[from] Grassy Terrain\n|-heal|p1a: Farigiraf|91\/100|[from] item: Leftovers\n|upkeep\n|turn|10\n|\n|t:|1700669386\n|move|p2a: Milotic|Weather Ball|p1a: Farigiraf\n|-damage|p1a: Farigiraf|16\/100\n|move|p1a: Farigiraf|Zen Headbutt|p2a: Milotic\n|-damage|p2a: Milotic|88\/100\n|move|p2b: Stonjourner|Rock Slide|p1a: Farigiraf\n|-damage|p1a: Farigiraf|0 fnt\n|faint|p1a: Farigiraf\n|\n|win|Capricoberry\n|raw|EliiezerOdair's rating: 1171 &rarr; <strong>1153<\/strong><br \/>(-18 for losing)\n|raw|Capricoberry's rating: 1273 &rarr; <strong>1291<\/strong><br \/>(+18 for winning)\n|l|\u203dEliiezerOdair\n","uploadtime":1700669402,"views":6,"p1id":"eliiezerodair","p2id":"capricoberry","formatid":"gen9doublesou","rating":1153,"private":0,"password":""}