{"id":"gen9doublesou-1991290305","p1":"OPieceOfHeroGhost","p2":"xVEno_DRakA","format":"[Gen 9] Doubles OU","log":"|j|\u2606OPieceOfHeroGhost\n|j|\u2606xVEno_DRakA\n|t:|1700064725\n|gametype|doubles\n|player|p1|OPieceOfHeroGhost|morty|1451\n|player|p2|xVEno_DRakA|swimmerf|1402\n|teamsize|p1|6\n|teamsize|p2|6\n|gen|9\n|tier|[Gen 9] Doubles OU\n|rated|\n|rule|Species Clause: Limit one of each Pok\u00e9mon\n|rule|OHKO Clause: OHKO moves are banned\n|rule|Evasion Moves Clause: Evasion moves are banned\n|rule|Gravity Sleep Clause: The combination of sleep-inducing moves with imperfect accuracy and Gravity or Gigantamax Orbeetle are banned\n|rule|Endless Battle Clause: Forcing endless battles is banned\n|rule|HP Percentage Mod: HP is shown in percentages\n|clearpoke\n|poke|p1|Ting-Lu|\n|poke|p1|Cresselia, F|\n|poke|p1|Landorus-Therian, M|\n|poke|p1|Flutter Mane|\n|poke|p1|Iron Hands|\n|poke|p1|Sinistcha-Masterpiece|\n|poke|p2|Regidrago|\n|poke|p2|Indeedee-F, F|\n|poke|p2|Ursaluna-Bloodmoon, M|\n|poke|p2|Chien-Pao|\n|poke|p2|Grimmsnarl, M|\n|poke|p2|Armarouge, M|\n|teampreview\n|inactive|Battle timer is ON: inactive players will automatically lose when time's up. (requested by xVEno_DRakA)\n|\n|t:|1700064736\n|start\n|switch|p1a: \u5a01\u5413No.2|Landorus-Therian, M|100\/100\n|switch|p1b: \u53d1\u59d0\u5929\u4e0b\u65e0\u654c|Flutter Mane|100\/100\n|switch|p2a: Indeedee|Indeedee-F, F|100\/100\n|switch|p2b: Regidrago|Regidrago|100\/100\n|-ability|p1a: \u5a01\u5413No.2|Intimidate|boost\n|-unboost|p2a: Indeedee|atk|1\n|-unboost|p2b: Regidrago|atk|1\n|-fieldstart|move: Psychic Terrain|[from] ability: Psychic Surge|[of] p2a: Indeedee\n|-enditem|p1b: \u53d1\u59d0\u5929\u4e0b\u65e0\u654c|Booster Energy\n|-activate|p1b: \u53d1\u59d0\u5929\u4e0b\u65e0\u654c|ability: Protosynthesis|[fromitem]\n|-start|p1b: \u53d1\u59d0\u5929\u4e0b\u65e0\u654c|protosynthesisspe\n|turn|1\n|\n|t:|1700064756\n|switch|p2b: Grimmsnarl|Grimmsnarl, M|100\/100\n|move|p1b: \u53d1\u59d0\u5929\u4e0b\u65e0\u654c|Protect|p1b: \u53d1\u59d0\u5929\u4e0b\u65e0\u654c\n|-singleturn|p1b: \u53d1\u59d0\u5929\u4e0b\u65e0\u654c|Protect\n|move|p1a: \u5a01\u5413No.2|U-turn|p2a: Indeedee\n|-supereffective|p2a: Indeedee\n|-damage|p2a: Indeedee|30\/100\n|-damage|p1a: \u5a01\u5413No.2|84\/100|[from] item: Rocky Helmet|[of] p2a: Indeedee\n|\n|t:|1700064775\n|switch|p1a: \u4f60\u62cd\u4e00\uff0c\u6211\u62cd\u4e8c\uff0c\u5438\u53d6\u62f3\u6765\u4e92\u76f8\u5438|Iron Hands|100\/100|[from] U-turn\n|move|p2a: Indeedee|Trick Room|p2a: Indeedee\n|-fieldstart|move: Trick Room|[of] p2a: Indeedee\n|\n|upkeep\n|turn|2\n|\n|t:|1700064798\n|move|p1a: \u4f60\u62cd\u4e00\uff0c\u6211\u62cd\u4e8c\uff0c\u5438\u53d6\u62f3\u6765\u4e92\u76f8\u5438|Drain Punch|p2a: Indeedee\n|-damage|p2a: Indeedee|0 fnt\n|-damage|p1a: \u4f60\u62cd\u4e00\uff0c\u6211\u62cd\u4e8c\uff0c\u5438\u53d6\u62f3\u6765\u4e92\u76f8\u5438|84\/100|[from] item: Rocky Helmet|[of] p2a: Indeedee\n|faint|p2a: Indeedee\n|move|p2b: Grimmsnarl|Spirit Break|p1b: \u53d1\u59d0\u5929\u4e0b\u65e0\u654c\n|-damage|p1b: \u53d1\u59d0\u5929\u4e0b\u65e0\u654c|38\/100\n|-unboost|p1b: \u53d1\u59d0\u5929\u4e0b\u65e0\u654c|spa|1\n|move|p1b: \u53d1\u59d0\u5929\u4e0b\u65e0\u654c|Moonblast|p2b: Grimmsnarl\n|-supereffective|p2b: Grimmsnarl\n|-damage|p2b: Grimmsnarl|28\/100\n|-unboost|p2b: Grimmsnarl|spa|1\n|\n|upkeep\n|\n|t:|1700064810\n|switch|p2a: Armarouge|Armarouge, M|100\/100\n|turn|3\n|\n|t:|1700064821\n|-end|p1a: \u4f60\u62cd\u4e00\uff0c\u6211\u62cd\u4e8c\uff0c\u5438\u53d6\u62f3\u6765\u4e92\u76f8\u5438|Quark Drive|[silent]\n|switch|p1a: \u5de7\u514b\u529b\u9762\u5305|Ting-Lu|100\/100\n|-ability|p1a: \u5de7\u514b\u529b\u9762\u5305|Vessel of Ruin\n|move|p1b: \u53d1\u59d0\u5929\u4e0b\u65e0\u654c|Protect|p1b: \u53d1\u59d0\u5929\u4e0b\u65e0\u654c\n|-singleturn|p1b: \u53d1\u59d0\u5929\u4e0b\u65e0\u654c|Protect\n|move|p2b: Grimmsnarl|Spirit Break|p1a: \u5de7\u514b\u529b\u9762\u5305\n|-supereffective|p1a: \u5de7\u514b\u529b\u9762\u5305\n|-damage|p1a: \u5de7\u514b\u529b\u9762\u5305|51\/100\n|-unboost|p1a: \u5de7\u514b\u529b\u9762\u5305|spa|1\n|move|p2a: Armarouge|Expanding Force|p1a: \u5de7\u514b\u529b\u9762\u5305|[spread] \n|-activate|p1b: \u53d1\u59d0\u5929\u4e0b\u65e0\u654c|move: Protect\n|-immune|p1a: \u5de7\u514b\u529b\u9762\u5305\n|\n|upkeep\n|turn|4\n|\n|t:|1700064847\n|switch|p1a: \u5df2\u5931\u4e00\u523b\uff0c\u4e00\u523b\u4e00\u523b\u4e00\u523b\uff01|Sinistcha-Masterpiece|100\/100\n|-heal|p1b: \u53d1\u59d0\u5929\u4e0b\u65e0\u654c|63\/100|[from] ability: Hospitality|[of] p1a: \u5df2\u5931\u4e00\u523b\uff0c\u4e00\u523b\u4e00\u523b\u4e00\u523b\uff01\n|-end|p1b: \u53d1\u59d0\u5929\u4e0b\u65e0\u654c|Protosynthesis|[silent]\n|switch|p1b: \u4f60\u62cd\u4e00\uff0c\u6211\u62cd\u4e8c\uff0c\u5438\u53d6\u62f3\u6765\u4e92\u76f8\u5438|Iron Hands|84\/100\n|move|p2b: Grimmsnarl|Spirit Break|p1a: \u5df2\u5931\u4e00\u523b\uff0c\u4e00\u523b\u4e00\u523b\u4e00\u523b\uff01\n|-damage|p1a: \u5df2\u5931\u4e00\u523b\uff0c\u4e00\u523b\u4e00\u523b\u4e00\u523b\uff01|70\/100\n|-unboost|p1a: \u5df2\u5931\u4e00\u523b\uff0c\u4e00\u523b\u4e00\u523b\u4e00\u523b\uff01|spa|1\n|move|p2a: Armarouge|Expanding Force|p1a: \u5df2\u5931\u4e00\u523b\uff0c\u4e00\u523b\u4e00\u523b\u4e00\u523b\uff01|[spread] p1a,p1b\n|-supereffective|p1b: \u4f60\u62cd\u4e00\uff0c\u6211\u62cd\u4e8c\uff0c\u5438\u53d6\u62f3\u6765\u4e92\u76f8\u5438\n|-damage|p1a: \u5df2\u5931\u4e00\u523b\uff0c\u4e00\u523b\u4e00\u523b\u4e00\u523b\uff01|0 fnt\n|-damage|p1b: \u4f60\u62cd\u4e00\uff0c\u6211\u62cd\u4e8c\uff0c\u5438\u53d6\u62f3\u6765\u4e92\u76f8\u5438|18\/100\n|faint|p1a: \u5df2\u5931\u4e00\u523b\uff0c\u4e00\u523b\u4e00\u523b\u4e00\u523b\uff01\n|\n|upkeep\n|inactive|OPieceOfHeroGhost has 120 seconds left.\n|\n|t:|1700064864\n|switch|p1a: \u53d1\u59d0\u5929\u4e0b\u65e0\u654c|Flutter Mane|63\/100\n|turn|5\n|\n|t:|1700064875\n|switch|p2b: Chien-Pao|Chien-Pao|100\/100\n|-ability|p2b: Chien-Pao|Sword of Ruin\n|move|p1a: \u53d1\u59d0\u5929\u4e0b\u65e0\u654c|Protect|p1a: \u53d1\u59d0\u5929\u4e0b\u65e0\u654c\n|-singleturn|p1a: \u53d1\u59d0\u5929\u4e0b\u65e0\u654c|Protect\n|move|p1b: \u4f60\u62cd\u4e00\uff0c\u6211\u62cd\u4e8c\uff0c\u5438\u53d6\u62f3\u6765\u4e92\u76f8\u5438|Heavy Slam|p2b: Chien-Pao\n|-supereffective|p2b: Chien-Pao\n|-crit|p2b: Chien-Pao\n|-damage|p2b: Chien-Pao|16\/100\n|move|p2a: Armarouge|Expanding Force|p1a: \u53d1\u59d0\u5929\u4e0b\u65e0\u654c|[spread] p1b\n|-activate|p1a: \u53d1\u59d0\u5929\u4e0b\u65e0\u654c|move: Protect\n|-supereffective|p1b: \u4f60\u62cd\u4e00\uff0c\u6211\u62cd\u4e8c\uff0c\u5438\u53d6\u62f3\u6765\u4e92\u76f8\u5438\n|-damage|p1b: \u4f60\u62cd\u4e00\uff0c\u6211\u62cd\u4e8c\uff0c\u5438\u53d6\u62f3\u6765\u4e92\u76f8\u5438|0 fnt\n|faint|p1b: \u4f60\u62cd\u4e00\uff0c\u6211\u62cd\u4e8c\uff0c\u5438\u53d6\u62f3\u6765\u4e92\u76f8\u5438\n|-end|p1b: \u4f60\u62cd\u4e00\uff0c\u6211\u62cd\u4e8c\uff0c\u5438\u53d6\u62f3\u6765\u4e92\u76f8\u5438|Quark Drive|[silent]\n|\n|-fieldend|move: Trick Room\n|-fieldend|move: Psychic Terrain\n|upkeep\n|\n|t:|1700064894\n|switch|p1b: \u5a01\u5413No.2|Landorus-Therian, M|84\/100\n|-ability|p1b: \u5a01\u5413No.2|Intimidate|boost\n|-unboost|p2a: Armarouge|atk|1\n|-unboost|p2b: Chien-Pao|atk|1\n|turn|6\n|\n|t:|1700064905\n|switch|p2a: Grimmsnarl|Grimmsnarl, M|28\/100\n|move|p2b: Chien-Pao|Sucker Punch|p1a: \u53d1\u59d0\u5929\u4e0b\u65e0\u654c\n|-damage|p1a: \u53d1\u59d0\u5929\u4e0b\u65e0\u654c|13\/100\n|move|p1b: \u5a01\u5413No.2|Rock Slide|p2a: Grimmsnarl|[spread] p2a,p2b\n|-supereffective|p2b: Chien-Pao\n|-damage|p2a: Grimmsnarl|0 fnt\n|-damage|p2b: Chien-Pao|0 fnt\n|faint|p2a: Grimmsnarl\n|faint|p2b: Chien-Pao\n|move|p1a: \u53d1\u59d0\u5929\u4e0b\u65e0\u654c|Shadow Ball|p2: Grimmsnarl|[notarget]\n|-fail|p1a: \u53d1\u59d0\u5929\u4e0b\u65e0\u654c\n|\n|upkeep\n|-message|xVEno_DRakA forfeited.\n|\n|win|OPieceOfHeroGhost\n|raw|OPieceOfHeroGhost's rating: 1451 &rarr; <strong>1468<\/strong><br \/>(+17 for winning)\n|raw|xVEno_DRakA's rating: 1402 &rarr; <strong>1385<\/strong><br \/>(-17 for losing)\n|l|\u2606xVEno_DRakA\n","uploadtime":1700064924,"views":14,"p1id":"opieceofheroghost","p2id":"xvenodraka","formatid":"gen9doublesou","rating":1385,"private":0,"password":""}