{"id":"gen9doublesou-1975455255","p1":"Hokusaid","p2":"noisypr","format":"[Gen 9] Doubles OU","log":"|j|\u2606Hokusaid\n|j|\u2606noisypr\n|t:|1698193180\n|gametype|doubles\n|player|p1|Hokusaid|veteran|1090\n|player|p2|noisypr|169|1044\n|teamsize|p1|6\n|teamsize|p2|6\n|gen|9\n|tier|[Gen 9] Doubles OU\n|rated|\n|rule|Species Clause: Limit one of each Pok\u00e9mon\n|rule|OHKO Clause: OHKO moves are banned\n|rule|Evasion Moves Clause: Evasion moves are banned\n|rule|Gravity Sleep Clause: The combination of sleep-inducing moves with imperfect accuracy and Gravity or Gigantamax Orbeetle are banned\n|rule|Endless Battle Clause: Forcing endless battles is banned\n|rule|HP Percentage Mod: HP is shown in percentages\n|clearpoke\n|poke|p1|Trevenant, F|\n|poke|p1|Heatran, F|\n|poke|p1|Carbink|\n|poke|p1|Bisharp, F|\n|poke|p1|Dragalge, F|\n|poke|p1|Golem-Alola, F|\n|poke|p2|Garchomp, M|\n|poke|p2|Tyranitar, F|\n|poke|p2|Glimmora, F|\n|poke|p2|Landorus-Therian, M|\n|poke|p2|Krookodile, F|\n|poke|p2|Houndstone, F|\n|teampreview\n|\n|t:|1698193208\n|start\n|switch|p1a: Carbink|Carbink, shiny|100\/100\n|switch|p1b: Bisharp|Bisharp, F|100\/100\n|switch|p2a: Tyranitar|Tyranitar, F, shiny|100\/100\n|switch|p2b: Garchomp|Garchomp, M|100\/100\n|-weather|Sandstorm|[from] ability: Sand Stream|[of] p2a: Tyranitar\n|turn|1\n|\n|t:|1698193255\n|-terastallize|p1a: Carbink|Fighting\n|move|p1b: Bisharp|Protect|p1b: Bisharp\n|-singleturn|p1b: Bisharp|Protect\n|move|p2b: Garchomp|Swords Dance|p2b: Garchomp\n|-boost|p2b: Garchomp|atk|2\n|move|p2a: Tyranitar|Dragon Tail|p1b: Bisharp\n|-activate|p1b: Bisharp|move: Protect\n|move|p1a: Carbink|Trick Room|p1a: Carbink\n|-fieldstart|move: Trick Room|[of] p1a: Carbink\n|\n|-weather|Sandstorm|[upkeep]\n|-damage|p1a: Carbink|94\/100|[from] Sandstorm\n|upkeep\n|turn|2\n|\n|t:|1698193292\n|switch|p1b: Trevenant|Trevenant, F, shiny|100\/100\n|move|p2b: Garchomp|Protect|p2b: Garchomp\n|-singleturn|p2b: Garchomp|Protect\n|move|p1a: Carbink|Iron Defense|p1a: Carbink\n|-boost|p1a: Carbink|def|2\n|move|p2a: Tyranitar|Dragon Tail|p1b: Trevenant\n|-damage|p1b: Trevenant|72\/100\n|drag|p1b: Dragalge|Dragalge, F, shiny|100\/100\n|\n|-weather|Sandstorm|[upkeep]\n|-damage|p1a: Carbink|88\/100|[from] Sandstorm\n|-damage|p1b: Dragalge|95\/100|[from] Sandstorm\n|upkeep\n|turn|3\n|\n|t:|1698193322\n|move|p1a: Carbink|Body Press|p2a: Tyranitar\n|-supereffective|p2a: Tyranitar\n|-damage|p2a: Tyranitar|0 fnt\n|faint|p2a: Tyranitar\n|move|p1b: Dragalge|Draco Meteor|p2b: Garchomp|[miss]\n|-miss|p1b: Dragalge|p2b: Garchomp\n|move|p2b: Garchomp|Dragon Claw|p1b: Dragalge\n|-supereffective|p1b: Dragalge\n|-damage|p1b: Dragalge|0 fnt\n|faint|p1b: Dragalge\n|\n|-weather|Sandstorm|[upkeep]\n|-damage|p1a: Carbink|82\/100|[from] Sandstorm\n|upkeep\n|\n|t:|1698193344\n|switch|p1b: Trevenant|Trevenant, F, shiny|72\/100\n|switch|p2a: Glimmora|Glimmora, F|100\/100\n|turn|4\n|\n|t:|1698193383\n|move|p2a: Glimmora|Spiky Shield|p2a: Glimmora\n|-singleturn|p2a: Glimmora|move: Protect\n|move|p2b: Garchomp|Protect|p2b: Garchomp\n|-singleturn|p2b: Garchomp|Protect\n|move|p1a: Carbink|Iron Defense|p1a: Carbink\n|-boost|p1a: Carbink|def|2\n|move|p1b: Trevenant|Forest's Curse|p2b: Garchomp\n|-activate|p2b: Garchomp|move: Protect\n|\n|-weather|Sandstorm|[upkeep]\n|-damage|p1a: Carbink|75\/100|[from] Sandstorm\n|-damage|p1b: Trevenant|66\/100|[from] Sandstorm\n|upkeep\n|turn|5\n|\n|t:|1698193409\n|move|p1a: Carbink|Body Press|p2a: Glimmora\n|-damage|p2a: Glimmora|0 fnt\n|faint|p2a: Glimmora\n|move|p1b: Trevenant|Forest's Curse|p2b: Garchomp\n|-start|p2b: Garchomp|typeadd|Grass|[from] move: Forest's Curse\n|move|p2b: Garchomp|Dragon Claw|p1b: Trevenant\n|-damage|p1b: Trevenant|0 fnt\n|faint|p1b: Trevenant\n|\n|-weather|none\n|-fieldend|move: Trick Room\n|upkeep\n|\n|t:|1698193458\n|switch|p2a: Krookodile|Krookodile, F|100\/100\n|switch|p1b: Heatran|Heatran, F, shiny|100\/100\n|turn|6\n|\n|t:|1698193478\n|move|p2b: Garchomp|Protect|p2b: Garchomp\n|-singleturn|p2b: Garchomp|Protect\n|move|p2a: Krookodile|Aqua Tail|p1b: Heatran\n|-supereffective|p1b: Heatran\n|-damage|p1b: Heatran|53\/100\n|move|p1b: Heatran|Heat Wave|p2a: Krookodile|[spread] p2a\n|-activate|p2b: Garchomp|move: Protect\n|-damage|p2a: Krookodile|53\/100\n|move|p1a: Carbink|Trick Room|p1a: Carbink\n|-fieldstart|move: Trick Room|[of] p1a: Carbink\n|\n|upkeep\n|turn|7\n|\n|t:|1698193503\n|move|p1a: Carbink|Body Press|p2b: Garchomp\n|-damage|p2b: Garchomp|0 fnt\n|faint|p2b: Garchomp\n|move|p1b: Heatran|Flamethrower|p2a: Krookodile\n|-damage|p2a: Krookodile|0 fnt\n|faint|p2a: Krookodile\n|\n|upkeep\n|\n|t:|1698193510\n|switch|p2a: Landorus|Landorus-Therian, M|100\/100\n|switch|p2b: Houndstone|Houndstone, F, shiny|100\/100\n|-ability|p2a: Landorus|Intimidate|boost\n|-unboost|p1a: Carbink|atk|1\n|-unboost|p1b: Heatran|atk|1\n|turn|8\n|\n|t:|1698193538\n|move|p1a: Carbink|Body Press|p2a: Landorus\n|-resisted|p2a: Landorus\n|-damage|p2a: Landorus|20\/100\n|move|p1b: Heatran|Flamethrower|p2b: Houndstone\n|-damage|p2b: Houndstone|37\/100\n|move|p2b: Houndstone|Play Rough|p1a: Carbink\n|-supereffective|p1a: Carbink\n|-damage|p1a: Carbink|61\/100\n|-damage|p2b: Houndstone|28\/100|[from] item: Life Orb\n|move|p2a: Landorus|Rock Slide|p1b: Heatran|[spread] \n|-miss|p2a: Landorus|p1a: Carbink\n|-miss|p2a: Landorus|p1b: Heatran\n|\n|upkeep\n|turn|9\n|c|\u2606noisypr|Ggs\n|c|\u2606Hokusaid|Gg\n|\n|t:|1698193567\n|-terastallize|p2b: Houndstone|Ghost\n|move|p1a: Carbink|Body Press|p2a: Landorus\n|-resisted|p2a: Landorus\n|-damage|p2a: Landorus|0 fnt\n|faint|p2a: Landorus\n|move|p1b: Heatran|Flamethrower|p2b: Houndstone\n|-damage|p2b: Houndstone|0 fnt\n|faint|p2b: Houndstone\n|\n|win|Hokusaid\n|raw|Hokusaid's rating: 1090 &rarr; <strong>1113<\/strong><br \/>(+23 for winning)\n|raw|noisypr's rating: 1044 &rarr; <strong>1030<\/strong><br \/>(-14 for losing)\n|c|\u2606noisypr|That carbink tho\n","uploadtime":1698193594,"views":15,"p1id":"hokusaid","p2id":"noisypr","formatid":"gen9doublesou","rating":1030,"private":0,"password":""}