{"id":"gen9doublesou-1989772118","p1":"ichoosenamerandomy","p2":"DominicASousa","format":"[Gen 9] Doubles OU","log":"|j|\u2606ichoosenamerandomy\n|j|\u2606DominicASousa\n|t:|1699894416\n|gametype|doubles\n|player|p1|ichoosenamerandomy|101|1106\n|player|p2|DominicASousa|101|1146\n|teamsize|p1|6\n|teamsize|p2|6\n|gen|9\n|tier|[Gen 9] Doubles OU\n|rated|\n|rule|Species Clause: Limit one of each Pok\u00e9mon\n|rule|OHKO Clause: OHKO moves are banned\n|rule|Evasion Moves Clause: Evasion moves are banned\n|rule|Gravity Sleep Clause: The combination of sleep-inducing moves with imperfect accuracy and Gravity or Gigantamax Orbeetle are banned\n|rule|Endless Battle Clause: Forcing endless battles is banned\n|rule|HP Percentage Mod: HP is shown in percentages\n|clearpoke\n|poke|p1|Amoonguss, F|\n|poke|p1|Grimmsnarl, M|\n|poke|p1|Sinistcha|\n|poke|p1|Iron Hands|\n|poke|p1|Landorus-Therian, M|\n|poke|p1|Maushold|\n|poke|p2|Fezandipiti, M|\n|poke|p2|Passimian, M|\n|poke|p2|Ogerpon-Wellspring, F|\n|poke|p2|Politoed, M|\n|poke|p2|Armarouge, M|\n|poke|p2|Kommo-o, M|\n|teampreview\n|c|\u2606DominicASousa|glhf\n|\n|t:|1699894434\n|start\n|switch|p1a: GameFlovethismon|Grimmsnarl, M|100\/100\n|switch|p1b: Iron Hands|Iron Hands|100\/100\n|switch|p2a: Elle|Fezandipiti, M|100\/100\n|switch|p2b: Tara|Ogerpon-Wellspring, F|100\/100\n|turn|1\n|\n|t:|1699894454\n|move|p1a: GameFlovethismon|Reflect|p1a: GameFlovethismon\n|-sidestart|p1: ichoosenamerandomy|Reflect\n|move|p2b: Tara|Ivy Cudgel|p1b: Iron Hands\n|-damage|p1b: Iron Hands|75\/100\n|move|p2a: Elle|Dazzling Gleam|p1b: Iron Hands|[spread] p1a,p1b\n|-supereffective|p1a: GameFlovethismon\n|-supereffective|p1b: Iron Hands\n|-damage|p1a: GameFlovethismon|73\/100\n|-damage|p1b: Iron Hands|49\/100\n|-enditem|p1b: Iron Hands|Sitrus Berry|[eat]\n|-heal|p1b: Iron Hands|74\/100|[from] item: Sitrus Berry\n|move|p1b: Iron Hands|Belly Drum|p1b: Iron Hands\n|-damage|p1b: Iron Hands|24\/100\n|-setboost|p1b: Iron Hands|atk|6|[from] move: Belly Drum\n|\n|upkeep\n|turn|2\n|\n|t:|1699894481\n|move|p1b: Iron Hands|Protect|p1b: Iron Hands\n|-singleturn|p1b: Iron Hands|Protect\n|move|p1a: GameFlovethismon|Parting Shot|p2a: Elle\n|-unboost|p2a: Elle|atk|1\n|-unboost|p2a: Elle|spa|1\n|\n|t:|1699894488\n|switch|p1a: Best Mon|Sinistcha|100\/100|[from] Parting Shot\n|-heal|p1b: Iron Hands|49\/100|[from] ability: Hospitality|[of] p1a: Best Mon\n|move|p2b: Tara|Ivy Cudgel|p1b: Iron Hands\n|-activate|p1b: Iron Hands|move: Protect\n|move|p2a: Elle|Tailwind|p2a: Elle\n|-sidestart|p2: DominicASousa|move: Tailwind\n|\n|upkeep\n|turn|3\n|\n|t:|1699894516\n|move|p1a: Best Mon|Rage Powder|p1a: Best Mon\n|-singleturn|p1a: Best Mon|move: Rage Powder\n|move|p2b: Tara|Ivy Cudgel|p1b: Iron Hands\n|-damage|p1b: Iron Hands|22\/100\n|move|p2a: Elle|Dazzling Gleam|p1a: Best Mon|[spread] p1a,p1b\n|-supereffective|p1b: Iron Hands\n|-damage|p1a: Best Mon|89\/100\n|-damage|p1b: Iron Hands|6\/100\n|-status|p1a: Best Mon|tox|[from] ability: Toxic Chain|[of] p2a: Elle\n|-status|p1b: Iron Hands|tox|[from] ability: Toxic Chain|[of] p2a: Elle\n|move|p1b: Iron Hands|Drain Punch|p2b: Tara\n|-damage|p2b: Tara|0 fnt\n|-heal|p1b: Iron Hands|35\/100 tox|[from] drain|[of] p2b: Tara\n|faint|p2b: Tara\n|\n|-damage|p1a: Best Mon|83\/100 tox|[from] psn\n|-damage|p1b: Iron Hands|29\/100 tox|[from] psn\n|upkeep\n|\n|t:|1699894533\n|switch|p2b: Darcy|Politoed, M, shiny|100\/100\n|-weather|RainDance|[from] ability: Drizzle|[of] p2b: Darcy\n|turn|4\n|\n|t:|1699894552\n|move|p1b: Iron Hands|Protect|p1b: Iron Hands\n|-singleturn|p1b: Iron Hands|Protect\n|move|p2a: Elle|Dazzling Gleam|p1b: Iron Hands|[spread] p1a\n|-activate|p1b: Iron Hands|move: Protect\n|-damage|p1a: Best Mon|71\/100 tox\n|move|p2b: Darcy|Psychic|p1b: Iron Hands\n|-activate|p1b: Iron Hands|move: Protect\n|move|p1a: Best Mon|Life Dew|p1a: Best Mon|[spread] p1a,p1b\n|-heal|p1a: Best Mon|96\/100 tox\n|-heal|p1b: Iron Hands|54\/100 tox\n|\n|-weather|RainDance|[upkeep]\n|-damage|p1a: Best Mon|84\/100 tox|[from] psn\n|-damage|p1b: Iron Hands|42\/100 tox|[from] psn\n|upkeep\n|turn|5\n|\n|t:|1699894580\n|move|p1a: Best Mon|Rage Powder|p1a: Best Mon\n|-singleturn|p1a: Best Mon|move: Rage Powder\n|move|p2a: Elle|Dazzling Gleam|p1a: Best Mon|[spread] p1a,p1b\n|-supereffective|p1b: Iron Hands\n|-damage|p1a: Best Mon|73\/100 tox\n|-damage|p1b: Iron Hands|25\/100 tox\n|move|p2b: Darcy|Psychic|p1a: Best Mon\n|-damage|p1a: Best Mon|42\/100 tox\n|-enditem|p1a: Best Mon|Sitrus Berry|[eat]\n|-heal|p1a: Best Mon|67\/100 tox|[from] item: Sitrus Berry\n|move|p1b: Iron Hands|Drain Punch|p2b: Darcy\n|-damage|p2b: Darcy|0 fnt\n|-heal|p1b: Iron Hands|63\/100 tox|[from] drain|[of] p2b: Darcy\n|faint|p2b: Darcy\n|\n|-weather|RainDance|[upkeep]\n|-damage|p1a: Best Mon|49\/100 tox|[from] psn\n|-damage|p1b: Iron Hands|44\/100 tox|[from] psn\n|-sideend|p2: DominicASousa|move: Tailwind\n|upkeep\n|\n|t:|1699894590\n|switch|p2b: Tao|Kommo-o, M|100\/100\n|turn|6\n|\n|t:|1699894614\n|move|p1a: Best Mon|Rage Powder|p1a: Best Mon\n|-singleturn|p1a: Best Mon|move: Rage Powder\n|move|p2b: Tao|Earthquake|p1b: Iron Hands|[spread] p2a,p1a,p1b\n|-supereffective|p2a: Elle\n|-resisted|p1a: Best Mon\n|-supereffective|p1b: Iron Hands\n|-damage|p2a: Elle|54\/100\n|-damage|p1a: Best Mon|43\/100 tox\n|-damage|p1b: Iron Hands|23\/100 tox\n|move|p2a: Elle|Dazzling Gleam|p1b: Iron Hands|[spread] p1a,p1b\n|-supereffective|p1b: Iron Hands\n|-damage|p1a: Best Mon|32\/100 tox\n|-damage|p1b: Iron Hands|5\/100 tox\n|move|p1b: Iron Hands|Drain Punch|p2a: Elle\n|-resisted|p2a: Elle\n|-damage|p2a: Elle|7\/100\n|-heal|p1b: Iron Hands|23\/100 tox|[from] drain|[of] p2a: Elle\n|\n|-weather|RainDance|[upkeep]\n|-damage|p1a: Best Mon|7\/100 tox|[from] psn\n|-damage|p1b: Iron Hands|0 fnt|[from] psn\n|faint|p1b: Iron Hands\n|-end|p1b: Iron Hands|Quark Drive|[silent]\n|upkeep\n|\n|t:|1699894634\n|switch|p1b: Sus|Amoonguss, F|100\/100\n|turn|7\n|\n|t:|1699894649\n|switch|p1a: Landy|Landorus-Therian, M|100\/100\n|-ability|p1a: Landy|Intimidate|boost\n|-unboost|p2a: Elle|atk|1\n|-unboost|p2b: Tao|atk|1\n|move|p2b: Tao|Clangorous Soul|p2b: Tao\n|-boost|p2b: Tao|atk|1\n|-boost|p2b: Tao|def|1\n|-boost|p2b: Tao|spa|1\n|-boost|p2b: Tao|spd|1\n|-boost|p2b: Tao|spe|1\n|-damage|p2b: Tao|68\/100\n|move|p2a: Elle|Heat Wave|p1a: Landy|[spread] p1a,p1b\n|-supereffective|p1b: Sus\n|-damage|p1a: Landy|97\/100\n|-damage|p1b: Sus|95\/100\n|move|p1b: Sus|Spore|p2b: Tao\n|-status|p2b: Tao|slp|[from] move: Spore\n|\n|-weather|RainDance|[upkeep]\n|upkeep\n|turn|8\n|\n|t:|1699894670\n|cant|p2b: Tao|slp\n|move|p1a: Landy|Swords Dance|p1a: Landy\n|-boost|p1a: Landy|atk|2\n|move|p2a: Elle|Icy Wind|p1a: Landy|[spread] p1a,p1b\n|-supereffective|p1a: Landy\n|-supereffective|p1b: Sus\n|-damage|p1a: Landy|75\/100\n|-damage|p1b: Sus|88\/100\n|-unboost|p1a: Landy|spe|1\n|-unboost|p1b: Sus|spe|1\n|move|p1b: Sus|Pollen Puff|p2a: Elle\n|-resisted|p2a: Elle\n|-damage|p2a: Elle|5\/100\n|\n|-weather|none\n|-sideend|p1: ichoosenamerandomy|Reflect\n|upkeep\n|turn|9\n|\n|t:|1699894694\n|move|p1b: Sus|Protect|p1b: Sus\n|-singleturn|p1b: Sus|Protect\n|-curestatus|p2b: Tao|slp|[msg]\n|move|p2b: Tao|Dragon Claw|p1a: Landy\n|-crit|p1a: Landy\n|-damage|p1a: Landy|20\/100\n|move|p2a: Elle|Icy Wind|p1a: Landy|[spread] p1a\n|-activate|p1b: Sus|move: Protect\n|-supereffective|p1a: Landy\n|-damage|p1a: Landy|0 fnt\n|faint|p1a: Landy\n|\n|upkeep\n|\n|t:|1699894707\n|switch|p1a: SmolFam'o'Maus|Maushold|100\/100\n|turn|10\n|\n|t:|1699894729\n|move|p2b: Tao|Earthquake|p1b: Sus|[spread] p2a,p1a,p1b\n|-supereffective|p2a: Elle\n|-crit|p1b: Sus\n|-damage|p2a: Elle|0 fnt\n|-damage|p1a: SmolFam'o'Maus|71\/100\n|-damage|p1b: Sus|64\/100\n|faint|p2a: Elle\n|move|p1a: SmolFam'o'Maus|Population Bomb|p2b: Tao\n|-damage|p2b: Tao|63\/100\n|-damage|p2b: Tao|59\/100\n|-damage|p2b: Tao|54\/100\n|-damage|p2b: Tao|50\/100\n|-enditem|p2b: Tao|Sitrus Berry|[eat]\n|-heal|p2b: Tao|75\/100|[from] item: Sitrus Berry\n|-damage|p2b: Tao|70\/100\n|-damage|p2b: Tao|66\/100\n|-damage|p2b: Tao|61\/100\n|-damage|p2b: Tao|56\/100\n|-damage|p2b: Tao|52\/100\n|-damage|p2b: Tao|47\/100\n|-hitcount|p2b: Tao|10\n|move|p1b: Sus|Spore|p2b: Tao\n|-status|p2b: Tao|slp|[from] move: Spore\n|\n|upkeep\n|\n|t:|1699894735\n|switch|p2a: Nicholas Nelson|Passimian, M, shiny|100\/100\n|turn|11\n|c|\u2606ichoosenamerandomy|welp gg i lose\n|c|\u2606ichoosenamerandomy|that was so unlucky\n|c|\u2606DominicASousa|i hate your iron hands\n|\n|t:|1699894780\n|move|p1a: SmolFam'o'Maus|Protect|p1a: SmolFam'o'Maus\n|-singleturn|p1a: SmolFam'o'Maus|Protect\n|cant|p2b: Tao|slp\n|move|p2a: Nicholas Nelson|Close Combat|p1a: SmolFam'o'Maus\n|-activate|p1a: SmolFam'o'Maus|move: Protect\n|move|p1b: Sus|Spore|p2a: Nicholas Nelson\n|-status|p2a: Nicholas Nelson|slp|[from] move: Spore\n|\n|upkeep\n|turn|12\n|c|\u2606ichoosenamerandomy|yeah that's the strat\n|c|\u2606ichoosenamerandomy|but he died\n|\n|t:|1699894807\n|cant|p2b: Tao|slp\n|move|p1a: SmolFam'o'Maus|Population Bomb|p2b: Tao\n|-damage|p2b: Tao|43\/100 slp\n|-damage|p2b: Tao|39\/100 slp\n|-damage|p2b: Tao|34\/100 slp\n|-damage|p2b: Tao|30\/100 slp\n|-damage|p2b: Tao|26\/100 slp\n|-damage|p2b: Tao|21\/100 slp\n|-damage|p2b: Tao|17\/100 slp\n|-hitcount|p2b: Tao|7\n|cant|p2a: Nicholas Nelson|slp\n|move|p1b: Sus|Spore|p2b: Tao\n|-fail|p2b: Tao|slp\n|\n|upkeep\n|turn|13\n|\n|t:|1699894834\n|switch|p1a: GameFlovethismon|Grimmsnarl, M|73\/100\n|-curestatus|p2b: Tao|slp|[msg]\n|move|p2b: Tao|Dragon Claw|p1a: GameFlovethismon\n|-immune|p1a: GameFlovethismon\n|cant|p2a: Nicholas Nelson|slp\n|move|p1b: Sus|Spore|p2b: Tao\n|-status|p2b: Tao|slp|[from] move: Spore\n|\n|upkeep\n|turn|14\n|\n|t:|1699894852\n|move|p1a: GameFlovethismon|Reflect|p1a: GameFlovethismon\n|-sidestart|p1: ichoosenamerandomy|Reflect\n|cant|p2b: Tao|slp\n|-curestatus|p2a: Nicholas Nelson|slp|[msg]\n|move|p2a: Nicholas Nelson|Acrobatics|p1b: Sus\n|-supereffective|p1b: Sus\n|-damage|p1b: Sus|42\/100\n|-damage|p2a: Nicholas Nelson|84\/100|[from] item: Rocky Helmet|[of] p1b: Sus\n|move|p1b: Sus|Spore|p2a: Nicholas Nelson\n|-status|p2a: Nicholas Nelson|slp|[from] move: Spore\n|\n|upkeep\n|turn|15\n|n|!DominicASousa|dominicasousa\n|\n|t:|1699894882\n|-curestatus|p2b: Tao|slp|[msg]\n|move|p2b: Tao|Close Combat|p1a: GameFlovethismon\n|-damage|p1a: GameFlovethismon|34\/100\n|-unboost|p2b: Tao|def|1\n|-unboost|p2b: Tao|spd|1\n|cant|p2a: Nicholas Nelson|slp\n|move|p1a: GameFlovethismon|Spirit Break|p2b: Tao\n|-supereffective|p2b: Tao\n|-damage|p2b: Tao|0 fnt\n|faint|p2b: Tao\n|move|p1b: Sus|Pollen Puff|p1a: GameFlovethismon\n|-heal|p1a: GameFlovethismon|84\/100\n|\n|upkeep\n|\n|t:|1699894888\n|switch|p2b: Charlie|Armarouge, M, shiny|100\/100\n|turn|16\n|\n|t:|1699894914\n|move|p1a: GameFlovethismon|Parting Shot|p2b: Charlie\n|-unboost|p2b: Charlie|atk|1\n|-unboost|p2b: Charlie|spa|1\n|\n|t:|1699894919\n|switch|p1a: Best Mon|Sinistcha|7\/100 tox|[from] Parting Shot\n|-heal|p1b: Sus|67\/100|[from] ability: Hospitality|[of] p1a: Best Mon\n|cant|p2a: Nicholas Nelson|slp\n|move|p2b: Charlie|Armor Cannon|p1b: Sus\n|-supereffective|p1b: Sus\n|-damage|p1b: Sus|1\/100\n|-unboost|p2b: Charlie|def|1\n|-unboost|p2b: Charlie|spd|1\n|move|p1b: Sus|Spore|p2b: Charlie\n|-status|p2b: Charlie|slp|[from] move: Spore\n|\n|-damage|p1a: Best Mon|1\/100 tox|[from] psn\n|upkeep\n|turn|17\n|\n|t:|1699894949\n|switch|p1a: SmolFam'o'Maus|Maushold|71\/100\n|-terastallize|p2b: Charlie|Grass\n|move|p1b: Sus|Protect|p1b: Sus\n|-singleturn|p1b: Sus|Protect\n|cant|p2b: Charlie|slp\n|-curestatus|p2a: Nicholas Nelson|slp|[msg]\n|move|p2a: Nicholas Nelson|Earthquake|p1a: SmolFam'o'Maus|[spread] p2b,p1a\n|-activate|p1b: Sus|move: Protect\n|-resisted|p2b: Charlie\n|-damage|p2b: Charlie|83\/100 slp\n|-damage|p1a: SmolFam'o'Maus|47\/100\n|-enditem|p1a: SmolFam'o'Maus|Sitrus Berry|[eat]\n|-heal|p1a: SmolFam'o'Maus|72\/100|[from] item: Sitrus Berry\n|\n|upkeep\n|turn|18\n|\n|t:|1699894980\n|-terastallize|p1a: SmolFam'o'Maus|Normal\n|cant|p2b: Charlie|slp\n|move|p1b: Sus|Rage Powder|p1b: Sus\n|-singleturn|p1b: Sus|move: Rage Powder\n|move|p1a: SmolFam'o'Maus|Population Bomb|p2b: Charlie\n|-damage|p2b: Charlie|72\/100 slp\n|-damage|p2b: Charlie|60\/100 slp\n|-damage|p2b: Charlie|48\/100 slp\n|-damage|p2b: Charlie|37\/100 slp\n|-damage|p2b: Charlie|25\/100 slp\n|-damage|p2b: Charlie|13\/100 slp\n|-damage|p2b: Charlie|1\/100 slp\n|-hitcount|p2b: Charlie|7\n|move|p2a: Nicholas Nelson|Earthquake|p1a: SmolFam'o'Maus|[spread] p2b,p1a,p1b\n|-resisted|p2b: Charlie\n|-damage|p2b: Charlie|0 fnt\n|-damage|p1a: SmolFam'o'Maus|51\/100\n|-damage|p1b: Sus|0 fnt\n|faint|p2b: Charlie\n|faint|p1b: Sus\n|\n|upkeep\n|\n|t:|1699894999\n|switch|p1b: Best Mon|Sinistcha|1\/100 tox\n|-heal|p1a: SmolFam'o'Maus|76\/100|[from] ability: Hospitality|[of] p1b: Best Mon\n|turn|19\n|inactive|Battle timer is ON: inactive players will automatically lose when time's up. (requested by DominicASousa)\n|\n|t:|1699895013\n|move|p1a: SmolFam'o'Maus|Population Bomb|p2a: Nicholas Nelson\n|-damage|p2a: Nicholas Nelson|75\/100\n|-damage|p2a: Nicholas Nelson|65\/100\n|-damage|p2a: Nicholas Nelson|55\/100\n|-damage|p2a: Nicholas Nelson|46\/100\n|-crit|p2a: Nicholas Nelson\n|-damage|p2a: Nicholas Nelson|32\/100\n|-damage|p2a: Nicholas Nelson|22\/100\n|-damage|p2a: Nicholas Nelson|12\/100\n|-damage|p2a: Nicholas Nelson|2\/100\n|-damage|p2a: Nicholas Nelson|0 fnt\n|faint|p2a: Nicholas Nelson\n|-hitcount|p2: Nicholas Nelson|9\n|\n|win|ichoosenamerandomy\n|raw|ichoosenamerandomy's rating: 1106 &rarr; <strong>1134<\/strong><br \/>(+28 for winning)\n|raw|DominicASousa's rating: 1146 &rarr; <strong>1118<\/strong><br \/>(-28 for losing)\n","uploadtime":1699894866,"views":5,"p1id":"ichoosenamerandomy","p2id":"dominicasousa","formatid":"gen9doublesou","rating":1118,"private":0,"password":""}