{"id":"gen9doublesou-1987526448","p1":"ARAY26","p2":"InsrtNameHere","format":"[Gen 9] Doubles OU","log":"|j|\u2606ARAY26\n|j|\u2606InsrtNameHere\n|t:|1699606740\n|gametype|doubles\n|player|p1|ARAY26|ghetsis-gen5bw|1142\n|player|p2|InsrtNameHere|burglar|1050\n|teamsize|p1|6\n|teamsize|p2|6\n|gen|9\n|tier|[Gen 9] Doubles OU\n|rated|\n|rule|Species Clause: Limit one of each Pok\u00e9mon\n|rule|OHKO Clause: OHKO moves are banned\n|rule|Evasion Moves Clause: Evasion moves are banned\n|rule|Gravity Sleep Clause: The combination of sleep-inducing moves with imperfect accuracy and Gravity or Gigantamax Orbeetle are banned\n|rule|Endless Battle Clause: Forcing endless battles is banned\n|rule|HP Percentage Mod: HP is shown in percentages\n|clearpoke\n|poke|p1|Gliscor, F|\n|poke|p1|Dragonite, M|\n|poke|p1|Kingambit, F|\n|poke|p1|Ogerpon-Hearthflame, F|\n|poke|p1|Diancie|\n|poke|p1|Gholdengo|\n|poke|p2|Baxcalibur, M|\n|poke|p2|Torkoal, F|\n|poke|p2|Walking Wake|\n|poke|p2|Amoonguss, F|\n|poke|p2|Rillaboom, F|\n|poke|p2|Heatran, F|\n|teampreview\n|\n|t:|1699606761\n|start\n|switch|p1a: Batman|Gliscor, F, shiny|100\/100\n|switch|p1b: Dragonite|Dragonite, M|100\/100\n|switch|p2a: Rillaboom|Rillaboom, F|100\/100\n|switch|p2b: Walking Wake|Walking Wake|100\/100\n|-fieldstart|move: Grassy Terrain|[from] ability: Grassy Surge|[of] p2a: Rillaboom\n|turn|1\n|\n|t:|1699606794\n|-end|p2b: Walking Wake|Protosynthesis|[silent]\n|switch|p2b: Heatran|Heatran, F|100\/100\n|switch|p1a: Diancie|Diancie|100\/100\n|move|p2a: Rillaboom|Fake Out|p1a: Diancie\n|-resisted|p1a: Diancie\n|-damage|p1a: Diancie|94\/100\n|move|p1b: Dragonite|Ice Spinner|p2a: Rillaboom\n|-supereffective|p2a: Rillaboom\n|-damage|p2a: Rillaboom|16\/100\n|-fieldend|move: Grassy Terrain\n|\n|upkeep\n|turn|2\n|\n|t:|1699606817\n|switch|p2a: Torkoal|Torkoal, F|100\/100\n|-weather|SunnyDay|[from] ability: Drought|[of] p2a: Torkoal\n|switch|p1a: Batman|Gliscor, F, shiny|100\/100\n|move|p1b: Dragonite|Ice Spinner|p2a: Torkoal\n|-resisted|p2a: Torkoal\n|-damage|p2a: Torkoal|86\/100\n|move|p2b: Heatran|Will-O-Wisp|p1b: Dragonite\n|-status|p1b: Dragonite|brn\n|\n|-weather|SunnyDay|[upkeep]\n|-damage|p1b: Dragonite|94\/100 brn|[from] brn\n|-status|p1a: Batman|tox|[from] item: Toxic Orb\n|upkeep\n|turn|3\n|\n|t:|1699606845\n|switch|p2b: Amoonguss|Amoonguss, F|100\/100\n|switch|p2a: Walking Wake|Walking Wake|100\/100\n|-activate|p2a: Walking Wake|ability: Protosynthesis\n|-start|p2a: Walking Wake|protosynthesisspe\n|move|p1a: Batman|Earthquake|p2b: Amoonguss|[spread] p2a,p2b\n|-immune|p1b: Dragonite\n|-damage|p2a: Walking Wake|74\/100\n|-damage|p2b: Amoonguss|77\/100\n|move|p1b: Dragonite|Ice Spinner|p2a: Walking Wake\n|-damage|p2a: Walking Wake|49\/100\n|\n|-weather|SunnyDay|[upkeep]\n|-damage|p1b: Dragonite|88\/100 brn|[from] brn\n|upkeep\n|turn|4\n|\n|t:|1699606869\n|switch|p1b: Gholdengo|Gholdengo|100\/100\n|move|p2b: Amoonguss|Rage Powder|p2b: Amoonguss\n|-singleturn|p2b: Amoonguss|move: Rage Powder\n|move|p2a: Walking Wake|Hydro Steam|p1a: Batman\n|-supereffective|p1a: Batman\n|-damage|p1a: Batman|0 fnt\n|faint|p1a: Batman\n|\n|-weather|SunnyDay|[upkeep]\n|upkeep\n|\n|t:|1699606871\n|switch|p1a: Dragonite|Dragonite, M|88\/100 brn\n|turn|5\n|\n|t:|1699606893\n|move|p2b: Amoonguss|Rage Powder|p2b: Amoonguss\n|-singleturn|p2b: Amoonguss|move: Rage Powder\n|move|p2a: Walking Wake|Hydro Steam|p1b: Gholdengo\n|-crit|p1b: Gholdengo\n|-damage|p1b: Gholdengo|0 fnt\n|faint|p1b: Gholdengo\n|move|p1a: Dragonite|Fire Punch|p2b: Amoonguss\n|-supereffective|p2b: Amoonguss\n|-damage|p2b: Amoonguss|10\/100\n|-status|p2b: Amoonguss|brn\n|-enditem|p2b: Amoonguss|Wiki Berry|[eat]\n|-heal|p2b: Amoonguss|43\/100 brn|[from] item: Wiki Berry\n|\n|-weather|SunnyDay|[upkeep]\n|-damage|p1a: Dragonite|82\/100 brn|[from] brn\n|-damage|p2b: Amoonguss|37\/100 brn|[from] brn\n|upkeep\n|\n|t:|1699606912\n|switch|p1b: Diancie|Diancie|94\/100\n|turn|6\n|\n|t:|1699606921\n|switch|p2b: Heatran|Heatran, F|100\/100\n|move|p2a: Walking Wake|Hydro Steam|p1b: Diancie\n|-supereffective|p1b: Diancie\n|-damage|p1b: Diancie|0 fnt\n|faint|p1b: Diancie\n|move|p1a: Dragonite|Fire Punch|p2b: Heatran\n|-start|p2b: Heatran|ability: Flash Fire\n|\n|-weather|SunnyDay|[upkeep]\n|-damage|p1a: Dragonite|76\/100 brn|[from] brn\n|upkeep\n|\n|t:|1699606933\n|switch|p1b: Kingambit|Kingambit, F|100\/100\n|-activate|p1b: Kingambit|ability: Supreme Overlord\n|-start|p1b: Kingambit|fallen3|[silent]\n|turn|7\n|\n|t:|1699606950\n|-end|p2a: Walking Wake|Protosynthesis|[silent]\n|switch|p2a: Rillaboom|Rillaboom, F|16\/100\n|-fieldstart|move: Grassy Terrain|[from] ability: Grassy Surge|[of] p2a: Rillaboom\n|-terastallize|p1b: Kingambit|Dark\n|move|p1a: Dragonite|Fire Punch|p2a: Rillaboom\n|-supereffective|p2a: Rillaboom\n|-damage|p2a: Rillaboom|0 fnt\n|faint|p2a: Rillaboom\n|move|p2b: Heatran|Will-O-Wisp|p1b: Kingambit\n|-status|p1b: Kingambit|brn\n|move|p1b: Kingambit|Kowtow Cleave|p2b: Heatran\n|-damage|p2b: Heatran|59\/100\n|\n|-weather|SunnyDay|[upkeep]\n|-heal|p2b: Heatran|65\/100|[from] Grassy Terrain\n|-heal|p2b: Heatran|71\/100|[from] item: Leftovers\n|-damage|p1a: Dragonite|69\/100 brn|[from] brn\n|-damage|p1b: Kingambit|94\/100 brn|[from] brn\n|upkeep\n|-message|ARAY26 forfeited.\n|\n|win|InsrtNameHere\n|raw|ARAY26's rating: 1142 &rarr; <strong>1111<\/strong><br \/>(-31 for losing)\n|raw|InsrtNameHere's rating: 1050 &rarr; <strong>1091<\/strong><br \/>(+41 for winning)\n|l|\u2606ARAY26\n","uploadtime":1699606983,"views":17,"p1id":"aray26","p2id":"insrtnamehere","formatid":"gen9doublesou","rating":1091,"private":0,"password":""}