{"id":"gen9doublesou-1982200644","p1":"Metrosexual Man","p2":"omega akl x","format":"[Gen 9] Doubles OU","log":"|j|\u2606Metrosexual Man\n|j|\u2606omega akl x\n|inactive|Battle timer is ON: inactive players will automatically lose when time's up.\n|t:|1698978480\n|gametype|doubles\n|player|p1|Metrosexual Man|harlequin|\n|player|p2|omega akl x|nate|\n|teamsize|p1|6\n|teamsize|p2|6\n|gen|9\n|tier|[Gen 9] Doubles OU\n|rated|Tournament battle\n|rule|Species Clause: Limit one of each Pok\u00e9mon\n|rule|OHKO Clause: OHKO moves are banned\n|rule|Evasion Moves Clause: Evasion moves are banned\n|rule|Gravity Sleep Clause: The combination of sleep-inducing moves with imperfect accuracy and Gravity or Gigantamax Orbeetle are banned\n|rule|Endless Battle Clause: Forcing endless battles is banned\n|rule|HP Percentage Mod: HP is shown in percentages\n|clearpoke\n|poke|p1|Glimmora, M|\n|poke|p1|Gliscor, F|\n|poke|p1|Volcarona, F|\n|poke|p1|Rillaboom, F|\n|poke|p1|Toxtricity, M|\n|poke|p1|Wyrdeer, F|\n|poke|p2|Bronzong|\n|poke|p2|Snorlax, M|\n|poke|p2|Cloyster, F|\n|poke|p2|Clodsire, M|\n|poke|p2|Rabsca, M|\n|poke|p2|Tinkaton, F|\n|teampreview\n|j|*Lady Monita \u263d\n|c|\u2606Metrosexual Man|glhf\n|c|\u2606omega akl x|glhf\n|inactive|omega akl x has 120 seconds left.\n|j| Saphyrecrobat\n|j| Snorlaxisalpha\n|\n|t:|1698978529\n|start\n|switch|p1a: Glimmora|Glimmora, M|100\/100\n|switch|p1b: Rillaboom|Rillaboom, F|100\/100\n|switch|p2a: Tinkaton|Tinkaton, F|100\/100\n|switch|p2b: Rabsca|Rabsca, M|100\/100\n|-ability|p2a: Tinkaton|Mold Breaker\n|-fieldstart|move: Grassy Terrain|[from] ability: Grassy Surge|[of] p1b: Rillaboom\n|turn|1\n|\n|t:|1698978549\n|move|p2a: Tinkaton|Fake Out|p1b: Rillaboom\n|-damage|p1b: Rillaboom|92\/100\n|cant|p1b: Rillaboom|flinch\n|move|p1a: Glimmora|Power Gem|p2b: Rabsca\n|-supereffective|p2b: Rabsca\n|-damage|p2b: Rabsca|39\/100\n|move|p2b: Rabsca|Cosmic Power|p2b: Rabsca\n|-boost|p2b: Rabsca|def|1\n|-boost|p2b: Rabsca|spd|1\n|\n|-heal|p1b: Rillaboom|98\/100|[from] Grassy Terrain\n|-heal|p2b: Rabsca|46\/100|[from] Grassy Terrain\n|-heal|p2b: Rabsca|52\/100|[from] item: Leftovers\n|upkeep\n|turn|2\n|\n|t:|1698978576\n|move|p2a: Tinkaton|Gigaton Hammer|p1b: Rillaboom\n|-damage|p1b: Rillaboom|48\/100\n|move|p1a: Glimmora|Stealth Rock|p2a: Tinkaton\n|-sidestart|p2: omega akl x|move: Stealth Rock\n|move|p1b: Rillaboom|U-turn|p2b: Rabsca\n|-supereffective|p2b: Rabsca\n|-damage|p2b: Rabsca|19\/100\n|\n|t:|1698978583\n|switch|p1b: Gliscor|Gliscor, F|100\/100|[from] U-turn\n|move|p2b: Rabsca|Recover|p2b: Rabsca\n|-heal|p2b: Rabsca|69\/100\n|\n|-heal|p2b: Rabsca|75\/100|[from] Grassy Terrain\n|-heal|p2b: Rabsca|81\/100|[from] item: Leftovers\n|-status|p1b: Gliscor|tox|[from] item: Toxic Orb\n|upkeep\n|turn|3\n|inactive|omega akl x has 120 seconds left.\n|j| I E Tass\n|\n|t:|1698978638\n|-terastallize|p1a: Glimmora|Flying\n|move|p2a: Tinkaton|Stealth Rock|p1b: Gliscor\n|-sidestart|p1: Metrosexual Man|move: Stealth Rock\n|move|p1a: Glimmora|Power Gem|p2b: Rabsca\n|-supereffective|p2b: Rabsca\n|-damage|p2b: Rabsca|43\/100\n|move|p1b: Gliscor|Earthquake|p2a: Tinkaton|[spread] p2a,p2b\n|-immune|p1a: Glimmora\n|-supereffective|p2a: Tinkaton\n|-resisted|p2b: Rabsca\n|-damage|p2a: Tinkaton|63\/100\n|-damage|p2b: Rabsca|38\/100\n|move|p2b: Rabsca|Cosmic Power|p2b: Rabsca\n|-boost|p2b: Rabsca|def|1\n|-boost|p2b: Rabsca|spd|1\n|\n|-heal|p2a: Tinkaton|69\/100|[from] Grassy Terrain\n|-heal|p2b: Rabsca|44\/100|[from] Grassy Terrain\n|-heal|p2b: Rabsca|50\/100|[from] item: Leftovers\n|upkeep\n|turn|4\n|l| I E Tass\n|inactive|omega akl x has 120 seconds left.\n|\n|t:|1698978663\n|move|p2a: Tinkaton|Gigaton Hammer|p1a: Glimmora\n|-damage|p1a: Glimmora|35\/100\n|-activate|p1a: Glimmora|ability: Toxic Debris\n|-sidestart|p2: omega akl x|move: Toxic Spikes\n|move|p1a: Glimmora|Power Gem|p2b: Rabsca\n|-supereffective|p2b: Rabsca\n|-damage|p2b: Rabsca|19\/100\n|move|p1b: Gliscor|Earthquake|p2b: Rabsca|[spread] p2a,p2b\n|-immune|p1a: Glimmora\n|-supereffective|p2a: Tinkaton\n|-resisted|p2b: Rabsca\n|-damage|p2a: Tinkaton|31\/100\n|-damage|p2b: Rabsca|16\/100\n|move|p2b: Rabsca|Recover|p2b: Rabsca\n|-heal|p2b: Rabsca|66\/100\n|\n|-heal|p2a: Tinkaton|37\/100|[from] Grassy Terrain\n|-heal|p2b: Rabsca|72\/100|[from] Grassy Terrain\n|-heal|p2b: Rabsca|78\/100|[from] item: Leftovers\n|upkeep\n|turn|5\n|\n|t:|1698978675\n|move|p2a: Tinkaton|Play Rough|p1a: Glimmora|[miss]\n|-miss|p2a: Tinkaton|p1a: Glimmora\n|move|p1a: Glimmora|Power Gem|p2b: Rabsca\n|-supereffective|p2b: Rabsca\n|-damage|p2b: Rabsca|47\/100\n|move|p1b: Gliscor|Earthquake|p2a: Tinkaton|[spread] p2a,p2b\n|-immune|p1a: Glimmora\n|-supereffective|p2a: Tinkaton\n|-resisted|p2b: Rabsca\n|-crit|p2b: Rabsca\n|-damage|p2a: Tinkaton|1\/100\n|-damage|p2b: Rabsca|36\/100\n|move|p2b: Rabsca|Recover|p2b: Rabsca\n|-heal|p2b: Rabsca|86\/100\n|\n|-heal|p2a: Tinkaton|8\/100|[from] Grassy Terrain\n|-heal|p2b: Rabsca|93\/100|[from] Grassy Terrain\n|-heal|p2b: Rabsca|99\/100|[from] item: Leftovers\n|-fieldend|move: Grassy Terrain\n|upkeep\n|turn|6\n|\n|t:|1698978703\n|move|p2a: Tinkaton|Gigaton Hammer|p1a: Glimmora\n|-damage|p1a: Glimmora|0 fnt\n|-activate|p1a: Glimmora|ability: Toxic Debris\n|-sidestart|p2: omega akl x|move: Toxic Spikes\n|faint|p1a: Glimmora\n|move|p1b: Gliscor|Rock Slide|p2a: Tinkaton|[spread] p2a\n|-miss|p1b: Gliscor|p2b: Rabsca\n|-resisted|p2a: Tinkaton\n|-damage|p2a: Tinkaton|0 fnt\n|faint|p2a: Tinkaton\n|move|p2b: Rabsca|Psychic|p1b: Gliscor\n|-damage|p1b: Gliscor|71\/100 tox\n|\n|-heal|p2b: Rabsca|100\/100|[from] item: Leftovers\n|-heal|p1b: Gliscor|84\/100 tox|[from] ability: Poison Heal\n|upkeep\n|\n|t:|1698978715\n|switch|p2a: Clodsire|Clodsire, M|100\/100\n|switch|p1a: Volcarona|Volcarona, F|100\/100\n|-damage|p1a: Volcarona|51\/100|[from] Stealth Rock\n|-damage|p2a: Clodsire|94\/100|[from] Stealth Rock\n|-sideend|p2: omega akl x|move: Toxic Spikes|[of] p2a: Clodsire\n|turn|7\n|\n|t:|1698978737\n|move|p1a: Volcarona|Protect|p1a: Volcarona\n|-singleturn|p1a: Volcarona|Protect\n|move|p1b: Gliscor|Earthquake|p2b: Rabsca|[spread] p2a,p2b\n|-activate|p1a: Volcarona|move: Protect\n|-supereffective|p2a: Clodsire\n|-resisted|p2b: Rabsca\n|-damage|p2a: Clodsire|32\/100\n|-damage|p2b: Rabsca|92\/100\n|move|p2b: Rabsca|Cosmic Power|p2b: Rabsca\n|-boost|p2b: Rabsca|def|1\n|-boost|p2b: Rabsca|spd|1\n|move|p2a: Clodsire|Chilling Water|p1b: Gliscor\n|-supereffective|p1b: Gliscor\n|-damage|p1b: Gliscor|72\/100 tox\n|-unboost|p1b: Gliscor|atk|1\n|\n|-heal|p2b: Rabsca|99\/100|[from] item: Leftovers\n|-heal|p2a: Clodsire|38\/100|[from] item: Leftovers\n|-heal|p1b: Gliscor|84\/100 tox|[from] ability: Poison Heal\n|upkeep\n|turn|8\n|l| Snorlaxisalpha\n|j| Snorlaxisalpha\n|inactive|omega akl x has 120 seconds left.\n|\n|t:|1698978781\n|-terastallize|p2a: Clodsire|Flying\n|move|p1a: Volcarona|Heat Wave|p2a: Clodsire|[spread] p2a\n|-miss|p1a: Volcarona|p2b: Rabsca\n|-damage|p2a: Clodsire|17\/100\n|move|p1b: Gliscor|Earthquake|p2a: Clodsire|[spread] p1a,p2b\n|-immune|p2a: Clodsire\n|-resisted|p2b: Rabsca\n|-damage|p1a: Volcarona|21\/100\n|-damage|p2b: Rabsca|94\/100\n|-enditem|p1a: Volcarona|Sitrus Berry|[eat]\n|-heal|p1a: Volcarona|46\/100|[from] item: Sitrus Berry\n|move|p2b: Rabsca|Psychic|p1a: Volcarona\n|-damage|p1a: Volcarona|10\/100\n|move|p2a: Clodsire|High Horsepower|p1a: Volcarona\n|-damage|p1a: Volcarona|0 fnt\n|faint|p1a: Volcarona\n|\n|-heal|p2b: Rabsca|100\/100|[from] item: Leftovers\n|-heal|p2a: Clodsire|23\/100|[from] item: Leftovers\n|-heal|p1b: Gliscor|97\/100 tox|[from] ability: Poison Heal\n|upkeep\n|inactive|Metrosexual Man has 120 seconds left.\n|\n|t:|1698978813\n|switch|p1a: Rillaboom|Rillaboom, F|48\/100\n|-damage|p1a: Rillaboom|35\/100|[from] Stealth Rock\n|-fieldstart|move: Grassy Terrain|[from] ability: Grassy Surge|[of] p1a: Rillaboom\n|turn|9\n|inactive|omega akl x has 120 seconds left.\n|\n|t:|1698978836\n|move|p1a: Rillaboom|Fake Out|p2b: Rabsca\n|-damage|p2b: Rabsca|95\/100\n|move|p1b: Gliscor|Rock Slide|p2b: Rabsca|[spread] p2a,p2b\n|-supereffective|p2a: Clodsire\n|-supereffective|p2b: Rabsca\n|-damage|p2a: Clodsire|2\/100\n|-damage|p2b: Rabsca|88\/100\n|cant|p2b: Rabsca|flinch\n|move|p2a: Clodsire|Poison Jab|p1a: Rillaboom\n|-supereffective|p1a: Rillaboom\n|-damage|p1a: Rillaboom|0 fnt\n|faint|p1a: Rillaboom\n|\n|-heal|p2b: Rabsca|94\/100|[from] Grassy Terrain\n|-heal|p2b: Rabsca|99\/100|[from] item: Leftovers\n|-heal|p2a: Clodsire|8\/100|[from] item: Leftovers\n|-heal|p1b: Gliscor|100\/100 tox|[from] ability: Poison Heal\n|upkeep\n|inactive|Metrosexual Man has 120 seconds left.\n|l|\u2606Metrosexual Man\n|inactive|Metrosexual Man disconnected and has a minute to reconnect!\n|player|p1|\n|c|\u2606omega akl x|no\n|inactive|Metrosexual Man has 30 seconds to reconnect!\n|inactive|Metrosexual Man has 20 seconds to reconnect!\n|inactive|Metrosexual Man has 15 seconds to reconnect!\n|inactive|Metrosexual Man has 10 seconds to reconnect!\n|c|\u2606omega akl x|dammit\n|c|\u2606omega akl x|gg wp\n|inactive|Metrosexual Man has 5 seconds to reconnect!\n|-message|Metrosexual Man lost due to inactivity.\n|\n|win|omega akl x\n|n|\u2606omega akl x|omegaaklx\n|n|*Lady Monita \u263d|ladymonita\n|n| Saphyrecrobat|saphyrecrobat\n|n| Snorlaxisalpha|snorlaxisalpha\n","uploadtime":1698978912,"views":21,"p1id":"metrosexualman","p2id":"omegaaklx","formatid":"gen9doublesou","rating":0,"private":0,"password":""}