{"id":"gen9doublesou-1980561613","p1":"PLS_PORT_MGS4","p2":"VioletStargazer","format":"[Gen 9] Doubles OU","log":"|j|\u2606PLS_PORT_MGS4\n|j|\u2606VioletStargazer\n|t:|1698797559\n|gametype|doubles\n|player|p1|PLS_PORT_MGS4|170|1203\n|player|p2|VioletStargazer|sabrina|1309\n|teamsize|p1|6\n|teamsize|p2|6\n|gen|9\n|tier|[Gen 9] Doubles OU\n|rated|\n|rule|Species Clause: Limit one of each Pok\u00e9mon\n|rule|OHKO Clause: OHKO moves are banned\n|rule|Evasion Moves Clause: Evasion moves are banned\n|rule|Gravity Sleep Clause: The combination of sleep-inducing moves with imperfect accuracy and Gravity or Gigantamax Orbeetle are banned\n|rule|Endless Battle Clause: Forcing endless battles is banned\n|rule|HP Percentage Mod: HP is shown in percentages\n|clearpoke\n|poke|p1|Torkoal, M|\n|poke|p1|Armarouge, F|\n|poke|p1|Indeedee-F, F|\n|poke|p1|Oranguru, F|\n|poke|p1|Flamigo, F|\n|poke|p1|Iron Bundle|\n|poke|p2|Roaring Moon|\n|poke|p2|Ursaluna-Bloodmoon, M|\n|poke|p2|Chien-Pao|\n|poke|p2|Clefable, F|\n|poke|p2|Heatran, F|\n|poke|p2|Gholdengo|\n|teampreview\n|inactive|Battle timer is ON: inactive players will automatically lose when time's up. (requested by PLS_PORT_MGS4)\n|\n|t:|1698797572\n|start\n|switch|p1a: Armarouge|Armarouge, F|100\/100\n|switch|p1b: Iron Bundle|Iron Bundle|100\/100\n|switch|p2a: Roaring Moon|Roaring Moon|100\/100\n|switch|p2b: Clefable|Clefable, F|100\/100\n|-enditem|p1b: Iron Bundle|Booster Energy\n|-activate|p1b: Iron Bundle|ability: Quark Drive|[fromitem]\n|-start|p1b: Iron Bundle|quarkdrivespe\n|-enditem|p2a: Roaring Moon|Booster Energy\n|-activate|p2a: Roaring Moon|ability: Protosynthesis|[fromitem]\n|-start|p2a: Roaring Moon|protosynthesisatk\n|turn|1\n|\n|t:|1698797596\n|-terastallize|p2a: Roaring Moon|Fire\n|move|p2b: Clefable|Helping Hand|p2a: Roaring Moon\n|-singleturn|p2a: Roaring Moon|Helping Hand|[of] p2b: Clefable\n|move|p1a: Armarouge|Endure|p1a: Armarouge\n|-singleturn|p1a: Armarouge|move: Endure\n|move|p1b: Iron Bundle|Blizzard|p2a: Roaring Moon|[spread] p2a,p2b\n|-resisted|p2a: Roaring Moon\n|-damage|p2a: Roaring Moon|80\/100\n|-damage|p2b: Clefable|74\/100\n|move|p2a: Roaring Moon|Earthquake|p1a: Armarouge|[spread] p2b,p1a,p1b\n|-supereffective|p1a: Armarouge\n|-damage|p2b: Clefable|13\/100\n|-activate|p1a: Armarouge|move: Endure\n|-damage|p1a: Armarouge|1\/100\n|-damage|p1b: Iron Bundle|25\/100\n|-ability|p1a: Armarouge|Weak Armor|boost\n|-unboost|p1a: Armarouge|def|1\n|-boost|p1a: Armarouge|spe|2\n|-enditem|p1a: Armarouge|Weakness Policy\n|-boost|p1a: Armarouge|atk|2|[from] item: Weakness Policy\n|-boost|p1a: Armarouge|spa|2|[from] item: Weakness Policy\n|\n|-heal|p2b: Clefable|19\/100|[from] item: Leftovers\n|upkeep\n|turn|2\n|inactive|PLS_PORT_MGS4 has 120 seconds left.\n|inactive|VioletStargazer has 120 seconds left.\n|\n|t:|1698797638\n|move|p2b: Clefable|Follow Me|p2b: Clefable\n|-singleturn|p2b: Clefable|move: Follow Me\n|move|p1b: Iron Bundle|Flip Turn|p2b: Clefable\n|-damage|p2b: Clefable|0 fnt\n|faint|p2b: Clefable\n|\n|t:|1698797644\n|-end|p1b: Iron Bundle|Quark Drive|[silent]\n|switch|p1b: Indeedee|Indeedee-F, F|100\/100|[from] Flip Turn\n|-fieldstart|move: Psychic Terrain|[from] ability: Psychic Surge|[of] p1b: Indeedee\n|move|p1a: Armarouge|Expanding Force|p2a: Roaring Moon\n|-damage|p2a: Roaring Moon|0 fnt\n|faint|p2a: Roaring Moon\n|-end|p2a: Roaring Moon|Protosynthesis|[silent]\n|\n|upkeep\n|inactive|VioletStargazer has 120 seconds left.\n|\n|t:|1698797671\n|switch|p2a: Heatran|Heatran, F|100\/100\n|switch|p2b: Ursaluna|Ursaluna-Bloodmoon, M|100\/100\n|turn|3\n|inactive|VioletStargazer has 120 seconds left.\n|\n|t:|1698797687\n|-terastallize|p1a: Armarouge|Psychic\n|move|p1b: Indeedee|Helping Hand|p1a: Armarouge\n|-singleturn|p1a: Armarouge|Helping Hand|[of] p1b: Indeedee\n|move|p1a: Armarouge|Expanding Force|p2a: Heatran|[spread] p2a,p2b\n|-resisted|p2a: Heatran\n|-damage|p2a: Heatran|17\/100\n|-damage|p2b: Ursaluna|0 fnt\n|faint|p2b: Ursaluna\n|move|p2a: Heatran|Heat Wave|p1a: Armarouge|[spread] p1b\n|-miss|p2a: Heatran|p1a: Armarouge\n|-damage|p1b: Indeedee|73\/100\n|-enditem|p1b: Indeedee|Eject Button\n|\n|t:|1698797698\n|switch|p1b: Flamigo|Flamigo, F|100\/100\n|-copyboost|p1b: Flamigo|p1a: Armarouge|[from] ability: Costar\n|\n|upkeep\n|inactive|VioletStargazer has 120 seconds left.\n|\n|t:|1698797706\n|switch|p2b: Gholdengo|Gholdengo|100\/100\n|-item|p2b: Gholdengo|Air Balloon\n|turn|4\n|\n|t:|1698797721\n|move|p1b: Flamigo|Throat Chop|p2b: Gholdengo\n|-supereffective|p2b: Gholdengo\n|-damage|p2b: Gholdengo|0 fnt\n|-enditem|p2b: Gholdengo|Air Balloon\n|faint|p2b: Gholdengo\n|move|p1a: Armarouge|Expanding Force|p2a: Heatran\n|-resisted|p2a: Heatran\n|-damage|p2a: Heatran|0 fnt\n|faint|p2a: Heatran\n|\n|upkeep\n|\n|t:|1698797732\n|switch|p2a: Chien-Pao|Chien-Pao|100\/100\n|-ability|p2a: Chien-Pao|Sword of Ruin\n|turn|5\n|\n|t:|1698797738\n|move|p1b: Flamigo|Close Combat|p2a: Chien-Pao\n|-supereffective|p2a: Chien-Pao\n|-enditem|p2a: Chien-Pao|Focus Sash\n|-damage|p2a: Chien-Pao|1\/100\n|-unboost|p1b: Flamigo|def|1\n|-unboost|p1b: Flamigo|spd|1\n|move|p1a: Armarouge|Armor Cannon|p2a: Chien-Pao\n|-supereffective|p2a: Chien-Pao\n|-damage|p2a: Chien-Pao|0 fnt\n|-unboost|p1a: Armarouge|def|1\n|-unboost|p1a: Armarouge|spd|1\n|faint|p2a: Chien-Pao\n|\n|win|PLS_PORT_MGS4\n|raw|PLS_PORT_MGS4's rating: 1203 &rarr; <strong>1235<\/strong><br \/>(+32 for winning)\n|raw|VioletStargazer's rating: 1309 &rarr; <strong>1283<\/strong><br \/>(-26 for losing)\n|l|\u2606VioletStargazer\n|c|\u2606PLS_PORT_MGS4|he fucking died\n|c|\u2606PLS_PORT_MGS4|gg\n","uploadtime":1698797767,"views":19,"p1id":"plsportmgs4","p2id":"violetstargazer","formatid":"gen9doublesou","rating":1235,"private":0,"password":""}