{"id":"gen9doublesou-1983957332","p1":"Yasuzzo","p2":"Black_Kamui9","format":"[Gen 9] Doubles OU","log":"|j|\u2606Yasuzzo\n|j|\u2606Black_Kamui9\n|t:|1699204046\n|gametype|doubles\n|player|p1|Yasuzzo|burglar|1135\n|player|p2|Black_Kamui9|ingo|1224\n|teamsize|p1|6\n|teamsize|p2|6\n|gen|9\n|tier|[Gen 9] Doubles OU\n|rated|\n|rule|Species Clause: Limit one of each Pok\u00e9mon\n|rule|OHKO Clause: OHKO moves are banned\n|rule|Evasion Moves Clause: Evasion moves are banned\n|rule|Gravity Sleep Clause: The combination of sleep-inducing moves with imperfect accuracy and Gravity or Gigantamax Orbeetle are banned\n|rule|Endless Battle Clause: Forcing endless battles is banned\n|rule|HP Percentage Mod: HP is shown in percentages\n|clearpoke\n|poke|p1|Kommo-o, M|\n|poke|p1|Dragonite, M|\n|poke|p1|Goodra-Hisui, F|\n|poke|p1|Hydreigon, M|\n|poke|p1|Appletun, F|\n|poke|p1|Dragalge, F|\n|poke|p2|Volcanion|\n|poke|p2|Ting-Lu|\n|poke|p2|Ogerpon-Wellspring, F|\n|poke|p2|Farigiraf, M|\n|poke|p2|Chien-Pao|\n|poke|p2|Okidogi, M|\n|teampreview\n|inactive|Battle timer is ON: inactive players will automatically lose when time's up. (requested by Yasuzzo)\n|\n|t:|1699204067\n|start\n|switch|p1a: Kommo-o|Kommo-o, M|100\/100\n|switch|p1b: Goodra|Goodra-Hisui, F|100\/100\n|switch|p2a: Volcanion|Volcanion|100\/100\n|switch|p2b: Farigiraf|Farigiraf, M|100\/100\n|turn|1\n|\n|t:|1699204087\n|-terastallize|p1a: Kommo-o|Steel\n|move|p1a: Kommo-o|Work Up|p1a: Kommo-o\n|-boost|p1a: Kommo-o|atk|1\n|-boost|p1a: Kommo-o|spa|1\n|move|p1b: Goodra|Life Dew||[still]|[still]|[spread] \n|-fail|p1a: Kommo-o|heal\n|-fail|p1b: Goodra|heal\n|move|p2a: Volcanion|Earth Power|p1b: Goodra\n|-supereffective|p1b: Goodra\n|-damage|p1b: Goodra|55\/100\n|move|p2b: Farigiraf|Psyshock|p1a: Kommo-o\n|-resisted|p1a: Kommo-o\n|-damage|p1a: Kommo-o|86\/100\n|\n|-heal|p1a: Kommo-o|92\/100|[from] item: Leftovers\n|-heal|p1b: Goodra|61\/100|[from] item: Leftovers\n|upkeep\n|turn|2\n|\n|t:|1699204108\n|move|p1b: Goodra|Protect|p1b: Goodra\n|-singleturn|p1b: Goodra|Protect\n|move|p1a: Kommo-o|Clangorous Soul|p1a: Kommo-o\n|-boost|p1a: Kommo-o|atk|1\n|-boost|p1a: Kommo-o|def|1\n|-boost|p1a: Kommo-o|spa|1\n|-boost|p1a: Kommo-o|spd|1\n|-boost|p1a: Kommo-o|spe|1\n|-damage|p1a: Kommo-o|60\/100\n|move|p2a: Volcanion|Heat Wave|p1a: Kommo-o|[spread] p1a\n|-activate|p1b: Goodra|move: Protect\n|-supereffective|p1a: Kommo-o\n|-damage|p1a: Kommo-o|18\/100\n|move|p2b: Farigiraf|Trick Room|p2b: Farigiraf\n|-fieldstart|move: Trick Room|[of] p2b: Farigiraf\n|\n|-heal|p1b: Goodra|67\/100|[from] item: Leftovers\n|-heal|p1a: Kommo-o|24\/100|[from] item: Leftovers\n|upkeep\n|turn|3\n|inactive|Yasuzzo has 120 seconds left.\n|\n|t:|1699204139\n|move|p1a: Kommo-o|Protect|p1a: Kommo-o\n|-singleturn|p1a: Kommo-o|Protect\n|move|p2b: Farigiraf|Psyshock|p1b: Goodra\n|-resisted|p1b: Goodra\n|-damage|p1b: Goodra|48\/100\n|move|p1b: Goodra|Life Dew|p1b: Goodra|[spread] p1a,p1b\n|-heal|p1a: Kommo-o|49\/100\n|-heal|p1b: Goodra|73\/100\n|move|p2a: Volcanion|Heat Wave|p1a: Kommo-o|[spread] p1b\n|-activate|p1a: Kommo-o|move: Protect\n|-damage|p1b: Goodra|48\/100\n|\n|-heal|p1b: Goodra|54\/100|[from] item: Leftovers\n|-heal|p1a: Kommo-o|55\/100|[from] item: Leftovers\n|upkeep\n|turn|4\n|inactive|Yasuzzo has 120 seconds left.\n|\n|t:|1699204174\n|switch|p2b: Ting-Lu|Ting-Lu|100\/100\n|-ability|p2b: Ting-Lu|Vessel of Ruin\n|switch|p1a: Dragalge|Dragalge, F|100\/100\n|move|p2a: Volcanion|Heat Wave|p1b: Goodra|[spread] p1a,p1b\n|-resisted|p1a: Dragalge\n|-damage|p1a: Dragalge|88\/100\n|-damage|p1b: Goodra|36\/100\n|move|p1b: Goodra|Life Dew|p1b: Goodra|[spread] p1a,p1b\n|-heal|p1a: Dragalge|100\/100\n|-heal|p1b: Goodra|61\/100\n|\n|-heal|p1b: Goodra|67\/100|[from] item: Leftovers\n|upkeep\n|turn|5\n|inactive|Yasuzzo has 120 seconds left.\n|\n|t:|1699204193\n|move|p1a: Dragalge|Protect|p1a: Dragalge\n|-singleturn|p1a: Dragalge|Protect\n|move|p1b: Goodra|Protect|p1b: Goodra\n|-singleturn|p1b: Goodra|Protect\n|move|p2b: Ting-Lu|Stealth Rock|p1a: Dragalge\n|-sidestart|p1: Yasuzzo|move: Stealth Rock\n|move|p2a: Volcanion|Earth Power|p1a: Dragalge\n|-activate|p1a: Dragalge|move: Protect\n|\n|-heal|p1b: Goodra|73\/100|[from] item: Leftovers\n|upkeep\n|turn|6\n|\n|t:|1699204217\n|move|p2b: Ting-Lu|Body Press|p1b: Goodra\n|-supereffective|p1b: Goodra\n|-damage|p1b: Goodra|18\/100\n|move|p1a: Dragalge|Toxic|p2a: Volcanion\n|-status|p2a: Volcanion|tox\n|move|p1b: Goodra|Life Dew||[still]|[spread] p1a,p1b\n|-fail|p1a: Dragalge|heal\n|-heal|p1b: Goodra|43\/100\n|move|p2a: Volcanion|Earth Power|p1b: Goodra\n|-supereffective|p1b: Goodra\n|-damage|p1b: Goodra|12\/100\n|\n|-heal|p1b: Goodra|18\/100|[from] item: Leftovers\n|-damage|p2a: Volcanion|94\/100 tox|[from] psn\n|-fieldend|move: Trick Room\n|upkeep\n|turn|7\n|inactive|Black_Kamui9 has 120 seconds left.\n|\n|t:|1699204250\n|move|p1b: Goodra|Protect|p1b: Goodra\n|-singleturn|p1b: Goodra|Protect\n|move|p2a: Volcanion|Earth Power|p1a: Dragalge\n|-supereffective|p1a: Dragalge\n|-damage|p1a: Dragalge|55\/100\n|move|p1a: Dragalge|Venoshock|p2a: Volcanion\n|-damage|p2a: Volcanion|61\/100 tox\n|move|p2b: Ting-Lu|Whirlwind|p1b: Goodra\n|drag|p1b: Kommo-o|Kommo-o, M, tera:Steel|55\/100\n|-damage|p1b: Kommo-o|49\/100|[from] Stealth Rock\n|\n|-heal|p1b: Kommo-o|55\/100|[from] item: Leftovers\n|-heal|p1a: Dragalge|61\/100|[from] item: Leftovers\n|-damage|p2a: Volcanion|49\/100 tox|[from] psn\n|upkeep\n|turn|8\n|\n|t:|1699204274\n|move|p1a: Dragalge|Protect|p1a: Dragalge\n|-singleturn|p1a: Dragalge|Protect\n|move|p1b: Kommo-o|Boomburst|p2a: Volcanion|[spread] p2a,p2b\n|-activate|p1a: Dragalge|move: Protect\n|-damage|p2a: Volcanion|35\/100 tox\n|-damage|p2b: Ting-Lu|85\/100\n|move|p2a: Volcanion|Heat Wave|p1b: Kommo-o|[spread] p1b\n|-activate|p1a: Dragalge|move: Protect\n|-supereffective|p1b: Kommo-o\n|-damage|p1b: Kommo-o|2\/100\n|move|p2b: Ting-Lu|Ruination|p1a: Dragalge\n|-activate|p1a: Dragalge|move: Protect\n|\n|-heal|p1b: Kommo-o|8\/100|[from] item: Leftovers\n|-heal|p1a: Dragalge|67\/100|[from] item: Leftovers\n|-heal|p2b: Ting-Lu|91\/100|[from] item: Leftovers\n|-damage|p2a: Volcanion|17\/100 tox|[from] psn\n|upkeep\n|turn|9\n|\n|t:|1699204301\n|move|p1b: Kommo-o|Protect|p1b: Kommo-o\n|-singleturn|p1b: Kommo-o|Protect\n|move|p2a: Volcanion|Heat Wave|p1b: Kommo-o|[spread] p1a\n|-activate|p1b: Kommo-o|move: Protect\n|-resisted|p1a: Dragalge\n|-damage|p1a: Dragalge|54\/100\n|move|p1a: Dragalge|Toxic|p2b: Ting-Lu\n|-status|p2b: Ting-Lu|tox\n|move|p2b: Ting-Lu|Body Press|p1b: Kommo-o\n|-activate|p1b: Kommo-o|move: Protect\n|\n|-heal|p1b: Kommo-o|14\/100|[from] item: Leftovers\n|-heal|p1a: Dragalge|60\/100|[from] item: Leftovers\n|-heal|p2b: Ting-Lu|97\/100 tox|[from] item: Leftovers\n|-damage|p2a: Volcanion|0 fnt|[from] psn\n|faint|p2a: Volcanion\n|-damage|p2b: Ting-Lu|91\/100 tox|[from] psn\n|upkeep\n|\n|t:|1699204306\n|switch|p2a: Farigiraf|Farigiraf, M|100\/100\n|turn|10\n|inactive|Yasuzzo has 120 seconds left.\n|\n|t:|1699204342\n|switch|p1b: Appletun|Appletun, F|100\/100\n|-damage|p1b: Appletun|88\/100|[from] Stealth Rock\n|move|p1a: Dragalge|Protect|p1a: Dragalge\n|-singleturn|p1a: Dragalge|Protect\n|move|p2b: Ting-Lu|Body Press|p1b: Appletun\n|-crit|p1b: Appletun\n|-damage|p1b: Appletun|45\/100\n|move|p2a: Farigiraf|Trick Room|p2a: Farigiraf\n|-fieldstart|move: Trick Room|[of] p2a: Farigiraf\n|\n|-activate|p1b: Appletun|ability: Ripen\n|-heal|p1b: Appletun|51\/100|[from] item: Leftovers\n|-heal|p2b: Ting-Lu|97\/100 tox|[from] item: Leftovers\n|-heal|p1a: Dragalge|66\/100|[from] item: Leftovers\n|-damage|p2b: Ting-Lu|85\/100 tox|[from] psn\n|upkeep\n|turn|11\n|inactive|Yasuzzo has 120 seconds left.\n|\n|t:|1699204367\n|move|p1b: Appletun|Leech Seed|p2a: Farigiraf\n|-start|p2a: Farigiraf|move: Leech Seed\n|move|p2a: Farigiraf|Psyshock|p1a: Dragalge\n|-supereffective|p1a: Dragalge\n|-damage|p1a: Dragalge|0 fnt\n|faint|p1a: Dragalge\n|move|p2b: Ting-Lu|Whirlwind|p1b: Appletun\n|drag|p1b: Goodra|Goodra-Hisui, F|18\/100\n|-damage|p1b: Goodra|12\/100|[from] Stealth Rock\n|\n|-heal|p2b: Ting-Lu|91\/100 tox|[from] item: Leftovers\n|-heal|p1b: Goodra|18\/100|[from] item: Leftovers\n|-damage|p2a: Farigiraf|88\/100|[from] Leech Seed|[of] p1b: Goodra\n|-heal|p1b: Goodra|33\/100|[silent]\n|-damage|p2b: Ting-Lu|72\/100 tox|[from] psn\n|upkeep\n|\n|t:|1699204388\n|switch|p1a: Appletun|Appletun, F|51\/100\n|-damage|p1a: Appletun|39\/100|[from] Stealth Rock\n|turn|12\n|inactive|Yasuzzo has 120 seconds left.\n|\n|t:|1699204398\n|move|p1a: Appletun|Recover|p1a: Appletun\n|-heal|p1a: Appletun|89\/100\n|move|p2b: Ting-Lu|Body Press|p1b: Goodra\n|-supereffective|p1b: Goodra\n|-damage|p1b: Goodra|0 fnt\n|faint|p1b: Goodra\n|move|p2a: Farigiraf|Psyshock|p1a: Appletun\n|-damage|p1a: Appletun|62\/100\n|\n|-activate|p1a: Appletun|ability: Ripen\n|-heal|p1a: Appletun|68\/100|[from] item: Leftovers\n|-heal|p2b: Ting-Lu|78\/100 tox|[from] item: Leftovers\n|-damage|p2b: Ting-Lu|54\/100 tox|[from] psn\n|upkeep\n|inactive|Yasuzzo has 120 seconds left.\n|\n|t:|1699204415\n|switch|p1b: Kommo-o|Kommo-o, M, tera:Steel|14\/100\n|-damage|p1b: Kommo-o|8\/100|[from] Stealth Rock\n|turn|13\n|\n|t:|1699204443\n|switch|p2a: Ogerpon|Ogerpon-Wellspring, F|100\/100\n|move|p1a: Appletun|Protect|p1a: Appletun\n|-singleturn|p1a: Appletun|Protect\n|move|p1b: Kommo-o|Protect|p1b: Kommo-o\n|-singleturn|p1b: Kommo-o|Protect\n|move|p2b: Ting-Lu|Whirlwind|p1a: Appletun\n|drag|p1a: Hydreigon|Hydreigon, M, shiny|100\/100\n|-damage|p1a: Hydreigon|88\/100|[from] Stealth Rock\n|\n|-heal|p2b: Ting-Lu|60\/100 tox|[from] item: Leftovers\n|-heal|p1b: Kommo-o|14\/100|[from] item: Leftovers\n|-heal|p1a: Hydreigon|94\/100|[from] item: Leftovers\n|-damage|p2b: Ting-Lu|29\/100 tox|[from] psn\n|upkeep\n|turn|14\n|inactive|Yasuzzo has 120 seconds left.\n|\n|t:|1699204474\n|switch|p2a: Farigiraf|Farigiraf, M|88\/100\n|move|p1a: Hydreigon|Protect|p1a: Hydreigon\n|-singleturn|p1a: Hydreigon|Protect\n|move|p2b: Ting-Lu|Body Press|p1a: Hydreigon\n|-activate|p1a: Hydreigon|move: Protect\n|move|p1b: Kommo-o|Boomburst|p2a: Farigiraf|[spread] p2a,p2b\n|-activate|p1a: Hydreigon|move: Protect\n|-damage|p2a: Farigiraf|68\/100\n|-damage|p2b: Ting-Lu|15\/100 tox\n|\n|-heal|p2b: Ting-Lu|21\/100 tox|[from] item: Leftovers\n|-heal|p1b: Kommo-o|20\/100|[from] item: Leftovers\n|-heal|p1a: Hydreigon|100\/100|[from] item: Leftovers\n|-damage|p2b: Ting-Lu|0 fnt|[from] psn\n|faint|p2b: Ting-Lu\n|-fieldend|move: Trick Room\n|upkeep\n|\n|t:|1699204484\n|switch|p2b: Okidogi|Okidogi, M|100\/100\n|turn|15\n|\n|t:|1699204504\n|move|p1b: Kommo-o|Protect|p1b: Kommo-o\n|-singleturn|p1b: Kommo-o|Protect\n|move|p1a: Hydreigon|Earth Power|p2b: Okidogi\n|-supereffective|p2b: Okidogi\n|-damage|p2b: Okidogi|52\/100\n|move|p2b: Okidogi|Drain Punch|p1a: Hydreigon\n|-supereffective|p1a: Hydreigon\n|-damage|p1a: Hydreigon|30\/100\n|-heal|p2b: Okidogi|87\/100|[from] drain|[of] p1a: Hydreigon\n|move|p2a: Farigiraf|Hyper Voice|p1b: Kommo-o|[spread] p1a\n|-activate|p1b: Kommo-o|move: Protect\n|-damage|p1a: Hydreigon|0 fnt\n|faint|p1a: Hydreigon\n|\n|-heal|p1b: Kommo-o|26\/100|[from] item: Leftovers\n|upkeep\n|inactive|Yasuzzo has 120 seconds left.\n|\n|t:|1699204523\n|switch|p1a: Appletun|Appletun, F|68\/100\n|-damage|p1a: Appletun|56\/100|[from] Stealth Rock\n|turn|16\n|\n|t:|1699204546\n|move|p1a: Appletun|Protect|p1a: Appletun\n|-singleturn|p1a: Appletun|Protect\n|move|p2b: Okidogi|Drain Punch|p1b: Kommo-o\n|-supereffective|p1b: Kommo-o\n|-damage|p1b: Kommo-o|0 fnt\n|-heal|p2b: Okidogi|99\/100|[from] drain|[of] p1b: Kommo-o\n|faint|p1b: Kommo-o\n|move|p2a: Farigiraf|Hyper Voice|p1a: Appletun\n|-activate|p1a: Appletun|move: Protect\n|\n|-activate|p1a: Appletun|ability: Ripen\n|-heal|p1a: Appletun|62\/100|[from] item: Leftovers\n|upkeep\n|inactive|Yasuzzo has 120 seconds left.\n|\n|t:|1699204560\n|switch|p1b: Dragonite|Dragonite, M|100\/100\n|-damage|p1b: Dragonite|76\/100|[from] Stealth Rock\n|turn|17\n|\n|t:|1699204574\n|move|p1b: Dragonite|Outrage|p2b: Okidogi\n|-damage|p2b: Okidogi|48\/100\n|move|p2b: Okidogi|Bulk Up|p2b: Okidogi\n|-boost|p2b: Okidogi|atk|1\n|-boost|p2b: Okidogi|def|1\n|move|p2a: Farigiraf|Hyper Voice|p1b: Dragonite|[spread] p1a,p1b\n|-damage|p1a: Appletun|32\/100\n|-damage|p1b: Dragonite|44\/100\n|move|p1a: Appletun|Leech Seed|p2b: Okidogi\n|-start|p2b: Okidogi|move: Leech Seed\n|\n|-heal|p1b: Dragonite|50\/100|[from] item: Leftovers\n|-activate|p1a: Appletun|ability: Ripen\n|-heal|p1a: Appletun|38\/100|[from] item: Leftovers\n|-damage|p2b: Okidogi|36\/100|[from] Leech Seed|[of] p1a: Appletun\n|-heal|p1a: Appletun|48\/100|[silent]\n|upkeep\n|turn|18\n|\n|t:|1699204601\n|-terastallize|p2b: Okidogi|Steel\n|move|p1a: Appletun|Protect|p1a: Appletun\n|-singleturn|p1a: Appletun|Protect\n|move|p1b: Dragonite|Outrage|p2a: Farigiraf|[from]lockedmove\n|-damage|p2a: Farigiraf|7\/100\n|move|p2b: Okidogi|Drain Punch|p1a: Appletun\n|-activate|p1a: Appletun|move: Protect\n|move|p2a: Farigiraf|Hyper Voice|p1b: Dragonite|[spread] p1b\n|-activate|p1a: Appletun|move: Protect\n|-damage|p1b: Dragonite|19\/100\n|\n|-heal|p1b: Dragonite|25\/100|[from] item: Leftovers\n|-activate|p1a: Appletun|ability: Ripen\n|-heal|p1a: Appletun|54\/100|[from] item: Leftovers\n|-damage|p2b: Okidogi|23\/100|[from] Leech Seed|[of] p1a: Appletun\n|-heal|p1a: Appletun|65\/100|[silent]\n|upkeep\n|turn|19\n|inactive|Black_Kamui9 has 120 seconds left.\n|\n|t:|1699204632\n|move|p1b: Dragonite|Outrage|p2b: Okidogi|[from]lockedmove\n|-resisted|p2b: Okidogi\n|-damage|p2b: Okidogi|6\/100\n|-start|p1b: Dragonite|confusion|[fatigue]\n|move|p2b: Okidogi|Drain Punch|p1a: Appletun\n|-damage|p1a: Appletun|18\/100\n|-heal|p2b: Okidogi|33\/100|[from] drain|[of] p1a: Appletun\n|-status|p1a: Appletun|tox|[from] ability: Toxic Chain|[of] p2b: Okidogi\n|move|p2a: Farigiraf|Hyper Voice|p1a: Appletun|[spread] p1a,p1b\n|-damage|p1a: Appletun|0 fnt\n|-damage|p1b: Dragonite|0 fnt\n|faint|p1a: Appletun\n|faint|p1b: Dragonite\n|\n|win|Black_Kamui9\n|raw|Yasuzzo's rating: 1135 &rarr; <strong>1116<\/strong><br \/>(-19 for losing)\n|raw|Black_Kamui9's rating: 1224 &rarr; <strong>1243<\/strong><br \/>(+19 for winning)\n|c|\u2606Black_Kamui9|gg\n|l|\u2606Yasuzzo\n","uploadtime":1699204651,"views":13,"p1id":"yasuzzo","p2id":"blackkamui9","formatid":"gen9doublesou","rating":1116,"private":0,"password":""}