{"id":"gen9doublesou-1984292170","p1":"BlizzardWolf619","p2":"ForgotMyLoginlol","format":"[Gen 9] Doubles OU","log":"|j|\u2606BlizzardWolf619\n|j|\u2606ForgotMyLoginlol\n|t:|1699239820\n|gametype|doubles\n|player|p1|BlizzardWolf619|skier|1119\n|player|p2|ForgotMyLoginlol|169|1042\n|teamsize|p1|6\n|teamsize|p2|6\n|gen|9\n|tier|[Gen 9] Doubles OU\n|rated|\n|rule|Species Clause: Limit one of each Pok\u00e9mon\n|rule|OHKO Clause: OHKO moves are banned\n|rule|Evasion Moves Clause: Evasion moves are banned\n|rule|Gravity Sleep Clause: The combination of sleep-inducing moves with imperfect accuracy and Gravity or Gigantamax Orbeetle are banned\n|rule|Endless Battle Clause: Forcing endless battles is banned\n|rule|HP Percentage Mod: HP is shown in percentages\n|clearpoke\n|poke|p1|Grimmsnarl, M|\n|poke|p1|Skeledirge, M|\n|poke|p1|Meowscarada, F|\n|poke|p1|Rotom-Heat|\n|poke|p1|Ninetales-Alola, F|\n|poke|p1|Toxapex, F|\n|poke|p2|Tyranitar, F|\n|poke|p2|Dragapult, M|\n|poke|p2|Toxapex, F|\n|poke|p2|Sableye, M|\n|poke|p2|Regieleki|\n|poke|p2|Heatran, M|\n|teampreview\n|inactive|Battle timer is ON: inactive players will automatically lose when time's up. (requested by ForgotMyLoginlol)\n|\n|t:|1699239850\n|start\n|switch|p1a: The Grim|Grimmsnarl, M, shiny|100\/100\n|switch|p1b: Petals|Meowscarada, F, shiny|100\/100\n|switch|p2a: Sableye|Sableye, M|100\/100\n|switch|p2b: Tyranitar|Tyranitar, F|100\/100\n|-weather|Sandstorm|[from] ability: Sand Stream|[of] p2b: Tyranitar\n|turn|1\n|inactive|ForgotMyLoginlol has 120 seconds left.\n|\n|t:|1699239895\n|switch|p2a: Toxapex|Toxapex, F|100\/100\n|move|p1a: The Grim|Reflect|p1a: The Grim\n|-sidestart|p1: BlizzardWolf619|Reflect\n|move|p1b: Petals|Play Rough|p2b: Tyranitar\n|-start|p1b: Petals|typechange|Fairy|[from] ability: Protean\n|-supereffective|p2b: Tyranitar\n|-damage|p2b: Tyranitar|10\/100\n|move|p2b: Tyranitar|Knock Off|p1b: Petals\n|-resisted|p1b: Petals\n|-damage|p1b: Petals|72\/100\n|-enditem|p1b: Petals|Choice Band|[from] move: Knock Off|[of] p2b: Tyranitar\n|\n|-weather|Sandstorm|[upkeep]\n|-damage|p1b: Petals|66\/100|[from] Sandstorm\n|-damage|p1a: The Grim|94\/100|[from] Sandstorm\n|-damage|p2a: Toxapex|94\/100|[from] Sandstorm\n|-heal|p2b: Tyranitar|16\/100|[from] item: Leftovers\n|-heal|p2a: Toxapex|100\/100|[from] item: Leftovers\n|upkeep\n|turn|2\n|inactive|ForgotMyLoginlol has 120 seconds left.\n|\n|t:|1699239922\n|move|p2b: Tyranitar|Protect|p2b: Tyranitar\n|-singleturn|p2b: Tyranitar|Protect\n|move|p1a: The Grim|Taunt|p2a: Toxapex\n|-start|p2a: Toxapex|move: Taunt\n|move|p1b: Petals|U-turn|p2b: Tyranitar\n|-activate|p2b: Tyranitar|move: Protect\n|cant|p2a: Toxapex|move: Taunt|Toxic\n|\n|-weather|Sandstorm|[upkeep]\n|-damage|p1b: Petals|60\/100|[from] Sandstorm\n|-damage|p1a: The Grim|88\/100|[from] Sandstorm\n|-damage|p2a: Toxapex|94\/100|[from] Sandstorm\n|-heal|p2b: Tyranitar|22\/100|[from] item: Leftovers\n|-heal|p2a: Toxapex|100\/100|[from] item: Leftovers\n|upkeep\n|turn|3\n|inactive|ForgotMyLoginlol has 120 seconds left.\n|\n|t:|1699239949\n|switch|p2b: Heatran|Heatran, M|100\/100\n|switch|p2a: Sableye|Sableye, M|100\/100\n|move|p1a: The Grim|Light Screen|p1a: The Grim\n|-sidestart|p1: BlizzardWolf619|move: Light Screen\n|move|p1b: Petals|U-turn|p2b: Heatran\n|-resisted|p2b: Heatran\n|-damage|p2b: Heatran|96\/100\n|inactive|BlizzardWolf619 has 120 seconds left.\n|\n|t:|1699239959\n|switch|p1b: Aurora|Ninetales-Alola, F, shiny|100\/100|[from] U-turn\n|-weather|Snow|[from] ability: Snow Warning|[of] p1b: Aurora\n|\n|-weather|Snow|[upkeep]\n|-status|p2a: Sableye|tox|[from] item: Toxic Orb\n|upkeep\n|turn|4\n|inactive|BlizzardWolf619 has 120 seconds left.\n|\n|t:|1699239985\n|-terastallize|p1b: Aurora|Ground\n|move|p1a: The Grim|Parting Shot|p2b: Heatran\n|-unboost|p2b: Heatran|atk|1\n|-unboost|p2b: Heatran|spa|1\n|inactive|BlizzardWolf619 has 120 seconds left.\n|\n|t:|1699239994\n|switch|p1a: Petals|Meowscarada, F, shiny|60\/100|[from] Parting Shot\n|move|p2a: Sableye|Trick|p1b: Aurora\n|-activate|p2a: Sableye|move: Trick|[of] p1b: Aurora\n|-item|p1b: Aurora|Toxic Orb|[from] move: Trick\n|-item|p2a: Sableye|Light Clay|[from] move: Trick\n|move|p1b: Aurora|Tera Blast|p2b: Heatran|[anim] Tera Blast Ground\n|-supereffective|p2b: Heatran\n|-enditem|p2b: Heatran|Shuca Berry|[eat]\n|-enditem|p2b: Heatran|Shuca Berry|[weaken]\n|-damage|p2b: Heatran|43\/100\n|move|p2b: Heatran|Iron Defense|p2b: Heatran\n|-boost|p2b: Heatran|def|2\n|\n|-weather|Snow|[upkeep]\n|-damage|p2a: Sableye|95\/100 tox|[from] psn\n|-status|p1b: Aurora|tox|[from] item: Toxic Orb\n|upkeep\n|turn|5\n|inactive|BlizzardWolf619 has 120 seconds left.\n|inactive|ForgotMyLoginlol has 120 seconds left.\n|inactive|ForgotMyLoginlol has 90 seconds left.\n|\n|t:|1699240065\n|move|p2a: Sableye|Trick|p1b: Aurora\n|-activate|p2a: Sableye|move: Trick|[of] p1b: Aurora\n|-item|p1b: Aurora|Light Clay|[from] move: Trick\n|-item|p2a: Sableye|Toxic Orb|[from] move: Trick\n|move|p1a: Petals|Knock Off|p2b: Heatran\n|-start|p1a: Petals|typechange|Dark|[from] ability: Protean\n|-damage|p2b: Heatran|31\/100\n|move|p1b: Aurora|Aurora Veil|p1b: Aurora\n|-sidestart|p1: BlizzardWolf619|move: Aurora Veil\n|move|p2b: Heatran|Magma Storm|p1a: Petals\n|-damage|p1a: Petals|17\/100\n|-activate|p1a: Petals|move: Magma Storm|[of] p2b: Heatran\n|\n|-weather|Snow|[upkeep]\n|-damage|p1b: Aurora|95\/100 tox|[from] psn\n|-damage|p2a: Sableye|83\/100 tox|[from] psn\n|-damage|p1a: Petals|5\/100|[from] move: Magma Storm|[partiallytrapped]\n|upkeep\n|turn|6\n|inactive|BlizzardWolf619 has 120 seconds left.\n|inactive|ForgotMyLoginlol has 90 seconds left.\n|\n|t:|1699240106\n|move|p2a: Sableye|Encore|p1b: Aurora\n|-start|p1b: Aurora|Encore\n|move|p1a: Petals|U-turn|p2a: Sableye\n|-damage|p2a: Sableye|61\/100 tox\n|inactive|BlizzardWolf619 has 90 seconds left.\n|\n|t:|1699240124\n|switch|p1a: Stop right there.|Toxapex, F, shiny|100\/100|[from] U-turn\n|move|p1b: Aurora|Aurora Veil||[still]\n|-fail|p1b: Aurora\n|move|p2b: Heatran|Iron Defense|p2b: Heatran\n|-boost|p2b: Heatran|def|2\n|\n|-weather|Snow|[upkeep]\n|-damage|p1b: Aurora|83\/100 tox|[from] psn\n|-damage|p2a: Sableye|43\/100 tox|[from] psn\n|upkeep\n|turn|7\n|inactive|ForgotMyLoginlol has 90 seconds left.\n|inactive|BlizzardWolf619 has 90 seconds left.\n|\n|t:|1699240145\n|switch|p1b: Nice-N-Toasty|Rotom-Heat, shiny|100\/100\n|move|p2a: Sableye|Taunt|p1a: Stop right there.\n|-start|p1a: Stop right there.|move: Taunt\n|move|p2b: Heatran|Flash Cannon|p1b: Nice-N-Toasty\n|-resisted|p1b: Nice-N-Toasty\n|-damage|p1b: Nice-N-Toasty|94\/100\n|-unboost|p1b: Nice-N-Toasty|spd|1\n|cant|p1a: Stop right there.|move: Taunt|Haze\n|\n|-weather|none\n|-damage|p2a: Sableye|19\/100 tox|[from] psn\n|upkeep\n|turn|8\n|inactive|ForgotMyLoginlol has 90 seconds left.\n|inactive|BlizzardWolf619 has 90 seconds left.\n|\n|t:|1699240170\n|switch|p2b: Toxapex|Toxapex, F|100\/100\n|switch|p1a: Aurora|Ninetales-Alola, F, shiny, tera:Ground|83\/100 tox\n|-weather|Snow|[from] ability: Snow Warning|[of] p1a: Aurora\n|move|p2a: Sableye|Trick|p1b: Nice-N-Toasty\n|-activate|p2a: Sableye|move: Trick|[of] p1b: Nice-N-Toasty\n|-item|p1b: Nice-N-Toasty|Toxic Orb|[from] move: Trick\n|-item|p2a: Sableye|Choice Scarf|[from] move: Trick\n|move|p1b: Nice-N-Toasty|Trick|p2b: Toxapex\n|-activate|p1b: Nice-N-Toasty|move: Trick|[of] p2b: Toxapex\n|-item|p2b: Toxapex|Toxic Orb|[from] move: Trick\n|-item|p1b: Nice-N-Toasty|Leftovers|[from] move: Trick\n|\n|-weather|Snow|[upkeep]\n|-heal|p1b: Nice-N-Toasty|99\/100|[from] item: Leftovers\n|-damage|p1a: Aurora|77\/100 tox|[from] psn\n|-damage|p2a: Sableye|0 fnt|[from] psn\n|faint|p2a: Sableye\n|-sideend|p1: BlizzardWolf619|Reflect\n|upkeep\n|inactive|ForgotMyLoginlol has 60 seconds left.\n|\n|t:|1699240204\n|switch|p2a: Tyranitar|Tyranitar, F|22\/100\n|-weather|Sandstorm|[from] ability: Sand Stream|[of] p2a: Tyranitar\n|turn|9\n|\n|t:|1699240218\n|move|p1a: Aurora|Freeze-Dry|p2b: Toxapex\n|-supereffective|p2b: Toxapex\n|-damage|p2b: Toxapex|56\/100\n|move|p1b: Nice-N-Toasty|Volt Switch|p2a: Tyranitar\n|-damage|p2a: Tyranitar|3\/100\n|\n|t:|1699240230\n|switch|p1b: The Grim|Grimmsnarl, M, shiny|88\/100|[from] Volt Switch\n|move|p2a: Tyranitar|Rock Slide|p1a: Aurora|[spread] p1b\n|-miss|p2a: Tyranitar|p1a: Aurora\n|-damage|p1b: The Grim|59\/100\n|move|p2b: Toxapex|Toxic|p1b: The Grim\n|-status|p1b: The Grim|tox\n|\n|-weather|Sandstorm|[upkeep]\n|-damage|p1b: The Grim|53\/100 tox|[from] Sandstorm\n|-damage|p2b: Toxapex|50\/100|[from] Sandstorm\n|-heal|p2a: Tyranitar|9\/100|[from] item: Leftovers\n|-damage|p1a: Aurora|65\/100 tox|[from] psn\n|-damage|p1b: The Grim|47\/100 tox|[from] psn\n|upkeep\n|turn|10\n|inactive|BlizzardWolf619 has 120 seconds left.\n|inactive|ForgotMyLoginlol has 90 seconds left.\n|\n|t:|1699240255\n|move|p1b: The Grim|Reflect|p1b: The Grim\n|-sidestart|p1: BlizzardWolf619|Reflect\n|move|p1a: Aurora|Tera Blast|p2b: Toxapex|[anim] Tera Blast Ground\n|-supereffective|p2b: Toxapex\n|-damage|p2b: Toxapex|0 fnt\n|faint|p2b: Toxapex\n|move|p2a: Tyranitar|Rock Slide|p1b: The Grim|[spread] p1a,p1b\n|-resisted|p1a: Aurora\n|-damage|p1a: Aurora|48\/100 tox\n|-damage|p1b: The Grim|19\/100 tox\n|\n|-weather|Sandstorm|[upkeep]\n|-damage|p1b: The Grim|13\/100 tox|[from] Sandstorm\n|-heal|p2a: Tyranitar|15\/100|[from] item: Leftovers\n|-damage|p1a: Aurora|30\/100 tox|[from] psn\n|-damage|p1b: The Grim|1\/100 tox|[from] psn\n|-sideend|p1: BlizzardWolf619|move: Light Screen\n|upkeep\n|\n|t:|1699240272\n|switch|p2b: Regieleki|Regieleki|100\/100\n|-item|p2b: Regieleki|Air Balloon\n|turn|11\n|inactive|ForgotMyLoginlol has 90 seconds left.\n|inactive|BlizzardWolf619 has 120 seconds left.\n|\n|t:|1699240300\n|move|p2a: Tyranitar|Protect|p2a: Tyranitar\n|-singleturn|p2a: Tyranitar|Protect\n|move|p1b: The Grim|Parting Shot|p2b: Regieleki\n|-unboost|p2b: Regieleki|atk|1\n|-unboost|p2b: Regieleki|spa|1\n|\n|t:|1699240310\n|switch|p1b: Nice-N-Toasty|Rotom-Heat, shiny|99\/100|[from] Parting Shot\n|move|p2b: Regieleki|Substitute|p2b: Regieleki\n|-start|p2b: Regieleki|Substitute\n|-damage|p2b: Regieleki|76\/100\n|move|p1a: Aurora|Moonblast|p2a: Tyranitar\n|-activate|p2a: Tyranitar|move: Protect\n|\n|-weather|Sandstorm|[upkeep]\n|-damage|p2b: Regieleki|70\/100|[from] Sandstorm\n|-damage|p1b: Nice-N-Toasty|94\/100|[from] Sandstorm\n|-heal|p1b: Nice-N-Toasty|99\/100|[from] item: Leftovers\n|-heal|p2a: Tyranitar|21\/100|[from] item: Leftovers\n|-damage|p1a: Aurora|6\/100 tox|[from] psn\n|upkeep\n|turn|12\n|inactive|BlizzardWolf619 has 120 seconds left.\n|inactive|ForgotMyLoginlol has 90 seconds left.\n|\n|t:|1699240341\n|move|p2b: Regieleki|Thunderbolt|p1b: Nice-N-Toasty\n|-resisted|p1b: Nice-N-Toasty\n|-damage|p1b: Nice-N-Toasty|86\/100\n|move|p1a: Aurora|Moonblast|p2b: Regieleki\n|-end|p2b: Regieleki|Substitute\n|-enditem|p2b: Regieleki|Air Balloon\n|move|p1b: Nice-N-Toasty|Overheat|p2b: Regieleki\n|-damage|p2b: Regieleki|0 fnt\n|-unboost|p1b: Nice-N-Toasty|spa|2\n|faint|p2b: Regieleki\n|move|p2a: Tyranitar|Knock Off|p1b: Nice-N-Toasty\n|-damage|p1b: Nice-N-Toasty|30\/100\n|-enditem|p1b: Nice-N-Toasty|Leftovers|[from] move: Knock Off|[of] p2a: Tyranitar\n|\n|-weather|Sandstorm|[upkeep]\n|-damage|p1b: Nice-N-Toasty|24\/100|[from] Sandstorm\n|-heal|p2a: Tyranitar|27\/100|[from] item: Leftovers\n|-damage|p1a: Aurora|0 fnt|[from] psn\n|faint|p1a: Aurora\n|-sideend|p1: BlizzardWolf619|move: Aurora Veil\n|upkeep\n|inactive|BlizzardWolf619 has 120 seconds left.\n|\n|t:|1699240365\n|switch|p2b: Dragapult|Dragapult, M|100\/100\n|switch|p1a: The Grim|Grimmsnarl, M, shiny|1\/100 tox\n|turn|13\n|inactive|ForgotMyLoginlol has 120 seconds left.\n|\n|t:|1699240383\n|move|p1a: The Grim|Light Screen|p1a: The Grim\n|-sidestart|p1: BlizzardWolf619|move: Light Screen\n|move|p2b: Dragapult|Dragon Darts|p1b: Nice-N-Toasty\n|-damage|p1b: Nice-N-Toasty|0 fnt\n|faint|p1b: Nice-N-Toasty\n|-damage|p2b: Dragapult|91\/100|[from] item: Life Orb\n|move|p2a: Tyranitar|Knock Off|p1a: The Grim\n|-resisted|p1a: The Grim\n|-damage|p1a: The Grim|0 fnt\n|-enditem|p1a: The Grim|Light Clay|[from] move: Knock Off|[of] p2a: Tyranitar\n|faint|p1a: The Grim\n|\n|-weather|none\n|-heal|p2a: Tyranitar|34\/100|[from] item: Leftovers\n|upkeep\n|inactive|BlizzardWolf619 has 120 seconds left.\n|\n|t:|1699240413\n|switch|p1b: Master Croc|Skeledirge, M, shiny|100\/100\n|switch|p1a: Stop right there.|Toxapex, F, shiny|100\/100\n|turn|14\n|\n|t:|1699240428\n|move|p2b: Dragapult|Phantom Force||[still]\n|-prepare|p2b: Dragapult|Phantom Force\n|move|p1b: Master Croc|Will-O-Wisp|p2b: Dragapult|[miss]\n|-miss|p1b: Master Croc|p2b: Dragapult\n|move|p2a: Tyranitar|Earthquake|p1a: Stop right there.|[spread] p1a,p1b\n|-miss|p2a: Tyranitar|p2b: Dragapult\n|-supereffective|p1a: Stop right there.\n|-crit|p1a: Stop right there.\n|-supereffective|p1b: Master Croc\n|-damage|p1a: Stop right there.|34\/100\n|-damage|p1b: Master Croc|65\/100\n|move|p1a: Stop right there.|Toxic|p2a: Tyranitar\n|-status|p2a: Tyranitar|tox\n|\n|-heal|p1b: Master Croc|71\/100|[from] item: Leftovers\n|-heal|p2a: Tyranitar|40\/100 tox|[from] item: Leftovers\n|-heal|p1a: Stop right there.|40\/100|[from] item: Black Sludge\n|-damage|p2a: Tyranitar|34\/100 tox|[from] psn\n|upkeep\n|turn|15\n|\n|t:|1699240453\n|switch|p1b: Petals|Meowscarada, F, shiny|5\/100\n|move|p2b: Dragapult|Phantom Force|p1b: Petals|[from]lockedmove\n|-resisted|p1b: Petals\n|-damage|p1b: Petals|0 fnt\n|faint|p1b: Petals\n|-damage|p2b: Dragapult|81\/100|[from] item: Life Orb\n|move|p2a: Tyranitar|Rock Slide|p1a: Stop right there.\n|-damage|p1a: Stop right there.|18\/100\n|move|p1a: Stop right there.|Recover|p1a: Stop right there.\n|-heal|p1a: Stop right there.|68\/100\n|\n|-heal|p2a: Tyranitar|40\/100 tox|[from] item: Leftovers\n|-heal|p1a: Stop right there.|74\/100|[from] item: Black Sludge\n|-damage|p2a: Tyranitar|27\/100 tox|[from] psn\n|upkeep\n|inactive|BlizzardWolf619 has 120 seconds left.\n|\n|t:|1699240472\n|switch|p1b: Master Croc|Skeledirge, M, shiny|71\/100\n|turn|16\n|\n|t:|1699240486\n|move|p2b: Dragapult|Phantom Force||[still]\n|-prepare|p2b: Dragapult|Phantom Force\n|move|p1b: Master Croc|Torch Song|p2a: Tyranitar\n|-resisted|p2a: Tyranitar\n|-damage|p2a: Tyranitar|11\/100 tox\n|-boost|p1b: Master Croc|spa|1\n|move|p2a: Tyranitar|Earthquake|p1a: Stop right there.|[spread] p1a,p1b\n|-miss|p2a: Tyranitar|p2b: Dragapult\n|-supereffective|p1a: Stop right there.\n|-supereffective|p1b: Master Croc\n|-damage|p1a: Stop right there.|41\/100\n|-damage|p1b: Master Croc|38\/100\n|move|p1a: Stop right there.|Recover|p1a: Stop right there.\n|-heal|p1a: Stop right there.|92\/100\n|\n|-heal|p1b: Master Croc|44\/100|[from] item: Leftovers\n|-heal|p2a: Tyranitar|17\/100 tox|[from] item: Leftovers\n|-heal|p1a: Stop right there.|98\/100|[from] item: Black Sludge\n|-damage|p2a: Tyranitar|0 fnt|[from] psn\n|faint|p2a: Tyranitar\n|upkeep\n|\n|t:|1699240507\n|switch|p2a: Heatran|Heatran, M|31\/100\n|turn|17\n|\n|t:|1699240532\n|move|p2b: Dragapult|Phantom Force|p1b: Master Croc|[from]lockedmove\n|-supereffective|p1b: Master Croc\n|-damage|p1b: Master Croc|0 fnt\n|faint|p1b: Master Croc\n|-damage|p2b: Dragapult|71\/100|[from] item: Life Orb\n|move|p2a: Heatran|Flash Cannon|p1a: Stop right there.\n|-resisted|p1a: Stop right there.\n|-damage|p1a: Stop right there.|88\/100\n|move|p1a: Stop right there.|Toxic|p2b: Dragapult\n|-status|p2b: Dragapult|tox\n|\n|-heal|p1a: Stop right there.|94\/100|[from] item: Black Sludge\n|-damage|p2b: Dragapult|65\/100 tox|[from] psn\n|-sideend|p1: BlizzardWolf619|Reflect\n|upkeep\n|turn|18\n|\n|t:|1699240560\n|move|p1a: Stop right there.|Baneful Bunker|p1a: Stop right there.\n|-singleturn|p1a: Stop right there.|move: Protect\n|move|p2b: Dragapult|Dragon Dance|p2b: Dragapult\n|-boost|p2b: Dragapult|atk|1\n|-boost|p2b: Dragapult|spe|1\n|move|p2a: Heatran|Magma Storm|p1a: Stop right there.\n|-activate|p1a: Stop right there.|move: Protect\n|\n|-heal|p1a: Stop right there.|99\/100|[from] item: Black Sludge\n|-damage|p2b: Dragapult|53\/100 tox|[from] psn\n|upkeep\n|turn|19\n|\n|t:|1699240577\n|move|p2b: Dragapult|Thunder Wave|p1a: Stop right there.\n|-status|p1a: Stop right there.|par\n|move|p2a: Heatran|Magma Storm|p1a: Stop right there.|[miss]\n|-miss|p2a: Heatran|p1a: Stop right there.\n|move|p1a: Stop right there.|Haze|p1a: Stop right there.\n|-clearallboost\n|\n|-heal|p1a: Stop right there.|100\/100 par|[from] item: Black Sludge\n|-damage|p2b: Dragapult|35\/100 tox|[from] psn\n|upkeep\n|turn|20\n|\n|t:|1699240595\n|move|p2b: Dragapult|Dragon Darts|p1a: Stop right there.\n|-damage|p1a: Stop right there.|72\/100 par\n|-anim|p2b: Dragapult|Dragon Darts|p1a: Stop right there.\n|-damage|p1a: Stop right there.|43\/100 par\n|-damage|p2b: Dragapult|25\/100 tox|[from] item: Life Orb\n|move|p2a: Heatran|Magma Storm|p1a: Stop right there.|[miss]\n|-miss|p2a: Heatran|p1a: Stop right there.\n|move|p1a: Stop right there.|Haze|p1a: Stop right there.\n|-clearallboost\n|\n|-heal|p1a: Stop right there.|49\/100 par|[from] item: Black Sludge\n|-damage|p2b: Dragapult|1\/100 tox|[from] psn\n|-sideend|p1: BlizzardWolf619|move: Light Screen\n|upkeep\n|turn|21\n|\n|t:|1699240618\n|move|p1a: Stop right there.|Baneful Bunker|p1a: Stop right there.\n|-singleturn|p1a: Stop right there.|move: Protect\n|move|p2b: Dragapult|Dragon Darts|p1a: Stop right there.\n|-activate|p1a: Stop right there.|move: Protect\n|move|p2a: Heatran|Magma Storm|p1a: Stop right there.\n|-activate|p1a: Stop right there.|move: Protect\n|\n|-heal|p1a: Stop right there.|55\/100 par|[from] item: Black Sludge\n|-damage|p2b: Dragapult|0 fnt|[from] psn\n|faint|p2b: Dragapult\n|upkeep\n|turn|22\n|\n|t:|1699240635\n|move|p2a: Heatran|Magma Storm|p1a: Stop right there.|[miss]\n|-miss|p2a: Heatran|p1a: Stop right there.\n|move|p1a: Stop right there.|Recover|p1a: Stop right there.\n|-heal|p1a: Stop right there.|100\/100 par\n|\n|upkeep\n|turn|23\n|\n|t:|1699240645\n|move|p2a: Heatran|Magma Storm|p1a: Stop right there.\n|-resisted|p1a: Stop right there.\n|-damage|p1a: Stop right there.|83\/100 par\n|-activate|p1a: Stop right there.|move: Magma Storm|[of] p2a: Heatran\n|cant|p1a: Stop right there.|par\n|\n|-heal|p1a: Stop right there.|89\/100 par|[from] item: Black Sludge\n|-damage|p1a: Stop right there.|76\/100 par|[from] move: Magma Storm|[partiallytrapped]\n|upkeep\n|turn|24\n|\n|t:|1699240656\n|move|p2a: Heatran|Flash Cannon|p1a: Stop right there.\n|-resisted|p1a: Stop right there.\n|-damage|p1a: Stop right there.|61\/100 par\n|cant|p1a: Stop right there.|par\n|\n|-heal|p1a: Stop right there.|67\/100 par|[from] item: Black Sludge\n|-damage|p1a: Stop right there.|55\/100 par|[from] move: Magma Storm|[partiallytrapped]\n|upkeep\n|turn|25\n|\n|t:|1699240676\n|move|p2a: Heatran|Flash Cannon|p1a: Stop right there.\n|-resisted|p1a: Stop right there.\n|-damage|p1a: Stop right there.|39\/100 par\n|move|p1a: Stop right there.|Recover|p1a: Stop right there.\n|-heal|p1a: Stop right there.|90\/100 par\n|\n|-heal|p1a: Stop right there.|96\/100 par|[from] item: Black Sludge\n|-damage|p1a: Stop right there.|83\/100 par|[from] move: Magma Storm|[partiallytrapped]\n|upkeep\n|turn|26\n|\n|t:|1699240701\n|move|p2a: Heatran|Flamethrower|p1a: Stop right there.\n|-resisted|p1a: Stop right there.\n|-damage|p1a: Stop right there.|66\/100 par\n|move|p1a: Stop right there.|Toxic|p2a: Heatran\n|-immune|p2a: Heatran\n|\n|-heal|p1a: Stop right there.|72\/100 par|[from] item: Black Sludge\n|-damage|p1a: Stop right there.|60\/100 par|[from] move: Magma Storm|[partiallytrapped]\n|upkeep\n|turn|27\n|\n|t:|1699240713\n|move|p1a: Stop right there.|Baneful Bunker|p1a: Stop right there.\n|-singleturn|p1a: Stop right there.|move: Protect\n|move|p2a: Heatran|Flamethrower|p1a: Stop right there.\n|-activate|p1a: Stop right there.|move: Protect\n|\n|-heal|p1a: Stop right there.|66\/100 par|[from] item: Black Sludge\n|-end|p1a: Stop right there.|Magma Storm|[partiallytrapped]\n|upkeep\n|turn|28\n|\n|t:|1699240727\n|move|p2a: Heatran|Flamethrower|p1a: Stop right there.\n|-resisted|p1a: Stop right there.\n|-damage|p1a: Stop right there.|50\/100 par\n|move|p1a: Stop right there.|Recover|p1a: Stop right there.\n|-heal|p1a: Stop right there.|99\/100 par\n|\n|-heal|p1a: Stop right there.|100\/100 par|[from] item: Black Sludge\n|upkeep\n|turn|29\n|\n|t:|1699240735\n|move|p1a: Stop right there.|Baneful Bunker|p1a: Stop right there.\n|-singleturn|p1a: Stop right there.|move: Protect\n|move|p2a: Heatran|Flamethrower|p1a: Stop right there.\n|-activate|p1a: Stop right there.|move: Protect\n|\n|upkeep\n|turn|30\n|\n|t:|1699240743\n|move|p2a: Heatran|Flamethrower|p1a: Stop right there.\n|-resisted|p1a: Stop right there.\n|-damage|p1a: Stop right there.|85\/100 par\n|cant|p1a: Stop right there.|par\n|\n|-heal|p1a: Stop right there.|91\/100 par|[from] item: Black Sludge\n|upkeep\n|turn|31\n|\n|t:|1699240747\n|move|p2a: Heatran|Iron Defense|p2a: Heatran\n|-boost|p2a: Heatran|def|2\n|move|p1a: Stop right there.|Haze|p1a: Stop right there.\n|-clearallboost\n|\n|-heal|p1a: Stop right there.|97\/100 par|[from] item: Black Sludge\n|upkeep\n|turn|32\n|\n|t:|1699240752\n|move|p2a: Heatran|Iron Defense|p2a: Heatran\n|-boost|p2a: Heatran|def|2\n|move|p1a: Stop right there.|Toxic|p2a: Heatran\n|-immune|p2a: Heatran\n|\n|-heal|p1a: Stop right there.|100\/100 par|[from] item: Black Sludge\n|upkeep\n|turn|33\n|\n|t:|1699240755\n|move|p2a: Heatran|Iron Defense|p2a: Heatran\n|-boost|p2a: Heatran|def|2\n|move|p1a: Stop right there.|Haze|p1a: Stop right there.\n|-clearallboost\n|\n|upkeep\n|turn|34\n|\n|t:|1699240762\n|move|p2a: Heatran|Flamethrower|p1a: Stop right there.\n|-resisted|p1a: Stop right there.\n|-damage|p1a: Stop right there.|86\/100 par\n|move|p1a: Stop right there.|Toxic|p2a: Heatran\n|-immune|p2a: Heatran\n|\n|-heal|p1a: Stop right there.|92\/100 par|[from] item: Black Sludge\n|upkeep\n|turn|35\n|\n|t:|1699240767\n|move|p2a: Heatran|Iron Defense|p2a: Heatran\n|-boost|p2a: Heatran|def|2\n|move|p1a: Stop right there.|Toxic|p2a: Heatran\n|-immune|p2a: Heatran\n|\n|-heal|p1a: Stop right there.|98\/100 par|[from] item: Black Sludge\n|upkeep\n|turn|36\n|\n|t:|1699240770\n|move|p2a: Heatran|Iron Defense|p2a: Heatran\n|-boost|p2a: Heatran|def|2\n|move|p1a: Stop right there.|Haze|p1a: Stop right there.\n|-clearallboost\n|\n|-heal|p1a: Stop right there.|100\/100 par|[from] item: Black Sludge\n|upkeep\n|turn|37\n|\n|t:|1699240779\n|move|p2a: Heatran|Iron Defense|p2a: Heatran\n|-boost|p2a: Heatran|def|2\n|move|p1a: Stop right there.|Toxic|p2a: Heatran\n|-immune|p2a: Heatran\n|\n|upkeep\n|turn|38\n|\n|t:|1699240783\n|move|p2a: Heatran|Iron Defense|p2a: Heatran\n|-boost|p2a: Heatran|def|2\n|move|p1a: Stop right there.|Haze|p1a: Stop right there.\n|-clearallboost\n|\n|upkeep\n|turn|39\n|\n|t:|1699240788\n|move|p2a: Heatran|Iron Defense|p2a: Heatran\n|-boost|p2a: Heatran|def|2\n|move|p1a: Stop right there.|Toxic|p2a: Heatran\n|-immune|p2a: Heatran\n|\n|upkeep\n|turn|40\n|l|\u2606ForgotMyLoginlol\n|inactive|ForgotMyLoginlol disconnected and has a minute to reconnect!\n|player|p2|\n|j|\u2606ForgotMyLoginlol\n|inactive|ForgotMyLoginlol reconnected and has 125 seconds left.\n|player|p2|ForgotMyLoginlol|169\n|inactive|ForgotMyLoginlol has 120 seconds left.\n|\n|t:|1699240819\n|move|p2a: Heatran|Iron Defense|p2a: Heatran\n|-boost|p2a: Heatran|def|2\n|move|p1a: Stop right there.|Haze|p1a: Stop right there.\n|-clearallboost\n|\n|upkeep\n|turn|41\n|\n|t:|1699240826\n|move|p2a: Heatran|Iron Defense|p2a: Heatran\n|-boost|p2a: Heatran|def|2\n|move|p1a: Stop right there.|Haze|p1a: Stop right there.\n|-clearallboost\n|\n|upkeep\n|turn|42\n|\n|t:|1699240833\n|move|p2a: Heatran|Iron Defense|p2a: Heatran\n|-boost|p2a: Heatran|def|2\n|move|p1a: Stop right there.|Haze|p1a: Stop right there.\n|-clearallboost\n|\n|upkeep\n|turn|43\n|\n|t:|1699240837\n|move|p2a: Heatran|Iron Defense|p2a: Heatran\n|-boost|p2a: Heatran|def|2\n|move|p1a: Stop right there.|Haze|p1a: Stop right there.\n|-clearallboost\n|\n|upkeep\n|turn|44\n|\n|t:|1699240841\n|move|p2a: Heatran|Iron Defense|p2a: Heatran\n|-boost|p2a: Heatran|def|2\n|move|p1a: Stop right there.|Haze|p1a: Stop right there.\n|-clearallboost\n|\n|upkeep\n|turn|45\n|\n|t:|1699240852\n|move|p2a: Heatran|Iron Defense|p2a: Heatran\n|-boost|p2a: Heatran|def|2\n|move|p1a: Stop right there.|Haze|p1a: Stop right there.\n|-clearallboost\n|\n|upkeep\n|turn|46\n|\n|t:|1699240862\n|move|p2a: Heatran|Iron Defense|p2a: Heatran\n|-boost|p2a: Heatran|def|2\n|move|p1a: Stop right there.|Haze|p1a: Stop right there.\n|-clearallboost\n|\n|upkeep\n|turn|47\n|\n|t:|1699240865\n|move|p2a: Heatran|Iron Defense|p2a: Heatran\n|-boost|p2a: Heatran|def|2\n|move|p1a: Stop right there.|Haze|p1a: Stop right there.\n|-clearallboost\n|\n|upkeep\n|turn|48\n|\n|t:|1699240867\n|move|p2a: Heatran|Iron Defense|p2a: Heatran\n|-boost|p2a: Heatran|def|2\n|move|p1a: Stop right there.|Haze|p1a: Stop right there.\n|-clearallboost\n|\n|upkeep\n|turn|49\n|\n|t:|1699240870\n|move|p2a: Heatran|Flash Cannon|p1a: Stop right there.\n|-resisted|p1a: Stop right there.\n|-damage|p1a: Stop right there.|87\/100 par\n|cant|p1a: Stop right there.|par\n|\n|-heal|p1a: Stop right there.|93\/100 par|[from] item: Black Sludge\n|upkeep\n|turn|50\n|\n|t:|1699240878\n|move|p2a: Heatran|Flash Cannon|p1a: Stop right there.\n|-resisted|p1a: Stop right there.\n|-damage|p1a: Stop right there.|77\/100 par\n|cant|p1a: Stop right there.|par\n|\n|-heal|p1a: Stop right there.|83\/100 par|[from] item: Black Sludge\n|upkeep\n|turn|51\n|\n|t:|1699240891\n|move|p1a: Stop right there.|Baneful Bunker|p1a: Stop right there.\n|-singleturn|p1a: Stop right there.|move: Protect\n|move|p2a: Heatran|Flash Cannon|p1a: Stop right there.\n|-activate|p1a: Stop right there.|move: Protect\n|\n|-heal|p1a: Stop right there.|89\/100 par|[from] item: Black Sludge\n|upkeep\n|turn|52\n|\n|t:|1699240903\n|move|p1a: Stop right there.|Baneful Bunker||[still]\n|-fail|p1a: Stop right there.\n|move|p2a: Heatran|Flash Cannon|p1a: Stop right there.\n|-resisted|p1a: Stop right there.\n|-damage|p1a: Stop right there.|73\/100 par\n|\n|-heal|p1a: Stop right there.|79\/100 par|[from] item: Black Sludge\n|upkeep\n|turn|53\n|\n|t:|1699240910\n|move|p2a: Heatran|Iron Defense|p2a: Heatran\n|-boost|p2a: Heatran|def|2\n|move|p1a: Stop right there.|Haze|p1a: Stop right there.\n|-clearallboost\n|\n|-heal|p1a: Stop right there.|85\/100 par|[from] item: Black Sludge\n|upkeep\n|turn|54\n|\n|t:|1699240923\n|move|p2a: Heatran|Iron Defense|p2a: Heatran\n|-boost|p2a: Heatran|def|2\n|move|p1a: Stop right there.|Haze|p1a: Stop right there.\n|-clearallboost\n|\n|-heal|p1a: Stop right there.|91\/100 par|[from] item: Black Sludge\n|upkeep\n|turn|55\n|\n|t:|1699240932\n|move|p2a: Heatran|Iron Defense|p2a: Heatran\n|-boost|p2a: Heatran|def|2\n|move|p1a: Stop right there.|Haze|p1a: Stop right there.\n|-clearallboost\n|\n|-heal|p1a: Stop right there.|97\/100 par|[from] item: Black Sludge\n|upkeep\n|turn|56\n|\n|t:|1699240937\n|move|p2a: Heatran|Iron Defense|p2a: Heatran\n|-boost|p2a: Heatran|def|2\n|move|p1a: Stop right there.|Haze|p1a: Stop right there.\n|-clearallboost\n|\n|-heal|p1a: Stop right there.|100\/100 par|[from] item: Black Sludge\n|upkeep\n|turn|57\n|\n|t:|1699240940\n|move|p2a: Heatran|Iron Defense|p2a: Heatran\n|-boost|p2a: Heatran|def|2\n|cant|p1a: Stop right there.|par\n|\n|upkeep\n|turn|58\n|\n|t:|1699240948\n|move|p2a: Heatran|Flash Cannon|p1a: Stop right there.\n|-resisted|p1a: Stop right there.\n|-damage|p1a: Stop right there.|86\/100 par\n|-unboost|p1a: Stop right there.|spd|1\n|move|p1a: Stop right there.|Toxic|p2a: Heatran\n|-immune|p2a: Heatran\n|\n|-heal|p1a: Stop right there.|92\/100 par|[from] item: Black Sludge\n|upkeep\n|turn|59\n|\n|t:|1699240958\n|move|p2a: Heatran|Flash Cannon|p1a: Stop right there.\n|-resisted|p1a: Stop right there.\n|-damage|p1a: Stop right there.|70\/100 par\n|move|p1a: Stop right there.|Haze|p1a: Stop right there.\n|-clearallboost\n|\n|-heal|p1a: Stop right there.|76\/100 par|[from] item: Black Sludge\n|upkeep\n|turn|60\n|\n|t:|1699240965\n|move|p2a: Heatran|Flash Cannon|p1a: Stop right there.\n|-resisted|p1a: Stop right there.\n|-damage|p1a: Stop right there.|61\/100 par\n|move|p1a: Stop right there.|Haze|p1a: Stop right there.\n|-clearallboost\n|\n|-heal|p1a: Stop right there.|67\/100 par|[from] item: Black Sludge\n|upkeep\n|turn|61\n|\n|t:|1699240973\n|move|p2a: Heatran|Flamethrower|p1a: Stop right there.\n|-resisted|p1a: Stop right there.\n|-damage|p1a: Stop right there.|51\/100 par\n|move|p1a: Stop right there.|Haze|p1a: Stop right there.\n|-clearallboost\n|\n|-heal|p1a: Stop right there.|57\/100 par|[from] item: Black Sludge\n|upkeep\n|turn|62\n|\n|t:|1699240979\n|move|p2a: Heatran|Flamethrower|p1a: Stop right there.\n|-resisted|p1a: Stop right there.\n|-damage|p1a: Stop right there.|42\/100 par\n|move|p1a: Stop right there.|Haze|p1a: Stop right there.\n|-clearallboost\n|\n|-heal|p1a: Stop right there.|48\/100 par|[from] item: Black Sludge\n|upkeep\n|turn|63\n|\n|t:|1699240986\n|move|p2a: Heatran|Flamethrower|p1a: Stop right there.\n|-resisted|p1a: Stop right there.\n|-damage|p1a: Stop right there.|32\/100 par\n|move|p1a: Stop right there.|Recover|p1a: Stop right there.\n|-heal|p1a: Stop right there.|82\/100 par\n|\n|-heal|p1a: Stop right there.|88\/100 par|[from] item: Black Sludge\n|upkeep\n|turn|64\n|\n|t:|1699240991\n|move|p2a: Heatran|Flamethrower|p1a: Stop right there.\n|-resisted|p1a: Stop right there.\n|-damage|p1a: Stop right there.|73\/100 par\n|cant|p1a: Stop right there.|par\n|\n|-heal|p1a: Stop right there.|79\/100 par|[from] item: Black Sludge\n|upkeep\n|turn|65\n|\n|t:|1699241001\n|move|p2a: Heatran|Flamethrower|p1a: Stop right there.\n|-resisted|p1a: Stop right there.\n|-damage|p1a: Stop right there.|63\/100 par\n|move|p1a: Stop right there.|Haze|p1a: Stop right there.\n|-clearallboost\n|\n|-heal|p1a: Stop right there.|69\/100 par|[from] item: Black Sludge\n|upkeep\n|turn|66\n|\n|t:|1699241005\n|move|p2a: Heatran|Flamethrower|p1a: Stop right there.\n|-resisted|p1a: Stop right there.\n|-damage|p1a: Stop right there.|53\/100 par\n|move|p1a: Stop right there.|Haze|p1a: Stop right there.\n|-clearallboost\n|\n|-heal|p1a: Stop right there.|59\/100 par|[from] item: Black Sludge\n|upkeep\n|turn|67\n|\n|t:|1699241009\n|cant|p1a: Stop right there.|par\n|move|p2a: Heatran|Flamethrower|p1a: Stop right there.\n|-resisted|p1a: Stop right there.\n|-damage|p1a: Stop right there.|42\/100 par\n|\n|-heal|p1a: Stop right there.|48\/100 par|[from] item: Black Sludge\n|upkeep\n|turn|68\n|\n|t:|1699241013\n|move|p1a: Stop right there.|Baneful Bunker|p1a: Stop right there.\n|-singleturn|p1a: Stop right there.|move: Protect\n|move|p2a: Heatran|Flamethrower|p1a: Stop right there.\n|-activate|p1a: Stop right there.|move: Protect\n|\n|-heal|p1a: Stop right there.|54\/100 par|[from] item: Black Sludge\n|upkeep\n|turn|69\n|\n|t:|1699241019\n|move|p2a: Heatran|Flamethrower|p1a: Stop right there.\n|-resisted|p1a: Stop right there.\n|-damage|p1a: Stop right there.|39\/100 par\n|move|p1a: Stop right there.|Recover|p1a: Stop right there.\n|-heal|p1a: Stop right there.|90\/100 par\n|\n|-heal|p1a: Stop right there.|96\/100 par|[from] item: Black Sludge\n|upkeep\n|turn|70\n|\n|t:|1699241023\n|cant|p1a: Stop right there.|par\n|move|p2a: Heatran|Flamethrower|p1a: Stop right there.\n|-resisted|p1a: Stop right there.\n|-damage|p1a: Stop right there.|81\/100 par\n|\n|-heal|p1a: Stop right there.|87\/100 par|[from] item: Black Sludge\n|upkeep\n|turn|71\n|\n|t:|1699241032\n|move|p1a: Stop right there.|Baneful Bunker|p1a: Stop right there.\n|-singleturn|p1a: Stop right there.|move: Protect\n|move|p2a: Heatran|Flash Cannon|p1a: Stop right there.\n|-activate|p1a: Stop right there.|move: Protect\n|\n|-heal|p1a: Stop right there.|93\/100 par|[from] item: Black Sludge\n|upkeep\n|turn|72\n|\n|t:|1699241040\n|move|p2a: Heatran|Flamethrower|p1a: Stop right there.\n|-resisted|p1a: Stop right there.\n|-damage|p1a: Stop right there.|77\/100 par\n|move|p1a: Stop right there.|Haze|p1a: Stop right there.\n|-clearallboost\n|\n|-heal|p1a: Stop right there.|83\/100 par|[from] item: Black Sludge\n|upkeep\n|turn|73\n|\n|t:|1699241047\n|move|p2a: Heatran|Flamethrower|p1a: Stop right there.\n|-resisted|p1a: Stop right there.\n|-damage|p1a: Stop right there.|67\/100 par\n|move|p1a: Stop right there.|Haze|p1a: Stop right there.\n|-clearallboost\n|\n|-heal|p1a: Stop right there.|73\/100 par|[from] item: Black Sludge\n|upkeep\n|turn|74\n|\n|t:|1699241053\n|move|p2a: Heatran|Flamethrower|p1a: Stop right there.\n|-resisted|p1a: Stop right there.\n|-damage|p1a: Stop right there.|57\/100 par\n|move|p1a: Stop right there.|Haze|p1a: Stop right there.\n|-clearallboost\n|\n|-heal|p1a: Stop right there.|63\/100 par|[from] item: Black Sludge\n|upkeep\n|turn|75\n|\n|t:|1699241065\n|move|p2a: Heatran|Flamethrower|p1a: Stop right there.\n|-resisted|p1a: Stop right there.\n|-damage|p1a: Stop right there.|47\/100 par\n|move|p1a: Stop right there.|Haze|p1a: Stop right there.\n|-clearallboost\n|\n|-heal|p1a: Stop right there.|53\/100 par|[from] item: Black Sludge\n|upkeep\n|turn|76\n|\n|t:|1699241071\n|move|p1a: Stop right there.|Baneful Bunker|p1a: Stop right there.\n|-singleturn|p1a: Stop right there.|move: Protect\n|move|p2a: Heatran|Flamethrower|p1a: Stop right there.\n|-activate|p1a: Stop right there.|move: Protect\n|\n|-heal|p1a: Stop right there.|59\/100 par|[from] item: Black Sludge\n|upkeep\n|turn|77\n|\n|t:|1699241081\n|move|p2a: Heatran|Flash Cannon|p1a: Stop right there.\n|-resisted|p1a: Stop right there.\n|-damage|p1a: Stop right there.|44\/100 par\n|move|p1a: Stop right there.|Haze|p1a: Stop right there.\n|-clearallboost\n|\n|-heal|p1a: Stop right there.|50\/100 par|[from] item: Black Sludge\n|upkeep\n|turn|78\n|\n|t:|1699241085\n|move|p1a: Stop right there.|Baneful Bunker|p1a: Stop right there.\n|-singleturn|p1a: Stop right there.|move: Protect\n|move|p2a: Heatran|Flash Cannon|p1a: Stop right there.\n|-activate|p1a: Stop right there.|move: Protect\n|\n|-heal|p1a: Stop right there.|56\/100 par|[from] item: Black Sludge\n|upkeep\n|turn|79\n|\n|t:|1699241094\n|move|p2a: Heatran|Flamethrower|p1a: Stop right there.\n|-resisted|p1a: Stop right there.\n|-damage|p1a: Stop right there.|38\/100 par\n|move|p1a: Stop right there.|Recover|p1a: Stop right there.\n|-heal|p1a: Stop right there.|89\/100 par\n|\n|-heal|p1a: Stop right there.|95\/100 par|[from] item: Black Sludge\n|upkeep\n|turn|80\n|\n|t:|1699241108\n|move|p1a: Stop right there.|Baneful Bunker|p1a: Stop right there.\n|-singleturn|p1a: Stop right there.|move: Protect\n|move|p2a: Heatran|Flamethrower|p1a: Stop right there.\n|-activate|p1a: Stop right there.|move: Protect\n|\n|-heal|p1a: Stop right there.|100\/100 par|[from] item: Black Sludge\n|upkeep\n|turn|81\n|\n|t:|1699241113\n|move|p2a: Heatran|Flash Cannon|p1a: Stop right there.\n|-resisted|p1a: Stop right there.\n|-damage|p1a: Stop right there.|85\/100 par\n|move|p1a: Stop right there.|Haze|p1a: Stop right there.\n|-clearallboost\n|\n|-heal|p1a: Stop right there.|91\/100 par|[from] item: Black Sludge\n|upkeep\n|turn|82\n|\n|t:|1699241119\n|move|p2a: Heatran|Flamethrower|p1a: Stop right there.\n|-resisted|p1a: Stop right there.\n|-damage|p1a: Stop right there.|75\/100 par\n|move|p1a: Stop right there.|Haze|p1a: Stop right there.\n|-clearallboost\n|\n|-heal|p1a: Stop right there.|81\/100 par|[from] item: Black Sludge\n|upkeep\n|turn|83\n|\n|t:|1699241126\n|move|p2a: Heatran|Flash Cannon|p1a: Stop right there.\n|-resisted|p1a: Stop right there.\n|-damage|p1a: Stop right there.|67\/100 par\n|move|p1a: Stop right there.|Haze|p1a: Stop right there.\n|-clearallboost\n|\n|-heal|p1a: Stop right there.|72\/100 par|[from] item: Black Sludge\n|upkeep\n|turn|84\n|\n|t:|1699241132\n|move|p1a: Stop right there.|Baneful Bunker|p1a: Stop right there.\n|-singleturn|p1a: Stop right there.|move: Protect\n|move|p2a: Heatran|Magma Storm|p1a: Stop right there.\n|-activate|p1a: Stop right there.|move: Protect\n|\n|-heal|p1a: Stop right there.|78\/100 par|[from] item: Black Sludge\n|upkeep\n|turn|85\n|\n|t:|1699241142\n|-activate|p2a: Heatran|move: Struggle\n|move|p2a: Heatran|Struggle|p1a: Stop right there.\n|-damage|p1a: Stop right there.|71\/100 par\n|-damage|p2a: Heatran|6\/100|[from] recoil\n|move|p1a: Stop right there.|Haze|p1a: Stop right there.\n|-clearallboost\n|\n|-heal|p1a: Stop right there.|77\/100 par|[from] item: Black Sludge\n|upkeep\n|turn|86\n|c|\u2606BlizzardWolf619|Gg\n|inactive|ForgotMyLoginlol has 120 seconds left.\n|-message|ForgotMyLoginlol forfeited.\n|\n|win|BlizzardWolf619\n|raw|BlizzardWolf619's rating: 1119 &rarr; <strong>1139<\/strong><br \/>(+20 for winning)\n|raw|ForgotMyLoginlol's rating: 1042 &rarr; <strong>1029<\/strong><br \/>(-13 for losing)\n|l|\u2606ForgotMyLoginlol\n","uploadtime":1699241207,"views":21,"p1id":"blizzardwolf619","p2id":"forgotmyloginlol","formatid":"gen9doublesou","rating":1029,"private":0,"password":""}