{"id":"gen9doublesou-1989391104","p1":"pcussylicker","p2":"emboar2235","format":"[Gen 9] Doubles OU","log":"|j|\u2606pcussylicker\n|j|\u2606emboar2235\n|t:|1699844277\n|gametype|doubles\n|player|p1|pcussylicker|pokemaniac|1059\n|player|p2|emboar2235|wattson|1048\n|teamsize|p1|6\n|teamsize|p2|6\n|gen|9\n|tier|[Gen 9] Doubles OU\n|rated|\n|rule|Species Clause: Limit one of each Pok\u00e9mon\n|rule|OHKO Clause: OHKO moves are banned\n|rule|Evasion Moves Clause: Evasion moves are banned\n|rule|Gravity Sleep Clause: The combination of sleep-inducing moves with imperfect accuracy and Gravity or Gigantamax Orbeetle are banned\n|rule|Endless Battle Clause: Forcing endless battles is banned\n|rule|HP Percentage Mod: HP is shown in percentages\n|clearpoke\n|poke|p1|Dunsparce, M|\n|poke|p1|Farigiraf, M|\n|poke|p1|Clefairy, F|\n|poke|p1|Ambipom, M|\n|poke|p1|Talonflame, F|\n|poke|p1|Snorlax, F|\n|poke|p2|Tyranitar, F|\n|poke|p2|Houndstone, F|\n|poke|p2|Rotom-Wash|\n|poke|p2|Arcanine, M|\n|poke|p2|Abomasnow, M|\n|poke|p2|Scizor, F|\n|teampreview\n|\n|t:|1699844287\n|start\n|switch|p1a: Farigiraf|Farigiraf, M|100\/100\n|switch|p1b: Dunsparce|Dunsparce, M, shiny|100\/100\n|switch|p2a: mantises|Scizor, F, shiny|100\/100\n|switch|p2b: based on pulseman|Rotom-Wash, shiny|100\/100\n|turn|1\n|\n|t:|1699844294\n|move|p2b: based on pulseman|Trick|p1a: Farigiraf\n|-activate|p2b: based on pulseman|move: Trick|[of] p1a: Farigiraf\n|-item|p1a: Farigiraf|Choice Scarf|[from] move: Trick\n|-item|p2b: based on pulseman|Sitrus Berry|[from] move: Trick\n|move|p1a: Farigiraf|Beat Up|p1b: Dunsparce\n|-damage|p1b: Dunsparce|98\/100\n|-ability|p1b: Dunsparce|Rattled|boost\n|-boost|p1b: Dunsparce|spe|1\n|-damage|p1b: Dunsparce|96\/100\n|-ability|p1b: Dunsparce|Rattled|boost\n|-boost|p1b: Dunsparce|spe|1\n|-damage|p1b: Dunsparce|95\/100\n|-ability|p1b: Dunsparce|Rattled|boost\n|-boost|p1b: Dunsparce|spe|1\n|-damage|p1b: Dunsparce|93\/100\n|-ability|p1b: Dunsparce|Rattled|boost\n|-boost|p1b: Dunsparce|spe|1\n|-damage|p1b: Dunsparce|91\/100\n|-ability|p1b: Dunsparce|Rattled|boost\n|-boost|p1b: Dunsparce|spe|1\n|-damage|p1b: Dunsparce|88\/100\n|-ability|p1b: Dunsparce|Rattled|boost\n|-boost|p1b: Dunsparce|spe|1\n|-hitcount|p1b: Dunsparce|6\n|move|p1b: Dunsparce|Calm Mind|p1b: Dunsparce\n|-boost|p1b: Dunsparce|spa|1\n|-boost|p1b: Dunsparce|spd|1\n|move|p2a: mantises|Tailwind|p2a: mantises\n|-sidestart|p2: emboar2235|move: Tailwind\n|\n|upkeep\n|turn|2\n|\n|t:|1699844324\n|switch|p1a: Clefairy|Clefairy, F|100\/100\n|move|p2a: mantises|Bullet Punch|p1b: Dunsparce\n|-damage|p1b: Dunsparce|72\/100\n|move|p2b: based on pulseman|Hydro Pump|p1b: Dunsparce\n|-damage|p1b: Dunsparce|56\/100\n|move|p1b: Dunsparce|Coil|p1b: Dunsparce\n|-boost|p1b: Dunsparce|atk|1\n|-boost|p1b: Dunsparce|def|1\n|-boost|p1b: Dunsparce|accuracy|1\n|\n|upkeep\n|turn|3\n|\n|t:|1699844336\n|move|p2a: mantises|Bullet Punch|p1b: Dunsparce\n|-damage|p1b: Dunsparce|46\/100\n|move|p2b: based on pulseman|Hydro Pump|p1b: Dunsparce\n|-damage|p1b: Dunsparce|30\/100\n|move|p1b: Dunsparce|Hyper Voice|p2b: based on pulseman|[spread] p2a,p2b\n|-resisted|p2a: mantises\n|-damage|p2a: mantises|86\/100\n|-damage|p2b: based on pulseman|74\/100\n|move|p1a: Clefairy|Heal Pulse|p1b: Dunsparce\n|-heal|p1b: Dunsparce|80\/100\n|\n|upkeep\n|turn|4\n|\n|t:|1699844348\n|move|p1a: Clefairy|Protect|p1a: Clefairy\n|-singleturn|p1a: Clefairy|Protect\n|move|p2a: mantises|Bullet Punch|p1b: Dunsparce\n|-damage|p1b: Dunsparce|70\/100\n|move|p2b: based on pulseman|Hydro Pump|p1b: Dunsparce\n|-damage|p1b: Dunsparce|53\/100\n|move|p1b: Dunsparce|Calm Mind|p1b: Dunsparce\n|-boost|p1b: Dunsparce|spa|1\n|-boost|p1b: Dunsparce|spd|1\n|\n|-sideend|p2: emboar2235|move: Tailwind\n|upkeep\n|turn|5\n|\n|t:|1699844354\n|move|p2a: mantises|Bullet Punch|p1b: Dunsparce\n|-damage|p1b: Dunsparce|43\/100\n|move|p1b: Dunsparce|Hyper Voice|p2a: mantises|[spread] p2a,p2b\n|-resisted|p2a: mantises\n|-damage|p2a: mantises|65\/100\n|-damage|p2b: based on pulseman|38\/100\n|-enditem|p2b: based on pulseman|Sitrus Berry|[eat]\n|-heal|p2b: based on pulseman|62\/100|[from] item: Sitrus Berry\n|move|p2b: based on pulseman|Hydro Pump|p1b: Dunsparce\n|-damage|p1b: Dunsparce|32\/100\n|move|p1a: Clefairy|Heal Pulse|p1b: Dunsparce\n|-heal|p1b: Dunsparce|82\/100\n|\n|upkeep\n|turn|6\n|\n|t:|1699844363\n|move|p1a: Clefairy|Protect|p1a: Clefairy\n|-singleturn|p1a: Clefairy|Protect\n|move|p2a: mantises|Bullet Punch|p1b: Dunsparce\n|-damage|p1b: Dunsparce|72\/100\n|move|p1b: Dunsparce|Calm Mind|p1b: Dunsparce\n|-boost|p1b: Dunsparce|spa|1\n|-boost|p1b: Dunsparce|spd|1\n|move|p2b: based on pulseman|Hydro Pump|p1b: Dunsparce\n|-damage|p1b: Dunsparce|62\/100\n|\n|upkeep\n|turn|7\n|\n|t:|1699844371\n|move|p2a: mantises|Bullet Punch|p1b: Dunsparce\n|-damage|p1b: Dunsparce|51\/100\n|move|p1b: Dunsparce|Coil|p1b: Dunsparce\n|-boost|p1b: Dunsparce|atk|1\n|-boost|p1b: Dunsparce|def|1\n|-boost|p1b: Dunsparce|accuracy|1\n|move|p2b: based on pulseman|Hydro Pump|p1b: Dunsparce\n|-damage|p1b: Dunsparce|41\/100\n|move|p1a: Clefairy|Heal Pulse|p1b: Dunsparce\n|-heal|p1b: Dunsparce|91\/100\n|\n|upkeep\n|turn|8\n|\n|t:|1699844384\n|move|p1a: Clefairy|Protect|p1a: Clefairy\n|-singleturn|p1a: Clefairy|Protect\n|move|p2a: mantises|Bullet Punch|p1b: Dunsparce\n|-damage|p1b: Dunsparce|83\/100\n|move|p1b: Dunsparce|Calm Mind|p1b: Dunsparce\n|-boost|p1b: Dunsparce|spa|1\n|-boost|p1b: Dunsparce|spd|1\n|move|p2b: based on pulseman|Hydro Pump|p1b: Dunsparce\n|-damage|p1b: Dunsparce|74\/100\n|\n|upkeep\n|turn|9\n|\n|t:|1699844392\n|move|p2a: mantises|Bullet Punch|p1b: Dunsparce\n|-damage|p1b: Dunsparce|67\/100\n|move|p1b: Dunsparce|Coil|p1b: Dunsparce\n|-boost|p1b: Dunsparce|atk|1\n|-boost|p1b: Dunsparce|def|1\n|-boost|p1b: Dunsparce|accuracy|1\n|move|p2b: based on pulseman|Hydro Pump|p1b: Dunsparce\n|-damage|p1b: Dunsparce|58\/100\n|move|p1a: Clefairy|Heal Pulse|p1b: Dunsparce\n|-heal|p1b: Dunsparce|100\/100\n|\n|upkeep\n|turn|10\n|\n|t:|1699844403\n|move|p2a: mantises|Bullet Punch|p1b: Dunsparce\n|-damage|p1b: Dunsparce|94\/100\n|move|p1b: Dunsparce|Coil|p1b: Dunsparce\n|-boost|p1b: Dunsparce|atk|1\n|-boost|p1b: Dunsparce|def|1\n|-boost|p1b: Dunsparce|accuracy|1\n|move|p2b: based on pulseman|Will-O-Wisp|p1b: Dunsparce\n|-status|p1b: Dunsparce|brn\n|move|p1a: Clefairy|Heal Pulse|p1b: Dunsparce\n|-heal|p1b: Dunsparce|100\/100 brn\n|\n|-damage|p1b: Dunsparce|94\/100 brn|[from] brn\n|upkeep\n|turn|11\n|-message|emboar2235 forfeited.\n|\n|win|pcussylicker\n|raw|pcussylicker's rating: 1059 &rarr; <strong>1089<\/strong><br \/>(+30 for winning)\n|raw|emboar2235's rating: 1048 &rarr; <strong>1031<\/strong><br \/>(-17 for losing)\n|l|\u2606emboar2235\n|l|\u2606pcussylicker\n|j|\u2606pcussylicker\n|player|p1|pcussylicker|pokemaniac\n","uploadtime":1699844428,"views":11,"p1id":"pcussylicker","p2id":"emboar2235","formatid":"gen9doublesou","rating":1031,"private":0,"password":""}