{"id":"gen9doublesou-1991170755","p1":"aidan amoongus","p2":"Williams2112","format":"[Gen 9] Doubles OU","log":"|j|\u2606aidan amoongus\n|j|\u2606Williams2112\n|t:|1700053097\n|gametype|doubles\n|player|p1|aidan amoongus|101|1009\n|player|p2|Williams2112|102|1111\n|teamsize|p1|6\n|teamsize|p2|6\n|gen|9\n|tier|[Gen 9] Doubles OU\n|rated|\n|rule|Species Clause: Limit one of each Pok\u00e9mon\n|rule|OHKO Clause: OHKO moves are banned\n|rule|Evasion Moves Clause: Evasion moves are banned\n|rule|Gravity Sleep Clause: The combination of sleep-inducing moves with imperfect accuracy and Gravity or Gigantamax Orbeetle are banned\n|rule|Endless Battle Clause: Forcing endless battles is banned\n|rule|HP Percentage Mod: HP is shown in percentages\n|clearpoke\n|poke|p1|Shiftry, M|\n|poke|p1|Drifblim, M|\n|poke|p1|Gardevoir, F|\n|poke|p1|Weezing-Galar, F|\n|poke|p1|Krookodile, M|\n|poke|p1|Lucario, F|\n|poke|p2|Glimmora, F|\n|poke|p2|Cresselia, F|\n|poke|p2|Chi-Yu|\n|poke|p2|Regidrago|\n|poke|p2|Ursaluna, M|\n|poke|p2|Umbreon, M|\n|teampreview\n|inactive|Battle timer is ON: inactive players will automatically lose when time's up. (requested by aidan amoongus)\n|\n|t:|1700053101\n|start\n|switch|p1a: Shiftry|Shiftry, M, shiny|100\/100\n|switch|p1b: Drifblim|Drifblim, M, shiny|100\/100\n|switch|p2a: Umbreon|Umbreon, M|100\/100\n|switch|p2b: Glimmora|Glimmora, F|100\/100\n|turn|1\n|\n|t:|1700053117\n|move|p1a: Shiftry|Fake Out|p2b: Glimmora\n|-resisted|p2b: Glimmora\n|-damage|p2b: Glimmora|94\/100\n|cant|p2b: Glimmora|flinch\n|move|p1b: Drifblim|Tailwind|p1b: Drifblim\n|-sidestart|p1: aidan amoongus|move: Tailwind\n|-ability|p1a: Shiftry|Wind Rider|boost\n|-boost|p1a: Shiftry|atk|1\n|move|p2a: Umbreon|Yawn|p1b: Drifblim\n|-start|p1b: Drifblim|move: Yawn|[of] p2a: Umbreon\n|\n|upkeep\n|turn|2\n|\n|t:|1700053144\n|switch|p1b: Gardevoir|Gardevoir, F, shiny|100\/100\n|move|p1a: Shiftry|Explosion|p2a: Umbreon|[spread] p2a,p2b\n|-activate|p1b: Gardevoir|ability: Telepathy\n|-resisted|p2b: Glimmora\n|-damage|p2a: Umbreon|40\/100\n|-damage|p2b: Glimmora|48\/100\n|faint|p1a: Shiftry\n|move|p2b: Glimmora|Sludge Wave|p1b: Gardevoir|[spread] p2a,p1b\n|-supereffective|p1b: Gardevoir\n|-damage|p2a: Umbreon|21\/100\n|-damage|p1b: Gardevoir|23\/100\n|-status|p2a: Umbreon|psn\n|-status|p1b: Gardevoir|psn\n|move|p2a: Umbreon|Yawn||[still]\n|-fail|p2a: Umbreon\n|\n|-heal|p2a: Umbreon|27\/100 psn|[from] item: Leftovers\n|-damage|p1b: Gardevoir|11\/100 psn|[from] psn\n|-damage|p2a: Umbreon|15\/100 psn|[from] psn\n|upkeep\n|inactive|aidan amoongus has 120 seconds left.\n|\n|t:|1700053161\n|switch|p1a: Drifblim|Drifblim, M, shiny|100\/100\n|turn|3\n|inactive|Williams2112 has 120 seconds left.\n|\n|t:|1700053203\n|move|p1b: Gardevoir|Misty Explosion|p2b: Glimmora|[spread] p1a,p2a,p2b\n|-supereffective|p2a: Umbreon\n|-resisted|p2b: Glimmora\n|-damage|p1a: Drifblim|54\/100\n|-damage|p2a: Umbreon|0 fnt\n|-damage|p2b: Glimmora|14\/100\n|faint|p1b: Gardevoir\n|faint|p2a: Umbreon\n|move|p1a: Drifblim|Acrobatics|p2b: Glimmora\n|-resisted|p2b: Glimmora\n|-crit|p2b: Glimmora\n|-damage|p2b: Glimmora|0 fnt\n|faint|p2b: Glimmora\n|\n|upkeep\n|inactive|Williams2112 has 120 seconds left.\n|\n|t:|1700053224\n|switch|p2b: Regidrago|Regidrago|100\/100\n|switch|p1b: Weezing|Weezing-Galar, F, shiny|100\/100\n|switch|p2a: Cresselia|Cresselia, F|100\/100\n|-fieldstart|move: Misty Terrain|[from] ability: Misty Surge|[of] p1b: Weezing\n|turn|4\n|\n|t:|1700053246\n|move|p2b: Regidrago|Protect|p2b: Regidrago\n|-singleturn|p2b: Regidrago|Protect\n|move|p1b: Weezing|Strange Steam|p2b: Regidrago\n|-activate|p2b: Regidrago|move: Protect\n|move|p1a: Drifblim|Acrobatics|p2a: Cresselia\n|-damage|p2a: Cresselia|87\/100\n|move|p2a: Cresselia|Trick Room|p2a: Cresselia\n|-fieldstart|move: Trick Room|[of] p2a: Cresselia\n|\n|-heal|p2a: Cresselia|94\/100|[from] item: Leftovers\n|-sideend|p1: aidan amoongus|move: Tailwind\n|upkeep\n|turn|5\n|inactive|Williams2112 has 120 seconds left.\n|\n|t:|1700053299\n|move|p2a: Cresselia|Lunar Blessing|p2a: Cresselia|[spread] p2a,p2b\n|-heal|p2a: Cresselia|100\/100\n|move|p2b: Regidrago|Dragon Energy|p1b: Weezing|[spread] p1a\n|-immune|p1b: Weezing\n|-damage|p1a: Drifblim|0 fnt\n|faint|p1a: Drifblim\n|move|p1b: Weezing|Strange Steam|p2b: Regidrago\n|-supereffective|p2b: Regidrago\n|-damage|p2b: Regidrago|49\/100\n|\n|upkeep\n|\n|t:|1700053312\n|switch|p1a: Lucario|Lucario, F, shiny|100\/100\n|turn|6\n|\n|t:|1700053332\n|move|p2a: Cresselia|Lunar Blessing|p2a: Cresselia|[spread] p2a,p2b\n|-heal|p2b: Regidrago|74\/100\n|move|p2b: Regidrago|Dragon Energy|p1a: Lucario|[spread] p1a\n|-immune|p1b: Weezing\n|-resisted|p1a: Lucario\n|-damage|p1a: Lucario|71\/100\n|move|p1b: Weezing|Strange Steam|p2b: Regidrago\n|-supereffective|p2b: Regidrago\n|-damage|p2b: Regidrago|23\/100\n|move|p1a: Lucario|Shadow Claw|p2a: Cresselia\n|-supereffective|p2a: Cresselia\n|-damage|p2a: Cresselia|78\/100\n|\n|-heal|p2a: Cresselia|84\/100|[from] item: Leftovers\n|upkeep\n|turn|7\n|inactive|Williams2112 has 120 seconds left.\n|inactive|Williams2112 has 90 seconds left.\n|inactive|Williams2112 has 60 seconds left.\n|\n|t:|1700053437\n|move|p2a: Cresselia|Lunar Blessing|p2a: Cresselia|[spread] p2a,p2b\n|-heal|p2a: Cresselia|100\/100\n|-heal|p2b: Regidrago|48\/100\n|move|p2b: Regidrago|Dragon Energy|p1a: Lucario|[spread] p1a\n|-immune|p1b: Weezing\n|-resisted|p1a: Lucario\n|-damage|p1a: Lucario|54\/100\n|move|p1b: Weezing|Strange Steam|p2b: Regidrago\n|-supereffective|p2b: Regidrago\n|-damage|p2b: Regidrago|0 fnt\n|faint|p2b: Regidrago\n|move|p1a: Lucario|Shadow Claw|p2a: Cresselia\n|-supereffective|p2a: Cresselia\n|-damage|p2a: Cresselia|78\/100\n|\n|-heal|p2a: Cresselia|84\/100|[from] item: Leftovers\n|upkeep\n|\n|t:|1700053440\n|switch|p2b: Ursaluna|Ursaluna, M|100\/100\n|turn|8\n|\n|t:|1700053465\n|move|p2b: Ursaluna|Protect|p2b: Ursaluna\n|-singleturn|p2b: Ursaluna|Protect\n|move|p1a: Lucario|Feint|p2b: Ursaluna\n|-activate|p2b: Ursaluna|move: Feint\n|-damage|p2b: Ursaluna|95\/100\n|move|p2a: Cresselia|Lunar Blessing|p2a: Cresselia|[spread] p2a,p2b\n|-heal|p2a: Cresselia|100\/100\n|-heal|p2b: Ursaluna|100\/100\n|move|p1b: Weezing|Strange Steam|p2b: Ursaluna\n|-damage|p2b: Ursaluna|75\/100\n|\n|-fieldend|move: Trick Room\n|-fieldend|Misty Terrain\n|-status|p2b: Ursaluna|brn|[from] item: Flame Orb\n|upkeep\n|turn|9\n|inactive|Williams2112 has 90 seconds left.\n|\n|t:|1700053488\n|move|p1a: Lucario|Feint|p2a: Cresselia\n|-damage|p2a: Cresselia|95\/100\n|move|p1b: Weezing|Strange Steam|p2b: Ursaluna\n|-damage|p2b: Ursaluna|51\/100 brn\n|move|p2b: Ursaluna|Headlong Rush|p1a: Lucario\n|-supereffective|p1a: Lucario\n|-damage|p1a: Lucario|0 fnt\n|-unboost|p2b: Ursaluna|def|1\n|-unboost|p2b: Ursaluna|spd|1\n|faint|p1a: Lucario\n|move|p2a: Cresselia|Trick Room|p2a: Cresselia\n|-fieldstart|move: Trick Room|[of] p2a: Cresselia\n|\n|-heal|p2a: Cresselia|100\/100|[from] item: Leftovers\n|-damage|p2b: Ursaluna|45\/100 brn|[from] brn\n|upkeep\n|\n|t:|1700053502\n|switch|p1a: Krookodile|Krookodile, M, shiny|100\/100\n|turn|10\n|\n|t:|1700053516\n|move|p2a: Cresselia|Helping Hand|p2b: Ursaluna\n|-singleturn|p2b: Ursaluna|Helping Hand|[of] p2a: Cresselia\n|move|p1a: Krookodile|Protect|p1a: Krookodile\n|-singleturn|p1a: Krookodile|Protect\n|move|p2b: Ursaluna|Facade|p1a: Krookodile\n|-activate|p1a: Krookodile|move: Protect\n|move|p1b: Weezing|Strange Steam|p2b: Ursaluna\n|-damage|p2b: Ursaluna|11\/100 brn\n|-start|p2b: Ursaluna|confusion\n|\n|-damage|p2b: Ursaluna|5\/100 brn|[from] brn\n|upkeep\n|turn|11\n|\n|t:|1700053540\n|move|p1a: Krookodile|Protect|p1a: Krookodile\n|-singleturn|p1a: Krookodile|Protect\n|-activate|p2b: Ursaluna|confusion\n|-damage|p2b: Ursaluna|0 fnt|[from] confusion\n|faint|p2b: Ursaluna\n|move|p2a: Cresselia|Lunar Blessing||[still]\n|-fail|p2a: Cresselia\n|move|p1b: Weezing|Strange Steam|p2a: Cresselia\n|-damage|p2a: Cresselia|87\/100\n|-start|p2a: Cresselia|confusion\n|\n|-heal|p2a: Cresselia|94\/100|[from] item: Leftovers\n|upkeep\n|inactive|Williams2112 has 120 seconds left.\n|\n|t:|1700053563\n|switch|p2b: Chi-Yu|Chi-Yu|100\/100\n|-ability|p2b: Chi-Yu|Beads of Ruin\n|turn|12\n|\n|t:|1700053581\n|-activate|p2a: Cresselia|confusion\n|move|p2a: Cresselia|Lunar Blessing|p2a: Cresselia|[spread] p2a,p2b\n|-heal|p2a: Cresselia|100\/100\n|move|p1b: Weezing|Acid Spray|p2a: Cresselia\n|-damage|p2a: Cresselia|93\/100\n|-unboost|p2a: Cresselia|spd|2\n|move|p1a: Krookodile|Rock Slide|p2a: Cresselia|[spread] p2b\n|-miss|p1a: Krookodile|p2a: Cresselia\n|-supereffective|p2b: Chi-Yu\n|-damage|p2b: Chi-Yu|16\/100\n|-damage|p1a: Krookodile|91\/100|[from] item: Life Orb\n|move|p2b: Chi-Yu|Heat Wave|p1a: Krookodile|[spread] p1a,p1b\n|-damage|p1a: Krookodile|23\/100\n|-damage|p1b: Weezing|40\/100\n|-enditem|p1b: Weezing|Sitrus Berry|[eat]\n|-heal|p1b: Weezing|65\/100|[from] item: Sitrus Berry\n|\n|-heal|p2a: Cresselia|99\/100|[from] item: Leftovers\n|upkeep\n|turn|13\n|inactive|aidan amoongus has 120 seconds left.\n|\n|t:|1700053611\n|-activate|p2a: Cresselia|confusion\n|move|p2a: Cresselia|Lunar Blessing|p2a: Cresselia|[spread] p2a,p2b\n|-heal|p2a: Cresselia|100\/100\n|-heal|p2b: Chi-Yu|42\/100\n|move|p1b: Weezing|Acid Spray|p2a: Cresselia\n|-damage|p2a: Cresselia|84\/100\n|-unboost|p2a: Cresselia|spd|2\n|move|p1a: Krookodile|Rock Slide|p2b: Chi-Yu|[spread] p2b\n|-miss|p1a: Krookodile|p2a: Cresselia\n|-supereffective|p2b: Chi-Yu\n|-damage|p2b: Chi-Yu|0 fnt\n|faint|p2b: Chi-Yu\n|-damage|p1a: Krookodile|13\/100|[from] item: Life Orb\n|\n|-heal|p2a: Cresselia|90\/100|[from] item: Leftovers\n|-fieldend|move: Trick Room\n|upkeep\n|turn|14\n|-message|Williams2112 forfeited.\n|\n|win|aidan amoongus\n|raw|aidan amoongus's rating: 1009 &rarr; <strong>1059<\/strong><br \/>(+50 for winning)\n|raw|Williams2112's rating: 1111 &rarr; <strong>1079<\/strong><br \/>(-32 for losing)\n|l|\u2606Williams2112\n","uploadtime":1700053629,"views":14,"p1id":"aidanamoongus","p2id":"williams2112","formatid":"gen9doublesou","rating":1059,"private":0,"password":""}