{"id":"gen9doublesou-1969250953","p1":"Patoos McGore","p2":"Pain117","format":"[Gen 9] Doubles OU","log":"|j|\u2606Patoos McGore\n|j|\u2606Pain117\n|t:|1697506151\n|gametype|doubles\n|player|p1|Patoos McGore|1|1196\n|player|p2|Pain117|102|1091\n|teamsize|p1|6\n|teamsize|p2|6\n|gen|9\n|tier|[Gen 9] Doubles OU\n|rated|\n|rule|Species Clause: Limit one of each Pok\u00e9mon\n|rule|OHKO Clause: OHKO moves are banned\n|rule|Evasion Moves Clause: Evasion moves are banned\n|rule|Gravity Sleep Clause: The combination of sleep-inducing moves with imperfect accuracy and Gravity or Gigantamax Orbeetle are banned\n|rule|Endless Battle Clause: Forcing endless battles is banned\n|rule|HP Percentage Mod: HP is shown in percentages\n|clearpoke\n|poke|p1|Charizard, M|\n|poke|p1|Indeedee-F, F|\n|poke|p1|Magneton|\n|poke|p1|Clefable, F|\n|poke|p1|Pawmot, F|\n|poke|p1|Tropius, M|\n|poke|p2|Hatterene, F|\n|poke|p2|Empoleon, M|\n|poke|p2|Chandelure, F|\n|poke|p2|Gliscor, M|\n|poke|p2|Torkoal, F|\n|poke|p2|Clefable, F|\n|teampreview\n|inactive|Battle timer is ON: inactive players will automatically lose when time's up. (requested by Patoos McGore)\n|inactive|Pain117 has 120 seconds left.\n|\n|t:|1697506199\n|start\n|switch|p1a: Charizard|Charizard, M|100\/100\n|switch|p1b: Indeedee|Indeedee-F, F|100\/100\n|switch|p2a: Hatterene|Hatterene, F|100\/100\n|switch|p2b: Empoleon|Empoleon, M|100\/100\n|-fieldstart|move: Psychic Terrain|[from] ability: Psychic Surge|[of] p1b: Indeedee\n|-enditem|p1b: Indeedee|Psychic Seed\n|-boost|p1b: Indeedee|spd|1|[from] item: Psychic Seed\n|turn|1\n|\n|t:|1697506225\n|move|p1b: Indeedee|Follow Me|p1b: Indeedee\n|-singleturn|p1b: Indeedee|move: Follow Me\n|move|p1a: Charizard|Belly Drum|p1a: Charizard\n|-damage|p1a: Charizard|50\/100\n|-setboost|p1a: Charizard|atk|6|[from] move: Belly Drum\n|-enditem|p1a: Charizard|Sitrus Berry|[eat]\n|-heal|p1a: Charizard|75\/100|[from] item: Sitrus Berry\n|move|p2b: Empoleon|Hydro Pump|p1b: Indeedee\n|-damage|p1b: Indeedee|68\/100\n|move|p2a: Hatterene|Nuzzle|p1b: Indeedee\n|-damage|p1b: Indeedee|62\/100\n|-status|p1b: Indeedee|par\n|\n|upkeep\n|turn|2\n|\n|t:|1697506251\n|move|p1b: Indeedee|Follow Me|p1b: Indeedee\n|-singleturn|p1b: Indeedee|move: Follow Me\n|move|p1a: Charizard|Thunder Punch|p2b: Empoleon\n|-supereffective|p2b: Empoleon\n|-damage|p2b: Empoleon|0 fnt\n|faint|p2b: Empoleon\n|move|p2a: Hatterene|Psyshock|p1b: Indeedee\n|-resisted|p1b: Indeedee\n|-damage|p1b: Indeedee|24\/100 par\n|\n|upkeep\n|inactive|Pain117 has 120 seconds left.\n|\n|t:|1697506275\n|switch|p2b: Chandelure|Chandelure, F|100\/100\n|turn|3\n|inactive|Pain117 has 120 seconds left.\n|\n|t:|1697506312\n|-terastallize|p2a: Hatterene|Psychic\n|move|p1b: Indeedee|Follow Me|p1b: Indeedee\n|-singleturn|p1b: Indeedee|move: Follow Me\n|move|p2b: Chandelure|Fire Blast|p1b: Indeedee\n|-damage|p1b: Indeedee|0 fnt\n|faint|p1b: Indeedee\n|move|p1a: Charizard|Acrobatics|p2b: Chandelure\n|-damage|p2b: Chandelure|0 fnt\n|faint|p2b: Chandelure\n|move|p2a: Hatterene|Psyshock|p1a: Charizard\n|-damage|p1a: Charizard|0 fnt\n|faint|p1a: Charizard\n|\n|upkeep\n|inactive|Pain117 has 120 seconds left.\n|\n|t:|1697506338\n|switch|p1a: Magneton|Magneton|100\/100\n|switch|p2b: Clefable|Clefable, F, shiny|100\/100\n|switch|p1b: Clefable|Clefable, F|100\/100\n|turn|4\n|\n|t:|1697506357\n|move|p2b: Clefable|Follow Me|p2b: Clefable\n|-singleturn|p2b: Clefable|move: Follow Me\n|move|p1a: Magneton|Eerie Impulse|p2b: Clefable\n|-unboost|p2b: Clefable|spa|2\n|move|p1b: Clefable|Night Shade|p2b: Clefable\n|-damage|p2b: Clefable|75\/100\n|move|p2a: Hatterene|Trick Room|p2a: Hatterene\n|-fieldstart|move: Trick Room|[of] p2a: Hatterene\n|\n|-heal|p2b: Clefable|81\/100|[from] item: Leftovers\n|upkeep\n|turn|5\n|inactive|Pain117 has 120 seconds left.\n|\n|t:|1697506396\n|-terastallize|p1b: Clefable|Ground\n|move|p1b: Clefable|Follow Me|p1b: Clefable\n|-singleturn|p1b: Clefable|move: Follow Me\n|move|p2a: Hatterene|Psyshock|p1b: Clefable\n|-damage|p1b: Clefable|28\/100\n|move|p2b: Clefable|Moonblast|p1b: Clefable\n|-damage|p1b: Clefable|0 fnt\n|faint|p1b: Clefable\n|move|p1a: Magneton|Discharge|p2a: Hatterene|[spread] p2a,p2b\n|-damage|p2a: Hatterene|60\/100\n|-damage|p2b: Clefable|53\/100\n|\n|-heal|p2a: Hatterene|66\/100|[from] item: Leftovers\n|-heal|p2b: Clefable|59\/100|[from] item: Leftovers\n|-fieldend|move: Psychic Terrain\n|upkeep\n|\n|t:|1697506410\n|switch|p1b: Pawmot|Pawmot, F|100\/100\n|turn|6\n|\n|t:|1697506425\n|move|p1b: Pawmot|Fake Out|p2a: Hatterene\n|-damage|p2a: Hatterene|52\/100\n|cant|p2a: Hatterene|flinch\n|move|p2b: Clefable|Moonblast|p1b: Pawmot\n|-supereffective|p1b: Pawmot\n|-damage|p1b: Pawmot|47\/100\n|move|p1a: Magneton|Discharge|p2b: Clefable|[spread] p2a,p2b\n|-heal|p1b: Pawmot|72\/100|[from] ability: Volt Absorb|[of] p1a: Magneton\n|-damage|p2a: Hatterene|11\/100\n|-damage|p2b: Clefable|29\/100\n|-status|p2b: Clefable|par\n|\n|-heal|p2b: Clefable|35\/100 par|[from] item: Leftovers\n|-heal|p2a: Hatterene|17\/100|[from] item: Leftovers\n|upkeep\n|turn|7\n|\n|t:|1697506450\n|switch|p1b: Tropius|Tropius, M|100\/100\n|move|p2b: Clefable|Moonblast|p1b: Tropius\n|-damage|p1b: Tropius|89\/100\n|-unboost|p1b: Tropius|spa|1\n|move|p2a: Hatterene|Dazzling Gleam|p1b: Tropius|[spread] p1a,p1b\n|-resisted|p1a: Magneton\n|-damage|p1a: Magneton|83\/100\n|-damage|p1b: Tropius|63\/100\n|move|p1a: Magneton|Discharge|p2a: Hatterene|[spread] p1b,p2a,p2b\n|-damage|p1b: Tropius|35\/100\n|-damage|p2a: Hatterene|0 fnt\n|-damage|p2b: Clefable|9\/100 par\n|faint|p2a: Hatterene\n|\n|-heal|p2b: Clefable|15\/100 par|[from] item: Leftovers\n|upkeep\n|inactive|Pain117 has 120 seconds left.\n|\n|t:|1697506468\n|switch|p2a: Torkoal|Torkoal, F|100\/100\n|-weather|SunnyDay|[from] ability: Drought|[of] p2a: Torkoal\n|turn|8\n|\n|t:|1697506487\n|move|p1b: Tropius|Wide Guard|p1b: Tropius\n|-singleturn|p1b: Tropius|Wide Guard\n|move|p2a: Torkoal|Heat Wave|p1a: Magneton|[spread] \n|-activate|p1a: Magneton|move: Wide Guard\n|-activate|p1b: Tropius|move: Wide Guard\n|move|p2b: Clefable|Moonblast|p1a: Magneton\n|-resisted|p1a: Magneton\n|-damage|p1a: Magneton|76\/100\n|move|p1a: Magneton|Discharge|p2a: Torkoal|[spread] p2a,p2b\n|-activate|p1b: Tropius|move: Wide Guard\n|-damage|p2a: Torkoal|45\/100\n|-damage|p2b: Clefable|0 fnt\n|faint|p2b: Clefable\n|\n|-weather|SunnyDay|[upkeep]\n|-fieldend|move: Trick Room\n|upkeep\n|inactive|Pain117 has 120 seconds left.\n|\n|t:|1697506504\n|switch|p2b: Gliscor|Gliscor, M|100\/100\n|turn|9\n|\n|t:|1697506525\n|move|p2b: Gliscor|Earthquake|p1b: Tropius|[spread] p2a,p1a\n|-immune|p1b: Tropius\n|-supereffective|p2a: Torkoal\n|-supereffective|p1a: Magneton\n|-damage|p2a: Torkoal|0 fnt\n|-damage|p1a: Magneton|0 fnt\n|faint|p2a: Torkoal\n|faint|p1a: Magneton\n|move|p1b: Tropius|Leaf Storm|p2b: Gliscor\n|-damage|p2b: Gliscor|69\/100\n|-unboost|p1b: Tropius|spa|2\n|\n|-weather|SunnyDay|[upkeep]\n|-status|p2b: Gliscor|tox|[from] item: Toxic Orb\n|upkeep\n|\n|t:|1697506538\n|switch|p1a: Pawmot|Pawmot, F|72\/100\n|turn|10\n|\n|t:|1697506551\n|move|p1a: Pawmot|Fake Out|p2b: Gliscor\n|-damage|p2b: Gliscor|57\/100 tox\n|cant|p2b: Gliscor|flinch\n|move|p1b: Tropius|Leech Seed|p2b: Gliscor\n|-start|p2b: Gliscor|move: Leech Seed\n|\n|-weather|SunnyDay|[upkeep]\n|-damage|p2b: Gliscor|45\/100 tox|[from] Leech Seed|[of] p1b: Tropius\n|-heal|p1b: Tropius|44\/100|[silent]\n|-heal|p2b: Gliscor|57\/100 tox|[from] ability: Poison Heal\n|upkeep\n|turn|11\n|\n|t:|1697506573\n|move|p1b: Tropius|Wide Guard|p1b: Tropius\n|-singleturn|p1b: Tropius|Wide Guard\n|move|p1a: Pawmot|Revival Blessing|p1a: Pawmot\n|\n|t:|1697506584\n|-heal|p1: Charizard|50\/100|[from] move: Revival Blessing\n|move|p2b: Gliscor|Earthquake|p1b: Tropius|[spread] \n|-activate|p1a: Pawmot|move: Wide Guard\n|-activate|p1b: Tropius|move: Wide Guard\n|\n|-weather|SunnyDay|[upkeep]\n|-damage|p2b: Gliscor|45\/100 tox|[from] Leech Seed|[of] p1b: Tropius\n|-heal|p1b: Tropius|53\/100|[silent]\n|-heal|p2b: Gliscor|57\/100 tox|[from] ability: Poison Heal\n|upkeep\n|turn|12\n|\n|t:|1697506601\n|switch|p1a: Charizard|Charizard, M|50\/100\n|move|p2b: Gliscor|Protect|p2b: Gliscor\n|-singleturn|p2b: Gliscor|Protect\n|move|p1b: Tropius|Leaf Storm|p2b: Gliscor\n|-activate|p2b: Gliscor|move: Protect\n|\n|-weather|none\n|-damage|p2b: Gliscor|45\/100 tox|[from] Leech Seed|[of] p1b: Tropius\n|-heal|p1b: Tropius|62\/100|[silent]\n|-heal|p2b: Gliscor|57\/100 tox|[from] ability: Poison Heal\n|upkeep\n|turn|13\n|\n|t:|1697506631\n|move|p1b: Tropius|Helping Hand|p1a: Charizard\n|-singleturn|p1a: Charizard|Helping Hand|[of] p1b: Tropius\n|move|p1a: Charizard|Acrobatics|p2b: Gliscor\n|-crit|p2b: Gliscor\n|-damage|p2b: Gliscor|0 fnt\n|faint|p2b: Gliscor\n|\n|win|Patoos McGore\n|raw|Patoos McGore's rating: 1196 &rarr; <strong>1214<\/strong><br \/>(+18 for winning)\n|raw|Pain117's rating: 1091 &rarr; <strong>1074<\/strong><br \/>(-17 for losing)\n","uploadtime":1697506647,"views":27,"p1id":"patoosmcgore","p2id":"pain117","formatid":"gen9doublesou","rating":1074,"private":0,"password":""}