{"id":"gen9doublesou-1993430163","p1":"GamingClauss","p2":"SoloNecro","format":"[Gen 9] Doubles OU","log":"|j|\u2606GamingClauss\n|j|\u2606SoloNecro\n|t:|1700316881\n|gametype|doubles\n|player|p1|GamingClauss|nate|\n|player|p2|SoloNecro|cynthia|\n|teamsize|p1|6\n|teamsize|p2|6\n|gen|9\n|tier|[Gen 9] Doubles OU\n|rule|Species Clause: Limit one of each Pok\u00e9mon\n|rule|OHKO Clause: OHKO moves are banned\n|rule|Evasion Moves Clause: Evasion moves are banned\n|rule|Gravity Sleep Clause: The combination of sleep-inducing moves with imperfect accuracy and Gravity or Gigantamax Orbeetle are banned\n|rule|Endless Battle Clause: Forcing endless battles is banned\n|rule|HP Percentage Mod: HP is shown in percentages\n|clearpoke\n|poke|p1|Typhlosion-Hisui, M|\n|poke|p1|Ceruledge, M|\n|poke|p1|Gholdengo|\n|poke|p1|Skeledirge, M|\n|poke|p1|Flutter Mane|\n|poke|p1|Gengar, M|\n|poke|p2|Ninetales-Alola, F|\n|poke|p2|Chien-Pao|\n|poke|p2|Cetitan, M|\n|poke|p2|Baxcalibur, M|\n|poke|p2|Mamoswine, M|\n|poke|p2|Sandslash-Alola, F|\n|teampreview\n|j| SD8008\n|\n|t:|1700316893\n|start\n|switch|p1a: Sam Rat|Ceruledge, M, shiny|100\/100\n|switch|p1b: Naked Banana|Gholdengo, shiny|100\/100\n|switch|p2a: Ninetales|Ninetales-Alola, F|100\/100\n|switch|p2b: Sandslash|Sandslash-Alola, F|100\/100\n|-weather|Snow|[from] ability: Snow Warning|[of] p2a: Ninetales\n|turn|1\n|\n|t:|1700316917\n|move|p2a: Ninetales|Protect|p2a: Ninetales\n|-singleturn|p2a: Ninetales|Protect\n|move|p2b: Sandslash|Knock Off|p1a: Sam Rat\n|-supereffective|p1a: Sam Rat\n|-damage|p1a: Sam Rat|32\/100\n|-enditem|p1a: Sam Rat|Clear Amulet|[from] move: Knock Off|[of] p2b: Sandslash\n|move|p1a: Sam Rat|Flare Blitz|p2a: Ninetales\n|-activate|p2a: Ninetales|move: Protect\n|move|p1b: Naked Banana|Make It Rain|p2b: Sandslash|[spread] p2b\n|-activate|p2a: Ninetales|move: Protect\n|-damage|p2b: Sandslash|27\/100\n|-unboost|p1b: Naked Banana|spa|1\n|\n|-weather|Snow|[upkeep]\n|upkeep\n|turn|2\n|c|\u2606GamingClauss|bruh\n|\n|t:|1700316952\n|move|p1a: Sam Rat|Protect|p1a: Sam Rat\n|-singleturn|p1a: Sam Rat|Protect\n|move|p2b: Sandslash|Knock Off|p1b: Naked Banana\n|-supereffective|p1b: Naked Banana\n|-damage|p1b: Naked Banana|47\/100\n|-enditem|p1b: Naked Banana|Choice Specs|[from] move: Knock Off|[of] p2b: Sandslash\n|move|p2a: Ninetales|Aurora Veil|p2a: Ninetales\n|-sidestart|p2: SoloNecro|move: Aurora Veil\n|move|p1b: Naked Banana|Make It Rain|p2b: Sandslash|[spread] p2a,p2b\n|-supereffective|p2a: Ninetales\n|-damage|p2a: Ninetales|0 fnt\n|-damage|p2b: Sandslash|5\/100\n|-unboost|p1b: Naked Banana|spa|1\n|faint|p2a: Ninetales\n|\n|-weather|Snow|[upkeep]\n|upkeep\n|\n|t:|1700316969\n|switch|p2a: Chien-Pao|Chien-Pao|100\/100\n|-ability|p2a: Chien-Pao|Sword of Ruin\n|turn|3\n|inactive|Battle timer is ON: inactive players will automatically lose when time's up. (requested by GamingClauss)\n|\n|t:|1700316998\n|move|p2a: Chien-Pao|Protect|p2a: Chien-Pao\n|-singleturn|p2a: Chien-Pao|Protect\n|move|p1a: Sam Rat|Protect|p1a: Sam Rat\n|-singleturn|p1a: Sam Rat|Protect\n|move|p2b: Sandslash|Drill Run|p1a: Sam Rat\n|-activate|p1a: Sam Rat|move: Protect\n|move|p1b: Naked Banana|Make It Rain|p2a: Chien-Pao|[spread] p2b\n|-activate|p2a: Chien-Pao|move: Protect\n|-damage|p2b: Sandslash|0 fnt\n|-unboost|p1b: Naked Banana|spa|1\n|faint|p2b: Sandslash\n|\n|-weather|Snow|[upkeep]\n|upkeep\n|\n|t:|1700317012\n|switch|p2b: Cetitan|Cetitan, M|100\/100\n|turn|4\n|\n|t:|1700317026\n|-terastallize|p2b: Cetitan|Water\n|move|p2b: Cetitan|Tera Blast|p1a: Sam Rat|[anim] Tera Blast Water\n|-supereffective|p1a: Sam Rat\n|-damage|p1a: Sam Rat|0 fnt\n|faint|p1a: Sam Rat\n|move|p2a: Chien-Pao|Crunch|p1b: Naked Banana\n|-supereffective|p1b: Naked Banana\n|-damage|p1b: Naked Banana|0 fnt\n|faint|p1b: Naked Banana\n|\n|-weather|Snow|[upkeep]\n|upkeep\n|\n|t:|1700317040\n|switch|p1a: Flyingsomethingidk|Flutter Mane, shiny|100\/100\n|switch|p1b: Komodo|Skeledirge, M, shiny|100\/100\n|-enditem|p1a: Flyingsomethingidk|Booster Energy\n|-activate|p1a: Flyingsomethingidk|ability: Protosynthesis|[fromitem]\n|-start|p1a: Flyingsomethingidk|protosynthesisspe\n|turn|5\n|inactive|SoloNecro has 270 seconds left.\n|\n|t:|1700317075\n|-terastallize|p1a: Flyingsomethingidk|Fairy\n|move|p2a: Chien-Pao|Protect|p2a: Chien-Pao\n|-singleturn|p2a: Chien-Pao|Protect\n|move|p1b: Komodo|Protect|p1b: Komodo\n|-singleturn|p1b: Komodo|Protect\n|move|p1a: Flyingsomethingidk|Energy Ball|p2b: Cetitan\n|-supereffective|p2b: Cetitan\n|-damage|p2b: Cetitan|54\/100\n|-unboost|p2b: Cetitan|spd|1\n|move|p2b: Cetitan|Icicle Crash|p1a: Flyingsomethingidk\n|-damage|p1a: Flyingsomethingidk|0 fnt\n|faint|p1a: Flyingsomethingidk\n|-end|p1a: Flyingsomethingidk|Protosynthesis|[silent]\n|\n|-weather|none\n|upkeep\n|\n|t:|1700317090\n|switch|p1a: Fiery Shit|Typhlosion-Hisui, M|100\/100\n|turn|6\n|\n|t:|1700317110\n|switch|p2b: Baxcalibur|Baxcalibur, M|100\/100\n|move|p2a: Chien-Pao|Sucker Punch||[still]\n|-fail|p2a: Chien-Pao\n|move|p1a: Fiery Shit|Sunny Day|p1a: Fiery Shit\n|-weather|SunnyDay\n|move|p1b: Komodo|Torch Song|p2a: Chien-Pao\n|-supereffective|p2a: Chien-Pao\n|-damage|p2a: Chien-Pao|3\/100\n|-boost|p1b: Komodo|spa|1\n|\n|-weather|SunnyDay|[upkeep]\n|upkeep\n|turn|7\n|\n|t:|1700317140\n|move|p1a: Fiery Shit|Sunny Day||[still]\n|-fail|p1a: Fiery Shit\n|move|p2a: Chien-Pao|Crunch|p1a: Fiery Shit\n|-supereffective|p1a: Fiery Shit\n|-damage|p1a: Fiery Shit|0 fnt\n|faint|p1a: Fiery Shit\n|move|p2b: Baxcalibur|Scale Shot|p1b: Komodo\n|-damage|p1b: Komodo|87\/100\n|-crit|p1b: Komodo\n|-damage|p1b: Komodo|67\/100\n|-damage|p1b: Komodo|56\/100\n|-damage|p1b: Komodo|42\/100\n|-damage|p1b: Komodo|31\/100\n|-hitcount|p1b: Komodo|5\n|-unboost|p2b: Baxcalibur|def|1\n|-boost|p2b: Baxcalibur|spe|1\n|move|p1b: Komodo|Torch Song|p2b: Baxcalibur\n|-damage|p2b: Baxcalibur|54\/100\n|-boost|p1b: Komodo|spa|1\n|-ability|p2b: Baxcalibur|Thermal Exchange|boost\n|-boost|p2b: Baxcalibur|atk|1\n|\n|-weather|SunnyDay|[upkeep]\n|upkeep\n|c| SD8008|huh!??!?\n|inactive|GamingClauss has 270 seconds left.\n|\n|t:|1700317160\n|switch|p1a: Ginger|Gengar, M, shiny|100\/100\n|turn|8\n|c| SD8008|choice or sm?\n|c|\u2606SoloNecro|Choice scarf?\n|\n|t:|1700317178\n|move|p2b: Baxcalibur|High Horsepower|p1b: Komodo\n|-supereffective|p1b: Komodo\n|-crit|p1b: Komodo\n|-damage|p1b: Komodo|0 fnt\n|faint|p1b: Komodo\n|move|p2a: Chien-Pao|Crunch|p1a: Ginger\n|-supereffective|p1a: Ginger\n|-damage|p1a: Ginger|0 fnt\n|faint|p1a: Ginger\n|\n|win|SoloNecro\n|c|\u2606GamingClauss|aw man\n|c|\u2606GamingClauss|ggs\n","uploadtime":1700317191,"views":15,"p1id":"gamingclauss","p2id":"solonecro","formatid":"gen9doublesou","rating":0,"private":0,"password":""}