{"id":"gen9doublesou-1976229337","p1":"paolo.sorrentino","p2":"TrainerDylan24","format":"[Gen 9] Doubles OU","log":"|j|\u2606paolo.sorrentino\n|j|\u2606TrainerDylan24\n|t:|1698276191\n|gametype|doubles\n|player|p1|paolo.sorrentino|dragontamer|1298\n|player|p2|TrainerDylan24|swimmerf|1293\n|teamsize|p1|6\n|teamsize|p2|6\n|gen|9\n|tier|[Gen 9] Doubles OU\n|rated|\n|rule|Species Clause: Limit one of each Pok\u00e9mon\n|rule|OHKO Clause: OHKO moves are banned\n|rule|Evasion Moves Clause: Evasion moves are banned\n|rule|Gravity Sleep Clause: The combination of sleep-inducing moves with imperfect accuracy and Gravity or Gigantamax Orbeetle are banned\n|rule|Endless Battle Clause: Forcing endless battles is banned\n|rule|HP Percentage Mod: HP is shown in percentages\n|clearpoke\n|poke|p1|Okidogi, M|\n|poke|p1|Ninetales-Alola, F|\n|poke|p1|Heatran, F|\n|poke|p1|Ursaluna-Bloodmoon, M|\n|poke|p1|Grimmsnarl, M|\n|poke|p1|Iron Bundle|\n|poke|p2|Sinistcha-Masterpiece|\n|poke|p2|Ursaluna, M|\n|poke|p2|Scizor, F|\n|poke|p2|Crawdaunt, F|\n|poke|p2|Tinkaton, F|\n|poke|p2|Talonflame, F|\n|teampreview\n|\n|t:|1698276229\n|start\n|switch|p1a: Grimmsnarl|Grimmsnarl, M|100\/100\n|switch|p1b: Ninetales|Ninetales-Alola, F|100\/100\n|switch|p2a: Tinkaton|Tinkaton, F|100\/100\n|switch|p2b: Crawdaunt|Crawdaunt, F|100\/100\n|-weather|Snow|[from] ability: Snow Warning|[of] p1b: Ninetales\n|-ability|p2a: Tinkaton|Mold Breaker\n|turn|1\n|\n|t:|1698276263\n|move|p1a: Grimmsnarl|Parting Shot|p2b: Crawdaunt\n|-hint|Since gen 7, Dark is immune to Prankster moves.\n|-immune|p2b: Crawdaunt\n|move|p1b: Ninetales|Chilling Water|p2a: Tinkaton\n|-damage|p2a: Tinkaton|88\/100\n|-unboost|p2a: Tinkaton|atk|1\n|move|p2b: Crawdaunt|Crabhammer|p1b: Ninetales\n|-damage|p1b: Ninetales|17\/100\n|move|p2a: Tinkaton|Gigaton Hammer|p1a: Grimmsnarl\n|-supereffective|p1a: Grimmsnarl\n|-damage|p1a: Grimmsnarl|0 fnt\n|faint|p1a: Grimmsnarl\n|-damage|p2a: Tinkaton|78\/100|[from] item: Life Orb\n|\n|-weather|Snow|[upkeep]\n|-heal|p1b: Ninetales|23\/100|[from] item: Leftovers\n|upkeep\n|\n|t:|1698276274\n|switch|p1a: Iron Bundle|Iron Bundle|100\/100\n|-enditem|p1a: Iron Bundle|Booster Energy\n|-activate|p1a: Iron Bundle|ability: Quark Drive|[fromitem]\n|-start|p1a: Iron Bundle|quarkdrivespa\n|turn|2\n|\n|t:|1698276284\n|move|p2b: Crawdaunt|Aqua Jet|p1b: Ninetales\n|-damage|p1b: Ninetales|0 fnt\n|faint|p1b: Ninetales\n|move|p1a: Iron Bundle|Freeze-Dry|p2b: Crawdaunt\n|-supereffective|p2b: Crawdaunt\n|-crit|p2b: Crawdaunt\n|-damage|p2b: Crawdaunt|0 fnt\n|faint|p2b: Crawdaunt\n|move|p2a: Tinkaton|Brick Break|p1a: Iron Bundle\n|-supereffective|p1a: Iron Bundle\n|-damage|p1a: Iron Bundle|71\/100\n|-damage|p2a: Tinkaton|68\/100|[from] item: Life Orb\n|\n|-weather|Snow|[upkeep]\n|upkeep\n|\n|t:|1698276299\n|switch|p1b: Heatran|Heatran, F|100\/100\n|switch|p2b: Scizor|Scizor, F|100\/100\n|turn|3\n|\n|t:|1698276317\n|switch|p2b: Talonflame|Talonflame, F|100\/100\n|move|p1a: Iron Bundle|Blizzard|p2b: Talonflame|[spread] p2a,p2b\n|-resisted|p2a: Tinkaton\n|-damage|p2a: Tinkaton|35\/100\n|-damage|p2b: Talonflame|8\/100\n|move|p2a: Tinkaton|Rock Slide|p1b: Heatran|[spread] p1a,p1b\n|-supereffective|p1a: Iron Bundle\n|-damage|p1a: Iron Bundle|50\/100\n|-damage|p1b: Heatran|88\/100\n|-damage|p2a: Tinkaton|25\/100|[from] item: Life Orb\n|cant|p1b: Heatran|flinch\n|\n|-weather|Snow|[upkeep]\n|-heal|p1b: Heatran|94\/100|[from] item: Leftovers\n|upkeep\n|turn|4\n|\n|t:|1698276336\n|move|p2b: Talonflame|Tailwind|p2b: Talonflame\n|-sidestart|p2: TrainerDylan24|move: Tailwind\n|move|p2a: Tinkaton|Rock Slide|p1b: Heatran|[spread] p1a\n|-miss|p2a: Tinkaton|p1b: Heatran\n|-supereffective|p1a: Iron Bundle\n|-damage|p1a: Iron Bundle|28\/100\n|-damage|p2a: Tinkaton|15\/100|[from] item: Life Orb\n|cant|p1a: Iron Bundle|flinch\n|move|p1b: Heatran|Heat Wave|p2b: Talonflame|[spread] p2a\n|-miss|p1b: Heatran|p2b: Talonflame\n|-supereffective|p2a: Tinkaton\n|-damage|p2a: Tinkaton|0 fnt\n|faint|p2a: Tinkaton\n|\n|-weather|Snow|[upkeep]\n|-heal|p1b: Heatran|99\/100|[from] item: Leftovers\n|upkeep\n|\n|t:|1698276343\n|switch|p2a: Ursaluna|Ursaluna, M|100\/100\n|turn|5\n|\n|t:|1698276351\n|move|p2b: Talonflame|Acrobatics|p1a: Iron Bundle\n|-damage|p1a: Iron Bundle|0 fnt\n|faint|p1a: Iron Bundle\n|-end|p1a: Iron Bundle|Quark Drive|[silent]\n|move|p2a: Ursaluna|High Horsepower|p1b: Heatran\n|-supereffective|p1b: Heatran\n|-damage|p1b: Heatran|0 fnt\n|faint|p1b: Heatran\n|\n|-weather|none\n|-status|p2a: Ursaluna|brn|[from] item: Flame Orb\n|upkeep\n|\n|t:|1698276355\n|switch|p1a: Okidogi|Okidogi, M|100\/100\n|switch|p1b: Ursaluna|Ursaluna-Bloodmoon, M|100\/100\n|turn|6\n|\n|t:|1698276389\n|-terastallize|p1a: Okidogi|Dark\n|move|p2b: Talonflame|Acrobatics|p1a: Okidogi\n|-damage|p1a: Okidogi|64\/100\n|move|p2a: Ursaluna|Facade|p1b: Ursaluna\n|-damage|p1b: Ursaluna|12\/100\n|move|p1a: Okidogi|Drain Punch|p2a: Ursaluna\n|-supereffective|p2a: Ursaluna\n|-damage|p2a: Ursaluna|40\/100 brn\n|-heal|p1a: Okidogi|100\/100|[from] drain|[of] p2a: Ursaluna\n|move|p1b: Ursaluna|Moonblast|p2b: Talonflame\n|-resisted|p2b: Talonflame\n|-damage|p2b: Talonflame|0 fnt\n|faint|p2b: Talonflame\n|\n|-damage|p2a: Ursaluna|34\/100 brn|[from] brn\n|upkeep\n|\n|t:|1698276400\n|switch|p2b: Scizor|Scizor, F|100\/100\n|turn|7\n|\n|t:|1698276406\n|move|p2b: Scizor|Bug Bite|p1a: Okidogi\n|-supereffective|p1a: Okidogi\n|-damage|p1a: Okidogi|15\/100\n|move|p2a: Ursaluna|Drain Punch|p1b: Ursaluna\n|-supereffective|p1b: Ursaluna\n|-damage|p1b: Ursaluna|0 fnt\n|-heal|p2a: Ursaluna|39\/100 brn|[from] drain|[of] p1b: Ursaluna\n|faint|p1b: Ursaluna\n|move|p1a: Okidogi|Drain Punch|p2b: Scizor\n|-damage|p2b: Scizor|53\/100\n|-heal|p1a: Okidogi|36\/100|[from] drain|[of] p2b: Scizor\n|\n|-damage|p2a: Ursaluna|33\/100 brn|[from] brn\n|-sideend|p2: TrainerDylan24|move: Tailwind\n|upkeep\n|turn|8\n|\n|t:|1698276414\n|move|p2b: Scizor|Bullet Punch|p1a: Okidogi\n|-damage|p1a: Okidogi|10\/100\n|move|p1a: Okidogi|Drain Punch|p2b: Scizor\n|-damage|p2b: Scizor|2\/100\n|-heal|p1a: Okidogi|33\/100|[from] drain|[of] p2b: Scizor\n|-enditem|p2b: Scizor|Sitrus Berry|[eat]\n|-heal|p2b: Scizor|27\/100|[from] item: Sitrus Berry\n|move|p2a: Ursaluna|Facade|p1a: Okidogi\n|-damage|p1a: Okidogi|0 fnt\n|faint|p1a: Okidogi\n|\n|win|TrainerDylan24\n|raw|paolo.sorrentino's rating: 1298 &rarr; <strong>1273<\/strong><br \/>(-25 for losing)\n|raw|TrainerDylan24's rating: 1293 &rarr; <strong>1318<\/strong><br \/>(+25 for winning)\n","uploadtime":1698276420,"views":12,"p1id":"paolosorrentino","p2id":"trainerdylan24","formatid":"gen9doublesou","rating":1273,"private":0,"password":""}