{"id":"gen9doublesou-1977530834","p1":"MMMuffin","p2":"kajshsg","format":"[Gen 9] Doubles OU","log":"|j|\u2606MMMuffin\n|j|\u2606kajshsg\n|t:|1698424902\n|gametype|doubles\n|player|p1|MMMuffin|cress|1153\n|player|p2|kajshsg|170|1072\n|teamsize|p1|6\n|teamsize|p2|6\n|gen|9\n|tier|[Gen 9] Doubles OU\n|rated|\n|rule|Species Clause: Limit one of each Pok\u00e9mon\n|rule|OHKO Clause: OHKO moves are banned\n|rule|Evasion Moves Clause: Evasion moves are banned\n|rule|Gravity Sleep Clause: The combination of sleep-inducing moves with imperfect accuracy and Gravity or Gigantamax Orbeetle are banned\n|rule|Endless Battle Clause: Forcing endless battles is banned\n|rule|HP Percentage Mod: HP is shown in percentages\n|clearpoke\n|poke|p1|Cinderace, M|\n|poke|p1|Empoleon, M|\n|poke|p1|Clefairy, M|\n|poke|p1|Dudunsparce-*, M|\n|poke|p1|Ninetales-Alola, F|\n|poke|p1|Iron Bundle|\n|poke|p2|Golem, F|\n|poke|p2|Gyarados, M|\n|poke|p2|Raichu, F|\n|poke|p2|Muk, M|\n|poke|p2|Dragonite, F|\n|poke|p2|Scyther, M|\n|teampreview\n|inactive|Battle timer is ON: inactive players will automatically lose when time's up. (requested by MMMuffin)\n|\n|t:|1698424912\n|start\n|switch|p1a: Taste the|Cinderace, M|100\/100\n|switch|p1b: rainbow. \ud83c\udf08|Empoleon, M|100\/100\n|switch|p2a: Golem|Golem, F|100\/100\n|switch|p2b: Gyarados|Gyarados, M|100\/100\n|-ability|p2b: Gyarados|Intimidate|boost\n|-unboost|p1a: Taste the|atk|1\n|-unboost|p1b: rainbow. \ud83c\udf08|atk|1\n|-ability|p1b: rainbow. \ud83c\udf08|Competitive|boost\n|-boost|p1b: rainbow. \ud83c\udf08|spa|2\n|turn|1\n|\n|t:|1698424935\n|move|p1a: Taste the|Fire Pledge|p2a: Golem\n|-waiting|p1a: Taste the|p1b: rainbow. \ud83c\udf08\n|move|p1b: rainbow. \ud83c\udf08|Water Pledge|p2a: Golem|[from]move: Fire Pledge\n|-combine\n|-supereffective|p2a: Golem\n|-ability|p2a: Golem|Sturdy\n|-damage|p2a: Golem|1\/100\n|-sidestart|p1: MMMuffin|Water Pledge\n|-enditem|p2a: Golem|Red Card|[of] p1b: rainbow. \ud83c\udf08\n|drag|p1b: Dudunsparce|Dudunsparce-Three-Segment, M, shiny|100\/100\n|move|p2b: Gyarados|Dragon Dance|p2b: Gyarados\n|-boost|p2b: Gyarados|atk|1\n|-boost|p2b: Gyarados|spe|1\n|move|p2a: Golem|Stealth Rock|p1b: Dudunsparce\n|-sidestart|p1: MMMuffin|move: Stealth Rock\n|\n|upkeep\n|turn|2\n|inactive|MMMuffin has 120 seconds left.\n|\n|t:|1698424994\n|move|p2b: Gyarados|Waterfall|p1a: Taste the\n|-supereffective|p1a: Taste the\n|-enditem|p1a: Taste the|Focus Sash\n|-damage|p1a: Taste the|1\/100\n|move|p1a: Taste the|U-turn|p2a: Golem\n|-start|p1a: Taste the|typechange|Bug|[from] ability: Libero\n|-crit|p2a: Golem\n|-damage|p2a: Golem|0 fnt\n|faint|p2a: Golem\n|inactive|MMMuffin has 90 seconds left.\n|\n|t:|1698425015\n|switch|p1a: Ninetales|Ninetales-Alola, F|100\/100|[from] U-turn\n|-damage|p1a: Ninetales|76\/100|[from] Stealth Rock\n|-weather|Snow|[from] ability: Snow Warning|[of] p1a: Ninetales\n|move|p1b: Dudunsparce|Ancient Power|p2b: Gyarados\n|-supereffective|p2b: Gyarados\n|-damage|p2b: Gyarados|75\/100\n|\n|-weather|Snow|[upkeep]\n|upkeep\n|\n|t:|1698425029\n|switch|p2a: Muk|Muk, M|100\/100\n|turn|3\n|\n|t:|1698425038\n|move|p2b: Gyarados|Waterfall|p1b: Dudunsparce\n|-damage|p1b: Dudunsparce|44\/100\n|move|p1a: Ninetales|Aurora Veil|p1a: Ninetales\n|-sidestart|p1: MMMuffin|move: Aurora Veil\n|move|p2a: Muk|Poison Jab|p1a: Ninetales\n|-supereffective|p1a: Ninetales\n|-damage|p1a: Ninetales|33\/100\n|move|p1b: Dudunsparce|Ancient Power|p2b: Gyarados\n|-supereffective|p2b: Gyarados\n|-damage|p2b: Gyarados|50\/100\n|-boost|p1b: Dudunsparce|atk|1\n|-boost|p1b: Dudunsparce|def|1\n|-boost|p1b: Dudunsparce|spa|1\n|-boost|p1b: Dudunsparce|spd|1\n|-boost|p1b: Dudunsparce|spe|1\n|-enditem|p2b: Gyarados|Sitrus Berry|[eat]\n|-heal|p2b: Gyarados|75\/100|[from] item: Sitrus Berry\n|\n|-weather|Snow|[upkeep]\n|upkeep\n|turn|4\n|inactive|MMMuffin has 120 seconds left.\n|\n|t:|1698425059\n|move|p2b: Gyarados|Waterfall|p1b: Dudunsparce\n|-damage|p1b: Dudunsparce|16\/100\n|move|p1a: Ninetales|Freeze-Dry|p2b: Gyarados\n|-supereffective|p2b: Gyarados\n|-damage|p2b: Gyarados|0 fnt\n|faint|p2b: Gyarados\n|move|p1b: Dudunsparce|Ancient Power|p2a: Muk\n|-damage|p2a: Muk|86\/100\n|move|p2a: Muk|Poison Jab|p1a: Ninetales\n|-supereffective|p1a: Ninetales\n|-damage|p1a: Ninetales|0 fnt\n|faint|p1a: Ninetales\n|\n|-weather|Snow|[upkeep]\n|-heal|p2a: Muk|92\/100|[from] item: Black Sludge\n|-sideend|p1: MMMuffin|Water Pledge\n|upkeep\n|\n|t:|1698425075\n|switch|p1a: Baby|Clefairy, M|100\/100\n|switch|p2b: Raichu|Raichu, F|100\/100\n|-damage|p1a: Baby|88\/100|[from] Stealth Rock\n|turn|5\n|\n|t:|1698425088\n|move|p2b: Raichu|Fake Out|p1b: Dudunsparce\n|-damage|p1b: Dudunsparce|13\/100\n|cant|p1b: Dudunsparce|flinch\n|move|p2a: Muk|Drain Punch|p1b: Dudunsparce\n|-supereffective|p1b: Dudunsparce\n|-damage|p1b: Dudunsparce|0 fnt\n|-heal|p2a: Muk|99\/100|[from] drain|[of] p1b: Dudunsparce\n|faint|p1b: Dudunsparce\n|move|p1a: Baby|Life Dew|p1a: Baby\n|-heal|p1a: Baby|100\/100\n|\n|-weather|Snow|[upkeep]\n|-heal|p2a: Muk|100\/100|[from] item: Black Sludge\n|upkeep\n|\n|t:|1698425099\n|switch|p1b: Iron Bundle|Iron Bundle|100\/100\n|-damage|p1b: Iron Bundle|76\/100|[from] Stealth Rock\n|-enditem|p1b: Iron Bundle|Booster Energy\n|-activate|p1b: Iron Bundle|ability: Quark Drive|[fromitem]\n|-start|p1b: Iron Bundle|quarkdrivespe\n|turn|6\n|\n|t:|1698425112\n|move|p1a: Baby|Helping Hand|p1b: Iron Bundle\n|-singleturn|p1b: Iron Bundle|Helping Hand|[of] p1a: Baby\n|move|p1b: Iron Bundle|Blizzard|p2a: Muk|[spread] p2a,p2b\n|-damage|p2a: Muk|49\/100\n|-damage|p2b: Raichu|5\/100\n|-status|p2b: Raichu|frz\n|-curestatus|p2b: Raichu|frz|[msg]\n|move|p2b: Raichu|Nasty Plot|p2b: Raichu\n|-boost|p2b: Raichu|spa|2\n|move|p2a: Muk|Poison Jab|p1a: Baby\n|-supereffective|p1a: Baby\n|-damage|p1a: Baby|45\/100\n|\n|-weather|none\n|-heal|p2a: Muk|55\/100|[from] item: Black Sludge\n|upkeep\n|turn|7\n|\n|t:|1698425138\n|move|p1b: Iron Bundle|Freeze-Dry|p2b: Raichu\n|-damage|p2b: Raichu|0 fnt\n|faint|p2b: Raichu\n|move|p2a: Muk|Poison Jab|p1a: Baby\n|-supereffective|p1a: Baby\n|-damage|p1a: Baby|0 fnt\n|faint|p1a: Baby\n|\n|-heal|p2a: Muk|61\/100|[from] item: Black Sludge\n|upkeep\n|\n|t:|1698425153\n|switch|p2b: Dragonite|Dragonite, F|100\/100\n|switch|p1a: Taste the|Cinderace, M|1\/100\n|-damage|p1a: Taste the|0 fnt|[from] Stealth Rock\n|faint|p1a: Taste the\n|\n|t:|1698425159\n|switch|p1a: rainbow. \ud83c\udf08|Empoleon, M|100\/100\n|-damage|p1a: rainbow. \ud83c\udf08|94\/100|[from] Stealth Rock\n|turn|8\n|\n|t:|1698425173\n|move|p1b: Iron Bundle|Freeze-Dry|p2b: Dragonite\n|-supereffective|p2b: Dragonite\n|-damage|p2b: Dragonite|26\/100\n|move|p2b: Dragonite|Dragon Dance|p2b: Dragonite\n|-boost|p2b: Dragonite|atk|1\n|-boost|p2b: Dragonite|spe|1\n|move|p1a: rainbow. \ud83c\udf08|Hydro Pump|p2a: Muk\n|-damage|p2a: Muk|18\/100\n|move|p2a: Muk|Poison Jab|p1b: Iron Bundle\n|-crit|p1b: Iron Bundle\n|-damage|p1b: Iron Bundle|12\/100\n|-status|p1b: Iron Bundle|psn|[from] ability: Poison Touch|[of] p2a: Muk\n|\n|-heal|p2a: Muk|24\/100|[from] item: Black Sludge\n|-damage|p1b: Iron Bundle|0 fnt|[from] psn\n|faint|p1b: Iron Bundle\n|-end|p1b: Iron Bundle|Quark Drive|[silent]\n|upkeep\n|turn|9\n|\n|t:|1698425200\n|move|p2b: Dragonite|Dragon Dance|p2b: Dragonite\n|-boost|p2b: Dragonite|atk|1\n|-boost|p2b: Dragonite|spe|1\n|move|p1a: rainbow. \ud83c\udf08|Flash Cannon|p2b: Dragonite\n|-damage|p2b: Dragonite|0 fnt\n|faint|p2b: Dragonite\n|move|p2a: Muk|Drain Punch|p1a: rainbow. \ud83c\udf08\n|-supereffective|p1a: rainbow. \ud83c\udf08\n|-damage|p1a: rainbow. \ud83c\udf08|60\/100\n|-heal|p2a: Muk|39\/100|[from] drain|[of] p1a: rainbow. \ud83c\udf08\n|\n|-heal|p2a: Muk|45\/100|[from] item: Black Sludge\n|upkeep\n|\n|t:|1698425206\n|switch|p2b: Scyther|Scyther, M|100\/100\n|turn|10\n|\n|t:|1698425230\n|move|p2b: Scyther|Fury Cutter|p1a: rainbow. \ud83c\udf08\n|-resisted|p1a: rainbow. \ud83c\udf08\n|-damage|p1a: rainbow. \ud83c\udf08|47\/100\n|-damage|p2b: Scyther|91\/100|[from] item: Life Orb\n|move|p1a: rainbow. \ud83c\udf08|Hydro Pump|p2a: Muk\n|-damage|p2a: Muk|2\/100\n|move|p2a: Muk|Drain Punch|p1a: rainbow. \ud83c\udf08\n|-supereffective|p1a: rainbow. \ud83c\udf08\n|-damage|p1a: rainbow. \ud83c\udf08|14\/100\n|-heal|p2a: Muk|17\/100|[from] drain|[of] p1a: rainbow. \ud83c\udf08\n|\n|-heal|p2a: Muk|23\/100|[from] item: Black Sludge\n|-sideend|p1: MMMuffin|move: Aurora Veil\n|upkeep\n|turn|11\n|\n|t:|1698425248\n|move|p2b: Scyther|Fury Cutter|p1a: rainbow. \ud83c\udf08\n|-resisted|p1a: rainbow. \ud83c\udf08\n|-damage|p1a: rainbow. \ud83c\udf08|0 fnt\n|faint|p1a: rainbow. \ud83c\udf08\n|-damage|p2b: Scyther|81\/100|[from] item: Life Orb\n|\n|win|kajshsg\n|raw|MMMuffin's rating: 1153 &rarr; <strong>1122<\/strong><br \/>(-31 for losing)\n|raw|kajshsg's rating: 1072 &rarr; <strong>1108<\/strong><br \/>(+36 for winning)\n|l|\u2606kajshsg\n","uploadtime":1698425259,"views":11,"p1id":"mmmuffin","p2id":"kajshsg","formatid":"gen9doublesou","rating":1108,"private":0,"password":""}