{"id":"gen9doublesou-1970750769","p1":"JumperGR","p2":"wingminmon","format":"[Gen 9] Doubles OU","log":"|j|\u2606JumperGR\n|j|\u2606wingminmon\n|t:|1697663691\n|gametype|doubles\n|player|p1|JumperGR|red-masters|1024\n|player|p2|wingminmon|preschooler|1088\n|teamsize|p1|6\n|teamsize|p2|6\n|gen|9\n|tier|[Gen 9] Doubles OU\n|rated|\n|rule|Species Clause: Limit one of each Pok\u00e9mon\n|rule|OHKO Clause: OHKO moves are banned\n|rule|Evasion Moves Clause: Evasion moves are banned\n|rule|Gravity Sleep Clause: The combination of sleep-inducing moves with imperfect accuracy and Gravity or Gigantamax Orbeetle are banned\n|rule|Endless Battle Clause: Forcing endless battles is banned\n|rule|HP Percentage Mod: HP is shown in percentages\n|clearpoke\n|poke|p1|Skeledirge, M|\n|poke|p1|Gholdengo|\n|poke|p1|Glimmora, F|\n|poke|p1|Blissey, F|\n|poke|p1|Great Tusk|\n|poke|p1|Meowscarada, F|\n|poke|p2|Dragapult, F|\n|poke|p2|Heatran, F|\n|poke|p2|Ogerpon, F|\n|poke|p2|Cresselia, F|\n|poke|p2|Landorus-Therian, M|\n|poke|p2|Tornadus, M|\n|teampreview\n|inactive|Battle timer is ON: inactive players will automatically lose when time's up. (requested by JumperGR)\n|\n|t:|1697663717\n|start\n|switch|p1a: Glamor|Glimmora, F, shiny|100\/100\n|switch|p1b: Clover|Meowscarada, F, shiny|100\/100\n|switch|p2a: Landorus|Landorus-Therian, M|100\/100\n|switch|p2b: Tornadus|Tornadus, M|100\/100\n|-ability|p2a: Landorus|Intimidate|boost\n|-unboost|p1a: Glamor|atk|1\n|-unboost|p1b: Clover|atk|1\n|turn|1\n|\n|t:|1697663746\n|switch|p1a: Bliss|Blissey, F|100\/100\n|move|p1b: Clover|Flower Trick|p2a: Landorus\n|-start|p1b: Clover|typechange|Grass|[from] ability: Protean\n|-crit|p2a: Landorus\n|-damage|p2a: Landorus|55\/100\n|move|p2a: Landorus|U-turn|p1b: Clover\n|-supereffective|p1b: Clover\n|-damage|p1b: Clover|37\/100\n|inactive|wingminmon has 120 seconds left.\n|\n|t:|1697663757\n|switch|p2a: Heatran|Heatran, F|100\/100|[from] U-turn\n|move|p2b: Tornadus|Bleakwind Storm|p1b: Clover|[spread] p1b\n|-miss|p2b: Tornadus|p1a: Bliss\n|-supereffective|p1b: Clover\n|-damage|p1b: Clover|0 fnt\n|faint|p1b: Clover\n|\n|upkeep\n|\n|t:|1697663769\n|switch|p1b: Manny|Great Tusk, shiny|100\/100\n|turn|2\n|\n|t:|1697663794\n|-terastallize|p2a: Heatran|Grass\n|move|p2b: Tornadus|Tailwind|p2b: Tornadus\n|-sidestart|p2: wingminmon|move: Tailwind\n|move|p2a: Heatran|Tera Blast|p1b: Manny|[anim] Tera Blast Grass\n|-supereffective|p1b: Manny\n|-damage|p1b: Manny|18\/100\n|move|p1b: Manny|Headlong Rush|p2a: Heatran\n|-resisted|p2a: Heatran\n|-damage|p2a: Heatran|76\/100\n|-unboost|p1b: Manny|def|1\n|-unboost|p1b: Manny|spd|1\n|move|p1a: Bliss|Thunder Wave|p2b: Tornadus\n|-status|p2b: Tornadus|par\n|\n|upkeep\n|turn|3\n|inactive|JumperGR has 120 seconds left.\n|\n|t:|1697663830\n|move|p2a: Heatran|Heat Wave|p1a: Bliss|[spread] p1a,p1b\n|-damage|p1a: Bliss|87\/100\n|-damage|p1b: Manny|0 fnt\n|faint|p1b: Manny\n|-end|p1b: Manny|Protosynthesis|[silent]\n|cant|p2b: Tornadus|par\n|move|p1a: Bliss|Seismic Toss|p2a: Heatran\n|-damage|p2a: Heatran|47\/100\n|\n|-heal|p1a: Bliss|93\/100|[from] item: Leftovers\n|upkeep\n|\n|t:|1697663846\n|switch|p1b: Glamor|Glimmora, F, shiny|100\/100\n|turn|4\n|inactive|JumperGR has 120 seconds left.\n|\n|t:|1697663867\n|-terastallize|p1b: Glamor|Flying\n|move|p2b: Tornadus|Taunt|p1b: Glamor\n|-start|p1b: Glamor|move: Taunt\n|move|p2a: Heatran|Flash Cannon|p1b: Glamor\n|-damage|p1b: Glamor|58\/100\n|-unboost|p1b: Glamor|spd|1\n|cant|p1b: Glamor|move: Taunt|Stealth Rock\n|move|p1a: Bliss|Seismic Toss|p2a: Heatran\n|-damage|p2a: Heatran|19\/100\n|\n|-heal|p1a: Bliss|99\/100|[from] item: Leftovers\n|upkeep\n|turn|5\n|\n|t:|1697663889\n|move|p2a: Heatran|Flash Cannon|p1b: Glamor\n|-damage|p1b: Glamor|0 fnt\n|faint|p1b: Glamor\n|move|p2b: Tornadus|Icy Wind|p1a: Bliss\n|-damage|p1a: Bliss|92\/100\n|-unboost|p1a: Bliss|spe|1\n|move|p1a: Bliss|Seismic Toss|p2a: Heatran\n|-damage|p2a: Heatran|0 fnt\n|faint|p2a: Heatran\n|\n|-heal|p1a: Bliss|99\/100|[from] item: Leftovers\n|-sideend|p2: wingminmon|move: Tailwind\n|upkeep\n|\n|t:|1697663906\n|switch|p1b: String Cheese|Gholdengo|100\/100\n|switch|p2a: Cresselia|Cresselia, F|100\/100\n|turn|6\n|\n|t:|1697663919\n|move|p2b: Tornadus|Taunt|p1b: String Cheese\n|-immune|p1b: String Cheese|[from] ability: Good as Gold\n|move|p1b: String Cheese|Nasty Plot|p1b: String Cheese\n|-boost|p1b: String Cheese|spa|2\n|move|p2a: Cresselia|Lunar Blessing|p2a: Cresselia|[spread] p2a,p2b\n|-curestatus|p2b: Tornadus|par|[msg]\n|move|p1a: Bliss|Thunder Wave|p2a: Cresselia\n|-status|p2a: Cresselia|par\n|\n|-heal|p1a: Bliss|100\/100|[from] item: Leftovers\n|upkeep\n|turn|7\n|\n|t:|1697663938\n|move|p2b: Tornadus|Tailwind|p2b: Tornadus\n|-sidestart|p2: wingminmon|move: Tailwind\n|move|p1b: String Cheese|Shadow Ball|p2a: Cresselia\n|-supereffective|p2a: Cresselia\n|-damage|p2a: Cresselia|0 fnt\n|faint|p2a: Cresselia\n|-damage|p1b: String Cheese|91\/100|[from] item: Life Orb\n|move|p1a: Bliss|Thunder Wave|p2b: Tornadus\n|-status|p2b: Tornadus|par\n|\n|upkeep\n|\n|t:|1697663945\n|switch|p2a: Landorus|Landorus-Therian, M|55\/100\n|-ability|p2a: Landorus|Intimidate|boost\n|-unboost|p1a: Bliss|atk|1\n|-unboost|p1b: String Cheese|atk|1\n|turn|8\n|\n|t:|1697663962\n|move|p2a: Landorus|Stomping Tantrum|p1b: String Cheese\n|-supereffective|p1b: String Cheese\n|-damage|p1b: String Cheese|0 fnt\n|faint|p1b: String Cheese\n|move|p2b: Tornadus|Bleakwind Storm|p1a: Bliss\n|-damage|p1a: Bliss|80\/100\n|move|p1a: Bliss|Body Slam|p2a: Landorus\n|-damage|p2a: Landorus|48\/100\n|\n|-heal|p1a: Bliss|86\/100|[from] item: Leftovers\n|upkeep\n|\n|t:|1697663968\n|switch|p1b: Cram|Skeledirge, M, shiny|100\/100\n|turn|9\n|\n|t:|1697663982\n|move|p2b: Tornadus|Taunt|p1a: Bliss\n|-start|p1a: Bliss|move: Taunt\n|move|p2a: Landorus|Stomping Tantrum|p1b: Cram\n|-supereffective|p1b: Cram\n|-damage|p1b: Cram|47\/100\n|move|p1b: Cram|Shadow Ball|p2a: Landorus\n|-damage|p2a: Landorus|9\/100\n|move|p1a: Bliss|Seismic Toss|p2a: Landorus\n|-damage|p2a: Landorus|0 fnt\n|faint|p2a: Landorus\n|\n|-heal|p1a: Bliss|93\/100|[from] item: Leftovers\n|upkeep\n|\n|t:|1697663995\n|switch|p2a: Ogerpon|Ogerpon, F|100\/100\n|turn|10\n|\n|t:|1697664009\n|move|p2a: Ogerpon|Stomping Tantrum|p1b: Cram\n|-supereffective|p1b: Cram\n|-damage|p1b: Cram|17\/100\n|move|p2b: Tornadus|Bleakwind Storm|p1b: Cram|[spread] p1a,p1b\n|-damage|p1a: Bliss|79\/100\n|-damage|p1b: Cram|0 fnt\n|-unboost|p1a: Bliss|spe|1\n|faint|p1b: Cram\n|move|p1a: Bliss|Seismic Toss|p2a: Ogerpon\n|-damage|p2a: Ogerpon|70\/100\n|\n|-heal|p2a: Ogerpon|76\/100|[from] item: Leftovers\n|-heal|p1a: Bliss|85\/100|[from] item: Leftovers\n|-sideend|p2: wingminmon|move: Tailwind\n|upkeep\n|turn|11\n|-message|JumperGR forfeited.\n|\n|win|wingminmon\n|raw|JumperGR's rating: 1024 &rarr; <strong>1013<\/strong><br \/>(-11 for losing)\n|raw|wingminmon's rating: 1088 &rarr; <strong>1110<\/strong><br \/>(+22 for winning)\n|l|\u2606JumperGR\n","uploadtime":1697664029,"views":19,"p1id":"jumpergr","p2id":"wingminmon","formatid":"gen9doublesou","rating":1013,"private":0,"password":""}