{"id":"gen9doublesou-1990640312","p1":"conorjr","p2":"DragsIThink","format":"[Gen 9] Doubles OU","log":"|j|\u2606conorjr\n|j|\u2606DragsIThink\n|t:|1699987937\n|gametype|doubles\n|player|p1|conorjr|102|1019\n|player|p2|DragsIThink|roxie|1066\n|teamsize|p1|6\n|teamsize|p2|6\n|gen|9\n|tier|[Gen 9] Doubles OU\n|rated|\n|rule|Species Clause: Limit one of each Pok\u00e9mon\n|rule|OHKO Clause: OHKO moves are banned\n|rule|Evasion Moves Clause: Evasion moves are banned\n|rule|Gravity Sleep Clause: The combination of sleep-inducing moves with imperfect accuracy and Gravity or Gigantamax Orbeetle are banned\n|rule|Endless Battle Clause: Forcing endless battles is banned\n|rule|HP Percentage Mod: HP is shown in percentages\n|clearpoke\n|poke|p1|Mandibuzz, F|\n|poke|p1|Volcarona, F|\n|poke|p1|Forretress, F|\n|poke|p1|Glimmora, M|\n|poke|p1|Goodra-Hisui, M|\n|poke|p1|Farigiraf, F|\n|poke|p2|Chien-Pao|\n|poke|p2|Ambipom, M|\n|poke|p2|Sinistcha|\n|poke|p2|Ursaluna-Bloodmoon, M|\n|poke|p2|Clefairy, F|\n|poke|p2|Kommo-o, M|\n|teampreview\n|inactive|Battle timer is ON: inactive players will automatically lose when time's up. (requested by conorjr)\n|c|\u2606DragsIThink|glhf\n|\n|t:|1699987950\n|start\n|switch|p1a: Glimmora|Glimmora, M|100\/100\n|switch|p1b: Forretress|Forretress, F|100\/100\n|switch|p2a: Chien-Pao|Chien-Pao|100\/100\n|switch|p2b: Ambipom|Ambipom, M|100\/100\n|-ability|p2a: Chien-Pao|Sword of Ruin\n|turn|1\n|\n|t:|1699987965\n|move|p2a: Chien-Pao|Crunch|p1a: Glimmora\n|-damage|p1a: Glimmora|33\/100\n|move|p2b: Ambipom|Knock Off|p1b: Forretress\n|-damage|p1b: Forretress|74\/100\n|-damage|p2b: Ambipom|84\/100|[from] item: Rocky Helmet|[of] p1b: Forretress\n|-enditem|p1b: Forretress|Rocky Helmet|[from] move: Knock Off|[of] p2b: Ambipom\n|move|p1a: Glimmora|Stealth Rock|p2a: Chien-Pao\n|-sidestart|p2: DragsIThink|move: Stealth Rock\n|move|p1b: Forretress|Body Press|p2a: Chien-Pao\n|-supereffective|p2a: Chien-Pao\n|-enditem|p2a: Chien-Pao|Focus Sash\n|-damage|p2a: Chien-Pao|1\/100\n|\n|upkeep\n|turn|2\n|inactive|DragsIThink has 120 seconds left.\n|\n|t:|1699987995\n|move|p1a: Glimmora|Spiky Shield|p1a: Glimmora\n|-singleturn|p1a: Glimmora|move: Protect\n|move|p2a: Chien-Pao|Crunch|p1b: Forretress\n|-damage|p1b: Forretress|36\/100\n|move|p2b: Ambipom|Knock Off|p1a: Glimmora\n|-activate|p1a: Glimmora|move: Protect\n|-damage|p2b: Ambipom|72\/100|[from] Spiky Shield|[of] p1a: Glimmora\n|move|p1b: Forretress|Toxic Spikes|p2b: Ambipom\n|-sidestart|p2: DragsIThink|move: Toxic Spikes\n|\n|upkeep\n|turn|3\n|\n|t:|1699988015\n|move|p2a: Chien-Pao|Crunch|p1b: Forretress\n|-damage|p1b: Forretress|4\/100\n|move|p2b: Ambipom|Knock Off|p1a: Glimmora\n|-damage|p1a: Glimmora|0 fnt\n|-enditem|p1a: Glimmora|Focus Sash|[from] move: Knock Off|[of] p2b: Ambipom\n|faint|p1a: Glimmora\n|move|p1b: Forretress|Body Press|p2b: Ambipom\n|-supereffective|p2b: Ambipom\n|-damage|p2b: Ambipom|0 fnt\n|faint|p2b: Ambipom\n|\n|upkeep\n|\n|t:|1699988038\n|switch|p2b: Clefairy|Clefairy, F, shiny|100\/100\n|switch|p1a: Farigiraf|Farigiraf, F|100\/100\n|-damage|p2b: Clefairy|88\/100|[from] Stealth Rock\n|-status|p2b: Clefairy|psn\n|turn|4\n|\n|t:|1699988047\n|move|p2b: Clefairy|Follow Me|p2b: Clefairy\n|-singleturn|p2b: Clefairy|move: Follow Me\n|move|p2a: Chien-Pao|Crunch|p1a: Farigiraf\n|-supereffective|p1a: Farigiraf\n|-damage|p1a: Farigiraf|0 fnt\n|faint|p1a: Farigiraf\n|move|p1b: Forretress|Toxic Spikes|p2a: Chien-Pao\n|-sidestart|p2: DragsIThink|move: Toxic Spikes\n|\n|-damage|p2b: Clefairy|76\/100 psn|[from] psn\n|upkeep\n|\n|t:|1699988065\n|switch|p1a: Volcarona|Volcarona, F|100\/100\n|turn|5\n|\n|t:|1699988073\n|move|p2b: Clefairy|Follow Me|p2b: Clefairy\n|-singleturn|p2b: Clefairy|move: Follow Me\n|move|p2a: Chien-Pao|Crunch|p1a: Volcarona\n|-damage|p1a: Volcarona|19\/100\n|-unboost|p1a: Volcarona|def|1\n|-status|p2a: Chien-Pao|brn|[from] ability: Flame Body|[of] p1a: Volcarona\n|move|p1a: Volcarona|Quiver Dance|p1a: Volcarona\n|-boost|p1a: Volcarona|spa|1\n|-boost|p1a: Volcarona|spd|1\n|-boost|p1a: Volcarona|spe|1\n|move|p1b: Forretress|Spikes|p2b: Clefairy\n|-sidestart|p2: DragsIThink|Spikes\n|\n|-damage|p2b: Clefairy|64\/100 psn|[from] psn\n|-damage|p2a: Chien-Pao|0 fnt|[from] brn\n|faint|p2a: Chien-Pao\n|upkeep\n|\n|t:|1699988084\n|switch|p2a: Kommo-o|Kommo-o, M|100\/100\n|-damage|p2a: Kommo-o|94\/100|[from] Stealth Rock\n|-status|p2a: Kommo-o|tox\n|-damage|p2a: Kommo-o|82\/100 tox|[from] Spikes\n|turn|6\n|\n|t:|1699988108\n|move|p2b: Clefairy|Follow Me|p2b: Clefairy\n|-singleturn|p2b: Clefairy|move: Follow Me\n|move|p1a: Volcarona|Fiery Dance|p2b: Clefairy\n|-crit|p2b: Clefairy\n|-damage|p2b: Clefairy|0 fnt\n|faint|p2b: Clefairy\n|move|p2a: Kommo-o|Clanging Scales|p1a: Volcarona|[spread] p1a,p1b\n|-resisted|p1b: Forretress\n|-damage|p1a: Volcarona|0 fnt\n|-damage|p1b: Forretress|0 fnt\n|faint|p1a: Volcarona\n|faint|p1b: Forretress\n|-unboost|p2a: Kommo-o|def|1\n|-enditem|p2a: Kommo-o|Throat Spray\n|-boost|p2a: Kommo-o|spa|1|[from] item: Throat Spray\n|\n|-damage|p2a: Kommo-o|76\/100 tox|[from] psn\n|upkeep\n|\n|t:|1699988122\n|switch|p1a: Mandibuzz|Mandibuzz, F|100\/100\n|switch|p1b: Goodra|Goodra-Hisui, M|100\/100\n|switch|p2b: Ursaluna|Ursaluna-Bloodmoon, M|100\/100\n|-damage|p2b: Ursaluna|94\/100|[from] Stealth Rock\n|-status|p2b: Ursaluna|tox\n|-damage|p2b: Ursaluna|82\/100 tox|[from] Spikes\n|turn|7\n|\n|t:|1699988138\n|-terastallize|p1b: Goodra|Flying\n|move|p2a: Kommo-o|Clanging Scales|p1a: Mandibuzz|[spread] p1a,p1b\n|-damage|p1a: Mandibuzz|63\/100\n|-damage|p1b: Goodra|71\/100\n|-unboost|p2a: Kommo-o|def|1\n|move|p2b: Ursaluna|Hyper Voice|p1b: Goodra|[spread] p1a,p1b\n|-damage|p1a: Mandibuzz|35\/100\n|-damage|p1b: Goodra|51\/100\n|-enditem|p2b: Ursaluna|Throat Spray\n|-boost|p2b: Ursaluna|spa|1|[from] item: Throat Spray\n|move|p1a: Mandibuzz|Whirlwind|p2a: Kommo-o\n|drag|p2a: Sinistcha|Sinistcha|100\/100\n|-damage|p2a: Sinistcha|88\/100|[from] Stealth Rock\n|-status|p2a: Sinistcha|tox\n|-damage|p2a: Sinistcha|76\/100 tox|[from] Spikes\n|-heal|p2b: Ursaluna|100\/100 tox|[from] ability: Hospitality|[of] p2a: Sinistcha\n|move|p1b: Goodra|Dragon Tail|p2b: Ursaluna\n|-damage|p2b: Ursaluna|87\/100 tox\n|drag|p2b: Kommo-o|Kommo-o, M|76\/100 tox\n|-damage|p2b: Kommo-o|70\/100 tox|[from] Stealth Rock\n|-damage|p2b: Kommo-o|57\/100 tox|[from] Spikes\n|\n|-heal|p1a: Mandibuzz|41\/100|[from] item: Leftovers\n|-heal|p2a: Sinistcha|82\/100 tox|[from] item: Leftovers\n|-damage|p2b: Kommo-o|51\/100 tox|[from] psn\n|-damage|p2a: Sinistcha|76\/100 tox|[from] psn\n|upkeep\n|turn|8\n|inactive|conorjr has 120 seconds left.\n|\n|t:|1699988172\n|move|p2b: Kommo-o|Clanging Scales|p1b: Goodra|[spread] p1a,p1b\n|-damage|p1a: Mandibuzz|19\/100\n|-damage|p1b: Goodra|32\/100\n|-unboost|p2b: Kommo-o|def|1\n|move|p1a: Mandibuzz|Knock Off|p2a: Sinistcha\n|-supereffective|p2a: Sinistcha\n|-damage|p2a: Sinistcha|43\/100 tox\n|-enditem|p2a: Sinistcha|Leftovers|[from] move: Knock Off|[of] p1a: Mandibuzz\n|move|p2a: Sinistcha|Matcha Gotcha|p1a: Mandibuzz|[spread] p1a\n|-ability|p1b: Goodra|Sap Sipper|boost\n|-boost|p1b: Goodra|atk|1\n|-resisted|p1a: Mandibuzz\n|-damage|p1a: Mandibuzz|10\/100\n|-heal|p2a: Sinistcha|48\/100 tox|[from] drain|[of] p1a: Mandibuzz\n|-status|p1a: Mandibuzz|brn\n|move|p1b: Goodra|Ice Beam|p2b: Kommo-o\n|-supereffective|p2b: Kommo-o\n|-damage|p2b: Kommo-o|1\/100 tox\n|\n|-heal|p1a: Mandibuzz|17\/100 brn|[from] item: Leftovers\n|-damage|p2b: Kommo-o|0 fnt|[from] psn\n|faint|p2b: Kommo-o\n|-damage|p2a: Sinistcha|36\/100 tox|[from] psn\n|-damage|p1a: Mandibuzz|10\/100 brn|[from] brn\n|upkeep\n|inactive|DragsIThink has 120 seconds left.\n|\n|t:|1699988196\n|switch|p2b: Ursaluna|Ursaluna-Bloodmoon, M|87\/100 tox\n|-damage|p2b: Ursaluna|81\/100 tox|[from] Stealth Rock\n|-damage|p2b: Ursaluna|69\/100 tox|[from] Spikes\n|turn|9\n|\n|t:|1699988205\n|move|p1a: Mandibuzz|Roost|p1a: Mandibuzz\n|-heal|p1a: Mandibuzz|60\/100 brn\n|-singleturn|p1a: Mandibuzz|move: Roost\n|move|p2a: Sinistcha|Matcha Gotcha|p1b: Goodra|[spread] p1a\n|-ability|p1b: Goodra|Sap Sipper|boost\n|-boost|p1b: Goodra|atk|1\n|-damage|p1a: Mandibuzz|43\/100 brn\n|-heal|p2a: Sinistcha|46\/100 tox|[from] drain|[of] p1a: Mandibuzz\n|move|p1b: Goodra|Ice Beam|p2a: Sinistcha\n|-supereffective|p2a: Sinistcha\n|-damage|p2a: Sinistcha|0 fnt\n|faint|p2a: Sinistcha\n|move|p2b: Ursaluna|Blood Moon|p1b: Goodra\n|-damage|p1b: Goodra|0 fnt\n|faint|p1b: Goodra\n|\n|-heal|p1a: Mandibuzz|50\/100 brn|[from] item: Leftovers\n|-damage|p2b: Ursaluna|63\/100 tox|[from] psn\n|-damage|p1a: Mandibuzz|43\/100 brn|[from] brn\n|upkeep\n|turn|10\n|\n|t:|1699988227\n|move|p1a: Mandibuzz|Knock Off|p2b: Ursaluna\n|-damage|p2b: Ursaluna|57\/100 tox\n|move|p2b: Ursaluna|Hyper Voice|p1a: Mandibuzz\n|-damage|p1a: Mandibuzz|6\/100 brn\n|\n|-heal|p1a: Mandibuzz|12\/100 brn|[from] item: Leftovers\n|-damage|p2b: Ursaluna|45\/100 tox|[from] psn\n|-damage|p1a: Mandibuzz|6\/100 brn|[from] brn\n|upkeep\n|turn|11\n|\n|t:|1699988235\n|move|p1a: Mandibuzz|Roost|p1a: Mandibuzz\n|-heal|p1a: Mandibuzz|56\/100 brn\n|-singleturn|p1a: Mandibuzz|move: Roost\n|move|p2b: Ursaluna|Blood Moon|p1a: Mandibuzz\n|-damage|p1a: Mandibuzz|1\/100 brn\n|\n|-heal|p1a: Mandibuzz|8\/100 brn|[from] item: Leftovers\n|-damage|p2b: Ursaluna|27\/100 tox|[from] psn\n|-damage|p1a: Mandibuzz|1\/100 brn|[from] brn\n|upkeep\n|turn|12\n|\n|t:|1699988250\n|move|p1a: Mandibuzz|Roost|p1a: Mandibuzz\n|-heal|p1a: Mandibuzz|51\/100 brn\n|-singleturn|p1a: Mandibuzz|move: Roost\n|move|p2b: Ursaluna|Hyper Voice|p1a: Mandibuzz\n|-damage|p1a: Mandibuzz|14\/100 brn\n|\n|-heal|p1a: Mandibuzz|21\/100 brn|[from] item: Leftovers\n|-damage|p2b: Ursaluna|3\/100 tox|[from] psn\n|-damage|p1a: Mandibuzz|14\/100 brn|[from] brn\n|upkeep\n|turn|13\n|\n|t:|1699988261\n|move|p1a: Mandibuzz|Knock Off|p2b: Ursaluna\n|-damage|p2b: Ursaluna|0 fnt\n|faint|p2b: Ursaluna\n|\n|win|conorjr\n|raw|conorjr's rating: 1019 &rarr; <strong>1061<\/strong><br \/>(+42 for winning)\n|raw|DragsIThink's rating: 1066 &rarr; <strong>1043<\/strong><br \/>(-23 for losing)\n|l|\u2606conorjr\n","uploadtime":1699988271,"views":6,"p1id":"conorjr","p2id":"dragsithink","formatid":"gen9doublesou","rating":1043,"private":0,"password":""}