{"id":"gen9doublesou-1985681834","p1":"VikrThe","p2":"VioletStargazer","format":"[Gen 9] Doubles OU","log":"|j|\u2606VikrThe\n|j|\u2606VioletStargazer\n|t:|1699395270\n|gametype|doubles\n|player|p1|VikrThe|266|1363\n|player|p2|VioletStargazer|clair|1495\n|teamsize|p1|6\n|teamsize|p2|6\n|gen|9\n|tier|[Gen 9] Doubles OU\n|rated|\n|rule|Species Clause: Limit one of each Pok\u00e9mon\n|rule|OHKO Clause: OHKO moves are banned\n|rule|Evasion Moves Clause: Evasion moves are banned\n|rule|Gravity Sleep Clause: The combination of sleep-inducing moves with imperfect accuracy and Gravity or Gigantamax Orbeetle are banned\n|rule|Endless Battle Clause: Forcing endless battles is banned\n|rule|HP Percentage Mod: HP is shown in percentages\n|clearpoke\n|poke|p1|Ninetales-Alola, M|\n|poke|p1|Baxcalibur, M|\n|poke|p1|Regieleki|\n|poke|p1|Cetitan, F|\n|poke|p1|Kommo-o, F|\n|poke|p1|Iron Bundle|\n|poke|p2|Roaring Moon|\n|poke|p2|Ursaluna-Bloodmoon, M|\n|poke|p2|Chien-Pao|\n|poke|p2|Ogerpon-Wellspring, F|\n|poke|p2|Heatran, F|\n|poke|p2|Tornadus, M|\n|teampreview\n|\n|t:|1699395318\n|start\n|switch|p1a: Cetitan|Cetitan, F|100\/100\n|switch|p1b: Ninetales|Ninetales-Alola, M|100\/100\n|switch|p2a: Roaring Moon|Roaring Moon|100\/100\n|switch|p2b: Heatran|Heatran, F|100\/100\n|-weather|Snow|[from] ability: Snow Warning|[of] p1b: Ninetales\n|-enditem|p2a: Roaring Moon|Booster Energy\n|-activate|p2a: Roaring Moon|ability: Protosynthesis|[fromitem]\n|-start|p2a: Roaring Moon|protosynthesisatk\n|turn|1\n|\n|t:|1699395334\n|move|p1a: Cetitan|Belly Drum|p1a: Cetitan\n|-damage|p1a: Cetitan|50\/100\n|-setboost|p1a: Cetitan|atk|6|[from] move: Belly Drum\n|-enditem|p1a: Cetitan|Sitrus Berry|[eat]\n|-heal|p1a: Cetitan|75\/100|[from] item: Sitrus Berry\n|move|p1b: Ninetales|Aurora Veil|p1b: Ninetales\n|-sidestart|p1: VikrThe|move: Aurora Veil\n|move|p2a: Roaring Moon|Knock Off|p1a: Cetitan\n|-damage|p1a: Cetitan|53\/100\n|move|p2b: Heatran|Stealth Rock|p1a: Cetitan\n|-sidestart|p1: VikrThe|move: Stealth Rock\n|\n|-weather|Snow|[upkeep]\n|upkeep\n|turn|2\n|\n|t:|1699395360\n|-terastallize|p2a: Roaring Moon|Fire\n|move|p1a: Cetitan|Ice Spinner|p2a: Roaring Moon\n|-resisted|p2a: Roaring Moon\n|-damage|p2a: Roaring Moon|11\/100\n|move|p1b: Ninetales|Encore|p2b: Heatran\n|-start|p2b: Heatran|Encore\n|move|p2a: Roaring Moon|Dragon Dance|p2a: Roaring Moon\n|-boost|p2a: Roaring Moon|atk|1\n|-boost|p2a: Roaring Moon|spe|1\n|move|p2b: Heatran|Stealth Rock||[still]\n|-fail|p2b: Heatran\n|\n|-weather|Snow|[upkeep]\n|upkeep\n|turn|3\n|\n|t:|1699395386\n|switch|p2b: Tornadus|Tornadus, M|100\/100\n|move|p1a: Cetitan|High Horsepower|p2a: Roaring Moon\n|-supereffective|p2a: Roaring Moon\n|-damage|p2a: Roaring Moon|0 fnt\n|faint|p2a: Roaring Moon\n|-end|p2a: Roaring Moon|Protosynthesis|[silent]\n|move|p1b: Ninetales|Blizzard|p2b: Tornadus\n|-supereffective|p2b: Tornadus\n|-enditem|p2b: Tornadus|Yache Berry|[eat]\n|-enditem|p2b: Tornadus|Yache Berry|[weaken]\n|-damage|p2b: Tornadus|62\/100\n|\n|-weather|Snow|[upkeep]\n|upkeep\n|\n|t:|1699395399\n|switch|p2a: Chien-Pao|Chien-Pao|100\/100\n|-ability|p2a: Chien-Pao|Sword of Ruin\n|turn|4\n|\n|t:|1699395447\n|move|p2b: Tornadus|Tailwind|p2b: Tornadus\n|-sidestart|p2: VioletStargazer|move: Tailwind\n|move|p2a: Chien-Pao|Brick Break|p1a: Cetitan\n|-sideend|p1: VikrThe|move: Aurora Veil\n|-supereffective|p1a: Cetitan\n|-damage|p1a: Cetitan|7\/100\n|move|p1a: Cetitan|Ice Spinner|p2a: Chien-Pao\n|-resisted|p2a: Chien-Pao\n|-damage|p2a: Chien-Pao|30\/100\n|move|p1b: Ninetales|Blizzard|p2b: Tornadus|[spread] p2a,p2b\n|-resisted|p2a: Chien-Pao\n|-supereffective|p2b: Tornadus\n|-damage|p2a: Chien-Pao|12\/100\n|-damage|p2b: Tornadus|4\/100\n|\n|-weather|Snow|[upkeep]\n|upkeep\n|turn|5\n|\n|t:|1699395473\n|switch|p2b: Heatran|Heatran, F|100\/100\n|switch|p1b: Kommo-o|Kommo-o, F|100\/100\n|-damage|p1b: Kommo-o|94\/100|[from] Stealth Rock\n|move|p2a: Chien-Pao|Sucker Punch|p1a: Cetitan\n|-damage|p1a: Cetitan|0 fnt\n|faint|p1a: Cetitan\n|\n|-weather|none\n|upkeep\n|\n|t:|1699395484\n|switch|p1a: Ninetales|Ninetales-Alola, M|100\/100\n|-damage|p1a: Ninetales|76\/100|[from] Stealth Rock\n|-weather|Snow|[from] ability: Snow Warning|[of] p1a: Ninetales\n|turn|6\n|\n|t:|1699395492\n|move|p2a: Chien-Pao|Ice Spinner|p1b: Kommo-o\n|-supereffective|p1b: Kommo-o\n|-damage|p1b: Kommo-o|0 fnt\n|faint|p1b: Kommo-o\n|move|p2b: Heatran|Heat Wave|p1a: Ninetales\n|-supereffective|p1a: Ninetales\n|-damage|p1a: Ninetales|0 fnt\n|faint|p1a: Ninetales\n|-damage|p2b: Heatran|91\/100|[from] item: Life Orb\n|\n|-weather|Snow|[upkeep]\n|upkeep\n|\n|t:|1699395517\n|switch|p1a: Iron Bundle|Iron Bundle|100\/100\n|switch|p1b: Baxcalibur|Baxcalibur, M|100\/100\n|-damage|p1a: Iron Bundle|76\/100|[from] Stealth Rock\n|-damage|p1b: Baxcalibur|76\/100|[from] Stealth Rock\n|-enditem|p1a: Iron Bundle|Booster Energy\n|-activate|p1a: Iron Bundle|ability: Quark Drive|[fromitem]\n|-start|p1a: Iron Bundle|quarkdrivespe\n|turn|7\n|\n|t:|1699395532\n|move|p1a: Iron Bundle|Protect|p1a: Iron Bundle\n|-singleturn|p1a: Iron Bundle|Protect\n|move|p2b: Heatran|Protect|p2b: Heatran\n|-singleturn|p2b: Heatran|Protect\n|move|p2a: Chien-Pao|Sucker Punch||[still]\n|-fail|p2a: Chien-Pao\n|move|p1b: Baxcalibur|Swords Dance|p1b: Baxcalibur\n|-boost|p1b: Baxcalibur|atk|2\n|\n|-weather|Snow|[upkeep]\n|-sideend|p2: VioletStargazer|move: Tailwind\n|upkeep\n|turn|8\n|\n|t:|1699395562\n|move|p2a: Chien-Pao|Sucker Punch|p1a: Iron Bundle\n|-crit|p1a: Iron Bundle\n|-damage|p1a: Iron Bundle|22\/100\n|move|p1a: Iron Bundle|Hydro Pump|p2b: Heatran\n|-supereffective|p2b: Heatran\n|-damage|p2b: Heatran|27\/100\n|move|p1b: Baxcalibur|Scale Shot|p2a: Chien-Pao\n|-damage|p2a: Chien-Pao|0 fnt\n|faint|p2a: Chien-Pao\n|-hitcount|p2: Chien-Pao|1\n|-unboost|p1b: Baxcalibur|def|1\n|-boost|p1b: Baxcalibur|spe|1\n|move|p2b: Heatran|Earth Power|p1b: Baxcalibur\n|-damage|p1b: Baxcalibur|40\/100\n|-damage|p2b: Heatran|17\/100|[from] item: Life Orb\n|\n|-weather|Snow|[upkeep]\n|upkeep\n|\n|t:|1699395581\n|switch|p2a: Ogerpon|Ogerpon-Wellspring, F|100\/100\n|turn|9\n|\n|t:|1699395597\n|move|p2a: Ogerpon|Follow Me|p2a: Ogerpon\n|-singleturn|p2a: Ogerpon|move: Follow Me\n|move|p1a: Iron Bundle|Blizzard|p2b: Heatran|[spread] p2a,p2b\n|-resisted|p2b: Heatran\n|-damage|p2a: Ogerpon|53\/100\n|-damage|p2b: Heatran|11\/100\n|move|p1b: Baxcalibur|Icicle Spear|p2a: Ogerpon\n|-damage|p2a: Ogerpon|14\/100\n|-damage|p2a: Ogerpon|0 fnt\n|faint|p2a: Ogerpon\n|-hitcount|p2: Ogerpon|2\n|move|p2b: Heatran|Earth Power|p1b: Baxcalibur\n|-damage|p1b: Baxcalibur|3\/100\n|-damage|p2b: Heatran|1\/100|[from] item: Life Orb\n|\n|-weather|Snow|[upkeep]\n|upkeep\n|\n|t:|1699395613\n|switch|p2a: Tornadus|Tornadus, M|4\/100\n|turn|10\n|\n|t:|1699395623\n|move|p1b: Baxcalibur|Protect|p1b: Baxcalibur\n|-singleturn|p1b: Baxcalibur|Protect\n|move|p2b: Heatran|Protect|p2b: Heatran\n|-singleturn|p2b: Heatran|Protect\n|move|p2a: Tornadus|Tailwind|p2a: Tornadus\n|-sidestart|p2: VioletStargazer|move: Tailwind\n|move|p1a: Iron Bundle|Blizzard|p2a: Tornadus|[spread] p2a\n|-activate|p2b: Heatran|move: Protect\n|-supereffective|p2a: Tornadus\n|-damage|p2a: Tornadus|0 fnt\n|faint|p2a: Tornadus\n|\n|-weather|none\n|upkeep\n|\n|t:|1699395637\n|switch|p2a: Ursaluna|Ursaluna-Bloodmoon, M|100\/100\n|turn|11\n|\n|t:|1699395649\n|move|p1a: Iron Bundle|Hydro Pump|p2b: Heatran\n|-supereffective|p2b: Heatran\n|-damage|p2b: Heatran|0 fnt\n|faint|p2b: Heatran\n|move|p1b: Baxcalibur|Icicle Spear|p2a: Ursaluna\n|-supereffective|p2a: Ursaluna\n|-damage|p2a: Ursaluna|65\/100\n|-supereffective|p2a: Ursaluna\n|-damage|p2a: Ursaluna|25\/100\n|-supereffective|p2a: Ursaluna\n|-damage|p2a: Ursaluna|0 fnt\n|faint|p2a: Ursaluna\n|-hitcount|p2: Ursaluna|3\n|\n|win|VikrThe\n|raw|VikrThe's rating: 1363 &rarr; <strong>1390<\/strong><br \/>(+27 for winning)\n|raw|VioletStargazer's rating: 1495 &rarr; <strong>1468<\/strong><br \/>(-27 for losing)\n|l|\u2606VioletStargazer\n|l|\u2606VikrThe\n|j|\u2606VikrThe\n|player|p1|VikrThe|266\n","uploadtime":1699395659,"views":15,"p1id":"vikrthe","p2id":"violetstargazer","formatid":"gen9doublesou","rating":1390,"private":0,"password":""}