{"id":"gen9doublesou-1971990953","p1":"serfer123451","p2":"SpiderOmar","format":"[Gen 9] Doubles OU","log":"|j|\u2606serfer123451\n|j|\u2606SpiderOmar\n|t:|1697802182\n|gametype|doubles\n|player|p1|serfer123451|101|\n|player|p2|SpiderOmar|riley|\n|teamsize|p1|6\n|teamsize|p2|6\n|gen|9\n|tier|[Gen 9] Doubles OU\n|rule|Species Clause: Limit one of each Pok\u00e9mon\n|rule|OHKO Clause: OHKO moves are banned\n|rule|Evasion Moves Clause: Evasion moves are banned\n|rule|Gravity Sleep Clause: The combination of sleep-inducing moves with imperfect accuracy and Gravity or Gigantamax Orbeetle are banned\n|rule|Endless Battle Clause: Forcing endless battles is banned\n|rule|HP Percentage Mod: HP is shown in percentages\n|clearpoke\n|poke|p1|Rillaboom, M|\n|poke|p1|Ogerpon-Hearthflame, F|\n|poke|p1|Chien-Pao|\n|poke|p1|Dragonite, M|\n|poke|p1|Flutter Mane|\n|poke|p1|Kleavor, M|\n|poke|p2|Okidogi, M|\n|poke|p2|Flutter Mane|\n|poke|p2|Ogerpon-Hearthflame, F|\n|poke|p2|Ursaluna-Bloodmoon, M|\n|poke|p2|Amoonguss, M|\n|poke|p2|Torkoal, M|\n|teampreview\n|c|\u2606serfer123451|G\n|c|\u2606serfer123451|L\n|c|\u2606SpiderOmar|u2\n|c|\u2606serfer123451|Bascu got banned had tomake adjstments rq XD\n|\n|t:|1697802241\n|start\n|switch|p1a: Chien-Pao|Chien-Pao|100\/100\n|switch|p1b: Kleavor|Kleavor, M|100\/100\n|switch|p2a: Torkoal|Torkoal, M|100\/100\n|switch|p2b: Ogerpon|Ogerpon-Hearthflame, F|100\/100\n|-ability|p1a: Chien-Pao|Sword of Ruin\n|-ability|p2b: Ogerpon|Mold Breaker\n|-weather|SunnyDay|[from] ability: Drought|[of] p2a: Torkoal\n|turn|1\n|\n|t:|1697802296\n|move|p1a: Chien-Pao|Protect|p1a: Chien-Pao\n|-singleturn|p1a: Chien-Pao|Protect\n|move|p2b: Ogerpon|Protect|p2b: Ogerpon\n|-singleturn|p2b: Ogerpon|Protect\n|move|p1b: Kleavor|Stone Axe|p2b: Ogerpon\n|-activate|p2b: Ogerpon|move: Protect\n|move|p2a: Torkoal|Eruption|p1a: Chien-Pao|[spread] p1b\n|-activate|p1a: Chien-Pao|move: Protect\n|-damage|p1b: Kleavor|0 fnt\n|faint|p1b: Kleavor\n|\n|-weather|SunnyDay|[upkeep]\n|upkeep\n|c|\u2606SpiderOmar|mb didn't see your msg earlier but\n|c|\u2606SpiderOmar|rip bascu\n|\n|t:|1697802335\n|switch|p1b: Flutter Mane|Flutter Mane|100\/100\n|-activate|p1b: Flutter Mane|ability: Protosynthesis\n|-start|p1b: Flutter Mane|protosynthesisspe\n|turn|2\n|c|\u2606SpiderOmar|bro got banned yet ursauna still exists\n|\n|t:|1697802355\n|move|p1b: Flutter Mane|Shadow Ball|p2a: Torkoal\n|-damage|p2a: Torkoal|24\/100\n|move|p1a: Chien-Pao|Icicle Crash|p2b: Ogerpon\n|-damage|p2b: Ogerpon|22\/100\n|move|p2b: Ogerpon|Trailblaze|p1b: Flutter Mane\n|-damage|p1b: Flutter Mane|21\/100\n|-boost|p2b: Ogerpon|spe|1\n|move|p2a: Torkoal|Eruption|p1b: Flutter Mane|[spread] p1a,p1b\n|-supereffective|p1a: Chien-Pao\n|-damage|p1a: Chien-Pao|43\/100\n|-damage|p1b: Flutter Mane|3\/100\n|\n|-weather|SunnyDay|[upkeep]\n|-heal|p2a: Torkoal|31\/100|[from] item: Leftovers\n|upkeep\n|turn|3\n|c|\u2606serfer123451|Fr xd\n|\n|t:|1697802394\n|move|p1a: Chien-Pao|Sucker Punch|p2b: Ogerpon\n|-damage|p2b: Ogerpon|0 fnt\n|faint|p2b: Ogerpon\n|move|p1b: Flutter Mane|Shadow Ball|p2a: Torkoal\n|-damage|p2a: Torkoal|0 fnt\n|faint|p2a: Torkoal\n|\n|-weather|SunnyDay|[upkeep]\n|upkeep\n|\n|t:|1697802404\n|switch|p2b: Okidogi|Okidogi, M|100\/100\n|switch|p2a: Flutter Mane|Flutter Mane|100\/100\n|-activate|p2a: Flutter Mane|ability: Protosynthesis\n|-start|p2a: Flutter Mane|protosynthesisspe\n|turn|4\n|\n|t:|1697802428\n|move|p1a: Chien-Pao|Sucker Punch||[still]\n|-fail|p1a: Chien-Pao\n|move|p1b: Flutter Mane|Shadow Ball|p2b: Okidogi\n|-damage|p2b: Okidogi|60\/100\n|move|p2b: Okidogi|Knock Off|p1b: Flutter Mane\n|-damage|p1b: Flutter Mane|0 fnt\n|-enditem|p1b: Flutter Mane|Choice Specs|[from] move: Knock Off|[of] p2b: Okidogi\n|faint|p1b: Flutter Mane\n|-end|p1b: Flutter Mane|Protosynthesis|[silent]\n|move|p2a: Flutter Mane|Trick Room|p2a: Flutter Mane\n|-fieldstart|move: Trick Room|[of] p2a: Flutter Mane\n|\n|-weather|SunnyDay|[upkeep]\n|upkeep\n|\n|t:|1697802456\n|switch|p1b: Dragonite|Dragonite, M|100\/100\n|turn|5\n|\n|t:|1697802482\n|-end|p2a: Flutter Mane|Protosynthesis|[silent]\n|switch|p2a: Ursaluna|Ursaluna-Bloodmoon, M|100\/100\n|-terastallize|p1b: Dragonite|Normal\n|move|p1a: Chien-Pao|Protect|p1a: Chien-Pao\n|-singleturn|p1a: Chien-Pao|Protect\n|move|p1b: Dragonite|Stomping Tantrum|p2b: Okidogi\n|-supereffective|p2b: Okidogi\n|-damage|p2b: Okidogi|0 fnt\n|faint|p2b: Okidogi\n|\n|-weather|none\n|upkeep\n|c|\u2606serfer123451|Trick room f\n|\n|t:|1697802492\n|switch|p2b: Amoonguss|Amoonguss, M|100\/100\n|turn|6\n|\n|t:|1697802522\n|switch|p1b: Rillaboom|Rillaboom, M|100\/100\n|-fieldstart|move: Grassy Terrain|[from] ability: Grassy Surge|[of] p1b: Rillaboom\n|move|p2b: Amoonguss|Spore|p1b: Rillaboom\n|-immune|p1b: Rillaboom\n|move|p2a: Ursaluna|Earth Power|p1a: Chien-Pao\n|-damage|p1a: Chien-Pao|0 fnt\n|faint|p1a: Chien-Pao\n|\n|upkeep\n|c|\u2606SpiderOmar|sad\n|\n|t:|1697802547\n|switch|p1a: Dragonite|Dragonite, M, tera:Normal|100\/100\n|turn|7\n|\n|t:|1697802558\n|move|p1b: Rillaboom|Fake Out|p2b: Amoonguss\n|-damage|p2b: Amoonguss|89\/100\n|cant|p2b: Amoonguss|flinch\n|move|p1a: Dragonite|Extreme Speed|p2a: Ursaluna\n|-damage|p2a: Ursaluna|50\/100\n|-enditem|p2a: Ursaluna|Sitrus Berry|[eat]\n|-heal|p2a: Ursaluna|75\/100|[from] item: Sitrus Berry\n|move|p2a: Ursaluna|Calm Mind|p2a: Ursaluna\n|-boost|p2a: Ursaluna|spa|1\n|-boost|p2a: Ursaluna|spd|1\n|\n|-heal|p2b: Amoonguss|95\/100|[from] Grassy Terrain\n|-heal|p2a: Ursaluna|81\/100|[from] Grassy Terrain\n|upkeep\n|turn|8\n|\n|t:|1697802588\n|switch|p1a: Ogerpon|Ogerpon-Hearthflame, F|100\/100\n|-ability|p1a: Ogerpon|Mold Breaker\n|move|p2b: Amoonguss|Rage Powder|p2b: Amoonguss\n|-singleturn|p2b: Amoonguss|move: Rage Powder\n|move|p2a: Ursaluna|Blood Moon|p1b: Rillaboom\n|-damage|p1b: Rillaboom|21\/100\n|move|p1b: Rillaboom|Wood Hammer|p2a: Ursaluna\n|-supereffective|p2a: Ursaluna\n|-damage|p2a: Ursaluna|0 fnt\n|faint|p2a: Ursaluna\n|-damage|p1b: Rillaboom|0 fnt|[from] Recoil\n|faint|p1b: Rillaboom\n|\n|-heal|p2b: Amoonguss|100\/100|[from] Grassy Terrain\n|-fieldend|move: Trick Room\n|upkeep\n|c|\u2606SpiderOmar|i am confused\n|c|\u2606SpiderOmar|af\n|\n|t:|1697802615\n|switch|p1b: Dragonite|Dragonite, M, tera:Normal|100\/100\n|switch|p2a: Flutter Mane|Flutter Mane|100\/100\n|turn|9\n|c|\u2606serfer123451|Rage powder works on grass types?\n|\n|t:|1697802637\n|-terastallize|p2b: Amoonguss|Water\n|move|p2a: Flutter Mane|Shadow Ball|p1a: Ogerpon\n|-damage|p1a: Ogerpon|63\/100\n|-unboost|p1a: Ogerpon|spd|1\n|move|p1a: Ogerpon|Ivy Cudgel|p2b: Amoonguss\n|-resisted|p2b: Amoonguss\n|-damage|p2b: Amoonguss|75\/100\n|move|p1b: Dragonite|Aerial Ace|p2b: Amoonguss\n|-damage|p2b: Amoonguss|38\/100\n|-enditem|p2b: Amoonguss|Sitrus Berry|[eat]\n|-heal|p2b: Amoonguss|63\/100|[from] item: Sitrus Berry\n|move|p2b: Amoonguss|Spore|p1b: Dragonite\n|-status|p1b: Dragonite|slp|[from] move: Spore\n|\n|-heal|p1a: Ogerpon|69\/100|[from] Grassy Terrain\n|-heal|p2b: Amoonguss|69\/100|[from] Grassy Terrain\n|upkeep\n|turn|10\n|c|\u2606SpiderOmar|ah\n|c|\u2606SpiderOmar|since it's a powder move doesn't work\n|c|\u2606serfer123451|Ic\n|c|\u2606SpiderOmar|a bit sad\n|\n|t:|1697802718\n|move|p1a: Ogerpon|Grassy Glide|p2a: Flutter Mane\n|-damage|p2a: Flutter Mane|38\/100\n|-enditem|p2a: Flutter Mane|Sitrus Berry|[eat]\n|-heal|p2a: Flutter Mane|63\/100|[from] item: Sitrus Berry\n|move|p2a: Flutter Mane|Shadow Ball|p1a: Ogerpon\n|-damage|p1a: Ogerpon|19\/100\n|cant|p1b: Dragonite|slp\n|move|p2b: Amoonguss|Leaf Storm|p1b: Dragonite\n|-damage|p1b: Dragonite|55\/100 slp\n|-unboost|p2b: Amoonguss|spa|2\n|\n|-heal|p2a: Flutter Mane|69\/100|[from] Grassy Terrain\n|-heal|p1a: Ogerpon|25\/100|[from] Grassy Terrain\n|-heal|p1b: Dragonite|62\/100 slp|[from] Grassy Terrain\n|-heal|p2b: Amoonguss|75\/100|[from] Grassy Terrain\n|-fieldend|move: Grassy Terrain\n|upkeep\n|turn|11\n|\n|t:|1697802744\n|move|p2a: Flutter Mane|Shadow Ball|p1a: Ogerpon\n|-damage|p1a: Ogerpon|0 fnt\n|faint|p1a: Ogerpon\n|-curestatus|p1b: Dragonite|slp|[msg]\n|move|p1b: Dragonite|Aerial Ace|p2b: Amoonguss\n|-damage|p2b: Amoonguss|32\/100\n|move|p2b: Amoonguss|Pollen Puff|p2a: Flutter Mane\n|-heal|p2a: Flutter Mane|100\/100\n|\n|upkeep\n|turn|12\n|\n|t:|1697802758\n|move|p2a: Flutter Mane|Moonblast|p1b: Dragonite\n|-damage|p1b: Dragonite|26\/100\n|move|p1b: Dragonite|Aerial Ace|p2b: Amoonguss\n|-damage|p2b: Amoonguss|0 fnt\n|faint|p2b: Amoonguss\n|\n|upkeep\n|turn|13\n|\n|t:|1697802764\n|move|p2a: Flutter Mane|Moonblast|p1b: Dragonite\n|-damage|p1b: Dragonite|0 fnt\n|faint|p1b: Dragonite\n|\n|win|SpiderOmar\n|c|\u2606serfer123451|Gg\n|c|\u2606SpiderOmar|ggs wp\n","uploadtime":1697802771,"views":14,"p1id":"serfer123451","p2id":"spideromar","formatid":"gen9doublesou","rating":0,"private":0,"password":""}