{"id":"gen9doublesou-1992333751","p1":"Metal Jester","p2":"son_of_power","format":"[Gen 9] Doubles OU","log":"|j|\u2606Metal Jester\n|j|\u2606son_of_power\n|t:|1700175749\n|gametype|doubles\n|player|p1|Metal Jester|ingo|1388\n|player|p2|son_of_power|265|1292\n|teamsize|p1|6\n|teamsize|p2|6\n|gen|9\n|tier|[Gen 9] Doubles OU\n|rated|\n|rule|Species Clause: Limit one of each Pok\u00e9mon\n|rule|OHKO Clause: OHKO moves are banned\n|rule|Evasion Moves Clause: Evasion moves are banned\n|rule|Gravity Sleep Clause: The combination of sleep-inducing moves with imperfect accuracy and Gravity or Gigantamax Orbeetle are banned\n|rule|Endless Battle Clause: Forcing endless battles is banned\n|rule|HP Percentage Mod: HP is shown in percentages\n|clearpoke\n|poke|p1|Scizor, M|\n|poke|p1|Scyther, M|\n|poke|p1|Kleavor, M|\n|poke|p1|Vivillon-Fancy, F|\n|poke|p1|Great Tusk|\n|poke|p1|Barraskewda, M|\n|poke|p2|Iron Hands|\n|poke|p2|Flutter Mane|\n|poke|p2|Ogerpon-Wellspring, F|\n|poke|p2|Landorus-Therian, M|\n|poke|p2|Roaring Moon|\n|poke|p2|Sinistcha-Masterpiece|\n|teampreview\n|inactive|Battle timer is ON: inactive players will automatically lose when time's up. (requested by Metal Jester)\n|\n|t:|1700175762\n|start\n|switch|p1a: Scyther|Scyther, M|100\/100\n|switch|p1b: Barraskewda|Barraskewda, M, shiny|100\/100\n|switch|p2a: Landorus|Landorus-Therian, M|100\/100\n|switch|p2b: Roaring Moon|Roaring Moon|100\/100\n|-ability|p2a: Landorus|Intimidate|boost\n|-unboost|p1a: Scyther|atk|1\n|-unboost|p1b: Barraskewda|atk|1\n|-enditem|p2b: Roaring Moon|Booster Energy\n|-activate|p2b: Roaring Moon|ability: Protosynthesis|[fromitem]\n|-start|p2b: Roaring Moon|protosynthesisatk\n|turn|1\n|\n|t:|1700175780\n|move|p1a: Scyther|Protect|p1a: Scyther\n|-singleturn|p1a: Scyther|Protect\n|move|p2a: Landorus|Rock Slide|p1a: Scyther|[spread] p1b\n|-activate|p1a: Scyther|move: Protect\n|-damage|p1b: Barraskewda|53\/100\n|move|p1b: Barraskewda|Close Combat|p2b: Roaring Moon\n|-supereffective|p2b: Roaring Moon\n|-damage|p2b: Roaring Moon|1\/100\n|-unboost|p1b: Barraskewda|def|1\n|-unboost|p1b: Barraskewda|spd|1\n|move|p2b: Roaring Moon|Tailwind|p2b: Roaring Moon\n|-sidestart|p2: son_of_power|move: Tailwind\n|\n|upkeep\n|turn|2\n|\n|t:|1700175798\n|-terastallize|p1a: Scyther|Fighting\n|move|p2a: Landorus|Rock Slide|p1b: Barraskewda|[spread] p1a,p1b\n|-resisted|p1a: Scyther\n|-damage|p1a: Scyther|89\/100\n|-damage|p1b: Barraskewda|0 fnt\n|faint|p1b: Barraskewda\n|move|p2b: Roaring Moon|Rock Slide|p1a: Scyther\n|-resisted|p1a: Scyther\n|-damage|p1a: Scyther|71\/100\n|cant|p1a: Scyther|flinch\n|\n|upkeep\n|\n|t:|1700175815\n|switch|p1b: Scizor|Scizor, M|100\/100\n|turn|3\n|\n|t:|1700175826\n|-end|p2b: Roaring Moon|Protosynthesis|[silent]\n|switch|p2b: Iron Hands|Iron Hands|100\/100\n|move|p1b: Scizor|Bullet Punch|p2b: Iron Hands\n|-resisted|p2b: Iron Hands\n|-damage|p2b: Iron Hands|87\/100\n|-damage|p1b: Scizor|91\/100|[from] item: Life Orb\n|move|p2a: Landorus|Rock Slide|p1a: Scyther|[spread] p1a,p1b\n|-resisted|p1a: Scyther\n|-damage|p1a: Scyther|60\/100\n|-damage|p1b: Scizor|69\/100\n|move|p1a: Scyther|Tailwind|p1a: Scyther\n|-sidestart|p1: Metal Jester|move: Tailwind\n|\n|upkeep\n|turn|4\n|\n|t:|1700175850\n|move|p1a: Scyther|Protect|p1a: Scyther\n|-singleturn|p1a: Scyther|Protect\n|move|p1b: Scizor|Protect|p1b: Scizor\n|-singleturn|p1b: Scizor|Protect\n|move|p2a: Landorus|Rock Slide|p1b: Scizor|[spread] \n|-activate|p1a: Scyther|move: Protect\n|-activate|p1b: Scizor|move: Protect\n|move|p2b: Iron Hands|Fire Punch|p1b: Scizor\n|-activate|p1b: Scizor|move: Protect\n|\n|-sideend|p2: son_of_power|move: Tailwind\n|upkeep\n|turn|5\n|\n|t:|1700175876\n|move|p1a: Scyther|Dual Wingbeat|p2a: Landorus\n|-damage|p2a: Landorus|79\/100\n|-damage|p2a: Landorus|56\/100\n|-hitcount|p2a: Landorus|2\n|move|p2a: Landorus|Rock Slide|p1a: Scyther|[spread] p1a,p1b\n|-resisted|p1a: Scyther\n|-damage|p1a: Scyther|49\/100\n|-damage|p1b: Scizor|45\/100\n|cant|p1b: Scizor|flinch\n|move|p2b: Iron Hands|Fire Punch|p1b: Scizor\n|-supereffective|p1b: Scizor\n|-crit|p1b: Scizor\n|-damage|p1b: Scizor|0 fnt\n|faint|p1b: Scizor\n|\n|upkeep\n|inactive|Metal Jester has 120 seconds left.\n|\n|t:|1700175886\n|switch|p1b: Great Tusk|Great Tusk|100\/100\n|-enditem|p1b: Great Tusk|Booster Energy\n|-activate|p1b: Great Tusk|ability: Protosynthesis|[fromitem]\n|-start|p1b: Great Tusk|protosynthesisatk\n|turn|6\n|\n|t:|1700175900\n|move|p1a: Scyther|Protect|p1a: Scyther\n|-singleturn|p1a: Scyther|Protect\n|move|p1b: Great Tusk|Headlong Rush|p2b: Iron Hands\n|-supereffective|p2b: Iron Hands\n|-damage|p2b: Iron Hands|0 fnt\n|-unboost|p1b: Great Tusk|def|1\n|-unboost|p1b: Great Tusk|spd|1\n|faint|p2b: Iron Hands\n|-end|p2b: Iron Hands|Quark Drive|[silent]\n|move|p2a: Landorus|Rock Slide|p1b: Great Tusk|[spread] p1b\n|-activate|p1a: Scyther|move: Protect\n|-resisted|p1b: Great Tusk\n|-damage|p1b: Great Tusk|94\/100\n|\n|-sideend|p1: Metal Jester|move: Tailwind\n|upkeep\n|\n|t:|1700175918\n|switch|p2b: Ogerpon|Ogerpon-Wellspring, F|100\/100\n|turn|7\n|\n|t:|1700175927\n|-end|p1b: Great Tusk|Protosynthesis|[silent]\n|switch|p1b: Kleavor|Kleavor, M, shiny|100\/100\n|move|p2a: Landorus|Rock Slide|p1b: Kleavor|[spread] p1a,p1b\n|-resisted|p1a: Scyther\n|-supereffective|p1b: Kleavor\n|-damage|p1a: Scyther|36\/100\n|-damage|p1b: Kleavor|44\/100\n|move|p2b: Ogerpon|Ivy Cudgel|p1b: Kleavor|[anim] Ivy Cudgel Water\n|-supereffective|p1b: Kleavor\n|-damage|p1b: Kleavor|0 fnt\n|faint|p1b: Kleavor\n|move|p1a: Scyther|Tailwind|p1a: Scyther\n|-sidestart|p1: Metal Jester|move: Tailwind\n|\n|upkeep\n|\n|t:|1700175942\n|switch|p1b: Great Tusk|Great Tusk|94\/100\n|turn|8\n|\n|t:|1700175948\n|move|p1a: Scyther|Dual Wingbeat|p2b: Ogerpon\n|-supereffective|p2b: Ogerpon\n|-damage|p2b: Ogerpon|53\/100\n|-supereffective|p2b: Ogerpon\n|-damage|p2b: Ogerpon|5\/100\n|-hitcount|p2b: Ogerpon|2\n|move|p1b: Great Tusk|Rock Slide|p2a: Landorus|[spread] p2a\n|-miss|p1b: Great Tusk|p2b: Ogerpon\n|-damage|p2a: Landorus|32\/100\n|move|p2a: Landorus|Rock Slide|p1b: Great Tusk|[spread] p1a,p1b\n|-resisted|p1a: Scyther\n|-resisted|p1b: Great Tusk\n|-damage|p1a: Scyther|25\/100\n|-damage|p1b: Great Tusk|90\/100\n|move|p2b: Ogerpon|Ivy Cudgel|p1b: Great Tusk|[anim] Ivy Cudgel Water\n|-supereffective|p1b: Great Tusk\n|-damage|p1b: Great Tusk|5\/100\n|\n|upkeep\n|turn|9\n|\n|t:|1700175973\n|move|p2b: Ogerpon|Spiky Shield|p2b: Ogerpon\n|-singleturn|p2b: Ogerpon|move: Protect\n|move|p1a: Scyther|Dual Wingbeat|p2a: Landorus|[miss]\n|-miss|p1a: Scyther|p2a: Landorus\n|move|p1b: Great Tusk|Rock Slide|p2b: Ogerpon|[spread] \n|-activate|p2b: Ogerpon|move: Protect\n|-miss|p1b: Great Tusk|p2a: Landorus\n|move|p2a: Landorus|Rock Slide|p1b: Great Tusk|[spread] p1a,p1b\n|-resisted|p1a: Scyther\n|-resisted|p1b: Great Tusk\n|-damage|p1a: Scyther|13\/100\n|-damage|p1b: Great Tusk|1\/100\n|\n|upkeep\n|turn|10\n|\n|t:|1700175988\n|move|p2b: Ogerpon|Spiky Shield||[still]\n|-fail|p2b: Ogerpon\n|move|p1a: Scyther|Dual Wingbeat|p2a: Landorus\n|-damage|p2a: Landorus|10\/100\n|-damage|p2a: Landorus|0 fnt\n|faint|p2a: Landorus\n|-hitcount|p2: Landorus|2\n|move|p1b: Great Tusk|Rock Slide|p2b: Ogerpon|[miss]\n|-miss|p1b: Great Tusk|p2b: Ogerpon\n|\n|-sideend|p1: Metal Jester|move: Tailwind\n|upkeep\n|\n|t:|1700176000\n|switch|p2a: Sinistcha|Sinistcha-Masterpiece|100\/100\n|-heal|p2b: Ogerpon|30\/100|[from] ability: Hospitality|[of] p2a: Sinistcha\n|turn|11\n|\n|t:|1700176012\n|move|p2b: Ogerpon|Horn Leech|p1a: Scyther\n|-damage|p1a: Scyther|0 fnt\n|-heal|p2b: Ogerpon|36\/100|[from] drain|[of] p1a: Scyther\n|faint|p1a: Scyther\n|move|p1b: Great Tusk|Rock Slide|p2b: Ogerpon|[spread] p2a,p2b\n|-damage|p2a: Sinistcha|84\/100\n|-damage|p2b: Ogerpon|11\/100\n|move|p2a: Sinistcha|Matcha Gotcha|p1b: Great Tusk\n|-supereffective|p1b: Great Tusk\n|-damage|p1b: Great Tusk|0 fnt\n|-heal|p2a: Sinistcha|84\/100|[from] drain|[of] p1b: Great Tusk\n|faint|p1b: Great Tusk\n|-end|p1b: Great Tusk|Protosynthesis|[silent]\n|\n|-heal|p2a: Sinistcha|90\/100|[from] item: Leftovers\n|upkeep\n|\n|t:|1700176025\n|switch|p1a: Vivillon|Vivillon-Fancy, F|100\/100\n|turn|12\n|\n|t:|1700176039\n|move|p2b: Ogerpon|Leech Seed|p1a: Vivillon|[miss]\n|-miss|p2b: Ogerpon|p1a: Vivillon\n|move|p1a: Vivillon|Hurricane|p2b: Ogerpon\n|-supereffective|p2b: Ogerpon\n|-damage|p2b: Ogerpon|0 fnt\n|faint|p2b: Ogerpon\n|move|p2a: Sinistcha|Matcha Gotcha|p1a: Vivillon\n|-resisted|p1a: Vivillon\n|-damage|p1a: Vivillon|82\/100\n|-heal|p2a: Sinistcha|98\/100|[from] drain|[of] p1a: Vivillon\n|\n|-heal|p2a: Sinistcha|100\/100|[from] item: Leftovers\n|upkeep\n|\n|t:|1700176052\n|switch|p2b: Roaring Moon|Roaring Moon|1\/100\n|turn|13\n|\n|t:|1700176063\n|-terastallize|p2b: Roaring Moon|Flying\n|move|p2b: Roaring Moon|Acrobatics|p1a: Vivillon\n|-supereffective|p1a: Vivillon\n|-damage|p1a: Vivillon|0 fnt\n|faint|p1a: Vivillon\n|\n|win|son_of_power\n|raw|Metal Jester's rating: 1388 &rarr; <strong>1363<\/strong><br \/>(-25 for losing)\n|raw|son_of_power's rating: 1292 &rarr; <strong>1324<\/strong><br \/>(+32 for winning)\n","uploadtime":1700176066,"views":10,"p1id":"metaljester","p2id":"sonofpower","formatid":"gen9doublesou","rating":1324,"private":0,"password":""}