{"id":"gen9doublesou-1974733877","p1":"IsItZapdos","p2":"Yoriito","format":"[Gen 9] Doubles OU","log":"|j|\u2606IsItZapdos\n|j|\u2606Yoriito\n|t:|1698115577\n|gametype|doubles\n|player|p1|IsItZapdos|1|1226\n|player|p2|Yoriito|ethan|1189\n|teamsize|p1|6\n|teamsize|p2|6\n|gen|9\n|tier|[Gen 9] Doubles OU\n|rated|\n|rule|Species Clause: Limit one of each Pok\u00e9mon\n|rule|OHKO Clause: OHKO moves are banned\n|rule|Evasion Moves Clause: Evasion moves are banned\n|rule|Gravity Sleep Clause: The combination of sleep-inducing moves with imperfect accuracy and Gravity or Gigantamax Orbeetle are banned\n|rule|Endless Battle Clause: Forcing endless battles is banned\n|rule|HP Percentage Mod: HP is shown in percentages\n|clearpoke\n|poke|p1|Infernape, M|\n|poke|p1|Weezing-Galar, F|\n|poke|p1|Ogerpon-Cornerstone, F|\n|poke|p1|Slaking, F|\n|poke|p1|Flutter Mane|\n|poke|p1|Dragonite, M|\n|poke|p2|Greninja-*, M|\n|poke|p2|Raichu, M|\n|poke|p2|Ogerpon, F|\n|poke|p2|Sinistcha-Masterpiece|\n|poke|p2|Chien-Pao|\n|poke|p2|Pelipper, M|\n|teampreview\n|c|\u2606IsItZapdos|The song of this match is Vienna by Billy Joel\n|inactive|Battle timer is ON: inactive players will automatically lose when time's up. (requested by Yoriito)\n|\n|t:|1698115609\n|start\n|switch|p1a: Weezing|Weezing-Galar, F|100\/100\n|switch|p1b: Flutter Mane|Flutter Mane|100\/100\n|switch|p2a: Pelipper|Pelipper, M|100\/100\n|switch|p2b: Raichu|Raichu, M|100\/100\n|-ability|p1a: Weezing|Neutralizing Gas\n|turn|1\n|\n|t:|1698115632\n|move|p1b: Flutter Mane|Protect|p1b: Flutter Mane\n|-singleturn|p1b: Flutter Mane|Protect\n|move|p2b: Raichu|Fake Out|p1b: Flutter Mane\n|-activate|p1b: Flutter Mane|move: Protect\n|move|p2a: Pelipper|Tailwind|p2a: Pelipper\n|-sidestart|p2: Yoriito|move: Tailwind\n|move|p1a: Weezing|Taunt|p2a: Pelipper\n|-start|p2a: Pelipper|move: Taunt\n|\n|upkeep\n|turn|2\n|inactive|Yoriito has 120 seconds left.\n|\n|t:|1698115666\n|move|p1a: Weezing|Protect|p1a: Weezing\n|-singleturn|p1a: Weezing|Protect\n|move|p2b: Raichu|Light Screen|p2b: Raichu\n|-sidestart|p2: Yoriito|move: Light Screen\n|move|p2a: Pelipper|Chilling Water|p1a: Weezing\n|-activate|p1a: Weezing|move: Protect\n|move|p1b: Flutter Mane|Moonblast|p2b: Raichu\n|-damage|p2b: Raichu|27\/100\n|-damage|p1b: Flutter Mane|91\/100|[from] item: Life Orb\n|\n|upkeep\n|turn|3\n|\n|t:|1698115686\n|move|p2b: Raichu|Volt Switch|p1a: Weezing\n|-damage|p1a: Weezing|60\/100\n|inactive|Yoriito has 120 seconds left.\n|\n|t:|1698115702\n|switch|p2b: Ogerpon|Ogerpon, F|100\/100|[from] Volt Switch\n|move|p2a: Pelipper|Chilling Water|p1b: Flutter Mane\n|-damage|p1b: Flutter Mane|72\/100\n|-unboost|p1b: Flutter Mane|atk|1\n|move|p1b: Flutter Mane|Moonblast|p2a: Pelipper\n|-damage|p2a: Pelipper|42\/100\n|-damage|p1b: Flutter Mane|62\/100|[from] item: Life Orb\n|move|p1a: Weezing|Dazzling Gleam|p2b: Ogerpon|[spread] p2a,p2b\n|-damage|p2a: Pelipper|23\/100\n|-damage|p2b: Ogerpon|88\/100\n|\n|-heal|p1a: Weezing|66\/100|[from] item: Leftovers\n|upkeep\n|turn|4\n|inactive|Yoriito has 120 seconds left.\n|inactive|IsItZapdos has 120 seconds left.\n|c|\u2606IsItZapdos|Now it's \"American Pie\" by Don McLean\n|\n|t:|1698115743\n|move|p2b: Ogerpon|Ivy Cudgel|p1b: Flutter Mane\n|-damage|p1b: Flutter Mane|0 fnt\n|faint|p1b: Flutter Mane\n|-end|p1b: Flutter Mane|Protosynthesis|[silent]\n|-damage|p2b: Ogerpon|78\/100|[from] item: Life Orb\n|move|p2a: Pelipper|Chilling Water|p1a: Weezing\n|-damage|p1a: Weezing|45\/100\n|-unboost|p1a: Weezing|atk|1\n|move|p1a: Weezing|Clear Smog|p2b: Ogerpon\n|-supereffective|p2b: Ogerpon\n|-damage|p2b: Ogerpon|56\/100\n|-clearboost|p2b: Ogerpon\n|\n|-heal|p1a: Weezing|51\/100|[from] item: Leftovers\n|-end|p2a: Pelipper|move: Taunt\n|-sideend|p2: Yoriito|move: Tailwind\n|upkeep\n|\n|t:|1698115757\n|switch|p1b: Infernape|Infernape, M|100\/100\n|turn|5\n|\n|t:|1698115774\n|move|p2b: Ogerpon|Spiky Shield|p2b: Ogerpon\n|-singleturn|p2b: Ogerpon|move: Protect\n|move|p1b: Infernape|Fake Out|p2a: Pelipper\n|-damage|p2a: Pelipper|13\/100\n|cant|p2a: Pelipper|flinch\n|move|p1a: Weezing|Taunt|p2a: Pelipper\n|-start|p2a: Pelipper|move: Taunt\n|\n|-heal|p1a: Weezing|57\/100|[from] item: Leftovers\n|upkeep\n|turn|6\n|\n|t:|1698115793\n|move|p2b: Ogerpon|U-turn|p1b: Infernape\n|-resisted|p1b: Infernape\n|-damage|p1b: Infernape|89\/100\n|-damage|p2b: Ogerpon|46\/100|[from] item: Life Orb\n|\n|t:|1698115800\n|switch|p2b: Sinistcha|Sinistcha-Masterpiece|100\/100|[from] U-turn\n|move|p1b: Infernape|Drain Punch|p2b: Sinistcha\n|-immune|p2b: Sinistcha\n|move|p2a: Pelipper|Chilling Water|p1b: Infernape\n|-supereffective|p1b: Infernape\n|-damage|p1b: Infernape|51\/100\n|-unboost|p1b: Infernape|atk|1\n|move|p1a: Weezing|Dazzling Gleam|p2a: Pelipper|[spread] p2a,p2b\n|-damage|p2a: Pelipper|0 fnt\n|-damage|p2b: Sinistcha|86\/100\n|faint|p2a: Pelipper\n|\n|-heal|p1a: Weezing|63\/100|[from] item: Leftovers\n|-sideend|p2: Yoriito|move: Light Screen\n|upkeep\n|inactive|Yoriito has 120 seconds left.\n|\n|t:|1698115821\n|switch|p2a: Raichu|Raichu, M|27\/100\n|turn|7\n|\n|t:|1698115832\n|switch|p1b: Slaking|Slaking, F|100\/100\n|move|p1a: Weezing|Protect|p1a: Weezing\n|-singleturn|p1a: Weezing|Protect\n|move|p2a: Raichu|Fake Out|p1b: Slaking\n|-damage|p1b: Slaking|94\/100\n|move|p2b: Sinistcha|Matcha Gotcha|p1a: Weezing|[spread] p1b\n|-activate|p1a: Weezing|move: Protect\n|-damage|p1b: Slaking|65\/100\n|-heal|p2b: Sinistcha|100\/100|[from] drain|[of] p1b: Slaking\n|-status|p1b: Slaking|brn\n|\n|-heal|p1a: Weezing|69\/100|[from] item: Leftovers\n|-damage|p1b: Slaking|59\/100 brn|[from] brn\n|upkeep\n|turn|8\n|inactive|Yoriito has 120 seconds left.\n|\n|t:|1698115866\n|move|p1b: Slaking|Sucker Punch|p2b: Sinistcha\n|-supereffective|p2b: Sinistcha\n|-damage|p2b: Sinistcha|73\/100\n|move|p2a: Raichu|Volt Switch|p1b: Slaking\n|-damage|p1b: Slaking|25\/100 brn\n|inactive|Yoriito has 120 seconds left.\n|\n|t:|1698115875\n|switch|p2a: Ogerpon|Ogerpon, F|46\/100|[from] Volt Switch\n|move|p2b: Sinistcha|Matcha Gotcha|p1b: Slaking|[spread] p1a,p1b\n|-resisted|p1a: Weezing\n|-damage|p1a: Weezing|53\/100\n|-heal|p2b: Sinistcha|81\/100|[from] drain|[of] p1a: Weezing\n|-damage|p1b: Slaking|0 fnt\n|-heal|p2b: Sinistcha|97\/100|[from] drain|[of] p1b: Slaking\n|faint|p1b: Slaking\n|move|p1a: Weezing|Dazzling Gleam|p2b: Sinistcha|[spread] p2a,p2b\n|-damage|p2a: Ogerpon|26\/100\n|-damage|p2b: Sinistcha|75\/100\n|\n|-heal|p1a: Weezing|59\/100|[from] item: Leftovers\n|upkeep\n|\n|t:|1698115889\n|switch|p1b: Infernape|Infernape, M|51\/100\n|turn|9\n|\n|t:|1698115906\n|move|p1a: Weezing|Protect|p1a: Weezing\n|-singleturn|p1a: Weezing|Protect\n|move|p2a: Ogerpon|U-turn|p1b: Infernape\n|-resisted|p1b: Infernape\n|-damage|p1b: Infernape|39\/100\n|-damage|p2a: Ogerpon|16\/100|[from] item: Life Orb\n|\n|t:|1698115913\n|switch|p2a: Raichu|Raichu, M|27\/100|[from] U-turn\n|move|p1b: Infernape|Knock Off|p2b: Sinistcha\n|-supereffective|p2b: Sinistcha\n|-damage|p2b: Sinistcha|38\/100\n|-enditem|p2b: Sinistcha|Heavy-Duty Boots|[from] move: Knock Off|[of] p1b: Infernape\n|move|p2b: Sinistcha|Matcha Gotcha|p1a: Weezing|[spread] p1b\n|-activate|p1a: Weezing|move: Protect\n|-resisted|p1b: Infernape\n|-damage|p1b: Infernape|26\/100\n|-heal|p2b: Sinistcha|43\/100|[from] drain|[of] p1b: Infernape\n|\n|-heal|p1a: Weezing|65\/100|[from] item: Leftovers\n|upkeep\n|turn|10\n|\n|t:|1698115937\n|move|p2a: Raichu|Fake Out|p1b: Infernape\n|-damage|p1b: Infernape|13\/100\n|cant|p1b: Infernape|flinch\n|move|p2b: Sinistcha|Strength Sap|p1b: Infernape\n|-unboost|p1b: Infernape|atk|1\n|-heal|p2b: Sinistcha|100\/100\n|move|p1a: Weezing|Dazzling Gleam|p2b: Sinistcha|[spread] p2a,p2b\n|-damage|p2a: Raichu|0 fnt\n|-damage|p2b: Sinistcha|79\/100\n|faint|p2a: Raichu\n|\n|-heal|p1a: Weezing|71\/100|[from] item: Leftovers\n|upkeep\n|inactive|Yoriito has 120 seconds left.\n|\n|t:|1698115956\n|switch|p2a: Ogerpon|Ogerpon, F|16\/100\n|turn|11\n|inactive|Yoriito has 120 seconds left.\n|\n|t:|1698115991\n|move|p2b: Sinistcha|Rage Powder|p2b: Sinistcha\n|-singleturn|p2b: Sinistcha|move: Rage Powder\n|move|p1b: Infernape|Mach Punch|p2b: Sinistcha\n|-immune|p2b: Sinistcha\n|move|p2a: Ogerpon|U-turn|p1b: Infernape\n|-resisted|p1b: Infernape\n|-damage|p1b: Infernape|1\/100\n|-damage|p2a: Ogerpon|6\/100|[from] item: Life Orb\n|\n|t:|1698116002\n|switch|p2a: Greninja|Greninja, M|100\/100|[from] U-turn\n|move|p1a: Weezing|Clear Smog|p2b: Sinistcha\n|-damage|p2b: Sinistcha|61\/100\n|-clearboost|p2b: Sinistcha\n|\n|-heal|p1a: Weezing|77\/100|[from] item: Leftovers\n|upkeep\n|turn|12\n|inactive|Yoriito has 120 seconds left.\n|\n|t:|1698116022\n|switch|p1b: Dragonite|Dragonite, M|100\/100\n|move|p1a: Weezing|Protect|p1a: Weezing\n|-singleturn|p1a: Weezing|Protect\n|move|p2a: Greninja|Water Shuriken|p1b: Dragonite\n|-resisted|p1b: Dragonite\n|-damage|p1b: Dragonite|98\/100\n|-resisted|p1b: Dragonite\n|-damage|p1b: Dragonite|96\/100\n|-resisted|p1b: Dragonite\n|-damage|p1b: Dragonite|94\/100\n|-resisted|p1b: Dragonite\n|-damage|p1b: Dragonite|92\/100\n|-resisted|p1b: Dragonite\n|-damage|p1b: Dragonite|90\/100\n|-hitcount|p1b: Dragonite|5\n|move|p2b: Sinistcha|Matcha Gotcha|p1b: Dragonite|[spread] p1b\n|-activate|p1a: Weezing|move: Protect\n|-resisted|p1b: Dragonite\n|-damage|p1b: Dragonite|86\/100\n|-heal|p2b: Sinistcha|64\/100|[from] drain|[of] p1b: Dragonite\n|-status|p1b: Dragonite|brn\n|\n|-heal|p1a: Weezing|83\/100|[from] item: Leftovers\n|-damage|p1b: Dragonite|80\/100 brn|[from] brn\n|upkeep\n|turn|13\n|inactive|Yoriito has 120 seconds left.\n|\n|t:|1698116050\n|move|p2a: Greninja|Ice Beam|p1b: Dragonite\n|-supereffective|p1b: Dragonite\n|-damage|p1b: Dragonite|14\/100 brn\n|-enditem|p1b: Dragonite|Figy Berry|[eat]\n|-heal|p1b: Dragonite|47\/100 brn|[from] item: Figy Berry\n|-start|p1b: Dragonite|confusion\n|-activate|p1b: Dragonite|confusion\n|-damage|p1b: Dragonite|37\/100 brn|[from] confusion\n|move|p2b: Sinistcha|Matcha Gotcha|p1a: Weezing|[spread] p1a,p1b\n|-resisted|p1a: Weezing\n|-resisted|p1b: Dragonite\n|-damage|p1a: Weezing|66\/100\n|-heal|p2b: Sinistcha|71\/100|[from] drain|[of] p1a: Weezing\n|-damage|p1b: Dragonite|33\/100 brn\n|-heal|p2b: Sinistcha|74\/100|[from] drain|[of] p1b: Dragonite\n|-status|p1a: Weezing|brn\n|move|p1a: Weezing|Dazzling Gleam|p2b: Sinistcha|[spread] p2a,p2b\n|-supereffective|p2a: Greninja\n|-damage|p2a: Greninja|39\/100\n|-damage|p2b: Sinistcha|54\/100\n|\n|-heal|p1a: Weezing|72\/100 brn|[from] item: Leftovers\n|-damage|p1b: Dragonite|27\/100 brn|[from] brn\n|-damage|p1a: Weezing|66\/100 brn|[from] brn\n|upkeep\n|turn|14\n|inactive|Yoriito has 120 seconds left.\n|\n|t:|1698116085\n|move|p2a: Greninja|Ice Beam|p1b: Dragonite\n|-supereffective|p1b: Dragonite\n|-damage|p1b: Dragonite|0 fnt\n|faint|p1b: Dragonite\n|-ability|p2a: Greninja|Battle Bond|boost\n|-boost|p2a: Greninja|atk|1\n|-boost|p2a: Greninja|spa|1\n|-boost|p2a: Greninja|spe|1\n|-activate|p2a: Greninja|ability: Battle Bond\n|move|p2b: Sinistcha|Matcha Gotcha|p1a: Weezing\n|-resisted|p1a: Weezing\n|-damage|p1a: Weezing|44\/100 brn\n|-heal|p2b: Sinistcha|64\/100|[from] drain|[of] p1a: Weezing\n|move|p1a: Weezing|Dazzling Gleam|p2b: Sinistcha|[spread] p2a,p2b\n|-supereffective|p2a: Greninja\n|-damage|p2a: Greninja|0 fnt\n|-damage|p2b: Sinistcha|44\/100\n|faint|p2a: Greninja\n|\n|-heal|p1a: Weezing|50\/100 brn|[from] item: Leftovers\n|-damage|p1a: Weezing|44\/100 brn|[from] brn\n|upkeep\n|inactive|Yoriito has 120 seconds left.\n|\n|t:|1698116107\n|switch|p2a: Ogerpon|Ogerpon, F|6\/100\n|switch|p1b: Infernape|Infernape, M|1\/100\n|turn|15\n|inactive|Yoriito has 120 seconds left.\n|\n|t:|1698116136\n|move|p2a: Ogerpon|Ivy Cudgel|p1a: Weezing\n|-resisted|p1a: Weezing\n|-damage|p1a: Weezing|22\/100 brn\n|-damage|p2a: Ogerpon|0 fnt|[from] item: Life Orb\n|faint|p2a: Ogerpon\n|move|p1b: Infernape|Knock Off|p2b: Sinistcha\n|-supereffective|p2b: Sinistcha\n|-damage|p2b: Sinistcha|15\/100\n|move|p2b: Sinistcha|Matcha Gotcha|p1b: Infernape|[spread] p1a,p1b\n|-resisted|p1a: Weezing\n|-resisted|p1b: Infernape\n|-damage|p1a: Weezing|6\/100 brn\n|-heal|p2b: Sinistcha|23\/100|[from] drain|[of] p1a: Weezing\n|-damage|p1b: Infernape|0 fnt\n|-heal|p2b: Sinistcha|23\/100|[from] drain|[of] p1b: Infernape\n|faint|p1b: Infernape\n|move|p1a: Weezing|Dazzling Gleam|p2b: Sinistcha\n|-damage|p2b: Sinistcha|0 fnt\n|faint|p2b: Sinistcha\n|\n|-heal|p1a: Weezing|12\/100 brn|[from] item: Leftovers\n|-damage|p1a: Weezing|6\/100 brn|[from] brn\n|upkeep\n|inactive|Yoriito has 120 seconds left.\n|\n|t:|1698116173\n|switch|p1b: Ogerpon|Ogerpon-Cornerstone, F|100\/100\n|switch|p2b: Chien-Pao|Chien-Pao|100\/100\n|turn|16\n|inactive|Yoriito has 120 seconds left.\n|\n|t:|1698116187\n|-terastallize|p2b: Chien-Pao|Electric\n|-terastallize|p1b: Ogerpon|Rock\n|detailschange|p1b: Ogerpon|Ogerpon-Cornerstone-Tera, F, tera:Rock\n|move|p2b: Chien-Pao|Ice Spinner|p1a: Weezing\n|-damage|p1a: Weezing|0 fnt\n|faint|p1a: Weezing\n|-end|p1a: Weezing|ability: Neutralizing Gas\n|-ability|p2b: Chien-Pao|Sword of Ruin\n|-ability|p1b: Ogerpon|Embody Aspect (Cornerstone)|boost\n|-boost|p1b: Ogerpon|def|1\n|move|p1b: Ogerpon|Ivy Cudgel|p2b: Chien-Pao\n|-enditem|p2b: Chien-Pao|Focus Sash\n|-damage|p2b: Chien-Pao|1\/100\n|\n|upkeep\n|turn|17\n|inactive|Yoriito has 120 seconds left.\n|\n|t:|1698116211\n|move|p1b: Ogerpon|Spiky Shield|p1b: Ogerpon\n|-singleturn|p1b: Ogerpon|move: Protect\n|move|p2b: Chien-Pao|Sucker Punch||[still]\n|-fail|p2b: Chien-Pao\n|\n|upkeep\n|turn|18\n|c|\u2606IsItZapdos|\"Jane\" Jefferson Starship\n|\n|t:|1698116223\n|move|p2b: Chien-Pao|Ice Spinner|p1b: Ogerpon\n|-damage|p1b: Ogerpon|58\/100\n|move|p1b: Ogerpon|Horn Leech|p2b: Chien-Pao\n|-damage|p2b: Chien-Pao|0 fnt\n|-heal|p1b: Ogerpon|59\/100|[from] drain|[of] p2b: Chien-Pao\n|faint|p2b: Chien-Pao\n|\n|win|IsItZapdos\n|raw|IsItZapdos's rating: 1226 &rarr; <strong>1248<\/strong><br \/>(+22 for winning)\n|raw|Yoriito's rating: 1189 &rarr; <strong>1167<\/strong><br \/>(-22 for losing)\n|c|\u2606IsItZapdos|gg\n|l|\u2606Yoriito\n","uploadtime":1698116242,"views":19,"p1id":"isitzapdos","p2id":"yoriito","formatid":"gen9doublesou","rating":1167,"private":0,"password":""}