{"id":"gen9doublesou-1968741736","p1":"Yellow Paint","p2":"hoiymenomimnn 4v6","format":"[Gen 9] Doubles OU","log":"|j|\u2606Yellow Paint\n|j|\u2606hoiymenomimnn 4v6\n|t:|1697460289\n|gametype|doubles\n|player|p1|Yellow Paint|artist|\n|player|p2|hoiymenomimnn 4v6|policeman-gen4|\n|teamsize|p1|6\n|teamsize|p2|6\n|gen|9\n|tier|[Gen 9] Doubles OU\n|rule|Species Clause: Limit one of each Pok\u00e9mon\n|rule|OHKO Clause: OHKO moves are banned\n|rule|Evasion Moves Clause: Evasion moves are banned\n|rule|Gravity Sleep Clause: The combination of sleep-inducing moves with imperfect accuracy and Gravity or Gigantamax Orbeetle are banned\n|rule|Endless Battle Clause: Forcing endless battles is banned\n|rule|HP Percentage Mod: HP is shown in percentages\n|clearpoke\n|poke|p1|Tornadus, M|\n|poke|p1|Iron Hands|\n|poke|p1|Rillaboom, F|\n|poke|p1|Flutter Mane|\n|poke|p1|Ogerpon-Hearthflame, F|\n|poke|p1|Heatran, F|\n|poke|p2|Ting-Lu|\n|poke|p2|Wo-Chien|\n|poke|p2|Tyranitar, F|\n|poke|p2|Hippowdon, M|\n|poke|p2|Toxapex, M|\n|poke|p2|Klefki, M|\n|teampreview\n|c|\u2606hoiymenomimnn 4v6|WAIT DONT START TORNADUS\n|c|\u2606hoiymenomimnn 4v6|THATS CHEATING\n|c|\u2606Yellow Paint|ok\n|c|\u2606Yellow Paint|I don't even have taunt\n|c|\u2606hoiymenomimnn 4v6|o nvm then\n|\n|t:|1697460379\n|start\n|switch|p1a: Iron Hands|Iron Hands|100\/100\n|switch|p1b: Flutter Mane|Flutter Mane|100\/100\n|switch|p2a: Klefki|Klefki, M|100\/100\n|switch|p2b: Tyranitar|Tyranitar, F|100\/100\n|-weather|Sandstorm|[from] ability: Sand Stream|[of] p2b: Tyranitar\n|turn|1\n|c|\u2606hoiymenomimnn 4v6|also toxapex still has bunker and tect, but o well lol\n|\n|t:|1697460400\n|-terastallize|p2b: Tyranitar|Fairy\n|move|p2a: Klefki|Light Screen|p2a: Klefki\n|-sidestart|p2: hoiymenomimnn 4v6|move: Light Screen\n|move|p1b: Flutter Mane|Shadow Ball|p2a: Klefki\n|-damage|p2a: Klefki|57\/100\n|move|p1a: Iron Hands|Fire Punch|p2a: Klefki\n|-supereffective|p2a: Klefki\n|-damage|p2a: Klefki|3\/100\n|move|p2b: Tyranitar|Snarl|p1a: Iron Hands|[spread] p1a,p1b\n|-resisted|p1a: Iron Hands\n|-damage|p1a: Iron Hands|96\/100\n|-damage|p1b: Flutter Mane|88\/100\n|-unboost|p1a: Iron Hands|spa|1\n|-unboost|p1b: Flutter Mane|spa|1\n|\n|-weather|Sandstorm|[upkeep]\n|-damage|p1b: Flutter Mane|82\/100|[from] Sandstorm\n|-damage|p1a: Iron Hands|90\/100|[from] Sandstorm\n|-damage|p2b: Tyranitar|94\/100|[from] Sandstorm\n|-heal|p2b: Tyranitar|100\/100|[from] item: Leftovers\n|upkeep\n|turn|2\n|\n|t:|1697460448\n|-end|p1b: Flutter Mane|Protosynthesis|[silent]\n|switch|p1b: Rillaboom|Rillaboom, F|100\/100\n|-fieldstart|move: Grassy Terrain|[from] ability: Grassy Surge|[of] p1b: Rillaboom\n|move|p2a: Klefki|Reflect|p2a: Klefki\n|-sidestart|p2: hoiymenomimnn 4v6|Reflect\n|move|p1a: Iron Hands|Drain Punch|p2a: Klefki\n|-damage|p2a: Klefki|0 fnt\n|-heal|p1a: Iron Hands|91\/100|[from] drain|[of] p2a: Klefki\n|faint|p2a: Klefki\n|move|p2b: Tyranitar|Stealth Rock|p1b: Rillaboom\n|-sidestart|p1: Yellow Paint|move: Stealth Rock\n|\n|-weather|Sandstorm|[upkeep]\n|-damage|p1b: Rillaboom|94\/100|[from] Sandstorm\n|-damage|p1a: Iron Hands|85\/100|[from] Sandstorm\n|-damage|p2b: Tyranitar|94\/100|[from] Sandstorm\n|-heal|p1b: Rillaboom|100\/100|[from] Grassy Terrain\n|-heal|p1a: Iron Hands|91\/100|[from] Grassy Terrain\n|-heal|p2b: Tyranitar|100\/100|[from] Grassy Terrain\n|upkeep\n|\n|t:|1697460469\n|switch|p2a: Wo-Chien|Wo-Chien|100\/100\n|-ability|p2a: Wo-Chien|Tablets of Ruin\n|turn|3\n|\n|t:|1697460499\n|move|p1b: Rillaboom|U-turn|p2a: Wo-Chien\n|-supereffective|p2a: Wo-Chien\n|-damage|p2a: Wo-Chien|60\/100\n|\n|t:|1697460508\n|switch|p1b: Heatran|Heatran, F|100\/100|[from] U-turn\n|-damage|p1b: Heatran|88\/100|[from] Stealth Rock\n|move|p2a: Wo-Chien|Ruination|p1b: Heatran\n|-damage|p1b: Heatran|44\/100\n|move|p1a: Iron Hands|Drain Punch|p2a: Wo-Chien\n|-supereffective|p2a: Wo-Chien\n|-damage|p2a: Wo-Chien|32\/100\n|-heal|p1a: Iron Hands|100\/100|[from] drain|[of] p2a: Wo-Chien\n|move|p2b: Tyranitar|Dragon Tail|p1a: Iron Hands\n|-damage|p1a: Iron Hands|91\/100\n|-end|p1a: Iron Hands|Quark Drive|[silent]\n|drag|p1a: Flutter Mane|Flutter Mane|82\/100\n|-damage|p1a: Flutter Mane|69\/100|[from] Stealth Rock\n|\n|-weather|Sandstorm|[upkeep]\n|-damage|p1a: Flutter Mane|63\/100|[from] Sandstorm\n|-damage|p2a: Wo-Chien|26\/100|[from] Sandstorm\n|-damage|p2b: Tyranitar|94\/100|[from] Sandstorm\n|-heal|p1a: Flutter Mane|69\/100|[from] Grassy Terrain\n|-heal|p1b: Heatran|50\/100|[from] Grassy Terrain\n|-heal|p2a: Wo-Chien|32\/100|[from] Grassy Terrain\n|-heal|p2a: Wo-Chien|38\/100|[from] item: Leftovers\n|-heal|p2b: Tyranitar|100\/100|[from] Grassy Terrain\n|upkeep\n|turn|4\n|\n|t:|1697460532\n|switch|p2a: Toxapex|Toxapex, M|100\/100\n|-terastallize|p1a: Flutter Mane|Fairy\n|move|p1a: Flutter Mane|Dazzling Gleam|p2a: Toxapex|[spread] p2a,p2b\n|-resisted|p2a: Toxapex\n|-damage|p2a: Toxapex|82\/100\n|-damage|p2b: Tyranitar|70\/100\n|move|p1b: Heatran|Flash Cannon|p2b: Tyranitar\n|-supereffective|p2b: Tyranitar\n|-damage|p2b: Tyranitar|32\/100\n|move|p2b: Tyranitar|Snarl|p1b: Heatran|[spread] p1a,p1b\n|-resisted|p1a: Flutter Mane\n|-damage|p1a: Flutter Mane|63\/100\n|-damage|p1b: Heatran|42\/100\n|-unboost|p1a: Flutter Mane|spa|1\n|-unboost|p1b: Heatran|spa|1\n|\n|-weather|Sandstorm|[upkeep]\n|-damage|p1a: Flutter Mane|57\/100|[from] Sandstorm\n|-damage|p2b: Tyranitar|26\/100|[from] Sandstorm\n|-damage|p2a: Toxapex|76\/100|[from] Sandstorm\n|-heal|p1a: Flutter Mane|63\/100|[from] Grassy Terrain\n|-heal|p1b: Heatran|48\/100|[from] Grassy Terrain\n|-heal|p2b: Tyranitar|32\/100|[from] Grassy Terrain\n|-heal|p2b: Tyranitar|38\/100|[from] item: Leftovers\n|-heal|p2a: Toxapex|82\/100|[from] Grassy Terrain\n|-heal|p2a: Toxapex|89\/100|[from] item: Leftovers\n|upkeep\n|turn|5\n|\n|t:|1697460561\n|move|p1a: Flutter Mane|Dazzling Gleam|p2a: Toxapex|[spread] p2a,p2b\n|-resisted|p2a: Toxapex\n|-crit|p2a: Toxapex\n|-damage|p2a: Toxapex|48\/100\n|-damage|p2b: Tyranitar|18\/100\n|move|p1b: Heatran|Flash Cannon|p2b: Tyranitar\n|-supereffective|p2b: Tyranitar\n|-damage|p2b: Tyranitar|0 fnt\n|faint|p2b: Tyranitar\n|move|p2a: Toxapex|Toxic Spikes|p1b: Heatran\n|-sidestart|p1: Yellow Paint|move: Toxic Spikes\n|\n|-weather|none\n|-heal|p1a: Flutter Mane|69\/100|[from] Grassy Terrain\n|-heal|p1b: Heatran|55\/100|[from] Grassy Terrain\n|-heal|p2a: Toxapex|54\/100|[from] Grassy Terrain\n|-heal|p2a: Toxapex|60\/100|[from] item: Leftovers\n|upkeep\n|\n|t:|1697460572\n|switch|p2b: Hippowdon|Hippowdon, M|100\/100\n|-weather|Sandstorm|[from] ability: Sand Stream|[of] p2b: Hippowdon\n|turn|6\n|\n|t:|1697460604\n|-end|p1a: Flutter Mane|Protosynthesis|[silent]\n|switch|p1a: Tornadus|Tornadus, M|100\/100\n|-damage|p1a: Tornadus|76\/100|[from] Stealth Rock\n|switch|p1b: Rillaboom|Rillaboom, F|100\/100\n|-damage|p1b: Rillaboom|88\/100|[from] Stealth Rock\n|-status|p1b: Rillaboom|psn\n|move|p2b: Hippowdon|Yawn||[still]\n|-fail|p2b: Hippowdon\n|move|p2a: Toxapex|Recover|p2a: Toxapex\n|-heal|p2a: Toxapex|100\/100\n|\n|-weather|Sandstorm|[upkeep]\n|-damage|p1a: Tornadus|70\/100|[from] Sandstorm\n|-damage|p1b: Rillaboom|82\/100 psn|[from] Sandstorm\n|-damage|p2a: Toxapex|94\/100|[from] Sandstorm\n|-heal|p1b: Rillaboom|88\/100 psn|[from] Grassy Terrain\n|-heal|p2a: Toxapex|100\/100|[from] Grassy Terrain\n|-damage|p1b: Rillaboom|76\/100 psn|[from] psn\n|-fieldend|move: Grassy Terrain\n|upkeep\n|turn|7\n|c|\u2606hoiymenomimnn 4v6|WHAT\n|c|\u2606hoiymenomimnn 4v6|o\n|c|\u2606hoiymenomimnn 4v6|already poisoned?\n|\n|t:|1697460650\n|move|p1a: Tornadus|Bleakwind Storm|p2a: Toxapex|[spread] p2a,p2b\n|-damage|p2a: Toxapex|82\/100\n|-damage|p2b: Hippowdon|85\/100\n|-unboost|p2b: Hippowdon|spe|1\n|move|p1b: Rillaboom|Grassy Glide|p2b: Hippowdon\n|-supereffective|p2b: Hippowdon\n|-damage|p2b: Hippowdon|56\/100\n|move|p2a: Toxapex|Toxic Spikes|p1a: Tornadus\n|-sidestart|p1: Yellow Paint|move: Toxic Spikes\n|move|p2b: Hippowdon|Whirlwind|p1b: Rillaboom\n|drag|p1b: Flutter Mane|Flutter Mane, tera:Fairy|69\/100\n|-damage|p1b: Flutter Mane|57\/100|[from] Stealth Rock\n|-status|p1b: Flutter Mane|tox\n|\n|-weather|Sandstorm|[upkeep]\n|-damage|p1b: Flutter Mane|50\/100 tox|[from] Sandstorm\n|-damage|p1a: Tornadus|63\/100|[from] Sandstorm\n|-damage|p2a: Toxapex|76\/100|[from] Sandstorm\n|-heal|p2a: Toxapex|82\/100|[from] item: Leftovers\n|-heal|p2b: Hippowdon|62\/100|[from] item: Leftovers\n|-damage|p1b: Flutter Mane|44\/100 tox|[from] psn\n|upkeep\n|turn|8\n|\n|t:|1697460671\n|move|p2a: Toxapex|Baneful Bunker|p2a: Toxapex\n|-singleturn|p2a: Toxapex|move: Protect\n|move|p1a: Tornadus|Sunny Day|p1a: Tornadus\n|-weather|SunnyDay\n|-activate|p1b: Flutter Mane|ability: Protosynthesis\n|-start|p1b: Flutter Mane|protosynthesisspa\n|move|p1b: Flutter Mane|Moonblast|p2b: Hippowdon\n|-damage|p2b: Hippowdon|0 fnt\n|faint|p2b: Hippowdon\n|\n|-weather|SunnyDay|[upkeep]\n|-heal|p2a: Toxapex|88\/100|[from] item: Leftovers\n|-damage|p1b: Flutter Mane|32\/100 tox|[from] psn\n|-sideend|p2: hoiymenomimnn 4v6|move: Light Screen\n|upkeep\n|\n|t:|1697460685\n|switch|p2b: Ting-Lu|Ting-Lu|100\/100\n|-ability|p2b: Ting-Lu|Vessel of Ruin\n|turn|9\n|c|\u2606hoiymenomimnn 4v6|ok this is awful gg lol\n|\n|t:|1697460720\n|switch|p1a: Rillaboom|Rillaboom, F|76\/100 psn\n|-damage|p1a: Rillaboom|63\/100 psn|[from] Stealth Rock\n|-fieldstart|move: Grassy Terrain|[from] ability: Grassy Surge|[of] p1a: Rillaboom\n|switch|p2a: Wo-Chien|Wo-Chien|38\/100\n|-ability|p2a: Wo-Chien|Tablets of Ruin\n|move|p2b: Ting-Lu|Protect|p2b: Ting-Lu\n|-singleturn|p2b: Ting-Lu|Protect\n|move|p1b: Flutter Mane|Moonblast|p2b: Ting-Lu\n|-activate|p2b: Ting-Lu|move: Protect\n|\n|-weather|SunnyDay|[upkeep]\n|-heal|p1b: Flutter Mane|38\/100 tox|[from] Grassy Terrain\n|-heal|p1a: Rillaboom|70\/100 psn|[from] Grassy Terrain\n|-heal|p2a: Wo-Chien|44\/100|[from] Grassy Terrain\n|-heal|p2a: Wo-Chien|50\/100|[from] item: Leftovers\n|-damage|p1b: Flutter Mane|19\/100 tox|[from] psn\n|-damage|p1a: Rillaboom|57\/100 psn|[from] psn\n|-sideend|p2: hoiymenomimnn 4v6|Reflect\n|upkeep\n|turn|10\n|c|\u2606hoiymenomimnn 4v6|do u know any good teams that use wo or ting?\n|-message|hoiymenomimnn 4v6 forfeited.\n|\n|win|Yellow Paint\n","uploadtime":1697460753,"views":29,"p1id":"yellowpaint","p2id":"hoiymenomimnn4v6","formatid":"gen9doublesou","rating":0,"private":0,"password":""}