{"id":"gen9doublesou-1968459043","p1":"SamurottRott","p2":"PurpleAppreciator","format":"[Gen 9] Doubles OU","log":"|j|\u2606SamurottRott\n|j|\u203dPurpleAppreciator\n|t:|1697420798\n|gametype|doubles\n|player|p1|SamurottRott|dawn|1113\n|player|p2|PurpleAppreciator|caitlin|1052\n|teamsize|p1|6\n|teamsize|p2|6\n|gen|9\n|tier|[Gen 9] Doubles OU\n|rated|\n|rule|Species Clause: Limit one of each Pok\u00e9mon\n|rule|OHKO Clause: OHKO moves are banned\n|rule|Evasion Moves Clause: Evasion moves are banned\n|rule|Gravity Sleep Clause: The combination of sleep-inducing moves with imperfect accuracy and Gravity or Gigantamax Orbeetle are banned\n|rule|Endless Battle Clause: Forcing endless battles is banned\n|rule|HP Percentage Mod: HP is shown in percentages\n|clearpoke\n|poke|p1|Amoonguss, M|\n|poke|p1|Flutter Mane|\n|poke|p1|Iron Bundle|\n|poke|p1|Basculin, M|\n|poke|p1|Quilava, M|\n|poke|p1|Garganacl, F|\n|poke|p2|Morpeko, M|\n|poke|p2|Glimmora, M|\n|poke|p2|Sinistcha-Masterpiece|\n|poke|p2|Gholdengo|\n|poke|p2|Hatterene, F|\n|poke|p2|Pachirisu, M|\n|teampreview\n|c|\u2606SamurottRott|I\n|c|\u2606SamurottRott|Hate\n|\n|t:|1697420808\n|start\n|switch|p1a: Flutter Mane|Flutter Mane|100\/100\n|switch|p1b: Sus|Amoonguss, M|100\/100\n|switch|p2a: Morpeko|Morpeko, M|100\/100\n|switch|p2b: Sinistcha|Sinistcha-Masterpiece, shiny|100\/100\n|-enditem|p1a: Flutter Mane|Booster Energy\n|-activate|p1a: Flutter Mane|ability: Protosynthesis|[fromitem]\n|-start|p1a: Flutter Mane|protosynthesisspe\n|turn|1\n|c|\u2606SamurottRott|Glimmora\n|c|\u2606SamurottRott|Hate.\n|\n|t:|1697420832\n|switch|p2a: Gholdengo|Gholdengo|100\/100\n|-item|p2a: Gholdengo|Air Balloon\n|move|p1a: Flutter Mane|Dazzling Gleam|p2b: Sinistcha|[spread] p2a,p2b\n|-resisted|p2a: Gholdengo\n|-damage|p2a: Gholdengo|81\/100\n|-damage|p2b: Sinistcha|63\/100\n|-enditem|p2a: Gholdengo|Air Balloon\n|move|p2b: Sinistcha|Matcha Gotcha|p1b: Sus|[spread] p1a,p1b\n|-resisted|p1b: Sus\n|-damage|p1a: Flutter Mane|74\/100\n|-heal|p2b: Sinistcha|72\/100|[from] drain|[of] p1a: Flutter Mane\n|-damage|p1b: Sus|96\/100\n|-heal|p2b: Sinistcha|75\/100|[from] drain|[of] p1b: Sus\n|move|p1b: Sus|Sludge Bomb|p2b: Sinistcha\n|-damage|p2b: Sinistcha|42\/100\n|\n|upkeep\n|turn|2\n|\n|t:|1697420863\n|-end|p1a: Flutter Mane|Protosynthesis|[silent]\n|switch|p1a: Hard|Garganacl, F|100\/100\n|move|p2a: Gholdengo|Make It Rain|p1b: Sus|[spread] p1a,p1b\n|-supereffective|p1a: Hard\n|-damage|p1a: Hard|56\/100\n|-damage|p1b: Sus|65\/100\n|-unboost|p2a: Gholdengo|spa|1\n|move|p2b: Sinistcha|Strength Sap|p1a: Hard\n|-unboost|p1a: Hard|atk|1\n|-heal|p2b: Sinistcha|100\/100\n|move|p1b: Sus|Spore|p2a: Gholdengo\n|-immune|p2a: Gholdengo|[from] ability: Good as Gold\n|\n|upkeep\n|turn|3\n|\n|t:|1697420887\n|move|p2a: Gholdengo|Nasty Plot|p2a: Gholdengo\n|-boost|p2a: Gholdengo|spa|2\n|move|p2b: Sinistcha|Matcha Gotcha|p1a: Hard|[spread] p1a,p1b\n|-supereffective|p1a: Hard\n|-resisted|p1b: Sus\n|-damage|p1a: Hard|34\/100\n|-damage|p1b: Sus|61\/100\n|-status|p1b: Sus|brn\n|move|p1b: Sus|Sludge Bomb|p2b: Sinistcha\n|-damage|p2b: Sinistcha|67\/100\n|-status|p2b: Sinistcha|psn\n|move|p1a: Hard|Fire Punch|p2a: Gholdengo\n|-supereffective|p2a: Gholdengo\n|-damage|p2a: Gholdengo|54\/100\n|\n|-damage|p2b: Sinistcha|55\/100 psn|[from] psn\n|-damage|p1b: Sus|55\/100 brn|[from] brn\n|upkeep\n|turn|4\n|\n|t:|1697420911\n|move|p2a: Gholdengo|Make It Rain|p1a: Hard|[spread] p1a,p1b\n|-supereffective|p1a: Hard\n|-crit|p1a: Hard\n|-damage|p1a: Hard|0 fnt\n|-damage|p1b: Sus|5\/100 brn\n|-unboost|p2a: Gholdengo|spa|1\n|faint|p1a: Hard\n|move|p2b: Sinistcha|Matcha Gotcha|p1b: Sus\n|-resisted|p1b: Sus\n|-damage|p1b: Sus|0 fnt\n|-heal|p2b: Sinistcha|58\/100 psn|[from] drain|[of] p1b: Sus\n|faint|p1b: Sus\n|\n|-damage|p2b: Sinistcha|45\/100 psn|[from] psn\n|upkeep\n|\n|t:|1697420917\n|switch|p1b: Runner|Iron Bundle|100\/100\n|switch|p1a: Duro|Quilava, M, shiny|100\/100\n|turn|5\n|\n|t:|1697420936\n|move|p1b: Runner|Freeze-Dry|p2b: Sinistcha\n|-supereffective|p2b: Sinistcha\n|-crit|p2b: Sinistcha\n|-damage|p2b: Sinistcha|0 fnt\n|faint|p2b: Sinistcha\n|move|p2a: Gholdengo|Make It Rain|p1a: Duro|[spread] p1a,p1b\n|-resisted|p1a: Duro\n|-damage|p1a: Duro|53\/100\n|-damage|p1b: Runner|0 fnt\n|-unboost|p2a: Gholdengo|spa|1\n|faint|p1b: Runner\n|-end|p1b: Runner|Quark Drive|[silent]\n|move|p1a: Duro|Flamethrower|p2a: Gholdengo\n|-supereffective|p2a: Gholdengo\n|-damage|p2a: Gholdengo|0 fnt\n|faint|p2a: Gholdengo\n|\n|upkeep\n|\n|t:|1697420952\n|switch|p1b: CARAVANHA|Basculin, M, shiny|100\/100\n|switch|p2a: Pachirisu|Pachirisu, M|100\/100\n|switch|p2b: Morpeko|Morpeko, M|100\/100\n|-ability|p1b: CARAVANHA|Mold Breaker\n|turn|6\n|\n|t:|1697420965\n|move|p2a: Pachirisu|Follow Me|p2a: Pachirisu\n|-singleturn|p2a: Pachirisu|move: Follow Me\n|move|p1b: CARAVANHA|Endeavor|p2a: Pachirisu\n|-damage|p2a: Pachirisu|87\/100\n|move|p2b: Morpeko|Aura Wheel|p1b: CARAVANHA\n|-supereffective|p1b: CARAVANHA\n|-damage|p1b: CARAVANHA|0 fnt\n|-boost|p2b: Morpeko|spe|1\n|faint|p1b: CARAVANHA\n|move|p1a: Duro|Play Rough|p2a: Pachirisu|[miss]\n|-miss|p1a: Duro|p2a: Pachirisu\n|\n|-formechange|p2b: Morpeko|Morpeko-Hangry||[from] ability: Hunger Switch\n|upkeep\n|\n|t:|1697420978\n|switch|p1b: Flutter Mane|Flutter Mane|74\/100\n|turn|7\n|c|\u2606SamurottRott|You winned bc of glimmora\n|c|\u2606SamurottRott|That didn't even entered the field\n|c|\u2606SamurottRott|xD\n|inactive|Battle timer is ON: inactive players will automatically lose when time's up. (requested by SamurottRott)\n|\n|t:|1697421046\n|move|p1a: Duro|Protect|p1a: Duro\n|-singleturn|p1a: Duro|Protect\n|move|p2a: Pachirisu|Follow Me|p2a: Pachirisu\n|-singleturn|p2a: Pachirisu|move: Follow Me\n|move|p2b: Morpeko|Aura Wheel|p1b: Flutter Mane\n|-damage|p1b: Flutter Mane|0 fnt\n|-boost|p2b: Morpeko|spe|1\n|faint|p1b: Flutter Mane\n|-end|p1b: Flutter Mane|Protosynthesis|[silent]\n|\n|-formechange|p2b: Morpeko|Morpeko||[from] ability: Hunger Switch\n|upkeep\n|turn|8\n|inactive|PurpleAppreciator has 120 seconds left.\n|\n|t:|1697421080\n|-terastallize|p1a: Duro|Grass\n|move|p2a: Pachirisu|Follow Me|p2a: Pachirisu\n|-singleturn|p2a: Pachirisu|move: Follow Me\n|move|p2b: Morpeko|Aura Wheel|p1a: Duro\n|-resisted|p1a: Duro\n|-damage|p1a: Duro|0 fnt\n|-boost|p2b: Morpeko|spe|1\n|faint|p1a: Duro\n|\n|win|PurpleAppreciator\n|raw|SamurottRott's rating: 1113 &rarr; <strong>1084<\/strong><br \/>(-29 for losing)\n|raw|PurpleAppreciator's rating: 1052 &rarr; <strong>1090<\/strong><br \/>(+38 for winning)\n|l|\u2606SamurottRott\n","uploadtime":1697421111,"views":7,"p1id":"samurottrott","p2id":"purpleappreciator","formatid":"gen9doublesou","rating":1084,"private":0,"password":""}