{"id":"gen9doublesou-1977079866","p1":"DiamondDiancie25","p2":"lilbookcase","format":"[Gen 9] Doubles OU","log":"|j|\u2606DiamondDiancie25\n|j|\u2606lilbookcase\n|t:|1698369270\n|gametype|doubles\n|player|p1|DiamondDiancie25|psychic-gen4|\n|player|p2|lilbookcase|rocketgruntf|\n|teamsize|p1|6\n|teamsize|p2|6\n|gen|9\n|tier|[Gen 9] Doubles OU\n|rule|Species Clause: Limit one of each Pok\u00e9mon\n|rule|OHKO Clause: OHKO moves are banned\n|rule|Evasion Moves Clause: Evasion moves are banned\n|rule|Gravity Sleep Clause: The combination of sleep-inducing moves with imperfect accuracy and Gravity or Gigantamax Orbeetle are banned\n|rule|Endless Battle Clause: Forcing endless battles is banned\n|rule|HP Percentage Mod: HP is shown in percentages\n|clearpoke\n|poke|p1|Tyranitar, M|\n|poke|p1|Houndstone, M|\n|poke|p1|Gholdengo|\n|poke|p1|Enamorus-Therian, F|\n|poke|p1|Murkrow, M|\n|poke|p1|Glimmora, M|\n|poke|p2|Roaring Moon|\n|poke|p2|Weezing-Galar, M|\n|poke|p2|Gholdengo|\n|poke|p2|Ursaluna, F|\n|poke|p2|Hatterene, F|\n|poke|p2|Gothitelle, F|\n|teampreview\n|\n|t:|1698369318\n|start\n|switch|p1a: Gholdengo|Gholdengo|100\/100\n|switch|p1b: Salt|Murkrow, M|100\/100\n|switch|p2a: Trick|Hatterene, F|100\/100\n|switch|p2b: Treat|Gothitelle, F|100\/100\n|-item|p1a: Gholdengo|Kasib Berry|[from] ability: Frisk|[of] p2b: Treat|[identify]\n|-item|p1b: Salt|Eviolite|[from] ability: Frisk|[of] p2b: Treat|[identify]\n|turn|1\n|\n|t:|1698369380\n|move|p1b: Salt|Protect|p1b: Salt\n|-singleturn|p1b: Salt|Protect\n|move|p2b: Treat|Fake Out|p1b: Salt\n|-activate|p1b: Salt|move: Protect\n|move|p1a: Gholdengo|Make It Rain|p2b: Treat|[spread] p2a,p2b\n|-supereffective|p2a: Trick\n|-damage|p2a: Trick|4\/100\n|-damage|p2b: Treat|63\/100\n|-unboost|p1a: Gholdengo|spa|1\n|move|p2a: Trick|Trick Room|p2a: Trick\n|-fieldstart|move: Trick Room|[of] p2a: Trick\n|\n|upkeep\n|turn|2\n|\n|t:|1698369415\n|move|p2b: Treat|Helping Hand|p2a: Trick\n|-singleturn|p2a: Trick|Helping Hand|[of] p2b: Treat\n|move|p2a: Trick|Dazzling Gleam|p1a: Gholdengo|[spread] p1a,p1b\n|-resisted|p1a: Gholdengo\n|-supereffective|p1b: Salt\n|-damage|p1a: Gholdengo|60\/100\n|-damage|p1b: Salt|0 fnt\n|faint|p1b: Salt\n|-damage|p2a: Trick|0 fnt|[from] item: Life Orb\n|faint|p2a: Trick\n|move|p1a: Gholdengo|Shadow Ball|p2b: Treat\n|-supereffective|p2b: Treat\n|-damage|p2b: Treat|14\/100\n|-enditem|p2b: Treat|Sitrus Berry|[eat]\n|-heal|p2b: Treat|39\/100|[from] item: Sitrus Berry\n|\n|upkeep\n|\n|t:|1698369429\n|switch|p2a: Waxaluna|Ursaluna, F|100\/100\n|switch|p1b: Tyranitar|Tyranitar, M|100\/100\n|-weather|Sandstorm|[from] ability: Sand Stream|[of] p1b: Tyranitar\n|turn|3\n|\n|t:|1698369444\n|-terastallize|p1b: Tyranitar|Ground\n|move|p2b: Treat|Helping Hand|p2a: Waxaluna\n|-singleturn|p2a: Waxaluna|Helping Hand|[of] p2b: Treat\n|move|p1b: Tyranitar|Knock Off|p2a: Waxaluna\n|-damage|p2a: Waxaluna|53\/100\n|-enditem|p2a: Waxaluna|Flame Orb|[from] move: Knock Off|[of] p1b: Tyranitar\n|move|p2a: Waxaluna|Earthquake|p1b: Tyranitar|[spread] p2b,p1a,p1b\n|-supereffective|p1a: Gholdengo\n|-damage|p2b: Treat|0 fnt\n|-damage|p1a: Gholdengo|0 fnt\n|-damage|p1b: Tyranitar|53\/100\n|faint|p2b: Treat\n|faint|p1a: Gholdengo\n|\n|-weather|Sandstorm|[upkeep]\n|upkeep\n|\n|t:|1698369464\n|switch|p2b: Mr. Joe|Gholdengo|100\/100\n|switch|p1a: Enamorus|Enamorus-Therian, F|100\/100\n|turn|4\n|\n|t:|1698369480\n|-terastallize|p2b: Mr. Joe|Fairy\n|move|p2a: Waxaluna|Protect|p2a: Waxaluna\n|-singleturn|p2a: Waxaluna|Protect\n|move|p1a: Enamorus|Earth Power|p2b: Mr. Joe\n|-damage|p2b: Mr. Joe|65\/100\n|move|p1b: Tyranitar|Ice Fang|p2a: Waxaluna\n|-activate|p2a: Waxaluna|move: Protect\n|move|p2b: Mr. Joe|Make It Rain|p1b: Tyranitar|[spread] p1a,p1b\n|-supereffective|p1a: Enamorus\n|-damage|p1a: Enamorus|0 fnt\n|-damage|p1b: Tyranitar|6\/100\n|-unboost|p2b: Mr. Joe|spa|1\n|faint|p1a: Enamorus\n|\n|-weather|Sandstorm|[upkeep]\n|-damage|p2b: Mr. Joe|59\/100|[from] Sandstorm\n|upkeep\n|\n|t:|1698369496\n|switch|p1a: Glimmora|Glimmora, M|100\/100\n|turn|5\n|\n|t:|1698369521\n|switch|p2a: Smokin that Toxin|Weezing-Galar, M|100\/100\n|-ability|p2a: Smokin that Toxin|Neutralizing Gas\n|move|p1b: Tyranitar|Rock Slide|p2a: Smokin that Toxin|[spread] p2a,p2b\n|-damage|p2a: Smokin that Toxin|71\/100\n|-damage|p2b: Mr. Joe|28\/100\n|cant|p2b: Mr. Joe|flinch\n|move|p1a: Glimmora|Power Gem|p2b: Mr. Joe\n|-damage|p2b: Mr. Joe|0 fnt\n|faint|p2b: Mr. Joe\n|\n|-weather|Sandstorm|[upkeep]\n|-damage|p2a: Smokin that Toxin|65\/100|[from] Sandstorm\n|-heal|p2a: Smokin that Toxin|71\/100|[from] item: Leftovers\n|-fieldend|move: Trick Room\n|upkeep\n|\n|t:|1698369539\n|switch|p2b: Roaring Gibbous|Roaring Moon|100\/100\n|-enditem|p2b: Roaring Gibbous|Booster Energy\n|-activate|p2b: Roaring Gibbous|ability: Protosynthesis|[fromitem]\n|-start|p2b: Roaring Gibbous|protosynthesisspe\n|turn|6\n|\n|t:|1698369571\n|move|p2a: Smokin that Toxin|Protect|p2a: Smokin that Toxin\n|-singleturn|p2a: Smokin that Toxin|Protect\n|move|p2b: Roaring Gibbous|Breaking Swipe|p1b: Tyranitar|[spread] p1a,p1b\n|-damage|p1a: Glimmora|71\/100\n|-damage|p1b: Tyranitar|0 fnt\n|-unboost|p1a: Glimmora|atk|1\n|faint|p1b: Tyranitar\n|move|p1a: Glimmora|Power Gem|p2b: Roaring Gibbous\n|-damage|p2b: Roaring Gibbous|59\/100\n|\n|-weather|Sandstorm|[upkeep]\n|-damage|p2b: Roaring Gibbous|53\/100|[from] Sandstorm\n|-damage|p2a: Smokin that Toxin|65\/100|[from] Sandstorm\n|-heal|p2a: Smokin that Toxin|71\/100|[from] item: Leftovers\n|upkeep\n|\n|t:|1698369583\n|switch|p1b: Pet Named Steve|Houndstone, M|100\/100\n|turn|7\n|\n|t:|1698369600\n|-end|p2a: Smokin that Toxin|ability: Neutralizing Gas\n|switch|p2a: Waxaluna|Ursaluna, F|53\/100\n|move|p2b: Roaring Gibbous|Protect|p2b: Roaring Gibbous\n|-singleturn|p2b: Roaring Gibbous|Protect\n|move|p1b: Pet Named Steve|Protect|p1b: Pet Named Steve\n|-singleturn|p1b: Pet Named Steve|Protect\n|move|p1a: Glimmora|Power Gem|p2b: Roaring Gibbous\n|-activate|p2b: Roaring Gibbous|move: Protect\n|\n|-weather|none\n|upkeep\n|turn|8\n|\n|t:|1698369624\n|move|p2b: Roaring Gibbous|Knock Off|p1b: Pet Named Steve\n|-supereffective|p1b: Pet Named Steve\n|-damage|p1b: Pet Named Steve|0 fnt\n|-enditem|p1b: Pet Named Steve|Spell Tag|[from] move: Knock Off|[of] p2b: Roaring Gibbous\n|faint|p1b: Pet Named Steve\n|move|p1a: Glimmora|Earth Power|p2a: Waxaluna\n|-damage|p2a: Waxaluna|21\/100\n|move|p2a: Waxaluna|Headlong Rush|p1a: Glimmora\n|-supereffective|p1a: Glimmora\n|-damage|p1a: Glimmora|0 fnt\n|-unboost|p2a: Waxaluna|def|1\n|-unboost|p2a: Waxaluna|spd|1\n|-activate|p1a: Glimmora|ability: Toxic Debris\n|-sidestart|p2: lilbookcase|move: Toxic Spikes\n|faint|p1a: Glimmora\n|\n|win|lilbookcase\n|l|\u2606DiamondDiancie25\n","uploadtime":1698369644,"views":17,"p1id":"diamonddiancie25","p2id":"lilbookcase","formatid":"gen9doublesou","rating":0,"private":0,"password":""}