{"id":"gen9doublesou-1977020908","p1":"xXJustFireXx","p2":"Wulfo","format":"[Gen 9] Doubles OU","log":"|j|\u2606xXJustFireXx\n|j|\u2606Wulfo\n|t:|1698362637\n|gametype|doubles\n|player|p1|xXJustFireXx|170|1143\n|player|p2|Wulfo|pokemaniac|1157\n|teamsize|p1|6\n|teamsize|p2|6\n|gen|9\n|tier|[Gen 9] Doubles OU\n|rated|\n|rule|Species Clause: Limit one of each Pok\u00e9mon\n|rule|OHKO Clause: OHKO moves are banned\n|rule|Evasion Moves Clause: Evasion moves are banned\n|rule|Gravity Sleep Clause: The combination of sleep-inducing moves with imperfect accuracy and Gravity or Gigantamax Orbeetle are banned\n|rule|Endless Battle Clause: Forcing endless battles is banned\n|rule|HP Percentage Mod: HP is shown in percentages\n|clearpoke\n|poke|p1|Iron Valiant|\n|poke|p1|Ogerpon-Wellspring, F|\n|poke|p1|Maushold|\n|poke|p1|Dragapult, M|\n|poke|p1|Kingambit, F|\n|poke|p1|Amoonguss, M|\n|poke|p2|Torkoal, M|\n|poke|p2|Grimmsnarl, M|\n|poke|p2|Okidogi, M|\n|poke|p2|Armarouge, M|\n|poke|p2|Landorus-Therian, M|\n|poke|p2|Kleavor, M|\n|teampreview\n|\n|t:|1698362667\n|start\n|switch|p1a: Dragapult|Dragapult, M|100\/100\n|switch|p1b: Kingambit|Kingambit, F|100\/100\n|switch|p2a: dawg|Okidogi, M|100\/100\n|switch|p2b: Grimmsnarl|Grimmsnarl, M|100\/100\n|turn|1\n|\n|t:|1698362698\n|-terastallize|p1b: Kingambit|Water\n|move|p2b: Grimmsnarl|Fake Out|p1b: Kingambit\n|-damage|p1b: Kingambit|93\/100\n|move|p1a: Dragapult|Reflect|p1a: Dragapult\n|-sidestart|p1: xXJustFireXx|Reflect\n|move|p2a: dawg|Knock Off|p1a: Dragapult\n|-supereffective|p1a: Dragapult\n|-crit|p1a: Dragapult\n|-damage|p1a: Dragapult|0 fnt\n|-enditem|p1a: Dragapult|Light Clay|[from] move: Knock Off|[of] p2a: dawg\n|faint|p1a: Dragapult\n|cant|p1b: Kingambit|flinch\n|\n|upkeep\n|\n|t:|1698362719\n|switch|p1a: Maushold|Maushold|100\/100\n|turn|2\n|\n|t:|1698362738\n|move|p1a: Maushold|Follow Me|p1a: Maushold\n|-singleturn|p1a: Maushold|move: Follow Me\n|move|p2b: Grimmsnarl|Trick|p1a: Maushold\n|-activate|p2b: Grimmsnarl|move: Trick|[of] p1a: Maushold\n|-item|p1a: Maushold|Iron Ball|[from] move: Trick\n|-item|p2b: Grimmsnarl|Leftovers|[from] move: Trick\n|move|p2a: dawg|Drain Punch|p1a: Maushold\n|-supereffective|p1a: Maushold\n|-damage|p1a: Maushold|30\/100\n|move|p1b: Kingambit|Swords Dance|p1b: Kingambit\n|-boost|p1b: Kingambit|atk|2\n|\n|upkeep\n|turn|3\n|\n|t:|1698362764\n|switch|p2b: Torkoal|Torkoal, M|100\/100\n|-weather|SunnyDay|[from] ability: Drought|[of] p2b: Torkoal\n|move|p1a: Maushold|Follow Me|p1a: Maushold\n|-singleturn|p1a: Maushold|move: Follow Me\n|move|p2a: dawg|Drain Punch|p1a: Maushold\n|-supereffective|p1a: Maushold\n|-damage|p1a: Maushold|0 fnt\n|faint|p1a: Maushold\n|move|p1b: Kingambit|Kowtow Cleave|p2a: dawg\n|-resisted|p2a: dawg\n|-damage|p2a: dawg|46\/100\n|-enditem|p2a: dawg|Sitrus Berry|[eat]\n|-heal|p2a: dawg|71\/100|[from] item: Sitrus Berry\n|-damage|p1b: Kingambit|83\/100|[from] item: Life Orb\n|\n|-weather|SunnyDay|[upkeep]\n|upkeep\n|\n|t:|1698362769\n|switch|p1a: Ogerpon|Ogerpon-Wellspring, F|100\/100\n|turn|4\n|\n|t:|1698362791\n|move|p1b: Kingambit|Sucker Punch|p2b: Torkoal\n|-damage|p2b: Torkoal|41\/100\n|-damage|p1b: Kingambit|73\/100|[from] item: Life Orb\n|move|p1a: Ogerpon|Ivy Cudgel|p2b: Torkoal\n|-supereffective|p2b: Torkoal\n|-damage|p2b: Torkoal|15\/100\n|move|p2a: dawg|Drain Punch|p1b: Kingambit\n|-damage|p1b: Kingambit|53\/100\n|-heal|p2a: dawg|82\/100|[from] drain|[of] p1b: Kingambit\n|move|p2b: Torkoal|Body Press|p1b: Kingambit\n|-damage|p1b: Kingambit|37\/100\n|\n|-weather|SunnyDay|[upkeep]\n|-heal|p2b: Torkoal|21\/100|[from] item: Leftovers\n|upkeep\n|turn|5\n|\n|t:|1698362814\n|move|p2b: Torkoal|Protect|p2b: Torkoal\n|-singleturn|p2b: Torkoal|Protect\n|move|p1a: Ogerpon|Ivy Cudgel|p2b: Torkoal\n|-activate|p2b: Torkoal|move: Protect\n|move|p2a: dawg|Knock Off|p1b: Kingambit\n|-damage|p1b: Kingambit|18\/100\n|-enditem|p1b: Kingambit|Life Orb|[from] move: Knock Off|[of] p2a: dawg\n|move|p1b: Kingambit|Iron Head|p2a: dawg\n|-damage|p2a: dawg|7\/100\n|\n|-weather|SunnyDay|[upkeep]\n|-heal|p2b: Torkoal|27\/100|[from] item: Leftovers\n|upkeep\n|turn|6\n|\n|t:|1698362835\n|move|p2a: dawg|Protect|p2a: dawg\n|-singleturn|p2a: dawg|Protect\n|move|p1a: Ogerpon|Ivy Cudgel|p2a: dawg\n|-activate|p2a: dawg|move: Protect\n|move|p1b: Kingambit|Kowtow Cleave|p2b: Torkoal\n|-damage|p2b: Torkoal|0 fnt\n|faint|p2b: Torkoal\n|\n|-weather|SunnyDay|[upkeep]\n|upkeep\n|\n|t:|1698362849\n|switch|p2b: Kleavor|Kleavor, M|100\/100\n|turn|7\n|\n|t:|1698362871\n|-terastallize|p2b: Kleavor|Bug\n|move|p1a: Ogerpon|Follow Me|p1a: Ogerpon\n|-singleturn|p1a: Ogerpon|move: Follow Me\n|move|p2b: Kleavor|Lunge|p1a: Ogerpon\n|-supereffective|p1a: Ogerpon\n|-damage|p1a: Ogerpon|19\/100\n|-unboost|p1a: Ogerpon|atk|1\n|move|p2a: dawg|Drain Punch|p1a: Ogerpon\n|-damage|p1a: Ogerpon|0 fnt\n|-heal|p2a: dawg|16\/100|[from] drain|[of] p1a: Ogerpon\n|faint|p1a: Ogerpon\n|move|p1b: Kingambit|Iron Head|p2b: Kleavor\n|-damage|p2b: Kleavor|0 fnt\n|faint|p2b: Kleavor\n|\n|-weather|none\n|upkeep\n|\n|t:|1698362894\n|switch|p2b: Grimmsnarl|Grimmsnarl, M|100\/100\n|switch|p1a: Amoonguss|Amoonguss, M|100\/100\n|turn|8\n|\n|t:|1698362930\n|move|p2a: dawg|Protect|p2a: dawg\n|-singleturn|p2a: dawg|Protect\n|move|p2b: Grimmsnarl|Sucker Punch|p1b: Kingambit\n|-damage|p1b: Kingambit|5\/100\n|move|p1b: Kingambit|Sucker Punch||[still]\n|-fail|p1b: Kingambit\n|move|p1a: Amoonguss|Pollen Puff|p1b: Kingambit\n|-heal|p1b: Kingambit|55\/100\n|\n|-sideend|p1: xXJustFireXx|Reflect\n|upkeep\n|turn|9\n|\n|t:|1698362963\n|move|p2b: Grimmsnarl|Trick|p2a: dawg\n|-activate|p2b: Grimmsnarl|move: Trick|[of] p2a: dawg\n|-item|p2a: dawg|Leftovers|[from] move: Trick\n|-enditem|p2b: Grimmsnarl|Leftovers|[silent]|[from] move: Trick\n|move|p2a: dawg|Knock Off|p1a: Amoonguss\n|-damage|p1a: Amoonguss|62\/100\n|-enditem|p1a: Amoonguss|Leftovers|[from] move: Knock Off|[of] p2a: dawg\n|move|p1b: Kingambit|Iron Head|p2a: dawg\n|-damage|p2a: dawg|0 fnt\n|faint|p2a: dawg\n|move|p1a: Amoonguss|Pollen Puff|p1b: Kingambit\n|-heal|p1b: Kingambit|100\/100\n|\n|upkeep\n|\n|t:|1698362982\n|switch|p2a: Armarouge|Armarouge, M|100\/100\n|turn|10\n|\n|t:|1698362998\n|move|p2b: Grimmsnarl|Trick||[still]\n|-fail|p2b: Grimmsnarl\n|move|p1b: Kingambit|Sucker Punch|p2a: Armarouge\n|-supereffective|p2a: Armarouge\n|-damage|p2a: Armarouge|0 fnt\n|faint|p2a: Armarouge\n|move|p1a: Amoonguss|Spore|p2b: Grimmsnarl\n|-status|p2b: Grimmsnarl|slp|[from] move: Spore\n|\n|upkeep\n|\n|t:|1698363008\n|switch|p2a: Landorus|Landorus-Therian, M|100\/100\n|-ability|p2a: Landorus|Intimidate|boost\n|-unboost|p1a: Amoonguss|atk|1\n|-unboost|p1b: Kingambit|atk|1\n|-ability|p1b: Kingambit|Defiant|boost\n|-boost|p1b: Kingambit|atk|2\n|turn|11\n|-message|Wulfo forfeited.\n|\n|win|xXJustFireXx\n|raw|xXJustFireXx's rating: 1143 &rarr; <strong>1169<\/strong><br \/>(+26 for winning)\n|raw|Wulfo's rating: 1157 &rarr; <strong>1131<\/strong><br \/>(-26 for losing)\n|l|\u2606Wulfo\n","uploadtime":1698363032,"views":27,"p1id":"xxjustfirexx","p2id":"wulfo","formatid":"gen9doublesou","rating":1131,"private":0,"password":""}