{"id":"gen9doublesou-1969961425","p1":"Actuarily","p2":"ChugChug15050","format":"[Gen 9] Doubles OU","log":"|j|\u2606Actuarily\n|j|\u2606ChugChug15050\n|inactive|Battle timer is ON: inactive players will automatically lose when time's up.\n|t:|1697579834\n|gametype|doubles\n|player|p1|Actuarily|roughneck-gen4|\n|player|p2|ChugChug15050|volkner|\n|teamsize|p1|6\n|teamsize|p2|6\n|gen|9\n|tier|[Gen 9] Doubles OU\n|rated|Tournament battle\n|rule|Species Clause: Limit one of each Pok\u00e9mon\n|rule|OHKO Clause: OHKO moves are banned\n|rule|Evasion Moves Clause: Evasion moves are banned\n|rule|Gravity Sleep Clause: The combination of sleep-inducing moves with imperfect accuracy and Gravity or Gigantamax Orbeetle are banned\n|rule|Endless Battle Clause: Forcing endless battles is banned\n|rule|HP Percentage Mod: HP is shown in percentages\n|clearpoke\n|poke|p1|Basculegion, M|\n|poke|p1|Iron Bundle|\n|poke|p1|Iron Hands|\n|poke|p1|Ninetales-Alola, M|\n|poke|p1|Heatran, M|\n|poke|p1|Rillaboom, F|\n|poke|p2|Gholdengo|\n|poke|p2|Iron Hands|\n|poke|p2|Cresselia, F|\n|poke|p2|Flutter Mane|\n|poke|p2|Tornadus, M|\n|poke|p2|Basculegion, M|\n|teampreview\n|c|\u2606Actuarily|Gl\n|c|\u2606ChugChug15050|gl hf\n|\n|t:|1697579861\n|start\n|switch|p1a: Heatran|Heatran, M|100\/100\n|switch|p1b: Rillaboom|Rillaboom, F|100\/100\n|switch|p2a: Iron Hands|Iron Hands|100\/100\n|switch|p2b: Cresselia|Cresselia, F|100\/100\n|-fieldstart|move: Grassy Terrain|[from] ability: Grassy Surge|[of] p1b: Rillaboom\n|-enditem|p2a: Iron Hands|Booster Energy\n|-activate|p2a: Iron Hands|ability: Quark Drive|[fromitem]\n|-start|p2a: Iron Hands|quarkdriveatk\n|turn|1\n|\n|t:|1697579887\n|switch|p1a: Ninetales|Ninetales-Alola, M|100\/100\n|-weather|Snow|[from] ability: Snow Warning|[of] p1a: Ninetales\n|move|p1b: Rillaboom|Fake Out|p2b: Cresselia\n|-damage|p2b: Cresselia|91\/100\n|move|p2a: Iron Hands|Fake Out|p1a: Ninetales\n|-damage|p1a: Ninetales|84\/100\n|cant|p2b: Cresselia|flinch\n|\n|-weather|Snow|[upkeep]\n|-heal|p1a: Ninetales|90\/100|[from] Grassy Terrain\n|upkeep\n|turn|2\n|\n|t:|1697579904\n|move|p1a: Ninetales|Encore|p2a: Iron Hands\n|-start|p2a: Iron Hands|Encore\n|move|p1b: Rillaboom|U-turn|p2b: Cresselia\n|-supereffective|p2b: Cresselia\n|-damage|p2b: Cresselia|53\/100\n|\n|t:|1697579915\n|switch|p1b: Iron Hands|Iron Hands|100\/100|[from] U-turn\n|move|p2a: Iron Hands|Fake Out||[still]\n|-hint|Fake Out only works on your first turn out.\n|-fail|p2a: Iron Hands\n|move|p2b: Cresselia|Trick Room|p2b: Cresselia\n|-fieldstart|move: Trick Room|[of] p2b: Cresselia\n|\n|-weather|Snow|[upkeep]\n|-heal|p1a: Ninetales|96\/100|[from] Grassy Terrain\n|upkeep\n|turn|3\n|\n|t:|1697579931\n|-end|p2a: Iron Hands|Quark Drive|[silent]\n|switch|p2a: Gholdengo|Gholdengo|100\/100\n|move|p1b: Iron Hands|Swords Dance|p1b: Iron Hands\n|-boost|p1b: Iron Hands|atk|2\n|move|p2b: Cresselia|Psychic|p1b: Iron Hands\n|-supereffective|p1b: Iron Hands\n|-damage|p1b: Iron Hands|52\/100\n|move|p1a: Ninetales|Aurora Veil|p1a: Ninetales\n|-sidestart|p1: Actuarily|move: Aurora Veil\n|\n|-weather|Snow|[upkeep]\n|-heal|p1b: Iron Hands|59\/100|[from] Grassy Terrain\n|-heal|p1a: Ninetales|100\/100|[from] Grassy Terrain\n|upkeep\n|turn|4\n|\n|t:|1697579946\n|switch|p1a: Heatran|Heatran, M|100\/100\n|move|p1b: Iron Hands|Thunder Punch|p2b: Cresselia\n|-damage|p2b: Cresselia|0 fnt\n|faint|p2b: Cresselia\n|move|p2a: Gholdengo|Make It Rain|p1b: Iron Hands|[spread] p1a,p1b\n|-resisted|p1a: Heatran\n|-resisted|p1b: Iron Hands\n|-damage|p1a: Heatran|96\/100\n|-damage|p1b: Iron Hands|45\/100\n|-unboost|p2a: Gholdengo|spa|1\n|-enditem|p1b: Iron Hands|Sitrus Berry|[eat]\n|-heal|p1b: Iron Hands|70\/100|[from] item: Sitrus Berry\n|\n|-weather|Snow|[upkeep]\n|-heal|p1b: Iron Hands|77\/100|[from] Grassy Terrain\n|-heal|p1a: Heatran|100\/100|[from] Grassy Terrain\n|upkeep\n|\n|t:|1697579967\n|switch|p2b: Iron Hands|Iron Hands|100\/100\n|turn|5\n|\n|t:|1697579991\n|move|p2b: Iron Hands|Fake Out|p1b: Iron Hands\n|-damage|p1b: Iron Hands|70\/100\n|cant|p1b: Iron Hands|flinch\n|move|p2a: Gholdengo|Shadow Ball|p1b: Iron Hands\n|-damage|p1b: Iron Hands|55\/100\n|move|p1a: Heatran|Heat Wave|p2a: Gholdengo|[spread] p2a,p2b\n|-supereffective|p2a: Gholdengo\n|-damage|p2a: Gholdengo|17\/100\n|-damage|p2b: Iron Hands|62\/100\n|\n|-weather|none\n|-heal|p2b: Iron Hands|68\/100|[from] Grassy Terrain\n|-heal|p1b: Iron Hands|62\/100|[from] Grassy Terrain\n|-heal|p2a: Gholdengo|24\/100|[from] Grassy Terrain\n|-fieldend|move: Grassy Terrain\n|upkeep\n|turn|6\n|\n|t:|1697580020\n|move|p2b: Iron Hands|Wild Charge|p1a: Heatran\n|-damage|p1a: Heatran|72\/100\n|-damage|p2b: Iron Hands|63\/100|[from] Recoil\n|move|p1b: Iron Hands|Drain Punch|p2b: Iron Hands\n|-damage|p2b: Iron Hands|8\/100\n|-heal|p1b: Iron Hands|93\/100|[from] drain|[of] p2b: Iron Hands\n|move|p2a: Gholdengo|Shadow Ball|p1b: Iron Hands\n|-damage|p1b: Iron Hands|80\/100\n|move|p1a: Heatran|Heat Wave|p2b: Iron Hands|[spread] p2a,p2b\n|-supereffective|p2a: Gholdengo\n|-damage|p2a: Gholdengo|0 fnt\n|-damage|p2b: Iron Hands|0 fnt\n|faint|p2a: Gholdengo\n|faint|p2b: Iron Hands\n|-end|p2b: Iron Hands|Quark Drive|[silent]\n|\n|-fieldend|move: Trick Room\n|upkeep\n|inactive|ChugChug15050 has 120 seconds left.\n|\n|t:|1697580037\n|switch|p2a: Tornadus|Tornadus, M|100\/100\n|switch|p2b: Flutter Mane|Flutter Mane|100\/100\n|turn|7\n|inactive|ChugChug15050 has 120 seconds left.\n|\n|t:|1697580066\n|move|p2a: Tornadus|Rain Dance|p2a: Tornadus\n|-weather|RainDance\n|move|p2b: Flutter Mane|Shadow Ball|p1b: Iron Hands\n|-crit|p1b: Iron Hands\n|-damage|p1b: Iron Hands|15\/100\n|move|p1a: Heatran|Heat Wave|p2a: Tornadus|[spread] p2a\n|-miss|p1a: Heatran|p2b: Flutter Mane\n|-damage|p2a: Tornadus|80\/100\n|move|p1b: Iron Hands|Thunder Punch|p2b: Flutter Mane\n|-damage|p2b: Flutter Mane|0 fnt\n|faint|p2b: Flutter Mane\n|-end|p2b: Flutter Mane|Protosynthesis|[silent]\n|\n|-weather|RainDance|[upkeep]\n|upkeep\n|\n|t:|1697580080\n|switch|p2b: Basculegion|Basculegion, M|100\/100\n|turn|8\n|\n|t:|1697580092\n|switch|p1a: Ninetales|Ninetales-Alola, M|100\/100\n|-weather|Snow|[from] ability: Snow Warning|[of] p1a: Ninetales\n|move|p2a: Tornadus|Bleakwind Storm|p1a: Ninetales|[spread] p1a\n|-miss|p2a: Tornadus|p1b: Iron Hands\n|-enditem|p2a: Tornadus|Blunder Policy\n|-boost|p2a: Tornadus|spe|2\n|-damage|p1a: Ninetales|78\/100\n|-unboost|p1a: Ninetales|spe|1\n|move|p1b: Iron Hands|Thunder Punch|p2b: Basculegion\n|-supereffective|p2b: Basculegion\n|-crit|p2b: Basculegion\n|-damage|p2b: Basculegion|0 fnt\n|faint|p2b: Basculegion\n|\n|-weather|Snow|[upkeep]\n|upkeep\n|turn|9\n|\n|t:|1697580109\n|move|p2a: Tornadus|Bleakwind Storm|p1b: Iron Hands|[spread] p1a\n|-miss|p2a: Tornadus|p1b: Iron Hands\n|-damage|p1a: Ninetales|54\/100\n|-unboost|p1a: Ninetales|spe|1\n|move|p1a: Ninetales|Blizzard|p2a: Tornadus\n|-supereffective|p2a: Tornadus\n|-damage|p2a: Tornadus|5\/100\n|move|p1b: Iron Hands|Thunder Punch|p2a: Tornadus\n|-supereffective|p2a: Tornadus\n|-damage|p2a: Tornadus|0 fnt\n|faint|p2a: Tornadus\n|\n|win|Actuarily\n|n|\u2606Actuarily|actuarily\n|n|\u2606ChugChug15050|chugchug15050\n","uploadtime":1697580110,"views":21,"p1id":"actuarily","p2id":"chugchug15050","formatid":"gen9doublesou","rating":0,"private":0,"password":""}