{"id":"gen9doublesou-1986973518","p1":"Azougue","p2":"Paldean Sas*ke","format":"[Gen 9] Doubles OU","log":"|j|\u2606Azougue\n|j|\u2606Paldean Sas*ke\n|inactive|Battle timer is ON: inactive players will automatically lose when time's up.\n|t:|1699545726\n|gametype|doubles\n|player|p1|Azougue|sage|\n|player|p2|Paldean Sas*ke|gardenia|\n|teamsize|p1|6\n|teamsize|p2|6\n|gen|9\n|tier|[Gen 9] Doubles OU\n|rated|Tournament battle\n|rule|Species Clause: Limit one of each Pok\u00e9mon\n|rule|OHKO Clause: OHKO moves are banned\n|rule|Evasion Moves Clause: Evasion moves are banned\n|rule|Gravity Sleep Clause: The combination of sleep-inducing moves with imperfect accuracy and Gravity or Gigantamax Orbeetle are banned\n|rule|Endless Battle Clause: Forcing endless battles is banned\n|rule|HP Percentage Mod: HP is shown in percentages\n|clearpoke\n|poke|p1|Gallade, M|\n|poke|p1|Oranguru, M|\n|poke|p1|Vaporeon, F|\n|poke|p1|Skeledirge, F|\n|poke|p1|Salamence, F|\n|poke|p1|Mienshao, F|\n|poke|p2|Clefairy, M|\n|poke|p2|Kommo-o, F|\n|poke|p2|Rillaboom, F|\n|poke|p2|Landorus-Therian, M|\n|poke|p2|Ursaluna, F|\n|poke|p2|Sinistcha|\n|teampreview\n|c|\u2606Azougue|glhf\n|j| WanniM\n|c|\u2606Paldean Sas*ke|grande tour kkk\n|c|\u2606Paldean Sas*ke|hf\n|c| WanniM|saskeeeeee '-'\n|c|\u2606Azougue|improvisei o time em 15s\n|inactive|Azougue has 120 seconds left.\n|inactive|Paldean Sas*ke has 120 seconds left.\n|c| WanniM|ser\u00e1 um tour cheio de emo\u00e7\u00f5es\n|inactive|Paldean Sas*ke has 90 seconds left.\n|\n|t:|1699545798\n|start\n|switch|p1a: Salamence|Salamence, F|100\/100\n|switch|p1b: Vaporeon|Vaporeon, F|100\/100\n|switch|p2a: Rillaboom|Rillaboom, F|100\/100\n|switch|p2b: Kommo-o|Kommo-o, F|100\/100\n|-ability|p1a: Salamence|Intimidate|boost\n|-unboost|p2a: Rillaboom|atk|1\n|-fail|p2b: Kommo-o|unboost|[from] item: Clear Amulet|[of] p2b: Kommo-o\n|-fieldstart|move: Grassy Terrain|[from] ability: Grassy Surge|[of] p2a: Rillaboom\n|turn|1\n|inactive|Paldean Sas*ke has 120 seconds left.\n|\n|t:|1699545840\n|switch|p1a: Skeledirge|Skeledirge, F|100\/100\n|move|p2a: Rillaboom|Fake Out|p1a: Skeledirge\n|-immune|p1a: Skeledirge\n|move|p2b: Kommo-o|Clangorous Soul|p2b: Kommo-o\n|-boost|p2b: Kommo-o|atk|1\n|-boost|p2b: Kommo-o|def|1\n|-boost|p2b: Kommo-o|spa|1\n|-boost|p2b: Kommo-o|spd|1\n|-boost|p2b: Kommo-o|spe|1\n|-damage|p2b: Kommo-o|68\/100\n|move|p1b: Vaporeon|Icy Wind|p2a: Rillaboom|[spread] p2a,p2b\n|-supereffective|p2a: Rillaboom\n|-supereffective|p2b: Kommo-o\n|-damage|p2a: Rillaboom|83\/100\n|-damage|p2b: Kommo-o|52\/100\n|-unboost|p2a: Rillaboom|spe|1\n|\n|-heal|p2b: Kommo-o|58\/100|[from] Grassy Terrain\n|-heal|p2a: Rillaboom|89\/100|[from] Grassy Terrain\n|upkeep\n|turn|2\n|inactive|Paldean Sas*ke has 120 seconds left.\n|\n|t:|1699545871\n|switch|p2a: Clefairy|Clefairy, M|100\/100\n|move|p2b: Kommo-o|Drain Punch|p1b: Vaporeon\n|-damage|p1b: Vaporeon|64\/100\n|-heal|p2b: Kommo-o|87\/100|[from] drain|[of] p1b: Vaporeon\n|move|p1a: Skeledirge|Substitute|p1a: Skeledirge\n|-start|p1a: Skeledirge|Substitute\n|-damage|p1a: Skeledirge|75\/100\n|move|p1b: Vaporeon|Scald|p2b: Kommo-o\n|-resisted|p2b: Kommo-o\n|-damage|p2b: Kommo-o|78\/100\n|\n|-heal|p2b: Kommo-o|84\/100|[from] Grassy Terrain\n|-heal|p1a: Skeledirge|82\/100|[from] Grassy Terrain\n|-heal|p1b: Vaporeon|70\/100|[from] Grassy Terrain\n|-heal|p1b: Vaporeon|76\/100|[from] item: Leftovers\n|upkeep\n|turn|3\n|inactive|Paldean Sas*ke has 120 seconds left.\n|inactive|Azougue has 120 seconds left.\n|\n|t:|1699545906\n|move|p2a: Clefairy|Follow Me|p2a: Clefairy\n|-singleturn|p2a: Clefairy|move: Follow Me\n|move|p2b: Kommo-o|Drain Punch|p1b: Vaporeon\n|-damage|p1b: Vaporeon|40\/100\n|-heal|p2b: Kommo-o|100\/100|[from] drain|[of] p1b: Vaporeon\n|move|p1a: Skeledirge|Torch Song|p2a: Clefairy\n|-damage|p2a: Clefairy|77\/100\n|-boost|p1a: Skeledirge|spa|1\n|move|p1b: Vaporeon|Scald|p2a: Clefairy\n|-damage|p2a: Clefairy|51\/100\n|\n|-heal|p1a: Skeledirge|88\/100|[from] Grassy Terrain\n|-heal|p1b: Vaporeon|46\/100|[from] Grassy Terrain\n|-heal|p1b: Vaporeon|52\/100|[from] item: Leftovers\n|-heal|p2a: Clefairy|57\/100|[from] Grassy Terrain\n|upkeep\n|turn|4\n|inactive|Paldean Sas*ke has 90 seconds left.\n|\n|t:|1699545964\n|switch|p2b: Landorus|Landorus-Therian, M|100\/100\n|-ability|p2b: Landorus|Intimidate|boost\n|-immune|p1a: Skeledirge\n|-unboost|p1b: Vaporeon|atk|1\n|move|p2a: Clefairy|Protect|p2a: Clefairy\n|-singleturn|p2a: Clefairy|Protect\n|move|p1a: Skeledirge|Torch Song|p2a: Clefairy\n|-activate|p2a: Clefairy|move: Protect\n|move|p1b: Vaporeon|Wish|p1b: Vaporeon\n|\n|-heal|p1a: Skeledirge|94\/100|[from] Grassy Terrain\n|-heal|p1b: Vaporeon|58\/100|[from] Grassy Terrain\n|-heal|p1b: Vaporeon|64\/100|[from] item: Leftovers\n|-heal|p2a: Clefairy|64\/100|[from] Grassy Terrain\n|upkeep\n|turn|5\n|\n|t:|1699545993\n|move|p2a: Clefairy|Follow Me|p2a: Clefairy\n|-singleturn|p2a: Clefairy|move: Follow Me\n|move|p2b: Landorus|Rock Slide|p1b: Vaporeon|[spread] p1a\n|-miss|p2b: Landorus|p1b: Vaporeon\n|-supereffective|p1a: Skeledirge\n|-crit|p1a: Skeledirge\n|-end|p1a: Skeledirge|Substitute\n|move|p1a: Skeledirge|Torch Song|p2a: Clefairy\n|-damage|p2a: Clefairy|29\/100\n|-boost|p1a: Skeledirge|spa|1\n|move|p1b: Vaporeon|Scald|p2a: Clefairy\n|-damage|p2a: Clefairy|7\/100\n|\n|-heal|p1b: Vaporeon|100\/100|[from] move: Wish|[wisher] Vaporeon\n|-heal|p1a: Skeledirge|99\/100|[from] Grassy Terrain\n|-heal|p2a: Clefairy|13\/100|[from] Grassy Terrain\n|-fieldend|move: Grassy Terrain\n|upkeep\n|turn|6\n|inactive|Paldean Sas*ke has 90 seconds left.\n|inactive|Paldean Sas*ke has 60 seconds left.\n|\n|t:|1699546044\n|move|p2a: Clefairy|Helping Hand|p2b: Landorus\n|-singleturn|p2b: Landorus|Helping Hand|[of] p2a: Clefairy\n|move|p2b: Landorus|Rock Slide|p1a: Skeledirge|[spread] p1a,p1b\n|-supereffective|p1a: Skeledirge\n|-damage|p1a: Skeledirge|50\/100\n|-damage|p1b: Vaporeon|78\/100\n|move|p1a: Skeledirge|Substitute|p1a: Skeledirge\n|-start|p1a: Skeledirge|Substitute\n|-damage|p1a: Skeledirge|25\/100\n|cant|p1b: Vaporeon|flinch\n|\n|-heal|p1b: Vaporeon|84\/100|[from] item: Leftovers\n|upkeep\n|turn|7\n|inactive|Paldean Sas*ke has 60 seconds left.\n|\n|t:|1699546067\n|move|p2a: Clefairy|Follow Me|p2a: Clefairy\n|-singleturn|p2a: Clefairy|move: Follow Me\n|move|p2b: Landorus|Rock Slide|p1b: Vaporeon|[spread] p1a,p1b\n|-supereffective|p1a: Skeledirge\n|-end|p1a: Skeledirge|Substitute\n|-damage|p1b: Vaporeon|69\/100\n|move|p1a: Skeledirge|Slack Off|p1a: Skeledirge\n|-heal|p1a: Skeledirge|75\/100\n|cant|p1b: Vaporeon|flinch\n|\n|-heal|p1b: Vaporeon|75\/100|[from] item: Leftovers\n|upkeep\n|turn|8\n|inactive|Paldean Sas*ke has 60 seconds left.\n|\n|t:|1699546093\n|move|p2a: Clefairy|Helping Hand|p2b: Landorus\n|-singleturn|p2b: Landorus|Helping Hand|[of] p2a: Clefairy\n|move|p2b: Landorus|Rock Slide|p1a: Skeledirge|[spread] p1a,p1b\n|-supereffective|p1a: Skeledirge\n|-damage|p1a: Skeledirge|25\/100\n|-damage|p1b: Vaporeon|49\/100\n|move|p1a: Skeledirge|Torch Song|p2a: Clefairy\n|-damage|p2a: Clefairy|0 fnt\n|-boost|p1a: Skeledirge|spa|1\n|faint|p2a: Clefairy\n|cant|p1b: Vaporeon|flinch\n|\n|-heal|p1b: Vaporeon|55\/100|[from] item: Leftovers\n|upkeep\n|\n|t:|1699546116\n|switch|p2a: Rillaboom|Rillaboom, F|89\/100\n|-fieldstart|move: Grassy Terrain|[from] ability: Grassy Surge|[of] p2a: Rillaboom\n|turn|9\n|inactive|Paldean Sas*ke has 60 seconds left.\n|\n|t:|1699546143\n|move|p1b: Vaporeon|Protect|p1b: Vaporeon\n|-singleturn|p1b: Vaporeon|Protect\n|move|p2a: Rillaboom|Fake Out|p1b: Vaporeon\n|-activate|p1b: Vaporeon|move: Protect\n|move|p2b: Landorus|Rock Slide|p1a: Skeledirge|[spread] p1a\n|-activate|p1b: Vaporeon|move: Protect\n|-supereffective|p1a: Skeledirge\n|-damage|p1a: Skeledirge|0 fnt\n|faint|p1a: Skeledirge\n|\n|-heal|p2a: Rillaboom|96\/100|[from] Grassy Terrain\n|-heal|p1b: Vaporeon|61\/100|[from] Grassy Terrain\n|-heal|p1b: Vaporeon|67\/100|[from] item: Leftovers\n|upkeep\n|\n|t:|1699546157\n|switch|p1a: Salamence|Salamence, F|100\/100\n|-ability|p1a: Salamence|Intimidate|boost\n|-unboost|p2a: Rillaboom|atk|1\n|-unboost|p2b: Landorus|atk|1\n|turn|10\n|inactive|Paldean Sas*ke has 60 seconds left.\n|\n|t:|1699546178\n|switch|p1a: Oranguru|Oranguru, M|100\/100\n|move|p2a: Rillaboom|Grassy Glide|p1b: Vaporeon\n|-supereffective|p1b: Vaporeon\n|-damage|p1b: Vaporeon|24\/100\n|move|p2b: Landorus|Rock Slide|p1a: Oranguru|[spread] p1a,p1b\n|-damage|p1a: Oranguru|90\/100\n|-damage|p1b: Vaporeon|12\/100\n|move|p1b: Vaporeon|Icy Wind|p2b: Landorus|[spread] p2a,p2b\n|-supereffective|p2a: Rillaboom\n|-supereffective|p2b: Landorus\n|-damage|p2a: Rillaboom|81\/100\n|-damage|p2b: Landorus|54\/100\n|-unboost|p2a: Rillaboom|spe|1\n|-unboost|p2b: Landorus|spe|1\n|\n|-heal|p1b: Vaporeon|18\/100|[from] Grassy Terrain\n|-heal|p1b: Vaporeon|24\/100|[from] item: Leftovers\n|-heal|p1a: Oranguru|96\/100|[from] Grassy Terrain\n|-heal|p1a: Oranguru|100\/100|[from] item: Leftovers\n|-heal|p2a: Rillaboom|87\/100|[from] Grassy Terrain\n|upkeep\n|turn|11\n|inactive|Paldean Sas*ke has 60 seconds left.\n|inactive|Azougue has 120 seconds left.\n|inactive|Paldean Sas*ke has 30 seconds left.\n|\n|t:|1699546226\n|move|p2b: Landorus|Rock Slide|p1a: Oranguru|[spread] p1a,p1b\n|-damage|p1a: Oranguru|90\/100\n|-damage|p1b: Vaporeon|13\/100\n|move|p1b: Vaporeon|Scald|p2a: Rillaboom\n|-resisted|p2a: Rillaboom\n|-damage|p2a: Rillaboom|77\/100\n|move|p1a: Oranguru|Calm Mind|p1a: Oranguru\n|-boost|p1a: Oranguru|spa|1\n|-boost|p1a: Oranguru|spd|1\n|move|p2a: Rillaboom|U-turn|p1a: Oranguru\n|-supereffective|p1a: Oranguru\n|-damage|p1a: Oranguru|65\/100\n|inactive|Paldean Sas*ke has 30 seconds left.\n|inactive|Paldean Sas*ke has 20 seconds left.\n|\n|t:|1699546245\n|switch|p2a: Sinistcha|Sinistcha|100\/100|[from] U-turn\n|-heal|p2b: Landorus|79\/100|[from] ability: Hospitality|[of] p2a: Sinistcha\n|\n|-heal|p1b: Vaporeon|19\/100|[from] Grassy Terrain\n|-heal|p1b: Vaporeon|25\/100|[from] item: Leftovers\n|-heal|p1a: Oranguru|71\/100|[from] Grassy Terrain\n|-heal|p1a: Oranguru|77\/100|[from] item: Leftovers\n|upkeep\n|turn|12\n|inactive|Paldean Sas*ke has 30 seconds left.\n|inactive|Paldean Sas*ke has 20 seconds left.\n|\n|t:|1699546274\n|switch|p2b: Ursaluna|Ursaluna, F|100\/100\n|move|p1b: Vaporeon|Icy Wind|p2a: Sinistcha|[spread] p2a,p2b\n|-supereffective|p2a: Sinistcha\n|-supereffective|p2b: Ursaluna\n|-damage|p2a: Sinistcha|83\/100\n|-damage|p2b: Ursaluna|85\/100\n|-unboost|p2a: Sinistcha|spe|1\n|-unboost|p2b: Ursaluna|spe|1\n|move|p1a: Oranguru|Psychic|p2b: Ursaluna\n|-damage|p2b: Ursaluna|51\/100\n|move|p2a: Sinistcha|Trick Room|p2a: Sinistcha\n|-fieldstart|move: Trick Room|[of] p2a: Sinistcha\n|\n|-heal|p2a: Sinistcha|89\/100|[from] Grassy Terrain\n|-heal|p2b: Ursaluna|57\/100|[from] Grassy Terrain\n|-heal|p1a: Oranguru|83\/100|[from] Grassy Terrain\n|-heal|p1a: Oranguru|90\/100|[from] item: Leftovers\n|-heal|p1b: Vaporeon|31\/100|[from] Grassy Terrain\n|-heal|p1b: Vaporeon|37\/100|[from] item: Leftovers\n|-status|p2b: Ursaluna|brn|[from] item: Flame Orb\n|upkeep\n|turn|13\n|inactive|Paldean Sas*ke has 30 seconds left.\n|inactive|Paldean Sas*ke has 20 seconds left.\n|\n|t:|1699546302\n|move|p2a: Sinistcha|Matcha Gotcha|p1a: Oranguru|[spread] p1b\n|-miss|p2a: Sinistcha|p1a: Oranguru\n|-supereffective|p1b: Vaporeon\n|-damage|p1b: Vaporeon|0 fnt\n|-heal|p2a: Sinistcha|100\/100|[from] drain|[of] p1b: Vaporeon\n|faint|p1b: Vaporeon\n|move|p2b: Ursaluna|Facade|p1a: Oranguru\n|-damage|p1a: Oranguru|0 fnt\n|faint|p1a: Oranguru\n|\n|-heal|p2b: Ursaluna|64\/100 brn|[from] Grassy Terrain\n|-damage|p2b: Ursaluna|57\/100 brn|[from] brn\n|-fieldend|move: Grassy Terrain\n|upkeep\n|inactive|Paldean Sas*ke has 25 seconds left this turn.\n|\n|t:|1699546317\n|switch|p1a: Mienshao|Mienshao, F, shiny|100\/100\n|switch|p1b: Salamence|Salamence, F|100\/100\n|-ability|p1b: Salamence|Intimidate|boost\n|-unboost|p2a: Sinistcha|atk|1\n|-unboost|p2b: Ursaluna|atk|1\n|turn|14\n|\n|t:|1699546327\n|switch|p2a: Landorus|Landorus-Therian, M|79\/100\n|-ability|p2a: Landorus|Intimidate|boost\n|-unboost|p1a: Mienshao|atk|1\n|-unboost|p1b: Salamence|atk|1\n|move|p2b: Ursaluna|Protect|p2b: Ursaluna\n|-singleturn|p2b: Ursaluna|Protect\n|move|p1a: Mienshao|Fake Out|p2b: Ursaluna\n|-activate|p2b: Ursaluna|move: Protect\n|move|p1b: Salamence|Dragon Dance|p1b: Salamence\n|-boost|p1b: Salamence|atk|1\n|-boost|p1b: Salamence|spe|1\n|\n|-damage|p2b: Ursaluna|51\/100 brn|[from] brn\n|upkeep\n|turn|15\n|inactive|Paldean Sas*ke has 60 seconds left.\n|\n|t:|1699546353\n|switch|p2a: Sinistcha|Sinistcha|100\/100\n|-heal|p2b: Ursaluna|76\/100 brn|[from] ability: Hospitality|[of] p2a: Sinistcha\n|move|p2b: Ursaluna|Facade|p1b: Salamence\n|-damage|p1b: Salamence|11\/100\n|move|p1a: Mienshao|Drain Punch|p2b: Ursaluna\n|-supereffective|p2b: Ursaluna\n|-damage|p2b: Ursaluna|39\/100 brn\n|-damage|p1a: Mienshao|91\/100|[from] item: Life Orb\n|move|p1b: Salamence|Dual Wingbeat|p2a: Sinistcha\n|-supereffective|p2a: Sinistcha\n|-damage|p2a: Sinistcha|62\/100\n|-supereffective|p2a: Sinistcha\n|-damage|p2a: Sinistcha|24\/100\n|-enditem|p2a: Sinistcha|Sitrus Berry|[eat]\n|-heal|p2a: Sinistcha|48\/100|[from] item: Sitrus Berry\n|-hitcount|p2a: Sinistcha|2\n|\n|-damage|p2b: Ursaluna|33\/100 brn|[from] brn\n|upkeep\n|turn|16\n|inactive|Paldean Sas*ke has 60 seconds left.\n|inactive|Paldean Sas*ke has 30 seconds left.\n|\n|t:|1699546407\n|move|p2b: Ursaluna|Facade|p1b: Salamence\n|-damage|p1b: Salamence|0 fnt\n|faint|p1b: Salamence\n|move|p2a: Sinistcha|Strength Sap|p2b: Ursaluna\n|-unboost|p2b: Ursaluna|atk|1\n|-heal|p2a: Sinistcha|100\/100\n|move|p1a: Mienshao|Drain Punch|p2b: Ursaluna\n|-supereffective|p2b: Ursaluna\n|-damage|p2b: Ursaluna|0 fnt\n|-heal|p1a: Mienshao|100\/100|[from] drain|[of] p2b: Ursaluna\n|faint|p2b: Ursaluna\n|-damage|p1a: Mienshao|91\/100|[from] item: Life Orb\n|\n|-fieldend|move: Trick Room\n|upkeep\n|\n|t:|1699546424\n|switch|p1b: Gallade|Gallade, M|100\/100\n|switch|p2b: Landorus|Landorus-Therian, M|79\/100\n|-ability|p2b: Landorus|Intimidate|boost\n|-unboost|p1a: Mienshao|atk|1\n|-unboost|p1b: Gallade|atk|1\n|turn|17\n|\n|t:|1699546444\n|-terastallize|p2b: Landorus|Flying\n|move|p2a: Sinistcha|Rage Powder|p2a: Sinistcha\n|-singleturn|p2a: Sinistcha|move: Rage Powder\n|move|p2b: Landorus|Tera Blast|p1b: Gallade|[anim] Tera Blast Flying\n|-supereffective|p1b: Gallade\n|-damage|p1b: Gallade|0 fnt\n|faint|p1b: Gallade\n|move|p1a: Mienshao|Stone Edge|p2a: Sinistcha\n|-damage|p2a: Sinistcha|84\/100\n|-damage|p1a: Mienshao|81\/100|[from] item: Life Orb\n|\n|upkeep\n|turn|18\n|c|\u2606Paldean Sas*ke|gg tive ultra sorte com rock slide o_o\n|c|\u2606Azougue|haha gg\n|\n|t:|1699546464\n|move|p1a: Mienshao|Fake Out||[still]\n|-hint|Fake Out only works on your first turn out.\n|-fail|p1a: Mienshao\n|move|p2b: Landorus|Tera Blast|p1a: Mienshao|[anim] Tera Blast Flying\n|-supereffective|p1a: Mienshao\n|-damage|p1a: Mienshao|0 fnt\n|faint|p1a: Mienshao\n|\n|win|Paldean Sas*ke\n|n|\u2606Azougue|azougue\n|n|\u2606Paldean Sas*ke|paldeansaske\n|n| WanniM|wannim\n","uploadtime":1699546465,"views":14,"p1id":"azougue","p2id":"paldeansaske","formatid":"gen9doublesou","rating":0,"private":0,"password":""}