{"id":"gen9doublesou-1972202527","p1":"wingminmon","p2":"Xanathar14","format":"[Gen 9] Doubles OU","log":"|j|\u2606wingminmon\n|j|\u2606Xanathar14\n|t:|1697821119\n|gametype|doubles\n|player|p1|wingminmon|preschooler|1116\n|player|p2|Xanathar14|steven|1164\n|teamsize|p1|6\n|teamsize|p2|6\n|gen|9\n|tier|[Gen 9] Doubles OU\n|rated|\n|rule|Species Clause: Limit one of each Pok\u00e9mon\n|rule|OHKO Clause: OHKO moves are banned\n|rule|Evasion Moves Clause: Evasion moves are banned\n|rule|Gravity Sleep Clause: The combination of sleep-inducing moves with imperfect accuracy and Gravity or Gigantamax Orbeetle are banned\n|rule|Endless Battle Clause: Forcing endless battles is banned\n|rule|HP Percentage Mod: HP is shown in percentages\n|clearpoke\n|poke|p1|Dragapult, M|\n|poke|p1|Heatran, M|\n|poke|p1|Ogerpon, F|\n|poke|p1|Cresselia, F|\n|poke|p1|Landorus-Therian, M|\n|poke|p1|Tornadus, M|\n|poke|p2|Thundurus, M|\n|poke|p2|Pelipper, F|\n|poke|p2|Gastrodon, M|\n|poke|p2|Politoed, M|\n|poke|p2|Mew|\n|poke|p2|Palafin, F|\n|teampreview\n|c|\u2606Xanathar14|glhf\n|\n|t:|1697821130\n|start\n|switch|p1a: Landorus|Landorus-Therian, M|100\/100\n|switch|p1b: Ogerpon|Ogerpon, F|100\/100\n|switch|p2a: Pelipper|Pelipper, F|100\/100\n|switch|p2b: Gastrodon|Gastrodon, M|100\/100\n|-ability|p1a: Landorus|Intimidate|boost\n|-unboost|p2a: Pelipper|atk|1\n|-unboost|p2b: Gastrodon|atk|1\n|-weather|RainDance|[from] ability: Drizzle|[of] p2a: Pelipper\n|turn|1\n|\n|t:|1697821156\n|move|p1a: Landorus|U-turn|p2a: Pelipper\n|-resisted|p2a: Pelipper\n|-damage|p2a: Pelipper|87\/100\n|\n|t:|1697821159\n|switch|p1a: Heatran|Heatran, M|100\/100|[from] U-turn\n|move|p1b: Ogerpon|Ivy Cudgel|p2b: Gastrodon\n|-supereffective|p2b: Gastrodon\n|-damage|p2b: Gastrodon|0 fnt\n|faint|p2b: Gastrodon\n|move|p2a: Pelipper|Hurricane|p1b: Ogerpon\n|-supereffective|p1b: Ogerpon\n|-damage|p1b: Ogerpon|0 fnt\n|faint|p1b: Ogerpon\n|\n|-weather|RainDance|[upkeep]\n|upkeep\n|\n|t:|1697821176\n|switch|p1b: Landorus|Landorus-Therian, M|100\/100\n|switch|p2b: Mew|Mew, shiny|100\/100\n|-ability|p1b: Landorus|Intimidate|boost\n|-unboost|p2a: Pelipper|atk|1\n|-unboost|p2b: Mew|atk|1\n|turn|2\n|\n|t:|1697821188\n|move|p1b: Landorus|U-turn|p2b: Mew\n|-supereffective|p2b: Mew\n|-damage|p2b: Mew|50\/100\n|\n|t:|1697821190\n|switch|p1b: Cresselia|Cresselia, F|100\/100|[from] U-turn\n|move|p2b: Mew|Earth Power|p1a: Heatran\n|-supereffective|p1a: Heatran\n|-damage|p1a: Heatran|7\/100\n|move|p1a: Heatran|Magma Storm|p2a: Pelipper\n|-resisted|p2a: Pelipper\n|-damage|p2a: Pelipper|70\/100\n|-activate|p2a: Pelipper|move: Magma Storm|[of] p1a: Heatran\n|move|p2a: Pelipper|Surf|p1a: Heatran|[spread] p2b,p1a,p1b\n|-supereffective|p1a: Heatran\n|-damage|p2b: Mew|6\/100\n|-damage|p1a: Heatran|0 fnt\n|-damage|p1b: Cresselia|70\/100\n|faint|p1a: Heatran\n|\n|-weather|RainDance|[upkeep]\n|-end|p2a: Pelipper|Magma Storm|[partiallytrapped]|[silent]\n|upkeep\n|\n|t:|1697821205\n|switch|p1a: Landorus|Landorus-Therian, M|100\/100\n|-ability|p1a: Landorus|Intimidate|boost\n|-unboost|p2a: Pelipper|atk|1\n|-unboost|p2b: Mew|atk|1\n|turn|3\n|\n|t:|1697821226\n|move|p1b: Cresselia|Helping Hand|p1a: Landorus\n|-singleturn|p1a: Landorus|Helping Hand|[of] p1b: Cresselia\n|move|p1a: Landorus|Rock Slide|p2b: Mew|[spread] p2a,p2b\n|-supereffective|p2a: Pelipper\n|-damage|p2a: Pelipper|0 fnt\n|-damage|p2b: Mew|0 fnt\n|faint|p2a: Pelipper\n|faint|p2b: Mew\n|\n|-weather|RainDance|[upkeep]\n|upkeep\n|\n|t:|1697821240\n|switch|p2b: Thundurus|Thundurus, M|100\/100\n|switch|p2a: Palafin|Palafin, F|100\/100\n|turn|4\n|\n|t:|1697821257\n|switch|p1a: Dragapult|Dragapult, M, shiny|100\/100\n|move|p2b: Thundurus|Weather Ball|p1a: Dragapult\n|-resisted|p1a: Dragapult\n|-damage|p1a: Dragapult|69\/100\n|move|p2a: Palafin|Flip Turn|p1a: Dragapult\n|-resisted|p1a: Dragapult\n|-damage|p1a: Dragapult|50\/100\n|\n|t:|1697821265\n|detailschange|p2a: Palafin|Palafin-Hero, F\n|switch|p2a: Politoed|Politoed, M|100\/100|[from] Flip Turn\n|move|p1b: Cresselia|Lunar Blessing|p1b: Cresselia|[spread] p1a,p1b\n|-heal|p1a: Dragapult|75\/100\n|-heal|p1b: Cresselia|95\/100\n|\n|-weather|RainDance|[upkeep]\n|upkeep\n|turn|5\n|\n|t:|1697821305\n|move|p1a: Dragapult|Dragon Dance|p1a: Dragapult\n|-boost|p1a: Dragapult|atk|1\n|-boost|p1a: Dragapult|spe|1\n|move|p2b: Thundurus|Weather Ball|p1b: Cresselia\n|-damage|p1b: Cresselia|63\/100\n|move|p1b: Cresselia|Lunar Blessing|p1b: Cresselia|[spread] p1a,p1b\n|-heal|p1a: Dragapult|100\/100\n|-heal|p1b: Cresselia|88\/100\n|move|p2a: Politoed|Icy Wind|p1b: Cresselia|[spread] p1a,p1b\n|-supereffective|p1a: Dragapult\n|-damage|p1a: Dragapult|70\/100\n|-damage|p1b: Cresselia|80\/100\n|-unboost|p1b: Cresselia|spe|1\n|\n|-weather|RainDance|[upkeep]\n|upkeep\n|turn|6\n|\n|t:|1697821335\n|switch|p2b: Palafin|Palafin-Hero, F|100\/100\n|-activate|p2b: Palafin|ability: Zero to Hero\n|move|p1a: Dragapult|Phantom Force||[still]\n|-prepare|p1a: Dragapult|Phantom Force\n|move|p2a: Politoed|Encore|p1a: Dragapult|[miss]\n|-miss|p2a: Politoed|p1a: Dragapult\n|move|p1b: Cresselia|Thunder Wave|p2a: Politoed\n|-status|p2a: Politoed|par\n|\n|-weather|RainDance|[upkeep]\n|upkeep\n|turn|7\n|\n|t:|1697821353\n|move|p1a: Dragapult|Phantom Force|p2b: Palafin|[from]lockedmove\n|-damage|p2b: Palafin|20\/100\n|-damage|p1a: Dragapult|60\/100|[from] item: Life Orb\n|move|p2b: Palafin|Ice Punch|p1a: Dragapult\n|-supereffective|p1a: Dragapult\n|-damage|p1a: Dragapult|0 fnt\n|faint|p1a: Dragapult\n|move|p1b: Cresselia|Lunar Blessing|p1b: Cresselia\n|-heal|p1b: Cresselia|100\/100\n|move|p2a: Politoed|Icy Wind|p1b: Cresselia\n|-damage|p1b: Cresselia|90\/100\n|-unboost|p1b: Cresselia|spe|1\n|\n|-weather|RainDance|[upkeep]\n|upkeep\n|\n|t:|1697821364\n|switch|p1a: Tornadus|Tornadus, M|100\/100\n|turn|8\n|\n|t:|1697821373\n|move|p2b: Palafin|Jet Punch|p1a: Tornadus\n|-damage|p1a: Tornadus|28\/100\n|move|p1a: Tornadus|Tailwind|p1a: Tornadus\n|-sidestart|p1: wingminmon|move: Tailwind\n|move|p1b: Cresselia|Thunder Wave|p2b: Palafin|[miss]\n|-miss|p1b: Cresselia|p2b: Palafin\n|move|p2a: Politoed|Icy Wind|p1b: Cresselia|[spread] p1a,p1b\n|-supereffective|p1a: Tornadus\n|-damage|p1a: Tornadus|0 fnt\n|-damage|p1b: Cresselia|83\/100\n|-unboost|p1b: Cresselia|spe|1\n|faint|p1a: Tornadus\n|\n|-weather|none\n|upkeep\n|\n|t:|1697821382\n|switch|p1a: Landorus|Landorus-Therian, M|100\/100\n|-ability|p1a: Landorus|Intimidate|boost\n|-unboost|p2a: Politoed|atk|1\n|-unboost|p2b: Palafin|atk|1\n|turn|9\n|\n|t:|1697821398\n|move|p1b: Cresselia|Helping Hand|p1a: Landorus\n|-singleturn|p1a: Landorus|Helping Hand|[of] p1b: Cresselia\n|move|p2b: Palafin|Jet Punch|p1a: Landorus\n|-supereffective|p1a: Landorus\n|-damage|p1a: Landorus|35\/100\n|move|p1a: Landorus|Rock Slide|p2a: Politoed|[spread] p2a,p2b\n|-damage|p2a: Politoed|64\/100 par\n|-damage|p2b: Palafin|0 fnt\n|faint|p2b: Palafin\n|cant|p2a: Politoed|par\n|\n|upkeep\n|\n|t:|1697821408\n|switch|p2b: Thundurus|Thundurus, M|100\/100\n|turn|10\n|\n|t:|1697821417\n|-terastallize|p2b: Thundurus|Electric\n|move|p1b: Cresselia|Helping Hand|p1a: Landorus\n|-singleturn|p1a: Landorus|Helping Hand|[of] p1b: Cresselia\n|move|p2b: Thundurus|Rain Dance|p2b: Thundurus\n|-weather|RainDance\n|move|p1a: Landorus|Rock Slide|p2a: Politoed|[spread] p2a,p2b\n|-damage|p2a: Politoed|27\/100 par\n|-damage|p2b: Thundurus|49\/100\n|cant|p2a: Politoed|par\n|\n|-weather|RainDance|[upkeep]\n|upkeep\n|turn|11\n|\n|t:|1697821433\n|move|p1b: Cresselia|Helping Hand|p1a: Landorus\n|-singleturn|p1a: Landorus|Helping Hand|[of] p1b: Cresselia\n|move|p1a: Landorus|Rock Slide|p2a: Politoed|[spread] p2a,p2b\n|-damage|p2a: Politoed|0 fnt\n|-damage|p2b: Thundurus|0 fnt\n|faint|p2a: Politoed\n|faint|p2b: Thundurus\n|\n|win|wingminmon\n|raw|wingminmon's rating: 1116 &rarr; <strong>1144<\/strong><br \/>(+28 for winning)\n|raw|Xanathar14's rating: 1164 &rarr; <strong>1136<\/strong><br \/>(-28 for losing)\n|c|\u2606Xanathar14|gg\n|l|\u2606Xanathar14\n","uploadtime":1697821448,"views":22,"p1id":"wingminmon","p2id":"xanathar14","formatid":"gen9doublesou","rating":1136,"private":0,"password":""}