{"id":"gen9doublesou-1972346216","p1":"fundashi004","p2":"NILS0DA","format":"[Gen 9] Doubles OU","log":"|j|\u2606fundashi004\n|j|\u2606NILS0DA\n|t:|1697833450\n|gametype|doubles\n|player|p1|fundashi004|marley|1080\n|player|p2|NILS0DA|depotagent|1060\n|teamsize|p1|6\n|teamsize|p2|6\n|gen|9\n|tier|[Gen 9] Doubles OU\n|rated|\n|rule|Species Clause: Limit one of each Pok\u00e9mon\n|rule|OHKO Clause: OHKO moves are banned\n|rule|Evasion Moves Clause: Evasion moves are banned\n|rule|Gravity Sleep Clause: The combination of sleep-inducing moves with imperfect accuracy and Gravity or Gigantamax Orbeetle are banned\n|rule|Endless Battle Clause: Forcing endless battles is banned\n|rule|HP Percentage Mod: HP is shown in percentages\n|clearpoke\n|poke|p1|Articuno|\n|poke|p1|Cryogonal|\n|poke|p1|Abomasnow, F|\n|poke|p1|Ninetales-Alola, M|\n|poke|p1|Slowking, M|\n|poke|p1|Mamoswine, F|\n|poke|p2|Samurott-Hisui, F|\n|poke|p2|Vaporeon, F|\n|poke|p2|Basculegion-F, F|\n|poke|p2|Milotic, F|\n|poke|p2|Empoleon, F|\n|poke|p2|Politoed, F|\n|teampreview\n|\n|t:|1697833461\n|start\n|switch|p1a: Abomasnow|Abomasnow, F|100\/100\n|switch|p1b: Articuno|Articuno|100\/100\n|switch|p2a: Samurott|Samurott-Hisui, F|100\/100\n|switch|p2b: Milotic|Milotic, F|100\/100\n|-weather|Snow|[from] ability: Snow Warning|[of] p1a: Abomasnow\n|turn|1\n|\n|t:|1697833481\n|move|p2a: Samurott|Ceaseless Edge|p1b: Articuno\n|-damage|p1b: Articuno|78\/100\n|-sidestart|p1: fundashi004|Spikes\n|move|p1b: Articuno|Tailwind|p1b: Articuno\n|-sidestart|p1: fundashi004|move: Tailwind\n|move|p1a: Abomasnow|Wood Hammer|p2a: Samurott\n|-supereffective|p2a: Samurott\n|-damage|p2a: Samurott|0 fnt\n|faint|p2a: Samurott\n|-damage|p1a: Abomasnow|67\/100|[from] Recoil\n|move|p2b: Milotic|Coil|p2b: Milotic\n|-boost|p2b: Milotic|atk|1\n|-boost|p2b: Milotic|def|1\n|-boost|p2b: Milotic|accuracy|1\n|\n|-weather|Snow|[upkeep]\n|upkeep\n|\n|t:|1697833497\n|switch|p2a: Empoleon|Empoleon, F|100\/100\n|turn|2\n|\n|t:|1697833510\n|move|p1b: Articuno|Air Slash|p2b: Milotic\n|-damage|p2b: Milotic|78\/100\n|move|p1a: Abomasnow|Aurora Veil|p1a: Abomasnow\n|-sidestart|p1: fundashi004|move: Aurora Veil\n|move|p2b: Milotic|Hydro Pump|p1b: Articuno|[miss]\n|-miss|p2b: Milotic|p1b: Articuno\n|move|p2a: Empoleon|Flash Cannon|p1a: Abomasnow\n|-supereffective|p1a: Abomasnow\n|-damage|p1a: Abomasnow|20\/100\n|\n|-weather|Snow|[upkeep]\n|-heal|p2b: Milotic|84\/100|[from] item: Leftovers\n|upkeep\n|turn|3\n|\n|t:|1697833560\n|move|p1b: Articuno|Air Slash|p2b: Milotic\n|-damage|p2b: Milotic|58\/100\n|move|p1a: Abomasnow|Wood Hammer|p2b: Milotic\n|-supereffective|p2b: Milotic\n|-damage|p2b: Milotic|0 fnt\n|faint|p2b: Milotic\n|-damage|p1a: Abomasnow|1\/100|[from] Recoil\n|move|p2a: Empoleon|Flash Cannon|p1a: Abomasnow\n|-supereffective|p1a: Abomasnow\n|-damage|p1a: Abomasnow|0 fnt\n|faint|p1a: Abomasnow\n|\n|-weather|Snow|[upkeep]\n|upkeep\n|\n|t:|1697833576\n|switch|p2b: Vaporeon|Vaporeon, F|100\/100\n|switch|p1a: Cryogonal|Cryogonal|100\/100\n|turn|4\n|\n|t:|1697833602\n|move|p1a: Cryogonal|Rapid Spin|p2b: Vaporeon\n|-damage|p2b: Vaporeon|95\/100\n|-boost|p1a: Cryogonal|spe|1\n|-sideend|p1: fundashi004|Spikes|[from] move: Rapid Spin|[of] p1a: Cryogonal\n|move|p1b: Articuno|Air Slash|p2a: Empoleon\n|-resisted|p2a: Empoleon\n|-damage|p2a: Empoleon|87\/100\n|move|p2b: Vaporeon|Surf|p1a: Cryogonal|[spread] p2a,p1a\n|-miss|p2b: Vaporeon|p1b: Articuno\n|-resisted|p2a: Empoleon\n|-damage|p2a: Empoleon|75\/100\n|-damage|p1a: Cryogonal|86\/100\n|cant|p2a: Empoleon|flinch\n|\n|-weather|Snow|[upkeep]\n|-heal|p1a: Cryogonal|93\/100|[from] item: Leftovers\n|-heal|p2a: Empoleon|81\/100|[from] item: Leftovers\n|-sideend|p1: fundashi004|move: Tailwind\n|upkeep\n|turn|5\n|\n|t:|1697833624\n|move|p1a: Cryogonal|Blizzard|p2a: Empoleon|[spread] p2a,p2b\n|-resisted|p2a: Empoleon\n|-resisted|p2b: Vaporeon\n|-damage|p2a: Empoleon|76\/100\n|-damage|p2b: Vaporeon|89\/100\n|move|p1b: Articuno|Blizzard|p2b: Vaporeon|[spread] p2a,p2b\n|-resisted|p2a: Empoleon\n|-resisted|p2b: Vaporeon\n|-damage|p2a: Empoleon|68\/100\n|-damage|p2b: Vaporeon|80\/100\n|move|p2b: Vaporeon|Surf|p1b: Articuno|[spread] p2a,p1a,p1b\n|-resisted|p2a: Empoleon\n|-damage|p2a: Empoleon|56\/100\n|-damage|p1a: Cryogonal|78\/100\n|-damage|p1b: Articuno|64\/100\n|move|p2a: Empoleon|Flash Cannon|p1b: Articuno\n|-supereffective|p1b: Articuno\n|-damage|p1b: Articuno|30\/100\n|\n|-weather|none\n|-heal|p1a: Cryogonal|84\/100|[from] item: Leftovers\n|-heal|p2a: Empoleon|62\/100|[from] item: Leftovers\n|upkeep\n|turn|6\n|\n|t:|1697833656\n|move|p1a: Cryogonal|Snowscape|p1a: Cryogonal\n|-weather|Snow\n|move|p1b: Articuno|Roost|p1b: Articuno\n|-heal|p1b: Articuno|80\/100\n|-singleturn|p1b: Articuno|move: Roost\n|move|p2b: Vaporeon|Surf|p1a: Cryogonal|[spread] p2a,p1a\n|-miss|p2b: Vaporeon|p1b: Articuno\n|-resisted|p2a: Empoleon\n|-damage|p2a: Empoleon|50\/100\n|-damage|p1a: Cryogonal|71\/100\n|move|p2a: Empoleon|Aqua Ring|p2a: Empoleon\n|-start|p2a: Empoleon|Aqua Ring\n|\n|-weather|Snow|[upkeep]\n|-heal|p1a: Cryogonal|77\/100|[from] item: Leftovers\n|-heal|p2a: Empoleon|56\/100|[from] item: Leftovers\n|-heal|p2a: Empoleon|62\/100|[from] Aqua Ring\n|-sideend|p1: fundashi004|move: Aurora Veil\n|upkeep\n|turn|7\n|\n|t:|1697833680\n|switch|p1a: Mamoswine|Mamoswine, F|100\/100\n|move|p1b: Articuno|Tailwind|p1b: Articuno\n|-sidestart|p1: fundashi004|move: Tailwind\n|move|p2b: Vaporeon|Blizzard|p1b: Articuno|[spread] p1a,p1b\n|-damage|p1a: Mamoswine|81\/100\n|-damage|p1b: Articuno|62\/100\n|move|p2a: Empoleon|Flash Cannon|p1b: Articuno\n|-supereffective|p1b: Articuno\n|-damage|p1b: Articuno|8\/100\n|\n|-weather|Snow|[upkeep]\n|-heal|p2a: Empoleon|69\/100|[from] item: Leftovers\n|-heal|p2a: Empoleon|75\/100|[from] Aqua Ring\n|upkeep\n|turn|8\n|\n|t:|1697833701\n|move|p1a: Mamoswine|Earthquake|p2b: Vaporeon|[spread] p2a,p2b\n|-immune|p1b: Articuno\n|-supereffective|p2a: Empoleon\n|-damage|p2a: Empoleon|0 fnt\n|-damage|p2b: Vaporeon|32\/100\n|faint|p2a: Empoleon\n|-damage|p1a: Mamoswine|71\/100|[from] item: Life Orb\n|move|p1b: Articuno|Roost|p1b: Articuno\n|-heal|p1b: Articuno|58\/100\n|-singleturn|p1b: Articuno|move: Roost\n|move|p2b: Vaporeon|Blizzard|p1b: Articuno|[spread] p1a,p1b\n|-resisted|p1b: Articuno\n|-damage|p1a: Mamoswine|53\/100\n|-damage|p1b: Articuno|50\/100\n|\n|-weather|Snow|[upkeep]\n|upkeep\n|\n|t:|1697833718\n|switch|p2a: Politoed|Politoed, F|100\/100\n|turn|9\n|\n|t:|1697833729\n|-terastallize|p1b: Articuno|Ice\n|-terastallize|p2a: Politoed|Water\n|move|p1a: Mamoswine|Earthquake|p2a: Politoed|[spread] p1b,p2a,p2b\n|-damage|p1b: Articuno|18\/100\n|-damage|p2a: Politoed|49\/100\n|-damage|p2b: Vaporeon|0 fnt\n|faint|p2b: Vaporeon\n|-damage|p1a: Mamoswine|43\/100|[from] item: Life Orb\n|move|p1b: Articuno|Blizzard|p2a: Politoed\n|-resisted|p2a: Politoed\n|-damage|p2a: Politoed|30\/100\n|move|p2a: Politoed|Surf|p1a: Mamoswine|[spread] p1a,p1b\n|-supereffective|p1a: Mamoswine\n|-damage|p1a: Mamoswine|0 fnt\n|-damage|p1b: Articuno|0 fnt\n|faint|p1a: Mamoswine\n|faint|p1b: Articuno\n|\n|-weather|Snow|[upkeep]\n|upkeep\n|\n|t:|1697833751\n|switch|p1a: Ninetales|Ninetales-Alola, M|100\/100\n|switch|p1b: Cryogonal|Cryogonal|77\/100\n|switch|p2b: Basculegion|Basculegion-F, F|100\/100\n|turn|10\n|\n|t:|1697833767\n|move|p1a: Ninetales|Dazzling Gleam|p2b: Basculegion|[spread] p2a,p2b\n|-damage|p2a: Politoed|18\/100\n|-damage|p2b: Basculegion|86\/100\n|move|p1b: Cryogonal|Blizzard|p2a: Politoed|[spread] p2a,p2b\n|-resisted|p2a: Politoed\n|-resisted|p2b: Basculegion\n|-damage|p2a: Politoed|10\/100\n|-damage|p2b: Basculegion|78\/100\n|move|p2b: Basculegion|Surf|p1b: Cryogonal|[spread] p1a,p1b\n|-heal|p2a: Politoed|35\/100|[from] ability: Water Absorb|[of] p2b: Basculegion\n|-damage|p1a: Ninetales|48\/100\n|-damage|p1b: Cryogonal|47\/100\n|move|p2a: Politoed|Muddy Water|p1a: Ninetales|[spread] p1a,p1b\n|-crit|p1b: Cryogonal\n|-damage|p1a: Ninetales|11\/100\n|-damage|p1b: Cryogonal|11\/100\n|-unboost|p1a: Ninetales|accuracy|1\n|-unboost|p1b: Cryogonal|accuracy|1\n|\n|-weather|none\n|-heal|p1b: Cryogonal|18\/100|[from] item: Leftovers\n|-sideend|p1: fundashi004|move: Tailwind\n|upkeep\n|turn|11\n|-message|fundashi004 forfeited.\n|\n|win|NILS0DA\n|raw|fundashi004's rating: 1080 &rarr; <strong>1057<\/strong><br \/>(-23 for losing)\n|raw|NILS0DA's rating: 1060 &rarr; <strong>1093<\/strong><br \/>(+33 for winning)\n|l|\u2606fundashi004\n","uploadtime":1697833793,"views":20,"p1id":"fundashi004","p2id":"nils0da","formatid":"gen9doublesou","rating":1057,"private":0,"password":""}