{"id":"gen9doublesou-1988850349","p1":"An_Idiotz","p2":"dumb_fl4ff","format":"[Gen 9] Doubles OU","log":"|j|\u2606An_Idiotz\n|j|\u2606dumb_fl4ff\n|t:|1699773596\n|gametype|doubles\n|player|p1|An_Idiotz|hilbert|1070\n|player|p2|dumb_fl4ff|benga|1000\n|teamsize|p1|6\n|teamsize|p2|6\n|gen|9\n|tier|[Gen 9] Doubles OU\n|rated|\n|rule|Species Clause: Limit one of each Pok\u00e9mon\n|rule|OHKO Clause: OHKO moves are banned\n|rule|Evasion Moves Clause: Evasion moves are banned\n|rule|Gravity Sleep Clause: The combination of sleep-inducing moves with imperfect accuracy and Gravity or Gigantamax Orbeetle are banned\n|rule|Endless Battle Clause: Forcing endless battles is banned\n|rule|HP Percentage Mod: HP is shown in percentages\n|clearpoke\n|poke|p1|Spidops, F|\n|poke|p1|Oranguru, M|\n|poke|p1|Ursaluna, F|\n|poke|p1|Empoleon, F|\n|poke|p1|Slowking-Galar, M|\n|poke|p1|Espeon, F|\n|poke|p2|Sinistcha-Masterpiece|\n|poke|p2|Appletun, F|\n|poke|p2|Greedent, M|\n|poke|p2|Trevenant, M|\n|poke|p2|Gliscor, F|\n|poke|p2|Enamorus-Therian, F|\n|teampreview\n|inactive|Battle timer is ON: inactive players will automatically lose when time's up. (requested by An_Idiotz)\n|\n|t:|1699773617\n|start\n|switch|p1a: Spidops|Spidops, F|100\/100\n|switch|p1b: Espeon|Espeon, F|100\/100\n|switch|p2a: Greedent|Greedent, M|100\/100\n|switch|p2b: Trevenant|Trevenant, M|100\/100\n|turn|1\n|inactive|dumb_fl4ff has 120 seconds left.\n|\n|t:|1699773658\n|move|p1b: Espeon|Skill Swap|p2b: Trevenant\n|-activate|p1b: Espeon|move: Skill Swap|Harvest|Magic Bounce|[of] p2b: Trevenant\n|move|p2b: Trevenant|Will-O-Wisp|p1a: Spidops|[miss]\n|-miss|p2b: Trevenant|p1a: Spidops\n|move|p1a: Spidops|Sticky Web|p2b: Trevenant\n|move|p2b: Trevenant|Sticky Web|p1a: Spidops|[from]ability: Magic Bounce\n|-sidestart|p1: An_Idiotz|move: Sticky Web\n|move|p2a: Greedent|Stuff Cheeks|p2a: Greedent\n|-boost|p2a: Greedent|def|2\n|-enditem|p2a: Greedent|Ganlon Berry|[eat]\n|-boost|p2a: Greedent|def|1|[from] item: Ganlon Berry\n|\n|upkeep\n|turn|2\n|inactive|dumb_fl4ff has 120 seconds left.\n|\n|t:|1699773696\n|move|p1b: Espeon|Thunder Wave|p2a: Greedent\n|-status|p2a: Greedent|par\n|move|p2b: Trevenant|Skill Swap|p1b: Espeon\n|-activate|p2b: Trevenant|move: Skill Swap|Harvest|Magic Bounce|[of] p1b: Espeon\n|move|p2a: Greedent|Body Press|p1a: Spidops\n|-resisted|p1a: Spidops\n|-damage|p1a: Spidops|73\/100\n|move|p1a: Spidops|Circle Throw|p2a: Greedent\n|-supereffective|p2a: Greedent\n|-damage|p2a: Greedent|94\/100 par\n|drag|p2a: Sinistcha|Sinistcha-Masterpiece|100\/100\n|\n|upkeep\n|turn|3\n|inactive|dumb_fl4ff has 120 seconds left.\n|inactive|An_Idiotz has 120 seconds left.\n|inactive|dumb_fl4ff has 90 seconds left.\n|\n|t:|1699773733\n|-terastallize|p2a: Sinistcha|Electric\n|move|p2a: Sinistcha|Calm Mind|p2a: Sinistcha\n|-boost|p2a: Sinistcha|spa|1\n|-boost|p2a: Sinistcha|spd|1\n|move|p2b: Trevenant|Will-O-Wisp|p1a: Spidops\n|-status|p1a: Spidops|brn\n|move|p1a: Spidops|Lunge|p2a: Sinistcha\n|-damage|p2a: Sinistcha|89\/100\n|-unboost|p2a: Sinistcha|atk|1\n|move|p1b: Espeon|Trick Room|p1b: Espeon\n|-fieldstart|move: Trick Room|[of] p1b: Espeon\n|\n|-heal|p2a: Sinistcha|95\/100|[from] item: Leftovers\n|-damage|p1a: Spidops|67\/100 brn|[from] brn\n|upkeep\n|turn|4\n|inactive|dumb_fl4ff has 90 seconds left.\n|inactive|An_Idiotz has 120 seconds left.\n|\n|t:|1699773780\n|switch|p1a: Ursaluna|Ursaluna, F|100\/100\n|-activate|p1a: Ursaluna|move: Sticky Web\n|-unboost|p1a: Ursaluna|spe|1\n|move|p2b: Trevenant|Horn Leech|p1b: Espeon\n|-damage|p1b: Espeon|60\/100\n|move|p2a: Sinistcha|Calm Mind|p2a: Sinistcha\n|-boost|p2a: Sinistcha|spa|1\n|-boost|p2a: Sinistcha|spd|1\n|move|p1b: Espeon|Future Sight|p2a: Sinistcha\n|-start|p1b: Espeon|move: Future Sight\n|\n|-heal|p2a: Sinistcha|100\/100|[from] item: Leftovers\n|upkeep\n|turn|5\n|inactive|dumb_fl4ff has 90 seconds left.\n|inactive|An_Idiotz has 120 seconds left.\n|\n|t:|1699773816\n|switch|p1b: Oranguru|Oranguru, M|100\/100\n|-activate|p1b: Oranguru|move: Sticky Web\n|-unboost|p1b: Oranguru|spe|1\n|-terastallize|p1a: Ursaluna|Ground\n|move|p1a: Ursaluna|Earthquake|p2a: Sinistcha|[spread] p2a,p2b\n|-activate|p1b: Oranguru|ability: Telepathy\n|-supereffective|p2a: Sinistcha\n|-resisted|p2b: Trevenant\n|-damage|p2a: Sinistcha|0 fnt\n|-damage|p2b: Trevenant|67\/100\n|faint|p2a: Sinistcha\n|move|p2b: Trevenant|Will-O-Wisp|p1a: Ursaluna\n|-status|p1a: Ursaluna|brn\n|\n|-damage|p1a: Ursaluna|94\/100 brn|[from] brn\n|-status|p1b: Oranguru|brn|[from] item: Flame Orb\n|upkeep\n|inactive|dumb_fl4ff has 60 seconds left.\n|\n|t:|1699773835\n|switch|p2a: Greedent|Greedent, M|94\/100 par\n|turn|6\n|\n|t:|1699773852\n|move|p2a: Greedent|Body Press|p1a: Ursaluna\n|-damage|p1a: Ursaluna|75\/100 brn\n|move|p1a: Ursaluna|Belly Drum|p1a: Ursaluna\n|-damage|p1a: Ursaluna|25\/100 brn\n|-setboost|p1a: Ursaluna|atk|6|[from] move: Belly Drum\n|-enditem|p1a: Ursaluna|Sitrus Berry|[eat]\n|-heal|p1a: Ursaluna|50\/100 brn|[from] item: Sitrus Berry\n|move|p1b: Oranguru|Gravity|p1b: Oranguru\n|-fieldstart|move: Gravity\n|move|p2b: Trevenant|Skill Swap|p2a: Greedent\n|-activate|p2b: Trevenant|move: Skill Swap|||[of] p2a: Greedent\n|\n|-end|p2a: Greedent|move: Future Sight\n|-damage|p2a: Greedent|31\/100 par\n|-damage|p1a: Ursaluna|44\/100 brn|[from] brn\n|-damage|p1b: Oranguru|94\/100 brn|[from] brn\n|upkeep\n|turn|7\n|inactive|dumb_fl4ff has 60 seconds left.\n|\n|t:|1699773884\n|move|p2a: Greedent|Gyro Ball|p1a: Ursaluna\n|-damage|p1a: Ursaluna|20\/100 brn\n|move|p1a: Ursaluna|Earthquake|p2a: Greedent|[spread] p2a,p2b\n|-activate|p1b: Oranguru|ability: Telepathy\n|-resisted|p2b: Trevenant\n|-damage|p2a: Greedent|0 fnt\n|-damage|p2b: Trevenant|0 fnt\n|faint|p2a: Greedent\n|faint|p2b: Trevenant\n|move|p1b: Oranguru|Instruct|p1a: Ursaluna\n|-singleturn|p1a: Ursaluna|move: Instruct|[of] p1b: Oranguru\n|move|p1a: Ursaluna|Earthquake|p1b: Oranguru\n|-activate|p1b: Oranguru|ability: Telepathy\n|\n|-damage|p1a: Ursaluna|14\/100 brn|[from] brn\n|-damage|p1b: Oranguru|88\/100 brn|[from] brn\n|-fieldend|move: Trick Room\n|upkeep\n|inactive|dumb_fl4ff has 60 seconds left.\n|\n|t:|1699773910\n|switch|p2b: Enamorus|Enamorus-Therian, F|100\/100\n|switch|p2a: Appletun|Appletun, F|100\/100\n|turn|8\n|inactive|dumb_fl4ff has 60 seconds left.\n|inactive|dumb_fl4ff has 30 seconds left.\n|\n|t:|1699773954\n|move|p1a: Ursaluna|Protect|p1a: Ursaluna\n|-singleturn|p1a: Ursaluna|Protect\n|move|p2b: Enamorus|Earth Power|p1b: Oranguru\n|-damage|p1b: Oranguru|59\/100 brn\n|move|p2a: Appletun|Leech Seed|p1a: Ursaluna\n|-activate|p1a: Ursaluna|move: Protect\n|move|p1b: Oranguru|Trick Room|p1b: Oranguru\n|-fieldstart|move: Trick Room|[of] p1b: Oranguru\n|\n|-damage|p1a: Ursaluna|8\/100 brn|[from] brn\n|-damage|p1b: Oranguru|53\/100 brn|[from] brn\n|upkeep\n|turn|9\n|inactive|dumb_fl4ff has 30 seconds left.\n|\n|t:|1699773979\n|move|p1a: Ursaluna|Earthquake|p2b: Enamorus|[spread] p2a,p2b\n|-activate|p1b: Oranguru|ability: Telepathy\n|-resisted|p2a: Appletun\n|-damage|p2a: Appletun|0 fnt\n|-damage|p2b: Enamorus|0 fnt\n|faint|p2a: Appletun\n|faint|p2b: Enamorus\n|move|p1b: Oranguru|Instruct|p1a: Ursaluna\n|-singleturn|p1a: Ursaluna|move: Instruct|[of] p1b: Oranguru\n|move|p1a: Ursaluna|Earthquake|p1b: Oranguru\n|-activate|p1b: Oranguru|ability: Telepathy\n|\n|-damage|p1a: Ursaluna|2\/100 brn|[from] brn\n|-damage|p1b: Oranguru|47\/100 brn|[from] brn\n|upkeep\n|inactive|dumb_fl4ff has 30 seconds left this turn.\n|inactive|dumb_fl4ff has 20 seconds left.\n|inactive|dumb_fl4ff has 15 seconds left.\n|inactive|dumb_fl4ff has 10 seconds left.\n|inactive|dumb_fl4ff has 5 seconds left.\n|\n|t:|1699774007\n|switch|p2b: Gliscor|Gliscor, F|100\/100\n|turn|10\n|inactive|dumb_fl4ff has 30 seconds left this turn.\n|\n|t:|1699774015\n|move|p1a: Ursaluna|Earthquake|p2b: Gliscor|[spread] p2b\n|-activate|p1b: Oranguru|ability: Telepathy\n|-damage|p2b: Gliscor|0 fnt\n|faint|p2b: Gliscor\n|\n|win|An_Idiotz\n|inactive|dumb_fl4ff has 30 seconds left this turn.\n|raw|An_Idiotz's rating: 1070 &rarr; <strong>1094<\/strong><br \/>(+24 for winning)\n|raw|dumb_fl4ff's rating: 1000 &rarr; <strong>1000<\/strong><br \/>(+0 for losing)\n","uploadtime":1699774021,"views":26,"p1id":"anidiotz","p2id":"dumbfl4ff","formatid":"gen9doublesou","rating":1000,"private":0,"password":""}