{"id":"gen9doublesou-1975625394","p1":"chikistrainas","p2":"Cashamari3","format":"[Gen 9] Doubles OU","log":"|j|\u2606chikistrainas\n|j|\u2606Cashamari3\n|t:|1698215192\n|gametype|doubles\n|player|p1|chikistrainas|colress|1090\n|player|p2|Cashamari3|giovanni|1133\n|teamsize|p1|6\n|teamsize|p2|6\n|gen|9\n|tier|[Gen 9] Doubles OU\n|rated|\n|rule|Species Clause: Limit one of each Pok\u00e9mon\n|rule|OHKO Clause: OHKO moves are banned\n|rule|Evasion Moves Clause: Evasion moves are banned\n|rule|Gravity Sleep Clause: The combination of sleep-inducing moves with imperfect accuracy and Gravity or Gigantamax Orbeetle are banned\n|rule|Endless Battle Clause: Forcing endless battles is banned\n|rule|HP Percentage Mod: HP is shown in percentages\n|clearpoke\n|poke|p1|Gholdengo|\n|poke|p1|Medicham, M|\n|poke|p1|Gliscor, F|\n|poke|p1|Tinkaton, F|\n|poke|p1|Orthworm, M|\n|poke|p1|Hatterene, F|\n|poke|p2|Ninetales-Alola, M|\n|poke|p2|Mamoswine, F|\n|poke|p2|Sinistcha|\n|poke|p2|Landorus-Therian, M|\n|poke|p2|Sandslash-Alola, F|\n|poke|p2|Braviary-Hisui, M|\n|teampreview\n|\n|t:|1698215226\n|start\n|switch|p1a: Tinkaton|Tinkaton, F, shiny|100\/100\n|switch|p1b: Pop|Medicham, M|100\/100\n|switch|p2a: Ninetales|Ninetales-Alola, M|100\/100\n|switch|p2b: Braviary|Braviary-Hisui, M|100\/100\n|-weather|Snow|[from] ability: Snow Warning|[of] p2a: Ninetales\n|-item|p1a: Tinkaton|Air Balloon\n|turn|1\n|\n|t:|1698215248\n|switch|p2a: Landorus|Landorus-Therian, M|100\/100\n|-ability|p2a: Landorus|Intimidate|boost\n|-fail|p1a: Tinkaton|unboost|Attack|[from] ability: Own Tempo|[of] p1a: Tinkaton\n|-unboost|p1b: Pop|atk|1\n|move|p1a: Tinkaton|Fake Out|p2a: Landorus\n|-damage|p2a: Landorus|92\/100\n|move|p1b: Pop|Skill Swap|p1a: Tinkaton\n|-activate|p1b: Pop|move: Skill Swap|||[of] p1a: Tinkaton\n|move|p2b: Braviary|Heat Wave|p1b: Pop|[spread] p1a,p1b\n|-supereffective|p1a: Tinkaton\n|-damage|p1a: Tinkaton|51\/100\n|-damage|p1b: Pop|67\/100\n|-enditem|p1a: Tinkaton|Air Balloon\n|\n|-weather|Snow|[upkeep]\n|-heal|p2a: Landorus|98\/100|[from] item: Leftovers\n|upkeep\n|turn|2\n|\n|t:|1698215272\n|move|p1a: Tinkaton|Protect|p1a: Tinkaton\n|-singleturn|p1a: Tinkaton|Protect\n|move|p2a: Landorus|Stomping Tantrum|p1a: Tinkaton\n|-activate|p1a: Tinkaton|move: Protect\n|move|p2b: Braviary|Heat Wave|p1a: Tinkaton|[spread] p1b\n|-activate|p1a: Tinkaton|move: Protect\n|-damage|p1b: Pop|35\/100\n|move|p1b: Pop|Trick Room|p1b: Pop\n|-fieldstart|move: Trick Room|[of] p1b: Pop\n|\n|-weather|Snow|[upkeep]\n|-heal|p2a: Landorus|100\/100|[from] item: Leftovers\n|upkeep\n|turn|3\n|\n|t:|1698215296\n|move|p1b: Pop|Helping Hand|p1a: Tinkaton\n|-singleturn|p1a: Tinkaton|Helping Hand|[of] p1b: Pop\n|move|p2b: Braviary|Heat Wave|p1b: Pop|[spread] p1a,p1b\n|-supereffective|p1a: Tinkaton\n|-damage|p1a: Tinkaton|0 fnt\n|-damage|p1b: Pop|4\/100\n|faint|p1a: Tinkaton\n|move|p2a: Landorus|Stomping Tantrum|p1b: Pop\n|-damage|p1b: Pop|0 fnt\n|faint|p1b: Pop\n|\n|-weather|Snow|[upkeep]\n|upkeep\n|\n|t:|1698215340\n|switch|p1b: Hatterene|Hatterene, F, shiny|100\/100\n|switch|p1a: Mydi|Orthworm, M|100\/100\n|turn|4\n|\n|t:|1698215367\n|-terastallize|p1a: Mydi|Electric\n|move|p1b: Hatterene|Dazzling Gleam|p2a: Landorus|[spread] p2a,p2b\n|-damage|p2a: Landorus|37\/100\n|-damage|p2b: Braviary|53\/100\n|-damage|p1b: Hatterene|91\/100|[from] item: Life Orb\n|move|p1a: Mydi|Coil|p1a: Mydi\n|-boost|p1a: Mydi|atk|1\n|-boost|p1a: Mydi|def|1\n|-boost|p1a: Mydi|accuracy|1\n|move|p2b: Braviary|Heat Wave|p1a: Mydi|[spread] p1a\n|-miss|p2b: Braviary|p1b: Hatterene\n|-damage|p1a: Mydi|65\/100\n|move|p2a: Landorus|U-turn|p1b: Hatterene\n|-damage|p1b: Hatterene|61\/100\n|\n|t:|1698215385\n|switch|p2a: Sinistcha|Sinistcha|100\/100|[from] U-turn\n|-heal|p2b: Braviary|78\/100|[from] ability: Hospitality|[of] p2a: Sinistcha\n|\n|-weather|Snow|[upkeep]\n|-heal|p2b: Braviary|84\/100|[from] item: Leftovers\n|upkeep\n|turn|5\n|\n|t:|1698215405\n|move|p2a: Sinistcha|Rage Powder|p2a: Sinistcha\n|-singleturn|p2a: Sinistcha|move: Rage Powder\n|move|p1b: Hatterene|Psychic|p2a: Sinistcha\n|-damage|p2a: Sinistcha|30\/100\n|-damage|p1b: Hatterene|51\/100|[from] item: Life Orb\n|move|p1a: Mydi|Body Slam|p2a: Sinistcha\n|-immune|p2a: Sinistcha\n|move|p2b: Braviary|Psychic|p1a: Mydi\n|-damage|p1a: Mydi|8\/100\n|\n|-weather|none\n|-heal|p2a: Sinistcha|36\/100|[from] item: Leftovers\n|-heal|p2b: Braviary|90\/100|[from] item: Leftovers\n|upkeep\n|turn|6\n|\n|t:|1698215464\n|switch|p2a: Landorus|Landorus-Therian, M|37\/100\n|-ability|p2a: Landorus|Intimidate|boost\n|-unboost|p1a: Mydi|atk|1\n|-unboost|p1b: Hatterene|atk|1\n|switch|p2b: Mamoswine|Mamoswine, F|100\/100\n|move|p1b: Hatterene|Dazzling Gleam|p2b: Mamoswine|[spread] p2a,p2b\n|-damage|p2a: Landorus|0 fnt\n|-damage|p2b: Mamoswine|51\/100\n|faint|p2a: Landorus\n|-damage|p1b: Hatterene|41\/100|[from] item: Life Orb\n|move|p1a: Mydi|Rest|p1a: Mydi\n|-status|p1a: Mydi|slp|[from] move: Rest\n|-heal|p1a: Mydi|100\/100 slp|[silent]\n|-enditem|p1a: Mydi|Chesto Berry|[eat]\n|-curestatus|p1a: Mydi|slp|[msg]\n|\n|-heal|p2b: Mamoswine|58\/100|[from] item: Leftovers\n|-fieldend|move: Trick Room\n|upkeep\n|\n|t:|1698215486\n|switch|p2a: Ninetales|Ninetales-Alola, M|100\/100\n|-weather|Snow|[from] ability: Snow Warning|[of] p2a: Ninetales\n|turn|7\n|\n|t:|1698215504\n|move|p2b: Mamoswine|Ice Shard|p1b: Hatterene\n|-damage|p1b: Hatterene|17\/100\n|move|p2a: Ninetales|Aurora Veil|p2a: Ninetales\n|-sidestart|p2: Cashamari3|move: Aurora Veil\n|move|p1a: Mydi|Body Press|p2b: Mamoswine\n|-supereffective|p2b: Mamoswine\n|-damage|p2b: Mamoswine|17\/100\n|move|p1b: Hatterene|Trick Room|p1b: Hatterene\n|-fieldstart|move: Trick Room|[of] p1b: Hatterene\n|\n|-weather|Snow|[upkeep]\n|-heal|p2b: Mamoswine|23\/100|[from] item: Leftovers\n|upkeep\n|turn|8\n|\n|t:|1698215536\n|move|p2b: Mamoswine|Ice Shard|p1b: Hatterene\n|-damage|p1b: Hatterene|0 fnt\n|faint|p1b: Hatterene\n|move|p1a: Mydi|Body Press|p2b: Mamoswine\n|-supereffective|p2b: Mamoswine\n|-damage|p2b: Mamoswine|0 fnt\n|faint|p2b: Mamoswine\n|move|p2a: Ninetales|Blizzard|p1a: Mydi\n|-crit|p1a: Mydi\n|-damage|p1a: Mydi|25\/100\n|\n|-weather|Snow|[upkeep]\n|upkeep\n|\n|t:|1698215556\n|switch|p1b: Gholdengo|Gholdengo|100\/100\n|switch|p2b: Sandslash|Sandslash-Alola, F|100\/100\n|turn|9\n|\n|t:|1698215584\n|move|p1a: Mydi|Body Press|p2b: Sandslash\n|-supereffective|p2b: Sandslash\n|-damage|p2b: Sandslash|29\/100\n|move|p1b: Gholdengo|Make It Rain|p2a: Ninetales|[spread] p2a,p2b\n|-supereffective|p2a: Ninetales\n|-damage|p2a: Ninetales|0 fnt\n|-damage|p2b: Sandslash|0 fnt\n|-unboost|p1b: Gholdengo|spa|1\n|faint|p2a: Ninetales\n|faint|p2b: Sandslash\n|\n|-weather|Snow|[upkeep]\n|upkeep\n|\n|t:|1698215592\n|switch|p2b: Sinistcha|Sinistcha|36\/100\n|switch|p2a: Braviary|Braviary-Hisui, M|90\/100\n|-heal|p2a: Braviary|100\/100|[from] ability: Hospitality|[of] p2b: Sinistcha\n|turn|10\n|\n|t:|1698215628\n|move|p2b: Sinistcha|Rage Powder|p2b: Sinistcha\n|-singleturn|p2b: Sinistcha|move: Rage Powder\n|move|p1a: Mydi|Body Slam|p2b: Sinistcha\n|-immune|p2b: Sinistcha\n|move|p2a: Braviary|Heat Wave|p1a: Mydi|[spread] p1a,p1b\n|-supereffective|p1b: Gholdengo\n|-damage|p1a: Mydi|0 fnt\n|-damage|p1b: Gholdengo|36\/100\n|faint|p1a: Mydi\n|move|p1b: Gholdengo|Make It Rain|p2b: Sinistcha|[spread] p2a,p2b\n|-damage|p2a: Braviary|68\/100\n|-damage|p2b: Sinistcha|0 fnt\n|-unboost|p1b: Gholdengo|spa|1\n|faint|p2b: Sinistcha\n|\n|-weather|Snow|[upkeep]\n|-heal|p2a: Braviary|74\/100|[from] item: Leftovers\n|upkeep\n|\n|t:|1698215647\n|switch|p1a: Hekpo|Gliscor, F|100\/100\n|turn|11\n|\n|t:|1698215664\n|move|p2a: Braviary|Icy Wind|p1b: Gholdengo|[spread] p1a,p1b\n|-supereffective|p1a: Hekpo\n|-resisted|p1b: Gholdengo\n|-damage|p1a: Hekpo|19\/100\n|-damage|p1b: Gholdengo|26\/100\n|move|p1a: Hekpo|Toxic|p2a: Braviary\n|-status|p2a: Braviary|tox\n|move|p1b: Gholdengo|Make It Rain|p2a: Braviary\n|-damage|p2a: Braviary|40\/100 tox\n|-unboost|p1b: Gholdengo|spa|1\n|\n|-weather|none\n|-heal|p2a: Braviary|46\/100 tox|[from] item: Leftovers\n|-damage|p2a: Braviary|40\/100 tox|[from] psn\n|-fieldend|move: Trick Room\n|-status|p1a: Hekpo|tox|[from] item: Toxic Orb\n|upkeep\n|turn|12\n|\n|t:|1698215700\n|move|p1b: Gholdengo|Make It Rain|p2a: Braviary\n|-damage|p2a: Braviary|13\/100 tox\n|-unboost|p1b: Gholdengo|spa|1\n|move|p1a: Hekpo|Facade|p2a: Braviary\n|-damage|p2a: Braviary|0 fnt\n|faint|p2a: Braviary\n|\n|win|chikistrainas\n|raw|chikistrainas's rating: 1090 &rarr; <strong>1120<\/strong><br \/>(+30 for winning)\n|raw|Cashamari3's rating: 1133 &rarr; <strong>1105<\/strong><br \/>(-28 for losing)\n|c|\u2606chikistrainas|Gg\n","uploadtime":1698215720,"views":22,"p1id":"chikistrainas","p2id":"cashamari3","formatid":"gen9doublesou","rating":1105,"private":0,"password":""}