{"id":"gen9doublesou-1984042620","p1":"Slakinglover78","p2":"stupidrowlet","format":"[Gen 9] Doubles OU","log":"|j|\u2606Slakinglover78\n|j|\u2606stupidrowlet\n|t:|1699212783\n|gametype|doubles\n|player|p1|Slakinglover78|169|\n|player|p2|stupidrowlet|psychic-gen4|\n|teamsize|p1|6\n|teamsize|p2|6\n|gen|9\n|tier|[Gen 9] Doubles OU\n|rule|Species Clause: Limit one of each Pok\u00e9mon\n|rule|OHKO Clause: OHKO moves are banned\n|rule|Evasion Moves Clause: Evasion moves are banned\n|rule|Gravity Sleep Clause: The combination of sleep-inducing moves with imperfect accuracy and Gravity or Gigantamax Orbeetle are banned\n|rule|Endless Battle Clause: Forcing endless battles is banned\n|rule|HP Percentage Mod: HP is shown in percentages\n|clearpoke\n|poke|p1|Gholdengo|\n|poke|p1|Kommo-o, F|\n|poke|p1|Murkrow, F|\n|poke|p1|Ursaluna-Bloodmoon, M|\n|poke|p1|Armarouge, F|\n|poke|p1|Regieleki|\n|poke|p2|Gholdengo|\n|poke|p2|Kommo-o, M|\n|poke|p2|Honchkrow, M|\n|poke|p2|Ursaluna-Bloodmoon, M|\n|poke|p2|Armarouge, M|\n|poke|p2|Regieleki|\n|teampreview\n|\n|t:|1699212789\n|start\n|switch|p1a: HIMOTHY|Kommo-o, F|100\/100\n|switch|p1b: YOU THOUGHT|Murkrow, F|100\/100\n|switch|p2a: Ursaluna|Ursaluna-Bloodmoon, M|100\/100\n|switch|p2b: Kommo-o|Kommo-o, M|100\/100\n|turn|1\n|\n|t:|1699212809\n|move|p1b: YOU THOUGHT|Tailwind|p1b: YOU THOUGHT\n|-sidestart|p1: Slakinglover78|move: Tailwind\n|move|p1a: HIMOTHY|Clangorous Soul|p1a: HIMOTHY\n|-boost|p1a: HIMOTHY|atk|1\n|-boost|p1a: HIMOTHY|def|1\n|-boost|p1a: HIMOTHY|spa|1\n|-boost|p1a: HIMOTHY|spd|1\n|-boost|p1a: HIMOTHY|spe|1\n|-damage|p1a: HIMOTHY|68\/100\n|move|p2b: Kommo-o|Clanging Scales|p1a: HIMOTHY|[spread] p1a,p1b\n|-supereffective|p1a: HIMOTHY\n|-damage|p1a: HIMOTHY|24\/100\n|-damage|p1b: YOU THOUGHT|79\/100\n|-enditem|p1a: HIMOTHY|Sitrus Berry|[eat]\n|-heal|p1a: HIMOTHY|48\/100|[from] item: Sitrus Berry\n|-unboost|p2b: Kommo-o|def|1\n|move|p2a: Ursaluna|Moonblast|p1a: HIMOTHY\n|-supereffective|p1a: HIMOTHY\n|-damage|p1a: HIMOTHY|0 fnt\n|faint|p1a: HIMOTHY\n|\n|upkeep\n|\n|t:|1699212831\n|switch|p1a: YOU MISSED|Armarouge, F|100\/100\n|turn|2\n|\n|t:|1699212845\n|move|p1b: YOU THOUGHT|Thunder Wave|p2b: Kommo-o\n|-status|p2b: Kommo-o|par\n|move|p1a: YOU MISSED|Aura Sphere|p2a: Ursaluna\n|-supereffective|p2a: Ursaluna\n|-damage|p2a: Ursaluna|30\/100\n|move|p2b: Kommo-o|Clangorous Soul|p2b: Kommo-o\n|-boost|p2b: Kommo-o|atk|1\n|-boost|p2b: Kommo-o|def|1\n|-boost|p2b: Kommo-o|spa|1\n|-boost|p2b: Kommo-o|spd|1\n|-boost|p2b: Kommo-o|spe|1\n|-damage|p2b: Kommo-o|68\/100 par\n|move|p2a: Ursaluna|Earth Power|p1a: YOU MISSED\n|-supereffective|p1a: YOU MISSED\n|-damage|p1a: YOU MISSED|0 fnt\n|faint|p1a: YOU MISSED\n|\n|-heal|p2a: Ursaluna|36\/100|[from] item: Leftovers\n|upkeep\n|\n|t:|1699212862\n|switch|p1a: MY GIRLFRIEND|Gholdengo|100\/100\n|turn|3\n|\n|t:|1699212882\n|move|p1b: YOU THOUGHT|Haze|p1b: YOU THOUGHT\n|-clearallboost\n|move|p1a: MY GIRLFRIEND|Make It Rain|p2a: Ursaluna|[spread] p2a,p2b\n|-damage|p2a: Ursaluna|0 fnt\n|-damage|p2b: Kommo-o|13\/100 par\n|-unboost|p1a: MY GIRLFRIEND|spa|1\n|faint|p2a: Ursaluna\n|move|p2b: Kommo-o|Clanging Scales|p1b: YOU THOUGHT|[spread] p1a,p1b\n|-resisted|p1a: MY GIRLFRIEND\n|-damage|p1a: MY GIRLFRIEND|84\/100\n|-damage|p1b: YOU THOUGHT|55\/100\n|-unboost|p2b: Kommo-o|def|1\n|\n|-heal|p1a: MY GIRLFRIEND|90\/100|[from] item: Leftovers\n|upkeep\n|\n|t:|1699212907\n|switch|p2a: Armarouge|Armarouge, M, shiny|100\/100\n|turn|4\n|\n|t:|1699212927\n|move|p1b: YOU THOUGHT|Thunder Wave|p2a: Armarouge\n|-status|p2a: Armarouge|par\n|move|p1a: MY GIRLFRIEND|Shadow Ball|p2a: Armarouge\n|-supereffective|p2a: Armarouge\n|-damage|p2a: Armarouge|38\/100 par\n|-enditem|p2a: Armarouge|Weakness Policy\n|-boost|p2a: Armarouge|atk|2|[from] item: Weakness Policy\n|-boost|p2a: Armarouge|spa|2|[from] item: Weakness Policy\n|move|p2b: Kommo-o|Close Combat|p1a: MY GIRLFRIEND\n|-immune|p1a: MY GIRLFRIEND\n|move|p2a: Armarouge|Fire Blast|p1a: MY GIRLFRIEND\n|-supereffective|p1a: MY GIRLFRIEND\n|-damage|p1a: MY GIRLFRIEND|0 fnt\n|faint|p1a: MY GIRLFRIEND\n|\n|-sideend|p1: Slakinglover78|move: Tailwind\n|upkeep\n|\n|t:|1699212934\n|switch|p1a: GAS GAS GAS|Regieleki|100\/100\n|turn|5\n|\n|t:|1699212953\n|move|p1b: YOU THOUGHT|Haze|p1b: YOU THOUGHT\n|-clearallboost\n|move|p1a: GAS GAS GAS|Electroweb|p2b: Kommo-o|[spread] p2a,p2b\n|-resisted|p2b: Kommo-o\n|-damage|p2a: Armarouge|11\/100 par\n|-damage|p2b: Kommo-o|0 fnt\n|-unboost|p2a: Armarouge|spe|1\n|faint|p2b: Kommo-o\n|move|p2a: Armarouge|Armor Cannon|p1a: GAS GAS GAS\n|-enditem|p1a: GAS GAS GAS|Focus Sash\n|-damage|p1a: GAS GAS GAS|1\/100\n|-unboost|p2a: Armarouge|def|1\n|-unboost|p2a: Armarouge|spd|1\n|\n|upkeep\n|\n|t:|1699212971\n|switch|p2b: Regieleki|Regieleki, shiny|100\/100\n|turn|6\n|\n|t:|1699213002\n|switch|p1a: BRITISH|Ursaluna-Bloodmoon, M|100\/100\n|move|p1b: YOU THOUGHT|Tailwind|p1b: YOU THOUGHT\n|-sidestart|p1: Slakinglover78|move: Tailwind\n|move|p2b: Regieleki|Thunderbolt|p1b: YOU THOUGHT\n|-supereffective|p1b: YOU THOUGHT\n|-damage|p1b: YOU THOUGHT|0 fnt\n|faint|p1b: YOU THOUGHT\n|move|p2a: Armarouge|Dragon Pulse|p1a: BRITISH\n|-damage|p1a: BRITISH|57\/100\n|\n|upkeep\n|\n|t:|1699213009\n|switch|p1b: GAS GAS GAS|Regieleki|1\/100\n|turn|7\n|\n|t:|1699213035\n|move|p1b: GAS GAS GAS|Electroweb|p2b: Regieleki|[spread] p2a,p2b\n|-resisted|p2b: Regieleki\n|-damage|p2a: Armarouge|0 fnt\n|-damage|p2b: Regieleki|76\/100\n|-unboost|p2b: Regieleki|spe|1\n|faint|p2a: Armarouge\n|move|p1a: BRITISH|Earth Power|p2b: Regieleki\n|-supereffective|p2b: Regieleki\n|-damage|p2b: Regieleki|0 fnt\n|faint|p2b: Regieleki\n|\n|upkeep\n|\n|t:|1699213049\n|switch|p2b: Gholdengo|Gholdengo, shiny|100\/100\n|switch|p2a: Honchkrow|Honchkrow, M, shiny|100\/100\n|turn|8\n|\n|t:|1699213077\n|move|p1b: GAS GAS GAS|Thunderbolt|p2a: Honchkrow\n|-supereffective|p2a: Honchkrow\n|-damage|p2a: Honchkrow|0 fnt\n|faint|p2a: Honchkrow\n|move|p1a: BRITISH|Earth Power|p2b: Gholdengo\n|-supereffective|p2b: Gholdengo\n|-damage|p2b: Gholdengo|0 fnt\n|faint|p2b: Gholdengo\n|\n|win|Slakinglover78\n|l|\u2606stupidrowlet\n","uploadtime":1699213102,"views":9,"p1id":"slakinglover78","p2id":"stupidrowlet","formatid":"gen9doublesou","rating":0,"private":0,"password":""}