{"id":"gen9doublesou-1977712041","p1":"BarrJ","p2":"FYBIRR","format":"[Gen 9] Doubles OU","log":"|j|\u2606BarrJ\n|j|\u2606FYBIRR\n|t:|1698441166\n|gametype|doubles\n|player|p1|BarrJ|1|1123\n|player|p2|FYBIRR|riley|1107\n|teamsize|p1|6\n|teamsize|p2|6\n|gen|9\n|tier|[Gen 9] Doubles OU\n|rated|\n|rule|Species Clause: Limit one of each Pok\u00e9mon\n|rule|OHKO Clause: OHKO moves are banned\n|rule|Evasion Moves Clause: Evasion moves are banned\n|rule|Gravity Sleep Clause: The combination of sleep-inducing moves with imperfect accuracy and Gravity or Gigantamax Orbeetle are banned\n|rule|Endless Battle Clause: Forcing endless battles is banned\n|rule|HP Percentage Mod: HP is shown in percentages\n|clearpoke\n|poke|p1|Milotic, F|\n|poke|p1|Rillaboom, F|\n|poke|p1|Regieleki|\n|poke|p1|Grimmsnarl, M|\n|poke|p1|Gholdengo|\n|poke|p1|Glimmora, M|\n|poke|p2|Weezing-Galar, M|\n|poke|p2|Iron Bundle|\n|poke|p2|Iron Hands|\n|poke|p2|Flutter Mane|\n|poke|p2|Slaking, F|\n|poke|p2|Roaring Moon|\n|teampreview\n|\n|t:|1698441175\n|start\n|switch|p1a: Glimmora|Glimmora, M|100\/100\n|switch|p1b: Grimmsnarl|Grimmsnarl, M|100\/100\n|switch|p2a: Weezing|Weezing-Galar, M|100\/100\n|switch|p2b: Slaking|Slaking, F|100\/100\n|-ability|p2a: Weezing|Neutralizing Gas\n|turn|1\n|\n|t:|1698441191\n|move|p2b: Slaking|Body Slam|p1b: Grimmsnarl\n|-damage|p1b: Grimmsnarl|29\/100\n|move|p1a: Glimmora|Stealth Rock|p2b: Slaking\n|-sidestart|p2: FYBIRR|move: Stealth Rock\n|move|p2a: Weezing|Toxic|p1b: Grimmsnarl\n|-status|p1b: Grimmsnarl|tox\n|move|p1b: Grimmsnarl|Reflect|p1b: Grimmsnarl\n|-sidestart|p1: BarrJ|Reflect\n|\n|-damage|p1b: Grimmsnarl|23\/100 tox|[from] psn\n|upkeep\n|turn|2\n|\n|t:|1698441215\n|switch|p2b: Iron Bundle|Iron Bundle|100\/100\n|-damage|p2b: Iron Bundle|76\/100|[from] Stealth Rock\n|-enditem|p2b: Iron Bundle|Booster Energy\n|-activate|p2b: Iron Bundle|ability: Quark Drive|[fromitem]\n|-start|p2b: Iron Bundle|quarkdrivespe\n|move|p1b: Grimmsnarl|Sucker Punch||[still]\n|-fail|p1b: Grimmsnarl\n|move|p1a: Glimmora|Toxic|p2b: Iron Bundle\n|-status|p2b: Iron Bundle|tox\n|move|p2a: Weezing|Defog|p1a: Glimmora\n|-unboost|p1a: Glimmora|evasion|1\n|-sideend|p1: BarrJ|Reflect\n|-sideend|p2: FYBIRR|Stealth Rock|[from] move: Defog|[of] p2a: Weezing\n|\n|-damage|p2b: Iron Bundle|70\/100 tox|[from] psn\n|-damage|p1b: Grimmsnarl|10\/100 tox|[from] psn\n|upkeep\n|turn|3\n|\n|t:|1698441237\n|move|p1a: Glimmora|Spiky Shield|p1a: Glimmora\n|-singleturn|p1a: Glimmora|move: Protect\n|move|p2a: Weezing|Protect|p2a: Weezing\n|-singleturn|p2a: Weezing|Protect\n|move|p2b: Iron Bundle|Hydro Pump|p1a: Glimmora\n|-activate|p1a: Glimmora|move: Protect\n|move|p1b: Grimmsnarl|Spirit Break|p2b: Iron Bundle\n|-damage|p2b: Iron Bundle|22\/100 tox\n|-unboost|p2b: Iron Bundle|spa|1\n|\n|-damage|p2b: Iron Bundle|10\/100 tox|[from] psn\n|-damage|p1b: Grimmsnarl|0 fnt|[from] psn\n|faint|p1b: Grimmsnarl\n|upkeep\n|\n|t:|1698441254\n|switch|p1b: Regieleki|Regieleki, shiny|100\/100\n|turn|4\n|\n|t:|1698441266\n|move|p2b: Iron Bundle|Icy Wind|p1a: Glimmora|[spread] p1a,p1b\n|-damage|p1a: Glimmora|87\/100\n|-damage|p1b: Regieleki|75\/100\n|-unboost|p1a: Glimmora|spe|1\n|-unboost|p1b: Regieleki|spe|1\n|move|p1b: Regieleki|Electroweb|p2b: Iron Bundle|[spread] p2a,p2b\n|-supereffective|p2b: Iron Bundle\n|-damage|p2a: Weezing|70\/100\n|-damage|p2b: Iron Bundle|0 fnt\n|faint|p2b: Iron Bundle\n|-end|p2b: Iron Bundle|Quark Drive|[silent]\n|move|p1a: Glimmora|Toxic|p2a: Weezing\n|-immune|p2a: Weezing\n|move|p2a: Weezing|Toxic|p1b: Regieleki\n|-status|p1b: Regieleki|tox\n|\n|-heal|p1a: Glimmora|93\/100|[from] item: Black Sludge\n|-damage|p1b: Regieleki|69\/100 tox|[from] psn\n|upkeep\n|\n|t:|1698441284\n|switch|p2b: Slaking|Slaking, F|100\/100\n|turn|5\n|\n|t:|1698441294\n|move|p1b: Regieleki|Protect|p1b: Regieleki\n|-singleturn|p1b: Regieleki|Protect\n|move|p1a: Glimmora|Spiky Shield|p1a: Glimmora\n|-singleturn|p1a: Glimmora|move: Protect\n|move|p2a: Weezing|Protect|p2a: Weezing\n|-singleturn|p2a: Weezing|Protect\n|move|p2b: Slaking|High Horsepower|p1a: Glimmora\n|-activate|p1a: Glimmora|move: Protect\n|-damage|p2b: Slaking|88\/100|[from] Spiky Shield|[of] p1a: Glimmora\n|\n|-heal|p1a: Glimmora|99\/100|[from] item: Black Sludge\n|-damage|p1b: Regieleki|57\/100 tox|[from] psn\n|upkeep\n|turn|6\n|\n|t:|1698441343\n|switch|p2b: Roaring Moon|Roaring Moon|100\/100\n|-enditem|p2b: Roaring Moon|Booster Energy\n|-activate|p2b: Roaring Moon|ability: Protosynthesis|[fromitem]\n|-start|p2b: Roaring Moon|protosynthesisspe\n|move|p1b: Regieleki|Tera Blast|p2a: Weezing\n|-damage|p2a: Weezing|36\/100\n|move|p1a: Glimmora|Sludge Bomb|p2b: Roaring Moon\n|-damage|p2b: Roaring Moon|63\/100\n|-status|p2b: Roaring Moon|psn\n|move|p2a: Weezing|Strange Steam|p1b: Regieleki|[miss]\n|-miss|p2a: Weezing|p1b: Regieleki\n|\n|-heal|p1a: Glimmora|100\/100|[from] item: Black Sludge\n|-damage|p2b: Roaring Moon|50\/100 psn|[from] psn\n|-damage|p1b: Regieleki|39\/100 tox|[from] psn\n|upkeep\n|turn|7\n|\n|t:|1698441374\n|move|p1a: Glimmora|Spiky Shield|p1a: Glimmora\n|-singleturn|p1a: Glimmora|move: Protect\n|move|p2a: Weezing|Protect|p2a: Weezing\n|-singleturn|p2a: Weezing|Protect\n|move|p2b: Roaring Moon|Knock Off|p1a: Glimmora\n|-activate|p1a: Glimmora|move: Protect\n|-damage|p2b: Roaring Moon|38\/100 psn|[from] Spiky Shield|[of] p1a: Glimmora\n|move|p1b: Regieleki|Electroweb|p2b: Roaring Moon|[spread] p2b\n|-activate|p2a: Weezing|move: Protect\n|-resisted|p2b: Roaring Moon\n|-damage|p2b: Roaring Moon|28\/100 psn\n|-unboost|p2b: Roaring Moon|spe|1\n|\n|-damage|p2b: Roaring Moon|15\/100 psn|[from] psn\n|-damage|p1b: Regieleki|15\/100 tox|[from] psn\n|upkeep\n|turn|8\n|l|\u2606FYBIRR\n|player|p2|\n|j|\u2606FYBIRR\n|player|p2|FYBIRR|riley\n|\n|t:|1698441404\n|move|p2b: Roaring Moon|Knock Off|p1a: Glimmora\n|-damage|p1a: Glimmora|51\/100\n|-enditem|p1a: Glimmora|Black Sludge|[from] move: Knock Off|[of] p2b: Roaring Moon\n|move|p1b: Regieleki|Tera Blast|p2a: Weezing\n|-damage|p2a: Weezing|1\/100\n|move|p1a: Glimmora|Sludge Bomb|p2b: Roaring Moon\n|-damage|p2b: Roaring Moon|0 fnt\n|faint|p2b: Roaring Moon\n|-end|p2b: Roaring Moon|Protosynthesis|[silent]\n|move|p2a: Weezing|Strange Steam|p1b: Regieleki\n|-damage|p1b: Regieleki|0 fnt\n|faint|p1b: Regieleki\n|\n|upkeep\n|\n|t:|1698441421\n|switch|p1b: Rillaboom|Rillaboom, F|100\/100\n|switch|p2b: Slaking|Slaking, F|88\/100\n|turn|9\n|\n|t:|1698441434\n|move|p2a: Weezing|Protect|p2a: Weezing\n|-singleturn|p2a: Weezing|Protect\n|move|p1b: Rillaboom|Fake Out|p2b: Slaking\n|-crit|p2b: Slaking\n|-damage|p2b: Slaking|75\/100\n|cant|p2b: Slaking|flinch\n|move|p1a: Glimmora|Sludge Bomb|p2a: Weezing\n|-activate|p2a: Weezing|move: Protect\n|\n|upkeep\n|turn|10\n|\n|t:|1698441453\n|-terastallize|p2b: Slaking|Normal\n|move|p2b: Slaking|Body Slam|p1a: Glimmora\n|-resisted|p1a: Glimmora\n|-damage|p1a: Glimmora|15\/100\n|-status|p1a: Glimmora|par\n|move|p1b: Rillaboom|Grassy Glide|p2a: Weezing\n|-resisted|p2a: Weezing\n|-damage|p2a: Weezing|0 fnt\n|faint|p2a: Weezing\n|-end|p2a: Weezing|ability: Neutralizing Gas\n|-fieldstart|move: Grassy Terrain|[from] ability: Grassy Surge|[of] p1b: Rillaboom\n|move|p1a: Glimmora|Sludge Bomb|p2b: Slaking\n|-damage|p2b: Slaking|37\/100\n|\n|-heal|p2b: Slaking|44\/100|[from] Grassy Terrain\n|-heal|p1a: Glimmora|21\/100 par|[from] Grassy Terrain\n|upkeep\n|\n|t:|1698441475\n|switch|p2a: Flutter Mane|Flutter Mane|100\/100\n|-enditem|p2a: Flutter Mane|Booster Energy\n|-activate|p2a: Flutter Mane|ability: Protosynthesis|[fromitem]\n|-start|p2a: Flutter Mane|protosynthesisspe\n|turn|11\n|\n|t:|1698441497\n|move|p2a: Flutter Mane|Protect|p2a: Flutter Mane\n|-singleturn|p2a: Flutter Mane|Protect\n|move|p1b: Rillaboom|Grassy Glide|p2a: Flutter Mane\n|-activate|p2a: Flutter Mane|move: Protect\n|cant|p2b: Slaking|ability: Truant\n|cant|p1a: Glimmora|par\n|\n|-heal|p2b: Slaking|50\/100|[from] Grassy Terrain\n|-heal|p1a: Glimmora|28\/100 par|[from] Grassy Terrain\n|upkeep\n|turn|12\n|\n|t:|1698441517\n|move|p1a: Glimmora|Spiky Shield|p1a: Glimmora\n|-singleturn|p1a: Glimmora|move: Protect\n|move|p2a: Flutter Mane|Shadow Ball|p1a: Glimmora\n|-activate|p1a: Glimmora|move: Protect\n|move|p2b: Slaking|Body Slam|p1b: Rillaboom\n|-damage|p1b: Rillaboom|25\/100\n|move|p1b: Rillaboom|U-turn|p2a: Flutter Mane\n|-resisted|p2a: Flutter Mane\n|-damage|p2a: Flutter Mane|87\/100\n|\n|t:|1698441530\n|switch|p1b: Gholdengo|Gholdengo|100\/100|[from] U-turn\n|\n|-heal|p2a: Flutter Mane|93\/100|[from] Grassy Terrain\n|-heal|p2b: Slaking|56\/100|[from] Grassy Terrain\n|-heal|p1a: Glimmora|34\/100 par|[from] Grassy Terrain\n|upkeep\n|turn|13\n|\n|t:|1698441544\n|move|p2a: Flutter Mane|Shadow Ball|p1b: Gholdengo\n|-supereffective|p1b: Gholdengo\n|-damage|p1b: Gholdengo|0 fnt\n|faint|p1b: Gholdengo\n|cant|p2b: Slaking|ability: Truant\n|move|p1a: Glimmora|Sludge Bomb|p2a: Flutter Mane\n|-damage|p2a: Flutter Mane|55\/100\n|-status|p2a: Flutter Mane|psn\n|\n|-heal|p2a: Flutter Mane|61\/100 psn|[from] Grassy Terrain\n|-heal|p2b: Slaking|62\/100|[from] Grassy Terrain\n|-heal|p1a: Glimmora|40\/100 par|[from] Grassy Terrain\n|-damage|p2a: Flutter Mane|49\/100 psn|[from] psn\n|upkeep\n|\n|t:|1698441560\n|switch|p1b: Milotic|Milotic, F, shiny|100\/100\n|turn|14\n|\n|t:|1698441569\n|move|p1b: Milotic|Protect|p1b: Milotic\n|-singleturn|p1b: Milotic|Protect\n|move|p1a: Glimmora|Spiky Shield|p1a: Glimmora\n|-singleturn|p1a: Glimmora|move: Protect\n|move|p2a: Flutter Mane|Shadow Ball|p1a: Glimmora\n|-activate|p1a: Glimmora|move: Protect\n|move|p2b: Slaking|Body Slam|p1b: Milotic\n|-activate|p1b: Milotic|move: Protect\n|\n|-heal|p2a: Flutter Mane|55\/100 psn|[from] Grassy Terrain\n|-heal|p2b: Slaking|68\/100|[from] Grassy Terrain\n|-heal|p1a: Glimmora|46\/100 par|[from] Grassy Terrain\n|-damage|p2a: Flutter Mane|43\/100 psn|[from] psn\n|-fieldend|move: Grassy Terrain\n|upkeep\n|turn|15\n|\n|t:|1698441593\n|move|p2a: Flutter Mane|Shadow Ball|p1a: Glimmora\n|-damage|p1a: Glimmora|0 fnt\n|faint|p1a: Glimmora\n|cant|p2b: Slaking|ability: Truant\n|move|p1b: Milotic|Aqua Ring|p1b: Milotic\n|-start|p1b: Milotic|Aqua Ring\n|\n|-damage|p2a: Flutter Mane|30\/100 psn|[from] psn\n|upkeep\n|\n|t:|1698441602\n|switch|p1a: Rillaboom|Rillaboom, F|25\/100\n|-fieldstart|move: Grassy Terrain|[from] ability: Grassy Surge|[of] p1a: Rillaboom\n|turn|16\n|\n|t:|1698441612\n|move|p2a: Flutter Mane|Protect|p2a: Flutter Mane\n|-singleturn|p2a: Flutter Mane|Protect\n|move|p1a: Rillaboom|Fake Out|p2b: Slaking\n|-damage|p2b: Slaking|60\/100\n|cant|p2b: Slaking|flinch\n|move|p1b: Milotic|Scald|p2a: Flutter Mane\n|-activate|p2a: Flutter Mane|move: Protect\n|\n|-heal|p2a: Flutter Mane|36\/100 psn|[from] Grassy Terrain\n|-heal|p2b: Slaking|66\/100|[from] Grassy Terrain\n|-heal|p1a: Rillaboom|31\/100|[from] Grassy Terrain\n|-damage|p2a: Flutter Mane|24\/100 psn|[from] psn\n|upkeep\n|turn|17\n|\n|t:|1698441634\n|move|p1a: Rillaboom|Grassy Glide|p2a: Flutter Mane\n|-damage|p2a: Flutter Mane|0 fnt\n|faint|p2a: Flutter Mane\n|-end|p2a: Flutter Mane|Protosynthesis|[silent]\n|cant|p2b: Slaking|ability: Truant\n|move|p1b: Milotic|Scald|p2b: Slaking\n|-damage|p2b: Slaking|37\/100\n|\n|-heal|p2b: Slaking|43\/100|[from] Grassy Terrain\n|-heal|p1a: Rillaboom|37\/100|[from] Grassy Terrain\n|upkeep\n|\n|t:|1698441641\n|switch|p2a: Iron Hands|Iron Hands|100\/100\n|turn|18\n|\n|t:|1698441657\n|move|p2a: Iron Hands|Fake Out|p1a: Rillaboom\n|-damage|p1a: Rillaboom|20\/100\n|cant|p1a: Rillaboom|flinch\n|move|p2b: Slaking|Body Slam|p1a: Rillaboom\n|-damage|p1a: Rillaboom|0 fnt\n|faint|p1a: Rillaboom\n|move|p1b: Milotic|Scald|p2a: Iron Hands\n|-damage|p2a: Iron Hands|75\/100\n|\n|-heal|p2b: Slaking|49\/100|[from] Grassy Terrain\n|-heal|p2a: Iron Hands|81\/100|[from] Grassy Terrain\n|-heal|p2a: Iron Hands|87\/100|[from] item: Leftovers\n|upkeep\n|turn|19\n|\n|t:|1698441671\n|cant|p2b: Slaking|ability: Truant\n|move|p1b: Milotic|Scald|p2a: Iron Hands\n|-damage|p2a: Iron Hands|61\/100\n|move|p2a: Iron Hands|Wild Charge|p1b: Milotic\n|-supereffective|p1b: Milotic\n|-damage|p1b: Milotic|0 fnt\n|faint|p1b: Milotic\n|-damage|p2a: Iron Hands|43\/100|[from] Recoil\n|\n|win|FYBIRR\n|raw|BarrJ's rating: 1123 &rarr; <strong>1097<\/strong><br \/>(-26 for losing)\n|raw|FYBIRR's rating: 1107 &rarr; <strong>1133<\/strong><br \/>(+26 for winning)\n","uploadtime":1698441679,"views":34,"p1id":"barrj","p2id":"fybirr","formatid":"gen9doublesou","rating":1097,"private":0,"password":""}