{"id":"gen9doublesou-1999079022","p1":"Crunchy Dave","p2":"GlazedDonut20","format":"[Gen 9] Doubles OU","log":"|j|\u2606Crunchy Dave\n|j|\u2606GlazedDonut20\n|t:|1701030909\n|gametype|doubles\n|player|p1|Crunchy Dave|swimmer-gen4dp|1303\n|player|p2|GlazedDonut20|candice|1397\n|teamsize|p1|6\n|teamsize|p2|6\n|gen|9\n|tier|[Gen 9] Doubles OU\n|rated|\n|rule|Species Clause: Limit one of each Pok\u00e9mon\n|rule|OHKO Clause: OHKO moves are banned\n|rule|Evasion Moves Clause: Evasion moves are banned\n|rule|Gravity Sleep Clause: The combination of sleep-inducing moves with imperfect accuracy and Gravity or Gigantamax Orbeetle are banned\n|rule|Endless Battle Clause: Forcing endless battles is banned\n|rule|HP Percentage Mod: HP is shown in percentages\n|clearpoke\n|poke|p1|Rillaboom, M|\n|poke|p1|Sneasler, F|\n|poke|p1|Sinistcha-Masterpiece|\n|poke|p1|Azumarill, F|\n|poke|p1|Ursaluna-Bloodmoon, M|\n|poke|p1|Heatran, M|\n|poke|p2|Chien-Pao|\n|poke|p2|Dragapult, F|\n|poke|p2|Heatran, M|\n|poke|p2|Farigiraf, F|\n|poke|p2|Rillaboom, M|\n|poke|p2|Flutter Mane|\n|teampreview\n|inactive|Battle timer is ON: inactive players will automatically lose when time's up. (requested by Crunchy Dave)\n|\n|t:|1701030949\n|start\n|switch|p1a: Rillaboom|Rillaboom, M|100\/100\n|switch|p1b: Sneasler|Sneasler, F|100\/100\n|switch|p2a: Chien-Pao|Chien-Pao|100\/100\n|switch|p2b: Rillaboom|Rillaboom, M|100\/100\n|-ability|p2a: Chien-Pao|Sword of Ruin\n|-fieldstart|move: Grassy Terrain|[from] ability: Grassy Surge|[of] p1a: Rillaboom\n|-enditem|p1b: Sneasler|Grassy Seed\n|-boost|p1b: Sneasler|def|1|[from] item: Grassy Seed\n|turn|1\n|inactive|Crunchy Dave has 120 seconds left.\n|\n|t:|1701030981\n|move|p2a: Chien-Pao|Protect|p2a: Chien-Pao\n|-singleturn|p2a: Chien-Pao|Protect\n|move|p2b: Rillaboom|Protect|p2b: Rillaboom\n|-singleturn|p2b: Rillaboom|Protect\n|move|p1b: Sneasler|Fake Out|p2a: Chien-Pao\n|-activate|p2a: Chien-Pao|move: Protect\n|move|p1a: Rillaboom|Drain Punch|p2a: Chien-Pao\n|-activate|p2a: Chien-Pao|move: Protect\n|\n|upkeep\n|turn|2\n|\n|t:|1701031003\n|move|p1b: Sneasler|Acrobatics|p2b: Rillaboom\n|-supereffective|p2b: Rillaboom\n|-damage|p2b: Rillaboom|8\/100\n|-enditem|p2b: Rillaboom|Sitrus Berry|[eat]\n|-heal|p2b: Rillaboom|33\/100|[from] item: Sitrus Berry\n|move|p2a: Chien-Pao|Icicle Crash|p1a: Rillaboom\n|-supereffective|p1a: Rillaboom\n|-damage|p1a: Rillaboom|0 fnt\n|faint|p1a: Rillaboom\n|move|p2b: Rillaboom|Brick Break|p1b: Sneasler\n|-resisted|p1b: Sneasler\n|-damage|p1b: Sneasler|83\/100\n|\n|-heal|p1b: Sneasler|89\/100|[from] Grassy Terrain\n|-heal|p2b: Rillaboom|39\/100|[from] Grassy Terrain\n|upkeep\n|inactive|Crunchy Dave has 120 seconds left.\n|\n|t:|1701031022\n|switch|p1a: Ursaluna|Ursaluna-Bloodmoon, M|100\/100\n|turn|3\n|\n|t:|1701031036\n|move|p2a: Chien-Pao|Protect|p2a: Chien-Pao\n|-singleturn|p2a: Chien-Pao|Protect\n|move|p2b: Rillaboom|Protect|p2b: Rillaboom\n|-singleturn|p2b: Rillaboom|Protect\n|move|p1b: Sneasler|Acrobatics|p2b: Rillaboom\n|-activate|p2b: Rillaboom|move: Protect\n|move|p1a: Ursaluna|Blood Moon|p2a: Chien-Pao\n|-activate|p2a: Chien-Pao|move: Protect\n|\n|-heal|p1b: Sneasler|95\/100|[from] Grassy Terrain\n|-heal|p2b: Rillaboom|45\/100|[from] Grassy Terrain\n|upkeep\n|turn|4\n|inactive|GlazedDonut20 has 120 seconds left.\n|\n|t:|1701031068\n|switch|p2b: Farigiraf|Farigiraf, F|100\/100\n|move|p1b: Sneasler|Close Combat|p2a: Chien-Pao\n|-supereffective|p2a: Chien-Pao\n|-enditem|p2a: Chien-Pao|Focus Sash\n|-damage|p2a: Chien-Pao|1\/100\n|-unboost|p1b: Sneasler|def|1\n|-unboost|p1b: Sneasler|spd|1\n|move|p2a: Chien-Pao|Icicle Crash|p1a: Ursaluna\n|-supereffective|p1a: Ursaluna\n|-damage|p1a: Ursaluna|20\/100\n|cant|p1a: Ursaluna|flinch\n|\n|-heal|p1b: Sneasler|100\/100|[from] Grassy Terrain\n|-heal|p2a: Chien-Pao|7\/100|[from] Grassy Terrain\n|-heal|p1a: Ursaluna|27\/100|[from] Grassy Terrain\n|upkeep\n|turn|5\n|inactive|GlazedDonut20 has 120 seconds left.\n|\n|t:|1701031103\n|move|p2a: Chien-Pao|Sucker Punch|p1a: Ursaluna\n|-damage|p1a: Ursaluna|0 fnt\n|faint|p1a: Ursaluna\n|move|p1b: Sneasler|Acrobatics|p2b: Farigiraf\n|-damage|p2b: Farigiraf|59\/100\n|-damage|p1b: Sneasler|84\/100|[from] item: Rocky Helmet|[of] p2b: Farigiraf\n|move|p2b: Farigiraf|Psychic|p1b: Sneasler\n|-supereffective|p1b: Sneasler\n|-damage|p1b: Sneasler|0 fnt\n|faint|p1b: Sneasler\n|\n|-heal|p2a: Chien-Pao|13\/100|[from] Grassy Terrain\n|-heal|p2b: Farigiraf|65\/100|[from] Grassy Terrain\n|-fieldend|move: Grassy Terrain\n|upkeep\n|inactive|Crunchy Dave has 120 seconds left.\n|\n|t:|1701031125\n|switch|p1b: Heatran|Heatran, M|100\/100\n|switch|p1a: Azumarill|Azumarill, F|100\/100\n|turn|6\n|inactive|Crunchy Dave has 120 seconds left.\n|inactive|GlazedDonut20 has 120 seconds left.\n|\n|t:|1701031156\n|move|p2a: Chien-Pao|Icicle Crash|p1a: Azumarill\n|-resisted|p1a: Azumarill\n|-damage|p1a: Azumarill|69\/100\n|move|p1b: Heatran|Heat Wave|p2a: Chien-Pao|[spread] p2a,p2b\n|-supereffective|p2a: Chien-Pao\n|-damage|p2a: Chien-Pao|0 fnt\n|-damage|p2b: Farigiraf|23\/100\n|-status|p2b: Farigiraf|brn\n|faint|p2a: Chien-Pao\n|move|p2b: Farigiraf|Psychic|p1a: Azumarill\n|-damage|p1a: Azumarill|31\/100\n|-enditem|p1a: Azumarill|Sitrus Berry|[eat]\n|-heal|p1a: Azumarill|56\/100|[from] item: Sitrus Berry\n|move|p1a: Azumarill|Belly Drum|p1a: Azumarill\n|-damage|p1a: Azumarill|6\/100\n|-setboost|p1a: Azumarill|atk|6|[from] move: Belly Drum\n|\n|-damage|p2b: Farigiraf|16\/100 brn|[from] brn\n|upkeep\n|\n|t:|1701031176\n|switch|p2a: Dragapult|Dragapult, F|100\/100\n|turn|7\n|inactive|GlazedDonut20 has 120 seconds left.\n|\n|t:|1701031196\n|switch|p1b: Sinistcha|Sinistcha-Masterpiece|100\/100\n|-heal|p1a: Azumarill|31\/100|[from] ability: Hospitality|[of] p1b: Sinistcha\n|-terastallize|p2a: Dragapult|Ghost\n|-terastallize|p1a: Azumarill|Ice\n|move|p2a: Dragapult|Surf|p1a: Azumarill|[spread] p2b,p1a,p1b\n|-resisted|p1b: Sinistcha\n|-damage|p2b: Farigiraf|2\/100 brn\n|-damage|p1a: Azumarill|17\/100\n|-damage|p1b: Sinistcha|92\/100\n|move|p2b: Farigiraf|Dazzling Gleam|p1b: Sinistcha|[spread] p1a,p1b\n|-damage|p1a: Azumarill|0 fnt\n|-damage|p1b: Sinistcha|74\/100\n|faint|p1a: Azumarill\n|\n|-damage|p2b: Farigiraf|0 fnt|[from] brn\n|faint|p2b: Farigiraf\n|upkeep\n|inactive|GlazedDonut20 has 120 seconds left.\n|c|\u2606GlazedDonut20|YES\n|\n|t:|1701031219\n|switch|p2b: Flutter Mane|Flutter Mane|100\/100\n|switch|p1a: Heatran|Heatran, M|100\/100\n|-enditem|p2b: Flutter Mane|Booster Energy\n|-activate|p2b: Flutter Mane|ability: Protosynthesis|[fromitem]\n|-start|p2b: Flutter Mane|protosynthesisspe\n|turn|8\n|\n|t:|1701031230\n|move|p2b: Flutter Mane|Shadow Ball|p1b: Sinistcha\n|-supereffective|p1b: Sinistcha\n|-damage|p1b: Sinistcha|0 fnt\n|faint|p1b: Sinistcha\n|move|p2a: Dragapult|Surf|p1a: Heatran|[spread] p2b,p1a\n|-supereffective|p1a: Heatran\n|-crit|p1a: Heatran\n|-damage|p2b: Flutter Mane|87\/100\n|-damage|p1a: Heatran|77\/100\n|move|p1a: Heatran|Heat Wave|p2b: Flutter Mane|[spread] p2a,p2b\n|-damage|p2a: Dragapult|40\/100\n|-damage|p2b: Flutter Mane|42\/100\n|\n|upkeep\n|turn|9\n|\n|t:|1701031248\n|switch|p2a: Heatran|Heatran, M, shiny|100\/100\n|move|p2b: Flutter Mane|Shadow Ball|p1a: Heatran\n|-damage|p1a: Heatran|52\/100\n|-unboost|p1a: Heatran|spd|1\n|move|p1a: Heatran|Heat Wave|p2b: Flutter Mane|[spread] p2b\n|-start|p2a: Heatran|ability: Flash Fire\n|-damage|p2b: Flutter Mane|0 fnt\n|faint|p2b: Flutter Mane\n|-end|p2b: Flutter Mane|Protosynthesis|[silent]\n|\n|upkeep\n|\n|t:|1701031259\n|switch|p2b: Dragapult|Dragapult, F, tera:Ghost|40\/100\n|turn|10\n|\n|t:|1701031274\n|move|p2b: Dragapult|Phantom Force||[still]\n|-prepare|p2b: Dragapult|Phantom Force\n|move|p2a: Heatran|Earth Power|p1a: Heatran\n|-supereffective|p1a: Heatran\n|-damage|p1a: Heatran|0 fnt\n|faint|p1a: Heatran\n|\n|win|GlazedDonut20\n|raw|Crunchy Dave's rating: 1303 &rarr; <strong>1288<\/strong><br \/>(-15 for losing)\n|raw|GlazedDonut20's rating: 1397 &rarr; <strong>1412<\/strong><br \/>(+15 for winning)\n|c|\u2606GlazedDonut20|gg\n|c|\u2606Crunchy Dave|Gg\n|l|\u2606Crunchy Dave\n","uploadtime":1701031330,"views":10,"p1id":"crunchydave","p2id":"glazeddonut20","formatid":"gen9doublesou","rating":1288,"private":0,"password":""}