{"id":"gen9doublesou-1991306323","p1":"PoliteGhost","p2":"OPieceOfHeroGhost","format":"[Gen 9] Doubles OU","log":"|j|\u2606PoliteGhost\n|j|\u2606OPieceOfHeroGhost\n|t:|1700066093\n|gametype|doubles\n|player|p1|PoliteGhost|giovanni|1475\n|player|p2|OPieceOfHeroGhost|morty|1484\n|teamsize|p1|6\n|teamsize|p2|6\n|gen|9\n|tier|[Gen 9] Doubles OU\n|rated|\n|rule|Species Clause: Limit one of each Pok\u00e9mon\n|rule|OHKO Clause: OHKO moves are banned\n|rule|Evasion Moves Clause: Evasion moves are banned\n|rule|Gravity Sleep Clause: The combination of sleep-inducing moves with imperfect accuracy and Gravity or Gigantamax Orbeetle are banned\n|rule|Endless Battle Clause: Forcing endless battles is banned\n|rule|HP Percentage Mod: HP is shown in percentages\n|clearpoke\n|poke|p1|Amoonguss, M|\n|poke|p1|Iron Hands|\n|poke|p1|Landorus-Therian, M|\n|poke|p1|Flutter Mane|\n|poke|p1|Iron Bundle|\n|poke|p1|Chi-Yu|\n|poke|p2|Ting-Lu|\n|poke|p2|Cresselia, F|\n|poke|p2|Landorus-Therian, M|\n|poke|p2|Flutter Mane|\n|poke|p2|Iron Hands|\n|poke|p2|Sinistcha-Masterpiece|\n|teampreview\n|\n|t:|1700066110\n|start\n|switch|p1a: Iron Bundle|Iron Bundle|100\/100\n|switch|p1b: Iron Hands|Iron Hands|100\/100\n|switch|p2a: \u5a01\u5413No.2|Landorus-Therian, M|100\/100\n|switch|p2b: \u4f60\u62cd\u4e00\uff0c\u6211\u62cd\u4e8c\uff0c\u5438\u53d6\u62f3\u6765\u4e92\u76f8\u5438|Iron Hands|100\/100\n|-ability|p2a: \u5a01\u5413No.2|Intimidate|boost\n|-unboost|p1a: Iron Bundle|atk|1\n|-unboost|p1b: Iron Hands|atk|1\n|turn|1\n|\n|t:|1700066128\n|switch|p2a: \u514b\u96f7\u80fd\u5426\u4e0e\u6211\u4e8e\u6625\u68a6\u4e00\u6e38\uff1f|Cresselia, F|100\/100\n|move|p1b: Iron Hands|Fake Out|p2b: \u4f60\u62cd\u4e00\uff0c\u6211\u62cd\u4e8c\uff0c\u5438\u53d6\u62f3\u6765\u4e92\u76f8\u5438\n|-damage|p2b: \u4f60\u62cd\u4e00\uff0c\u6211\u62cd\u4e8c\uff0c\u5438\u53d6\u62f3\u6765\u4e92\u76f8\u5438|94\/100\n|cant|p2b: \u4f60\u62cd\u4e00\uff0c\u6211\u62cd\u4e8c\uff0c\u5438\u53d6\u62f3\u6765\u4e92\u76f8\u5438|flinch\n|move|p1a: Iron Bundle|Freeze-Dry|p2a: \u514b\u96f7\u80fd\u5426\u4e0e\u6211\u4e8e\u6625\u68a6\u4e00\u6e38\uff1f\n|-damage|p2a: \u514b\u96f7\u80fd\u5426\u4e0e\u6211\u4e8e\u6625\u68a6\u4e00\u6e38\uff1f|82\/100\n|\n|upkeep\n|turn|2\n|\n|t:|1700066152\n|-end|p1a: Iron Bundle|Quark Drive|[silent]\n|switch|p1a: Flutter Mane|Flutter Mane|100\/100\n|-enditem|p1a: Flutter Mane|Booster Energy\n|-activate|p1a: Flutter Mane|ability: Protosynthesis|[fromitem]\n|-start|p1a: Flutter Mane|protosynthesisspe\n|move|p2a: \u514b\u96f7\u80fd\u5426\u4e0e\u6211\u4e8e\u6625\u68a6\u4e00\u6e38\uff1f|Energy Ball|p1a: Flutter Mane\n|-crit|p1a: Flutter Mane\n|-damage|p1a: Flutter Mane|75\/100\n|move|p1b: Iron Hands|Heavy Slam|p2a: \u514b\u96f7\u80fd\u5426\u4e0e\u6211\u4e8e\u6625\u68a6\u4e00\u6e38\uff1f\n|-damage|p2a: \u514b\u96f7\u80fd\u5426\u4e0e\u6211\u4e8e\u6625\u68a6\u4e00\u6e38\uff1f|65\/100\n|-damage|p1b: Iron Hands|84\/100|[from] item: Rocky Helmet|[of] p2a: \u514b\u96f7\u80fd\u5426\u4e0e\u6211\u4e8e\u6625\u68a6\u4e00\u6e38\uff1f\n|move|p2b: \u4f60\u62cd\u4e00\uff0c\u6211\u62cd\u4e8c\uff0c\u5438\u53d6\u62f3\u6765\u4e92\u76f8\u5438|Drain Punch|p1b: Iron Hands\n|-damage|p1b: Iron Hands|57\/100\n|-heal|p2b: \u4f60\u62cd\u4e00\uff0c\u6211\u62cd\u4e8c\uff0c\u5438\u53d6\u62f3\u6765\u4e92\u76f8\u5438|100\/100|[from] drain|[of] p1b: Iron Hands\n|\n|upkeep\n|turn|3\n|\n|t:|1700066170\n|move|p1a: Flutter Mane|Shadow Ball|p2a: \u514b\u96f7\u80fd\u5426\u4e0e\u6211\u4e8e\u6625\u68a6\u4e00\u6e38\uff1f\n|-supereffective|p2a: \u514b\u96f7\u80fd\u5426\u4e0e\u6211\u4e8e\u6625\u68a6\u4e00\u6e38\uff1f\n|-damage|p2a: \u514b\u96f7\u80fd\u5426\u4e0e\u6211\u4e8e\u6625\u68a6\u4e00\u6e38\uff1f|19\/100\n|move|p2a: \u514b\u96f7\u80fd\u5426\u4e0e\u6211\u4e8e\u6625\u68a6\u4e00\u6e38\uff1f|Lunar Blessing|p2a: \u514b\u96f7\u80fd\u5426\u4e0e\u6211\u4e8e\u6625\u68a6\u4e00\u6e38\uff1f|[spread] p2a,p2b\n|-heal|p2a: \u514b\u96f7\u80fd\u5426\u4e0e\u6211\u4e8e\u6625\u68a6\u4e00\u6e38\uff1f|44\/100\n|move|p1b: Iron Hands|Drain Punch|p2b: \u4f60\u62cd\u4e00\uff0c\u6211\u62cd\u4e8c\uff0c\u5438\u53d6\u62f3\u6765\u4e92\u76f8\u5438\n|-damage|p2b: \u4f60\u62cd\u4e00\uff0c\u6211\u62cd\u4e8c\uff0c\u5438\u53d6\u62f3\u6765\u4e92\u76f8\u5438|79\/100\n|-heal|p1b: Iron Hands|68\/100|[from] drain|[of] p2b: \u4f60\u62cd\u4e00\uff0c\u6211\u62cd\u4e8c\uff0c\u5438\u53d6\u62f3\u6765\u4e92\u76f8\u5438\n|move|p2b: \u4f60\u62cd\u4e00\uff0c\u6211\u62cd\u4e8c\uff0c\u5438\u53d6\u62f3\u6765\u4e92\u76f8\u5438|Heavy Slam|p1a: Flutter Mane\n|-supereffective|p1a: Flutter Mane\n|-damage|p1a: Flutter Mane|0 fnt\n|faint|p1a: Flutter Mane\n|-end|p1a: Flutter Mane|Protosynthesis|[silent]\n|\n|upkeep\n|\n|t:|1700066186\n|switch|p1a: Landorus|Landorus-Therian, M|100\/100\n|-ability|p1a: Landorus|Intimidate|boost\n|-unboost|p2a: \u514b\u96f7\u80fd\u5426\u4e0e\u6211\u4e8e\u6625\u68a6\u4e00\u6e38\uff1f|atk|1\n|-unboost|p2b: \u4f60\u62cd\u4e00\uff0c\u6211\u62cd\u4e8c\uff0c\u5438\u53d6\u62f3\u6765\u4e92\u76f8\u5438|atk|1\n|turn|4\n|\n|t:|1700066202\n|move|p1a: Landorus|Stomping Tantrum|p2b: \u4f60\u62cd\u4e00\uff0c\u6211\u62cd\u4e8c\uff0c\u5438\u53d6\u62f3\u6765\u4e92\u76f8\u5438\n|-supereffective|p2b: \u4f60\u62cd\u4e00\uff0c\u6211\u62cd\u4e8c\uff0c\u5438\u53d6\u62f3\u6765\u4e92\u76f8\u5438\n|-damage|p2b: \u4f60\u62cd\u4e00\uff0c\u6211\u62cd\u4e8c\uff0c\u5438\u53d6\u62f3\u6765\u4e92\u76f8\u5438|16\/100\n|move|p2a: \u514b\u96f7\u80fd\u5426\u4e0e\u6211\u4e8e\u6625\u68a6\u4e00\u6e38\uff1f|Lunar Blessing|p2a: \u514b\u96f7\u80fd\u5426\u4e0e\u6211\u4e8e\u6625\u68a6\u4e00\u6e38\uff1f|[spread] p2a,p2b\n|-heal|p2a: \u514b\u96f7\u80fd\u5426\u4e0e\u6211\u4e8e\u6625\u68a6\u4e00\u6e38\uff1f|69\/100\n|-heal|p2b: \u4f60\u62cd\u4e00\uff0c\u6211\u62cd\u4e8c\uff0c\u5438\u53d6\u62f3\u6765\u4e92\u76f8\u5438|41\/100\n|move|p1b: Iron Hands|Heavy Slam|p2a: \u514b\u96f7\u80fd\u5426\u4e0e\u6211\u4e8e\u6625\u68a6\u4e00\u6e38\uff1f\n|-damage|p2a: \u514b\u96f7\u80fd\u5426\u4e0e\u6211\u4e8e\u6625\u68a6\u4e00\u6e38\uff1f|53\/100\n|-damage|p1b: Iron Hands|52\/100|[from] item: Rocky Helmet|[of] p2a: \u514b\u96f7\u80fd\u5426\u4e0e\u6211\u4e8e\u6625\u68a6\u4e00\u6e38\uff1f\n|move|p2b: \u4f60\u62cd\u4e00\uff0c\u6211\u62cd\u4e8c\uff0c\u5438\u53d6\u62f3\u6765\u4e92\u76f8\u5438|Volt Switch|p1b: Iron Hands\n|-resisted|p1b: Iron Hands\n|-damage|p1b: Iron Hands|48\/100\n|\n|t:|1700066216\n|-end|p2b: \u4f60\u62cd\u4e00\uff0c\u6211\u62cd\u4e8c\uff0c\u5438\u53d6\u62f3\u6765\u4e92\u76f8\u5438|Quark Drive|[silent]\n|switch|p2b: \u5a01\u5413No.2|Landorus-Therian, M|100\/100|[from] Volt Switch\n|-ability|p2b: \u5a01\u5413No.2|Intimidate|boost\n|-unboost|p1a: Landorus|atk|1\n|-unboost|p1b: Iron Hands|atk|1\n|\n|upkeep\n|turn|5\n|\n|t:|1700066231\n|move|p2b: \u5a01\u5413No.2|Rock Slide|p1b: Iron Hands|[spread] p1a,p1b\n|-resisted|p1b: Iron Hands\n|-damage|p1a: Landorus|75\/100\n|-damage|p1b: Iron Hands|41\/100\n|move|p1a: Landorus|Stomping Tantrum|p2a: \u514b\u96f7\u80fd\u5426\u4e0e\u6211\u4e8e\u6625\u68a6\u4e00\u6e38\uff1f\n|-immune|p2a: \u514b\u96f7\u80fd\u5426\u4e0e\u6211\u4e8e\u6625\u68a6\u4e00\u6e38\uff1f|[from] ability: Levitate\n|move|p2a: \u514b\u96f7\u80fd\u5426\u4e0e\u6211\u4e8e\u6625\u68a6\u4e00\u6e38\uff1f|Calm Mind|p2a: \u514b\u96f7\u80fd\u5426\u4e0e\u6211\u4e8e\u6625\u68a6\u4e00\u6e38\uff1f\n|-boost|p2a: \u514b\u96f7\u80fd\u5426\u4e0e\u6211\u4e8e\u6625\u68a6\u4e00\u6e38\uff1f|spa|1\n|-boost|p2a: \u514b\u96f7\u80fd\u5426\u4e0e\u6211\u4e8e\u6625\u68a6\u4e00\u6e38\uff1f|spd|1\n|move|p1b: Iron Hands|Drain Punch|p2b: \u5a01\u5413No.2\n|-resisted|p2b: \u5a01\u5413No.2\n|-damage|p2b: \u5a01\u5413No.2|89\/100\n|-heal|p1b: Iron Hands|46\/100|[from] drain|[of] p2b: \u5a01\u5413No.2\n|\n|upkeep\n|turn|6\n|\n|t:|1700066252\n|switch|p1a: Amoonguss|Amoonguss, M|100\/100\n|-end|p1b: Iron Hands|Quark Drive|[silent]\n|switch|p1b: Iron Bundle|Iron Bundle|100\/100\n|move|p2b: \u5a01\u5413No.2|Rock Slide|p1a: Amoonguss|[spread] p1b\n|-miss|p2b: \u5a01\u5413No.2|p1a: Amoonguss\n|-supereffective|p1b: Iron Bundle\n|-damage|p1b: Iron Bundle|46\/100\n|move|p2a: \u514b\u96f7\u80fd\u5426\u4e0e\u6211\u4e8e\u6625\u68a6\u4e00\u6e38\uff1f|Calm Mind|p2a: \u514b\u96f7\u80fd\u5426\u4e0e\u6211\u4e8e\u6625\u68a6\u4e00\u6e38\uff1f\n|-boost|p2a: \u514b\u96f7\u80fd\u5426\u4e0e\u6211\u4e8e\u6625\u68a6\u4e00\u6e38\uff1f|spa|1\n|-boost|p2a: \u514b\u96f7\u80fd\u5426\u4e0e\u6211\u4e8e\u6625\u68a6\u4e00\u6e38\uff1f|spd|1\n|\n|upkeep\n|turn|7\n|\n|t:|1700066273\n|switch|p2b: \u53d1\u59d0\u5929\u4e0b\u65e0\u654c|Flutter Mane|100\/100\n|-enditem|p2b: \u53d1\u59d0\u5929\u4e0b\u65e0\u654c|Booster Energy\n|-activate|p2b: \u53d1\u59d0\u5929\u4e0b\u65e0\u654c|ability: Protosynthesis|[fromitem]\n|-start|p2b: \u53d1\u59d0\u5929\u4e0b\u65e0\u654c|protosynthesisspe\n|move|p1b: Iron Bundle|Freeze-Dry|p2b: \u53d1\u59d0\u5929\u4e0b\u65e0\u654c\n|-crit|p2b: \u53d1\u59d0\u5929\u4e0b\u65e0\u654c\n|-damage|p2b: \u53d1\u59d0\u5929\u4e0b\u65e0\u654c|49\/100\n|move|p2a: \u514b\u96f7\u80fd\u5426\u4e0e\u6211\u4e8e\u6625\u68a6\u4e00\u6e38\uff1f|Energy Ball|p1b: Iron Bundle\n|-supereffective|p1b: Iron Bundle\n|-damage|p1b: Iron Bundle|0 fnt\n|faint|p1b: Iron Bundle\n|-end|p1b: Iron Bundle|Quark Drive|[silent]\n|move|p1a: Amoonguss|Spore|p2a: \u514b\u96f7\u80fd\u5426\u4e0e\u6211\u4e8e\u6625\u68a6\u4e00\u6e38\uff1f\n|-status|p2a: \u514b\u96f7\u80fd\u5426\u4e0e\u6211\u4e8e\u6625\u68a6\u4e00\u6e38\uff1f|slp|[from] move: Spore\n|\n|upkeep\n|\n|t:|1700066287\n|switch|p1b: Chi-Yu|Chi-Yu|100\/100\n|-ability|p1b: Chi-Yu|Beads of Ruin\n|turn|8\n|\n|t:|1700066308\n|switch|p2a: \u5de7\u514b\u529b\u9762\u5305|Ting-Lu|100\/100\n|-ability|p2a: \u5de7\u514b\u529b\u9762\u5305|Vessel of Ruin\n|-terastallize|p1b: Chi-Yu|Dark\n|move|p2b: \u53d1\u59d0\u5929\u4e0b\u65e0\u654c|Protect|p2b: \u53d1\u59d0\u5929\u4e0b\u65e0\u654c\n|-singleturn|p2b: \u53d1\u59d0\u5929\u4e0b\u65e0\u654c|Protect\n|move|p1a: Amoonguss|Protect|p1a: Amoonguss\n|-singleturn|p1a: Amoonguss|Protect\n|move|p1b: Chi-Yu|Snarl|p2b: \u53d1\u59d0\u5929\u4e0b\u65e0\u654c|[spread] p2a\n|-activate|p2b: \u53d1\u59d0\u5929\u4e0b\u65e0\u654c|move: Protect\n|-resisted|p2a: \u5de7\u514b\u529b\u9762\u5305\n|-damage|p2a: \u5de7\u514b\u529b\u9762\u5305|89\/100\n|-unboost|p2a: \u5de7\u514b\u529b\u9762\u5305|spa|1\n|\n|upkeep\n|turn|9\n|\n|t:|1700066329\n|-end|p2b: \u53d1\u59d0\u5929\u4e0b\u65e0\u654c|Protosynthesis|[silent]\n|switch|p2b: \u5df2\u5931\u4e00\u523b\uff0c\u4e00\u523b\u4e00\u523b\u4e00\u523b\uff01|Sinistcha-Masterpiece|100\/100\n|-heal|p2a: \u5de7\u514b\u529b\u9762\u5305|100\/100|[from] ability: Hospitality|[of] p2b: \u5df2\u5931\u4e00\u523b\uff0c\u4e00\u523b\u4e00\u523b\u4e00\u523b\uff01\n|move|p1b: Chi-Yu|Snarl|p2b: \u5df2\u5931\u4e00\u523b\uff0c\u4e00\u523b\u4e00\u523b\u4e00\u523b\uff01|[spread] p2a,p2b\n|-resisted|p2a: \u5de7\u514b\u529b\u9762\u5305\n|-supereffective|p2b: \u5df2\u5931\u4e00\u523b\uff0c\u4e00\u523b\u4e00\u523b\u4e00\u523b\uff01\n|-damage|p2a: \u5de7\u514b\u529b\u9762\u5305|89\/100\n|-damage|p2b: \u5df2\u5931\u4e00\u523b\uff0c\u4e00\u523b\u4e00\u523b\u4e00\u523b\uff01|12\/100\n|-unboost|p2a: \u5de7\u514b\u529b\u9762\u5305|spa|1\n|-unboost|p2b: \u5df2\u5931\u4e00\u523b\uff0c\u4e00\u523b\u4e00\u523b\u4e00\u523b\uff01|spa|1\n|move|p2a: \u5de7\u514b\u529b\u9762\u5305|Earthquake|p1b: Chi-Yu|[spread] p2b,p1a,p1b\n|-resisted|p2b: \u5df2\u5931\u4e00\u523b\uff0c\u4e00\u523b\u4e00\u523b\u4e00\u523b\uff01\n|-damage|p2b: \u5df2\u5931\u4e00\u523b\uff0c\u4e00\u523b\u4e00\u523b\u4e00\u523b\uff01|0 fnt\n|-damage|p1a: Amoonguss|46\/100\n|-damage|p1b: Chi-Yu|3\/100\n|faint|p2b: \u5df2\u5931\u4e00\u523b\uff0c\u4e00\u523b\u4e00\u523b\u4e00\u523b\uff01\n|move|p1a: Amoonguss|Spore|p2a: \u5de7\u514b\u529b\u9762\u5305\n|-status|p2a: \u5de7\u514b\u529b\u9762\u5305|slp|[from] move: Spore\n|\n|upkeep\n|\n|t:|1700066353\n|switch|p2b: \u5a01\u5413No.2|Landorus-Therian, M|89\/100\n|-ability|p2b: \u5a01\u5413No.2|Intimidate|boost\n|-unboost|p1a: Amoonguss|atk|1\n|-unboost|p1b: Chi-Yu|atk|1\n|turn|10\n|\n|t:|1700066369\n|switch|p1b: Iron Hands|Iron Hands|46\/100\n|-terastallize|p2b: \u5a01\u5413No.2|Flying\n|move|p2b: \u5a01\u5413No.2|Tera Blast|p1a: Amoonguss|[anim] Tera Blast Flying\n|-supereffective|p1a: Amoonguss\n|-damage|p1a: Amoonguss|0 fnt\n|faint|p1a: Amoonguss\n|cant|p2a: \u5de7\u514b\u529b\u9762\u5305|slp\n|\n|upkeep\n|\n|t:|1700066378\n|switch|p1a: Landorus|Landorus-Therian, M|75\/100\n|-ability|p1a: Landorus|Intimidate|boost\n|-unboost|p2a: \u5de7\u514b\u529b\u9762\u5305|atk|1\n|-unboost|p2b: \u5a01\u5413No.2|atk|1\n|turn|11\n|\n|t:|1700066388\n|switch|p2b: \u514b\u96f7\u80fd\u5426\u4e0e\u6211\u4e8e\u6625\u68a6\u4e00\u6e38\uff1f|Cresselia, F|53\/100 slp\n|move|p1a: Landorus|Rock Slide|p2a: \u5de7\u514b\u529b\u9762\u5305|[spread] p2a\n|-miss|p1a: Landorus|p2b: \u514b\u96f7\u80fd\u5426\u4e0e\u6211\u4e8e\u6625\u68a6\u4e00\u6e38\uff1f\n|-resisted|p2a: \u5de7\u514b\u529b\u9762\u5305\n|-damage|p2a: \u5de7\u514b\u529b\u9762\u5305|81\/100 slp\n|move|p1b: Iron Hands|Drain Punch|p2a: \u5de7\u514b\u529b\u9762\u5305\n|-supereffective|p2a: \u5de7\u514b\u529b\u9762\u5305\n|-damage|p2a: \u5de7\u514b\u529b\u9762\u5305|25\/100 slp\n|-heal|p1b: Iron Hands|72\/100|[from] drain|[of] p2a: \u5de7\u514b\u529b\u9762\u5305\n|-curestatus|p2a: \u5de7\u514b\u529b\u9762\u5305|slp|[msg]\n|move|p2a: \u5de7\u514b\u529b\u9762\u5305|Earthquake|p1a: Landorus|[spread] p1b\n|-immune|p2b: \u514b\u96f7\u80fd\u5426\u4e0e\u6211\u4e8e\u6625\u68a6\u4e00\u6e38\uff1f|[from] ability: Levitate\n|-immune|p1a: Landorus\n|-supereffective|p1b: Iron Hands\n|-damage|p1b: Iron Hands|18\/100\n|\n|upkeep\n|turn|12\n|\n|t:|1700066411\n|switch|p2a: \u5a01\u5413No.2|Landorus-Therian, M, tera:Flying|89\/100\n|-ability|p2a: \u5a01\u5413No.2|Intimidate|boost\n|-unboost|p1a: Landorus|atk|1\n|-unboost|p1b: Iron Hands|atk|1\n|move|p1a: Landorus|Rock Slide|p2b: \u514b\u96f7\u80fd\u5426\u4e0e\u6211\u4e8e\u6625\u68a6\u4e00\u6e38\uff1f|[spread] p2a,p2b\n|-supereffective|p2a: \u5a01\u5413No.2\n|-damage|p2a: \u5a01\u5413No.2|58\/100\n|-damage|p2b: \u514b\u96f7\u80fd\u5426\u4e0e\u6211\u4e8e\u6625\u68a6\u4e00\u6e38\uff1f|43\/100 slp\n|cant|p2b: \u514b\u96f7\u80fd\u5426\u4e0e\u6211\u4e8e\u6625\u68a6\u4e00\u6e38\uff1f|slp\n|move|p1b: Iron Hands|Drain Punch|p2a: \u5a01\u5413No.2\n|-resisted|p2a: \u5a01\u5413No.2\n|-damage|p2a: \u5a01\u5413No.2|42\/100\n|-heal|p1b: Iron Hands|24\/100|[from] drain|[of] p2a: \u5a01\u5413No.2\n|\n|upkeep\n|turn|13\n|\n|t:|1700066432\n|move|p2a: \u5a01\u5413No.2|Tera Blast|p1b: Iron Hands|[anim] Tera Blast Flying\n|-damage|p1b: Iron Hands|0 fnt\n|faint|p1b: Iron Hands\n|-end|p1b: Iron Hands|Quark Drive|[silent]\n|move|p1a: Landorus|Rock Slide|p2a: \u5a01\u5413No.2|[spread] p2a\n|-miss|p1a: Landorus|p2b: \u514b\u96f7\u80fd\u5426\u4e0e\u6211\u4e8e\u6625\u68a6\u4e00\u6e38\uff1f\n|-supereffective|p2a: \u5a01\u5413No.2\n|-damage|p2a: \u5a01\u5413No.2|12\/100\n|cant|p2b: \u514b\u96f7\u80fd\u5426\u4e0e\u6211\u4e8e\u6625\u68a6\u4e00\u6e38\uff1f|slp\n|\n|upkeep\n|\n|t:|1700066441\n|switch|p1b: Chi-Yu|Chi-Yu, tera:Dark|3\/100\n|-ability|p1b: Chi-Yu|Beads of Ruin\n|turn|14\n|\n|t:|1700066455\n|move|p1b: Chi-Yu|Snarl|p2b: \u514b\u96f7\u80fd\u5426\u4e0e\u6211\u4e8e\u6625\u68a6\u4e00\u6e38\uff1f|[spread] p2a,p2b\n|-supereffective|p2b: \u514b\u96f7\u80fd\u5426\u4e0e\u6211\u4e8e\u6625\u68a6\u4e00\u6e38\uff1f\n|-damage|p2a: \u5a01\u5413No.2|0 fnt\n|-damage|p2b: \u514b\u96f7\u80fd\u5426\u4e0e\u6211\u4e8e\u6625\u68a6\u4e00\u6e38\uff1f|0 fnt\n|faint|p2a: \u5a01\u5413No.2\n|faint|p2b: \u514b\u96f7\u80fd\u5426\u4e0e\u6211\u4e8e\u6625\u68a6\u4e00\u6e38\uff1f\n|move|p1a: Landorus|Rock Slide|p2: \u5a01\u5413No.2|[notarget]\n|-fail|p1a: Landorus\n|\n|upkeep\n|\n|t:|1700066465\n|switch|p2a: \u4f60\u62cd\u4e00\uff0c\u6211\u62cd\u4e8c\uff0c\u5438\u53d6\u62f3\u6765\u4e92\u76f8\u5438|Iron Hands|41\/100\n|switch|p2b: \u53d1\u59d0\u5929\u4e0b\u65e0\u654c|Flutter Mane|49\/100\n|turn|15\n|\n|t:|1700066473\n|move|p2a: \u4f60\u62cd\u4e00\uff0c\u6211\u62cd\u4e8c\uff0c\u5438\u53d6\u62f3\u6765\u4e92\u76f8\u5438|Fake Out|p1b: Chi-Yu\n|-damage|p1b: Chi-Yu|0 fnt\n|faint|p1b: Chi-Yu\n|move|p1a: Landorus|Rock Slide|p2b: \u53d1\u59d0\u5929\u4e0b\u65e0\u654c|[spread] p2a,p2b\n|-resisted|p2a: \u4f60\u62cd\u4e00\uff0c\u6211\u62cd\u4e8c\uff0c\u5438\u53d6\u62f3\u6765\u4e92\u76f8\u5438\n|-damage|p2a: \u4f60\u62cd\u4e00\uff0c\u6211\u62cd\u4e8c\uff0c\u5438\u53d6\u62f3\u6765\u4e92\u76f8\u5438|36\/100\n|-damage|p2b: \u53d1\u59d0\u5929\u4e0b\u65e0\u654c|26\/100\n|move|p2b: \u53d1\u59d0\u5929\u4e0b\u65e0\u654c|Moonblast|p1a: Landorus\n|-crit|p1a: Landorus\n|-damage|p1a: Landorus|0 fnt\n|faint|p1a: Landorus\n|\n|win|OPieceOfHeroGhost\n|raw|PoliteGhost's rating: 1475 &rarr; <strong>1456<\/strong><br \/>(-19 for losing)\n|raw|OPieceOfHeroGhost's rating: 1484 &rarr; <strong>1503<\/strong><br \/>(+19 for winning)\n","uploadtime":1700066487,"views":6,"p1id":"politeghost","p2id":"opieceofheroghost","formatid":"gen9doublesou","rating":1456,"private":0,"password":""}