{"id":"gen9doublesou-1975620613","p1":"A company mon","p2":"chikistrainas","format":"[Gen 9] Doubles OU","log":"|j|\u2606A company mon\n|j|\u2606chikistrainas\n|t:|1698214358\n|gametype|doubles\n|player|p1|A company mon|harlequin|1095\n|player|p2|chikistrainas|colress|1000\n|teamsize|p1|6\n|teamsize|p2|6\n|gen|9\n|tier|[Gen 9] Doubles OU\n|rated|\n|rule|Species Clause: Limit one of each Pok\u00e9mon\n|rule|OHKO Clause: OHKO moves are banned\n|rule|Evasion Moves Clause: Evasion moves are banned\n|rule|Gravity Sleep Clause: The combination of sleep-inducing moves with imperfect accuracy and Gravity or Gigantamax Orbeetle are banned\n|rule|Endless Battle Clause: Forcing endless battles is banned\n|rule|HP Percentage Mod: HP is shown in percentages\n|clearpoke\n|poke|p1|Fezandipiti, M|\n|poke|p1|Milotic, F|\n|poke|p1|Illumise, F|\n|poke|p1|Scream Tail|\n|poke|p1|Grimmsnarl, M|\n|poke|p1|Golduck, F|\n|poke|p2|Gholdengo|\n|poke|p2|Medicham, M|\n|poke|p2|Gliscor, F|\n|poke|p2|Tinkaton, F|\n|poke|p2|Orthworm, M|\n|poke|p2|Hatterene, F|\n|teampreview\n|\n|t:|1698214377\n|start\n|switch|p1a: Fezandipiti|Fezandipiti, M|100\/100\n|switch|p1b: Illumise|Illumise, F|100\/100\n|switch|p2a: Tinkaton|Tinkaton, F, shiny|100\/100\n|switch|p2b: Pop|Medicham, M|100\/100\n|-item|p2a: Tinkaton|Air Balloon\n|turn|1\n|\n|t:|1698214400\n|move|p2a: Tinkaton|Fake Out|p1a: Fezandipiti\n|-damage|p1a: Fezandipiti|90\/100\n|cant|p1a: Fezandipiti|flinch\n|move|p1b: Illumise|Substitute|p1b: Illumise\n|-start|p1b: Illumise|Substitute\n|-damage|p1b: Illumise|76\/100\n|move|p2b: Pop|Skill Swap|p2a: Tinkaton\n|-activate|p2b: Pop|move: Skill Swap|||[of] p2a: Tinkaton\n|\n|upkeep\n|turn|2\n|\n|t:|1698214436\n|move|p1a: Fezandipiti|Attract|p2a: Tinkaton\n|-start|p2a: Tinkaton|Attract\n|move|p1b: Illumise|Bug Buzz|p2b: Pop\n|-damage|p2b: Pop|74\/100\n|-activate|p2a: Tinkaton|move: Attract|[of] p1a: Fezandipiti\n|move|p2a: Tinkaton|Gigaton Hammer|p1a: Fezandipiti\n|-supereffective|p1a: Fezandipiti\n|-damage|p1a: Fezandipiti|0 fnt\n|faint|p1a: Fezandipiti\n|-end|p2a: Tinkaton|Attract|[silent]\n|move|p2b: Pop|Trick Room|p2b: Pop\n|-fieldstart|move: Trick Room|[of] p2b: Pop\n|\n|upkeep\n|\n|t:|1698214453\n|switch|p1a: Milotic|Milotic, F|100\/100\n|turn|3\n|\n|t:|1698214483\n|move|p2a: Tinkaton|Protect|p2a: Tinkaton\n|-singleturn|p2a: Tinkaton|Protect\n|move|p2b: Pop|Skill Swap|p1b: Illumise\n|-activate|p2b: Pop|move: Skill Swap|Oblivious|Own Tempo|[of] p1b: Illumise\n|move|p1a: Milotic|Scald|p2a: Tinkaton\n|-activate|p2a: Tinkaton|move: Protect\n|move|p1b: Illumise|Baton Pass|p1b: Illumise\n|\n|t:|1698214493\n|switch|p1b: Golduck|Golduck, F|100\/100|[from] Baton Pass\n|-ability|p1b: Golduck|Cloud Nine\n|\n|upkeep\n|turn|4\n|\n|t:|1698214514\n|switch|p1a: Illumise|Illumise, F|76\/100\n|move|p2b: Pop|Helping Hand|p2a: Tinkaton\n|-singleturn|p2a: Tinkaton|Helping Hand|[of] p2b: Pop\n|move|p2a: Tinkaton|Gigaton Hammer|p1a: Illumise\n|-damage|p1a: Illumise|0 fnt\n|faint|p1a: Illumise\n|move|p1b: Golduck|Simple Beam|p2a: Tinkaton\n|-endability|p2a: Tinkaton|Pure Power|[from] move: Simple Beam\n|-ability|p2a: Tinkaton|Simple|[from] move: Simple Beam\n|\n|upkeep\n|\n|t:|1698214525\n|switch|p1a: Milotic|Milotic, F|100\/100\n|turn|5\n|\n|t:|1698214555\n|move|p2a: Tinkaton|Protect|p2a: Tinkaton\n|-singleturn|p2a: Tinkaton|Protect\n|move|p2b: Pop|Fake Out||[still]\n|-hint|Fake Out only works on your first turn out.\n|-fail|p2b: Pop\n|move|p1a: Milotic|Draining Kiss|p2b: Pop\n|-supereffective|p2b: Pop\n|-damage|p2b: Pop|40\/100\n|move|p1b: Golduck|Simple Beam|p2b: Pop\n|-endability|p2b: Pop|Oblivious|[from] move: Simple Beam\n|-ability|p2b: Pop|Simple|[from] move: Simple Beam\n|\n|upkeep\n|turn|6\n|\n|t:|1698214580\n|move|p2b: Pop|Helping Hand|p2a: Tinkaton\n|-singleturn|p2a: Tinkaton|Helping Hand|[of] p2b: Pop\n|move|p2a: Tinkaton|Gigaton Hammer|p1a: Milotic\n|-resisted|p1a: Milotic\n|-damage|p1a: Milotic|52\/100\n|move|p1a: Milotic|Scald|p2a: Tinkaton\n|-damage|p2a: Tinkaton|72\/100\n|-enditem|p2a: Tinkaton|Air Balloon\n|move|p1b: Golduck|Simple Beam|p1a: Milotic\n|-endability|p1a: Milotic|Competitive|[from] move: Simple Beam\n|-ability|p1a: Milotic|Simple|[from] move: Simple Beam\n|\n|-heal|p1a: Milotic|59\/100|[from] item: Leftovers\n|-fieldend|move: Trick Room\n|upkeep\n|turn|7\n|\n|t:|1698214604\n|switch|p1b: Scream Tail|Scream Tail|100\/100\n|-enditem|p1b: Scream Tail|Booster Energy\n|-activate|p1b: Scream Tail|ability: Protosynthesis|[fromitem]\n|-start|p1b: Scream Tail|protosynthesisspe\n|move|p2a: Tinkaton|Protect|p2a: Tinkaton\n|-singleturn|p2a: Tinkaton|Protect\n|move|p1a: Milotic|Draining Kiss|p2b: Pop\n|-supereffective|p2b: Pop\n|-damage|p2b: Pop|9\/100\n|-heal|p1a: Milotic|80\/100|[from] drain|[of] p2b: Pop\n|move|p2b: Pop|Trick Room|p2b: Pop\n|-fieldstart|move: Trick Room|[of] p2b: Pop\n|\n|-heal|p1a: Milotic|86\/100|[from] item: Leftovers\n|upkeep\n|turn|8\n|\n|t:|1698214628\n|-end|p1b: Scream Tail|Protosynthesis|[silent]\n|switch|p1b: Golduck|Golduck, F|100\/100\n|-ability|p1b: Golduck|Cloud Nine\n|move|p2b: Pop|Helping Hand|p2a: Tinkaton\n|-singleturn|p2a: Tinkaton|Helping Hand|[of] p2b: Pop\n|move|p2a: Tinkaton|Gigaton Hammer|p1b: Golduck\n|-resisted|p1b: Golduck\n|-damage|p1b: Golduck|53\/100\n|move|p1a: Milotic|Scald|p2a: Tinkaton\n|-damage|p2a: Tinkaton|43\/100\n|\n|-heal|p1a: Milotic|92\/100|[from] item: Leftovers\n|upkeep\n|turn|9\n|\n|t:|1698214653\n|move|p2b: Pop|Helping Hand|p2a: Tinkaton\n|-singleturn|p2a: Tinkaton|Helping Hand|[of] p2b: Pop\n|move|p2a: Tinkaton|Knock Off|p1b: Golduck\n|-damage|p1b: Golduck|12\/100\n|-enditem|p1b: Golduck|Choice Scarf|[from] move: Knock Off|[of] p2a: Tinkaton\n|move|p1a: Milotic|Draining Kiss|p2b: Pop\n|-supereffective|p2b: Pop\n|-damage|p2b: Pop|0 fnt\n|-heal|p1a: Milotic|98\/100|[from] drain|[of] p2b: Pop\n|faint|p2b: Pop\n|move|p1b: Golduck|Blizzard|p2a: Tinkaton\n|-resisted|p2a: Tinkaton\n|-damage|p2a: Tinkaton|30\/100\n|\n|-heal|p1a: Milotic|100\/100|[from] item: Leftovers\n|upkeep\n|-message|A company mon forfeited.\n|\n|win|chikistrainas\n|raw|A company mon's rating: 1095 &rarr; <strong>1064<\/strong><br \/>(-31 for losing)\n|raw|chikistrainas's rating: 1000 &rarr; <strong>1051<\/strong><br \/>(+51 for winning)\n|l|\u2606A company mon\n","uploadtime":1698214701,"views":22,"p1id":"acompanymon","p2id":"chikistrainas","formatid":"gen9doublesou","rating":1051,"private":0,"password":""}