{"id":"gen9doublesou-1988988138","p1":"Kaif\u2606\u5f61Plays\u2657","p2":"SMB","format":"[Gen 9] Doubles OU","log":"|j|\u2606Kaif\u2606\u5f61Plays\u2657\n|j|\u2606SMB\n|t:|1699798909\n|gametype|doubles\n|player|p1|Kaif\u2606\u5f61Plays\u2657|#wcop2023bangladesh|\n|player|p2|SMB|#dpl8ducks|\n|teamsize|p1|6\n|teamsize|p2|6\n|gen|9\n|tier|[Gen 9] Doubles OU\n|rule|Species Clause: Limit one of each Pok\u00e9mon\n|rule|OHKO Clause: OHKO moves are banned\n|rule|Evasion Moves Clause: Evasion moves are banned\n|rule|Gravity Sleep Clause: The combination of sleep-inducing moves with imperfect accuracy and Gravity or Gigantamax Orbeetle are banned\n|rule|Endless Battle Clause: Forcing endless battles is banned\n|rule|HP Percentage Mod: HP is shown in percentages\n|clearpoke\n|poke|p1|Diancie|\n|poke|p1|Roaring Moon|\n|poke|p1|Rillaboom, M|\n|poke|p1|Volcanion|\n|poke|p1|Weezing, F|\n|poke|p1|Flutter Mane|\n|poke|p2|Kommo-o, F|\n|poke|p2|Rillaboom, M|\n|poke|p2|Diancie|\n|poke|p2|Volcanion|\n|poke|p2|Landorus-Therian, M|\n|poke|p2|Flutter Mane|\n|teampreview\n|inactive|Battle timer is ON: inactive players will automatically lose when time's up. (requested by Kaif\u2606\u5f61Plays\u2657)\n|c|\u2606SMB|glhf\n|c|\u2606Kaif\u2606\u5f61Plays\u2657|hf\n|j| Raf\n|j|+Yoda2798\n|inactive|Kaif\u2606\u5f61Plays\u2657 has 270 seconds left.\n|inactive|SMB has 270 seconds left.\n|j| Voltiix\n|j| Aldrich\n|j| vuln bomb\n|c| Raf|kaif uwu\n|j| the JRL\n|j| Sirwings\n|j| santinii\n|j| eric versus\u30c4\n|inactive|Kaif\u2606\u5f61Plays\u2657 has 240 seconds left.\n|l| eric versus\u30c4\n|l| Sirwings\n|j| The healing place\n|j| eric versus\u30c4\n|j| DripLegend\n|inactive|Kaif\u2606\u5f61Plays\u2657 has 210 seconds left.\n|l| DripLegend\n|j| luisin\n|\n|t:|1699799027\n|start\n|switch|p1a: GOREX!!!!!|Roaring Moon|100\/100\n|switch|p1b: EMIL__WRLD|Rillaboom, M|100\/100\n|switch|p2a: Volcanion|Volcanion|100\/100\n|switch|p2b: Landorus|Landorus-Therian, M|100\/100\n|-ability|p2b: Landorus|Intimidate|boost\n|-unboost|p1a: GOREX!!!!!|atk|1\n|-unboost|p1b: EMIL__WRLD|atk|1\n|-fieldstart|move: Grassy Terrain|[from] ability: Grassy Surge|[of] p1b: EMIL__WRLD\n|-enditem|p1a: GOREX!!!!!|Booster Energy\n|-activate|p1a: GOREX!!!!!|ability: Protosynthesis|[fromitem]\n|-start|p1a: GOREX!!!!!|protosynthesisspe\n|turn|1\n|l| luisin\n|c| Raf|why did u slap nicknames on like u made this\n|inactive|Kaif\u2606\u5f61Plays\u2657 has 240 seconds left.\n|inactive|SMB has 270 seconds left.\n|c|\u2606Kaif\u2606\u5f61Plays\u2657|i did make this\n|c| Raf|o\n|c| The healing place|oof\n|j| Sirwings\n|inactive|Kaif\u2606\u5f61Plays\u2657 has 210 seconds left.\n|\n|t:|1699799093\n|switch|p1b: OWENJOHNSON|Volcanion|100\/100\n|move|p1a: GOREX!!!!!|Tailwind|p1a: GOREX!!!!!\n|-sidestart|p1: Kaif\u2606\u5f61Plays\u2657|move: Tailwind\n|move|p2b: Landorus|U-turn|p1a: GOREX!!!!!\n|-supereffective|p1a: GOREX!!!!!\n|-damage|p1a: GOREX!!!!!|38\/100\n|j| doubo poolparty\n|j|+Mizuhime\n|j| MADARAAAA\n|\n|t:|1699799105\n|switch|p2b: Flutter Mane|Flutter Mane|100\/100|[from] U-turn\n|move|p2a: Volcanion|Heat Wave|p1a: GOREX!!!!!|[spread] p1a,p1b\n|-resisted|p1a: GOREX!!!!!\n|-crit|p1a: GOREX!!!!!\n|-resisted|p1b: OWENJOHNSON\n|-damage|p1a: GOREX!!!!!|15\/100\n|-damage|p1b: OWENJOHNSON|91\/100\n|\n|-heal|p1a: GOREX!!!!!|21\/100|[from] Grassy Terrain\n|-heal|p1b: OWENJOHNSON|97\/100|[from] Grassy Terrain\n|upkeep\n|turn|2\n|inactive|SMB has 270 seconds left.\n|l| doubo poolparty\n|inactive|Kaif\u2606\u5f61Plays\u2657 has 210 seconds left.\n|c|+Mizuhime|cool avatar @ kaif\n|j| luisin\n|c|\u2606Kaif\u2606\u5f61Plays\u2657|u2\n|c| Aldrich|did i make the name\n|inactive|SMB has 240 seconds left.\n|c| Aldrich|:(\n|c| Raf|no shot\n|inactive|Kaif\u2606\u5f61Plays\u2657 has 180 seconds left.\n|l| Sirwings\n|inactive|SMB has 210 seconds left.\n|l| luisin\n|\n|t:|1699799208\n|move|p1a: GOREX!!!!!|Knock Off|p2b: Flutter Mane\n|-damage|p2b: Flutter Mane|47\/100\n|-enditem|p2b: Flutter Mane|Choice Specs|[from] move: Knock Off|[of] p1a: GOREX!!!!!\n|move|p1b: OWENJOHNSON|Steam Eruption|p2b: Flutter Mane\n|-damage|p2b: Flutter Mane|0 fnt\n|faint|p2b: Flutter Mane\n|-end|p2b: Flutter Mane|Protosynthesis|[silent]\n|move|p2a: Volcanion|Earth Power|p1b: OWENJOHNSON\n|-supereffective|p1b: OWENJOHNSON\n|-damage|p1b: OWENJOHNSON|42\/100\n|\n|-heal|p1a: GOREX!!!!!|27\/100|[from] Grassy Terrain\n|-heal|p1b: OWENJOHNSON|48\/100|[from] Grassy Terrain\n|upkeep\n|inactive|SMB has 180 seconds left.\n|j| luisin\n|\n|t:|1699799231\n|switch|p2b: Rillaboom|Rillaboom, M|100\/100\n|turn|3\n|inactive|Kaif\u2606\u5f61Plays\u2657 has 180 seconds left.\n|\n|t:|1699799262\n|move|p1b: OWENJOHNSON|Protect|p1b: OWENJOHNSON\n|-singleturn|p1b: OWENJOHNSON|Protect\n|move|p2b: Rillaboom|Fake Out|p1b: OWENJOHNSON\n|-activate|p1b: OWENJOHNSON|move: Protect\n|move|p1a: GOREX!!!!!|Knock Off|p2a: Volcanion\n|-damage|p2a: Volcanion|75\/100\n|-enditem|p2a: Volcanion|Leftovers|[from] move: Knock Off|[of] p1a: GOREX!!!!!\n|move|p2a: Volcanion|Earth Power|p1b: OWENJOHNSON\n|-activate|p1b: OWENJOHNSON|move: Protect\n|\n|-heal|p1a: GOREX!!!!!|33\/100|[from] Grassy Terrain\n|-heal|p1b: OWENJOHNSON|54\/100|[from] Grassy Terrain\n|-heal|p2a: Volcanion|81\/100|[from] Grassy Terrain\n|upkeep\n|turn|4\n|inactive|Kaif\u2606\u5f61Plays\u2657 has 180 seconds left.\n|inactive|SMB has 210 seconds left.\n|\n|t:|1699799280\n|move|p1a: GOREX!!!!!|Breaking Swipe|p2b: Rillaboom|[spread] p2a,p2b\n|-damage|p2a: Volcanion|67\/100\n|-damage|p2b: Rillaboom|85\/100\n|-unboost|p2a: Volcanion|atk|1\n|-unboost|p2b: Rillaboom|atk|1\n|move|p1b: OWENJOHNSON|Heat Wave|p2a: Volcanion|[spread] p2a,p2b\n|-resisted|p2a: Volcanion\n|-supereffective|p2b: Rillaboom\n|-damage|p2a: Volcanion|59\/100\n|-damage|p2b: Rillaboom|34\/100\n|move|p2b: Rillaboom|U-turn|p1a: GOREX!!!!!\n|-supereffective|p1a: GOREX!!!!!\n|-damage|p1a: GOREX!!!!!|0 fnt\n|faint|p1a: GOREX!!!!!\n|-end|p1a: GOREX!!!!!|Protosynthesis|[silent]\n|l| eric versus\u30c4\n|\n|t:|1699799301\n|switch|p2b: Kommo-o|Kommo-o, F|100\/100|[from] U-turn\n|move|p2a: Volcanion|Earth Power|p1b: OWENJOHNSON\n|-supereffective|p1b: OWENJOHNSON\n|-damage|p1b: OWENJOHNSON|0 fnt\n|faint|p1b: OWENJOHNSON\n|\n|-heal|p2a: Volcanion|65\/100|[from] Grassy Terrain\n|-sideend|p1: Kaif\u2606\u5f61Plays\u2657|move: Tailwind\n|upkeep\n|j| F3rrari450\n|j| SEROO\n|l|+Mizuhime\n|inactive|Kaif\u2606\u5f61Plays\u2657 has 150 seconds left.\n|j|+Mizuhime\n|\n|t:|1699799352\n|switch|p1a: alyssavgc fan|Flutter Mane|100\/100\n|switch|p1b: EMIL__WRLD|Rillaboom, M|100\/100\n|turn|5\n|inactive|Kaif\u2606\u5f61Plays\u2657 has 150 seconds left.\n|inactive|SMB has 210 seconds left.\n|\n|t:|1699799371\n|switch|p2a: Landorus|Landorus-Therian, M|100\/100\n|-ability|p2a: Landorus|Intimidate|boost\n|-unboost|p1a: alyssavgc fan|atk|1\n|-unboost|p1b: EMIL__WRLD|atk|1\n|move|p2b: Kommo-o|Protect|p2b: Kommo-o\n|-singleturn|p2b: Kommo-o|Protect\n|move|p1a: alyssavgc fan|Dazzling Gleam|p2b: Kommo-o|[spread] p2a\n|-activate|p2b: Kommo-o|move: Protect\n|-damage|p2a: Landorus|51\/100\n|move|p1b: EMIL__WRLD|Wood Hammer|p2a: Landorus\n|-damage|p2a: Landorus|0 fnt\n|faint|p2a: Landorus\n|-damage|p1b: EMIL__WRLD|86\/100|[from] Recoil\n|\n|-heal|p1b: EMIL__WRLD|92\/100|[from] Grassy Terrain\n|-fieldend|move: Grassy Terrain\n|upkeep\n|inactive|SMB has 210 seconds left.\n|\n|t:|1699799400\n|switch|p2a: Volcanion|Volcanion|65\/100\n|turn|6\n|inactive|SMB has 210 seconds left.\n|inactive|Kaif\u2606\u5f61Plays\u2657 has 150 seconds left.\n|inactive|Kaif\u2606\u5f61Plays\u2657 has 120 seconds left.\n|\n|t:|1699799467\n|-terastallize|p1a: alyssavgc fan|Fairy\n|-terastallize|p2b: Kommo-o|Fire\n|move|p2a: Volcanion|Protect|p2a: Volcanion\n|-singleturn|p2a: Volcanion|Protect\n|move|p1a: alyssavgc fan|Dazzling Gleam|p2b: Kommo-o|[spread] p2b\n|-activate|p2a: Volcanion|move: Protect\n|-resisted|p2b: Kommo-o\n|-damage|p2b: Kommo-o|78\/100\n|move|p2b: Kommo-o|Iron Defense|p2b: Kommo-o\n|-boost|p2b: Kommo-o|def|2\n|move|p1b: EMIL__WRLD|High Horsepower|p2a: Volcanion\n|-activate|p2a: Volcanion|move: Protect\n|\n|-heal|p2b: Kommo-o|84\/100|[from] item: Leftovers\n|upkeep\n|turn|7\n|inactive|Kaif\u2606\u5f61Plays\u2657 has 120 seconds left.\n|inactive|SMB has 210 seconds left.\n|inactive|Kaif\u2606\u5f61Plays\u2657 has 90 seconds left.\n|\n|t:|1699799511\n|switch|p2a: Rillaboom|Rillaboom, M|34\/100\n|-fieldstart|move: Grassy Terrain|[from] ability: Grassy Surge|[of] p2a: Rillaboom\n|move|p1a: alyssavgc fan|Dazzling Gleam|p2a: Rillaboom|[spread] p2a,p2b\n|-crit|p2a: Rillaboom\n|-resisted|p2b: Kommo-o\n|-damage|p2a: Rillaboom|0 fnt\n|-damage|p2b: Kommo-o|59\/100\n|faint|p2a: Rillaboom\n|move|p2b: Kommo-o|Body Press|p1b: EMIL__WRLD\n|-damage|p1b: EMIL__WRLD|26\/100\n|move|p1b: EMIL__WRLD|High Horsepower|p2b: Kommo-o\n|-supereffective|p2b: Kommo-o\n|-damage|p2b: Kommo-o|43\/100\n|\n|-heal|p2b: Kommo-o|50\/100|[from] Grassy Terrain\n|-heal|p2b: Kommo-o|56\/100|[from] item: Leftovers\n|-heal|p1b: EMIL__WRLD|32\/100|[from] Grassy Terrain\n|upkeep\n|l| luisin\n|\n|t:|1699799529\n|switch|p2a: Volcanion|Volcanion|65\/100\n|turn|8\n|j| luisin\n|inactive|SMB has 210 seconds left.\n|inactive|Kaif\u2606\u5f61Plays\u2657 has 90 seconds left.\n|inactive|Kaif\u2606\u5f61Plays\u2657 has 60 seconds left.\n|\n|t:|1699799597\n|move|p1a: alyssavgc fan|Dazzling Gleam|p2a: Volcanion|[spread] p2a,p2b\n|-resisted|p2a: Volcanion\n|-resisted|p2b: Kommo-o\n|-crit|p2b: Kommo-o\n|-damage|p2a: Volcanion|40\/100\n|-damage|p2b: Kommo-o|21\/100\n|move|p2b: Kommo-o|Body Press|p1b: EMIL__WRLD\n|-damage|p1b: EMIL__WRLD|0 fnt\n|faint|p1b: EMIL__WRLD\n|move|p2a: Volcanion|Steam Eruption|p1a: alyssavgc fan\n|-damage|p1a: alyssavgc fan|49\/100\n|-status|p1a: alyssavgc fan|brn\n|\n|-heal|p1a: alyssavgc fan|55\/100 brn|[from] Grassy Terrain\n|-heal|p2b: Kommo-o|28\/100|[from] Grassy Terrain\n|-heal|p2b: Kommo-o|34\/100|[from] item: Leftovers\n|-heal|p2a: Volcanion|46\/100|[from] Grassy Terrain\n|-damage|p1a: alyssavgc fan|49\/100 brn|[from] brn\n|upkeep\n|\n|t:|1699799613\n|switch|p1b: zack n jacob|Weezing, F|100\/100\n|-ability|p1b: zack n jacob|Neutralizing Gas\n|turn|9\n|inactive|Kaif\u2606\u5f61Plays\u2657 has 60 seconds left.\n|\n|t:|1699799633\n|move|p2b: Kommo-o|Protect|p2b: Kommo-o\n|-singleturn|p2b: Kommo-o|Protect\n|move|p2a: Volcanion|Protect|p2a: Volcanion\n|-singleturn|p2a: Volcanion|Protect\n|move|p1a: alyssavgc fan|Dazzling Gleam|p2b: Kommo-o|[spread] \n|-activate|p2a: Volcanion|move: Protect\n|-activate|p2b: Kommo-o|move: Protect\n|move|p1b: zack n jacob|Gunk Shot|p2a: Volcanion\n|-activate|p2a: Volcanion|move: Protect\n|\n|-heal|p1a: alyssavgc fan|55\/100 brn|[from] Grassy Terrain\n|-heal|p2b: Kommo-o|40\/100|[from] Grassy Terrain\n|-heal|p2b: Kommo-o|46\/100|[from] item: Leftovers\n|-heal|p2a: Volcanion|52\/100|[from] Grassy Terrain\n|-damage|p1a: alyssavgc fan|49\/100 brn|[from] brn\n|upkeep\n|turn|10\n|j| eric versus\u30c4\n|j| frania \u2654\n|inactive|SMB has 210 seconds left.\n|l| luisin\n|inactive|Kaif\u2606\u5f61Plays\u2657 has 60 seconds left.\n|inactive|SMB has 180 seconds left.\n|j| Sirwings\n|inactive|SMB has 150 seconds left.\n|j| luisin\n|inactive|SMB has 120 seconds left.\n|inactive|SMB has 90 seconds left.\n|\n|t:|1699799800\n|move|p1a: alyssavgc fan|Dazzling Gleam|p2b: Kommo-o|[spread] p2a,p2b\n|-resisted|p2a: Volcanion\n|-resisted|p2b: Kommo-o\n|-damage|p2a: Volcanion|26\/100\n|-damage|p2b: Kommo-o|24\/100\n|move|p2b: Kommo-o|Flamethrower|p1a: alyssavgc fan\n|-crit|p1a: alyssavgc fan\n|-damage|p1a: alyssavgc fan|2\/100 brn\n|move|p2a: Volcanion|Heat Wave|p1a: alyssavgc fan|[spread] p1b\n|-miss|p2a: Volcanion|p1a: alyssavgc fan\n|-damage|p1b: zack n jacob|63\/100\n|move|p1b: zack n jacob|Gunk Shot|p2a: Volcanion|[miss]\n|-miss|p1b: zack n jacob|p2a: Volcanion\n|\n|-heal|p1a: alyssavgc fan|8\/100 brn|[from] Grassy Terrain\n|-heal|p2b: Kommo-o|31\/100|[from] Grassy Terrain\n|-heal|p2b: Kommo-o|37\/100|[from] item: Leftovers\n|-heal|p2a: Volcanion|32\/100|[from] Grassy Terrain\n|-heal|p1b: zack n jacob|69\/100|[from] Grassy Terrain\n|-heal|p1b: zack n jacob|75\/100|[from] item: Leftovers\n|-damage|p1a: alyssavgc fan|2\/100 brn|[from] brn\n|upkeep\n|turn|11\n|inactive|SMB has 90 seconds left.\n|inactive|Kaif\u2606\u5f61Plays\u2657 has 30 seconds left.\n|inactive|SMB has 60 seconds left.\n|\n|t:|1699799859\n|move|p2b: Kommo-o|Protect|p2b: Kommo-o\n|-singleturn|p2b: Kommo-o|Protect\n|move|p2a: Volcanion|Protect|p2a: Volcanion\n|-singleturn|p2a: Volcanion|Protect\n|move|p1a: alyssavgc fan|Dazzling Gleam|p2b: Kommo-o|[spread] \n|-activate|p2a: Volcanion|move: Protect\n|-activate|p2b: Kommo-o|move: Protect\n|move|p1b: zack n jacob|Gunk Shot|p2a: Volcanion\n|-activate|p2a: Volcanion|move: Protect\n|\n|-heal|p1a: alyssavgc fan|8\/100 brn|[from] Grassy Terrain\n|-heal|p2b: Kommo-o|43\/100|[from] Grassy Terrain\n|-heal|p2b: Kommo-o|49\/100|[from] item: Leftovers\n|-heal|p2a: Volcanion|38\/100|[from] Grassy Terrain\n|-heal|p1b: zack n jacob|81\/100|[from] Grassy Terrain\n|-heal|p1b: zack n jacob|87\/100|[from] item: Leftovers\n|-damage|p1a: alyssavgc fan|2\/100 brn|[from] brn\n|-fieldend|move: Grassy Terrain\n|upkeep\n|turn|12\n|j| Jello1231\n|inactive|SMB has 60 seconds left.\n|\n|t:|1699799882\n|move|p1a: alyssavgc fan|Dazzling Gleam|p2a: Volcanion|[spread] p2a,p2b\n|-resisted|p2a: Volcanion\n|-resisted|p2b: Kommo-o\n|-damage|p2a: Volcanion|12\/100\n|-damage|p2b: Kommo-o|23\/100\n|move|p2b: Kommo-o|Flamethrower|p1b: zack n jacob\n|-damage|p1b: zack n jacob|55\/100\n|move|p2a: Volcanion|Earth Power|p1b: zack n jacob\n|-supereffective|p1b: zack n jacob\n|-damage|p1b: zack n jacob|0 fnt\n|faint|p1b: zack n jacob\n|-end|p1b: zack n jacob|ability: Neutralizing Gas\n|\n|-heal|p2b: Kommo-o|30\/100|[from] item: Leftovers\n|-damage|p1a: alyssavgc fan|0 fnt|[from] brn\n|faint|p1a: alyssavgc fan\n|-end|p1a: alyssavgc fan|Protosynthesis|[silent]\n|upkeep\n|inactive|Kaif\u2606\u5f61Plays\u2657 has 30 seconds left.\n|l| vuln bomb\n|\n|t:|1699799894\n|switch|p1b: DripLegend!|Diancie|100\/100\n|turn|13\n|\n|t:|1699799902\n|move|p2b: Kommo-o|Body Press|p1b: DripLegend!\n|-damage|p1b: DripLegend!|41\/100\n|move|p2a: Volcanion|Steam Eruption|p1b: DripLegend!\n|-supereffective|p1b: DripLegend!\n|-damage|p1b: DripLegend!|0 fnt\n|faint|p1b: DripLegend!\n|\n|win|SMB\n|c|\u2606Kaif\u2606\u5f61Plays\u2657|gg\n|c|\u2606SMB|gg\n|l| luisin\n|l| Raf\n|l| Sirwings\n|l| SEROO\n|j| Raf\n|l|\u2606Kaif\u2606\u5f61Plays\u2657\n|l| eric versus\u30c4\n|l| MADARAAAA\n|l| The healing place\n|l|+Mizuhime\n|l| Voltiix\n|l| Raf\n","uploadtime":1699799914,"views":122,"p1id":"kaifplays","p2id":"smb","formatid":"gen9doublesou","rating":0,"private":0,"password":""}