{"id":"gen9doublesou-1997275673","p1":"Reddypuller","p2":"Dingo Nut","format":"[Gen 9] Doubles OU","log":"|j|\u2606Reddypuller\n|j|\u2606Dingo Nut\n|t:|1700783465\n|gametype|doubles\n|player|p1|Reddypuller|102|1081\n|player|p2|Dingo Nut|2|1139\n|teamsize|p1|6\n|teamsize|p2|6\n|gen|9\n|tier|[Gen 9] Doubles OU\n|rated|\n|rule|Species Clause: Limit one of each Pok\u00e9mon\n|rule|OHKO Clause: OHKO moves are banned\n|rule|Evasion Moves Clause: Evasion moves are banned\n|rule|Gravity Sleep Clause: The combination of sleep-inducing moves with imperfect accuracy and Gravity or Gigantamax Orbeetle are banned\n|rule|Endless Battle Clause: Forcing endless battles is banned\n|rule|HP Percentage Mod: HP is shown in percentages\n|clearpoke\n|poke|p1|Grimmsnarl, M|\n|poke|p1|Goodra-Hisui, F|\n|poke|p1|Palafin, M|\n|poke|p1|Overqwil, F|\n|poke|p1|Bellibolt, F|\n|poke|p1|Raichu, F|\n|poke|p2|Regidrago|\n|poke|p2|Persian-Alola, M|\n|poke|p2|Ninetales-Alola, F|\n|poke|p2|Wo-Chien|\n|poke|p2|Sandslash-Alola, M|\n|poke|p2|Flutter Mane|\n|teampreview\n|inactive|Battle timer is ON: inactive players will automatically lose when time's up. (requested by Reddypuller)\n|\n|t:|1700783479\n|start\n|switch|p1a: Grimmsnarl|Grimmsnarl, M|100\/100\n|switch|p1b: Palafin|Palafin, M|100\/100\n|switch|p2a: Sandslash|Sandslash-Alola, M|100\/100\n|switch|p2b: Persian|Persian-Alola, M|100\/100\n|turn|1\n|\n|t:|1700783488\n|move|p2b: Persian|Fake Out|p1b: Palafin\n|-damage|p1b: Palafin|94\/100\n|move|p1a: Grimmsnarl|Parting Shot|p2a: Sandslash\n|-unboost|p2a: Sandslash|atk|1\n|-unboost|p2a: Sandslash|spa|1\n|\n|t:|1700783496\n|switch|p1a: Overqwil|Overqwil, F|100\/100|[from] Parting Shot\n|-ability|p1a: Overqwil|Intimidate|boost\n|-unboost|p2a: Sandslash|atk|1\n|-unboost|p2b: Persian|atk|1\n|cant|p1b: Palafin|flinch\n|move|p2a: Sandslash|Stealth Rock|p1b: Palafin\n|-sidestart|p1: Reddypuller|move: Stealth Rock\n|\n|upkeep\n|turn|2\n|inactive|Dingo Nut has 120 seconds left.\n|\n|t:|1700783538\n|move|p1b: Palafin|Icy Wind|p2a: Sandslash|[spread] p2a,p2b\n|-resisted|p2a: Sandslash\n|-damage|p2a: Sandslash|99\/100\n|-damage|p2b: Persian|94\/100\n|-unboost|p2a: Sandslash|spe|1\n|-unboost|p2b: Persian|spe|1\n|move|p1a: Overqwil|Acupressure|p1a: Overqwil\n|-boost|p1a: Overqwil|def|2\n|move|p2b: Persian|Knock Off|p1a: Overqwil\n|-resisted|p1a: Overqwil\n|-damage|p1a: Overqwil|97\/100\n|-enditem|p1a: Overqwil|Black Sludge|[from] move: Knock Off|[of] p2b: Persian\n|move|p2a: Sandslash|Earthquake|p1a: Overqwil|[spread] p2b,p1a,p1b\n|-supereffective|p1a: Overqwil\n|-damage|p2b: Persian|87\/100\n|-damage|p1a: Overqwil|86\/100\n|-damage|p1b: Palafin|80\/100\n|\n|upkeep\n|turn|3\n|inactive|Dingo Nut has 120 seconds left.\n|\n|t:|1700783564\n|switch|p2a: Wo-Chien|Wo-Chien|100\/100\n|-ability|p2a: Wo-Chien|Tablets of Ruin\n|move|p1b: Palafin|Tickle|p2a: Wo-Chien\n|-unboost|p2a: Wo-Chien|atk|1\n|-unboost|p2a: Wo-Chien|def|1\n|move|p1a: Overqwil|Acupressure|p1a: Overqwil\n|-boost|p1a: Overqwil|evasion|2\n|move|p2b: Persian|Parting Shot|p1a: Overqwil\n|-unboost|p1a: Overqwil|atk|1\n|-unboost|p1a: Overqwil|spa|1\n|\n|t:|1700783574\n|switch|p2b: Regidrago|Regidrago|100\/100|[from] Parting Shot\n|\n|upkeep\n|turn|4\n|\n|t:|1700783587\n|move|p1a: Overqwil|Protect|p1a: Overqwil\n|-singleturn|p1a: Overqwil|Protect\n|move|p1b: Palafin|Icy Wind|p2a: Wo-Chien|[spread] p2a,p2b\n|-supereffective|p2a: Wo-Chien\n|-supereffective|p2b: Regidrago\n|-damage|p2a: Wo-Chien|97\/100\n|-damage|p2b: Regidrago|90\/100\n|-unboost|p2a: Wo-Chien|spe|1\n|-unboost|p2b: Regidrago|spe|1\n|move|p2b: Regidrago|Dragon Energy|p1b: Palafin|[spread] p1b\n|-activate|p1a: Overqwil|move: Protect\n|-damage|p1b: Palafin|0 fnt\n|faint|p1b: Palafin\n|move|p2a: Wo-Chien|Energy Ball|p1a: Overqwil\n|-activate|p1a: Overqwil|move: Protect\n|\n|upkeep\n|\n|t:|1700783598\n|switch|p1b: Grimmsnarl|Grimmsnarl, M|100\/100\n|-damage|p1b: Grimmsnarl|88\/100|[from] Stealth Rock\n|turn|5\n|\n|t:|1700783627\n|move|p1b: Grimmsnarl|Parting Shot|p2b: Regidrago\n|-unboost|p2b: Regidrago|atk|1\n|-unboost|p2b: Regidrago|spa|1\n|inactive|Reddypuller has 120 seconds left.\n|\n|t:|1700783686\n|switch|p1b: Bellibolt|Bellibolt, F|100\/100|[from] Parting Shot\n|-damage|p1b: Bellibolt|88\/100|[from] Stealth Rock\n|move|p1a: Overqwil|Acupressure|p1a: Overqwil\n|-boost|p1a: Overqwil|accuracy|2\n|move|p2b: Regidrago|Dragon Energy|p1b: Bellibolt|[spread] p1a,p1b\n|-damage|p1a: Overqwil|42\/100\n|-damage|p1b: Bellibolt|53\/100\n|-start|p1b: Bellibolt|Charge|Dragon Energy|[from] ability: Electromorphosis\n|move|p2a: Wo-Chien|Pollen Puff|p2b: Regidrago\n|-heal|p2b: Regidrago|100\/100\n|\n|upkeep\n|turn|6\n|\n|t:|1700783712\n|move|p1a: Overqwil|Protect|p1a: Overqwil\n|-singleturn|p1a: Overqwil|Protect\n|move|p1b: Bellibolt|Sucker Punch|p2b: Regidrago\n|-damage|p2b: Regidrago|94\/100\n|move|p2b: Regidrago|Dragon Energy|p1a: Overqwil|[spread] p1b\n|-activate|p1a: Overqwil|move: Protect\n|-damage|p1b: Bellibolt|13\/100\n|-start|p1b: Bellibolt|Charge|Dragon Energy|[from] ability: Electromorphosis\n|-enditem|p1b: Bellibolt|Aguav Berry|[eat]\n|-heal|p1b: Bellibolt|46\/100|[from] item: Aguav Berry\n|move|p2a: Wo-Chien|Foul Play|p1a: Overqwil\n|-activate|p1a: Overqwil|move: Protect\n|\n|upkeep\n|turn|7\n|inactive|Reddypuller has 120 seconds left.\n|\n|t:|1700783732\n|move|p1a: Overqwil|Acupressure|p1a: Overqwil\n|-boost|p1a: Overqwil|atk|2\n|move|p2b: Regidrago|Dragon Energy|p1b: Bellibolt|[spread] p1a,p1b\n|-damage|p1a: Overqwil|0 fnt\n|-damage|p1b: Bellibolt|7\/100\n|-start|p1b: Bellibolt|Charge|Dragon Energy|[from] ability: Electromorphosis\n|faint|p1a: Overqwil\n|move|p1b: Bellibolt|Parabolic Charge|p2a: Wo-Chien|[spread] p2a,p2b\n|-resisted|p2a: Wo-Chien\n|-resisted|p2b: Regidrago\n|-damage|p2a: Wo-Chien|89\/100\n|-heal|p1b: Bellibolt|11\/100|[from] drain|[of] p2a: Wo-Chien\n|-damage|p2b: Regidrago|75\/100\n|-heal|p1b: Bellibolt|27\/100|[from] drain|[of] p2b: Regidrago\n|-end|p1b: Bellibolt|Charge|[silent]\n|move|p2a: Wo-Chien|Foul Play|p1b: Bellibolt\n|-damage|p1b: Bellibolt|10\/100\n|-start|p1b: Bellibolt|Charge|Foul Play|[from] ability: Electromorphosis\n|\n|upkeep\n|\n|t:|1700783749\n|switch|p1a: Raichu|Raichu, F|100\/100\n|-damage|p1a: Raichu|88\/100|[from] Stealth Rock\n|turn|8\n|inactive|Reddypuller has 120 seconds left.\n|\n|t:|1700783759\n|move|p1a: Raichu|Draining Kiss|p2b: Regidrago\n|-supereffective|p2b: Regidrago\n|-crit|p2b: Regidrago\n|-damage|p2b: Regidrago|40\/100\n|-heal|p1a: Raichu|100\/100|[from] drain|[of] p2b: Regidrago\n|move|p2b: Regidrago|Draco Meteor|p1a: Raichu\n|-damage|p1a: Raichu|20\/100\n|-unboost|p2b: Regidrago|spa|2\n|move|p1b: Bellibolt|Parabolic Charge|p2b: Regidrago|[spread] p2a,p2b\n|-ability|p1a: Raichu|Lightning Rod|boost\n|-boost|p1a: Raichu|spa|1\n|-resisted|p2a: Wo-Chien\n|-resisted|p2b: Regidrago\n|-damage|p2a: Wo-Chien|81\/100\n|-heal|p1b: Bellibolt|14\/100|[from] drain|[of] p2a: Wo-Chien\n|-damage|p2b: Regidrago|22\/100\n|-heal|p1b: Bellibolt|30\/100|[from] drain|[of] p2b: Regidrago\n|-end|p1b: Bellibolt|Charge|[silent]\n|move|p2a: Wo-Chien|Pollen Puff|p2b: Regidrago\n|-heal|p2b: Regidrago|72\/100\n|\n|upkeep\n|turn|9\n|\n|t:|1700783786\n|move|p1a: Raichu|Draining Kiss|p2b: Regidrago\n|-supereffective|p2b: Regidrago\n|-damage|p2b: Regidrago|37\/100\n|-heal|p1a: Raichu|81\/100|[from] drain|[of] p2b: Regidrago\n|move|p2b: Regidrago|Dragon Energy|p1b: Bellibolt|[spread] p1a,p1b\n|-damage|p1a: Raichu|66\/100\n|-damage|p1b: Bellibolt|21\/100\n|-start|p1b: Bellibolt|Charge|Dragon Energy|[from] ability: Electromorphosis\n|move|p1b: Bellibolt|Parabolic Charge|p2b: Regidrago|[spread] p2a,p2b\n|-ability|p1a: Raichu|Lightning Rod|boost\n|-boost|p1a: Raichu|spa|1\n|-resisted|p2a: Wo-Chien\n|-crit|p2a: Wo-Chien\n|-resisted|p2b: Regidrago\n|-damage|p2a: Wo-Chien|70\/100\n|-heal|p1b: Bellibolt|27\/100|[from] drain|[of] p2a: Wo-Chien\n|-damage|p2b: Regidrago|19\/100\n|-heal|p1b: Bellibolt|42\/100|[from] drain|[of] p2b: Regidrago\n|-end|p1b: Bellibolt|Charge|[silent]\n|move|p2a: Wo-Chien|Pollen Puff|p2b: Regidrago\n|-heal|p2b: Regidrago|69\/100\n|\n|upkeep\n|turn|10\n|\n|t:|1700783811\n|move|p1a: Raichu|Draining Kiss|p2b: Regidrago\n|-supereffective|p2b: Regidrago\n|-damage|p2b: Regidrago|24\/100\n|-heal|p1a: Raichu|100\/100|[from] drain|[of] p2b: Regidrago\n|move|p2b: Regidrago|Draco Meteor|p1a: Raichu\n|-damage|p1a: Raichu|55\/100\n|-unboost|p2b: Regidrago|spa|2\n|move|p1b: Bellibolt|Parabolic Charge|p2b: Regidrago|[spread] p2a,p2b\n|-ability|p1a: Raichu|Lightning Rod|boost\n|-boost|p1a: Raichu|spa|1\n|-resisted|p2a: Wo-Chien\n|-resisted|p2b: Regidrago\n|-damage|p2a: Wo-Chien|67\/100\n|-heal|p1b: Bellibolt|44\/100|[from] drain|[of] p2a: Wo-Chien\n|-damage|p2b: Regidrago|14\/100\n|-heal|p1b: Bellibolt|52\/100|[from] drain|[of] p2b: Regidrago\n|move|p2a: Wo-Chien|Mud-Slap|p1a: Raichu\n|-supereffective|p1a: Raichu\n|-damage|p1a: Raichu|41\/100\n|-unboost|p1a: Raichu|accuracy|1\n|\n|upkeep\n|turn|11\n|inactive|Reddypuller has 120 seconds left.\n|-enditem|p2b: Regidrago|Custap Berry|[eat]\n|-activate|p2b: Regidrago|item: Custap Berry|[consumed]\n|\n|t:|1700783855\n|move|p2b: Regidrago|Explosion|p1b: Bellibolt|[spread] p2a,p1a,p1b\n|-damage|p2a: Wo-Chien|38\/100\n|-damage|p1a: Raichu|5\/100\n|-damage|p1b: Bellibolt|34\/100\n|-start|p1b: Bellibolt|Charge|Explosion|[from] ability: Electromorphosis\n|faint|p2b: Regidrago\n|move|p1a: Raichu|Draining Kiss|p2a: Wo-Chien\n|-supereffective|p2a: Wo-Chien\n|-damage|p2a: Wo-Chien|18\/100\n|-heal|p1a: Raichu|28\/100|[from] drain|[of] p2a: Wo-Chien\n|move|p1b: Bellibolt|Parabolic Charge|p2a: Wo-Chien|[spread] p2a\n|-ability|p1a: Raichu|Lightning Rod|boost\n|-boost|p1a: Raichu|spa|1\n|-resisted|p2a: Wo-Chien\n|-damage|p2a: Wo-Chien|10\/100\n|-heal|p1b: Bellibolt|38\/100|[from] drain|[of] p2a: Wo-Chien\n|-end|p1b: Bellibolt|Charge|[silent]\n|move|p2a: Wo-Chien|Mud-Slap|p1a: Raichu\n|-supereffective|p1a: Raichu\n|-damage|p1a: Raichu|14\/100\n|-unboost|p1a: Raichu|accuracy|1\n|\n|upkeep\n|inactive|Dingo Nut has 120 seconds left.\n|\n|t:|1700783878\n|switch|p2b: Sandslash|Sandslash-Alola, M|99\/100\n|turn|12\n|inactive|Reddypuller has 120 seconds left.\n|\n|t:|1700783900\n|switch|p1a: Grimmsnarl|Grimmsnarl, M|88\/100\n|-damage|p1a: Grimmsnarl|76\/100|[from] Stealth Rock\n|switch|p2a: Ninetales|Ninetales-Alola, F|100\/100\n|-weather|Snow|[from] ability: Snow Warning|[of] p2a: Ninetales\n|move|p2b: Sandslash|Swords Dance|p2b: Sandslash\n|-boost|p2b: Sandslash|atk|2\n|move|p1b: Bellibolt|Parabolic Charge|p2b: Sandslash|[spread] p1a,p2a\n|-miss|p1b: Bellibolt|p2b: Sandslash\n|-damage|p1a: Grimmsnarl|54\/100\n|-heal|p1b: Bellibolt|48\/100|[from] drain|[of] p1a: Grimmsnarl\n|-damage|p2a: Ninetales|81\/100\n|-heal|p1b: Bellibolt|57\/100|[from] drain|[of] p2a: Ninetales\n|-enditem|p1a: Grimmsnarl|Red Card|[of] p1b: Bellibolt\n|drag|p1b: Raichu|Raichu, F|14\/100\n|-damage|p1b: Raichu|2\/100|[from] Stealth Rock\n|\n|-weather|Snow|[upkeep]\n|upkeep\n|turn|13\n|inactive|Reddypuller has 120 seconds left.\n|\n|t:|1700783943\n|-terastallize|p2b: Sandslash|Steel\n|move|p1a: Grimmsnarl|Parting Shot|p2b: Sandslash\n|-unboost|p2b: Sandslash|atk|1\n|-unboost|p2b: Sandslash|spa|1\n|\n|t:|1700783948\n|switch|p1a: Bellibolt|Bellibolt, F|57\/100|[from] Parting Shot\n|-damage|p1a: Bellibolt|45\/100|[from] Stealth Rock\n|move|p1b: Raichu|Nuzzle|p2a: Ninetales\n|-damage|p2a: Ninetales|76\/100\n|-status|p2a: Ninetales|par\n|move|p2b: Sandslash|Swords Dance|p2b: Sandslash\n|-boost|p2b: Sandslash|atk|2\n|move|p2a: Ninetales|Aurora Veil|p2a: Ninetales\n|-sidestart|p2: Dingo Nut|move: Aurora Veil\n|\n|-weather|Snow|[upkeep]\n|upkeep\n|turn|14\n|inactive|Reddypuller has 120 seconds left.\n|\n|t:|1700783973\n|move|p2a: Ninetales|Helping Hand|p2b: Sandslash\n|-singleturn|p2b: Sandslash|Helping Hand|[of] p2a: Ninetales\n|move|p1b: Raichu|Nuzzle|p2b: Sandslash\n|-damage|p2b: Sandslash|95\/100\n|-status|p2b: Sandslash|par\n|move|p1a: Bellibolt|Parabolic Charge|p2b: Sandslash|[spread] p2a\n|-ability|p1b: Raichu|Lightning Rod|boost\n|-boost|p1b: Raichu|spa|1\n|-miss|p1a: Bellibolt|p2b: Sandslash\n|-damage|p2a: Ninetales|63\/100 par\n|-heal|p1a: Bellibolt|51\/100|[from] drain|[of] p2a: Ninetales\n|cant|p2b: Sandslash|par\n|\n|-weather|Snow|[upkeep]\n|upkeep\n|turn|15\n|\n|t:|1700783992\n|move|p2a: Ninetales|Helping Hand|p2b: Sandslash\n|-singleturn|p2b: Sandslash|Helping Hand|[of] p2a: Ninetales\n|move|p1b: Raichu|Thunderbolt|p2b: Sandslash|[miss]\n|-miss|p1b: Raichu|p2b: Sandslash\n|move|p1a: Bellibolt|Soak|p2b: Sandslash\n|-fail|p2b: Sandslash\n|move|p2b: Sandslash|Earthquake|p1a: Bellibolt|[spread] p2a,p1a,p1b\n|-supereffective|p1a: Bellibolt\n|-supereffective|p1b: Raichu\n|-damage|p2a: Ninetales|17\/100 par\n|-damage|p1a: Bellibolt|0 fnt\n|-damage|p1b: Raichu|0 fnt\n|faint|p1a: Bellibolt\n|faint|p1b: Raichu\n|\n|-weather|Snow|[upkeep]\n|upkeep\n|inactive|Reddypuller has 120 seconds left.\n|\n|t:|1700784003\n|switch|p1b: Goodra|Goodra-Hisui, F|100\/100\n|switch|p1a: Grimmsnarl|Grimmsnarl, M|54\/100\n|-damage|p1b: Goodra|95\/100|[from] Stealth Rock\n|-damage|p1a: Grimmsnarl|42\/100|[from] Stealth Rock\n|turn|16\n|\n|t:|1700784014\n|-terastallize|p1b: Goodra|Flying\n|move|p1a: Grimmsnarl|Parting Shot|p2b: Sandslash\n|-unboost|p2b: Sandslash|atk|1\n|-unboost|p2b: Sandslash|spa|1\n|move|p1b: Goodra|Acid Armor|p1b: Goodra\n|-boost|p1b: Goodra|def|2\n|move|p2a: Ninetales|Dazzling Gleam|p1b: Goodra|[spread] p1a,p1b\n|-supereffective|p1a: Grimmsnarl\n|-damage|p1a: Grimmsnarl|0 fnt\n|-damage|p1b: Goodra|77\/100\n|faint|p1a: Grimmsnarl\n|move|p2b: Sandslash|Iron Head|p1b: Goodra\n|-damage|p1b: Goodra|27\/100\n|-damage|p2b: Sandslash|79\/100 par|[from] item: Rocky Helmet|[of] p1b: Goodra\n|-ability|p1b: Goodra|Gooey\n|-unboost|p2b: Sandslash|spe|1\n|\n|-weather|Snow|[upkeep]\n|upkeep\n|turn|17\n|\n|t:|1700784028\n|move|p1b: Goodra|Body Press|p2b: Sandslash\n|-supereffective|p2b: Sandslash\n|-damage|p2b: Sandslash|27\/100 par\n|move|p2a: Ninetales|Blizzard|p1b: Goodra\n|-supereffective|p1b: Goodra\n|-damage|p1b: Goodra|0 fnt\n|faint|p1b: Goodra\n|\n|win|Dingo Nut\n|raw|Reddypuller's rating: 1081 &rarr; <strong>1063<\/strong><br \/>(-18 for losing)\n|raw|Dingo Nut's rating: 1139 &rarr; <strong>1160<\/strong><br \/>(+21 for winning)\n|l|\u2606Reddypuller\n|c|\u2606Dingo Nut|ggwp\n","uploadtime":1700784447,"views":6,"p1id":"reddypuller","p2id":"dingonut","formatid":"gen9doublesou","rating":1063,"private":0,"password":""}