{"id":"gen9doublesou-1992706429","p1":"rasil chatta","p2":"SoloNecro","format":"[Gen 9] Doubles OU","log":"|j|\u2606rasil chatta\n|j|\u2606SoloNecro\n|t:|1700227465\n|gametype|doubles\n|player|p1|rasil chatta|265|\n|player|p2|SoloNecro|cynthia|\n|teamsize|p1|6\n|teamsize|p2|6\n|gen|9\n|tier|[Gen 9] Doubles OU\n|rule|Species Clause: Limit one of each Pok\u00e9mon\n|rule|OHKO Clause: OHKO moves are banned\n|rule|Evasion Moves Clause: Evasion moves are banned\n|rule|Gravity Sleep Clause: The combination of sleep-inducing moves with imperfect accuracy and Gravity or Gigantamax Orbeetle are banned\n|rule|Endless Battle Clause: Forcing endless battles is banned\n|rule|HP Percentage Mod: HP is shown in percentages\n|clearpoke\n|poke|p1|Volcarona, M|\n|poke|p1|Heracross, M|\n|poke|p1|Scizor, F|\n|poke|p1|Rabsca, M|\n|poke|p1|Kleavor, F|\n|poke|p1|Ribombee, M|\n|poke|p2|Ninetales-Alola, F|\n|poke|p2|Chien-Pao|\n|poke|p2|Cetitan, F|\n|poke|p2|Baxcalibur, F|\n|poke|p2|Mamoswine, F|\n|poke|p2|Sandslash-Alola, M|\n|teampreview\n|j| SD8008\n|\n|t:|1700227534\n|start\n|switch|p1a: sakshyam ko kal|Scizor, F|100\/100\n|switch|p1b: hatti kira|Heracross, M|100\/100\n|switch|p2a: Ninetales|Ninetales-Alola, F|100\/100\n|switch|p2b: Cetitan|Cetitan, F|100\/100\n|-weather|Snow|[from] ability: Snow Warning|[of] p2a: Ninetales\n|turn|1\n|inactive|Battle timer is ON: inactive players will automatically lose when time's up. (requested by SoloNecro)\n|\n|t:|1700227576\n|move|p1a: sakshyam ko kal|Bullet Punch|p2a: Ninetales\n|-supereffective|p2a: Ninetales\n|-damage|p2a: Ninetales|0 fnt\n|faint|p2a: Ninetales\n|move|p2b: Cetitan|Belly Drum|p2b: Cetitan\n|-damage|p2b: Cetitan|50\/100\n|-setboost|p2b: Cetitan|atk|6|[from] move: Belly Drum\n|-enditem|p2b: Cetitan|Sitrus Berry|[eat]\n|-heal|p2b: Cetitan|75\/100|[from] item: Sitrus Berry\n|move|p1b: hatti kira|Rock Slide|p2b: Cetitan\n|-supereffective|p2b: Cetitan\n|-damage|p2b: Cetitan|40\/100\n|\n|-weather|Snow|[upkeep]\n|upkeep\n|\n|t:|1700227601\n|switch|p2a: Mamoswine|Mamoswine, F|100\/100\n|turn|2\n|\n|t:|1700227618\n|move|p1a: sakshyam ko kal|Bullet Punch|p2b: Cetitan\n|-supereffective|p2b: Cetitan\n|-damage|p2b: Cetitan|0 fnt\n|faint|p2b: Cetitan\n|move|p1b: hatti kira|Rock Slide|p2a: Mamoswine\n|-damage|p2a: Mamoswine|81\/100\n|cant|p2a: Mamoswine|flinch\n|\n|-weather|Snow|[upkeep]\n|-heal|p2a: Mamoswine|87\/100|[from] item: Leftovers\n|upkeep\n|\n|t:|1700227629\n|switch|p2b: Chien-Pao|Chien-Pao|100\/100\n|-ability|p2b: Chien-Pao|Sword of Ruin\n|turn|3\n|inactive|rasil chatta has 270 seconds left.\n|inactive|SoloNecro has 270 seconds left.\n|\n|t:|1700227667\n|move|p1a: sakshyam ko kal|Bullet Punch|p2b: Chien-Pao\n|-supereffective|p2b: Chien-Pao\n|-damage|p2b: Chien-Pao|39\/100\n|move|p2b: Chien-Pao|Sacred Sword|p1a: sakshyam ko kal\n|-damage|p1a: sakshyam ko kal|24\/100\n|move|p1b: hatti kira|Rock Slide|p2a: Mamoswine|[spread] p2a,p2b\n|-supereffective|p2b: Chien-Pao\n|-damage|p2a: Mamoswine|66\/100\n|-damage|p2b: Chien-Pao|1\/100\n|move|p2a: Mamoswine|High Horsepower|p1a: sakshyam ko kal\n|-damage|p1a: sakshyam ko kal|0 fnt\n|faint|p1a: sakshyam ko kal\n|\n|-weather|Snow|[upkeep]\n|-heal|p2a: Mamoswine|73\/100|[from] item: Leftovers\n|upkeep\n|inactive|rasil chatta has 270 seconds left.\n|\n|t:|1700227701\n|switch|p1a: kalo kira|Volcarona, M|100\/100\n|turn|4\n|inactive|SoloNecro has 270 seconds left.\n|inactive|SoloNecro has 240 seconds left.\n|l| SD8008\n|inactive|SoloNecro has 210 seconds left.\n|\n|t:|1700227808\n|move|p1a: kalo kira|Protect|p1a: kalo kira\n|-singleturn|p1a: kalo kira|Protect\n|move|p2b: Chien-Pao|Sacred Sword|p1a: kalo kira\n|-activate|p1a: kalo kira|move: Protect\n|move|p1b: hatti kira|Rock Slide|p2b: Chien-Pao|[spread] p2a,p2b\n|-supereffective|p2b: Chien-Pao\n|-damage|p2a: Mamoswine|54\/100\n|-damage|p2b: Chien-Pao|0 fnt\n|faint|p2b: Chien-Pao\n|-ability|p1b: hatti kira|Moxie|boost\n|-boost|p1b: hatti kira|atk|1\n|move|p2a: Mamoswine|Rock Slide|p1b: hatti kira|[spread] p1b\n|-activate|p1a: kalo kira|move: Protect\n|-damage|p1b: hatti kira|73\/100\n|\n|-weather|Snow|[upkeep]\n|-heal|p2a: Mamoswine|60\/100|[from] item: Leftovers\n|upkeep\n|inactive|SoloNecro has 180 seconds left.\n|\n|t:|1700227828\n|switch|p2b: Sandslash|Sandslash-Alola, M|100\/100\n|turn|5\n|\n|t:|1700227853\n|move|p2b: Sandslash|Knock Off|p1a: kalo kira\n|-damage|p1a: kalo kira|60\/100\n|-enditem|p1a: kalo kira|Heavy-Duty Boots|[from] move: Knock Off|[of] p2b: Sandslash\n|move|p1b: hatti kira|Rock Slide|p2b: Sandslash|[spread] p2a,p2b\n|-damage|p2a: Mamoswine|38\/100\n|-damage|p2b: Sandslash|82\/100\n|move|p1a: kalo kira|Heat Wave|p2a: Mamoswine|[spread] p2a,p2b\n|-supereffective|p2a: Mamoswine\n|-supereffective|p2b: Sandslash\n|-damage|p2a: Mamoswine|0 fnt\n|-damage|p2b: Sandslash|0 fnt\n|faint|p2a: Mamoswine\n|faint|p2b: Sandslash\n|\n|-weather|none\n|upkeep\n|\n|t:|1700227867\n|switch|p2b: Baxcalibur|Baxcalibur, F|100\/100\n|turn|6\n|inactive|rasil chatta has 270 seconds left.\n|\n|t:|1700227914\n|-terastallize|p2b: Baxcalibur|Dragon\n|move|p1a: kalo kira|Protect|p1a: kalo kira\n|-singleturn|p1a: kalo kira|Protect\n|move|p1b: hatti kira|Rock Slide|p2b: Baxcalibur\n|-damage|p2b: Baxcalibur|58\/100\n|move|p2b: Baxcalibur|Scale Shot|p1a: kalo kira\n|-activate|p1a: kalo kira|move: Protect\n|\n|upkeep\n|turn|7\n|inactive|rasil chatta has 270 seconds left.\n|j| SD8008\n|\n|t:|1700227930\n|switch|p1b: manoj|Kleavor, F|100\/100\n|switch|p1a: Ribombee|Ribombee, M|100\/100\n|move|p2b: Baxcalibur|Scale Shot|p1a: Ribombee\n|-immune|p1a: Ribombee\n|\n|upkeep\n|turn|8\n|\n|t:|1700227947\n|move|p1a: Ribombee|Tailwind|p1a: Ribombee\n|-sidestart|p1: rasil chatta|move: Tailwind\n|move|p1b: manoj|X-Scissor|p2b: Baxcalibur\n|-damage|p2b: Baxcalibur|0 fnt\n|faint|p2b: Baxcalibur\n|\n|win|rasil chatta\n|l|\u2606rasil chatta\n|l|\u2606SoloNecro\n|j|\u2606rasil chatta\n|player|p1|rasil chatta|265\n","uploadtime":1700227965,"views":12,"p1id":"rasilchatta","p2id":"solonecro","formatid":"gen9doublesou","rating":0,"private":0,"password":""}