{"id":"gen9doublesou-1982090333","p1":"Mongoose556","p2":"Critian Caceorte","format":"[Gen 9] Doubles OU","log":"|j|\u2606Mongoose556\n|j|\u2606Critian Caceorte\n|t:|1698966849\n|gametype|doubles\n|player|p1|Mongoose556|may|1141\n|player|p2|Critian Caceorte|hilda|1037\n|teamsize|p1|6\n|teamsize|p2|6\n|gen|9\n|tier|[Gen 9] Doubles OU\n|rated|\n|rule|Species Clause: Limit one of each Pok\u00e9mon\n|rule|OHKO Clause: OHKO moves are banned\n|rule|Evasion Moves Clause: Evasion moves are banned\n|rule|Gravity Sleep Clause: The combination of sleep-inducing moves with imperfect accuracy and Gravity or Gigantamax Orbeetle are banned\n|rule|Endless Battle Clause: Forcing endless battles is banned\n|rule|HP Percentage Mod: HP is shown in percentages\n|clearpoke\n|poke|p1|Chandelure, M|\n|poke|p1|Polteageist|\n|poke|p1|Gengar, F|\n|poke|p1|Sableye, M|\n|poke|p1|Trevenant, F|\n|poke|p1|Oricorio-Sensu, F|\n|poke|p2|Zoroark-Hisui, F|\n|poke|p2|Ambipom, F|\n|poke|p2|Oranguru, M|\n|poke|p2|Slaking, F|\n|poke|p2|Tauros, M|\n|poke|p2|Maushold-Four|\n|teampreview\n|c|\u2606Mongoose556|Oh boy\n|\n|t:|1698966861\n|start\n|switch|p1a: Trog|Sableye, M|100\/100\n|switch|p1b: Birdbrains|Oricorio-Sensu, F, shiny|100\/100\n|switch|p2a: Oranguru|Oranguru, M|100\/100\n|switch|p2b: Slaking|Slaking, F|100\/100\n|turn|1\n|\n|t:|1698966874\n|move|p1a: Trog|Reflect|p1a: Trog\n|-sidestart|p1: Mongoose556|Reflect\n|move|p1b: Birdbrains|Tailwind|p1b: Birdbrains\n|-sidestart|p1: Mongoose556|move: Tailwind\n|move|p2b: Slaking|Rock Slide|p1a: Trog|[spread] p1a,p1b\n|-supereffective|p1b: Birdbrains\n|-damage|p1a: Trog|79\/100\n|-damage|p1b: Birdbrains|51\/100\n|move|p2a: Oranguru|Skill Swap|p2b: Slaking\n|-activate|p2a: Oranguru|move: Skill Swap|||[of] p2b: Slaking\n|\n|upkeep\n|turn|2\n|c|\u2606Critian Caceorte|Mono ghost vs mono normal huh\n|\n|t:|1698966900\n|move|p1b: Birdbrains|Air Slash|p2b: Slaking\n|-damage|p2b: Slaking|59\/100\n|-damage|p1b: Birdbrains|41\/100|[from] item: Life Orb\n|move|p1a: Trog|Lash Out|p2b: Slaking\n|-damage|p2b: Slaking|44\/100\n|move|p2b: Slaking|Rock Slide|p1b: Birdbrains|[spread] p1b\n|-miss|p2b: Slaking|p1a: Trog\n|-supereffective|p1b: Birdbrains\n|-damage|p1b: Birdbrains|0 fnt\n|faint|p1b: Birdbrains\n|cant|p2a: Oranguru|ability: Truant\n|\n|-heal|p2b: Slaking|50\/100|[from] item: Leftovers\n|upkeep\n|\n|t:|1698966917\n|switch|p1b: Arboreater|Trevenant, F, shiny|100\/100\n|turn|3\n|\n|t:|1698966928\n|move|p1b: Arboreater|Drain Punch|p2b: Slaking\n|-supereffective|p2b: Slaking\n|-damage|p2b: Slaking|17\/100\n|move|p1a: Trog|Lash Out|p2a: Oranguru\n|-supereffective|p2a: Oranguru\n|-crit|p2a: Oranguru\n|-damage|p2a: Oranguru|28\/100\n|move|p2b: Slaking|Earthquake|p1a: Trog|[spread] p2a,p1a,p1b\n|-resisted|p1b: Arboreater\n|-damage|p2a: Oranguru|0 fnt\n|-damage|p1a: Trog|52\/100\n|-damage|p1b: Arboreater|88\/100\n|faint|p2a: Oranguru\n|\n|-heal|p2b: Slaking|23\/100|[from] item: Leftovers\n|upkeep\n|c|\u2606Mongoose556|Neither of us get stab \ud83d\udc80\n|\n|t:|1698966942\n|switch|p2a: Maushold|Maushold-Four|100\/100\n|turn|4\n|\n|t:|1698966952\n|move|p2a: Maushold|Dark Pulse|p1b: Arboreater\n|-supereffective|p1b: Arboreater\n|-damage|p1b: Arboreater|26\/100\n|-enditem|p1b: Arboreater|Sitrus Berry|[eat]\n|-heal|p1b: Arboreater|51\/100|[from] item: Sitrus Berry\n|cant|p1b: Arboreater|flinch\n|move|p1a: Trog|Lash Out|p2a: Maushold\n|-supereffective|p2a: Maushold\n|-damage|p2a: Maushold|17\/100\n|replace|p2a: Zoroark|Zoroark-Hisui, F\n|-end|p2a: Zoroark|Illusion\n|move|p2b: Slaking|Rock Slide|p1a: Trog|[spread] p1a,p1b\n|-damage|p1a: Trog|30\/100\n|-damage|p1b: Arboreater|32\/100\n|\n|-heal|p2b: Slaking|29\/100|[from] item: Leftovers\n|-sideend|p1: Mongoose556|move: Tailwind\n|upkeep\n|turn|5\n|\n|t:|1698966970\n|move|p1a: Trog|Light Screen|p1a: Trog\n|-sidestart|p1: Mongoose556|move: Light Screen\n|move|p2a: Zoroark|Dark Pulse|p1b: Arboreater\n|-supereffective|p1b: Arboreater\n|-damage|p1b: Arboreater|0 fnt\n|faint|p1b: Arboreater\n|move|p2b: Slaking|Rock Slide|p1a: Trog\n|-damage|p1a: Trog|2\/100\n|\n|-heal|p2b: Slaking|35\/100|[from] item: Leftovers\n|upkeep\n|\n|t:|1698966977\n|switch|p1b: Blaze Brewer|Chandelure, M, shiny|100\/100\n|turn|6\n|\n|t:|1698966999\n|move|p1b: Blaze Brewer|Flamethrower|p2a: Zoroark\n|-damage|p2a: Zoroark|0 fnt\n|faint|p2a: Zoroark\n|move|p2b: Slaking|Rock Slide|p1b: Blaze Brewer|[spread] p1a,p1b\n|-supereffective|p1b: Blaze Brewer\n|-damage|p1a: Trog|0 fnt\n|-damage|p1b: Blaze Brewer|50\/100\n|faint|p1a: Trog\n|\n|-heal|p2b: Slaking|41\/100|[from] item: Leftovers\n|upkeep\n|\n|t:|1698967013\n|switch|p2a: Ambipom|Ambipom, F|100\/100\n|switch|p1a: Gengar|Gengar, F, shiny|100\/100\n|turn|7\n|\n|t:|1698967023\n|move|p1b: Blaze Brewer|Flamethrower|p2a: Ambipom\n|-damage|p2a: Ambipom|15\/100\n|move|p2a: Ambipom|U-turn|p1a: Gengar\n|-resisted|p1a: Gengar\n|-damage|p1a: Gengar|94\/100\n|\n|t:|1698967029\n|switch|p2a: Maushold|Maushold-Four|100\/100|[from] U-turn\n|move|p1a: Gengar|Sludge Bomb|p2b: Slaking\n|-damage|p2b: Slaking|0 fnt\n|faint|p2b: Slaking\n|\n|upkeep\n|\n|t:|1698967036\n|switch|p2b: Tauros|Tauros, M|100\/100\n|turn|8\n|\n|t:|1698967052\n|move|p2a: Maushold|Helping Hand|p2b: Tauros\n|-singleturn|p2b: Tauros|Helping Hand|[of] p2a: Maushold\n|move|p1b: Blaze Brewer|Flamethrower|p2b: Tauros\n|-damage|p2b: Tauros|17\/100\n|move|p1a: Gengar|Sludge Bomb|p2a: Maushold\n|-damage|p2a: Maushold|27\/100\n|-status|p2a: Maushold|psn\n|move|p2b: Tauros|Iron Head|p1a: Gengar\n|-damage|p1a: Gengar|7\/100\n|\n|-damage|p2a: Maushold|15\/100 psn|[from] psn\n|-sideend|p1: Mongoose556|Reflect\n|upkeep\n|turn|9\n|\n|t:|1698967068\n|move|p1b: Blaze Brewer|Flamethrower|p2b: Tauros\n|-damage|p2b: Tauros|0 fnt\n|faint|p2b: Tauros\n|move|p1a: Gengar|Dazzling Gleam|p2a: Maushold\n|-damage|p2a: Maushold|0 fnt\n|faint|p2a: Maushold\n|\n|upkeep\n|c|\u2606Mongoose556|Gg\n|\n|t:|1698967076\n|switch|p2b: Ambipom|Ambipom, F|15\/100\n|turn|10\n|\n|t:|1698967081\n|move|p1b: Blaze Brewer|Flamethrower|p2b: Ambipom\n|-damage|p2b: Ambipom|0 fnt\n|faint|p2b: Ambipom\n|\n|win|Mongoose556\n|raw|Mongoose556's rating: 1141 &rarr; <strong>1159<\/strong><br \/>(+18 for winning)\n|raw|Critian Caceorte's rating: 1037 &rarr; <strong>1026<\/strong><br \/>(-11 for losing)\n|c|\u2606Critian Caceorte|gg\n","uploadtime":1698967088,"views":31,"p1id":"mongoose556","p2id":"critiancaceorte","formatid":"gen9doublesou","rating":1026,"private":0,"password":""}