{"id":"gen9doublesou-1978817566","p1":"qsns","p2":"Yoda2798","format":"[Gen 9] Doubles OU","log":"|j|\u2606qsns\n|j|\u2606Yoda2798\n|t:|1698598782\n|gametype|doubles\n|player|p1|qsns|#nu|\n|player|p2|Yoda2798|unknown|\n|teamsize|p1|6\n|teamsize|p2|6\n|gen|9\n|tier|[Gen 9] Doubles OU\n|rule|Species Clause: Limit one of each Pok\u00e9mon\n|rule|OHKO Clause: OHKO moves are banned\n|rule|Evasion Moves Clause: Evasion moves are banned\n|rule|Gravity Sleep Clause: The combination of sleep-inducing moves with imperfect accuracy and Gravity or Gigantamax Orbeetle are banned\n|rule|Endless Battle Clause: Forcing endless battles is banned\n|rule|HP Percentage Mod: HP is shown in percentages\n|clearpoke\n|poke|p1|Iron Bundle|\n|poke|p1|Flutter Mane|\n|poke|p1|Ogerpon-Hearthflame, F|\n|poke|p1|Rillaboom, F|\n|poke|p1|Landorus-Therian, M|\n|poke|p1|Iron Hands|\n|poke|p2|Landorus-Therian, M|\n|poke|p2|Clefairy, M|\n|poke|p2|Flutter Mane|\n|poke|p2|Volcanion|\n|poke|p2|Kommo-o, M|\n|poke|p2|Rillaboom, F|\n|teampreview\n|inactive|Battle timer is ON: inactive players will automatically lose when time's up. (requested by qsns)\n|c|\u2606Yoda2798|glhf\n|c|\u2606Yoda2798|this visual bug is confusing\n|j| mishimono\n|inactive|qsns has 270 seconds left.\n|inactive|Yoda2798 has 270 seconds left.\n|c|\u2606qsns|if you ctrl f5 i think it should fix it?\n|c|\u2606qsns|hf\n|c|\u2606qsns|can stop timer if u want to try\n|c|\u2606Yoda2798|nah it's fine\n|c|\u2606qsns|okey\n|inactive|qsns has 240 seconds left.\n|inactive|Yoda2798 has 240 seconds left.\n|\n|t:|1698598855\n|start\n|switch|p1a: Flutter Mane|Flutter Mane|100\/100\n|switch|p1b: Landorus|Landorus-Therian, M|100\/100\n|switch|p2a: Landorus|Landorus-Therian, M|100\/100\n|switch|p2b: Kommo-o|Kommo-o, M|100\/100\n|-ability|p2a: Landorus|Intimidate|boost\n|-unboost|p1a: Flutter Mane|atk|1\n|-unboost|p1b: Landorus|atk|1\n|-ability|p1b: Landorus|Intimidate|boost\n|-unboost|p2a: Landorus|atk|1\n|-fail|p2b: Kommo-o|unboost|[from] item: Clear Amulet|[of] p2b: Kommo-o\n|turn|1\n|inactive|Yoda2798 has 270 seconds left.\n|inactive|Yoda2798 has 240 seconds left.\n|\n|t:|1698598929\n|move|p2b: Kommo-o|Protect|p2b: Kommo-o\n|-singleturn|p2b: Kommo-o|Protect\n|move|p2a: Landorus|U-turn|p1a: Flutter Mane\n|-resisted|p1a: Flutter Mane\n|-damage|p1a: Flutter Mane|92\/100\n|\n|t:|1698598941\n|switch|p2a: Rillaboom|Rillaboom, F|100\/100|[from] U-turn\n|-fieldstart|move: Grassy Terrain|[from] ability: Grassy Surge|[of] p2a: Rillaboom\n|move|p1a: Flutter Mane|Dazzling Gleam|p2a: Rillaboom|[spread] p2a\n|-activate|p2b: Kommo-o|move: Protect\n|-damage|p2a: Rillaboom|62\/100\n|move|p1b: Landorus|Stomping Tantrum|p2b: Kommo-o\n|-activate|p2b: Kommo-o|move: Protect\n|\n|-heal|p1a: Flutter Mane|98\/100|[from] Grassy Terrain\n|-heal|p2a: Rillaboom|68\/100|[from] Grassy Terrain\n|upkeep\n|turn|2\n|inactive|Yoda2798 has 240 seconds left.\n|inactive|qsns has 270 seconds left.\n|\n|t:|1698598978\n|switch|p1b: Iron Bundle|Iron Bundle|100\/100\n|-enditem|p1b: Iron Bundle|Booster Energy\n|-activate|p1b: Iron Bundle|ability: Quark Drive|[fromitem]\n|-start|p1b: Iron Bundle|quarkdrivespe\n|-terastallize|p2b: Kommo-o|Fire\n|move|p2a: Rillaboom|Fake Out|p1b: Iron Bundle\n|-damage|p1b: Iron Bundle|81\/100\n|move|p1a: Flutter Mane|Dazzling Gleam|p2b: Kommo-o|[spread] p2a,p2b\n|-resisted|p2b: Kommo-o\n|-damage|p2a: Rillaboom|29\/100\n|-damage|p2b: Kommo-o|75\/100\n|move|p2b: Kommo-o|Clangorous Soul|p2b: Kommo-o\n|-boost|p2b: Kommo-o|atk|1\n|-boost|p2b: Kommo-o|def|1\n|-boost|p2b: Kommo-o|spa|1\n|-boost|p2b: Kommo-o|spd|1\n|-boost|p2b: Kommo-o|spe|1\n|-damage|p2b: Kommo-o|42\/100\n|\n|-heal|p1b: Iron Bundle|87\/100|[from] Grassy Terrain\n|-heal|p2b: Kommo-o|48\/100|[from] Grassy Terrain\n|-heal|p1a: Flutter Mane|100\/100|[from] Grassy Terrain\n|-heal|p2a: Rillaboom|35\/100|[from] Grassy Terrain\n|upkeep\n|turn|3\n|inactive|Yoda2798 has 240 seconds left.\n|inactive|qsns has 270 seconds left.\n|\n|t:|1698599007\n|switch|p2a: Clefairy|Clefairy, M|100\/100\n|-terastallize|p1b: Iron Bundle|Ghost\n|move|p2b: Kommo-o|Protect|p2b: Kommo-o\n|-singleturn|p2b: Kommo-o|Protect\n|move|p1b: Iron Bundle|Freeze-Dry|p2a: Clefairy\n|-damage|p2a: Clefairy|69\/100\n|-status|p2a: Clefairy|frz\n|move|p1a: Flutter Mane|Dazzling Gleam|p2a: Clefairy|[spread] p2a\n|-activate|p2b: Kommo-o|move: Protect\n|-damage|p2a: Clefairy|29\/100 frz\n|\n|-heal|p1b: Iron Bundle|93\/100|[from] Grassy Terrain\n|-heal|p2b: Kommo-o|54\/100|[from] Grassy Terrain\n|-heal|p2a: Clefairy|35\/100 frz|[from] Grassy Terrain\n|upkeep\n|turn|4\n|c|\u2606Yoda2798|ouch\n|inactive|Yoda2798 has 240 seconds left.\n|inactive|qsns has 270 seconds left.\n|inactive|Yoda2798 has 210 seconds left.\n|inactive|Yoda2798 has 180 seconds left.\n|inactive|Yoda2798 has 150 seconds left.\n|\n|t:|1698599113\n|-curestatus|p2a: Clefairy|frz|[msg]\n|move|p2a: Clefairy|Follow Me|p2a: Clefairy\n|-singleturn|p2a: Clefairy|move: Follow Me\n|move|p1b: Iron Bundle|Hydro Pump|p2a: Clefairy|[miss]\n|-miss|p1b: Iron Bundle|p2a: Clefairy\n|move|p2b: Kommo-o|Clangorous Soul|p2b: Kommo-o\n|-boost|p2b: Kommo-o|atk|1\n|-boost|p2b: Kommo-o|def|1\n|-boost|p2b: Kommo-o|spa|1\n|-boost|p2b: Kommo-o|spd|1\n|-boost|p2b: Kommo-o|spe|1\n|-damage|p2b: Kommo-o|21\/100\n|move|p1a: Flutter Mane|Dazzling Gleam|p2a: Clefairy|[spread] p2a,p2b\n|-resisted|p2b: Kommo-o\n|-damage|p2a: Clefairy|0 fnt\n|-damage|p2b: Kommo-o|12\/100\n|faint|p2a: Clefairy\n|\n|-heal|p1b: Iron Bundle|99\/100|[from] Grassy Terrain\n|-heal|p2b: Kommo-o|18\/100|[from] Grassy Terrain\n|upkeep\n|inactive|Yoda2798 has 150 seconds left.\n|\n|t:|1698599147\n|switch|p2a: Flutter Mane|Flutter Mane|100\/100\n|turn|5\n|inactive|Yoda2798 has 120 seconds left.\n|\n|t:|1698599198\n|move|p1b: Iron Bundle|Protect|p1b: Iron Bundle\n|-singleturn|p1b: Iron Bundle|Protect\n|move|p2b: Kommo-o|Fire Punch|p1a: Flutter Mane\n|-damage|p1a: Flutter Mane|0 fnt\n|faint|p1a: Flutter Mane\n|-end|p1a: Flutter Mane|Protosynthesis|[silent]\n|move|p2a: Flutter Mane|Shadow Ball|p1b: Iron Bundle\n|-activate|p1b: Iron Bundle|move: Protect\n|\n|-heal|p1b: Iron Bundle|100\/100|[from] Grassy Terrain\n|-heal|p2b: Kommo-o|25\/100|[from] Grassy Terrain\n|-fieldend|move: Grassy Terrain\n|upkeep\n|\n|t:|1698599208\n|switch|p1a: Ogerpon|Ogerpon-Hearthflame, F|100\/100\n|-ability|p1a: Ogerpon|Mold Breaker\n|turn|6\n|inactive|Yoda2798 has 120 seconds left.\n|\n|t:|1698599244\n|move|p1b: Iron Bundle|Icy Wind|p2b: Kommo-o|[spread] p2b\n|-miss|p1b: Iron Bundle|p2a: Flutter Mane\n|-resisted|p2b: Kommo-o\n|-damage|p2b: Kommo-o|19\/100\n|move|p2b: Kommo-o|Drain Punch|p1a: Ogerpon\n|-damage|p1a: Ogerpon|11\/100\n|-heal|p2b: Kommo-o|70\/100|[from] drain|[of] p1a: Ogerpon\n|move|p2a: Flutter Mane|Shadow Ball|p1b: Iron Bundle\n|-supereffective|p1b: Iron Bundle\n|-damage|p1b: Iron Bundle|0 fnt\n|faint|p1b: Iron Bundle\n|-end|p1b: Iron Bundle|Quark Drive|[silent]\n|move|p1a: Ogerpon|Ivy Cudgel|p2a: Flutter Mane\n|-damage|p2a: Flutter Mane|0 fnt\n|faint|p2a: Flutter Mane\n|-end|p2a: Flutter Mane|Protosynthesis|[silent]\n|\n|upkeep\n|c|\u2606qsns|gg\n|-message|qsns forfeited.\n|\n|win|Yoda2798\n|c|\u2606Yoda2798|that was not a good game, sorry\n|c|\u2606qsns|kommoo does not lead to good games lmao\n|c|\u2606qsns|all g\n|c|\u2606qsns|xy next?\n|l|\u2606qsns\n|c|\u2606Yoda2798|if that is your tier, yes\n|j|+chemcoop\n|j| Raf\n|j|+Actuarily\n|l|+Actuarily\n|j|\u2606qsns\n|player|p1|qsns|#nu\n|l| mishimono\n|j| Nido-Rus\n|l|\u2606qsns\n|player|p1|\n|l| Raf\n|l|+chemcoop\n","uploadtime":1698599286,"views":47,"p1id":"qsns","p2id":"yoda2798","formatid":"gen9doublesou","rating":0,"private":0,"password":""}