{"id":"gen9doublesou-1994182486","p1":"mahameloplatano","p2":"hardengoat13","format":"[Gen 9] Doubles OU","log":"|j|\u2606mahameloplatano\n|j|\u2606hardengoat13\n|t:|1700416252\n|gametype|doubles\n|player|p1|mahameloplatano|170|1372\n|player|p2|hardengoat13|101|1514\n|teamsize|p1|6\n|teamsize|p2|6\n|gen|9\n|tier|[Gen 9] Doubles OU\n|rated|\n|rule|Species Clause: Limit one of each Pok\u00e9mon\n|rule|OHKO Clause: OHKO moves are banned\n|rule|Evasion Moves Clause: Evasion moves are banned\n|rule|Gravity Sleep Clause: The combination of sleep-inducing moves with imperfect accuracy and Gravity or Gigantamax Orbeetle are banned\n|rule|Endless Battle Clause: Forcing endless battles is banned\n|rule|HP Percentage Mod: HP is shown in percentages\n|clearpoke\n|poke|p1|Oranguru, F|\n|poke|p1|Farigiraf, F|\n|poke|p1|Amoonguss, M|\n|poke|p1|Diancie|\n|poke|p1|Chien-Pao|\n|poke|p1|Baxcalibur, M|\n|poke|p2|Torkoal, M|\n|poke|p2|Oranguru, M|\n|poke|p2|Brute Bonnet|\n|poke|p2|Flutter Mane|\n|poke|p2|Heatran, F|\n|poke|p2|Kleavor, F|\n|teampreview\n|inactive|Battle timer is ON: inactive players will automatically lose when time's up. (requested by hardengoat13)\n|inactive|mahameloplatano also wants the timer to be on.\n|\n|t:|1700416263\n|start\n|switch|p1a: Oranguru|Oranguru, F|100\/100\n|switch|p1b: Baxcalibur|Baxcalibur, M|100\/100\n|switch|p2a: Flutter Mane|Flutter Mane, shiny|100\/100\n|switch|p2b: Heatran|Heatran, F, shiny|100\/100\n|turn|1\n|\n|t:|1700416283\n|-terastallize|p1b: Baxcalibur|Ice\n|move|p2a: Flutter Mane|Imprison|p2a: Flutter Mane\n|-start|p2a: Flutter Mane|move: Imprison\n|move|p1b: Baxcalibur|Icicle Spear|p2a: Flutter Mane\n|-damage|p2a: Flutter Mane|62\/100\n|-damage|p2a: Flutter Mane|22\/100\n|-damage|p2a: Flutter Mane|0 fnt\n|faint|p2a: Flutter Mane\n|-end|p2a: Flutter Mane|Protosynthesis|[silent]\n|-hitcount|p2: Flutter Mane|3\n|move|p2b: Heatran|Heat Wave|p1a: Oranguru|[spread] p1a,p1b\n|-supereffective|p1b: Baxcalibur\n|-damage|p1a: Oranguru|68\/100\n|-damage|p1b: Baxcalibur|13\/100\n|-ability|p1b: Baxcalibur|Thermal Exchange|boost\n|-boost|p1b: Baxcalibur|atk|1\n|move|p1a: Oranguru|Trick Room|p1a: Oranguru\n|-fieldstart|move: Trick Room|[of] p1a: Oranguru\n|\n|upkeep\n|\n|t:|1700416299\n|switch|p2a: Torkoal|Torkoal, M, shiny|100\/100\n|-weather|SunnyDay|[from] ability: Drought|[of] p2a: Torkoal\n|turn|2\n|\n|t:|1700416313\n|switch|p1b: Diancie|Diancie|100\/100\n|move|p2a: Torkoal|Eruption|p1b: Diancie|[spread] p1a,p1b\n|-resisted|p1b: Diancie\n|-damage|p1a: Oranguru|8\/100\n|-damage|p1b: Diancie|70\/100\n|move|p1a: Oranguru|Future Sight|p2a: Torkoal\n|-start|p1a: Oranguru|move: Future Sight\n|move|p2b: Heatran|Flash Cannon|p1a: Oranguru\n|-damage|p1a: Oranguru|0 fnt\n|faint|p1a: Oranguru\n|\n|-weather|SunnyDay|[upkeep]\n|upkeep\n|\n|t:|1700416327\n|switch|p1a: Chien-Pao|Chien-Pao|100\/100\n|-ability|p1a: Chien-Pao|Sword of Ruin\n|turn|3\n|\n|t:|1700416337\n|switch|p2a: Brute Bonnet|Brute Bonnet, shiny|100\/100\n|-activate|p2a: Brute Bonnet|ability: Protosynthesis\n|-start|p2a: Brute Bonnet|protosynthesisatk\n|move|p1a: Chien-Pao|Protect|p1a: Chien-Pao\n|-singleturn|p1a: Chien-Pao|Protect\n|move|p2b: Heatran|Heat Wave|p1b: Diancie|[spread] p1b\n|-activate|p1a: Chien-Pao|move: Protect\n|-resisted|p1b: Diancie\n|-damage|p1b: Diancie|45\/100\n|move|p1b: Diancie|Trick Room|p1b: Diancie\n|-fieldend|move: Trick Room\n|\n|-weather|SunnyDay|[upkeep]\n|upkeep\n|turn|4\n|\n|t:|1700416363\n|move|p1a: Chien-Pao|Sacred Sword|p2b: Heatran\n|-supereffective|p2b: Heatran\n|-damage|p2b: Heatran|29\/100\n|move|p2b: Heatran|Heat Wave|p1b: Diancie|[spread] p1a,p1b\n|-supereffective|p1a: Chien-Pao\n|-resisted|p1b: Diancie\n|-enditem|p1a: Chien-Pao|Focus Sash\n|-damage|p1a: Chien-Pao|1\/100\n|-damage|p1b: Diancie|20\/100\n|move|p2a: Brute Bonnet|Spore|p1b: Diancie\n|-status|p1b: Diancie|slp|[from] move: Spore\n|cant|p1b: Diancie|slp\n|\n|-weather|SunnyDay|[upkeep]\n|-end|p2a: Brute Bonnet|move: Future Sight\n|-immune|p2a: Brute Bonnet\n|upkeep\n|turn|5\n|\n|t:|1700416392\n|move|p1a: Chien-Pao|Sucker Punch|p2b: Heatran\n|-damage|p2b: Heatran|0 fnt\n|faint|p2b: Heatran\n|move|p2a: Brute Bonnet|Sucker Punch||[still]\n|-fail|p2a: Brute Bonnet\n|-curestatus|p1b: Diancie|slp|[msg]\n|move|p1b: Diancie|Diamond Storm|p2a: Brute Bonnet\n|-damage|p2a: Brute Bonnet|47\/100\n|-boost|p1b: Diancie|def|2\n|\n|-weather|SunnyDay|[upkeep]\n|upkeep\n|inactive|hardengoat13 has 120 seconds left.\n|c|\u2606hardengoat13|that was fuckingbullshit and you know it\n|\n|t:|1700416415\n|switch|p2b: Kleavor|Kleavor, F, shiny|100\/100\n|turn|6\n|\n|t:|1700416428\n|move|p2b: Kleavor|Quick Guard|p2b: Kleavor\n|-singleturn|p2b: Kleavor|Quick Guard\n|move|p1a: Chien-Pao|Sucker Punch||[still]\n|-fail|p1a: Chien-Pao\n|move|p2a: Brute Bonnet|Spore|p1a: Chien-Pao\n|-status|p1a: Chien-Pao|slp|[from] move: Spore\n|move|p1b: Diancie|Diamond Storm|p2a: Brute Bonnet|[spread] p2a,p2b\n|-supereffective|p2b: Kleavor\n|-damage|p2a: Brute Bonnet|9\/100\n|-damage|p2b: Kleavor|0 fnt\n|faint|p2b: Kleavor\n|\n|-weather|none\n|-end|p2a: Brute Bonnet|Protosynthesis\n|upkeep\n|inactive|hardengoat13 has 120 seconds left.\n|\n|t:|1700416440\n|switch|p2b: Oranguru|Oranguru, M, shiny|100\/100\n|turn|7\n|\n|t:|1700416460\n|cant|p1a: Chien-Pao|slp\n|move|p2a: Brute Bonnet|Spore|p1b: Diancie\n|-status|p1b: Diancie|slp|[from] move: Spore\n|move|p2b: Oranguru|Trick Room|p2b: Oranguru\n|-fieldstart|move: Trick Room|[of] p2b: Oranguru\n|cant|p1b: Diancie|slp\n|\n|upkeep\n|turn|8\n|\n|t:|1700416476\n|switch|p2b: Torkoal|Torkoal, M, shiny|100\/100\n|-weather|SunnyDay|[from] ability: Drought|[of] p2b: Torkoal\n|-activate|p2a: Brute Bonnet|ability: Protosynthesis\n|-start|p2a: Brute Bonnet|protosynthesisatk\n|move|p2a: Brute Bonnet|Bullet Seed|p1a: Chien-Pao\n|-damage|p1a: Chien-Pao|0 fnt\n|faint|p1a: Chien-Pao\n|-hitcount|p1: Chien-Pao|1\n|cant|p1b: Diancie|slp\n|\n|-weather|SunnyDay|[upkeep]\n|upkeep\n|\n|t:|1700416492\n|switch|p1a: Baxcalibur|Baxcalibur, M, tera:Ice|13\/100\n|turn|9\n|\n|t:|1700416508\n|-end|p2a: Brute Bonnet|Protosynthesis|[silent]\n|switch|p2a: Oranguru|Oranguru, M, shiny|100\/100\n|move|p1a: Baxcalibur|Ice Shard|p2b: Torkoal\n|-resisted|p2b: Torkoal\n|-damage|p2b: Torkoal|89\/100\n|move|p2b: Torkoal|Eruption|p1a: Baxcalibur|[spread] p1a,p1b\n|-supereffective|p1a: Baxcalibur\n|-resisted|p1b: Diancie\n|-damage|p1a: Baxcalibur|0 fnt\n|-damage|p1b: Diancie|0 fnt\n|faint|p1a: Baxcalibur\n|faint|p1b: Diancie\n|\n|-weather|SunnyDay|[upkeep]\n|upkeep\n|\n|t:|1700416520\n|switch|p1b: Farigiraf|Farigiraf, F|100\/100\n|switch|p1a: Amoonguss|Amoonguss, M|100\/100\n|turn|10\n|c|\u2606hardengoat13|gg\n|-message|mahameloplatano forfeited.\n|\n|win|hardengoat13\n|raw|mahameloplatano's rating: 1372 &rarr; <strong>1360<\/strong><br \/>(-12 for losing)\n|raw|hardengoat13's rating: 1514 &rarr; <strong>1526<\/strong><br \/>(+12 for winning)\n","uploadtime":1700416410,"views":7,"p1id":"mahameloplatano","p2id":"hardengoat13","formatid":"gen9doublesou","rating":1360,"private":0,"password":""}