{"id":"gen9doublesou-1990919285","p1":"RLisanidiot","p2":"dic4","format":"[Gen 9] Doubles OU","log":"|j|\u2606RLisanidiot\n|j|\u2606dic4\n|t:|1700015133\n|gametype|doubles\n|player|p1|RLisanidiot|unknownf|1239\n|player|p2|dic4|266|1197\n|teamsize|p1|6\n|teamsize|p2|6\n|gen|9\n|tier|[Gen 9] Doubles OU\n|rated|\n|rule|Species Clause: Limit one of each Pok\u00e9mon\n|rule|OHKO Clause: OHKO moves are banned\n|rule|Evasion Moves Clause: Evasion moves are banned\n|rule|Gravity Sleep Clause: The combination of sleep-inducing moves with imperfect accuracy and Gravity or Gigantamax Orbeetle are banned\n|rule|Endless Battle Clause: Forcing endless battles is banned\n|rule|HP Percentage Mod: HP is shown in percentages\n|clearpoke\n|poke|p1|Ninetales-Alola, F|\n|poke|p1|Chien-Pao|\n|poke|p1|Flutter Mane|\n|poke|p1|Tornadus, M|\n|poke|p1|Pachirisu, M|\n|poke|p1|Rillaboom, M|\n|poke|p2|Gastrodon, M|\n|poke|p2|Armarouge, F|\n|poke|p2|Zoroark-Hisui, M|\n|poke|p2|Ogerpon-Cornerstone, F|\n|poke|p2|Goodra-Hisui, M|\n|poke|p2|Kleavor, F|\n|teampreview\n|inactive|Battle timer is ON: inactive players will automatically lose when time's up. (requested by RLisanidiot)\n|\n|t:|1700015148\n|start\n|switch|p1a: Ninetales|Ninetales-Alola, F, shiny|100\/100\n|switch|p1b: Chien-Pao|Chien-Pao|100\/100\n|switch|p2a: Goodra|Goodra-Hisui, M|100\/100\n|switch|p2b: Kleavor|Kleavor, F|100\/100\n|-weather|Snow|[from] ability: Snow Warning|[of] p1a: Ninetales\n|-ability|p1b: Chien-Pao|Sword of Ruin\n|turn|1\n|\n|t:|1700015163\n|move|p2a: Goodra|Hyper Voice|p1b: Chien-Pao|[spread] p1a,p1b\n|-crit|p1b: Chien-Pao\n|-damage|p1a: Ninetales|67\/100\n|-damage|p1b: Chien-Pao|57\/100\n|move|p1a: Ninetales|Aurora Veil|p1a: Ninetales\n|-sidestart|p1: RLisanidiot|move: Aurora Veil\n|move|p1b: Chien-Pao|Ice Spinner|p2b: Kleavor\n|-damage|p2b: Kleavor|45\/100\n|move|p2b: Kleavor|Stone Axe|p1b: Chien-Pao\n|-supereffective|p1b: Chien-Pao\n|-damage|p1b: Chien-Pao|1\/100\n|-sidestart|p1: RLisanidiot|move: Stealth Rock\n|\n|-weather|Snow|[upkeep]\n|upkeep\n|turn|2\n|\n|t:|1700015177\n|switch|p2b: Goodra|Goodra-Hisui, M|100\/100\n|move|p1b: Chien-Pao|Sucker Punch|p2a: Goodra\n|-supereffective|p2a: Goodra\n|-enditem|p2a: Goodra|Focus Sash\n|-damage|p2a: Goodra|1\/100\n|replace|p2a: Zoroark|Zoroark-Hisui, M\n|-end|p2a: Zoroark|Illusion\n|move|p2a: Zoroark|Hyper Voice|p1b: Chien-Pao|[spread] p1a,p1b\n|-damage|p1a: Ninetales|46\/100\n|-damage|p1b: Chien-Pao|0 fnt\n|faint|p1b: Chien-Pao\n|move|p1a: Ninetales|Icy Wind|p2b: Goodra|[spread] p2b\n|-miss|p1a: Ninetales|p2a: Zoroark\n|-damage|p2b: Goodra|93\/100\n|-unboost|p2b: Goodra|spe|1\n|\n|-weather|Snow|[upkeep]\n|-heal|p2b: Goodra|99\/100|[from] item: Leftovers\n|upkeep\n|\n|t:|1700015190\n|switch|p1b: Rillaboom|Rillaboom, M|100\/100\n|-damage|p1b: Rillaboom|88\/100|[from] Stealth Rock\n|-fieldstart|move: Grassy Terrain|[from] ability: Grassy Surge|[of] p1b: Rillaboom\n|turn|3\n|\n|t:|1700015202\n|switch|p2a: Armarouge|Armarouge, F|100\/100\n|move|p1a: Ninetales|Icy Wind|p2b: Goodra|[spread] p2a,p2b\n|-resisted|p2a: Armarouge\n|-damage|p2a: Armarouge|93\/100\n|-damage|p2b: Goodra|91\/100\n|-unboost|p2a: Armarouge|spe|1\n|-unboost|p2b: Goodra|spe|1\n|move|p1b: Rillaboom|Drain Punch|p2b: Goodra\n|-supereffective|p2b: Goodra\n|-damage|p2b: Goodra|19\/100\n|-heal|p1b: Rillaboom|100\/100|[from] drain|[of] p2b: Goodra\n|move|p2b: Goodra|Acid Armor|p2b: Goodra\n|-boost|p2b: Goodra|def|2\n|\n|-weather|Snow|[upkeep]\n|-heal|p1a: Ninetales|52\/100|[from] Grassy Terrain\n|-heal|p2a: Armarouge|99\/100|[from] Grassy Terrain\n|-heal|p2b: Goodra|25\/100|[from] Grassy Terrain\n|-heal|p2b: Goodra|31\/100|[from] item: Leftovers\n|upkeep\n|turn|4\n|\n|t:|1700015218\n|move|p1a: Ninetales|Icy Wind|p2a: Armarouge|[spread] p2a,p2b\n|-resisted|p2a: Armarouge\n|-damage|p2a: Armarouge|91\/100\n|-damage|p2b: Goodra|23\/100\n|-unboost|p2a: Armarouge|spe|1\n|-unboost|p2b: Goodra|spe|1\n|move|p1b: Rillaboom|Drain Punch|p2b: Goodra\n|-supereffective|p2b: Goodra\n|-damage|p2b: Goodra|0 fnt\n|faint|p2b: Goodra\n|move|p2a: Armarouge|Heat Wave|p1b: Rillaboom|[spread] p1a,p1b\n|-supereffective|p1a: Ninetales\n|-supereffective|p1b: Rillaboom\n|-damage|p1a: Ninetales|5\/100\n|-damage|p1b: Rillaboom|42\/100\n|-status|p1a: Ninetales|brn\n|\n|-weather|Snow|[upkeep]\n|-heal|p1a: Ninetales|11\/100 brn|[from] Grassy Terrain\n|-heal|p1b: Rillaboom|48\/100|[from] Grassy Terrain\n|-heal|p2a: Armarouge|97\/100|[from] Grassy Terrain\n|-damage|p1a: Ninetales|5\/100 brn|[from] brn\n|upkeep\n|inactive|dic4 has 120 seconds left.\n|\n|t:|1700015250\n|switch|p2b: Kleavor|Kleavor, F|1\/100\n|turn|5\n|\n|t:|1700015259\n|switch|p1b: Tornadus|Tornadus, M|100\/100\n|-damage|p1b: Tornadus|76\/100|[from] Stealth Rock\n|move|p2b: Kleavor|Hyper Voice|p1b: Tornadus|[spread] p1a,p1b\n|-damage|p1a: Ninetales|0 fnt\n|-damage|p1b: Tornadus|54\/100\n|faint|p1a: Ninetales\n|move|p2a: Armarouge|Heat Wave|p1b: Tornadus\n|-damage|p1b: Tornadus|21\/100\n|\n|-weather|none\n|-heal|p2b: Kleavor|7\/100|[from] Grassy Terrain\n|-heal|p2a: Armarouge|100\/100|[from] Grassy Terrain\n|upkeep\n|\n|t:|1700015270\n|switch|p1a: Flutter Mane|Flutter Mane|100\/100\n|-damage|p1a: Flutter Mane|88\/100|[from] Stealth Rock\n|turn|6\n|\n|t:|1700015279\n|move|p2a: Armarouge|Ally Switch|p2a: Armarouge\n|swap|p2a: Armarouge|1|[from] move: Ally Switch\n|move|p1b: Tornadus|Tailwind|p1b: Tornadus\n|-sidestart|p1: RLisanidiot|move: Tailwind\n|move|p1a: Flutter Mane|Dazzling Gleam|p2a: Kleavor|[spread] p2a,p2b\n|-resisted|p2b: Armarouge\n|-damage|p2a: Kleavor|0 fnt\n|-damage|p2b: Armarouge|69\/100\n|replace|p2a: Zoroark|Zoroark-Hisui, M\n|-end|p2a: Zoroark|Illusion\n|faint|p2a: Zoroark\n|\n|-heal|p1a: Flutter Mane|94\/100|[from] Grassy Terrain\n|-heal|p2b: Armarouge|75\/100|[from] Grassy Terrain\n|upkeep\n|\n|t:|1700015291\n|switch|p2a: Ogerpon|Ogerpon-Cornerstone, F|100\/100\n|turn|7\n|\n|t:|1700015297\n|move|p1a: Flutter Mane|Dazzling Gleam|p2a: Ogerpon|[spread] p2a,p2b\n|-resisted|p2b: Armarouge\n|-damage|p2a: Ogerpon|42\/100\n|-damage|p2b: Armarouge|41\/100\n|move|p1b: Tornadus|Bleakwind Storm|p2a: Ogerpon|[spread] p2b\n|-miss|p1b: Tornadus|p2a: Ogerpon\n|-damage|p2b: Armarouge|1\/100\n|move|p2a: Ogerpon|Ivy Cudgel|p1a: Flutter Mane|[anim] Ivy Cudgel Rock\n|-damage|p1a: Flutter Mane|7\/100\n|move|p2b: Armarouge|Calm Mind|p2b: Armarouge\n|-boost|p2b: Armarouge|spa|1\n|-boost|p2b: Armarouge|spd|1\n|\n|-heal|p1a: Flutter Mane|13\/100|[from] Grassy Terrain\n|-heal|p2a: Ogerpon|48\/100|[from] Grassy Terrain\n|-heal|p2b: Armarouge|8\/100|[from] Grassy Terrain\n|-fieldend|move: Grassy Terrain\n|upkeep\n|turn|8\n|\n|t:|1700015317\n|move|p1a: Flutter Mane|Dazzling Gleam|p2b: Armarouge|[spread] p2a,p2b\n|-resisted|p2b: Armarouge\n|-damage|p2a: Ogerpon|0 fnt\n|-damage|p2b: Armarouge|0 fnt\n|faint|p2a: Ogerpon\n|faint|p2b: Armarouge\n|move|p1b: Tornadus|Bleakwind Storm|p2: Ogerpon|[notarget]\n|-fail|p1b: Tornadus\n|\n|-sideend|p1: RLisanidiot|move: Aurora Veil\n|upkeep\n|\n|t:|1700015320\n|switch|p2a: Gastrodon|Gastrodon, M|100\/100\n|switch|p2b: Kleavor|Kleavor, F|45\/100\n|turn|9\n|\n|t:|1700015333\n|move|p1a: Flutter Mane|Dazzling Gleam|p2a: Gastrodon|[spread] p2a,p2b\n|-damage|p2a: Gastrodon|58\/100\n|-damage|p2b: Kleavor|0 fnt\n|faint|p2b: Kleavor\n|move|p1b: Tornadus|Bleakwind Storm|p2a: Gastrodon\n|-damage|p2a: Gastrodon|20\/100\n|-unboost|p2a: Gastrodon|spe|1\n|move|p2a: Gastrodon|Chilling Water|p1a: Flutter Mane\n|-damage|p1a: Flutter Mane|0 fnt\n|faint|p1a: Flutter Mane\n|-end|p1a: Flutter Mane|Protosynthesis|[silent]\n|\n|-heal|p2a: Gastrodon|26\/100|[from] item: Leftovers\n|-sideend|p1: RLisanidiot|move: Tailwind\n|upkeep\n|-message|dic4 forfeited.\n|\n|win|RLisanidiot\n|raw|RLisanidiot's rating: 1239 &rarr; <strong>1261<\/strong><br \/>(+22 for winning)\n|raw|dic4's rating: 1197 &rarr; <strong>1175<\/strong><br \/>(-22 for losing)\n|l|\u2606dic4\n","uploadtime":1700015348,"views":16,"p1id":"rlisanidiot","p2id":"dic4","formatid":"gen9doublesou","rating":1175,"private":0,"password":""}