{"id":"gen9doublesou-1995623304","p1":"ToastGhost17","p2":"dropthemike","format":"[Gen 9] Doubles OU","log":"|j|\u2606ToastGhost17\n|j|\u2606dropthemike\n|t:|1700588413\n|gametype|doubles\n|player|p1|ToastGhost17|giovanni|1103\n|player|p2|dropthemike|roxie|1076\n|teamsize|p1|6\n|teamsize|p2|6\n|gen|9\n|tier|[Gen 9] Doubles OU\n|rated|\n|rule|Species Clause: Limit one of each Pok\u00e9mon\n|rule|OHKO Clause: OHKO moves are banned\n|rule|Evasion Moves Clause: Evasion moves are banned\n|rule|Gravity Sleep Clause: The combination of sleep-inducing moves with imperfect accuracy and Gravity or Gigantamax Orbeetle are banned\n|rule|Endless Battle Clause: Forcing endless battles is banned\n|rule|HP Percentage Mod: HP is shown in percentages\n|clearpoke\n|poke|p1|Hatterene, F|\n|poke|p1|Landorus-Therian, M|\n|poke|p1|Noivern, F|\n|poke|p1|Flutter Mane|\n|poke|p1|Espathra, F|\n|poke|p1|Clefairy, F|\n|poke|p2|Skeledirge, F|\n|poke|p2|Diancie|\n|poke|p2|Noivern, M|\n|poke|p2|Regieleki|\n|poke|p2|Samurott, F|\n|poke|p2|Chesnaught, M|\n|teampreview\n|inactive|Battle timer is ON: inactive players will automatically lose when time's up. (requested by ToastGhost17)\n|\n|t:|1700588434\n|start\n|switch|p1a: Landorus|Landorus-Therian, M|100\/100\n|switch|p1b: Noivern|Noivern, F|100\/100\n|switch|p2a: Chesnaught|Chesnaught, M|100\/100\n|switch|p2b: Samurott|Samurott, F|100\/100\n|-ability|p1a: Landorus|Intimidate|boost\n|-unboost|p2a: Chesnaught|atk|1\n|-unboost|p2b: Samurott|atk|1\n|turn|1\n|\n|t:|1700588453\n|move|p1b: Noivern|Hurricane|p2a: Chesnaught\n|-supereffective|p2a: Chesnaught\n|-enditem|p2a: Chesnaught|Focus Sash\n|-damage|p2a: Chesnaught|1\/100\n|move|p1a: Landorus|U-turn|p2b: Samurott\n|-damage|p2b: Samurott|74\/100\n|\n|t:|1700588463\n|switch|p1a: Hatterene|Hatterene, F, shiny|100\/100|[from] U-turn\n|move|p2b: Samurott|Water Pledge|p1a: Hatterene\n|-waiting|p2b: Samurott|p2a: Chesnaught\n|move|p2a: Chesnaught|Grass Pledge|p1a: Hatterene|[from]move: Water Pledge\n|-combine\n|-damage|p1a: Hatterene|52\/100\n|-sidestart|p1: ToastGhost17|Grass Pledge\n|\n|upkeep\n|turn|2\n|\n|t:|1700588492\n|move|p2b: Samurott|Rain Dance|p2b: Samurott\n|-weather|RainDance\n|move|p2a: Chesnaught|Grass Pledge|p1a: Hatterene\n|-damage|p1a: Hatterene|28\/100\n|move|p1b: Noivern|Hurricane|p2b: Samurott\n|-damage|p2b: Samurott|0 fnt\n|faint|p2b: Samurott\n|move|p1a: Hatterene|Nuzzle|p2a: Chesnaught\n|-resisted|p2a: Chesnaught\n|-damage|p2a: Chesnaught|0 fnt\n|faint|p2a: Chesnaught\n|\n|-weather|RainDance|[upkeep]\n|upkeep\n|\n|t:|1700588507\n|switch|p2b: Noivern|Noivern, M|100\/100\n|switch|p2a: Regieleki|Regieleki|100\/100\n|turn|3\n|\n|t:|1700588528\n|-terastallize|p2a: Regieleki|Electric\n|move|p2a: Regieleki|Electro Ball|p1b: Noivern\n|-damage|p1b: Noivern|0 fnt\n|faint|p1b: Noivern\n|move|p2b: Noivern|Flamethrower|p1a: Hatterene\n|-damage|p1a: Hatterene|18\/100\n|move|p1a: Hatterene|Light Screen|p1a: Hatterene\n|-sidestart|p1: ToastGhost17|move: Light Screen\n|\n|-weather|RainDance|[upkeep]\n|upkeep\n|\n|t:|1700588536\n|switch|p1b: Landorus|Landorus-Therian, M|100\/100\n|-ability|p1b: Landorus|Intimidate|boost\n|-unboost|p2a: Regieleki|atk|1\n|-unboost|p2b: Noivern|atk|1\n|turn|4\n|\n|t:|1700588551\n|move|p1a: Hatterene|Protect|p1a: Hatterene\n|-singleturn|p1a: Hatterene|Protect\n|move|p2a: Regieleki|Electro Ball|p1a: Hatterene\n|-activate|p1a: Hatterene|move: Protect\n|move|p2b: Noivern|Hurricane|p1b: Landorus\n|-damage|p1b: Landorus|41\/100\n|move|p1b: Landorus|Earthquake|p2b: Noivern|[spread] p2a\n|-activate|p1a: Hatterene|move: Protect\n|-immune|p2b: Noivern\n|-supereffective|p2a: Regieleki\n|-damage|p2a: Regieleki|0 fnt\n|faint|p2a: Regieleki\n|\n|-weather|RainDance|[upkeep]\n|-heal|p1b: Landorus|47\/100|[from] item: Leftovers\n|-sideend|p1: ToastGhost17|Grass Pledge\n|upkeep\n|\n|t:|1700588566\n|switch|p2a: Diancie|Diancie|100\/100\n|turn|5\n|\n|t:|1700588578\n|move|p2b: Noivern|Hurricane|p1b: Landorus\n|-damage|p1b: Landorus|0 fnt\n|faint|p1b: Landorus\n|move|p2a: Diancie|Substitute|p2a: Diancie\n|-start|p2a: Diancie|Substitute\n|-damage|p2a: Diancie|76\/100\n|move|p1a: Hatterene|Nuzzle|p2b: Noivern\n|-damage|p2b: Noivern|95\/100\n|-status|p2b: Noivern|par\n|\n|-weather|RainDance|[upkeep]\n|-heal|p2a: Diancie|82\/100|[from] item: Leftovers\n|-heal|p2b: Noivern|100\/100 par|[from] item: Leftovers\n|upkeep\n|\n|t:|1700588585\n|switch|p1b: Clefairy|Clefairy, F|100\/100\n|turn|6\n|\n|t:|1700588602\n|move|p2a: Diancie|Calm Mind|p2a: Diancie\n|-boost|p2a: Diancie|spa|1\n|-boost|p2a: Diancie|spd|1\n|move|p2b: Noivern|Tailwind|p2b: Noivern\n|-sidestart|p2: dropthemike|move: Tailwind\n|move|p1b: Clefairy|Heal Pulse|p1a: Hatterene\n|-heal|p1a: Hatterene|68\/100\n|move|p1a: Hatterene|Nuzzle|p2a: Diancie\n|-activate|p2a: Diancie|move: Substitute|[damage]\n|\n|-weather|none\n|-heal|p2a: Diancie|88\/100|[from] item: Leftovers\n|upkeep\n|turn|7\n|\n|t:|1700588619\n|move|p2a: Diancie|Calm Mind|p2a: Diancie\n|-boost|p2a: Diancie|spa|1\n|-boost|p2a: Diancie|spd|1\n|move|p2b: Noivern|Flamethrower|p1b: Clefairy\n|-damage|p1b: Clefairy|85\/100\n|move|p1b: Clefairy|Draining Kiss|p2b: Noivern\n|-supereffective|p2b: Noivern\n|-damage|p2b: Noivern|72\/100 par\n|-heal|p1b: Clefairy|100\/100|[from] drain|[of] p2b: Noivern\n|move|p1a: Hatterene|Nuzzle|p2a: Diancie\n|-activate|p2a: Diancie|move: Substitute|[damage]\n|\n|-heal|p2a: Diancie|94\/100|[from] item: Leftovers\n|-heal|p2b: Noivern|78\/100 par|[from] item: Leftovers\n|upkeep\n|turn|8\n|\n|t:|1700588642\n|switch|p2b: Skeledirge|Skeledirge, F|100\/100\n|move|p2a: Diancie|Baton Pass|p2a: Diancie\n|\n|t:|1700588651\n|switch|p2a: Noivern|Noivern, M|78\/100 par|[from] Baton Pass\n|move|p1b: Clefairy|Draining Kiss|p2b: Skeledirge\n|-resisted|p2b: Skeledirge\n|-damage|p2b: Skeledirge|95\/100\n|move|p1a: Hatterene|Nuzzle|p2a: Noivern\n|-activate|p2a: Noivern|move: Substitute|[damage]\n|\n|-heal|p2a: Noivern|84\/100 par|[from] item: Leftovers\n|upkeep\n|turn|9\n|\n|t:|1700588671\n|move|p2a: Noivern|Flamethrower|p1a: Hatterene\n|-damage|p1a: Hatterene|32\/100\n|move|p2b: Skeledirge|Will-O-Wisp|p1b: Clefairy\n|-status|p1b: Clefairy|brn\n|move|p1b: Clefairy|Heal Pulse|p1a: Hatterene\n|-heal|p1a: Hatterene|82\/100\n|move|p1a: Hatterene|Nuzzle|p2b: Skeledirge\n|-crit|p2b: Skeledirge\n|-damage|p2b: Skeledirge|90\/100\n|-status|p2b: Skeledirge|par\n|\n|-heal|p2a: Noivern|90\/100 par|[from] item: Leftovers\n|-sideend|p2: dropthemike|move: Tailwind\n|upkeep\n|turn|10\n|\n|t:|1700588692\n|switch|p1a: Espathra|Espathra, F|100\/100\n|move|p1b: Clefairy|Follow Me|p1b: Clefairy\n|-singleturn|p1b: Clefairy|move: Follow Me\n|cant|p2a: Noivern|par\n|move|p2b: Skeledirge|Torch Song|p1b: Clefairy\n|-crit|p1b: Clefairy\n|-damage|p1b: Clefairy|62\/100 brn\n|-boost|p2b: Skeledirge|spa|1\n|\n|-heal|p2a: Noivern|96\/100 par|[from] item: Leftovers\n|-sideend|p1: ToastGhost17|move: Light Screen\n|upkeep\n|turn|11\n|\n|t:|1700588709\n|move|p1a: Espathra|Substitute|p1a: Espathra\n|-start|p1a: Espathra|Substitute\n|-damage|p1a: Espathra|76\/100\n|cant|p2a: Noivern|par\n|move|p1b: Clefairy|Moonlight|p1b: Clefairy\n|-heal|p1b: Clefairy|100\/100 brn\n|move|p2b: Skeledirge|Torch Song|p1b: Clefairy\n|-damage|p1b: Clefairy|65\/100 brn\n|-boost|p2b: Skeledirge|spa|1\n|\n|-heal|p2a: Noivern|100\/100 par|[from] item: Leftovers\n|-ability|p1a: Espathra|Speed Boost|boost\n|-boost|p1a: Espathra|spe|1\n|upkeep\n|turn|12\n|\n|t:|1700588733\n|move|p1a: Espathra|Calm Mind|p1a: Espathra\n|-boost|p1a: Espathra|spa|1\n|-boost|p1a: Espathra|spd|1\n|move|p2a: Noivern|Flamethrower|p1a: Espathra\n|-damage|p1a: Espathra|30\/100\n|move|p1b: Clefairy|Moonlight|p1b: Clefairy\n|-heal|p1b: Clefairy|100\/100 brn\n|move|p2b: Skeledirge|Hex|p1b: Clefairy\n|-damage|p1b: Clefairy|18\/100 brn\n|\n|-ability|p1a: Espathra|Speed Boost|boost\n|-boost|p1a: Espathra|spe|1\n|upkeep\n|turn|13\n|\n|t:|1700588759\n|move|p1a: Espathra|Protect|p1a: Espathra\n|-singleturn|p1a: Espathra|Protect\n|move|p2a: Noivern|Flamethrower|p1a: Espathra\n|-activate|p1a: Espathra|move: Protect\n|move|p1b: Clefairy|Heal Pulse|p1a: Espathra\n|-activate|p1a: Espathra|move: Protect\n|cant|p2b: Skeledirge|par\n|\n|-ability|p1a: Espathra|Speed Boost|boost\n|-boost|p1a: Espathra|spe|1\n|upkeep\n|turn|14\n|\n|t:|1700588775\n|move|p1b: Clefairy|Follow Me|p1b: Clefairy\n|-singleturn|p1b: Clefairy|move: Follow Me\n|move|p1a: Espathra|Calm Mind|p1a: Espathra\n|-boost|p1a: Espathra|spa|1\n|-boost|p1a: Espathra|spd|1\n|move|p2a: Noivern|Flamethrower|p1b: Clefairy\n|-damage|p1b: Clefairy|0 fnt\n|faint|p1b: Clefairy\n|move|p2b: Skeledirge|Torch Song|p1a: Espathra\n|-damage|p1a: Espathra|0 fnt\n|-boost|p2b: Skeledirge|spa|1\n|faint|p1a: Espathra\n|\n|upkeep\n|-message|ToastGhost17 forfeited.\n|\n|win|dropthemike\n|raw|ToastGhost17's rating: 1103 &rarr; <strong>1076<\/strong><br \/>(-27 for losing)\n|raw|dropthemike's rating: 1076 &rarr; <strong>1107<\/strong><br \/>(+31 for winning)\n|l|\u2606ToastGhost17\n|c|\u2606dropthemike|gg\n","uploadtime":1700588791,"views":6,"p1id":"toastghost17","p2id":"dropthemike","formatid":"gen9doublesou","rating":1076,"private":0,"password":""}