{"id":"gen9doublesou-1996418359","p1":"HoopsspooH","p2":"DabBuster184","format":"[Gen 9] Doubles OU","log":"|j|\u2606HoopsspooH\n|j|\u2606DabBuster184\n|inactive|Battle timer is ON: inactive players will automatically lose when time's up.\n|t:|1700680117\n|gametype|doubles\n|player|p1|HoopsspooH|tuberf-gen3|\n|player|p2|DabBuster184|caitlin|\n|teamsize|p1|6\n|teamsize|p2|6\n|gen|9\n|tier|[Gen 9] Doubles OU\n|rated|Tournament battle\n|rule|Species Clause: Limit one of each Pok\u00e9mon\n|rule|OHKO Clause: OHKO moves are banned\n|rule|Evasion Moves Clause: Evasion moves are banned\n|rule|Gravity Sleep Clause: The combination of sleep-inducing moves with imperfect accuracy and Gravity or Gigantamax Orbeetle are banned\n|rule|Endless Battle Clause: Forcing endless battles is banned\n|rule|HP Percentage Mod: HP is shown in percentages\n|clearpoke\n|poke|p1|Dragalge, M|\n|poke|p1|Gastrodon, M|\n|poke|p1|Maushold|\n|poke|p1|Hydreigon, F|\n|poke|p1|Lilligant-Hisui, F|\n|poke|p1|Dusknoir, F|\n|poke|p2|Houndstone, M|\n|poke|p2|Toedscruel, M|\n|poke|p2|Lurantis, M|\n|poke|p2|Mismagius, F|\n|poke|p2|Sandaconda, F|\n|poke|p2|Politoed, F|\n|teampreview\n|j|*Lady Monita \u2746\n|inactive|DabBuster184 also wants the timer to be on.\n|c|\u2606DabBuster184|glhf\n|\n|t:|1700680141\n|start\n|switch|p1a: Maushold|Maushold|100\/100\n|switch|p1b: Hydreigon|Hydreigon, F|100\/100\n|switch|p2a: Sandaconda|Sandaconda, F|100\/100\n|switch|p2b: Politoed|Politoed, F|100\/100\n|turn|1\n|\n|t:|1700680148\n|move|p1a: Maushold|Follow Me|p1a: Maushold\n|-singleturn|p1a: Maushold|move: Follow Me\n|move|p1b: Hydreigon|Focus Energy|p1b: Hydreigon\n|-start|p1b: Hydreigon|move: Focus Energy\n|move|p2a: Sandaconda|Glare|p1a: Maushold\n|-status|p1a: Maushold|par\n|move|p2b: Politoed|Icy Wind|p1b: Hydreigon|[spread] p1a,p1b\n|-supereffective|p1b: Hydreigon\n|-damage|p1a: Maushold|86\/100 par\n|-damage|p1b: Hydreigon|78\/100\n|-unboost|p1a: Maushold|spe|1\n|-unboost|p1b: Hydreigon|spe|1\n|\n|upkeep\n|turn|2\n|\n|t:|1700680164\n|move|p1a: Maushold|Follow Me|p1a: Maushold\n|-singleturn|p1a: Maushold|move: Follow Me\n|move|p1b: Hydreigon|Draco Meteor|p2a: Sandaconda|[miss]\n|-miss|p1b: Hydreigon|p2a: Sandaconda\n|move|p2a: Sandaconda|Glare|p1a: Maushold\n|-fail|p1a: Maushold|par\n|move|p2b: Politoed|Icy Wind|p1b: Hydreigon|[spread] p1a,p1b\n|-supereffective|p1b: Hydreigon\n|-damage|p1a: Maushold|72\/100 par\n|-damage|p1b: Hydreigon|55\/100\n|-unboost|p1a: Maushold|spe|1\n|-unboost|p1b: Hydreigon|spe|1\n|\n|upkeep\n|turn|3\n|\n|t:|1700680176\n|cant|p1a: Maushold|par\n|move|p2a: Sandaconda|Stealth Rock|p1a: Maushold\n|-sidestart|p1: HoopsspooH|move: Stealth Rock\n|move|p2b: Politoed|Icy Wind|p1a: Maushold|[spread] p1a,p1b\n|-supereffective|p1b: Hydreigon\n|-damage|p1a: Maushold|57\/100 par\n|-damage|p1b: Hydreigon|32\/100\n|-unboost|p1a: Maushold|spe|1\n|-unboost|p1b: Hydreigon|spe|1\n|move|p1b: Hydreigon|Draco Meteor|p2a: Sandaconda|[miss]\n|-miss|p1b: Hydreigon|p2a: Sandaconda\n|\n|upkeep\n|turn|4\n|c|\u2606DabBuster184|damn\n|\n|t:|1700680193\n|move|p1a: Maushold|Follow Me|p1a: Maushold\n|-singleturn|p1a: Maushold|move: Follow Me\n|move|p2a: Sandaconda|Glare|p1a: Maushold\n|-fail|p1a: Maushold|par\n|move|p2b: Politoed|Icy Wind|p1b: Hydreigon|[spread] p1a,p1b\n|-supereffective|p1b: Hydreigon\n|-damage|p1a: Maushold|43\/100 par\n|-damage|p1b: Hydreigon|9\/100\n|-unboost|p1a: Maushold|spe|1\n|-unboost|p1b: Hydreigon|spe|1\n|-enditem|p1a: Maushold|Sitrus Berry|[eat]\n|-heal|p1a: Maushold|67\/100 par|[from] item: Sitrus Berry\n|move|p1b: Hydreigon|Draco Meteor|p2a: Sandaconda\n|-crit|p2a: Sandaconda\n|-damage|p2a: Sandaconda|0 fnt\n|-unboost|p1b: Hydreigon|spa|2\n|faint|p2a: Sandaconda\n|\n|upkeep\n|j| Blonking\n|l| Blonking\n|\n|t:|1700680206\n|switch|p2a: Lurantis|Lurantis, M|100\/100\n|turn|5\n|inactive|HoopsspooH has 120 seconds left.\n|inactive|HoopsspooH has 90 seconds left.\n|\n|t:|1700680268\n|-terastallize|p1a: Maushold|Ghost\n|move|p2b: Politoed|Icy Wind|p1a: Maushold|[spread] p1a\n|-miss|p2b: Politoed|p1b: Hydreigon\n|-damage|p1a: Maushold|52\/100 par\n|-unboost|p1a: Maushold|spe|1\n|move|p2a: Lurantis|Superpower|p1a: Maushold\n|-immune|p1a: Maushold\n|move|p1b: Hydreigon|Draco Meteor|p2b: Politoed\n|-crit|p2b: Politoed\n|-damage|p2b: Politoed|11\/100\n|-unboost|p1b: Hydreigon|spa|2\n|move|p1a: Maushold|Population Bomb|p2a: Lurantis\n|-damage|p2a: Lurantis|94\/100\n|-hitcount|p2a: Lurantis|1\n|\n|-heal|p2b: Politoed|17\/100|[from] item: Leftovers\n|-heal|p2a: Lurantis|99\/100|[from] item: Leftovers\n|upkeep\n|turn|6\n|j| E4Everyone\n|\n|t:|1700680290\n|move|p1a: Maushold|Follow Me|p1a: Maushold\n|-singleturn|p1a: Maushold|move: Follow Me\n|move|p2b: Politoed|Icy Wind|p1a: Maushold|[spread] p1a,p1b\n|-supereffective|p1b: Hydreigon\n|-crit|p1b: Hydreigon\n|-damage|p1a: Maushold|36\/100 par\n|-damage|p1b: Hydreigon|0 fnt\n|-unboost|p1a: Maushold|spe|1\n|faint|p1b: Hydreigon\n|move|p2a: Lurantis|Leaf Storm|p1a: Maushold\n|-damage|p1a: Maushold|0 fnt\n|-boost|p2a: Lurantis|spa|2\n|faint|p1a: Maushold\n|\n|-heal|p2b: Politoed|23\/100|[from] item: Leftovers\n|-heal|p2a: Lurantis|100\/100|[from] item: Leftovers\n|upkeep\n|inactive|HoopsspooH has 90 seconds left.\n|\n|t:|1700680307\n|switch|p1a: Lilligant|Lilligant-Hisui, F|100\/100\n|switch|p1b: Dragalge|Dragalge, M|100\/100\n|-damage|p1a: Lilligant|94\/100|[from] Stealth Rock\n|-damage|p1b: Dragalge|88\/100|[from] Stealth Rock\n|turn|7\n|\n|t:|1700680321\n|move|p1a: Lilligant|Sleep Powder|p2b: Politoed|[miss]\n|-miss|p1a: Lilligant|p2b: Politoed\n|move|p2b: Politoed|Icy Wind|p1a: Lilligant|[spread] p1a\n|-miss|p2b: Politoed|p1b: Dragalge\n|-supereffective|p1a: Lilligant\n|-damage|p1a: Lilligant|66\/100\n|-unboost|p1a: Lilligant|spe|1\n|move|p1b: Dragalge|Sludge Bomb|p2a: Lurantis\n|-supereffective|p2a: Lurantis\n|-damage|p2a: Lurantis|0 fnt\n|faint|p2a: Lurantis\n|\n|-heal|p2b: Politoed|29\/100|[from] item: Leftovers\n|upkeep\n|\n|t:|1700680340\n|switch|p2a: Mismagius|Mismagius, F|100\/100\n|turn|8\n|\n|t:|1700680354\n|switch|p1a: Gastrodon|Gastrodon, M|100\/100\n|-damage|p1a: Gastrodon|94\/100|[from] Stealth Rock\n|move|p2a: Mismagius|Draining Kiss|p1a: Gastrodon\n|-damage|p1a: Gastrodon|84\/100\n|move|p2b: Politoed|Icy Wind|p1b: Dragalge|[spread] p1a,p1b\n|-supereffective|p1b: Dragalge\n|-damage|p1a: Gastrodon|77\/100\n|-damage|p1b: Dragalge|67\/100\n|-unboost|p1a: Gastrodon|spe|1\n|-unboost|p1b: Dragalge|spe|1\n|move|p1b: Dragalge|Sludge Bomb|p2b: Politoed\n|-damage|p2b: Politoed|0 fnt\n|faint|p2b: Politoed\n|\n|-heal|p1a: Gastrodon|83\/100|[from] item: Leftovers\n|upkeep\n|\n|t:|1700680371\n|switch|p2b: Toedscruel|Toedscruel, M|100\/100\n|turn|9\n|\n|t:|1700680394\n|switch|p1b: Dusknoir|Dusknoir, F|100\/100\n|-damage|p1b: Dusknoir|88\/100|[from] Stealth Rock\n|-ability|p1b: Dusknoir|Pressure\n|move|p2b: Toedscruel|Rage Powder|p2b: Toedscruel\n|-singleturn|p2b: Toedscruel|move: Rage Powder\n|move|p2a: Mismagius|Nasty Plot|p2a: Mismagius\n|-boost|p2a: Mismagius|spa|2\n|move|p1a: Gastrodon|Yawn|p2b: Toedscruel\n|-start|p2b: Toedscruel|move: Yawn|[of] p1a: Gastrodon\n|\n|-heal|p1b: Dusknoir|94\/100|[from] item: Leftovers\n|-heal|p1a: Gastrodon|89\/100|[from] item: Leftovers\n|upkeep\n|turn|10\n|\n|t:|1700680406\n|move|p2b: Toedscruel|Rage Powder|p2b: Toedscruel\n|-singleturn|p2b: Toedscruel|move: Rage Powder\n|move|p2a: Mismagius|Shadow Ball|p1b: Dusknoir\n|-supereffective|p1b: Dusknoir\n|-crit|p1b: Dusknoir\n|-damage|p1b: Dusknoir|0 fnt\n|faint|p1b: Dusknoir\n|move|p1a: Gastrodon|Yawn||[still]\n|-fail|p1a: Gastrodon\n|\n|-heal|p1a: Gastrodon|95\/100|[from] item: Leftovers\n|-end|p2b: Toedscruel|move: Yawn|[silent]\n|-status|p2b: Toedscruel|slp\n|upkeep\n|\n|t:|1700680415\n|switch|p1b: Lilligant|Lilligant-Hisui, F|66\/100\n|-damage|p1b: Lilligant|60\/100|[from] Stealth Rock\n|turn|11\n|\n|t:|1700680429\n|move|p2a: Mismagius|Draining Kiss|p1b: Lilligant\n|-supereffective|p1b: Lilligant\n|-damage|p1b: Lilligant|0 fnt\n|faint|p1b: Lilligant\n|cant|p2b: Toedscruel|slp\n|move|p1a: Gastrodon|Surf|p2a: Mismagius|[spread] p2a,p2b\n|-damage|p2a: Mismagius|72\/100\n|-damage|p2b: Toedscruel|79\/100 slp\n|\n|-heal|p2a: Mismagius|78\/100|[from] item: Leftovers\n|-heal|p2b: Toedscruel|85\/100 slp|[from] item: Leftovers\n|-heal|p1a: Gastrodon|100\/100|[from] item: Leftovers\n|upkeep\n|\n|t:|1700680433\n|switch|p1b: Dragalge|Dragalge, M|67\/100\n|-damage|p1b: Dragalge|54\/100|[from] Stealth Rock\n|turn|12\n|\n|t:|1700680441\n|cant|p2b: Toedscruel|slp\n|move|p2a: Mismagius|Shadow Ball|p1b: Dragalge\n|-damage|p1b: Dragalge|0 fnt\n|faint|p1b: Dragalge\n|move|p1a: Gastrodon|Yawn|p2a: Mismagius\n|-start|p2a: Mismagius|move: Yawn|[of] p1a: Gastrodon\n|\n|-heal|p2a: Mismagius|84\/100|[from] item: Leftovers\n|-heal|p2b: Toedscruel|91\/100 slp|[from] item: Leftovers\n|upkeep\n|turn|13\n|\n|t:|1700680451\n|move|p2a: Mismagius|Shadow Ball|p1a: Gastrodon\n|-damage|p1a: Gastrodon|56\/100\n|-unboost|p1a: Gastrodon|spd|1\n|-curestatus|p2b: Toedscruel|slp|[msg]\n|move|p2b: Toedscruel|Energy Ball|p1a: Gastrodon\n|-supereffective|p1a: Gastrodon\n|-damage|p1a: Gastrodon|0 fnt\n|faint|p1a: Gastrodon\n|\n|win|DabBuster184\n|n|\u2606HoopsspooH|hoopsspooh\n|n|\u2606DabBuster184|dabbuster184\n|n|*Lady Monita \u2746|ladymonita\n|n| E4Everyone|e4everyone\n","uploadtime":1700680452,"views":7,"p1id":"hoopsspooh","p2id":"dabbuster184","formatid":"gen9doublesou","rating":0,"private":0,"password":""}