{"id":"gen9doublesou-1977352926","p1":"Inkubone","p2":"somedudethethird","format":"[Gen 9] Doubles OU","log":"|j|\u2606Inkubone\n|j|\u2606somedudethethird\n|t:|1698408795\n|gametype|doubles\n|player|p1|Inkubone|yellow|1332\n|player|p2|somedudethethird|colress|1406\n|teamsize|p1|6\n|teamsize|p2|6\n|gen|9\n|tier|[Gen 9] Doubles OU\n|rated|\n|rule|Species Clause: Limit one of each Pok\u00e9mon\n|rule|OHKO Clause: OHKO moves are banned\n|rule|Evasion Moves Clause: Evasion moves are banned\n|rule|Gravity Sleep Clause: The combination of sleep-inducing moves with imperfect accuracy and Gravity or Gigantamax Orbeetle are banned\n|rule|Endless Battle Clause: Forcing endless battles is banned\n|rule|HP Percentage Mod: HP is shown in percentages\n|clearpoke\n|poke|p1|Arcanine, M|\n|poke|p1|Arboliva, M|\n|poke|p1|Samurott-Hisui, M|\n|poke|p1|Great Tusk|\n|poke|p1|Revavroom, M|\n|poke|p1|Flutter Mane|\n|poke|p2|Ting-Lu|\n|poke|p2|Kingambit, M|\n|poke|p2|Grimmsnarl, M|\n|poke|p2|Flutter Mane|\n|poke|p2|Ursaluna-Bloodmoon, M|\n|poke|p2|Ogerpon-Hearthflame, F|\n|teampreview\n|inactive|Battle timer is ON: inactive players will automatically lose when time's up. (requested by somedudethethird)\n|\n|t:|1698408808\n|start\n|switch|p1a: Revavroom|Revavroom, M|100\/100\n|switch|p1b: Arcanine|Arcanine, M|100\/100\n|switch|p2a: Ting-Lu|Ting-Lu|100\/100\n|switch|p2b: Grimmsnarl|Grimmsnarl, M|100\/100\n|-ability|p1b: Arcanine|Intimidate|boost\n|-unboost|p2a: Ting-Lu|atk|1\n|-unboost|p2b: Grimmsnarl|atk|1\n|-ability|p2a: Ting-Lu|Vessel of Ruin\n|turn|1\n|c|\u2606Inkubone|Hi again\n|\n|t:|1698408827\n|move|p2b: Grimmsnarl|Reflect|p2b: Grimmsnarl\n|-sidestart|p2: somedudethethird|Reflect\n|move|p1b: Arcanine|Will-O-Wisp|p2a: Ting-Lu\n|-status|p2a: Ting-Lu|brn\n|move|p1a: Revavroom|Gunk Shot|p2b: Grimmsnarl\n|-supereffective|p2b: Grimmsnarl\n|-damage|p2b: Grimmsnarl|12\/100\n|move|p2a: Ting-Lu|Stomping Tantrum|p1b: Arcanine\n|-supereffective|p1b: Arcanine\n|-damage|p1b: Arcanine|74\/100\n|\n|-damage|p2a: Ting-Lu|94\/100 brn|[from] brn\n|upkeep\n|turn|2\n|\n|t:|1698408850\n|move|p2b: Grimmsnarl|Thunder Wave|p1a: Revavroom\n|-status|p1a: Revavroom|par\n|move|p1b: Arcanine|Snarl|p2a: Ting-Lu|[spread] p2a,p2b\n|-resisted|p2a: Ting-Lu\n|-resisted|p2b: Grimmsnarl\n|-damage|p2a: Ting-Lu|92\/100 brn\n|-damage|p2b: Grimmsnarl|10\/100\n|-unboost|p2a: Ting-Lu|spa|1\n|-unboost|p2b: Grimmsnarl|spa|1\n|move|p1a: Revavroom|Iron Head|p2b: Grimmsnarl\n|-supereffective|p2b: Grimmsnarl\n|-damage|p2b: Grimmsnarl|0 fnt\n|faint|p2b: Grimmsnarl\n|move|p2a: Ting-Lu|Ruination|p1b: Arcanine\n|-damage|p1b: Arcanine|38\/100\n|\n|-damage|p2a: Ting-Lu|86\/100 brn|[from] brn\n|upkeep\n|\n|t:|1698408860\n|switch|p2b: Kingambit|Kingambit, M|100\/100\n|turn|3\n|\n|t:|1698408877\n|move|p2b: Kingambit|Protect|p2b: Kingambit\n|-singleturn|p2b: Kingambit|Protect\n|move|p1b: Arcanine|Will-O-Wisp|p2b: Kingambit\n|-activate|p2b: Kingambit|move: Protect\n|move|p1a: Revavroom|Sunny Day|p1a: Revavroom\n|-weather|SunnyDay\n|move|p2a: Ting-Lu|Stomping Tantrum|p1b: Arcanine\n|-supereffective|p1b: Arcanine\n|-damage|p1b: Arcanine|11\/100\n|-enditem|p1b: Arcanine|Aguav Berry|[eat]\n|-heal|p1b: Arcanine|44\/100|[from] item: Aguav Berry\n|\n|-weather|SunnyDay|[upkeep]\n|-damage|p2a: Ting-Lu|80\/100 brn|[from] brn\n|upkeep\n|turn|4\n|\n|t:|1698408890\n|switch|p2b: Ogerpon|Ogerpon-Hearthflame, F|100\/100\n|-ability|p2b: Ogerpon|Mold Breaker\n|move|p1b: Arcanine|Flamethrower|p2b: Ogerpon\n|-damage|p2b: Ogerpon|52\/100\n|move|p1a: Revavroom|Parting Shot|p2a: Ting-Lu\n|-unboost|p2a: Ting-Lu|atk|1\n|-unboost|p2a: Ting-Lu|spa|1\n|\n|t:|1698408903\n|switch|p1a: Samurott|Samurott-Hisui, M, shiny|100\/100|[from] Parting Shot\n|move|p2a: Ting-Lu|Stomping Tantrum|p1b: Arcanine\n|-supereffective|p1b: Arcanine\n|-damage|p1b: Arcanine|24\/100\n|\n|-weather|SunnyDay|[upkeep]\n|-damage|p2a: Ting-Lu|74\/100 brn|[from] brn\n|upkeep\n|turn|5\n|\n|t:|1698408927\n|switch|p1b: Great Tusk|Great Tusk, shiny|100\/100\n|-activate|p1b: Great Tusk|ability: Protosynthesis\n|-start|p1b: Great Tusk|protosynthesisatk\n|switch|p2a: Kingambit|Kingambit, M|100\/100\n|move|p2b: Ogerpon|Horn Leech|p1a: Samurott\n|-supereffective|p1a: Samurott\n|-damage|p1a: Samurott|0 fnt\n|-heal|p2b: Ogerpon|100\/100|[from] drain|[of] p1a: Samurott\n|faint|p1a: Samurott\n|\n|-weather|SunnyDay|[upkeep]\n|upkeep\n|\n|t:|1698408941\n|switch|p1a: Arboliva|Arboliva, M|100\/100\n|turn|6\n|\n|t:|1698408957\n|switch|p2a: Ting-Lu|Ting-Lu|74\/100 brn\n|-ability|p2a: Ting-Lu|Vessel of Ruin\n|-terastallize|p1a: Arboliva|Fire\n|move|p2b: Ogerpon|Horn Leech|p1b: Great Tusk\n|-supereffective|p1b: Great Tusk\n|-damage|p1b: Great Tusk|41\/100\n|move|p1b: Great Tusk|Close Combat|p2a: Ting-Lu\n|-supereffective|p2a: Ting-Lu\n|-crit|p2a: Ting-Lu\n|-damage|p2a: Ting-Lu|0 fnt\n|-unboost|p1b: Great Tusk|def|1\n|-unboost|p1b: Great Tusk|spd|1\n|faint|p2a: Ting-Lu\n|move|p1a: Arboliva|Strength Sap|p2b: Ogerpon\n|-unboost|p2b: Ogerpon|atk|1\n|\n|-weather|SunnyDay|[upkeep]\n|upkeep\n|\n|t:|1698408975\n|switch|p2a: Flutter Mane|Flutter Mane|100\/100\n|-activate|p2a: Flutter Mane|ability: Protosynthesis\n|-start|p2a: Flutter Mane|protosynthesisspe\n|turn|7\n|\n|t:|1698408999\n|-end|p1b: Great Tusk|Protosynthesis|[silent]\n|switch|p1b: Revavroom|Revavroom, M|100\/100 par\n|move|p2a: Flutter Mane|Dazzling Gleam|p1a: Arboliva|[spread] p1a,p1b\n|-resisted|p1a: Arboliva\n|-resisted|p1b: Revavroom\n|-damage|p1a: Arboliva|86\/100\n|-damage|p1b: Revavroom|87\/100 par\n|-fieldstart|move: Grassy Terrain|[from] ability: Seed Sower|[of] p1a: Arboliva\n|move|p2b: Ogerpon|Swords Dance|p2b: Ogerpon\n|-boost|p2b: Ogerpon|atk|2\n|move|p1a: Arboliva|Weather Ball|p2a: Flutter Mane\n|-damage|p2a: Flutter Mane|31\/100\n|\n|-weather|SunnyDay|[upkeep]\n|-heal|p2a: Flutter Mane|37\/100|[from] Grassy Terrain\n|-heal|p1b: Revavroom|93\/100 par|[from] Grassy Terrain\n|-heal|p1a: Arboliva|92\/100|[from] Grassy Terrain\n|-heal|p1a: Arboliva|99\/100|[from] item: Leftovers\n|upkeep\n|turn|8\n|inactive|Inkubone has 120 seconds left.\n|\n|t:|1698409034\n|-end|p2a: Flutter Mane|Protosynthesis|[silent]\n|switch|p2a: Ursaluna|Ursaluna-Bloodmoon, M|100\/100\n|switch|p1b: Great Tusk|Great Tusk, shiny|41\/100\n|-activate|p1b: Great Tusk|ability: Protosynthesis\n|-start|p1b: Great Tusk|protosynthesisatk\n|move|p2b: Ogerpon|Knock Off|p1a: Arboliva\n|-damage|p1a: Arboliva|46\/100\n|-enditem|p1a: Arboliva|Leftovers|[from] move: Knock Off|[of] p2b: Ogerpon\n|move|p1a: Arboliva|Strength Sap|p2b: Ogerpon\n|-unboost|p2b: Ogerpon|atk|1\n|-heal|p1a: Arboliva|100\/100\n|\n|-weather|SunnyDay|[upkeep]\n|-heal|p1b: Great Tusk|47\/100|[from] Grassy Terrain\n|-sideend|p2: somedudethethird|Reflect\n|upkeep\n|turn|9\n|inactive|Inkubone has 120 seconds left.\n|\n|t:|1698409057\n|move|p2a: Ursaluna|Protect|p2a: Ursaluna\n|-singleturn|p2a: Ursaluna|Protect\n|move|p2b: Ogerpon|Horn Leech|p1b: Great Tusk\n|-supereffective|p1b: Great Tusk\n|-damage|p1b: Great Tusk|0 fnt\n|faint|p1b: Great Tusk\n|-end|p1b: Great Tusk|Protosynthesis|[silent]\n|move|p1a: Arboliva|Energy Ball|p2a: Ursaluna\n|-activate|p2a: Ursaluna|move: Protect\n|\n|-weather|SunnyDay|[upkeep]\n|upkeep\n|inactive|Inkubone has 120 seconds left.\n|\n|t:|1698409066\n|switch|p1b: Revavroom|Revavroom, M|93\/100 par\n|turn|10\n|\n|t:|1698409079\n|move|p2b: Ogerpon|Swords Dance|p2b: Ogerpon\n|-boost|p2b: Ogerpon|atk|2\n|move|p1b: Revavroom|Gunk Shot|p2b: Ogerpon\n|-supereffective|p2b: Ogerpon\n|-damage|p2b: Ogerpon|0 fnt\n|faint|p2b: Ogerpon\n|move|p2a: Ursaluna|Earth Power|p1b: Revavroom\n|-supereffective|p1b: Revavroom\n|-damage|p1b: Revavroom|0 fnt\n|faint|p1b: Revavroom\n|move|p1a: Arboliva|Energy Ball|p2a: Ursaluna\n|-supereffective|p2a: Ursaluna\n|-crit|p2a: Ursaluna\n|-damage|p2a: Ursaluna|0 fnt\n|faint|p2a: Ursaluna\n|\n|-weather|none\n|upkeep\n|\n|t:|1698409092\n|switch|p2b: Flutter Mane|Flutter Mane|37\/100\n|switch|p1b: Flutter Mane|Flutter Mane|100\/100\n|switch|p2a: Kingambit|Kingambit, M|100\/100\n|-enditem|p2b: Flutter Mane|Booster Energy\n|-activate|p2b: Flutter Mane|ability: Protosynthesis|[fromitem]\n|-start|p2b: Flutter Mane|protosynthesisspe\n|turn|11\n|\n|t:|1698409109\n|-terastallize|p2b: Flutter Mane|Ghost\n|move|p2b: Flutter Mane|Shadow Ball|p1a: Arboliva\n|-damage|p1a: Arboliva|49\/100\n|-unboost|p1a: Arboliva|spd|1\n|move|p1b: Flutter Mane|Dazzling Gleam|p2a: Kingambit|[spread] p2a,p2b\n|-damage|p2a: Kingambit|63\/100\n|-damage|p2b: Flutter Mane|0 fnt\n|faint|p2b: Flutter Mane\n|-end|p2b: Flutter Mane|Protosynthesis|[silent]\n|-damage|p1b: Flutter Mane|91\/100|[from] item: Life Orb\n|move|p2a: Kingambit|Iron Head|p1b: Flutter Mane\n|-supereffective|p1b: Flutter Mane\n|-damage|p1b: Flutter Mane|0 fnt\n|faint|p1b: Flutter Mane\n|-end|p1b: Flutter Mane|Protosynthesis|[silent]\n|move|p1a: Arboliva|Pollen Puff|p2a: Kingambit\n|-damage|p2a: Kingambit|37\/100\n|\n|-heal|p2a: Kingambit|43\/100|[from] Grassy Terrain\n|-heal|p1a: Arboliva|56\/100|[from] Grassy Terrain\n|-fieldend|move: Grassy Terrain\n|upkeep\n|\n|t:|1698409123\n|switch|p1b: Arcanine|Arcanine, M|24\/100\n|-ability|p1b: Arcanine|Intimidate|boost\n|-unboost|p2a: Kingambit|atk|1\n|-ability|p2a: Kingambit|Defiant|boost\n|-boost|p2a: Kingambit|atk|2\n|turn|12\n|\n|t:|1698409138\n|move|p2a: Kingambit|Sucker Punch||[still]\n|-fail|p2a: Kingambit\n|move|p1b: Arcanine|Morning Sun|p1b: Arcanine\n|-heal|p1b: Arcanine|74\/100\n|move|p1a: Arboliva|Pollen Puff|p2a: Kingambit\n|-damage|p2a: Kingambit|14\/100\n|-enditem|p2a: Kingambit|Aguav Berry|[eat]\n|-heal|p2a: Kingambit|47\/100|[from] item: Aguav Berry\n|\n|upkeep\n|turn|13\n|\n|t:|1698409152\n|move|p2a: Kingambit|Sucker Punch||[still]\n|-fail|p2a: Kingambit\n|move|p1b: Arcanine|Will-O-Wisp|p2a: Kingambit|[miss]\n|-miss|p1b: Arcanine|p2a: Kingambit\n|move|p1a: Arboliva|Pollen Puff|p2a: Kingambit\n|-damage|p2a: Kingambit|19\/100\n|\n|upkeep\n|turn|14\n|\n|t:|1698409161\n|move|p2a: Kingambit|Sucker Punch|p1a: Arboliva\n|-damage|p1a: Arboliva|0 fnt\n|-fieldstart|move: Grassy Terrain|[from] ability: Seed Sower|[of] p1a: Arboliva\n|faint|p1a: Arboliva\n|move|p1b: Arcanine|Flamethrower|p2a: Kingambit\n|-supereffective|p2a: Kingambit\n|-crit|p2a: Kingambit\n|-damage|p2a: Kingambit|0 fnt\n|faint|p2a: Kingambit\n|\n|win|Inkubone\n|raw|Inkubone's rating: 1347 &rarr; <strong>1370<\/strong><br \/>(+23 for winning)\n|raw|somedudethethird's rating: 1406 &rarr; <strong>1383<\/strong><br \/>(-23 for losing)\n|l|\u2606somedudethethird\n|j|\u2606somedudethethird\n|player|p2|somedudethethird|colress\n|l|\u2606somedudethethird\n|player|p2|\n|c|\u2606Inkubone|Gg\n","uploadtime":1698409175,"views":26,"p1id":"inkubone","p2id":"somedudethethird","formatid":"gen9doublesou","rating":1370,"private":0,"password":""}