{"id":"gen9doublesou-1975387641","p1":"Bazinga386","p2":"burninggigan10","format":"[Gen 9] Doubles OU","log":"|j|\u2606Bazinga386\n|j|\u2606burninggigan10\n|t:|1698185902\n|gametype|doubles\n|player|p1|Bazinga386|102|1080\n|player|p2|burninggigan10|169|1119\n|teamsize|p1|6\n|teamsize|p2|6\n|gen|9\n|tier|[Gen 9] Doubles OU\n|rated|\n|rule|Species Clause: Limit one of each Pok\u00e9mon\n|rule|OHKO Clause: OHKO moves are banned\n|rule|Evasion Moves Clause: Evasion moves are banned\n|rule|Gravity Sleep Clause: The combination of sleep-inducing moves with imperfect accuracy and Gravity or Gigantamax Orbeetle are banned\n|rule|Endless Battle Clause: Forcing endless battles is banned\n|rule|HP Percentage Mod: HP is shown in percentages\n|clearpoke\n|poke|p1|Pelipper, F|\n|poke|p1|Basculegion-F, F|\n|poke|p1|Zapdos|\n|poke|p1|Tornadus, M|\n|poke|p1|Rillaboom, M|\n|poke|p1|Palafin, M|\n|poke|p2|Volcarona, F|\n|poke|p2|Oricorio-Pom-Pom, M|\n|poke|p2|Ursaluna-Bloodmoon, M|\n|poke|p2|Amoonguss, F|\n|poke|p2|Pawmot, F|\n|poke|p2|Kingambit, M|\n|teampreview\n|\n|t:|1698185916\n|start\n|switch|p1a: Pelipper|Pelipper, F|100\/100\n|switch|p1b: Zapdos|Zapdos|100\/100\n|switch|p2a: Volcarona|Volcarona, F|100\/100\n|switch|p2b: Oricorio|Oricorio-Pom-Pom, M|100\/100\n|-weather|RainDance|[from] ability: Drizzle|[of] p1a: Pelipper\n|turn|1\n|\n|t:|1698185943\n|move|p2a: Volcarona|Quiver Dance|p2a: Volcarona\n|-boost|p2a: Volcarona|spa|1\n|-boost|p2a: Volcarona|spd|1\n|-boost|p2a: Volcarona|spe|1\n|-activate|p2b: Oricorio|ability: Dancer\n|move|p2b: Oricorio|Quiver Dance|p2b: Oricorio|[from]ability: Dancer\n|-boost|p2b: Oricorio|spa|1\n|-boost|p2b: Oricorio|spd|1\n|-boost|p2b: Oricorio|spe|1\n|move|p2b: Oricorio|Quiver Dance|p2b: Oricorio\n|-boost|p2b: Oricorio|spa|1\n|-boost|p2b: Oricorio|spd|1\n|-boost|p2b: Oricorio|spe|1\n|move|p1b: Zapdos|Hurricane|p2a: Volcarona\n|-supereffective|p2a: Volcarona\n|-damage|p2a: Volcarona|27\/100\n|move|p1a: Pelipper|Surf|p2a: Volcarona|[spread] p1b,p2a,p2b\n|-supereffective|p2a: Volcarona\n|-damage|p1b: Zapdos|69\/100\n|-damage|p2a: Volcarona|0 fnt\n|-damage|p2b: Oricorio|82\/100\n|faint|p2a: Volcarona\n|\n|-weather|RainDance|[upkeep]\n|-heal|p2b: Oricorio|88\/100|[from] item: Leftovers\n|upkeep\n|\n|t:|1698185976\n|switch|p2a: Pawmot|Pawmot, F|100\/100\n|turn|2\n|\n|t:|1698185999\n|switch|p1a: Rillaboom|Rillaboom, M|100\/100\n|-fieldstart|move: Grassy Terrain|[from] ability: Grassy Surge|[of] p1a: Rillaboom\n|move|p2b: Oricorio|Revelation Dance|p1a: Rillaboom\n|-resisted|p1a: Rillaboom\n|-damage|p1a: Rillaboom|79\/100\n|move|p2a: Pawmot|Ice Punch|p1b: Zapdos\n|-supereffective|p1b: Zapdos\n|-damage|p1b: Zapdos|22\/100\n|-damage|p2a: Pawmot|84\/100|[from] item: Rocky Helmet|[of] p1b: Zapdos\n|-damage|p2a: Pawmot|74\/100|[from] item: Life Orb\n|move|p1b: Zapdos|Tailwind|p1b: Zapdos\n|-sidestart|p1: Bazinga386|move: Tailwind\n|\n|-weather|RainDance|[upkeep]\n|-heal|p2b: Oricorio|94\/100|[from] item: Leftovers\n|-heal|p1a: Rillaboom|86\/100|[from] Grassy Terrain\n|-heal|p2a: Pawmot|80\/100|[from] Grassy Terrain\n|upkeep\n|turn|3\n|\n|t:|1698186034\n|move|p1a: Rillaboom|Fake Out|p2a: Pawmot\n|-damage|p2a: Pawmot|64\/100\n|move|p2b: Oricorio|Revelation Dance|p1b: Zapdos\n|-damage|p1b: Zapdos|0 fnt\n|faint|p1b: Zapdos\n|cant|p2a: Pawmot|flinch\n|\n|-weather|RainDance|[upkeep]\n|-heal|p2b: Oricorio|100\/100|[from] item: Leftovers\n|-heal|p1a: Rillaboom|92\/100|[from] Grassy Terrain\n|-heal|p2a: Pawmot|70\/100|[from] Grassy Terrain\n|upkeep\n|\n|t:|1698186048\n|switch|p1b: Palafin|Palafin, M|100\/100\n|turn|4\n|\n|t:|1698186073\n|detailschange|p1b: Palafin|Palafin-Hero, M\n|switch|p1b: Pelipper|Pelipper, F|100\/100\n|move|p2b: Oricorio|Revelation Dance|p1b: Pelipper\n|-supereffective|p1b: Pelipper\n|-damage|p1b: Pelipper|0 fnt\n|faint|p1b: Pelipper\n|move|p1a: Rillaboom|Wood Hammer|p2a: Pawmot\n|-damage|p2a: Pawmot|0 fnt\n|faint|p2a: Pawmot\n|-damage|p1a: Rillaboom|76\/100|[from] Recoil\n|\n|-weather|RainDance|[upkeep]\n|-heal|p1a: Rillaboom|82\/100|[from] Grassy Terrain\n|upkeep\n|\n|t:|1698186094\n|switch|p2a: Amoonguss|Amoonguss, F|100\/100\n|switch|p1b: Palafin|Palafin-Hero, M|100\/100\n|-activate|p1b: Palafin|ability: Zero to Hero\n|turn|5\n|\n|t:|1698186120\n|move|p1b: Palafin|Wave Crash|p2b: Oricorio\n|-damage|p2b: Oricorio|0 fnt\n|faint|p2b: Oricorio\n|-damage|p1b: Palafin|72\/100|[from] Recoil\n|move|p1a: Rillaboom|U-turn|p2a: Amoonguss\n|-damage|p2a: Amoonguss|78\/100\n|inactive|Battle timer is ON: inactive players will automatically lose when time's up. (requested by burninggigan10)\n|\n|t:|1698186128\n|switch|p1a: Tornadus|Tornadus, M|100\/100|[from] U-turn\n|move|p2a: Amoonguss|Spore|p1b: Palafin\n|-status|p1b: Palafin|slp|[from] move: Spore\n|\n|-weather|RainDance|[upkeep]\n|-heal|p1b: Palafin|79\/100 slp|[from] Grassy Terrain\n|-heal|p2a: Amoonguss|84\/100|[from] Grassy Terrain\n|-heal|p2a: Amoonguss|90\/100|[from] item: Leftovers\n|-sideend|p1: Bazinga386|move: Tailwind\n|upkeep\n|\n|t:|1698186137\n|switch|p2b: Ursaluna|Ursaluna-Bloodmoon, M|100\/100\n|turn|6\n|\n|t:|1698186154\n|move|p1a: Tornadus|Bleakwind Storm|p2a: Amoonguss|[spread] p2a,p2b\n|-supereffective|p2a: Amoonguss\n|-damage|p2a: Amoonguss|11\/100\n|-damage|p2b: Ursaluna|78\/100\n|cant|p1b: Palafin|slp\n|move|p2b: Ursaluna|Hyper Voice|p1a: Tornadus|[spread] p1a,p1b\n|-damage|p1a: Tornadus|62\/100\n|-damage|p1b: Palafin|45\/100 slp\n|move|p2a: Amoonguss|Giga Drain|p1b: Palafin\n|-supereffective|p1b: Palafin\n|-damage|p1b: Palafin|0 fnt\n|-heal|p2a: Amoonguss|31\/100|[from] drain|[of] p1b: Palafin\n|faint|p1b: Palafin\n|\n|-weather|RainDance|[upkeep]\n|-heal|p2b: Ursaluna|84\/100|[from] Grassy Terrain\n|-heal|p2a: Amoonguss|37\/100|[from] Grassy Terrain\n|-heal|p2a: Amoonguss|44\/100|[from] item: Leftovers\n|-fieldend|move: Grassy Terrain\n|upkeep\n|inactive|Bazinga386 has 120 seconds left.\n|\n|t:|1698186177\n|switch|p1b: Rillaboom|Rillaboom, M|82\/100\n|-fieldstart|move: Grassy Terrain|[from] ability: Grassy Surge|[of] p1b: Rillaboom\n|turn|7\n|inactive|burninggigan10 has 120 seconds left.\n|\n|t:|1698186221\n|-terastallize|p2b: Ursaluna|Normal\n|-terastallize|p1b: Rillaboom|Grass\n|move|p1a: Tornadus|Tailwind|p1a: Tornadus\n|-sidestart|p1: Bazinga386|move: Tailwind\n|move|p1b: Rillaboom|Wood Hammer|p2b: Ursaluna\n|-damage|p2b: Ursaluna|10\/100\n|-damage|p1b: Rillaboom|60\/100|[from] Recoil\n|move|p2b: Ursaluna|Hyper Voice|p1a: Tornadus|[spread] p1a,p1b\n|-damage|p1a: Tornadus|4\/100\n|-damage|p1b: Rillaboom|33\/100\n|move|p2a: Amoonguss|Sludge Bomb|p1b: Rillaboom\n|-supereffective|p1b: Rillaboom\n|-damage|p1b: Rillaboom|0 fnt\n|faint|p1b: Rillaboom\n|\n|-weather|RainDance|[upkeep]\n|-heal|p2b: Ursaluna|16\/100|[from] Grassy Terrain\n|-heal|p2a: Amoonguss|50\/100|[from] Grassy Terrain\n|-heal|p2a: Amoonguss|56\/100|[from] item: Leftovers\n|upkeep\n|inactive|Bazinga386 has 120 seconds left.\n|\n|t:|1698186243\n|switch|p1b: Basculegion|Basculegion-F, F|100\/100\n|turn|8\n|\n|t:|1698186258\n|move|p1a: Tornadus|Bleakwind Storm|p2b: Ursaluna|[spread] p2a,p2b\n|-supereffective|p2a: Amoonguss\n|-damage|p2a: Amoonguss|0 fnt\n|-damage|p2b: Ursaluna|0 fnt\n|faint|p2a: Amoonguss\n|faint|p2b: Ursaluna\n|move|p1b: Basculegion|Hydro Pump|p2: Amoonguss|[notarget]\n|-fail|p1b: Basculegion\n|\n|-weather|none\n|upkeep\n|\n|t:|1698186267\n|switch|p2a: Kingambit|Kingambit, M|100\/100\n|-activate|p2a: Kingambit|ability: Supreme Overlord\n|-start|p2a: Kingambit|fallen5|[silent]\n|turn|9\n|\n|t:|1698186282\n|move|p1a: Tornadus|Rain Dance|p1a: Tornadus\n|-weather|RainDance\n|move|p2a: Kingambit|Sucker Punch|p1b: Basculegion\n|-supereffective|p1b: Basculegion\n|-damage|p1b: Basculegion|0 fnt\n|faint|p1b: Basculegion\n|\n|-weather|RainDance|[upkeep]\n|upkeep\n|turn|10\n|\n|t:|1698186292\n|move|p2a: Kingambit|Sucker Punch|p1a: Tornadus\n|-damage|p1a: Tornadus|0 fnt\n|faint|p1a: Tornadus\n|\n|win|burninggigan10\n|raw|Bazinga386's rating: 1080 &rarr; <strong>1060<\/strong><br \/>(-20 for losing)\n|raw|burninggigan10's rating: 1119 &rarr; <strong>1141<\/strong><br \/>(+22 for winning)\n|l|\u2606Bazinga386\n|c|\u2606burninggigan10|gg\n","uploadtime":1698186462,"views":36,"p1id":"bazinga386","p2id":"burninggigan10","formatid":"gen9doublesou","rating":1060,"private":0,"password":""}