{"id":"gen9doublesou-1983575002","p1":"jeremy63","p2":"Flexint","format":"[Gen 9] Doubles OU","log":"|j|\u2606jeremy63\n|j|\u2606Flexint\n|t:|1699145076\n|gametype|doubles\n|player|p1|jeremy63|burglar|1028\n|player|p2|Flexint|dragontamer|1101\n|teamsize|p1|6\n|teamsize|p2|6\n|gen|9\n|tier|[Gen 9] Doubles OU\n|rated|\n|rule|Species Clause: Limit one of each Pok\u00e9mon\n|rule|OHKO Clause: OHKO moves are banned\n|rule|Evasion Moves Clause: Evasion moves are banned\n|rule|Gravity Sleep Clause: The combination of sleep-inducing moves with imperfect accuracy and Gravity or Gigantamax Orbeetle are banned\n|rule|Endless Battle Clause: Forcing endless battles is banned\n|rule|HP Percentage Mod: HP is shown in percentages\n|clearpoke\n|poke|p1|Oricorio-Sensu, M|\n|poke|p1|Stantler, M|\n|poke|p1|Empoleon, M|\n|poke|p1|Cresselia, F|\n|poke|p1|Flamigo, F|\n|poke|p1|Pawmot, F|\n|poke|p2|Maushold-Four|\n|poke|p2|Glimmora, M|\n|poke|p2|Goodra, M|\n|poke|p2|Tauros-Paldea-Blaze, M|\n|poke|p2|Grafaiai, F|\n|poke|p2|Politoed, F|\n|teampreview\n|inactive|Battle timer is ON: inactive players will automatically lose when time's up. (requested by Flexint)\n|\n|t:|1699145101\n|start\n|switch|p1a: Oricorio|Oricorio-Sensu, M|100\/100\n|switch|p1b: Stantler|Stantler, M|100\/100\n|switch|p2a: Grafaiai|Grafaiai, F|100\/100\n|switch|p2b: Maushold|Maushold-Four|100\/100\n|-ability|p1b: Stantler|Intimidate|boost\n|-unboost|p2a: Grafaiai|atk|1\n|-unboost|p2b: Maushold|atk|1\n|turn|1\n|inactive|jeremy63 has 120 seconds left.\n|\n|t:|1699145133\n|move|p2a: Grafaiai|Substitute|p2a: Grafaiai\n|-start|p2a: Grafaiai|Substitute\n|-damage|p2a: Grafaiai|75\/100\n|move|p1b: Stantler|Skill Swap|p1a: Oricorio\n|-activate|p1b: Stantler|move: Skill Swap|||[of] p1a: Oricorio\n|-ability|p1a: Oricorio|Intimidate|boost\n|-immune|p2a: Grafaiai\n|-unboost|p2b: Maushold|atk|1\n|move|p1a: Oricorio|Quiver Dance|p1a: Oricorio\n|-boost|p1a: Oricorio|spa|1\n|-boost|p1a: Oricorio|spd|1\n|-boost|p1a: Oricorio|spe|1\n|-activate|p1b: Stantler|ability: Dancer\n|move|p1b: Stantler|Quiver Dance|p1b: Stantler|[from]ability: Dancer\n|-boost|p1b: Stantler|spa|1\n|-boost|p1b: Stantler|spd|1\n|-boost|p1b: Stantler|spe|1\n|move|p2b: Maushold|Thunder Wave|p1b: Stantler\n|-status|p1b: Stantler|par\n|\n|upkeep\n|turn|2\n|inactive|jeremy63 has 120 seconds left.\n|inactive|Flexint has 120 seconds left.\n|\n|t:|1699145175\n|switch|p2b: Politoed|Politoed, F|100\/100\n|-weather|RainDance|[from] ability: Drizzle|[of] p2b: Politoed\n|move|p2a: Grafaiai|Encore|p1a: Oricorio\n|-start|p1a: Oricorio|Encore\n|move|p1a: Oricorio|Quiver Dance|p1a: Oricorio\n|-boost|p1a: Oricorio|spa|1\n|-boost|p1a: Oricorio|spd|1\n|-boost|p1a: Oricorio|spe|1\n|-activate|p1b: Stantler|ability: Dancer\n|move|p1b: Stantler|Quiver Dance|p1b: Stantler|[from]ability: Dancer\n|-boost|p1b: Stantler|spa|1\n|-boost|p1b: Stantler|spd|1\n|-boost|p1b: Stantler|spe|1\n|move|p1b: Stantler|Stored Power|p2b: Politoed\n|-damage|p2b: Politoed|28\/100\n|-damage|p1b: Stantler|91\/100 par|[from] item: Life Orb\n|\n|-weather|RainDance|[upkeep]\n|upkeep\n|turn|3\n|inactive|jeremy63 has 120 seconds left.\n|inactive|Flexint has 120 seconds left.\n|\n|t:|1699145214\n|move|p2a: Grafaiai|Switcheroo|p1b: Stantler\n|-activate|p2a: Grafaiai|move: Trick|[of] p1b: Stantler\n|-item|p1b: Stantler|Lagging Tail|[from] move: Switcheroo\n|-item|p2a: Grafaiai|Life Orb|[from] move: Switcheroo\n|move|p1a: Oricorio|Quiver Dance|p1a: Oricorio\n|-boost|p1a: Oricorio|spa|1\n|-boost|p1a: Oricorio|spd|1\n|-boost|p1a: Oricorio|spe|1\n|-activate|p1b: Stantler|ability: Dancer\n|move|p1b: Stantler|Quiver Dance|p1b: Stantler|[from]ability: Dancer\n|-boost|p1b: Stantler|spa|1\n|-boost|p1b: Stantler|spd|1\n|-boost|p1b: Stantler|spe|1\n|move|p1b: Stantler|Skill Swap|p2a: Grafaiai\n|-activate|p1b: Stantler|move: Skill Swap|Prankster|Dancer|[of] p2a: Grafaiai\n|move|p2b: Politoed|Mud-Slap|p1b: Stantler\n|-damage|p1b: Stantler|88\/100 par\n|-unboost|p1b: Stantler|accuracy|1\n|\n|-weather|RainDance|[upkeep]\n|upkeep\n|turn|4\n|inactive|Flexint has 120 seconds left.\n|inactive|jeremy63 has 90 seconds left.\n|\n|t:|1699145257\n|move|p1b: Stantler|Skill Swap|p2a: Grafaiai\n|-activate|p1b: Stantler|move: Skill Swap|Dancer|Prankster|[of] p2a: Grafaiai\n|move|p2a: Grafaiai|Copycat|p2a: Grafaiai\n|move|p2a: Grafaiai|Skill Swap|p1b: Stantler|[from]move: Copycat\n|-activate|p2a: Grafaiai|move: Skill Swap|Dancer|Prankster|[of] p1b: Stantler\n|move|p1a: Oricorio|Quiver Dance|p1a: Oricorio\n|-boost|p1a: Oricorio|spa|1\n|-boost|p1a: Oricorio|spd|1\n|-boost|p1a: Oricorio|spe|1\n|-activate|p2a: Grafaiai|ability: Dancer\n|move|p2a: Grafaiai|Quiver Dance|p2a: Grafaiai|[from]ability: Dancer\n|-boost|p2a: Grafaiai|spa|1\n|-boost|p2a: Grafaiai|spd|1\n|-boost|p2a: Grafaiai|spe|1\n|-enditem|p1a: Oricorio|Mirror Herb\n|-boost|p1a: Oricorio|spa|1|[from] item: Mirror Herb\n|-boost|p1a: Oricorio|spd|1|[from] item: Mirror Herb\n|-boost|p1a: Oricorio|spe|1|[from] item: Mirror Herb\n|move|p2b: Politoed|Mud-Slap|p1b: Stantler\n|-damage|p1b: Stantler|85\/100 par\n|-unboost|p1b: Stantler|accuracy|1\n|\n|-weather|RainDance|[upkeep]\n|-end|p1a: Oricorio|Encore\n|upkeep\n|turn|5\n|inactive|jeremy63 has 90 seconds left.\n|inactive|Flexint has 90 seconds left.\n|inactive|jeremy63 has 60 seconds left.\n|\n|t:|1699145316\n|switch|p1b: Cresselia|Cresselia, F|100\/100\n|move|p2b: Politoed|Protect|p2b: Politoed\n|-singleturn|p2b: Politoed|Protect\n|move|p1a: Oricorio|Revelation Dance|p2b: Politoed\n|-activate|p2b: Politoed|move: Protect\n|move|p2a: Grafaiai|Copycat|p2a: Grafaiai\n|move|p2a: Grafaiai|Revelation Dance|p1a: Oricorio|[from]move: Copycat\n|-resisted|p1a: Oricorio\n|-damage|p1a: Oricorio|91\/100\n|-damage|p2a: Grafaiai|66\/100|[from] item: Life Orb\n|\n|-weather|RainDance|[upkeep]\n|upkeep\n|turn|6\n|inactive|Flexint has 90 seconds left.\n|inactive|jeremy63 has 60 seconds left.\n|\n|t:|1699145342\n|switch|p2b: Goodra|Goodra, M, shiny|100\/100\n|move|p1a: Oricorio|Protect|p1a: Oricorio\n|-singleturn|p1a: Oricorio|Protect\n|move|p2a: Grafaiai|Copycat||[still]\n|-fail|p2a: Grafaiai\n|move|p1b: Cresselia|Lunar Dance|p1b: Cresselia\n|faint|p1b: Cresselia\n|-activate|p2a: Grafaiai|ability: Dancer\n|move|p2a: Grafaiai|Lunar Dance|p2a: Grafaiai|[from]ability: Dancer\n|faint|p2a: Grafaiai\n|\n|-weather|RainDance|[upkeep]\n|upkeep\n|inactive|Flexint has 90 seconds left.\n|inactive|jeremy63 has 60 seconds left.\n|\n|t:|1699145368\n|switch|p2a: Maushold|Maushold-Four|100\/100\n|switch|p1b: Stantler|Stantler, M|85\/100 par\n|-heal|p2a: Maushold|100\/100|[from] move: Lunar Dance\n|-heal|p1b: Stantler|100\/100|[from] move: Lunar Dance\n|-ability|p1b: Stantler|Intimidate|boost\n|-unboost|p2a: Maushold|atk|1\n|-unboost|p2b: Goodra|atk|1\n|turn|7\n|inactive|Flexint has 90 seconds left.\n|inactive|jeremy63 has 60 seconds left.\n|\n|t:|1699145400\n|move|p2a: Maushold|Follow Me|p2a: Maushold\n|-singleturn|p2a: Maushold|move: Follow Me\n|move|p1a: Oricorio|Revelation Dance|p2a: Maushold\n|-immune|p2a: Maushold\n|move|p2b: Goodra|Thunder|p1a: Oricorio\n|-supereffective|p1a: Oricorio\n|-damage|p1a: Oricorio|66\/100\n|-status|p1a: Oricorio|par\n|move|p1b: Stantler|Earth Power|p2a: Maushold\n|-damage|p2a: Maushold|75\/100\n|\n|-weather|RainDance|[upkeep]\n|upkeep\n|turn|8\n|inactive|jeremy63 has 60 seconds left.\n|\n|t:|1699145428\n|cant|p1a: Oricorio|par\n|move|p2a: Maushold|Thunder Wave|p1b: Stantler|[miss]\n|-miss|p2a: Maushold|p1b: Stantler\n|move|p2b: Goodra|Muddy Water|p1a: Oricorio|[spread] p1a,p1b\n|-crit|p1b: Stantler\n|-damage|p1a: Oricorio|55\/100 par\n|-damage|p1b: Stantler|41\/100\n|move|p1b: Stantler|Skill Swap|p2a: Maushold\n|-activate|p1b: Stantler|move: Skill Swap|Cheek Pouch|Intimidate|[of] p2a: Maushold\n|-ability|p2a: Maushold|Intimidate|boost\n|-unboost|p1a: Oricorio|atk|1\n|-unboost|p1b: Stantler|atk|1\n|\n|-weather|RainDance|[upkeep]\n|upkeep\n|turn|9\n|inactive|jeremy63 has 60 seconds left.\n|\n|t:|1699145453\n|switch|p2a: Tauros|Tauros-Paldea-Blaze, M|100\/100\n|-ability|p2a: Tauros|Intimidate|boost\n|-unboost|p1a: Oricorio|atk|1\n|-unboost|p1b: Stantler|atk|1\n|move|p1a: Oricorio|Baton Pass|p1a: Oricorio\n|inactive|jeremy63 has 60 seconds left.\n|\n|t:|1699145460\n|switch|p1a: Empoleon|Empoleon, M|100\/100|[from] Baton Pass\n|move|p2b: Goodra|Thunder|p1a: Empoleon\n|-supereffective|p1a: Empoleon\n|-damage|p1a: Empoleon|87\/100\n|-status|p1a: Empoleon|par\n|move|p1b: Stantler|Skill Swap|p2a: Tauros\n|-activate|p1b: Stantler|move: Skill Swap|Intimidate|Cheek Pouch|[of] p2a: Tauros\n|-ability|p1b: Stantler|Intimidate|boost\n|-unboost|p2a: Tauros|atk|1\n|-unboost|p2b: Goodra|atk|1\n|\n|-weather|none\n|upkeep\n|turn|10\n|inactive|Flexint has 120 seconds left.\n|\n|t:|1699145482\n|move|p1a: Empoleon|Icy Wind|p2a: Tauros|[spread] p2a\n|-miss|p1a: Empoleon|p2b: Goodra\n|-resisted|p2a: Tauros\n|-damage|p2a: Tauros|83\/100\n|-unboost|p2a: Tauros|spe|1\n|move|p2b: Goodra|Muddy Water|p1b: Stantler|[spread] p1a,p1b\n|-resisted|p1a: Empoleon\n|-damage|p1a: Empoleon|84\/100 par\n|-damage|p1b: Stantler|15\/100\n|-unboost|p1a: Empoleon|accuracy|1\n|-ability|p1a: Empoleon|Competitive|boost\n|-boost|p1a: Empoleon|spa|1\n|move|p2a: Tauros|Body Press|p1a: Empoleon\n|-supereffective|p1a: Empoleon\n|-damage|p1a: Empoleon|13\/100 par\n|move|p1b: Stantler|Skill Swap|p2a: Tauros\n|-activate|p1b: Stantler|move: Skill Swap|Cheek Pouch|Intimidate|[of] p2a: Tauros\n|-ability|p2a: Tauros|Intimidate|boost\n|-unboost|p1a: Empoleon|atk|1\n|-boost|p1a: Empoleon|spa|0\n|-enditem|p1a: Empoleon|Adrenaline Orb\n|-boost|p1a: Empoleon|spe|1|[from] item: Adrenaline Orb\n|-unboost|p1b: Stantler|atk|1\n|\n|upkeep\n|turn|11\n|inactive|Flexint has 120 seconds left.\n|inactive|jeremy63 has 60 seconds left.\n|\n|t:|1699145518\n|move|p1a: Empoleon|Roost|p1a: Empoleon\n|-heal|p1a: Empoleon|63\/100 par\n|-singleturn|p1a: Empoleon|move: Roost\n|move|p2b: Goodra|Muddy Water|p1a: Empoleon|[spread] p1a,p1b\n|-resisted|p1a: Empoleon\n|-damage|p1a: Empoleon|61\/100 par\n|-damage|p1b: Stantler|0 fnt\n|faint|p1b: Stantler\n|move|p2a: Tauros|Flame Charge|p1a: Empoleon\n|-damage|p1a: Empoleon|47\/100 par\n|-boost|p2a: Tauros|spe|1\n|\n|upkeep\n|\n|t:|1699145533\n|switch|p1b: Flamigo|Flamigo, F|100\/100\n|-copyboost|p1b: Flamigo|p1a: Empoleon|[from] ability: Costar\n|-enditem|p1b: Flamigo|White Herb\n|-clearnegativeboost|p1b: Flamigo|[silent]\n|turn|12\n|inactive|jeremy63 has 60 seconds left.\n|inactive|Flexint has 120 seconds left.\n|\n|t:|1699145563\n|switch|p2b: Glimmora|Glimmora, M|100\/100\n|-terastallize|p1a: Empoleon|Water\n|move|p1b: Flamigo|Copycat|p1b: Flamigo\n|move|p1b: Flamigo|Flame Charge|p2b: Glimmora|[from]move: Copycat\n|-resisted|p2b: Glimmora\n|-damage|p2b: Glimmora|94\/100\n|-damage|p1b: Flamigo|84\/100|[from] item: Rocky Helmet|[of] p2b: Glimmora\n|-activate|p2b: Glimmora|ability: Toxic Debris\n|-sidestart|p1: jeremy63|move: Toxic Spikes\n|move|p1a: Empoleon|Surf|p2b: Glimmora|[spread] p1b,p2a\n|-miss|p1a: Empoleon|p2b: Glimmora\n|-supereffective|p2a: Tauros\n|-damage|p1b: Flamigo|0 fnt\n|-damage|p2a: Tauros|0 fnt\n|faint|p1b: Flamigo\n|faint|p2a: Tauros\n|\n|upkeep\n|inactive|jeremy63 has 60 seconds left.\n|inactive|Flexint has 120 seconds left.\n|\n|t:|1699145589\n|switch|p1b: Pawmot|Pawmot, F|100\/100\n|switch|p2a: Goodra|Goodra, M, shiny|100\/100\n|-status|p1b: Pawmot|psn\n|turn|13\n|\n|t:|1699145603\n|switch|p2b: Politoed|Politoed, F|28\/100\n|-weather|RainDance|[from] ability: Drizzle|[of] p2b: Politoed\n|move|p1b: Pawmot|Revival Blessing|p1b: Pawmot\n|inactive|jeremy63 has 60 seconds left.\n|\n|t:|1699145618\n|-heal|p1: Cresselia|50\/100|[from] move: Revival Blessing\n|move|p1a: Empoleon|Surf|p2a: Goodra|[spread] p1b,p2b\n|-miss|p1a: Empoleon|p2a: Goodra\n|-resisted|p2b: Politoed\n|-damage|p1b: Pawmot|0 fnt\n|-damage|p2b: Politoed|0 fnt\n|faint|p1b: Pawmot\n|faint|p2b: Politoed\n|move|p2a: Goodra|Thunder|p1a: Empoleon\n|-supereffective|p1a: Empoleon\n|-damage|p1a: Empoleon|32\/100 par\n|\n|-weather|RainDance|[upkeep]\n|upkeep\n|\n|t:|1699145634\n|switch|p1b: Oricorio|Oricorio-Sensu, M|55\/100 par\n|switch|p2b: Maushold|Maushold-Four|75\/100\n|turn|14\n|\n|t:|1699145660\n|move|p1a: Empoleon|Roost|p1a: Empoleon\n|-heal|p1a: Empoleon|82\/100 par\n|move|p2b: Maushold|Thief|p1a: Empoleon\n|-damage|p1a: Empoleon|72\/100 par\n|move|p2a: Goodra|Muddy Water|p1a: Empoleon|[spread] p1a,p1b\n|-resisted|p1a: Empoleon\n|-damage|p1a: Empoleon|69\/100 par\n|-damage|p1b: Oricorio|14\/100 par\n|move|p1b: Oricorio|Quiver Dance|p1b: Oricorio\n|-boost|p1b: Oricorio|spa|1\n|-boost|p1b: Oricorio|spd|1\n|-boost|p1b: Oricorio|spe|1\n|\n|-weather|RainDance|[upkeep]\n|upkeep\n|turn|15\n|inactive|jeremy63 has 60 seconds left.\n|\n|t:|1699145697\n|move|p1a: Empoleon|Flash Cannon|p2b: Maushold|[miss]\n|-miss|p1a: Empoleon|p2b: Maushold\n|move|p2b: Maushold|Thief|p1b: Oricorio\n|-supereffective|p1b: Oricorio\n|-damage|p1b: Oricorio|0 fnt\n|faint|p1b: Oricorio\n|move|p2a: Goodra|Muddy Water|p1a: Empoleon\n|-resisted|p1a: Empoleon\n|-damage|p1a: Empoleon|64\/100 par\n|\n|-weather|RainDance|[upkeep]\n|upkeep\n|\n|t:|1699145709\n|switch|p1b: Cresselia|Cresselia, F|50\/100\n|turn|16\n|inactive|jeremy63 has 60 seconds left.\n|\n|t:|1699145729\n|cant|p1a: Empoleon|par\n|move|p2b: Maushold|Thunder Wave|p1b: Cresselia\n|-status|p1b: Cresselia|par\n|move|p2a: Goodra|Muddy Water|p1a: Empoleon|[spread] p1b\n|-miss|p2a: Goodra|p1a: Empoleon\n|-damage|p1b: Cresselia|37\/100 par\n|move|p1b: Cresselia|Lunar Blessing|p1b: Cresselia|[spread] p1a,p1b\n|-heal|p1a: Empoleon|89\/100 par\n|-curestatus|p1a: Empoleon|par|[msg]\n|-heal|p1b: Cresselia|62\/100 par\n|-curestatus|p1b: Cresselia|par|[msg]\n|\n|-weather|RainDance|[upkeep]\n|upkeep\n|turn|17\n|inactive|jeremy63 has 60 seconds left.\n|\n|t:|1699145757\n|move|p1b: Cresselia|Protect|p1b: Cresselia\n|-singleturn|p1b: Cresselia|Protect\n|move|p1a: Empoleon|Surf|p2a: Goodra|[spread] p2a,p2b\n|-activate|p1b: Cresselia|move: Protect\n|-resisted|p2a: Goodra\n|-damage|p2a: Goodra|20\/100\n|-damage|p2b: Maushold|0 fnt\n|faint|p2b: Maushold\n|move|p2a: Goodra|Thunder|p1a: Empoleon\n|-supereffective|p1a: Empoleon\n|-damage|p1a: Empoleon|75\/100\n|\n|-weather|RainDance|[upkeep]\n|-heal|p2a: Goodra|26\/100|[from] item: Leftovers\n|upkeep\n|inactive|Flexint has 120 seconds left.\n|\n|t:|1699145772\n|switch|p2b: Glimmora|Glimmora, M|94\/100\n|turn|18\n|\n|t:|1699145782\n|move|p1a: Empoleon|Surf|p2a: Goodra|[spread] p1b,p2a,p2b\n|-resisted|p2a: Goodra\n|-supereffective|p2b: Glimmora\n|-damage|p1b: Cresselia|0 fnt\n|-damage|p2a: Goodra|0 fnt\n|-damage|p2b: Glimmora|0 fnt\n|faint|p1b: Cresselia\n|faint|p2a: Goodra\n|faint|p2b: Glimmora\n|\n|win|jeremy63\n|raw|jeremy63's rating: 1028 &rarr; <strong>1071<\/strong><br \/>(+43 for winning)\n|raw|Flexint's rating: 1101 &rarr; <strong>1071<\/strong><br \/>(-30 for losing)\n|l|\u2606Flexint\n","uploadtime":1699146179,"views":14,"p1id":"jeremy63","p2id":"flexint","formatid":"gen9doublesou","rating":1071,"private":0,"password":""}