{"id":"gen9doublesou-1972326657","p1":"LuBiStar20","p2":"Kodiak3b","format":"[Gen 9] Doubles OU","log":"|j|\u2606LuBiStar20\n|j|\u2606Kodiak3b\n|inactive|Battle timer is ON: inactive players will automatically lose when time's up.\n|t:|1697831656\n|gametype|doubles\n|player|p1|LuBiStar20|iris-gen5bw2|\n|player|p2|Kodiak3b|iono|\n|teamsize|p1|6\n|teamsize|p2|6\n|gen|9\n|tier|[Gen 9] Doubles OU\n|rated|Tournament battle\n|rule|Species Clause: Limit one of each Pok\u00e9mon\n|rule|OHKO Clause: OHKO moves are banned\n|rule|Evasion Moves Clause: Evasion moves are banned\n|rule|Gravity Sleep Clause: The combination of sleep-inducing moves with imperfect accuracy and Gravity or Gigantamax Orbeetle are banned\n|rule|Endless Battle Clause: Forcing endless battles is banned\n|rule|HP Percentage Mod: HP is shown in percentages\n|clearpoke\n|poke|p1|Fezandipiti, M|\n|poke|p1|Tornadus, M|\n|poke|p1|Gholdengo|\n|poke|p1|Ogerpon-Wellspring, F|\n|poke|p1|Landorus-Therian, M|\n|poke|p1|Chi-Yu|\n|poke|p2|Ogerpon-Hearthflame, F|\n|poke|p2|Flutter Mane|\n|poke|p2|Tornadus, M|\n|poke|p2|Iron Hands|\n|poke|p2|Ninetales-Alola, M|\n|poke|p2|Iron Bundle|\n|teampreview\n|inactive|LuBiStar20 also wants the timer to be on.\n|\n|t:|1697831665\n|start\n|switch|p1a: Fezandipiti|Fezandipiti, M|100\/100\n|switch|p1b: Ogerpon|Ogerpon-Wellspring, F|100\/100\n|switch|p2a: Tornadus|Tornadus, M, shiny|100\/100\n|switch|p2b: Ninetales|Ninetales-Alola, M, shiny|100\/100\n|-weather|Snow|[from] ability: Snow Warning|[of] p2b: Ninetales\n|turn|1\n|\n|t:|1697831674\n|move|p2a: Tornadus|Tailwind|p2a: Tornadus\n|-sidestart|p2: Kodiak3b|move: Tailwind\n|move|p2b: Ninetales|Blizzard|p1b: Ogerpon|[spread] p1a,p1b\n|-damage|p1a: Fezandipiti|80\/100\n|-damage|p1b: Ogerpon|69\/100\n|move|p1b: Ogerpon|Ivy Cudgel|p2a: Tornadus\n|-damage|p2a: Tornadus|22\/100\n|move|p1a: Fezandipiti|Icy Wind|p2b: Ninetales|[spread] p2a,p2b\n|-supereffective|p2a: Tornadus\n|-resisted|p2b: Ninetales\n|-crit|p2b: Ninetales\n|-damage|p2a: Tornadus|4\/100\n|-damage|p2b: Ninetales|96\/100\n|-unboost|p2a: Tornadus|spe|1\n|-unboost|p2b: Ninetales|spe|1\n|\n|-weather|Snow|[upkeep]\n|upkeep\n|turn|2\n|\n|t:|1697831691\n|move|p1b: Ogerpon|Spiky Shield|p1b: Ogerpon\n|-singleturn|p1b: Ogerpon|move: Protect\n|move|p2a: Tornadus|Bleakwind Storm|p1b: Ogerpon|[spread] p1a\n|-activate|p1b: Ogerpon|move: Protect\n|-damage|p1a: Fezandipiti|53\/100\n|-unboost|p1a: Fezandipiti|spe|1\n|move|p2b: Ninetales|Aurora Veil|p2b: Ninetales\n|-sidestart|p2: Kodiak3b|move: Aurora Veil\n|move|p1a: Fezandipiti|Taunt|p2b: Ninetales\n|-start|p2b: Ninetales|move: Taunt\n|\n|-weather|Snow|[upkeep]\n|upkeep\n|turn|3\n|\n|t:|1697831714\n|switch|p2b: Iron Bundle|Iron Bundle, shiny|100\/100\n|-enditem|p2b: Iron Bundle|Booster Energy\n|-activate|p2b: Iron Bundle|ability: Quark Drive|[fromitem]\n|-start|p2b: Iron Bundle|quarkdrivespe\n|move|p2a: Tornadus|Bleakwind Storm|p1b: Ogerpon|[spread] p1a,p1b\n|-supereffective|p1b: Ogerpon\n|-damage|p1a: Fezandipiti|28\/100\n|-damage|p1b: Ogerpon|0 fnt\n|-enditem|p1a: Fezandipiti|Sitrus Berry|[eat]\n|-heal|p1a: Fezandipiti|53\/100|[from] item: Sitrus Berry\n|faint|p1b: Ogerpon\n|move|p1a: Fezandipiti|U-turn|p2a: Tornadus\n|-resisted|p2a: Tornadus\n|-damage|p2a: Tornadus|0 fnt\n|faint|p2a: Tornadus\n|\n|t:|1697831725\n|switch|p1a: Tornadus|Tornadus, M|100\/100|[from] U-turn\n|\n|-weather|Snow|[upkeep]\n|upkeep\n|\n|t:|1697831735\n|switch|p2a: Flutter Mane|Flutter Mane, shiny|100\/100\n|switch|p1b: Gholdengo|Gholdengo|100\/100\n|-enditem|p2a: Flutter Mane|Booster Energy\n|-activate|p2a: Flutter Mane|ability: Protosynthesis|[fromitem]\n|-start|p2a: Flutter Mane|protosynthesisspe\n|turn|4\n|\n|t:|1697831748\n|move|p1b: Gholdengo|Protect|p1b: Gholdengo\n|-singleturn|p1b: Gholdengo|Protect\n|move|p1a: Tornadus|Tailwind|p1a: Tornadus\n|-sidestart|p1: LuBiStar20|move: Tailwind\n|move|p2b: Iron Bundle|Blizzard|p1a: Tornadus|[spread] p1a\n|-activate|p1b: Gholdengo|move: Protect\n|-supereffective|p1a: Tornadus\n|-enditem|p1a: Tornadus|Focus Sash\n|-damage|p1a: Tornadus|1\/100\n|move|p2a: Flutter Mane|Shadow Ball|p1b: Gholdengo\n|-activate|p1b: Gholdengo|move: Protect\n|\n|-weather|Snow|[upkeep]\n|-sideend|p2: Kodiak3b|move: Tailwind\n|upkeep\n|turn|5\n|inactive|Kodiak3b has 120 seconds left.\n|\n|t:|1697831780\n|-terastallize|p1b: Gholdengo|Steel\n|move|p1a: Tornadus|Bleakwind Storm|p2b: Iron Bundle|[spread] p2a\n|-miss|p1a: Tornadus|p2b: Iron Bundle\n|-damage|p2a: Flutter Mane|77\/100\n|move|p2b: Iron Bundle|Hydro Pump|p1b: Gholdengo\n|-damage|p1b: Gholdengo|37\/100\n|move|p1b: Gholdengo|Make It Rain|p2a: Flutter Mane|[spread] p2a,p2b\n|-supereffective|p2a: Flutter Mane\n|-damage|p2a: Flutter Mane|5\/100\n|-damage|p2b: Iron Bundle|12\/100\n|-unboost|p1b: Gholdengo|spa|1\n|move|p2a: Flutter Mane|Shadow Ball|p1b: Gholdengo\n|-damage|p1b: Gholdengo|0 fnt\n|faint|p1b: Gholdengo\n|\n|-weather|Snow|[upkeep]\n|upkeep\n|inactive|LuBiStar20 has 120 seconds left.\n|\n|t:|1697831804\n|switch|p1b: Chi-Yu|Chi-Yu|100\/100\n|-ability|p1b: Chi-Yu|Beads of Ruin\n|turn|6\n|inactive|LuBiStar20 has 120 seconds left.\n|\n|t:|1697831838\n|-end|p2a: Flutter Mane|Protosynthesis|[silent]\n|switch|p2a: Iron Hands|Iron Hands, shiny|100\/100\n|move|p2b: Iron Bundle|Protect|p2b: Iron Bundle\n|-singleturn|p2b: Iron Bundle|Protect\n|move|p1a: Tornadus|Bleakwind Storm|p2a: Iron Hands|[spread] p2a\n|-activate|p2b: Iron Bundle|move: Protect\n|-damage|p2a: Iron Hands|84\/100\n|move|p1b: Chi-Yu|Snarl|p2b: Iron Bundle|[spread] p2a\n|-activate|p2b: Iron Bundle|move: Protect\n|-resisted|p2a: Iron Hands\n|-damage|p2a: Iron Hands|78\/100\n|-unboost|p2a: Iron Hands|spa|1\n|\n|-weather|Snow|[upkeep]\n|-sideend|p2: Kodiak3b|move: Aurora Veil\n|upkeep\n|turn|7\n|\n|t:|1697831853\n|move|p1a: Tornadus|Protect|p1a: Tornadus\n|-singleturn|p1a: Tornadus|Protect\n|move|p2a: Iron Hands|Fake Out|p1a: Tornadus\n|-activate|p1a: Tornadus|move: Protect\n|move|p1b: Chi-Yu|Snarl|p2a: Iron Hands|[spread] p2a,p2b\n|-resisted|p2a: Iron Hands\n|-damage|p2a: Iron Hands|68\/100\n|-damage|p2b: Iron Bundle|0 fnt\n|-unboost|p2a: Iron Hands|spa|1\n|faint|p2b: Iron Bundle\n|-end|p2b: Iron Bundle|Quark Drive|[silent]\n|\n|-weather|Snow|[upkeep]\n|-sideend|p1: LuBiStar20|move: Tailwind\n|upkeep\n|\n|t:|1697831872\n|switch|p2b: Ninetales|Ninetales-Alola, M, shiny|96\/100\n|turn|8\n|\n|t:|1697831882\n|switch|p1a: Fezandipiti|Fezandipiti, M|53\/100\n|switch|p1b: Landorus|Landorus-Therian, M|100\/100\n|-ability|p1b: Landorus|Intimidate|boost\n|-unboost|p2a: Iron Hands|atk|1\n|-unboost|p2b: Ninetales|atk|1\n|move|p2b: Ninetales|Blizzard|p1b: Landorus|[spread] p1a,p1b\n|-supereffective|p1b: Landorus\n|-damage|p1a: Fezandipiti|34\/100\n|-damage|p1b: Landorus|0 fnt\n|faint|p1b: Landorus\n|move|p2a: Iron Hands|Close Combat|p1a: Fezandipiti\n|-resisted|p1a: Fezandipiti\n|-damage|p1a: Fezandipiti|24\/100\n|-unboost|p2a: Iron Hands|def|1\n|-unboost|p2a: Iron Hands|spd|1\n|\n|-weather|none\n|upkeep\n|\n|t:|1697831887\n|switch|p1b: Chi-Yu|Chi-Yu|100\/100\n|-ability|p1b: Chi-Yu|Beads of Ruin\n|turn|9\n|\n|t:|1697831897\n|-end|p2a: Iron Hands|Quark Drive|[silent]\n|switch|p2a: Flutter Mane|Flutter Mane, shiny|5\/100\n|move|p2b: Ninetales|Protect|p2b: Ninetales\n|-singleturn|p2b: Ninetales|Protect\n|move|p1b: Chi-Yu|Overheat|p2a: Flutter Mane\n|-damage|p2a: Flutter Mane|0 fnt\n|-unboost|p1b: Chi-Yu|spa|2\n|faint|p2a: Flutter Mane\n|-end|p2a: Flutter Mane|Protosynthesis|[silent]\n|move|p1a: Fezandipiti|Gunk Shot|p2b: Ninetales\n|-activate|p2b: Ninetales|move: Protect\n|\n|upkeep\n|\n|t:|1697831905\n|switch|p2a: Ogerpon|Ogerpon-Hearthflame, F|100\/100\n|-ability|p2a: Ogerpon|Mold Breaker\n|turn|10\n|\n|t:|1697831931\n|switch|p1b: Tornadus|Tornadus, M|1\/100\n|move|p2a: Ogerpon|Swords Dance|p2a: Ogerpon\n|-boost|p2a: Ogerpon|atk|2\n|move|p2b: Ninetales|Blizzard|p1a: Fezandipiti|[spread] p1a,p1b\n|-supereffective|p1b: Tornadus\n|-damage|p1a: Fezandipiti|5\/100\n|-damage|p1b: Tornadus|0 fnt\n|faint|p1b: Tornadus\n|move|p1a: Fezandipiti|U-turn|p2a: Ogerpon\n|-damage|p2a: Ogerpon|80\/100\n|\n|t:|1697831933\n|switch|p1a: Chi-Yu|Chi-Yu|100\/100|[from] U-turn\n|-ability|p1a: Chi-Yu|Beads of Ruin\n|\n|upkeep\n|\n|t:|1697831935\n|switch|p1b: Fezandipiti|Fezandipiti, M|5\/100\n|turn|11\n|\n|t:|1697831949\n|move|p2a: Ogerpon|Power Whip|p1a: Chi-Yu\n|-resisted|p1a: Chi-Yu\n|-damage|p1a: Chi-Yu|8\/100\n|move|p1a: Chi-Yu|Heat Wave|p2a: Ogerpon|[spread] p2a,p2b\n|-supereffective|p2b: Ninetales\n|-damage|p2a: Ogerpon|9\/100\n|-damage|p2b: Ninetales|0 fnt\n|faint|p2b: Ninetales\n|move|p1b: Fezandipiti|Icy Wind|p2a: Ogerpon\n|-damage|p2a: Ogerpon|0 fnt\n|faint|p2a: Ogerpon\n|\n|upkeep\n|\n|t:|1697831955\n|switch|p2b: Iron Hands|Iron Hands, shiny|68\/100\n|turn|12\n|\n|t:|1697831962\n|move|p2b: Iron Hands|Fake Out|p1a: Chi-Yu\n|-damage|p1a: Chi-Yu|0 fnt\n|faint|p1a: Chi-Yu\n|move|p1b: Fezandipiti|Gunk Shot|p2b: Iron Hands\n|-damage|p2b: Iron Hands|43\/100\n|-status|p2b: Iron Hands|tox|[from] ability: Toxic Chain|[of] p1b: Fezandipiti\n|\n|-damage|p2b: Iron Hands|37\/100 tox|[from] psn\n|upkeep\n|turn|13\n|\n|t:|1697831973\n|move|p1b: Fezandipiti|Gunk Shot|p2b: Iron Hands\n|-damage|p2b: Iron Hands|7\/100 tox\n|move|p2b: Iron Hands|Wild Charge|p1b: Fezandipiti\n|-damage|p1b: Fezandipiti|0 fnt\n|faint|p1b: Fezandipiti\n|-damage|p2b: Iron Hands|5\/100 tox|[from] Recoil\n|\n|win|Kodiak3b\n|n|\u2606LuBiStar20|lubistar20\n|n|\u2606Kodiak3b|kodiak3b\n","uploadtime":1697831976,"views":14,"p1id":"lubistar20","p2id":"kodiak3b","formatid":"gen9doublesou","rating":0,"private":0,"password":""}