{"id":"gen9doublesou-1993187679","p1":"Vengeful Hannya","p2":"EVE09","format":"[Gen 9] Doubles OU","log":"|j|\u2606Vengeful Hannya\n|j|\u2606EVE09\n|t:|1700275563\n|gametype|doubles\n|player|p1|Vengeful Hannya|veteran-gen4|1415\n|player|p2|EVE09|170|1574\n|teamsize|p1|6\n|teamsize|p2|6\n|gen|9\n|tier|[Gen 9] Doubles OU\n|rated|\n|rule|Species Clause: Limit one of each Pok\u00e9mon\n|rule|OHKO Clause: OHKO moves are banned\n|rule|Evasion Moves Clause: Evasion moves are banned\n|rule|Gravity Sleep Clause: The combination of sleep-inducing moves with imperfect accuracy and Gravity or Gigantamax Orbeetle are banned\n|rule|Endless Battle Clause: Forcing endless battles is banned\n|rule|HP Percentage Mod: HP is shown in percentages\n|clearpoke\n|poke|p1|Empoleon, F|\n|poke|p1|Ogerpon-Wellspring, F|\n|poke|p1|Pelipper, F|\n|poke|p1|Flutter Mane|\n|poke|p1|Iron Hands|\n|poke|p1|Goodra-Hisui, F|\n|poke|p2|Sylveon, F|\n|poke|p2|Kingambit, F|\n|poke|p2|Ceruledge, F|\n|poke|p2|Ting-Lu|\n|poke|p2|Sinistcha|\n|poke|p2|Landorus-Therian, M|\n|teampreview\n|inactive|Battle timer is ON: inactive players will automatically lose when time's up. (requested by EVE09)\n|\n|t:|1700275590\n|start\n|switch|p1a: Elisabeth|Empoleon, F|100\/100\n|switch|p1b: Tybee|Pelipper, F|100\/100\n|switch|p2a: Kingambit|Kingambit, F|100\/100\n|switch|p2b: Ting-Lu|Ting-Lu|100\/100\n|-weather|RainDance|[from] ability: Drizzle|[of] p1b: Tybee\n|-ability|p2b: Ting-Lu|Vessel of Ruin\n|turn|1\n|\n|t:|1700275620\n|-terastallize|p2b: Ting-Lu|Poison\n|move|p1b: Tybee|Hydro Pump|p2b: Ting-Lu\n|-damage|p2b: Ting-Lu|79\/100\n|move|p1a: Elisabeth|Surf|p2a: Kingambit|[spread] p1b,p2a,p2b\n|-resisted|p1b: Tybee\n|-damage|p1b: Tybee|72\/100\n|-damage|p2a: Kingambit|75\/100\n|-damage|p2b: Ting-Lu|60\/100\n|move|p2a: Kingambit|Kowtow Cleave|p1a: Elisabeth\n|-damage|p1a: Elisabeth|55\/100\n|move|p2b: Ting-Lu|Stomping Tantrum|p1a: Elisabeth\n|-supereffective|p1a: Elisabeth\n|-damage|p1a: Elisabeth|0 fnt\n|faint|p1a: Elisabeth\n|\n|-weather|RainDance|[upkeep]\n|upkeep\n|\n|t:|1700275635\n|switch|p1a: Hannya|Ogerpon-Wellspring, F|100\/100\n|turn|2\n|inactive|EVE09 has 120 seconds left.\n|\n|t:|1700275670\n|switch|p2b: Landorus|Landorus-Therian, M|100\/100\n|-ability|p2b: Landorus|Intimidate|boost\n|-unboost|p1a: Hannya|atk|1\n|-unboost|p1b: Tybee|atk|1\n|move|p1a: Hannya|Ivy Cudgel|p2b: Landorus|[anim] Ivy Cudgel Water\n|-supereffective|p2b: Landorus\n|-damage|p2b: Landorus|0 fnt\n|faint|p2b: Landorus\n|move|p1b: Tybee|Tailwind|p1b: Tybee\n|-sidestart|p1: Vengeful Hannya|move: Tailwind\n|move|p2a: Kingambit|Kowtow Cleave|p1a: Hannya\n|-damage|p1a: Hannya|47\/100\n|\n|-weather|RainDance|[upkeep]\n|upkeep\n|inactive|EVE09 has 120 seconds left.\n|\n|t:|1700275697\n|switch|p2b: Ceruledge|Ceruledge, F|100\/100\n|turn|3\n|inactive|EVE09 has 120 seconds left.\n|\n|t:|1700275715\n|switch|p2b: Sinistcha|Sinistcha|100\/100\n|-heal|p2a: Kingambit|99\/100|[from] ability: Hospitality|[of] p2b: Sinistcha\n|move|p1a: Hannya|Follow Me|p1a: Hannya\n|-singleturn|p1a: Hannya|move: Follow Me\n|move|p1b: Tybee|Hydro Pump|p1a: Hannya\n|-heal|p1a: Hannya|72\/100|[from] ability: Water Absorb|[of] p1b: Tybee\n|move|p2a: Kingambit|Kowtow Cleave|p1a: Hannya\n|-damage|p1a: Hannya|14\/100\n|\n|-weather|RainDance|[upkeep]\n|upkeep\n|turn|4\n|inactive|EVE09 has 120 seconds left.\n|\n|t:|1700275759\n|switch|p1a: Shussebora|Goodra-Hisui, F|100\/100\n|move|p1b: Tybee|Hurricane|p2b: Sinistcha\n|-supereffective|p2b: Sinistcha\n|-damage|p2b: Sinistcha|8\/100\n|-enditem|p2b: Sinistcha|Sitrus Berry|[eat]\n|-heal|p2b: Sinistcha|33\/100|[from] item: Sitrus Berry\n|move|p2b: Sinistcha|Matcha Gotcha|p1b: Tybee|[spread] p1a,p1b\n|-resisted|p1a: Shussebora\n|-damage|p1a: Shussebora|96\/100\n|-heal|p2b: Sinistcha|35\/100|[from] drain|[of] p1a: Shussebora\n|-damage|p1b: Tybee|36\/100\n|-heal|p2b: Sinistcha|50\/100|[from] drain|[of] p1b: Tybee\n|move|p2a: Kingambit|Kowtow Cleave|p1a: Shussebora\n|-damage|p1a: Shussebora|67\/100\n|\n|-weather|RainDance|[upkeep]\n|-heal|p1a: Shussebora|73\/100|[from] item: Leftovers\n|upkeep\n|turn|5\n|inactive|EVE09 has 90 seconds left.\n|inactive|Vengeful Hannya has 120 seconds left.\n|\n|t:|1700275800\n|switch|p1b: Shogun|Iron Hands|100\/100\n|-enditem|p1b: Shogun|Booster Energy\n|-activate|p1b: Shogun|ability: Quark Drive|[fromitem]\n|-start|p1b: Shogun|quarkdriveatk\n|switch|p2b: Ting-Lu|Ting-Lu, tera:Poison|60\/100\n|-ability|p2b: Ting-Lu|Vessel of Ruin\n|move|p1a: Shussebora|Body Press|p2a: Kingambit\n|-supereffective|p2a: Kingambit\n|-damage|p2a: Kingambit|34\/100\n|move|p2a: Kingambit|Low Kick|p1a: Shussebora\n|-supereffective|p1a: Shussebora\n|-damage|p1a: Shussebora|11\/100\n|\n|-weather|RainDance|[upkeep]\n|-heal|p1a: Shussebora|17\/100|[from] item: Leftovers\n|-sideend|p1: Vengeful Hannya|move: Tailwind\n|upkeep\n|turn|6\n|inactive|EVE09 has 90 seconds left.\n|\n|t:|1700275826\n|switch|p2a: Sinistcha|Sinistcha|50\/100\n|-heal|p2b: Ting-Lu|85\/100|[from] ability: Hospitality|[of] p2a: Sinistcha\n|switch|p1a: Tybee|Pelipper, F|36\/100\n|move|p1b: Shogun|Drain Punch|p2a: Sinistcha\n|-immune|p2a: Sinistcha\n|move|p2b: Ting-Lu|Ruination|p1b: Shogun\n|-damage|p1b: Shogun|50\/100\n|\n|-weather|RainDance|[upkeep]\n|upkeep\n|turn|7\n|\n|t:|1700275847\n|switch|p2a: Kingambit|Kingambit, F|34\/100\n|move|p1a: Tybee|Hurricane|p2a: Kingambit\n|-resisted|p2a: Kingambit\n|-damage|p2a: Kingambit|25\/100\n|move|p1b: Shogun|Wild Charge|p2b: Ting-Lu\n|-damage|p2b: Ting-Lu|56\/100\n|-damage|p1b: Shogun|43\/100|[from] Recoil\n|move|p2b: Ting-Lu|Stomping Tantrum|p1b: Shogun\n|-supereffective|p1b: Shogun\n|-damage|p1b: Shogun|0 fnt\n|faint|p1b: Shogun\n|-end|p1b: Shogun|Quark Drive|[silent]\n|\n|-weather|RainDance|[upkeep]\n|upkeep\n|\n|t:|1700275854\n|switch|p1b: Nukekubi|Flutter Mane|100\/100\n|turn|8\n|inactive|EVE09 has 120 seconds left.\n|-message|Vengeful Hannya forfeited.\n|\n|win|EVE09\n|raw|Vengeful Hannya's rating: 1415 &rarr; <strong>1404<\/strong><br \/>(-11 for losing)\n|raw|EVE09's rating: 1574 &rarr; <strong>1585<\/strong><br \/>(+11 for winning)\n","uploadtime":1700275879,"views":21,"p1id":"vengefulhannya","p2id":"eve09","formatid":"gen9doublesou","rating":1404,"private":0,"password":""}