{"id":"gen9doublesou-1971215899","p1":"Slotho15","p2":"greyloki","format":"[Gen 9] Doubles OU","log":"|j|\u2606Slotho15\n|j|\u2606greyloki\n|t:|1697720625\n|gametype|doubles\n|player|p1|Slotho15|ghetsis|1050\n|player|p2|greyloki|psychic|1081\n|teamsize|p1|6\n|teamsize|p2|6\n|gen|9\n|tier|[Gen 9] Doubles OU\n|rated|\n|rule|Species Clause: Limit one of each Pok\u00e9mon\n|rule|OHKO Clause: OHKO moves are banned\n|rule|Evasion Moves Clause: Evasion moves are banned\n|rule|Gravity Sleep Clause: The combination of sleep-inducing moves with imperfect accuracy and Gravity or Gigantamax Orbeetle are banned\n|rule|Endless Battle Clause: Forcing endless battles is banned\n|rule|HP Percentage Mod: HP is shown in percentages\n|clearpoke\n|poke|p1|Azumarill, M|\n|poke|p1|Cresselia, F|\n|poke|p1|Slaking, M|\n|poke|p1|Kingambit, M|\n|poke|p1|Sinistcha-Masterpiece|\n|poke|p1|Ursaluna-Bloodmoon, M|\n|poke|p2|Klefki, M|\n|poke|p2|Grimmsnarl, M|\n|poke|p2|Pawmot, F|\n|poke|p2|Eelektross, F|\n|poke|p2|Garchomp, F|\n|poke|p2|Iron Hands|\n|teampreview\n|\n|t:|1697720638\n|start\n|switch|p1a: Azumarill|Azumarill, M|100\/100\n|switch|p1b: Cresselia|Cresselia, F|100\/100\n|switch|p2a: Klefki|Klefki, M|100\/100\n|switch|p2b: Grimmsnarl|Grimmsnarl, M, shiny|100\/100\n|turn|1\n|\n|t:|1697720654\n|move|p2a: Klefki|Light Screen|p2a: Klefki\n|-sidestart|p2: greyloki|move: Light Screen\n|move|p2b: Grimmsnarl|Trick|p1a: Azumarill\n|-activate|p2b: Grimmsnarl|move: Trick|[of] p1a: Azumarill\n|-item|p1a: Azumarill|Lagging Tail|[from] move: Trick\n|-item|p2b: Grimmsnarl|Aguav Berry|[from] move: Trick\n|move|p1b: Cresselia|Skill Swap|p1a: Azumarill\n|-activate|p1b: Cresselia|move: Skill Swap|||[of] p1a: Azumarill\n|move|p1a: Azumarill|Body Slam|p2b: Grimmsnarl\n|-damage|p2b: Grimmsnarl|87\/100\n|\n|upkeep\n|turn|2\n|\n|t:|1697720674\n|switch|p1a: Slaking|Slaking, M|100\/100\n|move|p2a: Klefki|Reflect|p2a: Klefki\n|-sidestart|p2: greyloki|Reflect\n|move|p2b: Grimmsnarl|Parting Shot|p1b: Cresselia\n|-unboost|p1b: Cresselia|atk|1\n|-unboost|p1b: Cresselia|spa|1\n|\n|t:|1697720684\n|switch|p2b: Iron Hands|Iron Hands|100\/100|[from] Parting Shot\n|-enditem|p2b: Iron Hands|Booster Energy\n|-activate|p2b: Iron Hands|ability: Quark Drive|[fromitem]\n|-start|p2b: Iron Hands|quarkdriveatk\n|move|p1b: Cresselia|Skill Swap|p1a: Slaking\n|-activate|p1b: Cresselia|move: Skill Swap|||[of] p1a: Slaking\n|\n|upkeep\n|turn|3\n|\n|t:|1697720703\n|move|p2b: Iron Hands|Fake Out|p1a: Slaking\n|-damage|p1a: Slaking|87\/100\n|cant|p1a: Slaking|flinch\n|cant|p1b: Cresselia|ability: Truant\n|move|p2a: Klefki|Trick Room|p2a: Klefki\n|-fieldstart|move: Trick Room|[of] p2a: Klefki\n|\n|-heal|p1a: Slaking|93\/100|[from] item: Leftovers\n|upkeep\n|turn|4\n|\n|t:|1697720717\n|move|p2b: Iron Hands|Rock Slide|p1a: Slaking|[spread] p1a,p1b\n|-damage|p1a: Slaking|76\/100\n|-damage|p1b: Cresselia|83\/100\n|move|p2a: Klefki|Dazzling Gleam|p1b: Cresselia|[spread] p1a,p1b\n|-damage|p1a: Slaking|58\/100\n|-damage|p1b: Cresselia|71\/100\n|move|p1b: Cresselia|Skill Swap||[still]\n|-fail|p1b: Cresselia\n|move|p1a: Slaking|Bulldoze|p2a: Klefki|[spread] p1b,p2a,p2b\n|-supereffective|p2a: Klefki\n|-supereffective|p2b: Iron Hands\n|-damage|p1b: Cresselia|49\/100\n|-damage|p2a: Klefki|53\/100\n|-damage|p2b: Iron Hands|69\/100\n|-unboost|p1b: Cresselia|spe|1\n|-unboost|p2a: Klefki|spe|1\n|-unboost|p2b: Iron Hands|spe|1\n|\n|-heal|p1a: Slaking|64\/100|[from] item: Leftovers\n|upkeep\n|turn|5\n|\n|t:|1697720748\n|move|p2b: Iron Hands|Drain Punch|p1a: Slaking\n|-supereffective|p1a: Slaking\n|-damage|p1a: Slaking|0 fnt\n|-heal|p2b: Iron Hands|97\/100|[from] drain|[of] p1a: Slaking\n|faint|p1a: Slaking\n|move|p2a: Klefki|Dazzling Gleam|p1b: Cresselia\n|-damage|p1b: Cresselia|34\/100\n|cant|p1b: Cresselia|ability: Truant\n|\n|upkeep\n|\n|t:|1697720760\n|switch|p1a: Sinistcha|Sinistcha-Masterpiece|100\/100\n|-heal|p1b: Cresselia|59\/100|[from] ability: Hospitality|[of] p1a: Sinistcha\n|turn|6\n|\n|t:|1697720774\n|move|p2b: Iron Hands|Rock Slide|p1a: Sinistcha|[spread] p1a,p1b\n|-damage|p1a: Sinistcha|71\/100\n|-damage|p1b: Cresselia|43\/100\n|move|p2a: Klefki|Dazzling Gleam|p1a: Sinistcha|[spread] p1a,p1b\n|-damage|p1a: Sinistcha|47\/100\n|-damage|p1b: Cresselia|32\/100\n|move|p1b: Cresselia|Skill Swap||[still]\n|-fail|p1b: Cresselia\n|move|p1a: Sinistcha|Matcha Gotcha|p2a: Klefki|[spread] p2b\n|-miss|p1a: Sinistcha|p2a: Klefki\n|-damage|p2b: Iron Hands|78\/100\n|-heal|p1a: Sinistcha|68\/100|[from] drain|[of] p2b: Iron Hands\n|-status|p2b: Iron Hands|brn\n|\n|-damage|p2b: Iron Hands|72\/100 brn|[from] brn\n|upkeep\n|turn|7\n|\n|t:|1697720800\n|move|p2b: Iron Hands|Drain Punch|p1b: Cresselia\n|-resisted|p1b: Cresselia\n|-damage|p1b: Cresselia|24\/100\n|-heal|p2b: Iron Hands|76\/100 brn|[from] drain|[of] p1b: Cresselia\n|-enditem|p1b: Cresselia|Aguav Berry|[eat]\n|-heal|p1b: Cresselia|57\/100|[from] item: Aguav Berry\n|move|p2a: Klefki|Dazzling Gleam|p1b: Cresselia|[spread] p1a,p1b\n|-damage|p1a: Sinistcha|42\/100\n|-damage|p1b: Cresselia|46\/100\n|cant|p1b: Cresselia|ability: Truant\n|move|p1a: Sinistcha|Matcha Gotcha|p2b: Iron Hands|[spread] p2a,p2b\n|-resisted|p2a: Klefki\n|-damage|p2a: Klefki|40\/100\n|-heal|p1a: Sinistcha|52\/100|[from] drain|[of] p2a: Klefki\n|-damage|p2b: Iron Hands|59\/100 brn\n|-heal|p1a: Sinistcha|71\/100|[from] drain|[of] p2b: Iron Hands\n|\n|-damage|p2b: Iron Hands|53\/100 brn|[from] brn\n|-fieldend|move: Trick Room\n|upkeep\n|turn|8\n|\n|t:|1697720824\n|move|p1a: Sinistcha|Matcha Gotcha|p2b: Iron Hands|[spread] p2a,p2b\n|-resisted|p2a: Klefki\n|-crit|p2b: Iron Hands\n|-damage|p2a: Klefki|29\/100\n|-heal|p1a: Sinistcha|79\/100|[from] drain|[of] p2a: Klefki\n|-damage|p2b: Iron Hands|14\/100 brn\n|-heal|p1a: Sinistcha|100\/100|[from] drain|[of] p2b: Iron Hands\n|move|p1b: Cresselia|Skill Swap|p2a: Klefki\n|-activate|p1b: Cresselia|move: Skill Swap|Prankster|Truant|[of] p2a: Klefki\n|move|p2b: Iron Hands|Rock Slide|p1a: Sinistcha|[spread] p1a,p1b\n|-damage|p1a: Sinistcha|88\/100\n|-damage|p1b: Cresselia|37\/100\n|move|p2a: Klefki|Trick Room|p2a: Klefki\n|-fieldstart|move: Trick Room|[of] p2a: Klefki\n|\n|-damage|p2b: Iron Hands|8\/100 brn|[from] brn\n|-sideend|p2: greyloki|move: Light Screen\n|upkeep\n|turn|9\n|\n|t:|1697720851\n|move|p2b: Iron Hands|Rock Slide|p1b: Cresselia|[spread] p1a,p1b\n|-damage|p1a: Sinistcha|74\/100\n|-damage|p1b: Cresselia|28\/100\n|cant|p2a: Klefki|ability: Truant\n|move|p1b: Cresselia|Dazzling Gleam|p2b: Iron Hands|[spread] p2a,p2b\n|-resisted|p2a: Klefki\n|-supereffective|p2b: Iron Hands\n|-damage|p2a: Klefki|25\/100\n|-damage|p2b: Iron Hands|0 fnt\n|faint|p2b: Iron Hands\n|-end|p2b: Iron Hands|Quark Drive|[silent]\n|cant|p1a: Sinistcha|flinch\n|\n|-sideend|p2: greyloki|Reflect\n|upkeep\n|\n|t:|1697720869\n|switch|p2b: Grimmsnarl|Grimmsnarl, M, shiny|87\/100\n|turn|10\n|\n|t:|1697720884\n|move|p2b: Grimmsnarl|Parting Shot|p1a: Sinistcha\n|-unboost|p1a: Sinistcha|atk|1\n|-unboost|p1a: Sinistcha|spa|1\n|\n|t:|1697720890\n|switch|p2b: Eelektross|Eelektross, F|100\/100|[from] Parting Shot\n|move|p2a: Klefki|Dazzling Gleam|p1a: Sinistcha|[spread] p1a,p1b\n|-damage|p1a: Sinistcha|49\/100\n|-damage|p1b: Cresselia|17\/100\n|move|p1b: Cresselia|Dazzling Gleam|p2a: Klefki|[spread] p2a,p2b\n|-resisted|p2a: Klefki\n|-damage|p2a: Klefki|20\/100\n|-damage|p2b: Eelektross|95\/100\n|move|p1a: Sinistcha|Matcha Gotcha|p2a: Klefki|[spread] p2a\n|-miss|p1a: Sinistcha|p2b: Eelektross\n|-resisted|p2a: Klefki\n|-damage|p2a: Klefki|9\/100\n|-heal|p1a: Sinistcha|57\/100|[from] drain|[of] p2a: Klefki\n|\n|upkeep\n|turn|11\n|\n|t:|1697720912\n|cant|p2a: Klefki|ability: Truant\n|move|p2b: Eelektross|Volt Switch|p1a: Sinistcha\n|-resisted|p1a: Sinistcha\n|-damage|p1a: Sinistcha|34\/100\n|\n|t:|1697720925\n|switch|p2b: Grimmsnarl|Grimmsnarl, M, shiny|87\/100|[from] Volt Switch\n|move|p1b: Cresselia|Dazzling Gleam|p2b: Grimmsnarl|[spread] p2a,p2b\n|-resisted|p2a: Klefki\n|-supereffective|p2b: Grimmsnarl\n|-damage|p2a: Klefki|5\/100\n|-damage|p2b: Grimmsnarl|72\/100\n|move|p1a: Sinistcha|Matcha Gotcha|p2b: Grimmsnarl|[spread] p2b\n|-miss|p1a: Sinistcha|p2a: Klefki\n|-damage|p2b: Grimmsnarl|52\/100\n|-heal|p1a: Sinistcha|52\/100|[from] drain|[of] p2b: Grimmsnarl\n|\n|upkeep\n|turn|12\n|\n|t:|1697720940\n|move|p2b: Grimmsnarl|Parting Shot|p1a: Sinistcha\n|-unboost|p1a: Sinistcha|atk|1\n|-unboost|p1a: Sinistcha|spa|1\n|\n|t:|1697720944\n|switch|p2b: Eelektross|Eelektross, F|95\/100|[from] Parting Shot\n|move|p2a: Klefki|Dazzling Gleam|p1b: Cresselia|[spread] p1a,p1b\n|-damage|p1a: Sinistcha|27\/100\n|-damage|p1b: Cresselia|5\/100\n|move|p1b: Cresselia|Dazzling Gleam|p2a: Klefki|[spread] p2a,p2b\n|-resisted|p2a: Klefki\n|-damage|p2a: Klefki|1\/100\n|-damage|p2b: Eelektross|90\/100\n|move|p1a: Sinistcha|Matcha Gotcha|p2a: Klefki|[spread] p2a\n|-miss|p1a: Sinistcha|p2b: Eelektross\n|-resisted|p2a: Klefki\n|-damage|p2a: Klefki|0 fnt\n|-heal|p1a: Sinistcha|27\/100|[from] drain|[of] p2a: Klefki\n|faint|p2a: Klefki\n|\n|-fieldend|move: Trick Room\n|upkeep\n|\n|t:|1697720959\n|switch|p2a: Grimmsnarl|Grimmsnarl, M, shiny|52\/100\n|turn|13\n|\n|t:|1697720970\n|switch|p1a: Azumarill|Azumarill, M|100\/100\n|switch|p1b: Ursaluna|Ursaluna-Bloodmoon, M|100\/100\n|move|p2a: Grimmsnarl|Parting Shot|p1a: Azumarill\n|-unboost|p1a: Azumarill|atk|1\n|-unboost|p1a: Azumarill|spa|1\n|\n|t:|1697720979\n|switch|p2a: Pawmot|Pawmot, F|100\/100|[from] Parting Shot\n|move|p2b: Eelektross|Volt Switch|p1a: Azumarill\n|-supereffective|p1a: Azumarill\n|-crit|p1a: Azumarill\n|-damage|p1a: Azumarill|9\/100\n|\n|t:|1697720985\n|switch|p2b: Grimmsnarl|Grimmsnarl, M, shiny|52\/100|[from] Volt Switch\n|\n|upkeep\n|turn|14\n|\n|t:|1697720997\n|move|p2a: Pawmot|Fake Out|p1b: Ursaluna\n|-damage|p1b: Ursaluna|92\/100\n|move|p2b: Grimmsnarl|Parting Shot|p1a: Azumarill\n|-unboost|p1a: Azumarill|atk|1\n|-unboost|p1a: Azumarill|spa|1\n|\n|t:|1697721006\n|switch|p2b: Eelektross|Eelektross, F|90\/100|[from] Parting Shot\n|cant|p1b: Ursaluna|flinch\n|move|p1a: Azumarill|Brick Break|p2b: Eelektross\n|-damage|p2b: Eelektross|79\/100\n|\n|upkeep\n|turn|15\n|\n|t:|1697721021\n|move|p1a: Azumarill|Aqua Jet|p2b: Eelektross\n|-damage|p2b: Eelektross|71\/100\n|move|p2a: Pawmot|Seed Bomb|p1b: Ursaluna\n|-supereffective|p1b: Ursaluna\n|-damage|p1b: Ursaluna|60\/100\n|move|p1b: Ursaluna|Bulldoze|p2a: Pawmot|[spread] p1a,p2a\n|-immune|p2b: Eelektross|[from] ability: Levitate\n|-supereffective|p2a: Pawmot\n|-damage|p1a: Azumarill|0 fnt\n|-damage|p2a: Pawmot|62\/100\n|-unboost|p2a: Pawmot|spe|1\n|faint|p1a: Azumarill\n|move|p2b: Eelektross|Giga Drain|p1b: Ursaluna\n|-supereffective|p1b: Ursaluna\n|-damage|p1b: Ursaluna|1\/100\n|-heal|p2b: Eelektross|100\/100|[from] drain|[of] p1b: Ursaluna\n|-enditem|p1b: Ursaluna|Aguav Berry|[eat]\n|-heal|p1b: Ursaluna|35\/100|[from] item: Aguav Berry\n|\n|upkeep\n|\n|t:|1697721038\n|switch|p1a: Cresselia|Cresselia, F|5\/100\n|turn|16\n|\n|t:|1697721049\n|move|p2a: Pawmot|Seed Bomb|p1b: Ursaluna\n|-supereffective|p1b: Ursaluna\n|-damage|p1b: Ursaluna|0 fnt\n|faint|p1b: Ursaluna\n|move|p1a: Cresselia|Dazzling Gleam|p2b: Eelektross|[spread] p2a,p2b\n|-supereffective|p2a: Pawmot\n|-damage|p2a: Pawmot|26\/100\n|-damage|p2b: Eelektross|93\/100\n|-enditem|p2a: Pawmot|Sitrus Berry|[eat]\n|-heal|p2a: Pawmot|51\/100|[from] item: Sitrus Berry\n|move|p2b: Eelektross|Volt Switch|p1a: Cresselia\n|-damage|p1a: Cresselia|0 fnt\n|faint|p1a: Cresselia\n|\n|t:|1697721062\n|switch|p2b: Grimmsnarl|Grimmsnarl, M, shiny|52\/100|[from] Volt Switch\n|\n|upkeep\n|\n|t:|1697721066\n|switch|p1a: Kingambit|Kingambit, M|100\/100\n|switch|p1b: Sinistcha|Sinistcha-Masterpiece|27\/100\n|-activate|p1a: Kingambit|ability: Supreme Overlord\n|-start|p1a: Kingambit|fallen4|[silent]\n|turn|17\n|\n|t:|1697721090\n|move|p2b: Grimmsnarl|Parting Shot|p1a: Kingambit\n|-hint|Since gen 7, Dark is immune to Prankster moves.\n|-immune|p1a: Kingambit\n|move|p2a: Pawmot|Brick Break|p1a: Kingambit\n|-supereffective|p1a: Kingambit\n|-damage|p1a: Kingambit|6\/100\n|move|p1b: Sinistcha|Life Dew|p1b: Sinistcha|[spread] p1a,p1b\n|-heal|p1a: Kingambit|31\/100\n|-heal|p1b: Sinistcha|52\/100\n|move|p1a: Kingambit|Poison Jab|p2b: Grimmsnarl\n|-supereffective|p2b: Grimmsnarl\n|-damage|p2b: Grimmsnarl|0 fnt\n|faint|p2b: Grimmsnarl\n|\n|upkeep\n|\n|t:|1697721104\n|switch|p2b: Garchomp|Garchomp, F|100\/100\n|turn|18\n|\n|t:|1697721116\n|move|p1a: Kingambit|Sucker Punch|p2b: Garchomp\n|-damage|p2b: Garchomp|38\/100\n|-damage|p1a: Kingambit|19\/100|[from] ability: Rough Skin|[of] p2b: Garchomp\n|move|p2b: Garchomp|Fire Fang|p1b: Sinistcha\n|-supereffective|p1b: Sinistcha\n|-damage|p1b: Sinistcha|6\/100\n|move|p2a: Pawmot|Brick Break|p1a: Kingambit\n|-supereffective|p1a: Kingambit\n|-damage|p1a: Kingambit|0 fnt\n|faint|p1a: Kingambit\n|-end|p1a: Kingambit|fallen4|[silent]\n|cant|p1b: Sinistcha|flinch\n|\n|-heal|p2b: Garchomp|44\/100|[from] item: Leftovers\n|upkeep\n|turn|19\n|c|\u2606greyloki|gg\n|\n|t:|1697721134\n|move|p2b: Garchomp|Fire Fang|p1b: Sinistcha\n|-supereffective|p1b: Sinistcha\n|-damage|p1b: Sinistcha|0 fnt\n|faint|p1b: Sinistcha\n|\n|win|greyloki\n|raw|Slotho15's rating: 1050 &rarr; <strong>1034<\/strong><br \/>(-16 for losing)\n|raw|greyloki's rating: 1081 &rarr; <strong>1106<\/strong><br \/>(+25 for winning)\n|c|\u2606Slotho15|gg\n|l|\u2606Slotho15\n","uploadtime":1697721147,"views":18,"p1id":"slotho15","p2id":"greyloki","formatid":"gen9doublesou","rating":1034,"private":0,"password":""}