{"id":"gen9doublesou-1987185361","p1":"Rhandol","p2":"HxkkOnStix-PoGo","format":"[Gen 9] Doubles OU","log":"|j|\u2606Rhandol\n|j|\u2606HxkkOnStix-PoGo\n|t:|1699563305\n|gametype|doubles\n|player|p1|Rhandol|265|1000\n|player|p2|HxkkOnStix-PoGo|harlequin|1039\n|teamsize|p1|6\n|teamsize|p2|6\n|gen|9\n|tier|[Gen 9] Doubles OU\n|rated|\n|rule|Species Clause: Limit one of each Pok\u00e9mon\n|rule|OHKO Clause: OHKO moves are banned\n|rule|Evasion Moves Clause: Evasion moves are banned\n|rule|Gravity Sleep Clause: The combination of sleep-inducing moves with imperfect accuracy and Gravity or Gigantamax Orbeetle are banned\n|rule|Endless Battle Clause: Forcing endless battles is banned\n|rule|HP Percentage Mod: HP is shown in percentages\n|clearpoke\n|poke|p1|Rillaboom, M|\n|poke|p1|Amoonguss, M|\n|poke|p1|Ninetales-Alola, M|\n|poke|p1|Chandelure, F|\n|poke|p1|Goodra-Hisui, M|\n|poke|p1|Grimmsnarl, M|\n|poke|p2|Meowscarada, M|\n|poke|p2|Arcanine-Hisui, F|\n|poke|p2|Toxapex, F|\n|poke|p2|Dusclops, M|\n|poke|p2|Iron Hands|\n|poke|p2|Tornadus, M|\n|teampreview\n|inactive|Battle timer is ON: inactive players will automatically lose when time's up. (requested by HxkkOnStix-PoGo)\n|inactive|HxkkOnStix-PoGo has 120 seconds left.\n|inactive|HxkkOnStix-PoGo has 90 seconds left.\n|\n|t:|1699563388\n|start\n|switch|p1a: Amoonguss|Amoonguss, M|100\/100\n|switch|p1b: Goodra|Goodra-Hisui, M|100\/100\n|switch|p2a: Arcanine|Arcanine-Hisui, F|100\/100\n|switch|p2b: Tornadus|Tornadus, M|100\/100\n|turn|1\n|inactive|HxkkOnStix-PoGo has 120 seconds left.\n|\n|t:|1699563424\n|-terastallize|p1a: Amoonguss|Grass\n|move|p2a: Arcanine|Protect|p2a: Arcanine\n|-singleturn|p2a: Arcanine|Protect\n|move|p2b: Tornadus|Taunt|p1a: Amoonguss\n|-start|p1a: Amoonguss|move: Taunt\n|move|p1a: Amoonguss|Leaf Storm|p2a: Arcanine\n|-activate|p2a: Arcanine|move: Protect\n|move|p1b: Goodra|Draco Meteor|p2b: Tornadus|[miss]\n|-miss|p1b: Goodra|p2b: Tornadus\n|\n|upkeep\n|turn|2\n|inactive|HxkkOnStix-PoGo has 120 seconds left.\n|\n|t:|1699563448\n|move|p2a: Arcanine|Flare Blitz|p1a: Amoonguss\n|-supereffective|p1a: Amoonguss\n|-damage|p1a: Amoonguss|0 fnt\n|faint|p1a: Amoonguss\n|move|p2b: Tornadus|Icy Wind|p1b: Goodra\n|-damage|p1b: Goodra|90\/100\n|-unboost|p1b: Goodra|spe|1\n|move|p1b: Goodra|Draco Meteor|p2b: Tornadus\n|-damage|p2b: Tornadus|64\/100\n|-unboost|p1b: Goodra|spa|2\n|\n|-heal|p2b: Tornadus|70\/100|[from] item: Leftovers\n|upkeep\n|inactive|Rhandol has 120 seconds left.\n|\n|t:|1699563466\n|switch|p1a: Chandelure|Chandelure, F|100\/100\n|turn|3\n|\n|t:|1699563482\n|move|p2a: Arcanine|Protect|p2a: Arcanine\n|-singleturn|p2a: Arcanine|Protect\n|move|p2b: Tornadus|Tailwind|p2b: Tornadus\n|-sidestart|p2: HxkkOnStix-PoGo|move: Tailwind\n|move|p1a: Chandelure|Overheat|p2b: Tornadus\n|-damage|p2b: Tornadus|20\/100\n|-unboost|p1a: Chandelure|spa|2\n|move|p1b: Goodra|Body Slam|p2b: Tornadus\n|-damage|p2b: Tornadus|0 fnt\n|faint|p2b: Tornadus\n|\n|upkeep\n|\n|t:|1699563497\n|switch|p2b: Iron Hands|Iron Hands|100\/100\n|-enditem|p2b: Iron Hands|Booster Energy\n|-activate|p2b: Iron Hands|ability: Quark Drive|[fromitem]\n|-start|p2b: Iron Hands|quarkdriveatk\n|turn|4\n|\n|t:|1699563512\n|move|p2b: Iron Hands|Fake Out|p1b: Goodra\n|-resisted|p1b: Goodra\n|-damage|p1b: Goodra|80\/100\n|move|p2a: Arcanine|Head Smash|p1a: Chandelure\n|-supereffective|p1a: Chandelure\n|-damage|p1a: Chandelure|0 fnt\n|faint|p1a: Chandelure\n|cant|p1b: Goodra|flinch\n|\n|upkeep\n|\n|t:|1699563525\n|switch|p1a: Ninetales|Ninetales-Alola, M|100\/100\n|-weather|Snow|[from] ability: Snow Warning|[of] p1a: Ninetales\n|turn|5\n|\n|t:|1699563539\n|move|p2a: Arcanine|Flare Blitz|p1a: Ninetales\n|-supereffective|p1a: Ninetales\n|-damage|p1a: Ninetales|10\/100\n|move|p2b: Iron Hands|Drain Punch|p1b: Goodra\n|-supereffective|p1b: Goodra\n|-damage|p1b: Goodra|0 fnt\n|faint|p1b: Goodra\n|move|p1a: Ninetales|Blizzard|p2b: Iron Hands|[spread] p2a,p2b\n|-resisted|p2a: Arcanine\n|-damage|p2a: Arcanine|83\/100\n|-damage|p2b: Iron Hands|75\/100\n|\n|-weather|Snow|[upkeep]\n|upkeep\n|\n|t:|1699563553\n|switch|p1b: Rillaboom|Rillaboom, M|100\/100\n|-fieldstart|move: Grassy Terrain|[from] ability: Grassy Surge|[of] p1b: Rillaboom\n|turn|6\n|l|\u2606HxkkOnStix-PoGo\n|inactive|HxkkOnStix-PoGo disconnected and has a minute to reconnect!\n|player|p2|\n|\n|t:|1699563573\n|move|p2a: Arcanine|Flare Blitz|p1b: Rillaboom\n|-supereffective|p1b: Rillaboom\n|-damage|p1b: Rillaboom|6\/100\n|-status|p1b: Rillaboom|brn\n|move|p2b: Iron Hands|Drain Punch|p1b: Rillaboom\n|-damage|p1b: Rillaboom|0 fnt\n|-heal|p2b: Iron Hands|77\/100|[from] drain|[of] p1b: Rillaboom\n|faint|p1b: Rillaboom\n|move|p1a: Ninetales|Ice Beam|p2b: Iron Hands\n|-crit|p2b: Iron Hands\n|-damage|p2b: Iron Hands|39\/100\n|\n|-weather|Snow|[upkeep]\n|-heal|p2a: Arcanine|89\/100|[from] Grassy Terrain\n|-heal|p2b: Iron Hands|46\/100|[from] Grassy Terrain\n|-heal|p1a: Ninetales|16\/100|[from] Grassy Terrain\n|-sideend|p2: HxkkOnStix-PoGo|move: Tailwind\n|upkeep\n|j|\u2606HxkkOnStix-PoGo\n|inactive|HxkkOnStix-PoGo reconnected.\n|player|p2|HxkkOnStix-PoGo|harlequin\n|inactive|Rhandol has 120 seconds left.\n|\n|t:|1699563591\n|switch|p1b: Grimmsnarl|Grimmsnarl, M|100\/100\n|turn|7\n|c|\u2606HxkkOnStix-PoGo|THE FUCK IS THIS TEAM BRO-\n|\n|t:|1699563605\n|move|p2a: Arcanine|Flare Blitz|p1b: Grimmsnarl\n|-damage|p1b: Grimmsnarl|36\/100\n|move|p1a: Ninetales|Play Rough|p2a: Arcanine|[miss]\n|-miss|p1a: Ninetales|p2a: Arcanine\n|move|p1b: Grimmsnarl|Draining Kiss|p2b: Iron Hands\n|-supereffective|p2b: Iron Hands\n|-damage|p2b: Iron Hands|10\/100\n|-heal|p1b: Grimmsnarl|73\/100|[from] drain|[of] p2b: Iron Hands\n|move|p2b: Iron Hands|Wild Charge|p1b: Grimmsnarl\n|-damage|p1b: Grimmsnarl|0 fnt\n|faint|p1b: Grimmsnarl\n|-damage|p2b: Iron Hands|0 fnt|[from] Recoil\n|faint|p2b: Iron Hands\n|-end|p2b: Iron Hands|Quark Drive|[silent]\n|\n|-weather|Snow|[upkeep]\n|-heal|p2a: Arcanine|95\/100|[from] Grassy Terrain\n|-heal|p1a: Ninetales|22\/100|[from] Grassy Terrain\n|upkeep\n|\n|t:|1699563619\n|switch|p2b: Meowscarada|Meowscarada, M|100\/100\n|turn|8\n|\n|t:|1699563630\n|move|p2b: Meowscarada|Knock Off|p1a: Ninetales\n|-start|p2b: Meowscarada|typechange|Dark|[from] ability: Protean\n|-resisted|p1a: Ninetales\n|-damage|p1a: Ninetales|0 fnt\n|-enditem|p1a: Ninetales|Focus Sash|[from] move: Knock Off|[of] p2b: Meowscarada\n|faint|p1a: Ninetales\n|\n|win|HxkkOnStix-PoGo\n|raw|Rhandol's rating: 1000 &rarr; <strong>1000<\/strong><br \/>(+0 for losing)\n|raw|HxkkOnStix-PoGo's rating: 1039 &rarr; <strong>1069<\/strong><br \/>(+30 for winning)\n","uploadtime":1699563596,"views":7,"p1id":"rhandol","p2id":"hxkkonstixpogo","formatid":"gen9doublesou","rating":1000,"private":0,"password":""}