{"id":"gen9doublesou-1985664507","p1":"Buttersthedog9574","p2":"bstcrk","format":"[Gen 9] Doubles OU","log":"|j|\u2606Buttersthedog9574\n|j|\u2606bstcrk\n|t:|1699393645\n|gametype|doubles\n|player|p1|Buttersthedog9574|pokemaniac|1073\n|player|p2|bstcrk|101|1078\n|teamsize|p1|6\n|teamsize|p2|6\n|gen|9\n|tier|[Gen 9] Doubles OU\n|rated|\n|rule|Species Clause: Limit one of each Pok\u00e9mon\n|rule|OHKO Clause: OHKO moves are banned\n|rule|Evasion Moves Clause: Evasion moves are banned\n|rule|Gravity Sleep Clause: The combination of sleep-inducing moves with imperfect accuracy and Gravity or Gigantamax Orbeetle are banned\n|rule|Endless Battle Clause: Forcing endless battles is banned\n|rule|HP Percentage Mod: HP is shown in percentages\n|clearpoke\n|poke|p1|Sinistcha|\n|poke|p1|Kommo-o, F|\n|poke|p1|Clefairy, M|\n|poke|p1|Inteleon, F|\n|poke|p1|Umbreon, M|\n|poke|p1|Slowbro-Galar, F|\n|poke|p2|Lurantis, F|\n|poke|p2|Thundurus, M|\n|poke|p2|Enamorus, F|\n|poke|p2|Flamigo, M|\n|poke|p2|Manaphy|\n|poke|p2|Murkrow, F|\n|teampreview\n|inactive|Battle timer is ON: inactive players will automatically lose when time's up. (requested by bstcrk)\n|\n|t:|1699393656\n|start\n|switch|p1a: Clefairy|Clefairy, M|100\/100\n|switch|p1b: Inteleon|Inteleon, F|100\/100\n|switch|p2a: Lurantis|Lurantis, F, shiny|100\/100\n|switch|p2b: Thundurus|Thundurus, M|100\/100\n|turn|1\n|\n|t:|1699393679\n|move|p1a: Clefairy|Follow Me|p1a: Clefairy\n|-singleturn|p1a: Clefairy|move: Follow Me\n|move|p2b: Thundurus|Scary Face|p1a: Clefairy\n|-unboost|p1a: Clefairy|spe|2\n|move|p1b: Inteleon|Ice Beam|p2a: Lurantis\n|-supereffective|p2a: Lurantis\n|-damage|p2a: Lurantis|14\/100\n|move|p2a: Lurantis|Leaf Storm|p1a: Clefairy\n|-damage|p1a: Clefairy|66\/100\n|-boost|p2a: Lurantis|spa|2\n|\n|upkeep\n|turn|2\n|inactive|bstcrk has 120 seconds left.\n|\n|t:|1699393713\n|switch|p2b: Flamigo|Flamigo, M|100\/100\n|-copyboost|p2b: Flamigo|p2a: Lurantis|[from] ability: Costar\n|move|p2a: Lurantis|Protect|p2a: Lurantis\n|-singleturn|p2a: Lurantis|Protect\n|move|p1a: Clefairy|Follow Me|p1a: Clefairy\n|-singleturn|p1a: Clefairy|move: Follow Me\n|move|p1b: Inteleon|U-turn|p2a: Lurantis\n|-activate|p2a: Lurantis|move: Protect\n|\n|upkeep\n|turn|3\n|\n|t:|1699393732\n|-terastallize|p2b: Flamigo|Flying\n|move|p1a: Clefairy|Follow Me|p1a: Clefairy\n|-singleturn|p1a: Clefairy|move: Follow Me\n|move|p1b: Inteleon|Ice Beam|p2b: Flamigo\n|-supereffective|p2b: Flamigo\n|-damage|p2b: Flamigo|2\/100\n|move|p2b: Flamigo|Air Cutter|p1a: Clefairy|[spread] p1b\n|-miss|p2b: Flamigo|p1a: Clefairy\n|-damage|p1b: Inteleon|35\/100\n|move|p2a: Lurantis|Leaf Storm|p1a: Clefairy\n|-damage|p1a: Clefairy|0 fnt\n|-boost|p2a: Lurantis|spa|2\n|faint|p1a: Clefairy\n|\n|upkeep\n|\n|t:|1699393749\n|switch|p1a: Sinistcha|Sinistcha|100\/100\n|-heal|p1b: Inteleon|60\/100|[from] ability: Hospitality|[of] p1a: Sinistcha\n|turn|4\n|\n|t:|1699393762\n|move|p1a: Sinistcha|Rage Powder|p1a: Sinistcha\n|-singleturn|p1a: Sinistcha|move: Rage Powder\n|move|p1b: Inteleon|U-turn|p2b: Flamigo\n|-resisted|p2b: Flamigo\n|-damage|p2b: Flamigo|0 fnt\n|faint|p2b: Flamigo\n|\n|t:|1699393771\n|switch|p1b: Slowbro|Slowbro-Galar, F|100\/100|[from] U-turn\n|move|p2a: Lurantis|Leaf Storm|p1b: Slowbro\n|-resisted|p1b: Slowbro\n|-damage|p1b: Slowbro|11\/100\n|-boost|p2a: Lurantis|spa|2\n|\n|upkeep\n|\n|t:|1699393781\n|switch|p2b: Manaphy|Manaphy|100\/100\n|turn|5\n|\n|t:|1699393800\n|move|p2a: Lurantis|Protect|p2a: Lurantis\n|-singleturn|p2a: Lurantis|Protect\n|move|p1a: Sinistcha|Rage Powder|p1a: Sinistcha\n|-singleturn|p1a: Sinistcha|move: Rage Powder\n|move|p2b: Manaphy|Tail Glow|p2b: Manaphy\n|-boost|p2b: Manaphy|spa|3\n|move|p1b: Slowbro|Shell Side Arm|p2b: Manaphy|[anim] Shell Side Arm Special\n|-damage|p2b: Manaphy|55\/100\n|-hint|Special Shell Side Arm\n|\n|upkeep\n|turn|6\n|\n|t:|1699393816\n|move|p2b: Manaphy|Dazzling Gleam|p1b: Slowbro|[spread] p1a,p1b\n|-resisted|p1b: Slowbro\n|-damage|p1a: Sinistcha|60\/100\n|-damage|p1b: Slowbro|0 fnt\n|faint|p1b: Slowbro\n|move|p2a: Lurantis|Leaf Storm|p1a: Sinistcha|[miss]\n|-miss|p2a: Lurantis|p1a: Sinistcha\n|move|p1a: Sinistcha|Matcha Gotcha|p2b: Manaphy|[spread] p2a,p2b\n|-resisted|p2a: Lurantis\n|-supereffective|p2b: Manaphy\n|-damage|p2a: Lurantis|0 fnt\n|-heal|p1a: Sinistcha|66\/100|[from] drain|[of] p2a: Lurantis\n|-damage|p2b: Manaphy|11\/100\n|-heal|p1a: Sinistcha|87\/100|[from] drain|[of] p2b: Manaphy\n|-enditem|p2b: Manaphy|Aguav Berry|[eat]\n|-heal|p2b: Manaphy|44\/100|[from] item: Aguav Berry\n|faint|p2a: Lurantis\n|\n|-heal|p1a: Sinistcha|94\/100|[from] item: Leftovers\n|upkeep\n|\n|t:|1699393844\n|switch|p2a: Murkrow|Murkrow, F|100\/100\n|switch|p1b: Inteleon|Inteleon, F|60\/100\n|turn|7\n|\n|t:|1699393853\n|switch|p1b: Umbreon|Umbreon, M, shiny|100\/100\n|move|p2a: Murkrow|Tailwind|p2a: Murkrow\n|-sidestart|p2: bstcrk|move: Tailwind\n|move|p2b: Manaphy|Dazzling Gleam|p1b: Umbreon|[spread] p1a,p1b\n|-supereffective|p1b: Umbreon\n|-damage|p1a: Sinistcha|49\/100\n|-damage|p1b: Umbreon|35\/100\n|move|p1a: Sinistcha|Matcha Gotcha|p2a: Murkrow|[spread] p2a,p2b\n|-resisted|p2a: Murkrow\n|-supereffective|p2b: Manaphy\n|-crit|p2b: Manaphy\n|-damage|p2a: Murkrow|87\/100\n|-heal|p1a: Sinistcha|55\/100|[from] drain|[of] p2a: Murkrow\n|-damage|p2b: Manaphy|0 fnt\n|-heal|p1a: Sinistcha|76\/100|[from] drain|[of] p2b: Manaphy\n|-status|p2a: Murkrow|brn\n|faint|p2b: Manaphy\n|\n|-heal|p1a: Sinistcha|82\/100|[from] item: Leftovers\n|-heal|p1b: Umbreon|41\/100|[from] item: Leftovers\n|-damage|p2a: Murkrow|81\/100 brn|[from] brn\n|upkeep\n|\n|t:|1699393877\n|switch|p2b: Enamorus|Enamorus, F|100\/100\n|turn|8\n|\n|t:|1699393891\n|-terastallize|p1b: Umbreon|Flying\n|move|p2a: Murkrow|Thunder Wave|p1a: Sinistcha\n|-status|p1a: Sinistcha|par\n|move|p2b: Enamorus|Dazzling Gleam|p1b: Umbreon|[spread] p1a,p1b\n|-damage|p1a: Sinistcha|42\/100 par\n|-damage|p1b: Umbreon|9\/100\n|move|p1b: Umbreon|Toxic|p2b: Enamorus\n|-status|p2b: Enamorus|tox\n|move|p1a: Sinistcha|Life Dew|p1a: Sinistcha|[spread] p1a,p1b\n|-heal|p1a: Sinistcha|67\/100 par\n|-heal|p1b: Umbreon|34\/100\n|\n|-heal|p1b: Umbreon|40\/100|[from] item: Leftovers\n|-heal|p1a: Sinistcha|73\/100 par|[from] item: Leftovers\n|-damage|p2b: Enamorus|94\/100 tox|[from] psn\n|-damage|p2a: Murkrow|75\/100 brn|[from] brn\n|upkeep\n|turn|9\n|inactive|Buttersthedog9574 has 120 seconds left.\n|\n|t:|1699393929\n|move|p1a: Sinistcha|Rage Powder|p1a: Sinistcha\n|-singleturn|p1a: Sinistcha|move: Rage Powder\n|move|p2a: Murkrow|Thunder Wave|p1a: Sinistcha\n|-fail|p1a: Sinistcha|par\n|move|p2b: Enamorus|Dazzling Gleam|p1a: Sinistcha|[spread] p1a,p1b\n|-damage|p1a: Sinistcha|32\/100 par\n|-damage|p1b: Umbreon|8\/100\n|move|p1b: Umbreon|Wish|p1b: Umbreon\n|\n|-heal|p1b: Umbreon|14\/100|[from] item: Leftovers\n|-heal|p1a: Sinistcha|38\/100 par|[from] item: Leftovers\n|-damage|p2b: Enamorus|82\/100 tox|[from] psn\n|-damage|p2a: Murkrow|69\/100 brn|[from] brn\n|upkeep\n|turn|10\n|\n|t:|1699393947\n|move|p1b: Umbreon|Protect|p1b: Umbreon\n|-singleturn|p1b: Umbreon|Protect\n|move|p2a: Murkrow|Taunt|p1a: Sinistcha\n|-start|p1a: Sinistcha|move: Taunt\n|move|p2b: Enamorus|Dazzling Gleam|p1a: Sinistcha|[spread] p1a\n|-activate|p1b: Umbreon|move: Protect\n|-damage|p1a: Sinistcha|0 fnt\n|faint|p1a: Sinistcha\n|\n|-heal|p1b: Umbreon|64\/100|[from] move: Wish|[wisher] Umbreon\n|-heal|p1b: Umbreon|70\/100|[from] item: Leftovers\n|-damage|p2b: Enamorus|63\/100 tox|[from] psn\n|-damage|p2a: Murkrow|63\/100 brn|[from] brn\n|-sideend|p2: bstcrk|move: Tailwind\n|upkeep\n|inactive|Buttersthedog9574 has 120 seconds left.\n|\n|t:|1699393966\n|switch|p1a: Inteleon|Inteleon, F|60\/100\n|turn|11\n|\n|t:|1699393984\n|move|p2a: Murkrow|Thunder Wave|p1a: Inteleon\n|-status|p1a: Inteleon|par\n|move|p2b: Enamorus|Dazzling Gleam|p1a: Inteleon|[spread] p1a,p1b\n|-damage|p1a: Inteleon|0 fnt\n|-damage|p1b: Umbreon|39\/100\n|faint|p1a: Inteleon\n|move|p1b: Umbreon|Foul Play|p2a: Murkrow\n|-resisted|p2a: Murkrow\n|-damage|p2a: Murkrow|49\/100 brn\n|\n|-heal|p1b: Umbreon|45\/100|[from] item: Leftovers\n|-damage|p2b: Enamorus|38\/100 tox|[from] psn\n|-damage|p2a: Murkrow|43\/100 brn|[from] brn\n|upkeep\n|\n|t:|1699393999\n|switch|p1a: Kommo-o|Kommo-o, F, shiny|100\/100\n|turn|12\n|\n|t:|1699394014\n|move|p2a: Murkrow|Tailwind|p2a: Murkrow\n|-sidestart|p2: bstcrk|move: Tailwind\n|move|p2b: Enamorus|Dazzling Gleam|p1b: Umbreon|[spread] p1a,p1b\n|-supereffective|p1a: Kommo-o\n|-damage|p1a: Kommo-o|0 fnt\n|-damage|p1b: Umbreon|15\/100\n|faint|p1a: Kommo-o\n|move|p1b: Umbreon|Wish|p1b: Umbreon\n|\n|-heal|p1b: Umbreon|21\/100|[from] item: Leftovers\n|-damage|p2b: Enamorus|7\/100 tox|[from] psn\n|-damage|p2a: Murkrow|37\/100 brn|[from] brn\n|upkeep\n|turn|13\n|\n|t:|1699394031\n|move|p1b: Umbreon|Protect|p1b: Umbreon\n|-singleturn|p1b: Umbreon|Protect\n|move|p2a: Murkrow|Taunt|p1b: Umbreon\n|-activate|p1b: Umbreon|move: Protect\n|move|p2b: Enamorus|Dazzling Gleam|p1b: Umbreon\n|-activate|p1b: Umbreon|move: Protect\n|\n|-heal|p1b: Umbreon|71\/100|[from] move: Wish|[wisher] Umbreon\n|-heal|p1b: Umbreon|78\/100|[from] item: Leftovers\n|-damage|p2b: Enamorus|0 fnt|[from] psn\n|faint|p2b: Enamorus\n|-damage|p2a: Murkrow|31\/100 brn|[from] brn\n|upkeep\n|\n|t:|1699394044\n|switch|p2b: Thundurus|Thundurus, M|100\/100\n|turn|14\n|\n|t:|1699394061\n|move|p2b: Thundurus|Scary Face|p1b: Umbreon\n|-unboost|p1b: Umbreon|spe|2\n|move|p2a: Murkrow|Taunt|p1b: Umbreon\n|-start|p1b: Umbreon|move: Taunt\n|move|p1b: Umbreon|Foul Play|p2b: Thundurus\n|-damage|p2b: Thundurus|72\/100\n|\n|-heal|p1b: Umbreon|84\/100|[from] item: Leftovers\n|-damage|p2a: Murkrow|25\/100 brn|[from] brn\n|upkeep\n|turn|15\n|\n|t:|1699394085\n|move|p2b: Thundurus|Eerie Impulse|p1b: Umbreon\n|-unboost|p1b: Umbreon|spa|2\n|move|p2a: Murkrow|Thunder Wave|p1b: Umbreon\n|-status|p1b: Umbreon|par\n|move|p1b: Umbreon|Foul Play|p2b: Thundurus\n|-damage|p2b: Thundurus|42\/100\n|\n|-heal|p1b: Umbreon|90\/100 par|[from] item: Leftovers\n|-damage|p2a: Murkrow|19\/100 brn|[from] brn\n|-sideend|p2: bstcrk|move: Tailwind\n|upkeep\n|turn|16\n|c|\u2606bstcrk|gg\n|-message|bstcrk forfeited.\n|\n|win|Buttersthedog9574\n|raw|Buttersthedog9574's rating: 1073 &rarr; <strong>1102<\/strong><br \/>(+29 for winning)\n|raw|bstcrk's rating: 1078 &rarr; <strong>1056<\/strong><br \/>(-22 for losing)\n|l|\u2606bstcrk\n","uploadtime":1699394119,"views":9,"p1id":"buttersthedog9574","p2id":"bstcrk","formatid":"gen9doublesou","rating":1056,"private":0,"password":""}