{"id":"gen9doublesou-1977624993","p1":"muddpatty","p2":"mikeyuwu","format":"[Gen 9] Doubles OU","log":"|j|\u2606muddpatty\n|j|\u2606mikeyuwu\n|t:|1698432919\n|gametype|doubles\n|player|p1|muddpatty|hiker-gen4|1120\n|player|p2|mikeyuwu|psychic-gen4|1238\n|teamsize|p1|6\n|teamsize|p2|6\n|gen|9\n|tier|[Gen 9] Doubles OU\n|rated|\n|rule|Species Clause: Limit one of each Pok\u00e9mon\n|rule|OHKO Clause: OHKO moves are banned\n|rule|Evasion Moves Clause: Evasion moves are banned\n|rule|Gravity Sleep Clause: The combination of sleep-inducing moves with imperfect accuracy and Gravity or Gigantamax Orbeetle are banned\n|rule|Endless Battle Clause: Forcing endless battles is banned\n|rule|HP Percentage Mod: HP is shown in percentages\n|clearpoke\n|poke|p1|Cresselia, F|\n|poke|p1|Ursaluna-Bloodmoon, M|\n|poke|p1|Kingambit, F|\n|poke|p1|Conkeldurr, F|\n|poke|p1|Glastrier|\n|poke|p1|Toxapex, M|\n|poke|p2|Garchomp, M|\n|poke|p2|Tyranitar, F|\n|poke|p2|Vaporeon, F|\n|poke|p2|Toxicroak, M|\n|poke|p2|Pelipper, F|\n|poke|p2|Abomasnow, M|\n|teampreview\n|\n|t:|1698432927\n|start\n|switch|p1a: Cresselia|Cresselia, F|100\/100\n|switch|p1b: Toxapex|Toxapex, M|100\/100\n|switch|p2a: OTLHPM|Toxicroak, M|100\/100\n|switch|p2b: Harmacy|Vaporeon, F|100\/100\n|turn|1\n|\n|t:|1698432941\n|switch|p2a: Weather War|Pelipper, F|100\/100\n|-weather|RainDance|[from] ability: Drizzle|[of] p2a: Weather War\n|move|p1a: Cresselia|Thunder Wave|p2a: Weather War\n|-status|p2a: Weather War|par\n|move|p2b: Harmacy|Icy Wind|p1b: Toxapex|[spread] p1a,p1b\n|-resisted|p1b: Toxapex\n|-damage|p1a: Cresselia|95\/100\n|-damage|p1b: Toxapex|97\/100\n|-unboost|p1a: Cresselia|spe|1\n|-unboost|p1b: Toxapex|spe|1\n|move|p1b: Toxapex|Toxic Spikes|p2b: Harmacy\n|-sidestart|p2: mikeyuwu|move: Toxic Spikes\n|\n|-weather|RainDance|[upkeep]\n|-heal|p1b: Toxapex|100\/100|[from] item: Black Sludge\n|upkeep\n|turn|2\n|\n|t:|1698432965\n|switch|p1b: Conkeldurr|Conkeldurr, F|100\/100\n|move|p2b: Harmacy|Copycat|p2b: Harmacy\n|move|p2b: Harmacy|Toxic Spikes|p1b: Conkeldurr|[from]move: Copycat\n|-sidestart|p1: muddpatty|move: Toxic Spikes\n|move|p2a: Weather War|Hurricane|p1b: Conkeldurr\n|-supereffective|p1b: Conkeldurr\n|-damage|p1b: Conkeldurr|17\/100\n|move|p1a: Cresselia|Trick Room|p1a: Cresselia\n|-fieldstart|move: Trick Room|[of] p1a: Cresselia\n|\n|-weather|RainDance|[upkeep]\n|upkeep\n|turn|3\n|\n|t:|1698432985\n|move|p2a: Weather War|Hurricane|p1b: Conkeldurr\n|-supereffective|p1b: Conkeldurr\n|-damage|p1b: Conkeldurr|0 fnt\n|faint|p1b: Conkeldurr\n|move|p1a: Cresselia|Lunar Blessing|p1a: Cresselia\n|-heal|p1a: Cresselia|100\/100\n|move|p2b: Harmacy|Copycat|p2b: Harmacy\n|move|p2b: Harmacy|Lunar Blessing|p2b: Harmacy|[from]move: Copycat|[spread] p2a,p2b\n|-curestatus|p2a: Weather War|par|[msg]\n|\n|-weather|RainDance|[upkeep]\n|upkeep\n|\n|t:|1698433000\n|switch|p1b: Ursaluna|Ursaluna-Bloodmoon, M|100\/100\n|-status|p1b: Ursaluna|psn\n|turn|4\n|\n|t:|1698433012\n|switch|p2a: OTLHPM|Toxicroak, M|100\/100\n|-sideend|p2: mikeyuwu|move: Toxic Spikes|[of] p2a: OTLHPM\n|move|p1b: Ursaluna|Facade|p2a: OTLHPM\n|-damage|p2a: OTLHPM|36\/100\n|move|p1a: Cresselia|Thunder Wave|p2b: Harmacy\n|-status|p2b: Harmacy|par\n|move|p2b: Harmacy|Weather Ball|p1b: Ursaluna\n|-supereffective|p1b: Ursaluna\n|-damage|p1b: Ursaluna|0 fnt\n|faint|p1b: Ursaluna\n|\n|-weather|RainDance|[upkeep]\n|-heal|p2a: OTLHPM|48\/100|[from] ability: Dry Skin\n|-activate|p2b: Harmacy|ability: Hydration\n|-curestatus|p2b: Harmacy|par|[msg]\n|-heal|p2a: OTLHPM|54\/100|[from] item: Black Sludge\n|upkeep\n|c|\u2606mikeyuwu|Oh no\n|\n|t:|1698433042\n|switch|p1b: Glastrier|Glastrier|100\/100\n|-status|p1b: Glastrier|psn\n|turn|5\n|c|\u2606mikeyuwu|Bloodmoon is a special attacker fren\n|\n|t:|1698433054\n|switch|p2a: Extra Spicy|Garchomp, M|100\/100\n|move|p1a: Cresselia|Ally Switch|p1a: Cresselia\n|swap|p1a: Cresselia|1|[from] move: Ally Switch\n|move|p1a: Glastrier|Stomping Tantrum|p2a: Extra Spicy\n|-damage|p2a: Extra Spicy|82\/100\n|-damage|p1a: Glastrier|88\/100 psn|[from] ability: Rough Skin|[of] p2a: Extra Spicy\n|-damage|p1a: Glastrier|72\/100 psn|[from] item: Rocky Helmet|[of] p2a: Extra Spicy\n|move|p2b: Harmacy|Wish|p2b: Harmacy\n|\n|-weather|none\n|-damage|p1a: Glastrier|59\/100 psn|[from] psn\n|upkeep\n|turn|6\n|\n|t:|1698433072\n|switch|p2a: Weather War|Pelipper, F|100\/100\n|-weather|RainDance|[from] ability: Drizzle|[of] p2a: Weather War\n|move|p1a: Glastrier|Icicle Crash|p2a: Weather War\n|-damage|p2a: Weather War|61\/100\n|move|p1b: Cresselia|Lunar Blessing|p1b: Cresselia|[spread] p1a,p1b\n|-heal|p1a: Glastrier|84\/100 psn\n|-curestatus|p1a: Glastrier|psn|[msg]\n|move|p2b: Harmacy|Icy Wind|p1b: Cresselia|[spread] p1a,p1b\n|-resisted|p1a: Glastrier\n|-damage|p1a: Glastrier|80\/100\n|-damage|p1b: Cresselia|94\/100\n|-unboost|p1b: Cresselia|spe|1\n|\n|-weather|RainDance|[upkeep]\n|-fieldend|move: Trick Room\n|upkeep\n|turn|7\n|\n|t:|1698433097\n|move|p1a: Glastrier|Protect|p1a: Glastrier\n|-singleturn|p1a: Glastrier|Protect\n|move|p2a: Weather War|Chilling Water|p1a: Glastrier\n|-activate|p1a: Glastrier|move: Protect\n|move|p2b: Harmacy|Copycat|p2b: Harmacy\n|move|p2b: Harmacy|Chilling Water|p1a: Glastrier|[from]move: Copycat\n|-activate|p1a: Glastrier|move: Protect\n|move|p1b: Cresselia|Thunder Wave|p2a: Weather War\n|-status|p2a: Weather War|par\n|\n|-weather|RainDance|[upkeep]\n|upkeep\n|turn|8\n|\n|t:|1698433112\n|move|p1b: Cresselia|Ally Switch|p1b: Cresselia\n|swap|p1b: Cresselia|0|[from] move: Ally Switch\n|move|p2b: Harmacy|Weather Ball|p1a: Cresselia\n|-damage|p1a: Cresselia|65\/100\n|move|p1b: Glastrier|Icicle Crash|p2a: Weather War\n|-damage|p2a: Weather War|18\/100 par\n|cant|p2a: Weather War|flinch\n|\n|-weather|RainDance|[upkeep]\n|upkeep\n|turn|9\n|\n|t:|1698433139\n|switch|p2a: Cold Shoulder|Abomasnow, M, shiny|100\/100\n|-weather|Snow|[from] ability: Snow Warning|[of] p2a: Cold Shoulder\n|move|p2b: Harmacy|Wish|p2b: Harmacy\n|move|p1a: Cresselia|Lunar Blessing|p1a: Cresselia|[spread] p1a,p1b\n|-heal|p1a: Cresselia|90\/100\n|-heal|p1b: Glastrier|100\/100\n|move|p1b: Glastrier|Close Combat|p2b: Harmacy\n|-damage|p2b: Harmacy|63\/100\n|-unboost|p1b: Glastrier|def|1\n|-unboost|p1b: Glastrier|spd|1\n|\n|-weather|Snow|[upkeep]\n|-heal|p2b: Harmacy|69\/100|[from] item: Leftovers\n|upkeep\n|turn|10\n|\n|t:|1698433162\n|switch|p2b: Weather War|Pelipper, F|18\/100 par\n|-weather|RainDance|[from] ability: Drizzle|[of] p2b: Weather War\n|move|p2a: Cold Shoulder|Leech Seed|p1b: Glastrier\n|-start|p1b: Glastrier|move: Leech Seed\n|move|p1a: Cresselia|Thunder Wave|p2b: Weather War\n|-fail|p2b: Weather War|par\n|move|p1b: Glastrier|Close Combat|p2a: Cold Shoulder\n|-supereffective|p2a: Cold Shoulder\n|-damage|p2a: Cold Shoulder|15\/100\n|-unboost|p1b: Glastrier|def|1\n|-unboost|p1b: Glastrier|spd|1\n|\n|-weather|RainDance|[upkeep]\n|-heal|p2b: Weather War|90\/100 par|[from] move: Wish|[wisher] Harmacy\n|-damage|p1b: Glastrier|88\/100|[from] Leech Seed|[of] p2a: Cold Shoulder\n|-heal|p2a: Cold Shoulder|30\/100|[silent]\n|upkeep\n|turn|11\n|\n|t:|1698433192\n|switch|p2a: OTLHPM|Toxicroak, M|54\/100\n|move|p1a: Cresselia|Thunder Wave|p2a: OTLHPM\n|-status|p2a: OTLHPM|par\n|move|p1b: Glastrier|Icicle Crash|p2b: Weather War\n|-damage|p2b: Weather War|51\/100 par\n|move|p2b: Weather War|Chilling Water|p2a: OTLHPM\n|-heal|p2a: OTLHPM|79\/100 par|[from] ability: Dry Skin|[of] p2b: Weather War\n|\n|-weather|RainDance|[upkeep]\n|-heal|p2a: OTLHPM|92\/100 par|[from] ability: Dry Skin\n|-heal|p2a: OTLHPM|98\/100 par|[from] item: Black Sludge\n|-damage|p1b: Glastrier|76\/100|[from] Leech Seed|[of] p2a: OTLHPM\n|-heal|p2a: OTLHPM|100\/100 par|[silent]\n|upkeep\n|turn|12\n|\n|t:|1698433212\n|move|p1a: Cresselia|Ally Switch|p1a: Cresselia\n|swap|p1a: Cresselia|1|[from] move: Ally Switch\n|move|p2a: OTLHPM|Drain Punch|p1b: Cresselia\n|-resisted|p1b: Cresselia\n|-damage|p1b: Cresselia|79\/100\n|move|p1a: Glastrier|Stomping Tantrum|p2a: OTLHPM\n|-supereffective|p2a: OTLHPM\n|-damage|p2a: OTLHPM|14\/100 par\n|move|p2b: Weather War|Chilling Water|p1b: Cresselia\n|-damage|p1b: Cresselia|65\/100\n|-unboost|p1b: Cresselia|atk|1\n|\n|-weather|RainDance|[upkeep]\n|-heal|p2a: OTLHPM|27\/100 par|[from] ability: Dry Skin\n|-heal|p2a: OTLHPM|33\/100 par|[from] item: Black Sludge\n|-damage|p1a: Glastrier|63\/100|[from] Leech Seed|[of] p2a: OTLHPM\n|-heal|p2a: OTLHPM|48\/100 par|[silent]\n|upkeep\n|turn|13\n|\n|t:|1698433246\n|switch|p2b: Harmacy|Vaporeon, F|69\/100\n|move|p2a: OTLHPM|Drain Punch|p1a: Glastrier\n|-supereffective|p1a: Glastrier\n|-damage|p1a: Glastrier|0 fnt\n|-heal|p2a: OTLHPM|86\/100 par|[from] drain|[of] p1a: Glastrier\n|faint|p1a: Glastrier\n|move|p1b: Cresselia|Trick Room|p1b: Cresselia\n|-fieldstart|move: Trick Room|[of] p1b: Cresselia\n|\n|-weather|RainDance|[upkeep]\n|-heal|p2a: OTLHPM|98\/100 par|[from] ability: Dry Skin\n|-heal|p2a: OTLHPM|100\/100 par|[from] item: Black Sludge\n|-heal|p2b: Harmacy|75\/100|[from] item: Leftovers\n|upkeep\n|-message|muddpatty forfeited.\n|\n|win|mikeyuwu\n|raw|muddpatty's rating: 1120 &rarr; <strong>1103<\/strong><br \/>(-17 for losing)\n|raw|mikeyuwu's rating: 1238 &rarr; <strong>1255<\/strong><br \/>(+17 for winning)\n|l|\u2606muddpatty\n","uploadtime":1698433266,"views":13,"p1id":"muddpatty","p2id":"mikeyuwu","formatid":"gen9doublesou","rating":1103,"private":0,"password":""}