{"id":"gen9doublesou-1984366477","p1":"sleepcooling","p2":"PizzaSalame","format":"[Gen 9] Doubles OU","log":"|j|\u2606sleepcooling\n|j|\u2606PizzaSalame\n|t:|1699250470\n|gametype|doubles\n|player|p1|sleepcooling|gloria|1426\n|player|p2|PizzaSalame|102|1375\n|teamsize|p1|6\n|teamsize|p2|6\n|gen|9\n|tier|[Gen 9] Doubles OU\n|rated|\n|rule|Species Clause: Limit one of each Pok\u00e9mon\n|rule|OHKO Clause: OHKO moves are banned\n|rule|Evasion Moves Clause: Evasion moves are banned\n|rule|Gravity Sleep Clause: The combination of sleep-inducing moves with imperfect accuracy and Gravity or Gigantamax Orbeetle are banned\n|rule|Endless Battle Clause: Forcing endless battles is banned\n|rule|HP Percentage Mod: HP is shown in percentages\n|clearpoke\n|poke|p1|Golduck, F|\n|poke|p1|Murkrow, M|\n|poke|p1|Kommo-o, M|\n|poke|p1|Volcarona, F|\n|poke|p1|Sinistcha-Masterpiece|\n|poke|p1|Chi-Yu|\n|poke|p2|Oricorio-Pom-Pom, M|\n|poke|p2|Volcarona, M|\n|poke|p2|Torkoal, F|\n|poke|p2|Scream Tail|\n|poke|p2|Indeedee-F, F|\n|poke|p2|Iron Hands|\n|teampreview\n|\n|t:|1699250481\n|start\n|switch|p1a: ting lu|Kommo-o, M|100\/100\n|switch|p1b: \u505c\u9e7f|Golduck, F|100\/100\n|switch|p2a: here comes the sun|Volcarona, M|100\/100\n|switch|p2b: Corio|Oricorio-Pom-Pom, M, shiny|100\/100\n|-ability|p1b: \u505c\u9e7f|Cloud Nine\n|turn|1\n|\n|t:|1699250498\n|move|p2b: Corio|Protect|p2b: Corio\n|-singleturn|p2b: Corio|Protect\n|move|p2a: here comes the sun|Quiver Dance|p2a: here comes the sun\n|-boost|p2a: here comes the sun|spa|1\n|-boost|p2a: here comes the sun|spd|1\n|-boost|p2a: here comes the sun|spe|1\n|-activate|p2b: Corio|ability: Dancer\n|move|p2b: Corio|Quiver Dance|p2b: Corio|[from]ability: Dancer\n|-boost|p2b: Corio|spa|1\n|-boost|p2b: Corio|spd|1\n|-boost|p2b: Corio|spe|1\n|move|p1b: \u505c\u9e7f|Simple Beam|p1a: ting lu\n|-endability|p1a: ting lu|Overcoat|[from] move: Simple Beam\n|-ability|p1a: ting lu|Simple|[from] move: Simple Beam\n|move|p1a: ting lu|Clangorous Soul|p1a: ting lu\n|-boost|p1a: ting lu|atk|2\n|-boost|p1a: ting lu|def|2\n|-boost|p1a: ting lu|spa|2\n|-boost|p1a: ting lu|spd|2\n|-boost|p1a: ting lu|spe|2\n|-damage|p1a: ting lu|68\/100\n|-activate|p2b: Corio|ability: Dancer\n|move|p2b: Corio|Clangorous Soul|p2b: Corio|[from]ability: Dancer\n|-boost|p2b: Corio|atk|1\n|-boost|p2b: Corio|def|1\n|-boost|p2b: Corio|spa|1\n|-boost|p2b: Corio|spd|1\n|-boost|p2b: Corio|spe|1\n|-damage|p2b: Corio|68\/100\n|\n|-heal|p1a: ting lu|74\/100|[from] item: Leftovers\n|upkeep\n|turn|2\n|\n|t:|1699250550\n|-terastallize|p2b: Corio|Fairy\n|-terastallize|p1a: ting lu|Normal\n|move|p2b: Corio|Revelation Dance|p1a: ting lu\n|-damage|p1a: ting lu|37\/100\n|move|p1a: ting lu|Clangorous Soul|p1a: ting lu\n|-boost|p1a: ting lu|atk|2\n|-boost|p1a: ting lu|def|2\n|-boost|p1a: ting lu|spa|2\n|-boost|p1a: ting lu|spd|2\n|-boost|p1a: ting lu|spe|2\n|-damage|p1a: ting lu|4\/100\n|-activate|p2b: Corio|ability: Dancer\n|move|p2b: Corio|Clangorous Soul|p2b: Corio|[from]ability: Dancer\n|-boost|p2b: Corio|atk|1\n|-boost|p2b: Corio|def|1\n|-boost|p2b: Corio|spa|1\n|-boost|p2b: Corio|spd|1\n|-boost|p2b: Corio|spe|1\n|-damage|p2b: Corio|35\/100\n|move|p2a: here comes the sun|Fiery Dance|p1b: \u505c\u9e7f\n|-resisted|p1b: \u505c\u9e7f\n|-damage|p1b: \u505c\u9e7f|61\/100\n|-boost|p2a: here comes the sun|spa|1\n|-activate|p2b: Corio|ability: Dancer\n|move|p2b: Corio|Fiery Dance|p1b: \u505c\u9e7f|[from]ability: Dancer\n|-resisted|p1b: \u505c\u9e7f\n|-damage|p1b: \u505c\u9e7f|28\/100\n|move|p1b: \u505c\u9e7f|Yawn|p2a: here comes the sun\n|-start|p2a: here comes the sun|move: Yawn|[of] p1b: \u505c\u9e7f\n|\n|-heal|p1a: ting lu|11\/100|[from] item: Leftovers\n|upkeep\n|turn|3\n|\n|t:|1699250598\n|switch|p1b: \u4f60\u5e72\u561b\u54c8\u54c8\u54ce\u54df|Sinistcha-Masterpiece|100\/100\n|-heal|p1a: ting lu|35\/100|[from] ability: Hospitality|[of] p1b: \u4f60\u5e72\u561b\u54c8\u54c8\u54ce\u54df\n|move|p1a: ting lu|Drain Punch|p2a: here comes the sun\n|-resisted|p2a: here comes the sun\n|-damage|p2a: here comes the sun|28\/100\n|-heal|p1a: ting lu|70\/100|[from] drain|[of] p2a: here comes the sun\n|move|p2b: Corio|Air Slash|p1a: ting lu\n|-damage|p1a: ting lu|42\/100\n|move|p2a: here comes the sun|Fiery Dance|p1b: \u4f60\u5e72\u561b\u54c8\u54c8\u54ce\u54df\n|-supereffective|p1b: \u4f60\u5e72\u561b\u54c8\u54c8\u54ce\u54df\n|-damage|p1b: \u4f60\u5e72\u561b\u54c8\u54c8\u54ce\u54df|0 fnt\n|faint|p1b: \u4f60\u5e72\u561b\u54c8\u54c8\u54ce\u54df\n|-activate|p2b: Corio|ability: Dancer\n|move|p2b: Corio|Fiery Dance|p1a: ting lu|[from]ability: Dancer\n|-damage|p1a: ting lu|22\/100\n|-boost|p2b: Corio|spa|1\n|\n|-heal|p1a: ting lu|28\/100|[from] item: Leftovers\n|-end|p2a: here comes the sun|move: Yawn|[silent]\n|-status|p2a: here comes the sun|slp\n|upkeep\n|\n|t:|1699250621\n|switch|p1b: chi yu|Volcarona, F|100\/100\n|turn|4\n|\n|t:|1699250633\n|switch|p2a: Nuh uh|Indeedee-F, F, shiny|100\/100\n|-fieldstart|move: Psychic Terrain|[from] ability: Psychic Surge|[of] p2a: Nuh uh\n|-enditem|p2a: Nuh uh|Psychic Seed\n|-boost|p2a: Nuh uh|spd|1|[from] item: Psychic Seed\n|move|p2b: Corio|Protect|p2b: Corio\n|-singleturn|p2b: Corio|Protect\n|move|p1a: ting lu|Drain Punch|p2b: Corio\n|-activate|p2b: Corio|move: Protect\n|move|p1b: chi yu|Quiver Dance|p1b: chi yu\n|-boost|p1b: chi yu|spa|1\n|-boost|p1b: chi yu|spd|1\n|-boost|p1b: chi yu|spe|1\n|-activate|p2b: Corio|ability: Dancer\n|move|p2b: Corio|Quiver Dance|p2b: Corio|[from]ability: Dancer\n|-boost|p2b: Corio|spa|1\n|-boost|p2b: Corio|spd|1\n|-boost|p2b: Corio|spe|1\n|\n|-heal|p1a: ting lu|34\/100|[from] item: Leftovers\n|upkeep\n|turn|5\n|\n|t:|1699250668\n|move|p1a: ting lu|Protect|p1a: ting lu\n|-singleturn|p1a: ting lu|Protect\n|move|p2a: Nuh uh|Follow Me|p2a: Nuh uh\n|-singleturn|p2a: Nuh uh|move: Follow Me\n|move|p2b: Corio|Air Slash|p1b: chi yu|[miss]\n|-miss|p2b: Corio|p1b: chi yu\n|move|p1b: chi yu|Heat Wave|p2a: Nuh uh|[spread] p2a,p2b\n|-damage|p2a: Nuh uh|72\/100\n|-damage|p2b: Corio|8\/100\n|\n|-heal|p1a: ting lu|40\/100|[from] item: Leftovers\n|upkeep\n|turn|6\n|\n|t:|1699250682\n|move|p2a: Nuh uh|Follow Me|p2a: Nuh uh\n|-singleturn|p2a: Nuh uh|move: Follow Me\n|move|p2b: Corio|Revelation Dance|p1a: ting lu\n|-damage|p1a: ting lu|0 fnt\n|faint|p1a: ting lu\n|move|p1b: chi yu|Heat Wave|p2b: Corio|[spread] p2a,p2b\n|-damage|p2a: Nuh uh|42\/100\n|-damage|p2b: Corio|0 fnt\n|faint|p2b: Corio\n|\n|upkeep\n|\n|t:|1699250702\n|switch|p2b: here comes the sun|Volcarona, M|28\/100 slp\n|switch|p1a: \u5403\u9c7c|Chi-Yu|100\/100\n|-ability|p1a: \u5403\u9c7c|Beads of Ruin\n|turn|7\n|\n|t:|1699250723\n|switch|p1a: \u505c\u9e7f|Golduck, F|28\/100\n|-ability|p1a: \u505c\u9e7f|Cloud Nine\n|move|p2a: Nuh uh|Protect|p2a: Nuh uh\n|-singleturn|p2a: Nuh uh|Protect\n|move|p1b: chi yu|Quiver Dance|p1b: chi yu\n|-boost|p1b: chi yu|spa|1\n|-boost|p1b: chi yu|spd|1\n|-boost|p1b: chi yu|spe|1\n|cant|p2b: here comes the sun|slp\n|\n|upkeep\n|turn|8\n|l|\u2606sleepcooling\n|player|p1|\n|j|\u2606sleepcooling\n|player|p1|sleepcooling|gloria\n|\n|t:|1699250771\n|move|p1b: chi yu|Heat Wave|p2b: here comes the sun|[spread] p2a,p2b\n|-damage|p2a: Nuh uh|3\/100\n|-damage|p2b: here comes the sun|0 fnt\n|faint|p2b: here comes the sun\n|move|p2a: Nuh uh|Psychic|p1a: \u505c\u9e7f\n|-damage|p1a: \u505c\u9e7f|0 fnt\n|faint|p1a: \u505c\u9e7f\n|\n|-fieldend|move: Psychic Terrain\n|upkeep\n|\n|t:|1699250791\n|switch|p2b: No touchy|Iron Hands|100\/100\n|switch|p1a: \u5403\u9c7c|Chi-Yu|100\/100\n|-ability|p1a: \u5403\u9c7c|Beads of Ruin\n|turn|9\n|\n|t:|1699250804\n|move|p2b: No touchy|Fake Out|p1b: chi yu\n|-damage|p1b: chi yu|85\/100\n|move|p2a: Nuh uh|Follow Me|p2a: Nuh uh\n|-singleturn|p2a: Nuh uh|move: Follow Me\n|cant|p1b: chi yu|flinch\n|move|p1a: \u5403\u9c7c|Heat Wave|p2b: No touchy|[spread] p2a,p2b\n|-damage|p2a: Nuh uh|0 fnt\n|-damage|p2b: No touchy|52\/100\n|faint|p2a: Nuh uh\n|\n|-heal|p1b: chi yu|91\/100|[from] item: Leftovers\n|upkeep\n|\n|t:|1699250810\n|switch|p2a: AAAAAAAAAAAH|Scream Tail|100\/100\n|turn|10\n|\n|t:|1699250817\n|move|p1b: chi yu|Heat Wave|p2a: AAAAAAAAAAAH|[spread] \n|-miss|p1b: chi yu|p2a: AAAAAAAAAAAH\n|-miss|p1b: chi yu|p2b: No touchy\n|move|p1a: \u5403\u9c7c|Heat Wave|p2a: AAAAAAAAAAAH|[spread] p2a,p2b\n|-damage|p2a: AAAAAAAAAAAH|74\/100\n|-damage|p2b: No touchy|5\/100\n|-enditem|p2b: No touchy|Aguav Berry|[eat]\n|-heal|p2b: No touchy|38\/100|[from] item: Aguav Berry\n|move|p2b: No touchy|Close Combat|p1a: \u5403\u9c7c\n|-supereffective|p1a: \u5403\u9c7c\n|-enditem|p1a: \u5403\u9c7c|Focus Sash\n|-damage|p1a: \u5403\u9c7c|1\/100\n|-unboost|p2b: No touchy|def|1\n|-unboost|p2b: No touchy|spd|1\n|move|p2a: AAAAAAAAAAAH|Trick Room|p2a: AAAAAAAAAAAH\n|-fieldstart|move: Trick Room|[of] p2a: AAAAAAAAAAAH\n|\n|-heal|p1b: chi yu|97\/100|[from] item: Leftovers\n|upkeep\n|turn|11\n|\n|t:|1699250844\n|move|p2a: AAAAAAAAAAAH|Helping Hand|p2b: No touchy\n|-singleturn|p2b: No touchy|Helping Hand|[of] p2a: AAAAAAAAAAAH\n|move|p1a: \u5403\u9c7c|Protect|p1a: \u5403\u9c7c\n|-singleturn|p1a: \u5403\u9c7c|Protect\n|move|p2b: No touchy|Drain Punch|p1b: chi yu\n|-resisted|p1b: chi yu\n|-damage|p1b: chi yu|64\/100\n|-heal|p2b: No touchy|49\/100|[from] drain|[of] p1b: chi yu\n|move|p1b: chi yu|Heat Wave|p2b: No touchy|[spread] p2b\n|-miss|p1b: chi yu|p2a: AAAAAAAAAAAH\n|-damage|p2b: No touchy|0 fnt\n|faint|p2b: No touchy\n|-end|p2b: No touchy|Quark Drive|[silent]\n|\n|-heal|p1b: chi yu|70\/100|[from] item: Leftovers\n|upkeep\n|\n|t:|1699250852\n|switch|p2b: Turtl|Torkoal, F, shiny|100\/100\n|-weather|SunnyDay|[from] ability: Drought|[of] p2b: Turtl\n|-activate|p2a: AAAAAAAAAAAH|ability: Protosynthesis\n|-start|p2a: AAAAAAAAAAAH|protosynthesisspd\n|turn|12\n|\n|t:|1699250871\n|move|p2a: AAAAAAAAAAAH|Helping Hand|p2b: Turtl\n|-singleturn|p2b: Turtl|Helping Hand|[of] p2a: AAAAAAAAAAAH\n|move|p1a: \u5403\u9c7c|Protect||[still]\n|-fail|p1a: \u5403\u9c7c\n|move|p1b: chi yu|Protect|p1b: chi yu\n|-singleturn|p1b: chi yu|Protect\n|move|p2b: Turtl|Eruption|p1a: \u5403\u9c7c|[spread] p1a\n|-activate|p1b: chi yu|move: Protect\n|-resisted|p1a: \u5403\u9c7c\n|-damage|p1a: \u5403\u9c7c|0 fnt\n|faint|p1a: \u5403\u9c7c\n|-damage|p2b: Turtl|91\/100|[from] item: Life Orb\n|\n|-weather|SunnyDay|[upkeep]\n|-heal|p1b: chi yu|76\/100|[from] item: Leftovers\n|upkeep\n|\n|t:|1699250888\n|switch|p1a: \u4f60\u77e5\u9053\u6211\u8981\u5e72\u561b|Murkrow, M|100\/100\n|turn|13\n|\n|t:|1699250913\n|move|p2a: AAAAAAAAAAAH|Helping Hand|p2b: Turtl\n|-singleturn|p2b: Turtl|Helping Hand|[of] p2a: AAAAAAAAAAAH\n|move|p1a: \u4f60\u77e5\u9053\u6211\u8981\u5e72\u561b|Thunder Wave|p2b: Turtl|[miss]\n|-miss|p1a: \u4f60\u77e5\u9053\u6211\u8981\u5e72\u561b|p2b: Turtl\n|move|p2b: Turtl|Eruption|p1b: chi yu|[spread] p1a,p1b\n|-enditem|p1a: \u4f60\u77e5\u9053\u6211\u8981\u5e72\u561b|Focus Sash\n|-damage|p1a: \u4f60\u77e5\u9053\u6211\u8981\u5e72\u561b|1\/100\n|-damage|p1b: chi yu|19\/100\n|-damage|p2b: Turtl|81\/100|[from] item: Life Orb\n|move|p1b: chi yu|Heat Wave|p2a: AAAAAAAAAAAH|[spread] \n|-miss|p1b: chi yu|p2a: AAAAAAAAAAAH\n|-miss|p1b: chi yu|p2b: Turtl\n|\n|-weather|SunnyDay|[upkeep]\n|-heal|p1b: chi yu|25\/100|[from] item: Leftovers\n|upkeep\n|turn|14\n|\n|t:|1699250961\n|move|p2a: AAAAAAAAAAAH|Helping Hand|p2b: Turtl\n|-singleturn|p2b: Turtl|Helping Hand|[of] p2a: AAAAAAAAAAAH\n|move|p1a: \u4f60\u77e5\u9053\u6211\u8981\u5e72\u561b|Thunder Wave|p2a: AAAAAAAAAAAH\n|-status|p2a: AAAAAAAAAAAH|par\n|move|p2b: Turtl|Eruption|p1b: chi yu|[spread] p1a,p1b\n|-damage|p1a: \u4f60\u77e5\u9053\u6211\u8981\u5e72\u561b|0 fnt\n|-damage|p1b: chi yu|0 fnt\n|faint|p1a: \u4f60\u77e5\u9053\u6211\u8981\u5e72\u561b\n|faint|p1b: chi yu\n|-damage|p2b: Turtl|71\/100|[from] item: Life Orb\n|\n|win|PizzaSalame\n|raw|sleepcooling's rating: 1426 &rarr; <strong>1403<\/strong><br \/>(-23 for losing)\n|raw|PizzaSalame's rating: 1375 &rarr; <strong>1398<\/strong><br \/>(+23 for winning)\n|l|\u2606PizzaSalame\n","uploadtime":1699250977,"views":9,"p1id":"sleepcooling","p2id":"pizzasalame","formatid":"gen9doublesou","rating":1398,"private":0,"password":""}