{"id":"gen9doublesou-1992249681","p1":"dubs 4 life","p2":"Kittyredheart","format":"[Gen 9] Doubles OU","log":"|j|\u2606dubs 4 life\n|j|\u2606Kittyredheart\n|t:|1700167642\n|gametype|doubles\n|player|p1|dubs 4 life|clown|1377\n|player|p2|Kittyredheart|elesa|1406\n|teamsize|p1|6\n|teamsize|p2|6\n|gen|9\n|tier|[Gen 9] Doubles OU\n|rated|\n|rule|Species Clause: Limit one of each Pok\u00e9mon\n|rule|OHKO Clause: OHKO moves are banned\n|rule|Evasion Moves Clause: Evasion moves are banned\n|rule|Gravity Sleep Clause: The combination of sleep-inducing moves with imperfect accuracy and Gravity or Gigantamax Orbeetle are banned\n|rule|Endless Battle Clause: Forcing endless battles is banned\n|rule|HP Percentage Mod: HP is shown in percentages\n|clearpoke\n|poke|p1|Amoonguss, F|\n|poke|p1|Landorus-Therian, M|\n|poke|p1|Tornadus, M|\n|poke|p1|Inteleon, M|\n|poke|p1|Chien-Pao|\n|poke|p1|Moltres-Galar|\n|poke|p2|Milotic, F|\n|poke|p2|Grimmsnarl, M|\n|poke|p2|Jirachi|\n|poke|p2|Espathra, M|\n|poke|p2|Landorus-Therian, M|\n|poke|p2|Chien-Pao|\n|teampreview\n|inactive|Battle timer is ON: inactive players will automatically lose when time's up. (requested by dubs 4 life)\n|\n|t:|1700167650\n|start\n|switch|p1a: buff man|Tornadus, M|100\/100\n|switch|p1b: Moltres|Moltres-Galar|100\/100\n|switch|p2a: Chicky Wicky|Grimmsnarl, M, shiny|100\/100\n|switch|p2b: Iron Fangs|Chien-Pao|100\/100\n|-ability|p2b: Iron Fangs|Sword of Ruin\n|turn|1\n|\n|t:|1700167677\n|move|p1a: buff man|Tailwind|p1a: buff man\n|-sidestart|p1: dubs 4 life|move: Tailwind\n|move|p2a: Chicky Wicky|Thunder Wave|p1a: buff man\n|-status|p1a: buff man|par\n|move|p1b: Moltres|Fiery Wrath|p2b: Iron Fangs|[spread] p2a,p2b\n|-resisted|p2a: Chicky Wicky\n|-resisted|p2b: Iron Fangs\n|-damage|p2a: Chicky Wicky|93\/100\n|-damage|p2b: Iron Fangs|82\/100\n|cant|p2b: Iron Fangs|flinch\n|\n|upkeep\n|turn|2\n|\n|t:|1700167700\n|move|p1a: buff man|Scary Face|p2b: Iron Fangs\n|-hint|Since gen 7, Dark is immune to Prankster moves.\n|-immune|p2b: Iron Fangs\n|move|p2a: Chicky Wicky|Light Screen|p2a: Chicky Wicky\n|-sidestart|p2: Kittyredheart|move: Light Screen\n|move|p1b: Moltres|Hyper Voice|p2b: Iron Fangs|[spread] p2a,p2b\n|-damage|p2a: Chicky Wicky|81\/100\n|-damage|p2b: Iron Fangs|64\/100\n|move|p2b: Iron Fangs|Ice Spinner|p1a: buff man\n|-supereffective|p1a: buff man\n|-damage|p1a: buff man|0 fnt\n|faint|p1a: buff man\n|\n|upkeep\n|inactive|dubs 4 life has 120 seconds left.\n|\n|t:|1700167720\n|switch|p1a: Landorus|Landorus-Therian, M|100\/100\n|-ability|p1a: Landorus|Intimidate|boost\n|-unboost|p2a: Chicky Wicky|atk|1\n|-unboost|p2b: Iron Fangs|atk|1\n|turn|3\n|\n|t:|1700167730\n|switch|p2b: Cloud Terra|Landorus-Therian, M|100\/100\n|-ability|p2b: Cloud Terra|Intimidate|boost\n|-unboost|p1a: Landorus|atk|1\n|-unboost|p1b: Moltres|atk|1\n|-enditem|p1b: Moltres|Adrenaline Orb\n|-boost|p1b: Moltres|spe|1|[from] item: Adrenaline Orb\n|move|p2a: Chicky Wicky|Parting Shot|p1a: Landorus\n|-unboost|p1a: Landorus|atk|1\n|-unboost|p1a: Landorus|spa|1\n|\n|t:|1700167750\n|switch|p2a: Aqua Marine|Milotic, F|100\/100|[from] Parting Shot\n|move|p1b: Moltres|Air Slash|p2a: Aqua Marine\n|-damage|p2a: Aqua Marine|88\/100\n|move|p1a: Landorus|Brick Break|p2b: Cloud Terra\n|-sideend|p2: Kittyredheart|move: Light Screen\n|-resisted|p2b: Cloud Terra\n|-damage|p2b: Cloud Terra|92\/100\n|-enditem|p2b: Cloud Terra|Eject Button\n|\n|t:|1700167761\n|switch|p2b: Chicky Wicky|Grimmsnarl, M, shiny|81\/100\n|\n|upkeep\n|turn|4\n|\n|t:|1700167775\n|switch|p1a: Chien-Pao|Chien-Pao|100\/100\n|-ability|p1a: Chien-Pao|Sword of Ruin\n|move|p2b: Chicky Wicky|Light Screen|p2b: Chicky Wicky\n|-sidestart|p2: Kittyredheart|move: Light Screen\n|move|p1b: Moltres|Fiery Wrath|p2b: Chicky Wicky|[spread] p2a,p2b\n|-resisted|p2b: Chicky Wicky\n|-damage|p2a: Aqua Marine|76\/100\n|-damage|p2b: Chicky Wicky|76\/100\n|cant|p2a: Aqua Marine|flinch\n|\n|-sideend|p1: dubs 4 life|move: Tailwind\n|upkeep\n|turn|5\n|inactive|dubs 4 life has 120 seconds left.\n|\n|t:|1700167809\n|switch|p2b: Cloud Terra|Landorus-Therian, M|92\/100\n|-ability|p2b: Cloud Terra|Intimidate|boost\n|-unboost|p1a: Chien-Pao|atk|1\n|-unboost|p1b: Moltres|atk|1\n|move|p1b: Moltres|Air Slash|p2a: Aqua Marine\n|-damage|p2a: Aqua Marine|62\/100\n|move|p1a: Chien-Pao|Ice Spinner|p2b: Cloud Terra\n|-supereffective|p2b: Cloud Terra\n|-damage|p2b: Cloud Terra|0 fnt\n|faint|p2b: Cloud Terra\n|move|p2a: Aqua Marine|Scald|p1a: Chien-Pao\n|-damage|p1a: Chien-Pao|59\/100\n|-status|p1a: Chien-Pao|brn\n|\n|-damage|p1a: Chien-Pao|53\/100 brn|[from] brn\n|upkeep\n|\n|t:|1700167825\n|switch|p2b: Chicky Wicky|Grimmsnarl, M, shiny|76\/100\n|turn|6\n|\n|t:|1700167836\n|switch|p1a: Inteleon|Inteleon, M|100\/100\n|move|p2b: Chicky Wicky|Fake Out|p1b: Moltres\n|-damage|p1b: Moltres|88\/100\n|cant|p1b: Moltres|flinch\n|move|p2a: Aqua Marine|Coil|p2a: Aqua Marine\n|-boost|p2a: Aqua Marine|atk|1\n|-boost|p2a: Aqua Marine|def|1\n|-boost|p2a: Aqua Marine|accuracy|1\n|\n|upkeep\n|turn|7\n|\n|t:|1700167860\n|-terastallize|p1a: Inteleon|Water\n|move|p2b: Chicky Wicky|Thunder Wave|p1a: Inteleon\n|-status|p1a: Inteleon|par\n|move|p1b: Moltres|Fiery Wrath|p2a: Aqua Marine|[spread] p2a,p2b\n|-resisted|p2b: Chicky Wicky\n|-damage|p2a: Aqua Marine|50\/100\n|-damage|p2b: Chicky Wicky|71\/100\n|move|p2a: Aqua Marine|Hypnosis|p1b: Moltres|[miss]\n|-miss|p2a: Aqua Marine|p1b: Moltres\n|move|p1a: Inteleon|Snipe Shot|p2b: Chicky Wicky\n|-damage|p2b: Chicky Wicky|38\/100\n|\n|upkeep\n|turn|8\n|\n|t:|1700167882\n|move|p2b: Chicky Wicky|Parting Shot|p1a: Inteleon\n|-unboost|p1a: Inteleon|atk|1\n|-unboost|p1a: Inteleon|spa|1\n|\n|t:|1700167887\n|switch|p2b: Iron Wish|Jirachi|100\/100|[from] Parting Shot\n|move|p1b: Moltres|Fiery Wrath|p2b: Iron Wish|[spread] p2a,p2b\n|-supereffective|p2b: Iron Wish\n|-damage|p2a: Aqua Marine|36\/100\n|-damage|p2b: Iron Wish|75\/100\n|move|p2a: Aqua Marine|Rest|p2a: Aqua Marine\n|-status|p2a: Aqua Marine|slp|[from] move: Rest\n|-heal|p2a: Aqua Marine|100\/100 slp|[silent]\n|-enditem|p2a: Aqua Marine|Chesto Berry|[eat]\n|-curestatus|p2a: Aqua Marine|slp|[msg]\n|cant|p1a: Inteleon|par\n|\n|-heal|p2b: Iron Wish|81\/100|[from] item: Leftovers\n|-sideend|p2: Kittyredheart|move: Light Screen\n|upkeep\n|turn|9\n|\n|t:|1700167916\n|switch|p1a: Chien-Pao|Chien-Pao|53\/100 brn\n|-ability|p1a: Chien-Pao|Sword of Ruin\n|move|p1b: Moltres|Fiery Wrath|p2b: Iron Wish|[spread] p2a,p2b\n|-supereffective|p2b: Iron Wish\n|-damage|p2a: Aqua Marine|81\/100\n|-damage|p2b: Iron Wish|42\/100\n|move|p2b: Iron Wish|Wish|p2b: Iron Wish\n|move|p2a: Aqua Marine|Coil|p2a: Aqua Marine\n|-boost|p2a: Aqua Marine|atk|1\n|-boost|p2a: Aqua Marine|def|1\n|-boost|p2a: Aqua Marine|accuracy|1\n|\n|-heal|p2b: Iron Wish|48\/100|[from] item: Leftovers\n|-damage|p1a: Chien-Pao|47\/100 brn|[from] brn\n|upkeep\n|turn|10\n|\n|t:|1700167932\n|switch|p2b: Chicky Wicky|Grimmsnarl, M, shiny|38\/100\n|move|p1b: Moltres|Fiery Wrath|p2a: Aqua Marine|[spread] p2a,p2b\n|-resisted|p2b: Chicky Wicky\n|-damage|p2a: Aqua Marine|63\/100\n|-damage|p2b: Chicky Wicky|31\/100\n|move|p1a: Chien-Pao|Ice Spinner|p2a: Aqua Marine\n|-resisted|p2a: Aqua Marine\n|-damage|p2a: Aqua Marine|57\/100\n|cant|p2a: Aqua Marine|flinch\n|\n|-heal|p2b: Chicky Wicky|82\/100|[from] move: Wish|[wisher] Iron Wish\n|-damage|p1a: Chien-Pao|41\/100 brn|[from] brn\n|upkeep\n|turn|11\n|\n|t:|1700167959\n|switch|p1a: Landorus|Landorus-Therian, M|100\/100\n|-ability|p1a: Landorus|Intimidate|boost\n|-unboost|p2a: Aqua Marine|atk|1\n|-ability|p2a: Aqua Marine|Competitive|boost\n|-boost|p2a: Aqua Marine|spa|2\n|-unboost|p2b: Chicky Wicky|atk|1\n|move|p2b: Chicky Wicky|Fake Out|p1b: Moltres\n|-damage|p1b: Moltres|81\/100\n|cant|p1b: Moltres|flinch\n|move|p2a: Aqua Marine|Hypnosis|p1b: Moltres\n|-status|p1b: Moltres|slp|[from] move: Hypnosis\n|\n|upkeep\n|turn|12\n|\n|t:|1700167978\n|move|p2b: Chicky Wicky|Parting Shot|p1a: Landorus\n|-unboost|p1a: Landorus|atk|1\n|-unboost|p1a: Landorus|spa|1\n|\n|t:|1700167983\n|switch|p2b: Iron Wish|Jirachi|48\/100|[from] Parting Shot\n|cant|p1b: Moltres|slp\n|move|p1a: Landorus|Brick Break|p2a: Aqua Marine\n|-damage|p2a: Aqua Marine|48\/100\n|move|p2a: Aqua Marine|Scald|p1a: Landorus\n|-supereffective|p1a: Landorus\n|-damage|p1a: Landorus|0 fnt\n|faint|p1a: Landorus\n|\n|-heal|p2b: Iron Wish|54\/100|[from] item: Leftovers\n|upkeep\n|c|\u2606dubs 4 life|this is hell\n|c|\u2606dubs 4 life|u made a good team\n|\n|t:|1700168001\n|switch|p1a: Inteleon|Inteleon, M, tera:Water|100\/100 par\n|turn|13\n|\n|t:|1700168007\n|-curestatus|p1b: Moltres|slp|[msg]\n|move|p1b: Moltres|Fiery Wrath|p2a: Aqua Marine|[spread] p2a,p2b\n|-supereffective|p2b: Iron Wish\n|-damage|p2a: Aqua Marine|29\/100\n|-damage|p2b: Iron Wish|13\/100\n|move|p2b: Iron Wish|Wish|p2b: Iron Wish\n|move|p2a: Aqua Marine|Scald|p1b: Moltres\n|-damage|p1b: Moltres|39\/100\n|-ability|p1b: Moltres|Berserk|boost\n|-boost|p1b: Moltres|spa|1\n|move|p1a: Inteleon|Snipe Shot|p2a: Aqua Marine\n|-resisted|p2a: Aqua Marine\n|-damage|p2a: Aqua Marine|12\/100\n|\n|-heal|p2b: Iron Wish|20\/100|[from] item: Leftovers\n|upkeep\n|turn|14\n|\n|t:|1700168034\n|switch|p2b: Chicky Wicky|Grimmsnarl, M, shiny|82\/100\n|move|p1b: Moltres|Fiery Wrath|p2a: Aqua Marine|[spread] p2a,p2b\n|-resisted|p2b: Chicky Wicky\n|-damage|p2a: Aqua Marine|0 fnt\n|-damage|p2b: Chicky Wicky|71\/100\n|faint|p2a: Aqua Marine\n|move|p1a: Inteleon|Snipe Shot|p2b: Chicky Wicky\n|-crit|p2b: Chicky Wicky\n|-damage|p2b: Chicky Wicky|0 fnt\n|faint|p2b: Chicky Wicky\n|\n|upkeep\n|\n|t:|1700168043\n|switch|p2a: Wig Snatcher|Espathra, M|100\/100\n|switch|p2b: Iron Fangs|Chien-Pao|64\/100\n|-ability|p2b: Iron Fangs|Sword of Ruin\n|turn|15\n|\n|t:|1700168068\n|move|p2a: Wig Snatcher|Protect|p2a: Wig Snatcher\n|-singleturn|p2a: Wig Snatcher|Protect\n|move|p1b: Moltres|Fiery Wrath|p2b: Iron Fangs|[spread] p2b\n|-activate|p2a: Wig Snatcher|move: Protect\n|-resisted|p2b: Iron Fangs\n|-damage|p2b: Iron Fangs|33\/100\n|move|p2b: Iron Fangs|Ice Spinner|p1b: Moltres\n|-supereffective|p1b: Moltres\n|-damage|p1b: Moltres|0 fnt\n|faint|p1b: Moltres\n|move|p1a: Inteleon|Snipe Shot|p2b: Iron Fangs\n|-damage|p2b: Iron Fangs|0 fnt\n|faint|p2b: Iron Fangs\n|\n|-ability|p2a: Wig Snatcher|Speed Boost|boost\n|-boost|p2a: Wig Snatcher|spe|1\n|upkeep\n|\n|t:|1700168085\n|switch|p2b: Iron Wish|Jirachi|20\/100\n|switch|p1b: Amoonguss|Amoonguss, F|100\/100\n|turn|16\n|\n|t:|1700168096\n|move|p2a: Wig Snatcher|Lumina Crash|p1b: Amoonguss\n|-supereffective|p1b: Amoonguss\n|-damage|p1b: Amoonguss|42\/100\n|-unboost|p1b: Amoonguss|spd|2\n|move|p2b: Iron Wish|Wish|p2b: Iron Wish\n|cant|p1a: Inteleon|par\n|move|p1b: Amoonguss|Spore|p2a: Wig Snatcher\n|-status|p2a: Wig Snatcher|slp|[from] move: Spore\n|\n|-heal|p2b: Iron Wish|26\/100|[from] item: Leftovers\n|-heal|p1b: Amoonguss|48\/100|[from] item: Leftovers\n|-ability|p2a: Wig Snatcher|Speed Boost|boost\n|-boost|p2a: Wig Snatcher|spe|1\n|upkeep\n|turn|17\n|\n|t:|1700168123\n|move|p1b: Amoonguss|Rage Powder|p1b: Amoonguss\n|-singleturn|p1b: Amoonguss|move: Rage Powder\n|cant|p2a: Wig Snatcher|slp\n|move|p2b: Iron Wish|Cosmic Power|p2b: Iron Wish\n|-boost|p2b: Iron Wish|def|1\n|-boost|p2b: Iron Wish|spd|1\n|move|p1a: Inteleon|Dark Pulse|p2b: Iron Wish\n|-supereffective|p2b: Iron Wish\n|-damage|p2b: Iron Wish|0 fnt\n|faint|p2b: Iron Wish\n|\n|-heal|p1b: Amoonguss|54\/100|[from] item: Leftovers\n|-ability|p2a: Wig Snatcher|Speed Boost|boost\n|-boost|p2a: Wig Snatcher|spe|1\n|upkeep\n|turn|18\n|\n|t:|1700168140\n|-terastallize|p2a: Wig Snatcher|Fairy\n|move|p1b: Amoonguss|Protect|p1b: Amoonguss\n|-singleturn|p1b: Amoonguss|Protect\n|cant|p2a: Wig Snatcher|slp\n|cant|p1a: Inteleon|par\n|\n|-heal|p1b: Amoonguss|60\/100|[from] item: Leftovers\n|-ability|p2a: Wig Snatcher|Speed Boost|boost\n|-boost|p2a: Wig Snatcher|spe|1\n|upkeep\n|turn|19\n|\n|t:|1700168159\n|-curestatus|p2a: Wig Snatcher|slp|[msg]\n|move|p2a: Wig Snatcher|Calm Mind|p2a: Wig Snatcher\n|-boost|p2a: Wig Snatcher|spa|1\n|-boost|p2a: Wig Snatcher|spd|1\n|move|p1a: Inteleon|Snipe Shot|p2a: Wig Snatcher\n|-crit|p2a: Wig Snatcher\n|-damage|p2a: Wig Snatcher|0 fnt\n|faint|p2a: Wig Snatcher\n|\n|win|dubs 4 life\n|raw|dubs 4 life's rating: 1377 &rarr; <strong>1399<\/strong><br \/>(+22 for winning)\n|raw|Kittyredheart's rating: 1406 &rarr; <strong>1384<\/strong><br \/>(-22 for losing)\n|l|\u2606Kittyredheart\n","uploadtime":1700168172,"views":20,"p1id":"dubs4life","p2id":"kittyredheart","formatid":"gen9doublesou","rating":1384,"private":0,"password":""}