{"id":"gen9doublesou-1981503814","p1":"UY QUE RICO PAPI","p2":"hoshinaga ryo","format":"[Gen 9] Doubles OU","log":"|j|\u2606UY QUE RICO PAPI\n|j|\u2606hoshinaga ryo\n|t:|1698908172\n|gametype|doubles\n|player|p1|UY QUE RICO PAPI|2|1373\n|player|p2|hoshinaga ryo|266|1517\n|teamsize|p1|6\n|teamsize|p2|6\n|gen|9\n|tier|[Gen 9] Doubles OU\n|rated|\n|rule|Species Clause: Limit one of each Pok\u00e9mon\n|rule|OHKO Clause: OHKO moves are banned\n|rule|Evasion Moves Clause: Evasion moves are banned\n|rule|Gravity Sleep Clause: The combination of sleep-inducing moves with imperfect accuracy and Gravity or Gigantamax Orbeetle are banned\n|rule|Endless Battle Clause: Forcing endless battles is banned\n|rule|HP Percentage Mod: HP is shown in percentages\n|clearpoke\n|poke|p1|Trevenant, F|\n|poke|p1|Grimmsnarl, M|\n|poke|p1|Garganacl, M|\n|poke|p1|Ting-Lu|\n|poke|p1|Cresselia, F|\n|poke|p1|Scream Tail|\n|poke|p2|Cresselia, F|\n|poke|p2|Landorus-Therian, M|\n|poke|p2|Chien-Pao|\n|poke|p2|Iron Hands|\n|poke|p2|Ogerpon-Hearthflame, F|\n|poke|p2|Flutter Mane|\n|teampreview\n|inactive|Battle timer is ON: inactive players will automatically lose when time's up. (requested by UY QUE RICO PAPI)\n|\n|t:|1698908189\n|start\n|switch|p1a: Grimmsnarl|Grimmsnarl, M|100\/100\n|switch|p1b: Ting-Lu|Ting-Lu|100\/100\n|switch|p2a: Iron Hands|Iron Hands|100\/100\n|switch|p2b: Flutter Mane|Flutter Mane|100\/100\n|-ability|p1b: Ting-Lu|Vessel of Ruin\n|-enditem|p2b: Flutter Mane|Booster Energy\n|-activate|p2b: Flutter Mane|ability: Protosynthesis|[fromitem]\n|-start|p2b: Flutter Mane|protosynthesisspe\n|turn|1\n|\n|t:|1698908215\n|switch|p1a: Cresselia|Cresselia, F|100\/100\n|move|p1b: Ting-Lu|Protect|p1b: Ting-Lu\n|-singleturn|p1b: Ting-Lu|Protect\n|move|p2b: Flutter Mane|Dazzling Gleam|p1a: Cresselia|[spread] p1a\n|-activate|p1b: Ting-Lu|move: Protect\n|-damage|p1a: Cresselia|83\/100\n|move|p2a: Iron Hands|Heavy Slam|p1a: Cresselia\n|-damage|p1a: Cresselia|63\/100\n|\n|upkeep\n|turn|2\n|\n|t:|1698908236\n|switch|p1b: Scream Tail|Scream Tail|100\/100\n|move|p2b: Flutter Mane|Moonblast|p1b: Scream Tail\n|-damage|p1b: Scream Tail|67\/100\n|-unboost|p1b: Scream Tail|spa|1\n|move|p1a: Cresselia|Light Screen|p1a: Cresselia\n|-sidestart|p1: UY QUE RICO PAPI|move: Light Screen\n|move|p2a: Iron Hands|Drain Punch|p1b: Scream Tail\n|-resisted|p1b: Scream Tail\n|-damage|p1b: Scream Tail|61\/100\n|\n|-heal|p1b: Scream Tail|67\/100|[from] item: Leftovers\n|upkeep\n|turn|3\n|\n|t:|1698908250\n|move|p2b: Flutter Mane|Shadow Ball|p1b: Scream Tail\n|-supereffective|p1b: Scream Tail\n|-damage|p1b: Scream Tail|27\/100\n|move|p1b: Scream Tail|Perish Song|p1b: Scream Tail\n|-start|p1a: Cresselia|perish3|[silent]\n|-start|p1b: Scream Tail|perish3|[silent]\n|-start|p2a: Iron Hands|perish3|[silent]\n|-start|p2b: Flutter Mane|perish3|[silent]\n|-fieldactivate|move: Perish Song\n|move|p1a: Cresselia|Lunar Blessing|p1a: Cresselia|[spread] p1a,p1b\n|-heal|p1a: Cresselia|88\/100\n|-heal|p1b: Scream Tail|52\/100\n|move|p2a: Iron Hands|Heavy Slam|p1b: Scream Tail\n|-supereffective|p1b: Scream Tail\n|-damage|p1b: Scream Tail|0 fnt\n|faint|p1b: Scream Tail\n|-end|p1b: Scream Tail|Protosynthesis|[silent]\n|\n|-start|p2b: Flutter Mane|perish3\n|-start|p1a: Cresselia|perish3\n|-start|p2a: Iron Hands|perish3\n|upkeep\n|\n|t:|1698908273\n|switch|p1b: Ting-Lu|Ting-Lu|100\/100\n|-ability|p1b: Ting-Lu|Vessel of Ruin\n|turn|4\n|\n|t:|1698908300\n|move|p1a: Cresselia|Ally Switch|p1a: Cresselia\n|swap|p1a: Cresselia|1|[from] move: Ally Switch\n|move|p2b: Flutter Mane|Shadow Ball|p1a: Ting-Lu\n|-resisted|p1a: Ting-Lu\n|-damage|p1a: Ting-Lu|92\/100\n|move|p2a: Iron Hands|Thunder Punch|p1a: Ting-Lu\n|-immune|p1a: Ting-Lu\n|move|p1a: Ting-Lu|Mean Look|p2a: Iron Hands\n|-activate|p2a: Iron Hands|trapped\n|\n|-heal|p1a: Ting-Lu|98\/100|[from] item: Leftovers\n|-start|p2b: Flutter Mane|perish2\n|-start|p1b: Cresselia|perish2\n|-start|p2a: Iron Hands|perish2\n|upkeep\n|turn|5\n|\n|t:|1698908319\n|switch|p1b: Grimmsnarl|Grimmsnarl, M|100\/100\n|move|p1a: Ting-Lu|Protect|p1a: Ting-Lu\n|-singleturn|p1a: Ting-Lu|Protect\n|move|p2b: Flutter Mane|Shadow Ball|p1b: Grimmsnarl\n|-resisted|p1b: Grimmsnarl\n|-damage|p1b: Grimmsnarl|88\/100\n|move|p2a: Iron Hands|Thunder Punch|p1b: Grimmsnarl\n|-damage|p1b: Grimmsnarl|52\/100\n|\n|-heal|p1a: Ting-Lu|100\/100|[from] item: Leftovers\n|-start|p2b: Flutter Mane|perish1\n|-start|p2a: Iron Hands|perish1\n|upkeep\n|turn|6\n|inactive|UY QUE RICO PAPI has 120 seconds left.\n|\n|t:|1698908354\n|move|p1b: Grimmsnarl|Reflect|p1b: Grimmsnarl\n|-sidestart|p1: UY QUE RICO PAPI|Reflect\n|move|p2b: Flutter Mane|Moonblast|p1a: Ting-Lu\n|-supereffective|p1a: Ting-Lu\n|-damage|p1a: Ting-Lu|59\/100\n|-unboost|p1a: Ting-Lu|spa|1\n|move|p2a: Iron Hands|Heavy Slam|p1b: Grimmsnarl\n|-supereffective|p1b: Grimmsnarl\n|-crit|p1b: Grimmsnarl\n|-damage|p1b: Grimmsnarl|0 fnt\n|faint|p1b: Grimmsnarl\n|move|p1a: Ting-Lu|Spikes|p2b: Flutter Mane\n|-sidestart|p2: hoshinaga ryo|Spikes\n|\n|-heal|p1a: Ting-Lu|65\/100|[from] item: Leftovers\n|-start|p2b: Flutter Mane|perish0\n|-start|p2a: Iron Hands|perish0\n|faint|p2b: Flutter Mane\n|-end|p2b: Flutter Mane|Protosynthesis|[silent]\n|faint|p2a: Iron Hands\n|-end|p2a: Iron Hands|Quark Drive|[silent]\n|-sideend|p1: UY QUE RICO PAPI|move: Light Screen\n|upkeep\n|\n|t:|1698908377\n|switch|p2b: Landorus|Landorus-Therian, M, shiny|100\/100\n|switch|p1b: Garganacl|Garganacl, M|100\/100\n|switch|p2a: Ogerpon|Ogerpon-Hearthflame, F|100\/100\n|-damage|p2a: Ogerpon|88\/100|[from] Spikes\n|-ability|p2a: Ogerpon|Mold Breaker\n|-ability|p2b: Landorus|Intimidate|boost\n|-unboost|p1a: Ting-Lu|atk|1\n|-unboost|p1b: Garganacl|atk|1\n|turn|7\n|\n|t:|1698908406\n|-terastallize|p1b: Garganacl|Ghost\n|move|p1a: Ting-Lu|Protect|p1a: Ting-Lu\n|-singleturn|p1a: Ting-Lu|Protect\n|move|p2a: Ogerpon|Horn Leech|p1b: Garganacl\n|-damage|p1b: Garganacl|86\/100\n|-heal|p2a: Ogerpon|98\/100|[from] drain|[of] p1b: Garganacl\n|move|p2b: Landorus|Stomping Tantrum|p1b: Garganacl\n|-damage|p1b: Garganacl|67\/100\n|-damage|p2b: Landorus|91\/100|[from] item: Life Orb\n|move|p1b: Garganacl|Salt Cure|p2a: Ogerpon\n|-supereffective|p2a: Ogerpon\n|-damage|p2a: Ogerpon|74\/100\n|-start|p2a: Ogerpon|Salt Cure\n|\n|-heal|p1a: Ting-Lu|72\/100|[from] item: Leftovers\n|-heal|p1b: Garganacl|74\/100|[from] item: Leftovers\n|-damage|p2a: Ogerpon|62\/100|[from] Salt Cure\n|upkeep\n|turn|8\n|inactive|UY QUE RICO PAPI has 120 seconds left.\n|\n|t:|1698908437\n|switch|p1a: Cresselia|Cresselia, F|88\/100\n|move|p2a: Ogerpon|Horn Leech|p1a: Cresselia\n|-damage|p1a: Cresselia|72\/100\n|-heal|p2a: Ogerpon|73\/100|[from] drain|[of] p1a: Cresselia\n|move|p2b: Landorus|Stomping Tantrum|p1a: Cresselia\n|-immune|p1a: Cresselia|[from] ability: Levitate\n|move|p1b: Garganacl|Recover|p1b: Garganacl\n|-heal|p1b: Garganacl|100\/100\n|\n|-damage|p2a: Ogerpon|61\/100|[from] Salt Cure\n|upkeep\n|turn|9\n|\n|t:|1698908457\n|move|p2a: Ogerpon|Ivy Cudgel|p1b: Garganacl\n|-damage|p1b: Garganacl|81\/100\n|move|p2b: Landorus|Taunt|p1a: Cresselia\n|-start|p1a: Cresselia|move: Taunt\n|cant|p1a: Cresselia|move: Taunt|Lunar Blessing\n|move|p1b: Garganacl|Curse|p2b: Landorus\n|-start|p2b: Landorus|Curse|[of] p1b: Garganacl\n|-damage|p1b: Garganacl|31\/100\n|\n|-heal|p1b: Garganacl|37\/100|[from] item: Leftovers\n|-damage|p2b: Landorus|66\/100|[from] Curse\n|-damage|p2a: Ogerpon|49\/100|[from] Salt Cure\n|upkeep\n|turn|10\n|\n|t:|1698908473\n|switch|p1a: Ting-Lu|Ting-Lu|72\/100\n|-ability|p1a: Ting-Lu|Vessel of Ruin\n|move|p1b: Garganacl|Protect|p1b: Garganacl\n|-singleturn|p1b: Garganacl|Protect\n|move|p2a: Ogerpon|Horn Leech|p1b: Garganacl\n|-activate|p1b: Garganacl|move: Protect\n|move|p2b: Landorus|Taunt|p1b: Garganacl\n|-activate|p1b: Garganacl|move: Protect\n|\n|-heal|p1a: Ting-Lu|78\/100|[from] item: Leftovers\n|-heal|p1b: Garganacl|43\/100|[from] item: Leftovers\n|-damage|p2b: Landorus|41\/100|[from] Curse\n|-damage|p2a: Ogerpon|36\/100|[from] Salt Cure\n|upkeep\n|turn|11\n|\n|t:|1698908490\n|switch|p1b: Cresselia|Cresselia, F|72\/100\n|move|p1a: Ting-Lu|Protect|p1a: Ting-Lu\n|-singleturn|p1a: Ting-Lu|Protect\n|move|p2a: Ogerpon|Horn Leech|p1b: Cresselia\n|-damage|p1b: Cresselia|55\/100\n|-heal|p2a: Ogerpon|49\/100|[from] drain|[of] p1b: Cresselia\n|move|p2b: Landorus|Taunt|p1b: Cresselia\n|-start|p1b: Cresselia|move: Taunt\n|\n|-heal|p1a: Ting-Lu|84\/100|[from] item: Leftovers\n|-damage|p2b: Landorus|16\/100|[from] Curse\n|-damage|p2a: Ogerpon|37\/100|[from] Salt Cure\n|upkeep\n|turn|12\n|\n|t:|1698908508\n|switch|p2b: Cresselia|Cresselia, F|100\/100\n|switch|p1b: Garganacl|Garganacl, M, tera:Ghost|43\/100\n|switch|p1a: Trevenant|Trevenant, F|100\/100\n|move|p2a: Ogerpon|Horn Leech|p1a: Trevenant\n|-resisted|p1a: Trevenant\n|-damage|p1a: Trevenant|89\/100\n|-heal|p2a: Ogerpon|44\/100|[from] drain|[of] p1a: Trevenant\n|\n|-heal|p1b: Garganacl|49\/100|[from] item: Leftovers\n|-damage|p2a: Ogerpon|32\/100|[from] Salt Cure\n|upkeep\n|turn|13\n|\n|t:|1698908530\n|move|p2a: Ogerpon|Spiky Shield|p2a: Ogerpon\n|-singleturn|p2a: Ogerpon|move: Protect\n|move|p1a: Trevenant|Protect|p1a: Trevenant\n|-singleturn|p1a: Trevenant|Protect\n|move|p2b: Cresselia|Lunar Blessing|p2b: Cresselia|[spread] p2a,p2b\n|-heal|p2a: Ogerpon|57\/100\n|move|p1b: Garganacl|Recover|p1b: Garganacl\n|-heal|p1b: Garganacl|99\/100\n|\n|-heal|p1b: Garganacl|100\/100|[from] item: Leftovers\n|-damage|p2a: Ogerpon|44\/100|[from] Salt Cure\n|-sideend|p1: UY QUE RICO PAPI|Reflect\n|upkeep\n|turn|14\n|\n|t:|1698908550\n|switch|p1a: Ting-Lu|Ting-Lu|84\/100\n|-ability|p1a: Ting-Lu|Vessel of Ruin\n|-terastallize|p2a: Ogerpon|Fire\n|detailschange|p2a: Ogerpon|Ogerpon-Hearthflame-Tera, F, tera:Fire\n|-ability|p2a: Ogerpon|Embody Aspect (Hearthflame)|boost\n|-boost|p2a: Ogerpon|atk|1\n|move|p2a: Ogerpon|Ivy Cudgel|p1a: Ting-Lu\n|-crit|p1a: Ting-Lu\n|-damage|p1a: Ting-Lu|11\/100\n|move|p2b: Cresselia|Lunar Blessing|p2b: Cresselia|[spread] p2a,p2b\n|-heal|p2a: Ogerpon|69\/100\n|move|p1b: Garganacl|Curse|p2a: Ogerpon\n|-start|p2a: Ogerpon|Curse|[of] p1b: Garganacl\n|-damage|p1b: Garganacl|50\/100\n|\n|-heal|p1a: Ting-Lu|17\/100|[from] item: Leftovers\n|-heal|p1b: Garganacl|57\/100|[from] item: Leftovers\n|-damage|p2a: Ogerpon|44\/100|[from] Curse\n|-damage|p2a: Ogerpon|32\/100|[from] Salt Cure\n|upkeep\n|turn|15\n|\n|t:|1698908575\n|move|p1b: Garganacl|Protect|p1b: Garganacl\n|-singleturn|p1b: Garganacl|Protect\n|move|p2a: Ogerpon|Ivy Cudgel|p1b: Garganacl\n|-activate|p1b: Garganacl|move: Protect\n|move|p2b: Cresselia|Lunar Blessing|p2b: Cresselia|[spread] p2a,p2b\n|-heal|p2a: Ogerpon|57\/100\n|move|p1a: Ting-Lu|Spikes|p2b: Cresselia\n|-sidestart|p2: hoshinaga ryo|Spikes\n|\n|-heal|p1a: Ting-Lu|24\/100|[from] item: Leftovers\n|-heal|p1b: Garganacl|63\/100|[from] item: Leftovers\n|-damage|p2a: Ogerpon|32\/100|[from] Curse\n|-damage|p2a: Ogerpon|20\/100|[from] Salt Cure\n|upkeep\n|turn|16\n|\n|t:|1698908593\n|switch|p1b: Cresselia|Cresselia, F|55\/100\n|move|p2a: Ogerpon|Ivy Cudgel|p1b: Cresselia\n|-damage|p1b: Cresselia|0 fnt\n|faint|p1b: Cresselia\n|move|p2b: Cresselia|Lunar Blessing|p2b: Cresselia|[spread] p2a,p2b\n|-heal|p2a: Ogerpon|45\/100\n|move|p1a: Ting-Lu|Spikes|p2b: Cresselia\n|-sidestart|p2: hoshinaga ryo|Spikes\n|\n|-heal|p1a: Ting-Lu|30\/100|[from] item: Leftovers\n|-damage|p2a: Ogerpon|20\/100|[from] Curse\n|-damage|p2a: Ogerpon|7\/100|[from] Salt Cure\n|upkeep\n|\n|t:|1698908612\n|switch|p1b: Garganacl|Garganacl, M, tera:Ghost|63\/100\n|turn|17\n|\n|t:|1698908626\n|move|p1a: Ting-Lu|Protect|p1a: Ting-Lu\n|-singleturn|p1a: Ting-Lu|Protect\n|move|p2a: Ogerpon|Horn Leech|p1a: Ting-Lu\n|-activate|p1a: Ting-Lu|move: Protect\n|move|p2b: Cresselia|Lunar Blessing|p2b: Cresselia|[spread] p2a,p2b\n|-heal|p2a: Ogerpon|32\/100\n|move|p1b: Garganacl|Recover|p1b: Garganacl\n|-heal|p1b: Garganacl|100\/100\n|\n|-heal|p1a: Ting-Lu|36\/100|[from] item: Leftovers\n|-damage|p2a: Ogerpon|7\/100|[from] Curse\n|-damage|p2a: Ogerpon|0 fnt|[from] Salt Cure\n|faint|p2a: Ogerpon\n|upkeep\n|\n|t:|1698908636\n|switch|p2a: Landorus|Landorus-Therian, M, shiny|16\/100\n|-ability|p2a: Landorus|Intimidate|boost\n|-unboost|p1a: Ting-Lu|atk|1\n|-unboost|p1b: Garganacl|atk|1\n|turn|18\n|\n|t:|1698908659\n|switch|p1a: Trevenant|Trevenant, F|89\/100\n|move|p2b: Cresselia|Ally Switch|p2b: Cresselia\n|swap|p2b: Cresselia|0|[from] move: Ally Switch\n|move|p2b: Landorus|Taunt|p1b: Garganacl\n|-start|p1b: Garganacl|move: Taunt\n|cant|p1b: Garganacl|move: Taunt|Curse\n|\n|upkeep\n|turn|19\n|\n|t:|1698908675\n|move|p2b: Landorus|Protect|p2b: Landorus\n|-singleturn|p2b: Landorus|Protect\n|move|p2a: Cresselia|Lunar Blessing|p2a: Cresselia|[spread] p2a,p2b\n|-heal|p2b: Landorus|42\/100\n|move|p1a: Trevenant|Leech Seed|p2a: Cresselia\n|-start|p2a: Cresselia|move: Leech Seed\n|move|p1b: Garganacl|Salt Cure|p2b: Landorus\n|-activate|p2b: Landorus|move: Protect\n|\n|-damage|p2a: Cresselia|88\/100|[from] Leech Seed|[of] p1a: Trevenant\n|-heal|p1a: Trevenant|100\/100|[silent]\n|upkeep\n|turn|20\n|\n|t:|1698908690\n|move|p1a: Trevenant|Protect|p1a: Trevenant\n|-singleturn|p1a: Trevenant|Protect\n|move|p2b: Landorus|Stomping Tantrum|p1a: Trevenant\n|-activate|p1a: Trevenant|move: Protect\n|move|p2a: Cresselia|Moonblast|p1a: Trevenant\n|-activate|p1a: Trevenant|move: Protect\n|move|p1b: Garganacl|Salt Cure|p2a: Cresselia\n|-damage|p2a: Cresselia|82\/100\n|-start|p2a: Cresselia|Salt Cure\n|\n|-heal|p2a: Cresselia|88\/100|[from] item: Leftovers\n|-damage|p2a: Cresselia|76\/100|[from] Leech Seed|[of] p1a: Trevenant\n|-damage|p2a: Cresselia|63\/100|[from] Salt Cure\n|-end|p1b: Garganacl|move: Taunt\n|upkeep\n|turn|21\n|\n|t:|1698908715\n|move|p2b: Landorus|Stomping Tantrum|p1a: Trevenant\n|-resisted|p1a: Trevenant\n|-damage|p1a: Trevenant|79\/100\n|-damage|p2b: Landorus|32\/100|[from] item: Life Orb\n|move|p2a: Cresselia|Lunar Blessing|p2a: Cresselia|[spread] p2a,p2b\n|-heal|p2a: Cresselia|88\/100\n|-heal|p2b: Landorus|57\/100\n|move|p1a: Trevenant|Substitute|p1a: Trevenant\n|-start|p1a: Trevenant|Substitute\n|-damage|p1a: Trevenant|54\/100\n|move|p1b: Garganacl|Salt Cure|p2b: Landorus\n|-crit|p2b: Landorus\n|-damage|p2b: Landorus|32\/100\n|-start|p2b: Landorus|Salt Cure\n|\n|-heal|p2a: Cresselia|94\/100|[from] item: Leftovers\n|-damage|p2a: Cresselia|82\/100|[from] Leech Seed|[of] p1a: Trevenant\n|-heal|p1a: Trevenant|68\/100|[silent]\n|-damage|p2b: Landorus|19\/100|[from] Salt Cure\n|-damage|p2a: Cresselia|70\/100|[from] Salt Cure\n|upkeep\n|turn|22\n|\n|t:|1698908740\n|switch|p2b: Chien-Pao|Chien-Pao|100\/100\n|-damage|p2b: Chien-Pao|76\/100|[from] Spikes\n|-ability|p2b: Chien-Pao|Sword of Ruin\n|move|p2a: Cresselia|Lunar Blessing|p2a: Cresselia|[spread] p2a,p2b\n|-heal|p2a: Cresselia|95\/100\n|-heal|p2b: Chien-Pao|100\/100\n|move|p1a: Trevenant|Curse|p2b: Chien-Pao\n|-start|p2b: Chien-Pao|Curse|[of] p1a: Trevenant\n|-damage|p1a: Trevenant|18\/100\n|-enditem|p1a: Trevenant|Sitrus Berry|[eat]\n|-heal|p1a: Trevenant|43\/100|[from] item: Sitrus Berry\n|move|p1b: Garganacl|Salt Cure|p2a: Cresselia\n|-damage|p2a: Cresselia|86\/100\n|\n|-heal|p2a: Cresselia|92\/100|[from] item: Leftovers\n|-damage|p2a: Cresselia|80\/100|[from] Leech Seed|[of] p1a: Trevenant\n|-heal|p1a: Trevenant|58\/100|[silent]\n|-damage|p2b: Chien-Pao|76\/100|[from] Curse\n|-damage|p2a: Cresselia|68\/100|[from] Salt Cure\n|upkeep\n|turn|23\n|\n|t:|1698908767\n|move|p1a: Trevenant|Protect|p1a: Trevenant\n|-singleturn|p1a: Trevenant|Protect\n|move|p2a: Cresselia|Ally Switch|p2a: Cresselia\n|swap|p2a: Cresselia|1|[from] move: Ally Switch\n|move|p2a: Chien-Pao|Sucker Punch|p1b: Garganacl\n|-supereffective|p1b: Garganacl\n|-damage|p1b: Garganacl|53\/100\n|move|p1b: Garganacl|Salt Cure|p2b: Cresselia\n|-damage|p2b: Cresselia|60\/100\n|\n|-heal|p2b: Cresselia|66\/100|[from] item: Leftovers\n|-heal|p1b: Garganacl|59\/100|[from] item: Leftovers\n|-damage|p2b: Cresselia|53\/100|[from] Leech Seed|[of] p1a: Trevenant\n|-heal|p1a: Trevenant|73\/100|[silent]\n|-damage|p2a: Chien-Pao|51\/100|[from] Curse\n|-damage|p2b: Cresselia|41\/100|[from] Salt Cure\n|upkeep\n|turn|24\n|\n|t:|1698908787\n|switch|p2b: Landorus|Landorus-Therian, M, shiny|19\/100\n|-ability|p2b: Landorus|Intimidate|boost\n|-immune|p1a: Trevenant\n|-unboost|p1b: Garganacl|atk|1\n|move|p2a: Chien-Pao|Ice Spinner|p1a: Trevenant\n|-supereffective|p1a: Trevenant\n|-end|p1a: Trevenant|Substitute\n|move|p1a: Trevenant|Leech Seed|p2a: Chien-Pao\n|-start|p2a: Chien-Pao|move: Leech Seed\n|move|p1b: Garganacl|Recover|p1b: Garganacl\n|-heal|p1b: Garganacl|100\/100\n|\n|-damage|p2a: Chien-Pao|38\/100|[from] Leech Seed|[of] p1a: Trevenant\n|-heal|p1a: Trevenant|83\/100|[silent]\n|-damage|p2a: Chien-Pao|13\/100|[from] Curse\n|-item|p1a: Trevenant|Sitrus Berry|[from] ability: Harvest\n|upkeep\n|turn|25\n|\n|t:|1698908808\n|move|p1a: Trevenant|Protect|p1a: Trevenant\n|-singleturn|p1a: Trevenant|Protect\n|move|p1b: Garganacl|Protect|p1b: Garganacl\n|-singleturn|p1b: Garganacl|Protect\n|move|p2a: Chien-Pao|Sucker Punch||[still]\n|-fail|p2a: Chien-Pao\n|move|p2b: Landorus|Taunt|p1b: Garganacl\n|-activate|p1b: Garganacl|move: Protect\n|\n|-damage|p2a: Chien-Pao|1\/100|[from] Leech Seed|[of] p1a: Trevenant\n|-heal|p1a: Trevenant|92\/100|[silent]\n|-damage|p2a: Chien-Pao|0 fnt|[from] Curse\n|faint|p2a: Chien-Pao\n|upkeep\n|-message|hoshinaga ryo forfeited.\n|\n|win|UY QUE RICO PAPI\n|raw|UY QUE RICO PAPI's rating: 1373 &rarr; <strong>1401<\/strong><br \/>(+28 for winning)\n|raw|hoshinaga ryo's rating: 1517 &rarr; <strong>1489<\/strong><br \/>(-28 for losing)\n|l|\u2606hoshinaga ryo\n","uploadtime":1698908823,"views":19,"p1id":"uyquericopapi","p2id":"hoshinagaryo","formatid":"gen9doublesou","rating":1401,"private":0,"password":""}