{"id":"gen9doublesou-1973078709","p1":"Mikachu83983","p2":"Akikirai","format":"[Gen 9] Doubles OU","log":"|j|\u2606Mikachu83983\n|j|\u2606Akikirai\n|t:|1697925238\n|gametype|doubles\n|player|p1|Mikachu83983|boarder|1425\n|player|p2|Akikirai|dawn|1383\n|teamsize|p1|6\n|teamsize|p2|6\n|gen|9\n|tier|[Gen 9] Doubles OU\n|rated|\n|rule|Species Clause: Limit one of each Pok\u00e9mon\n|rule|OHKO Clause: OHKO moves are banned\n|rule|Evasion Moves Clause: Evasion moves are banned\n|rule|Gravity Sleep Clause: The combination of sleep-inducing moves with imperfect accuracy and Gravity or Gigantamax Orbeetle are banned\n|rule|Endless Battle Clause: Forcing endless battles is banned\n|rule|HP Percentage Mod: HP is shown in percentages\n|clearpoke\n|poke|p1|Thundurus-Therian, M|\n|poke|p1|Pelipper, F|\n|poke|p1|Walking Wake|\n|poke|p1|Ogerpon-Wellspring, F|\n|poke|p1|Gyarados, M|\n|poke|p1|Kingambit, M|\n|poke|p2|Mienshao, F|\n|poke|p2|Brambleghast, M|\n|poke|p2|Tornadus, M|\n|poke|p2|Flutter Mane|\n|poke|p2|Roaring Moon|\n|poke|p2|Chi-Yu|\n|teampreview\n|inactive|Battle timer is ON: inactive players will automatically lose when time's up. (requested by Akikirai)\n|inactive|Mikachu83983 also wants the timer to be on.\n|inactive|Mikachu83983 has 120 seconds left.\n|\n|t:|1697925273\n|start\n|switch|p1a: BettaHavMentalErb|Gyarados, M|100\/100\n|switch|p1b: Archaic wetness|Walking Wake|100\/100\n|switch|p2a: Brambleghast|Brambleghast, M, shiny|100\/100\n|switch|p2b: Tornadus|Tornadus, M, shiny|100\/100\n|-ability|p1a: BettaHavMentalErb|Intimidate|boost\n|-unboost|p2a: Brambleghast|atk|1\n|-unboost|p2b: Tornadus|atk|1\n|turn|1\n|\n|t:|1697925301\n|switch|p1a: WindFromRearEnd|Pelipper, F, shiny|100\/100\n|-weather|RainDance|[from] ability: Drizzle|[of] p1a: WindFromRearEnd\n|-terastallize|p2a: Brambleghast|Ghost\n|move|p2b: Tornadus|Tailwind|p2b: Tornadus\n|-sidestart|p2: Akikirai|move: Tailwind\n|-ability|p2a: Brambleghast|Wind Rider|boost\n|-boost|p2a: Brambleghast|atk|1\n|move|p2a: Brambleghast|Strength Sap|p1a: WindFromRearEnd\n|-unboost|p1a: WindFromRearEnd|atk|1\n|move|p1b: Archaic wetness|Hurricane|p2a: Brambleghast\n|-ability|p2a: Brambleghast|Wind Rider|boost\n|-boost|p2a: Brambleghast|atk|1\n|\n|-weather|RainDance|[upkeep]\n|upkeep\n|turn|2\n|\n|t:|1697925330\n|-end|p1b: Archaic wetness|Protosynthesis|[silent]\n|switch|p1b: BettaHavMentalErb|Gyarados, M|100\/100\n|-ability|p1b: BettaHavMentalErb|Intimidate|boost\n|-unboost|p2a: Brambleghast|atk|1\n|-unboost|p2b: Tornadus|atk|1\n|move|p2b: Tornadus|Sunny Day|p2b: Tornadus\n|-weather|SunnyDay\n|move|p2a: Brambleghast|Strength Sap|p1b: BettaHavMentalErb\n|-unboost|p1b: BettaHavMentalErb|atk|1\n|move|p1a: WindFromRearEnd|Tailwind|p1a: WindFromRearEnd\n|-sidestart|p1: Mikachu83983|move: Tailwind\n|\n|-weather|SunnyDay|[upkeep]\n|upkeep\n|turn|3\n|inactive|Mikachu83983 has 120 seconds left.\n|\n|t:|1697925372\n|switch|p1a: Archaic wetness|Walking Wake|100\/100\n|-activate|p1a: Archaic wetness|ability: Protosynthesis\n|-start|p1a: Archaic wetness|protosynthesisspa\n|move|p2b: Tornadus|Taunt|p1a: Archaic wetness\n|-start|p1a: Archaic wetness|move: Taunt\n|move|p2a: Brambleghast|Poltergeist|p1a: Archaic wetness\n|-activate|p1a: Archaic wetness|move: Poltergeist|Choice Specs\n|-damage|p1a: Archaic wetness|36\/100\n|move|p1b: BettaHavMentalErb|Dragon Dance|p1b: BettaHavMentalErb\n|-boost|p1b: BettaHavMentalErb|atk|1\n|-boost|p1b: BettaHavMentalErb|spe|1\n|\n|-weather|SunnyDay|[upkeep]\n|upkeep\n|turn|4\n|inactive|Mikachu83983 has 120 seconds left.\n|\n|t:|1697925401\n|move|p2b: Tornadus|Bleakwind Storm|p1b: BettaHavMentalErb|[spread] p1b\n|-miss|p2b: Tornadus|p1a: Archaic wetness\n|-damage|p1b: BettaHavMentalErb|72\/100\n|-unboost|p1b: BettaHavMentalErb|spe|1\n|move|p2a: Brambleghast|Poltergeist|p1a: Archaic wetness\n|-activate|p1a: Archaic wetness|move: Poltergeist|Choice Specs\n|-damage|p1a: Archaic wetness|0 fnt\n|faint|p1a: Archaic wetness\n|-end|p1a: Archaic wetness|Protosynthesis|[silent]\n|move|p1b: BettaHavMentalErb|Dragon Dance|p1b: BettaHavMentalErb\n|-boost|p1b: BettaHavMentalErb|atk|1\n|-boost|p1b: BettaHavMentalErb|spe|1\n|\n|-weather|SunnyDay|[upkeep]\n|-sideend|p2: Akikirai|move: Tailwind\n|upkeep\n|\n|t:|1697925417\n|switch|p1a: WindFromRearEnd|Pelipper, F, shiny|100\/100\n|-weather|RainDance|[from] ability: Drizzle|[of] p1a: WindFromRearEnd\n|turn|5\n|inactive|Mikachu83983 has 120 seconds left.\n|\n|t:|1697925430\n|move|p1a: WindFromRearEnd|Helping Hand|p1b: BettaHavMentalErb\n|-singleturn|p1b: BettaHavMentalErb|Helping Hand|[of] p1a: WindFromRearEnd\n|move|p2b: Tornadus|Tailwind|p2b: Tornadus\n|-sidestart|p2: Akikirai|move: Tailwind\n|-ability|p2a: Brambleghast|Wind Rider|boost\n|-boost|p2a: Brambleghast|atk|1\n|move|p1b: BettaHavMentalErb|Waterfall|p2a: Brambleghast\n|-enditem|p2a: Brambleghast|Focus Sash\n|-damage|p2a: Brambleghast|1\/100\n|move|p2a: Brambleghast|Strength Sap|p1b: BettaHavMentalErb\n|-unboost|p1b: BettaHavMentalErb|atk|1\n|-heal|p2a: Brambleghast|100\/100\n|\n|-weather|RainDance|[upkeep]\n|-sideend|p1: Mikachu83983|move: Tailwind\n|upkeep\n|turn|6\n|\n|t:|1697925455\n|move|p2b: Tornadus|Bleakwind Storm|p1b: BettaHavMentalErb|[spread] p1a,p1b\n|-crit|p1b: BettaHavMentalErb\n|-damage|p1a: WindFromRearEnd|67\/100\n|-damage|p1b: BettaHavMentalErb|34\/100\n|-unboost|p1a: WindFromRearEnd|spe|1\n|-unboost|p1b: BettaHavMentalErb|spe|1\n|-enditem|p1b: BettaHavMentalErb|Sitrus Berry|[eat]\n|-heal|p1b: BettaHavMentalErb|59\/100|[from] item: Sitrus Berry\n|move|p2a: Brambleghast|Poltergeist||[still]\n|-fail|p2a: Brambleghast\n|move|p1b: BettaHavMentalErb|Waterfall|p2a: Brambleghast\n|-crit|p2a: Brambleghast\n|-damage|p2a: Brambleghast|0 fnt\n|faint|p2a: Brambleghast\n|move|p1a: WindFromRearEnd|Chilling Water|p2b: Tornadus\n|-damage|p2b: Tornadus|73\/100\n|\n|-weather|RainDance|[upkeep]\n|upkeep\n|inactive|Akikirai has 120 seconds left.\n|\n|t:|1697925475\n|switch|p2a: Mienshao|Mienshao, F, shiny|100\/100\n|turn|7\n|inactive|Mikachu83983 has 120 seconds left.\n|\n|t:|1697925508\n|move|p2a: Mienshao|Fake Out|p1b: BettaHavMentalErb\n|-damage|p1b: BettaHavMentalErb|44\/100\n|move|p2b: Tornadus|Sunny Day|p2b: Tornadus\n|-weather|SunnyDay\n|cant|p1b: BettaHavMentalErb|flinch\n|move|p1a: WindFromRearEnd|Chilling Water|p2a: Mienshao\n|-damage|p2a: Mienshao|84\/100\n|-unboost|p2a: Mienshao|atk|1\n|-enditem|p2a: Mienshao|Eject Pack\n|inactive|Akikirai has 120 seconds left.\n|\n|t:|1697925552\n|switch|p2a: Chi-Yu|Chi-Yu|100\/100\n|-ability|p2a: Chi-Yu|Beads of Ruin\n|\n|-weather|SunnyDay|[upkeep]\n|upkeep\n|turn|8\n|inactive|Akikirai has 120 seconds left.\n|inactive|Mikachu83983 has 120 seconds left.\n|\n|t:|1697925583\n|switch|p1b: MrMoustacheMan|Thundurus-Therian, M, shiny|100\/100\n|move|p1a: WindFromRearEnd|Wide Guard|p1a: WindFromRearEnd\n|-singleturn|p1a: WindFromRearEnd|Wide Guard\n|move|p2a: Chi-Yu|Heat Wave|p1b: MrMoustacheMan|[spread] \n|-activate|p1a: WindFromRearEnd|move: Wide Guard\n|-activate|p1b: MrMoustacheMan|move: Wide Guard\n|move|p2b: Tornadus|Bleakwind Storm|p1b: MrMoustacheMan|[spread] \n|-activate|p1a: WindFromRearEnd|move: Wide Guard\n|-activate|p1b: MrMoustacheMan|move: Wide Guard\n|\n|-weather|SunnyDay|[upkeep]\n|-sideend|p2: Akikirai|move: Tailwind\n|upkeep\n|turn|9\n|inactive|Mikachu83983 has 120 seconds left.\n|\n|t:|1697925610\n|move|p1a: WindFromRearEnd|Wide Guard|p1a: WindFromRearEnd\n|-singleturn|p1a: WindFromRearEnd|Wide Guard\n|move|p2b: Tornadus|Tailwind|p2b: Tornadus\n|-sidestart|p2: Akikirai|move: Tailwind\n|move|p2a: Chi-Yu|Heat Wave|p1a: WindFromRearEnd|[spread] \n|-activate|p1a: WindFromRearEnd|move: Wide Guard\n|-activate|p1b: MrMoustacheMan|move: Wide Guard\n|move|p1b: MrMoustacheMan|Nasty Plot|p1b: MrMoustacheMan\n|-boost|p1b: MrMoustacheMan|spa|2\n|\n|-weather|SunnyDay|[upkeep]\n|upkeep\n|turn|10\n|\n|t:|1697925630\n|move|p1a: WindFromRearEnd|Wide Guard|p1a: WindFromRearEnd\n|-singleturn|p1a: WindFromRearEnd|Wide Guard\n|move|p2b: Tornadus|Taunt|p1a: WindFromRearEnd\n|-start|p1a: WindFromRearEnd|move: Taunt\n|move|p2a: Chi-Yu|Heat Wave|p1a: WindFromRearEnd|[spread] \n|-activate|p1a: WindFromRearEnd|move: Wide Guard\n|-activate|p1b: MrMoustacheMan|move: Wide Guard\n|move|p1b: MrMoustacheMan|Wildbolt Storm|p2b: Tornadus|[spread] p2a,p2b\n|-supereffective|p2b: Tornadus\n|-damage|p2a: Chi-Yu|0 fnt\n|-damage|p2b: Tornadus|0 fnt\n|faint|p2a: Chi-Yu\n|faint|p2b: Tornadus\n|-damage|p1b: MrMoustacheMan|91\/100|[from] item: Life Orb\n|\n|-weather|SunnyDay|[upkeep]\n|upkeep\n|inactive|Akikirai has 120 seconds left.\n|\n|t:|1697925652\n|switch|p2b: Roaring Moon|Roaring Moon, shiny|100\/100\n|switch|p2a: Flutter Mane|Flutter Mane, shiny|100\/100\n|-activate|p2a: Flutter Mane|ability: Protosynthesis\n|-start|p2a: Flutter Mane|protosynthesisspa\n|-activate|p2b: Roaring Moon|ability: Protosynthesis\n|-start|p2b: Roaring Moon|protosynthesisatk\n|turn|11\n|\n|t:|1697925674\n|switch|p1a: BettaHavMentalErb|Gyarados, M|44\/100\n|-ability|p1a: BettaHavMentalErb|Intimidate|boost\n|-unboost|p2a: Flutter Mane|atk|1\n|-unboost|p2b: Roaring Moon|atk|1\n|move|p2a: Flutter Mane|Dazzling Gleam|p1b: MrMoustacheMan|[spread] p1a,p1b\n|-crit|p1a: BettaHavMentalErb\n|-damage|p1a: BettaHavMentalErb|0 fnt\n|-damage|p1b: MrMoustacheMan|32\/100\n|faint|p1a: BettaHavMentalErb\n|move|p2b: Roaring Moon|Knock Off|p1b: MrMoustacheMan\n|-damage|p1b: MrMoustacheMan|0 fnt\n|-enditem|p1b: MrMoustacheMan|Life Orb|[from] move: Knock Off|[of] p2b: Roaring Moon\n|faint|p1b: MrMoustacheMan\n|\n|-weather|none\n|-end|p2a: Flutter Mane|Protosynthesis\n|-end|p2b: Roaring Moon|Protosynthesis\n|upkeep\n|-enditem|p2b: Roaring Moon|Booster Energy\n|-activate|p2b: Roaring Moon|ability: Protosynthesis|[fromitem]\n|-start|p2b: Roaring Moon|protosynthesisspe\n|inactive|Mikachu83983 has 120 seconds left.\n|\n|t:|1697925698\n|switch|p1b: WoriaAbdi|Kingambit, M, shiny|100\/100\n|switch|p1a: WindFromRearEnd|Pelipper, F, shiny|67\/100\n|-weather|RainDance|[from] ability: Drizzle|[of] p1a: WindFromRearEnd\n|-activate|p1b: WoriaAbdi|ability: Supreme Overlord\n|-start|p1b: WoriaAbdi|fallen3|[silent]\n|turn|12\n|inactive|Mikachu83983 has 120 seconds left.\n|\n|t:|1697925723\n|-terastallize|p1b: WoriaAbdi|Fairy\n|move|p1b: WoriaAbdi|Sucker Punch|p2a: Flutter Mane\n|-damage|p2a: Flutter Mane|22\/100\n|move|p2b: Roaring Moon|Stomping Tantrum|p1b: WoriaAbdi\n|-damage|p1b: WoriaAbdi|87\/100\n|move|p2a: Flutter Mane|Dazzling Gleam|p1b: WoriaAbdi|[spread] p1a,p1b\n|-damage|p1a: WindFromRearEnd|18\/100\n|-damage|p1b: WoriaAbdi|57\/100\n|move|p1a: WindFromRearEnd|Tailwind|p1a: WindFromRearEnd\n|-sidestart|p1: Mikachu83983|move: Tailwind\n|\n|-weather|RainDance|[upkeep]\n|-sideend|p2: Akikirai|move: Tailwind\n|upkeep\n|turn|13\n|inactive|Mikachu83983 has 120 seconds left.\n|\n|t:|1697925757\n|move|p1a: WindFromRearEnd|Wide Guard|p1a: WindFromRearEnd\n|-singleturn|p1a: WindFromRearEnd|Wide Guard\n|move|p1b: WoriaAbdi|Sucker Punch|p2a: Flutter Mane\n|-damage|p2a: Flutter Mane|0 fnt\n|faint|p2a: Flutter Mane\n|-end|p2a: Flutter Mane|Protosynthesis|[silent]\n|move|p2b: Roaring Moon|Iron Head|p1b: WoriaAbdi\n|-supereffective|p1b: WoriaAbdi\n|-damage|p1b: WoriaAbdi|30\/100\n|\n|-weather|RainDance|[upkeep]\n|upkeep\n|\n|t:|1697925769\n|switch|p2a: Mienshao|Mienshao, F, shiny|84\/100\n|turn|14\n|\n|t:|1697925791\n|move|p1a: WindFromRearEnd|Helping Hand|p1b: WoriaAbdi\n|-singleturn|p1b: WoriaAbdi|Helping Hand|[of] p1a: WindFromRearEnd\n|move|p2a: Mienshao|Fake Out|p1a: WindFromRearEnd\n|-damage|p1a: WindFromRearEnd|5\/100\n|move|p1b: WoriaAbdi|Sucker Punch|p2b: Roaring Moon\n|-resisted|p2b: Roaring Moon\n|-damage|p2b: Roaring Moon|64\/100\n|move|p2b: Roaring Moon|Iron Head|p1b: WoriaAbdi\n|-supereffective|p1b: WoriaAbdi\n|-damage|p1b: WoriaAbdi|2\/100\n|\n|-weather|RainDance|[upkeep]\n|upkeep\n|turn|15\n|inactive|Mikachu83983 has 120 seconds left.\n|\n|t:|1697925826\n|move|p1a: WindFromRearEnd|Helping Hand|p1b: WoriaAbdi\n|-singleturn|p1b: WoriaAbdi|Helping Hand|[of] p1a: WindFromRearEnd\n|move|p1b: WoriaAbdi|Sucker Punch|p2a: Mienshao\n|-resisted|p2a: Mienshao\n|-damage|p2a: Mienshao|14\/100\n|move|p2b: Roaring Moon|Iron Head|p1b: WoriaAbdi\n|-supereffective|p1b: WoriaAbdi\n|-damage|p1b: WoriaAbdi|0 fnt\n|faint|p1b: WoriaAbdi\n|-end|p1b: WoriaAbdi|fallen3|[silent]\n|move|p2a: Mienshao|Tera Blast|p1a: WindFromRearEnd\n|-damage|p1a: WindFromRearEnd|0 fnt\n|faint|p1a: WindFromRearEnd\n|\n|-weather|RainDance|[upkeep]\n|-sideend|p1: Mikachu83983|move: Tailwind\n|upkeep\n|inactive|Mikachu83983 has 120 seconds left.\n|\n|t:|1697925840\n|switch|p1b: Katara|Ogerpon-Wellspring, F|100\/100\n|turn|16\n|\n|t:|1697925851\n|move|p1b: Katara|Spiky Shield|p1b: Katara\n|-singleturn|p1b: Katara|move: Protect\n|move|p2b: Roaring Moon|Knock Off|p1b: Katara\n|-activate|p1b: Katara|move: Protect\n|-damage|p2b: Roaring Moon|52\/100|[from] Spiky Shield|[of] p1b: Katara\n|move|p2a: Mienshao|Close Combat|p1b: Katara\n|-activate|p1b: Katara|move: Protect\n|-damage|p2a: Mienshao|2\/100|[from] Spiky Shield|[of] p1b: Katara\n|\n|-weather|RainDance|[upkeep]\n|upkeep\n|turn|17\n|\n|t:|1697925870\n|move|p2b: Roaring Moon|Knock Off|p1b: Katara\n|-damage|p1b: Katara|73\/100\n|move|p2a: Mienshao|Close Combat|p1b: Katara\n|-damage|p1b: Katara|13\/100\n|-unboost|p2a: Mienshao|def|1\n|-unboost|p2a: Mienshao|spd|1\n|move|p1b: Katara|Ivy Cudgel|p2b: Roaring Moon\n|-resisted|p2b: Roaring Moon\n|-damage|p2b: Roaring Moon|12\/100\n|\n|-weather|RainDance|[upkeep]\n|upkeep\n|turn|18\n|\n|t:|1697925883\n|move|p1b: Katara|Spiky Shield|p1b: Katara\n|-singleturn|p1b: Katara|move: Protect\n|move|p2b: Roaring Moon|Knock Off|p1b: Katara\n|-activate|p1b: Katara|move: Protect\n|-damage|p2b: Roaring Moon|0 fnt|[from] Spiky Shield|[of] p1b: Katara\n|faint|p2b: Roaring Moon\n|-end|p2b: Roaring Moon|Protosynthesis|[silent]\n|move|p2a: Mienshao|Close Combat|p1b: Katara\n|-activate|p1b: Katara|move: Protect\n|-damage|p2a: Mienshao|0 fnt|[from] Spiky Shield|[of] p1b: Katara\n|faint|p2a: Mienshao\n|\n|win|Mikachu83983\n|raw|Mikachu83983's rating: 1425 &rarr; <strong>1443<\/strong><br \/>(+18 for winning)\n|raw|Akikirai's rating: 1383 &rarr; <strong>1365<\/strong><br \/>(-18 for losing)\n|l|\u2606Akikirai\n","uploadtime":1697925919,"views":13,"p1id":"mikachu83983","p2id":"akikirai","formatid":"gen9doublesou","rating":1365,"private":0,"password":""}