{"id":"gen9doublesou-1971524866","p1":"Thehombre","p2":"Brawler206","format":"[Gen 9] Doubles OU","log":"|j|\u2606Thehombre\n|j|\u2606Brawler206\n|t:|1697745412\n|gametype|doubles\n|player|p1|Thehombre|102|1067\n|player|p2|Brawler206|marshal|1117\n|teamsize|p1|6\n|teamsize|p2|6\n|gen|9\n|tier|[Gen 9] Doubles OU\n|rated|\n|rule|Species Clause: Limit one of each Pok\u00e9mon\n|rule|OHKO Clause: OHKO moves are banned\n|rule|Evasion Moves Clause: Evasion moves are banned\n|rule|Gravity Sleep Clause: The combination of sleep-inducing moves with imperfect accuracy and Gravity or Gigantamax Orbeetle are banned\n|rule|Endless Battle Clause: Forcing endless battles is banned\n|rule|HP Percentage Mod: HP is shown in percentages\n|clearpoke\n|poke|p1|Fezandipiti, M|\n|poke|p1|Overqwil, F|\n|poke|p1|Munkidori, M|\n|poke|p1|Landorus, M|\n|poke|p1|Corviknight, M|\n|poke|p1|Muk-Alola, F|\n|poke|p2|Cresselia, F|\n|poke|p2|Dragapult, F|\n|poke|p2|Mimikyu, M|\n|poke|p2|Kommo-o, F|\n|poke|p2|Pelipper, M|\n|poke|p2|Floatzel, M|\n|teampreview\n|\n|t:|1697745424\n|start\n|switch|p1a: Fezandipiti|Fezandipiti, M|100\/100\n|switch|p1b: Corviknight|Corviknight, M|100\/100\n|switch|p2a: Kommo-o|Kommo-o, F|100\/100\n|switch|p2b: Floatzel|Floatzel, M|100\/100\n|turn|1\n|inactive|Battle timer is ON: inactive players will automatically lose when time's up. (requested by Thehombre)\n|\n|t:|1697745440\n|-terastallize|p2a: Kommo-o|Steel\n|move|p2b: Floatzel|Taunt|p1b: Corviknight\n|-start|p1b: Corviknight|move: Taunt\n|move|p1a: Fezandipiti|Icy Wind|p2b: Floatzel|[spread] p2a,p2b\n|-resisted|p2a: Kommo-o\n|-resisted|p2b: Floatzel\n|-damage|p2a: Kommo-o|95\/100\n|-damage|p2b: Floatzel|92\/100\n|-unboost|p2b: Floatzel|spe|1\n|-status|p2b: Floatzel|tox|[from] ability: Toxic Chain|[of] p1a: Fezandipiti\n|move|p2a: Kommo-o|Iron Defense|p2a: Kommo-o\n|-boost|p2a: Kommo-o|def|2\n|cant|p1b: Corviknight|move: Taunt|Agility\n|\n|-damage|p2b: Floatzel|85\/100 tox|[from] psn\n|upkeep\n|turn|2\n|\n|t:|1697745458\n|switch|p1b: Landorus|Landorus, M|100\/100\n|move|p1a: Fezandipiti|Icy Wind|p2b: Floatzel|[spread] p2a,p2b\n|-resisted|p2a: Kommo-o\n|-crit|p2a: Kommo-o\n|-resisted|p2b: Floatzel\n|-damage|p2a: Kommo-o|87\/100\n|-damage|p2b: Floatzel|76\/100 tox\n|-unboost|p2b: Floatzel|spe|1\n|move|p2a: Kommo-o|Iron Defense|p2a: Kommo-o\n|-boost|p2a: Kommo-o|def|2\n|move|p2b: Floatzel|Soak|p1a: Fezandipiti\n|-start|p1a: Fezandipiti|typechange|Water\n|\n|-damage|p2b: Floatzel|64\/100 tox|[from] psn\n|upkeep\n|turn|3\n|\n|t:|1697745473\n|move|p2a: Kommo-o|Protect|p2a: Kommo-o\n|-singleturn|p2a: Kommo-o|Protect\n|move|p1b: Landorus|Earth Power|p2a: Kommo-o\n|-activate|p2a: Kommo-o|move: Protect\n|move|p1a: Fezandipiti|Icy Wind|p2b: Floatzel|[spread] p2b\n|-activate|p2a: Kommo-o|move: Protect\n|-resisted|p2b: Floatzel\n|-damage|p2b: Floatzel|54\/100 tox\n|-unboost|p2b: Floatzel|spe|1\n|move|p2b: Floatzel|Icy Wind|p1b: Landorus|[spread] p1a,p1b\n|-resisted|p1a: Fezandipiti\n|-supereffective|p1b: Landorus\n|-damage|p1a: Fezandipiti|97\/100\n|-damage|p1b: Landorus|57\/100\n|-unboost|p1a: Fezandipiti|spe|1\n|-unboost|p1b: Landorus|spe|1\n|\n|-heal|p1b: Landorus|63\/100|[from] item: Leftovers\n|-heal|p1a: Fezandipiti|100\/100|[from] item: Leftovers\n|-damage|p2b: Floatzel|35\/100 tox|[from] psn\n|upkeep\n|turn|4\n|\n|t:|1697745495\n|move|p2a: Kommo-o|Body Press|p1b: Landorus\n|-resisted|p1b: Landorus\n|-damage|p1b: Landorus|0 fnt\n|faint|p1b: Landorus\n|move|p1a: Fezandipiti|Icy Wind|p2b: Floatzel|[spread] p2a,p2b\n|-resisted|p2a: Kommo-o\n|-resisted|p2b: Floatzel\n|-damage|p2a: Kommo-o|82\/100\n|-damage|p2b: Floatzel|25\/100 tox\n|-unboost|p2b: Floatzel|spe|1\n|move|p2b: Floatzel|Icy Wind|p1a: Fezandipiti|[miss]\n|-miss|p2b: Floatzel|p1a: Fezandipiti\n|\n|-damage|p2b: Floatzel|0 fnt|[from] psn\n|faint|p2b: Floatzel\n|upkeep\n|\n|t:|1697745516\n|switch|p2b: Cresselia|Cresselia, F|100\/100\n|switch|p1b: Munkidori|Munkidori, M|100\/100\n|turn|5\n|\n|t:|1697745526\n|move|p1b: Munkidori|Focus Blast|p2a: Kommo-o\n|-supereffective|p2a: Kommo-o\n|-damage|p2a: Kommo-o|0 fnt\n|faint|p2a: Kommo-o\n|move|p1a: Fezandipiti|Heat Wave|p2b: Cresselia\n|-damage|p2b: Cresselia|90\/100\n|move|p2b: Cresselia|Lunar Blessing|p2b: Cresselia\n|-heal|p2b: Cresselia|100\/100\n|\n|upkeep\n|-message|Brawler206 forfeited.\n|\n|win|Thehombre\n|raw|Thehombre's rating: 1067 &rarr; <strong>1101<\/strong><br \/>(+34 for winning)\n|raw|Brawler206's rating: 1117 &rarr; <strong>1088<\/strong><br \/>(-29 for losing)\n|l|\u2606Brawler206\n","uploadtime":1697745552,"views":11,"p1id":"thehombre","p2id":"brawler206","formatid":"gen9doublesou","rating":1088,"private":0,"password":""}