{"id":"gen9doublesou-1995589478","p1":"RainyChill","p2":"TY SM MY GUY","format":"[Gen 9] Doubles OU","log":"|j|\u2606RainyChill\n|j|\u2606TY SM MY GUY\n|t:|1700585442\n|gametype|doubles\n|player|p1|RainyChill|guitarist|1249\n|player|p2|TY SM MY GUY|hoopster|1350\n|teamsize|p1|6\n|teamsize|p2|6\n|gen|9\n|tier|[Gen 9] Doubles OU\n|rated|\n|rule|Species Clause: Limit one of each Pok\u00e9mon\n|rule|OHKO Clause: OHKO moves are banned\n|rule|Evasion Moves Clause: Evasion moves are banned\n|rule|Gravity Sleep Clause: The combination of sleep-inducing moves with imperfect accuracy and Gravity or Gigantamax Orbeetle are banned\n|rule|Endless Battle Clause: Forcing endless battles is banned\n|rule|HP Percentage Mod: HP is shown in percentages\n|clearpoke\n|poke|p1|Golem-Alola, M|\n|poke|p1|Rabsca, M|\n|poke|p1|Clefairy, M|\n|poke|p1|Clawitzer, M|\n|poke|p1|Iron Hands|\n|poke|p1|Sinistcha-Masterpiece|\n|poke|p2|Arboliva, F|\n|poke|p2|Dusknoir, M|\n|poke|p2|Pelipper, M|\n|poke|p2|Indeedee-F, F|\n|poke|p2|Ursaluna, M|\n|poke|p2|Iron Hands|\n|teampreview\n|inactive|Battle timer is ON: inactive players will automatically lose when time's up. (requested by RainyChill)\n|\n|t:|1700585459\n|start\n|switch|p1a: Golem|Golem-Alola, M|100\/100\n|switch|p1b: Rabsca|Rabsca, M|100\/100\n|switch|p2a: Dusknoir|Dusknoir, M, shiny|100\/100\n|switch|p2b: Arboliva|Arboliva, F, shiny|100\/100\n|-item|p1a: Golem|Salac Berry|[from] ability: Frisk|[of] p2a: Dusknoir|[identify]\n|-item|p1b: Rabsca|Leftovers|[from] ability: Frisk|[of] p2a: Dusknoir|[identify]\n|turn|1\n|\n|t:|1700585488\n|switch|p2b: Ursaluna|Ursaluna, M, shiny|100\/100\n|move|p1a: Golem|Protect|p1a: Golem\n|-singleturn|p1a: Golem|Protect\n|move|p2a: Dusknoir|Will-O-Wisp|p1a: Golem\n|-activate|p1a: Golem|move: Protect\n|move|p1b: Rabsca|Trick Room|p1b: Rabsca\n|-fieldstart|move: Trick Room|[of] p1b: Rabsca\n|\n|-status|p2b: Ursaluna|brn|[from] item: Flame Orb\n|upkeep\n|turn|2\n|inactive|RainyChill has 120 seconds left.\n|\n|t:|1700585523\n|move|p2a: Dusknoir|Will-O-Wisp|p1a: Golem\n|-status|p1a: Golem|brn\n|move|p1b: Rabsca|Energy Ball|p2b: Ursaluna\n|-supereffective|p2b: Ursaluna\n|-damage|p2b: Ursaluna|69\/100 brn\n|move|p1a: Golem|Explosion|p2b: Ursaluna|[spread] p2a\n|-activate|p1b: Rabsca|ability: Telepathy\n|-immune|p2b: Ursaluna\n|-damage|p2a: Dusknoir|52\/100\n|faint|p1a: Golem\n|move|p2b: Ursaluna|Swords Dance|p2b: Ursaluna\n|-boost|p2b: Ursaluna|atk|2\n|\n|-damage|p2b: Ursaluna|63\/100 brn|[from] brn\n|upkeep\n|\n|t:|1700585547\n|switch|p1a: Sinistcha|Sinistcha-Masterpiece|100\/100\n|turn|3\n|c|\u2606TY SM MY GUY|Uh ok\n|inactive|RainyChill has 120 seconds left.\n|inactive|TY SM MY GUY has 120 seconds left.\n|\n|t:|1700585582\n|-terastallize|p1a: Sinistcha|Fire\n|move|p2a: Dusknoir|Shadow Sneak|p1a: Sinistcha\n|-damage|p1a: Sinistcha|85\/100\n|move|p1b: Rabsca|Energy Ball|p2b: Ursaluna\n|-supereffective|p2b: Ursaluna\n|-damage|p2b: Ursaluna|30\/100 brn\n|move|p2b: Ursaluna|Headlong Rush|p1b: Rabsca\n|-resisted|p1b: Rabsca\n|-damage|p1b: Rabsca|14\/100\n|-unboost|p2b: Ursaluna|def|1\n|-unboost|p2b: Ursaluna|spd|1\n|move|p1a: Sinistcha|Matcha Gotcha|p2a: Dusknoir|[spread] p2a\n|-miss|p1a: Sinistcha|p2b: Ursaluna\n|-damage|p2a: Dusknoir|30\/100\n|-heal|p1a: Sinistcha|94\/100|[from] drain|[of] p2a: Dusknoir\n|\n|-heal|p1b: Rabsca|20\/100|[from] item: Leftovers\n|-heal|p1a: Sinistcha|99\/100|[from] item: Leftovers\n|-damage|p2b: Ursaluna|24\/100 brn|[from] brn\n|upkeep\n|turn|4\n|c|\u2606RainyChill|lol\n|inactive|RainyChill has 120 seconds left.\n|\n|t:|1700585618\n|move|p1a: Sinistcha|Rage Powder|p1a: Sinistcha\n|-singleturn|p1a: Sinistcha|move: Rage Powder\n|move|p2a: Dusknoir|Shadow Sneak|p1a: Sinistcha\n|-damage|p1a: Sinistcha|85\/100\n|move|p1b: Rabsca|Revival Blessing|p1b: Rabsca\n|\n|t:|1700585623\n|-heal|p1: Golem|50\/100|[from] move: Revival Blessing\n|move|p2b: Ursaluna|Headlong Rush|p1a: Sinistcha\n|-supereffective|p1a: Sinistcha\n|-damage|p1a: Sinistcha|0 fnt\n|-unboost|p2b: Ursaluna|def|1\n|-unboost|p2b: Ursaluna|spd|1\n|faint|p1a: Sinistcha\n|\n|-heal|p1b: Rabsca|26\/100|[from] item: Leftovers\n|-damage|p2b: Ursaluna|18\/100 brn|[from] brn\n|upkeep\n|\n|t:|1700585629\n|switch|p1a: Golem|Golem-Alola, M|50\/100\n|turn|5\n|inactive|RainyChill has 120 seconds left.\n|\n|t:|1700585649\n|move|p1b: Rabsca|Protect|p1b: Rabsca\n|-singleturn|p1b: Rabsca|Protect\n|move|p2a: Dusknoir|Shadow Sneak|p1b: Rabsca\n|-activate|p1b: Rabsca|move: Protect\n|move|p1a: Golem|Rock Slide|p2a: Dusknoir|[spread] p2a,p2b\n|-resisted|p2b: Ursaluna\n|-damage|p2a: Dusknoir|6\/100\n|-damage|p2b: Ursaluna|0 fnt\n|faint|p2b: Ursaluna\n|\n|-heal|p1b: Rabsca|33\/100|[from] item: Leftovers\n|-fieldend|move: Trick Room\n|upkeep\n|\n|t:|1700585660\n|switch|p2b: Indeedee|Indeedee-F, F|100\/100\n|-fieldstart|move: Psychic Terrain|[from] ability: Psychic Surge|[of] p2b: Indeedee\n|turn|6\n|\n|t:|1700585676\n|move|p1a: Golem|Protect|p1a: Golem\n|-singleturn|p1a: Golem|Protect\n|move|p2a: Dusknoir|Will-O-Wisp|p1a: Golem\n|-activate|p1a: Golem|move: Protect\n|move|p2b: Indeedee|Trick Room|p2b: Indeedee\n|-fieldstart|move: Trick Room|[of] p2b: Indeedee\n|move|p1b: Rabsca|Trick Room|p1b: Rabsca\n|-fieldend|move: Trick Room\n|\n|-heal|p1b: Rabsca|39\/100|[from] item: Leftovers\n|upkeep\n|turn|7\n|c|\u2606TY SM MY GUY|Lmfaooo\n|c|\u2606RainyChill|lol\n|\n|t:|1700585701\n|move|p1b: Rabsca|Protect|p1b: Rabsca\n|-singleturn|p1b: Rabsca|Protect\n|move|p2b: Indeedee|Shadow Ball|p1b: Rabsca\n|-activate|p1b: Rabsca|move: Protect\n|move|p1a: Golem|Explosion|p2a: Dusknoir|[spread] p2a,p2b\n|-activate|p1b: Rabsca|move: Protect\n|-damage|p2a: Dusknoir|0 fnt\n|-damage|p2b: Indeedee|0 fnt\n|faint|p1a: Golem\n|faint|p2a: Dusknoir\n|faint|p2b: Indeedee\n|\n|-heal|p1b: Rabsca|45\/100|[from] item: Leftovers\n|upkeep\n|c|\u2606RainyChill|hahahahah]\n|\n|t:|1700585727\n|switch|p2b: Pelipper|Pelipper, M, shiny|100\/100\n|switch|p1a: Iron Hands|Iron Hands|100\/100\n|switch|p2a: Arboliva|Arboliva, F, shiny|100\/100\n|-weather|RainDance|[from] ability: Drizzle|[of] p2b: Pelipper\n|turn|8\n|\n|t:|1700585738\n|-terastallize|p2a: Arboliva|Fairy\n|move|p1a: Iron Hands|Fake Out|p2b: Pelipper\n|-hint|Psychic Terrain doesn't affect Pok\u00e9mon immune to Ground.\n|-damage|p2b: Pelipper|88\/100\n|cant|p2b: Pelipper|flinch\n|move|p2a: Arboliva|Dazzling Gleam|p1a: Iron Hands|[spread] p1a,p1b\n|-supereffective|p1a: Iron Hands\n|-damage|p1a: Iron Hands|66\/100\n|-damage|p1b: Rabsca|18\/100\n|move|p1b: Rabsca|Trick Room|p1b: Rabsca\n|-fieldstart|move: Trick Room|[of] p1b: Rabsca\n|\n|-weather|RainDance|[upkeep]\n|-heal|p1b: Rabsca|24\/100|[from] item: Leftovers\n|upkeep\n|turn|9\n|\n|t:|1700585758\n|switch|p1b: Clefairy|Clefairy, M|100\/100\n|move|p2a: Arboliva|Dazzling Gleam|p1b: Clefairy|[spread] p1a,p1b\n|-supereffective|p1a: Iron Hands\n|-damage|p1a: Iron Hands|40\/100\n|-damage|p1b: Clefairy|72\/100\n|move|p1a: Iron Hands|Thunder Punch|p2b: Pelipper\n|-supereffective|p2b: Pelipper\n|-damage|p2b: Pelipper|0 fnt\n|faint|p2b: Pelipper\n|\n|-weather|RainDance|[upkeep]\n|upkeep\n|\n|t:|1700585763\n|switch|p2b: Iron Hands|Iron Hands|100\/100\n|turn|10\n|\n|t:|1700585781\n|move|p2a: Arboliva|Dazzling Gleam|p1a: Iron Hands|[spread] p1a,p1b\n|-supereffective|p1a: Iron Hands\n|-damage|p1a: Iron Hands|12\/100\n|-damage|p1b: Clefairy|41\/100\n|move|p1b: Clefairy|Heal Pulse|p1a: Iron Hands\n|-heal|p1a: Iron Hands|62\/100\n|move|p2b: Iron Hands|Heavy Slam|p1b: Clefairy\n|-supereffective|p1b: Clefairy\n|-damage|p1b: Clefairy|0 fnt\n|faint|p1b: Clefairy\n|move|p1a: Iron Hands|Heavy Slam|p2a: Arboliva\n|-supereffective|p2a: Arboliva\n|-damage|p2a: Arboliva|23\/100\n|-fieldstart|move: Grassy Terrain|[from] ability: Seed Sower|[of] p2a: Arboliva\n|\n|-weather|RainDance|[upkeep]\n|-heal|p2a: Arboliva|29\/100|[from] Grassy Terrain\n|-heal|p2a: Arboliva|35\/100|[from] item: Leftovers\n|-heal|p1a: Iron Hands|68\/100|[from] Grassy Terrain\n|upkeep\n|\n|t:|1700585794\n|switch|p1b: Clawitzer|Clawitzer, M, shiny|100\/100\n|turn|11\n|\n|t:|1700585809\n|move|p2a: Arboliva|Dazzling Gleam|p1b: Clawitzer|[spread] p1a,p1b\n|-supereffective|p1a: Iron Hands\n|-damage|p1a: Iron Hands|29\/100\n|-damage|p1b: Clawitzer|64\/100\n|move|p2b: Iron Hands|Wild Charge|p1b: Clawitzer\n|-supereffective|p1b: Clawitzer\n|-crit|p1b: Clawitzer\n|-damage|p1b: Clawitzer|0 fnt\n|faint|p1b: Clawitzer\n|-damage|p2b: Iron Hands|88\/100|[from] Recoil\n|move|p1a: Iron Hands|Heavy Slam|p2a: Arboliva\n|-supereffective|p2a: Arboliva\n|-damage|p2a: Arboliva|0 fnt\n|faint|p2a: Arboliva\n|\n|-weather|RainDance|[upkeep]\n|-heal|p2b: Iron Hands|94\/100|[from] Grassy Terrain\n|-heal|p1a: Iron Hands|35\/100|[from] Grassy Terrain\n|upkeep\n|\n|t:|1700585819\n|switch|p1b: Rabsca|Rabsca, M|24\/100\n|turn|12\n|\n|t:|1700585827\n|move|p1b: Rabsca|Energy Ball|p2b: Iron Hands\n|-damage|p2b: Iron Hands|73\/100\n|move|p2b: Iron Hands|Drain Punch|p1a: Iron Hands\n|-damage|p1a: Iron Hands|14\/100\n|-heal|p2b: Iron Hands|85\/100|[from] drain|[of] p1a: Iron Hands\n|move|p1a: Iron Hands|Drain Punch|p2b: Iron Hands\n|-damage|p2b: Iron Hands|67\/100\n|-heal|p1a: Iron Hands|22\/100|[from] drain|[of] p2b: Iron Hands\n|\n|-weather|none\n|-heal|p1b: Rabsca|30\/100|[from] Grassy Terrain\n|-heal|p1b: Rabsca|36\/100|[from] item: Leftovers\n|-heal|p2b: Iron Hands|73\/100|[from] Grassy Terrain\n|-heal|p1a: Iron Hands|28\/100|[from] Grassy Terrain\n|-fieldend|move: Trick Room\n|upkeep\n|turn|13\n|\n|t:|1700585842\n|move|p1a: Iron Hands|Drain Punch|p2b: Iron Hands\n|-damage|p2b: Iron Hands|52\/100\n|-heal|p1a: Iron Hands|38\/100|[from] drain|[of] p2b: Iron Hands\n|move|p2b: Iron Hands|Wild Charge|p1b: Rabsca\n|-damage|p1b: Rabsca|0 fnt\n|faint|p1b: Rabsca\n|-damage|p2b: Iron Hands|45\/100|[from] Recoil\n|\n|-heal|p1a: Iron Hands|44\/100|[from] Grassy Terrain\n|-heal|p2b: Iron Hands|51\/100|[from] Grassy Terrain\n|upkeep\n|turn|14\n|\n|t:|1700585851\n|move|p1a: Iron Hands|Drain Punch|p2b: Iron Hands\n|-damage|p2b: Iron Hands|32\/100\n|-heal|p1a: Iron Hands|52\/100|[from] drain|[of] p2b: Iron Hands\n|move|p2b: Iron Hands|Drain Punch|p1a: Iron Hands\n|-damage|p1a: Iron Hands|27\/100\n|-heal|p2b: Iron Hands|46\/100|[from] drain|[of] p1a: Iron Hands\n|\n|-heal|p1a: Iron Hands|34\/100|[from] Grassy Terrain\n|-heal|p2b: Iron Hands|52\/100|[from] Grassy Terrain\n|-fieldend|move: Grassy Terrain\n|upkeep\n|turn|15\n|\n|t:|1700585861\n|move|p1a: Iron Hands|Drain Punch|p2b: Iron Hands\n|-damage|p2b: Iron Hands|31\/100\n|-heal|p1a: Iron Hands|43\/100|[from] drain|[of] p2b: Iron Hands\n|move|p2b: Iron Hands|Drain Punch|p1a: Iron Hands\n|-crit|p1a: Iron Hands\n|-damage|p1a: Iron Hands|11\/100\n|-heal|p2b: Iron Hands|49\/100|[from] drain|[of] p1a: Iron Hands\n|\n|upkeep\n|turn|16\n|c|\u2606TY SM MY GUY|Lmao drain punch fight\n|c|\u2606RainyChill|nooo\n|c|\u2606RainyChill|the crit\n|c|\u2606RainyChill|gg lol\n|\n|t:|1700585886\n|move|p1a: Iron Hands|Drain Punch|p2b: Iron Hands\n|-damage|p2b: Iron Hands|29\/100\n|-heal|p1a: Iron Hands|20\/100|[from] drain|[of] p2b: Iron Hands\n|move|p2b: Iron Hands|Drain Punch|p1a: Iron Hands\n|-damage|p1a: Iron Hands|0 fnt\n|-heal|p2b: Iron Hands|40\/100|[from] drain|[of] p1a: Iron Hands\n|faint|p1a: Iron Hands\n|-end|p1a: Iron Hands|Quark Drive|[silent]\n|\n|win|TY SM MY GUY\n|raw|RainyChill's rating: 1249 &rarr; <strong>1231<\/strong><br \/>(-18 for losing)\n|raw|TY SM MY GUY's rating: 1350 &rarr; <strong>1364<\/strong><br \/>(+14 for winning)\n|c|\u2606TY SM MY GUY|You go first\n|c|\u2606TY SM MY GUY|and live\n|c|\u2606TY SM MY GUY|i think\n|c|\u2606TY SM MY GUY|Nope\n|c|\u2606TY SM MY GUY|HA\n|c|\u2606TY SM MY GUY|GG\n|c|\u2606RainyChill|gg\n|l|\u2606RainyChill\n","uploadtime":1700585907,"views":0,"p1id":"rainychill","p2id":"tysmmyguy","formatid":"gen9doublesou","rating":1231,"private":0,"password":""}