{"id":"gen9doublesou-1981060622","p1":"diggermeelmo","p2":"Diplodopus","format":"[Gen 9] Doubles OU","log":"|j|\u2606diggermeelmo\n|j|\u2606Diplodopus\n|t:|1698860447\n|gametype|doubles\n|player|p1|diggermeelmo|benga|1096\n|player|p2|Diplodopus|170|1090\n|teamsize|p1|6\n|teamsize|p2|6\n|gen|9\n|tier|[Gen 9] Doubles OU\n|rated|\n|rule|Species Clause: Limit one of each Pok\u00e9mon\n|rule|OHKO Clause: OHKO moves are banned\n|rule|Evasion Moves Clause: Evasion moves are banned\n|rule|Gravity Sleep Clause: The combination of sleep-inducing moves with imperfect accuracy and Gravity or Gigantamax Orbeetle are banned\n|rule|Endless Battle Clause: Forcing endless battles is banned\n|rule|HP Percentage Mod: HP is shown in percentages\n|clearpoke\n|poke|p1|Palafin, M|\n|poke|p1|Iron Hands|\n|poke|p1|Flutter Mane|\n|poke|p1|Vikavolt, M|\n|poke|p1|Clefairy, M|\n|poke|p1|Ursaluna, F|\n|poke|p2|Ogerpon-Hearthflame, F|\n|poke|p2|Clefairy, M|\n|poke|p2|Flutter Mane|\n|poke|p2|Sinistcha-Masterpiece|\n|poke|p2|Kommo-o, F|\n|poke|p2|Kingambit, M|\n|teampreview\n|inactive|Battle timer is ON: inactive players will automatically lose when time's up. (requested by diggermeelmo)\n|\n|t:|1698860454\n|start\n|switch|p1a: Palafin|Palafin, M|100\/100\n|switch|p1b: Iron Hands|Iron Hands|100\/100\n|switch|p2a: Ogerpon|Ogerpon-Hearthflame, F|100\/100\n|switch|p2b: Clefairy|Clefairy, M, shiny|100\/100\n|-ability|p2a: Ogerpon|Mold Breaker\n|turn|1\n|\n|t:|1698860472\n|move|p1b: Iron Hands|Fake Out|p2a: Ogerpon\n|-damage|p2a: Ogerpon|85\/100\n|move|p2b: Clefairy|Follow Me|p2b: Clefairy\n|-singleturn|p2b: Clefairy|move: Follow Me\n|move|p1a: Palafin|Flip Turn|p2b: Clefairy\n|-damage|p2b: Clefairy|81\/100\n|\n|t:|1698860486\n|detailschange|p1a: Palafin|Palafin-Hero, M\n|switch|p1a: Ursaluna|Ursaluna, F|100\/100|[from] Flip Turn\n|cant|p2a: Ogerpon|flinch\n|\n|-status|p1a: Ursaluna|brn|[from] item: Flame Orb\n|upkeep\n|turn|2\n|\n|t:|1698860496\n|-end|p1b: Iron Hands|Quark Drive|[silent]\n|switch|p1b: Vikavolt|Vikavolt, M|100\/100\n|move|p2b: Clefairy|Follow Me|p2b: Clefairy\n|-singleturn|p2b: Clefairy|move: Follow Me\n|move|p2a: Ogerpon|Swords Dance|p2a: Ogerpon\n|-boost|p2a: Ogerpon|atk|2\n|move|p1a: Ursaluna|Earthquake|p2a: Ogerpon|[spread] p2a,p2b\n|-immune|p1b: Vikavolt|[from] ability: Levitate\n|-damage|p2a: Ogerpon|22\/100\n|-damage|p2b: Clefairy|9\/100\n|\n|-damage|p1a: Ursaluna|94\/100 brn|[from] brn\n|upkeep\n|turn|3\n|\n|t:|1698860517\n|move|p1a: Ursaluna|Protect|p1a: Ursaluna\n|-singleturn|p1a: Ursaluna|Protect\n|move|p2a: Ogerpon|Horn Leech|p1a: Ursaluna\n|-activate|p1a: Ursaluna|move: Protect\n|move|p1b: Vikavolt|Sticky Web|p2a: Ogerpon\n|-sidestart|p2: Diplodopus|move: Sticky Web\n|move|p2b: Clefairy|Life Dew|p2b: Clefairy|[spread] p2a,p2b\n|-heal|p2a: Ogerpon|47\/100\n|-heal|p2b: Clefairy|34\/100\n|\n|-damage|p1a: Ursaluna|88\/100 brn|[from] brn\n|upkeep\n|turn|4\n|\n|t:|1698860534\n|switch|p1a: Iron Hands|Iron Hands|100\/100\n|move|p2a: Ogerpon|Horn Leech|p1a: Iron Hands\n|-damage|p1a: Iron Hands|43\/100\n|-heal|p2a: Ogerpon|96\/100|[from] drain|[of] p1a: Iron Hands\n|move|p1b: Vikavolt|Bug Buzz|p2a: Ogerpon\n|-damage|p2a: Ogerpon|43\/100\n|move|p2b: Clefairy|Life Dew|p2b: Clefairy|[spread] p2a,p2b\n|-heal|p2a: Ogerpon|68\/100\n|-heal|p2b: Clefairy|59\/100\n|\n|-heal|p1a: Iron Hands|49\/100|[from] item: Leftovers\n|upkeep\n|turn|5\n|\n|t:|1698860556\n|move|p1a: Iron Hands|Fake Out|p2a: Ogerpon\n|-damage|p2a: Ogerpon|53\/100\n|cant|p2a: Ogerpon|flinch\n|move|p1b: Vikavolt|Volt Switch|p2b: Clefairy\n|-damage|p2b: Clefairy|28\/100\n|\n|t:|1698860560\n|switch|p1b: Palafin|Palafin-Hero, M|100\/100|[from] Volt Switch\n|-activate|p1b: Palafin|ability: Zero to Hero\n|move|p2b: Clefairy|Life Dew|p2b: Clefairy|[spread] p2a,p2b\n|-heal|p2a: Ogerpon|78\/100\n|-heal|p2b: Clefairy|53\/100\n|\n|-heal|p1a: Iron Hands|55\/100|[from] item: Leftovers\n|upkeep\n|turn|6\n|\n|t:|1698860583\n|switch|p1b: Vikavolt|Vikavolt, M|100\/100\n|move|p2b: Clefairy|Follow Me|p2b: Clefairy\n|-singleturn|p2b: Clefairy|move: Follow Me\n|move|p2a: Ogerpon|Horn Leech|p1b: Vikavolt\n|-resisted|p1b: Vikavolt\n|-damage|p1b: Vikavolt|52\/100\n|-heal|p2a: Ogerpon|100\/100|[from] drain|[of] p1b: Vikavolt\n|move|p1a: Iron Hands|Wild Charge|p2b: Clefairy\n|-damage|p2b: Clefairy|0 fnt\n|faint|p2b: Clefairy\n|-damage|p1a: Iron Hands|47\/100|[from] Recoil\n|\n|-heal|p1a: Iron Hands|53\/100|[from] item: Leftovers\n|upkeep\n|\n|t:|1698860601\n|switch|p2b: Flutter Mane|Flutter Mane|100\/100\n|-activate|p2b: Flutter Mane|move: Sticky Web\n|-unboost|p2b: Flutter Mane|spe|1\n|turn|7\n|\n|t:|1698860615\n|move|p1a: Iron Hands|Protect|p1a: Iron Hands\n|-singleturn|p1a: Iron Hands|Protect\n|move|p2b: Flutter Mane|Dazzling Gleam|p1a: Iron Hands|[spread] p1b\n|-activate|p1a: Iron Hands|move: Protect\n|-damage|p1b: Vikavolt|16\/100\n|move|p2a: Ogerpon|Ivy Cudgel|p1a: Iron Hands\n|-activate|p1a: Iron Hands|move: Protect\n|move|p1b: Vikavolt|Bug Buzz|p2a: Ogerpon\n|-damage|p2a: Ogerpon|37\/100\n|\n|-heal|p1a: Iron Hands|59\/100|[from] item: Leftovers\n|upkeep\n|turn|8\n|\n|t:|1698860633\n|move|p2b: Flutter Mane|Dazzling Gleam|p1a: Iron Hands|[spread] p1a,p1b\n|-supereffective|p1a: Iron Hands\n|-crit|p1a: Iron Hands\n|-damage|p1a: Iron Hands|0 fnt\n|-damage|p1b: Vikavolt|0 fnt\n|faint|p1a: Iron Hands\n|-end|p1a: Iron Hands|Quark Drive|[silent]\n|faint|p1b: Vikavolt\n|move|p2a: Ogerpon|Horn Leech|p1: Iron Hands|[notarget]\n|-fail|p2a: Ogerpon\n|\n|upkeep\n|\n|t:|1698860640\n|switch|p1a: Clefairy|Clefairy, M|100\/100\n|switch|p1b: Palafin|Palafin-Hero, M|100\/100\n|turn|9\n|\n|t:|1698860648\n|move|p1a: Clefairy|Helping Hand|p1b: Palafin\n|-singleturn|p1b: Palafin|Helping Hand|[of] p1a: Clefairy\n|move|p1b: Palafin|Jet Punch|p2a: Ogerpon\n|-damage|p2a: Ogerpon|0 fnt\n|faint|p2a: Ogerpon\n|move|p2b: Flutter Mane|Dazzling Gleam|p1b: Palafin|[spread] p1a,p1b\n|-damage|p1a: Clefairy|82\/100\n|-damage|p1b: Palafin|83\/100\n|\n|upkeep\n|\n|t:|1698860662\n|switch|p2a: Sinistcha|Sinistcha-Masterpiece|100\/100\n|-activate|p2a: Sinistcha|move: Sticky Web\n|-fail|p2a: Sinistcha|unboost|[from] item: Clear Amulet|[of] p2a: Sinistcha\n|turn|10\n|\n|t:|1698860678\n|move|p1a: Clefairy|Follow Me|p1a: Clefairy\n|-singleturn|p1a: Clefairy|move: Follow Me\n|move|p2b: Flutter Mane|Dazzling Gleam|p1b: Palafin|[spread] p1a,p1b\n|-damage|p1a: Clefairy|62\/100\n|-damage|p1b: Palafin|64\/100\n|move|p1b: Palafin|Flip Turn|p2b: Flutter Mane\n|-damage|p2b: Flutter Mane|20\/100\n|\n|t:|1698860687\n|switch|p1b: Flutter Mane|Flutter Mane|100\/100|[from] Flip Turn\n|move|p2a: Sinistcha|Strength Sap|p1a: Clefairy\n|-unboost|p1a: Clefairy|atk|1\n|\n|upkeep\n|turn|11\n|\n|t:|1698860705\n|move|p1a: Clefairy|Helping Hand|p1b: Flutter Mane\n|-singleturn|p1b: Flutter Mane|Helping Hand|[of] p1a: Clefairy\n|move|p2a: Sinistcha|Rage Powder|p2a: Sinistcha\n|-singleturn|p2a: Sinistcha|move: Rage Powder\n|move|p1b: Flutter Mane|Icy Wind|p2a: Sinistcha|[spread] p2a,p2b\n|-supereffective|p2a: Sinistcha\n|-damage|p2a: Sinistcha|58\/100\n|-damage|p2b: Flutter Mane|0 fnt\n|faint|p2b: Flutter Mane\n|-end|p2b: Flutter Mane|Protosynthesis|[silent]\n|\n|upkeep\n|\n|t:|1698860717\n|switch|p2b: Banger|Kommo-o, F, shiny|100\/100\n|-activate|p2b: Banger|move: Sticky Web\n|-unboost|p2b: Banger|spe|1\n|turn|12\n|\n|t:|1698860736\n|-end|p1b: Flutter Mane|Protosynthesis|[silent]\n|switch|p1b: Ursaluna|Ursaluna, F|88\/100 brn\n|-terastallize|p2b: Banger|Steel\n|move|p2a: Sinistcha|Rage Powder|p2a: Sinistcha\n|-singleturn|p2a: Sinistcha|move: Rage Powder\n|move|p2b: Banger|Clangorous Soul|p2b: Banger\n|-boost|p2b: Banger|atk|1\n|-boost|p2b: Banger|def|1\n|-boost|p2b: Banger|spa|1\n|-boost|p2b: Banger|spd|1\n|-boost|p2b: Banger|spe|1\n|-damage|p2b: Banger|68\/100\n|-enditem|p2b: Banger|Throat Spray\n|-boost|p2b: Banger|spa|1|[from] item: Throat Spray\n|move|p1a: Clefairy|Encore|p2a: Sinistcha\n|-start|p2a: Sinistcha|Encore\n|\n|-damage|p1b: Ursaluna|82\/100 brn|[from] brn\n|upkeep\n|turn|13\n|\n|t:|1698860761\n|-terastallize|p1b: Ursaluna|Ground\n|move|p2a: Sinistcha|Rage Powder|p2a: Sinistcha\n|-singleturn|p2a: Sinistcha|move: Rage Powder\n|move|p1a: Clefairy|Follow Me|p1a: Clefairy\n|-singleturn|p1a: Clefairy|move: Follow Me\n|move|p2b: Banger|Aura Sphere|p1a: Clefairy\n|-resisted|p1a: Clefairy\n|-damage|p1a: Clefairy|37\/100\n|move|p1b: Ursaluna|Earthquake|p2b: Banger|[spread] p1a,p2a,p2b\n|-resisted|p2a: Sinistcha\n|-supereffective|p2b: Banger\n|-damage|p1a: Clefairy|0 fnt\n|-damage|p2a: Sinistcha|16\/100\n|-damage|p2b: Banger|0 fnt\n|faint|p1a: Clefairy\n|faint|p2b: Banger\n|\n|-damage|p1b: Ursaluna|76\/100 brn|[from] brn\n|upkeep\n|\n|t:|1698860779\n|switch|p2b: Daddies home|Kingambit, M|100\/100\n|switch|p1a: Palafin|Palafin-Hero, M|64\/100\n|-activate|p2b: Daddies home|move: Sticky Web\n|-unboost|p2b: Daddies home|spe|1\n|-ability|p2b: Daddies home|Pressure\n|turn|14\n|\n|t:|1698860798\n|move|p2a: Sinistcha|Rage Powder|p2a: Sinistcha\n|-singleturn|p2a: Sinistcha|move: Rage Powder\n|move|p1a: Palafin|Jet Punch|p2a: Sinistcha\n|-resisted|p2a: Sinistcha\n|-damage|p2a: Sinistcha|1\/100\n|move|p2b: Daddies home|Sucker Punch|p1b: Ursaluna\n|-damage|p1b: Ursaluna|33\/100 brn\n|move|p1b: Ursaluna|Earthquake|p2b: Daddies home|[spread] p1a,p2a,p2b\n|-resisted|p2a: Sinistcha\n|-supereffective|p2b: Daddies home\n|-damage|p1a: Palafin|0 fnt\n|-damage|p2a: Sinistcha|0 fnt\n|-damage|p2b: Daddies home|0 fnt\n|faint|p1a: Palafin\n|faint|p2a: Sinistcha\n|faint|p2b: Daddies home\n|\n|win|diggermeelmo\n|raw|diggermeelmo's rating: 1096 &rarr; <strong>1121<\/strong><br \/>(+25 for winning)\n|raw|Diplodopus's rating: 1090 &rarr; <strong>1067<\/strong><br \/>(-23 for losing)\n|l|\u2606diggermeelmo\n","uploadtime":1698860813,"views":21,"p1id":"diggermeelmo","p2id":"diplodopus","formatid":"gen9doublesou","rating":1067,"private":0,"password":""}