{"id":"gen9doublesou-1993576576","p1":"dltmeninas","p2":"ThePandasFriends","format":"[Gen 9] Doubles OU","log":"|j|\u2606dltmeninas\n|j|\u2606ThePandasFriends\n|inactive|Battle timer is ON: inactive players will automatically lose when time's up.\n|t:|1700333579\n|gametype|doubles\n|player|p1|dltmeninas|fisherman-gen4|\n|player|p2|ThePandasFriends|ingo|\n|teamsize|p1|6\n|teamsize|p2|6\n|gen|9\n|tier|[Gen 9] Doubles OU\n|rated|Tournament battle\n|rule|Species Clause: Limit one of each Pok\u00e9mon\n|rule|OHKO Clause: OHKO moves are banned\n|rule|Evasion Moves Clause: Evasion moves are banned\n|rule|Gravity Sleep Clause: The combination of sleep-inducing moves with imperfect accuracy and Gravity or Gigantamax Orbeetle are banned\n|rule|Endless Battle Clause: Forcing endless battles is banned\n|rule|HP Percentage Mod: HP is shown in percentages\n|clearpoke\n|poke|p1|Regidrago|\n|poke|p1|Manaphy|\n|poke|p1|Ogerpon-Hearthflame, F|\n|poke|p1|Tornadus, M|\n|poke|p1|Gholdengo|\n|poke|p1|Rillaboom, M|\n|poke|p2|Flutter Mane|\n|poke|p2|Arcanine-Hisui, F|\n|poke|p2|Gholdengo|\n|poke|p2|Munkidori, M|\n|poke|p2|Ogerpon-Wellspring, F|\n|poke|p2|Chien-Pao|\n|teampreview\n|inactive|dltmeninas has 120 seconds left.\n|\n|t:|1700333631\n|start\n|switch|p1a: Manaphy|Manaphy|100\/100\n|switch|p1b: Rillaboom|Rillaboom, M|100\/100\n|switch|p2a: Flutter Mane|Flutter Mane|100\/100\n|switch|p2b: Munkidori|Munkidori, M|100\/100\n|-fieldstart|move: Grassy Terrain|[from] ability: Grassy Surge|[of] p1b: Rillaboom\n|-enditem|p2a: Flutter Mane|Booster Energy\n|-activate|p2a: Flutter Mane|ability: Protosynthesis|[fromitem]\n|-start|p2a: Flutter Mane|protosynthesisspe\n|turn|1\n|inactive|dltmeninas has 120 seconds left.\n|\n|t:|1700333668\n|-terastallize|p1a: Manaphy|Poison\n|move|p2b: Munkidori|Fake Out|p1b: Rillaboom\n|-damage|p1b: Rillaboom|94\/100\n|cant|p1b: Rillaboom|flinch\n|move|p2a: Flutter Mane|Moonblast|p1a: Manaphy\n|-resisted|p1a: Manaphy\n|-damage|p1a: Manaphy|80\/100\n|move|p1a: Manaphy|Tail Glow|p1a: Manaphy\n|-boost|p1a: Manaphy|spa|3\n|\n|-heal|p1a: Manaphy|87\/100|[from] Grassy Terrain\n|-heal|p1a: Manaphy|93\/100|[from] item: Leftovers\n|-heal|p1b: Rillaboom|100\/100|[from] Grassy Terrain\n|upkeep\n|turn|2\n|inactive|dltmeninas has 120 seconds left.\n|inactive|ThePandasFriends has 120 seconds left.\n|\n|t:|1700333699\n|move|p2a: Flutter Mane|Protect|p2a: Flutter Mane\n|-singleturn|p2a: Flutter Mane|Protect\n|move|p1a: Manaphy|Protect|p1a: Manaphy\n|-singleturn|p1a: Manaphy|Protect\n|move|p2b: Munkidori|Parting Shot|p1a: Manaphy\n|-activate|p1a: Manaphy|move: Protect\n|move|p1b: Rillaboom|U-turn|p2b: Munkidori\n|-damage|p2b: Munkidori|64\/100\n|inactive|dltmeninas has 120 seconds left.\n|\n|t:|1700333726\n|switch|p1b: Gholdengo|Gholdengo|100\/100|[from] U-turn\n|\n|-heal|p2b: Munkidori|70\/100|[from] Grassy Terrain\n|-heal|p2b: Munkidori|76\/100|[from] item: Leftovers\n|-heal|p1a: Manaphy|99\/100|[from] Grassy Terrain\n|-heal|p1a: Manaphy|100\/100|[from] item: Leftovers\n|upkeep\n|turn|3\n|inactive|dltmeninas has 120 seconds left.\n|\n|t:|1700333755\n|move|p2a: Flutter Mane|Shadow Ball|p1a: Manaphy\n|-damage|p1a: Manaphy|71\/100\n|-unboost|p1a: Manaphy|spd|1\n|move|p2b: Munkidori|Psychic|p1a: Manaphy\n|-supereffective|p1a: Manaphy\n|-damage|p1a: Manaphy|0 fnt\n|faint|p1a: Manaphy\n|move|p1b: Gholdengo|Make It Rain|p2a: Flutter Mane|[spread] p2a,p2b\n|-supereffective|p2a: Flutter Mane\n|-damage|p2a: Flutter Mane|28\/100\n|-damage|p2b: Munkidori|21\/100\n|-unboost|p1b: Gholdengo|spa|1\n|\n|-heal|p2a: Flutter Mane|34\/100|[from] Grassy Terrain\n|-heal|p2b: Munkidori|27\/100|[from] Grassy Terrain\n|-heal|p2b: Munkidori|33\/100|[from] item: Leftovers\n|upkeep\n|inactive|dltmeninas has 120 seconds left.\n|\n|t:|1700333786\n|switch|p1a: Tornadus|Tornadus, M|100\/100\n|turn|4\n|\n|t:|1700333808\n|move|p1a: Tornadus|Tailwind|p1a: Tornadus\n|-sidestart|p1: dltmeninas|move: Tailwind\n|move|p2a: Flutter Mane|Icy Wind|p1b: Gholdengo|[spread] p1a,p1b\n|-supereffective|p1a: Tornadus\n|-resisted|p1b: Gholdengo\n|-damage|p1a: Tornadus|68\/100\n|-damage|p1b: Gholdengo|94\/100\n|-unboost|p1a: Tornadus|spe|1\n|-unboost|p1b: Gholdengo|spe|1\n|move|p2b: Munkidori|Psychic|p1a: Tornadus\n|-damage|p1a: Tornadus|16\/100\n|-enditem|p1a: Tornadus|Sitrus Berry|[eat]\n|-heal|p1a: Tornadus|41\/100|[from] item: Sitrus Berry\n|move|p1b: Gholdengo|Make It Rain|p2a: Flutter Mane|[spread] p2a,p2b\n|-supereffective|p2a: Flutter Mane\n|-damage|p2a: Flutter Mane|0 fnt\n|-damage|p2b: Munkidori|0 fnt\n|-unboost|p1b: Gholdengo|spa|1\n|faint|p2a: Flutter Mane\n|-end|p2a: Flutter Mane|Protosynthesis|[silent]\n|faint|p2b: Munkidori\n|\n|-heal|p1b: Gholdengo|99\/100|[from] Grassy Terrain\n|-heal|p1b: Gholdengo|100\/100|[from] item: Leftovers\n|upkeep\n|inactive|ThePandasFriends has 120 seconds left.\n|\n|t:|1700333847\n|switch|p2a: Gholdengo|Gholdengo|100\/100\n|switch|p2b: Arcanine|Arcanine-Hisui, F|100\/100\n|-ability|p2b: Arcanine|Intimidate|boost\n|-unboost|p1a: Tornadus|atk|1\n|-unboost|p1b: Gholdengo|atk|1\n|turn|5\n|inactive|ThePandasFriends has 120 seconds left.\n|inactive|dltmeninas has 120 seconds left.\n|\n|t:|1700333886\n|switch|p1a: Rillaboom|Rillaboom, M|100\/100\n|move|p1b: Gholdengo|Protect|p1b: Gholdengo\n|-singleturn|p1b: Gholdengo|Protect\n|move|p2b: Arcanine|Rock Slide|p1a: Rillaboom|[spread] p1a\n|-activate|p1b: Gholdengo|move: Protect\n|-damage|p1a: Rillaboom|60\/100\n|move|p2a: Gholdengo|Nasty Plot|p2a: Gholdengo\n|-boost|p2a: Gholdengo|spa|2\n|\n|-heal|p1a: Rillaboom|66\/100|[from] Grassy Terrain\n|-fieldend|move: Grassy Terrain\n|upkeep\n|turn|6\n|inactive|dltmeninas has 120 seconds left.\n|\n|t:|1700333903\n|switch|p1b: Ogerpon|Ogerpon-Hearthflame, F|100\/100\n|-ability|p1b: Ogerpon|Mold Breaker\n|move|p1a: Rillaboom|High Horsepower|p2b: Arcanine\n|-supereffective|p2b: Arcanine\n|-damage|p2b: Arcanine|0 fnt\n|faint|p2b: Arcanine\n|move|p2a: Gholdengo|Shadow Ball|p1b: Ogerpon\n|-damage|p1b: Ogerpon|12\/100\n|\n|upkeep\n|\n|t:|1700333918\n|switch|p2b: Ogerpon|Ogerpon-Wellspring, F|100\/100\n|turn|7\n|\n|t:|1700333937\n|-terastallize|p2b: Ogerpon|Water\n|detailschange|p2b: Ogerpon|Ogerpon-Wellspring-Tera, F, tera:Water\n|-ability|p2b: Ogerpon|Embody Aspect (Wellspring)|boost\n|-boost|p2b: Ogerpon|spd|1\n|move|p2b: Ogerpon|Follow Me|p2b: Ogerpon\n|-singleturn|p2b: Ogerpon|move: Follow Me\n|move|p1b: Ogerpon|Ivy Cudgel|p2b: Ogerpon|[anim] Ivy Cudgel Fire\n|-resisted|p2b: Ogerpon\n|-damage|p2b: Ogerpon|68\/100\n|move|p1a: Rillaboom|U-turn|p2b: Ogerpon\n|-damage|p2b: Ogerpon|42\/100\n|\n|t:|1700333953\n|switch|p1a: Tornadus|Tornadus, M|41\/100|[from] U-turn\n|move|p2a: Gholdengo|Make It Rain|p1a: Tornadus|[spread] p1a,p1b\n|-resisted|p1b: Ogerpon\n|-damage|p1a: Tornadus|0 fnt\n|-damage|p1b: Ogerpon|0 fnt\n|-unboost|p2a: Gholdengo|spa|1\n|faint|p1a: Tornadus\n|faint|p1b: Ogerpon\n|\n|-sideend|p1: dltmeninas|move: Tailwind\n|upkeep\n|inactive|dltmeninas has 120 seconds left.\n|\n|t:|1700333970\n|switch|p1a: Regidrago|Regidrago|100\/100\n|switch|p1b: Gholdengo|Gholdengo|100\/100\n|turn|8\n|\n|t:|1700333995\n|move|p1a: Regidrago|Dragon Energy|p2b: Ogerpon|[spread] p2a,p2b\n|-resisted|p2a: Gholdengo\n|-damage|p2a: Gholdengo|58\/100\n|-damage|p2b: Ogerpon|0 fnt\n|faint|p2b: Ogerpon\n|move|p2a: Gholdengo|Shadow Ball|p1b: Gholdengo\n|-supereffective|p1b: Gholdengo\n|-damage|p1b: Gholdengo|0 fnt\n|faint|p1b: Gholdengo\n|\n|upkeep\n|\n|t:|1700334008\n|switch|p2b: Chien-Pao|Chien-Pao|100\/100\n|switch|p1b: Rillaboom|Rillaboom, M|66\/100\n|-ability|p2b: Chien-Pao|Sword of Ruin\n|-fieldstart|move: Grassy Terrain|[from] ability: Grassy Surge|[of] p1b: Rillaboom\n|turn|9\n|\n|t:|1700334022\n|move|p2a: Gholdengo|Protect|p2a: Gholdengo\n|-singleturn|p2a: Gholdengo|Protect\n|move|p1b: Rillaboom|Fake Out|p2b: Chien-Pao\n|-damage|p2b: Chien-Pao|84\/100\n|cant|p2b: Chien-Pao|flinch\n|move|p1a: Regidrago|Dragon Energy|p2a: Gholdengo|[spread] p2b\n|-activate|p2a: Gholdengo|move: Protect\n|-damage|p2b: Chien-Pao|0 fnt\n|faint|p2b: Chien-Pao\n|\n|-heal|p2a: Gholdengo|65\/100|[from] Grassy Terrain\n|-heal|p1b: Rillaboom|73\/100|[from] Grassy Terrain\n|upkeep\n|turn|10\n|\n|t:|1700334038\n|move|p1a: Regidrago|Dragon Energy|p2a: Gholdengo\n|-resisted|p2a: Gholdengo\n|-damage|p2a: Gholdengo|14\/100\n|move|p2a: Gholdengo|Make It Rain|p1a: Regidrago|[spread] p1a,p1b\n|-damage|p1a: Regidrago|0 fnt\n|-damage|p1b: Rillaboom|18\/100\n|-unboost|p2a: Gholdengo|spa|1\n|faint|p1a: Regidrago\n|move|p1b: Rillaboom|High Horsepower|p2a: Gholdengo\n|-supereffective|p2a: Gholdengo\n|-damage|p2a: Gholdengo|0 fnt\n|faint|p2a: Gholdengo\n|\n|win|dltmeninas\n|n|\u2606dltmeninas|dltmeninas\n|n|\u2606ThePandasFriends|thepandasfriends\n","uploadtime":1700334040,"views":4,"p1id":"dltmeninas","p2id":"thepandasfriends","formatid":"gen9doublesou","rating":0,"private":0,"password":""}