{"id":"gen9doublesou-1998697065","p1":"jctpm26","p2":"Kuzwa","format":"[Gen 9] Doubles OU","log":"|j|\u2606jctpm26\n|j|\u2606Kuzwa\n|t:|1700973985\n|gametype|doubles\n|player|p1|jctpm26|iris-gen5bw2|1177\n|player|p2|Kuzwa|pokemonbreeder-gen4|1297\n|teamsize|p1|6\n|teamsize|p2|6\n|gen|9\n|tier|[Gen 9] Doubles OU\n|rated|\n|rule|Species Clause: Limit one of each Pok\u00e9mon\n|rule|OHKO Clause: OHKO moves are banned\n|rule|Evasion Moves Clause: Evasion moves are banned\n|rule|Gravity Sleep Clause: The combination of sleep-inducing moves with imperfect accuracy and Gravity or Gigantamax Orbeetle are banned\n|rule|Endless Battle Clause: Forcing endless battles is banned\n|rule|HP Percentage Mod: HP is shown in percentages\n|clearpoke\n|poke|p1|Noivern, M|\n|poke|p1|Breloom, F|\n|poke|p1|Samurott-Hisui, F|\n|poke|p1|Arcanine, M|\n|poke|p1|Glimmora, M|\n|poke|p1|Ninetales-Alola, M|\n|poke|p2|Oricorio-Sensu, F|\n|poke|p2|Volcarona, M|\n|poke|p2|Gallade, M|\n|poke|p2|Glimmora, F|\n|poke|p2|Inteleon, M|\n|poke|p2|Chien-Pao|\n|teampreview\n|\n|t:|1700973993\n|start\n|switch|p1a: Samurott|Samurott-Hisui, F|100\/100\n|switch|p1b: Glimmora|Glimmora, M|100\/100\n|switch|p2a: Mango|Volcarona, M, shiny|100\/100\n|switch|p2b: Tango|Oricorio-Sensu, F|100\/100\n|turn|1\n|\n|t:|1700974005\n|move|p2b: Tango|Helping Hand|p2a: Mango\n|-singleturn|p2a: Mango|Helping Hand|[of] p2b: Tango\n|move|p2a: Mango|Bug Buzz|p1a: Samurott\n|-supereffective|p1a: Samurott\n|-damage|p1a: Samurott|0 fnt\n|faint|p1a: Samurott\n|move|p1b: Glimmora|Stealth Rock|p2b: Tango\n|-sidestart|p2: Kuzwa|move: Stealth Rock\n|\n|upkeep\n|\n|t:|1700974018\n|switch|p1a: Arcanine|Arcanine, M|100\/100\n|-ability|p1a: Arcanine|Intimidate|boost\n|-unboost|p2a: Mango|atk|1\n|-unboost|p2b: Tango|atk|1\n|turn|2\n|\n|t:|1700974048\n|move|p2b: Tango|Helping Hand|p2a: Mango\n|-singleturn|p2a: Mango|Helping Hand|[of] p2b: Tango\n|move|p1a: Arcanine|Fire Fang|p2b: Tango\n|-damage|p2b: Tango|52\/100\n|move|p2a: Mango|Fiery Dance|p1a: Arcanine\n|-resisted|p1a: Arcanine\n|-damage|p1a: Arcanine|61\/100\n|-boost|p2a: Mango|spa|1\n|-activate|p2b: Tango|ability: Dancer\n|move|p2b: Tango|Fiery Dance|p1a: Arcanine|[from]ability: Dancer\n|-resisted|p1a: Arcanine\n|-crit|p1a: Arcanine\n|-damage|p1a: Arcanine|37\/100\n|-boost|p2b: Tango|spa|1\n|move|p1b: Glimmora|Power Gem|p2a: Mango\n|-supereffective|p2a: Mango\n|-damage|p2a: Mango|0 fnt\n|faint|p2a: Mango\n|\n|upkeep\n|\n|t:|1700974080\n|switch|p2a: Castro|Glimmora, F|100\/100\n|-damage|p2a: Castro|88\/100|[from] Stealth Rock\n|-item|p2a: Castro|Air Balloon\n|turn|3\n|\n|t:|1700974096\n|move|p1a: Arcanine|Dig||[still]\n|-prepare|p1a: Arcanine|Dig\n|move|p2b: Tango|Revelation Dance|p1a: Arcanine|[miss]\n|-miss|p2b: Tango|p1a: Arcanine\n|move|p2a: Castro|Mortal Spin|p1b: Glimmora|[spread] p1b\n|-miss|p2a: Castro|p1a: Arcanine\n|-resisted|p1b: Glimmora\n|-damage|p1b: Glimmora|99\/100\n|-activate|p1b: Glimmora|ability: Toxic Debris\n|-sidestart|p2: Kuzwa|move: Toxic Spikes\n|-sideend|p2: Kuzwa|Toxic Spikes|[from] move: Mortal Spin|[of] p2a: Castro\n|-sideend|p2: Kuzwa|Stealth Rock|[from] move: Mortal Spin|[of] p2a: Castro\n|move|p1b: Glimmora|Power Gem|p2a: Castro\n|-damage|p2a: Castro|28\/100\n|-enditem|p2a: Castro|Air Balloon\n|\n|upkeep\n|turn|4\n|\n|t:|1700974138\n|move|p2b: Tango|Helping Hand|p2a: Castro\n|-singleturn|p2a: Castro|Helping Hand|[of] p2b: Tango\n|move|p1a: Arcanine|Dig|p2a: Castro|[from]lockedmove\n|-supereffective|p2a: Castro\n|-damage|p2a: Castro|0 fnt\n|-activate|p2a: Castro|ability: Toxic Debris\n|-sidestart|p1: jctpm26|move: Toxic Spikes\n|faint|p2a: Castro\n|move|p1b: Glimmora|Stealth Rock|p2b: Tango\n|-sidestart|p2: Kuzwa|move: Stealth Rock\n|\n|upkeep\n|\n|t:|1700974144\n|switch|p2a: Neon|Inteleon, M, shiny|100\/100\n|-damage|p2a: Neon|88\/100|[from] Stealth Rock\n|turn|5\n|\n|t:|1700974156\n|move|p2b: Tango|Helping Hand|p2a: Neon\n|-singleturn|p2a: Neon|Helping Hand|[of] p2b: Tango\n|move|p2a: Neon|Snipe Shot|p1b: Glimmora\n|-supereffective|p1b: Glimmora\n|-damage|p1b: Glimmora|0 fnt\n|faint|p1b: Glimmora\n|move|p1a: Arcanine|Fire Fang|p2b: Tango\n|-damage|p2b: Tango|8\/100\n|\n|upkeep\n|\n|t:|1700974167\n|switch|p1b: Ninetales|Ninetales-Alola, M|100\/100\n|-status|p1b: Ninetales|psn\n|-weather|Snow|[from] ability: Snow Warning|[of] p1b: Ninetales\n|turn|6\n|\n|t:|1700974174\n|-terastallize|p2a: Neon|Water\n|move|p2b: Tango|Helping Hand|p2a: Neon\n|-singleturn|p2a: Neon|Helping Hand|[of] p2b: Tango\n|move|p2a: Neon|Snipe Shot|p1b: Ninetales\n|-damage|p1b: Ninetales|0 fnt\n|faint|p1b: Ninetales\n|move|p1a: Arcanine|Fire Fang|p2b: Tango\n|-damage|p2b: Tango|0 fnt\n|faint|p2b: Tango\n|\n|-weather|Snow|[upkeep]\n|upkeep\n|\n|t:|1700974193\n|switch|p1b: Breloom|Breloom, F|100\/100\n|switch|p2b: Astro|Gallade, M|100\/100\n|-damage|p2b: Astro|94\/100|[from] Stealth Rock\n|-status|p1b: Breloom|psn\n|turn|7\n|\n|t:|1700974202\n|move|p2a: Neon|Snipe Shot|p1b: Breloom\n|-resisted|p1b: Breloom\n|-crit|p1b: Breloom\n|-damage|p1b: Breloom|0 fnt\n|faint|p1b: Breloom\n|move|p1a: Arcanine|Psychic Fangs|p2b: Astro\n|-damage|p2b: Astro|50\/100\n|move|p2b: Astro|Sacred Sword|p1a: Arcanine\n|-damage|p1a: Arcanine|0 fnt\n|faint|p1a: Arcanine\n|\n|-weather|Snow|[upkeep]\n|upkeep\n|-message|jctpm26 forfeited.\n|\n|win|Kuzwa\n|raw|jctpm26's rating: 1177 &rarr; <strong>1160<\/strong><br \/>(-17 for losing)\n|raw|Kuzwa's rating: 1297 &rarr; <strong>1314<\/strong><br \/>(+17 for winning)\n|l|\u2606jctpm26\n","uploadtime":1700974215,"views":6,"p1id":"jctpm26","p2id":"kuzwa","formatid":"gen9doublesou","rating":1160,"private":0,"password":""}