{"id":"gen9doublesou-1985787852","p1":"DefnotDio","p2":"Hazurrdust","format":"[Gen 9] Doubles OU","log":"|j|\u2606DefnotDio\n|j|\u2606Hazurrdust\n|t:|1699406168\n|gametype|doubles\n|player|p1|DefnotDio|101|\n|player|p2|Hazurrdust|2|\n|teamsize|p1|6\n|teamsize|p2|6\n|gen|9\n|tier|[Gen 9] Doubles OU\n|rule|Species Clause: Limit one of each Pok\u00e9mon\n|rule|OHKO Clause: OHKO moves are banned\n|rule|Evasion Moves Clause: Evasion moves are banned\n|rule|Gravity Sleep Clause: The combination of sleep-inducing moves with imperfect accuracy and Gravity or Gigantamax Orbeetle are banned\n|rule|Endless Battle Clause: Forcing endless battles is banned\n|rule|HP Percentage Mod: HP is shown in percentages\n|clearpoke\n|poke|p1|Falinks|\n|poke|p1|Oricorio-Pom-Pom, F|\n|poke|p1|Vivillon-Pokeball, M|\n|poke|p1|Pincurchin, M|\n|poke|p1|Overqwil, F|\n|poke|p1|Avalugg-Hisui, F|\n|poke|p2|Decidueye, M|\n|poke|p2|Noivern, F|\n|poke|p2|Slowking, M|\n|poke|p2|Talonflame, M|\n|poke|p2|Mudsdale, M|\n|poke|p2|Lucario, M|\n|teampreview\n|j| Shrimpking\n|c| Shrimpking|WE ARE HERE\n|\n|t:|1699406289\n|start\n|switch|p1a: Poppy|Oricorio-Pom-Pom, F, shiny|100\/100\n|switch|p1b: Poky|Vivillon-Pokeball, M|100\/100\n|switch|p2a: Alvaro|Lucario, M|100\/100\n|switch|p2b: Casey|Noivern, F|100\/100\n|turn|1\n|\n|t:|1699406347\n|move|p2b: Casey|Dragon Pulse|p1b: Poky\n|-damage|p1b: Poky|0 fnt\n|faint|p1b: Poky\n|move|p2a: Alvaro|Thunder Punch|p1a: Poppy\n|-damage|p1a: Poppy|57\/100\n|move|p1a: Poppy|Revelation Dance|p2b: Casey\n|-damage|p2b: Casey|43\/100\n|\n|-heal|p1a: Poppy|63\/100|[from] item: Leftovers\n|upkeep\n|\n|t:|1699406362\n|switch|p1b: Fugu|Overqwil, F|100\/100\n|-ability|p1b: Fugu|Intimidate|boost\n|-unboost|p2a: Alvaro|atk|1\n|-unboost|p2b: Casey|atk|1\n|turn|2\n|c| Shrimpking|FUCK\n|c|\u2606DefnotDio|huh\n|c|\u2606Hazurrdust|Wjar\n|\n|t:|1699406494\n|move|p2b: Casey|Dragon Pulse|p1b: Fugu\n|-damage|p1b: Fugu|9\/100\n|move|p2a: Alvaro|Drain Punch|p1b: Fugu\n|-damage|p1b: Fugu|0 fnt\n|faint|p1b: Fugu\n|move|p1a: Poppy|Agility|p1a: Poppy\n|-boost|p1a: Poppy|spe|2\n|\n|-heal|p1a: Poppy|70\/100|[from] item: Leftovers\n|upkeep\n|\n|t:|1699406508\n|switch|p1b: Roman|Falinks, shiny|100\/100\n|turn|3\n|\n|t:|1699406584\n|move|p1a: Poppy|Revelation Dance|p2b: Casey\n|-damage|p2b: Casey|0 fnt\n|faint|p2b: Casey\n|move|p2a: Alvaro|Thunder Punch|p1a: Poppy\n|-damage|p1a: Poppy|43\/100\n|move|p1b: Roman|No Retreat|p1b: Roman\n|-boost|p1b: Roman|atk|1\n|-boost|p1b: Roman|def|1\n|-boost|p1b: Roman|spa|1\n|-boost|p1b: Roman|spd|1\n|-boost|p1b: Roman|spe|1\n|-start|p1b: Roman|move: No Retreat\n|\n|-heal|p1a: Poppy|49\/100|[from] item: Leftovers\n|upkeep\n|\n|t:|1699406597\n|switch|p2b: Oscar Repellent|Mudsdale, M|100\/100\n|turn|4\n|\n|t:|1699406653\n|-terastallize|p1a: Poppy|Steel\n|move|p1a: Poppy|Baton Pass|p1a: Poppy\n|\n|t:|1699406656\n|switch|p1a: Alvin|Avalugg-Hisui, F|100\/100|[from] Baton Pass\n|move|p2a: Alvaro|Drain Punch|p1b: Roman\n|-damage|p1b: Roman|84\/100\n|move|p1b: Roman|Swords Dance|p1b: Roman\n|-boost|p1b: Roman|atk|2\n|move|p2b: Oscar Repellent|High Horsepower|p1a: Alvin\n|-supereffective|p1a: Alvin\n|-damage|p1a: Alvin|68\/100\n|-damage|p2b: Oscar Repellent|84\/100|[from] item: Rocky Helmet|[of] p1a: Alvin\n|\n|-heal|p1b: Roman|90\/100|[from] item: Leftovers\n|upkeep\n|turn|5\n|\n|t:|1699406692\n|move|p2a: Alvaro|Bullet Punch|p1a: Alvin\n|-supereffective|p1a: Alvin\n|-damage|p1a: Alvin|44\/100\n|move|p1b: Roman|Trailblaze|p2b: Oscar Repellent\n|-supereffective|p2b: Oscar Repellent\n|-damage|p2b: Oscar Repellent|14\/100\n|-boost|p1b: Roman|spe|1\n|-damage|p1b: Roman|74\/100|[from] item: Rocky Helmet|[of] p2b: Oscar Repellent\n|-ability|p2b: Oscar Repellent|Stamina|boost\n|-boost|p2b: Oscar Repellent|def|1\n|move|p1a: Alvin|Snowscape|p1a: Alvin\n|-weather|Snow\n|move|p2b: Oscar Repellent|Iron Defense|p2b: Oscar Repellent\n|-boost|p2b: Oscar Repellent|def|2\n|\n|-weather|Snow|[upkeep]\n|-heal|p1a: Alvin|50\/100|[from] ability: Ice Body\n|-heal|p1b: Roman|80\/100|[from] item: Leftovers\n|upkeep\n|turn|6\n|\n|t:|1699406725\n|move|p2a: Alvaro|Bullet Punch|p1a: Alvin\n|-supereffective|p1a: Alvin\n|-crit|p1a: Alvin\n|-damage|p1a: Alvin|15\/100\n|move|p1b: Roman|Swords Dance|p1b: Roman\n|-boost|p1b: Roman|atk|2\n|move|p1a: Alvin|Aurora Veil|p1a: Alvin\n|-sidestart|p1: DefnotDio|move: Aurora Veil\n|move|p2b: Oscar Repellent|Endeavor|p1b: Roman\n|-damage|p1b: Roman|16\/100\n|\n|-weather|Snow|[upkeep]\n|-heal|p1a: Alvin|21\/100|[from] ability: Ice Body\n|-heal|p1b: Roman|22\/100|[from] item: Leftovers\n|upkeep\n|turn|7\n|\n|t:|1699406751\n|move|p2a: Alvaro|Bullet Punch|p1a: Alvin\n|-supereffective|p1a: Alvin\n|-damage|p1a: Alvin|10\/100\n|move|p1b: Roman|Trailblaze|p2b: Oscar Repellent\n|-supereffective|p2b: Oscar Repellent\n|-damage|p2b: Oscar Repellent|0 fnt\n|-boost|p1b: Roman|spe|1\n|-damage|p1b: Roman|6\/100|[from] item: Rocky Helmet|[of] p2b: Oscar Repellent\n|faint|p2b: Oscar Repellent\n|move|p1a: Alvin|Body Press|p2a: Alvaro\n|-supereffective|p2a: Alvaro\n|-damage|p2a: Alvaro|0 fnt\n|faint|p2a: Alvaro\n|\n|-weather|Snow|[upkeep]\n|-heal|p1a: Alvin|16\/100|[from] ability: Ice Body\n|-heal|p1b: Roman|12\/100|[from] item: Leftovers\n|upkeep\n|\n|t:|1699406805\n|switch|p2a: Kilogree|Talonflame, M|100\/100\n|switch|p2b: Wilfred|Slowking, M|100\/100\n|turn|8\n|\n|t:|1699406832\n|move|p2a: Kilogree|Tailwind|p2a: Kilogree\n|-sidestart|p2: Hazurrdust|move: Tailwind\n|move|p1b: Roman|Trailblaze|p2b: Wilfred\n|-supereffective|p2b: Wilfred\n|-damage|p2b: Wilfred|25\/100\n|-boost|p1b: Roman|spe|1\n|-damage|p1b: Roman|0 fnt|[from] item: Rocky Helmet|[of] p2b: Wilfred\n|faint|p1b: Roman\n|move|p1a: Alvin|Tera Blast|p2a: Kilogree\n|-damage|p2a: Kilogree|90\/100\n|move|p2b: Wilfred|Psyshock|p1a: Alvin\n|-damage|p1a: Alvin|12\/100\n|\n|-weather|Snow|[upkeep]\n|-heal|p1a: Alvin|18\/100|[from] ability: Ice Body\n|-heal|p2a: Kilogree|96\/100|[from] item: Leftovers\n|upkeep\n|\n|t:|1699406849\n|switch|p1b: Poccy|Pincurchin, M|100\/100\n|-fieldstart|move: Electric Terrain|[from] ability: Electric Surge|[of] p1b: Poccy\n|turn|9\n|\n|t:|1699406887\n|move|p2a: Kilogree|Taunt|p1b: Poccy\n|-start|p1b: Poccy|move: Taunt\n|move|p1a: Alvin|Body Press|p2b: Wilfred\n|-resisted|p2b: Wilfred\n|-damage|p2b: Wilfred|10\/100\n|-damage|p1a: Alvin|1\/100|[from] item: Rocky Helmet|[of] p2b: Wilfred\n|move|p2b: Wilfred|Chilly Reception|p2b: Wilfred\n|\n|t:|1699406896\n|switch|p2b: Tenishi|Decidueye, M, shiny|100\/100|[from] Chilly Reception\n|move|p1b: Poccy|Zing Zap|p2a: Kilogree\n|-supereffective|p2a: Kilogree\n|-damage|p2a: Kilogree|11\/100\n|\n|-weather|none\n|-heal|p2a: Kilogree|17\/100|[from] item: Leftovers\n|upkeep\n|turn|10\n|\n|t:|1699406928\n|move|p2a: Kilogree|Brave Bird|p1b: Poccy\n|-resisted|p1b: Poccy\n|-damage|p1b: Poccy|86\/100\n|-damage|p2a: Kilogree|14\/100|[from] Recoil\n|move|p2b: Tenishi|Leaf Blade|p1a: Alvin\n|-supereffective|p1a: Alvin\n|-damage|p1a: Alvin|0 fnt\n|-damage|p2b: Tenishi|84\/100|[from] item: Rocky Helmet|[of] p1a: Alvin\n|faint|p1a: Alvin\n|-heal|p2b: Tenishi|84\/100|[from] item: Shell Bell|[of] p1: Alvin\n|move|p1b: Poccy|Zing Zap|p2a: Kilogree\n|-supereffective|p2a: Kilogree\n|-damage|p2a: Kilogree|0 fnt\n|faint|p2a: Kilogree\n|\n|-sideend|p1: DefnotDio|move: Aurora Veil\n|upkeep\n|\n|t:|1699406944\n|switch|p2a: Wilfred|Slowking, M|44\/100\n|switch|p1a: Poppy|Oricorio-Pom-Pom, F, shiny, tera:Steel|49\/100\n|turn|11\n|\n|t:|1699407048\n|move|p2b: Tenishi|Leaf Blade|p1b: Poccy\n|-damage|p1b: Poccy|34\/100\n|-heal|p2b: Tenishi|88\/100|[from] item: Shell Bell|[of] p1b: Poccy\n|move|p1a: Poppy|Revelation Dance|p2b: Tenishi\n|-damage|p2b: Tenishi|47\/100\n|move|p2a: Wilfred|Psyshock|p1b: Poccy\n|-crit|p1b: Poccy\n|-damage|p1b: Poccy|0 fnt\n|faint|p1b: Poccy\n|\n|-heal|p1a: Poppy|55\/100|[from] item: Leftovers\n|-sideend|p2: Hazurrdust|move: Tailwind\n|upkeep\n|turn|12\n|\n|t:|1699407124\n|-terastallize|p2a: Wilfred|Water\n|move|p1a: Poppy|Revelation Dance|p2b: Tenishi\n|-damage|p2b: Tenishi|4\/100\n|move|p2b: Tenishi|Leaf Blade|p1a: Poppy\n|-resisted|p1a: Poppy\n|-damage|p1a: Poppy|0 fnt\n|faint|p1a: Poppy\n|-heal|p2b: Tenishi|9\/100|[from] item: Shell Bell|[of] p1: Poppy\n|\n|win|Hazurrdust\n|l|\u2606DefnotDio\n","uploadtime":1699407146,"views":13,"p1id":"defnotdio","p2id":"hazurrdust","formatid":"gen9doublesou","rating":0,"private":0,"password":""}