{"id":"gen9doublesou-1992264225","p1":"mikachu83983","p2":"ghrill","format":"[Gen 9] Doubles OU","log":"|j|\u2606mikachu83983\n|j|\u2606ghrill\n|t:|1700168959\n|gametype|doubles\n|player|p1|mikachu83983|265|1392\n|player|p2|ghrill|preschooler|1523\n|teamsize|p1|6\n|teamsize|p2|6\n|gen|9\n|tier|[Gen 9] Doubles OU\n|rated|\n|rule|Species Clause: Limit one of each Pok\u00e9mon\n|rule|OHKO Clause: OHKO moves are banned\n|rule|Evasion Moves Clause: Evasion moves are banned\n|rule|Gravity Sleep Clause: The combination of sleep-inducing moves with imperfect accuracy and Gravity or Gigantamax Orbeetle are banned\n|rule|Endless Battle Clause: Forcing endless battles is banned\n|rule|HP Percentage Mod: HP is shown in percentages\n|clearpoke\n|poke|p1|Walking Wake|\n|poke|p1|Basculegion-F, F|\n|poke|p1|Tornadus, M|\n|poke|p1|Roaring Moon|\n|poke|p1|Pelipper, F|\n|poke|p1|Sinistcha|\n|poke|p2|Ninetales-Alola, M|\n|poke|p2|Sandslash-Alola, M|\n|poke|p2|Froslass, F|\n|poke|p2|Kommo-o, F|\n|poke|p2|Mienshao, F|\n|poke|p2|Heracross, F|\n|teampreview\n|\n|t:|1700168979\n|start\n|switch|p1a: Archaic Wetness|Walking Wake|100\/100\n|switch|p1b: RainPainPelican|Pelipper, F, shiny|100\/100\n|switch|p2a: Mienshao|Mienshao, F|100\/100\n|switch|p2b: Ninetales|Ninetales-Alola, M|100\/100\n|-weather|Snow|[from] ability: Snow Warning|[of] p2b: Ninetales\n|-weather|RainDance|[from] ability: Drizzle|[of] p1b: RainPainPelican\n|turn|1\n|\n|t:|1700169013\n|-terastallize|p1a: Archaic Wetness|Water\n|move|p2a: Mienshao|Fake Out|p1a: Archaic Wetness\n|-damage|p1a: Archaic Wetness|84\/100\n|-damage|p2a: Mienshao|91\/100|[from] item: Life Orb\n|move|p2b: Ninetales|Freeze-Dry|p1b: RainPainPelican\n|-supereffective|p1b: RainPainPelican\n|-damage|p1b: RainPainPelican|20\/100\n|-status|p1b: RainPainPelican|frz\n|cant|p1a: Archaic Wetness|flinch\n|-curestatus|p1b: RainPainPelican|frz|[msg]\n|move|p1b: RainPainPelican|Tailwind|p1b: RainPainPelican\n|-sidestart|p1: mikachu83983|move: Tailwind\n|\n|-weather|RainDance|[upkeep]\n|upkeep\n|turn|2\n|\n|t:|1700169060\n|switch|p2b: Froslass|Froslass, F|100\/100\n|move|p1b: RainPainPelican|Helping Hand|p1a: Archaic Wetness\n|-singleturn|p1a: Archaic Wetness|Helping Hand|[of] p1b: RainPainPelican\n|move|p1a: Archaic Wetness|Surf|p2a: Mienshao|[spread] p1b,p2a,p2b\n|-resisted|p1b: RainPainPelican\n|-damage|p1b: RainPainPelican|0 fnt\n|-damage|p2a: Mienshao|0 fnt\n|-enditem|p2b: Froslass|Focus Sash\n|-damage|p2b: Froslass|1\/100\n|faint|p1b: RainPainPelican\n|faint|p2a: Mienshao\n|\n|-weather|RainDance|[upkeep]\n|upkeep\n|inactive|Battle timer is ON: inactive players will automatically lose when time's up. (requested by ghrill)\n|\n|t:|1700169082\n|switch|p2a: Kommo-o|Kommo-o, F|100\/100\n|switch|p1b: Greeeeeeeeeeeeeeen|Sinistcha|100\/100\n|-heal|p1a: Archaic Wetness|100\/100|[from] ability: Hospitality|[of] p1b: Greeeeeeeeeeeeeeen\n|turn|3\n|inactive|ghrill has 120 seconds left.\n|\n|t:|1700169122\n|move|p1a: Archaic Wetness|Surf|p2a: Kommo-o|[spread] p1b,p2a,p2b\n|-resisted|p1b: Greeeeeeeeeeeeeeen\n|-resisted|p2a: Kommo-o\n|-damage|p1b: Greeeeeeeeeeeeeeen|50\/100\n|-damage|p2a: Kommo-o|46\/100\n|-damage|p2b: Froslass|0 fnt\n|-start|p1a: Archaic Wetness|Disable|Surf|[from] ability: Cursed Body|[of] p2b: Froslass\n|faint|p2b: Froslass\n|move|p1b: Greeeeeeeeeeeeeeen|Matcha Gotcha|p2a: Kommo-o\n|-resisted|p2a: Kommo-o\n|-damage|p2a: Kommo-o|25\/100\n|-heal|p1b: Greeeeeeeeeeeeeeen|60\/100|[from] drain|[of] p2a: Kommo-o\n|move|p2a: Kommo-o|Clangorous Soul||[still]\n|-fail|p2a: Kommo-o\n|\n|-weather|RainDance|[upkeep]\n|-heal|p1b: Greeeeeeeeeeeeeeen|67\/100|[from] item: Leftovers\n|upkeep\n|\n|t:|1700169136\n|switch|p2b: Ninetales|Ninetales-Alola, M|100\/100\n|-weather|Snow|[from] ability: Snow Warning|[of] p2b: Ninetales\n|turn|4\n|inactive|mikachu83983 has 120 seconds left.\n|\n|t:|1700169173\n|-end|p1a: Archaic Wetness|Protosynthesis|[silent]\n|switch|p1a: PrimalPredator|Roaring Moon|100\/100\n|-enditem|p1a: PrimalPredator|Booster Energy\n|-activate|p1a: PrimalPredator|ability: Protosynthesis|[fromitem]\n|-start|p1a: PrimalPredator|protosynthesisatk\n|move|p1b: Greeeeeeeeeeeeeeen|Rage Powder|p1b: Greeeeeeeeeeeeeeen\n|-singleturn|p1b: Greeeeeeeeeeeeeeen|move: Rage Powder\n|move|p2b: Ninetales|Aurora Veil|p2b: Ninetales\n|-sidestart|p2: ghrill|move: Aurora Veil\n|move|p2a: Kommo-o|Clanging Scales|p1a: PrimalPredator|[spread] p1a,p1b\n|-supereffective|p1a: PrimalPredator\n|-damage|p1a: PrimalPredator|30\/100\n|-damage|p1b: Greeeeeeeeeeeeeeen|25\/100\n|-unboost|p2a: Kommo-o|def|1\n|-enditem|p2a: Kommo-o|Throat Spray\n|-boost|p2a: Kommo-o|spa|1|[from] item: Throat Spray\n|\n|-weather|Snow|[upkeep]\n|-heal|p1b: Greeeeeeeeeeeeeeen|32\/100|[from] item: Leftovers\n|-sideend|p1: mikachu83983|move: Tailwind\n|upkeep\n|turn|5\n|inactive|mikachu83983 has 120 seconds left.\n|\n|t:|1700169221\n|move|p2b: Ninetales|Dazzling Gleam|p1a: PrimalPredator|[spread] p1a,p1b\n|-supereffective|p1a: PrimalPredator\n|-damage|p1a: PrimalPredator|0 fnt\n|-damage|p1b: Greeeeeeeeeeeeeeen|15\/100\n|faint|p1a: PrimalPredator\n|-end|p1a: PrimalPredator|Protosynthesis|[silent]\n|move|p2a: Kommo-o|Clanging Scales|p1b: Greeeeeeeeeeeeeeen\n|-damage|p1b: Greeeeeeeeeeeeeeen|0 fnt\n|faint|p1b: Greeeeeeeeeeeeeeen\n|-unboost|p2a: Kommo-o|def|1\n|\n|-weather|Snow|[upkeep]\n|upkeep\n|inactive|mikachu83983 has 90 seconds left.\n|\n|t:|1700169234\n|switch|p1a: WindFromRearEnd|Tornadus, M|100\/100\n|switch|p1b: Gravity's A Killer|Basculegion-F, F|100\/100\n|turn|6\n|\n|t:|1700169257\n|move|p1a: WindFromRearEnd|Tailwind|p1a: WindFromRearEnd\n|-sidestart|p1: mikachu83983|move: Tailwind\n|move|p1b: Gravity's A Killer|Last Respects|p2b: Ninetales\n|-crit|p2b: Ninetales\n|-damage|p2b: Ninetales|0 fnt\n|faint|p2b: Ninetales\n|move|p2a: Kommo-o|Clanging Scales|p1a: WindFromRearEnd|[spread] p1a,p1b\n|-damage|p1a: WindFromRearEnd|41\/100\n|-damage|p1b: Gravity's A Killer|35\/100\n|-unboost|p2a: Kommo-o|def|1\n|\n|-weather|Snow|[upkeep]\n|upkeep\n|\n|t:|1700169263\n|switch|p2b: Sandslash|Sandslash-Alola, M|100\/100\n|turn|7\n|inactive|mikachu83983 has 120 seconds left.\n|\n|t:|1700169282\n|move|p1a: WindFromRearEnd|Sludge Bomb|p2a: Kommo-o\n|-immune|p2a: Kommo-o|[from] ability: Bulletproof\n|move|p2b: Sandslash|Rock Slide|p1b: Gravity's A Killer|[spread] p1a,p1b\n|-supereffective|p1a: WindFromRearEnd\n|-damage|p1a: WindFromRearEnd|0 fnt\n|-damage|p1b: Gravity's A Killer|10\/100\n|faint|p1a: WindFromRearEnd\n|move|p1b: Gravity's A Killer|Last Respects|p2b: Sandslash\n|-damage|p2b: Sandslash|22\/100\n|move|p2a: Kommo-o|Clanging Scales|p1b: Gravity's A Killer\n|-damage|p1b: Gravity's A Killer|0 fnt\n|faint|p1b: Gravity's A Killer\n|-unboost|p2a: Kommo-o|def|1\n|\n|-weather|Snow|[upkeep]\n|upkeep\n|\n|t:|1700169300\n|switch|p1b: Archaic Wetness|Walking Wake, tera:Water|100\/100\n|turn|8\n|inactive|mikachu83983 has 120 seconds left.\n|\n|t:|1700169322\n|move|p1b: Archaic Wetness|Surf|p2a: Kommo-o|[spread] p2a,p2b\n|-resisted|p2a: Kommo-o\n|-damage|p2a: Kommo-o|0 fnt\n|-damage|p2b: Sandslash|0 fnt\n|faint|p2a: Kommo-o\n|faint|p2b: Sandslash\n|\n|-weather|none\n|upkeep\n|\n|t:|1700169325\n|switch|p2b: Heracross|Heracross, F|100\/100\n|turn|9\n|\n|t:|1700169331\n|move|p2b: Heracross|Protect|p2b: Heracross\n|-singleturn|p2b: Heracross|Protect\n|move|p1b: Archaic Wetness|Surf|p2b: Heracross\n|-activate|p2b: Heracross|move: Protect\n|\n|-sideend|p1: mikachu83983|move: Tailwind\n|-status|p2b: Heracross|brn|[from] item: Flame Orb\n|upkeep\n|turn|10\n|\n|t:|1700169339\n|move|p1b: Archaic Wetness|Surf|p2b: Heracross\n|-damage|p2b: Heracross|39\/100 brn\n|move|p2b: Heracross|Trailblaze|p1b: Archaic Wetness\n|-supereffective|p1b: Archaic Wetness\n|-damage|p1b: Archaic Wetness|44\/100\n|-boost|p2b: Heracross|spe|1\n|\n|-damage|p2b: Heracross|33\/100 brn|[from] brn\n|upkeep\n|turn|11\n|\n|t:|1700169351\n|move|p2b: Heracross|Protect|p2b: Heracross\n|-singleturn|p2b: Heracross|Protect\n|move|p1b: Archaic Wetness|Surf|p2b: Heracross\n|-activate|p2b: Heracross|move: Protect\n|\n|-damage|p2b: Heracross|27\/100 brn|[from] brn\n|-sideend|p2: ghrill|move: Aurora Veil\n|upkeep\n|turn|12\n|\n|t:|1700169359\n|move|p2b: Heracross|Trailblaze|p1b: Archaic Wetness\n|-supereffective|p1b: Archaic Wetness\n|-damage|p1b: Archaic Wetness|0 fnt\n|-boost|p2b: Heracross|spe|1\n|faint|p1b: Archaic Wetness\n|-end|p1b: Archaic Wetness|Protosynthesis|[silent]\n|\n|win|ghrill\n|raw|mikachu83983's rating: 1392 &rarr; <strong>1379<\/strong><br \/>(-13 for losing)\n|raw|ghrill's rating: 1523 &rarr; <strong>1536<\/strong><br \/>(+13 for winning)\n","uploadtime":1700169365,"views":35,"p1id":"mikachu83983","p2id":"ghrill","formatid":"gen9doublesou","rating":1379,"private":0,"password":""}