{"id":"gen9doublesou-1975049968","p1":"ChimeBliss","p2":"e.daniel3","format":"[Gen 9] Doubles OU","log":"|j|\u2606ChimeBliss\n|j|\u2606e.daniel3\n|t:|1698157961\n|gametype|doubles\n|player|p1|ChimeBliss|dawn-gen4pt|1429\n|player|p2|e.daniel3|alder|1510\n|teamsize|p1|6\n|teamsize|p2|6\n|gen|9\n|tier|[Gen 9] Doubles OU\n|rated|\n|rule|Species Clause: Limit one of each Pok\u00e9mon\n|rule|OHKO Clause: OHKO moves are banned\n|rule|Evasion Moves Clause: Evasion moves are banned\n|rule|Gravity Sleep Clause: The combination of sleep-inducing moves with imperfect accuracy and Gravity or Gigantamax Orbeetle are banned\n|rule|Endless Battle Clause: Forcing endless battles is banned\n|rule|HP Percentage Mod: HP is shown in percentages\n|clearpoke\n|poke|p1|Chien-Pao|\n|poke|p1|Tornadus, M|\n|poke|p1|Dragonite, F|\n|poke|p1|Chi-Yu|\n|poke|p1|Flutter Mane|\n|poke|p1|Landorus, M|\n|poke|p2|Ursaluna-Bloodmoon, M|\n|poke|p2|Farigiraf, M|\n|poke|p2|Kingambit, F|\n|poke|p2|Amoonguss, F|\n|poke|p2|Diancie|\n|poke|p2|Indeedee-F, F|\n|teampreview\n|inactive|Battle timer is ON: inactive players will automatically lose when time's up. (requested by ChimeBliss)\n|inactive|ChimeBliss has 120 seconds left.\n|\n|t:|1698157993\n|start\n|switch|p1a: Chi-Yu|Chi-Yu|100\/100\n|switch|p1b: Dragonite|Dragonite, F, shiny|100\/100\n|switch|p2a: Farigiraf|Farigiraf, M|100\/100\n|switch|p2b: Indeedee|Indeedee-F, F|100\/100\n|-ability|p1a: Chi-Yu|Beads of Ruin\n|-fieldstart|move: Psychic Terrain|[from] ability: Psychic Surge|[of] p2b: Indeedee\n|turn|1\n|inactive|ChimeBliss has 120 seconds left.\n|\n|t:|1698158026\n|move|p2b: Indeedee|Follow Me|p2b: Indeedee\n|-singleturn|p2b: Indeedee|move: Follow Me\n|move|p1a: Chi-Yu|Dark Pulse|p2b: Indeedee\n|-supereffective|p2b: Indeedee\n|-damage|p2b: Indeedee|10\/100\n|move|p1b: Dragonite|Iron Head|p2b: Indeedee\n|-damage|p2b: Indeedee|0 fnt\n|faint|p2b: Indeedee\n|move|p2a: Farigiraf|Trick Room|p2a: Farigiraf\n|-fieldstart|move: Trick Room|[of] p2a: Farigiraf\n|\n|upkeep\n|\n|t:|1698158043\n|switch|p2b: Amoonguss|Amoonguss, F|100\/100\n|turn|2\n|\n|t:|1698158065\n|move|p2b: Amoonguss|Spore|p1a: Chi-Yu\n|-status|p1a: Chi-Yu|slp|[from] move: Spore\n|move|p2a: Farigiraf|Hyper Voice|p1b: Dragonite|[spread] p1a,p1b\n|-crit|p1a: Chi-Yu\n|-damage|p1a: Chi-Yu|40\/100 slp\n|-damage|p1b: Dragonite|58\/100\n|move|p1b: Dragonite|Iron Head|p2a: Farigiraf\n|-damage|p2a: Farigiraf|48\/100\n|cant|p1a: Chi-Yu|slp\n|\n|-heal|p2a: Farigiraf|55\/100|[from] item: Leftovers\n|upkeep\n|turn|3\n|\n|t:|1698158075\n|move|p2b: Amoonguss|Foul Play|p1b: Dragonite\n|-damage|p1b: Dragonite|22\/100\n|move|p2a: Farigiraf|Hyper Voice|p1a: Chi-Yu|[spread] p1a,p1b\n|-damage|p1a: Chi-Yu|0 fnt\n|-damage|p1b: Dragonite|0 fnt\n|faint|p1a: Chi-Yu\n|faint|p1b: Dragonite\n|\n|-heal|p2a: Farigiraf|61\/100|[from] item: Leftovers\n|upkeep\n|\n|t:|1698158100\n|switch|p1b: Landorus|Landorus, M|100\/100\n|switch|p1a: Tornadus|Tornadus, M|100\/100\n|turn|4\n|\n|t:|1698158112\n|move|p1b: Landorus|Protect|p1b: Landorus\n|-singleturn|p1b: Landorus|Protect\n|move|p1a: Tornadus|Taunt||[still]\n|cant|p2a: Farigiraf|ability: Armor Tail|Taunt|[of] p1a: Tornadus\n|move|p2b: Amoonguss|Spore|p1b: Landorus\n|-activate|p1b: Landorus|move: Protect\n|move|p2a: Farigiraf|Hyper Voice|p1b: Landorus|[spread] p1a\n|-activate|p1b: Landorus|move: Protect\n|-damage|p1a: Tornadus|53\/100\n|\n|-heal|p2a: Farigiraf|67\/100|[from] item: Leftovers\n|upkeep\n|turn|5\n|\n|t:|1698158119\n|move|p1a: Tornadus|Protect|p1a: Tornadus\n|-singleturn|p1a: Tornadus|Protect\n|move|p2b: Amoonguss|Spore|p1b: Landorus\n|-status|p1b: Landorus|slp|[from] move: Spore\n|move|p2a: Farigiraf|Hyper Voice|p1b: Landorus|[spread] p1b\n|-activate|p1a: Tornadus|move: Protect\n|-damage|p1b: Landorus|58\/100 slp\n|cant|p1b: Landorus|slp\n|\n|-heal|p2a: Farigiraf|73\/100|[from] item: Leftovers\n|-fieldend|move: Trick Room\n|-fieldend|move: Psychic Terrain\n|upkeep\n|turn|6\n|\n|t:|1698158136\n|move|p2b: Amoonguss|Rage Powder|p2b: Amoonguss\n|-singleturn|p2b: Amoonguss|move: Rage Powder\n|move|p1a: Tornadus|Bleakwind Storm|p2a: Farigiraf|[spread] p2a,p2b\n|-supereffective|p2b: Amoonguss\n|-damage|p2a: Farigiraf|36\/100\n|-damage|p2b: Amoonguss|42\/100\n|-unboost|p2b: Amoonguss|spe|1\n|cant|p1b: Landorus|slp\n|move|p2a: Farigiraf|Trick Room|p2a: Farigiraf\n|-fieldstart|move: Trick Room|[of] p2a: Farigiraf\n|\n|-heal|p2a: Farigiraf|42\/100|[from] item: Leftovers\n|upkeep\n|turn|7\n|\n|t:|1698158151\n|move|p1a: Tornadus|Protect|p1a: Tornadus\n|-singleturn|p1a: Tornadus|Protect\n|move|p2b: Amoonguss|Spore|p1a: Tornadus\n|-activate|p1a: Tornadus|move: Protect\n|move|p2a: Farigiraf|Hyper Voice|p1a: Tornadus|[spread] p1b\n|-activate|p1a: Tornadus|move: Protect\n|-damage|p1b: Landorus|11\/100 slp\n|-curestatus|p1b: Landorus|slp|[msg]\n|move|p1b: Landorus|Earth Power|p2a: Farigiraf\n|-damage|p2a: Farigiraf|0 fnt\n|faint|p2a: Farigiraf\n|\n|upkeep\n|\n|t:|1698158162\n|switch|p2a: Diancie|Diancie|100\/100\n|turn|8\n|\n|t:|1698158171\n|move|p1b: Landorus|Protect|p1b: Landorus\n|-singleturn|p1b: Landorus|Protect\n|move|p1a: Tornadus|Taunt|p2b: Amoonguss\n|-start|p2b: Amoonguss|move: Taunt\n|cant|p2b: Amoonguss|move: Taunt|Spore\n|move|p2a: Diancie|Diamond Storm|p1a: Tornadus|[spread] p1a\n|-activate|p1b: Landorus|move: Protect\n|-supereffective|p1a: Tornadus\n|-damage|p1a: Tornadus|0 fnt\n|faint|p1a: Tornadus\n|\n|upkeep\n|\n|t:|1698158175\n|switch|p1a: Chien-Pao|Chien-Pao|100\/100\n|-ability|p1a: Chien-Pao|Sword of Ruin\n|turn|9\n|\n|t:|1698158187\n|move|p1b: Landorus|Protect||[still]\n|-fail|p1b: Landorus\n|move|p1a: Chien-Pao|Protect|p1a: Chien-Pao\n|-singleturn|p1a: Chien-Pao|Protect\n|move|p2b: Amoonguss|Foul Play|p1b: Landorus\n|-damage|p1b: Landorus|0 fnt\n|faint|p1b: Landorus\n|move|p2a: Diancie|Body Press|p1a: Chien-Pao\n|-activate|p1a: Chien-Pao|move: Protect\n|\n|upkeep\n|\n|t:|1698158189\n|switch|p1b: Flutter Mane|Flutter Mane|100\/100\n|turn|10\n|\n|t:|1698158199\n|move|p2b: Amoonguss|Foul Play|p1b: Flutter Mane\n|-damage|p1b: Flutter Mane|74\/100\n|move|p2a: Diancie|Body Press|p1a: Chien-Pao\n|-supereffective|p1a: Chien-Pao\n|-enditem|p1a: Chien-Pao|Focus Sash\n|-damage|p1a: Chien-Pao|1\/100\n|move|p1b: Flutter Mane|Moonblast|p2a: Diancie\n|-damage|p2a: Diancie|38\/100\n|move|p1a: Chien-Pao|Ice Spinner|p2b: Amoonguss\n|-supereffective|p2b: Amoonguss\n|-crit|p2b: Amoonguss\n|-damage|p2b: Amoonguss|0 fnt\n|-damage|p1a: Chien-Pao|0 fnt|[from] item: Rocky Helmet|[of] p2b: Amoonguss\n|faint|p2b: Amoonguss\n|faint|p1a: Chien-Pao\n|\n|-heal|p2a: Diancie|44\/100|[from] item: Leftovers\n|-fieldend|move: Trick Room\n|upkeep\n|\n|t:|1698158208\n|switch|p2b: Ursaluna|Ursaluna-Bloodmoon, M|100\/100\n|turn|11\n|-message|ChimeBliss forfeited.\n|\n|win|e.daniel3\n|raw|ChimeBliss's rating: 1429 &rarr; <strong>1414<\/strong><br \/>(-15 for losing)\n|raw|e.daniel3's rating: 1510 &rarr; <strong>1525<\/strong><br \/>(+15 for winning)\n","uploadtime":1698158213,"views":10,"p1id":"chimebliss","p2id":"edaniel3","formatid":"gen9doublesou","rating":1414,"private":0,"password":""}