{"id":"gen9doublesou-1969833747","p1":"Denvah_17","p2":"tropiusgg","format":"[Gen 9] Doubles OU","log":"|j|\u2606Denvah_17\n|j|\u2606tropiusgg\n|t:|1697568900\n|gametype|doubles\n|player|p1|Denvah_17|alder|1375\n|player|p2|tropiusgg|102|1467\n|teamsize|p1|6\n|teamsize|p2|6\n|gen|9\n|tier|[Gen 9] Doubles OU\n|rated|\n|rule|Species Clause: Limit one of each Pok\u00e9mon\n|rule|OHKO Clause: OHKO moves are banned\n|rule|Evasion Moves Clause: Evasion moves are banned\n|rule|Gravity Sleep Clause: The combination of sleep-inducing moves with imperfect accuracy and Gravity or Gigantamax Orbeetle are banned\n|rule|Endless Battle Clause: Forcing endless battles is banned\n|rule|HP Percentage Mod: HP is shown in percentages\n|clearpoke\n|poke|p1|Sinistcha-Masterpiece|\n|poke|p1|Enamorus, F|\n|poke|p1|Diancie|\n|poke|p1|Okidogi, M|\n|poke|p1|Ursaluna-Bloodmoon, M|\n|poke|p1|Volcanion|\n|poke|p2|Tyranitar, F|\n|poke|p2|Houndstone, F|\n|poke|p2|Tornadus, M|\n|poke|p2|Landorus-Therian, M|\n|poke|p2|Rillaboom, F|\n|poke|p2|Hatterene, F|\n|teampreview\n|inactive|Battle timer is ON: inactive players will automatically lose when time's up. (requested by tropiusgg)\n|inactive|tropiusgg has 120 seconds left.\n|\n|t:|1697568934\n|start\n|switch|p1a: Rihanna|Diancie, shiny|100\/100\n|switch|p1b: Grass Latte|Sinistcha-Masterpiece|100\/100\n|switch|p2a: Hatterene|Hatterene, F|100\/100\n|switch|p2b: Tyranitar|Tyranitar, F|100\/100\n|-weather|Sandstorm|[from] ability: Sand Stream|[of] p2b: Tyranitar\n|turn|1\n|\n|t:|1697568956\n|move|p2b: Tyranitar|Iron Head|p1a: Rihanna\n|-supereffective|p1a: Rihanna\n|-damage|p1a: Rihanna|20\/100\n|-enditem|p1a: Rihanna|Weakness Policy\n|-boost|p1a: Rihanna|atk|2|[from] item: Weakness Policy\n|-boost|p1a: Rihanna|spa|2|[from] item: Weakness Policy\n|move|p1b: Grass Latte|Calm Mind|p1b: Grass Latte\n|-boost|p1b: Grass Latte|spa|1\n|-boost|p1b: Grass Latte|spd|1\n|move|p2a: Hatterene|Mystical Fire|p1b: Grass Latte\n|-supereffective|p1b: Grass Latte\n|-damage|p1b: Grass Latte|78\/100\n|-unboost|p1b: Grass Latte|spa|1\n|-enditem|p1b: Grass Latte|Weakness Policy\n|-boost|p1b: Grass Latte|atk|2|[from] item: Weakness Policy\n|-boost|p1b: Grass Latte|spa|2|[from] item: Weakness Policy\n|move|p1a: Rihanna|Trick Room|p1a: Rihanna\n|-fieldstart|move: Trick Room|[of] p1a: Rihanna\n|\n|-weather|Sandstorm|[upkeep]\n|-damage|p2a: Hatterene|95\/100|[from] Sandstorm\n|-damage|p1b: Grass Latte|72\/100|[from] Sandstorm\n|upkeep\n|turn|2\n|inactive|tropiusgg has 120 seconds left.\n|\n|t:|1697568999\n|-terastallize|p1b: Grass Latte|Grass\n|move|p1a: Rihanna|Diamond Storm|p2a: Hatterene|[spread] p2a,p2b\n|-damage|p2a: Hatterene|27\/100\n|-damage|p2b: Tyranitar|55\/100\n|-boost|p1a: Rihanna|def|2\n|-enditem|p2a: Hatterene|Sitrus Berry|[eat]\n|-heal|p2a: Hatterene|52\/100|[from] item: Sitrus Berry\n|move|p1b: Grass Latte|Matcha Gotcha|p2b: Tyranitar|[spread] p2b\n|-miss|p1b: Grass Latte|p2a: Hatterene\n|-supereffective|p2b: Tyranitar\n|-damage|p2b: Tyranitar|0 fnt\n|-heal|p1b: Grass Latte|100\/100|[from] drain|[of] p2b: Tyranitar\n|faint|p2b: Tyranitar\n|move|p2a: Hatterene|Trick Room|p2a: Hatterene\n|-fieldend|move: Trick Room\n|\n|-weather|Sandstorm|[upkeep]\n|-damage|p1b: Grass Latte|94\/100|[from] Sandstorm\n|-damage|p2a: Hatterene|46\/100|[from] Sandstorm\n|upkeep\n|inactive|tropiusgg has 90 seconds left.\n|\n|t:|1697569026\n|switch|p2b: Tornadus|Tornadus, M|100\/100\n|turn|3\n|\n|t:|1697569046\n|move|p2b: Tornadus|Heat Wave|p1b: Grass Latte|[spread] p1a,p1b\n|-resisted|p1a: Rihanna\n|-supereffective|p1b: Grass Latte\n|-damage|p1a: Rihanna|14\/100\n|-damage|p1b: Grass Latte|76\/100\n|move|p1b: Grass Latte|Matcha Gotcha|p2a: Hatterene|[spread] p2a,p2b\n|-resisted|p2b: Tornadus\n|-damage|p2a: Hatterene|0 fnt\n|-heal|p1b: Grass Latte|100\/100|[from] drain|[of] p2a: Hatterene\n|-damage|p2b: Tornadus|58\/100\n|faint|p2a: Hatterene\n|move|p1a: Rihanna|Diamond Storm|p2b: Tornadus\n|-supereffective|p2b: Tornadus\n|-damage|p2b: Tornadus|0 fnt\n|-boost|p1a: Rihanna|def|2\n|faint|p2b: Tornadus\n|\n|-weather|Sandstorm|[upkeep]\n|-damage|p1b: Grass Latte|94\/100|[from] Sandstorm\n|upkeep\n|inactive|tropiusgg has 90 seconds left.\n|\n|t:|1697569066\n|switch|p2b: Rillaboom|Rillaboom, F|100\/100\n|switch|p2a: Landorus|Landorus-Therian, M|100\/100\n|-ability|p2a: Landorus|Intimidate|boost\n|-fail|p1a: Rihanna|unboost|[from] ability: Clear Body|[of] p1a: Rihanna\n|-unboost|p1b: Grass Latte|atk|1\n|-fieldstart|move: Grassy Terrain|[from] ability: Grassy Surge|[of] p2b: Rillaboom\n|turn|4\n|\n|t:|1697569080\n|-terastallize|p2a: Landorus|Flying\n|move|p2b: Rillaboom|Grassy Glide|p1a: Rihanna\n|-supereffective|p1a: Rihanna\n|-damage|p1a: Rihanna|0 fnt\n|faint|p1a: Rihanna\n|move|p2a: Landorus|Tera Blast|p1b: Grass Latte|[anim] Tera Blast Flying\n|-supereffective|p1b: Grass Latte\n|-damage|p1b: Grass Latte|0 fnt\n|faint|p1b: Grass Latte\n|\n|-weather|Sandstorm|[upkeep]\n|-damage|p2a: Landorus|94\/100|[from] Sandstorm\n|-damage|p2b: Rillaboom|94\/100|[from] Sandstorm\n|-heal|p2b: Rillaboom|100\/100|[from] Grassy Terrain\n|upkeep\n|\n|t:|1697569102\n|switch|p1b: Sonria|Enamorus, F|100\/100\n|switch|p1a: Saxophone|Volcanion|100\/100\n|turn|5\n|inactive|tropiusgg has 120 seconds left.\n|\n|t:|1697569137\n|move|p2b: Rillaboom|Grassy Glide|p1b: Sonria\n|-resisted|p1b: Sonria\n|-damage|p1b: Sonria|70\/100\n|move|p1b: Sonria|Play Rough|p2a: Landorus|[miss]\n|-miss|p1b: Sonria|p2a: Landorus\n|move|p2a: Landorus|Tera Blast|p1b: Sonria|[anim] Tera Blast Flying\n|-damage|p1b: Sonria|0 fnt\n|faint|p1b: Sonria\n|move|p1a: Saxophone|Heat Wave|p2a: Landorus|[spread] p2a,p2b\n|-supereffective|p2b: Rillaboom\n|-damage|p2a: Landorus|52\/100\n|-damage|p2b: Rillaboom|38\/100\n|\n|-weather|none\n|-heal|p2b: Rillaboom|44\/100|[from] Grassy Terrain\n|upkeep\n|\n|t:|1697569151\n|switch|p1b: Okidogi|Okidogi, M|100\/100\n|turn|6\n|inactive|tropiusgg has 120 seconds left.\n|\n|t:|1697569176\n|move|p1b: Okidogi|Ice Punch|p2a: Landorus\n|-supereffective|p2a: Landorus\n|-damage|p2a: Landorus|1\/100\n|-enditem|p2a: Landorus|Sitrus Berry|[eat]\n|-heal|p2a: Landorus|26\/100|[from] item: Sitrus Berry\n|move|p2a: Landorus|Tera Blast|p1b: Okidogi|[anim] Tera Blast Flying\n|-supereffective|p1b: Okidogi\n|-damage|p1b: Okidogi|0 fnt\n|faint|p1b: Okidogi\n|move|p2b: Rillaboom|Knock Off|p1a: Saxophone\n|-damage|p1a: Saxophone|69\/100\n|-enditem|p1a: Saxophone|Leftovers|[from] move: Knock Off|[of] p2b: Rillaboom\n|move|p1a: Saxophone|Heat Wave|p2a: Landorus|[spread] p2a,p2b\n|-supereffective|p2b: Rillaboom\n|-damage|p2a: Landorus|0 fnt\n|-damage|p2b: Rillaboom|0 fnt\n|faint|p2a: Landorus\n|faint|p2b: Rillaboom\n|\n|-heal|p1a: Saxophone|75\/100|[from] Grassy Terrain\n|upkeep\n|inactive|tropiusgg has 120 seconds left.\n|\n|t:|1697569196\n|switch|p1b: Freddy Fazbear|Ursaluna-Bloodmoon, M|100\/100\n|switch|p2b: Houndstone|Houndstone, F|100\/100\n|turn|7\n|\n|t:|1697569203\n|move|p1a: Saxophone|Steam Eruption|p2b: Houndstone\n|-damage|p2b: Houndstone|42\/100\n|move|p2b: Houndstone|Last Respects|p1a: Saxophone\n|-damage|p1a: Saxophone|0 fnt\n|faint|p1a: Saxophone\n|-damage|p2b: Houndstone|32\/100|[from] item: Life Orb\n|move|p1b: Freddy Fazbear|Hyper Voice|p2b: Houndstone\n|-damage|p2b: Houndstone|0 fnt\n|faint|p2b: Houndstone\n|\n|win|Denvah_17\n|raw|Denvah_17's rating: 1375 &rarr; <strong>1400<\/strong><br \/>(+25 for winning)\n|raw|tropiusgg's rating: 1467 &rarr; <strong>1442<\/strong><br \/>(-25 for losing)\n|c|\u2606tropiusgg|gg\n|l|\u2606tropiusgg\n","uploadtime":1697569224,"views":16,"p1id":"denvah17","p2id":"tropiusgg","formatid":"gen9doublesou","rating":1400,"private":0,"password":""}