{"id":"gen9doublesou-1974436860","p1":"TigerSpace02","p2":"AtomBomb69","format":"[Gen 9] Doubles OU","log":"|j|\u2606TigerSpace02\n|j|\u2606AtomBomb69\n|t:|1698086883\n|gametype|doubles\n|player|p1|TigerSpace02|blackbelt-gen4dp|\n|player|p2|AtomBomb69|swimmerf-gen4|\n|teamsize|p1|6\n|teamsize|p2|6\n|gen|9\n|tier|[Gen 9] Doubles OU\n|rule|Species Clause: Limit one of each Pok\u00e9mon\n|rule|OHKO Clause: OHKO moves are banned\n|rule|Evasion Moves Clause: Evasion moves are banned\n|rule|Gravity Sleep Clause: The combination of sleep-inducing moves with imperfect accuracy and Gravity or Gigantamax Orbeetle are banned\n|rule|Endless Battle Clause: Forcing endless battles is banned\n|rule|HP Percentage Mod: HP is shown in percentages\n|clearpoke\n|poke|p1|Ogerpon-Hearthflame, F|\n|poke|p1|Rillaboom, M|\n|poke|p1|Tornadus, M|\n|poke|p1|Heatran, F|\n|poke|p1|Dragonite, M|\n|poke|p1|Chien-Pao|\n|poke|p2|Enamorus, F|\n|poke|p2|Thundurus, M|\n|poke|p2|Diancie|\n|poke|p2|Cresselia, F|\n|poke|p2|Chien-Pao|\n|poke|p2|Flutter Mane|\n|teampreview\n|inactive|Battle timer is ON: inactive players will automatically lose when time's up. (requested by AtomBomb69)\n|inactiveoff|Battle timer is now OFF.\n|c|\u2606AtomBomb69|Glhf!\n|c|\u2606TigerSpace02|u2\n|inactive|Battle timer is ON: inactive players will automatically lose when time's up. (requested by TigerSpace02)\n|inactive|TigerSpace02 has 270 seconds left.\n|\n|t:|1698086990\n|start\n|switch|p1a: Tornadus|Tornadus, M, shiny|100\/100\n|switch|p1b: Rillaboom|Rillaboom, M, shiny|100\/100\n|switch|p2a: Enamorus|Enamorus, F|100\/100\n|switch|p2b: Thundurus|Thundurus, M|100\/100\n|-fieldstart|move: Grassy Terrain|[from] ability: Grassy Surge|[of] p1b: Rillaboom\n|turn|1\n|inactive|TigerSpace02 has 270 seconds left.\n|\n|t:|1698087008\n|move|p2a: Enamorus|Protect|p2a: Enamorus\n|-singleturn|p2a: Enamorus|Protect\n|move|p1b: Rillaboom|Fake Out|p2a: Enamorus\n|-activate|p2a: Enamorus|move: Protect\n|move|p2b: Thundurus|Taunt|p1a: Tornadus\n|-start|p1a: Tornadus|move: Taunt\n|cant|p1a: Tornadus|move: Taunt|Taunt\n|\n|upkeep\n|turn|2\n|\n|t:|1698087028\n|move|p1b: Rillaboom|Grassy Glide|p2a: Enamorus\n|-resisted|p2a: Enamorus\n|-damage|p2a: Enamorus|70\/100\n|move|p2b: Thundurus|Eerie Impulse|p2a: Enamorus\n|-boost|p2a: Enamorus|spa|2\n|move|p2a: Enamorus|Dazzling Gleam|p1b: Rillaboom|[spread] p1a,p1b\n|-damage|p1a: Tornadus|52\/100\n|-damage|p1b: Rillaboom|38\/100\n|move|p1a: Tornadus|Bleakwind Storm|p2b: Thundurus|[spread] p2a,p2b\n|-resisted|p2b: Thundurus\n|-damage|p2a: Enamorus|24\/100\n|-damage|p2b: Thundurus|85\/100\n|\n|-heal|p1b: Rillaboom|44\/100|[from] Grassy Terrain\n|upkeep\n|turn|3\n|\n|t:|1698087055\n|switch|p1a: Heatran|Heatran, F, shiny|100\/100\n|move|p2a: Enamorus|Protect|p2a: Enamorus\n|-singleturn|p2a: Enamorus|Protect\n|move|p1b: Rillaboom|Grassy Glide|p2b: Thundurus\n|-resisted|p2b: Thundurus\n|-damage|p2b: Thundurus|67\/100\n|move|p2b: Thundurus|Wildbolt Storm|p1b: Rillaboom|[spread] p1a,p1b\n|-resisted|p1b: Rillaboom\n|-damage|p1a: Heatran|74\/100\n|-damage|p1b: Rillaboom|31\/100\n|-status|p1a: Heatran|par\n|\n|-heal|p1b: Rillaboom|37\/100|[from] Grassy Terrain\n|-heal|p1a: Heatran|80\/100 par|[from] Grassy Terrain\n|-heal|p1a: Heatran|86\/100 par|[from] item: Leftovers\n|upkeep\n|turn|4\n|inactive|AtomBomb69 has 270 seconds left.\n|\n|t:|1698087086\n|switch|p2a: Chien-Pao|Chien-Pao|100\/100\n|-ability|p2a: Chien-Pao|Sword of Ruin\n|move|p1b: Rillaboom|Grassy Glide|p2a: Chien-Pao\n|-damage|p2a: Chien-Pao|51\/100\n|move|p2b: Thundurus|Eerie Impulse|p1a: Heatran\n|-unboost|p1a: Heatran|spa|2\n|cant|p1a: Heatran|par\n|\n|-heal|p2a: Chien-Pao|57\/100|[from] Grassy Terrain\n|-heal|p1b: Rillaboom|44\/100|[from] Grassy Terrain\n|-heal|p1a: Heatran|92\/100 par|[from] Grassy Terrain\n|-heal|p1a: Heatran|99\/100 par|[from] item: Leftovers\n|upkeep\n|turn|5\n|inactive|AtomBomb69 has 270 seconds left.\n|\n|t:|1698087113\n|switch|p1b: Ogerpon|Ogerpon-Hearthflame, F|100\/100\n|-ability|p1b: Ogerpon|Mold Breaker\n|move|p2a: Chien-Pao|Sacred Sword|p1a: Heatran\n|-supereffective|p1a: Heatran\n|-damage|p1a: Heatran|31\/100 par\n|move|p2b: Thundurus|Wildbolt Storm|p1a: Heatran|[spread] p1a,p1b\n|-resisted|p1b: Ogerpon\n|-damage|p1a: Heatran|5\/100 par\n|-damage|p1b: Ogerpon|82\/100\n|-status|p1b: Ogerpon|par\n|move|p1a: Heatran|Heat Wave|p2a: Chien-Pao|[spread] p2a,p2b\n|-supereffective|p2a: Chien-Pao\n|-damage|p2a: Chien-Pao|0 fnt\n|-damage|p2b: Thundurus|47\/100\n|faint|p2a: Chien-Pao\n|\n|-heal|p1b: Ogerpon|88\/100 par|[from] Grassy Terrain\n|-heal|p1a: Heatran|11\/100 par|[from] Grassy Terrain\n|-heal|p1a: Heatran|17\/100 par|[from] item: Leftovers\n|-fieldend|move: Grassy Terrain\n|upkeep\n|inactive|AtomBomb69 has 270 seconds left.\n|\n|t:|1698087137\n|switch|p2a: Enamorus|Enamorus, F|24\/100\n|turn|6\n|inactive|AtomBomb69 has 270 seconds left.\n|\n|t:|1698087152\n|-terastallize|p2a: Enamorus|Ground\n|move|p2b: Thundurus|Eerie Impulse|p2a: Enamorus\n|-boost|p2a: Enamorus|spa|2\n|move|p2a: Enamorus|Dazzling Gleam|p1b: Ogerpon|[spread] p1a,p1b\n|-resisted|p1a: Heatran\n|-resisted|p1b: Ogerpon\n|-damage|p1a: Heatran|3\/100 par\n|-damage|p1b: Ogerpon|53\/100 par\n|move|p1b: Ogerpon|Ivy Cudgel|p2b: Thundurus\n|-damage|p2b: Thundurus|0 fnt\n|faint|p2b: Thundurus\n|move|p1a: Heatran|Flash Cannon|p2a: Enamorus\n|-damage|p2a: Enamorus|0 fnt\n|faint|p2a: Enamorus\n|\n|-heal|p1a: Heatran|10\/100 par|[from] item: Leftovers\n|upkeep\n|inactive|AtomBomb69 has 270 seconds left.\n|\n|t:|1698087176\n|switch|p2a: Flutter Mane|Flutter Mane|100\/100\n|switch|p2b: Cresselia|Cresselia, F|100\/100\n|turn|7\n|inactive|AtomBomb69 has 270 seconds left.\n|\n|t:|1698087193\n|switch|p1a: Rillaboom|Rillaboom, M, shiny|44\/100\n|-fieldstart|move: Grassy Terrain|[from] ability: Grassy Surge|[of] p1a: Rillaboom\n|move|p2b: Cresselia|Ally Switch|p2b: Cresselia\n|swap|p2b: Cresselia|0|[from] move: Ally Switch\n|move|p1b: Ogerpon|Grassy Glide|p2a: Cresselia\n|-damage|p2a: Cresselia|76\/100\n|move|p2b: Flutter Mane|Power Gem|p1a: Rillaboom\n|-damage|p1a: Rillaboom|18\/100\n|\n|-heal|p1a: Rillaboom|25\/100|[from] Grassy Terrain\n|-heal|p2a: Cresselia|82\/100|[from] item: Leftovers\n|-heal|p1b: Ogerpon|59\/100 par|[from] Grassy Terrain\n|upkeep\n|turn|8\n|\n|t:|1698087214\n|-end|p2b: Flutter Mane|Protosynthesis|[silent]\n|switch|p2b: Diancie|Diancie|100\/100\n|move|p1a: Rillaboom|Fake Out|p2a: Cresselia\n|-damage|p2a: Cresselia|74\/100\n|cant|p1b: Ogerpon|par\n|cant|p2a: Cresselia|flinch\n|\n|-heal|p1a: Rillaboom|31\/100|[from] Grassy Terrain\n|-heal|p2a: Cresselia|80\/100|[from] item: Leftovers\n|-heal|p1b: Ogerpon|65\/100 par|[from] Grassy Terrain\n|upkeep\n|turn|9\n|\n|t:|1698087231\n|move|p2a: Cresselia|Ally Switch|p2a: Cresselia\n|swap|p2a: Cresselia|1|[from] move: Ally Switch\n|move|p1a: Rillaboom|Grassy Glide|p2b: Cresselia\n|-damage|p2b: Cresselia|58\/100\n|move|p1b: Ogerpon|Grassy Glide|p2a: Diancie\n|-supereffective|p2a: Diancie\n|-damage|p2a: Diancie|40\/100\n|-enditem|p2a: Diancie|Weakness Policy\n|-boost|p2a: Diancie|atk|2|[from] item: Weakness Policy\n|-boost|p2a: Diancie|spa|2|[from] item: Weakness Policy\n|move|p2a: Diancie|Trick Room|p2a: Diancie\n|-fieldstart|move: Trick Room|[of] p2a: Diancie\n|\n|-heal|p2a: Diancie|46\/100|[from] Grassy Terrain\n|-heal|p1b: Ogerpon|71\/100 par|[from] Grassy Terrain\n|-heal|p2b: Cresselia|64\/100|[from] item: Leftovers\n|-heal|p1a: Rillaboom|37\/100|[from] Grassy Terrain\n|upkeep\n|turn|10\n|inactive|AtomBomb69 has 270 seconds left.\n|\n|t:|1698087265\n|cant|p1b: Ogerpon|par\n|move|p1a: Rillaboom|Grassy Glide|p2a: Diancie\n|-supereffective|p2a: Diancie\n|-damage|p2a: Diancie|0 fnt\n|faint|p2a: Diancie\n|move|p2b: Cresselia|Lunar Blessing|p2b: Cresselia\n|-heal|p2b: Cresselia|89\/100\n|\n|-heal|p1b: Ogerpon|77\/100 par|[from] Grassy Terrain\n|-heal|p2b: Cresselia|96\/100|[from] item: Leftovers\n|-heal|p1a: Rillaboom|43\/100|[from] Grassy Terrain\n|upkeep\n|inactive|AtomBomb69 has 270 seconds left.\n|c|\u2606AtomBomb69|Gg Wp time to bring out the bug guns lol \ud83d\ude02\n|inactive|AtomBomb69 has 240 seconds left.\n|c|\u2606TigerSpace02|oh?\n|\n|t:|1698087303\n|switch|p2a: Flutter Mane|Flutter Mane|100\/100\n|turn|11\n|c|\u2606TigerSpace02|not over till its over\n|\n|t:|1698087326\n|move|p2b: Cresselia|Ally Switch|p2b: Cresselia\n|swap|p2b: Cresselia|0|[from] move: Ally Switch\n|move|p1a: Rillaboom|Grassy Glide|p2b: Flutter Mane\n|-damage|p2b: Flutter Mane|23\/100\n|cant|p1b: Ogerpon|par\n|move|p2b: Flutter Mane|Power Gem|p1b: Ogerpon\n|-supereffective|p1b: Ogerpon\n|-damage|p1b: Ogerpon|6\/100 par\n|\n|-heal|p1b: Ogerpon|12\/100 par|[from] Grassy Terrain\n|-heal|p2a: Cresselia|100\/100|[from] item: Leftovers\n|-heal|p1a: Rillaboom|49\/100|[from] Grassy Terrain\n|-heal|p2b: Flutter Mane|29\/100|[from] Grassy Terrain\n|-fieldend|move: Grassy Terrain\n|upkeep\n|turn|12\n|inactive|AtomBomb69 has 270 seconds left.\n|\n|t:|1698087363\n|cant|p1b: Ogerpon|par\n|move|p2a: Cresselia|Lunar Blessing|p2a: Cresselia|[spread] p2a,p2b\n|-heal|p2b: Flutter Mane|54\/100\n|move|p1a: Rillaboom|Grassy Glide|p2b: Flutter Mane\n|-damage|p2b: Flutter Mane|0 fnt\n|faint|p2b: Flutter Mane\n|-end|p2b: Flutter Mane|Protosynthesis|[silent]\n|\n|upkeep\n|turn|13\n|inactive|AtomBomb69 has 270 seconds left.\n|c|\u2606AtomBomb69|I dont have checks for them on this team\n|inactive|AtomBomb69 has 240 seconds left.\n|\n|t:|1698087401\n|-terastallize|p1b: Ogerpon|Fire\n|detailschange|p1b: Ogerpon|Ogerpon-Hearthflame-Tera, F, tera:Fire\n|-ability|p1b: Ogerpon|Embody Aspect (Hearthflame)|boost\n|-boost|p1b: Ogerpon|atk|1\n|move|p1b: Ogerpon|Ivy Cudgel|p2a: Cresselia\n|-damage|p2a: Cresselia|22\/100\n|move|p2a: Cresselia|Psychic|p1a: Rillaboom\n|-damage|p1a: Rillaboom|27\/100\n|move|p1a: Rillaboom|Knock Off|p2a: Cresselia\n|-supereffective|p2a: Cresselia\n|-damage|p2a: Cresselia|0 fnt\n|-enditem|p2a: Cresselia|Leftovers|[from] move: Knock Off|[of] p1a: Rillaboom\n|faint|p2a: Cresselia\n|\n|win|TigerSpace02\n|c|\u2606TigerSpace02|ggs\n","uploadtime":1698087417,"views":12,"p1id":"tigerspace02","p2id":"atombomb69","formatid":"gen9doublesou","rating":0,"private":0,"password":""}