{"id":"gen9doublesou-1968406010","p1":"fj109","p2":"Jackmim","format":"[Gen 9] Doubles OU","log":"|html|<div class=\"broadcast-blue\"><strong>[Gen 9] Doubles OU is currently suspecting Basculegion & Flutter Mane! For information on how to participate check out the <a href=\"https:\/\/www.smogon.com\/forums\/threads\/np-sv-dou-stage-8-double-trouble.3729153\/\">suspect thread<\/a>.<\/strong><\/div>\n|j|\u2606fj109\n|j|\u2606Jackmim\n|t:|1697415134\n|gametype|doubles\n|player|p1|fj109|170|1000\n|player|p2|Jackmim|sabrina|1018\n|teamsize|p1|6\n|teamsize|p2|6\n|gen|9\n|tier|[Gen 9] Doubles OU\n|rated|\n|rule|Species Clause: Limit one of each Pok\u00e9mon\n|rule|OHKO Clause: OHKO moves are banned\n|rule|Evasion Moves Clause: Evasion moves are banned\n|rule|Gravity Sleep Clause: The combination of sleep-inducing moves with imperfect accuracy and Gravity or Gigantamax Orbeetle are banned\n|rule|Endless Battle Clause: Forcing endless battles is banned\n|rule|HP Percentage Mod: HP is shown in percentages\n|clearpoke\n|poke|p1|Typhlosion-Hisui, F|\n|poke|p1|Torkoal, F|\n|poke|p1|Lilligant-Hisui, F|\n|poke|p1|Roaring Moon|\n|poke|p1|Sandy Shocks|\n|poke|p1|Gliscor, M|\n|poke|p2|Espeon, F|\n|poke|p2|Espathra, F|\n|poke|p2|Farigiraf, F|\n|poke|p2|Falinks|\n|poke|p2|Cresselia, F|\n|poke|p2|Gallade, M|\n|teampreview\n|\n|t:|1697415164\n|start\n|switch|p1a: Torkoal|Torkoal, F|100\/100\n|switch|p1b: Typhlosion|Typhlosion-Hisui, F|100\/100\n|switch|p2a: Shieldmon|Falinks, shiny|100\/100\n|switch|p2b: Ms. Mime|Espathra, F, shiny|100\/100\n|-weather|SunnyDay|[from] ability: Drought|[of] p1a: Torkoal\n|turn|1\n|\n|t:|1697415184\n|-terastallize|p2a: Shieldmon|Psychic\n|move|p2b: Ms. Mime|Lumina Crash|p1b: Typhlosion\n|-damage|p1b: Typhlosion|49\/100\n|-unboost|p1b: Typhlosion|spd|2\n|move|p1b: Typhlosion|Eruption|p2b: Ms. Mime|[spread] p2a,p2b\n|-damage|p2a: Shieldmon|0 fnt\n|-damage|p2b: Ms. Mime|13\/100\n|faint|p2a: Shieldmon\n|move|p1a: Torkoal|Will-O-Wisp|p2b: Ms. Mime\n|-status|p2b: Ms. Mime|brn\n|\n|-weather|SunnyDay|[upkeep]\n|-damage|p2b: Ms. Mime|7\/100 brn|[from] brn\n|upkeep\n|\n|t:|1697415203\n|switch|p2a: My Lil Giraf|Farigiraf, F, shiny|100\/100\n|turn|2\n|\n|t:|1697415210\n|switch|p1b: Roaring Moon|Roaring Moon|100\/100\n|-activate|p1b: Roaring Moon|ability: Protosynthesis\n|-start|p1b: Roaring Moon|protosynthesisatk\n|move|p2a: My Lil Giraf|Helping Hand|p2b: Ms. Mime\n|-singleturn|p2b: Ms. Mime|Helping Hand|[of] p2a: My Lil Giraf\n|move|p2b: Ms. Mime|Dazzling Gleam|p1a: Torkoal|[spread] p1a,p1b\n|-resisted|p1a: Torkoal\n|-supereffective|p1b: Roaring Moon\n|-damage|p1a: Torkoal|84\/100\n|-enditem|p1b: Roaring Moon|Focus Sash\n|-damage|p1b: Roaring Moon|1\/100\n|move|p1a: Torkoal|Lava Plume|p2a: My Lil Giraf|[spread] p1b,p2a,p2b\n|-resisted|p1b: Roaring Moon\n|-damage|p1b: Roaring Moon|0 fnt\n|-damage|p2a: My Lil Giraf|73\/100\n|-damage|p2b: Ms. Mime|0 fnt\n|-status|p2a: My Lil Giraf|brn\n|faint|p1b: Roaring Moon\n|-end|p1b: Roaring Moon|Protosynthesis|[silent]\n|faint|p2b: Ms. Mime\n|\n|-weather|SunnyDay|[upkeep]\n|-heal|p2a: My Lil Giraf|79\/100 brn|[from] item: Leftovers\n|-damage|p2a: My Lil Giraf|73\/100 brn|[from] brn\n|upkeep\n|\n|t:|1697415236\n|switch|p1b: Gliscor|Gliscor, M|100\/100\n|switch|p2b: Moonstone|Cresselia, F, shiny|100\/100\n|turn|3\n|\n|t:|1697415251\n|move|p1b: Gliscor|Protect|p1b: Gliscor\n|-singleturn|p1b: Gliscor|Protect\n|move|p2a: My Lil Giraf|Beat Up|p1a: Torkoal\n|-damage|p1a: Torkoal|83\/100\n|-damage|p1a: Torkoal|82\/100\n|-crit|p1a: Torkoal\n|-damage|p1a: Torkoal|81\/100\n|-damage|p1a: Torkoal|80\/100\n|-hitcount|p1a: Torkoal|4\n|move|p2b: Moonstone|Future Sight|p1b: Gliscor\n|-start|p2b: Moonstone|move: Future Sight\n|move|p1a: Torkoal|Lava Plume|p2a: My Lil Giraf|[spread] p2a,p2b\n|-activate|p1b: Gliscor|move: Protect\n|-crit|p2b: Moonstone\n|-damage|p2a: My Lil Giraf|44\/100 brn\n|-damage|p2b: Moonstone|73\/100\n|\n|-weather|SunnyDay|[upkeep]\n|-heal|p2a: My Lil Giraf|50\/100 brn|[from] item: Leftovers\n|-damage|p2a: My Lil Giraf|44\/100 brn|[from] brn\n|-status|p1b: Gliscor|tox|[from] item: Toxic Orb\n|upkeep\n|turn|4\n|\n|t:|1697415284\n|move|p1b: Gliscor|Fire Fang|p2b: Moonstone\n|-damage|p2b: Moonstone|54\/100\n|move|p2a: My Lil Giraf|Beat Up|p1a: Torkoal\n|-damage|p1a: Torkoal|78\/100\n|-damage|p1a: Torkoal|77\/100\n|-damage|p1a: Torkoal|76\/100\n|-damage|p1a: Torkoal|75\/100\n|-hitcount|p1a: Torkoal|4\n|move|p2b: Moonstone|Lunar Blessing|p2b: Moonstone|[spread] p2a,p2b\n|-heal|p2a: My Lil Giraf|69\/100 brn\n|-curestatus|p2a: My Lil Giraf|brn|[msg]\n|-heal|p2b: Moonstone|79\/100\n|move|p1a: Torkoal|Lava Plume|p2a: My Lil Giraf|[spread] p1b,p2a,p2b\n|-damage|p1b: Gliscor|67\/100 tox\n|-damage|p2a: My Lil Giraf|41\/100\n|-damage|p2b: Moonstone|60\/100\n|-status|p2a: My Lil Giraf|brn\n|\n|-weather|SunnyDay|[upkeep]\n|-heal|p2a: My Lil Giraf|48\/100 brn|[from] item: Leftovers\n|-heal|p1b: Gliscor|80\/100 tox|[from] ability: Poison Heal\n|-damage|p2a: My Lil Giraf|41\/100 brn|[from] brn\n|upkeep\n|turn|5\n|\n|t:|1697415317\n|move|p1b: Gliscor|Facade|p2b: Moonstone\n|-damage|p2b: Moonstone|33\/100\n|move|p2a: My Lil Giraf|Beat Up|p1a: Torkoal\n|-damage|p1a: Torkoal|74\/100\n|-damage|p1a: Torkoal|73\/100\n|-damage|p1a: Torkoal|72\/100\n|-damage|p1a: Torkoal|71\/100\n|-hitcount|p1a: Torkoal|4\n|move|p2b: Moonstone|Lunar Blessing|p2b: Moonstone|[spread] p2a,p2b\n|-heal|p2a: My Lil Giraf|66\/100 brn\n|-curestatus|p2a: My Lil Giraf|brn|[msg]\n|-heal|p2b: Moonstone|58\/100\n|move|p1a: Torkoal|Lava Plume|p2b: Moonstone|[spread] p1b,p2a,p2b\n|-damage|p1b: Gliscor|41\/100 tox\n|-damage|p2a: My Lil Giraf|37\/100\n|-damage|p2b: Moonstone|39\/100\n|-status|p2a: My Lil Giraf|brn\n|-status|p2b: Moonstone|brn\n|\n|-weather|SunnyDay|[upkeep]\n|-end|p1b: Gliscor|move: Future Sight\n|-damage|p1b: Gliscor|0 fnt\n|faint|p1b: Gliscor\n|-heal|p2a: My Lil Giraf|43\/100 brn|[from] item: Leftovers\n|-damage|p2a: My Lil Giraf|37\/100 brn|[from] brn\n|-damage|p2b: Moonstone|33\/100 brn|[from] brn\n|upkeep\n|\n|t:|1697415347\n|switch|p1b: Typhlosion|Typhlosion-Hisui, F|49\/100\n|turn|6\n|\n|t:|1697415362\n|move|p1b: Typhlosion|Eruption|p2b: Moonstone|[spread] p2a,p2b\n|-damage|p2a: My Lil Giraf|0 fnt\n|-damage|p2b: Moonstone|0 fnt\n|faint|p2a: My Lil Giraf\n|faint|p2b: Moonstone\n|move|p1a: Torkoal|Tera Blast|p2: My Lil Giraf|[notarget]\n|-fail|p1a: Torkoal\n|\n|-weather|SunnyDay|[upkeep]\n|upkeep\n|\n|t:|1697415371\n|switch|p2a: Sabrina's Blade|Gallade, M, shiny|100\/100\n|switch|p2b: Saffron|Espeon, F|100\/100\n|turn|7\n|\n|t:|1697415385\n|move|p2b: Saffron|Draining Kiss|p1b: Typhlosion\n|-resisted|p1b: Typhlosion\n|-crit|p1b: Typhlosion\n|-damage|p1b: Typhlosion|33\/100\n|move|p1b: Typhlosion|Eruption|p2a: Sabrina's Blade|[spread] p2a,p2b\n|-damage|p2a: Sabrina's Blade|36\/100\n|-damage|p2b: Saffron|22\/100\n|move|p2a: Sabrina's Blade|Aqua Cutter|p1b: Typhlosion\n|-supereffective|p1b: Typhlosion\n|-crit|p1b: Typhlosion\n|-damage|p1b: Typhlosion|0 fnt\n|faint|p1b: Typhlosion\n|move|p1a: Torkoal|Will-O-Wisp|p2a: Sabrina's Blade\n|-status|p2a: Sabrina's Blade|brn\n|\n|-weather|SunnyDay|[upkeep]\n|-damage|p2a: Sabrina's Blade|29\/100 brn|[from] brn\n|upkeep\n|\n|t:|1697415406\n|switch|p1b: Lilligant|Lilligant-Hisui, F|100\/100\n|turn|8\n|\n|t:|1697415418\n|move|p1b: Lilligant|Leaf Blade|p2b: Saffron\n|-damage|p2b: Saffron|0 fnt\n|-damage|p1b: Lilligant|84\/100|[from] item: Rocky Helmet|[of] p2b: Saffron\n|faint|p2b: Saffron\n|-damage|p1b: Lilligant|74\/100|[from] item: Life Orb\n|move|p2a: Sabrina's Blade|Psycho Cut|p1b: Lilligant\n|-supereffective|p1b: Lilligant\n|-damage|p1b: Lilligant|0 fnt\n|faint|p1b: Lilligant\n|move|p1a: Torkoal|Lava Plume|p2a: Sabrina's Blade\n|-damage|p2a: Sabrina's Blade|0 fnt\n|faint|p2a: Sabrina's Blade\n|\n|win|fj109\n|raw|fj109's rating: 1000 &rarr; <strong>1042<\/strong><br \/>(+42 for winning)\n|raw|Jackmim's rating: 1018 &rarr; <strong>1005<\/strong><br \/>(-13 for losing)\n|c|\u2606Jackmim|gg\n|l|\u2606Jackmim\n","uploadtime":1697415436,"views":14,"p1id":"fj109","p2id":"jackmim","formatid":"gen9doublesou","rating":1005,"private":0,"password":""}