{"id":"gen9doublesou-1994257461","p1":"ForgetfulUnovan","p2":"LeslieYeang","format":"[Gen 9] Doubles OU","log":"|j|\u2606ForgetfulUnovan\n|j|\u2606LeslieYeang\n|t:|1700424207\n|gametype|doubles\n|player|p1|ForgetfulUnovan|ingo|1144\n|player|p2|LeslieYeang|2|1179\n|teamsize|p1|6\n|teamsize|p2|6\n|gen|9\n|tier|[Gen 9] Doubles OU\n|rated|\n|rule|Species Clause: Limit one of each Pok\u00e9mon\n|rule|OHKO Clause: OHKO moves are banned\n|rule|Evasion Moves Clause: Evasion moves are banned\n|rule|Gravity Sleep Clause: The combination of sleep-inducing moves with imperfect accuracy and Gravity or Gigantamax Orbeetle are banned\n|rule|Endless Battle Clause: Forcing endless battles is banned\n|rule|HP Percentage Mod: HP is shown in percentages\n|clearpoke\n|poke|p1|Slowbro, M|\n|poke|p1|Indeedee-F, F|\n|poke|p1|Gothitelle, F|\n|poke|p1|Dudunsparce-*, M|\n|poke|p1|Flamigo, M|\n|poke|p1|Maushold|\n|poke|p2|Flutter Mane|\n|poke|p2|Tornadus, M|\n|poke|p2|Iron Hands|\n|poke|p2|Sinistcha-Masterpiece|\n|poke|p2|Heatran, M|\n|poke|p2|Gyarados, F|\n|teampreview\n|\n|t:|1700424222\n|start\n|switch|p1a: Sparcy Boy|Dudunsparce-Three-Segment, M, shiny|100\/100\n|switch|p1b: Mousketeers|Maushold, shiny|100\/100\n|switch|p2a: Tornadus|Tornadus, M, shiny|100\/100\n|switch|p2b: Gyarados|Gyarados, F|100\/100\n|-ability|p2b: Gyarados|Intimidate|boost\n|-unboost|p1a: Sparcy Boy|atk|1\n|-ability|p1a: Sparcy Boy|Rattled|boost\n|-boost|p1a: Sparcy Boy|spe|1\n|-unboost|p1b: Mousketeers|atk|1\n|turn|1\n|\n|t:|1700424243\n|-terastallize|p1a: Sparcy Boy|Ghost\n|move|p2a: Tornadus|Taunt|p1a: Sparcy Boy\n|-start|p1a: Sparcy Boy|move: Taunt\n|move|p1b: Mousketeers|Beat Up|p1a: Sparcy Boy\n|-supereffective|p1a: Sparcy Boy\n|-damage|p1a: Sparcy Boy|98\/100\n|-ability|p1a: Sparcy Boy|Rattled|boost\n|-boost|p1a: Sparcy Boy|spe|1\n|-enditem|p1a: Sparcy Boy|Weakness Policy\n|-boost|p1a: Sparcy Boy|atk|2|[from] item: Weakness Policy\n|-boost|p1a: Sparcy Boy|spa|2|[from] item: Weakness Policy\n|-supereffective|p1a: Sparcy Boy\n|-damage|p1a: Sparcy Boy|96\/100\n|-ability|p1a: Sparcy Boy|Rattled|boost\n|-boost|p1a: Sparcy Boy|spe|1\n|-supereffective|p1a: Sparcy Boy\n|-damage|p1a: Sparcy Boy|94\/100\n|-ability|p1a: Sparcy Boy|Rattled|boost\n|-boost|p1a: Sparcy Boy|spe|1\n|-supereffective|p1a: Sparcy Boy\n|-crit|p1a: Sparcy Boy\n|-damage|p1a: Sparcy Boy|90\/100\n|-ability|p1a: Sparcy Boy|Rattled|boost\n|-boost|p1a: Sparcy Boy|spe|1\n|-supereffective|p1a: Sparcy Boy\n|-damage|p1a: Sparcy Boy|87\/100\n|-ability|p1a: Sparcy Boy|Rattled|boost\n|-boost|p1a: Sparcy Boy|spe|1\n|-supereffective|p1a: Sparcy Boy\n|-damage|p1a: Sparcy Boy|86\/100\n|-hitcount|p1a: Sparcy Boy|6\n|cant|p1a: Sparcy Boy|move: Taunt|Coil\n|move|p2b: Gyarados|Thunder Wave|p1b: Mousketeers\n|-status|p1b: Mousketeers|par\n|\n|upkeep\n|turn|2\n|\n|t:|1700424284\n|switch|p1b: DeeDee|Indeedee-F, F, shiny|100\/100\n|-fieldstart|move: Psychic Terrain|[from] ability: Psychic Surge|[of] p1b: DeeDee\n|move|p1a: Sparcy Boy|Stored Power|p2b: Gyarados\n|-damage|p2b: Gyarados|0 fnt\n|faint|p2b: Gyarados\n|move|p2a: Tornadus|Bleakwind Storm|p1b: DeeDee|[spread] p1a\n|-miss|p2a: Tornadus|p1b: DeeDee\n|-damage|p1a: Sparcy Boy|56\/100\n|\n|upkeep\n|\n|t:|1700424314\n|switch|p2b: Flutter Mane|Flutter Mane, shiny|100\/100\n|turn|3\n|\n|t:|1700424328\n|move|p2a: Tornadus|Sunny Day|p2a: Tornadus\n|-weather|SunnyDay\n|-activate|p2b: Flutter Mane|ability: Protosynthesis\n|-start|p2b: Flutter Mane|protosynthesisspe\n|move|p1a: Sparcy Boy|Stored Power|p2b: Flutter Mane\n|-damage|p2b: Flutter Mane|0 fnt\n|faint|p2b: Flutter Mane\n|-end|p2b: Flutter Mane|Protosynthesis|[silent]\n|move|p1b: DeeDee|Psych Up|p1a: Sparcy Boy\n|-copyboost|p1b: DeeDee|p1a: Sparcy Boy|[from] move: Psych Up\n|\n|-weather|SunnyDay|[upkeep]\n|-end|p1a: Sparcy Boy|move: Taunt\n|upkeep\n|\n|t:|1700424346\n|switch|p2b: Heatran|Heatran, M|100\/100\n|turn|4\n|\n|t:|1700424352\n|move|p1b: DeeDee|Stored Power|p2a: Tornadus\n|-damage|p2a: Tornadus|0 fnt\n|faint|p2a: Tornadus\n|move|p1a: Sparcy Boy|Stored Power|p2b: Heatran\n|-resisted|p2b: Heatran\n|-damage|p2b: Heatran|38\/100\n|move|p2b: Heatran|Heat Wave|p1a: Sparcy Boy|[spread] p1a,p1b\n|-damage|p1a: Sparcy Boy|0 fnt\n|-damage|p1b: DeeDee|39\/100\n|faint|p1a: Sparcy Boy\n|\n|-weather|SunnyDay|[upkeep]\n|upkeep\n|\n|t:|1700424365\n|switch|p2a: Iron Hands|Iron Hands|100\/100\n|switch|p1a: Doffy|Flamigo, M, shiny|100\/100\n|-copyboost|p1a: Doffy|p1b: DeeDee|[from] ability: Costar\n|-enditem|p1a: Doffy|Psychic Seed\n|-boost|p1a: Doffy|spd|1|[from] item: Psychic Seed\n|turn|5\n|\n|t:|1700424377\n|move|p2a: Iron Hands|Fake Out|p1b: DeeDee\n|-activate|p1b: DeeDee|move: Psychic Terrain\n|move|p1a: Doffy|Acrobatics|p2b: Heatran\n|-resisted|p2b: Heatran\n|-damage|p2b: Heatran|4\/100\n|move|p1b: DeeDee|Stored Power|p2a: Iron Hands\n|-supereffective|p2a: Iron Hands\n|-damage|p2a: Iron Hands|0 fnt\n|faint|p2a: Iron Hands\n|-end|p2a: Iron Hands|Quark Drive|[silent]\n|move|p2b: Heatran|Heat Wave|p1a: Doffy|[spread] p1a,p1b\n|-damage|p1a: Doffy|29\/100\n|-damage|p1b: DeeDee|0 fnt\n|faint|p1b: DeeDee\n|\n|-weather|SunnyDay|[upkeep]\n|upkeep\n|\n|t:|1700424396\n|switch|p1b: Big Bro|Slowbro, M, shiny|100\/100\n|switch|p2a: Sinistcha|Sinistcha-Masterpiece|100\/100\n|-heal|p2b: Heatran|28\/100|[from] ability: Hospitality|[of] p2a: Sinistcha\n|turn|6\n|\n|t:|1700424407\n|move|p1a: Doffy|Acrobatics|p2b: Heatran\n|-resisted|p2b: Heatran\n|-damage|p2b: Heatran|0 fnt\n|faint|p2b: Heatran\n|move|p2a: Sinistcha|Matcha Gotcha|p1a: Doffy|[spread] p1a,p1b\n|-resisted|p1a: Doffy\n|-supereffective|p1b: Big Bro\n|-damage|p1a: Doffy|16\/100\n|-damage|p1b: Big Bro|69\/100\n|move|p1b: Big Bro|Psych Up|p1a: Doffy\n|-copyboost|p1b: Big Bro|p1a: Doffy|[from] move: Psych Up\n|\n|-weather|SunnyDay|[upkeep]\n|-fieldend|move: Psychic Terrain\n|upkeep\n|turn|7\n|\n|t:|1700424426\n|move|p1a: Doffy|Acrobatics|p2a: Sinistcha\n|-supereffective|p2a: Sinistcha\n|-damage|p2a: Sinistcha|0 fnt\n|-damage|p1a: Doffy|0 fnt|[from] item: Rocky Helmet|[of] p2a: Sinistcha\n|faint|p2a: Sinistcha\n|faint|p1a: Doffy\n|\n|win|ForgetfulUnovan\n|raw|ForgetfulUnovan's rating: 1144 &rarr; <strong>1172<\/strong><br \/>(+28 for winning)\n|raw|LeslieYeang's rating: 1179 &rarr; <strong>1151<\/strong><br \/>(-28 for losing)\n|c|\u2606ForgetfulUnovan|Gg\n|l|\u2606ForgetfulUnovan\n|l|\u2606LeslieYeang\n|j|\u2606LeslieYeang\n|player|p2|LeslieYeang|2\n|l|\u2606LeslieYeang\n|player|p2|\n|j|\u2606LeslieYeang\n|player|p2|LeslieYeang|2\n|l|\u2606LeslieYeang\n|player|p2|\n|j|\u2606LeslieYeang\n|player|p2|LeslieYeang|2\n","uploadtime":1700424831,"views":4,"p1id":"forgetfulunovan","p2id":"leslieyeang","formatid":"gen9doublesou","rating":1151,"private":0,"password":""}