{"id":"gen9doublesou-1970004239","p1":"GrottyBean","p2":"mikeyuwu","format":"[Gen 9] Doubles OU","log":"|j|\u2606GrottyBean\n|j|\u2606mikeyuwu\n|t:|1697584171\n|gametype|doubles\n|player|p1|GrottyBean|265|1236\n|player|p2|mikeyuwu|psychic-gen4|1290\n|teamsize|p1|6\n|teamsize|p2|6\n|gen|9\n|tier|[Gen 9] Doubles OU\n|rated|\n|rule|Species Clause: Limit one of each Pok\u00e9mon\n|rule|OHKO Clause: OHKO moves are banned\n|rule|Evasion Moves Clause: Evasion moves are banned\n|rule|Gravity Sleep Clause: The combination of sleep-inducing moves with imperfect accuracy and Gravity or Gigantamax Orbeetle are banned\n|rule|Endless Battle Clause: Forcing endless battles is banned\n|rule|HP Percentage Mod: HP is shown in percentages\n|clearpoke\n|poke|p1|Indeedee-F, F|\n|poke|p1|Armarouge, M|\n|poke|p1|Kommo-o, F|\n|poke|p1|Iron Hands|\n|poke|p1|Amoonguss, F|\n|poke|p1|Kingambit, M|\n|poke|p2|Garchomp, M|\n|poke|p2|Tyranitar, F|\n|poke|p2|Vaporeon, F|\n|poke|p2|Toxicroak, M|\n|poke|p2|Pelipper, F|\n|poke|p2|Abomasnow, M|\n|teampreview\n|\n|t:|1697584177\n|start\n|switch|p1a: Indeedee|Indeedee-F, F|100\/100\n|switch|p1b: Armarouge|Armarouge, M|100\/100\n|switch|p2a: OTLHPM|Toxicroak, M|100\/100\n|switch|p2b: Harmacy|Vaporeon, F|100\/100\n|-fieldstart|move: Psychic Terrain|[from] ability: Psychic Surge|[of] p1a: Indeedee\n|turn|1\n|\n|t:|1697584195\n|switch|p2b: ThcrThnSnkr|Tyranitar, F|100\/100\n|-weather|Sandstorm|[from] ability: Sand Stream|[of] p2b: ThcrThnSnkr\n|-terastallize|p2a: OTLHPM|Dark\n|move|p1a: Indeedee|Follow Me|p1a: Indeedee\n|-singleturn|p1a: Indeedee|move: Follow Me\n|move|p2a: OTLHPM|Poison Jab|p1a: Indeedee\n|-damage|p1a: Indeedee|49\/100\n|move|p1b: Armarouge|Expanding Force|p2b: ThcrThnSnkr|[spread] \n|-immune|p2a: OTLHPM\n|-immune|p2b: ThcrThnSnkr\n|\n|-weather|Sandstorm|[upkeep]\n|-damage|p1a: Indeedee|42\/100|[from] Sandstorm\n|-damage|p2a: OTLHPM|94\/100|[from] Sandstorm\n|-damage|p1b: Armarouge|94\/100|[from] Sandstorm\n|-damage|p2a: OTLHPM|82\/100|[from] item: Black Sludge\n|upkeep\n|turn|2\n|\n|t:|1697584224\n|switch|p2a: Harmacy|Vaporeon, F|100\/100\n|switch|p1b: Iron Hands|Iron Hands|100\/100\n|move|p1a: Indeedee|Protect|p1a: Indeedee\n|-singleturn|p1a: Indeedee|Protect\n|move|p2b: ThcrThnSnkr|Rock Slide|p1a: Indeedee|[spread] p1b\n|-activate|p1a: Indeedee|move: Protect\n|-resisted|p1b: Iron Hands\n|-damage|p1b: Iron Hands|92\/100\n|\n|-weather|Sandstorm|[upkeep]\n|-damage|p1a: Indeedee|36\/100|[from] Sandstorm\n|-damage|p2a: Harmacy|94\/100|[from] Sandstorm\n|-damage|p1b: Iron Hands|86\/100|[from] Sandstorm\n|-heal|p2a: Harmacy|100\/100|[from] item: Leftovers\n|upkeep\n|turn|3\n|inactive|Battle timer is ON: inactive players will automatically lose when time's up. (requested by mikeyuwu)\n|inactive|GrottyBean has 120 seconds left.\n|\n|t:|1697584329\n|switch|p2b: Weather War|Pelipper, F|100\/100\n|-weather|RainDance|[from] ability: Drizzle|[of] p2b: Weather War\n|move|p1a: Indeedee|Psychic|p2a: Harmacy\n|-damage|p2a: Harmacy|72\/100\n|move|p2a: Harmacy|Weather Ball|p1b: Iron Hands\n|-damage|p1b: Iron Hands|50\/100\n|move|p1b: Iron Hands|Drain Punch|p2b: Weather War\n|-resisted|p2b: Weather War\n|-damage|p2b: Weather War|85\/100\n|-heal|p1b: Iron Hands|55\/100|[from] drain|[of] p2b: Weather War\n|\n|-weather|RainDance|[upkeep]\n|-heal|p2a: Harmacy|78\/100|[from] item: Leftovers\n|upkeep\n|turn|4\n|\n|t:|1697584347\n|move|p1a: Indeedee|Follow Me|p1a: Indeedee\n|-singleturn|p1a: Indeedee|move: Follow Me\n|move|p2b: Weather War|Chilling Water|p1a: Indeedee\n|-damage|p1a: Indeedee|12\/100\n|-unboost|p1a: Indeedee|atk|1\n|move|p2a: Harmacy|Copycat|p2a: Harmacy\n|move|p2a: Harmacy|Chilling Water|p1a: Indeedee|[from]move: Copycat\n|-damage|p1a: Indeedee|0 fnt\n|faint|p1a: Indeedee\n|move|p1b: Iron Hands|Wild Charge|p2a: Harmacy\n|-supereffective|p2a: Harmacy\n|-damage|p2a: Harmacy|0 fnt\n|faint|p2a: Harmacy\n|-damage|p1b: Iron Hands|38\/100|[from] Recoil\n|\n|-weather|RainDance|[upkeep]\n|upkeep\n|\n|t:|1697584365\n|switch|p1a: Kommo-o|Kommo-o, F|100\/100\n|switch|p2a: Extra Spicy|Garchomp, M|100\/100\n|turn|5\n|\n|t:|1697584385\n|move|p1a: Kommo-o|Clangorous Soul|p1a: Kommo-o\n|-boost|p1a: Kommo-o|atk|1\n|-boost|p1a: Kommo-o|def|1\n|-boost|p1a: Kommo-o|spa|1\n|-boost|p1a: Kommo-o|spd|1\n|-boost|p1a: Kommo-o|spe|1\n|-damage|p1a: Kommo-o|68\/100\n|-enditem|p1a: Kommo-o|Throat Spray\n|-boost|p1a: Kommo-o|spa|1|[from] item: Throat Spray\n|move|p2a: Extra Spicy|Earthquake|p1a: Kommo-o|[spread] p1a,p1b\n|-immune|p2b: Weather War\n|-supereffective|p1b: Iron Hands\n|-damage|p1a: Kommo-o|47\/100\n|-damage|p1b: Iron Hands|0 fnt\n|faint|p1b: Iron Hands\n|-end|p1b: Iron Hands|Quark Drive|[silent]\n|move|p2b: Weather War|Hurricane|p1a: Kommo-o\n|-supereffective|p1a: Kommo-o\n|-damage|p1a: Kommo-o|0 fnt\n|faint|p1a: Kommo-o\n|\n|-weather|RainDance|[upkeep]\n|-fieldend|move: Psychic Terrain\n|upkeep\n|\n|t:|1697584395\n|switch|p1a: Amoonguss|Amoonguss, F|100\/100\n|switch|p1b: Kingambit|Kingambit, M|100\/100\n|-activate|p1b: Kingambit|ability: Supreme Overlord\n|-start|p1b: Kingambit|fallen3|[silent]\n|turn|6\n|\n|t:|1697584405\n|move|p2a: Extra Spicy|Earthquake|p1a: Amoonguss|[spread] p1a,p1b\n|-immune|p2b: Weather War\n|-supereffective|p1b: Kingambit\n|-damage|p1a: Amoonguss|68\/100\n|-damage|p1b: Kingambit|50\/100\n|move|p2b: Weather War|Hurricane|p1a: Amoonguss\n|-supereffective|p1a: Amoonguss\n|-damage|p1a: Amoonguss|25\/100\n|move|p1b: Kingambit|Kowtow Cleave|p2b: Weather War\n|-damage|p2b: Weather War|16\/100\n|-damage|p1b: Kingambit|40\/100|[from] item: Life Orb\n|move|p1a: Amoonguss|Spore|p2a: Extra Spicy\n|-status|p2a: Extra Spicy|slp|[from] move: Spore\n|\n|-weather|RainDance|[upkeep]\n|upkeep\n|turn|7\n|\n|t:|1697584422\n|switch|p2b: Cold Shoulder|Abomasnow, M, shiny|100\/100\n|-weather|Snow|[from] ability: Snow Warning|[of] p2b: Cold Shoulder\n|move|p1b: Kingambit|Sucker Punch||[still]\n|-fail|p1b: Kingambit\n|cant|p2a: Extra Spicy|slp\n|move|p1a: Amoonguss|Pollen Puff|p1b: Kingambit\n|-heal|p1b: Kingambit|90\/100\n|\n|-weather|Snow|[upkeep]\n|upkeep\n|turn|8\n|\n|t:|1697584439\n|cant|p2a: Extra Spicy|slp\n|move|p2b: Cold Shoulder|Blizzard|p1b: Kingambit|[spread] p1a,p1b\n|-supereffective|p1a: Amoonguss\n|-resisted|p1b: Kingambit\n|-damage|p1a: Amoonguss|0 fnt\n|-damage|p1b: Kingambit|76\/100\n|faint|p1a: Amoonguss\n|move|p1b: Kingambit|Iron Head|p2b: Cold Shoulder\n|-supereffective|p2b: Cold Shoulder\n|-damage|p2b: Cold Shoulder|8\/100\n|-damage|p1b: Kingambit|66\/100|[from] item: Life Orb\n|\n|-weather|Snow|[upkeep]\n|upkeep\n|\n|t:|1697584447\n|switch|p1a: Armarouge|Armarouge, M|94\/100\n|turn|9\n|\n|t:|1697584470\n|switch|p2b: Weather War|Pelipper, F|16\/100\n|-weather|RainDance|[from] ability: Drizzle|[of] p2b: Weather War\n|-terastallize|p1a: Armarouge|Fighting\n|move|p1b: Kingambit|Sucker Punch||[still]\n|-fail|p1b: Kingambit\n|cant|p2a: Extra Spicy|slp\n|move|p1a: Armarouge|Aura Sphere|p2a: Extra Spicy\n|-damage|p2a: Extra Spicy|36\/100 slp\n|\n|-weather|RainDance|[upkeep]\n|upkeep\n|turn|10\n|\n|t:|1697584483\n|move|p1b: Kingambit|Sucker Punch|p2b: Weather War\n|-damage|p2b: Weather War|0 fnt\n|faint|p2b: Weather War\n|-damage|p1b: Kingambit|56\/100|[from] item: Life Orb\n|-curestatus|p2a: Extra Spicy|slp|[msg]\n|move|p2a: Extra Spicy|Brick Break|p1b: Kingambit\n|-supereffective|p1b: Kingambit\n|-damage|p1b: Kingambit|0 fnt\n|faint|p1b: Kingambit\n|-end|p1b: Kingambit|fallen3|[silent]\n|move|p1a: Armarouge|Aura Sphere|p2a: Extra Spicy\n|-damage|p2a: Extra Spicy|0 fnt\n|faint|p2a: Extra Spicy\n|\n|-weather|RainDance|[upkeep]\n|upkeep\n|\n|t:|1697584491\n|switch|p2a: OTLHPM|Toxicroak, M, tera:Dark|82\/100\n|switch|p2b: ThcrThnSnkr|Tyranitar, F|100\/100\n|-weather|Sandstorm|[from] ability: Sand Stream|[of] p2b: ThcrThnSnkr\n|turn|11\n|\n|t:|1697584498\n|move|p2a: OTLHPM|Poison Jab|p1a: Armarouge\n|-damage|p1a: Armarouge|59\/100\n|-status|p1a: Armarouge|psn\n|move|p1a: Armarouge|Aura Sphere|p2b: ThcrThnSnkr\n|-supereffective|p2b: ThcrThnSnkr\n|-damage|p2b: ThcrThnSnkr|24\/100\n|move|p2b: ThcrThnSnkr|Thunderbolt|p1a: Armarouge\n|-damage|p1a: Armarouge|32\/100 psn\n|\n|-weather|Sandstorm|[upkeep]\n|-damage|p2a: OTLHPM|76\/100|[from] Sandstorm\n|-damage|p1a: Armarouge|26\/100 psn|[from] Sandstorm\n|-damage|p2a: OTLHPM|63\/100|[from] item: Black Sludge\n|-damage|p1a: Armarouge|14\/100 psn|[from] psn\n|upkeep\n|turn|12\n|\n|t:|1697584512\n|move|p2a: OTLHPM|Poison Jab|p1a: Armarouge\n|-damage|p1a: Armarouge|0 fnt\n|faint|p1a: Armarouge\n|\n|win|mikeyuwu\n|raw|GrottyBean's rating: 1236 &rarr; <strong>1215<\/strong><br \/>(-21 for losing)\n|raw|mikeyuwu's rating: 1290 &rarr; <strong>1311<\/strong><br \/>(+21 for winning)\n","uploadtime":1697584607,"views":17,"p1id":"grottybean","p2id":"mikeyuwu","formatid":"gen9doublesou","rating":1215,"private":0,"password":""}