{"id":"gen9doublesou-1996757671","p1":"Straw-Hat26","p2":"Venus_zx","format":"[Gen 9] Doubles OU","log":"|j|\u2606Straw-Hat26\n|j|\u2606Venus_zx\n|t:|1700720142\n|gametype|doubles\n|player|p1|Straw-Hat26|2|1314\n|player|p2|Venus_zx|shadowtriad|1169\n|teamsize|p1|6\n|teamsize|p2|6\n|gen|9\n|tier|[Gen 9] Doubles OU\n|rated|\n|rule|Species Clause: Limit one of each Pok\u00e9mon\n|rule|OHKO Clause: OHKO moves are banned\n|rule|Evasion Moves Clause: Evasion moves are banned\n|rule|Gravity Sleep Clause: The combination of sleep-inducing moves with imperfect accuracy and Gravity or Gigantamax Orbeetle are banned\n|rule|Endless Battle Clause: Forcing endless battles is banned\n|rule|HP Percentage Mod: HP is shown in percentages\n|clearpoke\n|poke|p1|Blissey, F|\n|poke|p1|Amoonguss, M|\n|poke|p1|Sableye, M|\n|poke|p1|Garganacl, F|\n|poke|p1|Rillaboom, M|\n|poke|p1|Volcarona, F|\n|poke|p2|Bellibolt, M|\n|poke|p2|Blissey, F|\n|poke|p2|Amoonguss, M|\n|poke|p2|Iron Hands|\n|poke|p2|Manaphy|\n|poke|p2|Iron Moth|\n|teampreview\n|inactive|Battle timer is ON: inactive players will automatically lose when time's up. (requested by Venus_zx)\n|\n|t:|1700720166\n|start\n|switch|p1a: Amoonguss|Amoonguss, M|100\/100\n|switch|p1b: Sableye|Sableye, M|100\/100\n|switch|p2a: Iron Hands|Iron Hands|100\/100\n|switch|p2b: Bellibolt|Bellibolt, M|100\/100\n|turn|1\n|c|\u2606Venus_zx|Nice team\n|\n|t:|1700720180\n|move|p2a: Iron Hands|Protect|p2a: Iron Hands\n|-singleturn|p2a: Iron Hands|Protect\n|move|p2b: Bellibolt|Protect|p2b: Bellibolt\n|-singleturn|p2b: Bellibolt|Protect\n|move|p1a: Amoonguss|Protect|p1a: Amoonguss\n|-singleturn|p1a: Amoonguss|Protect\n|move|p1b: Sableye|Taunt|p2b: Bellibolt\n|-activate|p2b: Bellibolt|move: Protect\n|\n|upkeep\n|turn|2\n|inactive|Venus_zx has 120 seconds left.\n|\n|t:|1700720211\n|move|p1b: Sableye|Skill Swap|p1a: Amoonguss\n|-activate|p1b: Sableye|move: Skill Swap|||[of] p1a: Amoonguss\n|move|p1a: Amoonguss|Spore|p2b: Bellibolt\n|-status|p2b: Bellibolt|slp|[from] move: Spore\n|move|p2a: Iron Hands|Heavy Slam|p1b: Sableye\n|-damage|p1b: Sableye|62\/100\n|cant|p2b: Bellibolt|slp\n|\n|upkeep\n|turn|3\n|\n|t:|1700720228\n|switch|p1b: Volcarona|Volcarona, F|100\/100\n|move|p2a: Iron Hands|Protect|p2a: Iron Hands\n|-singleturn|p2a: Iron Hands|Protect\n|move|p1a: Amoonguss|Spore|p2a: Iron Hands\n|-activate|p2a: Iron Hands|move: Protect\n|-curestatus|p2b: Bellibolt|slp|[msg]\n|move|p2b: Bellibolt|Electric Terrain|p2b: Bellibolt\n|-fieldstart|move: Electric Terrain\n|-activate|p2a: Iron Hands|ability: Quark Drive\n|-start|p2a: Iron Hands|quarkdriveatk\n|\n|upkeep\n|turn|4\n|\n|t:|1700720256\n|-terastallize|p1b: Volcarona|Steel\n|move|p1a: Amoonguss|Protect|p1a: Amoonguss\n|-singleturn|p1a: Amoonguss|Protect\n|move|p1b: Volcarona|Quiver Dance|p1b: Volcarona\n|-boost|p1b: Volcarona|spa|1\n|-boost|p1b: Volcarona|spd|1\n|-boost|p1b: Volcarona|spe|1\n|move|p2a: Iron Hands|Drain Punch|p1b: Volcarona\n|-supereffective|p1b: Volcarona\n|-damage|p1b: Volcarona|0 fnt\n|faint|p1b: Volcarona\n|move|p2b: Bellibolt|Toxic|p1a: Amoonguss\n|-activate|p1a: Amoonguss|move: Protect\n|\n|upkeep\n|inactive|Straw-Hat26 has 120 seconds left.\n|\n|t:|1700720271\n|switch|p1b: Blissey|Blissey, F|100\/100\n|turn|5\n|\n|t:|1700720284\n|switch|p1a: Rillaboom|Rillaboom, M|100\/100\n|-fieldstart|move: Grassy Terrain|[from] ability: Grassy Surge|[of] p1a: Rillaboom\n|-enditem|p1a: Rillaboom|Grassy Seed\n|-boost|p1a: Rillaboom|def|1|[from] item: Grassy Seed\n|-end|p2a: Iron Hands|Quark Drive\n|move|p1b: Blissey|Protect|p1b: Blissey\n|-singleturn|p1b: Blissey|Protect\n|move|p2a: Iron Hands|Drain Punch|p1b: Blissey\n|-activate|p1b: Blissey|move: Protect\n|move|p2b: Bellibolt|Toxic|p1b: Blissey\n|-activate|p1b: Blissey|move: Protect\n|\n|upkeep\n|turn|6\n|\n|t:|1700720303\n|switch|p1b: Amoonguss|Amoonguss, M|100\/100\n|move|p2a: Iron Hands|Protect|p2a: Iron Hands\n|-singleturn|p2a: Iron Hands|Protect\n|move|p2b: Bellibolt|Protect|p2b: Bellibolt\n|-singleturn|p2b: Bellibolt|Protect\n|move|p1a: Rillaboom|Swords Dance|p1a: Rillaboom\n|-boost|p1a: Rillaboom|atk|2\n|\n|upkeep\n|turn|7\n|\n|t:|1700720325\n|-terastallize|p2a: Iron Hands|Fighting\n|move|p1a: Rillaboom|High Horsepower|p2a: Iron Hands\n|-damage|p2a: Iron Hands|58\/100\n|move|p2a: Iron Hands|Drain Punch|p1a: Rillaboom\n|-damage|p1a: Rillaboom|65\/100\n|-heal|p2a: Iron Hands|71\/100|[from] drain|[of] p1a: Rillaboom\n|move|p2b: Bellibolt|Electric Terrain|p2b: Bellibolt\n|-fieldstart|move: Electric Terrain\n|-activate|p2a: Iron Hands|ability: Quark Drive\n|-start|p2a: Iron Hands|quarkdriveatk\n|move|p1b: Amoonguss|Spore|p2b: Bellibolt\n|-activate|p2b: Bellibolt|move: Electric Terrain\n|\n|-heal|p2a: Iron Hands|77\/100|[from] item: Leftovers\n|upkeep\n|turn|8\n|inactive|Venus_zx has 120 seconds left.\n|\n|t:|1700720360\n|move|p1a: Rillaboom|Swords Dance|p1a: Rillaboom\n|-boost|p1a: Rillaboom|atk|2\n|move|p2a: Iron Hands|Drain Punch|p1a: Rillaboom\n|-damage|p1a: Rillaboom|14\/100\n|-heal|p2a: Iron Hands|96\/100|[from] drain|[of] p1a: Rillaboom\n|move|p2b: Bellibolt|Thunderbolt|p1b: Amoonguss\n|-resisted|p1b: Amoonguss\n|-damage|p1b: Amoonguss|86\/100\n|move|p1b: Amoonguss|Pollen Puff|p1a: Rillaboom\n|-heal|p1a: Rillaboom|64\/100\n|\n|-heal|p2a: Iron Hands|100\/100|[from] item: Leftovers\n|-heal|p1b: Amoonguss|92\/100|[from] item: Leftovers\n|upkeep\n|turn|9\n|\n|t:|1700720381\n|move|p1a: Rillaboom|Drain Punch|p2a: Iron Hands\n|-damage|p2a: Iron Hands|50\/100\n|-heal|p1a: Rillaboom|98\/100|[from] drain|[of] p2a: Iron Hands\n|move|p2a: Iron Hands|Drain Punch|p1a: Rillaboom\n|-damage|p1a: Rillaboom|52\/100\n|-heal|p2a: Iron Hands|67\/100|[from] drain|[of] p1a: Rillaboom\n|move|p2b: Bellibolt|Toxic|p1a: Rillaboom\n|-status|p1a: Rillaboom|tox\n|move|p1b: Amoonguss|Pollen Puff|p1a: Rillaboom\n|-heal|p1a: Rillaboom|100\/100 tox\n|\n|-heal|p2a: Iron Hands|73\/100|[from] item: Leftovers\n|-heal|p1b: Amoonguss|99\/100|[from] item: Leftovers\n|-damage|p1a: Rillaboom|94\/100 tox|[from] psn\n|upkeep\n|turn|10\n|\n|t:|1700720409\n|move|p2a: Iron Hands|Protect|p2a: Iron Hands\n|-singleturn|p2a: Iron Hands|Protect\n|move|p1a: Rillaboom|High Horsepower|p2b: Bellibolt\n|-supereffective|p2b: Bellibolt\n|-damage|p2b: Bellibolt|0 fnt\n|faint|p2b: Bellibolt\n|move|p1b: Amoonguss|Pollen Puff|p1a: Rillaboom\n|-heal|p1a: Rillaboom|100\/100 tox\n|\n|-heal|p2a: Iron Hands|79\/100|[from] item: Leftovers\n|-heal|p1b: Amoonguss|100\/100|[from] item: Leftovers\n|-damage|p1a: Rillaboom|88\/100 tox|[from] psn\n|upkeep\n|inactive|Venus_zx has 120 seconds left.\n|\n|t:|1700720429\n|switch|p2b: Amoonguss|Amoonguss, M, shiny|100\/100\n|turn|11\n|\n|t:|1700720446\n|move|p1a: Rillaboom|High Horsepower|p2b: Amoonguss\n|-damage|p2b: Amoonguss|9\/100\n|move|p2a: Iron Hands|Drain Punch|p1b: Amoonguss\n|-resisted|p1b: Amoonguss\n|-damage|p1b: Amoonguss|70\/100\n|-heal|p2a: Iron Hands|93\/100|[from] drain|[of] p1b: Amoonguss\n|move|p2b: Amoonguss|Clear Smog|p1a: Rillaboom\n|-supereffective|p1a: Rillaboom\n|-damage|p1a: Rillaboom|49\/100 tox\n|-clearboost|p1a: Rillaboom\n|move|p1b: Amoonguss|Pollen Puff|p1a: Rillaboom\n|-heal|p1a: Rillaboom|99\/100 tox\n|\n|-heal|p2a: Iron Hands|99\/100|[from] item: Leftovers\n|-heal|p2b: Amoonguss|15\/100|[from] item: Leftovers\n|-heal|p1b: Amoonguss|76\/100|[from] item: Leftovers\n|-damage|p1a: Rillaboom|80\/100 tox|[from] psn\n|-fieldend|move: Electric Terrain\n|-end|p2a: Iron Hands|Quark Drive\n|upkeep\n|turn|12\n|inactive|Venus_zx has 120 seconds left.\n|\n|t:|1700720478\n|move|p1a: Rillaboom|Drain Punch|p2b: Amoonguss\n|-resisted|p2b: Amoonguss\n|-damage|p2b: Amoonguss|3\/100\n|-heal|p1a: Rillaboom|88\/100 tox|[from] drain|[of] p2b: Amoonguss\n|move|p2a: Iron Hands|Drain Punch|p1b: Amoonguss\n|-resisted|p1b: Amoonguss\n|-damage|p1b: Amoonguss|50\/100\n|-heal|p2a: Iron Hands|100\/100|[from] drain|[of] p1b: Amoonguss\n|move|p2b: Amoonguss|Pollen Puff|p1a: Rillaboom\n|-supereffective|p1a: Rillaboom\n|-damage|p1a: Rillaboom|40\/100 tox\n|move|p1b: Amoonguss|Spore|p2a: Iron Hands\n|-status|p2a: Iron Hands|slp|[from] move: Spore\n|\n|-heal|p2b: Amoonguss|9\/100|[from] item: Leftovers\n|-heal|p1b: Amoonguss|56\/100|[from] item: Leftovers\n|-damage|p1a: Rillaboom|15\/100 tox|[from] psn\n|upkeep\n|turn|13\n|inactive|Venus_zx has 120 seconds left.\n|\n|t:|1700720517\n|-end|p2a: Iron Hands|Quark Drive|[silent]\n|switch|p2a: Iron Moth|Iron Moth|100\/100\n|move|p2b: Amoonguss|Rage Powder|p2b: Amoonguss\n|-singleturn|p2b: Amoonguss|move: Rage Powder\n|move|p1a: Rillaboom|Drain Punch|p2b: Amoonguss\n|-resisted|p2b: Amoonguss\n|-damage|p2b: Amoonguss|0 fnt\n|-heal|p1a: Rillaboom|21\/100 tox|[from] drain|[of] p2b: Amoonguss\n|faint|p2b: Amoonguss\n|move|p1b: Amoonguss|Pollen Puff|p1a: Rillaboom\n|-heal|p1a: Rillaboom|71\/100 tox\n|\n|-heal|p1b: Amoonguss|62\/100|[from] item: Leftovers\n|-damage|p1a: Rillaboom|40\/100 tox|[from] psn\n|upkeep\n|\n|t:|1700720539\n|switch|p2b: Iron Hands|Iron Hands, tera:Fighting|100\/100 slp\n|turn|14\n|\n|t:|1700720568\n|switch|p1a: Garganacl|Garganacl, F|100\/100\n|-end|p2b: Iron Hands|Quark Drive|[silent]\n|switch|p2b: Blissey|Blissey, F|100\/100\n|move|p1b: Amoonguss|Protect|p1b: Amoonguss\n|-singleturn|p1b: Amoonguss|Protect\n|move|p2a: Iron Moth|Heat Wave|p1b: Amoonguss|[spread] p1a\n|-activate|p1b: Amoonguss|move: Protect\n|-resisted|p1a: Garganacl\n|-damage|p1a: Garganacl|90\/100\n|\n|-heal|p1a: Garganacl|96\/100|[from] item: Leftovers\n|-heal|p1b: Amoonguss|68\/100|[from] item: Leftovers\n|upkeep\n|turn|15\n|inactive|Venus_zx has 120 seconds left.\n|\n|t:|1700720595\n|move|p2b: Blissey|Helping Hand|p2a: Iron Moth\n|-singleturn|p2a: Iron Moth|Helping Hand|[of] p2b: Blissey\n|move|p2a: Iron Moth|Heat Wave|p1a: Garganacl|[spread] p1a,p1b\n|-resisted|p1a: Garganacl\n|-supereffective|p1b: Amoonguss\n|-damage|p1a: Garganacl|79\/100\n|-damage|p1b: Amoonguss|0 fnt\n|faint|p1b: Amoonguss\n|move|p1a: Garganacl|Iron Defense|p1a: Garganacl\n|-boost|p1a: Garganacl|def|2\n|\n|-heal|p1a: Garganacl|86\/100|[from] item: Leftovers\n|upkeep\n|\n|t:|1700720606\n|switch|p1b: Sableye|Sableye, M|95\/100\n|turn|16\n|\n|t:|1700720614\n|move|p2a: Iron Moth|Protect|p2a: Iron Moth\n|-singleturn|p2a: Iron Moth|Protect\n|move|p1b: Sableye|Disable|p2a: Iron Moth\n|-activate|p2a: Iron Moth|move: Protect\n|move|p2b: Blissey|Icy Wind|p1b: Sableye|[spread] p1a,p1b\n|-damage|p1a: Garganacl|80\/100\n|-damage|p1b: Sableye|82\/100\n|-unboost|p1a: Garganacl|spe|1\n|-unboost|p1b: Sableye|spe|1\n|move|p1a: Garganacl|Iron Defense|p1a: Garganacl\n|-boost|p1a: Garganacl|def|2\n|\n|-heal|p1a: Garganacl|86\/100|[from] item: Leftovers\n|upkeep\n|turn|17\n|inactive|Straw-Hat26 has 120 seconds left.\n|\n|t:|1700720652\n|move|p2b: Blissey|Helping Hand|p2a: Iron Moth\n|-singleturn|p2a: Iron Moth|Helping Hand|[of] p2b: Blissey\n|move|p1b: Sableye|Taunt|p2b: Blissey\n|-start|p2b: Blissey|move: Taunt\n|move|p2a: Iron Moth|Heat Wave|p1a: Garganacl|[spread] p1a,p1b\n|-resisted|p1a: Garganacl\n|-damage|p1a: Garganacl|69\/100\n|-damage|p1b: Sableye|1\/100\n|move|p1a: Garganacl|Body Press|p2b: Blissey\n|-supereffective|p2b: Blissey\n|-damage|p2b: Blissey|0 fnt\n|faint|p2b: Blissey\n|\n|-heal|p1a: Garganacl|75\/100|[from] item: Leftovers\n|upkeep\n|inactive|Venus_zx has 120 seconds left.\n|\n|t:|1700720669\n|switch|p2b: Manaphy|Manaphy, shiny|100\/100\n|turn|18\n|\n|t:|1700720683\n|move|p1b: Sableye|Taunt|p2b: Manaphy\n|-start|p2b: Manaphy|move: Taunt\n|move|p2a: Iron Moth|Heat Wave|p1a: Garganacl|[spread] p1a,p1b\n|-resisted|p1a: Garganacl\n|-crit|p1b: Sableye\n|-damage|p1a: Garganacl|62\/100\n|-damage|p1b: Sableye|0 fnt\n|faint|p1b: Sableye\n|cant|p2b: Manaphy|move: Taunt|Heart Swap\n|move|p1a: Garganacl|Salt Cure|p2b: Manaphy\n|-damage|p2b: Manaphy|89\/100\n|-start|p2b: Manaphy|Salt Cure\n|\n|-heal|p2b: Manaphy|95\/100|[from] item: Leftovers\n|-heal|p1a: Garganacl|68\/100|[from] item: Leftovers\n|-damage|p2b: Manaphy|71\/100|[from] Salt Cure\n|upkeep\n|inactive|Straw-Hat26 has 120 seconds left.\n|\n|t:|1700720705\n|switch|p1b: Rillaboom|Rillaboom, M|40\/100 tox\n|-fieldstart|move: Grassy Terrain|[from] ability: Grassy Surge|[of] p1b: Rillaboom\n|turn|19\n|\n|t:|1700720713\n|switch|p2b: Iron Hands|Iron Hands, tera:Fighting|100\/100 slp\n|move|p2a: Iron Moth|Protect|p2a: Iron Moth\n|-singleturn|p2a: Iron Moth|Protect\n|move|p1b: Rillaboom|Grassy Glide|p2b: Iron Hands\n|-damage|p2b: Iron Hands|75\/100 slp\n|move|p1a: Garganacl|Salt Cure|p2a: Iron Moth\n|-activate|p2a: Iron Moth|move: Protect\n|\n|-heal|p1b: Rillaboom|46\/100 tox|[from] Grassy Terrain\n|-heal|p2b: Iron Hands|81\/100 slp|[from] Grassy Terrain\n|-heal|p2b: Iron Hands|87\/100 slp|[from] item: Leftovers\n|-heal|p1a: Garganacl|75\/100|[from] Grassy Terrain\n|-heal|p1a: Garganacl|81\/100|[from] item: Leftovers\n|-damage|p1b: Rillaboom|40\/100 tox|[from] psn\n|upkeep\n|turn|20\n|\n|t:|1700720738\n|move|p2a: Iron Moth|Heat Wave|p1b: Rillaboom|[spread] p1a,p1b\n|-resisted|p1a: Garganacl\n|-supereffective|p1b: Rillaboom\n|-damage|p1a: Garganacl|69\/100\n|-damage|p1b: Rillaboom|0 fnt\n|faint|p1b: Rillaboom\n|cant|p2b: Iron Hands|slp\n|move|p1a: Garganacl|Body Press|p2b: Iron Hands\n|-damage|p2b: Iron Hands|44\/100 slp\n|\n|-heal|p2b: Iron Hands|50\/100 slp|[from] Grassy Terrain\n|-heal|p2b: Iron Hands|56\/100 slp|[from] item: Leftovers\n|-heal|p1a: Garganacl|75\/100|[from] Grassy Terrain\n|-heal|p1a: Garganacl|81\/100|[from] item: Leftovers\n|upkeep\n|\n|t:|1700720747\n|switch|p1b: Blissey|Blissey, F|100\/100\n|turn|21\n|\n|t:|1700720777\n|-end|p2a: Iron Moth|Quark Drive|[silent]\n|switch|p2a: Manaphy|Manaphy, shiny|71\/100\n|cant|p2b: Iron Hands|slp\n|move|p1b: Blissey|Calm Mind|p1b: Blissey\n|-boost|p1b: Blissey|spa|1\n|-boost|p1b: Blissey|spd|1\n|move|p1a: Garganacl|Body Press|p2b: Iron Hands\n|-damage|p2b: Iron Hands|11\/100 slp\n|\n|-heal|p2a: Manaphy|77\/100|[from] Grassy Terrain\n|-heal|p2a: Manaphy|83\/100|[from] item: Leftovers\n|-heal|p2b: Iron Hands|17\/100 slp|[from] Grassy Terrain\n|-heal|p2b: Iron Hands|23\/100 slp|[from] item: Leftovers\n|-heal|p1a: Garganacl|88\/100|[from] Grassy Terrain\n|-heal|p1a: Garganacl|94\/100|[from] item: Leftovers\n|upkeep\n|turn|22\n|inactive|Straw-Hat26 has 120 seconds left.\n|\n|t:|1700720807\n|cant|p2b: Iron Hands|slp\n|move|p1b: Blissey|Protect|p1b: Blissey\n|-singleturn|p1b: Blissey|Protect\n|move|p2a: Manaphy|Heart Swap|p1a: Garganacl\n|-swapboost|p2a: Manaphy|p1a: Garganacl|[from] move: Heart Swap\n|move|p1a: Garganacl|Body Press|p2b: Iron Hands\n|-damage|p2b: Iron Hands|8\/100 slp\n|\n|-heal|p2a: Manaphy|89\/100|[from] Grassy Terrain\n|-heal|p2a: Manaphy|95\/100|[from] item: Leftovers\n|-heal|p2b: Iron Hands|14\/100 slp|[from] Grassy Terrain\n|-heal|p2b: Iron Hands|20\/100 slp|[from] item: Leftovers\n|-heal|p1a: Garganacl|99\/100|[from] Grassy Terrain\n|-heal|p1a: Garganacl|100\/100|[from] item: Leftovers\n|upkeep\n|turn|23\n|inactive|Straw-Hat26 has 120 seconds left.\n|\n|t:|1700720852\n|-curestatus|p2b: Iron Hands|slp|[msg]\n|move|p2b: Iron Hands|Protect|p2b: Iron Hands\n|-singleturn|p2b: Iron Hands|Protect\n|move|p1b: Blissey|Protect||[still]\n|-fail|p1b: Blissey\n|move|p2a: Manaphy|Heart Swap|p2b: Iron Hands\n|-activate|p2b: Iron Hands|move: Protect\n|move|p1a: Garganacl|Salt Cure|p2b: Iron Hands\n|-activate|p2b: Iron Hands|move: Protect\n|\n|-heal|p2a: Manaphy|100\/100|[from] Grassy Terrain\n|-heal|p2b: Iron Hands|27\/100|[from] Grassy Terrain\n|-heal|p2b: Iron Hands|33\/100|[from] item: Leftovers\n|-fieldend|move: Grassy Terrain\n|upkeep\n|turn|24\n|inactive|Straw-Hat26 has 120 seconds left.\n|\n|t:|1700720880\n|move|p1b: Blissey|Protect|p1b: Blissey\n|-singleturn|p1b: Blissey|Protect\n|move|p2a: Manaphy|Heart Swap|p2b: Iron Hands\n|-swapboost|p2a: Manaphy|p2b: Iron Hands|[from] move: Heart Swap\n|move|p2b: Iron Hands|Drain Punch|p1a: Garganacl\n|-supereffective|p1a: Garganacl\n|-damage|p1a: Garganacl|35\/100\n|-heal|p2b: Iron Hands|61\/100|[from] drain|[of] p1a: Garganacl\n|move|p1a: Garganacl|Iron Defense|p1a: Garganacl\n|-boost|p1a: Garganacl|def|2\n|\n|-heal|p2b: Iron Hands|67\/100|[from] item: Leftovers\n|-heal|p1a: Garganacl|41\/100|[from] item: Leftovers\n|upkeep\n|turn|25\n|inactive|Straw-Hat26 has 120 seconds left.\n|\n|t:|1700720918\n|move|p2a: Manaphy|Heart Swap|p1a: Garganacl\n|-swapboost|p2a: Manaphy|p1a: Garganacl|[from] move: Heart Swap\n|move|p1b: Blissey|Calm Mind|p1b: Blissey\n|-boost|p1b: Blissey|spa|1\n|-boost|p1b: Blissey|spd|1\n|move|p2b: Iron Hands|Drain Punch|p1a: Garganacl\n|-supereffective|p1a: Garganacl\n|-damage|p1a: Garganacl|0 fnt\n|-heal|p2b: Iron Hands|85\/100|[from] drain|[of] p1a: Garganacl\n|faint|p1a: Garganacl\n|\n|-heal|p2b: Iron Hands|91\/100|[from] item: Leftovers\n|upkeep\n|turn|26\n|inactive|Straw-Hat26 has 120 seconds left.\n|c|\u2606Straw-Hat26|Nice move\n|c|\u2606Venus_zx|Thanks haha\n|inactive|Venus_zx has 120 seconds left.\n|\n|t:|1700720956\n|move|p2a: Manaphy|Heart Swap|p1b: Blissey\n|-swapboost|p2a: Manaphy|p1b: Blissey|[from] move: Heart Swap\n|move|p1b: Blissey|Stored Power|p2a: Manaphy\n|-damage|p2a: Manaphy|96\/100\n|move|p2b: Iron Hands|Drain Punch|p1b: Blissey\n|-supereffective|p1b: Blissey\n|-damage|p1b: Blissey|52\/100\n|-heal|p2b: Iron Hands|100\/100|[from] drain|[of] p1b: Blissey\n|\n|-heal|p2a: Manaphy|100\/100|[from] item: Leftovers\n|-heal|p1b: Blissey|58\/100|[from] item: Leftovers\n|upkeep\n|turn|27\n|inactive|Venus_zx has 120 seconds left.\n|inactive|Straw-Hat26 has 120 seconds left.\n|c|\u2606Straw-Hat26|What other moves he got and whats your spread\n|\n|t:|1700721005\n|move|p1b: Blissey|Protect|p1b: Blissey\n|-singleturn|p1b: Blissey|Protect\n|move|p2b: Iron Hands|Protect|p2b: Iron Hands\n|-singleturn|p2b: Iron Hands|Protect\n|move|p2a: Manaphy|Baton Pass|p2a: Manaphy\n|inactive|Venus_zx has 120 seconds left.\n|\n|t:|1700721013\n|switch|p2a: Iron Moth|Iron Moth|100\/100|[from] Baton Pass\n|\n|-heal|p1b: Blissey|64\/100|[from] item: Leftovers\n|upkeep\n|turn|28\n|inactive|Straw-Hat26 has 120 seconds left.\n|c|\u2606Straw-Hat26|?\n|inactive|Straw-Hat26 has 90 seconds left.\n|c|\u2606Venus_zx|Its dazzling gleam, heart swap, baton pass % protecr\n|c|\u2606Venus_zx|*\n|inactive|Straw-Hat26 has 60 seconds left.\n|\n|t:|1700721104\n|move|p1b: Blissey|Protect||[still]\n|-fail|p1b: Blissey\n|move|p2a: Iron Moth|Heat Wave|p1b: Blissey\n|-damage|p1b: Blissey|29\/100\n|move|p2b: Iron Hands|Drain Punch|p1b: Blissey\n|-supereffective|p1b: Blissey\n|-damage|p1b: Blissey|0 fnt\n|faint|p1b: Blissey\n|\n|win|Venus_zx\n|raw|Straw-Hat26's rating: 1297 &rarr; <strong>1263<\/strong><br \/>(-34 for losing)\n|raw|Venus_zx's rating: 1169 &rarr; <strong>1203<\/strong><br \/>(+34 for winning)\n","uploadtime":1700721203,"views":3,"p1id":"strawhat26","p2id":"venuszx","formatid":"gen9doublesou","rating":1203,"private":0,"password":""}