{"id":"gen9doublesou-1984863013","p1":"PotatoTits","p2":"Gen fiverrr","format":"[Gen 9] Doubles OU","log":"|j|\u2606PotatoTits\n|j|\u2606Gen fiverrr\n|t:|1699305496\n|gametype|doubles\n|player|p1|PotatoTits|cynthia-gen4|1202\n|player|p2|Gen fiverrr|alder|1140\n|teamsize|p1|6\n|teamsize|p2|6\n|gen|9\n|tier|[Gen 9] Doubles OU\n|rated|\n|rule|Species Clause: Limit one of each Pok\u00e9mon\n|rule|OHKO Clause: OHKO moves are banned\n|rule|Evasion Moves Clause: Evasion moves are banned\n|rule|Gravity Sleep Clause: The combination of sleep-inducing moves with imperfect accuracy and Gravity or Gigantamax Orbeetle are banned\n|rule|Endless Battle Clause: Forcing endless battles is banned\n|rule|HP Percentage Mod: HP is shown in percentages\n|clearpoke\n|poke|p1|Glastrier|\n|poke|p1|Ninetales-Alola, F|\n|poke|p1|Baxcalibur, M|\n|poke|p1|Cetitan, M|\n|poke|p1|Maushold-Four|\n|poke|p1|Avalugg-Hisui, M|\n|poke|p2|Stantler, F|\n|poke|p2|Articuno-Galar|\n|poke|p2|Sylveon, F|\n|poke|p2|Grimmsnarl, M|\n|poke|p2|Kleavor, F|\n|poke|p2|Forretress, M|\n|teampreview\n|inactive|Battle timer is ON: inactive players will automatically lose when time's up. (requested by PotatoTits)\n|\n|t:|1699305512\n|start\n|switch|p1a: Ninetales|Ninetales-Alola, F|100\/100\n|switch|p1b: Glastrier|Glastrier|100\/100\n|switch|p2a: Grimmsnarl|Grimmsnarl, M|100\/100\n|switch|p2b: Kleavor|Kleavor, F|100\/100\n|-weather|Snow|[from] ability: Snow Warning|[of] p1a: Ninetales\n|turn|1\n|\n|t:|1699305529\n|-terastallize|p1b: Glastrier|Water\n|move|p2a: Grimmsnarl|Taunt|p1a: Ninetales\n|-start|p1a: Ninetales|move: Taunt\n|move|p2b: Kleavor|Stone Axe|p1b: Glastrier\n|-damage|p1b: Glastrier|66\/100\n|-sidestart|p1: PotatoTits|move: Stealth Rock\n|cant|p1a: Ninetales|move: Taunt|Aurora Veil\n|move|p1b: Glastrier|Heavy Slam|p2a: Grimmsnarl\n|-supereffective|p2a: Grimmsnarl\n|-damage|p2a: Grimmsnarl|0 fnt\n|faint|p2a: Grimmsnarl\n|-ability|p1b: Glastrier|Chilling Neigh|boost\n|-boost|p1b: Glastrier|atk|1\n|\n|-weather|Snow|[upkeep]\n|upkeep\n|inactive|Gen fiverrr has 120 seconds left.\n|\n|t:|1699305550\n|switch|p2a: Stantler|Stantler, F|100\/100\n|-ability|p2a: Stantler|Intimidate|boost\n|-unboost|p1a: Ninetales|atk|1\n|-fail|p1b: Glastrier|unboost|[from] item: Clear Amulet|[of] p1b: Glastrier\n|turn|2\n|\n|t:|1699305567\n|switch|p1a: Maushold|Maushold-Four|100\/100\n|-damage|p1a: Maushold|88\/100|[from] Stealth Rock\n|move|p2b: Kleavor|Stone Axe|p1a: Maushold\n|-damage|p1a: Maushold|29\/100\n|-enditem|p1a: Maushold|Sitrus Berry|[eat]\n|-heal|p1a: Maushold|54\/100|[from] item: Sitrus Berry\n|move|p1b: Glastrier|Heavy Slam|p2b: Kleavor\n|-supereffective|p2b: Kleavor\n|-damage|p2b: Kleavor|0 fnt\n|faint|p2b: Kleavor\n|-ability|p1b: Glastrier|Chilling Neigh|boost\n|-boost|p1b: Glastrier|atk|1\n|move|p2a: Stantler|Roar|p1b: Glastrier\n|drag|p1b: Ninetales|Ninetales-Alola, F|100\/100\n|-damage|p1b: Ninetales|76\/100|[from] Stealth Rock\n|\n|-weather|Snow|[upkeep]\n|upkeep\n|inactive|Gen fiverrr has 120 seconds left.\n|\n|t:|1699305584\n|switch|p2b: Articuno|Articuno-Galar|100\/100\n|turn|3\n|\n|t:|1699305600\n|move|p2b: Articuno|Protect|p2b: Articuno\n|-singleturn|p2b: Articuno|Protect\n|move|p1a: Maushold|Follow Me|p1a: Maushold\n|-singleturn|p1a: Maushold|move: Follow Me\n|move|p1b: Ninetales|Aurora Veil|p1b: Ninetales\n|-sidestart|p1: PotatoTits|move: Aurora Veil\n|move|p2a: Stantler|Skill Swap|p1a: Maushold\n|-activate|p2a: Stantler|move: Skill Swap|Friend Guard|Intimidate|[of] p1a: Maushold\n|-ability|p1a: Maushold|Intimidate|boost\n|-unboost|p2a: Stantler|atk|1\n|-unboost|p2b: Articuno|atk|1\n|-ability|p2b: Articuno|Competitive|boost\n|-boost|p2b: Articuno|spa|2\n|-enditem|p2b: Articuno|Adrenaline Orb\n|-boost|p2b: Articuno|spe|1|[from] item: Adrenaline Orb\n|\n|-weather|Snow|[upkeep]\n|upkeep\n|turn|4\n|\n|t:|1699305626\n|move|p1a: Maushold|Follow Me|p1a: Maushold\n|-singleturn|p1a: Maushold|move: Follow Me\n|move|p2b: Articuno|Freezing Glare|p1a: Maushold\n|-damage|p1a: Maushold|0 fnt\n|faint|p1a: Maushold\n|move|p1b: Ninetales|Icy Wind|p2a: Stantler|[spread] p2a,p2b\n|-supereffective|p2b: Articuno\n|-damage|p2a: Stantler|94\/100\n|-damage|p2b: Articuno|82\/100\n|-unboost|p2a: Stantler|spe|1\n|-unboost|p2b: Articuno|spe|1\n|-ability|p2b: Articuno|Competitive|boost\n|-boost|p2b: Articuno|spa|2\n|move|p2a: Stantler|Roar|p1b: Ninetales\n|drag|p1b: Avalugg|Avalugg-Hisui, M|100\/100\n|-damage|p1b: Avalugg|76\/100|[from] Stealth Rock\n|\n|-weather|Snow|[upkeep]\n|upkeep\n|inactive|PotatoTits has 120 seconds left.\n|\n|t:|1699305644\n|switch|p1a: Cetitan|Cetitan, M|100\/100\n|-damage|p1a: Cetitan|75\/100|[from] Stealth Rock\n|turn|5\n|\n|t:|1699305652\n|move|p2b: Articuno|Protect|p2b: Articuno\n|-singleturn|p2b: Articuno|Protect\n|move|p1a: Cetitan|Ice Shard|p2b: Articuno\n|-activate|p2b: Articuno|move: Protect\n|move|p1b: Avalugg|Body Press|p2a: Stantler\n|-supereffective|p2a: Stantler\n|-damage|p2a: Stantler|32\/100\n|move|p2a: Stantler|Roar|p1a: Cetitan\n|drag|p1a: Baxcalibur|Baxcalibur, M|100\/100\n|-damage|p1a: Baxcalibur|76\/100|[from] Stealth Rock\n|\n|-weather|none\n|-heal|p1a: Baxcalibur|82\/100|[from] item: Leftovers\n|upkeep\n|turn|6\n|\n|t:|1699305679\n|-terastallize|p2b: Articuno|Psychic\n|move|p1a: Baxcalibur|Protect|p1a: Baxcalibur\n|-singleturn|p1a: Baxcalibur|Protect\n|move|p2b: Articuno|Freezing Glare|p1a: Baxcalibur\n|-activate|p1a: Baxcalibur|move: Protect\n|move|p2a: Stantler|Thunder Wave|p1a: Baxcalibur\n|-activate|p1a: Baxcalibur|move: Protect\n|move|p1b: Avalugg|Mountain Gale|p2b: Articuno\n|-damage|p2b: Articuno|44\/100\n|\n|-heal|p1a: Baxcalibur|88\/100|[from] item: Leftovers\n|upkeep\n|turn|7\n|\n|t:|1699305708\n|move|p2b: Articuno|Freezing Glare|p1a: Baxcalibur\n|-damage|p1a: Baxcalibur|0 fnt\n|faint|p1a: Baxcalibur\n|move|p2a: Stantler|Thunder Wave|p1b: Avalugg\n|-status|p1b: Avalugg|par\n|cant|p1b: Avalugg|par\n|\n|-sideend|p1: PotatoTits|move: Aurora Veil\n|upkeep\n|\n|t:|1699305718\n|switch|p1a: Ninetales|Ninetales-Alola, F|76\/100\n|-damage|p1a: Ninetales|51\/100|[from] Stealth Rock\n|-weather|Snow|[from] ability: Snow Warning|[of] p1a: Ninetales\n|turn|8\n|\n|t:|1699305736\n|move|p2b: Articuno|Freezing Glare|p1b: Avalugg\n|-damage|p1b: Avalugg|0 fnt\n|faint|p1b: Avalugg\n|move|p1a: Ninetales|Icy Wind|p2b: Articuno|[spread] p2a\n|-miss|p1a: Ninetales|p2b: Articuno\n|-damage|p2a: Stantler|25\/100\n|-unboost|p2a: Stantler|spe|1\n|move|p2a: Stantler|Roar|p1a: Ninetales\n|drag|p1a: Cetitan|Cetitan, M|75\/100\n|-damage|p1a: Cetitan|50\/100|[from] Stealth Rock\n|-enditem|p1a: Cetitan|Sitrus Berry|[eat]\n|-heal|p1a: Cetitan|75\/100|[from] item: Sitrus Berry\n|\n|-weather|Snow|[upkeep]\n|upkeep\n|\n|t:|1699305747\n|switch|p1b: Glastrier|Glastrier, tera:Water|66\/100\n|-damage|p1b: Glastrier|54\/100|[from] Stealth Rock\n|turn|9\n|\n|t:|1699305758\n|move|p2b: Articuno|Protect|p2b: Articuno\n|-singleturn|p2b: Articuno|Protect\n|move|p1b: Glastrier|Protect|p1b: Glastrier\n|-singleturn|p1b: Glastrier|Protect\n|move|p1a: Cetitan|Ice Shard|p2a: Stantler\n|-damage|p2a: Stantler|6\/100\n|move|p2a: Stantler|Roar|p1a: Cetitan\n|drag|p1a: Ninetales|Ninetales-Alola, F|51\/100\n|-damage|p1a: Ninetales|26\/100|[from] Stealth Rock\n|\n|-weather|Snow|[upkeep]\n|upkeep\n|turn|10\n|\n|t:|1699305776\n|switch|p1b: Cetitan|Cetitan, M|75\/100\n|-damage|p1b: Cetitan|50\/100|[from] Stealth Rock\n|move|p2b: Articuno|Air Cutter|p1b: Cetitan|[spread] p1a,p1b\n|-damage|p1a: Ninetales|0 fnt\n|-damage|p1b: Cetitan|0 fnt\n|faint|p1a: Ninetales\n|faint|p1b: Cetitan\n|move|p2a: Stantler|Thunder Wave|p1: Ninetales|[notarget]\n|-fail|p2a: Stantler\n|\n|-weather|Snow|[upkeep]\n|upkeep\n|\n|t:|1699305785\n|switch|p1a: Glastrier|Glastrier, tera:Water|54\/100\n|-damage|p1a: Glastrier|41\/100|[from] Stealth Rock\n|turn|11\n|-message|PotatoTits forfeited.\n|\n|win|Gen fiverrr\n|raw|PotatoTits's rating: 1202 &rarr; <strong>1173<\/strong><br \/>(-29 for losing)\n|raw|Gen fiverrr's rating: 1140 &rarr; <strong>1169<\/strong><br \/>(+29 for winning)\n|l|\u2606PotatoTits\n","uploadtime":1699305813,"views":9,"p1id":"potatotits","p2id":"genfiverrr","formatid":"gen9doublesou","rating":1169,"private":0,"password":""}