{"id":"gen9doublesou-1980482155","p1":"ImWillEat10Kids","p2":"Maxloco11","format":"[Gen 9] Doubles OU","log":"|j|\u203dImWillEat10Kids\n|j|\u2606Maxloco11\n|t:|1698789116\n|gametype|doubles\n|player|p1|ImWillEat10Kids|2|1094\n|player|p2|Maxloco11|riley|1085\n|teamsize|p1|6\n|teamsize|p2|6\n|gen|9\n|tier|[Gen 9] Doubles OU\n|rated|\n|rule|Species Clause: Limit one of each Pok\u00e9mon\n|rule|OHKO Clause: OHKO moves are banned\n|rule|Evasion Moves Clause: Evasion moves are banned\n|rule|Gravity Sleep Clause: The combination of sleep-inducing moves with imperfect accuracy and Gravity or Gigantamax Orbeetle are banned\n|rule|Endless Battle Clause: Forcing endless battles is banned\n|rule|HP Percentage Mod: HP is shown in percentages\n|clearpoke\n|poke|p1|Diancie|\n|poke|p1|Kingambit, M|\n|poke|p1|Iron Hands|\n|poke|p1|Torkoal, M|\n|poke|p1|Armarouge, F|\n|poke|p1|Indeedee-F, F|\n|poke|p2|Amoonguss, F|\n|poke|p2|Armarouge, F|\n|poke|p2|Gliscor, M|\n|poke|p2|Gastrodon-East, F|\n|poke|p2|Garchomp, F|\n|poke|p2|Lucario, M|\n|teampreview\n|\n|t:|1698789133\n|start\n|switch|p1a: Indeedee|Indeedee-F, F|100\/100\n|switch|p1b: Armarouge|Armarouge, F|100\/100\n|switch|p2a: Lucario|Lucario, M|100\/100\n|switch|p2b: Gastrodon|Gastrodon-East, F|100\/100\n|-fieldstart|move: Psychic Terrain|[from] ability: Psychic Surge|[of] p1a: Indeedee\n|turn|1\n|\n|t:|1698789157\n|-terastallize|p2a: Lucario|Ghost\n|move|p1a: Indeedee|Follow Me|p1a: Indeedee\n|-singleturn|p1a: Indeedee|move: Follow Me\n|move|p2a: Lucario|Shadow Claw|p1a: Indeedee\n|-immune|p1a: Indeedee\n|move|p2b: Gastrodon|Earth Power|p1a: Indeedee\n|-damage|p1a: Indeedee|76\/100\n|-unboost|p1a: Indeedee|spd|1\n|move|p1b: Armarouge|Trick Room|p1b: Armarouge\n|-fieldstart|move: Trick Room|[of] p1b: Armarouge\n|\n|upkeep\n|turn|2\n|\n|t:|1698789181\n|switch|p2a: Amoonguss|Amoonguss, F|100\/100\n|move|p1a: Indeedee|Helping Hand|p1b: Armarouge\n|-singleturn|p1b: Armarouge|Helping Hand|[of] p1a: Indeedee\n|move|p2b: Gastrodon|Muddy Water|p1a: Indeedee|[spread] p1a\n|-miss|p2b: Gastrodon|p1b: Armarouge\n|-damage|p1a: Indeedee|49\/100\n|move|p1b: Armarouge|Expanding Force|p2a: Amoonguss|[spread] p2a,p2b\n|-supereffective|p2a: Amoonguss\n|-damage|p2a: Amoonguss|0 fnt\n|-damage|p2b: Gastrodon|14\/100\n|faint|p2a: Amoonguss\n|-damage|p1b: Armarouge|91\/100|[from] item: Life Orb\n|\n|-heal|p2b: Gastrodon|20\/100|[from] item: Leftovers\n|upkeep\n|\n|t:|1698789201\n|switch|p2a: Gliscor|Gliscor, M|100\/100\n|turn|3\n|\n|t:|1698789221\n|switch|p2b: Garchomp|Garchomp, F|100\/100\n|move|p1a: Indeedee|Helping Hand|p1b: Armarouge\n|-singleturn|p1b: Armarouge|Helping Hand|[of] p1a: Indeedee\n|move|p1b: Armarouge|Expanding Force|p2a: Gliscor|[spread] p2a,p2b\n|-damage|p2a: Gliscor|0 fnt\n|-damage|p2b: Garchomp|0 fnt\n|faint|p2a: Gliscor\n|faint|p2b: Garchomp\n|-damage|p1b: Armarouge|81\/100|[from] item: Life Orb\n|\n|upkeep\n|\n|t:|1698789234\n|switch|p2a: Lucario|Lucario, M, tera:Ghost|100\/100\n|switch|p2b: Gastrodon|Gastrodon-East, F|20\/100\n|turn|4\n|\n|t:|1698789253\n|move|p1a: Indeedee|Helping Hand|p1b: Armarouge\n|-singleturn|p1b: Armarouge|Helping Hand|[of] p1a: Indeedee\n|move|p2b: Gastrodon|Muddy Water|p1a: Indeedee|[spread] p1a,p1b\n|-supereffective|p1b: Armarouge\n|-damage|p1a: Indeedee|23\/100\n|-damage|p1b: Armarouge|35\/100\n|-unboost|p1a: Indeedee|accuracy|1\n|move|p1b: Armarouge|Expanding Force|p2b: Gastrodon|[spread] p2a,p2b\n|-damage|p2a: Lucario|0 fnt\n|-damage|p2b: Gastrodon|0 fnt\n|faint|p2a: Lucario\n|faint|p2b: Gastrodon\n|-damage|p1b: Armarouge|25\/100|[from] item: Life Orb\n|\n|upkeep\n|\n|t:|1698789270\n|switch|p2b: Armarouge|Armarouge, F|100\/100\n|turn|5\n|\n|t:|1698789288\n|move|p1a: Indeedee|Helping Hand|p1b: Armarouge\n|-singleturn|p1b: Armarouge|Helping Hand|[of] p1a: Indeedee\n|move|p1b: Armarouge|Expanding Force|p2b: Armarouge\n|-resisted|p2b: Armarouge\n|-damage|p2b: Armarouge|0 fnt\n|faint|p2b: Armarouge\n|-damage|p1b: Armarouge|15\/100|[from] item: Life Orb\n|\n|win|ImWillEat10Kids\n|raw|ImWillEat10Kids's rating: 1094 &rarr; <strong>1119<\/strong><br \/>(+25 for winning)\n|raw|Maxloco11's rating: 1085 &rarr; <strong>1063<\/strong><br \/>(-22 for losing)\n|l|\u2606Maxloco11\n","uploadtime":1698789313,"views":14,"p1id":"imwilleat10kids","p2id":"maxloco11","formatid":"gen9doublesou","rating":1063,"private":0,"password":""}