{"id":"gen9doublesou-1987692529","p1":"kelviishandsome2","p2":"cotesmcgotes","format":"[Gen 9] Doubles OU","log":"|j|\u2606kelviishandsome2\n|j|\u2606cotesmcgotes\n|t:|1699628197\n|gametype|doubles\n|player|p1|kelviishandsome2|gambler|1367\n|player|p2|cotesmcgotes|flannery|1314\n|teamsize|p1|6\n|teamsize|p2|6\n|gen|9\n|tier|[Gen 9] Doubles OU\n|rated|\n|rule|Species Clause: Limit one of each Pok\u00e9mon\n|rule|OHKO Clause: OHKO moves are banned\n|rule|Evasion Moves Clause: Evasion moves are banned\n|rule|Gravity Sleep Clause: The combination of sleep-inducing moves with imperfect accuracy and Gravity or Gigantamax Orbeetle are banned\n|rule|Endless Battle Clause: Forcing endless battles is banned\n|rule|HP Percentage Mod: HP is shown in percentages\n|clearpoke\n|poke|p1|Diancie|\n|poke|p1|Ursaluna-Bloodmoon, M|\n|poke|p1|Iron Bundle|\n|poke|p1|Oranguru, M|\n|poke|p1|Iron Hands|\n|poke|p1|Sinistcha-Masterpiece|\n|poke|p2|Cresselia, F|\n|poke|p2|Overqwil, M|\n|poke|p2|Tornadus, M|\n|poke|p2|Palafin, M|\n|poke|p2|Flutter Mane|\n|poke|p2|Amoonguss, F|\n|teampreview\n|\n|t:|1699628216\n|start\n|switch|p1a: Iron Hands|Iron Hands|100\/100\n|switch|p1b: Sinistcha|Sinistcha-Masterpiece|100\/100\n|switch|p2a: Tornadus|Tornadus, M, shiny|100\/100\n|switch|p2b: Palafin|Palafin, M|100\/100\n|turn|1\n|inactive|Battle timer is ON: inactive players will automatically lose when time's up. (requested by cotesmcgotes)\n|inactive|cotesmcgotes has 120 seconds left.\n|\n|t:|1699628275\n|move|p1a: Iron Hands|Fake Out|p2b: Palafin\n|-damage|p2b: Palafin|83\/100\n|move|p2a: Tornadus|Taunt|p1b: Sinistcha\n|-start|p1b: Sinistcha|move: Taunt\n|-enditem|p1b: Sinistcha|Mental Herb\n|-end|p1b: Sinistcha|move: Taunt\n|cant|p2b: Palafin|flinch\n|move|p1b: Sinistcha|Trick Room|p1b: Sinistcha\n|-fieldstart|move: Trick Room|[of] p1b: Sinistcha\n|\n|upkeep\n|turn|2\n|\n|t:|1699628295\n|detailschange|p2b: Palafin|Palafin-Hero, M\n|switch|p2b: Amoonguss|Amoonguss, F, shiny|100\/100\n|move|p1a: Iron Hands|Wild Charge|p2a: Tornadus\n|-supereffective|p2a: Tornadus\n|-damage|p2a: Tornadus|0 fnt\n|faint|p2a: Tornadus\n|-damage|p1a: Iron Hands|81\/100|[from] Recoil\n|move|p1b: Sinistcha|Matcha Gotcha|p2b: Amoonguss|[miss]\n|-miss|p1b: Sinistcha|p2b: Amoonguss\n|\n|upkeep\n|\n|t:|1699628307\n|switch|p2a: Cresselia|Cresselia, F, shiny|100\/100\n|turn|3\n|\n|t:|1699628314\n|-terastallize|p2a: Cresselia|Electric\n|move|p2b: Amoonguss|Spore|p1a: Iron Hands\n|-status|p1a: Iron Hands|slp|[from] move: Spore\n|cant|p1a: Iron Hands|slp\n|move|p1b: Sinistcha|Matcha Gotcha|p2b: Amoonguss|[spread] p2a,p2b\n|-resisted|p2b: Amoonguss\n|-damage|p2a: Cresselia|84\/100\n|-damage|p2b: Amoonguss|94\/100\n|move|p2a: Cresselia|Calm Mind|p2a: Cresselia\n|-boost|p2a: Cresselia|spa|1\n|-boost|p2a: Cresselia|spd|1\n|\n|-heal|p2a: Cresselia|90\/100|[from] item: Leftovers\n|upkeep\n|turn|4\n|\n|t:|1699628332\n|move|p2b: Amoonguss|Giga Drain|p1a: Iron Hands\n|-damage|p1a: Iron Hands|61\/100 slp\n|-heal|p2b: Amoonguss|100\/100|[from] drain|[of] p1a: Iron Hands\n|-curestatus|p1a: Iron Hands|slp|[msg]\n|move|p1a: Iron Hands|Wild Charge|p2a: Cresselia\n|-resisted|p2a: Cresselia\n|-damage|p2a: Cresselia|73\/100\n|-damage|p1a: Iron Hands|57\/100|[from] Recoil\n|move|p1b: Sinistcha|Matcha Gotcha|p2b: Amoonguss|[spread] p2a,p2b\n|-resisted|p2b: Amoonguss\n|-damage|p2a: Cresselia|63\/100\n|-damage|p2b: Amoonguss|95\/100\n|move|p2a: Cresselia|Calm Mind|p2a: Cresselia\n|-boost|p2a: Cresselia|spa|1\n|-boost|p2a: Cresselia|spd|1\n|\n|-heal|p2a: Cresselia|69\/100|[from] item: Leftovers\n|upkeep\n|turn|5\n|\n|t:|1699628349\n|move|p2b: Amoonguss|Spore|p1a: Iron Hands\n|-status|p1a: Iron Hands|slp|[from] move: Spore\n|cant|p1a: Iron Hands|slp\n|move|p1b: Sinistcha|Matcha Gotcha|p2a: Cresselia|[spread] p2a,p2b\n|-resisted|p2b: Amoonguss\n|-damage|p2a: Cresselia|61\/100\n|-damage|p2b: Amoonguss|89\/100\n|move|p2a: Cresselia|Calm Mind|p2a: Cresselia\n|-boost|p2a: Cresselia|spa|1\n|-boost|p2a: Cresselia|spd|1\n|\n|-heal|p2a: Cresselia|67\/100|[from] item: Leftovers\n|-fieldend|move: Trick Room\n|upkeep\n|turn|6\n|\n|t:|1699628370\n|move|p2a: Cresselia|Stored Power|p1b: Sinistcha\n|-damage|p1b: Sinistcha|0 fnt\n|faint|p1b: Sinistcha\n|cant|p1a: Iron Hands|slp\n|move|p2b: Amoonguss|Pollen Puff|p2a: Cresselia\n|-heal|p2a: Cresselia|100\/100\n|\n|upkeep\n|\n|t:|1699628375\n|switch|p1b: Iron Bundle|Iron Bundle|100\/100\n|turn|7\n|\n|t:|1699628392\n|switch|p2b: Flutter Mane|Flutter Mane|100\/100\n|-terastallize|p1b: Iron Bundle|Ice\n|move|p1b: Iron Bundle|Freeze-Dry|p2a: Cresselia\n|-damage|p2a: Cresselia|87\/100\n|move|p2a: Cresselia|Stored Power|p1b: Iron Bundle\n|-enditem|p1b: Iron Bundle|Focus Sash\n|-damage|p1b: Iron Bundle|1\/100\n|-curestatus|p1a: Iron Hands|slp|[msg]\n|move|p1a: Iron Hands|Drain Punch|p2a: Cresselia\n|-damage|p2a: Cresselia|61\/100\n|-heal|p1a: Iron Hands|70\/100|[from] drain|[of] p2a: Cresselia\n|\n|-heal|p2a: Cresselia|67\/100|[from] item: Leftovers\n|upkeep\n|turn|8\n|\n|t:|1699628410\n|move|p2b: Flutter Mane|Dazzling Gleam|p1b: Iron Bundle|[spread] p1a,p1b\n|-supereffective|p1a: Iron Hands\n|-damage|p1a: Iron Hands|36\/100\n|-damage|p1b: Iron Bundle|0 fnt\n|faint|p1b: Iron Bundle\n|-end|p1b: Iron Bundle|Quark Drive|[silent]\n|move|p2a: Cresselia|Stored Power|p1a: Iron Hands\n|-supereffective|p1a: Iron Hands\n|-damage|p1a: Iron Hands|0 fnt\n|faint|p1a: Iron Hands\n|-end|p1a: Iron Hands|Quark Drive|[silent]\n|\n|-heal|p2a: Cresselia|73\/100|[from] item: Leftovers\n|upkeep\n|-message|kelviishandsome2 forfeited.\n|\n|win|cotesmcgotes\n|raw|kelviishandsome2's rating: 1367 &rarr; <strong>1344<\/strong><br \/>(-23 for losing)\n|raw|cotesmcgotes's rating: 1314 &rarr; <strong>1337<\/strong><br \/>(+23 for winning)\n|l|\u2606kelviishandsome2\n","uploadtime":1699628425,"views":9,"p1id":"kelviishandsome2","p2id":"cotesmcgotes","formatid":"gen9doublesou","rating":1337,"private":0,"password":""}