{"id":"gen9doublesou-1969685195","p1":"ghostly spectrum","p2":"gabo2905","format":"[Gen 9] Doubles OU","log":"|j|\u2606ghostly spectrum\n|j|\u2606gabo2905\n|t:|1697557556\n|gametype|doubles\n|player|p1|ghostly spectrum|caitlin|1102\n|player|p2|gabo2905|pokemaniac|1126\n|teamsize|p1|6\n|teamsize|p2|6\n|gen|9\n|tier|[Gen 9] Doubles OU\n|rated|\n|rule|Species Clause: Limit one of each Pok\u00e9mon\n|rule|OHKO Clause: OHKO moves are banned\n|rule|Evasion Moves Clause: Evasion moves are banned\n|rule|Gravity Sleep Clause: The combination of sleep-inducing moves with imperfect accuracy and Gravity or Gigantamax Orbeetle are banned\n|rule|Endless Battle Clause: Forcing endless battles is banned\n|rule|HP Percentage Mod: HP is shown in percentages\n|clearpoke\n|poke|p1|Politoed, M|\n|poke|p1|Basculegion, M|\n|poke|p1|Regieleki|\n|poke|p1|Zapdos|\n|poke|p1|Gastrodon, M|\n|poke|p1|Lurantis, M|\n|poke|p2|Slither Wing|\n|poke|p2|Torkoal, M|\n|poke|p2|Walking Wake|\n|poke|p2|Jumpluff, M|\n|poke|p2|Heatran, M|\n|poke|p2|Scovillain, F|\n|teampreview\n|l|\u2606ghostly spectrum\n|player|p1|\n|j|\u2606ghostly spectrum\n|player|p1|ghostly spectrum|caitlin\n|inactive|Battle timer is ON: inactive players will automatically lose when time's up. (requested by ghostly spectrum)\n|\n|t:|1697557582\n|start\n|switch|p1a: Regieleki|Regieleki|100\/100\n|switch|p1b: Basculegion|Basculegion, M|100\/100\n|switch|p2a: Torkoal|Torkoal, M|100\/100\n|switch|p2b: Heatran|Heatran, M|100\/100\n|-weather|SunnyDay|[from] ability: Drought|[of] p2a: Torkoal\n|turn|1\n|\n|t:|1697557598\n|switch|p2a: Jumpluff|Jumpluff, M|100\/100\n|move|p1a: Regieleki|Volt Switch|p2b: Heatran\n|-damage|p2b: Heatran|70\/100\n|\n|t:|1697557604\n|switch|p1a: Politoed|Politoed, M|100\/100|[from] Volt Switch\n|-weather|RainDance|[from] ability: Drizzle|[of] p1a: Politoed\n|move|p1b: Basculegion|Flip Turn|p2a: Jumpluff\n|-resisted|p2a: Jumpluff\n|-damage|p2a: Jumpluff|60\/100\n|-damage|p1b: Basculegion|91\/100|[from] item: Life Orb\n|\n|t:|1697557612\n|switch|p1b: Gastrodon|Gastrodon, M|100\/100|[from] Flip Turn\n|move|p2b: Heatran|Earth Power|p1a: Politoed\n|-damage|p1a: Politoed|73\/100\n|\n|-weather|RainDance|[upkeep]\n|upkeep\n|turn|2\n|\n|t:|1697557624\n|switch|p2b: Scovillain|Scovillain, F|100\/100\n|move|p1b: Gastrodon|Protect|p1b: Gastrodon\n|-singleturn|p1b: Gastrodon|Protect\n|move|p2a: Jumpluff|Tailwind|p2a: Jumpluff\n|-sidestart|p2: gabo2905|move: Tailwind\n|move|p1a: Politoed|Icy Wind|p2a: Jumpluff|[spread] p2a,p2b\n|-supereffective|p2a: Jumpluff\n|-damage|p2a: Jumpluff|25\/100\n|-damage|p2b: Scovillain|88\/100\n|-unboost|p2a: Jumpluff|spe|1\n|-unboost|p2b: Scovillain|spe|1\n|\n|-weather|RainDance|[upkeep]\n|upkeep\n|turn|3\n|\n|t:|1697557639\n|switch|p2a: Torkoal|Torkoal, M|100\/100\n|-weather|SunnyDay|[from] ability: Drought|[of] p2a: Torkoal\n|switch|p1b: Zapdos|Zapdos|100\/100\n|move|p1a: Politoed|Protect|p1a: Politoed\n|-singleturn|p1a: Politoed|Protect\n|move|p2b: Scovillain|Solar Beam||[still]\n|-prepare|p2b: Scovillain|Solar Beam\n|-anim|p2b: Scovillain|Solar Beam|p1a: Politoed\n|-activate|p1a: Politoed|move: Protect\n|\n|-weather|SunnyDay|[upkeep]\n|upkeep\n|turn|4\n|\n|t:|1697557665\n|switch|p1a: Lurantis|Lurantis, M|100\/100\n|switch|p2a: Walking Wake|Walking Wake|100\/100\n|-activate|p2a: Walking Wake|ability: Protosynthesis\n|-start|p2a: Walking Wake|protosynthesisspa\n|move|p2b: Scovillain|Solar Beam||[still]\n|-prepare|p2b: Scovillain|Solar Beam\n|-anim|p2b: Scovillain|Solar Beam|p1a: Lurantis\n|-resisted|p1a: Lurantis\n|-damage|p1a: Lurantis|78\/100\n|move|p1b: Zapdos|Tailwind|p1b: Zapdos\n|-sidestart|p1: ghostly spectrum|move: Tailwind\n|\n|-weather|SunnyDay|[upkeep]\n|-heal|p1a: Lurantis|84\/100|[from] item: Leftovers\n|upkeep\n|turn|5\n|\n|t:|1697557688\n|-end|p2a: Walking Wake|Protosynthesis|[silent]\n|switch|p2a: Slither Wing|Slither Wing|100\/100\n|-activate|p2a: Slither Wing|ability: Protosynthesis\n|-start|p2a: Slither Wing|protosynthesisatk\n|-terastallize|p1a: Lurantis|Water\n|move|p2b: Scovillain|Will-O-Wisp|p1a: Lurantis|[miss]\n|-miss|p2b: Scovillain|p1a: Lurantis\n|move|p1b: Zapdos|Hurricane|p2b: Scovillain\n|-supereffective|p2b: Scovillain\n|-crit|p2b: Scovillain\n|-damage|p2b: Scovillain|0 fnt\n|faint|p2b: Scovillain\n|move|p1a: Lurantis|Leaf Storm|p2a: Slither Wing\n|-resisted|p2a: Slither Wing\n|-damage|p2a: Slither Wing|79\/100\n|-boost|p1a: Lurantis|spa|2\n|\n|-weather|SunnyDay|[upkeep]\n|-heal|p1a: Lurantis|90\/100|[from] item: Leftovers\n|-sideend|p2: gabo2905|move: Tailwind\n|upkeep\n|inactive|gabo2905 has 120 seconds left.\n|\n|t:|1697557712\n|switch|p2b: Torkoal|Torkoal, M|100\/100\n|turn|6\n|l|\u2606ghostly spectrum\n|inactive|ghostly spectrum disconnected and has a minute to reconnect!\n|player|p1|\n|j|\u2606ghostly spectrum\n|inactive|ghostly spectrum reconnected and has 130 seconds left.\n|player|p1|ghostly spectrum|caitlin\n|inactive|gabo2905 has 120 seconds left.\n|inactive|ghostly spectrum has 120 seconds left.\n|\n|t:|1697557762\n|-terastallize|p2b: Torkoal|Grass\n|move|p1b: Zapdos|Hurricane|p2a: Slither Wing|[miss]\n|-miss|p1b: Zapdos|p2a: Slither Wing\n|move|p2a: Slither Wing|U-turn|p1a: Lurantis\n|-damage|p1a: Lurantis|12\/100\n|-damage|p2a: Slither Wing|69\/100|[from] item: Life Orb\n|\n|t:|1697557775\n|-end|p2a: Slither Wing|Protosynthesis|[silent]\n|switch|p2a: Heatran|Heatran, M|70\/100|[from] U-turn\n|move|p1a: Lurantis|Superpower|p2b: Torkoal\n|-damage|p2b: Torkoal|75\/100\n|-boost|p1a: Lurantis|atk|1\n|-boost|p1a: Lurantis|def|1\n|move|p2b: Torkoal|Eruption|p1b: Zapdos|[spread] p1a,p1b\n|-resisted|p1a: Lurantis\n|-damage|p1a: Lurantis|0 fnt\n|-damage|p1b: Zapdos|62\/100\n|faint|p1a: Lurantis\n|\n|-weather|SunnyDay|[upkeep]\n|upkeep\n|\n|t:|1697557783\n|switch|p1a: Politoed|Politoed, M|73\/100\n|-weather|RainDance|[from] ability: Drizzle|[of] p1a: Politoed\n|turn|7\n|inactive|gabo2905 has 120 seconds left.\n|\n|t:|1697557805\n|switch|p2a: Slither Wing|Slither Wing|69\/100\n|move|p1b: Zapdos|Hurricane|p2b: Torkoal\n|-supereffective|p2b: Torkoal\n|-damage|p2b: Torkoal|0 fnt\n|faint|p2b: Torkoal\n|move|p1a: Politoed|Surf|p2a: Slither Wing|[spread] p1b,p2a\n|-damage|p1b: Zapdos|24\/100\n|-damage|p2a: Slither Wing|36\/100\n|\n|-weather|RainDance|[upkeep]\n|-sideend|p1: ghostly spectrum|move: Tailwind\n|upkeep\n|\n|t:|1697557817\n|switch|p2b: Walking Wake|Walking Wake|100\/100\n|turn|8\n|inactive|gabo2905 has 120 seconds left.\n|\n|t:|1697557829\n|switch|p1b: Gastrodon|Gastrodon, M|100\/100\n|move|p2a: Slither Wing|First Impression|p1a: Politoed\n|-damage|p1a: Politoed|2\/100\n|-damage|p2a: Slither Wing|26\/100|[from] item: Life Orb\n|move|p2b: Walking Wake|Hydro Steam|p1b: Gastrodon\n|-ability|p1b: Gastrodon|Storm Drain|boost\n|-boost|p1b: Gastrodon|spa|1\n|move|p1a: Politoed|Icy Wind|p2a: Slither Wing|[spread] p2a,p2b\n|-damage|p2a: Slither Wing|16\/100\n|-damage|p2b: Walking Wake|90\/100\n|-unboost|p2a: Slither Wing|spe|1\n|-unboost|p2b: Walking Wake|spe|1\n|\n|-weather|RainDance|[upkeep]\n|upkeep\n|turn|9\n|inactive|gabo2905 has 120 seconds left.\n|\n|t:|1697557850\n|-end|p2b: Walking Wake|Protosynthesis|[silent]\n|switch|p2b: Jumpluff|Jumpluff, M|25\/100\n|move|p1a: Politoed|Protect|p1a: Politoed\n|-singleturn|p1a: Politoed|Protect\n|move|p2a: Slither Wing|U-turn|p1a: Politoed\n|-activate|p1a: Politoed|move: Protect\n|move|p1b: Gastrodon|Muddy Water|p2b: Jumpluff|[spread] p2a\n|-miss|p1b: Gastrodon|p2b: Jumpluff\n|-damage|p2a: Slither Wing|0 fnt\n|faint|p2a: Slither Wing\n|-end|p2a: Slither Wing|Protosynthesis|[silent]\n|\n|-weather|RainDance|[upkeep]\n|upkeep\n|inactive|gabo2905 has 120 seconds left.\n|\n|t:|1697557864\n|switch|p2a: Walking Wake|Walking Wake|90\/100\n|turn|10\n|\n|t:|1697557885\n|switch|p1b: Zapdos|Zapdos|24\/100\n|move|p2b: Jumpluff|Tailwind|p2b: Jumpluff\n|-sidestart|p2: gabo2905|move: Tailwind\n|move|p2a: Walking Wake|Dragon Pulse|p1a: Politoed\n|-damage|p1a: Politoed|0 fnt\n|faint|p1a: Politoed\n|\n|-weather|RainDance|[upkeep]\n|upkeep\n|inactive|ghostly spectrum has 120 seconds left.\n|\n|t:|1697557903\n|switch|p1a: Regieleki|Regieleki|100\/100\n|turn|11\n|\n|t:|1697557913\n|move|p2b: Jumpluff|Pollen Puff|p2a: Walking Wake\n|-heal|p2a: Walking Wake|100\/100\n|move|p2a: Walking Wake|Dragon Pulse|p1b: Zapdos\n|-damage|p1b: Zapdos|0 fnt\n|faint|p1b: Zapdos\n|move|p1a: Regieleki|Volt Switch|p2b: Jumpluff\n|-damage|p2b: Jumpluff|0 fnt\n|faint|p2b: Jumpluff\n|\n|t:|1697557928\n|switch|p1a: Basculegion|Basculegion, M|91\/100|[from] Volt Switch\n|\n|-weather|RainDance|[upkeep]\n|upkeep\n|\n|t:|1697557934\n|switch|p2b: Heatran|Heatran, M|70\/100\n|switch|p1b: Regieleki|Regieleki|100\/100\n|turn|12\n|\n|t:|1697557951\n|move|p2a: Walking Wake|Dragon Pulse|p1a: Basculegion\n|-damage|p1a: Basculegion|15\/100\n|move|p1b: Regieleki|Electroweb|p2a: Walking Wake|[spread] p2a,p2b\n|-damage|p2a: Walking Wake|66\/100\n|-damage|p2b: Heatran|51\/100\n|-unboost|p2a: Walking Wake|spe|1\n|-unboost|p2b: Heatran|spe|1\n|move|p1a: Basculegion|Last Respects|p2a: Walking Wake\n|-damage|p2a: Walking Wake|0 fnt\n|faint|p2a: Walking Wake\n|-end|p2a: Walking Wake|Protosynthesis|[silent]\n|-damage|p1a: Basculegion|5\/100|[from] item: Life Orb\n|move|p2b: Heatran|Earth Power|p1b: Regieleki\n|-supereffective|p1b: Regieleki\n|-damage|p1b: Regieleki|0 fnt\n|faint|p1b: Regieleki\n|\n|-weather|RainDance|[upkeep]\n|upkeep\n|\n|t:|1697557964\n|switch|p1b: Gastrodon|Gastrodon, M|100\/100\n|turn|13\n|\n|t:|1697557973\n|move|p1a: Basculegion|Wave Crash|p1b: Gastrodon\n|-activate|p1b: Gastrodon|ability: Storm Drain\n|-ability|p1b: Gastrodon|Storm Drain|boost\n|-boost|p1b: Gastrodon|spa|1\n|move|p2b: Heatran|Heat Wave|p1b: Gastrodon|[spread] p1a,p1b\n|-resisted|p1a: Basculegion\n|-crit|p1a: Basculegion\n|-resisted|p1b: Gastrodon\n|-damage|p1a: Basculegion|0 fnt\n|-damage|p1b: Gastrodon|90\/100\n|-status|p1b: Gastrodon|brn\n|faint|p1a: Basculegion\n|move|p1b: Gastrodon|Muddy Water|p2b: Heatran\n|-supereffective|p2b: Heatran\n|-damage|p2b: Heatran|0 fnt\n|faint|p2b: Heatran\n|\n|win|ghostly spectrum\n|raw|ghostly spectrum's rating: 1102 &rarr; <strong>1129<\/strong><br \/>(+27 for winning)\n|raw|gabo2905's rating: 1126 &rarr; <strong>1099<\/strong><br \/>(-27 for losing)\n|l|\u2606gabo2905\n","uploadtime":1697557986,"views":27,"p1id":"ghostlyspectrum","p2id":"gabo2905","formatid":"gen9doublesou","rating":1099,"private":0,"password":""}