{"id":"gen9doublesou-1986496322","p1":"GSTERS","p2":"ac1516","format":"[Gen 9] Doubles OU","log":"|j|\u2606GSTERS\n|j|\u2606ac1516\n|t:|1699484973\n|gametype|doubles\n|player|p1|GSTERS|clair|1283\n|player|p2|ac1516|supernerd|1375\n|teamsize|p1|6\n|teamsize|p2|6\n|gen|9\n|tier|[Gen 9] Doubles OU\n|rated|\n|rule|Species Clause: Limit one of each Pok\u00e9mon\n|rule|OHKO Clause: OHKO moves are banned\n|rule|Evasion Moves Clause: Evasion moves are banned\n|rule|Gravity Sleep Clause: The combination of sleep-inducing moves with imperfect accuracy and Gravity or Gigantamax Orbeetle are banned\n|rule|Endless Battle Clause: Forcing endless battles is banned\n|rule|HP Percentage Mod: HP is shown in percentages\n|clearpoke\n|poke|p1|Skeledirge, F|\n|poke|p1|Arboliva, M|\n|poke|p1|Farigiraf, M|\n|poke|p1|Empoleon, M|\n|poke|p1|Ribombee, F|\n|poke|p1|Landorus-Therian, M|\n|poke|p2|Rabsca, M|\n|poke|p2|Golem-Alola, M|\n|poke|p2|Ursaluna-Bloodmoon, M|\n|poke|p2|Slowking-Galar, F|\n|poke|p2|Trevenant, M|\n|poke|p2|Torkoal, M|\n|teampreview\n|\n|t:|1699484987\n|start\n|switch|p1a: Farigiraf|Farigiraf, M|100\/100\n|switch|p1b: Ribombee|Ribombee, F|100\/100\n|switch|p2a: Rabsca|Rabsca, M|100\/100\n|switch|p2b: Torkoal|Torkoal, M|100\/100\n|-weather|SunnyDay|[from] ability: Drought|[of] p2b: Torkoal\n|turn|1\n|\n|t:|1699485003\n|switch|p1b: Skeledirge|Skeledirge, F|100\/100\n|move|p1a: Farigiraf|Psychic|p2b: Torkoal\n|-damage|p2b: Torkoal|59\/100\n|move|p2b: Torkoal|Eruption|p1a: Farigiraf|[spread] p1a,p1b\n|-resisted|p1b: Skeledirge\n|-damage|p1a: Farigiraf|67\/100\n|-damage|p1b: Skeledirge|82\/100\n|move|p2a: Rabsca|Trick Room|p2a: Rabsca\n|-fieldstart|move: Trick Room|[of] p2a: Rabsca\n|\n|-weather|SunnyDay|[upkeep]\n|-heal|p1a: Farigiraf|73\/100|[from] item: Leftovers\n|upkeep\n|turn|2\n|\n|t:|1699485020\n|switch|p2a: Golem|Golem-Alola, M|100\/100\n|move|p2b: Torkoal|Heat Wave|p1b: Skeledirge|[spread] p1a,p1b\n|-resisted|p1b: Skeledirge\n|-damage|p1a: Farigiraf|32\/100\n|-damage|p1b: Skeledirge|64\/100\n|move|p1a: Farigiraf|Psychic|p2b: Torkoal\n|-damage|p2b: Torkoal|12\/100\n|move|p1b: Skeledirge|Torch Song|p2a: Golem\n|-resisted|p2a: Golem\n|-damage|p2a: Golem|60\/100\n|-boost|p1b: Skeledirge|spa|1\n|\n|-weather|SunnyDay|[upkeep]\n|-heal|p1a: Farigiraf|38\/100|[from] item: Leftovers\n|upkeep\n|turn|3\n|\n|t:|1699485042\n|switch|p1b: Landorus|Landorus-Therian, M|100\/100\n|-ability|p1b: Landorus|Intimidate|boost\n|-unboost|p2a: Golem|atk|1\n|-unboost|p2b: Torkoal|atk|1\n|move|p2b: Torkoal|Heat Wave|p1b: Landorus|[spread] p1a,p1b\n|-damage|p1a: Farigiraf|0 fnt\n|-damage|p1b: Landorus|46\/100\n|faint|p1a: Farigiraf\n|move|p2a: Golem|Stone Edge|p1b: Landorus|[miss]\n|-miss|p2a: Golem|p1b: Landorus\n|\n|-weather|SunnyDay|[upkeep]\n|-heal|p1b: Landorus|52\/100|[from] item: Leftovers\n|upkeep\n|\n|t:|1699485059\n|switch|p1a: Empoleon|Empoleon, M|100\/100\n|turn|4\n|\n|t:|1699485075\n|switch|p2a: Trevenant|Trevenant, M|100\/100\n|move|p1a: Empoleon|Aqua Jet|p2b: Torkoal\n|-supereffective|p2b: Torkoal\n|-damage|p2b: Torkoal|1\/100\n|move|p2b: Torkoal|Heat Wave|p1b: Landorus|[spread] p1a,p1b\n|-damage|p1a: Empoleon|46\/100\n|-damage|p1b: Landorus|0 fnt\n|faint|p1b: Landorus\n|\n|-weather|SunnyDay|[upkeep]\n|upkeep\n|\n|t:|1699485083\n|switch|p1b: Skeledirge|Skeledirge, F|64\/100\n|turn|5\n|\n|t:|1699485108\n|-terastallize|p2a: Trevenant|Water\n|move|p1a: Empoleon|Aqua Jet|p2b: Torkoal\n|-supereffective|p2b: Torkoal\n|-damage|p2b: Torkoal|0 fnt\n|faint|p2b: Torkoal\n|move|p2a: Trevenant|Substitute|p2a: Trevenant\n|-start|p2a: Trevenant|Substitute\n|-damage|p2a: Trevenant|75\/100\n|move|p1b: Skeledirge|Torch Song|p2a: Trevenant\n|-resisted|p2a: Trevenant\n|-crit|p2a: Trevenant\n|-damage|p2a: Trevenant|32\/100\n|-boost|p1b: Skeledirge|spa|1\n|-enditem|p2a: Trevenant|Sitrus Berry|[eat]\n|-heal|p2a: Trevenant|57\/100|[from] item: Sitrus Berry\n|\n|-weather|none\n|-fieldend|move: Trick Room\n|upkeep\n|\n|t:|1699485124\n|switch|p2b: Slowking|Slowking-Galar, F|100\/100\n|turn|6\n|\n|t:|1699485150\n|switch|p1a: Ribombee|Ribombee, F|100\/100\n|move|p1b: Skeledirge|Torch Song|p2a: Trevenant\n|-resisted|p2a: Trevenant\n|-crit|p2a: Trevenant\n|-damage|p2a: Trevenant|18\/100\n|-boost|p1b: Skeledirge|spa|1\n|move|p2b: Slowking|Toxic|p1b: Skeledirge\n|-status|p1b: Skeledirge|tox\n|move|p2a: Trevenant|Trick Room|p2a: Trevenant\n|-fieldstart|move: Trick Room|[of] p2a: Trevenant\n|\n|-damage|p1b: Skeledirge|58\/100 tox|[from] psn\n|-item|p2a: Trevenant|Sitrus Berry|[from] ability: Harvest\n|upkeep\n|-enditem|p2a: Trevenant|Sitrus Berry|[eat]\n|-heal|p2a: Trevenant|43\/100|[from] item: Sitrus Berry\n|turn|7\n|\n|t:|1699485179\n|move|p2b: Slowking|Toxic Spikes|p1b: Skeledirge\n|-sidestart|p1: GSTERS|move: Toxic Spikes\n|move|p2a: Trevenant|Leech Seed|p1b: Skeledirge\n|-start|p1b: Skeledirge|move: Leech Seed\n|move|p1b: Skeledirge|Snarl|p2a: Trevenant|[spread] p2a,p2b\n|-supereffective|p2b: Slowking\n|-damage|p2a: Trevenant|20\/100\n|-damage|p2b: Slowking|61\/100\n|-unboost|p2a: Trevenant|spa|1\n|-unboost|p2b: Slowking|spa|1\n|move|p1a: Ribombee|Switcheroo|p2b: Slowking\n|-activate|p1a: Ribombee|move: Trick|[of] p2b: Slowking\n|-item|p2b: Slowking|Choice Scarf|[from] move: Switcheroo\n|-item|p1a: Ribombee|Mental Herb|[from] move: Switcheroo\n|\n|-damage|p1b: Skeledirge|45\/100 tox|[from] Leech Seed|[of] p2a: Trevenant\n|-heal|p2a: Trevenant|36\/100|[silent]\n|-damage|p1b: Skeledirge|33\/100 tox|[from] psn\n|upkeep\n|turn|8\n|\n|t:|1699485199\n|switch|p1b: Empoleon|Empoleon, M|46\/100\n|move|p2b: Slowking|Toxic Spikes|p1b: Empoleon\n|-sidestart|p1: GSTERS|move: Toxic Spikes\n|move|p2a: Trevenant|Leech Seed|p1a: Ribombee\n|-start|p1a: Ribombee|move: Leech Seed\n|move|p1a: Ribombee|Light Screen|p1a: Ribombee\n|-sidestart|p1: GSTERS|move: Light Screen\n|\n|-damage|p1a: Ribombee|88\/100|[from] Leech Seed|[of] p2a: Trevenant\n|-heal|p2a: Trevenant|49\/100|[silent]\n|upkeep\n|turn|9\n|\n|t:|1699485215\n|switch|p2b: Golem|Golem-Alola, M|60\/100\n|switch|p1a: Skeledirge|Skeledirge, F|33\/100 tox\n|move|p2a: Trevenant|Leech Seed|p1b: Empoleon\n|-start|p1b: Empoleon|move: Leech Seed\n|move|p1b: Empoleon|Hydro Pump|p2b: Golem\n|-supereffective|p2b: Golem\n|-damage|p2b: Golem|0 fnt\n|faint|p2b: Golem\n|\n|-damage|p1b: Empoleon|34\/100|[from] Leech Seed|[of] p2a: Trevenant\n|-heal|p2a: Trevenant|64\/100|[silent]\n|-damage|p1a: Skeledirge|27\/100 tox|[from] psn\n|upkeep\n|\n|t:|1699485235\n|switch|p2b: Ursaluna|Ursaluna-Bloodmoon, M|100\/100\n|turn|10\n|\n|t:|1699485247\n|move|p2b: Ursaluna|Hyper Voice|p1a: Skeledirge|[spread] p1a,p1b\n|-resisted|p1b: Empoleon\n|-damage|p1a: Skeledirge|6\/100 tox\n|-damage|p1b: Empoleon|20\/100\n|move|p2a: Trevenant|Night Shade|p1b: Empoleon\n|-damage|p1b: Empoleon|0 fnt\n|faint|p1b: Empoleon\n|move|p1a: Skeledirge|Torch Song|p2b: Ursaluna\n|-damage|p2b: Ursaluna|58\/100\n|-boost|p1a: Skeledirge|spa|1\n|\n|-damage|p1a: Skeledirge|0 fnt|[from] psn\n|faint|p1a: Skeledirge\n|-fieldend|move: Trick Room\n|upkeep\n|\n|t:|1699485261\n|switch|p1a: Arboliva|Arboliva, M|100\/100\n|switch|p1b: Ribombee|Ribombee, F|88\/100\n|-status|p1b: Ribombee|tox\n|-status|p1a: Arboliva|tox\n|turn|11\n|\n|t:|1699485279\n|switch|p2b: Rabsca|Rabsca, M|100\/100\n|move|p1b: Ribombee|Moonblast|p2b: Rabsca\n|-crit|p2b: Rabsca\n|-damage|p2b: Rabsca|55\/100\n|move|p1a: Arboliva|Dazzling Gleam|p2b: Rabsca|[spread] p2a,p2b\n|-activate|p2a: Trevenant|move: Substitute|[damage]\n|-damage|p2b: Rabsca|36\/100\n|move|p2a: Trevenant|Trick Room|p2a: Trevenant\n|-fieldstart|move: Trick Room|[of] p2a: Trevenant\n|\n|-damage|p1a: Arboliva|94\/100 tox|[from] psn\n|-damage|p1b: Ribombee|82\/100 tox|[from] psn\n|-item|p2a: Trevenant|Sitrus Berry|[from] ability: Harvest\n|upkeep\n|turn|12\n|\n|t:|1699485304\n|move|p1a: Arboliva|Dazzling Gleam|p2b: Rabsca|[spread] p2a,p2b\n|-end|p2a: Trevenant|Substitute\n|-damage|p2b: Rabsca|16\/100\n|move|p2b: Rabsca|Revival Blessing|p2b: Rabsca\n|\n|t:|1699485308\n|-heal|p2: Torkoal|50\/100|[from] move: Revival Blessing\n|move|p2a: Trevenant|Leech Seed|p1b: Ribombee\n|-start|p1b: Ribombee|move: Leech Seed\n|move|p1b: Ribombee|Moonblast|p2a: Trevenant\n|-damage|p2a: Trevenant|37\/100\n|-enditem|p2a: Trevenant|Sitrus Berry|[eat]\n|-heal|p2a: Trevenant|62\/100|[from] item: Sitrus Berry\n|\n|-damage|p1b: Ribombee|70\/100 tox|[from] Leech Seed|[of] p2a: Trevenant\n|-heal|p2a: Trevenant|75\/100|[silent]\n|-damage|p1a: Arboliva|82\/100 tox|[from] psn\n|-damage|p1b: Ribombee|57\/100 tox|[from] psn\n|-sideend|p1: GSTERS|move: Light Screen\n|upkeep\n|turn|13\n|\n|t:|1699485335\n|move|p1a: Arboliva|Earth Power|p2b: Rabsca\n|-resisted|p2b: Rabsca\n|-damage|p2b: Rabsca|2\/100\n|move|p2b: Rabsca|Struggle Bug|p1b: Ribombee|[spread] p1a,p1b\n|-supereffective|p1a: Arboliva\n|-crit|p1a: Arboliva\n|-resisted|p1b: Ribombee\n|-damage|p1a: Arboliva|42\/100 tox\n|-damage|p1b: Ribombee|48\/100 tox\n|-unboost|p1a: Arboliva|spa|1\n|-unboost|p1b: Ribombee|spa|1\n|-fieldstart|move: Grassy Terrain|[from] ability: Seed Sower|[of] p1a: Arboliva\n|move|p2a: Trevenant|Substitute|p2a: Trevenant\n|-start|p2a: Trevenant|Substitute\n|-damage|p2a: Trevenant|50\/100\n|move|p1b: Ribombee|Moonblast|p2a: Trevenant\n|-activate|p2a: Trevenant|move: Substitute|[damage]\n|\n|-heal|p1a: Arboliva|48\/100 tox|[from] Grassy Terrain\n|-heal|p2b: Rabsca|8\/100|[from] Grassy Terrain\n|-heal|p2a: Trevenant|56\/100|[from] Grassy Terrain\n|-heal|p1b: Ribombee|54\/100 tox|[from] Grassy Terrain\n|-damage|p1b: Ribombee|42\/100 tox|[from] Leech Seed|[of] p2a: Trevenant\n|-heal|p2a: Trevenant|69\/100|[silent]\n|-damage|p1a: Arboliva|30\/100 tox|[from] psn\n|-damage|p1b: Ribombee|23\/100 tox|[from] psn\n|-item|p2a: Trevenant|Sitrus Berry|[from] ability: Harvest\n|upkeep\n|turn|14\n|-message|GSTERS forfeited.\n|\n|win|ac1516\n|raw|GSTERS's rating: 1283 &rarr; <strong>1264<\/strong><br \/>(-19 for losing)\n|raw|ac1516's rating: 1375 &rarr; <strong>1390<\/strong><br \/>(+15 for winning)\n|l|\u2606GSTERS\n","uploadtime":1699485361,"views":23,"p1id":"gsters","p2id":"ac1516","formatid":"gen9doublesou","rating":1264,"private":0,"password":""}