{"id":"gen9doublesou-1977044934","p1":"easdf","p2":"lilbookcase","format":"[Gen 9] Doubles OU","log":"|j|\u2606easdf\n|j|\u2606lilbookcase\n|t:|1698365315\n|gametype|doubles\n|player|p1|easdf|falkner|\n|player|p2|lilbookcase|rocketgruntf|\n|teamsize|p1|6\n|teamsize|p2|6\n|gen|9\n|tier|[Gen 9] Doubles OU\n|rule|Species Clause: Limit one of each Pok\u00e9mon\n|rule|OHKO Clause: OHKO moves are banned\n|rule|Evasion Moves Clause: Evasion moves are banned\n|rule|Gravity Sleep Clause: The combination of sleep-inducing moves with imperfect accuracy and Gravity or Gigantamax Orbeetle are banned\n|rule|Endless Battle Clause: Forcing endless battles is banned\n|rule|HP Percentage Mod: HP is shown in percentages\n|clearpoke\n|poke|p1|Chandelure, F|\n|poke|p1|Murkrow, M|\n|poke|p1|Volcarona, M|\n|poke|p1|Abomasnow, F|\n|poke|p1|Zoroark-Hisui, M|\n|poke|p1|Shiftry, F|\n|poke|p2|Roaring Moon|\n|poke|p2|Weezing-Galar, F|\n|poke|p2|Gholdengo|\n|poke|p2|Ursaluna, F|\n|poke|p2|Hatterene, F|\n|poke|p2|Gothitelle, F|\n|teampreview\n|\n|t:|1698365345\n|start\n|switch|p1a: Liminal Land|Chandelure, F|100\/100\n|switch|p1b: Local 58|Murkrow, M|100\/100\n|switch|p2a: Roaring Gibbous|Roaring Moon|100\/100\n|switch|p2b: Waxaluna|Ursaluna, F|100\/100\n|-enditem|p2a: Roaring Gibbous|Booster Energy\n|-activate|p2a: Roaring Gibbous|ability: Protosynthesis|[fromitem]\n|-start|p2a: Roaring Gibbous|protosynthesisspe\n|turn|1\n|\n|t:|1698365373\n|switch|p2b: Smokin that Toxin|Weezing-Galar, F|100\/100\n|-ability|p2b: Smokin that Toxin|Neutralizing Gas\n|replace|p1a: MandelaCatalogue|Zoroark-Hisui, M\n|-end|p1a: MandelaCatalogue|Illusion\n|move|p2a: Roaring Gibbous|Knock Off|p1a: MandelaCatalogue\n|-supereffective|p1a: MandelaCatalogue\n|-enditem|p1a: MandelaCatalogue|Colbur Berry|[eat]\n|-enditem|p1a: MandelaCatalogue|Colbur Berry|[weaken]\n|-damage|p1a: MandelaCatalogue|0 fnt\n|faint|p1a: MandelaCatalogue\n|move|p1b: Local 58|Tailwind|p1b: Local 58\n|-sidestart|p1: easdf|move: Tailwind\n|\n|upkeep\n|\n|t:|1698365387\n|switch|p1a: GeminiHome|Volcarona, M|100\/100\n|turn|2\n|\n|t:|1698365408\n|move|p2a: Roaring Gibbous|Tailwind|p2a: Roaring Gibbous\n|-sidestart|p2: lilbookcase|move: Tailwind\n|move|p1a: GeminiHome|Bug Buzz|p2a: Roaring Gibbous\n|-supereffective|p2a: Roaring Gibbous\n|-damage|p2a: Roaring Gibbous|6\/100\n|move|p1b: Local 58|Icy Wind|p2a: Roaring Gibbous|[spread] p2a,p2b\n|-supereffective|p2a: Roaring Gibbous\n|-damage|p2a: Roaring Gibbous|0 fnt\n|-damage|p2b: Smokin that Toxin|92\/100\n|-unboost|p2b: Smokin that Toxin|spe|1\n|faint|p2a: Roaring Gibbous\n|-end|p2a: Roaring Gibbous|Protosynthesis|[silent]\n|move|p2b: Smokin that Toxin|Will-O-Wisp|p1b: Local 58\n|-status|p1b: Local 58|brn\n|\n|-heal|p2b: Smokin that Toxin|98\/100|[from] item: Leftovers\n|-damage|p1b: Local 58|94\/100 brn|[from] brn\n|upkeep\n|\n|t:|1698365415\n|switch|p2a: Waxaluna|Ursaluna, F|100\/100\n|turn|3\n|\n|t:|1698365447\n|move|p1a: GeminiHome|Heat Wave|p2b: Smokin that Toxin|[spread] p2a,p2b\n|-damage|p2a: Waxaluna|64\/100\n|-damage|p2b: Smokin that Toxin|62\/100\n|move|p1b: Local 58|Icy Wind|p2a: Waxaluna|[spread] p2a,p2b\n|-supereffective|p2a: Waxaluna\n|-damage|p2a: Waxaluna|48\/100\n|-damage|p2b: Smokin that Toxin|54\/100\n|-unboost|p2a: Waxaluna|spe|1\n|-unboost|p2b: Smokin that Toxin|spe|1\n|move|p2a: Waxaluna|Headlong Rush|p1a: GeminiHome\n|-damage|p1a: GeminiHome|24\/100\n|-unboost|p2a: Waxaluna|def|1\n|-unboost|p2a: Waxaluna|spd|1\n|move|p2b: Smokin that Toxin|Dazzling Gleam|p1a: GeminiHome|[spread] p1a,p1b\n|-resisted|p1a: GeminiHome\n|-supereffective|p1b: Local 58\n|-damage|p1a: GeminiHome|15\/100\n|-damage|p1b: Local 58|49\/100 brn\n|\n|-heal|p2b: Smokin that Toxin|60\/100|[from] item: Leftovers\n|-damage|p1b: Local 58|43\/100 brn|[from] brn\n|-status|p2a: Waxaluna|brn|[from] item: Flame Orb\n|upkeep\n|turn|4\n|\n|t:|1698365485\n|move|p2a: Waxaluna|Protect|p2a: Waxaluna\n|-singleturn|p2a: Waxaluna|Protect\n|move|p1a: GeminiHome|Heat Wave|p2a: Waxaluna|[spread] p2b\n|-activate|p2a: Waxaluna|move: Protect\n|-damage|p2b: Smokin that Toxin|25\/100\n|move|p1b: Local 58|U-turn|p2a: Waxaluna\n|-activate|p2a: Waxaluna|move: Protect\n|move|p2b: Smokin that Toxin|Explosion|p1a: GeminiHome|[spread] p1a,p1b\n|-activate|p2a: Waxaluna|move: Protect\n|-damage|p1a: GeminiHome|0 fnt\n|-damage|p1b: Local 58|0 fnt\n|faint|p2b: Smokin that Toxin\n|-end|p2b: Smokin that Toxin|ability: Neutralizing Gas\n|faint|p1a: GeminiHome\n|faint|p1b: Local 58\n|\n|-damage|p2a: Waxaluna|42\/100 brn|[from] brn\n|-sideend|p1: easdf|move: Tailwind\n|upkeep\n|\n|t:|1698365507\n|switch|p1a: Liminal Land|Chandelure, F|100\/100\n|switch|p1b: GREYLOCK|Shiftry, F, shiny|100\/100\n|switch|p2b: Mr. Joe|Gholdengo|100\/100\n|turn|5\n|\n|t:|1698365559\n|-terastallize|p1a: Liminal Land|Fire\n|move|p2b: Mr. Joe|Make It Rain|p1a: Liminal Land|[spread] p1a,p1b\n|-resisted|p1a: Liminal Land\n|-damage|p1a: Liminal Land|54\/100\n|-damage|p1b: GREYLOCK|0 fnt\n|-unboost|p2b: Mr. Joe|spa|1\n|faint|p1b: GREYLOCK\n|move|p2a: Waxaluna|Headlong Rush|p1a: Liminal Land\n|-supereffective|p1a: Liminal Land\n|-damage|p1a: Liminal Land|0 fnt\n|-unboost|p2a: Waxaluna|def|1\n|-unboost|p2a: Waxaluna|spd|1\n|faint|p1a: Liminal Land\n|\n|-damage|p2a: Waxaluna|35\/100 brn|[from] brn\n|-sideend|p2: lilbookcase|move: Tailwind\n|upkeep\n|\n|t:|1698365571\n|switch|p1b: Winter of '83|Abomasnow, F|100\/100\n|turn|6\n|\n|t:|1698365579\n|switch|p2a: Treat|Gothitelle, F|100\/100\n|-item|p1b: Winter of '83|Choice Band|[from] ability: Frisk|[of] p2a: Treat|[identify]\n|move|p1b: Winter of '83|Earthquake|p2a: Treat|[spread] p2a,p2b\n|-supereffective|p2b: Mr. Joe\n|-damage|p2a: Treat|75\/100\n|-damage|p2b: Mr. Joe|40\/100\n|move|p2b: Mr. Joe|Make It Rain|p1b: Winter of '83\n|-supereffective|p1b: Winter of '83\n|-damage|p1b: Winter of '83|0 fnt\n|-unboost|p2b: Mr. Joe|spa|1\n|faint|p1b: Winter of '83\n|\n|win|lilbookcase\n","uploadtime":1698365597,"views":18,"p1id":"easdf","p2id":"lilbookcase","formatid":"gen9doublesou","rating":0,"private":0,"password":""}