{"id":"gen9doublesou-1972269108","p1":"qtip6996","p2":"MoxyyMaroon","format":"[Gen 9] Doubles OU","log":"|j|\u2606qtip6996\n|j|\u2606MoxyyMaroon\n|t:|1697826630\n|gametype|doubles\n|player|p1|qtip6996|fisherman-gen4|\n|player|p2|MoxyyMaroon|caitlin|\n|teamsize|p1|6\n|teamsize|p2|6\n|gen|9\n|tier|[Gen 9] Doubles OU\n|rule|Species Clause: Limit one of each Pok\u00e9mon\n|rule|OHKO Clause: OHKO moves are banned\n|rule|Evasion Moves Clause: Evasion moves are banned\n|rule|Gravity Sleep Clause: The combination of sleep-inducing moves with imperfect accuracy and Gravity or Gigantamax Orbeetle are banned\n|rule|Endless Battle Clause: Forcing endless battles is banned\n|rule|HP Percentage Mod: HP is shown in percentages\n|clearpoke\n|poke|p1|Garganacl, M|\n|poke|p1|Tyranitar, F|\n|poke|p1|Glimmora, F|\n|poke|p1|Lycanroc, M|\n|poke|p1|Stonjourner, M|\n|poke|p1|Magcargo, F|\n|poke|p2|Torkoal, F|\n|poke|p2|Indeedee-F, F|\n|poke|p2|Armarouge, F|\n|poke|p2|Great Tusk|\n|poke|p2|Talonflame, M|\n|poke|p2|Kingambit, M|\n|teampreview\n|\n|t:|1697826689\n|start\n|switch|p1a: Tyranitar|Tyranitar, F|100\/100\n|switch|p1b: Stonjourner|Stonjourner, M, shiny|100\/100\n|switch|p2a: Chase FunWrap|Great Tusk|100\/100\n|switch|p2b: Gamesarebigepic|Talonflame, M, shiny|100\/100\n|-weather|Sandstorm|[from] ability: Sand Stream|[of] p1a: Tyranitar\n|turn|1\n|\n|t:|1697826869\n|-terastallize|p2a: Chase FunWrap|Ground\n|move|p2b: Gamesarebigepic|Tailwind|p2b: Gamesarebigepic\n|-sidestart|p2: MoxyyMaroon|move: Tailwind\n|move|p2a: Chase FunWrap|Earthquake|p1a: Tyranitar|[spread] p1a,p1b\n|-immune|p2b: Gamesarebigepic\n|-supereffective|p1a: Tyranitar\n|-supereffective|p1b: Stonjourner\n|-damage|p1a: Tyranitar|18\/100\n|-damage|p1b: Stonjourner|28\/100\n|move|p1b: Stonjourner|Heavy Slam|p2a: Chase FunWrap\n|-damage|p2a: Chase FunWrap|89\/100\n|move|p1a: Tyranitar|Rock Slide|p2a: Chase FunWrap|[spread] p2a,p2b\n|-resisted|p2a: Chase FunWrap\n|-supereffective|p2b: Gamesarebigepic\n|-damage|p2a: Chase FunWrap|75\/100\n|-damage|p2b: Gamesarebigepic|0 fnt\n|faint|p2b: Gamesarebigepic\n|\n|-weather|Sandstorm|[upkeep]\n|upkeep\n|\n|t:|1697826910\n|switch|p2b: Master Juno|Torkoal, F|100\/100\n|-weather|SunnyDay|[from] ability: Drought|[of] p2b: Master Juno\n|-activate|p2a: Chase FunWrap|ability: Protosynthesis\n|-start|p2a: Chase FunWrap|protosynthesisatk\n|turn|2\n|\n|t:|1697826953\n|switch|p1b: Garganacl|Garganacl, M|100\/100\n|move|p1a: Tyranitar|Protect|p1a: Tyranitar\n|-singleturn|p1a: Tyranitar|Protect\n|move|p2a: Chase FunWrap|Headlong Rush|p1a: Tyranitar\n|-activate|p1a: Tyranitar|move: Protect\n|move|p2b: Master Juno|Earth Power|p1b: Garganacl\n|-supereffective|p1b: Garganacl\n|-damage|p1b: Garganacl|68\/100\n|\n|-weather|SunnyDay|[upkeep]\n|-heal|p1b: Garganacl|75\/100|[from] item: Leftovers\n|upkeep\n|turn|3\n|\n|t:|1697827100\n|switch|p1a: Magcargo|Magcargo, F|100\/100\n|move|p2a: Chase FunWrap|Headlong Rush|p1b: Garganacl\n|-supereffective|p1b: Garganacl\n|-damage|p1b: Garganacl|0 fnt\n|-unboost|p2a: Chase FunWrap|def|1\n|-unboost|p2a: Chase FunWrap|spd|1\n|faint|p1b: Garganacl\n|move|p2b: Master Juno|Earth Power|p1a: Magcargo\n|-supereffective|p1a: Magcargo\n|-damage|p1a: Magcargo|14\/100\n|\n|-weather|SunnyDay|[upkeep]\n|upkeep\n|\n|t:|1697827120\n|switch|p1b: Tyranitar|Tyranitar, F|18\/100\n|-weather|Sandstorm|[from] ability: Sand Stream|[of] p1b: Tyranitar\n|-end|p2a: Chase FunWrap|Protosynthesis\n|turn|4\n|\n|t:|1697827142\n|switch|p1b: Lycanroc|Lycanroc, M, shiny|100\/100\n|move|p2a: Chase FunWrap|Headlong Rush|p1b: Lycanroc\n|-supereffective|p1b: Lycanroc\n|-enditem|p1b: Lycanroc|Focus Sash\n|-damage|p1b: Lycanroc|1\/100\n|-unboost|p2a: Chase FunWrap|def|1\n|-unboost|p2a: Chase FunWrap|spd|1\n|move|p1a: Magcargo|Reflect|p1a: Magcargo\n|-sidestart|p1: qtip6996|Reflect\n|move|p2b: Master Juno|Earth Power|p1a: Magcargo\n|-supereffective|p1a: Magcargo\n|-damage|p1a: Magcargo|0 fnt\n|faint|p1a: Magcargo\n|\n|-weather|Sandstorm|[upkeep]\n|-damage|p2b: Master Juno|94\/100|[from] Sandstorm\n|-sideend|p2: MoxyyMaroon|move: Tailwind\n|upkeep\n|\n|t:|1697827219\n|switch|p1a: Stonjourner|Stonjourner, M, shiny|28\/100\n|turn|5\n|\n|t:|1697827256\n|move|p1a: Stonjourner|Wide Guard|p1a: Stonjourner\n|-singleturn|p1a: Stonjourner|Wide Guard\n|move|p1b: Lycanroc|Accelerock|p2a: Chase FunWrap\n|-resisted|p2a: Chase FunWrap\n|-damage|p2a: Chase FunWrap|54\/100\n|move|p2a: Chase FunWrap|Headlong Rush|p1b: Lycanroc\n|-supereffective|p1b: Lycanroc\n|-damage|p1b: Lycanroc|0 fnt\n|-unboost|p2a: Chase FunWrap|def|1\n|-unboost|p2a: Chase FunWrap|spd|1\n|faint|p1b: Lycanroc\n|move|p2b: Master Juno|Earth Power|p1a: Stonjourner\n|-supereffective|p1a: Stonjourner\n|-damage|p1a: Stonjourner|0 fnt\n|faint|p1a: Stonjourner\n|\n|-weather|Sandstorm|[upkeep]\n|-damage|p2b: Master Juno|88\/100|[from] Sandstorm\n|upkeep\n|c|\u2606qtip6996|oh.\n|c|\u2606MoxyyMaroon|i was NOT about to iuse earthquake with a torkoal beside me\n|c|\u2606qtip6996|but\n|c|\u2606qtip6996|it wouldve been awesome\n|c|\u2606MoxyyMaroon|No it would not\n|c|\u2606qtip6996|it would be so awesome\n|\n|t:|1697827350\n|switch|p1b: Tyranitar|Tyranitar, F|18\/100\n|switch|p1a: Glimmora|Glimmora, F, shiny|100\/100\n|turn|6\n|\n|t:|1697827460\n|move|p2a: Chase FunWrap|Headlong Rush|p1a: Glimmora\n|-supereffective|p1a: Glimmora\n|-damage|p1a: Glimmora|0 fnt\n|-unboost|p2a: Chase FunWrap|def|1\n|-unboost|p2a: Chase FunWrap|spd|1\n|-activate|p1a: Glimmora|ability: Toxic Debris\n|-sidestart|p2: MoxyyMaroon|move: Toxic Spikes\n|faint|p1a: Glimmora\n|move|p1b: Tyranitar|Rock Slide|p2a: Chase FunWrap|[spread] p2a,p2b\n|-resisted|p2a: Chase FunWrap\n|-supereffective|p2b: Master Juno\n|-damage|p2a: Chase FunWrap|16\/100\n|-damage|p2b: Master Juno|38\/100\n|move|p2b: Master Juno|Earth Power|p1b: Tyranitar\n|-supereffective|p1b: Tyranitar\n|-damage|p1b: Tyranitar|0 fnt\n|faint|p1b: Tyranitar\n|\n|win|MoxyyMaroon\n|c|\u2606qtip6996|ggs chat\n|c|\u2606MoxyyMaroon|Geegee\n|c|\u2606qtip6996|IDK HOW TO USE HIS TEAM STILL\n|c|\u2606qtip6996|its a learning process\n|c|\u2606qtip6996|i swear by match 4 ill win\n|c|\u2606MoxyyMaroon|OKAY...\n","uploadtime":1697827518,"views":9,"p1id":"qtip6996","p2id":"moxyymaroon","formatid":"gen9doublesou","rating":0,"private":0,"password":""}