{"id":"gen9doublesou-1991760835","p1":"CertifiedRainman","p2":"Metal Jester","format":"[Gen 9] Doubles OU","log":"|j|\u2606CertifiedRainman\n|j|\u2606Metal Jester\n|t:|1700112564\n|gametype|doubles\n|player|p1|CertifiedRainman|rood|1420\n|player|p2|Metal Jester|ingo|1350\n|teamsize|p1|6\n|teamsize|p2|6\n|gen|9\n|tier|[Gen 9] Doubles OU\n|rated|\n|rule|Species Clause: Limit one of each Pok\u00e9mon\n|rule|OHKO Clause: OHKO moves are banned\n|rule|Evasion Moves Clause: Evasion moves are banned\n|rule|Gravity Sleep Clause: The combination of sleep-inducing moves with imperfect accuracy and Gravity or Gigantamax Orbeetle are banned\n|rule|Endless Battle Clause: Forcing endless battles is banned\n|rule|HP Percentage Mod: HP is shown in percentages\n|clearpoke\n|poke|p1|Chien-Pao|\n|poke|p1|Iron Hands|\n|poke|p1|Diancie|\n|poke|p1|Indeedee-F, F|\n|poke|p1|Armarouge, M|\n|poke|p1|Kingambit, F|\n|poke|p2|Scizor, M|\n|poke|p2|Scyther, M|\n|poke|p2|Kleavor, M|\n|poke|p2|Vivillon-Fancy, F|\n|poke|p2|Great Tusk|\n|poke|p2|Barraskewda, M|\n|teampreview\n|inactive|Battle timer is ON: inactive players will automatically lose when time's up. (requested by Metal Jester)\n|\n|t:|1700112576\n|start\n|switch|p1a: Armarouge|Armarouge, M|100\/100\n|switch|p1b: Indeedee|Indeedee-F, F|100\/100\n|switch|p2a: Kleavor|Kleavor, M, shiny|100\/100\n|switch|p2b: Barraskewda|Barraskewda, M, shiny|100\/100\n|-fieldstart|move: Psychic Terrain|[from] ability: Psychic Surge|[of] p1b: Indeedee\n|turn|1\n|\n|t:|1700112584\n|move|p1b: Indeedee|Follow Me|p1b: Indeedee\n|-singleturn|p1b: Indeedee|move: Follow Me\n|move|p2b: Barraskewda|Waterfall|p1a: Armarouge\n|-supereffective|p1a: Armarouge\n|-damage|p1a: Armarouge|0 fnt\n|faint|p1a: Armarouge\n|move|p2a: Kleavor|X-Scissor|p1b: Indeedee\n|-supereffective|p1b: Indeedee\n|-damage|p1b: Indeedee|0 fnt\n|faint|p1b: Indeedee\n|-damage|p2a: Kleavor|91\/100|[from] item: Life Orb\n|\n|upkeep\n|\n|t:|1700112612\n|switch|p1b: Chien-Pao|Chien-Pao|100\/100\n|switch|p1a: Diancie|Diancie|100\/100\n|-ability|p1b: Chien-Pao|Sword of Ruin\n|turn|2\n|\n|t:|1700112627\n|-terastallize|p1a: Diancie|Steel\n|move|p1b: Chien-Pao|Protect|p1b: Chien-Pao\n|-singleturn|p1b: Chien-Pao|Protect\n|move|p2a: Kleavor|Protect|p2a: Kleavor\n|-singleturn|p2a: Kleavor|Protect\n|move|p2b: Barraskewda|Waterfall|p1b: Chien-Pao\n|-activate|p1b: Chien-Pao|move: Protect\n|move|p1a: Diancie|Diamond Storm|p2b: Barraskewda|[spread] p2b\n|-activate|p2a: Kleavor|move: Protect\n|-damage|p2b: Barraskewda|0 fnt\n|-boost|p1a: Diancie|def|2\n|faint|p2b: Barraskewda\n|\n|upkeep\n|\n|t:|1700112632\n|switch|p2b: Scizor|Scizor, M|100\/100\n|turn|3\n|\n|t:|1700112654\n|switch|p1b: Iron Hands|Iron Hands|100\/100\n|move|p2b: Scizor|Protect|p2b: Scizor\n|-singleturn|p2b: Scizor|Protect\n|move|p2a: Kleavor|Stone Axe|p1b: Iron Hands\n|-resisted|p1b: Iron Hands\n|-damage|p1b: Iron Hands|78\/100\n|-sidestart|p1: CertifiedRainman|move: Stealth Rock\n|-damage|p2a: Kleavor|81\/100|[from] item: Life Orb\n|move|p1a: Diancie|Diamond Storm|p2b: Scizor|[spread] p2a\n|-activate|p2b: Scizor|move: Protect\n|-supereffective|p2a: Kleavor\n|-damage|p2a: Kleavor|0 fnt\n|faint|p2a: Kleavor\n|\n|upkeep\n|\n|t:|1700112672\n|switch|p2a: Vivillon|Vivillon-Fancy, F|100\/100\n|turn|4\n|\n|t:|1700112683\n|-end|p1b: Iron Hands|Quark Drive|[silent]\n|switch|p1b: Chien-Pao|Chien-Pao|100\/100\n|-damage|p1b: Chien-Pao|76\/100|[from] Stealth Rock\n|-ability|p1b: Chien-Pao|Sword of Ruin\n|move|p2a: Vivillon|Sleep Powder|p1a: Diancie\n|-status|p1a: Diancie|slp|[from] move: Sleep Powder\n|move|p2b: Scizor|Swords Dance|p2b: Scizor\n|-boost|p2b: Scizor|atk|2\n|cant|p1a: Diancie|slp\n|\n|upkeep\n|turn|5\n|\n|t:|1700112698\n|move|p1b: Chien-Pao|Ice Shard|p2a: Vivillon\n|-hint|Psychic Terrain doesn't affect Pok\u00e9mon immune to Ground.\n|-supereffective|p2a: Vivillon\n|-damage|p2a: Vivillon|0 fnt\n|faint|p2a: Vivillon\n|move|p2b: Scizor|Bullet Punch|p1b: Chien-Pao\n|-activate|p1b: Chien-Pao|move: Psychic Terrain\n|cant|p1a: Diancie|slp\n|\n|-fieldend|move: Psychic Terrain\n|upkeep\n|\n|t:|1700112707\n|switch|p2a: Great Tusk|Great Tusk|100\/100\n|-enditem|p2a: Great Tusk|Booster Energy\n|-activate|p2a: Great Tusk|ability: Protosynthesis|[fromitem]\n|-start|p2a: Great Tusk|protosynthesisatk\n|turn|6\n|\n|t:|1700112719\n|-terastallize|p2a: Great Tusk|Bug\n|move|p1b: Chien-Pao|Protect|p1b: Chien-Pao\n|-singleturn|p1b: Chien-Pao|Protect\n|move|p2b: Scizor|Bullet Punch|p1b: Chien-Pao\n|-activate|p1b: Chien-Pao|move: Protect\n|move|p2a: Great Tusk|Headlong Rush|p1a: Diancie\n|-supereffective|p1a: Diancie\n|-damage|p1a: Diancie|0 fnt\n|-unboost|p2a: Great Tusk|def|1\n|-unboost|p2a: Great Tusk|spd|1\n|faint|p1a: Diancie\n|\n|upkeep\n|\n|t:|1700112730\n|switch|p1a: Iron Hands|Iron Hands|78\/100\n|-damage|p1a: Iron Hands|71\/100|[from] Stealth Rock\n|turn|7\n|\n|t:|1700112743\n|-end|p2a: Great Tusk|Protosynthesis|[silent]\n|switch|p2a: Scyther|Scyther, M|100\/100\n|move|p2b: Scizor|Protect|p2b: Scizor\n|-singleturn|p2b: Scizor|Protect\n|move|p1a: Iron Hands|Fake Out|p2b: Scizor\n|-activate|p2b: Scizor|move: Protect\n|move|p1b: Chien-Pao|Ice Shard|p2a: Scyther\n|-supereffective|p2a: Scyther\n|-damage|p2a: Scyther|40\/100\n|\n|upkeep\n|turn|8\n|\n|t:|1700112757\n|move|p2a: Scyther|Protect|p2a: Scyther\n|-singleturn|p2a: Scyther|Protect\n|move|p1b: Chien-Pao|Ice Shard|p2a: Scyther\n|-activate|p2a: Scyther|move: Protect\n|move|p2b: Scizor|Bullet Punch|p1b: Chien-Pao\n|-supereffective|p1b: Chien-Pao\n|-damage|p1b: Chien-Pao|0 fnt\n|faint|p1b: Chien-Pao\n|-damage|p2b: Scizor|91\/100|[from] item: Life Orb\n|move|p1a: Iron Hands|Close Combat|p2b: Scizor\n|-damage|p2b: Scizor|29\/100\n|-unboost|p1a: Iron Hands|def|1\n|-unboost|p1a: Iron Hands|spd|1\n|\n|upkeep\n|\n|t:|1700112762\n|switch|p1b: Kingambit|Kingambit, F|100\/100\n|-damage|p1b: Kingambit|94\/100|[from] Stealth Rock\n|-activate|p1b: Kingambit|ability: Supreme Overlord\n|-start|p1b: Kingambit|fallen4|[silent]\n|turn|9\n|\n|t:|1700112783\n|move|p1b: Kingambit|Sucker Punch|p2b: Scizor\n|-damage|p2b: Scizor|0 fnt\n|faint|p2b: Scizor\n|-damage|p1b: Kingambit|84\/100|[from] item: Life Orb\n|move|p2a: Scyther|Close Combat|p1b: Kingambit\n|-supereffective|p1b: Kingambit\n|-damage|p1b: Kingambit|0 fnt\n|-unboost|p2a: Scyther|def|1\n|-unboost|p2a: Scyther|spd|1\n|faint|p1b: Kingambit\n|-end|p1b: Kingambit|fallen4|[silent]\n|move|p1a: Iron Hands|Ice Punch|p2a: Scyther\n|-supereffective|p2a: Scyther\n|-damage|p2a: Scyther|0 fnt\n|faint|p2a: Scyther\n|\n|upkeep\n|\n|t:|1700112791\n|switch|p2a: Great Tusk|Great Tusk, tera:Bug|100\/100\n|turn|10\n|\n|t:|1700112803\n|move|p2a: Great Tusk|Headlong Rush|p1a: Iron Hands\n|-supereffective|p1a: Iron Hands\n|-crit|p1a: Iron Hands\n|-damage|p1a: Iron Hands|0 fnt\n|-unboost|p2a: Great Tusk|def|1\n|-unboost|p2a: Great Tusk|spd|1\n|faint|p1a: Iron Hands\n|-end|p1a: Iron Hands|Quark Drive|[silent]\n|\n|win|Metal Jester\n|raw|CertifiedRainman's rating: 1420 &rarr; <strong>1396<\/strong><br \/>(-24 for losing)\n|raw|Metal Jester's rating: 1350 &rarr; <strong>1374<\/strong><br \/>(+24 for winning)\n|l|\u2606CertifiedRainman\n","uploadtime":1700112819,"views":16,"p1id":"certifiedrainman","p2id":"metaljester","formatid":"gen9doublesou","rating":1374,"private":0,"password":""}