{"id":"gen9doublesou-1989740953","p1":"RoseWolf8","p2":"Azuretx","format":"[Gen 9] Doubles OU","log":"|j|\u2606RoseWolf8\n|j|\u2606Azuretx\n|t:|1699891763\n|gametype|doubles\n|player|p1|RoseWolf8|n|1084\n|player|p2|Azuretx|boarder|1000\n|teamsize|p1|6\n|teamsize|p2|6\n|gen|9\n|tier|[Gen 9] Doubles OU\n|rated|\n|rule|Species Clause: Limit one of each Pok\u00e9mon\n|rule|OHKO Clause: OHKO moves are banned\n|rule|Evasion Moves Clause: Evasion moves are banned\n|rule|Gravity Sleep Clause: The combination of sleep-inducing moves with imperfect accuracy and Gravity or Gigantamax Orbeetle are banned\n|rule|Endless Battle Clause: Forcing endless battles is banned\n|rule|HP Percentage Mod: HP is shown in percentages\n|clearpoke\n|poke|p1|Meowscarada, F|\n|poke|p1|Iron Bundle|\n|poke|p1|Ninetales-Alola, F|\n|poke|p1|Sylveon, F|\n|poke|p1|Chandelure, M|\n|poke|p1|Kingambit, M|\n|poke|p2|Zapdos-Galar|\n|poke|p2|Slowking-Galar, F|\n|poke|p2|Gliscor, F|\n|poke|p2|Rotom-Frost|\n|poke|p2|Lilligant-Hisui, F|\n|poke|p2|Whiscash, M|\n|teampreview\n|\n|t:|1699891768\n|start\n|switch|p1a: Queen|Ninetales-Alola, F|100\/100\n|switch|p1b: Clara|Sylveon, F|100\/100\n|switch|p2a: Slowking|Slowking-Galar, F, shiny|100\/100\n|switch|p2b: Gliscor|Gliscor, F, shiny|100\/100\n|-weather|Snow|[from] ability: Snow Warning|[of] p1a: Queen\n|turn|1\n|\n|t:|1699891804\n|move|p1a: Queen|Aurora Veil|p1a: Queen\n|-sidestart|p1: RoseWolf8|move: Aurora Veil\n|move|p2b: Gliscor|Substitute|p2b: Gliscor\n|-start|p2b: Gliscor|Substitute\n|-damage|p2b: Gliscor|76\/100\n|move|p1b: Clara|Reflect|p1b: Clara\n|-sidestart|p1: RoseWolf8|Reflect\n|move|p2a: Slowking|Sludge Bomb|p1a: Queen\n|-supereffective|p1a: Queen\n|-damage|p1a: Queen|13\/100\n|-damage|p2a: Slowking|91\/100|[from] item: Life Orb\n|\n|-weather|Snow|[upkeep]\n|-status|p2b: Gliscor|tox|[from] item: Toxic Orb\n|upkeep\n|turn|2\n|\n|t:|1699891826\n|move|p1a: Queen|Blizzard|p2b: Gliscor|[spread] p2a,p2b\n|-supereffective|p2b: Gliscor\n|-end|p2b: Gliscor|Substitute\n|-damage|p2a: Slowking|68\/100\n|move|p2b: Gliscor|Stealth Rock|p1b: Clara\n|-sidestart|p1: RoseWolf8|move: Stealth Rock\n|move|p1b: Clara|Light Screen|p1b: Clara\n|-sidestart|p1: RoseWolf8|move: Light Screen\n|move|p2a: Slowking|Sludge Bomb|p1b: Clara\n|-supereffective|p1b: Clara\n|-damage|p1b: Clara|57\/100\n|-damage|p2a: Slowking|58\/100|[from] item: Life Orb\n|\n|-weather|Snow|[upkeep]\n|-heal|p1b: Clara|63\/100|[from] item: Leftovers\n|-heal|p2b: Gliscor|88\/100 tox|[from] ability: Poison Heal\n|upkeep\n|turn|3\n|\n|t:|1699891851\n|move|p1a: Queen|Blizzard|p2b: Gliscor|[spread] p2a,p2b\n|-supereffective|p2b: Gliscor\n|-damage|p2a: Slowking|32\/100\n|-damage|p2b: Gliscor|0 fnt\n|faint|p2b: Gliscor\n|move|p1b: Clara|Wish|p1b: Clara\n|move|p2a: Slowking|Toxic Spikes|p1a: Queen\n|-sidestart|p1: RoseWolf8|move: Toxic Spikes\n|\n|-weather|Snow|[upkeep]\n|-heal|p1b: Clara|69\/100|[from] item: Leftovers\n|upkeep\n|\n|t:|1699891865\n|switch|p2b: Zapdos|Zapdos-Galar|100\/100\n|turn|4\n|\n|t:|1699891881\n|move|p1a: Queen|Dazzling Gleam|p2b: Zapdos|[spread] p2a,p2b\n|-resisted|p2a: Slowking\n|-supereffective|p2b: Zapdos\n|-damage|p2a: Slowking|24\/100\n|-damage|p2b: Zapdos|46\/100\n|move|p2b: Zapdos|Brave Bird|p1b: Clara\n|-damage|p1b: Clara|6\/100\n|-damage|p2b: Zapdos|20\/100|[from] Recoil\n|move|p1b: Clara|Hyper Voice|p2b: Zapdos|[spread] p2a,p2b\n|-resisted|p2a: Slowking\n|-supereffective|p2b: Zapdos\n|-damage|p2a: Slowking|11\/100\n|-damage|p2b: Zapdos|0 fnt\n|faint|p2b: Zapdos\n|move|p2a: Slowking|Sludge Bomb|p1a: Queen\n|-supereffective|p1a: Queen\n|-damage|p1a: Queen|0 fnt\n|faint|p1a: Queen\n|-damage|p2a: Slowking|1\/100|[from] item: Life Orb\n|\n|-weather|Snow|[upkeep]\n|-heal|p1b: Clara|56\/100|[from] move: Wish|[wisher] Clara\n|-heal|p1b: Clara|62\/100|[from] item: Leftovers\n|upkeep\n|\n|t:|1699891906\n|switch|p1a: Lurelin|Chandelure, M|100\/100\n|switch|p2b: Rotom|Rotom-Frost, shiny|100\/100\n|-damage|p1a: Lurelin|76\/100|[from] Stealth Rock\n|-status|p1a: Lurelin|psn\n|turn|5\n|\n|t:|1699891919\n|move|p1a: Lurelin|Flamethrower|p2b: Rotom\n|-supereffective|p2b: Rotom\n|-damage|p2b: Rotom|27\/100\n|move|p2b: Rotom|Shadow Ball|p1b: Clara\n|-damage|p1b: Clara|53\/100\n|move|p1b: Clara|Hyper Voice|p2b: Rotom|[spread] p2a,p2b\n|-resisted|p2a: Slowking\n|-damage|p2a: Slowking|0 fnt\n|-damage|p2b: Rotom|6\/100\n|faint|p2a: Slowking\n|\n|-weather|none\n|-heal|p1b: Clara|59\/100|[from] item: Leftovers\n|-damage|p1a: Lurelin|63\/100 psn|[from] psn\n|-sideend|p1: RoseWolf8|Reflect\n|upkeep\n|inactive|Battle timer is ON: inactive players will automatically lose when time's up. (requested by RoseWolf8)\n|\n|t:|1699891935\n|switch|p2a: Lilligant|Lilligant-Hisui, F, shiny|100\/100\n|turn|6\n|\n|t:|1699891947\n|switch|p2b: Whiscash|Whiscash, M, shiny|100\/100\n|-ability|p2b: Whiscash|Anticipation\n|-terastallize|p2a: Lilligant|Steel\n|move|p2a: Lilligant|Victory Dance|p2a: Lilligant\n|-boost|p2a: Lilligant|atk|1\n|-boost|p2a: Lilligant|def|1\n|-boost|p2a: Lilligant|spe|1\n|move|p1a: Lurelin|Flamethrower|p2a: Lilligant\n|-supereffective|p2a: Lilligant\n|-damage|p2a: Lilligant|0 fnt\n|faint|p2a: Lilligant\n|move|p1b: Clara|Wish|p1b: Clara\n|\n|-heal|p1b: Clara|65\/100|[from] item: Leftovers\n|-damage|p1a: Lurelin|51\/100 psn|[from] psn\n|-sideend|p1: RoseWolf8|move: Light Screen\n|upkeep\n|l|\u2606Azuretx\n|inactive|Azuretx disconnected and has a minute to reconnect!\n|player|p2|\n|j|\u2606Azuretx\n|inactive|Azuretx reconnected and has 135 seconds left.\n|player|p2|Azuretx|boarder\n|inactive|Azuretx has 120 seconds left.\n|\n|t:|1699891983\n|switch|p2a: Rotom|Rotom-Frost, shiny|6\/100\n|turn|7\n|\n|t:|1699891996\n|move|p1a: Lurelin|Energy Ball|p2b: Whiscash\n|-supereffective|p2b: Whiscash\n|-damage|p2b: Whiscash|0 fnt\n|faint|p2b: Whiscash\n|move|p2a: Rotom|Shadow Ball|p1a: Lurelin\n|-supereffective|p1a: Lurelin\n|-damage|p1a: Lurelin|0 fnt\n|faint|p1a: Lurelin\n|move|p1b: Clara|Hyper Voice|p2a: Rotom\n|-damage|p2a: Rotom|0 fnt\n|faint|p2a: Rotom\n|\n|win|RoseWolf8\n|raw|RoseWolf8's rating: 1084 &rarr; <strong>1105<\/strong><br \/>(+21 for winning)\n|raw|Azuretx's rating: 1000 &rarr; <strong>1000<\/strong><br \/>(+0 for losing)\n|l|\u2606Azuretx\n","uploadtime":1699892012,"views":10,"p1id":"rosewolf8","p2id":"azuretx","formatid":"gen9doublesou","rating":1000,"private":0,"password":""}