{"id":"gen9doublesou-1989419265","p1":"Zalo__09","p2":"trentonbee","format":"[Gen 9] Doubles OU","log":"|j|\u2606Zalo__09\n|j|\u2606trentonbee\n|t:|1699847834\n|gametype|doubles\n|player|p1|Zalo__09|hilbert|1009\n|player|p2|trentonbee|102|1233\n|teamsize|p1|6\n|teamsize|p2|6\n|gen|9\n|tier|[Gen 9] Doubles OU\n|rated|\n|rule|Species Clause: Limit one of each Pok\u00e9mon\n|rule|OHKO Clause: OHKO moves are banned\n|rule|Evasion Moves Clause: Evasion moves are banned\n|rule|Gravity Sleep Clause: The combination of sleep-inducing moves with imperfect accuracy and Gravity or Gigantamax Orbeetle are banned\n|rule|Endless Battle Clause: Forcing endless battles is banned\n|rule|HP Percentage Mod: HP is shown in percentages\n|clearpoke\n|poke|p1|Iron Moth|\n|poke|p1|Volcarona, M|\n|poke|p1|Frosmoth, F|\n|poke|p1|Slither Wing|\n|poke|p1|Venomoth, M|\n|poke|p1|Masquerain, F|\n|poke|p2|Appletun, F|\n|poke|p2|Dugtrio, F|\n|poke|p2|Sinistcha-Masterpiece|\n|poke|p2|Heatran, M|\n|poke|p2|Sylveon, F|\n|poke|p2|Mandibuzz, F|\n|teampreview\n|\n|t:|1699847862\n|start\n|switch|p1a: Masquerain|Masquerain, F|100\/100\n|switch|p1b: Frosmoth|Frosmoth, F|100\/100\n|switch|p2a: Turkey|Mandibuzz, F|100\/100\n|switch|p2b: Sylveon|Sylveon, F|100\/100\n|-ability|p1a: Masquerain|Intimidate|boost\n|-unboost|p2a: Turkey|atk|1\n|-unboost|p2b: Sylveon|atk|1\n|turn|1\n|c|\u2606trentonbee|wassup\n|c|\u2606trentonbee|ready for thanksgiving?\n|\n|t:|1699847901\n|move|p2a: Turkey|Lash Out|p1a: Masquerain\n|-damage|p1a: Masquerain|39\/100\n|-enditem|p1a: Masquerain|Sitrus Berry|[eat]\n|-heal|p1a: Masquerain|63\/100|[from] item: Sitrus Berry\n|move|p1a: Masquerain|Sticky Web|p2a: Turkey\n|-sidestart|p2: trentonbee|move: Sticky Web\n|move|p1b: Frosmoth|Light Screen|p1b: Frosmoth\n|-sidestart|p1: Zalo__09|move: Light Screen\n|move|p2b: Sylveon|Hyper Voice|p1a: Masquerain|[spread] p1a,p1b\n|-damage|p1a: Masquerain|35\/100\n|-damage|p1b: Frosmoth|89\/100\n|-enditem|p2b: Sylveon|Throat Spray\n|-boost|p2b: Sylveon|spa|1|[from] item: Throat Spray\n|\n|upkeep\n|turn|2\n|\n|t:|1699847928\n|move|p2a: Turkey|Toxic|p1b: Frosmoth\n|-status|p1b: Frosmoth|tox\n|move|p1a: Masquerain|Air Slash|p2b: Sylveon\n|-damage|p2b: Sylveon|82\/100\n|move|p1b: Frosmoth|Feather Dance|p2a: Turkey\n|-unboost|p2a: Turkey|atk|2\n|cant|p2b: Sylveon|flinch\n|\n|-damage|p1b: Frosmoth|83\/100 tox|[from] psn\n|upkeep\n|turn|3\n|\n|t:|1699847949\n|move|p1a: Masquerain|Air Slash|p2b: Sylveon\n|-damage|p2b: Sylveon|64\/100\n|move|p2a: Turkey|U-turn|p1b: Frosmoth\n|-damage|p1b: Frosmoth|75\/100 tox\n|\n|t:|1699847957\n|switch|p2a: the table?|Heatran, M|100\/100|[from] U-turn\n|-activate|p2a: the table?|move: Sticky Web\n|-unboost|p2a: the table?|spe|1\n|move|p1b: Frosmoth|Reflect|p1b: Frosmoth\n|-sidestart|p1: Zalo__09|Reflect\n|move|p2b: Sylveon|Hyper Voice|p1b: Frosmoth|[spread] p1a,p1b\n|-damage|p1a: Masquerain|0 fnt\n|-damage|p1b: Frosmoth|56\/100 tox\n|faint|p1a: Masquerain\n|\n|-damage|p1b: Frosmoth|44\/100 tox|[from] psn\n|upkeep\n|\n|t:|1699847977\n|switch|p1a: Venomoth|Venomoth, M|100\/100\n|turn|4\n|\n|t:|1699847988\n|move|p2b: Sylveon|Detect|p2b: Sylveon\n|-singleturn|p2b: Sylveon|Protect\n|move|p1a: Venomoth|Sleep Powder|p2a: the table?|[miss]\n|-miss|p1a: Venomoth|p2a: the table?\n|move|p1b: Frosmoth|Feather Dance|p2a: the table?\n|-unboost|p2a: the table?|atk|2\n|move|p2a: the table?|Lava Plume|p1a: Venomoth|[spread] p1a,p1b\n|-activate|p2b: Sylveon|move: Protect\n|-supereffective|p1a: Venomoth\n|-supereffective|p1b: Frosmoth\n|-damage|p1a: Venomoth|45\/100\n|-damage|p1b: Frosmoth|0 fnt\n|faint|p1b: Frosmoth\n|\n|upkeep\n|\n|t:|1699847996\n|switch|p1b: Iron Moth|Iron Moth|100\/100\n|-item|p1b: Iron Moth|Air Balloon\n|turn|5\n|\n|t:|1699848008\n|move|p1a: Venomoth|Sleep Powder|p2a: the table?\n|-status|p2a: the table?|slp|[from] move: Sleep Powder\n|move|p2b: Sylveon|Shadow Ball|p1a: Venomoth\n|-damage|p1a: Venomoth|23\/100\n|cant|p2a: the table?|slp\n|move|p1b: Iron Moth|Whirlwind|p2a: the table?\n|drag|p2a: potato's|Dugtrio, F, shiny|100\/100\n|-activate|p2a: potato's|move: Sticky Web\n|-unboost|p2a: potato's|spe|1\n|\n|-sideend|p1: Zalo__09|move: Light Screen\n|upkeep\n|turn|6\n|\n|t:|1699848026\n|move|p2b: Sylveon|Detect|p2b: Sylveon\n|-singleturn|p2b: Sylveon|Protect\n|move|p2a: potato's|Earthquake|p1b: Iron Moth|[spread] p1a\n|-activate|p2b: Sylveon|move: Protect\n|-immune|p1b: Iron Moth\n|-damage|p1a: Venomoth|0 fnt\n|faint|p1a: Venomoth\n|move|p1b: Iron Moth|Whirlwind|p2b: Sylveon\n|drag|p2b: the table?|Heatran, M|100\/100 slp\n|-activate|p2b: the table?|move: Sticky Web\n|-unboost|p2b: the table?|spe|1\n|\n|upkeep\n|\n|t:|1699848034\n|switch|p1a: Slither Wing|Slither Wing|100\/100\n|-enditem|p1a: Slither Wing|Booster Energy\n|-activate|p1a: Slither Wing|ability: Protosynthesis|[fromitem]\n|-start|p1a: Slither Wing|protosynthesisatk\n|turn|7\n|\n|t:|1699848048\n|move|p1a: Slither Wing|First Impression|p2a: potato's\n|-enditem|p2a: potato's|Focus Sash\n|-damage|p2a: potato's|1\/100\n|move|p2a: potato's|Stealth Rock|p1a: Slither Wing\n|-sidestart|p1: Zalo__09|move: Stealth Rock\n|cant|p2b: the table?|slp\n|move|p1b: Iron Moth|Whirlwind|p2b: the table?\n|drag|p2b: apple pie|Appletun, F|100\/100\n|-activate|p2b: apple pie|move: Sticky Web\n|-unboost|p2b: apple pie|spe|1\n|\n|-sideend|p1: Zalo__09|Reflect\n|upkeep\n|turn|8\n|\n|t:|1699848078\n|move|p1b: Iron Moth|Sludge Wave|p2a: potato's|[spread] p1a,p2a,p2b\n|-resisted|p2a: potato's\n|-supereffective|p2b: apple pie\n|-damage|p1a: Slither Wing|71\/100\n|-damage|p2a: potato's|0 fnt\n|-damage|p2b: apple pie|35\/100\n|faint|p2a: potato's\n|move|p1a: Slither Wing|Bulk Up|p1a: Slither Wing\n|-boost|p1a: Slither Wing|atk|1\n|-boost|p1a: Slither Wing|def|1\n|move|p2b: apple pie|Apple Acid|p1b: Iron Moth\n|-resisted|p1b: Iron Moth\n|-damage|p1b: Iron Moth|91\/100\n|-unboost|p1b: Iron Moth|spd|1\n|-enditem|p1b: Iron Moth|Air Balloon\n|\n|upkeep\n|\n|t:|1699848092\n|switch|p2a: Turkey|Mandibuzz, F|100\/100\n|turn|9\n|\n|t:|1699848106\n|-terastallize|p1a: Slither Wing|Bug\n|move|p1b: Iron Moth|Fiery Dance|p2a: Turkey\n|-damage|p2a: Turkey|67\/100\n|move|p2a: Turkey|Toxic|p1a: Slither Wing|[miss]\n|-miss|p2a: Turkey|p1a: Slither Wing\n|move|p1a: Slither Wing|Leech Life|p2b: apple pie\n|-supereffective|p2b: apple pie\n|-damage|p2b: apple pie|0 fnt\n|-heal|p1a: Slither Wing|94\/100|[from] drain|[of] p2b: apple pie\n|faint|p2b: apple pie\n|\n|upkeep\n|\n|t:|1699848119\n|switch|p2b: apple cider|Sinistcha-Masterpiece, shiny|100\/100\n|-activate|p2b: apple cider|move: Sticky Web\n|-unboost|p2b: apple cider|spe|1\n|-heal|p2a: Turkey|92\/100|[from] ability: Hospitality|[of] p2b: apple cider\n|turn|10\n|\n|t:|1699848148\n|move|p2a: Turkey|Toxic|p1a: Slither Wing\n|-status|p1a: Slither Wing|tox\n|move|p1a: Slither Wing|Leech Life|p2b: apple cider\n|-crit|p2b: apple cider\n|-damage|p2b: apple cider|0 fnt\n|-heal|p1a: Slither Wing|100\/100 tox|[from] drain|[of] p2b: apple cider\n|faint|p2b: apple cider\n|move|p1b: Iron Moth|Whirlwind|p2a: Turkey\n|drag|p2a: the table?|Heatran, M|100\/100 slp\n|-activate|p2a: the table?|move: Sticky Web\n|-unboost|p2a: the table?|spe|1\n|\n|-damage|p1a: Slither Wing|94\/100 tox|[from] psn\n|upkeep\n|\n|t:|1699848161\n|switch|p2b: Turkey|Mandibuzz, F|92\/100\n|turn|11\n|\n|t:|1699848182\n|move|p2b: Turkey|Toxic|p1b: Iron Moth\n|-immune|p1b: Iron Moth\n|move|p1a: Slither Wing|Acrobatics|p2a: the table?\n|-resisted|p2a: the table?\n|-damage|p2a: the table?|66\/100 slp\n|cant|p2a: the table?|slp\n|move|p1b: Iron Moth|Whirlwind|p2b: Turkey\n|drag|p2b: Sylveon|Sylveon, F|64\/100\n|-activate|p2b: Sylveon|move: Sticky Web\n|-unboost|p2b: Sylveon|spe|1\n|\n|-damage|p1a: Slither Wing|82\/100 tox|[from] psn\n|upkeep\n|turn|12\n|\n|t:|1699848212\n|move|p2b: Sylveon|Detect|p2b: Sylveon\n|-singleturn|p2b: Sylveon|Protect\n|move|p1b: Iron Moth|Fiery Dance|p2b: Sylveon\n|-activate|p2b: Sylveon|move: Protect\n|move|p1a: Slither Wing|Leech Life|p2b: Sylveon\n|-activate|p2b: Sylveon|move: Protect\n|-curestatus|p2a: the table?|slp|[msg]\n|move|p2a: the table?|Earth Power|p1b: Iron Moth\n|-supereffective|p1b: Iron Moth\n|-damage|p1b: Iron Moth|0 fnt\n|faint|p1b: Iron Moth\n|-end|p1b: Iron Moth|Quark Drive|[silent]\n|\n|-damage|p1a: Slither Wing|64\/100 tox|[from] psn\n|upkeep\n|\n|t:|1699848216\n|switch|p1b: Volcarona|Volcarona, M|100\/100\n|-damage|p1b: Volcarona|51\/100|[from] Stealth Rock\n|turn|13\n|c|\u2606trentonbee|so you like bug types?\n|\n|t:|1699848241\n|move|p1b: Volcarona|Tailwind|p1b: Volcarona\n|-sidestart|p1: Zalo__09|move: Tailwind\n|move|p1a: Slither Wing|Leech Life|p2b: Sylveon\n|-resisted|p2b: Sylveon\n|-damage|p2b: Sylveon|0 fnt\n|-heal|p1a: Slither Wing|100\/100 tox|[from] drain|[of] p2b: Sylveon\n|faint|p2b: Sylveon\n|move|p2a: the table?|Earth Power|p1b: Volcarona\n|-damage|p1b: Volcarona|17\/100\n|\n|-heal|p1b: Volcarona|23\/100|[from] item: Leftovers\n|-damage|p1a: Slither Wing|76\/100 tox|[from] psn\n|upkeep\n|\n|t:|1699848252\n|switch|p2b: Turkey|Mandibuzz, F|92\/100\n|turn|14\n|\n|t:|1699848287\n|-terastallize|p2b: Turkey|Dark\n|move|p1b: Volcarona|Bug Buzz|p2a: the table?\n|-resisted|p2a: the table?\n|-damage|p2a: the table?|59\/100\n|move|p1a: Slither Wing|Leech Life|p2b: Turkey\n|-supereffective|p2b: Turkey\n|-damage|p2b: Turkey|0 fnt\n|-heal|p1a: Slither Wing|100\/100 tox|[from] drain|[of] p2b: Turkey\n|faint|p2b: Turkey\n|move|p2a: the table?|Lava Plume|p1b: Volcarona|[spread] p1a,p1b\n|-supereffective|p1a: Slither Wing\n|-damage|p1a: Slither Wing|31\/100 tox\n|-damage|p1b: Volcarona|0 fnt\n|faint|p1b: Volcarona\n|\n|-damage|p1a: Slither Wing|0 fnt|[from] psn\n|faint|p1a: Slither Wing\n|-end|p1a: Slither Wing|Protosynthesis|[silent]\n|\n|win|trentonbee\n|upkeep\n|raw|Zalo__09's rating: 1009 &rarr; <strong>1004<\/strong><br \/>(-5 for losing)\n|raw|trentonbee's rating: 1233 &rarr; <strong>1244<\/strong><br \/>(+11 for winning)\n","uploadtime":1699848299,"views":15,"p1id":"zalo09","p2id":"trentonbee","formatid":"gen9doublesou","rating":1004,"private":0,"password":""}