{"id":"gen9doublesou-1999675214","p1":"TheMightyOKAN","p2":"GhastlyPixie","format":"[Gen 9] Doubles OU","log":"|j|\u2606TheMightyOKAN\n|j|\u2606GhastlyPixie\n|t:|1701106792\n|gametype|doubles\n|player|p1|TheMightyOKAN|supernerd|1445\n|player|p2|GhastlyPixie|plasmagruntf|1520\n|teamsize|p1|6\n|teamsize|p2|6\n|gen|9\n|tier|[Gen 9] Doubles OU\n|rated|\n|rule|Species Clause: Limit one of each Pok\u00e9mon\n|rule|OHKO Clause: OHKO moves are banned\n|rule|Evasion Moves Clause: Evasion moves are banned\n|rule|Gravity Sleep Clause: The combination of sleep-inducing moves with imperfect accuracy and Gravity or Gigantamax Orbeetle are banned\n|rule|Endless Battle Clause: Forcing endless battles is banned\n|rule|HP Percentage Mod: HP is shown in percentages\n|clearpoke\n|poke|p1|Jumpluff, F|\n|poke|p1|Ursaluna, M|\n|poke|p1|Hydreigon, M|\n|poke|p1|Azumarill, M|\n|poke|p1|Cinderace, F|\n|poke|p1|Iron Hands|\n|poke|p2|Tyranitar, F|\n|poke|p2|Ogerpon-Cornerstone, F|\n|poke|p2|Ursaluna-Bloodmoon, M|\n|poke|p2|Cresselia, F|\n|poke|p2|Arcanine-Hisui, F|\n|poke|p2|Heatran, F|\n|teampreview\n|inactive|Battle timer is ON: inactive players will automatically lose when time's up. (requested by TheMightyOKAN)\n|\n|t:|1701106816\n|start\n|switch|p1a: Cinderace|Cinderace, F|100\/100\n|switch|p1b: Hydreigon|Hydreigon, M|100\/100\n|switch|p2a: Tyranitar|Tyranitar, F|100\/100\n|switch|p2b: Arcanine|Arcanine-Hisui, F, shiny|100\/100\n|-ability|p2b: Arcanine|Intimidate|boost\n|-unboost|p1a: Cinderace|atk|1\n|-unboost|p1b: Hydreigon|atk|1\n|-weather|Sandstorm|[from] ability: Sand Stream|[of] p2a: Tyranitar\n|turn|1\n|inactive|GhastlyPixie has 120 seconds left.\n|\n|t:|1701106847\n|move|p1a: Cinderace|High Jump Kick|p2a: Tyranitar\n|-start|p1a: Cinderace|typechange|Fighting|[from] ability: Libero\n|-supereffective|p2a: Tyranitar\n|-damage|p2a: Tyranitar|0 fnt\n|faint|p2a: Tyranitar\n|move|p1b: Hydreigon|Dark Pulse|p2b: Arcanine\n|-damage|p2b: Arcanine|53\/100\n|-damage|p1b: Hydreigon|91\/100|[from] item: Life Orb\n|move|p2b: Arcanine|Rock Slide|p1b: Hydreigon|[spread] p1a,p1b\n|-resisted|p1a: Cinderace\n|-damage|p1a: Cinderace|84\/100\n|-damage|p1b: Hydreigon|60\/100\n|\n|-weather|Sandstorm|[upkeep]\n|-damage|p1a: Cinderace|77\/100|[from] Sandstorm\n|-damage|p1b: Hydreigon|54\/100|[from] Sandstorm\n|upkeep\n|inactive|GhastlyPixie has 120 seconds left.\n|\n|t:|1701106870\n|switch|p2a: Cresselia|Cresselia, F, shiny|100\/100\n|turn|2\n|inactive|GhastlyPixie has 120 seconds left.\n|\n|t:|1701106885\n|move|p2a: Cresselia|Ally Switch|p2a: Cresselia\n|swap|p2a: Cresselia|1|[from] move: Ally Switch\n|move|p1a: Cinderace|High Jump Kick|p2b: Cresselia\n|-resisted|p2b: Cresselia\n|-damage|p2b: Cresselia|88\/100\n|move|p1b: Hydreigon|Dark Pulse|p2a: Arcanine\n|-damage|p2a: Arcanine|8\/100\n|-enditem|p2a: Arcanine|Sitrus Berry|[eat]\n|-heal|p2a: Arcanine|33\/100|[from] item: Sitrus Berry\n|-damage|p1b: Hydreigon|44\/100|[from] item: Life Orb\n|move|p2a: Arcanine|Flare Blitz|p1a: Cinderace\n|-damage|p1a: Cinderace|0 fnt\n|faint|p1a: Cinderace\n|-damage|p2a: Arcanine|8\/100|[from] Recoil\n|\n|-weather|Sandstorm|[upkeep]\n|-damage|p1b: Hydreigon|38\/100|[from] Sandstorm\n|upkeep\n|\n|t:|1701106900\n|switch|p1a: Azumarill|Azumarill, M|100\/100\n|turn|3\n|\n|t:|1701106916\n|move|p2a: Arcanine|Protect|p2a: Arcanine\n|-singleturn|p2a: Arcanine|Protect\n|move|p1a: Azumarill|Aqua Jet|p2a: Arcanine\n|-activate|p2a: Arcanine|move: Protect\n|move|p1b: Hydreigon|Dark Pulse|p2b: Cresselia\n|-supereffective|p2b: Cresselia\n|-damage|p2b: Cresselia|36\/100\n|-damage|p1b: Hydreigon|28\/100|[from] item: Life Orb\n|move|p2b: Cresselia|Trick Room|p2b: Cresselia\n|-fieldstart|move: Trick Room|[of] p2b: Cresselia\n|\n|-weather|Sandstorm|[upkeep]\n|-damage|p1a: Azumarill|94\/100|[from] Sandstorm\n|-damage|p1b: Hydreigon|22\/100|[from] Sandstorm\n|upkeep\n|turn|4\n|\n|t:|1701106937\n|move|p2a: Arcanine|Extreme Speed|p1b: Hydreigon\n|-damage|p1b: Hydreigon|0 fnt\n|faint|p1b: Hydreigon\n|move|p1a: Azumarill|Aqua Jet|p2b: Cresselia\n|-damage|p2b: Cresselia|17\/100\n|move|p2b: Cresselia|Lunar Blessing|p2b: Cresselia|[spread] p2a,p2b\n|-heal|p2a: Arcanine|33\/100\n|-heal|p2b: Cresselia|42\/100\n|\n|-weather|Sandstorm|[upkeep]\n|-damage|p1a: Azumarill|88\/100|[from] Sandstorm\n|upkeep\n|\n|t:|1701106948\n|switch|p1b: Iron Hands|Iron Hands|100\/100\n|turn|5\n|\n|t:|1701106961\n|move|p1b: Iron Hands|Fake Out|p2a: Arcanine\n|-resisted|p2a: Arcanine\n|-damage|p2a: Arcanine|23\/100\n|move|p1a: Azumarill|Belly Drum|p1a: Azumarill\n|-damage|p1a: Azumarill|38\/100\n|-setboost|p1a: Azumarill|atk|6|[from] move: Belly Drum\n|-enditem|p1a: Azumarill|Sitrus Berry|[eat]\n|-heal|p1a: Azumarill|63\/100|[from] item: Sitrus Berry\n|move|p2b: Cresselia|Lunar Blessing|p2b: Cresselia|[spread] p2a,p2b\n|-heal|p2a: Arcanine|49\/100\n|-heal|p2b: Cresselia|67\/100\n|cant|p2a: Arcanine|flinch\n|\n|-weather|Sandstorm|[upkeep]\n|-damage|p1a: Azumarill|57\/100|[from] Sandstorm\n|-damage|p1b: Iron Hands|94\/100|[from] Sandstorm\n|upkeep\n|turn|6\n|\n|t:|1701106975\n|move|p2b: Cresselia|Ally Switch|p2b: Cresselia\n|swap|p2b: Cresselia|0|[from] move: Ally Switch\n|move|p2b: Arcanine|Extreme Speed|p1a: Azumarill\n|-damage|p1a: Azumarill|29\/100\n|move|p1a: Azumarill|Aqua Jet|p2b: Arcanine\n|-supereffective|p2b: Arcanine\n|-crit|p2b: Arcanine\n|-damage|p2b: Arcanine|0 fnt\n|faint|p2b: Arcanine\n|move|p1b: Iron Hands|Drain Punch|p2a: Cresselia\n|-resisted|p2a: Cresselia\n|-damage|p2a: Cresselia|48\/100\n|-heal|p1b: Iron Hands|100\/100|[from] drain|[of] p2a: Cresselia\n|\n|-weather|Sandstorm|[upkeep]\n|-damage|p1a: Azumarill|23\/100|[from] Sandstorm\n|-damage|p1b: Iron Hands|94\/100|[from] Sandstorm\n|upkeep\n|\n|t:|1701107005\n|switch|p2b: Ogerpon|Ogerpon-Cornerstone, F|100\/100\n|turn|7\n|l|\u2606TheMightyOKAN\n|inactive|TheMightyOKAN disconnected and has a minute to reconnect!\n|player|p1|\n|j|\u2606TheMightyOKAN\n|inactive|TheMightyOKAN reconnected and has 145 seconds left.\n|player|p1|TheMightyOKAN|supernerd\n|\n|t:|1701107018\n|move|p2b: Ogerpon|Spiky Shield|p2b: Ogerpon\n|-singleturn|p2b: Ogerpon|move: Protect\n|move|p1a: Azumarill|Aqua Jet|p2b: Ogerpon\n|-activate|p2b: Ogerpon|move: Protect\n|-damage|p1a: Azumarill|11\/100|[from] Spiky Shield|[of] p2b: Ogerpon\n|move|p1b: Iron Hands|Thunder Punch|p2a: Cresselia\n|-damage|p2a: Cresselia|14\/100\n|move|p2a: Cresselia|Psychic|p1b: Iron Hands\n|-supereffective|p1b: Iron Hands\n|-damage|p1b: Iron Hands|46\/100\n|\n|-weather|Sandstorm|[upkeep]\n|-damage|p1a: Azumarill|5\/100|[from] Sandstorm\n|-damage|p1b: Iron Hands|40\/100|[from] Sandstorm\n|-fieldend|move: Trick Room\n|upkeep\n|turn|8\n|inactive|GhastlyPixie has 120 seconds left.\n|\n|t:|1701107049\n|move|p1a: Azumarill|Aqua Jet|p2b: Ogerpon\n|-ability|p2b: Ogerpon|Sturdy\n|-damage|p2b: Ogerpon|1\/100\n|move|p2b: Ogerpon|Ivy Cudgel|p1a: Azumarill|[anim] Ivy Cudgel Rock\n|-damage|p1a: Azumarill|0 fnt\n|faint|p1a: Azumarill\n|move|p2a: Cresselia|Psychic|p1b: Iron Hands\n|-supereffective|p1b: Iron Hands\n|-damage|p1b: Iron Hands|0 fnt\n|faint|p1b: Iron Hands\n|-end|p1b: Iron Hands|Quark Drive|[silent]\n|\n|-weather|none\n|upkeep\n|\n|t:|1701107059\n|switch|p1b: Ursaluna|Ursaluna, M, shiny|100\/100\n|switch|p1a: Jumpluff|Jumpluff, F, shiny|100\/100\n|turn|9\n|\n|t:|1701107080\n|move|p1b: Ursaluna|Protect|p1b: Ursaluna\n|-singleturn|p1b: Ursaluna|Protect\n|move|p2b: Ogerpon|Horn Leech|p1b: Ursaluna\n|-activate|p1b: Ursaluna|move: Protect\n|move|p1a: Jumpluff|Pollen Puff|p2b: Ogerpon\n|-supereffective|p2b: Ogerpon\n|-damage|p2b: Ogerpon|0 fnt\n|faint|p2b: Ogerpon\n|move|p2a: Cresselia|Psychic|p1a: Jumpluff\n|-damage|p1a: Jumpluff|77\/100\n|\n|-status|p1b: Ursaluna|brn|[from] item: Flame Orb\n|upkeep\n|inactive|GhastlyPixie has 120 seconds left.\n|\n|t:|1701107099\n|switch|p2b: Ursaluna|Ursaluna-Bloodmoon, M|100\/100\n|turn|10\n|\n|t:|1701107106\n|-terastallize|p2b: Ursaluna|Normal\n|move|p1a: Jumpluff|Rage Powder|p1a: Jumpluff\n|-singleturn|p1a: Jumpluff|move: Rage Powder\n|move|p2a: Cresselia|Psychic|p1b: Ursaluna\n|-damage|p1b: Ursaluna|80\/100 brn\n|move|p2b: Ursaluna|Blood Moon|p1a: Jumpluff\n|-damage|p1a: Jumpluff|0 fnt\n|faint|p1a: Jumpluff\n|move|p1b: Ursaluna|Facade|p2b: Ursaluna\n|-damage|p2b: Ursaluna|13\/100\n|\n|-damage|p1b: Ursaluna|74\/100 brn|[from] brn\n|upkeep\n|turn|11\n|\n|t:|1701107132\n|move|p2a: Cresselia|Ally Switch|p2a: Cresselia\n|swap|p2a: Cresselia|1|[from] move: Ally Switch\n|move|p2a: Ursaluna|Hyper Voice|p1b: Ursaluna\n|-damage|p1b: Ursaluna|0 fnt\n|faint|p1b: Ursaluna\n|\n|win|GhastlyPixie\n|raw|TheMightyOKAN's rating: 1445 &rarr; <strong>1429<\/strong><br \/>(-16 for losing)\n|raw|GhastlyPixie's rating: 1520 &rarr; <strong>1536<\/strong><br \/>(+16 for winning)\n","uploadtime":1701107140,"views":11,"p1id":"themightyokan","p2id":"ghastlypixie","formatid":"gen9doublesou","rating":1429,"private":0,"password":""}