{"id":"gen9doublesou-1992054085","p1":"trump43200","p2":"Mr. Alola Tales","format":"[Gen 9] Doubles OU","log":"|j|\u2606trump43200\n|j|\u2606Mr. Alola Tales\n|t:|1700151229\n|gametype|doubles\n|player|p1|trump43200|169|1451\n|player|p2|Mr. Alola Tales|archer|1434\n|teamsize|p1|6\n|teamsize|p2|6\n|gen|9\n|tier|[Gen 9] Doubles OU\n|rated|\n|rule|Species Clause: Limit one of each Pok\u00e9mon\n|rule|OHKO Clause: OHKO moves are banned\n|rule|Evasion Moves Clause: Evasion moves are banned\n|rule|Gravity Sleep Clause: The combination of sleep-inducing moves with imperfect accuracy and Gravity or Gigantamax Orbeetle are banned\n|rule|Endless Battle Clause: Forcing endless battles is banned\n|rule|HP Percentage Mod: HP is shown in percentages\n|clearpoke\n|poke|p1|Articuno-Galar|\n|poke|p1|Chien-Pao|\n|poke|p1|Tornadus, M|\n|poke|p1|Wyrdeer, M|\n|poke|p1|Dragonite, F|\n|poke|p1|Indeedee-F, F|\n|poke|p2|Dusclops, F|\n|poke|p2|Ursaluna-Bloodmoon, M|\n|poke|p2|Ogerpon-Cornerstone, F|\n|poke|p2|Chi-Yu|\n|poke|p2|Iron Hands|\n|poke|p2|Landorus-Therian, M|\n|teampreview\n|inactive|Battle timer is ON: inactive players will automatically lose when time's up. (requested by trump43200)\n|\n|t:|1700151242\n|start\n|switch|p1a: Articuno|Articuno-Galar, shiny|100\/100\n|switch|p1b: Wyrdeer|Wyrdeer, M, shiny|100\/100\n|switch|p2a: Dusclops|Dusclops, F|100\/100\n|switch|p2b: Chi-Yu|Chi-Yu|100\/100\n|-ability|p2b: Chi-Yu|Beads of Ruin\n|-ability|p1b: Wyrdeer|Intimidate|boost\n|-unboost|p2a: Dusclops|atk|1\n|-unboost|p2b: Chi-Yu|atk|1\n|-item|p1a: Articuno|Leftovers|[from] ability: Frisk|[of] p2a: Dusclops|[identify]\n|-item|p1b: Wyrdeer|Light Clay|[from] ability: Frisk|[of] p2a: Dusclops|[identify]\n|turn|1\n|\n|t:|1700151269\n|-terastallize|p1a: Articuno|Fighting\n|move|p2b: Chi-Yu|Snarl|p1a: Articuno|[spread] p1a,p1b\n|-resisted|p1a: Articuno\n|-supereffective|p1b: Wyrdeer\n|-damage|p1a: Articuno|87\/100\n|-damage|p1b: Wyrdeer|49\/100\n|-unboost|p1a: Articuno|spa|1\n|-ability|p1a: Articuno|Competitive|boost\n|-boost|p1a: Articuno|spa|2\n|-unboost|p1b: Wyrdeer|spa|1\n|move|p1a: Articuno|Calm Mind|p1a: Articuno\n|-boost|p1a: Articuno|spa|1\n|-boost|p1a: Articuno|spd|1\n|move|p1b: Wyrdeer|Skill Swap|p2a: Dusclops\n|-activate|p1b: Wyrdeer|move: Skill Swap|Frisk|Intimidate|[of] p2a: Dusclops\n|-item|p2a: Dusclops|Sitrus Berry|[from] ability: Frisk|[of] p1b: Wyrdeer|[identify]\n|-item|p2b: Chi-Yu|Focus Sash|[from] ability: Frisk|[of] p1b: Wyrdeer|[identify]\n|-ability|p2a: Dusclops|Intimidate|boost\n|-unboost|p1a: Articuno|atk|1\n|-ability|p1a: Articuno|Competitive|boost\n|-boost|p1a: Articuno|spa|2\n|-unboost|p1b: Wyrdeer|atk|1\n|move|p2a: Dusclops|Brick Break|p1b: Wyrdeer\n|-damage|p1b: Wyrdeer|38\/100\n|\n|-heal|p1a: Articuno|93\/100|[from] item: Leftovers\n|upkeep\n|turn|2\n|inactive|trump43200 has 120 seconds left.\n|\n|t:|1700151318\n|switch|p1b: Tornadus|Tornadus, M|100\/100\n|move|p2b: Chi-Yu|Protect|p2b: Chi-Yu\n|-singleturn|p2b: Chi-Yu|Protect\n|move|p1a: Articuno|Tera Blast|p2b: Chi-Yu|[anim] Tera Blast Fighting\n|-activate|p2b: Chi-Yu|move: Protect\n|move|p2a: Dusclops|Trick Room|p2a: Dusclops\n|-fieldstart|move: Trick Room|[of] p2a: Dusclops\n|\n|-heal|p1a: Articuno|99\/100|[from] item: Leftovers\n|upkeep\n|turn|3\n|inactive|trump43200 has 120 seconds left.\n|\n|t:|1700151347\n|move|p2a: Dusclops|Helping Hand|p2b: Chi-Yu\n|-singleturn|p2b: Chi-Yu|Helping Hand|[of] p2a: Dusclops\n|move|p1a: Articuno|Tera Blast|p2b: Chi-Yu|[anim] Tera Blast Fighting\n|-supereffective|p2b: Chi-Yu\n|-enditem|p2b: Chi-Yu|Focus Sash\n|-damage|p2b: Chi-Yu|1\/100\n|move|p2b: Chi-Yu|Overheat|p1a: Articuno\n|-damage|p1a: Articuno|15\/100\n|-unboost|p2b: Chi-Yu|spa|2\n|move|p1b: Tornadus|Bleakwind Storm|p2b: Chi-Yu|[spread] p2a,p2b\n|-damage|p2a: Dusclops|52\/100\n|-damage|p2b: Chi-Yu|0 fnt\n|-unboost|p2a: Dusclops|spe|1\n|faint|p2b: Chi-Yu\n|\n|-heal|p1a: Articuno|22\/100|[from] item: Leftovers\n|upkeep\n|inactive|Mr. Alola Tales has 120 seconds left.\n|\n|t:|1700151364\n|switch|p2b: Ursaluna|Ursaluna-Bloodmoon, M|100\/100\n|turn|4\n|inactive|trump43200 has 120 seconds left.\n|inactive|Mr. Alola Tales has 120 seconds left.\n|\n|t:|1700151397\n|switch|p1b: Indeedee|Indeedee-F, F, shiny|100\/100\n|-fieldstart|move: Psychic Terrain|[from] ability: Psychic Surge|[of] p1b: Indeedee\n|move|p1a: Articuno|Protect|p1a: Articuno\n|-singleturn|p1a: Articuno|Protect\n|move|p2a: Dusclops|Shadow Sneak|p1b: Indeedee\n|-activate|p1b: Indeedee|move: Psychic Terrain\n|move|p2b: Ursaluna|Hyper Voice|p1a: Articuno|[spread] p1b\n|-activate|p1a: Articuno|move: Protect\n|-damage|p1b: Indeedee|61\/100\n|-enditem|p2b: Ursaluna|Throat Spray\n|-boost|p2b: Ursaluna|spa|1|[from] item: Throat Spray\n|\n|-heal|p1a: Articuno|28\/100|[from] item: Leftovers\n|upkeep\n|turn|5\n|inactive|trump43200 has 120 seconds left.\n|inactive|Mr. Alola Tales has 120 seconds left.\n|\n|t:|1700151424\n|move|p2a: Dusclops|Helping Hand|p2b: Ursaluna\n|-singleturn|p2b: Ursaluna|Helping Hand|[of] p2a: Dusclops\n|move|p2b: Ursaluna|Hyper Voice|p1b: Indeedee|[spread] p1a,p1b\n|-damage|p1a: Articuno|0 fnt\n|-damage|p1b: Indeedee|0 fnt\n|faint|p1a: Articuno\n|faint|p1b: Indeedee\n|\n|upkeep\n|\n|t:|1700151437\n|switch|p1b: Tornadus|Tornadus, M|100\/100\n|switch|p1a: Wyrdeer|Wyrdeer, M, shiny|38\/100\n|-ability|p1a: Wyrdeer|Intimidate|boost\n|-unboost|p2a: Dusclops|atk|1\n|-unboost|p2b: Ursaluna|atk|1\n|turn|6\n|inactive|Mr. Alola Tales has 120 seconds left.\n|\n|t:|1700151469\n|move|p1b: Tornadus|Taunt|p2a: Dusclops\n|-activate|p2a: Dusclops|move: Psychic Terrain\n|move|p2a: Dusclops|Brick Break|p1a: Wyrdeer\n|-damage|p1a: Wyrdeer|30\/100\n|move|p2b: Ursaluna|Blood Moon|p1b: Tornadus\n|-enditem|p1b: Tornadus|Focus Sash\n|-damage|p1b: Tornadus|1\/100\n|move|p1a: Wyrdeer|Light Screen|p1a: Wyrdeer\n|-sidestart|p1: trump43200|move: Light Screen\n|\n|-fieldend|move: Trick Room\n|upkeep\n|turn|7\n|inactive|trump43200 has 120 seconds left.\n|\n|t:|1700151504\n|move|p2b: Ursaluna|Protect|p2b: Ursaluna\n|-singleturn|p2b: Ursaluna|Protect\n|move|p1b: Tornadus|Bleakwind Storm|p2b: Ursaluna|[spread] p2a\n|-activate|p2b: Ursaluna|move: Protect\n|-damage|p2a: Dusclops|18\/100\n|-unboost|p2a: Dusclops|spe|1\n|-enditem|p2a: Dusclops|Sitrus Berry|[eat]\n|-heal|p2a: Dusclops|43\/100|[from] item: Sitrus Berry\n|move|p1a: Wyrdeer|Reflect|p1a: Wyrdeer\n|-sidestart|p1: trump43200|Reflect\n|move|p2a: Dusclops|Trick Room|p2a: Dusclops\n|-fieldstart|move: Trick Room|[of] p2a: Dusclops\n|\n|upkeep\n|turn|8\n|inactive|trump43200 has 120 seconds left.\n|-message|trump43200 forfeited.\n|\n|win|Mr. Alola Tales\n|raw|trump43200's rating: 1451 &rarr; <strong>1430<\/strong><br \/>(-21 for losing)\n|raw|Mr. Alola Tales's rating: 1434 &rarr; <strong>1455<\/strong><br \/>(+21 for winning)\n|l|\u2606trump43200\n","uploadtime":1700151534,"views":5,"p1id":"trump43200","p2id":"mralolatales","formatid":"gen9doublesou","rating":1430,"private":0,"password":""}