{"id":"gen9doublesou-1984054588","p1":"Commonblue","p2":"Wisdom1472","format":"[Gen 9] Doubles OU","log":"|j|\u2606Commonblue\n|j|\u2606Wisdom1472\n|t:|1699213978\n|gametype|doubles\n|player|p1|Commonblue|benga|1451\n|player|p2|Wisdom1472|swimmer|1400\n|teamsize|p1|6\n|teamsize|p2|6\n|gen|9\n|tier|[Gen 9] Doubles OU\n|rated|\n|rule|Species Clause: Limit one of each Pok\u00e9mon\n|rule|OHKO Clause: OHKO moves are banned\n|rule|Evasion Moves Clause: Evasion moves are banned\n|rule|Gravity Sleep Clause: The combination of sleep-inducing moves with imperfect accuracy and Gravity or Gigantamax Orbeetle are banned\n|rule|Endless Battle Clause: Forcing endless battles is banned\n|rule|HP Percentage Mod: HP is shown in percentages\n|clearpoke\n|poke|p1|Glimmora, M|\n|poke|p1|Sinistcha|\n|poke|p1|Chien-Pao|\n|poke|p1|Dragonite, M|\n|poke|p1|Ninetales-Alola, F|\n|poke|p1|Ursaluna-Bloodmoon, M|\n|poke|p2|Glimmora, M|\n|poke|p2|Sinistcha|\n|poke|p2|Ursaluna-Bloodmoon, M|\n|poke|p2|Okidogi, M|\n|poke|p2|Flutter Mane|\n|poke|p2|Kommo-o, F|\n|teampreview\n|\n|t:|1699213996\n|start\n|switch|p1a: Glimmora|Glimmora, M|100\/100\n|switch|p1b: Ninetales|Ninetales-Alola, F, shiny|100\/100\n|switch|p2a: Kommo-o|Kommo-o, F|100\/100\n|switch|p2b: Tea time|Sinistcha|100\/100\n|-weather|Snow|[from] ability: Snow Warning|[of] p1b: Ninetales\n|-item|p1a: Glimmora|Air Balloon\n|turn|1\n|\n|t:|1699214012\n|-terastallize|p2a: Kommo-o|Steel\n|move|p1b: Ninetales|Blizzard|p2a: Kommo-o|[spread] p2a,p2b\n|-resisted|p2a: Kommo-o\n|-supereffective|p2b: Tea time\n|-damage|p2a: Kommo-o|85\/100\n|-damage|p2b: Tea time|25\/100\n|move|p1a: Glimmora|Mortal Spin|p2b: Tea time|[spread] p2b\n|-immune|p2a: Kommo-o\n|-damage|p2b: Tea time|22\/100\n|-status|p2b: Tea time|psn\n|move|p2a: Kommo-o|Clangorous Soul|p2a: Kommo-o\n|-boost|p2a: Kommo-o|atk|1\n|-boost|p2a: Kommo-o|def|1\n|-boost|p2a: Kommo-o|spa|1\n|-boost|p2a: Kommo-o|spd|1\n|-boost|p2a: Kommo-o|spe|1\n|-damage|p2a: Kommo-o|52\/100\n|move|p2b: Tea time|Matcha Gotcha|p1b: Ninetales|[spread] p1a,p1b\n|-damage|p1a: Glimmora|73\/100\n|-heal|p2b: Tea time|37\/100 psn|[from] drain|[of] p1a: Glimmora\n|-damage|p1b: Ninetales|73\/100\n|-heal|p2b: Tea time|48\/100 psn|[from] drain|[of] p1b: Ninetales\n|-enditem|p1a: Glimmora|Air Balloon\n|\n|-weather|Snow|[upkeep]\n|-heal|p2a: Kommo-o|58\/100|[from] item: Leftovers\n|-heal|p2b: Tea time|54\/100 psn|[from] item: Leftovers\n|-damage|p2b: Tea time|42\/100 psn|[from] psn\n|upkeep\n|turn|2\n|\n|t:|1699214042\n|move|p2b: Tea time|Rage Powder|p2b: Tea time\n|-singleturn|p2b: Tea time|move: Rage Powder\n|move|p2a: Kommo-o|Clangorous Soul|p2a: Kommo-o\n|-boost|p2a: Kommo-o|atk|1\n|-boost|p2a: Kommo-o|def|1\n|-boost|p2a: Kommo-o|spa|1\n|-boost|p2a: Kommo-o|spd|1\n|-boost|p2a: Kommo-o|spe|1\n|-damage|p2a: Kommo-o|25\/100\n|move|p1b: Ninetales|Aurora Veil|p1b: Ninetales\n|-sidestart|p1: Commonblue|move: Aurora Veil\n|move|p1a: Glimmora|Earth Power|p2b: Tea time\n|-resisted|p2b: Tea time\n|-damage|p2b: Tea time|25\/100 psn\n|\n|-weather|Snow|[upkeep]\n|-heal|p2a: Kommo-o|31\/100|[from] item: Leftovers\n|-heal|p2b: Tea time|31\/100 psn|[from] item: Leftovers\n|-damage|p2b: Tea time|19\/100 psn|[from] psn\n|upkeep\n|turn|3\n|\n|t:|1699214061\n|move|p2a: Kommo-o|Drain Punch|p1a: Glimmora\n|-damage|p1a: Glimmora|18\/100\n|-heal|p2a: Kommo-o|63\/100|[from] drain|[of] p1a: Glimmora\n|-activate|p1a: Glimmora|ability: Toxic Debris\n|-sidestart|p2: Wisdom1472|move: Toxic Spikes\n|move|p1b: Ninetales|Blizzard|p2a: Kommo-o|[spread] p2a,p2b\n|-resisted|p2a: Kommo-o\n|-supereffective|p2b: Tea time\n|-damage|p2a: Kommo-o|56\/100\n|-damage|p2b: Tea time|0 fnt\n|faint|p2b: Tea time\n|move|p1a: Glimmora|Stealth Rock|p2a: Kommo-o\n|-sidestart|p2: Wisdom1472|move: Stealth Rock\n|\n|-weather|Snow|[upkeep]\n|-heal|p2a: Kommo-o|62\/100|[from] item: Leftovers\n|upkeep\n|\n|t:|1699214077\n|switch|p2b: Baloo|Ursaluna-Bloodmoon, M|100\/100\n|-status|p2b: Baloo|psn\n|-damage|p2b: Baloo|94\/100 psn|[from] Stealth Rock\n|turn|4\n|\n|t:|1699214092\n|move|p2b: Baloo|Vacuum Wave|p1a: Glimmora\n|-damage|p1a: Glimmora|6\/100\n|move|p2a: Kommo-o|Iron Head|p1b: Ninetales\n|-supereffective|p1b: Ninetales\n|-damage|p1b: Ninetales|0 fnt\n|faint|p1b: Ninetales\n|move|p1a: Glimmora|Earth Power|p2a: Kommo-o\n|-supereffective|p2a: Kommo-o\n|-damage|p2a: Kommo-o|35\/100\n|\n|-weather|Snow|[upkeep]\n|-heal|p2a: Kommo-o|41\/100|[from] item: Leftovers\n|-damage|p2b: Baloo|82\/100 psn|[from] psn\n|upkeep\n|\n|t:|1699214111\n|switch|p1b: Dragonite|Dragonite, M|100\/100\n|turn|5\n|\n|t:|1699214120\n|move|p1b: Dragonite|Protect|p1b: Dragonite\n|-singleturn|p1b: Dragonite|Protect\n|move|p2b: Baloo|Vacuum Wave|p1a: Glimmora\n|-damage|p1a: Glimmora|0 fnt\n|faint|p1a: Glimmora\n|move|p2a: Kommo-o|Drain Punch|p1b: Dragonite\n|-activate|p1b: Dragonite|move: Protect\n|\n|-weather|none\n|-heal|p2a: Kommo-o|47\/100|[from] item: Leftovers\n|-damage|p2b: Baloo|70\/100 psn|[from] psn\n|upkeep\n|\n|t:|1699214133\n|switch|p1a: Chien-Pao|Chien-Pao|100\/100\n|-ability|p1a: Chien-Pao|Sword of Ruin\n|turn|6\n|\n|t:|1699214146\n|move|p1a: Chien-Pao|Sucker Punch|p2a: Kommo-o\n|-damage|p2a: Kommo-o|27\/100\n|move|p2a: Kommo-o|Drain Punch|p1a: Chien-Pao\n|-supereffective|p1a: Chien-Pao\n|-enditem|p1a: Chien-Pao|Focus Sash\n|-damage|p1a: Chien-Pao|1\/100\n|-heal|p2a: Kommo-o|74\/100|[from] drain|[of] p1a: Chien-Pao\n|move|p1b: Dragonite|Earthquake|p2b: Baloo|[spread] p1a,p2a,p2b\n|-supereffective|p2a: Kommo-o\n|-damage|p1a: Chien-Pao|0 fnt\n|-damage|p2a: Kommo-o|42\/100\n|-damage|p2b: Baloo|42\/100 psn\n|faint|p1a: Chien-Pao\n|move|p2b: Baloo|Blood Moon|p1b: Dragonite\n|-damage|p1b: Dragonite|78\/100\n|\n|-heal|p2a: Kommo-o|48\/100|[from] item: Leftovers\n|-damage|p2b: Baloo|30\/100 psn|[from] psn\n|upkeep\n|\n|t:|1699214152\n|switch|p1a: Ursaluna|Ursaluna-Bloodmoon, M|100\/100\n|turn|7\n|-message|Commonblue forfeited.\n|\n|win|Wisdom1472\n|raw|Commonblue's rating: 1451 &rarr; <strong>1428<\/strong><br \/>(-23 for losing)\n|raw|Wisdom1472's rating: 1400 &rarr; <strong>1423<\/strong><br \/>(+23 for winning)\n|l|\u2606Commonblue\n","uploadtime":1699214178,"views":8,"p1id":"commonblue","p2id":"wisdom1472","formatid":"gen9doublesou","rating":1423,"private":0,"password":""}