{"id":"gen9doublesou-1983079939","p1":"kinqidiot","p2":"Lil Moonie","format":"[Gen 9] Doubles OU","log":"|j|\u2606kinqidiot\n|j|\u2606Lil Moonie\n|t:|1699081382\n|gametype|doubles\n|player|p1|kinqidiot|n|\n|player|p2|Lil Moonie|iris-gen5bw2|\n|teamsize|p1|6\n|teamsize|p2|6\n|gen|9\n|tier|[Gen 9] Doubles OU\n|rule|Species Clause: Limit one of each Pok\u00e9mon\n|rule|OHKO Clause: OHKO moves are banned\n|rule|Evasion Moves Clause: Evasion moves are banned\n|rule|Gravity Sleep Clause: The combination of sleep-inducing moves with imperfect accuracy and Gravity or Gigantamax Orbeetle are banned\n|rule|Endless Battle Clause: Forcing endless battles is banned\n|rule|HP Percentage Mod: HP is shown in percentages\n|clearpoke\n|poke|p1|Typhlosion, F|\n|poke|p1|Mimikyu, F|\n|poke|p1|Sylveon, F|\n|poke|p1|Torkoal, M|\n|poke|p1|Tinkaton, F|\n|poke|p1|Grimmsnarl, M|\n|poke|p2|Flutter Mane|\n|poke|p2|Amoonguss, M|\n|poke|p2|Gholdengo|\n|poke|p2|Ursaluna-Bloodmoon, M|\n|poke|p2|Iron Bundle|\n|poke|p2|Ogerpon-Hearthflame, F|\n|teampreview\n|\n|t:|1699081401\n|start\n|switch|p1a: Grimmsnarl|Grimmsnarl, M|100\/100\n|switch|p1b: Torkoal|Torkoal, M|100\/100\n|switch|p2a: Bot|Iron Bundle|100\/100\n|switch|p2b: Old money|Gholdengo|100\/100\n|-weather|SunnyDay|[from] ability: Drought|[of] p1b: Torkoal\n|-enditem|p2a: Bot|Booster Energy\n|-activate|p2a: Bot|ability: Quark Drive|[fromitem]\n|-start|p2a: Bot|quarkdrivespe\n|turn|1\n|\n|t:|1699081454\n|move|p2b: Old money|Protect|p2b: Old money\n|-singleturn|p2b: Old money|Protect\n|move|p1a: Grimmsnarl|Light Screen|p1a: Grimmsnarl\n|-sidestart|p1: kinqidiot|move: Light Screen\n|move|p2a: Bot|Hydro Pump|p1b: Torkoal\n|-supereffective|p1b: Torkoal\n|-damage|p1b: Torkoal|52\/100\n|move|p1b: Torkoal|Earth Power|p2b: Old money\n|-activate|p2b: Old money|move: Protect\n|\n|-weather|SunnyDay|[upkeep]\n|upkeep\n|turn|2\n|\n|t:|1699081481\n|-end|p2a: Bot|Quark Drive|[silent]\n|switch|p2a: Bloody MaryX|Ursaluna-Bloodmoon, M|100\/100\n|-terastallize|p2b: Old money|Steel\n|move|p1a: Grimmsnarl|Reflect|p1a: Grimmsnarl\n|-sidestart|p1: kinqidiot|Reflect\n|move|p2b: Old money|Make It Rain|p1a: Grimmsnarl|[spread] p1a,p1b\n|-supereffective|p1a: Grimmsnarl\n|-resisted|p1b: Torkoal\n|-damage|p1a: Grimmsnarl|11\/100\n|-damage|p1b: Torkoal|14\/100\n|-unboost|p2b: Old money|spa|1\n|-damage|p2b: Old money|91\/100|[from] item: Life Orb\n|move|p1b: Torkoal|Earth Power|p2b: Old money\n|-supereffective|p2b: Old money\n|-damage|p2b: Old money|25\/100\n|\n|-weather|SunnyDay|[upkeep]\n|upkeep\n|turn|3\n|\n|t:|1699081529\n|switch|p2b: Bot|Iron Bundle|100\/100\n|move|p1a: Grimmsnarl|Parting Shot|p2a: Bloody MaryX\n|-unboost|p2a: Bloody MaryX|atk|1\n|-unboost|p2a: Bloody MaryX|spa|1\n|\n|t:|1699081537\n|switch|p1a: Sylveon|Sylveon, F|100\/100|[from] Parting Shot\n|move|p2a: Bloody MaryX|Hyper Voice|p1a: Sylveon|[spread] p1a,p1b\n|-damage|p1a: Sylveon|89\/100\n|-damage|p1b: Torkoal|0 fnt\n|faint|p1b: Torkoal\n|\n|-weather|SunnyDay|[upkeep]\n|upkeep\n|\n|t:|1699081547\n|switch|p1b: Typhlosion|Typhlosion, F|100\/100\n|turn|4\n|\n|t:|1699081595\n|move|p1b: Typhlosion|Eruption|p2a: Bloody MaryX|[spread] p2a,p2b\n|-damage|p2a: Bloody MaryX|13\/100\n|-damage|p2b: Bot|0 fnt\n|-enditem|p2a: Bloody MaryX|Sitrus Berry|[eat]\n|-heal|p2a: Bloody MaryX|37\/100|[from] item: Sitrus Berry\n|faint|p2b: Bot\n|-end|p2b: Bot|Quark Drive|[silent]\n|move|p1a: Sylveon|Hyper Voice|p2a: Bloody MaryX\n|-damage|p2a: Bloody MaryX|0 fnt\n|faint|p2a: Bloody MaryX\n|-enditem|p1a: Sylveon|Throat Spray\n|-boost|p1a: Sylveon|spa|1|[from] item: Throat Spray\n|\n|-weather|SunnyDay|[upkeep]\n|upkeep\n|\n|t:|1699081612\n|switch|p2b: Old money|Gholdengo, tera:Steel|25\/100\n|switch|p2a: Puff puff|Amoonguss, M|100\/100\n|turn|5\n|\n|t:|1699081629\n|move|p2b: Old money|Protect|p2b: Old money\n|-singleturn|p2b: Old money|Protect\n|move|p1b: Typhlosion|Eruption|p2a: Puff puff|[spread] p2a\n|-activate|p2b: Old money|move: Protect\n|-supereffective|p2a: Puff puff\n|-damage|p2a: Puff puff|0 fnt\n|faint|p2a: Puff puff\n|move|p1a: Sylveon|Hyper Voice|p2b: Old money\n|-activate|p2b: Old money|move: Protect\n|\n|-weather|SunnyDay|[upkeep]\n|upkeep\n|\n|t:|1699081644\n|switch|p2a: Yuna|Flutter Mane|100\/100\n|-activate|p2a: Yuna|ability: Protosynthesis\n|-start|p2a: Yuna|protosynthesisspe\n|turn|6\n|\n|t:|1699081662\n|switch|p1b: Grimmsnarl|Grimmsnarl, M|11\/100\n|move|p2a: Yuna|Shadow Ball|p1b: Grimmsnarl\n|-resisted|p1b: Grimmsnarl\n|-damage|p1b: Grimmsnarl|0 fnt\n|faint|p1b: Grimmsnarl\n|move|p2b: Old money|Make It Rain|p1a: Sylveon\n|-supereffective|p1a: Sylveon\n|-damage|p1a: Sylveon|0 fnt\n|-unboost|p2b: Old money|spa|1\n|faint|p1a: Sylveon\n|-damage|p2b: Old money|15\/100|[from] item: Life Orb\n|\n|-weather|SunnyDay|[upkeep]\n|upkeep\n|\n|t:|1699081680\n|switch|p1b: Mimikyu|Mimikyu, F, shiny|100\/100\n|switch|p1a: Tinkaton|Tinkaton, F|100\/100\n|-ability|p1a: Tinkaton|Mold Breaker\n|turn|7\n|\n|t:|1699081692\n|-end|p2a: Yuna|Protosynthesis|[silent]\n|switch|p2a: Future|Ogerpon-Hearthflame, F|100\/100\n|-ability|p2a: Future|Mold Breaker\n|move|p1a: Tinkaton|Fake Out|p2b: Old money\n|-resisted|p2b: Old money\n|-damage|p2b: Old money|10\/100\n|move|p1b: Mimikyu|Shadow Sneak|p2a: Future\n|-damage|p2a: Future|74\/100\n|cant|p2b: Old money|flinch\n|\n|-weather|SunnyDay|[upkeep]\n|upkeep\n|turn|8\n|\n|t:|1699081716\n|move|p1b: Mimikyu|Shadow Sneak|p2b: Old money\n|-damage|p2b: Old money|0 fnt\n|faint|p2b: Old money\n|move|p2a: Future|Ivy Cudgel|p1b: Mimikyu\n|-damage|p1b: Mimikyu|3\/100\n|move|p1a: Tinkaton|Gigaton Hammer|p2a: Future\n|-resisted|p2a: Future\n|-damage|p2a: Future|37\/100\n|\n|-weather|none\n|-sideend|p1: kinqidiot|move: Light Screen\n|upkeep\n|\n|t:|1699081723\n|switch|p2b: Yuna|Flutter Mane|100\/100\n|turn|9\n|\n|t:|1699081737\n|move|p1b: Mimikyu|Shadow Sneak|p2b: Yuna\n|-supereffective|p2b: Yuna\n|-damage|p2b: Yuna|45\/100\n|move|p2b: Yuna|Shadow Ball|p1b: Mimikyu\n|-activate|p1b: Mimikyu|ability: Disguise\n|-damage|p1b: Mimikyu|3\/100\n|-unboost|p1b: Mimikyu|spd|1\n|detailschange|p1b: Mimikyu|Mimikyu-Busted, F, shiny\n|-damage|p1b: Mimikyu|0 fnt|[from] pokemon: Mimikyu-Busted\n|faint|p1b: Mimikyu\n|move|p2a: Future|Ivy Cudgel|p1a: Tinkaton\n|-supereffective|p1a: Tinkaton\n|-damage|p1a: Tinkaton|0 fnt\n|faint|p1a: Tinkaton\n|\n|-sideend|p1: kinqidiot|Reflect\n|upkeep\n|\n|t:|1699081755\n|switch|p1a: Typhlosion|Typhlosion, F|100\/100\n|turn|10\n|\n|t:|1699081768\n|-terastallize|p1a: Typhlosion|Fire\n|move|p1a: Typhlosion|Eruption|p2a: Future|[spread] p2a,p2b\n|-damage|p2a: Future|0 fnt\n|-damage|p2b: Yuna|0 fnt\n|faint|p2a: Future\n|faint|p2b: Yuna\n|-end|p2b: Yuna|Protosynthesis|[silent]\n|\n|win|kinqidiot\n","uploadtime":1699081778,"views":29,"p1id":"kinqidiot","p2id":"lilmoonie","formatid":"gen9doublesou","rating":0,"private":0,"password":""}