{"id":"gen9doublesou-1982619883","p1":"Zacozolt","p2":"Rungy","format":"[Gen 9] Doubles OU","log":"|j|\u2606Zacozolt\n|j|\u2606Rungy\n|t:|1699030356\n|gametype|doubles\n|player|p1|Zacozolt|fisherman-gen4|1155\n|player|p2|Rungy|gambler|1224\n|teamsize|p1|6\n|teamsize|p2|6\n|gen|9\n|tier|[Gen 9] Doubles OU\n|rated|\n|rule|Species Clause: Limit one of each Pok\u00e9mon\n|rule|OHKO Clause: OHKO moves are banned\n|rule|Evasion Moves Clause: Evasion moves are banned\n|rule|Gravity Sleep Clause: The combination of sleep-inducing moves with imperfect accuracy and Gravity or Gigantamax Orbeetle are banned\n|rule|Endless Battle Clause: Forcing endless battles is banned\n|rule|HP Percentage Mod: HP is shown in percentages\n|clearpoke\n|poke|p1|Torterra, M|\n|poke|p1|Murkrow, M|\n|poke|p1|Clefable, F|\n|poke|p1|Espathra, F|\n|poke|p1|Manaphy|\n|poke|p1|Bisharp, M|\n|poke|p2|Weezing-Galar, F|\n|poke|p2|Farigiraf, M|\n|poke|p2|Gastrodon-East, M|\n|poke|p2|Sawsbuck-Autumn, M|\n|poke|p2|Poliwrath, F|\n|poke|p2|Pelipper, F|\n|teampreview\n|c|\u2606Rungy|glhf!\n|c|\u2606Zacozolt|ypu 2\n|\n|t:|1699030402\n|start\n|switch|p1a: Espathra|Espathra, F|100\/100\n|switch|p1b: Bisharp|Bisharp, M, shiny|100\/100\n|switch|p2a: Assmar|Weezing-Galar, F|100\/100\n|switch|p2b: LIPS INC|Pelipper, F|100\/100\n|-weather|RainDance|[from] ability: Drizzle|[of] p2b: LIPS INC\n|-fieldstart|move: Misty Terrain|[from] ability: Misty Surge|[of] p2a: Assmar\n|turn|1\n|\n|t:|1699030425\n|switch|p2a: Mr. Rothschild|Farigiraf, M|100\/100\n|move|p1a: Espathra|Skill Swap|p1b: Bisharp\n|-activate|p1a: Espathra|move: Skill Swap|||[of] p1b: Bisharp\n|move|p1b: Bisharp|Swords Dance|p1b: Bisharp\n|-boost|p1b: Bisharp|atk|2\n|move|p2b: LIPS INC|Tailwind|p2b: LIPS INC\n|-sidestart|p2: Rungy|move: Tailwind\n|\n|-weather|RainDance|[upkeep]\n|-ability|p1b: Bisharp|Speed Boost|boost\n|-boost|p1b: Bisharp|spe|1\n|upkeep\n|turn|2\n|\n|t:|1699030446\n|move|p1a: Espathra|Dazzling Gleam|p2a: Mr. Rothschild|[spread] p2a,p2b\n|-damage|p2a: Mr. Rothschild|85\/100\n|-damage|p2b: LIPS INC|80\/100\n|move|p2b: LIPS INC|Water Pulse|p1b: Bisharp\n|-damage|p1b: Bisharp|63\/100\n|move|p2a: Mr. Rothschild|Hyper Voice|p1a: Espathra|[spread] p1a,p1b\n|-crit|p1a: Espathra\n|-resisted|p1b: Bisharp\n|-damage|p1a: Espathra|30\/100\n|-damage|p1b: Bisharp|49\/100\n|-enditem|p2a: Mr. Rothschild|Throat Spray\n|-boost|p2a: Mr. Rothschild|spa|1|[from] item: Throat Spray\n|move|p1b: Bisharp|Swords Dance|p1b: Bisharp\n|-boost|p1b: Bisharp|atk|2\n|\n|-weather|RainDance|[upkeep]\n|-heal|p1a: Espathra|36\/100|[from] item: Leftovers\n|-ability|p1b: Bisharp|Speed Boost|boost\n|-boost|p1b: Bisharp|spe|1\n|upkeep\n|turn|3\n|\n|t:|1699030465\n|move|p1b: Bisharp|Sucker Punch||[still]\n|cant|p2a: Mr. Rothschild|ability: Armor Tail|Sucker Punch|[of] p1b: Bisharp\n|move|p1a: Espathra|Dazzling Gleam|p2a: Mr. Rothschild|[spread] p2a,p2b\n|-damage|p2a: Mr. Rothschild|71\/100\n|-damage|p2b: LIPS INC|59\/100\n|move|p2b: LIPS INC|Water Pulse|p1b: Bisharp\n|-damage|p1b: Bisharp|12\/100\n|move|p2a: Mr. Rothschild|Hyper Voice|p1a: Espathra|[spread] p1a,p1b\n|-resisted|p1b: Bisharp\n|-damage|p1a: Espathra|0 fnt\n|-damage|p1b: Bisharp|0 fnt\n|faint|p1a: Espathra\n|faint|p1b: Bisharp\n|\n|-weather|RainDance|[upkeep]\n|upkeep\n|\n|t:|1699030480\n|switch|p1a: Clefable|Clefable, F|100\/100\n|switch|p1b: Manaphy|Manaphy|100\/100\n|turn|4\n|\n|t:|1699030492\n|switch|p2a: Khan|Gastrodon-East, M|100\/100\n|move|p2b: LIPS INC|Hurricane|p1a: Clefable\n|-damage|p1a: Clefable|60\/100\n|move|p1b: Manaphy|Tail Glow|p1b: Manaphy\n|-boost|p1b: Manaphy|spa|3\n|move|p1a: Clefable|Light Screen|p1a: Clefable\n|-sidestart|p1: Zacozolt|move: Light Screen\n|\n|-weather|RainDance|[upkeep]\n|-sideend|p2: Rungy|move: Tailwind\n|upkeep\n|turn|5\n|\n|t:|1699030514\n|move|p1b: Manaphy|Scald|p2a: Khan\n|-activate|p2a: Khan|ability: Storm Drain\n|-ability|p2a: Khan|Storm Drain|boost\n|-boost|p2a: Khan|spa|1\n|move|p2b: LIPS INC|Water Pulse|p2a: Khan\n|-activate|p2a: Khan|ability: Storm Drain\n|-ability|p2a: Khan|Storm Drain|boost\n|-boost|p2a: Khan|spa|1\n|move|p1a: Clefable|Dazzling Gleam|p2a: Khan|[spread] p2a,p2b\n|-damage|p2a: Khan|88\/100\n|-damage|p2b: LIPS INC|31\/100\n|move|p2a: Khan|Weather Ball|p1a: Clefable\n|-damage|p1a: Clefable|27\/100\n|\n|-weather|RainDance|[upkeep]\n|upkeep\n|turn|6\n|-message|Zacozolt forfeited.\n|\n|win|Rungy\n|raw|Zacozolt's rating: 1155 &rarr; <strong>1135<\/strong><br \/>(-20 for losing)\n|raw|Rungy's rating: 1224 &rarr; <strong>1244<\/strong><br \/>(+20 for winning)\n|l|\u2606Zacozolt\n","uploadtime":1699030533,"views":25,"p1id":"zacozolt","p2id":"rungy","formatid":"gen9doublesou","rating":1135,"private":0,"password":""}