{"id":"gen9doublesou-1968908457","p1":"Champion's Melody","p2":"squallo","format":"[Gen 9] Doubles OU","log":"|j|\u2606Champion's Melody\n|j|\u203dsquallo\n|t:|1697474594\n|gametype|doubles\n|player|p1|Champion's Melody|cynthia|1207\n|player|p2|squallo|bugcatcher-gen4dp|1165\n|teamsize|p1|6\n|teamsize|p2|6\n|gen|9\n|tier|[Gen 9] Doubles OU\n|rated|\n|rule|Species Clause: Limit one of each Pok\u00e9mon\n|rule|OHKO Clause: OHKO moves are banned\n|rule|Evasion Moves Clause: Evasion moves are banned\n|rule|Gravity Sleep Clause: The combination of sleep-inducing moves with imperfect accuracy and Gravity or Gigantamax Orbeetle are banned\n|rule|Endless Battle Clause: Forcing endless battles is banned\n|rule|HP Percentage Mod: HP is shown in percentages\n|clearpoke\n|poke|p1|Lurantis, F|\n|poke|p1|Gliscor, M|\n|poke|p1|Salazzle, F|\n|poke|p1|Kleavor, F|\n|poke|p1|Basculegion-F, F|\n|poke|p1|Empoleon, F|\n|poke|p2|Sableye, M|\n|poke|p2|Milotic, F|\n|poke|p2|Garchomp, M|\n|poke|p2|Tyranitar, M|\n|poke|p2|Moltres|\n|poke|p2|Ditto|\n|teampreview\n|inactive|Battle timer is ON: inactive players will automatically lose when time's up. (requested by Champion's Melody)\n|\n|t:|1697474601\n|start\n|switch|p1a: Gliscor|Gliscor, M|100\/100\n|switch|p1b: Lurantis|Lurantis, F|100\/100\n|switch|p2a: Ditto|Ditto, shiny|100\/100\n|switch|p2b: Milotic|Milotic, F, shiny|100\/100\n|-transform|p2a: Ditto|p1b: Lurantis|[from] ability: Imposter\n|turn|1\n|\n|t:|1697474615\n|move|p1a: Gliscor|Swords Dance|p1a: Gliscor\n|-boost|p1a: Gliscor|atk|2\n|move|p2b: Milotic|Icy Wind|p1b: Lurantis|[spread] p1a,p1b\n|-supereffective|p1a: Gliscor\n|-supereffective|p1b: Lurantis\n|-damage|p1a: Gliscor|46\/100\n|-damage|p1b: Lurantis|87\/100\n|-unboost|p1a: Gliscor|spe|1\n|-boost|p1b: Lurantis|spe|1\n|move|p1b: Lurantis|Leaf Storm|p2b: Milotic\n|-supereffective|p2b: Milotic\n|-damage|p2b: Milotic|47\/100\n|-boost|p1b: Lurantis|spa|2\n|move|p2a: Ditto|Pollen Puff|p1b: Lurantis\n|-supereffective|p1b: Lurantis\n|-damage|p1b: Lurantis|62\/100\n|\n|-heal|p2b: Milotic|53\/100|[from] item: Leftovers\n|-status|p1a: Gliscor|tox|[from] item: Toxic Orb\n|upkeep\n|turn|2\n|inactive|squallo has 120 seconds left.\n|\n|t:|1697474646\n|switch|p2a: Tyranitar|Tyranitar, M, shiny|100\/100\n|-weather|Sandstorm|[from] ability: Sand Stream|[of] p2a: Tyranitar\n|-terastallize|p2b: Milotic|Dragon\n|-terastallize|p1b: Lurantis|Bug\n|move|p1a: Gliscor|Fling|p2b: Milotic\n|-damage|p2b: Milotic|41\/100\n|-status|p2b: Milotic|tox\n|-enditem|p1a: Gliscor|Toxic Orb|[from] move: Fling\n|move|p2b: Milotic|Icy Wind|p1a: Gliscor|[spread] p1a,p1b\n|-supereffective|p1a: Gliscor\n|-damage|p1a: Gliscor|0 fnt\n|-damage|p1b: Lurantis|56\/100\n|-boost|p1b: Lurantis|spe|1\n|faint|p1a: Gliscor\n|move|p1b: Lurantis|Pollen Puff|p2a: Tyranitar\n|-supereffective|p2a: Tyranitar\n|-damage|p2a: Tyranitar|35\/100\n|\n|-weather|Sandstorm|[upkeep]\n|-damage|p1b: Lurantis|49\/100|[from] Sandstorm\n|-damage|p2b: Milotic|35\/100 tox|[from] Sandstorm\n|-heal|p2b: Milotic|41\/100 tox|[from] item: Leftovers\n|-damage|p2b: Milotic|35\/100 tox|[from] psn\n|upkeep\n|inactive|Champion's Melody has 120 seconds left.\n|\n|t:|1697474669\n|switch|p1a: Kleavor|Kleavor, F|100\/100\n|turn|3\n|\n|t:|1697474686\n|move|p1a: Kleavor|U-turn|p2a: Tyranitar\n|-supereffective|p2a: Tyranitar\n|-crit|p2a: Tyranitar\n|-damage|p2a: Tyranitar|0 fnt\n|faint|p2a: Tyranitar\n|\n|t:|1697474693\n|switch|p1a: Salazzle|Salazzle, F, shiny|100\/100|[from] U-turn\n|move|p1b: Lurantis|Leaf Storm|p2b: Milotic\n|-resisted|p2b: Milotic\n|-damage|p2b: Milotic|6\/100 tox\n|-boost|p1b: Lurantis|spa|2\n|move|p2b: Milotic|Scald|p1a: Salazzle\n|-supereffective|p1a: Salazzle\n|-damage|p1a: Salazzle|5\/100\n|\n|-weather|Sandstorm|[upkeep]\n|-damage|p1a: Salazzle|0 fnt|[from] Sandstorm\n|-damage|p1b: Lurantis|43\/100|[from] Sandstorm\n|-damage|p2b: Milotic|0 fnt|[from] Sandstorm\n|faint|p1a: Salazzle\n|faint|p2b: Milotic\n|upkeep\n|\n|t:|1697474716\n|switch|p1a: Kleavor|Kleavor, F|100\/100\n|switch|p2a: Ditto|Ditto, shiny|100\/100\n|switch|p2b: Sableye|Sableye, M, shiny|100\/100\n|-transform|p2a: Ditto|p1b: Lurantis|[from] ability: Imposter\n|-start|p2a: Ditto|typechange|Grass|[silent]\n|turn|4\n|\n|t:|1697474748\n|move|p2b: Sableye|Will-O-Wisp|p1a: Kleavor\n|-status|p1a: Kleavor|brn\n|move|p2a: Ditto|Pollen Puff|p1b: Lurantis\n|-damage|p1b: Lurantis|8\/100\n|move|p1a: Kleavor|X-Scissor|p2a: Ditto\n|-supereffective|p2a: Ditto\n|-damage|p2a: Ditto|0 fnt\n|faint|p2a: Ditto\n|move|p1b: Lurantis|Pollen Puff|p2b: Sableye\n|-damage|p2b: Sableye|0 fnt\n|faint|p2b: Sableye\n|\n|-weather|Sandstorm|[upkeep]\n|-damage|p1b: Lurantis|2\/100|[from] Sandstorm\n|-damage|p1a: Kleavor|94\/100 brn|[from] brn\n|upkeep\n|inactive|squallo has 120 seconds left.\n|\n|t:|1697474762\n|switch|p2a: Garchomp|Garchomp, M, shiny|100\/100\n|switch|p2b: Moltres|Moltres|100\/100\n|turn|5\n|\n|t:|1697474774\n|move|p2a: Garchomp|Stealth Rock|p1a: Kleavor\n|-sidestart|p1: Champion's Melody|move: Stealth Rock\n|move|p2b: Moltres|Tailwind|p2b: Moltres\n|-sidestart|p2: squallo|move: Tailwind\n|move|p1a: Kleavor|X-Scissor|p2a: Garchomp\n|-damage|p2a: Garchomp|52\/100\n|-damage|p1a: Kleavor|82\/100 brn|[from] ability: Rough Skin|[of] p2a: Garchomp\n|-damage|p1a: Kleavor|66\/100 brn|[from] item: Rocky Helmet|[of] p2a: Garchomp\n|move|p1b: Lurantis|Leaf Storm|p2a: Garchomp\n|-damage|p2a: Garchomp|0 fnt\n|-boost|p1b: Lurantis|spa|2\n|faint|p2a: Garchomp\n|\n|-weather|Sandstorm|[upkeep]\n|-damage|p2b: Moltres|94\/100|[from] Sandstorm\n|-damage|p1b: Lurantis|0 fnt|[from] Sandstorm\n|faint|p1b: Lurantis\n|-damage|p1a: Kleavor|60\/100 brn|[from] brn\n|upkeep\n|\n|t:|1697474791\n|switch|p1b: Basculegion|Basculegion-F, F|100\/100\n|-damage|p1b: Basculegion|88\/100|[from] Stealth Rock\n|turn|6\n|\n|t:|1697474798\n|switch|p1a: Empoleon|Empoleon, F|100\/100\n|-damage|p1a: Empoleon|94\/100|[from] Stealth Rock\n|move|p2b: Moltres|Sunny Day|p2b: Moltres\n|-weather|SunnyDay\n|move|p1b: Basculegion|Liquidation|p2b: Moltres\n|-supereffective|p2b: Moltres\n|-crit|p2b: Moltres\n|-damage|p2b: Moltres|13\/100\n|\n|-weather|SunnyDay|[upkeep]\n|upkeep\n|turn|7\n|\n|t:|1697474812\n|move|p2b: Moltres|Solar Beam||[still]\n|-prepare|p2b: Moltres|Solar Beam\n|-anim|p2b: Moltres|Solar Beam|p1b: Basculegion\n|-supereffective|p1b: Basculegion\n|-damage|p1b: Basculegion|0 fnt\n|faint|p1b: Basculegion\n|move|p1a: Empoleon|Hydro Pump|p2b: Moltres\n|-supereffective|p2b: Moltres\n|-damage|p2b: Moltres|0 fnt\n|faint|p2b: Moltres\n|\n|win|Champion's Melody\n|raw|Champion&apos;s Melody's rating: 1207 &rarr; <strong>1229<\/strong><br \/>(+22 for winning)\n|raw|squallo's rating: 1165 &rarr; <strong>1143<\/strong><br \/>(-22 for losing)\n|l|\u203dsquallo\n","uploadtime":1697474823,"views":15,"p1id":"championsmelody","p2id":"squallo","formatid":"gen9doublesou","rating":1143,"private":0,"password":""}