{"id":"gen9doublesou-1993809649","p1":"Battlin' Cats","p2":"Kiky14","format":"[Gen 9] Doubles OU","log":"|j|\u2606Battlin' Cats\n|j|\u2606Kiky14\n|t:|1700359987\n|gametype|doubles\n|player|p1|Battlin' Cats|unknownf|1342\n|player|p2|Kiky14|hilda-wonderlauncher|1401\n|teamsize|p1|6\n|teamsize|p2|6\n|gen|9\n|tier|[Gen 9] Doubles OU\n|rated|\n|rule|Species Clause: Limit one of each Pok\u00e9mon\n|rule|OHKO Clause: OHKO moves are banned\n|rule|Evasion Moves Clause: Evasion moves are banned\n|rule|Gravity Sleep Clause: The combination of sleep-inducing moves with imperfect accuracy and Gravity or Gigantamax Orbeetle are banned\n|rule|Endless Battle Clause: Forcing endless battles is banned\n|rule|HP Percentage Mod: HP is shown in percentages\n|clearpoke\n|poke|p1|Ogerpon-Wellspring, F|\n|poke|p1|Wo-Chien|\n|poke|p1|Ninetales-Alola, F|\n|poke|p1|Walking Wake|\n|poke|p1|Clefairy, F|\n|poke|p1|Grimmsnarl, M|\n|poke|p2|Sinistcha|\n|poke|p2|Moltres-Galar|\n|poke|p2|Arcanine-Hisui, F|\n|poke|p2|Ogerpon-Wellspring, F|\n|poke|p2|Klefki, M|\n|poke|p2|Okidogi, M|\n|teampreview\n|c|\u2606Battlin' Cats|glhf\n|\n|t:|1700360015\n|start\n|switch|p1a: Ninetales|Ninetales-Alola, F|100\/100\n|switch|p1b: Grimmsnarl|Grimmsnarl, M|100\/100\n|switch|p2a: Arcanine|Arcanine-Hisui, F|100\/100\n|switch|p2b: Klefki|Klefki, M|100\/100\n|-weather|Snow|[from] ability: Snow Warning|[of] p1a: Ninetales\n|-ability|p2a: Arcanine|Intimidate|boost\n|-unboost|p1a: Ninetales|atk|1\n|-unboost|p1b: Grimmsnarl|atk|1\n|turn|1\n|\n|t:|1700360034\n|move|p2b: Klefki|Thunder Wave|p1a: Ninetales\n|-status|p1a: Ninetales|par\n|move|p1b: Grimmsnarl|Taunt|p2b: Klefki\n|-start|p2b: Klefki|move: Taunt\n|move|p2a: Arcanine|Rock Slide|p1a: Ninetales|[spread] p1a,p1b\n|-supereffective|p1a: Ninetales\n|-damage|p1a: Ninetales|50\/100 par\n|-damage|p1b: Grimmsnarl|71\/100\n|move|p1a: Ninetales|Aurora Veil|p1a: Ninetales\n|-sidestart|p1: Battlin' Cats|move: Aurora Veil\n|\n|-weather|Snow|[upkeep]\n|upkeep\n|turn|2\n|\n|t:|1700360069\n|switch|p2b: Okidogi|Okidogi, M|100\/100\n|switch|p1b: Clefairy|Clefairy, F|100\/100\n|move|p2a: Arcanine|Rock Slide|p1a: Ninetales|[spread] p1a,p1b\n|-supereffective|p1a: Ninetales\n|-damage|p1a: Ninetales|20\/100 par\n|-damage|p1b: Clefairy|81\/100\n|cant|p1a: Ninetales|flinch\n|\n|-weather|Snow|[upkeep]\n|upkeep\n|turn|3\n|\n|t:|1700360090\n|move|p2a: Arcanine|Rock Slide|p1a: Ninetales|[spread] p1a,p1b\n|-supereffective|p1a: Ninetales\n|-damage|p1a: Ninetales|0 fnt\n|-damage|p1b: Clefairy|61\/100\n|faint|p1a: Ninetales\n|move|p2b: Okidogi|Poison Jab|p1b: Clefairy\n|-supereffective|p1b: Clefairy\n|-damage|p1b: Clefairy|0 fnt\n|faint|p1b: Clefairy\n|-damage|p2b: Okidogi|90\/100|[from] item: Life Orb\n|\n|-weather|Snow|[upkeep]\n|upkeep\n|\n|t:|1700360106\n|switch|p1a: Ogerpon|Ogerpon-Wellspring, F|100\/100\n|switch|p1b: Walking Wake|Walking Wake|100\/100\n|turn|4\n|\n|t:|1700360137\n|switch|p2a: Ogerpon|Ogerpon-Wellspring, F|100\/100\n|switch|p2b: Klefki|Klefki, M|100\/100\n|-terastallize|p1a: Ogerpon|Water\n|detailschange|p1a: Ogerpon|Ogerpon-Wellspring-Tera, F, tera:Water\n|-ability|p1a: Ogerpon|Embody Aspect (Wellspring)|boost\n|-boost|p1a: Ogerpon|spd|1\n|move|p1a: Ogerpon|Ivy Cudgel|p2b: Klefki|[anim] Ivy Cudgel Water\n|-damage|p2b: Klefki|27\/100\n|move|p1b: Walking Wake|Surf|p2b: Klefki|[spread] p1a,p2b\n|-immune|p2a: Ogerpon|[from] ability: Water Absorb\n|-resisted|p1a: Ogerpon\n|-damage|p1a: Ogerpon|88\/100\n|-damage|p2b: Klefki|0 fnt\n|faint|p2b: Klefki\n|-damage|p1b: Walking Wake|91\/100|[from] item: Life Orb\n|\n|-weather|Snow|[upkeep]\n|upkeep\n|\n|t:|1700360172\n|switch|p2b: Arcanine|Arcanine-Hisui, F|100\/100\n|-ability|p2b: Arcanine|Intimidate|boost\n|-unboost|p1a: Ogerpon|atk|1\n|-unboost|p1b: Walking Wake|atk|1\n|turn|5\n|\n|t:|1700360186\n|switch|p1a: Wo-Chien|Wo-Chien|100\/100\n|-ability|p1a: Wo-Chien|Tablets of Ruin\n|move|p2b: Arcanine|Protect|p2b: Arcanine\n|-singleturn|p2b: Arcanine|Protect\n|move|p1b: Walking Wake|Surf|p2a: Ogerpon|[spread] p1a\n|-activate|p2b: Arcanine|move: Protect\n|-immune|p2a: Ogerpon|[from] ability: Water Absorb\n|-resisted|p1a: Wo-Chien\n|-damage|p1a: Wo-Chien|93\/100\n|-damage|p1b: Walking Wake|81\/100|[from] item: Life Orb\n|move|p2a: Ogerpon|Leech Seed|p1b: Walking Wake\n|-start|p1b: Walking Wake|move: Leech Seed\n|\n|-weather|none\n|-heal|p1a: Wo-Chien|99\/100|[from] item: Leftovers\n|-damage|p1b: Walking Wake|69\/100|[from] Leech Seed|[of] p2a: Ogerpon\n|upkeep\n|turn|6\n|\n|t:|1700360240\n|switch|p2b: Sinistcha|Sinistcha|100\/100\n|switch|p1a: Grimmsnarl|Grimmsnarl, M|71\/100\n|move|p2a: Ogerpon|Wood Hammer|p1b: Walking Wake\n|-damage|p1b: Walking Wake|23\/100\n|-damage|p2a: Ogerpon|84\/100|[from] Recoil\n|move|p1b: Walking Wake|Roar|p2a: Ogerpon\n|drag|p2a: Moltres|Moltres-Galar|100\/100\n|\n|-damage|p1b: Walking Wake|11\/100|[from] Leech Seed|[of] p2a: Moltres\n|upkeep\n|turn|7\n|\n|t:|1700360279\n|switch|p2b: Ogerpon|Ogerpon-Wellspring, F|84\/100\n|move|p1b: Walking Wake|Draco Meteor|p2a: Moltres\n|-damage|p2a: Moltres|48\/100\n|-unboost|p1b: Walking Wake|spa|2\n|-ability|p2a: Moltres|Berserk|boost\n|-boost|p2a: Moltres|spa|1\n|-damage|p1b: Walking Wake|1\/100|[from] item: Life Orb\n|move|p2a: Moltres|Agility|p2a: Moltres\n|-boost|p2a: Moltres|spe|2\n|move|p1a: Grimmsnarl|Spirit Break|p2a: Moltres\n|-supereffective|p2a: Moltres\n|-crit|p2a: Moltres\n|-damage|p2a: Moltres|0 fnt\n|faint|p2a: Moltres\n|\n|upkeep\n|\n|t:|1700360302\n|switch|p2a: Arcanine|Arcanine-Hisui, F|100\/100\n|-ability|p2a: Arcanine|Intimidate|boost\n|-unboost|p1a: Grimmsnarl|atk|1\n|-unboost|p1b: Walking Wake|atk|1\n|turn|8\n|\n|t:|1700360319\n|-end|p1b: Walking Wake|Protosynthesis|[silent]\n|switch|p1b: Wo-Chien|Wo-Chien|99\/100\n|-ability|p1b: Wo-Chien|Tablets of Ruin\n|move|p2a: Arcanine|Protect|p2a: Arcanine\n|-singleturn|p2a: Arcanine|Protect\n|move|p1a: Grimmsnarl|Taunt|p2b: Ogerpon\n|-start|p2b: Ogerpon|move: Taunt\n|move|p2b: Ogerpon|Ivy Cudgel|p1a: Grimmsnarl|[anim] Ivy Cudgel Water\n|-damage|p1a: Grimmsnarl|39\/100\n|\n|-heal|p1b: Wo-Chien|100\/100|[from] item: Leftovers\n|-sideend|p1: Battlin' Cats|move: Aurora Veil\n|upkeep\n|turn|9\n|\n|t:|1700360354\n|switch|p1b: Ogerpon|Ogerpon-Wellspring-Tera, F, tera:Water|88\/100\n|-ability|p1b: Ogerpon|Embody Aspect (Wellspring)|boost\n|-boost|p1b: Ogerpon|spd|1\n|move|p2a: Arcanine|Flare Blitz|p1b: Ogerpon\n|-resisted|p1b: Ogerpon\n|-damage|p1b: Ogerpon|52\/100\n|-damage|p2a: Arcanine|90\/100|[from] Recoil\n|move|p2b: Ogerpon|Ivy Cudgel|p1a: Grimmsnarl|[anim] Ivy Cudgel Water\n|-damage|p1a: Grimmsnarl|0 fnt\n|faint|p1a: Grimmsnarl\n|\n|upkeep\n|\n|t:|1700360365\n|switch|p1a: Walking Wake|Walking Wake|1\/100\n|turn|10\n|\n|t:|1700360387\n|switch|p2a: Sinistcha|Sinistcha|100\/100\n|-heal|p2b: Ogerpon|100\/100|[from] ability: Hospitality|[of] p2a: Sinistcha\n|move|p1b: Ogerpon|Horn Leech|p2b: Ogerpon\n|-damage|p2b: Ogerpon|51\/100\n|-heal|p1b: Ogerpon|77\/100|[from] drain|[of] p2b: Ogerpon\n|move|p1a: Walking Wake|Draco Meteor|p2b: Ogerpon\n|-damage|p2b: Ogerpon|0 fnt\n|-unboost|p1a: Walking Wake|spa|2\n|faint|p2b: Ogerpon\n|-damage|p1a: Walking Wake|0 fnt|[from] item: Life Orb\n|faint|p1a: Walking Wake\n|-end|p1a: Walking Wake|Protosynthesis|[silent]\n|\n|upkeep\n|\n|t:|1700360404\n|switch|p1a: Wo-Chien|Wo-Chien|100\/100\n|switch|p2b: Arcanine|Arcanine-Hisui, F|90\/100\n|-ability|p2b: Arcanine|Intimidate|boost\n|-unboost|p1a: Wo-Chien|atk|1\n|-unboost|p1b: Ogerpon|atk|1\n|-ability|p1a: Wo-Chien|Tablets of Ruin\n|turn|11\n|\n|t:|1700360421\n|move|p2a: Sinistcha|Rage Powder|p2a: Sinistcha\n|-singleturn|p2a: Sinistcha|move: Rage Powder\n|move|p1b: Ogerpon|Knock Off|p2a: Sinistcha\n|-supereffective|p2a: Sinistcha\n|-damage|p2a: Sinistcha|68\/100\n|-enditem|p2a: Sinistcha|Leftovers|[from] move: Knock Off|[of] p1b: Ogerpon\n|move|p2b: Arcanine|Flare Blitz|p1a: Wo-Chien\n|-supereffective|p1a: Wo-Chien\n|-crit|p1a: Wo-Chien\n|-damage|p1a: Wo-Chien|0 fnt\n|faint|p1a: Wo-Chien\n|-damage|p2b: Arcanine|55\/100|[from] Recoil\n|\n|upkeep\n|turn|12\n|\n|t:|1700360439\n|move|p2b: Arcanine|Protect|p2b: Arcanine\n|-singleturn|p2b: Arcanine|Protect\n|move|p1b: Ogerpon|Knock Off|p2a: Sinistcha\n|-supereffective|p2a: Sinistcha\n|-damage|p2a: Sinistcha|38\/100\n|move|p2a: Sinistcha|Matcha Gotcha|p1b: Ogerpon\n|-supereffective|p1b: Ogerpon\n|-damage|p1b: Ogerpon|22\/100\n|-heal|p2a: Sinistcha|62\/100|[from] drain|[of] p1b: Ogerpon\n|-status|p1b: Ogerpon|brn\n|\n|-damage|p1b: Ogerpon|16\/100 brn|[from] brn\n|upkeep\n|turn|13\n|\n|t:|1700360451\n|move|p1b: Ogerpon|Knock Off|p2a: Sinistcha\n|-supereffective|p2a: Sinistcha\n|-damage|p2a: Sinistcha|46\/100\n|move|p2b: Arcanine|Rock Slide|p1b: Ogerpon\n|-damage|p1b: Ogerpon|0 fnt\n|faint|p1b: Ogerpon\n|\n|win|Kiky14\n|raw|Battlin&apos; Cats's rating: 1342 &rarr; <strong>1325<\/strong><br \/>(-17 for losing)\n|raw|Kiky14's rating: 1401 &rarr; <strong>1418<\/strong><br \/>(+17 for winning)\n|c|\u2606Battlin' Cats|gg\n|l|\u2606Battlin' Cats\n","uploadtime":1700360470,"views":5,"p1id":"battlincats","p2id":"kiky14","formatid":"gen9doublesou","rating":1325,"private":0,"password":""}