{"id":"gen9doublesou-1987753047","p1":"ooobertThaGoobert","p2":"Dududydydy","format":"[Gen 9] Doubles OU","log":"|j|\u2606ooobertThaGoobert\n|j|\u2606Dududydydy\n|t:|1699633778\n|gametype|doubles\n|player|p1|ooobertThaGoobert|clown|1119\n|player|p2|Dududydydy|firebreather|1118\n|teamsize|p1|6\n|teamsize|p2|6\n|gen|9\n|tier|[Gen 9] Doubles OU\n|rated|\n|rule|Species Clause: Limit one of each Pok\u00e9mon\n|rule|OHKO Clause: OHKO moves are banned\n|rule|Evasion Moves Clause: Evasion moves are banned\n|rule|Gravity Sleep Clause: The combination of sleep-inducing moves with imperfect accuracy and Gravity or Gigantamax Orbeetle are banned\n|rule|Endless Battle Clause: Forcing endless battles is banned\n|rule|HP Percentage Mod: HP is shown in percentages\n|clearpoke\n|poke|p1|Weezing, M|\n|poke|p1|Toxapex, F|\n|poke|p1|Ariados, M|\n|poke|p1|Glimmora, M|\n|poke|p1|Fezandipiti, M|\n|poke|p1|Dragalge, M|\n|poke|p2|Sinistcha|\n|poke|p2|Snorlax, M|\n|poke|p2|Clefairy, F|\n|poke|p2|Kommo-o, F|\n|poke|p2|Landorus-Therian, M|\n|poke|p2|Iron Hands|\n|teampreview\n|inactive|Battle timer is ON: inactive players will automatically lose when time's up. (requested by ooobertThaGoobert)\n|\n|t:|1699633787\n|start\n|switch|p1a: Ruined Meta|Toxapex, F, shiny|100\/100\n|switch|p1b: Get Bugged|Ariados, M, shiny|100\/100\n|switch|p2a: Kommo-o|Kommo-o, F|100\/100\n|switch|p2b: Iron Hands|Iron Hands, shiny|100\/100\n|turn|1\n|\n|t:|1699633797\n|move|p2a: Kommo-o|Clangorous Soul|p2a: Kommo-o\n|-boost|p2a: Kommo-o|atk|1\n|-boost|p2a: Kommo-o|def|1\n|-boost|p2a: Kommo-o|spa|1\n|-boost|p2a: Kommo-o|spd|1\n|-boost|p2a: Kommo-o|spe|1\n|-damage|p2a: Kommo-o|68\/100\n|-enditem|p2a: Kommo-o|Throat Spray\n|-boost|p2a: Kommo-o|spa|1|[from] item: Throat Spray\n|move|p2b: Iron Hands|Wild Charge|p1a: Ruined Meta\n|-supereffective|p1a: Ruined Meta\n|-damage|p1a: Ruined Meta|15\/100\n|-damage|p2b: Iron Hands|86\/100|[from] Recoil\n|move|p1b: Get Bugged|Sticky Web|p2a: Kommo-o\n|-sidestart|p2: Dududydydy|move: Sticky Web\n|move|p1a: Ruined Meta|Haze|p1a: Ruined Meta\n|-clearallboost\n|\n|-heal|p1a: Ruined Meta|21\/100|[from] item: Black Sludge\n|upkeep\n|turn|2\n|\n|t:|1699633816\n|move|p2a: Kommo-o|Clanging Scales|p1a: Ruined Meta|[spread] p1a,p1b\n|-damage|p1a: Ruined Meta|0 fnt\n|-damage|p1b: Get Bugged|57\/100\n|faint|p1a: Ruined Meta\n|-unboost|p2a: Kommo-o|def|1\n|move|p2b: Iron Hands|Wild Charge|p1b: Get Bugged\n|-damage|p1b: Get Bugged|0 fnt\n|faint|p1b: Get Bugged\n|-damage|p2b: Iron Hands|75\/100|[from] Recoil\n|\n|upkeep\n|\n|t:|1699633827\n|switch|p1b: Seiran|Fezandipiti, M|100\/100\n|switch|p1a: Crunchy|Glimmora, M, shiny|100\/100\n|turn|3\n|\n|t:|1699633836\n|-end|p2b: Iron Hands|Quark Drive|[silent]\n|switch|p2b: Sinistcha|Sinistcha|100\/100\n|-activate|p2b: Sinistcha|move: Sticky Web\n|-unboost|p2b: Sinistcha|spe|1\n|-heal|p2a: Kommo-o|92\/100|[from] ability: Hospitality|[of] p2b: Sinistcha\n|move|p1b: Seiran|Dazzling Gleam|p2a: Kommo-o|[spread] p2a,p2b\n|-supereffective|p2a: Kommo-o\n|-damage|p2a: Kommo-o|0 fnt\n|-damage|p2b: Sinistcha|78\/100\n|faint|p2a: Kommo-o\n|move|p1a: Crunchy|Mortal Spin|p2b: Sinistcha\n|-damage|p2b: Sinistcha|74\/100\n|-status|p2b: Sinistcha|psn\n|\n|-heal|p2b: Sinistcha|80\/100 psn|[from] item: Leftovers\n|-damage|p2b: Sinistcha|67\/100 psn|[from] psn\n|upkeep\n|\n|t:|1699633846\n|switch|p2a: Snorlax|Snorlax, M, shiny|100\/100\n|-activate|p2a: Snorlax|move: Sticky Web\n|-unboost|p2a: Snorlax|spe|1\n|turn|4\n|\n|t:|1699633860\n|move|p1b: Seiran|Hex|p2b: Sinistcha\n|-supereffective|p2b: Sinistcha\n|-damage|p2b: Sinistcha|0 fnt\n|faint|p2b: Sinistcha\n|move|p1a: Crunchy|Mortal Spin|p2a: Snorlax\n|-damage|p2a: Snorlax|94\/100\n|-status|p2a: Snorlax|psn\n|move|p2a: Snorlax|Belly Drum|p2a: Snorlax\n|-damage|p2a: Snorlax|44\/100 psn\n|-setboost|p2a: Snorlax|atk|6|[from] move: Belly Drum\n|-enditem|p2a: Snorlax|Sitrus Berry|[eat]\n|-heal|p2a: Snorlax|69\/100 psn|[from] item: Sitrus Berry\n|\n|-damage|p2a: Snorlax|57\/100 psn|[from] psn\n|upkeep\n|\n|t:|1699633864\n|switch|p2b: Clefairy|Clefairy, F, shiny|100\/100\n|-activate|p2b: Clefairy|move: Sticky Web\n|-unboost|p2b: Clefairy|spe|1\n|turn|5\n|\n|t:|1699633877\n|move|p1b: Seiran|Sludge Bomb|p2b: Clefairy\n|-supereffective|p2b: Clefairy\n|-damage|p2b: Clefairy|59\/100\n|move|p1a: Crunchy|Venoshock|p2a: Snorlax\n|-damage|p2a: Snorlax|28\/100 psn\n|move|p2b: Clefairy|Heal Pulse|p2a: Snorlax\n|-heal|p2a: Snorlax|78\/100 psn\n|move|p2a: Snorlax|Facade|p1b: Seiran\n|-damage|p1b: Seiran|0 fnt\n|faint|p1b: Seiran\n|\n|-damage|p2a: Snorlax|65\/100 psn|[from] psn\n|upkeep\n|\n|t:|1699633887\n|switch|p1b: That Zaza|Weezing, M, shiny|100\/100\n|turn|6\n|\n|t:|1699633905\n|move|p2b: Clefairy|Protect|p2b: Clefairy\n|-singleturn|p2b: Clefairy|Protect\n|move|p1a: Crunchy|Venoshock|p2a: Snorlax\n|-damage|p2a: Snorlax|34\/100 psn\n|move|p1b: That Zaza|Curse|p1b: That Zaza\n|-unboost|p1b: That Zaza|spe|1\n|-boost|p1b: That Zaza|atk|1\n|-boost|p1b: That Zaza|def|1\n|move|p2a: Snorlax|Earthquake|p1a: Crunchy|[spread] p1a\n|-activate|p2b: Clefairy|move: Protect\n|-immune|p1b: That Zaza|[from] ability: Levitate\n|-supereffective|p1a: Crunchy\n|-damage|p1a: Crunchy|0 fnt\n|-activate|p1a: Crunchy|ability: Toxic Debris\n|-sidestart|p2: Dududydydy|move: Toxic Spikes\n|faint|p1a: Crunchy\n|\n|-damage|p2a: Snorlax|22\/100 psn|[from] psn\n|upkeep\n|\n|t:|1699633917\n|switch|p1a: Hehehe Yup|Dragalge, M, shiny|100\/100\n|turn|7\n|\n|t:|1699633934\n|-terastallize|p1a: Hehehe Yup|Ground\n|move|p1a: Hehehe Yup|Mud-Slap|p2a: Snorlax\n|-damage|p2a: Snorlax|5\/100 psn\n|-unboost|p2a: Snorlax|accuracy|1\n|move|p1b: That Zaza|Gyro Ball|p2a: Snorlax\n|-damage|p2a: Snorlax|0 fnt\n|faint|p2a: Snorlax\n|move|p2b: Clefairy|Heal Pulse|p2: Snorlax|[notarget]\n|-fail|p2b: Clefairy\n|\n|upkeep\n|\n|t:|1699633948\n|switch|p2a: Landorus|Landorus-Therian, M|100\/100\n|-ability|p2a: Landorus|Intimidate|boost\n|-unboost|p1a: Hehehe Yup|atk|1\n|-unboost|p1b: That Zaza|atk|1\n|turn|8\n|\n|t:|1699633960\n|move|p2a: Landorus|Rock Slide|p1a: Hehehe Yup|[spread] p1a,p1b\n|-resisted|p1a: Hehehe Yup\n|-crit|p1a: Hehehe Yup\n|-damage|p1a: Hehehe Yup|83\/100\n|-damage|p1b: That Zaza|89\/100\n|move|p1a: Hehehe Yup|Chilling Water|p2a: Landorus\n|-supereffective|p2a: Landorus\n|-damage|p2a: Landorus|68\/100\n|-unboost|p2a: Landorus|atk|1\n|move|p1b: That Zaza|Curse|p1b: That Zaza\n|-unboost|p1b: That Zaza|spe|1\n|-boost|p1b: That Zaza|atk|1\n|-boost|p1b: That Zaza|def|1\n|move|p2b: Clefairy|Heal Pulse|p2a: Landorus\n|-heal|p2a: Landorus|100\/100\n|\n|-heal|p1b: That Zaza|95\/100|[from] item: Leftovers\n|upkeep\n|turn|9\n|\n|t:|1699633978\n|switch|p2a: Iron Hands|Iron Hands, shiny|75\/100\n|-activate|p2a: Iron Hands|move: Sticky Web\n|-unboost|p2a: Iron Hands|spe|1\n|-status|p2a: Iron Hands|psn\n|move|p1a: Hehehe Yup|Chilling Water|p2a: Iron Hands\n|-damage|p2a: Iron Hands|69\/100 psn\n|-unboost|p2a: Iron Hands|atk|1\n|move|p2b: Clefairy|Heal Pulse|p2a: Iron Hands\n|-heal|p2a: Iron Hands|100\/100 psn\n|move|p1b: That Zaza|Gyro Ball|p2b: Clefairy\n|-supereffective|p2b: Clefairy\n|-damage|p2b: Clefairy|35\/100\n|\n|-heal|p1b: That Zaza|100\/100|[from] item: Leftovers\n|-damage|p2a: Iron Hands|88\/100 psn|[from] psn\n|upkeep\n|turn|10\n|\n|t:|1699633999\n|move|p2b: Clefairy|Protect|p2b: Clefairy\n|-singleturn|p2b: Clefairy|Protect\n|move|p2a: Iron Hands|Fake Out|p1b: That Zaza\n|-damage|p1b: That Zaza|97\/100\n|move|p1a: Hehehe Yup|Chilling Water|p2a: Iron Hands\n|-damage|p2a: Iron Hands|81\/100 psn\n|-unboost|p2a: Iron Hands|atk|1\n|cant|p1b: That Zaza|flinch\n|\n|-heal|p1b: That Zaza|100\/100|[from] item: Leftovers\n|-damage|p2a: Iron Hands|69\/100 psn|[from] psn\n|upkeep\n|turn|11\n|\n|t:|1699634019\n|-end|p2a: Iron Hands|Quark Drive|[silent]\n|switch|p2a: Landorus|Landorus-Therian, M|100\/100\n|-ability|p2a: Landorus|Intimidate|boost\n|-unboost|p1a: Hehehe Yup|atk|1\n|-unboost|p1b: That Zaza|atk|1\n|move|p1a: Hehehe Yup|Chilling Water|p2a: Landorus\n|-supereffective|p2a: Landorus\n|-damage|p2a: Landorus|71\/100\n|-unboost|p2a: Landorus|atk|1\n|move|p2b: Clefairy|Heal Pulse|p2a: Landorus\n|-heal|p2a: Landorus|100\/100\n|move|p1b: That Zaza|Curse|p1b: That Zaza\n|-unboost|p1b: That Zaza|spe|1\n|-boost|p1b: That Zaza|atk|1\n|-boost|p1b: That Zaza|def|1\n|\n|upkeep\n|turn|12\n|\n|t:|1699634037\n|move|p2b: Clefairy|Protect|p2b: Clefairy\n|-singleturn|p2b: Clefairy|Protect\n|move|p2a: Landorus|U-turn|p1a: Hehehe Yup\n|-damage|p1a: Hehehe Yup|61\/100\n|\n|t:|1699634042\n|switch|p2a: Iron Hands|Iron Hands, shiny|69\/100 psn|[from] U-turn\n|-activate|p2a: Iron Hands|move: Sticky Web\n|-unboost|p2a: Iron Hands|spe|1\n|move|p1a: Hehehe Yup|Chilling Water|p2a: Iron Hands\n|-damage|p2a: Iron Hands|63\/100 psn\n|-unboost|p2a: Iron Hands|atk|1\n|move|p1b: That Zaza|Gyro Ball|p2b: Clefairy\n|-activate|p2b: Clefairy|move: Protect\n|\n|-damage|p2a: Iron Hands|50\/100 psn|[from] psn\n|upkeep\n|turn|13\n|\n|t:|1699634055\n|move|p2a: Iron Hands|Fake Out|p1a: Hehehe Yup\n|-damage|p1a: Hehehe Yup|48\/100\n|cant|p1a: Hehehe Yup|flinch\n|move|p2b: Clefairy|Heal Pulse|p2a: Iron Hands\n|-heal|p2a: Iron Hands|99\/100 psn\n|move|p1b: That Zaza|Gyro Ball|p2b: Clefairy\n|-supereffective|p2b: Clefairy\n|-damage|p2b: Clefairy|4\/100\n|\n|-damage|p2a: Iron Hands|88\/100 psn|[from] psn\n|upkeep\n|turn|14\n|inactive|Dududydydy has 120 seconds left.\n|\n|t:|1699634086\n|move|p2b: Clefairy|Protect|p2b: Clefairy\n|-singleturn|p2b: Clefairy|Protect\n|move|p1a: Hehehe Yup|Chilling Water|p2a: Iron Hands\n|-crit|p2a: Iron Hands\n|-damage|p2a: Iron Hands|79\/100 psn\n|-unboost|p2a: Iron Hands|atk|1\n|move|p2a: Iron Hands|Ice Punch|p1a: Hehehe Yup\n|-supereffective|p1a: Hehehe Yup\n|-damage|p1a: Hehehe Yup|14\/100\n|move|p1b: That Zaza|Tera Blast|p2b: Clefairy\n|-activate|p2b: Clefairy|move: Protect\n|\n|-damage|p2a: Iron Hands|66\/100 psn|[from] psn\n|upkeep\n|turn|15\n|\n|t:|1699634103\n|switch|p2b: Landorus|Landorus-Therian, M|100\/100\n|-ability|p2b: Landorus|Intimidate|boost\n|-unboost|p1a: Hehehe Yup|atk|1\n|-unboost|p1b: That Zaza|atk|1\n|move|p1a: Hehehe Yup|Chilling Water|p2b: Landorus\n|-supereffective|p2b: Landorus\n|-damage|p2b: Landorus|60\/100\n|-unboost|p2b: Landorus|atk|1\n|move|p2a: Iron Hands|Ice Punch|p1a: Hehehe Yup\n|-supereffective|p1a: Hehehe Yup\n|-damage|p1a: Hehehe Yup|0 fnt\n|faint|p1a: Hehehe Yup\n|move|p1b: That Zaza|Curse|p1b: That Zaza\n|-unboost|p1b: That Zaza|spe|1\n|-boost|p1b: That Zaza|atk|1\n|-boost|p1b: That Zaza|def|1\n|\n|-damage|p2a: Iron Hands|54\/100 psn|[from] psn\n|upkeep\n|turn|16\n|\n|t:|1699634128\n|move|p2b: Landorus|Rock Slide|p1b: That Zaza|[miss]\n|-miss|p2b: Landorus|p1b: That Zaza\n|move|p2a: Iron Hands|Wild Charge|p1b: That Zaza\n|-damage|p1b: That Zaza|93\/100\n|-damage|p2a: Iron Hands|52\/100 psn|[from] Recoil\n|move|p1b: That Zaza|Tera Blast|p2a: Iron Hands\n|-damage|p2a: Iron Hands|44\/100 psn\n|\n|-heal|p1b: That Zaza|99\/100|[from] item: Leftovers\n|-damage|p2a: Iron Hands|32\/100 psn|[from] psn\n|upkeep\n|turn|17\n|\n|t:|1699634148\n|-end|p2a: Iron Hands|Quark Drive|[silent]\n|switch|p2a: Clefairy|Clefairy, F, shiny|4\/100\n|-activate|p2a: Clefairy|move: Sticky Web\n|-unboost|p2a: Clefairy|spe|1\n|-status|p2a: Clefairy|psn\n|move|p2b: Landorus|Rock Slide|p1b: That Zaza\n|-damage|p1b: That Zaza|95\/100\n|move|p1b: That Zaza|Curse|p1b: That Zaza\n|-unboost|p1b: That Zaza|spe|1\n|-boost|p1b: That Zaza|atk|1\n|-boost|p1b: That Zaza|def|1\n|\n|-heal|p1b: That Zaza|100\/100|[from] item: Leftovers\n|-damage|p2a: Clefairy|0 fnt|[from] psn\n|faint|p2a: Clefairy\n|upkeep\n|\n|t:|1699634159\n|switch|p2a: Iron Hands|Iron Hands, shiny|32\/100 psn\n|-activate|p2a: Iron Hands|move: Sticky Web\n|-unboost|p2a: Iron Hands|spe|1\n|turn|18\n|\n|t:|1699634167\n|move|p2a: Iron Hands|Fake Out|p1b: That Zaza\n|-damage|p1b: That Zaza|97\/100\n|move|p2b: Landorus|Rock Slide|p1b: That Zaza\n|-damage|p1b: That Zaza|93\/100\n|cant|p1b: That Zaza|flinch\n|\n|-heal|p1b: That Zaza|99\/100|[from] item: Leftovers\n|-damage|p2a: Iron Hands|19\/100 psn|[from] psn\n|upkeep\n|turn|19\n|\n|t:|1699634175\n|move|p2b: Landorus|Rock Slide|p1b: That Zaza|[miss]\n|-miss|p2b: Landorus|p1b: That Zaza\n|move|p2a: Iron Hands|Ice Punch|p1b: That Zaza\n|-damage|p1b: That Zaza|92\/100\n|move|p1b: That Zaza|Gyro Ball|p2a: Iron Hands\n|-resisted|p2a: Iron Hands\n|-damage|p2a: Iron Hands|9\/100 psn\n|\n|-heal|p1b: That Zaza|98\/100|[from] item: Leftovers\n|-damage|p2a: Iron Hands|0 fnt|[from] psn\n|faint|p2a: Iron Hands\n|-end|p2a: Iron Hands|Quark Drive|[silent]\n|upkeep\n|turn|20\n|-message|Dududydydy forfeited.\n|\n|win|ooobertThaGoobert\n|raw|ooobertThaGoobert's rating: 1119 &rarr; <strong>1144<\/strong><br \/>(+25 for winning)\n|raw|Dududydydy's rating: 1118 &rarr; <strong>1093<\/strong><br \/>(-25 for losing)\n|l|\u2606Dududydydy\n","uploadtime":1699634211,"views":17,"p1id":"ooobertthagoobert","p2id":"dududydydy","formatid":"gen9doublesou","rating":1093,"private":0,"password":""}