{"id":"gen9doublesou-1969319303","p1":"cyfcfc","p2":"wingwingy55","format":"[Gen 9] Doubles OU","log":"|j|\u2606cyfcfc\n|j|\u2606wingwingy55\n|t:|1697513625\n|gametype|doubles\n|player|p1|cyfcfc|alec-anime|1036\n|player|p2|wingwingy55|preschooler|1173\n|teamsize|p1|6\n|teamsize|p2|6\n|gen|9\n|tier|[Gen 9] Doubles OU\n|rated|\n|rule|Species Clause: Limit one of each Pok\u00e9mon\n|rule|OHKO Clause: OHKO moves are banned\n|rule|Evasion Moves Clause: Evasion moves are banned\n|rule|Gravity Sleep Clause: The combination of sleep-inducing moves with imperfect accuracy and Gravity or Gigantamax Orbeetle are banned\n|rule|Endless Battle Clause: Forcing endless battles is banned\n|rule|HP Percentage Mod: HP is shown in percentages\n|clearpoke\n|poke|p1|Arcanine-Hisui, M|\n|poke|p1|Scovillain, M|\n|poke|p1|Ninetales, M|\n|poke|p1|Sinistcha-Masterpiece|\n|poke|p1|Kleavor, F|\n|poke|p1|Ceruledge, F|\n|poke|p2|Dragapult, M|\n|poke|p2|Enamorus, F|\n|poke|p2|Ogerpon, F|\n|poke|p2|Dipplin, M|\n|poke|p2|Maushold|\n|poke|p2|Basculegion-F, F|\n|teampreview\n|inactive|Battle timer is ON: inactive players will automatically lose when time's up. (requested by cyfcfc)\n|inactive|wingwingy55 has 120 seconds left.\n|\n|t:|1697513665\n|start\n|switch|p1a: axe man|Kleavor, F, shiny|100\/100\n|switch|p1b: sword man|Ceruledge, F|100\/100\n|switch|p2a: Basculegion|Basculegion-F, F|100\/100\n|switch|p2b: Enamorus|Enamorus, F|100\/100\n|turn|1\n|\n|t:|1697513682\n|move|p2a: Basculegion|Hydro Pump|p1a: axe man\n|-supereffective|p1a: axe man\n|-damage|p1a: axe man|0 fnt\n|faint|p1a: axe man\n|move|p2b: Enamorus|Earth Power|p1b: sword man\n|-supereffective|p1b: sword man\n|-crit|p1b: sword man\n|-damage|p1b: sword man|0 fnt\n|faint|p1b: sword man\n|\n|upkeep\n|\n|t:|1697513694\n|switch|p1b: pepper duo|Scovillain, M, shiny|100\/100\n|switch|p1a: from Naruto|Ninetales, M, shiny|100\/100\n|-weather|SunnyDay|[from] ability: Drought|[of] p1a: from Naruto\n|turn|2\n|\n|t:|1697513707\n|move|p1b: pepper duo|Solar Beam||[still]\n|-prepare|p1b: pepper duo|Solar Beam\n|-anim|p1b: pepper duo|Solar Beam|p2a: Basculegion\n|-supereffective|p2a: Basculegion\n|-damage|p2a: Basculegion|9\/100\n|move|p2a: Basculegion|Hydro Pump|p1a: from Naruto|[miss]\n|-miss|p2a: Basculegion|p1a: from Naruto\n|move|p2b: Enamorus|Earth Power|p1b: pepper duo\n|-damage|p1b: pepper duo|31\/100\n|move|p1a: from Naruto|Heat Wave|p2b: Enamorus|[spread] p2a,p2b\n|-resisted|p2a: Basculegion\n|-damage|p2a: Basculegion|0 fnt\n|-damage|p2b: Enamorus|20\/100\n|faint|p2a: Basculegion\n|\n|-weather|SunnyDay|[upkeep]\n|-heal|p1b: pepper duo|37\/100|[from] item: Leftovers\n|upkeep\n|\n|t:|1697513727\n|switch|p2a: Dipplin|Dipplin, M|100\/100\n|-ability|p2a: Dipplin|Supersweet Syrup\n|-ability|p2a: Dipplin|Supersweet Syrup|boost\n|-unboost|p1a: from Naruto|evasion|1\n|-unboost|p1b: pepper duo|evasion|1\n|turn|3\n|\n|t:|1697513739\n|move|p1b: pepper duo|Flamethrower|p2b: Enamorus\n|-damage|p2b: Enamorus|0 fnt\n|faint|p2b: Enamorus\n|move|p1a: from Naruto|Heat Wave|p2a: Dipplin\n|-damage|p2a: Dipplin|56\/100\n|-status|p2a: Dipplin|brn\n|move|p2a: Dipplin|Syrup Bomb|p1b: pepper duo\n|-resisted|p1b: pepper duo\n|-crit|p1b: pepper duo\n|-damage|p1b: pepper duo|26\/100\n|-start|p1b: pepper duo|Syrup Bomb\n|\n|-weather|SunnyDay|[upkeep]\n|-heal|p1b: pepper duo|32\/100|[from] item: Leftovers\n|-damage|p2a: Dipplin|50\/100 brn|[from] brn\n|-unboost|p1b: pepper duo|spe|1\n|upkeep\n|\n|t:|1697513753\n|switch|p2b: Maushold|Maushold|100\/100\n|turn|4\n|\n|t:|1697513762\n|move|p2a: Dipplin|Protect|p2a: Dipplin\n|-singleturn|p2a: Dipplin|Protect\n|move|p1b: pepper duo|Flamethrower|p2a: Dipplin\n|-activate|p2a: Dipplin|move: Protect\n|move|p2b: Maushold|Population Bomb|p1a: from Naruto\n|-damage|p1a: from Naruto|94\/100\n|-damage|p1a: from Naruto|88\/100\n|-damage|p1a: from Naruto|81\/100\n|-damage|p1a: from Naruto|75\/100\n|-damage|p1a: from Naruto|68\/100\n|-damage|p1a: from Naruto|61\/100\n|-damage|p1a: from Naruto|55\/100\n|-damage|p1a: from Naruto|48\/100\n|-damage|p1a: from Naruto|43\/100\n|-damage|p1a: from Naruto|36\/100\n|-hitcount|p1a: from Naruto|10\n|move|p1a: from Naruto|Heat Wave|p2b: Maushold|[spread] p2b\n|-activate|p2a: Dipplin|move: Protect\n|-damage|p2b: Maushold|32\/100\n|-enditem|p2b: Maushold|Sitrus Berry|[eat]\n|-heal|p2b: Maushold|57\/100|[from] item: Sitrus Berry\n|\n|-weather|SunnyDay|[upkeep]\n|-heal|p1b: pepper duo|38\/100|[from] item: Leftovers\n|-damage|p2a: Dipplin|44\/100 brn|[from] brn\n|-unboost|p1b: pepper duo|spe|1\n|upkeep\n|turn|5\n|\n|t:|1697513783\n|move|p2b: Maushold|Population Bomb|p1b: pepper duo\n|-damage|p1b: pepper duo|30\/100\n|-damage|p1b: pepper duo|21\/100\n|-damage|p1b: pepper duo|12\/100\n|-damage|p1b: pepper duo|3\/100\n|-damage|p1b: pepper duo|0 fnt\n|faint|p1b: pepper duo\n|-hitcount|p1: pepper duo|5\n|move|p1a: from Naruto|Heat Wave|p2a: Dipplin|[spread] p2a,p2b\n|-damage|p2a: Dipplin|19\/100 brn\n|-damage|p2b: Maushold|0 fnt\n|faint|p2b: Maushold\n|move|p2a: Dipplin|Pollen Puff|p2: Maushold|[notarget]\n|-fail|p2a: Dipplin\n|\n|-weather|SunnyDay|[upkeep]\n|-damage|p2a: Dipplin|13\/100 brn|[from] brn\n|upkeep\n|inactive|wingwingy55 has 120 seconds left.\n|\n|t:|1697513814\n|switch|p2b: Ogerpon|Ogerpon, F|100\/100\n|switch|p1b: chi tea|Sinistcha-Masterpiece, shiny|100\/100\n|-heal|p1a: from Naruto|61\/100|[from] ability: Hospitality|[of] p1b: chi tea\n|turn|6\n|\n|t:|1697513830\n|move|p2b: Ogerpon|U-turn|p1b: chi tea\n|-damage|p1b: chi tea|84\/100\n|\n|t:|1697513833\n|switch|p2b: Dragapult|Dragapult, M, shiny|100\/100|[from] U-turn\n|move|p1a: from Naruto|Heat Wave|p2a: Dipplin|[spread] p2a,p2b\n|-resisted|p2b: Dragapult\n|-damage|p2a: Dipplin|0 fnt\n|-damage|p2b: Dragapult|68\/100\n|faint|p2a: Dipplin\n|move|p1b: chi tea|Scald|p2b: Dragapult\n|-resisted|p2b: Dragapult\n|-damage|p2b: Dragapult|63\/100\n|\n|-weather|none\n|upkeep\n|\n|t:|1697513845\n|switch|p2a: Ogerpon|Ogerpon, F|100\/100\n|turn|7\n|\n|t:|1697513869\n|-terastallize|p2b: Dragapult|Steel\n|move|p2b: Dragapult|Dragon Dance|p2b: Dragapult\n|-boost|p2b: Dragapult|atk|1\n|-boost|p2b: Dragapult|spe|1\n|move|p2a: Ogerpon|Stomping Tantrum|p1a: from Naruto\n|-supereffective|p1a: from Naruto\n|-damage|p1a: from Naruto|7\/100\n|move|p1a: from Naruto|Heat Wave|p2a: Ogerpon|[spread] p2a\n|-miss|p1a: from Naruto|p2b: Dragapult\n|-supereffective|p2a: Ogerpon\n|-damage|p2a: Ogerpon|17\/100\n|move|p1b: chi tea|Strength Sap|p2b: Dragapult\n|-fail|p2b: Dragapult|unboost|[from] ability: Clear Body|[of] p2b: Dragapult\n|-heal|p1b: chi tea|100\/100\n|\n|-heal|p2a: Ogerpon|23\/100|[from] item: Leftovers\n|upkeep\n|turn|8\n|\n|t:|1697513897\n|move|p2b: Dragapult|Dragon Darts|p1b: chi tea\n|-damage|p1b: chi tea|74\/100\n|-anim|p2b: Dragapult|Dragon Darts|p1a: from Naruto\n|-damage|p1a: from Naruto|0 fnt\n|faint|p1a: from Naruto\n|move|p2a: Ogerpon|Stomping Tantrum|p1b: chi tea\n|-resisted|p1b: chi tea\n|-damage|p1b: chi tea|65\/100\n|move|p1b: chi tea|Strength Sap|p2a: Ogerpon\n|-unboost|p2a: Ogerpon|atk|1\n|-ability|p2a: Ogerpon|Defiant|boost\n|-boost|p2a: Ogerpon|atk|2\n|-heal|p1b: chi tea|100\/100\n|\n|-heal|p2a: Ogerpon|29\/100|[from] item: Leftovers\n|upkeep\n|inactive|cyfcfc has 120 seconds left.\n|\n|t:|1697513911\n|switch|p1a: puppy|Arcanine-Hisui, M, shiny|100\/100\n|turn|9\n|\n|t:|1697513920\n|move|p2b: Dragapult|Phantom Force||[still]\n|-prepare|p2b: Dragapult|Phantom Force\n|move|p2a: Ogerpon|Stomping Tantrum|p1a: puppy\n|-supereffective|p1a: puppy\n|-damage|p1a: puppy|0 fnt\n|faint|p1a: puppy\n|move|p1b: chi tea|Scald|p2a: Ogerpon\n|-resisted|p2a: Ogerpon\n|-damage|p2a: Ogerpon|17\/100\n|\n|-heal|p2a: Ogerpon|23\/100|[from] item: Leftovers\n|upkeep\n|turn|10\n|\n|t:|1697513934\n|move|p1b: chi tea|Protect|p1b: chi tea\n|-singleturn|p1b: chi tea|Protect\n|move|p2b: Dragapult|Phantom Force|p1b: chi tea|[from]lockedmove\n|-activate|p1b: chi tea|move: Phantom Force|[broken]\n|-supereffective|p1b: chi tea\n|-damage|p1b: chi tea|5\/100\n|-enditem|p1b: chi tea|Mago Berry|[eat]\n|-heal|p1b: chi tea|38\/100|[from] item: Mago Berry\n|move|p2a: Ogerpon|Ivy Cudgel|p1b: chi tea\n|-resisted|p1b: chi tea\n|-crit|p1b: chi tea\n|-damage|p1b: chi tea|0 fnt\n|faint|p1b: chi tea\n|\n|win|wingwingy55\n|raw|cyfcfc's rating: 1036 &rarr; <strong>1026<\/strong><br \/>(-10 for losing)\n|raw|wingwingy55's rating: 1173 &rarr; <strong>1189<\/strong><br \/>(+16 for winning)\n|l|\u2606cyfcfc\n","uploadtime":1697513949,"views":19,"p1id":"cyfcfc","p2id":"wingwingy55","formatid":"gen9doublesou","rating":1026,"private":0,"password":""}