{"id":"gen9doublesou-1974078449","p1":"Use Guard Specs","p2":"AlphaClefable","format":"[Gen 9] Doubles OU","log":"|j|\u2606Use Guard Specs\n|j|\u2606AlphaClefable\n|inactive|Battle timer is ON: inactive players will automatically lose when time's up.\n|t:|1698052550\n|gametype|doubles\n|player|p1|Use Guard Specs|scientist-gen4dp|\n|player|p2|AlphaClefable|backersf|\n|teamsize|p1|6\n|teamsize|p2|6\n|gen|9\n|tier|[Gen 9] Doubles OU\n|rated|Tournament battle\n|rule|Species Clause: Limit one of each Pok\u00e9mon\n|rule|OHKO Clause: OHKO moves are banned\n|rule|Evasion Moves Clause: Evasion moves are banned\n|rule|Gravity Sleep Clause: The combination of sleep-inducing moves with imperfect accuracy and Gravity or Gigantamax Orbeetle are banned\n|rule|Endless Battle Clause: Forcing endless battles is banned\n|rule|HP Percentage Mod: HP is shown in percentages\n|clearpoke\n|poke|p1|Bronzor|\n|poke|p1|Pelipper, M|\n|poke|p1|Hattrem, F|\n|poke|p1|Spoink, F|\n|poke|p1|Krookodile, F|\n|poke|p1|Eelektrik, F|\n|poke|p2|Espathra, F|\n|poke|p2|Skiddo, M|\n|poke|p2|Qwilfish-Hisui, F|\n|poke|p2|Frosmoth, F|\n|poke|p2|Gimmighoul-Roaming|\n|poke|p2|Fennekin, F|\n|teampreview\n|j|*Lady Monita \u263d\n|\n|t:|1698052569\n|start\n|switch|p1a: Pelipper|Pelipper, M|100\/100\n|switch|p1b: Bronzor|Bronzor|100\/100\n|switch|p2a: Qwilfish|Qwilfish-Hisui, F|100\/100\n|switch|p2b: Skiddo|Skiddo, M|100\/100\n|-ability|p2a: Qwilfish|Intimidate|boost\n|-unboost|p1a: Pelipper|atk|1\n|-unboost|p1b: Bronzor|atk|1\n|-weather|RainDance|[from] ability: Drizzle|[of] p1a: Pelipper\n|turn|1\n|j| You gon cry\n|inactive|AlphaClefable has 120 seconds left.\n|inactive|AlphaClefable has 90 seconds left.\n|\n|t:|1698052633\n|move|p2a: Qwilfish|Barb Barrage|p1a: Pelipper\n|-damage|p1a: Pelipper|74\/100\n|-status|p1a: Pelipper|psn\n|move|p1a: Pelipper|Hurricane|p2b: Skiddo\n|-supereffective|p2b: Skiddo\n|-damage|p2b: Skiddo|0 fnt\n|faint|p2b: Skiddo\n|move|p1b: Bronzor|Stealth Rock|p2a: Qwilfish\n|-sidestart|p2: AlphaClefable|move: Stealth Rock\n|\n|-weather|RainDance|[upkeep]\n|-damage|p1a: Pelipper|62\/100 psn|[from] psn\n|upkeep\n|inactive|AlphaClefable has 90 seconds left.\n|j| Commander2022\n|l| Commander2022\n|\n|t:|1698052665\n|switch|p2b: Gimmighoul|Gimmighoul-Roaming|100\/100\n|-damage|p2b: Gimmighoul|88\/100|[from] Stealth Rock\n|turn|2\n|\n|t:|1698052681\n|move|p2a: Qwilfish|Taunt|p1b: Bronzor\n|-start|p1b: Bronzor|move: Taunt\n|move|p2b: Gimmighoul|Power Gem|p1a: Pelipper\n|-supereffective|p1a: Pelipper\n|-damage|p1a: Pelipper|0 fnt\n|faint|p1a: Pelipper\n|-damage|p2b: Gimmighoul|78\/100|[from] item: Life Orb\n|cant|p1b: Bronzor|move: Taunt|Iron Defense\n|\n|-weather|RainDance|[upkeep]\n|upkeep\n|\n|t:|1698052692\n|switch|p1a: Eelektrik|Eelektrik, F|100\/100\n|turn|3\n|j| cobaya fighter\n|inactive|AlphaClefable has 90 seconds left.\n|\n|t:|1698052711\n|switch|p1b: Spoink|Spoink, F|100\/100\n|move|p2a: Qwilfish|Barb Barrage|p1a: Eelektrik\n|-damage|p1a: Eelektrik|78\/100\n|move|p2b: Gimmighoul|Nasty Plot|p2b: Gimmighoul\n|-boost|p2b: Gimmighoul|spa|2\n|move|p1a: Eelektrik|Discharge|p2b: Gimmighoul|[spread] p1b,p2a,p2b\n|-damage|p1b: Spoink|85\/100\n|-damage|p2a: Qwilfish|66\/100\n|-damage|p2b: Gimmighoul|13\/100\n|-status|p2b: Gimmighoul|par\n|\n|-weather|RainDance|[upkeep]\n|upkeep\n|turn|4\n|c| You gon cry|Damn\n|inactive|AlphaClefable has 90 seconds left.\n|\n|t:|1698052737\n|move|p2a: Qwilfish|Destiny Bond|p2a: Qwilfish\n|-singlemove|p2a: Qwilfish|Destiny Bond\n|move|p1b: Spoink|Thunder Wave|p2a: Qwilfish\n|-status|p2a: Qwilfish|par\n|move|p2b: Gimmighoul|Shadow Ball|p1a: Eelektrik\n|-damage|p1a: Eelektrik|10\/100\n|-damage|p2b: Gimmighoul|4\/100 par|[from] item: Life Orb\n|move|p1a: Eelektrik|Thunder|p2b: Gimmighoul\n|-damage|p2b: Gimmighoul|0 fnt\n|faint|p2b: Gimmighoul\n|\n|-weather|RainDance|[upkeep]\n|upkeep\n|c| You gon cry|The para\n|inactive|AlphaClefable has 90 seconds left.\n|\n|t:|1698052769\n|switch|p2b: Fennekin|Fennekin, F|100\/100\n|-damage|p2b: Fennekin|76\/100|[from] Stealth Rock\n|turn|5\n|c| You gon cry|Can he capitalise it\n|\n|t:|1698052792\n|move|p1b: Spoink|Encore|p2a: Qwilfish\n|-start|p2a: Qwilfish|Encore\n|move|p2b: Fennekin|Burning Jealousy|p1a: Eelektrik|[spread] p1a,p1b\n|-damage|p1a: Eelektrik|4\/100\n|-damage|p1b: Spoink|84\/100\n|move|p2a: Qwilfish|Destiny Bond||[still]\n|-fail|p2a: Qwilfish\n|move|p1a: Eelektrik|Thunder|p2b: Fennekin\n|-damage|p2b: Fennekin|23\/100\n|\n|-weather|none\n|upkeep\n|turn|6\n|inactive|AlphaClefable has 90 seconds left.\n|\n|t:|1698052824\n|move|p2b: Fennekin|Burning Jealousy|p1b: Spoink|[spread] p1a,p1b\n|-damage|p1a: Eelektrik|0 fnt\n|-damage|p1b: Spoink|80\/100\n|faint|p1a: Eelektrik\n|move|p1b: Spoink|Taunt|p2a: Qwilfish\n|-start|p2a: Qwilfish|move: Taunt\n|cant|p2a: Qwilfish|move: Taunt|Destiny Bond\n|\n|upkeep\n|inactive|Use Guard Specs has 120 seconds left.\n|\n|t:|1698052837\n|switch|p1a: Krookodile|Krookodile, F|100\/100\n|turn|7\n|inactive|AlphaClefable has 90 seconds left.\n|\n|t:|1698052849\n|switch|p1b: Bronzor|Bronzor|100\/100\n|switch|p2a: Frosmoth|Frosmoth, F|100\/100\n|move|p1a: Krookodile|Earthquake|p2b: Fennekin|[spread] p2a,p2b\n|-immune|p1b: Bronzor|[from] ability: Levitate\n|-resisted|p2a: Frosmoth\n|-supereffective|p2b: Fennekin\n|-damage|p2a: Frosmoth|65\/100\n|-damage|p2b: Fennekin|0 fnt\n|faint|p2b: Fennekin\n|-ability|p1a: Krookodile|Moxie|boost\n|-boost|p1a: Krookodile|atk|1\n|\n|upkeep\n|inactive|AlphaClefable has 90 seconds left.\n|\n|t:|1698052863\n|switch|p2b: Qwilfish|Qwilfish-Hisui, F|66\/100 par\n|-damage|p2b: Qwilfish|54\/100 par|[from] Stealth Rock\n|-ability|p2b: Qwilfish|Intimidate|boost\n|-unboost|p1a: Krookodile|atk|1\n|-unboost|p1b: Bronzor|atk|1\n|turn|8\n|j| Commander2022\n|l| Commander2022\n|\n|t:|1698052877\n|-terastallize|p2a: Frosmoth|Grass\n|move|p1a: Krookodile|Earthquake|p2a: Frosmoth|[spread] p2a,p2b\n|-immune|p1b: Bronzor|[from] ability: Levitate\n|-resisted|p2a: Frosmoth\n|-supereffective|p2b: Qwilfish\n|-damage|p2a: Frosmoth|34\/100\n|-damage|p2b: Qwilfish|0 fnt\n|faint|p2b: Qwilfish\n|-ability|p1a: Krookodile|Moxie|boost\n|-boost|p1a: Krookodile|atk|1\n|move|p2a: Frosmoth|Quiver Dance|p2a: Frosmoth\n|-boost|p2a: Frosmoth|spa|1\n|-boost|p2a: Frosmoth|spd|1\n|-boost|p2a: Frosmoth|spe|1\n|move|p1b: Bronzor|Calm Mind|p1b: Bronzor\n|-boost|p1b: Bronzor|spa|1\n|-boost|p1b: Bronzor|spd|1\n|\n|upkeep\n|\n|t:|1698052891\n|switch|p2b: Espathra|Espathra, F|100\/100\n|-damage|p2b: Espathra|88\/100|[from] Stealth Rock\n|turn|9\n|\n|t:|1698052906\n|move|p2b: Espathra|Protect|p2b: Espathra\n|-singleturn|p2b: Espathra|Protect\n|move|p1a: Krookodile|Earthquake|p2b: Espathra|[spread] p2a\n|-activate|p2b: Espathra|move: Protect\n|-immune|p1b: Bronzor|[from] ability: Levitate\n|-resisted|p2a: Frosmoth\n|-damage|p2a: Frosmoth|0 fnt\n|faint|p2a: Frosmoth\n|-ability|p1a: Krookodile|Moxie|boost\n|-boost|p1a: Krookodile|atk|1\n|move|p1b: Bronzor|Calm Mind|p1b: Bronzor\n|-boost|p1b: Bronzor|spa|1\n|-boost|p1b: Bronzor|spd|1\n|\n|-heal|p2b: Espathra|94\/100|[from] item: Leftovers\n|-ability|p2b: Espathra|Speed Boost|boost\n|-boost|p2b: Espathra|spe|1\n|upkeep\n|turn|10\n|inactive|AlphaClefable has 120 seconds left.\n|c|\u2606AlphaClefable|gg\n|\n|t:|1698052927\n|move|p1a: Krookodile|Earthquake|p2b: Espathra|[spread] p2b\n|-immune|p1b: Bronzor|[from] ability: Levitate\n|-damage|p2b: Espathra|0 fnt\n|faint|p2b: Espathra\n|\n|win|Use Guard Specs\n|n|\u2606Use Guard Specs|useguardspecs\n|n|\u2606AlphaClefable|alphaclefable\n|n|*Lady Monita \u263d|ladymonita\n|n| You gon cry|yougoncry\n|n| cobaya fighter|cobayafighter\n","uploadtime":1698052928,"views":26,"p1id":"useguardspecs","p2id":"alphaclefable","formatid":"gen9doublesou","rating":0,"private":0,"password":""}