{"id":"gen9doublesou-1968973050","p1":"MattCol","p2":"gonegeb","format":"[Gen 9] Doubles OU","log":"|j|\u2606MattCol\n|j|\u2606gonegeb\n|t:|1697479641\n|gametype|doubles\n|player|p1|MattCol|1|\n|player|p2|gonegeb|alain|\n|teamsize|p1|6\n|teamsize|p2|6\n|gen|9\n|tier|[Gen 9] Doubles OU\n|rule|Species Clause: Limit one of each Pok\u00e9mon\n|rule|OHKO Clause: OHKO moves are banned\n|rule|Evasion Moves Clause: Evasion moves are banned\n|rule|Gravity Sleep Clause: The combination of sleep-inducing moves with imperfect accuracy and Gravity or Gigantamax Orbeetle are banned\n|rule|Endless Battle Clause: Forcing endless battles is banned\n|rule|HP Percentage Mod: HP is shown in percentages\n|clearpoke\n|poke|p1|Kilowattrel, M|\n|poke|p1|Iron Hands|\n|poke|p1|Oricorio-Pom-Pom, F|\n|poke|p1|Toxtricity-Low-Key, F|\n|poke|p1|Rotom-Wash|\n|poke|p1|Luxray, M|\n|poke|p2|Lucario, M|\n|poke|p2|Umbreon, M|\n|poke|p2|Arcanine, F|\n|poke|p2|Corviknight, M|\n|poke|p2|Ceruledge, M|\n|poke|p2|Maushold|\n|teampreview\n|\n|t:|1697479731\n|start\n|switch|p1a: Kilowattrel|Kilowattrel, M|100\/100\n|switch|p1b: Oricorio|Oricorio-Pom-Pom, F|100\/100\n|switch|p2a: Obsidian|Ceruledge, M, shiny|100\/100\n|switch|p2b: Pryna|Arcanine, F, shiny|100\/100\n|-ability|p2b: Pryna|Intimidate|boost\n|-unboost|p1a: Kilowattrel|atk|1\n|-unboost|p1b: Oricorio|atk|1\n|turn|1\n|\n|t:|1697479778\n|move|p1a: Kilowattrel|Tailwind|p1a: Kilowattrel\n|-sidestart|p1: MattCol|move: Tailwind\n|-start|p1a: Kilowattrel|Charge|Tailwind|[from] ability: Wind Power\n|move|p1b: Oricorio|Taunt|p2a: Obsidian\n|-start|p2a: Obsidian|move: Taunt\n|move|p2b: Pryna|Flare Blitz|p2a: Obsidian\n|-start|p2a: Obsidian|ability: Flash Fire\n|move|p2a: Obsidian|Bitter Blade|p1a: Kilowattrel\n|-enditem|p1a: Kilowattrel|Focus Sash\n|-damage|p1a: Kilowattrel|1\/100\n|\n|upkeep\n|turn|2\n|\n|t:|1697479805\n|move|p2b: Pryna|Extreme Speed|p1a: Kilowattrel\n|-damage|p1a: Kilowattrel|0 fnt\n|faint|p1a: Kilowattrel\n|move|p1b: Oricorio|Quiver Dance|p1b: Oricorio\n|-boost|p1b: Oricorio|spa|1\n|-boost|p1b: Oricorio|spd|1\n|-boost|p1b: Oricorio|spe|1\n|move|p2a: Obsidian|Bitter Blade|p1b: Oricorio\n|-damage|p1b: Oricorio|16\/100\n|\n|upkeep\n|\n|t:|1697479817\n|switch|p1a: Rotom|Rotom-Wash|100\/100\n|turn|3\n|\n|t:|1697479841\n|move|p2b: Pryna|Extreme Speed|p1b: Oricorio\n|-damage|p1b: Oricorio|0 fnt\n|faint|p1b: Oricorio\n|move|p1a: Rotom|Hydro Pump|p2a: Obsidian|[miss]\n|-miss|p1a: Rotom|p2a: Obsidian\n|move|p2a: Obsidian|Bitter Blade|p1a: Rotom\n|-resisted|p1a: Rotom\n|-damage|p1a: Rotom|73\/100\n|\n|-end|p2a: Obsidian|move: Taunt\n|upkeep\n|\n|t:|1697479862\n|switch|p1b: Luxray|Luxray, M|100\/100\n|-ability|p1b: Luxray|Intimidate|boost\n|-unboost|p2a: Obsidian|atk|1\n|-unboost|p2b: Pryna|atk|1\n|turn|4\n|\n|t:|1697479879\n|switch|p2b: Howlite|Maushold|100\/100\n|move|p1a: Rotom|Electric Terrain|p1a: Rotom\n|-fieldstart|move: Electric Terrain\n|move|p1b: Luxray|Crunch|p2a: Obsidian\n|-supereffective|p2a: Obsidian\n|-damage|p2a: Obsidian|29\/100\n|-enditem|p2a: Obsidian|Weakness Policy\n|-boost|p2a: Obsidian|atk|2|[from] item: Weakness Policy\n|-boost|p2a: Obsidian|spa|2|[from] item: Weakness Policy\n|move|p2a: Obsidian|Bitter Blade|p1b: Luxray\n|-damage|p1b: Luxray|0 fnt\n|-heal|p2a: Obsidian|81\/100|[from] drain|[of] p1b: Luxray\n|faint|p1b: Luxray\n|\n|-sideend|p1: MattCol|move: Tailwind\n|upkeep\n|\n|t:|1697479899\n|switch|p1b: Toxtricity|Toxtricity-Low-Key, F|100\/100\n|turn|5\n|\n|t:|1697479913\n|move|p1b: Toxtricity|Protect|p1b: Toxtricity\n|-singleturn|p1b: Toxtricity|Protect\n|move|p2b: Howlite|Encore|p1a: Rotom\n|-start|p1a: Rotom|Encore\n|move|p1a: Rotom|Electric Terrain||[still]\n|-fail|p1a: Rotom\n|move|p2a: Obsidian|Bitter Blade|p1b: Toxtricity\n|-activate|p1b: Toxtricity|move: Protect\n|\n|upkeep\n|turn|6\n|\n|t:|1697479933\n|switch|p1a: Iron Hands|Iron Hands|100\/100\n|-activate|p1a: Iron Hands|ability: Quark Drive\n|-start|p1a: Iron Hands|quarkdriveatk\n|move|p2b: Howlite|Encore|p1b: Toxtricity\n|-start|p1b: Toxtricity|Encore\n|move|p2a: Obsidian|Bitter Blade|p1a: Iron Hands\n|-damage|p1a: Iron Hands|44\/100\n|-heal|p2a: Obsidian|100\/100|[from] drain|[of] p1a: Iron Hands\n|-damage|p2a: Obsidian|84\/100|[from] item: Rocky Helmet|[of] p1a: Iron Hands\n|move|p1b: Toxtricity|Protect||[still]\n|-fail|p1b: Toxtricity\n|\n|upkeep\n|turn|7\n|\n|t:|1697479967\n|switch|p1b: Rotom|Rotom-Wash|73\/100\n|move|p2b: Howlite|Taunt|p1b: Rotom\n|-start|p1b: Rotom|move: Taunt\n|move|p2a: Obsidian|Bitter Blade|p1a: Iron Hands\n|-damage|p1a: Iron Hands|0 fnt\n|-heal|p2a: Obsidian|100\/100|[from] drain|[of] p1a: Iron Hands\n|-damage|p2a: Obsidian|84\/100|[from] item: Rocky Helmet|[of] p1a: Iron Hands\n|faint|p1a: Iron Hands\n|-end|p1a: Iron Hands|Quark Drive|[silent]\n|\n|upkeep\n|\n|t:|1697479982\n|switch|p1a: Toxtricity|Toxtricity-Low-Key, F|100\/100\n|turn|8\n|\n|t:|1697480005\n|move|p2b: Howlite|Follow Me|p2b: Howlite\n|-singleturn|p2b: Howlite|move: Follow Me\n|move|p1b: Rotom|Foul Play|p2b: Howlite\n|-damage|p2b: Howlite|79\/100\n|move|p2a: Obsidian|Bitter Blade|p1a: Toxtricity\n|-damage|p1a: Toxtricity|0 fnt\n|-heal|p2a: Obsidian|100\/100|[from] drain|[of] p1a: Toxtricity\n|faint|p1a: Toxtricity\n|\n|-fieldend|move: Electric Terrain\n|upkeep\n|turn|9\n|\n|t:|1697480023\n|move|p2b: Howlite|Follow Me|p2b: Howlite\n|-singleturn|p2b: Howlite|move: Follow Me\n|move|p1b: Rotom|Hydro Pump|p2b: Howlite|[miss]\n|-miss|p1b: Rotom|p2b: Howlite\n|move|p2a: Obsidian|Bitter Blade|p1b: Rotom\n|-resisted|p1b: Rotom\n|-damage|p1b: Rotom|32\/100\n|\n|-end|p1b: Rotom|move: Taunt\n|upkeep\n|turn|10\n|\n|t:|1697480047\n|move|p2b: Howlite|Follow Me|p2b: Howlite\n|-singleturn|p2b: Howlite|move: Follow Me\n|move|p1b: Rotom|Foul Play|p2b: Howlite\n|-damage|p2b: Howlite|56\/100\n|move|p2a: Obsidian|Bitter Blade|p1b: Rotom\n|-resisted|p1b: Rotom\n|-damage|p1b: Rotom|0 fnt\n|faint|p1b: Rotom\n|\n|win|gonegeb\n|l|\u2606MattCol\n","uploadtime":1697480061,"views":9,"p1id":"mattcol","p2id":"gonegeb","formatid":"gen9doublesou","rating":0,"private":0,"password":""}