{"id":"gen9doublesou-1972309002","p1":"americanboi69","p2":"SilverFoxRequiem","format":"[Gen 9] Doubles OU","log":"|j|\u2606americanboi69\n|j|\u2606SilverFoxRequiem\n|t:|1697830081\n|gametype|doubles\n|player|p1|americanboi69|lucas|1025\n|player|p2|SilverFoxRequiem|ingo|1093\n|teamsize|p1|6\n|teamsize|p2|6\n|gen|9\n|tier|[Gen 9] Doubles OU\n|rated|\n|rule|Species Clause: Limit one of each Pok\u00e9mon\n|rule|OHKO Clause: OHKO moves are banned\n|rule|Evasion Moves Clause: Evasion moves are banned\n|rule|Gravity Sleep Clause: The combination of sleep-inducing moves with imperfect accuracy and Gravity or Gigantamax Orbeetle are banned\n|rule|Endless Battle Clause: Forcing endless battles is banned\n|rule|HP Percentage Mod: HP is shown in percentages\n|clearpoke\n|poke|p1|Typhlosion-Hisui, M|\n|poke|p1|Charizard, F|\n|poke|p1|Krookodile, F|\n|poke|p1|Flamigo, F|\n|poke|p1|Meowscarada, F|\n|poke|p1|Kingambit, M|\n|poke|p2|Kommo-o, F|\n|poke|p2|Indeedee-F, F|\n|poke|p2|Noivern, M|\n|poke|p2|Gardevoir, F|\n|poke|p2|Cinderace, F|\n|poke|p2|Meowscarada, F|\n|teampreview\n|inactive|Battle timer is ON: inactive players will automatically lose when time's up. (requested by americanboi69)\n|\n|t:|1697830103\n|start\n|switch|p1a: Meowscarada|Meowscarada, F|100\/100\n|switch|p1b: Krookodile|Krookodile, F|100\/100\n|switch|p2a: Kommo-o|Kommo-o, F|100\/100\n|switch|p2b: Indeedee|Indeedee-F, F|100\/100\n|turn|1\n|\n|t:|1697830123\n|move|p1a: Meowscarada|Protect|p1a: Meowscarada\n|-singleturn|p1a: Meowscarada|Protect\n|move|p1b: Krookodile|Protect|p1b: Krookodile\n|-singleturn|p1b: Krookodile|Protect\n|move|p2b: Indeedee|Fake Out|p1a: Meowscarada\n|-activate|p1a: Meowscarada|move: Protect\n|move|p2a: Kommo-o|Clangorous Soul|p2a: Kommo-o\n|-boost|p2a: Kommo-o|atk|1\n|-boost|p2a: Kommo-o|def|1\n|-boost|p2a: Kommo-o|spa|1\n|-boost|p2a: Kommo-o|spd|1\n|-boost|p2a: Kommo-o|spe|1\n|-damage|p2a: Kommo-o|68\/100\n|\n|upkeep\n|turn|2\n|\n|t:|1697830152\n|move|p1a: Meowscarada|Flower Trick|p1b: Krookodile\n|-supereffective|p1b: Krookodile\n|-crit|p1b: Krookodile\n|-damage|p1b: Krookodile|8\/100\n|-setboost|p1b: Krookodile|atk|6|[from] ability: Anger Point\n|-enditem|p1b: Krookodile|Salac Berry|[eat]\n|-boost|p1b: Krookodile|spe|1|[from] item: Salac Berry\n|move|p1b: Krookodile|Earthquake|p2a: Kommo-o|[spread] p1a,p2a,p2b\n|-resisted|p1a: Meowscarada\n|-damage|p1a: Meowscarada|4\/100\n|-damage|p2a: Kommo-o|7\/100\n|-damage|p2b: Indeedee|0 fnt\n|faint|p2b: Indeedee\n|-enditem|p1a: Meowscarada|Eject Button\n|inactive|americanboi69 has 120 seconds left.\n|\n|t:|1697830165\n|switch|p1a: Flamigo|Flamigo, F|100\/100\n|-copyboost|p1a: Flamigo|p1b: Krookodile|[from] ability: Costar\n|move|p2a: Kommo-o|Drain Punch|p1a: Flamigo\n|-resisted|p1a: Flamigo\n|-damage|p1a: Flamigo|71\/100\n|-heal|p2a: Kommo-o|20\/100|[from] drain|[of] p1a: Flamigo\n|\n|upkeep\n|\n|t:|1697830178\n|switch|p2b: Meowscarada|Meowscarada, F|100\/100\n|turn|3\n|\n|t:|1697830196\n|move|p1b: Krookodile|Protect|p1b: Krookodile\n|-singleturn|p1b: Krookodile|Protect\n|move|p2b: Meowscarada|Sucker Punch||[still]\n|-fail|p2b: Meowscarada\n|move|p1a: Flamigo|Acrobatics|p2b: Meowscarada\n|-supereffective|p2b: Meowscarada\n|-enditem|p2b: Meowscarada|Focus Sash\n|-damage|p2b: Meowscarada|1\/100\n|move|p2a: Kommo-o|Drain Punch|p1b: Krookodile\n|-activate|p1b: Krookodile|move: Protect\n|\n|upkeep\n|turn|4\n|inactive|SilverFoxRequiem has 120 seconds left.\n|inactive|SilverFoxRequiem has 90 seconds left.\n|\n|t:|1697830271\n|move|p1a: Flamigo|Feint|p2b: Meowscarada\n|-damage|p2b: Meowscarada|0 fnt\n|faint|p2b: Meowscarada\n|move|p1b: Krookodile|Earthquake|p2a: Kommo-o|[spread] p2a\n|-immune|p1a: Flamigo\n|-damage|p2a: Kommo-o|0 fnt\n|faint|p2a: Kommo-o\n|\n|upkeep\n|inactive|SilverFoxRequiem has 60 seconds left.\n|\n|t:|1697830295\n|switch|p2b: Gardevoir|Gardevoir, F|100\/100\n|switch|p2a: Noivern|Noivern, M|100\/100\n|turn|5\n|\n|t:|1697830307\n|-terastallize|p2a: Noivern|Normal\n|move|p1b: Krookodile|Rock Slide|p2b: Gardevoir|[spread] p2a,p2b\n|-damage|p2a: Noivern|6\/100\n|-damage|p2b: Gardevoir|0 fnt\n|faint|p2b: Gardevoir\n|move|p1a: Flamigo|Close Combat|p2a: Noivern\n|-supereffective|p2a: Noivern\n|-damage|p2a: Noivern|0 fnt\n|-unboost|p1a: Flamigo|def|1\n|-unboost|p1a: Flamigo|spd|1\n|faint|p2a: Noivern\n|\n|upkeep\n|-message|SilverFoxRequiem forfeited.\n|\n|win|americanboi69\n|raw|americanboi69's rating: 1025 &rarr; <strong>1068<\/strong><br \/>(+43 for winning)\n|raw|SilverFoxRequiem's rating: 1093 &rarr; <strong>1064<\/strong><br \/>(-29 for losing)\n|l|\u2606SilverFoxRequiem\n","uploadtime":1697830418,"views":11,"p1id":"americanboi69","p2id":"silverfoxrequiem","formatid":"gen9doublesou","rating":1064,"private":0,"password":""}