{"id":"gen9doublesou-1988789022","p1":"DuckNoodlez","p2":"Ornstein714","format":"[Gen 9] Doubles OU","log":"|j|\u2606DuckNoodlez\n|j|\u2606Ornstein714\n|t:|1699763362\n|gametype|doubles\n|player|p1|DuckNoodlez|medium|1416\n|player|p2|Ornstein714|grimsley|1493\n|teamsize|p1|6\n|teamsize|p2|6\n|gen|9\n|tier|[Gen 9] Doubles OU\n|rated|\n|rule|Species Clause: Limit one of each Pok\u00e9mon\n|rule|OHKO Clause: OHKO moves are banned\n|rule|Evasion Moves Clause: Evasion moves are banned\n|rule|Gravity Sleep Clause: The combination of sleep-inducing moves with imperfect accuracy and Gravity or Gigantamax Orbeetle are banned\n|rule|Endless Battle Clause: Forcing endless battles is banned\n|rule|HP Percentage Mod: HP is shown in percentages\n|clearpoke\n|poke|p1|Arcanine-Hisui, F|\n|poke|p1|Ogerpon-Wellspring, F|\n|poke|p1|Chien-Pao|\n|poke|p1|Tornadus, M|\n|poke|p1|Great Tusk|\n|poke|p1|Gholdengo|\n|poke|p2|Walking Wake|\n|poke|p2|Torkoal, M|\n|poke|p2|Ursaluna, F|\n|poke|p2|Leafeon, M|\n|poke|p2|Heatran, M|\n|poke|p2|Cresselia, F|\n|teampreview\n|\n|t:|1699763386\n|start\n|switch|p1a: Tornadus|Tornadus, M|100\/100\n|switch|p1b: Great Tusk|Great Tusk|100\/100\n|switch|p2a: Ursaluna|Ursaluna, F|100\/100\n|switch|p2b: Cresselia|Cresselia, F|100\/100\n|turn|1\n|\n|t:|1699763406\n|move|p2a: Ursaluna|Protect|p2a: Ursaluna\n|-singleturn|p2a: Ursaluna|Protect\n|move|p1a: Tornadus|Taunt|p2b: Cresselia\n|-start|p2b: Cresselia|move: Taunt\n|move|p1b: Great Tusk|Close Combat|p2a: Ursaluna\n|-activate|p2a: Ursaluna|move: Protect\n|cant|p2b: Cresselia|move: Taunt|Trick Room\n|\n|-status|p2a: Ursaluna|brn|[from] item: Flame Orb\n|upkeep\n|turn|2\n|inactive|Battle timer is ON: inactive players will automatically lose when time's up. (requested by DuckNoodlez)\n|\n|t:|1699763439\n|switch|p2b: Walking Wake|Walking Wake|100\/100\n|-terastallize|p2a: Ursaluna|Fighting\n|move|p1a: Tornadus|Bleakwind Storm|p2b: Walking Wake|[spread] p2a,p2b\n|-supereffective|p2a: Ursaluna\n|-damage|p2a: Ursaluna|33\/100 brn\n|-damage|p2b: Walking Wake|55\/100\n|-unboost|p2a: Ursaluna|spe|1\n|move|p1b: Great Tusk|Close Combat|p2a: Ursaluna\n|-damage|p2a: Ursaluna|0 fnt\n|-unboost|p1b: Great Tusk|def|1\n|-unboost|p1b: Great Tusk|spd|1\n|faint|p2a: Ursaluna\n|\n|upkeep\n|\n|t:|1699763456\n|switch|p2a: Torkoal|Torkoal, M|100\/100\n|-weather|SunnyDay|[from] ability: Drought|[of] p2a: Torkoal\n|-activate|p2b: Walking Wake|ability: Protosynthesis\n|-start|p2b: Walking Wake|protosynthesisspa\n|-activate|p1b: Great Tusk|ability: Protosynthesis\n|-start|p1b: Great Tusk|protosynthesisatk\n|turn|3\n|\n|t:|1699763467\n|move|p1a: Tornadus|Tailwind|p1a: Tornadus\n|-sidestart|p1: DuckNoodlez|move: Tailwind\n|move|p1b: Great Tusk|Headlong Rush|p2a: Torkoal\n|-supereffective|p2a: Torkoal\n|-damage|p2a: Torkoal|0 fnt\n|-unboost|p1b: Great Tusk|def|1\n|-unboost|p1b: Great Tusk|spd|1\n|faint|p2a: Torkoal\n|move|p2b: Walking Wake|Hydro Steam|p1b: Great Tusk\n|-supereffective|p1b: Great Tusk\n|-damage|p1b: Great Tusk|0 fnt\n|faint|p1b: Great Tusk\n|-end|p1b: Great Tusk|Protosynthesis|[silent]\n|\n|-weather|SunnyDay|[upkeep]\n|upkeep\n|\n|t:|1699763495\n|switch|p1b: Arcanine|Arcanine-Hisui, F|100\/100\n|switch|p2a: Cresselia|Cresselia, F|100\/100\n|turn|4\n|\n|t:|1699763506\n|move|p1a: Tornadus|Bleakwind Storm|p2a: Cresselia|[spread] p2b\n|-miss|p1a: Tornadus|p2a: Cresselia\n|-damage|p2b: Walking Wake|13\/100\n|-unboost|p2b: Walking Wake|spe|1\n|move|p1b: Arcanine|Head Smash|p2b: Walking Wake\n|-crit|p2b: Walking Wake\n|-damage|p2b: Walking Wake|0 fnt\n|faint|p2b: Walking Wake\n|-end|p2b: Walking Wake|Protosynthesis|[silent]\n|move|p2a: Cresselia|Trick Room|p2a: Cresselia\n|-fieldstart|move: Trick Room|[of] p2a: Cresselia\n|\n|-weather|SunnyDay|[upkeep]\n|upkeep\n|\n|t:|1699763517\n|switch|p2b: Heatran|Heatran, M|100\/100\n|turn|5\n|\n|t:|1699763526\n|move|p2b: Heatran|Earth Power|p1b: Arcanine\n|-supereffective|p1b: Arcanine\n|-damage|p1b: Arcanine|0 fnt\n|faint|p1b: Arcanine\n|move|p2a: Cresselia|Psychic|p1a: Tornadus\n|-damage|p1a: Tornadus|68\/100\n|move|p1a: Tornadus|Bleakwind Storm|p2a: Cresselia|[spread] p2a,p2b\n|-resisted|p2b: Heatran\n|-damage|p2a: Cresselia|82\/100\n|-damage|p2b: Heatran|91\/100\n|-unboost|p2a: Cresselia|spe|1\n|\n|-weather|SunnyDay|[upkeep]\n|upkeep\n|\n|t:|1699763551\n|switch|p1b: Gholdengo|Gholdengo|100\/100\n|turn|6\n|\n|t:|1699763566\n|move|p1a: Tornadus|Protect|p1a: Tornadus\n|-singleturn|p1a: Tornadus|Protect\n|move|p2a: Cresselia|Psychic|p1a: Tornadus\n|-activate|p1a: Tornadus|move: Protect\n|move|p2b: Heatran|Heat Wave|p1b: Gholdengo|[spread] p1b\n|-activate|p1a: Tornadus|move: Protect\n|-supereffective|p1b: Gholdengo\n|-damage|p1b: Gholdengo|0 fnt\n|faint|p1b: Gholdengo\n|\n|-weather|SunnyDay|[upkeep]\n|-sideend|p1: DuckNoodlez|move: Tailwind\n|upkeep\n|\n|t:|1699763581\n|switch|p1b: Chien-Pao|Chien-Pao|100\/100\n|-ability|p1b: Chien-Pao|Sword of Ruin\n|turn|7\n|\n|t:|1699763591\n|move|p1b: Chien-Pao|Protect|p1b: Chien-Pao\n|-singleturn|p1b: Chien-Pao|Protect\n|move|p1a: Tornadus|Taunt|p2a: Cresselia\n|-start|p2a: Cresselia|move: Taunt\n|move|p2a: Cresselia|Psychic|p1a: Tornadus\n|-crit|p1a: Tornadus\n|-damage|p1a: Tornadus|20\/100\n|move|p2b: Heatran|Heat Wave|p1a: Tornadus|[spread] p1a\n|-activate|p1b: Chien-Pao|move: Protect\n|-damage|p1a: Tornadus|0 fnt\n|faint|p1a: Tornadus\n|\n|-weather|SunnyDay|[upkeep]\n|upkeep\n|\n|t:|1699763606\n|switch|p1a: Ogerpon|Ogerpon-Wellspring, F|100\/100\n|turn|8\n|\n|t:|1699763614\n|move|p1a: Ogerpon|Follow Me|p1a: Ogerpon\n|-singleturn|p1a: Ogerpon|move: Follow Me\n|move|p1b: Chien-Pao|Sucker Punch|p2a: Cresselia\n|-supereffective|p2a: Cresselia\n|-damage|p2a: Cresselia|11\/100\n|move|p2a: Cresselia|Psychic|p1a: Ogerpon\n|-damage|p1a: Ogerpon|73\/100\n|move|p2b: Heatran|Heat Wave|p1b: Chien-Pao|[spread] p1a,p1b\n|-supereffective|p1b: Chien-Pao\n|-damage|p1a: Ogerpon|0 fnt\n|-enditem|p1b: Chien-Pao|Focus Sash\n|-damage|p1b: Chien-Pao|1\/100\n|faint|p1a: Ogerpon\n|\n|-weather|SunnyDay|[upkeep]\n|-fieldend|move: Trick Room\n|upkeep\n|turn|9\n|-message|DuckNoodlez forfeited.\n|\n|win|Ornstein714\n|raw|DuckNoodlez's rating: 1416 &rarr; <strong>1400<\/strong><br \/>(-16 for losing)\n|raw|Ornstein714's rating: 1493 &rarr; <strong>1509<\/strong><br \/>(+16 for winning)\n","uploadtime":1699763659,"views":7,"p1id":"ducknoodlez","p2id":"ornstein714","formatid":"gen9doublesou","rating":1400,"private":0,"password":""}