{"id":"gen9doublesou-1998726837","p1":"hinokaminokakula","p2":"vegetasfeet","format":"[Gen 9] Doubles OU","log":"|j|\u2606hinokaminokakula\n|j|\u2606vegetasfeet\n|t:|1700978681\n|gametype|doubles\n|player|p1|hinokaminokakula|102|1179\n|player|p2|vegetasfeet|brycen|1265\n|teamsize|p1|6\n|teamsize|p2|6\n|gen|9\n|tier|[Gen 9] Doubles OU\n|rated|\n|rule|Species Clause: Limit one of each Pok\u00e9mon\n|rule|OHKO Clause: OHKO moves are banned\n|rule|Evasion Moves Clause: Evasion moves are banned\n|rule|Gravity Sleep Clause: The combination of sleep-inducing moves with imperfect accuracy and Gravity or Gigantamax Orbeetle are banned\n|rule|Endless Battle Clause: Forcing endless battles is banned\n|rule|HP Percentage Mod: HP is shown in percentages\n|clearpoke\n|poke|p1|Torkoal, M|\n|poke|p1|Pelipper, F|\n|poke|p1|Walking Wake|\n|poke|p1|Ogerpon-Wellspring, F|\n|poke|p1|Ursaluna, F|\n|poke|p1|Zapdos|\n|poke|p2|Hatterene, F|\n|poke|p2|Rillaboom, F|\n|poke|p2|Torkoal, M|\n|poke|p2|Typhlosion-Hisui, M|\n|poke|p2|Hoopa-Unbound|\n|poke|p2|Kingambit, F|\n|teampreview\n|j| Elite.4.Challenger\n|inactive|Battle timer is ON: inactive players will automatically lose when time's up. (requested by hinokaminokakula)\n|\n|t:|1700978740\n|start\n|switch|p1a: Walking Wake|Walking Wake|100\/100\n|switch|p1b: Ogerpon|Ogerpon-Wellspring, F|100\/100\n|switch|p2a: Joe's Ex-Wife|Hatterene, F|100\/100\n|switch|p2b: Rillaboom|Rillaboom, F|100\/100\n|-fieldstart|move: Grassy Terrain|[from] ability: Grassy Surge|[of] p2b: Rillaboom\n|turn|1\n|inactive|hinokaminokakula has 120 seconds left.\n|\n|t:|1700978778\n|move|p1b: Ogerpon|Horn Leech|p2b: Rillaboom\n|-resisted|p2b: Rillaboom\n|-damage|p2b: Rillaboom|74\/100\n|move|p1a: Walking Wake|Flamethrower|p2b: Rillaboom\n|-supereffective|p2b: Rillaboom\n|-damage|p2b: Rillaboom|31\/100\n|move|p2b: Rillaboom|U-turn|p1b: Ogerpon\n|-supereffective|p1b: Ogerpon\n|-damage|p1b: Ogerpon|37\/100\n|\n|t:|1700978807\n|switch|p2b: Hoopa|Hoopa-Unbound|100\/100|[from] U-turn\n|-enditem|p2b: Hoopa|Grassy Seed\n|-boost|p2b: Hoopa|def|1|[from] item: Grassy Seed\n|move|p2a: Joe's Ex-Wife|Trick Room|p2a: Joe's Ex-Wife\n|-fieldstart|move: Trick Room|[of] p2a: Joe's Ex-Wife\n|\n|-heal|p1b: Ogerpon|43\/100|[from] Grassy Terrain\n|upkeep\n|turn|2\n|inactive|hinokaminokakula has 120 seconds left.\n|inactive|hinokaminokakula has 90 seconds left.\n|\n|t:|1700978869\n|move|p1b: Ogerpon|Spiky Shield|p1b: Ogerpon\n|-singleturn|p1b: Ogerpon|move: Protect\n|move|p2a: Joe's Ex-Wife|Dazzling Gleam|p1a: Walking Wake|[spread] p1a\n|-activate|p1b: Ogerpon|move: Protect\n|-supereffective|p1a: Walking Wake\n|-damage|p1a: Walking Wake|31\/100\n|move|p2b: Hoopa|Zen Headbutt|p1a: Walking Wake\n|-damage|p1a: Walking Wake|0 fnt\n|faint|p1a: Walking Wake\n|-end|p1a: Walking Wake|Protosynthesis|[silent]\n|\n|-heal|p1b: Ogerpon|49\/100|[from] Grassy Terrain\n|upkeep\n|inactive|hinokaminokakula has 90 seconds left.\n|\n|t:|1700978881\n|switch|p1a: Torkoal|Torkoal, M|100\/100\n|-weather|SunnyDay|[from] ability: Drought|[of] p1a: Torkoal\n|turn|3\n|inactive|hinokaminokakula has 90 seconds left.\n|\n|t:|1700978910\n|switch|p1b: Ursaluna|Ursaluna, F|100\/100\n|-terastallize|p1a: Torkoal|Fire\n|-terastallize|p2b: Hoopa|Fire\n|move|p1a: Torkoal|Eruption|p2b: Hoopa|[spread] p2a,p2b\n|-resisted|p2b: Hoopa\n|-damage|p2a: Joe's Ex-Wife|25\/100\n|-damage|p2b: Hoopa|73\/100\n|move|p2a: Joe's Ex-Wife|Dazzling Gleam|p1a: Torkoal|[spread] p1a,p1b\n|-resisted|p1a: Torkoal\n|-damage|p1a: Torkoal|79\/100\n|-damage|p1b: Ursaluna|71\/100\n|move|p2b: Hoopa|Hyperspace Fury|p1b: Ursaluna\n|-damage|p1b: Ursaluna|24\/100\n|-unboost|p2b: Hoopa|def|1\n|-item|p2b: Hoopa|Leftovers|[from] ability: Magician|[of] p1b: Ursaluna\n|\n|-weather|SunnyDay|[upkeep]\n|-heal|p1a: Torkoal|85\/100|[from] Grassy Terrain\n|-heal|p1a: Torkoal|91\/100|[from] item: Leftovers\n|-heal|p2a: Joe's Ex-Wife|31\/100|[from] Grassy Terrain\n|-heal|p1b: Ursaluna|31\/100|[from] Grassy Terrain\n|-heal|p2b: Hoopa|80\/100|[from] Grassy Terrain\n|-heal|p2b: Hoopa|86\/100|[from] item: Leftovers\n|upkeep\n|turn|4\n|inactive|hinokaminokakula has 90 seconds left.\n|c| Elite.4.Challenger|i love magician\n|\n|t:|1700978941\n|move|p2b: Hoopa|Protect|p2b: Hoopa\n|-singleturn|p2b: Hoopa|Protect\n|move|p1a: Torkoal|Eruption|p2a: Joe's Ex-Wife|[spread] p2a\n|-activate|p2b: Hoopa|move: Protect\n|-damage|p2a: Joe's Ex-Wife|0 fnt\n|faint|p2a: Joe's Ex-Wife\n|move|p1b: Ursaluna|Drain Punch|p2b: Hoopa\n|-activate|p2b: Hoopa|move: Protect\n|\n|-weather|SunnyDay|[upkeep]\n|-heal|p1a: Torkoal|97\/100|[from] Grassy Terrain\n|-heal|p1a: Torkoal|100\/100|[from] item: Leftovers\n|-heal|p1b: Ursaluna|37\/100|[from] Grassy Terrain\n|-heal|p2b: Hoopa|92\/100|[from] Grassy Terrain\n|-heal|p2b: Hoopa|98\/100|[from] item: Leftovers\n|upkeep\n|c|\u2606vegetasfeet|fr\n|c| Elite.4.Challenger|so funny to steal peoples items\n|c|\u2606hinokaminokakula|cool\n|inactive|vegetasfeet has 120 seconds left.\n|\n|t:|1700978957\n|switch|p2a: Typhlosion|Typhlosion-Hisui, M|100\/100\n|-item|p1a: Torkoal|Leftovers|[from] ability: Frisk|[of] p2a: Typhlosion|[identify]\n|turn|5\n|inactive|hinokaminokakula has 90 seconds left.\n|\n|t:|1700978982\n|move|p1a: Torkoal|Eruption|p2a: Typhlosion|[spread] p2a,p2b\n|-resisted|p2a: Typhlosion\n|-resisted|p2b: Hoopa\n|-damage|p2a: Typhlosion|61\/100\n|-damage|p2b: Hoopa|69\/100\n|move|p1b: Ursaluna|Drain Punch|p2b: Hoopa\n|-damage|p2b: Hoopa|34\/100\n|-heal|p1b: Ursaluna|49\/100|[from] drain|[of] p2b: Hoopa\n|move|p2b: Hoopa|Hyperspace Fury|p1a: Torkoal\n|-damage|p1a: Torkoal|60\/100\n|-unboost|p2b: Hoopa|def|1\n|move|p2a: Typhlosion|Flamethrower|p1b: Ursaluna\n|-damage|p1b: Ursaluna|0 fnt\n|faint|p1b: Ursaluna\n|-heal|p2a: Typhlosion|69\/100|[from] item: Shell Bell|[of] p1: Ursaluna\n|\n|-weather|SunnyDay|[upkeep]\n|-heal|p1a: Torkoal|66\/100|[from] Grassy Terrain\n|-heal|p1a: Torkoal|72\/100|[from] item: Leftovers\n|-heal|p2b: Hoopa|40\/100|[from] Grassy Terrain\n|-heal|p2b: Hoopa|46\/100|[from] item: Leftovers\n|-heal|p2a: Typhlosion|75\/100|[from] Grassy Terrain\n|-fieldend|move: Trick Room\n|-fieldend|move: Grassy Terrain\n|upkeep\n|inactive|hinokaminokakula has 90 seconds left.\n|\n|t:|1700979017\n|switch|p1b: Pelipper|Pelipper, F|100\/100\n|-weather|RainDance|[from] ability: Drizzle|[of] p1b: Pelipper\n|turn|6\n|\n|t:|1700979027\n|switch|p1a: Ogerpon|Ogerpon-Wellspring, F|49\/100\n|move|p2b: Hoopa|Protect|p2b: Hoopa\n|-singleturn|p2b: Hoopa|Protect\n|move|p2a: Typhlosion|Infernal Parade|p1a: Ogerpon\n|-damage|p1a: Ogerpon|13\/100\n|-heal|p2a: Typhlosion|78\/100|[from] item: Shell Bell|[of] p1a: Ogerpon\n|move|p1b: Pelipper|Surf|p2b: Hoopa|[spread] p2a\n|-activate|p2b: Hoopa|move: Protect\n|-heal|p1a: Ogerpon|38\/100|[from] ability: Water Absorb|[of] p1b: Pelipper\n|-supereffective|p2a: Typhlosion\n|-damage|p2a: Typhlosion|9\/100\n|\n|-weather|RainDance|[upkeep]\n|-heal|p2b: Hoopa|52\/100|[from] item: Leftovers\n|upkeep\n|turn|7\n|inactive|hinokaminokakula has 90 seconds left.\n|c| Elite.4.Challenger|woulda gone with will o wisp there\n|inactive|vegetasfeet has 120 seconds left.\n|c|\u2606vegetasfeet|yea i expected the pon switch idk why i didnt do it\n|c|\u2606vegetasfeet|watch this tho\n|inactive|hinokaminokakula has 60 seconds left.\n|\n|t:|1700979082\n|switch|p2a: Torkoal|Torkoal, M|100\/100\n|-weather|SunnyDay|[from] ability: Drought|[of] p2a: Torkoal\n|move|p1a: Ogerpon|Ivy Cudgel|p2a: Torkoal|[anim] Ivy Cudgel Water\n|-supereffective|p2a: Torkoal\n|-damage|p2a: Torkoal|56\/100\n|move|p1b: Pelipper|U-turn|p2b: Hoopa\n|-resisted|p2b: Hoopa\n|-damage|p2b: Hoopa|45\/100\n|inactive|hinokaminokakula has 60 seconds left.\n|c|\u2606hinokaminokakula|wow\n|\n|t:|1700979096\n|switch|p1b: Zapdos|Zapdos, shiny|100\/100|[from] U-turn\n|-ability|p1b: Zapdos|Pressure\n|move|p2b: Hoopa|Hyperspace Fury|p1a: Ogerpon\n|-damage|p1a: Ogerpon|0 fnt\n|-unboost|p2b: Hoopa|def|1\n|faint|p1a: Ogerpon\n|\n|-weather|SunnyDay|[upkeep]\n|-heal|p2b: Hoopa|51\/100|[from] item: Leftovers\n|upkeep\n|\n|t:|1700979107\n|switch|p1a: Pelipper|Pelipper, F|100\/100\n|-weather|RainDance|[from] ability: Drizzle|[of] p1a: Pelipper\n|turn|8\n|c| Elite.4.Challenger|hoopa at .5 defense and still not dead\n|inactive|hinokaminokakula has 60 seconds left.\n|c|\u2606vegetasfeet|fr\n|c| Elite.4.Challenger|whats this man cooking\n|\n|t:|1700979129\n|switch|p2b: Rillaboom|Rillaboom, F|31\/100\n|-fieldstart|move: Grassy Terrain|[from] ability: Grassy Surge|[of] p2b: Rillaboom\n|switch|p2a: Kingambit|Kingambit, F|100\/100\n|move|p1b: Zapdos|Hurricane|p2b: Rillaboom\n|-supereffective|p2b: Rillaboom\n|-damage|p2b: Rillaboom|0 fnt\n|faint|p2b: Rillaboom\n|move|p1a: Pelipper|Surf|p2a: Kingambit|[spread] p1b,p2a\n|-damage|p1b: Zapdos|69\/100\n|-damage|p2a: Kingambit|66\/100\n|\n|-weather|RainDance|[upkeep]\n|-heal|p2a: Kingambit|73\/100|[from] Grassy Terrain\n|upkeep\n|inactive|vegetasfeet has 120 seconds left.\n|\n|t:|1700979149\n|switch|p2b: Torkoal|Torkoal, M|56\/100\n|-weather|SunnyDay|[from] ability: Drought|[of] p2b: Torkoal\n|turn|9\n|inactive|vegetasfeet has 120 seconds left.\n|\n|t:|1700979174\n|move|p2b: Torkoal|Protect|p2b: Torkoal\n|-singleturn|p2b: Torkoal|Protect\n|move|p1b: Zapdos|Heat Wave|p2a: Kingambit|[spread] p2a\n|-activate|p2b: Torkoal|move: Protect\n|-supereffective|p2a: Kingambit\n|-damage|p2a: Kingambit|12\/100\n|move|p1a: Pelipper|U-turn|p2b: Torkoal\n|-activate|p2b: Torkoal|move: Protect\n|move|p2a: Kingambit|Kowtow Cleave|p1b: Zapdos\n|-damage|p1b: Zapdos|3\/100\n|-damage|p2a: Kingambit|2\/100|[from] item: Life Orb\n|\n|-weather|SunnyDay|[upkeep]\n|-heal|p2a: Kingambit|8\/100|[from] Grassy Terrain\n|-heal|p2b: Torkoal|62\/100|[from] Grassy Terrain\n|upkeep\n|turn|10\n|\n|t:|1700979199\n|move|p2a: Kingambit|Sucker Punch||[still]\n|-fail|p2a: Kingambit\n|move|p1b: Zapdos|Roost|p1b: Zapdos\n|-heal|p1b: Zapdos|53\/100\n|-singleturn|p1b: Zapdos|move: Roost\n|move|p1a: Pelipper|U-turn|p2a: Kingambit\n|-damage|p2a: Kingambit|2\/100\n|\n|t:|1700979213\n|switch|p1a: Torkoal|Torkoal, M, tera:Fire|72\/100|[from] U-turn\n|move|p2b: Torkoal|Earth Power|p1a: Torkoal\n|-supereffective|p1a: Torkoal\n|-damage|p1a: Torkoal|0 fnt\n|faint|p1a: Torkoal\n|\n|-weather|SunnyDay|[upkeep]\n|-heal|p1b: Zapdos|59\/100|[from] Grassy Terrain\n|-heal|p2a: Kingambit|8\/100|[from] Grassy Terrain\n|-heal|p2b: Torkoal|68\/100|[from] Grassy Terrain\n|upkeep\n|c|\u2606vegetasfeet|does he know ?\n|c|\u2606vegetasfeet|he didnt\n|c| Elite.4.Challenger|lmaoooo\n|inactive|hinokaminokakula has 60 seconds left.\n|\n|t:|1700979224\n|switch|p1a: Pelipper|Pelipper, F|100\/100\n|-weather|RainDance|[from] ability: Drizzle|[of] p1a: Pelipper\n|turn|11\n|c|\u2606hinokaminokakula|cool\n|c|\u2606vegetasfeet|dual weather is a nice concept tbh\n|inactive|hinokaminokakula has 60 seconds left.\n|\n|t:|1700979270\n|switch|p2b: Typhlosion|Typhlosion-Hisui, M|9\/100\n|-item|p1a: Pelipper|Heavy-Duty Boots|[from] ability: Frisk|[of] p2b: Typhlosion|[identify]\n|-item|p1b: Zapdos|Heavy-Duty Boots|[from] ability: Frisk|[of] p2b: Typhlosion|[identify]\n|move|p2a: Kingambit|Sucker Punch|p1b: Zapdos\n|-damage|p1b: Zapdos|5\/100\n|-damage|p2a: Kingambit|0 fnt|[from] item: Life Orb\n|faint|p2a: Kingambit\n|move|p1b: Zapdos|Hurricane|p2b: Typhlosion\n|-crit|p2b: Typhlosion\n|-damage|p2b: Typhlosion|0 fnt\n|faint|p2b: Typhlosion\n|move|p1a: Pelipper|Roost||[still]\n|-fail|p1a: Pelipper|heal\n|\n|-weather|RainDance|[upkeep]\n|upkeep\n|inactive|vegetasfeet has 120 seconds left.\n|\n|t:|1700979291\n|switch|p2b: Hoopa|Hoopa-Unbound, tera:Fire|51\/100\n|switch|p2a: Torkoal|Torkoal, M|68\/100\n|-weather|SunnyDay|[from] ability: Drought|[of] p2a: Torkoal\n|turn|12\n|inactive|hinokaminokakula has 60 seconds left.\n|\n|t:|1700979310\n|move|p2b: Hoopa|Protect|p2b: Hoopa\n|-singleturn|p2b: Hoopa|Protect\n|move|p1b: Zapdos|Roost|p1b: Zapdos\n|-heal|p1b: Zapdos|55\/100\n|-singleturn|p1b: Zapdos|move: Roost\n|move|p1a: Pelipper|Surf|p2b: Hoopa|[spread] p1b,p2a\n|-activate|p2b: Hoopa|move: Protect\n|-supereffective|p2a: Torkoal\n|-damage|p1b: Zapdos|45\/100\n|-damage|p2a: Torkoal|42\/100\n|move|p2a: Torkoal|Heat Wave|p1b: Zapdos|[spread] p1a\n|-miss|p2a: Torkoal|p1b: Zapdos\n|-resisted|p1a: Pelipper\n|-damage|p1a: Pelipper|78\/100\n|\n|-weather|SunnyDay|[upkeep]\n|-heal|p1b: Zapdos|51\/100|[from] Grassy Terrain\n|-heal|p2b: Hoopa|57\/100|[from] Grassy Terrain\n|-heal|p2b: Hoopa|63\/100|[from] item: Leftovers\n|-heal|p2a: Torkoal|48\/100|[from] Grassy Terrain\n|-fieldend|move: Grassy Terrain\n|upkeep\n|turn|13\n|inactive|hinokaminokakula has 60 seconds left.\n|\n|t:|1700979346\n|move|p2a: Torkoal|Protect|p2a: Torkoal\n|-singleturn|p2a: Torkoal|Protect\n|move|p1b: Zapdos|Roost|p1b: Zapdos\n|-heal|p1b: Zapdos|100\/100\n|-singleturn|p1b: Zapdos|move: Roost\n|move|p1a: Pelipper|Surf|p2b: Hoopa|[spread] p1b,p2b\n|-activate|p2a: Torkoal|move: Protect\n|-supereffective|p2b: Hoopa\n|-damage|p1b: Zapdos|90\/100\n|-damage|p2b: Hoopa|46\/100\n|move|p2b: Hoopa|Trick Room|p2b: Hoopa\n|-fieldstart|move: Trick Room|[of] p2b: Hoopa\n|\n|-weather|SunnyDay|[upkeep]\n|-heal|p2b: Hoopa|52\/100|[from] item: Leftovers\n|upkeep\n|turn|14\n|inactive|hinokaminokakula has 60 seconds left.\n|\n|t:|1700979373\n|move|p2a: Torkoal|Heat Wave|p1b: Zapdos|[spread] p1a,p1b\n|-resisted|p1a: Pelipper\n|-crit|p1a: Pelipper\n|-damage|p1a: Pelipper|44\/100\n|-damage|p1b: Zapdos|46\/100\n|move|p2b: Hoopa|Hyperspace Fury|p1b: Zapdos\n|-damage|p1b: Zapdos|0 fnt\n|-unboost|p2b: Hoopa|def|1\n|faint|p1b: Zapdos\n|move|p1a: Pelipper|Roost|p1a: Pelipper\n|-heal|p1a: Pelipper|94\/100\n|-singleturn|p1a: Pelipper|move: Roost\n|\n|-weather|SunnyDay|[upkeep]\n|-heal|p2b: Hoopa|58\/100|[from] item: Leftovers\n|upkeep\n|turn|15\n|inactive|hinokaminokakula has 60 seconds left.\n|\n|t:|1700979387\n|move|p2a: Torkoal|Heat Wave|p1a: Pelipper\n|-resisted|p1a: Pelipper\n|-damage|p1a: Pelipper|66\/100\n|move|p2b: Hoopa|Hyperspace Fury|p1a: Pelipper\n|-damage|p1a: Pelipper|0 fnt\n|-unboost|p2b: Hoopa|def|1\n|faint|p1a: Pelipper\n|\n|win|vegetasfeet\n|raw|hinokaminokakula's rating: 1179 &rarr; <strong>1160<\/strong><br \/>(-19 for losing)\n|raw|vegetasfeet's rating: 1265 &rarr; <strong>1284<\/strong><br \/>(+19 for winning)\n|c|\u2606vegetasfeet|RAHHHH\n","uploadtime":1700979398,"views":17,"p1id":"hinokaminokakula","p2id":"vegetasfeet","formatid":"gen9doublesou","rating":1160,"private":0,"password":""}