{"id":"gen9doublesou-1969544408","p1":"aschain","p2":"Daskhiel02","format":"[Gen 9] Doubles OU","log":"|j|\u2606aschain\n|j|\u2606Daskhiel02\n|t:|1697545564\n|gametype|doubles\n|player|p1|aschain|giovanni|1345\n|player|p2|Daskhiel02|102|1414\n|teamsize|p1|6\n|teamsize|p2|6\n|gen|9\n|tier|[Gen 9] Doubles OU\n|rated|\n|rule|Species Clause: Limit one of each Pok\u00e9mon\n|rule|OHKO Clause: OHKO moves are banned\n|rule|Evasion Moves Clause: Evasion moves are banned\n|rule|Gravity Sleep Clause: The combination of sleep-inducing moves with imperfect accuracy and Gravity or Gigantamax Orbeetle are banned\n|rule|Endless Battle Clause: Forcing endless battles is banned\n|rule|HP Percentage Mod: HP is shown in percentages\n|clearpoke\n|poke|p1|Walking Wake|\n|poke|p1|Torkoal, F|\n|poke|p1|Ogerpon, F|\n|poke|p1|Rillaboom, F|\n|poke|p1|Ursaluna-Bloodmoon, M|\n|poke|p1|Iron Hands|\n|poke|p2|Lycanroc-Midnight, F|\n|poke|p2|Indeedee-F, F|\n|poke|p2|Ribombee, F|\n|poke|p2|Sinistcha|\n|poke|p2|Kommo-o, M|\n|poke|p2|Tauros-Paldea-Aqua, M|\n|teampreview\n|inactive|Battle timer is ON: inactive players will automatically lose when time's up. (requested by aschain)\n|\n|t:|1697545581\n|start\n|switch|p1a: Rillaboom|Rillaboom, F|100\/100\n|switch|p1b: Ogerpon|Ogerpon, F|100\/100\n|switch|p2a: Ribombee|Ribombee, F|100\/100\n|switch|p2b: Tauros|Tauros-Paldea-Aqua, M|100\/100\n|-ability|p2b: Tauros|Intimidate|boost\n|-unboost|p1a: Rillaboom|atk|1\n|-unboost|p1b: Ogerpon|atk|1\n|-ability|p1b: Ogerpon|Defiant|boost\n|-boost|p1b: Ogerpon|atk|2\n|-fieldstart|move: Grassy Terrain|[from] ability: Grassy Surge|[of] p1a: Rillaboom\n|-enditem|p1a: Rillaboom|Grassy Seed\n|-boost|p1a: Rillaboom|def|1|[from] item: Grassy Seed\n|turn|1\n|\n|t:|1697545590\n|switch|p2b: Indeedee|Indeedee-F, F|100\/100\n|-fieldstart|move: Psychic Terrain|[from] ability: Psychic Surge|[of] p2b: Indeedee\n|-terastallize|p1b: Ogerpon|Grass\n|detailschange|p1b: Ogerpon|Ogerpon-Teal-Tera, F, tera:Grass\n|-ability|p1b: Ogerpon|Embody Aspect (Teal)|boost\n|-boost|p1b: Ogerpon|spe|1\n|move|p1a: Rillaboom|Fake Out|p2a: Ribombee\n|-activate|p2a: Ribombee|move: Psychic Terrain\n|move|p1b: Ogerpon|Wood Hammer|p2b: Indeedee\n|-damage|p2b: Indeedee|0 fnt\n|faint|p2b: Indeedee\n|-damage|p1b: Ogerpon|63\/100|[from] Recoil\n|move|p2a: Ribombee|Sticky Web|p1b: Ogerpon\n|-sidestart|p1: aschain|move: Sticky Web\n|\n|upkeep\n|\n|t:|1697545609\n|switch|p2b: Sinistcha|Sinistcha|100\/100\n|turn|2\n|\n|t:|1697545617\n|move|p1b: Ogerpon|Wood Hammer|p2b: Sinistcha\n|-resisted|p2b: Sinistcha\n|-crit|p2b: Sinistcha\n|-damage|p2b: Sinistcha|0 fnt\n|faint|p2b: Sinistcha\n|-damage|p1b: Ogerpon|25\/100|[from] Recoil\n|move|p2a: Ribombee|Bug Buzz|p1b: Ogerpon\n|-supereffective|p1b: Ogerpon\n|-damage|p1b: Ogerpon|0 fnt\n|faint|p1b: Ogerpon\n|move|p1a: Rillaboom|Acrobatics|p2a: Ribombee\n|-supereffective|p2a: Ribombee\n|-enditem|p2a: Ribombee|Focus Sash\n|-damage|p2a: Ribombee|1\/100\n|\n|upkeep\n|\n|t:|1697545630\n|switch|p1b: Iron Hands|Iron Hands|100\/100\n|switch|p2b: Tauros|Tauros-Paldea-Aqua, M|100\/100\n|-ability|p2b: Tauros|Intimidate|boost\n|-unboost|p1a: Rillaboom|atk|1\n|-unboost|p1b: Iron Hands|atk|1\n|-activate|p1b: Iron Hands|move: Sticky Web\n|-unboost|p1b: Iron Hands|spe|1\n|-enditem|p1b: Iron Hands|Booster Energy\n|-activate|p1b: Iron Hands|ability: Quark Drive|[fromitem]\n|-start|p1b: Iron Hands|quarkdriveatk\n|turn|3\n|\n|t:|1697545641\n|switch|p2b: Kommo-o|Kommo-o, M|100\/100\n|move|p1b: Iron Hands|Fake Out|p2a: Ribombee\n|-activate|p2a: Ribombee|move: Psychic Terrain\n|move|p2a: Ribombee|Bug Buzz|p1a: Rillaboom\n|-supereffective|p1a: Rillaboom\n|-damage|p1a: Rillaboom|20\/100\n|move|p1a: Rillaboom|Acrobatics|p2b: Kommo-o\n|-supereffective|p2b: Kommo-o\n|-damage|p2b: Kommo-o|60\/100\n|\n|upkeep\n|turn|4\n|\n|t:|1697545657\n|move|p2a: Ribombee|Dazzling Gleam|p1b: Iron Hands|[spread] p1a,p1b\n|-supereffective|p1b: Iron Hands\n|-damage|p1a: Rillaboom|0 fnt\n|-damage|p1b: Iron Hands|54\/100\n|faint|p1a: Rillaboom\n|move|p2b: Kommo-o|Clangorous Soul|p2b: Kommo-o\n|-boost|p2b: Kommo-o|atk|1\n|-boost|p2b: Kommo-o|def|1\n|-boost|p2b: Kommo-o|spa|1\n|-boost|p2b: Kommo-o|spd|1\n|-boost|p2b: Kommo-o|spe|1\n|-damage|p2b: Kommo-o|27\/100\n|-enditem|p2b: Kommo-o|Throat Spray\n|-boost|p2b: Kommo-o|spa|1|[from] item: Throat Spray\n|move|p1b: Iron Hands|Rock Slide|p2b: Kommo-o|[spread] p2a,p2b\n|-supereffective|p2a: Ribombee\n|-resisted|p2b: Kommo-o\n|-damage|p2a: Ribombee|0 fnt\n|-damage|p2b: Kommo-o|22\/100\n|faint|p2a: Ribombee\n|\n|upkeep\n|\n|t:|1697545674\n|switch|p2a: Lycanroc|Lycanroc-Midnight, F|100\/100\n|switch|p1a: Walking Wake|Walking Wake|100\/100\n|-activate|p1a: Walking Wake|move: Sticky Web\n|-unboost|p1a: Walking Wake|spe|1\n|turn|5\n|\n|t:|1697545704\n|move|p2b: Kommo-o|Clanging Scales|p1a: Walking Wake|[spread] p1a,p1b\n|-supereffective|p1a: Walking Wake\n|-damage|p1a: Walking Wake|0 fnt\n|-damage|p1b: Iron Hands|0 fnt\n|faint|p1a: Walking Wake\n|-end|p1a: Walking Wake|Protosynthesis|[silent]\n|faint|p1b: Iron Hands\n|-end|p1b: Iron Hands|Quark Drive|[silent]\n|-unboost|p2b: Kommo-o|def|1\n|move|p2a: Lycanroc|Play Rough|p1: Walking Wake|[notarget]\n|-fail|p2a: Lycanroc\n|\n|-fieldend|move: Psychic Terrain\n|upkeep\n|\n|t:|1697545709\n|switch|p1a: Torkoal|Torkoal, F|100\/100\n|switch|p1b: Ursaluna|Ursaluna-Bloodmoon, M|100\/100\n|-activate|p1b: Ursaluna|move: Sticky Web\n|-unboost|p1b: Ursaluna|spe|1\n|-activate|p1a: Torkoal|move: Sticky Web\n|-unboost|p1a: Torkoal|spe|1\n|-weather|SunnyDay|[from] ability: Drought|[of] p1a: Torkoal\n|turn|6\n|\n|t:|1697545718\n|switch|p2a: Tauros|Tauros-Paldea-Aqua, M|100\/100\n|-ability|p2a: Tauros|Intimidate|boost\n|-unboost|p1a: Torkoal|atk|1\n|-unboost|p1b: Ursaluna|atk|1\n|move|p2b: Kommo-o|Clanging Scales|p1b: Ursaluna|[spread] p1a,p1b\n|-damage|p1a: Torkoal|0 fnt\n|-damage|p1b: Ursaluna|17\/100\n|faint|p1a: Torkoal\n|-unboost|p2b: Kommo-o|def|1\n|move|p1b: Ursaluna|Hyper Voice|p2a: Tauros|[spread] p2a\n|-immune|p2b: Kommo-o|[from] ability: Soundproof\n|-damage|p2a: Tauros|43\/100\n|-enditem|p1b: Ursaluna|Throat Spray\n|-boost|p1b: Ursaluna|spa|1|[from] item: Throat Spray\n|\n|-weather|SunnyDay|[upkeep]\n|upkeep\n|turn|7\n|-message|aschain forfeited.\n|\n|win|Daskhiel02\n|raw|aschain's rating: 1345 &rarr; <strong>1329<\/strong><br \/>(-16 for losing)\n|raw|Daskhiel02's rating: 1414 &rarr; <strong>1430<\/strong><br \/>(+16 for winning)\n|l|\u2606aschain\n","uploadtime":1697545737,"views":13,"p1id":"aschain","p2id":"daskhiel02","formatid":"gen9doublesou","rating":1329,"private":0,"password":""}