{"id":"gen9doublesou-1995995909","p1":"12123434a","p2":"GSTERS","format":"[Gen 9] Doubles OU","log":"|j|\u260612123434a\n|j|\u2606GSTERS\n|t:|1700626889\n|gametype|doubles\n|player|p1|12123434a|preschoolerf|1566\n|player|p2|GSTERS|clair|1429\n|teamsize|p1|6\n|teamsize|p2|6\n|gen|9\n|tier|[Gen 9] Doubles OU\n|rated|\n|rule|Species Clause: Limit one of each Pok\u00e9mon\n|rule|OHKO Clause: OHKO moves are banned\n|rule|Evasion Moves Clause: Evasion moves are banned\n|rule|Gravity Sleep Clause: The combination of sleep-inducing moves with imperfect accuracy and Gravity or Gigantamax Orbeetle are banned\n|rule|Endless Battle Clause: Forcing endless battles is banned\n|rule|HP Percentage Mod: HP is shown in percentages\n|clearpoke\n|poke|p1|Heatran, M|\n|poke|p1|Baxcalibur, F|\n|poke|p1|Grimmsnarl, M|\n|poke|p1|Conkeldurr, F|\n|poke|p1|Tornadus, M|\n|poke|p1|Flutter Mane|\n|poke|p2|Skeledirge, M|\n|poke|p2|Arboliva, F|\n|poke|p2|Farigiraf, M|\n|poke|p2|Empoleon, M|\n|poke|p2|Ribombee, F|\n|poke|p2|Landorus-Therian, M|\n|teampreview\n|inactive|Battle timer is ON: inactive players will automatically lose when time's up. (requested by 12123434a)\n|c|\u2606GSTERS|glhf\n|inactive|12123434a has 120 seconds left.\n|c|\u260612123434a|U too\n|j| Phaige\n|c|\u260612123434a|Uncommon tean\n|\n|t:|1700626928\n|start\n|switch|p1a: Heatran|Heatran, M|100\/100\n|switch|p1b: Grimmsnarl|Grimmsnarl, M|100\/100\n|switch|p2a: Farigiraf|Farigiraf, M|100\/100\n|switch|p2b: Ribombee|Ribombee, F|100\/100\n|turn|1\n|c|\u2606GSTERS|at this point imma just friend you phaige\n|c| Phaige|even then, id say most of the teams tdy are uncommon\n|c| Phaige|nice\n|c|\u260612123434a|:o a friendship\n|inactive|GSTERS has 120 seconds left.\n|\n|t:|1700626964\n|move|p2b: Ribombee|Switcheroo|p1b: Grimmsnarl\n|-activate|p2b: Ribombee|move: Trick|[of] p1b: Grimmsnarl\n|-item|p1b: Grimmsnarl|Choice Scarf|[from] move: Switcheroo\n|-item|p2b: Ribombee|Sitrus Berry|[from] move: Switcheroo\n|move|p1b: Grimmsnarl|Taunt|p2a: Farigiraf\n|-start|p2a: Farigiraf|move: Taunt\n|move|p1a: Heatran|Flash Cannon|p2b: Ribombee\n|-supereffective|p2b: Ribombee\n|-damage|p2b: Ribombee|0 fnt\n|faint|p2b: Ribombee\n|cant|p2a: Farigiraf|move: Taunt|Trick Room\n|\n|upkeep\n|c|\u260612123434a|Nooo\n|\n|t:|1700626974\n|switch|p2b: Landorus|Landorus-Therian, M|100\/100\n|-ability|p2b: Landorus|Intimidate|boost\n|-unboost|p1a: Heatran|atk|1\n|-unboost|p1b: Grimmsnarl|atk|1\n|turn|2\n|inactive|GSTERS has 120 seconds left.\n|\n|t:|1700626990\n|switch|p1a: Tornadus|Tornadus, M|100\/100\n|switch|p2a: Skeledirge|Skeledirge, M|100\/100\n|move|p1b: Grimmsnarl|Taunt|p2b: Landorus\n|-start|p2b: Landorus|move: Taunt\n|cant|p2b: Landorus|move: Taunt|Stealth Rock\n|\n|upkeep\n|turn|3\n|c|\u2606GSTERS|wait u got me there lmaooo\n|\n|t:|1700627012\n|switch|p1b: Conkeldurr|Conkeldurr, F|100\/100\n|move|p1a: Tornadus|Knock Off|p2a: Skeledirge\n|-supereffective|p2a: Skeledirge\n|-damage|p2a: Skeledirge|60\/100\n|-enditem|p2a: Skeledirge|Assault Vest|[from] move: Knock Off|[of] p1a: Tornadus\n|move|p2b: Landorus|Rock Slide|p1b: Conkeldurr|[spread] p1a,p1b\n|-supereffective|p1a: Tornadus\n|-crit|p1a: Tornadus\n|-resisted|p1b: Conkeldurr\n|-damage|p1a: Tornadus|4\/100\n|-damage|p1b: Conkeldurr|91\/100\n|move|p2a: Skeledirge|Torch Song|p1a: Tornadus\n|-damage|p1a: Tornadus|0 fnt\n|-boost|p2a: Skeledirge|spa|1\n|faint|p1a: Tornadus\n|\n|-status|p1b: Conkeldurr|brn|[from] item: Flame Orb\n|upkeep\n|c|\u260612123434a|Hehe in a stuborn lil sh\n|\n|t:|1700627027\n|switch|p1a: Grimmsnarl|Grimmsnarl, M|100\/100\n|turn|4\n|c| Phaige|still surprised rocks are viable in doubles still, thought people didnt switch as much\n|c|\u2606GSTERS|they're helpful for chi yu and torkoal\n|c|\u260612123434a|Ik, xd i like to jse it\n|c|\u260612123434a|Yeah\n|inactive|GSTERS has 120 seconds left.\n|\n|t:|1700627060\n|move|p1a: Grimmsnarl|Spirit Break|p2a: Skeledirge\n|-resisted|p2a: Skeledirge\n|-damage|p2a: Skeledirge|47\/100\n|-unboost|p2a: Skeledirge|spa|1\n|move|p2b: Landorus|Rock Slide|p1a: Grimmsnarl|[spread] p1a,p1b\n|-resisted|p1b: Conkeldurr\n|-damage|p1a: Grimmsnarl|81\/100\n|-damage|p1b: Conkeldurr|82\/100 brn\n|move|p2a: Skeledirge|Torch Song|p1b: Conkeldurr\n|-damage|p1b: Conkeldurr|36\/100 brn\n|-boost|p2a: Skeledirge|spa|1\n|cant|p1b: Conkeldurr|flinch\n|\n|-damage|p1b: Conkeldurr|30\/100 brn|[from] brn\n|-end|p2b: Landorus|move: Taunt\n|upkeep\n|turn|5\n|c| Phaige|tbf i kinda just spam sp attacks till they die, dont care if they resist they still take 80% of their hp\n|c|\u2606GSTERS|truuu\n|inactive|12123434a has 120 seconds left.\n|\n|t:|1700627091\n|switch|p2a: Empoleon|Empoleon, M|100\/100\n|move|p1b: Conkeldurr|Wide Guard|p1b: Conkeldurr\n|-singleturn|p1b: Conkeldurr|Wide Guard\n|move|p1a: Grimmsnarl|Spirit Break|p2a: Empoleon\n|-resisted|p2a: Empoleon\n|-crit|p2a: Empoleon\n|-damage|p2a: Empoleon|75\/100\n|-unboost|p2a: Empoleon|spa|1\n|-ability|p2a: Empoleon|Competitive|boost\n|-boost|p2a: Empoleon|spa|2\n|-damage|p1a: Grimmsnarl|65\/100|[from] item: Rocky Helmet|[of] p2a: Empoleon\n|move|p2b: Landorus|Stomping Tantrum|p1b: Conkeldurr\n|-damage|p1b: Conkeldurr|0 fnt\n|faint|p1b: Conkeldurr\n|\n|upkeep\n|c|\u2606GSTERS|chi yu always stumps me tho\n|inactive|12123434a has 120 seconds left.\n|c|\u260612123434a|Oh shit\n|c|\u260612123434a|Wp\n|c|\u260612123434a|I jst got red\n|\n|t:|1700627113\n|switch|p1b: Heatran|Heatran, M|100\/100\n|turn|6\n|c|\u2606GSTERS|to filthhhh\n|\n|t:|1700627123\n|-terastallize|p1b: Heatran|Flying\n|move|p1a: Grimmsnarl|Spirit Break|p2b: Landorus\n|-damage|p2b: Landorus|78\/100\n|-unboost|p2b: Landorus|spa|1\n|move|p2b: Landorus|Stomping Tantrum|p1b: Heatran\n|-immune|p1b: Heatran\n|move|p1b: Heatran|Lava Plume|p2b: Landorus|[spread] p1a,p2a,p2b\n|-damage|p1a: Grimmsnarl|30\/100\n|-damage|p2a: Empoleon|45\/100\n|-damage|p2b: Landorus|45\/100\n|move|p2a: Empoleon|Flash Cannon|p1a: Grimmsnarl\n|-supereffective|p1a: Grimmsnarl\n|-damage|p1a: Grimmsnarl|0 fnt\n|faint|p1a: Grimmsnarl\n|\n|-heal|p2b: Landorus|51\/100|[from] item: Leftovers\n|upkeep\n|inactive|12123434a has 120 seconds left.\n|\n|t:|1700627137\n|switch|p1a: Baxcalibur|Baxcalibur, F|100\/100\n|turn|7\n|\n|t:|1700627141\n|move|p1a: Baxcalibur|Icicle Spear|p2b: Landorus\n|-supereffective|p2b: Landorus\n|-damage|p2b: Landorus|6\/100\n|-supereffective|p2b: Landorus\n|-damage|p2b: Landorus|0 fnt\n|faint|p2b: Landorus\n|-hitcount|p2: Landorus|2\n|move|p1b: Heatran|Lava Plume|p2a: Empoleon|[spread] p1a,p2a\n|-damage|p1a: Baxcalibur|66\/100\n|-damage|p2a: Empoleon|13\/100\n|-ability|p1a: Baxcalibur|Thermal Exchange|boost\n|-boost|p1a: Baxcalibur|atk|1\n|move|p2a: Empoleon|Flash Cannon|p1a: Baxcalibur\n|-supereffective|p1a: Baxcalibur\n|-damage|p1a: Baxcalibur|0 fnt\n|faint|p1a: Baxcalibur\n|\n|upkeep\n|c|\u260612123434a|Good luck\n|c| Phaige|uh\n|c|\u260612123434a|Zamn\n|c| Phaige|that was\n|\n|t:|1700627167\n|switch|p1a: Flutter Mane|Flutter Mane|100\/100\n|switch|p2b: Farigiraf|Farigiraf, M|100\/100\n|-enditem|p1a: Flutter Mane|Booster Energy\n|-activate|p1a: Flutter Mane|ability: Protosynthesis|[fromitem]\n|-start|p1a: Flutter Mane|protosynthesisspa\n|turn|8\n|c| Phaige|a play\n|\n|t:|1700627181\n|move|p1a: Flutter Mane|Moonblast|p2b: Farigiraf\n|-damage|p2b: Farigiraf|54\/100\n|move|p1b: Heatran|Lava Plume|p2a: Empoleon|[spread] p1a,p2a,p2b\n|-damage|p1a: Flutter Mane|66\/100\n|-damage|p2a: Empoleon|0 fnt\n|-damage|p2b: Farigiraf|33\/100\n|faint|p2a: Empoleon\n|move|p2b: Farigiraf|Trick Room|p2b: Farigiraf\n|-fieldstart|move: Trick Room|[of] p2b: Farigiraf\n|\n|-heal|p2b: Farigiraf|39\/100|[from] item: Leftovers\n|upkeep\n|\n|t:|1700627192\n|switch|p2a: Skeledirge|Skeledirge, M|47\/100\n|turn|9\n|c|\u2606GSTERS|protect always got me in shambles double thinking bruh\n|c|\u260612123434a|Hmm\n|inactive|12123434a has 120 seconds left.\n|\n|t:|1700627224\n|move|p2b: Farigiraf|Psychic|p1b: Heatran\n|-damage|p1b: Heatran|75\/100\n|move|p2a: Skeledirge|Shadow Ball|p1a: Flutter Mane\n|-supereffective|p1a: Flutter Mane\n|-damage|p1a: Flutter Mane|0 fnt\n|faint|p1a: Flutter Mane\n|-end|p1a: Flutter Mane|Protosynthesis|[silent]\n|move|p1b: Heatran|Flash Cannon|p2b: Farigiraf\n|-damage|p2b: Farigiraf|10\/100\n|-unboost|p2b: Farigiraf|spd|1\n|\n|-heal|p2b: Farigiraf|16\/100|[from] item: Leftovers\n|-heal|p1b: Heatran|81\/100|[from] item: Leftovers\n|upkeep\n|turn|10\n|c| Phaige|protect is the way to beat trick room teams most of the time\n|c|\u260612123434a|I lost\n|c|\u260612123434a|I think\n|\n|t:|1700627241\n|move|p1b: Heatran|Protect|p1b: Heatran\n|-singleturn|p1b: Heatran|Protect\n|move|p2b: Farigiraf|Psychic|p1b: Heatran\n|-activate|p1b: Heatran|move: Protect\n|move|p2a: Skeledirge|Shadow Ball|p1b: Heatran\n|-activate|p1b: Heatran|move: Protect\n|\n|-heal|p2b: Farigiraf|22\/100|[from] item: Leftovers\n|-heal|p1b: Heatran|88\/100|[from] item: Leftovers\n|upkeep\n|turn|11\n|c| Phaige|that and hyper offense and taunt\n|\n|t:|1700627253\n|move|p2b: Farigiraf|Psychic|p1b: Heatran\n|-damage|p1b: Heatran|61\/100\n|move|p2a: Skeledirge|Shadow Ball|p1b: Heatran\n|-damage|p1b: Heatran|28\/100\n|move|p1b: Heatran|Lava Plume|p2a: Skeledirge|[spread] p2a,p2b\n|-resisted|p2a: Skeledirge\n|-damage|p2a: Skeledirge|28\/100\n|-damage|p2b: Farigiraf|0 fnt\n|faint|p2b: Farigiraf\n|\n|-heal|p1b: Heatran|34\/100|[from] item: Leftovers\n|upkeep\n|\n|t:|1700627261\n|switch|p2b: Arboliva|Arboliva, F|100\/100\n|turn|12\n|c| Phaige|you did well sir, ggs\n|\n|t:|1700627271\n|-terastallize|p2b: Arboliva|Dragon\n|move|p1b: Heatran|Protect|p1b: Heatran\n|-singleturn|p1b: Heatran|Protect\n|move|p2b: Arboliva|Dazzling Gleam|p1b: Heatran\n|-activate|p1b: Heatran|move: Protect\n|move|p2a: Skeledirge|Shadow Ball|p1b: Heatran\n|-activate|p1b: Heatran|move: Protect\n|\n|-heal|p1b: Heatran|40\/100|[from] item: Leftovers\n|-fieldend|move: Trick Room\n|upkeep\n|turn|13\n|c|\u260612123434a|Thanks\n|c|\u260612123434a|I made this team in like 30 seconds xd\n|c|\u260612123434a|But ggs wp\n|c|\u2606GSTERS|gg\n|c|\u260612123434a|Dragon tera?!?!\n|c|\u260612123434a|\ud83d\ude31\n|c|\u260612123434a|Nice\n|inactive|12123434a has 120 seconds left.\n|c|\u2606GSTERS|too many fire types\n|\n|t:|1700627304\n|move|p1b: Heatran|Lava Plume|p2a: Skeledirge|[spread] p2a,p2b\n|-resisted|p2a: Skeledirge\n|-resisted|p2b: Arboliva\n|-damage|p2a: Skeledirge|11\/100\n|-damage|p2b: Arboliva|87\/100\n|-fieldstart|move: Grassy Terrain|[from] ability: Seed Sower|[of] p2b: Arboliva\n|move|p2a: Skeledirge|Shadow Ball|p1b: Heatran\n|-damage|p1b: Heatran|8\/100\n|move|p2b: Arboliva|Dazzling Gleam|p1b: Heatran\n|-damage|p1b: Heatran|0 fnt\n|faint|p1b: Heatran\n|\n|win|GSTERS\n|raw|12123434a's rating: 1566 &rarr; <strong>1538<\/strong><br \/>(-28 for losing)\n|raw|GSTERS's rating: 1429 &rarr; <strong>1457<\/strong><br \/>(+28 for winning)\n|c|\u2606GSTERS|helps a lot\n|c|\u260612123434a|Ggs\n|c|\u2606GSTERS|gg\n|l|\u2606GSTERS\n|c|\u260612123434a|U guys\n|l| Phaige\n|c|\u260612123434a|Have agood day\n|l|\u260612123434a\n|j|\u260612123434a\n|player|p1|12123434a|preschoolerf\n","uploadtime":1700627354,"views":7,"p1id":"12123434a","p2id":"gsters","formatid":"gen9doublesou","rating":1457,"private":0,"password":""}