{"id":"gen9doublesou-1995058126","p1":"Jadonquavious","p2":"propaganda0-0","format":"[Gen 9] Doubles OU","log":"|j|\u2606Jadonquavious\n|j|\u2606propaganda0-0\n|t:|1700518018\n|gametype|doubles\n|player|p1|Jadonquavious|1|1000\n|player|p2|propaganda0-0|cyclist-gen4|1032\n|teamsize|p1|6\n|teamsize|p2|6\n|gen|9\n|tier|[Gen 9] Doubles OU\n|rated|\n|rule|Species Clause: Limit one of each Pok\u00e9mon\n|rule|OHKO Clause: OHKO moves are banned\n|rule|Evasion Moves Clause: Evasion moves are banned\n|rule|Gravity Sleep Clause: The combination of sleep-inducing moves with imperfect accuracy and Gravity or Gigantamax Orbeetle are banned\n|rule|Endless Battle Clause: Forcing endless battles is banned\n|rule|HP Percentage Mod: HP is shown in percentages\n|clearpoke\n|poke|p1|Armarouge, F|\n|poke|p1|Ninetales-Alola, F|\n|poke|p1|Dragonite, F|\n|poke|p1|Amoonguss, M|\n|poke|p1|Grimmsnarl, M|\n|poke|p1|Hatterene, F|\n|poke|p2|Oricorio-Pom-Pom, F|\n|poke|p2|Kommo-o, M|\n|poke|p2|Iron Moth|\n|poke|p2|Ribombee, F|\n|poke|p2|Volcarona, F|\n|poke|p2|Dragonite, F|\n|teampreview\n|\n|t:|1700518026\n|start\n|switch|p1a: Armarouge|Armarouge, F|100\/100\n|switch|p1b: Ninetales|Ninetales-Alola, F|100\/100\n|switch|p2a: Oricorio|Oricorio-Pom-Pom, F|100\/100\n|switch|p2b: Ribombee|Ribombee, F|100\/100\n|-weather|Snow|[from] ability: Snow Warning|[of] p1b: Ninetales\n|turn|1\n|\n|t:|1700518063\n|move|p2b: Ribombee|Quiver Dance|p2b: Ribombee\n|-boost|p2b: Ribombee|spa|1\n|-boost|p2b: Ribombee|spd|1\n|-boost|p2b: Ribombee|spe|1\n|-activate|p2a: Oricorio|ability: Dancer\n|move|p2a: Oricorio|Quiver Dance|p2a: Oricorio|[from]ability: Dancer\n|-boost|p2a: Oricorio|spa|1\n|-boost|p2a: Oricorio|spd|1\n|-boost|p2a: Oricorio|spe|1\n|move|p1b: Ninetales|Icicle Spear|p1a: Armarouge\n|-resisted|p1a: Armarouge\n|-damage|p1a: Armarouge|98\/100\n|-ability|p1a: Armarouge|Weak Armor|boost\n|-unboost|p1a: Armarouge|def|1\n|-boost|p1a: Armarouge|spe|2\n|-resisted|p1a: Armarouge\n|-damage|p1a: Armarouge|93\/100\n|-ability|p1a: Armarouge|Weak Armor|boost\n|-unboost|p1a: Armarouge|def|1\n|-boost|p1a: Armarouge|spe|2\n|-resisted|p1a: Armarouge\n|-damage|p1a: Armarouge|88\/100\n|-ability|p1a: Armarouge|Weak Armor|boost\n|-unboost|p1a: Armarouge|def|1\n|-boost|p1a: Armarouge|spe|2\n|-resisted|p1a: Armarouge\n|-damage|p1a: Armarouge|81\/100\n|-ability|p1a: Armarouge|Weak Armor|boost\n|-unboost|p1a: Armarouge|def|1\n|-resisted|p1a: Armarouge\n|-damage|p1a: Armarouge|73\/100\n|-ability|p1a: Armarouge|Weak Armor|boost\n|-unboost|p1a: Armarouge|def|1\n|-hitcount|p1a: Armarouge|5\n|move|p1a: Armarouge|Armor Cannon|p2a: Oricorio\n|-damage|p2a: Oricorio|46\/100\n|-unboost|p1a: Armarouge|def|1\n|-unboost|p1a: Armarouge|spd|1\n|move|p2a: Oricorio|Quiver Dance|p2a: Oricorio\n|-boost|p2a: Oricorio|spa|1\n|-boost|p2a: Oricorio|spd|1\n|-boost|p2a: Oricorio|spe|1\n|\n|-weather|Snow|[upkeep]\n|upkeep\n|turn|2\n|\n|t:|1700518113\n|move|p1a: Armarouge|Aura Sphere|p2b: Ribombee\n|-resisted|p2b: Ribombee\n|-damage|p2b: Ribombee|94\/100\n|move|p2b: Ribombee|Skill Swap|p2a: Oricorio\n|-activate|p2b: Ribombee|move: Skill Swap|||[of] p2a: Oricorio\n|move|p2a: Oricorio|Baton Pass|p2a: Oricorio\n|\n|t:|1700518120\n|switch|p2a: Kommo-o|Kommo-o, M|100\/100|[from] Baton Pass\n|move|p1b: Ninetales|Aurora Veil|p1b: Ninetales\n|-sidestart|p1: Jadonquavious|move: Aurora Veil\n|\n|-weather|Snow|[upkeep]\n|upkeep\n|turn|3\n|\n|t:|1700518134\n|-terastallize|p2a: Kommo-o|Steel\n|move|p1a: Armarouge|Armor Cannon|p2b: Ribombee\n|-supereffective|p2b: Ribombee\n|-damage|p2b: Ribombee|0 fnt\n|-unboost|p1a: Armarouge|spd|1\n|faint|p2b: Ribombee\n|move|p2a: Kommo-o|Clangorous Soul|p2a: Kommo-o\n|-boost|p2a: Kommo-o|atk|1\n|-boost|p2a: Kommo-o|def|1\n|-boost|p2a: Kommo-o|spa|1\n|-boost|p2a: Kommo-o|spd|1\n|-boost|p2a: Kommo-o|spe|1\n|-damage|p2a: Kommo-o|68\/100\n|move|p1b: Ninetales|Dazzling Gleam|p2a: Kommo-o\n|-resisted|p2a: Kommo-o\n|-damage|p2a: Kommo-o|62\/100\n|\n|-weather|Snow|[upkeep]\n|upkeep\n|\n|t:|1700518156\n|switch|p2b: Iron Moth|Iron Moth|100\/100\n|-enditem|p2b: Iron Moth|Booster Energy\n|-activate|p2b: Iron Moth|ability: Quark Drive|[fromitem]\n|-start|p2b: Iron Moth|quarkdrivespa\n|turn|4\n|\n|t:|1700518182\n|move|p1a: Armarouge|Armor Cannon|p2a: Kommo-o\n|-supereffective|p2a: Kommo-o\n|-damage|p2a: Kommo-o|6\/100\n|-unboost|p1a: Armarouge|spd|1\n|move|p2a: Kommo-o|Brick Break|p1a: Armarouge\n|-sideend|p1: Jadonquavious|move: Aurora Veil\n|-resisted|p1a: Armarouge\n|-damage|p1a: Armarouge|0 fnt\n|faint|p1a: Armarouge\n|-damage|p2a: Kommo-o|0 fnt|[from] item: Life Orb\n|faint|p2a: Kommo-o\n|move|p2b: Iron Moth|Sludge Wave|p1b: Ninetales\n|-supereffective|p1b: Ninetales\n|-damage|p1b: Ninetales|0 fnt\n|faint|p1b: Ninetales\n|\n|-weather|Snow|[upkeep]\n|upkeep\n|\n|t:|1700518203\n|switch|p1b: Hatterene|Hatterene, F|100\/100\n|switch|p2a: Oricorio|Oricorio-Pom-Pom, F|46\/100\n|switch|p1a: Grimmsnarl|Grimmsnarl, M|100\/100\n|turn|5\n|\n|t:|1700518223\n|move|p1a: Grimmsnarl|Light Screen|p1a: Grimmsnarl\n|-sidestart|p1: Jadonquavious|move: Light Screen\n|move|p2b: Iron Moth|Fiery Dance|p1b: Hatterene\n|-damage|p1b: Hatterene|57\/100\n|-boost|p2b: Iron Moth|spa|1\n|-activate|p2a: Oricorio|ability: Dancer\n|move|p2a: Oricorio|Fiery Dance|p1b: Hatterene|[from]ability: Dancer\n|-damage|p1b: Hatterene|39\/100\n|-boost|p2a: Oricorio|spa|1\n|-damage|p2a: Oricorio|36\/100|[from] item: Life Orb\n|move|p2a: Oricorio|Revelation Dance|p1a: Grimmsnarl\n|-damage|p1a: Grimmsnarl|49\/100\n|-damage|p2a: Oricorio|26\/100|[from] item: Life Orb\n|move|p1b: Hatterene|Trick Room|p1b: Hatterene\n|-fieldstart|move: Trick Room|[of] p1b: Hatterene\n|\n|-weather|none\n|upkeep\n|turn|6\n|\n|t:|1700518255\n|move|p1b: Hatterene|Draining Kiss|p2a: Oricorio\n|-damage|p2a: Oricorio|0 fnt\n|-heal|p1b: Hatterene|61\/100|[from] drain|[of] p2a: Oricorio\n|faint|p2a: Oricorio\n|move|p1a: Grimmsnarl|Spirit Break|p2b: Iron Moth\n|-resisted|p2b: Iron Moth\n|-damage|p2b: Iron Moth|84\/100\n|-unboost|p2b: Iron Moth|spa|1\n|move|p2b: Iron Moth|Fiery Dance|p1b: Hatterene\n|-damage|p1b: Hatterene|21\/100\n|-boost|p2b: Iron Moth|spa|1\n|\n|upkeep\n|\n|t:|1700518270\n|switch|p2a: Volcarona|Volcarona, F|100\/100\n|turn|7\n|\n|t:|1700518284\n|move|p1b: Hatterene|Dazzling Gleam|p2b: Iron Moth|[spread] p2a,p2b\n|-resisted|p2a: Volcarona\n|-resisted|p2b: Iron Moth\n|-damage|p2a: Volcarona|82\/100\n|-damage|p2b: Iron Moth|75\/100\n|move|p1a: Grimmsnarl|Spirit Break|p2a: Volcarona\n|-resisted|p2a: Volcarona\n|-damage|p2a: Volcarona|52\/100\n|-unboost|p2a: Volcarona|spa|1\n|-status|p1a: Grimmsnarl|brn|[from] ability: Flame Body|[of] p2a: Volcarona\n|move|p2a: Volcarona|Fiery Dance|p1b: Hatterene\n|-damage|p1b: Hatterene|0 fnt\n|faint|p1b: Hatterene\n|-damage|p2a: Volcarona|42\/100|[from] item: Life Orb\n|move|p2b: Iron Moth|Fiery Dance|p1a: Grimmsnarl\n|-damage|p1a: Grimmsnarl|0 fnt\n|-boost|p2b: Iron Moth|spa|1\n|faint|p1a: Grimmsnarl\n|\n|upkeep\n|\n|t:|1700518305\n|switch|p1b: Amoonguss|Amoonguss, M|100\/100\n|switch|p1a: Dragonite|Dragonite, F|100\/100\n|turn|8\n|\n|t:|1700518330\n|move|p1b: Amoonguss|Protect|p1b: Amoonguss\n|-singleturn|p1b: Amoonguss|Protect\n|move|p1a: Dragonite|Fire Punch|p2a: Volcarona\n|-damage|p2a: Volcarona|0 fnt\n|faint|p2a: Volcarona\n|-damage|p1a: Dragonite|91\/100|[from] item: Life Orb\n|move|p2b: Iron Moth|Sludge Wave|p1a: Dragonite|[spread] p1a\n|-activate|p1b: Amoonguss|move: Protect\n|-damage|p1a: Dragonite|18\/100\n|\n|upkeep\n|\n|t:|1700518342\n|switch|p2a: Dragonite|Dragonite, F|100\/100\n|turn|9\n|\n|t:|1700518353\n|move|p2a: Dragonite|Extreme Speed|p1a: Dragonite\n|-damage|p1a: Dragonite|0 fnt\n|faint|p1a: Dragonite\n|move|p1b: Amoonguss|Spore|p2b: Iron Moth\n|-status|p2b: Iron Moth|slp|[from] move: Spore\n|cant|p2b: Iron Moth|slp\n|\n|-fieldend|move: Trick Room\n|upkeep\n|turn|10\n|\n|t:|1700518370\n|-curestatus|p2b: Iron Moth|slp|[msg]\n|move|p2b: Iron Moth|Fiery Dance|p1b: Amoonguss\n|-supereffective|p1b: Amoonguss\n|-damage|p1b: Amoonguss|0 fnt\n|-boost|p2b: Iron Moth|spa|1\n|faint|p1b: Amoonguss\n|\n|win|propaganda0-0\n|raw|Jadonquavious's rating: 1000 &rarr; <strong>1000<\/strong><br \/>(+0 for losing)\n|raw|propaganda0-0's rating: 1032 &rarr; <strong>1064<\/strong><br \/>(+32 for winning)\n|l|\u2606Jadonquavious\n","uploadtime":1700518389,"views":57,"p1id":"jadonquavious","p2id":"propaganda00","formatid":"gen9doublesou","rating":1000,"private":0,"password":""}