{"id":"gen9doublesou-1986091121","p1":"Carso","p2":"Messy fighter","format":"[Gen 9] Doubles OU","log":"|j|\u2606Carso\n|j|\u2606Messy fighter\n|t:|1699449089\n|gametype|doubles\n|player|p1|Carso|nate|1410\n|player|p2|Messy fighter|swimmer-gen4dp|1347\n|teamsize|p1|6\n|teamsize|p2|6\n|gen|9\n|tier|[Gen 9] Doubles OU\n|rated|\n|rule|Species Clause: Limit one of each Pok\u00e9mon\n|rule|OHKO Clause: OHKO moves are banned\n|rule|Evasion Moves Clause: Evasion moves are banned\n|rule|Gravity Sleep Clause: The combination of sleep-inducing moves with imperfect accuracy and Gravity or Gigantamax Orbeetle are banned\n|rule|Endless Battle Clause: Forcing endless battles is banned\n|rule|HP Percentage Mod: HP is shown in percentages\n|clearpoke\n|poke|p1|Fezandipiti, M|\n|poke|p1|Ogerpon-Hearthflame, F|\n|poke|p1|Weavile, M|\n|poke|p1|Basculegion-F, F|\n|poke|p1|Ursaluna, F|\n|poke|p1|Amoonguss, M|\n|poke|p2|Basculegion-F, F|\n|poke|p2|Iron Hands|\n|poke|p2|Cresselia, F|\n|poke|p2|Ursaluna-Bloodmoon, M|\n|poke|p2|Roaring Moon|\n|poke|p2|Farigiraf, F|\n|teampreview\n|inactive|Battle timer is ON: inactive players will automatically lose when time's up. (requested by Carso)\n|\n|t:|1699449105\n|start\n|switch|p1a: Fezandipiti|Fezandipiti, M|100\/100\n|switch|p1b: Ursaluna|Ursaluna, F|100\/100\n|switch|p2a: Ursaluna|Ursaluna-Bloodmoon, M|100\/100\n|switch|p2b: Cresselia|Cresselia, F|100\/100\n|turn|1\n|\n|t:|1699449118\n|move|p1b: Ursaluna|Protect|p1b: Ursaluna\n|-singleturn|p1b: Ursaluna|Protect\n|move|p1a: Fezandipiti|Venoshock|p2a: Ursaluna\n|-resisted|p2a: Ursaluna\n|-damage|p2a: Ursaluna|87\/100\n|-status|p2a: Ursaluna|tox|[from] ability: Toxic Chain|[of] p1a: Fezandipiti\n|move|p2a: Ursaluna|Calm Mind|p2a: Ursaluna\n|-boost|p2a: Ursaluna|spa|1\n|-boost|p2a: Ursaluna|spd|1\n|move|p2b: Cresselia|Trick Room|p2b: Cresselia\n|-fieldstart|move: Trick Room|[of] p2b: Cresselia\n|\n|-damage|p2a: Ursaluna|81\/100 tox|[from] psn\n|-status|p1b: Ursaluna|brn|[from] item: Flame Orb\n|upkeep\n|turn|2\n|\n|t:|1699449133\n|switch|p1a: Amoonguss|Amoonguss, M|100\/100\n|move|p2a: Ursaluna|Blood Moon|p1b: Ursaluna\n|-damage|p1b: Ursaluna|0 fnt\n|faint|p1b: Ursaluna\n|move|p2b: Cresselia|Lunar Blessing|p2b: Cresselia|[spread] p2a,p2b\n|-heal|p2a: Ursaluna|100\/100 tox\n|-curestatus|p2a: Ursaluna|tox|[msg]\n|\n|upkeep\n|\n|t:|1699449143\n|switch|p1b: Weavile|Weavile, M|100\/100\n|turn|3\n|\n|t:|1699449168\n|-terastallize|p2a: Ursaluna|Grass\n|move|p1b: Weavile|Fake Out|p2a: Ursaluna\n|-damage|p2a: Ursaluna|90\/100\n|-damage|p1b: Weavile|91\/100|[from] item: Life Orb\n|cant|p2a: Ursaluna|flinch\n|move|p1a: Amoonguss|Spore|p2b: Cresselia\n|-status|p2b: Cresselia|slp|[from] move: Spore\n|cant|p2b: Cresselia|slp\n|\n|upkeep\n|turn|4\n|\n|t:|1699449186\n|switch|p2b: Farigiraf|Farigiraf, F|100\/100\n|move|p1a: Amoonguss|Rage Powder|p1a: Amoonguss\n|-singleturn|p1a: Amoonguss|move: Rage Powder\n|move|p2a: Ursaluna|Moonblast|p1b: Weavile\n|-supereffective|p1b: Weavile\n|-damage|p1b: Weavile|0 fnt\n|faint|p1b: Weavile\n|\n|upkeep\n|inactive|Carso has 120 seconds left.\n|c|\u2606Carso|Oooh\n|c|\u2606Carso|Im dundum\n|\n|t:|1699449229\n|switch|p1b: Ogerpon|Ogerpon-Hearthflame, F|100\/100\n|-ability|p1b: Ogerpon|Mold Breaker\n|turn|5\n|inactive|Carso has 120 seconds left.\n|\n|t:|1699449252\n|move|p1b: Ogerpon|Spiky Shield|p1b: Ogerpon\n|-singleturn|p1b: Ogerpon|move: Protect\n|move|p2b: Farigiraf|Ally Switch|p2b: Farigiraf\n|swap|p2b: Farigiraf|0|[from] move: Ally Switch\n|move|p2b: Ursaluna|Blood Moon|p1b: Ogerpon\n|-activate|p1b: Ogerpon|move: Protect\n|move|p1a: Amoonguss|Pollen Puff|p2b: Ursaluna\n|-supereffective|p2b: Ursaluna\n|-damage|p2b: Ursaluna|53\/100\n|\n|-fieldend|move: Trick Room\n|upkeep\n|turn|6\n|inactive|Carso has 120 seconds left.\n|inactive|Messy fighter has 120 seconds left.\n|\n|t:|1699449295\n|-terastallize|p1b: Ogerpon|Fire\n|detailschange|p1b: Ogerpon|Ogerpon-Hearthflame-Tera, F, tera:Fire\n|-ability|p1b: Ogerpon|Embody Aspect (Hearthflame)|boost\n|-boost|p1b: Ogerpon|atk|1\n|move|p1b: Ogerpon|Ivy Cudgel|p2a: Farigiraf\n|-damage|p2a: Farigiraf|0 fnt\n|faint|p2a: Farigiraf\n|move|p1a: Amoonguss|Pollen Puff|p2b: Ursaluna\n|-supereffective|p2b: Ursaluna\n|-crit|p2b: Ursaluna\n|-damage|p2b: Ursaluna|0 fnt\n|faint|p2b: Ursaluna\n|\n|upkeep\n|inactive|Messy fighter has 90 seconds left.\n|\n|t:|1699449323\n|switch|p2a: Roaring Moon|Roaring Moon|100\/100\n|switch|p2b: Iron Hands|Iron Hands|100\/100\n|-enditem|p2b: Iron Hands|Booster Energy\n|-activate|p2b: Iron Hands|ability: Quark Drive|[fromitem]\n|-start|p2b: Iron Hands|quarkdriveatk\n|turn|7\n|\n|t:|1699449330\n|move|p1b: Ogerpon|Spiky Shield|p1b: Ogerpon\n|-singleturn|p1b: Ogerpon|move: Protect\n|move|p2a: Roaring Moon|Earthquake|p1a: Amoonguss|[spread] p2b,p1a\n|-activate|p1b: Ogerpon|move: Protect\n|-supereffective|p2b: Iron Hands\n|-damage|p2b: Iron Hands|68\/100\n|-damage|p1a: Amoonguss|73\/100\n|move|p1a: Amoonguss|Spore|p2b: Iron Hands\n|-status|p2b: Iron Hands|slp|[from] move: Spore\n|cant|p2b: Iron Hands|slp\n|\n|-heal|p1a: Amoonguss|79\/100|[from] item: Leftovers\n|upkeep\n|turn|8\n|\n|t:|1699449349\n|-end|p2b: Iron Hands|Quark Drive|[silent]\n|switch|p2b: Cresselia|Cresselia, F|100\/100 slp\n|move|p2a: Roaring Moon|Earthquake|p1a: Amoonguss|[spread] p1a,p1b\n|-immune|p2b: Cresselia|[from] ability: Levitate\n|-supereffective|p1b: Ogerpon\n|-damage|p1a: Amoonguss|52\/100\n|-damage|p1b: Ogerpon|29\/100\n|move|p1b: Ogerpon|U-turn|p2a: Roaring Moon\n|-supereffective|p2a: Roaring Moon\n|-damage|p2a: Roaring Moon|0 fnt\n|faint|p2a: Roaring Moon\n|-end|p2a: Roaring Moon|Protosynthesis|[silent]\n|\n|t:|1699449360\n|switch|p1b: Fezandipiti|Fezandipiti, M|100\/100|[from] U-turn\n|move|p1a: Amoonguss|Spore|p2b: Cresselia\n|-fail|p2b: Cresselia|slp\n|\n|-heal|p1a: Amoonguss|58\/100|[from] item: Leftovers\n|upkeep\n|\n|t:|1699449367\n|switch|p2a: Iron Hands|Iron Hands|68\/100 slp\n|turn|9\n|\n|t:|1699449375\n|move|p1b: Fezandipiti|Venoshock|p2b: Cresselia\n|-damage|p2b: Cresselia|89\/100 slp\n|move|p1a: Amoonguss|Pollen Puff|p2b: Cresselia\n|-supereffective|p2b: Cresselia\n|-damage|p2b: Cresselia|64\/100 slp\n|cant|p2a: Iron Hands|slp\n|cant|p2b: Cresselia|slp\n|\n|-heal|p1a: Amoonguss|64\/100|[from] item: Leftovers\n|upkeep\n|turn|10\n|\n|t:|1699449387\n|switch|p1a: Basculegion|Basculegion-F, F|100\/100\n|move|p1b: Fezandipiti|Venoshock|p2b: Cresselia\n|-damage|p2b: Cresselia|51\/100 slp\n|-curestatus|p2a: Iron Hands|slp|[msg]\n|move|p2a: Iron Hands|Ice Punch|p1a: Basculegion\n|-resisted|p1a: Basculegion\n|-damage|p1a: Basculegion|82\/100\n|cant|p2b: Cresselia|slp\n|\n|upkeep\n|turn|11\n|inactive|Messy fighter has 120 seconds left.\n|\n|t:|1699449421\n|move|p1a: Basculegion|Last Respects|p2b: Cresselia\n|-supereffective|p2b: Cresselia\n|-damage|p2b: Cresselia|0 fnt\n|faint|p2b: Cresselia\n|move|p1b: Fezandipiti|Icy Wind|p2a: Iron Hands\n|-damage|p2a: Iron Hands|55\/100\n|-unboost|p2a: Iron Hands|spe|1\n|move|p2a: Iron Hands|Thunder Punch|p1a: Basculegion\n|-supereffective|p1a: Basculegion\n|-damage|p1a: Basculegion|0 fnt\n|faint|p1a: Basculegion\n|\n|upkeep\n|\n|t:|1699449430\n|switch|p1a: Amoonguss|Amoonguss, M|98\/100\n|switch|p2b: Basculegion|Basculegion-F, F|100\/100\n|turn|12\n|\n|t:|1699449445\n|move|p1a: Amoonguss|Rage Powder|p1a: Amoonguss\n|-singleturn|p1a: Amoonguss|move: Rage Powder\n|move|p1b: Fezandipiti|Icy Wind|p2a: Iron Hands|[spread] p2a,p2b\n|-resisted|p2b: Basculegion\n|-damage|p2a: Iron Hands|46\/100\n|-damage|p2b: Basculegion|96\/100\n|-unboost|p2a: Iron Hands|spe|1\n|-unboost|p2b: Basculegion|spe|1\n|move|p2b: Basculegion|Psychic Fangs|p1a: Amoonguss\n|-supereffective|p1a: Amoonguss\n|-damage|p1a: Amoonguss|38\/100\n|move|p2a: Iron Hands|Ice Punch|p1a: Amoonguss\n|-supereffective|p1a: Amoonguss\n|-damage|p1a: Amoonguss|0 fnt\n|faint|p1a: Amoonguss\n|\n|upkeep\n|\n|t:|1699449458\n|switch|p1a: Ogerpon|Ogerpon-Hearthflame-Tera, F, tera:Fire|29\/100\n|-ability|p1a: Ogerpon|Embody Aspect (Hearthflame)|boost\n|-boost|p1a: Ogerpon|atk|1\n|turn|13\n|\n|t:|1699449468\n|move|p2b: Basculegion|Aqua Jet|p1a: Ogerpon\n|-supereffective|p1a: Ogerpon\n|-damage|p1a: Ogerpon|0 fnt\n|faint|p1a: Ogerpon\n|move|p1b: Fezandipiti|Icy Wind|p2a: Iron Hands|[spread] p2a,p2b\n|-resisted|p2b: Basculegion\n|-damage|p2a: Iron Hands|37\/100\n|-damage|p2b: Basculegion|90\/100\n|-unboost|p2a: Iron Hands|spe|1\n|-unboost|p2b: Basculegion|spe|1\n|-status|p2a: Iron Hands|tox|[from] ability: Toxic Chain|[of] p1b: Fezandipiti\n|-status|p2b: Basculegion|tox|[from] ability: Toxic Chain|[of] p1b: Fezandipiti\n|move|p2a: Iron Hands|Thunder Punch|p1b: Fezandipiti\n|-damage|p1b: Fezandipiti|53\/100\n|\n|-damage|p2b: Basculegion|84\/100 tox|[from] psn\n|-damage|p2a: Iron Hands|31\/100 tox|[from] psn\n|upkeep\n|turn|14\n|l|\u2606Messy fighter\n|inactive|Messy fighter disconnected and has a minute to reconnect!\n|player|p2|\n|j|\u2606Messy fighter\n|inactive|Messy fighter reconnected and has 135 seconds left.\n|player|p2|Messy fighter|swimmer-gen4dp\n|\n|t:|1699449488\n|move|p1b: Fezandipiti|Roost|p1b: Fezandipiti\n|-heal|p1b: Fezandipiti|100\/100\n|-singleturn|p1b: Fezandipiti|move: Roost\n|move|p2b: Basculegion|Last Respects|p1b: Fezandipiti\n|-damage|p1b: Fezandipiti|0 fnt\n|faint|p1b: Fezandipiti\n|\n|win|Messy fighter\n|raw|Carso's rating: 1410 &rarr; <strong>1386<\/strong><br \/>(-24 for losing)\n|raw|Messy fighter's rating: 1347 &rarr; <strong>1371<\/strong><br \/>(+24 for winning)\n|c|\u2606Messy fighter|Gg\n","uploadtime":1699449518,"views":26,"p1id":"carso","p2id":"messyfighter","formatid":"gen9doublesou","rating":1371,"private":0,"password":""}