{"id":"gen9doublesou-1983970442","p1":"Myself1312","p2":"GrodasMBR","format":"[Gen 9] Doubles OU","log":"|j|\u2606Myself1312\n|j|\u2606GrodasMBR\n|t:|1699205389\n|gametype|doubles\n|player|p1|Myself1312|elesa|1211\n|player|p2|GrodasMBR|brock|1158\n|teamsize|p1|6\n|teamsize|p2|6\n|gen|9\n|tier|[Gen 9] Doubles OU\n|rated|\n|rule|Species Clause: Limit one of each Pok\u00e9mon\n|rule|OHKO Clause: OHKO moves are banned\n|rule|Evasion Moves Clause: Evasion moves are banned\n|rule|Gravity Sleep Clause: The combination of sleep-inducing moves with imperfect accuracy and Gravity or Gigantamax Orbeetle are banned\n|rule|Endless Battle Clause: Forcing endless battles is banned\n|rule|HP Percentage Mod: HP is shown in percentages\n|clearpoke\n|poke|p1|Amoonguss, M|\n|poke|p1|Ursaluna-Bloodmoon, M|\n|poke|p1|Cresselia, F|\n|poke|p1|Flutter Mane|\n|poke|p1|Iron Hands|\n|poke|p1|Heatran, F|\n|poke|p2|Arcanine-Hisui, M|\n|poke|p2|Tyranitar, M|\n|poke|p2|Glimmora, F|\n|poke|p2|Garganacl, F|\n|poke|p2|Kleavor, M|\n|poke|p2|Clodsire, M|\n|teampreview\n|inactive|Battle timer is ON: inactive players will automatically lose when time's up. (requested by Myself1312)\n|\n|t:|1699205404\n|start\n|switch|p1a: Bonnie|Cresselia, F, shiny|100\/100\n|switch|p1b: Chonk|Iron Hands|100\/100\n|switch|p2a: Arcanine|Arcanine-Hisui, M|100\/100\n|switch|p2b: Tyranitar|Tyranitar, M|100\/100\n|-ability|p2a: Arcanine|Intimidate|boost\n|-unboost|p1a: Bonnie|atk|1\n|-unboost|p1b: Chonk|atk|1\n|-weather|Sandstorm|[from] ability: Sand Stream|[of] p2b: Tyranitar\n|turn|1\n|inactive|GrodasMBR has 120 seconds left.\n|\n|t:|1699205438\n|switch|p2b: Glimmora|Glimmora, F|100\/100\n|-item|p2b: Glimmora|Air Balloon\n|-terastallize|p2a: Arcanine|Water\n|move|p1b: Chonk|Fake Out|p2b: Glimmora\n|-resisted|p2b: Glimmora\n|-damage|p2b: Glimmora|94\/100\n|-activate|p2b: Glimmora|ability: Toxic Debris\n|-sidestart|p1: Myself1312|move: Toxic Spikes\n|-enditem|p2b: Glimmora|Air Balloon\n|move|p2a: Arcanine|Flare Blitz|p1b: Chonk\n|-damage|p1b: Chonk|65\/100\n|-damage|p2a: Arcanine|82\/100|[from] Recoil\n|move|p1a: Bonnie|Trick Room|p1a: Bonnie\n|-fieldstart|move: Trick Room|[of] p1a: Bonnie\n|\n|-weather|Sandstorm|[upkeep]\n|-damage|p1b: Chonk|59\/100|[from] Sandstorm\n|-damage|p1a: Bonnie|94\/100|[from] Sandstorm\n|-damage|p2a: Arcanine|76\/100|[from] Sandstorm\n|-heal|p1a: Bonnie|100\/100|[from] item: Leftovers\n|upkeep\n|turn|2\n|inactive|GrodasMBR has 120 seconds left.\n|\n|t:|1699205468\n|switch|p2a: Clodsire|Clodsire, M|100\/100\n|move|p1b: Chonk|Wild Charge|p2a: Clodsire\n|-immune|p2a: Clodsire\n|move|p1a: Bonnie|Psychic|p2b: Glimmora\n|-supereffective|p2b: Glimmora\n|-damage|p2b: Glimmora|30\/100\n|move|p2b: Glimmora|Dazzling Gleam|p1a: Bonnie|[spread] p1a,p1b\n|-supereffective|p1b: Chonk\n|-damage|p1a: Bonnie|86\/100\n|-damage|p1b: Chonk|34\/100\n|\n|-weather|Sandstorm|[upkeep]\n|-damage|p1b: Chonk|28\/100|[from] Sandstorm\n|-damage|p1a: Bonnie|80\/100|[from] Sandstorm\n|-heal|p1a: Bonnie|86\/100|[from] item: Leftovers\n|upkeep\n|turn|3\n|\n|t:|1699205487\n|move|p2b: Glimmora|Protect|p2b: Glimmora\n|-singleturn|p2b: Glimmora|Protect\n|move|p2a: Clodsire|Earthquake|p1a: Bonnie|[spread] p1b\n|-activate|p2b: Glimmora|move: Protect\n|-immune|p1a: Bonnie|[from] ability: Levitate\n|-supereffective|p1b: Chonk\n|-damage|p1b: Chonk|0 fnt\n|faint|p1b: Chonk\n|-end|p1b: Chonk|Quark Drive|[silent]\n|move|p1a: Bonnie|Psychic|p2a: Clodsire\n|-supereffective|p2a: Clodsire\n|-damage|p2a: Clodsire|50\/100\n|\n|-weather|Sandstorm|[upkeep]\n|-damage|p1a: Bonnie|80\/100|[from] Sandstorm\n|-heal|p2a: Clodsire|56\/100|[from] item: Black Sludge\n|-heal|p1a: Bonnie|86\/100|[from] item: Leftovers\n|upkeep\n|\n|t:|1699205503\n|switch|p1b: Freddy Fazbear|Ursaluna-Bloodmoon, M|100\/100\n|-status|p1b: Freddy Fazbear|psn\n|turn|4\n|\n|t:|1699205522\n|move|p2a: Clodsire|Recover|p2a: Clodsire\n|-heal|p2a: Clodsire|100\/100\n|move|p1b: Freddy Fazbear|Earth Power|p2a: Clodsire\n|-supereffective|p2a: Clodsire\n|-damage|p2a: Clodsire|25\/100\n|move|p1a: Bonnie|Lunar Blessing|p1a: Bonnie|[spread] p1a,p1b\n|-heal|p1a: Bonnie|100\/100\n|-curestatus|p1b: Freddy Fazbear|psn|[msg]\n|move|p2b: Glimmora|Energy Ball|p1b: Freddy Fazbear\n|-supereffective|p1b: Freddy Fazbear\n|-damage|p1b: Freddy Fazbear|33\/100\n|-unboost|p1b: Freddy Fazbear|spd|1\n|\n|-weather|Sandstorm|[upkeep]\n|-damage|p1a: Bonnie|94\/100|[from] Sandstorm\n|-heal|p2a: Clodsire|32\/100|[from] item: Black Sludge\n|-heal|p1b: Freddy Fazbear|39\/100|[from] item: Leftovers\n|-heal|p1a: Bonnie|100\/100|[from] item: Leftovers\n|upkeep\n|turn|5\n|inactive|GrodasMBR has 120 seconds left.\n|\n|t:|1699205554\n|move|p2b: Glimmora|Protect|p2b: Glimmora\n|-singleturn|p2b: Glimmora|Protect\n|move|p2a: Clodsire|Earthquake|p1b: Freddy Fazbear|[spread] p1b\n|-activate|p2b: Glimmora|move: Protect\n|-immune|p1a: Bonnie|[from] ability: Levitate\n|-damage|p1b: Freddy Fazbear|20\/100\n|move|p1b: Freddy Fazbear|Earth Power|p2b: Glimmora\n|-activate|p2b: Glimmora|move: Protect\n|move|p1a: Bonnie|Psychic|p2a: Clodsire\n|-supereffective|p2a: Clodsire\n|-damage|p2a: Clodsire|0 fnt\n|faint|p2a: Clodsire\n|\n|-weather|Sandstorm|[upkeep]\n|-damage|p1a: Bonnie|94\/100|[from] Sandstorm\n|-heal|p1b: Freddy Fazbear|26\/100|[from] item: Leftovers\n|-heal|p1a: Bonnie|100\/100|[from] item: Leftovers\n|-fieldend|move: Trick Room\n|upkeep\n|inactive|GrodasMBR has 120 seconds left.\n|\n|t:|1699205586\n|switch|p2a: Kleavor|Kleavor, M|100\/100\n|turn|6\n|\n|t:|1699205614\n|-terastallize|p1a: Bonnie|Fairy\n|move|p1b: Freddy Fazbear|Protect|p1b: Freddy Fazbear\n|-singleturn|p1b: Freddy Fazbear|Protect\n|move|p2b: Glimmora|Energy Ball|p1b: Freddy Fazbear\n|-activate|p1b: Freddy Fazbear|move: Protect\n|move|p2a: Kleavor|X-Scissor|p1a: Bonnie\n|-resisted|p1a: Bonnie\n|-damage|p1a: Bonnie|78\/100\n|move|p1a: Bonnie|Trick Room|p1a: Bonnie\n|-fieldstart|move: Trick Room|[of] p1a: Bonnie\n|\n|-weather|Sandstorm|[upkeep]\n|-damage|p1a: Bonnie|71\/100|[from] Sandstorm\n|-heal|p1b: Freddy Fazbear|32\/100|[from] item: Leftovers\n|-heal|p1a: Bonnie|78\/100|[from] item: Leftovers\n|upkeep\n|turn|7\n|inactive|GrodasMBR has 120 seconds left.\n|inactive|GrodasMBR has 90 seconds left.\n|\n|t:|1699205670\n|move|p1b: Freddy Fazbear|Earth Power|p2a: Kleavor\n|-damage|p2a: Kleavor|57\/100\n|move|p1a: Bonnie|Psychic|p2a: Kleavor\n|-damage|p2a: Kleavor|25\/100\n|move|p2a: Kleavor|Night Slash|p1b: Freddy Fazbear\n|-damage|p1b: Freddy Fazbear|8\/100\n|move|p2b: Glimmora|Sludge Wave|p1a: Bonnie|[spread] p2a,p1a,p1b\n|-resisted|p2a: Kleavor\n|-supereffective|p1a: Bonnie\n|-resisted|p1b: Freddy Fazbear\n|-damage|p2a: Kleavor|11\/100\n|-damage|p1a: Bonnie|32\/100\n|-damage|p1b: Freddy Fazbear|0 fnt\n|faint|p1b: Freddy Fazbear\n|\n|-weather|Sandstorm|[upkeep]\n|-damage|p1a: Bonnie|25\/100|[from] Sandstorm\n|-heal|p1a: Bonnie|32\/100|[from] item: Leftovers\n|upkeep\n|\n|t:|1699205684\n|switch|p1b: Imposter?|Amoonguss, M|100\/100\n|-sideend|p1: Myself1312|move: Toxic Spikes|[of] p1b: Imposter?\n|turn|8\n|\n|t:|1699205703\n|move|p2b: Glimmora|Protect|p2b: Glimmora\n|-singleturn|p2b: Glimmora|Protect\n|move|p1b: Imposter?|Rage Powder|p1b: Imposter?\n|-singleturn|p1b: Imposter?|move: Rage Powder\n|move|p1a: Bonnie|Psychic|p2b: Glimmora\n|-activate|p2b: Glimmora|move: Protect\n|move|p2a: Kleavor|X-Scissor|p1b: Imposter?\n|-damage|p1b: Imposter?|48\/100\n|\n|-weather|none\n|-heal|p1b: Imposter?|54\/100|[from] item: Leftovers\n|-heal|p1a: Bonnie|38\/100|[from] item: Leftovers\n|upkeep\n|turn|9\n|inactive|GrodasMBR has 120 seconds left.\n|\n|t:|1699205729\n|move|p1b: Imposter?|Pollen Puff|p2a: Kleavor\n|-damage|p2a: Kleavor|0 fnt\n|faint|p2a: Kleavor\n|move|p1a: Bonnie|Psychic|p2b: Glimmora\n|-supereffective|p2b: Glimmora\n|-damage|p2b: Glimmora|0 fnt\n|faint|p2b: Glimmora\n|\n|-heal|p1b: Imposter?|60\/100|[from] item: Leftovers\n|-heal|p1a: Bonnie|44\/100|[from] item: Leftovers\n|upkeep\n|\n|t:|1699205748\n|switch|p2a: Garganacl|Garganacl, F|100\/100\n|switch|p2b: Tyranitar|Tyranitar, M|100\/100\n|-weather|Sandstorm|[from] ability: Sand Stream|[of] p2b: Tyranitar\n|turn|10\n|inactive|GrodasMBR has 120 seconds left.\n|\n|t:|1699205765\n|move|p2b: Tyranitar|Protect|p2b: Tyranitar\n|-singleturn|p2b: Tyranitar|Protect\n|move|p1b: Imposter?|Spore|p2b: Tyranitar\n|-activate|p2b: Tyranitar|move: Protect\n|move|p2a: Garganacl|Salt Cure|p1a: Bonnie\n|-damage|p1a: Bonnie|33\/100\n|-start|p1a: Bonnie|Salt Cure\n|move|p1a: Bonnie|Psychic|p2a: Garganacl\n|-damage|p2a: Garganacl|79\/100\n|\n|-weather|Sandstorm|[upkeep]\n|-damage|p1b: Imposter?|54\/100|[from] Sandstorm\n|-damage|p1a: Bonnie|27\/100|[from] Sandstorm\n|-heal|p1b: Imposter?|60\/100|[from] item: Leftovers\n|-heal|p2a: Garganacl|86\/100|[from] item: Leftovers\n|-heal|p1a: Bonnie|33\/100|[from] item: Leftovers\n|-damage|p1a: Bonnie|21\/100|[from] Salt Cure\n|-fieldend|move: Trick Room\n|upkeep\n|turn|11\n|inactive|GrodasMBR has 120 seconds left.\n|\n|t:|1699205795\n|move|p2b: Tyranitar|Dark Pulse|p1b: Imposter?\n|-damage|p1b: Imposter?|30\/100\n|move|p2a: Garganacl|Salt Cure|p1b: Imposter?\n|-damage|p1b: Imposter?|17\/100\n|-start|p1b: Imposter?|Salt Cure\n|cant|p1b: Imposter?|flinch\n|move|p1a: Bonnie|Trick Room|p1a: Bonnie\n|-fieldstart|move: Trick Room|[of] p1a: Bonnie\n|\n|-weather|Sandstorm|[upkeep]\n|-damage|p1b: Imposter?|11\/100|[from] Sandstorm\n|-damage|p1a: Bonnie|15\/100|[from] Sandstorm\n|-heal|p1b: Imposter?|17\/100|[from] item: Leftovers\n|-heal|p2a: Garganacl|92\/100|[from] item: Leftovers\n|-heal|p1a: Bonnie|21\/100|[from] item: Leftovers\n|-damage|p1b: Imposter?|5\/100|[from] Salt Cure\n|-damage|p1a: Bonnie|9\/100|[from] Salt Cure\n|upkeep\n|turn|12\n|inactive|GrodasMBR has 120 seconds left.\n|\n|t:|1699205824\n|move|p2a: Garganacl|Protect|p2a: Garganacl\n|-singleturn|p2a: Garganacl|Protect\n|move|p2b: Tyranitar|Protect|p2b: Tyranitar\n|-singleturn|p2b: Tyranitar|Protect\n|move|p1b: Imposter?|Rage Powder|p1b: Imposter?\n|-singleturn|p1b: Imposter?|move: Rage Powder\n|move|p1a: Bonnie|Dazzling Gleam|p2b: Tyranitar|[spread] \n|-activate|p2a: Garganacl|move: Protect\n|-activate|p2b: Tyranitar|move: Protect\n|\n|-weather|Sandstorm|[upkeep]\n|-damage|p1b: Imposter?|0 fnt|[from] Sandstorm\n|-damage|p1a: Bonnie|3\/100|[from] Sandstorm\n|faint|p1b: Imposter?\n|-heal|p2a: Garganacl|98\/100|[from] item: Leftovers\n|-heal|p1a: Bonnie|9\/100|[from] item: Leftovers\n|-damage|p1a: Bonnie|0 fnt|[from] Salt Cure\n|faint|p1a: Bonnie\n|upkeep\n|\n|t:|1699205830\n|switch|p1b: BEANS!|Heatran, F, shiny|100\/100\n|switch|p1a: Pterodactyl|Flutter Mane|100\/100\n|turn|13\n|inactive|GrodasMBR has 120 seconds left.\n|\n|t:|1699205860\n|move|p2a: Garganacl|Salt Cure|p1b: BEANS!\n|-damage|p1b: BEANS!|88\/100\n|-start|p1b: BEANS!|Salt Cure\n|move|p2b: Tyranitar|Ice Beam|p1a: Pterodactyl\n|-damage|p1a: Pterodactyl|79\/100\n|move|p1b: BEANS!|Earth Power|p2a: Garganacl\n|-supereffective|p2a: Garganacl\n|-crit|p2a: Garganacl\n|-damage|p2a: Garganacl|32\/100\n|move|p1a: Pterodactyl|Moonblast|p2b: Tyranitar\n|-supereffective|p2b: Tyranitar\n|-damage|p2b: Tyranitar|47\/100\n|\n|-weather|Sandstorm|[upkeep]\n|-damage|p1a: Pterodactyl|73\/100|[from] Sandstorm\n|-heal|p2a: Garganacl|38\/100|[from] item: Leftovers\n|-heal|p1b: BEANS!|94\/100|[from] item: Leftovers\n|-damage|p1b: BEANS!|69\/100|[from] Salt Cure\n|upkeep\n|turn|14\n|inactive|GrodasMBR has 120 seconds left.\n|\n|t:|1699205904\n|move|p2a: Garganacl|Recover|p2a: Garganacl\n|-heal|p2a: Garganacl|88\/100\n|move|p2b: Tyranitar|Ice Beam|p1a: Pterodactyl\n|-damage|p1a: Pterodactyl|48\/100\n|move|p1b: BEANS!|Earth Power|p2a: Garganacl\n|-supereffective|p2a: Garganacl\n|-damage|p2a: Garganacl|45\/100\n|move|p1a: Pterodactyl|Moonblast|p2b: Tyranitar\n|-supereffective|p2b: Tyranitar\n|-damage|p2b: Tyranitar|0 fnt\n|faint|p2b: Tyranitar\n|\n|-weather|Sandstorm|[upkeep]\n|-damage|p1a: Pterodactyl|42\/100|[from] Sandstorm\n|-heal|p2a: Garganacl|51\/100|[from] item: Leftovers\n|-heal|p1b: BEANS!|76\/100|[from] item: Leftovers\n|-damage|p1b: BEANS!|51\/100|[from] Salt Cure\n|upkeep\n|inactive|GrodasMBR has 90 seconds left.\n|\n|t:|1699205933\n|switch|p2b: Arcanine|Arcanine-Hisui, M, tera:Water|76\/100\n|-ability|p2b: Arcanine|Intimidate|boost\n|-unboost|p1a: Pterodactyl|atk|1\n|-unboost|p1b: BEANS!|atk|1\n|turn|15\n|\n|t:|1699205952\n|move|p2a: Garganacl|Recover|p2a: Garganacl\n|-heal|p2a: Garganacl|100\/100\n|move|p1b: BEANS!|Earth Power|p2b: Arcanine\n|-damage|p2b: Arcanine|33\/100\n|move|p1a: Pterodactyl|Moonblast|p2b: Arcanine\n|-damage|p2b: Arcanine|0 fnt\n|faint|p2b: Arcanine\n|\n|-weather|Sandstorm|[upkeep]\n|-damage|p1a: Pterodactyl|36\/100|[from] Sandstorm\n|-heal|p1b: BEANS!|57\/100|[from] item: Leftovers\n|-damage|p1b: BEANS!|32\/100|[from] Salt Cure\n|-fieldend|move: Trick Room\n|upkeep\n|turn|16\n|\n|t:|1699205969\n|move|p1a: Pterodactyl|Moonblast|p2a: Garganacl\n|-damage|p2a: Garganacl|70\/100\n|-unboost|p2a: Garganacl|spa|1\n|move|p1b: BEANS!|Earth Power|p2a: Garganacl\n|-supereffective|p2a: Garganacl\n|-damage|p2a: Garganacl|25\/100\n|move|p2a: Garganacl|Salt Cure|p1a: Pterodactyl\n|-crit|p1a: Pterodactyl\n|-damage|p1a: Pterodactyl|0 fnt\n|faint|p1a: Pterodactyl\n|-end|p1a: Pterodactyl|Protosynthesis|[silent]\n|\n|-weather|Sandstorm|[upkeep]\n|-heal|p1b: BEANS!|38\/100|[from] item: Leftovers\n|-heal|p2a: Garganacl|31\/100|[from] item: Leftovers\n|-damage|p1b: BEANS!|13\/100|[from] Salt Cure\n|upkeep\n|turn|17\n|inactive|GrodasMBR has 120 seconds left.\n|\n|t:|1699205989\n|move|p2a: Garganacl|Protect|p2a: Garganacl\n|-singleturn|p2a: Garganacl|Protect\n|move|p1b: BEANS!|Earth Power|p2a: Garganacl\n|-activate|p2a: Garganacl|move: Protect\n|\n|-weather|none\n|-heal|p1b: BEANS!|20\/100|[from] item: Leftovers\n|-heal|p2a: Garganacl|38\/100|[from] item: Leftovers\n|-damage|p1b: BEANS!|0 fnt|[from] Salt Cure\n|faint|p1b: BEANS!\n|\n|win|GrodasMBR\n|upkeep\n|raw|Myself1312's rating: 1211 &rarr; <strong>1182<\/strong><br \/>(-29 for losing)\n|raw|GrodasMBR's rating: 1158 &rarr; <strong>1187<\/strong><br \/>(+29 for winning)\n|l|\u2606Myself1312\n","uploadtime":1699206007,"views":7,"p1id":"myself1312","p2id":"grodasmbr","formatid":"gen9doublesou","rating":1182,"private":0,"password":""}