{"id":"gen9doublesou-1981488477","p1":"UY QUE RICO PAPI","p2":"SnowMan2K","format":"[Gen 9] Doubles OU","log":"|j|\u2606UY QUE RICO PAPI\n|j|\u2606SnowMan2K\n|t:|1698905162\n|gametype|doubles\n|player|p1|UY QUE RICO PAPI|2|1352\n|player|p2|SnowMan2K|266|1381\n|teamsize|p1|6\n|teamsize|p2|6\n|gen|9\n|tier|[Gen 9] Doubles OU\n|rated|\n|rule|Species Clause: Limit one of each Pok\u00e9mon\n|rule|OHKO Clause: OHKO moves are banned\n|rule|Evasion Moves Clause: Evasion moves are banned\n|rule|Gravity Sleep Clause: The combination of sleep-inducing moves with imperfect accuracy and Gravity or Gigantamax Orbeetle are banned\n|rule|Endless Battle Clause: Forcing endless battles is banned\n|rule|HP Percentage Mod: HP is shown in percentages\n|clearpoke\n|poke|p1|Trevenant, M|\n|poke|p1|Grimmsnarl, M|\n|poke|p1|Garganacl, F|\n|poke|p1|Ting-Lu|\n|poke|p1|Cresselia, F|\n|poke|p1|Glimmora, M|\n|poke|p2|Flutter Mane|\n|poke|p2|Landorus-Therian, M|\n|poke|p2|Chien-Pao|\n|poke|p2|Iron Hands|\n|poke|p2|Amoonguss, M|\n|poke|p2|Chi-Yu|\n|teampreview\n|j| Lacunara\n|inactive|Battle timer is ON: inactive players will automatically lose when time's up. (requested by UY QUE RICO PAPI)\n|\n|t:|1698905189\n|start\n|switch|p1a: Grimmsnarl|Grimmsnarl, M|100\/100\n|switch|p1b: Ting-Lu|Ting-Lu|100\/100\n|switch|p2a: Flutter Mane|Flutter Mane, shiny|100\/100\n|switch|p2b: Landorus|Landorus-Therian, M|100\/100\n|-ability|p2b: Landorus|Intimidate|boost\n|-unboost|p1a: Grimmsnarl|atk|1\n|-unboost|p1b: Ting-Lu|atk|1\n|-ability|p1b: Ting-Lu|Vessel of Ruin\n|-enditem|p2a: Flutter Mane|Booster Energy\n|-activate|p2a: Flutter Mane|ability: Protosynthesis|[fromitem]\n|-start|p2a: Flutter Mane|protosynthesisspe\n|turn|1\n|inactive|UY QUE RICO PAPI has 120 seconds left.\n|\n|t:|1698905241\n|-terastallize|p2a: Flutter Mane|Fairy\n|move|p1a: Grimmsnarl|Light Screen|p1a: Grimmsnarl\n|-sidestart|p1: UY QUE RICO PAPI|move: Light Screen\n|move|p2a: Flutter Mane|Dazzling Gleam|p1a: Grimmsnarl|[spread] p1a,p1b\n|-supereffective|p1a: Grimmsnarl\n|-supereffective|p1b: Ting-Lu\n|-damage|p1a: Grimmsnarl|49\/100\n|-damage|p1b: Ting-Lu|66\/100\n|move|p2b: Landorus|U-turn|p1b: Ting-Lu\n|-supereffective|p1b: Ting-Lu\n|-damage|p1b: Ting-Lu|43\/100\n|inactive|SnowMan2K has 120 seconds left.\n|\n|t:|1698905252\n|switch|p2b: Chien-Pao|Chien-Pao|100\/100|[from] U-turn\n|-ability|p2b: Chien-Pao|Sword of Ruin\n|move|p1b: Ting-Lu|Spikes|p2a: Flutter Mane\n|-sidestart|p2: SnowMan2K|Spikes\n|\n|-heal|p1b: Ting-Lu|50\/100|[from] item: Leftovers\n|upkeep\n|turn|2\n|inactive|UY QUE RICO PAPI has 120 seconds left.\n|\n|t:|1698905270\n|move|p1b: Ting-Lu|Protect|p1b: Ting-Lu\n|-singleturn|p1b: Ting-Lu|Protect\n|move|p1a: Grimmsnarl|Reflect|p1a: Grimmsnarl\n|-sidestart|p1: UY QUE RICO PAPI|Reflect\n|move|p2a: Flutter Mane|Dazzling Gleam|p1b: Ting-Lu|[spread] p1a\n|-activate|p1b: Ting-Lu|move: Protect\n|-supereffective|p1a: Grimmsnarl\n|-crit|p1a: Grimmsnarl\n|-damage|p1a: Grimmsnarl|0 fnt\n|faint|p1a: Grimmsnarl\n|move|p2b: Chien-Pao|Icicle Crash|p1b: Ting-Lu\n|-activate|p1b: Ting-Lu|move: Protect\n|\n|-heal|p1b: Ting-Lu|56\/100|[from] item: Leftovers\n|upkeep\n|\n|t:|1698905294\n|switch|p1a: Glimmora|Glimmora, M|100\/100\n|turn|3\n|inactive|UY QUE RICO PAPI has 120 seconds left.\n|\n|t:|1698905324\n|switch|p1b: Cresselia|Cresselia, F|100\/100\n|move|p2b: Chien-Pao|Protect|p2b: Chien-Pao\n|-singleturn|p2b: Chien-Pao|Protect\n|move|p2a: Flutter Mane|Dazzling Gleam|p1b: Cresselia|[spread] p1a,p1b\n|-resisted|p1a: Glimmora\n|-damage|p1a: Glimmora|85\/100\n|-damage|p1b: Cresselia|83\/100\n|move|p1a: Glimmora|Stealth Rock|p2a: Flutter Mane\n|-sidestart|p2: SnowMan2K|move: Stealth Rock\n|\n|-heal|p1a: Glimmora|91\/100|[from] item: Leftovers\n|upkeep\n|turn|4\n|inactive|UY QUE RICO PAPI has 120 seconds left.\n|inactive|SnowMan2K has 120 seconds left.\n|\n|t:|1698905362\n|move|p2b: Chien-Pao|Sucker Punch||[still]\n|-fail|p2b: Chien-Pao\n|move|p2a: Flutter Mane|Shadow Ball|p1b: Cresselia\n|-supereffective|p1b: Cresselia\n|-damage|p1b: Cresselia|46\/100\n|move|p1a: Glimmora|Mortal Spin|p2b: Chien-Pao|[spread] p2a,p2b\n|-supereffective|p2a: Flutter Mane\n|-damage|p2a: Flutter Mane|74\/100\n|-damage|p2b: Chien-Pao|95\/100\n|-status|p2a: Flutter Mane|psn\n|-status|p2b: Chien-Pao|psn\n|move|p1b: Cresselia|Lunar Blessing|p1b: Cresselia|[spread] p1a,p1b\n|-heal|p1a: Glimmora|100\/100\n|-heal|p1b: Cresselia|71\/100\n|\n|-damage|p2a: Flutter Mane|62\/100 psn|[from] psn\n|-damage|p2b: Chien-Pao|82\/100 psn|[from] psn\n|upkeep\n|turn|5\n|inactive|UY QUE RICO PAPI has 120 seconds left.\n|inactive|SnowMan2K has 120 seconds left.\n|\n|t:|1698905391\n|switch|p1b: Garganacl|Garganacl, F|100\/100\n|move|p2b: Chien-Pao|Sucker Punch|p1a: Glimmora\n|-damage|p1a: Glimmora|77\/100\n|-activate|p1a: Glimmora|ability: Toxic Debris\n|-sidestart|p2: SnowMan2K|move: Toxic Spikes\n|move|p2a: Flutter Mane|Shadow Ball|p1b: Garganacl\n|-damage|p1b: Garganacl|88\/100\n|move|p1a: Glimmora|Mortal Spin|p2b: Chien-Pao|[spread] p2a,p2b\n|-supereffective|p2a: Flutter Mane\n|-damage|p2a: Flutter Mane|36\/100 psn\n|-damage|p2b: Chien-Pao|76\/100 psn\n|\n|-heal|p1a: Glimmora|83\/100|[from] item: Leftovers\n|-heal|p1b: Garganacl|94\/100|[from] item: Leftovers\n|-damage|p2a: Flutter Mane|23\/100 psn|[from] psn\n|-damage|p2b: Chien-Pao|64\/100 psn|[from] psn\n|upkeep\n|turn|6\n|inactive|UY QUE RICO PAPI has 120 seconds left.\n|inactive|SnowMan2K has 120 seconds left.\n|\n|t:|1698905431\n|move|p2a: Flutter Mane|Dazzling Gleam|p1b: Garganacl|[spread] p1a,p1b\n|-resisted|p1a: Glimmora\n|-damage|p1a: Glimmora|67\/100\n|-damage|p1b: Garganacl|68\/100\n|move|p2b: Chien-Pao|Sacred Sword|p1b: Garganacl\n|-supereffective|p1b: Garganacl\n|-damage|p1b: Garganacl|38\/100\n|move|p1a: Glimmora|Mortal Spin|p2b: Chien-Pao|[spread] p2a,p2b\n|-supereffective|p2a: Flutter Mane\n|-damage|p2a: Flutter Mane|0 fnt\n|-damage|p2b: Chien-Pao|58\/100 psn\n|faint|p2a: Flutter Mane\n|-end|p2a: Flutter Mane|Protosynthesis|[silent]\n|move|p1b: Garganacl|Salt Cure|p2b: Chien-Pao\n|-supereffective|p2b: Chien-Pao\n|-damage|p2b: Chien-Pao|20\/100 psn\n|-start|p2b: Chien-Pao|Salt Cure\n|\n|-heal|p1a: Glimmora|73\/100|[from] item: Leftovers\n|-heal|p1b: Garganacl|44\/100|[from] item: Leftovers\n|-damage|p2b: Chien-Pao|8\/100 psn|[from] psn\n|-damage|p2b: Chien-Pao|0 fnt|[from] Salt Cure\n|faint|p2b: Chien-Pao\n|upkeep\n|inactive|SnowMan2K has 90 seconds left.\n|\n|t:|1698905467\n|switch|p2a: Landorus|Landorus-Therian, M|100\/100\n|switch|p2b: Amoonguss|Amoonguss, M, shiny|100\/100\n|-damage|p2a: Landorus|88\/100|[from] Stealth Rock\n|-ability|p2a: Landorus|Intimidate|boost\n|-unboost|p1a: Glimmora|atk|1\n|-unboost|p1b: Garganacl|atk|1\n|-damage|p2b: Amoonguss|88\/100|[from] Spikes\n|-damage|p2b: Amoonguss|76\/100|[from] Stealth Rock\n|-sideend|p2: SnowMan2K|move: Toxic Spikes|[of] p2b: Amoonguss\n|turn|7\n|inactive|SnowMan2K has 90 seconds left.\n|\n|t:|1698905489\n|switch|p1a: Trevenant|Trevenant, M|100\/100\n|-terastallize|p1b: Garganacl|Ghost\n|move|p2a: Landorus|Stomping Tantrum|p1a: Trevenant\n|-resisted|p1a: Trevenant\n|-damage|p1a: Trevenant|89\/100\n|move|p1b: Garganacl|Recover|p1b: Garganacl\n|-heal|p1b: Garganacl|94\/100\n|move|p2b: Amoonguss|Spore|p1b: Garganacl\n|-immune|p1b: Garganacl|[from] ability: Purifying Salt\n|\n|-heal|p1b: Garganacl|100\/100|[from] item: Leftovers\n|upkeep\n|turn|8\n|-message|SnowMan2K forfeited.\n|\n|win|UY QUE RICO PAPI\n|raw|UY QUE RICO PAPI's rating: 1352 &rarr; <strong>1374<\/strong><br \/>(+22 for winning)\n|raw|SnowMan2K's rating: 1381 &rarr; <strong>1359<\/strong><br \/>(-22 for losing)\n|l|\u2606SnowMan2K\n","uploadtime":1698905513,"views":17,"p1id":"uyquericopapi","p2id":"snowman2k","formatid":"gen9doublesou","rating":1359,"private":0,"password":""}