{"id":"gen9doublesou-1981291334","p1":"DICK GRASON","p2":"deadlydirt","format":"[Gen 9] Doubles OU","log":"|j|\u2606DICK GRASON\n|j|\u2606deadlydirt\n|t:|1698880366\n|gametype|doubles\n|player|p1|DICK GRASON|juan|1083\n|player|p2|deadlydirt|harlequin|1043\n|teamsize|p1|6\n|teamsize|p2|6\n|gen|9\n|tier|[Gen 9] Doubles OU\n|rated|\n|rule|Species Clause: Limit one of each Pok\u00e9mon\n|rule|OHKO Clause: OHKO moves are banned\n|rule|Evasion Moves Clause: Evasion moves are banned\n|rule|Gravity Sleep Clause: The combination of sleep-inducing moves with imperfect accuracy and Gravity or Gigantamax Orbeetle are banned\n|rule|Endless Battle Clause: Forcing endless battles is banned\n|rule|HP Percentage Mod: HP is shown in percentages\n|clearpoke\n|poke|p1|Kommo-o, M|\n|poke|p1|Oricorio-Pom-Pom, F|\n|poke|p1|Iron Hands|\n|poke|p1|Clefable, F|\n|poke|p1|Armarouge, M|\n|poke|p1|Gliscor, M|\n|poke|p2|Mienshao, M|\n|poke|p2|Amoonguss, F|\n|poke|p2|Goodra, F|\n|poke|p2|Dragonite, M|\n|poke|p2|Decidueye-Hisui, M|\n|poke|p2|Ludicolo, M|\n|teampreview\n|inactive|Battle timer is ON: inactive players will automatically lose when time's up. (requested by deadlydirt)\n|inactive|deadlydirt has 120 seconds left.\n|\n|t:|1698880401\n|start\n|switch|p1a: Clefable|Clefable, F|100\/100\n|switch|p1b: Gliscor|Gliscor, M|100\/100\n|switch|p2a: Amoonguss|Amoonguss, F|100\/100\n|switch|p2b: Ludicolo|Ludicolo, M, shiny|100\/100\n|turn|1\n|\n|t:|1698880418\n|move|p1b: Gliscor|Agility|p1b: Gliscor\n|-boost|p1b: Gliscor|spe|2\n|move|p2b: Ludicolo|Leech Seed|p1b: Gliscor\n|-start|p1b: Gliscor|move: Leech Seed\n|move|p1a: Clefable|Thunder Wave|p2b: Ludicolo\n|-status|p2b: Ludicolo|par\n|move|p2a: Amoonguss|Spore|p1b: Gliscor\n|-status|p1b: Gliscor|slp|[from] move: Spore\n|\n|-damage|p1b: Gliscor|88\/100 slp|[from] Leech Seed|[of] p2b: Ludicolo\n|upkeep\n|turn|2\n|\n|t:|1698880445\n|move|p1a: Clefable|Follow Me|p1a: Clefable\n|-singleturn|p1a: Clefable|move: Follow Me\n|cant|p1b: Gliscor|slp\n|move|p2a: Amoonguss|Spore|p1a: Clefable\n|-status|p1a: Clefable|slp|[from] move: Spore\n|move|p2b: Ludicolo|Leech Seed|p1a: Clefable\n|-start|p1a: Clefable|move: Leech Seed\n|\n|-damage|p1b: Gliscor|76\/100 slp|[from] Leech Seed|[of] p2b: Ludicolo\n|-damage|p1a: Clefable|88\/100 slp|[from] Leech Seed|[of] p2b: Ludicolo\n|upkeep\n|turn|3\n|\n|t:|1698880463\n|cant|p1b: Gliscor|slp\n|cant|p1a: Clefable|slp\n|move|p2a: Amoonguss|Clear Smog|p1b: Gliscor\n|-resisted|p1b: Gliscor\n|-damage|p1b: Gliscor|64\/100 slp\n|-clearboost|p1b: Gliscor\n|move|p2b: Ludicolo|Rain Dance|p2b: Ludicolo\n|-weather|RainDance\n|\n|-weather|RainDance|[upkeep]\n|-damage|p1b: Gliscor|52\/100 slp|[from] Leech Seed|[of] p2b: Ludicolo\n|-damage|p1a: Clefable|76\/100 slp|[from] Leech Seed|[of] p2b: Ludicolo\n|upkeep\n|turn|4\n|\n|t:|1698880485\n|-curestatus|p1b: Gliscor|slp|[msg]\n|move|p1b: Gliscor|Agility|p1b: Gliscor\n|-boost|p1b: Gliscor|spe|2\n|cant|p1a: Clefable|slp\n|move|p2a: Amoonguss|Spore|p1b: Gliscor\n|-status|p1b: Gliscor|slp|[from] move: Spore\n|cant|p2b: Ludicolo|par\n|\n|-weather|RainDance|[upkeep]\n|-damage|p1b: Gliscor|40\/100 slp|[from] Leech Seed|[of] p2b: Ludicolo\n|-damage|p1a: Clefable|63\/100 slp|[from] Leech Seed|[of] p2b: Ludicolo\n|upkeep\n|turn|5\n|\n|t:|1698880508\n|cant|p1a: Clefable|slp\n|cant|p1b: Gliscor|slp\n|move|p2a: Amoonguss|Clear Smog|p1b: Gliscor\n|-resisted|p1b: Gliscor\n|-damage|p1b: Gliscor|28\/100 slp\n|-clearboost|p1b: Gliscor\n|move|p2b: Ludicolo|Substitute|p2b: Ludicolo\n|-start|p2b: Ludicolo|Substitute\n|-damage|p2b: Ludicolo|76\/100 par\n|\n|-weather|RainDance|[upkeep]\n|-heal|p2b: Ludicolo|82\/100 par|[from] ability: Rain Dish\n|-heal|p2b: Ludicolo|88\/100 par|[from] item: Leftovers\n|-damage|p1b: Gliscor|15\/100 slp|[from] Leech Seed|[of] p2b: Ludicolo\n|-heal|p2b: Ludicolo|98\/100 par|[silent]\n|-damage|p1a: Clefable|51\/100 slp|[from] Leech Seed|[of] p2b: Ludicolo\n|-heal|p2b: Ludicolo|100\/100 par|[silent]\n|upkeep\n|turn|6\n|inactive|deadlydirt has 120 seconds left.\n|\n|t:|1698880548\n|cant|p1b: Gliscor|slp\n|-curestatus|p1a: Clefable|slp|[msg]\n|move|p1a: Clefable|Water Pulse|p2b: Ludicolo\n|-resisted|p2b: Ludicolo\n|-activate|p2b: Ludicolo|move: Substitute|[damage]\n|move|p2a: Amoonguss|Spore|p1b: Gliscor\n|-fail|p1b: Gliscor|slp\n|move|p2b: Ludicolo|Leech Seed||[still]\n|-fail|p2b: Ludicolo\n|\n|-weather|RainDance|[upkeep]\n|-damage|p1b: Gliscor|3\/100 slp|[from] Leech Seed|[of] p2b: Ludicolo\n|-damage|p1a: Clefable|38\/100|[from] Leech Seed|[of] p2b: Ludicolo\n|upkeep\n|turn|7\n|inactive|deadlydirt has 120 seconds left.\n|inactive|DICK GRASON has 120 seconds left.\n|\n|t:|1698880584\n|move|p2b: Ludicolo|Protect|p2b: Ludicolo\n|-singleturn|p2b: Ludicolo|Protect\n|-curestatus|p1b: Gliscor|slp|[msg]\n|move|p1b: Gliscor|U-turn|p2a: Amoonguss\n|-damage|p2a: Amoonguss|82\/100\n|\n|t:|1698880594\n|switch|p1b: Armarouge|Armarouge, M|100\/100|[from] U-turn\n|move|p1a: Clefable|Water Pulse|p2a: Amoonguss\n|-resisted|p2a: Amoonguss\n|-damage|p2a: Amoonguss|73\/100\n|move|p2a: Amoonguss|Clear Smog|p1b: Armarouge\n|-damage|p1b: Armarouge|84\/100\n|-clearboost|p1b: Armarouge\n|\n|-weather|none\n|-heal|p2a: Amoonguss|79\/100|[from] item: Black Sludge\n|-damage|p1a: Clefable|26\/100|[from] Leech Seed|[of] p2b: Ludicolo\n|upkeep\n|turn|8\n|inactive|DICK GRASON has 120 seconds left.\n|\n|t:|1698880615\n|move|p1b: Armarouge|Flamethrower|p2a: Amoonguss\n|-supereffective|p2a: Amoonguss\n|-damage|p2a: Amoonguss|0 fnt\n|faint|p2a: Amoonguss\n|move|p1a: Clefable|Healing Wish|p1a: Clefable\n|faint|p1a: Clefable\n|move|p2b: Ludicolo|Rain Dance|p2b: Ludicolo\n|-weather|RainDance\n|\n|-weather|RainDance|[upkeep]\n|upkeep\n|\n|t:|1698880636\n|switch|p1a: Gliscor|Gliscor, M|3\/100\n|switch|p2a: Dragonite|Dragonite, M, shiny|100\/100\n|-heal|p1a: Gliscor|100\/100|[from] move: Healing Wish\n|turn|9\n|\n|t:|1698880652\n|move|p1a: Gliscor|Agility|p1a: Gliscor\n|-boost|p1a: Gliscor|spe|2\n|move|p1b: Armarouge|Psychic|p2b: Ludicolo\n|-end|p2b: Ludicolo|Substitute\n|move|p2a: Dragonite|Waterfall|p1b: Armarouge\n|-supereffective|p1b: Armarouge\n|-damage|p1b: Armarouge|3\/100\n|-ability|p1b: Armarouge|Weak Armor|boost\n|-unboost|p1b: Armarouge|def|1\n|-boost|p1b: Armarouge|spe|2\n|move|p2b: Ludicolo|Leech Seed|p1a: Gliscor\n|-start|p1a: Gliscor|move: Leech Seed\n|\n|-weather|RainDance|[upkeep]\n|-damage|p1a: Gliscor|88\/100|[from] Leech Seed|[of] p2b: Ludicolo\n|-status|p1a: Gliscor|tox|[from] item: Toxic Orb\n|upkeep\n|turn|10\n|\n|t:|1698880676\n|move|p2b: Ludicolo|Protect|p2b: Ludicolo\n|-singleturn|p2b: Ludicolo|Protect\n|move|p2a: Dragonite|Extreme Speed|p1b: Armarouge\n|-damage|p1b: Armarouge|0 fnt\n|faint|p1b: Armarouge\n|move|p1a: Gliscor|Baton Pass|p1a: Gliscor\n|\n|t:|1698880687\n|switch|p1a: Iron Hands|Iron Hands|100\/100|[from] Baton Pass\n|\n|-weather|RainDance|[upkeep]\n|-damage|p1a: Iron Hands|88\/100|[from] Leech Seed|[of] p2b: Ludicolo\n|upkeep\n|\n|t:|1698880695\n|switch|p1b: Kommo-o|Kommo-o, M, shiny|100\/100\n|turn|11\n|\n|t:|1698880709\n|-terastallize|p1b: Kommo-o|Ice\n|move|p1a: Iron Hands|Fake Out|p2b: Ludicolo\n|-damage|p2b: Ludicolo|83\/100 par\n|move|p1b: Kommo-o|Boomburst|p2b: Ludicolo|[spread] p1a,p2a,p2b\n|-damage|p1a: Iron Hands|64\/100\n|-damage|p2a: Dragonite|91\/100\n|-damage|p2b: Ludicolo|64\/100 par\n|move|p2a: Dragonite|Outrage|p1a: Iron Hands\n|-damage|p1a: Iron Hands|20\/100\n|-enditem|p1a: Iron Hands|Aguav Berry|[eat]\n|-heal|p1a: Iron Hands|53\/100|[from] item: Aguav Berry\n|cant|p2b: Ludicolo|flinch\n|\n|-weather|RainDance|[upkeep]\n|-heal|p2b: Ludicolo|70\/100 par|[from] ability: Rain Dish\n|-heal|p2b: Ludicolo|76\/100 par|[from] item: Leftovers\n|-damage|p1a: Iron Hands|40\/100|[from] Leech Seed|[of] p2b: Ludicolo\n|-heal|p2b: Ludicolo|94\/100 par|[silent]\n|upkeep\n|turn|12\n|\n|t:|1698880737\n|move|p1b: Kommo-o|Drain Punch|p2b: Ludicolo\n|-damage|p2b: Ludicolo|61\/100 par\n|move|p1a: Iron Hands|Drain Punch|p2b: Ludicolo\n|-damage|p2b: Ludicolo|15\/100 par\n|-heal|p1a: Iron Hands|57\/100|[from] drain|[of] p2b: Ludicolo\n|move|p2a: Dragonite|Outrage|p1a: Iron Hands|[from]lockedmove\n|-damage|p1a: Iron Hands|15\/100\n|cant|p2b: Ludicolo|par\n|\n|-weather|none\n|-heal|p2b: Ludicolo|21\/100 par|[from] item: Leftovers\n|-damage|p1a: Iron Hands|3\/100|[from] Leech Seed|[of] p2b: Ludicolo\n|-heal|p2b: Ludicolo|39\/100 par|[silent]\n|upkeep\n|turn|13\n|\n|t:|1698880762\n|move|p2b: Ludicolo|Protect|p2b: Ludicolo\n|-singleturn|p2b: Ludicolo|Protect\n|move|p1b: Kommo-o|Drain Punch|p2b: Ludicolo\n|-activate|p2b: Ludicolo|move: Protect\n|move|p1a: Iron Hands|Drain Punch|p2b: Ludicolo\n|-activate|p2b: Ludicolo|move: Protect\n|move|p2a: Dragonite|Outrage|p1a: Iron Hands|[from]lockedmove\n|-damage|p1a: Iron Hands|0 fnt\n|faint|p1a: Iron Hands\n|-end|p1a: Iron Hands|Quark Drive|[silent]\n|-start|p2a: Dragonite|confusion|[fatigue]\n|\n|-heal|p2b: Ludicolo|45\/100 par|[from] item: Leftovers\n|upkeep\n|inactive|DICK GRASON has 120 seconds left.\n|\n|t:|1698880779\n|switch|p1a: Oricorio|Oricorio-Pom-Pom, F, shiny|100\/100\n|turn|14\n|\n|t:|1698880787\n|move|p1a: Oricorio|Trailblaze|p2b: Ludicolo\n|-damage|p2b: Ludicolo|33\/100 par\n|-boost|p1a: Oricorio|spe|1\n|move|p1b: Kommo-o|Clangorous Soul|p1b: Kommo-o\n|-boost|p1b: Kommo-o|atk|1\n|-boost|p1b: Kommo-o|def|1\n|-boost|p1b: Kommo-o|spa|1\n|-boost|p1b: Kommo-o|spd|1\n|-boost|p1b: Kommo-o|spe|1\n|-damage|p1b: Kommo-o|68\/100\n|-activate|p1a: Oricorio|ability: Dancer\n|move|p1a: Oricorio|Clangorous Soul|p1a: Oricorio|[from]ability: Dancer\n|-boost|p1a: Oricorio|atk|1\n|-boost|p1a: Oricorio|def|1\n|-boost|p1a: Oricorio|spa|1\n|-boost|p1a: Oricorio|spd|1\n|-boost|p1a: Oricorio|spe|1\n|-damage|p1a: Oricorio|68\/100\n|-activate|p2a: Dragonite|confusion\n|move|p2a: Dragonite|Outrage|p1a: Oricorio\n|-damage|p1a: Oricorio|0 fnt\n|faint|p1a: Oricorio\n|move|p2b: Ludicolo|Leech Seed|p1b: Kommo-o\n|-start|p1b: Kommo-o|move: Leech Seed\n|\n|-heal|p1b: Kommo-o|74\/100|[from] item: Leftovers\n|-heal|p2b: Ludicolo|39\/100 par|[from] item: Leftovers\n|-damage|p1b: Kommo-o|61\/100|[from] Leech Seed|[of] p2b: Ludicolo\n|-heal|p2b: Ludicolo|49\/100 par|[silent]\n|upkeep\n|inactive|DICK GRASON has 120 seconds left.\n|\n|t:|1698880818\n|switch|p1a: Gliscor|Gliscor, M|88\/100 tox\n|turn|15\n|\n|t:|1698880827\n|move|p1b: Kommo-o|Earthquake|p2a: Dragonite|[spread] p2b\n|-immune|p1a: Gliscor\n|-immune|p2a: Dragonite\n|-resisted|p2b: Ludicolo\n|-damage|p2b: Ludicolo|31\/100 par\n|move|p1a: Gliscor|U-turn|p2a: Dragonite\n|-resisted|p2a: Dragonite\n|-damage|p2a: Dragonite|80\/100\n|-activate|p2a: Dragonite|confusion\n|-damage|p2a: Dragonite|66\/100|[from] confusion\n|move|p2b: Ludicolo|Leech Seed|p1a: Gliscor|[miss]\n|-miss|p2b: Ludicolo|p1a: Gliscor\n|\n|-heal|p1b: Kommo-o|68\/100|[from] item: Leftovers\n|-heal|p2b: Ludicolo|37\/100 par|[from] item: Leftovers\n|-damage|p1b: Kommo-o|55\/100|[from] Leech Seed|[of] p2b: Ludicolo\n|-heal|p2b: Ludicolo|47\/100 par|[silent]\n|-heal|p1a: Gliscor|100\/100 tox|[from] ability: Poison Heal\n|upkeep\n|turn|16\n|inactive|DICK GRASON has 120 seconds left.\n|-message|DICK GRASON forfeited.\n|\n|win|deadlydirt\n|raw|DICK GRASON's rating: 1083 &rarr; <strong>1058<\/strong><br \/>(-25 for losing)\n|raw|deadlydirt's rating: 1043 &rarr; <strong>1080<\/strong><br \/>(+37 for winning)\n|l|\u2606DICK GRASON\n|c|\u2606deadlydirt|gg\n","uploadtime":1698880874,"views":18,"p1id":"dickgrason","p2id":"deadlydirt","formatid":"gen9doublesou","rating":1058,"private":0,"password":""}