{"id":"gen9doublesou-1970433365","p1":"PenguinPants828","p2":"Daskhiel02","format":"[Gen 9] Doubles OU","log":"|j|\u2606PenguinPants828\n|j|\u2606Daskhiel02\n|t:|1697638628\n|gametype|doubles\n|player|p1|PenguinPants828|1|1392\n|player|p2|Daskhiel02|pokekid|1434\n|teamsize|p1|6\n|teamsize|p2|6\n|gen|9\n|tier|[Gen 9] Doubles OU\n|rated|\n|rule|Species Clause: Limit one of each Pok\u00e9mon\n|rule|OHKO Clause: OHKO moves are banned\n|rule|Evasion Moves Clause: Evasion moves are banned\n|rule|Gravity Sleep Clause: The combination of sleep-inducing moves with imperfect accuracy and Gravity or Gigantamax Orbeetle are banned\n|rule|Endless Battle Clause: Forcing endless battles is banned\n|rule|HP Percentage Mod: HP is shown in percentages\n|clearpoke\n|poke|p1|Arcanine, F|\n|poke|p1|Palafin, M|\n|poke|p1|Kingambit, M|\n|poke|p1|Baxcalibur, F|\n|poke|p1|Pelipper, M|\n|poke|p1|Iron Hands|\n|poke|p2|Lycanroc-Midnight, F|\n|poke|p2|Indeedee-F, F|\n|poke|p2|Ribombee, F|\n|poke|p2|Sinistcha|\n|poke|p2|Kommo-o, M|\n|poke|p2|Arcanine-Hisui, M|\n|teampreview\n|inactive|Battle timer is ON: inactive players will automatically lose when time's up. (requested by PenguinPants828)\n|\n|t:|1697638647\n|start\n|switch|p1a: Pelipper|Pelipper, M|100\/100\n|switch|p1b: Iron Hands|Iron Hands|100\/100\n|switch|p2a: Ribombee|Ribombee, F|100\/100\n|switch|p2b: Lycanroc|Lycanroc-Midnight, F|100\/100\n|-weather|RainDance|[from] ability: Drizzle|[of] p1a: Pelipper\n|turn|1\n|\n|t:|1697638663\n|switch|p2b: Indeedee|Indeedee-F, F|100\/100\n|-fieldstart|move: Psychic Terrain|[from] ability: Psychic Surge|[of] p2b: Indeedee\n|move|p1b: Iron Hands|Fake Out|p2a: Ribombee\n|-activate|p2a: Ribombee|move: Psychic Terrain\n|move|p2a: Ribombee|Sticky Web|p1a: Pelipper\n|-sidestart|p1: PenguinPants828|move: Sticky Web\n|move|p1a: Pelipper|Tailwind|p1a: Pelipper\n|-sidestart|p1: PenguinPants828|move: Tailwind\n|\n|-weather|RainDance|[upkeep]\n|upkeep\n|turn|2\n|\n|t:|1697638687\n|move|p2a: Ribombee|Dazzling Gleam|p1a: Pelipper|[spread] p1a,p1b\n|-supereffective|p1b: Iron Hands\n|-damage|p1a: Pelipper|66\/100\n|-damage|p1b: Iron Hands|71\/100\n|move|p1a: Pelipper|Hurricane|p2a: Ribombee\n|-supereffective|p2a: Ribombee\n|-enditem|p2a: Ribombee|Focus Sash\n|-damage|p2a: Ribombee|1\/100\n|-start|p2a: Ribombee|confusion\n|move|p1b: Iron Hands|Earthquake|p2b: Indeedee|[spread] p2a,p2b\n|-immune|p1a: Pelipper\n|-resisted|p2a: Ribombee\n|-damage|p2a: Ribombee|0 fnt\n|-damage|p2b: Indeedee|74\/100\n|faint|p2a: Ribombee\n|move|p2b: Indeedee|Psychic|p1b: Iron Hands\n|-supereffective|p1b: Iron Hands\n|-damage|p1b: Iron Hands|23\/100\n|\n|-weather|RainDance|[upkeep]\n|upkeep\n|inactive|Daskhiel02 has 120 seconds left.\n|\n|t:|1697638713\n|switch|p2a: Sinistcha|Sinistcha|100\/100\n|-heal|p2b: Indeedee|99\/100|[from] ability: Hospitality|[of] p2a: Sinistcha\n|turn|3\n|\n|t:|1697638731\n|-end|p1b: Iron Hands|Quark Drive|[silent]\n|switch|p1b: Kingambit|Kingambit, M|100\/100\n|-activate|p1b: Kingambit|move: Sticky Web\n|-unboost|p1b: Kingambit|spe|1\n|switch|p2a: Lycanroc|Lycanroc-Midnight, F|100\/100\n|move|p1a: Pelipper|Hurricane|p2a: Lycanroc\n|-resisted|p2a: Lycanroc\n|-damage|p2a: Lycanroc|77\/100\n|-start|p2a: Lycanroc|confusion\n|move|p2b: Indeedee|Psychic|p1b: Kingambit\n|-immune|p1b: Kingambit\n|\n|-weather|RainDance|[upkeep]\n|upkeep\n|turn|4\n|\n|t:|1697638758\n|switch|p2a: Sinistcha|Sinistcha|100\/100\n|-heal|p2b: Indeedee|100\/100|[from] ability: Hospitality|[of] p2a: Sinistcha\n|switch|p2b: Arcanine|Arcanine-Hisui, M|100\/100\n|-ability|p2b: Arcanine|Intimidate|boost\n|-unboost|p1a: Pelipper|atk|1\n|-unboost|p1b: Kingambit|atk|1\n|move|p1a: Pelipper|Chilling Water|p2a: Sinistcha\n|-resisted|p2a: Sinistcha\n|-damage|p2a: Sinistcha|90\/100\n|-unboost|p2a: Sinistcha|atk|1\n|move|p1b: Kingambit|Kowtow Cleave|p2b: Arcanine\n|-damage|p2b: Arcanine|60\/100\n|\n|-weather|RainDance|[upkeep]\n|-sideend|p1: PenguinPants828|move: Tailwind\n|upkeep\n|turn|5\n|\n|t:|1697638781\n|move|p2b: Arcanine|Stone Edge|p1a: Pelipper\n|-supereffective|p1a: Pelipper\n|-damage|p1a: Pelipper|0 fnt\n|faint|p1a: Pelipper\n|-damage|p2b: Arcanine|50\/100|[from] item: Life Orb\n|move|p2a: Sinistcha|Matcha Gotcha|p1b: Kingambit\n|-resisted|p1b: Kingambit\n|-damage|p1b: Kingambit|80\/100\n|-heal|p2a: Sinistcha|100\/100|[from] drain|[of] p1b: Kingambit\n|-status|p1b: Kingambit|brn\n|move|p1b: Kingambit|Iron Head|p2a: Sinistcha\n|-damage|p2a: Sinistcha|85\/100\n|\n|-weather|none\n|-damage|p1b: Kingambit|74\/100 brn|[from] brn\n|-fieldend|move: Psychic Terrain\n|upkeep\n|inactive|PenguinPants828 has 120 seconds left.\n|\n|t:|1697638798\n|switch|p1a: Palafin|Palafin, M|100\/100\n|-activate|p1a: Palafin|move: Sticky Web\n|-unboost|p1a: Palafin|spe|1\n|turn|6\n|\n|t:|1697638808\n|switch|p2b: Lycanroc|Lycanroc-Midnight, F|77\/100\n|move|p1b: Kingambit|Protect|p1b: Kingambit\n|-singleturn|p1b: Kingambit|Protect\n|move|p1a: Palafin|Flip Turn|p2b: Lycanroc\n|-supereffective|p2b: Lycanroc\n|-crit|p2b: Lycanroc\n|-damage|p2b: Lycanroc|0 fnt\n|faint|p2b: Lycanroc\n|\n|t:|1697638818\n|detailschange|p1a: Palafin|Palafin-Hero, M\n|switch|p1a: Arcanine|Arcanine, F|100\/100|[from] Flip Turn\n|-activate|p1a: Arcanine|move: Sticky Web\n|-unboost|p1a: Arcanine|spe|1\n|-ability|p1a: Arcanine|Intimidate|boost\n|-unboost|p2a: Sinistcha|atk|1\n|move|p2a: Sinistcha|Matcha Gotcha|p1b: Kingambit|[spread] p1a\n|-activate|p1b: Kingambit|move: Protect\n|-resisted|p1a: Arcanine\n|-damage|p1a: Arcanine|89\/100\n|-heal|p2a: Sinistcha|92\/100|[from] drain|[of] p1a: Arcanine\n|\n|-heal|p1a: Arcanine|95\/100|[from] item: Leftovers\n|-damage|p1b: Kingambit|68\/100 brn|[from] brn\n|upkeep\n|\n|t:|1697638831\n|switch|p2b: Arcanine|Arcanine-Hisui, M|50\/100\n|-ability|p2b: Arcanine|Intimidate|boost\n|-unboost|p1a: Arcanine|atk|1\n|-unboost|p1b: Kingambit|atk|1\n|turn|7\n|\n|t:|1697638844\n|-end|p1b: Kingambit|fallenundefined|[silent]\n|switch|p1b: Palafin|Palafin-Hero, M|100\/100\n|-activate|p1b: Palafin|move: Sticky Web\n|-unboost|p1b: Palafin|spe|1\n|-activate|p1b: Palafin|ability: Zero to Hero\n|move|p1a: Arcanine|Protect|p1a: Arcanine\n|-singleturn|p1a: Arcanine|Protect\n|move|p2b: Arcanine|Stone Edge|p1a: Arcanine\n|-activate|p1a: Arcanine|move: Protect\n|move|p2a: Sinistcha|Scald|p1b: Palafin\n|-resisted|p1b: Palafin\n|-damage|p1b: Palafin|84\/100\n|\n|-heal|p1a: Arcanine|100\/100|[from] item: Leftovers\n|upkeep\n|turn|8\n|\n|t:|1697638863\n|switch|p2b: Indeedee|Indeedee-F, F|100\/100\n|-fieldstart|move: Psychic Terrain|[from] ability: Psychic Surge|[of] p2b: Indeedee\n|move|p1b: Palafin|Jet Punch|p2b: Indeedee\n|-activate|p2b: Indeedee|move: Psychic Terrain\n|move|p2a: Sinistcha|Matcha Gotcha|p1b: Palafin|[spread] p1a,p1b\n|-resisted|p1a: Arcanine\n|-supereffective|p1b: Palafin\n|-damage|p1a: Arcanine|89\/100\n|-heal|p2a: Sinistcha|98\/100|[from] drain|[of] p1a: Arcanine\n|-damage|p1b: Palafin|15\/100\n|-heal|p2a: Sinistcha|100\/100|[from] drain|[of] p1b: Palafin\n|move|p1a: Arcanine|Snarl|p2b: Indeedee|[spread] p2a,p2b\n|-supereffective|p2a: Sinistcha\n|-supereffective|p2b: Indeedee\n|-damage|p2a: Sinistcha|83\/100\n|-damage|p2b: Indeedee|82\/100\n|-unboost|p2a: Sinistcha|spa|1\n|-unboost|p2b: Indeedee|spa|1\n|\n|-heal|p1a: Arcanine|95\/100|[from] item: Leftovers\n|upkeep\n|turn|9\n|\n|t:|1697638887\n|switch|p1b: Baxcalibur|Baxcalibur, F|100\/100\n|-activate|p1b: Baxcalibur|move: Sticky Web\n|-unboost|p1b: Baxcalibur|spe|1\n|move|p2b: Indeedee|Psychic|p1a: Arcanine\n|-damage|p1a: Arcanine|76\/100\n|move|p2a: Sinistcha|Matcha Gotcha|p1a: Arcanine|[spread] p1a,p1b\n|-resisted|p1a: Arcanine\n|-resisted|p1b: Baxcalibur\n|-damage|p1a: Arcanine|68\/100\n|-heal|p2a: Sinistcha|88\/100|[from] drain|[of] p1a: Arcanine\n|-damage|p1b: Baxcalibur|90\/100\n|-heal|p2a: Sinistcha|94\/100|[from] drain|[of] p1b: Baxcalibur\n|move|p1a: Arcanine|Flamethrower|p2a: Sinistcha\n|-supereffective|p2a: Sinistcha\n|-damage|p2a: Sinistcha|40\/100\n|\n|-heal|p1a: Arcanine|74\/100|[from] item: Leftovers\n|upkeep\n|turn|10\n|\n|t:|1697638915\n|switch|p2a: Arcanine|Arcanine-Hisui, M|50\/100\n|-ability|p2a: Arcanine|Intimidate|boost\n|-unboost|p1a: Arcanine|atk|1\n|-unboost|p1b: Baxcalibur|atk|1\n|move|p2b: Indeedee|Psychic|p1b: Baxcalibur\n|-damage|p1b: Baxcalibur|62\/100\n|move|p1b: Baxcalibur|Dragon Dance|p1b: Baxcalibur\n|-boost|p1b: Baxcalibur|atk|1\n|-boost|p1b: Baxcalibur|spe|1\n|move|p1a: Arcanine|Flamethrower|p2a: Arcanine\n|-resisted|p2a: Arcanine\n|-damage|p2a: Arcanine|41\/100\n|\n|-heal|p1a: Arcanine|80\/100|[from] item: Leftovers\n|upkeep\n|turn|11\n|\n|t:|1697638937\n|move|p2b: Indeedee|Follow Me|p2b: Indeedee\n|-singleturn|p2b: Indeedee|move: Follow Me\n|move|p2a: Arcanine|Stone Edge|p1b: Baxcalibur|[miss]\n|-miss|p2a: Arcanine|p1b: Baxcalibur\n|move|p1b: Baxcalibur|Glaive Rush|p2b: Indeedee\n|-damage|p2b: Indeedee|11\/100\n|-singlemove|p1b: Baxcalibur|Glaive Rush|[silent]\n|-enditem|p2b: Indeedee|Sitrus Berry|[eat]\n|-heal|p2b: Indeedee|36\/100|[from] item: Sitrus Berry\n|move|p1a: Arcanine|Snarl|p2a: Arcanine|[spread] p2a,p2b\n|-supereffective|p2b: Indeedee\n|-damage|p2a: Arcanine|29\/100\n|-damage|p2b: Indeedee|18\/100\n|-unboost|p2a: Arcanine|spa|1\n|-unboost|p2b: Indeedee|spa|1\n|\n|-heal|p1a: Arcanine|86\/100|[from] item: Leftovers\n|upkeep\n|turn|12\n|\n|t:|1697638958\n|move|p1b: Baxcalibur|Protect|p1b: Baxcalibur\n|-singleturn|p1b: Baxcalibur|Protect\n|move|p2b: Indeedee|Follow Me|p2b: Indeedee\n|-singleturn|p2b: Indeedee|move: Follow Me\n|move|p1a: Arcanine|Extreme Speed|p2b: Indeedee\n|-activate|p2b: Indeedee|move: Psychic Terrain\n|move|p2a: Arcanine|Stone Edge|p1a: Arcanine\n|-supereffective|p1a: Arcanine\n|-damage|p1a: Arcanine|0 fnt\n|faint|p1a: Arcanine\n|-damage|p2a: Arcanine|19\/100|[from] item: Life Orb\n|\n|-fieldend|move: Psychic Terrain\n|upkeep\n|\n|t:|1697638973\n|switch|p1a: Kingambit|Kingambit, M|68\/100 brn\n|-activate|p1a: Kingambit|move: Sticky Web\n|-unboost|p1a: Kingambit|spe|1\n|-activate|p1a: Kingambit|ability: Supreme Overlord\n|-start|p1a: Kingambit|fallen2|[silent]\n|turn|13\n|\n|t:|1697638985\n|switch|p2b: Sinistcha|Sinistcha|40\/100\n|-heal|p2a: Arcanine|44\/100|[from] ability: Hospitality|[of] p2b: Sinistcha\n|move|p2a: Arcanine|Protect|p2a: Arcanine\n|-singleturn|p2a: Arcanine|Protect\n|move|p1b: Baxcalibur|Glaive Rush|p2a: Arcanine\n|-activate|p2a: Arcanine|move: Protect\n|move|p1a: Kingambit|Kowtow Cleave|p2b: Sinistcha\n|-supereffective|p2b: Sinistcha\n|-damage|p2b: Sinistcha|0 fnt\n|faint|p2b: Sinistcha\n|\n|-damage|p1a: Kingambit|62\/100 brn|[from] brn\n|upkeep\n|\n|t:|1697639004\n|switch|p2b: Kommo-o|Kommo-o, M|100\/100\n|turn|14\n|\n|t:|1697639025\n|switch|p2a: Indeedee|Indeedee-F, F|18\/100\n|-fieldstart|move: Psychic Terrain|[from] ability: Psychic Surge|[of] p2a: Indeedee\n|-terastallize|p2b: Kommo-o|Steel\n|move|p1b: Baxcalibur|Protect|p1b: Baxcalibur\n|-singleturn|p1b: Baxcalibur|Protect\n|move|p1a: Kingambit|Sucker Punch||[still]\n|-fail|p1a: Kingambit\n|move|p2b: Kommo-o|Clangorous Soul|p2b: Kommo-o\n|-boost|p2b: Kommo-o|atk|1\n|-boost|p2b: Kommo-o|def|1\n|-boost|p2b: Kommo-o|spa|1\n|-boost|p2b: Kommo-o|spd|1\n|-boost|p2b: Kommo-o|spe|1\n|-damage|p2b: Kommo-o|68\/100\n|-enditem|p2b: Kommo-o|Throat Spray\n|-boost|p2b: Kommo-o|spa|1|[from] item: Throat Spray\n|\n|-damage|p1a: Kingambit|56\/100 brn|[from] brn\n|upkeep\n|turn|15\n|inactive|PenguinPants828 has 120 seconds left.\n|\n|t:|1697639073\n|switch|p2a: Arcanine|Arcanine-Hisui, M|44\/100\n|-ability|p2a: Arcanine|Intimidate|boost\n|-unboost|p1a: Kingambit|atk|1\n|-unboost|p1b: Baxcalibur|atk|1\n|move|p2b: Kommo-o|Clanging Scales|p1b: Baxcalibur|[spread] p1a,p1b\n|-resisted|p1a: Kingambit\n|-supereffective|p1b: Baxcalibur\n|-damage|p1a: Kingambit|19\/100 brn\n|-damage|p1b: Baxcalibur|0 fnt\n|faint|p1b: Baxcalibur\n|-unboost|p2b: Kommo-o|def|1\n|move|p1a: Kingambit|Kowtow Cleave|p2a: Arcanine\n|-damage|p2a: Arcanine|18\/100\n|\n|-damage|p1a: Kingambit|13\/100 brn|[from] brn\n|upkeep\n|\n|t:|1697639086\n|switch|p1b: Iron Hands|Iron Hands|23\/100\n|-activate|p1b: Iron Hands|move: Sticky Web\n|-unboost|p1b: Iron Hands|spe|1\n|turn|16\n|inactive|PenguinPants828 has 120 seconds left.\n|\n|t:|1697639096\n|move|p1b: Iron Hands|Fake Out|p2b: Kommo-o\n|-activate|p2b: Kommo-o|move: Psychic Terrain\n|move|p2b: Kommo-o|Clanging Scales|p1a: Kingambit|[spread] p1a,p1b\n|-resisted|p1a: Kingambit\n|-damage|p1a: Kingambit|0 fnt\n|-damage|p1b: Iron Hands|0 fnt\n|faint|p1a: Kingambit\n|-end|p1a: Kingambit|fallen2|[silent]\n|faint|p1b: Iron Hands\n|-end|p1b: Iron Hands|Quark Drive|[silent]\n|-unboost|p2b: Kommo-o|def|1\n|move|p2a: Arcanine|Flare Blitz|p1: Kingambit|[notarget]\n|-fail|p2a: Arcanine\n|\n|upkeep\n|\n|t:|1697639108\n|switch|p1b: Palafin|Palafin-Hero, M|15\/100\n|-activate|p1b: Palafin|move: Sticky Web\n|-unboost|p1b: Palafin|spe|1\n|turn|17\n|c|\u2606Daskhiel02|gg!\n|\n|t:|1697639118\n|-terastallize|p1b: Palafin|Steel\n|move|p2b: Kommo-o|Clanging Scales|p1b: Palafin\n|-resisted|p1b: Palafin\n|-damage|p1b: Palafin|0 fnt\n|faint|p1b: Palafin\n|\n|win|Daskhiel02\n|raw|PenguinPants828's rating: 1392 &rarr; <strong>1374<\/strong><br \/>(-18 for losing)\n|raw|Daskhiel02's rating: 1434 &rarr; <strong>1452<\/strong><br \/>(+18 for winning)\n|l|\u2606PenguinPants828\n","uploadtime":1697639129,"views":11,"p1id":"penguinpants828","p2id":"daskhiel02","formatid":"gen9doublesou","rating":1374,"private":0,"password":""}