{"id":"gen9doublesou-1993723890","p1":"56789ya","p2":"Kuzwa","format":"[Gen 9] Doubles OU","log":"|j|\u260656789ya\n|j|\u2606Kuzwa\n|t:|1700349718\n|gametype|doubles\n|player|p1|56789ya|boarder|1183\n|player|p2|Kuzwa|kieran-festival|1314\n|teamsize|p1|6\n|teamsize|p2|6\n|gen|9\n|tier|[Gen 9] Doubles OU\n|rated|\n|rule|Species Clause: Limit one of each Pok\u00e9mon\n|rule|OHKO Clause: OHKO moves are banned\n|rule|Evasion Moves Clause: Evasion moves are banned\n|rule|Gravity Sleep Clause: The combination of sleep-inducing moves with imperfect accuracy and Gravity or Gigantamax Orbeetle are banned\n|rule|Endless Battle Clause: Forcing endless battles is banned\n|rule|HP Percentage Mod: HP is shown in percentages\n|clearpoke\n|poke|p1|Tauros-Paldea-Blaze, M|\n|poke|p1|Meowscarada, F|\n|poke|p1|Flamigo, F|\n|poke|p1|Corviknight, M|\n|poke|p1|Glimmora, F|\n|poke|p1|Flutter Mane|\n|poke|p2|Chi-Yu|\n|poke|p2|Torkoal, M|\n|poke|p2|Glimmora, M|\n|poke|p2|Gallade, M|\n|poke|p2|Cinderace, M|\n|poke|p2|Gardevoir, F|\n|teampreview\n|\n|t:|1700349725\n|start\n|switch|p1a: Corviknight|Corviknight, M|100\/100\n|switch|p1b: Meowscarada|Meowscarada, F|100\/100\n|switch|p2a: Strega|Glimmora, M|100\/100\n|switch|p2b: Nyx|Gardevoir, F, shiny|100\/100\n|-item|p2a: Strega|Air Balloon\n|turn|1\n|\n|t:|1700349748\n|move|p1b: Meowscarada|Knock Off|p2b: Nyx\n|-damage|p2b: Nyx|53\/100\n|-enditem|p2b: Nyx|Heavy-Duty Boots|[from] move: Knock Off|[of] p1b: Meowscarada\n|move|p2a: Strega|Power Gem|p1a: Corviknight\n|-damage|p1a: Corviknight|71\/100\n|move|p1a: Corviknight|Tailwind|p1a: Corviknight\n|-sidestart|p1: 56789ya|move: Tailwind\n|move|p2b: Nyx|Trick Room|p2b: Nyx\n|-fieldstart|move: Trick Room|[of] p2b: Nyx\n|\n|-heal|p1a: Corviknight|77\/100|[from] item: Leftovers\n|upkeep\n|turn|2\n|inactive|Battle timer is ON: inactive players will automatically lose when time's up. (requested by Kuzwa)\n|\n|t:|1700349789\n|move|p2b: Nyx|Dazzling Gleam|p1a: Corviknight|[spread] p1a,p1b\n|-resisted|p1a: Corviknight\n|-supereffective|p1b: Meowscarada\n|-damage|p1a: Corviknight|66\/100\n|-damage|p1b: Meowscarada|15\/100\n|move|p2a: Strega|Sludge Wave|p1b: Meowscarada|[spread] p1b\n|-activate|p2b: Nyx|ability: Telepathy\n|-immune|p1a: Corviknight\n|-supereffective|p1b: Meowscarada\n|-damage|p1b: Meowscarada|0 fnt\n|faint|p1b: Meowscarada\n|move|p1a: Corviknight|Iron Head|p2b: Nyx\n|-supereffective|p2b: Nyx\n|-damage|p2b: Nyx|0 fnt\n|faint|p2b: Nyx\n|\n|-heal|p1a: Corviknight|72\/100|[from] item: Leftovers\n|upkeep\n|\n|t:|1700349808\n|switch|p2b: Tortissed|Torkoal, M|100\/100\n|switch|p1b: Glimmora|Glimmora, F|100\/100\n|-weather|SunnyDay|[from] ability: Drought|[of] p2b: Tortissed\n|turn|3\n|\n|t:|1700349833\n|-terastallize|p1a: Corviknight|Flying\n|move|p2b: Tortissed|Eruption|p1b: Glimmora|[spread] p1a,p1b\n|-resisted|p1b: Glimmora\n|-damage|p1a: Corviknight|26\/100\n|-damage|p1b: Glimmora|59\/100\n|move|p2a: Strega|Earth Power|p1b: Glimmora\n|-supereffective|p1b: Glimmora\n|-damage|p1b: Glimmora|0 fnt\n|faint|p1b: Glimmora\n|move|p1a: Corviknight|Roost|p1a: Corviknight\n|-heal|p1a: Corviknight|76\/100\n|-hint|If a Flying Terastallized Pokemon uses Roost, it remains Flying-type.\n|\n|-weather|SunnyDay|[upkeep]\n|-heal|p1a: Corviknight|82\/100|[from] item: Leftovers\n|upkeep\n|inactive|56789ya has 120 seconds left.\n|\n|t:|1700349852\n|switch|p1b: Flamigo|Flamigo, F|100\/100\n|-copyboost|p1b: Flamigo|p1a: Corviknight|[from] ability: Costar\n|turn|4\n|\n|t:|1700349866\n|move|p1b: Flamigo|Protect|p1b: Flamigo\n|-singleturn|p1b: Flamigo|Protect\n|move|p2b: Tortissed|Eruption|p1b: Flamigo|[spread] p1a\n|-activate|p1b: Flamigo|move: Protect\n|-damage|p1a: Corviknight|34\/100\n|move|p2a: Strega|Power Gem|p1a: Corviknight\n|-supereffective|p1a: Corviknight\n|-damage|p1a: Corviknight|0 fnt\n|faint|p1a: Corviknight\n|\n|-weather|SunnyDay|[upkeep]\n|-sideend|p1: 56789ya|move: Tailwind\n|upkeep\n|\n|t:|1700349878\n|switch|p1a: Tauros|Tauros-Paldea-Blaze, M|100\/100\n|turn|5\n|\n|t:|1700349902\n|move|p2b: Tortissed|Eruption|p1b: Flamigo|[spread] p1a,p1b\n|-resisted|p1a: Tauros\n|-damage|p1a: Tauros|68\/100\n|-damage|p1b: Flamigo|3\/100\n|move|p1b: Flamigo|Aerial Ace|p2a: Strega\n|-resisted|p2a: Strega\n|-damage|p2a: Strega|81\/100\n|-activate|p2a: Strega|ability: Toxic Debris\n|-sidestart|p1: 56789ya|move: Toxic Spikes\n|-enditem|p2a: Strega|Air Balloon\n|move|p2a: Strega|Power Gem|p1b: Flamigo\n|-damage|p1b: Flamigo|0 fnt\n|faint|p1b: Flamigo\n|move|p1a: Tauros|Earthquake|p2a: Strega|[spread] p2a,p2b\n|-supereffective|p2a: Strega\n|-supereffective|p2b: Tortissed\n|-damage|p2a: Strega|0 fnt\n|-damage|p2b: Tortissed|75\/100\n|-activate|p2a: Strega|ability: Toxic Debris\n|-sidestart|p1: 56789ya|move: Toxic Spikes\n|faint|p2a: Strega\n|\n|-weather|SunnyDay|[upkeep]\n|-fieldend|move: Trick Room\n|upkeep\n|\n|t:|1700349921\n|switch|p2a: Makoto Yuki|Gallade, M|100\/100\n|switch|p1b: Flutter Mane|Flutter Mane|100\/100\n|-status|p1b: Flutter Mane|tox\n|-activate|p1b: Flutter Mane|ability: Protosynthesis\n|-start|p1b: Flutter Mane|protosynthesisspe\n|turn|6\n|\n|t:|1700349941\n|-terastallize|p2a: Makoto Yuki|Fire\n|move|p1b: Flutter Mane|Shadow Ball|p2a: Makoto Yuki\n|-damage|p2a: Makoto Yuki|48\/100\n|move|p1a: Tauros|Flame Charge|p2a: Makoto Yuki\n|-resisted|p2a: Makoto Yuki\n|-damage|p2a: Makoto Yuki|27\/100\n|-boost|p1a: Tauros|spe|1\n|move|p2b: Tortissed|Eruption|p1b: Flutter Mane|[spread] p1a,p1b\n|-resisted|p1a: Tauros\n|-damage|p1a: Tauros|45\/100\n|-damage|p1b: Flutter Mane|59\/100 tox\n|move|p2a: Makoto Yuki|Trick Room|p2a: Makoto Yuki\n|-fieldstart|move: Trick Room|[of] p2a: Makoto Yuki\n|\n|-weather|SunnyDay|[upkeep]\n|-damage|p1b: Flutter Mane|53\/100 tox|[from] psn\n|upkeep\n|turn|7\n|\n|t:|1700349957\n|move|p2b: Tortissed|Eruption|p1b: Flutter Mane|[spread] p1a,p1b\n|-resisted|p1a: Tauros\n|-damage|p1a: Tauros|22\/100\n|-damage|p1b: Flutter Mane|9\/100 tox\n|move|p2a: Makoto Yuki|Solar Blade||[still]\n|-prepare|p2a: Makoto Yuki|Solar Blade\n|-anim|p2a: Makoto Yuki|Solar Blade|p1b: Flutter Mane\n|-damage|p1b: Flutter Mane|0 fnt\n|faint|p1b: Flutter Mane\n|-end|p1b: Flutter Mane|Protosynthesis|[silent]\n|move|p1a: Tauros|Earthquake|p2a: Makoto Yuki|[spread] p2a,p2b\n|-supereffective|p2a: Makoto Yuki\n|-supereffective|p2b: Tortissed\n|-damage|p2a: Makoto Yuki|0 fnt\n|-damage|p2b: Tortissed|49\/100\n|faint|p2a: Makoto Yuki\n|\n|-weather|SunnyDay|[upkeep]\n|upkeep\n|\n|t:|1700349966\n|switch|p2a: Ryoji Mochizuki|Chi-Yu|100\/100\n|-ability|p2a: Ryoji Mochizuki|Beads of Ruin\n|turn|8\n|\n|t:|1700349980\n|move|p2b: Tortissed|Solar Beam||[still]\n|-prepare|p2b: Tortissed|Solar Beam\n|-anim|p2b: Tortissed|Solar Beam|p1a: Tauros\n|-resisted|p1a: Tauros\n|-damage|p1a: Tauros|4\/100\n|move|p2a: Ryoji Mochizuki|Dark Pulse|p1a: Tauros\n|-resisted|p1a: Tauros\n|-damage|p1a: Tauros|0 fnt\n|faint|p1a: Tauros\n|\n|win|Kuzwa\n|raw|56789ya's rating: 1183 &rarr; <strong>1167<\/strong><br \/>(-16 for losing)\n|raw|Kuzwa's rating: 1314 &rarr; <strong>1327<\/strong><br \/>(+13 for winning)\n","uploadtime":1700349985,"views":5,"p1id":"56789ya","p2id":"kuzwa","formatid":"gen9doublesou","rating":1167,"private":0,"password":""}