{"id":"gen9doublesou-1972377533","p1":"Bigred0506","p2":"DratiniKing10","format":"[Gen 9] Doubles OU","log":"|j|\u2606Bigred0506\n|j|\u2606DratiniKing10\n|t:|1697836428\n|gametype|doubles\n|player|p1|Bigred0506|hiker|1120\n|player|p2|DratiniKing10|lucas|1178\n|teamsize|p1|6\n|teamsize|p2|6\n|gen|9\n|tier|[Gen 9] Doubles OU\n|rated|\n|rule|Species Clause: Limit one of each Pok\u00e9mon\n|rule|OHKO Clause: OHKO moves are banned\n|rule|Evasion Moves Clause: Evasion moves are banned\n|rule|Gravity Sleep Clause: The combination of sleep-inducing moves with imperfect accuracy and Gravity or Gigantamax Orbeetle are banned\n|rule|Endless Battle Clause: Forcing endless battles is banned\n|rule|HP Percentage Mod: HP is shown in percentages\n|clearpoke\n|poke|p1|Torterra, M|\n|poke|p1|Skeledirge, M|\n|poke|p1|Samurott-Hisui, M|\n|poke|p1|Dragapult, M|\n|poke|p1|Hawlucha, M|\n|poke|p1|Gastrodon, F|\n|poke|p2|Ting-Lu|\n|poke|p2|Arcanine, M|\n|poke|p2|Kingambit, M|\n|poke|p2|Tornadus, M|\n|poke|p2|Sneasler, M|\n|poke|p2|Ogerpon-Wellspring, F|\n|teampreview\n|inactive|Battle timer is ON: inactive players will automatically lose when time's up. (requested by Bigred0506)\n|\n|t:|1697836439\n|start\n|switch|p1a: Turkle|Torterra, M|100\/100\n|switch|p1b: Sammy|Samurott-Hisui, M, shiny|100\/100\n|switch|p2a: Miles|Tornadus, M|100\/100\n|switch|p2b: Tavi|Sneasler, M|100\/100\n|turn|1\n|\n|t:|1697836454\n|move|p2b: Tavi|Fake Out|p1b: Sammy\n|-damage|p1b: Sammy|79\/100\n|move|p2a: Miles|Tailwind|p2a: Miles\n|-sidestart|p2: DratiniKing10|move: Tailwind\n|cant|p1b: Sammy|flinch\n|move|p1a: Turkle|Shell Smash|p1a: Turkle\n|-unboost|p1a: Turkle|def|1\n|-unboost|p1a: Turkle|spd|1\n|-boost|p1a: Turkle|atk|2\n|-boost|p1a: Turkle|spa|2\n|-boost|p1a: Turkle|spe|2\n|\n|upkeep\n|turn|2\n|\n|t:|1697836475\n|move|p2a: Miles|Rain Dance|p2a: Miles\n|-weather|RainDance\n|move|p2b: Tavi|Close Combat|p1b: Sammy\n|-supereffective|p1b: Sammy\n|-damage|p1b: Sammy|0 fnt\n|-unboost|p2b: Tavi|def|1\n|-unboost|p2b: Tavi|spd|1\n|faint|p1b: Sammy\n|move|p1a: Turkle|Rock Blast|p2a: Miles\n|-supereffective|p2a: Miles\n|-damage|p2a: Miles|70\/100\n|-supereffective|p2a: Miles\n|-damage|p2a: Miles|42\/100\n|-enditem|p2a: Miles|Sitrus Berry|[eat]\n|-heal|p2a: Miles|67\/100|[from] item: Sitrus Berry\n|-supereffective|p2a: Miles\n|-damage|p2a: Miles|39\/100\n|-supereffective|p2a: Miles\n|-damage|p2a: Miles|10\/100\n|-supereffective|p2a: Miles\n|-damage|p2a: Miles|0 fnt\n|faint|p2a: Miles\n|-hitcount|p2: Miles|5\n|\n|-weather|RainDance|[upkeep]\n|upkeep\n|\n|t:|1697836496\n|switch|p1b: Rey|Hawlucha, M|100\/100\n|switch|p2a: Julica|Ogerpon-Wellspring, F|100\/100\n|turn|3\n|\n|t:|1697836514\n|move|p2b: Tavi|Dire Claw|p1a: Turkle\n|-damage|p1a: Turkle|27\/100\n|move|p2a: Julica|Ivy Cudgel|p1a: Turkle\n|-damage|p1a: Turkle|0 fnt\n|faint|p1a: Turkle\n|move|p1b: Rey|Fling|p2b: Tavi\n|-resisted|p2b: Tavi\n|-damage|p2b: Tavi|88\/100\n|-enditem|p1b: Rey|King's Rock|[from] move: Fling\n|\n|-weather|RainDance|[upkeep]\n|upkeep\n|\n|t:|1697836524\n|switch|p1a: Hubert|Skeledirge, M|100\/100\n|turn|4\n|\n|t:|1697836529\n|switch|p1a: Gooby|Gastrodon, F|100\/100\n|move|p2b: Tavi|Dire Claw|p1b: Rey\n|-damage|p1b: Rey|28\/100\n|move|p1b: Rey|Zen Headbutt|p2b: Tavi\n|-supereffective|p2b: Tavi\n|-damage|p2b: Tavi|0 fnt\n|faint|p2b: Tavi\n|move|p2a: Julica|Ivy Cudgel|p1a: Gooby\n|-ability|p1a: Gooby|Storm Drain|boost\n|-boost|p1a: Gooby|spa|1\n|\n|-weather|RainDance|[upkeep]\n|-sideend|p2: DratiniKing10|move: Tailwind\n|upkeep\n|\n|t:|1697836542\n|switch|p2b: &IHaveAnAxe|Kingambit, M, shiny|100\/100\n|turn|5\n|\n|t:|1697836549\n|move|p2b: &IHaveAnAxe|Protect|p2b: &IHaveAnAxe\n|-singleturn|p2b: &IHaveAnAxe|Protect\n|move|p1b: Rey|Acrobatics|p2a: Julica\n|-supereffective|p2a: Julica\n|-damage|p2a: Julica|0 fnt\n|faint|p2a: Julica\n|move|p1a: Gooby|Earth Power|p2b: &IHaveAnAxe\n|-activate|p2b: &IHaveAnAxe|move: Protect\n|\n|-weather|RainDance|[upkeep]\n|upkeep\n|\n|t:|1697836559\n|switch|p2a: Zach|Arcanine, M, shiny|100\/100\n|-ability|p2a: Zach|Intimidate|boost\n|-unboost|p1a: Gooby|atk|1\n|-unboost|p1b: Rey|atk|1\n|turn|6\n|\n|t:|1697836579\n|-terastallize|p2a: Zach|Water\n|move|p2b: &IHaveAnAxe|Sucker Punch|p1b: Rey\n|-resisted|p1b: Rey\n|-damage|p1b: Rey|0 fnt\n|faint|p1b: Rey\n|-damage|p2b: &IHaveAnAxe|91\/100|[from] item: Life Orb\n|move|p2a: Zach|Will-O-Wisp|p1a: Gooby\n|-status|p1a: Gooby|brn\n|move|p1a: Gooby|Muddy Water|p2b: &IHaveAnAxe|[spread] p2a,p2b\n|-resisted|p2a: Zach\n|-damage|p2a: Zach|63\/100\n|-damage|p2b: &IHaveAnAxe|23\/100\n|\n|-weather|none\n|-damage|p1a: Gooby|94\/100 brn|[from] brn\n|upkeep\n|\n|t:|1697836585\n|switch|p1b: Hubert|Skeledirge, M|100\/100\n|turn|7\n|\n|t:|1697836604\n|-terastallize|p1b: Hubert|Grass\n|move|p2a: Zach|Protect|p2a: Zach\n|-singleturn|p2a: Zach|Protect\n|move|p2b: &IHaveAnAxe|Sucker Punch|p1b: Hubert\n|-damage|p1b: Hubert|55\/100\n|-damage|p2b: &IHaveAnAxe|13\/100|[from] item: Life Orb\n|move|p1b: Hubert|Torch Song|p2b: &IHaveAnAxe\n|-supereffective|p2b: &IHaveAnAxe\n|-damage|p2b: &IHaveAnAxe|0 fnt\n|-boost|p1b: Hubert|spa|1\n|faint|p2b: &IHaveAnAxe\n|-enditem|p1b: Hubert|Throat Spray\n|-boost|p1b: Hubert|spa|1|[from] item: Throat Spray\n|move|p1a: Gooby|Earth Power|p2a: Zach\n|-activate|p2a: Zach|move: Protect\n|\n|-heal|p1a: Gooby|100\/100 brn|[from] item: Leftovers\n|-damage|p1a: Gooby|94\/100 brn|[from] brn\n|upkeep\n|\n|t:|1697836622\n|switch|p2b: MooseCraft|Ting-Lu|100\/100\n|-ability|p2b: MooseCraft|Vessel of Ruin\n|turn|8\n|\n|t:|1697836634\n|move|p2a: Zach|Flare Blitz|p1b: Hubert\n|-supereffective|p1b: Hubert\n|-damage|p1b: Hubert|0 fnt\n|faint|p1b: Hubert\n|-damage|p2a: Zach|45\/100|[from] Recoil\n|move|p2b: MooseCraft|Heavy Slam|p1a: Gooby\n|-resisted|p1a: Gooby\n|-damage|p1a: Gooby|78\/100 brn\n|move|p1a: Gooby|Muddy Water|p2a: Zach|[spread] p2a,p2b\n|-resisted|p2a: Zach\n|-supereffective|p2b: MooseCraft\n|-damage|p2a: Zach|27\/100\n|-damage|p2b: MooseCraft|57\/100\n|-unboost|p2a: Zach|accuracy|1\n|\n|-heal|p2b: MooseCraft|63\/100|[from] item: Leftovers\n|-heal|p1a: Gooby|84\/100 brn|[from] item: Leftovers\n|-damage|p1a: Gooby|78\/100 brn|[from] brn\n|upkeep\n|\n|t:|1697836644\n|switch|p1b: Jet|Dragapult, M|100\/100\n|turn|9\n|\n|t:|1697836657\n|move|p1b: Jet|Phantom Force||[still]\n|-prepare|p1b: Jet|Phantom Force\n|move|p2a: Zach|Will-O-Wisp|p1b: Jet|[miss]\n|-miss|p2a: Zach|p1b: Jet\n|move|p2b: MooseCraft|Ruination|p1a: Gooby\n|-damage|p1a: Gooby|39\/100 brn\n|move|p1a: Gooby|Ice Beam|p2b: MooseCraft\n|-supereffective|p2b: MooseCraft\n|-damage|p2b: MooseCraft|22\/100\n|\n|-heal|p2b: MooseCraft|28\/100|[from] item: Leftovers\n|-heal|p1a: Gooby|45\/100 brn|[from] item: Leftovers\n|-damage|p1a: Gooby|39\/100 brn|[from] brn\n|upkeep\n|turn|10\n|\n|t:|1697836678\n|move|p2a: Zach|Protect|p2a: Zach\n|-singleturn|p2a: Zach|Protect\n|move|p2b: MooseCraft|Protect|p2b: MooseCraft\n|-singleturn|p2b: MooseCraft|Protect\n|move|p1b: Jet|Phantom Force|p2a: Zach|[from]lockedmove\n|-activate|p2a: Zach|move: Phantom Force|[broken]\n|-damage|p2a: Zach|0 fnt\n|faint|p2a: Zach\n|-damage|p1b: Jet|91\/100|[from] item: Life Orb\n|move|p1a: Gooby|Muddy Water|p2b: MooseCraft\n|-activate|p2b: MooseCraft|move: Protect\n|\n|-heal|p2b: MooseCraft|35\/100|[from] item: Leftovers\n|-heal|p1a: Gooby|45\/100 brn|[from] item: Leftovers\n|-damage|p1a: Gooby|39\/100 brn|[from] brn\n|upkeep\n|turn|11\n|\n|t:|1697836695\n|move|p1b: Jet|Dragon Dance|p1b: Jet\n|-boost|p1b: Jet|atk|1\n|-boost|p1b: Jet|spe|1\n|move|p2b: MooseCraft|Ruination|p1a: Gooby\n|-damage|p1a: Gooby|20\/100 brn\n|move|p1a: Gooby|Ice Beam|p2b: MooseCraft\n|-supereffective|p2b: MooseCraft\n|-damage|p2b: MooseCraft|0 fnt\n|faint|p2b: MooseCraft\n|\n|win|Bigred0506\n|raw|Bigred0506's rating: 1120 &rarr; <strong>1149<\/strong><br \/>(+29 for winning)\n|raw|DratiniKing10's rating: 1178 &rarr; <strong>1149<\/strong><br \/>(-29 for losing)\n|l|\u2606Bigred0506\n","uploadtime":1697836709,"views":12,"p1id":"bigred0506","p2id":"dratiniking10","formatid":"gen9doublesou","rating":1149,"private":0,"password":""}