{"id":"gen9doublesou-1986632653","p1":"Jourvicious","p2":"GuitarheroVGC","format":"[Gen 9] Doubles OU","log":"|j|\u2606Jourvicious\n|j|\u2606GuitarheroVGC\n|t:|1699500239\n|gametype|doubles\n|player|p1|Jourvicious|guitarist|1667\n|player|p2|GuitarheroVGC|kimonogirl|1825\n|teamsize|p1|6\n|teamsize|p2|6\n|gen|9\n|tier|[Gen 9] Doubles OU\n|rated|\n|rule|Species Clause: Limit one of each Pok\u00e9mon\n|rule|OHKO Clause: OHKO moves are banned\n|rule|Evasion Moves Clause: Evasion moves are banned\n|rule|Gravity Sleep Clause: The combination of sleep-inducing moves with imperfect accuracy and Gravity or Gigantamax Orbeetle are banned\n|rule|Endless Battle Clause: Forcing endless battles is banned\n|rule|HP Percentage Mod: HP is shown in percentages\n|clearpoke\n|poke|p1|Kommo-o, F|\n|poke|p1|Shiftry, F|\n|poke|p1|Tornadus, M|\n|poke|p1|Arcanine-Hisui, F|\n|poke|p1|Sinistcha-Masterpiece|\n|poke|p1|Ninetales-Alola, F|\n|poke|p2|Rillaboom, F|\n|poke|p2|Glimmora, F|\n|poke|p2|Basculegion-F, F|\n|poke|p2|Iron Hands|\n|poke|p2|Chien-Pao|\n|poke|p2|Ogerpon-Hearthflame, F|\n|teampreview\n|inactive|Battle timer is ON: inactive players will automatically lose when time's up. (requested by GuitarheroVGC)\n|inactive|Jourvicious also wants the timer to be on.\n|inactive|GuitarheroVGC has 120 seconds left.\n|\n|t:|1699500297\n|start\n|switch|p1a: Tornadus|Tornadus, M|100\/100\n|switch|p1b: Arcanine|Arcanine-Hisui, F|100\/100\n|switch|p2a: magical jam|Glimmora, F|100\/100\n|switch|p2b: Iron Hands|Iron Hands|100\/100\n|-ability|p1b: Arcanine|Intimidate|boost\n|-unboost|p2a: magical jam|atk|1\n|-unboost|p2b: Iron Hands|atk|1\n|turn|1\n|\n|t:|1699500315\n|switch|p1b: Kommo-o|Kommo-o, F|100\/100\n|move|p2b: Iron Hands|Fake Out|p1a: Tornadus\n|-damage|p1a: Tornadus|90\/100\n|cant|p1a: Tornadus|flinch\n|move|p2a: magical jam|Power Gem|p1b: Kommo-o\n|-resisted|p1b: Kommo-o\n|-damage|p1b: Kommo-o|82\/100\n|\n|upkeep\n|turn|2\n|\n|t:|1699500329\n|move|p1a: Tornadus|Tailwind|p1a: Tornadus\n|-sidestart|p1: Jourvicious|move: Tailwind\n|move|p1b: Kommo-o|Clangorous Soul|p1b: Kommo-o\n|-boost|p1b: Kommo-o|atk|1\n|-boost|p1b: Kommo-o|def|1\n|-boost|p1b: Kommo-o|spa|1\n|-boost|p1b: Kommo-o|spd|1\n|-boost|p1b: Kommo-o|spe|1\n|-damage|p1b: Kommo-o|50\/100\n|move|p2a: magical jam|Power Gem|p1a: Tornadus\n|-supereffective|p1a: Tornadus\n|-damage|p1a: Tornadus|15\/100\n|move|p2b: Iron Hands|Ice Punch|p1b: Kommo-o\n|-supereffective|p1b: Kommo-o\n|-damage|p1b: Kommo-o|31\/100\n|\n|upkeep\n|turn|3\n|\n|t:|1699500342\n|move|p1b: Kommo-o|Drain Punch|p2b: Iron Hands\n|-damage|p2b: Iron Hands|68\/100\n|-heal|p1b: Kommo-o|53\/100|[from] drain|[of] p2b: Iron Hands\n|move|p1a: Tornadus|Fling|p2a: magical jam\n|-damage|p2a: magical jam|92\/100\n|-activate|p2a: magical jam|ability: Toxic Debris\n|-sidestart|p1: Jourvicious|move: Toxic Spikes\n|-enditem|p1a: Tornadus|King's Rock|[from] move: Fling\n|cant|p2a: magical jam|flinch\n|move|p2b: Iron Hands|Ice Punch|p1b: Kommo-o\n|-supereffective|p1b: Kommo-o\n|-damage|p1b: Kommo-o|34\/100\n|\n|upkeep\n|turn|4\n|\n|t:|1699500363\n|switch|p1a: Sinistcha|Sinistcha-Masterpiece|100\/100\n|-status|p1a: Sinistcha|psn\n|-heal|p1b: Kommo-o|59\/100|[from] ability: Hospitality|[of] p1a: Sinistcha\n|-end|p2b: Iron Hands|Quark Drive|[silent]\n|switch|p2b: Basculegion|Basculegion-F, F|100\/100\n|move|p1b: Kommo-o|Drain Punch|p2b: Basculegion\n|-immune|p2b: Basculegion\n|move|p2a: magical jam|Power Gem|p1a: Sinistcha\n|-crit|p1a: Sinistcha\n|-damage|p1a: Sinistcha|37\/100 psn\n|-enditem|p1a: Sinistcha|Sitrus Berry|[eat]\n|-heal|p1a: Sinistcha|62\/100 psn|[from] item: Sitrus Berry\n|\n|-damage|p1a: Sinistcha|49\/100 psn|[from] psn\n|upkeep\n|turn|5\n|\n|t:|1699500392\n|switch|p2b: Iron Hands|Iron Hands|68\/100\n|move|p1b: Kommo-o|Drain Punch|p2a: magical jam\n|-damage|p2a: magical jam|33\/100\n|-heal|p1b: Kommo-o|85\/100|[from] drain|[of] p2a: magical jam\n|-activate|p2a: magical jam|ability: Toxic Debris\n|-sidestart|p1: Jourvicious|move: Toxic Spikes\n|move|p2a: magical jam|Power Gem|p1a: Sinistcha\n|-crit|p1a: Sinistcha\n|-damage|p1a: Sinistcha|0 fnt\n|faint|p1a: Sinistcha\n|\n|-sideend|p1: Jourvicious|move: Tailwind\n|upkeep\n|c|\u2606Jourvicious|the crits are crazy\n|inactive|Jourvicious has 120 seconds left.\n|\n|t:|1699500416\n|switch|p1a: Tornadus|Tornadus, M|15\/100\n|turn|6\n|inactive|GuitarheroVGC has 120 seconds left.\n|\n|t:|1699500446\n|switch|p2a: Basculegion|Basculegion-F, F|100\/100\n|move|p2b: Iron Hands|Fake Out|p1a: Tornadus\n|-damage|p1a: Tornadus|0 fnt\n|faint|p1a: Tornadus\n|move|p1b: Kommo-o|Drain Punch|p2a: Basculegion\n|-immune|p2a: Basculegion\n|\n|upkeep\n|\n|t:|1699500456\n|switch|p1a: TheShiftDREAM|Shiftry, F, shiny|100\/100\n|-status|p1a: TheShiftDREAM|tox\n|turn|7\n|\n|t:|1699500472\n|switch|p2a: magical jam|Glimmora, F|33\/100\n|move|p1a: TheShiftDREAM|Sucker Punch||[still]\n|-fail|p1a: TheShiftDREAM\n|move|p1b: Kommo-o|Drain Punch|p2b: Iron Hands\n|-damage|p2b: Iron Hands|38\/100\n|-heal|p1b: Kommo-o|100\/100|[from] drain|[of] p2b: Iron Hands\n|move|p2b: Iron Hands|Drain Punch|p1a: TheShiftDREAM\n|-supereffective|p1a: TheShiftDREAM\n|-enditem|p1a: TheShiftDREAM|Focus Sash\n|-damage|p1a: TheShiftDREAM|1\/100 tox\n|-heal|p2b: Iron Hands|72\/100|[from] drain|[of] p1a: TheShiftDREAM\n|\n|-damage|p1a: TheShiftDREAM|0 fnt|[from] psn\n|faint|p1a: TheShiftDREAM\n|upkeep\n|\n|t:|1699500480\n|switch|p1a: Ninetales|Ninetales-Alola, F|100\/100\n|-status|p1a: Ninetales|tox\n|-weather|Snow|[from] ability: Snow Warning|[of] p1a: Ninetales\n|turn|8\n|\n|t:|1699500495\n|-terastallize|p1a: Ninetales|Water\n|move|p2a: magical jam|Sludge Bomb|p1a: Ninetales\n|-damage|p1a: Ninetales|49\/100 tox\n|move|p1b: Kommo-o|Clangorous Soul|p1b: Kommo-o\n|-boost|p1b: Kommo-o|atk|1\n|-boost|p1b: Kommo-o|def|1\n|-boost|p1b: Kommo-o|spa|1\n|-boost|p1b: Kommo-o|spd|1\n|-boost|p1b: Kommo-o|spe|1\n|-damage|p1b: Kommo-o|68\/100\n|move|p1a: Ninetales|Aurora Veil|p1a: Ninetales\n|-sidestart|p1: Jourvicious|move: Aurora Veil\n|move|p2b: Iron Hands|Ice Punch|p1b: Kommo-o\n|-supereffective|p1b: Kommo-o\n|-damage|p1b: Kommo-o|54\/100\n|\n|-weather|Snow|[upkeep]\n|-damage|p1a: Ninetales|43\/100 tox|[from] psn\n|upkeep\n|turn|9\n|\n|t:|1699500518\n|-end|p2b: Iron Hands|Quark Drive|[silent]\n|switch|p2b: Basculegion|Basculegion-F, F|100\/100\n|move|p1b: Kommo-o|Iron Head|p2a: magical jam\n|-supereffective|p2a: magical jam\n|-damage|p2a: magical jam|0 fnt\n|faint|p2a: magical jam\n|move|p1a: Ninetales|Moonblast|p2b: Basculegion\n|-damage|p2b: Basculegion|59\/100\n|\n|-weather|Snow|[upkeep]\n|-damage|p1a: Ninetales|30\/100 tox|[from] psn\n|upkeep\n|\n|t:|1699500527\n|switch|p2a: Beater|Rillaboom, F|100\/100\n|-fieldstart|move: Grassy Terrain|[from] ability: Grassy Surge|[of] p2a: Beater\n|turn|10\n|\n|t:|1699500537\n|switch|p2b: Iron Hands|Iron Hands|72\/100\n|move|p2a: Beater|Grassy Glide|p1a: Ninetales\n|-supereffective|p1a: Ninetales\n|-damage|p1a: Ninetales|0 fnt\n|faint|p1a: Ninetales\n|move|p1b: Kommo-o|Drain Punch|p2a: Beater\n|-damage|p2a: Beater|43\/100\n|-heal|p1b: Kommo-o|87\/100|[from] drain|[of] p2a: Beater\n|\n|-weather|Snow|[upkeep]\n|-heal|p1b: Kommo-o|93\/100|[from] Grassy Terrain\n|-heal|p2a: Beater|49\/100|[from] Grassy Terrain\n|-heal|p2b: Iron Hands|78\/100|[from] Grassy Terrain\n|upkeep\n|\n|t:|1699500545\n|switch|p1a: Arcanine|Arcanine-Hisui, F|100\/100\n|-status|p1a: Arcanine|tox\n|-ability|p1a: Arcanine|Intimidate|boost\n|-unboost|p2a: Beater|atk|1\n|-unboost|p2b: Iron Hands|atk|1\n|turn|11\n|\n|t:|1699500553\n|move|p2a: Beater|Grassy Glide|p1a: Arcanine\n|-damage|p1a: Arcanine|69\/100 tox\n|move|p1b: Kommo-o|Drain Punch|p2b: Iron Hands\n|-damage|p2b: Iron Hands|33\/100\n|-heal|p1b: Kommo-o|100\/100|[from] drain|[of] p2b: Iron Hands\n|move|p1a: Arcanine|Rock Slide|p2a: Beater|[spread] p2a,p2b\n|-resisted|p2b: Iron Hands\n|-damage|p2a: Beater|7\/100\n|-damage|p2b: Iron Hands|18\/100\n|move|p2b: Iron Hands|Drain Punch|p1a: Arcanine\n|-supereffective|p1a: Arcanine\n|-damage|p1a: Arcanine|24\/100 tox\n|-heal|p2b: Iron Hands|34\/100|[from] drain|[of] p1a: Arcanine\n|\n|-weather|Snow|[upkeep]\n|-heal|p1a: Arcanine|30\/100 tox|[from] Grassy Terrain\n|-heal|p2a: Beater|13\/100|[from] Grassy Terrain\n|-heal|p2b: Iron Hands|40\/100|[from] Grassy Terrain\n|-damage|p1a: Arcanine|24\/100 tox|[from] psn\n|upkeep\n|turn|12\n|\n|t:|1699500571\n|move|p2a: Beater|Grassy Glide|p1a: Arcanine\n|-damage|p1a: Arcanine|0 fnt\n|faint|p1a: Arcanine\n|move|p1b: Kommo-o|Drain Punch|p2b: Iron Hands\n|-damage|p2b: Iron Hands|0 fnt\n|faint|p2b: Iron Hands\n|-end|p2b: Iron Hands|Quark Drive|[silent]\n|\n|-weather|none\n|-heal|p2a: Beater|20\/100|[from] Grassy Terrain\n|upkeep\n|\n|t:|1699500580\n|switch|p2b: Chien-Pao|Chien-Pao|100\/100\n|-ability|p2b: Chien-Pao|Sword of Ruin\n|turn|13\n|\n|t:|1699500586\n|switch|p2a: Basculegion|Basculegion-F, F|59\/100\n|move|p2b: Chien-Pao|Protect|p2b: Chien-Pao\n|-singleturn|p2b: Chien-Pao|Protect\n|move|p1b: Kommo-o|Drain Punch|p2b: Chien-Pao\n|-activate|p2b: Chien-Pao|move: Protect\n|\n|-heal|p2a: Basculegion|65\/100|[from] Grassy Terrain\n|upkeep\n|turn|14\n|\n|t:|1699500600\n|move|p2b: Chien-Pao|Ice Shard|p1b: Kommo-o\n|-supereffective|p1b: Kommo-o\n|-damage|p1b: Kommo-o|83\/100\n|-damage|p2b: Chien-Pao|91\/100|[from] item: Life Orb\n|move|p1b: Kommo-o|Drain Punch|p2b: Chien-Pao\n|-supereffective|p2b: Chien-Pao\n|-damage|p2b: Chien-Pao|0 fnt\n|-heal|p1b: Kommo-o|100\/100|[from] drain|[of] p2b: Chien-Pao\n|faint|p2b: Chien-Pao\n|move|p2a: Basculegion|Last Respects|p1b: Kommo-o\n|-damage|p1b: Kommo-o|73\/100\n|\n|-heal|p1b: Kommo-o|79\/100|[from] Grassy Terrain\n|-heal|p2a: Basculegion|71\/100|[from] Grassy Terrain\n|-fieldend|move: Grassy Terrain\n|upkeep\n|\n|t:|1699500607\n|switch|p2b: Beater|Rillaboom, F|20\/100\n|-fieldstart|move: Grassy Terrain|[from] ability: Grassy Surge|[of] p2b: Beater\n|turn|15\n|\n|t:|1699500614\n|move|p1b: Kommo-o|Protect|p1b: Kommo-o\n|-singleturn|p1b: Kommo-o|Protect\n|move|p2b: Beater|Grassy Glide|p1b: Kommo-o\n|-activate|p1b: Kommo-o|move: Protect\n|move|p2a: Basculegion|Last Respects|p1b: Kommo-o\n|-activate|p1b: Kommo-o|move: Protect\n|\n|-heal|p1b: Kommo-o|85\/100|[from] Grassy Terrain\n|-heal|p2a: Basculegion|77\/100|[from] Grassy Terrain\n|-heal|p2b: Beater|26\/100|[from] Grassy Terrain\n|-sideend|p1: Jourvicious|move: Aurora Veil\n|upkeep\n|turn|16\n|\n|t:|1699500619\n|move|p2b: Beater|Grassy Glide|p1b: Kommo-o\n|-resisted|p1b: Kommo-o\n|-damage|p1b: Kommo-o|73\/100\n|move|p1b: Kommo-o|Iron Head|p2a: Basculegion\n|-resisted|p2a: Basculegion\n|-damage|p2a: Basculegion|45\/100\n|move|p2a: Basculegion|Last Respects|p1b: Kommo-o\n|-damage|p1b: Kommo-o|26\/100\n|\n|-heal|p1b: Kommo-o|32\/100|[from] Grassy Terrain\n|-heal|p2a: Basculegion|51\/100|[from] Grassy Terrain\n|-heal|p2b: Beater|32\/100|[from] Grassy Terrain\n|upkeep\n|turn|17\n|\n|t:|1699500630\n|move|p2b: Beater|Grassy Glide|p1b: Kommo-o\n|-resisted|p1b: Kommo-o\n|-damage|p1b: Kommo-o|20\/100\n|move|p1b: Kommo-o|Iron Head|p2a: Basculegion\n|-resisted|p2a: Basculegion\n|-damage|p2a: Basculegion|19\/100\n|cant|p2a: Basculegion|flinch\n|\n|-heal|p1b: Kommo-o|26\/100|[from] Grassy Terrain\n|-heal|p2a: Basculegion|25\/100|[from] Grassy Terrain\n|-heal|p2b: Beater|38\/100|[from] Grassy Terrain\n|upkeep\n|turn|18\n|\n|t:|1699500642\n|move|p2b: Beater|Grassy Glide|p1b: Kommo-o\n|-resisted|p1b: Kommo-o\n|-damage|p1b: Kommo-o|14\/100\n|move|p1b: Kommo-o|Iron Head|p2a: Basculegion\n|-resisted|p2a: Basculegion\n|-damage|p2a: Basculegion|0 fnt\n|faint|p2a: Basculegion\n|\n|-heal|p1b: Kommo-o|21\/100|[from] Grassy Terrain\n|-heal|p2b: Beater|45\/100|[from] Grassy Terrain\n|upkeep\n|\n|t:|1699500648\n|switch|p2a: Ogerpon|Ogerpon-Hearthflame, F|100\/100\n|-ability|p2a: Ogerpon|Mold Breaker\n|turn|19\n|\n|t:|1699500653\n|move|p1b: Kommo-o|Protect|p1b: Kommo-o\n|-singleturn|p1b: Kommo-o|Protect\n|move|p2a: Ogerpon|Grassy Glide|p1b: Kommo-o\n|-activate|p1b: Kommo-o|move: Protect\n|move|p2b: Beater|Grassy Glide|p1b: Kommo-o\n|-activate|p1b: Kommo-o|move: Protect\n|\n|-heal|p1b: Kommo-o|27\/100|[from] Grassy Terrain\n|-heal|p2b: Beater|51\/100|[from] Grassy Terrain\n|-fieldend|move: Grassy Terrain\n|upkeep\n|turn|20\n|\n|t:|1699500664\n|-terastallize|p2a: Ogerpon|Fire\n|detailschange|p2a: Ogerpon|Ogerpon-Hearthflame-Tera, F, tera:Fire\n|-ability|p2a: Ogerpon|Embody Aspect (Hearthflame)|boost\n|-boost|p2a: Ogerpon|atk|1\n|move|p2a: Ogerpon|Spiky Shield|p2a: Ogerpon\n|-singleturn|p2a: Ogerpon|move: Protect\n|move|p1b: Kommo-o|Drain Punch|p2b: Beater\n|-damage|p2b: Beater|0 fnt\n|-heal|p1b: Kommo-o|55\/100|[from] drain|[of] p2b: Beater\n|faint|p2b: Beater\n|\n|upkeep\n|turn|21\n|\n|t:|1699500675\n|move|p1b: Kommo-o|Drain Punch|p2a: Ogerpon\n|-damage|p2a: Ogerpon|24\/100\n|-heal|p1b: Kommo-o|95\/100|[from] drain|[of] p2a: Ogerpon\n|move|p2a: Ogerpon|Ivy Cudgel|p1b: Kommo-o\n|-resisted|p1b: Kommo-o\n|-damage|p1b: Kommo-o|69\/100\n|\n|upkeep\n|turn|22\n|\n|t:|1699500684\n|move|p1b: Kommo-o|Protect|p1b: Kommo-o\n|-singleturn|p1b: Kommo-o|Protect\n|move|p2a: Ogerpon|Spiky Shield||[still]\n|-fail|p2a: Ogerpon\n|\n|upkeep\n|turn|23\n|\n|t:|1699500693\n|move|p1b: Kommo-o|Drain Punch|p2a: Ogerpon\n|-damage|p2a: Ogerpon|0 fnt\n|-heal|p1b: Kommo-o|81\/100|[from] drain|[of] p2a: Ogerpon\n|faint|p2a: Ogerpon\n|\n|win|Jourvicious\n|raw|Jourvicious's rating: 1667 &rarr; <strong>1696<\/strong><br \/>(+29 for winning)\n|raw|GuitarheroVGC's rating: 1825 &rarr; <strong>1796<\/strong><br \/>(-29 for losing)\n|l|\u2606GuitarheroVGC\n|c|\u2606Jourvicious|ggs\n","uploadtime":1699500706,"views":29,"p1id":"jourvicious","p2id":"guitarherovgc","formatid":"gen9doublesou","rating":1696,"private":0,"password":""}