{"id":"gen9doublesou-1978815031","p1":"Luxicore","p2":"hysali30","format":"[Gen 9] Doubles OU","log":"|j|\u2606Luxicore\n|j|\u2606hysali30\n|t:|1698598486\n|gametype|doubles\n|player|p1|Luxicore|2|1258\n|player|p2|hysali30|dancer|1318\n|teamsize|p1|6\n|teamsize|p2|6\n|gen|9\n|tier|[Gen 9] Doubles OU\n|rated|\n|rule|Species Clause: Limit one of each Pok\u00e9mon\n|rule|OHKO Clause: OHKO moves are banned\n|rule|Evasion Moves Clause: Evasion moves are banned\n|rule|Gravity Sleep Clause: The combination of sleep-inducing moves with imperfect accuracy and Gravity or Gigantamax Orbeetle are banned\n|rule|Endless Battle Clause: Forcing endless battles is banned\n|rule|HP Percentage Mod: HP is shown in percentages\n|clearpoke\n|poke|p1|Sinistcha-Masterpiece|\n|poke|p1|Heatran, M|\n|poke|p1|Ninetales-Alola, M|\n|poke|p1|Okidogi, M|\n|poke|p1|Roaring Moon|\n|poke|p1|Palafin, M|\n|poke|p2|Tornadus, M|\n|poke|p2|Empoleon, M|\n|poke|p2|Scyther, F|\n|poke|p2|Ambipom, F|\n|poke|p2|Garchomp, F|\n|poke|p2|Diancie|\n|teampreview\n|inactive|Battle timer is ON: inactive players will automatically lose when time's up. (requested by hysali30)\n|\n|t:|1698598501\n|start\n|switch|p1a: Roaring Moon|Roaring Moon|100\/100\n|switch|p1b: Ninetales|Ninetales-Alola, M|100\/100\n|switch|p2a: Garchomp|Garchomp, F|100\/100\n|switch|p2b: Ambipom|Ambipom, F|100\/100\n|-weather|Snow|[from] ability: Snow Warning|[of] p1b: Ninetales\n|turn|1\n|\n|t:|1698598519\n|-terastallize|p2a: Garchomp|Poison\n|move|p2b: Ambipom|Fake Out|p1a: Roaring Moon\n|-damage|p1a: Roaring Moon|60\/100\n|-damage|p2b: Ambipom|91\/100|[from] item: Life Orb\n|cant|p1a: Roaring Moon|flinch\n|move|p1b: Ninetales|Blizzard|p2a: Garchomp|[spread] p2a,p2b\n|-damage|p2a: Garchomp|67\/100\n|-damage|p2b: Ambipom|37\/100\n|-status|p2a: Garchomp|frz\n|-curestatus|p2a: Garchomp|frz|[msg]\n|move|p2a: Garchomp|Poison Jab|p1b: Ninetales\n|-supereffective|p1b: Ninetales\n|-damage|p1b: Ninetales|0 fnt\n|faint|p1b: Ninetales\n|-damage|p2a: Garchomp|57\/100|[from] item: Life Orb\n|\n|-weather|Snow|[upkeep]\n|upkeep\n|c|\u2606hysali30|JESUS\n|\n|t:|1698598540\n|switch|p1b: Heatran|Heatran, M|100\/100\n|turn|2\n|\n|t:|1698598560\n|switch|p2a: Tornadus|Tornadus, M|100\/100\n|move|p1a: Roaring Moon|Tailwind|p1a: Roaring Moon\n|-sidestart|p1: Luxicore|move: Tailwind\n|move|p1b: Heatran|Earth Power|p2a: Tornadus\n|-immune|p2a: Tornadus\n|move|p2b: Ambipom|Low Kick|p1a: Roaring Moon\n|-supereffective|p1a: Roaring Moon\n|-damage|p1a: Roaring Moon|0 fnt\n|faint|p1a: Roaring Moon\n|-end|p1a: Roaring Moon|Protosynthesis|[silent]\n|-damage|p2b: Ambipom|27\/100|[from] item: Life Orb\n|\n|-weather|Snow|[upkeep]\n|upkeep\n|\n|t:|1698598569\n|switch|p1a: Okidogi|Okidogi, M|100\/100\n|turn|3\n|\n|t:|1698598586\n|move|p2a: Tornadus|Tailwind|p2a: Tornadus\n|-sidestart|p2: hysali30|move: Tailwind\n|move|p2b: Ambipom|Knock Off|p1b: Heatran\n|-crit|p1b: Heatran\n|-damage|p1b: Heatran|52\/100\n|-enditem|p1b: Heatran|Assault Vest|[from] move: Knock Off|[of] p2b: Ambipom\n|-damage|p2b: Ambipom|17\/100|[from] item: Life Orb\n|move|p1a: Okidogi|Thunder Punch|p2a: Tornadus\n|-supereffective|p2a: Tornadus\n|-damage|p2a: Tornadus|0 fnt\n|faint|p2a: Tornadus\n|-damage|p1a: Okidogi|91\/100|[from] item: Life Orb\n|move|p1b: Heatran|Heat Wave|p2b: Ambipom\n|-damage|p2b: Ambipom|0 fnt\n|faint|p2b: Ambipom\n|\n|-weather|Snow|[upkeep]\n|upkeep\n|l|\u2606Luxicore\n|inactive|Luxicore disconnected and has a minute to reconnect!\n|player|p1|\n|\n|t:|1698598602\n|switch|p2b: Scyther|Scyther, F|100\/100\n|switch|p2a: Garchomp|Garchomp, F, tera:Poison|57\/100\n|turn|4\n|j|\u2606Luxicore\n|inactive|Luxicore reconnected and has 130 seconds left.\n|player|p1|Luxicore|2\n|\n|t:|1698598629\n|move|p2b: Scyther|Dual Wingbeat|p1a: Okidogi\n|-supereffective|p1a: Okidogi\n|-damage|p1a: Okidogi|28\/100\n|-supereffective|p1a: Okidogi\n|-damage|p1a: Okidogi|0 fnt\n|faint|p1a: Okidogi\n|-hitcount|p1: Okidogi|2\n|move|p2a: Garchomp|Earthquake|p1b: Heatran|[spread] p1b\n|-immune|p2b: Scyther\n|-supereffective|p1b: Heatran\n|-damage|p1b: Heatran|0 fnt\n|faint|p1b: Heatran\n|-damage|p2a: Garchomp|47\/100|[from] item: Life Orb\n|\n|-weather|Snow|[upkeep]\n|upkeep\n|\n|t:|1698598634\n|switch|p1a: Palafin|Palafin, M|100\/100\n|switch|p1b: Sinistcha|Sinistcha-Masterpiece|100\/100\n|turn|5\n|-message|Luxicore forfeited.\n|\n|win|hysali30\n|raw|Luxicore's rating: 1258 &rarr; <strong>1237<\/strong><br \/>(-21 for losing)\n|raw|hysali30's rating: 1318 &rarr; <strong>1335<\/strong><br \/>(+17 for winning)\n|l|\u2606Luxicore\n","uploadtime":1698598650,"views":17,"p1id":"luxicore","p2id":"hysali30","formatid":"gen9doublesou","rating":1237,"private":0,"password":""}