{"id":"gen9doublesou-1995313185","p1":"aiiriiick","p2":"chichi099","format":"[Gen 9] Doubles OU","log":"|j|\u2606aiiriiick\n|j|\u2606chichi099\n|t:|1700551892\n|gametype|doubles\n|player|p1|aiiriiick|1|1124\n|player|p2|chichi099|giovanni|1215\n|teamsize|p1|6\n|teamsize|p2|6\n|gen|9\n|tier|[Gen 9] Doubles OU\n|rated|\n|rule|Species Clause: Limit one of each Pok\u00e9mon\n|rule|OHKO Clause: OHKO moves are banned\n|rule|Evasion Moves Clause: Evasion moves are banned\n|rule|Gravity Sleep Clause: The combination of sleep-inducing moves with imperfect accuracy and Gravity or Gigantamax Orbeetle are banned\n|rule|Endless Battle Clause: Forcing endless battles is banned\n|rule|HP Percentage Mod: HP is shown in percentages\n|clearpoke\n|poke|p1|Rillaboom, M|\n|poke|p1|Grimmsnarl, M|\n|poke|p1|Garganacl, M|\n|poke|p1|Iron Hands|\n|poke|p1|Landorus-Therian, M|\n|poke|p1|Cloyster, M|\n|poke|p2|Iron Bundle|\n|poke|p2|Dragonite, M|\n|poke|p2|Gothitelle, F|\n|poke|p2|Amoonguss, M|\n|poke|p2|Tinkaton, F|\n|poke|p2|Chandelure, F|\n|teampreview\n|inactive|Battle timer is ON: inactive players will automatically lose when time's up. (requested by chichi099)\n|\n|t:|1700551911\n|start\n|switch|p1a: Grimmsnarl|Grimmsnarl, M|100\/100\n|switch|p1b: Landorus|Landorus-Therian, M|100\/100\n|switch|p2a: Tinkaton|Tinkaton, F|100\/100\n|switch|p2b: Chandelure|Chandelure, F|100\/100\n|-ability|p1b: Landorus|Intimidate|boost\n|-unboost|p2a: Tinkaton|atk|1\n|-unboost|p2b: Chandelure|atk|1\n|-ability|p2a: Tinkaton|Mold Breaker\n|turn|1\n|\n|t:|1700551932\n|move|p2a: Tinkaton|Fake Out|p1a: Grimmsnarl\n|-damage|p1a: Grimmsnarl|93\/100\n|cant|p1a: Grimmsnarl|flinch\n|move|p2b: Chandelure|Heat Wave|p1a: Grimmsnarl|[spread] p1a,p1b\n|-damage|p1a: Grimmsnarl|60\/100\n|-damage|p1b: Landorus|73\/100\n|-status|p1a: Grimmsnarl|brn\n|move|p1b: Landorus|Stomping Tantrum|p2b: Chandelure\n|-supereffective|p2b: Chandelure\n|-damage|p2b: Chandelure|0 fnt\n|faint|p2b: Chandelure\n|\n|-damage|p1a: Grimmsnarl|54\/100 brn|[from] brn\n|upkeep\n|inactive|chichi099 has 120 seconds left.\n|\n|t:|1700551949\n|switch|p2b: Iron Bundle|Iron Bundle|100\/100\n|turn|2\n|\n|t:|1700551963\n|switch|p1b: Rillaboom|Rillaboom, M|100\/100\n|-fieldstart|move: Grassy Terrain|[from] ability: Grassy Surge|[of] p1b: Rillaboom\n|move|p1a: Grimmsnarl|Parting Shot|p2b: Iron Bundle\n|-unboost|p2b: Iron Bundle|atk|1\n|-unboost|p2b: Iron Bundle|spa|1\n|\n|t:|1700551972\n|switch|p1a: Iron Hands|Iron Hands|100\/100|[from] Parting Shot\n|move|p2b: Iron Bundle|Icy Wind|p1a: Iron Hands|[spread] p1a,p1b\n|-supereffective|p1b: Rillaboom\n|-damage|p1a: Iron Hands|94\/100\n|-damage|p1b: Rillaboom|84\/100\n|-unboost|p1a: Iron Hands|spe|1\n|-unboost|p1b: Rillaboom|spe|1\n|move|p2a: Tinkaton|Gigaton Hammer|p1a: Iron Hands\n|-resisted|p1a: Iron Hands\n|-damage|p1a: Iron Hands|76\/100\n|\n|-heal|p1b: Rillaboom|90\/100|[from] Grassy Terrain\n|-heal|p1a: Iron Hands|82\/100|[from] Grassy Terrain\n|upkeep\n|turn|3\n|\n|t:|1700551998\n|-end|p2b: Iron Bundle|Quark Drive|[silent]\n|switch|p2b: Gothitelle|Gothitelle, F, shiny|100\/100\n|switch|p2a: Amoonguss|Amoonguss, M|100\/100\n|move|p1b: Rillaboom|Fake Out|p2b: Gothitelle\n|-damage|p2b: Gothitelle|87\/100\n|move|p1a: Iron Hands|Volt Switch|p2b: Gothitelle\n|-damage|p2b: Gothitelle|78\/100\n|\n|t:|1700552010\n|-end|p1a: Iron Hands|Quark Drive|[silent]\n|switch|p1a: Garganacl|Garganacl, M|100\/100|[from] Volt Switch\n|\n|-heal|p2b: Gothitelle|84\/100|[from] Grassy Terrain\n|-heal|p1b: Rillaboom|96\/100|[from] Grassy Terrain\n|upkeep\n|turn|4\n|\n|t:|1700552024\n|move|p2a: Amoonguss|Rage Powder|p2a: Amoonguss\n|-singleturn|p2a: Amoonguss|move: Rage Powder\n|move|p1b: Rillaboom|U-turn|p2b: Gothitelle\n|-supereffective|p2b: Gothitelle\n|-damage|p2b: Gothitelle|36\/100\n|\n|t:|1700552038\n|switch|p1b: Grimmsnarl|Grimmsnarl, M|54\/100 brn|[from] U-turn\n|move|p1a: Garganacl|Salt Cure|p2a: Amoonguss\n|-damage|p2a: Amoonguss|86\/100\n|-start|p2a: Amoonguss|Salt Cure\n|move|p2b: Gothitelle|Trick Room|p2b: Gothitelle\n|-fieldstart|move: Trick Room|[of] p2b: Gothitelle\n|\n|-heal|p2a: Amoonguss|93\/100|[from] Grassy Terrain\n|-heal|p2b: Gothitelle|42\/100|[from] Grassy Terrain\n|-heal|p1b: Grimmsnarl|60\/100 brn|[from] Grassy Terrain\n|-damage|p1b: Grimmsnarl|54\/100 brn|[from] brn\n|-damage|p2a: Amoonguss|80\/100|[from] Salt Cure\n|upkeep\n|turn|5\n|\n|t:|1700552059\n|-terastallize|p2b: Gothitelle|Fighting\n|move|p1b: Grimmsnarl|Fake Out|p2a: Amoonguss\n|-damage|p2a: Amoonguss|75\/100\n|cant|p2a: Amoonguss|flinch\n|move|p1a: Garganacl|Salt Cure|p2b: Gothitelle\n|-resisted|p2b: Gothitelle\n|-damage|p2b: Gothitelle|35\/100\n|-start|p2b: Gothitelle|Salt Cure\n|move|p2b: Gothitelle|Nasty Plot|p2b: Gothitelle\n|-boost|p2b: Gothitelle|spa|2\n|\n|-heal|p2a: Amoonguss|81\/100|[from] Grassy Terrain\n|-heal|p2b: Gothitelle|41\/100|[from] Grassy Terrain\n|-heal|p1b: Grimmsnarl|60\/100 brn|[from] Grassy Terrain\n|-damage|p1b: Grimmsnarl|54\/100 brn|[from] brn\n|-damage|p2a: Amoonguss|68\/100|[from] Salt Cure\n|-damage|p2b: Gothitelle|29\/100|[from] Salt Cure\n|upkeep\n|turn|6\n|inactive|aiiriiick has 120 seconds left.\n|\n|t:|1700552099\n|move|p1a: Garganacl|Protect|p1a: Garganacl\n|-singleturn|p1a: Garganacl|Protect\n|move|p1b: Grimmsnarl|Light Screen|p1b: Grimmsnarl\n|-sidestart|p1: aiiriiick|move: Light Screen\n|move|p2a: Amoonguss|Pollen Puff|p2b: Gothitelle\n|-heal|p2b: Gothitelle|79\/100\n|move|p2b: Gothitelle|Focus Blast|p1a: Garganacl\n|-activate|p1a: Garganacl|move: Protect\n|\n|-heal|p2a: Amoonguss|75\/100|[from] Grassy Terrain\n|-heal|p2b: Gothitelle|85\/100|[from] Grassy Terrain\n|-heal|p1b: Grimmsnarl|60\/100 brn|[from] Grassy Terrain\n|-damage|p1b: Grimmsnarl|54\/100 brn|[from] brn\n|-damage|p2a: Amoonguss|62\/100|[from] Salt Cure\n|-damage|p2b: Gothitelle|73\/100|[from] Salt Cure\n|-fieldend|move: Grassy Terrain\n|upkeep\n|turn|7\n|inactive|aiiriiick has 120 seconds left.\n|inactive|aiiriiick has 90 seconds left.\n|\n|t:|1700552155\n|switch|p2a: Tinkaton|Tinkaton, F|100\/100\n|-ability|p2a: Tinkaton|Mold Breaker\n|switch|p1a: Landorus|Landorus-Therian, M|73\/100\n|-ability|p1a: Landorus|Intimidate|boost\n|-unboost|p2a: Tinkaton|atk|1\n|-unboost|p2b: Gothitelle|atk|1\n|-ability|p2b: Gothitelle|Competitive|boost\n|-boost|p2b: Gothitelle|spa|2\n|move|p1b: Grimmsnarl|Parting Shot|p2b: Gothitelle\n|-unboost|p2b: Gothitelle|atk|1\n|-ability|p2b: Gothitelle|Competitive|boost\n|-boost|p2b: Gothitelle|spa|2\n|-unboost|p2b: Gothitelle|spa|1\n|-ability|p2b: Gothitelle|Competitive|boost\n|-boost|p2b: Gothitelle|spa|1\n|\n|t:|1700552177\n|switch|p1b: Iron Hands|Iron Hands|82\/100|[from] Parting Shot\n|move|p2b: Gothitelle|Focus Blast|p1a: Landorus\n|-resisted|p1a: Landorus\n|-damage|p1a: Landorus|35\/100\n|\n|-damage|p2b: Gothitelle|61\/100|[from] Salt Cure\n|upkeep\n|turn|8\n|\n|t:|1700552197\n|switch|p1a: Grimmsnarl|Grimmsnarl, M|54\/100 brn\n|move|p1b: Iron Hands|Fake Out|p2b: Gothitelle\n|-crit|p2b: Gothitelle\n|-damage|p2b: Gothitelle|35\/100\n|cant|p2b: Gothitelle|flinch\n|move|p2a: Tinkaton|Gigaton Hammer|p1a: Grimmsnarl\n|-supereffective|p1a: Grimmsnarl\n|-damage|p1a: Grimmsnarl|0 fnt\n|faint|p1a: Grimmsnarl\n|\n|-damage|p2b: Gothitelle|23\/100|[from] Salt Cure\n|-fieldend|move: Trick Room\n|upkeep\n|\n|t:|1700552216\n|switch|p1a: Rillaboom|Rillaboom, M|96\/100\n|-fieldstart|move: Grassy Terrain|[from] ability: Grassy Surge|[of] p1a: Rillaboom\n|turn|9\n|\n|t:|1700552226\n|move|p2a: Tinkaton|Helping Hand|p2b: Gothitelle\n|-singleturn|p2b: Gothitelle|Helping Hand|[of] p2a: Tinkaton\n|move|p1a: Rillaboom|Fake Out|p2b: Gothitelle\n|-damage|p2b: Gothitelle|10\/100\n|cant|p2b: Gothitelle|flinch\n|move|p1b: Iron Hands|Volt Switch|p2b: Gothitelle\n|-damage|p2b: Gothitelle|2\/100\n|\n|t:|1700552240\n|-end|p1b: Iron Hands|Quark Drive|[silent]\n|switch|p1b: Landorus|Landorus-Therian, M|35\/100|[from] Volt Switch\n|-ability|p1b: Landorus|Intimidate|boost\n|-unboost|p2a: Tinkaton|atk|1\n|-unboost|p2b: Gothitelle|atk|1\n|-boost|p2b: Gothitelle|spa|0\n|\n|-heal|p1a: Rillaboom|100\/100|[from] Grassy Terrain\n|-heal|p2b: Gothitelle|8\/100|[from] Grassy Terrain\n|-damage|p2b: Gothitelle|0 fnt|[from] Salt Cure\n|faint|p2b: Gothitelle\n|upkeep\n|\n|t:|1700552255\n|switch|p2b: Iron Bundle|Iron Bundle|100\/100\n|turn|10\n|inactive|aiiriiick has 90 seconds left.\n|\n|t:|1700552273\n|switch|p1b: Iron Hands|Iron Hands|82\/100\n|move|p2a: Tinkaton|Helping Hand|p2b: Iron Bundle\n|-singleturn|p2b: Iron Bundle|Helping Hand|[of] p2a: Tinkaton\n|move|p2b: Iron Bundle|Icy Wind|p1b: Iron Hands|[spread] p1a,p1b\n|-supereffective|p1a: Rillaboom\n|-damage|p1a: Rillaboom|76\/100\n|-damage|p1b: Iron Hands|72\/100\n|-unboost|p1a: Rillaboom|spe|1\n|-unboost|p1b: Iron Hands|spe|1\n|move|p1a: Rillaboom|Wood Hammer|p2b: Iron Bundle\n|-supereffective|p2b: Iron Bundle\n|-enditem|p2b: Iron Bundle|Focus Sash\n|-damage|p2b: Iron Bundle|1\/100\n|-damage|p1a: Rillaboom|56\/100|[from] Recoil\n|\n|-heal|p2b: Iron Bundle|7\/100|[from] Grassy Terrain\n|-heal|p1a: Rillaboom|62\/100|[from] Grassy Terrain\n|-heal|p1b: Iron Hands|78\/100|[from] Grassy Terrain\n|upkeep\n|turn|11\n|inactive|aiiriiick has 90 seconds left.\n|\n|t:|1700552316\n|switch|p2a: Amoonguss|Amoonguss, M|95\/100\n|move|p2b: Iron Bundle|Protect|p2b: Iron Bundle\n|-singleturn|p2b: Iron Bundle|Protect\n|move|p1b: Iron Hands|Fake Out|p2b: Iron Bundle\n|-activate|p2b: Iron Bundle|move: Protect\n|move|p1a: Rillaboom|U-turn|p2a: Amoonguss\n|-damage|p2a: Amoonguss|70\/100\n|inactive|aiiriiick has 60 seconds left.\n|\n|t:|1700552342\n|switch|p1a: Garganacl|Garganacl, M|100\/100|[from] U-turn\n|\n|-heal|p2b: Iron Bundle|13\/100|[from] Grassy Terrain\n|-heal|p2a: Amoonguss|76\/100|[from] Grassy Terrain\n|-heal|p1b: Iron Hands|84\/100|[from] Grassy Terrain\n|upkeep\n|turn|12\n|\n|t:|1700552355\n|move|p1a: Garganacl|Protect|p1a: Garganacl\n|-singleturn|p1a: Garganacl|Protect\n|move|p2b: Iron Bundle|Hydro Pump|p1a: Garganacl\n|-activate|p1a: Garganacl|move: Protect\n|move|p2a: Amoonguss|Spore|p1b: Iron Hands\n|-status|p1b: Iron Hands|slp|[from] move: Spore\n|cant|p1b: Iron Hands|slp\n|\n|-heal|p2b: Iron Bundle|19\/100|[from] Grassy Terrain\n|-heal|p2a: Amoonguss|83\/100|[from] Grassy Terrain\n|-heal|p1b: Iron Hands|90\/100 slp|[from] Grassy Terrain\n|upkeep\n|turn|13\n|inactive|aiiriiick has 90 seconds left.\n|\n|t:|1700552380\n|switch|p1a: Rillaboom|Rillaboom, M|62\/100\n|move|p2b: Iron Bundle|Hydro Pump|p1a: Rillaboom\n|-resisted|p1a: Rillaboom\n|-damage|p1a: Rillaboom|51\/100\n|move|p2a: Amoonguss|Pollen Puff|p2b: Iron Bundle\n|-heal|p2b: Iron Bundle|68\/100\n|-curestatus|p1b: Iron Hands|slp|[msg]\n|move|p1b: Iron Hands|Ice Punch|p2a: Amoonguss\n|-supereffective|p2a: Amoonguss\n|-damage|p2a: Amoonguss|18\/100\n|-enditem|p2a: Amoonguss|Sitrus Berry|[eat]\n|-heal|p2a: Amoonguss|43\/100|[from] item: Sitrus Berry\n|\n|-heal|p2b: Iron Bundle|74\/100|[from] Grassy Terrain\n|-heal|p1a: Rillaboom|57\/100|[from] Grassy Terrain\n|-heal|p2a: Amoonguss|50\/100|[from] Grassy Terrain\n|-heal|p1b: Iron Hands|96\/100|[from] Grassy Terrain\n|-sideend|p1: aiiriiick|move: Light Screen\n|-fieldend|move: Grassy Terrain\n|upkeep\n|turn|14\n|inactive|aiiriiick has 90 seconds left.\n|\n|t:|1700552410\n|move|p1a: Rillaboom|Fake Out|p2a: Amoonguss\n|-damage|p2a: Amoonguss|35\/100\n|cant|p2a: Amoonguss|flinch\n|move|p2b: Iron Bundle|Icy Wind|p1b: Iron Hands|[spread] p1a,p1b\n|-supereffective|p1a: Rillaboom\n|-damage|p1a: Rillaboom|29\/100\n|-damage|p1b: Iron Hands|86\/100\n|-unboost|p1a: Rillaboom|spe|1\n|-unboost|p1b: Iron Hands|spe|1\n|move|p1b: Iron Hands|Volt Switch|p2b: Iron Bundle\n|-supereffective|p2b: Iron Bundle\n|-damage|p2b: Iron Bundle|20\/100\n|\n|t:|1700552423\n|-end|p1b: Iron Hands|Quark Drive|[silent]\n|switch|p1b: Garganacl|Garganacl, M|100\/100|[from] Volt Switch\n|\n|upkeep\n|turn|15\n|inactive|aiiriiick has 90 seconds left.\n|\n|t:|1700552436\n|switch|p1a: Iron Hands|Iron Hands|86\/100\n|move|p2b: Iron Bundle|Icy Wind|p1a: Iron Hands|[spread] p1a,p1b\n|-damage|p1a: Iron Hands|76\/100\n|-damage|p1b: Garganacl|87\/100\n|-unboost|p1a: Iron Hands|spe|1\n|-unboost|p1b: Garganacl|spe|1\n|move|p2a: Amoonguss|Pollen Puff|p2b: Iron Bundle\n|-heal|p2b: Iron Bundle|70\/100\n|move|p1b: Garganacl|Salt Cure|p2a: Amoonguss\n|-damage|p2a: Amoonguss|21\/100\n|-start|p2a: Amoonguss|Salt Cure\n|\n|-heal|p1b: Garganacl|93\/100|[from] item: Leftovers\n|-damage|p2a: Amoonguss|8\/100|[from] Salt Cure\n|upkeep\n|turn|16\n|inactive|aiiriiick has 90 seconds left.\n|\n|t:|1700552467\n|switch|p2a: Tinkaton|Tinkaton, F|100\/100\n|-ability|p2a: Tinkaton|Mold Breaker\n|move|p1a: Iron Hands|Fake Out|p2b: Iron Bundle\n|-damage|p2b: Iron Bundle|50\/100\n|cant|p2b: Iron Bundle|flinch\n|move|p1b: Garganacl|Salt Cure|p2b: Iron Bundle\n|-supereffective|p2b: Iron Bundle\n|-damage|p2b: Iron Bundle|15\/100\n|-start|p2b: Iron Bundle|Salt Cure\n|\n|-heal|p1b: Garganacl|99\/100|[from] item: Leftovers\n|-damage|p2b: Iron Bundle|0 fnt|[from] Salt Cure\n|faint|p2b: Iron Bundle\n|-end|p2b: Iron Bundle|Quark Drive|[silent]\n|upkeep\n|inactive|chichi099 has 120 seconds left.\n|\n|t:|1700552484\n|switch|p2b: Dragonite|Dragonite, M|100\/100\n|turn|17\n|\n|t:|1700552495\n|move|p2a: Tinkaton|Fake Out|p1b: Garganacl\n|-resisted|p1b: Garganacl\n|-damage|p1b: Garganacl|96\/100\n|move|p2b: Dragonite|Dragon Dance|p2b: Dragonite\n|-boost|p2b: Dragonite|atk|1\n|-boost|p2b: Dragonite|spe|1\n|move|p1a: Iron Hands|Ice Punch|p2b: Dragonite\n|-supereffective|p2b: Dragonite\n|-damage|p2b: Dragonite|32\/100\n|-enditem|p2b: Dragonite|Weakness Policy\n|-boost|p2b: Dragonite|atk|2|[from] item: Weakness Policy\n|-boost|p2b: Dragonite|spa|2|[from] item: Weakness Policy\n|cant|p1b: Garganacl|flinch\n|\n|-heal|p1b: Garganacl|100\/100|[from] item: Leftovers\n|upkeep\n|turn|18\n|inactive|aiiriiick has 120 seconds left.\n|\n|t:|1700552513\n|move|p2a: Tinkaton|Protect|p2a: Tinkaton\n|-singleturn|p2a: Tinkaton|Protect\n|move|p2b: Dragonite|Earthquake|p1b: Garganacl|[spread] p1a,p1b\n|-activate|p2a: Tinkaton|move: Protect\n|-supereffective|p1a: Iron Hands\n|-supereffective|p1b: Garganacl\n|-damage|p1a: Iron Hands|0 fnt\n|-damage|p1b: Garganacl|11\/100\n|faint|p1a: Iron Hands\n|-end|p1a: Iron Hands|Quark Drive|[silent]\n|move|p1b: Garganacl|Salt Cure|p2b: Dragonite\n|-supereffective|p2b: Dragonite\n|-damage|p2b: Dragonite|0 fnt\n|faint|p2b: Dragonite\n|\n|-heal|p1b: Garganacl|17\/100|[from] item: Leftovers\n|upkeep\n|\n|t:|1700552530\n|switch|p2b: Amoonguss|Amoonguss, M|42\/100\n|switch|p1a: Rillaboom|Rillaboom, M|29\/100\n|-fieldstart|move: Grassy Terrain|[from] ability: Grassy Surge|[of] p1a: Rillaboom\n|turn|19\n|\n|t:|1700552550\n|move|p1a: Rillaboom|Fake Out|p2a: Tinkaton\n|-resisted|p2a: Tinkaton\n|-damage|p2a: Tinkaton|92\/100\n|cant|p2a: Tinkaton|flinch\n|move|p2b: Amoonguss|Pollen Puff|p1a: Rillaboom\n|-supereffective|p1a: Rillaboom\n|-damage|p1a: Rillaboom|4\/100\n|move|p1b: Garganacl|Salt Cure|p2b: Amoonguss\n|-damage|p2b: Amoonguss|27\/100\n|-start|p2b: Amoonguss|Salt Cure\n|\n|-heal|p2a: Tinkaton|98\/100|[from] Grassy Terrain\n|-heal|p1a: Rillaboom|11\/100|[from] Grassy Terrain\n|-heal|p2b: Amoonguss|33\/100|[from] Grassy Terrain\n|-heal|p1b: Garganacl|23\/100|[from] Grassy Terrain\n|-heal|p1b: Garganacl|29\/100|[from] item: Leftovers\n|-damage|p2b: Amoonguss|21\/100|[from] Salt Cure\n|upkeep\n|turn|20\n|\n|t:|1700552576\n|switch|p1a: Landorus|Landorus-Therian, M|35\/100\n|-ability|p1a: Landorus|Intimidate|boost\n|-unboost|p2a: Tinkaton|atk|1\n|-unboost|p2b: Amoonguss|atk|1\n|move|p1b: Garganacl|Protect|p1b: Garganacl\n|-singleturn|p1b: Garganacl|Protect\n|move|p2b: Amoonguss|Rage Powder|p2b: Amoonguss\n|-singleturn|p2b: Amoonguss|move: Rage Powder\n|move|p2a: Tinkaton|Gigaton Hammer|p1b: Garganacl\n|-activate|p1b: Garganacl|move: Protect\n|\n|-heal|p2a: Tinkaton|100\/100|[from] Grassy Terrain\n|-heal|p2b: Amoonguss|27\/100|[from] Grassy Terrain\n|-heal|p1b: Garganacl|36\/100|[from] Grassy Terrain\n|-heal|p1b: Garganacl|42\/100|[from] item: Leftovers\n|-damage|p2b: Amoonguss|15\/100|[from] Salt Cure\n|upkeep\n|turn|21\n|\n|t:|1700552597\n|move|p2a: Tinkaton|Protect|p2a: Tinkaton\n|-singleturn|p2a: Tinkaton|Protect\n|move|p1a: Landorus|Stomping Tantrum|p2a: Tinkaton\n|-activate|p2a: Tinkaton|move: Protect\n|move|p2b: Amoonguss|Spore|p1a: Landorus\n|-status|p1a: Landorus|slp|[from] move: Spore\n|move|p1b: Garganacl|Recover|p1b: Garganacl\n|-heal|p1b: Garganacl|92\/100\n|\n|-heal|p2b: Amoonguss|21\/100|[from] Grassy Terrain\n|-heal|p1b: Garganacl|98\/100|[from] Grassy Terrain\n|-heal|p1b: Garganacl|100\/100|[from] item: Leftovers\n|-damage|p2b: Amoonguss|8\/100|[from] Salt Cure\n|upkeep\n|turn|22\n|inactive|chichi099 has 120 seconds left.\n|\n|t:|1700552628\n|move|p2b: Amoonguss|Rage Powder|p2b: Amoonguss\n|-singleturn|p2b: Amoonguss|move: Rage Powder\n|cant|p1a: Landorus|slp\n|move|p2a: Tinkaton|Gigaton Hammer|p1a: Landorus\n|-crit|p1a: Landorus\n|-damage|p1a: Landorus|0 fnt\n|faint|p1a: Landorus\n|move|p1b: Garganacl|Salt Cure|p2b: Amoonguss\n|-damage|p2b: Amoonguss|0 fnt\n|faint|p2b: Amoonguss\n|\n|upkeep\n|\n|t:|1700552640\n|switch|p1a: Cloyster|Cloyster, M|100\/100\n|turn|23\n|\n|t:|1700552649\n|move|p2a: Tinkaton|Protect|p2a: Tinkaton\n|-singleturn|p2a: Tinkaton|Protect\n|move|p1a: Cloyster|Shell Smash|p1a: Cloyster\n|-unboost|p1a: Cloyster|def|1\n|-unboost|p1a: Cloyster|spd|1\n|-boost|p1a: Cloyster|atk|2\n|-boost|p1a: Cloyster|spa|2\n|-boost|p1a: Cloyster|spe|2\n|-enditem|p1a: Cloyster|White Herb\n|-clearnegativeboost|p1a: Cloyster|[silent]\n|move|p1b: Garganacl|Salt Cure|p2a: Tinkaton\n|-activate|p2a: Tinkaton|move: Protect\n|\n|-fieldend|move: Grassy Terrain\n|upkeep\n|turn|24\n|\n|t:|1700552664\n|move|p1a: Cloyster|Shell Smash|p1a: Cloyster\n|-unboost|p1a: Cloyster|def|1\n|-unboost|p1a: Cloyster|spd|1\n|-boost|p1a: Cloyster|atk|2\n|-boost|p1a: Cloyster|spa|2\n|-boost|p1a: Cloyster|spe|2\n|move|p2a: Tinkaton|Gigaton Hammer|p1b: Garganacl\n|-supereffective|p1b: Garganacl\n|-damage|p1b: Garganacl|35\/100\n|move|p1b: Garganacl|Salt Cure|p2a: Tinkaton\n|-resisted|p2a: Tinkaton\n|-damage|p2a: Tinkaton|91\/100\n|-start|p2a: Tinkaton|Salt Cure\n|\n|-heal|p1b: Garganacl|41\/100|[from] item: Leftovers\n|-damage|p2a: Tinkaton|66\/100|[from] Salt Cure\n|upkeep\n|turn|25\n|\n|t:|1700552682\n|-terastallize|p1a: Cloyster|Ice\n|move|p2a: Tinkaton|Protect|p2a: Tinkaton\n|-singleturn|p2a: Tinkaton|Protect\n|move|p1b: Garganacl|Protect|p1b: Garganacl\n|-singleturn|p1b: Garganacl|Protect\n|move|p1a: Cloyster|Icicle Spear|p2a: Tinkaton\n|-activate|p2a: Tinkaton|move: Protect\n|\n|-heal|p1b: Garganacl|47\/100|[from] item: Leftovers\n|-damage|p2a: Tinkaton|42\/100|[from] Salt Cure\n|upkeep\n|turn|26\n|\n|t:|1700552696\n|move|p1a: Cloyster|Icicle Spear|p2a: Tinkaton\n|-resisted|p2a: Tinkaton\n|-damage|p2a: Tinkaton|13\/100\n|-resisted|p2a: Tinkaton\n|-damage|p2a: Tinkaton|0 fnt\n|faint|p2a: Tinkaton\n|-hitcount|p2: Tinkaton|2\n|\n|win|aiiriiick\n|raw|aiiriiick's rating: 1124 &rarr; <strong>1155<\/strong><br \/>(+31 for winning)\n|raw|chichi099's rating: 1215 &rarr; <strong>1184<\/strong><br \/>(-31 for losing)\n|l|\u2606aiiriiick\n","uploadtime":1700552709,"views":14,"p1id":"aiiriiick","p2id":"chichi099","formatid":"gen9doublesou","rating":1155,"private":0,"password":""}