{"id":"gen9doublesou-1985095322","p1":"Light kitten","p2":"sunnyAplus","format":"[Gen 9] Doubles OU","log":"|j|\u2606Light kitten\n|j|\u2606sunnyAplus\n|t:|1699330174\n|gametype|doubles\n|player|p1|Light kitten|169|1102\n|player|p2|sunnyAplus|juan|1000\n|teamsize|p1|6\n|teamsize|p2|6\n|gen|9\n|tier|[Gen 9] Doubles OU\n|rated|\n|rule|Species Clause: Limit one of each Pok\u00e9mon\n|rule|OHKO Clause: OHKO moves are banned\n|rule|Evasion Moves Clause: Evasion moves are banned\n|rule|Gravity Sleep Clause: The combination of sleep-inducing moves with imperfect accuracy and Gravity or Gigantamax Orbeetle are banned\n|rule|Endless Battle Clause: Forcing endless battles is banned\n|rule|HP Percentage Mod: HP is shown in percentages\n|clearpoke\n|poke|p1|Iron Bundle|\n|poke|p1|Ogerpon-Hearthflame, F|\n|poke|p1|Iron Hands|\n|poke|p1|Meowscarada, M|\n|poke|p1|Chien-Pao|\n|poke|p1|Grimmsnarl, M|\n|poke|p2|Azumarill, M|\n|poke|p2|Ogerpon-Wellspring, F|\n|poke|p2|Iron Treads|\n|poke|p2|Volcanion|\n|poke|p2|Pelipper, M|\n|poke|p2|Zoroark-Hisui, M|\n|teampreview\n|\n|t:|1699330200\n|start\n|switch|p1a: Iron Bundle|Iron Bundle|100\/100\n|switch|p1b: Grimmsnarl|Grimmsnarl, M|100\/100\n|switch|p2a: Volcanion|Volcanion|100\/100\n|switch|p2b: Ogerpon|Ogerpon-Wellspring, F|100\/100\n|-enditem|p1a: Iron Bundle|Booster Energy\n|-activate|p1a: Iron Bundle|ability: Quark Drive|[fromitem]\n|-start|p1a: Iron Bundle|quarkdrivespa\n|turn|1\n|\n|t:|1699330220\n|move|p1b: Grimmsnarl|Reflect|p1b: Grimmsnarl\n|-sidestart|p1: Light kitten|Reflect\n|move|p1a: Iron Bundle|Icy Wind|p2b: Ogerpon|[spread] p2a,p2b\n|-resisted|p2a: Volcanion\n|-damage|p2a: Volcanion|93\/100\n|-damage|p2b: Ogerpon|69\/100\n|-unboost|p2a: Volcanion|spe|1\n|-unboost|p2b: Ogerpon|spe|1\n|move|p2b: Ogerpon|Encore|p1b: Grimmsnarl\n|-start|p1b: Grimmsnarl|Encore\n|move|p2a: Volcanion|Heat Wave|p1b: Grimmsnarl|[spread] p1a,p1b\n|-damage|p1a: Iron Bundle|42\/100\n|-damage|p1b: Grimmsnarl|77\/100\n|\n|-heal|p1b: Grimmsnarl|83\/100|[from] item: Leftovers\n|upkeep\n|turn|2\n|\n|t:|1699330248\n|switch|p1b: Iron Hands|Iron Hands|100\/100\n|move|p1a: Iron Bundle|Freeze-Dry|p2b: Ogerpon\n|-supereffective|p2b: Ogerpon\n|-damage|p2b: Ogerpon|0 fnt\n|faint|p2b: Ogerpon\n|move|p2a: Volcanion|Heat Wave|p1b: Iron Hands|[spread] p1a,p1b\n|-damage|p1a: Iron Bundle|0 fnt\n|-damage|p1b: Iron Hands|71\/100\n|-status|p1b: Iron Hands|brn\n|faint|p1a: Iron Bundle\n|-end|p1a: Iron Bundle|Quark Drive|[silent]\n|\n|-heal|p1b: Iron Hands|77\/100 brn|[from] item: Leftovers\n|-damage|p1b: Iron Hands|71\/100 brn|[from] brn\n|upkeep\n|\n|t:|1699330274\n|switch|p1a: Ogerpon|Ogerpon-Hearthflame, F|100\/100\n|switch|p2b: Iron Treads|Iron Treads, shiny|100\/100\n|-ability|p1a: Ogerpon|Mold Breaker\n|-enditem|p2b: Iron Treads|Booster Energy\n|-activate|p2b: Iron Treads|ability: Quark Drive|[fromitem]\n|-start|p2b: Iron Treads|quarkdrivespe\n|turn|3\n|\n|t:|1699330289\n|move|p1a: Ogerpon|Spiky Shield|p1a: Ogerpon\n|-singleturn|p1a: Ogerpon|move: Protect\n|move|p2b: Iron Treads|Earthquake|p1a: Ogerpon|[spread] p2a,p1b\n|-activate|p1a: Ogerpon|move: Protect\n|-supereffective|p2a: Volcanion\n|-supereffective|p1b: Iron Hands\n|-damage|p2a: Volcanion|55\/100\n|-damage|p1b: Iron Hands|39\/100 brn\n|move|p1b: Iron Hands|Drain Punch|p2b: Iron Treads\n|-supereffective|p2b: Iron Treads\n|-damage|p2b: Iron Treads|63\/100\n|-heal|p1b: Iron Hands|51\/100 brn|[from] drain|[of] p2b: Iron Treads\n|move|p2a: Volcanion|Steam Eruption|p1a: Ogerpon\n|-activate|p1a: Ogerpon|move: Protect\n|\n|-heal|p1b: Iron Hands|57\/100 brn|[from] item: Leftovers\n|-damage|p1b: Iron Hands|51\/100 brn|[from] brn\n|upkeep\n|turn|4\n|\n|t:|1699330327\n|switch|p1a: Grimmsnarl|Grimmsnarl, M|83\/100\n|move|p2b: Iron Treads|Rapid Spin|p1b: Iron Hands\n|-damage|p1b: Iron Hands|44\/100 brn\n|-boost|p2b: Iron Treads|spe|1\n|move|p1b: Iron Hands|Drain Punch|p2b: Iron Treads\n|-supereffective|p2b: Iron Treads\n|-damage|p2b: Iron Treads|20\/100\n|-heal|p1b: Iron Hands|58\/100 brn|[from] drain|[of] p2b: Iron Treads\n|move|p2a: Volcanion|Steam Eruption|p1a: Grimmsnarl\n|-damage|p1a: Grimmsnarl|46\/100\n|\n|-heal|p1a: Grimmsnarl|52\/100|[from] item: Leftovers\n|-heal|p1b: Iron Hands|64\/100 brn|[from] item: Leftovers\n|-damage|p1b: Iron Hands|58\/100 brn|[from] brn\n|upkeep\n|turn|5\n|\n|t:|1699330358\n|move|p1a: Grimmsnarl|Light Screen|p1a: Grimmsnarl\n|-sidestart|p1: Light kitten|move: Light Screen\n|move|p2b: Iron Treads|Earthquake|p1a: Grimmsnarl|[spread] p2a,p1a,p1b\n|-supereffective|p2a: Volcanion\n|-supereffective|p1b: Iron Hands\n|-damage|p2a: Volcanion|17\/100\n|-damage|p1a: Grimmsnarl|23\/100\n|-damage|p1b: Iron Hands|28\/100 brn\n|-enditem|p2a: Volcanion|Wiki Berry|[eat]\n|-heal|p2a: Volcanion|50\/100|[from] item: Wiki Berry\n|move|p1b: Iron Hands|Drain Punch|p2b: Iron Treads\n|-supereffective|p2b: Iron Treads\n|-damage|p2b: Iron Treads|0 fnt\n|-heal|p1b: Iron Hands|35\/100 brn|[from] drain|[of] p2b: Iron Treads\n|faint|p2b: Iron Treads\n|-end|p2b: Iron Treads|Quark Drive|[silent]\n|move|p2a: Volcanion|Steam Eruption|p1b: Iron Hands\n|-damage|p1b: Iron Hands|5\/100 brn\n|\n|-heal|p1a: Grimmsnarl|29\/100|[from] item: Leftovers\n|-heal|p1b: Iron Hands|11\/100 brn|[from] item: Leftovers\n|-damage|p1b: Iron Hands|5\/100 brn|[from] brn\n|-sideend|p1: Light kitten|Reflect\n|upkeep\n|\n|t:|1699330385\n|switch|p2b: Azumarill|Azumarill, M, shiny|100\/100\n|turn|6\n|\n|t:|1699330397\n|move|p2a: Volcanion|Protect|p2a: Volcanion\n|-singleturn|p2a: Volcanion|Protect\n|move|p1a: Grimmsnarl|Thunder Wave|p2b: Azumarill|[miss]\n|-miss|p1a: Grimmsnarl|p2b: Azumarill\n|move|p2b: Azumarill|Aqua Jet|p1b: Iron Hands\n|-damage|p1b: Iron Hands|0 fnt\n|faint|p1b: Iron Hands\n|-end|p1b: Iron Hands|Quark Drive|[silent]\n|\n|-heal|p1a: Grimmsnarl|36\/100|[from] item: Leftovers\n|upkeep\n|\n|t:|1699330406\n|switch|p1b: Meowscarada|Meowscarada, M|100\/100\n|turn|7\n|\n|t:|1699330416\n|move|p1a: Grimmsnarl|Thunder Wave|p2b: Azumarill\n|-status|p2b: Azumarill|par\n|move|p1b: Meowscarada|Flower Trick|p2b: Azumarill\n|-start|p1b: Meowscarada|typechange|Grass|[from] ability: Protean\n|-supereffective|p2b: Azumarill\n|-crit|p2b: Azumarill\n|-damage|p2b: Azumarill|0 fnt\n|faint|p2b: Azumarill\n|move|p2a: Volcanion|Heat Wave|p1b: Meowscarada|[spread] p1a,p1b\n|-supereffective|p1b: Meowscarada\n|-damage|p1a: Grimmsnarl|21\/100\n|-damage|p1b: Meowscarada|41\/100\n|\n|-heal|p1a: Grimmsnarl|27\/100|[from] item: Leftovers\n|upkeep\n|\n|t:|1699330436\n|switch|p2b: Pelipper|Pelipper, M, shiny|100\/100\n|-weather|RainDance|[from] ability: Drizzle|[of] p2b: Pelipper\n|turn|8\n|\n|t:|1699330448\n|move|p1b: Meowscarada|Sucker Punch|p2a: Volcanion\n|-damage|p2a: Volcanion|37\/100\n|move|p1a: Grimmsnarl|Thunder Wave|p2b: Pelipper\n|-status|p2b: Pelipper|par\n|move|p2a: Volcanion|Heat Wave|p1b: Meowscarada|[spread] p1a,p1b\n|-supereffective|p1b: Meowscarada\n|-damage|p1a: Grimmsnarl|20\/100\n|-damage|p1b: Meowscarada|11\/100\n|move|p2b: Pelipper|Ice Beam|p1b: Meowscarada\n|-supereffective|p1b: Meowscarada\n|-damage|p1b: Meowscarada|0 fnt\n|faint|p1b: Meowscarada\n|\n|-weather|RainDance|[upkeep]\n|-heal|p1a: Grimmsnarl|26\/100|[from] item: Leftovers\n|upkeep\n|\n|t:|1699330463\n|switch|p1b: Ogerpon|Ogerpon-Hearthflame, F|100\/100\n|-ability|p1b: Ogerpon|Mold Breaker\n|turn|9\n|\n|t:|1699330501\n|-terastallize|p1b: Ogerpon|Fire\n|detailschange|p1b: Ogerpon|Ogerpon-Hearthflame-Tera, F, tera:Fire\n|-ability|p1b: Ogerpon|Embody Aspect (Hearthflame)|boost\n|-boost|p1b: Ogerpon|atk|1\n|move|p1a: Grimmsnarl|Thunder Wave|p2a: Volcanion\n|-status|p2a: Volcanion|par\n|move|p1b: Ogerpon|Ivy Cudgel|p2a: Volcanion\n|-resisted|p2a: Volcanion\n|-damage|p2a: Volcanion|28\/100 par\n|move|p2b: Pelipper|Hurricane|p1b: Ogerpon\n|-damage|p1b: Ogerpon|58\/100\n|move|p2a: Volcanion|Steam Eruption|p1b: Ogerpon\n|-supereffective|p1b: Ogerpon\n|-damage|p1b: Ogerpon|0 fnt\n|faint|p1b: Ogerpon\n|\n|-weather|RainDance|[upkeep]\n|-heal|p1a: Grimmsnarl|32\/100|[from] item: Leftovers\n|-sideend|p1: Light kitten|move: Light Screen\n|upkeep\n|\n|t:|1699330521\n|switch|p1b: Chien-Pao|Chien-Pao|100\/100\n|-ability|p1b: Chien-Pao|Sword of Ruin\n|turn|10\n|\n|t:|1699330544\n|move|p1b: Chien-Pao|Protect|p1b: Chien-Pao\n|-singleturn|p1b: Chien-Pao|Protect\n|move|p1a: Grimmsnarl|Light Screen|p1a: Grimmsnarl\n|-sidestart|p1: Light kitten|move: Light Screen\n|cant|p2b: Pelipper|par\n|cant|p2a: Volcanion|par\n|\n|-weather|RainDance|[upkeep]\n|-heal|p1a: Grimmsnarl|38\/100|[from] item: Leftovers\n|upkeep\n|turn|11\n|\n|t:|1699330565\n|move|p1b: Chien-Pao|Ice Spinner|p2b: Pelipper\n|-damage|p2b: Pelipper|45\/100 par\n|move|p1a: Grimmsnarl|Spirit Break|p2a: Volcanion\n|-resisted|p2a: Volcanion\n|-damage|p2a: Volcanion|16\/100 par\n|-unboost|p2a: Volcanion|spa|1\n|cant|p2b: Pelipper|par\n|move|p2a: Volcanion|Heat Wave|p1b: Chien-Pao|[spread] p1a,p1b\n|-supereffective|p1b: Chien-Pao\n|-damage|p1a: Grimmsnarl|33\/100\n|-damage|p1b: Chien-Pao|78\/100\n|\n|-weather|RainDance|[upkeep]\n|-heal|p1a: Grimmsnarl|39\/100|[from] item: Leftovers\n|upkeep\n|turn|12\n|\n|t:|1699330585\n|move|p1b: Chien-Pao|Protect|p1b: Chien-Pao\n|-singleturn|p1b: Chien-Pao|Protect\n|move|p1a: Grimmsnarl|Spirit Break|p2a: Volcanion\n|-resisted|p2a: Volcanion\n|-damage|p2a: Volcanion|5\/100 par\n|-unboost|p2a: Volcanion|spa|1\n|move|p2b: Pelipper|Surf|p1b: Chien-Pao|[spread] p1a\n|-activate|p1b: Chien-Pao|move: Protect\n|-heal|p2a: Volcanion|30\/100 par|[from] ability: Water Absorb|[of] p2b: Pelipper\n|-damage|p1a: Grimmsnarl|14\/100\n|cant|p2a: Volcanion|par\n|\n|-weather|RainDance|[upkeep]\n|-heal|p1a: Grimmsnarl|20\/100|[from] item: Leftovers\n|upkeep\n|turn|13\n|\n|t:|1699330609\n|move|p1b: Chien-Pao|Ice Spinner|p2b: Pelipper\n|-damage|p2b: Pelipper|0 fnt\n|faint|p2b: Pelipper\n|move|p1a: Grimmsnarl|Spirit Break|p2a: Volcanion\n|-resisted|p2a: Volcanion\n|-damage|p2a: Volcanion|18\/100 par\n|-unboost|p2a: Volcanion|spa|1\n|move|p2a: Volcanion|Heat Wave|p1b: Chien-Pao|[spread] p1a,p1b\n|-supereffective|p1b: Chien-Pao\n|-damage|p1a: Grimmsnarl|17\/100\n|-damage|p1b: Chien-Pao|65\/100\n|\n|-weather|RainDance|[upkeep]\n|-heal|p1a: Grimmsnarl|23\/100|[from] item: Leftovers\n|upkeep\n|\n|t:|1699330613\n|switch|p2b: Zoroark|Zoroark-Hisui, M, shiny|100\/100\n|turn|14\n|\n|t:|1699330639\n|move|p1b: Chien-Pao|Protect|p1b: Chien-Pao\n|-singleturn|p1b: Chien-Pao|Protect\n|move|p1a: Grimmsnarl|Reflect|p1a: Grimmsnarl\n|-sidestart|p1: Light kitten|Reflect\n|move|p2a: Volcanion|Heat Wave|p1a: Grimmsnarl|[spread] p1a\n|-activate|p1b: Chien-Pao|move: Protect\n|-damage|p1a: Grimmsnarl|20\/100\n|move|p2b: Zoroark|Trick|p1b: Chien-Pao\n|-activate|p1b: Chien-Pao|move: Protect\n|\n|-weather|RainDance|[upkeep]\n|-heal|p1a: Grimmsnarl|26\/100|[from] item: Leftovers\n|-sideend|p1: Light kitten|move: Light Screen\n|upkeep\n|turn|15\n|j| kard nettik\n|\n|t:|1699330662\n|move|p1a: Grimmsnarl|Thunder Wave|p2b: Zoroark\n|-status|p2b: Zoroark|par\n|move|p1b: Chien-Pao|Ice Spinner|p2b: Zoroark\n|-damage|p2b: Zoroark|0 fnt\n|faint|p2b: Zoroark\n|cant|p2a: Volcanion|par\n|\n|-weather|none\n|-heal|p1a: Grimmsnarl|32\/100|[from] item: Leftovers\n|upkeep\n|turn|16\n|\n|t:|1699330677\n|move|p2a: Volcanion|Protect|p2a: Volcanion\n|-singleturn|p2a: Volcanion|Protect\n|move|p1b: Chien-Pao|Ice Spinner|p2a: Volcanion\n|-activate|p2a: Volcanion|move: Protect\n|move|p1a: Grimmsnarl|Spirit Break|p2a: Volcanion\n|-activate|p2a: Volcanion|move: Protect\n|\n|-heal|p1a: Grimmsnarl|39\/100|[from] item: Leftovers\n|upkeep\n|turn|17\n|\n|t:|1699330692\n|move|p1b: Chien-Pao|Protect|p1b: Chien-Pao\n|-singleturn|p1b: Chien-Pao|Protect\n|move|p1a: Grimmsnarl|Light Screen|p1a: Grimmsnarl\n|-sidestart|p1: Light kitten|move: Light Screen\n|move|p2a: Volcanion|Heat Wave|p1b: Chien-Pao|[spread] p1a\n|-activate|p1b: Chien-Pao|move: Protect\n|-damage|p1a: Grimmsnarl|32\/100\n|\n|-heal|p1a: Grimmsnarl|39\/100|[from] item: Leftovers\n|upkeep\n|turn|18\n|\n|t:|1699330705\n|move|p2a: Volcanion|Protect|p2a: Volcanion\n|-singleturn|p2a: Volcanion|Protect\n|move|p1b: Chien-Pao|Ice Spinner|p2a: Volcanion\n|-activate|p2a: Volcanion|move: Protect\n|move|p1a: Grimmsnarl|Spirit Break|p2a: Volcanion\n|-activate|p2a: Volcanion|move: Protect\n|\n|-heal|p1a: Grimmsnarl|45\/100|[from] item: Leftovers\n|-sideend|p1: Light kitten|Reflect\n|upkeep\n|turn|19\n|\n|t:|1699330710\n|move|p1b: Chien-Pao|Ice Spinner|p2a: Volcanion\n|-resisted|p2a: Volcanion\n|-damage|p2a: Volcanion|10\/100 par\n|move|p1a: Grimmsnarl|Spirit Break|p2a: Volcanion\n|-resisted|p2a: Volcanion\n|-damage|p2a: Volcanion|0 fnt\n|faint|p2a: Volcanion\n|\n|win|Light kitten\n|raw|Light kitten's rating: 1102 &rarr; <strong>1120<\/strong><br \/>(+18 for winning)\n|raw|sunnyAplus's rating: 1000 &rarr; <strong>1000<\/strong><br \/>(+0 for losing)\n|l|\u2606sunnyAplus\n|l| kard nettik\n","uploadtime":1699330998,"views":10,"p1id":"lightkitten","p2id":"sunnyaplus","formatid":"gen9doublesou","rating":1000,"private":0,"password":""}