{"id":"gen9doublesou-1974938995","p1":"Yuen530","p2":"Geniusatstuff","format":"[Gen 9] Doubles OU","log":"|j|\u2606Yuen530\n|j|\u2606Geniusatstuff\n|t:|1698147182\n|gametype|doubles\n|player|p1|Yuen530|ethan|1124\n|player|p2|Geniusatstuff|1|1152\n|teamsize|p1|6\n|teamsize|p2|6\n|gen|9\n|tier|[Gen 9] Doubles OU\n|rated|\n|rule|Species Clause: Limit one of each Pok\u00e9mon\n|rule|OHKO Clause: OHKO moves are banned\n|rule|Evasion Moves Clause: Evasion moves are banned\n|rule|Gravity Sleep Clause: The combination of sleep-inducing moves with imperfect accuracy and Gravity or Gigantamax Orbeetle are banned\n|rule|Endless Battle Clause: Forcing endless battles is banned\n|rule|HP Percentage Mod: HP is shown in percentages\n|clearpoke\n|poke|p1|Decidueye-Hisui, F|\n|poke|p1|Tyranitar, M|\n|poke|p1|Zapdos|\n|poke|p1|Gliscor, F|\n|poke|p1|Amoonguss, M|\n|poke|p1|Regidrago|\n|poke|p2|Baxcalibur, F|\n|poke|p2|Milotic, F|\n|poke|p2|Oricorio-Pom-Pom, M|\n|poke|p2|Flamigo, M|\n|poke|p2|Volcarona, M|\n|poke|p2|Wyrdeer, M|\n|teampreview\n|inactive|Battle timer is ON: inactive players will automatically lose when time's up. (requested by Yuen530)\n|\n|t:|1698147200\n|start\n|switch|p1a: Regidrago|Regidrago|100\/100\n|switch|p1b: Amoonguss|Amoonguss, M|100\/100\n|switch|p2a: Oricorio|Oricorio-Pom-Pom, M, shiny|100\/100\n|switch|p2b: Wyrdeer|Wyrdeer, M, shiny|100\/100\n|-ability|p2b: Wyrdeer|Intimidate|boost\n|-unboost|p1a: Regidrago|atk|1\n|-unboost|p1b: Amoonguss|atk|1\n|turn|1\n|\n|t:|1698147219\n|move|p2a: Oricorio|Tailwind|p2a: Oricorio\n|-sidestart|p2: Geniusatstuff|move: Tailwind\n|move|p2b: Wyrdeer|Skill Swap|p2a: Oricorio\n|-activate|p2b: Wyrdeer|move: Skill Swap|||[of] p2a: Oricorio\n|-ability|p2a: Oricorio|Intimidate|boost\n|-unboost|p1a: Regidrago|atk|1\n|-unboost|p1b: Amoonguss|atk|1\n|move|p1a: Regidrago|Dragon Energy|p2b: Wyrdeer|[spread] p2a,p2b\n|-enditem|p2a: Oricorio|Focus Sash\n|-damage|p2a: Oricorio|1\/100\n|-damage|p2b: Wyrdeer|17\/100\n|move|p1b: Amoonguss|Pollen Puff|p2b: Wyrdeer\n|-supereffective|p2b: Wyrdeer\n|-damage|p2b: Wyrdeer|0 fnt\n|faint|p2b: Wyrdeer\n|\n|upkeep\n|inactive|Geniusatstuff has 120 seconds left.\n|\n|t:|1698147242\n|switch|p2b: Baxcalibur|Baxcalibur, F, shiny|100\/100\n|turn|2\n|inactive|Geniusatstuff has 120 seconds left.\n|\n|t:|1698147267\n|switch|p2a: Milotic|Milotic, F, shiny|100\/100\n|-terastallize|p2b: Baxcalibur|Dragon\n|move|p2b: Baxcalibur|Scale Shot|p1a: Regidrago\n|-supereffective|p1a: Regidrago\n|-damage|p1a: Regidrago|61\/100\n|-supereffective|p1a: Regidrago\n|-damage|p1a: Regidrago|22\/100\n|-supereffective|p1a: Regidrago\n|-damage|p1a: Regidrago|0 fnt\n|faint|p1a: Regidrago\n|-hitcount|p1: Regidrago|3\n|-unboost|p2b: Baxcalibur|def|1\n|-boost|p2b: Baxcalibur|spe|1\n|move|p1b: Amoonguss|Pollen Puff|p1: Regidrago|[notarget]\n|-fail|p1b: Amoonguss\n|\n|upkeep\n|\n|t:|1698147287\n|switch|p1a: Decidueye|Decidueye-Hisui, F, shiny|100\/100\n|turn|3\n|\n|t:|1698147300\n|switch|p2a: Volcarona|Volcarona, M, shiny|100\/100\n|move|p2b: Baxcalibur|Dragon Dance|p2b: Baxcalibur\n|-boost|p2b: Baxcalibur|atk|1\n|-boost|p2b: Baxcalibur|spe|1\n|move|p1a: Decidueye|Leaf Blade|p2a: Volcarona\n|-resisted|p2a: Volcarona\n|-damage|p2a: Volcarona|83\/100\n|move|p1b: Amoonguss|Spore|p2b: Baxcalibur\n|-status|p2b: Baxcalibur|slp|[from] move: Spore\n|\n|upkeep\n|turn|4\n|\n|t:|1698147321\n|-terastallize|p1a: Decidueye|Rock\n|cant|p2b: Baxcalibur|slp\n|move|p2a: Volcarona|Fiery Dance|p1b: Amoonguss\n|-supereffective|p1b: Amoonguss\n|-damage|p1b: Amoonguss|34\/100\n|move|p1a: Decidueye|Bulk Up|p1a: Decidueye\n|-boost|p1a: Decidueye|atk|1\n|-boost|p1a: Decidueye|def|1\n|move|p1b: Amoonguss|Clear Smog|p2a: Volcarona\n|-damage|p2a: Volcarona|67\/100\n|-clearboost|p2a: Volcarona\n|\n|-heal|p1b: Amoonguss|40\/100|[from] item: Leftovers\n|-sideend|p2: Geniusatstuff|move: Tailwind\n|upkeep\n|turn|5\n|\n|t:|1698147346\n|cant|p2b: Baxcalibur|slp\n|move|p2a: Volcarona|Giga Drain|p1a: Decidueye\n|-supereffective|p1a: Decidueye\n|-damage|p1a: Decidueye|43\/100\n|-heal|p2a: Volcarona|96\/100|[from] drain|[of] p1a: Decidueye\n|move|p1a: Decidueye|Triple Arrows|p2b: Baxcalibur\n|-crit|p2b: Baxcalibur\n|-damage|p2b: Baxcalibur|0 fnt\n|faint|p2b: Baxcalibur\n|move|p1b: Amoonguss|Spore|p2a: Volcarona\n|-status|p2a: Volcarona|slp|[from] move: Spore\n|\n|-heal|p1b: Amoonguss|46\/100|[from] item: Leftovers\n|upkeep\n|inactive|Geniusatstuff has 120 seconds left.\n|\n|t:|1698147369\n|switch|p2b: Milotic|Milotic, F, shiny|100\/100\n|turn|6\n|\n|t:|1698147382\n|cant|p2a: Volcarona|slp\n|move|p2b: Milotic|Coil|p2b: Milotic\n|-boost|p2b: Milotic|atk|1\n|-boost|p2b: Milotic|def|1\n|-boost|p2b: Milotic|accuracy|1\n|move|p1a: Decidueye|Leaf Blade|p2b: Milotic\n|-supereffective|p2b: Milotic\n|-damage|p2b: Milotic|15\/100\n|move|p1b: Amoonguss|Pollen Puff|p1a: Decidueye\n|-heal|p1a: Decidueye|93\/100\n|\n|-heal|p2b: Milotic|21\/100|[from] item: Leftovers\n|-heal|p1b: Amoonguss|53\/100|[from] item: Leftovers\n|upkeep\n|turn|7\n|\n|t:|1698147404\n|move|p1b: Amoonguss|Protect|p1b: Amoonguss\n|-singleturn|p1b: Amoonguss|Protect\n|-curestatus|p2a: Volcarona|slp|[msg]\n|move|p2a: Volcarona|Quiver Dance|p2a: Volcarona\n|-boost|p2a: Volcarona|spa|1\n|-boost|p2a: Volcarona|spd|1\n|-boost|p2a: Volcarona|spe|1\n|move|p2b: Milotic|Hypnosis|p1a: Decidueye|[miss]\n|-miss|p2b: Milotic|p1a: Decidueye\n|move|p1a: Decidueye|Leaf Blade|p2b: Milotic\n|-supereffective|p2b: Milotic\n|-damage|p2b: Milotic|0 fnt\n|faint|p2b: Milotic\n|\n|-heal|p1b: Amoonguss|59\/100|[from] item: Leftovers\n|upkeep\n|inactive|Geniusatstuff has 120 seconds left.\n|\n|t:|1698147422\n|switch|p2b: Oricorio|Oricorio-Pom-Pom, M, shiny|1\/100\n|turn|8\n|\n|t:|1698147432\n|move|p2b: Oricorio|Protect|p2b: Oricorio\n|-singleturn|p2b: Oricorio|Protect\n|move|p2a: Volcarona|Fiery Dance|p1b: Amoonguss\n|-supereffective|p1b: Amoonguss\n|-damage|p1b: Amoonguss|0 fnt\n|-boost|p2a: Volcarona|spa|1\n|faint|p1b: Amoonguss\n|-activate|p2b: Oricorio|ability: Dancer\n|move|p2b: Oricorio|Fiery Dance|p1a: Decidueye|[from]ability: Dancer\n|-resisted|p1a: Decidueye\n|-damage|p1a: Decidueye|80\/100\n|move|p1a: Decidueye|Triple Arrows|p2a: Volcarona\n|-resisted|p2a: Volcarona\n|-damage|p2a: Volcarona|51\/100\n|\n|upkeep\n|\n|t:|1698147440\n|switch|p1b: Tyranitar|Tyranitar, M|100\/100\n|-ability|p1b: Tyranitar|Unnerve\n|turn|9\n|\n|t:|1698147465\n|move|p2a: Volcarona|Giga Drain|p1a: Decidueye\n|-supereffective|p1a: Decidueye\n|-damage|p1a: Decidueye|0 fnt\n|-heal|p2a: Volcarona|91\/100|[from] drain|[of] p1a: Decidueye\n|faint|p1a: Decidueye\n|move|p2b: Oricorio|Tailwind|p2b: Oricorio\n|-sidestart|p2: Geniusatstuff|move: Tailwind\n|move|p1b: Tyranitar|Stone Edge|p2a: Volcarona|[miss]\n|-miss|p1b: Tyranitar|p2a: Volcarona\n|\n|upkeep\n|\n|t:|1698147471\n|switch|p1a: Zapdos|Zapdos|100\/100\n|turn|10\n|\n|t:|1698147493\n|move|p2a: Volcarona|Giga Drain|p1b: Tyranitar\n|-supereffective|p1b: Tyranitar\n|-damage|p1b: Tyranitar|13\/100\n|-heal|p2a: Volcarona|100\/100|[from] drain|[of] p1b: Tyranitar\n|move|p2b: Oricorio|Revelation Dance|p1a: Zapdos\n|-damage|p1a: Zapdos|53\/100\n|move|p1a: Zapdos|Ancient Power|p2b: Oricorio\n|-supereffective|p2b: Oricorio\n|-damage|p2b: Oricorio|0 fnt\n|-boost|p1a: Zapdos|atk|1\n|-boost|p1a: Zapdos|def|1\n|-boost|p1a: Zapdos|spa|1\n|-boost|p1a: Zapdos|spd|1\n|-boost|p1a: Zapdos|spe|1\n|faint|p2b: Oricorio\n|move|p1b: Tyranitar|Stomping Tantrum|p2a: Volcarona\n|-damage|p2a: Volcarona|18\/100\n|\n|upkeep\n|inactive|Geniusatstuff has 120 seconds left.\n|\n|t:|1698147510\n|switch|p2b: Flamigo|Flamigo, M, shiny|100\/100\n|-copyboost|p2b: Flamigo|p2a: Volcarona|[from] ability: Costar\n|turn|11\n|\n|t:|1698147527\n|move|p2b: Flamigo|Protect|p2b: Flamigo\n|-singleturn|p2b: Flamigo|Protect\n|move|p2a: Volcarona|Giga Drain|p1b: Tyranitar\n|-supereffective|p1b: Tyranitar\n|-damage|p1b: Tyranitar|0 fnt\n|-heal|p2a: Volcarona|24\/100|[from] drain|[of] p1b: Tyranitar\n|-enditem|p2a: Volcarona|Sitrus Berry|[eat]\n|-heal|p2a: Volcarona|49\/100|[from] item: Sitrus Berry\n|faint|p1b: Tyranitar\n|move|p1a: Zapdos|Hurricane|p2b: Flamigo\n|-activate|p2b: Flamigo|move: Protect\n|\n|upkeep\n|\n|t:|1698147530\n|switch|p1b: Gliscor|Gliscor, F|100\/100\n|turn|12\n|\n|t:|1698147559\n|move|p2a: Volcarona|Fiery Dance|p1a: Zapdos\n|-damage|p1a: Zapdos|0 fnt\n|-boost|p2a: Volcarona|spa|1\n|faint|p1a: Zapdos\n|move|p2b: Flamigo|Brave Bird|p1b: Gliscor\n|-damage|p1b: Gliscor|38\/100\n|-damage|p2b: Flamigo|81\/100|[from] Recoil\n|-damage|p2b: Flamigo|71\/100|[from] item: Life Orb\n|move|p1b: Gliscor|High Horsepower|p2a: Volcarona\n|-crit|p2a: Volcarona\n|-damage|p2a: Volcarona|0 fnt\n|faint|p2a: Volcarona\n|\n|-sideend|p2: Geniusatstuff|move: Tailwind\n|-status|p1b: Gliscor|tox|[from] item: Toxic Orb\n|upkeep\n|turn|13\n|-message|Yuen530 forfeited.\n|\n|win|Geniusatstuff\n|raw|Yuen530's rating: 1124 &rarr; <strong>1101<\/strong><br \/>(-23 for losing)\n|raw|Geniusatstuff's rating: 1152 &rarr; <strong>1175<\/strong><br \/>(+23 for winning)\n|l|\u2606Yuen530\n","uploadtime":1698147581,"views":21,"p1id":"yuen530","p2id":"geniusatstuff","formatid":"gen9doublesou","rating":1101,"private":0,"password":""}