{"id":"gen9doublesou-1981423033","p1":"Skeliton Lord","p2":"horsey 2006","format":"[Gen 9] Doubles OU","log":"|j|\u2606Skeliton Lord\n|j|\u2606horsey 2006\n|t:|1698894182\n|gametype|doubles\n|player|p1|Skeliton Lord|169|1269\n|player|p2|horsey 2006|265|1207\n|teamsize|p1|6\n|teamsize|p2|6\n|gen|9\n|tier|[Gen 9] Doubles OU\n|rated|\n|rule|Species Clause: Limit one of each Pok\u00e9mon\n|rule|OHKO Clause: OHKO moves are banned\n|rule|Evasion Moves Clause: Evasion moves are banned\n|rule|Gravity Sleep Clause: The combination of sleep-inducing moves with imperfect accuracy and Gravity or Gigantamax Orbeetle are banned\n|rule|Endless Battle Clause: Forcing endless battles is banned\n|rule|HP Percentage Mod: HP is shown in percentages\n|clearpoke\n|poke|p1|Flutter Mane|\n|poke|p1|Tornadus, M|\n|poke|p1|Great Tusk|\n|poke|p1|Glimmora, M|\n|poke|p1|Gholdengo|\n|poke|p1|Sinistcha-Masterpiece|\n|poke|p2|Enamorus-Therian, F|\n|poke|p2|Hatterene, F|\n|poke|p2|Quaquaval, M|\n|poke|p2|Great Tusk|\n|poke|p2|Vikavolt, M|\n|poke|p2|Wo-Chien|\n|teampreview\n|inactive|Battle timer is ON: inactive players will automatically lose when time's up. (requested by Skeliton Lord)\n|\n|t:|1698894202\n|start\n|switch|p1a: Flutter Mane|Flutter Mane|100\/100\n|switch|p1b: Gholdengo|Gholdengo|100\/100\n|switch|p2a: Enamorus|Enamorus-Therian, F|100\/100\n|switch|p2b: Great Tusk|Great Tusk|100\/100\n|-enditem|p1a: Flutter Mane|Booster Energy\n|-activate|p1a: Flutter Mane|ability: Protosynthesis|[fromitem]\n|-start|p1a: Flutter Mane|protosynthesisspa\n|turn|1\n|\n|t:|1698894228\n|-terastallize|p2a: Enamorus|Steel\n|move|p2b: Great Tusk|Protect|p2b: Great Tusk\n|-singleturn|p2b: Great Tusk|Protect\n|move|p1a: Flutter Mane|Substitute|p1a: Flutter Mane\n|-start|p1a: Flutter Mane|Substitute\n|-damage|p1a: Flutter Mane|76\/100\n|move|p1b: Gholdengo|Trick|p2a: Enamorus\n|-activate|p1b: Gholdengo|move: Trick|[of] p2a: Enamorus\n|-item|p2a: Enamorus|Choice Specs|[from] move: Trick\n|-item|p1b: Gholdengo|Assault Vest|[from] move: Trick\n|move|p2a: Enamorus|Tera Blast|p1a: Flutter Mane|[anim] Tera Blast Steel\n|-supereffective|p1a: Flutter Mane\n|-end|p1a: Flutter Mane|Substitute\n|\n|upkeep\n|turn|2\n|\n|t:|1698894256\n|-terastallize|p1a: Flutter Mane|Normal\n|move|p1a: Flutter Mane|Dazzling Gleam|p2b: Great Tusk|[spread] p2a,p2b\n|-resisted|p2a: Enamorus\n|-supereffective|p2b: Great Tusk\n|-damage|p2a: Enamorus|77\/100\n|-damage|p2b: Great Tusk|20\/100\n|move|p1b: Gholdengo|Shadow Ball|p2a: Enamorus\n|-damage|p2a: Enamorus|29\/100\n|move|p2b: Great Tusk|Knock Off|p1b: Gholdengo\n|-supereffective|p1b: Gholdengo\n|-damage|p1b: Gholdengo|40\/100\n|-enditem|p1b: Gholdengo|Assault Vest|[from] move: Knock Off|[of] p2b: Great Tusk\n|move|p2a: Enamorus|Tera Blast|p1a: Flutter Mane|[anim] Tera Blast Steel\n|-crit|p1a: Flutter Mane\n|-damage|p1a: Flutter Mane|0 fnt\n|faint|p1a: Flutter Mane\n|-end|p1a: Flutter Mane|Protosynthesis|[silent]\n|\n|upkeep\n|inactive|Skeliton Lord has 120 seconds left.\n|\n|t:|1698894266\n|switch|p1a: Tornadus|Tornadus, M|100\/100\n|turn|3\n|\n|t:|1698894296\n|switch|p2a: Vikavolt|Vikavolt, M|100\/100\n|move|p1a: Tornadus|Fly||[still]\n|-prepare|p1a: Tornadus|Fly\n|-enditem|p1a: Tornadus|Power Herb\n|-anim|p1a: Tornadus|Fly|p2b: Great Tusk\n|-supereffective|p2b: Great Tusk\n|-damage|p2b: Great Tusk|0 fnt\n|faint|p2b: Great Tusk\n|-end|p2b: Great Tusk|Protosynthesis|[silent]\n|move|p1b: Gholdengo|Shadow Ball|p2a: Vikavolt\n|-damage|p2a: Vikavolt|52\/100\n|\n|upkeep\n|inactive|horsey 2006 has 120 seconds left.\n|\n|t:|1698894310\n|switch|p2b: Wo-Chien|Wo-Chien|100\/100\n|-ability|p2b: Wo-Chien|Tablets of Ruin\n|turn|4\n|\n|t:|1698894322\n|move|p2b: Wo-Chien|Protect|p2b: Wo-Chien\n|-singleturn|p2b: Wo-Chien|Protect\n|move|p1a: Tornadus|Acrobatics|p2a: Vikavolt\n|-damage|p2a: Vikavolt|14\/100\n|move|p1b: Gholdengo|Shadow Ball|p2a: Vikavolt\n|-damage|p2a: Vikavolt|0 fnt\n|faint|p2a: Vikavolt\n|\n|upkeep\n|\n|t:|1698894337\n|switch|p2a: Hatterene|Hatterene, F|100\/100\n|turn|5\n|\n|t:|1698894345\n|move|p1a: Tornadus|Acrobatics|p2a: Hatterene\n|-damage|p2a: Hatterene|60\/100\n|move|p1b: Gholdengo|Shadow Ball|p2a: Hatterene\n|-supereffective|p2a: Hatterene\n|-damage|p2a: Hatterene|0 fnt\n|faint|p2a: Hatterene\n|move|p2b: Wo-Chien|Leech Seed|p1a: Tornadus\n|-start|p1a: Tornadus|move: Leech Seed\n|\n|-damage|p1a: Tornadus|88\/100|[from] Leech Seed|[of] p2b: Wo-Chien\n|upkeep\n|\n|t:|1698894355\n|switch|p2a: Quaquaval|Quaquaval, M|100\/100\n|turn|6\n|\n|t:|1698894384\n|move|p1a: Tornadus|Sunny Day|p1a: Tornadus\n|-weather|SunnyDay\n|move|p2a: Quaquaval|Aqua Step|p1b: Gholdengo\n|-damage|p1b: Gholdengo|22\/100\n|-boost|p2a: Quaquaval|spe|1\n|move|p1b: Gholdengo|Thunderbolt|p2a: Quaquaval\n|-supereffective|p2a: Quaquaval\n|-damage|p2a: Quaquaval|8\/100\n|move|p2b: Wo-Chien|Giga Drain|p1a: Tornadus\n|-resisted|p1a: Tornadus\n|-damage|p1a: Tornadus|73\/100\n|\n|-weather|SunnyDay|[upkeep]\n|-damage|p1a: Tornadus|61\/100|[from] Leech Seed|[of] p2b: Wo-Chien\n|upkeep\n|turn|7\n|\n|t:|1698894409\n|move|p2a: Quaquaval|Protect|p2a: Quaquaval\n|-singleturn|p2a: Quaquaval|Protect\n|move|p1a: Tornadus|Tailwind|p1a: Tornadus\n|-sidestart|p1: Skeliton Lord|move: Tailwind\n|move|p1b: Gholdengo|Trick|p2b: Wo-Chien\n|-activate|p1b: Gholdengo|move: Trick|[of] p2b: Wo-Chien\n|-enditem|p2b: Wo-Chien|Leftovers|[silent]|[from] move: Trick\n|-item|p1b: Gholdengo|Leftovers|[from] move: Trick\n|move|p2b: Wo-Chien|Leech Seed|p1b: Gholdengo\n|-immune|p1b: Gholdengo|[from] ability: Good as Gold\n|\n|-weather|SunnyDay|[upkeep]\n|-heal|p1b: Gholdengo|28\/100|[from] item: Leftovers\n|-damage|p1a: Tornadus|49\/100|[from] Leech Seed|[of] p2b: Wo-Chien\n|upkeep\n|turn|8\n|\n|t:|1698894431\n|switch|p1a: Sinistcha|Sinistcha-Masterpiece|100\/100\n|-heal|p1b: Gholdengo|53\/100|[from] ability: Hospitality|[of] p1a: Sinistcha\n|switch|p2a: Enamorus|Enamorus-Therian, F, tera:Steel|29\/100\n|move|p1b: Gholdengo|Thunderbolt|p2a: Enamorus\n|-damage|p2a: Enamorus|0 fnt\n|faint|p2a: Enamorus\n|move|p2b: Wo-Chien|Giga Drain|p1b: Gholdengo\n|-resisted|p1b: Gholdengo\n|-damage|p1b: Gholdengo|39\/100\n|\n|-weather|SunnyDay|[upkeep]\n|-heal|p1b: Gholdengo|45\/100|[from] item: Leftovers\n|upkeep\n|inactive|horsey 2006 has 120 seconds left.\n|\n|t:|1698894447\n|switch|p2a: Quaquaval|Quaquaval, M|8\/100\n|turn|9\n|\n|t:|1698894464\n|move|p1b: Gholdengo|Shadow Ball|p2a: Quaquaval\n|-damage|p2a: Quaquaval|0 fnt\n|faint|p2a: Quaquaval\n|move|p1a: Sinistcha|Shadow Ball|p2b: Wo-Chien\n|-resisted|p2b: Wo-Chien\n|-damage|p2b: Wo-Chien|87\/100\n|move|p2b: Wo-Chien|Giga Drain|p1b: Gholdengo\n|-resisted|p1b: Gholdengo\n|-damage|p1b: Gholdengo|30\/100\n|-heal|p2b: Wo-Chien|94\/100|[from] drain|[of] p1b: Gholdengo\n|\n|-weather|SunnyDay|[upkeep]\n|-heal|p1b: Gholdengo|36\/100|[from] item: Leftovers\n|upkeep\n|turn|10\n|-message|horsey 2006 forfeited.\n|\n|win|Skeliton Lord\n|raw|Skeliton Lord's rating: 1269 &rarr; <strong>1290<\/strong><br \/>(+21 for winning)\n|raw|horsey 2006's rating: 1207 &rarr; <strong>1186<\/strong><br \/>(-21 for losing)\n|l|\u2606horsey 2006\n","uploadtime":1698894478,"views":25,"p1id":"skelitonlord","p2id":"horsey2006","formatid":"gen9doublesou","rating":1186,"private":0,"password":""}