{"id":"gen9doublesou-1984680025","p1":"Procopius","p2":"Jmmochko","format":"[Gen 9] Doubles OU","log":"|j|\u2606Procopius\n|j|\u2606Jmmochko\n|inactive|Battle timer is ON: inactive players will automatically lose when time's up.\n|t:|1699290293\n|gametype|doubles\n|player|p1|Procopius|ballguy|\n|player|p2|Jmmochko|266|\n|teamsize|p1|6\n|teamsize|p2|6\n|gen|9\n|tier|[Gen 9] Doubles OU\n|rated|Tournament battle\n|rule|Species Clause: Limit one of each Pok\u00e9mon\n|rule|OHKO Clause: OHKO moves are banned\n|rule|Evasion Moves Clause: Evasion moves are banned\n|rule|Gravity Sleep Clause: The combination of sleep-inducing moves with imperfect accuracy and Gravity or Gigantamax Orbeetle are banned\n|rule|Endless Battle Clause: Forcing endless battles is banned\n|rule|HP Percentage Mod: HP is shown in percentages\n|clearpoke\n|poke|p1|Palafin, F|\n|poke|p1|Donphan, F|\n|poke|p1|Charizard, M|\n|poke|p1|Grimmsnarl, M|\n|poke|p1|Cloyster, M|\n|poke|p1|Forretress, F|\n|poke|p2|Bellibolt, F|\n|poke|p2|Glimmora, M|\n|poke|p2|Camerupt, F|\n|poke|p2|Hypno, F|\n|poke|p2|Breloom, M|\n|poke|p2|Lycanroc-Dusk, F|\n|teampreview\n|j|*Lady Monita \u263d\n|c|\u2606Jmmochko|glhf\n|c|\u2606Procopius|hf\n|\n|t:|1699290318\n|start\n|switch|p1a: Forretress|Forretress, F|100\/100\n|switch|p1b: Palafin|Palafin, F|100\/100\n|switch|p2a: Glimmora|Glimmora, M|100\/100\n|switch|p2b: Lycanroc|Lycanroc-Dusk, F|100\/100\n|turn|1\n|j| e3n\n|inactive|Jmmochko has 120 seconds left.\n|\n|t:|1699290355\n|move|p2b: Lycanroc|Protect|p2b: Lycanroc\n|-singleturn|p2b: Lycanroc|Protect\n|move|p1b: Palafin|Protect|p1b: Palafin\n|-singleturn|p1b: Palafin|Protect\n|move|p2a: Glimmora|Sludge Bomb|p1b: Palafin\n|-activate|p1b: Palafin|move: Protect\n|move|p1a: Forretress|Body Press|p2b: Lycanroc\n|-activate|p2b: Lycanroc|move: Protect\n|\n|upkeep\n|turn|2\n|\n|t:|1699290374\n|switch|p2b: Bellibolt|Bellibolt, F|100\/100\n|detailschange|p1b: Palafin|Palafin-Hero, F\n|switch|p1b: Donphan|Donphan, F|100\/100\n|move|p2a: Glimmora|Energy Ball|p1b: Donphan\n|-supereffective|p1b: Donphan\n|-damage|p1b: Donphan|20\/100\n|-enditem|p1b: Donphan|Sitrus Berry|[eat]\n|-heal|p1b: Donphan|44\/100|[from] item: Sitrus Berry\n|move|p1a: Forretress|Body Press|p2b: Bellibolt\n|-damage|p2b: Bellibolt|79\/100\n|-start|p2b: Bellibolt|Charge|Body Press|[from] ability: Electromorphosis\n|\n|upkeep\n|turn|3\n|\n|t:|1699290390\n|move|p2a: Glimmora|Energy Ball|p1b: Donphan\n|-supereffective|p1b: Donphan\n|-damage|p1b: Donphan|0 fnt\n|faint|p1b: Donphan\n|move|p1a: Forretress|Body Press|p2a: Glimmora\n|-damage|p2a: Glimmora|69\/100\n|-activate|p2a: Glimmora|ability: Toxic Debris\n|-sidestart|p1: Procopius|move: Toxic Spikes\n|move|p2b: Bellibolt|Reflect|p2b: Bellibolt\n|-sidestart|p2: Jmmochko|Reflect\n|\n|upkeep\n|\n|t:|1699290399\n|switch|p1b: Charizard|Charizard, M|100\/100\n|turn|4\n|\n|t:|1699290418\n|move|p1b: Charizard|Flamethrower|p2b: Bellibolt\n|-crit|p2b: Bellibolt\n|-damage|p2b: Bellibolt|7\/100\n|-start|p2b: Bellibolt|Charge|Flamethrower|[from] ability: Electromorphosis\n|-damage|p1b: Charizard|91\/100|[from] item: Life Orb\n|move|p2a: Glimmora|Sludge Bomb|p1b: Charizard\n|-damage|p1b: Charizard|39\/100\n|move|p1a: Forretress|Body Press|p2a: Glimmora\n|-damage|p2a: Glimmora|49\/100\n|-activate|p2a: Glimmora|ability: Toxic Debris\n|-sidestart|p1: Procopius|move: Toxic Spikes\n|move|p2b: Bellibolt|Light Screen|p2b: Bellibolt\n|-sidestart|p2: Jmmochko|move: Light Screen\n|\n|upkeep\n|turn|5\n|\n|t:|1699290440\n|switch|p2b: Camerupt|Camerupt, F|100\/100\n|move|p1b: Charizard|Flamethrower|p2b: Camerupt\n|-resisted|p2b: Camerupt\n|-damage|p2b: Camerupt|83\/100\n|-damage|p1b: Charizard|29\/100|[from] item: Life Orb\n|move|p2a: Glimmora|Sludge Bomb|p1b: Charizard\n|-crit|p1b: Charizard\n|-damage|p1b: Charizard|0 fnt\n|faint|p1b: Charizard\n|move|p1a: Forretress|Body Press|p2a: Glimmora\n|-damage|p2a: Glimmora|29\/100\n|\n|-heal|p2b: Camerupt|89\/100|[from] item: Leftovers\n|upkeep\n|\n|t:|1699290451\n|switch|p1b: Cloyster|Cloyster, M|100\/100\n|-status|p1b: Cloyster|tox\n|turn|6\n|\n|t:|1699290470\n|-terastallize|p2b: Camerupt|Water\n|move|p1a: Forretress|Protect|p1a: Forretress\n|-singleturn|p1a: Forretress|Protect\n|move|p1b: Cloyster|Drill Run|p2a: Glimmora\n|-supereffective|p2a: Glimmora\n|-damage|p2a: Glimmora|0 fnt\n|faint|p2a: Glimmora\n|move|p2b: Camerupt|Eruption|p1b: Cloyster|[spread] p1b\n|-activate|p1a: Forretress|move: Protect\n|-crit|p1b: Cloyster\n|-damage|p1b: Cloyster|0 fnt\n|faint|p1b: Cloyster\n|\n|-heal|p2b: Camerupt|95\/100|[from] item: Leftovers\n|upkeep\n|j| SpikeMike\n|\n|t:|1699290485\n|switch|p1b: Palafin|Palafin-Hero, F|100\/100\n|switch|p2a: Hypno|Hypno, F|100\/100\n|-status|p1b: Palafin|tox\n|-activate|p1b: Palafin|ability: Zero to Hero\n|turn|7\n|j| mike-r11\n|\n|t:|1699290499\n|switch|p1a: Grimmsnarl|Grimmsnarl, M|100\/100\n|-status|p1a: Grimmsnarl|tox\n|move|p1b: Palafin|Drain Punch|p2b: Camerupt\n|-damage|p2b: Camerupt|75\/100\n|move|p2a: Hypno|Encore||[still]\n|-fail|p2a: Hypno\n|move|p2b: Camerupt|Earth Power|p1b: Palafin\n|-damage|p1b: Palafin|77\/100 tox\n|\n|-heal|p1b: Palafin|84\/100 tox|[from] item: Leftovers\n|-heal|p2b: Camerupt|81\/100|[from] item: Leftovers\n|-damage|p1b: Palafin|77\/100 tox|[from] psn\n|-damage|p1a: Grimmsnarl|94\/100 tox|[from] psn\n|upkeep\n|turn|8\n|\n|t:|1699290526\n|move|p1b: Palafin|Drain Punch|p2b: Camerupt\n|-damage|p2b: Camerupt|58\/100\n|-heal|p1b: Palafin|87\/100 tox|[from] drain|[of] p2b: Camerupt\n|move|p1a: Grimmsnarl|Spirit Break|p2b: Camerupt\n|-damage|p2b: Camerupt|37\/100\n|-unboost|p2b: Camerupt|spa|1\n|move|p2a: Hypno|Knock Off|p1b: Palafin\n|-crit|p1b: Palafin\n|-damage|p1b: Palafin|65\/100 tox\n|-enditem|p1b: Palafin|Leftovers|[from] move: Knock Off|[of] p2a: Hypno\n|move|p2b: Camerupt|Stealth Rock|p1a: Grimmsnarl\n|-sidestart|p1: Procopius|move: Stealth Rock\n|\n|-heal|p2b: Camerupt|43\/100|[from] item: Leftovers\n|-damage|p1b: Palafin|53\/100 tox|[from] psn\n|-damage|p1a: Grimmsnarl|82\/100 tox|[from] psn\n|upkeep\n|turn|9\n|\n|t:|1699290540\n|move|p1b: Palafin|Drain Punch|p2b: Camerupt\n|-damage|p2b: Camerupt|23\/100\n|-heal|p1b: Palafin|62\/100 tox|[from] drain|[of] p2b: Camerupt\n|move|p1a: Grimmsnarl|Spirit Break|p2b: Camerupt\n|-damage|p2b: Camerupt|2\/100\n|-unboost|p2b: Camerupt|spa|1\n|move|p2a: Hypno|Knock Off|p1a: Grimmsnarl\n|-resisted|p1a: Grimmsnarl\n|-damage|p1a: Grimmsnarl|78\/100 tox\n|-enditem|p1a: Grimmsnarl|Light Clay|[from] move: Knock Off|[of] p2a: Hypno\n|move|p2b: Camerupt|Earth Power|p1a: Grimmsnarl\n|-crit|p1a: Grimmsnarl\n|-damage|p1a: Grimmsnarl|37\/100 tox\n|\n|-heal|p2b: Camerupt|8\/100|[from] item: Leftovers\n|-damage|p1b: Palafin|43\/100 tox|[from] psn\n|-damage|p1a: Grimmsnarl|19\/100 tox|[from] psn\n|upkeep\n|turn|10\n|\n|t:|1699290561\n|move|p1b: Palafin|Jet Punch|p2a: Hypno\n|-crit|p2a: Hypno\n|-damage|p2a: Hypno|52\/100\n|move|p1a: Grimmsnarl|Spirit Break|p2b: Camerupt\n|-damage|p2b: Camerupt|0 fnt\n|faint|p2b: Camerupt\n|move|p2a: Hypno|Psyshock|p1b: Palafin\n|-damage|p1b: Palafin|26\/100 tox\n|\n|-damage|p1b: Palafin|1\/100 tox|[from] psn\n|-damage|p1a: Grimmsnarl|0 fnt|[from] psn\n|faint|p1a: Grimmsnarl\n|-sideend|p2: Jmmochko|Reflect\n|upkeep\n|\n|t:|1699290567\n|switch|p1a: Forretress|Forretress, F|100\/100\n|switch|p2b: Lycanroc|Lycanroc-Dusk, F|100\/100\n|-damage|p1a: Forretress|88\/100|[from] Stealth Rock\n|turn|11\n|\n|t:|1699290585\n|move|p2b: Lycanroc|Accelerock|p1b: Palafin\n|-damage|p1b: Palafin|0 fnt\n|faint|p1b: Palafin\n|move|p2a: Hypno|Knock Off|p1a: Forretress\n|-damage|p1a: Forretress|78\/100\n|-enditem|p1a: Forretress|Leftovers|[from] move: Knock Off|[of] p2a: Hypno\n|move|p1a: Forretress|Body Press|p2b: Lycanroc\n|-supereffective|p2b: Lycanroc\n|-enditem|p2b: Lycanroc|Focus Sash\n|-damage|p2b: Lycanroc|1\/100\n|\n|-sideend|p2: Jmmochko|move: Light Screen\n|upkeep\n|turn|12\n|\n|t:|1699290596\n|move|p1a: Forretress|Protect|p1a: Forretress\n|-singleturn|p1a: Forretress|Protect\n|move|p2b: Lycanroc|Close Combat|p1a: Forretress\n|-activate|p1a: Forretress|move: Protect\n|move|p2a: Hypno|Psyshock|p1a: Forretress\n|-activate|p1a: Forretress|move: Protect\n|\n|upkeep\n|turn|13\n|\n|t:|1699290601\n|move|p2b: Lycanroc|Close Combat|p1a: Forretress\n|-damage|p1a: Forretress|50\/100\n|-unboost|p2b: Lycanroc|def|1\n|-unboost|p2b: Lycanroc|spd|1\n|move|p2a: Hypno|Psyshock|p1a: Forretress\n|-resisted|p1a: Forretress\n|-damage|p1a: Forretress|44\/100\n|move|p1a: Forretress|Body Press|p2a: Hypno\n|-resisted|p2a: Hypno\n|-damage|p2a: Hypno|37\/100\n|-enditem|p2a: Hypno|Sitrus Berry|[eat]\n|-heal|p2a: Hypno|62\/100|[from] item: Sitrus Berry\n|\n|upkeep\n|turn|14\n|\n|t:|1699290623\n|move|p2b: Lycanroc|Close Combat|p1a: Forretress\n|-damage|p1a: Forretress|12\/100\n|-unboost|p2b: Lycanroc|def|1\n|-unboost|p2b: Lycanroc|spd|1\n|move|p2a: Hypno|Psyshock|p1a: Forretress\n|-resisted|p1a: Forretress\n|-damage|p1a: Forretress|6\/100\n|move|p1a: Forretress|Body Press|p2b: Lycanroc\n|-supereffective|p2b: Lycanroc\n|-damage|p2b: Lycanroc|0 fnt\n|faint|p2b: Lycanroc\n|\n|upkeep\n|\n|t:|1699290629\n|switch|p2b: Breloom|Breloom, M|100\/100\n|turn|15\n|c|\u2606Jmmochko|ggwp\n|\n|t:|1699290636\n|move|p2b: Breloom|Aerial Ace|p1a: Forretress\n|-damage|p1a: Forretress|0 fnt\n|faint|p1a: Forretress\n|\n|win|Jmmochko\n|n|\u2606Procopius|procopius\n|n|\u2606Jmmochko|jmmochko\n|n|*Lady Monita \u263d|ladymonita\n|n| e3n|e3n\n|n| SpikeMike|spikemike\n|n| mike-r11|miker11\n","uploadtime":1699290641,"views":8,"p1id":"procopius","p2id":"jmmochko","formatid":"gen9doublesou","rating":0,"private":0,"password":""}