{"id":"gen9doublesou-1997912378","p1":"Demylord","p2":"ZibbyZibbyZooBaa","format":"[Gen 9] Doubles OU","log":"|j|\u2606Demylord\n|j|\u2606ZibbyZibbyZooBaa\n|t:|1700866644\n|gametype|doubles\n|player|p1|Demylord|steven|1012\n|player|p2|ZibbyZibbyZooBaa|medium|1000\n|teamsize|p1|6\n|teamsize|p2|6\n|gen|9\n|tier|[Gen 9] Doubles OU\n|rated|\n|rule|Species Clause: Limit one of each Pok\u00e9mon\n|rule|OHKO Clause: OHKO moves are banned\n|rule|Evasion Moves Clause: Evasion moves are banned\n|rule|Gravity Sleep Clause: The combination of sleep-inducing moves with imperfect accuracy and Gravity or Gigantamax Orbeetle are banned\n|rule|Endless Battle Clause: Forcing endless battles is banned\n|rule|HP Percentage Mod: HP is shown in percentages\n|clearpoke\n|poke|p1|Torkoal, M|\n|poke|p1|Walking Wake|\n|poke|p1|Lilligant-Hisui, F|\n|poke|p1|Flutter Mane|\n|poke|p1|Volcarona, M|\n|poke|p1|Tropius, F|\n|poke|p2|Florges, F|\n|poke|p2|Rillaboom, F|\n|poke|p2|Dragapult, F|\n|poke|p2|Ninetales, M|\n|poke|p2|Diancie|\n|poke|p2|Blissey, F|\n|teampreview\n|\n|t:|1700866667\n|start\n|switch|p1a: Torkoal|Torkoal, M|100\/100\n|switch|p1b: Tropius|Tropius, F|100\/100\n|switch|p2a: Ninetales|Ninetales, M|100\/100\n|switch|p2b: Rillaboom|Rillaboom, F|100\/100\n|-weather|SunnyDay|[from] ability: Drought|[of] p2a: Ninetales\n|-fieldstart|move: Grassy Terrain|[from] ability: Grassy Surge|[of] p2b: Rillaboom\n|turn|1\n|\n|t:|1700866684\n|move|p2b: Rillaboom|Fake Out|p1a: Torkoal\n|-damage|p1a: Torkoal|92\/100\n|move|p2a: Ninetales|Fake Tears|p1a: Torkoal\n|-unboost|p1a: Torkoal|spd|2\n|move|p1b: Tropius|Tailwind|p1b: Tropius\n|-sidestart|p1: Demylord|move: Tailwind\n|cant|p1a: Torkoal|flinch\n|\n|-weather|SunnyDay|[upkeep]\n|-heal|p1a: Torkoal|98\/100|[from] Grassy Terrain\n|upkeep\n|turn|2\n|\n|t:|1700866717\n|switch|p1b: Lilligant|Lilligant-Hisui, F|100\/100\n|switch|p2b: Blissey|Blissey, F|100\/100\n|switch|p1a: Walking Wake|Walking Wake|100\/100\n|-activate|p1a: Walking Wake|ability: Protosynthesis\n|-start|p1a: Walking Wake|protosynthesisspe\n|move|p2a: Ninetales|Will-O-Wisp|p1b: Lilligant\n|-status|p1b: Lilligant|brn\n|\n|-weather|SunnyDay|[upkeep]\n|-damage|p1b: Lilligant|94\/100 brn|[from] brn\n|upkeep\n|turn|3\n|\n|t:|1700866750\n|move|p1b: Lilligant|Victory Dance|p1b: Lilligant\n|-boost|p1b: Lilligant|atk|1\n|-boost|p1b: Lilligant|def|1\n|-boost|p1b: Lilligant|spe|1\n|move|p1a: Walking Wake|Hydro Steam|p2a: Ninetales\n|-supereffective|p2a: Ninetales\n|-damage|p2a: Ninetales|0 fnt\n|faint|p2a: Ninetales\n|-damage|p1a: Walking Wake|91\/100|[from] item: Life Orb\n|move|p2b: Blissey|Thunderbolt|p1a: Walking Wake\n|-damage|p1a: Walking Wake|62\/100\n|\n|-weather|SunnyDay|[upkeep]\n|-heal|p1b: Lilligant|100\/100 brn|[from] Grassy Terrain\n|-heal|p1a: Walking Wake|68\/100|[from] Grassy Terrain\n|-damage|p1b: Lilligant|94\/100 brn|[from] brn\n|upkeep\n|\n|t:|1700866768\n|switch|p2a: Dragapult|Dragapult, F|100\/100\n|turn|4\n|\n|t:|1700866805\n|switch|p2b: Florges|Florges, F|100\/100\n|-enditem|p2b: Florges|Grassy Seed\n|-boost|p2b: Florges|def|1|[from] item: Grassy Seed\n|-terastallize|p2a: Dragapult|Normal\n|move|p1b: Lilligant|Close Combat|p2b: Florges\n|-resisted|p2b: Florges\n|-damage|p2b: Florges|74\/100\n|-unboost|p1b: Lilligant|def|1\n|-unboost|p1b: Lilligant|spd|1\n|-damage|p1b: Lilligant|84\/100 brn|[from] item: Life Orb\n|move|p1a: Walking Wake|Draco Meteor|p2a: Dragapult\n|-damage|p2a: Dragapult|0 fnt\n|-unboost|p1a: Walking Wake|spa|2\n|faint|p2a: Dragapult\n|-damage|p1a: Walking Wake|58\/100|[from] item: Life Orb\n|\n|-weather|SunnyDay|[upkeep]\n|-heal|p1b: Lilligant|91\/100 brn|[from] Grassy Terrain\n|-heal|p1a: Walking Wake|64\/100|[from] Grassy Terrain\n|-heal|p2b: Florges|80\/100|[from] Grassy Terrain\n|-damage|p1b: Lilligant|84\/100 brn|[from] brn\n|-sideend|p1: Demylord|move: Tailwind\n|upkeep\n|\n|t:|1700866836\n|switch|p2a: Rillaboom|Rillaboom, F|100\/100\n|turn|5\n|\n|t:|1700866850\n|move|p1a: Walking Wake|Protect|p1a: Walking Wake\n|-singleturn|p1a: Walking Wake|Protect\n|move|p2a: Rillaboom|Fake Out|p1a: Walking Wake\n|-activate|p1a: Walking Wake|move: Protect\n|move|p1b: Lilligant|Victory Dance|p1b: Lilligant\n|-boost|p1b: Lilligant|atk|1\n|-boost|p1b: Lilligant|def|1\n|-boost|p1b: Lilligant|spe|1\n|move|p2b: Florges|Petal Blizzard|p1a: Walking Wake|[spread] p2a,p1b\n|-activate|p1a: Walking Wake|move: Protect\n|-resisted|p2a: Rillaboom\n|-resisted|p1b: Lilligant\n|-damage|p2a: Rillaboom|95\/100\n|-damage|p1b: Lilligant|78\/100 brn\n|\n|-weather|none\n|-end|p1a: Walking Wake|Protosynthesis\n|-heal|p1b: Lilligant|84\/100 brn|[from] Grassy Terrain\n|-heal|p1a: Walking Wake|70\/100|[from] Grassy Terrain\n|-heal|p2b: Florges|86\/100|[from] Grassy Terrain\n|-heal|p2a: Rillaboom|100\/100|[from] Grassy Terrain\n|-damage|p1b: Lilligant|78\/100 brn|[from] brn\n|-fieldend|move: Grassy Terrain\n|upkeep\n|turn|6\n|\n|t:|1700866879\n|-end|p1a: Walking Wake|Protosynthesis|[silent]\n|switch|p1a: Torkoal|Torkoal, M|98\/100\n|-weather|SunnyDay|[from] ability: Drought|[of] p1a: Torkoal\n|move|p1b: Lilligant|Leaf Blade|p2b: Florges\n|-crit|p2b: Florges\n|-damage|p2b: Florges|0 fnt\n|faint|p2b: Florges\n|-damage|p1b: Lilligant|68\/100 brn|[from] item: Life Orb\n|move|p2a: Rillaboom|Drain Punch|p1b: Lilligant\n|-damage|p1b: Lilligant|48\/100 brn\n|\n|-weather|SunnyDay|[upkeep]\n|-damage|p1b: Lilligant|42\/100 brn|[from] brn\n|upkeep\n|\n|t:|1700866893\n|switch|p2b: Diancie|Diancie|100\/100\n|turn|7\n|\n|t:|1700866911\n|switch|p1a: Flutter Mane|Flutter Mane|100\/100\n|-activate|p1a: Flutter Mane|ability: Protosynthesis\n|-start|p1a: Flutter Mane|protosynthesisspe\n|move|p1b: Lilligant|Synthesis|p1b: Lilligant\n|-heal|p1b: Lilligant|100\/100 brn\n|move|p2a: Rillaboom|Growth|p2a: Rillaboom\n|-boost|p2a: Rillaboom|atk|2\n|-boost|p2a: Rillaboom|spa|2\n|move|p2b: Diancie|Light Screen|p2b: Diancie\n|-sidestart|p2: ZibbyZibbyZooBaa|move: Light Screen\n|\n|-weather|SunnyDay|[upkeep]\n|-damage|p1b: Lilligant|94\/100 brn|[from] brn\n|upkeep\n|turn|8\n|\n|t:|1700866932\n|move|p1b: Lilligant|Close Combat|p2b: Diancie\n|-damage|p2b: Diancie|48\/100\n|-unboost|p1b: Lilligant|def|1\n|-unboost|p1b: Lilligant|spd|1\n|-damage|p1b: Lilligant|84\/100 brn|[from] item: Life Orb\n|move|p1a: Flutter Mane|Mystical Fire|p2a: Rillaboom\n|-supereffective|p2a: Rillaboom\n|-damage|p2a: Rillaboom|44\/100\n|-unboost|p2a: Rillaboom|spa|1\n|-damage|p1a: Flutter Mane|91\/100|[from] item: Life Orb\n|move|p2a: Rillaboom|Growth|p2a: Rillaboom\n|-boost|p2a: Rillaboom|atk|2\n|-boost|p2a: Rillaboom|spa|2\n|move|p2b: Diancie|Reflect|p2b: Diancie\n|-sidestart|p2: ZibbyZibbyZooBaa|Reflect\n|\n|-weather|SunnyDay|[upkeep]\n|-damage|p1b: Lilligant|78\/100 brn|[from] brn\n|upkeep\n|turn|9\n|\n|t:|1700866955\n|move|p1b: Lilligant|Close Combat|p2b: Diancie\n|-damage|p2b: Diancie|16\/100\n|-unboost|p1b: Lilligant|def|1\n|-unboost|p1b: Lilligant|spd|1\n|-damage|p1b: Lilligant|68\/100 brn|[from] item: Life Orb\n|move|p1a: Flutter Mane|Mystical Fire|p2a: Rillaboom\n|-supereffective|p2a: Rillaboom\n|-damage|p2a: Rillaboom|0 fnt\n|faint|p2a: Rillaboom\n|-damage|p1a: Flutter Mane|81\/100|[from] item: Life Orb\n|move|p2b: Diancie|Diamond Storm|p1a: Flutter Mane|[spread] p1a,p1b\n|-resisted|p1b: Lilligant\n|-damage|p1a: Flutter Mane|20\/100\n|-damage|p1b: Lilligant|40\/100 brn\n|\n|-weather|SunnyDay|[upkeep]\n|-damage|p1b: Lilligant|34\/100 brn|[from] brn\n|upkeep\n|\n|t:|1700866970\n|switch|p2a: Blissey|Blissey, F|100\/100\n|turn|10\n|\n|t:|1700866979\n|move|p1b: Lilligant|Close Combat|p2a: Blissey\n|-supereffective|p2a: Blissey\n|-damage|p2a: Blissey|0 fnt\n|-unboost|p1b: Lilligant|def|1\n|-unboost|p1b: Lilligant|spd|1\n|faint|p2a: Blissey\n|-damage|p1b: Lilligant|24\/100 brn|[from] item: Life Orb\n|move|p1a: Flutter Mane|Icy Wind|p2b: Diancie\n|-damage|p2b: Diancie|4\/100\n|-damage|p1a: Flutter Mane|10\/100|[from] item: Life Orb\n|move|p2b: Diancie|Diamond Storm|p1a: Flutter Mane|[spread] p1b\n|-miss|p2b: Diancie|p1a: Flutter Mane\n|-resisted|p1b: Lilligant\n|-damage|p1b: Lilligant|0 fnt\n|-boost|p2b: Diancie|def|2\n|faint|p1b: Lilligant\n|\n|-weather|SunnyDay|[upkeep]\n|upkeep\n|\n|t:|1700866984\n|switch|p1b: Walking Wake|Walking Wake|70\/100\n|-activate|p1b: Walking Wake|ability: Protosynthesis\n|-start|p1b: Walking Wake|protosynthesisspe\n|turn|11\n|-message|ZibbyZibbyZooBaa forfeited.\n|\n|win|Demylord\n|raw|Demylord's rating: 1012 &rarr; <strong>1049<\/strong><br \/>(+37 for winning)\n|raw|ZibbyZibbyZooBaa's rating: 1000 &rarr; <strong>1000<\/strong><br \/>(+0 for losing)\n|l|\u2606ZibbyZibbyZooBaa\n","uploadtime":1700866990,"views":9,"p1id":"demylord","p2id":"zibbyzibbyzoobaa","formatid":"gen9doublesou","rating":1000,"private":0,"password":""}