{"id":"gen9doublesou-1989513676","p1":"aLMArED!tv","p2":"minhbeossss","format":"[Gen 9] Doubles OU","log":"|j|\u2606aLMArED!tv\n|j|\u2606minhbeossss\n|t:|1699863640\n|gametype|doubles\n|player|p1|aLMArED!tv|benga|1104\n|player|p2|minhbeossss|policeman-gen4|1124\n|teamsize|p1|6\n|teamsize|p2|6\n|gen|9\n|tier|[Gen 9] Doubles OU\n|rated|\n|rule|Species Clause: Limit one of each Pok\u00e9mon\n|rule|OHKO Clause: OHKO moves are banned\n|rule|Evasion Moves Clause: Evasion moves are banned\n|rule|Gravity Sleep Clause: The combination of sleep-inducing moves with imperfect accuracy and Gravity or Gigantamax Orbeetle are banned\n|rule|Endless Battle Clause: Forcing endless battles is banned\n|rule|HP Percentage Mod: HP is shown in percentages\n|clearpoke\n|poke|p1|Great Tusk|\n|poke|p1|Scizor, F|\n|poke|p1|Baxcalibur, M|\n|poke|p1|Shiftry, M|\n|poke|p1|Ninetales, M|\n|poke|p1|Florges, F|\n|poke|p2|Palafin, F|\n|poke|p2|Regieleki|\n|poke|p2|Houndstone, M|\n|poke|p2|Tyranitar, F|\n|poke|p2|Politoed, M|\n|poke|p2|Sinistcha-Masterpiece|\n|teampreview\n|inactive|Battle timer is ON: inactive players will automatically lose when time's up. (requested by aLMArED!tv)\n|\n|t:|1699863661\n|start\n|switch|p1a: Shiftry|Shiftry, M, shiny|100\/100\n|switch|p1b: Florges|Florges, F, shiny|100\/100\n|switch|p2a: Palafin|Palafin, F|100\/100\n|switch|p2b: Regieleki|Regieleki|100\/100\n|turn|1\n|\n|t:|1699863671\n|-terastallize|p2b: Regieleki|Ice\n|move|p2b: Regieleki|Tera Blast|p1a: Shiftry|[anim] Tera Blast Ice\n|-supereffective|p1a: Shiftry\n|-enditem|p1a: Shiftry|Focus Sash\n|-damage|p1a: Shiftry|1\/100\n|move|p2a: Palafin|Flip Turn|p1a: Shiftry\n|-resisted|p1a: Shiftry\n|-damage|p1a: Shiftry|0 fnt\n|faint|p1a: Shiftry\n|\n|t:|1699863681\n|detailschange|p2a: Palafin|Palafin-Hero, F\n|switch|p2a: Politoed|Politoed, M|100\/100|[from] Flip Turn\n|-weather|RainDance|[from] ability: Drizzle|[of] p2a: Politoed\n|move|p1b: Florges|Calm Mind|p1b: Florges\n|-boost|p1b: Florges|spa|1\n|-boost|p1b: Florges|spd|1\n|\n|-weather|RainDance|[upkeep]\n|upkeep\n|\n|t:|1699863688\n|switch|p1a: Scizor|Scizor, F|100\/100\n|turn|2\n|\n|t:|1699863694\n|move|p2a: Politoed|Helping Hand|p2b: Regieleki\n|-singleturn|p2b: Regieleki|Helping Hand|[of] p2a: Politoed\n|move|p1a: Scizor|Bullet Punch|p2b: Regieleki\n|-supereffective|p2b: Regieleki\n|-crit|p2b: Regieleki\n|-damage|p2b: Regieleki|0 fnt\n|faint|p2b: Regieleki\n|move|p1b: Florges|Giga Drain|p2a: Politoed\n|-supereffective|p2a: Politoed\n|-damage|p2a: Politoed|66\/100\n|\n|-weather|RainDance|[upkeep]\n|upkeep\n|\n|t:|1699863703\n|switch|p2b: Palafin|Palafin-Hero, F|100\/100\n|-activate|p2b: Palafin|ability: Zero to Hero\n|turn|3\n|\n|t:|1699863716\n|-terastallize|p1b: Florges|Grass\n|move|p2b: Palafin|Jet Punch|p1a: Scizor\n|-damage|p1a: Scizor|25\/100\n|move|p1b: Florges|Giga Drain|p2a: Politoed\n|-supereffective|p2a: Politoed\n|-damage|p2a: Politoed|9\/100\n|move|p2a: Politoed|Haze|p2a: Politoed\n|-clearallboost\n|move|p1a: Scizor|Swords Dance|p1a: Scizor\n|-boost|p1a: Scizor|atk|2\n|\n|-weather|RainDance|[upkeep]\n|upkeep\n|turn|4\n|inactive|minhbeossss has 120 seconds left.\n|\n|t:|1699863747\n|move|p2a: Politoed|Protect|p2a: Politoed\n|-singleturn|p2a: Politoed|Protect\n|move|p2b: Palafin|Jet Punch|p1a: Scizor\n|-damage|p1a: Scizor|0 fnt\n|faint|p1a: Scizor\n|move|p1b: Florges|Giga Drain|p2b: Palafin\n|-supereffective|p2b: Palafin\n|-damage|p2b: Palafin|34\/100\n|\n|-weather|RainDance|[upkeep]\n|upkeep\n|\n|t:|1699863754\n|switch|p1a: Baxcalibur|Baxcalibur, M|100\/100\n|turn|5\n|\n|t:|1699863761\n|switch|p2b: Sinistcha|Sinistcha-Masterpiece|100\/100\n|-heal|p2a: Politoed|34\/100|[from] ability: Hospitality|[of] p2b: Sinistcha\n|move|p1a: Baxcalibur|Scale Shot|p2b: Sinistcha\n|-damage|p2b: Sinistcha|88\/100\n|-damage|p2b: Sinistcha|77\/100\n|-damage|p2b: Sinistcha|66\/100\n|-damage|p2b: Sinistcha|55\/100\n|-damage|p2b: Sinistcha|46\/100\n|-enditem|p2b: Sinistcha|Sitrus Berry|[eat]\n|-heal|p2b: Sinistcha|70\/100|[from] item: Sitrus Berry\n|-hitcount|p2b: Sinistcha|5\n|-unboost|p1a: Baxcalibur|def|1\n|-boost|p1a: Baxcalibur|spe|1\n|move|p1b: Florges|Giga Drain|p2a: Politoed\n|-supereffective|p2a: Politoed\n|-damage|p2a: Politoed|0 fnt\n|faint|p2a: Politoed\n|\n|-weather|none\n|upkeep\n|\n|t:|1699863778\n|switch|p2a: Palafin|Palafin-Hero, F|34\/100\n|turn|6\n|\n|t:|1699863795\n|move|p2a: Palafin|Close Combat|p1a: Baxcalibur\n|-supereffective|p1a: Baxcalibur\n|-damage|p1a: Baxcalibur|0 fnt\n|-unboost|p2a: Palafin|def|1\n|-unboost|p2a: Palafin|spd|1\n|faint|p1a: Baxcalibur\n|move|p1b: Florges|Giga Drain|p2a: Palafin\n|-supereffective|p2a: Palafin\n|-damage|p2a: Palafin|0 fnt\n|faint|p2a: Palafin\n|move|p2b: Sinistcha|Night Shade|p1b: Florges\n|-damage|p1b: Florges|73\/100\n|\n|-heal|p1b: Florges|79\/100|[from] item: Leftovers\n|upkeep\n|\n|t:|1699863813\n|switch|p2a: Houndstone|Houndstone, M|100\/100\n|switch|p1a: Great Tusk|Great Tusk|100\/100\n|turn|7\n|\n|t:|1699863825\n|-end|p1a: Great Tusk|Protosynthesis|[silent]\n|switch|p1a: Ninetales|Ninetales, M, shiny|100\/100\n|-weather|SunnyDay|[from] ability: Drought|[of] p1a: Ninetales\n|switch|p2b: Tyranitar|Tyranitar, F|100\/100\n|-weather|Sandstorm|[from] ability: Sand Stream|[of] p2b: Tyranitar\n|move|p2a: Houndstone|Last Respects|p1a: Ninetales\n|-damage|p1a: Ninetales|0 fnt\n|faint|p1a: Ninetales\n|-damage|p2a: Houndstone|91\/100|[from] item: Life Orb\n|move|p1b: Florges|Calm Mind|p1b: Florges\n|-boost|p1b: Florges|spa|1\n|-boost|p1b: Florges|spd|1\n|\n|-weather|Sandstorm|[upkeep]\n|-damage|p1b: Florges|73\/100|[from] Sandstorm\n|-heal|p1b: Florges|79\/100|[from] item: Leftovers\n|upkeep\n|\n|t:|1699863835\n|switch|p1a: Great Tusk|Great Tusk|100\/100\n|turn|8\n|\n|t:|1699863850\n|move|p2b: Tyranitar|Protect|p2b: Tyranitar\n|-singleturn|p2b: Tyranitar|Protect\n|move|p2a: Houndstone|Last Respects|p1b: Florges\n|-damage|p1b: Florges|0 fnt\n|faint|p1b: Florges\n|-damage|p2a: Houndstone|81\/100|[from] item: Life Orb\n|move|p1a: Great Tusk|Defense Curl|p1a: Great Tusk\n|-boost|p1a: Great Tusk|def|1\n|\n|-weather|Sandstorm|[upkeep]\n|upkeep\n|turn|9\n|\n|t:|1699863865\n|move|p2a: Houndstone|Last Respects|p1a: Great Tusk\n|-damage|p1a: Great Tusk|49\/100\n|-damage|p2a: Houndstone|71\/100|[from] item: Life Orb\n|move|p1a: Great Tusk|Rollout|p2a: Houndstone\n|-damage|p2a: Houndstone|43\/100\n|move|p2b: Tyranitar|Iron Head|p1a: Great Tusk\n|-damage|p1a: Great Tusk|40\/100\n|\n|-weather|Sandstorm|[upkeep]\n|upkeep\n|turn|10\n|\n|t:|1699863882\n|move|p2a: Houndstone|Last Respects|p1a: Great Tusk\n|-damage|p1a: Great Tusk|0 fnt\n|faint|p1a: Great Tusk\n|-end|p1a: Great Tusk|Protosynthesis|[silent]\n|-damage|p2a: Houndstone|33\/100|[from] item: Life Orb\n|\n|win|minhbeossss\n|raw|aLMArED!tv's rating: 1104 &rarr; <strong>1080<\/strong><br \/>(-24 for losing)\n|raw|minhbeossss's rating: 1124 &rarr; <strong>1148<\/strong><br \/>(+24 for winning)\n|l|\u2606aLMArED!tv\n","uploadtime":1699863891,"views":12,"p1id":"almaredtv","p2id":"minhbeossss","formatid":"gen9doublesou","rating":1080,"private":0,"password":""}