{"id":"gen9doublesou-1987541873","p1":"but you did","p2":"fireflybutterfly","format":"[Gen 9] Doubles OU","log":"|j|\u2606but you did\n|j|\u2606fireflybutterfly\n|t:|1699609270\n|gametype|doubles\n|player|p1|but you did|cynthia|1040\n|player|p2|fireflybutterfly|1|1075\n|teamsize|p1|6\n|teamsize|p2|6\n|gen|9\n|tier|[Gen 9] Doubles OU\n|rated|\n|rule|Species Clause: Limit one of each Pok\u00e9mon\n|rule|OHKO Clause: OHKO moves are banned\n|rule|Evasion Moves Clause: Evasion moves are banned\n|rule|Gravity Sleep Clause: The combination of sleep-inducing moves with imperfect accuracy and Gravity or Gigantamax Orbeetle are banned\n|rule|Endless Battle Clause: Forcing endless battles is banned\n|rule|HP Percentage Mod: HP is shown in percentages\n|clearpoke\n|poke|p1|Lucario, F|\n|poke|p1|Hatterene, F|\n|poke|p1|Chien-Pao|\n|poke|p1|Gyarados, M|\n|poke|p1|Ogerpon-Cornerstone, F|\n|poke|p1|Flutter Mane|\n|poke|p2|Oricorio-Pom-Pom, F|\n|poke|p2|Quaquaval, F|\n|poke|p2|Volcarona, F|\n|poke|p2|Flamigo, F|\n|poke|p2|Sinistcha-Masterpiece|\n|poke|p2|Meowscarada, F|\n|teampreview\n|inactive|Battle timer is ON: inactive players will automatically lose when time's up. (requested by fireflybutterfly)\n|inactive|but you did also wants the timer to be on.\n|\n|t:|1699609278\n|start\n|switch|p1a: Lucario|Lucario, F, shiny|100\/100\n|switch|p1b: Chien-Pao|Chien-Pao|100\/100\n|switch|p2a: Oricorio|Oricorio-Pom-Pom, F|100\/100\n|switch|p2b: Volcarona|Volcarona, F|100\/100\n|-ability|p1b: Chien-Pao|Sword of Ruin\n|turn|1\n|\n|t:|1699609294\n|move|p2a: Oricorio|Protect|p2a: Oricorio\n|-singleturn|p2a: Oricorio|Protect\n|move|p1a: Lucario|Stone Edge|p2b: Volcarona\n|-supereffective|p2b: Volcarona\n|-enditem|p2b: Volcarona|Focus Sash\n|-damage|p2b: Volcarona|1\/100\n|move|p1b: Chien-Pao|Ice Spinner|p2a: Oricorio\n|-activate|p2a: Oricorio|move: Protect\n|move|p2b: Volcarona|Quiver Dance|p2b: Volcarona\n|-boost|p2b: Volcarona|spa|1\n|-boost|p2b: Volcarona|spd|1\n|-boost|p2b: Volcarona|spe|1\n|-activate|p2a: Oricorio|ability: Dancer\n|move|p2a: Oricorio|Quiver Dance|p2a: Oricorio|[from]ability: Dancer\n|-boost|p2a: Oricorio|spa|1\n|-boost|p2a: Oricorio|spd|1\n|-boost|p2a: Oricorio|spe|1\n|\n|upkeep\n|turn|2\n|inactive|but you did has 120 seconds left.\n|\n|t:|1699609338\n|switch|p1a: Gyarados|Gyarados, M|100\/100\n|-ability|p1a: Gyarados|Intimidate|boost\n|-unboost|p2a: Oricorio|atk|1\n|-unboost|p2b: Volcarona|atk|1\n|switch|p1b: Ogerpon|Ogerpon-Cornerstone, F|100\/100\n|move|p2a: Oricorio|Revelation Dance|p1b: Ogerpon\n|-resisted|p1b: Ogerpon\n|-damage|p1b: Ogerpon|79\/100\n|move|p2b: Volcarona|Fiery Dance|p1b: Ogerpon\n|-damage|p1b: Ogerpon|16\/100\n|-activate|p2a: Oricorio|ability: Dancer\n|move|p2a: Oricorio|Fiery Dance|p1b: Ogerpon|[from]ability: Dancer\n|-damage|p1b: Ogerpon|0 fnt\n|faint|p1b: Ogerpon\n|\n|upkeep\n|\n|t:|1699609360\n|switch|p1b: Hatterene|Hatterene, F|100\/100\n|turn|3\n|inactive|but you did has 90 seconds left.\n|\n|t:|1699609392\n|-terastallize|p1a: Gyarados|Steel\n|move|p2a: Oricorio|Revelation Dance|p1a: Gyarados\n|-damage|p1a: Gyarados|71\/100\n|move|p2b: Volcarona|Fiery Dance|p1b: Hatterene\n|-damage|p1b: Hatterene|36\/100\n|-activate|p2a: Oricorio|ability: Dancer\n|move|p2a: Oricorio|Fiery Dance|p1b: Hatterene|[from]ability: Dancer\n|-damage|p1b: Hatterene|11\/100\n|-boost|p2a: Oricorio|spa|1\n|move|p1a: Gyarados|Tera Blast|p2b: Volcarona|[anim] Tera Blast Steel\n|-resisted|p2b: Volcarona\n|-damage|p2b: Volcarona|0 fnt\n|faint|p2b: Volcarona\n|move|p1b: Hatterene|Draining Kiss|p2a: Oricorio\n|-damage|p2a: Oricorio|79\/100\n|-heal|p1b: Hatterene|26\/100|[from] drain|[of] p2a: Oricorio\n|\n|-heal|p2a: Oricorio|85\/100|[from] item: Leftovers\n|-heal|p1b: Hatterene|32\/100|[from] item: Leftovers\n|upkeep\n|\n|t:|1699609405\n|switch|p2b: Flamigo|Flamigo, F|100\/100\n|-copyboost|p2b: Flamigo|p2a: Oricorio|[from] ability: Costar\n|turn|4\n|\n|t:|1699609431\n|switch|p1a: Flutter Mane|Flutter Mane|100\/100\n|move|p2a: Oricorio|Revelation Dance|p1b: Hatterene\n|-damage|p1b: Hatterene|0 fnt\n|faint|p1b: Hatterene\n|move|p2b: Flamigo|Copycat|p2b: Flamigo\n|move|p2b: Flamigo|Revelation Dance|p1a: Flutter Mane|[from]move: Copycat\n|-damage|p1a: Flutter Mane|36\/100\n|-activate|p2a: Oricorio|ability: Dancer\n|move|p2a: Oricorio|Revelation Dance|p1a: Flutter Mane|[from]ability: Dancer\n|-damage|p1a: Flutter Mane|0 fnt\n|faint|p1a: Flutter Mane\n|-end|p1a: Flutter Mane|Protosynthesis|[silent]\n|\n|-heal|p2a: Oricorio|91\/100|[from] item: Leftovers\n|upkeep\n|inactive|but you did has 90 seconds left.\n|\n|t:|1699609454\n|switch|p1a: Lucario|Lucario, F, shiny|100\/100\n|switch|p1b: Chien-Pao|Chien-Pao|100\/100\n|-ability|p1b: Chien-Pao|Sword of Ruin\n|turn|5\n|inactive|but you did has 90 seconds left.\n|\n|t:|1699609474\n|move|p2a: Oricorio|Revelation Dance|p1a: Lucario\n|-damage|p1a: Lucario|7\/100\n|move|p1a: Lucario|Ice Punch|p2a: Oricorio\n|-supereffective|p2a: Oricorio\n|-damage|p2a: Oricorio|0 fnt\n|faint|p2a: Oricorio\n|move|p2b: Flamigo|Copycat|p2b: Flamigo\n|move|p2b: Flamigo|Ice Punch|p1a: Lucario|[from]move: Copycat\n|-resisted|p1a: Lucario\n|-damage|p1a: Lucario|0 fnt\n|faint|p1a: Lucario\n|move|p1b: Chien-Pao|Ice Spinner|p2b: Flamigo\n|-supereffective|p2b: Flamigo\n|-enditem|p2b: Flamigo|Focus Sash\n|-damage|p2b: Flamigo|1\/100\n|-damage|p1b: Chien-Pao|91\/100|[from] item: Life Orb\n|\n|upkeep\n|\n|t:|1699609492\n|switch|p2a: Meowscarada|Meowscarada, F|100\/100\n|switch|p1a: Gyarados|Gyarados, M, tera:Steel|71\/100\n|-ability|p1a: Gyarados|Intimidate|boost\n|-unboost|p2a: Meowscarada|atk|1\n|-unboost|p2b: Flamigo|atk|1\n|turn|6\n|inactive|but you did has 120 seconds left.\n|\n|t:|1699609507\n|move|p2b: Flamigo|Air Slash|p1a: Gyarados\n|-resisted|p1a: Gyarados\n|-damage|p1a: Gyarados|55\/100\n|move|p1b: Chien-Pao|Ice Spinner|p2a: Meowscarada\n|-supereffective|p2a: Meowscarada\n|-damage|p2a: Meowscarada|0 fnt\n|faint|p2a: Meowscarada\n|-damage|p1b: Chien-Pao|81\/100|[from] item: Life Orb\n|move|p1a: Gyarados|Tera Blast|p2b: Flamigo|[anim] Tera Blast Steel\n|-damage|p2b: Flamigo|0 fnt\n|faint|p2b: Flamigo\n|\n|upkeep\n|\n|t:|1699609516\n|switch|p2a: Quaquaval|Quaquaval, F|100\/100\n|switch|p2b: Sinistcha|Sinistcha-Masterpiece|100\/100\n|turn|7\n|inactive|but you did has 120 seconds left.\n|\n|t:|1699609545\n|move|p1b: Chien-Pao|Sacred Sword|p2a: Quaquaval\n|-damage|p2a: Quaquaval|27\/100\n|-damage|p1b: Chien-Pao|71\/100|[from] item: Life Orb\n|move|p2a: Quaquaval|Feather Dance|p1a: Gyarados\n|-unboost|p1a: Gyarados|atk|2\n|move|p1a: Gyarados|Tera Blast|p2a: Quaquaval|[anim] Tera Blast Steel\n|-resisted|p2a: Quaquaval\n|-damage|p2a: Quaquaval|11\/100\n|move|p2b: Sinistcha|Matcha Gotcha|p1b: Chien-Pao|[spread] p1a,p1b\n|-resisted|p1a: Gyarados\n|-damage|p1a: Gyarados|48\/100\n|-damage|p1b: Chien-Pao|30\/100\n|\n|upkeep\n|turn|8\n|inactive|but you did has 120 seconds left.\n|\n|t:|1699609588\n|move|p1a: Gyarados|Protect|p1a: Gyarados\n|-singleturn|p1a: Gyarados|Protect\n|move|p1b: Chien-Pao|Ice Spinner|p2b: Sinistcha\n|-supereffective|p2b: Sinistcha\n|-crit|p2b: Sinistcha\n|-damage|p2b: Sinistcha|0 fnt\n|faint|p2b: Sinistcha\n|-damage|p1b: Chien-Pao|20\/100|[from] item: Life Orb\n|move|p2a: Quaquaval|Feather Dance|p1b: Chien-Pao\n|-unboost|p1b: Chien-Pao|atk|2\n|\n|upkeep\n|turn|9\n|inactive|but you did has 120 seconds left.\n|\n|t:|1699609604\n|move|p1b: Chien-Pao|Sacred Sword|p2a: Quaquaval\n|-damage|p2a: Quaquaval|0 fnt\n|faint|p2a: Quaquaval\n|-damage|p1b: Chien-Pao|10\/100|[from] item: Life Orb\n|\n|win|but you did\n|raw|but you did's rating: 1040 &rarr; <strong>1077<\/strong><br \/>(+37 for winning)\n|raw|fireflybutterfly's rating: 1075 &rarr; <strong>1052<\/strong><br \/>(-23 for losing)\n|l|\u2606fireflybutterfly\n","uploadtime":1699609623,"views":9,"p1id":"butyoudid","p2id":"fireflybutterfly","formatid":"gen9doublesou","rating":1052,"private":0,"password":""}