{"id":"gen9doublesou-1995665512","p1":"pokemontranier111","p2":"dropthemike","format":"[Gen 9] Doubles OU","log":"|j|\u2606pokemontranier111\n|j|\u2606dropthemike\n|t:|1700592092\n|gametype|doubles\n|player|p1|pokemontranier111|unknownf|1052\n|player|p2|dropthemike|roxie|1065\n|teamsize|p1|6\n|teamsize|p2|6\n|gen|9\n|tier|[Gen 9] Doubles OU\n|rated|\n|rule|Species Clause: Limit one of each Pok\u00e9mon\n|rule|OHKO Clause: OHKO moves are banned\n|rule|Evasion Moves Clause: Evasion moves are banned\n|rule|Gravity Sleep Clause: The combination of sleep-inducing moves with imperfect accuracy and Gravity or Gigantamax Orbeetle are banned\n|rule|Endless Battle Clause: Forcing endless battles is banned\n|rule|HP Percentage Mod: HP is shown in percentages\n|clearpoke\n|poke|p1|Azumarill, M|\n|poke|p1|Glimmora, M|\n|poke|p1|Tinkaton, F|\n|poke|p1|Altaria, M|\n|poke|p1|Salazzle, F|\n|poke|p1|Palafin, M|\n|poke|p2|Skeledirge, M|\n|poke|p2|Diancie|\n|poke|p2|Noivern, M|\n|poke|p2|Regieleki|\n|poke|p2|Samurott, F|\n|poke|p2|Chesnaught, M|\n|teampreview\n|\n|t:|1700592112\n|start\n|switch|p1a: Glimmora|Glimmora, M|100\/100\n|switch|p1b: Salazzle|Salazzle, F, shiny|100\/100\n|switch|p2a: Skeledirge|Skeledirge, M|100\/100\n|switch|p2b: Chesnaught|Chesnaught, M|100\/100\n|turn|1\n|\n|t:|1700592151\n|move|p1b: Salazzle|Nasty Plot|p1b: Salazzle\n|-boost|p1b: Salazzle|spa|2\n|move|p1a: Glimmora|Power Gem|p2a: Skeledirge\n|-supereffective|p2a: Skeledirge\n|-damage|p2a: Skeledirge|14\/100\n|move|p2a: Skeledirge|Fire Pledge|p1a: Glimmora\n|-waiting|p2a: Skeledirge|p2b: Chesnaught\n|move|p2b: Chesnaught|Grass Pledge|p1a: Glimmora|[from]move: Fire Pledge\n|-combine\n|-resisted|p1a: Glimmora\n|-damage|p1a: Glimmora|74\/100\n|-sidestart|p1: pokemontranier111|Fire Pledge\n|\n|-damage|p1a: Glimmora|62\/100|[from] Fire Pledge\n|upkeep\n|turn|2\n|inactive|Battle timer is ON: inactive players will automatically lose when time's up. (requested by dropthemike)\n|\n|t:|1700592209\n|move|p1b: Salazzle|Venoshock|p2b: Chesnaught\n|-supereffective|p2b: Chesnaught\n|-enditem|p2b: Chesnaught|Focus Sash\n|-damage|p2b: Chesnaught|1\/100\n|move|p1a: Glimmora|Power Gem|p2a: Skeledirge\n|-supereffective|p2a: Skeledirge\n|-damage|p2a: Skeledirge|0 fnt\n|faint|p2a: Skeledirge\n|move|p2b: Chesnaught|Body Press|p1a: Glimmora\n|-crit|p1a: Glimmora\n|-damage|p1a: Glimmora|0 fnt\n|-activate|p1a: Glimmora|ability: Toxic Debris\n|-sidestart|p2: dropthemike|move: Toxic Spikes\n|faint|p1a: Glimmora\n|\n|upkeep\n|\n|t:|1700592227\n|switch|p1a: Palafin|Palafin, M|100\/100\n|switch|p2a: Samurott|Samurott, F|100\/100\n|-status|p2a: Samurott|psn\n|turn|3\n|\n|t:|1700592240\n|detailschange|p1a: Palafin|Palafin-Hero, M\n|switch|p1a: Altaria|Altaria, M, shiny|100\/100\n|move|p1b: Salazzle|Venoshock|p2a: Samurott\n|-enditem|p2a: Samurott|Focus Sash\n|-damage|p2a: Samurott|1\/100 psn\n|move|p2a: Samurott|Water Pledge|p1b: Salazzle\n|-waiting|p2a: Samurott|p2b: Chesnaught\n|move|p2b: Chesnaught|Grass Pledge|p1b: Salazzle|[from]move: Water Pledge\n|-combine\n|-resisted|p1b: Salazzle\n|-damage|p1b: Salazzle|72\/100\n|-sidestart|p1: pokemontranier111|Grass Pledge\n|\n|-damage|p1a: Altaria|88\/100|[from] Fire Pledge\n|-damage|p2a: Samurott|0 fnt|[from] psn\n|faint|p2a: Samurott\n|upkeep\n|\n|t:|1700592262\n|switch|p2a: Regieleki|Regieleki|100\/100\n|-status|p2a: Regieleki|psn\n|turn|4\n|\n|t:|1700592273\n|-terastallize|p2a: Regieleki|Electric\n|move|p2b: Chesnaught|Spiky Shield|p2b: Chesnaught\n|-singleturn|p2b: Chesnaught|move: Protect\n|move|p2a: Regieleki|Electro Ball|p1b: Salazzle\n|-damage|p1b: Salazzle|0 fnt\n|faint|p1b: Salazzle\n|move|p1a: Altaria|Cotton Guard|p1a: Altaria\n|-boost|p1a: Altaria|def|3\n|\n|-damage|p1a: Altaria|76\/100|[from] Fire Pledge\n|-damage|p2a: Regieleki|88\/100 psn|[from] psn\n|-sideend|p1: pokemontranier111|Fire Pledge\n|upkeep\n|\n|t:|1700592288\n|switch|p1b: Palafin|Palafin-Hero, M|100\/100\n|-activate|p1b: Palafin|ability: Zero to Hero\n|turn|5\n|\n|t:|1700592302\n|move|p2a: Regieleki|Electro Ball|p1b: Palafin\n|-supereffective|p1b: Palafin\n|-damage|p1b: Palafin|0 fnt\n|faint|p1b: Palafin\n|move|p2b: Chesnaught|Grass Pledge|p1a: Altaria\n|-resisted|p1a: Altaria\n|-damage|p1a: Altaria|66\/100\n|move|p1a: Altaria|Cotton Guard|p1a: Altaria\n|-boost|p1a: Altaria|def|3\n|\n|-damage|p2a: Regieleki|76\/100 psn|[from] psn\n|upkeep\n|\n|t:|1700592318\n|switch|p1b: Tinkaton|Tinkaton, F|100\/100\n|-ability|p1b: Tinkaton|Mold Breaker\n|turn|6\n|\n|t:|1700592331\n|move|p2a: Regieleki|Electro Ball|p1a: Altaria\n|-damage|p1a: Altaria|0 fnt\n|faint|p1a: Altaria\n|move|p2b: Chesnaught|Close Combat|p1b: Tinkaton\n|-damage|p1b: Tinkaton|40\/100\n|-unboost|p2b: Chesnaught|def|1\n|-unboost|p2b: Chesnaught|spd|1\n|move|p1b: Tinkaton|Gigaton Hammer|p2a: Regieleki\n|-resisted|p2a: Regieleki\n|-damage|p2a: Regieleki|5\/100 psn\n|\n|-damage|p2a: Regieleki|0 fnt|[from] psn\n|faint|p2a: Regieleki\n|-sideend|p1: pokemontranier111|Grass Pledge\n|upkeep\n|\n|t:|1700592351\n|switch|p2a: Noivern|Noivern, M|100\/100\n|switch|p1a: Azumarill|Azumarill, M, shiny|100\/100\n|turn|7\n|\n|t:|1700592369\n|move|p2a: Noivern|Tailwind|p2a: Noivern\n|-sidestart|p2: dropthemike|move: Tailwind\n|move|p1b: Tinkaton|Flash Cannon|p2b: Chesnaught\n|-damage|p2b: Chesnaught|0 fnt\n|faint|p2b: Chesnaught\n|move|p1a: Azumarill|Ice Spinner|p2a: Noivern\n|-supereffective|p2a: Noivern\n|-damage|p2a: Noivern|12\/100\n|\n|-heal|p2a: Noivern|18\/100|[from] item: Leftovers\n|upkeep\n|\n|t:|1700592379\n|switch|p2b: Diancie|Diancie|100\/100\n|-status|p2b: Diancie|psn\n|turn|8\n|-message|pokemontranier111 forfeited.\n|\n|win|dropthemike\n|raw|pokemontranier111's rating: 1052 &rarr; <strong>1035<\/strong><br \/>(-17 for losing)\n|raw|dropthemike's rating: 1065 &rarr; <strong>1094<\/strong><br \/>(+29 for winning)\n|l|\u2606pokemontranier111\n|c|\u2606dropthemike|Gg\n","uploadtime":1700592389,"views":5,"p1id":"pokemontranier111","p2id":"dropthemike","formatid":"gen9doublesou","rating":1035,"private":0,"password":""}