{"id":"gen9doublesou-1983372691","p1":"kkddyy","p2":"drippy wap","format":"[Gen 9] Doubles OU","log":"|j|\u2606kkddyy\n|j|\u2606drippy wap\n|t:|1699123235\n|gametype|doubles\n|player|p1|kkddyy|101|1503\n|player|p2|drippy wap|swimmerf-gen6|1408\n|teamsize|p1|6\n|teamsize|p2|6\n|gen|9\n|tier|[Gen 9] Doubles OU\n|rated|\n|rule|Species Clause: Limit one of each Pok\u00e9mon\n|rule|OHKO Clause: OHKO moves are banned\n|rule|Evasion Moves Clause: Evasion moves are banned\n|rule|Gravity Sleep Clause: The combination of sleep-inducing moves with imperfect accuracy and Gravity or Gigantamax Orbeetle are banned\n|rule|Endless Battle Clause: Forcing endless battles is banned\n|rule|HP Percentage Mod: HP is shown in percentages\n|clearpoke\n|poke|p1|Ogerpon-Wellspring, F|\n|poke|p1|Flutter Mane|\n|poke|p1|Chien-Pao|\n|poke|p1|Landorus-Therian, M|\n|poke|p1|Heatran, M|\n|poke|p1|Rillaboom, M|\n|poke|p2|Palafin, M|\n|poke|p2|Tornadus, M|\n|poke|p2|Flutter Mane|\n|poke|p2|Lilligant-Hisui, F|\n|poke|p2|Landorus-Therian, M|\n|poke|p2|Shiftry, F|\n|teampreview\n|inactive|Battle timer is ON: inactive players will automatically lose when time's up. (requested by kkddyy)\n|j| elpotrero\n|inactive|drippy wap has 120 seconds left.\n|\n|t:|1699123276\n|start\n|switch|p1a: Landorus|Landorus-Therian, M|100\/100\n|switch|p1b: Rillaboom|Rillaboom, M|100\/100\n|switch|p2a: 500% usage|Tornadus, M|100\/100\n|switch|p2b: @sanddawg|Landorus-Therian, M|100\/100\n|-ability|p2b: @sanddawg|Intimidate|boost\n|-unboost|p1a: Landorus|atk|1\n|-unboost|p1b: Rillaboom|atk|1\n|-ability|p1a: Landorus|Intimidate|boost\n|-unboost|p2a: 500% usage|atk|1\n|-unboost|p2b: @sanddawg|atk|1\n|-fieldstart|move: Grassy Terrain|[from] ability: Grassy Surge|[of] p1b: Rillaboom\n|turn|1\n|\n|t:|1699123296\n|move|p1b: Rillaboom|Fake Out|p2a: 500% usage\n|-damage|p2a: 500% usage|93\/100\n|move|p2a: 500% usage|Tailwind|p2a: 500% usage\n|-sidestart|p2: drippy wap|move: Tailwind\n|move|p2b: @sanddawg|Rock Slide|p1a: Landorus|[spread] p1a,p1b\n|-damage|p1a: Landorus|87\/100\n|-damage|p1b: Rillaboom|88\/100\n|move|p1a: Landorus|Rock Slide|p2a: 500% usage|[spread] p2b\n|-miss|p1a: Landorus|p2a: 500% usage\n|-damage|p2b: @sanddawg|86\/100\n|\n|-heal|p1b: Rillaboom|94\/100|[from] Grassy Terrain\n|upkeep\n|turn|2\n|\n|t:|1699123313\n|switch|p1a: Ogerpon|Ogerpon-Wellspring, F|100\/100\n|move|p2b: @sanddawg|Rock Slide|p1a: Ogerpon|[spread] p1a,p1b\n|-damage|p1a: Ogerpon|88\/100\n|-damage|p1b: Rillaboom|81\/100\n|move|p2a: 500% usage|Bleakwind Storm|p1a: Ogerpon|[spread] p1a\n|-miss|p2a: 500% usage|p1b: Rillaboom\n|-supereffective|p1a: Ogerpon\n|-crit|p1a: Ogerpon\n|-damage|p1a: Ogerpon|0 fnt\n|faint|p1a: Ogerpon\n|cant|p1b: Rillaboom|flinch\n|\n|-heal|p1b: Rillaboom|87\/100|[from] Grassy Terrain\n|upkeep\n|\n|t:|1699123327\n|switch|p1a: Landorus|Landorus-Therian, M|87\/100\n|-ability|p1a: Landorus|Intimidate|boost\n|-unboost|p2a: 500% usage|atk|1\n|-unboost|p2b: @sanddawg|atk|1\n|turn|3\n|\n|t:|1699123343\n|switch|p2b: his-who?|Lilligant-Hisui, F|100\/100\n|switch|p2a: x-factor|Shiftry, F|100\/100\n|-ability|p2a: x-factor|Wind Rider|boost\n|-boost|p2a: x-factor|atk|1\n|switch|p1b: Heatran|Heatran, M|100\/100\n|move|p1a: Landorus|Rock Slide|p2a: x-factor|[spread] p2a,p2b\n|-resisted|p2b: his-who?\n|-damage|p2a: x-factor|61\/100\n|-damage|p2b: his-who?|84\/100\n|\n|-heal|p2b: his-who?|90\/100|[from] Grassy Terrain\n|-heal|p2a: x-factor|67\/100|[from] Grassy Terrain\n|upkeep\n|turn|4\n|\n|t:|1699123369\n|switch|p1a: Rillaboom|Rillaboom, M|87\/100\n|-terastallize|p2a: x-factor|Rock\n|-terastallize|p1b: Heatran|Fairy\n|move|p2b: his-who?|Petal Blizzard|p1b: Heatran|[spread] p1a,p1b\n|-ability|p2a: x-factor|Wind Rider|boost\n|-boost|p2a: x-factor|atk|1\n|-resisted|p1a: Rillaboom\n|-damage|p1a: Rillaboom|59\/100\n|-damage|p1b: Heatran|56\/100\n|-damage|p2b: his-who?|80\/100|[from] item: Life Orb\n|move|p2a: x-factor|Rock Slide|p1b: Heatran|[spread] p1a,p1b\n|-damage|p1a: Rillaboom|15\/100\n|-damage|p1b: Heatran|18\/100\n|cant|p1b: Heatran|flinch\n|\n|-heal|p2b: his-who?|86\/100|[from] Grassy Terrain\n|-heal|p2a: x-factor|73\/100|[from] Grassy Terrain\n|-heal|p1a: Rillaboom|21\/100|[from] Grassy Terrain\n|-heal|p1b: Heatran|24\/100|[from] Grassy Terrain\n|-sideend|p2: drippy wap|move: Tailwind\n|upkeep\n|turn|5\n|\n|t:|1699123391\n|switch|p1b: Landorus|Landorus-Therian, M|87\/100\n|-ability|p1b: Landorus|Intimidate|boost\n|-unboost|p2a: x-factor|atk|1\n|-unboost|p2b: his-who?|atk|1\n|move|p2a: x-factor|Protect|p2a: x-factor\n|-singleturn|p2a: x-factor|Protect\n|move|p1a: Rillaboom|Grassy Glide|p2a: x-factor\n|-activate|p2a: x-factor|move: Protect\n|move|p2b: his-who?|Petal Blizzard|p1b: Landorus|[spread] p1a,p1b\n|-activate|p2a: x-factor|move: Protect\n|-resisted|p1a: Rillaboom\n|-damage|p1a: Rillaboom|3\/100\n|-damage|p1b: Landorus|47\/100\n|-damage|p2b: his-who?|76\/100|[from] item: Life Orb\n|\n|-heal|p2b: his-who?|82\/100|[from] Grassy Terrain\n|-heal|p2a: x-factor|80\/100|[from] Grassy Terrain\n|-heal|p1a: Rillaboom|9\/100|[from] Grassy Terrain\n|-fieldend|move: Grassy Terrain\n|upkeep\n|turn|6\n|\n|t:|1699123416\n|switch|p2a: @sanddawg|Landorus-Therian, M|86\/100\n|-ability|p2a: @sanddawg|Intimidate|boost\n|-unboost|p1a: Rillaboom|atk|1\n|-unboost|p1b: Landorus|atk|1\n|switch|p1a: Flutter Mane|Flutter Mane|100\/100\n|move|p2b: his-who?|Protect|p2b: his-who?\n|-singleturn|p2b: his-who?|Protect\n|move|p1b: Landorus|Stomping Tantrum|p2a: @sanddawg\n|-immune|p2a: @sanddawg\n|\n|upkeep\n|turn|7\n|\n|t:|1699123438\n|switch|p1b: Rillaboom|Rillaboom, M|9\/100\n|-fieldstart|move: Grassy Terrain|[from] ability: Grassy Surge|[of] p1b: Rillaboom\n|switch|p2b: flipflop|Palafin, M|100\/100\n|move|p2a: @sanddawg|Stomping Tantrum|p1a: Flutter Mane\n|-damage|p1a: Flutter Mane|38\/100\n|move|p1a: Flutter Mane|Moonblast|p2a: @sanddawg\n|-damage|p2a: @sanddawg|1\/100\n|-unboost|p2a: @sanddawg|spa|1\n|\n|-heal|p1a: Flutter Mane|44\/100|[from] Grassy Terrain\n|-heal|p1b: Rillaboom|15\/100|[from] Grassy Terrain\n|upkeep\n|turn|8\n|\n|t:|1699123466\n|switch|p2a: his-who?|Lilligant-Hisui, F|82\/100\n|move|p2b: flipflop|Jet Punch|p1a: Flutter Mane\n|-damage|p1a: Flutter Mane|0 fnt\n|faint|p1a: Flutter Mane\n|-end|p1a: Flutter Mane|Protosynthesis|[silent]\n|move|p1b: Rillaboom|Grassy Glide|p2a: his-who?\n|-resisted|p2a: his-who?\n|-damage|p2a: his-who?|52\/100\n|\n|-heal|p2a: his-who?|59\/100|[from] Grassy Terrain\n|-heal|p1b: Rillaboom|21\/100|[from] Grassy Terrain\n|upkeep\n|\n|t:|1699123474\n|switch|p1a: Chien-Pao|Chien-Pao|100\/100\n|-ability|p1a: Chien-Pao|Sword of Ruin\n|turn|9\n|\n|t:|1699123485\n|detailschange|p2b: flipflop|Palafin-Hero, M\n|switch|p2b: @sanddawg|Landorus-Therian, M|1\/100\n|-ability|p2b: @sanddawg|Intimidate|boost\n|-unboost|p1a: Chien-Pao|atk|1\n|-unboost|p1b: Rillaboom|atk|1\n|move|p2a: his-who?|Protect|p2a: his-who?\n|-singleturn|p2a: his-who?|Protect\n|move|p1a: Chien-Pao|Icicle Crash|p2a: his-who?\n|-activate|p2a: his-who?|move: Protect\n|move|p1b: Rillaboom|U-turn|p2b: @sanddawg\n|-resisted|p2b: @sanddawg\n|-damage|p2b: @sanddawg|0 fnt\n|faint|p2b: @sanddawg\n|\n|t:|1699123497\n|switch|p1b: Landorus|Landorus-Therian, M|47\/100|[from] U-turn\n|-ability|p1b: Landorus|Intimidate|boost\n|-unboost|p2a: his-who?|atk|1\n|\n|-heal|p2a: his-who?|65\/100|[from] Grassy Terrain\n|upkeep\n|\n|t:|1699123508\n|switch|p2b: flipflop|Palafin-Hero, M|100\/100\n|-activate|p2b: flipflop|ability: Zero to Hero\n|turn|10\n|\n|t:|1699123526\n|move|p1b: Landorus|Stomping Tantrum|p2b: flipflop\n|-damage|p2b: flipflop|38\/100\n|move|p1a: Chien-Pao|Icicle Crash|p2a: his-who?|[miss]\n|-miss|p1a: Chien-Pao|p2a: his-who?\n|move|p2a: his-who?|Close Combat|p1a: Chien-Pao\n|-supereffective|p1a: Chien-Pao\n|-enditem|p1a: Chien-Pao|Focus Sash\n|-damage|p1a: Chien-Pao|1\/100\n|-unboost|p2a: his-who?|def|1\n|-unboost|p2a: his-who?|spd|1\n|-damage|p2a: his-who?|55\/100|[from] item: Life Orb\n|move|p2b: flipflop|Flip Turn|p1b: Landorus\n|-supereffective|p1b: Landorus\n|-damage|p1b: Landorus|0 fnt\n|faint|p1b: Landorus\n|\n|t:|1699123543\n|switch|p2b: 500% usage|Tornadus, M|93\/100|[from] Flip Turn\n|\n|-heal|p1a: Chien-Pao|7\/100|[from] Grassy Terrain\n|-heal|p2a: his-who?|61\/100|[from] Grassy Terrain\n|upkeep\n|\n|t:|1699123549\n|switch|p1b: Heatran|Heatran, M, tera:Fairy|24\/100\n|turn|11\n|l| elpotrero\n|\n|t:|1699123565\n|move|p1a: Chien-Pao|Protect|p1a: Chien-Pao\n|-singleturn|p1a: Chien-Pao|Protect\n|move|p2b: 500% usage|Tailwind|p2b: 500% usage\n|-sidestart|p2: drippy wap|move: Tailwind\n|move|p2a: his-who?|Healing Wish|p2a: his-who?\n|faint|p2a: his-who?\n|move|p1b: Heatran|Heat Wave|p2b: 500% usage|[miss]\n|-miss|p1b: Heatran|p2b: 500% usage\n|\n|-heal|p1a: Chien-Pao|13\/100|[from] Grassy Terrain\n|-heal|p1b: Heatran|30\/100|[from] Grassy Terrain\n|-fieldend|move: Grassy Terrain\n|upkeep\n|\n|t:|1699123580\n|switch|p2a: x-factor|Shiftry, F, tera:Rock|80\/100\n|-heal|p2a: x-factor|100\/100|[from] move: Healing Wish\n|-ability|p2a: x-factor|Wind Rider|boost\n|-boost|p2a: x-factor|atk|1\n|turn|12\n|inactive|kkddyy has 120 seconds left.\n|\n|t:|1699123610\n|switch|p1b: Rillaboom|Rillaboom, M|21\/100\n|-fieldstart|move: Grassy Terrain|[from] ability: Grassy Surge|[of] p1b: Rillaboom\n|move|p1a: Chien-Pao|Protect||[still]\n|-fail|p1a: Chien-Pao\n|move|p2a: x-factor|Rock Slide|p1a: Chien-Pao|[spread] p1a,p1b\n|-supereffective|p1a: Chien-Pao\n|-crit|p1a: Chien-Pao\n|-damage|p1a: Chien-Pao|0 fnt\n|-damage|p1b: Rillaboom|0 fnt\n|faint|p1a: Chien-Pao\n|faint|p1b: Rillaboom\n|move|p2b: 500% usage|Bleakwind Storm|p1: Chien-Pao|[notarget]\n|-fail|p2b: 500% usage\n|\n|upkeep\n|inactive|kkddyy has 120 seconds left.\n|\n|t:|1699123616\n|switch|p1a: Heatran|Heatran, M, tera:Fairy|30\/100\n|turn|13\n|c|\u2606drippy wap|g\n|c|\u2606drippy wap|g\n|\n|t:|1699123630\n|move|p2b: 500% usage|Rain Dance|p2b: 500% usage\n|-weather|RainDance\n|move|p2a: x-factor|Leaf Blade|p1a: Heatran\n|-damage|p1a: Heatran|0 fnt\n|faint|p1a: Heatran\n|\n|win|drippy wap\n|raw|kkddyy's rating: 1503 &rarr; <strong>1478<\/strong><br \/>(-25 for losing)\n|raw|drippy wap's rating: 1408 &rarr; <strong>1433<\/strong><br \/>(+25 for winning)\n","uploadtime":1699123654,"views":19,"p1id":"kkddyy","p2id":"drippywap","formatid":"gen9doublesou","rating":1433,"private":0,"password":""}