{"id":"gen9doublesou-1985097548","p1":"RubRub900x","p2":"Jackmim","format":"[Gen 9] Doubles OU","log":"|j|\u2606RubRub900x\n|j|\u2606Jackmim\n|t:|1699330475\n|gametype|doubles\n|player|p1|RubRub900x|medium|1000\n|player|p2|Jackmim|elesa-masters|1111\n|teamsize|p1|6\n|teamsize|p2|6\n|gen|9\n|tier|[Gen 9] Doubles OU\n|rated|\n|rule|Species Clause: Limit one of each Pok\u00e9mon\n|rule|OHKO Clause: OHKO moves are banned\n|rule|Evasion Moves Clause: Evasion moves are banned\n|rule|Gravity Sleep Clause: The combination of sleep-inducing moves with imperfect accuracy and Gravity or Gigantamax Orbeetle are banned\n|rule|Endless Battle Clause: Forcing endless battles is banned\n|rule|HP Percentage Mod: HP is shown in percentages\n|clearpoke\n|poke|p1|Armarouge, M|\n|poke|p1|Ceruledge, M|\n|poke|p1|Torkoal, M|\n|poke|p1|Appletun, M|\n|poke|p1|Blissey, F|\n|poke|p1|Wigglytuff, F|\n|poke|p2|Dipplin, F|\n|poke|p2|Flapple, M|\n|poke|p2|Iron Leaves|\n|poke|p2|Ogerpon-Hearthflame, F|\n|poke|p2|Shiftry, M|\n|poke|p2|Jumpluff, F|\n|teampreview\n|\n|t:|1699330537\n|start\n|switch|p1a: Torkoal|Torkoal, M|100\/100\n|switch|p1b: Wigglytuff|Wigglytuff, F|100\/100\n|switch|p2a: Wedigo|Iron Leaves|100\/100\n|switch|p2b: Gravigo|Flapple, M, shiny|100\/100\n|-item|p2b: Gravigo|Air Balloon\n|-item|p2a: Wedigo|Choice Scarf|[from] ability: Frisk|[of] p1b: Wigglytuff|[identify]\n|-item|p2b: Gravigo|Air Balloon|[from] ability: Frisk|[of] p1b: Wigglytuff|[identify]\n|-weather|SunnyDay|[from] ability: Drought|[of] p1a: Torkoal\n|turn|1\n|\n|t:|1699330577\n|move|p2a: Wedigo|Gravity|p2a: Wedigo\n|-fieldstart|move: Gravity\n|move|p2b: Gravigo|Grav Apple|p1a: Torkoal\n|-resisted|p1a: Torkoal\n|-damage|p1a: Torkoal|71\/100\n|-unboost|p1a: Torkoal|def|1\n|move|p1b: Wigglytuff|Covet|p2b: Gravigo\n|-damage|p2b: Gravigo|79\/100\n|-enditem|p2b: Gravigo|Air Balloon\n|move|p1a: Torkoal|Eruption|p2b: Gravigo|[spread] p2a,p2b\n|-supereffective|p2a: Wedigo\n|-damage|p2a: Wedigo|0 fnt\n|-damage|p2b: Gravigo|0 fnt\n|faint|p2a: Wedigo\n|-end|p2a: Wedigo|Quark Drive|[silent]\n|faint|p2b: Gravigo\n|\n|-weather|SunnyDay|[upkeep]\n|upkeep\n|\n|t:|1699330597\n|switch|p2a: Honey-O's|Dipplin, F, shiny|100\/100\n|switch|p2b: Wet Wipes|Jumpluff, F, shiny|100\/100\n|-ability|p2a: Honey-O's|Supersweet Syrup\n|-ability|p2a: Honey-O's|Supersweet Syrup|boost\n|-unboost|p1a: Torkoal|evasion|1\n|-unboost|p1b: Wigglytuff|evasion|1\n|turn|2\n|\n|t:|1699330617\n|switch|p1b: Blissey|Blissey, F|100\/100\n|move|p2b: Wet Wipes|Rain Dance|p2b: Wet Wipes\n|-weather|RainDance\n|move|p2a: Honey-O's|Draco Meteor|p1a: Torkoal\n|-damage|p1a: Torkoal|10\/100\n|-unboost|p2a: Honey-O's|spa|2\n|move|p1a: Torkoal|Eruption|p2b: Wet Wipes|[spread] p2a,p2b\n|-supereffective|p2b: Wet Wipes\n|-damage|p2a: Honey-O's|99\/100\n|-damage|p2b: Wet Wipes|96\/100\n|\n|-weather|RainDance|[upkeep]\n|upkeep\n|turn|3\n|\n|t:|1699330643\n|switch|p2a: Ko-papagengu|Shiftry, M, shiny|100\/100\n|switch|p1a: Wigglytuff|Wigglytuff, F|100\/100\n|-item|p2a: Ko-papagengu|Lum Berry|[from] ability: Frisk|[of] p1a: Wigglytuff|[identify]\n|-item|p2b: Wet Wipes|Grassy Seed|[from] ability: Frisk|[of] p1a: Wigglytuff|[identify]\n|move|p1b: Blissey|Protect|p1b: Blissey\n|-singleturn|p1b: Blissey|Protect\n|move|p2b: Wet Wipes|Trailblaze|p1b: Blissey\n|-activate|p1b: Blissey|move: Protect\n|\n|-weather|RainDance|[upkeep]\n|upkeep\n|turn|4\n|\n|t:|1699330663\n|move|p1b: Blissey|Protect|p1b: Blissey\n|-singleturn|p1b: Blissey|Protect\n|move|p2b: Wet Wipes|Trailblaze|p1a: Wigglytuff\n|-crit|p1a: Wigglytuff\n|-damage|p1a: Wigglytuff|75\/100\n|-boost|p2b: Wet Wipes|spe|1\n|move|p2a: Ko-papagengu|Hurricane|p1a: Wigglytuff\n|-damage|p1a: Wigglytuff|56\/100\n|move|p1a: Wigglytuff|Covet|p2a: Ko-papagengu\n|-damage|p2a: Ko-papagengu|78\/100\n|-item|p1a: Wigglytuff|Lum Berry|[from] move: Covet|[of] p2a: Ko-papagengu\n|-enditem|p1a: Wigglytuff|Lum Berry|[silent]|[from] ability: Pickpocket|[of] p1a: Wigglytuff\n|-item|p2a: Ko-papagengu|Lum Berry|[from] ability: Pickpocket|[of] p1a: Wigglytuff\n|\n|-weather|RainDance|[upkeep]\n|upkeep\n|turn|5\n|c|\u2606Jackmim|LOL MINE! ALL MINE!\n|c|\u2606Jackmim|NOT YOURS!\n|\n|t:|1699330696\n|move|p2b: Wet Wipes|Trailblaze|p1a: Wigglytuff\n|-damage|p1a: Wigglytuff|41\/100\n|-boost|p2b: Wet Wipes|spe|1\n|move|p2a: Ko-papagengu|Hurricane|p1a: Wigglytuff\n|-damage|p1a: Wigglytuff|22\/100\n|move|p1b: Blissey|Heal Pulse|p1a: Wigglytuff\n|-heal|p1a: Wigglytuff|72\/100\n|move|p1a: Wigglytuff|Covet|p2b: Wet Wipes\n|-damage|p2b: Wet Wipes|73\/100\n|-item|p1a: Wigglytuff|Grassy Seed|[from] move: Covet|[of] p2b: Wet Wipes\n|\n|-weather|RainDance|[upkeep]\n|-fieldend|move: Gravity\n|upkeep\n|turn|6\n|\n|t:|1699330730\n|switch|p1b: Torkoal|Torkoal, M|10\/100\n|-weather|SunnyDay|[from] ability: Drought|[of] p1b: Torkoal\n|move|p2b: Wet Wipes|Lunge|p1a: Wigglytuff\n|-resisted|p1a: Wigglytuff\n|-damage|p1a: Wigglytuff|64\/100\n|-unboost|p1a: Wigglytuff|atk|1\n|move|p2a: Ko-papagengu|Leaf Blade|p1a: Wigglytuff\n|-damage|p1a: Wigglytuff|25\/100\n|move|p1a: Wigglytuff|Fake Tears|p2a: Ko-papagengu\n|-unboost|p2a: Ko-papagengu|spd|2\n|\n|-weather|SunnyDay|[upkeep]\n|upkeep\n|turn|7\n|\n|t:|1699330759\n|move|p2b: Wet Wipes|Lunge|p1b: Torkoal\n|-resisted|p1b: Torkoal\n|-damage|p1b: Torkoal|4\/100\n|-unboost|p1b: Torkoal|atk|1\n|move|p2a: Ko-papagengu|Leaf Blade|p1a: Wigglytuff\n|-damage|p1a: Wigglytuff|0 fnt\n|faint|p1a: Wigglytuff\n|move|p1b: Torkoal|Eruption|p2a: Ko-papagengu|[spread] p2a,p2b\n|-supereffective|p2a: Ko-papagengu\n|-supereffective|p2b: Wet Wipes\n|-damage|p2a: Ko-papagengu|61\/100\n|-damage|p2b: Wet Wipes|66\/100\n|\n|-weather|SunnyDay|[upkeep]\n|upkeep\n|\n|t:|1699330775\n|switch|p1a: Armarouge|Armarouge, M, shiny|100\/100\n|turn|8\n|\n|t:|1699330787\n|move|p2b: Wet Wipes|Lunge|p1a: Armarouge\n|-crit|p1a: Armarouge\n|-damage|p1a: Armarouge|82\/100\n|-unboost|p1a: Armarouge|atk|1\n|-ability|p1a: Armarouge|Weak Armor|boost\n|-unboost|p1a: Armarouge|def|1\n|-boost|p1a: Armarouge|spe|2\n|move|p1a: Armarouge|Clear Smog|p2b: Wet Wipes\n|-supereffective|p2b: Wet Wipes\n|-damage|p2b: Wet Wipes|31\/100\n|-clearboost|p2b: Wet Wipes\n|move|p2a: Ko-papagengu|Lash Out|p1a: Armarouge\n|-supereffective|p1a: Armarouge\n|-crit|p1a: Armarouge\n|-damage|p1a: Armarouge|0 fnt\n|faint|p1a: Armarouge\n|move|p1b: Torkoal|Eruption|p2b: Wet Wipes|[spread] p2a,p2b\n|-supereffective|p2a: Ko-papagengu\n|-supereffective|p2b: Wet Wipes\n|-damage|p2a: Ko-papagengu|46\/100\n|-damage|p2b: Wet Wipes|25\/100\n|\n|-weather|SunnyDay|[upkeep]\n|upkeep\n|\n|t:|1699330805\n|switch|p1a: Blissey|Blissey, F|100\/100\n|turn|9\n|\n|t:|1699330829\n|move|p2b: Wet Wipes|Trailblaze|p1b: Torkoal\n|-resisted|p1b: Torkoal\n|-damage|p1b: Torkoal|0 fnt\n|-boost|p2b: Wet Wipes|spe|1\n|faint|p1b: Torkoal\n|move|p2a: Ko-papagengu|Rain Dance|p2a: Ko-papagengu\n|-weather|RainDance\n|move|p1a: Blissey|Heal Pulse|p1: Torkoal|[notarget]\n|-fail|p1a: Blissey\n|\n|-weather|RainDance|[upkeep]\n|upkeep\n|\n|t:|1699330842\n|switch|p1b: Appletun|Appletun, M, shiny|100\/100\n|turn|10\n|\n|t:|1699330855\n|move|p2b: Wet Wipes|Strength Sap|p1b: Appletun\n|-unboost|p1b: Appletun|atk|1\n|-heal|p2b: Wet Wipes|89\/100\n|move|p2a: Ko-papagengu|Hurricane|p1b: Appletun\n|-supereffective|p1b: Appletun\n|-damage|p1b: Appletun|68\/100\n|move|p1a: Blissey|Heal Pulse|p1b: Appletun\n|-heal|p1b: Appletun|100\/100\n|move|p1b: Appletun|Recycle||[still]\n|-fail|p1b: Appletun\n|\n|-weather|RainDance|[upkeep]\n|upkeep\n|turn|11\n|\n|t:|1699330872\n|move|p1a: Blissey|Protect|p1a: Blissey\n|-singleturn|p1a: Blissey|Protect\n|move|p2b: Wet Wipes|Lunge|p1b: Appletun\n|-supereffective|p1b: Appletun\n|-damage|p1b: Appletun|74\/100\n|-unboost|p1b: Appletun|atk|1\n|move|p2a: Ko-papagengu|Hurricane|p1b: Appletun\n|-supereffective|p1b: Appletun\n|-damage|p1b: Appletun|38\/100\n|-enditem|p1b: Appletun|Starf Berry|[eat]\n|-boost|p1b: Appletun|def|2|[from] item: Starf Berry\n|move|p1b: Appletun|Draco Meteor|p2a: Ko-papagengu\n|-damage|p2a: Ko-papagengu|0 fnt\n|-unboost|p1b: Appletun|spa|2\n|faint|p2a: Ko-papagengu\n|\n|-weather|RainDance|[upkeep]\n|upkeep\n|\n|t:|1699330892\n|switch|p2a: Honey-O's|Dipplin, F, shiny|99\/100\n|turn|12\n|\n|t:|1699330899\n|move|p2b: Wet Wipes|Lunge|p1b: Appletun\n|-supereffective|p1b: Appletun\n|-damage|p1b: Appletun|24\/100\n|-unboost|p1b: Appletun|atk|1\n|move|p1a: Blissey|Heal Pulse|p1b: Appletun\n|-heal|p1b: Appletun|74\/100\n|move|p2a: Honey-O's|Draco Meteor|p1b: Appletun\n|-supereffective|p1b: Appletun\n|-damage|p1b: Appletun|2\/100\n|-unboost|p2a: Honey-O's|spa|2\n|move|p1b: Appletun|Recycle|p1b: Appletun\n|-item|p1b: Appletun|Starf Berry|[from] move: Recycle\n|-enditem|p1b: Appletun|Starf Berry|[eat]\n|-boost|p1b: Appletun|spd|2|[from] item: Starf Berry\n|\n|-weather|RainDance|[upkeep]\n|upkeep\n|turn|13\n|\n|t:|1699330918\n|switch|p2a: Spice'p|Ogerpon-Hearthflame, F|100\/100\n|-ability|p2a: Spice'p|Mold Breaker\n|move|p1a: Blissey|Helping Hand|p1b: Appletun\n|-singleturn|p1b: Appletun|Helping Hand|[of] p1a: Blissey\n|move|p2b: Wet Wipes|Lunge|p1b: Appletun\n|-supereffective|p1b: Appletun\n|-damage|p1b: Appletun|0 fnt\n|faint|p1b: Appletun\n|\n|-weather|none\n|upkeep\n|\n|t:|1699330929\n|switch|p1b: Ceruledge|Ceruledge, M, shiny|100\/100\n|turn|14\n|\n|t:|1699330962\n|-terastallize|p2a: Spice'p|Fire\n|detailschange|p2a: Spice'p|Ogerpon-Hearthflame-Tera, F, tera:Fire\n|-ability|p2a: Spice'p|Embody Aspect (Hearthflame)|boost\n|-boost|p2a: Spice'p|atk|1\n|move|p1a: Blissey|Helping Hand|p1b: Ceruledge\n|-singleturn|p1b: Ceruledge|Helping Hand|[of] p1a: Blissey\n|move|p2b: Wet Wipes|Rain Dance|p2b: Wet Wipes\n|-weather|RainDance\n|move|p2a: Spice'p|Horn Leech|p1b: Ceruledge\n|-resisted|p1b: Ceruledge\n|-damage|p1b: Ceruledge|59\/100\n|move|p1b: Ceruledge|Bitter Blade|p2b: Wet Wipes\n|-supereffective|p2b: Wet Wipes\n|-damage|p2b: Wet Wipes|0 fnt\n|-heal|p1b: Ceruledge|99\/100|[from] drain|[of] p2b: Wet Wipes\n|faint|p2b: Wet Wipes\n|-damage|p1b: Ceruledge|89\/100|[from] item: Life Orb\n|\n|-weather|RainDance|[upkeep]\n|upkeep\n|\n|t:|1699330979\n|switch|p2b: Honey-O's|Dipplin, F, shiny|99\/100\n|turn|15\n|\n|t:|1699330993\n|move|p1a: Blissey|Helping Hand|p1b: Ceruledge\n|-singleturn|p1b: Ceruledge|Helping Hand|[of] p1a: Blissey\n|move|p2a: Spice'p|Horn Leech|p1b: Ceruledge\n|-resisted|p1b: Ceruledge\n|-damage|p1b: Ceruledge|48\/100\n|move|p1b: Ceruledge|Bitter Blade|p2b: Honey-O's\n|-damage|p2b: Honey-O's|77\/100\n|-heal|p1b: Ceruledge|61\/100|[from] drain|[of] p2b: Honey-O's\n|-damage|p1b: Ceruledge|51\/100|[from] item: Life Orb\n|move|p2b: Honey-O's|Giga Drain|p1b: Ceruledge\n|-resisted|p1b: Ceruledge\n|-damage|p1b: Ceruledge|38\/100\n|-heal|p2b: Honey-O's|83\/100|[from] drain|[of] p1b: Ceruledge\n|\n|-weather|RainDance|[upkeep]\n|upkeep\n|turn|16\n|\n|t:|1699331010\n|move|p2a: Spice'p|Horn Leech|p1b: Ceruledge\n|-resisted|p1b: Ceruledge\n|-damage|p1b: Ceruledge|0 fnt\n|faint|p1b: Ceruledge\n|move|p1a: Blissey|Heal Pulse|p1: Ceruledge|[notarget]\n|-fail|p1a: Blissey\n|move|p2b: Honey-O's|Giga Drain|p1a: Blissey\n|-damage|p1a: Blissey|91\/100\n|-heal|p2b: Honey-O's|92\/100|[from] drain|[of] p1a: Blissey\n|\n|-weather|RainDance|[upkeep]\n|upkeep\n|turn|17\n|-message|RubRub900x forfeited.\n|\n|win|Jackmim\n|raw|RubRub900x's rating: 1000 &rarr; <strong>1000<\/strong><br \/>(+0 for losing)\n|raw|Jackmim's rating: 1111 &rarr; <strong>1128<\/strong><br \/>(+17 for winning)\n|l|\u2606RubRub900x\n","uploadtime":1699331029,"views":12,"p1id":"rubrub900x","p2id":"jackmim","formatid":"gen9doublesou","rating":1000,"private":0,"password":""}