{"id":"gen9doublesou-1978854207","p1":"SMB","p2":"Nido-Rus","format":"[Gen 9] Doubles OU","log":"|j|\u2606SMB\n|j|\u2606Nido-Rus\n|t:|1698603004\n|gametype|doubles\n|player|p1|SMB|#dpl8ducks|\n|player|p2|Nido-Rus|cheryl|\n|teamsize|p1|6\n|teamsize|p2|6\n|gen|9\n|tier|[Gen 9] Doubles OU\n|rule|Species Clause: Limit one of each Pok\u00e9mon\n|rule|OHKO Clause: OHKO moves are banned\n|rule|Evasion Moves Clause: Evasion moves are banned\n|rule|Gravity Sleep Clause: The combination of sleep-inducing moves with imperfect accuracy and Gravity or Gigantamax Orbeetle are banned\n|rule|Endless Battle Clause: Forcing endless battles is banned\n|rule|HP Percentage Mod: HP is shown in percentages\n|clearpoke\n|poke|p1|Ogerpon-Wellspring, F|\n|poke|p1|Iron Hands|\n|poke|p1|Flutter Mane|\n|poke|p1|Tornadus, M|\n|poke|p1|Landorus-Therian, M|\n|poke|p1|Heatran, M|\n|poke|p2|Kommo-o, M|\n|poke|p2|Rillaboom, F|\n|poke|p2|Flutter Mane|\n|poke|p2|Torkoal, F|\n|poke|p2|Diancie|\n|poke|p2|Landorus-Therian, M|\n|teampreview\n|j|+Arcticblast\n|c|\u2606Nido-Rus|gl hf\n|c|\u2606SMB|glhf\n|j| eragon11145\n|j|+Yoda2798\n|j| Raf\n|j| VGCLTE Lem\n|j| theyummybagel\n|j|%Yellow Paint\n|j|+chemcoop\n|j| mishimono\n|l| theyummybagel\n|\n|t:|1698603074\n|start\n|switch|p1a: Landorus|Landorus-Therian, M|100\/100\n|switch|p1b: Flutter Mane|Flutter Mane|100\/100\n|switch|p2a: Landorus|Landorus-Therian, M|100\/100\n|switch|p2b: Rillaboom|Rillaboom, F|100\/100\n|-ability|p2a: Landorus|Intimidate|boost\n|-unboost|p1a: Landorus|atk|1\n|-unboost|p1b: Flutter Mane|atk|1\n|-ability|p1a: Landorus|Intimidate|boost\n|-unboost|p2a: Landorus|atk|1\n|-unboost|p2b: Rillaboom|atk|1\n|-fieldstart|move: Grassy Terrain|[from] ability: Grassy Surge|[of] p2b: Rillaboom\n|-enditem|p1b: Flutter Mane|Booster Energy\n|-activate|p1b: Flutter Mane|ability: Protosynthesis|[fromitem]\n|-start|p1b: Flutter Mane|protosynthesisspe\n|turn|1\n|j| Iceberg77\n|j| RelicanthPrimal<><\n|\n|t:|1698603117\n|move|p1b: Flutter Mane|Protect|p1b: Flutter Mane\n|-singleturn|p1b: Flutter Mane|Protect\n|move|p2a: Landorus|U-turn|p1a: Landorus\n|-resisted|p1a: Landorus\n|-damage|p1a: Landorus|92\/100\n|\n|t:|1698603127\n|switch|p2a: Kommo-o|Kommo-o, M|100\/100|[from] U-turn\n|move|p1a: Landorus|Stealth Rock|p2a: Kommo-o\n|-sidestart|p2: Nido-Rus|move: Stealth Rock\n|move|p2b: Rillaboom|Wood Hammer|p1b: Flutter Mane\n|-activate|p1b: Flutter Mane|move: Protect\n|\n|upkeep\n|turn|2\n|\n|t:|1698603156\n|-terastallize|p2a: Kommo-o|Fire\n|move|p1b: Flutter Mane|Moonblast|p2a: Kommo-o\n|-resisted|p2a: Kommo-o\n|-damage|p2a: Kommo-o|80\/100\n|-unboost|p2a: Kommo-o|spa|1\n|move|p2a: Kommo-o|Iron Defense|p2a: Kommo-o\n|-boost|p2a: Kommo-o|def|2\n|move|p1a: Landorus|Stomping Tantrum|p2a: Kommo-o\n|-supereffective|p2a: Kommo-o\n|-damage|p2a: Kommo-o|59\/100\n|move|p2b: Rillaboom|Wood Hammer|p1b: Flutter Mane\n|-damage|p1b: Flutter Mane|25\/100\n|-damage|p2b: Rillaboom|81\/100|[from] Recoil\n|\n|-heal|p1b: Flutter Mane|31\/100|[from] Grassy Terrain\n|-heal|p2a: Kommo-o|65\/100|[from] Grassy Terrain\n|-heal|p2a: Kommo-o|72\/100|[from] item: Leftovers\n|-heal|p2b: Rillaboom|87\/100|[from] Grassy Terrain\n|upkeep\n|turn|3\n|j| Toxinalpaca\n|j| tyo\n|l| Toxinalpaca\n|j| glimmeraqua\n|\n|t:|1698603196\n|move|p2b: Rillaboom|Grassy Glide|p1b: Flutter Mane\n|-damage|p1b: Flutter Mane|0 fnt\n|faint|p1b: Flutter Mane\n|-end|p1b: Flutter Mane|Protosynthesis|[silent]\n|move|p2a: Kommo-o|Iron Defense|p2a: Kommo-o\n|-boost|p2a: Kommo-o|def|2\n|move|p1a: Landorus|U-turn|p2b: Rillaboom\n|-supereffective|p2b: Rillaboom\n|-damage|p2b: Rillaboom|60\/100\n|\n|t:|1698603206\n|switch|p1a: Ogerpon|Ogerpon-Wellspring, F|100\/100|[from] U-turn\n|\n|-heal|p2a: Kommo-o|78\/100|[from] Grassy Terrain\n|-heal|p2a: Kommo-o|84\/100|[from] item: Leftovers\n|-heal|p2b: Rillaboom|66\/100|[from] Grassy Terrain\n|upkeep\n|j| Roseye\n|\n|t:|1698603222\n|switch|p1b: Heatran|Heatran, M|100\/100\n|turn|4\n|j| AIRedzone\n|\n|t:|1698603241\n|-terastallize|p1b: Heatran|Grass\n|move|p2a: Kommo-o|Protect|p2a: Kommo-o\n|-singleturn|p2a: Kommo-o|Protect\n|move|p1a: Ogerpon|Swords Dance|p1a: Ogerpon\n|-boost|p1a: Ogerpon|atk|2\n|move|p1b: Heatran|Heat Wave|p2a: Kommo-o|[spread] p2b\n|-activate|p2a: Kommo-o|move: Protect\n|-supereffective|p2b: Rillaboom\n|-damage|p2b: Rillaboom|15\/100\n|move|p2b: Rillaboom|High Horsepower|p1b: Heatran\n|-resisted|p1b: Heatran\n|-damage|p1b: Heatran|92\/100\n|\n|-heal|p2a: Kommo-o|90\/100|[from] Grassy Terrain\n|-heal|p2a: Kommo-o|97\/100|[from] item: Leftovers\n|-heal|p1b: Heatran|98\/100|[from] Grassy Terrain\n|-heal|p2b: Rillaboom|21\/100|[from] Grassy Terrain\n|upkeep\n|turn|5\n|j|+ryo yamada2001\n|j| theyummybagel\n|\n|t:|1698603262\n|switch|p2b: Torkoal|Torkoal, F|100\/100\n|-damage|p2b: Torkoal|76\/100|[from] Stealth Rock\n|-weather|SunnyDay|[from] ability: Drought|[of] p2b: Torkoal\n|move|p1a: Ogerpon|Ivy Cudgel|p2a: Kommo-o\n|-supereffective|p2a: Kommo-o\n|-damage|p2a: Kommo-o|69\/100\n|move|p2a: Kommo-o|Body Press|p1b: Heatran\n|-damage|p1b: Heatran|0 fnt\n|faint|p1b: Heatran\n|\n|-weather|SunnyDay|[upkeep]\n|-heal|p2a: Kommo-o|76\/100|[from] Grassy Terrain\n|-heal|p2a: Kommo-o|82\/100|[from] item: Leftovers\n|-heal|p2b: Torkoal|82\/100|[from] Grassy Terrain\n|-fieldend|move: Grassy Terrain\n|upkeep\n|l| theyummybagel\n|\n|t:|1698603285\n|switch|p1b: Tornadus|Tornadus, M|100\/100\n|turn|6\n|j| Jello1231\n|j| Feyette\n|\n|t:|1698603322\n|move|p2a: Kommo-o|Protect|p2a: Kommo-o\n|-singleturn|p2a: Kommo-o|Protect\n|move|p1a: Ogerpon|Ivy Cudgel|p2a: Kommo-o\n|-activate|p2a: Kommo-o|move: Protect\n|move|p1b: Tornadus|Bleakwind Storm|p2a: Kommo-o|[spread] p2b\n|-activate|p2a: Kommo-o|move: Protect\n|-damage|p2b: Torkoal|38\/100\n|-unboost|p2b: Torkoal|spe|1\n|-enditem|p2b: Torkoal|Eject Button\n|\n|t:|1698603331\n|switch|p2b: Rillaboom|Rillaboom, F|21\/100\n|-damage|p2b: Rillaboom|9\/100|[from] Stealth Rock\n|-fieldstart|move: Grassy Terrain|[from] ability: Grassy Surge|[of] p2b: Rillaboom\n|\n|-weather|SunnyDay|[upkeep]\n|-heal|p2a: Kommo-o|88\/100|[from] Grassy Terrain\n|-heal|p2a: Kommo-o|94\/100|[from] item: Leftovers\n|-heal|p2b: Rillaboom|15\/100|[from] Grassy Terrain\n|upkeep\n|turn|7\n|\n|t:|1698603347\n|move|p1b: Tornadus|Protect|p1b: Tornadus\n|-singleturn|p1b: Tornadus|Protect\n|move|p1a: Ogerpon|Spiky Shield|p1a: Ogerpon\n|-singleturn|p1a: Ogerpon|move: Protect\n|move|p2b: Rillaboom|Fake Out|p1a: Ogerpon\n|-activate|p1a: Ogerpon|move: Protect\n|-damage|p2b: Rillaboom|2\/100|[from] Spiky Shield|[of] p1a: Ogerpon\n|move|p2a: Kommo-o|Body Press|p1b: Tornadus\n|-activate|p1b: Tornadus|move: Protect\n|\n|-weather|SunnyDay|[upkeep]\n|-heal|p2a: Kommo-o|100\/100|[from] Grassy Terrain\n|-heal|p2b: Rillaboom|9\/100|[from] Grassy Terrain\n|upkeep\n|turn|8\n|\n|t:|1698603362\n|move|p2b: Rillaboom|Grassy Glide|p1b: Tornadus\n|-resisted|p1b: Tornadus\n|-damage|p1b: Tornadus|83\/100\n|move|p1a: Ogerpon|Ivy Cudgel|p2a: Kommo-o\n|-supereffective|p2a: Kommo-o\n|-damage|p2a: Kommo-o|73\/100\n|move|p1b: Tornadus|Bleakwind Storm|p2a: Kommo-o|[spread] p2a,p2b\n|-supereffective|p2b: Rillaboom\n|-damage|p2a: Kommo-o|45\/100\n|-damage|p2b: Rillaboom|0 fnt\n|-unboost|p2a: Kommo-o|spe|1\n|faint|p2b: Rillaboom\n|move|p2a: Kommo-o|Body Press|p1a: Ogerpon\n|-damage|p1a: Ogerpon|0 fnt\n|faint|p1a: Ogerpon\n|\n|-weather|SunnyDay|[upkeep]\n|-heal|p2a: Kommo-o|51\/100|[from] Grassy Terrain\n|-heal|p2a: Kommo-o|57\/100|[from] item: Leftovers\n|upkeep\n|\n|t:|1698603388\n|switch|p1a: Landorus|Landorus-Therian, M|92\/100\n|switch|p2b: Landorus|Landorus-Therian, M|100\/100\n|-damage|p2b: Landorus|88\/100|[from] Stealth Rock\n|-ability|p2b: Landorus|Intimidate|boost\n|-unboost|p1a: Landorus|atk|1\n|-unboost|p1b: Tornadus|atk|1\n|-ability|p1a: Landorus|Intimidate|boost\n|-unboost|p2a: Kommo-o|atk|1\n|-unboost|p2b: Landorus|atk|1\n|turn|9\n|l| Roseye\n|\n|t:|1698603405\n|move|p2a: Kommo-o|Protect|p2a: Kommo-o\n|-singleturn|p2a: Kommo-o|Protect\n|move|p2b: Landorus|Rock Tomb|p1b: Tornadus\n|-supereffective|p1b: Tornadus\n|-damage|p1b: Tornadus|55\/100\n|-unboost|p1b: Tornadus|spe|1\n|move|p1a: Landorus|U-turn|p2b: Landorus\n|-resisted|p2b: Landorus\n|-damage|p2b: Landorus|79\/100\n|\n|t:|1698603414\n|switch|p1a: Iron Hands|Iron Hands|100\/100|[from] U-turn\n|move|p1b: Tornadus|Bleakwind Storm|p2b: Landorus|[spread] \n|-activate|p2a: Kommo-o|move: Protect\n|-miss|p1b: Tornadus|p2b: Landorus\n|\n|-weather|none\n|-heal|p2a: Kommo-o|63\/100|[from] Grassy Terrain\n|-heal|p2a: Kommo-o|69\/100|[from] item: Leftovers\n|upkeep\n|turn|10\n|\n|t:|1698603428\n|move|p1a: Iron Hands|Fake Out|p2a: Kommo-o\n|-crit|p2a: Kommo-o\n|-damage|p2a: Kommo-o|54\/100\n|move|p2b: Landorus|Rock Tomb|p1b: Tornadus\n|-supereffective|p1b: Tornadus\n|-damage|p1b: Tornadus|26\/100\n|-unboost|p1b: Tornadus|spe|1\n|-enditem|p1b: Tornadus|Sitrus Berry|[eat]\n|-heal|p1b: Tornadus|51\/100|[from] item: Sitrus Berry\n|cant|p2a: Kommo-o|flinch\n|move|p1b: Tornadus|Bleakwind Storm|p2b: Landorus|[spread] p2a,p2b\n|-damage|p2a: Kommo-o|28\/100\n|-damage|p2b: Landorus|41\/100\n|\n|-heal|p2a: Kommo-o|34\/100|[from] Grassy Terrain\n|-heal|p2a: Kommo-o|41\/100|[from] item: Leftovers\n|-fieldend|move: Grassy Terrain\n|upkeep\n|turn|11\n|\n|t:|1698603459\n|switch|p1b: Landorus|Landorus-Therian, M|92\/100\n|-ability|p1b: Landorus|Intimidate|boost\n|-unboost|p2a: Kommo-o|atk|1\n|-unboost|p2b: Landorus|atk|1\n|move|p2b: Landorus|Rock Tomb|p1b: Landorus\n|-damage|p1b: Landorus|80\/100\n|-unboost|p1b: Landorus|spe|1\n|move|p2a: Kommo-o|Body Press|p1a: Iron Hands\n|-crit|p1a: Iron Hands\n|-damage|p1a: Iron Hands|0 fnt\n|faint|p1a: Iron Hands\n|-end|p1a: Iron Hands|Quark Drive|[silent]\n|\n|-heal|p2a: Kommo-o|47\/100|[from] item: Leftovers\n|upkeep\n|\n|t:|1698603498\n|switch|p1a: Tornadus|Tornadus, M|51\/100\n|turn|12\n|j|+Actuarily\n|\n|t:|1698603516\n|move|p1a: Tornadus|Protect|p1a: Tornadus\n|-singleturn|p1a: Tornadus|Protect\n|move|p2b: Landorus|Rock Tomb|p1a: Tornadus\n|-activate|p1a: Tornadus|move: Protect\n|move|p2a: Kommo-o|Body Press|p1a: Tornadus\n|-activate|p1a: Tornadus|move: Protect\n|move|p1b: Landorus|Stomping Tantrum|p2b: Landorus\n|-immune|p2b: Landorus\n|\n|-heal|p2a: Kommo-o|53\/100|[from] item: Leftovers\n|upkeep\n|turn|13\n|l|+Actuarily\n|\n|t:|1698603536\n|move|p2b: Landorus|Rock Tomb|p1a: Tornadus\n|-supereffective|p1a: Tornadus\n|-damage|p1a: Tornadus|30\/100\n|-unboost|p1a: Tornadus|spe|1\n|move|p1a: Tornadus|Bleakwind Storm|p2a: Kommo-o|[spread] p2a,p2b\n|-damage|p2a: Kommo-o|26\/100\n|-damage|p2b: Landorus|0 fnt\n|faint|p2b: Landorus\n|move|p2a: Kommo-o|Body Press|p1a: Tornadus\n|-resisted|p1a: Tornadus\n|-damage|p1a: Tornadus|0 fnt\n|faint|p1a: Tornadus\n|move|p1b: Landorus|Stomping Tantrum|p2a: Kommo-o\n|-supereffective|p2a: Kommo-o\n|-damage|p2a: Kommo-o|0 fnt\n|faint|p2a: Kommo-o\n|\n|upkeep\n|\n|t:|1698603546\n|switch|p2b: Torkoal|Torkoal, F|38\/100\n|switch|p2a: Flutter Mane|Flutter Mane|100\/100\n|-damage|p2a: Flutter Mane|88\/100|[from] Stealth Rock\n|-damage|p2b: Torkoal|13\/100|[from] Stealth Rock\n|-weather|SunnyDay|[from] ability: Drought|[of] p2b: Torkoal\n|-activate|p2a: Flutter Mane|ability: Protosynthesis\n|-start|p2a: Flutter Mane|protosynthesisspe\n|turn|14\n|\n|t:|1698603560\n|move|p2a: Flutter Mane|Moonblast|p1b: Landorus\n|-damage|p1b: Landorus|11\/100\n|-unboost|p1b: Landorus|spa|1\n|-enditem|p1b: Landorus|Sitrus Berry|[eat]\n|-heal|p1b: Landorus|36\/100|[from] item: Sitrus Berry\n|move|p1b: Landorus|Stomping Tantrum|p2a: Flutter Mane\n|-damage|p2a: Flutter Mane|16\/100\n|move|p2b: Torkoal|Heat Wave|p1b: Landorus|[miss]\n|-miss|p2b: Torkoal|p1b: Landorus\n|\n|-weather|SunnyDay|[upkeep]\n|upkeep\n|turn|15\n|c|\u2606SMB|ggs\n|c|\u2606Nido-Rus|gg\n|\n|t:|1698603575\n|move|p2a: Flutter Mane|Moonblast|p1b: Landorus\n|-damage|p1b: Landorus|0 fnt\n|faint|p1b: Landorus\n|\n|win|Nido-Rus\n|l| AIRedzone\n","uploadtime":1698603580,"views":120,"p1id":"smb","p2id":"nidorus","formatid":"gen9doublesou","rating":0,"private":0,"password":""}