{"id":"gen9doublesou-1981851212","p1":"miltonrxngell","p2":"mikeyuwu","format":"[Gen 9] Doubles OU","log":"|j|\u2606miltonrxngell\n|j|\u2606mikeyuwu\n|t:|1698946405\n|gametype|doubles\n|player|p1|miltonrxngell|169|1279\n|player|p2|mikeyuwu|psychic-gen4|1195\n|teamsize|p1|6\n|teamsize|p2|6\n|gen|9\n|tier|[Gen 9] Doubles OU\n|rated|\n|rule|Species Clause: Limit one of each Pok\u00e9mon\n|rule|OHKO Clause: OHKO moves are banned\n|rule|Evasion Moves Clause: Evasion moves are banned\n|rule|Gravity Sleep Clause: The combination of sleep-inducing moves with imperfect accuracy and Gravity or Gigantamax Orbeetle are banned\n|rule|Endless Battle Clause: Forcing endless battles is banned\n|rule|HP Percentage Mod: HP is shown in percentages\n|clearpoke\n|poke|p1|Ninetales-Alola, F|\n|poke|p1|Milotic, F|\n|poke|p1|Leavanny, F|\n|poke|p1|Torkoal, M|\n|poke|p1|Kilowattrel, M|\n|poke|p1|Ceruledge, M|\n|poke|p2|Garchomp, M|\n|poke|p2|Tyranitar, F|\n|poke|p2|Vaporeon, F|\n|poke|p2|Toxicroak, M|\n|poke|p2|Pelipper, F|\n|poke|p2|Abomasnow, M|\n|teampreview\n|\n|t:|1698946423\n|start\n|switch|p1a: Kilowattrel|Kilowattrel, M, shiny|100\/100\n|switch|p1b: Torkoal|Torkoal, M|100\/100\n|switch|p2a: OTLHPM|Toxicroak, M|100\/100\n|switch|p2b: Cold Shoulder|Abomasnow, M, shiny|100\/100\n|-weather|Snow|[from] ability: Snow Warning|[of] p2b: Cold Shoulder\n|-weather|SunnyDay|[from] ability: Drought|[of] p1b: Torkoal\n|turn|1\n|\n|t:|1698946438\n|switch|p2a: Weather War|Pelipper, F|100\/100\n|-weather|RainDance|[from] ability: Drizzle|[of] p2a: Weather War\n|move|p1a: Kilowattrel|Tailwind|p1a: Kilowattrel\n|-sidestart|p1: miltonrxngell|move: Tailwind\n|-start|p1a: Kilowattrel|Charge|Tailwind|[from] ability: Wind Power\n|move|p2b: Cold Shoulder|Weather Ball|p1b: Torkoal\n|-supereffective|p1b: Torkoal\n|-damage|p1b: Torkoal|3\/100\n|move|p1b: Torkoal|Will-O-Wisp|p2a: Weather War\n|-status|p2a: Weather War|brn\n|\n|-weather|RainDance|[upkeep]\n|-damage|p2a: Weather War|94\/100 brn|[from] brn\n|upkeep\n|turn|2\n|\n|t:|1698946458\n|switch|p2a: Extra Spicy|Garchomp, M|100\/100\n|switch|p1b: Milotic|Milotic, F, shiny|100\/100\n|move|p1a: Kilowattrel|Electro Ball|p2a: Extra Spicy\n|-immune|p2a: Extra Spicy\n|-end|p1a: Kilowattrel|Charge|[silent]\n|move|p2b: Cold Shoulder|Blizzard|p1a: Kilowattrel|[spread] p1b\n|-miss|p2b: Cold Shoulder|p1a: Kilowattrel\n|-resisted|p1b: Milotic\n|-damage|p1b: Milotic|91\/100\n|\n|-weather|RainDance|[upkeep]\n|-status|p1b: Milotic|brn|[from] item: Flame Orb\n|upkeep\n|turn|3\n|\n|t:|1698946481\n|switch|p1a: Ninetales|Ninetales-Alola, F, shiny|100\/100\n|-weather|Snow|[from] ability: Snow Warning|[of] p1a: Ninetales\n|switch|p2a: OTLHPM|Toxicroak, M|100\/100\n|switch|p2b: ThcrThnSnkr|Tyranitar, F|100\/100\n|-weather|Sandstorm|[from] ability: Sand Stream|[of] p2b: ThcrThnSnkr\n|move|p1b: Milotic|Icy Wind|p2b: ThcrThnSnkr|[spread] p2a,p2b\n|-crit|p2a: OTLHPM\n|-damage|p2a: OTLHPM|82\/100\n|-damage|p2b: ThcrThnSnkr|98\/100\n|-unboost|p2a: OTLHPM|spe|1\n|-unboost|p2b: ThcrThnSnkr|spe|1\n|\n|-weather|Sandstorm|[upkeep]\n|-damage|p1a: Ninetales|95\/100|[from] Sandstorm\n|-damage|p1b: Milotic|85\/100 brn|[from] Sandstorm\n|-damage|p2a: OTLHPM|75\/100|[from] Sandstorm\n|-heal|p2a: OTLHPM|82\/100|[from] item: Black Sludge\n|-damage|p1b: Milotic|79\/100 brn|[from] brn\n|upkeep\n|turn|4\n|\n|t:|1698946504\n|move|p1a: Ninetales|Moonblast|p2b: ThcrThnSnkr\n|-supereffective|p2b: ThcrThnSnkr\n|-damage|p2b: ThcrThnSnkr|73\/100\n|move|p1b: Milotic|Scald|p2b: ThcrThnSnkr\n|-supereffective|p2b: ThcrThnSnkr\n|-crit|p2b: ThcrThnSnkr\n|-damage|p2b: ThcrThnSnkr|45\/100\n|-status|p2b: ThcrThnSnkr|brn\n|move|p2a: OTLHPM|Poison Jab|p1b: Milotic\n|-damage|p1b: Milotic|52\/100 brn\n|move|p2b: ThcrThnSnkr|Heavy Slam|p1a: Ninetales\n|-supereffective|p1a: Ninetales\n|-damage|p1a: Ninetales|0 fnt\n|faint|p1a: Ninetales\n|\n|-weather|Sandstorm|[upkeep]\n|-damage|p1b: Milotic|45\/100 brn|[from] Sandstorm\n|-damage|p2a: OTLHPM|75\/100|[from] Sandstorm\n|-heal|p2a: OTLHPM|82\/100|[from] item: Black Sludge\n|-damage|p1b: Milotic|39\/100 brn|[from] brn\n|-damage|p2b: ThcrThnSnkr|39\/100 brn|[from] brn\n|-sideend|p1: miltonrxngell|move: Tailwind\n|upkeep\n|\n|t:|1698946524\n|switch|p1a: Leavanny|Leavanny, F, shiny|100\/100\n|turn|5\n|c|\u2606mikeyuwu|Thiccc\n|\n|t:|1698946537\n|switch|p2a: Weather War|Pelipper, F|94\/100 brn\n|-weather|RainDance|[from] ability: Drizzle|[of] p2a: Weather War\n|switch|p2b: Extra Spicy|Garchomp, M|100\/100\n|move|p1a: Leavanny|Leaf Blade|p2b: Extra Spicy\n|-damage|p2b: Extra Spicy|74\/100\n|-damage|p1a: Leavanny|88\/100|[from] ability: Rough Skin|[of] p2b: Extra Spicy\n|-damage|p1a: Leavanny|72\/100|[from] item: Rocky Helmet|[of] p2b: Extra Spicy\n|move|p1b: Milotic|Icy Wind|p2b: Extra Spicy|[spread] p2b\n|-miss|p1b: Milotic|p2a: Weather War\n|-supereffective|p2b: Extra Spicy\n|-damage|p2b: Extra Spicy|37\/100\n|-unboost|p2b: Extra Spicy|spe|1\n|\n|-weather|RainDance|[upkeep]\n|-damage|p1b: Milotic|33\/100 brn|[from] brn\n|-damage|p2a: Weather War|88\/100 brn|[from] brn\n|upkeep\n|turn|6\n|\n|t:|1698946561\n|switch|p1a: Kilowattrel|Kilowattrel, M, shiny|100\/100\n|switch|p2b: OTLHPM|Toxicroak, M|82\/100\n|move|p1b: Milotic|Icy Wind|p2a: Weather War|[spread] p2a,p2b\n|-damage|p2a: Weather War|76\/100 brn\n|-damage|p2b: OTLHPM|69\/100\n|-unboost|p2a: Weather War|spe|1\n|-unboost|p2b: OTLHPM|spe|1\n|move|p2a: Weather War|Hurricane|p1a: Kilowattrel\n|-resisted|p1a: Kilowattrel\n|-damage|p1a: Kilowattrel|70\/100\n|-start|p1a: Kilowattrel|Charge|Hurricane|[from] ability: Wind Power\n|\n|-weather|RainDance|[upkeep]\n|-heal|p2b: OTLHPM|82\/100|[from] ability: Dry Skin\n|-heal|p2b: OTLHPM|88\/100|[from] item: Black Sludge\n|-damage|p1b: Milotic|27\/100 brn|[from] brn\n|-damage|p2a: Weather War|70\/100 brn|[from] brn\n|upkeep\n|turn|7\n|\n|t:|1698946581\n|switch|p2b: Cold Shoulder|Abomasnow, M, shiny|100\/100\n|-weather|Snow|[from] ability: Snow Warning|[of] p2b: Cold Shoulder\n|move|p1a: Kilowattrel|Electro Ball|p2b: Cold Shoulder\n|-resisted|p2b: Cold Shoulder\n|-damage|p2b: Cold Shoulder|60\/100\n|-end|p1a: Kilowattrel|Charge|[silent]\n|move|p1b: Milotic|Recover|p1b: Milotic\n|-heal|p1b: Milotic|77\/100 brn\n|move|p2a: Weather War|Blizzard|p1a: Kilowattrel|[spread] p1a,p1b\n|-supereffective|p1a: Kilowattrel\n|-resisted|p1b: Milotic\n|-damage|p1a: Kilowattrel|0 fnt\n|-damage|p1b: Milotic|72\/100 brn\n|faint|p1a: Kilowattrel\n|\n|-weather|Snow|[upkeep]\n|-damage|p1b: Milotic|66\/100 brn|[from] brn\n|-damage|p2a: Weather War|63\/100 brn|[from] brn\n|upkeep\n|\n|t:|1698946604\n|switch|p1a: Ceruledge|Ceruledge, M, shiny|100\/100\n|turn|8\n|\n|t:|1698946615\n|switch|p2b: Extra Spicy|Garchomp, M|37\/100\n|switch|p2a: Harmacy|Vaporeon, F|100\/100\n|move|p1a: Ceruledge|Bitter Blade|p2b: Extra Spicy\n|-resisted|p2b: Extra Spicy\n|-damage|p2b: Extra Spicy|17\/100\n|-damage|p1a: Ceruledge|88\/100|[from] ability: Rough Skin|[of] p2b: Extra Spicy\n|-damage|p1a: Ceruledge|72\/100|[from] item: Rocky Helmet|[of] p2b: Extra Spicy\n|-damage|p1a: Ceruledge|62\/100|[from] item: Life Orb\n|move|p1b: Milotic|Icy Wind|p2b: Extra Spicy|[spread] p2a,p2b\n|-resisted|p2a: Harmacy\n|-supereffective|p2b: Extra Spicy\n|-damage|p2a: Harmacy|97\/100\n|-damage|p2b: Extra Spicy|0 fnt\n|-unboost|p2a: Harmacy|spe|1\n|faint|p2b: Extra Spicy\n|\n|-weather|Snow|[upkeep]\n|-heal|p2a: Harmacy|100\/100|[from] item: Leftovers\n|-damage|p1b: Milotic|60\/100 brn|[from] brn\n|upkeep\n|\n|t:|1698946629\n|switch|p2b: Weather War|Pelipper, F|63\/100 brn\n|-weather|RainDance|[from] ability: Drizzle|[of] p2b: Weather War\n|turn|9\n|\n|t:|1698946647\n|switch|p1a: Leavanny|Leavanny, F, shiny|72\/100\n|move|p1b: Milotic|Icy Wind|p2b: Weather War|[spread] p2b\n|-miss|p1b: Milotic|p2a: Harmacy\n|-damage|p2b: Weather War|50\/100 brn\n|-unboost|p2b: Weather War|spe|1\n|move|p2b: Weather War|Hurricane|p1a: Leavanny\n|-supereffective|p1a: Leavanny\n|-damage|p1a: Leavanny|0 fnt\n|faint|p1a: Leavanny\n|move|p2a: Harmacy|Weather Ball|p1b: Milotic\n|-resisted|p1b: Milotic\n|-damage|p1b: Milotic|45\/100 brn\n|\n|-weather|RainDance|[upkeep]\n|-damage|p1b: Milotic|39\/100 brn|[from] brn\n|-damage|p2b: Weather War|44\/100 brn|[from] brn\n|upkeep\n|\n|t:|1698946681\n|switch|p1a: Torkoal|Torkoal, M|3\/100\n|-weather|SunnyDay|[from] ability: Drought|[of] p1a: Torkoal\n|turn|10\n|\n|t:|1698946690\n|switch|p2b: ThcrThnSnkr|Tyranitar, F|39\/100 brn\n|-weather|Sandstorm|[from] ability: Sand Stream|[of] p2b: ThcrThnSnkr\n|move|p1b: Milotic|Icy Wind|p2b: ThcrThnSnkr|[spread] p2a,p2b\n|-resisted|p2a: Harmacy\n|-damage|p2a: Harmacy|97\/100\n|-damage|p2b: ThcrThnSnkr|36\/100 brn\n|-unboost|p2a: Harmacy|spe|1\n|-unboost|p2b: ThcrThnSnkr|spe|1\n|move|p2a: Harmacy|Weather Ball|p1a: Torkoal\n|-supereffective|p1a: Torkoal\n|-damage|p1a: Torkoal|0 fnt\n|faint|p1a: Torkoal\n|\n|-weather|Sandstorm|[upkeep]\n|-damage|p1b: Milotic|33\/100 brn|[from] Sandstorm\n|-damage|p2a: Harmacy|91\/100|[from] Sandstorm\n|-heal|p2a: Harmacy|97\/100|[from] item: Leftovers\n|-damage|p1b: Milotic|27\/100 brn|[from] brn\n|-damage|p2b: ThcrThnSnkr|30\/100 brn|[from] brn\n|upkeep\n|\n|t:|1698946708\n|switch|p1a: Ceruledge|Ceruledge, M, shiny|62\/100\n|turn|11\n|\n|t:|1698946715\n|switch|p2b: Weather War|Pelipper, F|44\/100 brn\n|-weather|RainDance|[from] ability: Drizzle|[of] p2b: Weather War\n|move|p1a: Ceruledge|Shadow Sneak|p2a: Harmacy\n|-damage|p2a: Harmacy|77\/100\n|-damage|p1a: Ceruledge|52\/100|[from] item: Life Orb\n|move|p1b: Milotic|Scald|p2b: Weather War\n|-resisted|p2b: Weather War\n|-damage|p2b: Weather War|14\/100 brn\n|move|p2a: Harmacy|Weather Ball|p1a: Ceruledge\n|-supereffective|p1a: Ceruledge\n|-damage|p1a: Ceruledge|0 fnt\n|faint|p1a: Ceruledge\n|\n|-weather|RainDance|[upkeep]\n|-heal|p2a: Harmacy|83\/100|[from] item: Leftovers\n|-damage|p1b: Milotic|21\/100 brn|[from] brn\n|-damage|p2b: Weather War|7\/100 brn|[from] brn\n|upkeep\n|turn|12\n|c|\u2606mikeyuwu|Gg\n|-message|miltonrxngell forfeited.\n|\n|win|mikeyuwu\n|raw|miltonrxngell's rating: 1279 &rarr; <strong>1248<\/strong><br \/>(-31 for losing)\n|raw|mikeyuwu's rating: 1195 &rarr; <strong>1226<\/strong><br \/>(+31 for winning)\n|l|\u2606miltonrxngell\n","uploadtime":1698946739,"views":27,"p1id":"miltonrxngell","p2id":"mikeyuwu","formatid":"gen9doublesou","rating":1226,"private":0,"password":""}