{"id":"gen9doublesou-2000005641","p1":"830r","p2":"IIYUMIKO","format":"[Gen 9] Doubles OU","log":"|j|\u2606830r\n|j|\u2606IIYUMIKO\n|t:|1701140231\n|gametype|doubles\n|player|p1|830r|veteran|1432\n|player|p2|IIYUMIKO|alder|1465\n|teamsize|p1|6\n|teamsize|p2|6\n|gen|9\n|tier|[Gen 9] Doubles OU\n|rated|\n|rule|Species Clause: Limit one of each Pok\u00e9mon\n|rule|OHKO Clause: OHKO moves are banned\n|rule|Evasion Moves Clause: Evasion moves are banned\n|rule|Gravity Sleep Clause: The combination of sleep-inducing moves with imperfect accuracy and Gravity or Gigantamax Orbeetle are banned\n|rule|Endless Battle Clause: Forcing endless battles is banned\n|rule|HP Percentage Mod: HP is shown in percentages\n|clearpoke\n|poke|p1|Sneasler, F|\n|poke|p1|Tornadus, M|\n|poke|p1|Regidrago|\n|poke|p1|Iron Moth|\n|poke|p1|Flutter Mane|\n|poke|p1|Indeedee-F, F|\n|poke|p2|Politoed, M|\n|poke|p2|Manaphy|\n|poke|p2|Ludicolo, F|\n|poke|p2|Scizor, M|\n|poke|p2|Chi-Yu|\n|poke|p2|Regieleki|\n|teampreview\n|inactive|Battle timer is ON: inactive players will automatically lose when time's up. (requested by 830r)\n|\n|t:|1701140244\n|start\n|switch|p1a: Sneasler|Sneasler, F|100\/100\n|switch|p1b: Tornadus|Tornadus, M|100\/100\n|switch|p2a: Regieleki|Regieleki|100\/100\n|switch|p2b: Ludicolo|Ludicolo, F|100\/100\n|turn|1\n|j| new snow team\n|\n|t:|1701140263\n|move|p1a: Sneasler|Fake Out|p2a: Regieleki\n|-damage|p2a: Regieleki|72\/100\n|move|p2b: Ludicolo|Fake Out|p1b: Tornadus\n|-damage|p1b: Tornadus|88\/100\n|-damage|p2b: Ludicolo|91\/100|[from] item: Life Orb\n|cant|p2a: Regieleki|flinch\n|cant|p1b: Tornadus|flinch\n|\n|upkeep\n|turn|2\n|l| new snow team\n|\n|t:|1701140280\n|switch|p2b: Politoed|Politoed, M|100\/100\n|-weather|RainDance|[from] ability: Drizzle|[of] p2b: Politoed\n|move|p2a: Regieleki|Volt Switch|p1b: Tornadus\n|-supereffective|p1b: Tornadus\n|-damage|p1b: Tornadus|0 fnt\n|faint|p1b: Tornadus\n|-damage|p2a: Regieleki|62\/100|[from] item: Life Orb\n|\n|t:|1701140290\n|switch|p2a: Scizor|Scizor, M|100\/100|[from] Volt Switch\n|move|p1a: Sneasler|Dire Claw|p2a: Scizor\n|-immune|p2a: Scizor\n|\n|-weather|RainDance|[upkeep]\n|upkeep\n|\n|t:|1701140315\n|switch|p1b: Flutter Mane|Flutter Mane|100\/100\n|-enditem|p1b: Flutter Mane|Booster Energy\n|-activate|p1b: Flutter Mane|ability: Protosynthesis|[fromitem]\n|-start|p1b: Flutter Mane|protosynthesisspa\n|turn|3\n|\n|t:|1701140332\n|move|p2b: Politoed|Protect|p2b: Politoed\n|-singleturn|p2b: Politoed|Protect\n|move|p1b: Flutter Mane|Mystical Fire|p2a: Scizor\n|-supereffective|p2a: Scizor\n|-damage|p2a: Scizor|17\/100\n|-unboost|p2a: Scizor|spa|1\n|move|p1a: Sneasler|Close Combat|p2b: Politoed\n|-activate|p2b: Politoed|move: Protect\n|move|p2a: Scizor|Acrobatics|p1a: Sneasler\n|-supereffective|p1a: Sneasler\n|-damage|p1a: Sneasler|0 fnt\n|faint|p1a: Sneasler\n|\n|-weather|RainDance|[upkeep]\n|upkeep\n|\n|t:|1701140340\n|switch|p1a: Artillery support|Regidrago|100\/100\n|turn|4\n|\n|t:|1701140362\n|switch|p2a: Regieleki|Regieleki|62\/100\n|move|p1a: Artillery support|Dragon Energy|p2b: Politoed|[spread] p2a,p2b\n|-damage|p2a: Regieleki|0 fnt\n|-damage|p2b: Politoed|34\/100\n|faint|p2a: Regieleki\n|move|p1b: Flutter Mane|Thunderbolt|p2b: Politoed\n|-supereffective|p2b: Politoed\n|-damage|p2b: Politoed|0 fnt\n|faint|p2b: Politoed\n|\n|-weather|RainDance|[upkeep]\n|upkeep\n|inactive|IIYUMIKO has 120 seconds left.\n|\n|t:|1701140381\n|switch|p2a: Manaphy|Manaphy|100\/100\n|switch|p2b: Ludicolo|Ludicolo, F|91\/100\n|turn|5\n|\n|t:|1701140397\n|-terastallize|p2a: Manaphy|Poison\n|move|p2b: Ludicolo|Protect|p2b: Ludicolo\n|-singleturn|p2b: Ludicolo|Protect\n|move|p1a: Artillery support|Dragon Energy|p2a: Manaphy|[spread] p2a\n|-activate|p2b: Ludicolo|move: Protect\n|-damage|p2a: Manaphy|28\/100\n|move|p1b: Flutter Mane|Thunderbolt|p2a: Manaphy\n|-damage|p2a: Manaphy|0 fnt\n|faint|p2a: Manaphy\n|\n|-weather|RainDance|[upkeep]\n|upkeep\n|inactive|IIYUMIKO has 120 seconds left.\n|\n|t:|1701140427\n|switch|p2a: Scizor|Scizor, M|17\/100\n|turn|6\n|\n|t:|1701140439\n|move|p2a: Scizor|Bullet Punch|p1b: Flutter Mane\n|-supereffective|p1b: Flutter Mane\n|-damage|p1b: Flutter Mane|0 fnt\n|faint|p1b: Flutter Mane\n|-end|p1b: Flutter Mane|Protosynthesis|[silent]\n|move|p2b: Ludicolo|Surf|p1a: Artillery support|[spread] p2a,p1a\n|-resisted|p1a: Artillery support\n|-damage|p2a: Scizor|0 fnt\n|-damage|p1a: Artillery support|72\/100\n|faint|p2a: Scizor\n|-damage|p2b: Ludicolo|81\/100|[from] item: Life Orb\n|move|p1a: Artillery support|Dragon Energy|p2b: Ludicolo\n|-damage|p2b: Ludicolo|0 fnt\n|faint|p2b: Ludicolo\n|\n|-weather|none\n|upkeep\n|\n|t:|1701140458\n|switch|p1b: Support support|Iron Moth|100\/100\n|switch|p2b: Chi-Yu|Chi-Yu|100\/100\n|-ability|p2b: Chi-Yu|Beads of Ruin\n|-enditem|p1b: Support support|Booster Energy\n|-activate|p1b: Support support|ability: Quark Drive|[fromitem]\n|-start|p1b: Support support|quarkdrivespa\n|turn|7\n|\n|t:|1701140470\n|-terastallize|p1b: Support support|Fairy\n|move|p1a: Artillery support|Dragon Energy|p2b: Chi-Yu\n|-damage|p2b: Chi-Yu|10\/100\n|move|p1b: Support support|Dazzling Gleam|p2b: Chi-Yu\n|-damage|p2b: Chi-Yu|0 fnt\n|faint|p2b: Chi-Yu\n|\n|win|830r\n|raw|830r's rating: 1432 &rarr; <strong>1454<\/strong><br \/>(+22 for winning)\n|raw|IIYUMIKO's rating: 1465 &rarr; <strong>1443<\/strong><br \/>(-22 for losing)\n|l|\u2606IIYUMIKO\n","uploadtime":1701140479,"views":4,"p1id":"830r","p2id":"iiyumiko","formatid":"gen9doublesou","rating":1443,"private":0,"password":""}