{"id":"gen9doublesou-1987594257","p1":"Rain On The Meadow","p2":"Agme","format":"[Gen 9] Doubles OU","log":"|j|\u2606Rain On The Meadow\n|j|\u2606Agme\n|t:|1699617078\n|gametype|doubles\n|player|p1|Rain On The Meadow|cheren-gen5bw2|1519\n|player|p2|Agme|170|1731\n|teamsize|p1|6\n|teamsize|p2|6\n|gen|9\n|tier|[Gen 9] Doubles OU\n|rated|\n|rule|Species Clause: Limit one of each Pok\u00e9mon\n|rule|OHKO Clause: OHKO moves are banned\n|rule|Evasion Moves Clause: Evasion moves are banned\n|rule|Gravity Sleep Clause: The combination of sleep-inducing moves with imperfect accuracy and Gravity or Gigantamax Orbeetle are banned\n|rule|Endless Battle Clause: Forcing endless battles is banned\n|rule|HP Percentage Mod: HP is shown in percentages\n|clearpoke\n|poke|p1|Basculegion-F, F|\n|poke|p1|Pelipper, F|\n|poke|p1|Ogerpon-Wellspring, F|\n|poke|p1|Rillaboom, M|\n|poke|p1|Sinistcha-Masterpiece|\n|poke|p1|Tsareena, F|\n|poke|p2|Flutter Mane|\n|poke|p2|Dragonite, M|\n|poke|p2|Goodra-Hisui, M|\n|poke|p2|Kleavor, M|\n|poke|p2|Zapdos|\n|poke|p2|Volcanion|\n|teampreview\n|\n|t:|1699617090\n|start\n|switch|p1a: Pelipper|Pelipper, F|100\/100\n|switch|p1b: Basculegion|Basculegion-F, F|100\/100\n|switch|p2a: Zapdos|Zapdos|100\/100\n|switch|p2b: Kleavor|Kleavor, M|100\/100\n|-weather|RainDance|[from] ability: Drizzle|[of] p1a: Pelipper\n|turn|1\n|inactive|Battle timer is ON: inactive players will automatically lose when time's up. (requested by Rain On The Meadow)\n|\n|t:|1699617106\n|switch|p1a: Rillaboom|Rillaboom, M|100\/100\n|-fieldstart|move: Grassy Terrain|[from] ability: Grassy Surge|[of] p1a: Rillaboom\n|-terastallize|p1b: Basculegion|Grass\n|move|p1b: Basculegion|Surf|p2a: Zapdos|[spread] p1a,p2a,p2b\n|-resisted|p1a: Rillaboom\n|-supereffective|p2b: Kleavor\n|-damage|p1a: Rillaboom|81\/100\n|-damage|p2a: Zapdos|54\/100\n|-enditem|p2b: Kleavor|Focus Sash\n|-damage|p2b: Kleavor|1\/100\n|move|p2b: Kleavor|Tailwind|p2b: Kleavor\n|-sidestart|p2: Agme|move: Tailwind\n|move|p2a: Zapdos|Thunderbolt|p1a: Rillaboom\n|-resisted|p1a: Rillaboom\n|-damage|p1a: Rillaboom|61\/100\n|\n|-weather|RainDance|[upkeep]\n|-heal|p2b: Kleavor|7\/100|[from] Grassy Terrain\n|-heal|p1a: Rillaboom|67\/100|[from] Grassy Terrain\n|upkeep\n|turn|2\n|\n|t:|1699617131\n|switch|p2b: Volcanion|Volcanion|100\/100\n|move|p1a: Rillaboom|Grassy Glide|p2b: Volcanion\n|-damage|p2b: Volcanion|71\/100\n|move|p1b: Basculegion|Ice Beam|p2a: Zapdos\n|-supereffective|p2a: Zapdos\n|-damage|p2a: Zapdos|0 fnt\n|faint|p2a: Zapdos\n|\n|-weather|RainDance|[upkeep]\n|-heal|p2b: Volcanion|77\/100|[from] Grassy Terrain\n|-heal|p1a: Rillaboom|73\/100|[from] Grassy Terrain\n|upkeep\n|inactive|Agme has 120 seconds left.\n|\n|t:|1699617146\n|switch|p2a: Goodra|Goodra-Hisui, M|100\/100\n|turn|3\n|\n|t:|1699617152\n|switch|p1b: Sinistcha|Sinistcha-Masterpiece|100\/100\n|-heal|p1a: Rillaboom|98\/100|[from] ability: Hospitality|[of] p1b: Sinistcha\n|move|p2b: Volcanion|Heat Wave|p1b: Sinistcha|[spread] p1a,p1b\n|-supereffective|p1a: Rillaboom\n|-supereffective|p1b: Sinistcha\n|-damage|p1a: Rillaboom|71\/100\n|-damage|p1b: Sinistcha|60\/100\n|move|p2a: Goodra|Ice Beam|p1b: Sinistcha\n|-supereffective|p1b: Sinistcha\n|-damage|p1b: Sinistcha|16\/100\n|move|p1a: Rillaboom|Knock Off|p2a: Goodra\n|-damage|p2a: Goodra|73\/100\n|-enditem|p2a: Goodra|Leftovers|[from] move: Knock Off|[of] p1a: Rillaboom\n|\n|-weather|RainDance|[upkeep]\n|-heal|p2b: Volcanion|83\/100|[from] Grassy Terrain\n|-heal|p2a: Goodra|79\/100|[from] Grassy Terrain\n|-heal|p1a: Rillaboom|77\/100|[from] Grassy Terrain\n|-heal|p1b: Sinistcha|22\/100|[from] Grassy Terrain\n|-heal|p1b: Sinistcha|28\/100|[from] item: Leftovers\n|upkeep\n|turn|4\n|\n|t:|1699617177\n|switch|p1b: Ogerpon|Ogerpon-Wellspring, F|100\/100\n|move|p2b: Volcanion|Heat Wave|p1a: Rillaboom|[spread] p1a,p1b\n|-supereffective|p1a: Rillaboom\n|-damage|p1a: Rillaboom|49\/100\n|-damage|p1b: Ogerpon|79\/100\n|move|p2a: Goodra|Acid Armor|p2a: Goodra\n|-boost|p2a: Goodra|def|2\n|move|p1a: Rillaboom|Knock Off|p2b: Volcanion\n|-damage|p2b: Volcanion|53\/100\n|-enditem|p2b: Volcanion|Assault Vest|[from] move: Knock Off|[of] p1a: Rillaboom\n|\n|-weather|RainDance|[upkeep]\n|-heal|p1b: Ogerpon|85\/100|[from] Grassy Terrain\n|-heal|p2b: Volcanion|59\/100|[from] Grassy Terrain\n|-heal|p2a: Goodra|85\/100|[from] Grassy Terrain\n|-heal|p1a: Rillaboom|55\/100|[from] Grassy Terrain\n|-sideend|p2: Agme|move: Tailwind\n|upkeep\n|turn|5\n|\n|t:|1699617197\n|move|p1a: Rillaboom|Grassy Glide|p2b: Volcanion\n|-damage|p2b: Volcanion|24\/100\n|move|p1b: Ogerpon|Horn Leech|p2b: Volcanion\n|-damage|p2b: Volcanion|0 fnt\n|-heal|p1b: Ogerpon|99\/100|[from] drain|[of] p2b: Volcanion\n|faint|p2b: Volcanion\n|move|p2a: Goodra|Body Press|p1b: Ogerpon\n|-damage|p1b: Ogerpon|33\/100\n|\n|-weather|RainDance|[upkeep]\n|-heal|p1b: Ogerpon|39\/100|[from] Grassy Terrain\n|-heal|p1a: Rillaboom|61\/100|[from] Grassy Terrain\n|-heal|p2a: Goodra|91\/100|[from] Grassy Terrain\n|-fieldend|move: Grassy Terrain\n|upkeep\n|inactive|Agme has 120 seconds left.\n|\n|t:|1699617213\n|switch|p2b: Dragonite|Dragonite, M|100\/100\n|turn|6\n|\n|t:|1699617219\n|switch|p1b: Sinistcha|Sinistcha-Masterpiece|28\/100\n|-heal|p1a: Rillaboom|86\/100|[from] ability: Hospitality|[of] p1b: Sinistcha\n|move|p2b: Dragonite|Dragon Dance|p2b: Dragonite\n|-boost|p2b: Dragonite|atk|1\n|-boost|p2b: Dragonite|spe|1\n|move|p1a: Rillaboom|Knock Off|p2b: Dragonite\n|-damage|p2b: Dragonite|81\/100\n|-enditem|p2b: Dragonite|Leftovers|[from] move: Knock Off|[of] p1a: Rillaboom\n|move|p2a: Goodra|Body Press|p1b: Sinistcha\n|-immune|p1b: Sinistcha\n|\n|-weather|RainDance|[upkeep]\n|-heal|p1b: Sinistcha|34\/100|[from] item: Leftovers\n|upkeep\n|turn|7\n|\n|t:|1699617235\n|move|p2b: Dragonite|Dragon Dance|p2b: Dragonite\n|-boost|p2b: Dragonite|atk|1\n|-boost|p2b: Dragonite|spe|1\n|move|p1a: Rillaboom|U-turn|p2a: Goodra\n|-resisted|p2a: Goodra\n|-damage|p2a: Goodra|86\/100\n|\n|t:|1699617243\n|switch|p1a: Tsareena|Tsareena, F|100\/100|[from] U-turn\n|move|p1b: Sinistcha|Strength Sap|p2b: Dragonite\n|-unboost|p2b: Dragonite|atk|1\n|-heal|p1b: Sinistcha|100\/100\n|move|p2a: Goodra|Ice Beam|p1b: Sinistcha\n|-supereffective|p1b: Sinistcha\n|-damage|p1b: Sinistcha|57\/100\n|\n|-weather|RainDance|[upkeep]\n|-heal|p1b: Sinistcha|63\/100|[from] item: Leftovers\n|upkeep\n|turn|8\n|\n|t:|1699617262\n|move|p2b: Dragonite|Protect|p2b: Dragonite\n|-singleturn|p2b: Dragonite|Protect\n|move|p1a: Tsareena|High Jump Kick|p2a: Goodra\n|-supereffective|p2a: Goodra\n|-damage|p2a: Goodra|47\/100\n|move|p1b: Sinistcha|Strength Sap|p2b: Dragonite\n|-activate|p2b: Dragonite|move: Protect\n|move|p2a: Goodra|Acid Armor|p2a: Goodra\n|-boost|p2a: Goodra|def|2\n|\n|-weather|none\n|-heal|p1b: Sinistcha|69\/100|[from] item: Leftovers\n|upkeep\n|turn|9\n|\n|t:|1699617281\n|move|p2b: Dragonite|Dragon Dance|p2b: Dragonite\n|-boost|p2b: Dragonite|atk|1\n|-boost|p2b: Dragonite|spe|1\n|move|p1a: Tsareena|High Jump Kick|p2a: Goodra\n|-supereffective|p2a: Goodra\n|-damage|p2a: Goodra|23\/100\n|move|p1b: Sinistcha|Hex|p2a: Goodra\n|-damage|p2a: Goodra|5\/100\n|move|p2a: Goodra|Body Press|p1a: Tsareena\n|-damage|p1a: Tsareena|24\/100\n|\n|-heal|p1b: Sinistcha|75\/100|[from] item: Leftovers\n|upkeep\n|turn|10\n|\n|t:|1699617300\n|switch|p1a: Pelipper|Pelipper, F|100\/100\n|-weather|RainDance|[from] ability: Drizzle|[of] p1a: Pelipper\n|move|p2b: Dragonite|Dragon Dance|p2b: Dragonite\n|-boost|p2b: Dragonite|atk|1\n|-boost|p2b: Dragonite|spe|1\n|move|p1b: Sinistcha|Hex|p2a: Goodra\n|-damage|p2a: Goodra|0 fnt\n|faint|p2a: Goodra\n|\n|-weather|RainDance|[upkeep]\n|-heal|p1b: Sinistcha|81\/100|[from] item: Leftovers\n|upkeep\n|\n|t:|1699617310\n|switch|p2a: Flutter Mane|Flutter Mane|100\/100\n|turn|11\n|\n|t:|1699617318\n|-terastallize|p2b: Dragonite|Normal\n|move|p1a: Pelipper|Wide Guard|p1a: Pelipper\n|-singleturn|p1a: Pelipper|Wide Guard\n|move|p2b: Dragonite|Extreme Speed|p1a: Pelipper\n|-damage|p1a: Pelipper|4\/100\n|move|p2a: Flutter Mane|Shadow Ball|p1b: Sinistcha\n|-supereffective|p1b: Sinistcha\n|-damage|p1b: Sinistcha|0 fnt\n|faint|p1b: Sinistcha\n|\n|-weather|RainDance|[upkeep]\n|upkeep\n|\n|t:|1699617331\n|switch|p1b: Rillaboom|Rillaboom, M|86\/100\n|-fieldstart|move: Grassy Terrain|[from] ability: Grassy Surge|[of] p1b: Rillaboom\n|turn|12\n|\n|t:|1699617338\n|switch|p1a: Tsareena|Tsareena, F|24\/100\n|move|p2b: Dragonite|Protect|p2b: Dragonite\n|-singleturn|p2b: Dragonite|Protect\n|move|p2a: Flutter Mane|Shadow Ball|p1a: Tsareena\n|-damage|p1a: Tsareena|0 fnt\n|faint|p1a: Tsareena\n|move|p1b: Rillaboom|Knock Off|p2a: Flutter Mane\n|-damage|p2a: Flutter Mane|27\/100\n|-enditem|p2a: Flutter Mane|Focus Sash|[from] move: Knock Off|[of] p1b: Rillaboom\n|\n|-weather|RainDance|[upkeep]\n|-heal|p2b: Dragonite|87\/100|[from] Grassy Terrain\n|-heal|p2a: Flutter Mane|33\/100|[from] Grassy Terrain\n|-heal|p1b: Rillaboom|92\/100|[from] Grassy Terrain\n|upkeep\n|\n|t:|1699617353\n|switch|p1a: Ogerpon|Ogerpon-Wellspring, F|39\/100\n|turn|13\n|\n|t:|1699617358\n|move|p1a: Ogerpon|Spiky Shield|p1a: Ogerpon\n|-singleturn|p1a: Ogerpon|move: Protect\n|move|p2b: Dragonite|Extreme Speed|p1b: Rillaboom\n|-damage|p1b: Rillaboom|0 fnt\n|faint|p1b: Rillaboom\n|move|p2a: Flutter Mane|Shadow Ball|p1a: Ogerpon\n|-activate|p1a: Ogerpon|move: Protect\n|\n|-weather|RainDance|[upkeep]\n|-heal|p2b: Dragonite|93\/100|[from] Grassy Terrain\n|-heal|p2a: Flutter Mane|39\/100|[from] Grassy Terrain\n|-heal|p1a: Ogerpon|45\/100|[from] Grassy Terrain\n|upkeep\n|\n|t:|1699617370\n|switch|p1b: Basculegion|Basculegion-F, F, tera:Grass|100\/100\n|turn|14\n|\n|t:|1699617378\n|move|p1b: Basculegion|Protect|p1b: Basculegion\n|-singleturn|p1b: Basculegion|Protect\n|move|p2b: Dragonite|Extreme Speed|p1b: Basculegion\n|-activate|p1b: Basculegion|move: Protect\n|move|p2a: Flutter Mane|Dazzling Gleam|p1a: Ogerpon|[spread] p1a\n|-activate|p1b: Basculegion|move: Protect\n|-damage|p1a: Ogerpon|6\/100\n|move|p1a: Ogerpon|Ivy Cudgel|p2b: Dragonite\n|-damage|p2b: Dragonite|0 fnt\n|faint|p2b: Dragonite\n|\n|-weather|RainDance|[upkeep]\n|-heal|p2a: Flutter Mane|45\/100|[from] Grassy Terrain\n|-heal|p1a: Ogerpon|12\/100|[from] Grassy Terrain\n|upkeep\n|\n|t:|1699617391\n|switch|p2b: Kleavor|Kleavor, M|7\/100\n|turn|15\n|\n|t:|1699617395\n|move|p1b: Basculegion|Shadow Ball|p2a: Flutter Mane\n|-supereffective|p2a: Flutter Mane\n|-damage|p2a: Flutter Mane|0 fnt\n|faint|p2a: Flutter Mane\n|-end|p2a: Flutter Mane|Protosynthesis|[silent]\n|move|p1a: Ogerpon|Ivy Cudgel|p2b: Kleavor\n|-supereffective|p2b: Kleavor\n|-damage|p2b: Kleavor|0 fnt\n|faint|p2b: Kleavor\n|\n|win|Rain On The Meadow\n|raw|Rain On The Meadow's rating: 1519 &rarr; <strong>1550<\/strong><br \/>(+31 for winning)\n|raw|Agme's rating: 1731 &rarr; <strong>1700<\/strong><br \/>(-31 for losing)\n|l|\u2606Agme\n","uploadtime":1699617407,"views":5,"p1id":"rainonthemeadow","p2id":"agme","formatid":"gen9doublesou","rating":1550,"private":0,"password":""}