{"id":"gen9doublesou-2000264036","p1":"Tony the CatNG","p2":"Froge0222","format":"[Gen 9] Doubles OU","log":"|j|\u2606Tony the CatNG\n|j|\u203dFroge0222\n|t:|1701179106\n|gametype|doubles\n|player|p1|Tony the CatNG|265|1081\n|player|p2|Froge0222|volkner|1092\n|teamsize|p1|6\n|teamsize|p2|6\n|gen|9\n|tier|[Gen 9] Doubles OU\n|rated|\n|rule|Species Clause: Limit one of each Pok\u00e9mon\n|rule|OHKO Clause: OHKO moves are banned\n|rule|Evasion Moves Clause: Evasion moves are banned\n|rule|Gravity Sleep Clause: The combination of sleep-inducing moves with imperfect accuracy and Gravity or Gigantamax Orbeetle are banned\n|rule|Endless Battle Clause: Forcing endless battles is banned\n|rule|HP Percentage Mod: HP is shown in percentages\n|clearpoke\n|poke|p1|Bellibolt, M|\n|poke|p1|Iron Valiant|\n|poke|p1|Ceruledge, M|\n|poke|p1|Pawmot, M|\n|poke|p1|Garchomp, M|\n|poke|p1|Gholdengo|\n|poke|p2|Cresselia, F|\n|poke|p2|Iron Hands|\n|poke|p2|Ursaluna, M|\n|poke|p2|Avalugg-Hisui, M|\n|poke|p2|Torkoal, F|\n|poke|p2|Brute Bonnet|\n|teampreview\n|inactive|Battle timer is ON: inactive players will automatically lose when time's up. (requested by Froge0222)\n|c|\u2606Tony the CatNG|GL and Have Fun\n|\n|t:|1701179125\n|start\n|switch|p1a: Gholdengo|Gholdengo|100\/100\n|switch|p1b: Bellibolt|Bellibolt, M, shiny|100\/100\n|switch|p2a: Cresselia|Cresselia, F|100\/100\n|switch|p2b: Brute Bonnet|Brute Bonnet|100\/100\n|turn|1\n|\n|t:|1701179136\n|move|p2b: Brute Bonnet|Rage Powder|p2b: Brute Bonnet\n|-singleturn|p2b: Brute Bonnet|move: Rage Powder\n|move|p1a: Gholdengo|Reflect|p1a: Gholdengo\n|-sidestart|p1: Tony the CatNG|Reflect\n|move|p1b: Bellibolt|Light Screen|p1b: Bellibolt\n|-sidestart|p1: Tony the CatNG|move: Light Screen\n|move|p2a: Cresselia|Trick Room|p2a: Cresselia\n|-fieldstart|move: Trick Room|[of] p2a: Cresselia\n|\n|upkeep\n|turn|2\n|inactive|Froge0222 has 120 seconds left.\n|\n|t:|1701179189\n|move|p1b: Bellibolt|Confuse Ray|p2a: Cresselia\n|-start|p2a: Cresselia|confusion\n|move|p2b: Brute Bonnet|Spore|p1b: Bellibolt\n|-status|p1b: Bellibolt|slp|[from] move: Spore\n|-activate|p2a: Cresselia|confusion\n|move|p2a: Cresselia|Psychic|p1a: Gholdengo\n|-resisted|p1a: Gholdengo\n|-damage|p1a: Gholdengo|91\/100\n|move|p1a: Gholdengo|Dazzling Gleam|p2b: Brute Bonnet|[spread] p2a,p2b\n|-supereffective|p2b: Brute Bonnet\n|-damage|p2a: Cresselia|87\/100\n|-damage|p2b: Brute Bonnet|60\/100\n|-damage|p1a: Gholdengo|81\/100|[from] item: Life Orb\n|\n|upkeep\n|turn|3\n|inactive|Froge0222 has 120 seconds left.\n|inactive|Tony the CatNG has 120 seconds left.\n|\n|t:|1701179221\n|-end|p2b: Brute Bonnet|Protosynthesis|[silent]\n|switch|p2b: Ursaluna|Ursaluna, M|100\/100\n|cant|p1b: Bellibolt|slp\n|-activate|p2a: Cresselia|confusion\n|move|p2a: Cresselia|Psychic|p1b: Bellibolt\n|-damage|p1b: Bellibolt|86\/100 slp\n|-start|p1b: Bellibolt|Charge|Psychic|[from] ability: Electromorphosis\n|move|p1a: Gholdengo|Flash Cannon|p2b: Ursaluna\n|-damage|p2b: Ursaluna|52\/100\n|-damage|p1a: Gholdengo|71\/100|[from] item: Life Orb\n|\n|-status|p2b: Ursaluna|brn|[from] item: Flame Orb\n|upkeep\n|turn|4\n|\n|t:|1701179244\n|-activate|p2a: Cresselia|confusion\n|-damage|p2a: Cresselia|82\/100|[from] confusion\n|move|p2b: Ursaluna|Earthquake|p1a: Gholdengo|[spread] p1a,p1b\n|-immune|p2a: Cresselia|[from] ability: Levitate\n|-supereffective|p1a: Gholdengo\n|-supereffective|p1b: Bellibolt\n|-damage|p1a: Gholdengo|0 fnt\n|-damage|p1b: Bellibolt|29\/100 slp\n|-start|p1b: Bellibolt|Charge|Earthquake|[from] ability: Electromorphosis\n|faint|p1a: Gholdengo\n|cant|p1b: Bellibolt|slp\n|\n|-damage|p2b: Ursaluna|46\/100 brn|[from] brn\n|upkeep\n|inactive|Tony the CatNG has 120 seconds left.\n|\n|t:|1701179257\n|switch|p1a: Garchomp|Garchomp, M|100\/100\n|turn|5\n|\n|t:|1701179268\n|-terastallize|p1b: Bellibolt|Flying\n|-end|p2a: Cresselia|confusion\n|move|p2a: Cresselia|Helping Hand|p2b: Ursaluna\n|-singleturn|p2b: Ursaluna|Helping Hand|[of] p2a: Cresselia\n|move|p2b: Ursaluna|Facade|p1a: Garchomp\n|-damage|p1a: Garchomp|0 fnt\n|-damage|p2b: Ursaluna|33\/100 brn|[from] ability: Rough Skin|[of] p1a: Garchomp\n|-damage|p2b: Ursaluna|17\/100 brn|[from] item: Rocky Helmet|[of] p1a: Garchomp\n|faint|p1a: Garchomp\n|cant|p1b: Bellibolt|slp\n|\n|-damage|p2b: Ursaluna|11\/100 brn|[from] brn\n|-sideend|p1: Tony the CatNG|Reflect\n|-sideend|p1: Tony the CatNG|move: Light Screen\n|-fieldend|move: Trick Room\n|upkeep\n|\n|t:|1701179284\n|switch|p1a: Iron Valiant|Iron Valiant, shiny|100\/100\n|turn|6\n|\n|t:|1701179293\n|move|p2b: Ursaluna|Protect|p2b: Ursaluna\n|-singleturn|p2b: Ursaluna|Protect\n|move|p1a: Iron Valiant|Leaf Blade|p2a: Cresselia\n|-damage|p2a: Cresselia|65\/100\n|-curestatus|p1b: Bellibolt|slp|[msg]\n|move|p1b: Bellibolt|Tera Blast|p2b: Ursaluna|[anim] Tera Blast Flying\n|-activate|p2b: Ursaluna|move: Protect\n|move|p2a: Cresselia|Trick Room|p2a: Cresselia\n|-fieldstart|move: Trick Room|[of] p2a: Cresselia\n|\n|-damage|p2b: Ursaluna|5\/100 brn|[from] brn\n|upkeep\n|turn|7\n|\n|t:|1701179311\n|move|p2a: Cresselia|Helping Hand|p2b: Ursaluna\n|-singleturn|p2b: Ursaluna|Helping Hand|[of] p2a: Cresselia\n|move|p2b: Ursaluna|Facade|p1a: Iron Valiant\n|-damage|p1a: Iron Valiant|0 fnt\n|faint|p1a: Iron Valiant\n|-end|p1a: Iron Valiant|Quark Drive|[silent]\n|move|p1b: Bellibolt|Tera Blast|p2b: Ursaluna|[anim] Tera Blast Flying\n|-damage|p2b: Ursaluna|0 fnt\n|faint|p2b: Ursaluna\n|\n|upkeep\n|\n|t:|1701179320\n|switch|p2b: Avalugg|Avalugg-Hisui, M|100\/100\n|switch|p1a: Ceruledge|Ceruledge, M|100\/100\n|turn|8\n|\n|t:|1701179329\n|move|p2b: Avalugg|Crunch|p1a: Ceruledge\n|-supereffective|p1a: Ceruledge\n|-damage|p1a: Ceruledge|0 fnt\n|-damage|p2b: Avalugg|84\/100|[from] item: Rocky Helmet|[of] p1a: Ceruledge\n|faint|p1a: Ceruledge\n|move|p1b: Bellibolt|Light Screen|p1b: Bellibolt\n|-sidestart|p1: Tony the CatNG|move: Light Screen\n|move|p2a: Cresselia|Psychic|p1b: Bellibolt\n|-damage|p1b: Bellibolt|14\/100\n|-start|p1b: Bellibolt|Charge|Psychic|[from] ability: Electromorphosis\n|-enditem|p1b: Bellibolt|Mago Berry|[eat]\n|-heal|p1b: Bellibolt|47\/100|[from] item: Mago Berry\n|\n|upkeep\n|\n|t:|1701179331\n|switch|p1a: Pawmot|Pawmot, M|100\/100\n|turn|9\n|\n|t:|1701179340\n|move|p2b: Avalugg|Crunch|p1b: Bellibolt\n|-damage|p1b: Bellibolt|3\/100\n|-unboost|p1b: Bellibolt|def|1\n|-start|p1b: Bellibolt|Charge|Crunch|[from] ability: Electromorphosis\n|move|p1b: Bellibolt|Thunderbolt|p2a: Cresselia\n|-damage|p2a: Cresselia|32\/100\n|-end|p1b: Bellibolt|Charge|[silent]\n|move|p2a: Cresselia|Psychic|p1a: Pawmot\n|-supereffective|p1a: Pawmot\n|-damage|p1a: Pawmot|39\/100\n|move|p1a: Pawmot|Double Shock|p2a: Cresselia\n|-crit|p2a: Cresselia\n|-damage|p2a: Cresselia|0 fnt\n|-start|p1a: Pawmot|typechange|???\/Fighting|[from] move: Double Shock\n|faint|p2a: Cresselia\n|\n|upkeep\n|\n|t:|1701179355\n|switch|p2a: Torkoal|Torkoal, F|100\/100\n|-weather|SunnyDay|[from] ability: Drought|[of] p2a: Torkoal\n|turn|10\n|\n|t:|1701179363\n|move|p2a: Torkoal|Eruption|p1a: Pawmot|[spread] p1a,p1b\n|-damage|p1a: Pawmot|0 fnt\n|-damage|p1b: Bellibolt|0 fnt\n|faint|p1a: Pawmot\n|faint|p1b: Bellibolt\n|\n|win|Froge0222\n|raw|Tony the CatNG's rating: 1081 &rarr; <strong>1060<\/strong><br \/>(-21 for losing)\n|raw|Froge0222's rating: 1092 &rarr; <strong>1117<\/strong><br \/>(+25 for winning)\n|l|\u2606Tony the CatNG\n","uploadtime":1701179374,"views":17,"p1id":"tonythecatng","p2id":"froge0222","formatid":"gen9doublesou","rating":1060,"private":0,"password":""}