{"id":"gen9doublesou-1986276847","p1":"fizixes","p2":"Bananana8701","format":"[Gen 9] Doubles OU","log":"|j|\u2606fizixes\n|j|\u203dBananana8701\n|t:|1699465512\n|gametype|doubles\n|player|p1|fizixes|266|1121\n|player|p2|Bananana8701|1|1162\n|teamsize|p1|6\n|teamsize|p2|6\n|gen|9\n|tier|[Gen 9] Doubles OU\n|rated|\n|rule|Species Clause: Limit one of each Pok\u00e9mon\n|rule|OHKO Clause: OHKO moves are banned\n|rule|Evasion Moves Clause: Evasion moves are banned\n|rule|Gravity Sleep Clause: The combination of sleep-inducing moves with imperfect accuracy and Gravity or Gigantamax Orbeetle are banned\n|rule|Endless Battle Clause: Forcing endless battles is banned\n|rule|HP Percentage Mod: HP is shown in percentages\n|clearpoke\n|poke|p1|Goodra-Hisui, F|\n|poke|p1|Zoroark-Hisui, F|\n|poke|p1|Rillaboom, M|\n|poke|p1|Ninetales-Alola, M|\n|poke|p1|Kingambit, M|\n|poke|p1|Volbeat, M|\n|poke|p2|Kingambit, M|\n|poke|p2|Gholdengo|\n|poke|p2|Murkrow, F|\n|poke|p2|Iron Hands|\n|poke|p2|Grimmsnarl, M|\n|poke|p2|Iron Bundle|\n|teampreview\n|inactive|Battle timer is ON: inactive players will automatically lose when time's up. (requested by fizixes)\n|\n|t:|1699465525\n|start\n|switch|p1a: Volbeat|Volbeat, M|100\/100\n|switch|p1b: Rillaboom|Rillaboom, M|100\/100\n|switch|p2a: Iron Hands|Iron Hands|100\/100\n|switch|p2b: Grimmsnarl|Grimmsnarl, M|100\/100\n|-fieldstart|move: Grassy Terrain|[from] ability: Grassy Surge|[of] p1b: Rillaboom\n|turn|1\n|\n|t:|1699465546\n|move|p2a: Iron Hands|Fake Out|p1b: Rillaboom\n|-damage|p1b: Rillaboom|87\/100\n|move|p1a: Volbeat|Tailwind|p1a: Volbeat\n|-sidestart|p1: fizixes|move: Tailwind\n|move|p2b: Grimmsnarl|Taunt|p1a: Volbeat\n|-start|p1a: Volbeat|move: Taunt\n|cant|p1b: Rillaboom|flinch\n|\n|-heal|p1b: Rillaboom|94\/100|[from] Grassy Terrain\n|-heal|p1b: Rillaboom|99\/100|[from] item: Leftovers\n|upkeep\n|turn|2\n|\n|t:|1699465571\n|switch|p1a: Kingambit|Kingambit, M|100\/100\n|-enditem|p1a: Kingambit|Grassy Seed\n|-boost|p1a: Kingambit|def|1|[from] item: Grassy Seed\n|move|p2b: Grimmsnarl|Reflect|p2b: Grimmsnarl\n|-sidestart|p2: Bananana8701|Reflect\n|move|p1b: Rillaboom|U-turn|p2b: Grimmsnarl\n|-damage|p2b: Grimmsnarl|81\/100\n|\n|t:|1699465577\n|switch|p1b: Volbeat|Volbeat, M|100\/100|[from] U-turn\n|move|p2a: Iron Hands|Swords Dance|p2a: Iron Hands\n|-boost|p2a: Iron Hands|atk|2\n|\n|-heal|p2b: Grimmsnarl|88\/100|[from] Grassy Terrain\n|upkeep\n|turn|3\n|\n|t:|1699465595\n|move|p1b: Volbeat|Encore|p2a: Iron Hands\n|-start|p2a: Iron Hands|Encore\n|move|p2b: Grimmsnarl|Light Screen|p2b: Grimmsnarl\n|-sidestart|p2: Bananana8701|move: Light Screen\n|move|p1a: Kingambit|Calm Mind|p1a: Kingambit\n|-boost|p1a: Kingambit|spa|1\n|-boost|p1a: Kingambit|spd|1\n|move|p2a: Iron Hands|Swords Dance|p2a: Iron Hands\n|-boost|p2a: Iron Hands|atk|2\n|\n|-heal|p2b: Grimmsnarl|94\/100|[from] Grassy Terrain\n|upkeep\n|turn|4\n|\n|t:|1699465613\n|switch|p1b: Ninetales|Ninetales-Alola, M|100\/100\n|-weather|Snow|[from] ability: Snow Warning|[of] p1b: Ninetales\n|move|p2b: Grimmsnarl|Taunt|p1b: Ninetales\n|-start|p1b: Ninetales|move: Taunt\n|move|p1a: Kingambit|Hyper Voice|p2a: Iron Hands|[spread] p2a,p2b\n|-damage|p2a: Iron Hands|76\/100\n|-damage|p2b: Grimmsnarl|69\/100\n|move|p2a: Iron Hands|Swords Dance|p2a: Iron Hands\n|-boost|p2a: Iron Hands|atk|2\n|\n|-weather|Snow|[upkeep]\n|-heal|p2b: Grimmsnarl|75\/100|[from] Grassy Terrain\n|-heal|p2a: Iron Hands|83\/100|[from] Grassy Terrain\n|-heal|p2a: Iron Hands|89\/100|[from] item: Leftovers\n|-sideend|p1: fizixes|move: Tailwind\n|upkeep\n|turn|5\n|\n|t:|1699465639\n|switch|p1b: Volbeat|Volbeat, M|100\/100\n|switch|p2b: Gholdengo|Gholdengo|100\/100\n|move|p1a: Kingambit|Hyper Voice|p2a: Iron Hands|[spread] p2a\n|-immune|p2b: Gholdengo\n|-damage|p2a: Iron Hands|65\/100\n|move|p2a: Iron Hands|Swords Dance|p2a: Iron Hands\n|-boost|p2a: Iron Hands|atk|0\n|\n|-weather|Snow|[upkeep]\n|-heal|p2a: Iron Hands|71\/100|[from] Grassy Terrain\n|-heal|p2a: Iron Hands|78\/100|[from] item: Leftovers\n|-end|p2a: Iron Hands|Encore\n|-fieldend|move: Grassy Terrain\n|upkeep\n|turn|6\n|\n|t:|1699465669\n|move|p1b: Volbeat|Encore|p2a: Iron Hands\n|-start|p2a: Iron Hands|Encore\n|move|p1a: Kingambit|Bitter Malice|p2b: Gholdengo\n|-supereffective|p2b: Gholdengo\n|-damage|p2b: Gholdengo|29\/100\n|-unboost|p2b: Gholdengo|atk|1\n|move|p2b: Gholdengo|Focus Blast|p1b: Volbeat\n|-resisted|p1b: Volbeat\n|-damage|p1b: Volbeat|63\/100\n|move|p2a: Iron Hands|Swords Dance|p2a: Iron Hands\n|-boost|p2a: Iron Hands|atk|0\n|\n|-weather|Snow|[upkeep]\n|-heal|p1b: Volbeat|69\/100|[from] item: Leftovers\n|-heal|p2a: Iron Hands|84\/100|[from] item: Leftovers\n|upkeep\n|turn|7\n|\n|t:|1699465692\n|switch|p1b: Ninetales|Ninetales-Alola, M|100\/100\n|move|p1a: Kingambit|Bitter Malice|p2b: Gholdengo\n|-supereffective|p2b: Gholdengo\n|-damage|p2b: Gholdengo|0 fnt\n|faint|p2b: Gholdengo\n|move|p2a: Iron Hands|Swords Dance|p2a: Iron Hands\n|-boost|p2a: Iron Hands|atk|0\n|\n|-weather|Snow|[upkeep]\n|-heal|p2a: Iron Hands|90\/100|[from] item: Leftovers\n|upkeep\n|inactive|Bananana8701 has 120 seconds left.\n|\n|t:|1699465716\n|switch|p2b: Kingambit|Kingambit, M|100\/100\n|-activate|p2b: Kingambit|ability: Supreme Overlord\n|-start|p2b: Kingambit|fallen1|[silent]\n|turn|8\n|\n|t:|1699465730\n|-end|p2a: Iron Hands|Quark Drive|[silent]\n|switch|p2a: Grimmsnarl|Grimmsnarl, M|75\/100\n|move|p1a: Kingambit|Focus Blast|p2b: Kingambit\n|-supereffective|p2b: Kingambit\n|-damage|p2b: Kingambit|0 fnt\n|faint|p2b: Kingambit\n|-end|p2b: Kingambit|fallen1|[silent]\n|move|p1b: Ninetales|Aurora Veil|p1b: Ninetales\n|-sidestart|p1: fizixes|move: Aurora Veil\n|\n|-weather|none\n|upkeep\n|\n|t:|1699465743\n|switch|p2b: Iron Hands|Iron Hands|90\/100\n|turn|9\n|\n|t:|1699465754\n|move|p2a: Grimmsnarl|Fake Out|p1a: Kingambit\n|-immune|p1a: Kingambit\n|move|p1a: Kingambit|Hyper Voice|p2a: Grimmsnarl|[spread] p2a,p2b\n|-damage|p2a: Grimmsnarl|50\/100\n|-damage|p2b: Iron Hands|65\/100\n|move|p1b: Ninetales|Nasty Plot|p1b: Ninetales\n|-boost|p1b: Ninetales|spa|2\n|move|p2b: Iron Hands|Drain Punch|p1a: Kingambit\n|-immune|p1a: Kingambit\n|\n|-heal|p2b: Iron Hands|72\/100|[from] item: Leftovers\n|-sideend|p2: Bananana8701|Reflect\n|upkeep\n|turn|10\n|\n|t:|1699465781\n|move|p2a: Grimmsnarl|Reflect|p2a: Grimmsnarl\n|-sidestart|p2: Bananana8701|Reflect\n|move|p1a: Kingambit|Hyper Voice|p2a: Grimmsnarl|[spread] p2a,p2b\n|-crit|p2a: Grimmsnarl\n|-damage|p2a: Grimmsnarl|0 fnt\n|-damage|p2b: Iron Hands|49\/100\n|faint|p2a: Grimmsnarl\n|move|p1b: Ninetales|Dazzling Gleam|p2b: Iron Hands\n|-supereffective|p2b: Iron Hands\n|-damage|p2b: Iron Hands|0 fnt\n|faint|p2b: Iron Hands\n|-end|p2b: Iron Hands|Quark Drive|[silent]\n|\n|-sideend|p2: Bananana8701|move: Light Screen\n|upkeep\n|inactive|Bananana8701 has 120 seconds left.\n|\n|t:|1699465794\n|switch|p2a: Murkrow|Murkrow, F|100\/100\n|switch|p2b: Iron Bundle|Iron Bundle|100\/100\n|-enditem|p2b: Iron Bundle|Booster Energy\n|-activate|p2b: Iron Bundle|ability: Quark Drive|[fromitem]\n|-start|p2b: Iron Bundle|quarkdrivespe\n|turn|11\n|inactive|Bananana8701 has 120 seconds left.\n|\n|t:|1699465838\n|move|p2a: Murkrow|Tailwind|p2a: Murkrow\n|-sidestart|p2: Bananana8701|move: Tailwind\n|move|p2b: Iron Bundle|Icy Wind|p1b: Ninetales|[spread] p1a,p1b\n|-resisted|p1b: Ninetales\n|-damage|p1a: Kingambit|85\/100\n|-damage|p1b: Ninetales|94\/100\n|-unboost|p1a: Kingambit|spe|1\n|-unboost|p1b: Ninetales|spe|1\n|replace|p1a: Zoroark|Zoroark-Hisui, F\n|-end|p1a: Zoroark|Illusion\n|move|p1a: Zoroark|Hyper Voice|p2a: Murkrow|[spread] p2a,p2b\n|-damage|p2a: Murkrow|15\/100\n|-damage|p2b: Iron Bundle|19\/100\n|move|p1b: Ninetales|Dazzling Gleam|p2b: Iron Bundle|[spread] p2a,p2b\n|-supereffective|p2a: Murkrow\n|-damage|p2a: Murkrow|0 fnt\n|-damage|p2b: Iron Bundle|0 fnt\n|faint|p2a: Murkrow\n|faint|p2b: Iron Bundle\n|-end|p2b: Iron Bundle|Quark Drive|[silent]\n|\n|win|fizixes\n|raw|fizixes's rating: 1121 &rarr; <strong>1149<\/strong><br \/>(+28 for winning)\n|raw|Bananana8701's rating: 1162 &rarr; <strong>1134<\/strong><br \/>(-28 for losing)\n|l|\u203dBananana8701\n","uploadtime":1699465924,"views":29,"p1id":"fizixes","p2id":"bananana8701","formatid":"gen9doublesou","rating":1134,"private":0,"password":""}