{"id":"gen9doublesou-1976366816","p1":"fangame10","p2":"Agme","format":"[Gen 9] Doubles OU","log":"|j|\u2606fangame10\n|j|\u2606Agme\n|t:|1698291950\n|gametype|doubles\n|player|p1|fangame10|red|1878\n|player|p2|Agme|169|1844\n|teamsize|p1|6\n|teamsize|p2|6\n|gen|9\n|tier|[Gen 9] Doubles OU\n|rated|\n|rule|Species Clause: Limit one of each Pok\u00e9mon\n|rule|OHKO Clause: OHKO moves are banned\n|rule|Evasion Moves Clause: Evasion moves are banned\n|rule|Gravity Sleep Clause: The combination of sleep-inducing moves with imperfect accuracy and Gravity or Gigantamax Orbeetle are banned\n|rule|Endless Battle Clause: Forcing endless battles is banned\n|rule|HP Percentage Mod: HP is shown in percentages\n|clearpoke\n|poke|p1|Iron Bundle|\n|poke|p1|Abomasnow, M|\n|poke|p1|Chi-Yu|\n|poke|p1|Ursaluna, M|\n|poke|p1|Kommo-o, M|\n|poke|p1|Cresselia, F|\n|poke|p2|Flutter Mane|\n|poke|p2|Dragonite, F|\n|poke|p2|Goodra-Hisui, M|\n|poke|p2|Kleavor, F|\n|poke|p2|Zapdos|\n|poke|p2|Volcanion|\n|teampreview\n|inactive|Battle timer is ON: inactive players will automatically lose when time's up. (requested by fangame10)\n|inactive|fangame10 has 120 seconds left.\n|inactive|fangame10 has 90 seconds left.\n|\n|t:|1698292035\n|start\n|switch|p1a: Delibot|Iron Bundle, shiny|100\/100\n|switch|p1b: Chi-Yu|Chi-Yu|100\/100\n|switch|p2a: Kleavor|Kleavor, F|100\/100\n|switch|p2b: Goodra|Goodra-Hisui, M|100\/100\n|-ability|p1b: Chi-Yu|Beads of Ruin\n|turn|1\n|\n|t:|1698292058\n|switch|p2a: Volcanion|Volcanion|100\/100\n|move|p1a: Delibot|Freeze-Dry|p2a: Volcanion\n|-damage|p2a: Volcanion|57\/100\n|move|p1b: Chi-Yu|Heat Wave|p2b: Goodra|[spread] p2a\n|-miss|p1b: Chi-Yu|p2b: Goodra\n|-resisted|p2a: Volcanion\n|-damage|p2a: Volcanion|49\/100\n|move|p2b: Goodra|Body Press|p1b: Chi-Yu\n|-supereffective|p1b: Chi-Yu\n|-damage|p1b: Chi-Yu|36\/100\n|\n|upkeep\n|turn|2\n|\n|t:|1698292076\n|move|p1a: Delibot|Freeze-Dry|p2a: Volcanion\n|-damage|p2a: Volcanion|5\/100\n|move|p1b: Chi-Yu|Snarl|p2a: Volcanion|[spread] p2a\n|-miss|p1b: Chi-Yu|p2b: Goodra\n|-damage|p2a: Volcanion|0 fnt\n|faint|p2a: Volcanion\n|move|p2b: Goodra|Body Press|p1a: Delibot\n|-supereffective|p1a: Delibot\n|-damage|p1a: Delibot|45\/100\n|\n|upkeep\n|\n|t:|1698292087\n|switch|p2a: Flutter Mane|Flutter Mane|100\/100\n|turn|3\n|\n|t:|1698292107\n|move|p2a: Flutter Mane|Protect|p2a: Flutter Mane\n|-singleturn|p2a: Flutter Mane|Protect\n|move|p1a: Delibot|Freeze-Dry|p2a: Flutter Mane\n|-activate|p2a: Flutter Mane|move: Protect\n|move|p1b: Chi-Yu|Snarl|p2a: Flutter Mane|[spread] p2b\n|-activate|p2a: Flutter Mane|move: Protect\n|-damage|p2b: Goodra|81\/100\n|-unboost|p2b: Goodra|spa|1\n|move|p2b: Goodra|Body Press|p1a: Delibot\n|-supereffective|p1a: Delibot\n|-damage|p1a: Delibot|0 fnt\n|faint|p1a: Delibot\n|-end|p1a: Delibot|Quark Drive|[silent]\n|\n|-heal|p2b: Goodra|87\/100|[from] item: Leftovers\n|upkeep\n|inactive|fangame10 has 120 seconds left.\n|inactive|fangame10 has 90 seconds left.\n|\n|t:|1698292161\n|switch|p1a: Predator Drone|Cresselia, F|100\/100\n|turn|4\n|\n|t:|1698292171\n|move|p2a: Flutter Mane|Dazzling Gleam|p1a: Predator Drone|[spread] p1a,p1b\n|-damage|p1a: Predator Drone|76\/100\n|-damage|p1b: Chi-Yu|14\/100\n|move|p1b: Chi-Yu|Snarl|p2b: Goodra|[spread] p2a,p2b\n|-damage|p2a: Flutter Mane|71\/100\n|-damage|p2b: Goodra|68\/100\n|-unboost|p2a: Flutter Mane|spa|1\n|-unboost|p2b: Goodra|spa|1\n|move|p2b: Goodra|Acid Armor|p2b: Goodra\n|-boost|p2b: Goodra|def|2\n|move|p1a: Predator Drone|Trick Room|p1a: Predator Drone\n|-fieldstart|move: Trick Room|[of] p1a: Predator Drone\n|\n|-heal|p2b: Goodra|74\/100|[from] item: Leftovers\n|upkeep\n|turn|5\n|inactive|fangame10 has 120 seconds left.\n|\n|t:|1698292190\n|switch|p1a: Ursaluna|Ursaluna, M, shiny|100\/100\n|-end|p2a: Flutter Mane|Protosynthesis|[silent]\n|switch|p2a: Zapdos|Zapdos|100\/100\n|move|p2b: Goodra|Body Press|p1b: Chi-Yu\n|-supereffective|p1b: Chi-Yu\n|-damage|p1b: Chi-Yu|0 fnt\n|faint|p1b: Chi-Yu\n|\n|-heal|p2b: Goodra|80\/100|[from] item: Leftovers\n|-status|p1a: Ursaluna|brn|[from] item: Flame Orb\n|upkeep\n|inactive|fangame10 has 120 seconds left.\n|\n|t:|1698292200\n|switch|p1b: Abomasnow|Abomasnow, M, shiny|100\/100\n|-weather|Snow|[from] ability: Snow Warning|[of] p1b: Abomasnow\n|turn|6\n|\n|t:|1698292213\n|-terastallize|p1a: Ursaluna|Fairy\n|-terastallize|p2b: Goodra|Ghost\n|move|p1a: Ursaluna|Earthquake|p2a: Zapdos|[spread] p1b,p2b\n|-immune|p2a: Zapdos\n|-resisted|p1b: Abomasnow\n|-damage|p1b: Abomasnow|79\/100\n|-damage|p2b: Goodra|53\/100\n|move|p2b: Goodra|Body Press|p1a: Ursaluna\n|-resisted|p1a: Ursaluna\n|-damage|p1a: Ursaluna|80\/100 brn\n|move|p1b: Abomasnow|Aurora Veil|p1b: Abomasnow\n|-sidestart|p1: fangame10|move: Aurora Veil\n|move|p2a: Zapdos|Heat Wave|p1a: Ursaluna|[spread] p1a,p1b\n|-supereffective|p1b: Abomasnow\n|-damage|p1a: Ursaluna|65\/100 brn\n|-damage|p1b: Abomasnow|16\/100\n|\n|-weather|Snow|[upkeep]\n|-heal|p2b: Goodra|59\/100|[from] item: Leftovers\n|-damage|p1a: Ursaluna|59\/100 brn|[from] brn\n|upkeep\n|turn|7\n|\n|t:|1698292235\n|move|p1a: Ursaluna|Facade|p2a: Zapdos\n|-damage|p2a: Zapdos|0 fnt\n|-damage|p1a: Ursaluna|42\/100 brn|[from] item: Rocky Helmet|[of] p2a: Zapdos\n|faint|p2a: Zapdos\n|move|p2b: Goodra|Heavy Slam|p1a: Ursaluna\n|-supereffective|p1a: Ursaluna\n|-damage|p1a: Ursaluna|29\/100 brn\n|move|p1b: Abomasnow|Blizzard|p2b: Goodra\n|-damage|p2b: Goodra|34\/100\n|\n|-weather|Snow|[upkeep]\n|-heal|p2b: Goodra|40\/100|[from] item: Leftovers\n|-damage|p1a: Ursaluna|22\/100 brn|[from] brn\n|upkeep\n|inactive|Agme has 120 seconds left.\n|\n|t:|1698292252\n|switch|p2a: Dragonite|Dragonite, F|100\/100\n|turn|8\n|\n|t:|1698292259\n|switch|p1b: Predator Drone|Cresselia, F|76\/100\n|move|p2a: Dragonite|Extreme Speed|p1b: Predator Drone\n|-damage|p1b: Predator Drone|64\/100\n|move|p1a: Ursaluna|Earthquake|p2b: Goodra|[spread] p2b\n|-immune|p1b: Predator Drone|[from] ability: Levitate\n|-immune|p2a: Dragonite\n|-damage|p2b: Goodra|12\/100\n|move|p2b: Goodra|Heavy Slam|p1a: Ursaluna\n|-supereffective|p1a: Ursaluna\n|-damage|p1a: Ursaluna|10\/100 brn\n|\n|-weather|Snow|[upkeep]\n|-heal|p2b: Goodra|18\/100|[from] item: Leftovers\n|-damage|p1a: Ursaluna|3\/100 brn|[from] brn\n|-fieldend|move: Trick Room\n|upkeep\n|turn|9\n|inactive|fangame10 has 120 seconds left.\n|inactive|fangame10 has 90 seconds left.\n|\n|t:|1698292337\n|move|p1a: Ursaluna|Protect|p1a: Ursaluna\n|-singleturn|p1a: Ursaluna|Protect\n|move|p2a: Dragonite|Extreme Speed|p1a: Ursaluna\n|-activate|p1a: Ursaluna|move: Protect\n|move|p1b: Predator Drone|Lunar Blessing|p1b: Predator Drone|[spread] p1a,p1b\n|-heal|p1a: Ursaluna|28\/100 brn\n|-curestatus|p1a: Ursaluna|brn|[msg]\n|-heal|p1b: Predator Drone|89\/100\n|move|p2b: Goodra|Acid Armor|p2b: Goodra\n|-boost|p2b: Goodra|def|2\n|\n|-weather|Snow|[upkeep]\n|-heal|p2b: Goodra|24\/100|[from] item: Leftovers\n|-status|p1a: Ursaluna|brn|[from] item: Flame Orb\n|upkeep\n|turn|10\n|inactive|fangame10 has 90 seconds left.\n|\n|t:|1698292374\n|switch|p1a: Abomasnow|Abomasnow, M, shiny|16\/100\n|move|p2a: Dragonite|Dragon Dance|p2a: Dragonite\n|-boost|p2a: Dragonite|atk|1\n|-boost|p2a: Dragonite|spe|1\n|move|p2b: Goodra|Body Press|p1a: Abomasnow\n|-supereffective|p1a: Abomasnow\n|-damage|p1a: Abomasnow|0 fnt\n|faint|p1a: Abomasnow\n|move|p1b: Predator Drone|Trick Room|p1b: Predator Drone\n|-fieldstart|move: Trick Room|[of] p1b: Predator Drone\n|\n|-weather|none\n|-heal|p2b: Goodra|30\/100|[from] item: Leftovers\n|upkeep\n|\n|t:|1698292376\n|switch|p1a: Ursaluna|Ursaluna, M, shiny, tera:Fairy|28\/100 brn\n|turn|11\n|inactive|fangame10 has 90 seconds left.\n|\n|t:|1698292396\n|move|p1a: Ursaluna|Protect|p1a: Ursaluna\n|-singleturn|p1a: Ursaluna|Protect\n|move|p2a: Dragonite|Extreme Speed|p1a: Ursaluna\n|-activate|p1a: Ursaluna|move: Protect\n|move|p2b: Goodra|Heavy Slam|p1a: Ursaluna\n|-activate|p1a: Ursaluna|move: Protect\n|move|p1b: Predator Drone|Lunar Blessing|p1b: Predator Drone|[spread] p1a,p1b\n|-heal|p1a: Ursaluna|53\/100 brn\n|-curestatus|p1a: Ursaluna|brn|[msg]\n|-heal|p1b: Predator Drone|100\/100\n|\n|-heal|p2b: Goodra|36\/100|[from] item: Leftovers\n|-status|p1a: Ursaluna|brn|[from] item: Flame Orb\n|upkeep\n|turn|12\n|inactive|fangame10 has 90 seconds left.\n|\n|t:|1698292422\n|move|p2a: Dragonite|Extreme Speed|p1a: Ursaluna\n|-damage|p1a: Ursaluna|32\/100 brn\n|move|p1a: Ursaluna|Facade|p2a: Dragonite\n|-damage|p2a: Dragonite|33\/100\n|move|p2b: Goodra|Heavy Slam|p1a: Ursaluna\n|-supereffective|p1a: Ursaluna\n|-damage|p1a: Ursaluna|19\/100 brn\n|move|p1b: Predator Drone|Lunar Blessing|p1b: Predator Drone|[spread] p1a,p1b\n|-heal|p1a: Ursaluna|44\/100 brn\n|-curestatus|p1a: Ursaluna|brn|[msg]\n|\n|-heal|p2b: Goodra|42\/100|[from] item: Leftovers\n|-heal|p2a: Dragonite|40\/100|[from] item: Leftovers\n|-status|p1a: Ursaluna|brn|[from] item: Flame Orb\n|upkeep\n|turn|13\n|inactive|fangame10 has 90 seconds left.\n|\n|t:|1698292451\n|move|p2a: Dragonite|Protect|p2a: Dragonite\n|-singleturn|p2a: Dragonite|Protect\n|move|p1a: Ursaluna|Facade|p2a: Dragonite\n|-activate|p2a: Dragonite|move: Protect\n|move|p2b: Goodra|Acid Armor|p2b: Goodra\n|-boost|p2b: Goodra|def|2\n|move|p1b: Predator Drone|Lunar Blessing|p1b: Predator Drone|[spread] p1a,p1b\n|-heal|p1a: Ursaluna|69\/100 brn\n|-curestatus|p1a: Ursaluna|brn|[msg]\n|\n|-heal|p2b: Goodra|48\/100|[from] item: Leftovers\n|-heal|p2a: Dragonite|46\/100|[from] item: Leftovers\n|-sideend|p1: fangame10|move: Aurora Veil\n|-status|p1a: Ursaluna|brn|[from] item: Flame Orb\n|upkeep\n|turn|14\n|\n|t:|1698292477\n|move|p2a: Dragonite|Extreme Speed|p1a: Ursaluna\n|-damage|p1a: Ursaluna|31\/100 brn\n|move|p1a: Ursaluna|Facade|p2a: Dragonite\n|-damage|p2a: Dragonite|0 fnt\n|faint|p2a: Dragonite\n|move|p2b: Goodra|Heavy Slam|p1a: Ursaluna\n|-supereffective|p1a: Ursaluna\n|-damage|p1a: Ursaluna|8\/100 brn\n|move|p1b: Predator Drone|Lunar Blessing|p1b: Predator Drone|[spread] p1a,p1b\n|-heal|p1a: Ursaluna|33\/100 brn\n|-curestatus|p1a: Ursaluna|brn|[msg]\n|\n|-heal|p2b: Goodra|53\/100|[from] item: Leftovers\n|-fieldend|move: Trick Room\n|-status|p1a: Ursaluna|brn|[from] item: Flame Orb\n|upkeep\n|inactive|Agme has 120 seconds left.\n|\n|t:|1698292495\n|switch|p2a: Kleavor|Kleavor, F|100\/100\n|turn|15\n|inactive|fangame10 has 120 seconds left.\n|inactive|fangame10 has 90 seconds left.\n|\n|t:|1698292531\n|move|p2a: Kleavor|X-Scissor|p1b: Predator Drone\n|-supereffective|p1b: Predator Drone\n|-damage|p1b: Predator Drone|32\/100\n|move|p2b: Goodra|Body Press|p1b: Predator Drone\n|-resisted|p1b: Predator Drone\n|-damage|p1b: Predator Drone|4\/100\n|move|p1a: Ursaluna|Swords Dance|p1a: Ursaluna\n|-boost|p1a: Ursaluna|atk|2\n|move|p1b: Predator Drone|Trick Room|p1b: Predator Drone\n|-fieldstart|move: Trick Room|[of] p1b: Predator Drone\n|\n|-heal|p2b: Goodra|59\/100|[from] item: Leftovers\n|-damage|p1a: Ursaluna|27\/100 brn|[from] brn\n|upkeep\n|turn|16\n|\n|t:|1698292550\n|move|p1a: Ursaluna|Earthquake|p2a: Kleavor|[spread] p2a,p2b\n|-immune|p1b: Predator Drone|[from] ability: Levitate\n|-enditem|p2a: Kleavor|Focus Sash\n|-damage|p2a: Kleavor|1\/100\n|-damage|p2b: Goodra|31\/100\n|move|p2b: Goodra|Body Press|p1b: Predator Drone\n|-resisted|p1b: Predator Drone\n|-damage|p1b: Predator Drone|0 fnt\n|faint|p1b: Predator Drone\n|move|p2a: Kleavor|Stone Axe|p1a: Ursaluna\n|-damage|p1a: Ursaluna|0 fnt\n|-sidestart|p1: fangame10|move: Stealth Rock\n|faint|p1a: Ursaluna\n|\n|-heal|p2b: Goodra|37\/100|[from] item: Leftovers\n|upkeep\n|\n|t:|1698292554\n|switch|p1b: Kommo-o|Kommo-o, M, shiny|100\/100\n|-damage|p1b: Kommo-o|94\/100|[from] Stealth Rock\n|turn|17\n|\n|t:|1698292572\n|move|p1b: Kommo-o|Protect|p1b: Kommo-o\n|-singleturn|p1b: Kommo-o|Protect\n|move|p2b: Goodra|Body Press|p1b: Kommo-o\n|-activate|p1b: Kommo-o|move: Protect\n|move|p2a: Kleavor|Close Combat|p1b: Kommo-o\n|-activate|p1b: Kommo-o|move: Protect\n|\n|-heal|p2b: Goodra|43\/100|[from] item: Leftovers\n|upkeep\n|turn|18\n|\n|t:|1698292577\n|move|p1b: Kommo-o|Protect||[still]\n|-fail|p1b: Kommo-o\n|move|p2b: Goodra|Body Press|p1b: Kommo-o\n|-damage|p1b: Kommo-o|10\/100\n|move|p2a: Kleavor|Close Combat|p1b: Kommo-o\n|-damage|p1b: Kommo-o|0 fnt\n|-unboost|p2a: Kleavor|def|1\n|-unboost|p2a: Kleavor|spd|1\n|faint|p1b: Kommo-o\n|\n|win|Agme\n|raw|fangame10's rating: 1878 &rarr; <strong>1856<\/strong><br \/>(-22 for losing)\n|raw|Agme's rating: 1844 &rarr; <strong>1866<\/strong><br \/>(+22 for winning)\n","uploadtime":1698292582,"views":40,"p1id":"fangame10","p2id":"agme","formatid":"gen9doublesou","rating":1856,"private":0,"password":""}