{"id":"gen9doublesou-1974987593","p1":"DoerreKong","p2":"MythAst","format":"[Gen 9] Doubles OU","log":"|j|\u2606DoerreKong\n|j|\u2606MythAst\n|t:|1698152511\n|gametype|doubles\n|player|p1|DoerreKong|ltsurge|1485\n|player|p2|MythAst|cyrus-masters|1392\n|teamsize|p1|6\n|teamsize|p2|6\n|gen|9\n|tier|[Gen 9] Doubles OU\n|rated|\n|rule|Species Clause: Limit one of each Pok\u00e9mon\n|rule|OHKO Clause: OHKO moves are banned\n|rule|Evasion Moves Clause: Evasion moves are banned\n|rule|Gravity Sleep Clause: The combination of sleep-inducing moves with imperfect accuracy and Gravity or Gigantamax Orbeetle are banned\n|rule|Endless Battle Clause: Forcing endless battles is banned\n|rule|HP Percentage Mod: HP is shown in percentages\n|clearpoke\n|poke|p1|Torkoal, M|\n|poke|p1|Cresselia, F|\n|poke|p1|Diancie|\n|poke|p1|Iron Hands|\n|poke|p1|Farigiraf, M|\n|poke|p1|Dragonite, M|\n|poke|p2|Gothitelle, F|\n|poke|p2|Flutter Mane|\n|poke|p2|Chi-Yu|\n|poke|p2|Torkoal, F|\n|poke|p2|Iron Hands|\n|poke|p2|Lilligant, F|\n|teampreview\n|inactive|Battle timer is ON: inactive players will automatically lose when time's up. (requested by MythAst)\n|inactive|DoerreKong also wants the timer to be on.\n|\n|t:|1698152517\n|start\n|switch|p1a: Iron Hands|Iron Hands|100\/100\n|switch|p1b: Farigiraf|Farigiraf, M|100\/100\n|switch|p2a: Torkoal|Torkoal, F|100\/100\n|switch|p2b: Lilligant|Lilligant, F|100\/100\n|-weather|SunnyDay|[from] ability: Drought|[of] p2a: Torkoal\n|turn|1\n|\n|t:|1698152539\n|-terastallize|p2a: Torkoal|Fire\n|move|p1a: Iron Hands|Fake Out|p2b: Lilligant\n|-damage|p2b: Lilligant|82\/100\n|cant|p2b: Lilligant|flinch\n|move|p2a: Torkoal|Eruption|p1a: Iron Hands|[spread] p1a,p1b\n|-damage|p1a: Iron Hands|4\/100\n|-damage|p1b: Farigiraf|1\/100\n|move|p1b: Farigiraf|Trick Room|p1b: Farigiraf\n|-fieldstart|move: Trick Room|[of] p1b: Farigiraf\n|\n|-weather|SunnyDay|[upkeep]\n|-heal|p1a: Iron Hands|10\/100|[from] item: Leftovers\n|-heal|p1b: Farigiraf|7\/100|[from] item: Leftovers\n|upkeep\n|turn|2\n|\n|t:|1698152559\n|-end|p1a: Iron Hands|Quark Drive|[silent]\n|switch|p1a: Diancie|Diancie|100\/100\n|switch|p1b: Dragonite|Dragonite, M|100\/100\n|move|p2a: Torkoal|Eruption|p1a: Diancie|[spread] p1a,p1b\n|-resisted|p1a: Diancie\n|-resisted|p1b: Dragonite\n|-damage|p1a: Diancie|57\/100\n|-damage|p1b: Dragonite|74\/100\n|move|p2b: Lilligant|Leaf Storm|p1b: Dragonite\n|-resisted|p1b: Dragonite\n|-damage|p1b: Dragonite|59\/100\n|-unboost|p2b: Lilligant|spa|2\n|\n|-weather|SunnyDay|[upkeep]\n|upkeep\n|turn|3\n|\n|t:|1698152579\n|move|p2a: Torkoal|Eruption|p1a: Diancie|[spread] p1a,p1b\n|-resisted|p1a: Diancie\n|-resisted|p1b: Dragonite\n|-damage|p1a: Diancie|8\/100\n|-damage|p1b: Dragonite|7\/100\n|move|p1a: Diancie|Diamond Storm|p2b: Lilligant|[spread] p2a,p2b\n|-supereffective|p2a: Torkoal\n|-crit|p2b: Lilligant\n|-damage|p2a: Torkoal|59\/100\n|-damage|p2b: Lilligant|22\/100\n|move|p1b: Dragonite|Earthquake|p2b: Lilligant|[spread] p1a,p2a,p2b\n|-supereffective|p1a: Diancie\n|-supereffective|p2a: Torkoal\n|-resisted|p2b: Lilligant\n|-damage|p1a: Diancie|0 fnt\n|-damage|p2a: Torkoal|0 fnt\n|-damage|p2b: Lilligant|0 fnt\n|faint|p1a: Diancie\n|faint|p2a: Torkoal\n|faint|p2b: Lilligant\n|\n|-weather|SunnyDay|[upkeep]\n|upkeep\n|\n|t:|1698152595\n|switch|p2a: Iron Hands|Iron Hands|100\/100\n|switch|p1a: Cresselia|Cresselia, F|100\/100\n|switch|p2b: Gothitelle|Gothitelle, F|100\/100\n|-item|p1a: Cresselia|Leftovers|[from] ability: Frisk|[of] p2b: Gothitelle|[identify]\n|-item|p1b: Dragonite|Choice Band|[from] ability: Frisk|[of] p2b: Gothitelle|[identify]\n|turn|4\n|\n|t:|1698152604\n|switch|p1a: Farigiraf|Farigiraf, M|7\/100\n|move|p2a: Iron Hands|Fake Out||[still]\n|cant|p1a: Farigiraf|ability: Armor Tail|Fake Out|[of] p2a: Iron Hands\n|move|p2b: Gothitelle|Fake Out||[still]\n|cant|p1a: Farigiraf|ability: Armor Tail|Fake Out|[of] p2b: Gothitelle\n|move|p1b: Dragonite|Earthquake|p2a: Iron Hands|[spread] p1a,p2a,p2b\n|-supereffective|p2a: Iron Hands\n|-damage|p1a: Farigiraf|0 fnt\n|-damage|p2a: Iron Hands|37\/100\n|-damage|p2b: Gothitelle|68\/100\n|faint|p1a: Farigiraf\n|\n|-weather|SunnyDay|[upkeep]\n|upkeep\n|\n|t:|1698152616\n|switch|p1a: Cresselia|Cresselia, F|100\/100\n|turn|5\n|\n|t:|1698152627\n|move|p2a: Iron Hands|Heavy Slam|p1a: Cresselia\n|-damage|p1a: Cresselia|74\/100\n|move|p1a: Cresselia|Calm Mind|p1a: Cresselia\n|-boost|p1a: Cresselia|spa|1\n|-boost|p1a: Cresselia|spd|1\n|move|p2b: Gothitelle|Heal Pulse|p2a: Iron Hands\n|-heal|p2a: Iron Hands|87\/100\n|move|p1b: Dragonite|Earthquake|p2a: Iron Hands|[spread] p2a,p2b\n|-immune|p1a: Cresselia|[from] ability: Levitate\n|-supereffective|p2a: Iron Hands\n|-damage|p2a: Iron Hands|25\/100\n|-damage|p2b: Gothitelle|34\/100\n|-enditem|p2b: Gothitelle|Sitrus Berry|[eat]\n|-heal|p2b: Gothitelle|59\/100|[from] item: Sitrus Berry\n|\n|-weather|none\n|-heal|p1a: Cresselia|80\/100|[from] item: Leftovers\n|-fieldend|move: Trick Room\n|upkeep\n|turn|6\n|\n|t:|1698152651\n|move|p1b: Dragonite|Earthquake|p2a: Iron Hands|[spread] p2a,p2b\n|-immune|p1a: Cresselia|[from] ability: Levitate\n|-supereffective|p2a: Iron Hands\n|-damage|p2a: Iron Hands|0 fnt\n|-damage|p2b: Gothitelle|29\/100\n|faint|p2a: Iron Hands\n|-end|p2a: Iron Hands|Quark Drive|[silent]\n|move|p2b: Gothitelle|Hypnosis|p1a: Cresselia|[miss]\n|-miss|p2b: Gothitelle|p1a: Cresselia\n|move|p1a: Cresselia|Trick Room|p1a: Cresselia\n|-fieldstart|move: Trick Room|[of] p1a: Cresselia\n|\n|-heal|p1a: Cresselia|86\/100|[from] item: Leftovers\n|upkeep\n|\n|t:|1698152664\n|switch|p2a: Flutter Mane|Flutter Mane|100\/100\n|turn|7\n|\n|t:|1698152674\n|move|p1a: Cresselia|Calm Mind|p1a: Cresselia\n|-boost|p1a: Cresselia|spa|1\n|-boost|p1a: Cresselia|spd|1\n|move|p2b: Gothitelle|Hypnosis|p1a: Cresselia|[miss]\n|-miss|p2b: Gothitelle|p1a: Cresselia\n|move|p1b: Dragonite|Earthquake|p2a: Flutter Mane|[spread] p2a,p2b\n|-immune|p1a: Cresselia|[from] ability: Levitate\n|-damage|p2a: Flutter Mane|12\/100\n|-damage|p2b: Gothitelle|0 fnt\n|faint|p2b: Gothitelle\n|move|p2a: Flutter Mane|Dazzling Gleam|p1b: Dragonite|[spread] p1a,p1b\n|-supereffective|p1b: Dragonite\n|-damage|p1a: Cresselia|75\/100\n|-damage|p1b: Dragonite|0 fnt\n|faint|p1b: Dragonite\n|-damage|p2a: Flutter Mane|2\/100|[from] item: Life Orb\n|\n|-heal|p1a: Cresselia|81\/100|[from] item: Leftovers\n|upkeep\n|\n|t:|1698152687\n|switch|p2b: Chi-Yu|Chi-Yu|100\/100\n|switch|p1b: Torkoal|Torkoal, M|100\/100\n|-weather|SunnyDay|[from] ability: Drought|[of] p1b: Torkoal\n|-activate|p2a: Flutter Mane|ability: Protosynthesis\n|-start|p2a: Flutter Mane|protosynthesisspe\n|-ability|p2b: Chi-Yu|Beads of Ruin\n|turn|8\n|\n|t:|1698152702\n|move|p1b: Torkoal|Eruption|p2a: Flutter Mane|[spread] p2a,p2b\n|-resisted|p2b: Chi-Yu\n|-damage|p2a: Flutter Mane|0 fnt\n|-damage|p2b: Chi-Yu|61\/100\n|faint|p2a: Flutter Mane\n|-end|p2a: Flutter Mane|Protosynthesis|[silent]\n|move|p1a: Cresselia|Calm Mind|p1a: Cresselia\n|-boost|p1a: Cresselia|spa|1\n|-boost|p1a: Cresselia|spd|1\n|move|p2b: Chi-Yu|Dark Pulse|p1a: Cresselia\n|-supereffective|p1a: Cresselia\n|-damage|p1a: Cresselia|57\/100\n|\n|-weather|SunnyDay|[upkeep]\n|-heal|p1a: Cresselia|63\/100|[from] item: Leftovers\n|upkeep\n|turn|9\n|\n|t:|1698152720\n|move|p1b: Torkoal|Earth Power|p2b: Chi-Yu\n|-supereffective|p2b: Chi-Yu\n|-damage|p2b: Chi-Yu|6\/100\n|move|p1a: Cresselia|Lunar Blessing|p1a: Cresselia|[spread] p1a,p1b\n|-heal|p1a: Cresselia|88\/100\n|move|p2b: Chi-Yu|Dark Pulse|p1a: Cresselia\n|-supereffective|p1a: Cresselia\n|-damage|p1a: Cresselia|66\/100\n|\n|-weather|SunnyDay|[upkeep]\n|-heal|p1a: Cresselia|72\/100|[from] item: Leftovers\n|upkeep\n|turn|10\n|l|\u2606MythAst\n|inactive|MythAst disconnected and has a minute to reconnect!\n|player|p2|\n|inactive|MythAst has 30 seconds to reconnect!\n|inactive|MythAst has 20 seconds to reconnect!\n|inactive|MythAst has 15 seconds to reconnect!\n|inactive|MythAst has 10 seconds to reconnect!\n|inactive|MythAst has 5 seconds to reconnect!\n|-message|MythAst lost due to inactivity.\n|\n|win|DoerreKong\n|raw|DoerreKong's rating: 1485 &rarr; <strong>1500<\/strong><br \/>(+15 for winning)\n|raw|MythAst's rating: 1392 &rarr; <strong>1377<\/strong><br \/>(-15 for losing)\n","uploadtime":1698152784,"views":14,"p1id":"doerrekong","p2id":"mythast","formatid":"gen9doublesou","rating":1377,"private":0,"password":""}