{"id":"gen9doublesou-1973156264","p1":"riastylis","p2":"Telimonster0608","format":"[Gen 9] Doubles OU","log":"|j|\u2606riastylis\n|j|\u2606Telimonster0608\n|t:|1697933884\n|gametype|doubles\n|player|p1|riastylis|veteran|\n|player|p2|Telimonster0608|clair|\n|teamsize|p1|6\n|teamsize|p2|6\n|gen|9\n|tier|[Gen 9] Doubles OU\n|rule|Species Clause: Limit one of each Pok\u00e9mon\n|rule|OHKO Clause: OHKO moves are banned\n|rule|Evasion Moves Clause: Evasion moves are banned\n|rule|Gravity Sleep Clause: The combination of sleep-inducing moves with imperfect accuracy and Gravity or Gigantamax Orbeetle are banned\n|rule|Endless Battle Clause: Forcing endless battles is banned\n|rule|HP Percentage Mod: HP is shown in percentages\n|clearpoke\n|poke|p1|Iron Leaves|\n|poke|p1|Quaquaval, M|\n|poke|p1|Garchomp, F|\n|poke|p1|Volcarona, F|\n|poke|p1|Gholdengo|\n|poke|p1|Regieleki|\n|poke|p2|Slither Wing|\n|poke|p2|Klefki, M|\n|poke|p2|Salamence, F|\n|poke|p2|Sneasler, F|\n|poke|p2|Zapdos|\n|poke|p2|Milotic, M|\n|teampreview\n|j| kagrin\n|\n|t:|1697934016\n|start\n|switch|p1a: Gear4BounceMan|Regieleki, shiny|100\/100\n|switch|p1b: Gild Tesoro|Gholdengo|100\/100\n|switch|p2a: Success\ud83e\ude99|Klefki, M, shiny|100\/100\n|switch|p2b: Past Mothra\ud83e\udd8b|Slither Wing|100\/100\n|-enditem|p2b: Past Mothra\ud83e\udd8b|Booster Energy\n|-activate|p2b: Past Mothra\ud83e\udd8b|ability: Protosynthesis|[fromitem]\n|-start|p2b: Past Mothra\ud83e\udd8b|protosynthesisatk\n|turn|1\n|\n|t:|1697934095\n|switch|p1b: Mothra|Volcarona, F|100\/100\n|switch|p2a: All-Might\ud83e\uddb8\u200d\u2642\ufe0f|Salamence, F|100\/100\n|-ability|p2a: All-Might\ud83e\uddb8\u200d\u2642\ufe0f|Intimidate|boost\n|-unboost|p1a: Gear4BounceMan|atk|1\n|-unboost|p1b: Mothra|atk|1\n|move|p1a: Gear4BounceMan|Electroweb|p2a: All-Might\ud83e\uddb8\u200d\u2642\ufe0f|[spread] p2a,p2b\n|-damage|p2a: All-Might\ud83e\uddb8\u200d\u2642\ufe0f|68\/100\n|-damage|p2b: Past Mothra\ud83e\udd8b|73\/100\n|-unboost|p2a: All-Might\ud83e\uddb8\u200d\u2642\ufe0f|spe|1\n|-unboost|p2b: Past Mothra\ud83e\udd8b|spe|1\n|move|p2b: Past Mothra\ud83e\udd8b|Earthquake|p1b: Mothra|[spread] p1a,p1b\n|-immune|p2a: All-Might\ud83e\uddb8\u200d\u2642\ufe0f\n|-supereffective|p1a: Gear4BounceMan\n|-crit|p1b: Mothra\n|-enditem|p1a: Gear4BounceMan|Focus Sash\n|-damage|p1a: Gear4BounceMan|1\/100\n|-damage|p1b: Mothra|35\/100\n|-enditem|p1b: Mothra|Sitrus Berry|[eat]\n|-heal|p1b: Mothra|60\/100|[from] item: Sitrus Berry\n|\n|upkeep\n|turn|2\n|\n|t:|1697934151\n|move|p1a: Gear4BounceMan|Thunder Wave|p2a: All-Might\ud83e\uddb8\u200d\u2642\ufe0f|[miss]\n|-miss|p1a: Gear4BounceMan|p2a: All-Might\ud83e\uddb8\u200d\u2642\ufe0f\n|move|p1b: Mothra|Quiver Dance|p1b: Mothra\n|-boost|p1b: Mothra|spa|1\n|-boost|p1b: Mothra|spd|1\n|-boost|p1b: Mothra|spe|1\n|move|p2a: All-Might\ud83e\uddb8\u200d\u2642\ufe0f|Rock Slide|p1b: Mothra|[spread] p1a,p1b\n|-supereffective|p1b: Mothra\n|-damage|p1a: Gear4BounceMan|0 fnt\n|-damage|p1b: Mothra|0 fnt\n|faint|p1a: Gear4BounceMan\n|faint|p1b: Mothra\n|move|p2b: Past Mothra\ud83e\udd8b|Earthquake|p2a: All-Might\ud83e\uddb8\u200d\u2642\ufe0f\n|-immune|p2a: All-Might\ud83e\uddb8\u200d\u2642\ufe0f\n|\n|upkeep\n|j| GoDDanteX\n|\n|t:|1697934177\n|switch|p1a: Cascade|Garchomp, F, shiny|100\/100\n|switch|p1b: Bon Clay|Quaquaval, M|100\/100\n|turn|3\n|j| Redzone92\n|l| GoDDanteX\n|\n|t:|1697934310\n|-end|p2b: Past Mothra\ud83e\udd8b|Protosynthesis|[silent]\n|switch|p2b: Lightning Storm\u26c8\ufe0f|Zapdos, shiny|100\/100\n|-terastallize|p1a: Cascade|Ground\n|move|p1a: Cascade|Swords Dance|p1a: Cascade\n|-boost|p1a: Cascade|atk|2\n|move|p1b: Bon Clay|Aqua Step|p2a: All-Might\ud83e\uddb8\u200d\u2642\ufe0f\n|-resisted|p2a: All-Might\ud83e\uddb8\u200d\u2642\ufe0f\n|-damage|p2a: All-Might\ud83e\uddb8\u200d\u2642\ufe0f|45\/100\n|-boost|p1b: Bon Clay|spe|1\n|move|p2a: All-Might\ud83e\uddb8\u200d\u2642\ufe0f|Dragon Dance|p2a: All-Might\ud83e\uddb8\u200d\u2642\ufe0f\n|-boost|p2a: All-Might\ud83e\uddb8\u200d\u2642\ufe0f|atk|1\n|-boost|p2a: All-Might\ud83e\uddb8\u200d\u2642\ufe0f|spe|1\n|\n|upkeep\n|turn|4\n|j| GoDDanteX\n|\n|t:|1697934348\n|switch|p1b: Gild Tesoro|Gholdengo|100\/100\n|move|p1a: Cascade|Scale Shot|p2a: All-Might\ud83e\uddb8\u200d\u2642\ufe0f\n|-supereffective|p2a: All-Might\ud83e\uddb8\u200d\u2642\ufe0f\n|-damage|p2a: All-Might\ud83e\uddb8\u200d\u2642\ufe0f|0 fnt\n|faint|p2a: All-Might\ud83e\uddb8\u200d\u2642\ufe0f\n|-hitcount|p2: All-Might\ud83e\uddb8\u200d\u2642\ufe0f|1\n|-unboost|p1a: Cascade|def|1\n|-boost|p1a: Cascade|spe|1\n|move|p2b: Lightning Storm\u26c8\ufe0f|Thunderbolt|p1b: Gild Tesoro\n|-damage|p1b: Gild Tesoro|63\/100\n|\n|upkeep\n|\n|t:|1697934365\n|switch|p2a: Success\ud83e\ude99|Klefki, M, shiny|100\/100\n|turn|5\n|\n|t:|1697934409\n|move|p2a: Success\ud83e\ude99|Light Screen|p2a: Success\ud83e\ude99\n|-sidestart|p2: Telimonster0608|move: Light Screen\n|move|p1a: Cascade|Tera Blast|p2a: Success\ud83e\ude99|[anim] Tera Blast Ground\n|-supereffective|p2a: Success\ud83e\ude99\n|-damage|p2a: Success\ud83e\ude99|0 fnt\n|faint|p2a: Success\ud83e\ude99\n|move|p2b: Lightning Storm\u26c8\ufe0f|Volt Switch|p1b: Gild Tesoro\n|-damage|p1b: Gild Tesoro|33\/100\n|\n|t:|1697934422\n|switch|p2b: Princess\ud83d\udc78|Milotic, M, shiny|100\/100|[from] Volt Switch\n|move|p1b: Gild Tesoro|Trick|p2b: Princess\ud83d\udc78\n|-activate|p1b: Gild Tesoro|move: Trick|[of] p2b: Princess\ud83d\udc78\n|-item|p2b: Princess\ud83d\udc78|Ring Target|[from] move: Trick\n|-item|p1b: Gild Tesoro|Flame Orb|[from] move: Trick\n|\n|-status|p1b: Gild Tesoro|brn|[from] item: Flame Orb\n|upkeep\n|\n|t:|1697934481\n|switch|p2a: Wolverine\ud83d\udde1|Sneasler, F, shiny|100\/100\n|-item|p2a: Wolverine\ud83d\udde1|Air Balloon\n|turn|6\n|\n|t:|1697934502\n|move|p1a: Cascade|Scale Shot|p2a: Wolverine\ud83d\udde1\n|-damage|p2a: Wolverine\ud83d\udde1|59\/100\n|-enditem|p2a: Wolverine\ud83d\udde1|Air Balloon\n|-damage|p2a: Wolverine\ud83d\udde1|16\/100\n|-damage|p2a: Wolverine\ud83d\udde1|0 fnt\n|faint|p2a: Wolverine\ud83d\udde1\n|-hitcount|p2: Wolverine\ud83d\udde1|3\n|-unboost|p1a: Cascade|def|1\n|-boost|p1a: Cascade|spe|1\n|move|p1b: Gild Tesoro|Reflect|p1b: Gild Tesoro\n|-sidestart|p1: riastylis|Reflect\n|move|p2b: Princess\ud83d\udc78|Haze|p2b: Princess\ud83d\udc78\n|-clearallboost\n|\n|-damage|p1b: Gild Tesoro|27\/100 brn|[from] brn\n|upkeep\n|\n|t:|1697934529\n|switch|p2a: Past Mothra\ud83e\udd8b|Slither Wing|73\/100\n|turn|7\n|\n|t:|1697934592\n|move|p1a: Cascade|Scale Shot|p2b: Princess\ud83d\udc78\n|-damage|p2b: Princess\ud83d\udc78|86\/100\n|-damage|p2b: Princess\ud83d\udc78|72\/100\n|-damage|p2b: Princess\ud83d\udc78|59\/100\n|-damage|p2b: Princess\ud83d\udc78|46\/100\n|-damage|p2b: Princess\ud83d\udc78|32\/100\n|-hitcount|p2b: Princess\ud83d\udc78|5\n|-unboost|p1a: Cascade|def|1\n|-boost|p1a: Cascade|spe|1\n|move|p2a: Past Mothra\ud83e\udd8b|Will-O-Wisp|p2b: Princess\ud83d\udc78|[miss]\n|-miss|p2a: Past Mothra\ud83e\udd8b|p2b: Princess\ud83d\udc78\n|move|p1b: Gild Tesoro|Trick|p2a: Past Mothra\ud83e\udd8b\n|-activate|p1b: Gild Tesoro|move: Trick|[of] p2a: Past Mothra\ud83e\udd8b\n|-item|p2a: Past Mothra\ud83e\udd8b|Flame Orb|[from] move: Trick\n|-enditem|p1b: Gild Tesoro|Flame Orb|[silent]|[from] move: Trick\n|move|p2b: Princess\ud83d\udc78|Ice Beam|p1a: Cascade\n|-supereffective|p1a: Cascade\n|-damage|p1a: Cascade|59\/100\n|-status|p1a: Cascade|frz\n|\n|-damage|p1b: Gild Tesoro|21\/100 brn|[from] brn\n|-status|p2a: Past Mothra\ud83e\udd8b|brn|[from] item: Flame Orb\n|upkeep\n|turn|8\n|\n|t:|1697934657\n|cant|p1a: Cascade|frz\n|move|p2a: Past Mothra\ud83e\udd8b|Close Combat|p1a: Cascade\n|-damage|p1a: Cascade|26\/100 frz\n|-unboost|p2a: Past Mothra\ud83e\udd8b|def|1\n|-unboost|p2a: Past Mothra\ud83e\udd8b|spd|1\n|-damage|p2a: Past Mothra\ud83e\udd8b|61\/100 brn|[from] ability: Rough Skin|[of] p1a: Cascade\n|move|p1b: Gild Tesoro|Recover|p1b: Gild Tesoro\n|-heal|p1b: Gild Tesoro|71\/100 brn\n|move|p2b: Princess\ud83d\udc78|Recover|p2b: Princess\ud83d\udc78\n|-heal|p2b: Princess\ud83d\udc78|82\/100\n|\n|-damage|p2a: Past Mothra\ud83e\udd8b|55\/100 brn|[from] brn\n|-damage|p1b: Gild Tesoro|64\/100 brn|[from] brn\n|upkeep\n|turn|9\n|\n|t:|1697934695\n|cant|p1a: Cascade|frz\n|move|p2a: Past Mothra\ud83e\udd8b|Will-O-Wisp|p2b: Princess\ud83d\udc78\n|-status|p2b: Princess\ud83d\udc78|brn\n|move|p1b: Gild Tesoro|Flash Cannon|p2b: Princess\ud83d\udc78\n|-resisted|p2b: Princess\ud83d\udc78\n|-damage|p2b: Princess\ud83d\udc78|75\/100 brn\n|move|p2b: Princess\ud83d\udc78|Scald|p1b: Gild Tesoro\n|-damage|p1b: Gild Tesoro|36\/100 brn\n|\n|-damage|p2a: Past Mothra\ud83e\udd8b|49\/100 brn|[from] brn\n|-damage|p1b: Gild Tesoro|30\/100 brn|[from] brn\n|-damage|p2b: Princess\ud83d\udc78|69\/100 brn|[from] brn\n|-sideend|p2: Telimonster0608|move: Light Screen\n|upkeep\n|turn|10\n|\n|t:|1697934746\n|cant|p1a: Cascade|frz\n|move|p2a: Past Mothra\ud83e\udd8b|Close Combat|p1a: Cascade\n|-damage|p1a: Cascade|0 fnt\n|-unboost|p2a: Past Mothra\ud83e\udd8b|def|1\n|-unboost|p2a: Past Mothra\ud83e\udd8b|spd|1\n|-damage|p2a: Past Mothra\ud83e\udd8b|37\/100 brn|[from] ability: Rough Skin|[of] p1a: Cascade\n|faint|p1a: Cascade\n|move|p1b: Gild Tesoro|Recover|p1b: Gild Tesoro\n|-heal|p1b: Gild Tesoro|80\/100 brn\n|move|p2b: Princess\ud83d\udc78|Scald|p1b: Gild Tesoro\n|-damage|p1b: Gild Tesoro|56\/100 brn\n|\n|-damage|p2a: Past Mothra\ud83e\udd8b|31\/100 brn|[from] brn\n|-damage|p1b: Gild Tesoro|49\/100 brn|[from] brn\n|-damage|p2b: Princess\ud83d\udc78|63\/100 brn|[from] brn\n|-sideend|p1: riastylis|Reflect\n|upkeep\n|\n|t:|1697934765\n|switch|p1a: Chopper|Iron Leaves|100\/100\n|-enditem|p1a: Chopper|Booster Energy\n|-activate|p1a: Chopper|ability: Quark Drive|[fromitem]\n|-start|p1a: Chopper|quarkdriveatk\n|turn|11\n|j| Kevin Dickey12\n|\n|t:|1697934803\n|move|p1a: Chopper|Psyblade|p2a: Past Mothra\ud83e\udd8b\n|-supereffective|p2a: Past Mothra\ud83e\udd8b\n|-damage|p2a: Past Mothra\ud83e\udd8b|0 fnt\n|faint|p2a: Past Mothra\ud83e\udd8b\n|-end|p2a: Past Mothra\ud83e\udd8b|Protosynthesis|[silent]\n|move|p1b: Gild Tesoro|Reflect|p1b: Gild Tesoro\n|-sidestart|p1: riastylis|Reflect\n|move|p2b: Princess\ud83d\udc78|Ice Beam|p1b: Gild Tesoro\n|-resisted|p1b: Gild Tesoro\n|-damage|p1b: Gild Tesoro|40\/100 brn\n|\n|-damage|p1b: Gild Tesoro|34\/100 brn|[from] brn\n|-damage|p2b: Princess\ud83d\udc78|57\/100 brn|[from] brn\n|upkeep\n|\n|t:|1697934815\n|switch|p2a: Lightning Storm\u26c8\ufe0f|Zapdos, shiny|100\/100\n|turn|12\n|l| GoDDanteX\n|\n|t:|1697934834\n|move|p1a: Chopper|Psyblade|p2a: Lightning Storm\u26c8\ufe0f\n|-damage|p2a: Lightning Storm\u26c8\ufe0f|60\/100\n|-damage|p1a: Chopper|84\/100|[from] item: Rocky Helmet|[of] p2a: Lightning Storm\u26c8\ufe0f\n|-status|p1a: Chopper|par|[from] ability: Static|[of] p2a: Lightning Storm\u26c8\ufe0f\n|move|p2a: Lightning Storm\u26c8\ufe0f|Thunderbolt|p1b: Gild Tesoro\n|-damage|p1b: Gild Tesoro|0 fnt\n|faint|p1b: Gild Tesoro\n|move|p2b: Princess\ud83d\udc78|Ice Beam|p1a: Chopper\n|-supereffective|p1a: Chopper\n|-damage|p1a: Chopper|43\/100 par\n|\n|-damage|p2b: Princess\ud83d\udc78|50\/100 brn|[from] brn\n|upkeep\n|\n|t:|1697934849\n|switch|p1b: Bon Clay|Quaquaval, M|100\/100\n|turn|13\n|\n|t:|1697934866\n|move|p1b: Bon Clay|Close Combat|p2b: Princess\ud83d\udc78\n|-damage|p2b: Princess\ud83d\udc78|12\/100 brn\n|-unboost|p1b: Bon Clay|def|1\n|-unboost|p1b: Bon Clay|spd|1\n|move|p2a: Lightning Storm\u26c8\ufe0f|Thunderbolt|p1b: Bon Clay\n|-supereffective|p1b: Bon Clay\n|-damage|p1b: Bon Clay|0 fnt\n|faint|p1b: Bon Clay\n|move|p2b: Princess\ud83d\udc78|Recover|p2b: Princess\ud83d\udc78\n|-heal|p2b: Princess\ud83d\udc78|62\/100 brn\n|move|p1a: Chopper|Psyblade|p2a: Lightning Storm\u26c8\ufe0f\n|-damage|p2a: Lightning Storm\u26c8\ufe0f|24\/100\n|-damage|p1a: Chopper|27\/100 par|[from] item: Rocky Helmet|[of] p2a: Lightning Storm\u26c8\ufe0f\n|\n|-damage|p2b: Princess\ud83d\udc78|56\/100 brn|[from] brn\n|upkeep\n|turn|14\n|\n|t:|1697934888\n|move|p2a: Lightning Storm\u26c8\ufe0f|Thunderbolt|p1a: Chopper\n|-resisted|p1a: Chopper\n|-damage|p1a: Chopper|11\/100 par\n|move|p2b: Princess\ud83d\udc78|Ice Beam|p1a: Chopper\n|-supereffective|p1a: Chopper\n|-crit|p1a: Chopper\n|-damage|p1a: Chopper|0 fnt\n|faint|p1a: Chopper\n|-end|p1a: Chopper|Quark Drive|[silent]\n|\n|win|Telimonster0608\n|l| kagrin\n","uploadtime":1697934900,"views":20,"p1id":"riastylis","p2id":"telimonster0608","formatid":"gen9doublesou","rating":0,"private":0,"password":""}