{"id":"gen9doublesou-1972427944","p1":"nxst77","p2":"skrt1234567890","format":"[Gen 9] Doubles OU","log":"|j|\u2606nxst77\n|j|\u2606skrt1234567890\n|t:|1697841687\n|gametype|doubles\n|player|p1|nxst77|flannery|1174\n|player|p2|skrt1234567890|janitor|1147\n|teamsize|p1|6\n|teamsize|p2|6\n|gen|9\n|tier|[Gen 9] Doubles OU\n|rated|\n|rule|Species Clause: Limit one of each Pok\u00e9mon\n|rule|OHKO Clause: OHKO moves are banned\n|rule|Evasion Moves Clause: Evasion moves are banned\n|rule|Gravity Sleep Clause: The combination of sleep-inducing moves with imperfect accuracy and Gravity or Gigantamax Orbeetle are banned\n|rule|Endless Battle Clause: Forcing endless battles is banned\n|rule|HP Percentage Mod: HP is shown in percentages\n|clearpoke\n|poke|p1|Weezing, M|\n|poke|p1|Slaking, M|\n|poke|p1|Roaring Moon|\n|poke|p1|Crawdaunt, M|\n|poke|p1|Maushold-Four|\n|poke|p1|Vikavolt, F|\n|poke|p2|Torterra, M|\n|poke|p2|Pelipper, M|\n|poke|p2|Grimmsnarl, M|\n|poke|p2|Overqwil, F|\n|poke|p2|Zapdos|\n|poke|p2|Basculegion-F, F|\n|teampreview\n|inactive|Battle timer is ON: inactive players will automatically lose when time's up. (requested by skrt1234567890)\n|\n|t:|1697841700\n|start\n|switch|p1a: Weezing|Weezing, M|100\/100\n|switch|p1b: Roaring Moon|Roaring Moon|100\/100\n|switch|p2a: Pelipper|Pelipper, M|100\/100\n|switch|p2b: Gollum|Grimmsnarl, M|100\/100\n|-ability|p1a: Weezing|Neutralizing Gas\n|-enditem|p1b: Roaring Moon|Booster Energy\n|-activate|p1b: Roaring Moon|ability: Protosynthesis|[fromitem]\n|-start|p1b: Roaring Moon|protosynthesisspe\n|turn|1\n|\n|t:|1697841714\n|move|p1b: Roaring Moon|Tailwind|p1b: Roaring Moon\n|-sidestart|p1: nxst77|move: Tailwind\n|move|p1a: Weezing|Taunt|p2b: Gollum\n|-start|p2b: Gollum|move: Taunt\n|move|p2a: Pelipper|Tailwind|p2a: Pelipper\n|-sidestart|p2: skrt1234567890|move: Tailwind\n|cant|p2b: Gollum|move: Taunt|Reflect\n|\n|upkeep\n|turn|2\n|inactive|nxst77 has 120 seconds left.\n|\n|t:|1697841749\n|switch|p2b: Torterra|Torterra, M|100\/100\n|move|p1b: Roaring Moon|Breaking Swipe|p2a: Pelipper|[spread] p2a,p2b\n|-damage|p2a: Pelipper|81\/100\n|-damage|p2b: Torterra|81\/100\n|-unboost|p2a: Pelipper|atk|1\n|-unboost|p2b: Torterra|atk|1\n|-enditem|p2b: Torterra|White Herb\n|-clearnegativeboost|p2b: Torterra|[silent]\n|move|p1a: Weezing|Will-O-Wisp|p2b: Torterra|[miss]\n|-miss|p1a: Weezing|p2b: Torterra\n|move|p2a: Pelipper|U-turn|p1b: Roaring Moon\n|-supereffective|p1b: Roaring Moon\n|-damage|p1b: Roaring Moon|87\/100\n|inactive|skrt1234567890 has 120 seconds left.\n|\n|t:|1697841769\n|switch|p2a: Basculegion|Basculegion-F, F|100\/100|[from] U-turn\n|\n|upkeep\n|turn|3\n|\n|t:|1697841787\n|switch|p2b: Zapdos|Zapdos|100\/100\n|move|p1b: Roaring Moon|Breaking Swipe|p2a: Basculegion|[spread] p2a,p2b\n|-damage|p2a: Basculegion|76\/100\n|-damage|p2b: Zapdos|70\/100\n|-unboost|p2a: Basculegion|atk|1\n|-unboost|p2b: Zapdos|atk|1\n|move|p2a: Basculegion|Ice Beam|p1b: Roaring Moon\n|-supereffective|p1b: Roaring Moon\n|-damage|p1b: Roaring Moon|9\/100\n|move|p1a: Weezing|Will-O-Wisp|p2a: Basculegion\n|-status|p2a: Basculegion|brn\n|\n|-damage|p2a: Basculegion|70\/100 brn|[from] brn\n|upkeep\n|turn|4\n|\n|t:|1697841808\n|-end|p1a: Weezing|ability: Neutralizing Gas\n|switch|p1a: Vikavolt|Vikavolt, F|100\/100\n|move|p1b: Roaring Moon|Protect|p1b: Roaring Moon\n|-singleturn|p1b: Roaring Moon|Protect\n|move|p2b: Zapdos|Volt Switch|p1a: Vikavolt\n|-resisted|p1a: Vikavolt\n|-damage|p1a: Vikavolt|61\/100\n|-damage|p2b: Zapdos|60\/100|[from] item: Life Orb\n|\n|t:|1697841819\n|switch|p2b: Pelipper|Pelipper, M|81\/100|[from] Volt Switch\n|-weather|RainDance|[from] ability: Drizzle|[of] p2b: Pelipper\n|move|p2a: Basculegion|Ice Beam|p1b: Roaring Moon\n|-activate|p1b: Roaring Moon|move: Protect\n|\n|-weather|RainDance|[upkeep]\n|-heal|p1a: Vikavolt|67\/100|[from] item: Leftovers\n|-damage|p2a: Basculegion|64\/100 brn|[from] brn\n|-sideend|p1: nxst77|move: Tailwind\n|-sideend|p2: skrt1234567890|move: Tailwind\n|upkeep\n|turn|5\n|\n|t:|1697841849\n|-terastallize|p1a: Vikavolt|Electric\n|move|p1b: Roaring Moon|Tailwind|p1b: Roaring Moon\n|-sidestart|p1: nxst77|move: Tailwind\n|move|p2a: Basculegion|Ice Beam|p1b: Roaring Moon\n|-supereffective|p1b: Roaring Moon\n|-damage|p1b: Roaring Moon|0 fnt\n|faint|p1b: Roaring Moon\n|-end|p1b: Roaring Moon|Protosynthesis|[silent]\n|move|p1a: Vikavolt|Thunderbolt|p2b: Pelipper\n|-supereffective|p2b: Pelipper\n|-damage|p2b: Pelipper|0 fnt\n|faint|p2b: Pelipper\n|\n|-weather|RainDance|[upkeep]\n|-heal|p1a: Vikavolt|73\/100|[from] item: Leftovers\n|-damage|p2a: Basculegion|58\/100 brn|[from] brn\n|upkeep\n|inactive|skrt1234567890 has 120 seconds left.\n|\n|t:|1697841879\n|switch|p1b: Weezing|Weezing, M|100\/100\n|switch|p2b: Gollum|Grimmsnarl, M|100\/100\n|-ability|p1b: Weezing|Neutralizing Gas\n|turn|6\n|\n|t:|1697841899\n|move|p1a: Vikavolt|Thunderbolt|p2a: Basculegion\n|-supereffective|p2a: Basculegion\n|-damage|p2a: Basculegion|0 fnt\n|faint|p2a: Basculegion\n|move|p1b: Weezing|Taunt|p2b: Gollum\n|-start|p2b: Gollum|move: Taunt\n|cant|p2b: Gollum|move: Taunt|Light Screen\n|\n|-weather|RainDance|[upkeep]\n|-heal|p1a: Vikavolt|80\/100|[from] item: Leftovers\n|upkeep\n|-message|skrt1234567890 forfeited.\n|\n|win|nxst77\n|raw|nxst77's rating: 1174 &rarr; <strong>1197<\/strong><br \/>(+23 for winning)\n|raw|skrt1234567890's rating: 1147 &rarr; <strong>1124<\/strong><br \/>(-23 for losing)\n|l|\u2606skrt1234567890\n|c|\u2606nxst77|gg\n","uploadtime":1697841916,"views":15,"p1id":"nxst77","p2id":"skrt1234567890","formatid":"gen9doublesou","rating":1124,"private":0,"password":""}