{"id":"gen9doublesou-1995184275","p1":"bleahey","p2":"Hell.kid6","format":"[Gen 9] Doubles OU","log":"|j|\u2606bleahey\n|j|\u2606Hell.kid6\n|inactive|Battle timer is ON: inactive players will automatically lose when time's up.\n|t:|1700532030\n|gametype|doubles\n|player|p1|bleahey|brendan|\n|player|p2|Hell.kid6|schoolkid|\n|teamsize|p1|6\n|teamsize|p2|6\n|gen|9\n|tier|[Gen 9] Doubles OU\n|rated|Tournament battle\n|rule|Species Clause: Limit one of each Pok\u00e9mon\n|rule|OHKO Clause: OHKO moves are banned\n|rule|Evasion Moves Clause: Evasion moves are banned\n|rule|Gravity Sleep Clause: The combination of sleep-inducing moves with imperfect accuracy and Gravity or Gigantamax Orbeetle are banned\n|rule|Endless Battle Clause: Forcing endless battles is banned\n|rule|HP Percentage Mod: HP is shown in percentages\n|clearpoke\n|poke|p1|Ribombee, M|\n|poke|p1|Chien-Pao|\n|poke|p1|Iron Hands|\n|poke|p1|Dragapult, M|\n|poke|p1|Landorus, M|\n|poke|p1|Arcanine-Hisui, F|\n|poke|p2|Flutter Mane|\n|poke|p2|Ogerpon-Hearthflame, F|\n|poke|p2|Chien-Pao|\n|poke|p2|Roaring Moon|\n|poke|p2|Gholdengo|\n|poke|p2|Torkoal, F|\n|teampreview\n|j|*Lady Monita \u2746\n|inactive|bleahey also wants the timer to be on.\n|c|\u2606bleahey|glhf\n|c|\u2606Hell.kid6|glhf<3\n|\n|t:|1700532052\n|start\n|switch|p1a: Ribombee|Ribombee, M|100\/100\n|switch|p1b: Chien-Pao|Chien-Pao|100\/100\n|switch|p2a: Torkoal|Torkoal, F|100\/100\n|switch|p2b: Ogerpon|Ogerpon-Hearthflame, F|100\/100\n|-ability|p1b: Chien-Pao|Sword of Ruin\n|-ability|p2b: Ogerpon|Mold Breaker\n|-weather|SunnyDay|[from] ability: Drought|[of] p2a: Torkoal\n|turn|1\n|\n|t:|1700532066\n|switch|p1b: Arcanine|Arcanine-Hisui, F|100\/100\n|-ability|p1b: Arcanine|Intimidate|boost\n|-unboost|p2a: Torkoal|atk|1\n|-unboost|p2b: Ogerpon|atk|1\n|move|p1a: Ribombee|Sticky Web|p2b: Ogerpon\n|-sidestart|p2: Hell.kid6|move: Sticky Web\n|move|p2b: Ogerpon|Ivy Cudgel|p1a: Ribombee|[anim] Ivy Cudgel Fire\n|-supereffective|p1a: Ribombee\n|-enditem|p1a: Ribombee|Focus Sash\n|-damage|p1a: Ribombee|1\/100\n|move|p2a: Torkoal|Heat Wave|p1b: Arcanine|[spread] p1a,p1b\n|-supereffective|p1a: Ribombee\n|-resisted|p1b: Arcanine\n|-crit|p1b: Arcanine\n|-damage|p1a: Ribombee|0 fnt\n|-damage|p1b: Arcanine|84\/100\n|faint|p1a: Ribombee\n|\n|-weather|SunnyDay|[upkeep]\n|upkeep\n|\n|t:|1700532085\n|switch|p1a: Landorus|Landorus, M|100\/100\n|turn|2\n|\n|t:|1700532102\n|move|p2b: Ogerpon|Spiky Shield|p2b: Ogerpon\n|-singleturn|p2b: Ogerpon|move: Protect\n|move|p1a: Landorus|Sandsear Storm|p2a: Torkoal|[spread] \n|-activate|p2b: Ogerpon|move: Protect\n|-miss|p1a: Landorus|p2a: Torkoal\n|move|p1b: Arcanine|Rock Slide|p2b: Ogerpon|[spread] p2a\n|-activate|p2b: Ogerpon|move: Protect\n|-supereffective|p2a: Torkoal\n|-damage|p2a: Torkoal|38\/100\n|cant|p2a: Torkoal|flinch\n|\n|-weather|SunnyDay|[upkeep]\n|upkeep\n|turn|3\n|inactive|Hell.kid6 has 120 seconds left.\n|\n|t:|1700532147\n|move|p2b: Ogerpon|Ivy Cudgel|p1a: Landorus|[anim] Ivy Cudgel Fire\n|-damage|p1a: Landorus|33\/100\n|move|p1a: Landorus|Sandsear Storm|p2b: Ogerpon|[spread] p2a,p2b\n|-supereffective|p2a: Torkoal\n|-damage|p2a: Torkoal|0 fnt\n|-damage|p2b: Ogerpon|29\/100\n|faint|p2a: Torkoal\n|move|p1b: Arcanine|Rock Slide|p2b: Ogerpon\n|-supereffective|p2b: Ogerpon\n|-damage|p2b: Ogerpon|0 fnt\n|faint|p2b: Ogerpon\n|\n|-weather|SunnyDay|[upkeep]\n|upkeep\n|\n|t:|1700532157\n|switch|p2b: Roaring Moon|Roaring Moon|100\/100\n|switch|p2a: Chien-Pao|Chien-Pao|100\/100\n|-activate|p2b: Roaring Moon|move: Sticky Web\n|-unboost|p2b: Roaring Moon|spe|1\n|-activate|p2b: Roaring Moon|ability: Protosynthesis\n|-start|p2b: Roaring Moon|protosynthesisatk\n|-activate|p2a: Chien-Pao|move: Sticky Web\n|-unboost|p2a: Chien-Pao|spe|1\n|-ability|p2a: Chien-Pao|Sword of Ruin\n|turn|4\n|inactive|Hell.kid6 has 120 seconds left.\n|\n|t:|1700532171\n|-terastallize|p2a: Chien-Pao|Dark\n|move|p1a: Landorus|Sandsear Storm|p2b: Roaring Moon|[spread] p2a\n|-miss|p1a: Landorus|p2b: Roaring Moon\n|-damage|p2a: Chien-Pao|4\/100\n|move|p1b: Arcanine|Rock Slide|p2b: Roaring Moon|[spread] p2a,p2b\n|-damage|p2a: Chien-Pao|0 fnt\n|-damage|p2b: Roaring Moon|37\/100\n|faint|p2a: Chien-Pao\n|move|p2b: Roaring Moon|Crunch|p1a: Landorus\n|-damage|p1a: Landorus|0 fnt\n|faint|p1a: Landorus\n|\n|-weather|SunnyDay|[upkeep]\n|upkeep\n|\n|t:|1700532186\n|switch|p2a: Flutter Mane|Flutter Mane, shiny|100\/100\n|switch|p1a: Chien-Pao|Chien-Pao|100\/100\n|-activate|p2a: Flutter Mane|move: Sticky Web\n|-unboost|p2a: Flutter Mane|spe|1\n|-activate|p2a: Flutter Mane|ability: Protosynthesis\n|-start|p2a: Flutter Mane|protosynthesisspa\n|-ability|p1a: Chien-Pao|Sword of Ruin\n|turn|5\n|\n|t:|1700532198\n|-terastallize|p1a: Chien-Pao|Dark\n|move|p1a: Chien-Pao|Crunch|p2a: Flutter Mane\n|-damage|p2a: Flutter Mane|0 fnt\n|faint|p2a: Flutter Mane\n|-end|p2a: Flutter Mane|Protosynthesis|[silent]\n|move|p1b: Arcanine|Rock Slide|p2b: Roaring Moon\n|-damage|p2b: Roaring Moon|0 fnt\n|faint|p2b: Roaring Moon\n|-end|p2b: Roaring Moon|Protosynthesis|[silent]\n|\n|-weather|SunnyDay|[upkeep]\n|upkeep\n|\n|t:|1700532201\n|switch|p2a: Gholdengo|Gholdengo, shiny|100\/100\n|-activate|p2a: Gholdengo|move: Sticky Web\n|-unboost|p2a: Gholdengo|spe|1\n|turn|6\n|c|\u2606bleahey|gg\n|\n|t:|1700532215\n|switch|p1b: Iron Hands|Iron Hands|100\/100\n|move|p1a: Chien-Pao|Crunch|p2a: Gholdengo\n|-supereffective|p2a: Gholdengo\n|-damage|p2a: Gholdengo|0 fnt\n|faint|p2a: Gholdengo\n|\n|win|bleahey\n|n|\u2606bleahey|bleahey\n|n|\u2606Hell.kid6|hellkid6\n|n|*Lady Monita \u2746|ladymonita\n","uploadtime":1700532216,"views":3,"p1id":"bleahey","p2id":"hellkid6","formatid":"gen9doublesou","rating":0,"private":0,"password":""}