{"id":"gen9doublesou-1980945722","p1":"UY QUE RICO PAPI!","p2":"NegativeHolo","format":"[Gen 9] Doubles OU","log":"|j|\u2606UY QUE RICO PAPI!\n|j|\u2606NegativeHolo\n|t:|1698851239\n|gametype|doubles\n|player|p1|UY QUE RICO PAPI!|102|1377\n|player|p2|NegativeHolo|steven|1579\n|teamsize|p1|6\n|teamsize|p2|6\n|gen|9\n|tier|[Gen 9] Doubles OU\n|rated|\n|rule|Species Clause: Limit one of each Pok\u00e9mon\n|rule|OHKO Clause: OHKO moves are banned\n|rule|Evasion Moves Clause: Evasion moves are banned\n|rule|Gravity Sleep Clause: The combination of sleep-inducing moves with imperfect accuracy and Gravity or Gigantamax Orbeetle are banned\n|rule|Endless Battle Clause: Forcing endless battles is banned\n|rule|HP Percentage Mod: HP is shown in percentages\n|clearpoke\n|poke|p1|Trevenant, M|\n|poke|p1|Grimmsnarl, M|\n|poke|p1|Garganacl, F|\n|poke|p1|Ting-Lu|\n|poke|p1|Cresselia, F|\n|poke|p1|Glimmora, F|\n|poke|p2|Diancie|\n|poke|p2|Iron Hands|\n|poke|p2|Rillaboom, M|\n|poke|p2|Palafin, F|\n|poke|p2|Pelipper, M|\n|poke|p2|Cresselia, F|\n|teampreview\n|inactive|Battle timer is ON: inactive players will automatically lose when time's up. (requested by UY QUE RICO PAPI!)\n|inactive|NegativeHolo has 120 seconds left.\n|\n|t:|1698851298\n|start\n|switch|p1a: Grimmsnarl|Grimmsnarl, M|100\/100\n|switch|p1b: Ting-Lu|Ting-Lu|100\/100\n|switch|p2a: Diancie|Diancie|100\/100\n|switch|p2b: Palafin|Palafin, F|100\/100\n|-ability|p1b: Ting-Lu|Vessel of Ruin\n|turn|1\n|\n|t:|1698851329\n|detailschange|p2b: Palafin|Palafin-Hero, F\n|switch|p2b: Rillaboom|Rillaboom, M|100\/100\n|-fieldstart|move: Grassy Terrain|[from] ability: Grassy Surge|[of] p2b: Rillaboom\n|move|p2a: Diancie|Protect|p2a: Diancie\n|-singleturn|p2a: Diancie|Protect\n|move|p1a: Grimmsnarl|Light Screen|p1a: Grimmsnarl\n|-sidestart|p1: UY QUE RICO PAPI!|move: Light Screen\n|move|p1b: Ting-Lu|Spikes|p2a: Diancie\n|-sidestart|p2: NegativeHolo|Spikes\n|\n|upkeep\n|turn|2\n|\n|t:|1698851346\n|-terastallize|p2a: Diancie|Grass\n|move|p1b: Ting-Lu|Protect|p1b: Ting-Lu\n|-singleturn|p1b: Ting-Lu|Protect\n|move|p1a: Grimmsnarl|Reflect|p1a: Grimmsnarl\n|-sidestart|p1: UY QUE RICO PAPI!|Reflect\n|move|p2b: Rillaboom|Wood Hammer|p1b: Ting-Lu\n|-activate|p1b: Ting-Lu|move: Protect\n|move|p2a: Diancie|Trick Room|p2a: Diancie\n|-fieldstart|move: Trick Room|[of] p2a: Diancie\n|\n|upkeep\n|turn|3\n|\n|t:|1698851376\n|switch|p1b: Glimmora|Glimmora, F|100\/100\n|move|p1a: Grimmsnarl|Parting Shot|p2b: Rillaboom\n|-unboost|p2b: Rillaboom|atk|1\n|-unboost|p2b: Rillaboom|spa|1\n|\n|t:|1698851384\n|switch|p1a: Trevenant|Trevenant, M|100\/100|[from] Parting Shot\n|move|p2a: Diancie|Diamond Storm|p1b: Glimmora|[spread] p1a,p1b\n|-damage|p1a: Trevenant|84\/100\n|-damage|p1b: Glimmora|86\/100\n|-activate|p1b: Glimmora|ability: Toxic Debris\n|-sidestart|p2: NegativeHolo|move: Toxic Spikes\n|move|p2b: Rillaboom|Wood Hammer|p1b: Glimmora\n|-damage|p1b: Glimmora|57\/100\n|-activate|p1b: Glimmora|ability: Toxic Debris\n|-sidestart|p2: NegativeHolo|move: Toxic Spikes\n|-damage|p2b: Rillaboom|90\/100|[from] Recoil\n|\n|-heal|p1a: Trevenant|91\/100|[from] Grassy Terrain\n|-heal|p1b: Glimmora|63\/100|[from] Grassy Terrain\n|-heal|p1b: Glimmora|70\/100|[from] item: Leftovers\n|-heal|p2b: Rillaboom|96\/100|[from] Grassy Terrain\n|upkeep\n|turn|4\n|inactive|UY QUE RICO PAPI! has 120 seconds left.\n|\n|t:|1698851414\n|switch|p2b: Pelipper|Pelipper, M|100\/100\n|-weather|RainDance|[from] ability: Drizzle|[of] p2b: Pelipper\n|move|p1a: Trevenant|Protect|p1a: Trevenant\n|-singleturn|p1a: Trevenant|Protect\n|move|p2a: Diancie|Diamond Storm|p1a: Trevenant|[spread] p1b\n|-activate|p1a: Trevenant|move: Protect\n|-damage|p1b: Glimmora|54\/100\n|-boost|p2a: Diancie|def|2\n|move|p1b: Glimmora|Stealth Rock|p2a: Diancie\n|-sidestart|p2: NegativeHolo|move: Stealth Rock\n|\n|-weather|RainDance|[upkeep]\n|-heal|p1a: Trevenant|97\/100|[from] Grassy Terrain\n|-heal|p1b: Glimmora|60\/100|[from] Grassy Terrain\n|-heal|p1b: Glimmora|66\/100|[from] item: Leftovers\n|upkeep\n|turn|5\n|\n|t:|1698851437\n|switch|p1a: Cresselia|Cresselia, F|100\/100\n|move|p1b: Glimmora|Spiky Shield|p1b: Glimmora\n|-singleturn|p1b: Glimmora|move: Protect\n|move|p2a: Diancie|Diamond Storm|p1b: Glimmora|[spread] p1a\n|-activate|p1b: Glimmora|move: Protect\n|-damage|p1a: Cresselia|89\/100\n|-boost|p2a: Diancie|def|2\n|move|p2b: Pelipper|Hydro Pump|p1b: Glimmora\n|-activate|p1b: Glimmora|move: Protect\n|\n|-weather|RainDance|[upkeep]\n|-heal|p1b: Glimmora|72\/100|[from] Grassy Terrain\n|-heal|p1b: Glimmora|79\/100|[from] item: Leftovers\n|-fieldend|move: Grassy Terrain\n|upkeep\n|turn|6\n|\n|t:|1698851460\n|move|p1a: Cresselia|Ally Switch|p1a: Cresselia\n|swap|p1a: Cresselia|1|[from] move: Ally Switch\n|move|p2a: Diancie|Diamond Storm|p1a: Glimmora|[spread] p1a,p1b\n|-damage|p1a: Glimmora|64\/100\n|-damage|p1b: Cresselia|78\/100\n|-boost|p2a: Diancie|def|2\n|move|p2b: Pelipper|Hydro Pump|p1b: Cresselia\n|-damage|p1b: Cresselia|47\/100\n|move|p1a: Glimmora|Mortal Spin|p2b: Pelipper|[spread] p2a,p2b\n|-supereffective|p2a: Diancie\n|-damage|p2a: Diancie|99\/100\n|-damage|p2b: Pelipper|96\/100\n|-status|p2a: Diancie|psn\n|-status|p2b: Pelipper|psn\n|\n|-weather|RainDance|[upkeep]\n|-heal|p1a: Glimmora|70\/100|[from] item: Leftovers\n|-damage|p2a: Diancie|86\/100 psn|[from] psn\n|-damage|p2b: Pelipper|84\/100 psn|[from] psn\n|-fieldend|move: Trick Room\n|upkeep\n|turn|7\n|\n|t:|1698851484\n|switch|p2b: Cresselia|Cresselia, F|100\/100\n|-damage|p2b: Cresselia|88\/100|[from] Stealth Rock\n|move|p1a: Glimmora|Spiky Shield|p1a: Glimmora\n|-singleturn|p1a: Glimmora|move: Protect\n|move|p1b: Cresselia|Sunny Day|p1b: Cresselia\n|-weather|SunnyDay\n|move|p2a: Diancie|Body Press|p1a: Glimmora\n|-activate|p1a: Glimmora|move: Protect\n|-damage|p2a: Diancie|74\/100 psn|[from] Spiky Shield|[of] p1a: Glimmora\n|\n|-weather|SunnyDay|[upkeep]\n|-heal|p1a: Glimmora|76\/100|[from] item: Leftovers\n|-damage|p2a: Diancie|61\/100 psn|[from] psn\n|upkeep\n|turn|8\n|\n|t:|1698851507\n|switch|p1a: Trevenant|Trevenant, M|97\/100\n|move|p2a: Diancie|Protect|p2a: Diancie\n|-singleturn|p2a: Diancie|Protect\n|move|p1b: Cresselia|Lunar Blessing|p1b: Cresselia|[spread] p1a,p1b\n|-heal|p1a: Trevenant|100\/100\n|-heal|p1b: Cresselia|72\/100\n|move|p2b: Cresselia|Lunar Blessing|p2b: Cresselia|[spread] p2a,p2b\n|-heal|p2a: Diancie|86\/100 psn\n|-curestatus|p2a: Diancie|psn|[msg]\n|-heal|p2b: Cresselia|100\/100\n|\n|-weather|SunnyDay|[upkeep]\n|-sideend|p1: UY QUE RICO PAPI!|move: Light Screen\n|upkeep\n|turn|9\n|\n|t:|1698851533\n|switch|p1b: Ting-Lu|Ting-Lu|100\/100\n|-ability|p1b: Ting-Lu|Vessel of Ruin\n|move|p2b: Cresselia|Calm Mind|p2b: Cresselia\n|-boost|p2b: Cresselia|spa|1\n|-boost|p2b: Cresselia|spd|1\n|move|p1a: Trevenant|Curse|p2a: Diancie\n|-start|p2a: Diancie|Curse|[of] p1a: Trevenant\n|-damage|p1a: Trevenant|50\/100\n|-enditem|p1a: Trevenant|Sitrus Berry|[eat]\n|-heal|p1a: Trevenant|75\/100|[from] item: Sitrus Berry\n|move|p2a: Diancie|Body Press|p1b: Ting-Lu\n|-supereffective|p1b: Ting-Lu\n|-damage|p1b: Ting-Lu|38\/100\n|\n|-weather|SunnyDay|[upkeep]\n|-heal|p1b: Ting-Lu|44\/100|[from] item: Leftovers\n|-damage|p2a: Diancie|61\/100|[from] Curse\n|-sideend|p1: UY QUE RICO PAPI!|Reflect\n|-item|p1a: Trevenant|Sitrus Berry|[from] ability: Harvest\n|upkeep\n|turn|10\n|\n|t:|1698851558\n|move|p1b: Ting-Lu|Protect|p1b: Ting-Lu\n|-singleturn|p1b: Ting-Lu|Protect\n|move|p2b: Cresselia|Calm Mind|p2b: Cresselia\n|-boost|p2b: Cresselia|spa|1\n|-boost|p2b: Cresselia|spd|1\n|move|p1a: Trevenant|Substitute|p1a: Trevenant\n|-start|p1a: Trevenant|Substitute\n|-damage|p1a: Trevenant|50\/100\n|-enditem|p1a: Trevenant|Sitrus Berry|[eat]\n|-heal|p1a: Trevenant|75\/100|[from] item: Sitrus Berry\n|move|p2a: Diancie|Body Press|p1b: Ting-Lu\n|-activate|p1b: Ting-Lu|move: Protect\n|\n|-weather|SunnyDay|[upkeep]\n|-heal|p1b: Ting-Lu|50\/100|[from] item: Leftovers\n|-damage|p2a: Diancie|36\/100|[from] Curse\n|-item|p1a: Trevenant|Sitrus Berry|[from] ability: Harvest\n|upkeep\n|turn|11\n|\n|t:|1698851579\n|switch|p1b: Cresselia|Cresselia, F|72\/100\n|move|p2b: Cresselia|Lunar Blessing|p2b: Cresselia|[spread] p2a,p2b\n|-heal|p2a: Diancie|61\/100\n|move|p1a: Trevenant|Leech Seed|p2b: Cresselia\n|-start|p2b: Cresselia|move: Leech Seed\n|move|p2a: Diancie|Body Press|p1b: Cresselia\n|-resisted|p1b: Cresselia\n|-damage|p1b: Cresselia|42\/100\n|\n|-weather|none\n|-damage|p2b: Cresselia|88\/100|[from] Leech Seed|[of] p1a: Trevenant\n|-heal|p1a: Trevenant|90\/100|[silent]\n|-damage|p2a: Diancie|36\/100|[from] Curse\n|upkeep\n|turn|12\n|\n|t:|1698851606\n|move|p1b: Cresselia|Ally Switch|p1b: Cresselia\n|swap|p1b: Cresselia|0|[from] move: Ally Switch\n|move|p2b: Cresselia|Lunar Blessing|p2b: Cresselia|[spread] p2a,p2b\n|-heal|p2a: Diancie|61\/100\n|-heal|p2b: Cresselia|100\/100\n|move|p1b: Trevenant|Curse|p2b: Cresselia\n|-start|p2b: Cresselia|Curse|[of] p1b: Trevenant\n|-damage|p1b: Trevenant|40\/100\n|-enditem|p1b: Trevenant|Sitrus Berry|[eat]\n|-heal|p1b: Trevenant|65\/100|[from] item: Sitrus Berry\n|move|p2a: Diancie|Trick Room|p2a: Diancie\n|-fieldstart|move: Trick Room|[of] p2a: Diancie\n|\n|-damage|p2b: Cresselia|88\/100|[from] Leech Seed|[of] p1a: Cresselia\n|-heal|p1a: Cresselia|55\/100|[silent]\n|-damage|p2a: Diancie|36\/100|[from] Curse\n|-damage|p2b: Cresselia|63\/100|[from] Curse\n|-item|p1b: Trevenant|Sitrus Berry|[from] ability: Harvest\n|upkeep\n|turn|13\n|\n|t:|1698851631\n|move|p1b: Trevenant|Protect|p1b: Trevenant\n|-singleturn|p1b: Trevenant|Protect\n|move|p2a: Diancie|Diamond Storm|p1b: Trevenant|[spread] \n|-activate|p1b: Trevenant|move: Protect\n|-miss|p2a: Diancie|p1a: Cresselia\n|move|p2b: Cresselia|Ice Beam|p1b: Trevenant\n|-activate|p1b: Trevenant|move: Protect\n|move|p1a: Cresselia|Lunar Blessing||[still]|[spread] p1a,p1b\n|-fail|p1a: Cresselia\n|-heal|p1a: Cresselia|80\/100\n|\n|-damage|p2b: Cresselia|51\/100|[from] Leech Seed|[of] p1a: Cresselia\n|-heal|p1a: Cresselia|92\/100|[silent]\n|-damage|p2a: Diancie|11\/100|[from] Curse\n|-damage|p2b: Cresselia|26\/100|[from] Curse\n|upkeep\n|turn|14\n|\n|t:|1698851660\n|move|p2a: Diancie|Diamond Storm|p1b: Trevenant|[spread] p1a,p1b\n|-end|p1b: Trevenant|Substitute\n|-damage|p1a: Cresselia|74\/100\n|move|p1b: Trevenant|Substitute|p1b: Trevenant\n|-start|p1b: Trevenant|Substitute\n|-damage|p1b: Trevenant|40\/100\n|-enditem|p1b: Trevenant|Sitrus Berry|[eat]\n|-heal|p1b: Trevenant|65\/100|[from] item: Sitrus Berry\n|move|p2b: Cresselia|Ice Beam|p1b: Trevenant\n|-supereffective|p1b: Trevenant\n|-end|p1b: Trevenant|Substitute\n|move|p1a: Cresselia|Sunny Day|p1a: Cresselia\n|-weather|SunnyDay\n|\n|-weather|SunnyDay|[upkeep]\n|-damage|p2b: Cresselia|13\/100|[from] Leech Seed|[of] p1a: Cresselia\n|-heal|p1a: Cresselia|87\/100|[silent]\n|-damage|p2a: Diancie|0 fnt|[from] Curse\n|faint|p2a: Diancie\n|-damage|p2b: Cresselia|0 fnt|[from] Curse\n|faint|p2b: Cresselia\n|-item|p1b: Trevenant|Sitrus Berry|[from] ability: Harvest\n|upkeep\n|inactive|NegativeHolo has 120 seconds left.\n|\n|t:|1698851690\n|switch|p2a: Pelipper|Pelipper, M|84\/100 psn\n|switch|p2b: Iron Hands|Iron Hands|100\/100\n|-weather|RainDance|[from] ability: Drizzle|[of] p2a: Pelipper\n|-damage|p2b: Iron Hands|88\/100|[from] Spikes\n|-status|p2b: Iron Hands|tox\n|-damage|p2b: Iron Hands|82\/100 tox|[from] Stealth Rock\n|turn|15\n|\n|t:|1698851704\n|move|p1b: Trevenant|Protect|p1b: Trevenant\n|-singleturn|p1b: Trevenant|Protect\n|move|p2a: Pelipper|Hurricane|p1b: Trevenant\n|-activate|p1b: Trevenant|move: Protect\n|move|p2b: Iron Hands|Swords Dance|p2b: Iron Hands\n|-boost|p2b: Iron Hands|atk|2\n|move|p1a: Cresselia|Sunny Day|p1a: Cresselia\n|-weather|SunnyDay\n|\n|-weather|SunnyDay|[upkeep]\n|-damage|p2a: Pelipper|72\/100 psn|[from] psn\n|-damage|p2b: Iron Hands|76\/100 tox|[from] psn\n|upkeep\n|turn|16\n|\n|t:|1698851724\n|switch|p1b: Garganacl|Garganacl, F|100\/100\n|move|p1a: Cresselia|Ally Switch|p1a: Cresselia\n|swap|p1a: Cresselia|1|[from] move: Ally Switch\n|move|p2a: Pelipper|Hurricane|p1b: Cresselia|[miss]\n|-miss|p2a: Pelipper|p1b: Cresselia\n|move|p2b: Iron Hands|Wild Charge|p1b: Cresselia\n|-damage|p1b: Cresselia|26\/100\n|-damage|p2b: Iron Hands|61\/100 tox|[from] Recoil\n|\n|-weather|SunnyDay|[upkeep]\n|-damage|p2a: Pelipper|59\/100 psn|[from] psn\n|-damage|p2b: Iron Hands|48\/100 tox|[from] psn\n|-fieldend|move: Trick Room\n|upkeep\n|turn|17\n|\n|t:|1698851744\n|-terastallize|p1a: Garganacl|Ghost\n|move|p1b: Cresselia|Lunar Blessing|p1b: Cresselia|[spread] p1a,p1b\n|-heal|p1b: Cresselia|51\/100\n|move|p2b: Iron Hands|Drain Punch|p1a: Garganacl\n|-immune|p1a: Garganacl\n|move|p2a: Pelipper|Hurricane|p1b: Cresselia\n|-damage|p1b: Cresselia|16\/100\n|move|p1a: Garganacl|Salt Cure|p2a: Pelipper\n|-supereffective|p2a: Pelipper\n|-damage|p2a: Pelipper|29\/100 psn\n|-start|p2a: Pelipper|Salt Cure\n|\n|-weather|SunnyDay|[upkeep]\n|-damage|p2b: Iron Hands|29\/100 tox|[from] psn\n|-damage|p2a: Pelipper|17\/100 psn|[from] psn\n|-damage|p2a: Pelipper|0 fnt|[from] Salt Cure\n|faint|p2a: Pelipper\n|upkeep\n|\n|t:|1698851761\n|switch|p2a: Palafin|Palafin-Hero, F|100\/100\n|-damage|p2a: Palafin|88\/100|[from] Spikes\n|-status|p2a: Palafin|tox\n|-damage|p2a: Palafin|76\/100 tox|[from] Stealth Rock\n|-activate|p2a: Palafin|ability: Zero to Hero\n|turn|18\n|\n|t:|1698851774\n|move|p1a: Garganacl|Protect|p1a: Garganacl\n|-singleturn|p1a: Garganacl|Protect\n|move|p2a: Palafin|Bulk Up|p2a: Palafin\n|-boost|p2a: Palafin|atk|1\n|-boost|p2a: Palafin|def|1\n|move|p1b: Cresselia|Lunar Blessing|p1b: Cresselia|[spread] p1a,p1b\n|-heal|p1b: Cresselia|41\/100\n|move|p2b: Iron Hands|Wild Charge|p1b: Cresselia\n|-damage|p1b: Cresselia|0 fnt\n|faint|p1b: Cresselia\n|-damage|p2b: Iron Hands|19\/100 tox|[from] Recoil\n|\n|-weather|SunnyDay|[upkeep]\n|-heal|p2a: Palafin|82\/100 tox|[from] item: Leftovers\n|-damage|p2a: Palafin|76\/100 tox|[from] psn\n|-damage|p2b: Iron Hands|0 fnt|[from] psn\n|faint|p2b: Iron Hands\n|-end|p2b: Iron Hands|Quark Drive|[silent]\n|upkeep\n|\n|t:|1698851792\n|switch|p1b: Grimmsnarl|Grimmsnarl, M|100\/100\n|switch|p2b: Rillaboom|Rillaboom, M|96\/100\n|-damage|p2b: Rillaboom|84\/100|[from] Spikes\n|-status|p2b: Rillaboom|tox\n|-damage|p2b: Rillaboom|72\/100 tox|[from] Stealth Rock\n|-fieldstart|move: Grassy Terrain|[from] ability: Grassy Surge|[of] p2b: Rillaboom\n|turn|19\n|\n|t:|1698851806\n|move|p1b: Grimmsnarl|Reflect|p1b: Grimmsnarl\n|-sidestart|p1: UY QUE RICO PAPI!|Reflect\n|move|p2b: Rillaboom|Wood Hammer|p1b: Grimmsnarl\n|-damage|p1b: Grimmsnarl|54\/100\n|-damage|p2b: Rillaboom|54\/100 tox|[from] Recoil\n|move|p2a: Palafin|Drain Punch|p1b: Grimmsnarl\n|-damage|p1b: Grimmsnarl|31\/100\n|-heal|p2a: Palafin|87\/100 tox|[from] drain|[of] p1b: Grimmsnarl\n|move|p1a: Garganacl|Salt Cure|p2a: Palafin\n|-damage|p2a: Palafin|80\/100 tox\n|-start|p2a: Palafin|Salt Cure\n|\n|-weather|none\n|-heal|p2b: Rillaboom|60\/100 tox|[from] Grassy Terrain\n|-heal|p2a: Palafin|86\/100 tox|[from] Grassy Terrain\n|-heal|p2a: Palafin|93\/100 tox|[from] item: Leftovers\n|-heal|p1b: Grimmsnarl|37\/100|[from] Grassy Terrain\n|-damage|p2b: Rillaboom|54\/100 tox|[from] psn\n|-damage|p2a: Palafin|80\/100 tox|[from] psn\n|-damage|p2a: Palafin|55\/100 tox|[from] Salt Cure\n|upkeep\n|turn|20\n|c|\u2606NegativeHolo|gg\n|c|\u2606UY QUE RICO PAPI!|GG\n|\n|t:|1698851833\n|move|p1a: Garganacl|Protect|p1a: Garganacl\n|-singleturn|p1a: Garganacl|Protect\n|move|p2b: Rillaboom|Grassy Glide|p1b: Grimmsnarl\n|-damage|p1b: Grimmsnarl|13\/100\n|move|p1b: Grimmsnarl|Parting Shot|p2a: Palafin\n|-unboost|p2a: Palafin|atk|1\n|-unboost|p2a: Palafin|spa|1\n|inactive|UY QUE RICO PAPI! has 120 seconds left.\n|\n|t:|1698851843\n|switch|p1b: Trevenant|Trevenant, M|65\/100|[from] Parting Shot\n|move|p2a: Palafin|Drain Punch|p1b: Trevenant\n|-immune|p1b: Trevenant\n|\n|-heal|p2b: Rillaboom|60\/100 tox|[from] Grassy Terrain\n|-heal|p2a: Palafin|61\/100 tox|[from] Grassy Terrain\n|-heal|p2a: Palafin|68\/100 tox|[from] item: Leftovers\n|-heal|p1b: Trevenant|71\/100|[from] Grassy Terrain\n|-damage|p2b: Rillaboom|48\/100 tox|[from] psn\n|-damage|p2a: Palafin|49\/100 tox|[from] psn\n|-damage|p2a: Palafin|24\/100 tox|[from] Salt Cure\n|upkeep\n|turn|21\n|-message|NegativeHolo forfeited.\n|\n|win|UY QUE RICO PAPI!\n|raw|UY QUE RICO PAPI!'s rating: 1377 &rarr; <strong>1407<\/strong><br \/>(+30 for winning)\n|raw|NegativeHolo's rating: 1579 &rarr; <strong>1549<\/strong><br \/>(-30 for losing)\n|l|\u2606NegativeHolo\n","uploadtime":1698851859,"views":27,"p1id":"uyquericopapi","p2id":"negativeholo","formatid":"gen9doublesou","rating":1407,"private":0,"password":""}