{"id":"gen9doublesou-1986786743","p1":"HanJan","p2":"GentlemanTorchick","format":"[Gen 9] Doubles OU","log":"|j|\u2606HanJan\n|j|\u2606GentlemanTorchick\n|t:|1699525113\n|gametype|doubles\n|player|p1|HanJan|janitor|1176\n|player|p2|GentlemanTorchick|1|1137\n|teamsize|p1|6\n|teamsize|p2|6\n|gen|9\n|tier|[Gen 9] Doubles OU\n|rated|\n|rule|Species Clause: Limit one of each Pok\u00e9mon\n|rule|OHKO Clause: OHKO moves are banned\n|rule|Evasion Moves Clause: Evasion moves are banned\n|rule|Gravity Sleep Clause: The combination of sleep-inducing moves with imperfect accuracy and Gravity or Gigantamax Orbeetle are banned\n|rule|Endless Battle Clause: Forcing endless battles is banned\n|rule|HP Percentage Mod: HP is shown in percentages\n|clearpoke\n|poke|p1|Dipplin, M|\n|poke|p1|Ninetales, M|\n|poke|p1|Sinistcha-Masterpiece|\n|poke|p1|Ursaluna-Bloodmoon, M|\n|poke|p1|Illumise, F|\n|poke|p1|Crawdaunt, F|\n|poke|p2|Brute Bonnet|\n|poke|p2|Torkoal, F|\n|poke|p2|Tornadus, M|\n|poke|p2|Slowbro, M|\n|poke|p2|Landorus-Therian, M|\n|poke|p2|Snorlax, F|\n|teampreview\n|\n|t:|1699525136\n|start\n|switch|p1a: Ninetales|Ninetales, M|100\/100\n|switch|p1b: Dipplin|Dipplin, M|100\/100\n|switch|p2a: Brute Bonnet|Brute Bonnet|100\/100\n|switch|p2b: Tornadus|Tornadus, M|100\/100\n|-weather|SunnyDay|[from] ability: Drought|[of] p1a: Ninetales\n|-activate|p2a: Brute Bonnet|ability: Protosynthesis\n|-start|p2a: Brute Bonnet|protosynthesisdef\n|-ability|p1b: Dipplin|Supersweet Syrup\n|-ability|p1b: Dipplin|Supersweet Syrup|boost\n|-unboost|p2a: Brute Bonnet|evasion|1\n|-unboost|p2b: Tornadus|evasion|1\n|turn|1\n|inactive|Battle timer is ON: inactive players will automatically lose when time's up. (requested by GentlemanTorchick)\n|\n|t:|1699525198\n|-terastallize|p1b: Dipplin|Fire\n|move|p2a: Brute Bonnet|Spore|p1a: Ninetales\n|-status|p1a: Ninetales|slp|[from] move: Spore\n|cant|p1a: Ninetales|slp\n|move|p2b: Tornadus|Bleakwind Storm|p1b: Dipplin|[spread] p1a\n|-miss|p2b: Tornadus|p1b: Dipplin\n|-damage|p1a: Ninetales|54\/100 slp\n|-unboost|p1a: Ninetales|spe|1\n|move|p1b: Dipplin|Growth|p1b: Dipplin\n|-boost|p1b: Dipplin|atk|2\n|-boost|p1b: Dipplin|spa|2\n|\n|-weather|SunnyDay|[upkeep]\n|upkeep\n|turn|2\n|inactive|GentlemanTorchick has 120 seconds left.\n|\n|t:|1699525234\n|move|p2a: Brute Bonnet|Spore|p1b: Dipplin\n|-status|p1b: Dipplin|slp|[from] move: Spore\n|move|p2b: Tornadus|Bleakwind Storm|p1b: Dipplin|[spread] p1a,p1b\n|-damage|p1a: Ninetales|3\/100 slp\n|-damage|p1b: Dipplin|67\/100 slp\n|cant|p1a: Ninetales|slp\n|cant|p1b: Dipplin|slp\n|\n|-weather|SunnyDay|[upkeep]\n|upkeep\n|turn|3\n|inactive|HanJan has 120 seconds left.\n|\n|t:|1699525285\n|-end|p2a: Brute Bonnet|Protosynthesis|[silent]\n|switch|p2a: Slowbro|Slowbro, M|100\/100\n|move|p2b: Tornadus|Bleakwind Storm|p1b: Dipplin|[spread] p1b\n|-miss|p2b: Tornadus|p1a: Ninetales\n|-damage|p1b: Dipplin|34\/100 slp\n|cant|p1a: Ninetales|slp\n|cant|p1b: Dipplin|slp\n|\n|-weather|SunnyDay|[upkeep]\n|upkeep\n|turn|4\n|inactive|HanJan has 120 seconds left.\n|\n|t:|1699525302\n|move|p2b: Tornadus|Bleakwind Storm|p1a: Ninetales|[spread] p1a\n|-miss|p2b: Tornadus|p1b: Dipplin\n|-damage|p1a: Ninetales|0 fnt\n|faint|p1a: Ninetales\n|cant|p1b: Dipplin|slp\n|move|p2a: Slowbro|Calm Mind|p2a: Slowbro\n|-boost|p2a: Slowbro|spa|1\n|-boost|p2a: Slowbro|spd|1\n|\n|-weather|SunnyDay|[upkeep]\n|upkeep\n|\n|t:|1699525312\n|switch|p1a: Sinistcha|Sinistcha-Masterpiece|100\/100\n|-heal|p1b: Dipplin|59\/100 slp|[from] ability: Hospitality|[of] p1a: Sinistcha\n|turn|5\n|\n|t:|1699525334\n|move|p2b: Tornadus|Bleakwind Storm|p1a: Sinistcha|[spread] p1a\n|-miss|p2b: Tornadus|p1b: Dipplin\n|-supereffective|p1a: Sinistcha\n|-damage|p1a: Sinistcha|2\/100\n|-unboost|p1a: Sinistcha|spe|1\n|move|p1a: Sinistcha|Matcha Gotcha|p2a: Slowbro|[spread] p2a,p2b\n|-supereffective|p2a: Slowbro\n|-resisted|p2b: Tornadus\n|-damage|p2a: Slowbro|59\/100\n|-heal|p1a: Sinistcha|22\/100|[from] drain|[of] p2a: Slowbro\n|-damage|p2b: Tornadus|83\/100\n|-heal|p1a: Sinistcha|29\/100|[from] drain|[of] p2b: Tornadus\n|-curestatus|p1b: Dipplin|slp|[msg]\n|move|p1b: Dipplin|Giga Drain|p2a: Slowbro\n|-supereffective|p2a: Slowbro\n|-damage|p2a: Slowbro|0 fnt\n|-heal|p1b: Dipplin|86\/100|[from] drain|[of] p2a: Slowbro\n|faint|p2a: Slowbro\n|\n|-weather|none\n|-heal|p1a: Sinistcha|35\/100|[from] item: Leftovers\n|upkeep\n|inactive|GentlemanTorchick has 120 seconds left.\n|\n|t:|1699525373\n|switch|p2a: Brute Bonnet|Brute Bonnet|100\/100\n|turn|6\n|inactive|GentlemanTorchick has 120 seconds left.\n|\n|t:|1699525383\n|move|p1a: Sinistcha|Rage Powder|p1a: Sinistcha\n|-singleturn|p1a: Sinistcha|move: Rage Powder\n|move|p2a: Brute Bonnet|Spore|p1b: Dipplin\n|-status|p1b: Dipplin|slp|[from] move: Spore\n|move|p2b: Tornadus|Bleakwind Storm|p1a: Sinistcha|[spread] p1a\n|-miss|p2b: Tornadus|p1b: Dipplin\n|-supereffective|p1a: Sinistcha\n|-damage|p1a: Sinistcha|0 fnt\n|faint|p1a: Sinistcha\n|cant|p1b: Dipplin|slp\n|\n|upkeep\n|\n|t:|1699525397\n|switch|p1a: Illumise|Illumise, F|100\/100\n|turn|7\n|\n|t:|1699525405\n|move|p2b: Tornadus|Tailwind|p2b: Tornadus\n|-sidestart|p2: GentlemanTorchick|move: Tailwind\n|move|p1a: Illumise|Light Screen|p1a: Illumise\n|-sidestart|p1: HanJan|move: Light Screen\n|move|p2a: Brute Bonnet|Spore|p1a: Illumise\n|-status|p1a: Illumise|slp|[from] move: Spore\n|-curestatus|p1b: Dipplin|slp|[msg]\n|move|p1b: Dipplin|Tera Blast|p2a: Brute Bonnet|[anim] Tera Blast Fire\n|-supereffective|p2a: Brute Bonnet\n|-damage|p2a: Brute Bonnet|8\/100\n|\n|upkeep\n|turn|8\n|\n|t:|1699525421\n|move|p2a: Brute Bonnet|Spore|p1b: Dipplin\n|-status|p1b: Dipplin|slp|[from] move: Spore\n|move|p2b: Tornadus|Bleakwind Storm|p1a: Illumise|[spread] p1a,p1b\n|-supereffective|p1a: Illumise\n|-damage|p1a: Illumise|52\/100 slp\n|-damage|p1b: Dipplin|64\/100 slp\n|-unboost|p1a: Illumise|spe|1\n|cant|p1a: Illumise|slp\n|cant|p1b: Dipplin|slp\n|\n|upkeep\n|turn|9\n|\n|t:|1699525438\n|-end|p2a: Brute Bonnet|Protosynthesis|[silent]\n|switch|p2a: Landorus|Landorus-Therian, M|100\/100\n|-ability|p2a: Landorus|Intimidate|boost\n|-unboost|p1a: Illumise|atk|1\n|-unboost|p1b: Dipplin|atk|1\n|move|p2b: Tornadus|Bleakwind Storm|p1a: Illumise|[spread] p1b\n|-miss|p2b: Tornadus|p1a: Illumise\n|-damage|p1b: Dipplin|44\/100 slp\n|cant|p1a: Illumise|slp\n|cant|p1b: Dipplin|slp\n|\n|upkeep\n|turn|10\n|\n|t:|1699525461\n|switch|p1a: Crawdaunt|Crawdaunt, F|100\/100\n|move|p2b: Tornadus|Knock Off|p1a: Crawdaunt\n|-resisted|p1a: Crawdaunt\n|-damage|p1a: Crawdaunt|88\/100\n|-enditem|p1a: Crawdaunt|Choice Band|[from] move: Knock Off|[of] p2b: Tornadus\n|move|p2a: Landorus|Rock Slide|p1b: Dipplin|[spread] p1b\n|-miss|p2a: Landorus|p1a: Crawdaunt\n|-supereffective|p1b: Dipplin\n|-damage|p1b: Dipplin|19\/100 slp\n|-damage|p2a: Landorus|91\/100|[from] item: Life Orb\n|cant|p1b: Dipplin|slp\n|\n|-sideend|p2: GentlemanTorchick|move: Tailwind\n|upkeep\n|turn|11\n|\n|t:|1699525481\n|move|p2b: Tornadus|Tailwind|p2b: Tornadus\n|-sidestart|p2: GentlemanTorchick|move: Tailwind\n|move|p1a: Crawdaunt|Aqua Jet|p2a: Landorus\n|-supereffective|p2a: Landorus\n|-damage|p2a: Landorus|36\/100\n|move|p2a: Landorus|Stomping Tantrum|p1a: Crawdaunt\n|-damage|p1a: Crawdaunt|20\/100\n|-damage|p2a: Landorus|26\/100|[from] item: Life Orb\n|-curestatus|p1b: Dipplin|slp|[msg]\n|move|p1b: Dipplin|Recover|p1b: Dipplin\n|-heal|p1b: Dipplin|69\/100\n|\n|upkeep\n|turn|12\n|\n|t:|1699525504\n|move|p1a: Crawdaunt|Aqua Jet|p2a: Landorus\n|-supereffective|p2a: Landorus\n|-damage|p2a: Landorus|0 fnt\n|faint|p2a: Landorus\n|move|p2b: Tornadus|Bleakwind Storm|p1a: Crawdaunt|[spread] p1a,p1b\n|-damage|p1a: Crawdaunt|0 fnt\n|-damage|p1b: Dipplin|49\/100\n|-unboost|p1b: Dipplin|spe|1\n|faint|p1a: Crawdaunt\n|move|p1b: Dipplin|Tera Blast|p2b: Tornadus|[anim] Tera Blast Fire\n|-damage|p2b: Tornadus|32\/100\n|\n|upkeep\n|\n|t:|1699525518\n|switch|p2a: Brute Bonnet|Brute Bonnet|8\/100\n|switch|p1a: Illumise|Illumise, F|52\/100 slp\n|turn|13\n|\n|t:|1699525526\n|move|p2a: Brute Bonnet|Spore|p1b: Dipplin\n|-status|p1b: Dipplin|slp|[from] move: Spore\n|move|p2b: Tornadus|Bleakwind Storm|p1a: Illumise|[spread] p1a,p1b\n|-supereffective|p1a: Illumise\n|-crit|p1b: Dipplin\n|-damage|p1a: Illumise|3\/100 slp\n|-damage|p1b: Dipplin|5\/100 slp\n|-unboost|p1a: Illumise|spe|1\n|-unboost|p1b: Dipplin|spe|1\n|cant|p1a: Illumise|slp\n|cant|p1b: Dipplin|slp\n|\n|upkeep\n|turn|14\n|c|\u2606HanJan|y dont spore never miss\n|\n|t:|1699525550\n|-end|p2a: Brute Bonnet|Protosynthesis|[silent]\n|switch|p2a: Snorlax|Snorlax, F|100\/100\n|move|p2b: Tornadus|Bleakwind Storm|p1b: Dipplin|[spread] p1a,p1b\n|-supereffective|p1a: Illumise\n|-damage|p1a: Illumise|0 fnt\n|-damage|p1b: Dipplin|0 fnt\n|faint|p1a: Illumise\n|faint|p1b: Dipplin\n|\n|-sideend|p1: HanJan|move: Light Screen\n|-sideend|p2: GentlemanTorchick|move: Tailwind\n|upkeep\n|\n|t:|1699525561\n|switch|p1b: Ursaluna|Ursaluna-Bloodmoon, M|100\/100\n|turn|15\n|\n|t:|1699525589\n|move|p2b: Tornadus|Bleakwind Storm|p1b: Ursaluna\n|-damage|p1b: Ursaluna|33\/100\n|move|p1b: Ursaluna|Hyper Voice|p2a: Snorlax|[spread] p2a,p2b\n|-damage|p2a: Snorlax|80\/100\n|-damage|p2b: Tornadus|0 fnt\n|faint|p2b: Tornadus\n|move|p2a: Snorlax|Belly Drum|p2a: Snorlax\n|-damage|p2a: Snorlax|30\/100\n|-setboost|p2a: Snorlax|atk|6|[from] move: Belly Drum\n|-enditem|p2a: Snorlax|Aguav Berry|[eat]\n|-heal|p2a: Snorlax|63\/100|[from] item: Aguav Berry\n|\n|upkeep\n|inactive|GentlemanTorchick has 120 seconds left.\n|\n|t:|1699525602\n|switch|p2b: Brute Bonnet|Brute Bonnet|8\/100\n|turn|16\n|\n|t:|1699525611\n|move|p2b: Brute Bonnet|Spore|p1b: Ursaluna\n|-status|p1b: Ursaluna|slp|[from] move: Spore\n|cant|p1b: Ursaluna|slp\n|move|p2a: Snorlax|Facade|p1b: Ursaluna\n|-damage|p1b: Ursaluna|0 fnt\n|faint|p1b: Ursaluna\n|\n|win|GentlemanTorchick\n|raw|HanJan's rating: 1176 &rarr; <strong>1148<\/strong><br \/>(-28 for losing)\n|raw|GentlemanTorchick's rating: 1137 &rarr; <strong>1165<\/strong><br \/>(+28 for winning)\n|l|\u2606HanJan\n","uploadtime":1699525625,"views":36,"p1id":"hanjan","p2id":"gentlemantorchick","formatid":"gen9doublesou","rating":1148,"private":0,"password":""}