{"id":"gen9doublesou-1994670243","p1":"JustRadAlex","p2":"anshul0729","format":"[Gen 9] Doubles OU","log":"|j|\u2606JustRadAlex\n|j|\u2606anshul0729\n|t:|1700478626\n|gametype|doubles\n|player|p1|JustRadAlex|juan|1352\n|player|p2|anshul0729|169|1249\n|teamsize|p1|6\n|teamsize|p2|6\n|gen|9\n|tier|[Gen 9] Doubles OU\n|rated|\n|rule|Species Clause: Limit one of each Pok\u00e9mon\n|rule|OHKO Clause: OHKO moves are banned\n|rule|Evasion Moves Clause: Evasion moves are banned\n|rule|Gravity Sleep Clause: The combination of sleep-inducing moves with imperfect accuracy and Gravity or Gigantamax Orbeetle are banned\n|rule|Endless Battle Clause: Forcing endless battles is banned\n|rule|HP Percentage Mod: HP is shown in percentages\n|clearpoke\n|poke|p1|Grimmsnarl, M|\n|poke|p1|Iron Hands|\n|poke|p1|Empoleon, M|\n|poke|p1|Landorus-Therian, M|\n|poke|p1|Cresselia, F|\n|poke|p1|Rillaboom, F|\n|poke|p2|Meowscarada, M|\n|poke|p2|Armarouge, M|\n|poke|p2|Indeedee-F, F|\n|poke|p2|Kingambit, F|\n|poke|p2|Tornadus, M|\n|poke|p2|Sneasler, F|\n|teampreview\n|\n|t:|1700478652\n|start\n|switch|p1a: Landorus|Landorus-Therian, M|100\/100\n|switch|p1b: Empoleon|Empoleon, M, shiny|100\/100\n|switch|p2a: Sneasler|Sneasler, F, shiny|100\/100\n|switch|p2b: Indeedee|Indeedee-F, F, shiny|100\/100\n|-ability|p1a: Landorus|Intimidate|boost\n|-unboost|p2a: Sneasler|atk|1\n|-unboost|p2b: Indeedee|atk|1\n|-fieldstart|move: Psychic Terrain|[from] ability: Psychic Surge|[of] p2b: Indeedee\n|-enditem|p2b: Indeedee|Psychic Seed\n|-boost|p2b: Indeedee|spd|1|[from] item: Psychic Seed\n|turn|1\n|\n|t:|1700478683\n|switch|p2a: Armarouge|Armarouge, M, shiny|100\/100\n|switch|p1b: Cresselia|Cresselia, F|100\/100\n|move|p2b: Indeedee|Protect|p2b: Indeedee\n|-singleturn|p2b: Indeedee|Protect\n|move|p1a: Landorus|Earthquake|p2b: Indeedee|[spread] p2a\n|-activate|p2b: Indeedee|move: Protect\n|-immune|p1b: Cresselia|[from] ability: Levitate\n|-supereffective|p2a: Armarouge\n|-damage|p2a: Armarouge|28\/100\n|\n|upkeep\n|turn|2\n|\n|t:|1700478703\n|move|p1a: Landorus|Earthquake|p2a: Armarouge|[spread] p2a,p2b\n|-immune|p1b: Cresselia|[from] ability: Levitate\n|-supereffective|p2a: Armarouge\n|-damage|p2a: Armarouge|0 fnt\n|-damage|p2b: Indeedee|41\/100\n|faint|p2a: Armarouge\n|move|p2b: Indeedee|Heal Pulse|p2: Armarouge|[notarget]\n|-fail|p2b: Indeedee\n|move|p1b: Cresselia|Calm Mind|p1b: Cresselia\n|-boost|p1b: Cresselia|spa|1\n|-boost|p1b: Cresselia|spd|1\n|\n|upkeep\n|\n|t:|1700478712\n|switch|p2a: Meowscarada|Meowscarada, M, shiny|100\/100\n|turn|3\n|\n|t:|1700478772\n|switch|p1a: Grimmsnarl|Grimmsnarl, M|100\/100\n|-terastallize|p1b: Cresselia|Fairy\n|move|p2b: Indeedee|Protect|p2b: Indeedee\n|-singleturn|p2b: Indeedee|Protect\n|move|p2a: Meowscarada|Skill Swap|p1b: Cresselia\n|-start|p2a: Meowscarada|typechange|Psychic|[from] ability: Protean\n|-activate|p2a: Meowscarada|move: Skill Swap|Levitate|Protean|[of] p1b: Cresselia\n|move|p1b: Cresselia|Moonblast|p2a: Meowscarada\n|-damage|p2a: Meowscarada|15\/100\n|-unboost|p2a: Meowscarada|spa|1\n|\n|upkeep\n|turn|4\n|\n|t:|1700478809\n|move|p2a: Meowscarada|Flower Trick|p1a: Grimmsnarl\n|-crit|p1a: Grimmsnarl\n|-damage|p1a: Grimmsnarl|60\/100\n|move|p2b: Indeedee|Psychic|p1b: Cresselia\n|-damage|p1b: Cresselia|84\/100\n|move|p1b: Cresselia|Moonblast|p2a: Meowscarada\n|-damage|p2a: Meowscarada|0 fnt\n|faint|p2a: Meowscarada\n|move|p1a: Grimmsnarl|Spirit Break|p2b: Indeedee\n|-damage|p2b: Indeedee|0 fnt\n|faint|p2b: Indeedee\n|\n|-heal|p1b: Cresselia|90\/100|[from] item: Leftovers\n|upkeep\n|\n|t:|1700478832\n|switch|p2a: Tornadus|Tornadus, M, shiny|100\/100\n|switch|p2b: Sneasler|Sneasler, F, shiny|100\/100\n|turn|5\n|\n|t:|1700478858\n|-terastallize|p2b: Sneasler|Dark\n|move|p2a: Tornadus|Tailwind|p2a: Tornadus\n|-sidestart|p2: anshul0729|move: Tailwind\n|move|p1a: Grimmsnarl|Parting Shot|p2b: Sneasler\n|-activate|p2b: Sneasler|move: Psychic Terrain\n|move|p2b: Sneasler|Dire Claw|p1b: Cresselia\n|-supereffective|p1b: Cresselia\n|-damage|p1b: Cresselia|23\/100\n|move|p1b: Cresselia|Moonblast|p2a: Tornadus\n|-damage|p2a: Tornadus|55\/100\n|-unboost|p2a: Tornadus|spa|1\n|\n|-heal|p1b: Cresselia|29\/100|[from] item: Leftovers\n|-fieldend|move: Psychic Terrain\n|upkeep\n|turn|6\n|\n|t:|1700478882\n|switch|p1b: Landorus|Landorus-Therian, M|100\/100\n|-ability|p1b: Landorus|Intimidate|boost\n|-unboost|p2a: Tornadus|atk|1\n|-unboost|p2b: Sneasler|atk|1\n|move|p1a: Grimmsnarl|Parting Shot|p2a: Tornadus\n|-unboost|p2a: Tornadus|atk|1\n|-unboost|p2a: Tornadus|spa|1\n|\n|t:|1700478890\n|switch|p1a: Iron Hands|Iron Hands|100\/100|[from] Parting Shot\n|move|p2b: Sneasler|Dire Claw|p1b: Landorus\n|-resisted|p1b: Landorus\n|-damage|p1b: Landorus|83\/100\n|move|p2a: Tornadus|U-turn|p1a: Iron Hands\n|-resisted|p1a: Iron Hands\n|-damage|p1a: Iron Hands|98\/100\n|\n|t:|1700478909\n|switch|p2a: Kingambit|Kingambit, F, shiny|100\/100|[from] U-turn\n|-activate|p2a: Kingambit|ability: Supreme Overlord\n|-start|p2a: Kingambit|fallen3|[silent]\n|\n|upkeep\n|turn|7\n|\n|t:|1700478928\n|move|p1a: Iron Hands|Fake Out|p2a: Kingambit\n|-resisted|p2a: Kingambit\n|-damage|p2a: Kingambit|95\/100\n|move|p2b: Sneasler|Fling|p1b: Landorus\n|-damage|p1b: Landorus|29\/100\n|-enditem|p2b: Sneasler|Big Nugget|[from] move: Fling\n|move|p1b: Landorus|U-turn|p2b: Sneasler\n|-supereffective|p2b: Sneasler\n|-damage|p2b: Sneasler|4\/100\n|\n|t:|1700478937\n|switch|p1b: Rillaboom|Rillaboom, F|100\/100|[from] U-turn\n|-fieldstart|move: Grassy Terrain|[from] ability: Grassy Surge|[of] p1b: Rillaboom\n|-enditem|p1b: Rillaboom|Grassy Seed\n|-boost|p1b: Rillaboom|def|1|[from] item: Grassy Seed\n|cant|p2a: Kingambit|flinch\n|\n|-heal|p2b: Sneasler|10\/100|[from] Grassy Terrain\n|-heal|p2a: Kingambit|100\/100|[from] Grassy Terrain\n|-heal|p1a: Iron Hands|100\/100|[from] Grassy Terrain\n|upkeep\n|turn|8\n|\n|t:|1700478976\n|move|p1b: Rillaboom|Grassy Glide|p2b: Sneasler\n|-damage|p2b: Sneasler|0 fnt\n|faint|p2b: Sneasler\n|move|p2a: Kingambit|Kowtow Cleave|p1b: Rillaboom\n|-damage|p1b: Rillaboom|33\/100\n|move|p1a: Iron Hands|Drain Punch|p2a: Kingambit\n|-supereffective|p2a: Kingambit\n|-damage|p2a: Kingambit|0 fnt\n|faint|p2a: Kingambit\n|-end|p2a: Kingambit|fallen3|[silent]\n|\n|-heal|p1b: Rillaboom|40\/100|[from] Grassy Terrain\n|-sideend|p2: anshul0729|move: Tailwind\n|upkeep\n|\n|t:|1700478982\n|switch|p2a: Tornadus|Tornadus, M, shiny|55\/100\n|turn|9\n|\n|t:|1700478990\n|switch|p1b: Empoleon|Empoleon, M, shiny|100\/100\n|move|p2a: Tornadus|Air Slash|p1b: Empoleon\n|-resisted|p1b: Empoleon\n|-damage|p1b: Empoleon|86\/100\n|move|p1a: Iron Hands|Wild Charge|p2a: Tornadus\n|-supereffective|p2a: Tornadus\n|-damage|p2a: Tornadus|0 fnt\n|faint|p2a: Tornadus\n|-damage|p1a: Iron Hands|91\/100|[from] Recoil\n|\n|win|JustRadAlex\n|raw|JustRadAlex's rating: 1352 &rarr; <strong>1366<\/strong><br \/>(+14 for winning)\n|raw|anshul0729's rating: 1249 &rarr; <strong>1231<\/strong><br \/>(-18 for losing)\n|c|\u2606JustRadAlex|Ggs\n","uploadtime":1700479006,"views":5,"p1id":"justradalex","p2id":"anshul0729","formatid":"gen9doublesou","rating":1231,"private":0,"password":""}