{"id":"gen9doublesou-1968124173","p1":"doufb howfalcons","p2":"LordSandaime","format":"[Gen 9] Doubles OU","log":"|html|<div class=\"broadcast-blue\"><strong>[Gen 9] Doubles OU is currently suspecting Basculegion & Flutter Mane! For information on how to participate check out the <a href=\"https:\/\/www.smogon.com\/forums\/threads\/np-sv-dou-stage-8-double-trouble.3729153\/\">suspect thread<\/a>.<\/strong><\/div>\n|j|\u2606doufb howfalcons\n|j|\u2606LordSandaime\n|t:|1697386742\n|gametype|doubles\n|player|p1|doufb howfalcons|clown|1588\n|player|p2|LordSandaime|alder|1621\n|teamsize|p1|6\n|teamsize|p2|6\n|gen|9\n|tier|[Gen 9] Doubles OU\n|rated|\n|rule|Species Clause: Limit one of each Pok\u00e9mon\n|rule|OHKO Clause: OHKO moves are banned\n|rule|Evasion Moves Clause: Evasion moves are banned\n|rule|Gravity Sleep Clause: The combination of sleep-inducing moves with imperfect accuracy and Gravity or Gigantamax Orbeetle are banned\n|rule|Endless Battle Clause: Forcing endless battles is banned\n|rule|HP Percentage Mod: HP is shown in percentages\n|clearpoke\n|poke|p1|Grimmsnarl, M|\n|poke|p1|Palafin, M|\n|poke|p1|Iron Hands|\n|poke|p1|Cresselia, F|\n|poke|p1|Rillaboom, F|\n|poke|p1|Heatran, M|\n|poke|p2|Tyranitar, M|\n|poke|p2|Sneasler, M|\n|poke|p2|Gholdengo|\n|poke|p2|Volcarona, M|\n|poke|p2|Farigiraf, M|\n|poke|p2|Azumarill, M|\n|teampreview\n|inactive|Battle timer is ON: inactive players will automatically lose when time's up. (requested by LordSandaime)\n|\n|t:|1697386753\n|start\n|switch|p1a: Billygoats Gruff|Grimmsnarl, M, shiny|100\/100\n|switch|p1b: Dolph Lundgren|Palafin, M|100\/100\n|switch|p2a: Sneasler|Sneasler, M|100\/100\n|switch|p2b: Farigiraf|Farigiraf, M|100\/100\n|turn|1\n|\n|t:|1697386763\n|detailschange|p1b: Dolph Lundgren|Palafin-Hero, M\n|switch|p1b: Duck and Cover|Cresselia, F|100\/100\n|move|p1a: Billygoats Gruff|Reflect|p1a: Billygoats Gruff\n|-sidestart|p1: doufb howfalcons|Reflect\n|move|p2a: Sneasler|Dire Claw|p1a: Billygoats Gruff\n|-supereffective|p1a: Billygoats Gruff\n|-damage|p1a: Billygoats Gruff|35\/100\n|move|p2b: Farigiraf|Dazzling Gleam|p1a: Billygoats Gruff|[spread] p1a,p1b\n|-supereffective|p1a: Billygoats Gruff\n|-damage|p1a: Billygoats Gruff|0 fnt\n|-damage|p1b: Duck and Cover|89\/100\n|faint|p1a: Billygoats Gruff\n|\n|upkeep\n|j| BreadTest\n|\n|t:|1697386782\n|switch|p1a: Sweet Science|Iron Hands|100\/100\n|turn|2\n|\n|t:|1697386793\n|move|p2a: Sneasler|Dire Claw|p1a: Sweet Science\n|-crit|p1a: Sweet Science\n|-damage|p1a: Sweet Science|54\/100\n|move|p2b: Farigiraf|Imprison|p2b: Farigiraf\n|-start|p2b: Farigiraf|move: Imprison\n|move|p1a: Sweet Science|Swords Dance|p1a: Sweet Science\n|-boost|p1a: Sweet Science|atk|2\n|cant|p1b: Duck and Cover|move: Imprison|Trick Room\n|\n|-heal|p1a: Sweet Science|61\/100|[from] item: Leftovers\n|upkeep\n|turn|3\n|\n|t:|1697386801\n|move|p2a: Sneasler|Dire Claw|p1a: Sweet Science\n|-crit|p1a: Sweet Science\n|-damage|p1a: Sweet Science|13\/100\n|move|p1b: Duck and Cover|Lunar Blessing|p1b: Duck and Cover|[spread] p1a,p1b\n|-heal|p1a: Sweet Science|37\/100\n|-heal|p1b: Duck and Cover|100\/100\n|move|p2b: Farigiraf|Psychic|p1a: Sweet Science\n|-supereffective|p1a: Sweet Science\n|-damage|p1a: Sweet Science|0 fnt\n|faint|p1a: Sweet Science\n|-end|p1a: Sweet Science|Quark Drive|[silent]\n|\n|upkeep\n|\n|t:|1697386809\n|switch|p1a: Dolph Lundgren|Palafin-Hero, M|100\/100\n|-activate|p1a: Dolph Lundgren|ability: Zero to Hero\n|turn|4\n|inactive|doufb howfalcons has 120 seconds left.\n|\n|t:|1697386848\n|switch|p1b: Froggetabout it|Heatran, M|100\/100\n|move|p2a: Sneasler|Dire Claw|p1a: Dolph Lundgren\n|-damage|p1a: Dolph Lundgren|75\/100\n|move|p1a: Dolph Lundgren|Bulk Up|p1a: Dolph Lundgren\n|-boost|p1a: Dolph Lundgren|atk|1\n|-boost|p1a: Dolph Lundgren|def|1\n|move|p2b: Farigiraf|Psychic|p1a: Dolph Lundgren\n|-damage|p1a: Dolph Lundgren|42\/100\n|\n|-heal|p1a: Dolph Lundgren|48\/100|[from] item: Leftovers\n|upkeep\n|turn|5\n|\n|t:|1697386860\n|move|p1a: Dolph Lundgren|Protect|p1a: Dolph Lundgren\n|-singleturn|p1a: Dolph Lundgren|Protect\n|move|p2a: Sneasler|Close Combat|p1a: Dolph Lundgren\n|-activate|p1a: Dolph Lundgren|move: Protect\n|move|p1b: Froggetabout it|Heat Wave|p2a: Sneasler|[spread] p2a,p2b\n|-damage|p2a: Sneasler|41\/100\n|-damage|p2b: Farigiraf|62\/100\n|move|p2b: Farigiraf|Psychic|p1b: Froggetabout it\n|-resisted|p1b: Froggetabout it\n|-damage|p1b: Froggetabout it|80\/100\n|-unboost|p1b: Froggetabout it|spd|1\n|\n|-heal|p1a: Dolph Lundgren|54\/100|[from] item: Leftovers\n|upkeep\n|turn|6\n|\n|t:|1697386881\n|switch|p1b: Duck and Cover|Cresselia, F|100\/100\n|move|p2a: Sneasler|Close Combat|p1a: Dolph Lundgren\n|-damage|p1a: Dolph Lundgren|27\/100\n|-unboost|p2a: Sneasler|def|1\n|-unboost|p2a: Sneasler|spd|1\n|-enditem|p2a: Sneasler|White Herb\n|-clearnegativeboost|p2a: Sneasler|[silent]\n|move|p1a: Dolph Lundgren|Drain Punch|p2b: Farigiraf\n|-damage|p2b: Farigiraf|22\/100\n|-heal|p1a: Dolph Lundgren|50\/100|[from] drain|[of] p2b: Farigiraf\n|-enditem|p2b: Farigiraf|Aguav Berry|[eat]\n|-heal|p2b: Farigiraf|55\/100|[from] item: Aguav Berry\n|move|p2b: Farigiraf|Psychic|p1a: Dolph Lundgren\n|-damage|p1a: Dolph Lundgren|16\/100\n|\n|-heal|p1a: Dolph Lundgren|22\/100|[from] item: Leftovers\n|upkeep\n|turn|7\n|\n|t:|1697386903\n|switch|p1b: Froggetabout it|Heatran, M|80\/100\n|move|p1a: Dolph Lundgren|Protect|p1a: Dolph Lundgren\n|-singleturn|p1a: Dolph Lundgren|Protect\n|move|p2a: Sneasler|Dire Claw|p1a: Dolph Lundgren\n|-activate|p1a: Dolph Lundgren|move: Protect\n|move|p2b: Farigiraf|Psychic|p1a: Dolph Lundgren\n|-activate|p1a: Dolph Lundgren|move: Protect\n|\n|-heal|p1a: Dolph Lundgren|28\/100|[from] item: Leftovers\n|upkeep\n|turn|8\n|\n|t:|1697386915\n|switch|p1a: Duck and Cover|Cresselia, F|100\/100\n|move|p2a: Sneasler|Dire Claw|p1a: Duck and Cover\n|-damage|p1a: Duck and Cover|83\/100\n|-status|p1a: Duck and Cover|psn\n|move|p1b: Froggetabout it|Heat Wave|p2a: Sneasler|[spread] p2a,p2b\n|-damage|p2a: Sneasler|0 fnt\n|-damage|p2b: Farigiraf|13\/100\n|faint|p2a: Sneasler\n|move|p2b: Farigiraf|Psychic|p1a: Duck and Cover\n|-resisted|p1a: Duck and Cover\n|-damage|p1a: Duck and Cover|70\/100 psn\n|\n|-damage|p1a: Duck and Cover|58\/100 psn|[from] psn\n|-sideend|p1: doufb howfalcons|Reflect\n|upkeep\n|c|\u2606doufb howfalcons|This set is honestly super heat\n|\n|t:|1697386931\n|switch|p2a: Tyranitar|Tyranitar, M|100\/100\n|-weather|Sandstorm|[from] ability: Sand Stream|[of] p2a: Tyranitar\n|turn|9\n|c|\u2606doufb howfalcons|I love it\n|\n|t:|1697386943\n|switch|p1a: Return to Monke|Rillaboom, F|100\/100\n|-fieldstart|move: Grassy Terrain|[from] ability: Grassy Surge|[of] p1a: Return to Monke\n|move|p2a: Tyranitar|Knock Off|p1b: Froggetabout it\n|-damage|p1b: Froggetabout it|34\/100\n|-enditem|p1b: Froggetabout it|Shuca Berry|[from] move: Knock Off|[of] p2a: Tyranitar\n|move|p1b: Froggetabout it|Stealth Rock|p2b: Farigiraf\n|-sidestart|p2: LordSandaime|move: Stealth Rock\n|move|p2b: Farigiraf|Psychic|p1b: Froggetabout it\n|-resisted|p1b: Froggetabout it\n|-damage|p1b: Froggetabout it|13\/100\n|\n|-weather|Sandstorm|[upkeep]\n|-damage|p1a: Return to Monke|94\/100|[from] Sandstorm\n|-damage|p2b: Farigiraf|7\/100|[from] Sandstorm\n|-heal|p1a: Return to Monke|100\/100|[from] Grassy Terrain\n|-heal|p1b: Froggetabout it|19\/100|[from] Grassy Terrain\n|-heal|p2b: Farigiraf|13\/100|[from] Grassy Terrain\n|upkeep\n|turn|10\n|l| BreadTest\n|\n|t:|1697386959\n|move|p2a: Tyranitar|Ice Punch|p1a: Return to Monke\n|-supereffective|p1a: Return to Monke\n|-damage|p1a: Return to Monke|49\/100\n|move|p1a: Return to Monke|Wood Hammer|p2a: Tyranitar\n|-supereffective|p2a: Tyranitar\n|-damage|p2a: Tyranitar|0 fnt\n|faint|p2a: Tyranitar\n|-damage|p1a: Return to Monke|21\/100|[from] Recoil\n|move|p1b: Froggetabout it|Heat Wave|p2b: Farigiraf\n|-damage|p2b: Farigiraf|0 fnt\n|faint|p2b: Farigiraf\n|\n|-weather|Sandstorm|[upkeep]\n|-damage|p1a: Return to Monke|14\/100|[from] Sandstorm\n|-heal|p1a: Return to Monke|21\/100|[from] Grassy Terrain\n|-heal|p1b: Froggetabout it|26\/100|[from] Grassy Terrain\n|upkeep\n|\n|t:|1697386967\n|switch|p2a: Gholdengo|Gholdengo|100\/100\n|switch|p2b: Azumarill|Azumarill, M|100\/100\n|-damage|p2a: Gholdengo|94\/100|[from] Stealth Rock\n|-damage|p2b: Azumarill|88\/100|[from] Stealth Rock\n|turn|11\n|\n|t:|1697386985\n|move|p2b: Azumarill|Protect|p2b: Azumarill\n|-singleturn|p2b: Azumarill|Protect\n|move|p2a: Gholdengo|Shadow Ball|p1a: Return to Monke\n|-damage|p1a: Return to Monke|0 fnt\n|faint|p1a: Return to Monke\n|move|p1b: Froggetabout it|Heat Wave|p2b: Azumarill|[spread] p2a\n|-activate|p2b: Azumarill|move: Protect\n|-supereffective|p2a: Gholdengo\n|-damage|p2a: Gholdengo|0 fnt\n|faint|p2a: Gholdengo\n|\n|-weather|Sandstorm|[upkeep]\n|-damage|p2b: Azumarill|82\/100|[from] Sandstorm\n|-heal|p1b: Froggetabout it|32\/100|[from] Grassy Terrain\n|-heal|p2b: Azumarill|88\/100|[from] Grassy Terrain\n|upkeep\n|\n|t:|1697386993\n|switch|p2a: Volcarona|Volcarona, M|100\/100\n|switch|p1a: Dolph Lundgren|Palafin-Hero, M|28\/100\n|turn|12\n|\n|t:|1697387003\n|-terastallize|p2a: Volcarona|Grass\n|-terastallize|p1b: Froggetabout it|Grass\n|move|p1a: Dolph Lundgren|Jet Punch|p2a: Volcarona\n|-resisted|p2a: Volcarona\n|-damage|p2a: Volcarona|76\/100\n|move|p2a: Volcarona|Giga Drain|p1a: Dolph Lundgren\n|-supereffective|p1a: Dolph Lundgren\n|-damage|p1a: Dolph Lundgren|0 fnt\n|-heal|p2a: Volcarona|94\/100|[from] drain|[of] p1a: Dolph Lundgren\n|faint|p1a: Dolph Lundgren\n|move|p1b: Froggetabout it|Tera Blast|p2b: Azumarill|[anim] Tera Blast Grass\n|-supereffective|p2b: Azumarill\n|-damage|p2b: Azumarill|0 fnt\n|faint|p2b: Azumarill\n|\n|-weather|Sandstorm|[upkeep]\n|-damage|p2a: Volcarona|88\/100|[from] Sandstorm\n|-damage|p1b: Froggetabout it|26\/100|[from] Sandstorm\n|-heal|p2a: Volcarona|94\/100|[from] Grassy Terrain\n|-heal|p1b: Froggetabout it|32\/100|[from] Grassy Terrain\n|upkeep\n|\n|t:|1697387012\n|switch|p1a: Duck and Cover|Cresselia, F|58\/100 psn\n|turn|13\n|\n|t:|1697387023\n|move|p2a: Volcarona|Giga Drain|p1b: Froggetabout it\n|-resisted|p1b: Froggetabout it\n|-damage|p1b: Froggetabout it|11\/100\n|-heal|p2a: Volcarona|100\/100|[from] drain|[of] p1b: Froggetabout it\n|move|p1a: Duck and Cover|Lunar Blessing|p1a: Duck and Cover|[spread] p1a,p1b\n|-heal|p1a: Duck and Cover|83\/100 psn\n|-curestatus|p1a: Duck and Cover|psn|[msg]\n|-heal|p1b: Froggetabout it|36\/100\n|move|p1b: Froggetabout it|Heat Wave|p2a: Volcarona\n|-supereffective|p2a: Volcarona\n|-damage|p2a: Volcarona|0 fnt\n|faint|p2a: Volcarona\n|\n|win|doufb howfalcons\n|raw|doufb howfalcons's rating: 1588 &rarr; <strong>1610<\/strong><br \/>(+22 for winning)\n|raw|LordSandaime's rating: 1621 &rarr; <strong>1599<\/strong><br \/>(-22 for losing)\n|l|\u2606LordSandaime\n|c|\u2606doufb howfalcons|GG\n|c|\u2606doufb howfalcons|Cool team\n","uploadtime":1697387040,"views":16,"p1id":"doufbhowfalcons","p2id":"lordsandaime","formatid":"gen9doublesou","rating":1599,"private":0,"password":""}