{"id":"gen9doublesou-1968861601","p1":"0r10n D","p2":"Phil's Gout","format":"[Gen 9] Doubles OU","log":"|j|\u26060r10n D\n|j|\u2606Phil's Gout\n|t:|1697470839\n|gametype|doubles\n|player|p1|0r10n D|clair|1118\n|player|p2|Phil's Gout|hiker-gen4|1000\n|teamsize|p1|6\n|teamsize|p2|6\n|gen|9\n|tier|[Gen 9] Doubles OU\n|rated|\n|rule|Species Clause: Limit one of each Pok\u00e9mon\n|rule|OHKO Clause: OHKO moves are banned\n|rule|Evasion Moves Clause: Evasion moves are banned\n|rule|Gravity Sleep Clause: The combination of sleep-inducing moves with imperfect accuracy and Gravity or Gigantamax Orbeetle are banned\n|rule|Endless Battle Clause: Forcing endless battles is banned\n|rule|HP Percentage Mod: HP is shown in percentages\n|clearpoke\n|poke|p1|Sinistcha-Masterpiece|\n|poke|p1|Indeedee-F, F|\n|poke|p1|Armarouge, M|\n|poke|p1|Kingambit, F|\n|poke|p1|Ampharos, M|\n|poke|p1|Ursaluna-Bloodmoon, M|\n|poke|p2|Ursaluna-Bloodmoon, M|\n|poke|p2|Kingambit, F|\n|poke|p2|Cresselia, F|\n|poke|p2|Chien-Pao|\n|poke|p2|Rillaboom, M|\n|poke|p2|Walking Wake|\n|teampreview\n|\n|t:|1697470875\n|start\n|switch|p1a: Sinistcha|Sinistcha-Masterpiece|100\/100\n|switch|p1b: Indeedee|Indeedee-F, F|100\/100\n|switch|p2a: Cresselia|Cresselia, F|100\/100\n|switch|p2b: Rillaboom|Rillaboom, M|100\/100\n|-fieldstart|move: Grassy Terrain|[from] ability: Grassy Surge|[of] p2b: Rillaboom\n|-fieldstart|move: Psychic Terrain|[from] ability: Psychic Surge|[of] p1b: Indeedee\n|-enditem|p1a: Sinistcha|Psychic Seed\n|-boost|p1a: Sinistcha|spd|1|[from] item: Psychic Seed\n|turn|1\n|\n|t:|1697470905\n|move|p2b: Rillaboom|Leech Seed|p1b: Indeedee\n|-start|p1b: Indeedee|move: Leech Seed\n|move|p1a: Sinistcha|Calm Mind|p1a: Sinistcha\n|-boost|p1a: Sinistcha|spa|1\n|-boost|p1a: Sinistcha|spd|1\n|move|p1b: Indeedee|Trick Room|p1b: Indeedee\n|-fieldstart|move: Trick Room|[of] p1b: Indeedee\n|move|p2a: Cresselia|Trick Room|p2a: Cresselia\n|-fieldend|move: Trick Room\n|\n|-damage|p1b: Indeedee|88\/100|[from] Leech Seed|[of] p2b: Rillaboom\n|upkeep\n|turn|2\n|c|\u26060r10n D|that works i suppose\n|\n|t:|1697470952\n|move|p2a: Cresselia|Ally Switch|p2a: Cresselia\n|swap|p2a: Cresselia|1|[from] move: Ally Switch\n|move|p2a: Rillaboom|Leech Seed|p1a: Sinistcha\n|-immune|p1a: Sinistcha\n|move|p1a: Sinistcha|Matcha Gotcha|p2b: Cresselia|[spread] p2a,p2b\n|-resisted|p2a: Rillaboom\n|-damage|p2a: Rillaboom|71\/100\n|-damage|p2b: Cresselia|74\/100\n|move|p1b: Indeedee|Trick Room|p1b: Indeedee\n|-fieldstart|move: Trick Room|[of] p1b: Indeedee\n|\n|-damage|p1b: Indeedee|75\/100|[from] Leech Seed|[of] p2b: Cresselia\n|-heal|p2b: Cresselia|84\/100|[silent]\n|upkeep\n|turn|3\n|c|\u2606Phil's Gout|lol i guess\n|\n|t:|1697471007\n|switch|p2a: Kingambit|Kingambit, F|100\/100\n|move|p1a: Sinistcha|Calm Mind|p1a: Sinistcha\n|-boost|p1a: Sinistcha|spa|1\n|-boost|p1a: Sinistcha|spd|1\n|move|p1b: Indeedee|Psychic|p2a: Kingambit\n|-immune|p2a: Kingambit\n|move|p2b: Cresselia|Trick Room|p2b: Cresselia\n|-fieldend|move: Trick Room\n|\n|-damage|p1b: Indeedee|63\/100|[from] Leech Seed|[of] p2b: Cresselia\n|-heal|p2b: Cresselia|93\/100|[silent]\n|upkeep\n|turn|4\n|\n|t:|1697471045\n|-terastallize|p1a: Sinistcha|Water\n|move|p2b: Cresselia|Dazzling Gleam|p1a: Sinistcha|[spread] p1a,p1b\n|-damage|p1a: Sinistcha|95\/100\n|-damage|p1b: Indeedee|52\/100\n|move|p2a: Kingambit|Kowtow Cleave|p1a: Sinistcha\n|-damage|p1a: Sinistcha|48\/100\n|-damage|p2a: Kingambit|91\/100|[from] item: Life Orb\n|move|p1a: Sinistcha|Scald|p2a: Kingambit\n|-damage|p2a: Kingambit|19\/100\n|move|p1b: Indeedee|Trick Room|p1b: Indeedee\n|-fieldstart|move: Trick Room|[of] p1b: Indeedee\n|\n|-damage|p1b: Indeedee|40\/100|[from] Leech Seed|[of] p2b: Cresselia\n|-heal|p2b: Cresselia|100\/100|[silent]\n|upkeep\n|turn|5\n|\n|t:|1697471078\n|move|p1b: Indeedee|Follow Me|p1b: Indeedee\n|-singleturn|p1b: Indeedee|move: Follow Me\n|move|p1a: Sinistcha|Matcha Gotcha|p2a: Kingambit|[spread] p2a,p2b\n|-resisted|p2a: Kingambit\n|-damage|p2a: Kingambit|0 fnt\n|-heal|p1a: Sinistcha|58\/100|[from] drain|[of] p2a: Kingambit\n|-damage|p2b: Cresselia|68\/100\n|-heal|p1a: Sinistcha|79\/100|[from] drain|[of] p2b: Cresselia\n|faint|p2a: Kingambit\n|-end|p2a: Kingambit|fallenundefined|[silent]\n|move|p2b: Cresselia|Trick Room|p2b: Cresselia\n|-fieldend|move: Trick Room\n|\n|-damage|p1b: Indeedee|27\/100|[from] Leech Seed|[of] p2b: Cresselia\n|-heal|p2b: Cresselia|78\/100|[silent]\n|upkeep\n|\n|t:|1697471090\n|switch|p2a: Rillaboom|Rillaboom, M|71\/100\n|-fieldstart|move: Grassy Terrain|[from] ability: Grassy Surge|[of] p2a: Rillaboom\n|turn|6\n|\n|t:|1697471119\n|move|p2a: Rillaboom|Grassy Glide|p1a: Sinistcha\n|-supereffective|p1a: Sinistcha\n|-damage|p1a: Sinistcha|25\/100\n|move|p2b: Cresselia|Lunar Blessing|p2b: Cresselia|[spread] p2a,p2b\n|-heal|p2a: Rillaboom|96\/100\n|-heal|p2b: Cresselia|100\/100\n|move|p1a: Sinistcha|Matcha Gotcha|p2b: Cresselia|[spread] p2a,p2b\n|-resisted|p2a: Rillaboom\n|-crit|p2b: Cresselia\n|-damage|p2a: Rillaboom|48\/100\n|-heal|p1a: Sinistcha|49\/100|[from] drain|[of] p2a: Rillaboom\n|-damage|p2b: Cresselia|35\/100\n|-heal|p1a: Sinistcha|91\/100|[from] drain|[of] p2b: Cresselia\n|-enditem|p2a: Rillaboom|Sitrus Berry|[eat]\n|-heal|p2a: Rillaboom|73\/100|[from] item: Sitrus Berry\n|move|p1b: Indeedee|Trick Room|p1b: Indeedee\n|-fieldstart|move: Trick Room|[of] p1b: Indeedee\n|\n|-heal|p1a: Sinistcha|97\/100|[from] Grassy Terrain\n|-heal|p1b: Indeedee|33\/100|[from] Grassy Terrain\n|-heal|p2a: Rillaboom|79\/100|[from] Grassy Terrain\n|-damage|p1b: Indeedee|21\/100|[from] Leech Seed|[of] p2b: Cresselia\n|-heal|p2b: Cresselia|44\/100|[silent]\n|upkeep\n|turn|7\n|\n|t:|1697471156\n|move|p2a: Rillaboom|Grassy Glide|p1a: Sinistcha\n|-supereffective|p1a: Sinistcha\n|-damage|p1a: Sinistcha|43\/100\n|move|p1a: Sinistcha|Matcha Gotcha|p2a: Rillaboom|[spread] p2b\n|-miss|p1a: Sinistcha|p2a: Rillaboom\n|-damage|p2b: Cresselia|3\/100\n|-heal|p1a: Sinistcha|70\/100|[from] drain|[of] p2b: Cresselia\n|move|p1b: Indeedee|Psychic|p2a: Rillaboom\n|-damage|p2a: Rillaboom|37\/100\n|move|p2b: Cresselia|Trick Room|p2b: Cresselia\n|-fieldend|move: Trick Room\n|\n|-heal|p2a: Rillaboom|44\/100|[from] Grassy Terrain\n|-heal|p1b: Indeedee|27\/100|[from] Grassy Terrain\n|-heal|p1a: Sinistcha|76\/100|[from] Grassy Terrain\n|-damage|p1b: Indeedee|14\/100|[from] Leech Seed|[of] p2b: Cresselia\n|-heal|p2b: Cresselia|13\/100|[silent]\n|upkeep\n|turn|8\n|\n|t:|1697471193\n|move|p2a: Rillaboom|Grassy Glide|p1a: Sinistcha\n|-supereffective|p1a: Sinistcha\n|-damage|p1a: Sinistcha|16\/100\n|move|p2b: Cresselia|Lunar Blessing|p2b: Cresselia|[spread] p2a,p2b\n|-heal|p2a: Rillaboom|69\/100\n|-heal|p2b: Cresselia|38\/100\n|move|p1a: Sinistcha|Matcha Gotcha|p2a: Rillaboom|[spread] p2a,p2b\n|-resisted|p2a: Rillaboom\n|-damage|p2a: Rillaboom|19\/100\n|-heal|p1a: Sinistcha|41\/100|[from] drain|[of] p2a: Rillaboom\n|-damage|p2b: Cresselia|0 fnt\n|-heal|p1a: Sinistcha|65\/100|[from] drain|[of] p2b: Cresselia\n|faint|p2b: Cresselia\n|move|p1b: Indeedee|Trick Room|p1b: Indeedee\n|-fieldstart|move: Trick Room|[of] p1b: Indeedee\n|\n|-heal|p1a: Sinistcha|71\/100|[from] Grassy Terrain\n|-heal|p1b: Indeedee|21\/100|[from] Grassy Terrain\n|-heal|p2a: Rillaboom|25\/100|[from] Grassy Terrain\n|upkeep\n|\n|t:|1697471213\n|switch|p2b: Chien-Pao|Chien-Pao|100\/100\n|-ability|p2b: Chien-Pao|Sword of Ruin\n|turn|9\n|\n|t:|1697471239\n|move|p2b: Chien-Pao|Protect|p2b: Chien-Pao\n|-singleturn|p2b: Chien-Pao|Protect\n|move|p1b: Indeedee|Follow Me|p1b: Indeedee\n|-singleturn|p1b: Indeedee|move: Follow Me\n|move|p2a: Rillaboom|Grassy Glide|p1b: Indeedee\n|-damage|p1b: Indeedee|0 fnt\n|faint|p1b: Indeedee\n|move|p1a: Sinistcha|Matcha Gotcha|p2a: Rillaboom|[spread] p2a\n|-activate|p2b: Chien-Pao|move: Protect\n|-resisted|p2a: Rillaboom\n|-damage|p2a: Rillaboom|0 fnt\n|-heal|p1a: Sinistcha|83\/100|[from] drain|[of] p2a: Rillaboom\n|faint|p2a: Rillaboom\n|\n|-heal|p1a: Sinistcha|89\/100|[from] Grassy Terrain\n|upkeep\n|\n|t:|1697471266\n|switch|p1b: Ampharos|Ampharos, M|100\/100\n|switch|p2a: Ursaluna|Ursaluna-Bloodmoon, M|100\/100\n|turn|10\n|inactive|Battle timer is ON: inactive players will automatically lose when time's up. (requested by 0r10n D)\n|\n|t:|1697471308\n|-terastallize|p2a: Ursaluna|Ghost\n|move|p2a: Ursaluna|Calm Mind|p2a: Ursaluna\n|-boost|p2a: Ursaluna|spa|1\n|-boost|p2a: Ursaluna|spd|1\n|move|p1b: Ampharos|Dazzling Gleam|p2a: Ursaluna|[spread] p2a,p2b\n|-crit|p2a: Ursaluna\n|-supereffective|p2b: Chien-Pao\n|-damage|p2a: Ursaluna|53\/100\n|-damage|p2b: Chien-Pao|0 fnt\n|faint|p2b: Chien-Pao\n|move|p1a: Sinistcha|Matcha Gotcha|p2a: Ursaluna\n|-damage|p2a: Ursaluna|0 fnt\n|-heal|p1a: Sinistcha|100\/100|[from] drain|[of] p2a: Ursaluna\n|faint|p2a: Ursaluna\n|\n|-fieldend|move: Grassy Terrain\n|upkeep\n|-message|Phil's Gout forfeited.\n|\n|win|0r10n D\n|raw|0r10n D's rating: 1118 &rarr; <strong>1135<\/strong><br \/>(+17 for winning)\n|raw|Phil&apos;s Gout's rating: 1000 &rarr; <strong>1000<\/strong><br \/>(+0 for losing)\n|l|\u2606Phil's Gout\n","uploadtime":1697471473,"views":19,"p1id":"0r10nd","p2id":"philsgout","formatid":"gen9doublesou","rating":1000,"private":0,"password":""}