{"id":"gen9doublesou-1985244151","p1":"Cocue7","p2":"SuperAndroid99","format":"[Gen 9] Doubles OU","log":"|j|\u2606Cocue7\n|j|\u2606SuperAndroid99\n|t:|1699354465\n|gametype|doubles\n|player|p1|Cocue7|265|1331\n|player|p2|SuperAndroid99|gambler|1258\n|teamsize|p1|6\n|teamsize|p2|6\n|gen|9\n|tier|[Gen 9] Doubles OU\n|rated|\n|rule|Species Clause: Limit one of each Pok\u00e9mon\n|rule|OHKO Clause: OHKO moves are banned\n|rule|Evasion Moves Clause: Evasion moves are banned\n|rule|Gravity Sleep Clause: The combination of sleep-inducing moves with imperfect accuracy and Gravity or Gigantamax Orbeetle are banned\n|rule|Endless Battle Clause: Forcing endless battles is banned\n|rule|HP Percentage Mod: HP is shown in percentages\n|clearpoke\n|poke|p1|Landorus-Therian, M|\n|poke|p1|Enamorus, F|\n|poke|p1|Thundurus, M|\n|poke|p1|Dragonite, M|\n|poke|p1|Tornadus, M|\n|poke|p1|Chien-Pao|\n|poke|p2|Bronzong|\n|poke|p2|Iron Hands|\n|poke|p2|Kingambit, F|\n|poke|p2|Skeledirge, F|\n|poke|p2|Flutter Mane|\n|poke|p2|Samurott-Hisui, M|\n|teampreview\n|inactive|Battle timer is ON: inactive players will automatically lose when time's up. (requested by Cocue7)\n|inactive|SuperAndroid99 has 120 seconds left.\n|c|\u2606SuperAndroid99|I\u2019m really fighting the weather gods and the embodiment of disaster huh\n|\n|t:|1699354525\n|start\n|switch|p1a: Thundurus|Thundurus, M|100\/100\n|switch|p1b: Enamorus|Enamorus, F|100\/100\n|switch|p2a: Bronzong|Bronzong, shiny|100\/100\n|switch|p2b: Samurott|Samurott-Hisui, M|100\/100\n|turn|1\n|\n|t:|1699354553\n|move|p1a: Thundurus|Eerie Impulse|p1b: Enamorus\n|-boost|p1b: Enamorus|spa|2\n|move|p1b: Enamorus|Springtide Storm|p2a: Bronzong|[spread] p2a,p2b\n|-resisted|p2a: Bronzong\n|-supereffective|p2b: Samurott\n|-damage|p2a: Bronzong|53\/100\n|-enditem|p2b: Samurott|Focus Sash\n|-damage|p2b: Samurott|1\/100\n|move|p2b: Samurott|Taunt|p1a: Thundurus\n|-start|p1a: Thundurus|move: Taunt\n|move|p2a: Bronzong|Trick Room|p2a: Bronzong\n|-fieldstart|move: Trick Room|[of] p2a: Bronzong\n|\n|upkeep\n|turn|2\n|\n|t:|1699354578\n|-terastallize|p1b: Enamorus|Ghost\n|move|p2a: Bronzong|Heavy Slam|p1b: Enamorus\n|-crit|p1b: Enamorus\n|-damage|p1b: Enamorus|43\/100\n|move|p2b: Samurott|Ceaseless Edge|p1b: Enamorus\n|-supereffective|p1b: Enamorus\n|-damage|p1b: Enamorus|0 fnt\n|-sidestart|p1: Cocue7|Spikes\n|faint|p1b: Enamorus\n|move|p1a: Thundurus|Wildbolt Storm|p2b: Samurott|[spread] p2a,p2b\n|-supereffective|p2b: Samurott\n|-damage|p2a: Bronzong|23\/100\n|-damage|p2b: Samurott|0 fnt\n|faint|p2b: Samurott\n|\n|upkeep\n|\n|t:|1699354607\n|switch|p2b: Skeledirge|Skeledirge, F, shiny|100\/100\n|switch|p1b: Landorus|Landorus-Therian, M|100\/100\n|-ability|p1b: Landorus|Intimidate|boost\n|-unboost|p2a: Bronzong|atk|1\n|-unboost|p2b: Skeledirge|atk|1\n|turn|3\n|\n|t:|1699354625\n|move|p2a: Bronzong|Heavy Slam|p1a: Thundurus\n|-resisted|p1a: Thundurus\n|-damage|p1a: Thundurus|87\/100\n|move|p2b: Skeledirge|Will-O-Wisp|p1b: Landorus\n|-status|p1b: Landorus|brn\n|move|p1b: Landorus|Earthquake|p2b: Skeledirge|[spread] p2b\n|-immune|p1a: Thundurus\n|-immune|p2a: Bronzong|[from] ability: Levitate\n|-supereffective|p2b: Skeledirge\n|-damage|p2b: Skeledirge|57\/100\n|-damage|p1b: Landorus|91\/100 brn|[from] item: Life Orb\n|move|p1a: Thundurus|Wildbolt Storm|p2a: Bronzong|[spread] p2a\n|-miss|p1a: Thundurus|p2b: Skeledirge\n|-damage|p2a: Bronzong|0 fnt\n|faint|p2a: Bronzong\n|\n|-heal|p2b: Skeledirge|63\/100|[from] item: Leftovers\n|-heal|p1a: Thundurus|93\/100|[from] item: Leftovers\n|-damage|p1b: Landorus|85\/100 brn|[from] brn\n|upkeep\n|\n|t:|1699354634\n|switch|p2a: Iron Hands|Iron Hands|100\/100\n|turn|4\n|\n|t:|1699354642\n|move|p2a: Iron Hands|Fake Out|p1b: Landorus\n|-damage|p1b: Landorus|67\/100 brn\n|move|p2b: Skeledirge|Torch Song|p1a: Thundurus\n|-crit|p1a: Thundurus\n|-damage|p1a: Thundurus|28\/100\n|-boost|p2b: Skeledirge|spa|1\n|cant|p1b: Landorus|flinch\n|move|p1a: Thundurus|Wildbolt Storm|p2b: Skeledirge|[spread] p2a,p2b\n|-resisted|p2a: Iron Hands\n|-damage|p2a: Iron Hands|90\/100\n|-damage|p2b: Skeledirge|36\/100\n|\n|-heal|p2b: Skeledirge|42\/100|[from] item: Leftovers\n|-heal|p1a: Thundurus|34\/100|[from] item: Leftovers\n|-damage|p1b: Landorus|61\/100 brn|[from] brn\n|-end|p1a: Thundurus|move: Taunt\n|upkeep\n|turn|5\n|inactive|SuperAndroid99 has 120 seconds left.\n|\n|t:|1699354681\n|switch|p1a: Tornadus|Tornadus, M|100\/100\n|move|p2a: Iron Hands|Wild Charge|p1a: Tornadus\n|-supereffective|p1a: Tornadus\n|-damage|p1a: Tornadus|0 fnt\n|faint|p1a: Tornadus\n|-damage|p2a: Iron Hands|75\/100|[from] Recoil\n|move|p2b: Skeledirge|Slack Off|p2b: Skeledirge\n|-heal|p2b: Skeledirge|92\/100\n|move|p1b: Landorus|Earthquake|p2b: Skeledirge|[spread] p2a,p2b\n|-supereffective|p2a: Iron Hands\n|-supereffective|p2b: Skeledirge\n|-damage|p2a: Iron Hands|43\/100\n|-damage|p2b: Skeledirge|48\/100\n|-damage|p1b: Landorus|51\/100 brn|[from] item: Life Orb\n|\n|-heal|p2b: Skeledirge|54\/100|[from] item: Leftovers\n|-damage|p1b: Landorus|45\/100 brn|[from] brn\n|-fieldend|move: Trick Room\n|upkeep\n|\n|t:|1699354698\n|switch|p1a: Chien-Pao|Chien-Pao|100\/100\n|-damage|p1a: Chien-Pao|88\/100|[from] Spikes\n|-ability|p1a: Chien-Pao|Sword of Ruin\n|turn|6\n|\n|t:|1699354713\n|move|p1a: Chien-Pao|Crunch|p2b: Skeledirge\n|-supereffective|p2b: Skeledirge\n|-damage|p2b: Skeledirge|0 fnt\n|faint|p2b: Skeledirge\n|move|p1b: Landorus|Earthquake|p2a: Iron Hands|[spread] p1a,p2a\n|-supereffective|p2a: Iron Hands\n|-damage|p1a: Chien-Pao|52\/100\n|-damage|p2a: Iron Hands|0 fnt\n|faint|p2a: Iron Hands\n|-end|p2a: Iron Hands|Quark Drive|[silent]\n|-damage|p1b: Landorus|35\/100 brn|[from] item: Life Orb\n|\n|-damage|p1b: Landorus|29\/100 brn|[from] brn\n|upkeep\n|\n|t:|1699354727\n|switch|p2b: Flutter Mane|Flutter Mane|100\/100\n|switch|p2a: Kingambit|Kingambit, F, shiny|100\/100\n|-activate|p2a: Kingambit|ability: Supreme Overlord\n|-start|p2a: Kingambit|fallen4|[silent]\n|turn|7\n|inactive|SuperAndroid99 has 120 seconds left.\n|\n|t:|1699354761\n|-terastallize|p2b: Flutter Mane|Fairy\n|move|p2a: Kingambit|Sucker Punch|p1b: Landorus\n|-damage|p1b: Landorus|0 fnt\n|faint|p1b: Landorus\n|-damage|p2a: Kingambit|91\/100|[from] item: Life Orb\n|move|p1a: Chien-Pao|Ice Spinner|p2b: Flutter Mane\n|-damage|p2b: Flutter Mane|26\/100\n|move|p2b: Flutter Mane|Moonblast|p1a: Chien-Pao\n|-supereffective|p1a: Chien-Pao\n|-damage|p1a: Chien-Pao|0 fnt\n|faint|p1a: Chien-Pao\n|\n|upkeep\n|\n|t:|1699354773\n|switch|p1a: Thundurus|Thundurus, M|34\/100\n|switch|p1b: Dragonite|Dragonite, M|100\/100\n|turn|8\n|\n|t:|1699354791\n|move|p1b: Dragonite|Extreme Speed|p2b: Flutter Mane\n|-damage|p2b: Flutter Mane|0 fnt\n|faint|p2b: Flutter Mane\n|-end|p2b: Flutter Mane|Protosynthesis|[silent]\n|move|p2a: Kingambit|Sucker Punch|p1a: Thundurus\n|-damage|p1a: Thundurus|0 fnt\n|faint|p1a: Thundurus\n|-damage|p2a: Kingambit|81\/100|[from] item: Life Orb\n|\n|upkeep\n|turn|9\n|\n|t:|1699354803\n|move|p1b: Dragonite|Dragon Dance|p1b: Dragonite\n|-boost|p1b: Dragonite|atk|1\n|-boost|p1b: Dragonite|spe|1\n|move|p2a: Kingambit|Kowtow Cleave|p1b: Dragonite\n|-damage|p1b: Dragonite|47\/100\n|-damage|p2a: Kingambit|71\/100|[from] item: Life Orb\n|\n|upkeep\n|turn|10\n|\n|t:|1699354815\n|move|p1b: Dragonite|Extreme Speed|p2a: Kingambit\n|-resisted|p2a: Kingambit\n|-damage|p2a: Kingambit|55\/100\n|move|p2a: Kingambit|Kowtow Cleave|p1b: Dragonite\n|-damage|p1b: Dragonite|0 fnt\n|faint|p1b: Dragonite\n|-damage|p2a: Kingambit|45\/100|[from] item: Life Orb\n|\n|win|SuperAndroid99\n|raw|Cocue7's rating: 1331 &rarr; <strong>1307<\/strong><br \/>(-24 for losing)\n|raw|SuperAndroid99's rating: 1258 &rarr; <strong>1288<\/strong><br \/>(+30 for winning)\n|l|\u2606Cocue7\n","uploadtime":1699354829,"views":13,"p1id":"cocue7","p2id":"superandroid99","formatid":"gen9doublesou","rating":1288,"private":0,"password":""}