{"id":"gen9doublesou-1984512441","p1":"2ndcitysaint","p2":"mikeyuwu","format":"[Gen 9] Doubles OU","log":"|j|\u26062ndcitysaint\n|j|\u2606mikeyuwu\n|t:|1699274642\n|gametype|doubles\n|player|p1|2ndcitysaint|266|1351\n|player|p2|mikeyuwu|psychic-gen4|1400\n|teamsize|p1|6\n|teamsize|p2|6\n|gen|9\n|tier|[Gen 9] Doubles OU\n|rated|\n|rule|Species Clause: Limit one of each Pok\u00e9mon\n|rule|OHKO Clause: OHKO moves are banned\n|rule|Evasion Moves Clause: Evasion moves are banned\n|rule|Gravity Sleep Clause: The combination of sleep-inducing moves with imperfect accuracy and Gravity or Gigantamax Orbeetle are banned\n|rule|Endless Battle Clause: Forcing endless battles is banned\n|rule|HP Percentage Mod: HP is shown in percentages\n|clearpoke\n|poke|p1|Salamence, F|\n|poke|p1|Pelipper, M|\n|poke|p1|Amoonguss, F|\n|poke|p1|Iron Hands|\n|poke|p1|Iron Bundle|\n|poke|p1|Gholdengo|\n|poke|p2|Garchomp, M|\n|poke|p2|Tyranitar, F|\n|poke|p2|Vaporeon, F|\n|poke|p2|Toxicroak, M|\n|poke|p2|Pelipper, F|\n|poke|p2|Abomasnow, M|\n|teampreview\n|\n|t:|1699274660\n|start\n|switch|p1a: Iron Bundle|Iron Bundle|100\/100\n|switch|p1b: Salamence|Salamence, F|100\/100\n|switch|p2a: OTLHPM|Toxicroak, M|100\/100\n|switch|p2b: Cold Shoulder|Abomasnow, M, shiny|100\/100\n|-ability|p1b: Salamence|Intimidate|boost\n|-unboost|p2a: OTLHPM|atk|1\n|-unboost|p2b: Cold Shoulder|atk|1\n|-weather|Snow|[from] ability: Snow Warning|[of] p2b: Cold Shoulder\n|-enditem|p1a: Iron Bundle|Booster Energy\n|-activate|p1a: Iron Bundle|ability: Quark Drive|[fromitem]\n|-start|p1a: Iron Bundle|quarkdrivespa\n|turn|1\n|\n|t:|1699274677\n|-end|p1a: Iron Bundle|Quark Drive|[silent]\n|switch|p1a: Pelipper|Pelipper, M|100\/100\n|-weather|RainDance|[from] ability: Drizzle|[of] p1a: Pelipper\n|move|p1b: Salamence|Tailwind|p1b: Salamence\n|-sidestart|p1: 2ndcitysaint|move: Tailwind\n|move|p2a: OTLHPM|Drain Punch|p1a: Pelipper\n|-resisted|p1a: Pelipper\n|-damage|p1a: Pelipper|88\/100\n|move|p2b: Cold Shoulder|Blizzard|p1b: Salamence|[spread] p1a,p1b\n|-supereffective|p1b: Salamence\n|-crit|p1b: Salamence\n|-damage|p1a: Pelipper|46\/100\n|-damage|p1b: Salamence|0 fnt\n|faint|p1b: Salamence\n|\n|-weather|RainDance|[upkeep]\n|upkeep\n|\n|t:|1699274698\n|switch|p1b: Iron Bundle|Iron Bundle|100\/100\n|turn|2\n|\n|t:|1699274708\n|switch|p2a: ThcrThnSnkr|Tyranitar, F|100\/100\n|-weather|Sandstorm|[from] ability: Sand Stream|[of] p2a: ThcrThnSnkr\n|move|p1a: Pelipper|Wide Guard|p1a: Pelipper\n|-singleturn|p1a: Pelipper|Wide Guard\n|move|p1b: Iron Bundle|Icy Wind|p2b: Cold Shoulder|[spread] p2a,p2b\n|-damage|p2a: ThcrThnSnkr|94\/100\n|-damage|p2b: Cold Shoulder|75\/100\n|-unboost|p2a: ThcrThnSnkr|spe|1\n|-unboost|p2b: Cold Shoulder|spe|1\n|move|p2b: Cold Shoulder|Weather Ball|p1a: Pelipper\n|-supereffective|p1a: Pelipper\n|-crit|p1a: Pelipper\n|-damage|p1a: Pelipper|0 fnt\n|faint|p1a: Pelipper\n|\n|-weather|Sandstorm|[upkeep]\n|-damage|p1b: Iron Bundle|95\/100|[from] Sandstorm\n|-damage|p2b: Cold Shoulder|69\/100|[from] Sandstorm\n|upkeep\n|\n|t:|1699274728\n|switch|p1a: Iron Hands|Iron Hands|100\/100\n|turn|3\n|\n|t:|1699274738\n|switch|p2a: OTLHPM|Toxicroak, M|100\/100\n|move|p1a: Iron Hands|Fake Out|p2a: OTLHPM\n|-damage|p2a: OTLHPM|78\/100\n|move|p1b: Iron Bundle|Icy Wind|p2a: OTLHPM|[spread] p2a,p2b\n|-damage|p2a: OTLHPM|50\/100\n|-damage|p2b: Cold Shoulder|42\/100\n|-unboost|p2a: OTLHPM|spe|1\n|-unboost|p2b: Cold Shoulder|spe|1\n|move|p2b: Cold Shoulder|Giga Drain|p1b: Iron Bundle\n|-supereffective|p1b: Iron Bundle\n|-damage|p1b: Iron Bundle|0 fnt\n|-heal|p2b: Cold Shoulder|76\/100|[from] drain|[of] p1b: Iron Bundle\n|faint|p1b: Iron Bundle\n|-end|p1b: Iron Bundle|Quark Drive|[silent]\n|\n|-weather|Sandstorm|[upkeep]\n|-damage|p1a: Iron Hands|94\/100|[from] Sandstorm\n|-damage|p2a: OTLHPM|44\/100|[from] Sandstorm\n|-damage|p2b: Cold Shoulder|70\/100|[from] Sandstorm\n|-heal|p2a: OTLHPM|50\/100|[from] item: Black Sludge\n|upkeep\n|\n|t:|1699274757\n|switch|p1b: Gholdengo|Gholdengo|100\/100\n|turn|4\n|\n|t:|1699274774\n|switch|p2b: Weather War|Pelipper, F|100\/100\n|-weather|RainDance|[from] ability: Drizzle|[of] p2b: Weather War\n|move|p1b: Gholdengo|Nasty Plot|p1b: Gholdengo\n|-boost|p1b: Gholdengo|spa|2\n|move|p1a: Iron Hands|Heavy Slam|p2b: Weather War\n|-resisted|p2b: Weather War\n|-damage|p2b: Weather War|83\/100\n|move|p2a: OTLHPM|Earthquake|p1a: Iron Hands|[spread] p1a,p1b\n|-immune|p2b: Weather War\n|-supereffective|p1a: Iron Hands\n|-supereffective|p1b: Gholdengo\n|-damage|p1a: Iron Hands|63\/100\n|-damage|p1b: Gholdengo|48\/100\n|\n|-weather|RainDance|[upkeep]\n|-heal|p2a: OTLHPM|63\/100|[from] ability: Dry Skin\n|-heal|p1b: Gholdengo|54\/100|[from] item: Leftovers\n|-heal|p2a: OTLHPM|69\/100|[from] item: Black Sludge\n|-sideend|p1: 2ndcitysaint|move: Tailwind\n|upkeep\n|turn|5\n|\n|t:|1699274798\n|move|p1b: Gholdengo|Make It Rain|p2b: Weather War|[spread] p2a,p2b\n|-resisted|p2b: Weather War\n|-damage|p2a: OTLHPM|0 fnt\n|-damage|p2b: Weather War|15\/100\n|-unboost|p1b: Gholdengo|spa|1\n|faint|p2a: OTLHPM\n|move|p2b: Weather War|Chilling Water|p1a: Iron Hands\n|-damage|p1a: Iron Hands|48\/100\n|-unboost|p1a: Iron Hands|atk|1\n|move|p1a: Iron Hands|Drain Punch|p2b: Weather War\n|-resisted|p2b: Weather War\n|-damage|p2b: Weather War|3\/100\n|-heal|p1a: Iron Hands|52\/100|[from] drain|[of] p2b: Weather War\n|\n|-weather|RainDance|[upkeep]\n|-heal|p1b: Gholdengo|60\/100|[from] item: Leftovers\n|upkeep\n|\n|t:|1699274803\n|switch|p2a: Extra Spicy|Garchomp, M|100\/100\n|turn|6\n|\n|t:|1699274823\n|move|p1b: Gholdengo|Make It Rain|p2a: Extra Spicy|[spread] p2a,p2b\n|-resisted|p2b: Weather War\n|-damage|p2a: Extra Spicy|28\/100\n|-damage|p2b: Weather War|0 fnt\n|-unboost|p1b: Gholdengo|spa|1\n|faint|p2b: Weather War\n|move|p2a: Extra Spicy|Earthquake|p1b: Gholdengo|[spread] p1a,p1b\n|-supereffective|p1a: Iron Hands\n|-supereffective|p1b: Gholdengo\n|-damage|p1a: Iron Hands|10\/100\n|-damage|p1b: Gholdengo|0 fnt\n|faint|p1b: Gholdengo\n|move|p1a: Iron Hands|Drain Punch|p2a: Extra Spicy\n|-damage|p2a: Extra Spicy|11\/100\n|-heal|p1a: Iron Hands|17\/100|[from] drain|[of] p2a: Extra Spicy\n|-damage|p1a: Iron Hands|4\/100|[from] ability: Rough Skin|[of] p2a: Extra Spicy\n|-damage|p1a: Iron Hands|0 fnt|[from] item: Rocky Helmet|[of] p2a: Extra Spicy\n|faint|p1a: Iron Hands\n|-end|p1a: Iron Hands|Quark Drive|[silent]\n|\n|-weather|RainDance|[upkeep]\n|upkeep\n|-message|2ndcitysaint forfeited.\n|\n|win|mikeyuwu\n|raw|2ndcitysaint's rating: 1351 &rarr; <strong>1334<\/strong><br \/>(-17 for losing)\n|raw|mikeyuwu's rating: 1400 &rarr; <strong>1417<\/strong><br \/>(+17 for winning)\n|l|\u26062ndcitysaint\n","uploadtime":1699274879,"views":9,"p1id":"2ndcitysaint","p2id":"mikeyuwu","formatid":"gen9doublesou","rating":1334,"private":0,"password":""}