{"id":"gen9doublesou-1971737411","p1":"hoiymenomimnn 4v6","p2":"Kiramager","format":"[Gen 9] Doubles OU","log":"|j|\u2606hoiymenomimnn 4v6\n|j|\u2606Kiramager\n|inactive|Battle timer is ON: inactive players will automatically lose when time's up.\n|t:|1697766523\n|gametype|doubles\n|player|p1|hoiymenomimnn 4v6|policeman-gen4|\n|player|p2|Kiramager|volo|\n|teamsize|p1|6\n|teamsize|p2|6\n|gen|9\n|tier|[Gen 9] Doubles OU\n|rated|Tournament battle\n|rule|Species Clause: Limit one of each Pok\u00e9mon\n|rule|OHKO Clause: OHKO moves are banned\n|rule|Evasion Moves Clause: Evasion moves are banned\n|rule|Gravity Sleep Clause: The combination of sleep-inducing moves with imperfect accuracy and Gravity or Gigantamax Orbeetle are banned\n|rule|Endless Battle Clause: Forcing endless battles is banned\n|rule|HP Percentage Mod: HP is shown in percentages\n|clearpoke\n|poke|p1|Regidrago|\n|poke|p1|Diancie, L99|\n|poke|p1|Hatterene, F|\n|poke|p1|Indeedee-F, F|\n|poke|p1|Armarouge, M|\n|poke|p1|Torkoal, L99, M|\n|poke|p2|Rillaboom, F|\n|poke|p2|Iron Hands|\n|poke|p2|Azumarill, F|\n|poke|p2|Landorus-Therian, M|\n|poke|p2|Cresselia, F|\n|poke|p2|Ogerpon-Hearthflame, F|\n|teampreview\n|inactive|Kiramager has 120 seconds left.\n|inactive|hoiymenomimnn 4v6 has 120 seconds left.\n|j| ButWhyThough_2\n|inactive|Kiramager has 90 seconds left.\n|c|\u2606hoiymenomimnn 4v6|grass arma walls hard\n|\n|t:|1697766600\n|start\n|switch|p1a: HpHw SS FO P HV|Indeedee-F, F|100\/100\n|switch|p1b: ACASDBDisGCMWG|Armarouge, M|100\/100\n|switch|p2a: Iron Hands|Iron Hands|100\/100\n|switch|p2b: Landorus|Landorus-Therian, M|100\/100\n|-ability|p2b: Landorus|Intimidate|boost\n|-unboost|p1a: HpHw SS FO P HV|atk|1\n|-unboost|p1b: ACASDBDisGCMWG|atk|1\n|-fieldstart|move: Psychic Terrain|[from] ability: Psychic Surge|[of] p1a: HpHw SS FO P HV\n|turn|1\n|c| ButWhyThough_2|you shouldn't have said that\n|c| ButWhyThough_2|ogerpon has mold breaker\n|c|\u2606hoiymenomimnn 4v6|o rite lol\n|inactive|hoiymenomimnn 4v6 has 120 seconds left.\n|\n|t:|1697766632\n|-terastallize|p1b: ACASDBDisGCMWG|Grass\n|move|p2b: Landorus|U-turn|p1a: HpHw SS FO P HV\n|-supereffective|p1a: HpHw SS FO P HV\n|-damage|p1a: HpHw SS FO P HV|39\/100\n|-enditem|p1a: HpHw SS FO P HV|Eject Button\n|inactive|hoiymenomimnn 4v6 has 120 seconds left.\n|\n|t:|1697766642\n|switch|p1a: SS TFGd SpecsLO|Torkoal, L99, M|100\/100\n|-weather|SunnyDay|[from] ability: Drought|[of] p1a: SS TFGd SpecsLO\n|move|p2a: Iron Hands|Swords Dance|p2a: Iron Hands\n|-boost|p2a: Iron Hands|atk|2\n|move|p1b: ACASDBDisGCMWG|Trick Room|p1b: ACASDBDisGCMWG\n|-fieldstart|move: Trick Room|[of] p1b: ACASDBDisGCMWG\n|\n|-weather|SunnyDay|[upkeep]\n|upkeep\n|turn|2\n|c| ButWhyThough_2|it might as well have turboblaze as it's ability\n|\n|t:|1697766659\n|move|p1b: ACASDBDisGCMWG|Helping Hand|p1a: SS TFGd SpecsLO\n|-singleturn|p1a: SS TFGd SpecsLO|Helping Hand|[of] p1b: ACASDBDisGCMWG\n|move|p2a: Iron Hands|Protect|p2a: Iron Hands\n|-singleturn|p2a: Iron Hands|Protect\n|move|p1a: SS TFGd SpecsLO|Eruption|p2a: Iron Hands|[spread] p2b\n|-activate|p2a: Iron Hands|move: Protect\n|-damage|p2b: Landorus|12\/100\n|move|p2b: Landorus|U-turn|p1b: ACASDBDisGCMWG\n|-supereffective|p1b: ACASDBDisGCMWG\n|-damage|p1b: ACASDBDisGCMWG|54\/100\n|c|\u2606hoiymenomimnn 4v6|..\n|\n|t:|1697766671\n|switch|p2b: Cresselia|Cresselia, F|100\/100|[from] U-turn\n|\n|-weather|SunnyDay|[upkeep]\n|upkeep\n|turn|3\n|c| ButWhyThough_2|just expanding force\n|c|\u2606hoiymenomimnn 4v6|hes slower\n|c| ButWhyThough_2|e\n|c|\u2606hoiymenomimnn 4v6|and he could rilla\n|\n|t:|1697766697\n|move|p1b: ACASDBDisGCMWG|Helping Hand|p1a: SS TFGd SpecsLO\n|-singleturn|p1a: SS TFGd SpecsLO|Helping Hand|[of] p1b: ACASDBDisGCMWG\n|move|p1a: SS TFGd SpecsLO|Eruption|p2a: Iron Hands|[spread] p2a,p2b\n|-damage|p2a: Iron Hands|10\/100\n|-damage|p2b: Cresselia|32\/100\n|-enditem|p2a: Iron Hands|Sitrus Berry|[eat]\n|-heal|p2a: Iron Hands|35\/100|[from] item: Sitrus Berry\n|move|p2a: Iron Hands|Drain Punch|p1b: ACASDBDisGCMWG\n|-damage|p1b: ACASDBDisGCMWG|0 fnt\n|-heal|p2a: Iron Hands|57\/100|[from] drain|[of] p1b: ACASDBDisGCMWG\n|faint|p1b: ACASDBDisGCMWG\n|move|p2b: Cresselia|Psychic|p1a: SS TFGd SpecsLO\n|-damage|p1a: SS TFGd SpecsLO|67\/100\n|\n|-weather|SunnyDay|[upkeep]\n|upkeep\n|c|\u2606hoiymenomimnn 4v6|i kinda\n|c|\u2606hoiymenomimnn 4v6|wasted my tera\n|inactive|hoiymenomimnn 4v6 has 120 seconds left.\n|c|\u2606hoiymenomimnn 4v6|i shoulda used on tork lol\n|\n|t:|1697766721\n|switch|p1b: HhHwHp MT Psyc|Hatterene, F|100\/100\n|turn|4\n|inactive|Kiramager has 120 seconds left.\n|\n|t:|1697766751\n|move|p2a: Iron Hands|Protect|p2a: Iron Hands\n|-singleturn|p2a: Iron Hands|Protect\n|move|p1a: SS TFGd SpecsLO|Eruption|p2a: Iron Hands|[spread] p2b\n|-activate|p2a: Iron Hands|move: Protect\n|-damage|p2b: Cresselia|3\/100\n|move|p1b: HhHwHp MT Psyc|Dazzling Gleam|p2b: Cresselia|[spread] p2b\n|-activate|p2a: Iron Hands|move: Protect\n|-damage|p2b: Cresselia|0 fnt\n|faint|p2b: Cresselia\n|-damage|p1b: HhHwHp MT Psyc|91\/100|[from] item: Life Orb\n|\n|-weather|SunnyDay|[upkeep]\n|upkeep\n|inactive|Kiramager has 120 seconds left.\n|\n|t:|1697766760\n|switch|p2b: Ogerpon|Ogerpon-Hearthflame, F|100\/100\n|-ability|p2b: Ogerpon|Mold Breaker\n|turn|5\n|\n|t:|1697766783\n|switch|p1a: HpHw SS FO P HV|Indeedee-F, F|39\/100\n|-end|p2a: Iron Hands|Quark Drive|[silent]\n|switch|p2a: Azumarill|Azumarill, F|100\/100\n|-terastallize|p2b: Ogerpon|Fire\n|detailschange|p2b: Ogerpon|Ogerpon-Hearthflame-Tera, F, tera:Fire\n|-ability|p2b: Ogerpon|Embody Aspect (Hearthflame)|boost\n|-boost|p2b: Ogerpon|atk|1\n|move|p1b: HhHwHp MT Psyc|Psyshock|p2a: Azumarill\n|-damage|p2a: Azumarill|20\/100\n|-enditem|p2a: Azumarill|Sitrus Berry|[eat]\n|-heal|p2a: Azumarill|45\/100|[from] item: Sitrus Berry\n|-damage|p1b: HhHwHp MT Psyc|81\/100|[from] item: Life Orb\n|move|p2b: Ogerpon|Ivy Cudgel|p1b: HhHwHp MT Psyc\n|-damage|p1b: HhHwHp MT Psyc|0 fnt\n|faint|p1b: HhHwHp MT Psyc\n|\n|-weather|none\n|-fieldend|move: Trick Room\n|-fieldend|move: Psychic Terrain\n|upkeep\n|j|+theyummybagel\n|l|+theyummybagel\n|inactive|hoiymenomimnn 4v6 has 120 seconds left.\n|\n|t:|1697766800\n|switch|p1b: TGW FT BP WP|Diancie, L99|100\/100\n|turn|6\n|\n|t:|1697766814\n|move|p1a: HpHw SS FO P HV|Follow Me|p1a: HpHw SS FO P HV\n|-singleturn|p1a: HpHw SS FO P HV|move: Follow Me\n|move|p2b: Ogerpon|Grassy Glide|p1a: HpHw SS FO P HV\n|-damage|p1a: HpHw SS FO P HV|0 fnt\n|faint|p1a: HpHw SS FO P HV\n|move|p2a: Azumarill|Belly Drum||[still]\n|-fail|p2a: Azumarill\n|move|p1b: TGW FT BP WP|Trick Room|p1b: TGW FT BP WP\n|-fieldstart|move: Trick Room|[of] p1b: TGW FT BP WP\n|\n|upkeep\n|c|\u2606hoiymenomimnn 4v6|...\n|c|\u2606hoiymenomimnn 4v6|.....\n|c|\u2606hoiymenomimnn 4v6|...........\n|c| ButWhyThough_2|wha\n|c|\u2606hoiymenomimnn 4v6|..............................\n|c|\u2606hoiymenomimnn 4v6|...................................................................\n|c| ButWhyThough_2|why did\n|c|\u2606Kiramager|misssclick\n|\n|t:|1697766831\n|switch|p1a: SS TFGd SpecsLO|Torkoal, L99, M|67\/100\n|-weather|SunnyDay|[from] ability: Drought|[of] p1a: SS TFGd SpecsLO\n|turn|7\n|inactive|hoiymenomimnn 4v6 has 120 seconds left.\n|c| ButWhyThough_2|what has more power right now, eruption or heatwave\n|\n|t:|1697766878\n|move|p2b: Ogerpon|Protect|p2b: Ogerpon\n|-singleturn|p2b: Ogerpon|Protect\n|move|p2a: Azumarill|Aqua Jet|p1a: SS TFGd SpecsLO\n|-supereffective|p1a: SS TFGd SpecsLO\n|-damage|p1a: SS TFGd SpecsLO|47\/100\n|move|p1a: SS TFGd SpecsLO|Heat Wave|p2b: Ogerpon|[spread] p2a\n|-activate|p2b: Ogerpon|move: Protect\n|-resisted|p2a: Azumarill\n|-damage|p2a: Azumarill|18\/100\n|-status|p2a: Azumarill|brn\n|move|p1b: TGW FT BP WP|Diamond Storm|p2b: Ogerpon|[spread] p2a\n|-activate|p2b: Ogerpon|move: Protect\n|-damage|p2a: Azumarill|0 fnt\n|-boost|p1b: TGW FT BP WP|def|2\n|faint|p2a: Azumarill\n|-damage|p1b: TGW FT BP WP|91\/100|[from] item: Life Orb\n|\n|-weather|SunnyDay|[upkeep]\n|upkeep\n|\n|t:|1697766892\n|switch|p2a: Rillaboom|Rillaboom, F|100\/100\n|-fieldstart|move: Grassy Terrain|[from] ability: Grassy Surge|[of] p2a: Rillaboom\n|turn|8\n|c|\u2606hoiymenomimnn 4v6|o i think erup\n|c| ButWhyThough_2|het wave will do more now\n|inactive|hoiymenomimnn 4v6 has 120 seconds left.\n|c|\u2606hoiymenomimnn 4v6|ofc\n|c|\u2606hoiymenomimnn 4v6|i FUCKIN WASTED MY TERAAA\n|\n|t:|1697766919\n|move|p2a: Rillaboom|Fake Out|p1b: TGW FT BP WP\n|-resisted|p1b: TGW FT BP WP\n|-damage|p1b: TGW FT BP WP|88\/100\n|move|p2b: Ogerpon|Grassy Glide|p1b: TGW FT BP WP\n|-supereffective|p1b: TGW FT BP WP\n|-damage|p1b: TGW FT BP WP|35\/100\n|move|p1a: SS TFGd SpecsLO|Earth Power|p2b: Ogerpon\n|-supereffective|p2b: Ogerpon\n|-damage|p2b: Ogerpon|39\/100\n|cant|p1b: TGW FT BP WP|flinch\n|\n|-weather|SunnyDay|[upkeep]\n|-heal|p1a: SS TFGd SpecsLO|54\/100|[from] Grassy Terrain\n|-heal|p1b: TGW FT BP WP|41\/100|[from] Grassy Terrain\n|-heal|p2b: Ogerpon|45\/100|[from] Grassy Terrain\n|upkeep\n|turn|9\n|inactive|hoiymenomimnn 4v6 has 120 seconds left.\n|c| ButWhyThough_2|you're in danger\n|\n|t:|1697766943\n|move|p2b: Ogerpon|Grassy Glide|p1b: TGW FT BP WP\n|-supereffective|p1b: TGW FT BP WP\n|-damage|p1b: TGW FT BP WP|0 fnt\n|faint|p1b: TGW FT BP WP\n|move|p1a: SS TFGd SpecsLO|Heat Wave|p2a: Rillaboom|[spread] p2a,p2b\n|-supereffective|p2a: Rillaboom\n|-resisted|p2b: Ogerpon\n|-damage|p2a: Rillaboom|3\/100\n|-damage|p2b: Ogerpon|16\/100\n|-status|p2a: Rillaboom|brn\n|-enditem|p2a: Rillaboom|Sitrus Berry|[eat]\n|-heal|p2a: Rillaboom|28\/100 brn|[from] item: Sitrus Berry\n|move|p2a: Rillaboom|Wood Hammer|p1a: SS TFGd SpecsLO\n|-resisted|p1a: SS TFGd SpecsLO\n|-damage|p1a: SS TFGd SpecsLO|40\/100\n|-damage|p2a: Rillaboom|25\/100 brn|[from] Recoil\n|\n|-weather|SunnyDay|[upkeep]\n|-heal|p1a: SS TFGd SpecsLO|46\/100|[from] Grassy Terrain\n|-heal|p2a: Rillaboom|31\/100 brn|[from] Grassy Terrain\n|-heal|p2b: Ogerpon|22\/100|[from] Grassy Terrain\n|-damage|p2a: Rillaboom|25\/100 brn|[from] brn\n|upkeep\n|\n|t:|1697766949\n|switch|p1b: Protect LSR LO|Regidrago|100\/100\n|turn|10\n|c|\u2606hoiymenomimnn 4v6|yeep\n|\n|t:|1697766961\n|move|p2b: Ogerpon|Protect|p2b: Ogerpon\n|-singleturn|p2b: Ogerpon|Protect\n|move|p1a: SS TFGd SpecsLO|Heat Wave|p2b: Ogerpon|[spread] p2a\n|-activate|p2b: Ogerpon|move: Protect\n|-supereffective|p2a: Rillaboom\n|-damage|p2a: Rillaboom|0 fnt\n|faint|p2a: Rillaboom\n|move|p1b: Protect LSR LO|Dragon Energy|p2b: Ogerpon\n|-activate|p2b: Ogerpon|move: Protect\n|\n|-weather|SunnyDay|[upkeep]\n|-heal|p1a: SS TFGd SpecsLO|52\/100|[from] Grassy Terrain\n|-heal|p2b: Ogerpon|28\/100|[from] Grassy Terrain\n|-fieldend|move: Trick Room\n|upkeep\n|c| ButWhyThough_2|can regi clean up?\n|c|\u2606hoiymenomimnn 4v6|nop\n|c|\u2606hoiymenomimnn 4v6|lol\n|\n|t:|1697766974\n|switch|p2a: Landorus|Landorus-Therian, M|12\/100\n|-ability|p2a: Landorus|Intimidate|boost\n|-unboost|p1a: SS TFGd SpecsLO|atk|1\n|-unboost|p1b: Protect LSR LO|atk|1\n|turn|11\n|c|\u2606hoiymenomimnn 4v6|my tera waste\n|c|\u2606hoiymenomimnn 4v6|rly fucked me\n|\n|t:|1697766982\n|move|p2b: Ogerpon|Ivy Cudgel|p1b: Protect LSR LO\n|-resisted|p1b: Protect LSR LO\n|-damage|p1b: Protect LSR LO|17\/100\n|move|p2a: Landorus|Stomping Tantrum|p1a: SS TFGd SpecsLO\n|-supereffective|p1a: SS TFGd SpecsLO\n|-damage|p1a: SS TFGd SpecsLO|0 fnt\n|faint|p1a: SS TFGd SpecsLO\n|move|p1b: Protect LSR LO|Dragon Energy|p2a: Landorus|[spread] p2a,p2b\n|-damage|p2a: Landorus|1\/100\n|-damage|p2b: Ogerpon|11\/100\n|\n|-weather|none\n|-heal|p2b: Ogerpon|17\/100|[from] Grassy Terrain\n|-heal|p1b: Protect LSR LO|23\/100|[from] Grassy Terrain\n|upkeep\n|turn|12\n|c| ButWhyThough_2|but why does ogerpon not have spiky shield?\n|c|\u2606hoiymenomimnn 4v6|lol tru\n|c|\u2606hoiymenomimnn 4v6|gg\n|c|\u2606hoiymenomimnn 4v6|regid kinda sux\n|c| ButWhyThough_2|sir you forgot spiky shield\n|c|\u2606hoiymenomimnn 4v6|hoopas butter maybe\n|inactive|hoiymenomimnn 4v6 has 120 seconds left.\n|c| ButWhyThough_2|mmm butter\n|-message|hoiymenomimnn 4v6 forfeited.\n|\n|win|Kiramager\n|n|\u2606hoiymenomimnn 4v6|hoiymenomimnn4v6\n|n|\u2606Kiramager|kiramager\n|n| ButWhyThough_2|butwhythough2\n","uploadtime":1697767026,"views":15,"p1id":"hoiymenomimnn4v6","p2id":"kiramager","formatid":"gen9doublesou","rating":0,"private":0,"password":""}