{"id":"gen9doublesou-1982990554","p1":"Positive Plus","p2":"Nwolc","format":"[Gen 9] Doubles OU","log":"|j|\u2606Positive Plus\n|j|\u2606Nwolc\n|t:|1699067060\n|gametype|doubles\n|player|p1|Positive Plus|169|1356\n|player|p2|Nwolc|erika|1339\n|teamsize|p1|6\n|teamsize|p2|6\n|gen|9\n|tier|[Gen 9] Doubles OU\n|rated|\n|rule|Species Clause: Limit one of each Pok\u00e9mon\n|rule|OHKO Clause: OHKO moves are banned\n|rule|Evasion Moves Clause: Evasion moves are banned\n|rule|Gravity Sleep Clause: The combination of sleep-inducing moves with imperfect accuracy and Gravity or Gigantamax Orbeetle are banned\n|rule|Endless Battle Clause: Forcing endless battles is banned\n|rule|HP Percentage Mod: HP is shown in percentages\n|clearpoke\n|poke|p1|Shiftry, F|\n|poke|p1|Typhlosion-Hisui, M|\n|poke|p1|Lilligant-Hisui, F|\n|poke|p1|Landorus, M|\n|poke|p1|Azumarill, M|\n|poke|p1|Rotom-Wash|\n|poke|p2|Ogerpon-Hearthflame, F|\n|poke|p2|Lilligant-Hisui, F|\n|poke|p2|Flutter Mane|\n|poke|p2|Torkoal, M|\n|poke|p2|Thundurus, M|\n|poke|p2|Ting-Lu|\n|teampreview\n|inactive|Battle timer is ON: inactive players will automatically lose when time's up. (requested by Positive Plus)\n|\n|t:|1699067078\n|start\n|switch|p1a: Lilligant|Lilligant-Hisui, F|100\/100\n|switch|p1b: Shiftry|Shiftry, F|100\/100\n|switch|p2a: Star|Flutter Mane|100\/100\n|switch|p2b: Cowbit|Torkoal, M|100\/100\n|-weather|SunnyDay|[from] ability: Drought|[of] p2b: Cowbit\n|-activate|p2a: Star|ability: Protosynthesis\n|-start|p2a: Star|protosynthesisspe\n|turn|1\n|inactive|Positive Plus has 120 seconds left.\n|\n|t:|1699067108\n|-terastallize|p2a: Star|Fairy\n|move|p2b: Cowbit|Helping Hand|p2a: Star\n|-singleturn|p2a: Star|Helping Hand|[of] p2b: Cowbit\n|move|p2a: Star|Dazzling Gleam|p1b: Shiftry|[spread] p1a,p1b\n|-supereffective|p1a: Lilligant\n|-supereffective|p1b: Shiftry\n|-damage|p1a: Lilligant|0 fnt\n|-enditem|p1b: Shiftry|Focus Sash\n|-damage|p1b: Shiftry|1\/100\n|faint|p1a: Lilligant\n|move|p1b: Shiftry|Rock Slide|p2b: Cowbit|[spread] p2a,p2b\n|-supereffective|p2b: Cowbit\n|-damage|p2a: Star|63\/100\n|-damage|p2b: Cowbit|75\/100\n|\n|-weather|SunnyDay|[upkeep]\n|upkeep\n|inactive|Positive Plus has 120 seconds left.\n|\n|t:|1699067116\n|switch|p1a: Rotom|Rotom-Wash|100\/100\n|turn|2\n|\n|t:|1699067126\n|move|p2b: Cowbit|Helping Hand|p2a: Star\n|-singleturn|p2a: Star|Helping Hand|[of] p2b: Cowbit\n|move|p2a: Star|Dazzling Gleam|p1a: Rotom|[spread] p1a,p1b\n|-supereffective|p1b: Shiftry\n|-damage|p1a: Rotom|0 fnt\n|-damage|p1b: Shiftry|0 fnt\n|faint|p1a: Rotom\n|faint|p1b: Shiftry\n|\n|-weather|SunnyDay|[upkeep]\n|upkeep\n|\n|t:|1699067130\n|switch|p1a: Typhlosion|Typhlosion-Hisui, M|100\/100\n|switch|p1b: Azumarill|Azumarill, M|100\/100\n|-item|p1a: Typhlosion|Air Balloon\n|turn|3\n|\n|t:|1699067142\n|-terastallize|p1b: Azumarill|Water\n|move|p2b: Cowbit|Helping Hand|p2a: Star\n|-singleturn|p2a: Star|Helping Hand|[of] p2b: Cowbit\n|move|p1b: Azumarill|Aqua Jet|p2a: Star\n|-damage|p2a: Star|36\/100\n|move|p2a: Star|Dazzling Gleam|p1a: Typhlosion|[spread] p1a,p1b\n|-resisted|p1a: Typhlosion\n|-damage|p1a: Typhlosion|39\/100\n|-damage|p1b: Azumarill|9\/100\n|-enditem|p1a: Typhlosion|Air Balloon\n|move|p1a: Typhlosion|Eruption|p2b: Cowbit|[spread] p2a,p2b\n|-resisted|p2b: Cowbit\n|-damage|p2a: Star|4\/100\n|-damage|p2b: Cowbit|52\/100\n|\n|-weather|SunnyDay|[upkeep]\n|upkeep\n|turn|4\n|inactive|Positive Plus has 120 seconds left.\n|\n|t:|1699067176\n|move|p2b: Cowbit|Protect|p2b: Cowbit\n|-singleturn|p2b: Cowbit|Protect\n|move|p1b: Azumarill|Aqua Jet|p2a: Star\n|-damage|p2a: Star|0 fnt\n|faint|p2a: Star\n|-end|p2a: Star|Protosynthesis|[silent]\n|move|p1a: Typhlosion|Heat Wave|p2b: Cowbit\n|-activate|p2b: Cowbit|move: Protect\n|\n|-weather|SunnyDay|[upkeep]\n|upkeep\n|inactive|Nwolc has 120 seconds left.\n|\n|t:|1699067191\n|switch|p2a: Koji|Lilligant-Hisui, F|100\/100\n|turn|5\n|\n|t:|1699067209\n|switch|p2b: Kaos|Ting-Lu|100\/100\n|-ability|p2b: Kaos|Vessel of Ruin\n|move|p1b: Azumarill|Aqua Jet|p2b: Kaos\n|-supereffective|p2b: Kaos\n|-damage|p2b: Kaos|86\/100\n|move|p2a: Koji|Solar Blade||[still]\n|-prepare|p2a: Koji|Solar Blade\n|-anim|p2a: Koji|Solar Blade|p1b: Azumarill\n|-ability|p1b: Azumarill|Sap Sipper|boost\n|-boost|p1b: Azumarill|atk|1\n|move|p1a: Typhlosion|Heat Wave|p2a: Koji|[spread] p2a,p2b\n|-supereffective|p2a: Koji\n|-enditem|p2a: Koji|Focus Sash\n|-damage|p2a: Koji|1\/100\n|-damage|p2b: Kaos|63\/100\n|\n|-weather|none\n|-heal|p2b: Kaos|69\/100|[from] item: Leftovers\n|upkeep\n|turn|6\n|inactive|Nwolc has 120 seconds left.\n|\n|t:|1699067241\n|switch|p1a: Landorus|Landorus, M|100\/100\n|switch|p2a: Level4|Thundurus, M, shiny|100\/100\n|move|p1b: Azumarill|Aqua Jet|p2a: Level4\n|-damage|p2a: Level4|64\/100\n|move|p2b: Kaos|Stomping Tantrum|p1a: Landorus\n|-immune|p1a: Landorus\n|\n|-heal|p2b: Kaos|75\/100|[from] item: Leftovers\n|upkeep\n|turn|7\n|-message|Positive Plus forfeited.\n|\n|win|Nwolc\n|raw|Positive Plus's rating: 1356 &rarr; <strong>1335<\/strong><br \/>(-21 for losing)\n|raw|Nwolc's rating: 1339 &rarr; <strong>1360<\/strong><br \/>(+21 for winning)\n|l|\u2606Positive Plus\n","uploadtime":1699067266,"views":26,"p1id":"positiveplus","p2id":"nwolc","formatid":"gen9doublesou","rating":1335,"private":0,"password":""}