{"id":"gen9doublesou-1975056024","p1":"mahameloplatano","p2":"ChimeBliss","format":"[Gen 9] Doubles OU","log":"|j|\u2606mahameloplatano\n|j|\u2606ChimeBliss\n|t:|1698158443\n|gametype|doubles\n|player|p1|mahameloplatano|102|1344\n|player|p2|ChimeBliss|dawn-gen4pt|1430\n|teamsize|p1|6\n|teamsize|p2|6\n|gen|9\n|tier|[Gen 9] Doubles OU\n|rated|\n|rule|Species Clause: Limit one of each Pok\u00e9mon\n|rule|OHKO Clause: OHKO moves are banned\n|rule|Evasion Moves Clause: Evasion moves are banned\n|rule|Gravity Sleep Clause: The combination of sleep-inducing moves with imperfect accuracy and Gravity or Gigantamax Orbeetle are banned\n|rule|Endless Battle Clause: Forcing endless battles is banned\n|rule|HP Percentage Mod: HP is shown in percentages\n|clearpoke\n|poke|p1|Indeedee-F, F|\n|poke|p1|Okidogi, M|\n|poke|p1|Armarouge, M|\n|poke|p1|Diancie|\n|poke|p1|Dragapult, M|\n|poke|p1|Sinistcha-Masterpiece|\n|poke|p2|Chien-Pao|\n|poke|p2|Tornadus, M|\n|poke|p2|Dragonite, F|\n|poke|p2|Chi-Yu|\n|poke|p2|Flutter Mane|\n|poke|p2|Landorus, M|\n|teampreview\n|inactive|Battle timer is ON: inactive players will automatically lose when time's up. (requested by ChimeBliss)\n|inactive|mahameloplatano also wants the timer to be on.\n|\n|t:|1698158470\n|start\n|switch|p1a: Indeedee|Indeedee-F, F|100\/100\n|switch|p1b: Diancie|Diancie|100\/100\n|switch|p2a: Chi-Yu|Chi-Yu|100\/100\n|switch|p2b: Flutter Mane|Flutter Mane|100\/100\n|-ability|p2a: Chi-Yu|Beads of Ruin\n|-fieldstart|move: Psychic Terrain|[from] ability: Psychic Surge|[of] p1a: Indeedee\n|turn|1\n|\n|t:|1698158484\n|move|p1a: Indeedee|Protect|p1a: Indeedee\n|-singleturn|p1a: Indeedee|Protect\n|move|p2a: Chi-Yu|Dark Pulse|p1a: Indeedee\n|-activate|p1a: Indeedee|move: Protect\n|move|p2b: Flutter Mane|Dazzling Gleam|p1b: Diancie|[spread] p1b\n|-activate|p1a: Indeedee|move: Protect\n|-crit|p1b: Diancie\n|-damage|p1b: Diancie|29\/100\n|move|p1b: Diancie|Trick Room|p1b: Diancie\n|-fieldstart|move: Trick Room|[of] p1b: Diancie\n|\n|upkeep\n|turn|2\n|\n|t:|1698158502\n|move|p1b: Diancie|Diamond Storm|p2b: Flutter Mane|[spread] p2a,p2b\n|-supereffective|p2a: Chi-Yu\n|-damage|p2a: Chi-Yu|0 fnt\n|-damage|p2b: Flutter Mane|27\/100\n|-boost|p1b: Diancie|def|2\n|faint|p2a: Chi-Yu\n|move|p1a: Indeedee|Hyper Voice|p2b: Flutter Mane\n|-immune|p2b: Flutter Mane\n|move|p2b: Flutter Mane|Dazzling Gleam|p1b: Diancie|[spread] p1a,p1b\n|-damage|p1a: Indeedee|55\/100\n|-damage|p1b: Diancie|0 fnt\n|faint|p1b: Diancie\n|\n|upkeep\n|\n|t:|1698158529\n|switch|p1b: Armarouge|Armarouge, M|100\/100\n|switch|p2a: Tornadus|Tornadus, M|100\/100\n|turn|3\n|\n|t:|1698158540\n|move|p2a: Tornadus|Protect|p2a: Tornadus\n|-singleturn|p2a: Tornadus|Protect\n|move|p1a: Indeedee|Psychic|p2b: Flutter Mane\n|-crit|p2b: Flutter Mane\n|-damage|p2b: Flutter Mane|0 fnt\n|faint|p2b: Flutter Mane\n|-end|p2b: Flutter Mane|Protosynthesis|[silent]\n|move|p1b: Armarouge|Expanding Force|p2a: Tornadus\n|-activate|p2a: Tornadus|move: Protect\n|\n|upkeep\n|\n|t:|1698158563\n|switch|p2b: Dragonite|Dragonite, F, shiny|100\/100\n|turn|4\n|\n|t:|1698158572\n|move|p2a: Tornadus|Protect|p2a: Tornadus\n|-singleturn|p2a: Tornadus|Protect\n|move|p1a: Indeedee|Hyper Voice|p2a: Tornadus|[spread] p2b\n|-activate|p2a: Tornadus|move: Protect\n|-damage|p2b: Dragonite|73\/100\n|move|p1b: Armarouge|Expanding Force|p2b: Dragonite|[spread] p2b\n|-activate|p2a: Tornadus|move: Protect\n|-damage|p2b: Dragonite|15\/100\n|move|p2b: Dragonite|Dragon Claw|p1a: Indeedee\n|-damage|p1a: Indeedee|0 fnt\n|faint|p1a: Indeedee\n|\n|upkeep\n|\n|t:|1698158586\n|switch|p1a: Okidogi|Okidogi, M|100\/100\n|turn|5\n|inactive|mahameloplatano has 120 seconds left.\n|\n|t:|1698158617\n|move|p2a: Tornadus|Tailwind|p2a: Tornadus\n|-sidestart|p2: ChimeBliss|move: Tailwind\n|move|p1a: Okidogi|Drain Punch|p2a: Tornadus\n|-resisted|p2a: Tornadus\n|-damage|p2a: Tornadus|69\/100\n|move|p1b: Armarouge|Expanding Force|p2a: Tornadus|[spread] p2a,p2b\n|-damage|p2a: Tornadus|0 fnt\n|-damage|p2b: Dragonite|0 fnt\n|faint|p2a: Tornadus\n|faint|p2b: Dragonite\n|\n|-fieldend|move: Trick Room\n|-fieldend|move: Psychic Terrain\n|upkeep\n|\n|t:|1698158624\n|switch|p2a: Landorus|Landorus, M|100\/100\n|switch|p2b: Chien-Pao|Chien-Pao|100\/100\n|-ability|p2b: Chien-Pao|Sword of Ruin\n|turn|6\n|\n|t:|1698158639\n|-terastallize|p1a: Okidogi|Dark\n|move|p1b: Armarouge|Protect|p1b: Armarouge\n|-singleturn|p1b: Armarouge|Protect\n|move|p2b: Chien-Pao|Ice Spinner|p1b: Armarouge\n|-activate|p1b: Armarouge|move: Protect\n|move|p2a: Landorus|Sandsear Storm|p1b: Armarouge|[spread] p1a\n|-activate|p1b: Armarouge|move: Protect\n|-damage|p1a: Okidogi|60\/100\n|move|p1a: Okidogi|Drain Punch|p2b: Chien-Pao\n|-supereffective|p2b: Chien-Pao\n|-enditem|p2b: Chien-Pao|Focus Sash\n|-damage|p2b: Chien-Pao|1\/100\n|-heal|p1a: Okidogi|100\/100|[from] drain|[of] p2b: Chien-Pao\n|\n|upkeep\n|turn|7\n|\n|t:|1698158659\n|switch|p1b: Sinistcha|Sinistcha-Masterpiece|100\/100\n|move|p2b: Chien-Pao|Sacred Sword|p1a: Okidogi\n|-supereffective|p1a: Okidogi\n|-damage|p1a: Okidogi|39\/100\n|move|p2a: Landorus|Earth Power|p1b: Sinistcha\n|-resisted|p1b: Sinistcha\n|-damage|p1b: Sinistcha|74\/100\n|move|p1a: Okidogi|Brutal Swing|p2a: Landorus|[spread] p1b,p2a,p2b\n|-supereffective|p1b: Sinistcha\n|-resisted|p2b: Chien-Pao\n|-damage|p1b: Sinistcha|6\/100\n|-damage|p2a: Landorus|59\/100\n|-damage|p2b: Chien-Pao|0 fnt\n|faint|p2b: Chien-Pao\n|\n|upkeep\n|turn|8\n|inactive|mahameloplatano has 120 seconds left.\n|\n|t:|1698158692\n|move|p2a: Landorus|Sandsear Storm|p1a: Okidogi|[spread] p1a,p1b\n|-resisted|p1b: Sinistcha\n|-damage|p1a: Okidogi|0 fnt\n|-damage|p1b: Sinistcha|0 fnt\n|faint|p1a: Okidogi\n|faint|p1b: Sinistcha\n|\n|-sideend|p2: ChimeBliss|move: Tailwind\n|upkeep\n|inactive|mahameloplatano has 120 seconds left.\n|\n|t:|1698158699\n|switch|p1a: Dragapult|Dragapult, M|100\/100\n|switch|p1b: Armarouge|Armarouge, M|100\/100\n|turn|9\n|\n|t:|1698158707\n|move|p1b: Armarouge|Endure|p1b: Armarouge\n|-singleturn|p1b: Armarouge|move: Endure\n|move|p1a: Dragapult|Dragon Darts|p2a: Landorus\n|-damage|p2a: Landorus|30\/100\n|-anim|p1a: Dragapult|Dragon Darts|p2a: Landorus\n|-damage|p2a: Landorus|2\/100\n|move|p2a: Landorus|Sandsear Storm|p1a: Dragapult|[spread] p1a,p1b\n|-supereffective|p1b: Armarouge\n|-damage|p1a: Dragapult|20\/100\n|-activate|p1b: Armarouge|move: Endure\n|-damage|p1b: Armarouge|1\/100\n|-enditem|p1b: Armarouge|Weakness Policy\n|-boost|p1b: Armarouge|atk|2|[from] item: Weakness Policy\n|-boost|p1b: Armarouge|spa|2|[from] item: Weakness Policy\n|\n|-heal|p1a: Dragapult|26\/100|[from] item: Leftovers\n|upkeep\n|turn|10\n|\n|t:|1698158725\n|move|p1a: Dragapult|Dragon Darts|p2a: Landorus\n|-damage|p2a: Landorus|0 fnt\n|faint|p2a: Landorus\n|\n|win|mahameloplatano\n|raw|mahameloplatano's rating: 1344 &rarr; <strong>1369<\/strong><br \/>(+25 for winning)\n|raw|ChimeBliss's rating: 1430 &rarr; <strong>1405<\/strong><br \/>(-25 for losing)\n","uploadtime":1698158729,"views":12,"p1id":"mahameloplatano","p2id":"chimebliss","formatid":"gen9doublesou","rating":1369,"private":0,"password":""}