{"id":"gen9doublesou-1970925684","p1":"BigDaddy28","p2":"SXD2002","format":"[Gen 9] Doubles OU","log":"|j|\u2606BigDaddy28\n|j|\u2606SXD2002\n|t:|1697681486\n|gametype|doubles\n|player|p1|BigDaddy28|102|1000\n|player|p2|SXD2002|silver-masters|1045\n|teamsize|p1|4\n|teamsize|p2|4\n|gen|9\n|tier|[Gen 9] Doubles OU\n|rated|\n|rule|Species Clause: Limit one of each Pok\u00e9mon\n|rule|OHKO Clause: OHKO moves are banned\n|rule|Evasion Moves Clause: Evasion moves are banned\n|rule|Gravity Sleep Clause: The combination of sleep-inducing moves with imperfect accuracy and Gravity or Gigantamax Orbeetle are banned\n|rule|Endless Battle Clause: Forcing endless battles is banned\n|rule|HP Percentage Mod: HP is shown in percentages\n|clearpoke\n|poke|p1|Sableye, M|\n|poke|p1|Torterra, M|\n|poke|p1|Furret, F|\n|poke|p1|Gardevoir, M|\n|poke|p2|Lurantis, M|\n|poke|p2|Murkrow, F|\n|poke|p2|Grimmsnarl, M|\n|poke|p2|Clefairy, M|\n|teampreview\n|inactive|Battle timer is ON: inactive players will automatically lose when time's up. (requested by SXD2002)\n|inactive|BigDaddy28 has 120 seconds left.\n|\n|t:|1697681523\n|start\n|switch|p1a: Furret|Furret, F|100\/100\n|switch|p1b: Gardevoir|Gardevoir, M|100\/100\n|switch|p2a: Grimmsnarl|Grimmsnarl, M|100\/100\n|switch|p2b: Lurantis|Lurantis, M|100\/100\n|-item|p2a: Grimmsnarl|Leftovers|[from] ability: Frisk|[of] p1a: Furret|[identify]\n|-item|p2b: Lurantis|Leftovers|[from] ability: Frisk|[of] p1a: Furret|[identify]\n|turn|1\n|inactive|BigDaddy28 has 120 seconds left.\n|\n|t:|1697681572\n|move|p2a: Grimmsnarl|Scary Face|p2b: Lurantis\n|-boost|p2b: Lurantis|spe|2\n|move|p1a: Furret|Play Rough|p2a: Grimmsnarl\n|-supereffective|p2a: Grimmsnarl\n|-damage|p2a: Grimmsnarl|40\/100\n|move|p1b: Gardevoir|Dazzling Gleam|p2a: Grimmsnarl|[spread] p2a,p2b\n|-supereffective|p2a: Grimmsnarl\n|-damage|p2a: Grimmsnarl|0 fnt\n|-damage|p2b: Lurantis|66\/100\n|faint|p2a: Grimmsnarl\n|move|p2b: Lurantis|Superpower|p1a: Furret\n|-supereffective|p1a: Furret\n|-crit|p1a: Furret\n|-damage|p1a: Furret|0 fnt\n|-boost|p2b: Lurantis|atk|1\n|-boost|p2b: Lurantis|def|1\n|faint|p1a: Furret\n|\n|-heal|p2b: Lurantis|72\/100|[from] item: Leftovers\n|upkeep\n|inactive|BigDaddy28 has 120 seconds left.\n|\n|t:|1697681595\n|switch|p1a: Sableye|Sableye, M, shiny|100\/100\n|switch|p2a: Murkrow|Murkrow, F|100\/100\n|turn|2\n|\n|t:|1697681604\n|-terastallize|p2b: Lurantis|Steel\n|move|p2a: Murkrow|Taunt|p1a: Sableye\n|-hint|Since gen 7, Dark is immune to Prankster moves.\n|-immune|p1a: Sableye\n|move|p1a: Sableye|Will-O-Wisp|p2b: Lurantis|[miss]\n|-miss|p1a: Sableye|p2b: Lurantis\n|move|p1b: Gardevoir|Dazzling Gleam|p2b: Lurantis|[spread] p2a,p2b\n|-supereffective|p2a: Murkrow\n|-resisted|p2b: Lurantis\n|-damage|p2a: Murkrow|32\/100\n|-damage|p2b: Lurantis|55\/100\n|move|p2b: Lurantis|Leaf Storm|p1b: Gardevoir\n|-damage|p1b: Gardevoir|62\/100\n|-boost|p2b: Lurantis|spa|2\n|\n|-heal|p2b: Lurantis|61\/100|[from] item: Leftovers\n|upkeep\n|turn|3\n|\n|t:|1697681624\n|move|p2a: Murkrow|Thunder Wave|p1b: Gardevoir\n|-status|p1b: Gardevoir|par\n|-activate|p1b: Gardevoir|ability: Synchronize\n|-status|p2a: Murkrow|par\n|move|p1a: Sableye|Will-O-Wisp|p2b: Lurantis\n|-status|p2b: Lurantis|brn\n|move|p2b: Lurantis|Leaf Storm|p1b: Gardevoir\n|-damage|p1b: Gardevoir|0 fnt\n|-boost|p2b: Lurantis|spa|2\n|faint|p1b: Gardevoir\n|\n|-heal|p2b: Lurantis|67\/100 brn|[from] item: Leftovers\n|-damage|p2b: Lurantis|61\/100 brn|[from] brn\n|upkeep\n|\n|t:|1697681641\n|switch|p1b: Torterra|Torterra, M|100\/100\n|turn|4\n|\n|t:|1697681659\n|move|p2a: Murkrow|Screech|p2b: Lurantis\n|-boost|p2b: Lurantis|def|2\n|move|p2b: Lurantis|Leaf Storm|p1b: Torterra\n|-damage|p1b: Torterra|0 fnt\n|-boost|p2b: Lurantis|spa|2\n|faint|p1b: Torterra\n|move|p1a: Sableye|Knock Off|p2b: Lurantis\n|-damage|p2b: Lurantis|49\/100 brn\n|-enditem|p2b: Lurantis|Leftovers|[from] move: Knock Off|[of] p1a: Sableye\n|\n|-damage|p2b: Lurantis|43\/100 brn|[from] brn\n|upkeep\n|turn|5\n|\n|t:|1697681681\n|switch|p2a: Clefairy|Clefairy, M|100\/100\n|move|p1a: Sableye|Torment|p2b: Lurantis\n|-start|p2b: Lurantis|Torment\n|move|p2b: Lurantis|Leaf Storm|p1a: Sableye\n|-damage|p1a: Sableye|0 fnt\n|faint|p1a: Sableye\n|\n|win|SXD2002\n|raw|BigDaddy28's rating: 1000 &rarr; <strong>1000<\/strong><br \/>(+0 for losing)\n|raw|SXD2002's rating: 1045 &rarr; <strong>1074<\/strong><br \/>(+29 for winning)\n","uploadtime":1697681693,"views":12,"p1id":"bigdaddy28","p2id":"sxd2002","formatid":"gen9doublesou","rating":1000,"private":0,"password":""}