{"id":"gen9doublesou-1971394200","p1":"Tbonesteak55555","p2":"Sensei Bertolino","format":"[Gen 9] Doubles OU","log":"|j|\u2606Tbonesteak55555\n|j|\u2606Sensei Bertolino\n|t:|1697735052\n|gametype|doubles\n|player|p1|Tbonesteak55555|101|1061\n|player|p2|Sensei Bertolino|pryce|1036\n|teamsize|p1|6\n|teamsize|p2|6\n|gen|9\n|tier|[Gen 9] Doubles OU\n|rated|\n|rule|Species Clause: Limit one of each Pok\u00e9mon\n|rule|OHKO Clause: OHKO moves are banned\n|rule|Evasion Moves Clause: Evasion moves are banned\n|rule|Gravity Sleep Clause: The combination of sleep-inducing moves with imperfect accuracy and Gravity or Gigantamax Orbeetle are banned\n|rule|Endless Battle Clause: Forcing endless battles is banned\n|rule|HP Percentage Mod: HP is shown in percentages\n|clearpoke\n|poke|p1|Infernape, F|\n|poke|p1|Greninja-*, M|\n|poke|p1|Tornadus, M|\n|poke|p1|Pincurchin, F|\n|poke|p1|Dudunsparce-*, F|\n|poke|p1|Forretress, M|\n|poke|p2|Volcarona, F|\n|poke|p2|Palafin, F|\n|poke|p2|Sinistcha|\n|poke|p2|Grimmsnarl, M|\n|poke|p2|Okidogi, M|\n|poke|p2|Munkidori, M|\n|teampreview\n|inactive|Battle timer is ON: inactive players will automatically lose when time's up. (requested by Tbonesteak55555)\n|\n|t:|1697735056\n|start\n|switch|p1a: Tornadus|Tornadus, M|100\/100\n|switch|p1b: Pincurchin|Pincurchin, F|100\/100\n|switch|p2a: Dolphin|Palafin, F|100\/100\n|switch|p2b: PS4|Okidogi, M|100\/100\n|-fieldstart|move: Electric Terrain|[from] ability: Electric Surge|[of] p1b: Pincurchin\n|turn|1\n|c|\u2606Sensei Bertolino|Story Team ?\n|inactive|Sensei Bertolino has 120 seconds left.\n|c|\u2606Tbonesteak55555|Idk what that is\n|\n|t:|1697735094\n|move|p1a: Tornadus|Tailwind|p1a: Tornadus\n|-sidestart|p1: Tbonesteak55555|move: Tailwind\n|move|p2a: Dolphin|Flip Turn|p1a: Tornadus\n|-damage|p1a: Tornadus|70\/100\n|\n|t:|1697735107\n|detailschange|p2a: Dolphin|Palafin-Hero, F\n|switch|p2a: Game&Watch|Volcarona, F|100\/100|[from] Flip Turn\n|move|p2b: PS4|Poison Jab|p1a: Tornadus\n|-damage|p1a: Tornadus|10\/100\n|-status|p1a: Tornadus|tox|[from] ability: Toxic Chain|[of] p2b: PS4\n|move|p1b: Pincurchin|Discharge|p2b: PS4|[spread] p1a,p2a,p2b\n|-supereffective|p1a: Tornadus\n|-damage|p1a: Tornadus|0 fnt\n|-damage|p2a: Game&Watch|45\/100\n|-damage|p2b: PS4|37\/100\n|-status|p2a: Game&Watch|par\n|faint|p1a: Tornadus\n|\n|-heal|p2b: PS4|43\/100|[from] item: Leftovers\n|-heal|p2a: Game&Watch|51\/100 par|[from] item: Leftovers\n|upkeep\n|c|\u2606Sensei Bertolino|Fuck Discharge lmao\n|\n|t:|1697735128\n|switch|p1a: Forretress|Forretress, M|100\/100\n|turn|2\n|c|\u2606Sensei Bertolino|I really didn't like this move\n|\n|t:|1697735145\n|move|p2b: PS4|Protect|p2b: PS4\n|-singleturn|p2b: PS4|Protect\n|move|p1a: Forretress|Earthquake|p2a: Game&Watch|[spread] p1b,p2a\n|-activate|p2b: PS4|move: Protect\n|-supereffective|p1b: Pincurchin\n|-damage|p1b: Pincurchin|62\/100\n|-damage|p2a: Game&Watch|26\/100 par\n|move|p2a: Game&Watch|Quiver Dance|p2a: Game&Watch\n|-boost|p2a: Game&Watch|spa|1\n|-boost|p2a: Game&Watch|spd|1\n|-boost|p2a: Game&Watch|spe|1\n|move|p1b: Pincurchin|Discharge|p2b: PS4|[spread] p1a,p2a\n|-activate|p2b: PS4|move: Protect\n|-damage|p1a: Forretress|26\/100\n|-damage|p2a: Game&Watch|0 fnt\n|faint|p2a: Game&Watch\n|\n|-heal|p2b: PS4|49\/100|[from] item: Leftovers\n|upkeep\n|inactive|Sensei Bertolino has 120 seconds left.\n|\n|t:|1697735157\n|switch|p2a: Dolphin|Palafin-Hero, F|100\/100\n|-activate|p2a: Dolphin|ability: Zero to Hero\n|turn|3\n|\n|t:|1697735175\n|-terastallize|p2a: Dolphin|Water\n|move|p2a: Dolphin|Waterfall|p1b: Pincurchin\n|-damage|p1b: Pincurchin|0 fnt\n|faint|p1b: Pincurchin\n|move|p2b: PS4|Close Combat|p1a: Forretress\n|-damage|p1a: Forretress|0 fnt\n|-unboost|p2b: PS4|def|1\n|-unboost|p2b: PS4|spd|1\n|-damage|p2b: PS4|33\/100|[from] item: Rocky Helmet|[of] p1a: Forretress\n|faint|p1a: Forretress\n|\n|-heal|p2b: PS4|39\/100|[from] item: Leftovers\n|upkeep\n|\n|t:|1697735186\n|switch|p1a: Infernape|Infernape, F|100\/100\n|switch|p1b: Greninja|Greninja, M|100\/100\n|turn|4\n|inactive|Sensei Bertolino has 120 seconds left.\n|\n|t:|1697735220\n|switch|p2a: Switch|Sinistcha|100\/100\n|-heal|p2b: PS4|64\/100|[from] ability: Hospitality|[of] p2a: Switch\n|-terastallize|p1a: Infernape|Ghost\n|move|p1b: Greninja|Water Pledge|p2b: PS4\n|-waiting|p1b: Greninja|p1a: Infernape\n|move|p1a: Infernape|Fire Pledge|p2b: PS4|[from]move: Water Pledge\n|-combine\n|-damage|p2b: PS4|0 fnt\n|-sidestart|p1: Tbonesteak55555|Water Pledge\n|faint|p2b: PS4\n|\n|-sideend|p1: Tbonesteak55555|move: Tailwind\n|upkeep\n|inactive|Sensei Bertolino has 120 seconds left.\n|\n|t:|1697735236\n|switch|p2b: WII|Munkidori, M|100\/100\n|turn|5\n|inactive|Sensei Bertolino has 120 seconds left.\n|\n|t:|1697735264\n|move|p2b: WII|Fake Out|p1b: Greninja\n|-damage|p1b: Greninja|89\/100\n|cant|p1b: Greninja|flinch\n|move|p1a: Infernape|Rock Slide|p2a: Switch|[spread] p2a,p2b\n|-damage|p2a: Switch|83\/100\n|-damage|p2b: WII|74\/100\n|cant|p2a: Switch|flinch\n|\n|-heal|p2b: WII|80\/100|[from] item: Leftovers\n|-fieldend|move: Electric Terrain\n|upkeep\n|turn|6\n|\n|t:|1697735278\n|move|p1b: Greninja|Rock Slide|p2b: WII|[spread] p2a,p2b\n|-damage|p2a: Switch|66\/100\n|-damage|p2b: WII|53\/100\n|move|p2b: WII|Shadow Ball|p1a: Infernape\n|-supereffective|p1a: Infernape\n|-damage|p1a: Infernape|11\/100\n|move|p1a: Infernape|Rock Slide|p2b: WII|[spread] p2a,p2b\n|-damage|p2a: Switch|47\/100\n|-damage|p2b: WII|23\/100\n|-enditem|p2a: Switch|Sitrus Berry|[eat]\n|-heal|p2a: Switch|72\/100|[from] item: Sitrus Berry\n|cant|p2a: Switch|flinch\n|\n|-heal|p2b: WII|29\/100|[from] item: Leftovers\n|upkeep\n|turn|7\n|\n|t:|1697735300\n|switch|p2b: Gamecube|Grimmsnarl, M|100\/100\n|move|p1b: Greninja|Rock Slide|p2a: Switch|[spread] p2a,p2b\n|-damage|p2a: Switch|57\/100\n|-damage|p2b: Gamecube|80\/100\n|move|p1a: Infernape|Rock Slide|p2b: Gamecube|[spread] p2a,p2b\n|-damage|p2a: Switch|40\/100\n|-damage|p2b: Gamecube|58\/100\n|move|p2a: Switch|Matcha Gotcha|p1b: Greninja|[spread] p1a\n|-miss|p2a: Switch|p1b: Greninja\n|-damage|p1a: Infernape|0 fnt\n|-heal|p2a: Switch|44\/100|[from] drain|[of] p1a: Infernape\n|faint|p1a: Infernape\n|\n|-sideend|p1: Tbonesteak55555|Water Pledge\n|upkeep\n|\n|t:|1697735313\n|switch|p1a: Dudunsparce|Dudunsparce-Three-Segment, F|100\/100\n|turn|8\n|\n|t:|1697735330\n|move|p2b: Gamecube|Taunt|p1a: Dudunsparce\n|-start|p1a: Dudunsparce|move: Taunt\n|move|p1b: Greninja|Rock Slide|p2b: Gamecube|[spread] p2a,p2b\n|-damage|p2a: Switch|29\/100\n|-damage|p2b: Gamecube|37\/100\n|move|p1a: Dudunsparce|Rock Slide|p2b: Gamecube|[spread] p2a,p2b\n|-damage|p2a: Switch|13\/100\n|-damage|p2b: Gamecube|16\/100\n|cant|p2a: Switch|flinch\n|\n|upkeep\n|turn|9\n|c|\u2606Sensei Bertolino|Fuck\n|c|\u2606Sensei Bertolino|you\n|c|\u2606Sensei Bertolino|rself\n|\n|t:|1697735359\n|move|p2b: Gamecube|Thunder Wave|p1b: Greninja\n|-hint|Since gen 7, Dark is immune to Prankster moves.\n|-immune|p1b: Greninja\n|move|p1b: Greninja|Rock Slide|p2b: Gamecube|[spread] p2a,p2b\n|-damage|p2a: Switch|0 fnt\n|-damage|p2b: Gamecube|0 fnt\n|faint|p2a: Switch\n|faint|p2b: Gamecube\n|-ability|p1b: Greninja|Battle Bond|boost\n|-boost|p1b: Greninja|atk|1\n|-boost|p1b: Greninja|spa|1\n|-boost|p1b: Greninja|spe|1\n|-activate|p1b: Greninja|ability: Battle Bond\n|move|p1a: Dudunsparce|Rock Slide|p2: Switch|[notarget]\n|-fail|p1a: Dudunsparce\n|\n|upkeep\n|c|\u2606Tbonesteak55555|:(\n|c|\u2606Sensei Bertolino|Just not funny\n|\n|t:|1697735369\n|switch|p2a: WII|Munkidori, M|29\/100\n|switch|p2b: Dolphin|Palafin-Hero, F, tera:Water|100\/100\n|turn|10\n|c|\u2606Sensei Bertolino|It's like fighting the Covid 19\n|\n|t:|1697735391\n|move|p2a: WII|Fake Out|p1b: Greninja\n|-damage|p1b: Greninja|77\/100\n|-status|p1b: Greninja|tox|[from] ability: Toxic Chain|[of] p2a: WII\n|cant|p1b: Greninja|flinch\n|move|p1a: Dudunsparce|Rock Slide|p2a: WII|[spread] p2a,p2b\n|-damage|p2a: WII|5\/100\n|-damage|p2b: Dolphin|85\/100\n|cant|p2b: Dolphin|flinch\n|\n|-heal|p2a: WII|11\/100|[from] item: Leftovers\n|-damage|p1b: Greninja|71\/100 tox|[from] psn\n|-end|p1a: Dudunsparce|move: Taunt\n|upkeep\n|turn|11\n|c|\u2606Sensei Bertolino|Do you hack the game\n|c|\u2606Sensei Bertolino|Or is Rock Slide 100% flinch luck ?\n|inactive|Sensei Bertolino has 120 seconds left.\n|c|\u2606Tbonesteak55555|Nah, just serene grace and rainbow\n|\n|t:|1697735427\n|move|p1b: Greninja|Rock Slide|p2a: WII|[spread] p2a,p2b\n|-damage|p2a: WII|0 fnt\n|-damage|p2b: Dolphin|61\/100\n|faint|p2a: WII\n|move|p1a: Dudunsparce|Rock Slide|p2b: Dolphin\n|-damage|p2b: Dolphin|40\/100\n|cant|p2b: Dolphin|flinch\n|\n|-damage|p1b: Greninja|59\/100 tox|[from] psn\n|upkeep\n|turn|12\n|c|\u2606Tbonesteak55555|and its 30%\n|c|\u2606Tbonesteak55555|serene grace and rainbow double the odds\n|\n|t:|1697735449\n|move|p1b: Greninja|Rock Slide|p2b: Dolphin\n|-crit|p2b: Dolphin\n|-damage|p2b: Dolphin|0 fnt\n|faint|p2b: Dolphin\n|\n|win|Tbonesteak55555\n|raw|Tbonesteak55555's rating: 1061 &rarr; <strong>1090<\/strong><br \/>(+29 for winning)\n|raw|Sensei Bertolino's rating: 1036 &rarr; <strong>1022<\/strong><br \/>(-14 for losing)\n|c|\u2606Tbonesteak55555|gg\n","uploadtime":1697735459,"views":16,"p1id":"tbonesteak55555","p2id":"senseibertolino","formatid":"gen9doublesou","rating":1022,"private":0,"password":""}