{"id":"gen9doublesou-2000607608","p1":"Jakenation","p2":"sortilum","format":"[Gen 9] Doubles OU","log":"|j|\u2606Jakenation\n|j|\u2606sortilum\n|t:|1701209993\n|gametype|doubles\n|player|p1|Jakenation|lance|1149\n|player|p2|sortilum|265|1150\n|teamsize|p1|6\n|teamsize|p2|6\n|gen|9\n|tier|[Gen 9] Doubles OU\n|rated|\n|rule|Species Clause: Limit one of each Pok\u00e9mon\n|rule|OHKO Clause: OHKO moves are banned\n|rule|Evasion Moves Clause: Evasion moves are banned\n|rule|Gravity Sleep Clause: The combination of sleep-inducing moves with imperfect accuracy and Gravity or Gigantamax Orbeetle are banned\n|rule|Endless Battle Clause: Forcing endless battles is banned\n|rule|HP Percentage Mod: HP is shown in percentages\n|clearpoke\n|poke|p1|Torterra, F|\n|poke|p1|Charizard, F|\n|poke|p1|Torkoal, F|\n|poke|p1|Golem-Alola, M|\n|poke|p1|Iron Leaves|\n|poke|p1|Walking Wake|\n|poke|p2|Chimecho, M|\n|poke|p2|Rotom-Heat|\n|poke|p2|Slowking-Galar, F|\n|poke|p2|Iron Valiant|\n|poke|p2|Blissey, F|\n|poke|p2|Grimmsnarl, M|\n|teampreview\n|\n|t:|1701210002\n|start\n|switch|p1a: Torkoal|Torkoal, F|100\/100\n|switch|p1b: Charizard|Charizard, F|100\/100\n|switch|p2a: Overcooked|Rotom-Heat, shiny|100\/100\n|switch|p2b: Eren|Grimmsnarl, M, shiny|100\/100\n|-weather|SunnyDay|[from] ability: Drought|[of] p1a: Torkoal\n|turn|1\n|\n|t:|1701210021\n|move|p2b: Eren|Trick|p1a: Torkoal\n|-activate|p2b: Eren|move: Trick|[of] p1a: Torkoal\n|-item|p1a: Torkoal|Choice Scarf|[from] move: Trick\n|-item|p2b: Eren|Heat Rock|[from] move: Trick\n|move|p2a: Overcooked|Trick|p1b: Charizard\n|-activate|p2a: Overcooked|move: Trick|[of] p1b: Charizard\n|-item|p1b: Charizard|Choice Scarf|[from] move: Trick\n|-item|p2a: Overcooked|Assault Vest|[from] move: Trick\n|move|p1b: Charizard|Air Slash|p2a: Overcooked\n|-resisted|p2a: Overcooked\n|-damage|p2a: Overcooked|76\/100\n|move|p1a: Torkoal|Will-O-Wisp|p2b: Eren\n|-status|p2b: Eren|brn\n|\n|-weather|SunnyDay|[upkeep]\n|-damage|p1b: Charizard|88\/100|[from] ability: Solar Power|[of] p1b: Charizard\n|-damage|p2b: Eren|94\/100 brn|[from] brn\n|upkeep\n|turn|2\n|c|\u2606Jakenation|Oh my god is that Eren Yaeger?\n|\n|t:|1701210069\n|switch|p1a: Torterra|Torterra, F|100\/100\n|move|p2b: Eren|Parting Shot|p1b: Charizard\n|-unboost|p1b: Charizard|atk|1\n|-unboost|p1b: Charizard|spa|1\n|c|\u2606sortilum|yaeger bombs baby\n|\n|t:|1701210090\n|switch|p2b: Serene|Blissey, F, shiny|100\/100|[from] Parting Shot\n|move|p1b: Charizard|Air Slash|p2b: Serene\n|-crit|p2b: Serene\n|-damage|p2b: Serene|76\/100\n|move|p2a: Overcooked|Volt Switch|p1b: Charizard\n|-supereffective|p1b: Charizard\n|-damage|p1b: Charizard|13\/100\n|\n|t:|1701210095\n|switch|p2a: Eren|Grimmsnarl, M, shiny|94\/100 brn|[from] Volt Switch\n|\n|-weather|SunnyDay|[upkeep]\n|-damage|p1b: Charizard|0 fnt|[from] ability: Solar Power|[of] p1b: Charizard\n|faint|p1b: Charizard\n|-activate|p2b: Serene|ability: Healer\n|-curestatus|p2a: Eren|brn|[msg]\n|upkeep\n|\n|t:|1701210105\n|switch|p1b: Golem|Golem-Alola, M|100\/100\n|turn|3\n|\n|t:|1701210113\n|move|p2a: Eren|Fake Out|p1b: Golem\n|-resisted|p1b: Golem\n|-damage|p1b: Golem|96\/100\n|move|p2b: Serene|Trick|p1a: Torterra\n|-activate|p2b: Serene|move: Trick|[of] p1a: Torterra\n|-item|p1a: Torterra|Choice Scarf|[from] move: Trick\n|-item|p2b: Serene|White Herb|[from] move: Trick\n|move|p1a: Torterra|Shell Smash|p1a: Torterra\n|-unboost|p1a: Torterra|def|1\n|-unboost|p1a: Torterra|spd|1\n|-boost|p1a: Torterra|atk|2\n|-boost|p1a: Torterra|spa|2\n|-boost|p1a: Torterra|spe|2\n|cant|p1b: Golem|flinch\n|\n|-weather|SunnyDay|[upkeep]\n|upkeep\n|turn|4\n|\n|t:|1701210137\n|switch|p2b: Overcooked|Rotom-Heat, shiny|76\/100\n|move|p2a: Eren|Parting Shot|p1b: Golem\n|-unboost|p1b: Golem|atk|1\n|-unboost|p1b: Golem|spa|1\n|\n|t:|1701210144\n|switch|p2a: Serene|Blissey, F, shiny|76\/100|[from] Parting Shot\n|move|p1a: Torterra|Shell Smash|p1a: Torterra\n|-unboost|p1a: Torterra|def|1\n|-unboost|p1a: Torterra|spd|1\n|-boost|p1a: Torterra|atk|2\n|-boost|p1a: Torterra|spa|2\n|-boost|p1a: Torterra|spe|2\n|move|p1b: Golem|Explosion|p2b: Overcooked|[spread] p2a,p2b\n|-immune|p1a: Torterra\n|-resisted|p2b: Overcooked\n|-damage|p2a: Serene|0 fnt\n|-damage|p2b: Overcooked|26\/100\n|faint|p1b: Golem\n|faint|p2a: Serene\n|\n|-weather|SunnyDay|[upkeep]\n|upkeep\n|\n|t:|1701210162\n|switch|p2a: CyberTrans|Iron Valiant, shiny|100\/100\n|switch|p1b: Walking Wake|Walking Wake|100\/100\n|-activate|p1b: Walking Wake|ability: Protosynthesis\n|-start|p1b: Walking Wake|protosynthesisspa\n|turn|5\n|\n|t:|1701210185\n|switch|p1a: Torkoal|Torkoal, F|100\/100\n|-terastallize|p1b: Walking Wake|Dragon\n|move|p2a: CyberTrans|Trick||[still]\n|-fail|p2a: CyberTrans\n|move|p1b: Walking Wake|Dragon Pulse|p2b: Overcooked\n|-crit|p2b: Overcooked\n|-damage|p2b: Overcooked|0 fnt\n|faint|p2b: Overcooked\n|\n|-weather|SunnyDay|[upkeep]\n|upkeep\n|\n|t:|1701210198\n|switch|p2b: Eren|Grimmsnarl, M, shiny|94\/100\n|turn|6\n|\n|t:|1701210218\n|move|p2b: Eren|Fake Out|p1a: Torkoal\n|-damage|p1a: Torkoal|90\/100\n|move|p2a: CyberTrans|Trick||[still]\n|-fail|p2a: CyberTrans\n|move|p1b: Walking Wake|Hydro Steam|p2b: Eren\n|-damage|p2b: Eren|0 fnt\n|faint|p2b: Eren\n|cant|p1a: Torkoal|flinch\n|\n|-weather|SunnyDay|[upkeep]\n|upkeep\n|\n|t:|1701210256\n|switch|p2b: SlowQueen|Slowking-Galar, F, shiny|100\/100\n|turn|7\n|c|\u2606sortilum|whats your item on fake suicune\n|\n|t:|1701210301\n|-end|p2a: CyberTrans|Quark Drive|[silent]\n|switch|p2a: Windy|Chimecho, M, shiny|100\/100\n|move|p1b: Walking Wake|Hydro Steam|p2a: Windy\n|-damage|p2a: Windy|16\/100\n|move|p2b: SlowQueen|Toxic|p1b: Walking Wake\n|-status|p1b: Walking Wake|tox\n|move|p1a: Torkoal|Will-O-Wisp|p2a: Windy\n|-status|p2a: Windy|brn\n|\n|-weather|SunnyDay|[upkeep]\n|-damage|p1b: Walking Wake|94\/100 tox|[from] psn\n|-damage|p2a: Windy|10\/100 brn|[from] brn\n|upkeep\n|turn|8\n|c|\u2606Jakenation|what makes you think I'll tell you?\n|c|\u2606Jakenation|Also it\n|c|\u2606Jakenation|its name is right there\n|n|!sortilum|sortilum\n|-message|sortilum forfeited.\n|\n|win|Jakenation\n|raw|Jakenation's rating: 1149 &rarr; <strong>1174<\/strong><br \/>(+25 for winning)\n|raw|sortilum's rating: 1150 &rarr; <strong>1125<\/strong><br \/>(-25 for losing)\n","uploadtime":1701210333,"views":6,"p1id":"jakenation","p2id":"sortilum","formatid":"gen9doublesou","rating":1125,"private":0,"password":""}