{"id":"gen9doublesou-1976739698","p1":"Palad1n2000","p2":"Lil Henry","format":"[Gen 9] Doubles OU","log":"|j|\u2606Palad1n2000\n|j|\u203dLil Henry\n|t:|1698337573\n|gametype|doubles\n|player|p1|Palad1n2000|102|1359\n|player|p2|Lil Henry|cynthia|1419\n|teamsize|p1|6\n|teamsize|p2|6\n|gen|9\n|tier|[Gen 9] Doubles OU\n|rated|\n|rule|Species Clause: Limit one of each Pok\u00e9mon\n|rule|OHKO Clause: OHKO moves are banned\n|rule|Evasion Moves Clause: Evasion moves are banned\n|rule|Gravity Sleep Clause: The combination of sleep-inducing moves with imperfect accuracy and Gravity or Gigantamax Orbeetle are banned\n|rule|Endless Battle Clause: Forcing endless battles is banned\n|rule|HP Percentage Mod: HP is shown in percentages\n|clearpoke\n|poke|p1|Iron Hands|\n|poke|p1|Chi-Yu|\n|poke|p1|Torterra, M|\n|poke|p1|Cresselia, F|\n|poke|p1|Goodra-Hisui, F|\n|poke|p1|Basculegion-F, F|\n|poke|p2|Cresselia, F|\n|poke|p2|Lilligant-Hisui, F|\n|poke|p2|Flutter Mane|\n|poke|p2|Ninetales, F|\n|poke|p2|Ogerpon-Hearthflame, F|\n|poke|p2|Tornadus, M|\n|teampreview\n|\n|t:|1698337603\n|start\n|switch|p1a: Torterra|Torterra, M|100\/100\n|switch|p1b: Iron Hands|Iron Hands|100\/100\n|switch|p2a: Tornadus|Tornadus, M, shiny|100\/100\n|switch|p2b: Flutter Mane|Flutter Mane|100\/100\n|turn|1\n|\n|t:|1698337619\n|move|p1b: Iron Hands|Fake Out|p2a: Tornadus\n|-damage|p2a: Tornadus|78\/100\n|-damage|p1b: Iron Hands|91\/100|[from] item: Life Orb\n|move|p2a: Tornadus|Tailwind|p2a: Tornadus\n|-sidestart|p2: Lil Henry|move: Tailwind\n|move|p2b: Flutter Mane|Dazzling Gleam|p1b: Iron Hands|[spread] p1a,p1b\n|-supereffective|p1b: Iron Hands\n|-damage|p1a: Torterra|54\/100\n|-damage|p1b: Iron Hands|4\/100\n|move|p1a: Torterra|Leech Seed|p2b: Flutter Mane\n|-start|p2b: Flutter Mane|move: Leech Seed\n|\n|-heal|p1a: Torterra|60\/100|[from] item: Leftovers\n|-damage|p2b: Flutter Mane|88\/100|[from] Leech Seed|[of] p1a: Torterra\n|-heal|p1a: Torterra|68\/100|[silent]\n|upkeep\n|turn|2\n|\n|t:|1698337638\n|-end|p2b: Flutter Mane|Protosynthesis|[silent]\n|switch|p2b: Ninetales|Ninetales, F, shiny|100\/100\n|-weather|SunnyDay|[from] ability: Drought|[of] p2b: Ninetales\n|move|p1a: Torterra|Protect|p1a: Torterra\n|-singleturn|p1a: Torterra|Protect\n|move|p1b: Iron Hands|Detect|p1b: Iron Hands\n|-singleturn|p1b: Iron Hands|Protect\n|move|p2a: Tornadus|Bleakwind Storm|p1b: Iron Hands|[spread] \n|-activate|p1a: Torterra|move: Protect\n|-activate|p1b: Iron Hands|move: Protect\n|\n|-weather|SunnyDay|[upkeep]\n|-heal|p1a: Torterra|74\/100|[from] item: Leftovers\n|upkeep\n|turn|3\n|\n|t:|1698337660\n|-end|p1b: Iron Hands|Quark Drive|[silent]\n|switch|p1b: Cresselia|Cresselia, F|100\/100\n|move|p2b: Ninetales|Will-O-Wisp|p1a: Torterra\n|-status|p1a: Torterra|brn\n|move|p2a: Tornadus|Bleakwind Storm|p1b: Cresselia|[spread] p1a,p1b\n|-supereffective|p1a: Torterra\n|-damage|p1a: Torterra|11\/100 brn\n|-damage|p1b: Cresselia|86\/100\n|-unboost|p1a: Torterra|spe|1\n|-unboost|p1b: Cresselia|spe|1\n|move|p1a: Torterra|Leech Seed|p2a: Tornadus\n|-start|p2a: Tornadus|move: Leech Seed\n|\n|-weather|SunnyDay|[upkeep]\n|-heal|p1a: Torterra|18\/100 brn|[from] item: Leftovers\n|-damage|p2a: Tornadus|65\/100|[from] Leech Seed|[of] p1a: Torterra\n|-heal|p1a: Torterra|29\/100 brn|[silent]\n|-damage|p1a: Torterra|23\/100 brn|[from] brn\n|upkeep\n|turn|4\n|\n|t:|1698337677\n|switch|p2a: Ogerpon|Ogerpon-Hearthflame, F|100\/100\n|-ability|p2a: Ogerpon|Mold Breaker\n|move|p1a: Torterra|Protect|p1a: Torterra\n|-singleturn|p1a: Torterra|Protect\n|move|p2b: Ninetales|Heat Wave|p1a: Torterra|[spread] p1b\n|-activate|p1a: Torterra|move: Protect\n|-damage|p1b: Cresselia|71\/100\n|move|p1b: Cresselia|Trick Room|p1b: Cresselia\n|-fieldstart|move: Trick Room|[of] p1b: Cresselia\n|\n|-weather|SunnyDay|[upkeep]\n|-heal|p1a: Torterra|29\/100 brn|[from] item: Leftovers\n|-damage|p1a: Torterra|23\/100 brn|[from] brn\n|-sideend|p2: Lil Henry|move: Tailwind\n|upkeep\n|turn|5\n|\n|t:|1698337697\n|switch|p2b: Cresselia|Cresselia, F, shiny|100\/100\n|move|p1a: Torterra|Stomping Tantrum|p2b: Cresselia\n|-immune|p2b: Cresselia|[from] ability: Levitate\n|move|p1b: Cresselia|Lunar Blessing|p1b: Cresselia|[spread] p1a,p1b\n|-heal|p1a: Torterra|48\/100 brn\n|-curestatus|p1a: Torterra|brn|[msg]\n|-heal|p1b: Cresselia|96\/100\n|move|p2a: Ogerpon|Ivy Cudgel|p1b: Cresselia\n|-damage|p1b: Cresselia|37\/100\n|\n|-weather|SunnyDay|[upkeep]\n|-heal|p1a: Torterra|54\/100|[from] item: Leftovers\n|upkeep\n|turn|6\n|\n|t:|1698337717\n|switch|p1b: Iron Hands|Iron Hands|4\/100\n|move|p1a: Torterra|Leech Seed|p2b: Cresselia|[miss]\n|-miss|p1a: Torterra|p2b: Cresselia\n|move|p2a: Ogerpon|Ivy Cudgel|p1b: Iron Hands\n|-damage|p1b: Iron Hands|0 fnt\n|faint|p1b: Iron Hands\n|-end|p1b: Iron Hands|Quark Drive|[silent]\n|move|p2b: Cresselia|Trick Room|p2b: Cresselia\n|-fieldend|move: Trick Room\n|\n|-weather|SunnyDay|[upkeep]\n|-heal|p1a: Torterra|60\/100|[from] item: Leftovers\n|upkeep\n|\n|t:|1698337729\n|switch|p1b: Chi-Yu|Chi-Yu|100\/100\n|-ability|p1b: Chi-Yu|Beads of Ruin\n|turn|7\n|\n|t:|1698337746\n|move|p1a: Torterra|Protect|p1a: Torterra\n|-singleturn|p1a: Torterra|Protect\n|move|p2a: Ogerpon|Stomping Tantrum|p1b: Chi-Yu\n|-supereffective|p1b: Chi-Yu\n|-damage|p1b: Chi-Yu|10\/100\n|move|p1b: Chi-Yu|Dark Pulse|p2b: Cresselia\n|-supereffective|p2b: Cresselia\n|-damage|p2b: Cresselia|4\/100\n|move|p2b: Cresselia|Moonblast|p1b: Chi-Yu\n|-damage|p1b: Chi-Yu|0 fnt\n|faint|p1b: Chi-Yu\n|\n|-weather|SunnyDay|[upkeep]\n|-heal|p1a: Torterra|66\/100|[from] item: Leftovers\n|upkeep\n|\n|t:|1698337756\n|switch|p1b: Basculegion|Basculegion-F, F|100\/100\n|turn|8\n|\n|t:|1698337773\n|switch|p2b: Lilligant|Lilligant-Hisui, F, shiny|100\/100\n|move|p1b: Basculegion|Flip Turn|p2b: Lilligant\n|-resisted|p2b: Lilligant\n|-damage|p2b: Lilligant|89\/100\n|\n|t:|1698337778\n|switch|p1b: Cresselia|Cresselia, F|37\/100|[from] Flip Turn\n|move|p2a: Ogerpon|Horn Leech|p1b: Cresselia\n|-damage|p1b: Cresselia|8\/100\n|-damage|p2a: Ogerpon|84\/100|[from] item: Rocky Helmet|[of] p1b: Cresselia\n|move|p1a: Torterra|Stomping Tantrum|p2a: Ogerpon\n|-damage|p2a: Ogerpon|48\/100\n|\n|-weather|SunnyDay|[upkeep]\n|-heal|p1a: Torterra|72\/100|[from] item: Leftovers\n|upkeep\n|turn|9\n|\n|t:|1698337798\n|move|p1b: Cresselia|Protect|p1b: Cresselia\n|-singleturn|p1b: Cresselia|Protect\n|move|p2b: Lilligant|Solar Blade||[still]\n|-prepare|p2b: Lilligant|Solar Blade\n|-anim|p2b: Lilligant|Solar Blade|p1b: Cresselia\n|-activate|p1b: Cresselia|move: Protect\n|move|p2a: Ogerpon|Ivy Cudgel|p1a: Torterra\n|-supereffective|p1a: Torterra\n|-damage|p1a: Torterra|0 fnt\n|faint|p1a: Torterra\n|\n|-weather|none\n|upkeep\n|\n|t:|1698337809\n|switch|p1a: Basculegion|Basculegion-F, F|100\/100\n|turn|10\n|\n|t:|1698337819\n|switch|p2b: Ninetales|Ninetales, F, shiny|100\/100\n|-weather|SunnyDay|[from] ability: Drought|[of] p2b: Ninetales\n|move|p1a: Basculegion|Waterfall|p2a: Ogerpon\n|-damage|p2a: Ogerpon|23\/100\n|move|p2a: Ogerpon|Horn Leech|p1b: Cresselia\n|-damage|p1b: Cresselia|0 fnt\n|-heal|p2a: Ogerpon|29\/100|[from] drain|[of] p1b: Cresselia\n|-damage|p2a: Ogerpon|13\/100|[from] item: Rocky Helmet|[of] p1b: Cresselia\n|faint|p1b: Cresselia\n|\n|-weather|SunnyDay|[upkeep]\n|upkeep\n|\n|t:|1698337825\n|switch|p1b: Goodra|Goodra-Hisui, F|100\/100\n|turn|11\n|\n|t:|1698337842\n|move|p1b: Goodra|Protect|p1b: Goodra\n|-singleturn|p1b: Goodra|Protect\n|move|p1a: Basculegion|Waterfall|p2a: Ogerpon\n|-damage|p2a: Ogerpon|0 fnt\n|faint|p2a: Ogerpon\n|move|p2b: Ninetales|Will-O-Wisp|p1a: Basculegion\n|-status|p1a: Basculegion|brn\n|\n|-weather|SunnyDay|[upkeep]\n|-damage|p1a: Basculegion|94\/100 brn|[from] brn\n|upkeep\n|c|\u2606Palad1n2000|sun teams are no bueno for mine i'm learning\n|\n|t:|1698337856\n|switch|p2a: Flutter Mane|Flutter Mane|88\/100\n|-activate|p2a: Flutter Mane|ability: Protosynthesis\n|-start|p2a: Flutter Mane|protosynthesisspe\n|turn|12\n|\n|t:|1698337869\n|-terastallize|p2a: Flutter Mane|Fairy\n|-terastallize|p1b: Goodra|Steel\n|move|p2a: Flutter Mane|Moonblast|p1b: Goodra\n|-resisted|p1b: Goodra\n|-damage|p1b: Goodra|73\/100\n|move|p1a: Basculegion|Waterfall|p2b: Ninetales\n|-supereffective|p2b: Ninetales\n|-damage|p2b: Ninetales|75\/100\n|move|p2b: Ninetales|Heat Wave|p1b: Goodra|[spread] p1a,p1b\n|-resisted|p1a: Basculegion\n|-supereffective|p1b: Goodra\n|-crit|p1b: Goodra\n|-damage|p1a: Basculegion|76\/100 brn\n|-damage|p1b: Goodra|23\/100\n|-enditem|p1b: Goodra|Aguav Berry|[eat]\n|-heal|p1b: Goodra|56\/100|[from] item: Aguav Berry\n|move|p1b: Goodra|Heavy Slam|p2a: Flutter Mane\n|-supereffective|p2a: Flutter Mane\n|-damage|p2a: Flutter Mane|0 fnt\n|faint|p2a: Flutter Mane\n|-end|p2a: Flutter Mane|Protosynthesis|[silent]\n|\n|-weather|SunnyDay|[upkeep]\n|-damage|p1a: Basculegion|70\/100 brn|[from] brn\n|upkeep\n|\n|t:|1698337887\n|switch|p2a: Lilligant|Lilligant-Hisui, F, shiny|89\/100\n|turn|13\n|\n|t:|1698337894\n|move|p1b: Goodra|Protect|p1b: Goodra\n|-singleturn|p1b: Goodra|Protect\n|move|p2a: Lilligant|Axe Kick|p1b: Goodra\n|-activate|p1b: Goodra|move: Protect\n|-damage|p2a: Lilligant|39\/100|[from] highjumpkick\n|move|p1a: Basculegion|Waterfall|p2b: Ninetales\n|-supereffective|p2b: Ninetales\n|-damage|p2b: Ninetales|48\/100\n|move|p2b: Ninetales|Heat Wave|p1b: Goodra|[spread] p1a\n|-activate|p1b: Goodra|move: Protect\n|-resisted|p1a: Basculegion\n|-damage|p1a: Basculegion|51\/100 brn\n|\n|-weather|SunnyDay|[upkeep]\n|-damage|p1a: Basculegion|45\/100 brn|[from] brn\n|upkeep\n|turn|14\n|\n|t:|1698337926\n|move|p1b: Goodra|Protect|p1b: Goodra\n|-singleturn|p1b: Goodra|Protect\n|move|p2a: Lilligant|Axe Kick|p1b: Goodra\n|-activate|p1b: Goodra|move: Protect\n|-damage|p2a: Lilligant|0 fnt|[from] highjumpkick\n|faint|p2a: Lilligant\n|move|p1a: Basculegion|Waterfall|p2b: Ninetales\n|-supereffective|p2b: Ninetales\n|-damage|p2b: Ninetales|23\/100\n|cant|p2b: Ninetales|flinch\n|\n|-weather|SunnyDay|[upkeep]\n|-damage|p1a: Basculegion|39\/100 brn|[from] brn\n|upkeep\n|\n|t:|1698337933\n|switch|p2a: Cresselia|Cresselia, F, shiny|4\/100\n|turn|15\n|\n|t:|1698337944\n|move|p1a: Basculegion|Waterfall|p2b: Ninetales\n|-supereffective|p2b: Ninetales\n|-damage|p2b: Ninetales|0 fnt\n|faint|p2b: Ninetales\n|move|p2a: Cresselia|Moonblast|p1b: Goodra\n|-resisted|p1b: Goodra\n|-damage|p1b: Goodra|52\/100\n|move|p1b: Goodra|Life Dew|p1b: Goodra|[spread] p1a,p1b\n|-heal|p1a: Basculegion|63\/100 brn\n|-heal|p1b: Goodra|77\/100\n|\n|-weather|SunnyDay|[upkeep]\n|-damage|p1a: Basculegion|57\/100 brn|[from] brn\n|upkeep\n|\n|t:|1698337950\n|switch|p2b: Tornadus|Tornadus, M, shiny|65\/100\n|turn|16\n|c|\u2606Palad1n2000|i'm the luckiest guy in the world\n|\n|t:|1698337966\n|move|p1a: Basculegion|Waterfall|p2a: Cresselia\n|-damage|p2a: Cresselia|0 fnt\n|faint|p2a: Cresselia\n|move|p2b: Tornadus|Bleakwind Storm|p1b: Goodra|[spread] \n|-miss|p2b: Tornadus|p1a: Basculegion\n|-miss|p2b: Tornadus|p1b: Goodra\n|move|p1b: Goodra|Heavy Slam|p2b: Tornadus\n|-damage|p2b: Tornadus|7\/100\n|\n|-weather|SunnyDay|[upkeep]\n|-damage|p1a: Basculegion|51\/100 brn|[from] brn\n|upkeep\n|turn|17\n|-message|Lil Henry forfeited.\n|\n|win|Palad1n2000\n|raw|Palad1n2000's rating: 1359 &rarr; <strong>1382<\/strong><br \/>(+23 for winning)\n|raw|Lil Henry's rating: 1419 &rarr; <strong>1396<\/strong><br \/>(-23 for losing)\n|l|\u203dLil Henry\n|c|\u2606Palad1n2000|i'm so sorry\n","uploadtime":1698337990,"views":11,"p1id":"palad1n2000","p2id":"lilhenry","formatid":"gen9doublesou","rating":1382,"private":0,"password":""}