{"id":"gen9doublesou-1999299686","p1":"LJDARKTHUNDER","p2":"saap9a4","format":"[Gen 9] Doubles OU","log":"|j|\u2606LJDARKTHUNDER\n|j|\u2606saap9a4\n|t:|1701056945\n|gametype|doubles\n|player|p1|LJDARKTHUNDER|psychicf-gen4|1105\n|player|p2|saap9a4|1|1127\n|teamsize|p1|6\n|teamsize|p2|6\n|gen|9\n|tier|[Gen 9] Doubles OU\n|rated|\n|rule|Species Clause: Limit one of each Pok\u00e9mon\n|rule|OHKO Clause: OHKO moves are banned\n|rule|Evasion Moves Clause: Evasion moves are banned\n|rule|Gravity Sleep Clause: The combination of sleep-inducing moves with imperfect accuracy and Gravity or Gigantamax Orbeetle are banned\n|rule|Endless Battle Clause: Forcing endless battles is banned\n|rule|HP Percentage Mod: HP is shown in percentages\n|clearpoke\n|poke|p1|Glimmora, F|\n|poke|p1|Venomoth, M|\n|poke|p1|Toxapex, F|\n|poke|p1|Grafaiai, F|\n|poke|p1|Gengar, M|\n|poke|p1|Revavroom, M|\n|poke|p2|Arcanine, F|\n|poke|p2|Amoonguss, M|\n|poke|p2|Iron Jugulis|\n|poke|p2|Kilowattrel, M|\n|poke|p2|Chien-Pao|\n|poke|p2|Ogerpon-Wellspring, F|\n|teampreview\n|inactive|Battle timer is ON: inactive players will automatically lose when time's up. (requested by LJDARKTHUNDER)\n|\n|t:|1701056969\n|start\n|switch|p1a: Glimmora|Glimmora, F|100\/100\n|switch|p1b: Bahamas|Venomoth, M, shiny|100\/100\n|switch|p2a: Iron Jugulis|Iron Jugulis, shiny|100\/100\n|switch|p2b: Ogerpon|Ogerpon-Wellspring, F|100\/100\n|-enditem|p2a: Iron Jugulis|Booster Energy\n|-activate|p2a: Iron Jugulis|ability: Quark Drive|[fromitem]\n|-start|p2a: Iron Jugulis|quarkdrivespe\n|turn|1\n|\n|t:|1701056982\n|move|p1a: Glimmora|Spiky Shield|p1a: Glimmora\n|-singleturn|p1a: Glimmora|move: Protect\n|move|p2a: Iron Jugulis|Tailwind|p2a: Iron Jugulis\n|-sidestart|p2: saap9a4|move: Tailwind\n|move|p2b: Ogerpon|Ivy Cudgel|p1a: Glimmora|[anim] Ivy Cudgel Water\n|-activate|p1a: Glimmora|move: Protect\n|move|p1b: Bahamas|Quiver Dance|p1b: Bahamas\n|-boost|p1b: Bahamas|spa|1\n|-boost|p1b: Bahamas|spd|1\n|-boost|p1b: Bahamas|spe|1\n|\n|upkeep\n|turn|2\n|\n|t:|1701057006\n|switch|p1a: Toxapex|Toxapex, F|100\/100\n|move|p2a: Iron Jugulis|Heat Wave|p1b: Bahamas|[spread] p1a,p1b\n|-resisted|p1a: Toxapex\n|-supereffective|p1b: Bahamas\n|-damage|p1a: Toxapex|92\/100\n|-damage|p1b: Bahamas|51\/100\n|-enditem|p1b: Bahamas|Red Card|[of] p2a: Iron Jugulis\n|-end|p2a: Iron Jugulis|Quark Drive|[silent]\n|drag|p2a: Chien-Pao|Chien-Pao|100\/100\n|-ability|p2a: Chien-Pao|Sword of Ruin\n|move|p2b: Ogerpon|Ivy Cudgel|p1a: Toxapex|[anim] Ivy Cudgel Water\n|-resisted|p1a: Toxapex\n|-damage|p1a: Toxapex|67\/100\n|move|p1b: Bahamas|Bug Buzz|p2b: Ogerpon\n|-supereffective|p2b: Ogerpon\n|-damage|p2b: Ogerpon|0 fnt\n|faint|p2b: Ogerpon\n|\n|-heal|p1a: Toxapex|74\/100|[from] item: Black Sludge\n|upkeep\n|inactive|saap9a4 has 120 seconds left.\n|\n|t:|1701057042\n|switch|p2b: Arcanine|Arcanine, F|100\/100\n|-ability|p2b: Arcanine|Intimidate|boost\n|-unboost|p1a: Toxapex|atk|1\n|-unboost|p1b: Bahamas|atk|1\n|turn|3\n|inactive|saap9a4 has 120 seconds left.\n|\n|t:|1701057058\n|switch|p1b: Glimmora|Glimmora, F|100\/100\n|move|p1a: Toxapex|Baneful Bunker|p1a: Toxapex\n|-singleturn|p1a: Toxapex|move: Protect\n|move|p2a: Chien-Pao|Throat Chop|p1a: Toxapex\n|-activate|p1a: Toxapex|move: Protect\n|-status|p2a: Chien-Pao|psn\n|move|p2b: Arcanine|Heat Wave|p1b: Glimmora|[spread] p1b\n|-activate|p1a: Toxapex|move: Protect\n|-resisted|p1b: Glimmora\n|-damage|p1b: Glimmora|83\/100\n|\n|-heal|p1b: Glimmora|89\/100|[from] item: Black Sludge\n|-heal|p1a: Toxapex|80\/100|[from] item: Black Sludge\n|-damage|p2a: Chien-Pao|88\/100 psn|[from] psn\n|upkeep\n|turn|4\n|inactive|LJDARKTHUNDER has 120 seconds left.\n|\n|t:|1701057089\n|move|p2a: Chien-Pao|Throat Chop|p1b: Glimmora\n|-damage|p1b: Glimmora|30\/100\n|-start|p1b: Glimmora|Throat Chop|[silent]\n|-activate|p1b: Glimmora|ability: Toxic Debris\n|-sidestart|p2: saap9a4|move: Toxic Spikes\n|move|p2b: Arcanine|Heat Wave|p1b: Glimmora|[spread] p1a,p1b\n|-resisted|p1a: Toxapex\n|-resisted|p1b: Glimmora\n|-damage|p1a: Toxapex|70\/100\n|-damage|p1b: Glimmora|13\/100\n|move|p1b: Glimmora|Earth Power|p2b: Arcanine\n|-supereffective|p2b: Arcanine\n|-damage|p2b: Arcanine|40\/100\n|move|p1a: Toxapex|Liquidation|p2b: Arcanine\n|-supereffective|p2b: Arcanine\n|-damage|p2b: Arcanine|0 fnt\n|faint|p2b: Arcanine\n|\n|-heal|p1b: Glimmora|19\/100|[from] item: Black Sludge\n|-heal|p1a: Toxapex|76\/100|[from] item: Black Sludge\n|-damage|p2a: Chien-Pao|76\/100 psn|[from] psn\n|-sideend|p2: saap9a4|move: Tailwind\n|upkeep\n|inactive|saap9a4 has 120 seconds left.\n|\n|t:|1701057105\n|switch|p2b: Iron Jugulis|Iron Jugulis, shiny|100\/100\n|turn|5\n|\n|t:|1701057120\n|move|p2a: Chien-Pao|Protect|p2a: Chien-Pao\n|-singleturn|p2a: Chien-Pao|Protect\n|move|p1b: Glimmora|Spiky Shield|p1b: Glimmora\n|-singleturn|p1b: Glimmora|move: Protect\n|move|p2b: Iron Jugulis|Tailwind|p2b: Iron Jugulis\n|-sidestart|p2: saap9a4|move: Tailwind\n|move|p1a: Toxapex|Recover|p1a: Toxapex\n|-heal|p1a: Toxapex|100\/100\n|\n|-heal|p1b: Glimmora|25\/100|[from] item: Black Sludge\n|-damage|p2a: Chien-Pao|64\/100 psn|[from] psn\n|-end|p1b: Glimmora|Throat Chop|[silent]\n|upkeep\n|turn|6\n|inactive|saap9a4 has 120 seconds left.\n|\n|t:|1701057154\n|move|p1a: Toxapex|Baneful Bunker|p1a: Toxapex\n|-singleturn|p1a: Toxapex|move: Protect\n|move|p2a: Chien-Pao|Throat Chop|p1b: Glimmora\n|-damage|p1b: Glimmora|0 fnt\n|-activate|p1b: Glimmora|ability: Toxic Debris\n|-sidestart|p2: saap9a4|move: Toxic Spikes\n|faint|p1b: Glimmora\n|move|p2b: Iron Jugulis|Earth Power|p1a: Toxapex\n|-activate|p1a: Toxapex|move: Protect\n|\n|-damage|p2a: Chien-Pao|51\/100 psn|[from] psn\n|upkeep\n|inactive|LJDARKTHUNDER has 120 seconds left.\n|inactive|LJDARKTHUNDER has 90 seconds left.\n|\n|t:|1701057199\n|switch|p1b: Bahamas|Venomoth, M, shiny|51\/100\n|turn|7\n|inactive|LJDARKTHUNDER has 90 seconds left.\n|\n|t:|1701057224\n|switch|p1a: Grafaiai|Grafaiai, F|100\/100\n|move|p2a: Chien-Pao|Throat Chop|p1b: Bahamas\n|-damage|p1b: Bahamas|0 fnt\n|faint|p1b: Bahamas\n|move|p2b: Iron Jugulis|Earth Power|p1a: Grafaiai\n|-supereffective|p1a: Grafaiai\n|-damage|p1a: Grafaiai|37\/100\n|\n|-damage|p2a: Chien-Pao|39\/100 psn|[from] psn\n|upkeep\n|inactive|LJDARKTHUNDER has 90 seconds left.\n|\n|t:|1701057247\n|switch|p1b: Revavroom|Revavroom, M|100\/100\n|turn|8\n|inactive|LJDARKTHUNDER has 90 seconds left.\n|-activate|p1b: Revavroom|item: Quick Claw\n|\n|t:|1701057265\n|-terastallize|p1b: Revavroom|Flying\n|move|p1a: Grafaiai|Protect|p1a: Grafaiai\n|-singleturn|p1a: Grafaiai|Protect\n|move|p2a: Chien-Pao|Protect|p2a: Chien-Pao\n|-singleturn|p2a: Chien-Pao|Protect\n|move|p1b: Revavroom|Shift Gear|p1b: Revavroom\n|-boost|p1b: Revavroom|spe|2\n|-boost|p1b: Revavroom|atk|1\n|move|p2b: Iron Jugulis|Heat Wave|p1a: Grafaiai|[spread] p1b\n|-activate|p1a: Grafaiai|move: Protect\n|-damage|p1b: Revavroom|63\/100\n|\n|-damage|p2a: Chien-Pao|27\/100 psn|[from] psn\n|-sideend|p2: saap9a4|move: Tailwind\n|upkeep\n|turn|9\n|-activate|p1b: Revavroom|item: Quick Claw\n|\n|t:|1701057289\n|move|p2a: Chien-Pao|Sucker Punch|p1b: Revavroom\n|-damage|p1b: Revavroom|22\/100\n|move|p1a: Grafaiai|Substitute|p1a: Grafaiai\n|-start|p1a: Grafaiai|Substitute\n|-damage|p1a: Grafaiai|12\/100\n|move|p1b: Revavroom|Iron Head|p2b: Iron Jugulis\n|-damage|p2b: Iron Jugulis|10\/100\n|cant|p2b: Iron Jugulis|flinch\n|\n|-damage|p2a: Chien-Pao|15\/100 psn|[from] psn\n|upkeep\n|turn|10\n|\n|t:|1701057316\n|move|p1a: Grafaiai|Protect|p1a: Grafaiai\n|-singleturn|p1a: Grafaiai|Protect\n|move|p1b: Revavroom|Bulldoze|p2b: Iron Jugulis|[spread] p2a\n|-activate|p1a: Grafaiai|move: Protect\n|-immune|p2b: Iron Jugulis\n|-damage|p2a: Chien-Pao|0 fnt\n|faint|p2a: Chien-Pao\n|move|p2b: Iron Jugulis|Tailwind|p2b: Iron Jugulis\n|-sidestart|p2: saap9a4|move: Tailwind\n|\n|upkeep\n|inactive|saap9a4 has 120 seconds left.\n|\n|t:|1701057327\n|switch|p2a: Kilowattrel|Kilowattrel, M|100\/100\n|turn|11\n|inactive|LJDARKTHUNDER has 120 seconds left.\n|inactive|saap9a4 has 120 seconds left.\n|inactive|saap9a4 has 90 seconds left.\n|-activate|p1b: Revavroom|item: Quick Claw\n|\n|t:|1701057389\n|move|p1a: Grafaiai|Toxic|p2a: Kilowattrel\n|-status|p2a: Kilowattrel|tox\n|move|p1b: Revavroom|Iron Head|p2b: Iron Jugulis\n|-damage|p2b: Iron Jugulis|0 fnt\n|faint|p2b: Iron Jugulis\n|-end|p2b: Iron Jugulis|Quark Drive|[silent]\n|move|p2a: Kilowattrel|Discharge|p1b: Revavroom|[spread] p1a,p1b\n|-end|p1a: Grafaiai|Substitute\n|-supereffective|p1b: Revavroom\n|-damage|p1b: Revavroom|0 fnt\n|faint|p1b: Revavroom\n|\n|-damage|p2a: Kilowattrel|94\/100 tox|[from] psn\n|upkeep\n|inactive|LJDARKTHUNDER has 120 seconds left.\n|\n|t:|1701057423\n|switch|p2b: Amoonguss|Amoonguss, M|100\/100\n|switch|p1b: Toxapex|Toxapex, F|100\/100\n|-sideend|p2: saap9a4|move: Toxic Spikes|[of] p2b: Amoonguss\n|turn|12\n|inactive|saap9a4 has 120 seconds left.\n|\n|t:|1701057448\n|move|p1b: Toxapex|Baneful Bunker|p1b: Toxapex\n|-singleturn|p1b: Toxapex|move: Protect\n|move|p1a: Grafaiai|Switcheroo|p2b: Amoonguss\n|-activate|p1a: Grafaiai|move: Trick|[of] p2b: Amoonguss\n|-item|p2b: Amoonguss|Lagging Tail|[from] move: Switcheroo\n|-item|p1a: Grafaiai|Black Sludge|[from] move: Switcheroo\n|move|p2a: Kilowattrel|Discharge|p1b: Toxapex|[spread] p2b,p1a\n|-activate|p1b: Toxapex|move: Protect\n|-resisted|p2b: Amoonguss\n|-damage|p2b: Amoonguss|91\/100\n|-damage|p1a: Grafaiai|0 fnt\n|faint|p1a: Grafaiai\n|move|p2b: Amoonguss|Spore|p1b: Toxapex\n|-activate|p1b: Toxapex|move: Protect\n|\n|-damage|p2a: Kilowattrel|82\/100 tox|[from] psn\n|upkeep\n|inactive|LJDARKTHUNDER has 120 seconds left.\n|\n|t:|1701057461\n|switch|p1a: Gengar|Gengar, M|100\/100\n|turn|13\n|\n|t:|1701057476\n|move|p2a: Kilowattrel|Discharge|p1b: Toxapex|[spread] p2b,p1a,p1b\n|-resisted|p2b: Amoonguss\n|-supereffective|p1b: Toxapex\n|-damage|p2b: Amoonguss|83\/100\n|-damage|p1a: Gengar|56\/100\n|-damage|p1b: Toxapex|57\/100\n|-status|p2b: Amoonguss|par\n|-status|p1a: Gengar|par\n|-start|p2a: Kilowattrel|Disable|Discharge|[from] ability: Cursed Body|[of] p1a: Gengar\n|move|p1a: Gengar|Taunt|p2b: Amoonguss\n|-start|p2b: Amoonguss|move: Taunt\n|move|p1b: Toxapex|Liquidation|p2a: Kilowattrel\n|-crit|p2a: Kilowattrel\n|-damage|p2a: Kilowattrel|25\/100 tox\n|cant|p2b: Amoonguss|move: Taunt|Spore\n|\n|-heal|p1a: Gengar|62\/100 par|[from] item: Black Sludge\n|-heal|p1b: Toxapex|63\/100|[from] item: Black Sludge\n|-damage|p2a: Kilowattrel|7\/100 tox|[from] psn\n|-sideend|p2: saap9a4|move: Tailwind\n|upkeep\n|turn|14\n|inactive|saap9a4 has 120 seconds left.\n|\n|t:|1701057529\n|-terastallize|p2a: Kilowattrel|Electric\n|move|p2a: Kilowattrel|Volt Switch|p1a: Gengar\n|-damage|p1a: Gengar|0 fnt\n|faint|p1a: Gengar\n|move|p1b: Toxapex|Recover|p1b: Toxapex\n|-heal|p1b: Toxapex|100\/100\n|move|p2b: Amoonguss|Pollen Puff|p1b: Toxapex\n|-resisted|p1b: Toxapex\n|-damage|p1b: Toxapex|94\/100\n|\n|-heal|p1b: Toxapex|99\/100|[from] item: Black Sludge\n|-damage|p2a: Kilowattrel|0 fnt|[from] psn\n|faint|p2a: Kilowattrel\n|upkeep\n|turn|15\n|inactive|saap9a4 has 120 seconds left.\n|\n|t:|1701057548\n|move|p1b: Toxapex|Liquidation|p2b: Amoonguss\n|-resisted|p2b: Amoonguss\n|-damage|p2b: Amoonguss|71\/100 par\n|move|p2b: Amoonguss|Pollen Puff|p1b: Toxapex\n|-resisted|p1b: Toxapex\n|-damage|p1b: Toxapex|94\/100\n|\n|-heal|p1b: Toxapex|99\/100|[from] item: Black Sludge\n|-end|p2b: Amoonguss|move: Taunt\n|upkeep\n|turn|16\n|\n|t:|1701057560\n|move|p1b: Toxapex|Baneful Bunker|p1b: Toxapex\n|-singleturn|p1b: Toxapex|move: Protect\n|move|p2b: Amoonguss|Spore|p1b: Toxapex\n|-activate|p1b: Toxapex|move: Protect\n|\n|-heal|p1b: Toxapex|100\/100|[from] item: Black Sludge\n|upkeep\n|turn|17\n|\n|t:|1701057569\n|move|p1b: Toxapex|Liquidation|p2b: Amoonguss\n|-resisted|p2b: Amoonguss\n|-damage|p2b: Amoonguss|61\/100 par\n|move|p2b: Amoonguss|Spore|p1b: Toxapex\n|-status|p1b: Toxapex|slp|[from] move: Spore\n|\n|upkeep\n|turn|18\n|\n|t:|1701057583\n|cant|p1b: Toxapex|slp\n|cant|p2b: Amoonguss|par\n|\n|upkeep\n|turn|19\n|\n|t:|1701057601\n|cant|p1b: Toxapex|slp\n|move|p2b: Amoonguss|Pollen Puff|p1b: Toxapex\n|-resisted|p1b: Toxapex\n|-damage|p1b: Toxapex|94\/100 slp\n|\n|-heal|p1b: Toxapex|99\/100 slp|[from] item: Black Sludge\n|upkeep\n|turn|20\n|\n|t:|1701057612\n|-curestatus|p1b: Toxapex|slp|[msg]\n|move|p1b: Toxapex|Liquidation|p2b: Amoonguss\n|-resisted|p2b: Amoonguss\n|-damage|p2b: Amoonguss|51\/100 par\n|move|p2b: Amoonguss|Pollen Puff|p1b: Toxapex\n|-resisted|p1b: Toxapex\n|-damage|p1b: Toxapex|94\/100\n|\n|-heal|p1b: Toxapex|99\/100|[from] item: Black Sludge\n|upkeep\n|turn|21\n|c|\u2606saap9a4|Me rindo gg\n|c|\u2606LJDARKTHUNDER|Gg.\n|inactive|saap9a4 has 120 seconds left.\n|c|\u2606saap9a4|O si no aqui duramos 2 a\u00f1os\n|inactive|saap9a4 has 90 seconds left.\n|c|\u2606saap9a4|Buen juego\n|-message|saap9a4 forfeited.\n|\n|win|LJDARKTHUNDER\n|raw|LJDARKTHUNDER's rating: 1105 &rarr; <strong>1132<\/strong><br \/>(+27 for winning)\n|raw|saap9a4's rating: 1127 &rarr; <strong>1100<\/strong><br \/>(-27 for losing)\n|l|\u2606saap9a4\n|c|\u2606LJDARKTHUNDER|I enjoyed the fun battle.\n","uploadtime":1701057704,"views":6,"p1id":"ljdarkthunder","p2id":"saap9a4","formatid":"gen9doublesou","rating":1100,"private":0,"password":""}