{"id":"gen9doublesou-1997788724","p1":"purinpudding","p2":"Guest 3096916","format":"[Gen 9] Doubles OU","log":"|j|\u2606purinpudding\n|t:|1700852803\n|gametype|doubles\n|player|p1|purinpudding|266|\n|player|p2|Guest 3096916|170|\n|teamsize|p1|4\n|teamsize|p2|4\n|gen|9\n|tier|[Gen 9] Doubles OU\n|rule|Species Clause: Limit one of each Pok\u00e9mon\n|rule|OHKO Clause: OHKO moves are banned\n|rule|Evasion Moves Clause: Evasion moves are banned\n|rule|Gravity Sleep Clause: The combination of sleep-inducing moves with imperfect accuracy and Gravity or Gigantamax Orbeetle are banned\n|rule|Endless Battle Clause: Forcing endless battles is banned\n|rule|HP Percentage Mod: HP is shown in percentages\n|clearpoke\n|poke|p1|Torkoal, M|\n|poke|p1|Ninetales, M|\n|poke|p1|Chien-Pao|\n|poke|p1|Amoonguss, F|\n|poke|p2|Torkoal, F|\n|poke|p2|Ninetales, F|\n|poke|p2|Chien-Pao|\n|poke|p2|Amoonguss, F|\n|teampreview\n|\n|t:|1700852810\n|start\n|switch|p1a: Chien-Pao|Chien-Pao|100\/100\n|switch|p1b: Torkoal|Torkoal, M|100\/100\n|switch|p2a: Chien-Pao|Chien-Pao|100\/100\n|switch|p2b: Amoonguss|Amoonguss, F|100\/100\n|-ability|p1a: Chien-Pao|Sword of Ruin\n|-ability|p2a: Chien-Pao|Sword of Ruin\n|-weather|SunnyDay|[from] ability: Drought|[of] p1b: Torkoal\n|turn|1\n|\n|t:|1700852838\n|move|p2a: Chien-Pao|Acrobatics|p1b: Torkoal\n|-damage|p1b: Torkoal|68\/100\n|move|p1a: Chien-Pao|Acrobatics|p1b: Torkoal\n|-damage|p1b: Torkoal|39\/100\n|move|p2b: Amoonguss|Clear Smog|p1b: Torkoal\n|-damage|p1b: Torkoal|19\/100\n|-clearboost|p1b: Torkoal\n|move|p1b: Torkoal|Ancient Power|p2b: Amoonguss\n|-damage|p2b: Amoonguss|90\/100\n|\n|-weather|SunnyDay|[upkeep]\n|upkeep\n|turn|2\n|\n|t:|1700852869\n|switch|p1a: Ninetales|Ninetales, M|100\/100\n|move|p2a: Chien-Pao|Acrobatics|p1a: Ninetales\n|-damage|p1a: Ninetales|47\/100\n|move|p2b: Amoonguss|Clear Smog|p1a: Ninetales\n|-damage|p1a: Ninetales|32\/100\n|-clearboost|p1a: Ninetales\n|move|p1b: Torkoal|Ancient Power|p1a: Ninetales\n|-supereffective|p1a: Ninetales\n|-damage|p1a: Ninetales|8\/100\n|\n|-weather|SunnyDay|[upkeep]\n|upkeep\n|turn|3\n|\n|t:|1700852892\n|move|p2a: Chien-Pao|Acrobatics|p1a: Ninetales\n|-damage|p1a: Ninetales|0 fnt\n|faint|p1a: Ninetales\n|move|p2b: Amoonguss|Clear Smog|p1b: Torkoal\n|-crit|p1b: Torkoal\n|-damage|p1b: Torkoal|0 fnt\n|-clearboost|p1b: Torkoal\n|faint|p1b: Torkoal\n|\n|-weather|SunnyDay|[upkeep]\n|upkeep\n|\n|t:|1700852922\n|switch|p1a: Chien-Pao|Chien-Pao|100\/100\n|switch|p1b: Amoonguss|Amoonguss, F|100\/100\n|-ability|p1a: Chien-Pao|Sword of Ruin\n|turn|4\n|\n|t:|1700852932\n|move|p2a: Chien-Pao|Acrobatics|p1b: Amoonguss\n|-supereffective|p1b: Amoonguss\n|-damage|p1b: Amoonguss|23\/100\n|move|p1a: Chien-Pao|Acrobatics|p1b: Amoonguss\n|-supereffective|p1b: Amoonguss\n|-damage|p1b: Amoonguss|0 fnt\n|-status|p1a: Chien-Pao|par|[from] ability: Effect Spore|[of] p1b: Amoonguss\n|faint|p1b: Amoonguss\n|move|p2b: Amoonguss|Clear Smog|p1a: Chien-Pao\n|-damage|p1a: Chien-Pao|81\/100 par\n|-clearboost|p1a: Chien-Pao\n|\n|-weather|SunnyDay|[upkeep]\n|upkeep\n|turn|5\n|\n|t:|1700852961\n|move|p2a: Chien-Pao|Acrobatics|p1a: Chien-Pao\n|-damage|p1a: Chien-Pao|48\/100 par\n|move|p1a: Chien-Pao|Acrobatics|p1: Amoonguss|[notarget]\n|-fail|p1a: Chien-Pao\n|move|p2b: Amoonguss|Clear Smog|p1a: Chien-Pao\n|-damage|p1a: Chien-Pao|26\/100 par\n|-clearboost|p1a: Chien-Pao\n|\n|-weather|none\n|upkeep\n|turn|6\n|-message|purinpudding forfeited.\n|\n|win|Guest 3096916\n|l|\u2606purinpudding\n","uploadtime":1700852987,"views":23,"p1id":"purinpudding","p2id":"guest3096916","formatid":"gen9doublesou","rating":0,"private":0,"password":""}