{"id":"gen9doublesou-1979941372","p1":"blazingk11","p2":"VYashka","format":"[Gen 9] Doubles OU","log":"|j|\u2606blazingk11\n|j|\u2606VYashka\n|t:|1698733603\n|gametype|doubles\n|player|p1|blazingk11|2|\n|player|p2|VYashka|ariana|\n|teamsize|p1|6\n|teamsize|p2|6\n|gen|9\n|tier|[Gen 9] Doubles OU\n|rule|Species Clause: Limit one of each Pok\u00e9mon\n|rule|OHKO Clause: OHKO moves are banned\n|rule|Evasion Moves Clause: Evasion moves are banned\n|rule|Gravity Sleep Clause: The combination of sleep-inducing moves with imperfect accuracy and Gravity or Gigantamax Orbeetle are banned\n|rule|Endless Battle Clause: Forcing endless battles is banned\n|rule|HP Percentage Mod: HP is shown in percentages\n|clearpoke\n|poke|p1|Bronzong|\n|poke|p1|Corviknight, M|\n|poke|p1|Iron Treads|\n|poke|p1|Empoleon, F|\n|poke|p1|Arcanine, M|\n|poke|p1|Kingambit, M|\n|poke|p2|Quaquaval, M|\n|poke|p2|Chi-Yu|\n|poke|p2|Brute Bonnet|\n|poke|p2|Tinkaton, F|\n|poke|p2|Tornadus, M|\n|poke|p2|Great Tusk|\n|teampreview\n|inactive|Battle timer is ON: inactive players will automatically lose when time's up. (requested by VYashka)\n|\n|t:|1698733621\n|start\n|switch|p1a: Bronzong|Bronzong|100\/100\n|switch|p1b: Corviknight|Corviknight, M, shiny|100\/100\n|switch|p2a: Tornadus|Tornadus, M|100\/100\n|switch|p2b: Great Tusk|Great Tusk, shiny|100\/100\n|turn|1\n|inactive|blazingk11 has 270 seconds left.\n|inactive|VYashka has 270 seconds left.\n|\n|t:|1698733659\n|move|p2a: Tornadus|Taunt|p1a: Bronzong\n|-start|p1a: Bronzong|move: Taunt\n|move|p2b: Great Tusk|Stomping Tantrum|p1a: Bronzong\n|-immune|p1a: Bronzong|[from] ability: Levitate\n|move|p1b: Corviknight|Rain Dance|p1b: Corviknight\n|-weather|RainDance\n|move|p1a: Bronzong|Future Sight|p2b: Great Tusk\n|-start|p1a: Bronzong|move: Future Sight\n|\n|-weather|RainDance|[upkeep]\n|upkeep\n|turn|2\n|inactive|blazingk11 has 270 seconds left.\n|inactive|VYashka has 270 seconds left.\n|\n|t:|1698733688\n|move|p2a: Tornadus|Air Cutter|p1b: Corviknight|[spread] p1a,p1b\n|-resisted|p1a: Bronzong\n|-resisted|p1b: Corviknight\n|-damage|p1a: Bronzong|91\/100\n|-damage|p1b: Corviknight|91\/100\n|move|p2b: Great Tusk|Ice Spinner|p1a: Bronzong\n|-resisted|p1a: Bronzong\n|-damage|p1a: Bronzong|82\/100\n|move|p1b: Corviknight|Brave Bird|p2b: Great Tusk\n|-supereffective|p2b: Great Tusk\n|-damage|p2b: Great Tusk|55\/100\n|-damage|p1b: Corviknight|75\/100|[from] item: Rocky Helmet|[of] p2b: Great Tusk\n|-damage|p1b: Corviknight|61\/100|[from] Recoil\n|move|p1a: Bronzong|Gyro Ball|p2a: Tornadus\n|-damage|p2a: Tornadus|38\/100\n|\n|-weather|RainDance|[upkeep]\n|-heal|p1b: Corviknight|67\/100|[from] item: Leftovers\n|upkeep\n|turn|3\n|inactive|blazingk11 has 270 seconds left.\n|inactive|VYashka has 270 seconds left.\n|inactive|VYashka has 240 seconds left.\n|\n|t:|1698733756\n|-end|p2b: Great Tusk|Protosynthesis|[silent]\n|switch|p2b: Quaquaval|Quaquaval, M, shiny|100\/100\n|move|p2a: Tornadus|Taunt|p1b: Corviknight\n|-start|p1b: Corviknight|move: Taunt\n|move|p1b: Corviknight|Iron Head|p2a: Tornadus\n|-damage|p2a: Tornadus|0 fnt\n|faint|p2a: Tornadus\n|move|p1a: Bronzong|Gyro Ball|p2b: Quaquaval\n|-resisted|p2b: Quaquaval\n|-damage|p2b: Quaquaval|78\/100\n|\n|-weather|RainDance|[upkeep]\n|-end|p2b: Quaquaval|move: Future Sight\n|-supereffective|p2b: Quaquaval\n|-damage|p2b: Quaquaval|0 fnt\n|faint|p2b: Quaquaval\n|-heal|p1b: Corviknight|73\/100|[from] item: Leftovers\n|-end|p1a: Bronzong|move: Taunt\n|upkeep\n|inactive|VYashka has 210 seconds left.\n|\n|t:|1698733778\n|switch|p2a: Chi-Yu|Chi-Yu|100\/100\n|switch|p2b: Brute Bonnet|Brute Bonnet, shiny|100\/100\n|-ability|p2a: Chi-Yu|Beads of Ruin\n|turn|4\n|\n|t:|1698733795\n|-terastallize|p2a: Chi-Yu|Fire\n|move|p2b: Brute Bonnet|Sucker Punch||[still]\n|-fail|p2b: Brute Bonnet\n|move|p2a: Chi-Yu|Heat Wave|p1a: Bronzong|[spread] p1a,p1b\n|-supereffective|p1a: Bronzong\n|-supereffective|p1b: Corviknight\n|-damage|p1a: Bronzong|20\/100\n|-damage|p1b: Corviknight|8\/100\n|-damage|p2a: Chi-Yu|91\/100|[from] item: Life Orb\n|move|p1b: Corviknight|Brave Bird|p2b: Brute Bonnet\n|-supereffective|p2b: Brute Bonnet\n|-damage|p2b: Brute Bonnet|52\/100\n|-damage|p1b: Corviknight|0 fnt|[from] Recoil\n|faint|p1b: Corviknight\n|move|p1a: Bronzong|Iron Defense|p1a: Bronzong\n|-boost|p1a: Bronzong|def|2\n|\n|-weather|RainDance|[upkeep]\n|upkeep\n|inactive|blazingk11 has 270 seconds left.\n|\n|t:|1698733814\n|switch|p1b: Empoleon|Empoleon, F|100\/100\n|turn|5\n|\n|t:|1698733826\n|move|p2a: Chi-Yu|Heat Wave|p1a: Bronzong|[spread] p1a,p1b\n|-supereffective|p1a: Bronzong\n|-damage|p1a: Bronzong|0 fnt\n|-damage|p1b: Empoleon|66\/100\n|faint|p1a: Bronzong\n|-damage|p2a: Chi-Yu|81\/100|[from] item: Life Orb\n|move|p1b: Empoleon|Hydro Pump|p2a: Chi-Yu|[miss]\n|-miss|p1b: Empoleon|p2a: Chi-Yu\n|move|p2b: Brute Bonnet|Bullet Seed|p1b: Empoleon\n|-damage|p1b: Empoleon|53\/100\n|-damage|p1b: Empoleon|41\/100\n|-hitcount|p1b: Empoleon|2\n|\n|-weather|none\n|upkeep\n|inactive|blazingk11 has 270 seconds left.\n|\n|t:|1698733849\n|switch|p1a: Arcanine|Arcanine, M|100\/100\n|turn|6\n|inactive|VYashka has 270 seconds left.\n|\n|t:|1698733857\n|move|p2a: Chi-Yu|Heat Wave|p1a: Arcanine|[spread] p1b\n|-start|p1a: Arcanine|ability: Flash Fire\n|-damage|p1b: Empoleon|0 fnt\n|faint|p1b: Empoleon\n|-damage|p2a: Chi-Yu|71\/100|[from] item: Life Orb\n|move|p1a: Arcanine|Flare Blitz|p2b: Brute Bonnet\n|-supereffective|p2b: Brute Bonnet\n|-crit|p2b: Brute Bonnet\n|-damage|p2b: Brute Bonnet|0 fnt\n|faint|p2b: Brute Bonnet\n|-end|p2b: Brute Bonnet|Protosynthesis|[silent]\n|-damage|p1a: Arcanine|83\/100|[from] Recoil\n|\n|upkeep\n|inactive|blazingk11 has 270 seconds left.\n|\n|t:|1698733888\n|switch|p1b: Kingambit|Kingambit, M|100\/100\n|switch|p2b: Great Tusk|Great Tusk, shiny|55\/100\n|turn|7\n|\n|t:|1698733906\n|-terastallize|p1b: Kingambit|Ground\n|move|p2a: Chi-Yu|Protect|p2a: Chi-Yu\n|-singleturn|p2a: Chi-Yu|Protect\n|move|p2b: Great Tusk|Earthquake|p1b: Kingambit|[spread] p1a,p1b\n|-activate|p2a: Chi-Yu|move: Protect\n|-supereffective|p1a: Arcanine\n|-damage|p1a: Arcanine|34\/100\n|-damage|p1b: Kingambit|76\/100\n|move|p1a: Arcanine|Will-O-Wisp|p2b: Great Tusk\n|-status|p2b: Great Tusk|brn\n|move|p1b: Kingambit|Swords Dance|p1b: Kingambit\n|-boost|p1b: Kingambit|atk|2\n|\n|-damage|p2b: Great Tusk|48\/100 brn|[from] brn\n|upkeep\n|turn|8\n|inactive|blazingk11 has 270 seconds left.\n|inactive|VYashka has 270 seconds left.\n|\n|t:|1698733944\n|move|p1b: Kingambit|Sucker Punch|p2a: Chi-Yu\n|-damage|p2a: Chi-Yu|0 fnt\n|faint|p2a: Chi-Yu\n|move|p2b: Great Tusk|Stomping Tantrum|p1a: Arcanine\n|-supereffective|p1a: Arcanine\n|-damage|p1a: Arcanine|9\/100\n|move|p1a: Arcanine|Flare Blitz|p2b: Great Tusk\n|-damage|p2b: Great Tusk|7\/100 brn\n|-damage|p1a: Arcanine|0 fnt|[from] item: Rocky Helmet|[of] p2b: Great Tusk\n|faint|p1a: Arcanine\n|\n|-damage|p2b: Great Tusk|1\/100 brn|[from] brn\n|upkeep\n|\n|t:|1698733958\n|switch|p2a: Tinkaton|Tinkaton, F, shiny|100\/100\n|switch|p1a: Iron Treads|Iron Treads|100\/100\n|-ability|p2a: Tinkaton|Mold Breaker\n|-enditem|p1a: Iron Treads|Booster Energy\n|-activate|p1a: Iron Treads|ability: Quark Drive|[fromitem]\n|-start|p1a: Iron Treads|quarkdrivespe\n|turn|9\n|\n|t:|1698733985\n|move|p2a: Tinkaton|Fake Out|p1b: Kingambit\n|-damage|p1b: Kingambit|70\/100\n|move|p1a: Iron Treads|High Horsepower|p2a: Tinkaton\n|-supereffective|p2a: Tinkaton\n|-damage|p2a: Tinkaton|8\/100\n|move|p2b: Great Tusk|Ice Spinner|p1b: Kingambit\n|-supereffective|p1b: Kingambit\n|-damage|p1b: Kingambit|54\/100\n|cant|p1b: Kingambit|flinch\n|\n|-heal|p2a: Tinkaton|14\/100|[from] item: Leftovers\n|-damage|p2b: Great Tusk|0 fnt|[from] brn\n|faint|p2b: Great Tusk\n|-end|p2b: Great Tusk|Protosynthesis|[silent]\n|upkeep\n|turn|10\n|\n|t:|1698734010\n|move|p1a: Iron Treads|Iron Head|p2a: Tinkaton\n|-damage|p2a: Tinkaton|0 fnt\n|faint|p2a: Tinkaton\n|\n|win|blazingk11\n|l|\u2606VYashka\n","uploadtime":1698734051,"views":22,"p1id":"blazingk11","p2id":"vyashka","formatid":"gen9doublesou","rating":0,"private":0,"password":""}