{"id":"gen9doublesou-1977750543","p1":"Slimthickens","p2":"mamba456","format":"[Gen 9] Doubles OU","log":"|j|\u2606Slimthickens\n|j|\u2606mamba456\n|t:|1698445261\n|gametype|doubles\n|player|p1|Slimthickens|2|1067\n|player|p2|mamba456|darach-caitlin|1038\n|teamsize|p1|6\n|teamsize|p2|6\n|gen|9\n|tier|[Gen 9] Doubles OU\n|rated|\n|rule|Species Clause: Limit one of each Pok\u00e9mon\n|rule|OHKO Clause: OHKO moves are banned\n|rule|Evasion Moves Clause: Evasion moves are banned\n|rule|Gravity Sleep Clause: The combination of sleep-inducing moves with imperfect accuracy and Gravity or Gigantamax Orbeetle are banned\n|rule|Endless Battle Clause: Forcing endless battles is banned\n|rule|HP Percentage Mod: HP is shown in percentages\n|clearpoke\n|poke|p1|Delphox, F|\n|poke|p1|Mew|\n|poke|p1|Chi-Yu|\n|poke|p1|Ceruledge, F|\n|poke|p1|Wo-Chien|\n|poke|p1|Ninetales, M|\n|poke|p2|Dachsbun, F|\n|poke|p2|Talonflame, M|\n|poke|p2|Clefairy, F|\n|poke|p2|Vivillon-Pokeball, F|\n|poke|p2|Pikachu, F|\n|poke|p2|Raichu, F|\n|teampreview\n|inactive|Battle timer is ON: inactive players will automatically lose when time's up. (requested by Slimthickens)\n|l|\u2606mamba456\n|inactive|mamba456 disconnected and has a minute to reconnect!\n|player|p2|\n|inactive|Slimthickens has 120 seconds left.\n|inactive|mamba456 has 30 seconds to reconnect!\n|j|\u2606mamba456\n|inactive|mamba456 reconnected and has 105 seconds left.\n|player|p2|mamba456|darach-caitlin\n|inactive|mamba456 also wants the timer to be on.\n|\n|t:|1698445314\n|start\n|switch|p1a: Delphox|Delphox, F|100\/100\n|switch|p1b: Mew|Mew|100\/100\n|switch|p2a: Dachsbun|Dachsbun, F, shiny|100\/100\n|switch|p2b: Talonflame|Talonflame, M|100\/100\n|turn|1\n|\n|t:|1698445342\n|move|p1b: Mew|Spikes|p2a: Dachsbun\n|-sidestart|p2: mamba456|Spikes\n|move|p2b: Talonflame|Overheat|p2a: Dachsbun\n|-ability|p2a: Dachsbun|Well-Baked Body|boost\n|-boost|p2a: Dachsbun|def|2\n|move|p1a: Delphox|Future Sight|p2b: Talonflame\n|-start|p1a: Delphox|move: Future Sight\n|move|p2a: Dachsbun|Body Press|p1b: Mew\n|-resisted|p1b: Mew\n|-damage|p1b: Mew|71\/100\n|\n|upkeep\n|turn|2\n|\n|t:|1698445358\n|switch|p1a: Wo-Chien|Wo-Chien|100\/100\n|-ability|p1a: Wo-Chien|Tablets of Ruin\n|move|p1b: Mew|Spikes|p2b: Talonflame\n|-sidestart|p2: mamba456|Spikes\n|move|p2b: Talonflame|Overheat|p2a: Dachsbun\n|-ability|p2a: Dachsbun|Well-Baked Body|boost\n|-boost|p2a: Dachsbun|def|2\n|move|p2a: Dachsbun|Body Press|p1b: Mew\n|-resisted|p1b: Mew\n|-damage|p1b: Mew|40\/100\n|\n|upkeep\n|turn|3\n|\n|t:|1698445376\n|move|p2b: Talonflame|Brave Bird|p1b: Mew\n|-damage|p1b: Mew|0 fnt\n|faint|p1b: Mew\n|-damage|p2b: Talonflame|86\/100|[from] Recoil\n|move|p2a: Dachsbun|Body Press|p1a: Wo-Chien\n|-supereffective|p1a: Wo-Chien\n|-damage|p1a: Wo-Chien|0 fnt\n|-damage|p2a: Dachsbun|84\/100|[from] item: Rocky Helmet|[of] p1a: Wo-Chien\n|faint|p1a: Wo-Chien\n|\n|-end|p2b: Talonflame|move: Future Sight\n|-damage|p2b: Talonflame|0 fnt\n|faint|p2b: Talonflame\n|upkeep\n|\n|t:|1698445400\n|switch|p2b: Vivillon|Vivillon-Pokeball, F|100\/100\n|switch|p1b: Ninetales|Ninetales, M|100\/100\n|switch|p1a: Oof Faked Out|Chi-Yu|100\/100\n|-weather|SunnyDay|[from] ability: Drought|[of] p1b: Ninetales\n|-ability|p1a: Oof Faked Out|Beads of Ruin\n|turn|4\n|\n|t:|1698445412\n|move|p1b: Ninetales|Heat Wave|p2a: Dachsbun|[spread] \n|-ability|p2a: Dachsbun|Well-Baked Body|boost\n|-boost|p2a: Dachsbun|def|2\n|-miss|p1b: Ninetales|p2b: Vivillon\n|move|p1a: Oof Faked Out|Lava Plume|p2a: Dachsbun|[spread] p1b,p2b\n|-immune|p2a: Dachsbun|[from] ability: Well-Baked Body\n|-resisted|p1b: Ninetales\n|-crit|p1b: Ninetales\n|-supereffective|p2b: Vivillon\n|-damage|p1b: Ninetales|12\/100\n|-damage|p2b: Vivillon|0 fnt\n|faint|p2b: Vivillon\n|move|p2a: Dachsbun|Body Press|p1a: Oof Faked Out\n|-supereffective|p1a: Oof Faked Out\n|-damage|p1a: Oof Faked Out|0 fnt\n|faint|p1a: Oof Faked Out\n|\n|-weather|SunnyDay|[upkeep]\n|upkeep\n|\n|t:|1698445438\n|switch|p1a: Delphox|Delphox, F|100\/100\n|switch|p2b: Pikachu|Pikachu, F, shiny|100\/100\n|-damage|p2b: Pikachu|84\/100|[from] Spikes\n|turn|5\n|inactive|Slimthickens has 120 seconds left.\n|inactive|Slimthickens has 90 seconds left.\n|inactive|Slimthickens has 60 seconds left.\n|inactive|Slimthickens has 30 seconds left.\n|inactive|Slimthickens has 20 seconds left.\n|inactive|Slimthickens has 15 seconds left.\n|inactive|Slimthickens has 10 seconds left.\n|inactive|Slimthickens has 5 seconds left.\n|-message|Slimthickens lost due to inactivity.\n|\n|win|mamba456\n|raw|Slimthickens's rating: 1067 &rarr; <strong>1045<\/strong><br \/>(-22 for losing)\n|raw|mamba456's rating: 1038 &rarr; <strong>1075<\/strong><br \/>(+37 for winning)\n","uploadtime":1698445591,"views":19,"p1id":"slimthickens","p2id":"mamba456","formatid":"gen9doublesou","rating":1045,"private":0,"password":""}