{"id":"gen9doublesou-1976103125","p1":"kagrin","p2":"GoDDanteX","format":"[Gen 9] Doubles OU","log":"|j|\u2606kagrin\n|j|\u2606GoDDanteX\n|t:|1698263922\n|gametype|doubles\n|player|p1|kagrin|hiker-gen4|\n|player|p2|GoDDanteX|riley|\n|teamsize|p1|6\n|teamsize|p2|6\n|gen|9\n|tier|[Gen 9] Doubles OU\n|rule|Species Clause: Limit one of each Pok\u00e9mon\n|rule|OHKO Clause: OHKO moves are banned\n|rule|Evasion Moves Clause: Evasion moves are banned\n|rule|Gravity Sleep Clause: The combination of sleep-inducing moves with imperfect accuracy and Gravity or Gigantamax Orbeetle are banned\n|rule|Endless Battle Clause: Forcing endless battles is banned\n|rule|HP Percentage Mod: HP is shown in percentages\n|clearpoke\n|poke|p1|Flutter Mane|\n|poke|p1|Garganacl, M|\n|poke|p1|Mew|\n|poke|p1|Breloom, M|\n|poke|p1|Grimmsnarl, M|\n|poke|p1|Volcanion|\n|poke|p2|Pawmot, M|\n|poke|p2|Arcanine, M|\n|poke|p2|Dragapult, M|\n|poke|p2|Iron Valiant|\n|poke|p2|Umbreon, M|\n|poke|p2|Espeon, F|\n|teampreview\n|l|\u2606GoDDanteX\n|player|p2|\n|j|\u2606GoDDanteX\n|player|p2|GoDDanteX|riley\n|\n|t:|1698263942\n|start\n|switch|p1a: Grimmsnarl|Grimmsnarl, M, shiny|100\/100\n|switch|p1b: Garganacl|Garganacl, M, shiny|100\/100\n|switch|p2a: XJ9|Iron Valiant, shiny|100\/100\n|switch|p2b: Spike|Arcanine, M, shiny|100\/100\n|-ability|p2b: Spike|Intimidate|boost\n|-unboost|p1a: Grimmsnarl|atk|1\n|-unboost|p1b: Garganacl|atk|1\n|-enditem|p2a: XJ9|Booster Energy\n|-activate|p2a: XJ9|ability: Quark Drive|[fromitem]\n|-start|p2a: XJ9|quarkdriveatk\n|turn|1\n|j| Redzone92\n|\n|t:|1698263959\n|-terastallize|p2a: XJ9|Ground\n|move|p1a: Grimmsnarl|Reflect|p1a: Grimmsnarl\n|-sidestart|p1: kagrin|Reflect\n|move|p2a: XJ9|Poison Jab|p1a: Grimmsnarl\n|-supereffective|p1a: Grimmsnarl\n|-damage|p1a: Grimmsnarl|34\/100\n|move|p2b: Spike|Howl|p2b: Spike|[spread] p2a,p2b\n|-boost|p2a: XJ9|atk|1\n|-boost|p2b: Spike|atk|1\n|move|p1b: Garganacl|Iron Defense|p1b: Garganacl\n|-boost|p1b: Garganacl|def|2\n|\n|upkeep\n|turn|2\n|\n|t:|1698263977\n|move|p1a: Grimmsnarl|Thunder Wave|p2b: Spike\n|-status|p2b: Spike|par\n|move|p2a: XJ9|Poison Jab|p1a: Grimmsnarl\n|-supereffective|p1a: Grimmsnarl\n|-damage|p1a: Grimmsnarl|0 fnt\n|faint|p1a: Grimmsnarl\n|move|p2b: Spike|Howl|p2b: Spike|[spread] p2a,p2b\n|-boost|p2a: XJ9|atk|1\n|-boost|p2b: Spike|atk|1\n|move|p1b: Garganacl|Salt Cure|p2a: XJ9\n|-resisted|p2a: XJ9\n|-damage|p2a: XJ9|94\/100\n|-start|p2a: XJ9|Salt Cure\n|\n|-damage|p2a: XJ9|82\/100|[from] Salt Cure\n|upkeep\n|\n|t:|1698263991\n|switch|p1a: Volcanion|Volcanion|100\/100\n|turn|3\n|\n|t:|1698263999\n|move|p2a: XJ9|Thunder Punch|p1a: Volcanion\n|-supereffective|p1a: Volcanion\n|-damage|p1a: Volcanion|28\/100\n|move|p1a: Volcanion|Steam Eruption|p2a: XJ9\n|-supereffective|p2a: XJ9\n|-damage|p2a: XJ9|0 fnt\n|faint|p2a: XJ9\n|-end|p2a: XJ9|Quark Drive|[silent]\n|move|p2b: Spike|Iron Head|p1b: Garganacl\n|-supereffective|p1b: Garganacl\n|-damage|p1b: Garganacl|78\/100\n|-damage|p2b: Spike|91\/100 par|[from] item: Life Orb\n|move|p1b: Garganacl|Iron Defense|p1b: Garganacl\n|-boost|p1b: Garganacl|def|2\n|\n|-heal|p1b: Garganacl|84\/100|[from] item: Leftovers\n|upkeep\n|\n|t:|1698264018\n|switch|p2a: Danny|Dragapult, M, shiny|100\/100\n|turn|4\n|\n|t:|1698264028\n|move|p2a: Danny|Thunderbolt|p1a: Volcanion\n|-supereffective|p1a: Volcanion\n|-damage|p1a: Volcanion|0 fnt\n|faint|p1a: Volcanion\n|move|p2b: Spike|Iron Head|p1b: Garganacl\n|-supereffective|p1b: Garganacl\n|-damage|p1b: Garganacl|69\/100\n|-damage|p2b: Spike|81\/100 par|[from] item: Life Orb\n|move|p1b: Garganacl|Body Press|p2a: Danny\n|-immune|p2a: Danny\n|\n|-heal|p1b: Garganacl|75\/100|[from] item: Leftovers\n|upkeep\n|\n|t:|1698264048\n|switch|p1a: Mew|Mew, shiny|100\/100\n|turn|5\n|\n|t:|1698264056\n|move|p2a: Danny|Flamethrower|p1a: Mew\n|-damage|p1a: Mew|70\/100\n|move|p1a: Mew|Nasty Plot|p1a: Mew\n|-boost|p1a: Mew|spa|2\n|move|p2b: Spike|Iron Head|p1b: Garganacl\n|-supereffective|p1b: Garganacl\n|-damage|p1b: Garganacl|62\/100\n|-damage|p2b: Spike|71\/100 par|[from] item: Life Orb\n|move|p1b: Garganacl|Body Press|p2b: Spike\n|-damage|p2b: Spike|0 fnt\n|faint|p2b: Spike\n|\n|-heal|p1b: Garganacl|68\/100|[from] item: Leftovers\n|upkeep\n|\n|t:|1698264063\n|switch|p2b: Minerva|Espeon, F, shiny|100\/100\n|turn|6\n|\n|t:|1698264078\n|move|p2a: Danny|Shadow Ball|p1a: Mew\n|-supereffective|p1a: Mew\n|-damage|p1a: Mew|0 fnt\n|faint|p1a: Mew\n|move|p2b: Minerva|Psychic|p1b: Garganacl\n|-damage|p1b: Garganacl|0 fnt\n|faint|p1b: Garganacl\n|\n|upkeep\n|\n|t:|1698264087\n|switch|p1a: Flutter Mane|Flutter Mane|100\/100\n|switch|p1b: Breloom|Breloom, M, shiny|100\/100\n|-enditem|p1a: Flutter Mane|Booster Energy\n|-activate|p1a: Flutter Mane|ability: Protosynthesis|[fromitem]\n|-start|p1a: Flutter Mane|protosynthesisspe\n|turn|7\n|\n|t:|1698264106\n|move|p1a: Flutter Mane|Moonblast|p2a: Danny\n|-supereffective|p2a: Danny\n|-damage|p2a: Danny|17\/100\n|-unboost|p2a: Danny|spa|1\n|move|p2a: Danny|Shadow Ball|p1a: Flutter Mane\n|-supereffective|p1a: Flutter Mane\n|-damage|p1a: Flutter Mane|58\/100\n|move|p2b: Minerva|Psychic|p1b: Breloom\n|-supereffective|p1b: Breloom\n|-damage|p1b: Breloom|0 fnt\n|faint|p1b: Breloom\n|\n|upkeep\n|turn|8\n|\n|t:|1698264129\n|move|p1a: Flutter Mane|Dazzling Gleam|p2b: Minerva|[spread] p2a,p2b\n|-supereffective|p2a: Danny\n|-damage|p2a: Danny|0 fnt\n|-damage|p2b: Minerva|63\/100\n|faint|p2a: Danny\n|move|p2b: Minerva|Psychic|p1a: Flutter Mane\n|-damage|p1a: Flutter Mane|0 fnt\n|faint|p1a: Flutter Mane\n|-end|p1a: Flutter Mane|Protosynthesis|[silent]\n|\n|win|GoDDanteX\n","uploadtime":1698264139,"views":18,"p1id":"kagrin","p2id":"goddantex","formatid":"gen9doublesou","rating":0,"private":0,"password":""}