{"id":"gen9doublesou-1998289017","p1":"Crown Oji","p2":"Rhik","format":"[Gen 9] Doubles OU","log":"|j|\u2606Crown Oji\n|j|\u2606Rhik\n|inactive|Battle timer is ON: inactive players will automatically lose when time's up.\n|t:|1700925182\n|gametype|doubles\n|player|p1|Crown Oji|benga|\n|player|p2|Rhik|ethan-pokeathlon|\n|teamsize|p1|6\n|teamsize|p2|6\n|gen|9\n|tier|[Gen 9] Doubles OU\n|rated|Tournament battle\n|rule|Species Clause: Limit one of each Pok\u00e9mon\n|rule|OHKO Clause: OHKO moves are banned\n|rule|Evasion Moves Clause: Evasion moves are banned\n|rule|Gravity Sleep Clause: The combination of sleep-inducing moves with imperfect accuracy and Gravity or Gigantamax Orbeetle are banned\n|rule|Endless Battle Clause: Forcing endless battles is banned\n|rule|HP Percentage Mod: HP is shown in percentages\n|clearpoke\n|poke|p1|Ninetales-Alola, M|\n|poke|p1|Landorus-Therian, M|\n|poke|p1|Heatran, F|\n|poke|p1|Ogerpon-Hearthflame, F|\n|poke|p1|Flutter Mane|\n|poke|p1|Farigiraf, M|\n|poke|p2|Clefairy, M|\n|poke|p2|Kommo-o, M|\n|poke|p2|Rillaboom, F|\n|poke|p2|Landorus-Therian, M|\n|poke|p2|Ursaluna, M|\n|poke|p2|Glimmora, F|\n|teampreview\n|j|*Lady Monita \u2746\n|c|\u2606Rhik|Glhf\n|c|\u2606Crown Oji|u2\n|\n|t:|1700925201\n|start\n|switch|p1a: Landorus|Landorus-Therian, M|100\/100\n|switch|p1b: Farigiraf|Farigiraf, M|100\/100\n|switch|p2a: Clefairy|Clefairy, M|100\/100\n|switch|p2b: Rillaboom|Rillaboom, F|100\/100\n|-fieldstart|move: Grassy Terrain|[from] ability: Grassy Surge|[of] p2b: Rillaboom\n|-ability|p1a: Landorus|Intimidate|boost\n|-unboost|p2a: Clefairy|atk|1\n|-unboost|p2b: Rillaboom|atk|1\n|turn|1\n|inactive|Rhik has 120 seconds left.\n|\n|t:|1700925232\n|move|p2a: Clefairy|Follow Me|p2a: Clefairy\n|-singleturn|p2a: Clefairy|move: Follow Me\n|move|p2b: Rillaboom|Wood Hammer|p1b: Farigiraf\n|-damage|p1b: Farigiraf|46\/100\n|-enditem|p1b: Farigiraf|Sitrus Berry|[eat]\n|-heal|p1b: Farigiraf|71\/100|[from] item: Sitrus Berry\n|-damage|p2b: Rillaboom|77\/100|[from] Recoil\n|move|p1a: Landorus|Taunt|p2a: Clefairy\n|-start|p2a: Clefairy|move: Taunt\n|move|p1b: Farigiraf|Psychic|p2a: Clefairy\n|-damage|p2a: Clefairy|70\/100\n|\n|-heal|p2b: Rillaboom|83\/100|[from] Grassy Terrain\n|-heal|p1b: Farigiraf|77\/100|[from] Grassy Terrain\n|-heal|p2a: Clefairy|76\/100|[from] Grassy Terrain\n|upkeep\n|turn|2\n|\n|t:|1700925256\n|switch|p2a: Glimmora|Glimmora, F|100\/100\n|move|p2b: Rillaboom|Wood Hammer|p1b: Farigiraf\n|-damage|p1b: Farigiraf|23\/100\n|-damage|p2b: Rillaboom|60\/100|[from] Recoil\n|move|p1a: Landorus|U-turn|p2b: Rillaboom\n|-supereffective|p2b: Rillaboom\n|-damage|p2b: Rillaboom|4\/100\n|inactive|Crown Oji has 120 seconds left.\n|\n|t:|1700925271\n|switch|p1a: Heatran|Heatran, F|100\/100|[from] U-turn\n|move|p1b: Farigiraf|Psychic|p2a: Glimmora\n|-supereffective|p2a: Glimmora\n|-enditem|p2a: Glimmora|Focus Sash\n|-damage|p2a: Glimmora|1\/100\n|\n|-heal|p2a: Glimmora|7\/100|[from] Grassy Terrain\n|-heal|p2b: Rillaboom|10\/100|[from] Grassy Terrain\n|-heal|p1b: Farigiraf|29\/100|[from] Grassy Terrain\n|upkeep\n|turn|3\n|\n|t:|1700925295\n|move|p2b: Rillaboom|Grassy Glide||[still]\n|cant|p1b: Farigiraf|ability: Armor Tail|Grassy Glide|[of] p2b: Rillaboom\n|move|p2a: Glimmora|Stealth Rock|p1b: Farigiraf\n|-sidestart|p1: Crown Oji|move: Stealth Rock\n|move|p1a: Heatran|Heat Wave|p2a: Glimmora|[spread] p2a,p2b\n|-resisted|p2a: Glimmora\n|-supereffective|p2b: Rillaboom\n|-damage|p2a: Glimmora|0 fnt\n|-damage|p2b: Rillaboom|0 fnt\n|faint|p2a: Glimmora\n|faint|p2b: Rillaboom\n|move|p1b: Farigiraf|Dazzling Gleam|p2: Glimmora|[notarget]\n|-fail|p1b: Farigiraf\n|\n|-heal|p1b: Farigiraf|35\/100|[from] Grassy Terrain\n|upkeep\n|\n|t:|1700925310\n|switch|p2a: Landorus|Landorus-Therian, M|100\/100\n|switch|p2b: Ursaluna|Ursaluna, M|100\/100\n|-ability|p2a: Landorus|Intimidate|boost\n|-unboost|p1a: Heatran|atk|1\n|-unboost|p1b: Farigiraf|atk|1\n|turn|4\n|\n|t:|1700925323\n|move|p2b: Ursaluna|Protect|p2b: Ursaluna\n|-singleturn|p2b: Ursaluna|Protect\n|move|p2a: Landorus|Stomping Tantrum|p1b: Farigiraf\n|-damage|p1b: Farigiraf|0 fnt\n|faint|p1b: Farigiraf\n|move|p1a: Heatran|Heat Wave|p2a: Landorus|[spread] p2a\n|-activate|p2b: Ursaluna|move: Protect\n|-damage|p2a: Landorus|44\/100\n|\n|-status|p2b: Ursaluna|brn|[from] item: Flame Orb\n|upkeep\n|\n|t:|1700925330\n|switch|p1b: Ninetales|Ninetales-Alola, M|100\/100\n|-damage|p1b: Ninetales|76\/100|[from] Stealth Rock\n|-weather|Snow|[from] ability: Snow Warning|[of] p1b: Ninetales\n|turn|5\n|\n|t:|1700925338\n|-terastallize|p2b: Ursaluna|Fairy\n|move|p2a: Landorus|Stomping Tantrum|p1a: Heatran\n|-supereffective|p1a: Heatran\n|-damage|p1a: Heatran|0 fnt\n|faint|p1a: Heatran\n|move|p1b: Ninetales|Aurora Veil|p1b: Ninetales\n|-sidestart|p1: Crown Oji|move: Aurora Veil\n|move|p2b: Ursaluna|Facade|p1b: Ninetales\n|-damage|p1b: Ninetales|7\/100\n|\n|-weather|Snow|[upkeep]\n|-heal|p1b: Ninetales|13\/100|[from] Grassy Terrain\n|-damage|p2b: Ursaluna|94\/100 brn|[from] brn\n|-fieldend|move: Grassy Terrain\n|upkeep\n|\n|t:|1700925350\n|switch|p1a: Ogerpon|Ogerpon-Hearthflame, F|100\/100\n|-damage|p1a: Ogerpon|76\/100|[from] Stealth Rock\n|-ability|p1a: Ogerpon|Mold Breaker\n|turn|6\n|\n|t:|1700925358\n|move|p2a: Landorus|Stomping Tantrum|p1b: Ninetales\n|-damage|p1b: Ninetales|0 fnt\n|faint|p1b: Ninetales\n|move|p1a: Ogerpon|Ivy Cudgel|p2b: Ursaluna|[anim] Ivy Cudgel Fire\n|-damage|p2b: Ursaluna|56\/100 brn\n|move|p2b: Ursaluna|Facade|p1a: Ogerpon\n|-damage|p1a: Ogerpon|0 fnt\n|faint|p1a: Ogerpon\n|\n|-weather|Snow|[upkeep]\n|-damage|p2b: Ursaluna|50\/100 brn|[from] brn\n|upkeep\n|\n|t:|1700925366\n|switch|p1a: Landorus|Landorus-Therian, M|100\/100\n|switch|p1b: Flutter Mane|Flutter Mane|100\/100\n|-damage|p1b: Flutter Mane|88\/100|[from] Stealth Rock\n|-damage|p1a: Landorus|88\/100|[from] Stealth Rock\n|-ability|p1a: Landorus|Intimidate|boost\n|-unboost|p2a: Landorus|atk|1\n|-unboost|p2b: Ursaluna|atk|1\n|turn|7\n|\n|t:|1700925384\n|move|p2b: Ursaluna|Protect|p2b: Ursaluna\n|-singleturn|p2b: Ursaluna|Protect\n|move|p2a: Landorus|Stomping Tantrum|p1b: Flutter Mane\n|-damage|p1b: Flutter Mane|48\/100\n|move|p1b: Flutter Mane|Moonblast|p2b: Ursaluna\n|-activate|p2b: Ursaluna|move: Protect\n|move|p1a: Landorus|Stomping Tantrum|p2b: Ursaluna\n|-activate|p2b: Ursaluna|move: Protect\n|\n|-weather|Snow|[upkeep]\n|-damage|p2b: Ursaluna|44\/100 brn|[from] brn\n|upkeep\n|turn|8\n|\n|t:|1700925403\n|switch|p2b: Clefairy|Clefairy, M|76\/100\n|move|p1b: Flutter Mane|Protect|p1b: Flutter Mane\n|-singleturn|p1b: Flutter Mane|Protect\n|move|p2a: Landorus|Stomping Tantrum|p1b: Flutter Mane\n|-activate|p1b: Flutter Mane|move: Protect\n|move|p1a: Landorus|Rock Slide|p2a: Landorus|[spread] p2a,p2b\n|-damage|p2a: Landorus|27\/100\n|-damage|p2b: Clefairy|53\/100\n|\n|-weather|Snow|[upkeep]\n|upkeep\n|turn|9\n|\n|t:|1700925431\n|-terastallize|p1b: Flutter Mane|Fairy\n|move|p2b: Clefairy|Follow Me|p2b: Clefairy\n|-singleturn|p2b: Clefairy|move: Follow Me\n|move|p2a: Landorus|Stomping Tantrum|p1b: Flutter Mane\n|-crit|p1b: Flutter Mane\n|-damage|p1b: Flutter Mane|0 fnt\n|faint|p1b: Flutter Mane\n|-end|p1b: Flutter Mane|Protosynthesis|[silent]\n|move|p1a: Landorus|Rock Slide|p2a: Landorus|[spread] p2a\n|-miss|p1a: Landorus|p2b: Clefairy\n|-damage|p2a: Landorus|9\/100\n|\n|-weather|none\n|upkeep\n|turn|10\n|j|^RUMYMOME\n|-message|Crown Oji forfeited.\n|\n|win|Rhik\n|n|\u2606Crown Oji|crownoji\n|n|\u2606Rhik|rhik\n|n|*Lady Monita \u2746|ladymonita\n|n| RUMYMOME|rumymome\n|l|*Lady Monita \u2746\n|l|\u2606Crown Oji\n|c|\u2606Rhik|Gg\n|l|\u2606Rhik\n|l| RUMYMOME\n|j| RUMYMOME\n|l| RUMYMOME\n|j| RUMYMOME\n","uploadtime":1700926274,"views":3,"p1id":"crownoji","p2id":"rhik","formatid":"gen9doublesou","rating":0,"private":0,"password":""}