{"id":"gen9doublesou-1975064453","p1":"Smol Rain Time","p2":"desobediente","format":"[Gen 9] Doubles OU","log":"|j|\u2606Smol Rain Time\n|j|\u2606desobediente\n|t:|1698159113\n|gametype|doubles\n|player|p1|Smol Rain Time|pryce|1122\n|player|p2|desobediente|blue|1136\n|teamsize|p1|6\n|teamsize|p2|6\n|gen|9\n|tier|[Gen 9] Doubles OU\n|rated|\n|rule|Species Clause: Limit one of each Pok\u00e9mon\n|rule|OHKO Clause: OHKO moves are banned\n|rule|Evasion Moves Clause: Evasion moves are banned\n|rule|Gravity Sleep Clause: The combination of sleep-inducing moves with imperfect accuracy and Gravity or Gigantamax Orbeetle are banned\n|rule|Endless Battle Clause: Forcing endless battles is banned\n|rule|HP Percentage Mod: HP is shown in percentages\n|clearpoke\n|poke|p1|Sinistcha|\n|poke|p1|Goodra-Hisui, F|\n|poke|p1|Basculegion-F, F|\n|poke|p1|Ogerpon-Wellspring, F|\n|poke|p1|Pelipper, F|\n|poke|p1|Walking Wake|\n|poke|p2|Blissey, F|\n|poke|p2|Shaymin-Sky|\n|poke|p2|Jirachi|\n|poke|p2|Dudunsparce-*, F|\n|poke|p2|Sawsbuck, M|\n|poke|p2|Meloetta|\n|teampreview\n|\n|t:|1698159134\n|start\n|switch|p1a: Perry|Pelipper, F|100\/100\n|switch|p1b: Garry|Goodra-Hisui, F|100\/100\n|switch|p2a: Dudunsparce|Dudunsparce-Three-Segment, F|100\/100\n|switch|p2b: Jirachi|Jirachi|100\/100\n|-weather|RainDance|[from] ability: Drizzle|[of] p1a: Perry\n|turn|1\n|\n|t:|1698159159\n|move|p2b: Jirachi|Stealth Rock|p1a: Perry\n|-sidestart|p1: Smol Rain Time|move: Stealth Rock\n|move|p1a: Perry|Tailwind|p1a: Perry\n|-sidestart|p1: Smol Rain Time|move: Tailwind\n|move|p1b: Garry|Shelter|p1b: Garry\n|-boost|p1b: Garry|def|2\n|move|p2a: Dudunsparce|Ancient Power|p1a: Perry\n|-supereffective|p1a: Perry\n|-damage|p1a: Perry|52\/100\n|-boost|p2a: Dudunsparce|atk|1\n|-boost|p2a: Dudunsparce|def|1\n|-boost|p2a: Dudunsparce|spa|1\n|-boost|p2a: Dudunsparce|spd|1\n|-boost|p2a: Dudunsparce|spe|1\n|\n|-weather|RainDance|[upkeep]\n|upkeep\n|turn|2\n|\n|t:|1698159180\n|move|p1a: Perry|Protect|p1a: Perry\n|-singleturn|p1a: Perry|Protect\n|move|p2b: Jirachi|U-turn|p1b: Garry\n|-resisted|p1b: Garry\n|-damage|p1b: Garry|95\/100\n|-enditem|p1b: Garry|Kee Berry|[eat]\n|-boost|p1b: Garry|def|1|[from] item: Kee Berry\n|-damage|p2b: Jirachi|91\/100|[from] item: Life Orb\n|\n|t:|1698159191\n|switch|p2b: Sawsbuck|Sawsbuck, M|100\/100|[from] U-turn\n|move|p1b: Garry|Shelter|p1b: Garry\n|-boost|p1b: Garry|def|2\n|move|p2a: Dudunsparce|Ancient Power|p1a: Perry\n|-activate|p1a: Perry|move: Protect\n|\n|-weather|RainDance|[upkeep]\n|upkeep\n|turn|3\n|\n|t:|1698159218\n|switch|p1a: Sirry|Sinistcha|100\/100\n|-damage|p1a: Sirry|88\/100|[from] Stealth Rock\n|-heal|p1b: Garry|100\/100|[from] ability: Hospitality|[of] p1a: Sirry\n|move|p2b: Sawsbuck|High Horsepower|p1b: Garry\n|-supereffective|p1b: Garry\n|-damage|p1b: Garry|81\/100\n|move|p1b: Garry|Body Press|p2a: Dudunsparce\n|-supereffective|p2a: Dudunsparce\n|-damage|p2a: Dudunsparce|0 fnt\n|faint|p2a: Dudunsparce\n|\n|-weather|RainDance|[upkeep]\n|-heal|p1a: Sirry|94\/100|[from] item: Leftovers\n|upkeep\n|\n|t:|1698159234\n|switch|p2a: Jirachi|Jirachi|91\/100\n|turn|4\n|\n|t:|1698159243\n|move|p1a: Sirry|Rage Powder|p1a: Sirry\n|-singleturn|p1a: Sirry|move: Rage Powder\n|move|p2a: Jirachi|Iron Head|p1a: Sirry\n|-damage|p1a: Sirry|65\/100\n|-damage|p2a: Jirachi|81\/100|[from] item: Life Orb\n|move|p2b: Sawsbuck|High Horsepower|p1b: Garry\n|-supereffective|p1b: Garry\n|-damage|p1b: Garry|60\/100\n|move|p1b: Garry|Body Press|p2b: Sawsbuck\n|-supereffective|p2b: Sawsbuck\n|-damage|p2b: Sawsbuck|0 fnt\n|faint|p2b: Sawsbuck\n|\n|-weather|RainDance|[upkeep]\n|-heal|p1a: Sirry|71\/100|[from] item: Leftovers\n|-sideend|p1: Smol Rain Time|move: Tailwind\n|upkeep\n|\n|t:|1698159263\n|switch|p2b: Shaymin|Shaymin-Sky|100\/100\n|turn|5\n|\n|t:|1698159274\n|move|p1b: Garry|Protect|p1b: Garry\n|-singleturn|p1b: Garry|Protect\n|move|p2b: Shaymin|Air Slash|p1a: Sirry\n|-supereffective|p1a: Sirry\n|-damage|p1a: Sirry|0 fnt\n|faint|p1a: Sirry\n|move|p2a: Jirachi|U-turn|p1b: Garry\n|-activate|p1b: Garry|move: Protect\n|\n|-weather|none\n|upkeep\n|\n|t:|1698159288\n|switch|p1a: Perry|Pelipper, F|52\/100\n|-damage|p1a: Perry|27\/100|[from] Stealth Rock\n|-weather|RainDance|[from] ability: Drizzle|[of] p1a: Perry\n|turn|6\n|\n|t:|1698159309\n|move|p1a: Perry|Protect|p1a: Perry\n|-singleturn|p1a: Perry|Protect\n|move|p2b: Shaymin|Air Slash|p1a: Perry\n|-activate|p1a: Perry|move: Protect\n|move|p2a: Jirachi|Iron Head|p1b: Garry\n|-resisted|p1b: Garry\n|-damage|p1b: Garry|55\/100\n|-damage|p2a: Jirachi|71\/100|[from] item: Life Orb\n|move|p1b: Garry|Body Press|p2b: Shaymin\n|-resisted|p2b: Shaymin\n|-crit|p2b: Shaymin\n|-damage|p2b: Shaymin|18\/100\n|\n|-weather|RainDance|[upkeep]\n|upkeep\n|turn|7\n|\n|t:|1698159325\n|switch|p1a: Wally|Walking Wake|100\/100\n|-damage|p1a: Wally|88\/100|[from] Stealth Rock\n|move|p2b: Shaymin|Air Slash|p1a: Wally\n|-damage|p1a: Wally|24\/100\n|move|p2a: Jirachi|Thunder Punch|p1a: Wally\n|-damage|p1a: Wally|0 fnt\n|faint|p1a: Wally\n|-end|p1a: Wally|Protosynthesis|[silent]\n|-damage|p2a: Jirachi|61\/100|[from] item: Life Orb\n|move|p1b: Garry|Body Press|p2a: Jirachi\n|-damage|p2a: Jirachi|0 fnt\n|faint|p2a: Jirachi\n|\n|-weather|RainDance|[upkeep]\n|upkeep\n|\n|t:|1698159341\n|switch|p1a: Barry|Basculegion-F, F|100\/100\n|switch|p2a: Meloetta|Meloetta|100\/100\n|-damage|p1a: Barry|88\/100|[from] Stealth Rock\n|turn|8\n|\n|t:|1698159358\n|switch|p2b: Blissey|Blissey, F|100\/100\n|move|p1a: Barry|Ice Beam|p2b: Blissey\n|-damage|p2b: Blissey|88\/100\n|-damage|p1a: Barry|78\/100|[from] item: Life Orb\n|move|p2a: Meloetta|Thunderbolt|p1a: Barry\n|-supereffective|p1a: Barry\n|-crit|p1a: Barry\n|-damage|p1a: Barry|0 fnt\n|faint|p1a: Barry\n|move|p1b: Garry|Body Press|p2a: Meloetta\n|-damage|p2a: Meloetta|0 fnt\n|faint|p2a: Meloetta\n|\n|-weather|RainDance|[upkeep]\n|-heal|p2b: Blissey|94\/100|[from] item: Leftovers\n|upkeep\n|\n|t:|1698159374\n|switch|p2a: Shaymin|Shaymin-Sky|18\/100\n|switch|p1a: Ogerry|Ogerpon-Wellspring, F|100\/100\n|-damage|p1a: Ogerry|88\/100|[from] Stealth Rock\n|turn|9\n|\n|t:|1698159391\n|-terastallize|p2a: Shaymin|Grass\n|move|p1a: Ogerry|Spiky Shield|p1a: Ogerry\n|-singleturn|p1a: Ogerry|move: Protect\n|move|p2a: Shaymin|Seed Flare|p1a: Ogerry\n|-activate|p1a: Ogerry|move: Protect\n|move|p2b: Blissey|Shadow Ball|p1a: Ogerry\n|-activate|p1a: Ogerry|move: Protect\n|move|p1b: Garry|Body Press|p2a: Shaymin\n|-damage|p2a: Shaymin|0 fnt\n|faint|p2a: Shaymin\n|\n|-weather|RainDance|[upkeep]\n|-heal|p2b: Blissey|99\/100|[from] item: Leftovers\n|upkeep\n|turn|10\n|\n|t:|1698159408\n|-terastallize|p1a: Ogerry|Water\n|detailschange|p1a: Ogerry|Ogerpon-Wellspring-Tera, F, tera:Water\n|-ability|p1a: Ogerry|Embody Aspect (Wellspring)|boost\n|-boost|p1a: Ogerry|spd|1\n|move|p1a: Ogerry|Ivy Cudgel|p2b: Blissey\n|-damage|p2b: Blissey|0 fnt\n|faint|p2b: Blissey\n|\n|win|Smol Rain Time\n|raw|Smol Rain Time's rating: 1122 &rarr; <strong>1148<\/strong><br \/>(+26 for winning)\n|raw|desobediente's rating: 1136 &rarr; <strong>1110<\/strong><br \/>(-26 for losing)\n|l|\u2606desobediente\n|c|\u2606Smol Rain Time|gg\n","uploadtime":1698159418,"views":22,"p1id":"smolraintime","p2id":"desobediente","formatid":"gen9doublesou","rating":1110,"private":0,"password":""}