{"id":"gen9doublesou-1976293824","p1":"SXD2002","p2":"Holton 23","format":"[Gen 9] Doubles OU","log":"|j|\u2606SXD2002\n|j|\u2606Holton 23\n|t:|1698283238\n|gametype|doubles\n|player|p1|SXD2002|silver-masters|1096\n|player|p2|Holton 23|102|1000\n|teamsize|p1|6\n|teamsize|p2|6\n|gen|9\n|tier|[Gen 9] Doubles OU\n|rated|\n|rule|Species Clause: Limit one of each Pok\u00e9mon\n|rule|OHKO Clause: OHKO moves are banned\n|rule|Evasion Moves Clause: Evasion moves are banned\n|rule|Gravity Sleep Clause: The combination of sleep-inducing moves with imperfect accuracy and Gravity or Gigantamax Orbeetle are banned\n|rule|Endless Battle Clause: Forcing endless battles is banned\n|rule|HP Percentage Mod: HP is shown in percentages\n|clearpoke\n|poke|p1|Lurantis, F|\n|poke|p1|Murkrow, F|\n|poke|p1|Grimmsnarl, M|\n|poke|p1|Clefairy, M|\n|poke|p1|Talonflame, M|\n|poke|p1|Espeon, F|\n|poke|p2|Farigiraf, L96, M|\n|poke|p2|Flutter Mane, L95|\n|poke|p2|Moltres-Galar, L93|\n|poke|p2|Sylveon, L94, F|\n|poke|p2|Kommo-o, L95, M|\n|poke|p2|Gholdengo, L96|\n|teampreview\n|inactive|Battle timer is ON: inactive players will automatically lose when time's up. (requested by SXD2002)\n|\n|t:|1698283257\n|start\n|switch|p1a: Murkrow|Murkrow, F|100\/100\n|switch|p1b: Lurantis|Lurantis, F|100\/100\n|switch|p2a: Flutter Mane|Flutter Mane, L95|100\/100\n|switch|p2b: Farigiraf|Farigiraf, L96, M|100\/100\n|turn|1\n|inactive|Holton 23 has 120 seconds left.\n|\n|t:|1698283295\n|move|p1b: Lurantis|Protect|p1b: Lurantis\n|-singleturn|p1b: Lurantis|Protect\n|move|p2a: Flutter Mane|Mystical Fire|p1b: Lurantis\n|-activate|p1b: Lurantis|move: Protect\n|move|p1a: Murkrow|Snarl|p2a: Flutter Mane|[spread] p2a,p2b\n|-supereffective|p2b: Farigiraf\n|-damage|p2a: Flutter Mane|87\/100\n|-damage|p2b: Farigiraf|81\/100\n|-unboost|p2a: Flutter Mane|spa|1\n|-unboost|p2b: Farigiraf|spa|1\n|move|p2b: Farigiraf|Crunch|p1a: Murkrow\n|-resisted|p1a: Murkrow\n|-damage|p1a: Murkrow|89\/100\n|\n|upkeep\n|turn|2\n|inactive|Holton 23 has 120 seconds left.\n|\n|t:|1698283334\n|move|p1a: Murkrow|Feather Dance|p1b: Lurantis\n|-boost|p1b: Lurantis|atk|2\n|move|p2a: Flutter Mane|Moonblast|p1a: Murkrow\n|-supereffective|p1a: Murkrow\n|-damage|p1a: Murkrow|41\/100\n|-unboost|p1a: Murkrow|spa|1\n|move|p2b: Farigiraf|Twin Beam|p1b: Lurantis\n|-crit|p1b: Lurantis\n|-damage|p1b: Lurantis|84\/100\n|-damage|p1b: Lurantis|76\/100\n|-hitcount|p1b: Lurantis|2\n|move|p1b: Lurantis|Leech Life|p2b: Farigiraf\n|-supereffective|p2b: Farigiraf\n|-damage|p2b: Farigiraf|0 fnt\n|-heal|p1b: Lurantis|100\/100|[from] drain|[of] p2b: Farigiraf\n|faint|p2b: Farigiraf\n|\n|upkeep\n|inactive|Holton 23 has 90 seconds left.\n|\n|t:|1698283355\n|switch|p2b: Sylveon|Sylveon, L94, F, shiny|100\/100\n|turn|3\n|\n|t:|1698283365\n|-terastallize|p1b: Lurantis|Steel\n|move|p2b: Sylveon|Protect|p2b: Sylveon\n|-singleturn|p2b: Sylveon|Protect\n|move|p2a: Flutter Mane|Mystical Fire|p1b: Lurantis\n|-supereffective|p1b: Lurantis\n|-damage|p1b: Lurantis|80\/100\n|-boost|p1b: Lurantis|spa|1\n|move|p1a: Murkrow|Snarl|p2b: Sylveon|[spread] p2a\n|-activate|p2b: Sylveon|move: Protect\n|-damage|p2a: Flutter Mane|77\/100\n|-unboost|p2a: Flutter Mane|spa|1\n|move|p1b: Lurantis|Leaf Storm|p2b: Sylveon\n|-activate|p2b: Sylveon|move: Protect\n|\n|-heal|p1b: Lurantis|86\/100|[from] item: Leftovers\n|upkeep\n|turn|4\n|inactive|Holton 23 has 120 seconds left.\n|\n|t:|1698283394\n|move|p2a: Flutter Mane|Mystical Fire|p1b: Lurantis\n|-supereffective|p1b: Lurantis\n|-crit|p1b: Lurantis\n|-damage|p1b: Lurantis|34\/100\n|-boost|p1b: Lurantis|spa|1\n|move|p1a: Murkrow|Snarl|p2a: Flutter Mane|[spread] p2a,p2b\n|-resisted|p2b: Sylveon\n|-damage|p2a: Flutter Mane|69\/100\n|-damage|p2b: Sylveon|97\/100\n|-unboost|p2a: Flutter Mane|spa|1\n|-unboost|p2b: Sylveon|spa|1\n|move|p2b: Sylveon|Dazzling Gleam|p1b: Lurantis|[spread] p1a,p1b\n|-supereffective|p1a: Murkrow\n|-resisted|p1b: Lurantis\n|-damage|p1a: Murkrow|19\/100\n|-damage|p1b: Lurantis|28\/100\n|move|p1b: Lurantis|Leaf Storm|p2b: Sylveon\n|-damage|p2b: Sylveon|42\/100\n|-boost|p1b: Lurantis|spa|2\n|\n|-heal|p1b: Lurantis|34\/100|[from] item: Leftovers\n|upkeep\n|turn|5\n|inactive|Holton 23 has 120 seconds left.\n|inactive|SXD2002 has 120 seconds left.\n|\n|t:|1698283430\n|move|p1a: Murkrow|Thunder Wave|p2a: Flutter Mane\n|-status|p2a: Flutter Mane|par\n|move|p2b: Sylveon|Dazzling Gleam|p1b: Lurantis|[spread] p1a,p1b\n|-supereffective|p1a: Murkrow\n|-resisted|p1b: Lurantis\n|-damage|p1a: Murkrow|0 fnt\n|-damage|p1b: Lurantis|29\/100\n|faint|p1a: Murkrow\n|move|p2a: Flutter Mane|Mystical Fire|p1b: Lurantis\n|-supereffective|p1b: Lurantis\n|-damage|p1b: Lurantis|15\/100\n|-boost|p1b: Lurantis|spa|1\n|move|p1b: Lurantis|Leaf Storm|p2a: Flutter Mane\n|-damage|p2a: Flutter Mane|0 fnt\n|-boost|p1b: Lurantis|spa|1\n|faint|p2a: Flutter Mane\n|-end|p2a: Flutter Mane|Protosynthesis|[silent]\n|\n|-heal|p1b: Lurantis|21\/100|[from] item: Leftovers\n|upkeep\n|inactive|Holton 23 has 120 seconds left.\n|inactive|SXD2002 has 120 seconds left.\n|\n|t:|1698283451\n|switch|p2a: Kommo-o|Kommo-o, L95, M|100\/100\n|switch|p1a: Clefairy|Clefairy, M|100\/100\n|turn|6\n|inactive|Holton 23 has 120 seconds left.\n|\n|t:|1698283477\n|move|p1b: Lurantis|Protect|p1b: Lurantis\n|-singleturn|p1b: Lurantis|Protect\n|move|p2a: Kommo-o|Aura Sphere|p1b: Lurantis\n|-activate|p1b: Lurantis|move: Protect\n|move|p2b: Sylveon|Moonblast|p1a: Clefairy\n|-damage|p1a: Clefairy|86\/100\n|move|p1a: Clefairy|Life Dew|p1a: Clefairy|[spread] p1a,p1b\n|-heal|p1a: Clefairy|100\/100\n|-heal|p1b: Lurantis|47\/100\n|\n|-heal|p1b: Lurantis|53\/100|[from] item: Leftovers\n|upkeep\n|turn|7\n|\n|t:|1698283494\n|move|p2b: Sylveon|Protect|p2b: Sylveon\n|-singleturn|p2b: Sylveon|Protect\n|move|p1a: Clefairy|Follow Me|p1a: Clefairy\n|-singleturn|p1a: Clefairy|move: Follow Me\n|move|p2a: Kommo-o|Close Combat|p1a: Clefairy\n|-resisted|p1a: Clefairy\n|-damage|p1a: Clefairy|73\/100\n|-unboost|p2a: Kommo-o|def|1\n|-unboost|p2a: Kommo-o|spd|1\n|move|p1b: Lurantis|Leaf Storm|p2b: Sylveon\n|-activate|p2b: Sylveon|move: Protect\n|\n|-heal|p1b: Lurantis|59\/100|[from] item: Leftovers\n|upkeep\n|turn|8\n|\n|t:|1698283516\n|-terastallize|p2a: Kommo-o|Fairy\n|move|p1a: Clefairy|Follow Me|p1a: Clefairy\n|-singleturn|p1a: Clefairy|move: Follow Me\n|move|p2a: Kommo-o|Aura Sphere|p1a: Clefairy\n|-resisted|p1a: Clefairy\n|-damage|p1a: Clefairy|66\/100\n|move|p2b: Sylveon|Reflect|p2b: Sylveon\n|-sidestart|p2: Holton 23|Reflect\n|move|p1b: Lurantis|Leaf Storm|p2a: Kommo-o\n|-damage|p2a: Kommo-o|0 fnt\n|faint|p2a: Kommo-o\n|\n|-heal|p1b: Lurantis|65\/100|[from] item: Leftovers\n|upkeep\n|\n|t:|1698283528\n|switch|p2a: Moltres|Moltres-Galar, L93, shiny|100\/100\n|turn|9\n|\n|t:|1698283547\n|move|p1a: Clefairy|Follow Me|p1a: Clefairy\n|-singleturn|p1a: Clefairy|move: Follow Me\n|move|p2a: Moltres|Fly||[still]\n|-prepare|p2a: Moltres|Fly\n|move|p2b: Sylveon|Moonblast|p1a: Clefairy\n|-damage|p1a: Clefairy|52\/100\n|-unboost|p1a: Clefairy|spa|1\n|move|p1b: Lurantis|Superpower|p2a: Moltres|[miss]\n|-miss|p1b: Lurantis|p2a: Moltres\n|\n|-heal|p1b: Lurantis|71\/100|[from] item: Leftovers\n|upkeep\n|turn|10\n|-message|Holton 23 forfeited.\n|\n|win|SXD2002\n|raw|SXD2002's rating: 1096 &rarr; <strong>1115<\/strong><br \/>(+19 for winning)\n|raw|Holton 23's rating: 1000 &rarr; <strong>1000<\/strong><br \/>(+0 for losing)\n|l|\u2606Holton 23\n","uploadtime":1698283567,"views":12,"p1id":"sxd2002","p2id":"holton23","formatid":"gen9doublesou","rating":1000,"private":0,"password":""}