{"id":"gen9doublesou-1978146454","p1":"RedNecroDevil","p2":"Thehombre","format":"[Gen 9] Doubles OU","log":"|j|\u2606RedNecroDevil\n|j|\u2606Thehombre\n|t:|1698505041\n|gametype|doubles\n|player|p1|RedNecroDevil|101|1004\n|player|p2|Thehombre|170|1132\n|teamsize|p1|6\n|teamsize|p2|6\n|gen|9\n|tier|[Gen 9] Doubles OU\n|rated|\n|rule|Species Clause: Limit one of each Pok\u00e9mon\n|rule|OHKO Clause: OHKO moves are banned\n|rule|Evasion Moves Clause: Evasion moves are banned\n|rule|Gravity Sleep Clause: The combination of sleep-inducing moves with imperfect accuracy and Gravity or Gigantamax Orbeetle are banned\n|rule|Endless Battle Clause: Forcing endless battles is banned\n|rule|HP Percentage Mod: HP is shown in percentages\n|clearpoke\n|poke|p1|Arbok, M|\n|poke|p1|Sableye, F|\n|poke|p1|Diancie|\n|poke|p1|Clefable, F|\n|poke|p1|Tyranitar, F|\n|poke|p1|Overqwil, F|\n|poke|p2|Maushold-Four|\n|poke|p2|Sableye, F|\n|poke|p2|Sinistcha-Masterpiece|\n|poke|p2|Garganacl, F|\n|poke|p2|Clefairy, F|\n|poke|p2|Dusclops, F|\n|teampreview\n|inactive|Battle timer is ON: inactive players will automatically lose when time's up. (requested by Thehombre)\n|\n|t:|1698505047\n|start\n|switch|p1a: Overqwil|Overqwil, F|100\/100\n|switch|p1b: Sableye|Sableye, F|100\/100\n|switch|p2a: Sableye|Sableye, F|100\/100\n|switch|p2b: Maushold|Maushold-Four|100\/100\n|-ability|p1a: Overqwil|Intimidate|boost\n|-unboost|p2a: Sableye|atk|1\n|-unboost|p2b: Maushold|atk|1\n|turn|1\n|\n|t:|1698505060\n|move|p1b: Sableye|Trick|p2b: Maushold\n|-activate|p1b: Sableye|move: Trick|[of] p2b: Maushold\n|-item|p2b: Maushold|Choice Scarf|[from] move: Trick\n|-item|p1b: Sableye|Silk Scarf|[from] move: Trick\n|move|p2a: Sableye|Gravity|p2a: Sableye\n|-fieldstart|move: Gravity\n|move|p2b: Maushold|Tidy Up|p2b: Maushold\n|-boost|p2b: Maushold|atk|1\n|-boost|p2b: Maushold|spe|1\n|move|p1a: Overqwil|Acupressure|p1a: Overqwil\n|-boost|p1a: Overqwil|spe|2\n|\n|upkeep\n|turn|2\n|\n|t:|1698505074\n|switch|p2b: Dusclops|Dusclops, F|100\/100\n|-ability|p2b: Dusclops|Pressure\n|move|p1b: Sableye|Taunt|p2b: Dusclops\n|-start|p2b: Dusclops|move: Taunt\n|move|p1a: Overqwil|Acupressure|p1a: Overqwil\n|-boost|p1a: Overqwil|spd|2\n|move|p2a: Sableye|Foul Play|p1a: Overqwil\n|-resisted|p1a: Overqwil\n|-damage|p1a: Overqwil|74\/100\n|\n|-heal|p1a: Overqwil|81\/100|[from] item: Leftovers\n|upkeep\n|turn|3\n|\n|t:|1698505102\n|switch|p2a: Maushold|Maushold-Four|100\/100\n|move|p1b: Sableye|Trick|p2b: Dusclops\n|-activate|p1b: Sableye|move: Trick|[of] p2b: Dusclops\n|-item|p2b: Dusclops|Silk Scarf|[from] move: Trick\n|-item|p1b: Sableye|Eviolite|[from] move: Trick\n|move|p1a: Overqwil|Acupressure|p1a: Overqwil\n|-boost|p1a: Overqwil|accuracy|2\n|move|p2b: Dusclops|Poltergeist|p1b: Sableye\n|-activate|p1b: Sableye|move: Poltergeist|Eviolite\n|-damage|p1b: Sableye|60\/100\n|\n|-heal|p1a: Overqwil|87\/100|[from] item: Leftovers\n|upkeep\n|turn|4\n|\n|t:|1698505115\n|move|p1b: Sableye|Thunder Wave|p2a: Maushold\n|-status|p2a: Maushold|par\n|move|p1a: Overqwil|Acupressure|p1a: Overqwil\n|-boost|p1a: Overqwil|atk|2\n|move|p2a: Maushold|Population Bomb|p1a: Overqwil\n|-damage|p1a: Overqwil|74\/100\n|-damage|p1a: Overqwil|61\/100\n|-damage|p1a: Overqwil|47\/100\n|-damage|p1a: Overqwil|34\/100\n|-damage|p1a: Overqwil|21\/100\n|-damage|p1a: Overqwil|8\/100\n|-damage|p1a: Overqwil|0 fnt\n|faint|p1a: Overqwil\n|-hitcount|p1: Overqwil|7\n|move|p2b: Dusclops|Poltergeist|p1b: Sableye\n|-activate|p1b: Sableye|move: Poltergeist|Eviolite\n|-damage|p1b: Sableye|24\/100\n|\n|-end|p2b: Dusclops|move: Taunt\n|upkeep\n|\n|t:|1698505125\n|switch|p1a: Arbok|Arbok, M|100\/100\n|-ability|p1a: Arbok|Intimidate|boost\n|-unboost|p2a: Maushold|atk|1\n|-unboost|p2b: Dusclops|atk|1\n|turn|5\n|\n|t:|1698505141\n|switch|p2a: Garganacl|Garganacl, F|100\/100\n|move|p1b: Sableye|Thunder Wave|p2b: Dusclops\n|-status|p2b: Dusclops|par\n|move|p1a: Arbok|Coil|p1a: Arbok\n|-boost|p1a: Arbok|atk|1\n|-boost|p1a: Arbok|def|1\n|-boost|p1a: Arbok|accuracy|1\n|move|p2b: Dusclops|Poltergeist|p1b: Sableye\n|-activate|p1b: Sableye|move: Poltergeist|Eviolite\n|-damage|p1b: Sableye|0 fnt\n|faint|p1b: Sableye\n|\n|-fieldend|move: Gravity\n|upkeep\n|\n|t:|1698505146\n|switch|p1b: Clefable|Clefable, F|100\/100\n|turn|6\n|\n|t:|1698505152\n|move|p1b: Clefable|Follow Me|p1b: Clefable\n|-singleturn|p1b: Clefable|move: Follow Me\n|move|p1a: Arbok|Trailblaze|p2a: Garganacl\n|-supereffective|p2a: Garganacl\n|-damage|p2a: Garganacl|81\/100\n|-boost|p1a: Arbok|spe|1\n|move|p2a: Garganacl|Gravity|p2a: Garganacl\n|-fieldstart|move: Gravity\n|move|p2b: Dusclops|Will-O-Wisp|p1b: Clefable\n|-status|p1b: Clefable|brn\n|\n|-heal|p2a: Garganacl|87\/100|[from] item: Leftovers\n|-damage|p1b: Clefable|94\/100 brn|[from] brn\n|upkeep\n|turn|7\n|\n|t:|1698505163\n|move|p1b: Clefable|Follow Me|p1b: Clefable\n|-singleturn|p1b: Clefable|move: Follow Me\n|move|p1a: Arbok|Coil|p1a: Arbok\n|-boost|p1a: Arbok|atk|1\n|-boost|p1a: Arbok|def|1\n|-boost|p1a: Arbok|accuracy|1\n|move|p2a: Garganacl|Salt Cure|p1b: Clefable\n|-damage|p1b: Clefable|82\/100 brn\n|-start|p1b: Clefable|Salt Cure\n|move|p2b: Dusclops|Poltergeist|p1b: Clefable\n|-activate|p1b: Clefable|move: Poltergeist|Leftovers\n|-damage|p1b: Clefable|65\/100 brn\n|\n|-heal|p1b: Clefable|71\/100 brn|[from] item: Leftovers\n|-heal|p2a: Garganacl|93\/100|[from] item: Leftovers\n|-damage|p1b: Clefable|65\/100 brn|[from] brn\n|-damage|p1b: Clefable|53\/100 brn|[from] Salt Cure\n|upkeep\n|turn|8\n|\n|t:|1698505176\n|switch|p2b: Sableye|Sableye, F|100\/100\n|move|p1b: Clefable|Follow Me|p1b: Clefable\n|-singleturn|p1b: Clefable|move: Follow Me\n|move|p1a: Arbok|Trailblaze|p2a: Garganacl\n|-supereffective|p2a: Garganacl\n|-damage|p2a: Garganacl|63\/100\n|-boost|p1a: Arbok|spe|1\n|move|p2a: Garganacl|Salt Cure|p1b: Clefable\n|-damage|p1b: Clefable|40\/100 brn\n|\n|-heal|p1b: Clefable|46\/100 brn|[from] item: Leftovers\n|-heal|p2a: Garganacl|69\/100|[from] item: Leftovers\n|-damage|p1b: Clefable|40\/100 brn|[from] brn\n|-damage|p1b: Clefable|28\/100 brn|[from] Salt Cure\n|upkeep\n|turn|9\n|\n|t:|1698505188\n|-terastallize|p1b: Clefable|Dark\n|move|p1b: Clefable|Follow Me|p1b: Clefable\n|-singleturn|p1b: Clefable|move: Follow Me\n|move|p2b: Sableye|Taunt|p1b: Clefable\n|-hint|Since gen 7, Dark is immune to Prankster moves.\n|-immune|p1b: Clefable\n|move|p1a: Arbok|Rock Slide|p2b: Sableye|[spread] p2a,p2b\n|-damage|p2a: Garganacl|52\/100\n|-damage|p2b: Sableye|52\/100\n|move|p2a: Garganacl|Salt Cure|p1b: Clefable\n|-damage|p1b: Clefable|14\/100 brn\n|\n|-heal|p1b: Clefable|20\/100 brn|[from] item: Leftovers\n|-heal|p2b: Sableye|58\/100|[from] item: Leftovers\n|-heal|p2a: Garganacl|58\/100|[from] item: Leftovers\n|-damage|p1b: Clefable|14\/100 brn|[from] brn\n|-damage|p1b: Clefable|2\/100 brn|[from] Salt Cure\n|upkeep\n|turn|10\n|\n|t:|1698505207\n|move|p1b: Clefable|Follow Me|p1b: Clefable\n|-singleturn|p1b: Clefable|move: Follow Me\n|move|p2b: Sableye|Will-O-Wisp|p1b: Clefable\n|-hint|Since gen 7, Dark is immune to Prankster moves.\n|-immune|p1b: Clefable\n|move|p1a: Arbok|Rock Slide|p2b: Sableye|[spread] p2a,p2b\n|-damage|p2a: Garganacl|42\/100\n|-damage|p2b: Sableye|11\/100\n|move|p2a: Garganacl|Salt Cure|p1b: Clefable\n|-damage|p1b: Clefable|0 fnt\n|faint|p1b: Clefable\n|\n|-heal|p2b: Sableye|17\/100|[from] item: Leftovers\n|-heal|p2a: Garganacl|49\/100|[from] item: Leftovers\n|-fieldend|move: Gravity\n|upkeep\n|\n|t:|1698505217\n|switch|p1b: Tyranitar|Tyranitar, F|100\/100\n|-weather|Sandstorm|[from] ability: Sand Stream|[of] p1b: Tyranitar\n|turn|11\n|\n|t:|1698505222\n|move|p2b: Sableye|Will-O-Wisp|p1a: Arbok\n|-status|p1a: Arbok|brn\n|move|p1a: Arbok|Rock Slide|p2a: Garganacl|[spread] p2a,p2b\n|-damage|p2a: Garganacl|41\/100\n|-damage|p2b: Sableye|0 fnt\n|faint|p2b: Sableye\n|move|p1b: Tyranitar|Dragon Dance|p1b: Tyranitar\n|-boost|p1b: Tyranitar|atk|1\n|-boost|p1b: Tyranitar|spe|1\n|move|p2a: Garganacl|Salt Cure|p1a: Arbok\n|-damage|p1a: Arbok|88\/100 brn\n|-start|p1a: Arbok|Salt Cure\n|\n|-weather|Sandstorm|[upkeep]\n|-damage|p1a: Arbok|82\/100 brn|[from] Sandstorm\n|-heal|p1a: Arbok|88\/100 brn|[from] item: Leftovers\n|-heal|p2a: Garganacl|47\/100|[from] item: Leftovers\n|-damage|p1a: Arbok|82\/100 brn|[from] brn\n|-damage|p1a: Arbok|69\/100 brn|[from] Salt Cure\n|upkeep\n|\n|t:|1698505234\n|switch|p2b: Dusclops|Dusclops, F|100\/100 par\n|-ability|p2b: Dusclops|Pressure\n|turn|12\n|\n|t:|1698505243\n|move|p1a: Arbok|Rock Slide|p2b: Dusclops|[spread] p2a,p2b\n|-damage|p2a: Garganacl|40\/100\n|-damage|p2b: Dusclops|85\/100 par\n|move|p1b: Tyranitar|Crunch|p2b: Dusclops\n|-supereffective|p2b: Dusclops\n|-damage|p2b: Dusclops|0 fnt\n|faint|p2b: Dusclops\n|cant|p2a: Garganacl|flinch\n|\n|-weather|Sandstorm|[upkeep]\n|-damage|p1a: Arbok|63\/100 brn|[from] Sandstorm\n|-heal|p1a: Arbok|69\/100 brn|[from] item: Leftovers\n|-heal|p2a: Garganacl|46\/100|[from] item: Leftovers\n|-damage|p1a: Arbok|63\/100 brn|[from] brn\n|-damage|p1a: Arbok|51\/100 brn|[from] Salt Cure\n|upkeep\n|\n|t:|1698505253\n|switch|p2b: Clefairy|Clefairy, F|100\/100\n|turn|13\n|\n|t:|1698505260\n|move|p2b: Clefairy|Follow Me|p2b: Clefairy\n|-singleturn|p2b: Clefairy|move: Follow Me\n|move|p1a: Arbok|Rock Slide|p2b: Clefairy|[spread] p2a,p2b\n|-damage|p2a: Garganacl|39\/100\n|-damage|p2b: Clefairy|82\/100\n|move|p1b: Tyranitar|Crunch|p2b: Clefairy\n|-resisted|p2b: Clefairy\n|-damage|p2b: Clefairy|49\/100\n|move|p2a: Garganacl|Body Press|p1b: Tyranitar\n|-supereffective|p1b: Tyranitar\n|-damage|p1b: Tyranitar|7\/100\n|\n|-weather|Sandstorm|[upkeep]\n|-damage|p1a: Arbok|45\/100 brn|[from] Sandstorm\n|-heal|p1a: Arbok|51\/100 brn|[from] item: Leftovers\n|-heal|p1b: Tyranitar|13\/100|[from] item: Leftovers\n|-heal|p2a: Garganacl|45\/100|[from] item: Leftovers\n|-damage|p1a: Arbok|45\/100 brn|[from] brn\n|-damage|p1a: Arbok|33\/100 brn|[from] Salt Cure\n|upkeep\n|turn|14\n|\n|t:|1698505278\n|move|p2b: Clefairy|Follow Me|p2b: Clefairy\n|-singleturn|p2b: Clefairy|move: Follow Me\n|move|p1a: Arbok|Rock Slide|p2b: Clefairy|[spread] p2a,p2b\n|-crit|p2b: Clefairy\n|-damage|p2a: Garganacl|37\/100\n|-damage|p2b: Clefairy|23\/100\n|move|p1b: Tyranitar|Crunch|p2b: Clefairy\n|-resisted|p2b: Clefairy\n|-damage|p2b: Clefairy|0 fnt\n|faint|p2b: Clefairy\n|move|p2a: Garganacl|Body Press|p1b: Tyranitar\n|-supereffective|p1b: Tyranitar\n|-damage|p1b: Tyranitar|0 fnt\n|faint|p1b: Tyranitar\n|\n|-weather|Sandstorm|[upkeep]\n|-damage|p1a: Arbok|27\/100 brn|[from] Sandstorm\n|-heal|p1a: Arbok|33\/100 brn|[from] item: Leftovers\n|-heal|p2a: Garganacl|44\/100|[from] item: Leftovers\n|-damage|p1a: Arbok|27\/100 brn|[from] brn\n|-damage|p1a: Arbok|14\/100 brn|[from] Salt Cure\n|upkeep\n|c|\u2606Thehombre|Lol\n|\n|t:|1698505292\n|switch|p1b: Diancie|Diancie|100\/100\n|switch|p2b: Sinistcha|Sinistcha-Masterpiece|100\/100\n|turn|15\n|\n|t:|1698505301\n|move|p1a: Arbok|Rock Slide|p2a: Garganacl|[spread] p2a,p2b\n|-damage|p2a: Garganacl|36\/100\n|-damage|p2b: Sinistcha|87\/100\n|move|p2b: Sinistcha|Matcha Gotcha|p1a: Arbok|[spread] p1a,p1b\n|-resisted|p1a: Arbok\n|-supereffective|p1b: Diancie\n|-crit|p1b: Diancie\n|-damage|p1a: Arbok|0 fnt\n|-heal|p2b: Sinistcha|92\/100|[from] drain|[of] p1a: Arbok\n|-damage|p1b: Diancie|48\/100\n|-heal|p2b: Sinistcha|100\/100|[from] drain|[of] p1b: Diancie\n|-status|p1b: Diancie|brn\n|faint|p1a: Arbok\n|move|p1b: Diancie|Diamond Storm|p2b: Sinistcha|[spread] p2a,p2b\n|-crit|p2b: Sinistcha\n|-damage|p2a: Garganacl|29\/100\n|-damage|p2b: Sinistcha|83\/100\n|-boost|p1b: Diancie|def|2\n|cant|p2a: Garganacl|flinch\n|\n|-weather|none\n|-heal|p2b: Sinistcha|89\/100|[from] item: Leftovers\n|-heal|p1b: Diancie|54\/100 brn|[from] item: Leftovers\n|-heal|p2a: Garganacl|36\/100|[from] item: Leftovers\n|-damage|p1b: Diancie|48\/100 brn|[from] brn\n|upkeep\n|turn|16\n|-message|RedNecroDevil forfeited.\n|\n|win|Thehombre\n|raw|RedNecroDevil's rating: 1004 &rarr; <strong>1000<\/strong><br \/>(-4 for losing)\n|raw|Thehombre's rating: 1132 &rarr; <strong>1148<\/strong><br \/>(+16 for winning)\n|l|\u2606RedNecroDevil\n","uploadtime":1698505315,"views":21,"p1id":"rednecrodevil","p2id":"thehombre","formatid":"gen9doublesou","rating":1000,"private":0,"password":""}