{"id":"gen9doublesou-1986516465","p1":"Jamesthethinker","p2":"GIBBLESBYTHEDOZEN","format":"[Gen 9] Doubles OU","log":"|j|\u2606Jamesthethinker\n|j|\u2606GIBBLESBYTHEDOZEN\n|t:|1699487145\n|gametype|doubles\n|player|p1|Jamesthethinker|169|\n|player|p2|GIBBLESBYTHEDOZEN|101|\n|teamsize|p1|6\n|teamsize|p2|6\n|gen|9\n|tier|[Gen 9] Doubles OU\n|rule|Species Clause: Limit one of each Pok\u00e9mon\n|rule|OHKO Clause: OHKO moves are banned\n|rule|Evasion Moves Clause: Evasion moves are banned\n|rule|Gravity Sleep Clause: The combination of sleep-inducing moves with imperfect accuracy and Gravity or Gigantamax Orbeetle are banned\n|rule|Endless Battle Clause: Forcing endless battles is banned\n|rule|HP Percentage Mod: HP is shown in percentages\n|clearpoke\n|poke|p1|Farigiraf, M|\n|poke|p1|Empoleon, F|\n|poke|p1|Oricorio, F|\n|poke|p1|Jolteon, M|\n|poke|p1|Ursaring, F|\n|poke|p1|Jirachi|\n|poke|p2|Tornadus, M|\n|poke|p2|Furret, F|\n|poke|p2|Dugtrio, M|\n|poke|p2|Gardevoir, M|\n|poke|p2|Hydreigon, M|\n|poke|p2|Quagsire, F|\n|teampreview\n|\n|t:|1699487163\n|start\n|switch|p1a: Jolteon|Jolteon, M|100\/100\n|switch|p1b: Oricorio|Oricorio, F|100\/100\n|switch|p2a: Tornadus|Tornadus, M|100\/100\n|switch|p2b: Dugtrio|Dugtrio, M|100\/100\n|turn|1\n|\n|t:|1699487198\n|move|p2a: Tornadus|Tailwind|p2a: Tornadus\n|-sidestart|p2: GIBBLESBYTHEDOZEN|move: Tailwind\n|move|p2b: Dugtrio|Swords Dance|p2b: Dugtrio\n|-boost|p2b: Dugtrio|atk|2\n|-activate|p1b: Oricorio|ability: Dancer\n|move|p1b: Oricorio|Swords Dance|p1b: Oricorio|[from]ability: Dancer\n|-boost|p1b: Oricorio|atk|2\n|move|p1a: Jolteon|Volt Switch|p2a: Tornadus\n|-supereffective|p2a: Tornadus\n|-damage|p2a: Tornadus|30\/100\n|\n|t:|1699487239\n|switch|p1a: Ursaring|Ursaring, F|100\/100|[from] Volt Switch\n|move|p1b: Oricorio|Tailwind|p1b: Oricorio\n|-sidestart|p1: Jamesthethinker|move: Tailwind\n|\n|upkeep\n|turn|2\n|\n|t:|1699487283\n|-terastallize|p1b: Oricorio|Fire\n|move|p2a: Tornadus|Protect|p2a: Tornadus\n|-singleturn|p2a: Tornadus|Protect\n|move|p2b: Dugtrio|Earthquake|p1a: Ursaring|[spread] p1a,p1b\n|-activate|p2a: Tornadus|move: Protect\n|-supereffective|p1b: Oricorio\n|-damage|p1a: Ursaring|6\/100\n|-damage|p1b: Oricorio|0 fnt\n|faint|p1b: Oricorio\n|-damage|p2b: Dugtrio|91\/100|[from] item: Life Orb\n|move|p1a: Ursaring|Ice Punch|p2b: Dugtrio\n|-supereffective|p2b: Dugtrio\n|-crit|p2b: Dugtrio\n|-damage|p2b: Dugtrio|0 fnt\n|faint|p2b: Dugtrio\n|\n|-heal|p1a: Ursaring|12\/100|[from] item: Leftovers\n|upkeep\n|\n|t:|1699487311\n|switch|p2b: Gardevoir|Gardevoir, M|100\/100\n|switch|p1b: Jolteon|Jolteon, M|100\/100\n|-ability|p2b: Gardevoir|Volt Absorb|[from] ability: Trace|[of] p1b: Jolteon\n|turn|3\n|\n|t:|1699487337\n|move|p2b: Gardevoir|Psychic|p1a: Ursaring\n|-damage|p1a: Ursaring|0 fnt\n|faint|p1a: Ursaring\n|move|p2a: Tornadus|Bleakwind Storm|p1b: Jolteon\n|-resisted|p1b: Jolteon\n|-damage|p1b: Jolteon|74\/100\n|move|p1b: Jolteon|Thunderbolt|p2a: Tornadus\n|-supereffective|p2a: Tornadus\n|-damage|p2a: Tornadus|0 fnt\n|faint|p2a: Tornadus\n|\n|upkeep\n|\n|t:|1699487350\n|switch|p2a: Furret|Furret, F|100\/100\n|switch|p1a: Jirachi|Jirachi|100\/100\n|turn|4\n|\n|t:|1699487361\n|move|p2b: Gardevoir|Psychic|p1b: Jolteon\n|-damage|p1b: Jolteon|28\/100\n|move|p2a: Furret|Tidy Up|p2a: Furret\n|-boost|p2a: Furret|atk|1\n|-boost|p2a: Furret|spe|1\n|move|p1b: Jolteon|Volt Switch|p2b: Gardevoir\n|-immune|p2b: Gardevoir|[from] ability: Volt Absorb\n|move|p1a: Jirachi|Trick Room|p1a: Jirachi\n|-fieldstart|move: Trick Room|[of] p1a: Jirachi\n|\n|-sideend|p1: Jamesthethinker|move: Tailwind\n|-sideend|p2: GIBBLESBYTHEDOZEN|move: Tailwind\n|upkeep\n|turn|5\n|\n|t:|1699487390\n|switch|p1a: Empoleon|Empoleon, F|100\/100\n|move|p1b: Jolteon|Yawn|p2a: Furret\n|-start|p2a: Furret|move: Yawn|[of] p1b: Jolteon\n|move|p2b: Gardevoir|Psychic|p1b: Jolteon\n|-damage|p1b: Jolteon|0 fnt\n|faint|p1b: Jolteon\n|move|p2a: Furret|Double-Edge|p1a: Empoleon\n|-resisted|p1a: Empoleon\n|-damage|p1a: Empoleon|56\/100\n|-damage|p2a: Furret|85\/100|[from] Recoil\n|-damage|p2a: Furret|75\/100|[from] item: Life Orb\n|\n|upkeep\n|\n|t:|1699487403\n|switch|p1b: Jirachi|Jirachi|100\/100\n|turn|6\n|\n|t:|1699487415\n|switch|p2a: Hydreigon|Hydreigon, M|100\/100\n|move|p1a: Empoleon|Surf|p2b: Gardevoir|[spread] p1b,p2a,p2b\n|-resisted|p2a: Hydreigon\n|-damage|p1b: Jirachi|80\/100\n|-damage|p2a: Hydreigon|85\/100\n|-damage|p2b: Gardevoir|73\/100\n|move|p1b: Jirachi|Flash Cannon|p2b: Gardevoir\n|-supereffective|p2b: Gardevoir\n|-damage|p2b: Gardevoir|6\/100\n|move|p2b: Gardevoir|Psychic|p1a: Empoleon\n|-resisted|p1a: Empoleon\n|-damage|p1a: Empoleon|35\/100\n|\n|upkeep\n|turn|7\n|\n|t:|1699487448\n|move|p1a: Empoleon|Helping Hand|p1b: Jirachi\n|-singleturn|p1b: Jirachi|Helping Hand|[of] p1a: Empoleon\n|move|p1b: Jirachi|Zen Headbutt|p2a: Hydreigon\n|-immune|p2a: Hydreigon\n|move|p2a: Hydreigon|Draco Meteor|p1a: Empoleon\n|-resisted|p1a: Empoleon\n|-damage|p1a: Empoleon|0 fnt\n|-unboost|p2a: Hydreigon|spa|2\n|faint|p1a: Empoleon\n|move|p2b: Gardevoir|Psychic|p1b: Jirachi\n|-resisted|p1b: Jirachi\n|-damage|p1b: Jirachi|70\/100\n|\n|upkeep\n|\n|t:|1699487461\n|switch|p1a: Farigiraf|Farigiraf, M|100\/100\n|turn|8\n|\n|t:|1699487471\n|move|p1a: Farigiraf|Protect|p1a: Farigiraf\n|-singleturn|p1a: Farigiraf|Protect\n|move|p1b: Jirachi|Flash Cannon|p2b: Gardevoir\n|-supereffective|p2b: Gardevoir\n|-damage|p2b: Gardevoir|0 fnt\n|faint|p2b: Gardevoir\n|move|p2a: Hydreigon|Draco Meteor|p1b: Jirachi\n|-resisted|p1b: Jirachi\n|-damage|p1b: Jirachi|50\/100\n|-unboost|p2a: Hydreigon|spa|2\n|\n|-fieldend|move: Trick Room\n|upkeep\n|\n|t:|1699487484\n|switch|p2b: Furret|Furret, F|75\/100\n|turn|9\n|\n|t:|1699487499\n|move|p2a: Hydreigon|Draco Meteor|p1a: Farigiraf\n|-damage|p1a: Farigiraf|71\/100\n|-unboost|p2a: Hydreigon|spa|2\n|move|p2b: Furret|Tidy Up|p2b: Furret\n|-boost|p2b: Furret|atk|1\n|-boost|p2b: Furret|spe|1\n|move|p1b: Jirachi|Wish|p1b: Jirachi\n|move|p1a: Farigiraf|Dazzling Gleam|p2a: Hydreigon|[spread] p2a,p2b\n|-supereffective|p2a: Hydreigon\n|-damage|p2a: Hydreigon|20\/100\n|-damage|p2b: Furret|49\/100\n|\n|-heal|p1a: Farigiraf|77\/100|[from] item: Leftovers\n|upkeep\n|turn|10\n|\n|t:|1699487521\n|move|p2b: Furret|Double-Edge|p1b: Jirachi\n|-resisted|p1b: Jirachi\n|-damage|p1b: Jirachi|14\/100\n|-damage|p2b: Furret|35\/100|[from] Recoil\n|-damage|p2b: Furret|25\/100|[from] item: Life Orb\n|move|p2a: Hydreigon|Draco Meteor|p1b: Jirachi\n|-resisted|p1b: Jirachi\n|-damage|p1b: Jirachi|4\/100\n|move|p1b: Jirachi|Zen Headbutt|p2b: Furret\n|-damage|p2b: Furret|0 fnt\n|faint|p2b: Furret\n|move|p1a: Farigiraf|Dazzling Gleam|p2a: Hydreigon\n|-supereffective|p2a: Hydreigon\n|-damage|p2a: Hydreigon|0 fnt\n|faint|p2a: Hydreigon\n|\n|-heal|p1b: Jirachi|54\/100|[from] move: Wish|[wisher] Jirachi\n|-heal|p1a: Farigiraf|83\/100|[from] item: Leftovers\n|upkeep\n|\n|t:|1699487550\n|switch|p2b: Quagsire|Quagsire, F|100\/100\n|turn|11\n|\n|t:|1699487561\n|move|p1a: Farigiraf|Twin Beam|p2b: Quagsire\n|-damage|p2b: Quagsire|83\/100\n|-damage|p2b: Quagsire|64\/100\n|-hitcount|p2b: Quagsire|2\n|move|p2b: Quagsire|Earthquake|p1a: Farigiraf|[spread] p1a,p1b\n|-supereffective|p1b: Jirachi\n|-damage|p1a: Farigiraf|61\/100\n|-damage|p1b: Jirachi|13\/100\n|move|p1b: Jirachi|Trick Room|p1b: Jirachi\n|-fieldstart|move: Trick Room|[of] p1b: Jirachi\n|\n|-heal|p2b: Quagsire|70\/100|[from] item: Leftovers\n|-heal|p1a: Farigiraf|67\/100|[from] item: Leftovers\n|upkeep\n|turn|12\n|\n|t:|1699487594\n|move|p1a: Farigiraf|Protect|p1a: Farigiraf\n|-singleturn|p1a: Farigiraf|Protect\n|move|p2b: Quagsire|Earthquake|p1a: Farigiraf|[spread] p1b\n|-activate|p1a: Farigiraf|move: Protect\n|-supereffective|p1b: Jirachi\n|-damage|p1b: Jirachi|0 fnt\n|faint|p1b: Jirachi\n|\n|-heal|p2b: Quagsire|76\/100|[from] item: Leftovers\n|-heal|p1a: Farigiraf|73\/100|[from] item: Leftovers\n|upkeep\n|turn|13\n|\n|t:|1699487609\n|-terastallize|p2b: Quagsire|Ghost\n|move|p2b: Quagsire|Earthquake|p1a: Farigiraf\n|-damage|p1a: Farigiraf|42\/100\n|move|p1a: Farigiraf|Psychic|p2b: Quagsire\n|-damage|p2b: Quagsire|38\/100\n|\n|-heal|p2b: Quagsire|44\/100|[from] item: Leftovers\n|-heal|p1a: Farigiraf|48\/100|[from] item: Leftovers\n|upkeep\n|turn|14\n|\n|t:|1699487620\n|move|p1a: Farigiraf|Protect|p1a: Farigiraf\n|-singleturn|p1a: Farigiraf|Protect\n|move|p2b: Quagsire|Recover|p2b: Quagsire\n|-heal|p2b: Quagsire|94\/100\n|\n|-heal|p2b: Quagsire|99\/100|[from] item: Leftovers\n|-heal|p1a: Farigiraf|54\/100|[from] item: Leftovers\n|upkeep\n|turn|15\n|\n|t:|1699487631\n|move|p2b: Quagsire|Toxic|p1a: Farigiraf\n|-status|p1a: Farigiraf|tox\n|move|p1a: Farigiraf|Dazzling Gleam|p2b: Quagsire\n|-damage|p2b: Quagsire|77\/100\n|\n|-heal|p2b: Quagsire|83\/100|[from] item: Leftovers\n|-heal|p1a: Farigiraf|60\/100 tox|[from] item: Leftovers\n|-damage|p1a: Farigiraf|54\/100 tox|[from] psn\n|-fieldend|move: Trick Room\n|upkeep\n|turn|16\n|\n|t:|1699487642\n|move|p1a: Farigiraf|Protect|p1a: Farigiraf\n|-singleturn|p1a: Farigiraf|Protect\n|move|p2b: Quagsire|Earthquake|p1a: Farigiraf\n|-activate|p1a: Farigiraf|move: Protect\n|\n|-heal|p1a: Farigiraf|60\/100 tox|[from] item: Leftovers\n|-heal|p2b: Quagsire|90\/100|[from] item: Leftovers\n|-damage|p1a: Farigiraf|48\/100 tox|[from] psn\n|upkeep\n|turn|17\n|\n|t:|1699487652\n|move|p1a: Farigiraf|Psychic|p2b: Quagsire\n|-damage|p2b: Quagsire|50\/100\n|move|p2b: Quagsire|Earthquake|p1a: Farigiraf\n|-damage|p1a: Farigiraf|18\/100 tox\n|\n|-heal|p1a: Farigiraf|24\/100 tox|[from] item: Leftovers\n|-heal|p2b: Quagsire|57\/100|[from] item: Leftovers\n|-damage|p1a: Farigiraf|5\/100 tox|[from] psn\n|upkeep\n|turn|18\n|\n|t:|1699487662\n|move|p1a: Farigiraf|Psychic|p2b: Quagsire\n|-crit|p2b: Quagsire\n|-damage|p2b: Quagsire|0 fnt\n|faint|p2b: Quagsire\n|\n|win|Jamesthethinker\n","uploadtime":1699487675,"views":44,"p1id":"jamesthethinker","p2id":"gibblesbythedozen","formatid":"gen9doublesou","rating":0,"private":0,"password":""}