{"id":"gen9doublesou-1977137314","p1":"SXD2002","p2":"CodexJok3r","format":"[Gen 9] Doubles OU","log":"|j|\u2606SXD2002\n|j|\u2606CodexJok3r\n|t:|1698375926\n|gametype|doubles\n|player|p1|SXD2002|silver-masters|1164\n|player|p2|CodexJok3r|mira|1115\n|teamsize|p1|6\n|teamsize|p2|6\n|gen|9\n|tier|[Gen 9] Doubles OU\n|rated|\n|rule|Species Clause: Limit one of each Pok\u00e9mon\n|rule|OHKO Clause: OHKO moves are banned\n|rule|Evasion Moves Clause: Evasion moves are banned\n|rule|Gravity Sleep Clause: The combination of sleep-inducing moves with imperfect accuracy and Gravity or Gigantamax Orbeetle are banned\n|rule|Endless Battle Clause: Forcing endless battles is banned\n|rule|HP Percentage Mod: HP is shown in percentages\n|clearpoke\n|poke|p1|Lurantis, M|\n|poke|p1|Murkrow, M|\n|poke|p1|Grimmsnarl, M|\n|poke|p1|Clefairy, M|\n|poke|p1|Talonflame, M|\n|poke|p1|Espeon, F|\n|poke|p2|Chien-Pao|\n|poke|p2|Tornadus, M|\n|poke|p2|Volcanion|\n|poke|p2|Torterra, F|\n|poke|p2|Landorus-Therian, M|\n|poke|p2|Maushold-Four|\n|teampreview\n|inactive|Battle timer is ON: inactive players will automatically lose when time's up. (requested by SXD2002)\n|\n|t:|1698375954\n|start\n|switch|p1a: Murkrow|Murkrow, M|100\/100\n|switch|p1b: Lurantis|Lurantis, M|100\/100\n|switch|p2a: Landorus|Landorus-Therian, M|100\/100\n|switch|p2b: Maushold|Maushold-Four|100\/100\n|-ability|p2a: Landorus|Intimidate|boost\n|-unboost|p1a: Murkrow|atk|1\n|-boost|p1b: Lurantis|atk|1\n|turn|1\n|\n|t:|1698375964\n|-terastallize|p1b: Lurantis|Steel\n|move|p1a: Murkrow|Screech|p1b: Lurantis\n|-boost|p1b: Lurantis|def|2\n|move|p2b: Maushold|Population Bomb|p1a: Murkrow\n|-damage|p1a: Murkrow|89\/100\n|-damage|p1a: Murkrow|78\/100\n|-damage|p1a: Murkrow|67\/100\n|-damage|p1a: Murkrow|55\/100\n|-damage|p1a: Murkrow|43\/100\n|-damage|p1a: Murkrow|32\/100\n|-damage|p1a: Murkrow|20\/100\n|-damage|p1a: Murkrow|7\/100\n|-damage|p1a: Murkrow|0 fnt\n|faint|p1a: Murkrow\n|-hitcount|p1: Murkrow|9\n|move|p2a: Landorus|U-turn|p1b: Lurantis\n|-resisted|p1b: Lurantis\n|-damage|p1b: Lurantis|93\/100\n|\n|t:|1698375975\n|switch|p2a: Volcanion|Volcanion|100\/100|[from] U-turn\n|move|p1b: Lurantis|Superpower|p2b: Maushold\n|-supereffective|p2b: Maushold\n|-damage|p2b: Maushold|0 fnt\n|-boost|p1b: Lurantis|atk|1\n|-boost|p1b: Lurantis|def|1\n|faint|p2b: Maushold\n|\n|-heal|p1b: Lurantis|99\/100|[from] item: Leftovers\n|upkeep\n|\n|t:|1698375986\n|switch|p2b: Tornadus|Tornadus, M|100\/100\n|switch|p1a: Grimmsnarl|Grimmsnarl, M|100\/100\n|turn|2\n|\n|t:|1698376006\n|switch|p2a: Landorus|Landorus-Therian, M|100\/100\n|-ability|p2a: Landorus|Intimidate|boost\n|-unboost|p1a: Grimmsnarl|atk|1\n|-boost|p1b: Lurantis|atk|1\n|move|p2b: Tornadus|Tailwind|p2b: Tornadus\n|-sidestart|p2: CodexJok3r|move: Tailwind\n|move|p1a: Grimmsnarl|Fake Tears|p1b: Lurantis\n|-boost|p1b: Lurantis|spd|2\n|move|p1b: Lurantis|Leaf Storm|p2a: Landorus\n|-damage|p2a: Landorus|52\/100\n|-boost|p1b: Lurantis|spa|2\n|\n|-heal|p1b: Lurantis|100\/100|[from] item: Leftovers\n|upkeep\n|turn|3\n|\n|t:|1698376026\n|move|p1a: Grimmsnarl|Fake Tears|p1b: Lurantis\n|-boost|p1b: Lurantis|spd|2\n|move|p2a: Landorus|Stomping Tantrum|p1b: Lurantis\n|-supereffective|p1b: Lurantis\n|-damage|p1b: Lurantis|60\/100\n|move|p2b: Tornadus|Air Slash|p1b: Lurantis\n|-resisted|p1b: Lurantis\n|-damage|p1b: Lurantis|55\/100\n|move|p1b: Lurantis|Leaf Storm|p2a: Landorus|[miss]\n|-miss|p1b: Lurantis|p2a: Landorus\n|\n|-heal|p1b: Lurantis|61\/100|[from] item: Leftovers\n|upkeep\n|turn|4\n|\n|t:|1698376042\n|move|p1a: Grimmsnarl|Fake Tears|p1b: Lurantis\n|-boost|p1b: Lurantis|spd|2\n|move|p2a: Landorus|Stomping Tantrum|p1b: Lurantis\n|-supereffective|p1b: Lurantis\n|-damage|p1b: Lurantis|25\/100\n|move|p2b: Tornadus|Air Slash|p1b: Lurantis\n|-resisted|p1b: Lurantis\n|-damage|p1b: Lurantis|22\/100\n|move|p1b: Lurantis|Leaf Storm|p2a: Landorus\n|-damage|p2a: Landorus|0 fnt\n|-boost|p1b: Lurantis|spa|2\n|faint|p2a: Landorus\n|\n|-heal|p1b: Lurantis|28\/100|[from] item: Leftovers\n|upkeep\n|\n|t:|1698376051\n|switch|p2a: Volcanion|Volcanion|100\/100\n|turn|5\n|\n|t:|1698376058\n|move|p1b: Lurantis|Protect|p1b: Lurantis\n|-singleturn|p1b: Lurantis|Protect\n|move|p1a: Grimmsnarl|Parting Shot|p2a: Volcanion\n|-unboost|p2a: Volcanion|atk|1\n|-unboost|p2a: Volcanion|spa|1\n|\n|t:|1698376065\n|switch|p1a: Clefairy|Clefairy, M|100\/100|[from] Parting Shot\n|move|p2b: Tornadus|Air Slash|p1b: Lurantis\n|-activate|p1b: Lurantis|move: Protect\n|move|p2a: Volcanion|Flamethrower|p1b: Lurantis\n|-activate|p1b: Lurantis|move: Protect\n|\n|-heal|p1b: Lurantis|34\/100|[from] item: Leftovers\n|-sideend|p2: CodexJok3r|move: Tailwind\n|upkeep\n|turn|6\n|\n|t:|1698376073\n|switch|p2a: Torterra|Torterra, F|100\/100\n|move|p1a: Clefairy|Follow Me|p1a: Clefairy\n|-singleturn|p1a: Clefairy|move: Follow Me\n|move|p2b: Tornadus|Taunt|p1a: Clefairy\n|-start|p1a: Clefairy|move: Taunt\n|move|p1b: Lurantis|Superpower|p2a: Torterra\n|-damage|p2a: Torterra|28\/100\n|-boost|p1b: Lurantis|atk|1\n|-boost|p1b: Lurantis|def|1\n|\n|-heal|p1b: Lurantis|40\/100|[from] item: Leftovers\n|upkeep\n|turn|7\n|\n|t:|1698376094\n|switch|p1a: Talonflame|Talonflame, M|100\/100\n|move|p1b: Lurantis|Protect|p1b: Lurantis\n|-singleturn|p1b: Lurantis|Protect\n|move|p2b: Tornadus|Tailwind|p2b: Tornadus\n|-sidestart|p2: CodexJok3r|move: Tailwind\n|move|p2a: Torterra|Headlong Rush|p1b: Lurantis\n|-activate|p1b: Lurantis|move: Protect\n|\n|-heal|p1b: Lurantis|46\/100|[from] item: Leftovers\n|upkeep\n|turn|8\n|\n|t:|1698376102\n|move|p2a: Torterra|Protect|p2a: Torterra\n|-singleturn|p2a: Torterra|Protect\n|move|p1a: Talonflame|Defog|p1b: Lurantis\n|-boost|p1b: Lurantis|evasion|1\n|move|p2b: Tornadus|Air Slash|p1a: Talonflame\n|-damage|p1a: Talonflame|59\/100\n|move|p1b: Lurantis|Superpower|p2a: Torterra\n|-activate|p2a: Torterra|move: Protect\n|\n|-heal|p1b: Lurantis|52\/100|[from] item: Leftovers\n|upkeep\n|turn|9\n|\n|t:|1698376116\n|move|p2b: Tornadus|Taunt|p1a: Talonflame\n|-start|p1a: Talonflame|move: Taunt\n|move|p2a: Torterra|Headlong Rush|p1b: Lurantis\n|-supereffective|p1b: Lurantis\n|-damage|p1b: Lurantis|5\/100\n|-unboost|p2a: Torterra|def|1\n|-unboost|p2a: Torterra|spd|1\n|-enditem|p2a: Torterra|White Herb\n|-clearnegativeboost|p2a: Torterra|[silent]\n|cant|p1a: Talonflame|move: Taunt|Defog\n|move|p1b: Lurantis|Superpower|p2a: Torterra\n|-damage|p2a: Torterra|0 fnt\n|-boost|p1b: Lurantis|atk|1\n|-boost|p1b: Lurantis|def|1\n|faint|p2a: Torterra\n|\n|-heal|p1b: Lurantis|11\/100|[from] item: Leftovers\n|upkeep\n|\n|t:|1698376129\n|switch|p2a: Volcanion|Volcanion|100\/100\n|turn|10\n|\n|t:|1698376135\n|move|p1b: Lurantis|Protect|p1b: Lurantis\n|-singleturn|p1b: Lurantis|Protect\n|move|p2b: Tornadus|Air Slash|p1a: Talonflame\n|-damage|p1a: Talonflame|17\/100\n|move|p1a: Talonflame|U-turn|p2b: Tornadus\n|-resisted|p2b: Tornadus\n|-damage|p2b: Tornadus|92\/100\n|\n|t:|1698376145\n|switch|p1a: Espeon|Espeon, F|100\/100|[from] U-turn\n|move|p2a: Volcanion|Flamethrower|p1b: Lurantis\n|-activate|p1b: Lurantis|move: Protect\n|\n|-heal|p1b: Lurantis|17\/100|[from] item: Leftovers\n|-sideend|p2: CodexJok3r|move: Tailwind\n|upkeep\n|turn|11\n|\n|t:|1698376158\n|move|p2b: Tornadus|Tailwind|p2b: Tornadus\n|-sidestart|p2: CodexJok3r|move: Tailwind\n|move|p2a: Volcanion|Flamethrower|p1b: Lurantis|[miss]\n|-miss|p2a: Volcanion|p1b: Lurantis\n|move|p1a: Espeon|Psych Up|p1b: Lurantis\n|-copyboost|p1a: Espeon|p1b: Lurantis|[from] move: Psych Up\n|move|p1b: Lurantis|Leech Life|p2b: Tornadus\n|-resisted|p2b: Tornadus\n|-damage|p2b: Tornadus|47\/100\n|-heal|p1b: Lurantis|41\/100|[from] drain|[of] p2b: Tornadus\n|\n|-heal|p1b: Lurantis|47\/100|[from] item: Leftovers\n|upkeep\n|turn|12\n|\n|t:|1698376174\n|move|p2b: Tornadus|Air Slash|p1a: Espeon|[miss]\n|-miss|p2b: Tornadus|p1a: Espeon\n|move|p2a: Volcanion|Flamethrower|p1b: Lurantis\n|-supereffective|p1b: Lurantis\n|-damage|p1b: Lurantis|19\/100\n|move|p1a: Espeon|Stored Power|p2a: Volcanion\n|-damage|p2a: Volcanion|0 fnt\n|faint|p2a: Volcanion\n|move|p1b: Lurantis|Leech Life|p2b: Tornadus\n|-resisted|p2b: Tornadus\n|-damage|p2b: Tornadus|3\/100\n|-heal|p1b: Lurantis|42\/100|[from] drain|[of] p2b: Tornadus\n|\n|-heal|p1b: Lurantis|48\/100|[from] item: Leftovers\n|upkeep\n|\n|t:|1698376180\n|switch|p2a: Chien-Pao|Chien-Pao|100\/100\n|-ability|p2a: Chien-Pao|Sword of Ruin\n|turn|13\n|\n|t:|1698376187\n|move|p2a: Chien-Pao|Sucker Punch|p1a: Espeon|[miss]\n|-miss|p2a: Chien-Pao|p1a: Espeon\n|move|p2b: Tornadus|Air Slash|p1b: Lurantis\n|-resisted|p1b: Lurantis\n|-damage|p1b: Lurantis|45\/100\n|move|p1a: Espeon|Draining Kiss|p2a: Chien-Pao\n|-supereffective|p2a: Chien-Pao\n|-damage|p2a: Chien-Pao|0 fnt\n|faint|p2a: Chien-Pao\n|cant|p1b: Lurantis|flinch\n|\n|-heal|p1b: Lurantis|51\/100|[from] item: Leftovers\n|upkeep\n|turn|14\n|c|\u2606CodexJok3r|gg\n|\n|t:|1698376201\n|move|p2b: Tornadus|Air Slash|p1a: Espeon\n|-damage|p1a: Espeon|91\/100\n|move|p1a: Espeon|Stored Power|p2b: Tornadus\n|-damage|p2b: Tornadus|0 fnt\n|faint|p2b: Tornadus\n|\n|win|SXD2002\n|raw|SXD2002's rating: 1164 &rarr; <strong>1185<\/strong><br \/>(+21 for winning)\n|raw|CodexJok3r's rating: 1115 &rarr; <strong>1094<\/strong><br \/>(-21 for losing)\n|c|\u2606SXD2002|gg\n|l|\u2606CodexJok3r\n","uploadtime":1698376209,"views":15,"p1id":"sxd2002","p2id":"codexjok3r","formatid":"gen9doublesou","rating":1094,"private":0,"password":""}