{"id":"gen9doublesou-1969640176","p1":"Mega_Beedrill User","p2":"Pikesito","format":"[Gen 9] Doubles OU","log":"|j|\u2606Mega_Beedrill User\n|j|\u2606Pikesito\n|inactive|Battle timer is ON: inactive players will automatically lose when time's up.\n|t:|1697554061\n|gametype|doubles\n|player|p1|Mega_Beedrill User|penny|\n|player|p2|Pikesito|penny|\n|teamsize|p1|6\n|teamsize|p2|6\n|gen|9\n|tier|[Gen 9] Doubles OU\n|rated|Tournament battle\n|rule|Species Clause: Limit one of each Pok\u00e9mon\n|rule|OHKO Clause: OHKO moves are banned\n|rule|Evasion Moves Clause: Evasion moves are banned\n|rule|Gravity Sleep Clause: The combination of sleep-inducing moves with imperfect accuracy and Gravity or Gigantamax Orbeetle are banned\n|rule|Endless Battle Clause: Forcing endless battles is banned\n|rule|HP Percentage Mod: HP is shown in percentages\n|clearpoke\n|poke|p1|Mamoswine, F|\n|poke|p1|Sandygast, F|\n|poke|p1|Arrokuda, F|\n|poke|p1|Skwovet, F|\n|poke|p1|Rookidee, M|\n|poke|p1|Shroomish, F|\n|poke|p2|Litleo, F|\n|poke|p2|Girafarig, M|\n|poke|p2|Baxcalibur, F|\n|poke|p2|Bounsweet, F|\n|poke|p2|Wooper-Paldea, M|\n|poke|p2|Clauncher, F|\n|teampreview\n|j|*Lady Monita \u263d\n|inactive|Mega_Beedrill User also wants the timer to be on.\n|inactive|Pikesito also wants the timer to be on.\n|\n|t:|1697554071\n|start\n|switch|p1a: Shroomish|Shroomish, F|100\/100\n|switch|p1b: Mamoswine|Mamoswine, F, shiny|100\/100\n|switch|p2a: Wooper|Wooper-Paldea, M, shiny|100\/100\n|switch|p2b: Clauncher|Clauncher, F, shiny|100\/100\n|turn|1\n|\n|t:|1697554078\n|switch|p1b: Skwovet|Skwovet, F|100\/100\n|move|p2b: Clauncher|Water Pulse|p1b: Skwovet\n|-damage|p1b: Skwovet|53\/100\n|move|p1a: Shroomish|Spore|p2b: Clauncher\n|-status|p2b: Clauncher|slp|[from] move: Spore\n|move|p2a: Wooper|Stealth Rock|p1a: Shroomish\n|-sidestart|p1: Mega_Beedrill User|move: Stealth Rock\n|\n|upkeep\n|turn|2\n|\n|t:|1697554090\n|cant|p2b: Clauncher|slp\n|move|p1a: Shroomish|Leech Seed|p2b: Clauncher\n|-start|p2b: Clauncher|move: Leech Seed\n|move|p1b: Skwovet|Body Slam|p2a: Wooper\n|-damage|p2a: Wooper|77\/100\n|-status|p2a: Wooper|par\n|cant|p2a: Wooper|par\n|\n|-damage|p2b: Clauncher|88\/100 slp|[from] Leech Seed|[of] p1a: Shroomish\n|upkeep\n|turn|3\n|\n|t:|1697554102\n|switch|p2b: Girafarig|Girafarig, M|100\/100\n|move|p1a: Shroomish|Leech Seed|p2a: Wooper\n|-start|p2a: Wooper|move: Leech Seed\n|move|p1b: Skwovet|Body Slam|p2a: Wooper\n|-damage|p2a: Wooper|50\/100 par\n|move|p2a: Wooper|Toxic|p1a: Shroomish\n|-status|p1a: Shroomish|tox\n|\n|-damage|p2a: Wooper|38\/100 par|[from] Leech Seed|[of] p1a: Shroomish\n|-damage|p1a: Shroomish|94\/100 tox|[from] psn\n|upkeep\n|turn|4\n|\n|t:|1697554110\n|move|p2b: Girafarig|Hyper Voice|p1a: Shroomish|[spread] p1a,p1b\n|-damage|p1a: Shroomish|67\/100 tox\n|-damage|p1b: Skwovet|14\/100\n|move|p1a: Shroomish|Leech Seed|p2b: Girafarig\n|-ability|p2b: Girafarig|Sap Sipper|boost\n|-boost|p2b: Girafarig|atk|1\n|move|p1b: Skwovet|Body Slam|p2b: Girafarig\n|-damage|p2b: Girafarig|79\/100\n|move|p2a: Wooper|Recover|p2a: Wooper\n|-heal|p2a: Wooper|88\/100 par\n|\n|-damage|p2a: Wooper|75\/100 par|[from] Leech Seed|[of] p1a: Shroomish\n|-heal|p1a: Shroomish|80\/100 tox|[silent]\n|-damage|p1a: Shroomish|67\/100 tox|[from] psn\n|upkeep\n|turn|5\n|\n|t:|1697554129\n|switch|p2a: Clauncher|Clauncher, F, shiny|88\/100 slp\n|move|p1a: Shroomish|Protect|p1a: Shroomish\n|-singleturn|p1a: Shroomish|Protect\n|move|p2b: Girafarig|Hyper Voice|p1b: Skwovet|[spread] p1b\n|-activate|p1a: Shroomish|move: Protect\n|-damage|p1b: Skwovet|0 fnt\n|faint|p1b: Skwovet\n|\n|-damage|p1a: Shroomish|49\/100 tox|[from] psn\n|upkeep\n|\n|t:|1697554140\n|switch|p1b: Rookidee|Rookidee, M|100\/100\n|-damage|p1b: Rookidee|76\/100|[from] Stealth Rock\n|turn|6\n|\n|t:|1697554148\n|move|p2b: Girafarig|Hyper Voice|p1a: Shroomish|[spread] p1a,p1b\n|-crit|p1a: Shroomish\n|-damage|p1a: Shroomish|9\/100 tox\n|-damage|p1b: Rookidee|46\/100\n|move|p1b: Rookidee|Drill Peck|p2b: Girafarig\n|-damage|p2b: Girafarig|61\/100\n|cant|p2a: Clauncher|slp\n|move|p1a: Shroomish|Leech Seed|p2a: Clauncher\n|-start|p2a: Clauncher|move: Leech Seed\n|\n|-damage|p2a: Clauncher|75\/100 slp|[from] Leech Seed|[of] p1a: Shroomish\n|-heal|p1a: Shroomish|21\/100 tox|[silent]\n|-damage|p1a: Shroomish|0 fnt|[from] psn\n|faint|p1a: Shroomish\n|upkeep\n|\n|t:|1697554152\n|switch|p1a: Mamoswine|Mamoswine, F, shiny|100\/100\n|-damage|p1a: Mamoswine|88\/100|[from] Stealth Rock\n|turn|7\n|\n|t:|1697554161\n|move|p2b: Girafarig|Hyper Voice|p1a: Mamoswine|[spread] p1a,p1b\n|-damage|p1a: Mamoswine|51\/100\n|-damage|p1b: Rookidee|15\/100\n|move|p1a: Mamoswine|Earthquake|p2a: Clauncher|[spread] p2a,p2b\n|-immune|p1b: Rookidee\n|-damage|p2a: Clauncher|30\/100 slp\n|-damage|p2b: Girafarig|15\/100\n|move|p1b: Rookidee|Drill Peck|p2a: Clauncher\n|-damage|p2a: Clauncher|12\/100 slp\n|-curestatus|p2a: Clauncher|slp|[msg]\n|move|p2a: Clauncher|Water Pulse|p1a: Mamoswine\n|-supereffective|p1a: Mamoswine\n|-damage|p1a: Mamoswine|0 fnt\n|faint|p1a: Mamoswine\n|\n|upkeep\n|\n|t:|1697554170\n|switch|p1a: Arrokuda|Arrokuda, F|100\/100\n|-damage|p1a: Arrokuda|88\/100|[from] Stealth Rock\n|turn|8\n|\n|t:|1697554184\n|switch|p2b: Wooper|Wooper-Paldea, M, shiny|75\/100 par\n|move|p1a: Arrokuda|Aqua Jet|p2b: Wooper\n|-heal|p2b: Wooper|99\/100 par|[from] ability: Water Absorb|[of] p1a: Arrokuda\n|move|p1b: Rookidee|Drill Peck|p2a: Clauncher\n|-damage|p2a: Clauncher|0 fnt\n|faint|p2a: Clauncher\n|\n|upkeep\n|\n|t:|1697554201\n|switch|p2a: Girafarig|Girafarig, M|15\/100\n|turn|9\n|\n|t:|1697554208\n|move|p1a: Arrokuda|Aqua Jet|p2a: Girafarig\n|-damage|p2a: Girafarig|0 fnt\n|faint|p2a: Girafarig\n|move|p1b: Rookidee|Hone Claws|p1b: Rookidee\n|-boost|p1b: Rookidee|atk|1\n|-boost|p1b: Rookidee|accuracy|1\n|move|p2b: Wooper|Toxic|p1b: Rookidee\n|-status|p1b: Rookidee|tox\n|\n|-damage|p1b: Rookidee|9\/100 tox|[from] psn\n|upkeep\n|\n|t:|1697554214\n|switch|p2a: Litleo|Litleo, F|100\/100\n|-ability|p2a: Litleo|Unnerve\n|turn|10\n|\n|t:|1697554220\n|move|p2a: Litleo|Protect|p2a: Litleo\n|-singleturn|p2a: Litleo|Protect\n|move|p1a: Arrokuda|Aqua Jet|p2a: Litleo\n|-activate|p2a: Litleo|move: Protect\n|move|p1b: Rookidee|Roost|p1b: Rookidee\n|-heal|p1b: Rookidee|59\/100 tox\n|-singleturn|p1b: Rookidee|move: Roost\n|cant|p2b: Wooper|par\n|\n|-damage|p1b: Rookidee|47\/100 tox|[from] psn\n|upkeep\n|turn|11\n|\n|t:|1697554233\n|move|p1a: Arrokuda|Aqua Jet|p2a: Litleo\n|-supereffective|p2a: Litleo\n|-damage|p2a: Litleo|44\/100\n|move|p2a: Litleo|Hyper Voice|p1b: Rookidee|[spread] p1a,p1b\n|-damage|p1a: Arrokuda|4\/100\n|-damage|p1b: Rookidee|21\/100 tox\n|move|p1b: Rookidee|Roost|p1b: Rookidee\n|-heal|p1b: Rookidee|71\/100 tox\n|-singleturn|p1b: Rookidee|move: Roost\n|cant|p2b: Wooper|par\n|\n|-damage|p1b: Rookidee|53\/100 tox|[from] psn\n|upkeep\n|turn|12\n|\n|t:|1697554244\n|move|p2a: Litleo|Protect|p2a: Litleo\n|-singleturn|p2a: Litleo|Protect\n|move|p1a: Arrokuda|Aqua Jet|p2a: Litleo\n|-activate|p2a: Litleo|move: Protect\n|move|p1b: Rookidee|Drill Peck|p2b: Wooper\n|-damage|p2b: Wooper|67\/100 par\n|move|p2b: Wooper|Toxic|p1a: Arrokuda\n|-status|p1a: Arrokuda|tox\n|\n|-damage|p1a: Arrokuda|0 fnt|[from] psn\n|faint|p1a: Arrokuda\n|-damage|p1b: Rookidee|28\/100 tox|[from] psn\n|upkeep\n|\n|t:|1697554259\n|switch|p1a: Sandygast|Sandygast, F, shiny|100\/100\n|-damage|p1a: Sandygast|94\/100|[from] Stealth Rock\n|turn|13\n|-message|Mega_Beedrill User forfeited.\n|\n|win|Pikesito\n|n|\u2606Mega_Beedrill User|megabeedrilluser\n|n|\u2606Pikesito|pikesito\n|n|*Lady Monita \u263d|ladymonita\n","uploadtime":1697554267,"views":15,"p1id":"megabeedrilluser","p2id":"pikesito","formatid":"gen9doublesou","rating":0,"private":0,"password":""}