{"id":"gen9doublesou-1985980465","p1":"skino397","p2":"slimeree","format":"[Gen 9] Doubles OU","log":"|j|\u2606skino397\n|j|\u2606slimeree\n|t:|1699433428\n|gametype|doubles\n|player|p1|skino397|clerk|\n|player|p2|slimeree|dawn|\n|teamsize|p1|6\n|teamsize|p2|6\n|gen|9\n|tier|[Gen 9] Doubles OU\n|rule|Species Clause: Limit one of each Pok\u00e9mon\n|rule|OHKO Clause: OHKO moves are banned\n|rule|Evasion Moves Clause: Evasion moves are banned\n|rule|Gravity Sleep Clause: The combination of sleep-inducing moves with imperfect accuracy and Gravity or Gigantamax Orbeetle are banned\n|rule|Endless Battle Clause: Forcing endless battles is banned\n|rule|HP Percentage Mod: HP is shown in percentages\n|clearpoke\n|poke|p1|Basculegion-F, F|\n|poke|p1|Pelipper, M|\n|poke|p1|Drednaw, M|\n|poke|p1|Slowking, M|\n|poke|p1|Bruxish, F|\n|poke|p1|Palafin, M|\n|poke|p2|Ninetales-Alola, F|\n|poke|p2|Arcanine-Hisui, M|\n|poke|p2|Sinistcha-Masterpiece|\n|poke|p2|Iron Hands|\n|poke|p2|Flutter Mane|\n|poke|p2|Landorus, M|\n|teampreview\n|inactive|Battle timer is ON: inactive players will automatically lose when time's up. (requested by skino397)\n|\n|t:|1699433448\n|start\n|switch|p1a: Pelipper|Pelipper, M|100\/100\n|switch|p1b: Drednaw|Drednaw, M|100\/100\n|switch|p2a: Landorus|Landorus, M|100\/100\n|switch|p2b: Sinistcha|Sinistcha-Masterpiece, shiny|100\/100\n|-weather|RainDance|[from] ability: Drizzle|[of] p1a: Pelipper\n|turn|1\n|\n|t:|1699433465\n|switch|p2b: Ninetales|Ninetales-Alola, F|100\/100\n|-weather|Snow|[from] ability: Snow Warning|[of] p2b: Ninetales\n|-terastallize|p2a: Landorus|Water\n|move|p1b: Drednaw|Shell Smash|p1b: Drednaw\n|-unboost|p1b: Drednaw|def|1\n|-unboost|p1b: Drednaw|spd|1\n|-boost|p1b: Drednaw|atk|2\n|-boost|p1b: Drednaw|spa|2\n|-boost|p1b: Drednaw|spe|2\n|move|p2a: Landorus|Sandsear Storm|p1b: Drednaw|[spread] p1b\n|-immune|p1a: Pelipper\n|-supereffective|p1b: Drednaw\n|-enditem|p1b: Drednaw|Focus Sash\n|-damage|p1b: Drednaw|1\/100\n|move|p1a: Pelipper|Hurricane|p2b: Ninetales\n|-damage|p2b: Ninetales|42\/100\n|-start|p2b: Ninetales|confusion\n|\n|-weather|Snow|[upkeep]\n|upkeep\n|turn|2\n|\n|t:|1699433488\n|switch|p1a: Slowking|Slowking, M|100\/100\n|move|p2a: Landorus|Protect|p2a: Landorus\n|-singleturn|p2a: Landorus|Protect\n|move|p1b: Drednaw|Rock Slide|p2a: Landorus|[spread] p2b\n|-activate|p2a: Landorus|move: Protect\n|-supereffective|p2b: Ninetales\n|-damage|p2b: Ninetales|0 fnt\n|faint|p2b: Ninetales\n|\n|-weather|Snow|[upkeep]\n|upkeep\n|inactive|slimeree has 270 seconds left.\n|\n|t:|1699433506\n|switch|p2b: Iron Hands|Iron Hands|100\/100\n|turn|3\n|\n|t:|1699433512\n|switch|p1a: Bruxish|Bruxish, F|100\/100\n|move|p2b: Iron Hands|Fake Out||[still]\n|cant|p1a: Bruxish|ability: Dazzling|Fake Out|[of] p2b: Iron Hands\n|move|p1b: Drednaw|Rock Slide|p2a: Landorus|[spread] p2a,p2b\n|-resisted|p2b: Iron Hands\n|-crit|p2b: Iron Hands\n|-damage|p2a: Landorus|46\/100\n|-damage|p2b: Iron Hands|72\/100\n|move|p2a: Landorus|Nasty Plot|p2a: Landorus\n|-boost|p2a: Landorus|spa|2\n|\n|-weather|Snow|[upkeep]\n|upkeep\n|turn|4\n|\n|t:|1699433537\n|switch|p1a: Pelipper|Pelipper, M|100\/100\n|-weather|RainDance|[from] ability: Drizzle|[of] p1a: Pelipper\n|move|p2a: Landorus|Protect|p2a: Landorus\n|-singleturn|p2a: Landorus|Protect\n|move|p1b: Drednaw|Rock Slide|p2a: Landorus|[spread] p2b\n|-activate|p2a: Landorus|move: Protect\n|-resisted|p2b: Iron Hands\n|-damage|p2b: Iron Hands|54\/100\n|move|p2b: Iron Hands|Drain Punch|p1b: Drednaw\n|-supereffective|p1b: Drednaw\n|-damage|p1b: Drednaw|0 fnt\n|-heal|p2b: Iron Hands|54\/100|[from] drain|[of] p1b: Drednaw\n|faint|p1b: Drednaw\n|\n|-weather|RainDance|[upkeep]\n|upkeep\n|\n|t:|1699433551\n|switch|p1b: Palafin|Palafin, M|100\/100\n|turn|5\n|\n|t:|1699433562\n|move|p2a: Landorus|Sludge Bomb|p1a: Pelipper\n|-damage|p1a: Pelipper|0 fnt\n|faint|p1a: Pelipper\n|move|p1b: Palafin|Flip Turn|p2b: Iron Hands\n|-damage|p2b: Iron Hands|21\/100\n|\n|t:|1699433570\n|detailschange|p1b: Palafin|Palafin-Hero, M\n|switch|p1b: Slowking|Slowking, M|100\/100|[from] Flip Turn\n|move|p2b: Iron Hands|Wild Charge|p1b: Slowking\n|-supereffective|p1b: Slowking\n|-enditem|p1b: Slowking|Focus Sash\n|-damage|p1b: Slowking|1\/100\n|-damage|p2b: Iron Hands|1\/100|[from] Recoil\n|\n|-weather|RainDance|[upkeep]\n|upkeep\n|\n|t:|1699433577\n|switch|p1a: Palafin|Palafin-Hero, M|100\/100\n|-activate|p1a: Palafin|ability: Zero to Hero\n|turn|6\n|\n|t:|1699433596\n|move|p2a: Landorus|Protect|p2a: Landorus\n|-singleturn|p2a: Landorus|Protect\n|move|p1a: Palafin|Jet Punch|p2a: Landorus\n|-activate|p2a: Landorus|move: Protect\n|move|p2b: Iron Hands|Wild Charge|p1a: Palafin\n|-supereffective|p1a: Palafin\n|-damage|p1a: Palafin|3\/100\n|-damage|p2b: Iron Hands|0 fnt|[from] Recoil\n|faint|p2b: Iron Hands\n|-end|p2b: Iron Hands|Quark Drive|[silent]\n|move|p1b: Slowking|Surf|p2a: Landorus|[spread] p1a\n|-activate|p2a: Landorus|move: Protect\n|-resisted|p1a: Palafin\n|-damage|p1a: Palafin|0 fnt\n|faint|p1a: Palafin\n|\n|-weather|RainDance|[upkeep]\n|upkeep\n|\n|t:|1699433613\n|switch|p1a: Basculegion|Basculegion-F, F|100\/100\n|switch|p2b: Sinistcha|Sinistcha-Masterpiece, shiny|100\/100\n|-heal|p2a: Landorus|71\/100|[from] ability: Hospitality|[of] p2b: Sinistcha\n|turn|7\n|\n|t:|1699433626\n|move|p2b: Sinistcha|Rage Powder|p2b: Sinistcha\n|-singleturn|p2b: Sinistcha|move: Rage Powder\n|move|p1a: Basculegion|Last Respects|p2b: Sinistcha\n|-supereffective|p2b: Sinistcha\n|-crit|p2b: Sinistcha\n|-damage|p2b: Sinistcha|0 fnt\n|faint|p2b: Sinistcha\n|move|p2a: Landorus|Sandsear Storm|p1b: Slowking|[spread] p1a,p1b\n|-damage|p1a: Basculegion|0 fnt\n|-damage|p1b: Slowking|0 fnt\n|faint|p1a: Basculegion\n|faint|p1b: Slowking\n|\n|-weather|RainDance|[upkeep]\n|upkeep\n|c|\u2606slimeree|gg\n|\n|t:|1699433641\n|switch|p2b: Flutter Mane|Flutter Mane|100\/100\n|switch|p1b: Bruxish|Bruxish, F|100\/100\n|-enditem|p2b: Flutter Mane|Booster Energy\n|-activate|p2b: Flutter Mane|ability: Protosynthesis|[fromitem]\n|-start|p2b: Flutter Mane|protosynthesisspa\n|turn|8\n|c|\u2606slimeree|this is gg\uff0cright?\n|inactive|skino397 has 270 seconds left.\n|c|\u2606slimeree|well plat\n|c|\u2606slimeree|well played\n|\n|t:|1699433696\n|move|p2b: Flutter Mane|Moonblast|p1b: Bruxish\n|-enditem|p1b: Bruxish|Focus Sash\n|-damage|p1b: Bruxish|1\/100\n|move|p2a: Landorus|Sandsear Storm|p1b: Bruxish\n|-damage|p1b: Bruxish|0 fnt\n|faint|p1b: Bruxish\n|\n|win|slimeree\n|l|\u2606skino397\n|c|\u2606slimeree|bro\n","uploadtime":1699433709,"views":14,"p1id":"skino397","p2id":"slimeree","formatid":"gen9doublesou","rating":0,"private":0,"password":""}