{"id":"gen9doublesou-1981632256","p1":"Fmorais000","p2":"hysali30","format":"[Gen 9] Doubles OU","log":"|j|\u2606Fmorais000\n|j|\u2606hysali30\n|t:|1698928291\n|gametype|doubles\n|player|p1|Fmorais000|1|1000\n|player|p2|hysali30|dancer|1013\n|teamsize|p1|6\n|teamsize|p2|6\n|gen|9\n|tier|[Gen 9] Doubles OU\n|rated|\n|rule|Species Clause: Limit one of each Pok\u00e9mon\n|rule|OHKO Clause: OHKO moves are banned\n|rule|Evasion Moves Clause: Evasion moves are banned\n|rule|Gravity Sleep Clause: The combination of sleep-inducing moves with imperfect accuracy and Gravity or Gigantamax Orbeetle are banned\n|rule|Endless Battle Clause: Forcing endless battles is banned\n|rule|HP Percentage Mod: HP is shown in percentages\n|clearpoke\n|poke|p1|Mimikyu, M|\n|poke|p1|Umbreon, F|\n|poke|p1|Roaring Moon|\n|poke|p1|Glimmora, F|\n|poke|p1|Goodra-Hisui, M|\n|poke|p1|Palafin, F|\n|poke|p2|Persian, M|\n|poke|p2|Perrserker, F|\n|poke|p2|Luxray, M|\n|poke|p2|Litleo, L1, M|\n|poke|p2|Meowscarada, F|\n|poke|p2|Pyroar, M|\n|teampreview\n|inactive|Battle timer is ON: inactive players will automatically lose when time's up. (requested by hysali30)\n|\n|t:|1698928319\n|start\n|switch|p1a: Mimikyu|Mimikyu, M, shiny|100\/100\n|switch|p1b: Palafin|Palafin, F|100\/100\n|switch|p2a: Kitten|Litleo, L1, M|100\/100\n|switch|p2b: Cat|Persian, M|100\/100\n|-ability|p2a: Kitten|Unnerve\n|turn|1\n|inactive|Fmorais000 has 120 seconds left.\n|\n|t:|1698928370\n|move|p2b: Cat|Fake Out|p1b: Palafin\n|-damage|p1b: Palafin|72\/100\n|-damage|p2b: Cat|91\/100|[from] item: Life Orb\n|cant|p1b: Palafin|flinch\n|move|p1a: Mimikyu|Swords Dance|p1a: Mimikyu\n|-boost|p1a: Mimikyu|atk|2\n|move|p2a: Kitten|Endeavor|p1b: Palafin\n|-damage|p1b: Palafin|4\/100\n|\n|upkeep\n|turn|2\n|inactive|Fmorais000 has 120 seconds left.\n|\n|t:|1698928398\n|detailschange|p1b: Palafin|Palafin-Hero, F\n|switch|p1b: Glimmora|Glimmora, F|100\/100\n|move|p2a: Kitten|Protect|p2a: Kitten\n|-singleturn|p2a: Kitten|Protect\n|move|p2b: Cat|Snarl|p1a: Mimikyu|[spread] p1a,p1b\n|-activate|p1a: Mimikyu|ability: Disguise\n|-damage|p1a: Mimikyu|100\/100\n|-damage|p1b: Glimmora|79\/100\n|-unboost|p1a: Mimikyu|spa|1\n|-unboost|p1b: Glimmora|spa|1\n|detailschange|p1a: Mimikyu|Mimikyu-Busted, M, shiny\n|-damage|p1a: Mimikyu|88\/100|[from] pokemon: Mimikyu-Busted\n|-damage|p2b: Cat|81\/100|[from] item: Life Orb\n|move|p1a: Mimikyu|Swords Dance|p1a: Mimikyu\n|-boost|p1a: Mimikyu|atk|2\n|\n|upkeep\n|turn|3\n|inactive|Fmorais000 has 120 seconds left.\n|inactive|Fmorais000 has 90 seconds left.\n|inactive|Fmorais000 has 60 seconds left.\n|\n|t:|1698928477\n|move|p1a: Mimikyu|Shadow Sneak|p2b: Cat\n|-immune|p2b: Cat\n|move|p2b: Cat|Shadow Ball|p1a: Mimikyu\n|-supereffective|p1a: Mimikyu\n|-damage|p1a: Mimikyu|30\/100\n|-damage|p2b: Cat|71\/100|[from] item: Life Orb\n|move|p1b: Glimmora|Stealth Rock|p2b: Cat\n|-sidestart|p2: hysali30|move: Stealth Rock\n|move|p2a: Kitten|Endeavor|p1b: Glimmora\n|-damage|p1b: Glimmora|5\/100\n|-activate|p1b: Glimmora|ability: Toxic Debris\n|-sidestart|p2: hysali30|move: Toxic Spikes\n|\n|upkeep\n|turn|4\n|inactive|Fmorais000 has 60 seconds left.\n|inactive|Fmorais000 has 30 seconds left.\n|\n|t:|1698928527\n|move|p1b: Glimmora|Spiky Shield|p1b: Glimmora\n|-singleturn|p1b: Glimmora|move: Protect\n|move|p2a: Kitten|Protect|p2a: Kitten\n|-singleturn|p2a: Kitten|Protect\n|move|p2b: Cat|Shadow Ball|p1a: Mimikyu\n|-supereffective|p1a: Mimikyu\n|-damage|p1a: Mimikyu|0 fnt\n|faint|p1a: Mimikyu\n|-damage|p2b: Cat|61\/100|[from] item: Life Orb\n|\n|upkeep\n|inactive|Fmorais000 has 30 seconds left this turn.\n|inactive|Fmorais000 has 20 seconds left.\n|\n|t:|1698928542\n|switch|p1a: Goodra|Goodra-Hisui, M, shiny|100\/100\n|turn|5\n|\n|t:|1698928554\n|move|p2b: Cat|Hyper Voice|p1b: Glimmora|[spread] p1a,p1b\n|-resisted|p1a: Goodra\n|-resisted|p1b: Glimmora\n|-damage|p1a: Goodra|93\/100\n|-damage|p1b: Glimmora|0 fnt\n|faint|p1b: Glimmora\n|-damage|p2b: Cat|51\/100|[from] item: Life Orb\n|move|p1a: Goodra|Body Press|p2b: Cat\n|-supereffective|p2b: Cat\n|-damage|p2b: Cat|0 fnt\n|faint|p2b: Cat\n|move|p2a: Kitten|Endeavor|p1a: Goodra\n|-damage|p1a: Goodra|4\/100\n|\n|-heal|p1a: Goodra|10\/100|[from] item: Leftovers\n|upkeep\n|inactive|Fmorais000 has 60 seconds left.\n|\n|t:|1698928572\n|switch|p2b: Cat Kitty|Luxray, M|100\/100\n|switch|p1b: Roaring Moon|Roaring Moon|100\/100\n|-damage|p2b: Cat Kitty|88\/100|[from] Stealth Rock\n|-status|p2b: Cat Kitty|psn\n|-ability|p2b: Cat Kitty|Intimidate|boost\n|-unboost|p1a: Goodra|atk|1\n|-unboost|p1b: Roaring Moon|atk|1\n|-enditem|p1b: Roaring Moon|Booster Energy\n|-activate|p1b: Roaring Moon|ability: Protosynthesis|[fromitem]\n|-start|p1b: Roaring Moon|protosynthesisspe\n|turn|6\n|inactive|Fmorais000 has 60 seconds left.\n|\n|t:|1698928594\n|move|p1b: Roaring Moon|Crunch|p2a: Kitten\n|-enditem|p2a: Kitten|Focus Sash\n|-damage|p2a: Kitten|8\/100\n|move|p2b: Cat Kitty|Night Slash|p1a: Goodra\n|-damage|p1a: Goodra|0 fnt\n|faint|p1a: Goodra\n|move|p2a: Kitten|Endeavor|p1b: Roaring Moon\n|-damage|p1b: Roaring Moon|1\/100\n|\n|-damage|p2b: Cat Kitty|76\/100 psn|[from] psn\n|upkeep\n|\n|t:|1698928611\n|switch|p1a: Palafin|Palafin-Hero, F|4\/100\n|-activate|p1a: Palafin|ability: Zero to Hero\n|turn|7\n|inactive|Fmorais000 has 60 seconds left.\n|\n|t:|1698928622\n|move|p2a: Kitten|Protect|p2a: Kitten\n|-singleturn|p2a: Kitten|Protect\n|move|p1a: Palafin|Jet Punch|p2a: Kitten\n|-activate|p2a: Kitten|move: Protect\n|move|p2b: Cat Kitty|Quick Attack|p1a: Palafin\n|-damage|p1a: Palafin|0 fnt\n|faint|p1a: Palafin\n|move|p1b: Roaring Moon|Crunch|p2b: Cat Kitty\n|-damage|p2b: Cat Kitty|31\/100 psn\n|-unboost|p2b: Cat Kitty|def|1\n|\n|-damage|p2b: Cat Kitty|19\/100 psn|[from] psn\n|upkeep\n|-enditem|p2b: Cat Kitty|Salac Berry|[eat]\n|-boost|p2b: Cat Kitty|spe|1|[from] item: Salac Berry\n|inactive|Fmorais000 has 60 seconds left.\n|\n|t:|1698928638\n|switch|p1a: Umbreon|Umbreon, F, shiny|100\/100\n|turn|8\n|\n|t:|1698928645\n|move|p1a: Umbreon|Protect|p1a: Umbreon\n|-singleturn|p1a: Umbreon|Protect\n|move|p2b: Cat Kitty|Quick Attack|p1b: Roaring Moon\n|-damage|p1b: Roaring Moon|0 fnt\n|faint|p1b: Roaring Moon\n|-end|p1b: Roaring Moon|Protosynthesis|[silent]\n|move|p2a: Kitten|Endeavor|p1a: Umbreon\n|-activate|p1a: Umbreon|move: Protect\n|\n|-damage|p2b: Cat Kitty|6\/100 psn|[from] psn\n|upkeep\n|turn|9\n|inactive|Fmorais000 has 90 seconds left.\n|-message|Fmorais000 forfeited.\n|\n|win|hysali30\n|raw|Fmorais000's rating: 1000 &rarr; <strong>1000<\/strong><br \/>(+0 for losing)\n|raw|hysali30's rating: 1013 &rarr; <strong>1050<\/strong><br \/>(+37 for winning)\n|l|\u2606Fmorais000\n|j|\u2606Fmorais000\n|player|p1|Fmorais000|1\n","uploadtime":1698928660,"views":31,"p1id":"fmorais000","p2id":"hysali30","formatid":"gen9doublesou","rating":1000,"private":0,"password":""}