{"id":"gen9doublesou-1983043463","p1":"user27323","p2":"bruhschetta","format":"[Gen 9] Doubles OU","log":"|j|\u2606user27323\n|j|\u2606bruhschetta\n|t:|1699074461\n|gametype|doubles\n|player|p1|user27323|caitlin|1517\n|player|p2|bruhschetta|brycenman|1532\n|teamsize|p1|6\n|teamsize|p2|6\n|gen|9\n|tier|[Gen 9] Doubles OU\n|rated|\n|rule|Species Clause: Limit one of each Pok\u00e9mon\n|rule|OHKO Clause: OHKO moves are banned\n|rule|Evasion Moves Clause: Evasion moves are banned\n|rule|Gravity Sleep Clause: The combination of sleep-inducing moves with imperfect accuracy and Gravity or Gigantamax Orbeetle are banned\n|rule|Endless Battle Clause: Forcing endless battles is banned\n|rule|HP Percentage Mod: HP is shown in percentages\n|clearpoke\n|poke|p1|Flutter Mane|\n|poke|p1|Sylveon, F|\n|poke|p1|Jirachi|\n|poke|p1|Dragonite, M|\n|poke|p1|Iron Bundle|\n|poke|p1|Volcanion|\n|poke|p2|Empoleon, M|\n|poke|p2|Meowscarada, M|\n|poke|p2|Landorus, M|\n|poke|p2|Chi-Yu|\n|poke|p2|Rillaboom, F|\n|poke|p2|Ogerpon-Hearthflame, F|\n|teampreview\n|\n|t:|1699074480\n|start\n|switch|p1a: shooting star \u2606|Jirachi|100\/100\n|switch|p1b: barbie moviegoer|Dragonite, M|100\/100\n|switch|p2a: Rillaboom|Rillaboom, F|100\/100\n|switch|p2b: Empoleon|Empoleon, M|100\/100\n|-fieldstart|move: Grassy Terrain|[from] ability: Grassy Surge|[of] p2a: Rillaboom\n|turn|1\n|\n|t:|1699074495\n|move|p2a: Rillaboom|Fake Out|p1a: shooting star \u2606\n|-resisted|p1a: shooting star \u2606\n|-damage|p1a: shooting star \u2606|95\/100\n|cant|p1a: shooting star \u2606|flinch\n|move|p1b: barbie moviegoer|Ice Spinner|p2a: Rillaboom\n|-supereffective|p2a: Rillaboom\n|-damage|p2a: Rillaboom|35\/100\n|-fieldend|move: Grassy Terrain\n|-damage|p1b: barbie moviegoer|91\/100|[from] item: Life Orb\n|move|p2b: Empoleon|Ice Beam|p1b: barbie moviegoer\n|-supereffective|p1b: barbie moviegoer\n|-damage|p1b: barbie moviegoer|0 fnt\n|faint|p1b: barbie moviegoer\n|\n|upkeep\n|\n|t:|1699074515\n|switch|p1b: ariana's ender \u2661|Sylveon, F|100\/100\n|turn|2\n|\n|t:|1699074530\n|-terastallize|p1b: ariana's ender \u2661|Fairy\n|move|p1a: shooting star \u2606|Iron Head|p2b: Empoleon\n|-resisted|p2b: Empoleon\n|-damage|p2b: Empoleon|91\/100\n|move|p2a: Rillaboom|Grassy Glide|p1b: ariana's ender \u2661\n|-damage|p1b: ariana's ender \u2661|75\/100\n|move|p1b: ariana's ender \u2661|Hyper Voice|p2b: Empoleon|[spread] p2a,p2b\n|-resisted|p2b: Empoleon\n|-crit|p2b: Empoleon\n|-damage|p2a: Rillaboom|0 fnt\n|-damage|p2b: Empoleon|33\/100\n|-enditem|p2b: Empoleon|Sitrus Berry|[eat]\n|-heal|p2b: Empoleon|58\/100|[from] item: Sitrus Berry\n|faint|p2a: Rillaboom\n|move|p2b: Empoleon|Water Pledge|p1b: ariana's ender \u2661\n|-damage|p1b: ariana's ender \u2661|42\/100\n|\n|upkeep\n|\n|t:|1699074544\n|switch|p2a: Meowscarada|Meowscarada, M|100\/100\n|turn|3\n|\n|t:|1699074550\n|move|p1a: shooting star \u2606|Iron Head|p2a: Meowscarada\n|-damage|p2a: Meowscarada|42\/100\n|move|p2a: Meowscarada|Grass Pledge|p1b: ariana's ender \u2661\n|-waiting|p2a: Meowscarada|p2b: Empoleon\n|move|p2b: Empoleon|Water Pledge|p1b: ariana's ender \u2661|[from]move: Grass Pledge\n|-combine\n|-damage|p1b: ariana's ender \u2661|0 fnt\n|-sidestart|p1: user27323|Grass Pledge\n|faint|p1b: ariana's ender \u2661\n|\n|upkeep\n|\n|t:|1699074561\n|switch|p1b: kenergy|Volcanion|100\/100\n|turn|4\n|\n|t:|1699074573\n|move|p2a: Meowscarada|Flower Trick|p1b: kenergy\n|-crit|p1b: kenergy\n|-damage|p1b: kenergy|57\/100\n|move|p2b: Empoleon|Water Pledge|p1a: shooting star \u2606\n|-damage|p1a: shooting star \u2606|50\/100\n|move|p1a: shooting star \u2606|Iron Head|p2a: Meowscarada\n|-damage|p2a: Meowscarada|0 fnt\n|faint|p2a: Meowscarada\n|move|p1b: kenergy|Earth Power|p2b: Empoleon\n|-supereffective|p2b: Empoleon\n|-damage|p2b: Empoleon|0 fnt\n|faint|p2b: Empoleon\n|\n|upkeep\n|\n|t:|1699074585\n|switch|p2a: Chi-Yu|Chi-Yu|100\/100\n|switch|p2b: Landorus|Landorus, M|100\/100\n|-ability|p2a: Chi-Yu|Beads of Ruin\n|turn|5\n|\n|t:|1699074601\n|switch|p1a: qu33fed|Iron Bundle|100\/100\n|move|p2b: Landorus|Sandsear Storm|p1a: qu33fed|[spread] p1a,p1b\n|-crit|p1a: qu33fed\n|-supereffective|p1b: kenergy\n|-enditem|p1a: qu33fed|Focus Sash\n|-damage|p1a: qu33fed|1\/100\n|-damage|p1b: kenergy|0 fnt\n|faint|p1b: kenergy\n|move|p2a: Chi-Yu|Heat Wave|p1a: qu33fed\n|-damage|p1a: qu33fed|0 fnt\n|faint|p1a: qu33fed\n|-end|p1a: qu33fed|Quark Drive|[silent]\n|\n|upkeep\n|\n|t:|1699074611\n|switch|p1a: bella thorns x|Flutter Mane|100\/100\n|switch|p1b: shooting star \u2606|Jirachi|50\/100\n|-enditem|p1a: bella thorns x|Booster Energy\n|-activate|p1a: bella thorns x|ability: Protosynthesis|[fromitem]\n|-start|p1a: bella thorns x|protosynthesisspa\n|turn|6\n|\n|t:|1699074618\n|move|p1a: bella thorns x|Protect|p1a: bella thorns x\n|-singleturn|p1a: bella thorns x|Protect\n|move|p2b: Landorus|Sludge Bomb|p1a: bella thorns x\n|-activate|p1a: bella thorns x|move: Protect\n|move|p2a: Chi-Yu|Heat Wave|p1a: bella thorns x|[spread] p1b\n|-activate|p1a: bella thorns x|move: Protect\n|-supereffective|p1b: shooting star \u2606\n|-crit|p1b: shooting star \u2606\n|-damage|p1b: shooting star \u2606|0 fnt\n|faint|p1b: shooting star \u2606\n|\n|-sideend|p1: user27323|Grass Pledge\n|upkeep\n|turn|7\n|\n|t:|1699074626\n|move|p1a: bella thorns x|Dazzling Gleam|p2a: Chi-Yu|[spread] p2a,p2b\n|-damage|p2a: Chi-Yu|49\/100\n|-damage|p2b: Landorus|16\/100\n|move|p2b: Landorus|Earth Power|p1a: bella thorns x\n|-damage|p1a: bella thorns x|0 fnt\n|faint|p1a: bella thorns x\n|-end|p1a: bella thorns x|Protosynthesis|[silent]\n|\n|win|bruhschetta\n|raw|user27323's rating: 1517 &rarr; <strong>1498<\/strong><br \/>(-19 for losing)\n|raw|bruhschetta's rating: 1532 &rarr; <strong>1551<\/strong><br \/>(+19 for winning)\n|l|\u2606user27323\n|c|\u2606bruhschetta|gg\n","uploadtime":1699074648,"views":19,"p1id":"user27323","p2id":"bruhschetta","formatid":"gen9doublesou","rating":1498,"private":0,"password":""}