{"id":"gen9doublesou-1997844407","p1":"Honormon","p2":"mikeyuwu","format":"[Gen 9] Doubles OU","log":"|j|\u2606Honormon\n|j|\u2606mikeyuwu\n|t:|1700858908\n|gametype|doubles\n|player|p1|Honormon|102|1158\n|player|p2|mikeyuwu|psychic-gen4|1393\n|teamsize|p1|6\n|teamsize|p2|6\n|gen|9\n|tier|[Gen 9] Doubles OU\n|rated|\n|rule|Species Clause: Limit one of each Pok\u00e9mon\n|rule|OHKO Clause: OHKO moves are banned\n|rule|Evasion Moves Clause: Evasion moves are banned\n|rule|Gravity Sleep Clause: The combination of sleep-inducing moves with imperfect accuracy and Gravity or Gigantamax Orbeetle are banned\n|rule|Endless Battle Clause: Forcing endless battles is banned\n|rule|HP Percentage Mod: HP is shown in percentages\n|clearpoke\n|poke|p1|Slaking, M|\n|poke|p1|Grafaiai, F|\n|poke|p1|Drifblim, M|\n|poke|p1|Jumpluff, M|\n|poke|p1|Tyranitar, F|\n|poke|p1|Glimmora, M|\n|poke|p2|Garchomp, M|\n|poke|p2|Tyranitar, F|\n|poke|p2|Vaporeon, F|\n|poke|p2|Toxicroak, M|\n|poke|p2|Pelipper, F|\n|poke|p2|Abomasnow, M|\n|teampreview\n|inactive|Battle timer is ON: inactive players will automatically lose when time's up. (requested by Honormon)\n|\n|t:|1700858917\n|start\n|switch|p1a: Glimmora|Glimmora, M|100\/100\n|switch|p1b: Jumpluff|Jumpluff, M|100\/100\n|switch|p2a: OTLHPM|Toxicroak, M|100\/100\n|switch|p2b: Cold Shoulder|Abomasnow, M, shiny|100\/100\n|-weather|Snow|[from] ability: Snow Warning|[of] p2b: Cold Shoulder\n|turn|1\n|\n|t:|1700858928\n|switch|p2b: ThcrThnSnkr|Tyranitar, F|100\/100\n|-weather|Sandstorm|[from] ability: Sand Stream|[of] p2b: ThcrThnSnkr\n|move|p1b: Jumpluff|Reflect|p1b: Jumpluff\n|-sidestart|p1: Honormon|Reflect\n|move|p1a: Glimmora|Light Screen|p1a: Glimmora\n|-sidestart|p1: Honormon|move: Light Screen\n|move|p2a: OTLHPM|Poison Jab|p1b: Jumpluff\n|-supereffective|p1b: Jumpluff\n|-damage|p1b: Jumpluff|30\/100\n|\n|-weather|Sandstorm|[upkeep]\n|-damage|p1b: Jumpluff|24\/100|[from] Sandstorm\n|-damage|p2a: OTLHPM|94\/100|[from] Sandstorm\n|-heal|p2a: OTLHPM|100\/100|[from] item: Black Sludge\n|upkeep\n|turn|2\n|\n|t:|1700858945\n|switch|p2a: Extra Spicy|Garchomp, M|100\/100\n|move|p1b: Jumpluff|Leech Seed|p2b: ThcrThnSnkr\n|-start|p2b: ThcrThnSnkr|move: Leech Seed\n|move|p1a: Glimmora|Memento|p2a: Extra Spicy\n|-unboost|p2a: Extra Spicy|atk|2\n|-unboost|p2a: Extra Spicy|spa|2\n|faint|p1a: Glimmora\n|move|p2b: ThcrThnSnkr|Thunderbolt|p1b: Jumpluff\n|-damage|p1b: Jumpluff|8\/100\n|\n|-weather|Sandstorm|[upkeep]\n|-damage|p1b: Jumpluff|2\/100|[from] Sandstorm\n|-damage|p2b: ThcrThnSnkr|88\/100|[from] Leech Seed|[of] p1b: Jumpluff\n|-heal|p1b: Jumpluff|14\/100|[silent]\n|upkeep\n|\n|t:|1700858959\n|switch|p1a: Drifblim|Drifblim, M|100\/100\n|turn|3\n|\n|t:|1700858966\n|switch|p2b: OTLHPM|Toxicroak, M|100\/100\n|move|p1b: Jumpluff|Memento|p2b: OTLHPM\n|-unboost|p2b: OTLHPM|atk|2\n|-unboost|p2b: OTLHPM|spa|2\n|faint|p1b: Jumpluff\n|move|p1a: Drifblim|Tailwind|p1a: Drifblim\n|-sidestart|p1: Honormon|move: Tailwind\n|move|p2a: Extra Spicy|Brick Break|p1a: Drifblim\n|-immune|p1a: Drifblim\n|\n|-weather|Sandstorm|[upkeep]\n|-damage|p1a: Drifblim|94\/100|[from] Sandstorm\n|-damage|p2b: OTLHPM|94\/100|[from] Sandstorm\n|-heal|p2b: OTLHPM|100\/100|[from] item: Black Sludge\n|upkeep\n|\n|t:|1700858977\n|switch|p1b: Slaking|Slaking, M|100\/100\n|turn|4\n|\n|t:|1700858988\n|switch|p2a: Weather War|Pelipper, F|100\/100\n|-weather|RainDance|[from] ability: Drizzle|[of] p2a: Weather War\n|switch|p2b: Harmacy|Vaporeon, F|100\/100\n|move|p1a: Drifblim|Skill Swap|p1b: Slaking\n|-activate|p1a: Drifblim|move: Skill Swap|||[of] p1b: Slaking\n|move|p1b: Slaking|Earthquake|p2b: Harmacy|[spread] p2b\n|-immune|p1a: Drifblim\n|-immune|p2a: Weather War\n|-damage|p2b: Harmacy|77\/100\n|\n|-weather|RainDance|[upkeep]\n|-heal|p2b: Harmacy|83\/100|[from] item: Leftovers\n|upkeep\n|turn|5\n|\n|t:|1700859007\n|switch|p2b: Extra Spicy|Garchomp, M|100\/100\n|-terastallize|p1b: Slaking|Ghost\n|cant|p1a: Drifblim|ability: Truant\n|move|p1b: Slaking|Facade|p2a: Weather War\n|-damage|p2a: Weather War|61\/100\n|move|p2a: Weather War|Chilling Water|p1b: Slaking\n|-damage|p1b: Slaking|85\/100\n|-unboost|p1b: Slaking|atk|1\n|\n|-weather|RainDance|[upkeep]\n|-sideend|p1: Honormon|move: Light Screen\n|upkeep\n|turn|6\n|\n|t:|1700859030\n|move|p1a: Drifblim|Fling|p1b: Slaking\n|-supereffective|p1b: Slaking\n|-damage|p1b: Slaking|83\/100\n|-boost|p1b: Slaking|spe|1|[from] item: Salac Berry\n|-enditem|p1b: Slaking|Weakness Policy\n|-boost|p1b: Slaking|atk|2|[from] item: Weakness Policy\n|-boost|p1b: Slaking|spa|2|[from] item: Weakness Policy\n|-enditem|p1a: Drifblim|Salac Berry|[from] move: Fling\n|move|p1b: Slaking|Drain Punch|p2a: Weather War\n|-resisted|p2a: Weather War\n|-damage|p2a: Weather War|41\/100\n|-heal|p1b: Slaking|89\/100|[from] drain|[of] p2a: Weather War\n|move|p2b: Extra Spicy|Liquidation|p1b: Slaking\n|-damage|p1b: Slaking|73\/100\n|move|p2a: Weather War|Chilling Water|p1b: Slaking\n|-damage|p1b: Slaking|51\/100\n|-unboost|p1b: Slaking|atk|1\n|\n|-weather|RainDance|[upkeep]\n|-sideend|p1: Honormon|move: Tailwind\n|upkeep\n|turn|7\n|\n|t:|1700859050\n|switch|p1a: Grafaiai|Grafaiai, F|100\/100\n|switch|p2a: OTLHPM|Toxicroak, M|100\/100\n|move|p1b: Slaking|Protect|p1b: Slaking\n|-singleturn|p1b: Slaking|Protect\n|move|p2b: Extra Spicy|Liquidation|p1b: Slaking\n|-activate|p1b: Slaking|move: Protect\n|\n|-weather|RainDance|[upkeep]\n|upkeep\n|turn|8\n|inactive|Honormon has 120 seconds left.\n|\n|t:|1700859085\n|switch|p2b: Harmacy|Vaporeon, F|83\/100\n|move|p1b: Slaking|Drain Punch|p2a: OTLHPM\n|-resisted|p2a: OTLHPM\n|-damage|p2a: OTLHPM|79\/100\n|-heal|p1b: Slaking|58\/100|[from] drain|[of] p2a: OTLHPM\n|move|p1a: Grafaiai|Fling|p1b: Slaking\n|-supereffective|p1b: Slaking\n|-damage|p1b: Slaking|56\/100\n|-heal|p1b: Slaking|89\/100|[from] item: Aguav Berry\n|-enditem|p1a: Grafaiai|Aguav Berry|[from] move: Fling\n|move|p2a: OTLHPM|Sunny Day|p2a: OTLHPM\n|-weather|SunnyDay\n|\n|-weather|SunnyDay|[upkeep]\n|-damage|p2a: OTLHPM|66\/100|[from] ability: Dry Skin|[of] p2a: OTLHPM\n|-heal|p2a: OTLHPM|73\/100|[from] item: Black Sludge\n|-heal|p2b: Harmacy|89\/100|[from] item: Leftovers\n|-sideend|p1: Honormon|Reflect\n|upkeep\n|turn|9\n|inactive|Honormon has 120 seconds left.\n|\n|t:|1700859110\n|switch|p2a: Extra Spicy|Garchomp, M|100\/100\n|move|p1a: Grafaiai|Doodle|p2b: Harmacy\n|-endability|p1a: Grafaiai|Prankster|[from] move: Doodle\n|-ability|p1a: Grafaiai|Hydration|[from] move: Doodle\n|-endability|p1b: Slaking|Unburden|[from] move: Doodle\n|-ability|p1b: Slaking|Hydration|[from] move: Doodle\n|move|p1b: Slaking|Facade|p2a: Extra Spicy\n|-damage|p2a: Extra Spicy|70\/100\n|-damage|p1b: Slaking|77\/100|[from] ability: Rough Skin|[of] p2a: Extra Spicy\n|-damage|p1b: Slaking|60\/100|[from] item: Rocky Helmet|[of] p2a: Extra Spicy\n|move|p2b: Harmacy|Icy Wind|p1b: Slaking|[spread] p1a,p1b\n|-damage|p1a: Grafaiai|87\/100\n|-damage|p1b: Slaking|50\/100\n|-unboost|p1a: Grafaiai|spe|1\n|-unboost|p1b: Slaking|spe|1\n|\n|-weather|SunnyDay|[upkeep]\n|-heal|p2b: Harmacy|95\/100|[from] item: Leftovers\n|upkeep\n|turn|10\n|inactive|Honormon has 120 seconds left.\n|\n|t:|1700859136\n|switch|p2a: OTLHPM|Toxicroak, M|73\/100\n|switch|p1a: Drifblim|Drifblim, M|94\/100\n|move|p1b: Slaking|Earthquake|p2b: Harmacy|[spread] p2a,p2b\n|-immune|p1a: Drifblim\n|-supereffective|p2a: OTLHPM\n|-damage|p2a: OTLHPM|0 fnt\n|-damage|p2b: Harmacy|72\/100\n|faint|p2a: OTLHPM\n|move|p2b: Harmacy|Icy Wind|p1a: Drifblim|[spread] p1a,p1b\n|-supereffective|p1a: Drifblim\n|-damage|p1a: Drifblim|73\/100\n|-damage|p1b: Slaking|41\/100\n|-unboost|p1a: Drifblim|spe|1\n|-unboost|p1b: Slaking|spe|1\n|\n|-weather|SunnyDay|[upkeep]\n|-heal|p2b: Harmacy|78\/100|[from] item: Leftovers\n|upkeep\n|\n|t:|1700859145\n|switch|p2a: Cold Shoulder|Abomasnow, M, shiny|100\/100\n|-weather|Snow|[from] ability: Snow Warning|[of] p2a: Cold Shoulder\n|turn|11\n|\n|t:|1700859163\n|move|p1a: Drifblim|Skill Swap|p2b: Harmacy\n|-activate|p1a: Drifblim|move: Skill Swap|Hydration|Unburden|[of] p2b: Harmacy\n|move|p2a: Cold Shoulder|Blizzard|p1a: Drifblim|[spread] p1a,p1b\n|-supereffective|p1a: Drifblim\n|-damage|p1a: Drifblim|8\/100\n|-damage|p1b: Slaking|14\/100\n|-status|p1b: Slaking|frz\n|move|p2b: Harmacy|Copycat|p2b: Harmacy\n|move|p2b: Harmacy|Blizzard|p1a: Drifblim|[from]move: Copycat|[spread] p1a,p1b\n|-supereffective|p1a: Drifblim\n|-damage|p1a: Drifblim|0 fnt\n|-damage|p1b: Slaking|0 fnt\n|faint|p1a: Drifblim\n|faint|p1b: Slaking\n|\n|-weather|Snow|[upkeep]\n|-heal|p2b: Harmacy|84\/100|[from] item: Leftovers\n|upkeep\n|\n|t:|1700859175\n|switch|p1a: Grafaiai|Grafaiai, F|87\/100\n|switch|p1b: Tyranitar|Tyranitar, F|100\/100\n|-ability|p1b: Tyranitar|Unnerve\n|turn|12\n|c|\u2606mikeyuwu|Okay now what\n|\n|t:|1700859198\n|switch|p2a: Weather War|Pelipper, F|41\/100\n|-weather|RainDance|[from] ability: Drizzle|[of] p2a: Weather War\n|move|p1a: Grafaiai|Doodle|p2b: Harmacy\n|-endability|p1a: Grafaiai|Prankster|[from] move: Doodle\n|-ability|p1a: Grafaiai|Unburden|[from] move: Doodle\n|-endability|p1b: Tyranitar|Unnerve|[from] move: Doodle\n|-ability|p1b: Tyranitar|Unburden|[from] move: Doodle\n|move|p1b: Tyranitar|Dragon Dance|p1b: Tyranitar\n|-boost|p1b: Tyranitar|atk|1\n|-boost|p1b: Tyranitar|spe|1\n|move|p2b: Harmacy|Weather Ball|p1b: Tyranitar\n|-supereffective|p1b: Tyranitar\n|-damage|p1b: Tyranitar|10\/100\n|-enditem|p1b: Tyranitar|Weakness Policy\n|-boost|p1b: Tyranitar|atk|2|[from] item: Weakness Policy\n|-boost|p1b: Tyranitar|spa|2|[from] item: Weakness Policy\n|\n|-weather|RainDance|[upkeep]\n|-heal|p2b: Harmacy|90\/100|[from] item: Leftovers\n|upkeep\n|turn|13\n|inactive|Honormon has 120 seconds left.\n|\n|t:|1700859232\n|move|p1b: Tyranitar|Rock Slide|p2b: Harmacy|[spread] p2a\n|-miss|p1b: Tyranitar|p2b: Harmacy\n|-supereffective|p2a: Weather War\n|-damage|p2a: Weather War|0 fnt\n|faint|p2a: Weather War\n|move|p1a: Grafaiai|Parting Shot|p2b: Harmacy\n|-unboost|p2b: Harmacy|atk|1\n|-unboost|p2b: Harmacy|spa|1\n|move|p2b: Harmacy|Weather Ball|p1b: Tyranitar\n|-supereffective|p1b: Tyranitar\n|-damage|p1b: Tyranitar|0 fnt\n|faint|p1b: Tyranitar\n|\n|-weather|RainDance|[upkeep]\n|-heal|p2b: Harmacy|96\/100|[from] item: Leftovers\n|upkeep\n|-message|Honormon forfeited.\n|\n|win|mikeyuwu\n|raw|Honormon's rating: 1158 &rarr; <strong>1148<\/strong><br \/>(-10 for losing)\n|raw|mikeyuwu's rating: 1393 &rarr; <strong>1401<\/strong><br \/>(+8 for winning)\n|l|\u2606Honormon\n","uploadtime":1700859265,"views":7,"p1id":"honormon","p2id":"mikeyuwu","formatid":"gen9doublesou","rating":1148,"private":0,"password":""}