{"id":"gen9doublesou-1975005205","p1":"DoerreKong","p2":"ShakXD404","format":"[Gen 9] Doubles OU","log":"|j|\u2606DoerreKong\n|j|\u2606ShakXD404\n|t:|1698154181\n|gametype|doubles\n|player|p1|DoerreKong|ltsurge|1510\n|player|p2|ShakXD404|102|1494\n|teamsize|p1|6\n|teamsize|p2|6\n|gen|9\n|tier|[Gen 9] Doubles OU\n|rated|\n|rule|Species Clause: Limit one of each Pok\u00e9mon\n|rule|OHKO Clause: OHKO moves are banned\n|rule|Evasion Moves Clause: Evasion moves are banned\n|rule|Gravity Sleep Clause: The combination of sleep-inducing moves with imperfect accuracy and Gravity or Gigantamax Orbeetle are banned\n|rule|Endless Battle Clause: Forcing endless battles is banned\n|rule|HP Percentage Mod: HP is shown in percentages\n|clearpoke\n|poke|p1|Torkoal, F|\n|poke|p1|Cresselia, F|\n|poke|p1|Diancie|\n|poke|p1|Iron Hands|\n|poke|p1|Farigiraf, M|\n|poke|p1|Dragonite, M|\n|poke|p2|Ninetales, F|\n|poke|p2|Lilligant-Hisui, F|\n|poke|p2|Shiftry, M|\n|poke|p2|Walking Wake|\n|poke|p2|Tornadus, M|\n|poke|p2|Flutter Mane|\n|teampreview\n|inactive|Battle timer is ON: inactive players will automatically lose when time's up. (requested by DoerreKong)\n|inactive|DoerreKong has 120 seconds left.\n|\n|t:|1698154222\n|start\n|switch|p1a: Dragonite|Dragonite, M|100\/100\n|switch|p1b: Farigiraf|Farigiraf, M|100\/100\n|switch|p2a: Shiftry|Shiftry, M|100\/100\n|switch|p2b: Tornadus|Tornadus, M|100\/100\n|turn|1\n|\n|t:|1698154232\n|move|p2b: Tornadus|Bleakwind Storm|p1b: Farigiraf|[spread] p1a,p1b\n|-damage|p1a: Dragonite|84\/100\n|-damage|p1b: Farigiraf|67\/100\n|-unboost|p1b: Farigiraf|spe|1\n|move|p2a: Shiftry|Knock Off|p1b: Farigiraf\n|-supereffective|p1b: Farigiraf\n|-damage|p1b: Farigiraf|0 fnt\n|-enditem|p1b: Farigiraf|Leftovers|[from] move: Knock Off|[of] p2a: Shiftry\n|faint|p1b: Farigiraf\n|move|p1a: Dragonite|Ice Spinner|p2b: Tornadus\n|-supereffective|p2b: Tornadus\n|-enditem|p2b: Tornadus|Focus Sash\n|-damage|p2b: Tornadus|1\/100\n|\n|upkeep\n|\n|t:|1698154244\n|switch|p1b: Diancie|Diancie|100\/100\n|turn|2\n|\n|t:|1698154273\n|move|p2b: Tornadus|Taunt|p1b: Diancie\n|-start|p1b: Diancie|move: Taunt\n|move|p2a: Shiftry|Tailwind|p2a: Shiftry\n|-sidestart|p2: ShakXD404|move: Tailwind\n|-ability|p2a: Shiftry|Wind Rider|boost\n|-boost|p2a: Shiftry|atk|1\n|move|p1a: Dragonite|Ice Spinner|p2a: Shiftry\n|-supereffective|p2a: Shiftry\n|-enditem|p2a: Shiftry|Focus Sash\n|-damage|p2a: Shiftry|1\/100\n|cant|p1b: Diancie|move: Taunt|Trick Room\n|\n|upkeep\n|turn|3\n|\n|t:|1698154295\n|switch|p1a: Iron Hands|Iron Hands|100\/100\n|move|p2b: Tornadus|Bleakwind Storm|p1a: Iron Hands|[spread] p1a\n|-miss|p2b: Tornadus|p1b: Diancie\n|-crit|p1a: Iron Hands\n|-damage|p1a: Iron Hands|58\/100\n|-unboost|p1a: Iron Hands|spe|1\n|move|p2a: Shiftry|Knock Off|p1a: Iron Hands\n|-resisted|p1a: Iron Hands\n|-damage|p1a: Iron Hands|43\/100\n|-enditem|p1a: Iron Hands|Leftovers|[from] move: Knock Off|[of] p2a: Shiftry\n|move|p1b: Diancie|Diamond Storm|p2b: Tornadus|[spread] p2a,p2b\n|-supereffective|p2b: Tornadus\n|-damage|p2a: Shiftry|0 fnt\n|-damage|p2b: Tornadus|0 fnt\n|-boost|p1b: Diancie|def|2\n|faint|p2a: Shiftry\n|faint|p2b: Tornadus\n|\n|upkeep\n|inactive|ShakXD404 has 120 seconds left.\n|\n|t:|1698154333\n|switch|p2b: Flutter Mane|Flutter Mane|100\/100\n|switch|p2a: Walking Wake|Walking Wake|100\/100\n|turn|4\n|\n|t:|1698154346\n|move|p1a: Iron Hands|Fake Out|p2a: Walking Wake\n|-damage|p2a: Walking Wake|87\/100\n|move|p2b: Flutter Mane|Dazzling Gleam|p1b: Diancie|[spread] p1a,p1b\n|-supereffective|p1a: Iron Hands\n|-damage|p1a: Iron Hands|0 fnt\n|-damage|p1b: Diancie|61\/100\n|faint|p1a: Iron Hands\n|-end|p1a: Iron Hands|Quark Drive|[silent]\n|cant|p2a: Walking Wake|flinch\n|move|p1b: Diancie|Diamond Storm|p2a: Walking Wake|[spread] p2a,p2b\n|-damage|p2a: Walking Wake|58\/100\n|-damage|p2b: Flutter Mane|41\/100\n|\n|-end|p1b: Diancie|move: Taunt\n|upkeep\n|\n|t:|1698154355\n|switch|p1a: Dragonite|Dragonite, M|84\/100\n|turn|5\n|\n|t:|1698154363\n|-terastallize|p1a: Dragonite|Normal\n|move|p1a: Dragonite|Extreme Speed|p2a: Walking Wake\n|-damage|p2a: Walking Wake|0 fnt\n|faint|p2a: Walking Wake\n|-end|p2a: Walking Wake|Protosynthesis|[silent]\n|move|p2b: Flutter Mane|Dazzling Gleam|p1b: Diancie|[spread] p1a,p1b\n|-damage|p1a: Dragonite|43\/100\n|-damage|p1b: Diancie|21\/100\n|move|p1b: Diancie|Trick Room|p1b: Diancie\n|-fieldstart|move: Trick Room|[of] p1b: Diancie\n|\n|-sideend|p2: ShakXD404|move: Tailwind\n|upkeep\n|\n|t:|1698154374\n|switch|p2a: Ninetales|Ninetales, F|100\/100\n|-weather|SunnyDay|[from] ability: Drought|[of] p2a: Ninetales\n|-activate|p2b: Flutter Mane|ability: Protosynthesis\n|-start|p2b: Flutter Mane|protosynthesisspe\n|turn|6\n|\n|t:|1698154389\n|move|p1a: Dragonite|Extreme Speed|p2a: Ninetales\n|-damage|p2a: Ninetales|0 fnt\n|faint|p2a: Ninetales\n|move|p1b: Diancie|Diamond Storm|p2b: Flutter Mane\n|-damage|p2b: Flutter Mane|0 fnt\n|-boost|p1b: Diancie|def|2\n|faint|p2b: Flutter Mane\n|-end|p2b: Flutter Mane|Protosynthesis|[silent]\n|\n|-weather|SunnyDay|[upkeep]\n|upkeep\n|-message|ShakXD404 forfeited.\n|\n|win|DoerreKong\n|raw|DoerreKong's rating: 1510 &rarr; <strong>1529<\/strong><br \/>(+19 for winning)\n|raw|ShakXD404's rating: 1494 &rarr; <strong>1475<\/strong><br \/>(-19 for losing)\n|l|\u2606ShakXD404\n","uploadtime":1698154399,"views":18,"p1id":"doerrekong","p2id":"shakxd404","formatid":"gen9doublesou","rating":1475,"private":0,"password":""}