{"id":"gen9doublesou-1975805083","p1":"MajicMark","p2":"wsjlyr","format":"[Gen 9] Doubles OU","log":"|j|\u2606MajicMark\n|j|\u2606wsjlyr\n|t:|1698239738\n|gametype|doubles\n|player|p1|MajicMark|266|1095\n|player|p2|wsjlyr|lucas|1192\n|teamsize|p1|6\n|teamsize|p2|6\n|gen|9\n|tier|[Gen 9] Doubles OU\n|rated|\n|rule|Species Clause: Limit one of each Pok\u00e9mon\n|rule|OHKO Clause: OHKO moves are banned\n|rule|Evasion Moves Clause: Evasion moves are banned\n|rule|Gravity Sleep Clause: The combination of sleep-inducing moves with imperfect accuracy and Gravity or Gigantamax Orbeetle are banned\n|rule|Endless Battle Clause: Forcing endless battles is banned\n|rule|HP Percentage Mod: HP is shown in percentages\n|clearpoke\n|poke|p1|Fezandipiti, M|\n|poke|p1|Torterra, M|\n|poke|p1|Flutter Mane|\n|poke|p1|Ursaluna-Bloodmoon, M|\n|poke|p1|Cresselia, F|\n|poke|p1|Armarouge, M|\n|poke|p2|Kingambit, M|\n|poke|p2|Ursaluna, F|\n|poke|p2|Indeedee-F, F|\n|poke|p2|Oranguru, F|\n|poke|p2|Cresselia, F|\n|poke|p2|Arboliva, F|\n|teampreview\n|inactive|Battle timer is ON: inactive players will automatically lose when time's up. (requested by wsjlyr)\n|\n|t:|1698239747\n|start\n|switch|p1a: Dezanfipiti|Fezandipiti, M|100\/100\n|switch|p1b: Mr. Continental|Torterra, M|100\/100\n|switch|p2a: Oranguru|Oranguru, F|100\/100\n|switch|p2b: Ursaluna|Ursaluna, F|100\/100\n|turn|1\n|\n|t:|1698239770\n|move|p2b: Ursaluna|Protect|p2b: Ursaluna\n|-singleturn|p2b: Ursaluna|Protect\n|move|p1a: Dezanfipiti|Icy Wind|p2b: Ursaluna|[spread] p2a\n|-activate|p2b: Ursaluna|move: Protect\n|-damage|p2a: Oranguru|95\/100\n|-unboost|p2a: Oranguru|spe|1\n|-status|p2a: Oranguru|tox|[from] ability: Toxic Chain|[of] p1a: Dezanfipiti\n|move|p1b: Mr. Continental|Shell Smash|p1b: Mr. Continental\n|-unboost|p1b: Mr. Continental|def|1\n|-unboost|p1b: Mr. Continental|spd|1\n|-boost|p1b: Mr. Continental|atk|2\n|-boost|p1b: Mr. Continental|spa|2\n|-boost|p1b: Mr. Continental|spe|2\n|move|p2a: Oranguru|Trick Room|p2a: Oranguru\n|-fieldstart|move: Trick Room|[of] p2a: Oranguru\n|\n|-heal|p2a: Oranguru|100\/100 tox|[from] item: Leftovers\n|-damage|p2a: Oranguru|94\/100 tox|[from] psn\n|-status|p2b: Ursaluna|brn|[from] item: Flame Orb\n|upkeep\n|turn|2\n|inactive|MajicMark has 120 seconds left.\n|\n|t:|1698239815\n|switch|p1b: booga wooga|Flutter Mane|100\/100\n|move|p2a: Oranguru|Instruct|p2b: Ursaluna\n|-singleturn|p2b: Ursaluna|move: Instruct|[of] p2a: Oranguru\n|move|p2b: Ursaluna|Protect|p2b: Ursaluna\n|-singleturn|p2b: Ursaluna|Protect\n|move|p2b: Ursaluna|Earthquake|p1b: booga wooga|[spread] p2a,p1a,p1b\n|-supereffective|p1a: Dezanfipiti\n|-damage|p2a: Oranguru|18\/100 tox\n|-damage|p1a: Dezanfipiti|0 fnt\n|-damage|p1b: booga wooga|0 fnt\n|faint|p1a: Dezanfipiti\n|faint|p1b: booga wooga\n|-end|p1b: booga wooga|Protosynthesis|[silent]\n|\n|-heal|p2a: Oranguru|25\/100 tox|[from] item: Leftovers\n|-damage|p2a: Oranguru|12\/100 tox|[from] psn\n|-damage|p2b: Ursaluna|94\/100 brn|[from] brn\n|upkeep\n|inactive|MajicMark has 90 seconds left.\n|\n|t:|1698239844\n|switch|p1a: Mr. Continental|Torterra, M|100\/100\n|switch|p1b: GuggitaGuggita|Armarouge, M|100\/100\n|turn|3\n|inactive|wsjlyr has 120 seconds left.\n|l|\u2606wsjlyr\n|inactive|wsjlyr disconnected and has a minute to reconnect!\n|player|p2|\n|j|\u2606wsjlyr\n|inactive|wsjlyr reconnected and has 100 seconds left.\n|player|p2|wsjlyr|lucas\n|inactive|wsjlyr has 90 seconds left.\n|\n|t:|1698239906\n|switch|p1a: Fazbear|Ursaluna-Bloodmoon, M|100\/100\n|switch|p1b: MOONMAN|Cresselia, F, shiny|100\/100\n|move|p2a: Oranguru|Instruct|p2b: Ursaluna\n|-singleturn|p2b: Ursaluna|move: Instruct|[of] p2a: Oranguru\n|move|p2b: Ursaluna|Earthquake|p1b: MOONMAN|[spread] p2a,p1a\n|-immune|p1b: MOONMAN|[from] ability: Levitate\n|-damage|p2a: Oranguru|0 fnt\n|-damage|p1a: Fazbear|48\/100\n|faint|p2a: Oranguru\n|move|p2b: Ursaluna|Ice Punch|p1a: Fazbear\n|-supereffective|p1a: Fazbear\n|-damage|p1a: Fazbear|0 fnt\n|faint|p1a: Fazbear\n|\n|-damage|p2b: Ursaluna|88\/100 brn|[from] brn\n|upkeep\n|inactive|MajicMark has 120 seconds left.\n|inactive|wsjlyr has 90 seconds left.\n|\n|t:|1698239931\n|switch|p1a: Mr. Continental|Torterra, M|100\/100\n|switch|p2a: Arboliva|Arboliva, F|100\/100\n|turn|4\n|inactive|MajicMark has 120 seconds left.\n|\n|t:|1698239954\n|-terastallize|p1a: Mr. Continental|Fire\n|move|p2a: Arboliva|Helping Hand|p2b: Ursaluna\n|-singleturn|p2b: Ursaluna|Helping Hand|[of] p2a: Arboliva\n|move|p2b: Ursaluna|Ice Punch|p1a: Mr. Continental\n|-resisted|p1a: Mr. Continental\n|-damage|p1a: Mr. Continental|70\/100\n|move|p1a: Mr. Continental|Shell Smash|p1a: Mr. Continental\n|-unboost|p1a: Mr. Continental|def|1\n|-unboost|p1a: Mr. Continental|spd|1\n|-boost|p1a: Mr. Continental|atk|2\n|-boost|p1a: Mr. Continental|spa|2\n|-boost|p1a: Mr. Continental|spe|2\n|move|p1b: MOONMAN|Trick Room|p1b: MOONMAN\n|-fieldend|move: Trick Room\n|\n|-damage|p2b: Ursaluna|82\/100 brn|[from] brn\n|upkeep\n|turn|5\n|inactive|wsjlyr has 120 seconds left.\n|\n|t:|1698239972\n|move|p2a: Arboliva|Helping Hand|p2b: Ursaluna\n|-singleturn|p2b: Ursaluna|Helping Hand|[of] p2a: Arboliva\n|move|p1a: Mr. Continental|Bullet Seed|p2b: Ursaluna\n|-supereffective|p2b: Ursaluna\n|-damage|p2b: Ursaluna|46\/100 brn\n|-supereffective|p2b: Ursaluna\n|-damage|p2b: Ursaluna|8\/100 brn\n|-supereffective|p2b: Ursaluna\n|-damage|p2b: Ursaluna|0 fnt\n|faint|p2b: Ursaluna\n|-hitcount|p2: Ursaluna|3\n|move|p1b: MOONMAN|Lunar Blessing|p1b: MOONMAN|[spread] p1a,p1b\n|-heal|p1a: Mr. Continental|95\/100\n|\n|upkeep\n|inactive|wsjlyr has 120 seconds left.\n|\n|t:|1698239988\n|switch|p2b: Cresselia|Cresselia, F|100\/100\n|turn|6\n|inactive|MajicMark has 120 seconds left.\n|\n|t:|1698240019\n|move|p1b: MOONMAN|Helping Hand|p1a: Mr. Continental\n|-singleturn|p1a: Mr. Continental|Helping Hand|[of] p1b: MOONMAN\n|move|p1a: Mr. Continental|Bullet Seed|p2b: Cresselia\n|-damage|p2b: Cresselia|72\/100\n|-damage|p2b: Cresselia|44\/100\n|-damage|p2b: Cresselia|19\/100\n|-damage|p2b: Cresselia|0 fnt\n|faint|p2b: Cresselia\n|-hitcount|p2: Cresselia|4\n|move|p2a: Arboliva|Pollen Puff|p1b: MOONMAN\n|-supereffective|p1b: MOONMAN\n|-damage|p1b: MOONMAN|61\/100\n|\n|upkeep\n|inactive|wsjlyr has 120 seconds left.\n|\n|t:|1698240033\n|switch|p2b: Indeedee|Indeedee-F, F|100\/100\n|-fieldstart|move: Psychic Terrain|[from] ability: Psychic Surge|[of] p2b: Indeedee\n|turn|7\n|\n|t:|1698240059\n|switch|p1b: GuggitaGuggita|Armarouge, M|100\/100\n|move|p1a: Mr. Continental|Bullet Seed|p2b: Indeedee\n|-damage|p2b: Indeedee|62\/100\n|-damage|p2b: Indeedee|27\/100\n|-damage|p2b: Indeedee|0 fnt\n|faint|p2b: Indeedee\n|-hitcount|p2: Indeedee|3\n|move|p2a: Arboliva|Pollen Puff|p1b: GuggitaGuggita\n|-damage|p1b: GuggitaGuggita|54\/100\n|\n|upkeep\n|\n|t:|1698240066\n|switch|p2b: Kingambit|Kingambit, M|100\/100\n|-activate|p2b: Kingambit|ability: Supreme Overlord\n|-start|p2b: Kingambit|fallen4|[silent]\n|turn|8\n|\n|t:|1698240085\n|move|p1a: Mr. Continental|Headlong Rush|p2b: Kingambit\n|-supereffective|p2b: Kingambit\n|-damage|p2b: Kingambit|0 fnt\n|-unboost|p1a: Mr. Continental|def|1\n|-unboost|p1a: Mr. Continental|spd|1\n|faint|p2b: Kingambit\n|-end|p2b: Kingambit|fallen4|[silent]\n|move|p1b: GuggitaGuggita|Armor Cannon|p2a: Arboliva\n|-supereffective|p2a: Arboliva\n|-damage|p2a: Arboliva|0 fnt\n|-unboost|p1b: GuggitaGuggita|def|1\n|-unboost|p1b: GuggitaGuggita|spd|1\n|faint|p2a: Arboliva\n|\n|win|MajicMark\n|raw|MajicMark's rating: 1095 &rarr; <strong>1128<\/strong><br \/>(+33 for winning)\n|raw|wsjlyr's rating: 1192 &rarr; <strong>1160<\/strong><br \/>(-32 for losing)\n|l|\u2606wsjlyr\n","uploadtime":1698240099,"views":16,"p1id":"majicmark","p2id":"wsjlyr","formatid":"gen9doublesou","rating":1128,"private":0,"password":""}