{"id":"gen9doublesou-1972281344","p1":"qtip6996","p2":"MoxyyMaroon","format":"[Gen 9] Doubles OU","log":"|j|\u2606qtip6996\n|j|\u2606MoxyyMaroon\n|t:|1697827656\n|gametype|doubles\n|player|p1|qtip6996|fisherman-gen4|\n|player|p2|MoxyyMaroon|caitlin|\n|teamsize|p1|6\n|teamsize|p2|6\n|gen|9\n|tier|[Gen 9] Doubles OU\n|rule|Species Clause: Limit one of each Pok\u00e9mon\n|rule|OHKO Clause: OHKO moves are banned\n|rule|Evasion Moves Clause: Evasion moves are banned\n|rule|Gravity Sleep Clause: The combination of sleep-inducing moves with imperfect accuracy and Gravity or Gigantamax Orbeetle are banned\n|rule|Endless Battle Clause: Forcing endless battles is banned\n|rule|HP Percentage Mod: HP is shown in percentages\n|clearpoke\n|poke|p1|Garganacl, M|\n|poke|p1|Tyranitar, F|\n|poke|p1|Glimmora, F|\n|poke|p1|Lycanroc, M|\n|poke|p1|Stonjourner, M|\n|poke|p1|Magcargo, F|\n|poke|p2|Torkoal, F|\n|poke|p2|Indeedee-F, F|\n|poke|p2|Armarouge, F|\n|poke|p2|Great Tusk|\n|poke|p2|Talonflame, M|\n|poke|p2|Kingambit, M|\n|teampreview\n|\n|t:|1697827690\n|start\n|switch|p1a: Tyranitar|Tyranitar, F|100\/100\n|switch|p1b: Glimmora|Glimmora, F, shiny|100\/100\n|switch|p2a: Chase FunWrap|Great Tusk|100\/100\n|switch|p2b: Gamesarebigepic|Talonflame, M, shiny|100\/100\n|-weather|Sandstorm|[from] ability: Sand Stream|[of] p1a: Tyranitar\n|turn|1\n|c|\u2606qtip6996|i got this chat\n|c|\u2606MoxyyMaroon|Ok\n|\n|t:|1697827721\n|-terastallize|p2a: Chase FunWrap|Ground\n|move|p1a: Tyranitar|Protect|p1a: Tyranitar\n|-singleturn|p1a: Tyranitar|Protect\n|move|p2b: Gamesarebigepic|Tailwind|p2b: Gamesarebigepic\n|-sidestart|p2: MoxyyMaroon|move: Tailwind\n|move|p2a: Chase FunWrap|Headlong Rush|p1a: Tyranitar\n|-activate|p1a: Tyranitar|move: Protect\n|move|p1b: Glimmora|Mortal Spin|p2a: Chase FunWrap|[spread] p2a,p2b\n|-resisted|p2a: Chase FunWrap\n|-damage|p2a: Chase FunWrap|99\/100\n|-damage|p2b: Gamesarebigepic|93\/100\n|-status|p2a: Chase FunWrap|psn\n|\n|-weather|Sandstorm|[upkeep]\n|-damage|p2b: Gamesarebigepic|87\/100|[from] Sandstorm\n|-damage|p2a: Chase FunWrap|87\/100 psn|[from] psn\n|upkeep\n|turn|2\n|\n|t:|1697827821\n|move|p1a: Tyranitar|Protect||[still]\n|-fail|p1a: Tyranitar\n|move|p2b: Gamesarebigepic|Will-O-Wisp|p1a: Tyranitar\n|-status|p1a: Tyranitar|brn\n|move|p2a: Chase FunWrap|Headlong Rush|p1a: Tyranitar\n|-supereffective|p1a: Tyranitar\n|-damage|p1a: Tyranitar|0 fnt\n|-unboost|p2a: Chase FunWrap|def|1\n|-unboost|p2a: Chase FunWrap|spd|1\n|faint|p1a: Tyranitar\n|move|p1b: Glimmora|Venoshock|p2a: Chase FunWrap\n|-resisted|p2a: Chase FunWrap\n|-damage|p2a: Chase FunWrap|25\/100 psn\n|\n|-weather|Sandstorm|[upkeep]\n|-damage|p2b: Gamesarebigepic|81\/100|[from] Sandstorm\n|-damage|p2a: Chase FunWrap|13\/100 psn|[from] psn\n|upkeep\n|c|\u2606qtip6996|wait\n|c|\u2606qtip6996|can you not protect on multiple turns\n|c|\u2606MoxyyMaroon|You can but it gets less likely to not fail\n|c|\u2606MoxyyMaroon|if you hover over the move itll tell u\n|c|\u2606qtip6996|this game fucking blows chat\n|c|\u2606qtip6996|im blind ig\n|\n|t:|1697827889\n|switch|p1a: Garganacl|Garganacl, M|100\/100\n|turn|3\n|\n|t:|1697827906\n|move|p2b: Gamesarebigepic|Will-O-Wisp|p1a: Garganacl\n|-immune|p1a: Garganacl|[from] ability: Purifying Salt\n|move|p2a: Chase FunWrap|Earthquake|p1a: Garganacl|[spread] p1a,p1b\n|-immune|p2b: Gamesarebigepic\n|-supereffective|p1a: Garganacl\n|-supereffective|p1b: Glimmora\n|-damage|p1a: Garganacl|34\/100\n|-damage|p1b: Glimmora|0 fnt\n|-activate|p1b: Glimmora|ability: Toxic Debris\n|-sidestart|p2: MoxyyMaroon|move: Toxic Spikes\n|faint|p1b: Glimmora\n|move|p1a: Garganacl|Body Press|p2b: Gamesarebigepic\n|-resisted|p2b: Gamesarebigepic\n|-damage|p2b: Gamesarebigepic|65\/100\n|\n|-weather|Sandstorm|[upkeep]\n|-damage|p2b: Gamesarebigepic|59\/100|[from] Sandstorm\n|-heal|p1a: Garganacl|40\/100|[from] item: Leftovers\n|-damage|p2a: Chase FunWrap|1\/100 psn|[from] psn\n|upkeep\n|c|\u2606qtip6996|wait\n|c|\u2606qtip6996|what\n|c|\u2606MoxyyMaroon|Chase FunWrap for the win\n|c|\u2606qtip6996|FUCK YOU CHASE\n|c|\u2606MoxyyMaroon|oh shooot i gottaget notes\n|\n|t:|1697828037\n|switch|p1b: Lycanroc|Lycanroc, M, shiny|100\/100\n|turn|4\n|\n|t:|1697828230\n|move|p1b: Lycanroc|Accelerock|p2b: Gamesarebigepic\n|-supereffective|p2b: Gamesarebigepic\n|-damage|p2b: Gamesarebigepic|0 fnt\n|faint|p2b: Gamesarebigepic\n|move|p2a: Chase FunWrap|Earthquake|p1b: Lycanroc|[spread] p1a,p1b\n|-supereffective|p1a: Garganacl\n|-supereffective|p1b: Lycanroc\n|-damage|p1a: Garganacl|0 fnt\n|-enditem|p1b: Lycanroc|Focus Sash\n|-damage|p1b: Lycanroc|1\/100\n|faint|p1a: Garganacl\n|\n|-weather|Sandstorm|[upkeep]\n|-damage|p2a: Chase FunWrap|0 fnt|[from] psn\n|faint|p2a: Chase FunWrap\n|-end|p2a: Chase FunWrap|Protosynthesis|[silent]\n|-sideend|p2: MoxyyMaroon|move: Tailwind\n|upkeep\n|c|\u2606qtip6996|there was a jolly rancher wrapper in my hoodie.\n|c|\u2606MoxyyMaroon|Wtfreak\n|c|\u2606MoxyyMaroon|Fck\n|c|\u2606qtip6996|wait a minute\n|\n|t:|1697828263\n|switch|p2b: Channel|Indeedee-F, F|100\/100\n|switch|p2a: Lil Tre|Armarouge, F, shiny|100\/100\n|switch|p1a: Stonjourner|Stonjourner, M, shiny|100\/100\n|-status|p2b: Channel|psn\n|-fieldstart|move: Psychic Terrain|[from] ability: Psychic Surge|[of] p2b: Channel\n|-enditem|p2b: Channel|Psychic Seed\n|-boost|p2b: Channel|spd|1|[from] item: Psychic Seed\n|-status|p2a: Lil Tre|psn\n|turn|5\n|c|\u2606qtip6996|omg is that pokemon named after you\n|\n|t:|1697828308\n|move|p1a: Stonjourner|Wide Guard|p1a: Stonjourner\n|-singleturn|p1a: Stonjourner|Wide Guard\n|move|p1b: Lycanroc|Close Combat|p2b: Channel\n|-damage|p2b: Channel|49\/100 psn\n|-unboost|p1b: Lycanroc|def|1\n|-unboost|p1b: Lycanroc|spd|1\n|move|p2b: Channel|Dazzling Gleam|p1b: Lycanroc|[spread] \n|-activate|p1a: Stonjourner|move: Wide Guard\n|-activate|p1b: Lycanroc|move: Wide Guard\n|move|p2a: Lil Tre|Expanding Force|p1a: Stonjourner|[spread] \n|-activate|p1a: Stonjourner|move: Wide Guard\n|-activate|p1b: Lycanroc|move: Wide Guard\n|\n|-weather|Sandstorm|[upkeep]\n|-damage|p2b: Channel|43\/100 psn|[from] Sandstorm\n|-damage|p2a: Lil Tre|94\/100 psn|[from] Sandstorm\n|-damage|p2b: Channel|30\/100 psn|[from] psn\n|-damage|p2a: Lil Tre|82\/100 psn|[from] psn\n|upkeep\n|turn|6\n|c|\u2606qtip6996|TROLLED\n|c|\u2606MoxyyMaroon|Kms\n|\n|t:|1697828488\n|move|p1b: Lycanroc|Protect|p1b: Lycanroc\n|-singleturn|p1b: Lycanroc|Protect\n|move|p2a: Lil Tre|Aura Sphere|p1a: Stonjourner\n|-supereffective|p1a: Stonjourner\n|-damage|p1a: Stonjourner|0 fnt\n|faint|p1a: Stonjourner\n|-damage|p2a: Lil Tre|72\/100 psn|[from] item: Life Orb\n|move|p2b: Channel|Trick Room|p2b: Channel\n|-fieldstart|move: Trick Room|[of] p2b: Channel\n|\n|-weather|Sandstorm|[upkeep]\n|-damage|p2a: Lil Tre|66\/100 psn|[from] Sandstorm\n|-damage|p2b: Channel|24\/100 psn|[from] Sandstorm\n|-damage|p2a: Lil Tre|53\/100 psn|[from] psn\n|-damage|p2b: Channel|12\/100 psn|[from] psn\n|upkeep\n|c|\u2606qtip6996|what\n|\n|t:|1697828529\n|switch|p1a: Magcargo|Magcargo, F|100\/100\n|turn|7\n|\n|t:|1697828553\n|move|p1b: Lycanroc|Accelerock|p2b: Channel\n|-activate|p2b: Channel|move: Psychic Terrain\n|move|p1a: Magcargo|Light Screen|p1a: Magcargo\n|-sidestart|p1: qtip6996|move: Light Screen\n|move|p2a: Lil Tre|Expanding Force|p1a: Magcargo|[spread] p1a,p1b\n|-damage|p1a: Magcargo|70\/100\n|-damage|p1b: Lycanroc|0 fnt\n|faint|p1b: Lycanroc\n|-damage|p2a: Lil Tre|43\/100 psn|[from] item: Life Orb\n|move|p2b: Channel|Dazzling Gleam|p1a: Magcargo\n|-resisted|p1a: Magcargo\n|-damage|p1a: Magcargo|66\/100\n|\n|-weather|Sandstorm|[upkeep]\n|-damage|p2a: Lil Tre|37\/100 psn|[from] Sandstorm\n|-damage|p2b: Channel|5\/100 psn|[from] Sandstorm\n|-damage|p2a: Lil Tre|25\/100 psn|[from] psn\n|-damage|p2b: Channel|0 fnt|[from] psn\n|faint|p2b: Channel\n|upkeep\n|\n|t:|1697828572\n|switch|p2b: Master Juno|Torkoal, F|100\/100\n|-status|p2b: Master Juno|psn\n|-weather|SunnyDay|[from] ability: Drought|[of] p2b: Master Juno\n|turn|8\n|c|\u2606qtip6996|magcargo has to cook this game BADLY\n|c|\u2606qtip6996|wait\n|c|\u2606qtip6996|i dont have dmg moves\n|c|\u2606MoxyyMaroon|LOL\n|\n|t:|1697828670\n|move|p2b: Master Juno|Earth Power|p1a: Magcargo\n|-supereffective|p1a: Magcargo\n|-crit|p1a: Magcargo\n|-damage|p1a: Magcargo|0 fnt\n|faint|p1a: Magcargo\n|\n|win|MoxyyMaroon\n|c|\u2606qtip6996|oh\n|c|\u2606qtip6996|well\n|l|\u2606qtip6996\n|c|\u2606MoxyyMaroon|# Cool\n","uploadtime":1697828690,"views":12,"p1id":"qtip6996","p2id":"moxyymaroon","formatid":"gen9doublesou","rating":0,"private":0,"password":""}