{"id":"gen9doublesou-1973111755","p1":"Magiquaza","p2":"Flinchhaxisgreat","format":"[Gen 9] Doubles OU","log":"|j|\u2606Magiquaza\n|j|\u2606Flinchhaxisgreat\n|inactive|Battle timer is ON: inactive players will automatically lose when time's up.\n|t:|1697928891\n|gametype|doubles\n|player|p1|Magiquaza|cynthia-masters|\n|player|p2|Flinchhaxisgreat|ethan-pokeathlon|\n|teamsize|p1|6\n|teamsize|p2|6\n|gen|9\n|tier|[Gen 9] Doubles OU\n|rated|Tournament battle\n|rule|Species Clause: Limit one of each Pok\u00e9mon\n|rule|OHKO Clause: OHKO moves are banned\n|rule|Evasion Moves Clause: Evasion moves are banned\n|rule|Gravity Sleep Clause: The combination of sleep-inducing moves with imperfect accuracy and Gravity or Gigantamax Orbeetle are banned\n|rule|Endless Battle Clause: Forcing endless battles is banned\n|rule|HP Percentage Mod: HP is shown in percentages\n|clearpoke\n|poke|p1|Brambleghast, F|\n|poke|p1|Trevenant, M|\n|poke|p1|Hariyama, M|\n|poke|p1|Arbok, M|\n|poke|p1|Houndstone, F|\n|poke|p1|Baxcalibur, M|\n|poke|p2|Amoonguss, M|\n|poke|p2|Kommo-o, M|\n|poke|p2|Meowscarada, M|\n|poke|p2|Gastrodon, M|\n|poke|p2|Empoleon, F|\n|poke|p2|Swadloon, M|\n|teampreview\n|j|*Lady Monita \u263d\n|inactive|Magiquaza also wants the timer to be on.\n|j| Inducedsplash14\n|j| bleahey\n|c|\u2606Magiquaza|glhf\n|c| Inducedsplash14|come on Magiquaza\n|c|\u2606Flinchhaxisgreat|come on Flinchhaxisgreat\n|c|\u2606Flinchhaxisgreat|you can do it\n|c| Inducedsplash14|woooo\n|inactive|Magiquaza has 120 seconds left.\n|\n|t:|1697928924\n|start\n|switch|p1a: mald|Arbok, M|100\/100\n|switch|p1b: bald|Hariyama, M|100\/100\n|switch|p2a: Swadloon|Swadloon, M|100\/100\n|switch|p2b: Gastrodon|Gastrodon, M|100\/100\n|-ability|p1a: mald|Intimidate|boost\n|-unboost|p2a: Swadloon|atk|1\n|-unboost|p2b: Gastrodon|atk|1\n|turn|1\n|j| Captain Love\n|\n|t:|1697928946\n|move|p1a: mald|Poison Jab|p2a: Swadloon\n|-supereffective|p2a: Swadloon\n|-damage|p2a: Swadloon|20\/100\n|move|p1b: bald|Close Combat|p2a: Swadloon\n|-resisted|p2a: Swadloon\n|-damage|p2a: Swadloon|0 fnt\n|-unboost|p1b: bald|def|1\n|-unboost|p1b: bald|spd|1\n|faint|p2a: Swadloon\n|move|p2b: Gastrodon|Muddy Water|p1a: mald|[spread] p1a,p1b\n|-damage|p1a: mald|72\/100\n|-damage|p1b: bald|69\/100\n|\n|-status|p1b: bald|brn|[from] item: Flame Orb\n|upkeep\n|c|\u2606Magiquaza|I was thinking it might have sticky web\n|j| Random21312313213\n|inactive|Flinchhaxisgreat has 120 seconds left.\n|inactive|Flinchhaxisgreat has 90 seconds left.\n|c|\u2606Flinchhaxisgreat|wow\n|c|\u2606Flinchhaxisgreat|so rude\n|c|\u2606Flinchhaxisgreat|let me set up webs :(\n|\n|t:|1697929007\n|switch|p2a: Empoleon|Empoleon, F|100\/100\n|turn|2\n|\n|t:|1697929020\n|-terastallize|p2a: Empoleon|Water\n|move|p1a: mald|Knock Off|p2b: Gastrodon\n|-damage|p2b: Gastrodon|67\/100\n|-enditem|p2b: Gastrodon|Sitrus Berry|[from] move: Knock Off|[of] p1a: mald\n|move|p2a: Empoleon|Surf|p1b: bald|[spread] p1a,p1b\n|-ability|p2b: Gastrodon|Storm Drain|boost\n|-boost|p2b: Gastrodon|spa|1\n|-damage|p1a: mald|13\/100\n|-damage|p1b: bald|0 fnt\n|-enditem|p1a: mald|Sitrus Berry|[eat]\n|-heal|p1a: mald|38\/100|[from] item: Sitrus Berry\n|faint|p1b: bald\n|move|p2b: Gastrodon|Muddy Water|p1a: mald\n|-damage|p1a: mald|0 fnt\n|faint|p1a: mald\n|\n|upkeep\n|c|\u2606Magiquaza|holy\n|\n|t:|1697929036\n|switch|p1a: rolled|Brambleghast, F|100\/100\n|switch|p1b: walled|Trevenant, M|100\/100\n|turn|3\n|inactive|Flinchhaxisgreat has 120 seconds left.\n|c|\u2606Magiquaza|my identical twins\n|\n|t:|1697929065\n|switch|p2a: Amoonguss|Amoonguss, M|100\/100\n|switch|p2b: Meowscarada|Meowscarada, M|100\/100\n|move|p1a: rolled|Power Whip|p2b: Meowscarada|[miss]\n|-miss|p1a: rolled|p2b: Meowscarada\n|move|p1b: walled|Wood Hammer|p2a: Amoonguss\n|-resisted|p2a: Amoonguss\n|-damage|p2a: Amoonguss|89\/100\n|-damage|p1b: walled|96\/100|[from] Recoil\n|\n|upkeep\n|turn|4\n|inactive|Flinchhaxisgreat has 120 seconds left.\n|\n|t:|1697929082\n|move|p2b: Meowscarada|Knock Off|p1a: rolled\n|-supereffective|p1a: rolled\n|-damage|p1a: rolled|0 fnt\n|-enditem|p1a: rolled|Sitrus Berry|[from] move: Knock Off|[of] p2b: Meowscarada\n|faint|p1a: rolled\n|move|p1b: walled|Drain Punch|p2b: Meowscarada\n|-supereffective|p2b: Meowscarada\n|-damage|p2b: Meowscarada|19\/100\n|-heal|p1b: walled|100\/100|[from] drain|[of] p2b: Meowscarada\n|move|p2a: Amoonguss|Pollen Puff|p2b: Meowscarada\n|-heal|p2b: Meowscarada|68\/100\n|\n|upkeep\n|c| Inducedsplash14|oof\n|\n|t:|1697929098\n|switch|p1a: Baxcalibur|Baxcalibur, M|100\/100\n|turn|5\n|\n|t:|1697929106\n|move|p2a: Amoonguss|Rage Powder|p2a: Amoonguss\n|-singleturn|p2a: Amoonguss|move: Rage Powder\n|move|p2b: Meowscarada|Knock Off|p1b: walled\n|-supereffective|p1b: walled\n|-crit|p1b: walled\n|-damage|p1b: walled|0 fnt\n|-enditem|p1b: walled|Sitrus Berry|[from] move: Knock Off|[of] p2b: Meowscarada\n|faint|p1b: walled\n|move|p1a: Baxcalibur|Icicle Spear|p2a: Amoonguss\n|-supereffective|p2a: Amoonguss\n|-damage|p2a: Amoonguss|67\/100\n|-supereffective|p2a: Amoonguss\n|-damage|p2a: Amoonguss|43\/100\n|-enditem|p2a: Amoonguss|Sitrus Berry|[eat]\n|-heal|p2a: Amoonguss|68\/100|[from] item: Sitrus Berry\n|-supereffective|p2a: Amoonguss\n|-damage|p2a: Amoonguss|43\/100\n|-supereffective|p2a: Amoonguss\n|-damage|p2a: Amoonguss|19\/100\n|-hitcount|p2a: Amoonguss|4\n|\n|upkeep\n|\n|t:|1697929112\n|switch|p1b: ghouled|Houndstone, F|100\/100\n|turn|6\n|\n|t:|1697929121\n|move|p2a: Amoonguss|Rage Powder|p2a: Amoonguss\n|-singleturn|p2a: Amoonguss|move: Rage Powder\n|move|p1a: Baxcalibur|Ice Shard|p2a: Amoonguss\n|-supereffective|p2a: Amoonguss\n|-damage|p2a: Amoonguss|0 fnt\n|faint|p2a: Amoonguss\n|move|p1b: ghouled|Last Respects|p2b: Meowscarada\n|-resisted|p2b: Meowscarada\n|-damage|p2b: Meowscarada|0 fnt\n|faint|p2b: Meowscarada\n|\n|upkeep\n|c|\u2606Flinchhaxisgreat|D:\n|c|\u2606Magiquaza|hound will make everything better\n|c| Inducedsplash14|COME ON GHOULED\n|\n|t:|1697929137\n|switch|p2b: Empoleon|Empoleon, F, tera:Water|100\/100\n|switch|p2a: Gastrodon|Gastrodon, M|67\/100\n|turn|7\n|\n|t:|1697929144\n|-terastallize|p1b: ghouled|Ghost\n|move|p1b: ghouled|Last Respects|p2b: Empoleon\n|-damage|p2b: Empoleon|0 fnt\n|faint|p2b: Empoleon\n|move|p1a: Baxcalibur|Icicle Spear|p2a: Gastrodon\n|-damage|p2a: Gastrodon|51\/100\n|-damage|p2a: Gastrodon|34\/100\n|-damage|p2a: Gastrodon|19\/100\n|-damage|p2a: Gastrodon|4\/100\n|-hitcount|p2a: Gastrodon|4\n|move|p2a: Gastrodon|Icy Wind|p1b: ghouled|[spread] p1a,p1b\n|-damage|p1a: Baxcalibur|91\/100\n|-damage|p1b: ghouled|89\/100\n|-unboost|p1a: Baxcalibur|spe|1\n|-unboost|p1b: ghouled|spe|1\n|\n|upkeep\n|\n|t:|1697929150\n|switch|p2b: Kommo-o|Kommo-o, M|100\/100\n|turn|8\n|c|\u2606Flinchhaxisgreat|slow down !!!\n|c| Inducedsplash14|WOOOOOOOOOOOO\n|\n|t:|1697929165\n|move|p1a: Baxcalibur|Ice Shard|p2a: Gastrodon\n|-damage|p2a: Gastrodon|0 fnt\n|faint|p2a: Gastrodon\n|move|p2b: Kommo-o|Clanging Scales|p1a: Baxcalibur|[spread] p1a,p1b\n|-supereffective|p1a: Baxcalibur\n|-crit|p1a: Baxcalibur\n|-damage|p1a: Baxcalibur|0 fnt\n|-damage|p1b: ghouled|46\/100\n|faint|p1a: Baxcalibur\n|-unboost|p2b: Kommo-o|def|1\n|-enditem|p2b: Kommo-o|Throat Spray\n|-boost|p2b: Kommo-o|spa|1|[from] item: Throat Spray\n|move|p1b: ghouled|Last Respects|p2b: Kommo-o\n|-damage|p2b: Kommo-o|0 fnt\n|faint|p2b: Kommo-o\n|\n|win|Magiquaza\n|n|\u2606Magiquaza|magiquaza\n|n|\u2606Flinchhaxisgreat|flinchhaxisgreat\n|n|*Lady Monita \u263d|ladymonita\n|n| Inducedsplash14|inducedsplash14\n|n| bleahey|bleahey\n|n| Captain Love|captainlove\n|n| Random21312313213|random21312313213\n","uploadtime":1697929166,"views":8,"p1id":"magiquaza","p2id":"flinchhaxisgreat","formatid":"gen9doublesou","rating":0,"private":0,"password":""}