{"id":"gen9doublesou-1971440790","p1":"Fredoo1909","p2":"Willow's Winter","format":"[Gen 9] Doubles OU","log":"|j|\u2606Fredoo1909\n|j|\u2606Willow's Winter\n|t:|1697738699\n|gametype|doubles\n|player|p1|Fredoo1909|265|1250\n|player|p2|Willow's Winter|heroine-conquest|1186\n|teamsize|p1|6\n|teamsize|p2|6\n|gen|9\n|tier|[Gen 9] Doubles OU\n|rated|\n|rule|Species Clause: Limit one of each Pok\u00e9mon\n|rule|OHKO Clause: OHKO moves are banned\n|rule|Evasion Moves Clause: Evasion moves are banned\n|rule|Gravity Sleep Clause: The combination of sleep-inducing moves with imperfect accuracy and Gravity or Gigantamax Orbeetle are banned\n|rule|Endless Battle Clause: Forcing endless battles is banned\n|rule|HP Percentage Mod: HP is shown in percentages\n|clearpoke\n|poke|p1|Ninetales-Alola, F|\n|poke|p1|Rotom-Frost|\n|poke|p1|Ogerpon-Wellspring, F|\n|poke|p1|Sinistcha-Masterpiece|\n|poke|p1|Chien-Pao|\n|poke|p1|Iron Bundle|\n|poke|p2|Cresselia, F|\n|poke|p2|Rillaboom, F|\n|poke|p2|Ursaluna-Bloodmoon, M|\n|poke|p2|Landorus-Therian, M|\n|poke|p2|Iron Hands|\n|poke|p2|Sinistcha|\n|teampreview\n|\n|t:|1697738713\n|start\n|switch|p1a: Ninetales|Ninetales-Alola, F, shiny|100\/100\n|switch|p1b: Rotom|Rotom-Frost, shiny|100\/100\n|switch|p2a: Rillaboom|Rillaboom, F|100\/100\n|switch|p2b: Landorus|Landorus-Therian, M|100\/100\n|-weather|Snow|[from] ability: Snow Warning|[of] p1a: Ninetales\n|-ability|p2b: Landorus|Intimidate|boost\n|-unboost|p1a: Ninetales|atk|1\n|-unboost|p1b: Rotom|atk|1\n|-fieldstart|move: Grassy Terrain|[from] ability: Grassy Surge|[of] p2a: Rillaboom\n|turn|1\n|\n|t:|1697738733\n|move|p2a: Rillaboom|Fake Out|p1a: Ninetales\n|-damage|p1a: Ninetales|88\/100\n|cant|p1a: Ninetales|flinch\n|move|p2b: Landorus|Stealth Rock|p1b: Rotom\n|-sidestart|p1: Fredoo1909|move: Stealth Rock\n|move|p1b: Rotom|Blizzard|p2a: Rillaboom|[spread] p2a,p2b\n|-supereffective|p2a: Rillaboom\n|-supereffective|p2b: Landorus\n|-damage|p2a: Rillaboom|64\/100\n|-damage|p2b: Landorus|0 fnt\n|faint|p2b: Landorus\n|\n|-weather|Snow|[upkeep]\n|-heal|p1a: Ninetales|94\/100|[from] Grassy Terrain\n|-heal|p2a: Rillaboom|71\/100|[from] Grassy Terrain\n|upkeep\n|\n|t:|1697738746\n|switch|p2b: Cresselia|Cresselia, F, shiny|100\/100\n|turn|2\n|\n|t:|1697738755\n|switch|p2b: Iron Hands|Iron Hands|100\/100\n|move|p1a: Ninetales|Aurora Veil|p1a: Ninetales\n|-sidestart|p1: Fredoo1909|move: Aurora Veil\n|move|p1b: Rotom|Blizzard|p2b: Iron Hands|[spread] p2a,p2b\n|-supereffective|p2a: Rillaboom\n|-damage|p2a: Rillaboom|34\/100\n|-damage|p2b: Iron Hands|83\/100\n|-status|p2b: Iron Hands|frz\n|move|p2a: Rillaboom|U-turn|p1a: Ninetales\n|-resisted|p1a: Ninetales\n|-damage|p1a: Ninetales|86\/100\n|\n|t:|1697738767\n|switch|p2a: Cresselia|Cresselia, F, shiny|100\/100|[from] U-turn\n|\n|-weather|Snow|[upkeep]\n|-heal|p1a: Ninetales|93\/100|[from] Grassy Terrain\n|-heal|p2b: Iron Hands|89\/100 frz|[from] Grassy Terrain\n|upkeep\n|turn|3\n|\n|t:|1697738784\n|-singleturn|p2b: Iron Hands|move: Focus Punch\n|move|p1a: Ninetales|Dazzling Gleam|p2a: Cresselia|[spread] p2a,p2b\n|-supereffective|p2b: Iron Hands\n|-damage|p2a: Cresselia|89\/100\n|-damage|p2b: Iron Hands|62\/100 frz\n|move|p1b: Rotom|Blizzard|p2b: Iron Hands|[spread] p2a,p2b\n|-damage|p2a: Cresselia|72\/100\n|-damage|p2b: Iron Hands|44\/100 frz\n|cant|p2b: Iron Hands|frz\n|move|p2a: Cresselia|Trick Room|p2a: Cresselia\n|-fieldstart|move: Trick Room|[of] p2a: Cresselia\n|\n|-weather|Snow|[upkeep]\n|-heal|p2b: Iron Hands|50\/100 frz|[from] Grassy Terrain\n|-heal|p1a: Ninetales|99\/100|[from] Grassy Terrain\n|upkeep\n|turn|4\n|inactive|Battle timer is ON: inactive players will automatically lose when time's up. (requested by Fredoo1909)\n|\n|t:|1697738804\n|cant|p2b: Iron Hands|frz\n|move|p2a: Cresselia|Lunar Blessing|p2a: Cresselia|[spread] p2a,p2b\n|-heal|p2a: Cresselia|97\/100\n|-heal|p2b: Iron Hands|75\/100 frz\n|-curestatus|p2b: Iron Hands|frz|[msg]\n|move|p1b: Rotom|Blizzard|p2a: Cresselia|[spread] p2a,p2b\n|-damage|p2a: Cresselia|81\/100\n|-damage|p2b: Iron Hands|59\/100\n|move|p1a: Ninetales|Blizzard|p2a: Cresselia|[spread] p2a,p2b\n|-damage|p2a: Cresselia|64\/100\n|-damage|p2b: Iron Hands|41\/100\n|\n|-weather|Snow|[upkeep]\n|-heal|p2b: Iron Hands|47\/100|[from] Grassy Terrain\n|-heal|p1a: Ninetales|100\/100|[from] Grassy Terrain\n|upkeep\n|turn|5\n|\n|t:|1697738830\n|move|p2b: Iron Hands|Drain Punch|p1b: Rotom\n|-supereffective|p1b: Rotom\n|-damage|p1b: Rotom|60\/100\n|-heal|p2b: Iron Hands|59\/100|[from] drain|[of] p1b: Rotom\n|move|p2a: Cresselia|Lunar Blessing|p2a: Cresselia|[spread] p2a,p2b\n|-heal|p2a: Cresselia|89\/100\n|-heal|p2b: Iron Hands|84\/100\n|move|p1b: Rotom|Will-O-Wisp|p2b: Iron Hands\n|-status|p2b: Iron Hands|brn\n|move|p1a: Ninetales|Blizzard|p2a: Cresselia|[spread] p2a,p2b\n|-damage|p2a: Cresselia|74\/100\n|-damage|p2b: Iron Hands|67\/100 brn\n|\n|-weather|none\n|-heal|p2b: Iron Hands|73\/100 brn|[from] Grassy Terrain\n|-heal|p1b: Rotom|66\/100|[from] item: Leftovers\n|-damage|p2b: Iron Hands|67\/100 brn|[from] brn\n|-fieldend|move: Grassy Terrain\n|upkeep\n|turn|6\n|inactive|Fredoo1909 has 120 seconds left.\n|\n|t:|1697738882\n|switch|p1a: Sinistcha|Sinistcha-Masterpiece, shiny|100\/100\n|-damage|p1a: Sinistcha|88\/100|[from] Stealth Rock\n|-heal|p1b: Rotom|91\/100|[from] ability: Hospitality|[of] p1a: Sinistcha\n|-terastallize|p2b: Iron Hands|Fighting\n|move|p2a: Cresselia|Helping Hand|p2b: Iron Hands\n|-singleturn|p2b: Iron Hands|Helping Hand|[of] p2a: Cresselia\n|move|p2b: Iron Hands|Drain Punch|p1b: Rotom\n|-supereffective|p1b: Rotom\n|-damage|p1b: Rotom|24\/100\n|-heal|p2b: Iron Hands|87\/100 brn|[from] drain|[of] p1b: Rotom\n|move|p1b: Rotom|Thunderbolt|p2a: Cresselia\n|-damage|p2a: Cresselia|58\/100\n|\n|-heal|p1b: Rotom|30\/100|[from] item: Leftovers\n|-damage|p2b: Iron Hands|81\/100 brn|[from] brn\n|upkeep\n|turn|7\n|inactive|Fredoo1909 has 120 seconds left.\n|\n|t:|1697738911\n|switch|p2a: Toku Jingle Attack|Sinistcha|100\/100\n|-heal|p2b: Iron Hands|100\/100 brn|[from] ability: Hospitality|[of] p2a: Toku Jingle Attack\n|move|p1a: Sinistcha|Rage Powder|p1a: Sinistcha\n|-singleturn|p1a: Sinistcha|move: Rage Powder\n|move|p2b: Iron Hands|Ice Punch|p1a: Sinistcha\n|-supereffective|p1a: Sinistcha\n|-damage|p1a: Sinistcha|74\/100\n|-damage|p2b: Iron Hands|84\/100 brn|[from] item: Rocky Helmet|[of] p1a: Sinistcha\n|move|p1b: Rotom|Blizzard|p2a: Toku Jingle Attack|[spread] p2a,p2b\n|-supereffective|p2a: Toku Jingle Attack\n|-damage|p2a: Toku Jingle Attack|38\/100\n|-damage|p2b: Iron Hands|64\/100 brn\n|-enditem|p2a: Toku Jingle Attack|Sitrus Berry|[eat]\n|-heal|p2a: Toku Jingle Attack|63\/100|[from] item: Sitrus Berry\n|\n|-heal|p1b: Rotom|36\/100|[from] item: Leftovers\n|-damage|p2b: Iron Hands|58\/100 brn|[from] brn\n|-fieldend|move: Trick Room\n|upkeep\n|turn|8\n|inactive|Fredoo1909 has 120 seconds left.\n|\n|t:|1697738932\n|switch|p2a: Cresselia|Cresselia, F, shiny|58\/100\n|move|p1b: Rotom|Blizzard|p2a: Cresselia|[spread] p2b\n|-miss|p1b: Rotom|p2a: Cresselia\n|-damage|p2b: Iron Hands|40\/100 brn\n|move|p1a: Sinistcha|Life Dew|p1a: Sinistcha|[spread] p1a,p1b\n|-heal|p1a: Sinistcha|99\/100\n|-heal|p1b: Rotom|61\/100\n|move|p2b: Iron Hands|Drain Punch|p1b: Rotom\n|-supereffective|p1b: Rotom\n|-damage|p1b: Rotom|15\/100\n|-heal|p2b: Iron Hands|54\/100 brn|[from] drain|[of] p1b: Rotom\n|\n|-heal|p1b: Rotom|21\/100|[from] item: Leftovers\n|-damage|p2b: Iron Hands|48\/100 brn|[from] brn\n|upkeep\n|turn|9\n|inactive|Fredoo1909 has 120 seconds left.\n|\n|t:|1697738957\n|move|p1a: Sinistcha|Rage Powder|p1a: Sinistcha\n|-singleturn|p1a: Sinistcha|move: Rage Powder\n|move|p1b: Rotom|Blizzard|p2a: Cresselia|[spread] p2a,p2b\n|-damage|p2a: Cresselia|43\/100\n|-damage|p2b: Iron Hands|30\/100 brn\n|move|p2a: Cresselia|Lunar Blessing|p2a: Cresselia|[spread] p2a,p2b\n|-heal|p2a: Cresselia|68\/100\n|-heal|p2b: Iron Hands|55\/100 brn\n|-curestatus|p2b: Iron Hands|brn|[msg]\n|move|p2b: Iron Hands|Drain Punch|p1a: Sinistcha\n|-immune|p1a: Sinistcha\n|\n|-heal|p1b: Rotom|27\/100|[from] item: Leftovers\n|-sideend|p1: Fredoo1909|move: Aurora Veil\n|upkeep\n|turn|10\n|inactive|Fredoo1909 has 120 seconds left.\n|inactive|Willow's Winter has 120 seconds left.\n|\n|t:|1697738994\n|switch|p2a: Toku Jingle Attack|Sinistcha|63\/100\n|-heal|p2b: Iron Hands|80\/100|[from] ability: Hospitality|[of] p2a: Toku Jingle Attack\n|move|p1a: Sinistcha|Rage Powder|p1a: Sinistcha\n|-singleturn|p1a: Sinistcha|move: Rage Powder\n|move|p1b: Rotom|Blizzard|p2a: Toku Jingle Attack|[spread] p2a,p2b\n|-supereffective|p2a: Toku Jingle Attack\n|-damage|p2a: Toku Jingle Attack|0 fnt\n|-damage|p2b: Iron Hands|60\/100\n|faint|p2a: Toku Jingle Attack\n|move|p2b: Iron Hands|Drain Punch|p1a: Sinistcha\n|-immune|p1a: Sinistcha\n|\n|-heal|p1b: Rotom|33\/100|[from] item: Leftovers\n|upkeep\n|\n|t:|1697739009\n|switch|p2a: Cresselia|Cresselia, F, shiny|68\/100\n|turn|11\n|\n|t:|1697739021\n|move|p1a: Sinistcha|Rage Powder|p1a: Sinistcha\n|-singleturn|p1a: Sinistcha|move: Rage Powder\n|move|p1b: Rotom|Will-O-Wisp|p2b: Iron Hands\n|-status|p2b: Iron Hands|brn\n|move|p2b: Iron Hands|Drain Punch|p1a: Sinistcha\n|-immune|p1a: Sinistcha\n|move|p2a: Cresselia|Trick Room|p2a: Cresselia\n|-fieldstart|move: Trick Room|[of] p2a: Cresselia\n|\n|-heal|p1b: Rotom|40\/100|[from] item: Leftovers\n|-damage|p2b: Iron Hands|54\/100 brn|[from] brn\n|upkeep\n|turn|12\n|\n|t:|1697739048\n|-end|p2b: Iron Hands|Quark Drive|[silent]\n|switch|p2b: Foul Beast|Ursaluna-Bloodmoon, M|100\/100\n|move|p2a: Cresselia|Psyshock|p1b: Rotom\n|-damage|p1b: Rotom|17\/100\n|move|p1a: Sinistcha|Life Dew|p1a: Sinistcha|[spread] p1a,p1b\n|-heal|p1a: Sinistcha|100\/100\n|-heal|p1b: Rotom|42\/100\n|move|p1b: Rotom|Thunderbolt|p2b: Foul Beast\n|-immune|p2b: Foul Beast\n|\n|-heal|p1b: Rotom|48\/100|[from] item: Leftovers\n|upkeep\n|turn|13\n|\n|t:|1697739068\n|move|p2a: Cresselia|Helping Hand|p2b: Foul Beast\n|-singleturn|p2b: Foul Beast|Helping Hand|[of] p2a: Cresselia\n|move|p2b: Foul Beast|Blood Moon|p1a: Sinistcha\n|-damage|p1a: Sinistcha|0 fnt\n|faint|p1a: Sinistcha\n|move|p1b: Rotom|Volt Switch|p2a: Cresselia\n|-damage|p2a: Cresselia|55\/100\n|\n|t:|1697739080\n|switch|p1b: Ninetales|Ninetales-Alola, F, shiny|100\/100|[from] Volt Switch\n|-damage|p1b: Ninetales|75\/100|[from] Stealth Rock\n|-weather|Snow|[from] ability: Snow Warning|[of] p1b: Ninetales\n|\n|-weather|Snow|[upkeep]\n|upkeep\n|\n|t:|1697739088\n|switch|p1a: Ogerpon|Ogerpon-Wellspring, F|100\/100\n|-damage|p1a: Ogerpon|88\/100|[from] Stealth Rock\n|turn|14\n|\n|t:|1697739101\n|move|p2a: Cresselia|Helping Hand|p2b: Foul Beast\n|-singleturn|p2b: Foul Beast|Helping Hand|[of] p2a: Cresselia\n|move|p2b: Foul Beast|Calm Mind|p2b: Foul Beast\n|-boost|p2b: Foul Beast|spa|1\n|-boost|p2b: Foul Beast|spd|1\n|move|p1b: Ninetales|Aurora Veil|p1b: Ninetales\n|-sidestart|p1: Fredoo1909|move: Aurora Veil\n|move|p1a: Ogerpon|Horn Leech|p2b: Foul Beast\n|-supereffective|p2b: Foul Beast\n|-damage|p2b: Foul Beast|37\/100\n|-heal|p1a: Ogerpon|100\/100|[from] drain|[of] p2b: Foul Beast\n|\n|-weather|Snow|[upkeep]\n|-heal|p2b: Foul Beast|43\/100|[from] item: Leftovers\n|upkeep\n|turn|15\n|\n|t:|1697739121\n|move|p1a: Ogerpon|Spiky Shield|p1a: Ogerpon\n|-singleturn|p1a: Ogerpon|move: Protect\n|move|p2b: Foul Beast|Blood Moon|p1b: Ninetales\n|-damage|p1b: Ninetales|0 fnt\n|faint|p1b: Ninetales\n|move|p2a: Cresselia|Lunar Blessing|p2a: Cresselia|[spread] p2a,p2b\n|-heal|p2a: Cresselia|80\/100\n|-heal|p2b: Foul Beast|68\/100\n|\n|-weather|Snow|[upkeep]\n|-heal|p2b: Foul Beast|74\/100|[from] item: Leftovers\n|-fieldend|move: Trick Room\n|upkeep\n|\n|t:|1697739141\n|switch|p1b: Chien-Pao|Chien-Pao|100\/100\n|-damage|p1b: Chien-Pao|76\/100|[from] Stealth Rock\n|-ability|p1b: Chien-Pao|Sword of Ruin\n|turn|16\n|\n|t:|1697739159\n|-terastallize|p1a: Ogerpon|Water\n|detailschange|p1a: Ogerpon|Ogerpon-Wellspring-Tera, F, tera:Water\n|-ability|p1a: Ogerpon|Embody Aspect (Wellspring)|boost\n|-boost|p1a: Ogerpon|spd|1\n|move|p1b: Chien-Pao|Icicle Crash|p2a: Cresselia\n|-crit|p2a: Cresselia\n|-damage|p2a: Cresselia|24\/100\n|move|p1a: Ogerpon|Ivy Cudgel|p2b: Foul Beast\n|-supereffective|p2b: Foul Beast\n|-damage|p2b: Foul Beast|0 fnt\n|faint|p2b: Foul Beast\n|move|p2a: Cresselia|Trick Room|p2a: Cresselia\n|-fieldstart|move: Trick Room|[of] p2a: Cresselia\n|\n|-weather|Snow|[upkeep]\n|upkeep\n|\n|t:|1697739170\n|switch|p2b: Iron Hands|Iron Hands, tera:Fighting|54\/100 brn\n|turn|17\n|\n|t:|1697739196\n|move|p1b: Chien-Pao|Protect|p1b: Chien-Pao\n|-singleturn|p1b: Chien-Pao|Protect\n|move|p2b: Iron Hands|Drain Punch|p1b: Chien-Pao\n|-activate|p1b: Chien-Pao|move: Protect\n|move|p2a: Cresselia|Lunar Blessing|p2a: Cresselia|[spread] p2a,p2b\n|-heal|p2a: Cresselia|49\/100\n|-heal|p2b: Iron Hands|79\/100 brn\n|-curestatus|p2b: Iron Hands|brn|[msg]\n|move|p1a: Ogerpon|Ivy Cudgel|p2a: Cresselia\n|-crit|p2a: Cresselia\n|-damage|p2a: Cresselia|0 fnt\n|faint|p2a: Cresselia\n|\n|-weather|none\n|upkeep\n|\n|t:|1697739210\n|switch|p2a: Rillaboom|Rillaboom, F|34\/100\n|-fieldstart|move: Grassy Terrain|[from] ability: Grassy Surge|[of] p2a: Rillaboom\n|turn|18\n|\n|t:|1697739227\n|move|p2a: Rillaboom|Fake Out|p1a: Ogerpon\n|-damage|p1a: Ogerpon|86\/100\n|cant|p1a: Ogerpon|flinch\n|move|p2b: Iron Hands|Drain Punch|p1b: Chien-Pao\n|-supereffective|p1b: Chien-Pao\n|-damage|p1b: Chien-Pao|0 fnt\n|-heal|p2b: Iron Hands|100\/100|[from] drain|[of] p1b: Chien-Pao\n|faint|p1b: Chien-Pao\n|\n|-heal|p2a: Rillaboom|41\/100|[from] Grassy Terrain\n|-heal|p1a: Ogerpon|92\/100|[from] Grassy Terrain\n|upkeep\n|inactive|Fredoo1909 has 120 seconds left.\n|\n|t:|1697739249\n|switch|p1b: Rotom|Rotom-Frost, shiny|48\/100\n|-damage|p1b: Rotom|23\/100|[from] Stealth Rock\n|turn|19\n|\n|t:|1697739268\n|move|p2b: Iron Hands|Wild Charge|p1a: Ogerpon\n|-supereffective|p1a: Ogerpon\n|-damage|p1a: Ogerpon|0 fnt\n|faint|p1a: Ogerpon\n|-damage|p2b: Iron Hands|87\/100|[from] Recoil\n|move|p2a: Rillaboom|Brick Break|p1b: Rotom\n|-sideend|p1: Fredoo1909|move: Aurora Veil\n|-supereffective|p1b: Rotom\n|-damage|p1b: Rotom|0 fnt\n|faint|p1b: Rotom\n|\n|-heal|p2b: Iron Hands|93\/100|[from] Grassy Terrain\n|-heal|p2a: Rillaboom|47\/100|[from] Grassy Terrain\n|upkeep\n|inactive|Fredoo1909 has 120 seconds left.\n|\n|t:|1697739297\n|switch|p1a: Iron Bundle|Iron Bundle|100\/100\n|-damage|p1a: Iron Bundle|76\/100|[from] Stealth Rock\n|-enditem|p1a: Iron Bundle|Booster Energy\n|-activate|p1a: Iron Bundle|ability: Quark Drive|[fromitem]\n|-start|p1a: Iron Bundle|quarkdrivespe\n|turn|20\n|c|\u2606Willow's Winter|how am i managing to turn this around in my favor\n|\n|t:|1697739307\n|move|p1a: Iron Bundle|Protect|p1a: Iron Bundle\n|-singleturn|p1a: Iron Bundle|Protect\n|move|p2b: Iron Hands|Wild Charge|p1a: Iron Bundle\n|-activate|p1a: Iron Bundle|move: Protect\n|move|p2a: Rillaboom|Wood Hammer|p1a: Iron Bundle\n|-activate|p1a: Iron Bundle|move: Protect\n|\n|-heal|p2b: Iron Hands|99\/100|[from] Grassy Terrain\n|-heal|p2a: Rillaboom|53\/100|[from] Grassy Terrain\n|-heal|p1a: Iron Bundle|82\/100|[from] Grassy Terrain\n|-fieldend|move: Trick Room\n|upkeep\n|turn|21\n|\n|t:|1697739338\n|move|p1a: Iron Bundle|Hydro Pump|p2b: Iron Hands\n|-damage|p2b: Iron Hands|67\/100\n|move|p2a: Rillaboom|Brick Break|p1a: Iron Bundle\n|-supereffective|p1a: Iron Bundle\n|-damage|p1a: Iron Bundle|19\/100\n|move|p2b: Iron Hands|Drain Punch|p1a: Iron Bundle\n|-supereffective|p1a: Iron Bundle\n|-damage|p1a: Iron Bundle|0 fnt\n|-heal|p2b: Iron Hands|71\/100|[from] drain|[of] p1a: Iron Bundle\n|faint|p1a: Iron Bundle\n|-end|p1a: Iron Bundle|Quark Drive|[silent]\n|\n|win|Willow's Winter\n|raw|Fredoo1909's rating: 1250 &rarr; <strong>1220<\/strong><br \/>(-30 for losing)\n|raw|Willow&apos;s Winter's rating: 1186 &rarr; <strong>1216<\/strong><br \/>(+30 for winning)\n|l|\u2606Fredoo1909\n","uploadtime":1697739352,"views":9,"p1id":"fredoo1909","p2id":"willowswinter","formatid":"gen9doublesou","rating":1216,"private":0,"password":""}