{"id":"gen9doublesou-1999226817","p1":"LJDARKTHUNDER","p2":"joemeow_quack","format":"[Gen 9] Doubles OU","log":"|j|\u2606LJDARKTHUNDER\n|j|\u2606joemeow_quack\n|t:|1701047874\n|gametype|doubles\n|player|p1|LJDARKTHUNDER|psychicf-gen4|1161\n|player|p2|joemeow_quack|dawn-gen4pt|1077\n|teamsize|p1|6\n|teamsize|p2|6\n|gen|9\n|tier|[Gen 9] Doubles OU\n|rated|\n|rule|Species Clause: Limit one of each Pok\u00e9mon\n|rule|OHKO Clause: OHKO moves are banned\n|rule|Evasion Moves Clause: Evasion moves are banned\n|rule|Gravity Sleep Clause: The combination of sleep-inducing moves with imperfect accuracy and Gravity or Gigantamax Orbeetle are banned\n|rule|Endless Battle Clause: Forcing endless battles is banned\n|rule|HP Percentage Mod: HP is shown in percentages\n|clearpoke\n|poke|p1|Glimmora, F|\n|poke|p1|Venomoth, M|\n|poke|p1|Toxapex, F|\n|poke|p1|Grafaiai, F|\n|poke|p1|Gengar, F|\n|poke|p1|Revavroom, M|\n|poke|p2|Snorlax, F|\n|poke|p2|Clefairy, M|\n|poke|p2|Sinistcha|\n|poke|p2|Landorus-Therian, M|\n|poke|p2|Iron Hands|\n|poke|p2|Kommo-o, M|\n|teampreview\n|inactive|Battle timer is ON: inactive players will automatically lose when time's up. (requested by LJDARKTHUNDER)\n|\n|t:|1701047903\n|start\n|switch|p1a: Glimmora|Glimmora, F|100\/100\n|switch|p1b: Bahamas|Venomoth, M, shiny|100\/100\n|switch|p2a: Kommo-o|Kommo-o, M|100\/100\n|switch|p2b: Iron Hands|Iron Hands|100\/100\n|turn|1\n|inactive|joemeow_quack has 120 seconds left.\n|\n|t:|1701047935\n|move|p1a: Glimmora|Spiky Shield|p1a: Glimmora\n|-singleturn|p1a: Glimmora|move: Protect\n|move|p2b: Iron Hands|Fake Out|p1a: Glimmora\n|-activate|p1a: Glimmora|move: Protect\n|-damage|p2b: Iron Hands|88\/100|[from] Spiky Shield|[of] p1a: Glimmora\n|move|p1b: Bahamas|Quiver Dance|p1b: Bahamas\n|-boost|p1b: Bahamas|spa|1\n|-boost|p1b: Bahamas|spd|1\n|-boost|p1b: Bahamas|spe|1\n|move|p2a: Kommo-o|Clangorous Soul|p2a: Kommo-o\n|-boost|p2a: Kommo-o|atk|1\n|-boost|p2a: Kommo-o|def|1\n|-boost|p2a: Kommo-o|spa|1\n|-boost|p2a: Kommo-o|spd|1\n|-boost|p2a: Kommo-o|spe|1\n|-damage|p2a: Kommo-o|68\/100\n|-enditem|p2a: Kommo-o|Throat Spray\n|-boost|p2a: Kommo-o|spa|1|[from] item: Throat Spray\n|\n|upkeep\n|turn|2\n|inactive|LJDARKTHUNDER has 120 seconds left.\n|\n|t:|1701047977\n|-end|p2b: Iron Hands|Quark Drive|[silent]\n|switch|p2b: Sinistcha|Sinistcha|100\/100\n|-heal|p2a: Kommo-o|93\/100|[from] ability: Hospitality|[of] p2b: Sinistcha\n|move|p1b: Bahamas|Psychic|p2a: Kommo-o\n|-supereffective|p2a: Kommo-o\n|-damage|p2a: Kommo-o|45\/100\n|move|p2a: Kommo-o|Flash Cannon|p1b: Bahamas\n|-damage|p1b: Bahamas|50\/100\n|-enditem|p1b: Bahamas|Red Card|[of] p2a: Kommo-o\n|drag|p2a: Snorlax|Snorlax, F|100\/100\n|move|p1a: Glimmora|Earth Power|p2a: Snorlax\n|-damage|p2a: Snorlax|82\/100\n|\n|upkeep\n|turn|3\n|inactive|LJDARKTHUNDER has 120 seconds left.\n|inactive|joemeow_quack has 120 seconds left.\n|\n|t:|1701048011\n|move|p1b: Bahamas|Bug Buzz|p2b: Sinistcha\n|-damage|p2b: Sinistcha|48\/100\n|move|p1a: Glimmora|Spikes|p2a: Snorlax\n|-sidestart|p2: joemeow_quack|Spikes\n|move|p2a: Snorlax|Belly Drum|p2a: Snorlax\n|-damage|p2a: Snorlax|33\/100\n|-setboost|p2a: Snorlax|atk|6|[from] move: Belly Drum\n|-enditem|p2a: Snorlax|Sitrus Berry|[eat]\n|-heal|p2a: Snorlax|58\/100|[from] item: Sitrus Berry\n|move|p2b: Sinistcha|Trick Room|p2b: Sinistcha\n|-fieldstart|move: Trick Room|[of] p2b: Sinistcha\n|\n|upkeep\n|turn|4\n|inactive|joemeow_quack has 120 seconds left.\n|\n|t:|1701048045\n|move|p1a: Glimmora|Spiky Shield|p1a: Glimmora\n|-singleturn|p1a: Glimmora|move: Protect\n|move|p2b: Sinistcha|Rage Powder|p2b: Sinistcha\n|-singleturn|p2b: Sinistcha|move: Rage Powder\n|move|p2a: Snorlax|Facade|p1b: Bahamas\n|-damage|p1b: Bahamas|0 fnt\n|faint|p1b: Bahamas\n|\n|upkeep\n|inactive|LJDARKTHUNDER has 120 seconds left.\n|\n|t:|1701048065\n|switch|p1b: Toxapex|Toxapex, F|100\/100\n|turn|5\n|\n|t:|1701048090\n|switch|p2b: Clefairy|Clefairy, M|100\/100\n|-damage|p2b: Clefairy|88\/100|[from] Spikes\n|-terastallize|p2a: Snorlax|Water\n|move|p2a: Snorlax|Protect|p2a: Snorlax\n|-singleturn|p2a: Snorlax|Protect\n|move|p1b: Toxapex|Toxic Spikes|p2a: Snorlax\n|-sidestart|p2: joemeow_quack|move: Toxic Spikes\n|move|p1a: Glimmora|Spikes|p2b: Clefairy\n|-sidestart|p2: joemeow_quack|Spikes\n|\n|upkeep\n|turn|6\n|\n|t:|1701048110\n|move|p1b: Toxapex|Baneful Bunker|p1b: Toxapex\n|-singleturn|p1b: Toxapex|move: Protect\n|move|p1a: Glimmora|Spiky Shield|p1a: Glimmora\n|-singleturn|p1a: Glimmora|move: Protect\n|move|p2a: Snorlax|High Horsepower|p1b: Toxapex\n|-activate|p1b: Toxapex|move: Protect\n|-status|p2a: Snorlax|psn\n|move|p2b: Clefairy|Heal Pulse|p2a: Snorlax\n|-heal|p2a: Snorlax|100\/100 psn\n|\n|-damage|p2a: Snorlax|88\/100 psn|[from] psn\n|upkeep\n|turn|7\n|inactive|joemeow_quack has 120 seconds left.\n|\n|t:|1701048147\n|move|p2b: Clefairy|Helping Hand|p2a: Snorlax\n|-singleturn|p2a: Snorlax|Helping Hand|[of] p2b: Clefairy\n|move|p2a: Snorlax|High Horsepower|p1b: Toxapex\n|-supereffective|p1b: Toxapex\n|-damage|p1b: Toxapex|0 fnt\n|faint|p1b: Toxapex\n|move|p1a: Glimmora|Energy Ball|p2b: Clefairy\n|-damage|p2b: Clefairy|61\/100\n|\n|-damage|p2a: Snorlax|76\/100 psn|[from] psn\n|-fieldend|move: Trick Room\n|upkeep\n|inactive|LJDARKTHUNDER has 120 seconds left.\n|\n|t:|1701048172\n|switch|p1b: Grafaiai|Grafaiai, F|100\/100\n|turn|8\n|\n|t:|1701048190\n|move|p2b: Clefairy|Follow Me|p2b: Clefairy\n|-singleturn|p2b: Clefairy|move: Follow Me\n|move|p1b: Grafaiai|Substitute|p1b: Grafaiai\n|-start|p1b: Grafaiai|Substitute\n|-damage|p1b: Grafaiai|76\/100\n|move|p1a: Glimmora|Energy Ball|p2b: Clefairy\n|-damage|p2b: Clefairy|35\/100\n|move|p2a: Snorlax|High Horsepower|p1b: Grafaiai\n|-supereffective|p1b: Grafaiai\n|-end|p1b: Grafaiai|Substitute\n|\n|-damage|p2a: Snorlax|63\/100 psn|[from] psn\n|upkeep\n|turn|9\n|\n|t:|1701048212\n|-terastallize|p1a: Glimmora|Grass\n|move|p1b: Grafaiai|Protect|p1b: Grafaiai\n|-singleturn|p1b: Grafaiai|Protect\n|move|p1a: Glimmora|Energy Ball|p2a: Snorlax\n|-supereffective|p2a: Snorlax\n|-damage|p2a: Snorlax|20\/100 psn\n|move|p2b: Clefairy|Heal Pulse|p2a: Snorlax\n|-heal|p2a: Snorlax|70\/100 psn\n|move|p2a: Snorlax|Facade|p1b: Grafaiai\n|-activate|p1b: Grafaiai|move: Protect\n|\n|-damage|p1a: Glimmora|88\/100|[from] item: Black Sludge\n|-damage|p2a: Snorlax|57\/100 psn|[from] psn\n|upkeep\n|turn|10\n|\n|t:|1701048231\n|move|p2b: Clefairy|Follow Me|p2b: Clefairy\n|-singleturn|p2b: Clefairy|move: Follow Me\n|move|p1b: Grafaiai|Substitute|p1b: Grafaiai\n|-start|p1b: Grafaiai|Substitute\n|-damage|p1b: Grafaiai|51\/100\n|move|p1a: Glimmora|Energy Ball|p2b: Clefairy\n|-damage|p2b: Clefairy|0 fnt\n|faint|p2b: Clefairy\n|move|p2a: Snorlax|High Horsepower|p1a: Glimmora|[miss]\n|-miss|p2a: Snorlax|p1a: Glimmora\n|\n|-damage|p1a: Glimmora|76\/100|[from] item: Black Sludge\n|-damage|p2a: Snorlax|45\/100 psn|[from] psn\n|upkeep\n|inactive|joemeow_quack has 120 seconds left.\n|\n|t:|1701048251\n|switch|p2b: Landorus|Landorus-Therian, M|100\/100\n|-ability|p2b: Landorus|Intimidate|boost\n|-unboost|p1a: Glimmora|atk|1\n|-immune|p1b: Grafaiai\n|turn|11\n|\n|t:|1701048276\n|move|p2a: Snorlax|Protect|p2a: Snorlax\n|-singleturn|p2a: Snorlax|Protect\n|move|p1b: Grafaiai|Switcheroo|p2b: Landorus\n|-activate|p1b: Grafaiai|move: Trick|[of] p2b: Landorus\n|-item|p2b: Landorus|Lagging Tail|[from] move: Switcheroo\n|-item|p1b: Grafaiai|Life Orb|[from] move: Switcheroo\n|move|p1a: Glimmora|Energy Ball|p2a: Snorlax\n|-activate|p2a: Snorlax|move: Protect\n|move|p2b: Landorus|U-turn|p1a: Glimmora\n|-supereffective|p1a: Glimmora\n|-damage|p1a: Glimmora|0 fnt\n|-activate|p1a: Glimmora|ability: Toxic Debris\n|-sidestart|p2: joemeow_quack|move: Toxic Spikes\n|faint|p1a: Glimmora\n|inactive|joemeow_quack has 120 seconds left.\n|\n|t:|1701048290\n|switch|p2b: Sinistcha|Sinistcha|48\/100|[from] U-turn\n|-damage|p2b: Sinistcha|32\/100|[from] Spikes\n|-status|p2b: Sinistcha|tox\n|-heal|p2a: Snorlax|70\/100 psn|[from] ability: Hospitality|[of] p2b: Sinistcha\n|\n|-damage|p2b: Sinistcha|26\/100 tox|[from] psn\n|-damage|p2a: Snorlax|58\/100 psn|[from] psn\n|upkeep\n|\n|t:|1701048305\n|switch|p1a: Revavroom|Revavroom, M|100\/100\n|turn|12\n|\n|t:|1701048320\n|move|p1b: Grafaiai|Protect|p1b: Grafaiai\n|-singleturn|p1b: Grafaiai|Protect\n|move|p2b: Sinistcha|Rage Powder|p2b: Sinistcha\n|-singleturn|p2b: Sinistcha|move: Rage Powder\n|move|p1a: Revavroom|Iron Head|p2a: Snorlax\n|-resisted|p2a: Snorlax\n|-damage|p2a: Snorlax|43\/100 psn\n|move|p2a: Snorlax|High Horsepower|p1a: Revavroom|[miss]\n|-miss|p2a: Snorlax|p1a: Revavroom\n|\n|-damage|p2b: Sinistcha|14\/100 tox|[from] psn\n|-damage|p2a: Snorlax|31\/100 psn|[from] psn\n|upkeep\n|turn|13\n|\n|t:|1701048348\n|move|p1b: Grafaiai|Switcheroo|p2b: Sinistcha\n|-activate|p1b: Grafaiai|move: Trick|[of] p2b: Sinistcha\n|-item|p2b: Sinistcha|Life Orb|[from] move: Switcheroo\n|-item|p1b: Grafaiai|Mental Herb|[from] move: Switcheroo\n|move|p1a: Revavroom|Iron Head|p2a: Snorlax\n|-resisted|p2a: Snorlax\n|-damage|p2a: Snorlax|17\/100 psn\n|move|p2b: Sinistcha|Matcha Gotcha|p1a: Revavroom|[spread] p1a,p1b\n|-resisted|p1b: Grafaiai\n|-activate|p1b: Grafaiai|move: Substitute|[damage]\n|-heal|p2b: Sinistcha|21\/100 tox|[from] drain|[of] p1b: Grafaiai\n|-resisted|p1a: Revavroom\n|-damage|p1a: Revavroom|89\/100\n|-heal|p2b: Sinistcha|27\/100 tox|[from] drain|[of] p1a: Revavroom\n|-damage|p2b: Sinistcha|17\/100 tox|[from] item: Life Orb\n|cant|p2a: Snorlax|flinch\n|\n|-damage|p2b: Sinistcha|0 fnt|[from] psn\n|faint|p2b: Sinistcha\n|-damage|p2a: Snorlax|5\/100 psn|[from] psn\n|upkeep\n|inactive|joemeow_quack has 120 seconds left.\n|\n|t:|1701048372\n|switch|p2b: Iron Hands|Iron Hands|88\/100\n|-damage|p2b: Iron Hands|71\/100|[from] Spikes\n|-status|p2b: Iron Hands|tox\n|turn|14\n|inactive|joemeow_quack has 120 seconds left.\n|\n|t:|1701048406\n|move|p1b: Grafaiai|Protect|p1b: Grafaiai\n|-singleturn|p1b: Grafaiai|Protect\n|move|p2b: Iron Hands|Fake Out|p1a: Revavroom\n|-resisted|p1a: Revavroom\n|-damage|p1a: Revavroom|79\/100\n|-damage|p2b: Iron Hands|61\/100 tox|[from] item: Life Orb\n|cant|p1a: Revavroom|flinch\n|move|p2a: Snorlax|High Horsepower|p1a: Revavroom\n|-supereffective|p1a: Revavroom\n|-damage|p1a: Revavroom|0 fnt\n|faint|p1a: Revavroom\n|\n|-damage|p2b: Iron Hands|55\/100 tox|[from] psn\n|-damage|p2a: Snorlax|0 fnt|[from] psn\n|faint|p2a: Snorlax\n|upkeep\n|inactive|joemeow_quack has 120 seconds left.\n|\n|t:|1701048425\n|switch|p1a: Gengar|Gengar, F|100\/100\n|switch|p2a: Kommo-o|Kommo-o, M|45\/100\n|-damage|p2a: Kommo-o|29\/100|[from] Spikes\n|-status|p2a: Kommo-o|tox\n|turn|15\n|inactive|LJDARKTHUNDER has 120 seconds left.\n|\n|t:|1701048457\n|move|p1b: Grafaiai|Substitute|p1b: Grafaiai\n|-fail|p1b: Grafaiai|move: Substitute\n|move|p1a: Gengar|Hex|p2a: Kommo-o\n|-damage|p2a: Kommo-o|0 fnt\n|faint|p2a: Kommo-o\n|move|p2b: Iron Hands|Heavy Slam|p1a: Gengar\n|-crit|p1a: Gengar\n|-damage|p1a: Gengar|0 fnt\n|-start|p2b: Iron Hands|Disable|Heavy Slam|[from] ability: Cursed Body|[of] p1a: Gengar\n|faint|p1a: Gengar\n|-damage|p2b: Iron Hands|45\/100 tox|[from] item: Life Orb\n|\n|-damage|p2b: Iron Hands|33\/100 tox|[from] psn\n|upkeep\n|inactive|joemeow_quack has 120 seconds left.\n|\n|t:|1701048487\n|switch|p2a: Landorus|Landorus-Therian, M|100\/100\n|-ability|p2a: Landorus|Intimidate|boost\n|-immune|p1b: Grafaiai\n|turn|16\n|inactive|joemeow_quack has 120 seconds left.\n|\n|t:|1701048515\n|move|p1b: Grafaiai|Protect|p1b: Grafaiai\n|-singleturn|p1b: Grafaiai|Protect\n|move|p2b: Iron Hands|Drain Punch|p1b: Grafaiai\n|-activate|p1b: Grafaiai|move: Protect\n|move|p2a: Landorus|Stomping Tantrum|p1b: Grafaiai\n|-activate|p1b: Grafaiai|move: Protect\n|\n|-damage|p2b: Iron Hands|14\/100 tox|[from] psn\n|upkeep\n|turn|17\n|\n|t:|1701048535\n|move|p1b: Grafaiai|Protect||[still]\n|-fail|p1b: Grafaiai\n|move|p2b: Iron Hands|Drain Punch|p1b: Grafaiai\n|-end|p1b: Grafaiai|Substitute\n|-heal|p2b: Iron Hands|17\/100 tox|[from] drain|[of] p1b: Grafaiai\n|-damage|p2b: Iron Hands|7\/100 tox|[from] item: Life Orb\n|move|p2a: Landorus|Stomping Tantrum|p1b: Grafaiai\n|-supereffective|p1b: Grafaiai\n|-damage|p1b: Grafaiai|0 fnt\n|faint|p1b: Grafaiai\n|\n|win|joemeow_quack\n|raw|LJDARKTHUNDER's rating: 1161 &rarr; <strong>1130<\/strong><br \/>(-31 for losing)\n|raw|joemeow_quack's rating: 1077 &rarr; <strong>1112<\/strong><br \/>(+35 for winning)\n|c|\u2606LJDARKTHUNDER|Gg.\n","uploadtime":1701048548,"views":8,"p1id":"ljdarkthunder","p2id":"joemeowquack","formatid":"gen9doublesou","rating":1112,"private":0,"password":""}