{"id":"gen9doublesou-1980568437","p1":"wingwingy55","p2":"VioletStargazer","format":"[Gen 9] Doubles OU","log":"|j|\u2606wingwingy55\n|j|\u2606VioletStargazer\n|t:|1698798325\n|gametype|doubles\n|player|p1|wingwingy55|preschooler|1268\n|player|p2|VioletStargazer|sabrina|1297\n|teamsize|p1|6\n|teamsize|p2|6\n|gen|9\n|tier|[Gen 9] Doubles OU\n|rated|\n|rule|Species Clause: Limit one of each Pok\u00e9mon\n|rule|OHKO Clause: OHKO moves are banned\n|rule|Evasion Moves Clause: Evasion moves are banned\n|rule|Gravity Sleep Clause: The combination of sleep-inducing moves with imperfect accuracy and Gravity or Gigantamax Orbeetle are banned\n|rule|Endless Battle Clause: Forcing endless battles is banned\n|rule|HP Percentage Mod: HP is shown in percentages\n|clearpoke\n|poke|p1|Dragapult, M|\n|poke|p1|Arcanine-Hisui, M|\n|poke|p1|Ogerpon, F|\n|poke|p1|Iron Hands|\n|poke|p1|Chien-Pao|\n|poke|p1|Gholdengo|\n|poke|p2|Roaring Moon|\n|poke|p2|Ursaluna-Bloodmoon, M|\n|poke|p2|Chien-Pao|\n|poke|p2|Clefable, M|\n|poke|p2|Heatran, F|\n|poke|p2|Gholdengo|\n|teampreview\n|\n|t:|1698798347\n|start\n|switch|p1a: Chien-Pao|Chien-Pao|100\/100\n|switch|p1b: Rock Dog|Arcanine-Hisui, M|100\/100\n|switch|p2a: Ursaluna|Ursaluna-Bloodmoon, M|100\/100\n|switch|p2b: Chien-Pao|Chien-Pao|100\/100\n|-ability|p1a: Chien-Pao|Sword of Ruin\n|-ability|p2b: Chien-Pao|Sword of Ruin\n|-ability|p1b: Rock Dog|Intimidate|boost\n|-unboost|p2a: Ursaluna|atk|1\n|-unboost|p2b: Chien-Pao|atk|1\n|turn|1\n|\n|t:|1698798375\n|-terastallize|p1b: Rock Dog|Fairy\n|move|p1a: Chien-Pao|Icicle Crash|p2a: Ursaluna\n|-supereffective|p2a: Ursaluna\n|-damage|p2a: Ursaluna|45\/100\n|move|p2b: Chien-Pao|Brick Break|p1a: Chien-Pao\n|-supereffective|p1a: Chien-Pao\n|-damage|p1a: Chien-Pao|10\/100\n|move|p1b: Rock Dog|Howl|p1b: Rock Dog|[spread] p1a,p1b\n|-boost|p1a: Chien-Pao|atk|1\n|-boost|p1b: Rock Dog|atk|1\n|move|p2a: Ursaluna|Earth Power|p1b: Rock Dog\n|-damage|p1b: Rock Dog|49\/100\n|\n|-heal|p2a: Ursaluna|51\/100|[from] item: Leftovers\n|upkeep\n|turn|2\n|\n|t:|1698798398\n|move|p2b: Chien-Pao|Sucker Punch|p1a: Chien-Pao\n|-resisted|p1a: Chien-Pao\n|-damage|p1a: Chien-Pao|0 fnt\n|faint|p1a: Chien-Pao\n|move|p1b: Rock Dog|Flare Blitz|p2b: Chien-Pao\n|-supereffective|p2b: Chien-Pao\n|-enditem|p2b: Chien-Pao|Focus Sash\n|-damage|p2b: Chien-Pao|1\/100\n|-damage|p1b: Rock Dog|20\/100|[from] Recoil\n|move|p2a: Ursaluna|Moonlight|p2a: Ursaluna\n|-heal|p2a: Ursaluna|100\/100\n|\n|upkeep\n|\n|t:|1698798407\n|switch|p1a: Tank Hands|Iron Hands|100\/100\n|turn|3\n|\n|t:|1698798428\n|move|p1a: Tank Hands|Fake Out|p2a: Ursaluna\n|-damage|p2a: Ursaluna|92\/100\n|move|p1b: Rock Dog|Extreme Speed|p2b: Chien-Pao\n|-crit|p2b: Chien-Pao\n|-damage|p2b: Chien-Pao|0 fnt\n|faint|p2b: Chien-Pao\n|cant|p2a: Ursaluna|flinch\n|\n|-heal|p2a: Ursaluna|98\/100|[from] item: Leftovers\n|upkeep\n|l|\u2606wingwingy55\n|player|p1|\n|j|\u2606wingwingy55\n|player|p1|wingwingy55|preschooler\n|inactive|Battle timer is ON: inactive players will automatically lose when time's up. (requested by wingwingy55)\n|\n|t:|1698798447\n|switch|p2b: Clefable|Clefable, M|100\/100\n|turn|4\n|\n|t:|1698798460\n|move|p1b: Rock Dog|Flare Blitz|p2a: Ursaluna\n|-damage|p2a: Ursaluna|58\/100\n|-damage|p1b: Rock Dog|4\/100|[from] Recoil\n|move|p2b: Clefable|Draining Kiss|p1a: Tank Hands\n|-supereffective|p1a: Tank Hands\n|-damage|p1a: Tank Hands|84\/100\n|move|p2a: Ursaluna|Blood Moon|p1b: Rock Dog\n|-damage|p1b: Rock Dog|0 fnt\n|faint|p1b: Rock Dog\n|move|p1a: Tank Hands|Heavy Slam|p2b: Clefable\n|-supereffective|p2b: Clefable\n|-damage|p2b: Clefable|14\/100\n|\n|-heal|p2b: Clefable|20\/100|[from] item: Leftovers\n|-heal|p2a: Ursaluna|64\/100|[from] item: Leftovers\n|upkeep\n|\n|t:|1698798469\n|switch|p1b: Ogerpon|Ogerpon, F|100\/100\n|turn|5\n|\n|t:|1698798486\n|move|p1b: Ogerpon|Ivy Cudgel|p2a: Ursaluna\n|-supereffective|p2a: Ursaluna\n|-crit|p2a: Ursaluna\n|-damage|p2a: Ursaluna|0 fnt\n|faint|p2a: Ursaluna\n|move|p2b: Clefable|Draining Kiss|p1a: Tank Hands\n|-supereffective|p1a: Tank Hands\n|-damage|p1a: Tank Hands|68\/100\n|-heal|p2b: Clefable|35\/100|[from] drain|[of] p1a: Tank Hands\n|move|p1a: Tank Hands|Heavy Slam|p2b: Clefable\n|-supereffective|p2b: Clefable\n|-damage|p2b: Clefable|0 fnt\n|faint|p2b: Clefable\n|\n|upkeep\n|inactive|VioletStargazer has 120 seconds left.\n|\n|t:|1698798519\n|switch|p2b: Gholdengo|Gholdengo|100\/100\n|switch|p2a: Roaring Moon|Roaring Moon|100\/100\n|-item|p2b: Gholdengo|Air Balloon\n|-enditem|p2a: Roaring Moon|Booster Energy\n|-activate|p2a: Roaring Moon|ability: Protosynthesis|[fromitem]\n|-start|p2a: Roaring Moon|protosynthesisatk\n|turn|6\n|inactive|VioletStargazer has 120 seconds left.\n|inactive|wingwingy55 has 120 seconds left.\n|\n|t:|1698798552\n|-terastallize|p2a: Roaring Moon|Fire\n|move|p2a: Roaring Moon|Earthquake|p1a: Tank Hands|[spread] p1a,p1b\n|-immune|p2b: Gholdengo\n|-supereffective|p1a: Tank Hands\n|-crit|p1a: Tank Hands\n|-resisted|p1b: Ogerpon\n|-damage|p1a: Tank Hands|0 fnt\n|-damage|p1b: Ogerpon|75\/100\n|faint|p1a: Tank Hands\n|-end|p1a: Tank Hands|Quark Drive|[silent]\n|move|p1b: Ogerpon|Ivy Cudgel|p2b: Gholdengo\n|-resisted|p2b: Gholdengo\n|-crit|p2b: Gholdengo\n|-damage|p2b: Gholdengo|52\/100\n|-enditem|p2b: Gholdengo|Air Balloon\n|move|p2b: Gholdengo|Dazzling Gleam|p1b: Ogerpon\n|-damage|p1b: Ogerpon|44\/100\n|\n|upkeep\n|inactive|wingwingy55 has 120 seconds left.\n|\n|t:|1698798564\n|switch|p1a: Dragapult|Dragapult, M, shiny|100\/100\n|turn|7\n|inactive|wingwingy55 has 120 seconds left.\n|inactive|wingwingy55 has 90 seconds left.\n|\n|t:|1698798617\n|switch|p1b: Gholdengo|Gholdengo|100\/100\n|move|p1a: Dragapult|Phantom Force||[still]\n|-prepare|p1a: Dragapult|Phantom Force\n|move|p2a: Roaring Moon|Knock Off|p1a: Dragapult|[miss]\n|-miss|p2a: Roaring Moon|p1a: Dragapult\n|move|p2b: Gholdengo|Shadow Ball|p1a: Dragapult|[miss]\n|-miss|p2b: Gholdengo|p1a: Dragapult\n|\n|upkeep\n|turn|8\n|\n|t:|1698798636\n|move|p2b: Gholdengo|Protect|p2b: Gholdengo\n|-singleturn|p2b: Gholdengo|Protect\n|move|p1a: Dragapult|Phantom Force|p2a: Roaring Moon|[from]lockedmove\n|-damage|p2a: Roaring Moon|32\/100\n|-damage|p1a: Dragapult|91\/100|[from] item: Life Orb\n|move|p2a: Roaring Moon|Earthquake|p1a: Dragapult|[spread] p1a,p1b\n|-activate|p2b: Gholdengo|move: Protect\n|-supereffective|p1b: Gholdengo\n|-damage|p1a: Dragapult|41\/100\n|-damage|p1b: Gholdengo|33\/100\n|move|p1b: Gholdengo|Shadow Ball|p2b: Gholdengo\n|-activate|p2b: Gholdengo|move: Protect\n|\n|-heal|p1b: Gholdengo|39\/100|[from] item: Leftovers\n|upkeep\n|turn|9\n|inactive|wingwingy55 has 120 seconds left.\n|\n|t:|1698798667\n|move|p1a: Dragapult|Dragon Darts|p2a: Roaring Moon\n|-damage|p2a: Roaring Moon|0 fnt\n|-anim|p1a: Dragapult|Dragon Darts|p2b: Gholdengo\n|-resisted|p2b: Gholdengo\n|-damage|p2b: Gholdengo|36\/100\n|faint|p2a: Roaring Moon\n|-end|p2a: Roaring Moon|Protosynthesis|[silent]\n|-damage|p1a: Dragapult|31\/100|[from] item: Life Orb\n|move|p2b: Gholdengo|Shadow Ball|p1a: Dragapult\n|-supereffective|p1a: Dragapult\n|-damage|p1a: Dragapult|0 fnt\n|faint|p1a: Dragapult\n|move|p1b: Gholdengo|Shadow Ball|p2b: Gholdengo\n|-supereffective|p2b: Gholdengo\n|-damage|p2b: Gholdengo|0 fnt\n|faint|p2b: Gholdengo\n|\n|-heal|p1b: Gholdengo|45\/100|[from] item: Leftovers\n|upkeep\n|\n|t:|1698798686\n|switch|p1a: Ogerpon|Ogerpon, F|44\/100\n|switch|p2a: Heatran|Heatran, F|100\/100\n|turn|10\n|\n|t:|1698798700\n|move|p1a: Ogerpon|Stomping Tantrum|p2a: Heatran\n|-supereffective|p2a: Heatran\n|-damage|p2a: Heatran|14\/100\n|move|p1b: Gholdengo|Shadow Ball|p2a: Heatran\n|-damage|p2a: Heatran|0 fnt\n|faint|p2a: Heatran\n|\n|win|wingwingy55\n|raw|wingwingy55's rating: 1268 &rarr; <strong>1295<\/strong><br \/>(+27 for winning)\n|raw|VioletStargazer's rating: 1297 &rarr; <strong>1270<\/strong><br \/>(-27 for losing)\n","uploadtime":1698798710,"views":27,"p1id":"wingwingy55","p2id":"violetstargazer","formatid":"gen9doublesou","rating":1270,"private":0,"password":""}