{"id":"gen9doublesou-1977707128","p1":"mikeyuwu","p2":"aebrs","format":"[Gen 9] Doubles OU","log":"|j|\u2606mikeyuwu\n|j|\u2606aebrs\n|t:|1698440668\n|gametype|doubles\n|player|p1|mikeyuwu|psychic-gen4|1220\n|player|p2|aebrs|wallace|1196\n|teamsize|p1|6\n|teamsize|p2|6\n|gen|9\n|tier|[Gen 9] Doubles OU\n|rated|\n|rule|Species Clause: Limit one of each Pok\u00e9mon\n|rule|OHKO Clause: OHKO moves are banned\n|rule|Evasion Moves Clause: Evasion moves are banned\n|rule|Gravity Sleep Clause: The combination of sleep-inducing moves with imperfect accuracy and Gravity or Gigantamax Orbeetle are banned\n|rule|Endless Battle Clause: Forcing endless battles is banned\n|rule|HP Percentage Mod: HP is shown in percentages\n|clearpoke\n|poke|p1|Garchomp, M|\n|poke|p1|Tyranitar, F|\n|poke|p1|Vaporeon, F|\n|poke|p1|Toxicroak, M|\n|poke|p1|Pelipper, F|\n|poke|p1|Abomasnow, M|\n|poke|p2|Oricorio, M|\n|poke|p2|Flamigo, F|\n|poke|p2|Torkoal, M|\n|poke|p2|Flutter Mane|\n|poke|p2|Walking Wake|\n|poke|p2|Volcarona, F|\n|teampreview\n|\n|t:|1698440680\n|start\n|switch|p1a: OTLHPM|Toxicroak, M|100\/100\n|switch|p1b: Harmacy|Vaporeon, F|100\/100\n|switch|p2a: Torkoal|Torkoal, M|100\/100\n|switch|p2b: Walking Wake|Walking Wake|100\/100\n|-weather|SunnyDay|[from] ability: Drought|[of] p2a: Torkoal\n|-activate|p2b: Walking Wake|ability: Protosynthesis\n|-start|p2b: Walking Wake|protosynthesisspa\n|turn|1\n|\n|t:|1698440701\n|switch|p1a: Weather War|Pelipper, F|100\/100\n|-weather|RainDance|[from] ability: Drizzle|[of] p1a: Weather War\n|-end|p2b: Walking Wake|Protosynthesis\n|move|p2b: Walking Wake|Hydro Steam|p1a: Weather War\n|-resisted|p1a: Weather War\n|-damage|p1a: Weather War|33\/100\n|move|p1b: Harmacy|Icy Wind|p2a: Torkoal|[spread] p2a,p2b\n|-resisted|p2a: Torkoal\n|-crit|p2a: Torkoal\n|-damage|p2a: Torkoal|94\/100\n|-damage|p2b: Walking Wake|89\/100\n|-unboost|p2a: Torkoal|spe|1\n|-unboost|p2b: Walking Wake|spe|1\n|move|p2a: Torkoal|Stealth Rock|p1a: Weather War\n|-sidestart|p1: mikeyuwu|move: Stealth Rock\n|\n|-weather|RainDance|[upkeep]\n|upkeep\n|turn|2\n|\n|t:|1698440720\n|switch|p1a: OTLHPM|Toxicroak, M|100\/100\n|-damage|p1a: OTLHPM|94\/100|[from] Stealth Rock\n|switch|p2a: Volcarona|Volcarona, F|100\/100\n|move|p2b: Walking Wake|Hydro Steam|p1a: OTLHPM\n|-heal|p1a: OTLHPM|100\/100|[from] ability: Dry Skin|[of] p2b: Walking Wake\n|move|p1b: Harmacy|Copycat|p1b: Harmacy\n|move|p1b: Harmacy|Hydro Steam|p2b: Walking Wake|[from]move: Copycat\n|-resisted|p2b: Walking Wake\n|-damage|p2b: Walking Wake|76\/100\n|\n|-weather|RainDance|[upkeep]\n|upkeep\n|turn|3\n|\n|t:|1698440751\n|-end|p2b: Walking Wake|Protosynthesis|[silent]\n|switch|p2b: Torkoal|Torkoal, M|94\/100\n|-weather|SunnyDay|[from] ability: Drought|[of] p2b: Torkoal\n|switch|p1a: ThcrThnSnkr|Tyranitar, F|100\/100\n|-damage|p1a: ThcrThnSnkr|88\/100|[from] Stealth Rock\n|-weather|Sandstorm|[from] ability: Sand Stream|[of] p1a: ThcrThnSnkr\n|move|p2a: Volcarona|Giga Drain|p1b: Harmacy\n|-supereffective|p1b: Harmacy\n|-damage|p1b: Harmacy|56\/100\n|move|p1b: Harmacy|Weather Ball|p2a: Volcarona\n|-supereffective|p2a: Volcarona\n|-enditem|p2a: Volcarona|Focus Sash\n|-damage|p2a: Volcarona|1\/100\n|\n|-weather|Sandstorm|[upkeep]\n|-damage|p2a: Volcarona|0 fnt|[from] Sandstorm\n|-damage|p1b: Harmacy|50\/100|[from] Sandstorm\n|-damage|p2b: Torkoal|88\/100|[from] Sandstorm\n|faint|p2a: Volcarona\n|-heal|p1b: Harmacy|56\/100|[from] item: Leftovers\n|upkeep\n|\n|t:|1698440779\n|switch|p2a: Flamigo|Flamigo, F|100\/100\n|-copyboost|p2a: Flamigo|p2b: Torkoal|[from] ability: Costar\n|turn|4\n|\n|t:|1698440786\n|switch|p1a: Extra Spicy|Garchomp, M|100\/100\n|-damage|p1a: Extra Spicy|94\/100|[from] Stealth Rock\n|switch|p2b: Walking Wake|Walking Wake|76\/100\n|move|p2a: Flamigo|Close Combat|p1a: Extra Spicy\n|-damage|p1a: Extra Spicy|58\/100\n|-unboost|p2a: Flamigo|def|1\n|-unboost|p2a: Flamigo|spd|1\n|-damage|p2a: Flamigo|88\/100|[from] ability: Rough Skin|[of] p1a: Extra Spicy\n|-damage|p2a: Flamigo|72\/100|[from] item: Rocky Helmet|[of] p1a: Extra Spicy\n|move|p1b: Harmacy|Wish|p1b: Harmacy\n|\n|-weather|Sandstorm|[upkeep]\n|-damage|p2b: Walking Wake|70\/100|[from] Sandstorm\n|-damage|p2a: Flamigo|65\/100|[from] Sandstorm\n|-damage|p1b: Harmacy|50\/100|[from] Sandstorm\n|-heal|p1b: Harmacy|56\/100|[from] item: Leftovers\n|upkeep\n|turn|5\n|\n|t:|1698440827\n|switch|p2a: Torkoal|Torkoal, M|88\/100\n|-weather|SunnyDay|[from] ability: Drought|[of] p2a: Torkoal\n|-activate|p2b: Walking Wake|ability: Protosynthesis\n|-start|p2b: Walking Wake|protosynthesisspa\n|switch|p1a: ThcrThnSnkr|Tyranitar, F|88\/100\n|-damage|p1a: ThcrThnSnkr|76\/100|[from] Stealth Rock\n|-weather|Sandstorm|[from] ability: Sand Stream|[of] p1a: ThcrThnSnkr\n|-end|p2b: Walking Wake|Protosynthesis\n|move|p2b: Walking Wake|Hydro Steam|p1a: ThcrThnSnkr\n|-supereffective|p1a: ThcrThnSnkr\n|-damage|p1a: ThcrThnSnkr|41\/100\n|move|p1b: Harmacy|Icy Wind|p2a: Torkoal|[spread] p2b\n|-miss|p1b: Harmacy|p2a: Torkoal\n|-damage|p2b: Walking Wake|58\/100\n|-unboost|p2b: Walking Wake|spe|1\n|\n|-weather|Sandstorm|[upkeep]\n|-damage|p2b: Walking Wake|52\/100|[from] Sandstorm\n|-damage|p1b: Harmacy|50\/100|[from] Sandstorm\n|-damage|p2a: Torkoal|82\/100|[from] Sandstorm\n|-heal|p1b: Harmacy|99\/100|[from] move: Wish|[wisher] Harmacy\n|-heal|p1b: Harmacy|100\/100|[from] item: Leftovers\n|upkeep\n|turn|6\n|\n|t:|1698440858\n|-end|p2b: Walking Wake|Protosynthesis|[silent]\n|switch|p2b: Flutter Mane|Flutter Mane|100\/100\n|switch|p1a: Weather War|Pelipper, F|33\/100\n|-weather|RainDance|[from] ability: Drizzle|[of] p1a: Weather War\n|move|p1b: Harmacy|Weather Ball|p2a: Torkoal\n|-supereffective|p2a: Torkoal\n|-damage|p2a: Torkoal|0 fnt\n|faint|p2a: Torkoal\n|\n|-weather|RainDance|[upkeep]\n|upkeep\n|\n|t:|1698440873\n|switch|p2a: Flamigo|Flamigo, F|65\/100\n|-copyboost|p2a: Flamigo|p2b: Flutter Mane|[from] ability: Costar\n|turn|7\n|\n|t:|1698440882\n|switch|p1a: OTLHPM|Toxicroak, M|100\/100\n|-damage|p1a: OTLHPM|94\/100|[from] Stealth Rock\n|move|p2b: Flutter Mane|Power Gem|p1a: OTLHPM\n|-resisted|p1a: OTLHPM\n|-damage|p1a: OTLHPM|76\/100\n|move|p2a: Flamigo|Swords Dance|p2a: Flamigo\n|-boost|p2a: Flamigo|atk|2\n|move|p1b: Harmacy|Weather Ball|p2b: Flutter Mane\n|-damage|p2b: Flutter Mane|58\/100\n|\n|-weather|RainDance|[upkeep]\n|-heal|p1a: OTLHPM|89\/100|[from] ability: Dry Skin\n|-heal|p1a: OTLHPM|95\/100|[from] item: Black Sludge\n|upkeep\n|turn|8\n|\n|t:|1698440906\n|-end|p2b: Flutter Mane|Protosynthesis|[silent]\n|switch|p2b: Oricorio|Oricorio, M|100\/100\n|move|p2a: Flamigo|Acrobatics|p1a: OTLHPM\n|-supereffective|p1a: OTLHPM\n|-damage|p1a: OTLHPM|0 fnt\n|faint|p1a: OTLHPM\n|move|p1b: Harmacy|Weather Ball|p2a: Flamigo\n|-damage|p2a: Flamigo|0 fnt\n|faint|p2a: Flamigo\n|\n|-weather|RainDance|[upkeep]\n|upkeep\n|\n|t:|1698440918\n|switch|p2a: Walking Wake|Walking Wake|52\/100\n|switch|p1a: Extra Spicy|Garchomp, M|58\/100\n|-damage|p1a: Extra Spicy|52\/100|[from] Stealth Rock\n|turn|9\n|\n|t:|1698440931\n|move|p2a: Walking Wake|Hydro Steam|p1a: Extra Spicy\n|-damage|p1a: Extra Spicy|0 fnt\n|faint|p1a: Extra Spicy\n|move|p2b: Oricorio|Icy Wind|p1b: Harmacy\n|-resisted|p1b: Harmacy\n|-damage|p1b: Harmacy|94\/100\n|-unboost|p1b: Harmacy|spe|1\n|move|p1b: Harmacy|Copycat|p1b: Harmacy\n|move|p1b: Harmacy|Icy Wind|p2b: Oricorio|[from]move: Copycat|[spread] p2a,p2b\n|-damage|p2a: Walking Wake|40\/100\n|-damage|p2b: Oricorio|84\/100\n|-unboost|p2a: Walking Wake|spe|1\n|-unboost|p2b: Oricorio|spe|1\n|\n|-weather|RainDance|[upkeep]\n|-heal|p1b: Harmacy|99\/100|[from] item: Leftovers\n|upkeep\n|\n|t:|1698440939\n|switch|p1a: Cold Shoulder|Abomasnow, M, shiny|100\/100\n|-damage|p1a: Cold Shoulder|76\/100|[from] Stealth Rock\n|-weather|Snow|[from] ability: Snow Warning|[of] p1a: Cold Shoulder\n|turn|10\n|\n|t:|1698440964\n|-terastallize|p1a: Cold Shoulder|Water\n|move|p2a: Walking Wake|Hydro Steam|p1a: Cold Shoulder\n|-resisted|p1a: Cold Shoulder\n|-damage|p1a: Cold Shoulder|42\/100\n|move|p2b: Oricorio|Revelation Dance|p1a: Cold Shoulder\n|-resisted|p1a: Cold Shoulder\n|-damage|p1a: Cold Shoulder|20\/100\n|move|p1a: Cold Shoulder|Leech Seed|p2b: Oricorio\n|-start|p2b: Oricorio|move: Leech Seed\n|move|p1b: Harmacy|Wish|p1b: Harmacy\n|\n|-weather|Snow|[upkeep]\n|-heal|p1b: Harmacy|100\/100|[from] item: Leftovers\n|-damage|p2b: Oricorio|71\/100|[from] Leech Seed|[of] p1a: Cold Shoulder\n|-heal|p1a: Cold Shoulder|30\/100|[silent]\n|upkeep\n|turn|11\n|\n|t:|1698440986\n|switch|p1b: ThcrThnSnkr|Tyranitar, F|41\/100\n|-damage|p1b: ThcrThnSnkr|28\/100|[from] Stealth Rock\n|-weather|Sandstorm|[from] ability: Sand Stream|[of] p1b: ThcrThnSnkr\n|move|p2a: Walking Wake|Hydro Steam|p1a: Cold Shoulder\n|-resisted|p1a: Cold Shoulder\n|-damage|p1a: Cold Shoulder|0 fnt\n|faint|p1a: Cold Shoulder\n|move|p2b: Oricorio|Quiver Dance|p2b: Oricorio\n|-boost|p2b: Oricorio|spa|1\n|-boost|p2b: Oricorio|spd|1\n|-boost|p2b: Oricorio|spe|1\n|\n|-weather|Sandstorm|[upkeep]\n|-damage|p2b: Oricorio|65\/100|[from] Sandstorm\n|-damage|p2a: Walking Wake|34\/100|[from] Sandstorm\n|-heal|p1b: ThcrThnSnkr|92\/100|[from] move: Wish|[wisher] Harmacy\n|upkeep\n|\n|t:|1698440998\n|switch|p1a: Harmacy|Vaporeon, F|100\/100\n|-damage|p1a: Harmacy|88\/100|[from] Stealth Rock\n|turn|12\n|\n|t:|1698441010\n|move|p2b: Oricorio|Air Slash|p1a: Harmacy\n|-damage|p1a: Harmacy|50\/100\n|move|p2a: Walking Wake|Hydro Steam|p1b: ThcrThnSnkr\n|-supereffective|p1b: ThcrThnSnkr\n|-damage|p1b: ThcrThnSnkr|54\/100\n|move|p1b: ThcrThnSnkr|Rock Slide|p2b: Oricorio|[spread] p2b\n|-miss|p1b: ThcrThnSnkr|p2a: Walking Wake\n|-supereffective|p2b: Oricorio\n|-damage|p2b: Oricorio|0 fnt\n|faint|p2b: Oricorio\n|move|p1a: Harmacy|Weather Ball|p2a: Walking Wake\n|-damage|p2a: Walking Wake|2\/100\n|\n|-weather|Sandstorm|[upkeep]\n|-damage|p2a: Walking Wake|0 fnt|[from] Sandstorm\n|-damage|p1a: Harmacy|44\/100|[from] Sandstorm\n|faint|p2a: Walking Wake\n|-end|p2a: Walking Wake|Protosynthesis|[silent]\n|-heal|p1a: Harmacy|50\/100|[from] item: Leftovers\n|upkeep\n|c|\u2606mikeyuwu|Gg\n|\n|t:|1698441028\n|switch|p2a: Flutter Mane|Flutter Mane|58\/100\n|turn|13\n|\n|t:|1698441035\n|move|p2a: Flutter Mane|Energy Ball|p1a: Harmacy\n|-supereffective|p1a: Harmacy\n|-crit|p1a: Harmacy\n|-damage|p1a: Harmacy|0 fnt\n|faint|p1a: Harmacy\n|move|p1b: ThcrThnSnkr|Heavy Slam|p2a: Flutter Mane\n|-supereffective|p2a: Flutter Mane\n|-crit|p2a: Flutter Mane\n|-damage|p2a: Flutter Mane|0 fnt\n|faint|p2a: Flutter Mane\n|-end|p2a: Flutter Mane|Protosynthesis|[silent]\n|\n|win|mikeyuwu\n|raw|mikeyuwu's rating: 1220 &rarr; <strong>1243<\/strong><br \/>(+23 for winning)\n|raw|aebrs's rating: 1196 &rarr; <strong>1173<\/strong><br \/>(-23 for losing)\n|c|\u2606aebrs|gg\n|l|\u2606aebrs\n","uploadtime":1698441062,"views":11,"p1id":"mikeyuwu","p2id":"aebrs","formatid":"gen9doublesou","rating":1173,"private":0,"password":""}