{"id":"gen9doublesou-1999577668","p1":"Theblazekiller","p2":"Emmi D","format":"[Gen 9] Doubles OU","log":"|j|\u2606Theblazekiller\n|j|\u2606Emmi D\n|t:|1701097913\n|gametype|doubles\n|player|p1|Theblazekiller|lucas|1100\n|player|p2|Emmi D|102|1046\n|teamsize|p1|6\n|teamsize|p2|6\n|gen|9\n|tier|[Gen 9] Doubles OU\n|rated|\n|rule|Species Clause: Limit one of each Pok\u00e9mon\n|rule|OHKO Clause: OHKO moves are banned\n|rule|Evasion Moves Clause: Evasion moves are banned\n|rule|Gravity Sleep Clause: The combination of sleep-inducing moves with imperfect accuracy and Gravity or Gigantamax Orbeetle are banned\n|rule|Endless Battle Clause: Forcing endless battles is banned\n|rule|HP Percentage Mod: HP is shown in percentages\n|clearpoke\n|poke|p1|Florges, F|\n|poke|p1|Sinistcha-Masterpiece|\n|poke|p1|Iron Hands|\n|poke|p1|Kommo-o, M|\n|poke|p1|Arcanine, M|\n|poke|p1|Farigiraf, F|\n|poke|p2|Bellibolt, F|\n|poke|p2|Toedscruel, M|\n|poke|p2|Charjabug, M|\n|poke|p2|Regieleki|\n|poke|p2|Cyclizar, F|\n|poke|p2|Heatran, M|\n|teampreview\n|\n|t:|1701097928\n|start\n|switch|p1a: Florges|Florges, F|100\/100\n|switch|p1b: Kommo-o|Kommo-o, M|100\/100\n|switch|p2a: Heatran|Heatran, M|100\/100\n|switch|p2b: Regieleki|Regieleki|100\/100\n|turn|1\n|\n|t:|1701097969\n|move|p2b: Regieleki|Reflect|p2b: Regieleki\n|-sidestart|p2: Emmi D|Reflect\n|move|p1b: Kommo-o|Clangorous Soul|p1b: Kommo-o\n|-boost|p1b: Kommo-o|atk|1\n|-boost|p1b: Kommo-o|def|1\n|-boost|p1b: Kommo-o|spa|1\n|-boost|p1b: Kommo-o|spd|1\n|-boost|p1b: Kommo-o|spe|1\n|-damage|p1b: Kommo-o|68\/100\n|-enditem|p1b: Kommo-o|Throat Spray\n|-boost|p1b: Kommo-o|spa|1|[from] item: Throat Spray\n|-activate|p1a: Florges|ability: Symbiosis|Assault Vest|[of] p1b: Kommo-o\n|move|p1a: Florges|Pollen Puff|p1b: Kommo-o\n|-heal|p1b: Kommo-o|100\/100\n|move|p2a: Heatran|Flash Cannon|p1a: Florges\n|-supereffective|p1a: Florges\n|-damage|p1a: Florges|50\/100\n|\n|upkeep\n|turn|2\n|\n|t:|1701097991\n|switch|p1a: Arcanine|Arcanine, M|100\/100\n|-ability|p1a: Arcanine|Intimidate|boost\n|-unboost|p2a: Heatran|atk|1\n|-unboost|p2b: Regieleki|atk|1\n|move|p2b: Regieleki|Light Screen|p2b: Regieleki\n|-sidestart|p2: Emmi D|move: Light Screen\n|move|p1b: Kommo-o|Aura Sphere|p2a: Heatran\n|-supereffective|p2a: Heatran\n|-damage|p2a: Heatran|46\/100\n|move|p2a: Heatran|Flash Cannon|p1a: Arcanine\n|-resisted|p1a: Arcanine\n|-damage|p1a: Arcanine|83\/100\n|\n|upkeep\n|turn|3\n|\n|t:|1701098028\n|move|p2b: Regieleki|Volt Switch|p1a: Arcanine\n|-damage|p1a: Arcanine|51\/100\n|\n|t:|1701098041\n|switch|p2b: Cyclizar|Cyclizar, F|100\/100|[from] Volt Switch\n|move|p1b: Kommo-o|Aura Sphere|p2a: Heatran\n|-supereffective|p2a: Heatran\n|-damage|p2a: Heatran|0 fnt\n|faint|p2a: Heatran\n|move|p1a: Arcanine|Psychic Fangs|p2b: Cyclizar\n|-sideend|p2: Emmi D|Reflect\n|-sideend|p2: Emmi D|move: Light Screen\n|-damage|p2b: Cyclizar|70\/100\n|\n|upkeep\n|\n|t:|1701098055\n|switch|p2a: Charjabug|Charjabug, M|100\/100\n|turn|4\n|\n|t:|1701098062\n|move|p2a: Charjabug|Protect|p2a: Charjabug\n|-singleturn|p2a: Charjabug|Protect\n|move|p2b: Cyclizar|Draco Meteor|p1b: Kommo-o\n|-supereffective|p1b: Kommo-o\n|-damage|p1b: Kommo-o|52\/100\n|-unboost|p2b: Cyclizar|spa|2\n|move|p1b: Kommo-o|Clanging Scales|p2b: Cyclizar|[spread] p2b\n|-activate|p2a: Charjabug|move: Protect\n|-supereffective|p2b: Cyclizar\n|-damage|p2b: Cyclizar|0 fnt\n|faint|p2b: Cyclizar\n|-unboost|p1b: Kommo-o|def|1\n|move|p1a: Arcanine|Snarl|p2a: Charjabug\n|-activate|p2a: Charjabug|move: Protect\n|\n|upkeep\n|\n|t:|1701098078\n|switch|p2b: Toedscruel|Toedscruel, M|100\/100\n|turn|5\n|\n|t:|1701098097\n|switch|p1a: Sinistcha|Sinistcha-Masterpiece|100\/100\n|-heal|p1b: Kommo-o|77\/100|[from] ability: Hospitality|[of] p1a: Sinistcha\n|move|p1b: Kommo-o|Clanging Scales|p2a: Charjabug|[spread] p2a,p2b\n|-damage|p2a: Charjabug|43\/100\n|-damage|p2b: Toedscruel|35\/100\n|-unboost|p1b: Kommo-o|def|1\n|move|p2b: Toedscruel|Leaf Storm|p1a: Sinistcha\n|-resisted|p1a: Sinistcha\n|-damage|p1a: Sinistcha|65\/100\n|-unboost|p2b: Toedscruel|spa|2\n|move|p2a: Charjabug|Light Screen|p2a: Charjabug\n|-sidestart|p2: Emmi D|move: Light Screen\n|\n|-heal|p1a: Sinistcha|71\/100|[from] item: Leftovers\n|upkeep\n|turn|6\n|\n|t:|1701098118\n|switch|p2b: This Bbolt|Bellibolt, F|100\/100\n|move|p2a: Charjabug|Protect|p2a: Charjabug\n|-singleturn|p2a: Charjabug|Protect\n|move|p1b: Kommo-o|Clanging Scales|p2a: Charjabug|[spread] p2b\n|-activate|p2a: Charjabug|move: Protect\n|-damage|p2b: This Bbolt|79\/100\n|-start|p2b: This Bbolt|Charge|Clanging Scales|[from] ability: Electromorphosis\n|-unboost|p1b: Kommo-o|def|1\n|move|p1a: Sinistcha|Shadow Ball|p2a: Charjabug\n|-activate|p2a: Charjabug|move: Protect\n|\n|-heal|p1a: Sinistcha|77\/100|[from] item: Leftovers\n|upkeep\n|turn|7\n|\n|t:|1701098142\n|switch|p1a: Florges|Florges, F|50\/100\n|move|p1b: Kommo-o|Clanging Scales|p2a: Charjabug|[spread] p2a,p2b\n|-damage|p2a: Charjabug|6\/100\n|-damage|p2b: This Bbolt|58\/100\n|-start|p2b: This Bbolt|Charge|Clanging Scales|[from] ability: Electromorphosis\n|-unboost|p1b: Kommo-o|def|1\n|move|p2b: This Bbolt|Discharge|p1b: Kommo-o|[spread] p2a,p1a,p1b\n|-resisted|p2a: Charjabug\n|-resisted|p1b: Kommo-o\n|-damage|p2a: Charjabug|0 fnt\n|-damage|p1a: Florges|17\/100\n|-damage|p1b: Kommo-o|63\/100\n|faint|p2a: Charjabug\n|-end|p2b: This Bbolt|Charge|[silent]\n|\n|upkeep\n|\n|t:|1701098155\n|switch|p2a: Regieleki|Regieleki|100\/100\n|turn|8\n|\n|t:|1701098176\n|move|p1a: Florges|Helping Hand|p1b: Kommo-o\n|-singleturn|p1b: Kommo-o|Helping Hand|[of] p1a: Florges\n|move|p2a: Regieleki|Reflect|p2a: Regieleki\n|-sidestart|p2: Emmi D|Reflect\n|move|p1b: Kommo-o|Clanging Scales|p2a: Regieleki|[spread] p2a,p2b\n|-damage|p2a: Regieleki|0 fnt\n|-damage|p2b: This Bbolt|25\/100\n|-start|p2b: This Bbolt|Charge|Clanging Scales|[from] ability: Electromorphosis\n|faint|p2a: Regieleki\n|-unboost|p1b: Kommo-o|def|1\n|move|p2b: This Bbolt|Hyper Voice|p1a: Florges|[spread] p1a,p1b\n|-damage|p1a: Florges|7\/100\n|-damage|p1b: Kommo-o|55\/100\n|\n|upkeep\n|c|\u2606Theblazekiller|good job kommo you already did a lot\n|\n|t:|1701098188\n|switch|p2a: Toedscruel|Toedscruel, M|35\/100\n|turn|9\n|\n|t:|1701098196\n|move|p1a: Florges|Helping Hand|p1b: Kommo-o\n|-singleturn|p1b: Kommo-o|Helping Hand|[of] p1a: Florges\n|move|p1b: Kommo-o|Clanging Scales|p2a: Toedscruel|[spread] p2a,p2b\n|-damage|p2a: Toedscruel|0 fnt\n|-damage|p2b: This Bbolt|0 fnt\n|faint|p2a: Toedscruel\n|faint|p2b: This Bbolt\n|\n|win|Theblazekiller\n|raw|Theblazekiller's rating: 1100 &rarr; <strong>1121<\/strong><br \/>(+21 for winning)\n|raw|Emmi D's rating: 1046 &rarr; <strong>1032<\/strong><br \/>(-14 for losing)\n|l|\u2606Emmi D\n","uploadtime":1701098208,"views":9,"p1id":"theblazekiller","p2id":"emmid","formatid":"gen9doublesou","rating":1032,"private":0,"password":""}