{"id":"gen9doublesou-1972614681","p1":"Thehombre","p2":"AmSlowGoEasy","format":"[Gen 9] Doubles OU","log":"|j|\u2606Thehombre\n|j|\u2606AmSlowGoEasy\n|t:|1697864680\n|gametype|doubles\n|player|p1|Thehombre|266|1076\n|player|p2|AmSlowGoEasy|170|1031\n|teamsize|p1|6\n|teamsize|p2|6\n|gen|9\n|tier|[Gen 9] Doubles OU\n|rated|\n|rule|Species Clause: Limit one of each Pok\u00e9mon\n|rule|OHKO Clause: OHKO moves are banned\n|rule|Evasion Moves Clause: Evasion moves are banned\n|rule|Gravity Sleep Clause: The combination of sleep-inducing moves with imperfect accuracy and Gravity or Gigantamax Orbeetle are banned\n|rule|Endless Battle Clause: Forcing endless battles is banned\n|rule|HP Percentage Mod: HP is shown in percentages\n|clearpoke\n|poke|p1|Fezandipiti, M|\n|poke|p1|Overqwil, F|\n|poke|p1|Munkidori, M|\n|poke|p1|Landorus, M|\n|poke|p1|Corviknight, F|\n|poke|p1|Muk-Alola, F|\n|poke|p2|Cetitan, F|\n|poke|p2|Abomasnow, M|\n|poke|p2|Chandelure, F|\n|poke|p2|Cresselia, F|\n|poke|p2|Scovillain, M|\n|poke|p2|Amoonguss, M|\n|teampreview\n|inactive|Battle timer is ON: inactive players will automatically lose when time's up. (requested by Thehombre)\n|\n|t:|1697864686\n|start\n|switch|p1a: Fezandipiti|Fezandipiti, M|100\/100\n|switch|p1b: Landorus|Landorus, M|100\/100\n|switch|p2a: Heetran|Cetitan, F, shiny|100\/100\n|switch|p2b: sunnyday|Abomasnow, M, shiny|100\/100\n|-weather|Snow|[from] ability: Snow Warning|[of] p2b: sunnyday\n|turn|1\n|\n|t:|1697864705\n|move|p2a: Heetran|Heavy Slam|p1a: Fezandipiti\n|-supereffective|p1a: Fezandipiti\n|-damage|p1a: Fezandipiti|17\/100\n|move|p1b: Landorus|Calm Mind|p1b: Landorus\n|-boost|p1b: Landorus|spa|1\n|-boost|p1b: Landorus|spd|1\n|move|p1a: Fezandipiti|Icy Wind|p2a: Heetran|[spread] p2a,p2b\n|-resisted|p2a: Heetran\n|-damage|p2a: Heetran|97\/100\n|-damage|p2b: sunnyday|90\/100\n|-unboost|p2a: Heetran|spe|1\n|-unboost|p2b: sunnyday|spe|1\n|-status|p2a: Heetran|tox|[from] ability: Toxic Chain|[of] p1a: Fezandipiti\n|move|p2b: sunnyday|Aurora Veil|p2b: sunnyday\n|-sidestart|p2: AmSlowGoEasy|move: Aurora Veil\n|\n|-weather|Snow|[upkeep]\n|-heal|p1a: Fezandipiti|23\/100|[from] item: Leftovers\n|-heal|p2a: Heetran|100\/100 tox|[from] item: Leftovers\n|-damage|p2a: Heetran|94\/100 tox|[from] psn\n|upkeep\n|turn|2\n|\n|t:|1697864727\n|move|p1b: Landorus|Sandsear Storm|p2b: sunnyday|[spread] p2a\n|-miss|p1b: Landorus|p2b: sunnyday\n|-damage|p2a: Heetran|54\/100 tox\n|move|p1a: Fezandipiti|Heat Wave|p2a: Heetran|[spread] p2a,p2b\n|-supereffective|p2a: Heetran\n|-supereffective|p2b: sunnyday\n|-damage|p2a: Heetran|35\/100 tox\n|-damage|p2b: sunnyday|43\/100\n|-status|p2b: sunnyday|brn\n|move|p2a: Heetran|Heavy Slam|p1a: Fezandipiti\n|-supereffective|p1a: Fezandipiti\n|-damage|p1a: Fezandipiti|0 fnt\n|faint|p1a: Fezandipiti\n|move|p2b: sunnyday|Chilling Water|p1b: Landorus\n|-supereffective|p1b: Landorus\n|-damage|p1b: Landorus|77\/100\n|-unboost|p1b: Landorus|atk|1\n|\n|-weather|Snow|[upkeep]\n|-heal|p1b: Landorus|83\/100|[from] item: Leftovers\n|-heal|p2a: Heetran|41\/100 tox|[from] item: Leftovers\n|-damage|p2a: Heetran|29\/100 tox|[from] psn\n|-damage|p2b: sunnyday|37\/100 brn|[from] brn\n|upkeep\n|\n|t:|1697864744\n|switch|p1a: Munkidori|Munkidori, M|100\/100\n|turn|3\n|\n|t:|1697864760\n|move|p1a: Munkidori|Nasty Plot|p1a: Munkidori\n|-boost|p1a: Munkidori|spa|2\n|move|p1b: Landorus|Sludge Bomb|p2b: sunnyday\n|-supereffective|p2b: sunnyday\n|-damage|p2b: sunnyday|0 fnt\n|faint|p2b: sunnyday\n|move|p2a: Heetran|Heavy Slam|p1b: Landorus\n|-damage|p1b: Landorus|44\/100\n|\n|-weather|Snow|[upkeep]\n|-heal|p1b: Landorus|50\/100|[from] item: Leftovers\n|-heal|p2a: Heetran|35\/100 tox|[from] item: Leftovers\n|-damage|p2a: Heetran|16\/100 tox|[from] psn\n|upkeep\n|\n|t:|1697864775\n|switch|p2b: TeraElectrica|Cresselia, F, shiny|100\/100\n|turn|4\n|\n|t:|1697864786\n|move|p1a: Munkidori|Sludge Wave|p2a: Heetran|[spread] p1b,p2a,p2b\n|-resisted|p1b: Landorus\n|-damage|p1b: Landorus|13\/100\n|-damage|p2a: Heetran|0 fnt\n|-damage|p2b: TeraElectrica|60\/100\n|-status|p1b: Landorus|tox|[from] ability: Toxic Chain|[of] p1a: Munkidori\n|-status|p2b: TeraElectrica|tox|[from] ability: Toxic Chain|[of] p1a: Munkidori\n|faint|p2a: Heetran\n|move|p1b: Landorus|Sludge Bomb|p2b: TeraElectrica\n|-crit|p2b: TeraElectrica\n|-damage|p2b: TeraElectrica|7\/100 tox\n|move|p2b: TeraElectrica|Thunder Wave|p1b: Landorus\n|-immune|p1b: Landorus\n|\n|-weather|Snow|[upkeep]\n|-heal|p1b: Landorus|19\/100 tox|[from] item: Leftovers\n|-heal|p2b: TeraElectrica|13\/100 tox|[from] item: Leftovers\n|-damage|p1b: Landorus|13\/100 tox|[from] psn\n|-damage|p2b: TeraElectrica|7\/100 tox|[from] psn\n|upkeep\n|\n|t:|1697864799\n|switch|p2a: wait im goated|Scovillain, M, shiny|100\/100\n|turn|5\n|\n|t:|1697864807\n|switch|p1b: Muk|Muk-Alola, F|100\/100\n|move|p2b: TeraElectrica|Ally Switch|p2b: TeraElectrica\n|swap|p2b: TeraElectrica|0|[from] move: Ally Switch\n|move|p1a: Munkidori|Sludge Wave|p2a: TeraElectrica|[spread] p1b,p2a,p2b\n|-resisted|p1b: Muk\n|-supereffective|p2b: wait im goated\n|-damage|p1b: Muk|66\/100\n|-damage|p2a: TeraElectrica|0 fnt\n|-damage|p2b: wait im goated|0 fnt\n|faint|p2a: TeraElectrica\n|faint|p2b: wait im goated\n|\n|-weather|Snow|[upkeep]\n|-heal|p1b: Muk|72\/100|[from] item: Leftovers\n|-sideend|p2: AmSlowGoEasy|move: Aurora Veil\n|upkeep\n|-message|AmSlowGoEasy forfeited.\n|\n|win|Thehombre\n|raw|Thehombre's rating: 1076 &rarr; <strong>1101<\/strong><br \/>(+25 for winning)\n|raw|AmSlowGoEasy's rating: 1031 &rarr; <strong>1018<\/strong><br \/>(-13 for losing)\n|l|\u2606AmSlowGoEasy\n","uploadtime":1697864817,"views":11,"p1id":"thehombre","p2id":"amslowgoeasy","formatid":"gen9doublesou","rating":1018,"private":0,"password":""}