{"id":"gen9doublesou-1987901113","p1":"evyghon","p2":"JoseFigueiras","format":"[Gen 9] Doubles OU","log":"|j|\u2606evyghon\n|j|\u2606JoseFigueiras\n|inactive|Battle timer is ON: inactive players will automatically lose when time's up.\n|t:|1699647375\n|gametype|doubles\n|player|p1|evyghon|lyra|\n|player|p2|JoseFigueiras|1|\n|teamsize|p1|6\n|teamsize|p2|6\n|gen|9\n|tier|[Gen 9] Doubles OU\n|rated|Tournament battle\n|rule|Species Clause: Limit one of each Pok\u00e9mon\n|rule|OHKO Clause: OHKO moves are banned\n|rule|Evasion Moves Clause: Evasion moves are banned\n|rule|Gravity Sleep Clause: The combination of sleep-inducing moves with imperfect accuracy and Gravity or Gigantamax Orbeetle are banned\n|rule|Endless Battle Clause: Forcing endless battles is banned\n|rule|HP Percentage Mod: HP is shown in percentages\n|clearpoke\n|poke|p1|Meowth, F|\n|poke|p1|Grimer, M|\n|poke|p1|Dreepy, F|\n|poke|p1|Nosepass, M|\n|poke|p1|Aipom, F|\n|poke|p1|Munchlax, F|\n|poke|p2|Kilowattrel, F|\n|poke|p2|Ducklett, F|\n|poke|p2|Tinkatink, F|\n|poke|p2|Chespin, M|\n|poke|p2|Turtwig, F|\n|poke|p2|Hippopotas, M|\n|teampreview\n|j|*Lady Monita \u263d\n|j| Osgovs\n|j| Im dumb srly\n|\n|t:|1699647404\n|start\n|switch|p1a: Aipom|Aipom, F|100\/100\n|switch|p1b: Munchlax|Munchlax, F|100\/100\n|switch|p2a: Tinkatink|Tinkatink, F|100\/100\n|switch|p2b: Chespin|Chespin, M|100\/100\n|-ability|p2a: Tinkatink|Mold Breaker\n|turn|1\n|\n|t:|1699647430\n|move|p1a: Aipom|Fake Out|p2b: Chespin\n|-damage|p2b: Chespin|71\/100\n|move|p2a: Tinkatink|Fake Out|p1b: Munchlax\n|-damage|p1b: Munchlax|88\/100\n|cant|p2b: Chespin|flinch\n|cant|p1b: Munchlax|flinch\n|\n|upkeep\n|turn|2\n|\n|t:|1699647446\n|move|p1a: Aipom|U-turn|p2b: Chespin\n|-supereffective|p2b: Chespin\n|-damage|p2b: Chespin|0 fnt\n|faint|p2b: Chespin\n|\n|t:|1699647455\n|switch|p1a: Meowth|Meowth, F|100\/100|[from] U-turn\n|move|p2a: Tinkatink|Thunder Wave|p1b: Munchlax\n|-status|p1b: Munchlax|par\n|move|p1b: Munchlax|Belly Drum|p1b: Munchlax\n|-damage|p1b: Munchlax|38\/100 par\n|-setboost|p1b: Munchlax|atk|6|[from] move: Belly Drum\n|-enditem|p1b: Munchlax|Sitrus Berry|[eat]\n|-heal|p1b: Munchlax|63\/100 par|[from] item: Sitrus Berry\n|\n|upkeep\n|\n|t:|1699647465\n|switch|p2b: Ducklett|Ducklett, F|100\/100\n|turn|3\n|\n|t:|1699647476\n|move|p1a: Meowth|Fake Out|p2a: Tinkatink\n|-resisted|p2a: Tinkatink\n|-damage|p2a: Tinkatink|87\/100\n|cant|p2a: Tinkatink|flinch\n|move|p2b: Ducklett|Feather Dance|p1b: Munchlax\n|-unboost|p1b: Munchlax|atk|2\n|move|p1b: Munchlax|Body Slam|p2b: Ducklett\n|-damage|p2b: Ducklett|15\/100\n|-status|p2b: Ducklett|par\n|\n|upkeep\n|turn|4\n|\n|t:|1699647493\n|move|p1a: Meowth|Trailblaze|p2b: Ducklett\n|-damage|p2b: Ducklett|0 fnt\n|-boost|p1a: Meowth|spe|1\n|faint|p2b: Ducklett\n|move|p2a: Tinkatink|Knock Off|p1a: Meowth\n|-damage|p1a: Meowth|56\/100\n|-enditem|p1a: Meowth|Eviolite|[from] move: Knock Off|[of] p2a: Tinkatink\n|move|p1b: Munchlax|Body Slam|p2a: Tinkatink\n|-resisted|p2a: Tinkatink\n|-damage|p2a: Tinkatink|33\/100\n|-status|p2a: Tinkatink|par\n|\n|upkeep\n|\n|t:|1699647499\n|switch|p2b: Hippopotas|Hippopotas, M|100\/100\n|-weather|Sandstorm|[from] ability: Sand Stream|[of] p2b: Hippopotas\n|turn|5\n|\n|t:|1699647514\n|move|p1a: Meowth|Trailblaze|p2b: Hippopotas\n|-supereffective|p2b: Hippopotas\n|-damage|p2b: Hippopotas|82\/100\n|-boost|p1a: Meowth|spe|1\n|move|p2a: Tinkatink|Thunder Wave|p1a: Meowth\n|-status|p1a: Meowth|par\n|move|p1b: Munchlax|Body Slam|p2a: Tinkatink\n|-resisted|p2a: Tinkatink\n|-damage|p2a: Tinkatink|0 fnt\n|faint|p2a: Tinkatink\n|move|p2b: Hippopotas|Whirlwind|p1b: Munchlax\n|drag|p1b: Nosepass|Nosepass, M|100\/100\n|\n|-weather|Sandstorm|[upkeep]\n|-damage|p1a: Meowth|50\/100 par|[from] Sandstorm\n|upkeep\n|\n|t:|1699647524\n|switch|p2a: Turtwig|Turtwig, F|100\/100\n|turn|6\n|\n|t:|1699647541\n|move|p1b: Nosepass|Protect|p1b: Nosepass\n|-singleturn|p1b: Nosepass|Protect\n|cant|p1a: Meowth|par\n|move|p2a: Turtwig|Shell Smash|p2a: Turtwig\n|-unboost|p2a: Turtwig|def|1\n|-unboost|p2a: Turtwig|spd|1\n|-boost|p2a: Turtwig|atk|2\n|-boost|p2a: Turtwig|spa|2\n|-boost|p2a: Turtwig|spe|2\n|move|p2b: Hippopotas|Earthquake|p1b: Nosepass|[spread] p2a,p1a\n|-activate|p1b: Nosepass|move: Protect\n|-resisted|p2a: Turtwig\n|-crit|p1a: Meowth\n|-damage|p2a: Turtwig|80\/100\n|-damage|p1a: Meowth|0 fnt\n|faint|p1a: Meowth\n|\n|-weather|Sandstorm|[upkeep]\n|-damage|p2a: Turtwig|74\/100|[from] Sandstorm\n|upkeep\n|\n|t:|1699647558\n|switch|p1a: Aipom|Aipom, F|100\/100\n|turn|7\n|\n|t:|1699647581\n|-terastallize|p2a: Turtwig|Water\n|move|p1a: Aipom|Fake Out|p2a: Turtwig\n|-damage|p2a: Turtwig|43\/100\n|cant|p2a: Turtwig|flinch\n|move|p2b: Hippopotas|Yawn|p1a: Aipom\n|-start|p1a: Aipom|move: Yawn|[of] p2b: Hippopotas\n|move|p1b: Nosepass|Body Press|p2a: Turtwig\n|-damage|p2a: Turtwig|0 fnt\n|faint|p2a: Turtwig\n|\n|-weather|Sandstorm|[upkeep]\n|-damage|p1a: Aipom|95\/100|[from] Sandstorm\n|upkeep\n|\n|t:|1699647590\n|switch|p2a: Kilowattrel|Kilowattrel, F|100\/100\n|turn|8\n|j| DIMU179\n|\n|t:|1699647613\n|move|p1b: Nosepass|Protect|p1b: Nosepass\n|-singleturn|p1b: Nosepass|Protect\n|move|p2a: Kilowattrel|Thunderbolt|p1a: Aipom\n|-damage|p1a: Aipom|38\/100\n|-status|p1a: Aipom|par\n|move|p1a: Aipom|U-turn|p2b: Hippopotas\n|-damage|p2b: Hippopotas|72\/100\n|\n|t:|1699647622\n|switch|p1a: Munchlax|Munchlax, F|63\/100 par|[from] U-turn\n|move|p2b: Hippopotas|Earthquake|p1b: Nosepass|[spread] p1a\n|-activate|p1b: Nosepass|move: Protect\n|-immune|p2a: Kilowattrel\n|-damage|p1a: Munchlax|32\/100 par\n|\n|-weather|Sandstorm|[upkeep]\n|-damage|p2a: Kilowattrel|94\/100|[from] Sandstorm\n|-damage|p1a: Munchlax|26\/100 par|[from] Sandstorm\n|upkeep\n|turn|9\n|\n|t:|1699647636\n|move|p2a: Kilowattrel|Thunderbolt|p1a: Munchlax\n|-damage|p1a: Munchlax|0 fnt\n|faint|p1a: Munchlax\n|move|p2b: Hippopotas|Earthquake|p1b: Nosepass|[spread] p1b\n|-immune|p2a: Kilowattrel\n|-supereffective|p1b: Nosepass\n|-damage|p1b: Nosepass|78\/100\n|move|p1b: Nosepass|Body Press|p2b: Hippopotas\n|-damage|p2b: Hippopotas|55\/100\n|\n|-weather|none\n|upkeep\n|l| DIMU179\n|\n|t:|1699647657\n|switch|p1a: Aipom|Aipom, F|38\/100 par\n|turn|10\n|\n|t:|1699647670\n|move|p2a: Kilowattrel|Protect|p2a: Kilowattrel\n|-singleturn|p2a: Kilowattrel|Protect\n|move|p1a: Aipom|Fake Out|p2a: Kilowattrel\n|-activate|p2a: Kilowattrel|move: Protect\n|move|p2b: Hippopotas|Earthquake|p1b: Nosepass|[spread] p1a,p1b\n|-activate|p2a: Kilowattrel|move: Protect\n|-supereffective|p1b: Nosepass\n|-damage|p1a: Aipom|12\/100 par\n|-damage|p1b: Nosepass|59\/100\n|move|p1b: Nosepass|Body Press|p2b: Hippopotas\n|-damage|p2b: Hippopotas|36\/100\n|\n|upkeep\n|turn|11\n|\n|t:|1699647686\n|move|p2a: Kilowattrel|Thunderbolt|p1b: Nosepass\n|-damage|p1b: Nosepass|19\/100\n|cant|p1a: Aipom|par\n|move|p2b: Hippopotas|Earthquake|p1b: Nosepass|[spread] p1a,p1b\n|-immune|p2a: Kilowattrel\n|-supereffective|p1b: Nosepass\n|-damage|p1a: Aipom|0 fnt\n|-damage|p1b: Nosepass|0 fnt\n|faint|p1a: Aipom\n|faint|p1b: Nosepass\n|\n|upkeep\n|\n|t:|1699647695\n|switch|p1a: Dreepy|Dreepy, F|100\/100\n|switch|p1b: Grimer|Grimer, M|100\/100\n|turn|12\n|\n|t:|1699647718\n|move|p2a: Kilowattrel|Protect|p2a: Kilowattrel\n|-singleturn|p2a: Kilowattrel|Protect\n|move|p1b: Grimer|Protect|p1b: Grimer\n|-singleturn|p1b: Grimer|Protect\n|move|p1a: Dreepy|Confuse Ray|p2b: Hippopotas\n|-start|p2b: Hippopotas|confusion\n|-activate|p2b: Hippopotas|confusion\n|-damage|p2b: Hippopotas|30\/100|[from] confusion\n|\n|upkeep\n|turn|13\n|j| Boyca\n|\n|t:|1699647743\n|move|p1a: Dreepy|Helping Hand|p1b: Grimer\n|-singleturn|p1b: Grimer|Helping Hand|[of] p1a: Dreepy\n|move|p2a: Kilowattrel|Air Slash|p1a: Dreepy\n|-damage|p1a: Dreepy|29\/100\n|-end|p2b: Hippopotas|confusion\n|move|p2b: Hippopotas|Earthquake|p1a: Dreepy|[spread] p1a,p1b\n|-immune|p2a: Kilowattrel\n|-supereffective|p1b: Grimer\n|-damage|p1a: Dreepy|0 fnt\n|-damage|p1b: Grimer|56\/100\n|faint|p1a: Dreepy\n|move|p1b: Grimer|Fire Punch|p2b: Hippopotas\n|-damage|p2b: Hippopotas|13\/100\n|\n|upkeep\n|turn|14\n|\n|t:|1699647756\n|move|p2a: Kilowattrel|Thunderbolt|p1b: Grimer\n|-damage|p1b: Grimer|12\/100\n|move|p2b: Hippopotas|Earthquake|p1b: Grimer|[spread] p1b\n|-immune|p2a: Kilowattrel\n|-supereffective|p1b: Grimer\n|-damage|p1b: Grimer|0 fnt\n|faint|p1b: Grimer\n|\n|win|JoseFigueiras\n|n|\u2606evyghon|evyghon\n|n|\u2606JoseFigueiras|josefigueiras\n|n|*Lady Monita \u263d|ladymonita\n|n| Osgovs|osgovs\n|n| Im dumb srly|imdumbsrly\n|n| Boyca|boyca\n","uploadtime":1699647758,"views":17,"p1id":"evyghon","p2id":"josefigueiras","formatid":"gen9doublesou","rating":0,"private":0,"password":""}