{"id":"gen9doublesou-1980242526","p1":"New_2_Da_Scene_","p2":"uhdfhadfdaf","format":"[Gen 9] Doubles OU","log":"|j|\u2606New_2_Da_Scene_\n|j|\u2606uhdfhadfdaf\n|t:|1698769033\n|gametype|doubles\n|player|p1|New_2_Da_Scene_|102|\n|player|p2|uhdfhadfdaf|cynthia-gen4|\n|teamsize|p1|6\n|teamsize|p2|6\n|gen|9\n|tier|[Gen 9] Doubles OU\n|rule|Species Clause: Limit one of each Pok\u00e9mon\n|rule|OHKO Clause: OHKO moves are banned\n|rule|Evasion Moves Clause: Evasion moves are banned\n|rule|Gravity Sleep Clause: The combination of sleep-inducing moves with imperfect accuracy and Gravity or Gigantamax Orbeetle are banned\n|rule|Endless Battle Clause: Forcing endless battles is banned\n|rule|HP Percentage Mod: HP is shown in percentages\n|clearpoke\n|poke|p1|Ogerpon-Cornerstone, F|\n|poke|p1|Tyranitar, M|\n|poke|p1|Munkidori, M|\n|poke|p1|Kommo-o, M|\n|poke|p1|Dugtrio-Alola, F|\n|poke|p1|Tornadus, M|\n|poke|p2|Torterra, F|\n|poke|p2|Golduck, M|\n|poke|p2|Sinistcha-Masterpiece|\n|poke|p2|Sableye, F|\n|poke|p2|Diancie|\n|poke|p2|Corviknight, M|\n|teampreview\n|\n|t:|1698769046\n|start\n|switch|p1a: Tornadus|Tornadus, M|100\/100\n|switch|p1b: Munkidori|Munkidori, M|100\/100\n|switch|p2a: Torterra|Torterra, F|100\/100\n|switch|p2b: Golduck|Golduck, M|100\/100\n|turn|1\n|\n|t:|1698769059\n|-terastallize|p2a: Torterra|Steel\n|move|p1a: Tornadus|Tailwind|p1a: Tornadus\n|-sidestart|p1: New_2_Da_Scene_|move: Tailwind\n|move|p1b: Munkidori|Sludge Bomb|p2a: Torterra\n|-immune|p2a: Torterra\n|move|p2b: Golduck|Simple Beam|p2a: Torterra\n|-endability|p2a: Torterra|Shell Armor|[from] move: Simple Beam\n|-ability|p2a: Torterra|Simple|[from] move: Simple Beam\n|move|p2a: Torterra|Shell Smash|p2a: Torterra\n|-unboost|p2a: Torterra|def|2\n|-unboost|p2a: Torterra|spd|2\n|-boost|p2a: Torterra|atk|4\n|-boost|p2a: Torterra|spa|4\n|-boost|p2a: Torterra|spe|4\n|-enditem|p2a: Torterra|White Herb\n|-clearnegativeboost|p2a: Torterra|[silent]\n|\n|upkeep\n|turn|2\n|inactive|Battle timer is ON: inactive players will automatically lose when time's up. (requested by uhdfhadfdaf)\n|\n|t:|1698769098\n|switch|p2b: Corviknight|Corviknight, M|100\/100\n|move|p2a: Torterra|Rock Slide|p1b: Munkidori|[spread] p1a,p1b\n|-supereffective|p1a: Tornadus\n|-damage|p1a: Tornadus|0 fnt\n|-damage|p1b: Munkidori|25\/100\n|faint|p1a: Tornadus\n|move|p1b: Munkidori|Parting Shot|p2a: Torterra\n|-unboost|p2a: Torterra|atk|2\n|-unboost|p2a: Torterra|spa|2\n|\n|t:|1698769120\n|switch|p1b: Kommo-o|Kommo-o, M|100\/100|[from] Parting Shot\n|\n|upkeep\n|\n|t:|1698769128\n|switch|p1a: Tyranitar|Tyranitar, M|100\/100\n|-weather|Sandstorm|[from] ability: Sand Stream|[of] p1a: Tyranitar\n|turn|3\n|\n|t:|1698769144\n|move|p2a: Torterra|Earthquake|p1a: Tyranitar|[spread] p1a,p1b\n|-immune|p2b: Corviknight\n|-supereffective|p1a: Tyranitar\n|-damage|p1a: Tyranitar|0 fnt\n|-damage|p1b: Kommo-o|32\/100\n|faint|p1a: Tyranitar\n|move|p1b: Kommo-o|Drain Punch|p2a: Torterra\n|-supereffective|p2a: Torterra\n|-damage|p2a: Torterra|11\/100\n|-heal|p1b: Kommo-o|83\/100|[from] drain|[of] p2a: Torterra\n|-damage|p1b: Kommo-o|73\/100|[from] item: Life Orb\n|move|p2b: Corviknight|Brave Bird|p1b: Kommo-o\n|-supereffective|p1b: Kommo-o\n|-damage|p1b: Kommo-o|0 fnt\n|faint|p1b: Kommo-o\n|-damage|p2b: Corviknight|83\/100|[from] Recoil\n|\n|-weather|Sandstorm|[upkeep]\n|upkeep\n|\n|t:|1698769164\n|switch|p1b: Dugtrio|Dugtrio-Alola, F|100\/100\n|switch|p1a: Ogerpon|Ogerpon-Cornerstone, F|100\/100\n|turn|4\n|\n|t:|1698769176\n|switch|p2b: Sinistcha|Sinistcha-Masterpiece|100\/100\n|-heal|p2a: Torterra|36\/100|[from] ability: Hospitality|[of] p2b: Sinistcha\n|move|p1b: Dugtrio|Stomping Tantrum|p2a: Torterra\n|-supereffective|p2a: Torterra\n|-crit|p2a: Torterra\n|-damage|p2a: Torterra|0 fnt\n|faint|p2a: Torterra\n|move|p1a: Ogerpon|Brick Break|p2b: Sinistcha\n|-immune|p2b: Sinistcha\n|\n|-weather|Sandstorm|[upkeep]\n|-damage|p2b: Sinistcha|94\/100|[from] Sandstorm\n|-sideend|p1: New_2_Da_Scene_|move: Tailwind\n|upkeep\n|inactive|uhdfhadfdaf has 270 seconds left.\n|c|\u2606New_2_Da_Scene_|low key your torterra is so good\n|c|\u2606New_2_Da_Scene_|he was my fave sinnoh starter\n|inactive|uhdfhadfdaf has 240 seconds left.\n|n|\u2606uhdfhadfdaf|uhdfhadfdaf\n|c|\u2606uhdfhadfdaf|saaaame\n|inactive|uhdfhadfdaf has 210 seconds left.\n|\n|t:|1698769268\n|switch|p2a: Golduck|Golduck, M|100\/100\n|turn|5\n|inactive|uhdfhadfdaf has 210 seconds left.\n|\n|t:|1698769296\n|move|p2a: Golduck|Knock Off|p1a: Ogerpon\n|-damage|p1a: Ogerpon|87\/100\n|move|p1b: Dugtrio|Swords Dance|p1b: Dugtrio\n|-boost|p1b: Dugtrio|atk|2\n|move|p1a: Ogerpon|Swords Dance|p1a: Ogerpon\n|-boost|p1a: Ogerpon|atk|2\n|move|p2b: Sinistcha|Trick Room|p2b: Sinistcha\n|-fieldstart|move: Trick Room|[of] p2b: Sinistcha\n|\n|-weather|Sandstorm|[upkeep]\n|-damage|p2b: Sinistcha|88\/100|[from] Sandstorm\n|-damage|p2a: Golduck|94\/100|[from] Sandstorm\n|upkeep\n|turn|6\n|inactive|uhdfhadfdaf has 210 seconds left.\n|\n|t:|1698769320\n|switch|p2a: Diancie|Diancie|100\/100\n|move|p2b: Sinistcha|Matcha Gotcha|p1b: Dugtrio|[spread] p1a\n|-miss|p2b: Sinistcha|p1b: Dugtrio\n|-damage|p1a: Ogerpon|63\/100\n|-heal|p2b: Sinistcha|100\/100|[from] drain|[of] p1a: Ogerpon\n|move|p1a: Ogerpon|Horn Leech|p2a: Diancie\n|-supereffective|p2a: Diancie\n|-damage|p2a: Diancie|0 fnt\n|-heal|p1a: Ogerpon|100\/100|[from] drain|[of] p2a: Diancie\n|faint|p2a: Diancie\n|move|p1b: Dugtrio|Iron Head|p2b: Sinistcha\n|-damage|p2b: Sinistcha|24\/100\n|\n|-weather|Sandstorm|[upkeep]\n|-damage|p2b: Sinistcha|18\/100|[from] Sandstorm\n|upkeep\n|inactive|uhdfhadfdaf has 210 seconds left.\n|\n|t:|1698769338\n|switch|p2a: Sableye|Sableye, F|100\/100\n|turn|7\n|\n|t:|1698769352\n|move|p2a: Sableye|Fake Out|p1a: Ogerpon\n|-resisted|p1a: Ogerpon\n|-damage|p1a: Ogerpon|96\/100\n|move|p2b: Sinistcha|Matcha Gotcha|p1b: Dugtrio|[spread] p1b\n|-miss|p2b: Sinistcha|p1a: Ogerpon\n|-damage|p1b: Dugtrio|31\/100\n|-heal|p2b: Sinistcha|44\/100|[from] drain|[of] p1b: Dugtrio\n|-status|p1b: Dugtrio|brn\n|cant|p1a: Ogerpon|flinch\n|move|p1b: Dugtrio|Iron Head|p2a: Sableye\n|-damage|p2a: Sableye|54\/100\n|\n|-weather|none\n|-heal|p1b: Dugtrio|37\/100 brn|[from] item: Leftovers\n|-damage|p1b: Dugtrio|31\/100 brn|[from] brn\n|upkeep\n|turn|8\n|\n|t:|1698769378\n|switch|p2a: Corviknight|Corviknight, M|83\/100\n|move|p2b: Sinistcha|Matcha Gotcha|p1a: Ogerpon|[spread] p1a,p1b\n|-damage|p1a: Ogerpon|61\/100\n|-heal|p2b: Sinistcha|63\/100|[from] drain|[of] p1a: Ogerpon\n|-damage|p1b: Dugtrio|0 fnt\n|-heal|p2b: Sinistcha|74\/100|[from] drain|[of] p1b: Dugtrio\n|faint|p1b: Dugtrio\n|move|p1a: Ogerpon|Ivy Cudgel|p2b: Sinistcha\n|-damage|p2b: Sinistcha|0 fnt\n|faint|p2b: Sinistcha\n|\n|upkeep\n|inactive|uhdfhadfdaf has 240 seconds left.\n|\n|t:|1698769393\n|switch|p2b: Sableye|Sableye, F|54\/100\n|switch|p1b: Munkidori|Munkidori, M|25\/100\n|turn|9\n|\n|t:|1698769410\n|move|p2a: Corviknight|Body Press|p1a: Ogerpon\n|-supereffective|p1a: Ogerpon\n|-damage|p1a: Ogerpon|6\/100\n|move|p2b: Sableye|Icy Wind|p1b: Munkidori|[spread] p1a\n|-miss|p2b: Sableye|p1b: Munkidori\n|-supereffective|p1a: Ogerpon\n|-damage|p1a: Ogerpon|0 fnt\n|faint|p1a: Ogerpon\n|move|p1b: Munkidori|Sludge Bomb|p2b: Sableye\n|-resisted|p2b: Sableye\n|-damage|p2b: Sableye|15\/100\n|-enditem|p2b: Sableye|Sitrus Berry|[eat]\n|-heal|p2b: Sableye|40\/100|[from] item: Sitrus Berry\n|\n|-heal|p1b: Munkidori|31\/100|[from] item: Leftovers\n|-fieldend|move: Trick Room\n|upkeep\n|turn|10\n|inactive|uhdfhadfdaf has 270 seconds left.\n|\n|t:|1698769431\n|move|p1b: Munkidori|Sludge Bomb|p2b: Sableye\n|-resisted|p2b: Sableye\n|-crit|p2b: Sableye\n|-damage|p2b: Sableye|0 fnt\n|faint|p2b: Sableye\n|move|p2a: Corviknight|Brave Bird|p1b: Munkidori\n|-damage|p1b: Munkidori|0 fnt\n|faint|p1b: Munkidori\n|-damage|p2a: Corviknight|74\/100|[from] Recoil\n|\n|win|uhdfhadfdaf\n|c|\u2606uhdfhadfdaf|gg\n","uploadtime":1698769448,"views":25,"p1id":"new2dascene","p2id":"uhdfhadfdaf","formatid":"gen9doublesou","rating":0,"private":0,"password":""}