{"id":"gen9doublesou-1972395918","p1":"DratiniKing10","p2":"ZippleZapple","format":"[Gen 9] Doubles OU","log":"|j|\u2606DratiniKing10\n|j|\u2606ZippleZapple\n|t:|1697838290\n|gametype|doubles\n|player|p1|DratiniKing10|lucas|1263\n|player|p2|ZippleZapple|170|1344\n|teamsize|p1|6\n|teamsize|p2|6\n|gen|9\n|tier|[Gen 9] Doubles OU\n|rated|\n|rule|Species Clause: Limit one of each Pok\u00e9mon\n|rule|OHKO Clause: OHKO moves are banned\n|rule|Evasion Moves Clause: Evasion moves are banned\n|rule|Gravity Sleep Clause: The combination of sleep-inducing moves with imperfect accuracy and Gravity or Gigantamax Orbeetle are banned\n|rule|Endless Battle Clause: Forcing endless battles is banned\n|rule|HP Percentage Mod: HP is shown in percentages\n|clearpoke\n|poke|p1|Ting-Lu|\n|poke|p1|Arcanine, M|\n|poke|p1|Kingambit, M|\n|poke|p1|Tornadus, M|\n|poke|p1|Sneasler, M|\n|poke|p1|Ogerpon-Wellspring, F|\n|poke|p2|Grimmsnarl, M|\n|poke|p2|Great Tusk|\n|poke|p2|Chandelure, M|\n|poke|p2|Torkoal, F|\n|poke|p2|Ogerpon-Hearthflame, F|\n|poke|p2|Ribombee, M|\n|teampreview\n|\n|t:|1697838298\n|start\n|switch|p1a: Miles|Tornadus, M|100\/100\n|switch|p1b: Tavi|Sneasler, M|100\/100\n|switch|p2a: Grimmsnarl|Grimmsnarl, M|100\/100\n|switch|p2b: Ribombee|Ribombee, M|100\/100\n|turn|1\n|\n|t:|1697838308\n|move|p1a: Miles|Tailwind|p1a: Miles\n|-sidestart|p1: DratiniKing10|move: Tailwind\n|move|p2a: Grimmsnarl|Parting Shot|p1b: Tavi\n|-unboost|p1b: Tavi|atk|1\n|-unboost|p1b: Tavi|spa|1\n|\n|t:|1697838318\n|switch|p2a: Chandelure|Chandelure, M|100\/100|[from] Parting Shot\n|move|p1b: Tavi|Dire Claw|p2a: Chandelure\n|-resisted|p2a: Chandelure\n|-damage|p2a: Chandelure|78\/100\n|move|p2b: Ribombee|Sticky Web|p1a: Miles\n|-sidestart|p1: DratiniKing10|move: Sticky Web\n|\n|upkeep\n|turn|2\n|\n|t:|1697838330\n|move|p1a: Miles|Rain Dance|p1a: Miles\n|-weather|RainDance\n|move|p1b: Tavi|Dire Claw|p2b: Ribombee\n|-supereffective|p2b: Ribombee\n|-crit|p2b: Ribombee\n|-enditem|p2b: Ribombee|Focus Sash\n|-damage|p2b: Ribombee|1\/100\n|move|p2a: Chandelure|Heat Wave|p1a: Miles|[spread] p1a,p1b\n|-damage|p1a: Miles|78\/100\n|-damage|p1b: Tavi|72\/100\n|-status|p1b: Tavi|brn\n|move|p2b: Ribombee|Dazzling Gleam|p1a: Miles|[spread] p1a,p1b\n|-damage|p1a: Miles|52\/100\n|-damage|p1b: Tavi|39\/100 brn\n|\n|-weather|RainDance|[upkeep]\n|-damage|p1b: Tavi|33\/100 brn|[from] brn\n|upkeep\n|turn|3\n|\n|t:|1697838349\n|switch|p2a: Torkoal|Torkoal, F|100\/100\n|-weather|SunnyDay|[from] ability: Drought|[of] p2a: Torkoal\n|move|p1b: Tavi|Protect|p1b: Tavi\n|-singleturn|p1b: Tavi|Protect\n|move|p1a: Miles|Bleakwind Storm|p2b: Ribombee|[spread] p2a,p2b\n|-supereffective|p2b: Ribombee\n|-damage|p2a: Torkoal|57\/100\n|-damage|p2b: Ribombee|0 fnt\n|faint|p2b: Ribombee\n|\n|-weather|SunnyDay|[upkeep]\n|-damage|p1b: Tavi|27\/100 brn|[from] brn\n|upkeep\n|\n|t:|1697838357\n|switch|p2b: Chandelure|Chandelure, M|78\/100\n|turn|4\n|\n|t:|1697838366\n|move|p1a: Miles|Rain Dance|p1a: Miles\n|-weather|RainDance\n|move|p1b: Tavi|Dire Claw|p2a: Torkoal\n|-damage|p2a: Torkoal|45\/100\n|move|p2b: Chandelure|Heat Wave|p1b: Tavi|[spread] p1a,p1b\n|-damage|p1a: Miles|33\/100\n|-damage|p1b: Tavi|2\/100 brn\n|-enditem|p1a: Miles|Sitrus Berry|[eat]\n|-heal|p1a: Miles|57\/100|[from] item: Sitrus Berry\n|move|p2a: Torkoal|Heat Wave|p1b: Tavi|[spread] p1b\n|-miss|p2a: Torkoal|p1a: Miles\n|-damage|p1b: Tavi|0 fnt\n|faint|p1b: Tavi\n|\n|-weather|RainDance|[upkeep]\n|-sideend|p1: DratiniKing10|move: Tailwind\n|upkeep\n|\n|t:|1697838379\n|switch|p1b: Julica|Ogerpon-Wellspring, F|100\/100\n|-activate|p1b: Julica|move: Sticky Web\n|-unboost|p1b: Julica|spe|1\n|turn|5\n|\n|t:|1697838393\n|switch|p2a: Grimmsnarl|Grimmsnarl, M|100\/100\n|move|p1a: Miles|Tailwind|p1a: Miles\n|-sidestart|p1: DratiniKing10|move: Tailwind\n|move|p2b: Chandelure|Heat Wave|p1a: Miles|[spread] p1a,p1b\n|-damage|p1a: Miles|37\/100\n|-damage|p1b: Julica|77\/100\n|move|p1b: Julica|Ivy Cudgel|p2a: Grimmsnarl\n|-damage|p2a: Grimmsnarl|27\/100\n|\n|-weather|RainDance|[upkeep]\n|-heal|p2a: Grimmsnarl|33\/100|[from] item: Leftovers\n|upkeep\n|turn|6\n|\n|t:|1697838408\n|move|p2a: Grimmsnarl|Fake Tears|p1b: Julica\n|-unboost|p1b: Julica|spd|2\n|move|p1a: Miles|Bleakwind Storm|p2b: Chandelure|[spread] p2a,p2b\n|-damage|p2a: Grimmsnarl|0 fnt\n|-damage|p2b: Chandelure|32\/100\n|faint|p2a: Grimmsnarl\n|move|p2b: Chandelure|Heat Wave|p1a: Miles|[spread] p1a,p1b\n|-damage|p1a: Miles|16\/100\n|-damage|p1b: Julica|28\/100\n|move|p1b: Julica|Ivy Cudgel|p2b: Chandelure\n|-supereffective|p2b: Chandelure\n|-damage|p2b: Chandelure|0 fnt\n|faint|p2b: Chandelure\n|\n|-weather|RainDance|[upkeep]\n|upkeep\n|\n|t:|1697838422\n|switch|p2b: Ogerpon|Ogerpon-Hearthflame, F|100\/100\n|switch|p2a: Torkoal|Torkoal, F|45\/100\n|-ability|p2b: Ogerpon|Mold Breaker\n|-weather|SunnyDay|[from] ability: Drought|[of] p2a: Torkoal\n|turn|7\n|\n|t:|1697838437\n|move|p1b: Julica|Spiky Shield|p1b: Julica\n|-singleturn|p1b: Julica|move: Protect\n|move|p2b: Ogerpon|Spiky Shield|p2b: Ogerpon\n|-singleturn|p2b: Ogerpon|move: Protect\n|move|p1a: Miles|Rain Dance|p1a: Miles\n|-weather|RainDance\n|move|p2a: Torkoal|Heat Wave|p1a: Miles|[spread] p1a\n|-activate|p1b: Julica|move: Protect\n|-damage|p1a: Miles|0 fnt\n|faint|p1a: Miles\n|\n|-weather|RainDance|[upkeep]\n|upkeep\n|\n|t:|1697838452\n|switch|p1a: MooseCraft|Ting-Lu|100\/100\n|-activate|p1a: MooseCraft|move: Sticky Web\n|-unboost|p1a: MooseCraft|spe|1\n|-ability|p1a: MooseCraft|Vessel of Ruin\n|turn|8\n|\n|t:|1697838476\n|switch|p2b: Great Tusk|Great Tusk|100\/100\n|move|p1b: Julica|Ivy Cudgel|p2a: Torkoal\n|-supereffective|p2a: Torkoal\n|-damage|p2a: Torkoal|0 fnt\n|faint|p2a: Torkoal\n|move|p1a: MooseCraft|Ruination|p2b: Great Tusk\n|-damage|p2b: Great Tusk|50\/100\n|\n|-weather|RainDance|[upkeep]\n|-sideend|p1: DratiniKing10|move: Tailwind\n|upkeep\n|\n|t:|1697838482\n|switch|p2a: Ogerpon|Ogerpon-Hearthflame, F|100\/100\n|-ability|p2a: Ogerpon|Mold Breaker\n|turn|9\n|\n|t:|1697838495\n|-terastallize|p2a: Ogerpon|Fire\n|detailschange|p2a: Ogerpon|Ogerpon-Hearthflame-Tera, F, tera:Fire\n|-ability|p2a: Ogerpon|Embody Aspect (Hearthflame)|boost\n|-boost|p2a: Ogerpon|atk|1\n|move|p2a: Ogerpon|Ivy Cudgel|p1b: Julica\n|-crit|p1b: Julica\n|-damage|p1b: Julica|0 fnt\n|faint|p1b: Julica\n|move|p2b: Great Tusk|Close Combat|p1a: MooseCraft\n|-supereffective|p1a: MooseCraft\n|-damage|p1a: MooseCraft|30\/100\n|-unboost|p2b: Great Tusk|def|1\n|-unboost|p2b: Great Tusk|spd|1\n|move|p1a: MooseCraft|Ruination|p2a: Ogerpon\n|-damage|p2a: Ogerpon|51\/100\n|\n|-weather|RainDance|[upkeep]\n|-heal|p1a: MooseCraft|37\/100|[from] item: Leftovers\n|upkeep\n|\n|t:|1697838510\n|switch|p1b: Zach|Arcanine, M, shiny|100\/100\n|-activate|p1b: Zach|move: Sticky Web\n|-unboost|p1b: Zach|spe|1\n|-ability|p1b: Zach|Intimidate|boost\n|-unboost|p2a: Ogerpon|atk|1\n|-unboost|p2b: Great Tusk|atk|1\n|turn|10\n|\n|t:|1697838531\n|-terastallize|p1b: Zach|Water\n|move|p1a: MooseCraft|Protect|p1a: MooseCraft\n|-singleturn|p1a: MooseCraft|Protect\n|move|p2a: Ogerpon|Horn Leech|p1a: MooseCraft\n|-activate|p1a: MooseCraft|move: Protect\n|move|p2b: Great Tusk|Headlong Rush|p1b: Zach\n|-damage|p1b: Zach|50\/100\n|-unboost|p2b: Great Tusk|def|1\n|-unboost|p2b: Great Tusk|spd|1\n|move|p1b: Zach|Flare Blitz|p2a: Ogerpon\n|-resisted|p2a: Ogerpon\n|-damage|p2a: Ogerpon|35\/100\n|-damage|p1b: Zach|46\/100|[from] Recoil\n|\n|-weather|RainDance|[upkeep]\n|-heal|p1a: MooseCraft|43\/100|[from] item: Leftovers\n|upkeep\n|turn|11\n|\n|t:|1697838566\n|move|p2a: Ogerpon|Horn Leech|p1a: MooseCraft\n|-supereffective|p1a: MooseCraft\n|-damage|p1a: MooseCraft|0 fnt\n|-heal|p2a: Ogerpon|69\/100|[from] drain|[of] p1a: MooseCraft\n|faint|p1a: MooseCraft\n|move|p2b: Great Tusk|Headlong Rush|p1b: Zach\n|-damage|p1b: Zach|0 fnt\n|-unboost|p2b: Great Tusk|def|1\n|-unboost|p2b: Great Tusk|spd|1\n|faint|p1b: Zach\n|\n|-weather|none\n|upkeep\n|\n|t:|1697838590\n|switch|p1a: &IHaveAnAxe|Kingambit, M, shiny|100\/100\n|-activate|p1a: &IHaveAnAxe|move: Sticky Web\n|-unboost|p1a: &IHaveAnAxe|spe|1\n|-ability|p1a: &IHaveAnAxe|Defiant|boost\n|-boost|p1a: &IHaveAnAxe|atk|2\n|turn|12\n|\n|t:|1697838598\n|move|p2a: Ogerpon|Ivy Cudgel|p1a: &IHaveAnAxe\n|-supereffective|p1a: &IHaveAnAxe\n|-damage|p1a: &IHaveAnAxe|0 fnt\n|faint|p1a: &IHaveAnAxe\n|\n|win|ZippleZapple\n|raw|DratiniKing10's rating: 1263 &rarr; <strong>1244<\/strong><br \/>(-19 for losing)\n|raw|ZippleZapple's rating: 1344 &rarr; <strong>1359<\/strong><br \/>(+15 for winning)\n|c|\u2606ZippleZapple|gg\n","uploadtime":1697838606,"views":8,"p1id":"dratiniking10","p2id":"zipplezapple","formatid":"gen9doublesou","rating":1244,"private":0,"password":""}