{"id":"gen9doublesou-1994482346","p1":"SeattleShinyShinx","p2":"gottacatchemalllll","format":"[Gen 9] Doubles OU","log":"|j|\u2606SeattleShinyShinx\n|j|\u2606gottacatchemalllll\n|inactive|Battle timer is ON: inactive players will automatically lose when time's up.\n|t:|1700449068\n|gametype|doubles\n|player|p1|SeattleShinyShinx|wallace|\n|player|p2|gottacatchemalllll|waiter-gen4|\n|teamsize|p1|6\n|teamsize|p2|6\n|gen|9\n|tier|[Gen 9] Doubles OU\n|rated|Tournament battle\n|rule|Species Clause: Limit one of each Pok\u00e9mon\n|rule|OHKO Clause: OHKO moves are banned\n|rule|Evasion Moves Clause: Evasion moves are banned\n|rule|Gravity Sleep Clause: The combination of sleep-inducing moves with imperfect accuracy and Gravity or Gigantamax Orbeetle are banned\n|rule|Endless Battle Clause: Forcing endless battles is banned\n|rule|HP Percentage Mod: HP is shown in percentages\n|clearpoke\n|poke|p1|Brambleghast, M|\n|poke|p1|Barraskewda, M|\n|poke|p1|Vullaby, F|\n|poke|p1|Carkol, F|\n|poke|p1|Impidimp, M|\n|poke|p1|Gothita, M|\n|poke|p2|Finneon, M|\n|poke|p2|Tynamo, F|\n|poke|p2|Deerling, F|\n|poke|p2|Crabrawler, M|\n|poke|p2|Toxapex, F|\n|poke|p2|Gulpin, F|\n|teampreview\n|j|*Lady Monita \u2746\n|inactive|gottacatchemalllll also wants the timer to be on.\n|j| DabBuster184\n|c|\u2606gottacatchemalllll|hrllo\n|c|\u2606gottacatchemalllll|hello\n|inactive|gottacatchemalllll has 120 seconds left.\n|\n|t:|1700449099\n|start\n|switch|p1a: Gothita|Gothita, M|100\/100\n|switch|p1b: Impidimp|Impidimp, M, shiny|100\/100\n|switch|p2a: Finneon|Finneon, M|100\/100\n|switch|p2b: Deerling|Deerling, F|100\/100\n|turn|1\n|c|\u2606SeattleShinyShinx|Hell lo\n|\n|t:|1700449118\n|move|p1b: Impidimp|Reflect|p1b: Impidimp\n|-sidestart|p1: SeattleShinyShinx|Reflect\n|move|p2b: Deerling|Headbutt|p1b: Impidimp\n|-damage|p1b: Impidimp|58\/100\n|move|p2a: Finneon|Tailwind|p2a: Finneon\n|-sidestart|p2: gottacatchemalllll|move: Tailwind\n|move|p1a: Gothita|Trick|p2b: Deerling\n|-activate|p1a: Gothita|move: Trick|[of] p2b: Deerling\n|-item|p2b: Deerling|Toxic Orb|[from] move: Trick\n|-item|p1a: Gothita|Eviolite|[from] move: Trick\n|\n|-status|p2b: Deerling|tox|[from] item: Toxic Orb\n|upkeep\n|turn|2\n|\n|t:|1700449142\n|move|p1b: Impidimp|Parting Shot|p2b: Deerling\n|-unboost|p2b: Deerling|atk|1\n|-unboost|p2b: Deerling|spa|1\n|\n|t:|1700449145\n|switch|p1b: Brambleghast|Brambleghast, M|100\/100|[from] Parting Shot\n|move|p2b: Deerling|Headbutt|p1a: Gothita\n|-damage|p1a: Gothita|85\/100\n|move|p2a: Finneon|Dazzling Gleam|p1b: Brambleghast|[spread] p1a,p1b\n|-damage|p1a: Gothita|75\/100\n|-damage|p1b: Brambleghast|92\/100\n|move|p1a: Gothita|Psychic|p2a: Finneon\n|-damage|p2a: Finneon|70\/100\n|-unboost|p2a: Finneon|spd|1\n|\n|-heal|p1b: Brambleghast|98\/100|[from] item: Leftovers\n|-damage|p2b: Deerling|94\/100 tox|[from] psn\n|upkeep\n|turn|3\n|j| mr.pickup\n|l| mr.pickup\n|inactive|gottacatchemalllll has 120 seconds left.\n|\n|t:|1700449193\n|switch|p2b: Gulpin|Gulpin, F, shiny|100\/100\n|switch|p2a: Tynamo|Tynamo, F|100\/100\n|move|p1b: Brambleghast|Power Whip|p2a: Tynamo|[miss]\n|-miss|p1b: Brambleghast|p2a: Tynamo\n|move|p1a: Gothita|Psychic|p2b: Gulpin\n|-supereffective|p2b: Gulpin\n|-damage|p2b: Gulpin|47\/100\n|\n|-heal|p1b: Brambleghast|100\/100|[from] item: Leftovers\n|upkeep\n|turn|4\n|inactive|gottacatchemalllll has 120 seconds left.\n|inactive|gottacatchemalllll has 90 seconds left.\n|\n|t:|1700449239\n|-terastallize|p2b: Gulpin|Ground\n|move|p2a: Tynamo|Thunder Wave|p1b: Brambleghast\n|-status|p1b: Brambleghast|par\n|move|p2b: Gulpin|Toxic Spikes|p1b: Brambleghast\n|-sidestart|p1: SeattleShinyShinx|move: Toxic Spikes\n|move|p1a: Gothita|Psychic|p2b: Gulpin\n|-damage|p2b: Gulpin|17\/100\n|move|p1b: Brambleghast|Leech Seed|p2a: Tynamo\n|-start|p2a: Tynamo|move: Leech Seed\n|\n|-damage|p2a: Tynamo|88\/100|[from] Leech Seed|[of] p1b: Brambleghast\n|-sideend|p2: gottacatchemalllll|move: Tailwind\n|upkeep\n|turn|5\n|\n|t:|1700449260\n|switch|p1a: Carkol|Carkol, F, shiny|100\/100\n|-status|p1a: Carkol|psn\n|move|p2a: Tynamo|Knock Off|p1a: Carkol\n|-damage|p1a: Carkol|91\/100 psn\n|-enditem|p1a: Carkol|Eviolite|[from] move: Knock Off|[of] p2a: Tynamo\n|move|p2b: Gulpin|Toxic Spikes|p1b: Brambleghast\n|-sidestart|p1: SeattleShinyShinx|move: Toxic Spikes\n|cant|p1b: Brambleghast|par\n|\n|-damage|p2a: Tynamo|76\/100|[from] Leech Seed|[of] p1b: Brambleghast\n|-damage|p1a: Carkol|79\/100 psn|[from] psn\n|upkeep\n|turn|6\n|\n|t:|1700449281\n|move|p2a: Tynamo|Knock Off|p1b: Brambleghast\n|-supereffective|p1b: Brambleghast\n|-damage|p1b: Brambleghast|64\/100 par\n|-enditem|p1b: Brambleghast|Leftovers|[from] move: Knock Off|[of] p2a: Tynamo\n|move|p1a: Carkol|Rapid Spin|p2b: Gulpin\n|-damage|p2b: Gulpin|10\/100\n|-boost|p1a: Carkol|spe|1\n|-sideend|p1: SeattleShinyShinx|Toxic Spikes|[from] move: Rapid Spin|[of] p1a: Carkol\n|move|p2b: Gulpin|Gunk Shot|p1b: Brambleghast|[miss]\n|-miss|p2b: Gulpin|p1b: Brambleghast\n|move|p1b: Brambleghast|Poltergeist|p2a: Tynamo\n|-activate|p2a: Tynamo|move: Poltergeist|Focus Sash\n|-damage|p2a: Tynamo|0 fnt\n|faint|p2a: Tynamo\n|\n|-damage|p1a: Carkol|67\/100 psn|[from] psn\n|upkeep\n|inactive|gottacatchemalllll has 90 seconds left.\n|\n|t:|1700449298\n|switch|p2a: Deerling|Deerling, F|94\/100 tox\n|turn|7\n|\n|t:|1700449321\n|switch|p1b: Vullaby|Vullaby, F|100\/100\n|move|p2a: Deerling|Agility|p2a: Deerling\n|-boost|p2a: Deerling|spe|2\n|move|p1a: Carkol|Body Press|p2b: Gulpin\n|-damage|p2b: Gulpin|0 fnt\n|faint|p2b: Gulpin\n|\n|-damage|p2a: Deerling|88\/100 tox|[from] psn\n|-damage|p1a: Carkol|54\/100 psn|[from] psn\n|upkeep\n|inactive|gottacatchemalllll has 90 seconds left.\n|\n|t:|1700449341\n|switch|p2b: Crabrawler|Crabrawler, M|100\/100\n|turn|8\n|\n|t:|1700449358\n|move|p2a: Deerling|Headbutt|p1b: Vullaby\n|-damage|p1b: Vullaby|91\/100\n|move|p1a: Carkol|Will-O-Wisp|p2b: Crabrawler\n|-status|p2b: Crabrawler|brn\n|move|p2b: Crabrawler|Crabhammer|p1a: Carkol\n|-supereffective|p1a: Carkol\n|-damage|p1a: Carkol|13\/100 psn\n|cant|p1b: Vullaby|flinch\n|\n|-damage|p2a: Deerling|76\/100 tox|[from] psn\n|-damage|p1a: Carkol|1\/100 psn|[from] psn\n|-damage|p2b: Crabrawler|94\/100 brn|[from] brn\n|-sideend|p1: SeattleShinyShinx|Reflect\n|upkeep\n|turn|9\n|j| mr.pickup\n|inactive|gottacatchemalllll has 90 seconds left.\n|\n|t:|1700449395\n|move|p2a: Deerling|Headbutt|p1b: Vullaby\n|-damage|p1b: Vullaby|77\/100\n|move|p1a: Carkol|Body Press|p2a: Deerling\n|-supereffective|p2a: Deerling\n|-damage|p2a: Deerling|0 fnt\n|faint|p2a: Deerling\n|move|p2b: Crabrawler|Drain Punch|p1b: Vullaby\n|-damage|p1b: Vullaby|66\/100\n|-heal|p2b: Crabrawler|100\/100 brn|[from] drain|[of] p1b: Vullaby\n|cant|p1b: Vullaby|flinch\n|\n|-damage|p1a: Carkol|0 fnt|[from] psn\n|faint|p1a: Carkol\n|-damage|p2b: Crabrawler|94\/100 brn|[from] brn\n|upkeep\n|\n|t:|1700449410\n|switch|p2a: Finneon|Finneon, M|70\/100\n|switch|p1a: Impidimp|Impidimp, M, shiny|58\/100\n|turn|10\n|\n|t:|1700449431\n|move|p1a: Impidimp|Light Screen|p1a: Impidimp\n|-sidestart|p1: SeattleShinyShinx|move: Light Screen\n|move|p2a: Finneon|Icy Wind|p1b: Vullaby|[spread] p1a,p1b\n|-supereffective|p1b: Vullaby\n|-damage|p1a: Impidimp|52\/100\n|-damage|p1b: Vullaby|59\/100\n|-unboost|p1a: Impidimp|spe|1\n|-unboost|p1b: Vullaby|spe|1\n|move|p2b: Crabrawler|Drain Punch|p1b: Vullaby\n|-damage|p1b: Vullaby|48\/100\n|-heal|p2b: Crabrawler|100\/100 brn|[from] drain|[of] p1b: Vullaby\n|move|p1b: Vullaby|Tailwind|p1b: Vullaby\n|-sidestart|p1: SeattleShinyShinx|move: Tailwind\n|\n|-damage|p2b: Crabrawler|94\/100 brn|[from] brn\n|upkeep\n|turn|11\n|inactive|gottacatchemalllll has 120 seconds left.\n|\n|t:|1700449458\n|move|p1a: Impidimp|Parting Shot|p2a: Finneon\n|-unboost|p2a: Finneon|atk|1\n|-unboost|p2a: Finneon|spa|1\n|j| Adarshkr\n|\n|t:|1700449460\n|switch|p1a: Brambleghast|Brambleghast, M|64\/100 par|[from] Parting Shot\n|-ability|p1a: Brambleghast|Wind Rider|boost\n|-boost|p1a: Brambleghast|atk|1\n|move|p1b: Vullaby|Roost|p1b: Vullaby\n|-heal|p1b: Vullaby|98\/100\n|-singleturn|p1b: Vullaby|move: Roost\n|move|p2a: Finneon|Dazzling Gleam|p1b: Vullaby|[spread] p1a,p1b\n|-supereffective|p1b: Vullaby\n|-damage|p1a: Brambleghast|60\/100 par\n|-damage|p1b: Vullaby|91\/100\n|move|p2b: Crabrawler|Knock Off|p1b: Vullaby\n|-resisted|p1b: Vullaby\n|-damage|p1b: Vullaby|87\/100\n|-enditem|p1b: Vullaby|Eviolite|[from] move: Knock Off|[of] p2b: Crabrawler\n|\n|-damage|p2b: Crabrawler|88\/100 brn|[from] brn\n|upkeep\n|turn|12\n|inactive|gottacatchemalllll has 120 seconds left.\n|\n|t:|1700449492\n|switch|p2a: Toxapex|Toxapex, F|100\/100\n|cant|p1a: Brambleghast|par\n|move|p1b: Vullaby|U-turn|p2b: Crabrawler\n|-resisted|p2b: Crabrawler\n|-damage|p2b: Crabrawler|80\/100 brn\n|\n|t:|1700449499\n|switch|p1b: Gothita|Gothita, M|75\/100|[from] U-turn\n|move|p2b: Crabrawler|Ice Punch|p1a: Brambleghast\n|-supereffective|p1a: Brambleghast\n|-damage|p1a: Brambleghast|22\/100 par\n|\n|-damage|p2b: Crabrawler|74\/100 brn|[from] brn\n|upkeep\n|turn|13\n|inactive|gottacatchemalllll has 120 seconds left.\n|\n|t:|1700449514\n|switch|p2a: Finneon|Finneon, M|70\/100\n|move|p1b: Gothita|Psychic|p2a: Finneon\n|-damage|p2a: Finneon|44\/100\n|cant|p1a: Brambleghast|par\n|move|p2b: Crabrawler|Ice Punch|p1a: Brambleghast\n|-supereffective|p1a: Brambleghast\n|-damage|p1a: Brambleghast|0 fnt\n|faint|p1a: Brambleghast\n|\n|-damage|p2b: Crabrawler|68\/100 brn|[from] brn\n|-sideend|p1: SeattleShinyShinx|move: Tailwind\n|upkeep\n|\n|t:|1700449524\n|switch|p1a: Barraskewda|Barraskewda, M|100\/100\n|turn|14\n|\n|t:|1700449536\n|switch|p1b: Impidimp|Impidimp, M, shiny|52\/100\n|move|p1a: Barraskewda|Flip Turn|p2b: Crabrawler\n|-damage|p2b: Crabrawler|0 fnt\n|faint|p2b: Crabrawler\n|\n|t:|1700449543\n|switch|p1a: Vullaby|Vullaby, F|87\/100|[from] Flip Turn\n|move|p2a: Finneon|Icy Wind|p1a: Vullaby|[spread] p1a,p1b\n|-supereffective|p1a: Vullaby\n|-damage|p1a: Vullaby|76\/100\n|-damage|p1b: Impidimp|46\/100\n|-unboost|p1a: Vullaby|spe|1\n|-unboost|p1b: Impidimp|spe|1\n|\n|upkeep\n|\n|t:|1700449552\n|switch|p2b: Toxapex|Toxapex, F|100\/100\n|turn|15\n|\n|t:|1700449569\n|move|p1b: Impidimp|Taunt|p2b: Toxapex\n|-start|p2b: Toxapex|move: Taunt\n|move|p2a: Finneon|Dazzling Gleam|p1b: Impidimp|[spread] p1a,p1b\n|-supereffective|p1a: Vullaby\n|-supereffective|p1b: Impidimp\n|-damage|p1a: Vullaby|60\/100\n|-damage|p1b: Impidimp|31\/100\n|cant|p2b: Toxapex|move: Taunt|Iron Defense\n|move|p1a: Vullaby|Tailwind|p1a: Vullaby\n|-sidestart|p1: SeattleShinyShinx|move: Tailwind\n|\n|upkeep\n|turn|16\n|\n|t:|1700449589\n|move|p1b: Impidimp|Parting Shot|p2a: Finneon\n|-unboost|p2a: Finneon|atk|1\n|-unboost|p2a: Finneon|spa|1\n|\n|t:|1700449591\n|switch|p1b: Barraskewda|Barraskewda, M|100\/100|[from] Parting Shot\n|move|p1a: Vullaby|Foul Play|p2a: Finneon\n|-damage|p2a: Finneon|35\/100\n|move|p2a: Finneon|Dazzling Gleam|p1b: Barraskewda|[spread] p1a,p1b\n|-supereffective|p1a: Vullaby\n|-damage|p1a: Vullaby|50\/100\n|-damage|p1b: Barraskewda|91\/100\n|move|p2b: Toxapex|Gunk Shot|p1b: Barraskewda\n|-damage|p1b: Barraskewda|33\/100\n|\n|upkeep\n|turn|17\n|\n|t:|1700449612\n|move|p1b: Barraskewda|Flip Turn|p2a: Finneon\n|-ability|p2a: Finneon|Storm Drain|boost\n|-boost|p2a: Finneon|spa|1\n|move|p1a: Vullaby|Foul Play|p2b: Toxapex\n|-damage|p2b: Toxapex|82\/100\n|move|p2a: Finneon|Icy Wind|p1b: Barraskewda|[spread] p1a,p1b\n|-supereffective|p1a: Vullaby\n|-resisted|p1b: Barraskewda\n|-damage|p1a: Vullaby|38\/100\n|-damage|p1b: Barraskewda|29\/100\n|-unboost|p1a: Vullaby|spe|1\n|-unboost|p1b: Barraskewda|spe|1\n|move|p2b: Toxapex|Gunk Shot|p1b: Barraskewda\n|-damage|p1b: Barraskewda|0 fnt\n|faint|p1b: Barraskewda\n|\n|-heal|p2b: Toxapex|89\/100|[from] item: Leftovers\n|-end|p2b: Toxapex|move: Taunt\n|-sideend|p1: SeattleShinyShinx|move: Light Screen\n|upkeep\n|\n|t:|1700449620\n|switch|p1b: Gothita|Gothita, M|75\/100\n|turn|18\n|\n|t:|1700449638\n|move|p2b: Toxapex|Baneful Bunker|p2b: Toxapex\n|-singleturn|p2b: Toxapex|move: Protect\n|move|p1b: Gothita|Psychic|p2b: Toxapex\n|-activate|p2b: Toxapex|move: Protect\n|move|p2a: Finneon|Icy Wind|p1a: Vullaby|[spread] p1a,p1b\n|-supereffective|p1a: Vullaby\n|-damage|p1a: Vullaby|23\/100\n|-damage|p1b: Gothita|68\/100\n|-unboost|p1a: Vullaby|spe|1\n|-unboost|p1b: Gothita|spe|1\n|-ability|p1b: Gothita|Competitive|boost\n|-boost|p1b: Gothita|spa|2\n|move|p1a: Vullaby|Foul Play|p2a: Finneon\n|-damage|p2a: Finneon|26\/100\n|\n|-heal|p2b: Toxapex|95\/100|[from] item: Leftovers\n|-sideend|p1: SeattleShinyShinx|move: Tailwind\n|upkeep\n|turn|19\n|j| Ko\u2019sLegendarygames\n|\n|t:|1700449662\n|move|p2a: Finneon|Helping Hand|p2b: Toxapex\n|-singleturn|p2b: Toxapex|Helping Hand|[of] p2a: Finneon\n|move|p2b: Toxapex|Gunk Shot|p1b: Gothita|[miss]\n|-miss|p2b: Toxapex|p1b: Gothita\n|move|p1b: Gothita|Psychic|p2b: Toxapex\n|-supereffective|p2b: Toxapex\n|-damage|p2b: Toxapex|18\/100\n|-unboost|p2b: Toxapex|spd|1\n|move|p1a: Vullaby|Tailwind|p1a: Vullaby\n|-sidestart|p1: SeattleShinyShinx|move: Tailwind\n|\n|-heal|p2b: Toxapex|24\/100|[from] item: Leftovers\n|upkeep\n|turn|20\n|c|\u2606SeattleShinyShinx|Gg\n|c|\u2606gottacatchemalllll|gg\n|j| kanako-kun\n|\n|t:|1700449678\n|move|p2a: Finneon|Icy Wind|p1a: Vullaby|[spread] p1a,p1b\n|-supereffective|p1a: Vullaby\n|-damage|p1a: Vullaby|7\/100\n|-damage|p1b: Gothita|61\/100\n|-unboost|p1a: Vullaby|spe|1\n|-unboost|p1b: Gothita|spe|1\n|-ability|p1b: Gothita|Competitive|boost\n|-boost|p1b: Gothita|spa|2\n|move|p1b: Gothita|Psychic|p2b: Toxapex\n|-supereffective|p2b: Toxapex\n|-damage|p2b: Toxapex|0 fnt\n|faint|p2b: Toxapex\n|move|p1a: Vullaby|Foul Play|p2a: Finneon\n|-damage|p2a: Finneon|18\/100\n|\n|upkeep\n|turn|21\n|\n|t:|1700449696\n|-terastallize|p1b: Gothita|Dark\n|move|p2a: Finneon|Dazzling Gleam|p1a: Vullaby|[spread] p1a,p1b\n|-supereffective|p1a: Vullaby\n|-supereffective|p1b: Gothita\n|-damage|p1a: Vullaby|0 fnt\n|-damage|p1b: Gothita|41\/100\n|faint|p1a: Vullaby\n|move|p1b: Gothita|Dark Pulse|p2a: Finneon\n|-damage|p2a: Finneon|0 fnt\n|faint|p2a: Finneon\n|\n|win|SeattleShinyShinx\n|n|\u2606SeattleShinyShinx|seattleshinyshinx\n|n|\u2606gottacatchemalllll|gottacatchemalllll\n|n|*Lady Monita \u2746|ladymonita\n|n| DabBuster184|dabbuster184\n|n| mr.pickup|mrpickup\n|n| Adarshkr|adarshkr\n|n| Ko\u2019sLegendarygames|koslegendarygames\n|n| kanako-kun|kanakokun\n","uploadtime":1700449697,"views":7,"p1id":"seattleshinyshinx","p2id":"gottacatchemalllll","formatid":"gen9doublesou","rating":0,"private":0,"password":""}