{"id":"gen9doublesou-1990503494","p1":"EngineerPlaysMons","p2":"xtevia","format":"[Gen 9] Doubles OU","log":"|j|\u2606EngineerPlaysMons\n|j|\u2606xtevia\n|t:|1699976807\n|gametype|doubles\n|player|p1|EngineerPlaysMons|schoolkid-gen4|1681\n|player|p2|xtevia|266|1664\n|teamsize|p1|6\n|teamsize|p2|6\n|gen|9\n|tier|[Gen 9] Doubles OU\n|rated|\n|rule|Species Clause: Limit one of each Pok\u00e9mon\n|rule|OHKO Clause: OHKO moves are banned\n|rule|Evasion Moves Clause: Evasion moves are banned\n|rule|Gravity Sleep Clause: The combination of sleep-inducing moves with imperfect accuracy and Gravity or Gigantamax Orbeetle are banned\n|rule|Endless Battle Clause: Forcing endless battles is banned\n|rule|HP Percentage Mod: HP is shown in percentages\n|clearpoke\n|poke|p1|Rillaboom, F|\n|poke|p1|Ninetales-Alola, F|\n|poke|p1|Glimmora, F|\n|poke|p1|Sinistcha-Masterpiece|\n|poke|p1|Volcanion|\n|poke|p1|Chi-Yu|\n|poke|p2|Toxapex, M|\n|poke|p2|Landorus-Therian, M|\n|poke|p2|Volcanion|\n|poke|p2|Kleavor, F|\n|poke|p2|Chien-Pao|\n|poke|p2|Rillaboom, F|\n|teampreview\n|inactive|Battle timer is ON: inactive players will automatically lose when time's up. (requested by EngineerPlaysMons)\n|inactive|xtevia has 120 seconds left.\n|\n|t:|1699976853\n|start\n|switch|p1a: Ninetales|Ninetales-Alola, F|100\/100\n|switch|p1b: Glimmora|Glimmora, F|100\/100\n|switch|p2a: Landorus|Landorus-Therian, M|100\/100\n|switch|p2b: Kleavor|Kleavor, F|100\/100\n|-weather|Snow|[from] ability: Snow Warning|[of] p1a: Ninetales\n|-ability|p2a: Landorus|Intimidate|boost\n|-unboost|p1a: Ninetales|atk|1\n|-unboost|p1b: Glimmora|atk|1\n|turn|1\n|\n|t:|1699976876\n|switch|p2a: Toxapex|Toxapex, M|100\/100\n|move|p2b: Kleavor|Stone Axe|p1a: Ninetales\n|-supereffective|p1a: Ninetales\n|-damage|p1a: Ninetales|0 fnt\n|-sidestart|p1: EngineerPlaysMons|move: Stealth Rock\n|faint|p1a: Ninetales\n|move|p1b: Glimmora|Stealth Rock|p2a: Toxapex\n|-sidestart|p2: xtevia|move: Stealth Rock\n|\n|-weather|Snow|[upkeep]\n|upkeep\n|inactive|EngineerPlaysMons has 120 seconds left.\n|inactive|EngineerPlaysMons has 90 seconds left.\n|\n|t:|1699976933\n|switch|p1a: Sinistcha|Sinistcha-Masterpiece|100\/100\n|-damage|p1a: Sinistcha|88\/100|[from] Stealth Rock\n|turn|2\n|\n|t:|1699976953\n|switch|p2b: Landorus|Landorus-Therian, M|100\/100\n|-damage|p2b: Landorus|88\/100|[from] Stealth Rock\n|-ability|p2b: Landorus|Intimidate|boost\n|-unboost|p1a: Sinistcha|atk|1\n|-unboost|p1b: Glimmora|atk|1\n|-terastallize|p1a: Sinistcha|Water\n|move|p1b: Glimmora|Power Gem|p2a: Toxapex\n|-crit|p2a: Toxapex\n|-damage|p2a: Toxapex|53\/100\n|move|p1a: Sinistcha|Matcha Gotcha|p2b: Landorus|[spread] p2a,p2b\n|-damage|p2a: Toxapex|33\/100\n|-heal|p1a: Sinistcha|98\/100|[from] drain|[of] p2a: Toxapex\n|-damage|p2b: Landorus|52\/100\n|-heal|p1a: Sinistcha|100\/100|[from] drain|[of] p2b: Landorus\n|move|p2a: Toxapex|Infestation|p1b: Glimmora\n|-resisted|p1b: Glimmora\n|-damage|p1b: Glimmora|99\/100\n|-activate|p1b: Glimmora|move: Infestation|[of] p2a: Toxapex\n|\n|-weather|Snow|[upkeep]\n|-damage|p1b: Glimmora|86\/100|[from] move: Infestation|[partiallytrapped]\n|upkeep\n|turn|3\n|inactive|EngineerPlaysMons has 120 seconds left.\n|\n|t:|1699976983\n|move|p2a: Toxapex|Wide Guard|p2a: Toxapex\n|-singleturn|p2a: Toxapex|Wide Guard\n|move|p2b: Landorus|Earth Power|p1b: Glimmora\n|-supereffective|p1b: Glimmora\n|-damage|p1b: Glimmora|0 fnt\n|faint|p1b: Glimmora\n|move|p1a: Sinistcha|Matcha Gotcha|p2a: Toxapex|[spread] \n|-activate|p2a: Toxapex|move: Wide Guard\n|-activate|p2b: Landorus|move: Wide Guard\n|\n|-weather|Snow|[upkeep]\n|upkeep\n|\n|t:|1699976994\n|switch|p1b: Rillaboom|Rillaboom, F|100\/100\n|-damage|p1b: Rillaboom|88\/100|[from] Stealth Rock\n|-fieldstart|move: Grassy Terrain|[from] ability: Grassy Surge|[of] p1b: Rillaboom\n|turn|4\n|\n|t:|1699977020\n|switch|p2b: Rillaboom|Rillaboom, F|100\/100\n|-damage|p2b: Rillaboom|88\/100|[from] Stealth Rock\n|switch|p2a: Volcanion|Volcanion|100\/100\n|-damage|p2a: Volcanion|76\/100|[from] Stealth Rock\n|move|p1b: Rillaboom|Fake Out|p2a: Volcanion\n|-damage|p2a: Volcanion|64\/100\n|move|p1a: Sinistcha|Matcha Gotcha|p2a: Volcanion|[spread] p2a,p2b\n|-resisted|p2b: Rillaboom\n|-damage|p2a: Volcanion|29\/100\n|-damage|p2b: Rillaboom|70\/100\n|-status|p2b: Rillaboom|brn\n|\n|-weather|Snow|[upkeep]\n|-heal|p1b: Rillaboom|94\/100|[from] Grassy Terrain\n|-heal|p2b: Rillaboom|76\/100 brn|[from] Grassy Terrain\n|-heal|p2a: Volcanion|35\/100|[from] Grassy Terrain\n|-damage|p2b: Rillaboom|70\/100 brn|[from] brn\n|upkeep\n|turn|5\n|inactive|EngineerPlaysMons has 120 seconds left.\n|\n|t:|1699977053\n|move|p1a: Sinistcha|Protect|p1a: Sinistcha\n|-singleturn|p1a: Sinistcha|Protect\n|move|p2a: Volcanion|Protect|p2a: Volcanion\n|-singleturn|p2a: Volcanion|Protect\n|move|p1b: Rillaboom|Wood Hammer|p2b: Rillaboom\n|-resisted|p2b: Rillaboom\n|-damage|p2b: Rillaboom|35\/100 brn\n|-damage|p1b: Rillaboom|80\/100|[from] Recoil\n|move|p2b: Rillaboom|Wood Hammer|p1a: Sinistcha\n|-activate|p1a: Sinistcha|move: Protect\n|\n|-weather|none\n|-heal|p1b: Rillaboom|86\/100|[from] Grassy Terrain\n|-heal|p2b: Rillaboom|41\/100 brn|[from] Grassy Terrain\n|-heal|p2a: Volcanion|41\/100|[from] Grassy Terrain\n|-damage|p2b: Rillaboom|35\/100 brn|[from] brn\n|upkeep\n|turn|6\n|inactive|EngineerPlaysMons has 120 seconds left.\n|\n|t:|1699977080\n|switch|p1a: Chi-Yu|Chi-Yu|100\/100\n|-damage|p1a: Chi-Yu|76\/100|[from] Stealth Rock\n|-ability|p1a: Chi-Yu|Beads of Ruin\n|move|p1b: Rillaboom|Wood Hammer|p2a: Volcanion\n|-damage|p2a: Volcanion|0 fnt\n|faint|p2a: Volcanion\n|-damage|p1b: Rillaboom|72\/100|[from] Recoil\n|move|p2b: Rillaboom|Wood Hammer|p1a: Chi-Yu\n|-resisted|p1a: Chi-Yu\n|-damage|p1a: Chi-Yu|39\/100\n|-damage|p2b: Rillaboom|27\/100 brn|[from] Recoil\n|\n|-heal|p1a: Chi-Yu|45\/100|[from] Grassy Terrain\n|-heal|p1b: Rillaboom|78\/100|[from] Grassy Terrain\n|-heal|p2b: Rillaboom|33\/100 brn|[from] Grassy Terrain\n|-damage|p2b: Rillaboom|27\/100 brn|[from] brn\n|upkeep\n|inactive|xtevia has 120 seconds left.\n|\n|t:|1699977097\n|switch|p2a: Kleavor|Kleavor, F|100\/100\n|-damage|p2a: Kleavor|76\/100|[from] Stealth Rock\n|turn|7\n|\n|t:|1699977107\n|switch|p2b: Landorus|Landorus-Therian, M|52\/100\n|-damage|p2b: Landorus|40\/100|[from] Stealth Rock\n|-ability|p2b: Landorus|Intimidate|boost\n|-unboost|p1a: Chi-Yu|atk|1\n|-unboost|p1b: Rillaboom|atk|1\n|move|p1b: Rillaboom|Grassy Glide|p2a: Kleavor\n|-damage|p2a: Kleavor|42\/100\n|move|p1a: Chi-Yu|Heat Wave|p2a: Kleavor|[spread] p2a,p2b\n|-damage|p2a: Kleavor|0 fnt\n|-damage|p2b: Landorus|0 fnt\n|faint|p2a: Kleavor\n|faint|p2b: Landorus\n|\n|-heal|p1a: Chi-Yu|51\/100|[from] Grassy Terrain\n|-heal|p1b: Rillaboom|84\/100|[from] Grassy Terrain\n|upkeep\n|\n|t:|1699977121\n|switch|p2b: Chien-Pao|Chien-Pao|100\/100\n|switch|p2a: Rillaboom|Rillaboom, F|27\/100 brn\n|-damage|p2b: Chien-Pao|76\/100|[from] Stealth Rock\n|-ability|p2b: Chien-Pao|Sword of Ruin\n|-damage|p2a: Rillaboom|15\/100 brn|[from] Stealth Rock\n|turn|8\n|\n|t:|1699977141\n|move|p2a: Rillaboom|Fake Out|p1b: Rillaboom\n|-damage|p1b: Rillaboom|74\/100\n|move|p1a: Chi-Yu|Heat Wave|p2a: Rillaboom|[spread] p2a,p2b\n|-supereffective|p2a: Rillaboom\n|-supereffective|p2b: Chien-Pao\n|-damage|p2a: Rillaboom|0 fnt\n|-damage|p2b: Chien-Pao|0 fnt\n|faint|p2a: Rillaboom\n|faint|p2b: Chien-Pao\n|cant|p1b: Rillaboom|flinch\n|\n|-heal|p1a: Chi-Yu|57\/100|[from] Grassy Terrain\n|-heal|p1b: Rillaboom|81\/100|[from] Grassy Terrain\n|-fieldend|move: Grassy Terrain\n|upkeep\n|-message|xtevia forfeited.\n|\n|win|EngineerPlaysMons\n|raw|EngineerPlaysMons's rating: 1681 &rarr; <strong>1701<\/strong><br \/>(+20 for winning)\n|raw|xtevia's rating: 1675 &rarr; <strong>1655<\/strong><br \/>(-20 for losing)\n|l|\u2606xtevia\n","uploadtime":1699977352,"views":4,"p1id":"engineerplaysmons","p2id":"xtevia","formatid":"gen9doublesou","rating":1655,"private":0,"password":""}