{"id":"gen9doublesou-1978891107","p1":"volitial27","p2":"FassMatt","format":"[Gen 9] Doubles OU","log":"|j|\u2606volitial27\n|j|\u2606FassMatt\n|t:|1698607101\n|gametype|doubles\n|player|p1|volitial27|265|1306\n|player|p2|FassMatt|hilbert|1243\n|teamsize|p1|6\n|teamsize|p2|6\n|gen|9\n|tier|[Gen 9] Doubles OU\n|rated|\n|rule|Species Clause: Limit one of each Pok\u00e9mon\n|rule|OHKO Clause: OHKO moves are banned\n|rule|Evasion Moves Clause: Evasion moves are banned\n|rule|Gravity Sleep Clause: The combination of sleep-inducing moves with imperfect accuracy and Gravity or Gigantamax Orbeetle are banned\n|rule|Endless Battle Clause: Forcing endless battles is banned\n|rule|HP Percentage Mod: HP is shown in percentages\n|clearpoke\n|poke|p1|Chi-Yu|\n|poke|p1|Baxcalibur, F|\n|poke|p1|Iron Bundle|\n|poke|p1|Abomasnow, M|\n|poke|p1|Tornadus, M|\n|poke|p1|Regieleki|\n|poke|p2|Torkoal, M|\n|poke|p2|Chi-Yu|\n|poke|p2|Tornadus, M|\n|poke|p2|Ogerpon-Hearthflame, F|\n|poke|p2|Cresselia, F|\n|poke|p2|Charizard, F|\n|teampreview\n|inactive|Battle timer is ON: inactive players will automatically lose when time's up. (requested by FassMatt)\n|\n|t:|1698607113\n|start\n|switch|p1a: Regieleki|Regieleki|100\/100\n|switch|p1b: Iron Bundle|Iron Bundle|100\/100\n|switch|p2a: Torkoal|Torkoal, M|100\/100\n|switch|p2b: Chi-Yu|Chi-Yu|100\/100\n|-ability|p2b: Chi-Yu|Beads of Ruin\n|-weather|SunnyDay|[from] ability: Drought|[of] p2a: Torkoal\n|turn|1\n|\n|t:|1698607137\n|move|p1a: Regieleki|Volt Switch|p2a: Torkoal\n|-damage|p2a: Torkoal|52\/100\n|\n|t:|1698607141\n|switch|p1a: Abomasnow|Abomasnow, M|100\/100|[from] Volt Switch\n|-weather|Snow|[from] ability: Snow Warning|[of] p1a: Abomasnow\n|move|p1b: Iron Bundle|Blizzard|p2a: Torkoal|[spread] p2a,p2b\n|-resisted|p2a: Torkoal\n|-resisted|p2b: Chi-Yu\n|-damage|p2a: Torkoal|29\/100\n|-damage|p2b: Chi-Yu|71\/100\n|-damage|p1b: Iron Bundle|91\/100|[from] item: Life Orb\n|move|p2b: Chi-Yu|Heat Wave|p1b: Iron Bundle|[spread] p1a,p1b\n|-supereffective|p1a: Abomasnow\n|-damage|p1a: Abomasnow|0 fnt\n|-damage|p1b: Iron Bundle|0 fnt\n|faint|p1a: Abomasnow\n|faint|p1b: Iron Bundle\n|-end|p1b: Iron Bundle|Quark Drive|[silent]\n|move|p2a: Torkoal|Lava Plume|p2b: Chi-Yu\n|-resisted|p2b: Chi-Yu\n|-damage|p2b: Chi-Yu|56\/100\n|\n|-weather|Snow|[upkeep]\n|upkeep\n|inactive|volitial27 has 120 seconds left.\n|\n|t:|1698607163\n|switch|p1b: Baxcalibur|Baxcalibur, F|100\/100\n|switch|p1a: Regieleki|Regieleki|100\/100\n|turn|2\n|\n|t:|1698607173\n|-terastallize|p1b: Baxcalibur|Water\n|move|p1a: Regieleki|Electroweb|p2b: Chi-Yu|[spread] p2b\n|-miss|p1a: Regieleki|p2a: Torkoal\n|-damage|p2b: Chi-Yu|14\/100\n|-unboost|p2b: Chi-Yu|spe|1\n|move|p1b: Baxcalibur|Dragon Dance|p1b: Baxcalibur\n|-boost|p1b: Baxcalibur|atk|1\n|-boost|p1b: Baxcalibur|spe|1\n|move|p2b: Chi-Yu|Heat Wave|p1a: Regieleki|[spread] p1a,p1b\n|-resisted|p1b: Baxcalibur\n|-damage|p1a: Regieleki|0 fnt\n|-damage|p1b: Baxcalibur|62\/100\n|-ability|p1b: Baxcalibur|Thermal Exchange|boost\n|-boost|p1b: Baxcalibur|atk|1\n|faint|p1a: Regieleki\n|move|p2a: Torkoal|Earth Power|p1b: Baxcalibur\n|-damage|p1b: Baxcalibur|33\/100\n|\n|-weather|Snow|[upkeep]\n|-heal|p1b: Baxcalibur|39\/100|[from] item: Leftovers\n|upkeep\n|\n|t:|1698607195\n|switch|p1a: Tornadus|Tornadus, M|100\/100\n|turn|3\n|\n|t:|1698607205\n|move|p1b: Baxcalibur|Aqua Tail|p2a: Torkoal\n|-supereffective|p2a: Torkoal\n|-damage|p2a: Torkoal|0 fnt\n|faint|p2a: Torkoal\n|move|p1a: Tornadus|Bleakwind Storm|p2b: Chi-Yu\n|-damage|p2b: Chi-Yu|0 fnt\n|faint|p2b: Chi-Yu\n|\n|-weather|Snow|[upkeep]\n|-heal|p1b: Baxcalibur|46\/100|[from] item: Leftovers\n|upkeep\n|\n|t:|1698607215\n|switch|p2b: Ogerpon|Ogerpon-Hearthflame, F|100\/100\n|switch|p2a: Tornadus|Tornadus, M|100\/100\n|-ability|p2b: Ogerpon|Mold Breaker\n|turn|4\n|\n|t:|1698607231\n|move|p2b: Ogerpon|Protect|p2b: Ogerpon\n|-singleturn|p2b: Ogerpon|Protect\n|move|p1a: Tornadus|Tailwind|p1a: Tornadus\n|-sidestart|p1: volitial27|move: Tailwind\n|move|p1b: Baxcalibur|Glaive Rush|p2b: Ogerpon\n|-activate|p2b: Ogerpon|move: Protect\n|move|p2a: Tornadus|Icy Wind|p1b: Baxcalibur|[spread] p1a,p1b\n|-supereffective|p1a: Tornadus\n|-resisted|p1b: Baxcalibur\n|-damage|p1a: Tornadus|62\/100\n|-damage|p1b: Baxcalibur|39\/100\n|-unboost|p1a: Tornadus|spe|1\n|-unboost|p1b: Baxcalibur|spe|1\n|\n|-weather|Snow|[upkeep]\n|-heal|p1b: Baxcalibur|45\/100|[from] item: Leftovers\n|upkeep\n|turn|5\n|\n|t:|1698607253\n|move|p2a: Tornadus|Sunny Day|p2a: Tornadus\n|-weather|SunnyDay\n|move|p1b: Baxcalibur|Glaive Rush|p2b: Ogerpon\n|-damage|p2b: Ogerpon|0 fnt\n|-singlemove|p1b: Baxcalibur|Glaive Rush|[silent]\n|faint|p2b: Ogerpon\n|move|p1a: Tornadus|Bleakwind Storm|p2a: Tornadus\n|-damage|p2a: Tornadus|32\/100\n|\n|-weather|SunnyDay|[upkeep]\n|-heal|p1b: Baxcalibur|51\/100|[from] item: Leftovers\n|upkeep\n|\n|t:|1698607262\n|switch|p2b: Charizard|Charizard, F|100\/100\n|turn|6\n|\n|t:|1698607275\n|move|p1b: Baxcalibur|Glaive Rush|p2b: Charizard\n|-damage|p2b: Charizard|0 fnt\n|-singlemove|p1b: Baxcalibur|Glaive Rush|[silent]\n|faint|p2b: Charizard\n|move|p1a: Tornadus|Bleakwind Storm|p2a: Tornadus\n|-damage|p2a: Tornadus|0 fnt\n|faint|p2a: Tornadus\n|\n|-weather|SunnyDay|[upkeep]\n|-heal|p1b: Baxcalibur|57\/100|[from] item: Leftovers\n|upkeep\n|n|!FassMatt|fassmatt\n|\n|t:|1698607290\n|switch|p2b: Cresselia|Cresselia, F|100\/100\n|turn|7\n|\n|t:|1698607300\n|-terastallize|p2b: Cresselia|Steel\n|move|p1b: Baxcalibur|Glaive Rush|p2b: Cresselia\n|-resisted|p2b: Cresselia\n|-damage|p2b: Cresselia|60\/100\n|-singlemove|p1b: Baxcalibur|Glaive Rush|[silent]\n|move|p1a: Tornadus|Sludge Bomb|p2b: Cresselia\n|-immune|p2b: Cresselia\n|move|p2b: Cresselia|Icy Wind|p1b: Baxcalibur|[spread] p1a,p1b\n|-supereffective|p1a: Tornadus\n|-resisted|p1b: Baxcalibur\n|-damage|p1a: Tornadus|42\/100\n|-damage|p1b: Baxcalibur|48\/100\n|-unboost|p1a: Tornadus|spe|1\n|-unboost|p1b: Baxcalibur|spe|1\n|\n|-weather|SunnyDay|[upkeep]\n|-heal|p1b: Baxcalibur|54\/100|[from] item: Leftovers\n|-heal|p2b: Cresselia|66\/100|[from] item: Leftovers\n|-sideend|p1: volitial27|move: Tailwind\n|upkeep\n|turn|8\n|\n|t:|1698607326\n|move|p2b: Cresselia|Protect|p2b: Cresselia\n|-singleturn|p2b: Cresselia|Protect\n|move|p1a: Tornadus|Taunt|p2b: Cresselia\n|-activate|p2b: Cresselia|move: Protect\n|move|p1b: Baxcalibur|Dragon Dance|p1b: Baxcalibur\n|-boost|p1b: Baxcalibur|atk|1\n|-boost|p1b: Baxcalibur|spe|1\n|\n|-weather|SunnyDay|[upkeep]\n|-heal|p1b: Baxcalibur|61\/100|[from] item: Leftovers\n|-heal|p2b: Cresselia|72\/100|[from] item: Leftovers\n|upkeep\n|turn|9\n|-message|FassMatt forfeited.\n|\n|win|volitial27\n|raw|volitial27's rating: 1306 &rarr; <strong>1322<\/strong><br \/>(+16 for winning)\n|raw|FassMatt's rating: 1243 &rarr; <strong>1222<\/strong><br \/>(-21 for losing)\n|l|!FassMatt\n","uploadtime":1698607288,"views":22,"p1id":"volitial27","p2id":"fassmatt","formatid":"gen9doublesou","rating":1222,"private":0,"password":""}