{"id":"gen9doublesou-1992057097","p1":"Mister Huang","p2":"bumsh","format":"[Gen 9] Doubles OU","log":"|j|\u2606Mister Huang\n|j|\u2606bumsh\n|t:|1700151481\n|gametype|doubles\n|player|p1|Mister Huang|ghetsis|1348\n|player|p2|bumsh|steven|1379\n|teamsize|p1|6\n|teamsize|p2|6\n|gen|9\n|tier|[Gen 9] Doubles OU\n|rated|\n|rule|Species Clause: Limit one of each Pok\u00e9mon\n|rule|OHKO Clause: OHKO moves are banned\n|rule|Evasion Moves Clause: Evasion moves are banned\n|rule|Gravity Sleep Clause: The combination of sleep-inducing moves with imperfect accuracy and Gravity or Gigantamax Orbeetle are banned\n|rule|Endless Battle Clause: Forcing endless battles is banned\n|rule|HP Percentage Mod: HP is shown in percentages\n|clearpoke\n|poke|p1|Golem-Alola, F|\n|poke|p1|Sinistcha|\n|poke|p1|Dondozo, F|\n|poke|p1|Iron Hands|\n|poke|p1|Maushold-Four|\n|poke|p1|Rabsca, M|\n|poke|p2|Ogerpon-Wellspring, F|\n|poke|p2|Arcanine-Hisui, F|\n|poke|p2|Dragalge, F|\n|poke|p2|Sinistcha-Masterpiece|\n|poke|p2|Ursaluna, M|\n|poke|p2|Iron Valiant|\n|teampreview\n|j| kiky14\n|\n|t:|1700151513\n|start\n|switch|p1a: ICBM|Golem-Alola, F, shiny|100\/100\n|switch|p1b: Dondozo|Dondozo, F|100\/100\n|switch|p2a: Hoshi|Arcanine-Hisui, F, shiny|100\/100\n|switch|p2b: Sippy|Sinistcha-Masterpiece, shiny|100\/100\n|-ability|p2a: Hoshi|Intimidate|boost\n|-unboost|p1a: ICBM|atk|1\n|-fail|p1b: Dondozo|unboost|Attack|[from] ability: Oblivious|[of] p1b: Dondozo\n|turn|1\n|\n|t:|1700151528\n|switch|p2a: Berserker|Ursaluna, M, shiny|100\/100\n|move|p1b: Dondozo|Protect|p1b: Dondozo\n|-singleturn|p1b: Dondozo|Protect\n|move|p1a: ICBM|Explosion|p2b: Sippy|[spread] p2b\n|-activate|p1b: Dondozo|move: Protect\n|-immune|p2a: Berserker\n|-resisted|p2b: Sippy\n|-damage|p2b: Sippy|57\/100\n|faint|p1a: ICBM\n|move|p2b: Sippy|Trick Room|p2b: Sippy\n|-fieldstart|move: Trick Room|[of] p2b: Sippy\n|\n|-status|p2a: Berserker|brn|[from] item: Flame Orb\n|upkeep\n|\n|t:|1700151545\n|switch|p1a: Iron Hands|Iron Hands|100\/100\n|turn|2\n|c| kiky14|hii\n|c|\u2606bumsh|hi!!\n|\n|t:|1700151580\n|-terastallize|p2a: Berserker|Ghost\n|move|p1a: Iron Hands|Fake Out|p2a: Berserker\n|-immune|p2a: Berserker\n|move|p1b: Dondozo|Wave Crash|p2a: Berserker\n|-damage|p2a: Berserker|71\/100 brn\n|-damage|p1b: Dondozo|91\/100|[from] Recoil\n|move|p2a: Berserker|Headlong Rush|p1a: Iron Hands\n|-supereffective|p1a: Iron Hands\n|-damage|p1a: Iron Hands|0 fnt\n|-unboost|p2a: Berserker|def|1\n|-unboost|p2a: Berserker|spd|1\n|faint|p1a: Iron Hands\n|-end|p1a: Iron Hands|Quark Drive|[silent]\n|move|p2b: Sippy|Matcha Gotcha|p1b: Dondozo|[miss]\n|-miss|p2b: Sippy|p1b: Dondozo\n|\n|-heal|p1b: Dondozo|97\/100|[from] item: Leftovers\n|-damage|p2a: Berserker|64\/100 brn|[from] brn\n|upkeep\n|c| kiky14|!!\n|\n|t:|1700151638\n|switch|p1a: Rabsca|Rabsca, M|100\/100\n|turn|3\n|\n|t:|1700151649\n|move|p1a: Rabsca|Protect|p1a: Rabsca\n|-singleturn|p1a: Rabsca|Protect\n|move|p1b: Dondozo|Wave Crash|p2a: Berserker\n|-damage|p2a: Berserker|15\/100 brn\n|-damage|p1b: Dondozo|81\/100|[from] Recoil\n|move|p2a: Berserker|Facade|p1a: Rabsca\n|-activate|p1a: Rabsca|move: Protect\n|move|p2b: Sippy|Matcha Gotcha|p1b: Dondozo|[spread] p1b\n|-activate|p1a: Rabsca|move: Protect\n|-supereffective|p1b: Dondozo\n|-damage|p1b: Dondozo|47\/100\n|-heal|p2b: Sippy|81\/100|[from] drain|[of] p1b: Dondozo\n|-status|p1b: Dondozo|brn\n|\n|-heal|p1b: Dondozo|53\/100 brn|[from] item: Leftovers\n|-damage|p1b: Dondozo|47\/100 brn|[from] brn\n|-damage|p2a: Berserker|9\/100 brn|[from] brn\n|upkeep\n|turn|4\n|\n|t:|1700151676\n|move|p2b: Sippy|Rage Powder|p2b: Sippy\n|-singleturn|p2b: Sippy|move: Rage Powder\n|move|p1b: Dondozo|Wave Crash|p2b: Sippy\n|-resisted|p2b: Sippy\n|-damage|p2b: Sippy|72\/100\n|-damage|p1b: Dondozo|45\/100 brn|[from] Recoil\n|move|p1a: Rabsca|Revival Blessing|p1a: Rabsca\n|-enditem|p1a: Rabsca|Leppa Berry|[eat]\n|-activate|p1a: Rabsca|item: Leppa Berry|Revival Blessing|[consumed]\n|\n|t:|1700151690\n|-heal|p1: ICBM|50\/100|[from] move: Revival Blessing\n|move|p2a: Berserker|Facade|p1a: Rabsca\n|-damage|p1a: Rabsca|0 fnt\n|faint|p1a: Rabsca\n|\n|-heal|p1b: Dondozo|51\/100 brn|[from] item: Leftovers\n|-damage|p1b: Dondozo|45\/100 brn|[from] brn\n|-damage|p2a: Berserker|3\/100 brn|[from] brn\n|upkeep\n|\n|t:|1700151696\n|switch|p1a: Sinistcha|Sinistcha, shiny|100\/100\n|-heal|p1b: Dondozo|70\/100 brn|[from] ability: Hospitality|[of] p1a: Sinistcha\n|turn|5\n|\n|t:|1700151728\n|switch|p2a: Ogerpon|Ogerpon-Wellspring, F|100\/100\n|switch|p2b: Nori|Dragalge, F, shiny|100\/100\n|move|p1b: Dondozo|Soak|p2b: Nori\n|-start|p2b: Nori|typechange|Water\n|move|p1a: Sinistcha|Matcha Gotcha|p2b: Nori|[spread] p2a,p2b\n|-supereffective|p2b: Nori\n|-damage|p2a: Ogerpon|78\/100\n|-damage|p2b: Nori|62\/100\n|\n|-heal|p1b: Dondozo|76\/100 brn|[from] item: Leftovers\n|-damage|p1b: Dondozo|70\/100 brn|[from] brn\n|-fieldend|move: Trick Room\n|upkeep\n|turn|6\n|\n|t:|1700151763\n|move|p2a: Ogerpon|Wood Hammer|p1b: Dondozo\n|-supereffective|p1b: Dondozo\n|-damage|p1b: Dondozo|0 fnt\n|faint|p1b: Dondozo\n|-damage|p2a: Ogerpon|49\/100|[from] Recoil\n|move|p2b: Nori|Sludge Bomb|p1a: Sinistcha\n|-damage|p1a: Sinistcha|70\/100\n|-damage|p2b: Nori|52\/100|[from] item: Life Orb\n|move|p1a: Sinistcha|Trick Room|p1a: Sinistcha\n|-fieldstart|move: Trick Room|[of] p1a: Sinistcha\n|\n|upkeep\n|\n|t:|1700151779\n|switch|p1b: ICBM|Golem-Alola, F, shiny|50\/100\n|turn|7\n|\n|t:|1700151796\n|switch|p2b: Sippy|Sinistcha-Masterpiece, shiny|72\/100\n|-heal|p2a: Ogerpon|74\/100|[from] ability: Hospitality|[of] p2b: Sippy\n|move|p2a: Ogerpon|Spiky Shield|p2a: Ogerpon\n|-singleturn|p2a: Ogerpon|move: Protect\n|move|p1b: ICBM|Body Slam|p2b: Sippy\n|-resisted|p2b: Sippy\n|-damage|p2b: Sippy|46\/100\n|move|p1a: Sinistcha|Matcha Gotcha|p2a: Ogerpon|[spread] p2b\n|-activate|p2a: Ogerpon|move: Protect\n|-resisted|p2b: Sippy\n|-damage|p2b: Sippy|35\/100\n|-heal|p1a: Sinistcha|75\/100|[from] drain|[of] p2b: Sippy\n|\n|upkeep\n|turn|8\n|\n|t:|1700151871\n|switch|p2b: Hoshi|Arcanine-Hisui, F, shiny|100\/100\n|-ability|p2b: Hoshi|Intimidate|boost\n|-unboost|p1a: Sinistcha|atk|1\n|-unboost|p1b: ICBM|atk|1\n|move|p1a: Sinistcha|Protect|p1a: Sinistcha\n|-singleturn|p1a: Sinistcha|Protect\n|move|p1b: ICBM|Explosion|p2b: Hoshi|[spread] p2a,p2b\n|-activate|p1a: Sinistcha|move: Protect\n|-damage|p2a: Ogerpon|0 fnt\n|-enditem|p2b: Hoshi|Focus Sash\n|-damage|p2b: Hoshi|1\/100\n|faint|p1b: ICBM\n|faint|p2a: Ogerpon\n|\n|upkeep\n|\n|t:|1700151892\n|switch|p1b: Maushold|Maushold-Four|100\/100\n|switch|p2a: Berserker|Ursaluna, M, shiny, tera:Ghost|3\/100 brn\n|turn|9\n|-activate|p1b: Maushold|item: Quick Claw\n|\n|t:|1700151914\n|move|p1b: Maushold|Follow Me|p1b: Maushold\n|-singleturn|p1b: Maushold|move: Follow Me\n|move|p2b: Hoshi|Extreme Speed|p1b: Maushold\n|-damage|p1b: Maushold|69\/100\n|move|p2a: Berserker|Facade|p1b: Maushold\n|-damage|p1b: Maushold|0 fnt\n|faint|p1b: Maushold\n|move|p1a: Sinistcha|Matcha Gotcha|p2a: Berserker|[spread] p2a,p2b\n|-damage|p2a: Berserker|0 fnt\n|-heal|p1a: Sinistcha|77\/100|[from] drain|[of] p2a: Berserker\n|-damage|p2b: Hoshi|0 fnt\n|-heal|p1a: Sinistcha|77\/100|[from] drain|[of] p2b: Hoshi\n|faint|p2a: Berserker\n|faint|p2b: Hoshi\n|\n|upkeep\n|\n|t:|1700151933\n|switch|p2a: Neon|Iron Valiant, shiny|100\/100\n|switch|p2b: Nori|Dragalge, F, shiny|52\/100\n|-enditem|p2a: Neon|Booster Energy\n|-activate|p2a: Neon|ability: Quark Drive|[fromitem]\n|-start|p2a: Neon|quarkdrivespe\n|turn|10\n|\n|t:|1700151958\n|move|p2b: Nori|Sludge Bomb|p1a: Sinistcha\n|-damage|p1a: Sinistcha|12\/100\n|-damage|p2b: Nori|42\/100|[from] item: Life Orb\n|move|p1a: Sinistcha|Matcha Gotcha|p2a: Neon|[spread] p2a,p2b\n|-resisted|p2b: Nori\n|-damage|p2a: Neon|54\/100\n|-heal|p1a: Sinistcha|32\/100|[from] drain|[of] p2a: Neon\n|-damage|p2b: Nori|37\/100\n|-heal|p1a: Sinistcha|34\/100|[from] drain|[of] p2b: Nori\n|move|p2a: Neon|Knock Off|p1a: Sinistcha\n|-supereffective|p1a: Sinistcha\n|-damage|p1a: Sinistcha|0 fnt\n|-enditem|p1a: Sinistcha|Focus Sash|[from] move: Knock Off|[of] p2a: Neon\n|faint|p1a: Sinistcha\n|\n|win|bumsh\n|raw|Mister Huang's rating: 1348 &rarr; <strong>1330<\/strong><br \/>(-18 for losing)\n|raw|bumsh's rating: 1379 &rarr; <strong>1397<\/strong><br \/>(+18 for winning)\n|l|\u2606Mister Huang\n","uploadtime":1700151981,"views":5,"p1id":"misterhuang","p2id":"bumsh","formatid":"gen9doublesou","rating":1330,"private":0,"password":""}