{"id":"gen9doublesou-1997487292","p1":"It\u2019sWhitneyBich","p2":"REmulations","format":"[Gen 9] Doubles OU","log":"|j|\u2606It\u2019sWhitneyBich\n|j|\u2606REmulations\n|t:|1700813949\n|gametype|doubles\n|player|p1|It\u2019sWhitneyBich|whitney|1168\n|player|p2|REmulations|zinnia|1286\n|teamsize|p1|6\n|teamsize|p2|6\n|gen|9\n|tier|[Gen 9] Doubles OU\n|rated|\n|rule|Species Clause: Limit one of each Pok\u00e9mon\n|rule|OHKO Clause: OHKO moves are banned\n|rule|Evasion Moves Clause: Evasion moves are banned\n|rule|Gravity Sleep Clause: The combination of sleep-inducing moves with imperfect accuracy and Gravity or Gigantamax Orbeetle are banned\n|rule|Endless Battle Clause: Forcing endless battles is banned\n|rule|HP Percentage Mod: HP is shown in percentages\n|clearpoke\n|poke|p1|Heracross, M|\n|poke|p1|Ambipom, F|\n|poke|p1|Maushold|\n|poke|p1|Clefable, F|\n|poke|p1|Farigiraf, F|\n|poke|p1|Staraptor, F|\n|poke|p2|Ogerpon-Wellspring, F|\n|poke|p2|Pelipper, M|\n|poke|p2|Palafin, M|\n|poke|p2|Grimmsnarl, M|\n|poke|p2|Flutter Mane|\n|poke|p2|Amoonguss, F|\n|teampreview\n|inactive|Battle timer is ON: inactive players will automatically lose when time's up. (requested by REmulations)\n|inactive|It\u2019sWhitneyBich has 120 seconds left.\n|\n|t:|1700814003\n|start\n|switch|p1a: Heracross|Heracross, M|100\/100\n|switch|p1b: Clefable|Clefable, F|100\/100\n|switch|p2a: Pelipper|Pelipper, M|100\/100\n|switch|p2b: Ogerpon|Ogerpon-Wellspring, F|100\/100\n|-weather|RainDance|[from] ability: Drizzle|[of] p2a: Pelipper\n|turn|1\n|\n|t:|1700814020\n|-terastallize|p2b: Ogerpon|Water\n|detailschange|p2b: Ogerpon|Ogerpon-Wellspring-Tera, F, tera:Water\n|-ability|p2b: Ogerpon|Embody Aspect (Wellspring)|boost\n|-boost|p2b: Ogerpon|spd|1\n|move|p1b: Clefable|Helping Hand|p1a: Heracross\n|-singleturn|p1a: Heracross|Helping Hand|[of] p1b: Clefable\n|move|p2b: Ogerpon|Ivy Cudgel|p1b: Clefable|[anim] Ivy Cudgel Water\n|-damage|p1b: Clefable|0 fnt\n|faint|p1b: Clefable\n|move|p1a: Heracross|Lunge|p2b: Ogerpon\n|-damage|p2b: Ogerpon|35\/100\n|-unboost|p2b: Ogerpon|atk|1\n|move|p2a: Pelipper|Tailwind|p2a: Pelipper\n|-sidestart|p2: REmulations|move: Tailwind\n|\n|-weather|RainDance|[upkeep]\n|upkeep\n|\n|t:|1700814039\n|switch|p1b: Ambipom|Ambipom, F|100\/100\n|turn|2\n|\n|t:|1700814044\n|move|p2a: Pelipper|Helping Hand|p2b: Ogerpon\n|-singleturn|p2b: Ogerpon|Helping Hand|[of] p2a: Pelipper\n|move|p1b: Ambipom|Fake Out|p2a: Pelipper\n|-enditem|p1b: Ambipom|Normal Gem|[from] gem\n|-damage|p2a: Pelipper|74\/100\n|move|p2b: Ogerpon|Horn Leech|p1b: Ambipom\n|-damage|p1b: Ambipom|23\/100\n|-heal|p2b: Ogerpon|72\/100|[from] drain|[of] p1b: Ambipom\n|move|p1a: Heracross|Trailblaze|p2b: Ogerpon\n|-supereffective|p2b: Ogerpon\n|-damage|p2b: Ogerpon|38\/100\n|-boost|p1a: Heracross|spe|1\n|\n|-weather|RainDance|[upkeep]\n|upkeep\n|turn|3\n|\n|t:|1700814062\n|move|p2a: Pelipper|Helping Hand|p2b: Ogerpon\n|-singleturn|p2b: Ogerpon|Helping Hand|[of] p2a: Pelipper\n|move|p1b: Ambipom|Protect|p1b: Ambipom\n|-singleturn|p1b: Ambipom|Protect\n|move|p2b: Ogerpon|Ivy Cudgel|p1a: Heracross|[anim] Ivy Cudgel Water\n|-damage|p1a: Heracross|0 fnt\n|faint|p1a: Heracross\n|\n|-weather|RainDance|[upkeep]\n|upkeep\n|\n|t:|1700814073\n|switch|p1a: Maushold|Maushold|100\/100\n|turn|4\n|\n|t:|1700814080\n|move|p2a: Pelipper|Helping Hand|p2b: Ogerpon\n|-singleturn|p2b: Ogerpon|Helping Hand|[of] p2a: Pelipper\n|move|p1a: Maushold|Protect|p1a: Maushold\n|-singleturn|p1a: Maushold|Protect\n|move|p2b: Ogerpon|Horn Leech|p1a: Maushold\n|-activate|p1a: Maushold|move: Protect\n|move|p1b: Ambipom|Acrobatics|p2b: Ogerpon\n|-damage|p2b: Ogerpon|0 fnt\n|faint|p2b: Ogerpon\n|\n|-weather|RainDance|[upkeep]\n|-sideend|p2: REmulations|move: Tailwind\n|upkeep\n|\n|t:|1700814091\n|switch|p2b: Palafin|Palafin, M|100\/100\n|turn|5\n|\n|t:|1700814106\n|move|p1b: Ambipom|Protect|p1b: Ambipom\n|-singleturn|p1b: Ambipom|Protect\n|move|p2b: Palafin|Flip Turn|p1b: Ambipom\n|-activate|p1b: Ambipom|move: Protect\n|move|p1a: Maushold|Tidy Up|p1a: Maushold\n|-boost|p1a: Maushold|atk|1\n|-boost|p1a: Maushold|spe|1\n|move|p2a: Pelipper|Tailwind|p2a: Pelipper\n|-sidestart|p2: REmulations|move: Tailwind\n|\n|-weather|RainDance|[upkeep]\n|upkeep\n|turn|6\n|\n|t:|1700814128\n|move|p2a: Pelipper|Helping Hand|p2b: Palafin\n|-singleturn|p2b: Palafin|Helping Hand|[of] p2a: Pelipper\n|move|p2b: Palafin|Flip Turn|p1b: Ambipom\n|-damage|p1b: Ambipom|0 fnt\n|faint|p1b: Ambipom\n|\n|t:|1700814134\n|detailschange|p2b: Palafin|Palafin-Hero, M\n|switch|p2b: Amoonguss|Amoonguss, F|100\/100|[from] Flip Turn\n|move|p1a: Maushold|Bullet Seed|p2a: Pelipper\n|-damage|p2a: Pelipper|62\/100\n|-damage|p2a: Pelipper|50\/100\n|-damage|p2a: Pelipper|40\/100\n|-damage|p2a: Pelipper|29\/100\n|-damage|p2a: Pelipper|18\/100\n|-hitcount|p2a: Pelipper|5\n|\n|-weather|RainDance|[upkeep]\n|upkeep\n|inactive|It\u2019sWhitneyBich has 120 seconds left.\n|\n|t:|1700814167\n|switch|p1b: Farigiraf|Farigiraf, F|100\/100\n|turn|7\n|\n|t:|1700814174\n|move|p2a: Pelipper|Protect|p2a: Pelipper\n|-singleturn|p2a: Pelipper|Protect\n|move|p1a: Maushold|Tidy Up|p1a: Maushold\n|-boost|p1a: Maushold|atk|1\n|-boost|p1a: Maushold|spe|1\n|move|p2b: Amoonguss|Spore|p1a: Maushold\n|-status|p1a: Maushold|slp|[from] move: Spore\n|move|p1b: Farigiraf|Twin Beam|p2b: Amoonguss\n|-supereffective|p2b: Amoonguss\n|-damage|p2b: Amoonguss|60\/100\n|-supereffective|p2b: Amoonguss\n|-damage|p2b: Amoonguss|20\/100\n|-enditem|p2b: Amoonguss|Sitrus Berry|[eat]\n|-heal|p2b: Amoonguss|45\/100|[from] item: Sitrus Berry\n|-hitcount|p2b: Amoonguss|2\n|\n|-weather|RainDance|[upkeep]\n|upkeep\n|turn|8\n|\n|t:|1700814189\n|cant|p1a: Maushold|slp\n|move|p2a: Pelipper|Hurricane|p1b: Farigiraf\n|-damage|p1b: Farigiraf|60\/100\n|-start|p1b: Farigiraf|confusion\n|move|p2b: Amoonguss|Spore|p1b: Farigiraf\n|-status|p1b: Farigiraf|slp|[from] move: Spore\n|cant|p1b: Farigiraf|slp\n|\n|-weather|none\n|-sideend|p2: REmulations|move: Tailwind\n|upkeep\n|turn|9\n|\n|t:|1700814205\n|switch|p2b: Palafin|Palafin-Hero, M|100\/100\n|-activate|p2b: Palafin|ability: Zero to Hero\n|-curestatus|p1a: Maushold|slp|[msg]\n|move|p1a: Maushold|Bullet Seed|p2a: Pelipper\n|-crit|p2a: Pelipper\n|-damage|p2a: Pelipper|0 fnt\n|faint|p2a: Pelipper\n|-hitcount|p2: Pelipper|1\n|-curestatus|p1b: Farigiraf|slp|[msg]\n|-activate|p1b: Farigiraf|confusion\n|-damage|p1b: Farigiraf|54\/100|[from] confusion\n|\n|upkeep\n|\n|t:|1700814213\n|switch|p2a: Amoonguss|Amoonguss, F|78\/100\n|turn|10\n|\n|t:|1700814225\n|-terastallize|p1a: Maushold|Grass\n|move|p2b: Palafin|Protect|p2b: Palafin\n|-singleturn|p2b: Palafin|Protect\n|move|p1a: Maushold|Bullet Seed|p2b: Palafin\n|-activate|p2b: Palafin|move: Protect\n|-end|p1b: Farigiraf|confusion\n|move|p1b: Farigiraf|Twin Beam|p2a: Amoonguss\n|-supereffective|p2a: Amoonguss\n|-damage|p2a: Amoonguss|37\/100\n|-supereffective|p2a: Amoonguss\n|-damage|p2a: Amoonguss|0 fnt\n|faint|p2a: Amoonguss\n|-hitcount|p2: Amoonguss|2\n|\n|upkeep\n|\n|t:|1700814230\n|switch|p2a: Flutter Mane|Flutter Mane|100\/100\n|turn|11\n|\n|t:|1700814240\n|move|p1a: Maushold|Bullet Seed|p2a: Flutter Mane\n|-damage|p2a: Flutter Mane|33\/100\n|-damage|p2a: Flutter Mane|0 fnt\n|faint|p2a: Flutter Mane\n|-end|p2a: Flutter Mane|Protosynthesis|[silent]\n|-hitcount|p2: Flutter Mane|2\n|move|p2b: Palafin|Drain Punch|p1b: Farigiraf\n|-damage|p1b: Farigiraf|24\/100\n|move|p1b: Farigiraf|Twin Beam|p2b: Palafin\n|-damage|p2b: Palafin|69\/100\n|-damage|p2b: Palafin|34\/100\n|-hitcount|p2b: Palafin|2\n|\n|-heal|p2b: Palafin|40\/100|[from] item: Leftovers\n|upkeep\n|\n|t:|1700814243\n|switch|p2a: Grimmsnarl|Grimmsnarl, M|100\/100\n|turn|12\n|\n|t:|1700814253\n|move|p2a: Grimmsnarl|Reflect|p2a: Grimmsnarl\n|-sidestart|p2: REmulations|Reflect\n|move|p1a: Maushold|Bullet Seed|p2a: Grimmsnarl\n|-damage|p2a: Grimmsnarl|78\/100\n|-damage|p2a: Grimmsnarl|52\/100\n|-damage|p2a: Grimmsnarl|29\/100\n|-damage|p2a: Grimmsnarl|6\/100\n|-damage|p2a: Grimmsnarl|0 fnt\n|faint|p2a: Grimmsnarl\n|-hitcount|p2: Grimmsnarl|5\n|move|p2b: Palafin|Drain Punch|p1a: Maushold\n|-damage|p1a: Maushold|63\/100\n|-heal|p2b: Palafin|59\/100|[from] drain|[of] p1a: Maushold\n|move|p1b: Farigiraf|Twin Beam|p2b: Palafin\n|-damage|p2b: Palafin|27\/100\n|-damage|p2b: Palafin|0 fnt\n|faint|p2b: Palafin\n|-hitcount|p2: Palafin|2\n|\n|win|It\u2019sWhitneyBich\n|raw|It\u2019sWhitneyBich's rating: 1168 &rarr; <strong>1201<\/strong><br \/>(+33 for winning)\n|raw|REmulations's rating: 1286 &rarr; <strong>1253<\/strong><br \/>(-33 for losing)\n","uploadtime":1700814259,"views":8,"p1id":"itswhitneybich","p2id":"remulations","formatid":"gen9doublesou","rating":1201,"private":0,"password":""}