{"id":"gen9doublesou-1967930473","p1":"Ronald Mota","p2":"lolIwatchYT","format":"[Gen 9] Doubles OU","log":"|html|<div class=\"broadcast-blue\"><strong>[Gen 9] Doubles OU is currently suspecting Basculegion & Flutter Mane! For information on how to participate check out the <a href=\"https:\/\/www.smogon.com\/forums\/threads\/np-sv-dou-stage-8-double-trouble.3729153\/\">suspect thread<\/a>.<\/strong><\/div>\n|j|\u2606Ronald Mota\n|j|\u2606lolIwatchYT\n|t:|1697360559\n|gametype|doubles\n|player|p1|Ronald Mota|170|1311\n|player|p2|lolIwatchYT|169|1244\n|teamsize|p1|6\n|teamsize|p2|6\n|gen|9\n|tier|[Gen 9] Doubles OU\n|rated|\n|rule|Species Clause: Limit one of each Pok\u00e9mon\n|rule|OHKO Clause: OHKO moves are banned\n|rule|Evasion Moves Clause: Evasion moves are banned\n|rule|Gravity Sleep Clause: The combination of sleep-inducing moves with imperfect accuracy and Gravity or Gigantamax Orbeetle are banned\n|rule|Endless Battle Clause: Forcing endless battles is banned\n|rule|HP Percentage Mod: HP is shown in percentages\n|clearpoke\n|poke|p1|Ninetales-Alola, F|\n|poke|p1|Palafin, F|\n|poke|p1|Chi-Yu|\n|poke|p1|Amoonguss, M|\n|poke|p1|Ursaluna-Bloodmoon, M|\n|poke|p1|Ogerpon-Hearthflame, F|\n|poke|p2|Azumarill, F|\n|poke|p2|Arcanine-Hisui, M|\n|poke|p2|Typhlosion-Hisui, M|\n|poke|p2|Gastrodon, M|\n|poke|p2|Tornadus, M|\n|poke|p2|Klefki, M|\n|teampreview\n|inactive|Battle timer is ON: inactive players will automatically lose when time's up. (requested by Ronald Mota)\n|\n|t:|1697360585\n|start\n|switch|p1a: Palafin|Palafin, F|100\/100\n|switch|p1b: Ursaluna|Ursaluna-Bloodmoon, M|100\/100\n|switch|p2a: Typhlosion|Typhlosion-Hisui, M|100\/100\n|switch|p2b: Arcanine|Arcanine-Hisui, M|100\/100\n|-item|p1a: Palafin|Mystic Water|[from] ability: Frisk|[of] p2a: Typhlosion|[identify]\n|-item|p1b: Ursaluna|Throat Spray|[from] ability: Frisk|[of] p2a: Typhlosion|[identify]\n|-ability|p2b: Arcanine|Intimidate|boost\n|-unboost|p1a: Palafin|atk|1\n|-unboost|p1b: Ursaluna|atk|1\n|turn|1\n|\n|t:|1697360602\n|switch|p2b: Gastrodon|Gastrodon, M|100\/100\n|-terastallize|p1a: Palafin|Water\n|move|p1a: Palafin|Jet Punch|p2b: Gastrodon\n|-activate|p2b: Gastrodon|ability: Storm Drain\n|-ability|p2b: Gastrodon|Storm Drain|boost\n|-boost|p2b: Gastrodon|spa|1\n|move|p2a: Typhlosion|Eruption|p1b: Ursaluna|[spread] p1a,p1b\n|-resisted|p1a: Palafin\n|-damage|p1a: Palafin|59\/100\n|-damage|p1b: Ursaluna|29\/100\n|move|p1b: Ursaluna|Blood Moon|p2b: Gastrodon\n|-damage|p2b: Gastrodon|21\/100\n|\n|-heal|p2b: Gastrodon|27\/100|[from] item: Leftovers\n|upkeep\n|turn|2\n|\n|t:|1697360624\n|detailschange|p1a: Palafin|Palafin-Hero, F, tera:Water\n|switch|p1a: Chi-Yu|Chi-Yu|100\/100\n|-ability|p1a: Chi-Yu|Beads of Ruin\n|move|p2a: Typhlosion|Eruption|p1a: Chi-Yu|[spread] p1a,p1b\n|-resisted|p1a: Chi-Yu\n|-damage|p1a: Chi-Yu|68\/100\n|-damage|p1b: Ursaluna|0 fnt\n|faint|p1b: Ursaluna\n|move|p2b: Gastrodon|Recover|p2b: Gastrodon\n|-heal|p2b: Gastrodon|77\/100\n|\n|-heal|p2b: Gastrodon|83\/100|[from] item: Leftovers\n|upkeep\n|inactive|Ronald Mota has 120 seconds left.\n|\n|t:|1697360639\n|switch|p1b: Amoonguss|Amoonguss, M|100\/100\n|turn|3\n|\n|t:|1697360656\n|move|p1b: Amoonguss|Protect|p1b: Amoonguss\n|-singleturn|p1b: Amoonguss|Protect\n|move|p1a: Chi-Yu|Snarl|p2a: Typhlosion|[spread] p2a,p2b\n|-supereffective|p2a: Typhlosion\n|-damage|p2a: Typhlosion|0 fnt\n|-damage|p2b: Gastrodon|43\/100\n|-unboost|p2b: Gastrodon|spa|1\n|faint|p2a: Typhlosion\n|move|p2b: Gastrodon|Muddy Water|p1a: Chi-Yu|[spread] p1a\n|-activate|p1b: Amoonguss|move: Protect\n|-supereffective|p1a: Chi-Yu\n|-damage|p1a: Chi-Yu|0 fnt\n|faint|p1a: Chi-Yu\n|\n|-heal|p2b: Gastrodon|50\/100|[from] item: Leftovers\n|upkeep\n|inactive|Ronald Mota has 120 seconds left.\n|\n|t:|1697360694\n|switch|p1a: Ogerpon|Ogerpon-Hearthflame, F|100\/100\n|switch|p2a: Tornadus|Tornadus, M|100\/100\n|-ability|p1a: Ogerpon|Mold Breaker\n|turn|4\n|\n|t:|1697360708\n|switch|p2b: Klefki|Klefki, M|100\/100\n|-item|p2b: Klefki|Air Balloon\n|move|p1a: Ogerpon|Horn Leech|p2b: Klefki\n|-resisted|p2b: Klefki\n|-damage|p2b: Klefki|80\/100\n|-enditem|p2b: Klefki|Air Balloon\n|move|p2a: Tornadus|Bleakwind Storm|p1a: Ogerpon|[spread] p1a,p1b\n|-supereffective|p1a: Ogerpon\n|-supereffective|p1b: Amoonguss\n|-damage|p1a: Ogerpon|3\/100\n|-damage|p1b: Amoonguss|42\/100\n|-unboost|p1a: Ogerpon|spe|1\n|move|p1b: Amoonguss|Spore|p2a: Tornadus\n|-status|p2a: Tornadus|slp|[from] move: Spore\n|\n|-heal|p1b: Amoonguss|48\/100|[from] item: Leftovers\n|upkeep\n|turn|5\n|\n|t:|1697360730\n|move|p1b: Amoonguss|Rage Powder|p1b: Amoonguss\n|-singleturn|p1b: Amoonguss|move: Rage Powder\n|cant|p2a: Tornadus|slp\n|move|p1a: Ogerpon|Ivy Cudgel|p2b: Klefki\n|-supereffective|p2b: Klefki\n|-damage|p2b: Klefki|0 fnt\n|faint|p2b: Klefki\n|\n|-heal|p1b: Amoonguss|54\/100|[from] item: Leftovers\n|upkeep\n|\n|t:|1697360740\n|switch|p2b: Azumarill|Azumarill, F|100\/100\n|turn|6\n|\n|t:|1697360747\n|move|p1b: Amoonguss|Rage Powder|p1b: Amoonguss\n|-singleturn|p1b: Amoonguss|move: Rage Powder\n|-curestatus|p2a: Tornadus|slp|[msg]\n|move|p2a: Tornadus|Tailwind|p2a: Tornadus\n|-sidestart|p2: lolIwatchYT|move: Tailwind\n|move|p2b: Azumarill|Aqua Jet|p1b: Amoonguss\n|-resisted|p1b: Amoonguss\n|-crit|p1b: Amoonguss\n|-damage|p1b: Amoonguss|36\/100\n|move|p1a: Ogerpon|Horn Leech|p2b: Azumarill\n|-supereffective|p2b: Azumarill\n|-damage|p2b: Azumarill|8\/100\n|-heal|p1a: Ogerpon|65\/100|[from] drain|[of] p2b: Azumarill\n|-enditem|p2b: Azumarill|Sitrus Berry|[eat]\n|-heal|p2b: Azumarill|33\/100|[from] item: Sitrus Berry\n|\n|-heal|p1b: Amoonguss|43\/100|[from] item: Leftovers\n|upkeep\n|turn|7\n|\n|t:|1697360766\n|move|p1a: Ogerpon|Spiky Shield|p1a: Ogerpon\n|-singleturn|p1a: Ogerpon|move: Protect\n|move|p1b: Amoonguss|Protect|p1b: Amoonguss\n|-singleturn|p1b: Amoonguss|Protect\n|move|p2b: Azumarill|Aqua Jet|p1a: Ogerpon\n|-activate|p1a: Ogerpon|move: Protect\n|-damage|p2b: Azumarill|21\/100|[from] Spiky Shield|[of] p1a: Ogerpon\n|move|p2a: Tornadus|Bleakwind Storm|p1b: Amoonguss|[spread] \n|-activate|p1a: Ogerpon|move: Protect\n|-activate|p1b: Amoonguss|move: Protect\n|\n|-heal|p1b: Amoonguss|49\/100|[from] item: Leftovers\n|upkeep\n|turn|8\n|\n|t:|1697360793\n|switch|p1b: Ninetales|Ninetales-Alola, F|100\/100\n|-weather|Snow|[from] ability: Snow Warning|[of] p1b: Ninetales\n|move|p2a: Tornadus|Bleakwind Storm|p1a: Ogerpon|[spread] \n|-miss|p2a: Tornadus|p1a: Ogerpon\n|-miss|p2a: Tornadus|p1b: Ninetales\n|move|p2b: Azumarill|Play Rough|p1b: Ninetales\n|-damage|p1b: Ninetales|40\/100\n|move|p1a: Ogerpon|Ivy Cudgel|p2a: Tornadus\n|-damage|p2a: Tornadus|10\/100\n|\n|-weather|Snow|[upkeep]\n|upkeep\n|turn|9\n|\n|t:|1697360816\n|move|p2a: Tornadus|Protect|p2a: Tornadus\n|-singleturn|p2a: Tornadus|Protect\n|move|p1b: Ninetales|Protect|p1b: Ninetales\n|-singleturn|p1b: Ninetales|Protect\n|move|p1a: Ogerpon|Spiky Shield|p1a: Ogerpon\n|-singleturn|p1a: Ogerpon|move: Protect\n|move|p2b: Azumarill|Play Rough|p1b: Ninetales\n|-activate|p1b: Ninetales|move: Protect\n|\n|-weather|Snow|[upkeep]\n|-sideend|p2: lolIwatchYT|move: Tailwind\n|upkeep\n|turn|10\n|\n|t:|1697360829\n|move|p2a: Tornadus|Tailwind|p2a: Tornadus\n|-sidestart|p2: lolIwatchYT|move: Tailwind\n|move|p1b: Ninetales|Aurora Veil|p1b: Ninetales\n|-sidestart|p1: Ronald Mota|move: Aurora Veil\n|move|p2b: Azumarill|Liquidation|p1a: Ogerpon\n|-damage|p1a: Ogerpon|15\/100\n|move|p1a: Ogerpon|Horn Leech|p2b: Azumarill\n|-supereffective|p2b: Azumarill\n|-damage|p2b: Azumarill|0 fnt\n|-heal|p1a: Ogerpon|29\/100|[from] drain|[of] p2b: Azumarill\n|faint|p2b: Azumarill\n|\n|-weather|Snow|[upkeep]\n|upkeep\n|\n|t:|1697360842\n|switch|p2b: Arcanine|Arcanine-Hisui, M|100\/100\n|-ability|p2b: Arcanine|Intimidate|boost\n|-unboost|p1a: Ogerpon|atk|1\n|-unboost|p1b: Ninetales|atk|1\n|turn|11\n|\n|t:|1697360851\n|move|p1b: Ninetales|Protect|p1b: Ninetales\n|-singleturn|p1b: Ninetales|Protect\n|move|p1a: Ogerpon|Spiky Shield|p1a: Ogerpon\n|-singleturn|p1a: Ogerpon|move: Protect\n|move|p2b: Arcanine|Flare Blitz|p1b: Ninetales\n|-activate|p1b: Ninetales|move: Protect\n|move|p2a: Tornadus|Bleakwind Storm|p1a: Ogerpon|[spread] \n|-activate|p1a: Ogerpon|move: Protect\n|-activate|p1b: Ninetales|move: Protect\n|\n|-weather|Snow|[upkeep]\n|upkeep\n|turn|12\n|\n|t:|1697360865\n|switch|p1a: Amoonguss|Amoonguss, M|82\/100\n|move|p2b: Arcanine|Flare Blitz|p1a: Amoonguss\n|-supereffective|p1a: Amoonguss\n|-crit|p1a: Amoonguss\n|-damage|p1a: Amoonguss|0 fnt\n|faint|p1a: Amoonguss\n|-damage|p2b: Arcanine|74\/100|[from] Recoil\n|move|p2a: Tornadus|Bleakwind Storm|p1b: Ninetales\n|-damage|p1b: Ninetales|0 fnt\n|faint|p1b: Ninetales\n|\n|-weather|none\n|upkeep\n|\n|t:|1697360878\n|switch|p1b: Ogerpon|Ogerpon-Hearthflame, F|29\/100\n|switch|p1a: Palafin|Palafin-Hero, F, tera:Water|59\/100\n|-ability|p1b: Ogerpon|Mold Breaker\n|-activate|p1a: Palafin|ability: Zero to Hero\n|turn|13\n|\n|t:|1697360888\n|switch|p2b: Gastrodon|Gastrodon, M|50\/100\n|move|p2a: Tornadus|Protect|p2a: Tornadus\n|-singleturn|p2a: Tornadus|Protect\n|move|p1b: Ogerpon|Spiky Shield|p1b: Ogerpon\n|-singleturn|p1b: Ogerpon|move: Protect\n|move|p1a: Palafin|Iron Head|p2a: Tornadus\n|-activate|p2a: Tornadus|move: Protect\n|\n|-heal|p2b: Gastrodon|56\/100|[from] item: Leftovers\n|-sideend|p2: lolIwatchYT|move: Tailwind\n|upkeep\n|turn|14\n|\n|t:|1697360914\n|-terastallize|p2b: Gastrodon|Bug\n|move|p1a: Palafin|Jet Punch|p2b: Gastrodon\n|-activate|p2b: Gastrodon|ability: Storm Drain\n|-ability|p2b: Gastrodon|Storm Drain|boost\n|-boost|p2b: Gastrodon|spa|1\n|move|p2a: Tornadus|Tailwind|p2a: Tornadus\n|-sidestart|p2: lolIwatchYT|move: Tailwind\n|move|p1b: Ogerpon|Swords Dance|p1b: Ogerpon\n|-boost|p1b: Ogerpon|atk|2\n|move|p2b: Gastrodon|Earth Power|p1a: Palafin\n|-damage|p1a: Palafin|15\/100\n|\n|-heal|p2b: Gastrodon|62\/100|[from] item: Leftovers\n|upkeep\n|turn|15\n|\n|t:|1697360931\n|move|p2a: Tornadus|Bleakwind Storm|p1a: Palafin|[spread] p1a,p1b\n|-supereffective|p1b: Ogerpon\n|-damage|p1a: Palafin|0 fnt\n|-damage|p1b: Ogerpon|0 fnt\n|faint|p1a: Palafin\n|faint|p1b: Ogerpon\n|\n|win|lolIwatchYT\n|raw|Ronald Mota's rating: 1311 &rarr; <strong>1287<\/strong><br \/>(-24 for losing)\n|raw|lolIwatchYT's rating: 1244 &rarr; <strong>1274<\/strong><br \/>(+30 for winning)\n|l|\u2606Ronald Mota\n","uploadtime":1697360941,"views":11,"p1id":"ronaldmota","p2id":"loliwatchyt","formatid":"gen9doublesou","rating":1274,"private":0,"password":""}