{"id":"gen9doublesou-1980633488","p1":"Jourvicious","p2":"wingwingy55","format":"[Gen 9] Doubles OU","log":"|j|\u2606Jourvicious\n|j|\u2606wingwingy55\n|t:|1698805670\n|gametype|doubles\n|player|p1|Jourvicious|guitarist|1296\n|player|p2|wingwingy55|preschooler|1271\n|teamsize|p1|6\n|teamsize|p2|6\n|gen|9\n|tier|[Gen 9] Doubles OU\n|rated|\n|rule|Species Clause: Limit one of each Pok\u00e9mon\n|rule|OHKO Clause: OHKO moves are banned\n|rule|Evasion Moves Clause: Evasion moves are banned\n|rule|Gravity Sleep Clause: The combination of sleep-inducing moves with imperfect accuracy and Gravity or Gigantamax Orbeetle are banned\n|rule|Endless Battle Clause: Forcing endless battles is banned\n|rule|HP Percentage Mod: HP is shown in percentages\n|clearpoke\n|poke|p1|Kommo-o, M|\n|poke|p1|Shiftry, F|\n|poke|p1|Tornadus, M|\n|poke|p1|Arcanine-Hisui, F|\n|poke|p1|Sinistcha-Masterpiece|\n|poke|p1|Ninetales-Alola, M|\n|poke|p2|Amoonguss, F|\n|poke|p2|Flutter Mane|\n|poke|p2|Chi-Yu|\n|poke|p2|Iron Hands|\n|poke|p2|Cresselia, F|\n|poke|p2|Ursaluna-Bloodmoon, M|\n|teampreview\n|inactive|Battle timer is ON: inactive players will automatically lose when time's up. (requested by Jourvicious)\n|\n|t:|1698805698\n|start\n|switch|p1a: Shiftry|Shiftry, F, shiny|100\/100\n|switch|p1b: Tornadus|Tornadus, M|100\/100\n|switch|p2a: Iron Hands|Iron Hands|100\/100\n|switch|p2b: Chi-Yu|Chi-Yu|100\/100\n|-ability|p2b: Chi-Yu|Beads of Ruin\n|turn|1\n|\n|t:|1698805714\n|move|p1a: Shiftry|Fake Out|p2a: Iron Hands\n|-damage|p2a: Iron Hands|94\/100\n|cant|p2a: Iron Hands|flinch\n|move|p1b: Tornadus|Tailwind|p1b: Tornadus\n|-sidestart|p1: Jourvicious|move: Tailwind\n|-ability|p1a: Shiftry|Wind Rider|boost\n|-boost|p1a: Shiftry|atk|1\n|move|p2b: Chi-Yu|Heat Wave|p1a: Shiftry|[spread] p1b\n|-ability|p1a: Shiftry|Wind Rider|boost\n|-boost|p1a: Shiftry|atk|1\n|-damage|p1b: Tornadus|56\/100\n|\n|upkeep\n|turn|2\n|inactive|Jourvicious has 120 seconds left.\n|\n|t:|1698805747\n|switch|p2b: Amoonguss|Amoonguss, F|100\/100\n|move|p1b: Tornadus|Bleakwind Storm|p2b: Amoonguss|[spread] p2a,p2b\n|-supereffective|p2b: Amoonguss\n|-damage|p2a: Iron Hands|79\/100\n|-damage|p2b: Amoonguss|51\/100\n|move|p1a: Shiftry|Leaf Blade|p2a: Iron Hands\n|-damage|p2a: Iron Hands|34\/100\n|move|p2a: Iron Hands|Drain Punch|p1a: Shiftry\n|-supereffective|p1a: Shiftry\n|-damage|p1a: Shiftry|8\/100\n|-heal|p2a: Iron Hands|64\/100|[from] drain|[of] p1a: Shiftry\n|\n|upkeep\n|turn|3\n|\n|t:|1698805767\n|move|p1b: Tornadus|Bleakwind Storm|p2b: Amoonguss|[spread] p2a,p2b\n|-supereffective|p2b: Amoonguss\n|-damage|p2a: Iron Hands|49\/100\n|-damage|p2b: Amoonguss|0 fnt\n|faint|p2b: Amoonguss\n|move|p1a: Shiftry|Leaf Blade|p2a: Iron Hands\n|-damage|p2a: Iron Hands|9\/100\n|move|p2a: Iron Hands|Wild Charge|p1b: Tornadus\n|-supereffective|p1b: Tornadus\n|-damage|p1b: Tornadus|0 fnt\n|faint|p1b: Tornadus\n|-damage|p2a: Iron Hands|0 fnt|[from] Recoil\n|faint|p2a: Iron Hands\n|-end|p2a: Iron Hands|Quark Drive|[silent]\n|\n|upkeep\n|\n|t:|1698805792\n|switch|p1b: Ninetales|Ninetales-Alola, M|100\/100\n|switch|p2a: Flutter Mane|Flutter Mane|100\/100\n|switch|p2b: Cresselia|Cresselia, F|100\/100\n|-weather|Snow|[from] ability: Snow Warning|[of] p1b: Ninetales\n|turn|4\n|\n|t:|1698805811\n|move|p1b: Ninetales|Aurora Veil|p1b: Ninetales\n|-sidestart|p1: Jourvicious|move: Aurora Veil\n|move|p1a: Shiftry|Leaf Blade|p2a: Flutter Mane\n|-enditem|p2a: Flutter Mane|Focus Sash\n|-damage|p2a: Flutter Mane|1\/100\n|move|p2a: Flutter Mane|Dazzling Gleam|p1a: Shiftry|[spread] p1a,p1b\n|-supereffective|p1a: Shiftry\n|-damage|p1a: Shiftry|0 fnt\n|-damage|p1b: Ninetales|74\/100\n|faint|p1a: Shiftry\n|move|p2b: Cresselia|Trick Room|p2b: Cresselia\n|-fieldstart|move: Trick Room|[of] p2b: Cresselia\n|\n|-weather|Snow|[upkeep]\n|-sideend|p1: Jourvicious|move: Tailwind\n|upkeep\n|\n|t:|1698805826\n|switch|p1a: Sinistcha|Sinistcha-Masterpiece|100\/100\n|-heal|p1b: Ninetales|99\/100|[from] ability: Hospitality|[of] p1a: Sinistcha\n|turn|5\n|\n|t:|1698805838\n|-terastallize|p2b: Cresselia|Fairy\n|move|p2b: Cresselia|Ally Switch|p2b: Cresselia\n|swap|p2b: Cresselia|0|[from] move: Ally Switch\n|move|p1a: Sinistcha|Calm Mind|p1a: Sinistcha\n|-boost|p1a: Sinistcha|spa|1\n|-boost|p1a: Sinistcha|spd|1\n|move|p2b: Flutter Mane|Shadow Ball|p1a: Sinistcha\n|-supereffective|p1a: Sinistcha\n|-damage|p1a: Sinistcha|67\/100\n|move|p1b: Ninetales|Blizzard|p2b: Flutter Mane|[spread] p2a,p2b\n|-damage|p2a: Cresselia|83\/100\n|-damage|p2b: Flutter Mane|0 fnt\n|-status|p2a: Cresselia|frz\n|faint|p2b: Flutter Mane\n|-end|p2b: Flutter Mane|Protosynthesis|[silent]\n|\n|-weather|Snow|[upkeep]\n|upkeep\n|\n|t:|1698805845\n|switch|p2b: Chi-Yu|Chi-Yu|100\/100\n|-ability|p2b: Chi-Yu|Beads of Ruin\n|turn|6\n|\n|t:|1698805862\n|-terastallize|p1b: Ninetales|Water\n|-curestatus|p2a: Cresselia|frz|[msg]\n|move|p2a: Cresselia|Lunar Blessing|p2a: Cresselia|[spread] p2a,p2b\n|-heal|p2a: Cresselia|100\/100\n|move|p1a: Sinistcha|Matcha Gotcha|p2b: Chi-Yu|[spread] p2a,p2b\n|-resisted|p2b: Chi-Yu\n|-damage|p2a: Cresselia|73\/100\n|-heal|p1a: Sinistcha|85\/100|[from] drain|[of] p2a: Cresselia\n|-damage|p2b: Chi-Yu|81\/100\n|-heal|p1a: Sinistcha|92\/100|[from] drain|[of] p2b: Chi-Yu\n|move|p1b: Ninetales|Moonblast|p2b: Chi-Yu\n|-damage|p2b: Chi-Yu|41\/100\n|-unboost|p2b: Chi-Yu|spa|1\n|move|p2b: Chi-Yu|Heat Wave|p1b: Ninetales|[spread] p1a,p1b\n|-supereffective|p1a: Sinistcha\n|-resisted|p1b: Ninetales\n|-damage|p1a: Sinistcha|65\/100\n|-damage|p1b: Ninetales|85\/100\n|\n|-weather|Snow|[upkeep]\n|upkeep\n|turn|7\n|\n|t:|1698805892\n|move|p2a: Cresselia|Moonblast|p1a: Sinistcha\n|-damage|p1a: Sinistcha|50\/100\n|-enditem|p1a: Sinistcha|Sitrus Berry|[eat]\n|-heal|p1a: Sinistcha|75\/100|[from] item: Sitrus Berry\n|move|p1a: Sinistcha|Calm Mind|p1a: Sinistcha\n|-boost|p1a: Sinistcha|spa|1\n|-boost|p1a: Sinistcha|spd|1\n|move|p1b: Ninetales|Moonblast|p2b: Chi-Yu\n|-damage|p2b: Chi-Yu|4\/100\n|move|p2b: Chi-Yu|Heat Wave|p1b: Ninetales|[spread] p1a,p1b\n|-supereffective|p1a: Sinistcha\n|-resisted|p1b: Ninetales\n|-damage|p1a: Sinistcha|53\/100\n|-damage|p1b: Ninetales|71\/100\n|\n|-weather|Snow|[upkeep]\n|upkeep\n|turn|8\n|inactive|wingwingy55 has 120 seconds left.\n|\n|t:|1698805931\n|move|p2a: Cresselia|Moonblast|p1a: Sinistcha\n|-damage|p1a: Sinistcha|40\/100\n|move|p1a: Sinistcha|Matcha Gotcha|p2b: Chi-Yu|[spread] p2a,p2b\n|-resisted|p2b: Chi-Yu\n|-damage|p2a: Cresselia|32\/100\n|-heal|p1a: Sinistcha|67\/100|[from] drain|[of] p2a: Cresselia\n|-damage|p2b: Chi-Yu|0 fnt\n|-heal|p1a: Sinistcha|68\/100|[from] drain|[of] p2b: Chi-Yu\n|-status|p2a: Cresselia|brn\n|faint|p2b: Chi-Yu\n|move|p1b: Ninetales|Blizzard|p2a: Cresselia\n|-damage|p2a: Cresselia|7\/100 brn\n|\n|-weather|none\n|-damage|p2a: Cresselia|1\/100 brn|[from] brn\n|-fieldend|move: Trick Room\n|upkeep\n|\n|t:|1698805932\n|switch|p2b: Ursaluna|Ursaluna-Bloodmoon, M|100\/100\n|turn|9\n|\n|t:|1698805952\n|move|p1b: Ninetales|Blizzard|p2a: Cresselia|[spread] p2a,p2b\n|-supereffective|p2b: Ursaluna\n|-damage|p2a: Cresselia|0 fnt\n|-damage|p2b: Ursaluna|40\/100\n|faint|p2a: Cresselia\n|move|p1a: Sinistcha|Matcha Gotcha|p2b: Ursaluna\n|-supereffective|p2b: Ursaluna\n|-crit|p2b: Ursaluna\n|-damage|p2b: Ursaluna|0 fnt\n|-heal|p1a: Sinistcha|92\/100|[from] drain|[of] p2b: Ursaluna\n|faint|p2b: Ursaluna\n|\n|win|Jourvicious\n|raw|Jourvicious's rating: 1296 &rarr; <strong>1317<\/strong><br \/>(+21 for winning)\n|raw|wingwingy55's rating: 1239 &rarr; <strong>1218<\/strong><br \/>(-21 for losing)\n|l|\u2606wingwingy55\n","uploadtime":1698805965,"views":19,"p1id":"jourvicious","p2id":"wingwingy55","formatid":"gen9doublesou","rating":1218,"private":0,"password":""}