{"id":"gen9doublesou-1991168526","p1":"Sugreco31","p2":"Kondroid","format":"[Gen 9] Doubles OU","log":"|j|\u2606Sugreco31\n|j|\u2606Kondroid\n|t:|1700052832\n|gametype|doubles\n|player|p1|Sugreco31|101|1090\n|player|p2|Kondroid|hilbert-wonderlauncher|1172\n|teamsize|p1|6\n|teamsize|p2|6\n|gen|9\n|tier|[Gen 9] Doubles OU\n|rated|\n|rule|Species Clause: Limit one of each Pok\u00e9mon\n|rule|OHKO Clause: OHKO moves are banned\n|rule|Evasion Moves Clause: Evasion moves are banned\n|rule|Gravity Sleep Clause: The combination of sleep-inducing moves with imperfect accuracy and Gravity or Gigantamax Orbeetle are banned\n|rule|Endless Battle Clause: Forcing endless battles is banned\n|rule|HP Percentage Mod: HP is shown in percentages\n|clearpoke\n|poke|p1|Raichu, F|\n|poke|p1|Jolteon, M|\n|poke|p1|Thundurus-Therian, M|\n|poke|p1|Oricorio-Sensu, F|\n|poke|p1|Volcarona, F|\n|poke|p1|Pikachu-Original, M|\n|poke|p2|Baxcalibur, F|\n|poke|p2|Ninetales-Alola, F|\n|poke|p2|Sinistcha|\n|poke|p2|Goodra-Hisui, F|\n|poke|p2|Zapdos|\n|poke|p2|Ogerpon-Hearthflame, F|\n|teampreview\n|inactive|Battle timer is ON: inactive players will automatically lose when time's up. (requested by Kondroid)\n|\n|t:|1700052857\n|start\n|switch|p1a: Pikachu|Pikachu-Original, M|100\/100\n|switch|p1b: Raichu|Raichu, F|100\/100\n|switch|p2a: Zapdos|Zapdos|100\/100\n|switch|p2b: Ninetales|Ninetales-Alola, F|100\/100\n|-weather|Snow|[from] ability: Snow Warning|[of] p2b: Ninetales\n|turn|1\n|\n|t:|1700052872\n|move|p2b: Ninetales|Aurora Veil|p2b: Ninetales\n|-sidestart|p2: Kondroid|move: Aurora Veil\n|move|p2a: Zapdos|Tailwind|p2a: Zapdos\n|-sidestart|p2: Kondroid|move: Tailwind\n|move|p1b: Raichu|Discharge|p2a: Zapdos|[spread] p2a,p2b\n|-ability|p1a: Pikachu|Lightning Rod|boost\n|-boost|p1a: Pikachu|spa|1\n|-damage|p2a: Zapdos|83\/100\n|-damage|p2b: Ninetales|80\/100\n|move|p1a: Pikachu|Discharge|p2a: Zapdos|[spread] p2a,p2b\n|-ability|p1b: Raichu|Lightning Rod|boost\n|-boost|p1b: Raichu|spa|1\n|-damage|p2a: Zapdos|40\/100\n|-damage|p2b: Ninetales|38\/100\n|\n|-weather|Snow|[upkeep]\n|upkeep\n|turn|2\n|\n|t:|1700052892\n|move|p2b: Ninetales|Blizzard|p1a: Pikachu|[spread] p1a,p1b\n|-damage|p1a: Pikachu|7\/100\n|-damage|p1b: Raichu|51\/100\n|-status|p1b: Raichu|frz\n|move|p2a: Zapdos|Heat Wave|p1a: Pikachu|[spread] p1a,p1b\n|-damage|p1a: Pikachu|0 fnt\n|-damage|p1b: Raichu|11\/100 frz\n|-curestatus|p1b: Raichu|frz|[msg]\n|-enditem|p1b: Raichu|Sitrus Berry|[eat]\n|-heal|p1b: Raichu|36\/100|[from] item: Sitrus Berry\n|faint|p1a: Pikachu\n|move|p1b: Raichu|Discharge|p2b: Ninetales|[spread] p2a,p2b\n|-damage|p2a: Zapdos|13\/100\n|-damage|p2b: Ninetales|12\/100\n|\n|-weather|Snow|[upkeep]\n|upkeep\n|\n|t:|1700052907\n|switch|p1a: Jolteon|Jolteon, M|100\/100\n|turn|3\n|\n|t:|1700052917\n|move|p2b: Ninetales|Blizzard|p1b: Raichu|[spread] p1a,p1b\n|-damage|p1a: Jolteon|59\/100\n|-damage|p1b: Raichu|0 fnt\n|-status|p1a: Jolteon|frz\n|faint|p1b: Raichu\n|move|p2a: Zapdos|Heat Wave|p1a: Jolteon\n|-damage|p1a: Jolteon|18\/100 frz\n|-curestatus|p1a: Jolteon|frz|[msg]\n|-enditem|p1a: Jolteon|Wiki Berry|[eat]\n|-heal|p1a: Jolteon|51\/100|[from] item: Wiki Berry\n|move|p1a: Jolteon|Discharge|p2b: Ninetales|[spread] p2a,p2b\n|-damage|p2a: Zapdos|0 fnt\n|-damage|p2b: Ninetales|0 fnt\n|faint|p2a: Zapdos\n|faint|p2b: Ninetales\n|\n|-weather|Snow|[upkeep]\n|upkeep\n|\n|t:|1700052935\n|switch|p2b: Goodra|Goodra-Hisui, F|100\/100\n|switch|p2a: Baxcalibur|Baxcalibur, F|100\/100\n|switch|p1b: Thundurus|Thundurus-Therian, M|100\/100\n|turn|4\n|\n|t:|1700052949\n|move|p2a: Baxcalibur|Icicle Spear|p1b: Thundurus\n|-supereffective|p1b: Thundurus\n|-damage|p1b: Thundurus|52\/100\n|-supereffective|p1b: Thundurus\n|-damage|p1b: Thundurus|6\/100\n|-enditem|p1b: Thundurus|Wiki Berry|[eat]\n|-heal|p1b: Thundurus|39\/100|[from] item: Wiki Berry\n|-supereffective|p1b: Thundurus\n|-damage|p1b: Thundurus|0 fnt\n|faint|p1b: Thundurus\n|-hitcount|p1: Thundurus|3\n|move|p1a: Jolteon|Discharge|p2b: Goodra|[spread] p2a,p2b\n|-resisted|p2a: Baxcalibur\n|-resisted|p2b: Goodra\n|-crit|p2b: Goodra\n|-damage|p2a: Baxcalibur|91\/100\n|-damage|p2b: Goodra|91\/100\n|-status|p2a: Baxcalibur|par\n|move|p2b: Goodra|Blizzard|p1a: Jolteon\n|-damage|p1a: Jolteon|5\/100\n|\n|-weather|Snow|[upkeep]\n|-heal|p2a: Baxcalibur|98\/100 par|[from] ability: Ice Body\n|-sideend|p2: Kondroid|move: Tailwind\n|upkeep\n|\n|t:|1700052967\n|switch|p1b: Volcarona|Volcarona, F|100\/100\n|turn|5\n|\n|t:|1700052991\n|move|p1a: Jolteon|Hyper Voice|p2a: Baxcalibur|[spread] p2a,p2b\n|-resisted|p2b: Goodra\n|-damage|p2a: Baxcalibur|83\/100 par\n|-damage|p2b: Goodra|88\/100\n|move|p1b: Volcarona|Quiver Dance|p1b: Volcarona\n|-boost|p1b: Volcarona|spa|1\n|-boost|p1b: Volcarona|spd|1\n|-boost|p1b: Volcarona|spe|1\n|move|p2b: Goodra|Blizzard|p1b: Volcarona|[spread] p1a,p1b\n|-resisted|p1b: Volcarona\n|-damage|p1a: Jolteon|0 fnt\n|-damage|p1b: Volcarona|91\/100\n|faint|p1a: Jolteon\n|move|p2a: Baxcalibur|Scale Shot|p1b: Volcarona|[miss]\n|-miss|p2a: Baxcalibur|p1b: Volcarona\n|\n|-weather|Snow|[upkeep]\n|-heal|p2a: Baxcalibur|89\/100 par|[from] ability: Ice Body\n|-heal|p1b: Volcarona|97\/100|[from] item: Leftovers\n|-sideend|p2: Kondroid|move: Aurora Veil\n|upkeep\n|\n|t:|1700053004\n|switch|p1a: Oricorio|Oricorio-Sensu, F|100\/100\n|turn|6\n|\n|t:|1700053019\n|-terastallize|p1a: Oricorio|Ghost\n|move|p1b: Volcarona|Quiver Dance|p1b: Volcarona\n|-boost|p1b: Volcarona|spa|1\n|-boost|p1b: Volcarona|spd|1\n|-boost|p1b: Volcarona|spe|1\n|-activate|p1a: Oricorio|ability: Dancer\n|move|p1a: Oricorio|Quiver Dance|p1a: Oricorio|[from]ability: Dancer\n|-boost|p1a: Oricorio|spa|1\n|-boost|p1a: Oricorio|spd|1\n|-boost|p1a: Oricorio|spe|1\n|move|p1a: Oricorio|Quiver Dance|p1a: Oricorio\n|-boost|p1a: Oricorio|spa|1\n|-boost|p1a: Oricorio|spd|1\n|-boost|p1a: Oricorio|spe|1\n|move|p2b: Goodra|Blizzard|p1a: Oricorio|[spread] p1a,p1b\n|-resisted|p1b: Volcarona\n|-damage|p1a: Oricorio|78\/100\n|-damage|p1b: Volcarona|90\/100\n|move|p2a: Baxcalibur|Scale Shot|p1b: Volcarona\n|-damage|p1b: Volcarona|65\/100\n|-damage|p1b: Volcarona|40\/100\n|-damage|p1b: Volcarona|15\/100\n|-damage|p1b: Volcarona|0 fnt\n|faint|p1b: Volcarona\n|-hitcount|p1: Volcarona|4\n|-unboost|p2a: Baxcalibur|def|1\n|-boost|p2a: Baxcalibur|spe|1\n|\n|-weather|Snow|[upkeep]\n|-heal|p2a: Baxcalibur|96\/100 par|[from] ability: Ice Body\n|upkeep\n|turn|7\n|inactive|Kondroid has 120 seconds left.\n|\n|t:|1700053051\n|cant|p2a: Baxcalibur|par\n|move|p1a: Oricorio|Revelation Dance|p2a: Baxcalibur\n|-damage|p2a: Baxcalibur|0 fnt\n|faint|p2a: Baxcalibur\n|move|p2b: Goodra|Draco Meteor|p1a: Oricorio\n|-damage|p1a: Oricorio|26\/100\n|-unboost|p2b: Goodra|spa|2\n|-enditem|p1a: Oricorio|Sitrus Berry|[eat]\n|-heal|p1a: Oricorio|51\/100|[from] item: Sitrus Berry\n|\n|-weather|Snow|[upkeep]\n|upkeep\n|inactive|Kondroid has 120 seconds left.\n|\n|t:|1700053073\n|switch|p2a: Ogerpon|Ogerpon-Hearthflame, F|100\/100\n|-ability|p2a: Ogerpon|Mold Breaker\n|turn|8\n|inactive|Kondroid has 120 seconds left.\n|\n|t:|1700053084\n|switch|p2b: Sinistcha|Sinistcha|100\/100\n|move|p2a: Ogerpon|Protect|p2a: Ogerpon\n|-singleturn|p2a: Ogerpon|Protect\n|move|p1a: Oricorio|Revelation Dance|p2a: Ogerpon\n|-activate|p2a: Ogerpon|move: Protect\n|\n|-weather|none\n|upkeep\n|turn|9\n|\n|t:|1700053102\n|move|p2a: Ogerpon|Follow Me|p2a: Ogerpon\n|-singleturn|p2a: Ogerpon|move: Follow Me\n|move|p1a: Oricorio|Revelation Dance|p2a: Ogerpon\n|-damage|p2a: Ogerpon|0 fnt\n|faint|p2a: Ogerpon\n|move|p2b: Sinistcha|Shadow Ball|p1a: Oricorio\n|-supereffective|p1a: Oricorio\n|-damage|p1a: Oricorio|0 fnt\n|faint|p1a: Oricorio\n|\n|win|Kondroid\n|raw|Sugreco31's rating: 1090 &rarr; <strong>1072<\/strong><br \/>(-18 for losing)\n|raw|Kondroid's rating: 1172 &rarr; <strong>1191<\/strong><br \/>(+19 for winning)\n|l|\u2606Sugreco31\n","uploadtime":1700053117,"views":8,"p1id":"sugreco31","p2id":"kondroid","formatid":"gen9doublesou","rating":1072,"private":0,"password":""}