{"id":"gen9doublesou-1985769258","p1":"reposefulpallas","p2":"Bugcatcher1045","format":"[Gen 9] Doubles OU","log":"|j|\u2606reposefulpallas\n|j|\u2606Bugcatcher1045\n|t:|1699404238\n|gametype|doubles\n|player|p1|reposefulpallas|pokemonrangerf-gen3rs|1425\n|player|p2|Bugcatcher1045|rocket-gen1rb|1369\n|teamsize|p1|6\n|teamsize|p2|6\n|gen|9\n|tier|[Gen 9] Doubles OU\n|rated|\n|rule|Species Clause: Limit one of each Pok\u00e9mon\n|rule|OHKO Clause: OHKO moves are banned\n|rule|Evasion Moves Clause: Evasion moves are banned\n|rule|Gravity Sleep Clause: The combination of sleep-inducing moves with imperfect accuracy and Gravity or Gigantamax Orbeetle are banned\n|rule|Endless Battle Clause: Forcing endless battles is banned\n|rule|HP Percentage Mod: HP is shown in percentages\n|clearpoke\n|poke|p1|Kommo-o, M|\n|poke|p1|Arcanine-Hisui, M|\n|poke|p1|Sinistcha|\n|poke|p1|Illumise, F|\n|poke|p1|Chi-Yu|\n|poke|p1|Oricorio-Pom-Pom, F|\n|poke|p2|Florges, F|\n|poke|p2|Meowscarada, M|\n|poke|p2|Goodra-Hisui, F|\n|poke|p2|Golduck, F|\n|poke|p2|Sinistcha|\n|poke|p2|Kommo-o, F|\n|teampreview\n|\n|t:|1699404254\n|start\n|switch|p1a: Trap Queen|Illumise, F|100\/100\n|switch|p1b: Le Fishe Au Magma|Chi-Yu|100\/100\n|switch|p2a: Meowscarada|Meowscarada, M|100\/100\n|switch|p2b: Goodra|Goodra-Hisui, F|100\/100\n|-ability|p1b: Le Fishe Au Magma|Beads of Ruin\n|turn|1\n|\n|t:|1699404260\n|move|p1a: Trap Queen|Tailwind|p1a: Trap Queen\n|-sidestart|p1: reposefulpallas|move: Tailwind\n|move|p1b: Le Fishe Au Magma|Heat Wave|p2a: Meowscarada|[spread] p2a,p2b\n|-supereffective|p2a: Meowscarada\n|-enditem|p2a: Meowscarada|Focus Sash\n|-damage|p2a: Meowscarada|1\/100\n|-damage|p2b: Goodra|49\/100\n|-status|p2a: Meowscarada|brn\n|move|p2a: Meowscarada|Petal Blizzard|p1a: Trap Queen|[spread] p1a,p1b\n|-ability|p2b: Goodra|Sap Sipper|boost\n|-boost|p2b: Goodra|atk|1\n|-resisted|p1a: Trap Queen\n|-resisted|p1b: Le Fishe Au Magma\n|-damage|p1a: Trap Queen|85\/100\n|-damage|p1b: Le Fishe Au Magma|81\/100\n|move|p2b: Goodra|Dragon Tail|p1b: Le Fishe Au Magma\n|-damage|p1b: Le Fishe Au Magma|0 fnt\n|faint|p1b: Le Fishe Au Magma\n|-damage|p2b: Goodra|39\/100|[from] item: Life Orb\n|\n|-damage|p2a: Meowscarada|0 fnt|[from] brn\n|faint|p2a: Meowscarada\n|upkeep\n|\n|t:|1699404276\n|switch|p2a: Golduck|Golduck, F|100\/100\n|switch|p1b: Girl's Best Friend|Arcanine-Hisui, M|100\/100\n|-ability|p1b: Girl's Best Friend|Intimidate|boost\n|-unboost|p2a: Golduck|atk|1\n|-unboost|p2b: Goodra|atk|1\n|-ability|p2a: Golduck|Cloud Nine\n|turn|2\n|\n|t:|1699404286\n|move|p1b: Girl's Best Friend|Will-O-Wisp|p2b: Goodra\n|-status|p2b: Goodra|brn\n|move|p1a: Trap Queen|Struggle Bug|p2a: Golduck|[spread] p2a,p2b\n|-resisted|p2b: Goodra\n|-damage|p2a: Golduck|90\/100\n|-damage|p2b: Goodra|36\/100 brn\n|-unboost|p2a: Golduck|spa|1\n|-unboost|p2b: Goodra|spa|1\n|move|p2a: Golduck|Hydro Pump|p1b: Girl's Best Friend\n|-supereffective|p1b: Girl's Best Friend\n|-damage|p1b: Girl's Best Friend|0 fnt\n|faint|p1b: Girl's Best Friend\n|move|p2b: Goodra|Heavy Slam|p1a: Trap Queen\n|-damage|p1a: Trap Queen|35\/100\n|-damage|p2b: Goodra|26\/100 brn|[from] item: Life Orb\n|\n|-heal|p2a: Golduck|96\/100|[from] item: Leftovers\n|-damage|p2b: Goodra|20\/100 brn|[from] brn\n|upkeep\n|\n|t:|1699404296\n|switch|p1b: Cup of Cancer|Sinistcha|100\/100\n|-heal|p1a: Trap Queen|60\/100|[from] ability: Hospitality|[of] p1b: Cup of Cancer\n|turn|3\n|\n|t:|1699404308\n|switch|p2a: Florges|Florges, F|100\/100\n|move|p1a: Trap Queen|Charm|p2b: Goodra\n|-unboost|p2b: Goodra|atk|2\n|move|p1b: Cup of Cancer|Calm Mind|p1b: Cup of Cancer\n|-boost|p1b: Cup of Cancer|spa|1\n|-boost|p1b: Cup of Cancer|spd|1\n|move|p2b: Goodra|Heavy Slam|p1a: Trap Queen\n|-damage|p1a: Trap Queen|35\/100\n|-damage|p2b: Goodra|10\/100 brn|[from] item: Life Orb\n|\n|-damage|p2b: Goodra|3\/100 brn|[from] brn\n|upkeep\n|turn|4\n|\n|t:|1699404319\n|move|p1a: Trap Queen|Struggle Bug|p2b: Goodra|[spread] p2a,p2b\n|-resisted|p2a: Florges\n|-resisted|p2b: Goodra\n|-damage|p2a: Florges|97\/100\n|-damage|p2b: Goodra|0 fnt\n|-unboost|p2a: Florges|spa|1\n|faint|p2b: Goodra\n|move|p1b: Cup of Cancer|Calm Mind|p1b: Cup of Cancer\n|-boost|p1b: Cup of Cancer|spa|1\n|-boost|p1b: Cup of Cancer|spd|1\n|move|p2a: Florges|Calm Mind|p2a: Florges\n|-boost|p2a: Florges|spa|1\n|-boost|p2a: Florges|spd|1\n|\n|-sideend|p1: reposefulpallas|move: Tailwind\n|upkeep\n|\n|t:|1699404322\n|switch|p2b: Sinistcha|Sinistcha|100\/100\n|-heal|p2a: Florges|100\/100|[from] ability: Hospitality|[of] p2b: Sinistcha\n|turn|5\n|\n|t:|1699404332\n|move|p1a: Trap Queen|Tailwind|p1a: Trap Queen\n|-sidestart|p1: reposefulpallas|move: Tailwind\n|move|p1b: Cup of Cancer|Matcha Gotcha|p2b: Sinistcha|[spread] p2a,p2b\n|-resisted|p2b: Sinistcha\n|-damage|p2a: Florges|71\/100\n|-damage|p2b: Sinistcha|60\/100\n|move|p2a: Florges|Calm Mind|p2a: Florges\n|-boost|p2a: Florges|spa|1\n|-boost|p2a: Florges|spd|1\n|move|p2b: Sinistcha|Imprison|p2b: Sinistcha\n|-start|p2b: Sinistcha|move: Imprison\n|\n|upkeep\n|turn|6\n|\n|t:|1699404355\n|switch|p1b: Disco King|Kommo-o, M|100\/100\n|move|p1a: Trap Queen|Encore|p2a: Florges\n|-start|p2a: Florges|Encore\n|move|p2a: Florges|Calm Mind|p2a: Florges\n|-boost|p2a: Florges|spa|1\n|-boost|p2a: Florges|spd|1\n|move|p2b: Sinistcha|Shadow Ball|p1a: Trap Queen\n|-damage|p1a: Trap Queen|0 fnt\n|faint|p1a: Trap Queen\n|\n|upkeep\n|\n|t:|1699404364\n|switch|p1a: Backup Dancer|Oricorio-Pom-Pom, F|100\/100\n|turn|7\n|\n|t:|1699404376\n|move|p1b: Disco King|Clangorous Soul|p1b: Disco King\n|-boost|p1b: Disco King|atk|1\n|-boost|p1b: Disco King|def|1\n|-boost|p1b: Disco King|spa|1\n|-boost|p1b: Disco King|spd|1\n|-boost|p1b: Disco King|spe|1\n|-damage|p1b: Disco King|68\/100\n|-activate|p1a: Backup Dancer|ability: Dancer\n|move|p1a: Backup Dancer|Clangorous Soul|p1a: Backup Dancer|[from]ability: Dancer\n|-boost|p1a: Backup Dancer|atk|1\n|-boost|p1a: Backup Dancer|def|1\n|-boost|p1a: Backup Dancer|spa|1\n|-boost|p1a: Backup Dancer|spd|1\n|-boost|p1a: Backup Dancer|spe|1\n|-damage|p1a: Backup Dancer|68\/100\n|move|p1a: Backup Dancer|Quiver Dance|p1a: Backup Dancer\n|-boost|p1a: Backup Dancer|spa|1\n|-boost|p1a: Backup Dancer|spd|1\n|-boost|p1a: Backup Dancer|spe|1\n|move|p2a: Florges|Calm Mind|p2a: Florges\n|-boost|p2a: Florges|spa|1\n|-boost|p2a: Florges|spd|1\n|move|p2b: Sinistcha|Strength Sap|p1b: Disco King\n|-fail|p1b: Disco King|unboost|[from] item: Clear Amulet|[of] p1b: Disco King\n|-heal|p2b: Sinistcha|100\/100\n|\n|-heal|p1a: Backup Dancer|74\/100|[from] item: Leftovers\n|upkeep\n|turn|8\n|inactive|Battle timer is ON: inactive players will automatically lose when time's up. (requested by Bugcatcher1045)\n|\n|t:|1699404420\n|switch|p2b: Golduck|Golduck, F|96\/100\n|-ability|p2b: Golduck|Cloud Nine\n|move|p1a: Backup Dancer|Air Slash|p2a: Florges\n|-damage|p2a: Florges|56\/100\n|move|p1b: Disco King|Poison Jab|p2a: Florges\n|-supereffective|p2a: Florges\n|-damage|p2a: Florges|0 fnt\n|-damage|p1b: Disco King|51\/100|[from] item: Rocky Helmet|[of] p2a: Florges\n|faint|p2a: Florges\n|\n|-heal|p1a: Backup Dancer|80\/100|[from] item: Leftovers\n|-heal|p2b: Golduck|100\/100|[from] item: Leftovers\n|-sideend|p1: reposefulpallas|move: Tailwind\n|upkeep\n|\n|t:|1699404425\n|switch|p2a: Kommo-o|Kommo-o, F|100\/100\n|turn|9\n|\n|t:|1699404438\n|-terastallize|p2b: Golduck|Dragon\n|move|p1a: Backup Dancer|Revelation Dance|p2b: Golduck\n|-resisted|p2b: Golduck\n|-damage|p2b: Golduck|51\/100\n|move|p1b: Disco King|Drain Punch|p2a: Kommo-o\n|-damage|p2a: Kommo-o|56\/100\n|-heal|p1b: Disco King|78\/100|[from] drain|[of] p2a: Kommo-o\n|move|p2a: Kommo-o|Clanging Scales|p1a: Backup Dancer|[spread] p1a,p1b\n|-supereffective|p1b: Disco King\n|-damage|p1a: Backup Dancer|59\/100\n|-damage|p1b: Disco King|33\/100\n|-unboost|p2a: Kommo-o|def|1\n|-enditem|p2a: Kommo-o|Throat Spray\n|-boost|p2a: Kommo-o|spa|1|[from] item: Throat Spray\n|move|p2b: Golduck|Psych Up|p1a: Backup Dancer\n|-copyboost|p2b: Golduck|p1a: Backup Dancer|[from] move: Psych Up\n|\n|-heal|p1a: Backup Dancer|65\/100|[from] item: Leftovers\n|-heal|p2b: Golduck|57\/100|[from] item: Leftovers\n|upkeep\n|turn|10\n|\n|t:|1699404460\n|move|p1a: Backup Dancer|Revelation Dance|p2b: Golduck\n|-resisted|p2b: Golduck\n|-damage|p2b: Golduck|35\/100\n|move|p2b: Golduck|Ice Beam|p1b: Disco King\n|-supereffective|p1b: Disco King\n|-damage|p1b: Disco King|0 fnt\n|faint|p1b: Disco King\n|move|p2a: Kommo-o|Clanging Scales|p1a: Backup Dancer\n|-crit|p1a: Backup Dancer\n|-damage|p1a: Backup Dancer|0 fnt\n|faint|p1a: Backup Dancer\n|-unboost|p2a: Kommo-o|def|1\n|\n|-heal|p2b: Golduck|41\/100|[from] item: Leftovers\n|upkeep\n|\n|t:|1699404469\n|switch|p1a: Cup of Cancer|Sinistcha|100\/100\n|turn|11\n|\n|t:|1699404473\n|move|p2b: Golduck|Ice Beam|p1a: Cup of Cancer\n|-supereffective|p1a: Cup of Cancer\n|-damage|p1a: Cup of Cancer|0 fnt\n|faint|p1a: Cup of Cancer\n|\n|win|Bugcatcher1045\n|raw|reposefulpallas's rating: 1425 &rarr; <strong>1400<\/strong><br \/>(-25 for losing)\n|raw|Bugcatcher1045's rating: 1344 &rarr; <strong>1369<\/strong><br \/>(+25 for winning)\n|c|\u2606reposefulpallas|ggwp\n|l|\u2606reposefulpallas\n|c|\u2606Bugcatcher1045|ggs\n","uploadtime":1699404481,"views":12,"p1id":"reposefulpallas","p2id":"bugcatcher1045","formatid":"gen9doublesou","rating":1369,"private":0,"password":""}