{"id":"gen9doublesou-1971860685","p1":"GTRSoLNeo","p2":"skullatech","format":"[Gen 9] Doubles OU","log":"|j|\u2606GTRSoLNeo\n|j|\u2606skullatech\n|t:|1697782990\n|gametype|doubles\n|player|p1|GTRSoLNeo|rocketgrunt|\n|player|p2|skullatech|bellelba|\n|teamsize|p1|6\n|teamsize|p2|6\n|gen|9\n|tier|[Gen 9] Doubles OU\n|rule|Species Clause: Limit one of each Pok\u00e9mon\n|rule|OHKO Clause: OHKO moves are banned\n|rule|Evasion Moves Clause: Evasion moves are banned\n|rule|Gravity Sleep Clause: The combination of sleep-inducing moves with imperfect accuracy and Gravity or Gigantamax Orbeetle are banned\n|rule|Endless Battle Clause: Forcing endless battles is banned\n|rule|HP Percentage Mod: HP is shown in percentages\n|clearpoke\n|poke|p1|Bisharp, F|\n|poke|p1|Gothitelle, F|\n|poke|p1|Gardevoir, F|\n|poke|p1|Eelektross, M|\n|poke|p1|Slowbro, M|\n|poke|p1|Clodsire, F|\n|poke|p2|Gholdengo|\n|poke|p2|Clefable, F|\n|poke|p2|Palafin, M|\n|poke|p2|Arbok, F|\n|poke|p2|Scizor, M|\n|poke|p2|Gliscor, M|\n|teampreview\n|inactive|Battle timer is ON: inactive players will automatically lose when time's up. (requested by skullatech)\n|\n|t:|1697783000\n|start\n|switch|p1a: Pizza Boy|Gardevoir, F|100\/100\n|switch|p1b: Sleepyhead|Slowbro, M|100\/100\n|switch|p2a: Kill|Clefable, F, shiny|100\/100\n|switch|p2b: Neos|Palafin, M|100\/100\n|-ability|p1a: Pizza Boy|Unaware|[from] ability: Trace|[of] p2a: Kill\n|turn|1\n|\n|t:|1697783013\n|move|p2b: Neos|Flip Turn|p1a: Pizza Boy\n|-damage|p1a: Pizza Boy|50\/100\n|-damage|p2b: Neos|91\/100|[from] item: Life Orb\n|\n|t:|1697783021\n|detailschange|p2b: Neos|Palafin-Hero, M\n|switch|p2b: Goldie|Gholdengo|100\/100|[from] Flip Turn\n|move|p1a: Pizza Boy|Will-O-Wisp|p2a: Kill\n|-status|p2a: Kill|brn\n|move|p2a: Kill|Cosmic Power|p2a: Kill\n|-boost|p2a: Kill|def|1\n|-boost|p2a: Kill|spd|1\n|move|p1b: Sleepyhead|Iron Defense|p1b: Sleepyhead\n|-boost|p1b: Sleepyhead|def|2\n|\n|-damage|p2a: Kill|94\/100 brn|[from] brn\n|upkeep\n|turn|2\n|\n|t:|1697783038\n|move|p1a: Pizza Boy|Disable|p2a: Kill\n|-start|p2a: Kill|Disable|Cosmic Power\n|move|p2b: Goldie|Nasty Plot|p2b: Goldie\n|-boost|p2b: Goldie|spa|2\n|cant|p2a: Kill|Disable|Cosmic Power\n|move|p1b: Sleepyhead|Psyshock|p2b: Goldie\n|-resisted|p2b: Goldie\n|-damage|p2b: Goldie|86\/100\n|\n|-heal|p2b: Goldie|92\/100|[from] item: Leftovers\n|-heal|p2a: Kill|100\/100 brn|[from] item: Leftovers\n|-damage|p2a: Kill|94\/100 brn|[from] brn\n|upkeep\n|turn|3\n|\n|t:|1697783056\n|move|p2a: Kill|Follow Me|p2a: Kill\n|-singleturn|p2a: Kill|move: Follow Me\n|move|p1a: Pizza Boy|Psychic|p2a: Kill\n|-damage|p2a: Kill|55\/100 brn\n|-unboost|p2a: Kill|spd|1\n|move|p2b: Goldie|Nasty Plot|p2b: Goldie\n|-boost|p2b: Goldie|spa|2\n|move|p1b: Sleepyhead|Liquidation|p2a: Kill\n|-damage|p2a: Kill|42\/100 brn\n|\n|-heal|p2b: Goldie|99\/100|[from] item: Leftovers\n|-heal|p2a: Kill|48\/100 brn|[from] item: Leftovers\n|-damage|p2a: Kill|42\/100 brn|[from] brn\n|upkeep\n|turn|4\n|\n|t:|1697783082\n|move|p1a: Pizza Boy|Disable|p2b: Goldie\n|-immune|p2b: Goldie|[from] ability: Good as Gold\n|move|p2b: Goldie|Nasty Plot|p2b: Goldie\n|-boost|p2b: Goldie|spa|2\n|move|p2a: Kill|Life Dew|p2a: Kill|[spread] p2a\n|-immune|p2b: Goldie|[from] ability: Good as Gold\n|-heal|p2a: Kill|67\/100 brn\n|move|p1b: Sleepyhead|Liquidation|p2b: Goldie\n|-damage|p2b: Goldie|78\/100\n|\n|-heal|p2b: Goldie|84\/100|[from] item: Leftovers\n|-heal|p2a: Kill|73\/100 brn|[from] item: Leftovers\n|-damage|p2a: Kill|67\/100 brn|[from] brn\n|upkeep\n|turn|5\n|\n|t:|1697783102\n|move|p1a: Pizza Boy|Will-O-Wisp|p2b: Goldie\n|-immune|p2b: Goldie|[from] ability: Good as Gold\n|move|p2b: Goldie|Make It Rain|p1a: Pizza Boy|[spread] p1a,p1b\n|-supereffective|p1a: Pizza Boy\n|-enditem|p1a: Pizza Boy|Babiri Berry|[eat]\n|-enditem|p1a: Pizza Boy|Babiri Berry|[weaken]\n|-resisted|p1b: Sleepyhead\n|-damage|p1a: Pizza Boy|0 fnt\n|-damage|p1b: Sleepyhead|30\/100\n|-unboost|p2b: Goldie|spa|1\n|faint|p1a: Pizza Boy\n|move|p2a: Kill|Life Dew|p2a: Kill|[spread] p2a\n|-immune|p2b: Goldie|[from] ability: Good as Gold\n|-heal|p2a: Kill|92\/100 brn\n|move|p1b: Sleepyhead|Slack Off|p1b: Sleepyhead\n|-heal|p1b: Sleepyhead|80\/100\n|\n|-heal|p2b: Goldie|91\/100|[from] item: Leftovers\n|-heal|p2a: Kill|98\/100 brn|[from] item: Leftovers\n|-damage|p2a: Kill|92\/100 brn|[from] brn\n|-end|p2a: Kill|Disable\n|upkeep\n|inactive|GTRSoLNeo has 270 seconds left.\n|\n|t:|1697783122\n|switch|p1a: The Bomb|Clodsire, F|100\/100\n|turn|6\n|\n|t:|1697783136\n|-terastallize|p2b: Goldie|Water\n|move|p2b: Goldie|Tera Blast|p1a: The Bomb|[anim] Tera Blast Water\n|-supereffective|p1a: The Bomb\n|-damage|p1a: The Bomb|47\/100\n|move|p2a: Kill|Cosmic Power|p2a: Kill\n|-boost|p2a: Kill|def|1\n|-boost|p2a: Kill|spd|1\n|move|p1b: Sleepyhead|Iron Defense|p1b: Sleepyhead\n|-boost|p1b: Sleepyhead|def|2\n|move|p1a: The Bomb|Earthquake|p2a: Kill|[spread] p1b,p2a,p2b\n|-crit|p1b: Sleepyhead\n|-damage|p1b: Sleepyhead|56\/100\n|-damage|p2a: Kill|73\/100 brn\n|-damage|p2b: Goldie|71\/100\n|\n|-heal|p2b: Goldie|77\/100|[from] item: Leftovers\n|-heal|p2a: Kill|79\/100 brn|[from] item: Leftovers\n|-heal|p1a: The Bomb|53\/100|[from] item: Leftovers\n|-damage|p2a: Kill|73\/100 brn|[from] brn\n|upkeep\n|turn|7\n|\n|t:|1697783165\n|move|p2b: Goldie|Tera Blast|p1a: The Bomb|[anim] Tera Blast Water\n|-supereffective|p1a: The Bomb\n|-damage|p1a: The Bomb|0 fnt\n|faint|p1a: The Bomb\n|move|p2a: Kill|Cosmic Power|p2a: Kill\n|-boost|p2a: Kill|def|1\n|-boost|p2a: Kill|spd|1\n|move|p1b: Sleepyhead|Slack Off|p1b: Sleepyhead\n|-heal|p1b: Sleepyhead|100\/100\n|\n|-heal|p2b: Goldie|84\/100|[from] item: Leftovers\n|-heal|p2a: Kill|79\/100 brn|[from] item: Leftovers\n|-damage|p2a: Kill|73\/100 brn|[from] brn\n|upkeep\n|inactive|GTRSoLNeo has 270 seconds left.\n|\n|t:|1697783184\n|switch|p1a: Coconut Ranger|Bisharp, F|100\/100\n|turn|8\n|\n|t:|1697783196\n|move|p1a: Coconut Ranger|Sucker Punch|p2b: Goldie\n|-damage|p2b: Goldie|44\/100\n|move|p2b: Goldie|Make It Rain|p1b: Sleepyhead|[spread] p1a,p1b\n|-resisted|p1a: Coconut Ranger\n|-resisted|p1b: Sleepyhead\n|-damage|p1a: Coconut Ranger|0 fnt\n|-damage|p1b: Sleepyhead|35\/100\n|-unboost|p2b: Goldie|spa|1\n|faint|p1a: Coconut Ranger\n|move|p2a: Kill|Cosmic Power|p2a: Kill\n|-boost|p2a: Kill|def|1\n|-boost|p2a: Kill|spd|1\n|move|p1b: Sleepyhead|Psyshock|p2a: Kill\n|-damage|p2a: Kill|64\/100 brn\n|\n|-heal|p2b: Goldie|50\/100|[from] item: Leftovers\n|-heal|p2a: Kill|70\/100 brn|[from] item: Leftovers\n|-damage|p2a: Kill|64\/100 brn|[from] brn\n|upkeep\n|\n|t:|1697783214\n|switch|p1a: Doncamatic|Eelektross, M|100\/100\n|turn|9\n|\n|t:|1697783224\n|move|p2b: Goldie|Shadow Ball|p1b: Sleepyhead\n|-supereffective|p1b: Sleepyhead\n|-enditem|p1b: Sleepyhead|Kasib Berry|[eat]\n|-enditem|p1b: Sleepyhead|Kasib Berry|[weaken]\n|-damage|p1b: Sleepyhead|0 fnt\n|faint|p1b: Sleepyhead\n|move|p2a: Kill|Stored Power|p1a: Doncamatic\n|-damage|p1a: Doncamatic|60\/100\n|move|p1a: Doncamatic|Discharge|p2a: Kill|[spread] p2a,p2b\n|-supereffective|p2b: Goldie\n|-damage|p2a: Kill|57\/100 brn\n|-damage|p2b: Goldie|3\/100\n|\n|-heal|p2b: Goldie|9\/100|[from] item: Leftovers\n|-heal|p2a: Kill|63\/100 brn|[from] item: Leftovers\n|-heal|p1a: Doncamatic|66\/100|[from] item: Leftovers\n|-damage|p2a: Kill|57\/100 brn|[from] brn\n|upkeep\n|\n|t:|1697783239\n|switch|p1b: Eye Candy|Gothitelle, F|100\/100\n|turn|10\n|\n|t:|1697783251\n|move|p2b: Goldie|Make It Rain|p1b: Eye Candy|[spread] p1a,p1b\n|-resisted|p1a: Doncamatic\n|-damage|p1a: Doncamatic|0 fnt\n|-damage|p1b: Eye Candy|0 fnt\n|-unboost|p2b: Goldie|spa|1\n|faint|p1a: Doncamatic\n|faint|p1b: Eye Candy\n|\n|win|skullatech\n|l|\u2606GTRSoLNeo\n","uploadtime":1697783265,"views":24,"p1id":"gtrsolneo","p2id":"skullatech","formatid":"gen9doublesou","rating":0,"private":0,"password":""}