{"id":"gen9doublesou-1998331383","p1":"OPieceOfHeroGhost","p2":"aknowthat","format":"[Gen 9] Doubles OU","log":"|j|\u2606OPieceOfHeroGhost\n|j|\u2606aknowthat\n|t:|1700930359\n|gametype|doubles\n|player|p1|OPieceOfHeroGhost|morty|1453\n|player|p2|aknowthat|ninjaboy|1405\n|teamsize|p1|6\n|teamsize|p2|6\n|gen|9\n|tier|[Gen 9] Doubles OU\n|rated|\n|rule|Species Clause: Limit one of each Pok\u00e9mon\n|rule|OHKO Clause: OHKO moves are banned\n|rule|Evasion Moves Clause: Evasion moves are banned\n|rule|Gravity Sleep Clause: The combination of sleep-inducing moves with imperfect accuracy and Gravity or Gigantamax Orbeetle are banned\n|rule|Endless Battle Clause: Forcing endless battles is banned\n|rule|HP Percentage Mod: HP is shown in percentages\n|clearpoke\n|poke|p1|Glimmora, M|\n|poke|p1|Iron Moth|\n|poke|p1|Flutter Mane|\n|poke|p1|Chien-Pao|\n|poke|p1|Dragonite, F|\n|poke|p1|Heatran, M|\n|poke|p2|Cresselia, F|\n|poke|p2|Arcanine, F|\n|poke|p2|Breloom, F|\n|poke|p2|Goodra-Hisui, M|\n|poke|p2|Salamence, F|\n|poke|p2|Volcarona, M|\n|teampreview\n|\n|t:|1700930366\n|start\n|switch|p1a: Glimmora|Glimmora, M|100\/100\n|switch|p1b: \u706b\u8d5e\u4f01|Heatran, M|100\/100\n|switch|p2a: Breloom|Breloom, F|100\/100\n|switch|p2b: Arcanine|Arcanine, F|100\/100\n|-ability|p2b: Arcanine|Intimidate|boost\n|-unboost|p1a: Glimmora|atk|1\n|-unboost|p1b: \u706b\u8d5e\u4f01|atk|1\n|turn|1\n|\n|t:|1700930382\n|-terastallize|p1b: \u706b\u8d5e\u4f01|Grass\n|move|p2a: Breloom|Spore|p1b: \u706b\u8d5e\u4f01\n|-immune|p1b: \u706b\u8d5e\u4f01\n|move|p2b: Arcanine|Will-O-Wisp|p1a: Glimmora\n|-status|p1a: Glimmora|brn\n|move|p1a: Glimmora|Mortal Spin|p2b: Arcanine|[spread] p2a,p2b\n|-supereffective|p2a: Breloom\n|-damage|p2a: Breloom|96\/100\n|-damage|p2b: Arcanine|99\/100\n|-status|p2a: Breloom|psn\n|-status|p2b: Arcanine|psn\n|move|p1b: \u706b\u8d5e\u4f01|Heat Wave|p2a: Breloom|[spread] p2b\n|-miss|p1b: \u706b\u8d5e\u4f01|p2a: Breloom\n|-resisted|p2b: Arcanine\n|-damage|p2b: Arcanine|79\/100 psn\n|\n|-damage|p2a: Breloom|84\/100 psn|[from] psn\n|-damage|p2b: Arcanine|67\/100 psn|[from] psn\n|-damage|p1a: Glimmora|94\/100 brn|[from] brn\n|upkeep\n|turn|2\n|\n|t:|1700930408\n|switch|p2a: Cresselia|Cresselia, F|100\/100\n|switch|p2b: Goodra|Goodra-Hisui, M|100\/100\n|move|p1b: \u706b\u8d5e\u4f01|Protect|p1b: \u706b\u8d5e\u4f01\n|-singleturn|p1b: \u706b\u8d5e\u4f01|Protect\n|move|p1a: Glimmora|Venoshock|p2b: Goodra\n|-immune|p2b: Goodra\n|\n|-damage|p1a: Glimmora|88\/100 brn|[from] brn\n|upkeep\n|turn|3\n|\n|t:|1700930435\n|move|p1a: Glimmora|Earth Power|p2b: Goodra\n|-supereffective|p2b: Goodra\n|-damage|p2b: Goodra|70\/100\n|move|p2a: Cresselia|Thunder Wave|p1b: \u706b\u8d5e\u4f01\n|-status|p1b: \u706b\u8d5e\u4f01|par\n|move|p2b: Goodra|Flamethrower|p1b: \u706b\u8d5e\u4f01\n|-start|p1b: \u706b\u8d5e\u4f01|ability: Flash Fire\n|move|p1b: \u706b\u8d5e\u4f01|Earth Power|p2b: Goodra\n|-supereffective|p2b: Goodra\n|-damage|p2b: Goodra|42\/100\n|\n|-damage|p1a: Glimmora|82\/100 brn|[from] brn\n|upkeep\n|turn|4\n|\n|t:|1700930469\n|switch|p1a: Dragonite|Dragonite, F|100\/100\n|-terastallize|p2b: Goodra|Water\n|move|p2a: Cresselia|Lunar Blessing|p2a: Cresselia|[spread] p2a,p2b\n|-heal|p2b: Goodra|66\/100\n|move|p2b: Goodra|Flash Cannon|p1a: Dragonite\n|-damage|p1a: Dragonite|64\/100\n|cant|p1b: \u706b\u8d5e\u4f01|par\n|\n|upkeep\n|turn|5\n|\n|t:|1700930485\n|move|p1a: Dragonite|Extreme Speed|p2b: Goodra\n|-damage|p2b: Goodra|24\/100\n|move|p2a: Cresselia|Icy Wind|p1a: Dragonite|[spread] p1a,p1b\n|-supereffective|p1a: Dragonite\n|-supereffective|p1b: \u706b\u8d5e\u4f01\n|-damage|p1a: Dragonite|38\/100\n|-damage|p1b: \u706b\u8d5e\u4f01|88\/100 par\n|-unboost|p1a: Dragonite|spe|1\n|-unboost|p1b: \u706b\u8d5e\u4f01|spe|1\n|move|p2b: Goodra|Sludge Bomb|p1b: \u706b\u8d5e\u4f01\n|-supereffective|p1b: \u706b\u8d5e\u4f01\n|-damage|p1b: \u706b\u8d5e\u4f01|40\/100 par\n|move|p1b: \u706b\u8d5e\u4f01|Tera Blast|p2b: Goodra|[anim] Tera Blast Grass\n|-ability|p2b: Goodra|Sap Sipper|boost\n|-boost|p2b: Goodra|atk|1\n|\n|-heal|p1b: \u706b\u8d5e\u4f01|46\/100 par|[from] item: Leftovers\n|upkeep\n|turn|6\n|\n|t:|1700930510\n|switch|p2b: Arcanine|Arcanine, F|67\/100 psn\n|-ability|p2b: Arcanine|Intimidate|boost\n|-fail|p1a: Dragonite|unboost|Attack|[from] ability: Inner Focus|[of] p1a: Dragonite\n|-unboost|p1b: \u706b\u8d5e\u4f01|atk|1\n|-end|p1b: \u706b\u8d5e\u4f01|ability: Flash Fire|[silent]\n|switch|p1b: Chien-Pao|Chien-Pao|100\/100\n|-ability|p1b: Chien-Pao|Sword of Ruin\n|move|p1a: Dragonite|Extreme Speed|p2b: Arcanine\n|-damage|p2b: Arcanine|22\/100 psn\n|move|p2a: Cresselia|Icy Wind|p1b: Chien-Pao|[spread] p1a,p1b\n|-supereffective|p1a: Dragonite\n|-resisted|p1b: Chien-Pao\n|-damage|p1a: Dragonite|10\/100\n|-damage|p1b: Chien-Pao|95\/100\n|-unboost|p1a: Dragonite|spe|1\n|-unboost|p1b: Chien-Pao|spe|1\n|\n|-damage|p2b: Arcanine|10\/100 psn|[from] psn\n|upkeep\n|turn|7\n|\n|t:|1700930529\n|move|p2b: Arcanine|Protect|p2b: Arcanine\n|-singleturn|p2b: Arcanine|Protect\n|move|p1a: Dragonite|Extreme Speed|p2b: Arcanine\n|-activate|p2b: Arcanine|move: Protect\n|move|p1b: Chien-Pao|Sucker Punch||[still]\n|-fail|p1b: Chien-Pao\n|move|p2a: Cresselia|Lunar Blessing|p2a: Cresselia|[spread] p2a,p2b\n|-heal|p2b: Arcanine|35\/100 psn\n|-curestatus|p2b: Arcanine|psn|[msg]\n|\n|upkeep\n|turn|8\n|\n|t:|1700930546\n|switch|p2b: Salamence|Salamence, F|100\/100\n|-ability|p2b: Salamence|Intimidate|boost\n|-fail|p1a: Dragonite|unboost|Attack|[from] ability: Inner Focus|[of] p1a: Dragonite\n|-unboost|p1b: Chien-Pao|atk|1\n|move|p1a: Dragonite|Extreme Speed|p2b: Salamence\n|-damage|p2b: Salamence|28\/100\n|move|p1b: Chien-Pao|Ice Spinner|p2a: Cresselia\n|-damage|p2a: Cresselia|78\/100\n|move|p2a: Cresselia|Icy Wind|p1a: Dragonite|[spread] p1a,p1b\n|-supereffective|p1a: Dragonite\n|-resisted|p1b: Chien-Pao\n|-damage|p1a: Dragonite|0 fnt\n|-damage|p1b: Chien-Pao|88\/100\n|-unboost|p1b: Chien-Pao|spe|1\n|faint|p1a: Dragonite\n|\n|-heal|p2a: Cresselia|84\/100|[from] item: Leftovers\n|upkeep\n|\n|t:|1700930560\n|switch|p1a: Glimmora|Glimmora, M|82\/100 brn\n|turn|9\n|\n|t:|1700930568\n|move|p2b: Salamence|Protect|p2b: Salamence\n|-singleturn|p2b: Salamence|Protect\n|move|p1b: Chien-Pao|Protect|p1b: Chien-Pao\n|-singleturn|p1b: Chien-Pao|Protect\n|move|p1a: Glimmora|Mortal Spin|p2a: Cresselia|[spread] p2a\n|-activate|p2b: Salamence|move: Protect\n|-damage|p2a: Cresselia|82\/100\n|-status|p2a: Cresselia|psn\n|move|p2a: Cresselia|Icy Wind|p1a: Glimmora|[spread] p1a\n|-activate|p1b: Chien-Pao|move: Protect\n|-damage|p1a: Glimmora|77\/100 brn\n|-unboost|p1a: Glimmora|spe|1\n|\n|-heal|p2a: Cresselia|88\/100 psn|[from] item: Leftovers\n|-damage|p2a: Cresselia|75\/100 psn|[from] psn\n|-damage|p1a: Glimmora|71\/100 brn|[from] brn\n|upkeep\n|turn|10\n|\n|t:|1700930591\n|move|p2a: Cresselia|Helping Hand|p2b: Salamence\n|-singleturn|p2b: Salamence|Helping Hand|[of] p2a: Cresselia\n|move|p2b: Salamence|Earthquake|p1b: Chien-Pao|[spread] p1a,p1b\n|-immune|p2a: Cresselia|[from] ability: Levitate\n|-supereffective|p1a: Glimmora\n|-damage|p1a: Glimmora|0 fnt\n|-damage|p1b: Chien-Pao|14\/100\n|-activate|p1a: Glimmora|ability: Toxic Debris\n|-sidestart|p2: aknowthat|move: Toxic Spikes\n|faint|p1a: Glimmora\n|-damage|p2b: Salamence|18\/100|[from] item: Life Orb\n|move|p1b: Chien-Pao|Ice Spinner|p2a: Cresselia\n|-crit|p2a: Cresselia\n|-damage|p2a: Cresselia|22\/100 psn\n|\n|-heal|p2a: Cresselia|28\/100 psn|[from] item: Leftovers\n|-damage|p2a: Cresselia|16\/100 psn|[from] psn\n|upkeep\n|\n|t:|1700930599\n|switch|p1a: Iron Moth|Iron Moth|100\/100\n|-enditem|p1a: Iron Moth|Booster Energy\n|-activate|p1a: Iron Moth|ability: Quark Drive|[fromitem]\n|-start|p1a: Iron Moth|quarkdrivespe\n|turn|11\n|\n|t:|1700930618\n|move|p1b: Chien-Pao|Sucker Punch|p2b: Salamence\n|-damage|p2b: Salamence|0 fnt\n|faint|p2b: Salamence\n|move|p1a: Iron Moth|Venoshock|p2a: Cresselia\n|-damage|p2a: Cresselia|0 fnt\n|faint|p2a: Cresselia\n|\n|upkeep\n|\n|t:|1700930627\n|switch|p2b: Goodra|Goodra-Hisui, M, tera:Water|24\/100\n|switch|p2a: Arcanine|Arcanine, F|35\/100\n|-ability|p2a: Arcanine|Intimidate|boost\n|-unboost|p1a: Iron Moth|atk|1\n|-unboost|p1b: Chien-Pao|atk|1\n|-status|p2b: Goodra|psn\n|turn|12\n|\n|t:|1700930646\n|move|p1a: Iron Moth|Venoshock|p2b: Goodra\n|-damage|p2b: Goodra|0 fnt\n|faint|p2b: Goodra\n|move|p2a: Arcanine|Morning Sun|p2a: Arcanine\n|-heal|p2a: Arcanine|85\/100\n|move|p1b: Chien-Pao|Sacred Sword|p2a: Arcanine\n|-damage|p2a: Arcanine|68\/100\n|\n|upkeep\n|\n|t:|1700930665\n|switch|p2b: Breloom|Breloom, F|84\/100 psn\n|turn|13\n|\n|t:|1700930674\n|switch|p1b: Flutter Mane|Flutter Mane|100\/100\n|move|p1a: Iron Moth|Venoshock|p2b: Breloom\n|-supereffective|p2b: Breloom\n|-damage|p2b: Breloom|0 fnt\n|faint|p2b: Breloom\n|move|p2a: Arcanine|Heat Wave|p1b: Flutter Mane|[spread] p1a,p1b\n|-resisted|p1a: Iron Moth\n|-damage|p1a: Iron Moth|89\/100\n|-damage|p1b: Flutter Mane|81\/100\n|\n|upkeep\n|\n|t:|1700930683\n|switch|p2b: Volcarona|Volcarona, M|100\/100\n|-status|p2b: Volcarona|psn\n|turn|14\n|\n|t:|1700930695\n|move|p1a: Iron Moth|Venoshock|p2b: Volcarona\n|-damage|p2b: Volcarona|33\/100 psn\n|move|p1b: Flutter Mane|Hex|p2a: Arcanine\n|-damage|p2a: Arcanine|20\/100\n|move|p2b: Volcarona|Quiver Dance|p2b: Volcarona\n|-boost|p2b: Volcarona|spa|1\n|-boost|p2b: Volcarona|spd|1\n|-boost|p2b: Volcarona|spe|1\n|move|p2a: Arcanine|Heat Wave|p1b: Flutter Mane|[spread] p1a,p1b\n|-resisted|p1a: Iron Moth\n|-damage|p1a: Iron Moth|79\/100\n|-damage|p1b: Flutter Mane|61\/100\n|\n|-damage|p2b: Volcarona|21\/100 psn|[from] psn\n|upkeep\n|-enditem|p2b: Volcarona|Aguav Berry|[eat]\n|-heal|p2b: Volcarona|54\/100 psn|[from] item: Aguav Berry\n|turn|15\n|\n|t:|1700930720\n|move|p2a: Arcanine|Protect|p2a: Arcanine\n|-singleturn|p2a: Arcanine|Protect\n|move|p1a: Iron Moth|Venoshock|p2b: Volcarona\n|-damage|p2b: Volcarona|4\/100 psn\n|move|p2b: Volcarona|Giga Drain|p1b: Flutter Mane\n|-damage|p1b: Flutter Mane|25\/100\n|-heal|p2b: Volcarona|23\/100 psn|[from] drain|[of] p1b: Flutter Mane\n|move|p1b: Flutter Mane|Hex|p2b: Volcarona\n|-damage|p2b: Volcarona|0 fnt\n|faint|p2b: Volcarona\n|\n|upkeep\n|turn|16\n|-message|aknowthat forfeited.\n|\n|win|OPieceOfHeroGhost\n|raw|OPieceOfHeroGhost's rating: 1453 &rarr; <strong>1470<\/strong><br \/>(+17 for winning)\n|raw|aknowthat's rating: 1405 &rarr; <strong>1388<\/strong><br \/>(-17 for losing)\n|l|\u2606aknowthat\n","uploadtime":1700930735,"views":6,"p1id":"opieceofheroghost","p2id":"aknowthat","formatid":"gen9doublesou","rating":1388,"private":0,"password":""}