{"id":"gen9doublesou-1972023701","p1":"NickMomento","p2":"KizzaMaGee69","format":"[Gen 9] Doubles OU","log":"|j|\u2606NickMomento\n|j|\u2606KizzaMaGee69\n|t:|1697805906\n|gametype|doubles\n|player|p1|NickMomento|1|1084\n|player|p2|KizzaMaGee69|clown|1091\n|teamsize|p1|6\n|teamsize|p2|6\n|gen|9\n|tier|[Gen 9] Doubles OU\n|rated|\n|rule|Species Clause: Limit one of each Pok\u00e9mon\n|rule|OHKO Clause: OHKO moves are banned\n|rule|Evasion Moves Clause: Evasion moves are banned\n|rule|Gravity Sleep Clause: The combination of sleep-inducing moves with imperfect accuracy and Gravity or Gigantamax Orbeetle are banned\n|rule|Endless Battle Clause: Forcing endless battles is banned\n|rule|HP Percentage Mod: HP is shown in percentages\n|clearpoke\n|poke|p1|Pelipper, M|\n|poke|p1|Goodra, M|\n|poke|p1|Beartic, M|\n|poke|p1|Meowscarada, F|\n|poke|p1|Ceruledge, M|\n|poke|p1|Landorus-Therian, M|\n|poke|p2|Diancie|\n|poke|p2|Great Tusk|\n|poke|p2|Zoroark-Hisui, M|\n|poke|p2|Dragonite, M|\n|poke|p2|Armarouge, M|\n|poke|p2|Meowth, M|\n|teampreview\n|inactive|Battle timer is ON: inactive players will automatically lose when time's up. (requested by KizzaMaGee69)\n|\n|t:|1697805919\n|start\n|switch|p1a: Pelipper|Pelipper, M|100\/100\n|switch|p1b: Beartic|Beartic, M|100\/100\n|switch|p2a: Armarouge|Armarouge, M|100\/100\n|switch|p2b: Meowth|Meowth, M|100\/100\n|-weather|RainDance|[from] ability: Drizzle|[of] p1a: Pelipper\n|turn|1\n|\n|t:|1697805934\n|move|p2b: Meowth|Fake Out|p1a: Pelipper\n|-damage|p1a: Pelipper|84\/100\n|move|p1b: Beartic|Bulk Up|p1b: Beartic\n|-boost|p1b: Beartic|atk|1\n|-boost|p1b: Beartic|def|1\n|move|p2a: Armarouge|Heat Wave|p1b: Beartic|[spread] p1a,p1b\n|-resisted|p1a: Pelipper\n|-supereffective|p1b: Beartic\n|-damage|p1a: Pelipper|66\/100\n|-damage|p1b: Beartic|43\/100\n|-status|p1a: Pelipper|brn\n|-enditem|p1b: Beartic|Weakness Policy\n|-boost|p1b: Beartic|atk|2|[from] item: Weakness Policy\n|-boost|p1b: Beartic|spa|2|[from] item: Weakness Policy\n|cant|p1a: Pelipper|flinch\n|\n|-weather|RainDance|[upkeep]\n|-damage|p1a: Pelipper|60\/100 brn|[from] brn\n|upkeep\n|turn|2\n|\n|t:|1697805959\n|move|p1b: Beartic|Earthquake|p2a: Armarouge|[spread] p2a,p2b\n|-immune|p1a: Pelipper\n|-supereffective|p2a: Armarouge\n|-damage|p2a: Armarouge|0 fnt\n|-damage|p2b: Meowth|0 fnt\n|faint|p2a: Armarouge\n|faint|p2b: Meowth\n|move|p1a: Pelipper|Weather Ball|p2: Armarouge|[notarget]\n|-fail|p1a: Pelipper\n|\n|-weather|RainDance|[upkeep]\n|-damage|p1a: Pelipper|54\/100 brn|[from] brn\n|upkeep\n|\n|t:|1697805968\n|switch|p2b: Great Tusk|Great Tusk|100\/100\n|switch|p2a: Diancie|Diancie|100\/100\n|turn|3\n|\n|t:|1697805977\n|move|p1b: Beartic|Earthquake|p2b: Great Tusk|[spread] p2a,p2b\n|-immune|p1a: Pelipper\n|-supereffective|p2a: Diancie\n|-damage|p2a: Diancie|16\/100\n|-damage|p2b: Great Tusk|0 fnt\n|replace|p2b: Zoroark|Zoroark-Hisui, M\n|-end|p2b: Zoroark|Illusion\n|faint|p2b: Zoroark\n|move|p1a: Pelipper|Weather Ball|p2a: Diancie\n|-supereffective|p2a: Diancie\n|-damage|p2a: Diancie|0 fnt\n|faint|p2a: Diancie\n|\n|-weather|RainDance|[upkeep]\n|-damage|p1a: Pelipper|48\/100 brn|[from] brn\n|upkeep\n|\n|t:|1697805988\n|switch|p2b: Dragonite|Dragonite, M|100\/100\n|switch|p2a: Great Tusk|Great Tusk|100\/100\n|turn|4\n|\n|t:|1697805998\n|move|p1b: Beartic|Icicle Crash|p2b: Dragonite\n|-supereffective|p2b: Dragonite\n|-damage|p2b: Dragonite|0 fnt\n|faint|p2b: Dragonite\n|move|p2a: Great Tusk|Rock Slide|p1a: Pelipper|[spread] p1a,p1b\n|-supereffective|p1a: Pelipper\n|-supereffective|p1b: Beartic\n|-damage|p1a: Pelipper|7\/100 brn\n|-damage|p1b: Beartic|14\/100\n|cant|p1a: Pelipper|flinch\n|\n|-weather|RainDance|[upkeep]\n|-damage|p1a: Pelipper|1\/100 brn|[from] brn\n|upkeep\n|turn|5\n|\n|t:|1697806014\n|move|p1b: Beartic|Icicle Crash|p2a: Great Tusk\n|-supereffective|p2a: Great Tusk\n|-damage|p2a: Great Tusk|0 fnt\n|faint|p2a: Great Tusk\n|-end|p2a: Great Tusk|Protosynthesis|[silent]\n|\n|win|NickMomento\n|raw|NickMomento's rating: 1084 &rarr; <strong>1112<\/strong><br \/>(+28 for winning)\n|raw|KizzaMaGee69's rating: 1091 &rarr; <strong>1067<\/strong><br \/>(-24 for losing)\n|l|\u2606KizzaMaGee69\n","uploadtime":1697806025,"views":13,"p1id":"nickmomento","p2id":"kizzamagee69","formatid":"gen9doublesou","rating":1067,"private":0,"password":""}