{"id":"gen9doublesou-1997867263","p1":"MYNAMEISGIORNO","p2":"papi de quatro","format":"[Gen 9] Doubles OU","log":"|j|\u2606MYNAMEISGIORNO\n|j|\u2606papi de quatro\n|t:|1700861528\n|gametype|doubles\n|player|p1|MYNAMEISGIORNO|worker|1254\n|player|p2|papi de quatro|169|1330\n|teamsize|p1|6\n|teamsize|p2|6\n|gen|9\n|tier|[Gen 9] Doubles OU\n|rated|\n|rule|Species Clause: Limit one of each Pok\u00e9mon\n|rule|OHKO Clause: OHKO moves are banned\n|rule|Evasion Moves Clause: Evasion moves are banned\n|rule|Gravity Sleep Clause: The combination of sleep-inducing moves with imperfect accuracy and Gravity or Gigantamax Orbeetle are banned\n|rule|Endless Battle Clause: Forcing endless battles is banned\n|rule|HP Percentage Mod: HP is shown in percentages\n|clearpoke\n|poke|p1|Haxorus, F|\n|poke|p1|Cinderace, M|\n|poke|p1|Garchomp, M|\n|poke|p1|Torterra, M|\n|poke|p1|Noctowl, M|\n|poke|p1|Mew|\n|poke|p2|Farigiraf, M|\n|poke|p2|Hatterene, F|\n|poke|p2|Ursaluna, M|\n|poke|p2|Sinistcha|\n|poke|p2|Kommo-o, F|\n|poke|p2|Kingambit, M|\n|teampreview\n|\n|t:|1700861557\n|start\n|switch|p1a: Morning Wood|Torterra, M|100\/100\n|switch|p1b: Graham Fetus|Mew, shiny|100\/100\n|switch|p2a: Farigiraf|Farigiraf, M|100\/100\n|switch|p2b: Ursaluna|Ursaluna, M, shiny|100\/100\n|turn|1\n|\n|t:|1700861574\n|move|p1b: Graham Fetus|Pollen Puff|p2a: Farigiraf\n|-supereffective|p2a: Farigiraf\n|-damage|p2a: Farigiraf|45\/100\n|move|p1a: Morning Wood|Headlong Rush|p2a: Farigiraf\n|-damage|p2a: Farigiraf|0 fnt\n|-unboost|p1a: Morning Wood|def|1\n|-unboost|p1a: Morning Wood|spd|1\n|faint|p2a: Farigiraf\n|move|p2b: Ursaluna|Ice Punch|p1a: Morning Wood\n|-supereffective|p1a: Morning Wood\n|-damage|p1a: Morning Wood|0 fnt\n|faint|p1a: Morning Wood\n|\n|-status|p2b: Ursaluna|brn|[from] item: Flame Orb\n|upkeep\n|\n|t:|1700861607\n|switch|p1a: Patricia|Haxorus, F|100\/100\n|switch|p2a: Hatterene|Hatterene, F, shiny|100\/100\n|-ability|p1a: Patricia|Mold Breaker\n|turn|2\n|\n|t:|1700861624\n|-terastallize|p1a: Patricia|Steel\n|move|p1a: Patricia|Iron Head|p2a: Hatterene\n|-supereffective|p2a: Hatterene\n|-damage|p2a: Hatterene|4\/100\n|move|p1b: Graham Fetus|Encore|p2b: Ursaluna\n|-start|p2b: Ursaluna|Encore\n|move|p2b: Ursaluna|Ice Punch|p1a: Patricia\n|-resisted|p1a: Patricia\n|-damage|p1a: Patricia|73\/100\n|move|p2a: Hatterene|Trick Room|p2a: Hatterene\n|-fieldstart|move: Trick Room|[of] p2a: Hatterene\n|\n|-heal|p2a: Hatterene|10\/100|[from] item: Leftovers\n|-damage|p2b: Ursaluna|94\/100 brn|[from] brn\n|upkeep\n|turn|3\n|\n|t:|1700861654\n|move|p2a: Hatterene|Draining Kiss|p1b: Graham Fetus\n|-damage|p1b: Graham Fetus|75\/100\n|-heal|p2a: Hatterene|34\/100|[from] drain|[of] p1b: Graham Fetus\n|move|p2b: Ursaluna|Ice Punch|p1b: Graham Fetus\n|-damage|p1b: Graham Fetus|37\/100\n|move|p1b: Graham Fetus|Pollen Puff|p2a: Hatterene\n|-damage|p2a: Hatterene|5\/100\n|move|p1a: Patricia|Iron Head|p2b: Ursaluna\n|-crit|p2b: Ursaluna\n|-damage|p2b: Ursaluna|43\/100 brn\n|\n|-heal|p2a: Hatterene|11\/100|[from] item: Leftovers\n|-damage|p2b: Ursaluna|37\/100 brn|[from] brn\n|upkeep\n|turn|4\n|c|\u2606papi de quatro|ment to facade not ice punch lol\n|c|\u2606MYNAMEISGIORNO|yeah encore is kinda nasty haha\n|inactive|Battle timer is ON: inactive players will automatically lose when time's up. (requested by papi de quatro)\n|c|\u2606papi de quatro|yea worst time to misclick\n|\n|t:|1700861713\n|move|p2a: Hatterene|Draining Kiss|p1b: Graham Fetus\n|-damage|p1b: Graham Fetus|12\/100\n|-heal|p2a: Hatterene|35\/100|[from] drain|[of] p1b: Graham Fetus\n|-enditem|p1b: Graham Fetus|Aguav Berry|[eat]\n|-heal|p1b: Graham Fetus|45\/100|[from] item: Aguav Berry\n|move|p2b: Ursaluna|Ice Punch|p1a: Patricia\n|-resisted|p1a: Patricia\n|-damage|p1a: Patricia|44\/100\n|move|p1b: Graham Fetus|Psychic|p2b: Ursaluna\n|-damage|p2b: Ursaluna|0 fnt\n|faint|p2b: Ursaluna\n|move|p1a: Patricia|Iron Head|p2a: Hatterene\n|-supereffective|p2a: Hatterene\n|-damage|p2a: Hatterene|0 fnt\n|faint|p2a: Hatterene\n|\n|upkeep\n|inactive|papi de quatro has 120 seconds left.\n|\n|t:|1700861757\n|switch|p2a: Kingambit|Kingambit, M|100\/100\n|switch|p2b: Kommo-o|Kommo-o, F|100\/100\n|-activate|p2a: Kingambit|ability: Supreme Overlord\n|-start|p2a: Kingambit|fallen3|[silent]\n|turn|5\n|inactive|papi de quatro has 120 seconds left.\n|\n|t:|1700861775\n|-terastallize|p2b: Kommo-o|Normal\n|move|p2a: Kingambit|Kowtow Cleave|p1b: Graham Fetus\n|-supereffective|p1b: Graham Fetus\n|-damage|p1b: Graham Fetus|0 fnt\n|faint|p1b: Graham Fetus\n|move|p2b: Kommo-o|Boomburst|p1a: Patricia|[spread] p2a,p1a\n|-resisted|p2a: Kingambit\n|-resisted|p1a: Patricia\n|-damage|p2a: Kingambit|85\/100\n|-damage|p1a: Patricia|11\/100\n|-enditem|p2b: Kommo-o|Throat Spray\n|-boost|p2b: Kommo-o|spa|1|[from] item: Throat Spray\n|move|p1a: Patricia|Earthquake|p2a: Kingambit|[spread] p2a,p2b\n|-supereffective|p2a: Kingambit\n|-crit|p2b: Kommo-o\n|-damage|p2a: Kingambit|47\/100\n|-damage|p2b: Kommo-o|56\/100\n|\n|upkeep\n|\n|t:|1700861790\n|switch|p1b: Mandam|Noctowl, M, shiny|100\/100\n|turn|6\n|\n|t:|1700861813\n|move|p2a: Kingambit|Sucker Punch|p1b: Mandam\n|-damage|p1b: Mandam|25\/100\n|move|p2b: Kommo-o|Vacuum Wave|p1a: Patricia\n|-supereffective|p1a: Patricia\n|-damage|p1a: Patricia|0 fnt\n|faint|p1a: Patricia\n|move|p1b: Mandam|Heat Wave|p2b: Kommo-o|[spread] p2a,p2b\n|-supereffective|p2a: Kingambit\n|-damage|p2a: Kingambit|22\/100\n|-damage|p2b: Kommo-o|35\/100\n|\n|-fieldend|move: Trick Room\n|upkeep\n|\n|t:|1700861822\n|switch|p1a: Fabian|Garchomp, M, shiny|100\/100\n|turn|7\n|\n|t:|1700861834\n|switch|p1b: Jo\u00fcrjo\u00fcr|Cinderace, M|100\/100\n|-end|p2a: Kingambit|fallen3|[silent]\n|switch|p2a: Sinistcha|Sinistcha, shiny|100\/100\n|-heal|p2b: Kommo-o|60\/100|[from] ability: Hospitality|[of] p2a: Sinistcha\n|move|p1a: Fabian|Earthquake|p2b: Kommo-o|[spread] p1b,p2a,p2b\n|-supereffective|p1b: Jo\u00fcrjo\u00fcr\n|-resisted|p2a: Sinistcha\n|-crit|p2b: Kommo-o\n|-damage|p1b: Jo\u00fcrjo\u00fcr|0 fnt\n|-damage|p2a: Sinistcha|81\/100\n|-damage|p2b: Kommo-o|1\/100\n|faint|p1b: Jo\u00fcrjo\u00fcr\n|move|p2b: Kommo-o|Clanging Scales|p1a: Fabian\n|-supereffective|p1a: Fabian\n|-damage|p1a: Fabian|0 fnt\n|faint|p1a: Fabian\n|-unboost|p2b: Kommo-o|def|1\n|\n|upkeep\n|\n|t:|1700861844\n|switch|p1b: Mandam|Noctowl, M, shiny|25\/100\n|turn|8\n|\n|t:|1700861857\n|move|p2a: Sinistcha|Rage Powder|p2a: Sinistcha\n|-singleturn|p2a: Sinistcha|move: Rage Powder\n|move|p2b: Kommo-o|Vacuum Wave|p1b: Mandam\n|-damage|p1b: Mandam|0 fnt\n|faint|p1b: Mandam\n|\n|win|papi de quatro\n|raw|MYNAMEISGIORNO's rating: 1254 &rarr; <strong>1234<\/strong><br \/>(-20 for losing)\n|raw|papi de quatro's rating: 1330 &rarr; <strong>1346<\/strong><br \/>(+16 for winning)\n|c|\u2606MYNAMEISGIORNO|gg\n|l|\u2606MYNAMEISGIORNO\n|c|\u2606papi de quatro|gg\n","uploadtime":1700861867,"views":2,"p1id":"mynameisgiorno","p2id":"papidequatro","formatid":"gen9doublesou","rating":1234,"private":0,"password":""}