{"id":"gen9doublesou-1979237728","p1":"Burmy-Burmy","p2":"Pennys No.1 Fan","format":"[Gen 9] Doubles OU","log":"|j|\u2606Burmy-Burmy\n|j|\u2606Pennys No.1 Fan\n|inactive|Battle timer is ON: inactive players will automatically lose when time's up.\n|t:|1698658421\n|gametype|doubles\n|player|p1|Burmy-Burmy|shadowtriad|\n|player|p2|Pennys No.1 Fan|penny|\n|teamsize|p1|2\n|teamsize|p2|2\n|gen|9\n|tier|[Gen 9] Doubles OU\n|rated|Tournament battle\n|rule|Species Clause: Limit one of each Pok\u00e9mon\n|rule|OHKO Clause: OHKO moves are banned\n|rule|Evasion Moves Clause: Evasion moves are banned\n|rule|Gravity Sleep Clause: The combination of sleep-inducing moves with imperfect accuracy and Gravity or Gigantamax Orbeetle are banned\n|rule|Endless Battle Clause: Forcing endless battles is banned\n|rule|HP Percentage Mod: HP is shown in percentages\n|clearpoke\n|poke|p1|Piloswine, M|\n|poke|p1|Drakloak, M|\n|poke|p2|Steenee, F|\n|poke|p2|Bronzor|\n|teampreview\n|j|*Lady Monita \u263d\n|inactive|Burmy-Burmy also wants the timer to be on.\n|inactive|Pennys No.1 Fan also wants the timer to be on.\n|\n|t:|1698658425\n|start\n|switch|p1a: Drakloak|Drakloak, M|100\/100\n|switch|p1b: Piloswine|Piloswine, M|100\/100\n|switch|p2a: Steenee|Steenee, F|100\/100\n|switch|p2b: Bronzor|Bronzor|100\/100\n|turn|1\n|j| Profesor Turo\n|\n|t:|1698658440\n|-terastallize|p1b: Piloswine|Water\n|move|p2a: Steenee|Protect|p2a: Steenee\n|-singleturn|p2a: Steenee|Protect\n|move|p1a: Drakloak|Flamethrower|p2a: Steenee\n|-activate|p2a: Steenee|move: Protect\n|move|p1b: Piloswine|Icicle Crash|p2a: Steenee\n|-activate|p2a: Steenee|move: Protect\n|move|p2b: Bronzor|Reflect|p2b: Bronzor\n|-sidestart|p2: Pennys No.1 Fan|Reflect\n|\n|upkeep\n|turn|2\n|\n|t:|1698658466\n|-terastallize|p2a: Steenee|Fire\n|move|p1a: Drakloak|Flamethrower|p2b: Bronzor\n|-supereffective|p2b: Bronzor\n|-damage|p2b: Bronzor|66\/100\n|move|p2a: Steenee|Play Rough|p1a: Drakloak\n|-supereffective|p1a: Drakloak\n|-damage|p1a: Drakloak|23\/100\n|move|p1b: Piloswine|Icicle Crash|p2a: Steenee\n|-resisted|p2a: Steenee\n|-damage|p2a: Steenee|80\/100\n|move|p2b: Bronzor|Light Screen|p2b: Bronzor\n|-sidestart|p2: Pennys No.1 Fan|move: Light Screen\n|\n|upkeep\n|turn|3\n|inactive|Pennys No.1 Fan has 120 seconds left.\n|\n|t:|1698658500\n|move|p1a: Drakloak|Flamethrower|p2b: Bronzor\n|-supereffective|p2b: Bronzor\n|-damage|p2b: Bronzor|44\/100\n|move|p2a: Steenee|Play Rough|p1a: Drakloak\n|-supereffective|p1a: Drakloak\n|-damage|p1a: Drakloak|0 fnt\n|faint|p1a: Drakloak\n|move|p1b: Piloswine|High Horsepower|p2a: Steenee\n|-supereffective|p2a: Steenee\n|-damage|p2a: Steenee|0 fnt\n|faint|p2a: Steenee\n|move|p2b: Bronzor|Gyro Ball|p1b: Piloswine\n|-resisted|p1b: Piloswine\n|-damage|p1b: Piloswine|97\/100\n|\n|upkeep\n|turn|4\n|\n|t:|1698658509\n|move|p1b: Piloswine|Icicle Crash|p2b: Bronzor\n|-resisted|p2b: Bronzor\n|-damage|p2b: Bronzor|33\/100\n|move|p2b: Bronzor|Gyro Ball|p1b: Piloswine\n|-resisted|p1b: Piloswine\n|-damage|p1b: Piloswine|94\/100\n|\n|upkeep\n|turn|5\n|\n|t:|1698658518\n|move|p1b: Piloswine|Icicle Crash|p2b: Bronzor\n|-resisted|p2b: Bronzor\n|-damage|p2b: Bronzor|21\/100\n|move|p2b: Bronzor|Trick Room|p2b: Bronzor\n|-fieldstart|move: Trick Room|[of] p2b: Bronzor\n|\n|-sideend|p2: Pennys No.1 Fan|Reflect\n|upkeep\n|turn|6\n|\n|t:|1698658523\n|move|p2b: Bronzor|Reflect|p2b: Bronzor\n|-sidestart|p2: Pennys No.1 Fan|Reflect\n|move|p1b: Piloswine|Icicle Crash|p2b: Bronzor\n|-resisted|p2b: Bronzor\n|-damage|p2b: Bronzor|10\/100\n|\n|-sideend|p2: Pennys No.1 Fan|move: Light Screen\n|upkeep\n|turn|7\n|\n|t:|1698658527\n|move|p2b: Bronzor|Gyro Ball|p1b: Piloswine\n|-resisted|p1b: Piloswine\n|-damage|p1b: Piloswine|91\/100\n|move|p1b: Piloswine|Icicle Crash|p2b: Bronzor\n|-resisted|p2b: Bronzor\n|-damage|p2b: Bronzor|0 fnt\n|faint|p2b: Bronzor\n|\n|win|Burmy-Burmy\n|n|\u2606Burmy-Burmy|burmyburmy\n|n|\u2606Pennys No.1 Fan|pennysno1fan\n|n|*Lady Monita \u263d|ladymonita\n|n| Profesor Turo|profesorturo\n","uploadtime":1698658528,"views":21,"p1id":"burmyburmy","p2id":"pennysno1fan","formatid":"gen9doublesou","rating":0,"private":0,"password":""}