{"id":"gen9doublesou-1997412585","p1":"paranguaricutiri","p2":"hayniu","format":"[Gen 9] Doubles OU","log":"|j|\u2606paranguaricutiri\n|j|\u2606hayniu\n|t:|1700801113\n|gametype|doubles\n|player|p1|paranguaricutiri|102|1228\n|player|p2|hayniu|1|1372\n|teamsize|p1|6\n|teamsize|p2|6\n|gen|9\n|tier|[Gen 9] Doubles OU\n|rated|\n|rule|Species Clause: Limit one of each Pok\u00e9mon\n|rule|OHKO Clause: OHKO moves are banned\n|rule|Evasion Moves Clause: Evasion moves are banned\n|rule|Gravity Sleep Clause: The combination of sleep-inducing moves with imperfect accuracy and Gravity or Gigantamax Orbeetle are banned\n|rule|Endless Battle Clause: Forcing endless battles is banned\n|rule|HP Percentage Mod: HP is shown in percentages\n|clearpoke\n|poke|p1|Torkoal, M|\n|poke|p1|Walking Wake|\n|poke|p1|Lilligant-Hisui, F|\n|poke|p1|Ursaluna, F|\n|poke|p1|Hatterene, F|\n|poke|p1|Ogerpon-Hearthflame, F|\n|poke|p2|Shiftry, F|\n|poke|p2|Tornadus, M|\n|poke|p2|Torkoal, M|\n|poke|p2|Indeedee-F, F|\n|poke|p2|Ursaluna-Bloodmoon, M|\n|poke|p2|Chi-Yu|\n|teampreview\n|\n|t:|1700801122\n|start\n|switch|p1a: Hatterene|Hatterene, F|100\/100\n|switch|p1b: Ogerpon|Ogerpon-Hearthflame, F|100\/100\n|switch|p2a: Indeedee|Indeedee-F, F|100\/100\n|switch|p2b: Tornadus|Tornadus, M|100\/100\n|-ability|p1b: Ogerpon|Mold Breaker\n|-fieldstart|move: Psychic Terrain|[from] ability: Psychic Surge|[of] p2a: Indeedee\n|turn|1\n|\n|t:|1700801136\n|move|p2b: Tornadus|Bleakwind Storm|p1b: Ogerpon|[spread] p1a,p1b\n|-crit|p1a: Hatterene\n|-supereffective|p1b: Ogerpon\n|-damage|p1a: Hatterene|32\/100\n|-damage|p1b: Ogerpon|15\/100\n|move|p1b: Ogerpon|U-turn|p2a: Indeedee\n|-supereffective|p2a: Indeedee\n|-damage|p2a: Indeedee|13\/100\n|\n|t:|1700801143\n|switch|p1b: Ursaluna|Ursaluna, F|100\/100|[from] U-turn\n|move|p2a: Indeedee|Trick Room|p2a: Indeedee\n|-fieldstart|move: Trick Room|[of] p2a: Indeedee\n|move|p1a: Hatterene|Trick Room|p1a: Hatterene\n|-fieldend|move: Trick Room\n|\n|-heal|p1a: Hatterene|38\/100|[from] item: Leftovers\n|-status|p1b: Ursaluna|brn|[from] item: Flame Orb\n|upkeep\n|turn|2\n|c|\u2606paranguaricutiri|bruh\n|\n|t:|1700801154\n|move|p2b: Tornadus|Bleakwind Storm|p1a: Hatterene|[spread] p1a,p1b\n|-damage|p1a: Hatterene|0 fnt\n|-damage|p1b: Ursaluna|63\/100 brn\n|faint|p1a: Hatterene\n|move|p2a: Indeedee|Psychic|p1b: Ursaluna\n|-damage|p1b: Ursaluna|23\/100 brn\n|move|p1b: Ursaluna|Facade|p2b: Tornadus\n|-damage|p2b: Tornadus|0 fnt\n|faint|p2b: Tornadus\n|\n|-damage|p1b: Ursaluna|17\/100 brn|[from] brn\n|upkeep\n|\n|t:|1700801163\n|switch|p2b: Chi-Yu|Chi-Yu|100\/100\n|switch|p1a: Ogerpon|Ogerpon-Hearthflame, F|15\/100\n|-ability|p2b: Chi-Yu|Beads of Ruin\n|-ability|p1a: Ogerpon|Mold Breaker\n|turn|3\n|\n|t:|1700801170\n|move|p2a: Indeedee|Follow Me|p2a: Indeedee\n|-singleturn|p2a: Indeedee|move: Follow Me\n|move|p2b: Chi-Yu|Heat Wave|p1b: Ursaluna|[spread] p1a\n|-miss|p2b: Chi-Yu|p1b: Ursaluna\n|-damage|p1a: Ogerpon|0 fnt\n|faint|p1a: Ogerpon\n|move|p1b: Ursaluna|Headlong Rush|p2a: Indeedee\n|-crit|p2a: Indeedee\n|-damage|p2a: Indeedee|0 fnt\n|-unboost|p1b: Ursaluna|def|1\n|-unboost|p1b: Ursaluna|spd|1\n|faint|p2a: Indeedee\n|\n|-damage|p1b: Ursaluna|11\/100 brn|[from] brn\n|upkeep\n|\n|t:|1700801182\n|switch|p1a: Torkoal|Torkoal, M|100\/100\n|switch|p2a: Shiftry|Shiftry, F, shiny|100\/100\n|-weather|SunnyDay|[from] ability: Drought|[of] p1a: Torkoal\n|turn|4\n|inactive|Battle timer is ON: inactive players will automatically lose when time's up. (requested by paranguaricutiri)\n|\n|t:|1700801188\n|move|p2b: Chi-Yu|Heat Wave|p1b: Ursaluna|[spread] p1a,p1b\n|-resisted|p1a: Torkoal\n|-crit|p1b: Ursaluna\n|-damage|p1a: Torkoal|47\/100\n|-damage|p1b: Ursaluna|0 fnt\n|faint|p1b: Ursaluna\n|move|p2a: Shiftry|Rock Slide|p1a: Torkoal\n|-supereffective|p1a: Torkoal\n|-damage|p1a: Torkoal|9\/100\n|move|p1a: Torkoal|Eruption|p2b: Chi-Yu|[spread] p2a,p2b\n|-supereffective|p2a: Shiftry\n|-resisted|p2b: Chi-Yu\n|-damage|p2a: Shiftry|78\/100\n|-damage|p2b: Chi-Yu|97\/100\n|\n|-weather|SunnyDay|[upkeep]\n|upkeep\n|\n|t:|1700801195\n|switch|p1b: Walking Wake|Walking Wake|100\/100\n|-activate|p1b: Walking Wake|ability: Protosynthesis\n|-start|p1b: Walking Wake|protosynthesisspe\n|turn|5\n|\n|t:|1700801209\n|-terastallize|p2b: Chi-Yu|Water\n|move|p1b: Walking Wake|Hydro Steam|p2b: Chi-Yu\n|-resisted|p2b: Chi-Yu\n|-damage|p2b: Chi-Yu|45\/100\n|move|p2b: Chi-Yu|Dark Pulse|p1b: Walking Wake\n|-damage|p1b: Walking Wake|31\/100\n|move|p2a: Shiftry|Solar Blade||[still]\n|-prepare|p2a: Shiftry|Solar Blade\n|-anim|p2a: Shiftry|Solar Blade|p1b: Walking Wake\n|-damage|p1b: Walking Wake|0 fnt\n|faint|p1b: Walking Wake\n|-end|p1b: Walking Wake|Protosynthesis|[silent]\n|move|p1a: Torkoal|Will-O-Wisp|p2a: Shiftry\n|-status|p2a: Shiftry|brn\n|\n|-weather|SunnyDay|[upkeep]\n|-damage|p2a: Shiftry|72\/100 brn|[from] brn\n|-fieldend|move: Psychic Terrain\n|upkeep\n|n|!paranguaricutiri|paranguaricutiri\n|-message|paranguaricutiri forfeited.\n|\n|win|hayniu\n|raw|paranguaricutiri's rating: 1228 &rarr; <strong>1213<\/strong><br \/>(-15 for losing)\n|raw|hayniu's rating: 1372 &rarr; <strong>1384<\/strong><br \/>(+12 for winning)\n","uploadtime":1700801213,"views":7,"p1id":"paranguaricutiri","p2id":"hayniu","formatid":"gen9doublesou","rating":1213,"private":0,"password":""}