{"id":"gen9doublesou-1983107012","p1":"gyroballabuser","p2":"DreamyFleur","format":"[Gen 9] Doubles OU","log":"|j|\u2606gyroballabuser\n|j|\u2606DreamyFleur\n|inactive|Battle timer is ON: inactive players will automatically lose when time's up.\n|t:|1699087618\n|gametype|doubles\n|player|p1|gyroballabuser|wattson|\n|player|p2|DreamyFleur|tulip|\n|teamsize|p1|6\n|teamsize|p2|6\n|gen|9\n|tier|[Gen 9] Doubles OU\n|rated|Tournament battle\n|rule|Species Clause: Limit one of each Pok\u00e9mon\n|rule|OHKO Clause: OHKO moves are banned\n|rule|Evasion Moves Clause: Evasion moves are banned\n|rule|Gravity Sleep Clause: The combination of sleep-inducing moves with imperfect accuracy and Gravity or Gigantamax Orbeetle are banned\n|rule|Endless Battle Clause: Forcing endless battles is banned\n|rule|HP Percentage Mod: HP is shown in percentages\n|clearpoke\n|poke|p1|Floatzel, F|\n|poke|p1|Pawmot, M|\n|poke|p1|Nosepass, F|\n|poke|p1|Sobble, F|\n|poke|p1|Grotle, M|\n|poke|p1|Naclstack, F|\n|poke|p2|Noivern, F|\n|poke|p2|Drifloon, F|\n|poke|p2|Venomoth, M|\n|poke|p2|Igglybuff, F|\n|poke|p2|Vulpix-Alola, F|\n|poke|p2|Meowth, F|\n|teampreview\n|j|*Lady Monita \u263d\n|inactive|DreamyFleur also wants the timer to be on.\n|j| Keqinamu\n|j| ElliottTJX\n|l| ElliottTJX\n|\n|t:|1699087642\n|start\n|switch|p1a: Pawmot|Pawmot, M|100\/100\n|switch|p1b: Grotle|Grotle, M|100\/100\n|switch|p2a: Meowth|Meowth, F, shiny|100\/100\n|switch|p2b: Drifloon|Drifloon, F, shiny|100\/100\n|turn|1\n|\n|t:|1699087660\n|move|p2a: Meowth|Fake Out|p1a: Pawmot\n|-damage|p1a: Pawmot|65\/100\n|-damage|p2a: Meowth|91\/100|[from] item: Life Orb\n|cant|p1a: Pawmot|flinch\n|move|p2b: Drifloon|Tailwind|p2b: Drifloon\n|-sidestart|p2: DreamyFleur|move: Tailwind\n|move|p1b: Grotle|Shell Smash|p1b: Grotle\n|-unboost|p1b: Grotle|def|1\n|-unboost|p1b: Grotle|spd|1\n|-boost|p1b: Grotle|atk|2\n|-boost|p1b: Grotle|spa|2\n|-boost|p1b: Grotle|spe|2\n|\n|upkeep\n|turn|2\n|\n|t:|1699087676\n|move|p2a: Meowth|Aerial Ace|p1b: Grotle\n|-supereffective|p1b: Grotle\n|-damage|p1b: Grotle|14\/100\n|-damage|p2a: Meowth|81\/100|[from] item: Life Orb\n|move|p2b: Drifloon|Will-O-Wisp|p1b: Grotle\n|-status|p1b: Grotle|brn\n|move|p1b: Grotle|Bullet Seed|p2a: Meowth\n|-damage|p2a: Meowth|44\/100\n|-damage|p2a: Meowth|6\/100\n|-damage|p2a: Meowth|0 fnt\n|faint|p2a: Meowth\n|-hitcount|p2: Meowth|3\n|move|p1a: Pawmot|Thunder Punch|p2b: Drifloon\n|-supereffective|p2b: Drifloon\n|-damage|p2b: Drifloon|0 fnt\n|-activate|p2b: Drifloon|ability: Aftermath\n|-activate|p1a: Pawmot|item: Protective Pads\n|faint|p2b: Drifloon\n|\n|-damage|p1b: Grotle|8\/100 brn|[from] brn\n|upkeep\n|\n|t:|1699087690\n|switch|p2a: Igglybuff|Igglybuff, F, shiny|100\/100\n|switch|p2b: Vulpix|Vulpix-Alola, F, shiny|100\/100\n|-weather|Snow|[from] ability: Snow Warning|[of] p2b: Vulpix\n|turn|3\n|\n|t:|1699087700\n|move|p1a: Pawmot|Mach Punch|p2b: Vulpix\n|-supereffective|p2b: Vulpix\n|-damage|p2b: Vulpix|25\/100\n|move|p1b: Grotle|Bullet Seed|p2a: Igglybuff\n|-damage|p2a: Igglybuff|78\/100\n|-damage|p2a: Igglybuff|54\/100\n|-damage|p2a: Igglybuff|30\/100\n|-damage|p2a: Igglybuff|8\/100\n|-hitcount|p2a: Igglybuff|4\n|move|p2b: Vulpix|Aurora Veil|p2b: Vulpix\n|-sidestart|p2: DreamyFleur|move: Aurora Veil\n|move|p2a: Igglybuff|Dazzling Gleam|p1a: Pawmot|[spread] p1a,p1b\n|-supereffective|p1a: Pawmot\n|-damage|p1a: Pawmot|0 fnt\n|-damage|p1b: Grotle|0 fnt\n|faint|p1a: Pawmot\n|faint|p1b: Grotle\n|\n|-weather|Snow|[upkeep]\n|upkeep\n|\n|t:|1699087723\n|switch|p1a: Nosepass|Nosepass, F|100\/100\n|switch|p1b: Floatzel|Floatzel, F|100\/100\n|turn|4\n|\n|t:|1699087741\n|move|p1b: Floatzel|Ice Spinner|p2a: Igglybuff\n|-damage|p2a: Igglybuff|0 fnt\n|faint|p2a: Igglybuff\n|-damage|p1b: Floatzel|91\/100|[from] item: Life Orb\n|move|p2b: Vulpix|Freeze-Dry|p1b: Floatzel\n|-supereffective|p1b: Floatzel\n|-damage|p1b: Floatzel|13\/100\n|move|p1a: Nosepass|Body Slam|p2b: Vulpix\n|-damage|p2b: Vulpix|7\/100\n|\n|-weather|Snow|[upkeep]\n|-sideend|p2: DreamyFleur|move: Tailwind\n|upkeep\n|\n|t:|1699087752\n|switch|p2a: Noivern|Noivern, F, shiny|100\/100\n|-item|p1a: Nosepass|Eviolite|[from] ability: Frisk|[of] p2a: Noivern|[identify]\n|-item|p1b: Floatzel|Life Orb|[from] ability: Frisk|[of] p2a: Noivern|[identify]\n|turn|5\n|\n|t:|1699087769\n|move|p1b: Floatzel|Aqua Jet|p2b: Vulpix\n|-damage|p2b: Vulpix|0 fnt\n|faint|p2b: Vulpix\n|-damage|p1b: Floatzel|3\/100|[from] item: Life Orb\n|move|p2a: Noivern|Psychic|p1b: Floatzel\n|-damage|p1b: Floatzel|0 fnt\n|faint|p1b: Floatzel\n|-damage|p2a: Noivern|91\/100|[from] item: Life Orb\n|move|p1a: Nosepass|Stone Edge|p2a: Noivern\n|-supereffective|p2a: Noivern\n|-crit|p2a: Noivern\n|-damage|p2a: Noivern|0 fnt\n|faint|p2a: Noivern\n|\n|-weather|Snow|[upkeep]\n|upkeep\n|c|\u2606gyroballabuser|hmm was that crit needed\n|\n|t:|1699087790\n|switch|p2a: Venomoth|Venomoth, M, shiny|100\/100\n|switch|p1b: Naclstack|Naclstack, F|100\/100\n|turn|6\n|c|\u2606DreamyFleur|idk\n|\n|t:|1699087802\n|-terastallize|p2a: Venomoth|Water\n|move|p2a: Venomoth|Quiver Dance|p2a: Venomoth\n|-boost|p2a: Venomoth|spa|1\n|-boost|p2a: Venomoth|spd|1\n|-boost|p2a: Venomoth|spe|1\n|move|p1b: Naclstack|Salt Cure|p2a: Venomoth\n|-damage|p2a: Venomoth|83\/100\n|-start|p2a: Venomoth|Salt Cure\n|move|p1a: Nosepass|Stone Edge|p2a: Venomoth|[miss]\n|-miss|p1a: Nosepass|p2a: Venomoth\n|\n|-weather|Snow|[upkeep]\n|-heal|p2a: Venomoth|89\/100|[from] item: Leftovers\n|-damage|p2a: Venomoth|65\/100|[from] Salt Cure\n|upkeep\n|turn|7\n|c|\u2606gyroballabuser|oof\n|c|\u2606DreamyFleur|no giga i have energy ball rip\n|c|\u2606gyroballabuser|u know how salt cure go buur now\n|inactive|gyroballabuser has 120 seconds left.\n|\n|t:|1699087841\n|move|p2a: Venomoth|Energy Ball|p1b: Naclstack\n|-supereffective|p1b: Naclstack\n|-damage|p1b: Naclstack|14\/100\n|move|p1b: Naclstack|Body Press|p2a: Venomoth\n|-damage|p2a: Venomoth|42\/100\n|move|p1a: Nosepass|Body Press|p2a: Venomoth\n|-damage|p2a: Venomoth|15\/100\n|\n|-weather|none\n|-heal|p2a: Venomoth|21\/100|[from] item: Leftovers\n|-damage|p2a: Venomoth|0 fnt|[from] Salt Cure\n|faint|p2a: Venomoth\n|\n|win|gyroballabuser\n|upkeep\n|n|\u2606gyroballabuser|gyroballabuser\n|n|\u2606DreamyFleur|dreamyfleur\n|n|*Lady Monita \u263d|ladymonita\n|n| Keqinamu|keqinamu\n","uploadtime":1699087842,"views":14,"p1id":"gyroballabuser","p2id":"dreamyfleur","formatid":"gen9doublesou","rating":0,"private":0,"password":""}