{"id":"gen9doublesou-1999766057","p1":"kensey-chan","p2":"CoreSolis","format":"[Gen 9] Doubles OU","log":"|j|\u2606kensey-chan\n|j|\u2606CoreSolis\n|t:|1701114745\n|gametype|doubles\n|player|p1|kensey-chan|cheryl|1257\n|player|p2|CoreSolis|169|1254\n|teamsize|p1|6\n|teamsize|p2|6\n|gen|9\n|tier|[Gen 9] Doubles OU\n|rated|\n|rule|Species Clause: Limit one of each Pok\u00e9mon\n|rule|OHKO Clause: OHKO moves are banned\n|rule|Evasion Moves Clause: Evasion moves are banned\n|rule|Gravity Sleep Clause: The combination of sleep-inducing moves with imperfect accuracy and Gravity or Gigantamax Orbeetle are banned\n|rule|Endless Battle Clause: Forcing endless battles is banned\n|rule|HP Percentage Mod: HP is shown in percentages\n|clearpoke\n|poke|p1|Drifblim, M|\n|poke|p1|Rabsca, M|\n|poke|p1|Sinistcha|\n|poke|p1|Ursaluna-Bloodmoon, M|\n|poke|p1|Chi-Yu|\n|poke|p1|Mudsdale, M|\n|poke|p2|Scream Tail|\n|poke|p2|Kommo-o, F|\n|poke|p2|Tornadus, M|\n|poke|p2|Sinistcha-Masterpiece|\n|poke|p2|Rillaboom, M|\n|poke|p2|Iron Hands|\n|teampreview\n|c|\u2606CoreSolis|glhf\n|\n|t:|1701114758\n|start\n|switch|p1a: Drifblim|Drifblim, M|100\/100\n|switch|p1b: Chi-Yu|Chi-Yu|100\/100\n|switch|p2a: Tornadus|Tornadus, M, shiny|100\/100\n|switch|p2b: Iron Hands|Iron Hands|100\/100\n|-ability|p1b: Chi-Yu|Beads of Ruin\n|turn|1\n|inactive|Battle timer is ON: inactive players will automatically lose when time's up. (requested by kensey-chan)\n|\n|t:|1701114774\n|-terastallize|p1a: Drifblim|Fairy\n|move|p2b: Iron Hands|Fake Out|p1b: Chi-Yu\n|-damage|p1b: Chi-Yu|75\/100\n|move|p2a: Tornadus|Taunt|p1a: Drifblim\n|-start|p1a: Drifblim|move: Taunt\n|cant|p1b: Chi-Yu|flinch\n|cant|p1a: Drifblim|move: Taunt|Calm Mind\n|\n|upkeep\n|turn|2\n|\n|t:|1701114794\n|-end|p2b: Iron Hands|Quark Drive|[silent]\n|switch|p2b: Scream Tail|Scream Tail|100\/100\n|-enditem|p2b: Scream Tail|Booster Energy\n|-activate|p2b: Scream Tail|ability: Protosynthesis|[fromitem]\n|-start|p2b: Scream Tail|protosynthesisspe\n|move|p2a: Tornadus|Tailwind|p2a: Tornadus\n|-sidestart|p2: CoreSolis|move: Tailwind\n|move|p1b: Chi-Yu|Heat Wave|p2a: Tornadus|[spread] p2a,p2b\n|-damage|p2a: Tornadus|45\/100\n|-damage|p2b: Scream Tail|66\/100\n|move|p1a: Drifblim|Tera Blast|p2b: Scream Tail|[anim] Tera Blast Fairy\n|-damage|p2b: Scream Tail|35\/100\n|\n|upkeep\n|turn|3\n|\n|t:|1701114812\n|-end|p2b: Scream Tail|Protosynthesis|[silent]\n|switch|p2b: Sinistcha|Sinistcha-Masterpiece|100\/100\n|-heal|p2a: Tornadus|70\/100|[from] ability: Hospitality|[of] p2b: Sinistcha\n|move|p2a: Tornadus|Bleakwind Storm|p1b: Chi-Yu|[spread] p1a\n|-miss|p2a: Tornadus|p1b: Chi-Yu\n|-damage|p1a: Drifblim|44\/100\n|move|p1b: Chi-Yu|Heat Wave|p2b: Sinistcha|[spread] p2a,p2b\n|-supereffective|p2b: Sinistcha\n|-damage|p2a: Tornadus|10\/100\n|-damage|p2b: Sinistcha|12\/100\n|-enditem|p2b: Sinistcha|Sitrus Berry|[eat]\n|-heal|p2b: Sinistcha|37\/100|[from] item: Sitrus Berry\n|move|p1a: Drifblim|Shadow Ball|p2b: Sinistcha\n|-supereffective|p2b: Sinistcha\n|-damage|p2b: Sinistcha|0 fnt\n|faint|p2b: Sinistcha\n|\n|-end|p1a: Drifblim|move: Taunt\n|upkeep\n|\n|t:|1701114828\n|switch|p2b: Iron Hands|Iron Hands|100\/100\n|turn|4\n|\n|t:|1701114852\n|switch|p2a: Scream Tail|Scream Tail|35\/100\n|switch|p1a: Mudsdale|Mudsdale, M|100\/100\n|move|p1b: Chi-Yu|Protect|p1b: Chi-Yu\n|-singleturn|p1b: Chi-Yu|Protect\n|move|p2b: Iron Hands|Fake Out|p1b: Chi-Yu\n|-activate|p1b: Chi-Yu|move: Protect\n|\n|upkeep\n|turn|5\n|\n|t:|1701114874\n|switch|p1b: Ursaluna|Ursaluna-Bloodmoon, M|100\/100\n|-end|p2b: Iron Hands|Quark Drive|[silent]\n|switch|p2b: Rillaboom|Rillaboom, M, shiny|100\/100\n|-fieldstart|move: Grassy Terrain|[from] ability: Grassy Surge|[of] p2b: Rillaboom\n|move|p2a: Scream Tail|Encore||[still]\n|-fail|p2a: Scream Tail\n|move|p1a: Mudsdale|Heavy Slam|p2a: Scream Tail\n|-supereffective|p2a: Scream Tail\n|-damage|p2a: Scream Tail|0 fnt\n|faint|p2a: Scream Tail\n|-end|p2a: Scream Tail|Protosynthesis|[silent]\n|\n|-sideend|p2: CoreSolis|move: Tailwind\n|upkeep\n|\n|t:|1701114883\n|switch|p2a: Tornadus|Tornadus, M, shiny|10\/100\n|turn|6\n|\n|t:|1701114899\n|move|p1b: Ursaluna|Protect|p1b: Ursaluna\n|-singleturn|p1b: Ursaluna|Protect\n|move|p2a: Tornadus|Tailwind|p2a: Tornadus\n|-sidestart|p2: CoreSolis|move: Tailwind\n|move|p2b: Rillaboom|Wood Hammer|p1b: Ursaluna\n|-activate|p1b: Ursaluna|move: Protect\n|move|p1a: Mudsdale|Rock Slide|p2a: Tornadus|[spread] p2a,p2b\n|-supereffective|p2a: Tornadus\n|-damage|p2a: Tornadus|0 fnt\n|-damage|p2b: Rillaboom|81\/100\n|faint|p2a: Tornadus\n|\n|-heal|p2b: Rillaboom|87\/100|[from] Grassy Terrain\n|upkeep\n|\n|t:|1701114902\n|switch|p2a: Iron Hands|Iron Hands|100\/100\n|turn|7\n|inactive|kensey-chan has 120 seconds left.\n|\n|t:|1701114945\n|move|p2a: Iron Hands|Fake Out|p1b: Ursaluna\n|-damage|p1b: Ursaluna|87\/100\n|move|p2b: Rillaboom|Wood Hammer|p1b: Ursaluna\n|-supereffective|p1b: Ursaluna\n|-damage|p1b: Ursaluna|0 fnt\n|faint|p1b: Ursaluna\n|-damage|p2b: Rillaboom|61\/100|[from] Recoil\n|move|p1a: Mudsdale|High Horsepower|p2a: Iron Hands\n|-supereffective|p2a: Iron Hands\n|-damage|p2a: Iron Hands|28\/100\n|\n|-heal|p2b: Rillaboom|67\/100|[from] Grassy Terrain\n|-heal|p2a: Iron Hands|35\/100|[from] Grassy Terrain\n|upkeep\n|\n|t:|1701114966\n|switch|p1b: Chi-Yu|Chi-Yu|75\/100\n|-ability|p1b: Chi-Yu|Beads of Ruin\n|turn|8\n|inactive|CoreSolis has 120 seconds left.\n|\n|t:|1701115000\n|move|p1b: Chi-Yu|Protect|p1b: Chi-Yu\n|-singleturn|p1b: Chi-Yu|Protect\n|move|p2b: Rillaboom|Wood Hammer|p1a: Mudsdale\n|-supereffective|p1a: Mudsdale\n|-crit|p1a: Mudsdale\n|-damage|p1a: Mudsdale|0 fnt\n|faint|p1a: Mudsdale\n|-damage|p2b: Rillaboom|39\/100|[from] Recoil\n|move|p2a: Iron Hands|Drain Punch|p1b: Chi-Yu\n|-activate|p1b: Chi-Yu|move: Protect\n|\n|-heal|p2b: Rillaboom|46\/100|[from] Grassy Terrain\n|-heal|p1b: Chi-Yu|81\/100|[from] Grassy Terrain\n|-heal|p2a: Iron Hands|41\/100|[from] Grassy Terrain\n|upkeep\n|\n|t:|1701115016\n|switch|p1a: Drifblim|Drifblim, M, tera:Fairy|44\/100\n|turn|9\n|\n|t:|1701115038\n|move|p2b: Rillaboom|Wood Hammer|p1a: Drifblim\n|-damage|p1a: Drifblim|0 fnt\n|faint|p1a: Drifblim\n|-damage|p2b: Rillaboom|30\/100|[from] Recoil\n|move|p1b: Chi-Yu|Heat Wave|p2b: Rillaboom|[spread] p2a,p2b\n|-supereffective|p2b: Rillaboom\n|-damage|p2a: Iron Hands|13\/100\n|-damage|p2b: Rillaboom|0 fnt\n|faint|p2b: Rillaboom\n|move|p2a: Iron Hands|Heavy Slam|p1b: Chi-Yu\n|-resisted|p1b: Chi-Yu\n|-damage|p1b: Chi-Yu|45\/100\n|\n|-heal|p1b: Chi-Yu|51\/100|[from] Grassy Terrain\n|-heal|p2a: Iron Hands|19\/100|[from] Grassy Terrain\n|-sideend|p2: CoreSolis|move: Tailwind\n|-fieldend|move: Grassy Terrain\n|upkeep\n|\n|t:|1701115061\n|switch|p1a: Rabsca|Rabsca, M|100\/100\n|switch|p2b: Kommo-o|Kommo-o, F|100\/100\n|turn|10\n|\n|t:|1701115078\n|move|p1b: Chi-Yu|Heat Wave|p2b: Kommo-o|[spread] p2b\n|-miss|p1b: Chi-Yu|p2a: Iron Hands\n|-resisted|p2b: Kommo-o\n|-damage|p2b: Kommo-o|71\/100\n|move|p2b: Kommo-o|Clangorous Soul|p2b: Kommo-o\n|-boost|p2b: Kommo-o|atk|1\n|-boost|p2b: Kommo-o|def|1\n|-boost|p2b: Kommo-o|spa|1\n|-boost|p2b: Kommo-o|spd|1\n|-boost|p2b: Kommo-o|spe|1\n|-damage|p2b: Kommo-o|38\/100\n|-enditem|p2b: Kommo-o|Throat Spray\n|-boost|p2b: Kommo-o|spa|1|[from] item: Throat Spray\n|move|p2a: Iron Hands|Heavy Slam|p1a: Rabsca\n|-damage|p1a: Rabsca|46\/100\n|move|p1a: Rabsca|Revival Blessing|p1a: Rabsca\n|-enditem|p1a: Rabsca|Leppa Berry|[eat]\n|-activate|p1a: Rabsca|item: Leppa Berry|Revival Blessing|[consumed]\n|\n|t:|1701115101\n|-heal|p1: Ursaluna|50\/100|[from] move: Revival Blessing\n|\n|upkeep\n|turn|11\n|\n|t:|1701115120\n|-terastallize|p2b: Kommo-o|Steel\n|move|p2b: Kommo-o|Clanging Scales|p1b: Chi-Yu|[spread] p1a,p1b\n|-damage|p1a: Rabsca|0 fnt\n|-damage|p1b: Chi-Yu|0 fnt\n|faint|p1a: Rabsca\n|faint|p1b: Chi-Yu\n|-unboost|p2b: Kommo-o|def|1\n|move|p2a: Iron Hands|Drain Punch|p1: Rabsca|[notarget]\n|-fail|p2a: Iron Hands\n|\n|upkeep\n|\n|t:|1701115130\n|switch|p1b: Ursaluna|Ursaluna-Bloodmoon, M|50\/100\n|switch|p1a: Sinistcha|Sinistcha|100\/100\n|-enditem|p1b: Ursaluna|Sitrus Berry|[eat]\n|-heal|p1b: Ursaluna|75\/100|[from] item: Sitrus Berry\n|-heal|p1b: Ursaluna|100\/100|[from] ability: Hospitality|[of] p1a: Sinistcha\n|turn|12\n|\n|t:|1701115153\n|move|p1b: Ursaluna|Protect|p1b: Ursaluna\n|-singleturn|p1b: Ursaluna|Protect\n|move|p2b: Kommo-o|Clanging Scales|p1a: Sinistcha|[spread] p1a\n|-activate|p1b: Ursaluna|move: Protect\n|-damage|p1a: Sinistcha|1\/100\n|-enditem|p1a: Sinistcha|Sitrus Berry|[eat]\n|-heal|p1a: Sinistcha|26\/100|[from] item: Sitrus Berry\n|-unboost|p2b: Kommo-o|def|1\n|move|p1a: Sinistcha|Matcha Gotcha|p2b: Kommo-o|[spread] p2a,p2b\n|-resisted|p2b: Kommo-o\n|-damage|p2a: Iron Hands|5\/100\n|-heal|p1a: Sinistcha|37\/100|[from] drain|[of] p2a: Iron Hands\n|-damage|p2b: Kommo-o|26\/100\n|-heal|p1a: Sinistcha|43\/100|[from] drain|[of] p2b: Kommo-o\n|move|p2a: Iron Hands|Wild Charge|p1a: Sinistcha\n|-resisted|p1a: Sinistcha\n|-damage|p1a: Sinistcha|12\/100\n|-damage|p2a: Iron Hands|0 fnt|[from] Recoil\n|faint|p2a: Iron Hands\n|-end|p2a: Iron Hands|Quark Drive|[silent]\n|\n|upkeep\n|turn|13\n|\n|t:|1701115179\n|move|p2b: Kommo-o|Clanging Scales|p1a: Sinistcha|[spread] p1a,p1b\n|-crit|p1b: Ursaluna\n|-damage|p1a: Sinistcha|0 fnt\n|-damage|p1b: Ursaluna|4\/100\n|faint|p1a: Sinistcha\n|-unboost|p2b: Kommo-o|def|1\n|move|p1b: Ursaluna|Moonblast|p2b: Kommo-o\n|-resisted|p2b: Kommo-o\n|-damage|p2b: Kommo-o|11\/100\n|\n|upkeep\n|turn|14\n|\n|t:|1701115190\n|move|p2b: Kommo-o|Clanging Scales|p1b: Ursaluna\n|-damage|p1b: Ursaluna|0 fnt\n|faint|p1b: Ursaluna\n|\n|win|CoreSolis\n|raw|kensey-chan's rating: 1257 &rarr; <strong>1232<\/strong><br \/>(-25 for losing)\n|raw|CoreSolis's rating: 1254 &rarr; <strong>1279<\/strong><br \/>(+25 for winning)\n|l|\u2606kensey-chan\n|c|\u2606CoreSolis|gg'\n|c|\u2606CoreSolis|lol\n","uploadtime":1701115211,"views":45,"p1id":"kenseychan","p2id":"coresolis","formatid":"gen9doublesou","rating":1232,"private":0,"password":""}