{"id":"gen9doublesou-1996805337","p1":"JustRadAlex","p2":"skino397","format":"[Gen 9] Doubles OU","log":"|j|\u2606JustRadAlex\n|j|\u2606skino397\n|t:|1700728228\n|gametype|doubles\n|player|p1|JustRadAlex|juan|1375\n|player|p2|skino397|clerk|1466\n|teamsize|p1|6\n|teamsize|p2|6\n|gen|9\n|tier|[Gen 9] Doubles OU\n|rated|\n|rule|Species Clause: Limit one of each Pok\u00e9mon\n|rule|OHKO Clause: OHKO moves are banned\n|rule|Evasion Moves Clause: Evasion moves are banned\n|rule|Gravity Sleep Clause: The combination of sleep-inducing moves with imperfect accuracy and Gravity or Gigantamax Orbeetle are banned\n|rule|Endless Battle Clause: Forcing endless battles is banned\n|rule|HP Percentage Mod: HP is shown in percentages\n|clearpoke\n|poke|p1|Iron Hands|\n|poke|p1|Grimmsnarl, M|\n|poke|p1|Cresselia, F|\n|poke|p1|Rillaboom, F|\n|poke|p1|Empoleon, M|\n|poke|p1|Landorus-Therian, M|\n|poke|p2|Basculegion-F, F|\n|poke|p2|Pelipper, M|\n|poke|p2|Drednaw, M|\n|poke|p2|Barraskewda, M|\n|poke|p2|Bruxish, F|\n|poke|p2|Palafin, M|\n|teampreview\n|inactive|Battle timer is ON: inactive players will automatically lose when time's up. (requested by skino397)\n|\n|t:|1700728237\n|start\n|switch|p1a: Grimmsnarl|Grimmsnarl, M, shiny|100\/100\n|switch|p1b: Rillaboom|Rillaboom, F|100\/100\n|switch|p2a: Pelipper|Pelipper, M|100\/100\n|switch|p2b: Drednaw|Drednaw, M|100\/100\n|-fieldstart|move: Grassy Terrain|[from] ability: Grassy Surge|[of] p1b: Rillaboom\n|-enditem|p1b: Rillaboom|Grassy Seed\n|-boost|p1b: Rillaboom|def|1|[from] item: Grassy Seed\n|-weather|RainDance|[from] ability: Drizzle|[of] p2a: Pelipper\n|turn|1\n|\n|t:|1700728250\n|switch|p2a: Bruxish|Bruxish, F|100\/100\n|move|p1b: Rillaboom|Grassy Glide||[still]\n|cant|p2a: Bruxish|ability: Dazzling|Grassy Glide|[of] p1b: Rillaboom\n|move|p1a: Grimmsnarl|Light Screen|p1a: Grimmsnarl\n|-sidestart|p1: JustRadAlex|move: Light Screen\n|move|p2b: Drednaw|Shell Smash|p2b: Drednaw\n|-unboost|p2b: Drednaw|def|1\n|-unboost|p2b: Drednaw|spd|1\n|-boost|p2b: Drednaw|atk|2\n|-boost|p2b: Drednaw|spa|2\n|-boost|p2b: Drednaw|spe|2\n|\n|-weather|RainDance|[upkeep]\n|upkeep\n|turn|2\n|\n|t:|1700728266\n|move|p1a: Grimmsnarl|Reflect|p1a: Grimmsnarl\n|-sidestart|p1: JustRadAlex|Reflect\n|move|p2b: Drednaw|Ice Spinner|p1b: Rillaboom\n|-supereffective|p1b: Rillaboom\n|-damage|p1b: Rillaboom|54\/100\n|-fieldend|move: Grassy Terrain\n|move|p1b: Rillaboom|Knock Off|p2a: Bruxish\n|-supereffective|p2a: Bruxish\n|-crit|p2a: Bruxish\n|-enditem|p2a: Bruxish|Focus Sash\n|-damage|p2a: Bruxish|1\/100\n|move|p2a: Bruxish|Psychic Fangs|p1b: Rillaboom\n|-sideend|p1: JustRadAlex|Reflect\n|-sideend|p1: JustRadAlex|move: Light Screen\n|-damage|p1b: Rillaboom|29\/100\n|\n|-weather|RainDance|[upkeep]\n|upkeep\n|turn|3\n|\n|t:|1700728291\n|switch|p1b: Iron Hands|Iron Hands|100\/100\n|switch|p2a: Palafin|Palafin, M|100\/100\n|move|p1a: Grimmsnarl|Parting Shot|p2b: Drednaw\n|-unboost|p2b: Drednaw|atk|1\n|-unboost|p2b: Drednaw|spa|1\n|\n|t:|1700728308\n|switch|p1a: Landorus|Landorus-Therian, M|100\/100|[from] Parting Shot\n|-ability|p1a: Landorus|Intimidate|boost\n|-unboost|p2a: Palafin|atk|1\n|-unboost|p2b: Drednaw|atk|1\n|move|p2b: Drednaw|Rock Slide|p1a: Landorus|[spread] p1a,p1b\n|-resisted|p1b: Iron Hands\n|-damage|p1a: Landorus|68\/100\n|-damage|p1b: Iron Hands|91\/100\n|\n|-weather|RainDance|[upkeep]\n|upkeep\n|turn|4\n|\n|t:|1700728331\n|switch|p1a: Cresselia|Cresselia, F|100\/100\n|detailschange|p2a: Palafin|Palafin-Hero, M\n|switch|p2a: Bruxish|Bruxish, F|1\/100\n|move|p2b: Drednaw|Liquidation|p1a: Cresselia\n|-damage|p1a: Cresselia|55\/100\n|-unboost|p1a: Cresselia|def|1\n|move|p1b: Iron Hands|Drain Punch|p2b: Drednaw\n|-supereffective|p2b: Drednaw\n|-enditem|p2b: Drednaw|Focus Sash\n|-damage|p2b: Drednaw|1\/100\n|-heal|p1b: Iron Hands|100\/100|[from] drain|[of] p2b: Drednaw\n|\n|-weather|RainDance|[upkeep]\n|-heal|p1a: Cresselia|61\/100|[from] item: Leftovers\n|upkeep\n|turn|5\n|\n|t:|1700728361\n|switch|p1a: Kingleon|Empoleon, M, shiny|100\/100\n|-terastallize|p1b: Iron Hands|Grass\n|move|p2b: Drednaw|Liquidation|p1a: Kingleon\n|-resisted|p1a: Kingleon\n|-damage|p1a: Kingleon|67\/100\n|move|p2a: Bruxish|Psychic Fangs|p1b: Iron Hands\n|-damage|p1b: Iron Hands|77\/100\n|move|p1b: Iron Hands|Drain Punch|p2a: Bruxish\n|-resisted|p2a: Bruxish\n|-damage|p2a: Bruxish|0 fnt\n|-heal|p1b: Iron Hands|77\/100|[from] drain|[of] p2a: Bruxish\n|faint|p2a: Bruxish\n|\n|-weather|RainDance|[upkeep]\n|upkeep\n|\n|t:|1700728370\n|switch|p2a: Pelipper|Pelipper, M|100\/100\n|turn|6\n|\n|t:|1700728380\n|move|p2b: Drednaw|Rock Slide|p1b: Iron Hands|[spread] p1a,p1b\n|-resisted|p1a: Kingleon\n|-damage|p1a: Kingleon|51\/100\n|-damage|p1b: Iron Hands|59\/100\n|cant|p1a: Kingleon|flinch\n|move|p1b: Iron Hands|Wild Charge|p2a: Pelipper\n|-supereffective|p2a: Pelipper\n|-damage|p2a: Pelipper|0 fnt\n|faint|p2a: Pelipper\n|-damage|p1b: Iron Hands|43\/100|[from] Recoil\n|\n|-weather|RainDance|[upkeep]\n|upkeep\n|\n|t:|1700728391\n|switch|p2a: Barraskewda|Barraskewda, M|100\/100\n|turn|7\n|\n|t:|1700728399\n|move|p2b: Drednaw|Ice Spinner|p1b: Iron Hands\n|-supereffective|p1b: Iron Hands\n|-damage|p1b: Iron Hands|7\/100\n|move|p2a: Barraskewda|Close Combat|p1a: Kingleon\n|-supereffective|p1a: Kingleon\n|-damage|p1a: Kingleon|0 fnt\n|-unboost|p2a: Barraskewda|def|1\n|-unboost|p2a: Barraskewda|spd|1\n|faint|p1a: Kingleon\n|-damage|p2a: Barraskewda|91\/100|[from] item: Life Orb\n|move|p1b: Iron Hands|Wild Charge|p2a: Barraskewda\n|-supereffective|p2a: Barraskewda\n|-damage|p2a: Barraskewda|0 fnt\n|faint|p2a: Barraskewda\n|-damage|p1b: Iron Hands|0 fnt|[from] Recoil\n|faint|p1b: Iron Hands\n|-end|p1b: Iron Hands|Quark Drive|[silent]\n|\n|-weather|RainDance|[upkeep]\n|upkeep\n|\n|t:|1700728408\n|switch|p2a: Basculegion|Basculegion-F, F|100\/100\n|switch|p1a: Grimmsnarl|Grimmsnarl, M, shiny|100\/100\n|switch|p1b: Rillaboom|Rillaboom, F|29\/100\n|-fieldstart|move: Grassy Terrain|[from] ability: Grassy Surge|[of] p1b: Rillaboom\n|turn|8\n|\n|t:|1700728419\n|move|p1b: Rillaboom|Grassy Glide|p2a: Basculegion\n|-supereffective|p2a: Basculegion\n|-damage|p2a: Basculegion|0 fnt\n|faint|p2a: Basculegion\n|move|p1a: Grimmsnarl|Reflect|p1a: Grimmsnarl\n|-sidestart|p1: JustRadAlex|Reflect\n|move|p2b: Drednaw|Ice Spinner|p1b: Rillaboom\n|-supereffective|p1b: Rillaboom\n|-damage|p1b: Rillaboom|0 fnt\n|-fieldend|move: Grassy Terrain\n|faint|p1b: Rillaboom\n|\n|-weather|none\n|upkeep\n|\n|t:|1700728424\n|switch|p2a: Palafin|Palafin-Hero, M|100\/100\n|switch|p1b: Cresselia|Cresselia, F|61\/100\n|-activate|p2a: Palafin|ability: Zero to Hero\n|turn|9\n|\n|t:|1700728439\n|move|p2a: Palafin|Jet Punch|p1b: Cresselia\n|-damage|p1b: Cresselia|37\/100\n|move|p2b: Drednaw|Shell Smash|p2b: Drednaw\n|-unboost|p2b: Drednaw|def|1\n|-unboost|p2b: Drednaw|spd|1\n|-boost|p2b: Drednaw|atk|2\n|-boost|p2b: Drednaw|spa|2\n|-boost|p2b: Drednaw|spe|2\n|move|p1b: Cresselia|Lunar Blessing|p1b: Cresselia|[spread] p1a,p1b\n|-heal|p1b: Cresselia|61\/100\n|move|p1a: Grimmsnarl|Spirit Break|p2b: Drednaw\n|-damage|p2b: Drednaw|0 fnt\n|faint|p2b: Drednaw\n|\n|-heal|p1b: Cresselia|68\/100|[from] item: Leftovers\n|upkeep\n|turn|10\n|\n|t:|1700728459\n|-terastallize|p2a: Palafin|Water\n|move|p2a: Palafin|Jet Punch|p1a: Grimmsnarl\n|-damage|p1a: Grimmsnarl|26\/100\n|move|p1b: Cresselia|Moonblast|p2a: Palafin\n|-damage|p2a: Palafin|80\/100\n|-unboost|p2a: Palafin|spa|1\n|move|p1a: Grimmsnarl|Spirit Break|p2a: Palafin\n|-damage|p2a: Palafin|47\/100\n|-unboost|p2a: Palafin|spa|1\n|\n|-heal|p1b: Cresselia|74\/100|[from] item: Leftovers\n|upkeep\n|turn|11\n|\n|t:|1700728470\n|move|p2a: Palafin|Jet Punch|p1a: Grimmsnarl\n|-damage|p1a: Grimmsnarl|0 fnt\n|faint|p1a: Grimmsnarl\n|move|p1b: Cresselia|Psychic|p2a: Palafin\n|-damage|p2a: Palafin|21\/100\n|\n|-heal|p1b: Cresselia|80\/100|[from] item: Leftovers\n|upkeep\n|\n|t:|1700728472\n|switch|p1a: Landorus|Landorus-Therian, M|68\/100\n|-ability|p1a: Landorus|Intimidate|boost\n|-unboost|p2a: Palafin|atk|1\n|turn|12\n|\n|t:|1700728480\n|move|p2a: Palafin|Jet Punch|p1a: Landorus\n|-supereffective|p1a: Landorus\n|-damage|p1a: Landorus|0 fnt\n|faint|p1a: Landorus\n|move|p1b: Cresselia|Psychic|p2a: Palafin\n|-damage|p2a: Palafin|0 fnt\n|faint|p2a: Palafin\n|\n|win|JustRadAlex\n|raw|JustRadAlex's rating: 1375 &rarr; <strong>1400<\/strong><br \/>(+25 for winning)\n|raw|skino397's rating: 1466 &rarr; <strong>1441<\/strong><br \/>(-25 for losing)\n","uploadtime":1700728486,"views":9,"p1id":"justradalex","p2id":"skino397","formatid":"gen9doublesou","rating":1400,"private":0,"password":""}