{"id":"gen9doublesou-1998276085","p1":"CyndaquilTrianer","p2":"axuana","format":"[Gen 9] Doubles OU","log":"|j|\u2606CyndaquilTrianer\n|j|\u2606axuana\n|t:|1700923491\n|gametype|doubles\n|player|p1|CyndaquilTrianer|grimsley|1131\n|player|p2|axuana|swimmer-gen4|1149\n|teamsize|p1|6\n|teamsize|p2|6\n|gen|9\n|tier|[Gen 9] Doubles OU\n|rated|\n|rule|Species Clause: Limit one of each Pok\u00e9mon\n|rule|OHKO Clause: OHKO moves are banned\n|rule|Evasion Moves Clause: Evasion moves are banned\n|rule|Gravity Sleep Clause: The combination of sleep-inducing moves with imperfect accuracy and Gravity or Gigantamax Orbeetle are banned\n|rule|Endless Battle Clause: Forcing endless battles is banned\n|rule|HP Percentage Mod: HP is shown in percentages\n|clearpoke\n|poke|p1|Oricorio-Sensu, F|\n|poke|p1|Volcarona, F|\n|poke|p1|Armarouge, M|\n|poke|p1|Indeedee-F, F|\n|poke|p1|Garchomp, M|\n|poke|p1|Cresselia, F|\n|poke|p2|Hatterene, F|\n|poke|p2|Amoonguss, M|\n|poke|p2|Kingambit, F|\n|poke|p2|Ting-Lu|\n|poke|p2|Cresselia, F|\n|poke|p2|Ursaluna, F|\n|teampreview\n|inactive|Battle timer is ON: inactive players will automatically lose when time's up. (requested by CyndaquilTrianer)\n|\n|t:|1700923499\n|start\n|switch|p1a: Indeedee|Indeedee-F, F, shiny|100\/100\n|switch|p1b: Armarouge|Armarouge, M, shiny|100\/100\n|switch|p2a: Cresselia|Cresselia, F|100\/100\n|switch|p2b: Hatterene|Hatterene, F|100\/100\n|-fieldstart|move: Psychic Terrain|[from] ability: Psychic Surge|[of] p1a: Indeedee\n|turn|1\n|\n|t:|1700923529\n|move|p1a: Indeedee|Trick|p2b: Hatterene\n|-activate|p1a: Indeedee|move: Trick|[of] p2b: Hatterene\n|-item|p2b: Hatterene|Terrain Extender|[from] move: Trick\n|-item|p1a: Indeedee|Life Orb|[from] move: Trick\n|move|p1b: Armarouge|Armor Cannon|p2a: Cresselia\n|-damage|p2a: Cresselia|56\/100\n|-unboost|p1b: Armarouge|def|1\n|-unboost|p1b: Armarouge|spd|1\n|move|p2b: Hatterene|Dazzling Gleam|p1b: Armarouge|[spread] p1a,p1b\n|-resisted|p1b: Armarouge\n|-damage|p1a: Indeedee|66\/100\n|-damage|p1b: Armarouge|80\/100\n|move|p2a: Cresselia|Trick Room|p2a: Cresselia\n|-fieldstart|move: Trick Room|[of] p2a: Cresselia\n|\n|-heal|p2a: Cresselia|62\/100|[from] item: Leftovers\n|upkeep\n|turn|2\n|\n|t:|1700923553\n|move|p1a: Indeedee|Helping Hand|p1b: Armarouge\n|-singleturn|p1b: Armarouge|Helping Hand|[of] p1a: Indeedee\n|move|p2b: Hatterene|Dazzling Gleam|p1a: Indeedee|[spread] p1a,p1b\n|-resisted|p1b: Armarouge\n|-damage|p1a: Indeedee|34\/100\n|-damage|p1b: Armarouge|61\/100\n|move|p2a: Cresselia|Shadow Ball|p1b: Armarouge\n|-supereffective|p1b: Armarouge\n|-damage|p1b: Armarouge|11\/100\n|-unboost|p1b: Armarouge|spd|1\n|move|p1b: Armarouge|Expanding Force|p2b: Hatterene|[spread] p2a,p2b\n|-resisted|p2a: Cresselia\n|-resisted|p2b: Hatterene\n|-damage|p2a: Cresselia|28\/100\n|-damage|p2b: Hatterene|51\/100\n|\n|-heal|p2a: Cresselia|34\/100|[from] item: Leftovers\n|upkeep\n|turn|3\n|\n|t:|1700923582\n|move|p2b: Hatterene|Mystical Fire|p1a: Indeedee\n|-damage|p1a: Indeedee|5\/100\n|-unboost|p1a: Indeedee|spa|1\n|move|p2a: Cresselia|Shadow Ball|p1b: Armarouge\n|-supereffective|p1b: Armarouge\n|-damage|p1b: Armarouge|0 fnt\n|faint|p1b: Armarouge\n|move|p1a: Indeedee|Heal Pulse|p1: Armarouge|[notarget]\n|-fail|p1a: Indeedee\n|\n|-heal|p2a: Cresselia|40\/100|[from] item: Leftovers\n|upkeep\n|inactive|CyndaquilTrianer has 120 seconds left.\n|\n|t:|1700923604\n|switch|p1b: Garchomp|Garchomp, M, shiny|100\/100\n|turn|4\n|\n|t:|1700923616\n|move|p1a: Indeedee|Helping Hand|p1b: Garchomp\n|-singleturn|p1b: Garchomp|Helping Hand|[of] p1a: Indeedee\n|move|p2b: Hatterene|Dazzling Gleam|p1a: Indeedee|[spread] p1a,p1b\n|-supereffective|p1b: Garchomp\n|-damage|p1a: Indeedee|0 fnt\n|-damage|p1b: Garchomp|24\/100\n|faint|p1a: Indeedee\n|move|p2a: Cresselia|Dazzling Gleam|p1b: Garchomp\n|-supereffective|p1b: Garchomp\n|-crit|p1b: Garchomp\n|-damage|p1b: Garchomp|0 fnt\n|faint|p1b: Garchomp\n|\n|-heal|p2a: Cresselia|46\/100|[from] item: Leftovers\n|upkeep\n|inactive|CyndaquilTrianer has 120 seconds left.\n|\n|t:|1700923633\n|switch|p1a: Cresselia|Cresselia, F, shiny|100\/100\n|switch|p1b: Polcadee|Oricorio-Sensu, F, shiny|100\/100\n|turn|5\n|\n|t:|1700923643\n|switch|p2b: Kingambit|Kingambit, F|100\/100\n|move|p2a: Cresselia|Shadow Ball|p1a: Cresselia\n|-supereffective|p1a: Cresselia\n|-damage|p1a: Cresselia|81\/100\n|move|p1b: Polcadee|Tailwind|p1b: Polcadee\n|-sidestart|p1: CyndaquilTrianer|move: Tailwind\n|move|p1a: Cresselia|Trick Room|p1a: Cresselia\n|-fieldend|move: Trick Room\n|\n|-heal|p1a: Cresselia|87\/100|[from] item: Leftovers\n|-heal|p2a: Cresselia|52\/100|[from] item: Leftovers\n|upkeep\n|turn|6\n|\n|t:|1700923665\n|move|p1a: Cresselia|Helping Hand|p1b: Polcadee\n|-singleturn|p1b: Polcadee|Helping Hand|[of] p1a: Cresselia\n|move|p1b: Polcadee|Quiver Dance|p1b: Polcadee\n|-boost|p1b: Polcadee|spa|1\n|-boost|p1b: Polcadee|spd|1\n|-boost|p1b: Polcadee|spe|1\n|move|p2b: Kingambit|Kowtow Cleave|p1a: Cresselia\n|-supereffective|p1a: Cresselia\n|-damage|p1a: Cresselia|0 fnt\n|faint|p1a: Cresselia\n|move|p2a: Cresselia|Trick Room|p2a: Cresselia\n|-fieldstart|move: Trick Room|[of] p2a: Cresselia\n|\n|-heal|p2a: Cresselia|58\/100|[from] item: Leftovers\n|upkeep\n|inactive|CyndaquilTrianer has 120 seconds left.\n|\n|t:|1700923681\n|switch|p1a: Poka|Volcarona, F, shiny|100\/100\n|turn|7\n|\n|t:|1700923689\n|move|p2b: Kingambit|Kowtow Cleave|p1b: Polcadee\n|-supereffective|p1b: Polcadee\n|-damage|p1b: Polcadee|0 fnt\n|faint|p1b: Polcadee\n|move|p2a: Cresselia|Dazzling Gleam|p1a: Poka\n|-resisted|p1a: Poka\n|-damage|p1a: Poka|90\/100\n|move|p1a: Poka|Quiver Dance|p1a: Poka\n|-boost|p1a: Poka|spa|1\n|-boost|p1a: Poka|spd|1\n|-boost|p1a: Poka|spe|1\n|\n|-heal|p2a: Cresselia|64\/100|[from] item: Leftovers\n|upkeep\n|turn|8\n|-message|CyndaquilTrianer forfeited.\n|\n|win|axuana\n|raw|CyndaquilTrianer's rating: 1131 &rarr; <strong>1107<\/strong><br \/>(-24 for losing)\n|raw|axuana's rating: 1149 &rarr; <strong>1173<\/strong><br \/>(+24 for winning)\n|l|\u2606CyndaquilTrianer\n","uploadtime":1700923711,"views":8,"p1id":"cyndaquiltrianer","p2id":"axuana","formatid":"gen9doublesou","rating":1107,"private":0,"password":""}