{"id":"gen9doublesou-1982883713","p1":"mikeyuwu","p2":"MoneyHungry69420","format":"[Gen 9] Doubles OU","log":"|j|\u2606mikeyuwu\n|j|\u2606MoneyHungry69420\n|t:|1699054669\n|gametype|doubles\n|player|p1|mikeyuwu|psychic-gen4|1162\n|player|p2|MoneyHungry69420|102|1209\n|teamsize|p1|6\n|teamsize|p2|6\n|gen|9\n|tier|[Gen 9] Doubles OU\n|rated|\n|rule|Species Clause: Limit one of each Pok\u00e9mon\n|rule|OHKO Clause: OHKO moves are banned\n|rule|Evasion Moves Clause: Evasion moves are banned\n|rule|Gravity Sleep Clause: The combination of sleep-inducing moves with imperfect accuracy and Gravity or Gigantamax Orbeetle are banned\n|rule|Endless Battle Clause: Forcing endless battles is banned\n|rule|HP Percentage Mod: HP is shown in percentages\n|clearpoke\n|poke|p1|Garchomp, M|\n|poke|p1|Tyranitar, F|\n|poke|p1|Vaporeon, F|\n|poke|p1|Toxicroak, M|\n|poke|p1|Pelipper, F|\n|poke|p1|Abomasnow, M|\n|poke|p2|Tornadus, M|\n|poke|p2|Palafin, M|\n|poke|p2|Moltres-Galar|\n|poke|p2|Flutter Mane|\n|poke|p2|Armarouge, M|\n|poke|p2|Amoonguss, F|\n|teampreview\n|\n|t:|1699054681\n|start\n|switch|p1a: OTLHPM|Toxicroak, M|100\/100\n|switch|p1b: Cold Shoulder|Abomasnow, M, shiny|100\/100\n|switch|p2a: Tornadus|Tornadus, M|100\/100\n|switch|p2b: Armarouge|Armarouge, M|100\/100\n|-weather|Snow|[from] ability: Snow Warning|[of] p1b: Cold Shoulder\n|turn|1\n|\n|t:|1699054697\n|switch|p1a: ThcrThnSnkr|Tyranitar, F|100\/100\n|-weather|Sandstorm|[from] ability: Sand Stream|[of] p1a: ThcrThnSnkr\n|move|p2a: Tornadus|Tailwind|p2a: Tornadus\n|-sidestart|p2: MoneyHungry69420|move: Tailwind\n|move|p2b: Armarouge|Expanding Force|p1a: ThcrThnSnkr\n|-immune|p1a: ThcrThnSnkr\n|move|p1b: Cold Shoulder|Weather Ball|p2b: Armarouge\n|-supereffective|p2b: Armarouge\n|-damage|p2b: Armarouge|32\/100\n|\n|-weather|Sandstorm|[upkeep]\n|-damage|p2a: Tornadus|94\/100|[from] Sandstorm\n|-damage|p2b: Armarouge|26\/100|[from] Sandstorm\n|-damage|p1b: Cold Shoulder|94\/100|[from] Sandstorm\n|-heal|p2a: Tornadus|100\/100|[from] item: Leftovers\n|upkeep\n|turn|2\n|\n|t:|1699054710\n|switch|p1b: Extra Spicy|Garchomp, M|100\/100\n|move|p2a: Tornadus|Bleakwind Storm|p1b: Extra Spicy|[spread] p1a,p1b\n|-resisted|p1a: ThcrThnSnkr\n|-damage|p1a: ThcrThnSnkr|96\/100\n|-damage|p1b: Extra Spicy|70\/100\n|move|p2b: Armarouge|Expanding Force|p1b: Extra Spicy\n|-damage|p1b: Extra Spicy|6\/100\n|move|p1a: ThcrThnSnkr|Rock Slide|p2a: Tornadus|[spread] p2a,p2b\n|-supereffective|p2a: Tornadus\n|-supereffective|p2b: Armarouge\n|-crit|p2b: Armarouge\n|-damage|p2a: Tornadus|41\/100\n|-damage|p2b: Armarouge|0 fnt\n|faint|p2b: Armarouge\n|\n|-weather|Sandstorm|[upkeep]\n|-damage|p2a: Tornadus|35\/100|[from] Sandstorm\n|-heal|p2a: Tornadus|41\/100|[from] item: Leftovers\n|upkeep\n|\n|t:|1699054726\n|switch|p2b: Flutter Mane|Flutter Mane|100\/100\n|turn|3\n|\n|t:|1699054732\n|switch|p1b: OTLHPM|Toxicroak, M|100\/100\n|move|p2b: Flutter Mane|Dazzling Gleam|p1a: ThcrThnSnkr|[spread] p1a,p1b\n|-supereffective|p1a: ThcrThnSnkr\n|-damage|p1a: ThcrThnSnkr|70\/100\n|-damage|p1b: OTLHPM|41\/100\n|move|p2a: Tornadus|Icy Wind|p1b: OTLHPM|[spread] p1a,p1b\n|-damage|p1a: ThcrThnSnkr|66\/100\n|-damage|p1b: OTLHPM|27\/100\n|-unboost|p1a: ThcrThnSnkr|spe|1\n|-unboost|p1b: OTLHPM|spe|1\n|move|p1a: ThcrThnSnkr|Heavy Slam|p2b: Flutter Mane\n|-supereffective|p2b: Flutter Mane\n|-damage|p2b: Flutter Mane|0 fnt\n|faint|p2b: Flutter Mane\n|-end|p2b: Flutter Mane|Protosynthesis|[silent]\n|\n|-weather|Sandstorm|[upkeep]\n|-damage|p2a: Tornadus|35\/100|[from] Sandstorm\n|-damage|p1b: OTLHPM|21\/100|[from] Sandstorm\n|-heal|p2a: Tornadus|41\/100|[from] item: Leftovers\n|-heal|p1b: OTLHPM|27\/100|[from] item: Black Sludge\n|upkeep\n|\n|t:|1699054750\n|switch|p2b: Palafin|Palafin, M|100\/100\n|turn|4\n|\n|t:|1699054756\n|switch|p1b: Harmacy|Vaporeon, F|100\/100\n|switch|p1a: Cold Shoulder|Abomasnow, M, shiny|94\/100\n|-weather|Snow|[from] ability: Snow Warning|[of] p1a: Cold Shoulder\n|move|p2b: Palafin|Flip Turn|p1a: Cold Shoulder\n|-resisted|p1a: Cold Shoulder\n|-damage|p1a: Cold Shoulder|86\/100\n|\n|t:|1699054765\n|detailschange|p2b: Palafin|Palafin-Hero, M\n|switch|p2b: Moltres|Moltres-Galar|100\/100|[from] Flip Turn\n|move|p2a: Tornadus|Bleakwind Storm|p1b: Harmacy|[spread] p1a\n|-miss|p2a: Tornadus|p1b: Harmacy\n|-supereffective|p1a: Cold Shoulder\n|-crit|p1a: Cold Shoulder\n|-damage|p1a: Cold Shoulder|0 fnt\n|faint|p1a: Cold Shoulder\n|\n|-weather|Snow|[upkeep]\n|-heal|p2a: Tornadus|47\/100|[from] item: Leftovers\n|-sideend|p2: MoneyHungry69420|move: Tailwind\n|upkeep\n|\n|t:|1699054773\n|switch|p1a: ThcrThnSnkr|Tyranitar, F|66\/100\n|-weather|Sandstorm|[from] ability: Sand Stream|[of] p1a: ThcrThnSnkr\n|turn|5\n|\n|t:|1699054784\n|move|p2b: Moltres|Nasty Plot|p2b: Moltres\n|-boost|p2b: Moltres|spa|2\n|move|p2a: Tornadus|Bleakwind Storm|p1b: Harmacy|[spread] p1a,p1b\n|-resisted|p1a: ThcrThnSnkr\n|-damage|p1a: ThcrThnSnkr|61\/100\n|-damage|p1b: Harmacy|77\/100\n|move|p1a: ThcrThnSnkr|Rock Slide|p2b: Moltres|[spread] p2a,p2b\n|-supereffective|p2a: Tornadus\n|-supereffective|p2b: Moltres\n|-crit|p2b: Moltres\n|-damage|p2a: Tornadus|0 fnt\n|-damage|p2b: Moltres|20\/100\n|faint|p2a: Tornadus\n|-ability|p2b: Moltres|Berserk|boost\n|-boost|p2b: Moltres|spa|1\n|-enditem|p2b: Moltres|Sitrus Berry|[eat]\n|-heal|p2b: Moltres|45\/100|[from] item: Sitrus Berry\n|move|p1b: Harmacy|Weather Ball|p2b: Moltres\n|-supereffective|p2b: Moltres\n|-damage|p2b: Moltres|0 fnt\n|faint|p2b: Moltres\n|\n|-weather|Sandstorm|[upkeep]\n|-damage|p1b: Harmacy|71\/100|[from] Sandstorm\n|-heal|p1b: Harmacy|77\/100|[from] item: Leftovers\n|upkeep\n|\n|t:|1699054806\n|switch|p2b: Amoonguss|Amoonguss, F|100\/100\n|switch|p2a: Palafin|Palafin-Hero, M|100\/100\n|-activate|p2a: Palafin|ability: Zero to Hero\n|turn|6\n|\n|t:|1699054817\n|switch|p1a: OTLHPM|Toxicroak, M|27\/100\n|-terastallize|p2a: Palafin|Fighting\n|move|p2b: Amoonguss|Rage Powder|p2b: Amoonguss\n|-singleturn|p2b: Amoonguss|move: Rage Powder\n|move|p2a: Palafin|Close Combat|p1b: Harmacy\n|-damage|p1b: Harmacy|0 fnt\n|-unboost|p2a: Palafin|def|1\n|-unboost|p2a: Palafin|spd|1\n|faint|p1b: Harmacy\n|\n|-weather|Sandstorm|[upkeep]\n|-damage|p2a: Palafin|94\/100|[from] Sandstorm\n|-damage|p1a: OTLHPM|21\/100|[from] Sandstorm\n|-damage|p2b: Amoonguss|94\/100|[from] Sandstorm\n|-heal|p1a: OTLHPM|27\/100|[from] item: Black Sludge\n|upkeep\n|\n|t:|1699054828\n|switch|p1b: Weather War|Pelipper, F|100\/100\n|-weather|RainDance|[from] ability: Drizzle|[of] p1b: Weather War\n|turn|7\n|\n|t:|1699054836\n|move|p2b: Amoonguss|Rage Powder|p2b: Amoonguss\n|-singleturn|p2b: Amoonguss|move: Rage Powder\n|move|p2a: Palafin|Close Combat|p1a: OTLHPM\n|-resisted|p1a: OTLHPM\n|-damage|p1a: OTLHPM|0 fnt\n|-unboost|p2a: Palafin|def|1\n|-unboost|p2a: Palafin|spd|1\n|faint|p1a: OTLHPM\n|move|p1b: Weather War|Hurricane|p2b: Amoonguss\n|-supereffective|p2b: Amoonguss\n|-damage|p2b: Amoonguss|45\/100\n|-start|p2b: Amoonguss|confusion\n|\n|-weather|RainDance|[upkeep]\n|upkeep\n|\n|t:|1699054841\n|switch|p1a: Extra Spicy|Garchomp, M|6\/100\n|turn|8\n|\n|t:|1699054852\n|move|p2a: Palafin|Close Combat|p1a: Extra Spicy\n|-damage|p1a: Extra Spicy|0 fnt\n|-unboost|p2a: Palafin|def|1\n|-unboost|p2a: Palafin|spd|1\n|-damage|p2a: Palafin|82\/100|[from] ability: Rough Skin|[of] p1a: Extra Spicy\n|-damage|p2a: Palafin|66\/100|[from] item: Rocky Helmet|[of] p1a: Extra Spicy\n|faint|p1a: Extra Spicy\n|move|p1b: Weather War|Hurricane|p2a: Palafin\n|-supereffective|p2a: Palafin\n|-damage|p2a: Palafin|0 fnt\n|faint|p2a: Palafin\n|-activate|p2b: Amoonguss|confusion\n|move|p2b: Amoonguss|Spore|p1b: Weather War\n|-status|p1b: Weather War|slp|[from] move: Spore\n|\n|-weather|RainDance|[upkeep]\n|upkeep\n|\n|t:|1699054862\n|switch|p1a: ThcrThnSnkr|Tyranitar, F|61\/100\n|-weather|Sandstorm|[from] ability: Sand Stream|[of] p1a: ThcrThnSnkr\n|turn|9\n|-message|MoneyHungry69420 forfeited.\n|\n|win|mikeyuwu\n|raw|mikeyuwu's rating: 1162 &rarr; <strong>1190<\/strong><br \/>(+28 for winning)\n|raw|MoneyHungry69420's rating: 1209 &rarr; <strong>1181<\/strong><br \/>(-28 for losing)\n|l|\u2606MoneyHungry69420\n","uploadtime":1699054877,"views":16,"p1id":"mikeyuwu","p2id":"moneyhungry69420","formatid":"gen9doublesou","rating":1181,"private":0,"password":""}