{"id":"gen9doublesou-1978939044","p1":"we up dos","p2":"Flying Beagle","format":"[Gen 9] Doubles OU","log":"|j|\u2606we up dos\n|j|\u2606Flying Beagle\n|inactive|Battle timer is ON: inactive players will automatically lose when time's up.\n|t:|1698612462\n|gametype|doubles\n|player|p1|we up dos|caitlin-masters|\n|player|p2|Flying Beagle|marnie-masters|\n|teamsize|p1|6\n|teamsize|p2|6\n|gen|9\n|tier|[Gen 9] Doubles OU\n|rated|Tournament battle\n|rule|Species Clause: Limit one of each Pok\u00e9mon\n|rule|OHKO Clause: OHKO moves are banned\n|rule|Evasion Moves Clause: Evasion moves are banned\n|rule|Gravity Sleep Clause: The combination of sleep-inducing moves with imperfect accuracy and Gravity or Gigantamax Orbeetle are banned\n|rule|Endless Battle Clause: Forcing endless battles is banned\n|rule|HP Percentage Mod: HP is shown in percentages\n|clearpoke\n|poke|p1|Ninetales-Alola, F|\n|poke|p1|Sinistcha-Masterpiece|\n|poke|p1|Cetitan, F|\n|poke|p1|Rillaboom, F|\n|poke|p1|Okidogi, M|\n|poke|p1|Tornadus, M|\n|poke|p2|Chien-Pao|\n|poke|p2|Dragapult, F|\n|poke|p2|Ogerpon-Hearthflame, F|\n|poke|p2|Tornadus, M|\n|poke|p2|Farigiraf, F|\n|poke|p2|Basculegion-F, F|\n|teampreview\n|inactive|we up dos also wants the timer to be on.\n|c|\u2606Flying Beagle|gl hf\n|j|#Arcticblast\n|inactive|we up dos has 120 seconds left.\n|inactive|Flying Beagle has 120 seconds left.\n|\n|t:|1698612515\n|start\n|switch|p1a: Ninetales|Ninetales-Alola, F|100\/100\n|switch|p1b: Rillaboom|Rillaboom, F|100\/100\n|switch|p2a: Ogerpon|Ogerpon-Hearthflame, F|100\/100\n|switch|p2b: Tornadus|Tornadus, M|100\/100\n|-ability|p2a: Ogerpon|Mold Breaker\n|-weather|Snow|[from] ability: Snow Warning|[of] p1a: Ninetales\n|-fieldstart|move: Grassy Terrain|[from] ability: Grassy Surge|[of] p1b: Rillaboom\n|turn|1\n|c|\u2606we up dos|hf\n|j| Craves for Crepes\n|inactive|Flying Beagle has 120 seconds left.\n|\n|t:|1698612551\n|move|p2a: Ogerpon|Spiky Shield|p2a: Ogerpon\n|-singleturn|p2a: Ogerpon|move: Protect\n|move|p1b: Rillaboom|Fake Out|p2a: Ogerpon\n|-activate|p2a: Ogerpon|move: Protect\n|-damage|p1b: Rillaboom|88\/100|[from] Spiky Shield|[of] p2a: Ogerpon\n|move|p2b: Tornadus|Taunt|p1a: Ninetales\n|-start|p1a: Ninetales|move: Taunt\n|move|p1a: Ninetales|Freeze-Dry|p2b: Tornadus\n|-supereffective|p2b: Tornadus\n|-damage|p2b: Tornadus|28\/100\n|\n|-weather|Snow|[upkeep]\n|-heal|p1b: Rillaboom|94\/100|[from] Grassy Terrain\n|upkeep\n|turn|2\n|\n|t:|1698612575\n|switch|p1a: Tornadus|Tornadus, M|100\/100\n|move|p2b: Tornadus|Tailwind|p2b: Tornadus\n|-sidestart|p2: Flying Beagle|move: Tailwind\n|move|p2a: Ogerpon|Ivy Cudgel|p1a: Tornadus\n|-damage|p1a: Tornadus|15\/100\n|move|p1b: Rillaboom|U-turn|p2b: Tornadus\n|-resisted|p2b: Tornadus\n|-damage|p2b: Tornadus|10\/100\n|j| Axell88\n|l| Craves for Crepes\n|inactive|we up dos has 120 seconds left.\n|\n|t:|1698612595\n|switch|p1b: Cetitan|Cetitan, F|100\/100|[from] U-turn\n|\n|-weather|Snow|[upkeep]\n|upkeep\n|turn|3\n|\n|t:|1698612612\n|-terastallize|p2a: Ogerpon|Fire\n|detailschange|p2a: Ogerpon|Ogerpon-Hearthflame-Tera, F, tera:Fire\n|-ability|p2a: Ogerpon|Embody Aspect (Hearthflame)|boost\n|-boost|p2a: Ogerpon|atk|1\n|-terastallize|p1b: Cetitan|Water\n|move|p2b: Tornadus|Taunt|p1a: Tornadus\n|-start|p1a: Tornadus|move: Taunt\n|-enditem|p1a: Tornadus|Mental Herb\n|-end|p1a: Tornadus|move: Taunt\n|move|p1a: Tornadus|Tailwind|p1a: Tornadus\n|-sidestart|p1: we up dos|move: Tailwind\n|move|p2a: Ogerpon|Ivy Cudgel|p1b: Cetitan\n|-resisted|p1b: Cetitan\n|-damage|p1b: Cetitan|71\/100\n|move|p1b: Cetitan|Belly Drum|p1b: Cetitan\n|-damage|p1b: Cetitan|21\/100\n|-setboost|p1b: Cetitan|atk|6|[from] move: Belly Drum\n|-enditem|p1b: Cetitan|Sitrus Berry|[eat]\n|-heal|p1b: Cetitan|46\/100|[from] item: Sitrus Berry\n|\n|-weather|Snow|[upkeep]\n|-heal|p1b: Cetitan|52\/100|[from] Grassy Terrain\n|upkeep\n|turn|4\n|\n|t:|1698612637\n|move|p2a: Ogerpon|Spiky Shield|p2a: Ogerpon\n|-singleturn|p2a: Ogerpon|move: Protect\n|move|p1b: Cetitan|Protect|p1b: Cetitan\n|-singleturn|p1b: Cetitan|Protect\n|move|p1a: Tornadus|Bleakwind Storm|p2b: Tornadus|[spread] p2b\n|-activate|p2a: Ogerpon|move: Protect\n|-damage|p2b: Tornadus|0 fnt\n|faint|p2b: Tornadus\n|\n|-weather|Snow|[upkeep]\n|-heal|p1b: Cetitan|59\/100|[from] Grassy Terrain\n|upkeep\n|inactive|Flying Beagle has 120 seconds left.\n|inactive|Flying Beagle has 90 seconds left.\n|inactive|Flying Beagle has 60 seconds left.\n|\n|t:|1698612718\n|switch|p2b: Chien-Pao|Chien-Pao|100\/100\n|-ability|p2b: Chien-Pao|Sword of Ruin\n|turn|5\n|inactive|Flying Beagle has 60 seconds left.\n|\n|t:|1698612748\n|move|p1b: Cetitan|Ice Shard|p2b: Chien-Pao\n|-resisted|p2b: Chien-Pao\n|-damage|p2b: Chien-Pao|65\/100\n|move|p2b: Chien-Pao|Crunch|p1b: Cetitan\n|-damage|p1b: Cetitan|8\/100\n|move|p1a: Tornadus|Bleakwind Storm|p2a: Ogerpon|[spread] p2b\n|-miss|p1a: Tornadus|p2a: Ogerpon\n|-damage|p2b: Chien-Pao|8\/100\n|move|p2a: Ogerpon|Wood Hammer|p1b: Cetitan\n|-supereffective|p1b: Cetitan\n|-damage|p1b: Cetitan|0 fnt\n|faint|p1b: Cetitan\n|-damage|p2a: Ogerpon|97\/100|[from] Recoil\n|\n|-weather|none\n|-heal|p2b: Chien-Pao|14\/100|[from] Grassy Terrain\n|-heal|p2a: Ogerpon|100\/100|[from] Grassy Terrain\n|-sideend|p2: Flying Beagle|move: Tailwind\n|-fieldend|move: Grassy Terrain\n|upkeep\n|\n|t:|1698612762\n|switch|p1b: Okidogi|Okidogi, M|100\/100\n|turn|6\n|l| Axell88\n|inactive|Flying Beagle has 60 seconds left.\n|\n|t:|1698612787\n|switch|p2b: Basculegion|Basculegion-F, F|100\/100\n|move|p1a: Tornadus|Protect|p1a: Tornadus\n|-singleturn|p1a: Tornadus|Protect\n|move|p2a: Ogerpon|Spiky Shield|p2a: Ogerpon\n|-singleturn|p2a: Ogerpon|move: Protect\n|move|p1b: Okidogi|Bulk Up|p1b: Okidogi\n|-boost|p1b: Okidogi|atk|1\n|-boost|p1b: Okidogi|def|1\n|\n|-sideend|p1: we up dos|move: Tailwind\n|upkeep\n|turn|7\n|\n|t:|1698612796\n|move|p2b: Basculegion|Aqua Jet|p1a: Tornadus\n|-damage|p1a: Tornadus|0 fnt\n|faint|p1a: Tornadus\n|move|p2a: Ogerpon|Ivy Cudgel|p1b: Okidogi\n|-damage|p1b: Okidogi|35\/100\n|move|p1b: Okidogi|Drain Punch|p2a: Ogerpon\n|-damage|p2a: Ogerpon|24\/100\n|-heal|p1b: Okidogi|65\/100|[from] drain|[of] p2a: Ogerpon\n|\n|-heal|p1b: Okidogi|72\/100|[from] item: Leftovers\n|upkeep\n|\n|t:|1698612801\n|switch|p1a: Rillaboom|Rillaboom, F|94\/100\n|-fieldstart|move: Grassy Terrain|[from] ability: Grassy Surge|[of] p1a: Rillaboom\n|turn|8\n|inactive|Flying Beagle has 90 seconds left.\n|\n|t:|1698612829\n|switch|p2b: Farigiraf|Farigiraf, F|100\/100\n|move|p1a: Rillaboom|Grassy Glide||[still]\n|cant|p2b: Farigiraf|ability: Armor Tail|Grassy Glide|[of] p1a: Rillaboom\n|move|p2a: Ogerpon|Ivy Cudgel|p1b: Okidogi\n|-damage|p1b: Okidogi|12\/100\n|move|p1b: Okidogi|Bulk Up|p1b: Okidogi\n|-boost|p1b: Okidogi|atk|1\n|-boost|p1b: Okidogi|def|1\n|\n|-heal|p2a: Ogerpon|30\/100|[from] Grassy Terrain\n|-heal|p1b: Okidogi|18\/100|[from] Grassy Terrain\n|-heal|p1a: Rillaboom|100\/100|[from] Grassy Terrain\n|-heal|p1b: Okidogi|24\/100|[from] item: Leftovers\n|upkeep\n|turn|9\n|inactive|Flying Beagle has 90 seconds left.\n|inactive|Flying Beagle has 60 seconds left.\n|\n|t:|1698612884\n|switch|p1a: Sinistcha|Sinistcha-Masterpiece|100\/100\n|-heal|p1b: Okidogi|49\/100|[from] ability: Hospitality|[of] p1a: Sinistcha\n|move|p1b: Okidogi|Protect|p1b: Okidogi\n|-singleturn|p1b: Okidogi|Protect\n|move|p2a: Ogerpon|Ivy Cudgel|p1b: Okidogi\n|-activate|p1b: Okidogi|move: Protect\n|move|p2b: Farigiraf|Psychic|p1b: Okidogi\n|-activate|p1b: Okidogi|move: Protect\n|\n|-heal|p2a: Ogerpon|36\/100|[from] Grassy Terrain\n|-heal|p1b: Okidogi|55\/100|[from] Grassy Terrain\n|-heal|p1b: Okidogi|61\/100|[from] item: Leftovers\n|upkeep\n|turn|10\n|inactive|Flying Beagle has 60 seconds left.\n|\n|t:|1698612920\n|switch|p1a: Ninetales|Ninetales-Alola, F|100\/100\n|-weather|Snow|[from] ability: Snow Warning|[of] p1a: Ninetales\n|move|p2a: Ogerpon|Follow Me|p2a: Ogerpon\n|-singleturn|p2a: Ogerpon|move: Follow Me\n|move|p2b: Farigiraf|Psychic|p1b: Okidogi\n|-supereffective|p1b: Okidogi\n|-damage|p1b: Okidogi|0 fnt\n|faint|p1b: Okidogi\n|\n|-weather|Snow|[upkeep]\n|-heal|p2a: Ogerpon|42\/100|[from] Grassy Terrain\n|upkeep\n|inactive|we up dos has 120 seconds left.\n|c|\u2606we up dos|gg\n|c|\u2606Flying Beagle|gg\n|-message|we up dos forfeited.\n|\n|win|Flying Beagle\n|n|\u2606we up dos|weupdos\n|n|\u2606Flying Beagle|flyingbeagle\n|n|+Arcticblast|arcticblast\n","uploadtime":1698612936,"views":27,"p1id":"weupdos","p2id":"flyingbeagle","formatid":"gen9doublesou","rating":0,"private":0,"password":""}