{"id":"gen9doublesou-1978104976","p1":"DoerreKong","p2":"Bugeater","format":"[Gen 9] Doubles OU","log":"|j|\u2606DoerreKong\n|j|\u2606Bugeater\n|t:|1698499936\n|gametype|doubles\n|player|p1|DoerreKong|ltsurge|1605\n|player|p2|Bugeater|pokemaniac|1506\n|teamsize|p1|6\n|teamsize|p2|6\n|gen|9\n|tier|[Gen 9] Doubles OU\n|rated|\n|rule|Species Clause: Limit one of each Pok\u00e9mon\n|rule|OHKO Clause: OHKO moves are banned\n|rule|Evasion Moves Clause: Evasion moves are banned\n|rule|Gravity Sleep Clause: The combination of sleep-inducing moves with imperfect accuracy and Gravity or Gigantamax Orbeetle are banned\n|rule|Endless Battle Clause: Forcing endless battles is banned\n|rule|HP Percentage Mod: HP is shown in percentages\n|clearpoke\n|poke|p1|Torkoal, M|\n|poke|p1|Cresselia, F|\n|poke|p1|Diancie|\n|poke|p1|Iron Hands|\n|poke|p1|Amoonguss, F|\n|poke|p1|Dragonite, M|\n|poke|p2|Chien-Pao|\n|poke|p2|Rillaboom, M|\n|poke|p2|Dragonite, F|\n|poke|p2|Flutter Mane|\n|poke|p2|Iron Hands|\n|poke|p2|Glimmora, M|\n|teampreview\n|inactive|Battle timer is ON: inactive players will automatically lose when time's up. (requested by DoerreKong)\n|\n|t:|1698499959\n|start\n|switch|p1a: Iron Hands|Iron Hands|100\/100\n|switch|p1b: Diancie|Diancie|100\/100\n|switch|p2a: Rillaboom|Rillaboom, M|100\/100\n|switch|p2b: Chien-Pao|Chien-Pao|100\/100\n|-ability|p2b: Chien-Pao|Sword of Ruin\n|-fieldstart|move: Grassy Terrain|[from] ability: Grassy Surge|[of] p2a: Rillaboom\n|turn|1\n|\n|t:|1698499983\n|switch|p2b: Glimmora|Glimmora, M|100\/100\n|move|p2a: Rillaboom|Fake Out|p1b: Diancie\n|-resisted|p1b: Diancie\n|-damage|p1b: Diancie|96\/100\n|move|p1a: Iron Hands|Fake Out|p2b: Glimmora\n|-resisted|p2b: Glimmora\n|-damage|p2b: Glimmora|94\/100\n|-activate|p2b: Glimmora|ability: Toxic Debris\n|-sidestart|p1: DoerreKong|move: Toxic Spikes\n|cant|p1b: Diancie|flinch\n|\n|-heal|p2b: Glimmora|99\/100|[from] Grassy Terrain\n|-heal|p1b: Diancie|100\/100|[from] Grassy Terrain\n|upkeep\n|turn|2\n|\n|t:|1698499999\n|move|p2b: Glimmora|Stealth Rock|p1a: Iron Hands\n|-sidestart|p1: DoerreKong|move: Stealth Rock\n|move|p2a: Rillaboom|Wood Hammer|p1b: Diancie\n|-supereffective|p1b: Diancie\n|-damage|p1b: Diancie|0 fnt\n|faint|p1b: Diancie\n|-damage|p2a: Rillaboom|71\/100|[from] Recoil\n|move|p1a: Iron Hands|Iron Defense|p1a: Iron Hands\n|-boost|p1a: Iron Hands|def|2\n|\n|-heal|p2b: Glimmora|100\/100|[from] Grassy Terrain\n|-heal|p2a: Rillaboom|77\/100|[from] Grassy Terrain\n|upkeep\n|\n|t:|1698500007\n|switch|p1b: Cresselia|Cresselia, F|100\/100\n|-damage|p1b: Cresselia|88\/100|[from] Stealth Rock\n|turn|3\n|\n|t:|1698500020\n|move|p2b: Glimmora|Mortal Spin|p1a: Iron Hands|[spread] p1a,p1b\n|-damage|p1a: Iron Hands|99\/100\n|-damage|p1b: Cresselia|85\/100\n|-status|p1a: Iron Hands|psn\n|-status|p1b: Cresselia|psn\n|move|p2a: Rillaboom|Wood Hammer|p1b: Cresselia\n|-damage|p1b: Cresselia|20\/100 psn\n|-damage|p2a: Rillaboom|50\/100|[from] Recoil\n|move|p1a: Iron Hands|Iron Defense|p1a: Iron Hands\n|-boost|p1a: Iron Hands|def|2\n|move|p1b: Cresselia|Trick Room|p1b: Cresselia\n|-fieldstart|move: Trick Room|[of] p1b: Cresselia\n|\n|-heal|p1a: Iron Hands|100\/100 psn|[from] Grassy Terrain\n|-heal|p1b: Cresselia|26\/100 psn|[from] item: Leftovers\n|-heal|p2a: Rillaboom|57\/100|[from] Grassy Terrain\n|-damage|p1a: Iron Hands|88\/100 psn|[from] psn\n|-damage|p1b: Cresselia|14\/100 psn|[from] psn\n|upkeep\n|turn|4\n|\n|t:|1698500038\n|move|p1a: Iron Hands|Body Press|p2a: Rillaboom\n|-damage|p2a: Rillaboom|0 fnt\n|faint|p2a: Rillaboom\n|move|p1b: Cresselia|Lunar Blessing|p1b: Cresselia|[spread] p1a,p1b\n|-heal|p1a: Iron Hands|100\/100 psn\n|-curestatus|p1a: Iron Hands|psn|[msg]\n|-heal|p1b: Cresselia|39\/100 psn\n|-curestatus|p1b: Cresselia|psn|[msg]\n|move|p2b: Glimmora|Earth Power|p1a: Iron Hands\n|-supereffective|p1a: Iron Hands\n|-damage|p1a: Iron Hands|63\/100\n|\n|-heal|p1a: Iron Hands|69\/100|[from] Grassy Terrain\n|-heal|p1a: Iron Hands|75\/100|[from] item: Leftovers\n|-heal|p1b: Cresselia|45\/100|[from] item: Leftovers\n|upkeep\n|\n|t:|1698500052\n|switch|p2a: Iron Hands|Iron Hands|100\/100\n|turn|5\n|\n|t:|1698500070\n|move|p2a: Iron Hands|Fake Out|p1b: Cresselia\n|-damage|p1b: Cresselia|34\/100\n|move|p1a: Iron Hands|Body Press|p2b: Glimmora\n|-damage|p2b: Glimmora|0 fnt\n|-activate|p2b: Glimmora|ability: Toxic Debris\n|-sidestart|p1: DoerreKong|move: Toxic Spikes\n|faint|p2b: Glimmora\n|cant|p1b: Cresselia|flinch\n|\n|-heal|p1a: Iron Hands|82\/100|[from] Grassy Terrain\n|-heal|p1a: Iron Hands|88\/100|[from] item: Leftovers\n|-heal|p1b: Cresselia|41\/100|[from] item: Leftovers\n|-fieldend|move: Grassy Terrain\n|upkeep\n|\n|t:|1698500084\n|switch|p2b: Flutter Mane|Flutter Mane|100\/100\n|-enditem|p2b: Flutter Mane|Booster Energy\n|-activate|p2b: Flutter Mane|ability: Protosynthesis|[fromitem]\n|-start|p2b: Flutter Mane|protosynthesisspe\n|turn|6\n|\n|t:|1698500107\n|move|p1a: Iron Hands|Body Press|p2a: Iron Hands\n|-damage|p2a: Iron Hands|17\/100\n|move|p2a: Iron Hands|Wild Charge|p1b: Cresselia\n|-damage|p1b: Cresselia|7\/100\n|-damage|p2a: Iron Hands|9\/100|[from] Recoil\n|move|p1b: Cresselia|Lunar Blessing|p1b: Cresselia|[spread] p1a,p1b\n|-heal|p1a: Iron Hands|100\/100\n|-heal|p1b: Cresselia|32\/100\n|move|p2b: Flutter Mane|Moonblast|p1a: Iron Hands\n|-supereffective|p1a: Iron Hands\n|-crit|p1a: Iron Hands\n|-damage|p1a: Iron Hands|0 fnt\n|faint|p1a: Iron Hands\n|-end|p1a: Iron Hands|Quark Drive|[silent]\n|\n|-heal|p1b: Cresselia|38\/100|[from] item: Leftovers\n|upkeep\n|\n|t:|1698500122\n|switch|p1a: Amoonguss|Amoonguss, F|100\/100\n|-sideend|p1: DoerreKong|move: Toxic Spikes|[of] p1a: Amoonguss\n|-damage|p1a: Amoonguss|88\/100|[from] Stealth Rock\n|turn|7\n|\n|t:|1698500134\n|move|p2b: Flutter Mane|Protect|p2b: Flutter Mane\n|-singleturn|p2b: Flutter Mane|Protect\n|move|p1a: Amoonguss|Spore|p2b: Flutter Mane\n|-activate|p2b: Flutter Mane|move: Protect\n|move|p2a: Iron Hands|Volt Switch|p1a: Amoonguss\n|-resisted|p1a: Amoonguss\n|-damage|p1a: Amoonguss|83\/100\n|\n|t:|1698500146\n|-end|p2a: Iron Hands|Quark Drive|[silent]\n|switch|p2a: Chien-Pao|Chien-Pao|100\/100|[from] Volt Switch\n|-ability|p2a: Chien-Pao|Sword of Ruin\n|move|p1b: Cresselia|Calm Mind|p1b: Cresselia\n|-boost|p1b: Cresselia|spa|1\n|-boost|p1b: Cresselia|spd|1\n|\n|-heal|p1b: Cresselia|45\/100|[from] item: Leftovers\n|-fieldend|move: Trick Room\n|upkeep\n|turn|8\n|-activate|p1a: Amoonguss|item: Quick Claw\n|\n|t:|1698500156\n|-terastallize|p2b: Flutter Mane|Ghost\n|-terastallize|p1b: Cresselia|Normal\n|move|p1a: Amoonguss|Spore|p2b: Flutter Mane\n|-status|p2b: Flutter Mane|slp|[from] move: Spore\n|cant|p2b: Flutter Mane|slp\n|move|p2a: Chien-Pao|Icicle Crash|p1a: Amoonguss\n|-supereffective|p1a: Amoonguss\n|-damage|p1a: Amoonguss|0 fnt\n|faint|p1a: Amoonguss\n|move|p1b: Cresselia|Trick Room|p1b: Cresselia\n|-fieldstart|move: Trick Room|[of] p1b: Cresselia\n|\n|-heal|p1b: Cresselia|51\/100|[from] item: Leftovers\n|upkeep\n|\n|t:|1698500167\n|switch|p1a: Torkoal|Torkoal, M|100\/100\n|-damage|p1a: Torkoal|76\/100|[from] Stealth Rock\n|-weather|SunnyDay|[from] ability: Drought|[of] p1a: Torkoal\n|turn|9\n|\n|t:|1698500174\n|move|p2a: Chien-Pao|Protect|p2a: Chien-Pao\n|-singleturn|p2a: Chien-Pao|Protect\n|move|p1a: Torkoal|Eruption|p2b: Flutter Mane|[spread] p2b\n|-activate|p2a: Chien-Pao|move: Protect\n|-damage|p2b: Flutter Mane|59\/100 slp\n|move|p1b: Cresselia|Lunar Blessing|p1b: Cresselia|[spread] p1a,p1b\n|-heal|p1a: Torkoal|100\/100\n|-heal|p1b: Cresselia|76\/100\n|-curestatus|p2b: Flutter Mane|slp|[msg]\n|move|p2b: Flutter Mane|Moonblast|p1b: Cresselia\n|-damage|p1b: Cresselia|60\/100\n|\n|-weather|SunnyDay|[upkeep]\n|-heal|p1b: Cresselia|66\/100|[from] item: Leftovers\n|upkeep\n|turn|10\n|inactive|Bugeater has 120 seconds left.\n|\n|t:|1698500206\n|switch|p2a: Iron Hands|Iron Hands|9\/100\n|move|p1a: Torkoal|Eruption|p2b: Flutter Mane|[spread] p2a,p2b\n|-damage|p2a: Iron Hands|0 fnt\n|-damage|p2b: Flutter Mane|2\/100\n|faint|p2a: Iron Hands\n|-end|p2a: Iron Hands|Quark Drive|[silent]\n|move|p1b: Cresselia|Calm Mind|p1b: Cresselia\n|-boost|p1b: Cresselia|spa|1\n|-boost|p1b: Cresselia|spd|1\n|move|p2b: Flutter Mane|Moonblast|p1b: Cresselia\n|-damage|p1b: Cresselia|54\/100\n|\n|-weather|SunnyDay|[upkeep]\n|-heal|p1b: Cresselia|60\/100|[from] item: Leftovers\n|upkeep\n|inactive|Bugeater has 120 seconds left.\n|\n|t:|1698500218\n|switch|p2a: Chien-Pao|Chien-Pao|100\/100\n|-ability|p2a: Chien-Pao|Sword of Ruin\n|turn|11\n|\n|t:|1698500230\n|move|p2a: Chien-Pao|Protect|p2a: Chien-Pao\n|-singleturn|p2a: Chien-Pao|Protect\n|move|p1a: Torkoal|Eruption|p2b: Flutter Mane|[spread] p2b\n|-activate|p2a: Chien-Pao|move: Protect\n|-damage|p2b: Flutter Mane|0 fnt\n|faint|p2b: Flutter Mane\n|-end|p2b: Flutter Mane|Protosynthesis|[silent]\n|move|p1b: Cresselia|Lunar Blessing|p1b: Cresselia|[spread] p1a,p1b\n|-heal|p1b: Cresselia|85\/100\n|\n|-weather|SunnyDay|[upkeep]\n|-heal|p1b: Cresselia|91\/100|[from] item: Leftovers\n|upkeep\n|\n|t:|1698500234\n|switch|p2b: Dragonite|Dragonite, F|100\/100\n|turn|12\n|\n|t:|1698500243\n|move|p1a: Torkoal|Eruption|p2a: Chien-Pao|[spread] p2a,p2b\n|-supereffective|p2a: Chien-Pao\n|-resisted|p2b: Dragonite\n|-enditem|p2a: Chien-Pao|Focus Sash\n|-damage|p2a: Chien-Pao|1\/100\n|-damage|p2b: Dragonite|89\/100\n|move|p1b: Cresselia|Stored Power|p2b: Dragonite\n|-damage|p2b: Dragonite|49\/100\n|move|p2b: Dragonite|Stomping Tantrum|p1a: Torkoal\n|-supereffective|p1a: Torkoal\n|-damage|p1a: Torkoal|42\/100\n|-enditem|p1a: Torkoal|Weakness Policy\n|-boost|p1a: Torkoal|atk|2|[from] item: Weakness Policy\n|-boost|p1a: Torkoal|spa|2|[from] item: Weakness Policy\n|move|p2a: Chien-Pao|Sacred Sword|p1b: Cresselia\n|-supereffective|p1b: Cresselia\n|-damage|p1b: Cresselia|33\/100\n|\n|-weather|SunnyDay|[upkeep]\n|-heal|p1b: Cresselia|39\/100|[from] item: Leftovers\n|-fieldend|move: Trick Room\n|upkeep\n|turn|13\n|\n|t:|1698500254\n|move|p1a: Torkoal|Protect|p1a: Torkoal\n|-singleturn|p1a: Torkoal|Protect\n|move|p2a: Chien-Pao|Sacred Sword|p1b: Cresselia\n|-supereffective|p1b: Cresselia\n|-damage|p1b: Cresselia|0 fnt\n|faint|p1b: Cresselia\n|move|p2b: Dragonite|Stomping Tantrum|p1a: Torkoal\n|-activate|p1a: Torkoal|move: Protect\n|\n|-weather|none\n|upkeep\n|\n|t:|1698500257\n|switch|p1b: Dragonite|Dragonite, M|100\/100\n|-damage|p1b: Dragonite|76\/100|[from] Stealth Rock\n|turn|14\n|\n|t:|1698500269\n|move|p2a: Chien-Pao|Protect|p2a: Chien-Pao\n|-singleturn|p2a: Chien-Pao|Protect\n|move|p1b: Dragonite|Extreme Speed|p2b: Dragonite\n|-damage|p2b: Dragonite|0 fnt\n|faint|p2b: Dragonite\n|move|p1a: Torkoal|Eruption|p2a: Chien-Pao\n|-activate|p2a: Chien-Pao|move: Protect\n|\n|upkeep\n|turn|15\n|\n|t:|1698500277\n|move|p1b: Dragonite|Extreme Speed|p2a: Chien-Pao\n|-damage|p2a: Chien-Pao|0 fnt\n|faint|p2a: Chien-Pao\n|\n|win|DoerreKong\n|raw|DoerreKong's rating: 1605 &rarr; <strong>1619<\/strong><br \/>(+14 for winning)\n|raw|Bugeater's rating: 1506 &rarr; <strong>1492<\/strong><br \/>(-14 for losing)\n|l|\u2606Bugeater\n","uploadtime":1698500285,"views":24,"p1id":"doerrekong","p2id":"bugeater","formatid":"gen9doublesou","rating":1492,"private":0,"password":""}