{"id":"gen9doublesou-1992716932","p1":"JiroKaito","p2":"DaSensor","format":"[Gen 9] Doubles OU","log":"|j|\u2606JiroKaito\n|j|\u2606DaSensor\n|t:|1700228598\n|gametype|doubles\n|player|p1|JiroKaito|1|1020\n|player|p2|DaSensor|265|1003\n|teamsize|p1|6\n|teamsize|p2|6\n|gen|9\n|tier|[Gen 9] Doubles OU\n|rated|\n|rule|Species Clause: Limit one of each Pok\u00e9mon\n|rule|OHKO Clause: OHKO moves are banned\n|rule|Evasion Moves Clause: Evasion moves are banned\n|rule|Gravity Sleep Clause: The combination of sleep-inducing moves with imperfect accuracy and Gravity or Gigantamax Orbeetle are banned\n|rule|Endless Battle Clause: Forcing endless battles is banned\n|rule|HP Percentage Mod: HP is shown in percentages\n|clearpoke\n|poke|p1|Golduck, M|\n|poke|p1|Polteageist|\n|poke|p1|Indeedee-F, F|\n|poke|p1|Armarouge, F|\n|poke|p1|Torkoal, F|\n|poke|p1|Great Tusk|\n|poke|p2|Breloom, F|\n|poke|p2|Furret, M|\n|poke|p2|Amoonguss, F|\n|poke|p2|Clefable, M|\n|poke|p2|Torkoal, M|\n|poke|p2|Roaring Moon|\n|teampreview\n|inactive|Battle timer is ON: inactive players will automatically lose when time's up. (requested by JiroKaito)\n|\n|t:|1700228602\n|start\n|switch|p1a: Golduck|Golduck, M|100\/100\n|switch|p1b: Polteageist|Polteageist|100\/100\n|switch|p2a: Torkoal|Torkoal, M|100\/100\n|switch|p2b: Roaring Moon|Roaring Moon, shiny|100\/100\n|-ability|p1a: Golduck|Cloud Nine\n|-item|p1a: Golduck|Air Balloon\n|-weather|SunnyDay|[from] ability: Drought|[of] p2a: Torkoal\n|turn|1\n|\n|t:|1700228622\n|switch|p2a: Clefable|Clefable, M|100\/100\n|move|p2b: Roaring Moon|Dragon Dance|p2b: Roaring Moon\n|-boost|p2b: Roaring Moon|atk|1\n|-boost|p2b: Roaring Moon|spe|1\n|move|p1a: Golduck|Simple Beam|p1b: Polteageist\n|-endability|p1b: Polteageist|Weak Armor|[from] move: Simple Beam\n|-ability|p1b: Polteageist|Simple|[from] move: Simple Beam\n|move|p1b: Polteageist|Shell Smash|p1b: Polteageist\n|-unboost|p1b: Polteageist|def|2\n|-unboost|p1b: Polteageist|spd|2\n|-boost|p1b: Polteageist|atk|4\n|-boost|p1b: Polteageist|spa|4\n|-boost|p1b: Polteageist|spe|4\n|\n|-weather|SunnyDay|[upkeep]\n|upkeep\n|turn|2\n|\n|t:|1700228644\n|move|p2a: Clefable|Follow Me|p2a: Clefable\n|-singleturn|p2a: Clefable|move: Follow Me\n|move|p1b: Polteageist|Giga Drain|p2a: Clefable\n|-damage|p2a: Clefable|38\/100\n|move|p2b: Roaring Moon|Fire Fang|p1b: Polteageist\n|-damage|p1b: Polteageist|21\/100\n|-damage|p2b: Roaring Moon|84\/100|[from] item: Rocky Helmet|[of] p1b: Polteageist\n|move|p1a: Golduck|Clear Smog|p2a: Clefable\n|-supereffective|p2a: Clefable\n|-damage|p2a: Clefable|20\/100\n|-clearboost|p2a: Clefable\n|\n|-weather|SunnyDay|[upkeep]\n|-heal|p2b: Roaring Moon|90\/100|[from] item: Leftovers\n|-heal|p2a: Clefable|26\/100|[from] item: Leftovers\n|upkeep\n|turn|3\n|\n|t:|1700228662\n|move|p2a: Clefable|Follow Me|p2a: Clefable\n|-singleturn|p2a: Clefable|move: Follow Me\n|move|p1b: Polteageist|Baton Pass|p1b: Polteageist\n|\n|t:|1700228667\n|switch|p1b: Armarouge|Armarouge, F|100\/100|[from] Baton Pass\n|-enditem|p1b: Armarouge|White Herb\n|-clearnegativeboost|p1b: Armarouge|[silent]\n|move|p2b: Roaring Moon|Earthquake|p1a: Golduck|[spread] p2a,p1b\n|-immune|p1a: Golduck\n|-supereffective|p1b: Armarouge\n|-damage|p2a: Clefable|0 fnt\n|-damage|p1b: Armarouge|26\/100\n|faint|p2a: Clefable\n|move|p1a: Golduck|Clear Smog|p2b: Roaring Moon\n|-damage|p2b: Roaring Moon|82\/100\n|-clearboost|p2b: Roaring Moon\n|\n|-weather|SunnyDay|[upkeep]\n|-heal|p2b: Roaring Moon|88\/100|[from] item: Leftovers\n|upkeep\n|\n|t:|1700228683\n|switch|p2a: Furret|Furret, M|100\/100\n|-item|p1a: Golduck|Air Balloon|[from] ability: Frisk|[of] p2a: Furret|[identify]\n|turn|4\n|\n|t:|1700228696\n|switch|p1a: Indeedee|Indeedee-F, F|100\/100\n|-fieldstart|move: Psychic Terrain|[from] ability: Psychic Surge|[of] p1a: Indeedee\n|-enditem|p1a: Indeedee|Psychic Seed\n|-boost|p1a: Indeedee|spd|1|[from] item: Psychic Seed\n|-terastallize|p1b: Armarouge|Steel\n|move|p2a: Furret|Follow Me|p2a: Furret\n|-singleturn|p2a: Furret|move: Follow Me\n|move|p1b: Armarouge|Focus Blast|p2a: Furret\n|-supereffective|p2a: Furret\n|-damage|p2a: Furret|0 fnt\n|faint|p2a: Furret\n|move|p2b: Roaring Moon|Dragon Claw|p1a: Indeedee\n|-damage|p1a: Indeedee|46\/100\n|\n|-weather|SunnyDay|[upkeep]\n|-heal|p2b: Roaring Moon|94\/100|[from] item: Leftovers\n|upkeep\n|\n|t:|1700228715\n|switch|p2a: Torkoal|Torkoal, M|100\/100\n|turn|5\n|\n|t:|1700228734\n|move|p1b: Armarouge|Focus Blast|p2b: Roaring Moon\n|-supereffective|p2b: Roaring Moon\n|-damage|p2b: Roaring Moon|0 fnt\n|faint|p2b: Roaring Moon\n|-end|p2b: Roaring Moon|Protosynthesis|[silent]\n|move|p1a: Indeedee|Heal Pulse|p1b: Armarouge\n|-heal|p1b: Armarouge|76\/100\n|move|p2a: Torkoal|Eruption|p1a: Indeedee|[spread] p1a\n|-start|p1b: Armarouge|ability: Flash Fire\n|-damage|p1a: Indeedee|22\/100\n|\n|-weather|none\n|upkeep\n|c|\u2606JiroKaito|yay\n|c|\u2606JiroKaito|flash fire useful\n|\n|t:|1700228750\n|switch|p2b: Breloom|Breloom, F, shiny|100\/100\n|turn|6\n|c|\u2606DaSensor|Why flash fire\n|c|\u2606DaSensor|Weak amor is better tbh\n|c|\u2606JiroKaito|to counter weakness\n|inactive|JiroKaito has 120 seconds left.\n|inactive|DaSensor has 120 seconds left.\n|\n|t:|1700228786\n|move|p1b: Armarouge|Stored Power|p2b: Breloom\n|-supereffective|p2b: Breloom\n|-damage|p2b: Breloom|0 fnt\n|faint|p2b: Breloom\n|move|p1a: Indeedee|Heal Pulse|p1b: Armarouge\n|-heal|p1b: Armarouge|100\/100\n|move|p2a: Torkoal|Earth Power|p1b: Armarouge\n|-supereffective|p1b: Armarouge\n|-damage|p1b: Armarouge|57\/100\n|\n|upkeep\n|inactive|DaSensor has 120 seconds left.\n|\n|t:|1700228795\n|switch|p2b: Amoonguss|Amoonguss, F|100\/100\n|turn|7\n|c|\u2606DaSensor|Fr\n|inactive|JiroKaito has 120 seconds left.\n|\n|t:|1700228829\n|move|p1b: Armarouge|Focus Blast|p2a: Torkoal\n|-damage|p2a: Torkoal|0 fnt\n|faint|p2a: Torkoal\n|move|p1a: Indeedee|Heal Pulse|p1b: Armarouge\n|-heal|p1b: Armarouge|100\/100\n|move|p2b: Amoonguss|Body Slam|p1a: Indeedee\n|-damage|p1a: Indeedee|0 fnt\n|faint|p1a: Indeedee\n|\n|upkeep\n|\n|t:|1700228836\n|switch|p1a: Great Tusk|Great Tusk|100\/100\n|turn|8\n|c|\u2606JiroKaito|gg\n|n|!DaSensor|dasensor\n|inactive|DaSensor has 120 seconds left.\n|\n|t:|1700228886\n|move|p1b: Armarouge|Stored Power|p2b: Amoonguss\n|-supereffective|p2b: Amoonguss\n|-damage|p2b: Amoonguss|0 fnt\n|faint|p2b: Amoonguss\n|\n|win|JiroKaito\n|raw|JiroKaito's rating: 1011 &rarr; <strong>1048<\/strong><br \/>(+37 for winning)\n|raw|DaSensor's rating: 1003 &rarr; <strong>1000<\/strong><br \/>(-3 for losing)\n","uploadtime":1700228854,"views":5,"p1id":"jirokaito","p2id":"dasensor","formatid":"gen9doublesou","rating":1000,"private":0,"password":""}