{"id":"gen9doublesou-1983229235","p1":"Slimthickens","p2":"pufferdish","format":"[Gen 9] Doubles OU","log":"|j|\u203dSlimthickens\n|j|\u2606pufferdish\n|t:|1699107971\n|gametype|doubles\n|player|p1|Slimthickens|170|1219\n|player|p2|pufferdish|2|1123\n|teamsize|p1|6\n|teamsize|p2|6\n|gen|9\n|tier|[Gen 9] Doubles OU\n|rated|\n|rule|Species Clause: Limit one of each Pok\u00e9mon\n|rule|OHKO Clause: OHKO moves are banned\n|rule|Evasion Moves Clause: Evasion moves are banned\n|rule|Gravity Sleep Clause: The combination of sleep-inducing moves with imperfect accuracy and Gravity or Gigantamax Orbeetle are banned\n|rule|Endless Battle Clause: Forcing endless battles is banned\n|rule|HP Percentage Mod: HP is shown in percentages\n|clearpoke\n|poke|p1|Ceruledge, M|\n|poke|p1|Shaymin-Sky|\n|poke|p1|Flutter Mane|\n|poke|p1|Torkoal, F|\n|poke|p1|Politoed, M|\n|poke|p1|Inteleon, M|\n|poke|p2|Infernape, M|\n|poke|p2|Slaking, M|\n|poke|p2|Ribombee, M|\n|poke|p2|Iron Bundle|\n|poke|p2|Jolteon, M|\n|poke|p2|Greninja-*, M|\n|teampreview\n|inactive|Battle timer is ON: inactive players will automatically lose when time's up. (requested by Slimthickens)\n|\n|t:|1699107993\n|start\n|switch|p1a: Ceruledge|Ceruledge, M|100\/100\n|switch|p1b: Flutter Mane|Flutter Mane|100\/100\n|switch|p2a: Iron Bundle|Iron Bundle|100\/100\n|switch|p2b: Jolteon|Jolteon, M|100\/100\n|-enditem|p2a: Iron Bundle|Booster Energy\n|-activate|p2a: Iron Bundle|ability: Quark Drive|[fromitem]\n|-start|p2a: Iron Bundle|quarkdrivespe\n|-enditem|p1b: Flutter Mane|Booster Energy\n|-activate|p1b: Flutter Mane|ability: Protosynthesis|[fromitem]\n|-start|p1b: Flutter Mane|protosynthesisspe\n|turn|1\n|\n|t:|1699108013\n|-end|p1b: Flutter Mane|Protosynthesis|[silent]\n|switch|p1b: Torkoal|Torkoal, F|100\/100\n|-weather|SunnyDay|[from] ability: Drought|[of] p1b: Torkoal\n|-terastallize|p1a: Ceruledge|Grass\n|move|p2a: Iron Bundle|Protect|p2a: Iron Bundle\n|-singleturn|p2a: Iron Bundle|Protect\n|move|p2b: Jolteon|Shadow Ball|p1b: Torkoal\n|-damage|p1b: Torkoal|56\/100\n|-unboost|p1b: Torkoal|spd|1\n|move|p1a: Ceruledge|Solar Blade||[still]\n|-prepare|p1a: Ceruledge|Solar Blade\n|-anim|p1a: Ceruledge|Solar Blade|p2a: Iron Bundle\n|-activate|p2a: Iron Bundle|move: Protect\n|\n|-weather|SunnyDay|[upkeep]\n|upkeep\n|turn|2\n|\n|t:|1699108033\n|move|p2a: Iron Bundle|Hydro Pump|p1b: Torkoal\n|-supereffective|p1b: Torkoal\n|-damage|p1b: Torkoal|0 fnt\n|faint|p1b: Torkoal\n|move|p2b: Jolteon|Shadow Ball|p1a: Ceruledge\n|-damage|p1a: Ceruledge|59\/100\n|move|p1a: Ceruledge|Solar Blade||[still]\n|-prepare|p1a: Ceruledge|Solar Blade\n|-anim|p1a: Ceruledge|Solar Blade|p2b: Jolteon\n|-damage|p2b: Jolteon|0 fnt\n|faint|p2b: Jolteon\n|\n|-weather|SunnyDay|[upkeep]\n|upkeep\n|\n|t:|1699108047\n|switch|p2b: Greninja|Greninja, M|100\/100\n|switch|p1b: Flutter Mane|Flutter Mane|100\/100\n|-activate|p1b: Flutter Mane|ability: Protosynthesis\n|-start|p1b: Flutter Mane|protosynthesisspe\n|turn|3\n|\n|t:|1699108067\n|switch|p1a: Politoed|Politoed, M|100\/100\n|-weather|RainDance|[from] ability: Drizzle|[of] p1a: Politoed\n|-end|p1b: Flutter Mane|Protosynthesis\n|move|p2a: Iron Bundle|Freeze-Dry|p1a: Politoed\n|-supereffective|p1a: Politoed\n|-damage|p1a: Politoed|19\/100\n|move|p1b: Flutter Mane|Thunderbolt|p2a: Iron Bundle\n|-supereffective|p2a: Iron Bundle\n|-damage|p2a: Iron Bundle|0 fnt\n|faint|p2a: Iron Bundle\n|-end|p2a: Iron Bundle|Quark Drive|[silent]\n|move|p2b: Greninja|Dark Pulse|p1b: Flutter Mane\n|-damage|p1b: Flutter Mane|37\/100\n|\n|-weather|RainDance|[upkeep]\n|upkeep\n|\n|t:|1699108082\n|switch|p2a: Infernape|Infernape, M|100\/100\n|turn|4\n|\n|t:|1699108103\n|move|p2a: Infernape|Gunk Shot|p1a: Politoed\n|-damage|p1a: Politoed|0 fnt\n|faint|p1a: Politoed\n|move|p1b: Flutter Mane|Thunderbolt|p2b: Greninja\n|-supereffective|p2b: Greninja\n|-damage|p2b: Greninja|0 fnt\n|faint|p2b: Greninja\n|\n|-weather|RainDance|[upkeep]\n|upkeep\n|\n|t:|1699108113\n|switch|p2b: Slaking|Slaking, M|100\/100\n|switch|p1a: Inteleon|Inteleon, M|100\/100\n|turn|5\n|\n|t:|1699108127\n|move|p2a: Infernape|Gunk Shot|p1b: Flutter Mane\n|-damage|p1b: Flutter Mane|0 fnt\n|faint|p1b: Flutter Mane\n|-end|p1b: Flutter Mane|Protosynthesis|[silent]\n|move|p1a: Inteleon|Weather Ball|p2a: Infernape\n|-supereffective|p2a: Infernape\n|-damage|p2a: Infernape|0 fnt\n|faint|p2a: Infernape\n|move|p2b: Slaking|Play Rough|p1a: Inteleon\n|-damage|p1a: Inteleon|34\/100\n|\n|-weather|RainDance|[upkeep]\n|upkeep\n|\n|t:|1699108143\n|switch|p1b: Shaymin|Shaymin-Sky|100\/100\n|switch|p2a: Ribombee|Ribombee, M|100\/100\n|turn|6\n|\n|t:|1699108156\n|move|p1a: Inteleon|Weather Ball|p2a: Ribombee\n|-enditem|p2a: Ribombee|Focus Sash\n|-damage|p2a: Ribombee|1\/100\n|move|p1b: Shaymin|Air Slash|p2b: Slaking\n|-damage|p2b: Slaking|46\/100\n|-damage|p1b: Shaymin|91\/100|[from] item: Life Orb\n|move|p2a: Ribombee|Skill Swap|p2b: Slaking\n|-activate|p2a: Ribombee|move: Skill Swap|||[of] p2b: Slaking\n|cant|p2b: Slaking|flinch\n|\n|-weather|RainDance|[upkeep]\n|-heal|p2b: Slaking|52\/100|[from] item: Leftovers\n|upkeep\n|turn|7\n|\n|t:|1699108174\n|move|p1a: Inteleon|Weather Ball|p2a: Ribombee\n|-damage|p2a: Ribombee|0 fnt\n|faint|p2a: Ribombee\n|move|p1b: Shaymin|Air Slash|p2b: Slaking\n|-damage|p2b: Slaking|4\/100\n|-damage|p1b: Shaymin|81\/100|[from] item: Life Orb\n|move|p2b: Slaking|Play Rough|p1a: Inteleon\n|-damage|p1a: Inteleon|0 fnt\n|faint|p1a: Inteleon\n|\n|-weather|none\n|-heal|p2b: Slaking|10\/100|[from] item: Leftovers\n|upkeep\n|-message|pufferdish forfeited.\n|\n|win|Slimthickens\n|raw|Slimthickens's rating: 1219 &rarr; <strong>1237<\/strong><br \/>(+18 for winning)\n|raw|pufferdish's rating: 1123 &rarr; <strong>1105<\/strong><br \/>(-18 for losing)\n|l|\u2606pufferdish\n|j| oliverdagoat\n","uploadtime":1699108461,"views":14,"p1id":"slimthickens","p2id":"pufferdish","formatid":"gen9doublesou","rating":1105,"private":0,"password":""}