{"id":"gen9doublesou-1994777860","p1":"Bigfootmtg","p2":"cotesmcgotes","format":"[Gen 9] Doubles OU","log":"|j|\u2606Bigfootmtg\n|j|\u2606cotesmcgotes\n|t:|1700491807\n|gametype|doubles\n|player|p1|Bigfootmtg|cilan|1101\n|player|p2|cotesmcgotes|flannery|1253\n|teamsize|p1|6\n|teamsize|p2|6\n|gen|9\n|tier|[Gen 9] Doubles OU\n|rated|\n|rule|Species Clause: Limit one of each Pok\u00e9mon\n|rule|OHKO Clause: OHKO moves are banned\n|rule|Evasion Moves Clause: Evasion moves are banned\n|rule|Gravity Sleep Clause: The combination of sleep-inducing moves with imperfect accuracy and Gravity or Gigantamax Orbeetle are banned\n|rule|Endless Battle Clause: Forcing endless battles is banned\n|rule|HP Percentage Mod: HP is shown in percentages\n|clearpoke\n|poke|p1|Medicham, F|\n|poke|p1|Slaking, F|\n|poke|p1|Sinistcha|\n|poke|p1|Clefairy, F|\n|poke|p1|Kommo-o, F|\n|poke|p1|Amoonguss, F|\n|poke|p2|Cresselia, F|\n|poke|p2|Overqwil, M|\n|poke|p2|Tornadus, M|\n|poke|p2|Palafin, M|\n|poke|p2|Amoonguss, M|\n|poke|p2|Great Tusk|\n|teampreview\n|\n|t:|1700491816\n|start\n|switch|p1a: punched|Medicham, F|100\/100\n|switch|p1b: Powerful|Slaking, F, shiny|100\/100\n|switch|p2a: Tornadus|Tornadus, M, shiny|100\/100\n|switch|p2b: Palafin|Palafin, M|100\/100\n|turn|1\n|inactive|Battle timer is ON: inactive players will automatically lose when time's up. (requested by cotesmcgotes)\n|\n|t:|1700491827\n|move|p2a: Tornadus|Taunt|p1a: punched\n|-start|p1a: punched|move: Taunt\n|move|p2b: Palafin|Flip Turn|p1a: punched\n|-damage|p1a: punched|73\/100\n|\n|t:|1700491839\n|detailschange|p2b: Palafin|Palafin-Hero, M\n|switch|p2b: Great Tusk|Great Tusk|100\/100|[from] Flip Turn\n|cant|p1a: punched|move: Taunt|Skill Swap\n|move|p1b: Powerful|Rock Slide|p2b: Great Tusk|[spread] p2a,p2b\n|-supereffective|p2a: Tornadus\n|-resisted|p2b: Great Tusk\n|-damage|p2a: Tornadus|42\/100\n|-damage|p2b: Great Tusk|97\/100\n|\n|upkeep\n|turn|2\n|\n|t:|1700491856\n|switch|p1b: Amoonguss|Amoonguss, F|100\/100\n|move|p2a: Tornadus|Tailwind|p2a: Tornadus\n|-sidestart|p2: cotesmcgotes|move: Tailwind\n|move|p2b: Great Tusk|Close Combat|p1b: Amoonguss\n|-resisted|p1b: Amoonguss\n|-damage|p1b: Amoonguss|65\/100\n|-unboost|p2b: Great Tusk|def|1\n|-unboost|p2b: Great Tusk|spd|1\n|move|p1a: punched|Close Combat|p2b: Great Tusk\n|-damage|p2b: Great Tusk|49\/100\n|-unboost|p1a: punched|def|1\n|-unboost|p1a: punched|spd|1\n|\n|-heal|p1b: Amoonguss|71\/100|[from] item: Leftovers\n|upkeep\n|turn|3\n|\n|t:|1700491882\n|move|p2a: Tornadus|Taunt|p1b: Amoonguss\n|-start|p1b: Amoonguss|move: Taunt\n|move|p2b: Great Tusk|Knock Off|p1a: punched\n|-damage|p1a: punched|0 fnt\n|-enditem|p1a: punched|Focus Sash|[from] move: Knock Off|[of] p2b: Great Tusk\n|faint|p1a: punched\n|cant|p1b: Amoonguss|move: Taunt|Spore\n|\n|-heal|p1b: Amoonguss|77\/100|[from] item: Leftovers\n|upkeep\n|inactive|Bigfootmtg has 120 seconds left.\n|\n|t:|1700491892\n|switch|p1a: come on|Kommo-o, F|100\/100\n|turn|4\n|\n|t:|1700491914\n|-end|p2b: Great Tusk|Protosynthesis|[silent]\n|switch|p2b: Amoonguss|Amoonguss, M, shiny|100\/100\n|move|p2a: Tornadus|Taunt|p1a: come on\n|-start|p1a: come on|move: Taunt\n|cant|p1a: come on|move: Taunt|Clangorous Soul\n|move|p1b: Amoonguss|Pollen Puff|p1a: come on\n|-immune|p1a: come on|[from] ability: Bulletproof\n|\n|-heal|p1b: Amoonguss|83\/100|[from] item: Leftovers\n|upkeep\n|turn|5\n|\n|t:|1700491937\n|move|p2a: Tornadus|Rain Dance|p2a: Tornadus\n|-weather|RainDance\n|move|p1a: come on|Clanging Scales|p2a: Tornadus|[spread] p2a,p2b\n|-damage|p2a: Tornadus|13\/100\n|-damage|p2b: Amoonguss|68\/100\n|-unboost|p1a: come on|def|1\n|-enditem|p1a: come on|Throat Spray\n|-boost|p1a: come on|spa|1|[from] item: Throat Spray\n|move|p2b: Amoonguss|Spore|p1a: come on\n|-status|p1a: come on|slp|[from] move: Spore\n|move|p1b: Amoonguss|Pollen Puff|p2b: Amoonguss\n|-damage|p2b: Amoonguss|51\/100\n|\n|-weather|RainDance|[upkeep]\n|-heal|p1b: Amoonguss|89\/100|[from] item: Leftovers\n|-end|p1b: Amoonguss|move: Taunt\n|-sideend|p2: cotesmcgotes|move: Tailwind\n|upkeep\n|turn|6\n|\n|t:|1700491966\n|switch|p2b: Palafin|Palafin-Hero, M|100\/100\n|-activate|p2b: Palafin|ability: Zero to Hero\n|move|p1b: Amoonguss|Rage Powder|p1b: Amoonguss\n|-singleturn|p1b: Amoonguss|move: Rage Powder\n|cant|p1a: come on|slp\n|move|p2a: Tornadus|Bleakwind Storm|p1b: Amoonguss|[spread] p1a,p1b\n|-supereffective|p1a: come on\n|-supereffective|p1b: Amoonguss\n|-damage|p1a: come on|30\/100 slp\n|-damage|p1b: Amoonguss|25\/100\n|\n|-weather|RainDance|[upkeep]\n|-heal|p1b: Amoonguss|31\/100|[from] item: Leftovers\n|-end|p1a: come on|move: Taunt\n|upkeep\n|turn|7\n|\n|t:|1700491990\n|-terastallize|p1a: come on|Normal\n|move|p1b: Amoonguss|Rage Powder|p1b: Amoonguss\n|-singleturn|p1b: Amoonguss|move: Rage Powder\n|move|p2b: Palafin|Ice Punch|p1b: Amoonguss\n|-supereffective|p1b: Amoonguss\n|-damage|p1b: Amoonguss|0 fnt\n|faint|p1b: Amoonguss\n|cant|p1a: come on|slp\n|move|p2a: Tornadus|Bleakwind Storm|p1a: come on\n|-damage|p1a: come on|0 fnt\n|faint|p1a: come on\n|\n|-weather|RainDance|[upkeep]\n|upkeep\n|inactive|Bigfootmtg has 120 seconds left.\n|\n|t:|1700492012\n|switch|p1a: Powerful|Slaking, F, shiny|100\/100\n|switch|p1b: healed|Clefairy, F|100\/100\n|turn|8\n|\n|t:|1700492030\n|move|p2b: Palafin|Jet Punch|p1a: Powerful\n|-damage|p1a: Powerful|68\/100\n|move|p2a: Tornadus|Taunt|p1b: healed\n|-start|p1b: healed|move: Taunt\n|move|p1a: Powerful|Drain Punch|p2b: Palafin\n|-damage|p2b: Palafin|66\/100\n|-heal|p1a: Powerful|81\/100|[from] drain|[of] p2b: Palafin\n|move|p1b: healed|Blizzard|p2a: Tornadus|[spread] p2b\n|-miss|p1b: healed|p2a: Tornadus\n|-resisted|p2b: Palafin\n|-crit|p2b: Palafin\n|-damage|p2b: Palafin|56\/100\n|-status|p2b: Palafin|frz\n|\n|-weather|RainDance|[upkeep]\n|upkeep\n|turn|9\n|\n|t:|1700492056\n|switch|p2b: Amoonguss|Amoonguss, M, shiny|84\/100\n|move|p2a: Tornadus|Tailwind|p2a: Tornadus\n|-sidestart|p2: cotesmcgotes|move: Tailwind\n|cant|p1a: Powerful|ability: Truant\n|move|p1b: healed|Blizzard|p2a: Tornadus|[spread] p2a,p2b\n|-supereffective|p2a: Tornadus\n|-supereffective|p2b: Amoonguss\n|-damage|p2a: Tornadus|0 fnt\n|-damage|p2b: Amoonguss|59\/100\n|faint|p2a: Tornadus\n|\n|-weather|RainDance|[upkeep]\n|upkeep\n|\n|t:|1700492067\n|switch|p2a: Great Tusk|Great Tusk|49\/100\n|turn|10\n|\n|t:|1700492079\n|move|p2a: Great Tusk|Close Combat|p1a: Powerful\n|-supereffective|p1a: Powerful\n|-damage|p1a: Powerful|8\/100\n|-unboost|p2a: Great Tusk|def|1\n|-unboost|p2a: Great Tusk|spd|1\n|move|p1a: Powerful|Earthquake|p2a: Great Tusk|[spread] p1b,p2a,p2b\n|-crit|p2a: Great Tusk\n|-damage|p1b: healed|70\/100\n|-damage|p2a: Great Tusk|6\/100\n|-damage|p2b: Amoonguss|25\/100\n|move|p2b: Amoonguss|Spore|p1a: Powerful\n|-status|p1a: Powerful|slp|[from] move: Spore\n|move|p1b: healed|Blizzard|p2a: Great Tusk|[spread] p2a\n|-miss|p1b: healed|p2b: Amoonguss\n|-supereffective|p2a: Great Tusk\n|-damage|p2a: Great Tusk|0 fnt\n|faint|p2a: Great Tusk\n|-end|p2a: Great Tusk|Protosynthesis|[silent]\n|\n|-weather|RainDance|[upkeep]\n|-end|p1b: healed|move: Taunt\n|upkeep\n|\n|t:|1700492091\n|switch|p2a: Palafin|Palafin-Hero, M|56\/100 frz\n|turn|11\n|\n|t:|1700492109\n|cant|p2a: Palafin|frz\n|cant|p1a: Powerful|slp\n|move|p2b: Amoonguss|Giga Drain|p1a: Powerful\n|-damage|p1a: Powerful|0 fnt\n|-heal|p2b: Amoonguss|30\/100|[from] drain|[of] p1a: Powerful\n|faint|p1a: Powerful\n|move|p1b: healed|Heal Pulse|p1: Powerful|[notarget]\n|-fail|p1b: healed\n|\n|-weather|RainDance|[upkeep]\n|upkeep\n|\n|t:|1700492122\n|switch|p1a: gotcha|Sinistcha|100\/100\n|-heal|p1b: healed|95\/100|[from] ability: Hospitality|[of] p1a: gotcha\n|turn|12\n|\n|t:|1700492134\n|cant|p2a: Palafin|frz\n|move|p1a: gotcha|Matcha Gotcha|p2b: Amoonguss|[spread] p2a,p2b\n|-supereffective|p2a: Palafin\n|-resisted|p2b: Amoonguss\n|-damage|p2a: Palafin|0 fnt\n|-damage|p2b: Amoonguss|24\/100\n|faint|p2a: Palafin\n|move|p2b: Amoonguss|Spore|p1b: healed\n|-status|p1b: healed|slp|[from] move: Spore\n|cant|p1b: healed|slp\n|\n|-weather|none\n|-sideend|p2: cotesmcgotes|move: Tailwind\n|upkeep\n|\n|t:|1700492141\n|switch|p2a: Overqwil|Overqwil, M|100\/100\n|turn|13\n|\n|t:|1700492154\n|move|p2a: Overqwil|Crunch|p1a: gotcha\n|-supereffective|p1a: gotcha\n|-damage|p1a: gotcha|34\/100\n|move|p1a: gotcha|Matcha Gotcha|p2a: Overqwil|[spread] p2a,p2b\n|-resisted|p2a: Overqwil\n|-resisted|p2b: Amoonguss\n|-damage|p2a: Overqwil|78\/100\n|-heal|p1a: gotcha|46\/100|[from] drain|[of] p2a: Overqwil\n|-damage|p2b: Amoonguss|18\/100\n|-heal|p1a: gotcha|50\/100|[from] drain|[of] p2b: Amoonguss\n|-curestatus|p1b: healed|slp|[msg]\n|move|p1b: healed|Dazzling Gleam|p2b: Amoonguss|[spread] p2a,p2b\n|-resisted|p2b: Amoonguss\n|-crit|p2b: Amoonguss\n|-damage|p2a: Overqwil|56\/100\n|-damage|p2b: Amoonguss|9\/100\n|move|p2b: Amoonguss|Giga Drain|p1b: healed\n|-damage|p1b: healed|65\/100\n|-heal|p2b: Amoonguss|22\/100|[from] drain|[of] p1b: healed\n|\n|-heal|p2a: Overqwil|62\/100|[from] item: Black Sludge\n|upkeep\n|turn|14\n|\n|t:|1700492182\n|move|p1b: healed|Follow Me|p1b: healed\n|-singleturn|p1b: healed|move: Follow Me\n|move|p2a: Overqwil|Crunch|p1b: healed\n|-resisted|p1b: healed\n|-damage|p1b: healed|46\/100\n|move|p1a: gotcha|Matcha Gotcha|p2a: Overqwil|[spread] p2a\n|-miss|p1a: gotcha|p2b: Amoonguss\n|-resisted|p2a: Overqwil\n|-damage|p2a: Overqwil|40\/100\n|-heal|p1a: gotcha|62\/100|[from] drain|[of] p2a: Overqwil\n|move|p2b: Amoonguss|Spore|p1b: healed\n|-status|p1b: healed|slp|[from] move: Spore\n|\n|-heal|p2a: Overqwil|46\/100|[from] item: Black Sludge\n|upkeep\n|turn|15\n|\n|t:|1700492205\n|move|p2a: Overqwil|Crunch|p1a: gotcha\n|-supereffective|p1a: gotcha\n|-damage|p1a: gotcha|0 fnt\n|faint|p1a: gotcha\n|cant|p1b: healed|slp\n|move|p2b: Amoonguss|Giga Drain|p1b: healed\n|-damage|p1b: healed|17\/100 slp\n|-heal|p2b: Amoonguss|35\/100|[from] drain|[of] p1b: healed\n|\n|-heal|p2a: Overqwil|52\/100|[from] item: Black Sludge\n|upkeep\n|turn|16\n|\n|t:|1700492216\n|move|p2a: Overqwil|Barb Barrage|p1b: healed\n|-supereffective|p1b: healed\n|-damage|p1b: healed|0 fnt\n|faint|p1b: healed\n|\n|win|cotesmcgotes\n|raw|Bigfootmtg's rating: 1101 &rarr; <strong>1086<\/strong><br \/>(-15 for losing)\n|raw|cotesmcgotes's rating: 1253 &rarr; <strong>1268<\/strong><br \/>(+15 for winning)\n","uploadtime":1700492220,"views":2,"p1id":"bigfootmtg","p2id":"cotesmcgotes","formatid":"gen9doublesou","rating":1086,"private":0,"password":""}