{"id":"gen9doublesou-1986116652","p1":"rakno3","p2":"GoldTheSnail0531","format":"[Gen 9] Doubles OU","log":"|j|\u203drakno3\n|j|\u2606GoldTheSnail0531\n|t:|1699451767\n|gametype|doubles\n|player|p1|rakno3|2|1000\n|player|p2|GoldTheSnail0531|102|1070\n|teamsize|p1|6\n|teamsize|p2|6\n|gen|9\n|tier|[Gen 9] Doubles OU\n|rated|\n|rule|Species Clause: Limit one of each Pok\u00e9mon\n|rule|OHKO Clause: OHKO moves are banned\n|rule|Evasion Moves Clause: Evasion moves are banned\n|rule|Gravity Sleep Clause: The combination of sleep-inducing moves with imperfect accuracy and Gravity or Gigantamax Orbeetle are banned\n|rule|Endless Battle Clause: Forcing endless battles is banned\n|rule|HP Percentage Mod: HP is shown in percentages\n|clearpoke\n|poke|p1|Ursaluna, M|\n|poke|p1|Iron Bundle|\n|poke|p1|Sinistcha|\n|poke|p1|Maushold-Four|\n|poke|p1|Fezandipiti, M|\n|poke|p1|Heatran, F|\n|poke|p2|Indeedee-F, F|\n|poke|p2|Armarouge, F|\n|poke|p2|Meowscarada, F|\n|poke|p2|Iron Hands|\n|poke|p2|Amoonguss, F|\n|poke|p2|Flutter Mane|\n|teampreview\n|\n|t:|1699451782\n|start\n|switch|p1a: Ursaluna|Ursaluna, M, shiny|100\/100\n|switch|p1b: Iron Bundle|Iron Bundle, shiny|100\/100\n|switch|p2a: Iron Hands|Iron Hands|100\/100\n|switch|p2b: Amoonguss|Amoonguss, F|100\/100\n|turn|1\n|\n|t:|1699451806\n|-terastallize|p1a: Ursaluna|Ghost\n|move|p1b: Iron Bundle|Fling|p1a: Ursaluna\n|-supereffective|p1a: Ursaluna\n|-damage|p1a: Ursaluna|92\/100\n|-status|p1a: Ursaluna|brn\n|-enditem|p1a: Ursaluna|Weakness Policy\n|-boost|p1a: Ursaluna|atk|2|[from] item: Weakness Policy\n|-boost|p1a: Ursaluna|spa|2|[from] item: Weakness Policy\n|-enditem|p1b: Iron Bundle|Flame Orb|[from] move: Fling\n|move|p1a: Ursaluna|Facade|p2b: Amoonguss\n|-damage|p2b: Amoonguss|0 fnt\n|faint|p2b: Amoonguss\n|move|p2a: Iron Hands|Thunder Punch|p1b: Iron Bundle\n|-supereffective|p1b: Iron Bundle\n|-crit|p1b: Iron Bundle\n|-damage|p1b: Iron Bundle|0 fnt\n|faint|p1b: Iron Bundle\n|-end|p1b: Iron Bundle|Quark Drive|[silent]\n|\n|-damage|p1a: Ursaluna|86\/100 brn|[from] brn\n|upkeep\n|\n|t:|1699451828\n|switch|p1b: Maushold|Maushold-Four|100\/100\n|switch|p2b: Flutter Mane|Flutter Mane|100\/100\n|-enditem|p2b: Flutter Mane|Booster Energy\n|-activate|p2b: Flutter Mane|ability: Protosynthesis|[fromitem]\n|-start|p2b: Flutter Mane|protosynthesisspa\n|turn|2\n|\n|t:|1699451849\n|move|p2b: Flutter Mane|Protect|p2b: Flutter Mane\n|-singleturn|p2b: Flutter Mane|Protect\n|move|p2a: Iron Hands|Protect|p2a: Iron Hands\n|-singleturn|p2a: Iron Hands|Protect\n|move|p1b: Maushold|Play Rough|p2a: Iron Hands\n|-activate|p2a: Iron Hands|move: Protect\n|move|p1a: Ursaluna|Shadow Claw|p2b: Flutter Mane\n|-activate|p2b: Flutter Mane|move: Protect\n|\n|-damage|p1a: Ursaluna|80\/100 brn|[from] brn\n|upkeep\n|turn|3\n|\n|t:|1699451867\n|move|p2b: Flutter Mane|Moonblast|p1a: Ursaluna\n|-damage|p1a: Ursaluna|35\/100 brn\n|-unboost|p1a: Ursaluna|spa|1\n|move|p1b: Maushold|Play Rough|p2a: Iron Hands\n|-supereffective|p2a: Iron Hands\n|-damage|p2a: Iron Hands|74\/100\n|move|p1a: Ursaluna|Crunch|p2b: Flutter Mane\n|-damage|p2b: Flutter Mane|0 fnt\n|faint|p2b: Flutter Mane\n|-end|p2b: Flutter Mane|Protosynthesis|[silent]\n|move|p2a: Iron Hands|Thunder Punch|p1a: Ursaluna\n|-damage|p1a: Ursaluna|10\/100 brn\n|\n|-heal|p2a: Iron Hands|81\/100|[from] item: Leftovers\n|-damage|p1a: Ursaluna|4\/100 brn|[from] brn\n|upkeep\n|\n|t:|1699451883\n|switch|p2b: Meowscarada|Meowscarada, F|100\/100\n|turn|4\n|\n|t:|1699451896\n|move|p2b: Meowscarada|Foul Play|p1a: Ursaluna\n|-supereffective|p1a: Ursaluna\n|-damage|p1a: Ursaluna|0 fnt\n|faint|p1a: Ursaluna\n|move|p1b: Maushold|U-turn|p2b: Meowscarada\n|-supereffective|p2b: Meowscarada\n|-damage|p2b: Meowscarada|0 fnt\n|faint|p2b: Meowscarada\n|\n|t:|1699451905\n|switch|p1b: Heatran|Heatran, F, shiny|100\/100|[from] U-turn\n|move|p2a: Iron Hands|Drain Punch|p1b: Heatran\n|-supereffective|p1b: Heatran\n|-damage|p1b: Heatran|31\/100\n|-heal|p2a: Iron Hands|100\/100|[from] drain|[of] p1b: Heatran\n|-status|p2a: Iron Hands|brn|[from] ability: Flame Body|[of] p1b: Heatran\n|\n|-damage|p2a: Iron Hands|94\/100 brn|[from] brn\n|upkeep\n|\n|t:|1699451920\n|switch|p2b: Indeedee|Indeedee-F, F|100\/100\n|switch|p1a: Sinistcha|Sinistcha, shiny|100\/100\n|-fieldstart|move: Psychic Terrain|[from] ability: Psychic Surge|[of] p2b: Indeedee\n|-enditem|p2b: Indeedee|Psychic Seed\n|-boost|p2b: Indeedee|spd|1|[from] item: Psychic Seed\n|-heal|p1b: Heatran|55\/100|[from] ability: Hospitality|[of] p1a: Sinistcha\n|turn|5\n|\n|t:|1699451947\n|move|p2b: Indeedee|Protect|p2b: Indeedee\n|-singleturn|p2b: Indeedee|Protect\n|move|p1b: Heatran|Earth Power|p2a: Iron Hands\n|-supereffective|p2a: Iron Hands\n|-damage|p2a: Iron Hands|7\/100 brn\n|move|p1a: Sinistcha|Calm Mind|p1a: Sinistcha\n|-boost|p1a: Sinistcha|spa|1\n|-boost|p1a: Sinistcha|spd|1\n|move|p2a: Iron Hands|Swords Dance|p2a: Iron Hands\n|-boost|p2a: Iron Hands|atk|2\n|\n|-heal|p2a: Iron Hands|13\/100 brn|[from] item: Leftovers\n|-damage|p2a: Iron Hands|7\/100 brn|[from] brn\n|upkeep\n|turn|6\n|\n|t:|1699451983\n|move|p2b: Indeedee|Helping Hand|p2a: Iron Hands\n|-singleturn|p2a: Iron Hands|Helping Hand|[of] p2b: Indeedee\n|move|p1b: Heatran|Earth Power|p2a: Iron Hands\n|-supereffective|p2a: Iron Hands\n|-damage|p2a: Iron Hands|0 fnt\n|faint|p2a: Iron Hands\n|-end|p2a: Iron Hands|Quark Drive|[silent]\n|move|p1a: Sinistcha|Matcha Gotcha|p2b: Indeedee\n|-damage|p2b: Indeedee|70\/100\n|-status|p2b: Indeedee|brn\n|\n|-damage|p2b: Indeedee|63\/100 brn|[from] brn\n|upkeep\n|\n|t:|1699451994\n|switch|p2a: Armarouge|Armarouge, F|100\/100\n|turn|7\n|\n|t:|1699452010\n|move|p2b: Indeedee|Protect|p2b: Indeedee\n|-singleturn|p2b: Indeedee|Protect\n|move|p1b: Heatran|Earth Power|p2a: Armarouge\n|-supereffective|p2a: Armarouge\n|-damage|p2a: Armarouge|0 fnt\n|faint|p2a: Armarouge\n|move|p1a: Sinistcha|Shadow Ball|p2b: Indeedee\n|-activate|p2b: Indeedee|move: Protect\n|\n|-damage|p2b: Indeedee|57\/100 brn|[from] brn\n|upkeep\n|turn|8\n|-message|GoldTheSnail0531 forfeited.\n|\n|win|rakno3\n|raw|rakno3's rating: 1000 &rarr; <strong>1048<\/strong><br \/>(+48 for winning)\n|raw|GoldTheSnail0531's rating: 1070 &rarr; <strong>1045<\/strong><br \/>(-25 for losing)\n|l|\u2606GoldTheSnail0531\n","uploadtime":1699452033,"views":16,"p1id":"rakno3","p2id":"goldthesnail0531","formatid":"gen9doublesou","rating":1045,"private":0,"password":""}