{"id":"gen9doublesou-1987922609","p1":"StephenStone1130","p2":"Telimonster0608","format":"[Gen 9] Doubles OU","log":"|j|\u2606StephenStone1130\n|j|\u2606Telimonster0608\n|t:|1699649480\n|gametype|doubles\n|player|p1|StephenStone1130|265|\n|player|p2|Telimonster0608|acetrainerf|\n|teamsize|p1|6\n|teamsize|p2|6\n|gen|9\n|tier|[Gen 9] Doubles OU\n|rule|Species Clause: Limit one of each Pok\u00e9mon\n|rule|OHKO Clause: OHKO moves are banned\n|rule|Evasion Moves Clause: Evasion moves are banned\n|rule|Gravity Sleep Clause: The combination of sleep-inducing moves with imperfect accuracy and Gravity or Gigantamax Orbeetle are banned\n|rule|Endless Battle Clause: Forcing endless battles is banned\n|rule|HP Percentage Mod: HP is shown in percentages\n|clearpoke\n|poke|p1|Cresselia, F|\n|poke|p1|Iron Jugulis|\n|poke|p1|Krookodile, M|\n|poke|p1|Gyarados, M|\n|poke|p1|Lucario, F|\n|poke|p1|Typhlosion-Hisui, F|\n|poke|p2|Slither Wing|\n|poke|p2|Klefki, M|\n|poke|p2|Salamence, M|\n|poke|p2|Sneasler, M|\n|poke|p2|Zapdos|\n|poke|p2|Milotic, F|\n|teampreview\n|j| GoDDanteX\n|\n|t:|1699649501\n|start\n|switch|p1a: Lucario|Lucario, F, shiny|100\/100\n|switch|p1b: Krookodile|Krookodile, M, shiny|100\/100\n|switch|p2a: Past Mothra\ud83e\udd8b|Slither Wing|100\/100\n|switch|p2b: Wolverine\ud83d\udde1|Sneasler, M, shiny|100\/100\n|-item|p2b: Wolverine\ud83d\udde1|Air Balloon\n|-enditem|p2a: Past Mothra\ud83e\udd8b|Booster Energy\n|-activate|p2a: Past Mothra\ud83e\udd8b|ability: Protosynthesis|[fromitem]\n|-start|p2a: Past Mothra\ud83e\udd8b|protosynthesisatk\n|turn|1\n|\n|t:|1699649555\n|switch|p1b: Typhlosion|Typhlosion-Hisui, F, shiny|100\/100\n|-item|p2b: Wolverine\ud83d\udde1|Air Balloon|[from] ability: Frisk|[of] p1b: Typhlosion|[identify]\n|move|p1a: Lucario|Extreme Speed|p2b: Wolverine\ud83d\udde1\n|-damage|p2b: Wolverine\ud83d\udde1|57\/100\n|-enditem|p2b: Wolverine\ud83d\udde1|Air Balloon\n|move|p2b: Wolverine\ud83d\udde1|Taunt|p1b: Typhlosion\n|-start|p1b: Typhlosion|move: Taunt\n|move|p2a: Past Mothra\ud83e\udd8b|Flare Blitz|p1a: Lucario\n|-supereffective|p1a: Lucario\n|-enditem|p1a: Lucario|Focus Sash\n|-damage|p1a: Lucario|1\/100\n|-damage|p2a: Past Mothra\ud83e\udd8b|71\/100|[from] Recoil\n|\n|upkeep\n|turn|2\n|\n|t:|1699649613\n|switch|p2b: Lightning Storm\u26c8\ufe0f|Zapdos, shiny|100\/100\n|-terastallize|p1b: Typhlosion|Fire\n|move|p1a: Lucario|Extreme Speed|p2b: Lightning Storm\u26c8\ufe0f\n|-damage|p2b: Lightning Storm\u26c8\ufe0f|82\/100\n|-damage|p1a: Lucario|0 fnt|[from] item: Rocky Helmet|[of] p2b: Lightning Storm\u26c8\ufe0f\n|faint|p1a: Lucario\n|move|p1b: Typhlosion|Eruption|p2a: Past Mothra\ud83e\udd8b|[spread] p2a,p2b\n|-supereffective|p2a: Past Mothra\ud83e\udd8b\n|-damage|p2a: Past Mothra\ud83e\udd8b|0 fnt\n|-damage|p2b: Lightning Storm\u26c8\ufe0f|6\/100\n|faint|p2a: Past Mothra\ud83e\udd8b\n|-end|p2a: Past Mothra\ud83e\udd8b|Protosynthesis|[silent]\n|\n|upkeep\n|\n|t:|1699649647\n|switch|p1a: Iron Jugulis|Iron Jugulis, shiny|100\/100\n|switch|p2a: Princess\ud83d\udc78|Milotic, F, shiny|100\/100\n|-enditem|p1a: Iron Jugulis|Booster Energy\n|-activate|p1a: Iron Jugulis|ability: Quark Drive|[fromitem]\n|-start|p1a: Iron Jugulis|quarkdrivespe\n|turn|3\n|\n|t:|1699649675\n|switch|p1b: Gyarados|Gyarados, M, shiny|100\/100\n|move|p2a: Princess\ud83d\udc78|Protect|p2a: Princess\ud83d\udc78\n|-singleturn|p2a: Princess\ud83d\udc78|Protect\n|move|p1a: Iron Jugulis|Dragon Pulse|p2b: Lightning Storm\u26c8\ufe0f\n|-damage|p2b: Lightning Storm\u26c8\ufe0f|0 fnt\n|faint|p2b: Lightning Storm\u26c8\ufe0f\n|\n|-status|p2a: Princess\ud83d\udc78|brn|[from] item: Flame Orb\n|upkeep\n|\n|t:|1699649691\n|switch|p2b: Success\ud83e\ude99|Klefki, M, shiny|100\/100\n|turn|4\n|\n|t:|1699649741\n|move|p2b: Success\ud83e\ude99|Thunder Wave|p1b: Gyarados\n|-status|p1b: Gyarados|par\n|-enditem|p1b: Gyarados|Lum Berry|[eat]\n|-curestatus|p1b: Gyarados|par|[msg]\n|move|p1a: Iron Jugulis|Sunny Day|p1a: Iron Jugulis\n|-weather|SunnyDay\n|move|p1b: Gyarados|Dragon Dance|p1b: Gyarados\n|-boost|p1b: Gyarados|atk|1\n|-boost|p1b: Gyarados|spe|1\n|move|p2a: Princess\ud83d\udc78|Ice Beam|p1a: Iron Jugulis\n|-supereffective|p1a: Iron Jugulis\n|-damage|p1a: Iron Jugulis|49\/100\n|\n|-weather|SunnyDay|[upkeep]\n|-damage|p2a: Princess\ud83d\udc78|94\/100 brn|[from] brn\n|upkeep\n|turn|5\n|\n|t:|1699649760\n|move|p2b: Success\ud83e\ude99|Thunder Wave|p1b: Gyarados|[miss]\n|-miss|p2b: Success\ud83e\ude99|p1b: Gyarados\n|move|p1a: Iron Jugulis|Heat Wave|p2a: Princess\ud83d\udc78|[spread] p2b\n|-miss|p1a: Iron Jugulis|p2a: Princess\ud83d\udc78\n|-supereffective|p2b: Success\ud83e\ude99\n|-damage|p2b: Success\ud83e\ude99|20\/100\n|-status|p2b: Success\ud83e\ude99|brn\n|move|p1b: Gyarados|Earthquake|p2b: Success\ud83e\ude99|[spread] p2a,p2b\n|-immune|p1a: Iron Jugulis\n|-supereffective|p2b: Success\ud83e\ude99\n|-damage|p2a: Princess\ud83d\udc78|69\/100 brn\n|-damage|p2b: Success\ud83e\ude99|0 fnt\n|faint|p2b: Success\ud83e\ude99\n|-ability|p1b: Gyarados|Moxie|boost\n|-boost|p1b: Gyarados|atk|1\n|move|p2a: Princess\ud83d\udc78|Ice Beam|p1a: Iron Jugulis\n|-supereffective|p1a: Iron Jugulis\n|-crit|p1a: Iron Jugulis\n|-damage|p1a: Iron Jugulis|0 fnt\n|faint|p1a: Iron Jugulis\n|-end|p1a: Iron Jugulis|Quark Drive|[silent]\n|\n|-weather|SunnyDay|[upkeep]\n|-damage|p2a: Princess\ud83d\udc78|63\/100 brn|[from] brn\n|upkeep\n|\n|t:|1699649797\n|switch|p1a: Cresselia|Cresselia, F, shiny|100\/100\n|switch|p2b: Wolverine\ud83d\udde1|Sneasler, M, shiny|57\/100\n|turn|6\n|\n|t:|1699649849\n|move|p1b: Gyarados|Earthquake|p2b: Wolverine\ud83d\udde1|[spread] p2a,p2b\n|-immune|p1a: Cresselia|[from] ability: Levitate\n|-supereffective|p2b: Wolverine\ud83d\udde1\n|-damage|p2a: Princess\ud83d\udc78|25\/100 brn\n|-damage|p2b: Wolverine\ud83d\udde1|0 fnt\n|faint|p2b: Wolverine\ud83d\udde1\n|-ability|p1b: Gyarados|Moxie|boost\n|-boost|p1b: Gyarados|atk|1\n|move|p1a: Cresselia|Moonblast|p2a: Princess\ud83d\udc78\n|-damage|p2a: Princess\ud83d\udc78|16\/100 brn\n|move|p2a: Princess\ud83d\udc78|Ice Beam|p1a: Cresselia\n|-damage|p1a: Cresselia|88\/100\n|\n|-weather|SunnyDay|[upkeep]\n|-heal|p1a: Cresselia|94\/100|[from] item: Leftovers\n|-damage|p2a: Princess\ud83d\udc78|10\/100 brn|[from] brn\n|upkeep\n|\n|t:|1699649864\n|switch|p2b: All-Might\ud83e\uddb8\u200d\u2642\ufe0f|Salamence, M|100\/100\n|turn|7\n|\n|t:|1699649881\n|move|p1b: Gyarados|Earthquake|p2b: All-Might\ud83e\uddb8\u200d\u2642\ufe0f|[spread] p2a\n|-immune|p1a: Cresselia|[from] ability: Levitate\n|-immune|p2b: All-Might\ud83e\uddb8\u200d\u2642\ufe0f\n|-damage|p2a: Princess\ud83d\udc78|0 fnt\n|faint|p2a: Princess\ud83d\udc78\n|-ability|p1b: Gyarados|Moxie|boost\n|-boost|p1b: Gyarados|atk|1\n|move|p2b: All-Might\ud83e\uddb8\u200d\u2642\ufe0f|Dragon Claw|p1b: Gyarados\n|-damage|p1b: Gyarados|46\/100\n|move|p1a: Cresselia|Moonblast|p2b: All-Might\ud83e\uddb8\u200d\u2642\ufe0f\n|-supereffective|p2b: All-Might\ud83e\uddb8\u200d\u2642\ufe0f\n|-damage|p2b: All-Might\ud83e\uddb8\u200d\u2642\ufe0f|61\/100\n|\n|-weather|SunnyDay|[upkeep]\n|-heal|p1a: Cresselia|99\/100|[from] item: Leftovers\n|upkeep\n|turn|8\n|\n|t:|1699649901\n|move|p1b: Gyarados|Ice Fang|p2b: All-Might\ud83e\uddb8\u200d\u2642\ufe0f\n|-supereffective|p2b: All-Might\ud83e\uddb8\u200d\u2642\ufe0f\n|-damage|p2b: All-Might\ud83e\uddb8\u200d\u2642\ufe0f|0 fnt\n|faint|p2b: All-Might\ud83e\uddb8\u200d\u2642\ufe0f\n|\n|win|StephenStone1130\n|l| GoDDanteX\n","uploadtime":1699649911,"views":34,"p1id":"stephenstone1130","p2id":"telimonster0608","formatid":"gen9doublesou","rating":0,"private":0,"password":""}