{"id":"gen9doublesou-1989992772","p1":"Y0SHM4n","p2":"aidan amoongus","format":"[Gen 9] Doubles OU","log":"|j|\u2606Y0SHM4n\n|j|\u2606aidan amoongus\n|t:|1699913369\n|gametype|doubles\n|player|p1|Y0SHM4n|1|1000\n|player|p2|aidan amoongus|169|1048\n|teamsize|p1|6\n|teamsize|p2|6\n|gen|9\n|tier|[Gen 9] Doubles OU\n|rated|\n|rule|Species Clause: Limit one of each Pok\u00e9mon\n|rule|OHKO Clause: OHKO moves are banned\n|rule|Evasion Moves Clause: Evasion moves are banned\n|rule|Gravity Sleep Clause: The combination of sleep-inducing moves with imperfect accuracy and Gravity or Gigantamax Orbeetle are banned\n|rule|Endless Battle Clause: Forcing endless battles is banned\n|rule|HP Percentage Mod: HP is shown in percentages\n|clearpoke\n|poke|p1|Toxapex, F|\n|poke|p1|Glimmora, F|\n|poke|p1|Walking Wake|\n|poke|p1|Garganacl, F|\n|poke|p1|Kingambit, F|\n|poke|p1|Snorlax, F|\n|poke|p2|Kommo-o, F|\n|poke|p2|Flamigo, M|\n|poke|p2|Espeon, M|\n|poke|p2|Oricorio-Sensu, M|\n|poke|p2|Blissey, F|\n|poke|p2|Ninetales-Alola, M|\n|teampreview\n|\n|t:|1699913390\n|start\n|switch|p1a: Glimmora|Glimmora, F|100\/100\n|switch|p1b: Garganacl|Garganacl, F|100\/100\n|switch|p2a: Blissey|Blissey, F, shiny|100\/100\n|switch|p2b: Ninetales|Ninetales-Alola, M, shiny|100\/100\n|-weather|Snow|[from] ability: Snow Warning|[of] p2b: Ninetales\n|turn|1\n|inactive|Battle timer is ON: inactive players will automatically lose when time's up. (requested by aidan amoongus)\n|\n|t:|1699913406\n|move|p2b: Ninetales|Aurora Veil|p2b: Ninetales\n|-sidestart|p2: aidan amoongus|move: Aurora Veil\n|move|p1a: Glimmora|Toxic Spikes|p2a: Blissey\n|-sidestart|p2: aidan amoongus|move: Toxic Spikes\n|move|p2a: Blissey|Icy Wind|p1a: Glimmora|[spread] p1a,p1b\n|-damage|p1a: Glimmora|92\/100\n|-damage|p1b: Garganacl|90\/100\n|-unboost|p1a: Glimmora|spe|1\n|-unboost|p1b: Garganacl|spe|1\n|move|p1b: Garganacl|Iron Defense|p1b: Garganacl\n|-boost|p1b: Garganacl|def|2\n|\n|-weather|Snow|[upkeep]\n|upkeep\n|turn|2\n|\n|t:|1699913425\n|move|p2b: Ninetales|Extrasensory|p1a: Glimmora\n|-supereffective|p1a: Glimmora\n|-damage|p1a: Glimmora|58\/100\n|move|p2a: Blissey|Seismic Toss|p1b: Garganacl\n|-damage|p1b: Garganacl|65\/100\n|move|p1a: Glimmora|Toxic Spikes|p2b: Ninetales\n|-sidestart|p2: aidan amoongus|move: Toxic Spikes\n|move|p1b: Garganacl|Iron Defense|p1b: Garganacl\n|-boost|p1b: Garganacl|def|2\n|\n|-weather|Snow|[upkeep]\n|upkeep\n|turn|3\n|\n|t:|1699913449\n|move|p2b: Ninetales|Extrasensory|p1a: Glimmora\n|-supereffective|p1a: Glimmora\n|-damage|p1a: Glimmora|24\/100\n|move|p2a: Blissey|Seismic Toss|p1b: Garganacl\n|-damage|p1b: Garganacl|41\/100\n|move|p1a: Glimmora|Toxic|p2b: Ninetales\n|-status|p2b: Ninetales|tox\n|move|p1b: Garganacl|Recover|p1b: Garganacl\n|-heal|p1b: Garganacl|91\/100\n|\n|-weather|Snow|[upkeep]\n|-damage|p2b: Ninetales|95\/100 tox|[from] psn\n|upkeep\n|turn|4\n|inactive|Y0SHM4n has 120 seconds left.\n|\n|t:|1699913491\n|switch|p1a: Toxapex|Toxapex, F|100\/100\n|move|p2b: Ninetales|Extrasensory|p1a: Toxapex\n|-supereffective|p1a: Toxapex\n|-damage|p1a: Toxapex|67\/100\n|move|p2a: Blissey|Chilling Water|p1b: Garganacl\n|-supereffective|p1b: Garganacl\n|-damage|p1b: Garganacl|64\/100\n|-unboost|p1b: Garganacl|atk|1\n|move|p1b: Garganacl|Earth Power|p2b: Ninetales\n|-damage|p2b: Ninetales|82\/100 tox\n|-damage|p1b: Garganacl|54\/100|[from] item: Life Orb\n|\n|-weather|Snow|[upkeep]\n|-heal|p1a: Toxapex|74\/100|[from] item: Leftovers\n|-damage|p2b: Ninetales|70\/100 tox|[from] psn\n|upkeep\n|turn|5\n|inactive|Y0SHM4n has 120 seconds left.\n|\n|t:|1699913521\n|move|p2b: Ninetales|Extrasensory|p1a: Toxapex\n|-supereffective|p1a: Toxapex\n|-damage|p1a: Toxapex|38\/100\n|move|p2a: Blissey|Icy Wind|p1a: Toxapex|[spread] p1a,p1b\n|-resisted|p1a: Toxapex\n|-damage|p1a: Toxapex|33\/100\n|-damage|p1b: Garganacl|43\/100\n|-unboost|p1a: Toxapex|spe|1\n|-unboost|p1b: Garganacl|spe|1\n|move|p1a: Toxapex|Venoshock|p2b: Ninetales\n|-supereffective|p2b: Ninetales\n|-crit|p2b: Ninetales\n|-damage|p2b: Ninetales|0 fnt\n|faint|p2b: Ninetales\n|move|p1b: Garganacl|Earth Power|p2a: Blissey\n|-damage|p2a: Blissey|97\/100\n|-damage|p1b: Garganacl|33\/100|[from] item: Life Orb\n|\n|-weather|none\n|-heal|p1a: Toxapex|40\/100|[from] item: Leftovers\n|-sideend|p2: aidan amoongus|move: Aurora Veil\n|upkeep\n|inactive|aidan amoongus has 120 seconds left.\n|\n|t:|1699913542\n|switch|p2b: Kommo-o|Kommo-o, F, shiny|100\/100\n|-status|p2b: Kommo-o|tox\n|turn|6\n|inactive|Y0SHM4n has 120 seconds left.\n|\n|t:|1699913564\n|move|p2b: Kommo-o|Close Combat|p1a: Toxapex\n|-resisted|p1a: Toxapex\n|-damage|p1a: Toxapex|17\/100\n|-unboost|p2b: Kommo-o|def|1\n|-unboost|p2b: Kommo-o|spd|1\n|move|p2a: Blissey|Seismic Toss|p1b: Garganacl\n|-damage|p1b: Garganacl|9\/100\n|move|p1a: Toxapex|Venoshock|p2b: Kommo-o\n|-crit|p2b: Kommo-o\n|-damage|p2b: Kommo-o|32\/100 tox\n|move|p1b: Garganacl|Body Press|p2b: Kommo-o\n|-damage|p2b: Kommo-o|0 fnt\n|faint|p2b: Kommo-o\n|-damage|p1b: Garganacl|0 fnt|[from] item: Life Orb\n|faint|p1b: Garganacl\n|\n|-heal|p1a: Toxapex|23\/100|[from] item: Leftovers\n|upkeep\n|inactive|Y0SHM4n has 120 seconds left.\n|\n|t:|1699913586\n|switch|p2b: Flamigo|Flamigo, M, shiny|100\/100\n|switch|p1b: Walking Wake|Walking Wake|100\/100\n|-copyboost|p2b: Flamigo|p2a: Blissey|[from] ability: Costar\n|turn|7\n|inactive|aidan amoongus has 120 seconds left.\n|\n|t:|1699913618\n|move|p1b: Walking Wake|Protect|p1b: Walking Wake\n|-singleturn|p1b: Walking Wake|Protect\n|move|p1a: Toxapex|Baneful Bunker|p1a: Toxapex\n|-singleturn|p1a: Toxapex|move: Protect\n|move|p2b: Flamigo|Brave Bird|p1b: Walking Wake\n|-activate|p1b: Walking Wake|move: Protect\n|move|p2a: Blissey|Seismic Toss|p1a: Toxapex\n|-activate|p1a: Toxapex|move: Protect\n|-status|p2a: Blissey|psn\n|\n|-heal|p1a: Toxapex|30\/100|[from] item: Leftovers\n|-damage|p2a: Blissey|84\/100 psn|[from] psn\n|upkeep\n|turn|8\n|\n|t:|1699913641\n|move|p1b: Walking Wake|Hydro Steam|p2a: Blissey\n|-damage|p2a: Blissey|69\/100 psn\n|move|p2b: Flamigo|Brave Bird|p1b: Walking Wake\n|-damage|p1b: Walking Wake|19\/100\n|-damage|p2b: Flamigo|70\/100|[from] Recoil\n|-damage|p2b: Flamigo|60\/100|[from] item: Life Orb\n|move|p2a: Blissey|Seismic Toss|p1a: Toxapex\n|-damage|p1a: Toxapex|0 fnt\n|faint|p1a: Toxapex\n|\n|-damage|p2a: Blissey|57\/100 psn|[from] psn\n|upkeep\n|inactive|Y0SHM4n has 120 seconds left.\n|\n|t:|1699913665\n|switch|p1a: Snorlax|Snorlax, F|100\/100\n|turn|9\n|\n|t:|1699913680\n|move|p1b: Walking Wake|Flip Turn|p2a: Blissey\n|-damage|p2a: Blissey|24\/100 psn\n|-damage|p1b: Walking Wake|2\/100|[from] item: Rocky Helmet|[of] p2a: Blissey\n|\n|t:|1699913685\n|-end|p1b: Walking Wake|Protosynthesis|[silent]\n|switch|p1b: Glimmora|Glimmora, F|24\/100|[from] Flip Turn\n|move|p2b: Flamigo|Close Combat|p1a: Snorlax\n|-supereffective|p1a: Snorlax\n|-damage|p1a: Snorlax|0 fnt\n|-unboost|p2b: Flamigo|def|1\n|-unboost|p2b: Flamigo|spd|1\n|faint|p1a: Snorlax\n|-damage|p2b: Flamigo|51\/100|[from] item: Life Orb\n|move|p2a: Blissey|Seismic Toss|p1b: Glimmora\n|-damage|p1b: Glimmora|0 fnt\n|faint|p1b: Glimmora\n|\n|-damage|p2a: Blissey|12\/100 psn|[from] psn\n|upkeep\n|inactive|Y0SHM4n has 120 seconds left.\n|\n|t:|1699913704\n|switch|p1b: Kingambit|Kingambit, F|100\/100\n|switch|p1a: Walking Wake|Walking Wake|2\/100\n|-activate|p1b: Kingambit|ability: Supreme Overlord\n|-start|p1b: Kingambit|fallen4|[silent]\n|turn|10\n|\n|t:|1699913722\n|move|p1a: Walking Wake|Protect|p1a: Walking Wake\n|-singleturn|p1a: Walking Wake|Protect\n|move|p1b: Kingambit|Sucker Punch|p2b: Flamigo\n|-resisted|p2b: Flamigo\n|-damage|p2b: Flamigo|0 fnt\n|faint|p2b: Flamigo\n|move|p2a: Blissey|Icy Wind|p1b: Kingambit|[spread] p1b\n|-activate|p1a: Walking Wake|move: Protect\n|-resisted|p1b: Kingambit\n|-damage|p1b: Kingambit|94\/100\n|-unboost|p1b: Kingambit|spe|1\n|\n|-damage|p2a: Blissey|0 fnt|[from] psn\n|faint|p2a: Blissey\n|upkeep\n|\n|t:|1699913735\n|switch|p2b: Espeon|Espeon, M, shiny|100\/100\n|switch|p2a: Oricorio|Oricorio-Sensu, M, shiny|100\/100\n|-status|p2b: Espeon|tox\n|turn|11\n|inactive|Y0SHM4n has 120 seconds left.\n|inactive|aidan amoongus has 120 seconds left.\n|\n|t:|1699913774\n|-terastallize|p2b: Espeon|Fairy\n|-terastallize|p1b: Kingambit|Dark\n|move|p1a: Walking Wake|Hydro Steam|p2b: Espeon\n|-damage|p2b: Espeon|47\/100 tox\n|move|p2b: Espeon|Psychic|p1b: Kingambit\n|-immune|p1b: Kingambit\n|move|p2a: Oricorio|Trailblaze|p1a: Walking Wake\n|-damage|p1a: Walking Wake|0 fnt\n|-boost|p2a: Oricorio|spe|1\n|faint|p1a: Walking Wake\n|-end|p1a: Walking Wake|Protosynthesis|[silent]\n|move|p1b: Kingambit|Kowtow Cleave|p2a: Oricorio\n|-supereffective|p2a: Oricorio\n|-enditem|p2a: Oricorio|Focus Sash\n|-damage|p2a: Oricorio|1\/100\n|\n|-damage|p2b: Espeon|41\/100 tox|[from] psn\n|upkeep\n|turn|12\n|inactive|Y0SHM4n has 120 seconds left.\n|inactive|aidan amoongus has 120 seconds left.\n|\n|t:|1699913813\n|move|p2a: Oricorio|Trailblaze|p1b: Kingambit\n|-damage|p1b: Kingambit|87\/100\n|-boost|p2a: Oricorio|spe|1\n|move|p2b: Espeon|Hyper Voice|p1b: Kingambit\n|-damage|p1b: Kingambit|50\/100\n|move|p1b: Kingambit|Substitute|p1b: Kingambit\n|-start|p1b: Kingambit|Substitute\n|-damage|p1b: Kingambit|25\/100\n|\n|-damage|p2b: Espeon|30\/100 tox|[from] psn\n|upkeep\n|turn|13\n|inactive|aidan amoongus has 120 seconds left.\n|\n|t:|1699913831\n|move|p2a: Oricorio|Trailblaze|p1b: Kingambit\n|-activate|p1b: Kingambit|move: Substitute|[damage]\n|-boost|p2a: Oricorio|spe|1\n|move|p2b: Espeon|Hyper Voice|p1b: Kingambit\n|-damage|p1b: Kingambit|0 fnt\n|faint|p1b: Kingambit\n|-end|p1b: Kingambit|fallen4|[silent]\n|\n|win|aidan amoongus\n|raw|Y0SHM4n's rating: 1000 &rarr; <strong>1000<\/strong><br \/>(+0 for losing)\n|raw|aidan amoongus's rating: 1048 &rarr; <strong>1076<\/strong><br \/>(+28 for winning)\n|l|\u2606Y0SHM4n\n|c|\u2606aidan amoongus|Want to share teams?\n|c|\u2606aidan amoongus|aw\n|c|\u2606aidan amoongus|:(\n","uploadtime":1699913855,"views":19,"p1id":"y0shm4n","p2id":"aidanamoongus","formatid":"gen9doublesou","rating":1000,"private":0,"password":""}