{"id":"gen9doublesou-1990445419","p1":"Amber-acid","p2":"jaquemix","format":"[Gen 9] Doubles OU","log":"|j|\u2606Amber-acid\n|j|\u2606jaquemix\n|t:|1699971675\n|gametype|doubles\n|player|p1|Amber-acid|101|1222\n|player|p2|jaquemix|102|1210\n|teamsize|p1|6\n|teamsize|p2|6\n|gen|9\n|tier|[Gen 9] Doubles OU\n|rated|\n|rule|Species Clause: Limit one of each Pok\u00e9mon\n|rule|OHKO Clause: OHKO moves are banned\n|rule|Evasion Moves Clause: Evasion moves are banned\n|rule|Gravity Sleep Clause: The combination of sleep-inducing moves with imperfect accuracy and Gravity or Gigantamax Orbeetle are banned\n|rule|Endless Battle Clause: Forcing endless battles is banned\n|rule|HP Percentage Mod: HP is shown in percentages\n|clearpoke\n|poke|p1|Amoonguss, M|\n|poke|p1|Cresselia, F|\n|poke|p1|Torkoal, M|\n|poke|p1|Iron Hands|\n|poke|p1|Indeedee-F, F|\n|poke|p1|Flutter Mane|\n|poke|p2|Kingambit, M|\n|poke|p2|Gliscor, M|\n|poke|p2|Ninetales-Alola, F|\n|poke|p2|Goodra-Hisui, F|\n|poke|p2|Infernape, F|\n|poke|p2|Milotic, F|\n|teampreview\n|inactive|Battle timer is ON: inactive players will automatically lose when time's up. (requested by jaquemix)\n|inactive|Amber-acid also wants the timer to be on.\n|\n|t:|1699971685\n|start\n|switch|p1a: Cresselia|Cresselia, F|100\/100\n|switch|p1b: Indeedee|Indeedee-F, F|100\/100\n|switch|p2a: Kingambit|Kingambit, M|100\/100\n|switch|p2b: Ninetales|Ninetales-Alola, F, shiny|100\/100\n|-weather|Snow|[from] ability: Snow Warning|[of] p2b: Ninetales\n|-fieldstart|move: Psychic Terrain|[from] ability: Psychic Surge|[of] p1b: Indeedee\n|turn|1\n|\n|t:|1699971700\n|move|p1b: Indeedee|Follow Me|p1b: Indeedee\n|-singleturn|p1b: Indeedee|move: Follow Me\n|move|p2b: Ninetales|Aurora Veil|p2b: Ninetales\n|-sidestart|p2: jaquemix|move: Aurora Veil\n|move|p2a: Kingambit|Swords Dance|p2a: Kingambit\n|-boost|p2a: Kingambit|atk|2\n|move|p1a: Cresselia|Trick Room|p1a: Cresselia\n|-fieldstart|move: Trick Room|[of] p1a: Cresselia\n|\n|-weather|Snow|[upkeep]\n|upkeep\n|turn|2\n|inactive|jaquemix has 120 seconds left.\n|\n|t:|1699971744\n|move|p1a: Cresselia|Helping Hand|p1b: Indeedee\n|-singleturn|p1b: Indeedee|Helping Hand|[of] p1a: Cresselia\n|move|p2a: Kingambit|Kowtow Cleave|p1a: Cresselia\n|-supereffective|p1a: Cresselia\n|-damage|p1a: Cresselia|0 fnt\n|faint|p1a: Cresselia\n|move|p1b: Indeedee|Dazzling Gleam|p2a: Kingambit|[spread] p2a,p2b\n|-damage|p2a: Kingambit|88\/100\n|-damage|p2b: Ninetales|84\/100\n|move|p2b: Ninetales|Moonblast|p1b: Indeedee\n|-damage|p1b: Indeedee|69\/100\n|-enditem|p1b: Indeedee|Eject Button\n|inactive|Amber-acid has 120 seconds left.\n|\n|t:|1699971756\n|switch|p1b: Torkoal|Torkoal, M|100\/100\n|-weather|SunnyDay|[from] ability: Drought|[of] p1b: Torkoal\n|\n|-weather|SunnyDay|[upkeep]\n|-heal|p2a: Kingambit|94\/100|[from] item: Leftovers\n|upkeep\n|inactive|Amber-acid has 120 seconds left.\n|\n|t:|1699971762\n|switch|p1a: Amoonguss|Amoonguss, M|100\/100\n|turn|3\n|\n|t:|1699971785\n|-terastallize|p2a: Kingambit|Flying\n|move|p1a: Amoonguss|Rage Powder|p1a: Amoonguss\n|-singleturn|p1a: Amoonguss|move: Rage Powder\n|move|p2a: Kingambit|Sucker Punch||[still]\n|-fail|p2a: Kingambit\n|move|p1b: Torkoal|Eruption|p2b: Ninetales|[spread] p2a,p2b\n|-supereffective|p2b: Ninetales\n|-damage|p2a: Kingambit|19\/100\n|-damage|p2b: Ninetales|0 fnt\n|faint|p2b: Ninetales\n|\n|-weather|SunnyDay|[upkeep]\n|-heal|p2a: Kingambit|25\/100|[from] item: Leftovers\n|upkeep\n|inactive|jaquemix has 120 seconds left.\n|\n|t:|1699971802\n|switch|p2b: Gliscor|Gliscor, M, shiny|100\/100\n|turn|4\n|\n|t:|1699971813\n|-terastallize|p1b: Torkoal|Fire\n|move|p1a: Amoonguss|Rage Powder|p1a: Amoonguss\n|-singleturn|p1a: Amoonguss|move: Rage Powder\n|move|p1b: Torkoal|Eruption|p2b: Gliscor|[spread] p2a,p2b\n|-damage|p2a: Kingambit|0 fnt\n|-damage|p2b: Gliscor|0 fnt\n|faint|p2a: Kingambit\n|faint|p2b: Gliscor\n|\n|-weather|SunnyDay|[upkeep]\n|upkeep\n|\n|t:|1699971822\n|switch|p2a: Goodra|Goodra-Hisui, F, shiny|100\/100\n|switch|p2b: Milotic|Milotic, F, shiny|100\/100\n|turn|5\n|\n|t:|1699971833\n|move|p1a: Amoonguss|Rage Powder|p1a: Amoonguss\n|-singleturn|p1a: Amoonguss|move: Rage Powder\n|move|p1b: Torkoal|Eruption|p2a: Goodra|[spread] p2a,p2b\n|-resisted|p2b: Milotic\n|-damage|p2a: Goodra|50\/100\n|-damage|p2b: Milotic|64\/100\n|move|p2a: Goodra|Ice Beam|p1a: Amoonguss\n|-supereffective|p1a: Amoonguss\n|-damage|p1a: Amoonguss|65\/100\n|move|p2b: Milotic|Scald|p1a: Amoonguss\n|-resisted|p1a: Amoonguss\n|-damage|p1a: Amoonguss|59\/100\n|\n|-weather|SunnyDay|[upkeep]\n|-heal|p2a: Goodra|56\/100|[from] item: Leftovers\n|-fieldend|move: Trick Room\n|-fieldend|move: Psychic Terrain\n|-status|p2b: Milotic|brn|[from] item: Flame Orb\n|upkeep\n|turn|6\n|\n|t:|1699971855\n|move|p1a: Amoonguss|Rage Powder|p1a: Amoonguss\n|-singleturn|p1a: Amoonguss|move: Rage Powder\n|move|p2b: Milotic|Blizzard|p1a: Amoonguss|[spread] p1b\n|-miss|p2b: Milotic|p1a: Amoonguss\n|-resisted|p1b: Torkoal\n|-damage|p1b: Torkoal|89\/100\n|move|p2a: Goodra|Ice Beam|p1a: Amoonguss\n|-supereffective|p1a: Amoonguss\n|-damage|p1a: Amoonguss|20\/100\n|-enditem|p1a: Amoonguss|Sitrus Berry|[eat]\n|-heal|p1a: Amoonguss|45\/100|[from] item: Sitrus Berry\n|move|p1b: Torkoal|Eruption|p2a: Goodra|[spread] p2a,p2b\n|-resisted|p2b: Milotic\n|-damage|p2a: Goodra|11\/100\n|-damage|p2b: Milotic|33\/100 brn\n|\n|-weather|none\n|-heal|p2a: Goodra|17\/100|[from] item: Leftovers\n|-damage|p2b: Milotic|27\/100 brn|[from] brn\n|upkeep\n|turn|7\n|\n|t:|1699971877\n|switch|p1a: Indeedee|Indeedee-F, F|69\/100\n|-fieldstart|move: Psychic Terrain|[from] ability: Psychic Surge|[of] p1a: Indeedee\n|switch|p1b: Flutter Mane|Flutter Mane|100\/100\n|-enditem|p1b: Flutter Mane|Booster Energy\n|-activate|p1b: Flutter Mane|ability: Protosynthesis|[fromitem]\n|-start|p1b: Flutter Mane|protosynthesisspe\n|move|p2b: Milotic|Recover|p2b: Milotic\n|-heal|p2b: Milotic|77\/100 brn\n|move|p2a: Goodra|Ice Beam|p1a: Indeedee\n|-damage|p1a: Indeedee|49\/100\n|\n|-heal|p2a: Goodra|23\/100|[from] item: Leftovers\n|-damage|p2b: Milotic|71\/100 brn|[from] brn\n|upkeep\n|turn|8\n|inactive|Amber-acid has 120 seconds left.\n|\n|t:|1699971909\n|move|p1b: Flutter Mane|Shadow Ball|p2a: Goodra\n|-damage|p2a: Goodra|10\/100\n|move|p2b: Milotic|Scald|p1a: Indeedee\n|-damage|p1a: Indeedee|26\/100\n|move|p2a: Goodra|Heavy Slam|p1b: Flutter Mane\n|-supereffective|p1b: Flutter Mane\n|-damage|p1b: Flutter Mane|0 fnt\n|faint|p1b: Flutter Mane\n|-end|p1b: Flutter Mane|Protosynthesis|[silent]\n|move|p1a: Indeedee|Trick Room|p1a: Indeedee\n|-fieldstart|move: Trick Room|[of] p1a: Indeedee\n|\n|-heal|p2a: Goodra|16\/100|[from] item: Leftovers\n|-damage|p2b: Milotic|65\/100 brn|[from] brn\n|-sideend|p2: jaquemix|move: Aurora Veil\n|upkeep\n|inactive|Amber-acid has 120 seconds left.\n|\n|t:|1699971923\n|switch|p1b: Torkoal|Torkoal, M, tera:Fire|89\/100\n|-weather|SunnyDay|[from] ability: Drought|[of] p1b: Torkoal\n|turn|9\n|\n|t:|1699971940\n|move|p1a: Indeedee|Follow Me|p1a: Indeedee\n|-singleturn|p1a: Indeedee|move: Follow Me\n|move|p1b: Torkoal|Eruption|p2b: Milotic|[spread] p2a,p2b\n|-resisted|p2b: Milotic\n|-damage|p2a: Goodra|0 fnt\n|-damage|p2b: Milotic|22\/100 brn\n|faint|p2a: Goodra\n|move|p2b: Milotic|Scald|p1a: Indeedee\n|-damage|p1a: Indeedee|14\/100\n|\n|-weather|SunnyDay|[upkeep]\n|-damage|p2b: Milotic|15\/100 brn|[from] brn\n|upkeep\n|\n|t:|1699971953\n|switch|p2a: Infernape|Infernape, F, shiny|100\/100\n|turn|10\n|\n|t:|1699971965\n|move|p1a: Indeedee|Follow Me|p1a: Indeedee\n|-singleturn|p1a: Indeedee|move: Follow Me\n|move|p2a: Infernape|Mach Punch|p1a: Indeedee\n|-activate|p1a: Indeedee|move: Psychic Terrain\n|move|p1b: Torkoal|Eruption|p2a: Infernape|[spread] p2a,p2b\n|-resisted|p2a: Infernape\n|-resisted|p2b: Milotic\n|-damage|p2a: Infernape|7\/100\n|-damage|p2b: Milotic|0 fnt\n|faint|p2b: Milotic\n|\n|-weather|SunnyDay|[upkeep]\n|upkeep\n|turn|11\n|-message|jaquemix forfeited.\n|\n|win|Amber-acid\n|raw|Amber-acid's rating: 1222 &rarr; <strong>1246<\/strong><br \/>(+24 for winning)\n|raw|jaquemix's rating: 1210 &rarr; <strong>1186<\/strong><br \/>(-24 for losing)\n|l|\u2606jaquemix\n","uploadtime":1699971977,"views":12,"p1id":"amberacid","p2id":"jaquemix","formatid":"gen9doublesou","rating":1186,"private":0,"password":""}