{"id":"gen9doublesou-1977996444","p1":"Gen1victoryroad","p2":"PumpK Stump.","format":"[Gen 9] Doubles OU","log":"|j|\u2606Gen1victoryroad\n|j|\u2606PumpK Stump.\n|t:|1698480997\n|gametype|doubles\n|player|p1|Gen1victoryroad|170|1178\n|player|p2|PumpK Stump.|grimsley|1147\n|teamsize|p1|6\n|teamsize|p2|6\n|gen|9\n|tier|[Gen 9] Doubles OU\n|rated|\n|rule|Species Clause: Limit one of each Pok\u00e9mon\n|rule|OHKO Clause: OHKO moves are banned\n|rule|Evasion Moves Clause: Evasion moves are banned\n|rule|Gravity Sleep Clause: The combination of sleep-inducing moves with imperfect accuracy and Gravity or Gigantamax Orbeetle are banned\n|rule|Endless Battle Clause: Forcing endless battles is banned\n|rule|HP Percentage Mod: HP is shown in percentages\n|clearpoke\n|poke|p1|Baxcalibur, M|\n|poke|p1|Torkoal, F|\n|poke|p1|Walking Wake|\n|poke|p1|Gholdengo|\n|poke|p1|Amoonguss, M|\n|poke|p1|Rillaboom, M|\n|poke|p2|Regidrago|\n|poke|p2|Indeedee-F, F|\n|poke|p2|Oranguru, M|\n|poke|p2|Ogerpon-Wellspring, F|\n|poke|p2|Kingambit, M|\n|poke|p2|Crawdaunt, M|\n|teampreview\n|\n|t:|1698481027\n|start\n|switch|p1a: Amoonguss|Amoonguss, M|100\/100\n|switch|p1b: Torkoal|Torkoal, F|100\/100\n|switch|p2a: Canadian.|Indeedee-F, F, shiny|100\/100\n|switch|p2b: MonkeTherapy|Oranguru, M, shiny|100\/100\n|-fieldstart|move: Psychic Terrain|[from] ability: Psychic Surge|[of] p2a: Canadian.\n|-weather|SunnyDay|[from] ability: Drought|[of] p1b: Torkoal\n|turn|1\n|\n|t:|1698481048\n|switch|p2a: Him.|Regidrago|100\/100\n|move|p1a: Amoonguss|Spore|p2b: MonkeTherapy\n|-status|p2b: MonkeTherapy|slp|[from] move: Spore\n|move|p1b: Torkoal|Yawn|p2a: Him.\n|-start|p2a: Him.|move: Yawn|[of] p1b: Torkoal\n|cant|p2b: MonkeTherapy|slp\n|\n|-weather|SunnyDay|[upkeep]\n|upkeep\n|turn|2\n|c|\u2606PumpK Stump.|Eh one must imagine sysyphus happy\n|c|\u2606PumpK Stump.|Cang even be original no more\n|\n|t:|1698481085\n|switch|p1a: Gholdengo|Gholdengo|100\/100\n|switch|p1b: Rillaboom|Rillaboom, M|100\/100\n|-fieldstart|move: Grassy Terrain|[from] ability: Grassy Surge|[of] p1b: Rillaboom\n|move|p2a: Him.|Dragon Energy|p1b: Rillaboom|[spread] p1a,p1b\n|-resisted|p1a: Gholdengo\n|-damage|p1a: Gholdengo|39\/100\n|-damage|p1b: Rillaboom|5\/100\n|-curestatus|p2b: MonkeTherapy|slp|[msg]\n|move|p2b: MonkeTherapy|Trick Room|p2b: MonkeTherapy\n|-fieldstart|move: Trick Room|[of] p2b: MonkeTherapy\n|\n|-weather|SunnyDay|[upkeep]\n|-heal|p1a: Gholdengo|45\/100|[from] Grassy Terrain\n|-heal|p1a: Gholdengo|51\/100|[from] item: Leftovers\n|-heal|p1b: Rillaboom|11\/100|[from] Grassy Terrain\n|-end|p2a: Him.|move: Yawn|[silent]\n|-status|p2a: Him.|slp\n|upkeep\n|turn|3\n|\n|t:|1698481128\n|switch|p2a: Mf inAnOfficeChair|Kingambit, M, shiny|100\/100\n|move|p2b: MonkeTherapy|Protect|p2b: MonkeTherapy\n|-singleturn|p2b: MonkeTherapy|Protect\n|move|p1b: Rillaboom|Fake Out|p2b: MonkeTherapy\n|-activate|p2b: MonkeTherapy|move: Protect\n|move|p1a: Gholdengo|Shadow Ball|p2a: Mf inAnOfficeChair\n|-resisted|p2a: Mf inAnOfficeChair\n|-damage|p2a: Mf inAnOfficeChair|77\/100\n|\n|-weather|SunnyDay|[upkeep]\n|-heal|p2a: Mf inAnOfficeChair|83\/100|[from] Grassy Terrain\n|-heal|p1a: Gholdengo|57\/100|[from] Grassy Terrain\n|-heal|p1a: Gholdengo|63\/100|[from] item: Leftovers\n|-heal|p1b: Rillaboom|17\/100|[from] Grassy Terrain\n|upkeep\n|turn|4\n|\n|t:|1698481149\n|switch|p1a: Torkoal|Torkoal, F|100\/100\n|move|p2a: Mf inAnOfficeChair|Kowtow Cleave|p1b: Rillaboom\n|-damage|p1b: Rillaboom|0 fnt\n|faint|p1b: Rillaboom\n|move|p2b: MonkeTherapy|Instruct|p2a: Mf inAnOfficeChair\n|-singleturn|p2a: Mf inAnOfficeChair|move: Instruct|[of] p2b: MonkeTherapy\n|move|p2a: Mf inAnOfficeChair|Kowtow Cleave|p1a: Torkoal\n|-damage|p1a: Torkoal|61\/100\n|\n|-weather|SunnyDay|[upkeep]\n|-heal|p1a: Torkoal|67\/100|[from] Grassy Terrain\n|-heal|p2a: Mf inAnOfficeChair|89\/100|[from] Grassy Terrain\n|upkeep\n|\n|t:|1698481160\n|switch|p1b: Amoonguss|Amoonguss, M|100\/100\n|turn|5\n|\n|t:|1698481180\n|-end|p2a: Mf inAnOfficeChair|fallenundefined|[silent]\n|switch|p2a: Lil Gremlin|Ogerpon-Wellspring, F|100\/100\n|move|p1b: Amoonguss|Protect|p1b: Amoonguss\n|-singleturn|p1b: Amoonguss|Protect\n|move|p2b: MonkeTherapy|Protect|p2b: MonkeTherapy\n|-singleturn|p2b: MonkeTherapy|Protect\n|move|p1a: Torkoal|Lava Plume|p2a: Lil Gremlin|[spread] p2a\n|-activate|p1b: Amoonguss|move: Protect\n|-activate|p2b: MonkeTherapy|move: Protect\n|-damage|p2a: Lil Gremlin|82\/100\n|\n|-weather|SunnyDay|[upkeep]\n|-heal|p1a: Torkoal|73\/100|[from] Grassy Terrain\n|-heal|p2a: Lil Gremlin|88\/100|[from] Grassy Terrain\n|upkeep\n|turn|6\n|\n|t:|1698481226\n|move|p1a: Torkoal|Yawn|p2a: Lil Gremlin\n|-start|p2a: Lil Gremlin|move: Yawn|[of] p1a: Torkoal\n|move|p1b: Amoonguss|Spore|p2b: MonkeTherapy\n|-status|p2b: MonkeTherapy|slp|[from] move: Spore\n|cant|p2b: MonkeTherapy|slp\n|move|p2a: Lil Gremlin|Ivy Cudgel|p1a: Torkoal\n|-supereffective|p1a: Torkoal\n|-crit|p1a: Torkoal\n|-damage|p1a: Torkoal|33\/100\n|\n|-weather|SunnyDay|[upkeep]\n|-heal|p1a: Torkoal|39\/100|[from] Grassy Terrain\n|-heal|p2a: Lil Gremlin|94\/100|[from] Grassy Terrain\n|-fieldend|move: Trick Room\n|-fieldend|move: Grassy Terrain\n|upkeep\n|turn|7\n|c|\u2606PumpK Stump.|When will you get tired of ur bs team bru\n|\n|t:|1698481273\n|switch|p2a: Him.|Regidrago|100\/100 slp\n|switch|p1b: Walking Wake|Walking Wake|100\/100\n|-activate|p1b: Walking Wake|ability: Protosynthesis\n|-start|p1b: Walking Wake|protosynthesisspe\n|move|p1a: Torkoal|Protect|p1a: Torkoal\n|-singleturn|p1a: Torkoal|Protect\n|-curestatus|p2b: MonkeTherapy|slp|[msg]\n|move|p2b: MonkeTherapy|Trick Room|p2b: MonkeTherapy\n|-fieldstart|move: Trick Room|[of] p2b: MonkeTherapy\n|\n|-weather|SunnyDay|[upkeep]\n|upkeep\n|turn|8\n|\n|t:|1698481295\n|-terastallize|p2a: Him.|Poison\n|move|p1a: Torkoal|Yawn|p2b: MonkeTherapy\n|-start|p2b: MonkeTherapy|move: Yawn|[of] p1a: Torkoal\n|move|p2b: MonkeTherapy|Instruct||[still]\n|-fail|p2b: MonkeTherapy\n|cant|p2a: Him.|slp\n|move|p1b: Walking Wake|Dragon Pulse|p2a: Him.\n|-damage|p2a: Him.|38\/100 slp\n|\n|-weather|none\n|-end|p1b: Walking Wake|Protosynthesis\n|upkeep\n|turn|9\n|\n|t:|1698481320\n|switch|p1a: Amoonguss|Amoonguss, M|100\/100\n|switch|p2b: Mf inAnOfficeChair|Kingambit, M, shiny|89\/100\n|-terastallize|p1b: Walking Wake|Fairy\n|cant|p2a: Him.|slp\n|move|p1b: Walking Wake|Dragon Pulse|p2a: Him.\n|-damage|p2a: Him.|0 fnt\n|faint|p2a: Him.\n|\n|upkeep\n|\n|t:|1698481352\n|switch|p2a: MonkeTherapy|Oranguru, M, shiny|100\/100\n|turn|10\n|c|\u2606PumpK Stump.|God ur team is so annoying\n|\n|t:|1698481371\n|-end|p1b: Walking Wake|Protosynthesis|[silent]\n|switch|p1b: Torkoal|Torkoal, F|39\/100\n|-weather|SunnyDay|[from] ability: Drought|[of] p1b: Torkoal\n|move|p2b: Mf inAnOfficeChair|Zen Headbutt|p1a: Amoonguss|[miss]\n|-miss|p2b: Mf inAnOfficeChair|p1a: Amoonguss\n|move|p1a: Amoonguss|Spore|p2b: Mf inAnOfficeChair\n|-status|p2b: Mf inAnOfficeChair|slp|[from] move: Spore\n|move|p2a: MonkeTherapy|Instruct|p2b: Mf inAnOfficeChair\n|-singleturn|p2b: Mf inAnOfficeChair|move: Instruct|[of] p2a: MonkeTherapy\n|cant|p2b: Mf inAnOfficeChair|slp\n|\n|-weather|SunnyDay|[upkeep]\n|upkeep\n|turn|11\n|c|\u2606PumpK Stump.|Eh\n|c|\u2606PumpK Stump.|I hape you end up being a better person man\n|l|\u2606Gen1victoryroad\n|player|p1|\n|\n|t:|1698481442\n|move|p1b: Torkoal|Lava Plume|p2a: MonkeTherapy|[spread] p1a,p2a,p2b\n|-supereffective|p1a: Amoonguss\n|-supereffective|p2b: Mf inAnOfficeChair\n|-damage|p1a: Amoonguss|64\/100\n|-damage|p2a: MonkeTherapy|85\/100\n|-damage|p2b: Mf inAnOfficeChair|40\/100 slp\n|-status|p1a: Amoonguss|brn\n|-status|p2a: MonkeTherapy|brn\n|cant|p2b: Mf inAnOfficeChair|slp\n|move|p1a: Amoonguss|Spore||[still]\n|-fail|p1a: Amoonguss\n|move|p2a: MonkeTherapy|Encore|p1a: Amoonguss\n|-start|p1a: Amoonguss|Encore\n|\n|-weather|SunnyDay|[upkeep]\n|-damage|p1a: Amoonguss|58\/100 brn|[from] brn\n|-damage|p2a: MonkeTherapy|79\/100 brn|[from] brn\n|-fieldend|move: Trick Room\n|upkeep\n|turn|12\n|j|\u2606Gen1victoryroad\n|player|p1|Gen1victoryroad|170\n|\n|t:|1698481478\n|switch|p1a: Walking Wake|Walking Wake, tera:Fairy|100\/100\n|-activate|p1a: Walking Wake|ability: Protosynthesis\n|-start|p1a: Walking Wake|protosynthesisspe\n|-curestatus|p2b: Mf inAnOfficeChair|slp|[msg]\n|move|p2b: Mf inAnOfficeChair|Zen Headbutt|p1a: Walking Wake\n|-damage|p1a: Walking Wake|51\/100\n|move|p1b: Torkoal|Lava Plume|p2b: Mf inAnOfficeChair|[spread] p1a,p2a,p2b\n|-supereffective|p2b: Mf inAnOfficeChair\n|-damage|p1a: Walking Wake|22\/100\n|-damage|p2a: MonkeTherapy|63\/100 brn\n|-damage|p2b: Mf inAnOfficeChair|0 fnt\n|faint|p2b: Mf inAnOfficeChair\n|-end|p2b: Mf inAnOfficeChair|fallenundefined|[silent]\n|move|p2a: MonkeTherapy|Trick Room|p2a: MonkeTherapy\n|-fieldstart|move: Trick Room|[of] p2a: MonkeTherapy\n|\n|-weather|SunnyDay|[upkeep]\n|-damage|p2a: MonkeTherapy|57\/100 brn|[from] brn\n|upkeep\n|\n|t:|1698481488\n|switch|p2b: StarOfTheShow|Crawdaunt, M|100\/100\n|turn|13\n|\n|t:|1698481510\n|-end|p1a: Walking Wake|Protosynthesis|[silent]\n|switch|p1a: Gholdengo|Gholdengo|63\/100\n|move|p1b: Torkoal|Yawn|p2b: StarOfTheShow\n|-start|p2b: StarOfTheShow|move: Yawn|[of] p1b: Torkoal\n|move|p2b: StarOfTheShow|Crabhammer|p1a: Gholdengo\n|-damage|p1a: Gholdengo|13\/100\n|move|p2a: MonkeTherapy|Instruct|p2b: StarOfTheShow\n|-singleturn|p2b: StarOfTheShow|move: Instruct|[of] p2a: MonkeTherapy\n|move|p2b: StarOfTheShow|Crabhammer|p1a: Gholdengo\n|-damage|p1a: Gholdengo|0 fnt\n|faint|p1a: Gholdengo\n|\n|-weather|SunnyDay|[upkeep]\n|-damage|p2a: MonkeTherapy|51\/100 brn|[from] brn\n|upkeep\n|\n|t:|1698481524\n|switch|p1a: Amoonguss|Amoonguss, M|91\/100 brn\n|turn|14\n|\n|t:|1698481543\n|switch|p2b: Lil Gremlin|Ogerpon-Wellspring, F|94\/100\n|move|p1b: Torkoal|Protect|p1b: Torkoal\n|-singleturn|p1b: Torkoal|Protect\n|move|p1a: Amoonguss|Protect|p1a: Amoonguss\n|-singleturn|p1a: Amoonguss|Protect\n|move|p2a: MonkeTherapy|Trick Room|p2a: MonkeTherapy\n|-fieldend|move: Trick Room\n|\n|-weather|SunnyDay|[upkeep]\n|-damage|p2a: MonkeTherapy|45\/100 brn|[from] brn\n|-damage|p1a: Amoonguss|85\/100 brn|[from] brn\n|upkeep\n|turn|15\n|\n|t:|1698481585\n|switch|p2b: StarOfTheShow|Crawdaunt, M|100\/100\n|move|p2a: MonkeTherapy|Protect|p2a: MonkeTherapy\n|-singleturn|p2a: MonkeTherapy|Protect\n|move|p1a: Amoonguss|Rage Powder|p1a: Amoonguss\n|-singleturn|p1a: Amoonguss|move: Rage Powder\n|move|p1b: Torkoal|Yawn|p2b: StarOfTheShow\n|-start|p2b: StarOfTheShow|move: Yawn|[of] p1b: Torkoal\n|\n|-weather|SunnyDay|[upkeep]\n|-damage|p2a: MonkeTherapy|38\/100 brn|[from] brn\n|-damage|p1a: Amoonguss|79\/100 brn|[from] brn\n|upkeep\n|turn|16\n|c|\u2606PumpK Stump.|God you are suck a piece of shi\n|\n|t:|1698481617\n|move|p1a: Amoonguss|Rage Powder|p1a: Amoonguss\n|-singleturn|p1a: Amoonguss|move: Rage Powder\n|move|p2a: MonkeTherapy|Instruct|p1a: Amoonguss\n|-singleturn|p1a: Amoonguss|move: Instruct|[of] p2a: MonkeTherapy\n|move|p1a: Amoonguss|Rage Powder||[still]\n|-fail|p1a: Amoonguss\n|move|p2b: StarOfTheShow|Knock Off|p1a: Amoonguss\n|-damage|p1a: Amoonguss|0 fnt\n|-enditem|p1a: Amoonguss|Wiki Berry|[from] move: Knock Off|[of] p2b: StarOfTheShow\n|faint|p1a: Amoonguss\n|move|p1b: Torkoal|Lava Plume|p2a: MonkeTherapy|[spread] p2a,p2b\n|-resisted|p2b: StarOfTheShow\n|-damage|p2a: MonkeTherapy|22\/100 brn\n|-damage|p2b: StarOfTheShow|77\/100\n|-enditem|p2a: MonkeTherapy|Aguav Berry|[eat]\n|-heal|p2a: MonkeTherapy|55\/100 brn|[from] item: Aguav Berry\n|\n|-weather|SunnyDay|[upkeep]\n|-damage|p2a: MonkeTherapy|49\/100 brn|[from] brn\n|-end|p2b: StarOfTheShow|move: Yawn|[silent]\n|-status|p2b: StarOfTheShow|slp\n|upkeep\n|\n|t:|1698481635\n|switch|p1a: Walking Wake|Walking Wake, tera:Fairy|22\/100\n|-activate|p1a: Walking Wake|ability: Protosynthesis\n|-start|p1a: Walking Wake|protosynthesisspe\n|turn|17\n|\n|t:|1698481665\n|switch|p2a: Canadian.|Indeedee-F, F, shiny|100\/100\n|-fieldstart|move: Psychic Terrain|[from] ability: Psychic Surge|[of] p2a: Canadian.\n|switch|p2b: Lil Gremlin|Ogerpon-Wellspring, F|94\/100\n|switch|p1b: Baxcalibur|Baxcalibur, M|100\/100\n|move|p1a: Walking Wake|Tera Blast|p2b: Lil Gremlin|[anim] Tera Blast Fairy\n|-damage|p2b: Lil Gremlin|50\/100\n|\n|-weather|none\n|-end|p1a: Walking Wake|Protosynthesis\n|upkeep\n|turn|18\n|\n|t:|1698481688\n|switch|p1b: Torkoal|Torkoal, F|39\/100\n|-weather|SunnyDay|[from] ability: Drought|[of] p1b: Torkoal\n|-activate|p1a: Walking Wake|ability: Protosynthesis\n|-start|p1a: Walking Wake|protosynthesisspe\n|switch|p2a: StarOfTheShow|Crawdaunt, M|77\/100 slp\n|move|p2b: Lil Gremlin|Follow Me|p2b: Lil Gremlin\n|-singleturn|p2b: Lil Gremlin|move: Follow Me\n|move|p1a: Walking Wake|Tera Blast|p2b: Lil Gremlin|[anim] Tera Blast Fairy\n|-damage|p2b: Lil Gremlin|6\/100\n|\n|-weather|SunnyDay|[upkeep]\n|upkeep\n|turn|19\n|\n|t:|1698481705\n|switch|p1b: Baxcalibur|Baxcalibur, M|100\/100\n|move|p2b: Lil Gremlin|Follow Me|p2b: Lil Gremlin\n|-singleturn|p2b: Lil Gremlin|move: Follow Me\n|move|p1a: Walking Wake|Tera Blast|p2b: Lil Gremlin|[anim] Tera Blast Fairy\n|-damage|p2b: Lil Gremlin|0 fnt\n|faint|p2b: Lil Gremlin\n|cant|p2a: StarOfTheShow|slp\n|\n|-weather|SunnyDay|[upkeep]\n|upkeep\n|\n|t:|1698481717\n|switch|p2b: Canadian.|Indeedee-F, F, shiny|100\/100\n|turn|20\n|\n|t:|1698481731\n|move|p2b: Canadian.|Follow Me|p2b: Canadian.\n|-singleturn|p2b: Canadian.|move: Follow Me\n|move|p1a: Walking Wake|Tera Blast|p2b: Canadian.|[anim] Tera Blast Fairy\n|-damage|p2b: Canadian.|58\/100\n|move|p1b: Baxcalibur|Icicle Spear|p2b: Canadian.\n|-damage|p2b: Canadian.|39\/100\n|-damage|p2b: Canadian.|19\/100\n|-enditem|p2b: Canadian.|Aguav Berry|[eat]\n|-heal|p2b: Canadian.|52\/100|[from] item: Aguav Berry\n|-damage|p2b: Canadian.|33\/100\n|-damage|p2b: Canadian.|13\/100\n|-hitcount|p2b: Canadian.|4\n|cant|p2a: StarOfTheShow|slp\n|\n|-weather|SunnyDay|[upkeep]\n|upkeep\n|turn|21\n|\n|t:|1698481758\n|move|p2b: Canadian.|Follow Me|p2b: Canadian.\n|-singleturn|p2b: Canadian.|move: Follow Me\n|move|p1a: Walking Wake|Tera Blast|p2b: Canadian.|[anim] Tera Blast Fairy\n|-damage|p2b: Canadian.|0 fnt\n|faint|p2b: Canadian.\n|move|p1b: Baxcalibur|Glaive Rush|p2a: StarOfTheShow\n|-damage|p2a: StarOfTheShow|0 fnt\n|-singlemove|p1b: Baxcalibur|Glaive Rush|[silent]\n|faint|p2a: StarOfTheShow\n|\n|-weather|SunnyDay|[upkeep]\n|-fieldend|move: Psychic Terrain\n|upkeep\n|c|\u2606PumpK Stump.|There was only so much i could do\n|c|\u2606PumpK Stump.|Thats ggs a guess for whatever thats worth\n|-message|PumpK Stump. forfeited.\n|\n|win|Gen1victoryroad\n|raw|Gen1victoryroad's rating: 1178 &rarr; <strong>1201<\/strong><br \/>(+23 for winning)\n|raw|PumpK Stump.'s rating: 1147 &rarr; <strong>1124<\/strong><br \/>(-23 for losing)\n|l|\u2606Gen1victoryroad\n|j|\u2606Gen1victoryroad\n|player|p1|Gen1victoryroad|170\n","uploadtime":1698481605,"views":27,"p1id":"gen1victoryroad","p2id":"pumpkstump","formatid":"gen9doublesou","rating":1124,"private":0,"password":""}