{"id":"gen9doublesou-1970774688","p1":"idkmypasword","p2":"nobodyhatesthis","format":"[Gen 9] Doubles OU","log":"|j|\u2606idkmypasword\n|j|\u2606nobodyhatesthis\n|t:|1697665910\n|gametype|doubles\n|player|p1|idkmypasword|swimmer-gen4|1121\n|player|p2|nobodyhatesthis|102|1106\n|teamsize|p1|6\n|teamsize|p2|6\n|gen|9\n|tier|[Gen 9] Doubles OU\n|rated|\n|rule|Species Clause: Limit one of each Pok\u00e9mon\n|rule|OHKO Clause: OHKO moves are banned\n|rule|Evasion Moves Clause: Evasion moves are banned\n|rule|Gravity Sleep Clause: The combination of sleep-inducing moves with imperfect accuracy and Gravity or Gigantamax Orbeetle are banned\n|rule|Endless Battle Clause: Forcing endless battles is banned\n|rule|HP Percentage Mod: HP is shown in percentages\n|clearpoke\n|poke|p1|Wugtrio, F|\n|poke|p1|Palossand, F|\n|poke|p1|Bellibolt, M|\n|poke|p1|Mimikyu, F|\n|poke|p1|Houndstone, F|\n|poke|p1|Tyranitar, M|\n|poke|p2|Ogerpon-Cornerstone, F|\n|poke|p2|Clefable, F|\n|poke|p2|Farigiraf, F|\n|poke|p2|Tornadus, M|\n|poke|p2|Sinistcha|\n|poke|p2|Flutter Mane|\n|teampreview\n|\n|t:|1697665942\n|start\n|switch|p1a: Wugtrio|Wugtrio, F|100\/100\n|switch|p1b: Palossand|Palossand, F|100\/100\n|switch|p2a: Ogerpon|Ogerpon-Cornerstone, F|100\/100\n|switch|p2b: Clefable|Clefable, F|100\/100\n|turn|1\n|c|\u2606idkmypasword|Yoo ogerpon stone\n|c|\u2606idkmypasword|I respect\n|\n|t:|1697665969\n|move|p2b: Clefable|Follow Me|p2b: Clefable\n|-singleturn|p2b: Clefable|move: Follow Me\n|move|p1a: Wugtrio|Triple Dive|p2b: Clefable\n|-damage|p2b: Clefable|91\/100\n|-damage|p2b: Clefable|80\/100\n|-damage|p2b: Clefable|70\/100\n|-hitcount|p2b: Clefable|3\n|move|p2a: Ogerpon|Focus Energy|p2a: Ogerpon\n|-start|p2a: Ogerpon|move: Focus Energy\n|move|p1b: Palossand|Amnesia|p1b: Palossand\n|-boost|p1b: Palossand|spd|2\n|\n|upkeep\n|turn|2\n|c|\u2606nobodyhatesthis|ye its an intresting set\n|\n|t:|1697666011\n|move|p2b: Clefable|Follow Me|p2b: Clefable\n|-singleturn|p2b: Clefable|move: Follow Me\n|move|p1a: Wugtrio|Aqua Jet|p2b: Clefable\n|-damage|p2b: Clefable|55\/100\n|move|p2a: Ogerpon|Swords Dance|p2a: Ogerpon\n|-boost|p2a: Ogerpon|atk|2\n|move|p1b: Palossand|Shadow Ball|p2b: Clefable\n|-damage|p2b: Clefable|33\/100\n|-unboost|p2b: Clefable|spd|1\n|\n|upkeep\n|turn|3\n|\n|t:|1697666030\n|move|p1a: Wugtrio|Triple Dive|p2b: Clefable\n|-damage|p2b: Clefable|23\/100\n|-damage|p2b: Clefable|13\/100\n|-damage|p2b: Clefable|2\/100\n|-hitcount|p2b: Clefable|3\n|move|p2a: Ogerpon|Trailblaze|p1a: Wugtrio\n|-supereffective|p1a: Wugtrio\n|-enditem|p1a: Wugtrio|Focus Sash\n|-damage|p1a: Wugtrio|1\/100\n|-boost|p2a: Ogerpon|spe|1\n|-ability|p1a: Wugtrio|Gooey\n|-unboost|p2a: Ogerpon|spe|1\n|move|p2b: Clefable|Moonlight|p2b: Clefable\n|-heal|p2b: Clefable|52\/100\n|move|p1b: Palossand|Shadow Ball|p2a: Ogerpon\n|-damage|p2a: Ogerpon|71\/100\n|\n|upkeep\n|turn|4\n|\n|t:|1697666060\n|move|p1a: Wugtrio|Endure|p1a: Wugtrio\n|-singleturn|p1a: Wugtrio|move: Endure\n|move|p2a: Ogerpon|Trailblaze|p1b: Palossand\n|-supereffective|p1b: Palossand\n|-crit|p1b: Palossand\n|-damage|p1b: Palossand|0 fnt\n|-boost|p2a: Ogerpon|spe|1\n|faint|p1b: Palossand\n|move|p2b: Clefable|Icy Wind|p1a: Wugtrio\n|-resisted|p1a: Wugtrio\n|-activate|p1a: Wugtrio|move: Endure\n|-damage|p1a: Wugtrio|1\/100\n|-unboost|p1a: Wugtrio|spe|1\n|\n|upkeep\n|c|\u2606nobodyhatesthis|ye ita a boost threat\n|\n|t:|1697666074\n|switch|p1b: Bellibolt|Bellibolt, M|100\/100\n|turn|5\n|\n|t:|1697666085\n|-terastallize|p2a: Ogerpon|Rock\n|detailschange|p2a: Ogerpon|Ogerpon-Cornerstone-Tera, F, tera:Rock\n|-ability|p2a: Ogerpon|Embody Aspect (Cornerstone)|boost\n|-boost|p2a: Ogerpon|def|1\n|move|p2a: Ogerpon|Ivy Cudgel|p1b: Bellibolt\n|-crit|p1b: Bellibolt\n|-damage|p1b: Bellibolt|0 fnt\n|faint|p1b: Bellibolt\n|move|p1a: Wugtrio|Triple Dive|p2b: Clefable\n|-damage|p2b: Clefable|41\/100\n|-damage|p2b: Clefable|29\/100\n|-damage|p2b: Clefable|18\/100\n|-hitcount|p2b: Clefable|3\n|move|p2b: Clefable|Icy Wind|p1a: Wugtrio\n|-resisted|p1a: Wugtrio\n|-damage|p1a: Wugtrio|0 fnt\n|faint|p1a: Wugtrio\n|\n|upkeep\n|\n|t:|1697666102\n|switch|p1a: Tyranitar|Tyranitar, M|100\/100\n|switch|p1b: Houndstone|Houndstone, F|100\/100\n|-weather|Sandstorm|[from] ability: Sand Stream|[of] p1a: Tyranitar\n|turn|6\n|c|\u2606nobodyhatesthis|this set is good ttar just gona boost it\n|\n|t:|1697666131\n|move|p2b: Clefable|Follow Me|p2b: Clefable\n|-singleturn|p2b: Clefable|move: Follow Me\n|move|p1b: Houndstone|Last Respects|p2b: Clefable\n|-crit|p2b: Clefable\n|-damage|p2b: Clefable|0 fnt\n|faint|p2b: Clefable\n|move|p2a: Ogerpon|Trailblaze|p1a: Tyranitar\n|-supereffective|p1a: Tyranitar\n|-crit|p1a: Tyranitar\n|-damage|p1a: Tyranitar|0 fnt\n|-boost|p2a: Ogerpon|spe|1\n|faint|p1a: Tyranitar\n|\n|-weather|Sandstorm|[upkeep]\n|upkeep\n|c|\u2606nobodyhatesthis|sand storm increase defense\n|\n|t:|1697666145\n|switch|p1a: Mimikyu|Mimikyu, F|100\/100\n|switch|p2b: Sinistcha|Sinistcha|100\/100\n|-heal|p2a: Ogerpon|96\/100|[from] ability: Hospitality|[of] p2b: Sinistcha\n|turn|7\n|\n|t:|1697666162\n|move|p1b: Houndstone|Last Respects|p2b: Sinistcha\n|-supereffective|p2b: Sinistcha\n|-damage|p2b: Sinistcha|0 fnt\n|faint|p2b: Sinistcha\n|move|p2a: Ogerpon|Ivy Cudgel|p1b: Houndstone\n|-crit|p1b: Houndstone\n|-damage|p1b: Houndstone|0 fnt\n|faint|p1b: Houndstone\n|move|p1a: Mimikyu|Hone Claws|p1a: Mimikyu\n|-boost|p1a: Mimikyu|atk|1\n|-boost|p1a: Mimikyu|accuracy|1\n|\n|-weather|Sandstorm|[upkeep]\n|-damage|p1a: Mimikyu|94\/100|[from] Sandstorm\n|upkeep\n|\n|t:|1697666173\n|switch|p2b: Farigiraf|Farigiraf, F|100\/100\n|turn|8\n|\n|t:|1697666185\n|-terastallize|p1a: Mimikyu|Ghost\n|move|p2a: Ogerpon|Trailblaze|p1a: Mimikyu\n|-activate|p1a: Mimikyu|ability: Disguise\n|-damage|p1a: Mimikyu|94\/100\n|-boost|p2a: Ogerpon|spe|1\n|detailschange|p1a: Mimikyu|Mimikyu-Busted, F, tera:Ghost\n|-damage|p1a: Mimikyu|82\/100|[from] pokemon: Mimikyu-Busted\n|move|p2b: Farigiraf|Skill Swap||[still]\n|-fail|p2b: Farigiraf\n|move|p1a: Mimikyu|Shadow Claw|p2a: Ogerpon\n|-damage|p2a: Ogerpon|43\/100\n|\n|-weather|Sandstorm|[upkeep]\n|-damage|p2b: Farigiraf|94\/100|[from] Sandstorm\n|-damage|p1a: Mimikyu|76\/100|[from] Sandstorm\n|upkeep\n|turn|9\n|c|\u2606idkmypasword|Yea i doubt i win\n|c|\u2606idkmypasword|But gg\n|c|\u2606nobodyhatesthis|btw its a 200 power atk off of a 678 atk stat and double that bc of guranted crit and it ignore stat changes bc of crit\n|\n|t:|1697666256\n|move|p2a: Ogerpon|Ivy Cudgel|p1a: Mimikyu\n|-crit|p1a: Mimikyu\n|-damage|p1a: Mimikyu|0 fnt\n|faint|p1a: Mimikyu\n|\n|win|nobodyhatesthis\n|raw|idkmypasword's rating: 1121 &rarr; <strong>1095<\/strong><br \/>(-26 for losing)\n|raw|nobodyhatesthis's rating: 1106 &rarr; <strong>1132<\/strong><br \/>(+26 for winning)\n|c|\u2606nobodyhatesthis|gg\n","uploadtime":1697666269,"views":17,"p1id":"idkmypasword","p2id":"nobodyhatesthis","formatid":"gen9doublesou","rating":1095,"private":0,"password":""}