{"id":"gen9doublesou-1999341432","p1":"Corny912","p2":"p0werb0ttoms0n","format":"[Gen 9] Doubles OU","log":"|j|\u2606Corny912\n|j|\u2606p0werb0ttoms0n\n|t:|1701063216\n|gametype|doubles\n|player|p1|Corny912|elesa|1064\n|player|p2|p0werb0ttoms0n|170|1070\n|teamsize|p1|6\n|teamsize|p2|6\n|gen|9\n|tier|[Gen 9] Doubles OU\n|rated|\n|rule|Species Clause: Limit one of each Pok\u00e9mon\n|rule|OHKO Clause: OHKO moves are banned\n|rule|Evasion Moves Clause: Evasion moves are banned\n|rule|Gravity Sleep Clause: The combination of sleep-inducing moves with imperfect accuracy and Gravity or Gigantamax Orbeetle are banned\n|rule|Endless Battle Clause: Forcing endless battles is banned\n|rule|HP Percentage Mod: HP is shown in percentages\n|clearpoke\n|poke|p1|Abomasnow, M|\n|poke|p1|Talonflame, F|\n|poke|p1|Sylveon, M|\n|poke|p1|Moltres-Galar|\n|poke|p1|Empoleon, M|\n|poke|p1|Kommo-o, F|\n|poke|p2|Oricorio-Sensu, M|\n|poke|p2|Enamorus, F|\n|poke|p2|Meloetta|\n|poke|p2|Amoonguss, F|\n|poke|p2|Ninetales-Alola, M|\n|poke|p2|Sableye, M|\n|teampreview\n|\n|t:|1701063228\n|start\n|switch|p1a: Talonflame|Talonflame, F|100\/100\n|switch|p1b: Kommo-o|Kommo-o, F|100\/100\n|switch|p2a: shiny|Sableye, M, shiny|100\/100\n|switch|p2b: shrem|Amoonguss, F|100\/100\n|turn|1\n|\n|t:|1701063257\n|move|p2a: shiny|Fake Out|p1a: Talonflame\n|-damage|p1a: Talonflame|91\/100\n|cant|p1a: Talonflame|flinch\n|move|p1b: Kommo-o|Clangorous Soul|p1b: Kommo-o\n|-boost|p1b: Kommo-o|atk|1\n|-boost|p1b: Kommo-o|def|1\n|-boost|p1b: Kommo-o|spa|1\n|-boost|p1b: Kommo-o|spd|1\n|-boost|p1b: Kommo-o|spe|1\n|-damage|p1b: Kommo-o|68\/100\n|move|p2b: shrem|Spore|p1b: Kommo-o\n|-immune|p1b: Kommo-o|[from] ability: Overcoat\n|\n|-heal|p1b: Kommo-o|74\/100|[from] item: Leftovers\n|upkeep\n|turn|2\n|\n|t:|1701063280\n|move|p2a: shiny|Skill Swap|p2b: shrem\n|-activate|p2a: shiny|move: Skill Swap|||[of] p2b: shrem\n|move|p2b: shrem|Spore|p1a: Talonflame\n|-status|p1a: Talonflame|slp|[from] move: Spore\n|move|p1b: Kommo-o|Clangorous Soul|p1b: Kommo-o\n|-boost|p1b: Kommo-o|atk|1\n|-boost|p1b: Kommo-o|def|1\n|-boost|p1b: Kommo-o|spa|1\n|-boost|p1b: Kommo-o|spd|1\n|-boost|p1b: Kommo-o|spe|1\n|-damage|p1b: Kommo-o|41\/100\n|cant|p1a: Talonflame|slp\n|\n|-heal|p1b: Kommo-o|47\/100|[from] item: Leftovers\n|upkeep\n|turn|3\n|\n|t:|1701063303\n|-terastallize|p1b: Kommo-o|Steel\n|move|p1b: Kommo-o|Earthquake|p2b: shrem|[spread] p2a,p2b\n|-immune|p1a: Talonflame\n|-damage|p2a: shiny|53\/100\n|-damage|p2b: shrem|61\/100\n|-enditem|p2a: shiny|Red Card|[of] p1b: Kommo-o\n|drag|p1b: Empoleon|Empoleon, M, shiny|100\/100\n|cant|p1a: Talonflame|slp\n|move|p2a: shiny|Quash||[still]\n|-fail|p2a: shiny\n|move|p2b: shrem|Clear Smog|p1b: Empoleon\n|-immune|p1b: Empoleon\n|\n|-heal|p2b: shrem|67\/100|[from] item: Leftovers\n|upkeep\n|turn|4\n|\n|t:|1701063333\n|switch|p2a: pink fluffy|Enamorus, F|100\/100\n|move|p2b: shrem|Spore|p1b: Empoleon\n|-status|p1b: Empoleon|slp|[from] move: Spore\n|cant|p1a: Talonflame|slp\n|cant|p1b: Empoleon|slp\n|\n|-heal|p2b: shrem|73\/100|[from] item: Leftovers\n|upkeep\n|turn|5\n|n|!Corny912|corny912\n|inactive|Battle timer is ON: inactive players will automatically lose when time's up. (requested by p0werb0ttoms0n)\n|\n|t:|1701063391\n|move|p2b: shrem|Grassy Terrain|p2b: shrem\n|-fieldstart|move: Grassy Terrain\n|-curestatus|p1a: Talonflame|slp|[msg]\n|move|p1a: Talonflame|Tailwind|p1a: Talonflame\n|-sidestart|p1: Corny912|move: Tailwind\n|cant|p1b: Empoleon|slp\n|move|p2a: pink fluffy|Superpower|p1b: Empoleon\n|-supereffective|p1b: Empoleon\n|-damage|p1b: Empoleon|30\/100 slp\n|-boost|p2a: pink fluffy|atk|1\n|-boost|p2a: pink fluffy|def|1\n|\n|-heal|p1b: Empoleon|36\/100 slp|[from] Grassy Terrain\n|-heal|p2b: shrem|79\/100|[from] Grassy Terrain\n|-heal|p2b: shrem|85\/100|[from] item: Leftovers\n|upkeep\n|turn|6\n|-activate|p1b: Empoleon|item: Quick Claw\n|\n|t:|1701063415\n|move|p2b: shrem|Spore|p1a: Talonflame\n|-status|p1a: Talonflame|slp|[from] move: Spore\n|-curestatus|p1b: Empoleon|slp|[msg]\n|move|p1b: Empoleon|Flash Cannon|p2b: shrem\n|-damage|p2b: shrem|58\/100\n|cant|p1a: Talonflame|slp\n|move|p2a: pink fluffy|Superpower|p1b: Empoleon\n|-supereffective|p1b: Empoleon\n|-damage|p1b: Empoleon|0 fnt\n|-boost|p2a: pink fluffy|atk|1\n|-boost|p2a: pink fluffy|def|1\n|faint|p1b: Empoleon\n|\n|-heal|p2b: shrem|64\/100|[from] Grassy Terrain\n|-heal|p2b: shrem|70\/100|[from] item: Leftovers\n|upkeep\n|-message|Corny912 forfeited.\n|\n|win|p0werb0ttoms0n\n|raw|Corny912's rating: 1064 &rarr; <strong>1045<\/strong><br \/>(-19 for losing)\n|raw|p0werb0ttoms0n's rating: 1070 &rarr; <strong>1099<\/strong><br \/>(+29 for winning)\n","uploadtime":1701063379,"views":11,"p1id":"corny912","p2id":"p0werb0ttoms0n","formatid":"gen9doublesou","rating":1045,"private":0,"password":""}