{"id":"gen9doublesou-1994790471","p1":"Geniusatstuff","p2":"Jmitchello","format":"[Gen 9] Doubles OU","log":"|j|\u2606Geniusatstuff\n|j|\u2606Jmitchello\n|t:|1700493046\n|gametype|doubles\n|player|p1|Geniusatstuff|101|1342\n|player|p2|Jmitchello|lance|1315\n|teamsize|p1|6\n|teamsize|p2|6\n|gen|9\n|tier|[Gen 9] Doubles OU\n|rated|\n|rule|Species Clause: Limit one of each Pok\u00e9mon\n|rule|OHKO Clause: OHKO moves are banned\n|rule|Evasion Moves Clause: Evasion moves are banned\n|rule|Gravity Sleep Clause: The combination of sleep-inducing moves with imperfect accuracy and Gravity or Gigantamax Orbeetle are banned\n|rule|Endless Battle Clause: Forcing endless battles is banned\n|rule|HP Percentage Mod: HP is shown in percentages\n|clearpoke\n|poke|p1|Armarouge, F|\n|poke|p1|Chien-Pao|\n|poke|p1|Indeedee-F, F|\n|poke|p1|Tornadus, M|\n|poke|p1|Sneasler, F|\n|poke|p1|Palafin, M|\n|poke|p2|Chien-Pao|\n|poke|p2|Ninetales-Alola, M|\n|poke|p2|Empoleon, F|\n|poke|p2|Amoonguss, F|\n|poke|p2|Dragonite, M|\n|poke|p2|Flutter Mane|\n|teampreview\n|inactive|Battle timer is ON: inactive players will automatically lose when time's up. (requested by Jmitchello)\n|\n|t:|1700493061\n|start\n|switch|p1a: Tornadus|Tornadus, M|100\/100\n|switch|p1b: Palafin|Palafin, M|100\/100\n|switch|p2a: Empoleon|Empoleon, F|100\/100\n|switch|p2b: Ninetales|Ninetales-Alola, M|100\/100\n|-weather|Snow|[from] ability: Snow Warning|[of] p2b: Ninetales\n|turn|1\n|\n|t:|1700493087\n|move|p1a: Tornadus|Taunt|p2b: Ninetales\n|-start|p2b: Ninetales|move: Taunt\n|cant|p2b: Ninetales|move: Taunt|Aurora Veil\n|move|p1b: Palafin|Drain Punch|p2a: Empoleon\n|-supereffective|p2a: Empoleon\n|-damage|p2a: Empoleon|45\/100\n|move|p2a: Empoleon|Ice Beam|p1a: Tornadus\n|-supereffective|p1a: Tornadus\n|-damage|p1a: Tornadus|20\/100\n|\n|-weather|Snow|[upkeep]\n|upkeep\n|turn|2\n|\n|t:|1700493105\n|-terastallize|p2a: Empoleon|Fighting\n|move|p1a: Tornadus|Tailwind|p1a: Tornadus\n|-sidestart|p1: Geniusatstuff|move: Tailwind\n|move|p1b: Palafin|Drain Punch|p2a: Empoleon\n|-damage|p2a: Empoleon|20\/100\n|move|p2b: Ninetales|Freeze-Dry|p1b: Palafin\n|-supereffective|p1b: Palafin\n|-damage|p1b: Palafin|24\/100\n|move|p2a: Empoleon|Ice Beam|p1a: Tornadus\n|-supereffective|p1a: Tornadus\n|-crit|p1a: Tornadus\n|-damage|p1a: Tornadus|0 fnt\n|faint|p1a: Tornadus\n|\n|-weather|Snow|[upkeep]\n|upkeep\n|inactive|Geniusatstuff has 120 seconds left.\n|\n|t:|1700493125\n|switch|p1a: Sneasler|Sneasler, F|100\/100\n|turn|3\n|\n|t:|1700493139\n|detailschange|p1b: Palafin|Palafin-Hero, M\n|switch|p1b: Indeedee|Indeedee-F, F|100\/100\n|-fieldstart|move: Psychic Terrain|[from] ability: Psychic Surge|[of] p1b: Indeedee\n|-enditem|p1a: Sneasler|Psychic Seed\n|-boost|p1a: Sneasler|spd|1|[from] item: Psychic Seed\n|-terastallize|p1a: Sneasler|Rock\n|move|p2a: Empoleon|Vacuum Wave|p1a: Sneasler\n|-activate|p1a: Sneasler|move: Psychic Terrain\n|move|p1a: Sneasler|Rock Slide|p2a: Empoleon|[spread] p2b\n|-miss|p1a: Sneasler|p2a: Empoleon\n|-supereffective|p2b: Ninetales\n|-damage|p2b: Ninetales|39\/100\n|move|p2b: Ninetales|Dazzling Gleam|p1a: Sneasler|[spread] p1a,p1b\n|-damage|p1a: Sneasler|82\/100\n|-damage|p1b: Indeedee|80\/100\n|\n|-weather|Snow|[upkeep]\n|-end|p2b: Ninetales|move: Taunt\n|upkeep\n|turn|4\n|inactive|Geniusatstuff has 120 seconds left.\n|\n|t:|1700493170\n|move|p1b: Indeedee|Helping Hand|p1a: Sneasler\n|-singleturn|p1a: Sneasler|Helping Hand|[of] p1b: Indeedee\n|move|p2a: Empoleon|Vacuum Wave|p1a: Sneasler\n|-activate|p1a: Sneasler|move: Psychic Terrain\n|move|p1a: Sneasler|Rock Slide|p2a: Empoleon|[spread] p2a,p2b\n|-resisted|p2a: Empoleon\n|-supereffective|p2b: Ninetales\n|-damage|p2a: Empoleon|0 fnt\n|-damage|p2b: Ninetales|0 fnt\n|faint|p2a: Empoleon\n|faint|p2b: Ninetales\n|\n|-weather|Snow|[upkeep]\n|upkeep\n|inactive|Jmitchello has 120 seconds left.\n|\n|t:|1700493199\n|switch|p2b: Flutter Mane|Flutter Mane|100\/100\n|switch|p2a: Dragonite|Dragonite, M|100\/100\n|turn|5\n|\n|t:|1700493216\n|move|p1b: Indeedee|Follow Me|p1b: Indeedee\n|-singleturn|p1b: Indeedee|move: Follow Me\n|move|p1a: Sneasler|Dire Claw|p2b: Flutter Mane\n|-damage|p2b: Flutter Mane|16\/100\n|-status|p2b: Flutter Mane|slp\n|cant|p2b: Flutter Mane|slp\n|move|p2a: Dragonite|Dragon Claw|p1b: Indeedee\n|-crit|p1b: Indeedee\n|-damage|p1b: Indeedee|0 fnt\n|-damage|p2a: Dragonite|84\/100|[from] item: Rocky Helmet|[of] p1b: Indeedee\n|faint|p1b: Indeedee\n|\n|-weather|none\n|-sideend|p1: Geniusatstuff|move: Tailwind\n|upkeep\n|\n|t:|1700493235\n|switch|p1b: Armarouge|Armarouge, F|100\/100\n|turn|6\n|\n|t:|1700493262\n|move|p1a: Sneasler|Rock Slide|p2b: Flutter Mane|[spread] p2a\n|-miss|p1a: Sneasler|p2b: Flutter Mane\n|-supereffective|p2a: Dragonite\n|-damage|p2a: Dragonite|30\/100\n|-enditem|p2a: Dragonite|Weakness Policy\n|-boost|p2a: Dragonite|atk|2|[from] item: Weakness Policy\n|-boost|p2a: Dragonite|spa|2|[from] item: Weakness Policy\n|-curestatus|p2b: Flutter Mane|slp|[msg]\n|move|p2b: Flutter Mane|Energy Ball|p1a: Sneasler\n|-supereffective|p1a: Sneasler\n|-damage|p1a: Sneasler|0 fnt\n|faint|p1a: Sneasler\n|move|p1b: Armarouge|Expanding Force|p2b: Flutter Mane|[spread] p2a,p2b\n|-damage|p2a: Dragonite|0 fnt\n|-damage|p2b: Flutter Mane|0 fnt\n|faint|p2a: Dragonite\n|faint|p2b: Flutter Mane\n|-end|p2b: Flutter Mane|Protosynthesis|[silent]\n|\n|upkeep\n|\n|t:|1700493291\n|switch|p2b: Amoonguss|Amoonguss, F|100\/100\n|switch|p1a: Chien-Pao|Chien-Pao|100\/100\n|switch|p2a: Chien-Pao|Chien-Pao|100\/100\n|-ability|p1a: Chien-Pao|Sword of Ruin\n|-ability|p2a: Chien-Pao|Sword of Ruin\n|turn|7\n|inactive|Geniusatstuff has 120 seconds left.\n|\n|t:|1700493331\n|move|p2a: Chien-Pao|Sacred Sword|p1a: Chien-Pao\n|-supereffective|p1a: Chien-Pao\n|-damage|p1a: Chien-Pao|0 fnt\n|faint|p1a: Chien-Pao\n|move|p1b: Armarouge|Armor Cannon|p2b: Amoonguss\n|-supereffective|p2b: Amoonguss\n|-damage|p2b: Amoonguss|0 fnt\n|-unboost|p1b: Armarouge|def|1\n|-unboost|p1b: Armarouge|spd|1\n|faint|p2b: Amoonguss\n|\n|-fieldend|move: Psychic Terrain\n|upkeep\n|\n|t:|1700493344\n|switch|p1a: Palafin|Palafin-Hero, M|24\/100\n|-activate|p1a: Palafin|ability: Zero to Hero\n|turn|8\n|\n|t:|1700493358\n|move|p2a: Chien-Pao|Sucker Punch|p1a: Palafin\n|-damage|p1a: Palafin|0 fnt\n|faint|p1a: Palafin\n|move|p1b: Armarouge|Armor Cannon|p2a: Chien-Pao\n|-supereffective|p2a: Chien-Pao\n|-enditem|p2a: Chien-Pao|Focus Sash\n|-damage|p2a: Chien-Pao|1\/100\n|-unboost|p1b: Armarouge|def|1\n|-unboost|p1b: Armarouge|spd|1\n|\n|upkeep\n|turn|9\n|inactive|Geniusatstuff has 120 seconds left.\n|l|\u2606Jmitchello\n|inactive|Jmitchello disconnected and has a minute to reconnect!\n|player|p2|\n|inactive|Geniusatstuff has 90 seconds left.\n|\n|t:|1700493419\n|move|p2a: Chien-Pao|Sucker Punch|p1b: Armarouge\n|-supereffective|p1b: Armarouge\n|-enditem|p1b: Armarouge|Focus Sash\n|-damage|p1b: Armarouge|1\/100\n|-ability|p1b: Armarouge|Weak Armor|boost\n|-unboost|p1b: Armarouge|def|1\n|-boost|p1b: Armarouge|spe|2\n|move|p1b: Armarouge|Armor Cannon|p2a: Chien-Pao\n|-supereffective|p2a: Chien-Pao\n|-damage|p2a: Chien-Pao|0 fnt\n|-unboost|p1b: Armarouge|def|1\n|-unboost|p1b: Armarouge|spd|1\n|faint|p2a: Chien-Pao\n|\n|win|Geniusatstuff\n|raw|Geniusatstuff's rating: 1342 &rarr; <strong>1360<\/strong><br \/>(+18 for winning)\n|raw|Jmitchello's rating: 1315 &rarr; <strong>1297<\/strong><br \/>(-18 for losing)\n|j|\u2606Jmitchello\n|player|p2|Jmitchello|lance\n|l|\u2606Jmitchello\n|player|p2|\n","uploadtime":1700493437,"views":7,"p1id":"geniusatstuff","p2id":"jmitchello","formatid":"gen9doublesou","rating":1297,"private":0,"password":""}