{"id":"gen9doublesou-1983613813","p1":"tianlengmeihou","p2":"MajorBowman","format":"[Gen 9] Doubles OU","log":"|j|\u2606tianlengmeihou\n|j|\u2606MajorBowman\n|t:|1699149561\n|gametype|doubles\n|player|p1|tianlengmeihou|266|\n|player|p2|MajorBowman|#majorbowman|\n|teamsize|p1|6\n|teamsize|p2|6\n|gen|9\n|tier|[Gen 9] Doubles OU\n|rule|Species Clause: Limit one of each Pok\u00e9mon\n|rule|OHKO Clause: OHKO moves are banned\n|rule|Evasion Moves Clause: Evasion moves are banned\n|rule|Gravity Sleep Clause: The combination of sleep-inducing moves with imperfect accuracy and Gravity or Gigantamax Orbeetle are banned\n|rule|Endless Battle Clause: Forcing endless battles is banned\n|rule|HP Percentage Mod: HP is shown in percentages\n|clearpoke\n|poke|p1|Gholdengo|\n|poke|p1|Kommo-o, F|\n|poke|p1|Basculegion-F, F|\n|poke|p1|Grimmsnarl, M|\n|poke|p1|Rillaboom, F|\n|poke|p1|Kingambit, F|\n|poke|p2|Arcanine-Hisui, M|\n|poke|p2|Rillaboom, M|\n|poke|p2|Tornadus, M|\n|poke|p2|Ogerpon-Wellspring, F|\n|poke|p2|Chien-Pao|\n|poke|p2|Gholdengo|\n|teampreview\n|c|\u2606MajorBowman|can you make the room public? \/publicroom\n|j| qsns\n|j| Spurrific\n|j| kaori\u273f\n|\n|t:|1699149684\n|start\n|switch|p1a: Grimmsnarl|Grimmsnarl, M|100\/100\n|switch|p1b: Kingambit|Kingambit, F|100\/100\n|switch|p2a: Ogerpon|Ogerpon-Wellspring, F|100\/100\n|switch|p2b: Gholdengo|Gholdengo|100\/100\n|turn|1\n|c|\u2606tianlengmeihou|\/log tianlengmeihou made this room public.\n|j|+daawesomedude1 (\n|\n|t:|1699149714\n|move|p1a: Grimmsnarl|Fake Out|p2a: Ogerpon\n|-damage|p2a: Ogerpon|91\/100\n|move|p2b: Gholdengo|Trick|p1b: Kingambit\n|-activate|p2b: Gholdengo|move: Trick|[of] p1b: Kingambit\n|-item|p1b: Kingambit|Choice Specs|[from] move: Trick\n|-item|p2b: Gholdengo|Leftovers|[from] move: Trick\n|cant|p2a: Ogerpon|flinch\n|move|p1b: Kingambit|Kowtow Cleave|p2b: Gholdengo\n|-supereffective|p2b: Gholdengo\n|-damage|p2b: Gholdengo|0 fnt\n|faint|p2b: Gholdengo\n|\n|upkeep\n|\n|t:|1699149752\n|switch|p2b: Chien-Pao|Chien-Pao|100\/100\n|-ability|p2b: Chien-Pao|Sword of Ruin\n|turn|2\n|\n|t:|1699149767\n|move|p2b: Chien-Pao|Icicle Crash|p1a: Grimmsnarl\n|-damage|p1a: Grimmsnarl|19\/100\n|-damage|p2b: Chien-Pao|91\/100|[from] item: Life Orb\n|move|p2a: Ogerpon|Swords Dance|p2a: Ogerpon\n|-boost|p2a: Ogerpon|atk|2\n|move|p1a: Grimmsnarl|Spirit Break|p2b: Chien-Pao\n|-supereffective|p2b: Chien-Pao\n|-damage|p2b: Chien-Pao|15\/100\n|-unboost|p2b: Chien-Pao|spa|1\n|move|p1b: Kingambit|Kowtow Cleave|p2b: Chien-Pao\n|-resisted|p2b: Chien-Pao\n|-damage|p2b: Chien-Pao|0 fnt\n|faint|p2b: Chien-Pao\n|\n|upkeep\n|\n|t:|1699149779\n|switch|p2b: Rillaboom|Rillaboom, M|100\/100\n|-fieldstart|move: Grassy Terrain|[from] ability: Grassy Surge|[of] p2b: Rillaboom\n|turn|3\n|\n|t:|1699149806\n|switch|p1a: Rillaboom|Rillaboom, F|100\/100\n|move|p2b: Rillaboom|Fake Out|p1b: Kingambit\n|-resisted|p1b: Kingambit\n|-damage|p1b: Kingambit|95\/100\n|move|p2a: Ogerpon|Grassy Glide|p1a: Rillaboom\n|-resisted|p1a: Rillaboom\n|-damage|p1a: Rillaboom|62\/100\n|cant|p1b: Kingambit|flinch\n|\n|-heal|p2a: Ogerpon|97\/100|[from] Grassy Terrain\n|-heal|p1a: Rillaboom|68\/100|[from] Grassy Terrain\n|-heal|p1b: Kingambit|100\/100|[from] Grassy Terrain\n|upkeep\n|turn|4\n|j|+ryo yamada2001\n|\n|t:|1699149832\n|move|p1a: Rillaboom|Fake Out|p2b: Rillaboom\n|-damage|p2b: Rillaboom|87\/100\n|move|p2a: Ogerpon|Ivy Cudgel|p1b: Kingambit\n|-damage|p1b: Kingambit|20\/100\n|cant|p2b: Rillaboom|flinch\n|move|p1b: Kingambit|Kowtow Cleave|p2b: Rillaboom\n|-damage|p2b: Rillaboom|44\/100\n|\n|-heal|p2a: Ogerpon|100\/100|[from] Grassy Terrain\n|-heal|p2b: Rillaboom|50\/100|[from] Grassy Terrain\n|-heal|p1a: Rillaboom|74\/100|[from] Grassy Terrain\n|-heal|p1b: Kingambit|26\/100|[from] Grassy Terrain\n|upkeep\n|turn|5\n|\n|t:|1699149850\n|move|p2a: Ogerpon|Ivy Cudgel|p1b: Kingambit\n|-damage|p1b: Kingambit|0 fnt\n|faint|p1b: Kingambit\n|move|p2b: Rillaboom|U-turn|p1a: Rillaboom\n|-supereffective|p1a: Rillaboom\n|-damage|p1a: Rillaboom|30\/100\n|\n|t:|1699149855\n|switch|p2b: Tornadus|Tornadus, M|100\/100|[from] U-turn\n|move|p1a: Rillaboom|U-turn|p2b: Tornadus\n|-resisted|p2b: Tornadus\n|-damage|p2b: Tornadus|89\/100\n|\n|t:|1699149862\n|switch|p1a: \u91cd\u94f8\u9f99\u7cfb\u8363\u5149x2|Kommo-o, F|100\/100|[from] U-turn\n|\n|upkeep\n|\n|t:|1699149872\n|switch|p1b: Grimmsnarl|Grimmsnarl, M|19\/100\n|turn|6\n|\n|t:|1699149891\n|move|p2b: Tornadus|Taunt|p1a: \u91cd\u94f8\u9f99\u7cfb\u8363\u5149x2\n|-start|p1a: \u91cd\u94f8\u9f99\u7cfb\u8363\u5149x2|move: Taunt\n|move|p2a: Ogerpon|Grassy Glide|p1b: Grimmsnarl\n|-damage|p1b: Grimmsnarl|0 fnt\n|faint|p1b: Grimmsnarl\n|cant|p1a: \u91cd\u94f8\u9f99\u7cfb\u8363\u5149x2|move: Taunt|Clangorous Soul\n|\n|upkeep\n|\n|t:|1699149901\n|switch|p1b: Rillaboom|Rillaboom, F|30\/100\n|turn|7\n|l|\u2606tianlengmeihou\n|player|p1|\n|c| kaori\u273f|majored bow man\n|j|\u2606tianlengmeihou\n|player|p1|tianlengmeihou|266\n|\n|t:|1699150015\n|move|p2a: Ogerpon|Grassy Glide|p1b: Rillaboom\n|-resisted|p1b: Rillaboom\n|-damage|p1b: Rillaboom|0 fnt\n|faint|p1b: Rillaboom\n|move|p2b: Tornadus|Bleakwind Storm|p1a: \u91cd\u94f8\u9f99\u7cfb\u8363\u5149x2\n|-supereffective|p1a: \u91cd\u94f8\u9f99\u7cfb\u8363\u5149x2\n|-damage|p1a: \u91cd\u94f8\u9f99\u7cfb\u8363\u5149x2|14\/100\n|move|p1a: \u91cd\u94f8\u9f99\u7cfb\u8363\u5149x2|Drain Punch|p2a: Ogerpon\n|-damage|p2a: Ogerpon|70\/100\n|-heal|p1a: \u91cd\u94f8\u9f99\u7cfb\u8363\u5149x2|32\/100|[from] drain|[of] p2a: Ogerpon\n|\n|-heal|p1a: \u91cd\u94f8\u9f99\u7cfb\u8363\u5149x2|39\/100|[from] Grassy Terrain\n|-heal|p1a: \u91cd\u94f8\u9f99\u7cfb\u8363\u5149x2|45\/100|[from] item: Leftovers\n|-heal|p2a: Ogerpon|76\/100|[from] Grassy Terrain\n|-fieldend|move: Grassy Terrain\n|upkeep\n|\n|t:|1699150029\n|switch|p1b: Basculegion|Basculegion-F, F|100\/100\n|turn|8\n|\n|t:|1699150060\n|-terastallize|p1b: Basculegion|Grass\n|move|p2a: Ogerpon|Spiky Shield|p2a: Ogerpon\n|-singleturn|p2a: Ogerpon|move: Protect\n|move|p2b: Tornadus|Tailwind|p2b: Tornadus\n|-sidestart|p2: MajorBowman|move: Tailwind\n|move|p1b: Basculegion|Last Respects|p2a: Ogerpon\n|-activate|p2a: Ogerpon|move: Protect\n|move|p1a: \u91cd\u94f8\u9f99\u7cfb\u8363\u5149x2|Fire Punch|p2b: Tornadus\n|-damage|p2b: Tornadus|69\/100\n|\n|-heal|p1a: \u91cd\u94f8\u9f99\u7cfb\u8363\u5149x2|51\/100|[from] item: Leftovers\n|-end|p1a: \u91cd\u94f8\u9f99\u7cfb\u8363\u5149x2|move: Taunt\n|upkeep\n|turn|9\n|j| Meminger21\n|\n|t:|1699150088\n|switch|p1b: Gholdengo|Gholdengo|100\/100\n|move|p2b: Tornadus|Bleakwind Storm|p1a: \u91cd\u94f8\u9f99\u7cfb\u8363\u5149x2|[spread] p1b\n|-miss|p2b: Tornadus|p1a: \u91cd\u94f8\u9f99\u7cfb\u8363\u5149x2\n|-resisted|p1b: Gholdengo\n|-damage|p1b: Gholdengo|87\/100\n|move|p2a: Ogerpon|Ivy Cudgel|p1b: Gholdengo\n|-crit|p1b: Gholdengo\n|-damage|p1b: Gholdengo|0 fnt\n|faint|p1b: Gholdengo\n|move|p1a: \u91cd\u94f8\u9f99\u7cfb\u8363\u5149x2|Drain Punch|p2a: Ogerpon\n|-damage|p2a: Ogerpon|44\/100\n|-heal|p1a: \u91cd\u94f8\u9f99\u7cfb\u8363\u5149x2|70\/100|[from] drain|[of] p2a: Ogerpon\n|\n|-heal|p1a: \u91cd\u94f8\u9f99\u7cfb\u8363\u5149x2|77\/100|[from] item: Leftovers\n|upkeep\n|\n|t:|1699150101\n|switch|p1b: Basculegion|Basculegion-F, F, tera:Grass|100\/100\n|turn|10\n|\n|t:|1699150115\n|move|p2b: Tornadus|Bleakwind Storm|p1a: \u91cd\u94f8\u9f99\u7cfb\u8363\u5149x2|[spread] p1a,p1b\n|-supereffective|p1a: \u91cd\u94f8\u9f99\u7cfb\u8363\u5149x2\n|-supereffective|p1b: Basculegion\n|-damage|p1a: \u91cd\u94f8\u9f99\u7cfb\u8363\u5149x2|11\/100\n|-damage|p1b: Basculegion|28\/100\n|-unboost|p1a: \u91cd\u94f8\u9f99\u7cfb\u8363\u5149x2|spe|1\n|move|p2a: Ogerpon|Ivy Cudgel|p1b: Basculegion\n|-resisted|p1b: Basculegion\n|-damage|p1b: Basculegion|0 fnt\n|faint|p1b: Basculegion\n|move|p1a: \u91cd\u94f8\u9f99\u7cfb\u8363\u5149x2|Clangorous Soul||[still]\n|-fail|p1a: \u91cd\u94f8\u9f99\u7cfb\u8363\u5149x2\n|\n|-heal|p1a: \u91cd\u94f8\u9f99\u7cfb\u8363\u5149x2|17\/100|[from] item: Leftovers\n|upkeep\n|turn|11\n|-message|tianlengmeihou forfeited.\n|\n|win|MajorBowman\n|l|\u2606tianlengmeihou\n","uploadtime":1699150135,"views":182,"p1id":"tianlengmeihou","p2id":"majorbowman","formatid":"gen9doublesou","rating":0,"private":0,"password":""}