{"id":"gen9doublesou-1973002009","p1":"Terastellized-Ink","p2":"SWOOSBADFUTURE","format":"[Gen 9] Doubles OU","log":"|j|\u2606Terastellized-Ink\n|j|\u2606SWOOSBADFUTURE\n|t:|1697917233\n|gametype|doubles\n|player|p1|Terastellized-Ink|ingo|\n|player|p2|SWOOSBADFUTURE|hugh|\n|teamsize|p1|6\n|teamsize|p2|6\n|gen|9\n|tier|[Gen 9] Doubles OU\n|rule|Species Clause: Limit one of each Pok\u00e9mon\n|rule|OHKO Clause: OHKO moves are banned\n|rule|Evasion Moves Clause: Evasion moves are banned\n|rule|Gravity Sleep Clause: The combination of sleep-inducing moves with imperfect accuracy and Gravity or Gigantamax Orbeetle are banned\n|rule|Endless Battle Clause: Forcing endless battles is banned\n|rule|HP Percentage Mod: HP is shown in percentages\n|clearpoke\n|poke|p1|Gliscor, F|\n|poke|p1|Salazzle, F|\n|poke|p1|Cinderace, F|\n|poke|p1|Maushold-Four|\n|poke|p1|Ogerpon-Cornerstone, F|\n|poke|p1|Hatterene, F|\n|poke|p2|Clefairy, F|\n|poke|p2|Volcarona, M|\n|poke|p2|Noivern, M|\n|poke|p2|Vaporeon, F|\n|poke|p2|Arboliva, F|\n|poke|p2|Zapdos|\n|teampreview\n|\n|t:|1697917253\n|start\n|switch|p1a: Gliscor|Gliscor, F, shiny|100\/100\n|switch|p1b: Salazzle|Salazzle, F|100\/100\n|switch|p2a: haiiiii <333|Clefairy, F|100\/100\n|switch|p2b: im gay <3|Zapdos|100\/100\n|-item|p1b: Salazzle|Air Balloon\n|turn|1\n|\n|t:|1697917277\n|move|p1b: Salazzle|Agility|p1b: Salazzle\n|-boost|p1b: Salazzle|spe|2\n|move|p2b: im gay <3|Light Screen|p2b: im gay <3\n|-sidestart|p2: SWOOSBADFUTURE|move: Light Screen\n|move|p1a: Gliscor|Toxic|p2b: im gay <3\n|-status|p2b: im gay <3|tox\n|move|p2a: haiiiii <333|Calm Mind|p2a: haiiiii <333\n|-boost|p2a: haiiiii <333|spa|1\n|-boost|p2a: haiiiii <333|spd|1\n|\n|-damage|p2b: im gay <3|94\/100 tox|[from] psn\n|-status|p1a: Gliscor|tox|[from] item: Toxic Orb\n|upkeep\n|turn|2\n|\n|t:|1697917310\n|move|p1b: Salazzle|Substitute|p1b: Salazzle\n|-start|p1b: Salazzle|Substitute\n|-damage|p1b: Salazzle|76\/100\n|move|p2b: im gay <3|Ancient Power|p1b: Salazzle\n|-supereffective|p1b: Salazzle\n|-end|p1b: Salazzle|Substitute\n|-enditem|p1b: Salazzle|Air Balloon\n|move|p1a: Gliscor|Toxic|p2a: haiiiii <333\n|-status|p2a: haiiiii <333|tox\n|move|p2a: haiiiii <333|Calm Mind|p2a: haiiiii <333\n|-boost|p2a: haiiiii <333|spa|1\n|-boost|p2a: haiiiii <333|spd|1\n|\n|-heal|p2b: im gay <3|100\/100 tox|[from] item: Leftovers\n|-damage|p2b: im gay <3|88\/100 tox|[from] psn\n|upkeep\n|turn|3\n|\n|t:|1697917348\n|switch|p1b: Ogerpon|Ogerpon-Cornerstone, F|100\/100\n|move|p2b: im gay <3|Ancient Power|p1b: Ogerpon\n|-damage|p1b: Ogerpon|78\/100\n|move|p1a: Gliscor|Substitute|p1a: Gliscor\n|-start|p1a: Gliscor|Substitute\n|-damage|p1a: Gliscor|76\/100 tox\n|move|p2a: haiiiii <333|Calm Mind|p2a: haiiiii <333\n|-boost|p2a: haiiiii <333|spa|1\n|-boost|p2a: haiiiii <333|spd|1\n|\n|-heal|p2b: im gay <3|94\/100 tox|[from] item: Leftovers\n|-damage|p2b: im gay <3|76\/100 tox|[from] psn\n|-heal|p1a: Gliscor|88\/100 tox|[from] ability: Poison Heal\n|upkeep\n|turn|4\n|c|\u2606SWOOSBADFUTURE|i love nicknaming my pokemon\n|\n|t:|1697917375\n|move|p1b: Ogerpon|Ivy Cudgel|p2a: haiiiii <333\n|-damage|p2a: haiiiii <333|30\/100 tox\n|move|p2b: im gay <3|Drill Peck|p1a: Gliscor\n|-activate|p1a: Gliscor|move: Substitute|[damage]\n|move|p1a: Gliscor|Fire Fang|p2a: haiiiii <333\n|-damage|p2a: haiiiii <333|16\/100 tox\n|move|p2a: haiiiii <333|Stored Power|p1b: Ogerpon\n|-damage|p1b: Ogerpon|0 fnt\n|faint|p1b: Ogerpon\n|\n|-heal|p2b: im gay <3|82\/100 tox|[from] item: Leftovers\n|-damage|p2b: im gay <3|57\/100 tox|[from] psn\n|-heal|p1a: Gliscor|100\/100 tox|[from] ability: Poison Heal\n|upkeep\n|\n|t:|1697917393\n|switch|p1b: Maushold|Maushold-Four, shiny|100\/100\n|turn|5\n|\n|t:|1697917416\n|move|p1a: Gliscor|Protect|p1a: Gliscor\n|-singleturn|p1a: Gliscor|Protect\n|move|p2b: im gay <3|Drill Peck|p1b: Maushold\n|-damage|p1b: Maushold|64\/100\n|move|p1b: Maushold|Population Bomb|p2a: haiiiii <333\n|-damage|p2a: haiiiii <333|3\/100 tox\n|-damage|p2a: haiiiii <333|0 fnt\n|faint|p2a: haiiiii <333\n|-hitcount|p2: haiiiii <333|2\n|\n|-heal|p2b: im gay <3|63\/100 tox|[from] item: Leftovers\n|-damage|p2b: im gay <3|32\/100 tox|[from] psn\n|-sideend|p2: SWOOSBADFUTURE|move: Light Screen\n|upkeep\n|\n|t:|1697917430\n|switch|p2a: TANK|Vaporeon, F, shiny|100\/100\n|turn|6\n|\n|t:|1697917443\n|move|p2b: im gay <3|Ancient Power|p1b: Maushold\n|-damage|p1b: Maushold|38\/100\n|move|p1a: Gliscor|Toxic|p2a: TANK\n|-status|p2a: TANK|tox\n|move|p1b: Maushold|Tidy Up|p1b: Maushold\n|-end|p1a: Gliscor|Substitute\n|-activate|p1b: Maushold|move: Tidy Up\n|-boost|p1b: Maushold|atk|1\n|-boost|p1b: Maushold|spe|1\n|move|p2a: TANK|Rain Dance|p2a: TANK\n|-weather|RainDance\n|\n|-weather|RainDance|[upkeep]\n|-heal|p2b: im gay <3|38\/100 tox|[from] item: Leftovers\n|-activate|p2a: TANK|ability: Hydration\n|-curestatus|p2a: TANK|tox|[msg]\n|-damage|p2b: im gay <3|1\/100 tox|[from] psn\n|upkeep\n|turn|7\n|\n|t:|1697917465\n|move|p1a: Gliscor|Protect|p1a: Gliscor\n|-singleturn|p1a: Gliscor|Protect\n|move|p2a: TANK|Protect|p2a: TANK\n|-singleturn|p2a: TANK|Protect\n|move|p1b: Maushold|Population Bomb|p2a: TANK\n|-activate|p2a: TANK|move: Protect\n|move|p2b: im gay <3|Thunder|p1a: Gliscor\n|-activate|p1a: Gliscor|move: Protect\n|\n|-weather|RainDance|[upkeep]\n|-heal|p2b: im gay <3|7\/100 tox|[from] item: Leftovers\n|-damage|p2b: im gay <3|0 fnt|[from] psn\n|faint|p2b: im gay <3\n|upkeep\n|\n|t:|1697917480\n|switch|p2b: bobert|Noivern, M|100\/100\n|-item|p1a: Gliscor|Toxic Orb|[from] ability: Frisk|[of] p2b: bobert|[identify]\n|-item|p1b: Maushold|Wide Lens|[from] ability: Frisk|[of] p2b: bobert|[identify]\n|turn|8\n|\n|t:|1697917496\n|move|p2a: TANK|Protect|p2a: TANK\n|-singleturn|p2a: TANK|Protect\n|move|p1b: Maushold|Population Bomb|p2a: TANK\n|-activate|p2a: TANK|move: Protect\n|move|p2b: bobert|Hurricane|p1a: Gliscor\n|-damage|p1a: Gliscor|41\/100 tox\n|move|p1a: Gliscor|Toxic|p2b: bobert\n|-status|p2b: bobert|tox\n|\n|-weather|RainDance|[upkeep]\n|-damage|p2b: bobert|94\/100 tox|[from] psn\n|-heal|p1a: Gliscor|53\/100 tox|[from] ability: Poison Heal\n|upkeep\n|turn|9\n|\n|t:|1697917528\n|move|p1a: Gliscor|Protect|p1a: Gliscor\n|-singleturn|p1a: Gliscor|Protect\n|move|p2a: TANK|Protect||[still]\n|-fail|p2a: TANK\n|move|p1b: Maushold|Population Bomb|p2a: TANK\n|-damage|p2a: TANK|82\/100\n|-damage|p1b: Maushold|21\/100|[from] item: Rocky Helmet|[of] p2a: TANK\n|-damage|p2a: TANK|64\/100\n|-damage|p1b: Maushold|4\/100|[from] item: Rocky Helmet|[of] p2a: TANK\n|-damage|p2a: TANK|47\/100\n|-damage|p1b: Maushold|0 fnt|[from] item: Rocky Helmet|[of] p2a: TANK\n|faint|p1b: Maushold\n|-hitcount|p2a: TANK|3\n|move|p2b: bobert|Boomburst|p1a: Gliscor|[spread] p2a\n|-activate|p1a: Gliscor|move: Protect\n|-damage|p2a: TANK|30\/100\n|\n|-weather|RainDance|[upkeep]\n|-heal|p2b: bobert|100\/100 tox|[from] item: Leftovers\n|-damage|p2b: bobert|88\/100 tox|[from] psn\n|-heal|p1a: Gliscor|65\/100 tox|[from] ability: Poison Heal\n|upkeep\n|\n|t:|1697917550\n|switch|p1b: Hatterene|Hatterene, F|100\/100\n|turn|10\n|\n|t:|1697917577\n|move|p2a: TANK|Helping Hand|p2b: bobert\n|-singleturn|p2b: bobert|Helping Hand|[of] p2a: TANK\n|move|p2b: bobert|Boomburst|p1b: Hatterene|[spread] p2a,p1a,p1b\n|-damage|p2a: TANK|1\/100\n|-damage|p1a: Gliscor|5\/100 tox\n|-damage|p1b: Hatterene|52\/100\n|move|p1a: Gliscor|Substitute|p1a: Gliscor\n|-fail|p1a: Gliscor|move: Substitute|[weak]\n|move|p1b: Hatterene|Dazzling Gleam|p2a: TANK|[spread] p2a,p2b\n|-supereffective|p2b: bobert\n|-damage|p2a: TANK|0 fnt\n|-damage|p2b: bobert|0 fnt\n|faint|p2a: TANK\n|faint|p2b: bobert\n|\n|-weather|none\n|-heal|p1a: Gliscor|17\/100 tox|[from] ability: Poison Heal\n|upkeep\n|\n|t:|1697917591\n|switch|p2b: the real one|Volcarona, M|100\/100\n|switch|p2a: annoying|Arboliva, F|100\/100\n|turn|11\n|c|\u2606SWOOSBADFUTURE|shit\n|\n|t:|1697917626\n|move|p2b: the real one|Flamethrower|p1a: Gliscor\n|-damage|p1a: Gliscor|0 fnt\n|faint|p1a: Gliscor\n|move|p2a: annoying|Leech Seed|p1b: Hatterene\n|move|p1b: Hatterene|Leech Seed|p2a: annoying|[from]ability: Magic Bounce\n|-immune|p2a: annoying\n|move|p1b: Hatterene|Skill Swap|p2a: annoying\n|-activate|p1b: Hatterene|move: Skill Swap|Harvest|Magic Bounce|[of] p2a: annoying\n|\n|upkeep\n|c|\u2606SWOOSBADFUTURE|SHIT\n|\n|t:|1697917641\n|switch|p1a: Cinderace|Cinderace, F, shiny|100\/100\n|turn|12\n|c|\u2606Terastellized-Ink|NO MORE HARVEST\n|c|\u2606SWOOSBADFUTURE|oh im dead\n|\n|t:|1697917673\n|move|p2a: annoying|Protect|p2a: annoying\n|-singleturn|p2a: annoying|Protect\n|move|p1a: Cinderace|Bulk Up|p1a: Cinderace\n|-start|p1a: Cinderace|typechange|Fighting|[from] ability: Libero\n|-boost|p1a: Cinderace|atk|1\n|-boost|p1a: Cinderace|def|1\n|move|p2b: the real one|Acrobatics|p1a: Cinderace\n|-supereffective|p1a: Cinderace\n|-damage|p1a: Cinderace|65\/100\n|move|p1b: Hatterene|Calm Mind|p1b: Hatterene\n|-boost|p1b: Hatterene|spa|1\n|-boost|p1b: Hatterene|spd|1\n|\n|upkeep\n|turn|13\n|\n|t:|1697917692\n|move|p1a: Cinderace|Bounce||[still]\n|-prepare|p1a: Cinderace|Bounce\n|move|p2b: the real one|Acrobatics|p1a: Cinderace|[miss]\n|-miss|p2b: the real one|p1a: Cinderace\n|move|p2a: annoying|Giga Drain|p1b: Hatterene\n|-damage|p1b: Hatterene|29\/100\n|-enditem|p1b: Hatterene|Sitrus Berry|[eat]\n|-heal|p1b: Hatterene|54\/100|[from] item: Sitrus Berry\n|move|p1b: Hatterene|Dazzling Gleam|p2a: annoying|[spread] p2a,p2b\n|-resisted|p2b: the real one\n|-damage|p2a: annoying|65\/100\n|-damage|p2b: the real one|71\/100\n|\n|-item|p1b: Hatterene|Sitrus Berry|[from] ability: Harvest\n|upkeep\n|turn|14\n|c|\u2606SWOOSBADFUTURE|OH\n|c|\u2606SWOOSBADFUTURE|NO\n|c|\u2606Terastellized-Ink|HAHA\n|\n|t:|1697917722\n|-terastallize|p2a: annoying|Grass\n|move|p1b: Hatterene|Helping Hand|p1a: Cinderace\n|-singleturn|p1a: Cinderace|Helping Hand|[of] p1b: Hatterene\n|move|p1a: Cinderace|Bounce|p2b: the real one|[from]lockedmove\n|-supereffective|p2b: the real one\n|-damage|p2b: the real one|0 fnt\n|faint|p2b: the real one\n|move|p2a: annoying|Giga Drain|p1b: Hatterene\n|-damage|p1b: Hatterene|26\/100\n|-heal|p2a: annoying|77\/100|[from] drain|[of] p1b: Hatterene\n|-enditem|p1b: Hatterene|Sitrus Berry|[eat]\n|-heal|p1b: Hatterene|51\/100|[from] item: Sitrus Berry\n|\n|-item|p1b: Hatterene|Sitrus Berry|[from] ability: Harvest\n|upkeep\n|turn|15\n|c|\u2606SWOOSBADFUTURE|FUCK\n|c|\u2606SWOOSBADFUTURE|FUCJK\n|c|\u2606SWOOSBADFUTURE|FCUK\n|c|\u2606SWOOSBADFUTURE|FCUJK\n|c|\u2606SWOOSBADFUTURE|ok you win\n|\n|t:|1697917742\n|move|p2a: annoying|Protect|p2a: annoying\n|-singleturn|p2a: annoying|Protect\n|move|p1a: Cinderace|Bulk Up|p1a: Cinderace\n|-boost|p1a: Cinderace|atk|1\n|-boost|p1a: Cinderace|def|1\n|move|p1b: Hatterene|Calm Mind|p1b: Hatterene\n|-boost|p1b: Hatterene|spa|1\n|-boost|p1b: Hatterene|spd|1\n|\n|upkeep\n|turn|16\n|\n|t:|1697917757\n|move|p1a: Cinderace|Bulk Up|p1a: Cinderace\n|-boost|p1a: Cinderace|atk|1\n|-boost|p1a: Cinderace|def|1\n|move|p2a: annoying|Giga Drain|p1a: Cinderace\n|-crit|p1a: Cinderace\n|-damage|p1a: Cinderace|0 fnt\n|-heal|p2a: annoying|100\/100|[from] drain|[of] p1a: Cinderace\n|faint|p1a: Cinderace\n|move|p1b: Hatterene|Calm Mind|p1b: Hatterene\n|-boost|p1b: Hatterene|spa|1\n|-boost|p1b: Hatterene|spd|1\n|\n|upkeep\n|\n|t:|1697917768\n|switch|p1a: Salazzle|Salazzle, F|76\/100\n|turn|17\n|\n|t:|1697917784\n|move|p1a: Salazzle|Agility|p1a: Salazzle\n|-boost|p1a: Salazzle|spe|2\n|move|p2a: annoying|Giga Drain|p1a: Salazzle\n|-resisted|p1a: Salazzle\n|-damage|p1a: Salazzle|59\/100\n|move|p1b: Hatterene|Dazzling Gleam|p2a: annoying\n|-damage|p2a: annoying|29\/100\n|\n|upkeep\n|turn|18\n|\n|t:|1697917800\n|move|p1a: Salazzle|Substitute|p1a: Salazzle\n|-start|p1a: Salazzle|Substitute\n|-damage|p1a: Salazzle|34\/100\n|move|p2a: annoying|Giga Drain|p1a: Salazzle\n|-resisted|p1a: Salazzle\n|-activate|p1a: Salazzle|move: Substitute|[damage]\n|-heal|p2a: annoying|36\/100|[from] drain|[of] p1a: Salazzle\n|move|p1b: Hatterene|Calm Mind|p1b: Hatterene\n|-boost|p1b: Hatterene|spa|1\n|-boost|p1b: Hatterene|spd|1\n|\n|upkeep\n|turn|19\n|\n|t:|1697917814\n|move|p1a: Salazzle|Protect|p1a: Salazzle\n|-singleturn|p1a: Salazzle|Protect\n|move|p2a: annoying|Giga Drain|p1b: Hatterene\n|-damage|p1b: Hatterene|37\/100\n|-heal|p2a: annoying|43\/100|[from] drain|[of] p1b: Hatterene\n|-enditem|p1b: Hatterene|Sitrus Berry|[eat]\n|-heal|p1b: Hatterene|62\/100|[from] item: Sitrus Berry\n|move|p1b: Hatterene|Dazzling Gleam|p2a: annoying\n|-crit|p2a: annoying\n|-damage|p2a: annoying|0 fnt\n|faint|p2a: annoying\n|\n|win|Terastellized-Ink\n|c|\u2606SWOOSBADFUTURE|gg\n|c|\u2606SWOOSBADFUTURE|i fuckin died\n|c|\u2606Terastellized-Ink|gg\n|c|\u2606Terastellized-Ink|i'm so glad i chose skill swa\n|c|\u2606Terastellized-Ink|omg\n","uploadtime":1697917845,"views":17,"p1id":"terastellizedink","p2id":"swoosbadfuture","formatid":"gen9doublesou","rating":0,"private":0,"password":""}