{"id":"gen9doublesou-1989918689","p1":"jakejchara","p2":"glugglug_pness","format":"[Gen 9] Doubles OU","log":"|j|\u2606jakejchara\n|j|\u2606glugglug_pness\n|t:|1699906683\n|gametype|doubles\n|player|p1|jakejchara|169|1159\n|player|p2|glugglug_pness|170|1040\n|teamsize|p1|6\n|teamsize|p2|6\n|gen|9\n|tier|[Gen 9] Doubles OU\n|rated|\n|rule|Species Clause: Limit one of each Pok\u00e9mon\n|rule|OHKO Clause: OHKO moves are banned\n|rule|Evasion Moves Clause: Evasion moves are banned\n|rule|Gravity Sleep Clause: The combination of sleep-inducing moves with imperfect accuracy and Gravity or Gigantamax Orbeetle are banned\n|rule|Endless Battle Clause: Forcing endless battles is banned\n|rule|HP Percentage Mod: HP is shown in percentages\n|clearpoke\n|poke|p1|Sinistcha-Masterpiece|\n|poke|p1|Rillaboom, F|\n|poke|p1|Ursaluna, M|\n|poke|p1|Flutter Mane|\n|poke|p1|Chi-Yu|\n|poke|p1|Iron Hands|\n|poke|p2|Glimmora, F|\n|poke|p2|Rabsca, F|\n|poke|p2|Clefairy, F|\n|poke|p2|Diancie|\n|poke|p2|Ogerpon-Wellspring, F|\n|poke|p2|Volcarona, F|\n|teampreview\n|\n|t:|1699906698\n|start\n|switch|p1a: highschool ex|Sinistcha-Masterpiece|100\/100\n|switch|p1b: ye|Iron Hands|100\/100\n|switch|p2a: Glimmora|Glimmora, F, shiny|100\/100\n|switch|p2b: Volcarona|Volcarona, F, shiny|100\/100\n|turn|1\n|inactive|Battle timer is ON: inactive players will automatically lose when time's up. (requested by glugglug_pness)\n|\n|t:|1699906712\n|move|p1b: ye|Fake Out|p2b: Volcarona\n|-damage|p2b: Volcarona|81\/100\n|cant|p2b: Volcarona|flinch\n|move|p2a: Glimmora|Earth Power|p1b: ye\n|-supereffective|p1b: ye\n|-damage|p1b: ye|53\/100\n|-unboost|p1b: ye|spd|1\n|move|p1a: highschool ex|Calm Mind|p1a: highschool ex\n|-boost|p1a: highschool ex|spa|1\n|-boost|p1a: highschool ex|spd|1\n|\n|-heal|p2b: Volcarona|87\/100|[from] item: Leftovers\n|upkeep\n|turn|2\n|\n|t:|1699906735\n|-end|p1b: ye|Quark Drive|[silent]\n|switch|p1b: truck|Rillaboom, F|100\/100\n|-fieldstart|move: Grassy Terrain|[from] ability: Grassy Surge|[of] p1b: truck\n|-enditem|p1a: highschool ex|Grassy Seed\n|-boost|p1a: highschool ex|def|1|[from] item: Grassy Seed\n|move|p2b: Volcarona|Psychic|p1a: highschool ex\n|-damage|p1a: highschool ex|81\/100\n|-unboost|p1a: highschool ex|spd|1\n|move|p2a: Glimmora|Earth Power|p1b: truck\n|-resisted|p1b: truck\n|-damage|p1b: truck|90\/100\n|move|p1a: highschool ex|Calm Mind|p1a: highschool ex\n|-boost|p1a: highschool ex|spa|1\n|-boost|p1a: highschool ex|spd|1\n|\n|-heal|p2b: Volcarona|93\/100|[from] Grassy Terrain\n|-heal|p2b: Volcarona|99\/100|[from] item: Leftovers\n|-heal|p1b: truck|96\/100|[from] Grassy Terrain\n|-heal|p1a: highschool ex|87\/100|[from] Grassy Terrain\n|upkeep\n|turn|3\n|inactive|jakejchara has 120 seconds left.\n|\n|t:|1699906772\n|move|p2b: Volcarona|Fire Blast|p1b: truck\n|-supereffective|p1b: truck\n|-damage|p1b: truck|8\/100\n|-status|p1b: truck|brn\n|move|p2a: Glimmora|Gunk Shot|p1b: truck\n|-supereffective|p1b: truck\n|-damage|p1b: truck|0 fnt\n|faint|p1b: truck\n|move|p1a: highschool ex|Matcha Gotcha|p2b: Volcarona|[spread] p2b\n|-miss|p1a: highschool ex|p2a: Glimmora\n|-resisted|p2b: Volcarona\n|-damage|p2b: Volcarona|82\/100\n|-heal|p1a: highschool ex|96\/100|[from] drain|[of] p2b: Volcarona\n|\n|-heal|p2b: Volcarona|89\/100|[from] Grassy Terrain\n|-heal|p2b: Volcarona|95\/100|[from] item: Leftovers\n|-heal|p1a: highschool ex|100\/100|[from] Grassy Terrain\n|upkeep\n|\n|t:|1699906789\n|switch|p1b: gouts|Flutter Mane|100\/100\n|-enditem|p1b: gouts|Grassy Seed\n|-boost|p1b: gouts|def|1|[from] item: Grassy Seed\n|turn|4\n|\n|t:|1699906801\n|move|p2b: Volcarona|Psychic|p1b: gouts\n|-damage|p1b: gouts|71\/100\n|move|p2a: Glimmora|Gunk Shot|p1b: gouts\n|-damage|p1b: gouts|48\/100\n|-status|p1b: gouts|psn\n|move|p1a: highschool ex|Calm Mind|p1a: highschool ex\n|-boost|p1a: highschool ex|spa|1\n|-boost|p1a: highschool ex|spd|1\n|move|p1b: gouts|Trick Room|p1b: gouts\n|-fieldstart|move: Trick Room|[of] p1b: gouts\n|\n|-heal|p2b: Volcarona|100\/100|[from] Grassy Terrain\n|-heal|p1b: gouts|54\/100 psn|[from] Grassy Terrain\n|-damage|p1b: gouts|42\/100 psn|[from] psn\n|upkeep\n|turn|5\n|\n|t:|1699906823\n|move|p1b: gouts|Protect|p1b: gouts\n|-singleturn|p1b: gouts|Protect\n|move|p1a: highschool ex|Matcha Gotcha|p2a: Glimmora|[spread] p2a,p2b\n|-resisted|p2b: Volcarona\n|-damage|p2a: Glimmora|0 fnt\n|-damage|p2b: Volcarona|81\/100\n|faint|p2a: Glimmora\n|move|p2b: Volcarona|Psychic|p1a: highschool ex\n|-damage|p1a: highschool ex|85\/100\n|\n|-heal|p1a: highschool ex|91\/100|[from] Grassy Terrain\n|-heal|p2b: Volcarona|87\/100|[from] Grassy Terrain\n|-heal|p2b: Volcarona|93\/100|[from] item: Leftovers\n|-heal|p1b: gouts|48\/100 psn|[from] Grassy Terrain\n|-damage|p1b: gouts|36\/100 psn|[from] psn\n|upkeep\n|\n|t:|1699906835\n|switch|p2a: Rabsca|Rabsca, F, shiny|100\/100\n|turn|6\n|\n|t:|1699906846\n|move|p2a: Rabsca|Psych Up|p1a: highschool ex\n|-copyboost|p2a: Rabsca|p1a: highschool ex|[from] move: Psych Up\n|move|p1a: highschool ex|Matcha Gotcha|p2b: Volcarona|[spread] p2a,p2b\n|-resisted|p2a: Rabsca\n|-resisted|p2b: Volcarona\n|-crit|p2b: Volcarona\n|-damage|p2a: Rabsca|79\/100\n|-heal|p1a: highschool ex|100\/100|[from] drain|[of] p2a: Rabsca\n|-damage|p2b: Volcarona|62\/100\n|move|p2b: Volcarona|Bug Buzz|p1a: highschool ex\n|-damage|p1a: highschool ex|78\/100\n|move|p1b: gouts|Shadow Ball|p2b: Volcarona\n|-damage|p2b: Volcarona|28\/100\n|\n|-heal|p2a: Rabsca|85\/100|[from] Grassy Terrain\n|-heal|p2a: Rabsca|91\/100|[from] item: Leftovers\n|-heal|p1a: highschool ex|84\/100|[from] Grassy Terrain\n|-heal|p2b: Volcarona|34\/100|[from] Grassy Terrain\n|-heal|p2b: Volcarona|40\/100|[from] item: Leftovers\n|-heal|p1b: gouts|42\/100 psn|[from] Grassy Terrain\n|-damage|p1b: gouts|29\/100 psn|[from] psn\n|-fieldend|move: Grassy Terrain\n|upkeep\n|turn|7\n|\n|t:|1699906873\n|move|p2a: Rabsca|Sludge Bomb|p1b: gouts\n|-damage|p1b: gouts|0 fnt\n|faint|p1b: gouts\n|-end|p1b: gouts|Protosynthesis|[silent]\n|move|p1a: highschool ex|Calm Mind|p1a: highschool ex\n|-boost|p1a: highschool ex|spa|1\n|-boost|p1a: highschool ex|spd|1\n|move|p2b: Volcarona|Fire Blast|p1a: highschool ex\n|-supereffective|p1a: highschool ex\n|-damage|p1a: highschool ex|64\/100\n|-status|p1a: highschool ex|brn\n|\n|-heal|p2a: Rabsca|97\/100|[from] item: Leftovers\n|-heal|p2b: Volcarona|46\/100|[from] item: Leftovers\n|-damage|p1a: highschool ex|61\/100 brn|[from] brn\n|upkeep\n|inactive|jakejchara has 120 seconds left.\n|\n|t:|1699906884\n|switch|p1b: pocket|Chi-Yu|100\/100\n|-ability|p1b: pocket|Beads of Ruin\n|turn|8\n|\n|t:|1699906907\n|move|p2a: Rabsca|Sunny Day|p2a: Rabsca\n|-weather|SunnyDay\n|move|p1a: highschool ex|Matcha Gotcha|p2a: Rabsca|[spread] p2b\n|-miss|p1a: highschool ex|p2a: Rabsca\n|-resisted|p2b: Volcarona\n|-damage|p2b: Volcarona|22\/100\n|-heal|p1a: highschool ex|73\/100 brn|[from] drain|[of] p2b: Volcarona\n|move|p1b: pocket|Heat Wave|p2b: Volcarona|[spread] p2a,p2b\n|-supereffective|p2a: Rabsca\n|-damage|p2a: Rabsca|17\/100\n|-damage|p2b: Volcarona|0 fnt\n|faint|p2b: Volcarona\n|\n|-weather|SunnyDay|[upkeep]\n|-heal|p2a: Rabsca|23\/100|[from] item: Leftovers\n|-damage|p1a: highschool ex|70\/100 brn|[from] brn\n|-fieldend|move: Trick Room\n|upkeep\n|inactive|glugglug_pness has 120 seconds left.\n|\n|t:|1699906924\n|switch|p2b: Diancie|Diancie|100\/100\n|turn|9\n|\n|t:|1699906939\n|-terastallize|p2b: Diancie|Electric\n|move|p1b: pocket|Heat Wave|p2b: Diancie|[spread] p2a\n|-miss|p1b: pocket|p2b: Diancie\n|-supereffective|p2a: Rabsca\n|-damage|p2a: Rabsca|0 fnt\n|faint|p2a: Rabsca\n|move|p2b: Diancie|Substitute|p2b: Diancie\n|-start|p2b: Diancie|Substitute\n|-damage|p2b: Diancie|76\/100\n|move|p1a: highschool ex|Matcha Gotcha|p2b: Diancie\n|-end|p2b: Diancie|Substitute\n|-heal|p1a: highschool ex|81\/100 brn|[from] drain|[of] p2b: Diancie\n|\n|-weather|SunnyDay|[upkeep]\n|-heal|p2b: Diancie|82\/100|[from] item: Leftovers\n|-damage|p1a: highschool ex|78\/100 brn|[from] brn\n|upkeep\n|c|\u2606jakejchara|bro why do i keep msising!\n|\n|t:|1699906951\n|switch|p2a: Clefairy|Clefairy, F|100\/100\n|turn|10\n|\n|t:|1699906959\n|move|p1b: pocket|Snarl|p2a: Clefairy|[spread] p2a,p2b\n|-resisted|p2a: Clefairy\n|-damage|p2a: Clefairy|82\/100\n|-damage|p2b: Diancie|57\/100\n|-unboost|p2a: Clefairy|spa|1\n|move|p2b: Diancie|Diamond Storm|p1b: pocket|[spread] p1a,p1b\n|-supereffective|p1b: pocket\n|-damage|p1a: highschool ex|62\/100 brn\n|-damage|p1b: pocket|31\/100\n|-boost|p2b: Diancie|def|2\n|move|p1a: highschool ex|Matcha Gotcha|p2a: Clefairy|[spread] p2b\n|-miss|p1a: highschool ex|p2a: Clefairy\n|-damage|p2b: Diancie|0 fnt\n|-heal|p1a: highschool ex|85\/100 brn|[from] drain|[of] p2b: Diancie\n|faint|p2b: Diancie\n|move|p2a: Clefairy|Heal Pulse|p2: Diancie|[notarget]\n|-fail|p2a: Clefairy\n|\n|-weather|SunnyDay|[upkeep]\n|-damage|p1a: highschool ex|83\/100 brn|[from] brn\n|upkeep\n|\n|t:|1699906968\n|switch|p2b: Ogerpon|Ogerpon-Wellspring, F|100\/100\n|turn|11\n|\n|t:|1699906987\n|move|p2a: Clefairy|Follow Me|p2a: Clefairy\n|-singleturn|p2a: Clefairy|move: Follow Me\n|move|p2b: Ogerpon|Knock Off|p1a: highschool ex\n|-supereffective|p1a: highschool ex\n|-damage|p1a: highschool ex|52\/100 brn\n|move|p1b: pocket|Snarl|p2b: Ogerpon|[spread] p2a\n|-miss|p1b: pocket|p2b: Ogerpon\n|-resisted|p2a: Clefairy\n|-damage|p2a: Clefairy|63\/100\n|-unboost|p2a: Clefairy|spa|1\n|move|p1a: highschool ex|Matcha Gotcha|p2b: Ogerpon|[spread] p2b\n|-miss|p1a: highschool ex|p2a: Clefairy\n|-damage|p2b: Ogerpon|0 fnt\n|-heal|p1a: highschool ex|99\/100 brn|[from] drain|[of] p2b: Ogerpon\n|faint|p2b: Ogerpon\n|\n|-weather|SunnyDay|[upkeep]\n|-damage|p1a: highschool ex|96\/100 brn|[from] brn\n|upkeep\n|turn|12\n|c|\u2606jakejchara|this is insane\n|-message|glugglug_pness forfeited.\n|\n|win|jakejchara\n|raw|jakejchara's rating: 1159 &rarr; <strong>1176<\/strong><br \/>(+17 for winning)\n|raw|glugglug_pness's rating: 1040 &rarr; <strong>1029<\/strong><br \/>(-11 for losing)\n|l|\u2606glugglug_pness\n|c|\u2606jakejchara|i know im winning but\n|c|\u2606jakejchara|but bro\n","uploadtime":1699907013,"views":21,"p1id":"jakejchara","p2id":"glugglugpness","formatid":"gen9doublesou","rating":1029,"private":0,"password":""}