{"id":"gen9doublesou-1983211525","p1":"lroug","p2":"yante","format":"[Gen 9] Doubles OU","log":"|j|\u2606lroug\n|j|\u2606yante\n|t:|1699105743\n|gametype|doubles\n|player|p1|lroug|dawn|1414\n|player|p2|yante|1|1450\n|teamsize|p1|6\n|teamsize|p2|6\n|gen|9\n|tier|[Gen 9] Doubles OU\n|rated|\n|rule|Species Clause: Limit one of each Pok\u00e9mon\n|rule|OHKO Clause: OHKO moves are banned\n|rule|Evasion Moves Clause: Evasion moves are banned\n|rule|Gravity Sleep Clause: The combination of sleep-inducing moves with imperfect accuracy and Gravity or Gigantamax Orbeetle are banned\n|rule|Endless Battle Clause: Forcing endless battles is banned\n|rule|HP Percentage Mod: HP is shown in percentages\n|clearpoke\n|poke|p1|Ogerpon-Hearthflame, F|\n|poke|p1|Flutter Mane|\n|poke|p1|Iron Hands|\n|poke|p1|Rillaboom, F|\n|poke|p1|Heatran, F|\n|poke|p1|Grimmsnarl, M|\n|poke|p2|Flutter Mane|\n|poke|p2|Chi-Yu|\n|poke|p2|Torkoal, M|\n|poke|p2|Iron Hands|\n|poke|p2|Lilligant-Hisui, F|\n|poke|p2|Ogerpon-Cornerstone, F|\n|teampreview\n|inactive|Battle timer is ON: inactive players will automatically lose when time's up. (requested by lroug)\n|\n|t:|1699105764\n|start\n|switch|p1a: Grimmsnarl|Grimmsnarl, M|100\/100\n|switch|p1b: Heatran|Heatran, F|100\/100\n|switch|p2a: Torkoal|Torkoal, M|100\/100\n|switch|p2b: Flutter Mane|Flutter Mane|100\/100\n|-weather|SunnyDay|[from] ability: Drought|[of] p2a: Torkoal\n|-activate|p2b: Flutter Mane|ability: Protosynthesis\n|-start|p2b: Flutter Mane|protosynthesisspe\n|turn|1\n|\n|t:|1699105780\n|switch|p2a: Chi-Yu|Chi-Yu|100\/100\n|-ability|p2a: Chi-Yu|Beads of Ruin\n|move|p1a: Grimmsnarl|Light Screen|p1a: Grimmsnarl\n|-sidestart|p1: lroug|move: Light Screen\n|move|p2b: Flutter Mane|Moonblast|p1a: Grimmsnarl\n|-supereffective|p1a: Grimmsnarl\n|-damage|p1a: Grimmsnarl|0 fnt\n|faint|p1a: Grimmsnarl\n|-damage|p2b: Flutter Mane|91\/100|[from] item: Life Orb\n|move|p1b: Heatran|Earth Power|p2a: Chi-Yu\n|-supereffective|p2a: Chi-Yu\n|-damage|p2a: Chi-Yu|28\/100\n|\n|-weather|SunnyDay|[upkeep]\n|upkeep\n|\n|t:|1699105802\n|switch|p1a: Rillaboom|Rillaboom, F|100\/100\n|-fieldstart|move: Grassy Terrain|[from] ability: Grassy Surge|[of] p1a: Rillaboom\n|turn|2\n|\n|t:|1699105811\n|-end|p2b: Flutter Mane|Protosynthesis|[silent]\n|switch|p2b: Torkoal|Torkoal, M|100\/100\n|switch|p2a: Lilligant|Lilligant-Hisui, F|100\/100\n|move|p1a: Rillaboom|Fake Out|p2a: Lilligant\n|-damage|p2a: Lilligant|83\/100\n|move|p1b: Heatran|Heat Wave|p2a: Lilligant|[spread] p2a,p2b\n|-supereffective|p2a: Lilligant\n|-resisted|p2b: Torkoal\n|-damage|p2a: Lilligant|0 fnt\n|-damage|p2b: Torkoal|66\/100\n|faint|p2a: Lilligant\n|\n|-weather|SunnyDay|[upkeep]\n|-heal|p2b: Torkoal|72\/100|[from] Grassy Terrain\n|upkeep\n|\n|t:|1699105827\n|switch|p2a: Iron Hands|Iron Hands|100\/100\n|turn|3\n|\n|t:|1699105841\n|switch|p1a: Iron Hands|Iron Hands|100\/100\n|move|p1b: Heatran|Protect|p1b: Heatran\n|-singleturn|p1b: Heatran|Protect\n|move|p2a: Iron Hands|Fake Out|p1b: Heatran\n|-activate|p1b: Heatran|move: Protect\n|move|p2b: Torkoal|Heat Wave|p1b: Heatran|[spread] \n|-activate|p1b: Heatran|move: Protect\n|-miss|p2b: Torkoal|p1a: Iron Hands\n|\n|-weather|SunnyDay|[upkeep]\n|-heal|p2b: Torkoal|78\/100|[from] Grassy Terrain\n|upkeep\n|turn|4\n|\n|t:|1699105874\n|move|p1a: Iron Hands|Fake Out|p2a: Iron Hands\n|-damage|p2a: Iron Hands|92\/100\n|move|p1b: Heatran|Stealth Rock|p2a: Iron Hands\n|-sidestart|p2: yante|move: Stealth Rock\n|cant|p2a: Iron Hands|flinch\n|move|p2b: Torkoal|Earth Power|p1b: Heatran\n|-supereffective|p1b: Heatran\n|-damage|p1b: Heatran|52\/100\n|\n|-weather|SunnyDay|[upkeep]\n|-heal|p1b: Heatran|58\/100|[from] Grassy Terrain\n|-heal|p1b: Heatran|64\/100|[from] item: Leftovers\n|-heal|p2a: Iron Hands|98\/100|[from] Grassy Terrain\n|-heal|p2b: Torkoal|84\/100|[from] Grassy Terrain\n|upkeep\n|turn|5\n|\n|t:|1699105894\n|move|p1b: Heatran|Protect|p1b: Heatran\n|-singleturn|p1b: Heatran|Protect\n|move|p2a: Iron Hands|Drain Punch|p1b: Heatran\n|-activate|p1b: Heatran|move: Protect\n|move|p1a: Iron Hands|Volt Switch|p2b: Torkoal\n|-damage|p2b: Torkoal|64\/100\n|\n|t:|1699105907\n|-end|p1a: Iron Hands|Quark Drive|[silent]\n|switch|p1a: Ogerpon|Ogerpon-Hearthflame, F|100\/100|[from] Volt Switch\n|-ability|p1a: Ogerpon|Mold Breaker\n|move|p2b: Torkoal|Heat Wave|p1b: Heatran|[spread] p1a\n|-activate|p1b: Heatran|move: Protect\n|-damage|p1a: Ogerpon|58\/100\n|\n|-weather|none\n|-heal|p1a: Ogerpon|64\/100|[from] Grassy Terrain\n|-heal|p1b: Heatran|71\/100|[from] Grassy Terrain\n|-heal|p1b: Heatran|77\/100|[from] item: Leftovers\n|-heal|p2a: Iron Hands|100\/100|[from] Grassy Terrain\n|-heal|p2b: Torkoal|71\/100|[from] Grassy Terrain\n|upkeep\n|turn|6\n|inactive|lroug has 120 seconds left.\n|\n|t:|1699105946\n|-terastallize|p1b: Heatran|Grass\n|move|p1a: Ogerpon|Spiky Shield|p1a: Ogerpon\n|-singleturn|p1a: Ogerpon|move: Protect\n|move|p1b: Heatran|Earth Power|p2b: Torkoal\n|-supereffective|p2b: Torkoal\n|-damage|p2b: Torkoal|0 fnt\n|faint|p2b: Torkoal\n|move|p2a: Iron Hands|Drain Punch|p1b: Heatran\n|-damage|p1b: Heatran|40\/100\n|\n|-heal|p1a: Ogerpon|70\/100|[from] Grassy Terrain\n|-heal|p1b: Heatran|47\/100|[from] Grassy Terrain\n|-heal|p1b: Heatran|53\/100|[from] item: Leftovers\n|-fieldend|move: Grassy Terrain\n|upkeep\n|inactive|yante has 120 seconds left.\n|\n|t:|1699105965\n|switch|p2b: Chi-Yu|Chi-Yu|28\/100\n|-damage|p2b: Chi-Yu|3\/100|[from] Stealth Rock\n|-ability|p2b: Chi-Yu|Beads of Ruin\n|turn|7\n|\n|t:|1699105976\n|switch|p1a: Iron Hands|Iron Hands|100\/100\n|move|p1b: Heatran|Protect|p1b: Heatran\n|-singleturn|p1b: Heatran|Protect\n|move|p2b: Chi-Yu|Heat Wave|p1b: Heatran|[spread] p1a\n|-activate|p1b: Heatran|move: Protect\n|-damage|p1a: Iron Hands|86\/100\n|move|p2a: Iron Hands|Heavy Slam|p1a: Iron Hands\n|-resisted|p1a: Iron Hands\n|-damage|p1a: Iron Hands|81\/100\n|\n|-heal|p1b: Heatran|59\/100|[from] item: Leftovers\n|upkeep\n|turn|8\n|\n|t:|1699106002\n|-terastallize|p2b: Chi-Yu|Ghost\n|move|p2b: Chi-Yu|Heat Wave|p1b: Heatran|[spread] p1a\n|-start|p1b: Heatran|ability: Flash Fire\n|-damage|p1a: Iron Hands|65\/100\n|-status|p1a: Iron Hands|brn\n|move|p1b: Heatran|Heat Wave|p2b: Chi-Yu|[spread] p2a,p2b\n|-damage|p2a: Iron Hands|66\/100\n|-damage|p2b: Chi-Yu|0 fnt\n|faint|p2b: Chi-Yu\n|move|p2a: Iron Hands|Drain Punch|p1a: Iron Hands\n|-damage|p1a: Iron Hands|37\/100 brn\n|-heal|p2a: Iron Hands|83\/100|[from] drain|[of] p1a: Iron Hands\n|move|p1a: Iron Hands|Drain Punch|p2a: Iron Hands\n|-damage|p2a: Iron Hands|71\/100\n|-heal|p1a: Iron Hands|42\/100 brn|[from] drain|[of] p2a: Iron Hands\n|\n|-heal|p1b: Heatran|65\/100|[from] item: Leftovers\n|-damage|p1a: Iron Hands|36\/100 brn|[from] brn\n|-sideend|p1: lroug|move: Light Screen\n|upkeep\n|inactive|yante has 120 seconds left.\n|\n|t:|1699106028\n|switch|p2b: Ogerpon|Ogerpon-Cornerstone, F|100\/100\n|-damage|p2b: Ogerpon|88\/100|[from] Stealth Rock\n|turn|9\n|inactive|yante has 120 seconds left.\n|inactive|lroug has 120 seconds left.\n|\n|t:|1699106060\n|move|p2b: Ogerpon|Ivy Cudgel|p1b: Heatran\n|-damage|p1b: Heatran|16\/100\n|move|p1b: Heatran|Heat Wave|p2a: Iron Hands|[spread] p2a,p2b\n|-damage|p2a: Iron Hands|45\/100\n|-damage|p2b: Ogerpon|28\/100\n|move|p2a: Iron Hands|Drain Punch|p1a: Iron Hands\n|-damage|p1a: Iron Hands|7\/100 brn\n|-heal|p2a: Iron Hands|61\/100|[from] drain|[of] p1a: Iron Hands\n|move|p1a: Iron Hands|Drain Punch|p2b: Ogerpon\n|-supereffective|p2b: Ogerpon\n|-damage|p2b: Ogerpon|0 fnt\n|-heal|p1a: Iron Hands|16\/100 brn|[from] drain|[of] p2b: Ogerpon\n|faint|p2b: Ogerpon\n|\n|-heal|p1b: Heatran|22\/100|[from] item: Leftovers\n|-damage|p1a: Iron Hands|10\/100 brn|[from] brn\n|upkeep\n|inactive|yante has 120 seconds left.\n|\n|t:|1699106078\n|switch|p2b: Flutter Mane|Flutter Mane|91\/100\n|-damage|p2b: Flutter Mane|78\/100|[from] Stealth Rock\n|turn|10\n|\n|t:|1699106087\n|move|p2b: Flutter Mane|Dazzling Gleam|p1a: Iron Hands|[spread] p1a,p1b\n|-supereffective|p1a: Iron Hands\n|-damage|p1a: Iron Hands|0 fnt\n|-damage|p1b: Heatran|0 fnt\n|faint|p1a: Iron Hands\n|-end|p1a: Iron Hands|Quark Drive|[silent]\n|faint|p1b: Heatran\n|-damage|p2b: Flutter Mane|68\/100|[from] item: Life Orb\n|move|p2a: Iron Hands|Drain Punch|p1: Iron Hands|[notarget]\n|-fail|p2a: Iron Hands\n|\n|upkeep\n|\n|t:|1699106093\n|switch|p1b: Ogerpon|Ogerpon-Hearthflame, F|70\/100\n|switch|p1a: Rillaboom|Rillaboom, F|100\/100\n|-ability|p1b: Ogerpon|Mold Breaker\n|-fieldstart|move: Grassy Terrain|[from] ability: Grassy Surge|[of] p1a: Rillaboom\n|turn|11\n|\n|t:|1699106113\n|move|p1a: Rillaboom|Fake Out|p2a: Iron Hands\n|-damage|p2a: Iron Hands|53\/100\n|move|p1b: Ogerpon|Grassy Glide|p2b: Flutter Mane\n|-damage|p2b: Flutter Mane|0 fnt\n|faint|p2b: Flutter Mane\n|-end|p2b: Flutter Mane|Protosynthesis|[silent]\n|cant|p2a: Iron Hands|flinch\n|\n|-heal|p1b: Ogerpon|76\/100|[from] Grassy Terrain\n|-heal|p2a: Iron Hands|59\/100|[from] Grassy Terrain\n|upkeep\n|turn|12\n|\n|t:|1699106131\n|move|p1b: Ogerpon|Wood Hammer|p2a: Iron Hands\n|-damage|p2a: Iron Hands|0 fnt\n|faint|p2a: Iron Hands\n|-end|p2a: Iron Hands|Quark Drive|[silent]\n|-damage|p1b: Ogerpon|47\/100|[from] Recoil\n|\n|win|lroug\n|raw|lroug's rating: 1414 &rarr; <strong>1436<\/strong><br \/>(+22 for winning)\n|raw|yante's rating: 1450 &rarr; <strong>1428<\/strong><br \/>(-22 for losing)\n|l|\u2606lroug\n","uploadtime":1699106142,"views":13,"p1id":"lroug","p2id":"yante","formatid":"gen9doublesou","rating":1428,"private":0,"password":""}