{"id":"gen9doublesou-1995302370","p1":"zoe","p2":"aniihS","format":"[Gen 9] Doubles OU","log":"|j|\u2606zoe\n|j|\u2606aniihS\n|t:|1700549939\n|gametype|doubles\n|player|p1|zoe|#dpl9spectralthieves|1493\n|player|p2|aniihS|elesa-masters|1400\n|teamsize|p1|6\n|teamsize|p2|6\n|gen|9\n|tier|[Gen 9] Doubles OU\n|rated|\n|rule|Species Clause: Limit one of each Pok\u00e9mon\n|rule|OHKO Clause: OHKO moves are banned\n|rule|Evasion Moves Clause: Evasion moves are banned\n|rule|Gravity Sleep Clause: The combination of sleep-inducing moves with imperfect accuracy and Gravity or Gigantamax Orbeetle are banned\n|rule|Endless Battle Clause: Forcing endless battles is banned\n|rule|HP Percentage Mod: HP is shown in percentages\n|clearpoke\n|poke|p1|Chimecho, F|\n|poke|p1|Oricorio-Pom-Pom, M|\n|poke|p1|Iron Bundle|\n|poke|p1|Landorus-Therian, M|\n|poke|p1|Volcarona, F|\n|poke|p1|Rillaboom, F|\n|poke|p2|Cresselia, F|\n|poke|p2|Ursaluna, M|\n|poke|p2|Flutter Mane|\n|poke|p2|Iron Hands|\n|poke|p2|Arcanine, F|\n|poke|p2|Sinistcha-Masterpiece|\n|teampreview\n|inactive|Battle timer is ON: inactive players will automatically lose when time's up. (requested by zoe)\n|\n|t:|1700549953\n|start\n|switch|p1a: Chimecho|Chimecho, F|100\/100\n|switch|p1b: Oricorio|Oricorio-Pom-Pom, M|100\/100\n|switch|p2a: Arcanine|Arcanine, F|100\/100\n|switch|p2b: Flutter Mane|Flutter Mane|100\/100\n|-ability|p2a: Arcanine|Intimidate|boost\n|-unboost|p1a: Chimecho|atk|1\n|-unboost|p1b: Oricorio|atk|1\n|-enditem|p2b: Flutter Mane|Booster Energy\n|-activate|p2b: Flutter Mane|ability: Protosynthesis|[fromitem]\n|-start|p2b: Flutter Mane|protosynthesisspe\n|turn|1\n|\n|t:|1700549974\n|switch|p1b: Landorus|Landorus-Therian, M|100\/100\n|-ability|p1b: Landorus|Intimidate|boost\n|-unboost|p2a: Arcanine|atk|1\n|-unboost|p2b: Flutter Mane|atk|1\n|move|p1a: Chimecho|Protect|p1a: Chimecho\n|-singleturn|p1a: Chimecho|Protect\n|move|p2b: Flutter Mane|Dark Pulse|p1a: Chimecho\n|-activate|p1a: Chimecho|move: Protect\n|move|p2a: Arcanine|Will-O-Wisp|p1b: Landorus\n|-status|p1b: Landorus|brn\n|\n|-damage|p1b: Landorus|94\/100 brn|[from] brn\n|upkeep\n|turn|2\n|\n|t:|1700549984\n|switch|p1b: Oricorio|Oricorio-Pom-Pom, M|100\/100\n|-terastallize|p1a: Chimecho|Fairy\n|move|p2a: Arcanine|Helping Hand|p2b: Flutter Mane\n|-singleturn|p2b: Flutter Mane|Helping Hand|[of] p2a: Arcanine\n|move|p2b: Flutter Mane|Dark Pulse|p1a: Chimecho\n|-resisted|p1a: Chimecho\n|-damage|p1a: Chimecho|77\/100\n|move|p1a: Chimecho|Skill Swap|p1b: Oricorio\n|-activate|p1a: Chimecho|move: Skill Swap|||[of] p1b: Oricorio\n|\n|upkeep\n|turn|3\n|\n|t:|1700550002\n|switch|p1b: Iron Bundle|Iron Bundle|100\/100\n|move|p2b: Flutter Mane|Dazzling Gleam|p1b: Iron Bundle|[spread] p1a,p1b\n|-damage|p1a: Chimecho|43\/100\n|-damage|p1b: Iron Bundle|33\/100\n|-enditem|p1a: Chimecho|Sitrus Berry|[eat]\n|-heal|p1a: Chimecho|68\/100|[from] item: Sitrus Berry\n|move|p1a: Chimecho|Entrainment||[still]\n|-fail|p1a: Chimecho\n|move|p2a: Arcanine|Flare Blitz|p1a: Chimecho\n|-damage|p1a: Chimecho|19\/100\n|-damage|p2a: Arcanine|82\/100|[from] Recoil\n|\n|upkeep\n|turn|4\n|\n|t:|1700550025\n|switch|p2a: Sinistcha|Sinistcha-Masterpiece|100\/100\n|move|p1a: Chimecho|Protect|p1a: Chimecho\n|-singleturn|p1a: Chimecho|Protect\n|move|p2b: Flutter Mane|Dazzling Gleam|p1b: Iron Bundle|[spread] p1b\n|-activate|p1a: Chimecho|move: Protect\n|-damage|p1b: Iron Bundle|0 fnt\n|faint|p1b: Iron Bundle\n|-end|p1b: Iron Bundle|Quark Drive|[silent]\n|\n|upkeep\n|\n|t:|1700550033\n|switch|p1b: Volcarona|Volcarona, F|100\/100\n|turn|5\n|inactive|aniihS has 120 seconds left.\n|\n|t:|1700550068\n|move|p2b: Flutter Mane|Dazzling Gleam|p1a: Chimecho|[spread] p1a,p1b\n|-resisted|p1b: Volcarona\n|-damage|p1a: Chimecho|0 fnt\n|-damage|p1b: Volcarona|85\/100\n|faint|p1a: Chimecho\n|move|p1b: Volcarona|Quiver Dance|p1b: Volcarona\n|-boost|p1b: Volcarona|spa|1\n|-boost|p1b: Volcarona|spd|1\n|-boost|p1b: Volcarona|spe|1\n|move|p2a: Sinistcha|Trick Room|p2a: Sinistcha\n|-fieldstart|move: Trick Room|[of] p2a: Sinistcha\n|\n|upkeep\n|\n|t:|1700550075\n|switch|p1a: Oricorio|Oricorio-Pom-Pom, M|100\/100\n|turn|6\n|\n|t:|1700550087\n|-end|p2b: Flutter Mane|Protosynthesis|[silent]\n|switch|p2b: Iron Hands|Iron Hands|100\/100\n|move|p2a: Sinistcha|Matcha Gotcha|p1a: Oricorio|[spread] p1a,p1b\n|-resisted|p1a: Oricorio\n|-resisted|p1b: Volcarona\n|-damage|p1a: Oricorio|85\/100\n|-damage|p1b: Volcarona|81\/100\n|move|p1a: Oricorio|Quiver Dance|p1a: Oricorio\n|-boost|p1a: Oricorio|spa|1\n|-boost|p1a: Oricorio|spd|1\n|-boost|p1a: Oricorio|spe|1\n|move|p1b: Volcarona|Quiver Dance|p1b: Volcarona\n|-boost|p1b: Volcarona|spa|1\n|-boost|p1b: Volcarona|spd|1\n|-boost|p1b: Volcarona|spe|1\n|-activate|p1a: Oricorio|ability: Dancer\n|move|p1a: Oricorio|Quiver Dance|p1a: Oricorio|[from]ability: Dancer\n|-boost|p1a: Oricorio|spa|1\n|-boost|p1a: Oricorio|spd|1\n|-boost|p1a: Oricorio|spe|1\n|\n|upkeep\n|turn|7\n|\n|t:|1700550110\n|switch|p1a: Landorus|Landorus-Therian, M|94\/100 brn\n|-ability|p1a: Landorus|Intimidate|boost\n|-unboost|p2a: Sinistcha|atk|1\n|-unboost|p2b: Iron Hands|atk|1\n|move|p1b: Volcarona|Protect|p1b: Volcarona\n|-singleturn|p1b: Volcarona|Protect\n|move|p2b: Iron Hands|Fake Out|p1a: Landorus\n|-damage|p1a: Landorus|84\/100 brn\n|move|p2a: Sinistcha|Matcha Gotcha|p1b: Volcarona|[spread] p1a\n|-activate|p1b: Volcarona|move: Protect\n|-damage|p1a: Landorus|66\/100 brn\n|\n|-damage|p1a: Landorus|60\/100 brn|[from] brn\n|upkeep\n|turn|8\n|\n|t:|1700550130\n|move|p2b: Iron Hands|Drain Punch|p1b: Volcarona\n|-resisted|p1b: Volcarona\n|-damage|p1b: Volcarona|56\/100\n|move|p2a: Sinistcha|Matcha Gotcha|p1b: Volcarona|[spread] p1a,p1b\n|-resisted|p1b: Volcarona\n|-damage|p1a: Landorus|44\/100 brn\n|-damage|p1b: Volcarona|53\/100\n|move|p1a: Landorus|U-turn|p2a: Sinistcha\n|-damage|p2a: Sinistcha|91\/100\n|\n|t:|1700550140\n|switch|p1a: Rillaboom|Rillaboom, F|100\/100|[from] U-turn\n|-fieldstart|move: Grassy Terrain|[from] ability: Grassy Surge|[of] p1a: Rillaboom\n|move|p1b: Volcarona|Heat Wave|p2b: Iron Hands|[spread] p2b\n|-miss|p1b: Volcarona|p2a: Sinistcha\n|-damage|p2b: Iron Hands|58\/100\n|\n|-heal|p2b: Iron Hands|64\/100|[from] Grassy Terrain\n|-heal|p2a: Sinistcha|97\/100|[from] Grassy Terrain\n|-heal|p2a: Sinistcha|100\/100|[from] item: Leftovers\n|-heal|p1b: Volcarona|59\/100|[from] Grassy Terrain\n|upkeep\n|turn|9\n|\n|t:|1700550151\n|move|p1b: Volcarona|Protect|p1b: Volcarona\n|-singleturn|p1b: Volcarona|Protect\n|move|p2b: Iron Hands|Wild Charge|p1b: Volcarona\n|-activate|p1b: Volcarona|move: Protect\n|move|p2a: Sinistcha|Matcha Gotcha|p1a: Rillaboom|[spread] p1a\n|-activate|p1b: Volcarona|move: Protect\n|-resisted|p1a: Rillaboom\n|-damage|p1a: Rillaboom|91\/100\n|move|p1a: Rillaboom|U-turn|p2b: Iron Hands\n|-resisted|p2b: Iron Hands\n|-damage|p2b: Iron Hands|56\/100\n|\n|t:|1700550159\n|switch|p1a: Oricorio|Oricorio-Pom-Pom, M|85\/100|[from] U-turn\n|\n|-heal|p2b: Iron Hands|62\/100|[from] Grassy Terrain\n|-heal|p1b: Volcarona|65\/100|[from] Grassy Terrain\n|-fieldend|move: Trick Room\n|upkeep\n|turn|10\n|\n|t:|1700550168\n|-terastallize|p2a: Sinistcha|Water\n|move|p1b: Volcarona|Heat Wave|p2a: Sinistcha|[spread] p2b\n|-miss|p1b: Volcarona|p2a: Sinistcha\n|-crit|p2b: Iron Hands\n|-damage|p2b: Iron Hands|0 fnt\n|faint|p2b: Iron Hands\n|-end|p2b: Iron Hands|Quark Drive|[silent]\n|move|p1a: Oricorio|Quiver Dance|p1a: Oricorio\n|-boost|p1a: Oricorio|spa|1\n|-boost|p1a: Oricorio|spd|1\n|-boost|p1a: Oricorio|spe|1\n|move|p2a: Sinistcha|Trick Room|p2a: Sinistcha\n|-fieldstart|move: Trick Room|[of] p2a: Sinistcha\n|\n|-heal|p1b: Volcarona|71\/100|[from] Grassy Terrain\n|upkeep\n|\n|t:|1700550175\n|switch|p2b: Ursaluna|Ursaluna, M|100\/100\n|turn|11\n|\n|t:|1700550186\n|move|p1b: Volcarona|Protect|p1b: Volcarona\n|-singleturn|p1b: Volcarona|Protect\n|move|p2b: Ursaluna|Swords Dance|p2b: Ursaluna\n|-boost|p2b: Ursaluna|atk|2\n|-activate|p1a: Oricorio|ability: Dancer\n|move|p1a: Oricorio|Swords Dance|p1a: Oricorio|[from]ability: Dancer\n|-boost|p1a: Oricorio|atk|2\n|move|p2a: Sinistcha|Matcha Gotcha|p1a: Oricorio|[spread] p1a\n|-activate|p1b: Volcarona|move: Protect\n|-resisted|p1a: Oricorio\n|-damage|p1a: Oricorio|71\/100\n|move|p1a: Oricorio|Hurricane|p2b: Ursaluna|[miss]\n|-miss|p1a: Oricorio|p2b: Ursaluna\n|\n|-heal|p1b: Volcarona|77\/100|[from] Grassy Terrain\n|-status|p2b: Ursaluna|brn|[from] item: Flame Orb\n|upkeep\n|turn|12\n|\n|t:|1700550203\n|move|p2b: Ursaluna|Facade|p1b: Volcarona\n|-damage|p1b: Volcarona|0 fnt\n|faint|p1b: Volcarona\n|move|p2a: Sinistcha|Matcha Gotcha|p1a: Oricorio\n|-resisted|p1a: Oricorio\n|-damage|p1a: Oricorio|52\/100\n|move|p1a: Oricorio|Hurricane|p2b: Ursaluna\n|-damage|p2b: Ursaluna|56\/100 brn\n|-start|p2b: Ursaluna|confusion\n|\n|-heal|p2b: Ursaluna|62\/100 brn|[from] Grassy Terrain\n|-damage|p2b: Ursaluna|56\/100 brn|[from] brn\n|-fieldend|move: Grassy Terrain\n|upkeep\n|\n|t:|1700550207\n|switch|p1b: Rillaboom|Rillaboom, F|91\/100\n|-fieldstart|move: Grassy Terrain|[from] ability: Grassy Surge|[of] p1b: Rillaboom\n|turn|13\n|\n|t:|1700550225\n|switch|p2b: Arcanine|Arcanine, F|82\/100\n|-ability|p2b: Arcanine|Intimidate|boost\n|-unboost|p1a: Oricorio|atk|1\n|-unboost|p1b: Rillaboom|atk|1\n|move|p1b: Rillaboom|Fake Out|p2b: Arcanine\n|-damage|p2b: Arcanine|73\/100\n|-damage|p1b: Rillaboom|75\/100|[from] item: Rocky Helmet|[of] p2b: Arcanine\n|move|p2a: Sinistcha|Matcha Gotcha|p1a: Oricorio|[spread] p1a,p1b\n|-resisted|p1a: Oricorio\n|-resisted|p1b: Rillaboom\n|-damage|p1a: Oricorio|38\/100\n|-damage|p1b: Rillaboom|65\/100\n|-enditem|p1a: Oricorio|Sitrus Berry|[eat]\n|-heal|p1a: Oricorio|63\/100|[from] item: Sitrus Berry\n|move|p1a: Oricorio|Quiver Dance|p1a: Oricorio\n|-boost|p1a: Oricorio|spa|1\n|-boost|p1a: Oricorio|spd|1\n|-boost|p1a: Oricorio|spe|1\n|\n|-heal|p1b: Rillaboom|71\/100|[from] Grassy Terrain\n|-heal|p2b: Arcanine|79\/100|[from] Grassy Terrain\n|upkeep\n|turn|14\n|\n|t:|1700550248\n|switch|p1b: Landorus|Landorus-Therian, M|44\/100 brn\n|-ability|p1b: Landorus|Intimidate|boost\n|-unboost|p2a: Sinistcha|atk|1\n|-unboost|p2b: Arcanine|atk|1\n|move|p1a: Oricorio|Protect|p1a: Oricorio\n|-singleturn|p1a: Oricorio|Protect\n|move|p2a: Sinistcha|Matcha Gotcha|p1b: Landorus|[spread] p1b\n|-activate|p1a: Oricorio|move: Protect\n|-damage|p1b: Landorus|22\/100 brn\n|move|p2b: Arcanine|Flare Blitz|p1a: Oricorio\n|-activate|p1a: Oricorio|move: Protect\n|\n|-heal|p2b: Arcanine|86\/100|[from] Grassy Terrain\n|-damage|p1b: Landorus|16\/100 brn|[from] brn\n|-fieldend|move: Trick Room\n|upkeep\n|turn|15\n|\n|t:|1700550260\n|move|p1a: Oricorio|Revelation Dance|p2a: Sinistcha\n|-supereffective|p2a: Sinistcha\n|-damage|p2a: Sinistcha|0 fnt\n|faint|p2a: Sinistcha\n|move|p2b: Arcanine|Will-O-Wisp|p1a: Oricorio\n|-status|p1a: Oricorio|brn\n|move|p1b: Landorus|Stomping Tantrum|p2b: Arcanine\n|-supereffective|p2b: Arcanine\n|-damage|p2b: Arcanine|37\/100\n|-damage|p1b: Landorus|0 fnt|[from] item: Rocky Helmet|[of] p2b: Arcanine\n|faint|p1b: Landorus\n|\n|-heal|p2b: Arcanine|43\/100|[from] Grassy Terrain\n|-damage|p1a: Oricorio|56\/100 brn|[from] brn\n|upkeep\n|\n|t:|1700550270\n|switch|p1b: Rillaboom|Rillaboom, F|71\/100\n|switch|p2a: Cresselia|Cresselia, F|100\/100\n|turn|16\n|\n|t:|1700550277\n|move|p1b: Rillaboom|Fake Out|p2a: Cresselia\n|-damage|p2a: Cresselia|91\/100\n|move|p1a: Oricorio|Revelation Dance|p2b: Arcanine\n|-damage|p2b: Arcanine|0 fnt\n|faint|p2b: Arcanine\n|cant|p2a: Cresselia|flinch\n|\n|-heal|p1b: Rillaboom|77\/100|[from] Grassy Terrain\n|-heal|p2a: Cresselia|98\/100|[from] item: Leftovers\n|-damage|p1a: Oricorio|50\/100 brn|[from] brn\n|upkeep\n|\n|t:|1700550284\n|switch|p2b: Flutter Mane|Flutter Mane|100\/100\n|turn|17\n|\n|t:|1700550293\n|move|p2b: Flutter Mane|Protect|p2b: Flutter Mane\n|-singleturn|p2b: Flutter Mane|Protect\n|move|p1b: Rillaboom|Grassy Glide|p2b: Flutter Mane\n|-activate|p2b: Flutter Mane|move: Protect\n|move|p1a: Oricorio|Revelation Dance|p2b: Flutter Mane\n|-activate|p2b: Flutter Mane|move: Protect\n|move|p2a: Cresselia|Trick Room|p2a: Cresselia\n|-fieldstart|move: Trick Room|[of] p2a: Cresselia\n|\n|-heal|p1b: Rillaboom|83\/100|[from] Grassy Terrain\n|-heal|p2a: Cresselia|100\/100|[from] item: Leftovers\n|-damage|p1a: Oricorio|44\/100 brn|[from] brn\n|-fieldend|move: Grassy Terrain\n|upkeep\n|turn|18\n|\n|t:|1700550307\n|move|p2a: Cresselia|Helping Hand|p2b: Flutter Mane\n|-singleturn|p2b: Flutter Mane|Helping Hand|[of] p2a: Cresselia\n|move|p1b: Rillaboom|Wood Hammer|p2b: Flutter Mane\n|-damage|p2b: Flutter Mane|0 fnt\n|faint|p2b: Flutter Mane\n|-end|p2b: Flutter Mane|Protosynthesis|[silent]\n|-damage|p1b: Rillaboom|63\/100|[from] Recoil\n|move|p1a: Oricorio|Revelation Dance|p2a: Cresselia\n|-damage|p2a: Cresselia|71\/100\n|\n|-heal|p2a: Cresselia|77\/100|[from] item: Leftovers\n|-damage|p1a: Oricorio|38\/100 brn|[from] brn\n|upkeep\n|\n|t:|1700550313\n|switch|p2b: Ursaluna|Ursaluna, M|56\/100 brn\n|turn|19\n|\n|t:|1700550321\n|move|p2b: Ursaluna|Drain Punch|p1a: Oricorio\n|-resisted|p1a: Oricorio\n|-crit|p1a: Oricorio\n|-damage|p1a: Oricorio|0 fnt\n|-heal|p2b: Ursaluna|71\/100 brn|[from] drain|[of] p1a: Oricorio\n|faint|p1a: Oricorio\n|move|p1b: Rillaboom|Wood Hammer|p2b: Ursaluna\n|-supereffective|p2b: Ursaluna\n|-damage|p2b: Ursaluna|0 fnt\n|faint|p2b: Ursaluna\n|-damage|p1b: Rillaboom|37\/100|[from] Recoil\n|move|p2a: Cresselia|Lunar Blessing|p2a: Cresselia\n|-heal|p2a: Cresselia|100\/100\n|\n|upkeep\n|turn|20\n|\n|t:|1700550331\n|move|p2a: Cresselia|Shadow Ball|p1b: Rillaboom\n|-damage|p1b: Rillaboom|28\/100\n|move|p1b: Rillaboom|U-turn|p2a: Cresselia\n|-supereffective|p2a: Cresselia\n|-damage|p2a: Cresselia|65\/100\n|\n|-heal|p2a: Cresselia|71\/100|[from] item: Leftovers\n|upkeep\n|turn|21\n|\n|t:|1700550336\n|move|p1b: Rillaboom|U-turn|p2a: Cresselia\n|-supereffective|p2a: Cresselia\n|-damage|p2a: Cresselia|37\/100\n|move|p2a: Cresselia|Shadow Ball|p1b: Rillaboom\n|-damage|p1b: Rillaboom|18\/100\n|\n|-heal|p2a: Cresselia|43\/100|[from] item: Leftovers\n|-fieldend|move: Trick Room\n|upkeep\n|turn|22\n|\n|t:|1700550341\n|move|p2a: Cresselia|Lunar Blessing|p2a: Cresselia\n|-heal|p2a: Cresselia|68\/100\n|move|p1b: Rillaboom|U-turn|p2a: Cresselia\n|-supereffective|p2a: Cresselia\n|-damage|p2a: Cresselia|35\/100\n|\n|-heal|p2a: Cresselia|41\/100|[from] item: Leftovers\n|upkeep\n|turn|23\n|\n|t:|1700550346\n|move|p2a: Cresselia|Lunar Blessing|p2a: Cresselia\n|-heal|p2a: Cresselia|66\/100\n|move|p1b: Rillaboom|U-turn|p2a: Cresselia\n|-supereffective|p2a: Cresselia\n|-damage|p2a: Cresselia|32\/100\n|\n|-heal|p2a: Cresselia|38\/100|[from] item: Leftovers\n|upkeep\n|turn|24\n|\n|t:|1700550360\n|move|p1b: Rillaboom|U-turn|p2a: Cresselia\n|-supereffective|p2a: Cresselia\n|-damage|p2a: Cresselia|4\/100\n|move|p2a: Cresselia|Lunar Blessing|p2a: Cresselia\n|-heal|p2a: Cresselia|29\/100\n|\n|-heal|p2a: Cresselia|35\/100|[from] item: Leftovers\n|upkeep\n|turn|25\n|\n|t:|1700550364\n|move|p2a: Cresselia|Shadow Ball|p1b: Rillaboom\n|-damage|p1b: Rillaboom|8\/100\n|move|p1b: Rillaboom|U-turn|p2a: Cresselia\n|-supereffective|p2a: Cresselia\n|-damage|p2a: Cresselia|3\/100\n|\n|-heal|p2a: Cresselia|9\/100|[from] item: Leftovers\n|upkeep\n|turn|26\n|\n|t:|1700550367\n|move|p1b: Rillaboom|U-turn|p2a: Cresselia\n|-supereffective|p2a: Cresselia\n|-damage|p2a: Cresselia|0 fnt\n|faint|p2a: Cresselia\n|\n|win|zoe\n|raw|zoe's rating: 1493 &rarr; <strong>1508<\/strong><br \/>(+15 for winning)\n|raw|aniihS's rating: 1400 &rarr; <strong>1385<\/strong><br \/>(-15 for losing)\n","uploadtime":1700550372,"views":9,"p1id":"zoe","p2id":"aniihs","formatid":"gen9doublesou","rating":1385,"private":0,"password":""}