{"id":"gen9doublesou-1974651666","p1":"Thehombre","p2":"BaconOP","format":"[Gen 9] Doubles OU","log":"|j|\u2606Thehombre\n|j|\u2606BaconOP\n|t:|1698106745\n|gametype|doubles\n|player|p1|Thehombre|265|1005\n|player|p2|BaconOP|n|1000\n|teamsize|p1|6\n|teamsize|p2|6\n|gen|9\n|tier|[Gen 9] Doubles OU\n|rated|\n|rule|Species Clause: Limit one of each Pok\u00e9mon\n|rule|OHKO Clause: OHKO moves are banned\n|rule|Evasion Moves Clause: Evasion moves are banned\n|rule|Gravity Sleep Clause: The combination of sleep-inducing moves with imperfect accuracy and Gravity or Gigantamax Orbeetle are banned\n|rule|Endless Battle Clause: Forcing endless battles is banned\n|rule|HP Percentage Mod: HP is shown in percentages\n|clearpoke\n|poke|p1|Fezandipiti, M|\n|poke|p1|Overqwil, M|\n|poke|p1|Munkidori, M|\n|poke|p1|Landorus, M|\n|poke|p1|Corviknight, F|\n|poke|p1|Muk-Alola, F|\n|poke|p2|Ninetales, F|\n|poke|p2|Torkoal, F|\n|poke|p2|Scovillain, F|\n|poke|p2|Lilligant-Hisui, F|\n|poke|p2|Slither Wing|\n|poke|p2|Garganacl, F|\n|teampreview\n|inactive|Battle timer is ON: inactive players will automatically lose when time's up. (requested by Thehombre)\n|\n|t:|1698106757\n|start\n|switch|p1a: Landorus|Landorus, M|100\/100\n|switch|p1b: Fezandipiti|Fezandipiti, M|100\/100\n|switch|p2a: Torkoal|Torkoal, F|100\/100\n|switch|p2b: Garganacl|Garganacl, F|100\/100\n|-weather|SunnyDay|[from] ability: Drought|[of] p2a: Torkoal\n|turn|1\n|\n|t:|1698106782\n|move|p1a: Landorus|Sandsear Storm|p2b: Garganacl|[spread] p2a,p2b\n|-supereffective|p2a: Torkoal\n|-supereffective|p2b: Garganacl\n|-damage|p2a: Torkoal|0 fnt\n|-damage|p2b: Garganacl|8\/100\n|faint|p2a: Torkoal\n|move|p1b: Fezandipiti|Dazzling Gleam|p2b: Garganacl\n|-damage|p2b: Garganacl|0 fnt\n|faint|p2b: Garganacl\n|\n|-weather|SunnyDay|[upkeep]\n|upkeep\n|inactive|BaconOP has 120 seconds left.\n|\n|t:|1698106793\n|switch|p2b: Lilligant|Lilligant-Hisui, F|100\/100\n|switch|p2a: Scovillain|Scovillain, F|100\/100\n|turn|2\n|\n|t:|1698106804\n|switch|p1a: Muk|Muk-Alola, F|100\/100\n|move|p2b: Lilligant|Solar Blade||[still]\n|-prepare|p2b: Lilligant|Solar Blade\n|-anim|p2b: Lilligant|Solar Blade|p1a: Muk\n|-resisted|p1a: Muk\n|-damage|p1a: Muk|69\/100\n|move|p2a: Scovillain|Solar Beam||[still]\n|-prepare|p2a: Scovillain|Solar Beam\n|-anim|p2a: Scovillain|Solar Beam|p1a: Muk\n|-resisted|p1a: Muk\n|-damage|p1a: Muk|45\/100\n|move|p1b: Fezandipiti|Icy Wind|p2b: Lilligant|[spread] p2a,p2b\n|-supereffective|p2b: Lilligant\n|-damage|p2a: Scovillain|84\/100\n|-damage|p2b: Lilligant|71\/100\n|-unboost|p2a: Scovillain|spe|1\n|-unboost|p2b: Lilligant|spe|1\n|-status|p2b: Lilligant|tox|[from] ability: Toxic Chain|[of] p1b: Fezandipiti\n|\n|-weather|SunnyDay|[upkeep]\n|-heal|p2a: Scovillain|90\/100|[from] item: Leftovers\n|-heal|p1a: Muk|51\/100|[from] item: Leftovers\n|-damage|p2b: Lilligant|65\/100 tox|[from] psn\n|upkeep\n|turn|3\n|\n|t:|1698106830\n|move|p2b: Lilligant|Close Combat|p1a: Muk\n|-damage|p1a: Muk|0 fnt\n|-unboost|p2b: Lilligant|def|1\n|-unboost|p2b: Lilligant|spd|1\n|faint|p1a: Muk\n|move|p2a: Scovillain|Fire Blast|p1b: Fezandipiti\n|-damage|p1b: Fezandipiti|26\/100\n|-status|p1b: Fezandipiti|brn\n|move|p1b: Fezandipiti|Icy Wind|p2a: Scovillain|[spread] p2a,p2b\n|-supereffective|p2b: Lilligant\n|-damage|p2a: Scovillain|73\/100\n|-damage|p2b: Lilligant|18\/100 tox\n|-unboost|p2a: Scovillain|spe|1\n|-unboost|p2b: Lilligant|spe|1\n|-enditem|p2b: Lilligant|Iapapa Berry|[eat]\n|-heal|p2b: Lilligant|51\/100 tox|[from] item: Iapapa Berry\n|\n|-weather|SunnyDay|[upkeep]\n|-heal|p1b: Fezandipiti|32\/100 brn|[from] item: Leftovers\n|-heal|p2a: Scovillain|79\/100|[from] item: Leftovers\n|-damage|p2b: Lilligant|39\/100 tox|[from] psn\n|-damage|p1b: Fezandipiti|26\/100 brn|[from] brn\n|upkeep\n|inactive|Thehombre has 120 seconds left.\n|\n|t:|1698106852\n|switch|p1a: Munkidori|Munkidori, M|100\/100\n|turn|4\n|\n|t:|1698106877\n|switch|p1b: Corviknight|Corviknight, F|100\/100\n|move|p2a: Scovillain|Protect|p2a: Scovillain\n|-singleturn|p2a: Scovillain|Protect\n|move|p1a: Munkidori|Sludge Wave|p2a: Scovillain|[spread] p2b\n|-activate|p2a: Scovillain|move: Protect\n|-immune|p1b: Corviknight\n|-supereffective|p2b: Lilligant\n|-damage|p2b: Lilligant|0 fnt\n|faint|p2b: Lilligant\n|\n|-weather|SunnyDay|[upkeep]\n|-heal|p2a: Scovillain|85\/100|[from] item: Leftovers\n|upkeep\n|\n|t:|1698106880\n|switch|p2b: Slither Wing|Slither Wing|100\/100\n|-activate|p2b: Slither Wing|ability: Protosynthesis\n|-start|p2b: Slither Wing|protosynthesisatk\n|turn|5\n|\n|t:|1698106897\n|move|p1a: Munkidori|Sludge Wave|p2a: Scovillain|[spread] p2a,p2b\n|-immune|p1b: Corviknight\n|-supereffective|p2a: Scovillain\n|-damage|p2a: Scovillain|0 fnt\n|-damage|p2b: Slither Wing|52\/100\n|faint|p2a: Scovillain\n|move|p2b: Slither Wing|U-turn|p1a: Munkidori\n|-damage|p1a: Munkidori|0 fnt\n|faint|p1a: Munkidori\n|\n|t:|1698106906\n|-end|p2b: Slither Wing|Protosynthesis|[silent]\n|switch|p2b: Ninetales|Ninetales, F|100\/100|[from] U-turn\n|move|p1b: Corviknight|Drill Peck|p2b: Ninetales\n|-damage|p2b: Ninetales|48\/100\n|\n|-weather|none\n|upkeep\n|\n|t:|1698106911\n|switch|p1a: Landorus|Landorus, M|100\/100\n|switch|p2a: Slither Wing|Slither Wing|52\/100\n|turn|6\n|inactive|BaconOP has 120 seconds left.\n|\n|t:|1698106971\n|move|p1a: Landorus|Earth Power|p2b: Ninetales\n|-supereffective|p2b: Ninetales\n|-damage|p2b: Ninetales|0 fnt\n|faint|p2b: Ninetales\n|move|p2a: Slither Wing|Flare Blitz|p1b: Corviknight\n|-supereffective|p1b: Corviknight\n|-damage|p1b: Corviknight|0 fnt\n|faint|p1b: Corviknight\n|-damage|p2a: Slither Wing|17\/100|[from] Recoil\n|\n|upkeep\n|\n|t:|1698106978\n|switch|p1b: Overqwil|Overqwil, M|100\/100\n|turn|7\n|inactive|BaconOP has 120 seconds left.\n|\n|t:|1698106985\n|-terastallize|p1a: Landorus|Ground\n|move|p1a: Landorus|Earth Power|p2a: Slither Wing\n|-resisted|p2a: Slither Wing\n|-damage|p2a: Slither Wing|0 fnt\n|faint|p2a: Slither Wing\n|-end|p2a: Slither Wing|Protosynthesis|[silent]\n|\n|win|Thehombre\n|raw|Thehombre's rating: 1005 &rarr; <strong>1044<\/strong><br \/>(+39 for winning)\n|raw|BaconOP's rating: 1000 &rarr; <strong>1000<\/strong><br \/>(+0 for losing)\n","uploadtime":1698106988,"views":11,"p1id":"thehombre","p2id":"baconop","formatid":"gen9doublesou","rating":1000,"private":0,"password":""}