{"id":"gen9doublesou-1981220913","p1":"Jourvicious","p2":"madmikex100","format":"[Gen 9] Doubles OU","log":"|j|\u2606Jourvicious\n|j|\u2606madmikex100\n|t:|1698873677\n|gametype|doubles\n|player|p1|Jourvicious|lisia-masters|1393\n|player|p2|madmikex100|brock|1490\n|teamsize|p1|6\n|teamsize|p2|6\n|gen|9\n|tier|[Gen 9] Doubles OU\n|rated|\n|rule|Species Clause: Limit one of each Pok\u00e9mon\n|rule|OHKO Clause: OHKO moves are banned\n|rule|Evasion Moves Clause: Evasion moves are banned\n|rule|Gravity Sleep Clause: The combination of sleep-inducing moves with imperfect accuracy and Gravity or Gigantamax Orbeetle are banned\n|rule|Endless Battle Clause: Forcing endless battles is banned\n|rule|HP Percentage Mod: HP is shown in percentages\n|clearpoke\n|poke|p1|Kommo-o, M|\n|poke|p1|Shiftry, F|\n|poke|p1|Tornadus, M|\n|poke|p1|Arcanine-Hisui, F|\n|poke|p1|Sinistcha-Masterpiece|\n|poke|p1|Ninetales-Alola, M|\n|poke|p2|Tyranitar, M|\n|poke|p2|Hippowdon, M|\n|poke|p2|Glimmora, M|\n|poke|p2|Houndstone, M|\n|poke|p2|Garganacl, M|\n|poke|p2|Goodra-Hisui, M|\n|teampreview\n|inactive|Battle timer is ON: inactive players will automatically lose when time's up. (requested by Jourvicious)\n|\n|t:|1698873700\n|start\n|switch|p1a: Shiftry|Shiftry, F, shiny|100\/100\n|switch|p1b: Tornadus|Tornadus, M|100\/100\n|switch|p2a: Hippowdon|Hippowdon, M, shiny|100\/100\n|switch|p2b: Glimmora|Glimmora, M, shiny|100\/100\n|-weather|Sandstorm|[from] ability: Sand Stream|[of] p2a: Hippowdon\n|turn|1\n|\n|t:|1698873717\n|-terastallize|p2a: Hippowdon|Grass\n|move|p1b: Tornadus|Tailwind|p1b: Tornadus\n|-sidestart|p1: Jourvicious|move: Tailwind\n|-ability|p1a: Shiftry|Wind Rider|boost\n|-boost|p1a: Shiftry|atk|1\n|move|p1a: Shiftry|Leaf Blade|p2a: Hippowdon\n|-resisted|p2a: Hippowdon\n|-damage|p2a: Hippowdon|82\/100\n|move|p2b: Glimmora|Sludge Bomb|p1a: Shiftry\n|-supereffective|p1a: Shiftry\n|-enditem|p1a: Shiftry|Focus Sash\n|-damage|p1a: Shiftry|1\/100\n|-status|p1a: Shiftry|psn\n|move|p2a: Hippowdon|Ice Fang|p1b: Tornadus\n|-supereffective|p1b: Tornadus\n|-damage|p1b: Tornadus|63\/100\n|\n|-weather|Sandstorm|[upkeep]\n|-damage|p1b: Tornadus|57\/100|[from] Sandstorm\n|-damage|p1a: Shiftry|0 fnt|[from] Sandstorm\n|-damage|p2a: Hippowdon|76\/100|[from] Sandstorm\n|faint|p1a: Shiftry\n|-heal|p2a: Hippowdon|82\/100|[from] item: Leftovers\n|upkeep\n|inactive|Jourvicious has 120 seconds left.\n|\n|t:|1698873745\n|switch|p1a: Kommo-o|Kommo-o, M|100\/100\n|turn|2\n|\n|t:|1698873755\n|move|p1b: Tornadus|Bleakwind Storm|p2b: Glimmora|[spread] \n|-miss|p1b: Tornadus|p2a: Hippowdon\n|-miss|p1b: Tornadus|p2b: Glimmora\n|move|p1a: Kommo-o|Iron Head|p2a: Hippowdon\n|-damage|p2a: Hippowdon|70\/100\n|move|p2b: Glimmora|Sludge Bomb|p1a: Kommo-o\n|-damage|p1a: Kommo-o|60\/100\n|move|p2a: Hippowdon|Ice Fang|p1a: Kommo-o|[miss]\n|-miss|p2a: Hippowdon|p1a: Kommo-o\n|\n|-weather|Sandstorm|[upkeep]\n|-damage|p1b: Tornadus|51\/100|[from] Sandstorm\n|-damage|p2a: Hippowdon|64\/100|[from] Sandstorm\n|-heal|p2a: Hippowdon|70\/100|[from] item: Leftovers\n|upkeep\n|turn|3\n|inactive|madmikex100 has 120 seconds left.\n|\n|t:|1698873794\n|switch|p1b: Ninetales|Ninetales-Alola, M|100\/100\n|-weather|Snow|[from] ability: Snow Warning|[of] p1b: Ninetales\n|-terastallize|p1a: Kommo-o|Steel\n|move|p1a: Kommo-o|Clangorous Soul|p1a: Kommo-o\n|-boost|p1a: Kommo-o|atk|1\n|-boost|p1a: Kommo-o|def|1\n|-boost|p1a: Kommo-o|spa|1\n|-boost|p1a: Kommo-o|spd|1\n|-boost|p1a: Kommo-o|spe|1\n|-damage|p1a: Kommo-o|27\/100\n|move|p2b: Glimmora|Sludge Bomb|p1a: Kommo-o\n|-immune|p1a: Kommo-o\n|move|p2a: Hippowdon|Ice Fang|p1a: Kommo-o\n|-resisted|p1a: Kommo-o\n|-damage|p1a: Kommo-o|23\/100\n|\n|-weather|Snow|[upkeep]\n|-heal|p2a: Hippowdon|76\/100|[from] item: Leftovers\n|upkeep\n|turn|4\n|\n|t:|1698873819\n|switch|p1b: Sinistcha|Sinistcha-Masterpiece|100\/100\n|-heal|p1a: Kommo-o|47\/100|[from] ability: Hospitality|[of] p1b: Sinistcha\n|switch|p2a: Tyranitar|Tyranitar, M, shiny|100\/100\n|-weather|Sandstorm|[from] ability: Sand Stream|[of] p2a: Tyranitar\n|move|p2b: Glimmora|Spiky Shield|p2b: Glimmora\n|-singleturn|p2b: Glimmora|move: Protect\n|move|p1a: Kommo-o|Drain Punch|p2a: Tyranitar\n|-supereffective|p2a: Tyranitar\n|-damage|p2a: Tyranitar|0 fnt\n|-heal|p1a: Kommo-o|96\/100|[from] drain|[of] p2a: Tyranitar\n|faint|p2a: Tyranitar\n|\n|-weather|Sandstorm|[upkeep]\n|-damage|p1b: Sinistcha|94\/100|[from] Sandstorm\n|-sideend|p1: Jourvicious|move: Tailwind\n|upkeep\n|\n|t:|1698873826\n|switch|p2a: Goodra|Goodra-Hisui, M|100\/100\n|turn|5\n|\n|t:|1698873843\n|switch|p1b: Ninetales|Ninetales-Alola, M|100\/100\n|-weather|Snow|[from] ability: Snow Warning|[of] p1b: Ninetales\n|move|p1a: Kommo-o|Drain Punch|p2a: Goodra\n|-supereffective|p2a: Goodra\n|-damage|p2a: Goodra|15\/100\n|-heal|p1a: Kommo-o|100\/100|[from] drain|[of] p2a: Goodra\n|-enditem|p2a: Goodra|Aguav Berry|[eat]\n|-heal|p2a: Goodra|48\/100|[from] item: Aguav Berry\n|move|p2b: Glimmora|Sludge Bomb|p1b: Ninetales\n|-supereffective|p1b: Ninetales\n|-damage|p1b: Ninetales|0 fnt\n|faint|p1b: Ninetales\n|move|p2a: Goodra|Ice Beam|p1a: Kommo-o\n|-resisted|p1a: Kommo-o\n|-damage|p1a: Kommo-o|91\/100\n|\n|-weather|Snow|[upkeep]\n|upkeep\n|\n|t:|1698873864\n|switch|p1b: Arcanine|Arcanine-Hisui, F|100\/100\n|-ability|p1b: Arcanine|Intimidate|boost\n|-unboost|p2a: Goodra|atk|1\n|-unboost|p2b: Glimmora|atk|1\n|turn|6\n|\n|t:|1698873874\n|move|p1a: Kommo-o|Drain Punch|p2b: Glimmora\n|-damage|p2b: Glimmora|42\/100\n|-heal|p1a: Kommo-o|100\/100|[from] drain|[of] p2b: Glimmora\n|-activate|p2b: Glimmora|ability: Toxic Debris\n|-sidestart|p1: Jourvicious|move: Toxic Spikes\n|move|p2b: Glimmora|Earth Power|p1a: Kommo-o\n|-supereffective|p1a: Kommo-o\n|-damage|p1a: Kommo-o|64\/100\n|move|p1b: Arcanine|Flare Blitz|p2a: Goodra\n|-damage|p2a: Goodra|0 fnt\n|faint|p2a: Goodra\n|-damage|p1b: Arcanine|84\/100|[from] Recoil\n|\n|-weather|Snow|[upkeep]\n|-heal|p2b: Glimmora|48\/100|[from] item: Leftovers\n|upkeep\n|\n|t:|1698873879\n|switch|p2a: Hippowdon|Hippowdon, M, shiny, tera:Grass|76\/100\n|-weather|Sandstorm|[from] ability: Sand Stream|[of] p2a: Hippowdon\n|turn|7\n|\n|t:|1698873893\n|move|p1a: Kommo-o|Drain Punch|p2b: Glimmora\n|-damage|p2b: Glimmora|0 fnt\n|-heal|p1a: Kommo-o|85\/100|[from] drain|[of] p2b: Glimmora\n|-activate|p2b: Glimmora|ability: Toxic Debris\n|-sidestart|p1: Jourvicious|move: Toxic Spikes\n|faint|p2b: Glimmora\n|move|p1b: Arcanine|Flare Blitz|p2a: Hippowdon\n|-supereffective|p2a: Hippowdon\n|-damage|p2a: Hippowdon|0 fnt\n|faint|p2a: Hippowdon\n|-damage|p1b: Arcanine|54\/100|[from] Recoil\n|\n|-weather|Sandstorm|[upkeep]\n|upkeep\n|\n|t:|1698873902\n|switch|p2b: Garganacl|Garganacl, M, shiny|100\/100\n|switch|p2a: Houndstone|Houndstone, M, shiny|100\/100\n|turn|8\n|\n|t:|1698873912\n|move|p2a: Houndstone|Last Respects|p1a: Kommo-o\n|-damage|p1a: Kommo-o|30\/100\n|move|p1a: Kommo-o|Iron Head|p2a: Houndstone\n|-damage|p2a: Houndstone|36\/100\n|move|p1b: Arcanine|Flare Blitz|p2a: Houndstone\n|-damage|p2a: Houndstone|0 fnt\n|faint|p2a: Houndstone\n|-damage|p1b: Arcanine|44\/100|[from] Recoil\n|move|p2b: Garganacl|Salt Cure|p1a: Kommo-o\n|-resisted|p1a: Kommo-o\n|-damage|p1a: Kommo-o|26\/100\n|-start|p1a: Kommo-o|Salt Cure\n|\n|-weather|Sandstorm|[upkeep]\n|-damage|p1a: Kommo-o|1\/100|[from] Salt Cure\n|upkeep\n|turn|9\n|\n|t:|1698873928\n|switch|p1b: Sinistcha|Sinistcha-Masterpiece|94\/100\n|-status|p1b: Sinistcha|tox\n|-heal|p1a: Kommo-o|26\/100|[from] ability: Hospitality|[of] p1b: Sinistcha\n|move|p2b: Garganacl|Protect|p2b: Garganacl\n|-singleturn|p2b: Garganacl|Protect\n|move|p1a: Kommo-o|Drain Punch|p2b: Garganacl\n|-activate|p2b: Garganacl|move: Protect\n|\n|-weather|Sandstorm|[upkeep]\n|-damage|p1b: Sinistcha|88\/100 tox|[from] Sandstorm\n|-damage|p1b: Sinistcha|82\/100 tox|[from] psn\n|-damage|p1a: Kommo-o|1\/100|[from] Salt Cure\n|upkeep\n|turn|10\n|\n|t:|1698873950\n|move|p2b: Garganacl|Protect|p2b: Garganacl\n|-singleturn|p2b: Garganacl|Protect\n|move|p1a: Kommo-o|Drain Punch|p2b: Garganacl\n|-activate|p2b: Garganacl|move: Protect\n|move|p1b: Sinistcha|Calm Mind|p1b: Sinistcha\n|-boost|p1b: Sinistcha|spa|1\n|-boost|p1b: Sinistcha|spd|1\n|\n|-weather|Sandstorm|[upkeep]\n|-damage|p1b: Sinistcha|76\/100 tox|[from] Sandstorm\n|-damage|p1b: Sinistcha|64\/100 tox|[from] psn\n|-damage|p1a: Kommo-o|0 fnt|[from] Salt Cure\n|faint|p1a: Kommo-o\n|upkeep\n|\n|t:|1698873958\n|switch|p1a: Tornadus|Tornadus, M|51\/100\n|turn|11\n|\n|t:|1698873965\n|move|p1a: Tornadus|Taunt|p2b: Garganacl\n|-start|p2b: Garganacl|move: Taunt\n|move|p1b: Sinistcha|Matcha Gotcha|p2b: Garganacl\n|-supereffective|p2b: Garganacl\n|-damage|p2b: Garganacl|50\/100\n|-heal|p1b: Sinistcha|89\/100 tox|[from] drain|[of] p2b: Garganacl\n|move|p2b: Garganacl|Salt Cure|p1b: Sinistcha\n|-damage|p1b: Sinistcha|79\/100 tox\n|-start|p1b: Sinistcha|Salt Cure\n|\n|-weather|none\n|-damage|p1b: Sinistcha|60\/100 tox|[from] psn\n|-damage|p1b: Sinistcha|48\/100 tox|[from] Salt Cure\n|upkeep\n|-enditem|p1b: Sinistcha|Sitrus Berry|[eat]\n|-heal|p1b: Sinistcha|73\/100 tox|[from] item: Sitrus Berry\n|turn|12\n|\n|t:|1698873977\n|move|p1a: Tornadus|Fling|p2b: Garganacl\n|-damage|p2b: Garganacl|45\/100\n|-enditem|p1a: Tornadus|King's Rock|[from] move: Fling\n|move|p1b: Sinistcha|Matcha Gotcha|p2b: Garganacl\n|-supereffective|p2b: Garganacl\n|-damage|p2b: Garganacl|0 fnt\n|-heal|p1b: Sinistcha|95\/100 tox|[from] drain|[of] p2b: Garganacl\n|faint|p2b: Garganacl\n|\n|win|Jourvicious\n|raw|Jourvicious's rating: 1393 &rarr; <strong>1418<\/strong><br \/>(+25 for winning)\n|raw|madmikex100's rating: 1490 &rarr; <strong>1465<\/strong><br \/>(-25 for losing)\n","uploadtime":1698873986,"views":18,"p1id":"jourvicious","p2id":"madmikex100","formatid":"gen9doublesou","rating":1418,"private":0,"password":""}