{"id":"gen9doublesou-1980576250","p1":"NotSeriously","p2":"UY QUE RICO PAPI","format":"[Gen 9] Doubles OU","log":"|j|\u2606NotSeriously\n|j|\u2606UY QUE RICO PAPI\n|t:|1698799186\n|gametype|doubles\n|player|p1|NotSeriously|unknown|1197\n|player|p2|UY QUE RICO PAPI|1|1300\n|teamsize|p1|6\n|teamsize|p2|6\n|gen|9\n|tier|[Gen 9] Doubles OU\n|rated|\n|rule|Species Clause: Limit one of each Pok\u00e9mon\n|rule|OHKO Clause: OHKO moves are banned\n|rule|Evasion Moves Clause: Evasion moves are banned\n|rule|Gravity Sleep Clause: The combination of sleep-inducing moves with imperfect accuracy and Gravity or Gigantamax Orbeetle are banned\n|rule|Endless Battle Clause: Forcing endless battles is banned\n|rule|HP Percentage Mod: HP is shown in percentages\n|clearpoke\n|poke|p1|Flamigo, F|\n|poke|p1|Azumarill, F|\n|poke|p1|Grimmsnarl, M|\n|poke|p1|Ursaluna, M|\n|poke|p1|Amoonguss, M|\n|poke|p1|Iron Hands|\n|poke|p2|Trevenant, M|\n|poke|p2|Grimmsnarl, M|\n|poke|p2|Garganacl, F|\n|poke|p2|Ting-Lu|\n|poke|p2|Cresselia, F|\n|poke|p2|Glimmora, F|\n|teampreview\n|inactive|Battle timer is ON: inactive players will automatically lose when time's up. (requested by UY QUE RICO PAPI)\n|\n|t:|1698799224\n|start\n|switch|p1a: Grimmsnarl|Grimmsnarl, M|100\/100\n|switch|p1b: Azumarill|Azumarill, F|100\/100\n|switch|p2a: Grimmsnarl|Grimmsnarl, M|100\/100\n|switch|p2b: Ting-Lu|Ting-Lu|100\/100\n|-ability|p2b: Ting-Lu|Vessel of Ruin\n|turn|1\n|\n|t:|1698799241\n|move|p1a: Grimmsnarl|Reflect|p1a: Grimmsnarl\n|-sidestart|p1: NotSeriously|Reflect\n|move|p2a: Grimmsnarl|Taunt|p1b: Azumarill\n|-start|p1b: Azumarill|move: Taunt\n|cant|p1b: Azumarill|move: Taunt|Belly Drum\n|move|p2b: Ting-Lu|Spikes|p1b: Azumarill\n|-sidestart|p1: NotSeriously|Spikes\n|\n|upkeep\n|turn|2\n|inactive|UY QUE RICO PAPI has 120 seconds left.\n|inactive|UY QUE RICO PAPI has 90 seconds left.\n|\n|t:|1698799309\n|move|p2a: Grimmsnarl|Reflect|p2a: Grimmsnarl\n|-sidestart|p2: UY QUE RICO PAPI|Reflect\n|move|p1a: Grimmsnarl|Light Screen|p1a: Grimmsnarl\n|-sidestart|p1: NotSeriously|move: Light Screen\n|move|p1b: Azumarill|Play Rough|p2b: Ting-Lu\n|-supereffective|p2b: Ting-Lu\n|-damage|p2b: Ting-Lu|67\/100\n|move|p2b: Ting-Lu|Mean Look|p1b: Azumarill\n|-activate|p1b: Azumarill|trapped\n|\n|-heal|p2b: Ting-Lu|73\/100|[from] item: Leftovers\n|upkeep\n|turn|3\n|\n|t:|1698799336\n|move|p2b: Ting-Lu|Protect|p2b: Ting-Lu\n|-singleturn|p2b: Ting-Lu|Protect\n|move|p2a: Grimmsnarl|Light Screen|p2a: Grimmsnarl\n|-sidestart|p2: UY QUE RICO PAPI|move: Light Screen\n|move|p1a: Grimmsnarl|Sucker Punch||[still]\n|-fail|p1a: Grimmsnarl\n|move|p1b: Azumarill|Aqua Jet|p2b: Ting-Lu\n|-activate|p2b: Ting-Lu|move: Protect\n|\n|-heal|p2b: Ting-Lu|79\/100|[from] item: Leftovers\n|-end|p1b: Azumarill|move: Taunt\n|upkeep\n|turn|4\n|inactive|UY QUE RICO PAPI has 120 seconds left.\n|inactive|NotSeriously has 120 seconds left.\n|inactive|NotSeriously has 90 seconds left.\n|\n|t:|1698799406\n|switch|p1a: Iron Hands|Iron Hands|100\/100\n|-damage|p1a: Iron Hands|88\/100|[from] Spikes\n|-enditem|p1a: Iron Hands|Booster Energy\n|-activate|p1a: Iron Hands|ability: Quark Drive|[fromitem]\n|-start|p1a: Iron Hands|quarkdriveatk\n|move|p1b: Azumarill|Protect|p1b: Azumarill\n|-singleturn|p1b: Azumarill|Protect\n|move|p2a: Grimmsnarl|Taunt|p1b: Azumarill\n|-activate|p1b: Azumarill|move: Protect\n|move|p2b: Ting-Lu|Ruination|p1b: Azumarill\n|-activate|p1b: Azumarill|move: Protect\n|\n|-heal|p2b: Ting-Lu|86\/100|[from] item: Leftovers\n|upkeep\n|turn|5\n|inactive|UY QUE RICO PAPI has 120 seconds left.\n|inactive|NotSeriously has 90 seconds left.\n|\n|t:|1698799432\n|-terastallize|p2b: Ting-Lu|Poison\n|move|p1a: Iron Hands|Fake Out|p2a: Grimmsnarl\n|-damage|p2a: Grimmsnarl|88\/100\n|cant|p2a: Grimmsnarl|flinch\n|move|p1b: Azumarill|Belly Drum|p1b: Azumarill\n|-damage|p1b: Azumarill|51\/100\n|-setboost|p1b: Azumarill|atk|6|[from] move: Belly Drum\n|move|p2b: Ting-Lu|Mean Look|p1a: Iron Hands\n|-activate|p1a: Iron Hands|trapped\n|\n|-heal|p2b: Ting-Lu|92\/100|[from] item: Leftovers\n|upkeep\n|turn|6\n|inactive|UY QUE RICO PAPI has 120 seconds left.\n|inactive|NotSeriously has 90 seconds left.\n|\n|t:|1698799473\n|move|p2b: Ting-Lu|Protect|p2b: Ting-Lu\n|-singleturn|p2b: Ting-Lu|Protect\n|move|p2a: Grimmsnarl|Parting Shot|p1b: Azumarill\n|-unboost|p1b: Azumarill|atk|1\n|-unboost|p1b: Azumarill|spa|1\n|inactive|UY QUE RICO PAPI has 90 seconds left.\n|\n|t:|1698799504\n|switch|p2a: Cresselia|Cresselia, F|100\/100|[from] Parting Shot\n|move|p1b: Azumarill|Aqua Jet|p2a: Cresselia\n|-crit|p2a: Cresselia\n|-damage|p2a: Cresselia|35\/100\n|move|p1a: Iron Hands|Wild Charge|p2b: Ting-Lu\n|-activate|p2b: Ting-Lu|move: Protect\n|\n|-heal|p2b: Ting-Lu|98\/100|[from] item: Leftovers\n|upkeep\n|turn|7\n|inactive|NotSeriously has 90 seconds left.\n|inactive|UY QUE RICO PAPI has 90 seconds left.\n|\n|t:|1698799530\n|move|p1b: Azumarill|Aqua Jet|p2b: Ting-Lu\n|-damage|p2b: Ting-Lu|74\/100\n|move|p2a: Cresselia|Sunny Day|p2a: Cresselia\n|-weather|SunnyDay\n|move|p1a: Iron Hands|Iron Head|p2a: Cresselia\n|-damage|p2a: Cresselia|19\/100\n|move|p2b: Ting-Lu|Ruination|p1b: Azumarill\n|-damage|p1b: Azumarill|26\/100\n|-enditem|p1b: Azumarill|Sitrus Berry|[eat]\n|-heal|p1b: Azumarill|51\/100|[from] item: Sitrus Berry\n|\n|-weather|SunnyDay|[upkeep]\n|-heal|p2b: Ting-Lu|80\/100|[from] item: Leftovers\n|upkeep\n|turn|8\n|inactive|NotSeriously has 90 seconds left.\n|\n|t:|1698799572\n|move|p1b: Azumarill|Aqua Jet|p2a: Cresselia\n|-damage|p2a: Cresselia|3\/100\n|move|p2a: Cresselia|Lunar Blessing|p2a: Cresselia|[spread] p2a,p2b\n|-heal|p2a: Cresselia|28\/100\n|-heal|p2b: Ting-Lu|100\/100\n|move|p1a: Iron Hands|Wild Charge|p2b: Ting-Lu\n|-damage|p2b: Ting-Lu|82\/100\n|-damage|p1a: Iron Hands|83\/100|[from] Recoil\n|move|p2b: Ting-Lu|Ruination|p1b: Azumarill\n|-damage|p1b: Azumarill|26\/100\n|\n|-weather|SunnyDay|[upkeep]\n|-heal|p2b: Ting-Lu|88\/100|[from] item: Leftovers\n|-sideend|p1: NotSeriously|Reflect\n|upkeep\n|turn|9\n|inactive|UY QUE RICO PAPI has 120 seconds left.\n|inactive|NotSeriously has 90 seconds left.\n|\n|t:|1698799595\n|switch|p2a: Grimmsnarl|Grimmsnarl, M|88\/100\n|move|p2b: Ting-Lu|Protect|p2b: Ting-Lu\n|-singleturn|p2b: Ting-Lu|Protect\n|move|p1b: Azumarill|Aqua Jet|p2a: Grimmsnarl\n|-damage|p2a: Grimmsnarl|62\/100\n|move|p1a: Iron Hands|Drain Punch|p2a: Grimmsnarl\n|-damage|p2a: Grimmsnarl|29\/100\n|-heal|p1a: Iron Hands|97\/100|[from] drain|[of] p2a: Grimmsnarl\n|\n|-weather|SunnyDay|[upkeep]\n|-heal|p2b: Ting-Lu|94\/100|[from] item: Leftovers\n|-sideend|p2: UY QUE RICO PAPI|Reflect\n|-sideend|p1: NotSeriously|move: Light Screen\n|upkeep\n|turn|10\n|inactive|NotSeriously has 90 seconds left.\n|inactive|UY QUE RICO PAPI has 120 seconds left.\n|\n|t:|1698799628\n|move|p1b: Azumarill|Protect|p1b: Azumarill\n|-singleturn|p1b: Azumarill|Protect\n|move|p2a: Grimmsnarl|Reflect|p2a: Grimmsnarl\n|-sidestart|p2: UY QUE RICO PAPI|Reflect\n|move|p1a: Iron Hands|Iron Head|p2a: Grimmsnarl\n|-supereffective|p2a: Grimmsnarl\n|-damage|p2a: Grimmsnarl|0 fnt\n|faint|p2a: Grimmsnarl\n|move|p2b: Ting-Lu|Ruination|p1a: Iron Hands\n|-damage|p1a: Iron Hands|49\/100\n|\n|-weather|SunnyDay|[upkeep]\n|-heal|p2b: Ting-Lu|99\/100|[from] item: Leftovers\n|-sideend|p2: UY QUE RICO PAPI|move: Light Screen\n|upkeep\n|\n|t:|1698799639\n|switch|p2a: Trevenant|Trevenant, M|100\/100\n|turn|11\n|inactive|UY QUE RICO PAPI has 120 seconds left.\n|inactive|NotSeriously has 90 seconds left.\n|inactive|UY QUE RICO PAPI has 90 seconds left.\n|\n|t:|1698799680\n|move|p1b: Azumarill|Aqua Jet|p2b: Ting-Lu\n|-damage|p2b: Ting-Lu|89\/100\n|move|p2a: Trevenant|Leech Seed|p1b: Azumarill\n|-start|p1b: Azumarill|move: Leech Seed\n|move|p1a: Iron Hands|Wild Charge|p2b: Ting-Lu\n|-damage|p2b: Ting-Lu|69\/100\n|-damage|p1a: Iron Hands|43\/100|[from] Recoil\n|move|p2b: Ting-Lu|Spikes|p1b: Azumarill\n|-sidestart|p1: NotSeriously|Spikes\n|\n|-weather|none\n|-heal|p2b: Ting-Lu|76\/100|[from] item: Leftovers\n|-damage|p1b: Azumarill|13\/100|[from] Leech Seed|[of] p2a: Trevenant\n|upkeep\n|turn|12\n|\n|t:|1698799700\n|move|p1b: Azumarill|Aqua Jet|p2b: Ting-Lu\n|-damage|p2b: Ting-Lu|50\/100\n|move|p2a: Trevenant|Leech Seed|p1a: Iron Hands\n|-start|p1a: Iron Hands|move: Leech Seed\n|move|p1a: Iron Hands|Wild Charge|p2b: Ting-Lu\n|-damage|p2b: Ting-Lu|31\/100\n|-damage|p1a: Iron Hands|38\/100|[from] Recoil\n|move|p2b: Ting-Lu|Spikes|p1b: Azumarill\n|-sidestart|p1: NotSeriously|Spikes\n|\n|-heal|p2b: Ting-Lu|37\/100|[from] item: Leftovers\n|-damage|p1a: Iron Hands|25\/100|[from] Leech Seed|[of] p2a: Trevenant\n|-damage|p1b: Azumarill|1\/100|[from] Leech Seed|[of] p2a: Trevenant\n|upkeep\n|turn|13\n|\n|t:|1698799716\n|move|p2a: Trevenant|Protect|p2a: Trevenant\n|-singleturn|p2a: Trevenant|Protect\n|move|p2b: Ting-Lu|Protect|p2b: Ting-Lu\n|-singleturn|p2b: Ting-Lu|Protect\n|move|p1b: Azumarill|Aqua Jet|p2b: Ting-Lu\n|-activate|p2b: Ting-Lu|move: Protect\n|move|p1a: Iron Hands|Wild Charge|p2b: Ting-Lu\n|-activate|p2b: Ting-Lu|move: Protect\n|\n|-heal|p2b: Ting-Lu|43\/100|[from] item: Leftovers\n|-damage|p1b: Azumarill|0 fnt|[from] Leech Seed|[of] p2a: Trevenant\n|faint|p1b: Azumarill\n|-damage|p1a: Iron Hands|13\/100|[from] Leech Seed|[of] p2a: Trevenant\n|upkeep\n|\n|t:|1698799734\n|switch|p1b: Ursaluna|Ursaluna, M|100\/100\n|-damage|p1b: Ursaluna|76\/100|[from] Spikes\n|turn|14\n|inactive|UY QUE RICO PAPI has 120 seconds left.\n|\n|t:|1698799763\n|switch|p2b: Cresselia|Cresselia, F|28\/100\n|move|p1b: Ursaluna|Protect|p1b: Ursaluna\n|-singleturn|p1b: Ursaluna|Protect\n|move|p2a: Trevenant|Curse|p1b: Ursaluna\n|-start|p1b: Ursaluna|Curse|[of] p2a: Trevenant\n|-damage|p2a: Trevenant|50\/100\n|-enditem|p2a: Trevenant|Sitrus Berry|[eat]\n|-heal|p2a: Trevenant|75\/100|[from] item: Sitrus Berry\n|move|p1a: Iron Hands|Wild Charge|p2b: Cresselia\n|-damage|p2b: Cresselia|4\/100\n|-damage|p1a: Iron Hands|7\/100|[from] Recoil\n|\n|-damage|p1a: Iron Hands|0 fnt|[from] Leech Seed|[of] p2a: Trevenant\n|-heal|p2a: Trevenant|83\/100|[silent]\n|faint|p1a: Iron Hands\n|-end|p1a: Iron Hands|Quark Drive|[silent]\n|-damage|p1b: Ursaluna|51\/100|[from] Curse\n|-status|p1b: Ursaluna|brn|[from] item: Flame Orb\n|upkeep\n|\n|t:|1698799783\n|switch|p1a: Flamigo|Flamigo, F|100\/100\n|-copyboost|p1a: Flamigo|p1b: Ursaluna|[from] ability: Costar\n|turn|15\n|\n|t:|1698799802\n|move|p2b: Cresselia|Ally Switch|p2b: Cresselia\n|swap|p2b: Cresselia|0|[from] move: Ally Switch\n|move|p1a: Flamigo|Brave Bird|p2a: Cresselia\n|-damage|p2a: Cresselia|0 fnt\n|faint|p2a: Cresselia\n|-damage|p1a: Flamigo|99\/100|[from] Recoil\n|move|p2b: Trevenant|Curse|p1a: Flamigo\n|-start|p1a: Flamigo|Curse|[of] p2b: Trevenant\n|-damage|p2b: Trevenant|33\/100\n|move|p1b: Ursaluna|Earthquake|p2b: Trevenant|[spread] p2b\n|-immune|p1a: Flamigo\n|-resisted|p2b: Trevenant\n|-damage|p2b: Trevenant|17\/100\n|\n|-heal|p1a: Flamigo|100\/100|[from] item: Leftovers\n|-damage|p1b: Ursaluna|44\/100 brn|[from] brn\n|-damage|p1a: Flamigo|76\/100|[from] Curse\n|-damage|p1b: Ursaluna|19\/100 brn|[from] Curse\n|-item|p2b: Trevenant|Sitrus Berry|[from] ability: Harvest\n|upkeep\n|-enditem|p2b: Trevenant|Sitrus Berry|[eat]\n|-heal|p2b: Trevenant|42\/100|[from] item: Sitrus Berry\n|inactive|UY QUE RICO PAPI has 120 seconds left.\n|\n|t:|1698799834\n|switch|p2a: Garganacl|Garganacl, F|100\/100\n|turn|16\n|inactive|UY QUE RICO PAPI has 120 seconds left.\n|\n|t:|1698799845\n|move|p2b: Trevenant|Protect|p2b: Trevenant\n|-singleturn|p2b: Trevenant|Protect\n|move|p2a: Garganacl|Protect|p2a: Garganacl\n|-singleturn|p2a: Garganacl|Protect\n|move|p1a: Flamigo|Close Combat|p2a: Garganacl\n|-activate|p2a: Garganacl|move: Protect\n|move|p1b: Ursaluna|Shadow Claw|p2b: Trevenant\n|-activate|p2b: Trevenant|move: Protect\n|\n|-heal|p1a: Flamigo|82\/100|[from] item: Leftovers\n|-damage|p1b: Ursaluna|13\/100 brn|[from] brn\n|-damage|p1a: Flamigo|57\/100|[from] Curse\n|-damage|p1b: Ursaluna|0 fnt|[from] Curse\n|faint|p1b: Ursaluna\n|upkeep\n|inactive|NotSeriously has 120 seconds left.\n|\n|t:|1698799865\n|switch|p1b: Grimmsnarl|Grimmsnarl, M|100\/100\n|-damage|p1b: Grimmsnarl|76\/100|[from] Spikes\n|turn|17\n|\n|t:|1698799883\n|switch|p2b: Glimmora|Glimmora, F|100\/100\n|move|p1b: Grimmsnarl|Parting Shot|p2a: Garganacl\n|-unboost|p2a: Garganacl|atk|1\n|-unboost|p2a: Garganacl|spa|1\n|\n|t:|1698799888\n|switch|p1b: Amoonguss|Amoonguss, M|100\/100|[from] Parting Shot\n|-damage|p1b: Amoonguss|76\/100|[from] Spikes\n|move|p1a: Flamigo|Brave Bird|p2b: Glimmora\n|-resisted|p2b: Glimmora\n|-damage|p2b: Glimmora|88\/100\n|-activate|p2b: Glimmora|ability: Toxic Debris\n|-sidestart|p1: NotSeriously|move: Toxic Spikes\n|-damage|p1a: Flamigo|52\/100|[from] Recoil\n|move|p2a: Garganacl|Salt Cure|p1a: Flamigo\n|-damage|p1a: Flamigo|38\/100\n|-start|p1a: Flamigo|Salt Cure\n|\n|-heal|p1a: Flamigo|44\/100|[from] item: Leftovers\n|-heal|p2b: Glimmora|94\/100|[from] item: Leftovers\n|-damage|p1a: Flamigo|19\/100|[from] Curse\n|-damage|p1a: Flamigo|6\/100|[from] Salt Cure\n|-sideend|p2: UY QUE RICO PAPI|Reflect\n|upkeep\n|turn|18\n|inactive|UY QUE RICO PAPI has 120 seconds left.\n|\n|t:|1698799926\n|switch|p2a: Trevenant|Trevenant, M|42\/100\n|move|p1b: Amoonguss|Rage Powder|p1b: Amoonguss\n|-singleturn|p1b: Amoonguss|move: Rage Powder\n|move|p1a: Flamigo|Close Combat|p2a: Trevenant\n|-immune|p2a: Trevenant\n|move|p2b: Glimmora|Mortal Spin|p1b: Amoonguss|[spread] p1a,p1b\n|-damage|p1a: Flamigo|0 fnt\n|-damage|p1b: Amoonguss|71\/100\n|-damage|p2b: Glimmora|78\/100|[from] item: Rocky Helmet|[of] p1b: Amoonguss\n|faint|p1a: Flamigo\n|\n|-heal|p2b: Glimmora|84\/100|[from] item: Leftovers\n|-item|p2a: Trevenant|Sitrus Berry|[from] ability: Harvest\n|upkeep\n|-enditem|p2a: Trevenant|Sitrus Berry|[eat]\n|-heal|p2a: Trevenant|67\/100|[from] item: Sitrus Berry\n|\n|t:|1698799941\n|switch|p1a: Grimmsnarl|Grimmsnarl, M|76\/100\n|-damage|p1a: Grimmsnarl|51\/100|[from] Spikes\n|-status|p1a: Grimmsnarl|psn\n|turn|19\n|\n|t:|1698799953\n|move|p1a: Grimmsnarl|Sucker Punch||[still]\n|-fail|p1a: Grimmsnarl\n|move|p2b: Glimmora|Earth Power|p1b: Amoonguss\n|-damage|p1b: Amoonguss|47\/100\n|move|p2a: Trevenant|Substitute|p2a: Trevenant\n|-start|p2a: Trevenant|Substitute\n|-damage|p2a: Trevenant|42\/100\n|move|p1b: Amoonguss|Giga Drain|p2b: Glimmora\n|-damage|p2b: Glimmora|53\/100\n|-heal|p1b: Amoonguss|63\/100|[from] drain|[of] p2b: Glimmora\n|\n|-heal|p2b: Glimmora|59\/100|[from] item: Leftovers\n|-damage|p1a: Grimmsnarl|39\/100 psn|[from] psn\n|-item|p2a: Trevenant|Sitrus Berry|[from] ability: Harvest\n|upkeep\n|-enditem|p2a: Trevenant|Sitrus Berry|[eat]\n|-heal|p2a: Trevenant|67\/100|[from] item: Sitrus Berry\n|turn|20\n|-message|NotSeriously forfeited.\n|\n|win|UY QUE RICO PAPI\n|raw|NotSeriously's rating: 1197 &rarr; <strong>1179<\/strong><br \/>(-18 for losing)\n|raw|UY QUE RICO PAPI's rating: 1300 &rarr; <strong>1318<\/strong><br \/>(+18 for winning)\n|l|\u2606NotSeriously\n","uploadtime":1698799979,"views":23,"p1id":"notseriously","p2id":"uyquericopapi","formatid":"gen9doublesou","rating":1179,"private":0,"password":""}