{"id":"gen9doublesou-1998887868","p1":"fries god","p2":"Jolly sky","format":"[Gen 9] Doubles OU","log":"|j|\u2606fries god\n|j|\u2606Jolly sky\n|t:|1701008879\n|gametype|doubles\n|player|p1|fries god|hilbert-wonderlauncher|\n|player|p2|Jolly sky|unknown|\n|teamsize|p1|6\n|teamsize|p2|6\n|gen|9\n|tier|[Gen 9] Doubles OU\n|rule|Species Clause: Limit one of each Pok\u00e9mon\n|rule|OHKO Clause: OHKO moves are banned\n|rule|Evasion Moves Clause: Evasion moves are banned\n|rule|Gravity Sleep Clause: The combination of sleep-inducing moves with imperfect accuracy and Gravity or Gigantamax Orbeetle are banned\n|rule|Endless Battle Clause: Forcing endless battles is banned\n|rule|HP Percentage Mod: HP is shown in percentages\n|clearpoke\n|poke|p1|Dunsparce, M|\n|poke|p1|Dudunsparce-*, F|\n|poke|p1|Blissey, F|\n|poke|p1|Chansey, F|\n|poke|p1|Staraptor, M|\n|poke|p1|Grubbin, F|\n|poke|p2|Clodsire, M|\n|poke|p2|Palafin, M|\n|poke|p2|Skeledirge, M|\n|poke|p2|Espathra, F|\n|poke|p2|Raichu, F|\n|poke|p2|Kingambit, F|\n|teampreview\n|\n|t:|1701008889\n|start\n|switch|p1a: Boom|Staraptor, M|100\/100\n|switch|p1b: Grubbin|Grubbin, F|100\/100\n|switch|p2a: Clodsire|Clodsire, M|100\/100\n|switch|p2b: Palafin|Palafin, M|100\/100\n|-ability|p1a: Boom|Intimidate|boost\n|-unboost|p2a: Clodsire|atk|1\n|-unboost|p2b: Palafin|atk|1\n|turn|1\n|\n|t:|1701008932\n|move|p1a: Boom|Final Gambit|p2b: Palafin\n|-damage|p2b: Palafin|0 fnt\n|faint|p1a: Boom\n|faint|p2b: Palafin\n|move|p1b: Grubbin|Sticky Web|p2a: Clodsire\n|-sidestart|p2: Jolly sky|move: Sticky Web\n|move|p2a: Clodsire|Stealth Rock|p1b: Grubbin\n|-sidestart|p1: fries god|move: Stealth Rock\n|\n|upkeep\n|\n|t:|1701008952\n|switch|p1a: Dudunsparce|Dudunsparce-Three-Segment, F|100\/100\n|switch|p2b: Skeledirge|Skeledirge, M|100\/100\n|-damage|p1a: Dudunsparce|88\/100|[from] Stealth Rock\n|turn|2\n|\n|t:|1701008972\n|move|p2a: Clodsire|Protect|p2a: Clodsire\n|-singleturn|p2a: Clodsire|Protect\n|move|p2b: Skeledirge|Torch Song|p1b: Grubbin\n|-supereffective|p1b: Grubbin\n|-enditem|p1b: Grubbin|Focus Sash\n|-damage|p1b: Grubbin|1\/100\n|-boost|p2b: Skeledirge|spa|1\n|move|p1b: Grubbin|Thunder Wave|p2b: Skeledirge\n|-status|p2b: Skeledirge|par\n|move|p1a: Dudunsparce|Rock Slide|p2b: Skeledirge|[spread] p2b\n|-activate|p2a: Clodsire|move: Protect\n|-supereffective|p2b: Skeledirge\n|-damage|p2b: Skeledirge|69\/100 par\n|\n|upkeep\n|turn|3\n|\n|t:|1701009008\n|move|p1b: Grubbin|Light Screen|p1b: Grubbin\n|-sidestart|p1: fries god|move: Light Screen\n|move|p1a: Dudunsparce|Rock Slide|p2b: Skeledirge|[spread] p2a,p2b\n|-resisted|p2a: Clodsire\n|-supereffective|p2b: Skeledirge\n|-damage|p2a: Clodsire|95\/100\n|-damage|p2b: Skeledirge|35\/100 par\n|move|p2b: Skeledirge|Torch Song|p1a: Dudunsparce\n|-damage|p1a: Dudunsparce|39\/100\n|-boost|p2b: Skeledirge|spa|1\n|move|p2a: Clodsire|Toxic|p1b: Grubbin\n|-status|p1b: Grubbin|tox\n|\n|-heal|p2a: Clodsire|100\/100|[from] item: Black Sludge\n|-damage|p1b: Grubbin|0 fnt|[from] psn\n|faint|p1b: Grubbin\n|upkeep\n|\n|t:|1701009025\n|switch|p1b: Dunsparce|Dunsparce, M|100\/100\n|-damage|p1b: Dunsparce|88\/100|[from] Stealth Rock\n|turn|4\n|\n|t:|1701009037\n|move|p1a: Dudunsparce|Rock Slide|p2a: Clodsire|[spread] p2a,p2b\n|-resisted|p2a: Clodsire\n|-supereffective|p2b: Skeledirge\n|-damage|p2a: Clodsire|94\/100\n|-damage|p2b: Skeledirge|4\/100 par\n|move|p1b: Dunsparce|Rock Slide|p2a: Clodsire|[spread] p2a\n|-miss|p1b: Dunsparce|p2b: Skeledirge\n|-resisted|p2a: Clodsire\n|-damage|p2a: Clodsire|90\/100\n|cant|p2b: Skeledirge|flinch\n|cant|p2a: Clodsire|flinch\n|\n|-heal|p2a: Clodsire|96\/100|[from] item: Black Sludge\n|upkeep\n|turn|5\n|\n|t:|1701009060\n|move|p1a: Dudunsparce|Rock Slide|p2b: Skeledirge|[spread] p2a,p2b\n|-resisted|p2a: Clodsire\n|-supereffective|p2b: Skeledirge\n|-damage|p2a: Clodsire|90\/100\n|-damage|p2b: Skeledirge|0 fnt\n|faint|p2b: Skeledirge\n|move|p1b: Dunsparce|Rock Slide|p2a: Clodsire\n|-resisted|p2a: Clodsire\n|-damage|p2a: Clodsire|84\/100\n|move|p2a: Clodsire|Toxic Spikes|p1b: Dunsparce\n|-sidestart|p1: fries god|move: Toxic Spikes\n|\n|-heal|p2a: Clodsire|91\/100|[from] item: Black Sludge\n|upkeep\n|\n|t:|1701009077\n|switch|p2b: Raichu|Raichu, F|100\/100\n|-activate|p2b: Raichu|move: Sticky Web\n|-unboost|p2b: Raichu|spe|1\n|turn|6\n|\n|t:|1701009091\n|move|p2b: Raichu|Light Screen|p2b: Raichu\n|-sidestart|p2: Jolly sky|move: Light Screen\n|move|p1a: Dudunsparce|Rock Slide|p2b: Raichu|[spread] p2a,p2b\n|-resisted|p2a: Clodsire\n|-damage|p2a: Clodsire|85\/100\n|-damage|p2b: Raichu|73\/100\n|move|p1b: Dunsparce|Rock Slide|p2b: Raichu|[spread] p2b\n|-miss|p1b: Dunsparce|p2a: Clodsire\n|-damage|p2b: Raichu|53\/100\n|cant|p2a: Clodsire|flinch\n|\n|-heal|p2b: Raichu|59\/100|[from] item: Leftovers\n|-heal|p2a: Clodsire|91\/100|[from] item: Black Sludge\n|upkeep\n|turn|7\n|\n|t:|1701009119\n|switch|p2a: Espathra|Espathra, F|100\/100\n|-activate|p2a: Espathra|move: Sticky Web\n|-unboost|p2a: Espathra|spe|1\n|move|p2b: Raichu|Reflect|p2b: Raichu\n|-sidestart|p2: Jolly sky|Reflect\n|move|p1a: Dudunsparce|Glare|p2b: Raichu\n|-immune|p2b: Raichu\n|move|p1b: Dunsparce|Rock Slide|p2a: Espathra|[spread] p2a,p2b\n|-crit|p2b: Raichu\n|-damage|p2a: Espathra|88\/100\n|-damage|p2b: Raichu|23\/100\n|\n|-heal|p2b: Raichu|30\/100|[from] item: Leftovers\n|-sideend|p1: fries god|move: Light Screen\n|upkeep\n|turn|8\n|\n|t:|1701009149\n|switch|p2b: Clodsire|Clodsire, M|91\/100\n|-activate|p2b: Clodsire|move: Sticky Web\n|-unboost|p2b: Clodsire|spe|1\n|move|p2a: Espathra|Dazzling Gleam|p1a: Dudunsparce|[spread] p1a,p1b\n|-damage|p1a: Dudunsparce|20\/100\n|-damage|p1b: Dunsparce|65\/100\n|move|p1a: Dudunsparce|Rock Slide|p2b: Clodsire|[spread] p2a,p2b\n|-resisted|p2b: Clodsire\n|-damage|p2a: Espathra|72\/100\n|-damage|p2b: Clodsire|87\/100\n|move|p1b: Dunsparce|Glare|p2a: Espathra\n|-status|p2a: Espathra|par\n|\n|-heal|p2b: Clodsire|93\/100|[from] item: Black Sludge\n|upkeep\n|turn|9\n|\n|t:|1701009173\n|move|p2b: Clodsire|Protect|p2b: Clodsire\n|-singleturn|p2b: Clodsire|Protect\n|move|p1a: Dudunsparce|Rock Slide|p2a: Espathra|[spread] p2a\n|-activate|p2b: Clodsire|move: Protect\n|-damage|p2a: Espathra|57\/100 par\n|move|p1b: Dunsparce|Rock Slide|p2a: Espathra|[spread] p2a\n|-activate|p2b: Clodsire|move: Protect\n|-damage|p2a: Espathra|44\/100 par\n|cant|p2a: Espathra|flinch\n|\n|-heal|p2b: Clodsire|99\/100|[from] item: Black Sludge\n|upkeep\n|turn|10\n|\n|t:|1701009197\n|switch|p2b: Raichu|Raichu, F|30\/100\n|-activate|p2b: Raichu|move: Sticky Web\n|-unboost|p2b: Raichu|spe|1\n|move|p1a: Dudunsparce|Rock Slide|p2b: Raichu|[spread] p2a,p2b\n|-damage|p2a: Espathra|27\/100 par\n|-damage|p2b: Raichu|11\/100\n|move|p1b: Dunsparce|Rock Slide|p2a: Espathra|[spread] p2a,p2b\n|-damage|p2a: Espathra|14\/100 par\n|-damage|p2b: Raichu|0 fnt\n|faint|p2b: Raichu\n|cant|p2a: Espathra|flinch\n|\n|-sideend|p2: Jolly sky|move: Light Screen\n|upkeep\n|\n|t:|1701009213\n|switch|p2b: Clodsire|Clodsire, M|99\/100\n|-activate|p2b: Clodsire|move: Sticky Web\n|-unboost|p2b: Clodsire|spe|1\n|turn|11\n|\n|t:|1701009223\n|move|p1a: Dudunsparce|Rock Slide|p2a: Espathra|[spread] p2b\n|-miss|p1a: Dudunsparce|p2a: Espathra\n|-resisted|p2b: Clodsire\n|-damage|p2b: Clodsire|96\/100\n|move|p1b: Dunsparce|Rock Slide|p2a: Espathra|[spread] p2a,p2b\n|-resisted|p2b: Clodsire\n|-damage|p2a: Espathra|1\/100 par\n|-damage|p2b: Clodsire|93\/100\n|cant|p2a: Espathra|par\n|cant|p2b: Clodsire|flinch\n|\n|-heal|p2b: Clodsire|99\/100|[from] item: Black Sludge\n|-sideend|p2: Jolly sky|Reflect\n|upkeep\n|turn|12\n|\n|t:|1701009244\n|move|p1a: Dudunsparce|Rock Slide|p2a: Espathra|[spread] p2a,p2b\n|-resisted|p2b: Clodsire\n|-damage|p2a: Espathra|0 fnt\n|-damage|p2b: Clodsire|93\/100\n|faint|p2a: Espathra\n|move|p1b: Dunsparce|Rock Slide|p2b: Clodsire\n|-resisted|p2b: Clodsire\n|-damage|p2b: Clodsire|87\/100\n|cant|p2b: Clodsire|flinch\n|\n|-heal|p2b: Clodsire|93\/100|[from] item: Black Sludge\n|upkeep\n|\n|t:|1701009260\n|switch|p2a: Kingambit|Kingambit, F|100\/100\n|-activate|p2a: Kingambit|move: Sticky Web\n|-unboost|p2a: Kingambit|spe|1\n|-activate|p2a: Kingambit|ability: Supreme Overlord\n|-start|p2a: Kingambit|fallen4|[silent]\n|turn|13\n|\n|t:|1701009276\n|move|p1a: Dudunsparce|Rock Slide|p2a: Kingambit|[spread] p2b\n|-miss|p1a: Dudunsparce|p2a: Kingambit\n|-resisted|p2b: Clodsire\n|-damage|p2b: Clodsire|88\/100\n|move|p1b: Dunsparce|Rock Slide|p2a: Kingambit|[spread] p2a\n|-miss|p1b: Dunsparce|p2b: Clodsire\n|-resisted|p2a: Kingambit\n|-damage|p2a: Kingambit|96\/100\n|cant|p2a: Kingambit|flinch\n|move|p2b: Clodsire|Toxic|p1a: Dudunsparce\n|-status|p1a: Dudunsparce|tox\n|\n|-heal|p2b: Clodsire|94\/100|[from] item: Black Sludge\n|-damage|p1a: Dudunsparce|14\/100 tox|[from] psn\n|upkeep\n|turn|14\n|\n|t:|1701009312\n|move|p2b: Clodsire|Protect|p2b: Clodsire\n|-singleturn|p2b: Clodsire|Protect\n|move|p1a: Dudunsparce|Rock Slide|p2a: Kingambit|[spread] p2a\n|-activate|p2b: Clodsire|move: Protect\n|-resisted|p2a: Kingambit\n|-damage|p2a: Kingambit|90\/100\n|move|p1b: Dunsparce|Glare|p2a: Kingambit\n|-status|p2a: Kingambit|par\n|cant|p2a: Kingambit|flinch\n|\n|-heal|p2b: Clodsire|99\/100|[from] item: Black Sludge\n|-damage|p1a: Dudunsparce|2\/100 tox|[from] psn\n|upkeep\n|turn|15\n|\n|t:|1701009339\n|move|p1a: Dudunsparce|Rock Slide|p2b: Clodsire|[spread] p2a,p2b\n|-resisted|p2a: Kingambit\n|-resisted|p2b: Clodsire\n|-damage|p2a: Kingambit|84\/100 par\n|-damage|p2b: Clodsire|95\/100\n|move|p1b: Dunsparce|Rock Slide|p2a: Kingambit|[spread] p2a,p2b\n|-resisted|p2a: Kingambit\n|-resisted|p2b: Clodsire\n|-damage|p2a: Kingambit|79\/100 par\n|-damage|p2b: Clodsire|90\/100\n|move|p2b: Clodsire|Toxic|p1b: Dunsparce\n|-status|p1b: Dunsparce|tox\n|cant|p2a: Kingambit|flinch\n|\n|-heal|p2b: Clodsire|96\/100|[from] item: Black Sludge\n|-damage|p1a: Dudunsparce|0 fnt|[from] psn\n|faint|p1a: Dudunsparce\n|-damage|p1b: Dunsparce|59\/100 tox|[from] psn\n|upkeep\n|\n|t:|1701009358\n|switch|p1a: Blissey|Blissey, F|100\/100\n|-damage|p1a: Blissey|88\/100|[from] Stealth Rock\n|-status|p1a: Blissey|psn\n|turn|16\n|\n|t:|1701009383\n|move|p2b: Clodsire|Protect|p2b: Clodsire\n|-singleturn|p2b: Clodsire|Protect\n|move|p2a: Kingambit|Sucker Punch||[still]\n|-fail|p2a: Kingambit\n|move|p1a: Blissey|Heal Bell|p1a: Blissey\n|-activate|p1a: Blissey|move: Heal Bell\n|-curestatus|p1a: Blissey|psn|[msg]\n|-curestatus|p1b: Dunsparce|tox|[msg]\n|move|p1b: Dunsparce|Coil|p1b: Dunsparce\n|-boost|p1b: Dunsparce|atk|1\n|-boost|p1b: Dunsparce|def|1\n|-boost|p1b: Dunsparce|accuracy|1\n|\n|-heal|p2b: Clodsire|100\/100|[from] item: Black Sludge\n|upkeep\n|turn|17\n|\n|t:|1701009408\n|move|p2a: Kingambit|Sucker Punch||[still]\n|-fail|p2a: Kingambit\n|move|p1a: Blissey|Rock Slide|p2b: Clodsire|[spread] p2a\n|-miss|p1a: Blissey|p2b: Clodsire\n|-resisted|p2a: Kingambit\n|-damage|p2a: Kingambit|77\/100 par\n|move|p1b: Dunsparce|Coil|p1b: Dunsparce\n|-boost|p1b: Dunsparce|atk|1\n|-boost|p1b: Dunsparce|def|1\n|-boost|p1b: Dunsparce|accuracy|1\n|move|p2b: Clodsire|Toxic|p1a: Blissey\n|-status|p1a: Blissey|tox\n|\n|-damage|p1a: Blissey|82\/100 tox|[from] psn\n|upkeep\n|turn|18\n|\n|t:|1701009438\n|move|p1a: Blissey|Rock Slide|p2b: Clodsire|[spread] p2a,p2b\n|-resisted|p2a: Kingambit\n|-resisted|p2b: Clodsire\n|-damage|p2a: Kingambit|75\/100 par\n|-damage|p2b: Clodsire|98\/100\n|move|p1b: Dunsparce|Coil|p1b: Dunsparce\n|-boost|p1b: Dunsparce|atk|1\n|-boost|p1b: Dunsparce|def|1\n|-boost|p1b: Dunsparce|accuracy|1\n|cant|p2b: Clodsire|flinch\n|cant|p2a: Kingambit|par\n|\n|-heal|p2b: Clodsire|100\/100|[from] item: Black Sludge\n|-damage|p1a: Blissey|70\/100 tox|[from] psn\n|upkeep\n|turn|19\n|\n|t:|1701009462\n|move|p1a: Blissey|Rock Slide|p2a: Kingambit|[spread] p2b\n|-miss|p1a: Blissey|p2a: Kingambit\n|-resisted|p2b: Clodsire\n|-damage|p2b: Clodsire|98\/100\n|move|p1b: Dunsparce|Rock Slide|p2b: Clodsire|[spread] p2a,p2b\n|-resisted|p2a: Kingambit\n|-resisted|p2b: Clodsire\n|-damage|p2a: Kingambit|64\/100 par\n|-damage|p2b: Clodsire|86\/100\n|cant|p2b: Clodsire|flinch\n|move|p2a: Kingambit|Poison Jab|p1a: Blissey\n|-damage|p1a: Blissey|0 fnt\n|faint|p1a: Blissey\n|-damage|p2a: Kingambit|54\/100 par|[from] item: Life Orb\n|\n|-heal|p2b: Clodsire|92\/100|[from] item: Black Sludge\n|upkeep\n|\n|t:|1701009480\n|switch|p1a: Chansey|Chansey, F|100\/100\n|-damage|p1a: Chansey|88\/100|[from] Stealth Rock\n|-status|p1a: Chansey|psn\n|turn|20\n|\n|t:|1701009500\n|move|p1b: Dunsparce|Protect|p1b: Dunsparce\n|-singleturn|p1b: Dunsparce|Protect\n|cant|p2a: Kingambit|par\n|move|p1a: Chansey|Seismic Toss|p2a: Kingambit\n|-damage|p2a: Kingambit|30\/100 par\n|move|p2b: Clodsire|Toxic|p1b: Dunsparce\n|-activate|p1b: Dunsparce|move: Protect\n|\n|-heal|p2b: Clodsire|99\/100|[from] item: Black Sludge\n|-damage|p1a: Chansey|76\/100 psn|[from] psn\n|upkeep\n|turn|21\n|\n|t:|1701009553\n|move|p2b: Clodsire|Protect|p2b: Clodsire\n|-singleturn|p2b: Clodsire|Protect\n|cant|p2a: Kingambit|par\n|move|p1a: Chansey|Seismic Toss|p2a: Kingambit\n|-damage|p2a: Kingambit|5\/100 par\n|move|p1b: Dunsparce|Coil|p1b: Dunsparce\n|-boost|p1b: Dunsparce|atk|1\n|-boost|p1b: Dunsparce|def|1\n|-boost|p1b: Dunsparce|accuracy|1\n|\n|-heal|p2b: Clodsire|100\/100|[from] item: Black Sludge\n|-damage|p1a: Chansey|63\/100 psn|[from] psn\n|upkeep\n|turn|22\n|\n|t:|1701009594\n|move|p1a: Chansey|Protect|p1a: Chansey\n|-singleturn|p1a: Chansey|Protect\n|move|p2a: Kingambit|Sucker Punch||[still]\n|-fail|p2a: Kingambit\n|move|p1b: Dunsparce|Rock Slide|p2a: Kingambit|[spread] p2a,p2b\n|-resisted|p2a: Kingambit\n|-resisted|p2b: Clodsire\n|-damage|p2a: Kingambit|0 fnt\n|-damage|p2b: Clodsire|85\/100\n|faint|p2a: Kingambit\n|-end|p2a: Kingambit|fallen4|[silent]\n|move|p2b: Clodsire|Toxic Spikes|p1a: Chansey\n|-sidestart|p1: fries god|move: Toxic Spikes\n|\n|-heal|p2b: Clodsire|91\/100|[from] item: Black Sludge\n|-damage|p1a: Chansey|51\/100 psn|[from] psn\n|upkeep\n|turn|23\n|\n|t:|1701009616\n|-terastallize|p1b: Dunsparce|Rock\n|move|p1a: Chansey|Seismic Toss|p2b: Clodsire\n|-damage|p2b: Clodsire|70\/100\n|move|p1b: Dunsparce|Rock Slide|p2b: Clodsire\n|-resisted|p2b: Clodsire\n|-damage|p2b: Clodsire|41\/100\n|move|p2b: Clodsire|Toxic|p1b: Dunsparce\n|-status|p1b: Dunsparce|tox\n|\n|-heal|p2b: Clodsire|47\/100|[from] item: Black Sludge\n|-damage|p1a: Chansey|38\/100 psn|[from] psn\n|-damage|p1b: Dunsparce|53\/100 tox|[from] psn\n|upkeep\n|turn|24\n|\n|t:|1701009650\n|move|p2b: Clodsire|Protect|p2b: Clodsire\n|-singleturn|p2b: Clodsire|Protect\n|move|p1a: Chansey|Soft-Boiled|p1a: Chansey\n|-heal|p1a: Chansey|88\/100 psn\n|move|p1b: Dunsparce|Coil|p1b: Dunsparce\n|-boost|p1b: Dunsparce|atk|1\n|-boost|p1b: Dunsparce|def|1\n|-boost|p1b: Dunsparce|accuracy|1\n|\n|-heal|p2b: Clodsire|54\/100|[from] item: Black Sludge\n|-damage|p1a: Chansey|76\/100 psn|[from] psn\n|-damage|p1b: Dunsparce|41\/100 tox|[from] psn\n|upkeep\n|turn|25\n|\n|t:|1701009670\n|move|p1a: Chansey|Seismic Toss|p2b: Clodsire\n|-damage|p2b: Clodsire|32\/100\n|move|p1b: Dunsparce|Rock Slide|p2b: Clodsire\n|-resisted|p2b: Clodsire\n|-damage|p2b: Clodsire|0 fnt\n|faint|p2b: Clodsire\n|\n|win|fries god\n","uploadtime":1701009681,"views":19,"p1id":"friesgod","p2id":"jollysky","formatid":"gen9doublesou","rating":0,"private":0,"password":""}