{"id":"gen9doublesou-1969269139","p1":"Zerokuroxy","p2":"Champion's Melody","format":"[Gen 9] Doubles OU","log":"|j|\u2606Zerokuroxy\n|j|\u2606Champion's Melody\n|t:|1697508067\n|gametype|doubles\n|player|p1|Zerokuroxy|gambler|1096\n|player|p2|Champion's Melody|cynthia|1154\n|teamsize|p1|6\n|teamsize|p2|6\n|gen|9\n|tier|[Gen 9] Doubles OU\n|rated|\n|rule|Species Clause: Limit one of each Pok\u00e9mon\n|rule|OHKO Clause: OHKO moves are banned\n|rule|Evasion Moves Clause: Evasion moves are banned\n|rule|Gravity Sleep Clause: The combination of sleep-inducing moves with imperfect accuracy and Gravity or Gigantamax Orbeetle are banned\n|rule|Endless Battle Clause: Forcing endless battles is banned\n|rule|HP Percentage Mod: HP is shown in percentages\n|clearpoke\n|poke|p1|Torkoal, M|\n|poke|p1|Indeedee-F, F|\n|poke|p1|Armarouge, F|\n|poke|p1|Ogerpon-Hearthflame, F|\n|poke|p1|Amoonguss, M|\n|poke|p1|Gholdengo|\n|poke|p2|Lurantis, M|\n|poke|p2|Gliscor, M|\n|poke|p2|Salazzle, F|\n|poke|p2|Kleavor, F|\n|poke|p2|Basculegion-F, F|\n|poke|p2|Empoleon, M|\n|teampreview\n|inactive|Battle timer is ON: inactive players will automatically lose when time's up. (requested by Champion's Melody)\n|\n|t:|1697508082\n|start\n|switch|p1a: Torkoal|Torkoal, M|100\/100\n|switch|p1b: Indeedee|Indeedee-F, F|100\/100\n|switch|p2a: Gliscor|Gliscor, M|100\/100\n|switch|p2b: Lurantis|Lurantis, M|100\/100\n|-fieldstart|move: Psychic Terrain|[from] ability: Psychic Surge|[of] p1b: Indeedee\n|-weather|SunnyDay|[from] ability: Drought|[of] p1a: Torkoal\n|turn|1\n|\n|t:|1697508098\n|move|p1b: Indeedee|Fake Out|p2a: Gliscor\n|-hint|Psychic Terrain doesn't affect Pok\u00e9mon immune to Ground.\n|-damage|p2a: Gliscor|91\/100\n|cant|p2a: Gliscor|flinch\n|move|p2b: Lurantis|Superpower|p1a: Torkoal\n|-damage|p1a: Torkoal|61\/100\n|-boost|p2b: Lurantis|atk|1\n|-boost|p2b: Lurantis|def|1\n|move|p1a: Torkoal|Eruption|p2b: Lurantis|[spread] p2a,p2b\n|-supereffective|p2b: Lurantis\n|-damage|p2a: Gliscor|48\/100\n|-damage|p2b: Lurantis|56\/100\n|\n|-weather|SunnyDay|[upkeep]\n|-status|p2a: Gliscor|tox|[from] item: Toxic Orb\n|upkeep\n|turn|2\n|\n|t:|1697508117\n|switch|p1b: Armarouge|Armarouge, F|100\/100\n|move|p2a: Gliscor|Bulldoze|p1a: Torkoal|[spread] p2b,p1a,p1b\n|-resisted|p2b: Lurantis\n|-supereffective|p1a: Torkoal\n|-supereffective|p1b: Armarouge\n|-damage|p2b: Lurantis|49\/100\n|-damage|p1a: Torkoal|25\/100\n|-damage|p1b: Armarouge|65\/100\n|-boost|p2b: Lurantis|spe|1\n|-unboost|p1a: Torkoal|spe|1\n|-unboost|p1b: Armarouge|spe|1\n|-ability|p1b: Armarouge|Weak Armor|boost\n|-unboost|p1b: Armarouge|def|1\n|-boost|p1b: Armarouge|spe|2\n|-enditem|p1a: Torkoal|White Herb\n|-clearnegativeboost|p1a: Torkoal|[silent]\n|move|p2b: Lurantis|Superpower|p1a: Torkoal\n|-damage|p1a: Torkoal|0 fnt\n|-boost|p2b: Lurantis|atk|1\n|-boost|p2b: Lurantis|def|1\n|faint|p1a: Torkoal\n|\n|-weather|SunnyDay|[upkeep]\n|-heal|p2a: Gliscor|60\/100 tox|[from] ability: Poison Heal\n|upkeep\n|inactive|Zerokuroxy has 120 seconds left.\n|\n|t:|1697508139\n|switch|p1a: Gholdengo|Gholdengo|100\/100\n|turn|3\n|\n|t:|1697508166\n|move|p1a: Gholdengo|Hex|p2a: Gliscor\n|-damage|p2a: Gliscor|0 fnt\n|faint|p2a: Gliscor\n|move|p1b: Armarouge|Expanding Force|p2b: Lurantis\n|-damage|p2b: Lurantis|0 fnt\n|faint|p2b: Lurantis\n|\n|-weather|SunnyDay|[upkeep]\n|upkeep\n|inactive|Champion's Melody has 120 seconds left.\n|\n|t:|1697508178\n|switch|p2a: Kleavor|Kleavor, F|100\/100\n|switch|p2b: Salazzle|Salazzle, F, shiny|100\/100\n|turn|4\n|\n|t:|1697508192\n|switch|p1a: Ogerpon|Ogerpon-Hearthflame, F|100\/100\n|-ability|p1a: Ogerpon|Mold Breaker\n|-terastallize|p2a: Kleavor|Dark\n|move|p2b: Salazzle|Fake Out|p1b: Armarouge\n|-activate|p1b: Armarouge|move: Psychic Terrain\n|move|p2a: Kleavor|Night Slash|p1b: Armarouge\n|-supereffective|p1b: Armarouge\n|-damage|p1b: Armarouge|0 fnt\n|faint|p1b: Armarouge\n|\n|-weather|SunnyDay|[upkeep]\n|upkeep\n|\n|t:|1697508208\n|switch|p1b: Amoonguss|Amoonguss, M|100\/100\n|turn|5\n|\n|t:|1697508220\n|move|p2b: Salazzle|Nasty Plot|p2b: Salazzle\n|-boost|p2b: Salazzle|spa|2\n|move|p1a: Ogerpon|Horn Leech|p2a: Kleavor\n|-damage|p2a: Kleavor|48\/100\n|move|p2a: Kleavor|Night Slash|p1a: Ogerpon\n|-damage|p1a: Ogerpon|0 fnt\n|faint|p1a: Ogerpon\n|move|p1b: Amoonguss|Toxic|p2b: Salazzle\n|-immune|p2b: Salazzle\n|\n|-weather|none\n|-fieldend|move: Psychic Terrain\n|upkeep\n|\n|t:|1697508232\n|switch|p1a: Gholdengo|Gholdengo|100\/100\n|turn|6\n|\n|t:|1697508240\n|switch|p1b: Indeedee|Indeedee-F, F|100\/100\n|-fieldstart|move: Psychic Terrain|[from] ability: Psychic Surge|[of] p1b: Indeedee\n|move|p1a: Gholdengo|Make It Rain|p2a: Kleavor|[spread] p2a,p2b\n|-resisted|p2b: Salazzle\n|-damage|p2a: Kleavor|0 fnt\n|-damage|p2b: Salazzle|57\/100\n|-unboost|p1a: Gholdengo|spa|1\n|faint|p2a: Kleavor\n|move|p2b: Salazzle|Fire Blast|p1b: Indeedee\n|-damage|p1b: Indeedee|8\/100\n|\n|-heal|p2b: Salazzle|63\/100|[from] item: Leftovers\n|-heal|p1b: Indeedee|14\/100|[from] item: Leftovers\n|upkeep\n|\n|t:|1697508257\n|switch|p2a: Basculegion|Basculegion-F, F|100\/100\n|turn|7\n|\n|t:|1697508271\n|switch|p1a: Amoonguss|Amoonguss, M|100\/100\n|move|p1b: Indeedee|Fake Out|p2a: Basculegion\n|-activate|p2a: Basculegion|move: Psychic Terrain\n|move|p2a: Basculegion|Last Respects|p1a: Amoonguss\n|-damage|p1a: Amoonguss|0 fnt\n|faint|p1a: Amoonguss\n|move|p2b: Salazzle|Sludge Bomb|p1b: Indeedee\n|-damage|p1b: Indeedee|0 fnt\n|faint|p1b: Indeedee\n|\n|-heal|p2b: Salazzle|69\/100|[from] item: Leftovers\n|upkeep\n|\n|t:|1697508284\n|switch|p1b: Gholdengo|Gholdengo|100\/100\n|turn|8\n|\n|t:|1697508289\n|move|p1b: Gholdengo|Make It Rain|p2a: Basculegion|[spread] p2a,p2b\n|-resisted|p2a: Basculegion\n|-resisted|p2b: Salazzle\n|-damage|p2a: Basculegion|74\/100\n|-damage|p2b: Salazzle|29\/100\n|-unboost|p1b: Gholdengo|spa|1\n|move|p2a: Basculegion|Last Respects|p1b: Gholdengo\n|-supereffective|p1b: Gholdengo\n|-damage|p1b: Gholdengo|0 fnt\n|faint|p1b: Gholdengo\n|\n|win|Champion's Melody\n|raw|Zerokuroxy's rating: 1096 &rarr; <strong>1076<\/strong><br \/>(-20 for losing)\n|raw|Champion&apos;s Melody's rating: 1154 &rarr; <strong>1175<\/strong><br \/>(+21 for winning)\n|l|\u2606Zerokuroxy\n","uploadtime":1697508301,"views":10,"p1id":"zerokuroxy","p2id":"championsmelody","formatid":"gen9doublesou","rating":1076,"private":0,"password":""}