{"id":"gen9doublesou-1968800106","p1":"Sargenbob","p2":"lolIwatchYT","format":"[Gen 9] Doubles OU","log":"|j|\u2606Sargenbob\n|j|\u2606lolIwatchYT\n|t:|1697465844\n|gametype|doubles\n|player|p1|Sargenbob|red|1140\n|player|p2|lolIwatchYT|169|1229\n|teamsize|p1|6\n|teamsize|p2|6\n|gen|9\n|tier|[Gen 9] Doubles OU\n|rated|\n|rule|Species Clause: Limit one of each Pok\u00e9mon\n|rule|OHKO Clause: OHKO moves are banned\n|rule|Evasion Moves Clause: Evasion moves are banned\n|rule|Gravity Sleep Clause: The combination of sleep-inducing moves with imperfect accuracy and Gravity or Gigantamax Orbeetle are banned\n|rule|Endless Battle Clause: Forcing endless battles is banned\n|rule|HP Percentage Mod: HP is shown in percentages\n|clearpoke\n|poke|p1|Oranguru, M|\n|poke|p1|Torkoal, M|\n|poke|p1|Amoonguss, F|\n|poke|p1|Garganacl, F|\n|poke|p1|Toxapex, F|\n|poke|p1|Gothitelle, M|\n|poke|p2|Azumarill, M|\n|poke|p2|Arcanine-Hisui, M|\n|poke|p2|Typhlosion-Hisui, M|\n|poke|p2|Gastrodon, F|\n|poke|p2|Tornadus, M|\n|poke|p2|Klefki, M|\n|teampreview\n|inactive|Battle timer is ON: inactive players will automatically lose when time's up. (requested by Sargenbob)\n|\n|t:|1697465854\n|start\n|switch|p1a: Oranguru|Oranguru, M, shiny|100\/100\n|switch|p1b: Toad|Amoonguss, F, shiny|100\/100\n|switch|p2a: Typhlosion|Typhlosion-Hisui, M|100\/100\n|switch|p2b: Arcanine|Arcanine-Hisui, M|100\/100\n|-item|p1a: Oranguru|Mental Herb|[from] ability: Frisk|[of] p2a: Typhlosion|[identify]\n|-item|p1b: Toad|Eject Button|[from] ability: Frisk|[of] p2a: Typhlosion|[identify]\n|-ability|p2b: Arcanine|Intimidate|boost\n|-fail|p1a: Oranguru|unboost|Attack|[from] ability: Inner Focus|[of] p1a: Oranguru\n|-unboost|p1b: Toad|atk|1\n|turn|1\n|\n|t:|1697465872\n|switch|p1b: Stronghold|Garganacl, F|100\/100\n|move|p2a: Typhlosion|Infernal Parade|p1a: Oranguru\n|-immune|p1a: Oranguru\n|move|p2b: Arcanine|Flare Blitz|p1b: Stronghold\n|-resisted|p1b: Stronghold\n|-damage|p1b: Stronghold|86\/100\n|-damage|p2b: Arcanine|95\/100|[from] Recoil\n|move|p1a: Oranguru|Trick Room|p1a: Oranguru\n|-fieldstart|move: Trick Room|[of] p1a: Oranguru\n|\n|-heal|p1b: Stronghold|92\/100|[from] item: Leftovers\n|upkeep\n|turn|2\n|\n|t:|1697465888\n|switch|p2b: Gastrodon|Gastrodon, F|100\/100\n|switch|p2a: Klefki|Klefki, M|100\/100\n|-item|p2a: Klefki|Air Balloon\n|move|p1b: Stronghold|Salt Cure|p2a: Klefki\n|-resisted|p2a: Klefki\n|-crit|p2a: Klefki\n|-damage|p2a: Klefki|90\/100\n|-start|p2a: Klefki|Salt Cure\n|-enditem|p2a: Klefki|Air Balloon\n|move|p1a: Oranguru|Psychic|p2b: Gastrodon\n|-damage|p2b: Gastrodon|75\/100\n|\n|-heal|p1b: Stronghold|98\/100|[from] item: Leftovers\n|-heal|p2b: Gastrodon|81\/100|[from] item: Leftovers\n|-damage|p2a: Klefki|65\/100|[from] Salt Cure\n|upkeep\n|turn|3\n|\n|t:|1697465910\n|move|p2a: Klefki|Light Screen|p2a: Klefki\n|-sidestart|p2: lolIwatchYT|move: Light Screen\n|move|p1b: Stronghold|Salt Cure|p2b: Gastrodon\n|-resisted|p2b: Gastrodon\n|-damage|p2b: Gastrodon|73\/100\n|-start|p2b: Gastrodon|Salt Cure\n|move|p1a: Oranguru|Psychic|p2a: Klefki\n|-resisted|p2a: Klefki\n|-damage|p2a: Klefki|56\/100\n|move|p2b: Gastrodon|Earth Power|p1b: Stronghold\n|-supereffective|p1b: Stronghold\n|-damage|p1b: Stronghold|32\/100\n|-unboost|p1b: Stronghold|spd|1\n|\n|-heal|p1b: Stronghold|38\/100|[from] item: Leftovers\n|-heal|p2b: Gastrodon|79\/100|[from] item: Leftovers\n|-damage|p2b: Gastrodon|54\/100|[from] Salt Cure\n|-damage|p2a: Klefki|31\/100|[from] Salt Cure\n|upkeep\n|turn|4\n|\n|t:|1697465932\n|move|p2a: Klefki|Spikes|p1b: Stronghold\n|-sidestart|p1: Sargenbob|Spikes\n|move|p1b: Stronghold|Recover|p1b: Stronghold\n|-heal|p1b: Stronghold|88\/100\n|move|p1a: Oranguru|Psychic|p2b: Gastrodon\n|-damage|p2b: Gastrodon|35\/100\n|-unboost|p2b: Gastrodon|spd|1\n|move|p2b: Gastrodon|Recover|p2b: Gastrodon\n|-heal|p2b: Gastrodon|85\/100\n|\n|-heal|p1b: Stronghold|95\/100|[from] item: Leftovers\n|-heal|p2b: Gastrodon|92\/100|[from] item: Leftovers\n|-damage|p2b: Gastrodon|67\/100|[from] Salt Cure\n|-damage|p2a: Klefki|6\/100|[from] Salt Cure\n|upkeep\n|turn|5\n|\n|t:|1697465951\n|-terastallize|p2b: Gastrodon|Bug\n|move|p1a: Oranguru|Protect|p1a: Oranguru\n|-singleturn|p1a: Oranguru|Protect\n|move|p2a: Klefki|Spikes|p1b: Stronghold\n|-sidestart|p1: Sargenbob|Spikes\n|move|p1b: Stronghold|Iron Defense|p1b: Stronghold\n|-boost|p1b: Stronghold|def|2\n|move|p2b: Gastrodon|Tera Blast|p1a: Oranguru|[anim] Tera Blast Bug\n|-activate|p1a: Oranguru|move: Protect\n|\n|-heal|p1b: Stronghold|100\/100|[from] item: Leftovers\n|-heal|p2b: Gastrodon|73\/100|[from] item: Leftovers\n|-damage|p2b: Gastrodon|60\/100|[from] Salt Cure\n|-damage|p2a: Klefki|0 fnt|[from] Salt Cure\n|faint|p2a: Klefki\n|-fieldend|move: Trick Room\n|upkeep\n|\n|t:|1697465971\n|switch|p2a: Azumarill|Azumarill, M|100\/100\n|turn|6\n|\n|t:|1697465982\n|move|p2a: Azumarill|Belly Drum|p2a: Azumarill\n|-damage|p2a: Azumarill|51\/100\n|-setboost|p2a: Azumarill|atk|6|[from] move: Belly Drum\n|move|p2b: Gastrodon|Tera Blast|p1a: Oranguru|[anim] Tera Blast Bug\n|-supereffective|p1a: Oranguru\n|-damage|p1a: Oranguru|47\/100\n|move|p1b: Stronghold|Salt Cure|p2a: Azumarill\n|-crit|p2a: Azumarill\n|-damage|p2a: Azumarill|30\/100\n|-start|p2a: Azumarill|Salt Cure\n|-enditem|p2a: Azumarill|Sitrus Berry|[eat]\n|-heal|p2a: Azumarill|54\/100|[from] item: Sitrus Berry\n|move|p1a: Oranguru|Trick Room|p1a: Oranguru\n|-fieldstart|move: Trick Room|[of] p1a: Oranguru\n|\n|-heal|p2b: Gastrodon|66\/100|[from] item: Leftovers\n|-damage|p2b: Gastrodon|54\/100|[from] Salt Cure\n|-damage|p2a: Azumarill|30\/100|[from] Salt Cure\n|upkeep\n|turn|7\n|\n|t:|1697466001\n|move|p2a: Azumarill|Aqua Jet|p2b: Gastrodon\n|-activate|p2b: Gastrodon|ability: Storm Drain\n|-ability|p2b: Gastrodon|Storm Drain|boost\n|-boost|p2b: Gastrodon|spa|1\n|move|p1b: Stronghold|Salt Cure|p2b: Gastrodon\n|-supereffective|p2b: Gastrodon\n|-crit|p2b: Gastrodon\n|-damage|p2b: Gastrodon|6\/100\n|move|p1a: Oranguru|Psychic|p2a: Azumarill\n|-damage|p2a: Azumarill|9\/100\n|move|p2b: Gastrodon|Tera Blast|p1a: Oranguru|[anim] Tera Blast Bug\n|-supereffective|p1a: Oranguru\n|-damage|p1a: Oranguru|0 fnt\n|faint|p1a: Oranguru\n|\n|-heal|p2b: Gastrodon|12\/100|[from] item: Leftovers\n|-damage|p2b: Gastrodon|0 fnt|[from] Salt Cure\n|faint|p2b: Gastrodon\n|-damage|p2a: Azumarill|0 fnt|[from] Salt Cure\n|faint|p2a: Azumarill\n|-sideend|p2: lolIwatchYT|move: Light Screen\n|upkeep\n|-message|lolIwatchYT forfeited.\n|\n|win|Sargenbob\n|raw|Sargenbob's rating: 1140 &rarr; <strong>1171<\/strong><br \/>(+31 for winning)\n|raw|lolIwatchYT's rating: 1229 &rarr; <strong>1198<\/strong><br \/>(-31 for losing)\n|l|\u2606lolIwatchYT\n","uploadtime":1697466022,"views":19,"p1id":"sargenbob","p2id":"loliwatchyt","formatid":"gen9doublesou","rating":1171,"private":0,"password":""}