{"id":"gen9doublesou-1976386687","p1":"birdtesting","p2":"vicheat","format":"[Gen 9] Doubles OU","log":"|j|\u2606birdtesting\n|j|\u2606vicheat\n|t:|1698294739\n|gametype|doubles\n|player|p1|birdtesting|preschooler|1097\n|player|p2|vicheat|chuck|1092\n|teamsize|p1|6\n|teamsize|p2|6\n|gen|9\n|tier|[Gen 9] Doubles OU\n|rated|\n|rule|Species Clause: Limit one of each Pok\u00e9mon\n|rule|OHKO Clause: OHKO moves are banned\n|rule|Evasion Moves Clause: Evasion moves are banned\n|rule|Gravity Sleep Clause: The combination of sleep-inducing moves with imperfect accuracy and Gravity or Gigantamax Orbeetle are banned\n|rule|Endless Battle Clause: Forcing endless battles is banned\n|rule|HP Percentage Mod: HP is shown in percentages\n|clearpoke\n|poke|p1|Crawdaunt, M|\n|poke|p1|Venomoth, F|\n|poke|p1|Gliscor, F|\n|poke|p1|Bellibolt, M|\n|poke|p1|Empoleon, F|\n|poke|p1|Dragapult, M|\n|poke|p2|Rillaboom, M|\n|poke|p2|Ogerpon-Hearthflame, F|\n|poke|p2|Chien-Pao|\n|poke|p2|Dragonite, M|\n|poke|p2|Flutter Mane|\n|poke|p2|Walking Wake|\n|teampreview\n|\n|t:|1698294764\n|start\n|switch|p1a: A Bulbasaur|Dragapult, M|100\/100\n|switch|p1b: Felix|Bellibolt, M, shiny|100\/100\n|switch|p2a: Dragonite|Dragonite, M|100\/100\n|switch|p2b: Rillaboom|Rillaboom, M|100\/100\n|-fieldstart|move: Grassy Terrain|[from] ability: Grassy Surge|[of] p2b: Rillaboom\n|turn|1\n|\n|t:|1698294783\n|move|p2b: Rillaboom|Fake Out|p1a: A Bulbasaur\n|-immune|p1a: A Bulbasaur\n|move|p1a: A Bulbasaur|Draco Meteor|p2a: Dragonite\n|-supereffective|p2a: Dragonite\n|-damage|p2a: Dragonite|0 fnt\n|-unboost|p1a: A Bulbasaur|spa|2\n|faint|p2a: Dragonite\n|move|p1b: Felix|Muddy Water|p2b: Rillaboom\n|-resisted|p2b: Rillaboom\n|-damage|p2b: Rillaboom|93\/100\n|-unboost|p2b: Rillaboom|accuracy|1\n|\n|-heal|p2b: Rillaboom|99\/100|[from] Grassy Terrain\n|upkeep\n|c|\u2606vicheat|i forgor\n|c|\u2606birdtesting|happens\n|c|\u2606vicheat|hes a ghost type\n|\n|t:|1698294816\n|switch|p2a: Flutter Mane|Flutter Mane|100\/100\n|turn|2\n|\n|t:|1698294834\n|switch|p1a: Just Joe|Gliscor, F|100\/100\n|move|p2a: Flutter Mane|Dazzling Gleam|p1a: Just Joe|[spread] p1a,p1b\n|-damage|p1a: Just Joe|48\/100\n|-damage|p1b: Felix|57\/100\n|-start|p1b: Felix|Charge|Dazzling Gleam|[from] ability: Electromorphosis\n|move|p2b: Rillaboom|Wood Hammer|p1b: Felix\n|-damage|p1b: Felix|0 fnt\n|faint|p1b: Felix\n|-damage|p2b: Rillaboom|78\/100|[from] Recoil\n|\n|-heal|p2b: Rillaboom|84\/100|[from] Grassy Terrain\n|-status|p1a: Just Joe|tox|[from] item: Toxic Orb\n|upkeep\n|\n|t:|1698294849\n|switch|p1b: I'm Blue dabade-|Venomoth, F, shiny|100\/100\n|turn|3\n|\n|t:|1698294866\n|-end|p2a: Flutter Mane|Protosynthesis|[silent]\n|switch|p2a: Walking Wake|Walking Wake|100\/100\n|move|p1b: I'm Blue dabade-|Sludge Bomb|p2a: Walking Wake\n|-damage|p2a: Walking Wake|51\/100\n|move|p1a: Just Joe|Stealth Rock|p2a: Walking Wake\n|-sidestart|p2: vicheat|move: Stealth Rock\n|move|p2b: Rillaboom|U-turn|p1a: Just Joe\n|-resisted|p1a: Just Joe\n|-damage|p1a: Just Joe|41\/100 tox\n|\n|t:|1698294879\n|switch|p2b: Chien-Pao|Chien-Pao|100\/100|[from] U-turn\n|-damage|p2b: Chien-Pao|76\/100|[from] Stealth Rock\n|-ability|p2b: Chien-Pao|Sword of Ruin\n|\n|-heal|p2b: Chien-Pao|82\/100|[from] Grassy Terrain\n|-heal|p2a: Walking Wake|57\/100|[from] Grassy Terrain\n|-heal|p2a: Walking Wake|63\/100|[from] item: Leftovers\n|-heal|p1a: Just Joe|53\/100 tox|[from] ability: Poison Heal\n|upkeep\n|turn|4\n|j| Isosceles Triangle\n|\n|t:|1698294907\n|switch|p1b: Noot Noot|Empoleon, F|100\/100\n|move|p2b: Chien-Pao|Icicle Crash|p1a: Just Joe\n|-supereffective|p1a: Just Joe\n|-crit|p1a: Just Joe\n|-damage|p1a: Just Joe|0 fnt\n|faint|p1a: Just Joe\n|move|p2a: Walking Wake|Flamethrower|p1b: Noot Noot\n|-damage|p1b: Noot Noot|81\/100\n|\n|-heal|p2b: Chien-Pao|88\/100|[from] Grassy Terrain\n|-heal|p2a: Walking Wake|70\/100|[from] Grassy Terrain\n|-heal|p2a: Walking Wake|76\/100|[from] item: Leftovers\n|-heal|p1b: Noot Noot|87\/100|[from] Grassy Terrain\n|upkeep\n|\n|t:|1698294916\n|switch|p1a: A Bulbasaur|Dragapult, M|100\/100\n|turn|5\n|\n|t:|1698294944\n|-terastallize|p1a: A Bulbasaur|Fire\n|-terastallize|p2a: Walking Wake|Fairy\n|move|p1a: A Bulbasaur|Flamethrower|p2b: Chien-Pao\n|-supereffective|p2b: Chien-Pao\n|-damage|p2b: Chien-Pao|0 fnt\n|faint|p2b: Chien-Pao\n|move|p2a: Walking Wake|Tera Blast|p1a: A Bulbasaur|[anim] Tera Blast Fairy\n|-resisted|p1a: A Bulbasaur\n|-damage|p1a: A Bulbasaur|75\/100\n|move|p1b: Noot Noot|Grass Knot|p2a: Walking Wake\n|-damage|p2a: Walking Wake|14\/100\n|\n|-heal|p1a: A Bulbasaur|81\/100|[from] Grassy Terrain\n|-heal|p2a: Walking Wake|21\/100|[from] Grassy Terrain\n|-heal|p2a: Walking Wake|27\/100|[from] item: Leftovers\n|-heal|p1b: Noot Noot|93\/100|[from] Grassy Terrain\n|-fieldend|move: Grassy Terrain\n|upkeep\n|\n|t:|1698294963\n|switch|p2b: Ogerpon|Ogerpon-Hearthflame, F|100\/100\n|-damage|p2b: Ogerpon|75\/100|[from] Stealth Rock\n|-ability|p2b: Ogerpon|Mold Breaker\n|turn|6\n|\n|t:|1698294982\n|move|p2b: Ogerpon|Follow Me|p2b: Ogerpon\n|-singleturn|p2b: Ogerpon|move: Follow Me\n|move|p1a: A Bulbasaur|Flamethrower|p2b: Ogerpon\n|-damage|p2b: Ogerpon|22\/100\n|move|p2a: Walking Wake|Hydro Pump|p1a: A Bulbasaur|[miss]\n|-miss|p2a: Walking Wake|p1a: A Bulbasaur\n|move|p1b: Noot Noot|Icy Wind|p2a: Walking Wake|[spread] p2a,p2b\n|-damage|p2a: Walking Wake|11\/100\n|-damage|p2b: Ogerpon|10\/100\n|-unboost|p2a: Walking Wake|spe|1\n|-unboost|p2b: Ogerpon|spe|1\n|\n|-heal|p2a: Walking Wake|17\/100|[from] item: Leftovers\n|upkeep\n|turn|7\n|\n|t:|1698294999\n|move|p2b: Ogerpon|Follow Me|p2b: Ogerpon\n|-singleturn|p2b: Ogerpon|move: Follow Me\n|move|p1a: A Bulbasaur|Flamethrower|p2b: Ogerpon\n|-damage|p2b: Ogerpon|0 fnt\n|faint|p2b: Ogerpon\n|move|p2a: Walking Wake|Hydro Pump|p1a: A Bulbasaur\n|-supereffective|p1a: A Bulbasaur\n|-damage|p1a: A Bulbasaur|0 fnt\n|faint|p1a: A Bulbasaur\n|move|p1b: Noot Noot|Icy Wind|p2a: Walking Wake\n|-damage|p2a: Walking Wake|0 fnt\n|faint|p2a: Walking Wake\n|-end|p2a: Walking Wake|Protosynthesis|[silent]\n|\n|upkeep\n|\n|t:|1698295017\n|switch|p1a: I'm Blue dabade-|Venomoth, F, shiny|100\/100\n|switch|p2a: Flutter Mane|Flutter Mane|100\/100\n|switch|p2b: Rillaboom|Rillaboom, M|84\/100\n|-damage|p2a: Flutter Mane|88\/100|[from] Stealth Rock\n|-damage|p2b: Rillaboom|72\/100|[from] Stealth Rock\n|-fieldstart|move: Grassy Terrain|[from] ability: Grassy Surge|[of] p2b: Rillaboom\n|turn|8\n|\n|t:|1698295034\n|switch|p1a: Larry|Crawdaunt, M|100\/100\n|move|p2b: Rillaboom|Fake Out|p1b: Noot Noot\n|-resisted|p1b: Noot Noot\n|-damage|p1b: Noot Noot|85\/100\n|move|p2a: Flutter Mane|Psyshock|p1a: Larry\n|-immune|p1a: Larry\n|cant|p1b: Noot Noot|flinch\n|\n|-heal|p2a: Flutter Mane|94\/100|[from] Grassy Terrain\n|-heal|p2b: Rillaboom|78\/100|[from] Grassy Terrain\n|-heal|p1b: Noot Noot|91\/100|[from] Grassy Terrain\n|upkeep\n|turn|9\n|\n|t:|1698295066\n|move|p1a: Larry|Aqua Jet|p2a: Flutter Mane\n|-damage|p2a: Flutter Mane|22\/100\n|-damage|p1a: Larry|91\/100|[from] item: Life Orb\n|move|p2b: Rillaboom|Grassy Glide|p1a: Larry\n|-supereffective|p1a: Larry\n|-damage|p1a: Larry|0 fnt\n|faint|p1a: Larry\n|move|p2a: Flutter Mane|Psyshock|p1b: Noot Noot\n|-resisted|p1b: Noot Noot\n|-damage|p1b: Noot Noot|71\/100\n|move|p1b: Noot Noot|Icy Wind|p2b: Rillaboom|[spread] p2a,p2b\n|-supereffective|p2b: Rillaboom\n|-damage|p2a: Flutter Mane|8\/100\n|-damage|p2b: Rillaboom|59\/100\n|-unboost|p2a: Flutter Mane|spe|1\n|-unboost|p2b: Rillaboom|spe|1\n|\n|-heal|p2a: Flutter Mane|14\/100|[from] Grassy Terrain\n|-heal|p1b: Noot Noot|77\/100|[from] Grassy Terrain\n|-heal|p2b: Rillaboom|65\/100|[from] Grassy Terrain\n|upkeep\n|\n|t:|1698295084\n|switch|p1a: I'm Blue dabade-|Venomoth, F, shiny|100\/100\n|turn|10\n|\n|t:|1698295093\n|move|p1a: I'm Blue dabade-|Sludge Bomb|p2b: Rillaboom\n|-supereffective|p2b: Rillaboom\n|-damage|p2b: Rillaboom|8\/100\n|move|p2a: Flutter Mane|Psyshock|p1a: I'm Blue dabade-\n|-supereffective|p1a: I'm Blue dabade-\n|-damage|p1a: I'm Blue dabade-|0 fnt\n|faint|p1a: I'm Blue dabade-\n|move|p1b: Noot Noot|Icy Wind|p2a: Flutter Mane|[spread] p2a,p2b\n|-supereffective|p2b: Rillaboom\n|-damage|p2a: Flutter Mane|0 fnt\n|-damage|p2b: Rillaboom|0 fnt\n|faint|p2a: Flutter Mane\n|-end|p2a: Flutter Mane|Protosynthesis|[silent]\n|faint|p2b: Rillaboom\n|\n|win|birdtesting\n|raw|birdtesting's rating: 1097 &rarr; <strong>1122<\/strong><br \/>(+25 for winning)\n|raw|vicheat's rating: 1092 &rarr; <strong>1069<\/strong><br \/>(-23 for losing)\n|c|\u2606birdtesting|gg\n|l|\u2606vicheat\n","uploadtime":1698295112,"views":28,"p1id":"birdtesting","p2id":"vicheat","formatid":"gen9doublesou","rating":1069,"private":0,"password":""}