{"id":"gen9doublesou-1968072009","p1":"MasterMineZ82","p2":"ncoof","format":"[Gen 9] Doubles OU","log":"|html|<div class=\"broadcast-blue\"><strong>[Gen 9] Doubles OU is currently suspecting Basculegion & Flutter Mane! For information on how to participate check out the <a href=\"https:\/\/www.smogon.com\/forums\/threads\/np-sv-dou-stage-8-double-trouble.3729153\/\">suspect thread<\/a>.<\/strong><\/div>\n|j|\u2606MasterMineZ82\n|j|\u2606ncoof\n|t:|1697381356\n|gametype|doubles\n|player|p1|MasterMineZ82|266|1201\n|player|p2|ncoof|jupiter|1000\n|teamsize|p1|6\n|teamsize|p2|6\n|gen|9\n|tier|[Gen 9] Doubles OU\n|rated|\n|rule|Species Clause: Limit one of each Pok\u00e9mon\n|rule|OHKO Clause: OHKO moves are banned\n|rule|Evasion Moves Clause: Evasion moves are banned\n|rule|Gravity Sleep Clause: The combination of sleep-inducing moves with imperfect accuracy and Gravity or Gigantamax Orbeetle are banned\n|rule|Endless Battle Clause: Forcing endless battles is banned\n|rule|HP Percentage Mod: HP is shown in percentages\n|clearpoke\n|poke|p1|Wyrdeer, F|\n|poke|p1|Empoleon, M|\n|poke|p1|Ninetales-Alola, F|\n|poke|p1|Amoonguss, M|\n|poke|p1|Zapdos-Galar|\n|poke|p1|Chandelure, F|\n|poke|p2|Sunflora, M|\n|poke|p2|Flutter Mane|\n|poke|p2|Torkoal, M|\n|poke|p2|Grimmsnarl, M|\n|poke|p2|Indeedee-F, F|\n|poke|p2|Dragapult, M|\n|teampreview\n|\n|t:|1697381375\n|start\n|switch|p1a: Chandelure|Chandelure, F|100\/100\n|switch|p1b: Zapdos|Zapdos-Galar|100\/100\n|switch|p2a: Indeedee|Indeedee-F, F|100\/100\n|switch|p2b: Torkoal|Torkoal, M|100\/100\n|-weather|SunnyDay|[from] ability: Drought|[of] p2b: Torkoal\n|turn|1\n|\n|t:|1697381395\n|move|p1b: Zapdos|Thunderous Kick|p2b: Torkoal\n|-damage|p2b: Torkoal|72\/100\n|-unboost|p2b: Torkoal|def|1\n|move|p1a: Chandelure|Imprison|p1a: Chandelure\n|-start|p1a: Chandelure|move: Imprison\n|move|p2b: Torkoal|Stealth Rock|p1b: Zapdos\n|-sidestart|p1: MasterMineZ82|move: Stealth Rock\n|cant|p2a: Indeedee|move: Imprison|Trick Room\n|\n|-weather|SunnyDay|[upkeep]\n|-heal|p2b: Torkoal|78\/100|[from] item: Leftovers\n|upkeep\n|turn|2\n|\n|t:|1697381420\n|move|p1b: Zapdos|Thunderous Kick|p2b: Torkoal\n|-damage|p2b: Torkoal|33\/100\n|-unboost|p2b: Torkoal|def|1\n|move|p1a: Chandelure|Shadow Ball|p2b: Torkoal\n|-damage|p2b: Torkoal|0 fnt\n|faint|p2b: Torkoal\n|move|p2a: Indeedee|Draining Kiss|p1b: Zapdos\n|-supereffective|p1b: Zapdos\n|-damage|p1b: Zapdos|74\/100\n|\n|-weather|SunnyDay|[upkeep]\n|upkeep\n|\n|t:|1697381433\n|switch|p2b: Sunflora|Sunflora, M|100\/100\n|turn|3\n|\n|t:|1697381447\n|switch|p1b: Amoonguss|Amoonguss, M|100\/100\n|-damage|p1b: Amoonguss|88\/100|[from] Stealth Rock\n|-terastallize|p2b: Sunflora|Fairy\n|move|p2b: Sunflora|Dazzling Gleam|p1b: Amoonguss|[spread] p1a,p1b\n|-resisted|p1a: Chandelure\n|-resisted|p1b: Amoonguss\n|-damage|p1a: Chandelure|86\/100\n|-damage|p1b: Amoonguss|79\/100\n|move|p1a: Chandelure|Heat Wave|p2b: Sunflora|[spread] p2a,p2b\n|-crit|p2a: Indeedee\n|-damage|p2a: Indeedee|35\/100\n|-damage|p2b: Sunflora|28\/100\n|-status|p2b: Sunflora|brn\n|move|p2a: Indeedee|Draining Kiss|p1b: Amoonguss\n|-resisted|p1b: Amoonguss\n|-damage|p1b: Amoonguss|74\/100\n|-heal|p2a: Indeedee|39\/100|[from] drain|[of] p1b: Amoonguss\n|-damage|p2a: Indeedee|23\/100|[from] item: Rocky Helmet|[of] p1b: Amoonguss\n|\n|-weather|SunnyDay|[upkeep]\n|-heal|p2b: Sunflora|34\/100 brn|[from] item: Leftovers\n|-heal|p2a: Indeedee|29\/100|[from] item: Leftovers\n|-damage|p2b: Sunflora|28\/100 brn|[from] brn\n|upkeep\n|turn|4\n|\n|t:|1697381476\n|move|p2b: Sunflora|Substitute|p2b: Sunflora\n|-start|p2b: Sunflora|Substitute\n|-damage|p2b: Sunflora|3\/100 brn\n|move|p1a: Chandelure|Heat Wave|p2b: Sunflora|[spread] p2a,p2b\n|-end|p2b: Sunflora|Substitute\n|-damage|p2a: Indeedee|0 fnt\n|faint|p2a: Indeedee\n|move|p1b: Amoonguss|Pollen Puff|p2b: Sunflora\n|-resisted|p2b: Sunflora\n|-damage|p2b: Sunflora|0 fnt\n|faint|p2b: Sunflora\n|\n|-weather|SunnyDay|[upkeep]\n|upkeep\n|\n|t:|1697381490\n|switch|p2a: Grimmsnarl|Grimmsnarl, M, shiny|100\/100\n|switch|p2b: Flutter Mane|Flutter Mane|100\/100\n|-activate|p2b: Flutter Mane|ability: Protosynthesis\n|-start|p2b: Flutter Mane|protosynthesisspe\n|turn|5\n|\n|t:|1697381504\n|move|p2a: Grimmsnarl|Thunder Wave|p1a: Chandelure\n|-status|p1a: Chandelure|par\n|move|p2b: Flutter Mane|Mystical Fire|p1b: Amoonguss\n|-supereffective|p1b: Amoonguss\n|-damage|p1b: Amoonguss|0 fnt\n|faint|p1b: Amoonguss\n|move|p1a: Chandelure|Trick Room|p1a: Chandelure\n|-fieldstart|move: Trick Room|[of] p1a: Chandelure\n|\n|-weather|none\n|-end|p2b: Flutter Mane|Protosynthesis\n|upkeep\n|\n|t:|1697381517\n|switch|p1b: Empoleon|Empoleon, M|100\/100\n|-damage|p1b: Empoleon|94\/100|[from] Stealth Rock\n|turn|6\n|\n|t:|1697381525\n|-end|p2b: Flutter Mane|Protosynthesis|[silent]\n|switch|p2b: Dragapult|Dragapult, M|100\/100\n|move|p2a: Grimmsnarl|Thunder Wave|p1b: Empoleon\n|-status|p1b: Empoleon|par\n|move|p1b: Empoleon|Flash Cannon|p2b: Dragapult\n|-damage|p2b: Dragapult|46\/100\n|move|p1a: Chandelure|Shadow Ball|p2b: Dragapult\n|-supereffective|p2b: Dragapult\n|-damage|p2b: Dragapult|0 fnt\n|faint|p2b: Dragapult\n|\n|upkeep\n|\n|t:|1697381536\n|switch|p2b: Flutter Mane|Flutter Mane|100\/100\n|turn|7\n|\n|t:|1697381558\n|move|p2a: Grimmsnarl|Light Screen|p2a: Grimmsnarl\n|-sidestart|p2: ncoof|move: Light Screen\n|move|p1b: Empoleon|Flash Cannon|p2b: Flutter Mane\n|-supereffective|p2b: Flutter Mane\n|-damage|p2b: Flutter Mane|43\/100\n|cant|p1a: Chandelure|par\n|move|p2b: Flutter Mane|Psyshock|p1a: Chandelure\n|-damage|p1a: Chandelure|28\/100 par\n|\n|upkeep\n|turn|8\n|inactive|Battle timer is ON: inactive players will automatically lose when time's up. (requested by MasterMineZ82)\n|\n|t:|1697381573\n|cant|p1b: Empoleon|par\n|move|p1a: Chandelure|Shadow Ball|p2b: Flutter Mane\n|-supereffective|p2b: Flutter Mane\n|-damage|p2b: Flutter Mane|0 fnt\n|faint|p2b: Flutter Mane\n|-end|p2b: Flutter Mane|Protosynthesis|[silent]\n|move|p2a: Grimmsnarl|Dazzling Gleam|p1a: Chandelure|[spread] p1a,p1b\n|-resisted|p1a: Chandelure\n|-resisted|p1b: Empoleon\n|-damage|p1a: Chandelure|7\/100 par\n|-damage|p1b: Empoleon|82\/100 par\n|\n|upkeep\n|turn|9\n|\n|t:|1697381587\n|switch|p1a: Ninetales|Ninetales-Alola, F|100\/100\n|-damage|p1a: Ninetales|76\/100|[from] Stealth Rock\n|-weather|Snow|[from] ability: Snow Warning|[of] p1a: Ninetales\n|move|p1b: Empoleon|Flash Cannon|p2a: Grimmsnarl\n|-supereffective|p2a: Grimmsnarl\n|-damage|p2a: Grimmsnarl|43\/100\n|move|p2a: Grimmsnarl|Dazzling Gleam|p1b: Empoleon|[spread] p1a,p1b\n|-resisted|p1b: Empoleon\n|-damage|p1a: Ninetales|40\/100\n|-damage|p1b: Empoleon|70\/100 par\n|\n|-weather|Snow|[upkeep]\n|-fieldend|move: Trick Room\n|upkeep\n|turn|10\n|\n|t:|1697381602\n|move|p1a: Ninetales|Aurora Veil|p1a: Ninetales\n|-sidestart|p1: MasterMineZ82|move: Aurora Veil\n|move|p2a: Grimmsnarl|Dazzling Gleam|p1a: Ninetales|[spread] p1a,p1b\n|-resisted|p1b: Empoleon\n|-damage|p1a: Ninetales|19\/100\n|-damage|p1b: Empoleon|62\/100 par\n|move|p1b: Empoleon|Flash Cannon|p2a: Grimmsnarl\n|-supereffective|p2a: Grimmsnarl\n|-damage|p2a: Grimmsnarl|0 fnt\n|faint|p2a: Grimmsnarl\n|\n|win|MasterMineZ82\n|raw|MasterMineZ82's rating: 1201 &rarr; <strong>1213<\/strong><br \/>(+12 for winning)\n|raw|ncoof's rating: 1000 &rarr; <strong>1000<\/strong><br \/>(+0 for losing)\n|l|\u2606ncoof\n","uploadtime":1697381615,"views":23,"p1id":"masterminez82","p2id":"ncoof","formatid":"gen9doublesou","rating":1000,"private":0,"password":""}