{"id":"gen9doublesou-1974246602","p1":"Aquaticphantom","p2":"thejay1224","format":"[Gen 9] Doubles OU","log":"|j|\u2606Aquaticphantom\n|j|\u2606thejay1224\n|t:|1698071717\n|gametype|doubles\n|player|p1|Aquaticphantom|fantina|1093\n|player|p2|thejay1224|fisherman-gen4|1103\n|teamsize|p1|6\n|teamsize|p2|6\n|gen|9\n|tier|[Gen 9] Doubles OU\n|rated|\n|rule|Species Clause: Limit one of each Pok\u00e9mon\n|rule|OHKO Clause: OHKO moves are banned\n|rule|Evasion Moves Clause: Evasion moves are banned\n|rule|Gravity Sleep Clause: The combination of sleep-inducing moves with imperfect accuracy and Gravity or Gigantamax Orbeetle are banned\n|rule|Endless Battle Clause: Forcing endless battles is banned\n|rule|HP Percentage Mod: HP is shown in percentages\n|clearpoke\n|poke|p1|Glimmora, F|\n|poke|p1|Espeon, F|\n|poke|p1|Gastrodon-East, M|\n|poke|p1|Meowscarada, M|\n|poke|p1|Ceruledge, F|\n|poke|p1|Kilowattrel, M|\n|poke|p2|Ambipom, M|\n|poke|p2|Dedenne, F|\n|poke|p2|Chi-Yu|\n|poke|p2|Hydreigon, F|\n|poke|p2|Landorus-Therian, M|\n|poke|p2|Volcanion|\n|teampreview\n|\n|t:|1698071727\n|start\n|switch|p1a: Crystal|Glimmora, F|100\/100\n|switch|p1b: Sylvie|Espeon, F|100\/100\n|switch|p2a: Landorus|Landorus-Therian, M|100\/100\n|switch|p2b: Hydreigon|Hydreigon, F|100\/100\n|-ability|p2a: Landorus|Intimidate|boost\n|-unboost|p1a: Crystal|atk|1\n|-unboost|p1b: Sylvie|atk|1\n|turn|1\n|\n|t:|1698071749\n|-terastallize|p1b: Sylvie|Fairy\n|move|p1a: Crystal|Spiky Shield|p1a: Crystal\n|-singleturn|p1a: Crystal|move: Protect\n|move|p1b: Sylvie|Dazzling Gleam|p2b: Hydreigon|[spread] p2a,p2b\n|-supereffective|p2b: Hydreigon\n|-crit|p2b: Hydreigon\n|-damage|p2a: Landorus|54\/100\n|-damage|p2b: Hydreigon|0 fnt\n|faint|p2b: Hydreigon\n|move|p2a: Landorus|Earthquake|p1a: Crystal|[spread] p1b\n|-activate|p1a: Crystal|move: Protect\n|-damage|p1b: Sylvie|0 fnt\n|faint|p1b: Sylvie\n|\n|upkeep\n|\n|t:|1698071768\n|switch|p1b: Sponge|Gastrodon-East, M|100\/100\n|switch|p2b: Chi-Yu|Chi-Yu|100\/100\n|-ability|p2b: Chi-Yu|Beads of Ruin\n|turn|2\n|\n|t:|1698071799\n|switch|p2a: Volcanion|Volcanion|100\/100\n|switch|p1a: Dreyar|Kilowattrel, M|100\/100\n|move|p2b: Chi-Yu|Psychic|p1a: Dreyar\n|-damage|p1a: Dreyar|20\/100\n|move|p1b: Sponge|Muddy Water|p2b: Chi-Yu|[spread] p2b\n|-immune|p2a: Volcanion|[from] ability: Water Absorb\n|-supereffective|p2b: Chi-Yu\n|-damage|p2b: Chi-Yu|26\/100\n|\n|upkeep\n|turn|3\n|\n|t:|1698071826\n|move|p2b: Chi-Yu|Psychic|p1a: Dreyar\n|-damage|p1a: Dreyar|0 fnt\n|faint|p1a: Dreyar\n|move|p2a: Volcanion|Flamethrower|p1b: Sponge\n|-resisted|p1b: Sponge\n|-damage|p1b: Sponge|71\/100\n|move|p1b: Sponge|Icy Wind|p2b: Chi-Yu|[spread] p2a,p2b\n|-resisted|p2a: Volcanion\n|-resisted|p2b: Chi-Yu\n|-damage|p2a: Volcanion|98\/100\n|-damage|p2b: Chi-Yu|19\/100\n|-unboost|p2a: Volcanion|spe|1\n|-unboost|p2b: Chi-Yu|spe|1\n|\n|upkeep\n|inactive|Battle timer is ON: inactive players will automatically lose when time's up. (requested by thejay1224)\n|\n|t:|1698071836\n|switch|p1a: Crystal|Glimmora, F|100\/100\n|turn|4\n|\n|t:|1698071845\n|move|p2b: Chi-Yu|Psychic|p1a: Crystal\n|-supereffective|p1a: Crystal\n|-damage|p1a: Crystal|0 fnt\n|faint|p1a: Crystal\n|move|p1b: Sponge|Earth Power|p2a: Volcanion\n|-supereffective|p2a: Volcanion\n|-damage|p2a: Volcanion|26\/100\n|move|p2a: Volcanion|Steam Eruption|p1b: Sponge\n|-ability|p1b: Sponge|Storm Drain|boost\n|-boost|p1b: Sponge|spa|1\n|\n|upkeep\n|\n|t:|1698071849\n|switch|p1a: Cat n Hat|Meowscarada, M|100\/100\n|turn|5\n|\n|t:|1698071860\n|switch|p1a: Knightwalker|Ceruledge, F|100\/100\n|switch|p2b: Landorus|Landorus-Therian, M|54\/100\n|-ability|p2b: Landorus|Intimidate|boost\n|-unboost|p1a: Knightwalker|atk|1\n|-unboost|p1b: Sponge|atk|1\n|move|p1b: Sponge|Earth Power|p2b: Landorus\n|-immune|p2b: Landorus\n|move|p2a: Volcanion|Explosion|p1a: Knightwalker|[spread] p2b,p1b\n|-immune|p1a: Knightwalker\n|-damage|p2b: Landorus|0 fnt\n|-damage|p1b: Sponge|21\/100\n|faint|p2a: Volcanion\n|faint|p2b: Landorus\n|\n|upkeep\n|\n|t:|1698071884\n|switch|p2b: Chi-Yu|Chi-Yu|19\/100\n|switch|p2a: Ambipom|Ambipom, M|100\/100\n|-ability|p2b: Chi-Yu|Beads of Ruin\n|turn|6\n|\n|t:|1698071900\n|switch|p1b: Cat n Hat|Meowscarada, M|100\/100\n|move|p2b: Chi-Yu|Dark Pulse|p1b: Cat n Hat\n|-resisted|p1b: Cat n Hat\n|-damage|p1b: Cat n Hat|70\/100\n|move|p2a: Ambipom|Knock Off|p1a: Knightwalker\n|-supereffective|p1a: Knightwalker\n|-damage|p1a: Knightwalker|15\/100\n|-enditem|p1a: Knightwalker|Iapapa Berry|[from] move: Knock Off|[of] p2a: Ambipom\n|move|p1a: Knightwalker|Bitter Blade|p2b: Chi-Yu\n|-resisted|p2b: Chi-Yu\n|-damage|p2b: Chi-Yu|0 fnt\n|-heal|p1a: Knightwalker|23\/100|[from] drain|[of] p2b: Chi-Yu\n|faint|p2b: Chi-Yu\n|\n|upkeep\n|\n|t:|1698071917\n|switch|p2b: Dedenne|Dedenne, F|100\/100\n|turn|7\n|\n|t:|1698071942\n|switch|p1a: Sponge|Gastrodon-East, M|21\/100\n|move|p1b: Cat n Hat|Flower Trick|p2b: Dedenne\n|-start|p1b: Cat n Hat|typechange|Grass|[from] ability: Protean\n|-crit|p2b: Dedenne\n|-damage|p2b: Dedenne|18\/100\n|move|p2a: Ambipom|Knock Off|p1a: Sponge\n|-damage|p1a: Sponge|0 fnt\n|-enditem|p1a: Sponge|Wide Lens|[from] move: Knock Off|[of] p2a: Ambipom\n|faint|p1a: Sponge\n|move|p2b: Dedenne|Nuzzle|p1b: Cat n Hat\n|-resisted|p1b: Cat n Hat\n|-damage|p1b: Cat n Hat|66\/100\n|-status|p1b: Cat n Hat|par\n|\n|upkeep\n|inactive|Aquaticphantom has 120 seconds left.\n|\n|t:|1698071959\n|switch|p1a: Knightwalker|Ceruledge, F|23\/100\n|turn|8\n|\n|t:|1698071966\n|move|p2a: Ambipom|Fling|p1a: Knightwalker\n|-supereffective|p1a: Knightwalker\n|-damage|p1a: Knightwalker|0 fnt\n|-enditem|p2a: Ambipom|King's Rock|[from] move: Fling\n|faint|p1a: Knightwalker\n|move|p2b: Dedenne|Fling|p1b: Cat n Hat\n|-damage|p1b: Cat n Hat|60\/100 par\n|-enditem|p2b: Dedenne|King's Rock|[from] move: Fling\n|cant|p1b: Cat n Hat|flinch\n|\n|-item|p2a: Ambipom|King's Rock|[from] ability: Pickup\n|-item|p2b: Dedenne|King's Rock|[from] ability: Pickup\n|upkeep\n|turn|9\n|\n|t:|1698071984\n|move|p2a: Ambipom|Fling|p1b: Cat n Hat\n|-damage|p1b: Cat n Hat|46\/100 par\n|-enditem|p2a: Ambipom|King's Rock|[from] move: Fling\n|move|p2b: Dedenne|Fling|p1b: Cat n Hat\n|-damage|p1b: Cat n Hat|38\/100 par\n|-enditem|p2b: Dedenne|King's Rock|[from] move: Fling\n|cant|p1b: Cat n Hat|flinch\n|\n|-item|p2a: Ambipom|King's Rock|[from] ability: Pickup\n|-item|p2b: Dedenne|King's Rock|[from] ability: Pickup\n|upkeep\n|turn|10\n|-message|Aquaticphantom forfeited.\n|\n|win|thejay1224\n|raw|Aquaticphantom's rating: 1093 &rarr; <strong>1072<\/strong><br \/>(-21 for losing)\n|raw|thejay1224's rating: 1133 &rarr; <strong>1155<\/strong><br \/>(+22 for winning)\n|l|\u2606Aquaticphantom\n","uploadtime":1698072034,"views":14,"p1id":"aquaticphantom","p2id":"thejay1224","formatid":"gen9doublesou","rating":1072,"private":0,"password":""}