{"id":"gen9doublesou-1990254425","p1":"YardPodcastFan","p2":"SaltyTaro","format":"[Gen 9] Doubles OU","log":"|j|\u2606YardPodcastFan\n|j|\u2606SaltyTaro\n|inactive|Battle timer is ON: inactive players will automatically lose when time's up.\n|t:|1699945356\n|gametype|doubles\n|player|p1|YardPodcastFan|roughneck|\n|player|p2|SaltyTaro|266|\n|teamsize|p1|6\n|teamsize|p2|6\n|gen|9\n|tier|[Gen 9] Doubles OU\n|rated|Tournament battle\n|rule|Species Clause: Limit one of each Pok\u00e9mon\n|rule|OHKO Clause: OHKO moves are banned\n|rule|Evasion Moves Clause: Evasion moves are banned\n|rule|Gravity Sleep Clause: The combination of sleep-inducing moves with imperfect accuracy and Gravity or Gigantamax Orbeetle are banned\n|rule|Endless Battle Clause: Forcing endless battles is banned\n|rule|HP Percentage Mod: HP is shown in percentages\n|clearpoke\n|poke|p1|Gimmighoul|\n|poke|p1|Gligar, F|\n|poke|p1|Spoink, F|\n|poke|p1|Wooper-Paldea, M|\n|poke|p1|Pawniard, F|\n|poke|p1|Voltorb|\n|poke|p2|Poochyena, M|\n|poke|p2|Qwilfish-Hisui, M|\n|poke|p2|Growlithe-Hisui, M|\n|poke|p2|Azurill, F|\n|poke|p2|Foongus, F|\n|poke|p2|Naclstack, M|\n|teampreview\n|j|*Lady Monita \u2746\n|j| eskittienyan2911\n|j| munchkinp\n|inactive|YardPodcastFan has 120 seconds left.\n|inactive|YardPodcastFan has 90 seconds left.\n|j| Snorlaxisalpha\n|\n|t:|1699945435\n|start\n|switch|p1a: Gligar|Gligar, F|100\/100\n|switch|p1b: Voltorb|Voltorb|100\/100\n|switch|p2a: Naclstack|Naclstack, M, shiny|100\/100\n|switch|p2b: Foongus|Foongus, F|100\/100\n|turn|1\n|\n|t:|1699945450\n|move|p1b: Voltorb|Helping Hand|p1a: Gligar\n|-singleturn|p1a: Gligar|Helping Hand|[of] p1b: Voltorb\n|move|p1a: Gligar|High Horsepower|p2a: Naclstack\n|-supereffective|p2a: Naclstack\n|-damage|p2a: Naclstack|0 fnt\n|faint|p2a: Naclstack\n|move|p2b: Foongus|Spore|p1b: Voltorb\n|-status|p1b: Voltorb|slp|[from] move: Spore\n|\n|upkeep\n|\n|t:|1699945463\n|switch|p2a: Qwilfish|Qwilfish-Hisui, M|100\/100\n|turn|2\n|\n|t:|1699945483\n|cant|p1b: Voltorb|slp\n|move|p2b: Foongus|Rage Powder|p2b: Foongus\n|-singleturn|p2b: Foongus|move: Rage Powder\n|move|p1a: Gligar|High Horsepower|p2b: Foongus\n|-damage|p2b: Foongus|64\/100\n|move|p2a: Qwilfish|Acupressure|p2a: Qwilfish\n|-boost|p2a: Qwilfish|accuracy|2\n|\n|upkeep\n|turn|3\n|\n|t:|1699945497\n|cant|p1b: Voltorb|slp\n|move|p1a: Gligar|Dual Wingbeat|p2b: Foongus\n|-supereffective|p2b: Foongus\n|-damage|p2b: Foongus|29\/100\n|-enditem|p2b: Foongus|Sitrus Berry|[eat]\n|-heal|p2b: Foongus|54\/100|[from] item: Sitrus Berry\n|-supereffective|p2b: Foongus\n|-damage|p2b: Foongus|22\/100\n|-hitcount|p2b: Foongus|2\n|move|p2a: Qwilfish|Acupressure|p2a: Qwilfish\n|-boost|p2a: Qwilfish|evasion|2\n|move|p2b: Foongus|Synthesis|p2b: Foongus\n|-heal|p2b: Foongus|72\/100\n|\n|upkeep\n|turn|4\n|\n|t:|1699945513\n|-curestatus|p1b: Voltorb|slp|[msg]\n|move|p1b: Voltorb|Helping Hand|p1a: Gligar\n|-singleturn|p1a: Gligar|Helping Hand|[of] p1b: Voltorb\n|move|p2b: Foongus|Protect|p2b: Foongus\n|-singleturn|p2b: Foongus|Protect\n|move|p1a: Gligar|Dual Wingbeat|p2b: Foongus\n|-activate|p2b: Foongus|move: Protect\n|move|p2a: Qwilfish|Acupressure|p2a: Qwilfish\n|-boost|p2a: Qwilfish|def|2\n|\n|upkeep\n|turn|5\n|\n|t:|1699945533\n|move|p1b: Voltorb|Helping Hand|p1a: Gligar\n|-singleturn|p1a: Gligar|Helping Hand|[of] p1b: Voltorb\n|move|p1a: Gligar|Dual Wingbeat|p2b: Foongus\n|-supereffective|p2b: Foongus\n|-damage|p2b: Foongus|20\/100\n|-supereffective|p2b: Foongus\n|-crit|p2b: Foongus\n|-damage|p2b: Foongus|0 fnt\n|faint|p2b: Foongus\n|-hitcount|p2: Foongus|2\n|move|p2a: Qwilfish|Acupressure|p2a: Qwilfish\n|-boost|p2a: Qwilfish|atk|2\n|\n|upkeep\n|\n|t:|1699945548\n|switch|p2b: Growlithe|Growlithe-Hisui, M|100\/100\n|-ability|p2b: Growlithe|Intimidate|boost\n|-fail|p1a: Gligar|unboost|Attack|[from] ability: Hyper Cutter|[of] p1a: Gligar\n|-unboost|p1b: Voltorb|atk|1\n|turn|6\n|\n|t:|1699945565\n|move|p1b: Voltorb|Taunt|p2a: Qwilfish|[miss]\n|-miss|p1b: Voltorb|p2a: Qwilfish\n|move|p2b: Growlithe|Head Smash|p1a: Gligar\n|-damage|p1a: Gligar|49\/100\n|-damage|p2b: Growlithe|74\/100|[from] Recoil\n|move|p1a: Gligar|High Horsepower|p2b: Growlithe\n|-supereffective|p2b: Growlithe\n|-crit|p2b: Growlithe\n|-damage|p2b: Growlithe|0 fnt\n|faint|p2b: Growlithe\n|move|p2a: Qwilfish|Acupressure|p2a: Qwilfish\n|-boost|p2a: Qwilfish|def|2\n|\n|upkeep\n|\n|t:|1699945577\n|switch|p2b: Poochyena|Poochyena, M|100\/100\n|turn|7\n|\n|t:|1699945586\n|move|p1b: Voltorb|Helping Hand|p1a: Gligar\n|-singleturn|p1a: Gligar|Helping Hand|[of] p1b: Voltorb\n|move|p1a: Gligar|High Horsepower|p2a: Qwilfish\n|-supereffective|p2a: Qwilfish\n|-damage|p2a: Qwilfish|80\/100\n|move|p2b: Poochyena|Ice Fang|p1a: Gligar\n|-supereffective|p1a: Gligar\n|-damage|p1a: Gligar|8\/100\n|move|p2a: Qwilfish|Acupressure|p2a: Qwilfish\n|-boost|p2a: Qwilfish|atk|2\n|\n|upkeep\n|turn|8\n|\n|t:|1699945615\n|move|p1b: Voltorb|Helping Hand|p1a: Gligar\n|-singleturn|p1a: Gligar|Helping Hand|[of] p1b: Voltorb\n|move|p1a: Gligar|High Horsepower|p2b: Poochyena\n|-damage|p2b: Poochyena|0 fnt\n|faint|p2b: Poochyena\n|move|p2a: Qwilfish|Crunch|p1b: Voltorb\n|-enditem|p1b: Voltorb|Focus Sash\n|-damage|p1b: Voltorb|1\/100\n|\n|upkeep\n|\n|t:|1699945624\n|switch|p2b: Azurill|Azurill, F|100\/100\n|turn|9\n|\n|t:|1699945635\n|move|p1a: Gligar|Protect|p1a: Gligar\n|-singleturn|p1a: Gligar|Protect\n|move|p2b: Azurill|Aqua Jet|p1a: Gligar\n|-activate|p1a: Gligar|move: Protect\n|move|p1b: Voltorb|Explosion|p2b: Azurill|[spread] p2a,p2b\n|-activate|p1a: Gligar|move: Protect\n|-damage|p2a: Qwilfish|78\/100\n|-damage|p2b: Azurill|65\/100\n|faint|p1b: Voltorb\n|move|p2a: Qwilfish|Crunch|p1a: Gligar\n|-activate|p1a: Gligar|move: Protect\n|\n|upkeep\n|\n|t:|1699945647\n|switch|p1b: Wooper|Wooper-Paldea, M|100\/100\n|turn|10\n|\n|t:|1699945654\n|move|p2b: Azurill|Aqua Jet|p1a: Gligar\n|-supereffective|p1a: Gligar\n|-damage|p1a: Gligar|0 fnt\n|faint|p1a: Gligar\n|move|p2a: Qwilfish|Acupressure|p2a: Qwilfish\n|-boost|p2a: Qwilfish|spe|2\n|move|p1b: Wooper|Toxic|p2b: Azurill\n|-status|p2b: Azurill|tox\n|\n|-damage|p2b: Azurill|59\/100 tox|[from] psn\n|upkeep\n|\n|t:|1699945682\n|switch|p1a: Pawniard|Pawniard, F|100\/100\n|turn|11\n|\n|t:|1699945694\n|move|p2b: Azurill|Protect|p2b: Azurill\n|-singleturn|p2b: Azurill|Protect\n|move|p2a: Qwilfish|Acupressure|p2a: Qwilfish\n|-boost|p2a: Qwilfish|def|2\n|move|p1a: Pawniard|Iron Head|p2b: Azurill\n|-activate|p2b: Azurill|move: Protect\n|move|p1b: Wooper|Stomping Tantrum|p2a: Qwilfish\n|-supereffective|p2a: Qwilfish\n|-damage|p2a: Qwilfish|74\/100\n|\n|-damage|p2b: Azurill|46\/100 tox|[from] psn\n|upkeep\n|turn|12\n|\n|t:|1699945711\n|move|p2b: Azurill|Aqua Jet|p1b: Wooper\n|-immune|p1b: Wooper|[from] ability: Water Absorb\n|move|p2a: Qwilfish|Acupressure|p2a: Qwilfish\n|-boost|p2a: Qwilfish|spa|2\n|move|p1a: Pawniard|Iron Head|p2b: Azurill\n|-supereffective|p2b: Azurill\n|-damage|p2b: Azurill|0 fnt\n|faint|p2b: Azurill\n|move|p1b: Wooper|Stomping Tantrum|p2a: Qwilfish|[miss]\n|-miss|p1b: Wooper|p2a: Qwilfish\n|\n|upkeep\n|turn|13\n|j| Fiddlw\n|\n|t:|1699945724\n|move|p2a: Qwilfish|Acupressure|p2a: Qwilfish\n|-boost|p2a: Qwilfish|accuracy|2\n|move|p1a: Pawniard|Swords Dance|p1a: Pawniard\n|-boost|p1a: Pawniard|atk|2\n|move|p1b: Wooper|Stomping Tantrum|p2a: Qwilfish\n|-supereffective|p2a: Qwilfish\n|-damage|p2a: Qwilfish|65\/100\n|\n|upkeep\n|turn|14\n|\n|t:|1699945732\n|move|p2a: Qwilfish|Crunch|p1a: Pawniard\n|-resisted|p1a: Pawniard\n|-damage|p1a: Pawniard|58\/100\n|move|p1a: Pawniard|Swords Dance|p1a: Pawniard\n|-boost|p1a: Pawniard|atk|2\n|move|p1b: Wooper|Stomping Tantrum|p2a: Qwilfish|[miss]\n|-miss|p1b: Wooper|p2a: Qwilfish\n|\n|upkeep\n|turn|15\n|\n|t:|1699945741\n|move|p2a: Qwilfish|Crunch|p1a: Pawniard\n|-resisted|p1a: Pawniard\n|-damage|p1a: Pawniard|19\/100\n|move|p1a: Pawniard|Iron Head|p2a: Qwilfish\n|-damage|p2a: Qwilfish|50\/100\n|move|p1b: Wooper|Stomping Tantrum|p2a: Qwilfish\n|-supereffective|p2a: Qwilfish\n|-damage|p2a: Qwilfish|41\/100\n|\n|upkeep\n|turn|16\n|\n|t:|1699945751\n|move|p2a: Qwilfish|Crunch|p1a: Pawniard\n|-resisted|p1a: Pawniard\n|-damage|p1a: Pawniard|0 fnt\n|faint|p1a: Pawniard\n|move|p1b: Wooper|Stomping Tantrum|p2a: Qwilfish|[miss]\n|-miss|p1b: Wooper|p2a: Qwilfish\n|\n|upkeep\n|\n|t:|1699945763\n|switch|p1a: Gimmighoul|Gimmighoul|100\/100\n|turn|17\n|\n|t:|1699945770\n|-terastallize|p1a: Gimmighoul|Fighting\n|move|p2a: Qwilfish|Rest|p2a: Qwilfish\n|-status|p2a: Qwilfish|slp|[from] move: Rest\n|-heal|p2a: Qwilfish|100\/100 slp|[silent]\n|move|p1b: Wooper|Stomping Tantrum|p2a: Qwilfish\n|-supereffective|p2a: Qwilfish\n|-damage|p2a: Qwilfish|92\/100 slp\n|move|p1a: Gimmighoul|Tera Blast|p2a: Qwilfish|[anim] Tera Blast Fighting\n|-damage|p2a: Qwilfish|36\/100 slp\n|\n|upkeep\n|turn|18\n|l| Fiddlw\n|\n|t:|1699945782\n|cant|p2a: Qwilfish|slp\n|move|p2a: Qwilfish|Sleep Talk|p2a: Qwilfish\n|move|p2a: Qwilfish|Acupressure|p2a: Qwilfish|[from]move: Sleep Talk\n|-boost|p2a: Qwilfish|evasion|2\n|move|p1b: Wooper|Stomping Tantrum|p2a: Qwilfish|[miss]\n|-miss|p1b: Wooper|p2a: Qwilfish\n|move|p1a: Gimmighoul|Tera Blast|p2a: Qwilfish|[anim] Tera Blast Fighting|[miss]\n|-miss|p1a: Gimmighoul|p2a: Qwilfish\n|\n|upkeep\n|turn|19\n|\n|t:|1699945793\n|cant|p2a: Qwilfish|slp\n|move|p2a: Qwilfish|Sleep Talk|p2a: Qwilfish\n|move|p2a: Qwilfish|Rest||[from]move: Sleep Talk|[still]\n|-fail|p2a: Qwilfish\n|move|p1b: Wooper|Stomping Tantrum|p2a: Qwilfish|[miss]\n|-miss|p1b: Wooper|p2a: Qwilfish\n|move|p1a: Gimmighoul|Tera Blast|p2a: Qwilfish|[anim] Tera Blast Fighting\n|-damage|p2a: Qwilfish|0 fnt\n|faint|p2a: Qwilfish\n|\n|win|YardPodcastFan\n|n|\u2606YardPodcastFan|yardpodcastfan\n|n|\u2606SaltyTaro|saltytaro\n|n|*Lady Monita \u2746|ladymonita\n|n| eskittienyan2911|eskittienyan2911\n|n| munchkinp|munchkinp\n|n| Snorlaxisalpha|snorlaxisalpha\n","uploadtime":1699945794,"views":24,"p1id":"yardpodcastfan","p2id":"saltytaro","formatid":"gen9doublesou","rating":0,"private":0,"password":""}