{"id":"gen9doublesou-1987553500","p1":"Ill Will the 1st","p2":"aniihS","format":"[Gen 9] Doubles OU","log":"|j|\u2606Ill Will the 1st\n|j|\u2606aniihS\n|t:|1699611080\n|gametype|doubles\n|player|p1|Ill Will the 1st|hooligans|1389\n|player|p2|aniihS|elesa-masters|1422\n|teamsize|p1|6\n|teamsize|p2|6\n|gen|9\n|tier|[Gen 9] Doubles OU\n|rated|\n|rule|Species Clause: Limit one of each Pok\u00e9mon\n|rule|OHKO Clause: OHKO moves are banned\n|rule|Evasion Moves Clause: Evasion moves are banned\n|rule|Gravity Sleep Clause: The combination of sleep-inducing moves with imperfect accuracy and Gravity or Gigantamax Orbeetle are banned\n|rule|Endless Battle Clause: Forcing endless battles is banned\n|rule|HP Percentage Mod: HP is shown in percentages\n|clearpoke\n|poke|p1|Chien-Pao|\n|poke|p1|Iron Hands|\n|poke|p1|Flutter Mane|\n|poke|p1|Amoonguss, M|\n|poke|p1|Dragapult, F|\n|poke|p1|Ursaluna-Bloodmoon, M|\n|poke|p2|Gyarados, F|\n|poke|p2|Landorus-Therian, M|\n|poke|p2|Cresselia, F|\n|poke|p2|Dragonite, M|\n|poke|p2|Heatran, M|\n|poke|p2|Flutter Mane|\n|teampreview\n|\n|t:|1699611109\n|start\n|switch|p1a: Iron Hands|Iron Hands|100\/100\n|switch|p1b: Flutter Mane|Flutter Mane|100\/100\n|switch|p2a: Gyarados|Gyarados, F|100\/100\n|switch|p2b: Landorus|Landorus-Therian, M|100\/100\n|-ability|p2b: Landorus|Intimidate|boost\n|-unboost|p1a: Iron Hands|atk|1\n|-unboost|p1b: Flutter Mane|atk|1\n|-ability|p2a: Gyarados|Intimidate|boost\n|-unboost|p1a: Iron Hands|atk|1\n|-unboost|p1b: Flutter Mane|atk|1\n|turn|1\n|\n|t:|1699611159\n|move|p1b: Flutter Mane|Dazzling Gleam|p2a: Gyarados|[spread] p2a,p2b\n|-damage|p2a: Gyarados|71\/100\n|-damage|p2b: Landorus|46\/100\n|move|p2b: Landorus|Earthquake|p1b: Flutter Mane|[spread] p1a,p1b\n|-immune|p2a: Gyarados\n|-supereffective|p1a: Iron Hands\n|-damage|p1a: Iron Hands|44\/100\n|-damage|p1b: Flutter Mane|26\/100\n|move|p2a: Gyarados|Earthquake|p1b: Flutter Mane|[spread] p1a,p1b\n|-immune|p2b: Landorus\n|-supereffective|p1a: Iron Hands\n|-damage|p1a: Iron Hands|9\/100\n|-damage|p1b: Flutter Mane|0 fnt\n|faint|p1b: Flutter Mane\n|-end|p1b: Flutter Mane|Protosynthesis|[silent]\n|move|p1a: Iron Hands|Wild Charge|p2a: Gyarados\n|-supereffective|p2a: Gyarados\n|-damage|p2a: Gyarados|0 fnt\n|faint|p2a: Gyarados\n|-damage|p1a: Iron Hands|0 fnt|[from] Recoil\n|faint|p1a: Iron Hands\n|-end|p1a: Iron Hands|Quark Drive|[silent]\n|\n|upkeep\n|\n|t:|1699611192\n|switch|p1b: Dragapult|Dragapult, F|100\/100\n|switch|p2a: Cresselia|Cresselia, F|100\/100\n|switch|p1a: Ursaluna|Ursaluna-Bloodmoon, M|100\/100\n|turn|2\n|inactive|Battle timer is ON: inactive players will automatically lose when time's up. (requested by aniihS)\n|\n|t:|1699611212\n|move|p1b: Dragapult|U-turn|p2a: Cresselia\n|-supereffective|p2a: Cresselia\n|-crit|p2a: Cresselia\n|-damage|p2a: Cresselia|56\/100\n|\n|t:|1699611217\n|switch|p1b: Amoonguss|Amoonguss, M|100\/100|[from] U-turn\n|move|p2b: Landorus|Earthquake|p1b: Amoonguss|[spread] p1a,p1b\n|-immune|p2a: Cresselia|[from] ability: Levitate\n|-damage|p1a: Ursaluna|71\/100\n|-damage|p1b: Amoonguss|70\/100\n|move|p2a: Cresselia|Lunar Blessing|p2a: Cresselia|[spread] p2a,p2b\n|-heal|p2a: Cresselia|80\/100\n|-heal|p2b: Landorus|71\/100\n|move|p1a: Ursaluna|Hyper Voice|p2a: Cresselia|[spread] p2a,p2b\n|-damage|p2a: Cresselia|59\/100\n|-damage|p2b: Landorus|27\/100\n|-enditem|p1a: Ursaluna|Throat Spray\n|-boost|p1a: Ursaluna|spa|1|[from] item: Throat Spray\n|\n|-heal|p2a: Cresselia|65\/100|[from] item: Leftovers\n|upkeep\n|turn|3\n|\n|t:|1699611241\n|move|p2b: Landorus|Taunt|p1b: Amoonguss\n|-start|p1b: Amoonguss|move: Taunt\n|move|p2a: Cresselia|Ice Beam|p1a: Ursaluna\n|-supereffective|p1a: Ursaluna\n|-damage|p1a: Ursaluna|27\/100\n|move|p1a: Ursaluna|Hyper Voice|p2a: Cresselia|[spread] p2a,p2b\n|-damage|p2a: Cresselia|29\/100\n|-damage|p2b: Landorus|0 fnt\n|faint|p2b: Landorus\n|move|p1b: Amoonguss|Pollen Puff|p1a: Ursaluna\n|-heal|p1a: Ursaluna|77\/100\n|\n|-heal|p2a: Cresselia|35\/100|[from] item: Leftovers\n|upkeep\n|inactive|aniihS has 120 seconds left.\n|inactive|aniihS has 90 seconds left.\n|\n|t:|1699611297\n|switch|p2b: Flutter Mane|Flutter Mane|100\/100\n|-enditem|p2b: Flutter Mane|Booster Energy\n|-activate|p2b: Flutter Mane|ability: Protosynthesis|[fromitem]\n|-start|p2b: Flutter Mane|protosynthesisspe\n|turn|4\n|inactive|Ill Will the 1st has 120 seconds left.\n|\n|t:|1699611355\n|switch|p1b: Dragapult|Dragapult, F|100\/100\n|-terastallize|p1a: Ursaluna|Normal\n|move|p2b: Flutter Mane|Dazzling Gleam|p1a: Ursaluna|[spread] p1a,p1b\n|-supereffective|p1b: Dragapult\n|-damage|p1a: Ursaluna|44\/100\n|-damage|p1b: Dragapult|22\/100\n|move|p2a: Cresselia|Ice Beam|p1a: Ursaluna\n|-damage|p1a: Ursaluna|20\/100\n|move|p1a: Ursaluna|Hyper Voice|p2a: Cresselia|[spread] p2a,p2b\n|-damage|p2a: Cresselia|0 fnt\n|-damage|p2b: Flutter Mane|28\/100\n|faint|p2a: Cresselia\n|\n|upkeep\n|inactive|aniihS has 90 seconds left.\n|\n|t:|1699611377\n|switch|p2a: Dragonite|Dragonite, M|100\/100\n|turn|5\n|inactive|Ill Will the 1st has 120 seconds left.\n|\n|t:|1699611395\n|move|p1a: Ursaluna|Protect|p1a: Ursaluna\n|-singleturn|p1a: Ursaluna|Protect\n|move|p2a: Dragonite|Aqua Jet|p1b: Dragapult\n|-resisted|p1b: Dragapult\n|-damage|p1b: Dragapult|6\/100\n|move|p1b: Dragapult|Phantom Force||[still]\n|-prepare|p1b: Dragapult|Phantom Force\n|move|p2b: Flutter Mane|Dazzling Gleam|p1b: Dragapult|[spread] \n|-miss|p2b: Flutter Mane|p1b: Dragapult\n|-activate|p1a: Ursaluna|move: Protect\n|\n|upkeep\n|turn|6\n|inactive|aniihS has 120 seconds left.\n|inactive|Ill Will the 1st has 120 seconds left.\n|\n|t:|1699611432\n|move|p2b: Flutter Mane|Protect|p2b: Flutter Mane\n|-singleturn|p2b: Flutter Mane|Protect\n|move|p2a: Dragonite|Aqua Jet|p1a: Ursaluna\n|-damage|p1a: Ursaluna|6\/100\n|move|p1b: Dragapult|Phantom Force|p2b: Flutter Mane|[from]lockedmove\n|-activate|p2b: Flutter Mane|move: Phantom Force|[broken]\n|-supereffective|p2b: Flutter Mane\n|-damage|p2b: Flutter Mane|0 fnt\n|faint|p2b: Flutter Mane\n|-end|p2b: Flutter Mane|Protosynthesis|[silent]\n|move|p1a: Ursaluna|Hyper Voice|p2a: Dragonite\n|-damage|p2a: Dragonite|0 fnt\n|faint|p2a: Dragonite\n|\n|upkeep\n|inactive|aniihS has 120 seconds left.\n|\n|t:|1699611455\n|switch|p2b: Heatran|Heatran, M|100\/100\n|turn|7\n|inactive|Ill Will the 1st has 120 seconds left.\n|\n|t:|1699611466\n|-terastallize|p2b: Heatran|Grass\n|move|p1b: Dragapult|Phantom Force||[still]\n|-prepare|p1b: Dragapult|Phantom Force\n|move|p2b: Heatran|Heat Wave|p1b: Dragapult|[spread] p1a\n|-miss|p2b: Heatran|p1b: Dragapult\n|-damage|p1a: Ursaluna|0 fnt\n|faint|p1a: Ursaluna\n|\n|upkeep\n|inactive|Ill Will the 1st has 120 seconds left.\n|\n|t:|1699611479\n|switch|p1a: Chien-Pao|Chien-Pao|100\/100\n|-ability|p1a: Chien-Pao|Sword of Ruin\n|turn|8\n|\n|t:|1699611490\n|move|p1a: Chien-Pao|Protect|p1a: Chien-Pao\n|-singleturn|p1a: Chien-Pao|Protect\n|move|p1b: Dragapult|Phantom Force|p2b: Heatran|[from]lockedmove\n|-damage|p2b: Heatran|49\/100\n|move|p2b: Heatran|Heat Wave|p1a: Chien-Pao|[spread] p1b\n|-activate|p1a: Chien-Pao|move: Protect\n|-resisted|p1b: Dragapult\n|-damage|p1b: Dragapult|0 fnt\n|faint|p1b: Dragapult\n|\n|-heal|p2b: Heatran|55\/100|[from] item: Leftovers\n|upkeep\n|\n|t:|1699611502\n|switch|p1b: Amoonguss|Amoonguss, M|100\/100\n|turn|9\n|\n|t:|1699611531\n|move|p1b: Amoonguss|Rage Powder|p1b: Amoonguss\n|-singleturn|p1b: Amoonguss|move: Rage Powder\n|move|p1a: Chien-Pao|Ice Spinner|p2b: Heatran\n|-supereffective|p2b: Heatran\n|-damage|p2b: Heatran|0 fnt\n|faint|p2b: Heatran\n|\n|win|Ill Will the 1st\n|raw|Ill Will the 1st's rating: 1389 &rarr; <strong>1411<\/strong><br \/>(+22 for winning)\n|raw|aniihS's rating: 1422 &rarr; <strong>1400<\/strong><br \/>(-22 for losing)\n|l|\u2606aniihS\n|c|\u2606Ill Will the 1st|this is my 69th win btw\n","uploadtime":1699611548,"views":15,"p1id":"illwillthe1st","p2id":"aniihs","formatid":"gen9doublesou","rating":1400,"private":0,"password":""}