{"id":"gen9doublesou-1983420195","p1":"BarrJ","p2":"zeref203","format":"[Gen 9] Doubles OU","log":"|j|\u2606BarrJ\n|j|\u2606zeref203\n|t:|1699128247\n|gametype|doubles\n|player|p1|BarrJ|roughneck|1110\n|player|p2|zeref203|2|1245\n|teamsize|p1|6\n|teamsize|p2|6\n|gen|9\n|tier|[Gen 9] Doubles OU\n|rated|\n|rule|Species Clause: Limit one of each Pok\u00e9mon\n|rule|OHKO Clause: OHKO moves are banned\n|rule|Evasion Moves Clause: Evasion moves are banned\n|rule|Gravity Sleep Clause: The combination of sleep-inducing moves with imperfect accuracy and Gravity or Gigantamax Orbeetle are banned\n|rule|Endless Battle Clause: Forcing endless battles is banned\n|rule|HP Percentage Mod: HP is shown in percentages\n|clearpoke\n|poke|p1|Milotic, M|\n|poke|p1|Rillaboom, M|\n|poke|p1|Regieleki|\n|poke|p1|Grimmsnarl, M|\n|poke|p1|Glimmora, M|\n|poke|p1|Flutter Mane|\n|poke|p2|Great Tusk|\n|poke|p2|Ninetales, M|\n|poke|p2|Sableye, M|\n|poke|p2|Flutter Mane|\n|poke|p2|Goodra-Hisui, F|\n|poke|p2|Arboliva, F|\n|teampreview\n|inactive|Battle timer is ON: inactive players will automatically lose when time's up. (requested by zeref203)\n|\n|t:|1699128255\n|start\n|switch|p1a: Grimmsnarl|Grimmsnarl, M|100\/100\n|switch|p1b: Glimmora|Glimmora, M|100\/100\n|switch|p2a: Benimaru|Ninetales, M|100\/100\n|switch|p2b: Milim|Flutter Mane|100\/100\n|-weather|SunnyDay|[from] ability: Drought|[of] p2a: Benimaru\n|-activate|p2b: Milim|ability: Protosynthesis\n|-start|p2b: Milim|protosynthesisspe\n|turn|1\n|\n|t:|1699128275\n|move|p1a: Grimmsnarl|Light Screen|p1a: Grimmsnarl\n|-sidestart|p1: BarrJ|move: Light Screen\n|move|p2b: Milim|Dazzling Gleam|p1b: Glimmora|[spread] p1a,p1b\n|-supereffective|p1a: Grimmsnarl\n|-resisted|p1b: Glimmora\n|-damage|p1a: Grimmsnarl|46\/100\n|-damage|p1b: Glimmora|87\/100\n|move|p2a: Benimaru|Heat Wave|p1b: Glimmora|[spread] p1a,p1b\n|-resisted|p1b: Glimmora\n|-damage|p1a: Grimmsnarl|15\/100\n|-damage|p1b: Glimmora|72\/100\n|move|p1b: Glimmora|Sludge Bomb|p2b: Milim\n|-damage|p2b: Milim|68\/100\n|\n|-weather|SunnyDay|[upkeep]\n|-heal|p1b: Glimmora|79\/100|[from] item: Black Sludge\n|upkeep\n|turn|2\n|\n|t:|1699128294\n|move|p1a: Grimmsnarl|Sucker Punch|p2b: Milim\n|-damage|p2b: Milim|0 fnt\n|faint|p2b: Milim\n|-end|p2b: Milim|Protosynthesis|[silent]\n|move|p2a: Benimaru|Heat Wave|p1b: Glimmora|[spread] p1a\n|-miss|p2a: Benimaru|p1b: Glimmora\n|-damage|p1a: Grimmsnarl|0 fnt\n|faint|p1a: Grimmsnarl\n|move|p1b: Glimmora|Stealth Rock|p2a: Benimaru\n|-sidestart|p2: zeref203|move: Stealth Rock\n|\n|-weather|SunnyDay|[upkeep]\n|-heal|p1b: Glimmora|85\/100|[from] item: Black Sludge\n|upkeep\n|\n|t:|1699128308\n|switch|p2b: Geld|Great Tusk|100\/100\n|switch|p1a: Milotic|Milotic, M, shiny|100\/100\n|-damage|p2b: Geld|98\/100|[from] Stealth Rock\n|-activate|p2b: Geld|ability: Protosynthesis\n|-start|p2b: Geld|protosynthesisatk\n|turn|3\n|\n|t:|1699128324\n|move|p2a: Benimaru|Solar Beam||[still]\n|-prepare|p2a: Benimaru|Solar Beam\n|-anim|p2a: Benimaru|Solar Beam|p1a: Milotic\n|-supereffective|p1a: Milotic\n|-damage|p1a: Milotic|77\/100\n|move|p1b: Glimmora|Toxic|p2a: Benimaru\n|-status|p2a: Benimaru|tox\n|move|p2b: Geld|Rapid Spin|p1b: Glimmora\n|-resisted|p1b: Glimmora\n|-damage|p1b: Glimmora|73\/100\n|-boost|p2b: Geld|spe|1\n|-activate|p1b: Glimmora|ability: Toxic Debris\n|-sidestart|p2: zeref203|move: Toxic Spikes\n|-sideend|p2: zeref203|Toxic Spikes|[from] move: Rapid Spin|[of] p2b: Geld\n|-sideend|p2: zeref203|Stealth Rock|[from] move: Rapid Spin|[of] p2b: Geld\n|move|p1a: Milotic|Aqua Ring|p1a: Milotic\n|-start|p1a: Milotic|Aqua Ring\n|\n|-weather|SunnyDay|[upkeep]\n|-heal|p1b: Glimmora|79\/100|[from] item: Black Sludge\n|-heal|p1a: Milotic|83\/100|[from] item: Leftovers\n|-heal|p1a: Milotic|89\/100|[from] Aqua Ring\n|-damage|p2a: Benimaru|95\/100 tox|[from] psn\n|upkeep\n|turn|4\n|inactive|BarrJ has 120 seconds left.\n|\n|t:|1699128354\n|move|p2b: Geld|Close Combat|p1a: Milotic\n|-damage|p1a: Milotic|13\/100\n|-unboost|p2b: Geld|def|1\n|-unboost|p2b: Geld|spd|1\n|-enditem|p2b: Geld|Eject Pack\n|\n|t:|1699128360\n|-end|p2b: Geld|Protosynthesis|[silent]\n|switch|p2b: RIimiru|Goodra-Hisui, F|100\/100\n|move|p2a: Benimaru|Heat Wave|p1a: Milotic|[spread] p1a,p1b\n|-resisted|p1a: Milotic\n|-resisted|p1b: Glimmora\n|-damage|p1a: Milotic|5\/100\n|-damage|p1b: Glimmora|65\/100\n|-status|p1b: Glimmora|brn\n|move|p1b: Glimmora|Toxic|p2b: RIimiru\n|-immune|p2b: RIimiru\n|move|p1a: Milotic|Scald|p2b: RIimiru\n|-resisted|p2b: RIimiru\n|-damage|p2b: RIimiru|97\/100\n|\n|-weather|SunnyDay|[upkeep]\n|-heal|p1b: Glimmora|71\/100 brn|[from] item: Black Sludge\n|-heal|p1a: Milotic|11\/100|[from] item: Leftovers\n|-heal|p1a: Milotic|17\/100|[from] Aqua Ring\n|-damage|p2a: Benimaru|83\/100 tox|[from] psn\n|-damage|p1b: Glimmora|65\/100 brn|[from] brn\n|upkeep\n|turn|5\n|inactive|zeref203 has 120 seconds left.\n|\n|t:|1699128394\n|move|p1b: Glimmora|Spiky Shield|p1b: Glimmora\n|-singleturn|p1b: Glimmora|move: Protect\n|move|p1a: Milotic|Protect|p1a: Milotic\n|-singleturn|p1a: Milotic|Protect\n|move|p2a: Benimaru|Solar Beam||[still]\n|-prepare|p2a: Benimaru|Solar Beam\n|-anim|p2a: Benimaru|Solar Beam|p1b: Glimmora\n|-activate|p1b: Glimmora|move: Protect\n|move|p2b: RIimiru|Thunder Punch|p1a: Milotic\n|-activate|p1a: Milotic|move: Protect\n|\n|-weather|SunnyDay|[upkeep]\n|-heal|p1b: Glimmora|71\/100 brn|[from] item: Black Sludge\n|-heal|p1a: Milotic|23\/100|[from] item: Leftovers\n|-heal|p1a: Milotic|29\/100|[from] Aqua Ring\n|-damage|p2a: Benimaru|65\/100 tox|[from] psn\n|-damage|p1b: Glimmora|65\/100 brn|[from] brn\n|upkeep\n|turn|6\n|inactive|BarrJ has 120 seconds left.\n|\n|t:|1699128430\n|move|p2a: Benimaru|Solar Beam||[still]\n|-prepare|p2a: Benimaru|Solar Beam\n|-anim|p2a: Benimaru|Solar Beam|p1b: Glimmora\n|-damage|p1b: Glimmora|42\/100 brn\n|move|p1b: Glimmora|Sludge Bomb|p2a: Benimaru\n|-damage|p2a: Benimaru|21\/100 tox\n|move|p1a: Milotic|Life Dew|p1a: Milotic|[spread] p1a,p1b\n|-heal|p1a: Milotic|54\/100\n|-heal|p1b: Glimmora|67\/100 brn\n|move|p2b: RIimiru|Ice Spinner|p1a: Milotic\n|-resisted|p1a: Milotic\n|-damage|p1a: Milotic|42\/100\n|\n|-weather|SunnyDay|[upkeep]\n|-heal|p1b: Glimmora|73\/100 brn|[from] item: Black Sludge\n|-heal|p1a: Milotic|48\/100|[from] item: Leftovers\n|-heal|p1a: Milotic|54\/100|[from] Aqua Ring\n|-damage|p2a: Benimaru|0 fnt|[from] psn\n|faint|p2a: Benimaru\n|-damage|p1b: Glimmora|67\/100 brn|[from] brn\n|upkeep\n|\n|t:|1699128443\n|switch|p2a: Shion|Arboliva, F|100\/100\n|turn|7\n|\n|t:|1699128454\n|move|p1b: Glimmora|Spiky Shield|p1b: Glimmora\n|-singleturn|p1b: Glimmora|move: Protect\n|move|p1a: Milotic|Protect|p1a: Milotic\n|-singleturn|p1a: Milotic|Protect\n|move|p2b: RIimiru|Thunder Punch|p1a: Milotic\n|-activate|p1a: Milotic|move: Protect\n|move|p2a: Shion|Earth Power|p1b: Glimmora\n|-activate|p1b: Glimmora|move: Protect\n|\n|-weather|SunnyDay|[upkeep]\n|-heal|p1b: Glimmora|73\/100 brn|[from] item: Black Sludge\n|-heal|p1a: Milotic|60\/100|[from] item: Leftovers\n|-heal|p1a: Milotic|66\/100|[from] Aqua Ring\n|-damage|p1b: Glimmora|67\/100 brn|[from] brn\n|upkeep\n|turn|8\n|\n|t:|1699128474\n|switch|p1b: Regieleki|Regieleki, shiny|100\/100\n|switch|p1a: Rillaboom|Rillaboom, M|100\/100\n|-fieldstart|move: Grassy Terrain|[from] ability: Grassy Surge|[of] p1a: Rillaboom\n|move|p2b: RIimiru|Thunder Punch|p1a: Rillaboom\n|-resisted|p1a: Rillaboom\n|-damage|p1a: Rillaboom|89\/100\n|move|p2a: Shion|Giga Drain|p1a: Rillaboom\n|-resisted|p1a: Rillaboom\n|-damage|p1a: Rillaboom|75\/100\n|\n|-weather|none\n|-heal|p1a: Rillaboom|81\/100|[from] Grassy Terrain\n|-heal|p2b: RIimiru|100\/100|[from] Grassy Terrain\n|-sideend|p1: BarrJ|move: Light Screen\n|upkeep\n|turn|9\n|\n|t:|1699128494\n|-terastallize|p2a: Shion|Ground\n|move|p1a: Rillaboom|Fake Out|p2a: Shion\n|-damage|p2a: Shion|84\/100\n|move|p1b: Regieleki|Electroweb|p2b: RIimiru|[spread] p2b\n|-immune|p2a: Shion\n|-resisted|p2b: RIimiru\n|-damage|p2b: RIimiru|94\/100\n|-unboost|p2b: RIimiru|spe|1\n|cant|p2a: Shion|flinch\n|move|p2b: RIimiru|Ice Spinner|p1a: Rillaboom\n|-supereffective|p1a: Rillaboom\n|-damage|p1a: Rillaboom|30\/100\n|-fieldend|move: Grassy Terrain\n|\n|upkeep\n|turn|10\n|inactive|BarrJ has 120 seconds left.\n|\n|t:|1699128534\n|move|p2a: Shion|Protect|p2a: Shion\n|-singleturn|p2a: Shion|Protect\n|move|p1b: Regieleki|Volt Switch|p2b: RIimiru\n|-resisted|p2b: RIimiru\n|-damage|p2b: RIimiru|80\/100\n|\n|t:|1699128540\n|switch|p1b: Milotic|Milotic, M, shiny|66\/100|[from] Volt Switch\n|move|p1a: Rillaboom|Wood Hammer|p2a: Shion\n|-activate|p2a: Shion|move: Protect\n|move|p2b: RIimiru|Rock Slide|p1a: Rillaboom|[spread] p1b\n|-miss|p2b: RIimiru|p1a: Rillaboom\n|-damage|p1b: Milotic|48\/100\n|\n|-heal|p1b: Milotic|54\/100|[from] item: Leftovers\n|upkeep\n|turn|11\n|\n|t:|1699128559\n|switch|p2a: Diablo|Sableye, M, shiny|100\/100\n|move|p1a: Rillaboom|U-turn|p2b: RIimiru\n|-resisted|p2b: RIimiru\n|-damage|p2b: RIimiru|70\/100\n|\n|t:|1699128564\n|switch|p1a: Glimmora|Glimmora, M|67\/100 brn|[from] U-turn\n|move|p1b: Milotic|Scald|p2a: Diablo\n|-damage|p2a: Diablo|72\/100\n|move|p2b: RIimiru|Thunder Punch|p1b: Milotic\n|-supereffective|p1b: Milotic\n|-damage|p1b: Milotic|4\/100\n|-status|p1b: Milotic|par\n|\n|-heal|p1a: Glimmora|73\/100 brn|[from] item: Black Sludge\n|-heal|p2a: Diablo|78\/100|[from] item: Leftovers\n|-heal|p1b: Milotic|10\/100 par|[from] item: Leftovers\n|-damage|p1a: Glimmora|67\/100 brn|[from] brn\n|upkeep\n|turn|12\n|inactive|zeref203 has 120 seconds left.\n|\n|t:|1699128596\n|move|p1b: Milotic|Protect|p1b: Milotic\n|-singleturn|p1b: Milotic|Protect\n|move|p2a: Diablo|Taunt|p1a: Glimmora\n|-start|p1a: Glimmora|move: Taunt\n|cant|p1a: Glimmora|move: Taunt|Toxic\n|move|p2b: RIimiru|Iron Head|p1b: Milotic\n|-activate|p1b: Milotic|move: Protect\n|\n|-heal|p1a: Glimmora|73\/100 brn|[from] item: Black Sludge\n|-heal|p2a: Diablo|84\/100|[from] item: Leftovers\n|-heal|p1b: Milotic|16\/100 par|[from] item: Leftovers\n|-damage|p1a: Glimmora|67\/100 brn|[from] brn\n|upkeep\n|turn|13\n|\n|t:|1699128617\n|move|p2a: Diablo|Taunt|p1b: Milotic\n|-start|p1b: Milotic|move: Taunt\n|move|p1a: Glimmora|Sludge Bomb|p2a: Diablo\n|-resisted|p2a: Diablo\n|-damage|p2a: Diablo|61\/100\n|move|p2b: RIimiru|Thunder Punch|p1b: Milotic\n|-supereffective|p1b: Milotic\n|-damage|p1b: Milotic|0 fnt\n|faint|p1b: Milotic\n|\n|-heal|p1a: Glimmora|73\/100 brn|[from] item: Black Sludge\n|-heal|p2a: Diablo|67\/100|[from] item: Leftovers\n|-damage|p1a: Glimmora|67\/100 brn|[from] brn\n|upkeep\n|inactive|BarrJ has 120 seconds left.\n|\n|t:|1699128633\n|switch|p1b: Regieleki|Regieleki, shiny|100\/100\n|turn|14\n|\n|t:|1699128642\n|switch|p2a: Shion|Arboliva, F, tera:Ground|84\/100\n|switch|p2b: Geld|Great Tusk|98\/100\n|move|p1b: Regieleki|Electroweb|p2b: Geld|[spread] \n|-immune|p2a: Shion\n|-immune|p2b: Geld\n|move|p1a: Glimmora|Sludge Bomb|p2a: Shion\n|-resisted|p2a: Shion\n|-damage|p2a: Shion|66\/100\n|\n|-heal|p1a: Glimmora|73\/100 brn|[from] item: Black Sludge\n|-damage|p1a: Glimmora|67\/100 brn|[from] brn\n|-end|p1a: Glimmora|move: Taunt\n|upkeep\n|turn|15\n|\n|t:|1699128662\n|switch|p1b: Rillaboom|Rillaboom, M|30\/100\n|-fieldstart|move: Grassy Terrain|[from] ability: Grassy Surge|[of] p1b: Rillaboom\n|move|p1a: Glimmora|Spiky Shield|p1a: Glimmora\n|-singleturn|p1a: Glimmora|move: Protect\n|move|p2b: Geld|Headlong Rush|p1b: Rillaboom\n|-resisted|p1b: Rillaboom\n|-damage|p1b: Rillaboom|0 fnt\n|-unboost|p2b: Geld|def|1\n|-unboost|p2b: Geld|spd|1\n|faint|p1b: Rillaboom\n|move|p2a: Shion|Giga Drain|p1a: Glimmora\n|-activate|p1a: Glimmora|move: Protect\n|\n|-heal|p1a: Glimmora|73\/100 brn|[from] Grassy Terrain\n|-heal|p1a: Glimmora|79\/100 brn|[from] item: Black Sludge\n|-heal|p2b: Geld|100\/100|[from] Grassy Terrain\n|-heal|p2a: Shion|72\/100|[from] Grassy Terrain\n|-damage|p1a: Glimmora|73\/100 brn|[from] brn\n|upkeep\n|inactive|BarrJ has 120 seconds left.\n|\n|t:|1699128681\n|switch|p1b: Flutter Mane|Flutter Mane|100\/100\n|-enditem|p1b: Flutter Mane|Booster Energy\n|-activate|p1b: Flutter Mane|ability: Protosynthesis|[fromitem]\n|-start|p1b: Flutter Mane|protosynthesisspe\n|turn|16\n|\n|t:|1699128693\n|-end|p2b: Geld|Protosynthesis|[silent]\n|switch|p2b: RIimiru|Goodra-Hisui, F|70\/100\n|-terastallize|p1b: Flutter Mane|Fairy\n|move|p2a: Shion|Protect|p2a: Shion\n|-singleturn|p2a: Shion|Protect\n|move|p1b: Flutter Mane|Dazzling Gleam|p2a: Shion|[spread] p2b\n|-activate|p2a: Shion|move: Protect\n|-damage|p2b: RIimiru|45\/100\n|move|p1a: Glimmora|Sludge Bomb|p2b: RIimiru\n|-immune|p2b: RIimiru\n|\n|-heal|p1a: Glimmora|79\/100 brn|[from] Grassy Terrain\n|-heal|p1a: Glimmora|85\/100 brn|[from] item: Black Sludge\n|-heal|p2b: RIimiru|51\/100|[from] Grassy Terrain\n|-heal|p2a: Shion|78\/100|[from] Grassy Terrain\n|-damage|p1a: Glimmora|79\/100 brn|[from] brn\n|upkeep\n|turn|17\n|\n|t:|1699128716\n|move|p1b: Flutter Mane|Protect|p1b: Flutter Mane\n|-singleturn|p1b: Flutter Mane|Protect\n|move|p1a: Glimmora|Sludge Bomb|p2a: Shion\n|-resisted|p2a: Shion\n|-damage|p2a: Shion|60\/100\n|-status|p2a: Shion|psn\n|move|p2b: RIimiru|Iron Head|p1b: Flutter Mane\n|-activate|p1b: Flutter Mane|move: Protect\n|move|p2a: Shion|Pollen Puff|p2b: RIimiru\n|-heal|p2b: RIimiru|100\/100\n|\n|-heal|p1a: Glimmora|85\/100 brn|[from] Grassy Terrain\n|-heal|p1a: Glimmora|92\/100 brn|[from] item: Black Sludge\n|-heal|p2a: Shion|66\/100 psn|[from] Grassy Terrain\n|-damage|p2a: Shion|54\/100 psn|[from] psn\n|-damage|p1a: Glimmora|85\/100 brn|[from] brn\n|upkeep\n|turn|18\n|inactive|BarrJ has 120 seconds left.\n|\n|t:|1699128754\n|move|p1b: Flutter Mane|Moonblast|p2b: RIimiru\n|-damage|p2b: RIimiru|64\/100\n|-unboost|p2b: RIimiru|spa|1\n|move|p1a: Glimmora|Sludge Bomb|p2a: Shion\n|-resisted|p2a: Shion\n|-damage|p2a: Shion|33\/100 psn\n|move|p2b: RIimiru|Iron Head|p1b: Flutter Mane\n|-supereffective|p1b: Flutter Mane\n|-damage|p1b: Flutter Mane|0 fnt\n|faint|p1b: Flutter Mane\n|-end|p1b: Flutter Mane|Protosynthesis|[silent]\n|move|p2a: Shion|Earth Power|p1a: Glimmora\n|-supereffective|p1a: Glimmora\n|-damage|p1a: Glimmora|0 fnt\n|faint|p1a: Glimmora\n|\n|-heal|p2b: RIimiru|70\/100|[from] Grassy Terrain\n|-heal|p2a: Shion|40\/100 psn|[from] Grassy Terrain\n|-damage|p2a: Shion|27\/100 psn|[from] psn\n|upkeep\n|\n|t:|1699128783\n|switch|p1b: Regieleki|Regieleki, shiny|100\/100\n|turn|19\n|c|\u2606zeref203|Gg wp\n|\n|t:|1699128800\n|move|p1b: Regieleki|Tera Blast|p2a: Shion\n|-damage|p2a: Shion|3\/100 psn\n|-enditem|p2a: Shion|Iapapa Berry|[eat]\n|-heal|p2a: Shion|36\/100 psn|[from] item: Iapapa Berry\n|move|p2b: RIimiru|Rock Slide|p1b: Regieleki\n|-damage|p1b: Regieleki|51\/100\n|move|p2a: Shion|Earth Power|p1b: Regieleki\n|-supereffective|p1b: Regieleki\n|-damage|p1b: Regieleki|0 fnt\n|faint|p1b: Regieleki\n|\n|win|zeref203\n|raw|BarrJ's rating: 1110 &rarr; <strong>1094<\/strong><br \/>(-16 for losing)\n|raw|zeref203's rating: 1245 &rarr; <strong>1261<\/strong><br \/>(+16 for winning)\n|c|\u2606BarrJ|gg\n|l|\u2606BarrJ\n","uploadtime":1699128823,"views":21,"p1id":"barrj","p2id":"zeref203","formatid":"gen9doublesou","rating":1094,"private":0,"password":""}