{"id":"gen9doublesou-1970329799","p1":"12123434a","p2":"Phantamium","format":"[Gen 9] Doubles OU","log":"|j|\u260612123434a\n|j|\u2606Phantamium\n|t:|1697628359\n|gametype|doubles\n|player|p1|12123434a|twins-gen4dp|1389\n|player|p2|Phantamium|169|1341\n|teamsize|p1|6\n|teamsize|p2|6\n|gen|9\n|tier|[Gen 9] Doubles OU\n|rated|\n|rule|Species Clause: Limit one of each Pok\u00e9mon\n|rule|OHKO Clause: OHKO moves are banned\n|rule|Evasion Moves Clause: Evasion moves are banned\n|rule|Gravity Sleep Clause: The combination of sleep-inducing moves with imperfect accuracy and Gravity or Gigantamax Orbeetle are banned\n|rule|Endless Battle Clause: Forcing endless battles is banned\n|rule|HP Percentage Mod: HP is shown in percentages\n|clearpoke\n|poke|p1|Chien-Pao|\n|poke|p1|Dragonite, F|\n|poke|p1|Gholdengo|\n|poke|p1|Chi-Yu|\n|poke|p1|Enamorus-Therian, F|\n|poke|p1|Glimmora, F|\n|poke|p2|Espeon, F|\n|poke|p2|Umbreon, F|\n|poke|p2|Tyranitar, F|\n|poke|p2|Gliscor, M|\n|poke|p2|Corviknight, F|\n|poke|p2|Landorus-Therian, M|\n|teampreview\n|inactive|Battle timer is ON: inactive players will automatically lose when time's up. (requested by 12123434a)\n|inactive|Phantamium has 120 seconds left.\n|\n|t:|1697628404\n|start\n|switch|p1a: Enamorus|Enamorus-Therian, F|100\/100\n|switch|p1b: Glimmora|Glimmora, F|100\/100\n|switch|p2a: Espeon|Espeon, F|100\/100\n|switch|p2b: Tyranitar|Tyranitar, F|100\/100\n|-weather|Sandstorm|[from] ability: Sand Stream|[of] p2b: Tyranitar\n|turn|1\n|\n|t:|1697628432\n|-terastallize|p2b: Tyranitar|Ghost\n|move|p2a: Espeon|Light Screen|p2a: Espeon\n|-sidestart|p2: Phantamium|move: Light Screen\n|move|p1b: Glimmora|Earth Power|p2b: Tyranitar\n|-damage|p2b: Tyranitar|83\/100\n|-unboost|p2b: Tyranitar|spd|1\n|move|p1a: Enamorus|Springtide Storm|p2a: Espeon|[spread] p2a,p2b\n|-damage|p2a: Espeon|64\/100\n|-damage|p2b: Tyranitar|46\/100\n|move|p2b: Tyranitar|Heavy Slam|p1a: Enamorus\n|-supereffective|p1a: Enamorus\n|-damage|p1a: Enamorus|32\/100\n|-damage|p2b: Tyranitar|29\/100|[from] item: Rocky Helmet|[of] p1a: Enamorus\n|\n|-weather|Sandstorm|[upkeep]\n|-damage|p2a: Espeon|58\/100|[from] Sandstorm\n|-damage|p2b: Tyranitar|23\/100|[from] Sandstorm\n|upkeep\n|turn|2\n|inactive|12123434a has 120 seconds left.\n|l|\u260612123434a\n|inactive|12123434a disconnected and has a minute to reconnect!\n|player|p1|\n|inactive|Phantamium has 120 seconds left.\n|j|\u260612123434a\n|inactive|12123434a reconnected and has 110 seconds left.\n|player|p1|12123434a|twins-gen4dp\n|\n|t:|1697628484\n|move|p2a: Espeon|Psychic|p1a: Enamorus\n|-damage|p1a: Enamorus|0 fnt\n|faint|p1a: Enamorus\n|move|p1b: Glimmora|Power Gem|p2b: Tyranitar\n|-damage|p2b: Tyranitar|0 fnt\n|faint|p2b: Tyranitar\n|\n|-weather|Sandstorm|[upkeep]\n|-damage|p2a: Espeon|52\/100|[from] Sandstorm\n|upkeep\n|inactive|12123434a has 120 seconds left.\n|\n|t:|1697628499\n|switch|p1a: Gholdengo|Gholdengo|100\/100\n|switch|p2b: Gliscor|Gliscor, M|100\/100\n|turn|3\n|\n|t:|1697628510\n|switch|p2a: Landorus|Landorus-Therian, M|100\/100\n|-ability|p2a: Landorus|Intimidate|boost\n|-unboost|p1a: Gholdengo|atk|1\n|-unboost|p1b: Glimmora|atk|1\n|move|p2b: Gliscor|Earthquake|p1b: Glimmora|[spread] p1a,p1b\n|-immune|p2a: Landorus\n|-supereffective|p1a: Gholdengo\n|-supereffective|p1b: Glimmora\n|-damage|p1a: Gholdengo|29\/100\n|-enditem|p1b: Glimmora|Focus Sash\n|-damage|p1b: Glimmora|1\/100\n|-activate|p1b: Glimmora|ability: Toxic Debris\n|-sidestart|p2: Phantamium|move: Toxic Spikes\n|move|p1b: Glimmora|Power Gem|p2b: Gliscor\n|-damage|p2b: Gliscor|55\/100\n|move|p1a: Gholdengo|Reflect|p1a: Gholdengo\n|-sidestart|p1: 12123434a|Reflect\n|\n|-weather|Sandstorm|[upkeep]\n|-heal|p1a: Gholdengo|35\/100|[from] item: Leftovers\n|upkeep\n|turn|4\n|\n|t:|1697628533\n|move|p2b: Gliscor|Earthquake|p1b: Glimmora|[spread] p1a,p1b\n|-immune|p2a: Landorus\n|-supereffective|p1a: Gholdengo\n|-supereffective|p1b: Glimmora\n|-damage|p1a: Gholdengo|0 fnt\n|-damage|p1b: Glimmora|0 fnt\n|-activate|p1b: Glimmora|ability: Toxic Debris\n|-sidestart|p2: Phantamium|move: Toxic Spikes\n|faint|p1a: Gholdengo\n|faint|p1b: Glimmora\n|move|p2a: Landorus|Rock Slide|p1: Gholdengo|[notarget]\n|-fail|p2a: Landorus\n|\n|-weather|Sandstorm|[upkeep]\n|upkeep\n|\n|t:|1697628544\n|switch|p1b: Dragonite|Dragonite, F|100\/100\n|switch|p1a: Chien-Pao|Chien-Pao|100\/100\n|-ability|p1a: Chien-Pao|Sword of Ruin\n|turn|5\n|\n|t:|1697628554\n|switch|p2b: Corviknight|Corviknight, F|100\/100\n|move|p1a: Chien-Pao|Ice Shard|p2b: Corviknight\n|-damage|p2b: Corviknight|78\/100\n|move|p2a: Landorus|Rock Slide|p1a: Chien-Pao|[spread] p1a,p1b\n|-supereffective|p1a: Chien-Pao\n|-supereffective|p1b: Dragonite\n|-damage|p1a: Chien-Pao|64\/100\n|-damage|p1b: Dragonite|82\/100\n|cant|p1b: Dragonite|flinch\n|\n|-weather|none\n|-sideend|p2: Phantamium|move: Light Screen\n|upkeep\n|turn|6\n|\n|t:|1697628574\n|switch|p2a: Umbreon|Umbreon, F|100\/100\n|-status|p2a: Umbreon|tox\n|move|p1a: Chien-Pao|Sacred Sword|p2b: Corviknight\n|-damage|p2b: Corviknight|46\/100\n|move|p1b: Dragonite|Rock Slide|p2b: Corviknight|[spread] p2a\n|-miss|p1b: Dragonite|p2b: Corviknight\n|-damage|p2a: Umbreon|81\/100 tox\n|move|p2b: Corviknight|Iron Head|p1a: Chien-Pao\n|-supereffective|p1a: Chien-Pao\n|-damage|p1a: Chien-Pao|0 fnt\n|faint|p1a: Chien-Pao\n|\n|-heal|p2a: Umbreon|87\/100 tox|[from] item: Leftovers\n|-damage|p2a: Umbreon|81\/100 tox|[from] psn\n|upkeep\n|\n|t:|1697628588\n|switch|p1a: Chi-Yu|Chi-Yu|100\/100\n|-ability|p1a: Chi-Yu|Beads of Ruin\n|turn|7\n|\n|t:|1697628594\n|move|p1a: Chi-Yu|Heat Wave|p2b: Corviknight|[spread] p2a,p2b\n|-crit|p2a: Umbreon\n|-supereffective|p2b: Corviknight\n|-damage|p2a: Umbreon|26\/100 tox\n|-damage|p2b: Corviknight|0 fnt\n|faint|p2b: Corviknight\n|-damage|p1a: Chi-Yu|91\/100|[from] item: Life Orb\n|move|p1b: Dragonite|Dragon Dance|p1b: Dragonite\n|-boost|p1b: Dragonite|atk|1\n|-boost|p1b: Dragonite|spe|1\n|move|p2a: Umbreon|Snarl|p1b: Dragonite|[spread] p1a,p1b\n|-resisted|p1a: Chi-Yu\n|-damage|p1a: Chi-Yu|85\/100\n|-damage|p1b: Dragonite|72\/100\n|-unboost|p1a: Chi-Yu|spa|1\n|-unboost|p1b: Dragonite|spa|1\n|\n|-heal|p2a: Umbreon|32\/100 tox|[from] item: Leftovers\n|-damage|p2a: Umbreon|20\/100 tox|[from] psn\n|-sideend|p1: 12123434a|Reflect\n|upkeep\n|\n|t:|1697628605\n|switch|p2b: Landorus|Landorus-Therian, M|100\/100\n|-ability|p2b: Landorus|Intimidate|boost\n|-unboost|p1a: Chi-Yu|atk|1\n|-unboost|p1b: Dragonite|atk|1\n|turn|8\n|\n|t:|1697628612\n|-terastallize|p1b: Dragonite|Normal\n|move|p1b: Dragonite|Extreme Speed|p2b: Landorus\n|-enditem|p1b: Dragonite|Normal Gem|[from] gem\n|-damage|p2b: Landorus|32\/100\n|move|p2b: Landorus|Rock Slide|p1b: Dragonite|[spread] p1a,p1b\n|-supereffective|p1a: Chi-Yu\n|-damage|p1a: Chi-Yu|11\/100\n|-damage|p1b: Dragonite|52\/100\n|cant|p1a: Chi-Yu|flinch\n|move|p2a: Umbreon|Snarl|p1b: Dragonite|[spread] p1a,p1b\n|-resisted|p1a: Chi-Yu\n|-damage|p1a: Chi-Yu|5\/100\n|-damage|p1b: Dragonite|39\/100\n|-unboost|p1a: Chi-Yu|spa|1\n|-unboost|p1b: Dragonite|spa|1\n|\n|-heal|p2a: Umbreon|26\/100 tox|[from] item: Leftovers\n|-damage|p2a: Umbreon|8\/100 tox|[from] psn\n|upkeep\n|turn|9\n|\n|t:|1697628630\n|move|p1b: Dragonite|Extreme Speed|p2b: Landorus\n|-damage|p2b: Landorus|0 fnt\n|faint|p2b: Landorus\n|move|p1a: Chi-Yu|Heat Wave|p2a: Umbreon\n|-damage|p2a: Umbreon|0 fnt\n|faint|p2a: Umbreon\n|-damage|p1a: Chi-Yu|0 fnt|[from] item: Life Orb\n|faint|p1a: Chi-Yu\n|\n|upkeep\n|\n|t:|1697628639\n|switch|p2b: Espeon|Espeon, F|52\/100\n|switch|p2a: Gliscor|Gliscor, M|55\/100\n|-status|p2b: Espeon|tox\n|turn|10\n|inactive|Phantamium has 120 seconds left.\n|inactive|Phantamium has 90 seconds left.\n|\n|t:|1697628702\n|move|p2a: Gliscor|Earthquake|p1b: Dragonite|[spread] p2b,p1b\n|-damage|p2b: Espeon|0 fnt\n|-damage|p1b: Dragonite|11\/100\n|faint|p2b: Espeon\n|move|p1b: Dragonite|Rock Slide|p2a: Gliscor\n|-damage|p2a: Gliscor|25\/100\n|\n|upkeep\n|turn|11\n|\n|t:|1697628709\n|move|p1b: Dragonite|Extreme Speed|p2a: Gliscor\n|-damage|p2a: Gliscor|0 fnt\n|faint|p2a: Gliscor\n|\n|win|12123434a\n|raw|12123434a's rating: 1389 &rarr; <strong>1406<\/strong><br \/>(+17 for winning)\n|raw|Phantamium's rating: 1341 &rarr; <strong>1324<\/strong><br \/>(-17 for losing)\n|l|\u2606Phantamium\n|c|\u260612123434a|Ggs\n","uploadtime":1697628718,"views":11,"p1id":"12123434a","p2id":"phantamium","formatid":"gen9doublesou","rating":1324,"private":0,"password":""}