{"id":"gen9doublesou-1984014234","p1":"NinjaBoiCal12","p2":"joako089","format":"[Gen 9] Doubles OU","log":"|j|\u2606NinjaBoiCal12\n|j|\u2606joako089\n|t:|1699209884\n|gametype|doubles\n|player|p1|NinjaBoiCal12|1|1000\n|player|p2|joako089|koga|1000\n|teamsize|p1|6\n|teamsize|p2|6\n|gen|9\n|tier|[Gen 9] Doubles OU\n|rated|\n|rule|Species Clause: Limit one of each Pok\u00e9mon\n|rule|OHKO Clause: OHKO moves are banned\n|rule|Evasion Moves Clause: Evasion moves are banned\n|rule|Gravity Sleep Clause: The combination of sleep-inducing moves with imperfect accuracy and Gravity or Gigantamax Orbeetle are banned\n|rule|Endless Battle Clause: Forcing endless battles is banned\n|rule|HP Percentage Mod: HP is shown in percentages\n|clearpoke\n|poke|p1|Basculin-Blue-Striped, M|\n|poke|p1|Politoed, M|\n|poke|p1|Oranguru, F|\n|poke|p1|Pawmot, M|\n|poke|p1|Raichu, F|\n|poke|p1|Goodra-Hisui, M|\n|poke|p2|Sableye, F|\n|poke|p2|Gholdengo|\n|poke|p2|Flutter Mane|\n|poke|p2|Dragonite, M|\n|poke|p2|Grimmsnarl, M|\n|poke|p2|Iron Bundle|\n|teampreview\n|\n|t:|1699209907\n|start\n|switch|p1a: Basculin|Basculin-Blue-Striped, M|100\/100\n|switch|p1b: Politoed|Politoed, M|100\/100\n|switch|p2a: Grimmsnarl|Grimmsnarl, M|100\/100\n|switch|p2b: Sableye|Sableye, F, shiny|100\/100\n|-weather|RainDance|[from] ability: Drizzle|[of] p1b: Politoed\n|turn|1\n|\n|t:|1699209937\n|move|p1b: Politoed|Protect|p1b: Politoed\n|-singleturn|p1b: Politoed|Protect\n|move|p2a: Grimmsnarl|Light Screen|p2a: Grimmsnarl\n|-sidestart|p2: joako089|move: Light Screen\n|move|p2b: Sableye|Will-O-Wisp|p1a: Basculin\n|-status|p1a: Basculin|brn\n|move|p1a: Basculin|Wave Crash|p2b: Sableye\n|-damage|p2b: Sableye|55\/100\n|\n|-weather|RainDance|[upkeep]\n|-heal|p2b: Sableye|61\/100|[from] item: Leftovers\n|-damage|p1a: Basculin|94\/100 brn|[from] brn\n|upkeep\n|turn|2\n|\n|t:|1699209954\n|move|p2a: Grimmsnarl|Reflect|p2a: Grimmsnarl\n|-sidestart|p2: joako089|Reflect\n|move|p2b: Sableye|Recover|p2b: Sableye\n|-heal|p2b: Sableye|100\/100\n|move|p1a: Basculin|Wave Crash|p2b: Sableye\n|-damage|p2b: Sableye|68\/100\n|move|p1b: Politoed|Chilling Water|p2a: Grimmsnarl\n|-damage|p2a: Grimmsnarl|84\/100\n|-unboost|p2a: Grimmsnarl|atk|1\n|\n|-weather|RainDance|[upkeep]\n|-heal|p2b: Sableye|74\/100|[from] item: Leftovers\n|-damage|p1a: Basculin|88\/100 brn|[from] brn\n|upkeep\n|turn|3\n|\n|t:|1699209983\n|move|p2a: Grimmsnarl|Parting Shot|p1a: Basculin\n|-unboost|p1a: Basculin|atk|1\n|-unboost|p1a: Basculin|spa|1\n|\n|t:|1699209999\n|switch|p2a: Flutter Mane|Flutter Mane|100\/100|[from] Parting Shot\n|move|p1a: Basculin|Wave Crash|p2b: Sableye\n|-damage|p2b: Sableye|53\/100\n|move|p1b: Politoed|Chilling Water|p2b: Sableye\n|-damage|p2b: Sableye|23\/100\n|-unboost|p2b: Sableye|atk|1\n|move|p2b: Sableye|Foul Play|p1a: Basculin\n|-damage|p1a: Basculin|42\/100 brn\n|-enditem|p1a: Basculin|Sitrus Berry|[eat]\n|-heal|p1a: Basculin|67\/100 brn|[from] item: Sitrus Berry\n|\n|-weather|RainDance|[upkeep]\n|-heal|p2b: Sableye|29\/100|[from] item: Leftovers\n|-damage|p1a: Basculin|61\/100 brn|[from] brn\n|upkeep\n|turn|4\n|\n|t:|1699210027\n|switch|p1b: Oranguru|Oranguru, F|100\/100\n|move|p2b: Sableye|Recover|p2b: Sableye\n|-heal|p2b: Sableye|79\/100\n|move|p2a: Flutter Mane|Energy Ball|p1b: Oranguru\n|-damage|p1b: Oranguru|72\/100\n|move|p1a: Basculin|Wave Crash|p2a: Flutter Mane\n|-damage|p2a: Flutter Mane|62\/100\n|\n|-weather|RainDance|[upkeep]\n|-heal|p2b: Sableye|85\/100|[from] item: Leftovers\n|-damage|p1a: Basculin|55\/100 brn|[from] brn\n|upkeep\n|turn|5\n|\n|t:|1699210055\n|move|p2b: Sableye|Will-O-Wisp|p1b: Oranguru\n|-status|p1b: Oranguru|brn\n|move|p2a: Flutter Mane|Energy Ball|p1a: Basculin\n|-supereffective|p1a: Basculin\n|-damage|p1a: Basculin|0 fnt\n|faint|p1a: Basculin\n|move|p1b: Oranguru|Light Screen|p1b: Oranguru\n|-sidestart|p1: NinjaBoiCal12|move: Light Screen\n|\n|-weather|none\n|-heal|p2b: Sableye|91\/100|[from] item: Leftovers\n|-damage|p1b: Oranguru|66\/100 brn|[from] brn\n|upkeep\n|\n|t:|1699210059\n|switch|p1a: Raichu|Raichu, F|100\/100\n|turn|6\n|\n|t:|1699210087\n|switch|p1b: Politoed|Politoed, M|100\/100\n|-weather|RainDance|[from] ability: Drizzle|[of] p1b: Politoed\n|move|p2b: Sableye|Taunt|p1b: Politoed\n|-start|p1b: Politoed|move: Taunt\n|move|p2a: Flutter Mane|Energy Ball|p1b: Politoed\n|-supereffective|p1b: Politoed\n|-damage|p1b: Politoed|45\/100\n|move|p1a: Raichu|Thunder|p2a: Flutter Mane\n|-damage|p2a: Flutter Mane|38\/100\n|\n|-weather|RainDance|[upkeep]\n|-heal|p1b: Politoed|51\/100|[from] item: Leftovers\n|-heal|p2b: Sableye|97\/100|[from] item: Leftovers\n|upkeep\n|turn|7\n|\n|t:|1699210117\n|move|p2b: Sableye|Taunt||[still]\n|-fail|p2b: Sableye\n|move|p2a: Flutter Mane|Energy Ball|p1b: Politoed\n|-supereffective|p1b: Politoed\n|-damage|p1b: Politoed|0 fnt\n|faint|p1b: Politoed\n|move|p1a: Raichu|Thunder|p2a: Flutter Mane\n|-crit|p2a: Flutter Mane\n|-damage|p2a: Flutter Mane|0 fnt\n|faint|p2a: Flutter Mane\n|-end|p2a: Flutter Mane|Protosynthesis|[silent]\n|\n|-weather|RainDance|[upkeep]\n|-heal|p2b: Sableye|100\/100|[from] item: Leftovers\n|upkeep\n|\n|t:|1699210134\n|switch|p2a: Grimmsnarl|Grimmsnarl, M|84\/100\n|switch|p1b: Goodra|Goodra-Hisui, M|100\/100\n|turn|8\n|\n|t:|1699210150\n|move|p2a: Grimmsnarl|Parting Shot|p1a: Raichu\n|-unboost|p1a: Raichu|atk|1\n|-unboost|p1a: Raichu|spa|1\n|\n|t:|1699210161\n|switch|p2a: Gholdengo|Gholdengo|100\/100|[from] Parting Shot\n|move|p2b: Sableye|Will-O-Wisp|p1b: Goodra|[miss]\n|-miss|p2b: Sableye|p1b: Goodra\n|move|p1a: Raichu|Thunder|p2b: Sableye\n|-damage|p2b: Sableye|82\/100\n|-status|p2b: Sableye|par\n|move|p1b: Goodra|Flash Cannon|p2a: Gholdengo\n|-resisted|p2a: Gholdengo\n|-damage|p2a: Gholdengo|84\/100\n|\n|-weather|RainDance|[upkeep]\n|-heal|p2b: Sableye|88\/100 par|[from] item: Leftovers\n|-sideend|p2: joako089|move: Light Screen\n|upkeep\n|turn|9\n|\n|t:|1699210193\n|move|p2a: Gholdengo|Focus Blast|p1b: Goodra\n|-supereffective|p1b: Goodra\n|-damage|p1b: Goodra|66\/100\n|move|p1a: Raichu|Thunder|p2a: Gholdengo\n|-crit|p2a: Gholdengo\n|-damage|p2a: Gholdengo|24\/100\n|-status|p2a: Gholdengo|par\n|move|p1b: Goodra|Hydro Pump|p2a: Gholdengo\n|-damage|p2a: Gholdengo|0 fnt\n|faint|p2a: Gholdengo\n|move|p2b: Sableye|Foul Play|p1a: Raichu\n|-damage|p1a: Raichu|37\/100\n|\n|-weather|RainDance|[upkeep]\n|-heal|p1b: Goodra|72\/100|[from] item: Leftovers\n|-heal|p2b: Sableye|94\/100 par|[from] item: Leftovers\n|-sideend|p2: joako089|Reflect\n|-sideend|p1: NinjaBoiCal12|move: Light Screen\n|upkeep\n|\n|t:|1699210216\n|switch|p2a: Iron Bundle|Iron Bundle|100\/100\n|-enditem|p2a: Iron Bundle|Booster Energy\n|-activate|p2a: Iron Bundle|ability: Quark Drive|[fromitem]\n|-start|p2a: Iron Bundle|quarkdrivespe\n|turn|10\n|\n|t:|1699210232\n|move|p2a: Iron Bundle|Icy Wind|p1b: Goodra|[spread] p1a,p1b\n|-damage|p1a: Raichu|13\/100\n|-damage|p1b: Goodra|58\/100\n|-unboost|p1a: Raichu|spe|1\n|-unboost|p1b: Goodra|spe|1\n|move|p1a: Raichu|Thunder|p2a: Iron Bundle\n|-supereffective|p2a: Iron Bundle\n|-damage|p2a: Iron Bundle|0 fnt\n|faint|p2a: Iron Bundle\n|-end|p2a: Iron Bundle|Quark Drive|[silent]\n|move|p1b: Goodra|Flash Cannon|p2b: Sableye\n|-damage|p2b: Sableye|45\/100 par\n|move|p2b: Sableye|Foul Play|p1a: Raichu\n|-damage|p1a: Raichu|0 fnt\n|faint|p1a: Raichu\n|\n|-weather|none\n|-heal|p1b: Goodra|64\/100|[from] item: Leftovers\n|-heal|p2b: Sableye|51\/100 par|[from] item: Leftovers\n|upkeep\n|\n|t:|1699210250\n|switch|p2a: Grimmsnarl|Grimmsnarl, M|84\/100\n|switch|p1a: Pawmot|Pawmot, M|100\/100\n|turn|11\n|\n|t:|1699210263\n|move|p2a: Grimmsnarl|Light Screen|p2a: Grimmsnarl\n|-sidestart|p2: joako089|move: Light Screen\n|move|p2b: Sableye|Will-O-Wisp|p1a: Pawmot\n|-status|p1a: Pawmot|brn\n|move|p1a: Pawmot|Revival Blessing|p1a: Pawmot\n|\n|t:|1699210275\n|-heal|p1: Politoed|50\/100|[from] move: Revival Blessing\n|move|p1b: Goodra|Flash Cannon|p2a: Grimmsnarl\n|-supereffective|p2a: Grimmsnarl\n|-damage|p2a: Grimmsnarl|41\/100\n|\n|-heal|p1b: Goodra|70\/100|[from] item: Leftovers\n|-heal|p2b: Sableye|57\/100 par|[from] item: Leftovers\n|-damage|p1a: Pawmot|94\/100 brn|[from] brn\n|upkeep\n|turn|12\n|\n|t:|1699210293\n|move|p2a: Grimmsnarl|Parting Shot|p1b: Goodra\n|-unboost|p1b: Goodra|atk|1\n|-unboost|p1b: Goodra|spa|1\n|\n|t:|1699210298\n|switch|p2a: Dragonite|Dragonite, M|100\/100|[from] Parting Shot\n|move|p1a: Pawmot|Nuzzle|p2a: Dragonite\n|-damage|p2a: Dragonite|98\/100\n|-status|p2a: Dragonite|par\n|move|p1b: Goodra|Flash Cannon|p2b: Sableye\n|-damage|p2b: Sableye|36\/100 par\n|move|p2b: Sableye|Foul Play|p1a: Pawmot\n|-resisted|p1a: Pawmot\n|-damage|p1a: Pawmot|56\/100 brn\n|-damage|p2b: Sableye|19\/100 par|[from] item: Rocky Helmet|[of] p1a: Pawmot\n|\n|-heal|p1b: Goodra|76\/100|[from] item: Leftovers\n|-heal|p2b: Sableye|25\/100 par|[from] item: Leftovers\n|-damage|p1a: Pawmot|50\/100 brn|[from] brn\n|upkeep\n|turn|13\n|\n|t:|1699210322\n|switch|p1a: Oranguru|Oranguru, F|66\/100 brn\n|cant|p2b: Sableye|par\n|move|p2a: Dragonite|Earthquake|p1a: Oranguru|[spread] p2b,p1a,p1b\n|-supereffective|p1b: Goodra\n|-damage|p2b: Sableye|0 fnt\n|-damage|p1a: Oranguru|35\/100 brn\n|-damage|p1b: Goodra|21\/100\n|faint|p2b: Sableye\n|move|p1b: Goodra|Dragon Breath|p2a: Dragonite\n|-supereffective|p2a: Dragonite\n|-damage|p2a: Dragonite|70\/100 par\n|\n|-heal|p1b: Goodra|27\/100|[from] item: Leftovers\n|-damage|p1a: Oranguru|29\/100 brn|[from] brn\n|upkeep\n|\n|t:|1699210344\n|switch|p2b: Grimmsnarl|Grimmsnarl, M|41\/100\n|turn|14\n|\n|t:|1699210387\n|move|p2b: Grimmsnarl|Reflect|p2b: Grimmsnarl\n|-sidestart|p2: joako089|Reflect\n|move|p1a: Oranguru|Yawn|p2b: Grimmsnarl\n|-start|p2b: Grimmsnarl|move: Yawn|[of] p1a: Oranguru\n|cant|p2a: Dragonite|par\n|move|p1b: Goodra|Dragon Breath|p2a: Dragonite\n|-supereffective|p2a: Dragonite\n|-damage|p2a: Dragonite|42\/100 par\n|\n|-heal|p1b: Goodra|33\/100|[from] item: Leftovers\n|-damage|p1a: Oranguru|23\/100 brn|[from] brn\n|upkeep\n|turn|15\n|\n|t:|1699210419\n|move|p1a: Oranguru|Future Sight|p2a: Dragonite\n|-start|p1a: Oranguru|move: Future Sight\n|move|p2b: Grimmsnarl|Spirit Break|p1b: Goodra\n|-damage|p1b: Goodra|5\/100\n|-unboost|p1b: Goodra|spa|1\n|-ability|p1b: Goodra|Gooey\n|-unboost|p2b: Grimmsnarl|spe|1\n|move|p2a: Dragonite|Earthquake|p1b: Goodra|[spread] p2b,p1a,p1b\n|-supereffective|p1b: Goodra\n|-damage|p2b: Grimmsnarl|17\/100\n|-damage|p1a: Oranguru|0 fnt\n|-damage|p1b: Goodra|0 fnt\n|faint|p1a: Oranguru\n|faint|p1b: Goodra\n|\n|-end|p2b: Grimmsnarl|move: Yawn|[silent]\n|-status|p2b: Grimmsnarl|slp\n|upkeep\n|\n|t:|1699210434\n|switch|p1b: Politoed|Politoed, M|50\/100\n|switch|p1a: Pawmot|Pawmot, M|50\/100 brn\n|-weather|RainDance|[from] ability: Drizzle|[of] p1b: Politoed\n|turn|16\n|\n|t:|1699210461\n|move|p1a: Pawmot|Fake Out|p2a: Dragonite\n|-damage|p2a: Dragonite|37\/100 par\n|cant|p2b: Grimmsnarl|slp\n|move|p1b: Politoed|Chilling Water|p2b: Grimmsnarl\n|-damage|p2b: Grimmsnarl|1\/100 slp\n|-unboost|p2b: Grimmsnarl|atk|1\n|cant|p2a: Dragonite|flinch\n|\n|-weather|RainDance|[upkeep]\n|-heal|p1b: Politoed|57\/100|[from] item: Leftovers\n|-damage|p1a: Pawmot|44\/100 brn|[from] brn\n|upkeep\n|turn|17\n|\n|t:|1699210502\n|-terastallize|p2a: Dragonite|Normal\n|move|p1a: Pawmot|Nuzzle|p2b: Grimmsnarl\n|-damage|p2b: Grimmsnarl|0 fnt\n|faint|p2b: Grimmsnarl\n|move|p1b: Politoed|Ice Beam|p2a: Dragonite\n|-damage|p2a: Dragonite|19\/100 par\n|move|p2a: Dragonite|Earthquake|p1b: Politoed|[spread] p1a,p1b\n|-supereffective|p1a: Pawmot\n|-damage|p1a: Pawmot|0 fnt\n|-damage|p1b: Politoed|24\/100\n|faint|p1a: Pawmot\n|\n|-weather|RainDance|[upkeep]\n|-end|p2a: Dragonite|move: Future Sight\n|-damage|p2a: Dragonite|0 fnt\n|faint|p2a: Dragonite\n|\n|win|NinjaBoiCal12\n|upkeep\n|raw|NinjaBoiCal12's rating: 1000 &rarr; <strong>1040<\/strong><br \/>(+40 for winning)\n|raw|joako089's rating: 1000 &rarr; <strong>1000<\/strong><br \/>(+0 for losing)\n|c|\u2606NinjaBoiCal12|gg\n|l|\u2606joako089\n","uploadtime":1699210546,"views":9,"p1id":"ninjaboical12","p2id":"joako089","formatid":"gen9doublesou","rating":1000,"private":0,"password":""}