{"id":"gen9doublesou-1974794633","p1":"A59miller","p2":"JackSilver777","format":"[Gen 9] Doubles OU","log":"|j|\u2606A59miller\n|j|\u2606JackSilver777\n|t:|1698125613\n|gametype|doubles\n|player|p1|A59miller|cynthia|1014\n|player|p2|JackSilver777|rosa|1071\n|teamsize|p1|6\n|teamsize|p2|6\n|gen|9\n|tier|[Gen 9] Doubles OU\n|rated|\n|rule|Species Clause: Limit one of each Pok\u00e9mon\n|rule|OHKO Clause: OHKO moves are banned\n|rule|Evasion Moves Clause: Evasion moves are banned\n|rule|Gravity Sleep Clause: The combination of sleep-inducing moves with imperfect accuracy and Gravity or Gigantamax Orbeetle are banned\n|rule|Endless Battle Clause: Forcing endless battles is banned\n|rule|HP Percentage Mod: HP is shown in percentages\n|clearpoke\n|poke|p1|Pelipper, F|\n|poke|p1|Amoonguss, F|\n|poke|p1|Milotic, F|\n|poke|p1|Floatzel, M|\n|poke|p1|Gengar, M|\n|poke|p1|Garchomp, F|\n|poke|p2|Goodra-Hisui, M|\n|poke|p2|Cinderace, M|\n|poke|p2|Amoonguss, M|\n|poke|p2|Tornadus, M|\n|poke|p2|Sandslash-Alola, M|\n|poke|p2|Ninetales-Alola, M|\n|teampreview\n|inactive|Battle timer is ON: inactive players will automatically lose when time's up. (requested by JackSilver777)\n|\n|t:|1698125626\n|start\n|switch|p1a: Pelipper|Pelipper, F, shiny|100\/100\n|switch|p1b: Floatzel|Floatzel, M|100\/100\n|switch|p2a: Tornadus|Tornadus, M|100\/100\n|switch|p2b: Cinderace|Cinderace, M|100\/100\n|-weather|RainDance|[from] ability: Drizzle|[of] p1a: Pelipper\n|turn|1\n|\n|t:|1698125646\n|switch|p2b: Goodra|Goodra-Hisui, M|100\/100\n|move|p2a: Tornadus|Tailwind|p2a: Tornadus\n|-sidestart|p2: JackSilver777|move: Tailwind\n|move|p1b: Floatzel|Waterfall|p2b: Goodra\n|-resisted|p2b: Goodra\n|-damage|p2b: Goodra|60\/100\n|-ability|p2b: Goodra|Gooey\n|-unboost|p1b: Floatzel|spe|1\n|move|p1a: Pelipper|Tailwind|p1a: Pelipper\n|-sidestart|p1: A59miller|move: Tailwind\n|\n|-weather|RainDance|[upkeep]\n|upkeep\n|turn|2\n|inactive|A59miller has 120 seconds left.\n|\n|t:|1698125678\n|move|p1b: Floatzel|Waterfall|p2b: Goodra\n|-resisted|p2b: Goodra\n|-damage|p2b: Goodra|17\/100\n|-ability|p2b: Goodra|Gooey\n|-unboost|p1b: Floatzel|spe|1\n|move|p2a: Tornadus|Bleakwind Storm|p1b: Floatzel|[spread] p1a,p1b\n|-damage|p1a: Pelipper|66\/100\n|-damage|p1b: Floatzel|37\/100\n|move|p1a: Pelipper|Hydro Pump|p2b: Goodra\n|-resisted|p2b: Goodra\n|-crit|p2b: Goodra\n|-damage|p2b: Goodra|0 fnt\n|faint|p2b: Goodra\n|\n|-weather|RainDance|[upkeep]\n|upkeep\n|inactive|JackSilver777 has 120 seconds left.\n|\n|t:|1698125706\n|switch|p2b: Ninetales|Ninetales-Alola, M|100\/100\n|-weather|Snow|[from] ability: Snow Warning|[of] p2b: Ninetales\n|turn|3\n|\n|t:|1698125727\n|switch|p2a: Amoonguss|Amoonguss, M|100\/100\n|switch|p1b: Gengar|Gengar, M, shiny|100\/100\n|move|p2b: Ninetales|Aurora Veil|p2b: Ninetales\n|-sidestart|p2: JackSilver777|move: Aurora Veil\n|move|p1a: Pelipper|Hydro Pump|p2a: Amoonguss\n|-resisted|p2a: Amoonguss\n|-damage|p2a: Amoonguss|89\/100\n|\n|-weather|Snow|[upkeep]\n|-heal|p2a: Amoonguss|96\/100|[from] item: Leftovers\n|upkeep\n|turn|4\n|inactive|JackSilver777 has 120 seconds left.\n|\n|t:|1698125759\n|switch|p2b: Sandslash|Sandslash-Alola, M|100\/100\n|move|p1b: Gengar|Sludge Bomb|p2b: Sandslash\n|-immune|p2b: Sandslash\n|move|p1a: Pelipper|Hurricane|p2a: Amoonguss\n|-supereffective|p2a: Amoonguss\n|-damage|p2a: Amoonguss|50\/100\n|move|p2a: Amoonguss|Sludge Bomb|p1a: Pelipper\n|-damage|p1a: Pelipper|36\/100\n|-status|p1a: Pelipper|psn\n|\n|-weather|Snow|[upkeep]\n|-heal|p2a: Amoonguss|56\/100|[from] item: Leftovers\n|-damage|p1a: Pelipper|24\/100 psn|[from] psn\n|-sideend|p1: A59miller|move: Tailwind\n|-sideend|p2: JackSilver777|move: Tailwind\n|upkeep\n|turn|5\n|inactive|JackSilver777 has 120 seconds left.\n|\n|t:|1698125791\n|move|p2a: Amoonguss|Rage Powder|p2a: Amoonguss\n|-singleturn|p2a: Amoonguss|move: Rage Powder\n|move|p2b: Sandslash|Icicle Crash|p1a: Pelipper\n|-damage|p1a: Pelipper|0 fnt\n|faint|p1a: Pelipper\n|move|p1b: Gengar|Shadow Ball|p2a: Amoonguss\n|-damage|p2a: Amoonguss|34\/100\n|-unboost|p2a: Amoonguss|spd|1\n|\n|-weather|Snow|[upkeep]\n|-heal|p2a: Amoonguss|40\/100|[from] item: Leftovers\n|upkeep\n|inactive|A59miller has 120 seconds left.\n|\n|t:|1698125806\n|switch|p1a: Amoonguss|Amoonguss, F, shiny|100\/100\n|turn|6\n|\n|t:|1698125831\n|-terastallize|p1a: Amoonguss|Poison\n|move|p1a: Amoonguss|Rage Powder|p1a: Amoonguss\n|-singleturn|p1a: Amoonguss|move: Rage Powder\n|move|p2a: Amoonguss|Rage Powder|p2a: Amoonguss\n|-singleturn|p2a: Amoonguss|move: Rage Powder\n|move|p2b: Sandslash|Icicle Crash|p1a: Amoonguss\n|-damage|p1a: Amoonguss|73\/100\n|move|p1b: Gengar|Shadow Ball|p2a: Amoonguss\n|-damage|p2a: Amoonguss|9\/100\n|\n|-weather|Snow|[upkeep]\n|-heal|p2a: Amoonguss|16\/100|[from] item: Leftovers\n|upkeep\n|turn|7\n|\n|t:|1698125852\n|move|p2a: Amoonguss|Rage Powder|p2a: Amoonguss\n|-singleturn|p2a: Amoonguss|move: Rage Powder\n|move|p1a: Amoonguss|Rage Powder|p1a: Amoonguss\n|-singleturn|p1a: Amoonguss|move: Rage Powder\n|move|p2b: Sandslash|Iron Head|p1a: Amoonguss\n|-damage|p1a: Amoonguss|51\/100\n|move|p1b: Gengar|Shadow Ball|p2a: Amoonguss\n|-damage|p2a: Amoonguss|0 fnt\n|faint|p2a: Amoonguss\n|\n|-weather|none\n|-sideend|p2: JackSilver777|move: Aurora Veil\n|upkeep\n|\n|t:|1698125866\n|switch|p2a: Ninetales|Ninetales-Alola, M|100\/100\n|-weather|Snow|[from] ability: Snow Warning|[of] p2a: Ninetales\n|turn|8\n|inactive|JackSilver777 has 120 seconds left.\n|\n|t:|1698125904\n|move|p1a: Amoonguss|Rage Powder|p1a: Amoonguss\n|-singleturn|p1a: Amoonguss|move: Rage Powder\n|move|p2b: Sandslash|Icicle Crash|p1a: Amoonguss\n|-damage|p1a: Amoonguss|25\/100\n|-enditem|p1a: Amoonguss|Sitrus Berry|[eat]\n|-heal|p1a: Amoonguss|50\/100|[from] item: Sitrus Berry\n|move|p1b: Gengar|Sludge Bomb|p2a: Ninetales\n|-supereffective|p2a: Ninetales\n|-damage|p2a: Ninetales|0 fnt\n|faint|p2a: Ninetales\n|\n|-weather|Snow|[upkeep]\n|upkeep\n|\n|t:|1698125921\n|switch|p2a: Tornadus|Tornadus, M|100\/100\n|turn|9\n|inactive|JackSilver777 has 120 seconds left.\n|\n|t:|1698125942\n|switch|p1a: Milotic|Milotic, F|100\/100\n|move|p2b: Sandslash|Icicle Crash|p1a: Milotic\n|-resisted|p1a: Milotic\n|-damage|p1a: Milotic|87\/100\n|move|p1b: Gengar|Substitute|p1b: Gengar\n|-start|p1b: Gengar|Substitute\n|-damage|p1b: Gengar|76\/100\n|move|p2a: Tornadus|Bleakwind Storm|p1a: Milotic|[spread] p1a,p1b\n|-end|p1b: Gengar|Substitute\n|-damage|p1a: Milotic|62\/100\n|-unboost|p1a: Milotic|spe|1\n|\n|-weather|Snow|[upkeep]\n|-heal|p1b: Gengar|82\/100|[from] item: Black Sludge\n|-status|p1a: Milotic|brn|[from] item: Flame Orb\n|upkeep\n|turn|10\n|inactive|JackSilver777 has 120 seconds left.\n|\n|t:|1698125978\n|switch|p1a: Amoonguss|Amoonguss, F, shiny, tera:Poison|83\/100\n|move|p1b: Gengar|Protect|p1b: Gengar\n|-singleturn|p1b: Gengar|Protect\n|move|p2b: Sandslash|Leech Life|p1a: Amoonguss\n|-resisted|p1a: Amoonguss\n|-damage|p1a: Amoonguss|76\/100\n|move|p2a: Tornadus|Foul Play|p1a: Amoonguss\n|-damage|p1a: Amoonguss|64\/100\n|\n|-weather|Snow|[upkeep]\n|-heal|p1b: Gengar|88\/100|[from] item: Black Sludge\n|upkeep\n|turn|11\n|inactive|JackSilver777 has 120 seconds left.\n|\n|t:|1698126000\n|move|p1a: Amoonguss|Rage Powder|p1a: Amoonguss\n|-singleturn|p1a: Amoonguss|move: Rage Powder\n|move|p2b: Sandslash|Icicle Crash|p1a: Amoonguss\n|-damage|p1a: Amoonguss|41\/100\n|move|p1b: Gengar|Shadow Ball|p2a: Tornadus\n|-damage|p2a: Tornadus|40\/100\n|move|p2a: Tornadus|Bleakwind Storm|p1b: Gengar|[spread] p1a,p1b\n|-damage|p1a: Amoonguss|13\/100\n|-damage|p1b: Gengar|38\/100\n|-unboost|p1b: Gengar|spe|1\n|\n|-weather|Snow|[upkeep]\n|-heal|p2a: Tornadus|46\/100|[from] item: Leftovers\n|-heal|p1b: Gengar|45\/100|[from] item: Black Sludge\n|upkeep\n|turn|12\n|inactive|JackSilver777 has 120 seconds left.\n|\n|t:|1698126023\n|move|p1a: Amoonguss|Rage Powder|p1a: Amoonguss\n|-singleturn|p1a: Amoonguss|move: Rage Powder\n|move|p2b: Sandslash|Leech Life|p1a: Amoonguss\n|-resisted|p1a: Amoonguss\n|-damage|p1a: Amoonguss|5\/100\n|move|p2a: Tornadus|Bleakwind Storm|p1a: Amoonguss|[spread] p1a,p1b\n|-damage|p1a: Amoonguss|0 fnt\n|-damage|p1b: Gengar|0 fnt\n|faint|p1a: Amoonguss\n|faint|p1b: Gengar\n|\n|-weather|none\n|-heal|p2a: Tornadus|52\/100|[from] item: Leftovers\n|upkeep\n|inactive|A59miller has 120 seconds left.\n|\n|t:|1698126054\n|switch|p1b: Garchomp|Garchomp, F, shiny|100\/100\n|switch|p1a: Milotic|Milotic, F|62\/100 brn\n|turn|13\n|inactive|A59miller has 120 seconds left.\n|inactive|JackSilver777 has 120 seconds left.\n|\n|t:|1698126075\n|move|p2a: Tornadus|Tailwind|p2a: Tornadus\n|-sidestart|p2: JackSilver777|move: Tailwind\n|move|p2b: Sandslash|Icicle Crash|p1b: Garchomp\n|-supereffective|p1b: Garchomp\n|-damage|p1b: Garchomp|0 fnt\n|faint|p1b: Garchomp\n|move|p1a: Milotic|Ice Beam|p2a: Tornadus\n|-supereffective|p2a: Tornadus\n|-damage|p2a: Tornadus|0 fnt\n|faint|p2a: Tornadus\n|\n|-damage|p1a: Milotic|56\/100 brn|[from] brn\n|upkeep\n|\n|t:|1698126088\n|switch|p1b: Floatzel|Floatzel, M|37\/100\n|switch|p2a: Cinderace|Cinderace, M|100\/100\n|turn|14\n|inactive|JackSilver777 has 120 seconds left.\n|\n|t:|1698126124\n|-terastallize|p2a: Cinderace|Fairy\n|-singleturn|p2b: Sandslash|move: Focus Punch\n|move|p1b: Floatzel|Aqua Jet|p2a: Cinderace\n|-damage|p2a: Cinderace|55\/100\n|move|p2a: Cinderace|Gunk Shot|p1b: Floatzel\n|-damage|p1b: Floatzel|0 fnt\n|faint|p1b: Floatzel\n|move|p1a: Milotic|Recover|p1a: Milotic\n|-heal|p1a: Milotic|100\/100 brn\n|move|p2b: Sandslash|Focus Punch|p1a: Milotic\n|-damage|p1a: Milotic|79\/100 brn\n|\n|-damage|p1a: Milotic|73\/100 brn|[from] brn\n|upkeep\n|turn|15\n|inactive|JackSilver777 has 120 seconds left.\n|\n|t:|1698126149\n|move|p2a: Cinderace|Gunk Shot|p1a: Milotic\n|-damage|p1a: Milotic|56\/100 brn\n|move|p2b: Sandslash|Iron Head|p1a: Milotic\n|-resisted|p1a: Milotic\n|-damage|p1a: Milotic|47\/100 brn\n|move|p1a: Milotic|Scald|p2a: Cinderace\n|-damage|p2a: Cinderace|32\/100\n|\n|-damage|p1a: Milotic|41\/100 brn|[from] brn\n|upkeep\n|turn|16\n|\n|t:|1698126172\n|-singleturn|p2b: Sandslash|move: Focus Punch\n|move|p2a: Cinderace|Low Kick|p1a: Milotic\n|-damage|p1a: Milotic|27\/100 brn\n|move|p1a: Milotic|Recover|p1a: Milotic\n|-heal|p1a: Milotic|77\/100 brn\n|move|p2b: Sandslash|Focus Punch|p1a: Milotic\n|-damage|p1a: Milotic|58\/100 brn\n|\n|-damage|p1a: Milotic|52\/100 brn|[from] brn\n|-sideend|p2: JackSilver777|move: Tailwind\n|upkeep\n|turn|17\n|inactive|JackSilver777 has 120 seconds left.\n|\n|t:|1698126202\n|move|p2a: Cinderace|Sucker Punch||[still]\n|-fail|p2a: Cinderace\n|move|p2b: Sandslash|Iron Head|p1a: Milotic\n|-resisted|p1a: Milotic\n|-damage|p1a: Milotic|44\/100 brn\n|move|p1a: Milotic|Recover|p1a: Milotic\n|-heal|p1a: Milotic|94\/100 brn\n|\n|-damage|p1a: Milotic|88\/100 brn|[from] brn\n|upkeep\n|turn|18\n|\n|t:|1698126225\n|move|p2a: Cinderace|Low Kick|p1a: Milotic\n|-damage|p1a: Milotic|72\/100 brn\n|move|p2b: Sandslash|Icicle Crash|p1a: Milotic\n|-resisted|p1a: Milotic\n|-damage|p1a: Milotic|64\/100 brn\n|cant|p1a: Milotic|flinch\n|\n|-damage|p1a: Milotic|58\/100 brn|[from] brn\n|upkeep\n|turn|19\n|\n|t:|1698126245\n|move|p2a: Cinderace|Gunk Shot|p1a: Milotic\n|-damage|p1a: Milotic|40\/100 brn\n|move|p2b: Sandslash|Icicle Crash|p1a: Milotic|[miss]\n|-miss|p2b: Sandslash|p1a: Milotic\n|move|p1a: Milotic|Recover|p1a: Milotic\n|-heal|p1a: Milotic|90\/100 brn\n|\n|-damage|p1a: Milotic|84\/100 brn|[from] brn\n|upkeep\n|turn|20\n|\n|t:|1698126258\n|move|p2a: Cinderace|Gunk Shot|p1a: Milotic|[miss]\n|-miss|p2a: Cinderace|p1a: Milotic\n|move|p2b: Sandslash|Icicle Crash|p1a: Milotic\n|-resisted|p1a: Milotic\n|-damage|p1a: Milotic|76\/100 brn\n|move|p1a: Milotic|Scald|p2a: Cinderace\n|-damage|p2a: Cinderace|9\/100\n|-status|p2a: Cinderace|brn\n|\n|-damage|p2a: Cinderace|3\/100 brn|[from] brn\n|-damage|p1a: Milotic|70\/100 brn|[from] brn\n|upkeep\n|turn|21\n|\n|t:|1698126275\n|move|p1a: Milotic|Protect|p1a: Milotic\n|-singleturn|p1a: Milotic|Protect\n|move|p2a: Cinderace|Gunk Shot|p1a: Milotic\n|-activate|p1a: Milotic|move: Protect\n|move|p2b: Sandslash|Icicle Crash|p1a: Milotic\n|-activate|p1a: Milotic|move: Protect\n|\n|-damage|p2a: Cinderace|0 fnt|[from] brn\n|faint|p2a: Cinderace\n|-damage|p1a: Milotic|63\/100 brn|[from] brn\n|upkeep\n|turn|22\n|\n|t:|1698126291\n|move|p2b: Sandslash|Icicle Crash|p1a: Milotic\n|-resisted|p1a: Milotic\n|-damage|p1a: Milotic|55\/100 brn\n|cant|p1a: Milotic|flinch\n|\n|-damage|p1a: Milotic|49\/100 brn|[from] brn\n|upkeep\n|turn|23\n|\n|t:|1698126302\n|move|p2b: Sandslash|Leech Life|p1a: Milotic\n|-crit|p1a: Milotic\n|-damage|p1a: Milotic|32\/100 brn\n|move|p1a: Milotic|Recover|p1a: Milotic\n|-heal|p1a: Milotic|82\/100 brn\n|\n|-damage|p1a: Milotic|76\/100 brn|[from] brn\n|upkeep\n|turn|24\n|\n|t:|1698126313\n|-singleturn|p2b: Sandslash|move: Focus Punch\n|move|p1a: Milotic|Scald|p2b: Sandslash\n|-damage|p2b: Sandslash|71\/100\n|cant|p2b: Sandslash|Focus Punch|Focus Punch\n|\n|-damage|p1a: Milotic|70\/100 brn|[from] brn\n|upkeep\n|turn|25\n|\n|t:|1698126324\n|move|p2b: Sandslash|Leech Life|p1a: Milotic\n|-damage|p1a: Milotic|59\/100 brn\n|-heal|p2b: Sandslash|78\/100|[from] drain|[of] p1a: Milotic\n|move|p1a: Milotic|Scald|p2b: Sandslash\n|-damage|p2b: Sandslash|51\/100\n|-status|p2b: Sandslash|brn\n|\n|-damage|p2b: Sandslash|45\/100 brn|[from] brn\n|-damage|p1a: Milotic|53\/100 brn|[from] brn\n|upkeep\n|turn|26\n|\n|t:|1698126336\n|move|p2b: Sandslash|Leech Life|p1a: Milotic\n|-damage|p1a: Milotic|47\/100 brn\n|-heal|p2b: Sandslash|49\/100 brn|[from] drain|[of] p1a: Milotic\n|move|p1a: Milotic|Scald|p2b: Sandslash\n|-damage|p2b: Sandslash|18\/100 brn\n|\n|-damage|p2b: Sandslash|12\/100 brn|[from] brn\n|-damage|p1a: Milotic|41\/100 brn|[from] brn\n|upkeep\n|turn|27\n|\n|t:|1698126352\n|move|p2b: Sandslash|Leech Life|p1a: Milotic\n|-damage|p1a: Milotic|36\/100 brn\n|-heal|p2b: Sandslash|16\/100 brn|[from] drain|[of] p1a: Milotic\n|move|p1a: Milotic|Scald|p2b: Sandslash\n|-damage|p2b: Sandslash|0 fnt\n|faint|p2b: Sandslash\n|\n|win|A59miller\n|raw|A59miller's rating: 1014 &rarr; <strong>1058<\/strong><br \/>(+44 for winning)\n|raw|JackSilver777's rating: 1071 &rarr; <strong>1047<\/strong><br \/>(-24 for losing)\n|l|\u2606A59miller\n","uploadtime":1698126377,"views":21,"p1id":"a59miller","p2id":"jacksilver777","formatid":"gen9doublesou","rating":1047,"private":0,"password":""}