{"id":"gen9doublesou-1987652035","p1":"Duran Doural","p2":"Nido-Rus","format":"[Gen 9] Doubles OU","log":"|j|\u2606Duran Doural\n|j|\u2606Nido-Rus\n|t:|1699624168\n|gametype|doubles\n|player|p1|Duran Doural|169|\n|player|p2|Nido-Rus|cheryl|\n|teamsize|p1|6\n|teamsize|p2|6\n|gen|9\n|tier|[Gen 9] Doubles OU\n|rule|Species Clause: Limit one of each Pok\u00e9mon\n|rule|OHKO Clause: OHKO moves are banned\n|rule|Evasion Moves Clause: Evasion moves are banned\n|rule|Gravity Sleep Clause: The combination of sleep-inducing moves with imperfect accuracy and Gravity or Gigantamax Orbeetle are banned\n|rule|Endless Battle Clause: Forcing endless battles is banned\n|rule|HP Percentage Mod: HP is shown in percentages\n|clearpoke\n|poke|p1|Chien-Pao|\n|poke|p1|Dragonite, F|\n|poke|p1|Ogerpon-Hearthflame, F|\n|poke|p1|Amoonguss, F|\n|poke|p1|Iron Hands|\n|poke|p1|Flutter Mane|\n|poke|p2|Kommo-o, M|\n|poke|p2|Rillaboom, M|\n|poke|p2|Flutter Mane|\n|poke|p2|Torkoal, F|\n|poke|p2|Diancie|\n|poke|p2|Landorus-Therian, M|\n|teampreview\n|j| NotNerdySnakeFan\n|\n|t:|1699624240\n|start\n|switch|p1a: Flutter Mane|Flutter Mane|100\/100\n|switch|p1b: Quevedo|Iron Hands|100\/100\n|switch|p2a: Flutter Mane|Flutter Mane|100\/100\n|switch|p2b: Landorus|Landorus-Therian, M|100\/100\n|-ability|p2b: Landorus|Intimidate|boost\n|-unboost|p1a: Flutter Mane|atk|1\n|-unboost|p1b: Quevedo|atk|1\n|turn|1\n|j| ratpacker\n|j| ina fable.\n|c| NotNerdySnakeFan|Podeis por favor cambiarle el nombre al hands????\n|\n|t:|1699624267\n|move|p1b: Quevedo|Fake Out|p2b: Landorus\n|-damage|p2b: Landorus|90\/100\n|cant|p2b: Landorus|flinch\n|move|p2a: Flutter Mane|Shadow Ball|p1a: Flutter Mane\n|-supereffective|p1a: Flutter Mane\n|-damage|p1a: Flutter Mane|0 fnt\n|faint|p1a: Flutter Mane\n|-end|p1a: Flutter Mane|Protosynthesis|[silent]\n|\n|upkeep\n|\n|t:|1699624279\n|switch|p1a: Chien-Pao|Chien-Pao|100\/100\n|-ability|p1a: Chien-Pao|Sword of Ruin\n|turn|2\n|c|\u2606Nido-Rus|whoops forgot to mention\n|c|\u2606Nido-Rus|gl hf\n|j| Shiritu\n|\n|t:|1699624310\n|-end|p1b: Quevedo|Quark Drive|[silent]\n|switch|p1b: Dragonite|Dragonite, F|100\/100\n|move|p1a: Chien-Pao|Protect|p1a: Chien-Pao\n|-singleturn|p1a: Chien-Pao|Protect\n|move|p2b: Landorus|U-turn|p1a: Chien-Pao\n|-activate|p1a: Chien-Pao|move: Protect\n|move|p2a: Flutter Mane|Shadow Ball|p1a: Chien-Pao\n|-activate|p1a: Chien-Pao|move: Protect\n|\n|upkeep\n|turn|3\n|\n|t:|1699624334\n|-end|p2a: Flutter Mane|Protosynthesis|[silent]\n|switch|p2a: Torkoal|Torkoal, F|100\/100\n|-weather|SunnyDay|[from] ability: Drought|[of] p2a: Torkoal\n|-terastallize|p1b: Dragonite|Normal\n|move|p1b: Dragonite|Extreme Speed|p2b: Landorus\n|-damage|p2b: Landorus|0 fnt\n|faint|p2b: Landorus\n|move|p1a: Chien-Pao|Ice Spinner|p2a: Torkoal\n|-resisted|p2a: Torkoal\n|-damage|p2a: Torkoal|79\/100\n|-enditem|p2a: Torkoal|Eject Button\n|\n|t:|1699624367\n|switch|p2a: Flutter Mane|Flutter Mane|100\/100\n|-activate|p2a: Flutter Mane|ability: Protosynthesis\n|-start|p2a: Flutter Mane|protosynthesisspe\n|\n|-weather|SunnyDay|[upkeep]\n|upkeep\n|\n|t:|1699624386\n|switch|p2b: Diancie|Diancie|100\/100\n|turn|4\n|\n|t:|1699624410\n|switch|p1b: Amoonguss|Amoonguss, F|100\/100\n|move|p2a: Flutter Mane|Moonblast|p1b: Amoonguss\n|-resisted|p1b: Amoonguss\n|-damage|p1b: Amoonguss|73\/100\n|move|p1a: Chien-Pao|Ice Spinner|p2a: Flutter Mane\n|-damage|p2a: Flutter Mane|0 fnt\n|faint|p2a: Flutter Mane\n|-end|p2a: Flutter Mane|Protosynthesis|[silent]\n|move|p2b: Diancie|Diamond Storm|p1b: Amoonguss|[spread] p1a,p1b\n|-supereffective|p1a: Chien-Pao\n|-damage|p1a: Chien-Pao|7\/100\n|-damage|p1b: Amoonguss|36\/100\n|\n|-weather|SunnyDay|[upkeep]\n|upkeep\n|j| vegano lover\n|\n|t:|1699624430\n|switch|p2a: Kommo-o|Kommo-o, M|100\/100\n|turn|5\n|j| Electrovalvula\n|\n|t:|1699624460\n|-terastallize|p2a: Kommo-o|Fire\n|move|p1a: Chien-Pao|Protect|p1a: Chien-Pao\n|-singleturn|p1a: Chien-Pao|Protect\n|move|p2a: Kommo-o|Iron Defense|p2a: Kommo-o\n|-boost|p2a: Kommo-o|def|2\n|move|p1b: Amoonguss|Spore|p2b: Diancie\n|-status|p2b: Diancie|slp|[from] move: Spore\n|cant|p2b: Diancie|slp\n|\n|-weather|SunnyDay|[upkeep]\n|upkeep\n|turn|6\n|\n|t:|1699624474\n|move|p1b: Amoonguss|Rage Powder|p1b: Amoonguss\n|-singleturn|p1b: Amoonguss|move: Rage Powder\n|move|p1a: Chien-Pao|Ice Spinner|p2b: Diancie\n|-damage|p2b: Diancie|54\/100 slp\n|move|p2a: Kommo-o|Iron Defense|p2a: Kommo-o\n|-boost|p2a: Kommo-o|def|2\n|-curestatus|p2b: Diancie|slp|[msg]\n|move|p2b: Diancie|Trick Room|p2b: Diancie\n|-fieldstart|move: Trick Room|[of] p2b: Diancie\n|\n|-weather|SunnyDay|[upkeep]\n|upkeep\n|turn|7\n|\n|t:|1699624488\n|move|p1b: Amoonguss|Protect|p1b: Amoonguss\n|-singleturn|p1b: Amoonguss|Protect\n|move|p1a: Chien-Pao|Protect|p1a: Chien-Pao\n|-singleturn|p1a: Chien-Pao|Protect\n|move|p2b: Diancie|Diamond Storm|p1b: Amoonguss|[spread] \n|-activate|p1a: Chien-Pao|move: Protect\n|-activate|p1b: Amoonguss|move: Protect\n|move|p2a: Kommo-o|Fire Punch|p1b: Amoonguss\n|-activate|p1b: Amoonguss|move: Protect\n|\n|-weather|none\n|upkeep\n|turn|8\n|j| RelicanthPrimal<><\n|\n|t:|1699624518\n|switch|p1a: Quevedo|Iron Hands|100\/100\n|move|p2b: Diancie|Diamond Storm|p1b: Amoonguss|[spread] p1a,p1b\n|-resisted|p1a: Quevedo\n|-damage|p1a: Quevedo|89\/100\n|-damage|p1b: Amoonguss|10\/100\n|-boost|p2b: Diancie|def|2\n|move|p1b: Amoonguss|Spore|p2b: Diancie\n|-status|p2b: Diancie|slp|[from] move: Spore\n|move|p2a: Kommo-o|Body Press|p1b: Amoonguss\n|-resisted|p1b: Amoonguss\n|-damage|p1b: Amoonguss|0 fnt\n|-damage|p2a: Kommo-o|84\/100|[from] item: Rocky Helmet|[of] p1b: Amoonguss\n|faint|p1b: Amoonguss\n|\n|-heal|p2a: Kommo-o|90\/100|[from] item: Leftovers\n|upkeep\n|\n|t:|1699624538\n|switch|p1b: Ogerpon|Ogerpon-Hearthflame, F|100\/100\n|-ability|p1b: Ogerpon|Mold Breaker\n|turn|9\n|\n|t:|1699624548\n|cant|p2b: Diancie|slp\n|move|p1a: Quevedo|Heavy Slam|p2b: Diancie\n|-supereffective|p2b: Diancie\n|-damage|p2b: Diancie|0 fnt\n|faint|p2b: Diancie\n|move|p2a: Kommo-o|Body Press|p1b: Ogerpon\n|-damage|p1b: Ogerpon|0 fnt\n|faint|p1b: Ogerpon\n|\n|-heal|p2a: Kommo-o|96\/100|[from] item: Leftovers\n|upkeep\n|\n|t:|1699624561\n|switch|p2b: Torkoal|Torkoal, F|79\/100\n|switch|p1b: Chien-Pao|Chien-Pao|7\/100\n|-weather|SunnyDay|[from] ability: Drought|[of] p2b: Torkoal\n|-ability|p1b: Chien-Pao|Sword of Ruin\n|turn|10\n|\n|t:|1699624583\n|move|p1b: Chien-Pao|Protect|p1b: Chien-Pao\n|-singleturn|p1b: Chien-Pao|Protect\n|move|p2b: Torkoal|Will-O-Wisp|p1a: Quevedo\n|-status|p1a: Quevedo|brn\n|move|p1a: Quevedo|Drain Punch|p2b: Torkoal\n|-damage|p2b: Torkoal|59\/100\n|-heal|p1a: Quevedo|96\/100 brn|[from] drain|[of] p2b: Torkoal\n|move|p2a: Kommo-o|Body Press|p1b: Chien-Pao\n|-activate|p1b: Chien-Pao|move: Protect\n|\n|-weather|SunnyDay|[upkeep]\n|-heal|p2a: Kommo-o|100\/100|[from] item: Leftovers\n|-damage|p1a: Quevedo|90\/100 brn|[from] brn\n|-fieldend|move: Trick Room\n|upkeep\n|turn|11\n|l| NotNerdySnakeFan\n|\n|t:|1699624606\n|move|p1b: Chien-Pao|Sacred Sword|p2a: Kommo-o\n|-damage|p2a: Kommo-o|71\/100\n|move|p2a: Kommo-o|Body Press|p1b: Chien-Pao\n|-supereffective|p1b: Chien-Pao\n|-damage|p1b: Chien-Pao|0 fnt\n|faint|p1b: Chien-Pao\n|move|p1a: Quevedo|Drain Punch|p2b: Torkoal\n|-damage|p2b: Torkoal|43\/100\n|-heal|p1a: Quevedo|95\/100 brn|[from] drain|[of] p2b: Torkoal\n|move|p2b: Torkoal|Will-O-Wisp|p1a: Quevedo\n|-fail|p1a: Quevedo|brn\n|\n|-weather|SunnyDay|[upkeep]\n|-heal|p2a: Kommo-o|77\/100|[from] item: Leftovers\n|-damage|p1a: Quevedo|89\/100 brn|[from] brn\n|upkeep\n|\n|t:|1699624611\n|switch|p1b: Dragonite|Dragonite, F, tera:Normal|100\/100\n|turn|12\n|\n|t:|1699624617\n|move|p2a: Kommo-o|Protect|p2a: Kommo-o\n|-singleturn|p2a: Kommo-o|Protect\n|move|p1b: Dragonite|Stomping Tantrum|p2a: Kommo-o\n|-activate|p2a: Kommo-o|move: Protect\n|move|p1a: Quevedo|Drain Punch|p2b: Torkoal\n|-damage|p2b: Torkoal|28\/100\n|-heal|p1a: Quevedo|94\/100 brn|[from] drain|[of] p2b: Torkoal\n|move|p2b: Torkoal|Will-O-Wisp|p1b: Dragonite\n|-status|p1b: Dragonite|brn\n|\n|-weather|SunnyDay|[upkeep]\n|-heal|p2a: Kommo-o|83\/100|[from] item: Leftovers\n|-damage|p1b: Dragonite|94\/100 brn|[from] brn\n|-damage|p1a: Quevedo|88\/100 brn|[from] brn\n|upkeep\n|turn|13\n|\n|t:|1699624623\n|switch|p2b: Rillaboom|Rillaboom, M|100\/100\n|-fieldstart|move: Grassy Terrain|[from] ability: Grassy Surge|[of] p2b: Rillaboom\n|move|p2a: Kommo-o|Body Press|p1b: Dragonite\n|-supereffective|p1b: Dragonite\n|-damage|p1b: Dragonite|0 fnt\n|faint|p1b: Dragonite\n|move|p1a: Quevedo|Drain Punch|p2a: Kommo-o\n|-damage|p2a: Kommo-o|78\/100\n|-heal|p1a: Quevedo|90\/100 brn|[from] drain|[of] p2a: Kommo-o\n|\n|-weather|SunnyDay|[upkeep]\n|-heal|p2a: Kommo-o|85\/100|[from] Grassy Terrain\n|-heal|p2a: Kommo-o|91\/100|[from] item: Leftovers\n|-heal|p1a: Quevedo|96\/100 brn|[from] Grassy Terrain\n|-damage|p1a: Quevedo|90\/100 brn|[from] brn\n|upkeep\n|turn|14\n|l| vegano lover\n|c|\u2606Duran Doural|Gg\n|c|\u2606Nido-Rus|gg\n|\n|t:|1699624635\n|move|p2b: Rillaboom|Grassy Glide|p1a: Quevedo\n|-damage|p1a: Quevedo|67\/100 brn\n|move|p2a: Kommo-o|Body Press|p1a: Quevedo\n|-damage|p1a: Quevedo|1\/100 brn\n|move|p1a: Quevedo|Drain Punch|p2a: Kommo-o\n|-damage|p2a: Kommo-o|86\/100\n|-heal|p1a: Quevedo|3\/100 brn|[from] drain|[of] p2a: Kommo-o\n|\n|-weather|none\n|-heal|p2a: Kommo-o|92\/100|[from] Grassy Terrain\n|-heal|p2a: Kommo-o|98\/100|[from] item: Leftovers\n|-heal|p1a: Quevedo|9\/100 brn|[from] Grassy Terrain\n|-damage|p1a: Quevedo|3\/100 brn|[from] brn\n|upkeep\n|turn|15\n|\n|t:|1699624640\n|move|p2b: Rillaboom|Grassy Glide|p1a: Quevedo\n|-damage|p1a: Quevedo|0 fnt\n|faint|p1a: Quevedo\n|-end|p1a: Quevedo|Quark Drive|[silent]\n|\n|win|Nido-Rus\n|l| ratpacker\n|l|\u2606Duran Doural\n|l| Electrovalvula\n","uploadtime":1699624655,"views":160,"p1id":"durandoural","p2id":"nidorus","formatid":"gen9doublesou","rating":0,"private":0,"password":""}