{"id":"gen9doublesou-1974492621","p1":"aGellO","p2":"chunkymonkey321","format":"[Gen 9] Doubles OU","log":"|j|\u2606aGellO\n|j|\u203dchunkymonkey321\n|t:|1698091505\n|gametype|doubles\n|player|p1|aGellO|pokemonbreeder-gen4|1185\n|player|p2|chunkymonkey321|harlequin|1228\n|teamsize|p1|6\n|teamsize|p2|6\n|gen|9\n|tier|[Gen 9] Doubles OU\n|rated|\n|rule|Species Clause: Limit one of each Pok\u00e9mon\n|rule|OHKO Clause: OHKO moves are banned\n|rule|Evasion Moves Clause: Evasion moves are banned\n|rule|Gravity Sleep Clause: The combination of sleep-inducing moves with imperfect accuracy and Gravity or Gigantamax Orbeetle are banned\n|rule|Endless Battle Clause: Forcing endless battles is banned\n|rule|HP Percentage Mod: HP is shown in percentages\n|clearpoke\n|poke|p1|Ursaluna, M|\n|poke|p1|Hatterene, F|\n|poke|p1|Slowking-Galar, M|\n|poke|p1|Iron Hands|\n|poke|p1|Grimmsnarl, M|\n|poke|p1|Amoonguss, F|\n|poke|p2|Dragonite, M|\n|poke|p2|Ogerpon-Hearthflame, F|\n|poke|p2|Oricorio-Pom-Pom, F|\n|poke|p2|Volcarona, M|\n|poke|p2|Quaquaval, M|\n|poke|p2|Landorus-Therian, M|\n|teampreview\n|inactive|Battle timer is ON: inactive players will automatically lose when time's up. (requested by chunkymonkey321)\n|\n|t:|1698091512\n|start\n|switch|p1a: Hatterene|Hatterene, F|100\/100\n|switch|p1b: Grimmsnarl|Grimmsnarl, M|100\/100\n|switch|p2a: Oricorio|Oricorio-Pom-Pom, F|100\/100\n|switch|p2b: Volcarona|Volcarona, M, shiny|100\/100\n|turn|1\n|\n|t:|1698091525\n|move|p1b: Grimmsnarl|Fake Out|p2b: Volcarona\n|-damage|p2b: Volcarona|84\/100\n|cant|p2b: Volcarona|flinch\n|move|p2a: Oricorio|Quiver Dance|p2a: Oricorio\n|-boost|p2a: Oricorio|spa|1\n|-boost|p2a: Oricorio|spd|1\n|-boost|p2a: Oricorio|spe|1\n|move|p1a: Hatterene|Trick Room|p1a: Hatterene\n|-fieldstart|move: Trick Room|[of] p1a: Hatterene\n|\n|-heal|p2b: Volcarona|90\/100|[from] item: Leftovers\n|upkeep\n|turn|2\n|\n|t:|1698091547\n|switch|p1a: Ursaluna|Ursaluna, M|100\/100\n|move|p1b: Grimmsnarl|Light Screen|p1b: Grimmsnarl\n|-sidestart|p1: aGellO|move: Light Screen\n|move|p2b: Volcarona|Fiery Dance|p1a: Ursaluna\n|-damage|p1a: Ursaluna|74\/100\n|-boost|p2b: Volcarona|spa|1\n|-activate|p2a: Oricorio|ability: Dancer\n|move|p2a: Oricorio|Fiery Dance|p1a: Ursaluna|[from]ability: Dancer\n|-damage|p1a: Ursaluna|52\/100\n|-boost|p2a: Oricorio|spa|1\n|move|p2a: Oricorio|Revelation Dance|p1a: Ursaluna\n|-immune|p1a: Ursaluna\n|\n|-heal|p2b: Volcarona|96\/100|[from] item: Leftovers\n|-status|p1a: Ursaluna|brn|[from] item: Flame Orb\n|upkeep\n|turn|3\n|inactive|aGellO has 120 seconds left.\n|\n|t:|1698091581\n|move|p1b: Grimmsnarl|Parting Shot|p2a: Oricorio\n|-unboost|p2a: Oricorio|atk|1\n|-unboost|p2a: Oricorio|spa|1\n|inactive|aGellO has 120 seconds left.\n|\n|t:|1698091592\n|switch|p1b: Amoonguss|Amoonguss, F|100\/100|[from] Parting Shot\n|move|p1a: Ursaluna|Rock Slide|p2b: Volcarona|[spread] p2a,p2b\n|-supereffective|p2a: Oricorio\n|-supereffective|p2b: Volcarona\n|-damage|p2a: Oricorio|2\/100\n|-damage|p2b: Volcarona|0 fnt\n|faint|p2b: Volcarona\n|move|p2a: Oricorio|Revelation Dance|p1b: Amoonguss\n|-resisted|p1b: Amoonguss\n|-damage|p1b: Amoonguss|87\/100\n|\n|-heal|p2a: Oricorio|8\/100|[from] item: Leftovers\n|-damage|p1a: Ursaluna|46\/100 brn|[from] brn\n|upkeep\n|inactive|chunkymonkey321 has 120 seconds left.\n|\n|t:|1698091609\n|switch|p2b: Dragonite|Dragonite, M|100\/100\n|turn|4\n|\n|t:|1698091620\n|move|p2a: Oricorio|Protect|p2a: Oricorio\n|-singleturn|p2a: Oricorio|Protect\n|move|p1b: Amoonguss|Spore|p2b: Dragonite\n|-status|p2b: Dragonite|slp|[from] move: Spore\n|move|p1a: Ursaluna|Rock Slide|p2a: Oricorio|[spread] p2b\n|-activate|p2a: Oricorio|move: Protect\n|-supereffective|p2b: Dragonite\n|-damage|p2b: Dragonite|61\/100 slp\n|cant|p2b: Dragonite|slp\n|\n|-heal|p2b: Dragonite|67\/100 slp|[from] item: Leftovers\n|-heal|p2a: Oricorio|15\/100|[from] item: Leftovers\n|-damage|p1a: Ursaluna|40\/100 brn|[from] brn\n|upkeep\n|turn|5\n|\n|t:|1698091637\n|move|p2a: Oricorio|Protect|p2a: Oricorio\n|-singleturn|p2a: Oricorio|Protect\n|move|p1b: Amoonguss|Pollen Puff|p1a: Ursaluna\n|-heal|p1a: Ursaluna|89\/100 brn\n|move|p1a: Ursaluna|Rock Slide|p2a: Oricorio|[spread] p2b\n|-activate|p2a: Oricorio|move: Protect\n|-supereffective|p2b: Dragonite\n|-damage|p2b: Dragonite|0 fnt\n|faint|p2b: Dragonite\n|\n|-heal|p2a: Oricorio|21\/100|[from] item: Leftovers\n|-damage|p1a: Ursaluna|83\/100 brn|[from] brn\n|-fieldend|move: Trick Room\n|upkeep\n|inactive|chunkymonkey321 has 120 seconds left.\n|\n|t:|1698091660\n|switch|p2b: Ogerpon|Ogerpon-Hearthflame, F|100\/100\n|-ability|p2b: Ogerpon|Mold Breaker\n|turn|6\n|\n|t:|1698091674\n|switch|p1a: Hatterene|Hatterene, F|100\/100\n|move|p1b: Amoonguss|Rage Powder|p1b: Amoonguss\n|-singleturn|p1b: Amoonguss|move: Rage Powder\n|move|p2a: Oricorio|Roost|p2a: Oricorio\n|-heal|p2a: Oricorio|71\/100\n|-singleturn|p2a: Oricorio|move: Roost\n|move|p2b: Ogerpon|Ivy Cudgel|p1b: Amoonguss\n|-supereffective|p1b: Amoonguss\n|-damage|p1b: Amoonguss|0 fnt\n|faint|p1b: Amoonguss\n|\n|-heal|p2a: Oricorio|77\/100|[from] item: Leftovers\n|upkeep\n|\n|t:|1698091698\n|switch|p1b: Grimmsnarl|Grimmsnarl, M|100\/100\n|turn|7\n|\n|t:|1698091710\n|move|p1b: Grimmsnarl|Fake Out|p2b: Ogerpon\n|-damage|p2b: Ogerpon|85\/100\n|move|p2a: Oricorio|Revelation Dance|p1a: Hatterene\n|-damage|p1a: Hatterene|62\/100\n|cant|p2b: Ogerpon|flinch\n|move|p1a: Hatterene|Trick Room|p1a: Hatterene\n|-fieldstart|move: Trick Room|[of] p1a: Hatterene\n|\n|-heal|p2a: Oricorio|83\/100|[from] item: Leftovers\n|upkeep\n|turn|8\n|inactive|aGellO has 120 seconds left.\n|\n|t:|1698091742\n|switch|p1a: Ursaluna|Ursaluna, M|83\/100 brn\n|move|p1b: Grimmsnarl|Parting Shot|p2b: Ogerpon\n|-unboost|p2b: Ogerpon|atk|1\n|-unboost|p2b: Ogerpon|spa|1\n|inactive|aGellO has 120 seconds left.\n|\n|t:|1698091755\n|switch|p1b: Slowking|Slowking-Galar, M|100\/100|[from] Parting Shot\n|move|p2b: Ogerpon|Ivy Cudgel|p1a: Ursaluna\n|-damage|p1a: Ursaluna|55\/100 brn\n|move|p2a: Oricorio|Revelation Dance|p1a: Ursaluna\n|-immune|p1a: Ursaluna\n|\n|-heal|p2a: Oricorio|90\/100|[from] item: Leftovers\n|-damage|p1a: Ursaluna|49\/100 brn|[from] brn\n|upkeep\n|turn|9\n|inactive|aGellO has 120 seconds left.\n|\n|t:|1698091784\n|move|p2b: Ogerpon|Spiky Shield|p2b: Ogerpon\n|-singleturn|p2b: Ogerpon|move: Protect\n|move|p1b: Slowking|Future Sight|p2a: Oricorio\n|-start|p1b: Slowking|move: Future Sight\n|move|p1a: Ursaluna|Rock Slide|p2a: Oricorio|[spread] p2a\n|-activate|p2b: Ogerpon|move: Protect\n|-supereffective|p2a: Oricorio\n|-damage|p2a: Oricorio|0 fnt\n|faint|p2a: Oricorio\n|\n|-damage|p1a: Ursaluna|43\/100 brn|[from] brn\n|-sideend|p1: aGellO|move: Light Screen\n|upkeep\n|inactive|chunkymonkey321 has 120 seconds left.\n|\n|t:|1698091799\n|switch|p2a: Quaquaval|Quaquaval, M|100\/100\n|turn|10\n|inactive|aGellO has 120 seconds left.\n|\n|t:|1698091825\n|-terastallize|p1a: Ursaluna|Ghost\n|move|p1b: Slowking|Chilly Reception|p1b: Slowking\n|-weather|Snow\n|inactive|aGellO has 120 seconds left.\n|\n|t:|1698091833\n|switch|p1b: Grimmsnarl|Grimmsnarl, M|100\/100|[from] Chilly Reception\n|move|p1a: Ursaluna|Facade|p2a: Quaquaval\n|-enditem|p2a: Quaquaval|Focus Sash\n|-damage|p2a: Quaquaval|1\/100\n|move|p2a: Quaquaval|Close Combat|p1a: Ursaluna\n|-immune|p1a: Ursaluna\n|move|p2b: Ogerpon|Ivy Cudgel|p1b: Grimmsnarl\n|-damage|p1b: Grimmsnarl|48\/100\n|\n|-weather|Snow|[upkeep]\n|-damage|p1a: Ursaluna|37\/100 brn|[from] brn\n|upkeep\n|turn|11\n|\n|t:|1698091855\n|move|p1b: Grimmsnarl|Reflect|p1b: Grimmsnarl\n|-sidestart|p1: aGellO|Reflect\n|move|p1a: Ursaluna|Rock Slide|p2a: Quaquaval|[spread] p2a,p2b\n|-resisted|p2a: Quaquaval\n|-supereffective|p2b: Ogerpon\n|-damage|p2a: Quaquaval|0 fnt\n|-damage|p2b: Ogerpon|0 fnt\n|faint|p2a: Quaquaval\n|faint|p2b: Ogerpon\n|\n|-weather|Snow|[upkeep]\n|-hint|Future Sight did not hit because the target is fainted.\n|-damage|p1a: Ursaluna|31\/100 brn|[from] brn\n|-fieldend|move: Trick Room\n|upkeep\n|\n|t:|1698091864\n|switch|p2a: Landorus|Landorus-Therian, M, shiny|100\/100\n|-ability|p2a: Landorus|Intimidate|boost\n|-unboost|p1a: Ursaluna|atk|1\n|-unboost|p1b: Grimmsnarl|atk|1\n|turn|12\n|\n|t:|1698091876\n|switch|p1a: Iron Hands|Iron Hands|100\/100\n|-terastallize|p2a: Landorus|Ground\n|move|p1b: Grimmsnarl|Parting Shot|p2a: Landorus\n|-unboost|p2a: Landorus|atk|1\n|-unboost|p2a: Landorus|spa|1\n|\n|t:|1698091887\n|switch|p1b: Hatterene|Hatterene, F|62\/100|[from] Parting Shot\n|move|p2a: Landorus|Earthquake|p1b: Hatterene|[spread] p1a,p1b\n|-supereffective|p1a: Iron Hands\n|-damage|p1a: Iron Hands|51\/100\n|-damage|p1b: Hatterene|28\/100\n|-enditem|p1b: Hatterene|Sitrus Berry|[eat]\n|-heal|p1b: Hatterene|53\/100|[from] item: Sitrus Berry\n|\n|-weather|Snow|[upkeep]\n|upkeep\n|turn|13\n|\n|t:|1698091901\n|move|p1a: Iron Hands|Protect|p1a: Iron Hands\n|-singleturn|p1a: Iron Hands|Protect\n|move|p2a: Landorus|Earthquake|p1a: Iron Hands|[spread] p1b\n|-activate|p1a: Iron Hands|move: Protect\n|-damage|p1b: Hatterene|18\/100\n|move|p1b: Hatterene|Trick Room|p1b: Hatterene\n|-fieldstart|move: Trick Room|[of] p1b: Hatterene\n|\n|-weather|Snow|[upkeep]\n|upkeep\n|turn|14\n|\n|t:|1698091913\n|move|p1b: Hatterene|Heal Pulse|p1a: Iron Hands\n|-heal|p1a: Iron Hands|100\/100\n|move|p1a: Iron Hands|Belly Drum|p1a: Iron Hands\n|-damage|p1a: Iron Hands|50\/100\n|-setboost|p1a: Iron Hands|atk|6|[from] move: Belly Drum\n|-enditem|p1a: Iron Hands|Sitrus Berry|[eat]\n|-heal|p1a: Iron Hands|75\/100|[from] item: Sitrus Berry\n|move|p2a: Landorus|Earthquake|p1b: Hatterene|[spread] p1a,p1b\n|-supereffective|p1a: Iron Hands\n|-damage|p1a: Iron Hands|25\/100\n|-damage|p1b: Hatterene|0 fnt\n|faint|p1b: Hatterene\n|\n|-weather|none\n|upkeep\n|\n|t:|1698091932\n|switch|p1b: Ursaluna|Ursaluna, M, tera:Ghost|31\/100 brn\n|turn|15\n|\n|t:|1698091939\n|move|p1a: Iron Hands|Drain Punch|p2a: Landorus\n|-damage|p2a: Landorus|0 fnt\n|-heal|p1a: Iron Hands|56\/100|[from] drain|[of] p2a: Landorus\n|faint|p2a: Landorus\n|\n|win|aGellO\n|raw|aGellO's rating: 1185 &rarr; <strong>1213<\/strong><br \/>(+28 for winning)\n|raw|chunkymonkey321's rating: 1228 &rarr; <strong>1200<\/strong><br \/>(-28 for losing)\n|l|\u203dchunkymonkey321\n","uploadtime":1698091951,"views":14,"p1id":"agello","p2id":"chunkymonkey321","formatid":"gen9doublesou","rating":1200,"private":0,"password":""}