{"id":"gen9doublesou-1977606300","p1":"SXD2002","p2":"mamba456","format":"[Gen 9] Doubles OU","log":"|j|\u2606SXD2002\n|j|\u2606mamba456\n|t:|1698431289\n|gametype|doubles\n|player|p1|SXD2002|silver-masters|1173\n|player|p2|mamba456|darach-caitlin|1129\n|teamsize|p1|6\n|teamsize|p2|6\n|gen|9\n|tier|[Gen 9] Doubles OU\n|rated|\n|rule|Species Clause: Limit one of each Pok\u00e9mon\n|rule|OHKO Clause: OHKO moves are banned\n|rule|Evasion Moves Clause: Evasion moves are banned\n|rule|Gravity Sleep Clause: The combination of sleep-inducing moves with imperfect accuracy and Gravity or Gigantamax Orbeetle are banned\n|rule|Endless Battle Clause: Forcing endless battles is banned\n|rule|HP Percentage Mod: HP is shown in percentages\n|clearpoke\n|poke|p1|Lurantis, M|\n|poke|p1|Murkrow, M|\n|poke|p1|Grimmsnarl, M|\n|poke|p1|Clefairy, F|\n|poke|p1|Talonflame, F|\n|poke|p1|Espeon, M|\n|poke|p2|Enamorus, F|\n|poke|p2|Chien-Pao|\n|poke|p2|Jigglypuff, M|\n|poke|p2|Vivillon-Pokeball, F|\n|poke|p2|Pikachu, F|\n|poke|p2|Raichu, F|\n|teampreview\n|inactive|Battle timer is ON: inactive players will automatically lose when time's up. (requested by mamba456)\n|\n|t:|1698431300\n|start\n|switch|p1a: Murkrow|Murkrow, M|100\/100\n|switch|p1b: Lurantis|Lurantis, M|100\/100\n|switch|p2a: Pikachu|Pikachu, F, shiny|100\/100\n|switch|p2b: Raichu|Raichu, F, shiny|100\/100\n|turn|1\n|\n|t:|1698431316\n|-terastallize|p2a: Pikachu|Electric\n|move|p1a: Murkrow|Feather Dance|p1b: Lurantis\n|-boost|p1b: Lurantis|atk|2\n|move|p2b: Raichu|Discharge|p1a: Murkrow|[spread] p1a,p1b\n|-ability|p2a: Pikachu|Lightning Rod|boost\n|-boost|p2a: Pikachu|spa|1\n|-supereffective|p1a: Murkrow\n|-resisted|p1b: Lurantis\n|-damage|p1a: Murkrow|35\/100\n|-damage|p1b: Lurantis|84\/100\n|move|p2a: Pikachu|Discharge|p1a: Murkrow|[spread] p1a,p1b\n|-ability|p2b: Raichu|Lightning Rod|boost\n|-boost|p2b: Raichu|spa|1\n|-supereffective|p1a: Murkrow\n|-resisted|p1b: Lurantis\n|-damage|p1a: Murkrow|0 fnt\n|-damage|p1b: Lurantis|58\/100\n|faint|p1a: Murkrow\n|move|p1b: Lurantis|Superpower|p2a: Pikachu\n|-damage|p2a: Pikachu|0 fnt\n|-boost|p1b: Lurantis|atk|1\n|-boost|p1b: Lurantis|def|1\n|faint|p2a: Pikachu\n|\n|-heal|p1b: Lurantis|64\/100|[from] item: Leftovers\n|upkeep\n|\n|t:|1698431338\n|switch|p2a: Enamorus|Enamorus, F|100\/100\n|switch|p1a: Grimmsnarl|Grimmsnarl, M|100\/100\n|turn|2\n|\n|t:|1698431347\n|switch|p2b: Chien-Pao|Chien-Pao|100\/100\n|-ability|p2b: Chien-Pao|Sword of Ruin\n|move|p1a: Grimmsnarl|Fake Tears|p1b: Lurantis\n|-boost|p1b: Lurantis|spd|2\n|move|p2a: Enamorus|Mystical Fire|p1b: Lurantis\n|-supereffective|p1b: Lurantis\n|-damage|p1b: Lurantis|32\/100\n|-boost|p1b: Lurantis|spa|1\n|move|p1b: Lurantis|Superpower|p2b: Chien-Pao\n|-supereffective|p2b: Chien-Pao\n|-enditem|p2b: Chien-Pao|Focus Sash\n|-damage|p2b: Chien-Pao|1\/100\n|-boost|p1b: Lurantis|atk|1\n|-boost|p1b: Lurantis|def|1\n|\n|-heal|p1b: Lurantis|38\/100|[from] item: Leftovers\n|upkeep\n|turn|3\n|\n|t:|1698431374\n|move|p1b: Lurantis|Protect|p1b: Lurantis\n|-singleturn|p1b: Lurantis|Protect\n|move|p2b: Chien-Pao|Sucker Punch||[still]\n|-fail|p2b: Chien-Pao\n|move|p2a: Enamorus|Mystical Fire|p1b: Lurantis\n|-activate|p1b: Lurantis|move: Protect\n|move|p1a: Grimmsnarl|Dazzling Gleam|p2a: Enamorus|[spread] p2a,p2b\n|-supereffective|p2b: Chien-Pao\n|-damage|p2a: Enamorus|73\/100\n|-damage|p2b: Chien-Pao|0 fnt\n|faint|p2b: Chien-Pao\n|\n|-heal|p1b: Lurantis|44\/100|[from] item: Leftovers\n|upkeep\n|\n|t:|1698431385\n|switch|p2b: Raichu|Raichu, F, shiny|100\/100\n|turn|4\n|\n|t:|1698431399\n|move|p2b: Raichu|Fake Out|p1a: Grimmsnarl\n|-crit|p1a: Grimmsnarl\n|-damage|p1a: Grimmsnarl|87\/100\n|cant|p1a: Grimmsnarl|flinch\n|move|p2a: Enamorus|Mystical Fire|p1b: Lurantis\n|-supereffective|p1b: Lurantis\n|-damage|p1b: Lurantis|10\/100\n|-boost|p1b: Lurantis|spa|1\n|move|p1b: Lurantis|Superpower|p2b: Raichu\n|-damage|p2b: Raichu|0 fnt\n|-boost|p1b: Lurantis|atk|1\n|-boost|p1b: Lurantis|def|1\n|faint|p2b: Raichu\n|\n|-heal|p1a: Grimmsnarl|93\/100|[from] item: Leftovers\n|-heal|p1b: Lurantis|16\/100|[from] item: Leftovers\n|upkeep\n|\n|t:|1698431415\n|switch|p2b: Jigglypuff|Jigglypuff, M, shiny|100\/100\n|turn|5\n|\n|t:|1698431427\n|move|p1b: Lurantis|Protect|p1b: Lurantis\n|-singleturn|p1b: Lurantis|Protect\n|move|p1a: Grimmsnarl|Parting Shot|p2b: Jigglypuff\n|-unboost|p2b: Jigglypuff|atk|1\n|-unboost|p2b: Jigglypuff|spa|1\n|\n|t:|1698431432\n|switch|p1a: Clefairy|Clefairy, F|100\/100|[from] Parting Shot\n|move|p2a: Enamorus|Mystical Fire|p1b: Lurantis\n|-activate|p1b: Lurantis|move: Protect\n|move|p2b: Jigglypuff|Icy Wind|p1a: Clefairy|[spread] p1a\n|-activate|p1b: Lurantis|move: Protect\n|-damage|p1a: Clefairy|97\/100\n|-unboost|p1a: Clefairy|spe|1\n|\n|-heal|p1b: Lurantis|22\/100|[from] item: Leftovers\n|upkeep\n|turn|6\n|\n|t:|1698431449\n|move|p1a: Clefairy|Follow Me|p1a: Clefairy\n|-singleturn|p1a: Clefairy|move: Follow Me\n|move|p2a: Enamorus|Mystical Fire|p1a: Clefairy\n|-damage|p1a: Clefairy|68\/100\n|-unboost|p1a: Clefairy|spa|1\n|move|p1b: Lurantis|Superpower|p2a: Enamorus\n|-resisted|p2a: Enamorus\n|-damage|p2a: Enamorus|44\/100\n|-boost|p1b: Lurantis|atk|1\n|-boost|p1b: Lurantis|def|1\n|move|p2b: Jigglypuff|Fake Tears|p1a: Clefairy\n|-unboost|p1a: Clefairy|spd|2\n|\n|-heal|p1b: Lurantis|28\/100|[from] item: Leftovers\n|upkeep\n|turn|7\n|-message|mamba456 forfeited.\n|\n|win|SXD2002\n|raw|SXD2002's rating: 1173 &rarr; <strong>1195<\/strong><br \/>(+22 for winning)\n|raw|mamba456's rating: 1129 &rarr; <strong>1107<\/strong><br \/>(-22 for losing)\n|l|\u2606mamba456\n|c|\u2606SXD2002|gg\n","uploadtime":1698431469,"views":12,"p1id":"sxd2002","p2id":"mamba456","formatid":"gen9doublesou","rating":1107,"private":0,"password":""}