{"id":"gen9doublesou-1976038416","p1":"switchxclusive","p2":"GunnarRM","format":"[Gen 9] Doubles OU","log":"|j|\u2606switchxclusive\n|j|\u2606GunnarRM\n|t:|1698258539\n|gametype|doubles\n|player|p1|switchxclusive|265|1345\n|player|p2|GunnarRM|170|1490\n|teamsize|p1|6\n|teamsize|p2|6\n|gen|9\n|tier|[Gen 9] Doubles OU\n|rated|\n|rule|Species Clause: Limit one of each Pok\u00e9mon\n|rule|OHKO Clause: OHKO moves are banned\n|rule|Evasion Moves Clause: Evasion moves are banned\n|rule|Gravity Sleep Clause: The combination of sleep-inducing moves with imperfect accuracy and Gravity or Gigantamax Orbeetle are banned\n|rule|Endless Battle Clause: Forcing endless battles is banned\n|rule|HP Percentage Mod: HP is shown in percentages\n|clearpoke\n|poke|p1|Flamigo, M|\n|poke|p1|Clefairy, F|\n|poke|p1|Sableye, F|\n|poke|p1|Slaking, F|\n|poke|p1|Manaphy|\n|poke|p1|Clefable, F|\n|poke|p2|Cresselia, F|\n|poke|p2|Ursaluna, F|\n|poke|p2|Rillaboom, M|\n|poke|p2|Volcanion|\n|poke|p2|Kleavor, M|\n|poke|p2|Flutter Mane|\n|teampreview\n|\n|t:|1698258560\n|start\n|switch|p1a: Slaking|Slaking, F|100\/100\n|switch|p1b: Sableye|Sableye, F|100\/100\n|switch|p2a: Cresselia|Cresselia, F|100\/100\n|switch|p2b: Ursaluna|Ursaluna, F|100\/100\n|turn|1\n|\n|t:|1698258585\n|move|p1b: Sableye|Fake Out|p2a: Cresselia\n|-crit|p2a: Cresselia\n|-damage|p2a: Cresselia|94\/100\n|move|p1a: Slaking|Bulk Up|p1a: Slaking\n|-boost|p1a: Slaking|atk|1\n|-boost|p1a: Slaking|def|1\n|move|p2b: Ursaluna|Swords Dance|p2b: Ursaluna\n|-boost|p2b: Ursaluna|atk|2\n|cant|p2a: Cresselia|flinch\n|\n|-status|p2b: Ursaluna|brn|[from] item: Flame Orb\n|upkeep\n|turn|2\n|inactive|Battle timer is ON: inactive players will automatically lose when time's up. (requested by GunnarRM)\n|\n|t:|1698258650\n|-terastallize|p1a: Slaking|Ghost\n|move|p1b: Sableye|Skill Swap|p1a: Slaking\n|-activate|p1b: Sableye|move: Skill Swap|||[of] p1a: Slaking\n|move|p1a: Slaking|Bulk Up|p1a: Slaking\n|-boost|p1a: Slaking|atk|1\n|-boost|p1a: Slaking|def|1\n|move|p2b: Ursaluna|Facade|p1a: Slaking\n|-immune|p1a: Slaking\n|move|p2a: Cresselia|Trick Room|p2a: Cresselia\n|-fieldstart|move: Trick Room|[of] p2a: Cresselia\n|\n|-damage|p2b: Ursaluna|94\/100 brn|[from] brn\n|upkeep\n|turn|3\n|inactive|switchxclusive has 120 seconds left.\n|\n|t:|1698258688\n|switch|p1b: Clefable|Clefable, F|100\/100\n|move|p2a: Cresselia|Ally Switch|p2a: Cresselia\n|swap|p2a: Cresselia|1|[from] move: Ally Switch\n|move|p1a: Slaking|Bulk Up|p1a: Slaking\n|-boost|p1a: Slaking|atk|1\n|-boost|p1a: Slaking|def|1\n|move|p2a: Ursaluna|Earthquake|p1a: Slaking|[spread] p1a,p1b\n|-immune|p2b: Cresselia|[from] ability: Levitate\n|-damage|p1a: Slaking|69\/100\n|-damage|p1b: Clefable|43\/100\n|-enditem|p1b: Clefable|Sitrus Berry|[eat]\n|-heal|p1b: Clefable|68\/100|[from] item: Sitrus Berry\n|\n|-damage|p2a: Ursaluna|88\/100 brn|[from] brn\n|upkeep\n|turn|4\n|inactive|switchxclusive has 120 seconds left.\n|\n|t:|1698258720\n|move|p1a: Slaking|Bulk Up|p1a: Slaking\n|-boost|p1a: Slaking|atk|1\n|-boost|p1a: Slaking|def|1\n|move|p2a: Ursaluna|Earthquake|p1b: Clefable|[spread] p1a,p1b\n|-immune|p2b: Cresselia|[from] ability: Levitate\n|-damage|p1a: Slaking|46\/100\n|-damage|p1b: Clefable|12\/100\n|move|p1b: Clefable|Skill Swap|p2b: Cresselia\n|-activate|p1b: Clefable|move: Skill Swap|Levitate|Unaware|[of] p2b: Cresselia\n|move|p2b: Cresselia|Lunar Blessing|p2b: Cresselia|[spread] p2a,p2b\n|-heal|p2a: Ursaluna|100\/100 brn\n|-curestatus|p2a: Ursaluna|brn|[msg]\n|-heal|p2b: Cresselia|100\/100\n|\n|-status|p2a: Ursaluna|brn|[from] item: Flame Orb\n|upkeep\n|turn|5\n|inactive|switchxclusive has 120 seconds left.\n|\n|t:|1698258751\n|switch|p1b: Flamigo|Flamigo, M|100\/100\n|-copyboost|p1b: Flamigo|p1a: Slaking|[from] ability: Costar\n|move|p1a: Slaking|Bulk Up|p1a: Slaking\n|-boost|p1a: Slaking|atk|1\n|-boost|p1a: Slaking|def|1\n|move|p2a: Ursaluna|Earthquake|p1a: Slaking|[spread] p2b,p1a\n|-immune|p1b: Flamigo\n|-damage|p2b: Cresselia|59\/100\n|-damage|p1a: Slaking|25\/100\n|move|p2b: Cresselia|Ice Beam|p1a: Slaking\n|-damage|p1a: Slaking|11\/100\n|\n|-damage|p2a: Ursaluna|94\/100 brn|[from] brn\n|upkeep\n|turn|6\n|inactive|switchxclusive has 120 seconds left.\n|inactive|switchxclusive has 90 seconds left.\n|\n|t:|1698258792\n|switch|p1b: Sableye|Sableye, F|100\/100\n|move|p2b: Cresselia|Ally Switch|p2b: Cresselia\n|swap|p2b: Cresselia|0|[from] move: Ally Switch\n|move|p1a: Slaking|Rest|p1a: Slaking\n|-status|p1a: Slaking|slp|[from] move: Rest\n|-heal|p1a: Slaking|100\/100 slp|[silent]\n|-enditem|p1a: Slaking|Chesto Berry|[eat]\n|-curestatus|p1a: Slaking|slp|[msg]\n|move|p2b: Ursaluna|Facade|p1b: Sableye\n|-immune|p1b: Sableye\n|\n|-damage|p2b: Ursaluna|88\/100 brn|[from] brn\n|-fieldend|move: Trick Room\n|upkeep\n|turn|7\n|n|!GunnarRM|gunnarrm\n|inactive|switchxclusive has 90 seconds left.\n|\n|t:|1698258830\n|move|p2b: Ursaluna|Protect|p2b: Ursaluna\n|-singleturn|p2b: Ursaluna|Protect\n|move|p1b: Sableye|Fake Out|p2a: Cresselia\n|-damage|p2a: Cresselia|55\/100\n|move|p1a: Slaking|Body Slam|p2a: Cresselia\n|-damage|p2a: Cresselia|28\/100\n|cant|p2a: Cresselia|flinch\n|\n|-damage|p2b: Ursaluna|82\/100 brn|[from] brn\n|upkeep\n|turn|8\n|inactive|switchxclusive has 90 seconds left.\n|\n|t:|1698258850\n|move|p1a: Slaking|Bulk Up|p1a: Slaking\n|-boost|p1a: Slaking|atk|1\n|-boost|p1a: Slaking|def|1\n|move|p1b: Sableye|Skill Swap|p2b: Ursaluna\n|-activate|p1b: Sableye|move: Skill Swap|Guts|Prankster|[of] p2b: Ursaluna\n|move|p2a: Cresselia|Lunar Blessing|p2a: Cresselia|[spread] p2a,p2b\n|-heal|p2a: Cresselia|53\/100\n|-heal|p2b: Ursaluna|100\/100 brn\n|-curestatus|p2b: Ursaluna|brn|[msg]\n|move|p2b: Ursaluna|Earthquake|p1b: Sableye|[spread] p2a,p1a,p1b\n|-damage|p2a: Cresselia|28\/100\n|-damage|p1a: Slaking|88\/100\n|-damage|p1b: Sableye|0 fnt\n|faint|p1b: Sableye\n|\n|-status|p2b: Ursaluna|brn|[from] item: Flame Orb\n|upkeep\n|inactive|switchxclusive has 90 seconds left.\n|\n|t:|1698258874\n|switch|p1b: Flamigo|Flamigo, M|100\/100\n|-copyboost|p1b: Flamigo|p1a: Slaking|[from] ability: Costar\n|turn|9\n|inactive|switchxclusive has 90 seconds left.\n|\n|t:|1698258894\n|move|p2a: Cresselia|Ally Switch|p2a: Cresselia\n|swap|p2a: Cresselia|1|[from] move: Ally Switch\n|move|p1b: Flamigo|Low Sweep|p2b: Cresselia\n|-resisted|p2b: Cresselia\n|-damage|p2b: Cresselia|20\/100\n|-unboost|p2b: Cresselia|spe|1\n|move|p1a: Slaking|Body Slam|p2a: Ursaluna\n|-damage|p2a: Ursaluna|0 fnt\n|faint|p2a: Ursaluna\n|\n|upkeep\n|\n|t:|1698258903\n|switch|p2a: Flutter Mane|Flutter Mane|100\/100\n|turn|10\n|\n|t:|1698258920\n|switch|p1b: Clefable|Clefable, F|12\/100\n|move|p2a: Flutter Mane|Shadow Ball|p1a: Slaking\n|-supereffective|p1a: Slaking\n|-damage|p1a: Slaking|0 fnt\n|faint|p1a: Slaking\n|move|p2b: Cresselia|Lunar Blessing|p2b: Cresselia|[spread] p2a,p2b\n|-heal|p2b: Cresselia|45\/100\n|\n|upkeep\n|inactive|switchxclusive has 90 seconds left.\n|\n|t:|1698258945\n|switch|p1a: Manaphy|Manaphy|100\/100\n|turn|11\n|\n|t:|1698258956\n|move|p2b: Cresselia|Ally Switch|p2b: Cresselia\n|swap|p2b: Cresselia|0|[from] move: Ally Switch\n|move|p2b: Flutter Mane|Shadow Ball|p1b: Clefable\n|-damage|p1b: Clefable|0 fnt\n|faint|p1b: Clefable\n|move|p1a: Manaphy|Aqua Ring|p1a: Manaphy\n|-start|p1a: Manaphy|Aqua Ring\n|\n|upkeep\n|\n|t:|1698258966\n|switch|p1b: Clefairy|Clefairy, F|100\/100\n|turn|12\n|\n|t:|1698258976\n|move|p2b: Flutter Mane|Shadow Ball|p1b: Clefairy\n|-damage|p1b: Clefairy|56\/100\n|move|p1a: Manaphy|Scald|p2a: Cresselia\n|-crit|p2a: Cresselia\n|-damage|p2a: Cresselia|20\/100\n|-status|p2a: Cresselia|brn\n|move|p2a: Cresselia|Ice Beam|p1b: Clefairy\n|-damage|p1b: Clefairy|41\/100\n|move|p1b: Clefairy|Cosmic Power|p1b: Clefairy\n|-boost|p1b: Clefairy|def|1\n|-boost|p1b: Clefairy|spd|1\n|\n|-damage|p2a: Cresselia|14\/100 brn|[from] brn\n|upkeep\n|turn|13\n|inactive|switchxclusive has 120 seconds left.\n|\n|t:|1698259006\n|move|p2b: Flutter Mane|Shadow Ball|p1b: Clefairy\n|-damage|p1b: Clefairy|12\/100\n|move|p1a: Manaphy|Scald|p2a: Cresselia\n|-damage|p2a: Cresselia|0 fnt\n|faint|p2a: Cresselia\n|move|p1b: Clefairy|Cosmic Power|p1b: Clefairy\n|-boost|p1b: Clefairy|def|1\n|-boost|p1b: Clefairy|spd|1\n|\n|upkeep\n|\n|t:|1698259015\n|switch|p2a: Rillaboom|Rillaboom, M|100\/100\n|-fieldstart|move: Grassy Terrain|[from] ability: Grassy Surge|[of] p2a: Rillaboom\n|turn|14\n|inactive|switchxclusive has 120 seconds left.\n|\n|t:|1698259030\n|switch|p1a: Flamigo|Flamigo, M|100\/100\n|-copyboost|p1a: Flamigo|p1b: Clefairy|[from] ability: Costar\n|move|p1b: Clefairy|Follow Me|p1b: Clefairy\n|-singleturn|p1b: Clefairy|move: Follow Me\n|move|p2a: Rillaboom|Grassy Glide|p1b: Clefairy\n|-damage|p1b: Clefairy|0 fnt\n|faint|p1b: Clefairy\n|move|p2b: Flutter Mane|Shadow Ball|p1a: Flamigo\n|-crit|p1a: Flamigo\n|-enditem|p1a: Flamigo|Focus Sash\n|-damage|p1a: Flamigo|1\/100\n|\n|upkeep\n|inactive|switchxclusive has 120 seconds left.\n|\n|t:|1698259049\n|switch|p1b: Manaphy|Manaphy|100\/100\n|turn|15\n|-message|switchxclusive forfeited.\n|\n|win|GunnarRM\n|raw|switchxclusive's rating: 1345 &rarr; <strong>1333<\/strong><br \/>(-12 for losing)\n|raw|GunnarRM's rating: 1490 &rarr; <strong>1502<\/strong><br \/>(+12 for winning)\n","uploadtime":1698258801,"views":7,"p1id":"switchxclusive","p2id":"gunnarrm","formatid":"gen9doublesou","rating":1333,"private":0,"password":""}