{"id":"gen9doublesou-1988004055","p1":"cotesmcgotes","p2":"Random acountman","format":"[Gen 9] Doubles OU","log":"|j|\u2606cotesmcgotes\n|j|\u2606Random acountman\n|t:|1699658096\n|gametype|doubles\n|player|p1|cotesmcgotes|flannery|1333\n|player|p2|Random acountman|teamrocket|1400\n|teamsize|p1|6\n|teamsize|p2|6\n|gen|9\n|tier|[Gen 9] Doubles OU\n|rated|\n|rule|Species Clause: Limit one of each Pok\u00e9mon\n|rule|OHKO Clause: OHKO moves are banned\n|rule|Evasion Moves Clause: Evasion moves are banned\n|rule|Gravity Sleep Clause: The combination of sleep-inducing moves with imperfect accuracy and Gravity or Gigantamax Orbeetle are banned\n|rule|Endless Battle Clause: Forcing endless battles is banned\n|rule|HP Percentage Mod: HP is shown in percentages\n|clearpoke\n|poke|p1|Cresselia, F|\n|poke|p1|Overqwil, M|\n|poke|p1|Tornadus, M|\n|poke|p1|Palafin, F|\n|poke|p1|Ursaluna-Bloodmoon, M|\n|poke|p1|Ogerpon-Hearthflame, F|\n|poke|p2|Armarouge, F|\n|poke|p2|Amoonguss, M|\n|poke|p2|Indeedee-F, F|\n|poke|p2|Hatterene, F|\n|poke|p2|Tyranitar, F|\n|poke|p2|Glastrier|\n|teampreview\n|inactive|Battle timer is ON: inactive players will automatically lose when time's up. (requested by Random acountman)\n|\n|t:|1699658138\n|start\n|switch|p1a: Overqwil|Overqwil, M|100\/100\n|switch|p1b: Tornadus|Tornadus, M, shiny|100\/100\n|switch|p2a: Armarouge|Armarouge, F|100\/100\n|switch|p2b: Indeedee|Indeedee-F, F|100\/100\n|-fieldstart|move: Psychic Terrain|[from] ability: Psychic Surge|[of] p2b: Indeedee\n|turn|1\n|\n|t:|1699658149\n|move|p2a: Armarouge|Protect|p2a: Armarouge\n|-singleturn|p2a: Armarouge|Protect\n|move|p1b: Tornadus|Rain Dance|p1b: Tornadus\n|-weather|RainDance\n|move|p1a: Overqwil|Crunch|p2b: Indeedee\n|-supereffective|p2b: Indeedee\n|-damage|p2b: Indeedee|20\/100\n|move|p2b: Indeedee|Trick Room|p2b: Indeedee\n|-fieldstart|move: Trick Room|[of] p2b: Indeedee\n|\n|-weather|RainDance|[upkeep]\n|upkeep\n|turn|2\n|inactive|cotesmcgotes has 120 seconds left.\n|\n|t:|1699658184\n|move|p2b: Indeedee|Follow Me|p2b: Indeedee\n|-singleturn|p2b: Indeedee|move: Follow Me\n|move|p2a: Armarouge|Expanding Force|p1a: Overqwil|[spread] p1b\n|-immune|p1a: Overqwil\n|-damage|p1b: Tornadus|39\/100\n|-damage|p2a: Armarouge|91\/100|[from] item: Life Orb\n|move|p1b: Tornadus|Bleakwind Storm|p2a: Armarouge|[spread] p2a,p2b\n|-damage|p2a: Armarouge|53\/100\n|-damage|p2b: Indeedee|0 fnt\n|faint|p2b: Indeedee\n|move|p1a: Overqwil|Crunch|p2a: Armarouge\n|-supereffective|p2a: Armarouge\n|-damage|p2a: Armarouge|0 fnt\n|faint|p2a: Armarouge\n|\n|-weather|RainDance|[upkeep]\n|upkeep\n|\n|t:|1699658199\n|switch|p2a: Hatterene|Hatterene, F|100\/100\n|switch|p2b: Glastrier|Glastrier|100\/100\n|turn|3\n|inactive|cotesmcgotes has 120 seconds left.\n|inactive|cotesmcgotes has 90 seconds left.\n|\n|t:|1699658264\n|switch|p1b: Ogerpon|Ogerpon-Hearthflame, F|100\/100\n|-ability|p1b: Ogerpon|Mold Breaker\n|move|p2b: Glastrier|Stomping Tantrum|p1a: Overqwil\n|-supereffective|p1a: Overqwil\n|-damage|p1a: Overqwil|30\/100\n|move|p2a: Hatterene|Dazzling Gleam|p1b: Ogerpon|[spread] p1a,p1b\n|-resisted|p1b: Ogerpon\n|-damage|p1a: Overqwil|0 fnt\n|-damage|p1b: Ogerpon|75\/100\n|faint|p1a: Overqwil\n|-damage|p2a: Hatterene|91\/100|[from] item: Life Orb\n|\n|-weather|RainDance|[upkeep]\n|upkeep\n|inactive|cotesmcgotes has 90 seconds left.\n|\n|t:|1699658282\n|switch|p1a: Cresselia|Cresselia, F, shiny|100\/100\n|turn|4\n|inactive|cotesmcgotes has 90 seconds left.\n|\n|t:|1699658302\n|move|p1b: Ogerpon|Spiky Shield|p1b: Ogerpon\n|-singleturn|p1b: Ogerpon|move: Protect\n|move|p2b: Glastrier|Icicle Crash|p1b: Ogerpon\n|-activate|p1b: Ogerpon|move: Protect\n|move|p2a: Hatterene|Psychic|p1b: Ogerpon\n|-activate|p1b: Ogerpon|move: Protect\n|move|p1a: Cresselia|Calm Mind|p1a: Cresselia\n|-boost|p1a: Cresselia|spa|1\n|-boost|p1a: Cresselia|spd|1\n|\n|-weather|RainDance|[upkeep]\n|upkeep\n|turn|5\n|\n|t:|1699658322\n|move|p2b: Glastrier|Icicle Crash|p1a: Cresselia|[miss]\n|-miss|p2b: Glastrier|p1a: Cresselia\n|move|p2a: Hatterene|Dazzling Gleam|p1a: Cresselia|[spread] p1a,p1b\n|-resisted|p1b: Ogerpon\n|-damage|p1a: Cresselia|79\/100\n|-damage|p1b: Ogerpon|46\/100\n|-damage|p2a: Hatterene|81\/100|[from] item: Life Orb\n|move|p1a: Cresselia|Calm Mind|p1a: Cresselia\n|-boost|p1a: Cresselia|spa|1\n|-boost|p1a: Cresselia|spd|1\n|move|p1b: Ogerpon|Ivy Cudgel|p2b: Glastrier\n|-supereffective|p2b: Glastrier\n|-damage|p2b: Glastrier|64\/100\n|\n|-weather|RainDance|[upkeep]\n|-heal|p1a: Cresselia|85\/100|[from] item: Leftovers\n|-fieldend|move: Trick Room\n|-fieldend|move: Psychic Terrain\n|upkeep\n|turn|6\n|inactive|cotesmcgotes has 90 seconds left.\n|\n|t:|1699658375\n|move|p1b: Ogerpon|Ivy Cudgel|p2b: Glastrier\n|-supereffective|p2b: Glastrier\n|-damage|p2b: Glastrier|23\/100\n|move|p1a: Cresselia|Calm Mind|p1a: Cresselia\n|-boost|p1a: Cresselia|spa|1\n|-boost|p1a: Cresselia|spd|1\n|move|p2b: Glastrier|Icicle Crash|p1a: Cresselia\n|-damage|p1a: Cresselia|49\/100\n|move|p2a: Hatterene|Trick Room|p2a: Hatterene\n|-fieldstart|move: Trick Room|[of] p2a: Hatterene\n|\n|-weather|RainDance|[upkeep]\n|-heal|p1a: Cresselia|55\/100|[from] item: Leftovers\n|upkeep\n|turn|7\n|inactive|cotesmcgotes has 90 seconds left.\n|\n|t:|1699658388\n|move|p1b: Ogerpon|Spiky Shield|p1b: Ogerpon\n|-singleturn|p1b: Ogerpon|move: Protect\n|move|p2b: Glastrier|Icicle Crash|p1a: Cresselia\n|-damage|p1a: Cresselia|18\/100\n|move|p2a: Hatterene|Dazzling Gleam|p1b: Ogerpon|[spread] p1a\n|-activate|p1b: Ogerpon|move: Protect\n|-damage|p1a: Cresselia|5\/100\n|-damage|p2a: Hatterene|71\/100|[from] item: Life Orb\n|move|p1a: Cresselia|Stored Power|p2a: Hatterene\n|-resisted|p2a: Hatterene\n|-damage|p2a: Hatterene|0 fnt\n|faint|p2a: Hatterene\n|\n|-weather|RainDance|[upkeep]\n|-heal|p1a: Cresselia|11\/100|[from] item: Leftovers\n|upkeep\n|\n|t:|1699658401\n|switch|p2a: Tyranitar|Tyranitar, F|100\/100\n|-weather|Sandstorm|[from] ability: Sand Stream|[of] p2a: Tyranitar\n|turn|8\n|\n|t:|1699658425\n|switch|p1b: Ursaluna|Ursaluna-Bloodmoon, M|100\/100\n|move|p2b: Glastrier|Swords Dance|p2b: Glastrier\n|-boost|p2b: Glastrier|atk|2\n|move|p2a: Tyranitar|Rock Slide|p1a: Cresselia|[spread] p1a,p1b\n|-resisted|p1b: Ursaluna\n|-crit|p1b: Ursaluna\n|-damage|p1a: Cresselia|0 fnt\n|-damage|p1b: Ursaluna|84\/100\n|faint|p1a: Cresselia\n|\n|-weather|Sandstorm|[upkeep]\n|-damage|p2b: Glastrier|16\/100|[from] Sandstorm\n|upkeep\n|inactive|cotesmcgotes has 90 seconds left.\n|\n|t:|1699658437\n|switch|p1a: Palafin|Palafin, F|100\/100\n|turn|9\n|\n|t:|1699658458\n|detailschange|p1a: Palafin|Palafin-Hero, F\n|switch|p1a: Tornadus|Tornadus, M, shiny|39\/100\n|move|p1b: Ursaluna|Vacuum Wave|p2b: Glastrier\n|-supereffective|p2b: Glastrier\n|-damage|p2b: Glastrier|0 fnt\n|faint|p2b: Glastrier\n|move|p2a: Tyranitar|Crunch|p1a: Tornadus\n|-damage|p1a: Tornadus|0 fnt\n|faint|p1a: Tornadus\n|\n|-weather|Sandstorm|[upkeep]\n|upkeep\n|inactive|cotesmcgotes has 120 seconds left.\n|\n|t:|1699658475\n|switch|p2b: Amoonguss|Amoonguss, M|100\/100\n|switch|p1a: Palafin|Palafin-Hero, F|100\/100\n|-activate|p1a: Palafin|ability: Zero to Hero\n|turn|10\n|\n|t:|1699658487\n|switch|p1a: Ogerpon|Ogerpon-Hearthflame, F|46\/100\n|-ability|p1a: Ogerpon|Mold Breaker\n|move|p2a: Tyranitar|Protect|p2a: Tyranitar\n|-singleturn|p2a: Tyranitar|Protect\n|move|p1b: Ursaluna|Vacuum Wave|p2a: Tyranitar\n|-activate|p2a: Tyranitar|move: Protect\n|move|p2b: Amoonguss|Spore|p1a: Ogerpon\n|-immune|p1a: Ogerpon\n|\n|-weather|Sandstorm|[upkeep]\n|-damage|p2b: Amoonguss|94\/100|[from] Sandstorm\n|-damage|p1a: Ogerpon|40\/100|[from] Sandstorm\n|-fieldend|move: Trick Room\n|upkeep\n|turn|11\n|\n|t:|1699658508\n|move|p1a: Ogerpon|Ivy Cudgel|p2b: Amoonguss\n|-supereffective|p2b: Amoonguss\n|-damage|p2b: Amoonguss|12\/100\n|-enditem|p2b: Amoonguss|Sitrus Berry|[eat]\n|-heal|p2b: Amoonguss|37\/100|[from] item: Sitrus Berry\n|move|p2a: Tyranitar|Crunch|p1a: Ogerpon\n|-damage|p1a: Ogerpon|0 fnt\n|faint|p1a: Ogerpon\n|move|p1b: Ursaluna|Earth Power|p2a: Tyranitar\n|-supereffective|p2a: Tyranitar\n|-damage|p2a: Tyranitar|39\/100\n|-unboost|p2a: Tyranitar|spd|1\n|move|p2b: Amoonguss|Spore|p1b: Ursaluna\n|-status|p1b: Ursaluna|slp|[from] move: Spore\n|\n|-weather|Sandstorm|[upkeep]\n|-damage|p2b: Amoonguss|30\/100|[from] Sandstorm\n|-heal|p2a: Tyranitar|45\/100|[from] item: Leftovers\n|upkeep\n|\n|t:|1699658518\n|switch|p1a: Palafin|Palafin-Hero, F|100\/100\n|turn|12\n|\n|t:|1699658527\n|-terastallize|p1a: Palafin|Fighting\n|move|p2a: Tyranitar|Protect|p2a: Tyranitar\n|-singleturn|p2a: Tyranitar|Protect\n|cant|p1b: Ursaluna|slp\n|move|p1a: Palafin|Ice Punch|p2b: Amoonguss\n|-supereffective|p2b: Amoonguss\n|-damage|p2b: Amoonguss|0 fnt\n|faint|p2b: Amoonguss\n|\n|-weather|none\n|-heal|p2a: Tyranitar|51\/100|[from] item: Leftovers\n|upkeep\n|turn|13\n|\n|t:|1699658544\n|cant|p1b: Ursaluna|slp\n|move|p1a: Palafin|Drain Punch|p2a: Tyranitar\n|-supereffective|p2a: Tyranitar\n|-damage|p2a: Tyranitar|0 fnt\n|faint|p2a: Tyranitar\n|\n|win|cotesmcgotes\n|raw|cotesmcgotes's rating: 1333 &rarr; <strong>1357<\/strong><br \/>(+24 for winning)\n|raw|Random acountman's rating: 1400 &rarr; <strong>1376<\/strong><br \/>(-24 for losing)\n|l|\u2606Random acountman\n","uploadtime":1699658555,"views":9,"p1id":"cotesmcgotes","p2id":"randomacountman","formatid":"gen9doublesou","rating":1357,"private":0,"password":""}