{"id":"gen9doublesou-1974464495","p1":"ChimeBliss","p2":"Kordelion","format":"[Gen 9] Doubles OU","log":"|j|\u2606ChimeBliss\n|j|\u2606Kordelion\n|t:|1698089157\n|gametype|doubles\n|player|p1|ChimeBliss|dawn-gen4pt|1290\n|player|p2|Kordelion|roxie|1330\n|teamsize|p1|6\n|teamsize|p2|6\n|gen|9\n|tier|[Gen 9] Doubles OU\n|rated|\n|rule|Species Clause: Limit one of each Pok\u00e9mon\n|rule|OHKO Clause: OHKO moves are banned\n|rule|Evasion Moves Clause: Evasion moves are banned\n|rule|Gravity Sleep Clause: The combination of sleep-inducing moves with imperfect accuracy and Gravity or Gigantamax Orbeetle are banned\n|rule|Endless Battle Clause: Forcing endless battles is banned\n|rule|HP Percentage Mod: HP is shown in percentages\n|clearpoke\n|poke|p1|Chien-Pao|\n|poke|p1|Tornadus, M|\n|poke|p1|Dragonite, M|\n|poke|p1|Chi-Yu|\n|poke|p1|Flutter Mane|\n|poke|p1|Landorus, M|\n|poke|p2|Ogerpon-Wellspring, F|\n|poke|p2|Ribombee, F|\n|poke|p2|Cresselia, F|\n|poke|p2|Skeledirge, M|\n|poke|p2|Glimmora, F|\n|poke|p2|Garganacl, M|\n|teampreview\n|inactive|Battle timer is ON: inactive players will automatically lose when time's up. (requested by ChimeBliss)\n|\n|t:|1698089181\n|start\n|switch|p1a: Chi-Yu|Chi-Yu|100\/100\n|switch|p1b: Flutter Mane|Flutter Mane|100\/100\n|switch|p2a: Ribombee|Ribombee, F|100\/100\n|switch|p2b: Glimmora|Glimmora, F|100\/100\n|-ability|p1a: Chi-Yu|Beads of Ruin\n|turn|1\n|\n|t:|1698089211\n|move|p2b: Glimmora|Spiky Shield|p2b: Glimmora\n|-singleturn|p2b: Glimmora|move: Protect\n|move|p1a: Chi-Yu|Heat Wave|p2b: Glimmora|[spread] p2a\n|-activate|p2b: Glimmora|move: Protect\n|-supereffective|p2a: Ribombee\n|-enditem|p2a: Ribombee|Focus Sash\n|-damage|p2a: Ribombee|1\/100\n|move|p1b: Flutter Mane|Dazzling Gleam|p2a: Ribombee|[spread] p2a\n|-activate|p2b: Glimmora|move: Protect\n|-damage|p2a: Ribombee|0 fnt\n|faint|p2a: Ribombee\n|\n|upkeep\n|\n|t:|1698089224\n|switch|p2a: Ogerpon|Ogerpon-Wellspring, F|100\/100\n|turn|2\n|\n|t:|1698089234\n|move|p2a: Ogerpon|Spiky Shield|p2a: Ogerpon\n|-singleturn|p2a: Ogerpon|move: Protect\n|move|p1a: Chi-Yu|Heat Wave|p2a: Ogerpon|[spread] p2b\n|-activate|p2a: Ogerpon|move: Protect\n|-resisted|p2b: Glimmora\n|-damage|p2b: Glimmora|68\/100\n|move|p1b: Flutter Mane|Dazzling Gleam|p2b: Glimmora|[spread] p2b\n|-activate|p2a: Ogerpon|move: Protect\n|-resisted|p2b: Glimmora\n|-damage|p2b: Glimmora|27\/100\n|move|p2b: Glimmora|Mortal Spin|p1a: Chi-Yu|[spread] p1a,p1b\n|-damage|p1a: Chi-Yu|94\/100\n|-damage|p1b: Flutter Mane|92\/100\n|-status|p1a: Chi-Yu|psn\n|-status|p1b: Flutter Mane|psn\n|\n|-damage|p1a: Chi-Yu|82\/100 psn|[from] psn\n|-damage|p1b: Flutter Mane|79\/100 psn|[from] psn\n|upkeep\n|turn|3\n|\n|t:|1698089263\n|-terastallize|p2a: Ogerpon|Water\n|detailschange|p2a: Ogerpon|Ogerpon-Wellspring-Tera, F, tera:Water\n|-ability|p2a: Ogerpon|Embody Aspect (Wellspring)|boost\n|-boost|p2a: Ogerpon|spd|1\n|move|p2b: Glimmora|Spiky Shield|p2b: Glimmora\n|-singleturn|p2b: Glimmora|move: Protect\n|move|p1a: Chi-Yu|Heat Wave|p2a: Ogerpon|[spread] p2a\n|-activate|p2b: Glimmora|move: Protect\n|-resisted|p2a: Ogerpon\n|-damage|p2a: Ogerpon|87\/100\n|-status|p2a: Ogerpon|brn\n|move|p1b: Flutter Mane|Dazzling Gleam|p2b: Glimmora|[spread] p2a\n|-activate|p2b: Glimmora|move: Protect\n|-damage|p2a: Ogerpon|49\/100 brn\n|move|p2a: Ogerpon|Leech Seed|p1a: Chi-Yu\n|-start|p1a: Chi-Yu|move: Leech Seed\n|\n|-damage|p1a: Chi-Yu|69\/100 psn|[from] Leech Seed|[of] p2a: Ogerpon\n|-heal|p2a: Ogerpon|58\/100 brn|[silent]\n|-damage|p1a: Chi-Yu|57\/100 psn|[from] psn\n|-damage|p1b: Flutter Mane|67\/100 psn|[from] psn\n|-damage|p2a: Ogerpon|52\/100 brn|[from] brn\n|upkeep\n|turn|4\n|\n|t:|1698089289\n|move|p2a: Ogerpon|Spiky Shield|p2a: Ogerpon\n|-singleturn|p2a: Ogerpon|move: Protect\n|move|p1a: Chi-Yu|Heat Wave|p2b: Glimmora|[spread] \n|-activate|p2a: Ogerpon|move: Protect\n|-miss|p1a: Chi-Yu|p2b: Glimmora\n|move|p1b: Flutter Mane|Dazzling Gleam|p2a: Ogerpon|[spread] p2b\n|-activate|p2a: Ogerpon|move: Protect\n|-resisted|p2b: Glimmora\n|-crit|p2b: Glimmora\n|-damage|p2b: Glimmora|0 fnt\n|faint|p2b: Glimmora\n|\n|-damage|p1a: Chi-Yu|45\/100 psn|[from] Leech Seed|[of] p2a: Ogerpon\n|-heal|p2a: Ogerpon|60\/100 brn|[silent]\n|-damage|p1a: Chi-Yu|32\/100 psn|[from] psn\n|-damage|p1b: Flutter Mane|55\/100 psn|[from] psn\n|-damage|p2a: Ogerpon|54\/100 brn|[from] brn\n|upkeep\n|inactive|Kordelion has 120 seconds left.\n|\n|t:|1698089301\n|switch|p2b: Cresselia|Cresselia, F|100\/100\n|turn|5\n|\n|t:|1698089307\n|move|p1a: Chi-Yu|Heat Wave|p2b: Cresselia|[spread] p2a,p2b\n|-resisted|p2a: Ogerpon\n|-damage|p2a: Ogerpon|41\/100 brn\n|-damage|p2b: Cresselia|72\/100\n|move|p1b: Flutter Mane|Dazzling Gleam|p2b: Cresselia|[spread] p2a,p2b\n|-damage|p2a: Ogerpon|5\/100 brn\n|-damage|p2b: Cresselia|35\/100\n|move|p2a: Ogerpon|Leech Seed|p1b: Flutter Mane\n|-start|p1b: Flutter Mane|move: Leech Seed\n|move|p2b: Cresselia|Lunar Blessing|p2b: Cresselia|[spread] p2a,p2b\n|-heal|p2a: Ogerpon|30\/100 brn\n|-curestatus|p2a: Ogerpon|brn|[msg]\n|-heal|p2b: Cresselia|60\/100\n|\n|-heal|p2b: Cresselia|66\/100|[from] item: Leftovers\n|-damage|p1a: Chi-Yu|20\/100 psn|[from] Leech Seed|[of] p2a: Ogerpon\n|-heal|p2a: Ogerpon|39\/100|[silent]\n|-damage|p1b: Flutter Mane|42\/100 psn|[from] Leech Seed|[of] p2a: Ogerpon\n|-heal|p2a: Ogerpon|47\/100|[silent]\n|-damage|p1a: Chi-Yu|8\/100 psn|[from] psn\n|-damage|p1b: Flutter Mane|30\/100 psn|[from] psn\n|upkeep\n|turn|6\n|\n|t:|1698089316\n|move|p2a: Ogerpon|Spiky Shield|p2a: Ogerpon\n|-singleturn|p2a: Ogerpon|move: Protect\n|move|p1a: Chi-Yu|Heat Wave|p2a: Ogerpon|[spread] p2b\n|-activate|p2a: Ogerpon|move: Protect\n|-damage|p2b: Cresselia|39\/100\n|move|p1b: Flutter Mane|Dazzling Gleam|p2a: Ogerpon|[spread] p2b\n|-activate|p2a: Ogerpon|move: Protect\n|-damage|p2b: Cresselia|2\/100\n|move|p2b: Cresselia|Lunar Blessing|p2b: Cresselia|[spread] p2a,p2b\n|-heal|p2a: Ogerpon|72\/100\n|-heal|p2b: Cresselia|27\/100\n|\n|-heal|p2b: Cresselia|33\/100|[from] item: Leftovers\n|-damage|p1a: Chi-Yu|0 fnt|[from] Leech Seed|[of] p2a: Ogerpon\n|-heal|p2a: Ogerpon|77\/100|[silent]\n|faint|p1a: Chi-Yu\n|-damage|p1b: Flutter Mane|18\/100 psn|[from] Leech Seed|[of] p2a: Ogerpon\n|-heal|p2a: Ogerpon|86\/100|[silent]\n|-damage|p1b: Flutter Mane|5\/100 psn|[from] psn\n|upkeep\n|\n|t:|1698089342\n|switch|p1a: Dragonite|Dragonite, M, shiny|100\/100\n|turn|7\n|l|\u2606Kordelion\n|inactive|Kordelion disconnected and has a minute to reconnect!\n|player|p2|\n|inactive|Kordelion has 30 seconds to reconnect!\n|inactive|Kordelion has 20 seconds to reconnect!\n|j|\u2606Kordelion\n|inactive|Kordelion reconnected and has 85 seconds left.\n|player|p2|Kordelion|roxie\n|inactive|Kordelion has 60 seconds left.\n|\n|t:|1698089440\n|-terastallize|p1a: Dragonite|Normal\n|move|p2b: Cresselia|Protect|p2b: Cresselia\n|-singleturn|p2b: Cresselia|Protect\n|move|p1a: Dragonite|Extreme Speed|p2a: Ogerpon\n|-damage|p2a: Ogerpon|15\/100\n|move|p1b: Flutter Mane|Dazzling Gleam|p2a: Ogerpon|[spread] p2a\n|-activate|p2b: Cresselia|move: Protect\n|-damage|p2a: Ogerpon|0 fnt\n|faint|p2a: Ogerpon\n|\n|-heal|p2b: Cresselia|39\/100|[from] item: Leftovers\n|-damage|p1b: Flutter Mane|0 fnt|[from] psn\n|faint|p1b: Flutter Mane\n|-end|p1b: Flutter Mane|Protosynthesis|[silent]\n|upkeep\n|\n|t:|1698089452\n|switch|p1b: Chien-Pao|Chien-Pao|100\/100\n|switch|p2a: Garganacl|Garganacl, M|100\/100\n|-ability|p1b: Chien-Pao|Sword of Ruin\n|turn|8\n|\n|t:|1698089465\n|move|p2a: Garganacl|Protect|p2a: Garganacl\n|-singleturn|p2a: Garganacl|Protect\n|move|p1a: Dragonite|Extreme Speed|p2b: Cresselia\n|-damage|p2b: Cresselia|0 fnt\n|faint|p2b: Cresselia\n|move|p1b: Chien-Pao|Sacred Sword|p2a: Garganacl\n|-activate|p2a: Garganacl|move: Protect\n|\n|upkeep\n|inactive|Kordelion has 90 seconds left.\n|inactive|Kordelion has 60 seconds left.\n|inactive|Kordelion has 30 seconds left.\n|inactive|Kordelion has 20 seconds left.\n|l|\u2606Kordelion\n|inactive|Kordelion disconnected and has a minute to reconnect!\n|player|p2|\n|inactive|Kordelion has 15 seconds left.\n|inactive|Kordelion has 10 seconds left.\n|inactive|Kordelion has 5 seconds left.\n|-message|Kordelion lost due to inactivity.\n|\n|win|ChimeBliss\n|raw|ChimeBliss's rating: 1290 &rarr; <strong>1318<\/strong><br \/>(+28 for winning)\n|raw|Kordelion's rating: 1330 &rarr; <strong>1308<\/strong><br \/>(-22 for losing)\n","uploadtime":1698089568,"views":10,"p1id":"chimebliss","p2id":"kordelion","formatid":"gen9doublesou","rating":1308,"private":0,"password":""}