{"id":"gen9doublesou-1979861303","p1":"mikeyuwu","p2":"stewiegriffingoat","format":"[Gen 9] Doubles OU","log":"|j|\u2606mikeyuwu\n|j|\u2606stewiegriffingoat\n|t:|1698721202\n|gametype|doubles\n|player|p1|mikeyuwu|psychic-gen4|1312\n|player|p2|stewiegriffingoat|265|1283\n|teamsize|p1|6\n|teamsize|p2|6\n|gen|9\n|tier|[Gen 9] Doubles OU\n|rated|\n|rule|Species Clause: Limit one of each Pok\u00e9mon\n|rule|OHKO Clause: OHKO moves are banned\n|rule|Evasion Moves Clause: Evasion moves are banned\n|rule|Gravity Sleep Clause: The combination of sleep-inducing moves with imperfect accuracy and Gravity or Gigantamax Orbeetle are banned\n|rule|Endless Battle Clause: Forcing endless battles is banned\n|rule|HP Percentage Mod: HP is shown in percentages\n|clearpoke\n|poke|p1|Garchomp, M|\n|poke|p1|Tyranitar, F|\n|poke|p1|Vaporeon, F|\n|poke|p1|Toxicroak, M|\n|poke|p1|Pelipper, F|\n|poke|p1|Abomasnow, M|\n|poke|p2|Great Tusk|\n|poke|p2|Indeedee-F, F|\n|poke|p2|Amoonguss, F|\n|poke|p2|Dusclops, F|\n|poke|p2|Ursaluna, M|\n|poke|p2|Armarouge, M|\n|teampreview\n|\n|t:|1698721206\n|start\n|switch|p1a: OTLHPM|Toxicroak, M|100\/100\n|switch|p1b: Harmacy|Vaporeon, F|100\/100\n|switch|p2a: Indeedee|Indeedee-F, F|100\/100\n|switch|p2b: Great Tusk|Great Tusk|100\/100\n|-fieldstart|move: Psychic Terrain|[from] ability: Psychic Surge|[of] p2a: Indeedee\n|-enditem|p2b: Great Tusk|Psychic Seed\n|-boost|p2b: Great Tusk|spd|1|[from] item: Psychic Seed\n|turn|1\n|inactive|Battle timer is ON: inactive players will automatically lose when time's up. (requested by stewiegriffingoat)\n|\n|t:|1698721215\n|switch|p1a: Weather War|Pelipper, F|100\/100\n|-weather|RainDance|[from] ability: Drizzle|[of] p1a: Weather War\n|move|p1b: Harmacy|Weather Ball|p2b: Great Tusk\n|-supereffective|p2b: Great Tusk\n|-damage|p2b: Great Tusk|34\/100\n|move|p2b: Great Tusk|Bulk Up|p2b: Great Tusk\n|-boost|p2b: Great Tusk|atk|1\n|-boost|p2b: Great Tusk|def|1\n|move|p2a: Indeedee|Trick Room|p2a: Indeedee\n|-fieldstart|move: Trick Room|[of] p2a: Indeedee\n|\n|-weather|RainDance|[upkeep]\n|upkeep\n|turn|2\n|\n|t:|1698721236\n|move|p2a: Indeedee|Helping Hand|p2b: Great Tusk\n|-singleturn|p2b: Great Tusk|Helping Hand|[of] p2a: Indeedee\n|move|p2b: Great Tusk|Body Press|p1b: Harmacy\n|-damage|p1b: Harmacy|47\/100\n|move|p1b: Harmacy|Copycat|p1b: Harmacy\n|move|p1b: Harmacy|Body Press|p2a: Indeedee|[from]move: Copycat\n|-damage|p2a: Indeedee|83\/100\n|move|p1a: Weather War|Hurricane|p2b: Great Tusk\n|-supereffective|p2b: Great Tusk\n|-damage|p2b: Great Tusk|0 fnt\n|faint|p2b: Great Tusk\n|-end|p2b: Great Tusk|Protosynthesis|[silent]\n|\n|-weather|RainDance|[upkeep]\n|-heal|p1b: Harmacy|53\/100|[from] item: Leftovers\n|upkeep\n|inactive|stewiegriffingoat has 120 seconds left.\n|\n|t:|1698721251\n|switch|p2b: Amoonguss|Amoonguss, F|100\/100\n|turn|3\n|\n|t:|1698721266\n|switch|p1a: Cold Shoulder|Abomasnow, M, shiny|100\/100\n|-weather|Snow|[from] ability: Snow Warning|[of] p1a: Cold Shoulder\n|move|p2b: Amoonguss|Spore|p1a: Cold Shoulder\n|-immune|p1a: Cold Shoulder\n|move|p2a: Indeedee|Psychic|p1a: Cold Shoulder\n|-damage|p1a: Cold Shoulder|58\/100\n|move|p1b: Harmacy|Weather Ball|p2b: Amoonguss\n|-supereffective|p2b: Amoonguss\n|-damage|p2b: Amoonguss|60\/100\n|\n|-weather|Snow|[upkeep]\n|-heal|p1b: Harmacy|59\/100|[from] item: Leftovers\n|upkeep\n|turn|4\n|\n|t:|1698721285\n|switch|p1a: Weather War|Pelipper, F|100\/100\n|-weather|RainDance|[from] ability: Drizzle|[of] p1a: Weather War\n|move|p2b: Amoonguss|Pollen Puff|p1a: Weather War\n|-resisted|p1a: Weather War\n|-damage|p1a: Weather War|88\/100\n|move|p2a: Indeedee|Psychic|p1a: Weather War\n|-damage|p1a: Weather War|30\/100\n|move|p1b: Harmacy|Copycat|p1b: Harmacy\n|move|p1b: Harmacy|Psychic|p2b: Amoonguss|[from]move: Copycat\n|-supereffective|p2b: Amoonguss\n|-damage|p2b: Amoonguss|12\/100\n|-enditem|p2b: Amoonguss|Sitrus Berry|[eat]\n|-heal|p2b: Amoonguss|37\/100|[from] item: Sitrus Berry\n|\n|-weather|RainDance|[upkeep]\n|-heal|p1b: Harmacy|65\/100|[from] item: Leftovers\n|upkeep\n|turn|5\n|inactive|stewiegriffingoat has 120 seconds left.\n|inactive|stewiegriffingoat has 90 seconds left.\n|\n|t:|1698721347\n|switch|p1a: ThcrThnSnkr|Tyranitar, F|100\/100\n|-weather|Sandstorm|[from] ability: Sand Stream|[of] p1a: ThcrThnSnkr\n|move|p2b: Amoonguss|Spore|p1b: Harmacy\n|-status|p1b: Harmacy|slp|[from] move: Spore\n|move|p2a: Indeedee|Psychic|p1a: ThcrThnSnkr\n|-immune|p1a: ThcrThnSnkr\n|cant|p1b: Harmacy|slp\n|\n|-weather|Sandstorm|[upkeep]\n|-damage|p2b: Amoonguss|30\/100|[from] Sandstorm\n|-damage|p2a: Indeedee|77\/100|[from] Sandstorm\n|-damage|p1b: Harmacy|59\/100 slp|[from] Sandstorm\n|-heal|p1b: Harmacy|65\/100 slp|[from] item: Leftovers\n|-fieldend|move: Trick Room\n|upkeep\n|turn|6\n|\n|t:|1698721367\n|move|p2a: Indeedee|Follow Me|p2a: Indeedee\n|-singleturn|p2a: Indeedee|move: Follow Me\n|move|p1a: ThcrThnSnkr|Knock Off|p2a: Indeedee\n|-supereffective|p2a: Indeedee\n|-damage|p2a: Indeedee|0 fnt\n|-enditem|p2a: Indeedee|Terrain Extender|[from] move: Knock Off|[of] p1a: ThcrThnSnkr\n|faint|p2a: Indeedee\n|cant|p1b: Harmacy|slp\n|move|p2b: Amoonguss|Spore|p1a: ThcrThnSnkr\n|-status|p1a: ThcrThnSnkr|slp|[from] move: Spore\n|\n|-weather|Sandstorm|[upkeep]\n|-damage|p1b: Harmacy|59\/100 slp|[from] Sandstorm\n|-damage|p2b: Amoonguss|24\/100|[from] Sandstorm\n|-heal|p1b: Harmacy|65\/100 slp|[from] item: Leftovers\n|upkeep\n|\n|t:|1698721374\n|switch|p2a: Ursaluna|Ursaluna, M|100\/100\n|turn|7\n|inactive|stewiegriffingoat has 120 seconds left.\n|\n|t:|1698721393\n|switch|p1a: Weather War|Pelipper, F|30\/100\n|-weather|RainDance|[from] ability: Drizzle|[of] p1a: Weather War\n|switch|p2b: Dusclops|Dusclops, F|100\/100\n|-ability|p2b: Dusclops|Pressure\n|cant|p1b: Harmacy|slp\n|move|p2a: Ursaluna|Drain Punch|p1a: Weather War\n|-resisted|p1a: Weather War\n|-damage|p1a: Weather War|18\/100\n|\n|-weather|RainDance|[upkeep]\n|-activate|p1b: Harmacy|ability: Hydration\n|-curestatus|p1b: Harmacy|slp|[msg]\n|-heal|p1b: Harmacy|71\/100|[from] item: Leftovers\n|-status|p2a: Ursaluna|brn|[from] item: Flame Orb\n|upkeep\n|turn|8\n|inactive|stewiegriffingoat has 120 seconds left.\n|\n|t:|1698721417\n|move|p1a: Weather War|Chilling Water|p2b: Dusclops\n|-damage|p2b: Dusclops|86\/100\n|-unboost|p2b: Dusclops|atk|1\n|move|p1b: Harmacy|Weather Ball|p2a: Ursaluna\n|-supereffective|p2a: Ursaluna\n|-damage|p2a: Ursaluna|0 fnt\n|faint|p2a: Ursaluna\n|move|p2b: Dusclops|Trick Room|p2b: Dusclops\n|-fieldstart|move: Trick Room|[of] p2b: Dusclops\n|\n|-weather|RainDance|[upkeep]\n|-heal|p1b: Harmacy|77\/100|[from] item: Leftovers\n|-fieldend|move: Psychic Terrain\n|upkeep\n|inactive|stewiegriffingoat has 120 seconds left.\n|\n|t:|1698721425\n|switch|p2a: Armarouge|Armarouge, M|100\/100\n|turn|9\n|\n|t:|1698721435\n|switch|p1a: ThcrThnSnkr|Tyranitar, F|100\/100 slp\n|-weather|Sandstorm|[from] ability: Sand Stream|[of] p1a: ThcrThnSnkr\n|move|p2b: Dusclops|Hex|p1a: ThcrThnSnkr\n|-resisted|p1a: ThcrThnSnkr\n|-damage|p1a: ThcrThnSnkr|96\/100 slp\n|move|p2a: Armarouge|Expanding Force|p1b: Harmacy\n|-crit|p1b: Harmacy\n|-damage|p1b: Harmacy|30\/100\n|move|p1b: Harmacy|Wish|p1b: Harmacy\n|\n|-weather|Sandstorm|[upkeep]\n|-damage|p2b: Dusclops|80\/100|[from] Sandstorm\n|-damage|p2a: Armarouge|94\/100|[from] Sandstorm\n|-damage|p1b: Harmacy|24\/100|[from] Sandstorm\n|-heal|p1b: Harmacy|30\/100|[from] item: Leftovers\n|upkeep\n|turn|10\n|\n|t:|1698721459\n|switch|p1b: Weather War|Pelipper, F|18\/100\n|-weather|RainDance|[from] ability: Drizzle|[of] p1b: Weather War\n|move|p2b: Dusclops|Hex|p1b: Weather War\n|-damage|p1b: Weather War|0 fnt\n|faint|p1b: Weather War\n|move|p2a: Armarouge|Aura Sphere|p1a: ThcrThnSnkr\n|-supereffective|p1a: ThcrThnSnkr\n|-damage|p1a: ThcrThnSnkr|40\/100 slp\n|cant|p1a: ThcrThnSnkr|slp\n|\n|-weather|RainDance|[upkeep]\n|upkeep\n|\n|t:|1698721469\n|switch|p1b: OTLHPM|Toxicroak, M|100\/100\n|turn|11\n|\n|t:|1698721478\n|switch|p1a: Extra Spicy|Garchomp, M|100\/100\n|-terastallize|p1b: OTLHPM|Dark\n|move|p2b: Dusclops|Will-O-Wisp|p1b: OTLHPM\n|-status|p1b: OTLHPM|brn\n|move|p2a: Armarouge|Aura Sphere|p1a: Extra Spicy\n|-damage|p1a: Extra Spicy|74\/100\n|move|p1b: OTLHPM|Poison Jab|p2a: Armarouge\n|-damage|p2a: Armarouge|77\/100\n|\n|-weather|RainDance|[upkeep]\n|-damage|p1b: OTLHPM|88\/100 brn|[from] item: Black Sludge\n|-damage|p1b: OTLHPM|82\/100 brn|[from] brn\n|upkeep\n|turn|12\n|\n|t:|1698721502\n|switch|p1b: Harmacy|Vaporeon, F|30\/100\n|switch|p1a: Cold Shoulder|Abomasnow, M, shiny|58\/100\n|-weather|Snow|[from] ability: Snow Warning|[of] p1a: Cold Shoulder\n|move|p2b: Dusclops|Will-O-Wisp|p1a: Cold Shoulder\n|-status|p1a: Cold Shoulder|brn\n|move|p2a: Armarouge|Armor Cannon|p1a: Cold Shoulder\n|-supereffective|p1a: Cold Shoulder\n|-damage|p1a: Cold Shoulder|0 fnt\n|-unboost|p2a: Armarouge|def|1\n|-unboost|p2a: Armarouge|spd|1\n|faint|p1a: Cold Shoulder\n|\n|-weather|Snow|[upkeep]\n|-heal|p1b: Harmacy|36\/100|[from] item: Leftovers\n|-fieldend|move: Trick Room\n|upkeep\n|\n|t:|1698721507\n|switch|p1a: ThcrThnSnkr|Tyranitar, F|40\/100 slp\n|-weather|Sandstorm|[from] ability: Sand Stream|[of] p1a: ThcrThnSnkr\n|turn|13\n|\n|t:|1698721519\n|move|p2a: Armarouge|Protect|p2a: Armarouge\n|-singleturn|p2a: Armarouge|Protect\n|cant|p1a: ThcrThnSnkr|slp\n|move|p1b: Harmacy|Weather Ball|p2a: Armarouge\n|-activate|p2a: Armarouge|move: Protect\n|move|p2b: Dusclops|Trick Room|p2b: Dusclops\n|-fieldstart|move: Trick Room|[of] p2b: Dusclops\n|\n|-weather|Sandstorm|[upkeep]\n|-damage|p2b: Dusclops|74\/100|[from] Sandstorm\n|-damage|p2a: Armarouge|71\/100|[from] Sandstorm\n|-damage|p1b: Harmacy|30\/100|[from] Sandstorm\n|-heal|p1b: Harmacy|36\/100|[from] item: Leftovers\n|upkeep\n|turn|14\n|\n|t:|1698721537\n|switch|p2a: Amoonguss|Amoonguss, F|58\/100\n|move|p2b: Dusclops|Will-O-Wisp|p1b: Harmacy\n|-status|p1b: Harmacy|brn\n|move|p1b: Harmacy|Weather Ball|p2a: Amoonguss\n|-damage|p2a: Amoonguss|37\/100\n|cant|p1a: ThcrThnSnkr|slp\n|\n|-weather|Sandstorm|[upkeep]\n|-damage|p2b: Dusclops|68\/100|[from] Sandstorm\n|-damage|p2a: Amoonguss|30\/100|[from] Sandstorm\n|-damage|p1b: Harmacy|30\/100 brn|[from] Sandstorm\n|-heal|p1b: Harmacy|36\/100 brn|[from] item: Leftovers\n|-damage|p1b: Harmacy|30\/100 brn|[from] brn\n|upkeep\n|turn|15\n|\n|t:|1698721553\n|switch|p2a: Armarouge|Armarouge, M|71\/100\n|switch|p1b: OTLHPM|Toxicroak, M, tera:Dark|82\/100 brn\n|move|p2b: Dusclops|Hex|p1b: OTLHPM\n|-resisted|p1b: OTLHPM\n|-damage|p1b: OTLHPM|65\/100 brn\n|-curestatus|p1a: ThcrThnSnkr|slp|[msg]\n|move|p1a: ThcrThnSnkr|Knock Off|p2b: Dusclops\n|-supereffective|p2b: Dusclops\n|-damage|p2b: Dusclops|22\/100\n|-enditem|p2b: Dusclops|Eviolite|[from] move: Knock Off|[of] p1a: ThcrThnSnkr\n|\n|-weather|Sandstorm|[upkeep]\n|-damage|p2b: Dusclops|16\/100|[from] Sandstorm\n|-damage|p2a: Armarouge|64\/100|[from] Sandstorm\n|-damage|p1b: OTLHPM|59\/100 brn|[from] Sandstorm\n|-damage|p1b: OTLHPM|47\/100 brn|[from] item: Black Sludge\n|-damage|p1b: OTLHPM|41\/100 brn|[from] brn\n|upkeep\n|turn|16\n|c|\u2606stewiegriffingoat|Fast\n|\n|t:|1698721576\n|switch|p1a: Harmacy|Vaporeon, F|30\/100 brn\n|move|p2b: Dusclops|Hex|p1b: OTLHPM\n|-resisted|p1b: OTLHPM\n|-damage|p1b: OTLHPM|23\/100 brn\n|move|p2a: Armarouge|Aura Sphere|p1a: Harmacy\n|-damage|p1a: Harmacy|7\/100 brn\n|move|p1b: OTLHPM|Earthquake|p2b: Dusclops|[spread] p1a,p2a,p2b\n|-supereffective|p2a: Armarouge\n|-damage|p1a: Harmacy|0 fnt\n|-damage|p2a: Armarouge|41\/100\n|-damage|p2b: Dusclops|7\/100\n|-enditem|p2a: Armarouge|Weakness Policy\n|-boost|p2a: Armarouge|atk|2|[from] item: Weakness Policy\n|-boost|p2a: Armarouge|spa|2|[from] item: Weakness Policy\n|faint|p1a: Harmacy\n|\n|-weather|Sandstorm|[upkeep]\n|-damage|p2b: Dusclops|1\/100|[from] Sandstorm\n|-damage|p2a: Armarouge|35\/100|[from] Sandstorm\n|-damage|p1b: OTLHPM|17\/100 brn|[from] Sandstorm\n|-damage|p1b: OTLHPM|5\/100 brn|[from] item: Black Sludge\n|-damage|p1b: OTLHPM|0 fnt|[from] brn\n|faint|p1b: OTLHPM\n|upkeep\n|\n|t:|1698721586\n|switch|p1a: Extra Spicy|Garchomp, M|74\/100\n|switch|p1b: ThcrThnSnkr|Tyranitar, F|40\/100\n|turn|17\n|\n|t:|1698721609\n|move|p2b: Dusclops|Pain Split|p1b: ThcrThnSnkr\n|-sethp|p1b: ThcrThnSnkr|20\/100|[from] move: Pain Split|[silent]\n|-sethp|p2b: Dusclops|26\/100|[from] move: Pain Split\n|move|p2a: Armarouge|Armor Cannon|p1a: Extra Spicy\n|-resisted|p1a: Extra Spicy\n|-damage|p1a: Extra Spicy|7\/100\n|-unboost|p2a: Armarouge|def|1\n|-unboost|p2a: Armarouge|spd|1\n|move|p1b: ThcrThnSnkr|Rock Slide|p2a: Armarouge|[spread] p2a,p2b\n|-supereffective|p2a: Armarouge\n|-damage|p2a: Armarouge|0 fnt\n|-damage|p2b: Dusclops|6\/100\n|faint|p2a: Armarouge\n|move|p1a: Extra Spicy|Liquidation|p2b: Dusclops\n|-damage|p2b: Dusclops|0 fnt\n|faint|p2b: Dusclops\n|\n|-weather|none\n|-fieldend|move: Trick Room\n|upkeep\n|\n|t:|1698721616\n|switch|p2b: Amoonguss|Amoonguss, F|64\/100\n|turn|18\n|\n|t:|1698721623\n|move|p1a: Extra Spicy|Poison Jab|p2b: Amoonguss\n|-damage|p2b: Amoonguss|43\/100\n|move|p1b: ThcrThnSnkr|Rock Slide|p2b: Amoonguss\n|-damage|p2b: Amoonguss|17\/100\n|cant|p2b: Amoonguss|flinch\n|\n|upkeep\n|turn|19\n|\n|t:|1698721632\n|move|p1a: Extra Spicy|Poison Jab|p2b: Amoonguss\n|-damage|p2b: Amoonguss|0 fnt\n|faint|p2b: Amoonguss\n|\n|win|mikeyuwu\n|raw|mikeyuwu's rating: 1312 &rarr; <strong>1330<\/strong><br \/>(+18 for winning)\n|raw|stewiegriffingoat's rating: 1283 &rarr; <strong>1260<\/strong><br \/>(-23 for losing)\n|l|\u2606stewiegriffingoat\n","uploadtime":1698721693,"views":26,"p1id":"mikeyuwu","p2id":"stewiegriffingoat","formatid":"gen9doublesou","rating":1260,"private":0,"password":""}