{"id":"gen9doublesou-1969548754","p1":"ZileanMaster","p2":"Daskhiel02","format":"[Gen 9] Doubles OU","log":"|j|\u2606ZileanMaster\n|j|\u2606Daskhiel02\n|t:|1697546030\n|gametype|doubles\n|player|p1|ZileanMaster|cynthia|1388\n|player|p2|Daskhiel02|102|1405\n|teamsize|p1|6\n|teamsize|p2|6\n|gen|9\n|tier|[Gen 9] Doubles OU\n|rated|\n|rule|Species Clause: Limit one of each Pok\u00e9mon\n|rule|OHKO Clause: OHKO moves are banned\n|rule|Evasion Moves Clause: Evasion moves are banned\n|rule|Gravity Sleep Clause: The combination of sleep-inducing moves with imperfect accuracy and Gravity or Gigantamax Orbeetle are banned\n|rule|Endless Battle Clause: Forcing endless battles is banned\n|rule|HP Percentage Mod: HP is shown in percentages\n|clearpoke\n|poke|p1|Weezing, F|\n|poke|p1|Great Tusk|\n|poke|p1|Amoonguss, F|\n|poke|p1|Flutter Mane|\n|poke|p1|Ogerpon-Hearthflame, F|\n|poke|p1|Iron Bundle|\n|poke|p2|Lycanroc-Midnight, F|\n|poke|p2|Indeedee-F, F|\n|poke|p2|Ribombee, F|\n|poke|p2|Sinistcha|\n|poke|p2|Kommo-o, M|\n|poke|p2|Tauros-Paldea-Aqua, M|\n|teampreview\n|\n|t:|1697546069\n|start\n|switch|p1a: Weezing|Weezing, F|100\/100\n|switch|p1b: Great Tusk|Great Tusk|100\/100\n|switch|p2a: Ribombee|Ribombee, F|100\/100\n|switch|p2b: Tauros|Tauros-Paldea-Aqua, M|100\/100\n|-ability|p1a: Weezing|Neutralizing Gas\n|turn|1\n|inactive|Battle timer is ON: inactive players will automatically lose when time's up. (requested by ZileanMaster)\n|\n|t:|1697546089\n|move|p2a: Ribombee|Sticky Web|p1a: Weezing\n|-sidestart|p1: ZileanMaster|move: Sticky Web\n|move|p2b: Tauros|Raging Bull|p1b: Great Tusk\n|-supereffective|p1b: Great Tusk\n|-damage|p1b: Great Tusk|23\/100\n|-damage|p2b: Tauros|91\/100|[from] item: Life Orb\n|move|p1b: Great Tusk|Headlong Rush|p2b: Tauros\n|-damage|p2b: Tauros|16\/100\n|-unboost|p1b: Great Tusk|def|1\n|-unboost|p1b: Great Tusk|spd|1\n|move|p1a: Weezing|Sludge Bomb|p2a: Ribombee\n|-supereffective|p2a: Ribombee\n|-damage|p2a: Ribombee|10\/100\n|\n|upkeep\n|turn|2\n|\n|t:|1697546109\n|switch|p2b: Indeedee|Indeedee-F, F|100\/100\n|move|p2a: Ribombee|Dazzling Gleam|p1b: Great Tusk|[spread] p1a,p1b\n|-resisted|p1a: Weezing\n|-supereffective|p1b: Great Tusk\n|-damage|p1a: Weezing|87\/100\n|-damage|p1b: Great Tusk|0 fnt\n|faint|p1b: Great Tusk\n|-end|p1b: Great Tusk|Protosynthesis|[silent]\n|move|p1a: Weezing|Sludge Bomb|p2a: Ribombee\n|-supereffective|p2a: Ribombee\n|-damage|p2a: Ribombee|0 fnt\n|faint|p2a: Ribombee\n|\n|-heal|p1a: Weezing|93\/100|[from] item: Black Sludge\n|upkeep\n|\n|t:|1697546129\n|switch|p2a: Lycanroc|Lycanroc-Midnight, F|100\/100\n|switch|p1b: Amoonguss|Amoonguss, F|100\/100\n|-activate|p1b: Amoonguss|move: Sticky Web\n|-unboost|p1b: Amoonguss|spe|1\n|turn|3\n|\n|t:|1697546139\n|move|p1b: Amoonguss|Rage Powder|p1b: Amoonguss\n|-singleturn|p1b: Amoonguss|move: Rage Powder\n|move|p2a: Lycanroc|Stone Edge|p1b: Amoonguss\n|-crit|p1b: Amoonguss\n|-damage|p1b: Amoonguss|0 fnt\n|faint|p1b: Amoonguss\n|move|p2b: Indeedee|Psychic|p1a: Weezing\n|-supereffective|p1a: Weezing\n|-damage|p1a: Weezing|29\/100\n|move|p1a: Weezing|Will-O-Wisp|p2a: Lycanroc\n|-status|p2a: Lycanroc|brn\n|\n|-heal|p1a: Weezing|34\/100|[from] item: Black Sludge\n|-damage|p2a: Lycanroc|94\/100 brn|[from] brn\n|upkeep\n|\n|t:|1697546156\n|switch|p1b: Ogerpon|Ogerpon-Hearthflame, F|100\/100\n|-activate|p1b: Ogerpon|move: Sticky Web\n|-unboost|p1b: Ogerpon|spe|1\n|turn|4\n|\n|t:|1697546166\n|move|p2a: Lycanroc|Stone Edge|p1b: Ogerpon\n|-supereffective|p1b: Ogerpon\n|-damage|p1b: Ogerpon|10\/100\n|move|p1b: Ogerpon|Swords Dance|p1b: Ogerpon\n|-boost|p1b: Ogerpon|atk|2\n|move|p2b: Indeedee|Psychic|p1a: Weezing\n|-supereffective|p1a: Weezing\n|-damage|p1a: Weezing|0 fnt\n|faint|p1a: Weezing\n|-end|p1a: Weezing|ability: Neutralizing Gas\n|-ability|p1b: Ogerpon|Mold Breaker\n|-fieldstart|move: Psychic Terrain|[from] ability: Psychic Surge|[of] p2b: Indeedee\n|\n|-damage|p2a: Lycanroc|88\/100 brn|[from] brn\n|upkeep\n|\n|t:|1697546180\n|switch|p1a: Iron Bundle|Iron Bundle|100\/100\n|-activate|p1a: Iron Bundle|move: Sticky Web\n|-unboost|p1a: Iron Bundle|spe|1\n|-enditem|p1a: Iron Bundle|Booster Energy\n|-activate|p1a: Iron Bundle|ability: Quark Drive|[fromitem]\n|-start|p1a: Iron Bundle|quarkdrivespa\n|turn|5\n|\n|t:|1697546190\n|move|p1b: Ogerpon|Spiky Shield|p1b: Ogerpon\n|-singleturn|p1b: Ogerpon|move: Protect\n|move|p2b: Indeedee|Follow Me|p2b: Indeedee\n|-singleturn|p2b: Indeedee|move: Follow Me\n|move|p2a: Lycanroc|Stone Edge|p1b: Ogerpon\n|-activate|p1b: Ogerpon|move: Protect\n|move|p1a: Iron Bundle|Icy Wind|p2a: Lycanroc|[spread] p2a,p2b\n|-damage|p2a: Lycanroc|49\/100 brn\n|-damage|p2b: Indeedee|73\/100\n|-unboost|p2a: Lycanroc|spe|1\n|-unboost|p2b: Indeedee|spe|1\n|\n|-damage|p2a: Lycanroc|43\/100 brn|[from] brn\n|upkeep\n|turn|6\n|\n|t:|1697546211\n|move|p2b: Indeedee|Follow Me|p2b: Indeedee\n|-singleturn|p2b: Indeedee|move: Follow Me\n|move|p1a: Iron Bundle|Freeze-Dry|p2b: Indeedee\n|-damage|p2b: Indeedee|29\/100\n|-enditem|p2b: Indeedee|Sitrus Berry|[eat]\n|-heal|p2b: Indeedee|54\/100|[from] item: Sitrus Berry\n|move|p1b: Ogerpon|Horn Leech|p2b: Indeedee\n|-damage|p2b: Indeedee|0 fnt\n|-heal|p1b: Ogerpon|40\/100|[from] drain|[of] p2b: Indeedee\n|faint|p2b: Indeedee\n|move|p2a: Lycanroc|Stone Edge|p1b: Ogerpon\n|-supereffective|p1b: Ogerpon\n|-damage|p1b: Ogerpon|0 fnt\n|faint|p1b: Ogerpon\n|\n|-damage|p2a: Lycanroc|37\/100 brn|[from] brn\n|upkeep\n|\n|t:|1697546229\n|switch|p1b: Flutter Mane|Flutter Mane|100\/100\n|switch|p2b: Tauros|Tauros-Paldea-Aqua, M|16\/100\n|-activate|p1b: Flutter Mane|move: Sticky Web\n|-unboost|p1b: Flutter Mane|spe|1\n|-ability|p2b: Tauros|Intimidate|boost\n|-unboost|p1a: Iron Bundle|atk|1\n|-unboost|p1b: Flutter Mane|atk|1\n|-enditem|p1b: Flutter Mane|Booster Energy\n|-activate|p1b: Flutter Mane|ability: Protosynthesis|[fromitem]\n|-start|p1b: Flutter Mane|protosynthesisspa\n|turn|7\n|inactive|ZileanMaster has 120 seconds left.\n|\n|t:|1697546262\n|move|p2b: Tauros|Iron Head|p1b: Flutter Mane\n|-supereffective|p1b: Flutter Mane\n|-damage|p1b: Flutter Mane|0 fnt\n|faint|p1b: Flutter Mane\n|-end|p1b: Flutter Mane|Protosynthesis|[silent]\n|-damage|p2b: Tauros|6\/100|[from] item: Life Orb\n|move|p1a: Iron Bundle|Hydro Pump|p2a: Lycanroc\n|-supereffective|p2a: Lycanroc\n|-damage|p2a: Lycanroc|0 fnt\n|faint|p2a: Lycanroc\n|\n|upkeep\n|inactive|Daskhiel02 has 120 seconds left.\n|\n|t:|1697546272\n|switch|p2a: Kommo-o|Kommo-o, M|100\/100\n|turn|8\n|\n|t:|1697546282\n|-terastallize|p2a: Kommo-o|Steel\n|-terastallize|p1a: Iron Bundle|Ghost\n|move|p2b: Tauros|Close Combat|p1a: Iron Bundle\n|-immune|p1a: Iron Bundle\n|move|p2a: Kommo-o|Clangorous Soul|p2a: Kommo-o\n|-boost|p2a: Kommo-o|atk|1\n|-boost|p2a: Kommo-o|def|1\n|-boost|p2a: Kommo-o|spa|1\n|-boost|p2a: Kommo-o|spd|1\n|-boost|p2a: Kommo-o|spe|1\n|-damage|p2a: Kommo-o|68\/100\n|-enditem|p2a: Kommo-o|Throat Spray\n|-boost|p2a: Kommo-o|spa|1|[from] item: Throat Spray\n|move|p1a: Iron Bundle|Icy Wind|p2b: Tauros|[spread] p2a,p2b\n|-resisted|p2a: Kommo-o\n|-resisted|p2b: Tauros\n|-crit|p2b: Tauros\n|-damage|p2a: Kommo-o|59\/100\n|-damage|p2b: Tauros|0 fnt\n|-unboost|p2a: Kommo-o|spe|1\n|faint|p2b: Tauros\n|\n|-fieldend|move: Psychic Terrain\n|upkeep\n|\n|t:|1697546296\n|switch|p2b: Sinistcha|Sinistcha|100\/100\n|-heal|p2a: Kommo-o|84\/100|[from] ability: Hospitality|[of] p2b: Sinistcha\n|turn|9\n|\n|t:|1697546304\n|move|p2a: Kommo-o|Clanging Scales|p1a: Iron Bundle\n|-damage|p1a: Iron Bundle|0 fnt\n|faint|p1a: Iron Bundle\n|-end|p1a: Iron Bundle|Quark Drive|[silent]\n|\n|win|Daskhiel02\n|raw|ZileanMaster's rating: 1388 &rarr; <strong>1369<\/strong><br \/>(-19 for losing)\n|raw|Daskhiel02's rating: 1405 &rarr; <strong>1424<\/strong><br \/>(+19 for winning)\n|c|\u2606Daskhiel02|gg!\n|l|\u2606ZileanMaster\n","uploadtime":1697546333,"views":13,"p1id":"zileanmaster","p2id":"daskhiel02","formatid":"gen9doublesou","rating":1369,"private":0,"password":""}