{"id":"gen9doublesou-2000671893","p1":"NegativeHolo","p2":"Schister","format":"[Gen 9] Doubles OU","log":"|j|\u2606NegativeHolo\n|j|\u2606Schister\n|inactive|Battle timer is ON: inactive players will automatically lose when time's up.\n|t:|1701217067\n|gametype|doubles\n|player|p1|NegativeHolo|steven|\n|player|p2|Schister|clair|\n|teamsize|p1|6\n|teamsize|p2|6\n|gen|9\n|tier|[Gen 9] Doubles OU\n|rated|Tournament battle\n|rule|Species Clause: Limit one of each Pok\u00e9mon\n|rule|OHKO Clause: OHKO moves are banned\n|rule|Evasion Moves Clause: Evasion moves are banned\n|rule|Gravity Sleep Clause: The combination of sleep-inducing moves with imperfect accuracy and Gravity or Gigantamax Orbeetle are banned\n|rule|Endless Battle Clause: Forcing endless battles is banned\n|rule|HP Percentage Mod: HP is shown in percentages\n|clearpoke\n|poke|p1|Murkrow, M|\n|poke|p1|Flutter Mane|\n|poke|p1|Chi-Yu|\n|poke|p1|Ogerpon-Hearthflame, F|\n|poke|p1|Rillaboom, M|\n|poke|p1|Sneasler, M|\n|poke|p2|Tyranitar, M|\n|poke|p2|Ogerpon-Cornerstone, F|\n|poke|p2|Garganacl, F|\n|poke|p2|Arcanine-Hisui, F|\n|poke|p2|Diancie|\n|poke|p2|Glimmora, F|\n|teampreview\n|inactive|Schister also wants the timer to be on.\n|c|\u2606NegativeHolo|gl hf\n|c|\u2606Schister|glhf\n|\n|t:|1701217085\n|start\n|switch|p1a: Baby Corleone|Murkrow, M|100\/100\n|switch|p1b: Red claw Sneasi|Sneasler, M|100\/100\n|switch|p2a: Tyranitar|Tyranitar, M|100\/100\n|switch|p2b: Garganacl|Garganacl, F|100\/100\n|-weather|Sandstorm|[from] ability: Sand Stream|[of] p2a: Tyranitar\n|turn|1\n|c|\u2606NegativeHolo|thxs\n|\n|t:|1701217103\n|-terastallize|p2a: Tyranitar|Psychic\n|move|p1b: Red claw Sneasi|Close Combat|p2a: Tyranitar\n|-resisted|p2a: Tyranitar\n|-damage|p2a: Tyranitar|73\/100\n|-unboost|p1b: Red claw Sneasi|def|1\n|-unboost|p1b: Red claw Sneasi|spd|1\n|move|p1a: Baby Corleone|Night Shade|p2a: Tyranitar\n|-damage|p2a: Tyranitar|48\/100\n|move|p2a: Tyranitar|Tera Blast|p1b: Red claw Sneasi|[anim] Tera Blast Psychic\n|-supereffective|p1b: Red claw Sneasi\n|-damage|p1b: Red claw Sneasi|0 fnt\n|faint|p1b: Red claw Sneasi\n|move|p2b: Garganacl|Salt Cure|p1a: Baby Corleone\n|-supereffective|p1a: Baby Corleone\n|-damage|p1a: Baby Corleone|60\/100\n|-start|p1a: Baby Corleone|Salt Cure\n|\n|-weather|Sandstorm|[upkeep]\n|-damage|p1a: Baby Corleone|54\/100|[from] Sandstorm\n|-damage|p2a: Tyranitar|42\/100|[from] Sandstorm\n|-damage|p1a: Baby Corleone|41\/100|[from] Salt Cure\n|upkeep\n|j| trappinmywayback2u\n|j| its-sam87\n|inactive|NegativeHolo has 120 seconds left.\n|\n|t:|1701217125\n|switch|p1b: Bonnie Taylor|Flutter Mane|100\/100\n|-enditem|p1b: Bonnie Taylor|Booster Energy\n|-activate|p1b: Bonnie Taylor|ability: Protosynthesis|[fromitem]\n|-start|p1b: Bonnie Taylor|protosynthesisspa\n|turn|2\n|\n|t:|1701217135\n|move|p1b: Bonnie Taylor|Shadow Ball|p2a: Tyranitar\n|-supereffective|p2a: Tyranitar\n|-damage|p2a: Tyranitar|0 fnt\n|faint|p2a: Tyranitar\n|move|p1a: Baby Corleone|Night Shade|p2b: Garganacl\n|-damage|p2b: Garganacl|75\/100\n|move|p2b: Garganacl|Stealth Rock|p1b: Bonnie Taylor\n|-sidestart|p1: NegativeHolo|move: Stealth Rock\n|\n|-weather|Sandstorm|[upkeep]\n|-damage|p1b: Bonnie Taylor|95\/100|[from] Sandstorm\n|-damage|p1a: Baby Corleone|35\/100|[from] Sandstorm\n|-heal|p2b: Garganacl|82\/100|[from] item: Leftovers\n|-damage|p1a: Baby Corleone|23\/100|[from] Salt Cure\n|upkeep\n|\n|t:|1701217144\n|switch|p2a: Diancie|Diancie|100\/100\n|turn|3\n|\n|t:|1701217155\n|move|p1a: Baby Corleone|Taunt|p2a: Diancie\n|-start|p2a: Diancie|move: Taunt\n|move|p1b: Bonnie Taylor|Shadow Ball|p2b: Garganacl\n|-damage|p2b: Garganacl|64\/100\n|-unboost|p2b: Garganacl|spd|1\n|move|p2a: Diancie|Diamond Storm|p1a: Baby Corleone|[spread] p1a,p1b\n|-supereffective|p1a: Baby Corleone\n|-damage|p1a: Baby Corleone|0 fnt\n|-damage|p1b: Bonnie Taylor|28\/100\n|-boost|p2a: Diancie|def|2\n|faint|p1a: Baby Corleone\n|move|p2b: Garganacl|Salt Cure|p1b: Bonnie Taylor\n|-damage|p1b: Bonnie Taylor|0 fnt\n|faint|p1b: Bonnie Taylor\n|-end|p1b: Bonnie Taylor|Protosynthesis|[silent]\n|\n|-weather|Sandstorm|[upkeep]\n|-heal|p2b: Garganacl|71\/100|[from] item: Leftovers\n|upkeep\n|\n|t:|1701217179\n|switch|p1b: Drum Boy|Rillaboom, M|100\/100\n|switch|p1a: Kozuki Sakuyaki|Ogerpon-Hearthflame, F|100\/100\n|-damage|p1a: Kozuki Sakuyaki|76\/100|[from] Stealth Rock\n|-ability|p1a: Kozuki Sakuyaki|Mold Breaker\n|-damage|p1b: Drum Boy|88\/100|[from] Stealth Rock\n|-fieldstart|move: Grassy Terrain|[from] ability: Grassy Surge|[of] p1b: Drum Boy\n|turn|4\n|\n|t:|1701217195\n|switch|p2b: Arcanine|Arcanine-Hisui, F|100\/100\n|-ability|p2b: Arcanine|Intimidate|boost\n|-unboost|p1a: Kozuki Sakuyaki|atk|1\n|-unboost|p1b: Drum Boy|atk|1\n|-terastallize|p1a: Kozuki Sakuyaki|Fire\n|detailschange|p1a: Kozuki Sakuyaki|Ogerpon-Hearthflame-Tera, F, tera:Fire\n|-ability|p1a: Kozuki Sakuyaki|Embody Aspect (Hearthflame)|boost\n|-boost|p1a: Kozuki Sakuyaki|atk|1\n|move|p1a: Kozuki Sakuyaki|Horn Leech|p2a: Diancie\n|-supereffective|p2a: Diancie\n|-damage|p2a: Diancie|63\/100\n|-heal|p1a: Kozuki Sakuyaki|95\/100|[from] drain|[of] p2a: Diancie\n|move|p1b: Drum Boy|Wood Hammer|p2a: Diancie\n|-supereffective|p2a: Diancie\n|-damage|p2a: Diancie|27\/100\n|-damage|p1b: Drum Boy|78\/100|[from] Recoil\n|move|p2a: Diancie|Diamond Storm|p1a: Kozuki Sakuyaki|[spread] p1a,p1b\n|-supereffective|p1a: Kozuki Sakuyaki\n|-damage|p1a: Kozuki Sakuyaki|22\/100\n|-damage|p1b: Drum Boy|44\/100\n|-boost|p2a: Diancie|def|2\n|\n|-weather|Sandstorm|[upkeep]\n|-damage|p1a: Kozuki Sakuyaki|16\/100|[from] Sandstorm\n|-damage|p1b: Drum Boy|38\/100|[from] Sandstorm\n|-heal|p1a: Kozuki Sakuyaki|22\/100|[from] Grassy Terrain\n|-heal|p1b: Drum Boy|44\/100|[from] Grassy Terrain\n|-heal|p2a: Diancie|33\/100|[from] Grassy Terrain\n|-heal|p2a: Diancie|39\/100|[from] item: Leftovers\n|upkeep\n|turn|5\n|j|+eragon11145\n|inactive|NegativeHolo has 120 seconds left.\n|\n|t:|1701217226\n|move|p1a: Kozuki Sakuyaki|Horn Leech|p2a: Diancie\n|-supereffective|p2a: Diancie\n|-damage|p2a: Diancie|13\/100\n|-heal|p1a: Kozuki Sakuyaki|35\/100|[from] drain|[of] p2a: Diancie\n|move|p2b: Arcanine|Flare Blitz|p1b: Drum Boy\n|-supereffective|p1b: Drum Boy\n|-damage|p1b: Drum Boy|0 fnt\n|faint|p1b: Drum Boy\n|-damage|p2b: Arcanine|88\/100|[from] Recoil\n|move|p2a: Diancie|Body Press|p1a: Kozuki Sakuyaki\n|-damage|p1a: Kozuki Sakuyaki|0 fnt\n|faint|p1a: Kozuki Sakuyaki\n|\n|-weather|none\n|-heal|p2b: Arcanine|94\/100|[from] Grassy Terrain\n|-heal|p2b: Arcanine|99\/100|[from] item: Leftovers\n|-heal|p2a: Diancie|19\/100|[from] Grassy Terrain\n|-heal|p2a: Diancie|25\/100|[from] item: Leftovers\n|-end|p2a: Diancie|move: Taunt\n|upkeep\n|inactive|NegativeHolo has 120 seconds left.\n|\n|t:|1701217245\n|switch|p1a: Styx Feet Under|Chi-Yu|100\/100\n|-damage|p1a: Styx Feet Under|76\/100|[from] Stealth Rock\n|-ability|p1a: Styx Feet Under|Beads of Ruin\n|turn|6\n|\n|t:|1701217253\n|move|p1a: Styx Feet Under|Heat Wave|p2a: Diancie|[spread] \n|-miss|p1a: Styx Feet Under|p2a: Diancie\n|-miss|p1a: Styx Feet Under|p2b: Arcanine\n|move|p2b: Arcanine|Flare Blitz|p1a: Styx Feet Under\n|-resisted|p1a: Styx Feet Under\n|-damage|p1a: Styx Feet Under|35\/100\n|-damage|p2b: Arcanine|92\/100|[from] Recoil\n|move|p2a: Diancie|Diamond Storm|p1a: Styx Feet Under\n|-supereffective|p1a: Styx Feet Under\n|-damage|p1a: Styx Feet Under|0 fnt\n|-boost|p2a: Diancie|def|2\n|faint|p1a: Styx Feet Under\n|\n|win|Schister\n|n|\u2606NegativeHolo|negativeholo\n|n|\u2606Schister|schister\n|n| trappinmywayback2u|trappinmywayback2u\n|n| its-sam87|itssam87\n|n| eragon11145|eragon11145\n|c|\u2606Schister|gg\n|c|\u2606NegativeHolo|gg\n|l|\u2606NegativeHolo\n|l|\u2606Schister\n|l| eragon11145\n|j| bruhschetta\n|j| AIRedzone\n|l| bruhschetta\n|l| its-sam87\n|j| GRAND EMPRESS\n","uploadtime":1701217254,"views":5,"p1id":"negativeholo","p2id":"schister","formatid":"gen9doublesou","rating":0,"private":0,"password":""}