{"id":"gen9doublesou-1974251703","p1":"Fuzzieee","p2":"jeffery_zcj","format":"[Gen 9] Doubles OU","log":"|j|\u2606Fuzzieee\n|j|\u2606jeffery_zcj\n|t:|1698072130\n|gametype|doubles\n|player|p1|Fuzzieee|dawn|1429\n|player|p2|jeffery_zcj|169|1550\n|teamsize|p1|6\n|teamsize|p2|6\n|gen|9\n|tier|[Gen 9] Doubles OU\n|rated|\n|rule|Species Clause: Limit one of each Pok\u00e9mon\n|rule|OHKO Clause: OHKO moves are banned\n|rule|Evasion Moves Clause: Evasion moves are banned\n|rule|Gravity Sleep Clause: The combination of sleep-inducing moves with imperfect accuracy and Gravity or Gigantamax Orbeetle are banned\n|rule|Endless Battle Clause: Forcing endless battles is banned\n|rule|HP Percentage Mod: HP is shown in percentages\n|clearpoke\n|poke|p1|Grimmsnarl, M|\n|poke|p1|Okidogi, M|\n|poke|p1|Wo-Chien|\n|poke|p1|Iron Hands|\n|poke|p1|Ting-Lu|\n|poke|p1|Cresselia, F|\n|poke|p2|Flutter Mane|\n|poke|p2|Indeedee-F, F|\n|poke|p2|Dusclops, M|\n|poke|p2|Kleavor, M|\n|poke|p2|Tornadus, M|\n|poke|p2|Pachirisu, M|\n|teampreview\n|inactive|Battle timer is ON: inactive players will automatically lose when time's up. (requested by Fuzzieee)\n|\n|t:|1698072175\n|start\n|switch|p1a: Wo-Chien|Wo-Chien|100\/100\n|switch|p1b: Grimmsnarl|Grimmsnarl, M, shiny|100\/100\n|switch|p2a: Dusclops|Dusclops, M|100\/100\n|switch|p2b: Kleavor|Kleavor, M|100\/100\n|-ability|p1a: Wo-Chien|Tablets of Ruin\n|-item|p1a: Wo-Chien|Leftovers|[from] ability: Frisk|[of] p2a: Dusclops|[identify]\n|-item|p1b: Grimmsnarl|Light Clay|[from] ability: Frisk|[of] p2a: Dusclops|[identify]\n|turn|1\n|inactive|Fuzzieee has 120 seconds left.\n|inactive|jeffery_zcj has 120 seconds left.\n|\n|t:|1698072228\n|move|p1b: Grimmsnarl|Reflect|p1b: Grimmsnarl\n|-sidestart|p1: Fuzzieee|Reflect\n|move|p2b: Kleavor|Stone Axe|p1b: Grimmsnarl|[miss]\n|-miss|p2b: Kleavor|p1b: Grimmsnarl\n|move|p1a: Wo-Chien|Ruination|p2b: Kleavor\n|-damage|p2b: Kleavor|51\/100\n|move|p2a: Dusclops|Pain Split|p1b: Grimmsnarl\n|-sethp|p1b: Grimmsnarl|86\/100|[from] move: Pain Split|[silent]\n|-sethp|p2a: Dusclops|100\/100|[from] move: Pain Split\n|\n|upkeep\n|turn|2\n|inactive|Fuzzieee has 120 seconds left.\n|\n|t:|1698072260\n|move|p1b: Grimmsnarl|Light Screen|p1b: Grimmsnarl\n|-sidestart|p1: Fuzzieee|move: Light Screen\n|move|p2b: Kleavor|X-Scissor|p1a: Wo-Chien\n|-supereffective|p1a: Wo-Chien\n|-damage|p1a: Wo-Chien|0 fnt\n|faint|p1a: Wo-Chien\n|-damage|p2b: Kleavor|41\/100|[from] item: Life Orb\n|move|p2a: Dusclops|Night Shade|p1b: Grimmsnarl\n|-damage|p1b: Grimmsnarl|61\/100\n|\n|upkeep\n|inactive|Fuzzieee has 90 seconds left.\n|\n|t:|1698072292\n|switch|p1a: Okidogi|Okidogi, M|100\/100\n|turn|3\n|inactive|Fuzzieee has 90 seconds left.\n|\n|t:|1698072313\n|switch|p2b: Indeedee|Indeedee-F, F|100\/100\n|-fieldstart|move: Psychic Terrain|[from] ability: Psychic Surge|[of] p2b: Indeedee\n|-enditem|p2b: Indeedee|Psychic Seed\n|-boost|p2b: Indeedee|spd|1|[from] item: Psychic Seed\n|move|p1a: Okidogi|Drain Punch|p2b: Indeedee\n|-damage|p2b: Indeedee|69\/100\n|move|p1b: Grimmsnarl|Spirit Break|p2a: Dusclops\n|-damage|p2a: Dusclops|85\/100\n|-unboost|p2a: Dusclops|spa|1\n|move|p2a: Dusclops|Pain Split|p1a: Okidogi\n|-sethp|p1a: Okidogi|82\/100|[from] move: Pain Split|[silent]\n|-sethp|p2a: Dusclops|100\/100|[from] move: Pain Split\n|\n|-heal|p1a: Okidogi|88\/100|[from] item: Leftovers\n|upkeep\n|turn|4\n|inactive|Fuzzieee has 90 seconds left.\n|\n|t:|1698072348\n|move|p1b: Grimmsnarl|Parting Shot|p2a: Dusclops\n|-activate|p2a: Dusclops|move: Psychic Terrain\n|move|p1a: Okidogi|Gunk Shot|p2b: Indeedee\n|-damage|p2b: Indeedee|18\/100\n|move|p2b: Indeedee|Psychic|p1a: Okidogi\n|-supereffective|p1a: Okidogi\n|-damage|p1a: Okidogi|6\/100\n|move|p2a: Dusclops|Night Shade|p1b: Grimmsnarl\n|-damage|p1b: Grimmsnarl|36\/100\n|\n|-heal|p1a: Okidogi|12\/100|[from] item: Leftovers\n|upkeep\n|turn|5\n|inactive|Fuzzieee has 90 seconds left.\n|\n|t:|1698072380\n|move|p1a: Okidogi|Protect|p1a: Okidogi\n|-singleturn|p1a: Okidogi|Protect\n|move|p2b: Indeedee|Protect|p2b: Indeedee\n|-singleturn|p2b: Indeedee|Protect\n|move|p1b: Grimmsnarl|Spirit Break|p2b: Indeedee\n|-activate|p2b: Indeedee|move: Protect\n|move|p2a: Dusclops|Night Shade|p1a: Okidogi\n|-activate|p1a: Okidogi|move: Protect\n|\n|-heal|p1a: Okidogi|18\/100|[from] item: Leftovers\n|upkeep\n|turn|6\n|inactive|Fuzzieee has 90 seconds left.\n|inactive|jeffery_zcj has 120 seconds left.\n|inactive|Fuzzieee has 60 seconds left.\n|\n|t:|1698072444\n|switch|p2b: Tornadus|Tornadus, M|100\/100\n|move|p1b: Grimmsnarl|Reflect||[still]\n|-fail|p1b: Grimmsnarl\n|move|p1a: Okidogi|Drain Punch|p2b: Tornadus\n|-resisted|p2b: Tornadus\n|-damage|p2b: Tornadus|76\/100\n|-heal|p1a: Okidogi|28\/100|[from] drain|[of] p2b: Tornadus\n|move|p2a: Dusclops|Night Shade|p1a: Okidogi\n|-damage|p1a: Okidogi|2\/100\n|\n|-heal|p1a: Okidogi|8\/100|[from] item: Leftovers\n|upkeep\n|turn|7\n|inactive|Fuzzieee has 60 seconds left.\n|inactive|jeffery_zcj has 120 seconds left.\n|inactive|Fuzzieee has 30 seconds left.\n|\n|t:|1698072483\n|move|p1a: Okidogi|Protect|p1a: Okidogi\n|-singleturn|p1a: Okidogi|Protect\n|move|p2b: Tornadus|Bleakwind Storm|p1b: Grimmsnarl|[spread] \n|-activate|p1a: Okidogi|move: Protect\n|-miss|p2b: Tornadus|p1b: Grimmsnarl\n|move|p1b: Grimmsnarl|Spirit Break|p2b: Tornadus\n|-damage|p2b: Tornadus|26\/100\n|move|p2a: Dusclops|Night Shade|p1b: Grimmsnarl\n|-damage|p1b: Grimmsnarl|10\/100\n|\n|-heal|p1a: Okidogi|14\/100|[from] item: Leftovers\n|-fieldend|move: Psychic Terrain\n|upkeep\n|turn|8\n|inactive|Fuzzieee has 30 seconds left.\n|inactive|jeffery_zcj has 120 seconds left.\n|inactive|Fuzzieee has 20 seconds left.\n|inactive|Fuzzieee has 15 seconds left.\n|inactive|Fuzzieee has 10 seconds left.\n|\n|t:|1698072529\n|move|p1b: Grimmsnarl|Parting Shot|p2a: Dusclops\n|-unboost|p2a: Dusclops|atk|1\n|-unboost|p2a: Dusclops|spa|1\n|inactive|Fuzzieee has 15 seconds left this turn.\n|inactiveoff|Battle timer is now OFF.\n|\n|t:|1698072536\n|switch|p1b: Ting-Lu|Ting-Lu|100\/100|[from] Parting Shot\n|-ability|p1b: Ting-Lu|Vessel of Ruin\n|move|p2b: Tornadus|Bleakwind Storm|p1b: Ting-Lu|[spread] p1a\n|-miss|p2b: Tornadus|p1b: Ting-Lu\n|-supereffective|p1a: Okidogi\n|-damage|p1a: Okidogi|0 fnt\n|faint|p1a: Okidogi\n|move|p2a: Dusclops|Pain Split|p2b: Tornadus\n|-sethp|p2b: Tornadus|60\/100|[from] move: Pain Split|[silent]\n|-sethp|p2a: Dusclops|64\/100|[from] move: Pain Split\n|\n|-sideend|p1: Fuzzieee|Reflect\n|upkeep\n|\n|t:|1698072549\n|switch|p1a: Grimmsnarl|Grimmsnarl, M, shiny|10\/100\n|turn|9\n|\n|t:|1698072568\n|move|p1a: Grimmsnarl|Reflect|p1a: Grimmsnarl\n|-sidestart|p1: Fuzzieee|Reflect\n|move|p2b: Tornadus|Bleakwind Storm|p1b: Ting-Lu|[spread] p1a\n|-miss|p2b: Tornadus|p1b: Ting-Lu\n|-damage|p1a: Grimmsnarl|0 fnt\n|faint|p1a: Grimmsnarl\n|move|p1b: Ting-Lu|Throat Chop|p2a: Dusclops\n|-supereffective|p2a: Dusclops\n|-damage|p2a: Dusclops|21\/100\n|-start|p2a: Dusclops|Throat Chop|[silent]\n|move|p2a: Dusclops|Pain Split|p1b: Ting-Lu\n|-sethp|p1b: Ting-Lu|57\/100|[from] move: Pain Split|[silent]\n|-sethp|p2a: Dusclops|91\/100|[from] move: Pain Split\n|\n|-sideend|p1: Fuzzieee|move: Light Screen\n|upkeep\n|\n|t:|1698072580\n|switch|p1a: Iron Hands|Iron Hands, shiny|100\/100\n|turn|10\n|\n|t:|1698072590\n|switch|p2b: Indeedee|Indeedee-F, F|18\/100\n|-fieldstart|move: Psychic Terrain|[from] ability: Psychic Surge|[of] p2b: Indeedee\n|-terastallize|p1b: Ting-Lu|Fairy\n|move|p1b: Ting-Lu|Heavy Slam|p2a: Dusclops\n|-damage|p2a: Dusclops|70\/100\n|move|p1a: Iron Hands|Thunder Punch|p2b: Indeedee\n|-damage|p2b: Indeedee|0 fnt\n|faint|p2b: Indeedee\n|move|p2a: Dusclops|Pain Split|p1a: Iron Hands\n|-sethp|p1a: Iron Hands|72\/100|[from] move: Pain Split|[silent]\n|-sethp|p2a: Dusclops|100\/100|[from] move: Pain Split\n|\n|-end|p2a: Dusclops|Throat Chop|[silent]\n|upkeep\n|\n|t:|1698072614\n|switch|p2b: Flutter Mane|Flutter Mane|100\/100\n|-enditem|p2b: Flutter Mane|Booster Energy\n|-activate|p2b: Flutter Mane|ability: Protosynthesis|[fromitem]\n|-start|p2b: Flutter Mane|protosynthesisspa\n|turn|11\n|\n|t:|1698072634\n|move|p2b: Flutter Mane|Protect|p2b: Flutter Mane\n|-singleturn|p2b: Flutter Mane|Protect\n|move|p1a: Iron Hands|Protect|p1a: Iron Hands\n|-singleturn|p1a: Iron Hands|Protect\n|move|p1b: Ting-Lu|Heavy Slam|p2b: Flutter Mane\n|-activate|p2b: Flutter Mane|move: Protect\n|move|p2a: Dusclops|Night Shade|p1b: Ting-Lu\n|-damage|p1b: Ting-Lu|35\/100\n|\n|upkeep\n|turn|12\n|\n|t:|1698072654\n|-terastallize|p2b: Flutter Mane|Fairy\n|move|p1a: Iron Hands|Protect|p1a: Iron Hands\n|-singleturn|p1a: Iron Hands|Protect\n|move|p2b: Flutter Mane|Dazzling Gleam|p1a: Iron Hands|[spread] p1b\n|-activate|p1a: Iron Hands|move: Protect\n|-damage|p1b: Ting-Lu|7\/100\n|move|p1b: Ting-Lu|Heavy Slam|p2b: Flutter Mane\n|-supereffective|p2b: Flutter Mane\n|-damage|p2b: Flutter Mane|0 fnt\n|faint|p2b: Flutter Mane\n|-end|p2b: Flutter Mane|Protosynthesis|[silent]\n|move|p2a: Dusclops|Night Shade|p1b: Ting-Lu\n|-damage|p1b: Ting-Lu|0 fnt\n|faint|p1b: Ting-Lu\n|\n|upkeep\n|\n|t:|1698072675\n|switch|p2b: Pachirisu|Pachirisu, M|100\/100\n|switch|p1b: Cresselia|Cresselia, F, shiny|100\/100\n|turn|13\n|\n|t:|1698072701\n|move|p2b: Pachirisu|Super Fang|p1b: Cresselia\n|-damage|p1b: Cresselia|50\/100\n|move|p1b: Cresselia|Psychic|p2b: Pachirisu\n|-damage|p2b: Pachirisu|70\/100\n|move|p1a: Iron Hands|Belly Drum|p1a: Iron Hands\n|-damage|p1a: Iron Hands|22\/100\n|-setboost|p1a: Iron Hands|atk|6|[from] move: Belly Drum\n|-enditem|p1a: Iron Hands|Sitrus Berry|[eat]\n|-heal|p1a: Iron Hands|47\/100|[from] item: Sitrus Berry\n|move|p2a: Dusclops|Night Shade|p1a: Iron Hands\n|-damage|p1a: Iron Hands|25\/100\n|\n|upkeep\n|turn|14\n|\n|t:|1698072736\n|move|p2b: Pachirisu|Protect|p2b: Pachirisu\n|-singleturn|p2b: Pachirisu|Protect\n|move|p1b: Cresselia|Lunar Blessing|p1b: Cresselia|[spread] p1a,p1b\n|-heal|p1a: Iron Hands|50\/100\n|-heal|p1b: Cresselia|75\/100\n|move|p1a: Iron Hands|Drain Punch|p2b: Pachirisu\n|-activate|p2b: Pachirisu|move: Protect\n|move|p2a: Dusclops|Trick Room|p2a: Dusclops\n|-fieldstart|move: Trick Room|[of] p2a: Dusclops\n|\n|-fieldend|move: Psychic Terrain\n|upkeep\n|turn|15\n|\n|t:|1698072759\n|move|p2a: Dusclops|Night Shade|p1a: Iron Hands\n|-damage|p1a: Iron Hands|28\/100\n|move|p1a: Iron Hands|Thunder Punch|p2a: Dusclops\n|-damage|p2a: Dusclops|12\/100\n|move|p2b: Pachirisu|Super Fang|p1a: Iron Hands\n|-damage|p1a: Iron Hands|14\/100\n|move|p1b: Cresselia|Trick Room|p1b: Cresselia\n|-fieldend|move: Trick Room\n|\n|upkeep\n|turn|16\n|\n|t:|1698072792\n|move|p2b: Pachirisu|Follow Me|p2b: Pachirisu\n|-singleturn|p2b: Pachirisu|move: Follow Me\n|move|p1b: Cresselia|Lunar Blessing|p1b: Cresselia|[spread] p1a,p1b\n|-heal|p1a: Iron Hands|39\/100\n|-heal|p1b: Cresselia|100\/100\n|move|p1a: Iron Hands|Thunder Punch|p2b: Pachirisu\n|-heal|p2b: Pachirisu|95\/100|[from] ability: Volt Absorb|[of] p1a: Iron Hands\n|move|p2a: Dusclops|Night Shade|p1a: Iron Hands\n|-damage|p1a: Iron Hands|17\/100\n|\n|-sideend|p1: Fuzzieee|Reflect\n|upkeep\n|turn|17\n|\n|t:|1698072810\n|move|p2b: Pachirisu|Follow Me|p2b: Pachirisu\n|-singleturn|p2b: Pachirisu|move: Follow Me\n|move|p1b: Cresselia|Lunar Blessing|p1b: Cresselia|[spread] p1a,p1b\n|-heal|p1a: Iron Hands|42\/100\n|move|p1a: Iron Hands|Thunder Punch|p2b: Pachirisu\n|-heal|p2b: Pachirisu|100\/100|[from] ability: Volt Absorb|[of] p1a: Iron Hands\n|move|p2a: Dusclops|Pain Split|p1b: Cresselia\n|-sethp|p1b: Cresselia|54\/100|[from] move: Pain Split|[silent]\n|-sethp|p2a: Dusclops|85\/100|[from] move: Pain Split\n|\n|upkeep\n|turn|18\n|\n|t:|1698072834\n|move|p2b: Pachirisu|Super Fang|p1a: Iron Hands\n|-damage|p1a: Iron Hands|21\/100\n|move|p1b: Cresselia|Lunar Blessing|p1b: Cresselia|[spread] p1a,p1b\n|-heal|p1a: Iron Hands|46\/100\n|-heal|p1b: Cresselia|79\/100\n|move|p1a: Iron Hands|Drain Punch|p2b: Pachirisu\n|-crit|p2b: Pachirisu\n|-damage|p2b: Pachirisu|0 fnt\n|-heal|p1a: Iron Hands|82\/100|[from] drain|[of] p2b: Pachirisu\n|faint|p2b: Pachirisu\n|move|p2a: Dusclops|Night Shade|p1a: Iron Hands\n|-damage|p1a: Iron Hands|60\/100\n|\n|upkeep\n|\n|t:|1698072851\n|switch|p2b: Tornadus|Tornadus, M|60\/100\n|turn|19\n|\n|t:|1698072865\n|move|p1b: Cresselia|Ally Switch|p1b: Cresselia\n|swap|p1b: Cresselia|0|[from] move: Ally Switch\n|move|p2b: Tornadus|Taunt|p1b: Iron Hands\n|-start|p1b: Iron Hands|move: Taunt\n|move|p1b: Iron Hands|Thunder Punch|p2b: Tornadus\n|-supereffective|p2b: Tornadus\n|-damage|p2b: Tornadus|0 fnt\n|faint|p2b: Tornadus\n|move|p2a: Dusclops|Pain Split|p1a: Cresselia\n|-sethp|p1a: Cresselia|66\/100|[from] move: Pain Split|[silent]\n|-sethp|p2a: Dusclops|100\/100|[from] move: Pain Split\n|\n|upkeep\n|\n|t:|1698072876\n|switch|p2b: Kleavor|Kleavor, M|41\/100\n|turn|20\n|\n|t:|1698072926\n|move|p2b: Kleavor|X-Scissor|p1b: Iron Hands\n|-resisted|p1b: Iron Hands\n|-damage|p1b: Iron Hands|29\/100\n|-damage|p2b: Kleavor|31\/100|[from] item: Life Orb\n|move|p1a: Cresselia|Lunar Blessing|p1a: Cresselia|[spread] p1a,p1b\n|-heal|p1a: Cresselia|91\/100\n|-heal|p1b: Iron Hands|54\/100\n|move|p1b: Iron Hands|Drain Punch|p2b: Kleavor\n|-damage|p2b: Kleavor|0 fnt\n|-heal|p1b: Iron Hands|64\/100|[from] drain|[of] p2b: Kleavor\n|faint|p2b: Kleavor\n|move|p2a: Dusclops|Night Shade|p1b: Iron Hands\n|-damage|p1b: Iron Hands|42\/100\n|\n|upkeep\n|turn|21\n|-message|jeffery_zcj forfeited.\n|\n|win|Fuzzieee\n|raw|Fuzzieee's rating: 1429 &rarr; <strong>1456<\/strong><br \/>(+27 for winning)\n|raw|jeffery_zcj's rating: 1550 &rarr; <strong>1523<\/strong><br \/>(-27 for losing)\n|l|\u2606jeffery_zcj\n|c|\u2606Fuzzieee|gg\n","uploadtime":1698072953,"views":18,"p1id":"fuzzieee","p2id":"jefferyzcj","formatid":"gen9doublesou","rating":1456,"private":0,"password":""}