{"id":"gen9doublesou-2000028680","p1":"Bithra","p2":"Kuzwa","format":"[Gen 9] Doubles OU","log":"|j|\u2606Bithra\n|j|\u2606Kuzwa\n|t:|1701143147\n|gametype|doubles\n|player|p1|Bithra|rosa|1081\n|player|p2|Kuzwa|pokemonbreeder-gen4|1144\n|teamsize|p1|6\n|teamsize|p2|6\n|gen|9\n|tier|[Gen 9] Doubles OU\n|rated|\n|rule|Species Clause: Limit one of each Pok\u00e9mon\n|rule|OHKO Clause: OHKO moves are banned\n|rule|Evasion Moves Clause: Evasion moves are banned\n|rule|Gravity Sleep Clause: The combination of sleep-inducing moves with imperfect accuracy and Gravity or Gigantamax Orbeetle are banned\n|rule|Endless Battle Clause: Forcing endless battles is banned\n|rule|HP Percentage Mod: HP is shown in percentages\n|clearpoke\n|poke|p1|Landorus-Therian, M|\n|poke|p1|Chien-Pao|\n|poke|p1|Iron Hands|\n|poke|p1|Amoonguss, M|\n|poke|p1|Flutter Mane|\n|poke|p1|Heatran, M|\n|poke|p2|Glimmora, F|\n|poke|p2|Chien-Pao|\n|poke|p2|Iron Bundle|\n|poke|p2|Ogerpon-Wellspring, F|\n|poke|p2|Sableye, M|\n|poke|p2|Cinderace, M|\n|teampreview\n|inactive|Battle timer is ON: inactive players will automatically lose when time's up. (requested by Kuzwa)\n|\n|t:|1701143193\n|start\n|switch|p1a: Landorus|Landorus-Therian, M, shiny|100\/100\n|switch|p1b: Iron Hands|Iron Hands|100\/100\n|switch|p2a: Astro|Sableye, M|100\/100\n|switch|p2b: Tango|Iron Bundle|100\/100\n|-ability|p1a: Landorus|Intimidate|boost\n|-unboost|p2a: Astro|atk|1\n|-unboost|p2b: Tango|atk|1\n|-enditem|p2b: Tango|Booster Energy\n|-activate|p2b: Tango|ability: Quark Drive|[fromitem]\n|-start|p2b: Tango|quarkdrivespa\n|turn|1\n|inactive|Bithra has 120 seconds left.\n|\n|t:|1701143231\n|move|p2b: Tango|Protect|p2b: Tango\n|-singleturn|p2b: Tango|Protect\n|move|p1a: Landorus|Protect|p1a: Landorus\n|-singleturn|p1a: Landorus|Protect\n|move|p2a: Astro|Trick|p1b: Iron Hands\n|-activate|p2a: Astro|move: Trick|[of] p1b: Iron Hands\n|-item|p1b: Iron Hands|Ring Target|[from] move: Trick\n|-item|p2a: Astro|Aguav Berry|[from] move: Trick\n|move|p1b: Iron Hands|Iron Defense|p1b: Iron Hands\n|-boost|p1b: Iron Hands|def|2\n|\n|upkeep\n|turn|2\n|\n|t:|1701143250\n|move|p1b: Iron Hands|Detect|p1b: Iron Hands\n|-singleturn|p1b: Iron Hands|Protect\n|move|p2a: Astro|Gravity|p2a: Astro\n|-fieldstart|move: Gravity\n|move|p2b: Tango|Hydro Pump|p1a: Landorus\n|-supereffective|p1a: Landorus\n|-damage|p1a: Landorus|0 fnt\n|faint|p1a: Landorus\n|\n|upkeep\n|\n|t:|1701143262\n|switch|p1a: Chien-Pao|Chien-Pao|100\/100\n|-ability|p1a: Chien-Pao|Sword of Ruin\n|turn|3\n|inactive|Kuzwa has 120 seconds left.\n|\n|t:|1701143319\n|move|p2a: Astro|Helping Hand|p2b: Tango\n|-singleturn|p2b: Tango|Helping Hand|[of] p2a: Astro\n|move|p2b: Tango|Hydro Pump|p1a: Chien-Pao\n|-enditem|p1a: Chien-Pao|Focus Sash\n|-damage|p1a: Chien-Pao|1\/100\n|move|p1a: Chien-Pao|Sacred Sword|p2b: Tango\n|-supereffective|p2b: Tango\n|-damage|p2b: Tango|2\/100\n|move|p1b: Iron Hands|Thunder Punch|p2a: Astro\n|-damage|p2a: Astro|57\/100\n|\n|upkeep\n|turn|4\n|\n|t:|1701143337\n|move|p2a: Astro|Helping Hand|p2b: Tango\n|-singleturn|p2b: Tango|Helping Hand|[of] p2a: Astro\n|move|p1a: Chien-Pao|Sucker Punch|p2b: Tango\n|-damage|p2b: Tango|0 fnt\n|faint|p2b: Tango\n|-end|p2b: Tango|Quark Drive|[silent]\n|move|p1b: Iron Hands|Thunder Punch|p2a: Astro\n|-damage|p2a: Astro|13\/100\n|-enditem|p2a: Astro|Aguav Berry|[eat]\n|-heal|p2a: Astro|46\/100|[from] item: Aguav Berry\n|\n|upkeep\n|\n|t:|1701143345\n|switch|p2b: Mango|Cinderace, M|100\/100\n|turn|5\n|\n|t:|1701143364\n|move|p1a: Chien-Pao|Sucker Punch||[still]\n|-fail|p1a: Chien-Pao\n|move|p2a: Astro|Skill Swap|p2b: Mango\n|-activate|p2a: Astro|move: Skill Swap|||[of] p2b: Mango\n|move|p2b: Mango|Swords Dance|p2b: Mango\n|-boost|p2b: Mango|atk|2\n|move|p1b: Iron Hands|Thunder Punch|p2a: Astro\n|-damage|p2a: Astro|2\/100\n|\n|upkeep\n|turn|6\n|\n|t:|1701143384\n|move|p2a: Astro|Helping Hand|p2b: Mango\n|-singleturn|p2b: Mango|Helping Hand|[of] p2a: Astro\n|move|p2b: Mango|Pyro Ball|p1a: Chien-Pao\n|-supereffective|p1a: Chien-Pao\n|-damage|p1a: Chien-Pao|0 fnt\n|faint|p1a: Chien-Pao\n|move|p1b: Iron Hands|Thunder Punch|p2a: Astro\n|-damage|p2a: Astro|0 fnt\n|faint|p2a: Astro\n|\n|-fieldend|move: Gravity\n|upkeep\n|inactive|Bithra has 120 seconds left.\n|\n|t:|1701143427\n|switch|p1a: Flutter Mane|Flutter Mane, shiny|100\/100\n|switch|p2a: Eon|Chien-Pao|100\/100\n|-ability|p2a: Eon|Sword of Ruin\n|-enditem|p1a: Flutter Mane|Booster Energy\n|-activate|p1a: Flutter Mane|ability: Protosynthesis|[fromitem]\n|-start|p1a: Flutter Mane|protosynthesisspa\n|turn|7\n|\n|t:|1701143441\n|move|p2a: Eon|Ice Spinner|p1a: Flutter Mane\n|-damage|p1a: Flutter Mane|0 fnt\n|faint|p1a: Flutter Mane\n|-end|p1a: Flutter Mane|Protosynthesis|[silent]\n|move|p2b: Mango|Pyro Ball|p1b: Iron Hands\n|-damage|p1b: Iron Hands|63\/100\n|move|p1b: Iron Hands|Body Press|p2a: Eon\n|-supereffective|p2a: Eon\n|-enditem|p2a: Eon|Focus Sash\n|-damage|p2a: Eon|1\/100\n|\n|upkeep\n|inactive|Bithra has 120 seconds left.\n|\n|t:|1701143454\n|switch|p1a: Heatran|Heatran, M, shiny|100\/100\n|turn|8\n|\n|t:|1701143465\n|move|p2a: Eon|Sacred Sword|p1a: Heatran\n|-supereffective|p1a: Heatran\n|-damage|p1a: Heatran|27\/100\n|move|p2b: Mango|Pyro Ball|p1b: Iron Hands\n|-damage|p1b: Iron Hands|24\/100\n|-status|p1b: Iron Hands|brn\n|move|p1a: Heatran|Ancient Power|p2b: Mango\n|-supereffective|p2b: Mango\n|-damage|p2b: Mango|41\/100\n|-boost|p1a: Heatran|atk|1\n|-boost|p1a: Heatran|def|1\n|-boost|p1a: Heatran|spa|1\n|-boost|p1a: Heatran|spd|1\n|-boost|p1a: Heatran|spe|1\n|move|p1b: Iron Hands|Body Press|p2a: Eon\n|-supereffective|p2a: Eon\n|-damage|p2a: Eon|0 fnt\n|faint|p2a: Eon\n|\n|-damage|p1b: Iron Hands|17\/100 brn|[from] brn\n|upkeep\n|\n|t:|1701143478\n|switch|p2a: Castro|Glimmora, F|100\/100\n|-item|p2a: Castro|Air Balloon\n|turn|9\n|\n|t:|1701143493\n|move|p2b: Mango|Taunt|p1a: Heatran\n|-start|p1a: Heatran|move: Taunt\n|move|p2a: Castro|Power Gem|p1a: Heatran\n|-damage|p1a: Heatran|12\/100\n|move|p1a: Heatran|Ancient Power|p2a: Castro\n|-damage|p2a: Castro|49\/100\n|-enditem|p2a: Castro|Air Balloon\n|move|p1b: Iron Hands|Iron Defense|p1b: Iron Hands\n|-boost|p1b: Iron Hands|def|2\n|\n|-damage|p1b: Iron Hands|11\/100 brn|[from] brn\n|upkeep\n|turn|10\n|\n|t:|1701143513\n|move|p2b: Mango|Swords Dance|p2b: Mango\n|-boost|p2b: Mango|atk|2\n|move|p2a: Castro|Power Gem|p1a: Heatran\n|-damage|p1a: Heatran|0 fnt\n|faint|p1a: Heatran\n|move|p1b: Iron Hands|Body Press|p2b: Mango\n|-damage|p2b: Mango|0 fnt\n|faint|p2b: Mango\n|\n|-damage|p1b: Iron Hands|5\/100 brn|[from] brn\n|upkeep\n|\n|t:|1701143527\n|switch|p2b: Neon|Ogerpon-Wellspring, F|100\/100\n|switch|p1a: Amoonguss|Amoonguss, M|100\/100\n|turn|11\n|inactive|Bithra has 120 seconds left.\n|\n|t:|1701143565\n|-terastallize|p1b: Iron Hands|Grass\n|move|p2b: Neon|Swords Dance|p2b: Neon\n|-boost|p2b: Neon|atk|2\n|move|p2a: Castro|Power Gem|p1b: Iron Hands\n|-damage|p1b: Iron Hands|0 fnt\n|faint|p1b: Iron Hands\n|-end|p1b: Iron Hands|Quark Drive|[silent]\n|move|p1a: Amoonguss|Pollen Puff|p1: Iron Hands|[notarget]\n|-fail|p1a: Amoonguss\n|\n|upkeep\n|turn|12\n|\n|t:|1701143583\n|move|p2b: Neon|Swords Dance|p2b: Neon\n|-boost|p2b: Neon|atk|2\n|move|p2a: Castro|Power Gem|p1a: Amoonguss\n|-damage|p1a: Amoonguss|69\/100\n|move|p1a: Amoonguss|Spore|p2a: Castro\n|-status|p2a: Castro|slp|[from] move: Spore\n|\n|upkeep\n|turn|13\n|\n|t:|1701143597\n|move|p2b: Neon|Ivy Cudgel|p1a: Amoonguss|[anim] Ivy Cudgel Water\n|-resisted|p1a: Amoonguss\n|-damage|p1a: Amoonguss|1\/100\n|-enditem|p1a: Amoonguss|Iapapa Berry|[eat]\n|-heal|p1a: Amoonguss|34\/100|[from] item: Iapapa Berry\n|cant|p2a: Castro|slp\n|move|p1a: Amoonguss|Clear Smog|p2b: Neon\n|-supereffective|p2b: Neon\n|-damage|p2b: Neon|68\/100\n|-clearboost|p2b: Neon\n|\n|upkeep\n|turn|14\n|\n|t:|1701143610\n|move|p2b: Neon|Ivy Cudgel|p1a: Amoonguss|[anim] Ivy Cudgel Water\n|-resisted|p1a: Amoonguss\n|-damage|p1a: Amoonguss|11\/100\n|cant|p2a: Castro|slp\n|move|p1a: Amoonguss|Clear Smog|p2b: Neon\n|-supereffective|p2b: Neon\n|-crit|p2b: Neon\n|-damage|p2b: Neon|17\/100\n|-clearboost|p2b: Neon\n|\n|upkeep\n|turn|15\n|\n|t:|1701143624\n|move|p2b: Neon|Ivy Cudgel|p1a: Amoonguss|[anim] Ivy Cudgel Water\n|-resisted|p1a: Amoonguss\n|-damage|p1a: Amoonguss|0 fnt\n|faint|p1a: Amoonguss\n|\n|win|Kuzwa\n|raw|Bithra's rating: 1081 &rarr; <strong>1063<\/strong><br \/>(-18 for losing)\n|raw|Kuzwa's rating: 1144 &rarr; <strong>1165<\/strong><br \/>(+21 for winning)\n|l|\u2606Bithra\n","uploadtime":1701143628,"views":3,"p1id":"bithra","p2id":"kuzwa","formatid":"gen9doublesou","rating":1063,"private":0,"password":""}