{"id":"gen9doublesou-1995723096","p1":"Veinelso","p2":"Azelf_Rod23","format":"[Gen 9] Doubles OU","log":"|j|\u2606Veinelso\n|j|\u2606Azelf_Rod23\n|inactive|Battle timer is ON: inactive players will automatically lose when time's up.\n|t:|1700597158\n|gametype|doubles\n|player|p1|Veinelso|allister-masters|\n|player|p2|Azelf_Rod23|carmine|\n|teamsize|p1|6\n|teamsize|p2|6\n|gen|9\n|tier|[Gen 9] Doubles OU\n|rated|Tournament battle\n|rule|Species Clause: Limit one of each Pok\u00e9mon\n|rule|OHKO Clause: OHKO moves are banned\n|rule|Evasion Moves Clause: Evasion moves are banned\n|rule|Gravity Sleep Clause: The combination of sleep-inducing moves with imperfect accuracy and Gravity or Gigantamax Orbeetle are banned\n|rule|Endless Battle Clause: Forcing endless battles is banned\n|rule|HP Percentage Mod: HP is shown in percentages\n|clearpoke\n|poke|p1|Flutter Mane|\n|poke|p1|Iron Hands|\n|poke|p1|Tornadus, M|\n|poke|p1|Farigiraf, M|\n|poke|p1|Kingambit, F|\n|poke|p1|Landorus-Therian, M|\n|poke|p2|Indeedee-F, F|\n|poke|p2|Armarouge, M|\n|poke|p2|Hatterene, F|\n|poke|p2|Iron Hands|\n|poke|p2|Ursaluna-Bloodmoon, M|\n|poke|p2|Sinistcha|\n|teampreview\n|j| e63593\n|c|\u2606Azelf_Rod23|esse time do nubkke ta tao bom que fez o nabo63 quitar\n|inactive|Veinelso has 120 seconds left.\n|inactive|Azelf_Rod23 has 120 seconds left.\n|\n|t:|1700597202\n|start\n|switch|p1a: Flutter Mane|Flutter Mane|100\/100\n|switch|p1b: Iron Hands|Iron Hands|100\/100\n|switch|p2a: indeedee-M|Indeedee-F, F, shiny|100\/100\n|switch|p2b: HaryamaLubrificado|Iron Hands|100\/100\n|-fieldstart|move: Psychic Terrain|[from] ability: Psychic Surge|[of] p2a: indeedee-M\n|-enditem|p2a: indeedee-M|Psychic Seed\n|-boost|p2a: indeedee-M|spd|1|[from] item: Psychic Seed\n|-enditem|p1a: Flutter Mane|Booster Energy\n|-activate|p1a: Flutter Mane|ability: Protosynthesis|[fromitem]\n|-start|p1a: Flutter Mane|protosynthesisspe\n|turn|1\n|c|\u2606Azelf_Rod23|~~usa fake out~~\n|\n|t:|1700597230\n|move|p2b: HaryamaLubrificado|Protect|p2b: HaryamaLubrificado\n|-singleturn|p2b: HaryamaLubrificado|Protect\n|move|p1a: Flutter Mane|Moonblast|p2b: HaryamaLubrificado\n|-activate|p2b: HaryamaLubrificado|move: Protect\n|move|p1b: Iron Hands|Close Combat|p2b: HaryamaLubrificado\n|-activate|p2b: HaryamaLubrificado|move: Protect\n|move|p2a: indeedee-M|Trick Room|p2a: indeedee-M\n|-fieldstart|move: Trick Room|[of] p2a: indeedee-M\n|\n|upkeep\n|turn|2\n|inactive|Veinelso has 120 seconds left.\n|inactive|Veinelso has 90 seconds left.\n|\n|t:|1700597301\n|-end|p1b: Iron Hands|Quark Drive|[silent]\n|switch|p1b: Landorus|Landorus-Therian, M|100\/100\n|-ability|p1b: Landorus|Intimidate|boost\n|-unboost|p2a: indeedee-M|atk|1\n|-unboost|p2b: HaryamaLubrificado|atk|1\n|move|p1a: Flutter Mane|Protect|p1a: Flutter Mane\n|-singleturn|p1a: Flutter Mane|Protect\n|move|p2a: indeedee-M|Follow Me|p2a: indeedee-M\n|-singleturn|p2a: indeedee-M|move: Follow Me\n|move|p2b: HaryamaLubrificado|Belly Drum|p2b: HaryamaLubrificado\n|-damage|p2b: HaryamaLubrificado|50\/100\n|-setboost|p2b: HaryamaLubrificado|atk|6|[from] move: Belly Drum\n|-enditem|p2b: HaryamaLubrificado|Sitrus Berry|[eat]\n|-heal|p2b: HaryamaLubrificado|75\/100|[from] item: Sitrus Berry\n|\n|upkeep\n|turn|3\n|j|+PokeChess\n|c|+PokeChess|Veinelso \u00e9 nabo\n|c|+PokeChess|falei\n|c|+PokeChess|to leve\n|inactive|Veinelso has 90 seconds left.\n|inactive|Azelf_Rod23 has 120 seconds left.\n|\n|t:|1700597331\n|move|p2a: indeedee-M|Follow Me|p2a: indeedee-M\n|-singleturn|p2a: indeedee-M|move: Follow Me\n|move|p2b: HaryamaLubrificado|Thunder Punch|p1a: Flutter Mane\n|-damage|p1a: Flutter Mane|0 fnt\n|faint|p1a: Flutter Mane\n|-end|p1a: Flutter Mane|Protosynthesis|[silent]\n|move|p1b: Landorus|Sandsear Storm|p2b: HaryamaLubrificado|[spread] p2b\n|-miss|p1b: Landorus|p2a: indeedee-M\n|-supereffective|p2b: HaryamaLubrificado\n|-damage|p2b: HaryamaLubrificado|16\/100\n|\n|upkeep\n|c|\u2606Veinelso|T\u00f4 fazendo vitamina de abacate enquanto jogo\n|inactive|Veinelso has 90 seconds left.\n|inactive|Veinelso has 60 seconds left.\n|\n|t:|1700597373\n|switch|p1a: Farigiraf|Farigiraf, M|100\/100\n|turn|4\n|c|\u2606Azelf_Rod23|\u00e9 s\u00e9rio? :v\n|c|\u2606Azelf_Rod23|tipo dunada\n|c|\u2606Veinelso|Sim\n|c|\u2606Veinelso|T\u00f4 nem prestando aten\u00e7\u00e3o na battle\n|\n|t:|1700597400\n|switch|p2a: cha de nabo|Sinistcha|100\/100\n|-heal|p2b: HaryamaLubrificado|41\/100|[from] ability: Hospitality|[of] p2a: cha de nabo\n|move|p2b: HaryamaLubrificado|Protect|p2b: HaryamaLubrificado\n|-singleturn|p2b: HaryamaLubrificado|Protect\n|move|p1a: Farigiraf|Protect|p1a: Farigiraf\n|-singleturn|p1a: Farigiraf|Protect\n|move|p1b: Landorus|Protect||[still]\n|-fail|p1b: Landorus\n|\n|upkeep\n|turn|5\n|c|\u2606Azelf_Rod23|._.\n|\n|t:|1700597425\n|move|p1a: Farigiraf|Protect||[still]\n|-fail|p1a: Farigiraf\n|move|p1b: Landorus|Protect|p1b: Landorus\n|-singleturn|p1b: Landorus|Protect\n|move|p2a: cha de nabo|Rage Powder|p2a: cha de nabo\n|-singleturn|p2a: cha de nabo|move: Rage Powder\n|move|p2b: HaryamaLubrificado|Drain Punch|p1a: Farigiraf\n|-damage|p1a: Farigiraf|0 fnt\n|-heal|p2b: HaryamaLubrificado|81\/100|[from] drain|[of] p1a: Farigiraf\n|faint|p1a: Farigiraf\n|\n|-fieldend|move: Trick Room\n|-fieldend|move: Psychic Terrain\n|upkeep\n|inactive|Veinelso has 90 seconds left.\n|\n|t:|1700597436\n|switch|p1a: Tornadus|Tornadus, M|100\/100\n|turn|6\n|c|\u2606Azelf_Rod23|que deliciaaa\n|\n|t:|1700597444\n|move|p2b: HaryamaLubrificado|Protect|p2b: HaryamaLubrificado\n|-singleturn|p2b: HaryamaLubrificado|Protect\n|move|p1a: Tornadus|Bleakwind Storm|p2a: cha de nabo|[spread] p2a\n|-activate|p2b: HaryamaLubrificado|move: Protect\n|-supereffective|p2a: cha de nabo\n|-damage|p2a: cha de nabo|0 fnt\n|faint|p2a: cha de nabo\n|move|p1b: Landorus|Sandsear Storm|p2b: HaryamaLubrificado\n|-activate|p2b: HaryamaLubrificado|move: Protect\n|\n|upkeep\n|\n|t:|1700597456\n|switch|p2a: indeedee-M|Indeedee-F, F, shiny|100\/100\n|-fieldstart|move: Psychic Terrain|[from] ability: Psychic Surge|[of] p2a: indeedee-M\n|turn|7\n|j| femboyu\n|\n|t:|1700597474\n|-terastallize|p2b: HaryamaLubrificado|Fairy\n|move|p1a: Tornadus|Bleakwind Storm|p2a: indeedee-M|[spread] p2a,p2b\n|-damage|p2a: indeedee-M|65\/100\n|-damage|p2b: HaryamaLubrificado|46\/100\n|move|p1b: Landorus|Sandsear Storm|p2a: indeedee-M|[spread] p2a,p2b\n|-damage|p2a: indeedee-M|35\/100\n|-damage|p2b: HaryamaLubrificado|19\/100\n|-status|p2a: indeedee-M|brn\n|move|p2b: HaryamaLubrificado|Drain Punch|p1a: Tornadus\n|-resisted|p1a: Tornadus\n|-damage|p1a: Tornadus|7\/100\n|-heal|p2b: HaryamaLubrificado|52\/100|[from] drain|[of] p1a: Tornadus\n|-enditem|p1a: Tornadus|Sitrus Berry|[eat]\n|-heal|p1a: Tornadus|32\/100|[from] item: Sitrus Berry\n|move|p2a: indeedee-M|Trick Room|p2a: indeedee-M\n|-fieldstart|move: Trick Room|[of] p2a: indeedee-M\n|\n|-damage|p2a: indeedee-M|28\/100 brn|[from] brn\n|upkeep\n|turn|8\n|l| femboyu\n|inactive|Azelf_Rod23 has 120 seconds left.\n|\n|t:|1700597507\n|-terastallize|p1a: Tornadus|Ghost\n|move|p2a: indeedee-M|Helping Hand|p2b: HaryamaLubrificado\n|-singleturn|p2b: HaryamaLubrificado|Helping Hand|[of] p2a: indeedee-M\n|move|p2b: HaryamaLubrificado|Drain Punch|p1b: Landorus\n|-resisted|p1b: Landorus\n|-damage|p1b: Landorus|0 fnt\n|-heal|p2b: HaryamaLubrificado|90\/100|[from] drain|[of] p1b: Landorus\n|faint|p1b: Landorus\n|move|p1a: Tornadus|Bleakwind Storm|p2b: HaryamaLubrificado|[spread] p2a,p2b\n|-damage|p2a: indeedee-M|0 fnt\n|-damage|p2b: HaryamaLubrificado|60\/100\n|faint|p2a: indeedee-M\n|\n|upkeep\n|\n|t:|1700597527\n|switch|p2a: ceruledge lmao|Armarouge, M|100\/100\n|switch|p1b: Kingambit|Kingambit, F|100\/100\n|turn|9\n|inactive|Veinelso has 120 seconds left.\n|inactive|Veinelso has 90 seconds left.\n|\n|t:|1700597599\n|switch|p1b: Iron Hands|Iron Hands|100\/100\n|move|p2a: ceruledge lmao|Protect|p2a: ceruledge lmao\n|-singleturn|p2a: ceruledge lmao|Protect\n|move|p2b: HaryamaLubrificado|Drain Punch|p1b: Iron Hands\n|-damage|p1b: Iron Hands|1\/100\n|-heal|p2b: HaryamaLubrificado|100\/100|[from] drain|[of] p1b: Iron Hands\n|move|p1a: Tornadus|Bleakwind Storm|p2b: HaryamaLubrificado|[spread] p2b\n|-activate|p2a: ceruledge lmao|move: Protect\n|-damage|p2b: HaryamaLubrificado|70\/100\n|\n|upkeep\n|turn|10\n|inactive|Veinelso has 90 seconds left.\n|\n|t:|1700597628\n|move|p2b: HaryamaLubrificado|Protect|p2b: HaryamaLubrificado\n|-singleturn|p2b: HaryamaLubrificado|Protect\n|move|p2a: ceruledge lmao|Expanding Force|p1b: Iron Hands|[spread] p1a,p1b\n|-supereffective|p1b: Iron Hands\n|-damage|p1a: Tornadus|0 fnt\n|-damage|p1b: Iron Hands|0 fnt\n|faint|p1a: Tornadus\n|faint|p1b: Iron Hands\n|-end|p1b: Iron Hands|Quark Drive|[silent]\n|-damage|p2a: ceruledge lmao|91\/100|[from] item: Life Orb\n|\n|upkeep\n|\n|t:|1700597632\n|switch|p1a: Kingambit|Kingambit, F|100\/100\n|turn|11\n|c|+PokeChess|q isso Veinelso\n|c|+PokeChess|tomando\n|c|+PokeChess|uma sova\n|c|+PokeChess|q isso\n|\n|t:|1700597662\n|move|p2b: HaryamaLubrificado|Drain Punch|p1a: Kingambit\n|-supereffective|p1a: Kingambit\n|-damage|p1a: Kingambit|0 fnt\n|-heal|p2b: HaryamaLubrificado|100\/100|[from] drain|[of] p1a: Kingambit\n|faint|p1a: Kingambit\n|\n|win|Azelf_Rod23\n|n|\u2606Veinelso|veinelso\n|n|\u2606Azelf_Rod23|azelfrod23\n|n| e63593|e63593\n|n| PokeChess|pokechess\n","uploadtime":1700597663,"views":0,"p1id":"veinelso","p2id":"azelfrod23","formatid":"gen9doublesou","rating":0,"private":0,"password":""}