{"id":"gen9doublesou-1995822778","p1":"MattCol","p2":"gonegeb","format":"[Gen 9] Doubles OU","log":"|j|\u2606MattCol\n|j|\u2606gonegeb\n|t:|1700606604\n|gametype|doubles\n|player|p1|MattCol|2|\n|player|p2|gonegeb|alain|\n|teamsize|p1|6\n|teamsize|p2|6\n|gen|9\n|tier|[Gen 9] Doubles OU\n|rule|Species Clause: Limit one of each Pok\u00e9mon\n|rule|OHKO Clause: OHKO moves are banned\n|rule|Evasion Moves Clause: Evasion moves are banned\n|rule|Gravity Sleep Clause: The combination of sleep-inducing moves with imperfect accuracy and Gravity or Gigantamax Orbeetle are banned\n|rule|Endless Battle Clause: Forcing endless battles is banned\n|rule|HP Percentage Mod: HP is shown in percentages\n|clearpoke\n|poke|p1|Quaquaval, M|\n|poke|p1|Baxcalibur, F|\n|poke|p1|Cinderace, M|\n|poke|p1|Slowbro-Galar, M|\n|poke|p1|Zarude-Dada|\n|poke|p1|Pelipper, F|\n|poke|p2|Lucario, M|\n|poke|p2|Umbreon, M|\n|poke|p2|Arcanine, F|\n|poke|p2|Maushold|\n|poke|p2|Ceruledge, M|\n|poke|p2|Torkoal, M|\n|teampreview\n|\n|t:|1700606613\n|start\n|switch|p1a: Cinderace|Cinderace, M|100\/100\n|switch|p1b: Slowbro|Slowbro-Galar, M|100\/100\n|switch|p2a: Obsidian|Ceruledge, M, shiny|100\/100\n|switch|p2b: Pryna|Arcanine, F, shiny|100\/100\n|-ability|p2b: Pryna|Intimidate|boost\n|-unboost|p1a: Cinderace|atk|1\n|-unboost|p1b: Slowbro|atk|1\n|turn|1\n|\n|t:|1700606644\n|move|p1a: Cinderace|Taunt|p2b: Pryna\n|-start|p1a: Cinderace|typechange|Dark|[from] ability: Libero\n|-start|p2b: Pryna|move: Taunt\n|cant|p2b: Pryna|move: Taunt|Sunny Day\n|move|p2a: Obsidian|Bitter Blade|p1b: Slowbro\n|-damage|p1b: Slowbro|68\/100\n|move|p1b: Slowbro|Nasty Plot|p1b: Slowbro\n|-boost|p1b: Slowbro|spa|2\n|\n|upkeep\n|turn|2\n|\n|t:|1700606682\n|switch|p2b: The Meta|Torkoal, M, shiny|100\/100\n|-weather|SunnyDay|[from] ability: Drought|[of] p2b: The Meta\n|move|p1a: Cinderace|U-turn|p2a: Obsidian\n|-resisted|p2a: Obsidian\n|-damage|p2a: Obsidian|95\/100\n|-damage|p1a: Cinderace|91\/100|[from] item: Life Orb\n|\n|t:|1700606689\n|switch|p1a: Pelipper|Pelipper, F|100\/100|[from] U-turn\n|-weather|RainDance|[from] ability: Drizzle|[of] p1a: Pelipper\n|move|p2a: Obsidian|Bitter Blade|p1b: Slowbro\n|-damage|p1b: Slowbro|50\/100\n|-heal|p2a: Obsidian|100\/100|[from] drain|[of] p1b: Slowbro\n|move|p1b: Slowbro|Hydro Pump|p2a: Obsidian\n|-supereffective|p2a: Obsidian\n|-damage|p2a: Obsidian|0 fnt\n|faint|p2a: Obsidian\n|\n|-weather|RainDance|[upkeep]\n|upkeep\n|\n|t:|1700606740\n|switch|p2a: Pryna|Arcanine, F, shiny|100\/100\n|-ability|p2a: Pryna|Intimidate|boost\n|-unboost|p1a: Pelipper|atk|1\n|-unboost|p1b: Slowbro|atk|1\n|turn|3\n|\n|t:|1700606759\n|move|p2b: The Meta|Protect|p2b: The Meta\n|-singleturn|p2b: The Meta|Protect\n|move|p2a: Pryna|Sunny Day|p2a: Pryna\n|-weather|SunnyDay\n|move|p1a: Pelipper|Hydro Pump|p2b: The Meta\n|-activate|p2b: The Meta|move: Protect\n|move|p1b: Slowbro|Hydro Pump|p2a: Pryna\n|-supereffective|p2a: Pryna\n|-damage|p2a: Pryna|21\/100\n|-enditem|p2a: Pryna|Sitrus Berry|[eat]\n|-heal|p2a: Pryna|46\/100|[from] item: Sitrus Berry\n|\n|-weather|SunnyDay|[upkeep]\n|upkeep\n|turn|4\n|\n|t:|1700606775\n|move|p2b: The Meta|Helping Hand|p2a: Pryna\n|-singleturn|p2a: Pryna|Helping Hand|[of] p2b: The Meta\n|move|p1a: Pelipper|Wide Guard|p1a: Pelipper\n|-singleturn|p1a: Pelipper|Wide Guard\n|move|p2a: Pryna|Flare Blitz|p1b: Slowbro\n|-crit|p1b: Slowbro\n|-damage|p1b: Slowbro|0 fnt\n|faint|p1b: Slowbro\n|-damage|p2a: Pryna|30\/100|[from] Recoil\n|\n|-weather|SunnyDay|[upkeep]\n|upkeep\n|\n|t:|1700606795\n|switch|p1b: Quaquaval|Quaquaval, M|100\/100\n|turn|5\n|l|\u2606MattCol\n|player|p1|\n|j|\u2606MattCol\n|player|p1|MattCol|2\n|\n|t:|1700607160\n|switch|p2a: Umbra|Umbreon, M, shiny|100\/100\n|switch|p2b: Howlite|Maushold|100\/100\n|move|p1b: Quaquaval|Rain Dance|p1b: Quaquaval\n|-weather|RainDance\n|move|p1a: Pelipper|Tailwind|p1a: Pelipper\n|-sidestart|p1: MattCol|move: Tailwind\n|\n|-weather|RainDance|[upkeep]\n|upkeep\n|turn|6\n|\n|t:|1700607195\n|switch|p2a: The Meta|Torkoal, M, shiny|100\/100\n|-weather|SunnyDay|[from] ability: Drought|[of] p2a: The Meta\n|move|p1b: Quaquaval|Aqua Step|p2a: The Meta\n|-supereffective|p2a: The Meta\n|-damage|p2a: The Meta|73\/100\n|-boost|p1b: Quaquaval|spe|1\n|move|p2b: Howlite|Taunt|p1b: Quaquaval\n|-start|p1b: Quaquaval|move: Taunt\n|move|p1a: Pelipper|Hurricane|p2a: The Meta\n|-damage|p2a: The Meta|11\/100\n|-enditem|p2a: The Meta|Mago Berry|[eat]\n|-heal|p2a: The Meta|44\/100|[from] item: Mago Berry\n|\n|-weather|SunnyDay|[upkeep]\n|upkeep\n|turn|7\n|\n|t:|1700607225\n|switch|p2b: Pryna|Arcanine, F, shiny|30\/100\n|-ability|p2b: Pryna|Intimidate|boost\n|-unboost|p1a: Pelipper|atk|1\n|-unboost|p1b: Quaquaval|atk|1\n|switch|p1a: Cinderace|Cinderace, M|91\/100\n|move|p2a: The Meta|Protect|p2a: The Meta\n|-singleturn|p2a: The Meta|Protect\n|move|p1b: Quaquaval|Close Combat|p2b: Pryna\n|-damage|p2b: Pryna|0 fnt\n|-unboost|p1b: Quaquaval|def|1\n|-unboost|p1b: Quaquaval|spd|1\n|faint|p2b: Pryna\n|-ability|p1b: Quaquaval|Moxie|boost\n|-boost|p1b: Quaquaval|atk|1\n|\n|-weather|SunnyDay|[upkeep]\n|upkeep\n|\n|t:|1700607240\n|switch|p2b: Anubis|Lucario, M|100\/100\n|turn|8\n|\n|t:|1700607252\n|switch|p2a: Howlite|Maushold|100\/100\n|move|p2b: Anubis|Protect|p2b: Anubis\n|-singleturn|p2b: Anubis|Protect\n|move|p1b: Quaquaval|Aqua Step|p2b: Anubis\n|-activate|p2b: Anubis|move: Protect\n|move|p1a: Cinderace|Pyro Ball|p2b: Anubis\n|-activate|p2b: Anubis|move: Protect\n|\n|-weather|SunnyDay|[upkeep]\n|-sideend|p1: MattCol|move: Tailwind\n|upkeep\n|turn|9\n|\n|t:|1700607288\n|switch|p1b: Pelipper|Pelipper, F|100\/100\n|-weather|RainDance|[from] ability: Drizzle|[of] p1b: Pelipper\n|move|p2a: Howlite|Follow Me|p2a: Howlite\n|-singleturn|p2a: Howlite|move: Follow Me\n|move|p1a: Cinderace|High Jump Kick|p2a: Howlite\n|-start|p1a: Cinderace|typechange|Fighting|[from] ability: Libero\n|-supereffective|p2a: Howlite\n|-damage|p2a: Howlite|0 fnt\n|faint|p2a: Howlite\n|-damage|p1a: Cinderace|81\/100|[from] item: Life Orb\n|move|p2b: Anubis|Swords Dance|p2b: Anubis\n|-boost|p2b: Anubis|atk|2\n|\n|-weather|RainDance|[upkeep]\n|upkeep\n|\n|t:|1700607305\n|switch|p2a: The Meta|Torkoal, M, shiny|44\/100\n|-weather|SunnyDay|[from] ability: Drought|[of] p2a: The Meta\n|turn|10\n|\n|t:|1700607334\n|-terastallize|p2b: Anubis|Normal\n|move|p2a: The Meta|Protect|p2a: The Meta\n|-singleturn|p2a: The Meta|Protect\n|move|p2b: Anubis|Extreme Speed|p1a: Cinderace\n|-damage|p1a: Cinderace|0 fnt\n|faint|p1a: Cinderace\n|move|p1b: Pelipper|Hydro Pump|p2a: The Meta\n|-activate|p2a: The Meta|move: Protect\n|\n|-weather|SunnyDay|[upkeep]\n|upkeep\n|\n|t:|1700607369\n|switch|p1a: Zarude|Zarude-Dada|100\/100\n|turn|11\n|\n|t:|1700607384\n|move|p2b: Anubis|Protect|p2b: Anubis\n|-singleturn|p2b: Anubis|Protect\n|move|p1a: Zarude|Drain Punch|p2b: Anubis\n|-activate|p2b: Anubis|move: Protect\n|move|p1b: Pelipper|Hydro Pump|p2a: The Meta\n|-supereffective|p2a: The Meta\n|-damage|p2a: The Meta|0 fnt\n|faint|p2a: The Meta\n|\n|-weather|SunnyDay|[upkeep]\n|upkeep\n|\n|t:|1700607396\n|switch|p2a: Umbra|Umbreon, M, shiny|100\/100\n|turn|12\n|\n|t:|1700607411\n|switch|p1b: Baxcalibur|Baxcalibur, F|100\/100\n|move|p2b: Anubis|Extreme Speed|p1b: Baxcalibur\n|-damage|p1b: Baxcalibur|33\/100\n|move|p1a: Zarude|Drain Punch|p2b: Anubis\n|-supereffective|p2b: Anubis\n|-damage|p2b: Anubis|17\/100\n|move|p2a: Umbra|Yawn|p1a: Zarude\n|-immune|p1a: Zarude|[from] ability: Leaf Guard\n|\n|-weather|SunnyDay|[upkeep]\n|upkeep\n|turn|13\n|\n|t:|1700607489\n|move|p1b: Baxcalibur|Protect|p1b: Baxcalibur\n|-singleturn|p1b: Baxcalibur|Protect\n|move|p2b: Anubis|Extreme Speed|p1a: Zarude\n|-damage|p1a: Zarude|28\/100\n|move|p1a: Zarude|Drain Punch|p2b: Anubis\n|-supereffective|p2b: Anubis\n|-damage|p2b: Anubis|0 fnt\n|-heal|p1a: Zarude|34\/100|[from] drain|[of] p2b: Anubis\n|faint|p2b: Anubis\n|move|p2a: Umbra|Foul Play|p1a: Zarude\n|-resisted|p1a: Zarude\n|-damage|p1a: Zarude|13\/100\n|\n|-weather|SunnyDay|[upkeep]\n|upkeep\n|turn|14\n|\n|t:|1700607521\n|move|p1a: Zarude|Drain Punch|p2a: Umbra\n|-supereffective|p2a: Umbra\n|-damage|p2a: Umbra|71\/100\n|-heal|p1a: Zarude|30\/100|[from] drain|[of] p2a: Umbra\n|move|p1b: Baxcalibur|Icicle Spear|p2a: Umbra\n|-damage|p2a: Umbra|60\/100\n|-damage|p2a: Umbra|49\/100\n|-damage|p2a: Umbra|39\/100\n|-damage|p2a: Umbra|29\/100\n|-damage|p2a: Umbra|20\/100\n|-hitcount|p2a: Umbra|5\n|move|p2a: Umbra|Foul Play|p1a: Zarude\n|-resisted|p1a: Zarude\n|-damage|p1a: Zarude|9\/100\n|\n|-weather|none\n|-heal|p2a: Umbra|26\/100|[from] item: Leftovers\n|upkeep\n|turn|15\n|-message|gonegeb forfeited.\n|\n|win|MattCol\n|l|\u2606gonegeb\n|l|\u2606MattCol\n|j|\u2606gonegeb\n|player|p2|gonegeb|alain\n","uploadtime":1700607603,"views":0,"p1id":"mattcol","p2id":"gonegeb","formatid":"gen9doublesou","rating":0,"private":0,"password":""}