{"id":"gen9doublesou-1993777577","p1":"thisisausername5","p2":"Virtus","format":"[Gen 9] Doubles OU","log":"|j|\u2606thisisausername5\n|j|\u2606Virtus\n|t:|1700356051\n|gametype|doubles\n|player|p1|thisisausername5|clair|1202\n|player|p2|Virtus|1|1170\n|teamsize|p1|6\n|teamsize|p2|6\n|gen|9\n|tier|[Gen 9] Doubles OU\n|rated|\n|rule|Species Clause: Limit one of each Pok\u00e9mon\n|rule|OHKO Clause: OHKO moves are banned\n|rule|Evasion Moves Clause: Evasion moves are banned\n|rule|Gravity Sleep Clause: The combination of sleep-inducing moves with imperfect accuracy and Gravity or Gigantamax Orbeetle are banned\n|rule|Endless Battle Clause: Forcing endless battles is banned\n|rule|HP Percentage Mod: HP is shown in percentages\n|clearpoke\n|poke|p1|Ninetales-Alola, F|\n|poke|p1|Heatran, M|\n|poke|p1|Sinistcha-Masterpiece|\n|poke|p1|Palafin, M|\n|poke|p1|Cetitan, M|\n|poke|p1|Flutter Mane|\n|poke|p2|Pikachu, F|\n|poke|p2|Amoonguss, M|\n|poke|p2|Charizard, M|\n|poke|p2|Tyranitar, F|\n|poke|p2|Chi-Yu|\n|poke|p2|Landorus-Therian, M|\n|teampreview\n|\n|t:|1700356076\n|start\n|switch|p1a: Palafin|Palafin, M|100\/100\n|switch|p1b: Flutter Mane|Flutter Mane, shiny|100\/100\n|switch|p2a: Moha479|Landorus-Therian, M|100\/100\n|switch|p2b: Joy|Amoonguss, M|100\/100\n|-ability|p2a: Moha479|Intimidate|boost\n|-unboost|p1a: Palafin|atk|1\n|-unboost|p1b: Flutter Mane|atk|1\n|turn|1\n|\n|t:|1700356108\n|-terastallize|p2b: Joy|Grass\n|move|p2b: Joy|Rage Powder|p2b: Joy\n|-singleturn|p2b: Joy|move: Rage Powder\n|move|p1b: Flutter Mane|Mystical Fire|p2b: Joy\n|-supereffective|p2b: Joy\n|-damage|p2b: Joy|58\/100\n|-unboost|p2b: Joy|spa|1\n|-damage|p1b: Flutter Mane|91\/100|[from] item: Life Orb\n|move|p1a: Palafin|Ice Punch|p2b: Joy\n|-supereffective|p2b: Joy\n|-damage|p2b: Joy|33\/100\n|-status|p2b: Joy|frz\n|move|p2a: Moha479|Earthquake|p1b: Flutter Mane|[spread] p2b,p1a,p1b\n|-resisted|p2b: Joy\n|-damage|p2b: Joy|0 fnt\n|-damage|p1a: Palafin|13\/100\n|-damage|p1b: Flutter Mane|0 fnt\n|faint|p2b: Joy\n|faint|p1b: Flutter Mane\n|-end|p1b: Flutter Mane|Protosynthesis|[silent]\n|\n|upkeep\n|\n|t:|1700356130\n|switch|p1b: Sinistcha|Sinistcha-Masterpiece|100\/100\n|switch|p2b: Shane|Pikachu, F|100\/100\n|-heal|p1a: Palafin|38\/100|[from] ability: Hospitality|[of] p1b: Sinistcha\n|turn|2\n|\n|t:|1700356152\n|detailschange|p1a: Palafin|Palafin-Hero, M\n|switch|p1a: Ice Kyogre|Cetitan, M|100\/100\n|move|p2b: Shane|Protect|p2b: Shane\n|-singleturn|p2b: Shane|Protect\n|move|p2a: Moha479|Earthquake|p1b: Sinistcha|[spread] p1a,p1b\n|-activate|p2b: Shane|move: Protect\n|-resisted|p1b: Sinistcha\n|-damage|p1a: Ice Kyogre|33\/100\n|-damage|p1b: Sinistcha|78\/100\n|-enditem|p1a: Ice Kyogre|Red Card|[of] p2a: Moha479\n|drag|p2a: Flamekid0420|Chi-Yu|100\/100\n|-ability|p2a: Flamekid0420|Beads of Ruin\n|move|p1b: Sinistcha|Matcha Gotcha|p2a: Flamekid0420|[spread] p2a\n|-activate|p2b: Shane|move: Protect\n|-resisted|p2a: Flamekid0420\n|-damage|p2a: Flamekid0420|87\/100\n|-heal|p1b: Sinistcha|83\/100|[from] drain|[of] p2a: Flamekid0420\n|\n|-heal|p1b: Sinistcha|89\/100|[from] item: Leftovers\n|upkeep\n|turn|3\n|\n|t:|1700356180\n|switch|p2b: Fat Sparze|Tyranitar, F|100\/100\n|-weather|Sandstorm|[from] ability: Sand Stream|[of] p2b: Fat Sparze\n|switch|p1a: Kuraokami|Ninetales-Alola, F|100\/100\n|-weather|Snow|[from] ability: Snow Warning|[of] p1a: Kuraokami\n|switch|p1b: Heatran|Heatran, M|100\/100\n|move|p2a: Flamekid0420|Lava Plume|p1b: Heatran|[spread] p2b,p1a\n|-start|p1b: Heatran|ability: Flash Fire\n|-resisted|p2b: Fat Sparze\n|-supereffective|p1a: Kuraokami\n|-damage|p2b: Fat Sparze|81\/100\n|-damage|p1a: Kuraokami|0 fnt\n|faint|p1a: Kuraokami\n|\n|-weather|Snow|[upkeep]\n|-heal|p2b: Fat Sparze|87\/100|[from] item: Leftovers\n|upkeep\n|\n|t:|1700356194\n|switch|p1a: Ice Kyogre|Cetitan, M|33\/100\n|turn|4\n|\n|t:|1700356223\n|-end|p1b: Heatran|ability: Flash Fire|[silent]\n|switch|p1b: Sinistcha|Sinistcha-Masterpiece|89\/100\n|-heal|p1a: Ice Kyogre|58\/100|[from] ability: Hospitality|[of] p1b: Sinistcha\n|move|p1a: Ice Kyogre|Earthquake|p2b: Fat Sparze|[spread] p1b,p2a,p2b\n|-resisted|p1b: Sinistcha\n|-supereffective|p2a: Flamekid0420\n|-supereffective|p2b: Fat Sparze\n|-damage|p1b: Sinistcha|81\/100\n|-damage|p2a: Flamekid0420|16\/100\n|-damage|p2b: Fat Sparze|45\/100\n|move|p2a: Flamekid0420|Lava Plume|p1b: Sinistcha|[spread] p2b,p1a,p1b\n|-resisted|p2b: Fat Sparze\n|-supereffective|p1a: Ice Kyogre\n|-supereffective|p1b: Sinistcha\n|-damage|p2b: Fat Sparze|22\/100\n|-damage|p1a: Ice Kyogre|0 fnt\n|-damage|p1b: Sinistcha|0 fnt\n|faint|p1a: Ice Kyogre\n|faint|p1b: Sinistcha\n|move|p2b: Fat Sparze|Earthquake|p2a: Flamekid0420\n|-supereffective|p2a: Flamekid0420\n|-damage|p2a: Flamekid0420|0 fnt\n|faint|p2a: Flamekid0420\n|\n|-weather|Snow|[upkeep]\n|-heal|p2b: Fat Sparze|28\/100|[from] item: Leftovers\n|upkeep\n|\n|t:|1700356242\n|switch|p2a: Caul Strife|Charizard, M|100\/100\n|switch|p1a: Heatran|Heatran, M|100\/100\n|switch|p1b: Palafin|Palafin-Hero, M|38\/100\n|-activate|p1b: Palafin|ability: Zero to Hero\n|turn|5\n|\n|t:|1700356289\n|-terastallize|p1b: Palafin|Water\n|move|p1b: Palafin|Jet Punch|p2a: Caul Strife\n|-supereffective|p2a: Caul Strife\n|-damage|p2a: Caul Strife|0 fnt\n|faint|p2a: Caul Strife\n|move|p2b: Fat Sparze|Earthquake|p1a: Heatran|[spread] p1a,p1b\n|-supereffective|p1a: Heatran\n|-damage|p1a: Heatran|0 fnt\n|-damage|p1b: Palafin|7\/100\n|faint|p1a: Heatran\n|\n|-weather|Snow|[upkeep]\n|-heal|p2b: Fat Sparze|34\/100|[from] item: Leftovers\n|upkeep\n|c|\u2606thisisausername5|gg\n|\n|t:|1700356300\n|switch|p2a: Shane|Pikachu, F|100\/100\n|turn|6\n|-message|thisisausername5 forfeited.\n|\n|win|Virtus\n|raw|thisisausername5's rating: 1202 &rarr; <strong>1175<\/strong><br \/>(-27 for losing)\n|raw|Virtus's rating: 1170 &rarr; <strong>1197<\/strong><br \/>(+27 for winning)\n|l|\u2606thisisausername5\n|c|\u2606Virtus|ggggggg\n","uploadtime":1700356555,"views":17,"p1id":"thisisausername5","p2id":"virtus","formatid":"gen9doublesou","rating":1175,"private":0,"password":""}