{"id":"gen9doublesou-1983163086","p1":"balloongrapes","p2":"PharrowXL","format":"[Gen 9] Doubles OU","log":"|j|\u2606balloongrapes\n|j|\u2606PharrowXL\n|t:|1699098642\n|gametype|doubles\n|player|p1|balloongrapes|265|1244\n|player|p2|PharrowXL|dancer|1285\n|teamsize|p1|6\n|teamsize|p2|6\n|gen|9\n|tier|[Gen 9] Doubles OU\n|rated|\n|rule|Species Clause: Limit one of each Pok\u00e9mon\n|rule|OHKO Clause: OHKO moves are banned\n|rule|Evasion Moves Clause: Evasion moves are banned\n|rule|Gravity Sleep Clause: The combination of sleep-inducing moves with imperfect accuracy and Gravity or Gigantamax Orbeetle are banned\n|rule|Endless Battle Clause: Forcing endless battles is banned\n|rule|HP Percentage Mod: HP is shown in percentages\n|clearpoke\n|poke|p1|Maushold-Four|\n|poke|p1|Roaring Moon|\n|poke|p1|Klefki, M|\n|poke|p1|Talonflame, M|\n|poke|p1|Ceruledge, M|\n|poke|p1|Rabsca, M|\n|poke|p2|Hariyama, F|\n|poke|p2|Perrserker, M|\n|poke|p2|Scizor, M|\n|poke|p2|Gholdengo|\n|poke|p2|Gliscor, M|\n|poke|p2|Gyarados, M|\n|teampreview\n|inactive|Battle timer is ON: inactive players will automatically lose when time's up. (requested by balloongrapes)\n|inactive|PharrowXL also wants the timer to be on.\n|inactive|balloongrapes has 120 seconds left.\n|inactive|balloongrapes has 90 seconds left.\n|\n|t:|1699098723\n|start\n|switch|p1a: Talonflame|Talonflame, M|100\/100\n|switch|p1b: Ceruledge|Ceruledge, M|100\/100\n|switch|p2a: One & 19 More|Hariyama, F, shiny|100\/100\n|switch|p2b: Aqua Fria|Gliscor, M|100\/100\n|turn|1\n|\n|t:|1699098740\n|-terastallize|p1b: Ceruledge|Electric\n|move|p2a: One & 19 More|Fake Out|p1a: Talonflame\n|-damage|p1a: Talonflame|84\/100\n|-enditem|p1a: Talonflame|Red Card|[of] p2a: One & 19 More\n|drag|p2a: Big Iron|Perrserker, M|100\/100\n|cant|p1a: Talonflame|flinch\n|move|p2b: Aqua Fria|Stealth Rock|p1b: Ceruledge\n|-sidestart|p1: balloongrapes|move: Stealth Rock\n|move|p1b: Ceruledge|Swords Dance|p1b: Ceruledge\n|-boost|p1b: Ceruledge|atk|2\n|\n|-status|p2b: Aqua Fria|tox|[from] item: Toxic Orb\n|upkeep\n|turn|2\n|inactive|balloongrapes has 120 seconds left.\n|\n|t:|1699098772\n|move|p2a: Big Iron|Fake Out|p1b: Ceruledge\n|-damage|p1b: Ceruledge|83\/100\n|move|p1a: Talonflame|Tailwind|p1a: Talonflame\n|-sidestart|p1: balloongrapes|move: Tailwind\n|cant|p1b: Ceruledge|flinch\n|move|p2b: Aqua Fria|High Horsepower|p1b: Ceruledge\n|-supereffective|p1b: Ceruledge\n|-damage|p1b: Ceruledge|0 fnt\n|faint|p1b: Ceruledge\n|\n|upkeep\n|inactive|balloongrapes has 120 seconds left.\n|c|\u2606balloongrapes|omfg\n|c|\u2606balloongrapes|fake out b!tch\n|c|\u2606balloongrapes|please do fake out 17 more times\n|\n|t:|1699098801\n|switch|p1b: Maushold|Maushold-Four|100\/100\n|-damage|p1b: Maushold|88\/100|[from] Stealth Rock\n|turn|3\n|\n|t:|1699098811\n|switch|p2b: A Fatal Slip|Gyarados, M|100\/100\n|-ability|p2b: A Fatal Slip|Intimidate|boost\n|-unboost|p1a: Talonflame|atk|1\n|-unboost|p1b: Maushold|atk|1\n|move|p2a: Big Iron|Protect|p2a: Big Iron\n|-singleturn|p2a: Big Iron|Protect\n|move|p1a: Talonflame|Flamethrower|p2a: Big Iron\n|-activate|p2a: Big Iron|move: Protect\n|move|p1b: Maushold|Encore||[still]\n|-fail|p1b: Maushold\n|\n|upkeep\n|turn|4\n|\n|t:|1699098826\n|switch|p1a: Rabsca|Rabsca, M|100\/100\n|-damage|p1a: Rabsca|76\/100|[from] Stealth Rock\n|switch|p2a: One & 19 More|Hariyama, F, shiny|100\/100\n|move|p1b: Maushold|Encore||[still]\n|-fail|p1b: Maushold\n|move|p2b: A Fatal Slip|Dragon Dance|p2b: A Fatal Slip\n|-boost|p2b: A Fatal Slip|atk|1\n|-boost|p2b: A Fatal Slip|spe|1\n|\n|upkeep\n|turn|5\n|inactive|balloongrapes has 120 seconds left.\n|inactive|PharrowXL has 120 seconds left.\n|\n|t:|1699098890\n|move|p1b: Maushold|Encore|p2b: A Fatal Slip\n|-start|p2b: A Fatal Slip|Encore\n|move|p2b: A Fatal Slip|Dragon Dance|p2b: A Fatal Slip\n|-boost|p2b: A Fatal Slip|atk|1\n|-boost|p2b: A Fatal Slip|spe|1\n|move|p1a: Rabsca|Revival Blessing|p1a: Rabsca\n|-enditem|p1a: Rabsca|Leppa Berry|[eat]\n|-activate|p1a: Rabsca|item: Leppa Berry|Revival Blessing|[consumed]\n|\n|t:|1699098895\n|-heal|p1: Ceruledge|50\/100|[from] move: Revival Blessing\n|move|p2a: One & 19 More|Drain Punch|p1b: Maushold\n|-supereffective|p1b: Maushold\n|-damage|p1b: Maushold|0 fnt\n|faint|p1b: Maushold\n|\n|-sideend|p1: balloongrapes|move: Tailwind\n|upkeep\n|\n|t:|1699098902\n|switch|p1b: Talonflame|Talonflame, M|84\/100\n|-damage|p1b: Talonflame|34\/100|[from] Stealth Rock\n|turn|6\n|\n|t:|1699098914\n|move|p2b: A Fatal Slip|Dragon Dance|p2b: A Fatal Slip\n|-boost|p2b: A Fatal Slip|atk|1\n|-boost|p2b: A Fatal Slip|spe|1\n|move|p1b: Talonflame|Air Slash|p2a: One & 19 More\n|-supereffective|p2a: One & 19 More\n|-damage|p2a: One & 19 More|60\/100\n|move|p2a: One & 19 More|Ice Punch|p1b: Talonflame\n|-damage|p1b: Talonflame|0 fnt\n|faint|p1b: Talonflame\n|move|p1a: Rabsca|Psychic|p2a: One & 19 More\n|-supereffective|p2a: One & 19 More\n|-damage|p2a: One & 19 More|0 fnt\n|faint|p2a: One & 19 More\n|\n|upkeep\n|inactive|balloongrapes has 120 seconds left.\n|c|\u2606PharrowXL|Not my fault you don\u2019t\n|inactive|balloongrapes has 90 seconds left.\n|c|\u2606PharrowXL|have a counter or some shit idk\n|\n|t:|1699098990\n|switch|p1b: Ceruledge|Ceruledge, M|50\/100\n|switch|p2a: Aqua Fria|Gliscor, M|100\/100 tox\n|-damage|p1b: Ceruledge|26\/100|[from] Stealth Rock\n|turn|7\n|inactive|balloongrapes has 90 seconds left.\n|\n|t:|1699099006\n|switch|p1b: Roaring Moon|Roaring Moon|100\/100\n|-damage|p1b: Roaring Moon|88\/100|[from] Stealth Rock\n|move|p2b: A Fatal Slip|Dragon Dance|p2b: A Fatal Slip\n|-boost|p2b: A Fatal Slip|atk|1\n|-boost|p2b: A Fatal Slip|spe|1\n|move|p2a: Aqua Fria|Knock Off|p1b: Roaring Moon\n|-resisted|p1b: Roaring Moon\n|-damage|p1b: Roaring Moon|71\/100\n|-enditem|p1b: Roaring Moon|Choice Scarf|[from] move: Knock Off|[of] p2a: Aqua Fria\n|move|p1a: Rabsca|Revival Blessing|p1a: Rabsca\n|\n|t:|1699099011\n|-heal|p1: Talonflame|50\/100|[from] move: Revival Blessing\n|\n|-end|p2b: A Fatal Slip|Encore\n|upkeep\n|turn|8\n|\n|t:|1699099037\n|move|p2b: A Fatal Slip|Waterfall|p1a: Rabsca\n|-damage|p1a: Rabsca|0 fnt\n|faint|p1a: Rabsca\n|move|p1b: Roaring Moon|Rock Slide|p2a: Aqua Fria|[spread] p2a,p2b\n|-supereffective|p2b: A Fatal Slip\n|-damage|p2a: Aqua Fria|79\/100 tox\n|-damage|p2b: A Fatal Slip|35\/100\n|move|p2a: Aqua Fria|High Horsepower|p1b: Roaring Moon\n|-damage|p1b: Roaring Moon|18\/100\n|\n|-heal|p2a: Aqua Fria|91\/100 tox|[from] ability: Poison Heal\n|upkeep\n|\n|t:|1699099056\n|switch|p1a: Klefki|Klefki, M|100\/100\n|-damage|p1a: Klefki|95\/100|[from] Stealth Rock\n|turn|9\n|\n|t:|1699099067\n|move|p1a: Klefki|Sunny Day|p1a: Klefki\n|-weather|SunnyDay\n|-activate|p1b: Roaring Moon|ability: Protosynthesis\n|-start|p1b: Roaring Moon|protosynthesisatk\n|move|p2b: A Fatal Slip|Waterfall|p1b: Roaring Moon\n|-resisted|p1b: Roaring Moon\n|-damage|p1b: Roaring Moon|0 fnt\n|faint|p1b: Roaring Moon\n|-end|p1b: Roaring Moon|Protosynthesis|[silent]\n|move|p2a: Aqua Fria|Taunt|p1a: Klefki\n|-start|p1a: Klefki|move: Taunt\n|\n|-weather|SunnyDay|[upkeep]\n|-heal|p2a: Aqua Fria|100\/100 tox|[from] ability: Poison Heal\n|upkeep\n|\n|t:|1699099075\n|switch|p1b: Talonflame|Talonflame, M|50\/100\n|-damage|p1b: Talonflame|0 fnt|[from] Stealth Rock\n|faint|p1b: Talonflame\n|\n|t:|1699099077\n|switch|p1b: Ceruledge|Ceruledge, M|26\/100\n|-damage|p1b: Ceruledge|1\/100|[from] Stealth Rock\n|turn|10\n|c|\u2606balloongrapes|gae gaem\n|\n|t:|1699099086\n|move|p2b: A Fatal Slip|Waterfall|p1a: Klefki\n|-damage|p1a: Klefki|12\/100\n|move|p2a: Aqua Fria|Knock Off|p1b: Ceruledge\n|-supereffective|p1b: Ceruledge\n|-crit|p1b: Ceruledge\n|-damage|p1b: Ceruledge|0 fnt\n|-enditem|p1b: Ceruledge|Big Root|[from] move: Knock Off|[of] p2a: Aqua Fria\n|faint|p1b: Ceruledge\n|move|p1a: Klefki|Steel Beam|p2b: A Fatal Slip\n|-resisted|p2b: A Fatal Slip\n|-damage|p2b: A Fatal Slip|4\/100\n|-damage|p1a: Klefki|0 fnt|[from] steelbeam\n|faint|p1a: Klefki\n|\n|win|PharrowXL\n|raw|balloongrapes's rating: 1244 &rarr; <strong>1222<\/strong><br \/>(-22 for losing)\n|raw|PharrowXL's rating: 1285 &rarr; <strong>1307<\/strong><br \/>(+22 for winning)\n","uploadtime":1699098786,"views":18,"p1id":"balloongrapes","p2id":"pharrowxl","formatid":"gen9doublesou","rating":1222,"private":0,"password":""}