{"id":"gen9doublesou-1996212341","p1":"redpkmntrainer14","p2":"RLisanidiot","format":"[Gen 9] Doubles OU","log":"|j|\u2606redpkmntrainer14\n|j|\u2606RLisanidiot\n|t:|1700659779\n|gametype|doubles\n|player|p1|redpkmntrainer14|guitarist|1424\n|player|p2|RLisanidiot|cynthia-masters|1341\n|teamsize|p1|6\n|teamsize|p2|6\n|gen|9\n|tier|[Gen 9] Doubles OU\n|rated|\n|rule|Species Clause: Limit one of each Pok\u00e9mon\n|rule|OHKO Clause: OHKO moves are banned\n|rule|Evasion Moves Clause: Evasion moves are banned\n|rule|Gravity Sleep Clause: The combination of sleep-inducing moves with imperfect accuracy and Gravity or Gigantamax Orbeetle are banned\n|rule|Endless Battle Clause: Forcing endless battles is banned\n|rule|HP Percentage Mod: HP is shown in percentages\n|clearpoke\n|poke|p1|Conkeldurr, M|\n|poke|p1|Glimmora, M|\n|poke|p1|Landorus-Therian, M|\n|poke|p1|Pelipper, M|\n|poke|p1|Gholdengo|\n|poke|p1|Kleavor, M|\n|poke|p2|Ninetales-Alola, F|\n|poke|p2|Chien-Pao|\n|poke|p2|Flutter Mane|\n|poke|p2|Tornadus, M|\n|poke|p2|Pachirisu, M|\n|poke|p2|Landorus-Therian, M|\n|teampreview\n|inactive|Battle timer is ON: inactive players will automatically lose when time's up. (requested by RLisanidiot)\n|\n|t:|1700659788\n|start\n|switch|p1a: goop|Glimmora, M, shiny|100\/100\n|switch|p1b: x-man|Kleavor, M, shiny|100\/100\n|switch|p2a: Chien-Pao|Chien-Pao|100\/100\n|switch|p2b: Landorus|Landorus-Therian, M|100\/100\n|-ability|p2b: Landorus|Intimidate|boost\n|-unboost|p1a: goop|atk|1\n|-unboost|p1b: x-man|atk|1\n|-ability|p2a: Chien-Pao|Sword of Ruin\n|turn|1\n|\n|t:|1700659813\n|move|p2b: Landorus|Sandsear Storm|p1b: x-man|[spread] p1a,p1b\n|-supereffective|p1a: goop\n|-damage|p1a: goop|0 fnt\n|-damage|p1b: x-man|46\/100\n|-status|p1b: x-man|brn\n|faint|p1a: goop\n|move|p2a: Chien-Pao|Ice Spinner|p1b: x-man\n|-damage|p1b: x-man|0 fnt\n|faint|p1b: x-man\n|\n|upkeep\n|inactive|redpkmntrainer14 has 120 seconds left.\n|\n|t:|1700659825\n|switch|p1a: wildmutt|Landorus-Therian, M, shiny|100\/100\n|switch|p1b: bigchill|Pelipper, M, shiny|100\/100\n|-ability|p1a: wildmutt|Intimidate|boost\n|-unboost|p2a: Chien-Pao|atk|1\n|-unboost|p2b: Landorus|atk|1\n|-weather|RainDance|[from] ability: Drizzle|[of] p1b: bigchill\n|turn|2\n|\n|t:|1700659843\n|switch|p2b: Ninetales|Ninetales-Alola, F, shiny|100\/100\n|-weather|Snow|[from] ability: Snow Warning|[of] p2b: Ninetales\n|-terastallize|p2a: Chien-Pao|Electric\n|move|p1a: wildmutt|Protect|p1a: wildmutt\n|-singleturn|p1a: wildmutt|Protect\n|move|p2a: Chien-Pao|Tera Blast|p1b: bigchill|[anim] Tera Blast Electric\n|-supereffective|p1b: bigchill\n|-damage|p1b: bigchill|0 fnt\n|faint|p1b: bigchill\n|\n|-weather|Snow|[upkeep]\n|upkeep\n|\n|t:|1700659848\n|switch|p1b: clockwork|Gholdengo, shiny|100\/100\n|turn|3\n|\n|t:|1700659860\n|switch|p1a: fourarms|Conkeldurr, M, shiny|100\/100\n|-terastallize|p1b: clockwork|Steel\n|move|p2b: Ninetales|Aurora Veil|p2b: Ninetales\n|-sidestart|p2: RLisanidiot|move: Aurora Veil\n|move|p2a: Chien-Pao|Ice Spinner|p1a: fourarms\n|-damage|p1a: fourarms|74\/100\n|move|p1b: clockwork|Make It Rain|p2b: Ninetales|[spread] p2a,p2b\n|-resisted|p2a: Chien-Pao\n|-supereffective|p2b: Ninetales\n|-damage|p2a: Chien-Pao|71\/100\n|-damage|p2b: Ninetales|0 fnt\n|-unboost|p1b: clockwork|spa|1\n|faint|p2b: Ninetales\n|\n|-weather|Snow|[upkeep]\n|-status|p1a: fourarms|brn|[from] item: Flame Orb\n|upkeep\n|\n|t:|1700659871\n|switch|p2b: Landorus|Landorus-Therian, M|100\/100\n|-ability|p2b: Landorus|Intimidate|boost\n|-unboost|p1a: fourarms|atk|1\n|-unboost|p1b: clockwork|atk|1\n|turn|4\n|\n|t:|1700659879\n|switch|p1a: wildmutt|Landorus-Therian, M, shiny|100\/100\n|-ability|p1a: wildmutt|Intimidate|boost\n|-unboost|p2a: Chien-Pao|atk|1\n|-unboost|p2b: Landorus|atk|1\n|move|p2b: Landorus|U-turn|p1a: wildmutt\n|-resisted|p1a: wildmutt\n|-damage|p1a: wildmutt|90\/100\n|\n|t:|1700659888\n|switch|p2b: Tornadus|Tornadus, M|100\/100|[from] U-turn\n|move|p2a: Chien-Pao|Sacred Sword|p1b: clockwork\n|-supereffective|p1b: clockwork\n|-damage|p1b: clockwork|59\/100\n|move|p1b: clockwork|Make It Rain|p2a: Chien-Pao|[spread] p2a,p2b\n|-resisted|p2a: Chien-Pao\n|-damage|p2a: Chien-Pao|52\/100\n|-damage|p2b: Tornadus|57\/100\n|-unboost|p1b: clockwork|spa|1\n|\n|-weather|Snow|[upkeep]\n|upkeep\n|turn|5\n|\n|t:|1700659902\n|switch|p2a: Landorus|Landorus-Therian, M|100\/100\n|-ability|p2a: Landorus|Intimidate|boost\n|-unboost|p1a: wildmutt|atk|1\n|-unboost|p1b: clockwork|atk|1\n|move|p1a: wildmutt|Sandsear Storm|p2a: Landorus|[spread] \n|-immune|p2a: Landorus\n|-immune|p2b: Tornadus\n|move|p1b: clockwork|Make It Rain|p2a: Landorus|[spread] p2a,p2b\n|-damage|p2a: Landorus|48\/100\n|-damage|p2b: Tornadus|24\/100\n|-unboost|p1b: clockwork|spa|1\n|move|p2b: Tornadus|Bleakwind Storm|p1b: clockwork|[spread] p1a,p1b\n|-resisted|p1b: clockwork\n|-damage|p1a: wildmutt|53\/100\n|-damage|p1b: clockwork|41\/100\n|\n|-weather|Snow|[upkeep]\n|upkeep\n|turn|6\n|\n|t:|1700659921\n|move|p2a: Landorus|Sandsear Storm|p1b: clockwork|[spread] p1b\n|-immune|p1a: wildmutt\n|-supereffective|p1b: clockwork\n|-damage|p1b: clockwork|0 fnt\n|faint|p1b: clockwork\n|move|p1a: wildmutt|Rock Slide|p2a: Landorus|[spread] p2a,p2b\n|-supereffective|p2b: Tornadus\n|-damage|p2a: Landorus|36\/100\n|-damage|p2b: Tornadus|4\/100\n|-damage|p1a: wildmutt|43\/100|[from] item: Life Orb\n|move|p2b: Tornadus|Bleakwind Storm|p1a: wildmutt\n|-damage|p1a: wildmutt|0 fnt\n|faint|p1a: wildmutt\n|\n|-weather|none\n|upkeep\n|-message|redpkmntrainer14 forfeited.\n|\n|win|RLisanidiot\n|raw|redpkmntrainer14's rating: 1424 &rarr; <strong>1399<\/strong><br \/>(-25 for losing)\n|raw|RLisanidiot's rating: 1341 &rarr; <strong>1366<\/strong><br \/>(+25 for winning)\n|l|\u2606redpkmntrainer14\n","uploadtime":1700659935,"views":9,"p1id":"redpkmntrainer14","p2id":"rlisanidiot","formatid":"gen9doublesou","rating":1366,"private":0,"password":""}