{"id":"gen9doublesou-1981107278","p1":"drive M3 crazy!","p2":"Oreng3","format":"[Gen 9] Doubles OU","log":"|j|\u2606drive M3 crazy!\n|j|\u2606Oreng3\n|t:|1698864103\n|gametype|doubles\n|player|p1|drive M3 crazy!|102|1428\n|player|p2|Oreng3|gardenia|1439\n|teamsize|p1|6\n|teamsize|p2|6\n|gen|9\n|tier|[Gen 9] Doubles OU\n|rated|\n|rule|Species Clause: Limit one of each Pok\u00e9mon\n|rule|OHKO Clause: OHKO moves are banned\n|rule|Evasion Moves Clause: Evasion moves are banned\n|rule|Gravity Sleep Clause: The combination of sleep-inducing moves with imperfect accuracy and Gravity or Gigantamax Orbeetle are banned\n|rule|Endless Battle Clause: Forcing endless battles is banned\n|rule|HP Percentage Mod: HP is shown in percentages\n|clearpoke\n|poke|p1|Moltres-Galar|\n|poke|p1|Sinistcha|\n|poke|p1|Landorus-Therian, M|\n|poke|p1|Flutter Mane|\n|poke|p1|Volcanion|\n|poke|p1|Roaring Moon|\n|poke|p2|Gastrodon-East, F|\n|poke|p2|Politoed, F|\n|poke|p2|Goodra-Hisui, M|\n|poke|p2|Shaymin-Sky|\n|poke|p2|Basculegion-F, F|\n|poke|p2|Great Tusk|\n|teampreview\n|inactive|Battle timer is ON: inactive players will automatically lose when time's up. (requested by Oreng3)\n|inactive|drive M3 crazy! has 120 seconds left.\n|\n|t:|1698864153\n|start\n|switch|p1a: Volcanion|Volcanion|100\/100\n|switch|p1b: Moltres|Moltres-Galar|100\/100\n|switch|p2a: Gastrodon|Gastrodon-East, F, shiny|100\/100\n|switch|p2b: Politoed|Politoed, F, shiny|100\/100\n|-weather|RainDance|[from] ability: Drizzle|[of] p2b: Politoed\n|turn|1\n|\n|t:|1698864166\n|switch|p1a: Sinistcha|Sinistcha|100\/100\n|move|p1b: Moltres|Nasty Plot|p1b: Moltres\n|-boost|p1b: Moltres|spa|2\n|move|p2b: Politoed|Hypnosis|p1a: Sinistcha\n|-status|p1a: Sinistcha|slp|[from] move: Hypnosis\n|move|p2a: Gastrodon|Earth Power|p1a: Sinistcha\n|-resisted|p1a: Sinistcha\n|-damage|p1a: Sinistcha|82\/100 slp\n|\n|-weather|RainDance|[upkeep]\n|upkeep\n|turn|2\n|inactive|drive M3 crazy! has 120 seconds left.\n|\n|t:|1698864209\n|move|p1b: Moltres|Nasty Plot|p1b: Moltres\n|-boost|p1b: Moltres|spa|2\n|cant|p1a: Sinistcha|slp\n|move|p2b: Politoed|Surf|p1a: Sinistcha|[spread] p1a,p1b\n|-ability|p2a: Gastrodon|Storm Drain|boost\n|-boost|p2a: Gastrodon|spa|1\n|-resisted|p1a: Sinistcha\n|-damage|p1a: Sinistcha|68\/100 slp\n|-damage|p1b: Moltres|76\/100\n|move|p2a: Gastrodon|Surf|p1a: Sinistcha|[spread] p2b,p1a,p1b\n|-resisted|p2b: Politoed\n|-resisted|p1a: Sinistcha\n|-damage|p2b: Politoed|79\/100\n|-damage|p1a: Sinistcha|39\/100 slp\n|-damage|p1b: Moltres|30\/100\n|-enditem|p1a: Sinistcha|Sitrus Berry|[eat]\n|-heal|p1a: Sinistcha|64\/100 slp|[from] item: Sitrus Berry\n|-ability|p1b: Moltres|Berserk|boost\n|-boost|p1b: Moltres|spa|1\n|\n|-weather|RainDance|[upkeep]\n|-heal|p1b: Moltres|36\/100|[from] item: Leftovers\n|upkeep\n|turn|3\n|\n|t:|1698864224\n|move|p1b: Moltres|Protect|p1b: Moltres\n|-singleturn|p1b: Moltres|Protect\n|-curestatus|p1a: Sinistcha|slp|[msg]\n|move|p1a: Sinistcha|Matcha Gotcha|p2b: Politoed|[spread] p2a,p2b\n|-supereffective|p2a: Gastrodon\n|-supereffective|p2b: Politoed\n|-damage|p2a: Gastrodon|18\/100\n|-heal|p1a: Sinistcha|100\/100|[from] drain|[of] p2a: Gastrodon\n|-damage|p2b: Politoed|50\/100\n|move|p2b: Politoed|Surf|p1b: Moltres|[spread] p1a\n|-activate|p1b: Moltres|move: Protect\n|-ability|p2a: Gastrodon|Storm Drain|boost\n|-boost|p2a: Gastrodon|spa|1\n|-resisted|p1a: Sinistcha\n|-damage|p1a: Sinistcha|86\/100\n|move|p2a: Gastrodon|Surf|p1a: Sinistcha|[spread] p2b,p1a\n|-activate|p1b: Moltres|move: Protect\n|-resisted|p2b: Politoed\n|-resisted|p1a: Sinistcha\n|-damage|p2b: Politoed|18\/100\n|-damage|p1a: Sinistcha|50\/100\n|\n|-weather|RainDance|[upkeep]\n|-heal|p1b: Moltres|42\/100|[from] item: Leftovers\n|-heal|p2a: Gastrodon|24\/100|[from] item: Leftovers\n|upkeep\n|turn|4\n|\n|t:|1698864241\n|move|p1b: Moltres|Fiery Wrath|p2a: Gastrodon|[spread] p2a,p2b\n|-damage|p2a: Gastrodon|0 fnt\n|-damage|p2b: Politoed|0 fnt\n|faint|p2a: Gastrodon\n|faint|p2b: Politoed\n|move|p1a: Sinistcha|Life Dew|p1a: Sinistcha|[spread] p1a,p1b\n|-heal|p1a: Sinistcha|75\/100\n|-heal|p1b: Moltres|67\/100\n|\n|-weather|RainDance|[upkeep]\n|-heal|p1b: Moltres|74\/100|[from] item: Leftovers\n|upkeep\n|\n|t:|1698864250\n|switch|p2b: Shaymin|Shaymin-Sky, shiny|100\/100\n|switch|p2a: Goodra|Goodra-Hisui, M, shiny|100\/100\n|turn|5\n|inactive|Oreng3 has 120 seconds left.\n|\n|t:|1698864280\n|move|p2b: Shaymin|Air Slash|p1b: Moltres\n|-damage|p1b: Moltres|45\/100\n|-ability|p1b: Moltres|Berserk|boost\n|-boost|p1b: Moltres|spa|1\n|cant|p1b: Moltres|flinch\n|move|p1a: Sinistcha|Life Dew|p1a: Sinistcha|[spread] p1a,p1b\n|-heal|p1a: Sinistcha|99\/100\n|-heal|p1b: Moltres|70\/100\n|move|p2a: Goodra|Heavy Slam|p1b: Moltres\n|-damage|p1b: Moltres|14\/100\n|\n|-weather|RainDance|[upkeep]\n|-heal|p1b: Moltres|20\/100|[from] item: Leftovers\n|upkeep\n|turn|6\n|\n|t:|1698864292\n|move|p1a: Sinistcha|Rage Powder|p1a: Sinistcha\n|-singleturn|p1a: Sinistcha|move: Rage Powder\n|move|p2b: Shaymin|Air Slash|p1b: Moltres\n|-damage|p1b: Moltres|0 fnt\n|faint|p1b: Moltres\n|move|p2a: Goodra|Heavy Slam|p1a: Sinistcha\n|-damage|p1a: Sinistcha|53\/100\n|\n|-weather|RainDance|[upkeep]\n|upkeep\n|\n|t:|1698864305\n|switch|p1b: Roaring Moon|Roaring Moon|100\/100\n|-enditem|p1b: Roaring Moon|Booster Energy\n|-activate|p1b: Roaring Moon|ability: Protosynthesis|[fromitem]\n|-start|p1b: Roaring Moon|protosynthesisspe\n|turn|7\n|\n|t:|1698864324\n|switch|p1a: Landorus|Landorus-Therian, M|100\/100\n|-ability|p1a: Landorus|Intimidate|boost\n|-unboost|p2a: Goodra|atk|1\n|-unboost|p2b: Shaymin|atk|1\n|-terastallize|p2b: Shaymin|Fairy\n|move|p1b: Roaring Moon|Tailwind|p1b: Roaring Moon\n|-sidestart|p1: drive M3 crazy!|move: Tailwind\n|move|p2b: Shaymin|Dazzling Gleam|p1a: Landorus|[spread] p1a,p1b\n|-supereffective|p1b: Roaring Moon\n|-crit|p1b: Roaring Moon\n|-damage|p1a: Landorus|66\/100\n|-damage|p1b: Roaring Moon|0 fnt\n|faint|p1b: Roaring Moon\n|-end|p1b: Roaring Moon|Protosynthesis|[silent]\n|move|p2a: Goodra|Heavy Slam|p1a: Landorus\n|-damage|p1a: Landorus|32\/100\n|\n|-weather|RainDance|[upkeep]\n|upkeep\n|inactive|drive M3 crazy! has 120 seconds left.\n|\n|t:|1698864355\n|switch|p1b: Flutter Mane|Flutter Mane|100\/100\n|turn|8\n|\n|t:|1698864377\n|-terastallize|p1b: Flutter Mane|Fairy\n|move|p1b: Flutter Mane|Dazzling Gleam|p2b: Shaymin|[spread] p2a,p2b\n|-damage|p2a: Goodra|65\/100\n|-damage|p2b: Shaymin|31\/100\n|move|p1a: Landorus|Earthquake|p2a: Goodra|[spread] p1b,p2a,p2b\n|-supereffective|p2a: Goodra\n|-damage|p1b: Flutter Mane|8\/100\n|-damage|p2a: Goodra|0 fnt\n|-damage|p2b: Shaymin|0 fnt\n|faint|p2a: Goodra\n|faint|p2b: Shaymin\n|\n|-weather|none\n|upkeep\n|\n|t:|1698864386\n|switch|p2b: Great Tusk|Great Tusk, shiny|100\/100\n|switch|p2a: Basculegion|Basculegion-F, F, shiny|100\/100\n|turn|9\n|inactive|Oreng3 has 120 seconds left.\n|\n|t:|1698864418\n|move|p2a: Basculegion|Aqua Jet|p1b: Flutter Mane\n|-damage|p1b: Flutter Mane|0 fnt\n|faint|p1b: Flutter Mane\n|-end|p1b: Flutter Mane|Protosynthesis|[silent]\n|move|p1a: Landorus|Earthquake|p2a: Basculegion|[spread] p2a,p2b\n|-damage|p2a: Basculegion|26\/100\n|-damage|p2b: Great Tusk|57\/100\n|move|p2b: Great Tusk|Ice Spinner|p1a: Landorus\n|-supereffective|p1a: Landorus\n|-damage|p1a: Landorus|0 fnt\n|faint|p1a: Landorus\n|\n|upkeep\n|\n|t:|1698864443\n|switch|p1b: Volcanion|Volcanion|100\/100\n|switch|p1a: Sinistcha|Sinistcha|53\/100\n|turn|10\n|\n|t:|1698864467\n|move|p1a: Sinistcha|Rage Powder|p1a: Sinistcha\n|-singleturn|p1a: Sinistcha|move: Rage Powder\n|move|p2b: Great Tusk|Ice Spinner|p1a: Sinistcha\n|-supereffective|p1a: Sinistcha\n|-damage|p1a: Sinistcha|6\/100\n|move|p1b: Volcanion|Steam Eruption|p2a: Basculegion\n|-resisted|p2a: Basculegion\n|-damage|p2a: Basculegion|6\/100\n|move|p2a: Basculegion|Last Respects|p1a: Sinistcha\n|-supereffective|p1a: Sinistcha\n|-damage|p1a: Sinistcha|0 fnt\n|faint|p1a: Sinistcha\n|\n|-sideend|p1: drive M3 crazy!|move: Tailwind\n|upkeep\n|turn|11\n|-message|drive M3 crazy! forfeited.\n|\n|win|Oreng3\n|raw|drive M3 crazy!'s rating: 1428 &rarr; <strong>1409<\/strong><br \/>(-19 for losing)\n|raw|Oreng3's rating: 1439 &rarr; <strong>1458<\/strong><br \/>(+19 for winning)\n|l|\u2606drive M3 crazy!\n|c|\u2606Oreng3|gg\n","uploadtime":1698864494,"views":20,"p1id":"drivem3crazy","p2id":"oreng3","formatid":"gen9doublesou","rating":1409,"private":0,"password":""}