{"id":"gen9doublesou-1967966528","p1":"terpsfan","p2":"Inkubone","format":"[Gen 9] Doubles OU","log":"|html|<div class=\"broadcast-blue\"><strong>[Gen 9] Doubles OU is currently suspecting Basculegion & Flutter Mane! For information on how to participate check out the <a href=\"https:\/\/www.smogon.com\/forums\/threads\/np-sv-dou-stage-8-double-trouble.3729153\/\">suspect thread<\/a>.<\/strong><\/div>\n|j|\u2606terpsfan\n|j|\u2606Inkubone\n|t:|1697366784\n|gametype|doubles\n|player|p1|terpsfan|ghetsis-gen5bw|1091\n|player|p2|Inkubone|yellow|1198\n|teamsize|p1|6\n|teamsize|p2|6\n|gen|9\n|tier|[Gen 9] Doubles OU\n|rated|\n|rule|Species Clause: Limit one of each Pok\u00e9mon\n|rule|OHKO Clause: OHKO moves are banned\n|rule|Evasion Moves Clause: Evasion moves are banned\n|rule|Gravity Sleep Clause: The combination of sleep-inducing moves with imperfect accuracy and Gravity or Gigantamax Orbeetle are banned\n|rule|Endless Battle Clause: Forcing endless battles is banned\n|rule|HP Percentage Mod: HP is shown in percentages\n|clearpoke\n|poke|p1|Haxorus, F|\n|poke|p1|Charjabug, F|\n|poke|p1|Polteageist|\n|poke|p1|Greninja-*, M|\n|poke|p1|Chien-Pao|\n|poke|p1|Vivillon-Pokeball, M|\n|poke|p2|Ninetales, F|\n|poke|p2|Torkoal, M|\n|poke|p2|Lilligant-Hisui, F|\n|poke|p2|Walking Wake|\n|poke|p2|Arboliva, F|\n|poke|p2|Oranguru, M|\n|teampreview\n|inactive|Battle timer is ON: inactive players will automatically lose when time's up. (requested by terpsfan)\n|c|\u2606Inkubone|Oooh charjabug :0\n|\n|t:|1697366807\n|start\n|switch|p1a: Vivillon|Vivillon-Pokeball, M|100\/100\n|switch|p1b: Polteageist|Polteageist|100\/100\n|switch|p2a: Lael|Ninetales, F|100\/100\n|switch|p2b: Hydroraptor|Walking Wake|100\/100\n|-weather|SunnyDay|[from] ability: Drought|[of] p2a: Lael\n|-activate|p2b: Hydroraptor|ability: Protosynthesis\n|-start|p2b: Hydroraptor|protosynthesisspa\n|turn|1\n|c|\u2606terpsfan|:p\n|\n|t:|1697366829\n|-terastallize|p1b: Polteageist|Fairy\n|move|p2b: Hydroraptor|Protect|p2b: Hydroraptor\n|-singleturn|p2b: Hydroraptor|Protect\n|move|p2a: Lael|Weather Ball|p1a: Vivillon\n|-supereffective|p1a: Vivillon\n|-enditem|p1a: Vivillon|Focus Sash\n|-damage|p1a: Vivillon|1\/100\n|move|p1b: Polteageist|Shell Smash|p1b: Polteageist\n|-unboost|p1b: Polteageist|def|1\n|-unboost|p1b: Polteageist|spd|1\n|-boost|p1b: Polteageist|atk|2\n|-boost|p1b: Polteageist|spa|2\n|-boost|p1b: Polteageist|spe|2\n|-enditem|p1b: Polteageist|White Herb\n|-clearnegativeboost|p1b: Polteageist|[silent]\n|move|p1a: Vivillon|Quiver Dance|p1a: Vivillon\n|-boost|p1a: Vivillon|spa|1\n|-boost|p1a: Vivillon|spd|1\n|-boost|p1a: Vivillon|spe|1\n|\n|-weather|SunnyDay|[upkeep]\n|upkeep\n|turn|2\n|inactive|terpsfan has 120 seconds left.\n|inactive|Inkubone has 120 seconds left.\n|\n|t:|1697366882\n|-end|p2b: Hydroraptor|Protosynthesis|[silent]\n|switch|p2b: Holy|Arboliva, F|100\/100\n|move|p1b: Polteageist|Stored Power|p2a: Lael\n|-damage|p2a: Lael|0 fnt\n|faint|p2a: Lael\n|move|p1a: Vivillon|Giga Drain|p2b: Holy\n|-resisted|p2b: Holy\n|-damage|p2b: Holy|86\/100\n|-heal|p1a: Vivillon|9\/100|[from] drain|[of] p2b: Holy\n|-fieldstart|move: Grassy Terrain|[from] ability: Seed Sower|[of] p2b: Holy\n|\n|-weather|SunnyDay|[upkeep]\n|-heal|p2b: Holy|92\/100|[from] Grassy Terrain\n|-heal|p2b: Holy|99\/100|[from] item: Leftovers\n|upkeep\n|\n|t:|1697366896\n|switch|p2a: Nikka|Torkoal, M|100\/100\n|turn|3\n|\n|t:|1697366909\n|move|p1b: Polteageist|Stored Power|p2a: Nikka\n|-damage|p2a: Nikka|0 fnt\n|faint|p2a: Nikka\n|move|p1a: Vivillon|Hurricane|p2b: Holy|[miss]\n|-miss|p1a: Vivillon|p2b: Holy\n|move|p2b: Holy|Weather Ball|p1a: Vivillon\n|-supereffective|p1a: Vivillon\n|-damage|p1a: Vivillon|0 fnt\n|faint|p1a: Vivillon\n|\n|-weather|SunnyDay|[upkeep]\n|-heal|p2b: Holy|100\/100|[from] Grassy Terrain\n|upkeep\n|\n|t:|1697366923\n|switch|p1a: Charjabug|Charjabug, F, shiny|100\/100\n|switch|p2a: Oranguru|Oranguru, M|100\/100\n|turn|4\n|\n|t:|1697366948\n|move|p1b: Polteageist|Hex|p2a: Oranguru\n|-immune|p2a: Oranguru\n|move|p2a: Oranguru|Yawn|p1b: Polteageist\n|-start|p1b: Polteageist|move: Yawn|[of] p2a: Oranguru\n|move|p2b: Holy|Weather Ball|p1a: Charjabug\n|-supereffective|p1a: Charjabug\n|-damage|p1a: Charjabug|8\/100\n|move|p1a: Charjabug|Thunder Wave|p2b: Holy\n|-status|p2b: Holy|par\n|\n|-weather|SunnyDay|[upkeep]\n|-heal|p1a: Charjabug|14\/100|[from] Grassy Terrain\n|upkeep\n|turn|5\n|inactive|Inkubone has 120 seconds left.\n|\n|t:|1697366981\n|move|p1b: Polteageist|Stored Power|p2b: Holy\n|-damage|p2b: Holy|0 fnt\n|faint|p2b: Holy\n|move|p2a: Oranguru|Hyper Voice|p1a: Charjabug|[spread] p1a,p1b\n|-damage|p1a: Charjabug|0 fnt\n|-damage|p1b: Polteageist|66\/100\n|-start|p2a: Oranguru|Disable|Hyper Voice|[from] ability: Cursed Body|[of] p1b: Polteageist\n|faint|p1a: Charjabug\n|\n|-weather|none\n|-heal|p1b: Polteageist|72\/100|[from] Grassy Terrain\n|-end|p1b: Polteageist|move: Yawn|[silent]\n|-status|p1b: Polteageist|slp\n|upkeep\n|\n|t:|1697367000\n|switch|p2b: Hydroraptor|Walking Wake|100\/100\n|switch|p1a: Chien-Pao|Chien-Pao|100\/100\n|-ability|p1a: Chien-Pao|Sword of Ruin\n|turn|6\n|\n|t:|1697367024\n|cant|p1b: Polteageist|slp\n|move|p1a: Chien-Pao|Ice Spinner|p2a: Oranguru\n|-damage|p2a: Oranguru|50\/100\n|-fieldend|move: Grassy Terrain\n|move|p2b: Hydroraptor|Flamethrower|p1a: Chien-Pao\n|-supereffective|p1a: Chien-Pao\n|-damage|p1a: Chien-Pao|5\/100\n|move|p2a: Oranguru|Instruct|p2b: Hydroraptor\n|-singleturn|p2b: Hydroraptor|move: Instruct|[of] p2a: Oranguru\n|move|p2b: Hydroraptor|Flamethrower|p1a: Chien-Pao\n|-supereffective|p1a: Chien-Pao\n|-damage|p1a: Chien-Pao|0 fnt\n|faint|p1a: Chien-Pao\n|\n|upkeep\n|inactive|terpsfan has 120 seconds left.\n|\n|t:|1697367041\n|switch|p1a: Greninja|Greninja, M|100\/100\n|turn|7\n|\n|t:|1697367065\n|cant|p1b: Polteageist|slp\n|move|p2b: Hydroraptor|Draco Meteor|p1a: Greninja\n|-damage|p1a: Greninja|2\/100\n|-unboost|p2b: Hydroraptor|spa|2\n|-enditem|p2b: Hydroraptor|Eject Pack\n|-activate|p2a: Oranguru|ability: Symbiosis|Expert Belt|[of] p2b: Hydroraptor\n|\n|t:|1697367069\n|-end|p2b: Hydroraptor|Protosynthesis|[silent]\n|switch|p2b: Lillia|Lilligant-Hisui, F|100\/100\n|move|p1a: Greninja|Dark Pulse|p2a: Oranguru\n|-supereffective|p2a: Oranguru\n|-damage|p2a: Oranguru|0 fnt\n|faint|p2a: Oranguru\n|-ability|p1a: Greninja|Battle Bond|boost\n|-boost|p1a: Greninja|atk|1\n|-boost|p1a: Greninja|spa|1\n|-boost|p1a: Greninja|spe|1\n|-activate|p1a: Greninja|ability: Battle Bond\n|\n|upkeep\n|\n|t:|1697367076\n|switch|p2a: Hydroraptor|Walking Wake|100\/100\n|turn|8\n|inactive|Inkubone has 120 seconds left.\n|\n|t:|1697367107\n|-terastallize|p2b: Lillia|Grass\n|move|p1a: Greninja|Extrasensory|p2b: Lillia\n|-damage|p2b: Lillia|42\/100\n|cant|p1b: Polteageist|slp\n|move|p2a: Hydroraptor|Flamethrower|p1a: Greninja\n|-resisted|p1a: Greninja\n|-damage|p1a: Greninja|0 fnt\n|faint|p1a: Greninja\n|move|p2b: Lillia|Ice Spinner|p1b: Polteageist\n|-damage|p1b: Polteageist|28\/100 slp\n|\n|upkeep\n|\n|t:|1697367121\n|switch|p1a: Haxorus|Haxorus, F, shiny|100\/100\n|turn|9\n|\n|t:|1697367135\n|move|p2a: Hydroraptor|Protect|p2a: Hydroraptor\n|-singleturn|p2a: Hydroraptor|Protect\n|-curestatus|p1b: Polteageist|slp|[msg]\n|move|p1b: Polteageist|Stored Power|p2a: Hydroraptor\n|-activate|p2a: Hydroraptor|move: Protect\n|move|p2b: Lillia|Ice Spinner|p1b: Polteageist\n|-damage|p1b: Polteageist|0 fnt\n|faint|p1b: Polteageist\n|move|p1a: Haxorus|Outrage|p2b: Lillia\n|-damage|p2b: Lillia|0 fnt\n|faint|p2b: Lillia\n|\n|upkeep\n|turn|10\n|\n|t:|1697367151\n|move|p2a: Hydroraptor|Draco Meteor|p1a: Haxorus\n|-supereffective|p1a: Haxorus\n|-damage|p1a: Haxorus|0 fnt\n|-unboost|p2a: Hydroraptor|spa|2\n|faint|p1a: Haxorus\n|\n|win|Inkubone\n|raw|terpsfan's rating: 1091 &rarr; <strong>1074<\/strong><br \/>(-17 for losing)\n|raw|Inkubone's rating: 1198 &rarr; <strong>1216<\/strong><br \/>(+18 for winning)\n|c|\u2606Inkubone|Gg\n|c|\u2606terpsfan|gg\n|l|\u2606terpsfan\n","uploadtime":1697367173,"views":14,"p1id":"terpsfan","p2id":"inkubone","formatid":"gen9doublesou","rating":1074,"private":0,"password":""}