{"id":"gen9doublesou-1985999202","p1":"oceanofmemes","p2":"chichi099","format":"[Gen 9] Doubles OU","log":"|j|\u2606oceanofmemes\n|j|\u2606chichi099\n|t:|1699436434\n|gametype|doubles\n|player|p1|oceanofmemes|fisherman|1232\n|player|p2|chichi099|giovanni|1254\n|teamsize|p1|6\n|teamsize|p2|6\n|gen|9\n|tier|[Gen 9] Doubles OU\n|rated|\n|rule|Species Clause: Limit one of each Pok\u00e9mon\n|rule|OHKO Clause: OHKO moves are banned\n|rule|Evasion Moves Clause: Evasion moves are banned\n|rule|Gravity Sleep Clause: The combination of sleep-inducing moves with imperfect accuracy and Gravity or Gigantamax Orbeetle are banned\n|rule|Endless Battle Clause: Forcing endless battles is banned\n|rule|HP Percentage Mod: HP is shown in percentages\n|clearpoke\n|poke|p1|Scyther, F|\n|poke|p1|Tyranitar, F|\n|poke|p1|Ursaluna, F|\n|poke|p1|Decidueye-Hisui, F|\n|poke|p1|Toxtricity-Low-Key, F|\n|poke|p1|Typhlosion-Hisui, F|\n|poke|p2|Iron Bundle|\n|poke|p2|Dragonite, M|\n|poke|p2|Gothitelle, F|\n|poke|p2|Amoonguss, F|\n|poke|p2|Tinkaton, F|\n|poke|p2|Chandelure, F|\n|teampreview\n|inactive|Battle timer is ON: inactive players will automatically lose when time's up. (requested by chichi099)\n|\n|t:|1699436464\n|start\n|switch|p1a: big boy himself|Scyther, F|100\/100\n|switch|p1b: weed smoker|Typhlosion-Hisui, F|100\/100\n|switch|p2a: Iron Bundle|Iron Bundle|100\/100\n|switch|p2b: Dragonite|Dragonite, M|100\/100\n|-item|p2a: Iron Bundle|Focus Sash|[from] ability: Frisk|[of] p1b: weed smoker|[identify]\n|-item|p2b: Dragonite|Weakness Policy|[from] ability: Frisk|[of] p1b: weed smoker|[identify]\n|turn|1\n|c|\u2606oceanofmemes|!weak iron bundle\n|c| oceanofmemes|\/raw <div class=\"infobox\">Iron Bundle (ignoring abilities):<br \/><span class=\"message-effect-weak\">Weaknesses<\/span>: Electric, Fighting, Grass, Rock<br \/><span class=\"message-effect-resist\">Resistances<\/span>: <b>Ice<\/b>, Water<br \/><span class=\"message-effect-immune\">Immunities<\/span>: Frozen, Hail damage<\/div>\n|\n|t:|1699436489\n|switch|p1b: dem legs!!|Decidueye-Hisui, F, shiny|100\/100\n|move|p2a: Iron Bundle|Icy Wind|p1a: big boy himself|[spread] p1a,p1b\n|-supereffective|p1a: big boy himself\n|-supereffective|p1b: dem legs!!\n|-damage|p1a: big boy himself|58\/100\n|-damage|p1b: dem legs!!|72\/100\n|-unboost|p1a: big boy himself|spe|1\n|-unboost|p1b: dem legs!!|spe|1\n|move|p2b: Dragonite|Dragon Dance|p2b: Dragonite\n|-boost|p2b: Dragonite|atk|1\n|-boost|p2b: Dragonite|spe|1\n|move|p1a: big boy himself|Tailwind|p1a: big boy himself\n|-sidestart|p1: oceanofmemes|move: Tailwind\n|\n|upkeep\n|turn|2\n|\n|t:|1699436517\n|move|p2b: Dragonite|Extreme Speed|p1a: big boy himself\n|-damage|p1a: big boy himself|11\/100\n|move|p1a: big boy himself|Dual Wingbeat|p2b: Dragonite\n|-damage|p2b: Dragonite|85\/100\n|-damage|p2b: Dragonite|52\/100\n|-hitcount|p2b: Dragonite|2\n|move|p2a: Iron Bundle|Icy Wind|p1a: big boy himself|[spread] p1a,p1b\n|-supereffective|p1a: big boy himself\n|-supereffective|p1b: dem legs!!\n|-damage|p1a: big boy himself|0 fnt\n|-damage|p1b: dem legs!!|43\/100\n|-unboost|p1b: dem legs!!|spe|1\n|faint|p1a: big boy himself\n|move|p1b: dem legs!!|Triple Arrows|p2a: Iron Bundle\n|-supereffective|p2a: Iron Bundle\n|-damage|p2a: Iron Bundle|17\/100\n|\n|upkeep\n|inactive|oceanofmemes has 120 seconds left.\n|\n|t:|1699436533\n|switch|p1a: rawrr|Tyranitar, F, shiny|100\/100\n|-weather|Sandstorm|[from] ability: Sand Stream|[of] p1a: rawrr\n|turn|3\n|\n|t:|1699436540\n|move|p2a: Iron Bundle|Protect|p2a: Iron Bundle\n|-singleturn|p2a: Iron Bundle|Protect\n|move|p2b: Dragonite|Earthquake|p1a: rawrr|[spread] p1a,p1b\n|-activate|p2a: Iron Bundle|move: Protect\n|-supereffective|p1a: rawrr\n|-resisted|p1b: dem legs!!\n|-damage|p1a: rawrr|27\/100\n|-damage|p1b: dem legs!!|18\/100\n|-enditem|p1b: dem legs!!|Aguav Berry|[eat]\n|-heal|p1b: dem legs!!|51\/100|[from] item: Aguav Berry\n|move|p1a: rawrr|Ice Punch|p2b: Dragonite\n|-supereffective|p2b: Dragonite\n|-damage|p2b: Dragonite|0 fnt\n|faint|p2b: Dragonite\n|move|p1b: dem legs!!|Triple Arrows|p2a: Iron Bundle\n|-activate|p2a: Iron Bundle|move: Protect\n|\n|-weather|Sandstorm|[upkeep]\n|-damage|p2a: Iron Bundle|12\/100|[from] Sandstorm\n|-damage|p1b: dem legs!!|45\/100|[from] Sandstorm\n|upkeep\n|\n|t:|1699436560\n|switch|p2b: Tinkaton|Tinkaton, F|100\/100\n|-ability|p2b: Tinkaton|Mold Breaker\n|turn|4\n|\n|t:|1699436578\n|move|p2b: Tinkaton|Fake Out|p1a: rawrr\n|-resisted|p1a: rawrr\n|-damage|p1a: rawrr|23\/100\n|move|p2a: Iron Bundle|Icy Wind|p1b: dem legs!!|[spread] p1a,p1b\n|-supereffective|p1b: dem legs!!\n|-damage|p1a: rawrr|16\/100\n|-damage|p1b: dem legs!!|16\/100\n|-unboost|p1a: rawrr|spe|1\n|-unboost|p1b: dem legs!!|spe|1\n|cant|p1a: rawrr|flinch\n|move|p1b: dem legs!!|Triple Arrows|p2a: Iron Bundle\n|-supereffective|p2a: Iron Bundle\n|-damage|p2a: Iron Bundle|0 fnt\n|faint|p2a: Iron Bundle\n|-end|p2a: Iron Bundle|Quark Drive|[silent]\n|\n|-weather|Sandstorm|[upkeep]\n|-damage|p1b: dem legs!!|10\/100|[from] Sandstorm\n|-sideend|p1: oceanofmemes|move: Tailwind\n|upkeep\n|\n|t:|1699436597\n|switch|p2a: Chandelure|Chandelure, F|100\/100\n|turn|5\n|\n|t:|1699436622\n|switch|p1a: feddy fazbore|Ursaluna, F, shiny|100\/100\n|move|p2b: Tinkaton|Helping Hand|p2a: Chandelure\n|-singleturn|p2a: Chandelure|Helping Hand|[of] p2b: Tinkaton\n|move|p2a: Chandelure|Heat Wave|p1b: dem legs!!|[spread] p1a,p1b\n|-supereffective|p1b: dem legs!!\n|-damage|p1a: feddy fazbore|49\/100\n|-damage|p1b: dem legs!!|0 fnt\n|faint|p1b: dem legs!!\n|\n|-weather|Sandstorm|[upkeep]\n|-damage|p2a: Chandelure|94\/100|[from] Sandstorm\n|-status|p1a: feddy fazbore|brn|[from] item: Flame Orb\n|upkeep\n|\n|t:|1699436632\n|switch|p1b: rawrr|Tyranitar, F, shiny|16\/100\n|turn|6\n|\n|t:|1699436640\n|move|p2b: Tinkaton|Protect|p2b: Tinkaton\n|-singleturn|p2b: Tinkaton|Protect\n|move|p2a: Chandelure|Heat Wave|p1b: rawrr|[spread] p1a,p1b\n|-resisted|p1b: rawrr\n|-damage|p1a: feddy fazbore|15\/100 brn\n|-damage|p1b: rawrr|7\/100\n|move|p1b: rawrr|Knock Off|p2a: Chandelure\n|-supereffective|p2a: Chandelure\n|-damage|p2a: Chandelure|0 fnt\n|-enditem|p2a: Chandelure|Choice Scarf|[from] move: Knock Off|[of] p1b: rawrr\n|faint|p2a: Chandelure\n|move|p1a: feddy fazbore|Headlong Rush|p2b: Tinkaton\n|-activate|p2b: Tinkaton|move: Protect\n|\n|-weather|Sandstorm|[upkeep]\n|-damage|p1a: feddy fazbore|8\/100 brn|[from] brn\n|upkeep\n|\n|t:|1699436661\n|switch|p2a: Gothitelle|Gothitelle, F, shiny|100\/100\n|turn|7\n|\n|t:|1699436672\n|switch|p2b: Amoonguss|Amoonguss, F|100\/100\n|move|p1b: rawrr|Knock Off|p2a: Gothitelle\n|-supereffective|p2a: Gothitelle\n|-damage|p2a: Gothitelle|0 fnt\n|-enditem|p2a: Gothitelle|Lum Berry|[from] move: Knock Off|[of] p1b: rawrr\n|faint|p2a: Gothitelle\n|move|p1a: feddy fazbore|Headlong Rush|p2b: Amoonguss\n|-damage|p2b: Amoonguss|0 fnt\n|-unboost|p1a: feddy fazbore|def|1\n|-unboost|p1a: feddy fazbore|spd|1\n|faint|p2b: Amoonguss\n|\n|-weather|none\n|-damage|p1a: feddy fazbore|2\/100 brn|[from] brn\n|upkeep\n|\n|t:|1699436689\n|switch|p2b: Tinkaton|Tinkaton, F|100\/100\n|-ability|p2b: Tinkaton|Mold Breaker\n|turn|8\n|\n|t:|1699436699\n|move|p2b: Tinkaton|Protect|p2b: Tinkaton\n|-singleturn|p2b: Tinkaton|Protect\n|move|p1b: rawrr|High Horsepower|p1a: feddy fazbore\n|-damage|p1a: feddy fazbore|0 fnt\n|faint|p1a: feddy fazbore\n|\n|upkeep\n|c|\u2606oceanofmemes|MISCLOCK\n|\n|t:|1699436720\n|switch|p1a: hatsune miku|Toxtricity-Low-Key, F, shiny|100\/100\n|turn|9\n|\n|t:|1699436729\n|move|p2b: Tinkaton|Gigaton Hammer|p1a: hatsune miku\n|-resisted|p1a: hatsune miku\n|-damage|p1a: hatsune miku|53\/100\n|move|p1a: hatsune miku|Hyper Voice|p2b: Tinkaton\n|-resisted|p2b: Tinkaton\n|-damage|p2b: Tinkaton|84\/100\n|-enditem|p1a: hatsune miku|Throat Spray\n|-boost|p1a: hatsune miku|spa|1|[from] item: Throat Spray\n|move|p1b: rawrr|High Horsepower|p2b: Tinkaton\n|-supereffective|p2b: Tinkaton\n|-damage|p2b: Tinkaton|0 fnt\n|faint|p2b: Tinkaton\n|\n|win|oceanofmemes\n|raw|oceanofmemes's rating: 1232 &rarr; <strong>1259<\/strong><br \/>(+27 for winning)\n|raw|chichi099's rating: 1254 &rarr; <strong>1227<\/strong><br \/>(-27 for losing)\n|c|\u2606oceanofmemes|ggwp\n","uploadtime":1699436745,"views":9,"p1id":"oceanofmemes","p2id":"chichi099","formatid":"gen9doublesou","rating":1227,"private":0,"password":""}