{"id":"gen9doublesou-1973721394","p1":"Surigato","p2":"C trepas drole","format":"[Gen 9] Doubles OU","log":"|j|\u2606Surigato\n|j|\u2606C trepas drole\n|t:|1698006794\n|gametype|doubles\n|player|p1|Surigato|101|1105\n|player|p2|C trepas drole|266|1104\n|teamsize|p1|6\n|teamsize|p2|6\n|gen|9\n|tier|[Gen 9] Doubles OU\n|rated|\n|rule|Species Clause: Limit one of each Pok\u00e9mon\n|rule|OHKO Clause: OHKO moves are banned\n|rule|Evasion Moves Clause: Evasion moves are banned\n|rule|Gravity Sleep Clause: The combination of sleep-inducing moves with imperfect accuracy and Gravity or Gigantamax Orbeetle are banned\n|rule|Endless Battle Clause: Forcing endless battles is banned\n|rule|HP Percentage Mod: HP is shown in percentages\n|clearpoke\n|poke|p1|Ninetales-Alola, F|\n|poke|p1|Sandslash-Alola, M|\n|poke|p1|Mamoswine, M|\n|poke|p1|Pelipper, F|\n|poke|p1|Drednaw, M|\n|poke|p1|Thundurus, M|\n|poke|p2|Goodra-Hisui, M|\n|poke|p2|Furret, M|\n|poke|p2|Empoleon, M|\n|poke|p2|Bronzong|\n|poke|p2|Politoed, F|\n|poke|p2|Skuntank, M|\n|teampreview\n|inactive|Battle timer is ON: inactive players will automatically lose when time's up. (requested by C trepas drole)\n|\n|t:|1698006810\n|start\n|switch|p1a: Pelipper|Pelipper, F|100\/100\n|switch|p1b: Drednaw|Drednaw, M|100\/100\n|switch|p2a: Bronzong|Bronzong|100\/100\n|switch|p2b: Empoleon|Empoleon, M|100\/100\n|-weather|RainDance|[from] ability: Drizzle|[of] p1a: Pelipper\n|turn|1\n|\n|t:|1698006832\n|-terastallize|p1b: Drednaw|Grass\n|move|p1b: Drednaw|Shell Smash|p1b: Drednaw\n|-unboost|p1b: Drednaw|def|1\n|-unboost|p1b: Drednaw|spd|1\n|-boost|p1b: Drednaw|atk|2\n|-boost|p1b: Drednaw|spa|2\n|-boost|p1b: Drednaw|spe|2\n|-enditem|p1b: Drednaw|White Herb\n|-clearnegativeboost|p1b: Drednaw|[silent]\n|move|p1a: Pelipper|Knock Off|p2a: Bronzong\n|-supereffective|p2a: Bronzong\n|-damage|p2a: Bronzong|77\/100\n|-enditem|p2a: Bronzong|Leftovers|[from] move: Knock Off|[of] p1a: Pelipper\n|move|p2b: Empoleon|Grass Knot|p1b: Drednaw\n|-resisted|p1b: Drednaw\n|-damage|p1b: Drednaw|80\/100\n|move|p2a: Bronzong|Trick Room|p2a: Bronzong\n|-fieldstart|move: Trick Room|[of] p2a: Bronzong\n|\n|-weather|RainDance|[upkeep]\n|upkeep\n|turn|2\n|\n|t:|1698006856\n|move|p2a: Bronzong|Bulldoze|p1b: Drednaw|[spread] p2b,p1b\n|-immune|p1a: Pelipper\n|-supereffective|p2b: Empoleon\n|-resisted|p1b: Drednaw\n|-damage|p2b: Empoleon|83\/100\n|-damage|p1b: Drednaw|75\/100\n|-unboost|p2b: Empoleon|spe|1\n|-unboost|p1b: Drednaw|spe|1\n|-enditem|p2b: Empoleon|Weakness Policy\n|-boost|p2b: Empoleon|atk|2|[from] item: Weakness Policy\n|-boost|p2b: Empoleon|spa|2|[from] item: Weakness Policy\n|move|p2b: Empoleon|Ice Beam|p1b: Drednaw\n|-supereffective|p1b: Drednaw\n|-damage|p1b: Drednaw|0 fnt\n|faint|p1b: Drednaw\n|move|p1a: Pelipper|Hydro Pump|p2a: Bronzong|[miss]\n|-miss|p1a: Pelipper|p2a: Bronzong\n|\n|-weather|RainDance|[upkeep]\n|upkeep\n|inactive|Surigato has 120 seconds left.\n|\n|t:|1698006871\n|switch|p1b: Thundurus|Thundurus, M|100\/100\n|turn|3\n|\n|t:|1698006883\n|move|p2a: Bronzong|Metal Sound|p1b: Thundurus\n|-unboost|p1b: Thundurus|spd|2\n|move|p2b: Empoleon|Ice Beam|p1b: Thundurus\n|-supereffective|p1b: Thundurus\n|-damage|p1b: Thundurus|0 fnt\n|faint|p1b: Thundurus\n|move|p1a: Pelipper|Hydro Pump|p2a: Bronzong\n|-damage|p2a: Bronzong|12\/100\n|\n|-weather|RainDance|[upkeep]\n|upkeep\n|inactive|Surigato has 120 seconds left.\n|\n|t:|1698006908\n|switch|p1b: Mamoswine|Mamoswine, M|100\/100\n|turn|4\n|\n|t:|1698006924\n|move|p2a: Bronzong|Metal Sound|p1a: Pelipper|[miss]\n|-miss|p2a: Bronzong|p1a: Pelipper\n|move|p2b: Empoleon|Surf|p1a: Pelipper|[spread] p2a,p1a,p1b\n|-resisted|p1a: Pelipper\n|-supereffective|p1b: Mamoswine\n|-damage|p2a: Bronzong|0 fnt\n|-damage|p1a: Pelipper|16\/100\n|-damage|p1b: Mamoswine|0 fnt\n|faint|p2a: Bronzong\n|faint|p1b: Mamoswine\n|move|p1a: Pelipper|Hurricane|p2b: Empoleon\n|-resisted|p2b: Empoleon\n|-damage|p2b: Empoleon|60\/100\n|\n|-weather|RainDance|[upkeep]\n|upkeep\n|\n|t:|1698006938\n|switch|p2a: Furret|Furret, M|100\/100\n|switch|p1b: Ninetales|Ninetales-Alola, F|100\/100\n|-weather|Snow|[from] ability: Snow Warning|[of] p1b: Ninetales\n|-item|p1a: Pelipper|Damp Rock|[from] ability: Frisk|[of] p2a: Furret|[identify]\n|-item|p1b: Ninetales|Icy Rock|[from] ability: Frisk|[of] p2a: Furret|[identify]\n|turn|5\n|l|\u2606Surigato\n|inactive|Surigato disconnected and has a minute to reconnect!\n|player|p1|\n|inactive|Surigato has 30 seconds to reconnect!\n|inactive|Surigato has 20 seconds to reconnect!\n|inactive|Surigato has 15 seconds to reconnect!\n|inactive|Surigato has 10 seconds to reconnect!\n|inactive|Surigato has 5 seconds to reconnect!\n|-message|Surigato lost due to inactivity.\n|\n|win|C trepas drole\n|raw|Surigato's rating: 1105 &rarr; <strong>1080<\/strong><br \/>(-25 for losing)\n|raw|C trepas drole's rating: 1104 &rarr; <strong>1129<\/strong><br \/>(+25 for winning)\n","uploadtime":1698007013,"views":11,"p1id":"surigato","p2id":"ctrepasdrole","formatid":"gen9doublesou","rating":1080,"private":0,"password":""}