{"id":"gen9doublesou-1987840662","p1":"Commonblue","p2":"Howfalcons","format":"[Gen 9] Doubles OU","log":"|j|\u2606Commonblue\n|j|\u2606Howfalcons\n|t:|1699641711\n|gametype|doubles\n|player|p1|Commonblue|benga|1586\n|player|p2|Howfalcons|clown|1617\n|teamsize|p1|6\n|teamsize|p2|6\n|gen|9\n|tier|[Gen 9] Doubles OU\n|rated|\n|rule|Species Clause: Limit one of each Pok\u00e9mon\n|rule|OHKO Clause: OHKO moves are banned\n|rule|Evasion Moves Clause: Evasion moves are banned\n|rule|Gravity Sleep Clause: The combination of sleep-inducing moves with imperfect accuracy and Gravity or Gigantamax Orbeetle are banned\n|rule|Endless Battle Clause: Forcing endless battles is banned\n|rule|HP Percentage Mod: HP is shown in percentages\n|clearpoke\n|poke|p1|Glimmora, F|\n|poke|p1|Sinistcha|\n|poke|p1|Chien-Pao|\n|poke|p1|Dragonite, M|\n|poke|p1|Diancie|\n|poke|p1|Basculegion-F, F|\n|poke|p2|Iron Hands|\n|poke|p2|Flutter Mane|\n|poke|p2|Kleavor, F|\n|poke|p2|Samurott-Hisui, M|\n|poke|p2|Chi-Yu|\n|poke|p2|Tornadus, M|\n|teampreview\n|\n|t:|1699641729\n|start\n|switch|p1a: Glimmora|Glimmora, F|100\/100\n|switch|p1b: Diancie|Diancie|100\/100\n|switch|p2a: Kleavor|Kleavor, F|100\/100\n|switch|p2b: Hamurott|Samurott-Hisui, M|100\/100\n|-item|p1a: Glimmora|Air Balloon\n|turn|1\n|\n|t:|1699641776\n|move|p1a: Glimmora|Power Gem|p2a: Kleavor\n|-supereffective|p2a: Kleavor\n|-enditem|p2a: Kleavor|Focus Sash\n|-damage|p2a: Kleavor|1\/100\n|move|p2a: Kleavor|Stone Axe|p1a: Glimmora\n|-damage|p1a: Glimmora|37\/100\n|-activate|p1a: Glimmora|ability: Toxic Debris\n|-sidestart|p2: Howfalcons|move: Toxic Spikes\n|-enditem|p1a: Glimmora|Air Balloon\n|-sidestart|p1: Commonblue|move: Stealth Rock\n|move|p2b: Hamurott|Ceaseless Edge|p1a: Glimmora\n|-damage|p1a: Glimmora|0 fnt\n|-activate|p1a: Glimmora|ability: Toxic Debris\n|-sidestart|p2: Howfalcons|move: Toxic Spikes\n|-sidestart|p1: Commonblue|Spikes\n|faint|p1a: Glimmora\n|move|p1b: Diancie|Diamond Storm|p2a: Kleavor|[spread] p2a,p2b\n|-supereffective|p2a: Kleavor\n|-crit|p2a: Kleavor\n|-damage|p2a: Kleavor|0 fnt\n|-damage|p2b: Hamurott|70\/100\n|faint|p2a: Kleavor\n|\n|upkeep\n|\n|t:|1699641802\n|switch|p1a: Dragonite|Dragonite, M|100\/100\n|switch|p2a: Tornadus|Tornadus, M|100\/100\n|-damage|p1a: Dragonite|76\/100|[from] Stealth Rock\n|turn|2\n|\n|t:|1699641813\n|move|p2a: Tornadus|Tailwind|p2a: Tornadus\n|-sidestart|p2: Howfalcons|move: Tailwind\n|move|p2b: Hamurott|Aqua Cutter|p1b: Diancie\n|-supereffective|p1b: Diancie\n|-damage|p1b: Diancie|19\/100\n|move|p1a: Dragonite|Scale Shot|p2a: Tornadus\n|-damage|p2a: Tornadus|81\/100\n|-damage|p2a: Tornadus|62\/100\n|-damage|p2a: Tornadus|43\/100\n|-damage|p2a: Tornadus|24\/100\n|-hitcount|p2a: Tornadus|4\n|-unboost|p1a: Dragonite|def|1\n|-boost|p1a: Dragonite|spe|1\n|move|p1b: Diancie|Body Press|p2b: Hamurott\n|-supereffective|p2b: Hamurott\n|-damage|p2b: Hamurott|16\/100\n|\n|-heal|p1b: Diancie|25\/100|[from] item: Leftovers\n|upkeep\n|turn|3\n|\n|t:|1699641848\n|move|p1a: Dragonite|Protect|p1a: Dragonite\n|-singleturn|p1a: Dragonite|Protect\n|move|p2a: Tornadus|Bleakwind Storm|p1a: Dragonite|[spread] p1b\n|-activate|p1a: Dragonite|move: Protect\n|-resisted|p1b: Diancie\n|-damage|p1b: Diancie|14\/100\n|move|p2b: Hamurott|Ceaseless Edge|p1b: Diancie\n|-resisted|p1b: Diancie\n|-damage|p1b: Diancie|0 fnt\n|-sidestart|p1: Commonblue|Spikes\n|faint|p1b: Diancie\n|\n|upkeep\n|\n|t:|1699641862\n|switch|p1b: Chien-Pao|Chien-Pao|100\/100\n|-damage|p1b: Chien-Pao|76\/100|[from] Stealth Rock\n|-damage|p1b: Chien-Pao|59\/100|[from] Spikes\n|-ability|p1b: Chien-Pao|Sword of Ruin\n|turn|4\n|\n|t:|1699641893\n|move|p1a: Dragonite|Extreme Speed|p2a: Tornadus\n|-damage|p2a: Tornadus|0 fnt\n|faint|p2a: Tornadus\n|move|p1b: Chien-Pao|Sucker Punch|p2b: Hamurott\n|-resisted|p2b: Hamurott\n|-damage|p2b: Hamurott|0 fnt\n|faint|p2b: Hamurott\n|\n|upkeep\n|\n|t:|1699641900\n|switch|p2a: Flutter Mane|Flutter Mane|100\/100\n|switch|p2b: Chi-Yu|Chi-Yu|100\/100\n|-status|p2b: Chi-Yu|tox\n|-ability|p2b: Chi-Yu|Beads of Ruin\n|-status|p2a: Flutter Mane|tox\n|turn|5\n|\n|t:|1699641919\n|-terastallize|p2a: Flutter Mane|Fairy\n|move|p1b: Chien-Pao|Protect|p1b: Chien-Pao\n|-singleturn|p1b: Chien-Pao|Protect\n|move|p1a: Dragonite|Protect|p1a: Dragonite\n|-singleturn|p1a: Dragonite|Protect\n|move|p2b: Chi-Yu|Heat Wave|p1a: Dragonite|[spread] \n|-activate|p1a: Dragonite|move: Protect\n|-activate|p1b: Chien-Pao|move: Protect\n|move|p2a: Flutter Mane|Dazzling Gleam|p1a: Dragonite|[spread] \n|-activate|p1a: Dragonite|move: Protect\n|-activate|p1b: Chien-Pao|move: Protect\n|\n|-damage|p2b: Chi-Yu|94\/100 tox|[from] psn\n|-damage|p2a: Flutter Mane|94\/100 tox|[from] psn\n|-sideend|p2: Howfalcons|move: Tailwind\n|upkeep\n|turn|6\n|\n|t:|1699641937\n|switch|p1b: Basculegion|Basculegion-F, F|100\/100\n|-damage|p1b: Basculegion|88\/100|[from] Stealth Rock\n|-damage|p1b: Basculegion|72\/100|[from] Spikes\n|-terastallize|p1a: Dragonite|Normal\n|move|p1a: Dragonite|Extreme Speed|p2a: Flutter Mane\n|-damage|p2a: Flutter Mane|16\/100 tox\n|move|p2b: Chi-Yu|Heat Wave|p1b: Basculegion|[spread] p1a,p1b\n|-resisted|p1b: Basculegion\n|-damage|p1a: Dragonite|29\/100\n|-damage|p1b: Basculegion|42\/100\n|-status|p1b: Basculegion|brn\n|move|p2a: Flutter Mane|Dazzling Gleam|p1a: Dragonite|[spread] p1a,p1b\n|-damage|p1a: Dragonite|0 fnt\n|-damage|p1b: Basculegion|0 fnt\n|faint|p1a: Dragonite\n|faint|p1b: Basculegion\n|\n|-damage|p2b: Chi-Yu|82\/100 tox|[from] psn\n|-damage|p2a: Flutter Mane|4\/100 tox|[from] psn\n|upkeep\n|\n|t:|1699641956\n|switch|p1b: Chien-Pao|Chien-Pao|59\/100\n|switch|p1a: Sinistcha|Sinistcha|100\/100\n|-damage|p1b: Chien-Pao|34\/100|[from] Stealth Rock\n|-damage|p1b: Chien-Pao|17\/100|[from] Spikes\n|-ability|p1b: Chien-Pao|Sword of Ruin\n|-damage|p1a: Sinistcha|88\/100|[from] Stealth Rock\n|-damage|p1a: Sinistcha|72\/100|[from] Spikes\n|-heal|p1b: Chien-Pao|42\/100|[from] ability: Hospitality|[of] p1a: Sinistcha\n|turn|7\n|-message|Commonblue forfeited.\n|\n|win|Howfalcons\n|raw|Commonblue's rating: 1586 &rarr; <strong>1568<\/strong><br \/>(-18 for losing)\n|raw|Howfalcons's rating: 1617 &rarr; <strong>1635<\/strong><br \/>(+18 for winning)\n|l|\u2606Commonblue\n|l|\u2606Howfalcons\n|j|\u2606Howfalcons\n|player|p2|Howfalcons|clown\n","uploadtime":1699641983,"views":22,"p1id":"commonblue","p2id":"howfalcons","formatid":"gen9doublesou","rating":1568,"private":0,"password":""}