{"id":"gen9doublesou-1973059239","p1":"mikeyuwu","p2":"Kordelion","format":"[Gen 9] Doubles OU","log":"|j|\u2606mikeyuwu\n|j|\u2606Kordelion\n|t:|1697923190\n|gametype|doubles\n|player|p1|mikeyuwu|psychic-gen4|1296\n|player|p2|Kordelion|roxie|1212\n|teamsize|p1|6\n|teamsize|p2|6\n|gen|9\n|tier|[Gen 9] Doubles OU\n|rated|\n|rule|Species Clause: Limit one of each Pok\u00e9mon\n|rule|OHKO Clause: OHKO moves are banned\n|rule|Evasion Moves Clause: Evasion moves are banned\n|rule|Gravity Sleep Clause: The combination of sleep-inducing moves with imperfect accuracy and Gravity or Gigantamax Orbeetle are banned\n|rule|Endless Battle Clause: Forcing endless battles is banned\n|rule|HP Percentage Mod: HP is shown in percentages\n|clearpoke\n|poke|p1|Garchomp, M|\n|poke|p1|Tyranitar, F|\n|poke|p1|Vaporeon, F|\n|poke|p1|Toxicroak, M|\n|poke|p1|Pelipper, F|\n|poke|p1|Abomasnow, M|\n|poke|p2|Pincurchin, M|\n|poke|p2|Ribombee, F|\n|poke|p2|Skeledirge, M|\n|poke|p2|Cresselia, F|\n|poke|p2|Ogerpon-Wellspring, F|\n|poke|p2|Kingambit, M|\n|teampreview\n|\n|t:|1697923201\n|start\n|switch|p1a: OTLHPM|Toxicroak, M|100\/100\n|switch|p1b: Cold Shoulder|Abomasnow, M, shiny|100\/100\n|switch|p2a: Skeledirge|Skeledirge, M|100\/100\n|switch|p2b: Ribombee|Ribombee, F|100\/100\n|-weather|Snow|[from] ability: Snow Warning|[of] p1b: Cold Shoulder\n|turn|1\n|\n|t:|1697923211\n|switch|p1b: Weather War|Pelipper, F|100\/100\n|-weather|RainDance|[from] ability: Drizzle|[of] p1b: Weather War\n|move|p2b: Ribombee|Tailwind|p2b: Ribombee\n|-sidestart|p2: Kordelion|move: Tailwind\n|move|p2a: Skeledirge|Torch Song|p1b: Weather War\n|-resisted|p1b: Weather War\n|-damage|p1b: Weather War|89\/100\n|-boost|p2a: Skeledirge|spa|1\n|move|p1a: OTLHPM|Poison Jab|p2b: Ribombee\n|-supereffective|p2b: Ribombee\n|-enditem|p2b: Ribombee|Focus Sash\n|-damage|p2b: Ribombee|1\/100\n|\n|-weather|RainDance|[upkeep]\n|upkeep\n|turn|2\n|\n|t:|1697923227\n|move|p2b: Ribombee|Sticky Web|p1a: OTLHPM\n|-sidestart|p1: mikeyuwu|move: Sticky Web\n|move|p2a: Skeledirge|Will-O-Wisp|p1a: OTLHPM\n|-status|p1a: OTLHPM|brn\n|move|p1a: OTLHPM|Earthquake|p2b: Ribombee|[spread] p2a,p2b\n|-immune|p1b: Weather War\n|-supereffective|p2a: Skeledirge\n|-crit|p2a: Skeledirge\n|-resisted|p2b: Ribombee\n|-damage|p2a: Skeledirge|72\/100\n|-damage|p2b: Ribombee|0 fnt\n|faint|p2b: Ribombee\n|move|p1b: Weather War|Chilling Water|p2a: Skeledirge\n|-supereffective|p2a: Skeledirge\n|-damage|p2a: Skeledirge|24\/100\n|-unboost|p2a: Skeledirge|atk|1\n|\n|-weather|RainDance|[upkeep]\n|-heal|p2a: Skeledirge|30\/100|[from] item: Leftovers\n|-damage|p1a: OTLHPM|94\/100 brn|[from] brn\n|upkeep\n|\n|t:|1697923242\n|switch|p2b: Pincurchin|Pincurchin, M|100\/100\n|-fieldstart|move: Electric Terrain|[from] ability: Electric Surge|[of] p2b: Pincurchin\n|-enditem|p2b: Pincurchin|Electric Seed\n|-boost|p2b: Pincurchin|def|1|[from] item: Electric Seed\n|turn|3\n|\n|t:|1697923251\n|switch|p2a: Ogerpon|Ogerpon-Wellspring, F|100\/100\n|switch|p1b: Extra Spicy|Garchomp, M|100\/100\n|-activate|p1b: Extra Spicy|move: Sticky Web\n|-unboost|p1b: Extra Spicy|spe|1\n|move|p1a: OTLHPM|Earthquake|p2a: Ogerpon|[spread] p1b,p2a,p2b\n|-resisted|p2a: Ogerpon\n|-supereffective|p2b: Pincurchin\n|-damage|p1b: Extra Spicy|94\/100\n|-damage|p2a: Ogerpon|94\/100\n|-damage|p2b: Pincurchin|83\/100\n|move|p2b: Pincurchin|Acupressure|p2a: Ogerpon\n|-boost|p2a: Ogerpon|atk|2\n|\n|-weather|RainDance|[upkeep]\n|-heal|p1a: OTLHPM|100\/100 brn|[from] ability: Dry Skin\n|-damage|p1a: OTLHPM|94\/100 brn|[from] brn\n|upkeep\n|turn|4\n|\n|t:|1697923279\n|switch|p1a: Cold Shoulder|Abomasnow, M, shiny|100\/100\n|-activate|p1a: Cold Shoulder|move: Sticky Web\n|-unboost|p1a: Cold Shoulder|spe|1\n|-weather|Snow|[from] ability: Snow Warning|[of] p1a: Cold Shoulder\n|-terastallize|p2b: Pincurchin|Flying\n|move|p2a: Ogerpon|Ivy Cudgel|p1b: Extra Spicy\n|-damage|p1b: Extra Spicy|22\/100\n|move|p1b: Extra Spicy|Poison Jab|p2a: Ogerpon\n|-supereffective|p2a: Ogerpon\n|-damage|p2a: Ogerpon|53\/100\n|move|p2b: Pincurchin|Acupressure|p2a: Ogerpon\n|-boost|p2a: Ogerpon|def|2\n|\n|-weather|Snow|[upkeep]\n|-sideend|p2: Kordelion|move: Tailwind\n|upkeep\n|turn|5\n|\n|t:|1697923307\n|move|p2a: Ogerpon|Horn Leech|p1b: Extra Spicy\n|-damage|p1b: Extra Spicy|0 fnt\n|-heal|p2a: Ogerpon|65\/100|[from] drain|[of] p1b: Extra Spicy\n|-damage|p2a: Ogerpon|53\/100|[from] ability: Rough Skin|[of] p1b: Extra Spicy\n|-damage|p2a: Ogerpon|36\/100|[from] item: Rocky Helmet|[of] p1b: Extra Spicy\n|faint|p1b: Extra Spicy\n|move|p1a: Cold Shoulder|Blizzard|p2a: Ogerpon|[spread] p2a,p2b\n|-supereffective|p2b: Pincurchin\n|-damage|p2a: Ogerpon|9\/100\n|-damage|p2b: Pincurchin|31\/100\n|move|p2b: Pincurchin|Thunder Wave|p1a: Cold Shoulder\n|-status|p1a: Cold Shoulder|par\n|\n|-weather|Snow|[upkeep]\n|upkeep\n|\n|t:|1697923320\n|switch|p1b: ThcrThnSnkr|Tyranitar, F|100\/100\n|-activate|p1b: ThcrThnSnkr|move: Sticky Web\n|-unboost|p1b: ThcrThnSnkr|spe|1\n|-weather|Sandstorm|[from] ability: Sand Stream|[of] p1b: ThcrThnSnkr\n|turn|6\n|\n|t:|1697923331\n|switch|p1b: OTLHPM|Toxicroak, M|94\/100 brn\n|-activate|p1b: OTLHPM|move: Sticky Web\n|-unboost|p1b: OTLHPM|spe|1\n|move|p2a: Ogerpon|Horn Leech|p1b: OTLHPM\n|-resisted|p1b: OTLHPM\n|-damage|p1b: OTLHPM|27\/100 brn\n|-heal|p2a: Ogerpon|40\/100|[from] drain|[of] p1b: OTLHPM\n|move|p2b: Pincurchin|Recover|p2b: Pincurchin\n|-heal|p2b: Pincurchin|81\/100\n|move|p1a: Cold Shoulder|Blizzard|p2b: Pincurchin|[spread] p2a\n|-miss|p1a: Cold Shoulder|p2b: Pincurchin\n|-damage|p2a: Ogerpon|12\/100\n|\n|-weather|Sandstorm|[upkeep]\n|-damage|p2a: Ogerpon|6\/100|[from] Sandstorm\n|-damage|p1b: OTLHPM|20\/100 brn|[from] Sandstorm\n|-damage|p2b: Pincurchin|75\/100|[from] Sandstorm\n|-damage|p1a: Cold Shoulder|94\/100 par|[from] Sandstorm\n|-heal|p1b: OTLHPM|27\/100 brn|[from] item: Black Sludge\n|-damage|p1b: OTLHPM|20\/100 brn|[from] brn\n|upkeep\n|turn|7\n|\n|t:|1697923351\n|move|p2a: Ogerpon|Spiky Shield|p2a: Ogerpon\n|-singleturn|p2a: Ogerpon|move: Protect\n|move|p1b: OTLHPM|Poison Jab|p2a: Ogerpon\n|-activate|p2a: Ogerpon|move: Protect\n|-damage|p1b: OTLHPM|8\/100 brn|[from] Spiky Shield|[of] p2a: Ogerpon\n|move|p2b: Pincurchin|Spikes|p1b: OTLHPM\n|-sidestart|p1: mikeyuwu|Spikes\n|cant|p1a: Cold Shoulder|par\n|\n|-weather|Sandstorm|[upkeep]\n|-damage|p2a: Ogerpon|0 fnt|[from] Sandstorm\n|-damage|p1b: OTLHPM|2\/100 brn|[from] Sandstorm\n|-damage|p2b: Pincurchin|69\/100|[from] Sandstorm\n|-damage|p1a: Cold Shoulder|88\/100 par|[from] Sandstorm\n|faint|p2a: Ogerpon\n|-heal|p1b: OTLHPM|8\/100 brn|[from] item: Black Sludge\n|-damage|p1b: OTLHPM|2\/100 brn|[from] brn\n|-fieldend|move: Electric Terrain\n|upkeep\n|\n|t:|1697923372\n|switch|p2a: Skeledirge|Skeledirge, M|30\/100\n|turn|8\n|\n|t:|1697923388\n|switch|p1a: Harmacy|Vaporeon, F|100\/100\n|-activate|p1a: Harmacy|move: Sticky Web\n|-unboost|p1a: Harmacy|spe|1\n|-damage|p1a: Harmacy|88\/100|[from] Spikes\n|move|p2a: Skeledirge|Slack Off|p2a: Skeledirge\n|-heal|p2a: Skeledirge|80\/100\n|move|p1b: OTLHPM|Earthquake|p2a: Skeledirge|[spread] p1a,p2a\n|-immune|p2b: Pincurchin\n|-supereffective|p2a: Skeledirge\n|-damage|p1a: Harmacy|78\/100\n|-damage|p2a: Skeledirge|61\/100\n|move|p2b: Pincurchin|Acupressure|p2a: Skeledirge\n|-boost|p2a: Skeledirge|evasion|2\n|\n|-weather|Sandstorm|[upkeep]\n|-damage|p2a: Skeledirge|54\/100|[from] Sandstorm\n|-damage|p1b: OTLHPM|0 fnt|[from] Sandstorm\n|-damage|p1a: Harmacy|72\/100|[from] Sandstorm\n|-damage|p2b: Pincurchin|63\/100|[from] Sandstorm\n|faint|p1b: OTLHPM\n|-heal|p2a: Skeledirge|61\/100|[from] item: Leftovers\n|-heal|p1a: Harmacy|78\/100|[from] item: Leftovers\n|upkeep\n|\n|t:|1697923394\n|switch|p1b: ThcrThnSnkr|Tyranitar, F|100\/100\n|-activate|p1b: ThcrThnSnkr|move: Sticky Web\n|-unboost|p1b: ThcrThnSnkr|spe|1\n|-damage|p1b: ThcrThnSnkr|88\/100|[from] Spikes\n|turn|9\n|\n|t:|1697923415\n|move|p2a: Skeledirge|Will-O-Wisp|p1b: ThcrThnSnkr\n|-status|p1b: ThcrThnSnkr|brn\n|move|p1b: ThcrThnSnkr|Rock Slide|p2a: Skeledirge|[spread] p2b\n|-miss|p1b: ThcrThnSnkr|p2a: Skeledirge\n|-supereffective|p2b: Pincurchin\n|-damage|p2b: Pincurchin|43\/100\n|move|p1a: Harmacy|Weather Ball|p2a: Skeledirge\n|-supereffective|p2a: Skeledirge\n|-damage|p2a: Skeledirge|11\/100\n|cant|p2b: Pincurchin|flinch\n|\n|-weather|Sandstorm|[upkeep]\n|-damage|p2a: Skeledirge|5\/100|[from] Sandstorm\n|-damage|p1a: Harmacy|72\/100|[from] Sandstorm\n|-damage|p2b: Pincurchin|37\/100|[from] Sandstorm\n|-heal|p2a: Skeledirge|11\/100|[from] item: Leftovers\n|-heal|p1a: Harmacy|78\/100|[from] item: Leftovers\n|-damage|p1b: ThcrThnSnkr|82\/100 brn|[from] brn\n|upkeep\n|turn|10\n|\n|t:|1697923434\n|move|p2a: Skeledirge|Slack Off|p2a: Skeledirge\n|-heal|p2a: Skeledirge|61\/100\n|move|p1b: ThcrThnSnkr|Thunderbolt|p2b: Pincurchin\n|-supereffective|p2b: Pincurchin\n|-damage|p2b: Pincurchin|0 fnt\n|faint|p2b: Pincurchin\n|move|p1a: Harmacy|Weather Ball|p2a: Skeledirge\n|-supereffective|p2a: Skeledirge\n|-damage|p2a: Skeledirge|10\/100\n|\n|-weather|none\n|-heal|p2a: Skeledirge|16\/100|[from] item: Leftovers\n|-heal|p1a: Harmacy|85\/100|[from] item: Leftovers\n|-damage|p1b: ThcrThnSnkr|76\/100 brn|[from] brn\n|upkeep\n|\n|t:|1697923444\n|switch|p2b: Cresselia|Cresselia, F|100\/100\n|turn|11\n|\n|t:|1697923447\n|move|p2b: Cresselia|Lunar Blessing|p2b: Cresselia|[spread] p2a,p2b\n|-heal|p2a: Skeledirge|41\/100\n|move|p2a: Skeledirge|Slack Off|p2a: Skeledirge\n|-heal|p2a: Skeledirge|91\/100\n|move|p1b: ThcrThnSnkr|Knock Off|p2a: Skeledirge\n|-supereffective|p2a: Skeledirge\n|-damage|p2a: Skeledirge|58\/100\n|-enditem|p2a: Skeledirge|Leftovers|[from] move: Knock Off|[of] p1b: ThcrThnSnkr\n|move|p1a: Harmacy|Copycat|p1a: Harmacy\n|move|p1a: Harmacy|Knock Off|p2b: Cresselia|[from]move: Copycat\n|-supereffective|p2b: Cresselia\n|-damage|p2b: Cresselia|82\/100\n|-enditem|p2b: Cresselia|Leftovers|[from] move: Knock Off|[of] p1a: Harmacy\n|\n|-heal|p1a: Harmacy|91\/100|[from] item: Leftovers\n|-damage|p1b: ThcrThnSnkr|70\/100 brn|[from] brn\n|upkeep\n|turn|12\n|\n|t:|1697923469\n|switch|p1b: Weather War|Pelipper, F|89\/100\n|-weather|RainDance|[from] ability: Drizzle|[of] p1b: Weather War\n|move|p2b: Cresselia|Lunar Blessing|p2b: Cresselia|[spread] p2a,p2b\n|-heal|p2a: Skeledirge|83\/100\n|-heal|p2b: Cresselia|100\/100\n|move|p2a: Skeledirge|Will-O-Wisp|p1a: Harmacy\n|-status|p1a: Harmacy|brn\n|move|p1a: Harmacy|Weather Ball|p2a: Skeledirge\n|-supereffective|p2a: Skeledirge\n|-damage|p2a: Skeledirge|0 fnt\n|faint|p2a: Skeledirge\n|\n|-weather|RainDance|[upkeep]\n|-activate|p1a: Harmacy|ability: Hydration\n|-curestatus|p1a: Harmacy|brn|[msg]\n|-heal|p1a: Harmacy|97\/100|[from] item: Leftovers\n|upkeep\n|\n|t:|1697923484\n|switch|p2a: Kingambit|Kingambit, M|100\/100\n|turn|13\n|\n|t:|1697923495\n|move|p2a: Kingambit|Sucker Punch|p1b: Weather War\n|-damage|p1b: Weather War|60\/100\n|move|p2b: Cresselia|Icy Wind|p1a: Harmacy|[spread] p1a,p1b\n|-resisted|p1a: Harmacy\n|-damage|p1a: Harmacy|94\/100\n|-damage|p1b: Weather War|49\/100\n|-unboost|p1a: Harmacy|spe|1\n|-unboost|p1b: Weather War|spe|1\n|move|p1b: Weather War|Hurricane|p2a: Kingambit\n|-resisted|p2a: Kingambit\n|-damage|p2a: Kingambit|82\/100\n|move|p1a: Harmacy|Weather Ball|p2a: Kingambit\n|-damage|p2a: Kingambit|29\/100\n|\n|-weather|RainDance|[upkeep]\n|-heal|p2a: Kingambit|35\/100|[from] item: Leftovers\n|-heal|p1a: Harmacy|99\/100|[from] item: Leftovers\n|upkeep\n|turn|14\n|\n|t:|1697923510\n|move|p2a: Kingambit|Protect|p2a: Kingambit\n|-singleturn|p2a: Kingambit|Protect\n|move|p2b: Cresselia|Lunar Blessing|p2b: Cresselia|[spread] p2a,p2b\n|-heal|p2a: Kingambit|60\/100\n|move|p1b: Weather War|Hurricane|p2b: Cresselia\n|-damage|p2b: Cresselia|82\/100\n|move|p1a: Harmacy|Weather Ball|p2a: Kingambit\n|-activate|p2a: Kingambit|move: Protect\n|\n|-weather|RainDance|[upkeep]\n|-heal|p2a: Kingambit|66\/100|[from] item: Leftovers\n|-heal|p1a: Harmacy|100\/100|[from] item: Leftovers\n|upkeep\n|turn|15\n|\n|t:|1697923526\n|move|p2b: Cresselia|Psychic|p1a: Harmacy\n|-damage|p1a: Harmacy|83\/100\n|move|p2a: Kingambit|Kowtow Cleave|p1a: Harmacy\n|-damage|p1a: Harmacy|47\/100\n|move|p1b: Weather War|Chilling Water|p2a: Kingambit\n|-damage|p2a: Kingambit|42\/100\n|-unboost|p2a: Kingambit|atk|1\n|-ability|p2a: Kingambit|Defiant|boost\n|-boost|p2a: Kingambit|atk|2\n|move|p1a: Harmacy|Weather Ball|p2a: Kingambit\n|-damage|p2a: Kingambit|0 fnt\n|faint|p2a: Kingambit\n|\n|-weather|RainDance|[upkeep]\n|-heal|p1a: Harmacy|53\/100|[from] item: Leftovers\n|upkeep\n|turn|16\n|-message|Kordelion forfeited.\n|\n|win|mikeyuwu\n|raw|mikeyuwu's rating: 1296 &rarr; <strong>1315<\/strong><br \/>(+19 for winning)\n|raw|Kordelion's rating: 1212 &rarr; <strong>1193<\/strong><br \/>(-19 for losing)\n|l|\u2606Kordelion\n","uploadtime":1697923549,"views":10,"p1id":"mikeyuwu","p2id":"kordelion","formatid":"gen9doublesou","rating":1193,"private":0,"password":""}