{"id":"gen9doublesou-1982690705","p1":"XxPeruxX Jedset83","p2":"Blast Ketchup 420","format":"[Gen 9] Doubles OU","log":"|j|\u203dXxPeruxX Jedset83\n|j|\u2606Blast Ketchup 420\n|t:|1699036123\n|gametype|doubles\n|player|p1|XxPeruxX Jedset83|cyclist-gen4|1062\n|player|p2|Blast Ketchup 420|2|1088\n|teamsize|p1|6\n|teamsize|p2|6\n|gen|9\n|tier|[Gen 9] Doubles OU\n|rated|\n|rule|Species Clause: Limit one of each Pok\u00e9mon\n|rule|OHKO Clause: OHKO moves are banned\n|rule|Evasion Moves Clause: Evasion moves are banned\n|rule|Gravity Sleep Clause: The combination of sleep-inducing moves with imperfect accuracy and Gravity or Gigantamax Orbeetle are banned\n|rule|Endless Battle Clause: Forcing endless battles is banned\n|rule|HP Percentage Mod: HP is shown in percentages\n|clearpoke\n|poke|p1|Bronzong|\n|poke|p1|Grimmsnarl, M|\n|poke|p1|Weezing, M|\n|poke|p1|Eelektross, M|\n|poke|p1|Rillaboom, M|\n|poke|p1|Dragonite, M|\n|poke|p2|Infernape, F|\n|poke|p2|Tyranitar, M|\n|poke|p2|Garchomp, M|\n|poke|p2|Gastrodon, M|\n|poke|p2|Espeon, M|\n|poke|p2|Forretress, M|\n|teampreview\n|\n|t:|1699036176\n|start\n|switch|p1a: Eelektross|Eelektross, M|100\/100\n|switch|p1b: Rillaboom|Rillaboom, M|100\/100\n|switch|p2a: Tyranitar|Tyranitar, M|100\/100\n|switch|p2b: Espeon|Espeon, M|100\/100\n|-fieldstart|move: Grassy Terrain|[from] ability: Grassy Surge|[of] p1b: Rillaboom\n|-enditem|p1a: Eelektross|Grassy Seed\n|-boost|p1a: Eelektross|def|1|[from] item: Grassy Seed\n|-weather|Sandstorm|[from] ability: Sand Stream|[of] p2a: Tyranitar\n|turn|1\n|\n|t:|1699036218\n|move|p2b: Espeon|Reflect|p2b: Espeon\n|-sidestart|p2: Blast Ketchup 420|Reflect\n|move|p1b: Rillaboom|Drum Beating|p2b: Espeon\n|-damage|p2b: Espeon|28\/100\n|-unboost|p2b: Espeon|spe|1\n|move|p2a: Tyranitar|Knock Off|p1b: Rillaboom\n|-damage|p1b: Rillaboom|46\/100\n|-enditem|p1b: Rillaboom|Sitrus Berry|[from] move: Knock Off|[of] p2a: Tyranitar\n|move|p1a: Eelektross|Charge|p1a: Eelektross\n|-boost|p1a: Eelektross|spd|1\n|-start|p1a: Eelektross|Charge\n|\n|-weather|Sandstorm|[upkeep]\n|-damage|p1b: Rillaboom|40\/100|[from] Sandstorm\n|-damage|p2b: Espeon|22\/100|[from] Sandstorm\n|-damage|p1a: Eelektross|94\/100|[from] Sandstorm\n|-heal|p1b: Rillaboom|46\/100|[from] Grassy Terrain\n|-heal|p2b: Espeon|28\/100|[from] Grassy Terrain\n|upkeep\n|turn|2\n|\n|t:|1699036247\n|move|p1b: Rillaboom|Grassy Glide|p2b: Espeon\n|-damage|p2b: Espeon|0 fnt\n|faint|p2b: Espeon\n|move|p2a: Tyranitar|Knock Off|p1a: Eelektross\n|-damage|p1a: Eelektross|67\/100\n|move|p1a: Eelektross|Coil|p1a: Eelektross\n|-boost|p1a: Eelektross|atk|1\n|-boost|p1a: Eelektross|def|1\n|-boost|p1a: Eelektross|accuracy|1\n|\n|-weather|Sandstorm|[upkeep]\n|-damage|p1b: Rillaboom|40\/100|[from] Sandstorm\n|-damage|p1a: Eelektross|61\/100|[from] Sandstorm\n|-heal|p1b: Rillaboom|46\/100|[from] Grassy Terrain\n|upkeep\n|\n|t:|1699036266\n|switch|p2b: Infernape|Infernape, F|100\/100\n|turn|3\n|\n|t:|1699036278\n|move|p2b: Infernape|Fire Punch|p1b: Rillaboom\n|-supereffective|p1b: Rillaboom\n|-damage|p1b: Rillaboom|0 fnt\n|faint|p1b: Rillaboom\n|move|p2a: Tyranitar|Crunch|p1a: Eelektross\n|-damage|p1a: Eelektross|39\/100\n|move|p1a: Eelektross|Liquidation|p2a: Tyranitar\n|-supereffective|p2a: Tyranitar\n|-damage|p2a: Tyranitar|65\/100\n|\n|-weather|Sandstorm|[upkeep]\n|-damage|p2b: Infernape|94\/100|[from] Sandstorm\n|-damage|p1a: Eelektross|32\/100|[from] Sandstorm\n|-heal|p2b: Infernape|100\/100|[from] Grassy Terrain\n|-heal|p2a: Tyranitar|71\/100|[from] Grassy Terrain\n|upkeep\n|\n|t:|1699036292\n|switch|p1b: Weezing|Weezing, M|100\/100\n|turn|4\n|\n|t:|1699036310\n|move|p2b: Infernape|Fire Punch|p1a: Eelektross\n|-damage|p1a: Eelektross|13\/100\n|move|p1b: Weezing|Poison Gas|p2b: Infernape|[spread] p2a,p2b\n|-status|p2a: Tyranitar|psn\n|-status|p2b: Infernape|psn\n|move|p2a: Tyranitar|Knock Off|p1b: Weezing\n|-damage|p1b: Weezing|46\/100\n|-enditem|p1b: Weezing|Clear Amulet|[from] move: Knock Off|[of] p2a: Tyranitar\n|move|p1a: Eelektross|Liquidation|p2b: Infernape\n|-supereffective|p2b: Infernape\n|-crit|p2b: Infernape\n|-damage|p2b: Infernape|0 fnt\n|faint|p2b: Infernape\n|\n|-weather|Sandstorm|[upkeep]\n|-damage|p1b: Weezing|40\/100|[from] Sandstorm\n|-damage|p1a: Eelektross|7\/100|[from] Sandstorm\n|-heal|p2a: Tyranitar|77\/100 psn|[from] Grassy Terrain\n|-damage|p2a: Tyranitar|65\/100 psn|[from] psn\n|upkeep\n|\n|t:|1699036332\n|switch|p2b: Gastrodon|Gastrodon, M|100\/100\n|turn|5\n|\n|t:|1699036359\n|move|p1b: Weezing|Acid Spray|p2b: Gastrodon\n|-resisted|p2b: Gastrodon\n|-damage|p2b: Gastrodon|94\/100\n|-unboost|p2b: Gastrodon|spd|2\n|move|p2a: Tyranitar|Stone Edge|p1b: Weezing\n|-crit|p1b: Weezing\n|-damage|p1b: Weezing|0 fnt\n|faint|p1b: Weezing\n|move|p1a: Eelektross|Charge|p1a: Eelektross\n|-boost|p1a: Eelektross|spd|1\n|-start|p1a: Eelektross|Charge\n|move|p2b: Gastrodon|Ice Beam|p1a: Eelektross\n|-damage|p1a: Eelektross|0 fnt\n|faint|p1a: Eelektross\n|\n|-weather|none\n|-heal|p2a: Tyranitar|71\/100 psn|[from] Grassy Terrain\n|-heal|p2b: Gastrodon|99\/100|[from] Grassy Terrain\n|-heal|p2b: Gastrodon|100\/100|[from] item: Leftovers\n|-damage|p2a: Tyranitar|58\/100 psn|[from] psn\n|-fieldend|move: Grassy Terrain\n|upkeep\n|\n|t:|1699036379\n|switch|p1b: Grimmsnarl|Grimmsnarl, M|100\/100\n|switch|p1a: Bronzong|Bronzong|100\/100\n|turn|6\n|\n|t:|1699036392\n|move|p1b: Grimmsnarl|Fake Out|p2b: Gastrodon\n|-damage|p2b: Gastrodon|89\/100\n|move|p2a: Tyranitar|Crunch|p1a: Bronzong\n|-supereffective|p1a: Bronzong\n|-damage|p1a: Bronzong|12\/100\n|move|p1a: Bronzong|Iron Defense|p1a: Bronzong\n|-boost|p1a: Bronzong|def|2\n|cant|p2b: Gastrodon|flinch\n|\n|-heal|p2b: Gastrodon|96\/100|[from] item: Leftovers\n|-damage|p2a: Tyranitar|46\/100 psn|[from] psn\n|upkeep\n|turn|7\n|\n|t:|1699036419\n|move|p1b: Grimmsnarl|Reflect|p1b: Grimmsnarl\n|-sidestart|p1: XxPeruxX Jedset83|Reflect\n|move|p2a: Tyranitar|Crunch|p1a: Bronzong\n|-supereffective|p1a: Bronzong\n|-crit|p1a: Bronzong\n|-damage|p1a: Bronzong|0 fnt\n|faint|p1a: Bronzong\n|move|p2b: Gastrodon|Sludge Bomb|p1b: Grimmsnarl\n|-supereffective|p1b: Grimmsnarl\n|-damage|p1b: Grimmsnarl|47\/100\n|-status|p1b: Grimmsnarl|psn\n|\n|-heal|p2b: Gastrodon|100\/100|[from] item: Leftovers\n|-damage|p1b: Grimmsnarl|34\/100 psn|[from] psn\n|-damage|p2a: Tyranitar|34\/100 psn|[from] psn\n|upkeep\n|\n|t:|1699036431\n|switch|p1a: Dragonite|Dragonite, M|100\/100\n|turn|8\n|\n|t:|1699036441\n|-terastallize|p1a: Dragonite|Dragon\n|move|p1a: Dragonite|Outrage|p2a: Tyranitar\n|-damage|p2a: Tyranitar|0 fnt\n|faint|p2a: Tyranitar\n|move|p1b: Grimmsnarl|Spirit Break|p2b: Gastrodon\n|-damage|p2b: Gastrodon|74\/100\n|-unboost|p2b: Gastrodon|spa|1\n|move|p2b: Gastrodon|Ice Beam|p1a: Dragonite\n|-supereffective|p1a: Dragonite\n|-damage|p1a: Dragonite|67\/100\n|\n|-heal|p2b: Gastrodon|80\/100|[from] item: Leftovers\n|-damage|p1b: Grimmsnarl|22\/100 psn|[from] psn\n|-sideend|p2: Blast Ketchup 420|Reflect\n|upkeep\n|\n|t:|1699036459\n|switch|p2a: Garchomp|Garchomp, M|100\/100\n|turn|9\n|\n|t:|1699036468\n|move|p2a: Garchomp|Liquidation|p2b: Gastrodon\n|-activate|p2b: Gastrodon|ability: Storm Drain\n|-ability|p2b: Gastrodon|Storm Drain|boost\n|-boost|p2b: Gastrodon|spa|1\n|move|p1a: Dragonite|Outrage|p2a: Garchomp|[from]lockedmove\n|-supereffective|p2a: Garchomp\n|-damage|p2a: Garchomp|0 fnt\n|-damage|p1a: Dragonite|55\/100|[from] ability: Rough Skin|[of] p2a: Garchomp\n|-damage|p1a: Dragonite|38\/100|[from] item: Rocky Helmet|[of] p2a: Garchomp\n|faint|p2a: Garchomp\n|-start|p1a: Dragonite|confusion|[fatigue]\n|-enditem|p1a: Dragonite|Lum Berry|[eat]\n|-end|p1a: Dragonite|confusion\n|move|p1b: Grimmsnarl|Spirit Break|p2b: Gastrodon\n|-damage|p2b: Gastrodon|34\/100\n|-unboost|p2b: Gastrodon|spa|1\n|move|p2b: Gastrodon|Ice Beam|p1a: Dragonite\n|-supereffective|p1a: Dragonite\n|-damage|p1a: Dragonite|2\/100\n|\n|-heal|p2b: Gastrodon|40\/100|[from] item: Leftovers\n|-damage|p1b: Grimmsnarl|9\/100 psn|[from] psn\n|upkeep\n|\n|t:|1699036493\n|switch|p2a: Forretress|Forretress, M|100\/100\n|turn|10\n|\n|t:|1699036537\n|move|p1a: Dragonite|Fire Punch|p2a: Forretress\n|-supereffective|p2a: Forretress\n|-damage|p2a: Forretress|26\/100\n|move|p1b: Grimmsnarl|Spirit Break|p2b: Gastrodon\n|-damage|p2b: Gastrodon|0 fnt\n|faint|p2b: Gastrodon\n|move|p2a: Forretress|Rapid Spin|p1a: Dragonite\n|-damage|p1a: Dragonite|0 fnt\n|-boost|p2a: Forretress|spe|1\n|faint|p1a: Dragonite\n|\n|-damage|p1b: Grimmsnarl|0 fnt|[from] psn\n|faint|p1b: Grimmsnarl\n|\n|win|Blast Ketchup 420\n|upkeep\n|raw|XxPeruxX Jedset83's rating: 1062 &rarr; <strong>1044<\/strong><br \/>(-18 for losing)\n|raw|Blast Ketchup 420's rating: 1088 &rarr; <strong>1113<\/strong><br \/>(+25 for winning)\n|c|\u2606Blast Ketchup 420|Gg\n|l|\u203dXxPeruxX Jedset83\n","uploadtime":1699036621,"views":22,"p1id":"xxperuxxjedset83","p2id":"blastketchup420","formatid":"gen9doublesou","rating":1044,"private":0,"password":""}