{"id":"gen9doublesou-1982189366","p1":"PatoPatoHanzo","p2":"chippers76","format":"[Gen 9] Doubles OU","log":"|j|\u2606PatoPatoHanzo\n|j|\u2606chippers76\n|t:|1698977230\n|gametype|doubles\n|player|p1|PatoPatoHanzo|palmer|1127\n|player|p2|chippers76|hilda-wonderlauncher|1133\n|teamsize|p1|6\n|teamsize|p2|6\n|gen|9\n|tier|[Gen 9] Doubles OU\n|rated|\n|rule|Species Clause: Limit one of each Pok\u00e9mon\n|rule|OHKO Clause: OHKO moves are banned\n|rule|Evasion Moves Clause: Evasion moves are banned\n|rule|Gravity Sleep Clause: The combination of sleep-inducing moves with imperfect accuracy and Gravity or Gigantamax Orbeetle are banned\n|rule|Endless Battle Clause: Forcing endless battles is banned\n|rule|HP Percentage Mod: HP is shown in percentages\n|clearpoke\n|poke|p1|Pelipper, F|\n|poke|p1|Rotom-Wash|\n|poke|p1|Beartic, F|\n|poke|p1|Grimmsnarl, M|\n|poke|p1|Iron Moth|\n|poke|p1|Scizor, F|\n|poke|p2|Typhlosion-Hisui, F|\n|poke|p2|Gholdengo|\n|poke|p2|Kleavor, M|\n|poke|p2|Tornadus, M|\n|poke|p2|Snorlax, F|\n|poke|p2|Grimmsnarl, M|\n|teampreview\n|j| Zangoosefriend96\n|j| discord raider\n|\n|t:|1698977258\n|start\n|switch|p1a: Pelipper|Pelipper, F|100\/100\n|switch|p1b: Beartic|Beartic, F|100\/100\n|switch|p2a: Thanks Doc|Tornadus, M|100\/100\n|switch|p2b: Grimmsnarl|Grimmsnarl, M|100\/100\n|-weather|RainDance|[from] ability: Drizzle|[of] p1a: Pelipper\n|turn|1\n|\n|t:|1698977288\n|move|p2a: Thanks Doc|Tailwind|p2a: Thanks Doc\n|-sidestart|p2: chippers76|move: Tailwind\n|move|p2b: Grimmsnarl|Reflect|p2b: Grimmsnarl\n|-sidestart|p2: chippers76|Reflect\n|move|p1b: Beartic|Liquidation|p2b: Grimmsnarl\n|-damage|p2b: Grimmsnarl|58\/100\n|-damage|p1b: Beartic|91\/100|[from] item: Life Orb\n|move|p1a: Pelipper|Hurricane|p2b: Grimmsnarl\n|-damage|p2b: Grimmsnarl|25\/100\n|-start|p2b: Grimmsnarl|confusion\n|\n|-weather|RainDance|[upkeep]\n|upkeep\n|turn|2\n|\n|t:|1698977315\n|-activate|p2b: Grimmsnarl|confusion\n|-damage|p2b: Grimmsnarl|13\/100|[from] confusion\n|move|p2a: Thanks Doc|Bleakwind Storm|p1a: Pelipper|[spread] p1a,p1b\n|-damage|p1a: Pelipper|51\/100\n|-damage|p1b: Beartic|47\/100\n|-unboost|p1b: Beartic|spe|1\n|move|p1b: Beartic|Icicle Crash|p2a: Thanks Doc\n|-supereffective|p2a: Thanks Doc\n|-enditem|p2a: Thanks Doc|Focus Sash\n|-damage|p2a: Thanks Doc|1\/100\n|-damage|p1b: Beartic|37\/100|[from] item: Life Orb\n|move|p1a: Pelipper|U-turn|p2b: Grimmsnarl\n|-damage|p2b: Grimmsnarl|8\/100\n|\n|t:|1698977329\n|switch|p1a: Scizor|Scizor, F|100\/100|[from] U-turn\n|\n|-weather|RainDance|[upkeep]\n|upkeep\n|turn|3\n|\n|t:|1698977347\n|switch|p2b: Surfs up dude|Gholdengo|100\/100\n|move|p2a: Thanks Doc|Protect|p2a: Thanks Doc\n|-singleturn|p2a: Thanks Doc|Protect\n|move|p1a: Scizor|Bullet Punch|p2a: Thanks Doc\n|-activate|p2a: Thanks Doc|move: Protect\n|move|p1b: Beartic|Liquidation|p2b: Surfs up dude\n|-damage|p2b: Surfs up dude|56\/100\n|-damage|p1b: Beartic|27\/100|[from] item: Life Orb\n|\n|-weather|RainDance|[upkeep]\n|upkeep\n|turn|4\n|\n|t:|1698977378\n|switch|p2a: Grimmsnarl|Grimmsnarl, M|8\/100\n|move|p1a: Scizor|Bullet Punch|p2a: Grimmsnarl\n|-supereffective|p2a: Grimmsnarl\n|-damage|p2a: Grimmsnarl|0 fnt\n|faint|p2a: Grimmsnarl\n|move|p2b: Surfs up dude|Shadow Ball|p1b: Beartic\n|-damage|p1b: Beartic|0 fnt\n|faint|p1b: Beartic\n|-damage|p2b: Surfs up dude|47\/100|[from] item: Life Orb\n|\n|-weather|RainDance|[upkeep]\n|-sideend|p2: chippers76|move: Tailwind\n|upkeep\n|\n|t:|1698977397\n|switch|p1b: Rotom|Rotom-Wash|100\/100\n|switch|p2a: Fabulous|Typhlosion-Hisui, F|100\/100\n|-item|p1a: Scizor|Heavy-Duty Boots|[from] ability: Frisk|[of] p2a: Fabulous|[identify]\n|-item|p1b: Rotom|Leftovers|[from] ability: Frisk|[of] p2a: Fabulous|[identify]\n|turn|5\n|\n|t:|1698977439\n|switch|p1a: Iron Moth|Iron Moth|100\/100\n|-enditem|p1a: Iron Moth|Booster Energy\n|-activate|p1a: Iron Moth|ability: Quark Drive|[fromitem]\n|-start|p1a: Iron Moth|quarkdrivespe\n|move|p2a: Fabulous|Eruption|p1a: Iron Moth|[spread] p1a,p1b\n|-resisted|p1a: Iron Moth\n|-resisted|p1b: Rotom\n|-damage|p1a: Iron Moth|86\/100\n|-damage|p1b: Rotom|87\/100\n|move|p2b: Surfs up dude|Shadow Ball|p1b: Rotom\n|-damage|p1b: Rotom|23\/100\n|-damage|p2b: Surfs up dude|37\/100|[from] item: Life Orb\n|move|p1b: Rotom|Hydro Pump|p2a: Fabulous|[miss]\n|-miss|p1b: Rotom|p2a: Fabulous\n|\n|-weather|RainDance|[upkeep]\n|-heal|p1b: Rotom|29\/100|[from] item: Leftovers\n|upkeep\n|turn|6\n|j| Gayspotter2\n|\n|t:|1698977470\n|switch|p2a: Snorlax|Snorlax, F|100\/100\n|move|p1a: Iron Moth|Energy Ball|p2a: Snorlax\n|-damage|p2a: Snorlax|86\/100\n|move|p2b: Surfs up dude|Shadow Ball|p1b: Rotom\n|-damage|p1b: Rotom|0 fnt\n|faint|p1b: Rotom\n|-damage|p2b: Surfs up dude|27\/100|[from] item: Life Orb\n|\n|-weather|RainDance|[upkeep]\n|-heal|p2a: Snorlax|92\/100|[from] item: Leftovers\n|upkeep\n|\n|t:|1698977482\n|switch|p1b: Grimmsnarl|Grimmsnarl, M|100\/100\n|turn|7\n|\n|t:|1698977507\n|move|p1b: Grimmsnarl|Parting Shot|p2a: Snorlax\n|-unboost|p2a: Snorlax|atk|1\n|-unboost|p2a: Snorlax|spa|1\n|\n|t:|1698977513\n|switch|p1b: Scizor|Scizor, F|100\/100|[from] Parting Shot\n|move|p1a: Iron Moth|Fiery Dance|p2b: Surfs up dude\n|-supereffective|p2b: Surfs up dude\n|-damage|p2b: Surfs up dude|0 fnt\n|faint|p2b: Surfs up dude\n|move|p2a: Snorlax|Curse|p2a: Snorlax\n|-unboost|p2a: Snorlax|spe|1\n|-boost|p2a: Snorlax|atk|1\n|-boost|p2a: Snorlax|def|1\n|\n|-weather|RainDance|[upkeep]\n|-heal|p2a: Snorlax|99\/100|[from] item: Leftovers\n|upkeep\n|\n|t:|1698977527\n|switch|p2b: Fabulous|Typhlosion-Hisui, F|100\/100\n|-item|p1b: Scizor|Heavy-Duty Boots|[from] ability: Frisk|[of] p2b: Fabulous|[identify]\n|turn|8\n|\n|t:|1698977547\n|-terastallize|p1b: Scizor|Fire\n|move|p1a: Iron Moth|Sludge Wave|p2a: Snorlax|[spread] p1b,p2a,p2b\n|-resisted|p2b: Fabulous\n|-damage|p1b: Scizor|60\/100\n|-damage|p2a: Snorlax|82\/100\n|-damage|p2b: Fabulous|78\/100\n|move|p2b: Fabulous|Shadow Ball|p1a: Iron Moth\n|-damage|p1a: Iron Moth|42\/100\n|move|p1b: Scizor|Knock Off|p2a: Snorlax\n|-damage|p2a: Snorlax|69\/100\n|-enditem|p2a: Snorlax|Leftovers|[from] move: Knock Off|[of] p1b: Scizor\n|move|p2a: Snorlax|Curse|p2a: Snorlax\n|-unboost|p2a: Snorlax|spe|1\n|-boost|p2a: Snorlax|atk|1\n|-boost|p2a: Snorlax|def|1\n|\n|-weather|none\n|-sideend|p2: chippers76|Reflect\n|upkeep\n|turn|9\n|\n|t:|1698977569\n|switch|p2b: Thanks Doc|Tornadus, M|1\/100\n|move|p1a: Iron Moth|Sludge Wave|p2a: Snorlax|[spread] p1b,p2a,p2b\n|-crit|p2b: Thanks Doc\n|-damage|p1b: Scizor|16\/100\n|-damage|p2a: Snorlax|52\/100\n|-damage|p2b: Thanks Doc|0 fnt\n|faint|p2b: Thanks Doc\n|move|p1b: Scizor|U-turn|p2a: Snorlax\n|-damage|p2a: Snorlax|36\/100\n|\n|t:|1698977578\n|switch|p1b: Pelipper|Pelipper, F|51\/100|[from] U-turn\n|-weather|RainDance|[from] ability: Drizzle|[of] p1b: Pelipper\n|move|p2a: Snorlax|Earthquake|p1b: Pelipper|[spread] p1a\n|-immune|p1b: Pelipper\n|-supereffective|p1a: Iron Moth\n|-damage|p1a: Iron Moth|0 fnt\n|faint|p1a: Iron Moth\n|-end|p1a: Iron Moth|Quark Drive|[silent]\n|\n|-weather|RainDance|[upkeep]\n|upkeep\n|\n|t:|1698977591\n|switch|p2b: Mega Man Boss|Kleavor, M|100\/100\n|switch|p1a: Scizor|Scizor, F, tera:Fire|16\/100\n|turn|10\n|\n|t:|1698977610\n|-terastallize|p2b: Mega Man Boss|Water\n|move|p2b: Mega Man Boss|Stone Axe|p1b: Pelipper\n|-supereffective|p1b: Pelipper\n|-damage|p1b: Pelipper|0 fnt\n|-sidestart|p1: PatoPatoHanzo|move: Stealth Rock\n|faint|p1b: Pelipper\n|move|p1a: Scizor|Knock Off|p2b: Mega Man Boss\n|-damage|p2b: Mega Man Boss|60\/100\n|-enditem|p2b: Mega Man Boss|Assault Vest|[from] move: Knock Off|[of] p1a: Scizor\n|move|p2a: Snorlax|Earthquake|p1a: Scizor|[spread] p2b,p1a\n|-supereffective|p1a: Scizor\n|-damage|p2b: Mega Man Boss|28\/100\n|-damage|p1a: Scizor|0 fnt\n|faint|p1a: Scizor\n|\n|-weather|RainDance|[upkeep]\n|upkeep\n|\n|t:|1698977624\n|switch|p1b: Grimmsnarl|Grimmsnarl, M|100\/100\n|-damage|p1b: Grimmsnarl|88\/100|[from] Stealth Rock\n|turn|11\n|c|\u2606PatoPatoHanzo|gg\n|\n|t:|1698977637\n|move|p2b: Mega Man Boss|X-Scissor|p1b: Grimmsnarl\n|-damage|p1b: Grimmsnarl|0 fnt\n|faint|p1b: Grimmsnarl\n|\n|win|chippers76\n|raw|PatoPatoHanzo's rating: 1127 &rarr; <strong>1102<\/strong><br \/>(-25 for losing)\n|raw|chippers76's rating: 1133 &rarr; <strong>1158<\/strong><br \/>(+25 for winning)\n|l|\u2606PatoPatoHanzo\n|l|\u2606chippers76\n","uploadtime":1698977659,"views":17,"p1id":"patopatohanzo","p2id":"chippers76","formatid":"gen9doublesou","rating":1102,"private":0,"password":""}