{"id":"gen9doublesou-1985744973","p1":"TCurrys<3","p2":"Kerge34","format":"[Gen 9] Doubles OU","log":"|j|\u2606TCurrys<3\n|j|\u2606Kerge34\n|t:|1699401710\n|gametype|doubles\n|player|p1|TCurrys<3|veteranf|1063\n|player|p2|Kerge34|101|1000\n|teamsize|p1|6\n|teamsize|p2|6\n|gen|9\n|tier|[Gen 9] Doubles OU\n|rated|\n|rule|Species Clause: Limit one of each Pok\u00e9mon\n|rule|OHKO Clause: OHKO moves are banned\n|rule|Evasion Moves Clause: Evasion moves are banned\n|rule|Gravity Sleep Clause: The combination of sleep-inducing moves with imperfect accuracy and Gravity or Gigantamax Orbeetle are banned\n|rule|Endless Battle Clause: Forcing endless battles is banned\n|rule|HP Percentage Mod: HP is shown in percentages\n|clearpoke\n|poke|p1|Kommo-o, F|\n|poke|p1|Flamigo, F|\n|poke|p1|Sinistcha|\n|poke|p1|Grimmsnarl, M|\n|poke|p1|Scizor, F|\n|poke|p1|Jumpluff, M|\n|poke|p2|Amoonguss, F|\n|poke|p2|Azumarill, M|\n|poke|p2|Iron Hands|\n|poke|p2|Pelipper, M|\n|poke|p2|Landorus-Therian, M|\n|poke|p2|Roaring Moon|\n|teampreview\n|\n|t:|1699401722\n|start\n|switch|p1a: Jumpluff|Jumpluff, M|100\/100\n|switch|p1b: Grimmsnarl|Grimmsnarl, M|100\/100\n|switch|p2a: Amoonguss|Amoonguss, F, shiny|100\/100\n|switch|p2b: Iron Hands|Iron Hands, shiny|100\/100\n|turn|1\n|\n|t:|1699401742\n|move|p1a: Jumpluff|Tailwind|p1a: Jumpluff\n|-sidestart|p1: TCurrys<3|move: Tailwind\n|move|p1b: Grimmsnarl|Spirit Break|p2b: Iron Hands\n|-supereffective|p2b: Iron Hands\n|-damage|p2b: Iron Hands|44\/100\n|-unboost|p2b: Iron Hands|spa|1\n|move|p2b: Iron Hands|Drain Punch|p1b: Grimmsnarl\n|-damage|p1b: Grimmsnarl|53\/100\n|-heal|p2b: Iron Hands|64\/100|[from] drain|[of] p1b: Grimmsnarl\n|move|p2a: Amoonguss|Spore|p1b: Grimmsnarl\n|-status|p1b: Grimmsnarl|slp|[from] move: Spore\n|\n|upkeep\n|turn|2\n|\n|t:|1699401769\n|move|p2b: Iron Hands|Fake Out||[still]\n|-hint|Fake Out only works on your first turn out.\n|-fail|p2b: Iron Hands\n|cant|p1b: Grimmsnarl|slp\n|move|p1a: Jumpluff|Pollen Puff|p1b: Grimmsnarl\n|-heal|p1b: Grimmsnarl|100\/100 slp\n|move|p2a: Amoonguss|Pollen Puff|p2b: Iron Hands\n|-heal|p2b: Iron Hands|100\/100\n|\n|upkeep\n|turn|3\n|\n|t:|1699401797\n|move|p2a: Amoonguss|Protect|p2a: Amoonguss\n|-singleturn|p2a: Amoonguss|Protect\n|move|p1a: Jumpluff|Rage Powder|p1a: Jumpluff\n|-singleturn|p1a: Jumpluff|move: Rage Powder\n|cant|p1b: Grimmsnarl|slp\n|move|p2b: Iron Hands|Drain Punch|p1a: Jumpluff\n|-resisted|p1a: Jumpluff\n|-damage|p1a: Jumpluff|72\/100\n|\n|upkeep\n|turn|4\n|\n|t:|1699401813\n|-curestatus|p1b: Grimmsnarl|slp|[msg]\n|move|p1b: Grimmsnarl|Parting Shot|p2b: Iron Hands\n|-unboost|p2b: Iron Hands|atk|1\n|-unboost|p2b: Iron Hands|spa|1\n|\n|t:|1699401831\n|switch|p1b: Kommo-o|Kommo-o, F|100\/100|[from] Parting Shot\n|move|p1a: Jumpluff|Strength Sap|p2b: Iron Hands\n|-unboost|p2b: Iron Hands|atk|1\n|-heal|p1a: Jumpluff|100\/100\n|move|p2b: Iron Hands|Volt Switch|p1a: Jumpluff\n|-damage|p1a: Jumpluff|94\/100\n|\n|t:|1699401843\n|-end|p2b: Iron Hands|Quark Drive|[silent]\n|switch|p2b: Landorus|Landorus-Therian, M, shiny|100\/100|[from] Volt Switch\n|-ability|p2b: Landorus|Intimidate|boost\n|-unboost|p1a: Jumpluff|atk|1\n|-unboost|p1b: Kommo-o|atk|1\n|move|p2a: Amoonguss|Spore|p1b: Kommo-o\n|-status|p1b: Kommo-o|slp|[from] move: Spore\n|\n|-sideend|p1: TCurrys<3|move: Tailwind\n|upkeep\n|turn|5\n|\n|t:|1699401866\n|switch|p1a: Grimmsnarl|Grimmsnarl, M|100\/100\n|switch|p1b: Scizor|Scizor, F|100\/100\n|switch|p2a: Pelipper|Pelipper, M, shiny|100\/100\n|-weather|RainDance|[from] ability: Drizzle|[of] p2a: Pelipper\n|move|p2b: Landorus|Rock Slide|p1a: Grimmsnarl|[spread] p1a,p1b\n|-damage|p1a: Grimmsnarl|77\/100\n|-damage|p1b: Scizor|77\/100\n|\n|-weather|RainDance|[upkeep]\n|upkeep\n|turn|6\n|\n|t:|1699401893\n|move|p1a: Grimmsnarl|Fake Out|p2b: Landorus\n|-damage|p2b: Landorus|86\/100\n|cant|p2b: Landorus|flinch\n|move|p1b: Scizor|Swords Dance|p1b: Scizor\n|-boost|p1b: Scizor|atk|2\n|move|p2a: Pelipper|Hurricane|p1b: Scizor\n|-damage|p1b: Scizor|37\/100\n|\n|-weather|RainDance|[upkeep]\n|upkeep\n|turn|7\n|\n|t:|1699401909\n|move|p2a: Pelipper|Wide Guard|p2a: Pelipper\n|-singleturn|p2a: Pelipper|Wide Guard\n|move|p1b: Scizor|Bullet Punch|p2b: Landorus\n|-damage|p2b: Landorus|0 fnt\n|faint|p2b: Landorus\n|-damage|p1b: Scizor|27\/100|[from] item: Life Orb\n|move|p1a: Grimmsnarl|Parting Shot|p2a: Pelipper\n|-unboost|p2a: Pelipper|atk|1\n|-unboost|p2a: Pelipper|spa|1\n|\n|t:|1699401918\n|switch|p1a: Flamigo|Flamigo, F|100\/100|[from] Parting Shot\n|-copyboost|p1a: Flamigo|p1b: Scizor|[from] ability: Costar\n|\n|-weather|RainDance|[upkeep]\n|upkeep\n|\n|t:|1699401924\n|switch|p2b: Azumarill|Azumarill, M, shiny|100\/100\n|turn|8\n|\n|t:|1699401945\n|-terastallize|p1b: Scizor|Water\n|move|p1b: Scizor|Bullet Punch|p2b: Azumarill\n|-crit|p2b: Azumarill\n|-damage|p2b: Azumarill|0 fnt\n|faint|p2b: Azumarill\n|-damage|p1b: Scizor|17\/100|[from] item: Life Orb\n|move|p1a: Flamigo|Tailwind|p1a: Flamigo\n|-sidestart|p1: TCurrys<3|move: Tailwind\n|move|p2a: Pelipper|Hurricane|p1b: Scizor\n|-damage|p1b: Scizor|0 fnt\n|faint|p1b: Scizor\n|\n|-weather|RainDance|[upkeep]\n|upkeep\n|\n|t:|1699401966\n|switch|p2b: Iron Hands|Iron Hands, shiny|100\/100\n|switch|p1b: Grimmsnarl|Grimmsnarl, M|77\/100\n|turn|9\n|\n|t:|1699401995\n|move|p1b: Grimmsnarl|Fake Out|p2a: Pelipper\n|-damage|p2a: Pelipper|87\/100\n|-damage|p1b: Grimmsnarl|60\/100|[from] item: Rocky Helmet|[of] p2a: Pelipper\n|move|p2b: Iron Hands|Fake Out|p1b: Grimmsnarl\n|-damage|p1b: Grimmsnarl|43\/100\n|move|p1a: Flamigo|Close Combat|p2b: Iron Hands\n|-damage|p2b: Iron Hands|30\/100\n|-unboost|p1a: Flamigo|def|1\n|-unboost|p1a: Flamigo|spd|1\n|cant|p2a: Pelipper|flinch\n|\n|-weather|none\n|upkeep\n|turn|10\n|\n|t:|1699402026\n|move|p1b: Grimmsnarl|Light Screen|p1b: Grimmsnarl\n|-sidestart|p1: TCurrys<3|move: Light Screen\n|move|p1a: Flamigo|Brave Bird|p2a: Pelipper\n|-damage|p2a: Pelipper|0 fnt\n|-damage|p1a: Flamigo|84\/100|[from] item: Rocky Helmet|[of] p2a: Pelipper\n|faint|p2a: Pelipper\n|-damage|p1a: Flamigo|54\/100|[from] Recoil\n|move|p2b: Iron Hands|Volt Switch|p1a: Flamigo\n|-supereffective|p1a: Flamigo\n|-damage|p1a: Flamigo|13\/100\n|\n|t:|1699402036\n|-end|p2b: Iron Hands|Quark Drive|[silent]\n|switch|p2b: Amoonguss|Amoonguss, F, shiny|100\/100|[from] Volt Switch\n|\n|upkeep\n|\n|t:|1699402039\n|switch|p2a: Roaring Moon|Roaring Moon, shiny|100\/100\n|-enditem|p2a: Roaring Moon|Booster Energy\n|-activate|p2a: Roaring Moon|ability: Protosynthesis|[fromitem]\n|-start|p2a: Roaring Moon|protosynthesisatk\n|turn|11\n|\n|t:|1699402066\n|move|p1b: Grimmsnarl|Parting Shot|p2a: Roaring Moon\n|-hint|Since gen 7, Dark is immune to Prankster moves.\n|-immune|p2a: Roaring Moon\n|move|p1a: Flamigo|Brave Bird|p2b: Amoonguss\n|-supereffective|p2b: Amoonguss\n|-damage|p2b: Amoonguss|0 fnt\n|faint|p2b: Amoonguss\n|-damage|p1a: Flamigo|0 fnt|[from] Recoil\n|faint|p1a: Flamigo\n|move|p2a: Roaring Moon|Crunch|p1b: Grimmsnarl\n|-resisted|p1b: Grimmsnarl\n|-damage|p1b: Grimmsnarl|24\/100\n|\n|-sideend|p1: TCurrys<3|move: Tailwind\n|upkeep\n|\n|t:|1699402083\n|switch|p1a: Kommo-o|Kommo-o, F|100\/100 slp\n|switch|p2b: Iron Hands|Iron Hands, shiny|30\/100\n|turn|12\n|\n|t:|1699402100\n|move|p2b: Iron Hands|Fake Out|p1b: Grimmsnarl\n|-damage|p1b: Grimmsnarl|6\/100\n|move|p2a: Roaring Moon|Dragon Claw|p1a: Kommo-o\n|-supereffective|p1a: Kommo-o\n|-damage|p1a: Kommo-o|0 fnt\n|faint|p1a: Kommo-o\n|cant|p1b: Grimmsnarl|flinch\n|\n|upkeep\n|\n|t:|1699402112\n|switch|p1a: Sinistcha|Sinistcha|100\/100\n|-heal|p1b: Grimmsnarl|31\/100|[from] ability: Hospitality|[of] p1a: Sinistcha\n|turn|13\n|\n|t:|1699402145\n|move|p1a: Sinistcha|Rage Powder|p1a: Sinistcha\n|-singleturn|p1a: Sinistcha|move: Rage Powder\n|move|p2a: Roaring Moon|Acrobatics|p1a: Sinistcha\n|-supereffective|p1a: Sinistcha\n|-damage|p1a: Sinistcha|16\/100\n|-damage|p2a: Roaring Moon|84\/100|[from] item: Rocky Helmet|[of] p1a: Sinistcha\n|move|p2b: Iron Hands|Drain Punch|p1a: Sinistcha\n|-immune|p1a: Sinistcha\n|move|p1b: Grimmsnarl|Spirit Break|p2a: Roaring Moon\n|-supereffective|p2a: Roaring Moon\n|-damage|p2a: Roaring Moon|0 fnt\n|faint|p2a: Roaring Moon\n|-end|p2a: Roaring Moon|Protosynthesis|[silent]\n|\n|upkeep\n|turn|14\n|\n|t:|1699402167\n|move|p1a: Sinistcha|Rage Powder|p1a: Sinistcha\n|-singleturn|p1a: Sinistcha|move: Rage Powder\n|move|p2b: Iron Hands|Drain Punch|p1a: Sinistcha\n|-immune|p1a: Sinistcha\n|move|p1b: Grimmsnarl|Spirit Break|p2b: Iron Hands\n|-supereffective|p2b: Iron Hands\n|-damage|p2b: Iron Hands|0 fnt\n|faint|p2b: Iron Hands\n|-end|p2b: Iron Hands|Quark Drive|[silent]\n|\n|win|TCurrys<3\n|raw|TCurrys&lt;3's rating: 1063 &rarr; <strong>1088<\/strong><br \/>(+25 for winning)\n|raw|Kerge34's rating: 1000 &rarr; <strong>1000<\/strong><br \/>(+0 for losing)\n|l|\u2606Kerge34\n","uploadtime":1699402182,"views":16,"p1id":"tcurrys3","p2id":"kerge34","formatid":"gen9doublesou","rating":1000,"private":0,"password":""}