{"id":"gen9doublesou-1983891579","p1":"cotesmcgotes","p2":"epileffg","format":"[Gen 9] Doubles OU","log":"|j|\u2606cotesmcgotes\n|j|\u2606epileffg\n|t:|1699196809\n|gametype|doubles\n|player|p1|cotesmcgotes|flannery|1282\n|player|p2|epileffg|1|1186\n|teamsize|p1|6\n|teamsize|p2|6\n|gen|9\n|tier|[Gen 9] Doubles OU\n|rated|\n|rule|Species Clause: Limit one of each Pok\u00e9mon\n|rule|OHKO Clause: OHKO moves are banned\n|rule|Evasion Moves Clause: Evasion moves are banned\n|rule|Gravity Sleep Clause: The combination of sleep-inducing moves with imperfect accuracy and Gravity or Gigantamax Orbeetle are banned\n|rule|Endless Battle Clause: Forcing endless battles is banned\n|rule|HP Percentage Mod: HP is shown in percentages\n|clearpoke\n|poke|p1|Cresselia, F|\n|poke|p1|Tsareena, F|\n|poke|p1|Tornadus, M|\n|poke|p1|Ninetales, F|\n|poke|p1|Chien-Pao|\n|poke|p1|Gliscor, F|\n|poke|p2|Landorus-Therian, M|\n|poke|p2|Amoonguss, F|\n|poke|p2|Flutter Mane|\n|poke|p2|Iron Hands|\n|poke|p2|Roaring Moon|\n|poke|p2|Heatran, F|\n|teampreview\n|inactive|Battle timer is ON: inactive players will automatically lose when time's up. (requested by cotesmcgotes)\n|\n|t:|1699196827\n|start\n|switch|p1a: Cresselia|Cresselia, F, shiny|100\/100\n|switch|p1b: Tsareena|Tsareena, F, shiny|100\/100\n|switch|p2a: Roaring Moon|Roaring Moon|100\/100\n|switch|p2b: Iron Hands|Iron Hands|100\/100\n|turn|1\n|\n|t:|1699196841\n|-terastallize|p1a: Cresselia|Electric\n|move|p2b: Iron Hands|Fake Out||[still]\n|cant|p1b: Tsareena|ability: Queenly Majesty|Fake Out|[of] p2b: Iron Hands\n|move|p1b: Tsareena|Acupressure|p1a: Cresselia\n|-boost|p1a: Cresselia|atk|2\n|move|p2a: Roaring Moon|Snarl|p1a: Cresselia|[spread] p1a,p1b\n|-damage|p1a: Cresselia|92\/100\n|-damage|p1b: Tsareena|85\/100\n|-unboost|p1a: Cresselia|spa|1\n|-unboost|p1b: Tsareena|spa|1\n|move|p1a: Cresselia|Moonblast|p2a: Roaring Moon\n|-supereffective|p2a: Roaring Moon\n|-damage|p2a: Roaring Moon|59\/100\n|\n|upkeep\n|turn|2\n|\n|t:|1699196865\n|move|p1b: Tsareena|Acupressure|p1a: Cresselia\n|-boost|p1a: Cresselia|accuracy|2\n|move|p2a: Roaring Moon|Snarl|p1a: Cresselia|[spread] p1a\n|-miss|p2a: Roaring Moon|p1b: Tsareena\n|-damage|p1a: Cresselia|83\/100\n|-unboost|p1a: Cresselia|spa|1\n|move|p1a: Cresselia|Moonblast|p2a: Roaring Moon\n|-supereffective|p2a: Roaring Moon\n|-damage|p2a: Roaring Moon|30\/100\n|move|p2b: Iron Hands|Ice Punch|p1b: Tsareena\n|-supereffective|p1b: Tsareena\n|-damage|p1b: Tsareena|8\/100\n|\n|upkeep\n|turn|3\n|\n|t:|1699196889\n|move|p1b: Tsareena|Acupressure|p1a: Cresselia\n|-boost|p1a: Cresselia|accuracy|2\n|move|p2a: Roaring Moon|Heat Wave|p1b: Tsareena|[spread] p1a\n|-miss|p2a: Roaring Moon|p1b: Tsareena\n|-damage|p1a: Cresselia|71\/100\n|move|p1a: Cresselia|Calm Mind|p1a: Cresselia\n|-boost|p1a: Cresselia|spa|1\n|-boost|p1a: Cresselia|spd|1\n|move|p2b: Iron Hands|Drain Punch|p1a: Cresselia\n|-damage|p1a: Cresselia|34\/100\n|\n|upkeep\n|turn|4\n|\n|t:|1699196910\n|move|p1b: Tsareena|Acupressure|p1a: Cresselia\n|-boost|p1a: Cresselia|evasion|2\n|move|p2a: Roaring Moon|Snarl|p1a: Cresselia|[spread] p1b\n|-miss|p2a: Roaring Moon|p1a: Cresselia\n|-damage|p1b: Tsareena|0 fnt\n|faint|p1b: Tsareena\n|move|p1a: Cresselia|Moonblast|p2a: Roaring Moon\n|-supereffective|p2a: Roaring Moon\n|-damage|p2a: Roaring Moon|0 fnt\n|faint|p2a: Roaring Moon\n|-end|p2a: Roaring Moon|Protosynthesis|[silent]\n|move|p2b: Iron Hands|Drain Punch|p1a: Cresselia|[miss]\n|-miss|p2b: Iron Hands|p1a: Cresselia\n|\n|upkeep\n|\n|t:|1699196931\n|switch|p2a: Landorus|Landorus-Therian, M|100\/100\n|switch|p1b: Tornadus|Tornadus, M, shiny|100\/100\n|-ability|p2a: Landorus|Intimidate|boost\n|-unboost|p1a: Cresselia|atk|1\n|-unboost|p1b: Tornadus|atk|1\n|turn|5\n|\n|t:|1699196945\n|move|p1b: Tornadus|Tailwind|p1b: Tornadus\n|-sidestart|p1: cotesmcgotes|move: Tailwind\n|move|p1a: Cresselia|Calm Mind|p1a: Cresselia\n|-boost|p1a: Cresselia|spa|1\n|-boost|p1a: Cresselia|spd|1\n|move|p2a: Landorus|Taunt|p1b: Tornadus\n|-start|p1b: Tornadus|move: Taunt\n|move|p2b: Iron Hands|Drain Punch|p1a: Cresselia|[miss]\n|-miss|p2b: Iron Hands|p1a: Cresselia\n|\n|upkeep\n|turn|6\n|\n|t:|1699196961\n|switch|p1b: Gliscor|Gliscor, F, shiny|100\/100\n|-end|p2b: Iron Hands|Quark Drive|[silent]\n|switch|p2b: Heatran|Heatran, F|100\/100\n|move|p1a: Cresselia|Stored Power|p2b: Heatran\n|-resisted|p2b: Heatran\n|-damage|p2b: Heatran|78\/100\n|move|p2a: Landorus|Stealth Rock|p1a: Cresselia\n|-sidestart|p1: cotesmcgotes|move: Stealth Rock\n|\n|-heal|p2b: Heatran|84\/100|[from] item: Leftovers\n|-status|p1b: Gliscor|tox|[from] item: Toxic Orb\n|upkeep\n|turn|7\n|\n|t:|1699196982\n|move|p1b: Gliscor|Earthquake|p2a: Landorus|[spread] p2b\n|-immune|p1a: Cresselia|[from] ability: Levitate\n|-immune|p2a: Landorus\n|-supereffective|p2b: Heatran\n|-crit|p2b: Heatran\n|-damage|p2b: Heatran|0 fnt\n|faint|p2b: Heatran\n|move|p1a: Cresselia|Stored Power|p2a: Landorus\n|-damage|p2a: Landorus|20\/100\n|move|p2a: Landorus|Rock Slide|p1a: Cresselia|[spread] p1b\n|-miss|p2a: Landorus|p1a: Cresselia\n|-damage|p1b: Gliscor|82\/100 tox\n|\n|-heal|p2a: Landorus|26\/100|[from] item: Leftovers\n|-heal|p1b: Gliscor|94\/100 tox|[from] ability: Poison Heal\n|upkeep\n|inactive|epileffg has 120 seconds left.\n|\n|t:|1699196998\n|switch|p2b: Iron Hands|Iron Hands|100\/100\n|turn|8\n|\n|t:|1699197010\n|move|p2b: Iron Hands|Fake Out|p1a: Cresselia\n|-damage|p1a: Cresselia|21\/100\n|move|p1b: Gliscor|Earthquake|p2b: Iron Hands|[spread] p2b\n|-immune|p1a: Cresselia|[from] ability: Levitate\n|-immune|p2a: Landorus\n|-supereffective|p2b: Iron Hands\n|-damage|p2b: Iron Hands|63\/100\n|cant|p1a: Cresselia|flinch\n|move|p2a: Landorus|Rock Slide|p1a: Cresselia|[spread] p1a,p1b\n|-damage|p1a: Cresselia|8\/100\n|-damage|p1b: Gliscor|76\/100 tox\n|\n|-heal|p2a: Landorus|32\/100|[from] item: Leftovers\n|-heal|p1b: Gliscor|88\/100 tox|[from] ability: Poison Heal\n|-sideend|p1: cotesmcgotes|move: Tailwind\n|upkeep\n|turn|9\n|\n|t:|1699197030\n|move|p2a: Landorus|Protect|p2a: Landorus\n|-singleturn|p2a: Landorus|Protect\n|move|p1b: Gliscor|Swords Dance|p1b: Gliscor\n|-boost|p1b: Gliscor|atk|2\n|move|p1a: Cresselia|Stored Power|p2a: Landorus\n|-activate|p2a: Landorus|move: Protect\n|move|p2b: Iron Hands|Drain Punch|p1b: Gliscor\n|-resisted|p1b: Gliscor\n|-damage|p1b: Gliscor|68\/100 tox\n|-heal|p2b: Iron Hands|68\/100|[from] drain|[of] p1b: Gliscor\n|\n|-heal|p2a: Landorus|38\/100|[from] item: Leftovers\n|-heal|p1b: Gliscor|81\/100 tox|[from] ability: Poison Heal\n|upkeep\n|turn|10\n|\n|t:|1699197048\n|move|p1b: Gliscor|Facade|p2a: Landorus\n|-damage|p2a: Landorus|0 fnt\n|faint|p2a: Landorus\n|move|p1a: Cresselia|Stored Power|p2b: Iron Hands\n|-supereffective|p2b: Iron Hands\n|-damage|p2b: Iron Hands|0 fnt\n|faint|p2b: Iron Hands\n|-end|p2b: Iron Hands|Quark Drive|[silent]\n|\n|-heal|p1b: Gliscor|93\/100 tox|[from] ability: Poison Heal\n|upkeep\n|\n|t:|1699197057\n|switch|p2a: Flutter Mane|Flutter Mane|100\/100\n|switch|p2b: Amoonguss|Amoonguss, F|100\/100\n|-enditem|p2a: Flutter Mane|Booster Energy\n|-activate|p2a: Flutter Mane|ability: Protosynthesis|[fromitem]\n|-start|p2a: Flutter Mane|protosynthesisspe\n|turn|11\n|\n|t:|1699197075\n|move|p2a: Flutter Mane|Icy Wind|p1b: Gliscor|[spread] p1a,p1b\n|-supereffective|p1b: Gliscor\n|-damage|p1a: Cresselia|2\/100\n|-damage|p1b: Gliscor|5\/100 tox\n|-unboost|p1a: Cresselia|spe|1\n|-unboost|p1b: Gliscor|spe|1\n|move|p1b: Gliscor|Earthquake|p2b: Amoonguss|[spread] p2a,p2b\n|-immune|p1a: Cresselia|[from] ability: Levitate\n|-damage|p2a: Flutter Mane|0 fnt\n|-damage|p2b: Amoonguss|31\/100\n|faint|p2a: Flutter Mane\n|-end|p2a: Flutter Mane|Protosynthesis|[silent]\n|move|p1a: Cresselia|Stored Power|p2b: Amoonguss\n|-supereffective|p2b: Amoonguss\n|-damage|p2b: Amoonguss|0 fnt\n|faint|p2b: Amoonguss\n|\n|win|cotesmcgotes\n|raw|cotesmcgotes's rating: 1282 &rarr; <strong>1300<\/strong><br \/>(+18 for winning)\n|raw|epileffg's rating: 1186 &rarr; <strong>1168<\/strong><br \/>(-18 for losing)\n|l|\u2606epileffg\n","uploadtime":1699197085,"views":7,"p1id":"cotesmcgotes","p2id":"epileffg","formatid":"gen9doublesou","rating":1168,"private":0,"password":""}