{"id":"gen9doublesou-1972260272","p1":"videogame.74","p2":"sebastiangoca","format":"[Gen 9] Doubles OU","log":"|j|\u2606videogame.74\n|j|\u2606sebastiangoca\n|t:|1697825893\n|gametype|doubles\n|player|p1|videogame.74|101|1044\n|player|p2|sebastiangoca|fisherman-gen4|1051\n|teamsize|p1|6\n|teamsize|p2|6\n|gen|9\n|tier|[Gen 9] Doubles OU\n|rated|\n|rule|Species Clause: Limit one of each Pok\u00e9mon\n|rule|OHKO Clause: OHKO moves are banned\n|rule|Evasion Moves Clause: Evasion moves are banned\n|rule|Gravity Sleep Clause: The combination of sleep-inducing moves with imperfect accuracy and Gravity or Gigantamax Orbeetle are banned\n|rule|Endless Battle Clause: Forcing endless battles is banned\n|rule|HP Percentage Mod: HP is shown in percentages\n|clearpoke\n|poke|p1|Glimmora, M|\n|poke|p1|Gholdengo|\n|poke|p1|Quaquaval, F|\n|poke|p1|Okidogi, M|\n|poke|p1|Sinistcha|\n|poke|p1|Typhlosion-Hisui, F|\n|poke|p2|Hatterene, F|\n|poke|p2|Snorlax, M|\n|poke|p2|Chandelure, M|\n|poke|p2|Amoonguss, M|\n|poke|p2|Glastrier|\n|poke|p2|Graveler-Alola, F|\n|teampreview\n|\n|t:|1697825912\n|start\n|switch|p1a: Glimmora|Glimmora, M|100\/100\n|switch|p1b: Sinistcha|Sinistcha|100\/100\n|switch|p2a: Hatterene|Hatterene, F, shiny|100\/100\n|switch|p2b: Amoonguss|Amoonguss, M|100\/100\n|turn|1\n|-activate|p1b: Sinistcha|item: Quick Claw\n|\n|t:|1697825968\n|move|p1b: Sinistcha|Shadow Ball|p2a: Hatterene\n|-supereffective|p2a: Hatterene\n|-damage|p2a: Hatterene|23\/100\n|move|p1a: Glimmora|Stealth Rock|p2a: Hatterene\n|move|p2a: Hatterene|Stealth Rock|p1a: Glimmora|[from]ability: Magic Bounce\n|-sidestart|p1: videogame.74|move: Stealth Rock\n|move|p2b: Amoonguss|Spore|p1a: Glimmora\n|-status|p1a: Glimmora|slp|[from] move: Spore\n|move|p2a: Hatterene|Trick Room|p2a: Hatterene\n|-fieldstart|move: Trick Room|[of] p2a: Hatterene\n|\n|upkeep\n|turn|2\n|\n|t:|1697825994\n|move|p2a: Hatterene|Protect|p2a: Hatterene\n|-singleturn|p2a: Hatterene|Protect\n|move|p2b: Amoonguss|Toxic|p1b: Sinistcha\n|-status|p1b: Sinistcha|tox\n|move|p1b: Sinistcha|Shadow Ball|p2a: Hatterene\n|-activate|p2a: Hatterene|move: Protect\n|cant|p1a: Glimmora|slp\n|\n|-damage|p1b: Sinistcha|94\/100 tox|[from] psn\n|upkeep\n|turn|3\n|\n|t:|1697826009\n|move|p2b: Amoonguss|Hex|p1b: Sinistcha\n|-supereffective|p1b: Sinistcha\n|-damage|p1b: Sinistcha|3\/100 tox\n|move|p2a: Hatterene|Psychic|p1a: Glimmora\n|-supereffective|p1a: Glimmora\n|-damage|p1a: Glimmora|4\/100 slp\n|move|p1b: Sinistcha|Shadow Ball|p2a: Hatterene\n|-supereffective|p2a: Hatterene\n|-damage|p2a: Hatterene|0 fnt\n|faint|p2a: Hatterene\n|cant|p1a: Glimmora|slp\n|\n|-damage|p1b: Sinistcha|0 fnt|[from] psn\n|faint|p1b: Sinistcha\n|upkeep\n|\n|t:|1697826034\n|switch|p2a: Chandelure|Chandelure, M|100\/100\n|switch|p1b: Quaquaval|Quaquaval, F|100\/100\n|-damage|p1b: Quaquaval|94\/100|[from] Stealth Rock\n|turn|4\n|\n|t:|1697826059\n|move|p2b: Amoonguss|Giga Drain|p1b: Quaquaval\n|-supereffective|p1b: Quaquaval\n|-damage|p1b: Quaquaval|19\/100\n|move|p2a: Chandelure|Energy Ball|p1b: Quaquaval\n|-supereffective|p1b: Quaquaval\n|-damage|p1b: Quaquaval|0 fnt\n|faint|p1b: Quaquaval\n|cant|p1a: Glimmora|slp\n|\n|upkeep\n|\n|t:|1697826069\n|switch|p1b: Gholdengo|Gholdengo|100\/100\n|-damage|p1b: Gholdengo|94\/100|[from] Stealth Rock\n|-item|p1b: Gholdengo|Air Balloon\n|turn|5\n|\n|t:|1697826115\n|-terastallize|p1b: Gholdengo|Steel\n|move|p2b: Amoonguss|Hex|p1a: Glimmora\n|-damage|p1a: Glimmora|0 fnt\n|faint|p1a: Glimmora\n|move|p2a: Chandelure|Shadow Ball|p1b: Gholdengo\n|-damage|p1b: Gholdengo|45\/100\n|-unboost|p1b: Gholdengo|spd|1\n|-enditem|p1b: Gholdengo|Air Balloon\n|move|p1b: Gholdengo|Shadow Ball|p2a: Chandelure\n|-supereffective|p2a: Chandelure\n|-damage|p2a: Chandelure|9\/100\n|\n|-fieldend|move: Trick Room\n|upkeep\n|\n|t:|1697826135\n|switch|p1a: Okidogi|Okidogi, M|100\/100\n|-damage|p1a: Okidogi|95\/100|[from] Stealth Rock\n|turn|6\n|\n|t:|1697826162\n|move|p1b: Gholdengo|Make It Rain|p2b: Amoonguss|[spread] p2a,p2b\n|-resisted|p2a: Chandelure\n|-damage|p2a: Chandelure|0 fnt\n|-damage|p2b: Amoonguss|43\/100\n|-unboost|p1b: Gholdengo|spa|1\n|faint|p2a: Chandelure\n|move|p1a: Okidogi|Shadow Claw|p2b: Amoonguss\n|-damage|p2b: Amoonguss|20\/100\n|-enditem|p2b: Amoonguss|Aguav Berry|[eat]\n|-heal|p2b: Amoonguss|54\/100|[from] item: Aguav Berry\n|move|p2b: Amoonguss|Hex|p1b: Gholdengo\n|-damage|p1b: Gholdengo|16\/100\n|\n|upkeep\n|\n|t:|1697826181\n|switch|p2a: Graveler|Graveler-Alola, F|100\/100\n|turn|7\n|\n|t:|1697826214\n|move|p1b: Gholdengo|Make It Rain|p2a: Graveler|[spread] p2a,p2b\n|-damage|p2a: Graveler|12\/100\n|-damage|p2b: Amoonguss|16\/100\n|-unboost|p1b: Gholdengo|spa|1\n|move|p1a: Okidogi|Drain Punch|p2a: Graveler\n|-supereffective|p2a: Graveler\n|-damage|p2a: Graveler|0 fnt\n|-heal|p1a: Okidogi|99\/100|[from] drain|[of] p2a: Graveler\n|-damage|p1a: Okidogi|84\/100|[from] item: Rocky Helmet|[of] p2a: Graveler\n|faint|p2a: Graveler\n|move|p2b: Amoonguss|Spore|p1a: Okidogi\n|-status|p1a: Okidogi|slp|[from] move: Spore\n|\n|upkeep\n|\n|t:|1697826229\n|switch|p2a: Glastrier|Glastrier|100\/100\n|turn|8\n|\n|t:|1697826258\n|-terastallize|p2a: Glastrier|Steel\n|move|p1b: Gholdengo|Make It Rain|p2a: Glastrier|[spread] p2a,p2b\n|-resisted|p2a: Glastrier\n|-damage|p2a: Glastrier|87\/100\n|-damage|p2b: Amoonguss|0 fnt\n|-unboost|p1b: Gholdengo|spa|1\n|faint|p2b: Amoonguss\n|cant|p1a: Okidogi|slp\n|move|p2a: Glastrier|Body Press|p1b: Gholdengo\n|-supereffective|p1b: Gholdengo\n|-damage|p1b: Gholdengo|0 fnt\n|faint|p1b: Gholdengo\n|-ability|p2a: Glastrier|Chilling Neigh|boost\n|-boost|p2a: Glastrier|atk|1\n|\n|upkeep\n|\n|t:|1697826273\n|switch|p1b: Typhlosion|Typhlosion-Hisui, F|100\/100\n|switch|p2b: Snorlax|Snorlax, M|100\/100\n|-damage|p1b: Typhlosion|76\/100|[from] Stealth Rock\n|-item|p2a: Glastrier|Blunder Policy|[from] ability: Frisk|[of] p1b: Typhlosion|[identify]\n|-item|p2b: Snorlax|Power Herb|[from] ability: Frisk|[of] p1b: Typhlosion|[identify]\n|turn|9\n|inactive|Battle timer is ON: inactive players will automatically lose when time's up. (requested by videogame.74)\n|\n|t:|1697826322\n|move|p1b: Typhlosion|Eruption|p2a: Glastrier|[spread] p2a,p2b\n|-supereffective|p2a: Glastrier\n|-damage|p2a: Glastrier|4\/100\n|-damage|p2b: Snorlax|78\/100\n|-curestatus|p1a: Okidogi|slp|[msg]\n|move|p1a: Okidogi|Drain Punch|p2b: Snorlax\n|-supereffective|p2b: Snorlax\n|-damage|p2b: Snorlax|13\/100\n|-heal|p1a: Okidogi|100\/100|[from] drain|[of] p2b: Snorlax\n|move|p2b: Snorlax|Curse|p2b: Snorlax\n|-unboost|p2b: Snorlax|spe|1\n|-boost|p2b: Snorlax|atk|1\n|-boost|p2b: Snorlax|def|1\n|move|p2a: Glastrier|Iron Defense|p2a: Glastrier\n|-boost|p2a: Glastrier|def|2\n|\n|upkeep\n|turn|10\n|-message|sebastiangoca forfeited.\n|\n|win|videogame.74\n|raw|videogame.74's rating: 1044 &rarr; <strong>1078<\/strong><br \/>(+34 for winning)\n|raw|sebastiangoca's rating: 1051 &rarr; <strong>1033<\/strong><br \/>(-18 for losing)\n|l|\u2606sebastiangoca\n","uploadtime":1697826355,"views":11,"p1id":"videogame74","p2id":"sebastiangoca","formatid":"gen9doublesou","rating":1033,"private":0,"password":""}