{"id":"gen9doublesou-1993733827","p1":"Nubkk","p2":"eu188pixels","format":"[Gen 9] Doubles OU","log":"|j|\u2606Nubkk\n|j|\u2606eu188pixels\n|inactive|Battle timer is ON: inactive players will automatically lose when time's up.\n|t:|1700350870\n|gametype|doubles\n|player|p1|Nubkk|caitlin|\n|player|p2|eu188pixels|clerk|\n|teamsize|p1|6\n|teamsize|p2|6\n|gen|9\n|tier|[Gen 9] Doubles OU\n|rated|Tournament battle\n|rule|Species Clause: Limit one of each Pok\u00e9mon\n|rule|OHKO Clause: OHKO moves are banned\n|rule|Evasion Moves Clause: Evasion moves are banned\n|rule|Gravity Sleep Clause: The combination of sleep-inducing moves with imperfect accuracy and Gravity or Gigantamax Orbeetle are banned\n|rule|Endless Battle Clause: Forcing endless battles is banned\n|rule|HP Percentage Mod: HP is shown in percentages\n|clearpoke\n|poke|p1|Indeedee-F, F|\n|poke|p1|Armarouge, F|\n|poke|p1|Hatterene, F|\n|poke|p1|Iron Hands|\n|poke|p1|Sinistcha-Masterpiece|\n|poke|p1|Ursaluna-Bloodmoon, M|\n|poke|p2|Flutter Mane|\n|poke|p2|Glimmora, F|\n|poke|p2|Tornadus, M|\n|poke|p2|Gholdengo|\n|poke|p2|Kleavor, F|\n|poke|p2|Amoonguss, M|\n|teampreview\n|inactive|eu188pixels also wants the timer to be on.\n|inactive|Nubkk also wants the timer to be on.\n|c|\u2606eu188pixels|eita\n|j| NotASwiftie\n|c|\u2606Nubkk|glhf\n|c|\u2606eu188pixels|u2\n|\n|t:|1700350882\n|start\n|switch|p1a: Chap\u00e9u :D|Hatterene, F, shiny|100\/100\n|switch|p1b: HaryamaLubrificado|Iron Hands|100\/100\n|switch|p2a: Kleavor|Kleavor, F|100\/100\n|switch|p2b: Tornadus|Tornadus, M|100\/100\n|turn|1\n|c|\u2606Nubkk|esse kleavor ta gigante\n|j| Rodriguin_Gamer23\n|\n|t:|1700350897\n|move|p2b: Tornadus|Bleakwind Storm|p1b: HaryamaLubrificado|[spread] p1a,p1b\n|-damage|p1a: Chap\u00e9u :D|69\/100\n|-damage|p1b: HaryamaLubrificado|71\/100\n|move|p2a: Kleavor|U-turn|p1b: HaryamaLubrificado\n|-resisted|p1b: HaryamaLubrificado\n|-damage|p1b: HaryamaLubrificado|61\/100\n|c| Rodriguin_Gamer23|nubkk dps do belly drum vai tipo\n|\n|t:|1700350915\n|switch|p2a: Flutter Mane|Flutter Mane|100\/100|[from] U-turn\n|move|p1b: HaryamaLubrificado|Belly Drum|p1b: HaryamaLubrificado\n|-damage|p1b: HaryamaLubrificado|11\/100\n|-setboost|p1b: HaryamaLubrificado|atk|6|[from] move: Belly Drum\n|-enditem|p1b: HaryamaLubrificado|Sitrus Berry|[eat]\n|-heal|p1b: HaryamaLubrificado|36\/100|[from] item: Sitrus Berry\n|move|p1a: Chap\u00e9u :D|Trick Room|p1a: Chap\u00e9u :D\n|-fieldstart|move: Trick Room|[of] p1a: Chap\u00e9u :D\n|\n|upkeep\n|turn|2\n|c| Rodriguin_Gamer23|KATCHAU\n|c|\u2606Nubkk|ai meu life\n|\n|t:|1700350932\n|switch|p1a: Ch\u00e1 verde|Sinistcha-Masterpiece, shiny|100\/100\n|-heal|p1b: HaryamaLubrificado|61\/100|[from] ability: Hospitality|[of] p1a: Ch\u00e1 verde\n|move|p1b: HaryamaLubrificado|Drain Punch|p2b: Tornadus\n|-resisted|p2b: Tornadus\n|-damage|p2b: Tornadus|0 fnt\n|-heal|p1b: HaryamaLubrificado|91\/100|[from] drain|[of] p2b: Tornadus\n|faint|p2b: Tornadus\n|move|p2a: Flutter Mane|Dazzling Gleam|p1a: Ch\u00e1 verde|[spread] p1a,p1b\n|-supereffective|p1b: HaryamaLubrificado\n|-damage|p1a: Ch\u00e1 verde|53\/100\n|-damage|p1b: HaryamaLubrificado|24\/100\n|-damage|p2a: Flutter Mane|91\/100|[from] item: Life Orb\n|\n|-heal|p1a: Ch\u00e1 verde|59\/100|[from] item: Leftovers\n|upkeep\n|c|\u2606eu188pixels|foda viu\n|\n|t:|1700350941\n|switch|p2b: Amoonguss|Amoonguss, M|100\/100\n|turn|3\n|\n|t:|1700350961\n|-end|p1b: HaryamaLubrificado|Quark Drive|[silent]\n|switch|p1b: Chap\u00e9u :D|Hatterene, F, shiny|69\/100\n|move|p2b: Amoonguss|Rage Powder|p2b: Amoonguss\n|-singleturn|p2b: Amoonguss|move: Rage Powder\n|move|p1a: Ch\u00e1 verde|Calm Mind|p1a: Ch\u00e1 verde\n|-boost|p1a: Ch\u00e1 verde|spa|1\n|-boost|p1a: Ch\u00e1 verde|spd|1\n|move|p2a: Flutter Mane|Dazzling Gleam|p1a: Ch\u00e1 verde|[spread] p1a,p1b\n|-damage|p1a: Ch\u00e1 verde|29\/100\n|-damage|p1b: Chap\u00e9u :D|36\/100\n|-damage|p2a: Flutter Mane|81\/100|[from] item: Life Orb\n|\n|-heal|p1a: Ch\u00e1 verde|35\/100|[from] item: Leftovers\n|upkeep\n|turn|4\n|c|\u2606Nubkk|a\n|\n|t:|1700350975\n|move|p2a: Flutter Mane|Protect|p2a: Flutter Mane\n|-singleturn|p2a: Flutter Mane|Protect\n|move|p1b: Chap\u00e9u :D|Mystical Fire|p2a: Flutter Mane\n|-activate|p2a: Flutter Mane|move: Protect\n|move|p2b: Amoonguss|Sludge Bomb|p1b: Chap\u00e9u :D\n|-supereffective|p1b: Chap\u00e9u :D\n|-damage|p1b: Chap\u00e9u :D|0 fnt\n|faint|p1b: Chap\u00e9u :D\n|move|p1a: Ch\u00e1 verde|Matcha Gotcha|p2b: Amoonguss|[spread] p2b\n|-activate|p2a: Flutter Mane|move: Protect\n|-resisted|p2b: Amoonguss\n|-damage|p2b: Amoonguss|96\/100\n|-heal|p1a: Ch\u00e1 verde|38\/100|[from] drain|[of] p2b: Amoonguss\n|\n|-heal|p2b: Amoonguss|100\/100|[from] item: Black Sludge\n|-heal|p1a: Ch\u00e1 verde|44\/100|[from] item: Leftovers\n|upkeep\n|c| Rodriguin_Gamer23|~~esse bicho e tao roubado q se dar drain punch na flutter mane e hit kill~~\n|c|\u2606eu188pixels|kkkkkkkkkk\n|inactive|Nubkk has 120 seconds left.\n|c|\u2606Nubkk|mas fluter e fantasma\n|c|\u2606Nubkk|'-'\n|c|\u2606eu188pixels|entendo a ideia\n|c|\u2606eu188pixels|exatamente nubkk\n|c| Rodriguin_Gamer23|essa e a piada nubkk '-'\n|inactive|Nubkk has 90 seconds left.\n|c|\u2606Nubkk|mas se tivesse um scrappy\n|\n|t:|1700351038\n|switch|p1b: HaryamaLubrificado|Iron Hands|24\/100\n|turn|5\n|\n|t:|1700351048\n|move|p2b: Amoonguss|Rage Powder|p2b: Amoonguss\n|-singleturn|p2b: Amoonguss|move: Rage Powder\n|move|p1b: HaryamaLubrificado|Thunder Punch|p2b: Amoonguss\n|-resisted|p2b: Amoonguss\n|-damage|p2b: Amoonguss|82\/100\n|move|p1a: Ch\u00e1 verde|Strength Sap|p2a: Flutter Mane\n|-unboost|p2a: Flutter Mane|atk|1\n|-heal|p1a: Ch\u00e1 verde|74\/100\n|move|p2a: Flutter Mane|Dazzling Gleam|p1b: HaryamaLubrificado|[spread] p1a,p1b\n|-supereffective|p1b: HaryamaLubrificado\n|-damage|p1a: Ch\u00e1 verde|45\/100\n|-damage|p1b: HaryamaLubrificado|0 fnt\n|faint|p1b: HaryamaLubrificado\n|-end|p1b: HaryamaLubrificado|Quark Drive|[silent]\n|-damage|p2a: Flutter Mane|71\/100|[from] item: Life Orb\n|\n|-heal|p2b: Amoonguss|88\/100|[from] item: Black Sludge\n|-heal|p1a: Ch\u00e1 verde|51\/100|[from] item: Leftovers\n|-fieldend|move: Trick Room\n|upkeep\n|c| Rodriguin_Gamer23|scrappy em paradox e soda\n|c|\u2606Nubkk|soda?\n|c| Rodriguin_Gamer23|foda*\n|c|\u2606Nubkk|kkk\n|\n|t:|1700351068\n|switch|p1b: Blood Mon|Ursaluna-Bloodmoon, M|100\/100\n|turn|6\n|\n|t:|1700351083\n|move|p2a: Flutter Mane|Protect|p2a: Flutter Mane\n|-singleturn|p2a: Flutter Mane|Protect\n|move|p1b: Blood Mon|Hyper Voice|p2a: Flutter Mane|[spread] p2b\n|-activate|p2a: Flutter Mane|move: Protect\n|-damage|p2b: Amoonguss|60\/100\n|-enditem|p1b: Blood Mon|Throat Spray\n|-boost|p1b: Blood Mon|spa|1|[from] item: Throat Spray\n|move|p2b: Amoonguss|Spore|p1b: Blood Mon\n|-status|p1b: Blood Mon|slp|[from] move: Spore\n|move|p1a: Ch\u00e1 verde|Trick Room|p1a: Ch\u00e1 verde\n|-fieldstart|move: Trick Room|[of] p1a: Ch\u00e1 verde\n|\n|-heal|p2b: Amoonguss|66\/100|[from] item: Black Sludge\n|-heal|p1a: Ch\u00e1 verde|57\/100|[from] item: Leftovers\n|upkeep\n|turn|7\n|c|\u2606Nubkk|odeio spore\n|\n|t:|1700351102\n|switch|p1b: Soca Fogo kk|Armarouge, F|100\/100\n|switch|p1a: Rainha DOU :3|Indeedee-F, F, shiny|100\/100\n|-fieldstart|move: Psychic Terrain|[from] ability: Psychic Surge|[of] p1a: Rainha DOU :3\n|-enditem|p1a: Rainha DOU :3|Psychic Seed\n|-boost|p1a: Rainha DOU :3|spd|1|[from] item: Psychic Seed\n|move|p2b: Amoonguss|Sludge Bomb|p1a: Rainha DOU :3\n|-damage|p1a: Rainha DOU :3|86\/100\n|-status|p1a: Rainha DOU :3|psn\n|move|p2a: Flutter Mane|Shadow Ball|p1a: Rainha DOU :3\n|-immune|p1a: Rainha DOU :3\n|\n|-heal|p2b: Amoonguss|72\/100|[from] item: Black Sludge\n|-damage|p1a: Rainha DOU :3|73\/100 psn|[from] psn\n|upkeep\n|turn|8\n|c|\u2606eu188pixels|nooou\n|c|\u2606Nubkk|kkkkkkkk\n|c| Rodriguin_Gamer23|tem algum counter pra essa estrategia\n|\n|t:|1700351122\n|move|p1a: Rainha DOU :3|Helping Hand|p1b: Soca Fogo kk\n|-singleturn|p1b: Soca Fogo kk|Helping Hand|[of] p1a: Rainha DOU :3\n|move|p2b: Amoonguss|Sludge Bomb|p1b: Soca Fogo kk\n|-damage|p1b: Soca Fogo kk|71\/100\n|move|p1b: Soca Fogo kk|Expanding Force|p2b: Amoonguss|[spread] p2a,p2b\n|-supereffective|p2b: Amoonguss\n|-damage|p2a: Flutter Mane|0 fnt\n|-damage|p2b: Amoonguss|0 fnt\n|faint|p2a: Flutter Mane\n|-end|p2a: Flutter Mane|Protosynthesis|[silent]\n|faint|p2b: Amoonguss\n|-damage|p1b: Soca Fogo kk|61\/100|[from] item: Life Orb\n|\n|-damage|p1a: Rainha DOU :3|61\/100 psn|[from] psn\n|upkeep\n|\n|t:|1700351137\n|switch|p2b: Kleavor|Kleavor, F|100\/100\n|switch|p2a: Gholdengo|Gholdengo|100\/100\n|turn|9\n|c|\u2606Nubkk|2 turnos e 1 sonho\n|c| Rodriguin_Gamer23|pq tu fica falando isso\n|\n|t:|1700351154\n|-terastallize|p1b: Soca Fogo kk|Grass\n|move|p1a: Rainha DOU :3|Helping Hand|p1b: Soca Fogo kk\n|-singleturn|p1b: Soca Fogo kk|Helping Hand|[of] p1a: Rainha DOU :3\n|move|p1b: Soca Fogo kk|Expanding Force|p2b: Kleavor|[spread] p2a,p2b\n|-resisted|p2a: Gholdengo\n|-damage|p2a: Gholdengo|33\/100\n|-enditem|p2b: Kleavor|Focus Sash\n|-damage|p2b: Kleavor|1\/100\n|-damage|p1b: Soca Fogo kk|52\/100|[from] item: Life Orb\n|move|p2b: Kleavor|Rock Slide|p1a: Rainha DOU :3|[spread] p1a,p1b\n|-damage|p1a: Rainha DOU :3|32\/100 psn\n|-damage|p1b: Soca Fogo kk|25\/100\n|move|p2a: Gholdengo|Make It Rain|p1b: Soca Fogo kk|[spread] p1a,p1b\n|-damage|p1a: Rainha DOU :3|4\/100 psn\n|-damage|p1b: Soca Fogo kk|0 fnt\n|-unboost|p2a: Gholdengo|spa|1\n|faint|p1b: Soca Fogo kk\n|\n|-damage|p1a: Rainha DOU :3|0 fnt|[from] psn\n|faint|p1a: Rainha DOU :3\n|upkeep\n|c|\u2606Nubkk|oh no\n|\n|t:|1700351172\n|switch|p1b: Ch\u00e1 verde|Sinistcha-Masterpiece, shiny|57\/100\n|switch|p1a: Blood Mon|Ursaluna-Bloodmoon, M|100\/100 slp\n|turn|10\n|c|\u2606eu188pixels|mamei\n|c|\u2606Nubkk|nada\n|c| Rodriguin_Gamer23|mamou mesmo eu\n|c|\u2606Nubkk|perdi eu acho\n|c|\u2606Nubkk|acorda pls\n|\n|t:|1700351201\n|switch|p2a: Glimmora|Glimmora, F|100\/100\n|-item|p2a: Glimmora|Air Balloon\n|cant|p1a: Blood Mon|slp\n|move|p1b: Ch\u00e1 verde|Matcha Gotcha|p2b: Kleavor|[spread] p2a\n|-miss|p1b: Ch\u00e1 verde|p2b: Kleavor\n|-damage|p2a: Glimmora|74\/100\n|-heal|p1b: Ch\u00e1 verde|72\/100|[from] drain|[of] p2a: Glimmora\n|-enditem|p2a: Glimmora|Air Balloon\n|move|p2b: Kleavor|Close Combat|p1a: Blood Mon\n|-supereffective|p1a: Blood Mon\n|-damage|p1a: Blood Mon|39\/100 slp\n|-unboost|p2b: Kleavor|def|1\n|-unboost|p2b: Kleavor|spd|1\n|\n|-heal|p1b: Ch\u00e1 verde|78\/100|[from] item: Leftovers\n|-fieldend|move: Trick Room\n|upkeep\n|turn|11\n|c|\u2606Nubkk|droga\n|c|\u2606Nubkk|QUE\n|\n|t:|1700351222\n|move|p2a: Glimmora|Energy Ball|p1a: Blood Mon\n|-supereffective|p1a: Blood Mon\n|-damage|p1a: Blood Mon|0 fnt\n|faint|p1a: Blood Mon\n|move|p2b: Kleavor|U-turn|p1b: Ch\u00e1 verde\n|-damage|p1b: Ch\u00e1 verde|51\/100\n|c|\u2606Nubkk|gg\n|c|\u2606eu188pixels|wtf\n|c| Rodriguin_Gamer23|mentira\n|c|\u2606eu188pixels|qq aconteceu?\n|c|\u2606Nubkk|sortudo kkkkkkkk\n|c|\u2606eu188pixels|!dt matcha gotcha\n|raw|<ul class=\"utilichart\"><li class=\"result\"><span class=\"col movenamecol\"><a href=\"https:\/\/dex.pokemonshowdown.com\/moves\/matchagotcha\">Matcha Gotcha<\/a><\/span> <span class=\"col typecol\"><img src=\"\/\/play.pokemonshowdown.com\/sprites\/types\/Grass.png\" alt=\"Grass\" width=\"32\" height=\"14\"><img src=\"\/\/play.pokemonshowdown.com\/sprites\/categories\/Special.png\" alt=\"Special\" width=\"32\" height=\"14\"><\/span> <span class=\"col labelcol\"><em>Power<\/em><br>80<\/span> <span class=\"col widelabelcol\"><em>Accuracy<\/em><br>90%<\/span> <span class=\"col pplabelcol\"><em>PP<\/em><br>24<\/span> <span class=\"col movedesccol\">20% burn. Recovers 50% dmg dealt. Thaws foe(s).<\/span> <\/li><li style=\"clear:both\"><\/li><\/ul>\n|raw|<font size=\"1\"><font color=\"#686868\">Priority:<\/font> 0&nbsp;|&ThickSpace;<font color=\"#686868\">Gen:<\/font> 9&nbsp;|&ThickSpace;&#10003; Boosted by Sheer Force&nbsp;|&ThickSpace;&#10003; Thaws user&nbsp;|&ThickSpace;<font color=\"#686868\">Z-Power:<\/font> 160&nbsp;|&ThickSpace;<font color=\"#686868\">Dynamax Power:<\/font> 130&nbsp;|&ThickSpace;<font color=\"#686868\">Target:<\/font> All Adjacent Opponents<\/font>\n\n|c| Rodriguin_Gamer23|nubkk vai perde\n|c|\u2606Nubkk|o kleavor desviou '-'\n|inactive|eu188pixels has 120 seconds left.\n|c|\u2606eu188pixels|KKKKKKKKKKKKKKKKKKKKKKKKKKKKKKKKKKKKKKKKKKKK\n|c|\u2606eu188pixels|nem fudendo\n|\n|t:|1700351249\n|switch|p2b: Gholdengo|Gholdengo|33\/100|[from] U-turn\n|move|p1b: Ch\u00e1 verde|Matcha Gotcha|p2b: Gholdengo|[spread] p2a,p2b\n|-resisted|p2b: Gholdengo\n|-damage|p2a: Glimmora|50\/100\n|-heal|p1b: Ch\u00e1 verde|64\/100|[from] drain|[of] p2a: Glimmora\n|-damage|p2b: Gholdengo|20\/100\n|-heal|p1b: Ch\u00e1 verde|70\/100|[from] drain|[of] p2b: Gholdengo\n|\n|-heal|p1b: Ch\u00e1 verde|76\/100|[from] item: Leftovers\n|-fieldend|move: Psychic Terrain\n|upkeep\n|turn|12\n|c|\u2606Nubkk|meu bixo e vesgo\n|c|\u2606Nubkk|sim fudendo\n|\n|t:|1700351258\n|move|p2b: Gholdengo|Shadow Ball|p1b: Ch\u00e1 verde\n|-supereffective|p1b: Ch\u00e1 verde\n|-damage|p1b: Ch\u00e1 verde|0 fnt\n|faint|p1b: Ch\u00e1 verde\n|\n|win|eu188pixels\n|n|\u2606Nubkk|nubkk\n|n|\u2606eu188pixels|eu188pixels\n|n| NotASwiftie|notaswiftie\n|n| Rodriguin_Gamer23|rodriguingamer23\n","uploadtime":1700351259,"views":4,"p1id":"nubkk","p2id":"eu188pixels","formatid":"gen9doublesou","rating":0,"private":0,"password":""}