{"id":"gen9doublesou-1976191747","p1":"Bungerer hai","p2":"helpiamhomeless","format":"[Gen 9] Doubles OU","log":"|j|\u2606Bungerer hai\n|j|\u2606helpiamhomeless\n|t:|1698272178\n|gametype|doubles\n|player|p1|Bungerer hai|170|1178\n|player|p2|helpiamhomeless|n|1240\n|teamsize|p1|6\n|teamsize|p2|6\n|gen|9\n|tier|[Gen 9] Doubles OU\n|rated|\n|rule|Species Clause: Limit one of each Pok\u00e9mon\n|rule|OHKO Clause: OHKO moves are banned\n|rule|Evasion Moves Clause: Evasion moves are banned\n|rule|Gravity Sleep Clause: The combination of sleep-inducing moves with imperfect accuracy and Gravity or Gigantamax Orbeetle are banned\n|rule|Endless Battle Clause: Forcing endless battles is banned\n|rule|HP Percentage Mod: HP is shown in percentages\n|clearpoke\n|poke|p1|Rillaboom, F|\n|poke|p1|Gholdengo|\n|poke|p1|Iron Hands|\n|poke|p1|Wo-Chien|\n|poke|p1|Indeedee-F, F|\n|poke|p1|Armarouge, F|\n|poke|p2|Chien-Pao|\n|poke|p2|Iron Hands|\n|poke|p2|Garchomp, F|\n|poke|p2|Flutter Mane|\n|poke|p2|Arcanine, F|\n|poke|p2|Amoonguss, F|\n|teampreview\n|inactive|Battle timer is ON: inactive players will automatically lose when time's up. (requested by Bungerer hai)\n|\n|t:|1698272202\n|start\n|switch|p1a: Nola Cefai-F|Indeedee-F, F|100\/100\n|switch|p1b: Damian Flinch|Rillaboom, F|100\/100\n|switch|p2a: Iron Hands|Iron Hands|100\/100\n|switch|p2b: Flutter Mane|Flutter Mane|100\/100\n|-fieldstart|move: Grassy Terrain|[from] ability: Grassy Surge|[of] p1b: Damian Flinch\n|-fieldstart|move: Psychic Terrain|[from] ability: Psychic Surge|[of] p1a: Nola Cefai-F\n|-enditem|p1a: Nola Cefai-F|Psychic Seed\n|-boost|p1a: Nola Cefai-F|spd|1|[from] item: Psychic Seed\n|-enditem|p2a: Iron Hands|Booster Energy\n|-activate|p2a: Iron Hands|ability: Quark Drive|[fromitem]\n|-start|p2a: Iron Hands|quarkdriveatk\n|turn|1\n|\n|t:|1698272225\n|move|p2a: Iron Hands|Fake Out|p1a: Nola Cefai-F\n|-activate|p1a: Nola Cefai-F|move: Psychic Terrain\n|move|p1a: Nola Cefai-F|Follow Me|p1a: Nola Cefai-F\n|-singleturn|p1a: Nola Cefai-F|move: Follow Me\n|move|p2b: Flutter Mane|Mystical Fire|p1a: Nola Cefai-F\n|-damage|p1a: Nola Cefai-F|85\/100\n|-unboost|p1a: Nola Cefai-F|spa|1\n|move|p1b: Damian Flinch|Wood Hammer|p2b: Flutter Mane\n|-damage|p2b: Flutter Mane|13\/100\n|-damage|p1b: Damian Flinch|76\/100|[from] Recoil\n|\n|upkeep\n|turn|2\n|\n|t:|1698272249\n|-end|p2b: Flutter Mane|Protosynthesis|[silent]\n|switch|p2b: Amoonguss|Amoonguss, F|100\/100\n|switch|p1a: Armaraymond|Armarouge, F|100\/100\n|move|p1b: Damian Flinch|U-turn|p2b: Amoonguss\n|-damage|p2b: Amoonguss|82\/100\n|\n|t:|1698272262\n|switch|p1b: Nola Cefai-F|Indeedee-F, F|85\/100|[from] U-turn\n|move|p2a: Iron Hands|Wild Charge|p1a: Armaraymond\n|-damage|p1a: Armaraymond|19\/100\n|-damage|p2a: Iron Hands|86\/100|[from] Recoil\n|\n|upkeep\n|turn|3\n|\n|t:|1698272282\n|-terastallize|p2b: Amoonguss|Water\n|move|p1b: Nola Cefai-F|Helping Hand|p1a: Armaraymond\n|-singleturn|p1a: Armaraymond|Helping Hand|[of] p1b: Nola Cefai-F\n|move|p1a: Armaraymond|Expanding Force|p2a: Iron Hands|[spread] p2a,p2b\n|-supereffective|p2a: Iron Hands\n|-damage|p2a: Iron Hands|0 fnt\n|-damage|p2b: Amoonguss|0 fnt\n|faint|p2a: Iron Hands\n|-end|p2a: Iron Hands|Quark Drive|[silent]\n|faint|p2b: Amoonguss\n|-damage|p1a: Armaraymond|10\/100|[from] item: Life Orb\n|\n|upkeep\n|\n|t:|1698272295\n|switch|p2a: Chien-Pao|Chien-Pao|100\/100\n|switch|p2b: Arcanine|Arcanine, F|100\/100\n|-ability|p2a: Chien-Pao|Sword of Ruin\n|-ability|p2b: Arcanine|Intimidate|boost\n|-unboost|p1a: Armaraymond|atk|1\n|-unboost|p1b: Nola Cefai-F|atk|1\n|turn|4\n|\n|t:|1698272309\n|switch|p1a: Gary Wo|Wo-Chien|100\/100\n|-ability|p1a: Gary Wo|Tablets of Ruin\n|move|p2a: Chien-Pao|Crunch|p1b: Nola Cefai-F\n|-supereffective|p1b: Nola Cefai-F\n|-damage|p1b: Nola Cefai-F|0 fnt\n|faint|p1b: Nola Cefai-F\n|move|p2b: Arcanine|Snarl|p1a: Gary Wo\n|-resisted|p1a: Gary Wo\n|-damage|p1a: Gary Wo|96\/100\n|-unboost|p1a: Gary Wo|spa|1\n|\n|-heal|p1a: Gary Wo|100\/100|[from] item: Leftovers\n|upkeep\n|\n|t:|1698272318\n|switch|p1b: Iron handfranchi|Iron Hands|100\/100\n|turn|5\n|\n|t:|1698272331\n|move|p2a: Chien-Pao|Icicle Crash|p1a: Gary Wo\n|-supereffective|p1a: Gary Wo\n|-damage|p1a: Gary Wo|15\/100\n|move|p2b: Arcanine|Flare Blitz|p1a: Gary Wo\n|-supereffective|p1a: Gary Wo\n|-damage|p1a: Gary Wo|0 fnt\n|faint|p1a: Gary Wo\n|-damage|p2b: Arcanine|96\/100|[from] Recoil\n|move|p1b: Iron handfranchi|Drain Punch|p2a: Chien-Pao\n|-supereffective|p2a: Chien-Pao\n|-enditem|p2a: Chien-Pao|Focus Sash\n|-damage|p2a: Chien-Pao|1\/100\n|\n|-heal|p2b: Arcanine|100\/100|[from] item: Leftovers\n|-fieldend|move: Psychic Terrain\n|upkeep\n|\n|t:|1698272337\n|switch|p1a: Damian Flinch|Rillaboom, F|76\/100\n|-fieldstart|move: Grassy Terrain|[from] ability: Grassy Surge|[of] p1a: Damian Flinch\n|turn|6\n|\n|t:|1698272364\n|move|p1a: Damian Flinch|Fake Out|p2a: Chien-Pao\n|-damage|p2a: Chien-Pao|0 fnt\n|faint|p2a: Chien-Pao\n|move|p2b: Arcanine|Flare Blitz|p1b: Iron handfranchi\n|-damage|p1b: Iron handfranchi|72\/100\n|-status|p1b: Iron handfranchi|brn\n|-damage|p2b: Arcanine|88\/100|[from] Recoil\n|move|p1b: Iron handfranchi|Swords Dance|p1b: Iron handfranchi\n|-boost|p1b: Iron handfranchi|atk|2\n|\n|-heal|p2b: Arcanine|94\/100|[from] Grassy Terrain\n|-heal|p2b: Arcanine|99\/100|[from] item: Leftovers\n|-heal|p1a: Damian Flinch|82\/100|[from] Grassy Terrain\n|-heal|p1b: Iron handfranchi|78\/100 brn|[from] Grassy Terrain\n|-heal|p1b: Iron handfranchi|85\/100 brn|[from] item: Leftovers\n|-damage|p1b: Iron handfranchi|78\/100 brn|[from] brn\n|upkeep\n|inactive|helpiamhomeless has 120 seconds left.\n|\n|t:|1698272381\n|switch|p2a: Garchomp|Garchomp, F|100\/100\n|turn|7\n|\n|t:|1698272400\n|move|p2b: Arcanine|Protect|p2b: Arcanine\n|-singleturn|p2b: Arcanine|Protect\n|move|p2a: Garchomp|Earthquake|p1b: Iron handfranchi|[spread] p1a,p1b\n|-activate|p2b: Arcanine|move: Protect\n|-resisted|p1a: Damian Flinch\n|-supereffective|p1b: Iron handfranchi\n|-damage|p1a: Damian Flinch|67\/100\n|-damage|p1b: Iron handfranchi|46\/100 brn\n|-damage|p2a: Garchomp|91\/100|[from] item: Life Orb\n|move|p1a: Damian Flinch|Wood Hammer|p2a: Garchomp\n|-damage|p2a: Garchomp|9\/100\n|-damage|p1a: Damian Flinch|55\/100|[from] ability: Rough Skin|[of] p2a: Garchomp\n|-damage|p1a: Damian Flinch|27\/100|[from] Recoil\n|move|p1b: Iron handfranchi|Swords Dance|p1b: Iron handfranchi\n|-boost|p1b: Iron handfranchi|atk|2\n|\n|-heal|p2a: Garchomp|15\/100|[from] Grassy Terrain\n|-heal|p2b: Arcanine|100\/100|[from] Grassy Terrain\n|-heal|p1a: Damian Flinch|33\/100|[from] Grassy Terrain\n|-heal|p1b: Iron handfranchi|52\/100 brn|[from] Grassy Terrain\n|-heal|p1b: Iron handfranchi|59\/100 brn|[from] item: Leftovers\n|-damage|p1b: Iron handfranchi|52\/100 brn|[from] brn\n|upkeep\n|turn|8\n|\n|t:|1698272429\n|move|p2a: Garchomp|Protect|p2a: Garchomp\n|-singleturn|p2a: Garchomp|Protect\n|move|p2b: Arcanine|Flare Blitz|p1a: Damian Flinch\n|-supereffective|p1a: Damian Flinch\n|-damage|p1a: Damian Flinch|0 fnt\n|faint|p1a: Damian Flinch\n|-damage|p2b: Arcanine|91\/100|[from] Recoil\n|move|p1b: Iron handfranchi|Drain Punch|p2b: Arcanine\n|-damage|p2b: Arcanine|25\/100\n|-heal|p1b: Iron handfranchi|77\/100 brn|[from] drain|[of] p2b: Arcanine\n|\n|-heal|p2a: Garchomp|21\/100|[from] Grassy Terrain\n|-heal|p2b: Arcanine|31\/100|[from] Grassy Terrain\n|-heal|p2b: Arcanine|37\/100|[from] item: Leftovers\n|-heal|p1b: Iron handfranchi|83\/100 brn|[from] Grassy Terrain\n|-heal|p1b: Iron handfranchi|90\/100 brn|[from] item: Leftovers\n|-damage|p1b: Iron handfranchi|83\/100 brn|[from] brn\n|upkeep\n|\n|t:|1698272435\n|switch|p1a: Armaraymond|Armarouge, F|10\/100\n|turn|9\n|\n|t:|1698272457\n|move|p1a: Armaraymond|Wide Guard|p1a: Armaraymond\n|-singleturn|p1a: Armaraymond|Wide Guard\n|move|p2a: Garchomp|Liquidation|p1a: Armaraymond\n|-supereffective|p1a: Armaraymond\n|-damage|p1a: Armaraymond|0 fnt\n|faint|p1a: Armaraymond\n|-damage|p2a: Garchomp|12\/100|[from] item: Life Orb\n|move|p2b: Arcanine|Flare Blitz|p1b: Iron handfranchi\n|-damage|p1b: Iron handfranchi|56\/100 brn\n|-damage|p2b: Arcanine|25\/100|[from] Recoil\n|move|p1b: Iron handfranchi|Drain Punch|p2a: Garchomp\n|-damage|p2a: Garchomp|0 fnt\n|-heal|p1b: Iron handfranchi|60\/100 brn|[from] drain|[of] p2a: Garchomp\n|-damage|p1b: Iron handfranchi|47\/100 brn|[from] ability: Rough Skin|[of] p2a: Garchomp\n|faint|p2a: Garchomp\n|\n|-heal|p2b: Arcanine|31\/100|[from] Grassy Terrain\n|-heal|p2b: Arcanine|37\/100|[from] item: Leftovers\n|-heal|p1b: Iron handfranchi|53\/100 brn|[from] Grassy Terrain\n|-heal|p1b: Iron handfranchi|60\/100 brn|[from] item: Leftovers\n|-damage|p1b: Iron handfranchi|53\/100 brn|[from] brn\n|upkeep\n|\n|t:|1698272479\n|switch|p2a: Flutter Mane|Flutter Mane|13\/100\n|switch|p1a: Ella Price|Gholdengo|100\/100\n|turn|10\n|\n|t:|1698272499\n|-terastallize|p1b: Iron handfranchi|Fire\n|move|p2a: Flutter Mane|Dazzling Gleam|p1a: Ella Price|[spread] p1a,p1b\n|-resisted|p1a: Ella Price\n|-resisted|p1b: Iron handfranchi\n|-damage|p1a: Ella Price|80\/100\n|-damage|p1b: Iron handfranchi|34\/100 brn\n|move|p2b: Arcanine|Flare Blitz|p1a: Ella Price\n|-supereffective|p1a: Ella Price\n|-damage|p1a: Ella Price|0 fnt\n|faint|p1a: Ella Price\n|-damage|p2b: Arcanine|11\/100|[from] Recoil\n|move|p1b: Iron handfranchi|Heavy Slam|p2a: Flutter Mane\n|-supereffective|p2a: Flutter Mane\n|-crit|p2a: Flutter Mane\n|-damage|p2a: Flutter Mane|0 fnt\n|faint|p2a: Flutter Mane\n|-end|p2a: Flutter Mane|Protosynthesis|[silent]\n|\n|-heal|p2b: Arcanine|17\/100|[from] Grassy Terrain\n|-heal|p2b: Arcanine|23\/100|[from] item: Leftovers\n|-heal|p1b: Iron handfranchi|40\/100 brn|[from] Grassy Terrain\n|-heal|p1b: Iron handfranchi|46\/100 brn|[from] item: Leftovers\n|-damage|p1b: Iron handfranchi|40\/100 brn|[from] brn\n|-fieldend|move: Grassy Terrain\n|upkeep\n|turn|11\n|\n|t:|1698272523\n|move|p2b: Arcanine|Protect|p2b: Arcanine\n|-singleturn|p2b: Arcanine|Protect\n|move|p1b: Iron handfranchi|Drain Punch|p2b: Arcanine\n|-activate|p2b: Arcanine|move: Protect\n|\n|-heal|p2b: Arcanine|29\/100|[from] item: Leftovers\n|-heal|p1b: Iron handfranchi|46\/100 brn|[from] item: Leftovers\n|-damage|p1b: Iron handfranchi|40\/100 brn|[from] brn\n|upkeep\n|turn|12\n|\n|t:|1698272533\n|move|p2b: Arcanine|Flare Blitz|p1b: Iron handfranchi\n|-resisted|p1b: Iron handfranchi\n|-damage|p1b: Iron handfranchi|26\/100 brn\n|-damage|p2b: Arcanine|23\/100|[from] Recoil\n|move|p1b: Iron handfranchi|Drain Punch|p2b: Arcanine\n|-damage|p2b: Arcanine|0 fnt\n|-heal|p1b: Iron handfranchi|34\/100 brn|[from] drain|[of] p2b: Arcanine\n|faint|p2b: Arcanine\n|\n|win|Bungerer hai\n|raw|Bungerer hai's rating: 1178 &rarr; <strong>1207<\/strong><br \/>(+29 for winning)\n|raw|helpiamhomeless's rating: 1240 &rarr; <strong>1211<\/strong><br \/>(-29 for losing)\n|l|\u2606helpiamhomeless\n","uploadtime":1698272542,"views":20,"p1id":"bungererhai","p2id":"helpiamhomeless","formatid":"gen9doublesou","rating":1207,"private":0,"password":""}