{"id":"gen9doublesou-1976396991","p1":"parrable","p2":"H4LFBLOOD","format":"[Gen 9] Doubles OU","log":"|j|\u2606parrable\n|j|\u2606H4LFBLOOD\n|t:|1698296324\n|gametype|doubles\n|player|p1|parrable|benga|1394\n|player|p2|H4LFBLOOD|n|1438\n|teamsize|p1|6\n|teamsize|p2|6\n|gen|9\n|tier|[Gen 9] Doubles OU\n|rated|\n|rule|Species Clause: Limit one of each Pok\u00e9mon\n|rule|OHKO Clause: OHKO moves are banned\n|rule|Evasion Moves Clause: Evasion moves are banned\n|rule|Gravity Sleep Clause: The combination of sleep-inducing moves with imperfect accuracy and Gravity or Gigantamax Orbeetle are banned\n|rule|Endless Battle Clause: Forcing endless battles is banned\n|rule|HP Percentage Mod: HP is shown in percentages\n|clearpoke\n|poke|p1|Ogerpon, F|\n|poke|p1|Ursaluna-Bloodmoon, M|\n|poke|p1|Heatran, M|\n|poke|p1|Kommo-o, M|\n|poke|p1|Basculegion-F, F|\n|poke|p1|Chien-Pao|\n|poke|p2|Lilligant-Hisui, F|\n|poke|p2|Torkoal, F|\n|poke|p2|Flutter Mane|\n|poke|p2|Chien-Pao|\n|poke|p2|Dragonite, F|\n|poke|p2|Ribombee, F|\n|teampreview\n|j| wooflesheck\n|inactive|Battle timer is ON: inactive players will automatically lose when time's up. (requested by parrable)\n|\n|t:|1698296343\n|start\n|switch|p1a: Ursaluna|Ursaluna-Bloodmoon, M|100\/100\n|switch|p1b: Chien-Pao|Chien-Pao|100\/100\n|switch|p2a: Ribombee|Ribombee, F|100\/100\n|switch|p2b: Dragonite|Dragonite, F|100\/100\n|-ability|p1b: Chien-Pao|Sword of Ruin\n|turn|1\n|\n|t:|1698296349\n|-terastallize|p2b: Dragonite|Normal\n|move|p1b: Chien-Pao|Protect|p1b: Chien-Pao\n|-singleturn|p1b: Chien-Pao|Protect\n|move|p2b: Dragonite|Extreme Speed|p1b: Chien-Pao\n|-activate|p1b: Chien-Pao|move: Protect\n|move|p2a: Ribombee|Sticky Web|p1b: Chien-Pao\n|-sidestart|p1: parrable|move: Sticky Web\n|move|p1a: Ursaluna|Moonblast|p2b: Dragonite\n|-damage|p2b: Dragonite|67\/100\n|-unboost|p2b: Dragonite|spa|1\n|\n|upkeep\n|turn|2\n|\n|t:|1698296364\n|switch|p1b: Basculegion|Basculegion-F, F|100\/100\n|-activate|p1b: Basculegion|move: Sticky Web\n|-unboost|p1b: Basculegion|spe|1\n|move|p2b: Dragonite|Extreme Speed|p1b: Basculegion\n|-immune|p1b: Basculegion\n|move|p2a: Ribombee|Pollen Puff|p1b: Basculegion\n|-resisted|p1b: Basculegion\n|-damage|p1b: Basculegion|84\/100\n|move|p1a: Ursaluna|Blood Moon|p2b: Dragonite\n|-damage|p2b: Dragonite|0 fnt\n|faint|p2b: Dragonite\n|\n|upkeep\n|\n|t:|1698296378\n|switch|p2b: Chien-Pao|Chien-Pao|100\/100\n|-ability|p2b: Chien-Pao|Sword of Ruin\n|turn|3\n|\n|t:|1698296396\n|move|p2b: Chien-Pao|Ice Spinner|p1a: Ursaluna\n|-supereffective|p1a: Ursaluna\n|-crit|p1a: Ursaluna\n|-damage|p1a: Ursaluna|0 fnt\n|faint|p1a: Ursaluna\n|move|p2a: Ribombee|Stun Spore|p1b: Basculegion\n|-status|p1b: Basculegion|par\n|cant|p1b: Basculegion|par\n|\n|upkeep\n|c|\u2606parrable|bruh\n|inactive|parrable has 120 seconds left.\n|c|\u2606parrable|crit hit hit stun spore and paraed first turn\n|c|\u2606parrable|cool\n|\n|t:|1698296435\n|switch|p1a: Chien-Pao|Chien-Pao|100\/100\n|-activate|p1a: Chien-Pao|move: Sticky Web\n|-unboost|p1a: Chien-Pao|spe|1\n|-ability|p1a: Chien-Pao|Sword of Ruin\n|turn|4\n|c|\u2606H4LFBLOOD|im the master of luck\n|\n|t:|1698296448\n|move|p1a: Chien-Pao|Protect|p1a: Chien-Pao\n|-singleturn|p1a: Chien-Pao|Protect\n|move|p2b: Chien-Pao|Sacred Sword|p1a: Chien-Pao\n|-activate|p1a: Chien-Pao|move: Protect\n|move|p2a: Ribombee|Pollen Puff|p1a: Chien-Pao\n|-activate|p1a: Chien-Pao|move: Protect\n|cant|p1b: Basculegion|par\n|\n|upkeep\n|turn|5\n|c|\u2606parrable|are you fucking kidding me\n|inactive|parrable has 120 seconds left.\n|inactive|parrable has 90 seconds left.\n|\n|t:|1698296513\n|switch|p1a: Heatran|Heatran, M|100\/100\n|-item|p1a: Heatran|Air Balloon\n|move|p2b: Chien-Pao|Sacred Sword|p1a: Heatran\n|-supereffective|p1a: Heatran\n|-damage|p1a: Heatran|32\/100\n|-enditem|p1a: Heatran|Air Balloon\n|move|p2a: Ribombee|Pollen Puff|p1a: Heatran\n|-resisted|p1a: Heatran\n|-damage|p1a: Heatran|26\/100\n|cant|p1b: Basculegion|par\n|\n|upkeep\n|turn|6\n|c|\u2606parrable|fuck this game\n|c|\u2606H4LFBLOOD|no way\n|inactive|parrable has 90 seconds left.\n|c|\u2606parrable|this game is fucking ass\n|inactive|parrable has 60 seconds left.\n|inactive|parrable has 30 seconds left.\n|-message|parrable forfeited.\n|\n|win|H4LFBLOOD\n|raw|parrable's rating: 1394 &rarr; <strong>1377<\/strong><br \/>(-17 for losing)\n|raw|H4LFBLOOD's rating: 1438 &rarr; <strong>1455<\/strong><br \/>(+17 for winning)\n|l|\u2606parrable\n","uploadtime":1698296548,"views":24,"p1id":"parrable","p2id":"h4lfblood","formatid":"gen9doublesou","rating":1377,"private":0,"password":""}