{"id":"gen9doublesou-1993134528","p1":"Redzone92","p2":"sadboigaming","format":"[Gen 9] Doubles OU","log":"|j|\u2606Redzone92\n|j|\u2606sadboigaming\n|t:|1700268845\n|gametype|doubles\n|player|p1|Redzone92|alder|\n|player|p2|sadboigaming|unknown|\n|teamsize|p1|6\n|teamsize|p2|6\n|gen|9\n|tier|[Gen 9] Doubles OU\n|rule|Species Clause: Limit one of each Pok\u00e9mon\n|rule|OHKO Clause: OHKO moves are banned\n|rule|Evasion Moves Clause: Evasion moves are banned\n|rule|Gravity Sleep Clause: The combination of sleep-inducing moves with imperfect accuracy and Gravity or Gigantamax Orbeetle are banned\n|rule|Endless Battle Clause: Forcing endless battles is banned\n|rule|HP Percentage Mod: HP is shown in percentages\n|clearpoke\n|poke|p1|Farigiraf, F|\n|poke|p1|Landorus-Therian, M|\n|poke|p1|Diancie|\n|poke|p1|Iron Moth|\n|poke|p1|Hydreigon, F|\n|poke|p1|Kleavor, M|\n|poke|p2|Great Tusk|\n|poke|p2|Torkoal, M|\n|poke|p2|Hoopa|\n|poke|p2|Thundurus, M|\n|poke|p2|Enamorus-Therian, F|\n|poke|p2|Regidrago|\n|teampreview\n|j| Kevin Dickey12\n|\n|t:|1700268945\n|start\n|switch|p1a: Pete|Hydreigon, F|100\/100\n|switch|p1b: Tiana|Diancie, shiny|100\/100\n|switch|p2a: Torkoal|Torkoal, M, shiny|100\/100\n|switch|p2b: Hoopa|Hoopa|100\/100\n|-weather|SunnyDay|[from] ability: Drought|[of] p2a: Torkoal\n|turn|1\n|\n|t:|1700268984\n|-terastallize|p2a: Torkoal|Flying\n|move|p1a: Pete|Dark Pulse|p2b: Hoopa\n|-supereffective|p2b: Hoopa\n|-damage|p2b: Hoopa|0 fnt\n|faint|p2b: Hoopa\n|move|p1b: Tiana|Substitute|p1b: Tiana\n|-start|p1b: Tiana|Substitute\n|-damage|p1b: Tiana|75\/100\n|move|p2a: Torkoal|Eruption|p1a: Pete|[spread] p1a,p1b\n|-resisted|p1b: Tiana\n|-activate|p1b: Tiana|move: Substitute|[damage]\n|-resisted|p1a: Pete\n|-damage|p1a: Pete|72\/100\n|\n|-weather|SunnyDay|[upkeep]\n|-heal|p1b: Tiana|82\/100|[from] item: Leftovers\n|upkeep\n|\n|t:|1700268998\n|switch|p2b: Great Tusk|Great Tusk|100\/100\n|-activate|p2b: Great Tusk|ability: Protosynthesis\n|-start|p2b: Great Tusk|protosynthesisatk\n|turn|2\n|\n|t:|1700269010\n|-terastallize|p1b: Tiana|Fighting\n|move|p2b: Great Tusk|Heavy Slam|p1b: Tiana\n|-end|p1b: Tiana|Substitute\n|move|p1a: Pete|Tailwind|p1a: Pete\n|-sidestart|p1: Redzone92|move: Tailwind\n|move|p1b: Tiana|Diamond Storm|p2b: Great Tusk|[spread] p2a,p2b\n|-supereffective|p2a: Torkoal\n|-resisted|p2b: Great Tusk\n|-damage|p2a: Torkoal|67\/100\n|-damage|p2b: Great Tusk|95\/100\n|move|p2a: Torkoal|Yawn|p1a: Pete\n|-start|p1a: Pete|move: Yawn|[of] p2a: Torkoal\n|\n|-weather|SunnyDay|[upkeep]\n|-heal|p1b: Tiana|88\/100|[from] item: Leftovers\n|upkeep\n|turn|3\n|\n|t:|1700269028\n|switch|p1a: Rufus|Landorus-Therian, M|100\/100\n|-ability|p1a: Rufus|Intimidate|boost\n|-unboost|p2a: Torkoal|atk|1\n|-unboost|p2b: Great Tusk|atk|1\n|switch|p2a: Enamorus|Enamorus-Therian, F|100\/100\n|move|p2b: Great Tusk|Close Combat|p1b: Tiana\n|-damage|p1b: Tiana|51\/100\n|-unboost|p2b: Great Tusk|def|1\n|-unboost|p2b: Great Tusk|spd|1\n|move|p1b: Tiana|Diamond Storm|p2a: Enamorus|[spread] p2a,p2b\n|-supereffective|p2a: Enamorus\n|-resisted|p2b: Great Tusk\n|-damage|p2a: Enamorus|53\/100\n|-damage|p2b: Great Tusk|88\/100\n|\n|-weather|SunnyDay|[upkeep]\n|-heal|p1b: Tiana|57\/100|[from] item: Leftovers\n|-heal|p2a: Enamorus|59\/100|[from] item: Leftovers\n|upkeep\n|turn|4\n|\n|t:|1700269053\n|move|p1b: Tiana|Protect|p1b: Tiana\n|-singleturn|p1b: Tiana|Protect\n|move|p1a: Rufus|Rock Slide|p2a: Enamorus|[spread] p2a,p2b\n|-supereffective|p2a: Enamorus\n|-resisted|p2b: Great Tusk\n|-damage|p2a: Enamorus|14\/100\n|-damage|p2b: Great Tusk|82\/100\n|move|p2b: Great Tusk|Ice Spinner|p1a: Rufus\n|-supereffective|p1a: Rufus\n|-crit|p1a: Rufus\n|-damage|p1a: Rufus|0 fnt\n|faint|p1a: Rufus\n|move|p2a: Enamorus|Dazzling Gleam|p1b: Tiana\n|-activate|p1b: Tiana|move: Protect\n|\n|-weather|SunnyDay|[upkeep]\n|-heal|p1b: Tiana|64\/100|[from] item: Leftovers\n|-heal|p2a: Enamorus|20\/100|[from] item: Leftovers\n|upkeep\n|\n|t:|1700269072\n|switch|p1a: Pete|Hydreigon, F|72\/100\n|turn|5\n|\n|t:|1700269101\n|switch|p1b: Martty|Farigiraf, F|100\/100\n|move|p1a: Pete|Surf|p2b: Great Tusk|[spread] p1b,p2a,p2b\n|-supereffective|p2b: Great Tusk\n|-damage|p1b: Martty|89\/100\n|-damage|p2a: Enamorus|9\/100\n|-damage|p2b: Great Tusk|23\/100\n|move|p2b: Great Tusk|Ice Spinner|p1a: Pete\n|-supereffective|p1a: Pete\n|-damage|p1a: Pete|3\/100\n|move|p2a: Enamorus|Dazzling Gleam|p1b: Martty|[spread] p1a,p1b\n|-supereffective|p1a: Pete\n|-damage|p1a: Pete|0 fnt\n|-damage|p1b: Martty|51\/100\n|faint|p1a: Pete\n|\n|-weather|none\n|-end|p2b: Great Tusk|Protosynthesis\n|-heal|p2a: Enamorus|15\/100|[from] item: Leftovers\n|-sideend|p1: Redzone92|move: Tailwind\n|upkeep\n|\n|t:|1700269117\n|switch|p1a: Edward|Kleavor, M, shiny|100\/100\n|turn|6\n|\n|t:|1700269128\n|move|p2b: Great Tusk|Heavy Slam|p1a: Edward\n|-supereffective|p1a: Edward\n|-damage|p1a: Edward|47\/100\n|move|p1a: Edward|Aerial Ace|p2b: Great Tusk\n|-supereffective|p2b: Great Tusk\n|-damage|p2b: Great Tusk|0 fnt\n|faint|p2b: Great Tusk\n|-end|p2b: Great Tusk|Protosynthesis|[silent]\n|move|p1b: Martty|Dazzling Gleam|p2a: Enamorus\n|-damage|p2a: Enamorus|0 fnt\n|faint|p2a: Enamorus\n|\n|upkeep\n|\n|t:|1700269146\n|switch|p2b: Torkoal|Torkoal, M, shiny, tera:Flying|67\/100\n|switch|p2a: Thundurus|Thundurus, M, shiny|100\/100\n|-weather|SunnyDay|[from] ability: Drought|[of] p2b: Torkoal\n|turn|7\n|\n|t:|1700269161\n|move|p2a: Thundurus|Dark Pulse|p1b: Martty\n|-supereffective|p1b: Martty\n|-damage|p1b: Martty|0 fnt\n|faint|p1b: Martty\n|move|p1a: Edward|Stone Axe|p2b: Torkoal|[miss]\n|-miss|p1a: Edward|p2b: Torkoal\n|move|p2b: Torkoal|Earthquake|p1a: Edward|[spread] p1a\n|-immune|p2a: Thundurus\n|-damage|p1a: Edward|30\/100\n|\n|-weather|SunnyDay|[upkeep]\n|upkeep\n|\n|t:|1700269183\n|switch|p1b: Tiana|Diancie, shiny, tera:Fighting|64\/100\n|turn|8\n|\n|t:|1700269194\n|move|p2a: Thundurus|Psychic|p1b: Tiana\n|-supereffective|p1b: Tiana\n|-damage|p1b: Tiana|22\/100\n|move|p1a: Edward|Stone Axe|p2b: Torkoal\n|-supereffective|p2b: Torkoal\n|-damage|p2b: Torkoal|0 fnt\n|-damage|p1a: Edward|14\/100|[from] item: Rocky Helmet|[of] p2b: Torkoal\n|-sidestart|p2: sadboigaming|move: Stealth Rock\n|faint|p2b: Torkoal\n|move|p1b: Tiana|Diamond Storm|p2a: Thundurus\n|-supereffective|p2a: Thundurus\n|-enditem|p2a: Thundurus|Focus Sash\n|-damage|p2a: Thundurus|1\/100\n|-boost|p1b: Tiana|def|2\n|\n|-weather|SunnyDay|[upkeep]\n|-heal|p1b: Tiana|28\/100|[from] item: Leftovers\n|upkeep\n|\n|t:|1700269208\n|switch|p2b: Regidrago|Regidrago, shiny|100\/100\n|-damage|p2b: Regidrago|88\/100|[from] Stealth Rock\n|turn|9\n|\n|t:|1700269223\n|move|p2b: Regidrago|Protect|p2b: Regidrago\n|-singleturn|p2b: Regidrago|Protect\n|move|p1b: Tiana|Protect|p1b: Tiana\n|-singleturn|p1b: Tiana|Protect\n|move|p2a: Thundurus|Psychic|p1b: Tiana\n|-activate|p1b: Tiana|move: Protect\n|move|p1a: Edward|X-Scissor|p2b: Regidrago\n|-activate|p2b: Regidrago|move: Protect\n|\n|-weather|SunnyDay|[upkeep]\n|-heal|p1b: Tiana|34\/100|[from] item: Leftovers\n|upkeep\n|turn|10\n|j| Wookiebacon\n|\n|t:|1700269246\n|move|p2a: Thundurus|Psychic|p1b: Tiana\n|-supereffective|p1b: Tiana\n|-damage|p1b: Tiana|0 fnt\n|faint|p1b: Tiana\n|move|p2b: Regidrago|Scale Shot|p1a: Edward\n|-damage|p1a: Edward|0 fnt\n|faint|p1a: Edward\n|-hitcount|p1: Edward|1\n|-unboost|p2b: Regidrago|def|1\n|-boost|p2b: Regidrago|spe|1\n|\n|-weather|SunnyDay|[upkeep]\n|upkeep\n|\n|t:|1700269257\n|switch|p1b: cyborg mothra|Iron Moth, shiny|100\/100\n|-enditem|p1b: cyborg mothra|Booster Energy\n|-activate|p1b: cyborg mothra|ability: Quark Drive|[fromitem]\n|-start|p1b: cyborg mothra|quarkdrivespa\n|turn|11\n|\n|t:|1700269270\n|move|p2b: Regidrago|Earthquake|p1b: cyborg mothra|[spread] p1b\n|-immune|p2a: Thundurus\n|-supereffective|p1b: cyborg mothra\n|-damage|p1b: cyborg mothra|0 fnt\n|faint|p1b: cyborg mothra\n|-end|p1b: cyborg mothra|Quark Drive|[silent]\n|\n|win|sadboigaming\n","uploadtime":1700269279,"views":21,"p1id":"redzone92","p2id":"sadboigaming","formatid":"gen9doublesou","rating":0,"private":0,"password":""}