{"id":"gen9doublesou-1993908965","p1":"pakiavatar9434","p2":"vegetasfeet","format":"[Gen 9] Doubles OU","log":"|j|\u2606pakiavatar9434\n|j|\u2606vegetasfeet\n|t:|1700373688\n|gametype|doubles\n|player|p1|pakiavatar9434|dragontamer|1150\n|player|p2|vegetasfeet|teamrocket|1255\n|teamsize|p1|6\n|teamsize|p2|6\n|gen|9\n|tier|[Gen 9] Doubles OU\n|rated|\n|rule|Species Clause: Limit one of each Pok\u00e9mon\n|rule|OHKO Clause: OHKO moves are banned\n|rule|Evasion Moves Clause: Evasion moves are banned\n|rule|Gravity Sleep Clause: The combination of sleep-inducing moves with imperfect accuracy and Gravity or Gigantamax Orbeetle are banned\n|rule|Endless Battle Clause: Forcing endless battles is banned\n|rule|HP Percentage Mod: HP is shown in percentages\n|clearpoke\n|poke|p1|Iron Moth|\n|poke|p1|Grimmsnarl, M|\n|poke|p1|Ogerpon-Wellspring, F|\n|poke|p1|Oricorio-Pom-Pom, M|\n|poke|p1|Golem-Alola, F|\n|poke|p1|Ursaluna, F|\n|poke|p2|Tornadus, M|\n|poke|p2|Indeedee-F, F|\n|poke|p2|Clefairy, F|\n|poke|p2|Pelipper, M|\n|poke|p2|Ogerpon-Wellspring, F|\n|poke|p2|Overqwil, M|\n|teampreview\n|inactive|Battle timer is ON: inactive players will automatically lose when time's up. (requested by vegetasfeet)\n|\n|t:|1700373718\n|start\n|switch|p1a: Grimmsnarl|Grimmsnarl, M|100\/100\n|switch|p1b: Golem|Golem-Alola, F|100\/100\n|switch|p2a: Clefairy|Clefairy, F|100\/100\n|switch|p2b: Tornadus|Tornadus, M|100\/100\n|turn|1\n|\n|t:|1700373727\n|switch|p1a: Ursaluna|Ursaluna, F|100\/100\n|move|p2a: Clefairy|Follow Me|p2a: Clefairy\n|-singleturn|p2a: Clefairy|move: Follow Me\n|move|p2b: Tornadus|Substitute|p2b: Tornadus\n|-start|p2b: Tornadus|Substitute\n|-damage|p2b: Tornadus|76\/100\n|move|p1b: Golem|Explosion|p2b: Tornadus|[spread] p2a,p2b\n|-immune|p1a: Ursaluna\n|-supereffective|p2b: Tornadus\n|-end|p2b: Tornadus|Substitute\n|-damage|p2a: Clefairy|0 fnt\n|faint|p1b: Golem\n|faint|p2a: Clefairy\n|\n|-heal|p2b: Tornadus|82\/100|[from] item: Leftovers\n|-status|p1a: Ursaluna|brn|[from] item: Flame Orb\n|upkeep\n|\n|t:|1700373740\n|switch|p1b: Grimmsnarl|Grimmsnarl, M|100\/100\n|switch|p2a: Pelipper|Pelipper, M|100\/100\n|-weather|RainDance|[from] ability: Drizzle|[of] p2a: Pelipper\n|turn|2\n|\n|t:|1700373748\n|move|p2a: Pelipper|Wide Guard|p2a: Pelipper\n|-singleturn|p2a: Pelipper|Wide Guard\n|move|p1b: Grimmsnarl|Fake Out|p2b: Tornadus\n|-damage|p2b: Tornadus|68\/100\n|cant|p2b: Tornadus|flinch\n|move|p1a: Ursaluna|Facade|p2b: Tornadus\n|-damage|p2b: Tornadus|0 fnt\n|faint|p2b: Tornadus\n|\n|-weather|RainDance|[upkeep]\n|-damage|p1a: Ursaluna|94\/100 brn|[from] brn\n|upkeep\n|\n|t:|1700373765\n|switch|p2b: Ogerpon|Ogerpon-Wellspring, F|100\/100\n|turn|3\n|\n|t:|1700373774\n|move|p1b: Grimmsnarl|Trick|p2a: Pelipper\n|-activate|p1b: Grimmsnarl|move: Trick|[of] p2a: Pelipper\n|-item|p2a: Pelipper|Lagging Tail|[from] move: Trick\n|-item|p1b: Grimmsnarl|Damp Rock|[from] move: Trick\n|move|p2b: Ogerpon|Horn Leech|p1a: Ursaluna\n|-supereffective|p1a: Ursaluna\n|-damage|p1a: Ursaluna|32\/100 brn\n|move|p2a: Pelipper|Tailwind|p2a: Pelipper\n|-sidestart|p2: vegetasfeet|move: Tailwind\n|move|p1a: Ursaluna|Facade|p2b: Ogerpon\n|-damage|p2b: Ogerpon|0 fnt\n|faint|p2b: Ogerpon\n|\n|-weather|RainDance|[upkeep]\n|-damage|p1a: Ursaluna|26\/100 brn|[from] brn\n|upkeep\n|\n|t:|1700373784\n|switch|p2b: Indeedee|Indeedee-F, F|100\/100\n|-fieldstart|move: Psychic Terrain|[from] ability: Psychic Surge|[of] p2b: Indeedee\n|turn|4\n|c|\u2606pakiavatar9434|big hits\n|c|\u2606pakiavatar9434|thats half ur team\n|c|\u2606vegetasfeet|very big hits\n|inactive|vegetasfeet has 120 seconds left.\n|c|\u2606vegetasfeet|unfortunate u couldnt experience the heat of my tornadus\n|c|\u2606pakiavatar9434|i knew it was gonna be strong\n|c|\u2606pakiavatar9434|thats why i ws tryna blow it up\n|c|\u2606vegetasfeet|yea it was sub nasty plot\n|c|\u2606vegetasfeet|cuz prankster\n|inactive|vegetasfeet has 90 seconds left.\n|\n|t:|1700373849\n|move|p1b: Grimmsnarl|Parting Shot|p2a: Pelipper\n|-unboost|p2a: Pelipper|atk|1\n|-unboost|p2a: Pelipper|spa|1\n|c|\u2606pakiavatar9434|i was expecting tailwind\n|\n|t:|1700373856\n|switch|p1b: Ogerpon|Ogerpon-Wellspring, F|100\/100|[from] Parting Shot\n|move|p2b: Indeedee|Dazzling Gleam|p1a: Ursaluna|[spread] p1a,p1b\n|-damage|p1a: Ursaluna|15\/100 brn\n|-damage|p1b: Ogerpon|86\/100\n|move|p1a: Ursaluna|Facade|p2b: Indeedee\n|-damage|p2b: Indeedee|0 fnt\n|faint|p2b: Indeedee\n|move|p2a: Pelipper|Hurricane|p1a: Ursaluna\n|-damage|p1a: Ursaluna|0 fnt\n|faint|p1a: Ursaluna\n|\n|-weather|RainDance|[upkeep]\n|upkeep\n|\n|t:|1700373874\n|switch|p2b: Overqwil|Overqwil, M, shiny|100\/100\n|switch|p1a: Grimmsnarl|Grimmsnarl, M|100\/100\n|turn|5\n|inactive|vegetasfeet has 120 seconds left.\n|\n|t:|1700373889\n|move|p2a: Pelipper|Helping Hand|p2b: Overqwil\n|-singleturn|p2b: Overqwil|Helping Hand|[of] p2a: Pelipper\n|move|p1b: Ogerpon|Spiky Shield|p1b: Ogerpon\n|-singleturn|p1b: Ogerpon|move: Protect\n|move|p1a: Grimmsnarl|Fake Out|p2a: Pelipper\n|-hint|Psychic Terrain doesn't affect Pok\u00e9mon immune to Ground.\n|-damage|p2a: Pelipper|92\/100\n|move|p2b: Overqwil|Barb Barrage|p1b: Ogerpon\n|-activate|p1b: Ogerpon|move: Protect\n|\n|-weather|RainDance|[upkeep]\n|upkeep\n|turn|6\n|c|\u2606vegetasfeet|unfortunately at vegetas feet inc we believe in torn\n|\n|t:|1700373913\n|-terastallize|p1b: Ogerpon|Water\n|detailschange|p1b: Ogerpon|Ogerpon-Wellspring-Tera, F, tera:Water\n|-ability|p1b: Ogerpon|Embody Aspect (Wellspring)|boost\n|-boost|p1b: Ogerpon|spd|1\n|move|p2a: Pelipper|Helping Hand|p2b: Overqwil\n|-singleturn|p2b: Overqwil|Helping Hand|[of] p2a: Pelipper\n|move|p1a: Grimmsnarl|Parting Shot|p2a: Pelipper\n|-unboost|p2a: Pelipper|atk|1\n|-unboost|p2a: Pelipper|spa|1\n|c|\u2606pakiavatar9434|torn?\n|\n|t:|1700373922\n|switch|p1a: Oricorio|Oricorio-Pom-Pom, M|100\/100|[from] Parting Shot\n|move|p2b: Overqwil|Barb Barrage|p1b: Ogerpon\n|-damage|p1b: Ogerpon|0 fnt\n|faint|p1b: Ogerpon\n|\n|-weather|RainDance|[upkeep]\n|-sideend|p2: vegetasfeet|move: Tailwind\n|upkeep\n|c|\u2606vegetasfeet|tornadus\n|c|\u2606pakiavatar9434|oh\n|\n|t:|1700373929\n|switch|p1b: Grimmsnarl|Grimmsnarl, M|100\/100\n|turn|7\n|\n|t:|1700373944\n|move|p2a: Pelipper|Helping Hand|p2b: Overqwil\n|-singleturn|p2b: Overqwil|Helping Hand|[of] p2a: Pelipper\n|move|p1a: Oricorio|Protect|p1a: Oricorio\n|-singleturn|p1a: Oricorio|Protect\n|move|p1b: Grimmsnarl|Fake Out|p2a: Pelipper\n|-hint|Psychic Terrain doesn't affect Pok\u00e9mon immune to Ground.\n|-damage|p2a: Pelipper|84\/100\n|move|p2b: Overqwil|Barb Barrage|p1b: Grimmsnarl\n|-supereffective|p1b: Grimmsnarl\n|-damage|p1b: Grimmsnarl|0 fnt\n|faint|p1b: Grimmsnarl\n|\n|-weather|RainDance|[upkeep]\n|upkeep\n|\n|t:|1700373955\n|switch|p1b: Iron Moth|Iron Moth|100\/100\n|-enditem|p1b: Iron Moth|Booster Energy\n|-activate|p1b: Iron Moth|ability: Quark Drive|[fromitem]\n|-start|p1b: Iron Moth|quarkdrivespa\n|turn|8\n|\n|t:|1700373964\n|move|p2a: Pelipper|Helping Hand|p2b: Overqwil\n|-singleturn|p2b: Overqwil|Helping Hand|[of] p2a: Pelipper\n|move|p1b: Iron Moth|Protect|p1b: Iron Moth\n|-singleturn|p1b: Iron Moth|Protect\n|move|p2b: Overqwil|Barb Barrage|p1a: Oricorio\n|-damage|p1a: Oricorio|0 fnt\n|faint|p1a: Oricorio\n|\n|-weather|RainDance|[upkeep]\n|upkeep\n|turn|9\n|c|\u2606pakiavatar9434|why is that so strong\n|c|\u2606pakiavatar9434|omg\n|c|\u2606vegetasfeet|choice band stab 541 atk\n|\n|t:|1700373990\n|move|p2b: Overqwil|Barb Barrage|p1b: Iron Moth\n|-resisted|p1b: Iron Moth\n|-damage|p1b: Iron Moth|53\/100\n|move|p1b: Iron Moth|Dazzling Gleam|p2b: Overqwil|[spread] p2a,p2b\n|-damage|p2a: Pelipper|45\/100\n|-damage|p2b: Overqwil|55\/100\n|move|p2a: Pelipper|Hurricane|p1b: Iron Moth\n|-damage|p1b: Iron Moth|34\/100\n|\n|-weather|none\n|upkeep\n|turn|10\n|c|\u2606pakiavatar9434|choice band\n|c|\u2606vegetasfeet|yep\n|\n|t:|1700374004\n|move|p1b: Iron Moth|Dazzling Gleam|p2a: Pelipper|[spread] p2a,p2b\n|-damage|p2a: Pelipper|6\/100\n|-damage|p2b: Overqwil|10\/100\n|move|p2b: Overqwil|Barb Barrage|p1b: Iron Moth\n|-resisted|p1b: Iron Moth\n|-damage|p1b: Iron Moth|0 fnt\n|faint|p1b: Iron Moth\n|-end|p1b: Iron Moth|Quark Drive|[silent]\n|\n|win|vegetasfeet\n|raw|pakiavatar9434's rating: 1150 &rarr; <strong>1132<\/strong><br \/>(-18 for losing)\n|raw|vegetasfeet's rating: 1255 &rarr; <strong>1273<\/strong><br \/>(+18 for winning)\n|c|\u2606vegetasfeet|barb barrage is phys\n|c|\u2606pakiavatar9434|gg\n|l|\u2606pakiavatar9434\n|c|\u2606vegetasfeet|gg\n|j| Elite.4.Challenger\n|l|\u2606vegetasfeet\n|j|\u2606vegetasfeet\n|player|p2|vegetasfeet|teamrocket\n","uploadtime":1700374029,"views":21,"p1id":"pakiavatar9434","p2id":"vegetasfeet","formatid":"gen9doublesou","rating":1132,"private":0,"password":""}