{"id":"gen9doublesou-1998351318","p1":"DaAceBandit","p2":"4lexkoay","format":"[Gen 9] Doubles OU","log":"|j|\u2606DaAceBandit\n|j|\u26064lexkoay\n|t:|1700932623\n|gametype|doubles\n|player|p1|DaAceBandit|gambler|1085\n|player|p2|4lexkoay|gambler|1052\n|teamsize|p1|2\n|teamsize|p2|6\n|gen|9\n|tier|[Gen 9] Doubles OU\n|rated|\n|rule|Species Clause: Limit one of each Pok\u00e9mon\n|rule|OHKO Clause: OHKO moves are banned\n|rule|Evasion Moves Clause: Evasion moves are banned\n|rule|Gravity Sleep Clause: The combination of sleep-inducing moves with imperfect accuracy and Gravity or Gigantamax Orbeetle are banned\n|rule|Endless Battle Clause: Forcing endless battles is banned\n|rule|HP Percentage Mod: HP is shown in percentages\n|clearpoke\n|poke|p1|Oranguru, M|\n|poke|p1|Bellibolt, M|\n|poke|p2|Dragonite, M|\n|poke|p2|Cresselia, F|\n|poke|p2|Manaphy|\n|poke|p2|Volcarona, M|\n|poke|p2|Oricorio-Pom-Pom, M|\n|poke|p2|Clefairy, F|\n|teampreview\n|inactive|Battle timer is ON: inactive players will automatically lose when time's up. (requested by DaAceBandit)\n|\n|t:|1700932629\n|start\n|switch|p1a: Oranguru|Oranguru, M|100\/100\n|switch|p1b: Bellibolt|Bellibolt, M|100\/100\n|switch|p2a: Volcarona|Volcarona, M, shiny|100\/100\n|switch|p2b: Oricorio|Oricorio-Pom-Pom, M, shiny|100\/100\n|turn|1\n|\n|t:|1700932640\n|move|p1b: Bellibolt|Protect|p1b: Bellibolt\n|-singleturn|p1b: Bellibolt|Protect\n|move|p2a: Volcarona|Quiver Dance|p2a: Volcarona\n|-boost|p2a: Volcarona|spa|1\n|-boost|p2a: Volcarona|spd|1\n|-boost|p2a: Volcarona|spe|1\n|-activate|p2b: Oricorio|ability: Dancer\n|move|p2b: Oricorio|Quiver Dance|p2b: Oricorio|[from]ability: Dancer\n|-boost|p2b: Oricorio|spa|1\n|-boost|p2b: Oricorio|spd|1\n|-boost|p2b: Oricorio|spe|1\n|move|p2b: Oricorio|Quiver Dance|p2b: Oricorio\n|-boost|p2b: Oricorio|spa|1\n|-boost|p2b: Oricorio|spd|1\n|-boost|p2b: Oricorio|spe|1\n|move|p1a: Oranguru|Trick Room|p1a: Oranguru\n|-fieldstart|move: Trick Room|[of] p1a: Oranguru\n|\n|upkeep\n|turn|2\n|\n|t:|1700932665\n|move|p2a: Volcarona|Protect|p2a: Volcarona\n|-singleturn|p2a: Volcarona|Protect\n|move|p1a: Oranguru|Bulldoze|p2b: Oricorio|[spread] p1b\n|-activate|p2a: Volcarona|move: Protect\n|-immune|p2b: Oricorio\n|-supereffective|p1b: Bellibolt\n|-damage|p1b: Bellibolt|88\/100\n|-unboost|p1b: Bellibolt|spe|1\n|-start|p1b: Bellibolt|Charge|Bulldoze|[from] ability: Electromorphosis\n|-enditem|p1b: Bellibolt|Weakness Policy\n|-boost|p1b: Bellibolt|atk|2|[from] item: Weakness Policy\n|-boost|p1b: Bellibolt|spa|2|[from] item: Weakness Policy\n|-enditem|p2b: Oricorio|Mirror Herb\n|-boost|p2b: Oricorio|atk|2|[from] item: Mirror Herb\n|-boost|p2b: Oricorio|spa|2|[from] item: Mirror Herb\n|move|p1b: Bellibolt|Discharge|p2a: Volcarona|[spread] p2b\n|-activate|p2a: Volcarona|move: Protect\n|-activate|p1a: Oranguru|ability: Telepathy\n|-crit|p2b: Oricorio\n|-damage|p2b: Oricorio|0 fnt\n|faint|p2b: Oricorio\n|-end|p1b: Bellibolt|Charge|[silent]\n|\n|upkeep\n|inactive|4lexkoay has 120 seconds left.\n|\n|t:|1700932688\n|switch|p2b: Clefairy|Clefairy, F|100\/100\n|turn|3\n|\n|t:|1700932701\n|move|p1b: Bellibolt|Muddy Water|p2b: Clefairy|[spread] p2b\n|-miss|p1b: Bellibolt|p2a: Volcarona\n|-damage|p2b: Clefairy|67\/100\n|move|p2b: Clefairy|Cosmic Power|p2b: Clefairy\n|-boost|p2b: Clefairy|def|1\n|-boost|p2b: Clefairy|spd|1\n|move|p1a: Oranguru|Instruct|p1b: Bellibolt\n|-singleturn|p1b: Bellibolt|move: Instruct|[of] p1a: Oranguru\n|move|p1b: Bellibolt|Muddy Water|p2b: Clefairy|[spread] p2a\n|-miss|p1b: Bellibolt|p2b: Clefairy\n|-supereffective|p2a: Volcarona\n|-damage|p2a: Volcarona|52\/100\n|-unboost|p2a: Volcarona|accuracy|1\n|-enditem|p2a: Volcarona|Absorb Bulb\n|-boost|p2a: Volcarona|spa|1|[from] item: Absorb Bulb\n|move|p2a: Volcarona|Fiery Dance|p1b: Bellibolt|[miss]\n|-miss|p2a: Volcarona|p1b: Bellibolt\n|\n|upkeep\n|turn|4\n|\n|t:|1700932721\n|move|p1b: Bellibolt|Muddy Water|p2a: Volcarona|[spread] p2a,p2b\n|-supereffective|p2a: Volcarona\n|-damage|p2a: Volcarona|10\/100\n|-damage|p2b: Clefairy|46\/100\n|move|p2b: Clefairy|Cosmic Power|p2b: Clefairy\n|-boost|p2b: Clefairy|def|1\n|-boost|p2b: Clefairy|spd|1\n|move|p1a: Oranguru|Instruct|p1b: Bellibolt\n|-singleturn|p1b: Bellibolt|move: Instruct|[of] p1a: Oranguru\n|move|p1b: Bellibolt|Muddy Water|p2b: Clefairy|[spread] p2a\n|-miss|p1b: Bellibolt|p2b: Clefairy\n|-supereffective|p2a: Volcarona\n|-damage|p2a: Volcarona|0 fnt\n|faint|p2a: Volcarona\n|\n|upkeep\n|\n|t:|1700932732\n|switch|p2a: Cresselia|Cresselia, F, shiny|100\/100\n|turn|5\n|\n|t:|1700932741\n|move|p1b: Bellibolt|Discharge|p2b: Clefairy|[spread] p2a,p2b\n|-activate|p1a: Oranguru|ability: Telepathy\n|-damage|p2a: Cresselia|74\/100\n|-damage|p2b: Clefairy|24\/100\n|-status|p2b: Clefairy|par\n|move|p2b: Clefairy|Wish|p2b: Clefairy\n|move|p1a: Oranguru|Instruct|p1b: Bellibolt\n|-singleturn|p1b: Bellibolt|move: Instruct|[of] p1a: Oranguru\n|move|p1b: Bellibolt|Discharge|p2b: Clefairy|[spread] p2a,p2b\n|-activate|p1a: Oranguru|ability: Telepathy\n|-damage|p2a: Cresselia|47\/100\n|-damage|p2b: Clefairy|2\/100 par\n|move|p2a: Cresselia|Psychic|p1b: Bellibolt\n|-damage|p1b: Bellibolt|65\/100\n|-start|p1b: Bellibolt|Charge|Psychic|[from] ability: Electromorphosis\n|\n|-fieldend|move: Trick Room\n|upkeep\n|turn|6\n|\n|t:|1700932760\n|move|p2a: Cresselia|Icy Wind|p1b: Bellibolt|[spread] p1a,p1b\n|-damage|p1a: Oranguru|96\/100\n|-damage|p1b: Bellibolt|58\/100\n|-unboost|p1a: Oranguru|spe|1\n|-unboost|p1b: Bellibolt|spe|1\n|-start|p1b: Bellibolt|Charge|Icy Wind|[from] ability: Electromorphosis\n|move|p1b: Bellibolt|Discharge|p2a: Cresselia|[spread] p2a,p2b\n|-activate|p1a: Oranguru|ability: Telepathy\n|-crit|p2b: Clefairy\n|-damage|p2a: Cresselia|0 fnt\n|-damage|p2b: Clefairy|0 fnt\n|faint|p2a: Cresselia\n|faint|p2b: Clefairy\n|-end|p1b: Bellibolt|Charge|[silent]\n|move|p1a: Oranguru|Trick Room|p1a: Oranguru\n|-fieldstart|move: Trick Room|[of] p1a: Oranguru\n|\n|upkeep\n|\n|t:|1700932770\n|switch|p2b: Manaphy|Manaphy|100\/100\n|switch|p2a: Dragonite|Dragonite, M|100\/100\n|turn|7\n|c|\u2606DaAceBandit|shouldnt have done that\n|\n|t:|1700932790\n|move|p1b: Bellibolt|Discharge|p2a: Dragonite|[spread] p2a,p2b\n|-activate|p1a: Oranguru|ability: Telepathy\n|-supereffective|p2b: Manaphy\n|-damage|p2a: Dragonite|69\/100\n|-damage|p2b: Manaphy|0 fnt\n|faint|p2b: Manaphy\n|move|p1a: Oranguru|Yawn|p2a: Dragonite\n|-start|p2a: Dragonite|move: Yawn|[of] p1a: Oranguru\n|move|p2a: Dragonite|Dragon Dance|p2a: Dragonite\n|-boost|p2a: Dragonite|atk|1\n|-boost|p2a: Dragonite|spe|1\n|\n|upkeep\n|turn|8\n|\n|t:|1700932804\n|move|p1b: Bellibolt|Discharge|p2a: Dragonite|[spread] p2a\n|-activate|p1a: Oranguru|ability: Telepathy\n|-damage|p2a: Dragonite|8\/100\n|move|p1a: Oranguru|Instruct|p1b: Bellibolt\n|-singleturn|p1b: Bellibolt|move: Instruct|[of] p1a: Oranguru\n|move|p1b: Bellibolt|Discharge|p2a: Dragonite|[spread] p2a\n|-activate|p1a: Oranguru|ability: Telepathy\n|-damage|p2a: Dragonite|0 fnt\n|faint|p2a: Dragonite\n|\n|win|DaAceBandit\n|raw|DaAceBandit's rating: 1085 &rarr; <strong>1110<\/strong><br \/>(+25 for winning)\n|raw|4lexkoay's rating: 1052 &rarr; <strong>1036<\/strong><br \/>(-16 for losing)\n","uploadtime":1700932821,"views":0,"p1id":"daacebandit","p2id":"4lexkoay","formatid":"gen9doublesou","rating":1036,"private":0,"password":""}