{"id":"gen9doublesou-1989017514","p1":"KricKing","p2":"sidoc","format":"[Gen 9] Doubles OU","log":"|j|\u2606KricKing\n|j|\u2606sidoc\n|t:|1699802701\n|gametype|doubles\n|player|p1|KricKing|266|1408\n|player|p2|sidoc|li|1464\n|teamsize|p1|6\n|teamsize|p2|6\n|gen|9\n|tier|[Gen 9] Doubles OU\n|rated|\n|rule|Species Clause: Limit one of each Pok\u00e9mon\n|rule|OHKO Clause: OHKO moves are banned\n|rule|Evasion Moves Clause: Evasion moves are banned\n|rule|Gravity Sleep Clause: The combination of sleep-inducing moves with imperfect accuracy and Gravity or Gigantamax Orbeetle are banned\n|rule|Endless Battle Clause: Forcing endless battles is banned\n|rule|HP Percentage Mod: HP is shown in percentages\n|clearpoke\n|poke|p1|Milotic, F|\n|poke|p1|Flutter Mane|\n|poke|p1|Ogerpon-Hearthflame, F|\n|poke|p1|Rillaboom, M|\n|poke|p1|Landorus-Therian, M|\n|poke|p1|Grimmsnarl, M|\n|poke|p2|Landorus-Therian, M|\n|poke|p2|Iron Hands|\n|poke|p2|Flutter Mane|\n|poke|p2|Chien-Pao|\n|poke|p2|Heatran, M|\n|poke|p2|Sinistcha-Masterpiece|\n|teampreview\n|inactive|Battle timer is ON: inactive players will automatically lose when time's up. (requested by KricKing)\n|\n|t:|1699802721\n|start\n|switch|p1a: Landorus|Landorus-Therian, M|100\/100\n|switch|p1b: Grimmsnarl|Grimmsnarl, M|100\/100\n|switch|p2a: Iron Hands|Iron Hands|100\/100\n|switch|p2b: Flutter Mane|Flutter Mane|100\/100\n|-ability|p1a: Landorus|Intimidate|boost\n|-unboost|p2a: Iron Hands|atk|1\n|-unboost|p2b: Flutter Mane|atk|1\n|turn|1\n|\n|t:|1699802748\n|switch|p1b: Rillaboom|Rillaboom, M|100\/100\n|-fieldstart|move: Grassy Terrain|[from] ability: Grassy Surge|[of] p1b: Rillaboom\n|move|p2a: Iron Hands|Fake Out|p1a: Landorus\n|-damage|p1a: Landorus|91\/100\n|move|p2b: Flutter Mane|Taunt|p1b: Rillaboom\n|-start|p1b: Rillaboom|move: Taunt\n|cant|p1a: Landorus|flinch\n|\n|-heal|p1a: Landorus|97\/100|[from] item: Leftovers\n|upkeep\n|turn|2\n|\n|t:|1699802775\n|-end|p2a: Iron Hands|Quark Drive|[silent]\n|switch|p2a: Landorus|Landorus-Therian, M|100\/100\n|-ability|p2a: Landorus|Intimidate|boost\n|-unboost|p1a: Landorus|atk|1\n|-unboost|p1b: Rillaboom|atk|1\n|move|p2b: Flutter Mane|Protect|p2b: Flutter Mane\n|-singleturn|p2b: Flutter Mane|Protect\n|move|p1b: Rillaboom|Fake Out|p2a: Landorus\n|-damage|p2a: Landorus|89\/100\n|move|p1a: Landorus|Stomping Tantrum|p2b: Flutter Mane\n|-activate|p2b: Flutter Mane|move: Protect\n|\n|-heal|p1a: Landorus|100\/100|[from] item: Leftovers\n|upkeep\n|turn|3\n|inactive|sidoc has 120 seconds left.\n|\n|t:|1699802811\n|-end|p2b: Flutter Mane|Protosynthesis|[silent]\n|switch|p2b: Iron Hands|Iron Hands|100\/100\n|move|p2a: Landorus|U-turn|p1b: Rillaboom\n|-supereffective|p1b: Rillaboom\n|-damage|p1b: Rillaboom|52\/100\n|\n|t:|1699802820\n|switch|p2a: Heatran|Heatran, M|100\/100|[from] U-turn\n|move|p1a: Landorus|U-turn|p2b: Iron Hands\n|-resisted|p2b: Iron Hands\n|-damage|p2b: Iron Hands|95\/100\n|\n|t:|1699802829\n|switch|p1a: Grimmsnarl|Grimmsnarl, M|100\/100|[from] U-turn\n|move|p1b: Rillaboom|U-turn|p2b: Iron Hands\n|-resisted|p2b: Iron Hands\n|-damage|p2b: Iron Hands|90\/100\n|\n|t:|1699802841\n|switch|p1b: Landorus|Landorus-Therian, M|100\/100|[from] U-turn\n|-ability|p1b: Landorus|Intimidate|boost\n|-unboost|p2a: Heatran|atk|1\n|-unboost|p2b: Iron Hands|atk|1\n|\n|-heal|p2b: Iron Hands|96\/100|[from] Grassy Terrain\n|upkeep\n|turn|4\n|\n|t:|1699802853\n|-terastallize|p2a: Heatran|Grass\n|move|p1a: Grimmsnarl|Reflect|p1a: Grimmsnarl\n|-sidestart|p1: KricKing|Reflect\n|move|p1b: Landorus|Stomping Tantrum|p2a: Heatran\n|-resisted|p2a: Heatran\n|-damage|p2a: Heatran|83\/100\n|-damage|p1b: Landorus|84\/100|[from] item: Rocky Helmet|[of] p2a: Heatran\n|move|p2a: Heatran|Will-O-Wisp|p1b: Landorus\n|-status|p1b: Landorus|brn\n|move|p2b: Iron Hands|Heavy Slam|p1a: Grimmsnarl\n|-supereffective|p1a: Grimmsnarl\n|-damage|p1a: Grimmsnarl|55\/100\n|\n|-heal|p1b: Landorus|90\/100 brn|[from] item: Leftovers\n|-heal|p2a: Heatran|89\/100|[from] Grassy Terrain\n|-heal|p1a: Grimmsnarl|61\/100|[from] Grassy Terrain\n|-heal|p2b: Iron Hands|100\/100|[from] Grassy Terrain\n|-damage|p1b: Landorus|84\/100 brn|[from] brn\n|upkeep\n|turn|5\n|\n|t:|1699802881\n|switch|p2a: Landorus|Landorus-Therian, M|89\/100\n|-ability|p2a: Landorus|Intimidate|boost\n|-unboost|p1a: Grimmsnarl|atk|1\n|-unboost|p1b: Landorus|atk|1\n|move|p1a: Grimmsnarl|Light Screen|p1a: Grimmsnarl\n|-sidestart|p1: KricKing|move: Light Screen\n|move|p1b: Landorus|U-turn|p2a: Landorus\n|-resisted|p2a: Landorus\n|-damage|p2a: Landorus|84\/100\n|\n|t:|1699802894\n|switch|p1b: Milotic|Milotic, F|100\/100|[from] U-turn\n|move|p2b: Iron Hands|Heavy Slam|p1a: Grimmsnarl\n|-supereffective|p1a: Grimmsnarl\n|-damage|p1a: Grimmsnarl|15\/100\n|\n|-heal|p1a: Grimmsnarl|21\/100|[from] Grassy Terrain\n|-fieldend|move: Grassy Terrain\n|upkeep\n|turn|6\n|\n|t:|1699802918\n|-end|p2b: Iron Hands|Quark Drive|[silent]\n|switch|p2b: Sinistcha|Sinistcha-Masterpiece|100\/100\n|-heal|p2a: Landorus|100\/100|[from] ability: Hospitality|[of] p2b: Sinistcha\n|move|p1a: Grimmsnarl|Parting Shot|p2b: Sinistcha\n|-unboost|p2b: Sinistcha|atk|1\n|-unboost|p2b: Sinistcha|spa|1\n|\n|t:|1699802924\n|switch|p1a: Landorus|Landorus-Therian, M|84\/100 brn|[from] Parting Shot\n|-ability|p1a: Landorus|Intimidate|boost\n|-unboost|p2a: Landorus|atk|1\n|-unboost|p2b: Sinistcha|atk|1\n|move|p2a: Landorus|U-turn|p1a: Landorus\n|-resisted|p1a: Landorus\n|-damage|p1a: Landorus|78\/100 brn\n|\n|t:|1699802934\n|switch|p2a: Iron Hands|Iron Hands|100\/100|[from] U-turn\n|move|p1b: Milotic|Coil|p1b: Milotic\n|-boost|p1b: Milotic|atk|1\n|-boost|p1b: Milotic|def|1\n|-boost|p1b: Milotic|accuracy|1\n|\n|-heal|p1a: Landorus|85\/100 brn|[from] item: Leftovers\n|-damage|p1a: Landorus|78\/100 brn|[from] brn\n|upkeep\n|turn|7\n|\n|t:|1699802960\n|move|p2a: Iron Hands|Fake Out|p1b: Milotic\n|-damage|p1b: Milotic|94\/100\n|move|p1a: Landorus|U-turn|p2a: Iron Hands\n|-resisted|p2a: Iron Hands\n|-damage|p2a: Iron Hands|97\/100\n|\n|t:|1699802966\n|switch|p1a: Flutter Mane|Flutter Mane|100\/100|[from] U-turn\n|cant|p1b: Milotic|flinch\n|move|p2b: Sinistcha|Trick Room|p2b: Sinistcha\n|-fieldstart|move: Trick Room|[of] p2b: Sinistcha\n|\n|-heal|p1b: Milotic|99\/100|[from] item: Leftovers\n|upkeep\n|turn|8\n|\n|t:|1699802984\n|-end|p1a: Flutter Mane|Protosynthesis|[silent]\n|switch|p1a: Landorus|Landorus-Therian, M|78\/100 brn\n|-ability|p1a: Landorus|Intimidate|boost\n|-unboost|p2a: Iron Hands|atk|1\n|-unboost|p2b: Sinistcha|atk|1\n|move|p2a: Iron Hands|Heavy Slam|p1a: Landorus\n|-damage|p1a: Landorus|56\/100 brn\n|move|p2b: Sinistcha|Matcha Gotcha|p1b: Milotic|[spread] p1a,p1b\n|-supereffective|p1b: Milotic\n|-damage|p1a: Landorus|43\/100 brn\n|-damage|p1b: Milotic|81\/100\n|move|p1b: Milotic|Hypnosis|p2a: Iron Hands|[miss]\n|-miss|p1b: Milotic|p2a: Iron Hands\n|\n|-heal|p1b: Milotic|88\/100|[from] item: Leftovers\n|-heal|p1a: Landorus|49\/100 brn|[from] item: Leftovers\n|-damage|p1a: Landorus|43\/100 brn|[from] brn\n|upkeep\n|turn|9\n|\n|t:|1699803004\n|move|p1a: Landorus|Protect|p1a: Landorus\n|-singleturn|p1a: Landorus|Protect\n|move|p2a: Iron Hands|Wild Charge|p1b: Milotic\n|-supereffective|p1b: Milotic\n|-damage|p1b: Milotic|56\/100\n|-damage|p2a: Iron Hands|91\/100|[from] Recoil\n|move|p2b: Sinistcha|Matcha Gotcha|p1a: Landorus|[spread] p1b\n|-activate|p1a: Landorus|move: Protect\n|-supereffective|p1b: Milotic\n|-damage|p1b: Milotic|38\/100\n|move|p1b: Milotic|Coil|p1b: Milotic\n|-boost|p1b: Milotic|atk|1\n|-boost|p1b: Milotic|def|1\n|-boost|p1b: Milotic|accuracy|1\n|\n|-heal|p1b: Milotic|44\/100|[from] item: Leftovers\n|-heal|p1a: Landorus|49\/100 brn|[from] item: Leftovers\n|-damage|p1a: Landorus|43\/100 brn|[from] brn\n|upkeep\n|turn|10\n|\n|t:|1699803032\n|switch|p1a: Rillaboom|Rillaboom, M|52\/100\n|-fieldstart|move: Grassy Terrain|[from] ability: Grassy Surge|[of] p1a: Rillaboom\n|move|p2a: Iron Hands|Wild Charge|p1b: Milotic\n|-supereffective|p1b: Milotic\n|-damage|p1b: Milotic|19\/100\n|-damage|p2a: Iron Hands|86\/100|[from] Recoil\n|move|p2b: Sinistcha|Matcha Gotcha|p1b: Milotic|[spread] p1b\n|-miss|p2b: Sinistcha|p1a: Rillaboom\n|-supereffective|p1b: Milotic\n|-damage|p1b: Milotic|0 fnt\n|faint|p1b: Milotic\n|\n|-heal|p2a: Iron Hands|92\/100|[from] Grassy Terrain\n|-heal|p1a: Rillaboom|58\/100|[from] Grassy Terrain\n|upkeep\n|inactive|KricKing has 120 seconds left.\n|\n|t:|1699803054\n|switch|p1b: Landorus|Landorus-Therian, M|43\/100 brn\n|-ability|p1b: Landorus|Intimidate|boost\n|-unboost|p2a: Iron Hands|atk|1\n|-unboost|p2b: Sinistcha|atk|1\n|turn|11\n|\n|t:|1699803068\n|-end|p2a: Iron Hands|Quark Drive|[silent]\n|switch|p2a: Landorus|Landorus-Therian, M|100\/100\n|-ability|p2a: Landorus|Intimidate|boost\n|-unboost|p1a: Rillaboom|atk|1\n|-unboost|p1b: Landorus|atk|1\n|-terastallize|p1a: Rillaboom|Grass\n|move|p2b: Sinistcha|Shadow Ball|p1b: Landorus\n|-damage|p1b: Landorus|23\/100 brn\n|move|p1a: Rillaboom|Wood Hammer|p2a: Landorus\n|-damage|p2a: Landorus|15\/100\n|-damage|p1a: Rillaboom|35\/100|[from] Recoil\n|move|p1b: Landorus|U-turn|p2a: Landorus\n|-resisted|p2a: Landorus\n|-damage|p2a: Landorus|11\/100\n|\n|t:|1699803081\n|switch|p1b: Flutter Mane|Flutter Mane|100\/100|[from] U-turn\n|\n|-heal|p1a: Rillaboom|41\/100|[from] Grassy Terrain\n|-sideend|p1: KricKing|Reflect\n|-fieldend|move: Trick Room\n|upkeep\n|turn|12\n|\n|t:|1699803099\n|switch|p2a: Heatran|Heatran, M, tera:Grass|89\/100\n|switch|p1a: Grimmsnarl|Grimmsnarl, M|21\/100\n|switch|p2b: Iron Hands|Iron Hands|92\/100\n|move|p1b: Flutter Mane|Dazzling Gleam|p2b: Iron Hands|[spread] p2a,p2b\n|-supereffective|p2b: Iron Hands\n|-damage|p2a: Heatran|48\/100\n|-damage|p2b: Iron Hands|38\/100\n|\n|-heal|p2a: Heatran|55\/100|[from] Grassy Terrain\n|-heal|p1a: Grimmsnarl|27\/100|[from] Grassy Terrain\n|-heal|p2b: Iron Hands|44\/100|[from] Grassy Terrain\n|-sideend|p1: KricKing|move: Light Screen\n|upkeep\n|turn|13\n|\n|t:|1699803114\n|-end|p2b: Iron Hands|Quark Drive|[silent]\n|switch|p2b: Sinistcha|Sinistcha-Masterpiece|100\/100\n|-heal|p2a: Heatran|80\/100|[from] ability: Hospitality|[of] p2b: Sinistcha\n|move|p1a: Grimmsnarl|Light Screen|p1a: Grimmsnarl\n|-sidestart|p1: KricKing|move: Light Screen\n|move|p1b: Flutter Mane|Dazzling Gleam|p2a: Heatran|[spread] p2a,p2b\n|-damage|p2a: Heatran|43\/100\n|-damage|p2b: Sinistcha|46\/100\n|move|p2a: Heatran|Heavy Slam|p1b: Flutter Mane\n|-supereffective|p1b: Flutter Mane\n|-damage|p1b: Flutter Mane|0 fnt\n|faint|p1b: Flutter Mane\n|-end|p1b: Flutter Mane|Protosynthesis|[silent]\n|\n|-heal|p2a: Heatran|49\/100|[from] Grassy Terrain\n|-heal|p2b: Sinistcha|53\/100|[from] Grassy Terrain\n|-heal|p2b: Sinistcha|59\/100|[from] item: Leftovers\n|-heal|p1a: Grimmsnarl|33\/100|[from] Grassy Terrain\n|upkeep\n|\n|t:|1699803129\n|switch|p1b: Ogerpon|Ogerpon-Hearthflame, F|100\/100\n|-ability|p1b: Ogerpon|Mold Breaker\n|turn|14\n|\n|t:|1699803148\n|switch|p2a: Landorus|Landorus-Therian, M|11\/100\n|-ability|p2a: Landorus|Intimidate|boost\n|-unboost|p1a: Grimmsnarl|atk|1\n|-unboost|p1b: Ogerpon|atk|1\n|move|p1a: Grimmsnarl|Reflect|p1a: Grimmsnarl\n|-sidestart|p1: KricKing|Reflect\n|move|p1b: Ogerpon|Ivy Cudgel|p2a: Landorus\n|-damage|p2a: Landorus|0 fnt\n|faint|p2a: Landorus\n|move|p2b: Sinistcha|Trick Room|p2b: Sinistcha\n|-fieldstart|move: Trick Room|[of] p2b: Sinistcha\n|\n|-heal|p1a: Grimmsnarl|39\/100|[from] Grassy Terrain\n|-heal|p2b: Sinistcha|65\/100|[from] Grassy Terrain\n|-heal|p2b: Sinistcha|71\/100|[from] item: Leftovers\n|-fieldend|move: Grassy Terrain\n|upkeep\n|\n|t:|1699803150\n|switch|p2a: Iron Hands|Iron Hands|44\/100\n|turn|15\n|\n|t:|1699803166\n|switch|p1b: Landorus|Landorus-Therian, M|23\/100 brn\n|-ability|p1b: Landorus|Intimidate|boost\n|-unboost|p2a: Iron Hands|atk|1\n|-unboost|p2b: Sinistcha|atk|1\n|move|p1a: Grimmsnarl|Parting Shot|p2a: Iron Hands\n|-unboost|p2a: Iron Hands|atk|1\n|-unboost|p2a: Iron Hands|spa|1\n|\n|t:|1699803173\n|switch|p1a: Rillaboom|Rillaboom, M, tera:Grass|41\/100|[from] Parting Shot\n|-fieldstart|move: Grassy Terrain|[from] ability: Grassy Surge|[of] p1a: Rillaboom\n|move|p2a: Iron Hands|Drain Punch|p1a: Rillaboom\n|-damage|p1a: Rillaboom|28\/100\n|-heal|p2a: Iron Hands|49\/100|[from] drain|[of] p1a: Rillaboom\n|move|p2b: Sinistcha|Shadow Ball|p1b: Landorus\n|-damage|p1b: Landorus|0 fnt\n|faint|p1b: Landorus\n|\n|-heal|p2a: Iron Hands|55\/100|[from] Grassy Terrain\n|-heal|p2b: Sinistcha|77\/100|[from] Grassy Terrain\n|-heal|p2b: Sinistcha|83\/100|[from] item: Leftovers\n|-heal|p1a: Rillaboom|34\/100|[from] Grassy Terrain\n|upkeep\n|\n|t:|1699803184\n|switch|p1b: Grimmsnarl|Grimmsnarl, M|39\/100\n|turn|16\n|\n|t:|1699803196\n|move|p1b: Grimmsnarl|Parting Shot|p2b: Sinistcha\n|-unboost|p2b: Sinistcha|atk|1\n|-unboost|p2b: Sinistcha|spa|1\n|\n|t:|1699803200\n|switch|p1b: Ogerpon|Ogerpon-Hearthflame, F|100\/100|[from] Parting Shot\n|-ability|p1b: Ogerpon|Mold Breaker\n|move|p1a: Rillaboom|Grassy Glide|p2a: Iron Hands\n|-damage|p2a: Iron Hands|27\/100\n|move|p2a: Iron Hands|Heavy Slam|p1a: Rillaboom\n|-damage|p1a: Rillaboom|21\/100\n|move|p2b: Sinistcha|Shadow Ball|p1a: Rillaboom\n|-damage|p1a: Rillaboom|8\/100\n|\n|-heal|p2a: Iron Hands|34\/100|[from] Grassy Terrain\n|-heal|p2b: Sinistcha|89\/100|[from] Grassy Terrain\n|-heal|p2b: Sinistcha|95\/100|[from] item: Leftovers\n|-heal|p1a: Rillaboom|14\/100|[from] Grassy Terrain\n|upkeep\n|turn|17\n|inactive|sidoc has 120 seconds left.\n|\n|t:|1699803238\n|move|p1a: Rillaboom|Grassy Glide|p2a: Iron Hands\n|-damage|p2a: Iron Hands|4\/100\n|move|p1b: Ogerpon|Grassy Glide|p2a: Iron Hands\n|-damage|p2a: Iron Hands|0 fnt\n|faint|p2a: Iron Hands\n|-end|p2a: Iron Hands|Quark Drive|[silent]\n|move|p2b: Sinistcha|Shadow Ball|p1a: Rillaboom\n|-damage|p1a: Rillaboom|1\/100\n|\n|-heal|p2b: Sinistcha|100\/100|[from] Grassy Terrain\n|-heal|p1a: Rillaboom|7\/100|[from] Grassy Terrain\n|upkeep\n|\n|t:|1699803244\n|switch|p2a: Heatran|Heatran, M, tera:Grass|49\/100\n|turn|18\n|inactive|KricKing has 120 seconds left.\n|\n|t:|1699803276\n|switch|p1a: Grimmsnarl|Grimmsnarl, M|39\/100\n|move|p2b: Sinistcha|Shadow Ball|p1b: Ogerpon\n|-damage|p1b: Ogerpon|83\/100\n|move|p2a: Heatran|Heat Wave|p1a: Grimmsnarl|[spread] \n|-miss|p2a: Heatran|p1a: Grimmsnarl\n|-miss|p2a: Heatran|p1b: Ogerpon\n|move|p1b: Ogerpon|Ivy Cudgel|p2a: Heatran\n|-supereffective|p2a: Heatran\n|-damage|p2a: Heatran|0 fnt\n|faint|p2a: Heatran\n|\n|-heal|p1a: Grimmsnarl|45\/100|[from] Grassy Terrain\n|-heal|p1b: Ogerpon|90\/100|[from] Grassy Terrain\n|-fieldend|move: Trick Room\n|upkeep\n|inactive|sidoc has 120 seconds left.\n|\n|t:|1699803303\n|switch|p2a: Chien-Pao|Chien-Pao|100\/100\n|-ability|p2a: Chien-Pao|Sword of Ruin\n|turn|19\n|\n|t:|1699803315\n|move|p2b: Sinistcha|Rage Powder|p2b: Sinistcha\n|-singleturn|p2b: Sinistcha|move: Rage Powder\n|move|p1a: Grimmsnarl|Thunder Wave|p2b: Sinistcha\n|-status|p2b: Sinistcha|par\n|move|p2a: Chien-Pao|Ice Spinner|p1a: Grimmsnarl\n|-damage|p1a: Grimmsnarl|6\/100\n|-fieldend|move: Grassy Terrain\n|move|p1b: Ogerpon|Ivy Cudgel|p2a: Chien-Pao\n|-supereffective|p2a: Chien-Pao\n|-enditem|p2a: Chien-Pao|Focus Sash\n|-damage|p2a: Chien-Pao|1\/100\n|\n|upkeep\n|turn|20\n|inactive|sidoc has 120 seconds left.\n|\n|t:|1699803354\n|switch|p1a: Rillaboom|Rillaboom, M, tera:Grass|7\/100\n|-fieldstart|move: Grassy Terrain|[from] ability: Grassy Surge|[of] p1a: Rillaboom\n|move|p1b: Ogerpon|Grassy Glide|p2a: Chien-Pao\n|-damage|p2a: Chien-Pao|0 fnt\n|faint|p2a: Chien-Pao\n|move|p2b: Sinistcha|Shadow Ball|p1b: Ogerpon\n|-damage|p1b: Ogerpon|73\/100\n|\n|-heal|p1b: Ogerpon|79\/100|[from] Grassy Terrain\n|-heal|p1a: Rillaboom|13\/100|[from] Grassy Terrain\n|-sideend|p1: KricKing|move: Light Screen\n|upkeep\n|\n|t:|1699803366\n|switch|p2a: Flutter Mane|Flutter Mane|100\/100\n|turn|21\n|\n|t:|1699803377\n|move|p2a: Flutter Mane|Protect|p2a: Flutter Mane\n|-singleturn|p2a: Flutter Mane|Protect\n|move|p1b: Ogerpon|Ivy Cudgel|p2b: Sinistcha\n|-supereffective|p2b: Sinistcha\n|-crit|p2b: Sinistcha\n|-damage|p2b: Sinistcha|0 fnt\n|faint|p2b: Sinistcha\n|move|p1a: Rillaboom|Wood Hammer|p2a: Flutter Mane\n|-activate|p2a: Flutter Mane|move: Protect\n|\n|-heal|p1b: Ogerpon|85\/100|[from] Grassy Terrain\n|-heal|p1a: Rillaboom|19\/100|[from] Grassy Terrain\n|-sideend|p1: KricKing|Reflect\n|upkeep\n|turn|22\n|-message|sidoc forfeited.\n|\n|win|KricKing\n|raw|KricKing's rating: 1408 &rarr; <strong>1431<\/strong><br \/>(+23 for winning)\n|raw|sidoc's rating: 1464 &rarr; <strong>1441<\/strong><br \/>(-23 for losing)\n|l|\u2606sidoc\n","uploadtime":1699803837,"views":5,"p1id":"kricking","p2id":"sidoc","formatid":"gen9doublesou","rating":1431,"private":0,"password":""}