{"id":"gen9doublesou-1984294616","p1":"Yasuzzo","p2":"its_fiiine","format":"[Gen 9] Doubles OU","log":"|j|\u2606Yasuzzo\n|j|\u2606its_fiiine\n|t:|1699240112\n|gametype|doubles\n|player|p1|Yasuzzo|skyla|1214\n|player|p2|its_fiiine|saturn|1340\n|teamsize|p1|6\n|teamsize|p2|6\n|gen|9\n|tier|[Gen 9] Doubles OU\n|rated|\n|rule|Species Clause: Limit one of each Pok\u00e9mon\n|rule|OHKO Clause: OHKO moves are banned\n|rule|Evasion Moves Clause: Evasion moves are banned\n|rule|Gravity Sleep Clause: The combination of sleep-inducing moves with imperfect accuracy and Gravity or Gigantamax Orbeetle are banned\n|rule|Endless Battle Clause: Forcing endless battles is banned\n|rule|HP Percentage Mod: HP is shown in percentages\n|clearpoke\n|poke|p1|Staraptor, M|\n|poke|p1|Corviknight, M|\n|poke|p1|Talonflame, M|\n|poke|p1|Braviary, M|\n|poke|p1|Gliscor, M|\n|poke|p1|Landorus-Therian, M|\n|poke|p2|Sableye, F|\n|poke|p2|Amoonguss, M|\n|poke|p2|Flutter Mane|\n|poke|p2|Chi-Yu|\n|poke|p2|Landorus, M|\n|poke|p2|Ogerpon-Wellspring, F|\n|teampreview\n|inactive|Battle timer is ON: inactive players will automatically lose when time's up. (requested by Yasuzzo)\n|\n|t:|1699240123\n|start\n|switch|p1a: Braviary|Braviary, M|100\/100\n|switch|p1b: Landorus|Landorus-Therian, M|100\/100\n|switch|p2a: Sableye|Sableye, F|100\/100\n|switch|p2b: Amoonguss|Amoonguss, M|100\/100\n|-ability|p1b: Landorus|Intimidate|boost\n|-unboost|p2a: Sableye|atk|1\n|-unboost|p2b: Amoonguss|atk|1\n|turn|1\n|\n|t:|1699240148\n|move|p1b: Landorus|Protect|p1b: Landorus\n|-singleturn|p1b: Landorus|Protect\n|move|p1a: Braviary|Protect|p1a: Braviary\n|-singleturn|p1a: Braviary|Protect\n|move|p2a: Sableye|Skill Swap|p2b: Amoonguss\n|-activate|p2a: Sableye|move: Skill Swap|||[of] p2b: Amoonguss\n|move|p2b: Amoonguss|Spore|p1a: Braviary\n|-activate|p1a: Braviary|move: Protect\n|\n|upkeep\n|turn|2\n|-activate|p1b: Landorus|item: Quick Claw\n|\n|t:|1699240172\n|-terastallize|p1a: Braviary|Dark\n|move|p2b: Amoonguss|Spore|p1a: Braviary\n|-hint|Since gen 7, Dark is immune to Prankster moves.\n|-immune|p1a: Braviary\n|move|p1b: Landorus|Bulk Up|p1b: Landorus\n|-boost|p1b: Landorus|atk|1\n|-boost|p1b: Landorus|def|1\n|move|p1a: Braviary|Rock Slide|p2b: Amoonguss|[spread] p2b\n|-miss|p1a: Braviary|p2a: Sableye\n|-damage|p2b: Amoonguss|80\/100\n|move|p2a: Sableye|Will-O-Wisp|p1b: Landorus|[miss]\n|-miss|p2a: Sableye|p1b: Landorus\n|\n|upkeep\n|turn|3\n|inactive|Yasuzzo has 120 seconds left.\n|-activate|p1b: Landorus|item: Quick Claw\n|\n|t:|1699240206\n|move|p2b: Amoonguss|Spore|p1b: Landorus\n|-status|p1b: Landorus|slp|[from] move: Spore\n|cant|p1b: Landorus|slp\n|move|p1a: Braviary|Rock Slide|p2a: Sableye|[spread] p2a,p2b\n|-damage|p2a: Sableye|67\/100\n|-damage|p2b: Amoonguss|58\/100\n|move|p2a: Sableye|Will-O-Wisp|p1a: Braviary\n|-status|p1a: Braviary|brn\n|\n|-damage|p1a: Braviary|94\/100 brn|[from] brn\n|upkeep\n|turn|4\n|inactive|Yasuzzo has 120 seconds left.\n|inactive|its_fiiine has 120 seconds left.\n|\n|t:|1699240246\n|switch|p2a: Ogerpon|Ogerpon-Wellspring, F|100\/100\n|move|p2b: Amoonguss|Spore|p1b: Landorus\n|-fail|p1b: Landorus|slp\n|cant|p1b: Landorus|slp\n|move|p1a: Braviary|Iron Head|p2a: Ogerpon\n|-resisted|p2a: Ogerpon\n|-damage|p2a: Ogerpon|90\/100\n|\n|-heal|p1a: Braviary|100\/100 brn|[from] item: Leftovers\n|-damage|p1a: Braviary|94\/100 brn|[from] brn\n|upkeep\n|turn|5\n|inactive|Yasuzzo has 120 seconds left.\n|inactive|its_fiiine has 120 seconds left.\n|\n|t:|1699240291\n|switch|p1b: Corviknight|Corviknight, M, shiny|100\/100\n|-terastallize|p2a: Ogerpon|Water\n|detailschange|p2a: Ogerpon|Ogerpon-Wellspring-Tera, F, tera:Water\n|-ability|p2a: Ogerpon|Embody Aspect (Wellspring)|boost\n|-boost|p2a: Ogerpon|spd|1\n|move|p2b: Amoonguss|Rage Powder|p2b: Amoonguss\n|-singleturn|p2b: Amoonguss|move: Rage Powder\n|move|p2a: Ogerpon|Ivy Cudgel|p1a: Braviary\n|-crit|p1a: Braviary\n|-damage|p1a: Braviary|0 fnt\n|faint|p1a: Braviary\n|\n|upkeep\n|inactive|Yasuzzo has 90 seconds left.\n|\n|t:|1699240311\n|switch|p1a: Talonflame|Talonflame, M|100\/100\n|turn|6\n|inactive|its_fiiine has 120 seconds left.\n|inactive|its_fiiine has 90 seconds left.\n|\n|t:|1699240352\n|move|p1a: Talonflame|Brave Bird|p2b: Amoonguss\n|-supereffective|p2b: Amoonguss\n|-damage|p2b: Amoonguss|0 fnt\n|faint|p2b: Amoonguss\n|-damage|p1a: Talonflame|75\/100|[from] Recoil\n|move|p2a: Ogerpon|Swords Dance|p2a: Ogerpon\n|-boost|p2a: Ogerpon|atk|2\n|move|p1b: Corviknight|Iron Defense|p1b: Corviknight\n|-boost|p1b: Corviknight|def|2\n|\n|-heal|p1a: Talonflame|81\/100|[from] item: Leftovers\n|upkeep\n|inactive|its_fiiine has 90 seconds left.\n|\n|t:|1699240381\n|switch|p2b: Sableye|Sableye, F|99\/100\n|turn|7\n|inactive|Yasuzzo has 120 seconds left.\n|inactive|its_fiiine has 90 seconds left.\n|\n|t:|1699240404\n|move|p2b: Sableye|Quash|p1a: Talonflame\n|-activate|p1a: Talonflame|move: Quash\n|move|p2a: Ogerpon|Ivy Cudgel|p1a: Talonflame\n|-supereffective|p1a: Talonflame\n|-damage|p1a: Talonflame|0 fnt\n|faint|p1a: Talonflame\n|move|p1b: Corviknight|Iron Defense|p1b: Corviknight\n|-boost|p1b: Corviknight|def|2\n|\n|upkeep\n|\n|t:|1699240422\n|switch|p1a: Staraptor|Staraptor, M|100\/100\n|turn|8\n|inactive|its_fiiine has 90 seconds left.\n|\n|t:|1699240443\n|move|p2a: Ogerpon|Spiky Shield|p2a: Ogerpon\n|-singleturn|p2a: Ogerpon|move: Protect\n|move|p1a: Staraptor|Protect|p1a: Staraptor\n|-singleturn|p1a: Staraptor|Protect\n|move|p2b: Sableye|Will-O-Wisp|p1b: Corviknight\n|-status|p1b: Corviknight|brn\n|move|p1b: Corviknight|Body Press|p2a: Ogerpon\n|-activate|p2a: Ogerpon|move: Protect\n|-damage|p1b: Corviknight|88\/100 brn|[from] Spiky Shield|[of] p2a: Ogerpon\n|\n|-heal|p1b: Corviknight|94\/100 brn|[from] item: Leftovers\n|-damage|p1b: Corviknight|88\/100 brn|[from] brn\n|upkeep\n|turn|9\n|inactive|Yasuzzo has 120 seconds left.\n|inactive|Yasuzzo has 90 seconds left.\n|\n|t:|1699240486\n|move|p2b: Sableye|Encore|p1a: Staraptor\n|-start|p1a: Staraptor|Encore\n|move|p2a: Ogerpon|Ivy Cudgel|p1b: Corviknight\n|-damage|p1b: Corviknight|46\/100 brn\n|move|p1a: Staraptor|Protect|p1a: Staraptor\n|-singleturn|p1a: Staraptor|Protect\n|move|p1b: Corviknight|Body Press|p2a: Ogerpon\n|-damage|p2a: Ogerpon|42\/100\n|\n|-heal|p1b: Corviknight|52\/100 brn|[from] item: Leftovers\n|-damage|p1b: Corviknight|46\/100 brn|[from] brn\n|upkeep\n|turn|10\n|\n|t:|1699240508\n|move|p1a: Staraptor|Protect||[still]\n|-fail|p1a: Staraptor\n|move|p2b: Sableye|Will-O-Wisp|p1a: Staraptor\n|-status|p1a: Staraptor|brn\n|move|p2a: Ogerpon|Ivy Cudgel|p1b: Corviknight\n|-damage|p1b: Corviknight|7\/100 brn\n|move|p1b: Corviknight|Body Press|p2a: Ogerpon\n|-damage|p2a: Ogerpon|0 fnt\n|faint|p2a: Ogerpon\n|\n|-heal|p1b: Corviknight|13\/100 brn|[from] item: Leftovers\n|-damage|p1a: Staraptor|94\/100 brn|[from] brn\n|-damage|p1b: Corviknight|7\/100 brn|[from] brn\n|upkeep\n|inactive|its_fiiine has 90 seconds left.\n|\n|t:|1699240542\n|switch|p2a: Chi-Yu|Chi-Yu|100\/100\n|-ability|p2a: Chi-Yu|Beads of Ruin\n|turn|11\n|inactive|Yasuzzo has 120 seconds left.\n|inactive|its_fiiine has 90 seconds left.\n|\n|t:|1699240576\n|move|p1a: Staraptor|Protect|p1a: Staraptor\n|-singleturn|p1a: Staraptor|Protect\n|move|p2b: Sableye|Will-O-Wisp|p1a: Staraptor\n|-activate|p1a: Staraptor|move: Protect\n|move|p2a: Chi-Yu|Dark Pulse|p1b: Corviknight\n|-damage|p1b: Corviknight|0 fnt\n|faint|p1b: Corviknight\n|\n|-damage|p1a: Staraptor|88\/100 brn|[from] brn\n|-end|p1a: Staraptor|Encore\n|upkeep\n|\n|t:|1699240593\n|switch|p1b: Gliscor|Gliscor, M|100\/100\n|turn|12\n|\n|t:|1699240613\n|move|p2b: Sableye|Quash|p1b: Gliscor\n|-activate|p1b: Gliscor|move: Quash\n|move|p2a: Chi-Yu|Heat Wave|p1a: Staraptor|[spread] p1a,p1b\n|-damage|p1a: Staraptor|9\/100 brn\n|-damage|p1b: Gliscor|34\/100\n|-status|p1b: Gliscor|brn\n|move|p1a: Staraptor|Close Combat|p2a: Chi-Yu\n|-supereffective|p2a: Chi-Yu\n|-damage|p2a: Chi-Yu|47\/100\n|-unboost|p1a: Staraptor|def|1\n|-unboost|p1a: Staraptor|spd|1\n|move|p1b: Gliscor|Crabhammer|p2a: Chi-Yu\n|-supereffective|p2a: Chi-Yu\n|-damage|p2a: Chi-Yu|12\/100\n|\n|-damage|p1a: Staraptor|3\/100 brn|[from] brn\n|-damage|p1b: Gliscor|28\/100 brn|[from] brn\n|upkeep\n|turn|13\n|inactive|Yasuzzo has 120 seconds left.\n|\n|t:|1699240651\n|move|p2a: Chi-Yu|Protect|p2a: Chi-Yu\n|-singleturn|p2a: Chi-Yu|Protect\n|move|p2b: Sableye|Quash|p1b: Gliscor\n|-activate|p1b: Gliscor|move: Quash\n|move|p1a: Staraptor|Brave Bird|p2a: Chi-Yu\n|-activate|p2a: Chi-Yu|move: Protect\n|move|p1b: Gliscor|Earthquake|p2a: Chi-Yu|[spread] p2b\n|-activate|p2a: Chi-Yu|move: Protect\n|-immune|p1a: Staraptor\n|-damage|p2b: Sableye|79\/100\n|\n|-damage|p1a: Staraptor|0 fnt|[from] brn\n|faint|p1a: Staraptor\n|-damage|p1b: Gliscor|22\/100 brn|[from] brn\n|upkeep\n|inactive|Yasuzzo has 90 seconds left.\n|\n|t:|1699240671\n|switch|p1a: Landorus|Landorus-Therian, M|100\/100 slp\n|-ability|p1a: Landorus|Intimidate|boost\n|-unboost|p2a: Chi-Yu|atk|1\n|-unboost|p2b: Sableye|atk|1\n|turn|14\n|\n|t:|1699240681\n|move|p1b: Gliscor|Protect|p1b: Gliscor\n|-singleturn|p1b: Gliscor|Protect\n|move|p2b: Sableye|Quash|p1b: Gliscor\n|-activate|p1b: Gliscor|move: Protect\n|move|p2a: Chi-Yu|Heat Wave|p1a: Landorus|[spread] \n|-activate|p1b: Gliscor|move: Protect\n|-miss|p2a: Chi-Yu|p1a: Landorus\n|cant|p1a: Landorus|slp\n|\n|-damage|p1b: Gliscor|16\/100 brn|[from] brn\n|upkeep\n|turn|15\n|inactive|Yasuzzo has 120 seconds left.\n|\n|t:|1699240704\n|move|p2b: Sableye|Quash|p1b: Gliscor\n|-activate|p1b: Gliscor|move: Quash\n|move|p2a: Chi-Yu|Heat Wave|p1b: Gliscor|[spread] p1a,p1b\n|-damage|p1a: Landorus|34\/100 slp\n|-damage|p1b: Gliscor|0 fnt\n|faint|p1b: Gliscor\n|-curestatus|p1a: Landorus|slp|[msg]\n|move|p1a: Landorus|Rock Slide|p2b: Sableye|[spread] p2a,p2b\n|-supereffective|p2a: Chi-Yu\n|-damage|p2a: Chi-Yu|0 fnt\n|-damage|p2b: Sableye|50\/100\n|faint|p2a: Chi-Yu\n|\n|upkeep\n|\n|t:|1699240718\n|switch|p2a: Flutter Mane|Flutter Mane|100\/100\n|-enditem|p2a: Flutter Mane|Booster Energy\n|-activate|p2a: Flutter Mane|ability: Protosynthesis|[fromitem]\n|-start|p2a: Flutter Mane|protosynthesisspa\n|turn|16\n|\n|t:|1699240735\n|move|p2b: Sableye|Will-O-Wisp|p1a: Landorus\n|-status|p1a: Landorus|brn\n|move|p2a: Flutter Mane|Shadow Ball|p1a: Landorus\n|-damage|p1a: Landorus|0 fnt\n|faint|p1a: Landorus\n|\n|win|its_fiiine\n|raw|Yasuzzo's rating: 1214 &rarr; <strong>1198<\/strong><br \/>(-16 for losing)\n|raw|its_fiiine's rating: 1340 &rarr; <strong>1353<\/strong><br \/>(+13 for winning)\n","uploadtime":1699240742,"views":10,"p1id":"yasuzzo","p2id":"itsfiiine","formatid":"gen9doublesou","rating":1198,"private":0,"password":""}