{"id":"gen9doublesou-1976935341","p1":"atemoiae","p2":"Ravvenn98","format":"[Gen 9] Doubles OU","log":"|j|\u2606atemoiae\n|j|\u2606Ravvenn98\n|t:|1698353905\n|gametype|doubles\n|player|p1|atemoiae|scientistf|1300\n|player|p2|Ravvenn98|steven|1209\n|teamsize|p1|6\n|teamsize|p2|6\n|gen|9\n|tier|[Gen 9] Doubles OU\n|rated|\n|rule|Species Clause: Limit one of each Pok\u00e9mon\n|rule|OHKO Clause: OHKO moves are banned\n|rule|Evasion Moves Clause: Evasion moves are banned\n|rule|Gravity Sleep Clause: The combination of sleep-inducing moves with imperfect accuracy and Gravity or Gigantamax Orbeetle are banned\n|rule|Endless Battle Clause: Forcing endless battles is banned\n|rule|HP Percentage Mod: HP is shown in percentages\n|clearpoke\n|poke|p1|Oricorio, F|\n|poke|p1|Volcarona, F|\n|poke|p1|Flamigo, M|\n|poke|p1|Kommo-o, M|\n|poke|p1|Ninetales-Alola, F|\n|poke|p1|Indeedee-F, F|\n|poke|p2|Maushold|\n|poke|p2|Quagsire, F|\n|poke|p2|Dipplin, M|\n|poke|p2|Tornadus, M|\n|poke|p2|Chien-Pao|\n|poke|p2|Volcanion|\n|teampreview\n|inactive|Battle timer is ON: inactive players will automatically lose when time's up. (requested by atemoiae)\n|\n|t:|1698353921\n|start\n|switch|p1a: Kommo-o|Kommo-o, M|100\/100\n|switch|p1b: \u4e2d\u56fd|Indeedee-F, F, shiny|100\/100\n|switch|p2a: Quagsire|Quagsire, F|100\/100\n|switch|p2b: Tornadus|Tornadus, M|100\/100\n|-fieldstart|move: Psychic Terrain|[from] ability: Psychic Surge|[of] p1b: \u4e2d\u56fd\n|turn|1\n|\n|t:|1698353934\n|-terastallize|p1a: Kommo-o|Steel\n|move|p2b: Tornadus|Swagger|p2a: Quagsire\n|-boost|p2a: Quagsire|atk|2\n|-start|p2a: Quagsire|confusion\n|-enditem|p2a: Quagsire|Lum Berry|[eat]\n|-end|p2a: Quagsire|confusion\n|move|p1a: Kommo-o|Clangorous Soul|p1a: Kommo-o\n|-boost|p1a: Kommo-o|atk|1\n|-boost|p1a: Kommo-o|def|1\n|-boost|p1a: Kommo-o|spa|1\n|-boost|p1a: Kommo-o|spd|1\n|-boost|p1a: Kommo-o|spe|1\n|-damage|p1a: Kommo-o|68\/100\n|move|p1b: \u4e2d\u56fd|Psych Up|p1a: Kommo-o\n|-copyboost|p1b: \u4e2d\u56fd|p1a: Kommo-o|[from] move: Psych Up\n|move|p2a: Quagsire|Ice Punch|p1a: Kommo-o\n|-resisted|p1a: Kommo-o\n|-damage|p1a: Kommo-o|50\/100\n|-status|p1a: Kommo-o|frz\n|-enditem|p1a: Kommo-o|Sitrus Berry|[eat]\n|-heal|p1a: Kommo-o|75\/100 frz|[from] item: Sitrus Berry\n|\n|upkeep\n|turn|2\n|\n|t:|1698353956\n|move|p2b: Tornadus|Protect|p2b: Tornadus\n|-singleturn|p2b: Tornadus|Protect\n|cant|p1a: Kommo-o|frz\n|move|p1b: \u4e2d\u56fd|Stored Power|p2a: Quagsire\n|-damage|p2a: Quagsire|43\/100\n|move|p2a: Quagsire|Drain Punch|p1a: Kommo-o\n|-supereffective|p1a: Kommo-o\n|-damage|p1a: Kommo-o|10\/100 frz\n|-heal|p2a: Quagsire|72\/100|[from] drain|[of] p1a: Kommo-o\n|\n|upkeep\n|turn|3\n|\n|t:|1698353986\n|move|p2b: Tornadus|Bleakwind Storm|p1b: \u4e2d\u56fd|[spread] p1a,p1b\n|-resisted|p1a: Kommo-o\n|-damage|p1a: Kommo-o|2\/100 frz\n|-damage|p1b: \u4e2d\u56fd|83\/100\n|-unboost|p1a: Kommo-o|spe|1\n|move|p1b: \u4e2d\u56fd|Stored Power|p2b: Tornadus\n|-damage|p2b: Tornadus|27\/100\n|cant|p1a: Kommo-o|frz\n|move|p2a: Quagsire|Drain Punch|p1b: \u4e2d\u56fd\n|-damage|p1b: \u4e2d\u56fd|35\/100\n|-heal|p2a: Quagsire|93\/100|[from] drain|[of] p1b: \u4e2d\u56fd\n|-enditem|p1b: \u4e2d\u56fd|Sitrus Berry|[eat]\n|-heal|p1b: \u4e2d\u56fd|60\/100|[from] item: Sitrus Berry\n|\n|upkeep\n|turn|4\n|\n|t:|1698354001\n|move|p2b: Tornadus|Bleakwind Storm|p1a: Kommo-o|[spread] p1a,p1b\n|-resisted|p1a: Kommo-o\n|-damage|p1a: Kommo-o|0 fnt\n|-damage|p1b: \u4e2d\u56fd|42\/100\n|-unboost|p1b: \u4e2d\u56fd|spe|1\n|faint|p1a: Kommo-o\n|move|p1b: \u4e2d\u56fd|Heal Pulse|p1: Kommo-o|[notarget]\n|-fail|p1b: \u4e2d\u56fd\n|move|p2a: Quagsire|Earthquake|p1b: \u4e2d\u56fd|[spread] p1b\n|-immune|p2b: Tornadus\n|-damage|p1b: \u4e2d\u56fd|0 fnt\n|faint|p1b: \u4e2d\u56fd\n|\n|upkeep\n|\n|t:|1698354021\n|switch|p1a: CCCP|Ninetales-Alola, F, shiny|100\/100\n|switch|p1b: BRICS|Flamigo, M|100\/100\n|-weather|Snow|[from] ability: Snow Warning|[of] p1a: CCCP\n|-copyboost|p1b: BRICS|p1a: CCCP|[from] ability: Costar\n|turn|5\n|\n|t:|1698354029\n|move|p1b: BRICS|Wide Guard|p1b: BRICS\n|-singleturn|p1b: BRICS|Wide Guard\n|move|p2b: Tornadus|Rain Dance|p2b: Tornadus\n|-weather|RainDance\n|move|p1a: CCCP|Aurora Veil||[still]\n|-fail|p1a: CCCP\n|move|p2a: Quagsire|Ice Punch|p1b: BRICS\n|-supereffective|p1b: BRICS\n|-damage|p1b: BRICS|29\/100\n|\n|-weather|RainDance|[upkeep]\n|-fieldend|move: Psychic Terrain\n|upkeep\n|turn|6\n|-message|atemoiae forfeited.\n|\n|win|Ravvenn98\n|raw|atemoiae's rating: 1300 &rarr; <strong>1269<\/strong><br \/>(-31 for losing)\n|raw|Ravvenn98's rating: 1209 &rarr; <strong>1240<\/strong><br \/>(+31 for winning)\n|l|\u2606atemoiae\n","uploadtime":1698354051,"views":25,"p1id":"atemoiae","p2id":"ravvenn98","formatid":"gen9doublesou","rating":1240,"private":0,"password":""}