{"id":"gen9doublesou-1996381507","p1":"add47e","p2":"Single Mothers","format":"[Gen 9] Doubles OU","log":"|j|\u2606add47e\n|j|\u2606Single Mothers\n|inactive|Battle timer is ON: inactive players will automatically lose when time's up.\n|t:|1700676641\n|gametype|doubles\n|player|p1|add47e|iono|\n|player|p2|Single Mothers|fantina|\n|teamsize|p1|6\n|teamsize|p2|6\n|gen|9\n|tier|[Gen 9] Doubles OU\n|rated|Tournament battle\n|rule|Species Clause: Limit one of each Pok\u00e9mon\n|rule|OHKO Clause: OHKO moves are banned\n|rule|Evasion Moves Clause: Evasion moves are banned\n|rule|Gravity Sleep Clause: The combination of sleep-inducing moves with imperfect accuracy and Gravity or Gigantamax Orbeetle are banned\n|rule|Endless Battle Clause: Forcing endless battles is banned\n|rule|HP Percentage Mod: HP is shown in percentages\n|clearpoke\n|poke|p1|Cubchoo, M|\n|poke|p1|Bisharp, F|\n|poke|p1|Foongus, M|\n|poke|p1|Nosepass, F|\n|poke|p1|Mienfoo, F|\n|poke|p1|Bramblin, F|\n|poke|p2|Magnemite|\n|poke|p2|Buizel, M|\n|poke|p2|Skeledirge, M|\n|poke|p2|Nuzleaf, M|\n|poke|p2|Stantler, M|\n|poke|p2|Sentret, M|\n|teampreview\n|j|*Lady Monita \u2746\n|\n|t:|1700676658\n|start\n|switch|p1a: Nosepass|Nosepass, F|100\/100\n|switch|p1b: Mienfoo|Mienfoo, F|100\/100\n|switch|p2a: Skeledirge|Skeledirge, M|100\/100\n|switch|p2b: Nuzleaf|Nuzleaf, M|100\/100\n|turn|1\n|j| Sqqueaks\n|\n|t:|1700676685\n|move|p1b: Mienfoo|Fake Out|p2b: Nuzleaf\n|-enditem|p1b: Mienfoo|Normal Gem|[from] gem\n|-damage|p2b: Nuzleaf|60\/100\n|cant|p2b: Nuzleaf|flinch\n|move|p2a: Skeledirge|Torch Song|p1b: Mienfoo\n|-damage|p1b: Mienfoo|25\/100\n|-boost|p2a: Skeledirge|spa|1\n|move|p1a: Nosepass|Stealth Rock|p2b: Nuzleaf\n|-sidestart|p2: Single Mothers|move: Stealth Rock\n|\n|upkeep\n|turn|2\n|j| DragonPhoenix333\n|inactive|add47e has 120 seconds left.\n|inactive|Single Mothers has 120 seconds left.\n|\n|t:|1700676721\n|move|p2a: Skeledirge|Protect|p2a: Skeledirge\n|-singleturn|p2a: Skeledirge|Protect\n|move|p1b: Mienfoo|Acrobatics|p2a: Skeledirge\n|-activate|p2a: Skeledirge|move: Protect\n|move|p2b: Nuzleaf|Knock Off|p1a: Nosepass\n|-damage|p1a: Nosepass|75\/100\n|-enditem|p1a: Nosepass|Eviolite|[from] move: Knock Off|[of] p2b: Nuzleaf\n|move|p1a: Nosepass|Body Press|p2b: Nuzleaf\n|-supereffective|p2b: Nuzleaf\n|-damage|p2b: Nuzleaf|0 fnt\n|faint|p2b: Nuzleaf\n|\n|upkeep\n|\n|t:|1700676730\n|switch|p2b: Stantler|Stantler, M|100\/100\n|-damage|p2b: Stantler|88\/100|[from] Stealth Rock\n|-ability|p2b: Stantler|Intimidate|boost\n|-unboost|p1a: Nosepass|atk|1\n|-unboost|p1b: Mienfoo|atk|1\n|turn|3\n|\n|t:|1700676743\n|move|p2b: Stantler|Trailblaze|p1a: Nosepass\n|-supereffective|p1a: Nosepass\n|-damage|p1a: Nosepass|40\/100\n|-boost|p2b: Stantler|spe|1\n|move|p1b: Mienfoo|Close Combat|p2b: Stantler\n|-supereffective|p2b: Stantler\n|-damage|p2b: Stantler|8\/100\n|-unboost|p1b: Mienfoo|def|1\n|-unboost|p1b: Mienfoo|spd|1\n|move|p2a: Skeledirge|Torch Song|p1b: Mienfoo\n|-damage|p1b: Mienfoo|0 fnt\n|-boost|p2a: Skeledirge|spa|1\n|faint|p1b: Mienfoo\n|move|p1a: Nosepass|Volt Switch|p2a: Skeledirge\n|-damage|p2a: Skeledirge|88\/100\n|\n|t:|1700676763\n|switch|p1a: Foongus|Foongus, M|100\/100|[from] Volt Switch\n|\n|-heal|p2a: Skeledirge|94\/100|[from] item: Leftovers\n|upkeep\n|\n|t:|1700676769\n|switch|p1b: Bisharp|Bisharp, F|100\/100\n|turn|4\n|\n|t:|1700676790\n|move|p2a: Skeledirge|Protect|p2a: Skeledirge\n|-singleturn|p2a: Skeledirge|Protect\n|move|p1a: Foongus|Rage Powder|p1a: Foongus\n|-singleturn|p1a: Foongus|move: Rage Powder\n|move|p1b: Bisharp|Sucker Punch||[still]\n|-fail|p1b: Bisharp\n|move|p2b: Stantler|Psyshield Bash|p1a: Foongus\n|-supereffective|p1a: Foongus\n|-damage|p1a: Foongus|53\/100\n|-boost|p2b: Stantler|def|1\n|\n|-heal|p2a: Skeledirge|99\/100|[from] item: Leftovers\n|upkeep\n|turn|5\n|j| Playering\n|\n|t:|1700676819\n|-terastallize|p2a: Skeledirge|Fairy\n|move|p1a: Foongus|Rage Powder|p1a: Foongus\n|-singleturn|p1a: Foongus|move: Rage Powder\n|move|p2b: Stantler|Psyshield Bash|p1a: Foongus\n|-supereffective|p1a: Foongus\n|-damage|p1a: Foongus|6\/100\n|-boost|p2b: Stantler|def|1\n|move|p1b: Bisharp|Lash Out|p2a: Skeledirge\n|-resisted|p2a: Skeledirge\n|-damage|p2a: Skeledirge|87\/100\n|move|p2a: Skeledirge|Torch Song|p1a: Foongus\n|-supereffective|p1a: Foongus\n|-damage|p1a: Foongus|0 fnt\n|-boost|p2a: Skeledirge|spa|1\n|faint|p1a: Foongus\n|\n|-heal|p2a: Skeledirge|93\/100|[from] item: Leftovers\n|upkeep\n|\n|t:|1700676838\n|switch|p1a: Cubchoo|Cubchoo, M|100\/100\n|turn|6\n|\n|t:|1700676852\n|move|p1b: Bisharp|Protect|p1b: Bisharp\n|-singleturn|p1b: Bisharp|Protect\n|move|p2b: Stantler|Double-Edge|p1a: Cubchoo\n|-damage|p1a: Cubchoo|42\/100\n|-damage|p2b: Stantler|0 fnt|[from] Recoil\n|faint|p2b: Stantler\n|move|p1a: Cubchoo|Yawn|p2a: Skeledirge\n|-start|p2a: Skeledirge|move: Yawn|[of] p1a: Cubchoo\n|move|p2a: Skeledirge|Torch Song|p1b: Bisharp\n|-activate|p1b: Bisharp|move: Protect\n|\n|-heal|p2a: Skeledirge|99\/100|[from] item: Leftovers\n|upkeep\n|\n|t:|1700676876\n|switch|p2b: Buizel|Buizel, M|100\/100\n|-damage|p2b: Buizel|88\/100|[from] Stealth Rock\n|turn|7\n|\n|t:|1700676890\n|switch|p1b: Nosepass|Nosepass, F|40\/100\n|move|p2b: Buizel|Taunt|p1a: Cubchoo\n|-start|p1a: Cubchoo|move: Taunt\n|cant|p1a: Cubchoo|move: Taunt|Snowscape\n|move|p2a: Skeledirge|Torch Song|p1b: Nosepass\n|-resisted|p1b: Nosepass\n|-crit|p1b: Nosepass\n|-damage|p1b: Nosepass|0 fnt\n|-boost|p2a: Skeledirge|spa|1\n|faint|p1b: Nosepass\n|\n|-heal|p2a: Skeledirge|100\/100|[from] item: Leftovers\n|-end|p2a: Skeledirge|move: Yawn|[silent]\n|-status|p2a: Skeledirge|slp\n|upkeep\n|\n|t:|1700676899\n|switch|p1b: Bisharp|Bisharp, F|100\/100\n|turn|8\n|l| Playering\n|\n|t:|1700676912\n|switch|p2b: Sentret|Sentret, M|100\/100\n|-damage|p2b: Sentret|88\/100|[from] Stealth Rock\n|-item|p1a: Cubchoo|Eviolite|[from] ability: Frisk|[of] p2b: Sentret|[identify]\n|-item|p1b: Bisharp|Eviolite|[from] ability: Frisk|[of] p2b: Sentret|[identify]\n|move|p1a: Cubchoo|Body Press|p2b: Sentret\n|-supereffective|p2b: Sentret\n|-damage|p2b: Sentret|30\/100\n|move|p1b: Bisharp|Iron Head|p2a: Skeledirge\n|-supereffective|p2a: Skeledirge\n|-damage|p2a: Skeledirge|43\/100 slp\n|cant|p2a: Skeledirge|slp\n|\n|-heal|p2a: Skeledirge|49\/100 slp|[from] item: Leftovers\n|upkeep\n|turn|9\n|l| DragonPhoenix333\n|\n|t:|1700676940\n|move|p1a: Cubchoo|Body Press|p2b: Sentret\n|-supereffective|p2b: Sentret\n|-damage|p2b: Sentret|0 fnt\n|faint|p2b: Sentret\n|move|p1b: Bisharp|Iron Head|p2a: Skeledirge\n|-supereffective|p2a: Skeledirge\n|-damage|p2a: Skeledirge|0 fnt\n|faint|p2a: Skeledirge\n|\n|-end|p1a: Cubchoo|move: Taunt\n|upkeep\n|\n|t:|1700676946\n|switch|p2a: Magnemite|Magnemite|100\/100\n|switch|p2b: Buizel|Buizel, M|88\/100\n|-damage|p2b: Buizel|76\/100|[from] Stealth Rock\n|-damage|p2a: Magnemite|95\/100|[from] Stealth Rock\n|turn|10\n|j| Oscarx90\n|\n|t:|1700676966\n|move|p2b: Buizel|Helping Hand|p2a: Magnemite\n|-singleturn|p2a: Magnemite|Helping Hand|[of] p2b: Buizel\n|move|p1a: Cubchoo|Yawn|p2b: Buizel\n|-start|p2b: Buizel|move: Yawn|[of] p1a: Cubchoo\n|move|p1b: Bisharp|Lash Out|p2a: Magnemite\n|-damage|p2a: Magnemite|19\/100\n|move|p2a: Magnemite|Thunderbolt|p1b: Bisharp\n|-damage|p1b: Bisharp|21\/100\n|\n|upkeep\n|turn|11\n|\n|t:|1700676989\n|move|p1b: Bisharp|Protect|p1b: Bisharp\n|-singleturn|p1b: Bisharp|Protect\n|move|p2b: Buizel|Icy Wind|p1a: Cubchoo|[spread] p1a\n|-activate|p1b: Bisharp|move: Protect\n|-resisted|p1a: Cubchoo\n|-damage|p1a: Cubchoo|36\/100\n|-unboost|p1a: Cubchoo|spe|1\n|move|p2a: Magnemite|Thunderbolt|p1b: Bisharp\n|-activate|p1b: Bisharp|move: Protect\n|move|p1a: Cubchoo|Body Press|p2a: Magnemite\n|-supereffective|p2a: Magnemite\n|-damage|p2a: Magnemite|0 fnt\n|faint|p2a: Magnemite\n|\n|-end|p2b: Buizel|move: Yawn|[silent]\n|-status|p2b: Buizel|slp\n|upkeep\n|turn|12\n|c|\u2606Single Mothers|gg\n|l| Oscarx90\n|c|\u2606add47e|gg\n|\n|t:|1700677011\n|cant|p2b: Buizel|slp\n|move|p1b: Bisharp|Lash Out|p2b: Buizel\n|-damage|p2b: Buizel|14\/100 slp\n|move|p1a: Cubchoo|Body Press|p2b: Buizel\n|-damage|p2b: Buizel|0 fnt\n|faint|p2b: Buizel\n|\n|win|add47e\n|n|\u2606add47e|add47e\n|n|\u2606Single Mothers|singlemothers\n|n|*Lady Monita \u2746|ladymonita\n|n| Sqqueaks|sqqueaks\n","uploadtime":1700677012,"views":7,"p1id":"add47e","p2id":"singlemothers","formatid":"gen9doublesou","rating":0,"private":0,"password":""}