{"id":"gen9doublesou-1972206945","p1":"mewmewgirl","p2":"wingminmon","format":"[Gen 9] Doubles OU","log":"|j|\u2606mewmewgirl\n|j|\u2606wingminmon\n|t:|1697821484\n|gametype|doubles\n|player|p1|mewmewgirl|swimmerf|1058\n|player|p2|wingminmon|preschooler|1144\n|teamsize|p1|6\n|teamsize|p2|6\n|gen|9\n|tier|[Gen 9] Doubles OU\n|rated|\n|rule|Species Clause: Limit one of each Pok\u00e9mon\n|rule|OHKO Clause: OHKO moves are banned\n|rule|Evasion Moves Clause: Evasion moves are banned\n|rule|Gravity Sleep Clause: The combination of sleep-inducing moves with imperfect accuracy and Gravity or Gigantamax Orbeetle are banned\n|rule|Endless Battle Clause: Forcing endless battles is banned\n|rule|HP Percentage Mod: HP is shown in percentages\n|clearpoke\n|poke|p1|Flutter Mane|\n|poke|p1|Brute Bonnet|\n|poke|p1|Roaring Moon|\n|poke|p1|Chi-Yu|\n|poke|p1|Sandy Shocks|\n|poke|p1|Gholdengo|\n|poke|p2|Dragapult, M|\n|poke|p2|Heatran, M|\n|poke|p2|Ogerpon, F|\n|poke|p2|Cresselia, F|\n|poke|p2|Landorus-Therian, M|\n|poke|p2|Tornadus, M|\n|teampreview\n|\n|t:|1697821492\n|start\n|switch|p1a: Brute Bonnet|Brute Bonnet|100\/100\n|switch|p1b: Chi-Yu|Chi-Yu|100\/100\n|switch|p2a: Landorus|Landorus-Therian, M|100\/100\n|switch|p2b: Tornadus|Tornadus, M|100\/100\n|-ability|p2a: Landorus|Intimidate|boost\n|-unboost|p1a: Brute Bonnet|atk|1\n|-unboost|p1b: Chi-Yu|atk|1\n|-ability|p1b: Chi-Yu|Beads of Ruin\n|turn|1\n|\n|t:|1697821520\n|move|p2b: Tornadus|Tailwind|p2b: Tornadus\n|-sidestart|p2: wingminmon|move: Tailwind\n|move|p2a: Landorus|Rock Slide|p1a: Brute Bonnet|[spread] p1b\n|-miss|p2a: Landorus|p1a: Brute Bonnet\n|-supereffective|p1b: Chi-Yu\n|-damage|p1b: Chi-Yu|34\/100\n|move|p1b: Chi-Yu|Heat Wave|p2a: Landorus|[spread] p2a,p2b\n|-damage|p2a: Landorus|20\/100\n|-damage|p2b: Tornadus|36\/100\n|move|p1a: Brute Bonnet|Spore|p2a: Landorus\n|-status|p2a: Landorus|slp|[from] move: Spore\n|\n|upkeep\n|turn|2\n|\n|t:|1697821551\n|switch|p2a: Cresselia|Cresselia, F|100\/100\n|switch|p2b: Heatran|Heatran, M|100\/100\n|move|p1a: Brute Bonnet|Rage Powder|p1a: Brute Bonnet\n|-singleturn|p1a: Brute Bonnet|move: Rage Powder\n|move|p1b: Chi-Yu|Heat Wave|p2a: Cresselia|[spread] p2a\n|-start|p2b: Heatran|ability: Flash Fire\n|-damage|p2a: Cresselia|64\/100\n|-status|p2a: Cresselia|brn\n|\n|-damage|p2a: Cresselia|58\/100 brn|[from] brn\n|upkeep\n|turn|3\n|\n|t:|1697821585\n|switch|p1b: Sandy Shocks|Sandy Shocks|100\/100\n|move|p2a: Cresselia|Lunar Blessing|p2a: Cresselia|[spread] p2a,p2b\n|-heal|p2a: Cresselia|83\/100 brn\n|-curestatus|p2a: Cresselia|brn|[msg]\n|move|p2b: Heatran|Flash Cannon|p1b: Sandy Shocks\n|-resisted|p1b: Sandy Shocks\n|-damage|p1b: Sandy Shocks|77\/100\n|move|p1a: Brute Bonnet|Spore|p2a: Cresselia\n|-status|p2a: Cresselia|slp|[from] move: Spore\n|\n|upkeep\n|turn|4\n|\n|t:|1697821611\n|-terastallize|p2b: Heatran|Grass\n|cant|p2a: Cresselia|slp\n|move|p2b: Heatran|Magma Storm|p1a: Brute Bonnet\n|-supereffective|p1a: Brute Bonnet\n|-enditem|p1a: Brute Bonnet|Focus Sash\n|-damage|p1a: Brute Bonnet|1\/100\n|-activate|p1a: Brute Bonnet|move: Magma Storm|[of] p2b: Heatran\n|move|p1b: Sandy Shocks|Power Gem|p2b: Heatran\n|-damage|p2b: Heatran|86\/100\n|move|p1a: Brute Bonnet|Spore|p2b: Heatran\n|-immune|p2b: Heatran\n|\n|-damage|p1a: Brute Bonnet|0 fnt|[from] move: Magma Storm|[partiallytrapped]\n|faint|p1a: Brute Bonnet\n|-end|p1a: Brute Bonnet|Protosynthesis|[silent]\n|-sideend|p2: wingminmon|move: Tailwind\n|upkeep\n|\n|t:|1697821629\n|switch|p1a: Gholdengo|Gholdengo|100\/100\n|turn|5\n|\n|t:|1697821639\n|move|p1b: Sandy Shocks|Sunny Day|p1b: Sandy Shocks\n|-weather|SunnyDay\n|-activate|p1b: Sandy Shocks|ability: Protosynthesis\n|-start|p1b: Sandy Shocks|protosynthesisspa\n|move|p1a: Gholdengo|Make It Rain|p2b: Heatran|[spread] p2a,p2b\n|-damage|p2a: Cresselia|54\/100 slp\n|-damage|p2b: Heatran|61\/100\n|-unboost|p1a: Gholdengo|spa|1\n|-curestatus|p2a: Cresselia|slp|[msg]\n|move|p2a: Cresselia|Lunar Blessing|p2a: Cresselia|[spread] p2a,p2b\n|-heal|p2a: Cresselia|79\/100\n|-heal|p2b: Heatran|86\/100\n|move|p2b: Heatran|Magma Storm|p1a: Gholdengo\n|-supereffective|p1a: Gholdengo\n|-damage|p1a: Gholdengo|0 fnt\n|faint|p1a: Gholdengo\n|\n|-weather|SunnyDay|[upkeep]\n|upkeep\n|-message|mewmewgirl forfeited.\n|\n|win|wingminmon\n|raw|mewmewgirl's rating: 1058 &rarr; <strong>1044<\/strong><br \/>(-14 for losing)\n|raw|wingminmon's rating: 1144 &rarr; <strong>1163<\/strong><br \/>(+19 for winning)\n|l|\u2606mewmewgirl\n","uploadtime":1697821673,"views":19,"p1id":"mewmewgirl","p2id":"wingminmon","formatid":"gen9doublesou","rating":1044,"private":0,"password":""}