{"id":"gen9doublesou-1980467385","p1":"Detrimentalkev","p2":"uhdfhadfdaf","format":"[Gen 9] Doubles OU","log":"|j|\u2606Detrimentalkev\n|j|\u2606uhdfhadfdaf\n|t:|1698787677\n|gametype|doubles\n|player|p1|Detrimentalkev|brock|1304\n|player|p2|uhdfhadfdaf|cynthia-gen4|1129\n|teamsize|p1|6\n|teamsize|p2|6\n|gen|9\n|tier|[Gen 9] Doubles OU\n|rated|\n|rule|Species Clause: Limit one of each Pok\u00e9mon\n|rule|OHKO Clause: OHKO moves are banned\n|rule|Evasion Moves Clause: Evasion moves are banned\n|rule|Gravity Sleep Clause: The combination of sleep-inducing moves with imperfect accuracy and Gravity or Gigantamax Orbeetle are banned\n|rule|Endless Battle Clause: Forcing endless battles is banned\n|rule|HP Percentage Mod: HP is shown in percentages\n|clearpoke\n|poke|p1|Tyranitar, M|\n|poke|p1|Cresselia, F|\n|poke|p1|Coalossal, F|\n|poke|p1|Gastrodon, M|\n|poke|p1|Oranguru, F|\n|poke|p1|Torkoal, F|\n|poke|p2|Torterra, M|\n|poke|p2|Golduck, M|\n|poke|p2|Sinistcha-Masterpiece|\n|poke|p2|Sableye, F|\n|poke|p2|Diancie|\n|poke|p2|Corviknight, M|\n|teampreview\n|\n|t:|1698787700\n|start\n|switch|p1a: Torkoal|Torkoal, F|100\/100\n|switch|p1b: Cresselia|Cresselia, F|100\/100\n|switch|p2a: Torterra|Torterra, M|100\/100\n|switch|p2b: Golduck|Golduck, M|100\/100\n|-ability|p2b: Golduck|Cloud Nine\n|-weather|SunnyDay|[from] ability: Drought|[of] p1a: Torkoal\n|turn|1\n|inactive|Battle timer is ON: inactive players will automatically lose when time's up. (requested by uhdfhadfdaf)\n|\n|t:|1698787732\n|switch|p1b: Tyranitar|Tyranitar, M|100\/100\n|-weather|Sandstorm|[from] ability: Sand Stream|[of] p1b: Tyranitar\n|switch|p1a: Coalossal|Coalossal, F|100\/100\n|move|p2b: Golduck|Simple Beam|p2a: Torterra\n|-endability|p2a: Torterra|Shell Armor|[from] move: Simple Beam\n|-ability|p2a: Torterra|Simple|[from] move: Simple Beam\n|move|p2a: Torterra|Shell Smash|p2a: Torterra\n|-unboost|p2a: Torterra|def|2\n|-unboost|p2a: Torterra|spd|2\n|-boost|p2a: Torterra|atk|4\n|-boost|p2a: Torterra|spa|4\n|-boost|p2a: Torterra|spe|4\n|-enditem|p2a: Torterra|White Herb\n|-clearnegativeboost|p2a: Torterra|[silent]\n|\n|-weather|Sandstorm|[upkeep]\n|upkeep\n|turn|2\n|\n|t:|1698787758\n|switch|p2b: Corviknight|Corviknight, M|100\/100\n|move|p2a: Torterra|Earthquake|p1b: Tyranitar|[spread] p1a,p1b\n|-immune|p2b: Corviknight\n|-supereffective|p1a: Coalossal\n|-supereffective|p1b: Tyranitar\n|-damage|p1a: Coalossal|0 fnt\n|-damage|p1b: Tyranitar|0 fnt\n|faint|p1a: Coalossal\n|faint|p1b: Tyranitar\n|\n|-weather|Sandstorm|[upkeep]\n|upkeep\n|\n|t:|1698787770\n|switch|p1b: Torkoal|Torkoal, F|100\/100\n|switch|p1a: Cresselia|Cresselia, F|100\/100\n|-weather|SunnyDay|[from] ability: Drought|[of] p1b: Torkoal\n|turn|3\n|\n|t:|1698787780\n|switch|p2b: Golduck|Golduck, M|100\/100\n|-ability|p2b: Golduck|Cloud Nine\n|move|p1b: Torkoal|Protect|p1b: Torkoal\n|-singleturn|p1b: Torkoal|Protect\n|move|p2a: Torterra|Rock Slide|p1a: Cresselia|[spread] p1a\n|-activate|p1b: Torkoal|move: Protect\n|-damage|p1a: Cresselia|69\/100\n|move|p1a: Cresselia|Trick Room|p1a: Cresselia\n|-fieldstart|move: Trick Room|[of] p1a: Cresselia\n|\n|-weather|SunnyDay|[upkeep]\n|-heal|p1a: Cresselia|75\/100|[from] item: Leftovers\n|upkeep\n|turn|4\n|inactive|uhdfhadfdaf has 120 seconds left.\n|\n|t:|1698787829\n|-terastallize|p1b: Torkoal|Fire\n|move|p1a: Cresselia|Helping Hand|p1b: Torkoal\n|-singleturn|p1b: Torkoal|Helping Hand|[of] p1a: Cresselia\n|move|p1b: Torkoal|Eruption|p2b: Golduck|[spread] p2a,p2b\n|-supereffective|p2a: Torterra\n|-resisted|p2b: Golduck\n|-damage|p2a: Torterra|0 fnt\n|-damage|p2b: Golduck|32\/100\n|faint|p2a: Torterra\n|move|p2b: Golduck|Psychic|p1b: Torkoal\n|-damage|p1b: Torkoal|75\/100\n|\n|-weather|SunnyDay|[upkeep]\n|-heal|p1a: Cresselia|81\/100|[from] item: Leftovers\n|upkeep\n|\n|t:|1698787842\n|switch|p2a: Sableye|Sableye, F|100\/100\n|turn|5\n|inactive|uhdfhadfdaf has 120 seconds left.\n|\n|t:|1698787867\n|move|p2a: Sableye|Fake Out|p1b: Torkoal\n|-damage|p1b: Torkoal|69\/100\n|cant|p1b: Torkoal|flinch\n|move|p1a: Cresselia|Lunar Blessing|p1a: Cresselia|[spread] p1a,p1b\n|-heal|p1a: Cresselia|100\/100\n|-heal|p1b: Torkoal|94\/100\n|move|p2b: Golduck|Psychic|p1b: Torkoal\n|-damage|p1b: Torkoal|68\/100\n|\n|-weather|SunnyDay|[upkeep]\n|upkeep\n|turn|6\n|\n|t:|1698787884\n|move|p1a: Cresselia|Helping Hand|p1b: Torkoal\n|-singleturn|p1b: Torkoal|Helping Hand|[of] p1a: Cresselia\n|move|p2a: Sableye|Disable|p1b: Torkoal\n|-start|p1b: Torkoal|Disable|Eruption\n|cant|p1b: Torkoal|Disable|Eruption\n|move|p2b: Golduck|Psychic|p1b: Torkoal\n|-damage|p1b: Torkoal|42\/100\n|\n|-weather|SunnyDay|[upkeep]\n|upkeep\n|turn|7\n|\n|t:|1698787901\n|move|p1a: Cresselia|Helping Hand|p1b: Torkoal\n|-singleturn|p1b: Torkoal|Helping Hand|[of] p1a: Cresselia\n|move|p2a: Sableye|Encore|p1b: Torkoal\n|-start|p1b: Torkoal|Encore\n|cant|p1b: Torkoal|Disable|Eruption\n|move|p2b: Golduck|Psychic|p1b: Torkoal\n|-damage|p1b: Torkoal|15\/100\n|\n|-weather|none\n|-fieldend|move: Trick Room\n|upkeep\n|turn|8\n|\n|t:|1698787927\n|switch|p1b: Gastrodon|Gastrodon, M|100\/100\n|move|p1a: Cresselia|Ally Switch|p1a: Cresselia\n|swap|p1a: Cresselia|1|[from] move: Ally Switch\n|move|p2a: Sableye|Encore||[still]\n|-fail|p2a: Sableye\n|move|p2b: Golduck|Psychic|p1b: Cresselia\n|-resisted|p1b: Cresselia\n|-damage|p1b: Cresselia|94\/100\n|\n|-heal|p1b: Cresselia|100\/100|[from] item: Leftovers\n|upkeep\n|turn|9\n|\n|t:|1698787953\n|switch|p2a: Sinistcha|Sinistcha-Masterpiece|100\/100\n|-heal|p2b: Golduck|57\/100|[from] ability: Hospitality|[of] p2a: Sinistcha\n|move|p1b: Cresselia|Helping Hand|p1a: Gastrodon\n|-singleturn|p1a: Gastrodon|Helping Hand|[of] p1b: Cresselia\n|move|p2b: Golduck|Psychic|p1a: Gastrodon\n|-damage|p1a: Gastrodon|88\/100\n|move|p1a: Gastrodon|Muddy Water|p2a: Sinistcha|[spread] p2a,p2b\n|-resisted|p2a: Sinistcha\n|-resisted|p2b: Golduck\n|-damage|p2a: Sinistcha|78\/100\n|-damage|p2b: Golduck|37\/100\n|-unboost|p2b: Golduck|accuracy|1\n|\n|-heal|p1a: Gastrodon|94\/100|[from] item: Leftovers\n|upkeep\n|turn|10\n|inactive|Detrimentalkev has 120 seconds left.\n|-message|Detrimentalkev forfeited.\n|\n|win|uhdfhadfdaf\n|raw|Detrimentalkev's rating: 1304 &rarr; <strong>1275<\/strong><br \/>(-29 for losing)\n|raw|uhdfhadfdaf's rating: 1129 &rarr; <strong>1166<\/strong><br \/>(+37 for winning)\n|l|\u2606Detrimentalkev\n","uploadtime":1698788025,"views":17,"p1id":"detrimentalkev","p2id":"uhdfhadfdaf","formatid":"gen9doublesou","rating":1166,"private":0,"password":""}