{"id":"gen9doublesou-1981441215","p1":"cotesmcgotes","p2":"ramenwastake2","format":"[Gen 9] Doubles OU","log":"|j|\u2606cotesmcgotes\n|j|\u2606ramenwastake2\n|t:|1698896400\n|gametype|doubles\n|player|p1|cotesmcgotes|flannery|1202\n|player|p2|ramenwastake2|266|1088\n|teamsize|p1|6\n|teamsize|p2|6\n|gen|9\n|tier|[Gen 9] Doubles OU\n|rated|\n|rule|Species Clause: Limit one of each Pok\u00e9mon\n|rule|OHKO Clause: OHKO moves are banned\n|rule|Evasion Moves Clause: Evasion moves are banned\n|rule|Gravity Sleep Clause: The combination of sleep-inducing moves with imperfect accuracy and Gravity or Gigantamax Orbeetle are banned\n|rule|Endless Battle Clause: Forcing endless battles is banned\n|rule|HP Percentage Mod: HP is shown in percentages\n|clearpoke\n|poke|p1|Inteleon, M|\n|poke|p1|Dragonite, F|\n|poke|p1|Goodra-Hisui, F|\n|poke|p1|Raichu, M|\n|poke|p1|Ursaluna, M|\n|poke|p1|Armarouge, M|\n|poke|p2|Torterra, F|\n|poke|p2|Clefable, F|\n|poke|p2|Heatran, M|\n|poke|p2|Tornadus-Therian, M|\n|poke|p2|Landorus-Therian, M|\n|poke|p2|Gholdengo|\n|teampreview\n|j| paladinprime1\n|inactive|Battle timer is ON: inactive players will automatically lose when time's up. (requested by cotesmcgotes)\n|\n|t:|1698896408\n|start\n|switch|p1a: Inteleon|Inteleon, M|100\/100\n|switch|p1b: Dragonite|Dragonite, F|100\/100\n|switch|p2a: Torterra|Torterra, F|100\/100\n|switch|p2b: Clefable|Clefable, F|100\/100\n|turn|1\n|\n|t:|1698896419\n|move|p2b: Clefable|Follow Me|p2b: Clefable\n|-singleturn|p2b: Clefable|move: Follow Me\n|move|p1a: Inteleon|Ice Beam|p2b: Clefable\n|-damage|p2b: Clefable|71\/100\n|-status|p2b: Clefable|frz\n|move|p1b: Dragonite|Dragon Dance|p1b: Dragonite\n|-boost|p1b: Dragonite|atk|1\n|-boost|p1b: Dragonite|spe|1\n|move|p2a: Torterra|Shell Smash|p2a: Torterra\n|-unboost|p2a: Torterra|def|1\n|-unboost|p2a: Torterra|spd|1\n|-boost|p2a: Torterra|atk|2\n|-boost|p2a: Torterra|spa|2\n|-boost|p2a: Torterra|spe|2\n|-enditem|p2a: Torterra|White Herb\n|-clearnegativeboost|p2a: Torterra|[silent]\n|\n|-heal|p2b: Clefable|77\/100 frz|[from] item: Leftovers\n|upkeep\n|turn|2\n|\n|t:|1698896437\n|move|p2a: Torterra|Bullet Seed|p1a: Inteleon\n|-supereffective|p1a: Inteleon\n|-damage|p1a: Inteleon|8\/100\n|-supereffective|p1a: Inteleon\n|-damage|p1a: Inteleon|0 fnt\n|faint|p1a: Inteleon\n|-hitcount|p1: Inteleon|2\n|cant|p2b: Clefable|frz\n|move|p1b: Dragonite|Dragon Tail|p2a: Torterra\n|-damage|p2a: Torterra|48\/100\n|drag|p2a: Tornadus|Tornadus-Therian, M|100\/100\n|\n|-heal|p2b: Clefable|83\/100 frz|[from] item: Leftovers\n|upkeep\n|\n|t:|1698896455\n|switch|p1a: Raichu|Raichu, M|100\/100\n|turn|3\n|\n|t:|1698896474\n|switch|p2b: Landorus|Landorus-Therian, M|100\/100\n|-ability|p2b: Landorus|Intimidate|boost\n|-unboost|p1a: Raichu|atk|1\n|-unboost|p1b: Dragonite|atk|1\n|move|p1a: Raichu|Fake Out|p2a: Tornadus\n|-damage|p2a: Tornadus|93\/100\n|cant|p2a: Tornadus|flinch\n|move|p1b: Dragonite|Dragon Tail|p2a: Tornadus\n|-damage|p2a: Tornadus|47\/100\n|drag|p2a: Heatran|Heatran, M|100\/100\n|\n|upkeep\n|turn|4\n|inactive|ramenwastake2 has 120 seconds left.\n|\n|t:|1698896510\n|switch|p1a: Ursaluna|Ursaluna, M|100\/100\n|move|p1b: Dragonite|Dragon Dance|p1b: Dragonite\n|-boost|p1b: Dragonite|atk|1\n|-boost|p1b: Dragonite|spe|1\n|move|p2a: Heatran|Earth Power|p1a: Ursaluna\n|-damage|p1a: Ursaluna|71\/100\n|move|p2b: Landorus|Grass Knot|p1a: Ursaluna\n|-supereffective|p1a: Ursaluna\n|-damage|p1a: Ursaluna|25\/100\n|\n|-status|p1a: Ursaluna|brn|[from] item: Flame Orb\n|upkeep\n|turn|5\n|\n|t:|1698896534\n|move|p2a: Heatran|Magma Storm|p1b: Dragonite\n|-resisted|p1b: Dragonite\n|-damage|p1b: Dragonite|87\/100\n|-activate|p1b: Dragonite|move: Magma Storm|[of] p2a: Heatran\n|move|p2b: Landorus|Grass Knot|p1a: Ursaluna\n|-supereffective|p1a: Ursaluna\n|-damage|p1a: Ursaluna|0 fnt\n|faint|p1a: Ursaluna\n|move|p1b: Dragonite|Dragon Tail|p2b: Landorus\n|-damage|p2b: Landorus|66\/100\n|-damage|p1b: Dragonite|70\/100|[from] item: Rocky Helmet|[of] p2b: Landorus\n|drag|p2b: Clefable|Clefable, F|83\/100 frz\n|\n|-heal|p2b: Clefable|89\/100 frz|[from] item: Leftovers\n|-damage|p1b: Dragonite|58\/100|[from] move: Magma Storm|[partiallytrapped]\n|upkeep\n|\n|t:|1698896547\n|switch|p1a: Goodra|Goodra-Hisui, F|100\/100\n|turn|6\n|l| paladinprime1\n|\n|t:|1698896565\n|switch|p2b: Tornadus|Tornadus-Therian, M|80\/100\n|-terastallize|p1a: Goodra|Fighting\n|move|p1b: Dragonite|Aqua Tail|p2a: Heatran\n|-supereffective|p2a: Heatran\n|-damage|p2a: Heatran|0 fnt\n|faint|p2a: Heatran\n|move|p1a: Goodra|Acid Armor|p1a: Goodra\n|-boost|p1a: Goodra|def|2\n|\n|-end|p1b: Dragonite|Magma Storm|[partiallytrapped]|[silent]\n|upkeep\n|\n|t:|1698896573\n|switch|p2a: Torterra|Torterra, F|48\/100\n|turn|7\n|-message|ramenwastake2 forfeited.\n|\n|win|cotesmcgotes\n|raw|cotesmcgotes's rating: 1202 &rarr; <strong>1219<\/strong><br \/>(+17 for winning)\n|raw|ramenwastake2's rating: 1088 &rarr; <strong>1072<\/strong><br \/>(-16 for losing)\n|l|\u2606ramenwastake2\n","uploadtime":1698896591,"views":19,"p1id":"cotesmcgotes","p2id":"ramenwastake2","formatid":"gen9doublesou","rating":1072,"private":0,"password":""}