{"id":"gen9doublesou-1982610261","p1":"Madam Fairy","p2":"Zacozolt","format":"[Gen 9] Doubles OU","log":"|j|\u2606Madam Fairy\n|j|\u2606Zacozolt\n|t:|1699029594\n|gametype|doubles\n|player|p1|Madam Fairy|caitlin|1000\n|player|p2|Zacozolt|fisherman-gen4|1119\n|teamsize|p1|6\n|teamsize|p2|6\n|gen|9\n|tier|[Gen 9] Doubles OU\n|rated|\n|rule|Species Clause: Limit one of each Pok\u00e9mon\n|rule|OHKO Clause: OHKO moves are banned\n|rule|Evasion Moves Clause: Evasion moves are banned\n|rule|Gravity Sleep Clause: The combination of sleep-inducing moves with imperfect accuracy and Gravity or Gigantamax Orbeetle are banned\n|rule|Endless Battle Clause: Forcing endless battles is banned\n|rule|HP Percentage Mod: HP is shown in percentages\n|clearpoke\n|poke|p1|Sylveon, F|\n|poke|p1|Milotic, F|\n|poke|p1|Clefable, F|\n|poke|p1|Espeon, M|\n|poke|p1|Mew|\n|poke|p1|Indeedee-F, F|\n|poke|p2|Torterra, M|\n|poke|p2|Murkrow, M|\n|poke|p2|Clefable, F|\n|poke|p2|Espathra, F|\n|poke|p2|Manaphy|\n|poke|p2|Bisharp, M|\n|teampreview\n|\n|t:|1699029603\n|start\n|switch|p1a: Indeedee|Indeedee-F, F|100\/100\n|switch|p1b: Espeon|Espeon, M|100\/100\n|switch|p2a: Espathra|Espathra, F|100\/100\n|switch|p2b: Bisharp|Bisharp, M, shiny|100\/100\n|-fieldstart|move: Psychic Terrain|[from] ability: Psychic Surge|[of] p1a: Indeedee\n|-enditem|p1b: Espeon|Psychic Seed\n|-boost|p1b: Espeon|spd|1|[from] item: Psychic Seed\n|turn|1\n|\n|t:|1699029634\n|move|p2a: Espathra|Skill Swap|p2b: Bisharp\n|-activate|p2a: Espathra|move: Skill Swap|||[of] p2b: Bisharp\n|move|p1b: Espeon|Psychic|p2b: Bisharp\n|-immune|p2b: Bisharp\n|move|p1a: Indeedee|Light Screen|p1a: Indeedee\n|-sidestart|p1: Madam Fairy|move: Light Screen\n|move|p2b: Bisharp|Swords Dance|p2b: Bisharp\n|-boost|p2b: Bisharp|atk|2\n|\n|-ability|p2b: Bisharp|Speed Boost|boost\n|-boost|p2b: Bisharp|spe|1\n|upkeep\n|turn|2\n|\n|t:|1699029657\n|move|p2a: Espathra|Dazzling Gleam|p1a: Indeedee|[spread] p1a,p1b\n|-damage|p1a: Indeedee|91\/100\n|-damage|p1b: Espeon|95\/100\n|move|p1b: Espeon|Confuse Ray|p2a: Espathra\n|-start|p2a: Espathra|confusion\n|move|p2b: Bisharp|Swords Dance|p2b: Bisharp\n|-boost|p2b: Bisharp|atk|2\n|move|p1a: Indeedee|Draining Kiss|p2b: Bisharp\n|-damage|p2b: Bisharp|89\/100\n|-heal|p1a: Indeedee|100\/100|[from] drain|[of] p2b: Bisharp\n|\n|-ability|p2b: Bisharp|Speed Boost|boost\n|-boost|p2b: Bisharp|spe|1\n|upkeep\n|turn|3\n|\n|t:|1699029690\n|switch|p2a: Clefable|Clefable, F|100\/100\n|switch|p1a: Clefable|Clefable, F, shiny|100\/100\n|move|p2b: Bisharp|Iron Head|p1a: Clefable\n|-supereffective|p1a: Clefable\n|-damage|p1a: Clefable|0 fnt\n|faint|p1a: Clefable\n|move|p1b: Espeon|Confuse Ray|p2b: Bisharp\n|-start|p2b: Bisharp|confusion\n|\n|-ability|p2b: Bisharp|Speed Boost|boost\n|-boost|p2b: Bisharp|spe|1\n|upkeep\n|\n|t:|1699029709\n|switch|p1a: Mew|Mew, shiny|100\/100\n|turn|4\n|\n|t:|1699029720\n|move|p1a: Mew|Helping Hand|p1b: Espeon\n|-singleturn|p1b: Espeon|Helping Hand|[of] p1a: Mew\n|-activate|p2b: Bisharp|confusion\n|move|p2b: Bisharp|Iron Head|p1b: Espeon\n|-damage|p1b: Espeon|0 fnt\n|faint|p1b: Espeon\n|move|p2a: Clefable|Light Screen|p2a: Clefable\n|-sidestart|p2: Zacozolt|move: Light Screen\n|\n|-ability|p2b: Bisharp|Speed Boost|boost\n|-boost|p2b: Bisharp|spe|1\n|upkeep\n|\n|t:|1699029735\n|switch|p1b: Milotic|Milotic, F, shiny|100\/100\n|turn|5\n|\n|t:|1699029752\n|move|p1a: Mew|Helping Hand|p1b: Milotic\n|-singleturn|p1b: Milotic|Helping Hand|[of] p1a: Mew\n|-activate|p2b: Bisharp|confusion\n|move|p2b: Bisharp|Iron Head|p1a: Mew\n|-damage|p1a: Mew|0 fnt\n|faint|p1a: Mew\n|move|p1b: Milotic|Rain Dance|p1b: Milotic\n|-weather|RainDance\n|move|p2a: Clefable|Reflect|p2a: Clefable\n|-sidestart|p2: Zacozolt|Reflect\n|\n|-weather|RainDance|[upkeep]\n|-sideend|p1: Madam Fairy|move: Light Screen\n|-fieldend|move: Psychic Terrain\n|-ability|p2b: Bisharp|Speed Boost|boost\n|-boost|p2b: Bisharp|spe|1\n|upkeep\n|\n|t:|1699029767\n|switch|p1a: Sylveon|Sylveon, F, shiny|100\/100\n|turn|6\n|\n|t:|1699029782\n|-end|p2b: Bisharp|confusion\n|move|p2b: Bisharp|Poison Jab|p1a: Sylveon\n|-supereffective|p1a: Sylveon\n|-damage|p1a: Sylveon|0 fnt\n|faint|p1a: Sylveon\n|move|p1b: Milotic|Aqua Tail|p2b: Bisharp|[miss]\n|-miss|p1b: Milotic|p2b: Bisharp\n|move|p2a: Clefable|Dazzling Gleam|p1b: Milotic\n|-damage|p1b: Milotic|79\/100\n|\n|-weather|RainDance|[upkeep]\n|-ability|p2b: Bisharp|Speed Boost|boost\n|-boost|p2b: Bisharp|spe|1\n|upkeep\n|\n|t:|1699029798\n|switch|p1a: Indeedee|Indeedee-F, F|100\/100\n|-fieldstart|move: Psychic Terrain|[from] ability: Psychic Surge|[of] p1a: Indeedee\n|turn|7\n|\n|t:|1699029811\n|move|p2b: Bisharp|Iron Head|p1a: Indeedee\n|-damage|p1a: Indeedee|0 fnt\n|faint|p1a: Indeedee\n|move|p1b: Milotic|Aqua Tail|p2a: Clefable|[miss]\n|-miss|p1b: Milotic|p2a: Clefable\n|move|p2a: Clefable|Dazzling Gleam|p1b: Milotic\n|-damage|p1b: Milotic|55\/100\n|\n|-weather|RainDance|[upkeep]\n|upkeep\n|turn|8\n|\n|t:|1699029825\n|move|p2b: Bisharp|Iron Head|p1b: Milotic\n|-resisted|p1b: Milotic\n|-damage|p1b: Milotic|0 fnt\n|faint|p1b: Milotic\n|\n|win|Zacozolt\n|raw|Madam Fairy's rating: 1000 &rarr; <strong>1000<\/strong><br \/>(+0 for losing)\n|raw|Zacozolt's rating: 1119 &rarr; <strong>1136<\/strong><br \/>(+17 for winning)\n|c|\u2606Zacozolt|gg\n|l|\u2606Madam Fairy\n","uploadtime":1699029834,"views":12,"p1id":"madamfairy","p2id":"zacozolt","formatid":"gen9doublesou","rating":1000,"private":0,"password":""}