{"id":"gen9doublesou-1979025022","p1":"Tacolover420","p2":"EkCantDrawLol","format":"[Gen 9] Doubles OU","log":"|j|\u2606Tacolover420\n|j|\u2606EkCantDrawLol\n|t:|1698622620\n|gametype|doubles\n|player|p1|Tacolover420|pokemonranger|1418\n|player|p2|EkCantDrawLol|skierf|1474\n|teamsize|p1|6\n|teamsize|p2|6\n|gen|9\n|tier|[Gen 9] Doubles OU\n|rated|\n|rule|Species Clause: Limit one of each Pok\u00e9mon\n|rule|OHKO Clause: OHKO moves are banned\n|rule|Evasion Moves Clause: Evasion moves are banned\n|rule|Gravity Sleep Clause: The combination of sleep-inducing moves with imperfect accuracy and Gravity or Gigantamax Orbeetle are banned\n|rule|Endless Battle Clause: Forcing endless battles is banned\n|rule|HP Percentage Mod: HP is shown in percentages\n|clearpoke\n|poke|p1|Chien-Pao|\n|poke|p1|Ogerpon-Hearthflame, F|\n|poke|p1|Dragonite, M|\n|poke|p1|Maushold|\n|poke|p1|Flutter Mane|\n|poke|p1|Tornadus, M|\n|poke|p2|Ogerpon-Hearthflame, F|\n|poke|p2|Kingambit, F|\n|poke|p2|Tornadus, M|\n|poke|p2|Flutter Mane|\n|poke|p2|Basculegion-F, F|\n|poke|p2|Landorus-Therian, M|\n|teampreview\n|inactive|Battle timer is ON: inactive players will automatically lose when time's up. (requested by Tacolover420)\n|\n|t:|1698622643\n|start\n|switch|p1a: Tiger|Chien-Pao|100\/100\n|switch|p1b: Hammer|Ogerpon-Hearthflame, F|100\/100\n|switch|p2a: Landorus|Landorus-Therian, M, shiny|100\/100\n|switch|p2b: Flutter Mane|Flutter Mane, shiny|100\/100\n|-ability|p2a: Landorus|Intimidate|boost\n|-unboost|p1a: Tiger|atk|1\n|-unboost|p1b: Hammer|atk|1\n|-ability|p1a: Tiger|Sword of Ruin\n|-ability|p1b: Hammer|Mold Breaker\n|-enditem|p2b: Flutter Mane|Booster Energy\n|-activate|p2b: Flutter Mane|ability: Protosynthesis|[fromitem]\n|-start|p2b: Flutter Mane|protosynthesisspe\n|turn|1\n|\n|t:|1698622664\n|switch|p1b: Barney|Dragonite, M, shiny|100\/100\n|move|p2b: Flutter Mane|Icy Wind|p1b: Barney|[spread] p1a,p1b\n|-resisted|p1a: Tiger\n|-supereffective|p1b: Barney\n|-damage|p1a: Tiger|88\/100\n|-damage|p1b: Barney|42\/100\n|-unboost|p1a: Tiger|spe|1\n|-unboost|p1b: Barney|spe|1\n|move|p2a: Landorus|U-turn|p1a: Tiger\n|-supereffective|p1a: Tiger\n|-damage|p1a: Tiger|16\/100\n|\n|t:|1698622676\n|switch|p2a: Kingambit|Kingambit, F|100\/100|[from] U-turn\n|move|p1a: Tiger|Ice Spinner|p2a: Kingambit\n|-resisted|p2a: Kingambit\n|-damage|p2a: Kingambit|89\/100\n|\n|upkeep\n|turn|2\n|\n|t:|1698622694\n|switch|p1a: Hammer|Ogerpon-Hearthflame, F|100\/100\n|-ability|p1a: Hammer|Mold Breaker\n|switch|p1b: Hulk|Tornadus, M|100\/100\n|move|p2a: Kingambit|Sucker Punch||[still]\n|-fail|p2a: Kingambit\n|move|p2b: Flutter Mane|Moonblast|p1b: Hulk\n|-damage|p1b: Hulk|61\/100\n|\n|upkeep\n|turn|3\n|\n|t:|1698622715\n|-terastallize|p2a: Kingambit|Dark\n|move|p1b: Hulk|Tailwind|p1b: Hulk\n|-sidestart|p1: Tacolover420|move: Tailwind\n|move|p1a: Hammer|Ivy Cudgel|p2b: Flutter Mane\n|-damage|p2b: Flutter Mane|0 fnt\n|faint|p2b: Flutter Mane\n|-end|p2b: Flutter Mane|Protosynthesis|[silent]\n|move|p2a: Kingambit|Kowtow Cleave|p1a: Hammer\n|-damage|p1a: Hammer|15\/100\n|\n|upkeep\n|\n|t:|1698622725\n|switch|p2b: Landorus|Landorus-Therian, M, shiny|100\/100\n|-ability|p2b: Landorus|Intimidate|boost\n|-unboost|p1a: Hammer|atk|1\n|-unboost|p1b: Hulk|atk|1\n|turn|4\n|\n|t:|1698622739\n|switch|p1a: Barney|Dragonite, M, shiny|42\/100\n|move|p2a: Kingambit|Sucker Punch|p1b: Hulk\n|-damage|p1b: Hulk|0 fnt\n|faint|p1b: Hulk\n|move|p2b: Landorus|U-turn|p1a: Barney\n|-resisted|p1a: Barney\n|-damage|p1a: Barney|27\/100\n|\n|t:|1698622755\n|switch|p2b: Tornadus|Tornadus, M, shiny|100\/100|[from] U-turn\n|\n|upkeep\n|\n|t:|1698622765\n|switch|p1b: Raggy|Flutter Mane|100\/100\n|turn|5\n|\n|t:|1698622778\n|-terastallize|p1b: Raggy|Fairy\n|move|p2a: Kingambit|Protect|p2a: Kingambit\n|-singleturn|p2a: Kingambit|Protect\n|move|p1b: Raggy|Dazzling Gleam|p2b: Tornadus|[spread] p2b\n|-activate|p2a: Kingambit|move: Protect\n|-damage|p2b: Tornadus|8\/100\n|move|p1a: Barney|Ice Spinner|p2b: Tornadus\n|-supereffective|p2b: Tornadus\n|-damage|p2b: Tornadus|0 fnt\n|faint|p2b: Tornadus\n|\n|upkeep\n|\n|t:|1698622803\n|switch|p2b: Basculegion|Basculegion-F, F, shiny|100\/100\n|turn|6\n|\n|t:|1698622813\n|switch|p1a: Hammer|Ogerpon-Hearthflame, F|15\/100\n|-ability|p1a: Hammer|Mold Breaker\n|switch|p2a: Ogerpon|Ogerpon-Hearthflame, F|100\/100\n|-ability|p2a: Ogerpon|Mold Breaker\n|move|p1b: Raggy|Dazzling Gleam|p2b: Basculegion|[spread] p2a,p2b\n|-resisted|p2a: Ogerpon\n|-damage|p2a: Ogerpon|61\/100\n|-damage|p2b: Basculegion|22\/100\n|move|p2b: Basculegion|Last Respects|p1a: Hammer\n|-damage|p1a: Hammer|0 fnt\n|faint|p1a: Hammer\n|\n|-sideend|p1: Tacolover420|move: Tailwind\n|upkeep\n|\n|t:|1698622832\n|switch|p1a: Mouse|Maushold|100\/100\n|turn|7\n|\n|t:|1698622854\n|move|p2b: Basculegion|Protect|p2b: Basculegion\n|-singleturn|p2b: Basculegion|Protect\n|move|p1a: Mouse|Follow Me|p1a: Mouse\n|-singleturn|p1a: Mouse|move: Follow Me\n|move|p1b: Raggy|Dazzling Gleam|p2b: Basculegion|[spread] p2a\n|-activate|p2b: Basculegion|move: Protect\n|-resisted|p2a: Ogerpon\n|-damage|p2a: Ogerpon|24\/100\n|move|p2a: Ogerpon|Ivy Cudgel|p1a: Mouse\n|-damage|p1a: Mouse|14\/100\n|\n|upkeep\n|turn|8\n|\n|t:|1698622874\n|move|p1a: Mouse|Follow Me|p1a: Mouse\n|-singleturn|p1a: Mouse|move: Follow Me\n|move|p1b: Raggy|Dazzling Gleam|p2b: Basculegion|[spread] p2a,p2b\n|-resisted|p2a: Ogerpon\n|-damage|p2a: Ogerpon|0 fnt\n|-damage|p2b: Basculegion|0 fnt\n|faint|p2a: Ogerpon\n|faint|p2b: Basculegion\n|\n|upkeep\n|\n|t:|1698622881\n|switch|p2a: Landorus|Landorus-Therian, M, shiny|100\/100\n|switch|p2b: Kingambit|Kingambit, F, tera:Dark|89\/100\n|-ability|p2a: Landorus|Intimidate|boost\n|-unboost|p1a: Mouse|atk|1\n|-unboost|p1b: Raggy|atk|1\n|turn|9\n|\n|t:|1698622891\n|move|p2b: Kingambit|Protect|p2b: Kingambit\n|-singleturn|p2b: Kingambit|Protect\n|move|p2a: Landorus|Rock Slide|p1a: Mouse|[spread] p1a,p1b\n|-damage|p1a: Mouse|0 fnt\n|-damage|p1b: Raggy|53\/100\n|faint|p1a: Mouse\n|cant|p1b: Raggy|flinch\n|\n|upkeep\n|\n|t:|1698622903\n|switch|p1a: Barney|Dragonite, M, shiny|27\/100\n|turn|10\n|c|\u2606Tacolover420|lucky flinch\n|\n|t:|1698622925\n|move|p1a: Barney|Extreme Speed|p2a: Landorus\n|-damage|p2a: Landorus|48\/100\n|move|p2b: Kingambit|Sucker Punch|p1b: Raggy\n|-resisted|p1b: Raggy\n|-damage|p1b: Raggy|0 fnt\n|faint|p1b: Raggy\n|-end|p1b: Raggy|Protosynthesis|[silent]\n|move|p2a: Landorus|Rock Slide|p1a: Barney\n|-supereffective|p1a: Barney\n|-damage|p1a: Barney|0 fnt\n|faint|p1a: Barney\n|\n|upkeep\n|\n|t:|1698622934\n|switch|p1a: Tiger|Chien-Pao|16\/100\n|-ability|p1a: Tiger|Sword of Ruin\n|turn|11\n|c|\u2606EkCantDrawLol|Yeh\n|c|\u2606EkCantDrawLol|ggs tho, you played well\n|c|\u2606Tacolover420|gg\n|\n|t:|1698622949\n|move|p2b: Kingambit|Sucker Punch|p1a: Tiger\n|-resisted|p1a: Tiger\n|-damage|p1a: Tiger|0 fnt\n|faint|p1a: Tiger\n|\n|win|EkCantDrawLol\n|raw|Tacolover420's rating: 1418 &rarr; <strong>1401<\/strong><br \/>(-17 for losing)\n|raw|EkCantDrawLol's rating: 1474 &rarr; <strong>1491<\/strong><br \/>(+17 for winning)\n","uploadtime":1698622956,"views":14,"p1id":"tacolover420","p2id":"ekcantdrawlol","formatid":"gen9doublesou","rating":1401,"private":0,"password":""}