{"id":"gen9doublesou-1968916548","p1":"phoeniiix","p2":"Caminator279","format":"[Gen 9] Doubles OU","log":"|j|\u2606phoeniiix\n|j|\u2606Caminator279\n|t:|1697475225\n|gametype|doubles\n|player|p1|phoeniiix|will|1000\n|player|p2|Caminator279|169|1028\n|teamsize|p1|6\n|teamsize|p2|6\n|gen|9\n|tier|[Gen 9] Doubles OU\n|rated|\n|rule|Species Clause: Limit one of each Pok\u00e9mon\n|rule|OHKO Clause: OHKO moves are banned\n|rule|Evasion Moves Clause: Evasion moves are banned\n|rule|Gravity Sleep Clause: The combination of sleep-inducing moves with imperfect accuracy and Gravity or Gigantamax Orbeetle are banned\n|rule|Endless Battle Clause: Forcing endless battles is banned\n|rule|HP Percentage Mod: HP is shown in percentages\n|clearpoke\n|poke|p1|Clefable, F|\n|poke|p1|Gliscor, F|\n|poke|p1|Glimmora, M|\n|poke|p1|Tinkaton, F|\n|poke|p1|Snorlax, M|\n|poke|p1|Slowbro, F|\n|poke|p2|Roaring Moon|\n|poke|p2|Sandaconda, M|\n|poke|p2|Pelipper, M|\n|poke|p2|Armarouge, F|\n|poke|p2|Okidogi, M|\n|poke|p2|Diancie|\n|teampreview\n|\n|t:|1697475235\n|start\n|switch|p1a: Glimmora|Glimmora, M|100\/100\n|switch|p1b: Tinkaton|Tinkaton, F|100\/100\n|switch|p2a: Roaring Moon|Roaring Moon|100\/100\n|switch|p2b: Armarouge|Armarouge, F|100\/100\n|-ability|p1b: Tinkaton|Mold Breaker\n|turn|1\n|\n|t:|1697475253\n|-terastallize|p1b: Tinkaton|Fairy\n|move|p1b: Tinkaton|Play Rough|p2a: Roaring Moon\n|-supereffective|p2a: Roaring Moon\n|-damage|p2a: Roaring Moon|0 fnt\n|faint|p2a: Roaring Moon\n|-end|p2a: Roaring Moon|Protosynthesis|[silent]\n|-damage|p1b: Tinkaton|91\/100|[from] item: Life Orb\n|move|p1a: Glimmora|Light Screen|p1a: Glimmora\n|-sidestart|p1: phoeniiix|move: Light Screen\n|move|p2b: Armarouge|Armor Cannon|p1b: Tinkaton\n|-damage|p1b: Tinkaton|49\/100\n|-unboost|p2b: Armarouge|def|1\n|-unboost|p2b: Armarouge|spd|1\n|\n|upkeep\n|\n|t:|1697475269\n|switch|p2a: Sandaconda|Sandaconda, M|100\/100\n|turn|2\n|\n|t:|1697475286\n|move|p1b: Tinkaton|Foul Play|p2b: Armarouge\n|-supereffective|p2b: Armarouge\n|-damage|p2b: Armarouge|60\/100\n|-damage|p1b: Tinkaton|39\/100|[from] item: Life Orb\n|move|p1a: Glimmora|Reflect|p1a: Glimmora\n|-sidestart|p1: phoeniiix|Reflect\n|move|p2b: Armarouge|Aura Sphere|p1a: Glimmora\n|-damage|p1a: Glimmora|83\/100\n|move|p2a: Sandaconda|Fire Fang|p1b: Tinkaton\n|-damage|p1b: Tinkaton|25\/100\n|\n|upkeep\n|turn|3\n|\n|t:|1697475309\n|move|p1b: Tinkaton|Gigaton Hammer|p2a: Sandaconda\n|-damage|p2a: Sandaconda|19\/100\n|-damage|p1b: Tinkaton|15\/100|[from] item: Life Orb\n|move|p1a: Glimmora|Stealth Rock|p2b: Armarouge\n|-sidestart|p2: Caminator279|move: Stealth Rock\n|move|p2b: Armarouge|Disable|p1a: Glimmora\n|-start|p1a: Glimmora|Disable|Stealth Rock\n|move|p2a: Sandaconda|Fire Fang|p1b: Tinkaton\n|-damage|p1b: Tinkaton|0 fnt\n|faint|p1b: Tinkaton\n|\n|upkeep\n|\n|t:|1697475319\n|switch|p1b: Clefable|Clefable, F|100\/100\n|turn|4\n|\n|t:|1697475338\n|move|p1b: Clefable|Calm Mind|p1b: Clefable\n|-boost|p1b: Clefable|spa|1\n|-boost|p1b: Clefable|spd|1\n|move|p1a: Glimmora|Sludge Wave|p2b: Armarouge|[spread] p1b,p2a,p2b\n|-supereffective|p1b: Clefable\n|-resisted|p2a: Sandaconda\n|-damage|p1b: Clefable|70\/100\n|-damage|p2a: Sandaconda|0 fnt\n|-damage|p2b: Armarouge|16\/100\n|-status|p1b: Clefable|psn\n|faint|p2a: Sandaconda\n|move|p2b: Armarouge|Armor Cannon|p1b: Clefable\n|-damage|p1b: Clefable|41\/100 psn\n|-unboost|p2b: Armarouge|def|1\n|-unboost|p2b: Armarouge|spd|1\n|\n|-damage|p1b: Clefable|29\/100 psn|[from] psn\n|upkeep\n|\n|t:|1697475358\n|switch|p2a: Okidogi|Okidogi, M|100\/100\n|-damage|p2a: Okidogi|95\/100|[from] Stealth Rock\n|turn|5\n|\n|t:|1697475379\n|switch|p1a: Gliscor|Gliscor, F|100\/100\n|move|p1b: Clefable|Moonblast|p2a: Okidogi\n|-damage|p2a: Okidogi|18\/100\n|-unboost|p2a: Okidogi|spa|1\n|move|p2a: Okidogi|Poison Jab|p1b: Clefable\n|-supereffective|p1b: Clefable\n|-damage|p1b: Clefable|0 fnt\n|faint|p1b: Clefable\n|move|p2b: Armarouge|Aura Sphere|p1a: Gliscor\n|-resisted|p1a: Gliscor\n|-damage|p1a: Gliscor|89\/100\n|\n|-sideend|p1: phoeniiix|move: Light Screen\n|-status|p1a: Gliscor|tox|[from] item: Toxic Orb\n|upkeep\n|\n|t:|1697475389\n|switch|p1b: Slowbro|Slowbro, F|100\/100\n|turn|6\n|\n|t:|1697475411\n|move|p1a: Gliscor|Earthquake|p2b: Armarouge|[spread] p1b,p2a,p2b\n|-supereffective|p2a: Okidogi\n|-supereffective|p2b: Armarouge\n|-damage|p1b: Slowbro|81\/100\n|-damage|p2a: Okidogi|0 fnt\n|-damage|p2b: Armarouge|0 fnt\n|faint|p2a: Okidogi\n|faint|p2b: Armarouge\n|move|p1b: Slowbro|Nasty Plot|p1b: Slowbro\n|-boost|p1b: Slowbro|spa|2\n|\n|-heal|p1b: Slowbro|87\/100|[from] item: Leftovers\n|-heal|p1a: Gliscor|100\/100 tox|[from] ability: Poison Heal\n|-sideend|p1: phoeniiix|Reflect\n|upkeep\n|\n|t:|1697475426\n|switch|p2a: Pelipper|Pelipper, M|100\/100\n|switch|p2b: Diancie|Diancie|100\/100\n|-damage|p2a: Pelipper|76\/100|[from] Stealth Rock\n|-weather|RainDance|[from] ability: Drizzle|[of] p2a: Pelipper\n|-damage|p2b: Diancie|88\/100|[from] Stealth Rock\n|turn|7\n|\n|t:|1697475443\n|move|p1a: Gliscor|Earthquake|p2a: Pelipper|[spread] p1b,p2b\n|-immune|p2a: Pelipper\n|-supereffective|p2b: Diancie\n|-damage|p1b: Slowbro|60\/100\n|-damage|p2b: Diancie|37\/100\n|move|p2a: Pelipper|Blizzard|p1b: Slowbro|[spread] p1a,p1b\n|-supereffective|p1a: Gliscor\n|-resisted|p1b: Slowbro\n|-damage|p1a: Gliscor|0 fnt\n|-damage|p1b: Slowbro|50\/100\n|faint|p1a: Gliscor\n|move|p2b: Diancie|Iron Defense|p2b: Diancie\n|-boost|p2b: Diancie|def|2\n|move|p1b: Slowbro|Psychic|p2a: Pelipper\n|-damage|p2a: Pelipper|0 fnt\n|faint|p2a: Pelipper\n|\n|-weather|RainDance|[upkeep]\n|-heal|p1b: Slowbro|56\/100|[from] item: Leftovers\n|upkeep\n|\n|t:|1697475460\n|switch|p1a: Snorlax|Snorlax, M|100\/100\n|turn|8\n|\n|t:|1697475479\n|move|p2b: Diancie|Earth Power|p1a: Snorlax\n|-damage|p1a: Snorlax|84\/100\n|move|p1b: Slowbro|Scald|p2b: Diancie\n|-supereffective|p2b: Diancie\n|-damage|p2b: Diancie|0 fnt\n|faint|p2b: Diancie\n|\n|win|phoeniiix\n|raw|phoeniiix's rating: 1000 &rarr; <strong>1043<\/strong><br \/>(+43 for winning)\n|raw|Caminator279's rating: 1028 &rarr; <strong>1013<\/strong><br \/>(-15 for losing)\n|l|\u2606Caminator279\n","uploadtime":1697475494,"views":21,"p1id":"phoeniiix","p2id":"caminator279","formatid":"gen9doublesou","rating":1013,"private":0,"password":""}