{"id":"gen9doublesou-1990796014","p1":"Shubadude09","p2":"Mbckycyo","format":"[Gen 9] Doubles OU","log":"|j|\u2606Shubadude09\n|j|\u2606Mbckycyo\n|t:|1700001680\n|gametype|doubles\n|player|p1|Shubadude09|caitlin|1101\n|player|p2|Mbckycyo|265|1054\n|teamsize|p1|6\n|teamsize|p2|6\n|gen|9\n|tier|[Gen 9] Doubles OU\n|rated|\n|rule|Species Clause: Limit one of each Pok\u00e9mon\n|rule|OHKO Clause: OHKO moves are banned\n|rule|Evasion Moves Clause: Evasion moves are banned\n|rule|Gravity Sleep Clause: The combination of sleep-inducing moves with imperfect accuracy and Gravity or Gigantamax Orbeetle are banned\n|rule|Endless Battle Clause: Forcing endless battles is banned\n|rule|HP Percentage Mod: HP is shown in percentages\n|clearpoke\n|poke|p1|Spidops, F|\n|poke|p1|Amoonguss, F|\n|poke|p1|Basculegion-F, F|\n|poke|p1|Pelipper, F|\n|poke|p1|Sinistcha-Masterpiece|\n|poke|p1|Garchomp, M|\n|poke|p2|Blissey, F|\n|poke|p2|Sneasler, F|\n|poke|p2|Amoonguss, F|\n|poke|p2|Indeedee-F, F|\n|poke|p2|Farigiraf, F|\n|poke|p2|Mew|\n|teampreview\n|\n|t:|1700001722\n|start\n|switch|p1a: Spidops|Spidops, F|100\/100\n|switch|p1b: Pelipper|Pelipper, F|100\/100\n|switch|p2a: Blissey|Blissey, F|100\/100\n|switch|p2b: Sneasler|Sneasler, F|100\/100\n|-weather|RainDance|[from] ability: Drizzle|[of] p1b: Pelipper\n|turn|1\n|\n|t:|1700001744\n|move|p2b: Sneasler|Substitute|p2b: Sneasler\n|-start|p2b: Sneasler|Substitute\n|-damage|p2b: Sneasler|75\/100\n|move|p1b: Pelipper|Hurricane|p2b: Sneasler\n|-supereffective|p2b: Sneasler\n|-end|p2b: Sneasler|Substitute\n|move|p1a: Spidops|Sticky Web|p2a: Blissey\n|-sidestart|p2: Mbckycyo|move: Sticky Web\n|move|p2a: Blissey|Skill Swap|p2b: Sneasler\n|-activate|p2a: Blissey|move: Skill Swap|||[of] p2b: Sneasler\n|\n|-weather|RainDance|[upkeep]\n|-heal|p2b: Sneasler|82\/100|[from] item: Leftovers\n|upkeep\n|turn|2\n|\n|t:|1700001766\n|switch|p2a: Indeedee|Indeedee-F, F|100\/100\n|-activate|p2a: Indeedee|move: Sticky Web\n|-unboost|p2a: Indeedee|spe|1\n|-fieldstart|move: Psychic Terrain|[from] ability: Psychic Surge|[of] p2a: Indeedee\n|move|p2b: Sneasler|Substitute|p2b: Sneasler\n|-start|p2b: Sneasler|Substitute\n|-damage|p2b: Sneasler|57\/100\n|move|p1b: Pelipper|Hurricane|p2b: Sneasler\n|-supereffective|p2b: Sneasler\n|-end|p2b: Sneasler|Substitute\n|move|p1a: Spidops|Memento|p2b: Sneasler\n|-unboost|p2b: Sneasler|atk|2\n|-unboost|p2b: Sneasler|spa|2\n|faint|p1a: Spidops\n|\n|-weather|RainDance|[upkeep]\n|-heal|p2b: Sneasler|63\/100|[from] item: Leftovers\n|upkeep\n|\n|t:|1700001786\n|switch|p1a: Basculegion|Basculegion-F, F, shiny|100\/100\n|turn|3\n|\n|t:|1700001795\n|move|p2a: Indeedee|Follow Me|p2a: Indeedee\n|-singleturn|p2a: Indeedee|move: Follow Me\n|move|p1a: Basculegion|Last Respects|p2a: Indeedee\n|-immune|p2a: Indeedee\n|move|p2b: Sneasler|Substitute|p2b: Sneasler\n|-start|p2b: Sneasler|Substitute\n|-damage|p2b: Sneasler|38\/100\n|move|p1b: Pelipper|Hurricane|p2a: Indeedee\n|-damage|p2a: Indeedee|38\/100\n|\n|-weather|RainDance|[upkeep]\n|-heal|p2b: Sneasler|44\/100|[from] item: Leftovers\n|-heal|p2a: Indeedee|44\/100|[from] item: Leftovers\n|upkeep\n|turn|4\n|\n|t:|1700001817\n|move|p2a: Indeedee|Follow Me|p2a: Indeedee\n|-singleturn|p2a: Indeedee|move: Follow Me\n|move|p1a: Basculegion|Last Respects|p2a: Indeedee\n|-immune|p2a: Indeedee\n|move|p2b: Sneasler|Dire Claw|p1a: Basculegion\n|-resisted|p1a: Basculegion\n|-damage|p1a: Basculegion|92\/100\n|-status|p1a: Basculegion|psn\n|move|p1b: Pelipper|Hurricane|p2a: Indeedee\n|-damage|p2a: Indeedee|0 fnt\n|faint|p2a: Indeedee\n|\n|-weather|RainDance|[upkeep]\n|-heal|p2b: Sneasler|50\/100|[from] item: Leftovers\n|-damage|p1a: Basculegion|79\/100 psn|[from] psn\n|upkeep\n|\n|t:|1700001834\n|switch|p2a: Amoonguss|Amoonguss, F|100\/100\n|-activate|p2a: Amoonguss|move: Sticky Web\n|-unboost|p2a: Amoonguss|spe|1\n|turn|5\n|\n|t:|1700001847\n|-terastallize|p2a: Amoonguss|Dark\n|move|p2a: Amoonguss|Rage Powder|p2a: Amoonguss\n|-singleturn|p2a: Amoonguss|move: Rage Powder\n|move|p1a: Basculegion|Last Respects|p2a: Amoonguss\n|-resisted|p2a: Amoonguss\n|-damage|p2a: Amoonguss|78\/100\n|-damage|p1a: Basculegion|69\/100 psn|[from] item: Life Orb\n|move|p2b: Sneasler|Dire Claw|p1b: Pelipper\n|-damage|p1b: Pelipper|80\/100\n|-status|p1b: Pelipper|psn\n|move|p1b: Pelipper|Hurricane|p2a: Amoonguss\n|-damage|p2a: Amoonguss|24\/100\n|-start|p2a: Amoonguss|confusion\n|\n|-weather|none\n|-heal|p2b: Sneasler|56\/100|[from] item: Leftovers\n|-heal|p2a: Amoonguss|30\/100|[from] item: Leftovers\n|-damage|p1a: Basculegion|57\/100 psn|[from] psn\n|-damage|p1b: Pelipper|68\/100 psn|[from] psn\n|upkeep\n|turn|6\n|\n|t:|1700001880\n|switch|p1a: Amoonguss|Amoonguss, F|100\/100\n|-activate|p2a: Amoonguss|confusion\n|move|p2a: Amoonguss|Rage Powder|p2a: Amoonguss\n|-singleturn|p2a: Amoonguss|move: Rage Powder\n|move|p2b: Sneasler|Rock Slide|p1a: Amoonguss|[spread] p1a,p1b\n|-supereffective|p1b: Pelipper\n|-damage|p1a: Amoonguss|93\/100\n|-damage|p1b: Pelipper|49\/100 psn\n|cant|p1b: Pelipper|flinch\n|\n|-heal|p2b: Sneasler|63\/100|[from] item: Leftovers\n|-heal|p2a: Amoonguss|36\/100|[from] item: Leftovers\n|-damage|p1b: Pelipper|37\/100 psn|[from] psn\n|-fieldend|move: Psychic Terrain\n|upkeep\n|turn|7\n|\n|t:|1700001904\n|move|p2b: Sneasler|Rock Slide|p1b: Pelipper|[spread] p1a,p1b\n|-supereffective|p1b: Pelipper\n|-damage|p1a: Amoonguss|86\/100\n|-damage|p1b: Pelipper|19\/100 psn\n|cant|p1b: Pelipper|flinch\n|move|p1a: Amoonguss|Sludge Bomb|p2b: Sneasler\n|-resisted|p2b: Sneasler\n|-activate|p2b: Sneasler|move: Substitute|[damage]\n|-end|p2a: Amoonguss|confusion\n|move|p2a: Amoonguss|Pollen Puff|p2b: Sneasler\n|-heal|p2b: Sneasler|100\/100\n|\n|-heal|p2a: Amoonguss|42\/100|[from] item: Leftovers\n|-damage|p1b: Pelipper|7\/100 psn|[from] psn\n|upkeep\n|turn|8\n|\n|t:|1700001935\n|move|p2a: Amoonguss|Rage Powder|p2a: Amoonguss\n|-singleturn|p2a: Amoonguss|move: Rage Powder\n|move|p2b: Sneasler|Rock Slide|p1a: Amoonguss|[spread] p1a\n|-miss|p2b: Sneasler|p1b: Pelipper\n|-damage|p1a: Amoonguss|79\/100\n|move|p1b: Pelipper|Hurricane|p2a: Amoonguss\n|-damage|p2a: Amoonguss|0 fnt\n|faint|p2a: Amoonguss\n|move|p1a: Amoonguss|Giga Drain|p2b: Sneasler\n|-resisted|p2b: Sneasler\n|-end|p2b: Sneasler|Substitute\n|-heal|p1a: Amoonguss|82\/100|[from] drain|[of] p2b: Sneasler\n|\n|-damage|p1b: Pelipper|0 fnt|[from] psn\n|faint|p1b: Pelipper\n|upkeep\n|\n|t:|1700001965\n|switch|p1b: Sinistcha|Sinistcha-Masterpiece, shiny|100\/100\n|switch|p2a: Farigiraf|Farigiraf, F|100\/100\n|-activate|p2a: Farigiraf|move: Sticky Web\n|-unboost|p2a: Farigiraf|spe|1\n|turn|9\n|\n|t:|1700001987\n|move|p2a: Farigiraf|Ally Switch|p2a: Farigiraf\n|swap|p2a: Farigiraf|1|[from] move: Ally Switch\n|move|p2a: Sneasler|Substitute|p2a: Sneasler\n|-start|p2a: Sneasler|Substitute\n|-damage|p2a: Sneasler|75\/100\n|move|p1b: Sinistcha|Calm Mind|p1b: Sinistcha\n|-boost|p1b: Sinistcha|spa|1\n|-boost|p1b: Sinistcha|spd|1\n|move|p1a: Amoonguss|Spore|p2b: Farigiraf\n|-status|p2b: Farigiraf|slp|[from] move: Spore\n|\n|-heal|p2a: Sneasler|82\/100|[from] item: Leftovers\n|upkeep\n|turn|10\n|\n|t:|1700002011\n|move|p1a: Amoonguss|Rage Powder|p1a: Amoonguss\n|-singleturn|p1a: Amoonguss|move: Rage Powder\n|move|p2a: Sneasler|Hone Claws|p2a: Sneasler\n|-boost|p2a: Sneasler|atk|1\n|-boost|p2a: Sneasler|accuracy|1\n|move|p1b: Sinistcha|Calm Mind|p1b: Sinistcha\n|-boost|p1b: Sinistcha|spa|1\n|-boost|p1b: Sinistcha|spd|1\n|cant|p2b: Farigiraf|slp\n|\n|-heal|p2a: Sneasler|88\/100|[from] item: Leftovers\n|upkeep\n|turn|11\n|\n|t:|1700002035\n|move|p2a: Sneasler|Hone Claws|p2a: Sneasler\n|-boost|p2a: Sneasler|atk|1\n|-boost|p2a: Sneasler|accuracy|1\n|move|p1b: Sinistcha|Matcha Gotcha|p2a: Sneasler|[spread] p2a,p2b\n|-resisted|p2a: Sneasler\n|-crit|p2a: Sneasler\n|-end|p2a: Sneasler|Substitute\n|-damage|p2b: Farigiraf|58\/100 slp\n|-curestatus|p2b: Farigiraf|slp|[msg]\n|move|p2b: Farigiraf|Wish|p2b: Farigiraf\n|move|p1a: Amoonguss|Giga Drain|p2b: Farigiraf\n|-damage|p2b: Farigiraf|42\/100\n|-heal|p1a: Amoonguss|91\/100|[from] drain|[of] p2b: Farigiraf\n|\n|-heal|p2a: Sneasler|94\/100|[from] item: Leftovers\n|-heal|p2b: Farigiraf|48\/100|[from] item: Leftovers\n|upkeep\n|turn|12\n|\n|t:|1700002069\n|move|p2b: Farigiraf|Ally Switch|p2b: Farigiraf\n|swap|p2b: Farigiraf|0|[from] move: Ally Switch\n|move|p1a: Amoonguss|Rage Powder|p1a: Amoonguss\n|-singleturn|p1a: Amoonguss|move: Rage Powder\n|move|p2b: Sneasler|Substitute|p2b: Sneasler\n|-start|p2b: Sneasler|Substitute\n|-damage|p2b: Sneasler|69\/100\n|move|p1b: Sinistcha|Matcha Gotcha|p2a: Farigiraf|[spread] p2a,p2b\n|-resisted|p2b: Sneasler\n|-end|p2b: Sneasler|Substitute\n|-damage|p2a: Farigiraf|7\/100\n|\n|-heal|p2b: Sneasler|100\/100|[from] move: Wish|[wisher] Farigiraf\n|-heal|p2a: Farigiraf|13\/100|[from] item: Leftovers\n|upkeep\n|turn|13\n|\n|t:|1700002101\n|move|p2b: Sneasler|Rock Slide|p1a: Amoonguss|[spread] p1a,p1b\n|-damage|p1a: Amoonguss|75\/100\n|-damage|p1b: Sinistcha|85\/100\n|move|p1b: Sinistcha|Calm Mind|p1b: Sinistcha\n|-boost|p1b: Sinistcha|spa|1\n|-boost|p1b: Sinistcha|spd|1\n|move|p2a: Farigiraf|Wish|p2a: Farigiraf\n|cant|p1a: Amoonguss|flinch\n|\n|-heal|p1b: Sinistcha|91\/100|[from] item: Leftovers\n|-heal|p2a: Farigiraf|19\/100|[from] item: Leftovers\n|upkeep\n|turn|14\n|\n|t:|1700002160\n|move|p2b: Sneasler|Rock Slide|p1a: Amoonguss|[spread] p1a,p1b\n|-damage|p1a: Amoonguss|60\/100\n|-damage|p1b: Sinistcha|74\/100\n|move|p1b: Sinistcha|Calm Mind|p1b: Sinistcha\n|-boost|p1b: Sinistcha|spa|1\n|-boost|p1b: Sinistcha|spd|1\n|move|p2a: Farigiraf|Future Sight|p1a: Amoonguss\n|-start|p2a: Farigiraf|move: Future Sight\n|cant|p1a: Amoonguss|flinch\n|\n|-heal|p2a: Farigiraf|69\/100|[from] move: Wish|[wisher] Farigiraf\n|-heal|p1b: Sinistcha|80\/100|[from] item: Leftovers\n|-heal|p2a: Farigiraf|75\/100|[from] item: Leftovers\n|upkeep\n|turn|15\n|\n|t:|1700002180\n|move|p2a: Farigiraf|Ally Switch|p2a: Farigiraf\n|swap|p2a: Farigiraf|1|[from] move: Ally Switch\n|move|p2a: Sneasler|Substitute|p2a: Sneasler\n|-start|p2a: Sneasler|Substitute\n|-damage|p2a: Sneasler|75\/100\n|move|p1b: Sinistcha|Matcha Gotcha|p2b: Farigiraf|[spread] p2a,p2b\n|-resisted|p2a: Sneasler\n|-end|p2a: Sneasler|Substitute\n|-heal|p1b: Sinistcha|94\/100|[from] drain|[of] p2a: Sneasler\n|-damage|p2b: Farigiraf|13\/100\n|-heal|p1b: Sinistcha|100\/100|[from] drain|[of] p2b: Farigiraf\n|move|p1a: Amoonguss|Spore|p2b: Farigiraf\n|-status|p2b: Farigiraf|slp|[from] move: Spore\n|\n|-heal|p2a: Sneasler|82\/100|[from] item: Leftovers\n|-heal|p2b: Farigiraf|19\/100 slp|[from] item: Leftovers\n|upkeep\n|turn|16\n|\n|t:|1700002209\n|move|p2a: Sneasler|Rock Slide|p1a: Amoonguss|[spread] p1a,p1b\n|-damage|p1a: Amoonguss|44\/100\n|-damage|p1b: Sinistcha|83\/100\n|cant|p1b: Sinistcha|flinch\n|cant|p2b: Farigiraf|slp\n|cant|p1a: Amoonguss|flinch\n|\n|-end|p1a: Amoonguss|move: Future Sight\n|-supereffective|p1a: Amoonguss\n|-damage|p1a: Amoonguss|0 fnt\n|faint|p1a: Amoonguss\n|-heal|p2a: Sneasler|88\/100|[from] item: Leftovers\n|-heal|p1b: Sinistcha|89\/100|[from] item: Leftovers\n|-heal|p2b: Farigiraf|25\/100 slp|[from] item: Leftovers\n|upkeep\n|\n|t:|1700002218\n|switch|p1a: Garchomp|Garchomp, M|100\/100\n|turn|17\n|\n|t:|1700002232\n|move|p2a: Sneasler|Rock Slide|p1b: Sinistcha|[spread] p1a,p1b\n|-resisted|p1a: Garchomp\n|-damage|p1a: Garchomp|93\/100\n|-damage|p1b: Sinistcha|74\/100\n|cant|p1a: Garchomp|flinch\n|cant|p1b: Sinistcha|flinch\n|cant|p2b: Farigiraf|slp\n|\n|-heal|p2a: Sneasler|94\/100|[from] item: Leftovers\n|-heal|p1b: Sinistcha|80\/100|[from] item: Leftovers\n|-heal|p2b: Farigiraf|31\/100 slp|[from] item: Leftovers\n|upkeep\n|turn|18\n|\n|t:|1700002246\n|move|p2a: Sneasler|Rock Slide|p1a: Garchomp|[spread] p1a,p1b\n|-resisted|p1a: Garchomp\n|-damage|p1a: Garchomp|86\/100\n|-damage|p1b: Sinistcha|62\/100\n|move|p1a: Garchomp|Swords Dance|p1a: Garchomp\n|-boost|p1a: Garchomp|atk|2\n|cant|p1b: Sinistcha|flinch\n|cant|p2b: Farigiraf|slp\n|\n|-heal|p2a: Sneasler|99\/100|[from] item: Leftovers\n|-heal|p1b: Sinistcha|68\/100|[from] item: Leftovers\n|-heal|p2b: Farigiraf|37\/100 slp|[from] item: Leftovers\n|upkeep\n|turn|19\n|\n|t:|1700002277\n|move|p2a: Sneasler|Rock Slide|p1b: Sinistcha|[spread] p1a,p1b\n|-resisted|p1a: Garchomp\n|-damage|p1a: Garchomp|79\/100\n|-damage|p1b: Sinistcha|52\/100\n|move|p1a: Garchomp|Scale Shot|p2a: Sneasler\n|-damage|p2a: Sneasler|61\/100\n|-damage|p2a: Sneasler|26\/100\n|-damage|p2a: Sneasler|0 fnt\n|faint|p2a: Sneasler\n|-hitcount|p2: Sneasler|3\n|-unboost|p1a: Garchomp|def|1\n|-boost|p1a: Garchomp|spe|1\n|move|p1b: Sinistcha|Matcha Gotcha|p2b: Farigiraf\n|-damage|p2b: Farigiraf|0 fnt\n|-heal|p1b: Sinistcha|79\/100|[from] drain|[of] p2b: Farigiraf\n|faint|p2b: Farigiraf\n|\n|-heal|p1b: Sinistcha|85\/100|[from] item: Leftovers\n|upkeep\n|-message|Mbckycyo forfeited.\n|\n|win|Shubadude09\n|raw|Shubadude09's rating: 1101 &rarr; <strong>1123<\/strong><br \/>(+22 for winning)\n|raw|Mbckycyo's rating: 1054 &rarr; <strong>1038<\/strong><br \/>(-16 for losing)\n|l|\u2606Mbckycyo\n","uploadtime":1700002328,"views":23,"p1id":"shubadude09","p2id":"mbckycyo","formatid":"gen9doublesou","rating":1038,"private":0,"password":""}