{"id":"gen9doublesou-1992821337","p1":"JustRadAlex","p2":"fritsbjee","format":"[Gen 9] Doubles OU","log":"|j|\u2606JustRadAlex\n|j|\u2606fritsbjee\n|t:|1700238376\n|gametype|doubles\n|player|p1|JustRadAlex|juan|1295\n|player|p2|fritsbjee|101|1386\n|teamsize|p1|6\n|teamsize|p2|6\n|gen|9\n|tier|[Gen 9] Doubles OU\n|rated|\n|rule|Species Clause: Limit one of each Pok\u00e9mon\n|rule|OHKO Clause: OHKO moves are banned\n|rule|Evasion Moves Clause: Evasion moves are banned\n|rule|Gravity Sleep Clause: The combination of sleep-inducing moves with imperfect accuracy and Gravity or Gigantamax Orbeetle are banned\n|rule|Endless Battle Clause: Forcing endless battles is banned\n|rule|HP Percentage Mod: HP is shown in percentages\n|clearpoke\n|poke|p1|Iron Hands|\n|poke|p1|Grimmsnarl, M|\n|poke|p1|Cresselia, F|\n|poke|p1|Rillaboom, F|\n|poke|p1|Empoleon, M|\n|poke|p1|Landorus-Therian, M|\n|poke|p2|Arcanine, F|\n|poke|p2|Mamoswine, F|\n|poke|p2|Gastrodon, F|\n|poke|p2|Gliscor, M|\n|poke|p2|Scizor, F|\n|poke|p2|Sinistcha-Masterpiece|\n|teampreview\n|inactive|Battle timer is ON: inactive players will automatically lose when time's up. (requested by fritsbjee)\n|\n|t:|1700238404\n|start\n|switch|p1a: Grimmsnarl|Grimmsnarl, M, shiny|100\/100\n|switch|p1b: Kingleon|Empoleon, M, shiny|100\/100\n|switch|p2a: Arcanine|Arcanine, F|100\/100\n|switch|p2b: Gastrodon|Gastrodon, F|100\/100\n|-ability|p2a: Arcanine|Intimidate|boost\n|-unboost|p1a: Grimmsnarl|atk|1\n|-unboost|p1b: Kingleon|atk|1\n|-ability|p1b: Kingleon|Competitive|boost\n|-boost|p1b: Kingleon|spa|2\n|turn|1\n|\n|t:|1700238431\n|move|p1a: Grimmsnarl|Reflect|p1a: Grimmsnarl\n|-sidestart|p1: JustRadAlex|Reflect\n|move|p2a: Arcanine|Snarl|p1a: Grimmsnarl|[spread] p1a,p1b\n|-resisted|p1a: Grimmsnarl\n|-damage|p1a: Grimmsnarl|98\/100\n|-damage|p1b: Kingleon|91\/100\n|-unboost|p1a: Grimmsnarl|spa|1\n|-unboost|p1b: Kingleon|spa|1\n|-ability|p1b: Kingleon|Competitive|boost\n|-boost|p1b: Kingleon|spa|2\n|move|p1b: Kingleon|Icy Wind|p2a: Arcanine|[spread] p2a,p2b\n|-resisted|p2a: Arcanine\n|-damage|p2a: Arcanine|87\/100\n|-damage|p2b: Gastrodon|80\/100\n|-unboost|p2a: Arcanine|spe|1\n|-unboost|p2b: Gastrodon|spe|1\n|move|p2b: Gastrodon|Earth Power|p1b: Kingleon\n|-supereffective|p1b: Kingleon\n|-damage|p1b: Kingleon|3\/100\n|\n|-heal|p2a: Arcanine|93\/100|[from] item: Leftovers\n|upkeep\n|turn|2\n|inactive|JustRadAlex has 120 seconds left.\n|\n|t:|1700238462\n|move|p1a: Grimmsnarl|Spirit Break|p2b: Gastrodon\n|-damage|p2b: Gastrodon|53\/100\n|-unboost|p2b: Gastrodon|spa|1\n|move|p1b: Kingleon|Water Pledge|p2a: Arcanine\n|-supereffective|p2a: Arcanine\n|-damage|p2a: Arcanine|0 fnt\n|faint|p2a: Arcanine\n|move|p2b: Gastrodon|Muddy Water|p1b: Kingleon|[spread] p1a,p1b\n|-resisted|p1b: Kingleon\n|-damage|p1a: Grimmsnarl|78\/100\n|-damage|p1b: Kingleon|0 fnt\n|faint|p1b: Kingleon\n|\n|upkeep\n|\n|t:|1700238480\n|switch|p2a: Sinistcha|Sinistcha-Masterpiece|100\/100\n|switch|p1b: Rillaboom|Rillaboom, F|100\/100\n|-fieldstart|move: Grassy Terrain|[from] ability: Grassy Surge|[of] p1b: Rillaboom\n|-enditem|p1b: Rillaboom|Grassy Seed\n|-boost|p1b: Rillaboom|def|1|[from] item: Grassy Seed\n|-heal|p2b: Gastrodon|77\/100|[from] ability: Hospitality|[of] p2a: Sinistcha\n|turn|3\n|inactive|fritsbjee has 120 seconds left.\n|\n|t:|1700238517\n|switch|p2b: Scizor|Scizor, F|100\/100\n|move|p1a: Grimmsnarl|Light Screen|p1a: Grimmsnarl\n|-sidestart|p1: JustRadAlex|move: Light Screen\n|move|p1b: Rillaboom|Knock Off|p2b: Scizor\n|-damage|p2b: Scizor|68\/100\n|-enditem|p2b: Scizor|Choice Band|[from] move: Knock Off|[of] p1b: Rillaboom\n|move|p2a: Sinistcha|Matcha Gotcha|p1a: Grimmsnarl|[spread] p1a,p1b\n|-resisted|p1b: Rillaboom\n|-damage|p1a: Grimmsnarl|56\/100\n|-damage|p1b: Rillaboom|87\/100\n|\n|-heal|p1b: Rillaboom|93\/100|[from] Grassy Terrain\n|-heal|p1a: Grimmsnarl|62\/100|[from] Grassy Terrain\n|-heal|p2b: Scizor|74\/100|[from] Grassy Terrain\n|upkeep\n|turn|4\n|inactive|fritsbjee has 120 seconds left.\n|\n|t:|1700238546\n|move|p1a: Grimmsnarl|Parting Shot|p2b: Scizor\n|-unboost|p2b: Scizor|atk|1\n|-unboost|p2b: Scizor|spa|1\n|\n|t:|1700238549\n|switch|p1a: Landorus|Landorus-Therian, M|100\/100|[from] Parting Shot\n|-ability|p1a: Landorus|Intimidate|boost\n|-unboost|p2a: Sinistcha|atk|1\n|-unboost|p2b: Scizor|atk|1\n|move|p1b: Rillaboom|Knock Off|p2a: Sinistcha\n|-supereffective|p2a: Sinistcha\n|-damage|p2a: Sinistcha|50\/100\n|-enditem|p2a: Sinistcha|Leftovers|[from] move: Knock Off|[of] p1b: Rillaboom\n|move|p2a: Sinistcha|Night Shade|p1b: Rillaboom\n|-damage|p1b: Rillaboom|64\/100\n|move|p2b: Scizor|U-turn|p1b: Rillaboom\n|-supereffective|p1b: Rillaboom\n|-damage|p1b: Rillaboom|48\/100\n|inactive|fritsbjee has 120 seconds left.\n|\n|t:|1700238575\n|switch|p2b: Mamoswine|Mamoswine, F|100\/100|[from] U-turn\n|\n|-heal|p1b: Rillaboom|54\/100|[from] Grassy Terrain\n|-heal|p2a: Sinistcha|56\/100|[from] Grassy Terrain\n|upkeep\n|turn|5\n|inactive|fritsbjee has 120 seconds left.\n|\n|t:|1700238592\n|-terastallize|p2b: Mamoswine|Grass\n|move|p1b: Rillaboom|Grassy Glide|p2b: Mamoswine\n|-resisted|p2b: Mamoswine\n|-damage|p2b: Mamoswine|82\/100\n|move|p1a: Landorus|U-turn|p2a: Sinistcha\n|-crit|p2a: Sinistcha\n|-damage|p2a: Sinistcha|30\/100\n|\n|t:|1700238603\n|switch|p1a: Iron Hands|Iron Hands|100\/100|[from] U-turn\n|move|p2b: Mamoswine|Trailblaze|p1a: Iron Hands\n|-damage|p1a: Iron Hands|86\/100\n|-boost|p2b: Mamoswine|spe|1\n|move|p2a: Sinistcha|Matcha Gotcha|p1a: Iron Hands|[spread] p1a,p1b\n|-resisted|p1b: Rillaboom\n|-damage|p1a: Iron Hands|74\/100\n|-heal|p2a: Sinistcha|40\/100|[from] drain|[of] p1a: Iron Hands\n|-damage|p1b: Rillaboom|40\/100\n|-heal|p2a: Sinistcha|46\/100|[from] drain|[of] p1b: Rillaboom\n|\n|-heal|p2b: Mamoswine|88\/100|[from] Grassy Terrain\n|-heal|p1b: Rillaboom|46\/100|[from] Grassy Terrain\n|-heal|p2a: Sinistcha|53\/100|[from] Grassy Terrain\n|-heal|p1a: Iron Hands|80\/100|[from] Grassy Terrain\n|upkeep\n|turn|6\n|inactive|fritsbjee has 120 seconds left.\n|\n|t:|1700238641\n|move|p1a: Iron Hands|Fake Out|p2b: Mamoswine\n|-damage|p2b: Mamoswine|72\/100\n|cant|p2b: Mamoswine|flinch\n|move|p1b: Rillaboom|Knock Off|p2a: Sinistcha\n|-supereffective|p2a: Sinistcha\n|-damage|p2a: Sinistcha|20\/100\n|move|p2a: Sinistcha|Matcha Gotcha|p1a: Iron Hands|[spread] p1a,p1b\n|-resisted|p1b: Rillaboom\n|-damage|p1a: Iron Hands|67\/100\n|-heal|p2a: Sinistcha|29\/100|[from] drain|[of] p1a: Iron Hands\n|-damage|p1b: Rillaboom|32\/100\n|-heal|p2a: Sinistcha|37\/100|[from] drain|[of] p1b: Rillaboom\n|\n|-heal|p2b: Mamoswine|78\/100|[from] Grassy Terrain\n|-heal|p1b: Rillaboom|38\/100|[from] Grassy Terrain\n|-heal|p2a: Sinistcha|43\/100|[from] Grassy Terrain\n|-heal|p1a: Iron Hands|73\/100|[from] Grassy Terrain\n|upkeep\n|turn|7\n|inactive|fritsbjee has 120 seconds left.\n|\n|t:|1700238667\n|switch|p2a: Gliscor|Gliscor, M|100\/100\n|move|p2b: Mamoswine|Earthquake|p1a: Iron Hands|[spread] p1a,p1b\n|-immune|p2a: Gliscor\n|-supereffective|p1a: Iron Hands\n|-resisted|p1b: Rillaboom\n|-damage|p1a: Iron Hands|56\/100\n|-damage|p1b: Rillaboom|34\/100\n|move|p1b: Rillaboom|Knock Off|p2a: Gliscor\n|-damage|p2a: Gliscor|68\/100\n|-enditem|p2a: Gliscor|Toxic Orb|[from] move: Knock Off|[of] p1b: Rillaboom\n|move|p1a: Iron Hands|Drain Punch|p2b: Mamoswine\n|-damage|p2b: Mamoswine|35\/100\n|-heal|p1a: Iron Hands|72\/100|[from] drain|[of] p2b: Mamoswine\n|\n|-heal|p2b: Mamoswine|41\/100|[from] Grassy Terrain\n|-heal|p1b: Rillaboom|40\/100|[from] Grassy Terrain\n|-heal|p1a: Iron Hands|78\/100|[from] Grassy Terrain\n|-fieldend|move: Grassy Terrain\n|upkeep\n|turn|8\n|inactive|fritsbjee has 120 seconds left.\n|\n|t:|1700238695\n|-terastallize|p1a: Iron Hands|Grass\n|move|p2b: Mamoswine|Icicle Spear|p1b: Rillaboom\n|-supereffective|p1b: Rillaboom\n|-damage|p1b: Rillaboom|28\/100\n|-supereffective|p1b: Rillaboom\n|-damage|p1b: Rillaboom|16\/100\n|-supereffective|p1b: Rillaboom\n|-damage|p1b: Rillaboom|5\/100\n|-supereffective|p1b: Rillaboom\n|-damage|p1b: Rillaboom|0 fnt\n|faint|p1b: Rillaboom\n|-hitcount|p1: Rillaboom|4\n|move|p2a: Gliscor|Dual Wingbeat|p1a: Iron Hands|[miss]\n|-miss|p2a: Gliscor|p1a: Iron Hands\n|move|p1a: Iron Hands|Drain Punch|p2b: Mamoswine\n|-damage|p2b: Mamoswine|0 fnt\n|-heal|p1a: Iron Hands|94\/100|[from] drain|[of] p2b: Mamoswine\n|faint|p2b: Mamoswine\n|\n|-sideend|p1: JustRadAlex|Reflect\n|upkeep\n|inactive|fritsbjee has 120 seconds left.\n|\n|t:|1700238718\n|switch|p1b: Landorus|Landorus-Therian, M|100\/100\n|switch|p2b: Scizor|Scizor, F|74\/100\n|-ability|p1b: Landorus|Intimidate|boost\n|-unboost|p2a: Gliscor|atk|1\n|-unboost|p2b: Scizor|atk|1\n|turn|9\n|\n|t:|1700238735\n|move|p1b: Landorus|Stomping Tantrum|p2b: Scizor\n|-damage|p2b: Scizor|32\/100\n|move|p2a: Gliscor|Dual Wingbeat|p1a: Iron Hands\n|-supereffective|p1a: Iron Hands\n|-damage|p1a: Iron Hands|79\/100\n|-supereffective|p1a: Iron Hands\n|-damage|p1a: Iron Hands|65\/100\n|-hitcount|p1a: Iron Hands|2\n|move|p2b: Scizor|U-turn|p1a: Iron Hands\n|-supereffective|p1a: Iron Hands\n|-damage|p1a: Iron Hands|33\/100\n|\n|t:|1700238746\n|switch|p2b: Sinistcha|Sinistcha-Masterpiece|43\/100|[from] U-turn\n|-heal|p2a: Gliscor|93\/100|[from] ability: Hospitality|[of] p2b: Sinistcha\n|move|p1a: Iron Hands|Heavy Slam|p2a: Gliscor\n|-damage|p2a: Gliscor|46\/100\n|\n|upkeep\n|turn|10\n|\n|t:|1700238766\n|switch|p1b: Grimmsnarl|Grimmsnarl, M, shiny|62\/100\n|switch|p2a: Scizor|Scizor, F|32\/100\n|move|p2b: Sinistcha|Life Dew|p2b: Sinistcha|[spread] p2a,p2b\n|-heal|p2a: Scizor|57\/100\n|-heal|p2b: Sinistcha|68\/100\n|move|p1a: Iron Hands|Heavy Slam|p2a: Scizor\n|-resisted|p2a: Scizor\n|-damage|p2a: Scizor|41\/100\n|\n|-sideend|p1: JustRadAlex|move: Light Screen\n|upkeep\n|turn|11\n|inactive|fritsbjee has 120 seconds left.\n|inactive|fritsbjee has 90 seconds left.\n|\n|t:|1700238843\n|-end|p1a: Iron Hands|Quark Drive|[silent]\n|switch|p1a: Landorus|Landorus-Therian, M|100\/100\n|-ability|p1a: Landorus|Intimidate|boost\n|-unboost|p2a: Scizor|atk|1\n|-unboost|p2b: Sinistcha|atk|1\n|move|p1b: Grimmsnarl|Reflect|p1b: Grimmsnarl\n|-sidestart|p1: JustRadAlex|Reflect\n|move|p2b: Sinistcha|Life Dew|p2b: Sinistcha|[spread] p2a,p2b\n|-heal|p2a: Scizor|66\/100\n|-heal|p2b: Sinistcha|93\/100\n|move|p2a: Scizor|U-turn|p1a: Landorus\n|-resisted|p1a: Landorus\n|-damage|p1a: Landorus|89\/100\n|\n|t:|1700238855\n|switch|p2a: Gastrodon|Gastrodon, F|77\/100|[from] U-turn\n|\n|upkeep\n|turn|12\n|inactive|fritsbjee has 90 seconds left.\n|\n|t:|1700238870\n|move|p1b: Grimmsnarl|Light Screen|p1b: Grimmsnarl\n|-sidestart|p1: JustRadAlex|move: Light Screen\n|move|p1a: Landorus|U-turn|p2b: Sinistcha\n|-damage|p2b: Sinistcha|77\/100\n|\n|t:|1700238875\n|switch|p1a: Cresselia|Cresselia, F|100\/100|[from] U-turn\n|move|p2b: Sinistcha|Matcha Gotcha|p1a: Cresselia|[spread] p1b\n|-miss|p2b: Sinistcha|p1a: Cresselia\n|-damage|p1b: Grimmsnarl|43\/100\n|-heal|p2b: Sinistcha|86\/100|[from] drain|[of] p1b: Grimmsnarl\n|move|p2a: Gastrodon|Ice Beam|p1a: Cresselia\n|-damage|p1a: Cresselia|90\/100\n|\n|-heal|p1a: Cresselia|96\/100|[from] item: Leftovers\n|upkeep\n|turn|13\n|\n|t:|1700238895\n|move|p1a: Cresselia|Lunar Blessing|p1a: Cresselia|[spread] p1a,p1b\n|-heal|p1a: Cresselia|100\/100\n|-heal|p1b: Grimmsnarl|68\/100\n|move|p2b: Sinistcha|Night Shade|p1b: Grimmsnarl\n|-damage|p1b: Grimmsnarl|38\/100\n|move|p1b: Grimmsnarl|Spirit Break|p2a: Gastrodon\n|-damage|p2a: Gastrodon|32\/100\n|-unboost|p2a: Gastrodon|spa|1\n|move|p2a: Gastrodon|Muddy Water|p1a: Cresselia|[spread] p1a,p1b\n|-damage|p1a: Cresselia|92\/100\n|-damage|p1b: Grimmsnarl|24\/100\n|\n|-heal|p1a: Cresselia|98\/100|[from] item: Leftovers\n|upkeep\n|turn|14\n|\n|t:|1700238922\n|switch|p2a: Scizor|Scizor, F|66\/100\n|move|p1a: Cresselia|Lunar Blessing|p1a: Cresselia|[spread] p1a,p1b\n|-heal|p1a: Cresselia|100\/100\n|-heal|p1b: Grimmsnarl|49\/100\n|move|p2b: Sinistcha|Night Shade|p1b: Grimmsnarl\n|-damage|p1b: Grimmsnarl|19\/100\n|move|p1b: Grimmsnarl|Spirit Break|p2b: Sinistcha\n|-damage|p2b: Sinistcha|56\/100\n|-unboost|p2b: Sinistcha|spa|1\n|\n|upkeep\n|turn|15\n|inactive|fritsbjee has 120 seconds left.\n|\n|t:|1700238944\n|move|p1b: Grimmsnarl|Parting Shot|p2a: Scizor\n|-unboost|p2a: Scizor|atk|1\n|-unboost|p2a: Scizor|spa|1\n|\n|t:|1700238947\n|switch|p1b: Iron Hands|Iron Hands, tera:Grass|33\/100|[from] Parting Shot\n|move|p2a: Scizor|Bullet Punch|p1b: Iron Hands\n|-crit|p1b: Iron Hands\n|-damage|p1b: Iron Hands|3\/100\n|move|p1a: Cresselia|Calm Mind|p1a: Cresselia\n|-boost|p1a: Cresselia|spa|1\n|-boost|p1a: Cresselia|spd|1\n|move|p2b: Sinistcha|Life Dew|p2b: Sinistcha|[spread] p2a,p2b\n|-heal|p2a: Scizor|91\/100\n|-heal|p2b: Sinistcha|81\/100\n|\n|upkeep\n|turn|16\n|inactive|fritsbjee has 120 seconds left.\n|\n|t:|1700238981\n|switch|p2a: Gliscor|Gliscor, M|46\/100\n|move|p1b: Iron Hands|Fake Out|p2a: Gliscor\n|-damage|p2a: Gliscor|31\/100\n|move|p1a: Cresselia|Lunar Blessing|p1a: Cresselia|[spread] p1a,p1b\n|-heal|p1b: Iron Hands|28\/100\n|move|p2b: Sinistcha|Matcha Gotcha|p1b: Iron Hands|[spread] p1b\n|-miss|p2b: Sinistcha|p1a: Cresselia\n|-resisted|p1b: Iron Hands\n|-damage|p1b: Iron Hands|24\/100\n|-heal|p2b: Sinistcha|83\/100|[from] drain|[of] p1b: Iron Hands\n|\n|upkeep\n|turn|17\n|inactive|fritsbjee has 120 seconds left.\n|\n|t:|1700239005\n|switch|p2b: Scizor|Scizor, F|91\/100\n|-end|p1b: Iron Hands|Quark Drive|[silent]\n|switch|p1b: Landorus|Landorus-Therian, M|89\/100\n|-ability|p1b: Landorus|Intimidate|boost\n|-unboost|p2a: Gliscor|atk|1\n|-unboost|p2b: Scizor|atk|1\n|move|p2a: Gliscor|Dual Wingbeat|p1b: Landorus\n|-damage|p1b: Landorus|80\/100\n|-damage|p1b: Landorus|71\/100\n|-hitcount|p1b: Landorus|2\n|move|p1a: Cresselia|Psychic|p2a: Gliscor\n|-damage|p2a: Gliscor|0 fnt\n|faint|p2a: Gliscor\n|\n|upkeep\n|\n|t:|1700239022\n|switch|p2a: Gastrodon|Gastrodon, F|32\/100\n|turn|18\n|\n|t:|1700239031\n|move|p1b: Landorus|Stomping Tantrum|p2b: Scizor\n|-damage|p2b: Scizor|47\/100\n|move|p1a: Cresselia|Moonblast|p2a: Gastrodon\n|-damage|p2a: Gastrodon|11\/100\n|move|p2b: Scizor|U-turn|p1a: Cresselia\n|-supereffective|p1a: Cresselia\n|-damage|p1a: Cresselia|76\/100\n|\n|t:|1700239040\n|switch|p2b: Sinistcha|Sinistcha-Masterpiece|83\/100|[from] U-turn\n|-heal|p2a: Gastrodon|36\/100|[from] ability: Hospitality|[of] p2b: Sinistcha\n|move|p2a: Gastrodon|Ice Beam|p1b: Landorus\n|-supereffective|p1b: Landorus\n|-damage|p1b: Landorus|0 fnt\n|faint|p1b: Landorus\n|\n|-heal|p1a: Cresselia|82\/100|[from] item: Leftovers\n|-sideend|p1: JustRadAlex|Reflect\n|upkeep\n|\n|t:|1700239053\n|switch|p1b: Iron Hands|Iron Hands, tera:Grass|24\/100\n|turn|19\n|\n|t:|1700239064\n|move|p1b: Iron Hands|Fake Out|p2a: Gastrodon\n|-damage|p2a: Gastrodon|17\/100\n|move|p1a: Cresselia|Lunar Blessing|p1a: Cresselia|[spread] p1a,p1b\n|-heal|p1a: Cresselia|100\/100\n|-heal|p1b: Iron Hands|49\/100\n|move|p2b: Sinistcha|Night Shade|p1b: Iron Hands\n|-damage|p1b: Iron Hands|29\/100\n|cant|p2a: Gastrodon|flinch\n|\n|-sideend|p1: JustRadAlex|move: Light Screen\n|upkeep\n|turn|20\n|\n|t:|1700239091\n|move|p1a: Cresselia|Calm Mind|p1a: Cresselia\n|-boost|p1a: Cresselia|spa|1\n|-boost|p1a: Cresselia|spd|1\n|move|p2b: Sinistcha|Night Shade|p1b: Iron Hands\n|-damage|p1b: Iron Hands|9\/100\n|move|p1b: Iron Hands|Drain Punch|p2a: Gastrodon\n|-damage|p2a: Gastrodon|0 fnt\n|-heal|p1b: Iron Hands|16\/100|[from] drain|[of] p2a: Gastrodon\n|faint|p2a: Gastrodon\n|\n|upkeep\n|inactive|fritsbjee has 120 seconds left.\n|\n|t:|1700239103\n|switch|p2a: Scizor|Scizor, F|47\/100\n|turn|21\n|\n|t:|1700239116\n|-end|p1b: Iron Hands|Quark Drive|[silent]\n|switch|p1b: Grimmsnarl|Grimmsnarl, M, shiny|19\/100\n|move|p1a: Cresselia|Moonblast|p2b: Sinistcha\n|-damage|p2b: Sinistcha|33\/100\n|-unboost|p2b: Sinistcha|spa|1\n|move|p2b: Sinistcha|Night Shade|p1b: Grimmsnarl\n|-damage|p1b: Grimmsnarl|0 fnt\n|faint|p1b: Grimmsnarl\n|move|p2a: Scizor|Pounce|p1a: Cresselia\n|-supereffective|p1a: Cresselia\n|-damage|p1a: Cresselia|43\/100\n|-unboost|p1a: Cresselia|spe|1\n|\n|-heal|p1a: Cresselia|49\/100|[from] item: Leftovers\n|upkeep\n|\n|t:|1700239127\n|switch|p1b: Iron Hands|Iron Hands, tera:Grass|16\/100\n|turn|22\n|\n|t:|1700239151\n|move|p1b: Iron Hands|Fake Out|p2a: Scizor\n|-resisted|p2a: Scizor\n|-damage|p2a: Scizor|39\/100\n|move|p2b: Sinistcha|Life Dew|p2b: Sinistcha|[spread] p2a,p2b\n|-heal|p2a: Scizor|64\/100\n|-heal|p2b: Sinistcha|59\/100\n|cant|p2a: Scizor|flinch\n|move|p1a: Cresselia|Lunar Blessing|p1a: Cresselia|[spread] p1a,p1b\n|-heal|p1a: Cresselia|74\/100\n|-heal|p1b: Iron Hands|41\/100\n|\n|-heal|p1a: Cresselia|81\/100|[from] item: Leftovers\n|upkeep\n|turn|23\n|inactive|fritsbjee has 120 seconds left.\n|\n|t:|1700239182\n|move|p2b: Sinistcha|Night Shade|p1a: Cresselia\n|-damage|p1a: Cresselia|58\/100\n|move|p2a: Scizor|Pounce|p1a: Cresselia\n|-supereffective|p1a: Cresselia\n|-damage|p1a: Cresselia|3\/100\n|-unboost|p1a: Cresselia|spe|1\n|move|p1b: Iron Hands|Drain Punch|p2a: Scizor\n|-damage|p2a: Scizor|16\/100\n|-heal|p1b: Iron Hands|58\/100|[from] drain|[of] p2a: Scizor\n|move|p1a: Cresselia|Lunar Blessing|p1a: Cresselia|[spread] p1a,p1b\n|-heal|p1a: Cresselia|28\/100\n|-heal|p1b: Iron Hands|83\/100\n|\n|-heal|p1a: Cresselia|35\/100|[from] item: Leftovers\n|upkeep\n|turn|24\n|\n|t:|1700239207\n|move|p2b: Sinistcha|Life Dew|p2b: Sinistcha|[spread] p2a,p2b\n|-heal|p2a: Scizor|41\/100\n|-heal|p2b: Sinistcha|84\/100\n|move|p2a: Scizor|Pounce|p1a: Cresselia\n|-supereffective|p1a: Cresselia\n|-damage|p1a: Cresselia|0 fnt\n|faint|p1a: Cresselia\n|move|p1b: Iron Hands|Drain Punch|p2a: Scizor\n|-damage|p2a: Scizor|0 fnt\n|-heal|p1b: Iron Hands|97\/100|[from] drain|[of] p2a: Scizor\n|faint|p2a: Scizor\n|\n|upkeep\n|turn|25\n|\n|t:|1700239223\n|move|p2b: Sinistcha|Matcha Gotcha|p1b: Iron Hands\n|-resisted|p1b: Iron Hands\n|-damage|p1b: Iron Hands|90\/100\n|-heal|p2b: Sinistcha|89\/100|[from] drain|[of] p1b: Iron Hands\n|move|p1b: Iron Hands|Heavy Slam|p2b: Sinistcha\n|-damage|p2b: Sinistcha|57\/100\n|\n|upkeep\n|turn|26\n|\n|t:|1700239246\n|move|p2b: Sinistcha|Night Shade|p1b: Iron Hands\n|-damage|p1b: Iron Hands|70\/100\n|move|p1b: Iron Hands|Heavy Slam|p2b: Sinistcha\n|-damage|p2b: Sinistcha|25\/100\n|\n|upkeep\n|turn|27\n|c|\u2606JustRadAlex|This is it lmaoo\n|\n|t:|1700239255\n|move|p2b: Sinistcha|Life Dew|p2b: Sinistcha\n|-heal|p2b: Sinistcha|50\/100\n|move|p1b: Iron Hands|Heavy Slam|p2b: Sinistcha\n|-damage|p2b: Sinistcha|20\/100\n|\n|upkeep\n|turn|28\n|\n|t:|1700239263\n|move|p2b: Sinistcha|Matcha Gotcha|p1b: Iron Hands\n|-resisted|p1b: Iron Hands\n|-damage|p1b: Iron Hands|63\/100\n|-heal|p2b: Sinistcha|24\/100|[from] drain|[of] p1b: Iron Hands\n|move|p1b: Iron Hands|Heavy Slam|p2b: Sinistcha\n|-damage|p2b: Sinistcha|0 fnt\n|faint|p2b: Sinistcha\n|\n|win|JustRadAlex\n|raw|JustRadAlex's rating: 1295 &rarr; <strong>1326<\/strong><br \/>(+31 for winning)\n|raw|fritsbjee's rating: 1386 &rarr; <strong>1361<\/strong><br \/>(-25 for losing)\n|c|\u2606JustRadAlex|Ggs\n|c|\u2606fritsbjee|Gg\n","uploadtime":1700239284,"views":9,"p1id":"justradalex","p2id":"fritsbjee","formatid":"gen9doublesou","rating":1326,"private":0,"password":""}