{"id":"gen9doublesou-1973295412","p1":"DratiniKing10","p2":"whitest bread","format":"[Gen 9] Doubles OU","log":"|j|\u2606DratiniKing10\n|j|\u2606whitest bread\n|t:|1697950296\n|gametype|doubles\n|player|p1|DratiniKing10|lucas|1206\n|player|p2|whitest bread|nate|1049\n|teamsize|p1|6\n|teamsize|p2|6\n|gen|9\n|tier|[Gen 9] Doubles OU\n|rated|\n|rule|Species Clause: Limit one of each Pok\u00e9mon\n|rule|OHKO Clause: OHKO moves are banned\n|rule|Evasion Moves Clause: Evasion moves are banned\n|rule|Gravity Sleep Clause: The combination of sleep-inducing moves with imperfect accuracy and Gravity or Gigantamax Orbeetle are banned\n|rule|Endless Battle Clause: Forcing endless battles is banned\n|rule|HP Percentage Mod: HP is shown in percentages\n|clearpoke\n|poke|p1|Ting-Lu|\n|poke|p1|Arcanine, M|\n|poke|p1|Kingambit, M|\n|poke|p1|Tornadus, M|\n|poke|p1|Sneasler, M|\n|poke|p1|Ogerpon-Wellspring, F|\n|poke|p2|Cetitan, F|\n|poke|p2|Gastrodon, M|\n|poke|p2|Hatterene, F|\n|poke|p2|Kingambit, M|\n|poke|p2|Indeedee-F, F|\n|poke|p2|Amoonguss, M|\n|teampreview\n|\n|t:|1697950303\n|start\n|switch|p1a: &IHaveAnAxe|Kingambit, M, shiny|100\/100\n|switch|p1b: Tavi|Sneasler, M|100\/100\n|switch|p2a: Hatterene|Hatterene, F|100\/100\n|switch|p2b: Indeedee|Indeedee-F, F|100\/100\n|turn|1\n|\n|t:|1697950317\n|move|p2b: Indeedee|Follow Me|p2b: Indeedee\n|-singleturn|p2b: Indeedee|move: Follow Me\n|move|p1b: Tavi|Dire Claw|p2b: Indeedee\n|-damage|p2b: Indeedee|49\/100\n|-status|p2b: Indeedee|par\n|-activate|p2b: Indeedee|ability: Synchronize\n|-status|p1b: Tavi|par\n|move|p1a: &IHaveAnAxe|Kowtow Cleave|p2b: Indeedee\n|-supereffective|p2b: Indeedee\n|-damage|p2b: Indeedee|0 fnt\n|faint|p2b: Indeedee\n|-damage|p1a: &IHaveAnAxe|91\/100|[from] item: Life Orb\n|move|p2a: Hatterene|Trick Room|p2a: Hatterene\n|-fieldstart|move: Trick Room|[of] p2a: Hatterene\n|-enditem|p2a: Hatterene|Room Service\n|-unboost|p2a: Hatterene|spe|1|[from] item: Room Service\n|\n|upkeep\n|\n|t:|1697950334\n|switch|p2b: Titanus|Cetitan, F|100\/100\n|turn|2\n|\n|t:|1697950342\n|-terastallize|p2b: Titanus|Fighting\n|move|p2a: Hatterene|Dazzling Gleam|p1b: Tavi|[spread] p1a,p1b\n|-damage|p1a: &IHaveAnAxe|56\/100\n|-damage|p1b: Tavi|51\/100 par\n|move|p2b: Titanus|Superpower|p1a: &IHaveAnAxe\n|-supereffective|p1a: &IHaveAnAxe\n|-damage|p1a: &IHaveAnAxe|0 fnt\n|-unboost|p2b: Titanus|atk|1\n|-unboost|p2b: Titanus|def|1\n|faint|p1a: &IHaveAnAxe\n|cant|p1b: Tavi|par\n|\n|upkeep\n|\n|t:|1697950359\n|switch|p1a: Miles|Tornadus, M|100\/100\n|turn|3\n|\n|t:|1697950374\n|move|p1a: Miles|Rain Dance|p1a: Miles\n|-weather|RainDance\n|move|p2a: Hatterene|Dazzling Gleam|p1b: Tavi|[spread] p1a,p1b\n|-crit|p1b: Tavi\n|-damage|p1a: Miles|63\/100\n|-damage|p1b: Tavi|0 fnt\n|faint|p1b: Tavi\n|move|p2b: Titanus|Superpower|p1a: Miles\n|-resisted|p1a: Miles\n|-damage|p1a: Miles|32\/100\n|-unboost|p2b: Titanus|atk|1\n|-unboost|p2b: Titanus|def|1\n|-enditem|p1a: Miles|Sitrus Berry|[eat]\n|-heal|p1a: Miles|57\/100|[from] item: Sitrus Berry\n|\n|-weather|RainDance|[upkeep]\n|upkeep\n|\n|t:|1697950386\n|switch|p1b: Julica|Ogerpon-Wellspring, F|100\/100\n|turn|4\n|\n|t:|1697950396\n|move|p2a: Hatterene|Dazzling Gleam|p1a: Miles|[spread] p1a,p1b\n|-damage|p1a: Miles|21\/100\n|-damage|p1b: Julica|62\/100\n|move|p2b: Titanus|Superpower|p1a: Miles\n|-resisted|p1a: Miles\n|-damage|p1a: Miles|0 fnt\n|-unboost|p2b: Titanus|atk|1\n|-unboost|p2b: Titanus|def|1\n|faint|p1a: Miles\n|move|p1b: Julica|Ivy Cudgel|p2a: Hatterene\n|-damage|p2a: Hatterene|0 fnt\n|faint|p2a: Hatterene\n|\n|-weather|RainDance|[upkeep]\n|upkeep\n|\n|t:|1697950409\n|switch|p2a: Gastrodon|Gastrodon, M|100\/100\n|switch|p1a: Zach|Arcanine, M, shiny|100\/100\n|-ability|p1a: Zach|Intimidate|boost\n|-unboost|p2a: Gastrodon|atk|1\n|-unboost|p2b: Titanus|atk|1\n|turn|5\n|\n|t:|1697950423\n|move|p2a: Gastrodon|Earth Power|p1a: Zach\n|-supereffective|p1a: Zach\n|-damage|p1a: Zach|0 fnt\n|faint|p1a: Zach\n|move|p2b: Titanus|Superpower|p1b: Julica\n|-damage|p1b: Julica|21\/100\n|-unboost|p2b: Titanus|atk|1\n|-unboost|p2b: Titanus|def|1\n|move|p1b: Julica|Horn Leech|p2a: Gastrodon\n|-supereffective|p2a: Gastrodon\n|-damage|p2a: Gastrodon|0 fnt\n|-heal|p1b: Julica|80\/100|[from] drain|[of] p2a: Gastrodon\n|faint|p2a: Gastrodon\n|\n|-weather|RainDance|[upkeep]\n|-fieldend|move: Trick Room\n|upkeep\n|\n|t:|1697950438\n|switch|p1a: MooseCraft|Ting-Lu|100\/100\n|switch|p2a: Amoonguss|Amoonguss, M|100\/100\n|-ability|p1a: MooseCraft|Vessel of Ruin\n|turn|6\n|\n|t:|1697950448\n|move|p1b: Julica|Ivy Cudgel|p2b: Titanus\n|-damage|p2b: Titanus|0 fnt\n|faint|p2b: Titanus\n|move|p1a: MooseCraft|Ruination|p2a: Amoonguss\n|-damage|p2a: Amoonguss|51\/100\n|move|p2a: Amoonguss|Spore|p1b: Julica\n|-immune|p1b: Julica\n|\n|-weather|RainDance|[upkeep]\n|upkeep\n|\n|t:|1697950457\n|switch|p2b: Kingambit|Kingambit, M|100\/100\n|-activate|p2b: Kingambit|ability: Supreme Overlord\n|-start|p2b: Kingambit|fallen4|[silent]\n|turn|7\n|\n|t:|1697950475\n|move|p2b: Kingambit|Sucker Punch|p1b: Julica\n|-damage|p1b: Julica|0 fnt\n|faint|p1b: Julica\n|-damage|p2b: Kingambit|91\/100|[from] item: Life Orb\n|move|p1a: MooseCraft|Ruination|p2a: Amoonguss\n|-damage|p2a: Amoonguss|26\/100\n|move|p2a: Amoonguss|Energy Ball|p1a: MooseCraft\n|-supereffective|p1a: MooseCraft\n|-damage|p1a: MooseCraft|75\/100\n|\n|-weather|none\n|-heal|p1a: MooseCraft|82\/100|[from] item: Leftovers\n|upkeep\n|turn|8\n|\n|t:|1697950497\n|move|p1a: MooseCraft|Ruination|p2a: Amoonguss\n|-damage|p2a: Amoonguss|13\/100\n|move|p2b: Kingambit|Kowtow Cleave|p1a: MooseCraft\n|-resisted|p1a: MooseCraft\n|-crit|p1a: MooseCraft\n|-damage|p1a: MooseCraft|49\/100\n|-damage|p2b: Kingambit|81\/100|[from] item: Life Orb\n|move|p2a: Amoonguss|Spore|p1a: MooseCraft\n|-status|p1a: MooseCraft|slp|[from] move: Spore\n|\n|-heal|p1a: MooseCraft|56\/100 slp|[from] item: Leftovers\n|upkeep\n|turn|9\n|\n|t:|1697950511\n|cant|p1a: MooseCraft|slp\n|move|p2b: Kingambit|Iron Head|p1a: MooseCraft\n|-damage|p1a: MooseCraft|16\/100 slp\n|-damage|p2b: Kingambit|71\/100|[from] item: Life Orb\n|move|p2a: Amoonguss|Hex|p1a: MooseCraft\n|-resisted|p1a: MooseCraft\n|-damage|p1a: MooseCraft|10\/100 slp\n|\n|-heal|p1a: MooseCraft|16\/100 slp|[from] item: Leftovers\n|upkeep\n|turn|10\n|c|\u2606DratiniKing10|GG\n|\n|t:|1697950524\n|cant|p1a: MooseCraft|slp\n|move|p2b: Kingambit|Iron Head|p1a: MooseCraft\n|-damage|p1a: MooseCraft|0 fnt\n|faint|p1a: MooseCraft\n|-damage|p2b: Kingambit|61\/100|[from] item: Life Orb\n|\n|win|whitest bread\n|raw|DratiniKing10's rating: 1206 &rarr; <strong>1170<\/strong><br \/>(-36 for losing)\n|raw|whitest bread's rating: 1049 &rarr; <strong>1095<\/strong><br \/>(+46 for winning)\n|c|\u2606whitest bread|gg\n","uploadtime":1697950532,"views":17,"p1id":"dratiniking10","p2id":"whitestbread","formatid":"gen9doublesou","rating":1095,"private":0,"password":""}