{"id":"gen9doublesou-1970770940","p1":"juicywow","p2":"Leblades123","format":"[Gen 9] Doubles OU","log":"|j|\u2606juicywow\n|j|\u2606Leblades123\n|t:|1697665555\n|gametype|doubles\n|player|p1|juicywow|265|1014\n|player|p2|Leblades123|hiker-gen4|1034\n|teamsize|p1|6\n|teamsize|p2|6\n|gen|9\n|tier|[Gen 9] Doubles OU\n|rated|\n|rule|Species Clause: Limit one of each Pok\u00e9mon\n|rule|OHKO Clause: OHKO moves are banned\n|rule|Evasion Moves Clause: Evasion moves are banned\n|rule|Gravity Sleep Clause: The combination of sleep-inducing moves with imperfect accuracy and Gravity or Gigantamax Orbeetle are banned\n|rule|Endless Battle Clause: Forcing endless battles is banned\n|rule|HP Percentage Mod: HP is shown in percentages\n|clearpoke\n|poke|p1|Slaking, F|\n|poke|p1|Ninetales-Alola, F|\n|poke|p1|Clefairy, F|\n|poke|p1|Stonjourner, F|\n|poke|p1|Grafaiai, F|\n|poke|p1|Pawmot, M|\n|poke|p2|Weezing, M|\n|poke|p2|Morpeko, M|\n|poke|p2|Empoleon, F|\n|poke|p2|Sinistcha|\n|poke|p2|Iron Moth|\n|poke|p2|Dragonite, M|\n|teampreview\n|\n|t:|1697665574\n|start\n|switch|p1a: Ninetales|Ninetales-Alola, F|100\/100\n|switch|p1b: Clefairy|Clefairy, F|100\/100\n|switch|p2a: Morpeko|Morpeko, M|100\/100\n|switch|p2b: Louise|Dragonite, M|100\/100\n|-weather|Snow|[from] ability: Snow Warning|[of] p1a: Ninetales\n|turn|1\n|\n|t:|1697665598\n|move|p1b: Clefairy|Follow Me|p1b: Clefairy\n|-singleturn|p1b: Clefairy|move: Follow Me\n|move|p2a: Morpeko|Thunder Wave|p1b: Clefairy\n|-status|p1b: Clefairy|par\n|move|p1a: Ninetales|Aurora Veil|p1a: Ninetales\n|-sidestart|p1: juicywow|move: Aurora Veil\n|move|p2b: Louise|Dragon Dance|p2b: Louise\n|-boost|p2b: Louise|atk|1\n|-boost|p2b: Louise|spe|1\n|\n|-weather|Snow|[upkeep]\n|-formechange|p2a: Morpeko|Morpeko-Hangry||[from] ability: Hunger Switch\n|upkeep\n|turn|2\n|\n|t:|1697665623\n|-terastallize|p2b: Louise|Normal\n|move|p1b: Clefairy|Follow Me|p1b: Clefairy\n|-singleturn|p1b: Clefairy|move: Follow Me\n|move|p2b: Louise|Dragon Dance|p2b: Louise\n|-boost|p2b: Louise|atk|1\n|-boost|p2b: Louise|spe|1\n|move|p2a: Morpeko|Parting Shot|p1b: Clefairy\n|-unboost|p1b: Clefairy|atk|1\n|-unboost|p1b: Clefairy|spa|1\n|\n|t:|1697665634\n|switch|p2a: Weezing|Weezing, M|100\/100|[from] Parting Shot\n|-ability|p2a: Weezing|Neutralizing Gas\n|move|p1a: Ninetales|Icy Wind|p2a: Weezing|[spread] p2a,p2b\n|-damage|p2a: Weezing|87\/100\n|-damage|p2b: Louise|89\/100\n|-unboost|p2a: Weezing|spe|1\n|-unboost|p2b: Louise|spe|1\n|\n|-weather|Snow|[upkeep]\n|upkeep\n|turn|3\n|inactive|Battle timer is ON: inactive players will automatically lose when time's up. (requested by Leblades123)\n|\n|t:|1697665653\n|switch|p1a: Slaking|Slaking, F|100\/100\n|move|p2b: Louise|Extreme Speed|p1b: Clefairy\n|-damage|p1b: Clefairy|25\/100 par\n|move|p1b: Clefairy|Follow Me|p1b: Clefairy\n|-singleturn|p1b: Clefairy|move: Follow Me\n|move|p2a: Weezing|Sludge Bomb|p1b: Clefairy\n|-supereffective|p1b: Clefairy\n|-damage|p1b: Clefairy|3\/100 par\n|\n|-weather|Snow|[upkeep]\n|-status|p1a: Slaking|tox|[from] item: Toxic Orb\n|upkeep\n|turn|4\n|inactive|juicywow has 120 seconds left.\n|\n|t:|1697665684\n|-end|p2a: Weezing|ability: Neutralizing Gas\n|switch|p2a: Sinistcha|Sinistcha|100\/100\n|-heal|p2b: Louise|100\/100|[from] ability: Hospitality|[of] p2a: Sinistcha\n|-terastallize|p1a: Slaking|Ghost\n|move|p2b: Louise|Extreme Speed|p1b: Clefairy\n|-damage|p1b: Clefairy|0 fnt\n|faint|p1b: Clefairy\n|move|p1a: Slaking|Facade|p2b: Louise\n|-damage|p2b: Louise|58\/100\n|\n|-weather|Snow|[upkeep]\n|-damage|p1a: Slaking|94\/100 tox|[from] psn\n|upkeep\n|inactive|juicywow has 120 seconds left.\n|\n|t:|1697665701\n|switch|p1b: Grafaiai|Grafaiai, F|100\/100\n|turn|5\n|\n|t:|1697665717\n|move|p1b: Grafaiai|Doodle|p2b: Louise\n|-endability|p1a: Slaking|Truant|[from] move: Doodle\n|-ability|p1a: Slaking|Multiscale|[from] move: Doodle\n|-endability|p1b: Grafaiai|Prankster|[from] move: Doodle\n|-ability|p1b: Grafaiai|Multiscale|[from] move: Doodle\n|move|p2b: Louise|Scale Shot|p1a: Slaking\n|-damage|p1a: Slaking|81\/100 tox\n|-crit|p1a: Slaking\n|-damage|p1a: Slaking|49\/100 tox\n|-damage|p1a: Slaking|36\/100 tox\n|-damage|p1a: Slaking|23\/100 tox\n|-hitcount|p1a: Slaking|4\n|-unboost|p2b: Louise|def|1\n|-boost|p2b: Louise|spe|1\n|move|p1a: Slaking|Facade|p2b: Louise\n|-damage|p2b: Louise|0 fnt\n|faint|p2b: Louise\n|move|p2a: Sinistcha|Strength Sap|p1a: Slaking\n|-unboost|p1a: Slaking|atk|1\n|\n|-weather|none\n|-damage|p1a: Slaking|10\/100 tox|[from] psn\n|upkeep\n|\n|t:|1697665729\n|switch|p2b: Morpeko|Morpeko, M|100\/100\n|turn|6\n|\n|t:|1697665758\n|move|p2b: Morpeko|Parting Shot|p1b: Grafaiai\n|-unboost|p1b: Grafaiai|atk|1\n|-unboost|p1b: Grafaiai|spa|1\n|inactive|Leblades123 has 120 seconds left.\n|\n|t:|1697665771\n|switch|p2b: Iron Moth|Iron Moth|100\/100|[from] Parting Shot\n|-enditem|p2b: Iron Moth|Booster Energy\n|-activate|p2b: Iron Moth|ability: Quark Drive|[fromitem]\n|-start|p2b: Iron Moth|quarkdrivespe\n|move|p1b: Grafaiai|Doodle|p2a: Sinistcha\n|-endability|p1a: Slaking|Multiscale|[from] move: Doodle\n|-ability|p1a: Slaking|Hospitality|[from] move: Doodle\n|-endability|p1b: Grafaiai|Multiscale|[from] move: Doodle\n|-heal|p1a: Slaking|35\/100 tox|[from] ability: Hospitality|[of] p1b: Grafaiai\n|-ability|p1b: Grafaiai|Hospitality|[from] move: Doodle\n|move|p1a: Slaking|Slack Off|p1a: Slaking\n|-heal|p1a: Slaking|85\/100 tox\n|move|p2a: Sinistcha|Matcha Gotcha|p1a: Slaking|[spread] \n|-miss|p2a: Sinistcha|p1a: Slaking\n|-miss|p2a: Sinistcha|p1b: Grafaiai\n|\n|-damage|p1a: Slaking|67\/100 tox|[from] psn\n|upkeep\n|turn|7\n|inactive|juicywow has 120 seconds left.\n|\n|t:|1697665826\n|move|p2b: Iron Moth|Substitute|p2b: Iron Moth\n|-start|p2b: Iron Moth|Substitute\n|-damage|p2b: Iron Moth|76\/100\n|move|p1b: Grafaiai|Knock Off|p2a: Sinistcha\n|-supereffective|p2a: Sinistcha\n|-damage|p2a: Sinistcha|77\/100\n|-enditem|p2a: Sinistcha|Sitrus Berry|[from] move: Knock Off|[of] p1b: Grafaiai\n|move|p1a: Slaking|Facade|p2b: Iron Moth\n|-end|p2b: Iron Moth|Substitute\n|move|p2a: Sinistcha|Matcha Gotcha|p1a: Slaking|[spread] p1a,p1b\n|-crit|p1a: Slaking\n|-resisted|p1b: Grafaiai\n|-damage|p1a: Slaking|30\/100 tox\n|-heal|p2a: Sinistcha|100\/100|[from] drain|[of] p1a: Slaking\n|-damage|p1b: Grafaiai|93\/100\n|\n|-damage|p1a: Slaking|5\/100 tox|[from] psn\n|upkeep\n|turn|8\n|inactive|juicywow has 120 seconds left.\n|\n|t:|1697665854\n|move|p2a: Sinistcha|Rage Powder|p2a: Sinistcha\n|-singleturn|p2a: Sinistcha|move: Rage Powder\n|move|p2b: Iron Moth|Fiery Dance|p1a: Slaking\n|-damage|p1a: Slaking|0 fnt\n|faint|p1a: Slaking\n|move|p1b: Grafaiai|Encore|p2a: Sinistcha\n|-start|p2a: Sinistcha|Encore\n|\n|-sideend|p1: juicywow|move: Aurora Veil\n|upkeep\n|\n|t:|1697665864\n|switch|p1a: Ninetales|Ninetales-Alola, F|100\/100\n|-weather|Snow|[from] ability: Snow Warning|[of] p1a: Ninetales\n|turn|9\n|\n|t:|1697665881\n|-end|p2b: Iron Moth|Quark Drive|[silent]\n|switch|p2b: Morpeko|Morpeko, M|100\/100\n|switch|p2a: Weezing|Weezing, M|87\/100\n|-ability|p2a: Weezing|Neutralizing Gas\n|-block|p2b: Morpeko|item: Ability Shield\n|move|p1a: Ninetales|Aurora Veil|p1a: Ninetales\n|-sidestart|p1: juicywow|move: Aurora Veil\n|move|p1b: Grafaiai|Parting Shot|p2b: Morpeko\n|-unboost|p2b: Morpeko|atk|1\n|-unboost|p2b: Morpeko|spa|1\n|\n|t:|1697665893\n|switch|p1b: Pawmot|Pawmot, M|100\/100|[from] Parting Shot\n|\n|-weather|Snow|[upkeep]\n|-formechange|p2b: Morpeko|Morpeko-Hangry||[from] ability: Hunger Switch\n|upkeep\n|turn|10\n|inactive|juicywow has 120 seconds left.\n|\n|t:|1697665916\n|move|p1b: Pawmot|Fake Out|p2b: Morpeko\n|-damage|p2b: Morpeko|76\/100\n|cant|p2b: Morpeko|flinch\n|move|p1a: Ninetales|Dazzling Gleam|p2a: Weezing|[spread] p2a,p2b\n|-resisted|p2a: Weezing\n|-supereffective|p2b: Morpeko\n|-damage|p2a: Weezing|78\/100\n|-damage|p2b: Morpeko|6\/100\n|move|p2a: Weezing|Taunt|p1a: Ninetales\n|-start|p1a: Ninetales|move: Taunt\n|\n|-weather|Snow|[upkeep]\n|-formechange|p2b: Morpeko|Morpeko||[from] ability: Hunger Switch\n|upkeep\n|turn|11\n|inactive|juicywow has 120 seconds left.\n|inactive|Leblades123 has 120 seconds left.\n|\n|t:|1697665948\n|move|p1b: Pawmot|Revival Blessing|p1b: Pawmot\n|\n|t:|1697665952\n|-heal|p1: Slaking|50\/100|[from] move: Revival Blessing\n|move|p2b: Morpeko|Parting Shot|p1b: Pawmot\n|-unboost|p1b: Pawmot|atk|1\n|-unboost|p1b: Pawmot|spa|1\n|inactive|Leblades123 has 120 seconds left.\n|\n|t:|1697665963\n|switch|p2b: Empoleon|Empoleon, F|100\/100|[from] Parting Shot\n|move|p1a: Ninetales|Icy Wind|p2a: Weezing|[spread] p2a,p2b\n|-resisted|p2b: Empoleon\n|-damage|p2a: Weezing|66\/100\n|-damage|p2b: Empoleon|99\/100\n|-unboost|p2a: Weezing|spe|1\n|-unboost|p2b: Empoleon|spe|1\n|move|p2a: Weezing|Will-O-Wisp|p1b: Pawmot\n|-status|p1b: Pawmot|brn\n|\n|-weather|Snow|[upkeep]\n|-damage|p1b: Pawmot|94\/100 brn|[from] brn\n|upkeep\n|turn|12\n|inactive|Leblades123 has 120 seconds left.\n|inactive|juicywow has 120 seconds left.\n|\n|t:|1697665999\n|switch|p1b: Stonjourner|Stonjourner, F|100\/100\n|move|p1a: Ninetales|Icy Wind|p2b: Empoleon|[spread] p2a,p2b\n|-resisted|p2b: Empoleon\n|-damage|p2a: Weezing|53\/100\n|-damage|p2b: Empoleon|97\/100\n|-unboost|p2a: Weezing|spe|1\n|-unboost|p2b: Empoleon|spe|1\n|move|p2b: Empoleon|Blizzard|p1b: Stonjourner|[spread] p1a,p1b\n|-resisted|p1a: Ninetales\n|-damage|p1a: Ninetales|92\/100\n|-damage|p1b: Stonjourner|53\/100\n|move|p2a: Weezing|Sludge Bomb|p1a: Ninetales\n|-supereffective|p1a: Ninetales\n|-crit|p1a: Ninetales\n|-damage|p1a: Ninetales|9\/100\n|\n|-weather|Snow|[upkeep]\n|upkeep\n|turn|13\n|\n|t:|1697666023\n|move|p2b: Empoleon|Vacuum Wave|p1a: Ninetales\n|-damage|p1a: Ninetales|0 fnt\n|faint|p1a: Ninetales\n|move|p1b: Stonjourner|Body Press|p2b: Empoleon\n|-supereffective|p2b: Empoleon\n|-damage|p2b: Empoleon|29\/100\n|move|p2a: Weezing|Sludge Bomb|p1b: Stonjourner\n|-resisted|p1b: Stonjourner\n|-damage|p1b: Stonjourner|29\/100\n|\n|-weather|none\n|upkeep\n|inactive|juicywow has 120 seconds left.\n|\n|t:|1697666034\n|switch|p1a: Slaking|Slaking, F|50\/100\n|turn|14\n|\n|t:|1697666062\n|move|p1a: Slaking|Knock Off|p2a: Weezing\n|-damage|p2a: Weezing|23\/100\n|-damage|p1a: Slaking|34\/100|[from] item: Rocky Helmet|[of] p2a: Weezing\n|-enditem|p2a: Weezing|Rocky Helmet|[from] move: Knock Off|[of] p1a: Slaking\n|move|p1b: Stonjourner|Body Press|p2b: Empoleon\n|-supereffective|p2b: Empoleon\n|-damage|p2b: Empoleon|0 fnt\n|faint|p2b: Empoleon\n|move|p2a: Weezing|Will-O-Wisp|p1a: Slaking\n|-status|p1a: Slaking|brn\n|\n|-damage|p1a: Slaking|28\/100 brn|[from] brn\n|upkeep\n|inactive|Leblades123 has 120 seconds left.\n|\n|t:|1697666073\n|switch|p2b: Morpeko|Morpeko, M|6\/100\n|turn|15\n|inactive|juicywow has 120 seconds left.\n|\n|t:|1697666112\n|-end|p2a: Weezing|ability: Neutralizing Gas\n|switch|p2a: Sinistcha|Sinistcha|100\/100\n|-heal|p2b: Morpeko|30\/100|[from] ability: Hospitality|[of] p2a: Sinistcha\n|move|p2b: Morpeko|Aura Wheel|p1a: Slaking\n|-damage|p1a: Slaking|7\/100 brn\n|-boost|p2b: Morpeko|spe|1\n|move|p1a: Slaking|Slack Off|p1a: Slaking\n|-heal|p1a: Slaking|57\/100 brn\n|move|p1b: Stonjourner|Body Press|p2b: Morpeko\n|-supereffective|p2b: Morpeko\n|-damage|p2b: Morpeko|0 fnt\n|faint|p2b: Morpeko\n|\n|-damage|p1a: Slaking|51\/100 brn|[from] brn\n|upkeep\n|\n|t:|1697666119\n|switch|p2b: Iron Moth|Iron Moth|76\/100\n|turn|16\n|\n|t:|1697666144\n|move|p1b: Stonjourner|Wide Guard|p1b: Stonjourner\n|-singleturn|p1b: Stonjourner|Wide Guard\n|move|p2b: Iron Moth|Energy Ball|p1b: Stonjourner\n|-supereffective|p1b: Stonjourner\n|-damage|p1b: Stonjourner|0 fnt\n|faint|p1b: Stonjourner\n|cant|p1a: Slaking|ability: Truant\n|move|p2a: Sinistcha|Strength Sap|p1a: Slaking\n|-unboost|p1a: Slaking|atk|1\n|\n|-damage|p1a: Slaking|45\/100 brn|[from] brn\n|-sideend|p1: juicywow|move: Aurora Veil\n|upkeep\n|inactive|juicywow has 120 seconds left.\n|\n|t:|1697666158\n|switch|p1b: Grafaiai|Grafaiai, F|93\/100\n|turn|17\n|\n|t:|1697666184\n|move|p1b: Grafaiai|Doodle|p2a: Sinistcha\n|-endability|p1a: Slaking|Truant|[from] move: Doodle\n|-heal|p1b: Grafaiai|100\/100|[from] ability: Hospitality|[of] p1a: Slaking\n|-ability|p1a: Slaking|Hospitality|[from] move: Doodle\n|-endability|p1b: Grafaiai|Prankster|[from] move: Doodle\n|-heal|p1a: Slaking|70\/100 brn|[from] ability: Hospitality|[of] p1b: Grafaiai\n|-ability|p1b: Grafaiai|Hospitality|[from] move: Doodle\n|move|p2b: Iron Moth|Fiery Dance|p1a: Slaking\n|-damage|p1a: Slaking|34\/100 brn\n|-boost|p2b: Iron Moth|spa|1\n|move|p1a: Slaking|Facade|p2b: Iron Moth\n|-damage|p2b: Iron Moth|0 fnt\n|faint|p2b: Iron Moth\n|-end|p2b: Iron Moth|Quark Drive|[silent]\n|move|p2a: Sinistcha|Matcha Gotcha|p1b: Grafaiai|[spread] p1a\n|-miss|p2a: Sinistcha|p1b: Grafaiai\n|-damage|p1a: Slaking|9\/100 brn\n|\n|-damage|p1a: Slaking|3\/100 brn|[from] brn\n|upkeep\n|\n|t:|1697666189\n|switch|p2b: Weezing|Weezing, M|23\/100\n|-ability|p2b: Weezing|Neutralizing Gas\n|turn|18\n|inactive|juicywow has 120 seconds left.\n|\n|t:|1697666224\n|move|p2a: Sinistcha|Rage Powder|p2a: Sinistcha\n|-singleturn|p2a: Sinistcha|move: Rage Powder\n|move|p1b: Grafaiai|Parting Shot|p2a: Sinistcha\n|-unboost|p2a: Sinistcha|atk|1\n|-unboost|p2a: Sinistcha|spa|1\n|\n|t:|1697666230\n|switch|p1b: Pawmot|Pawmot, M|94\/100 brn|[from] Parting Shot\n|move|p1a: Slaking|Slack Off|p1a: Slaking\n|-heal|p1a: Slaking|53\/100 brn\n|move|p2b: Weezing|Sludge Bomb|p1a: Slaking\n|-damage|p1a: Slaking|25\/100 brn\n|\n|-damage|p1b: Pawmot|88\/100 brn|[from] brn\n|-damage|p1a: Slaking|19\/100 brn|[from] brn\n|upkeep\n|turn|19\n|inactive|Leblades123 has 120 seconds left.\n|\n|t:|1697666265\n|move|p1b: Pawmot|Fake Out|p2b: Weezing\n|-damage|p2b: Weezing|18\/100\n|move|p1a: Slaking|Slack Off|p1a: Slaking\n|-heal|p1a: Slaking|69\/100 brn\n|move|p2a: Sinistcha|Matcha Gotcha|p1a: Slaking|[spread] p1a,p1b\n|-crit|p1b: Pawmot\n|-damage|p1a: Slaking|53\/100 brn\n|-damage|p1b: Pawmot|20\/100 brn\n|cant|p2b: Weezing|flinch\n|\n|-damage|p1b: Pawmot|14\/100 brn|[from] brn\n|-damage|p1a: Slaking|47\/100 brn|[from] brn\n|upkeep\n|turn|20\n|\n|t:|1697666285\n|move|p1b: Pawmot|Double Shock|p2b: Weezing\n|-damage|p2b: Weezing|0 fnt\n|-start|p1b: Pawmot|typechange|???\/Fighting|[from] move: Double Shock\n|faint|p2b: Weezing\n|-end|p2b: Weezing|ability: Neutralizing Gas\n|-heal|p1b: Pawmot|39\/100 brn|[from] ability: Hospitality|[of] p1a: Slaking\n|move|p1a: Slaking|Knock Off|p2a: Sinistcha\n|-supereffective|p2a: Sinistcha\n|-damage|p2a: Sinistcha|84\/100\n|move|p2a: Sinistcha|Matcha Gotcha|p1b: Pawmot|[spread] p1a,p1b\n|-damage|p1a: Slaking|33\/100 brn\n|-heal|p2a: Sinistcha|94\/100|[from] drain|[of] p1a: Slaking\n|-damage|p1b: Pawmot|8\/100 brn\n|-heal|p2a: Sinistcha|100\/100|[from] drain|[of] p1b: Pawmot\n|\n|-damage|p1b: Pawmot|2\/100 brn|[from] brn\n|-damage|p1a: Slaking|27\/100 brn|[from] brn\n|upkeep\n|turn|21\n|\n|t:|1697666309\n|switch|p1b: Grafaiai|Grafaiai, F|100\/100\n|move|p1a: Slaking|Slack Off|p1a: Slaking\n|-heal|p1a: Slaking|77\/100 brn\n|move|p2a: Sinistcha|Matcha Gotcha|p1a: Slaking|[spread] p1a,p1b\n|-resisted|p1b: Grafaiai\n|-damage|p1a: Slaking|61\/100 brn\n|-damage|p1b: Grafaiai|94\/100\n|-status|p1b: Grafaiai|brn\n|\n|-damage|p1b: Grafaiai|87\/100 brn|[from] brn\n|-damage|p1a: Slaking|55\/100 brn|[from] brn\n|upkeep\n|turn|22\n|\n|t:|1697666336\n|move|p1b: Grafaiai|Doodle|p2a: Sinistcha\n|-endability|p1b: Grafaiai|Prankster|[from] move: Doodle\n|-heal|p1a: Slaking|80\/100 brn|[from] ability: Hospitality|[of] p1b: Grafaiai\n|-ability|p1b: Grafaiai|Hospitality|[from] move: Doodle\n|move|p1a: Slaking|Bulk Up|p1a: Slaking\n|-boost|p1a: Slaking|atk|1\n|-boost|p1a: Slaking|def|1\n|move|p2a: Sinistcha|Strength Sap|p1a: Slaking\n|-unboost|p1a: Slaking|atk|1\n|\n|-damage|p1b: Grafaiai|81\/100 brn|[from] brn\n|-damage|p1a: Slaking|74\/100 brn|[from] brn\n|upkeep\n|turn|23\n|inactive|juicywow has 120 seconds left.\n|\n|t:|1697666371\n|move|p1b: Grafaiai|Parting Shot|p2a: Sinistcha\n|-unboost|p2a: Sinistcha|atk|1\n|-unboost|p2a: Sinistcha|spa|1\n|\n|t:|1697666375\n|switch|p1b: Pawmot|Pawmot, M|2\/100 brn|[from] Parting Shot\n|move|p1a: Slaking|Bulk Up|p1a: Slaking\n|-boost|p1a: Slaking|atk|1\n|-boost|p1a: Slaking|def|1\n|move|p2a: Sinistcha|Matcha Gotcha|p1b: Pawmot|[spread] p1a,p1b\n|-crit|p1b: Pawmot\n|-damage|p1a: Slaking|62\/100 brn\n|-damage|p1b: Pawmot|0 fnt\n|faint|p1b: Pawmot\n|\n|-damage|p1a: Slaking|55\/100 brn|[from] brn\n|upkeep\n|inactive|juicywow has 120 seconds left.\n|\n|t:|1697666389\n|switch|p1b: Grafaiai|Grafaiai, F|81\/100 brn\n|turn|24\n|\n|t:|1697666397\n|move|p1b: Grafaiai|Parting Shot|p2a: Sinistcha\n|-unboost|p2a: Sinistcha|atk|1\n|-unboost|p2a: Sinistcha|spa|1\n|move|p1a: Slaking|Slack Off|p1a: Slaking\n|-heal|p1a: Slaking|100\/100 brn\n|move|p2a: Sinistcha|Strength Sap|p1a: Slaking\n|-unboost|p1a: Slaking|atk|1\n|\n|-damage|p1b: Grafaiai|75\/100 brn|[from] brn\n|-damage|p1a: Slaking|94\/100 brn|[from] brn\n|upkeep\n|turn|25\n|\n|t:|1697666423\n|move|p1b: Grafaiai|Parting Shot|p2a: Sinistcha\n|-unboost|p2a: Sinistcha|atk|1\n|-unboost|p2a: Sinistcha|spa|1\n|move|p1a: Slaking|Knock Off|p2a: Sinistcha\n|-supereffective|p2a: Sinistcha\n|-damage|p2a: Sinistcha|85\/100\n|move|p2a: Sinistcha|Matcha Gotcha|p1b: Grafaiai|[spread] p1a,p1b\n|-resisted|p1b: Grafaiai\n|-damage|p1a: Slaking|87\/100 brn\n|-heal|p2a: Sinistcha|90\/100|[from] drain|[of] p1a: Slaking\n|-damage|p1b: Grafaiai|71\/100 brn\n|-heal|p2a: Sinistcha|92\/100|[from] drain|[of] p1b: Grafaiai\n|\n|-damage|p1b: Grafaiai|65\/100 brn|[from] brn\n|-damage|p1a: Slaking|81\/100 brn|[from] brn\n|upkeep\n|turn|26\n|\n|t:|1697666443\n|move|p1b: Grafaiai|Knock Off|p2a: Sinistcha\n|-supereffective|p2a: Sinistcha\n|-damage|p2a: Sinistcha|81\/100\n|move|p1a: Slaking|Knock Off|p2a: Sinistcha\n|-supereffective|p2a: Sinistcha\n|-damage|p2a: Sinistcha|66\/100\n|move|p2a: Sinistcha|Strength Sap|p1a: Slaking\n|-unboost|p1a: Slaking|atk|1\n|-heal|p2a: Sinistcha|100\/100\n|\n|-damage|p1b: Grafaiai|59\/100 brn|[from] brn\n|-damage|p1a: Slaking|75\/100 brn|[from] brn\n|upkeep\n|turn|27\n|\n|t:|1697666465\n|move|p1b: Grafaiai|Knock Off|p2a: Sinistcha\n|-supereffective|p2a: Sinistcha\n|-damage|p2a: Sinistcha|89\/100\n|move|p1a: Slaking|Knock Off|p2a: Sinistcha\n|-supereffective|p2a: Sinistcha\n|-damage|p2a: Sinistcha|76\/100\n|move|p2a: Sinistcha|Strength Sap|p1b: Grafaiai\n|-unboost|p1b: Grafaiai|atk|1\n|-heal|p2a: Sinistcha|100\/100\n|\n|-damage|p1b: Grafaiai|53\/100 brn|[from] brn\n|-damage|p1a: Slaking|69\/100 brn|[from] brn\n|upkeep\n|turn|28\n|\n|t:|1697666482\n|move|p1b: Grafaiai|Knock Off|p2a: Sinistcha\n|-supereffective|p2a: Sinistcha\n|-damage|p2a: Sinistcha|92\/100\n|move|p1a: Slaking|Knock Off|p2a: Sinistcha\n|-supereffective|p2a: Sinistcha\n|-damage|p2a: Sinistcha|80\/100\n|move|p2a: Sinistcha|Matcha Gotcha|p1a: Slaking|[spread] p1a,p1b\n|-resisted|p1b: Grafaiai\n|-damage|p1a: Slaking|62\/100 brn\n|-heal|p2a: Sinistcha|85\/100|[from] drain|[of] p1a: Slaking\n|-damage|p1b: Grafaiai|49\/100 brn\n|-heal|p2a: Sinistcha|87\/100|[from] drain|[of] p1b: Grafaiai\n|\n|-damage|p1b: Grafaiai|43\/100 brn|[from] brn\n|-damage|p1a: Slaking|55\/100 brn|[from] brn\n|upkeep\n|turn|29\n|\n|t:|1697666507\n|move|p1b: Grafaiai|Knock Off|p2a: Sinistcha\n|-supereffective|p2a: Sinistcha\n|-damage|p2a: Sinistcha|79\/100\n|move|p1a: Slaking|Knock Off|p2a: Sinistcha\n|-supereffective|p2a: Sinistcha\n|-damage|p2a: Sinistcha|67\/100\n|move|p2a: Sinistcha|Strength Sap|p1a: Slaking\n|-unboost|p1a: Slaking|atk|1\n|-heal|p2a: Sinistcha|100\/100\n|\n|-damage|p1b: Grafaiai|37\/100 brn|[from] brn\n|-damage|p1a: Slaking|49\/100 brn|[from] brn\n|upkeep\n|turn|30\n|\n|t:|1697666529\n|move|p1b: Grafaiai|Knock Off|p2a: Sinistcha\n|-supereffective|p2a: Sinistcha\n|-crit|p2a: Sinistcha\n|-damage|p2a: Sinistcha|81\/100\n|move|p1a: Slaking|Knock Off|p2a: Sinistcha\n|-supereffective|p2a: Sinistcha\n|-damage|p2a: Sinistcha|71\/100\n|move|p2a: Sinistcha|Matcha Gotcha|p1a: Slaking|[spread] p1a,p1b\n|-resisted|p1b: Grafaiai\n|-damage|p1a: Slaking|41\/100 brn\n|-heal|p2a: Sinistcha|77\/100|[from] drain|[of] p1a: Slaking\n|-damage|p1b: Grafaiai|33\/100 brn\n|-heal|p2a: Sinistcha|79\/100|[from] drain|[of] p1b: Grafaiai\n|\n|-damage|p1b: Grafaiai|27\/100 brn|[from] brn\n|-damage|p1a: Slaking|35\/100 brn|[from] brn\n|upkeep\n|turn|31\n|\n|t:|1697666549\n|move|p1b: Grafaiai|Parting Shot|p2a: Sinistcha\n|-unboost|p2a: Sinistcha|atk|1\n|-unboost|p2a: Sinistcha|spa|1\n|move|p1a: Slaking|Slack Off|p1a: Slaking\n|-heal|p1a: Slaking|85\/100 brn\n|move|p2a: Sinistcha|Strength Sap|p1b: Grafaiai\n|-unboost|p1b: Grafaiai|atk|1\n|-heal|p2a: Sinistcha|100\/100\n|\n|-damage|p1b: Grafaiai|21\/100 brn|[from] brn\n|-damage|p1a: Slaking|79\/100 brn|[from] brn\n|upkeep\n|-enditem|p1b: Grafaiai|Aguav Berry|[eat]\n|-heal|p1b: Grafaiai|54\/100 brn|[from] item: Aguav Berry\n|turn|32\n|inactive|juicywow has 120 seconds left.\n|\n|t:|1697666583\n|move|p1b: Grafaiai|Knock Off|p2a: Sinistcha\n|-supereffective|p2a: Sinistcha\n|-damage|p2a: Sinistcha|94\/100\n|move|p1a: Slaking|Knock Off|p2a: Sinistcha\n|-supereffective|p2a: Sinistcha\n|-damage|p2a: Sinistcha|84\/100\n|move|p2a: Sinistcha|Matcha Gotcha|p1a: Slaking|[spread] p1a,p1b\n|-resisted|p1b: Grafaiai\n|-damage|p1a: Slaking|72\/100 brn\n|-heal|p2a: Sinistcha|89\/100|[from] drain|[of] p1a: Slaking\n|-damage|p1b: Grafaiai|51\/100 brn\n|-heal|p2a: Sinistcha|90\/100|[from] drain|[of] p1b: Grafaiai\n|\n|-damage|p1b: Grafaiai|45\/100 brn|[from] brn\n|-damage|p1a: Slaking|66\/100 brn|[from] brn\n|upkeep\n|turn|33\n|\n|t:|1697666601\n|move|p1b: Grafaiai|Knock Off|p2a: Sinistcha\n|-supereffective|p2a: Sinistcha\n|-crit|p2a: Sinistcha\n|-damage|p2a: Sinistcha|72\/100\n|move|p1a: Slaking|Bulk Up|p1a: Slaking\n|-boost|p1a: Slaking|atk|1\n|-boost|p1a: Slaking|def|1\n|move|p2a: Sinistcha|Matcha Gotcha|p1a: Slaking|[spread] p1a,p1b\n|-resisted|p1b: Grafaiai\n|-damage|p1a: Slaking|60\/100 brn\n|-heal|p2a: Sinistcha|77\/100|[from] drain|[of] p1a: Slaking\n|-damage|p1b: Grafaiai|43\/100 brn\n|-heal|p2a: Sinistcha|78\/100|[from] drain|[of] p1b: Grafaiai\n|\n|-damage|p1b: Grafaiai|37\/100 brn|[from] brn\n|-damage|p1a: Slaking|54\/100 brn|[from] brn\n|upkeep\n|turn|34\n|\n|t:|1697666620\n|move|p1b: Grafaiai|Knock Off|p2a: Sinistcha\n|-supereffective|p2a: Sinistcha\n|-damage|p2a: Sinistcha|72\/100\n|move|p1a: Slaking|Bulk Up|p1a: Slaking\n|-boost|p1a: Slaking|atk|1\n|-boost|p1a: Slaking|def|1\n|move|p2a: Sinistcha|Strength Sap|p1a: Slaking\n|-unboost|p1a: Slaking|atk|1\n|-heal|p2a: Sinistcha|100\/100\n|\n|-damage|p1b: Grafaiai|30\/100 brn|[from] brn\n|-damage|p1a: Slaking|48\/100 brn|[from] brn\n|upkeep\n|turn|35\n|\n|t:|1697666636\n|move|p1b: Grafaiai|Encore|p2a: Sinistcha\n|-start|p2a: Sinistcha|Encore\n|move|p1a: Slaking|Slack Off|p1a: Slaking\n|-heal|p1a: Slaking|98\/100 brn\n|move|p2a: Sinistcha|Strength Sap|p1a: Slaking\n|-unboost|p1a: Slaking|atk|1\n|\n|-damage|p1b: Grafaiai|24\/100 brn|[from] brn\n|-damage|p1a: Slaking|92\/100 brn|[from] brn\n|upkeep\n|turn|36\n|\n|t:|1697666659\n|move|p1b: Grafaiai|Parting Shot|p2a: Sinistcha\n|-unboost|p2a: Sinistcha|atk|1\n|-unboost|p2a: Sinistcha|spa|1\n|move|p1a: Slaking|Facade|p2a: Sinistcha\n|-immune|p2a: Sinistcha\n|move|p2a: Sinistcha|Strength Sap|p1a: Slaking\n|-unboost|p1a: Slaking|atk|1\n|\n|-damage|p1b: Grafaiai|18\/100 brn|[from] brn\n|-damage|p1a: Slaking|86\/100 brn|[from] brn\n|upkeep\n|turn|37\n|\n|t:|1697666675\n|move|p1b: Grafaiai|Parting Shot|p2a: Sinistcha\n|-unboost|p2a: Sinistcha|atk|0\n|-unboost|p2a: Sinistcha|spa|0\n|move|p1a: Slaking|Facade|p2a: Sinistcha\n|-immune|p2a: Sinistcha\n|move|p2a: Sinistcha|Strength Sap|p1b: Grafaiai\n|-unboost|p1b: Grafaiai|atk|1\n|\n|-damage|p1b: Grafaiai|12\/100 brn|[from] brn\n|-damage|p1a: Slaking|79\/100 brn|[from] brn\n|-end|p2a: Sinistcha|Encore\n|upkeep\n|turn|38\n|\n|t:|1697666704\n|move|p1b: Grafaiai|Knock Off|p2a: Sinistcha\n|-supereffective|p2a: Sinistcha\n|-damage|p2a: Sinistcha|95\/100\n|move|p1a: Slaking|Facade|p2a: Sinistcha\n|-immune|p2a: Sinistcha\n|move|p2a: Sinistcha|Matcha Gotcha|p1a: Slaking|[spread] p1a,p1b\n|-resisted|p1b: Grafaiai\n|-damage|p1a: Slaking|73\/100 brn\n|-heal|p2a: Sinistcha|99\/100|[from] drain|[of] p1a: Slaking\n|-damage|p1b: Grafaiai|10\/100 brn\n|-heal|p2a: Sinistcha|100\/100|[from] drain|[of] p1b: Grafaiai\n|\n|-damage|p1b: Grafaiai|4\/100 brn|[from] brn\n|-damage|p1a: Slaking|67\/100 brn|[from] brn\n|upkeep\n|turn|39\n|\n|t:|1697666725\n|move|p1b: Grafaiai|Doodle|p2a: Sinistcha\n|-endability|p1b: Grafaiai|Prankster|[from] move: Doodle\n|-heal|p1a: Slaking|92\/100 brn|[from] ability: Hospitality|[of] p1b: Grafaiai\n|-ability|p1b: Grafaiai|Hospitality|[from] move: Doodle\n|move|p1a: Slaking|Facade|p2a: Sinistcha\n|-immune|p2a: Sinistcha\n|move|p2a: Sinistcha|Matcha Gotcha|p1b: Grafaiai|[spread] p1b\n|-miss|p2a: Sinistcha|p1a: Slaking\n|-resisted|p1b: Grafaiai\n|-damage|p1b: Grafaiai|1\/100 brn\n|\n|-damage|p1b: Grafaiai|0 fnt|[from] brn\n|faint|p1b: Grafaiai\n|-damage|p1a: Slaking|86\/100 brn|[from] brn\n|upkeep\n|turn|40\n|\n|t:|1697666748\n|move|p1a: Slaking|Facade|p2a: Sinistcha\n|-immune|p2a: Sinistcha\n|move|p2a: Sinistcha|Matcha Gotcha|p1a: Slaking\n|-damage|p1a: Slaking|78\/100 brn\n|\n|-damage|p1a: Slaking|72\/100 brn|[from] brn\n|upkeep\n|turn|41\n|\n|t:|1697666768\n|move|p1a: Slaking|Bulk Up|p1a: Slaking\n|-boost|p1a: Slaking|atk|1\n|-boost|p1a: Slaking|def|1\n|move|p2a: Sinistcha|Matcha Gotcha|p1a: Slaking\n|-crit|p1a: Slaking\n|-damage|p1a: Slaking|28\/100 brn\n|\n|-damage|p1a: Slaking|22\/100 brn|[from] brn\n|upkeep\n|turn|42\n|\n|t:|1697666777\n|move|p1a: Slaking|Bulk Up|p1a: Slaking\n|-boost|p1a: Slaking|atk|1\n|-boost|p1a: Slaking|def|1\n|move|p2a: Sinistcha|Strength Sap|p1a: Slaking\n|-unboost|p1a: Slaking|atk|1\n|\n|-damage|p1a: Slaking|15\/100 brn|[from] brn\n|upkeep\n|turn|43\n|\n|t:|1697666787\n|move|p1a: Slaking|Bulk Up|p1a: Slaking\n|-boost|p1a: Slaking|atk|1\n|-boost|p1a: Slaking|def|0\n|move|p2a: Sinistcha|Trick Room|p2a: Sinistcha\n|-fieldstart|move: Trick Room|[of] p2a: Sinistcha\n|\n|-damage|p1a: Slaking|9\/100 brn|[from] brn\n|upkeep\n|turn|44\n|\n|t:|1697666797\n|move|p2a: Sinistcha|Strength Sap|p1a: Slaking\n|-unboost|p1a: Slaking|atk|1\n|move|p1a: Slaking|Knock Off|p2a: Sinistcha\n|-supereffective|p2a: Sinistcha\n|-damage|p2a: Sinistcha|92\/100\n|\n|-damage|p1a: Slaking|3\/100 brn|[from] brn\n|upkeep\n|turn|45\n|\n|t:|1697666809\n|move|p2a: Sinistcha|Strength Sap|p1a: Slaking\n|-unboost|p1a: Slaking|atk|1\n|-heal|p2a: Sinistcha|100\/100\n|move|p1a: Slaking|Knock Off|p2a: Sinistcha\n|-supereffective|p2a: Sinistcha\n|-damage|p2a: Sinistcha|92\/100\n|\n|-damage|p1a: Slaking|0 fnt|[from] brn\n|faint|p1a: Slaking\n|\n|win|Leblades123\n|upkeep\n|raw|juicywow's rating: 1014 &rarr; <strong>1003<\/strong><br \/>(-11 for losing)\n|raw|Leblades123's rating: 1034 &rarr; <strong>1067<\/strong><br \/>(+33 for winning)\n","uploadtime":1697666822,"views":17,"p1id":"juicywow","p2id":"leblades123","formatid":"gen9doublesou","rating":1003,"private":0,"password":""}