{"id":"gen9doublesou-1990686844","p1":"Reddypuller","p2":"Duv4","format":"[Gen 9] Doubles OU","log":"|j|\u2606Reddypuller\n|j|\u2606Duv4\n|t:|1699991768\n|gametype|doubles\n|player|p1|Reddypuller|170|1132\n|player|p2|Duv4|101|1165\n|teamsize|p1|6\n|teamsize|p2|6\n|gen|9\n|tier|[Gen 9] Doubles OU\n|rated|\n|rule|Species Clause: Limit one of each Pok\u00e9mon\n|rule|OHKO Clause: OHKO moves are banned\n|rule|Evasion Moves Clause: Evasion moves are banned\n|rule|Gravity Sleep Clause: The combination of sleep-inducing moves with imperfect accuracy and Gravity or Gigantamax Orbeetle are banned\n|rule|Endless Battle Clause: Forcing endless battles is banned\n|rule|HP Percentage Mod: HP is shown in percentages\n|clearpoke\n|poke|p1|Conkeldurr, M|\n|poke|p1|Tauros-Paldea-Aqua, M|\n|poke|p1|Brute Bonnet|\n|poke|p1|Snorlax, M|\n|poke|p1|Sinistcha-Masterpiece|\n|poke|p1|Clefable, F|\n|poke|p2|Chi-Yu|\n|poke|p2|Flutter Mane|\n|poke|p2|Iron Hands|\n|poke|p2|Kommo-o, F|\n|poke|p2|Sinistcha|\n|poke|p2|Palafin, F|\n|teampreview\n|inactive|Battle timer is ON: inactive players will automatically lose when time's up. (requested by Duv4)\n|\n|t:|1699991779\n|start\n|switch|p1a: Conkeldurr|Conkeldurr, M|100\/100\n|switch|p1b: Brute Bonnet|Brute Bonnet|100\/100\n|switch|p2a: Iron Hands|Iron Hands|100\/100\n|switch|p2b: Palafin|Palafin, F|100\/100\n|-enditem|p1b: Brute Bonnet|Booster Energy\n|-activate|p1b: Brute Bonnet|ability: Protosynthesis|[fromitem]\n|-start|p1b: Brute Bonnet|protosynthesisdef\n|turn|1\n|\n|t:|1699991794\n|move|p2a: Iron Hands|Fake Out|p1a: Conkeldurr\n|-damage|p1a: Conkeldurr|85\/100\n|move|p2b: Palafin|Flip Turn|p1a: Conkeldurr\n|-damage|p1a: Conkeldurr|65\/100\n|\n|t:|1699991811\n|detailschange|p2b: Palafin|Palafin-Hero, F\n|switch|p2b: Chi-Yu|Chi-Yu|100\/100|[from] Flip Turn\n|-ability|p2b: Chi-Yu|Beads of Ruin\n|move|p1b: Brute Bonnet|Spore|p2a: Iron Hands\n|-status|p2a: Iron Hands|slp|[from] move: Spore\n|cant|p1a: Conkeldurr|flinch\n|\n|-status|p1a: Conkeldurr|brn|[from] item: Flame Orb\n|upkeep\n|turn|2\n|\n|t:|1699991831\n|-end|p2a: Iron Hands|Quark Drive|[silent]\n|switch|p2a: Palafin|Palafin-Hero, F|100\/100\n|-activate|p2a: Palafin|ability: Zero to Hero\n|move|p2b: Chi-Yu|Heat Wave|p1a: Conkeldurr|[spread] p1b\n|-miss|p2b: Chi-Yu|p1a: Conkeldurr\n|-supereffective|p1b: Brute Bonnet\n|-damage|p1b: Brute Bonnet|0 fnt\n|faint|p1b: Brute Bonnet\n|-end|p1b: Brute Bonnet|Protosynthesis|[silent]\n|move|p1a: Conkeldurr|Rock Blast|p2b: Chi-Yu\n|-supereffective|p2b: Chi-Yu\n|-damage|p2b: Chi-Yu|61\/100\n|-supereffective|p2b: Chi-Yu\n|-damage|p2b: Chi-Yu|22\/100\n|-supereffective|p2b: Chi-Yu\n|-damage|p2b: Chi-Yu|0 fnt\n|faint|p2b: Chi-Yu\n|-hitcount|p2: Chi-Yu|3\n|\n|-damage|p1a: Conkeldurr|59\/100 brn|[from] brn\n|upkeep\n|\n|t:|1699991853\n|switch|p2b: Flutter Mane|Flutter Mane|100\/100\n|switch|p1b: Tauros|Tauros-Paldea-Aqua, M|100\/100\n|-ability|p1b: Tauros|Intimidate|boost\n|-unboost|p2a: Palafin|atk|1\n|-unboost|p2b: Flutter Mane|atk|1\n|turn|3\n|\n|t:|1699991865\n|-terastallize|p1b: Tauros|Water\n|move|p2a: Palafin|Jet Punch|p1a: Conkeldurr\n|-damage|p1a: Conkeldurr|33\/100 brn\n|move|p2b: Flutter Mane|Dazzling Gleam|p1a: Conkeldurr|[spread] p1a,p1b\n|-supereffective|p1a: Conkeldurr\n|-damage|p1a: Conkeldurr|0 fnt\n|-damage|p1b: Tauros|56\/100\n|faint|p1a: Conkeldurr\n|move|p1b: Tauros|Bulk Up|p1b: Tauros\n|-boost|p1b: Tauros|atk|1\n|-boost|p1b: Tauros|def|1\n|\n|upkeep\n|\n|t:|1699991874\n|switch|p1a: Clefable|Clefable, F|100\/100\n|turn|4\n|\n|t:|1699991888\n|move|p2b: Flutter Mane|Dazzling Gleam|p1a: Clefable|[spread] p1a,p1b\n|-damage|p1a: Clefable|68\/100\n|-damage|p1b: Tauros|9\/100\n|-enditem|p1b: Tauros|Aguav Berry|[eat]\n|-heal|p1b: Tauros|43\/100|[from] item: Aguav Berry\n|move|p2a: Palafin|Liquidation|p1a: Clefable\n|-damage|p1a: Clefable|10\/100\n|move|p1b: Tauros|Raging Bull|p2b: Flutter Mane\n|-damage|p2b: Flutter Mane|1\/100\n|move|p1a: Clefable|Skill Swap|p1b: Tauros\n|-activate|p1a: Clefable|move: Skill Swap|||[of] p1b: Tauros\n|-ability|p1a: Clefable|Intimidate|boost\n|-unboost|p2a: Palafin|atk|1\n|-unboost|p2b: Flutter Mane|atk|1\n|\n|-heal|p1a: Clefable|16\/100|[from] item: Leftovers\n|upkeep\n|turn|5\n|\n|t:|1699991907\n|move|p2a: Palafin|Jet Punch|p1a: Clefable\n|-damage|p1a: Clefable|0 fnt\n|faint|p1a: Clefable\n|move|p1b: Tauros|Aqua Jet|p2b: Flutter Mane\n|-damage|p2b: Flutter Mane|0 fnt\n|faint|p2b: Flutter Mane\n|-end|p2b: Flutter Mane|Protosynthesis|[silent]\n|\n|upkeep\n|\n|t:|1699991916\n|switch|p2b: Kommo-o|Kommo-o, F|100\/100\n|switch|p1a: Snorlax|Snorlax, M|100\/100\n|turn|6\n|\n|t:|1699991926\n|switch|p2a: Sinistcha|Sinistcha|100\/100\n|move|p2b: Kommo-o|Clangorous Soul|p2b: Kommo-o\n|-boost|p2b: Kommo-o|atk|1\n|-boost|p2b: Kommo-o|def|1\n|-boost|p2b: Kommo-o|spa|1\n|-boost|p2b: Kommo-o|spd|1\n|-boost|p2b: Kommo-o|spe|1\n|-damage|p2b: Kommo-o|68\/100\n|-enditem|p2b: Kommo-o|Throat Spray\n|-boost|p2b: Kommo-o|spa|1|[from] item: Throat Spray\n|move|p1b: Tauros|Raging Bull|p2b: Kommo-o\n|-resisted|p2b: Kommo-o\n|-damage|p2b: Kommo-o|32\/100\n|move|p1a: Snorlax|Curse|p1a: Snorlax\n|-unboost|p1a: Snorlax|spe|1\n|-boost|p1a: Snorlax|atk|1\n|-boost|p1a: Snorlax|def|1\n|\n|upkeep\n|turn|7\n|\n|t:|1699991950\n|move|p1b: Tauros|Aqua Jet|p2b: Kommo-o\n|-resisted|p2b: Kommo-o\n|-damage|p2b: Kommo-o|16\/100\n|move|p2b: Kommo-o|Clanging Scales|p1a: Snorlax|[spread] p1a,p1b\n|-damage|p1a: Snorlax|52\/100\n|-damage|p1b: Tauros|0 fnt\n|faint|p1b: Tauros\n|-unboost|p2b: Kommo-o|def|1\n|move|p2a: Sinistcha|Matcha Gotcha|p1a: Snorlax|[miss]\n|-miss|p2a: Sinistcha|p1a: Snorlax\n|move|p1a: Snorlax|Rock Slide|p2a: Sinistcha|[spread] p2a,p2b\n|-resisted|p2b: Kommo-o\n|-damage|p2a: Sinistcha|80\/100\n|-damage|p2b: Kommo-o|4\/100\n|\n|upkeep\n|\n|t:|1699991956\n|switch|p1b: Sinistcha|Sinistcha-Masterpiece|100\/100\n|-heal|p1a: Snorlax|77\/100|[from] ability: Hospitality|[of] p1b: Sinistcha\n|turn|8\n|\n|t:|1699991974\n|move|p2b: Kommo-o|Clanging Scales|p1b: Sinistcha|[spread] p1a,p1b\n|-damage|p1a: Snorlax|29\/100\n|-damage|p1b: Sinistcha|16\/100\n|-unboost|p2b: Kommo-o|def|1\n|move|p2a: Sinistcha|Shadow Ball|p1b: Sinistcha\n|-supereffective|p1b: Sinistcha\n|-crit|p1b: Sinistcha\n|-damage|p1b: Sinistcha|0 fnt\n|faint|p1b: Sinistcha\n|move|p1a: Snorlax|Curse|p1a: Snorlax\n|-unboost|p1a: Snorlax|spe|1\n|-boost|p1a: Snorlax|atk|1\n|-boost|p1a: Snorlax|def|1\n|\n|upkeep\n|turn|9\n|\n|t:|1699991995\n|move|p2a: Sinistcha|Rage Powder|p2a: Sinistcha\n|-singleturn|p2a: Sinistcha|move: Rage Powder\n|move|p2b: Kommo-o|Clanging Scales|p1a: Snorlax\n|-damage|p1a: Snorlax|0 fnt\n|faint|p1a: Snorlax\n|\n|win|Duv4\n|raw|Reddypuller's rating: 1132 &rarr; <strong>1109<\/strong><br \/>(-23 for losing)\n|raw|Duv4's rating: 1165 &rarr; <strong>1188<\/strong><br \/>(+23 for winning)\n","uploadtime":1699992004,"views":5,"p1id":"reddypuller","p2id":"duv4","formatid":"gen9doublesou","rating":1109,"private":0,"password":""}