{"id":"gen9doublesou-1980385563","p1":"MattCol","p2":"gonegeb","format":"[Gen 9] Doubles OU","log":"|j|\u2606MattCol\n|j|\u2606gonegeb\n|t:|1698780355\n|gametype|doubles\n|player|p1|MattCol|169|\n|player|p2|gonegeb|alain|\n|teamsize|p1|6\n|teamsize|p2|6\n|gen|9\n|tier|[Gen 9] Doubles OU\n|rule|Species Clause: Limit one of each Pok\u00e9mon\n|rule|OHKO Clause: OHKO moves are banned\n|rule|Evasion Moves Clause: Evasion moves are banned\n|rule|Gravity Sleep Clause: The combination of sleep-inducing moves with imperfect accuracy and Gravity or Gigantamax Orbeetle are banned\n|rule|Endless Battle Clause: Forcing endless battles is banned\n|rule|HP Percentage Mod: HP is shown in percentages\n|clearpoke\n|poke|p1|Quaquaval, M|\n|poke|p1|Baxcalibur, M|\n|poke|p1|Cinderace, F|\n|poke|p1|Slowbro-Galar, M|\n|poke|p1|Zarude-Dada|\n|poke|p1|Ditto|\n|poke|p2|Lucario, M|\n|poke|p2|Umbreon, M|\n|poke|p2|Arcanine, F|\n|poke|p2|Corviknight, M|\n|poke|p2|Ceruledge, M|\n|poke|p2|Fezandipiti, M|\n|teampreview\n|\n|t:|1698780373\n|start\n|switch|p1a: Cinderace|Cinderace, F|100\/100\n|switch|p1b: Slowbro|Slowbro-Galar, M|100\/100\n|switch|p2a: Obsidian|Ceruledge, M, shiny|100\/100\n|switch|p2b: Tourmaline|Fezandipiti, M|100\/100\n|turn|1\n|\n|t:|1698780420\n|switch|p2b: Pryna|Arcanine, F, shiny|100\/100\n|-ability|p2b: Pryna|Intimidate|boost\n|-unboost|p1a: Cinderace|atk|1\n|-unboost|p1b: Slowbro|atk|1\n|move|p1a: Cinderace|Pyro Ball|p2b: Pryna|[miss]\n|-miss|p1a: Cinderace|p2b: Pryna\n|move|p2a: Obsidian|Bulk Up|p2a: Obsidian\n|-boost|p2a: Obsidian|atk|1\n|-boost|p2a: Obsidian|def|1\n|move|p1b: Slowbro|Nasty Plot|p1b: Slowbro\n|-boost|p1b: Slowbro|spa|2\n|\n|upkeep\n|turn|2\n|\n|t:|1698780453\n|switch|p1a: Zarude|Zarude-Dada|100\/100\n|move|p2b: Pryna|Flare Blitz|p2a: Obsidian\n|-start|p2a: Obsidian|ability: Flash Fire\n|move|p2a: Obsidian|Bitter Blade|p1b: Slowbro\n|-damage|p1b: Slowbro|30\/100\n|move|p1b: Slowbro|Shell Side Arm|p2a: Obsidian|[anim] Shell Side Arm Special\n|-resisted|p2a: Obsidian\n|-damage|p2a: Obsidian|70\/100\n|-hint|Special Shell Side Arm\n|\n|upkeep\n|turn|3\n|\n|t:|1698780474\n|switch|p2b: Tourmaline|Fezandipiti, M|100\/100\n|move|p2a: Obsidian|Shadow Sneak|p1b: Slowbro\n|-supereffective|p1b: Slowbro\n|-damage|p1b: Slowbro|0 fnt\n|faint|p1b: Slowbro\n|move|p1a: Zarude|Knock Off|p2a: Obsidian\n|-supereffective|p2a: Obsidian\n|-damage|p2a: Obsidian|0 fnt\n|-enditem|p2a: Obsidian|Weakness Policy|[from] move: Knock Off|[of] p1a: Zarude\n|faint|p2a: Obsidian\n|\n|upkeep\n|\n|t:|1698780497\n|switch|p2a: Pryna|Arcanine, F, shiny|100\/100\n|switch|p1b: Quaquaval|Quaquaval, M|100\/100\n|-ability|p2a: Pryna|Intimidate|boost\n|-unboost|p1a: Zarude|atk|1\n|-unboost|p1b: Quaquaval|atk|1\n|turn|4\n|\n|t:|1698780525\n|switch|p1a: Cinderace|Cinderace, F|100\/100\n|move|p1b: Quaquaval|Aqua Step|p2a: Pryna\n|-supereffective|p2a: Pryna\n|-damage|p2a: Pryna|50\/100\n|-boost|p1b: Quaquaval|spe|1\n|-enditem|p2a: Pryna|Sitrus Berry|[eat]\n|-heal|p2a: Pryna|75\/100|[from] item: Sitrus Berry\n|move|p2a: Pryna|Will-O-Wisp|p1b: Quaquaval\n|-status|p1b: Quaquaval|brn\n|move|p2b: Tourmaline|Tailwind|p2b: Tourmaline\n|-sidestart|p2: gonegeb|move: Tailwind\n|\n|-damage|p1b: Quaquaval|94\/100 brn|[from] brn\n|upkeep\n|turn|5\n|l|\u2606MattCol\n|player|p1|\n|j|\u2606MattCol\n|player|p1|MattCol|169\n|l|\u2606MattCol\n|player|p1|\n|j|\u2606MattCol\n|player|p1|MattCol|169\n|\n|t:|1698781195\n|switch|p2a: Kyanite|Corviknight, M|100\/100\n|move|p2b: Tourmaline|Taunt|p1b: Quaquaval\n|-start|p1b: Quaquaval|move: Taunt\n|move|p1b: Quaquaval|Aqua Step|p2a: Kyanite\n|-damage|p2a: Kyanite|89\/100\n|-boost|p1b: Quaquaval|spe|1\n|-damage|p1b: Quaquaval|78\/100 brn|[from] item: Rocky Helmet|[of] p2a: Kyanite\n|move|p1a: Cinderace|Pyro Ball|p2b: Tourmaline\n|-damage|p2b: Tourmaline|35\/100\n|-enditem|p2b: Tourmaline|Sitrus Berry|[eat]\n|-heal|p2b: Tourmaline|60\/100|[from] item: Sitrus Berry\n|\n|-heal|p1b: Quaquaval|84\/100 brn|[from] item: Leftovers\n|-damage|p1b: Quaquaval|78\/100 brn|[from] brn\n|upkeep\n|turn|6\n|\n|t:|1698781222\n|switch|p1b: Zarude|Zarude-Dada|100\/100\n|switch|p2a: Pryna|Arcanine, F, shiny|75\/100\n|-ability|p2a: Pryna|Intimidate|boost\n|-unboost|p1a: Cinderace|atk|1\n|-unboost|p1b: Zarude|atk|1\n|move|p2b: Tourmaline|Taunt|p1a: Cinderace\n|-start|p1a: Cinderace|move: Taunt\n|move|p1a: Cinderace|Pyro Ball|p2a: Pryna\n|-resisted|p2a: Pryna\n|-damage|p2a: Pryna|60\/100\n|\n|upkeep\n|turn|7\n|\n|t:|1698781244\n|switch|p1b: Quaquaval|Quaquaval, M|78\/100 brn\n|move|p2a: Pryna|Flare Blitz|p1b: Quaquaval\n|-resisted|p1b: Quaquaval\n|-damage|p1b: Quaquaval|48\/100 brn\n|-damage|p2a: Pryna|52\/100|[from] Recoil\n|move|p2b: Tourmaline|Taunt|p1b: Quaquaval\n|-start|p1b: Quaquaval|move: Taunt\n|move|p1a: Cinderace|U-turn|p2b: Tourmaline\n|-resisted|p2b: Tourmaline\n|-damage|p2b: Tourmaline|56\/100\n|\n|t:|1698781266\n|switch|p1a: Zarude|Zarude-Dada|100\/100|[from] U-turn\n|\n|-heal|p1b: Quaquaval|54\/100 brn|[from] item: Leftovers\n|-damage|p1b: Quaquaval|48\/100 brn|[from] brn\n|-sideend|p2: gonegeb|move: Tailwind\n|upkeep\n|turn|8\n|\n|t:|1698781295\n|move|p1a: Zarude|Jungle Healing|p1a: Zarude|[spread] p1a,p1b\n|-heal|p1b: Quaquaval|73\/100 brn\n|-curestatus|p1b: Quaquaval|brn|[msg]\n|move|p1b: Quaquaval|Aqua Step|p2a: Pryna\n|-supereffective|p2a: Pryna\n|-damage|p2a: Pryna|0 fnt\n|-boost|p1b: Quaquaval|spe|1\n|faint|p2a: Pryna\n|-ability|p1b: Quaquaval|Moxie|boost\n|-boost|p1b: Quaquaval|atk|1\n|move|p2b: Tourmaline|Dazzling Gleam|p1b: Quaquaval|[spread] p1a,p1b\n|-supereffective|p1a: Zarude\n|-supereffective|p1b: Quaquaval\n|-damage|p1a: Zarude|70\/100\n|-damage|p1b: Quaquaval|31\/100\n|-status|p1a: Zarude|tox|[from] ability: Toxic Chain|[of] p2b: Tourmaline\n|\n|-heal|p1b: Quaquaval|37\/100|[from] item: Leftovers\n|-damage|p1a: Zarude|64\/100 tox|[from] psn\n|upkeep\n|\n|t:|1698781321\n|switch|p2a: Kyanite|Corviknight, M|89\/100\n|turn|9\n|\n|t:|1698781338\n|move|p1b: Quaquaval|Close Combat|p2b: Tourmaline\n|-resisted|p2b: Tourmaline\n|-damage|p2b: Tourmaline|27\/100\n|-unboost|p1b: Quaquaval|def|1\n|-unboost|p1b: Quaquaval|spd|1\n|move|p1a: Zarude|Jungle Healing|p1a: Zarude|[spread] p1a,p1b\n|-heal|p1a: Zarude|89\/100 tox\n|-curestatus|p1a: Zarude|tox|[msg]\n|-heal|p1b: Quaquaval|62\/100\n|move|p2b: Tourmaline|Dazzling Gleam|p1b: Quaquaval|[spread] p1a,p1b\n|-supereffective|p1a: Zarude\n|-supereffective|p1b: Quaquaval\n|-damage|p1a: Zarude|60\/100\n|-damage|p1b: Quaquaval|0 fnt\n|faint|p1b: Quaquaval\n|move|p2a: Kyanite|Iron Defense|p2a: Kyanite\n|-boost|p2a: Kyanite|def|2\n|\n|upkeep\n|\n|t:|1698781363\n|switch|p1b: Cinderace|Cinderace, F|100\/100\n|turn|10\n|\n|t:|1698781388\n|move|p1b: Cinderace|Pyro Ball|p2b: Tourmaline\n|-damage|p2b: Tourmaline|0 fnt\n|faint|p2b: Tourmaline\n|move|p1a: Zarude|Encore|p2a: Kyanite\n|-start|p2a: Kyanite|Encore\n|move|p2a: Kyanite|Iron Defense|p2a: Kyanite\n|-boost|p2a: Kyanite|def|2\n|\n|upkeep\n|\n|t:|1698781407\n|switch|p2b: Anubis|Lucario, M, shiny|100\/100\n|turn|11\n|\n|t:|1698781425\n|-terastallize|p2b: Anubis|Normal\n|move|p2b: Anubis|Extreme Speed|p1b: Cinderace\n|-damage|p1b: Cinderace|48\/100\n|move|p1b: Cinderace|Pyro Ball|p2b: Anubis\n|-damage|p2b: Anubis|9\/100\n|move|p1a: Zarude|Drain Punch|p2b: Anubis\n|-supereffective|p2b: Anubis\n|-damage|p2b: Anubis|0 fnt\n|-heal|p1a: Zarude|63\/100|[from] drain|[of] p2b: Anubis\n|faint|p2b: Anubis\n|move|p2a: Kyanite|Iron Defense|p2a: Kyanite\n|-boost|p2a: Kyanite|def|2\n|\n|upkeep\n|\n|t:|1698781435\n|switch|p2b: Umbra|Umbreon, M, shiny|100\/100\n|turn|12\n|\n|t:|1698781446\n|move|p1b: Cinderace|Pyro Ball|p2a: Kyanite\n|-supereffective|p2a: Kyanite\n|-damage|p2a: Kyanite|67\/100\n|-status|p2a: Kyanite|brn\n|move|p1a: Zarude|Drain Punch|p2b: Umbra\n|-supereffective|p2b: Umbra\n|-damage|p2b: Umbra|72\/100\n|-heal|p1a: Zarude|80\/100|[from] drain|[of] p2b: Umbra\n|move|p2a: Kyanite|Iron Defense|p2a: Kyanite\n|-boost|p2a: Kyanite|def|0\n|move|p2b: Umbra|Foul Play|p1b: Cinderace\n|-damage|p1b: Cinderace|0 fnt\n|faint|p1b: Cinderace\n|\n|-heal|p2b: Umbra|78\/100|[from] item: Leftovers\n|-damage|p2a: Kyanite|61\/100 brn|[from] brn\n|-end|p2a: Kyanite|Encore\n|upkeep\n|\n|t:|1698781468\n|switch|p1b: Ditto|Ditto|100\/100\n|-transform|p1b: Ditto|p2a: Kyanite|[from] ability: Imposter\n|turn|13\n|\n|t:|1698781507\n|move|p2b: Umbra|Protect|p2b: Umbra\n|-singleturn|p2b: Umbra|Protect\n|move|p1a: Zarude|Encore|p2a: Kyanite\n|-start|p2a: Kyanite|Encore\n|move|p1b: Ditto|Body Press|p2b: Umbra\n|-activate|p2b: Umbra|move: Protect\n|move|p2a: Kyanite|Iron Defense|p2a: Kyanite\n|-boost|p2a: Kyanite|def|0\n|\n|-heal|p2b: Umbra|84\/100|[from] item: Leftovers\n|-damage|p2a: Kyanite|55\/100 brn|[from] brn\n|upkeep\n|turn|14\n|\n|t:|1698781555\n|move|p1a: Zarude|Encore|p2b: Umbra\n|-start|p2b: Umbra|Encore\n|move|p1b: Ditto|Body Press|p2a: Kyanite\n|-damage|p2a: Kyanite|40\/100 brn\n|-damage|p1b: Ditto|84\/100|[from] item: Rocky Helmet|[of] p2a: Kyanite\n|move|p2a: Kyanite|Iron Defense|p2a: Kyanite\n|-boost|p2a: Kyanite|def|0\n|move|p2b: Umbra|Protect||[still]\n|-fail|p2b: Umbra\n|\n|-heal|p2b: Umbra|90\/100|[from] item: Leftovers\n|-damage|p2a: Kyanite|34\/100 brn|[from] brn\n|upkeep\n|turn|15\n|\n|t:|1698781572\n|move|p2b: Umbra|Protect|p2b: Umbra\n|-singleturn|p2b: Umbra|Protect\n|move|p1a: Zarude|Knock Off|p2a: Kyanite\n|-damage|p2a: Kyanite|24\/100 brn\n|-damage|p1a: Zarude|63\/100|[from] item: Rocky Helmet|[of] p2a: Kyanite\n|-enditem|p2a: Kyanite|Rocky Helmet|[from] move: Knock Off|[of] p1a: Zarude\n|move|p1b: Ditto|Body Press|p2a: Kyanite\n|-damage|p2a: Kyanite|9\/100 brn\n|move|p2a: Kyanite|Iron Defense|p2a: Kyanite\n|-boost|p2a: Kyanite|def|0\n|\n|-heal|p2b: Umbra|96\/100|[from] item: Leftovers\n|-damage|p2a: Kyanite|3\/100 brn|[from] brn\n|-end|p2a: Kyanite|Encore\n|upkeep\n|turn|16\n|\n|t:|1698781605\n|move|p2b: Umbra|Protect|p2b: Umbra\n|-singleturn|p2b: Umbra|Protect\n|move|p1a: Zarude|Encore|p2a: Kyanite\n|-start|p2a: Kyanite|Encore\n|move|p1b: Ditto|Body Press|p2b: Umbra\n|-activate|p2b: Umbra|move: Protect\n|move|p2a: Kyanite|Iron Defense|p2a: Kyanite\n|-boost|p2a: Kyanite|def|0\n|\n|-heal|p2b: Umbra|100\/100|[from] item: Leftovers\n|-damage|p2a: Kyanite|0 fnt|[from] brn\n|faint|p2a: Kyanite\n|-end|p2b: Umbra|Encore\n|upkeep\n|turn|17\n|\n|t:|1698781625\n|move|p2b: Umbra|Protect||[still]\n|-fail|p2b: Umbra\n|move|p1a: Zarude|Encore|p2b: Umbra\n|-start|p2b: Umbra|Encore\n|move|p1b: Ditto|Body Press|p2b: Umbra\n|-supereffective|p2b: Umbra\n|-damage|p2b: Umbra|0 fnt\n|faint|p2b: Umbra\n|\n|win|MattCol\n|l|\u2606MattCol\n","uploadtime":1698781738,"views":17,"p1id":"mattcol","p2id":"gonegeb","formatid":"gen9doublesou","rating":0,"private":0,"password":""}