{"id":"gen9doublesou-1981508389","p1":"hpl12345","p2":"ChildishBibo","format":"[Gen 9] Doubles OU","log":"|j|\u2606hpl12345\n|j|\u2606ChildishBibo\n|inactive|Battle timer is ON: inactive players will automatically lose when time's up.\n|t:|1698909086\n|gametype|doubles\n|player|p1|hpl12345|1|\n|player|p2|ChildishBibo|n|\n|teamsize|p1|4\n|teamsize|p2|4\n|gen|9\n|tier|[Gen 9] Doubles OU\n|rated|Tournament battle\n|rule|Species Clause: Limit one of each Pok\u00e9mon\n|rule|OHKO Clause: OHKO moves are banned\n|rule|Evasion Moves Clause: Evasion moves are banned\n|rule|Gravity Sleep Clause: The combination of sleep-inducing moves with imperfect accuracy and Gravity or Gigantamax Orbeetle are banned\n|rule|Endless Battle Clause: Forcing endless battles is banned\n|rule|HP Percentage Mod: HP is shown in percentages\n|clearpoke\n|poke|p1|Empoleon, M|\n|poke|p1|Maschiff, M|\n|poke|p1|Murkrow, F|\n|poke|p1|Palossand, F|\n|poke|p2|Whiscash, F|\n|poke|p2|Rabsca, F|\n|poke|p2|Gligar, F|\n|poke|p2|Tinkatuff, F|\n|teampreview\n|j|*Lady Monita \u263d\n|inactive|ChildishBibo also wants the timer to be on.\n|inactive|hpl12345 has 120 seconds left.\n|\n|t:|1698909125\n|start\n|switch|p1a: Murkrow|Murkrow, F|100\/100\n|switch|p1b: Maschiff|Maschiff, M|100\/100\n|switch|p2a: Rabsca|Rabsca, F|100\/100\n|switch|p2b: Gligar|Gligar, F|100\/100\n|-ability|p1b: Maschiff|Intimidate|boost\n|-unboost|p2a: Rabsca|atk|1\n|-fail|p2b: Gligar|unboost|Attack|[from] ability: Hyper Cutter|[of] p2b: Gligar\n|turn|1\n|\n|t:|1698909146\n|move|p1a: Murkrow|Icy Wind|p2a: Rabsca|[spread] p2a,p2b\n|-supereffective|p2b: Gligar\n|-damage|p2a: Rabsca|91\/100\n|-damage|p2b: Gligar|62\/100\n|-unboost|p2a: Rabsca|spe|1\n|-unboost|p2b: Gligar|spe|1\n|move|p1b: Maschiff|Crunch|p2a: Rabsca\n|-supereffective|p2a: Rabsca\n|-damage|p2a: Rabsca|25\/100\n|move|p2b: Gligar|Swords Dance|p2b: Gligar\n|-boost|p2b: Gligar|atk|2\n|move|p2a: Rabsca|Trick Room|p2a: Rabsca\n|-fieldstart|move: Trick Room|[of] p2a: Rabsca\n|\n|-heal|p2a: Rabsca|31\/100|[from] item: Leftovers\n|upkeep\n|turn|2\n|inactive|hpl12345 has 120 seconds left.\n|\n|t:|1698909181\n|move|p1b: Maschiff|Protect|p1b: Maschiff\n|-singleturn|p1b: Maschiff|Protect\n|move|p2a: Rabsca|Bug Buzz|p1b: Maschiff\n|-activate|p1b: Maschiff|move: Protect\n|move|p2b: Gligar|Dual Wingbeat|p1a: Murkrow\n|-damage|p1a: Murkrow|52\/100\n|-damage|p1a: Murkrow|1\/100\n|-hitcount|p1a: Murkrow|2\n|move|p1a: Murkrow|Icy Wind|p2a: Rabsca|[spread] p2a,p2b\n|-supereffective|p2b: Gligar\n|-damage|p2a: Rabsca|21\/100\n|-damage|p2b: Gligar|24\/100\n|-unboost|p2a: Rabsca|spe|1\n|-unboost|p2b: Gligar|spe|1\n|\n|-heal|p2a: Rabsca|27\/100|[from] item: Leftovers\n|upkeep\n|turn|3\n|inactive|hpl12345 has 120 seconds left.\n|\n|t:|1698909202\n|switch|p1b: Palossand|Palossand, F|100\/100\n|move|p1a: Murkrow|Protect|p1a: Murkrow\n|-singleturn|p1a: Murkrow|Protect\n|move|p2a: Rabsca|Bug Buzz|p1b: Palossand\n|-resisted|p1b: Palossand\n|-damage|p1b: Palossand|72\/100\n|move|p2b: Gligar|Dual Wingbeat|p1a: Murkrow\n|-activate|p1a: Murkrow|move: Protect\n|\n|-heal|p2a: Rabsca|34\/100|[from] item: Leftovers\n|-heal|p1b: Palossand|78\/100|[from] item: Leftovers\n|upkeep\n|turn|4\n|\n|t:|1698909223\n|move|p1b: Palossand|Protect|p1b: Palossand\n|-singleturn|p1b: Palossand|Protect\n|move|p1a: Murkrow|Tailwind|p1a: Murkrow\n|-sidestart|p1: hpl12345|move: Tailwind\n|move|p2a: Rabsca|Bug Buzz|p1a: Murkrow\n|-damage|p1a: Murkrow|0 fnt\n|faint|p1a: Murkrow\n|move|p2b: Gligar|Dual Wingbeat|p1b: Palossand\n|-activate|p1b: Palossand|move: Protect\n|\n|-heal|p2a: Rabsca|40\/100|[from] item: Leftovers\n|-heal|p1b: Palossand|84\/100|[from] item: Leftovers\n|upkeep\n|inactive|hpl12345 has 120 seconds left.\n|\n|t:|1698909253\n|switch|p1a: Empoleon|Empoleon, M|100\/100\n|turn|5\n|\n|t:|1698909260\n|switch|p1b: Maschiff|Maschiff, M|100\/100\n|-ability|p1b: Maschiff|Intimidate|boost\n|-unboost|p2a: Rabsca|atk|1\n|-fail|p2b: Gligar|unboost|Attack|[from] ability: Hyper Cutter|[of] p2b: Gligar\n|move|p2a: Rabsca|Psychic|p1b: Maschiff\n|-immune|p1b: Maschiff\n|move|p2b: Gligar|Earthquake|p1a: Empoleon|[spread] p1a,p1b\n|-activate|p2a: Rabsca|ability: Telepathy\n|-supereffective|p1a: Empoleon\n|-damage|p1a: Empoleon|0 fnt\n|-damage|p1b: Maschiff|27\/100\n|faint|p1a: Empoleon\n|\n|-heal|p2a: Rabsca|46\/100|[from] item: Leftovers\n|-fieldend|move: Trick Room\n|upkeep\n|inactive|hpl12345 has 120 seconds left.\n|\n|t:|1698909274\n|switch|p1a: Palossand|Palossand, F|84\/100\n|turn|6\n|\n|t:|1698909283\n|move|p2b: Gligar|Protect|p2b: Gligar\n|-singleturn|p2b: Gligar|Protect\n|move|p1b: Maschiff|Crunch|p2a: Rabsca\n|-supereffective|p2a: Rabsca\n|-damage|p2a: Rabsca|0 fnt\n|faint|p2a: Rabsca\n|move|p1a: Palossand|Giga Drain|p2b: Gligar\n|-activate|p2b: Gligar|move: Protect\n|\n|-heal|p1a: Palossand|90\/100|[from] item: Leftovers\n|upkeep\n|\n|t:|1698909287\n|switch|p2a: Whiscash|Whiscash, F|100\/100\n|turn|7\n|\n|t:|1698909310\n|-terastallize|p1b: Maschiff|Dark\n|move|p2a: Whiscash|Protect|p2a: Whiscash\n|-singleturn|p2a: Whiscash|Protect\n|move|p1b: Maschiff|Crunch|p2b: Gligar\n|-damage|p2b: Gligar|0 fnt\n|faint|p2b: Gligar\n|move|p1a: Palossand|Giga Drain|p2a: Whiscash\n|-activate|p2a: Whiscash|move: Protect\n|\n|-heal|p1a: Palossand|96\/100|[from] item: Leftovers\n|-sideend|p1: hpl12345|move: Tailwind\n|upkeep\n|\n|t:|1698909313\n|switch|p2b: Tinkatuff|Tinkatuff, F|100\/100\n|-ability|p2b: Tinkatuff|Mold Breaker\n|turn|8\n|\n|t:|1698909329\n|move|p1b: Maschiff|Helping Hand|p1a: Palossand\n|-singleturn|p1a: Palossand|Helping Hand|[of] p1b: Maschiff\n|move|p2a: Whiscash|Protect||[still]\n|-fail|p2a: Whiscash\n|move|p2b: Tinkatuff|Play Rough|p1b: Maschiff\n|-supereffective|p1b: Maschiff\n|-damage|p1b: Maschiff|0 fnt\n|faint|p1b: Maschiff\n|move|p1a: Palossand|Giga Drain|p2a: Whiscash\n|-supereffective|p2a: Whiscash\n|-damage|p2a: Whiscash|0 fnt\n|-heal|p1a: Palossand|100\/100|[from] drain|[of] p2a: Whiscash\n|faint|p2a: Whiscash\n|\n|upkeep\n|turn|9\n|\n|t:|1698909342\n|-terastallize|p2b: Tinkatuff|Fairy\n|move|p2b: Tinkatuff|Knock Off|p1a: Palossand\n|-supereffective|p1a: Palossand\n|-damage|p1a: Palossand|74\/100\n|-enditem|p1a: Palossand|Leftovers|[from] move: Knock Off|[of] p2b: Tinkatuff\n|move|p1a: Palossand|Earth Power|p2b: Tinkatuff\n|-damage|p2b: Tinkatuff|77\/100\n|\n|upkeep\n|turn|10\n|\n|t:|1698909355\n|move|p2b: Tinkatuff|Play Rough|p1a: Palossand\n|-damage|p1a: Palossand|50\/100\n|move|p1a: Palossand|Giga Drain|p2b: Tinkatuff\n|-damage|p2b: Tinkatuff|62\/100\n|-heal|p1a: Palossand|57\/100|[from] drain|[of] p2b: Tinkatuff\n|\n|upkeep\n|turn|11\n|\n|t:|1698909368\n|move|p2b: Tinkatuff|Play Rough|p1a: Palossand|[miss]\n|-miss|p2b: Tinkatuff|p1a: Palossand\n|move|p1a: Palossand|Earth Power|p2b: Tinkatuff\n|-damage|p2b: Tinkatuff|36\/100\n|\n|upkeep\n|turn|12\n|\n|t:|1698909374\n|move|p1a: Palossand|Protect|p1a: Palossand\n|-singleturn|p1a: Palossand|Protect\n|move|p2b: Tinkatuff|Play Rough|p1a: Palossand\n|-activate|p1a: Palossand|move: Protect\n|\n|upkeep\n|turn|13\n|\n|t:|1698909386\n|move|p2b: Tinkatuff|Play Rough|p1a: Palossand\n|-damage|p1a: Palossand|31\/100\n|move|p1a: Palossand|Earth Power|p2b: Tinkatuff\n|-damage|p2b: Tinkatuff|11\/100\n|\n|upkeep\n|turn|14\n|\n|t:|1698909394\n|move|p2b: Tinkatuff|Play Rough|p1a: Palossand\n|-damage|p1a: Palossand|7\/100\n|move|p1a: Palossand|Earth Power|p2b: Tinkatuff\n|-damage|p2b: Tinkatuff|0 fnt\n|faint|p2b: Tinkatuff\n|\n|win|hpl12345\n|n|\u2606hpl12345|hpl12345\n|n|\u2606ChildishBibo|childishbibo\n|n|*Lady Monita \u263d|ladymonita\n","uploadtime":1698909395,"views":17,"p1id":"hpl12345","p2id":"childishbibo","formatid":"gen9doublesou","rating":0,"private":0,"password":""}