{"id":"gen9doublesou-1988753560","p1":"Elite.4.Challenger","p2":"JasonJo1993","format":"[Gen 9] Doubles OU","log":"|j|\u2606Elite.4.Challenger\n|j|\u2606JasonJo1993\n|t:|1699758751\n|gametype|doubles\n|player|p1|Elite.4.Challenger|koga|1346\n|player|p2|JasonJo1993|pokekid|1438\n|teamsize|p1|6\n|teamsize|p2|6\n|gen|9\n|tier|[Gen 9] Doubles OU\n|rated|\n|rule|Species Clause: Limit one of each Pok\u00e9mon\n|rule|OHKO Clause: OHKO moves are banned\n|rule|Evasion Moves Clause: Evasion moves are banned\n|rule|Gravity Sleep Clause: The combination of sleep-inducing moves with imperfect accuracy and Gravity or Gigantamax Orbeetle are banned\n|rule|Endless Battle Clause: Forcing endless battles is banned\n|rule|HP Percentage Mod: HP is shown in percentages\n|clearpoke\n|poke|p1|Zapdos|\n|poke|p1|Grimmsnarl, M|\n|poke|p1|Basculegion-F, F|\n|poke|p1|Goodra-Hisui, M|\n|poke|p1|Politoed, F|\n|poke|p1|Toxicroak, F|\n|poke|p2|Torkoal, F|\n|poke|p2|Indeedee-F, F|\n|poke|p2|Armarouge, M|\n|poke|p2|Lilligant-Hisui, F|\n|poke|p2|Flutter Mane|\n|poke|p2|Kleavor, M|\n|teampreview\n|inactive|Battle timer is ON: inactive players will automatically lose when time's up. (requested by JasonJo1993)\n|\n|t:|1699758786\n|start\n|switch|p1a: Gollum|Grimmsnarl, M|100\/100\n|switch|p1b: Big Bird|Zapdos|100\/100\n|switch|p2a: Torkoal|Torkoal, F|100\/100\n|switch|p2b: Kleavor|Kleavor, M|100\/100\n|-weather|SunnyDay|[from] ability: Drought|[of] p2a: Torkoal\n|turn|1\n|\n|t:|1699758815\n|move|p1a: Gollum|Fake Out|p2b: Kleavor\n|-resisted|p2b: Kleavor\n|-damage|p2b: Kleavor|93\/100\n|move|p1b: Big Bird|Tailwind|p1b: Big Bird\n|-sidestart|p1: Elite.4.Challenger|move: Tailwind\n|cant|p2b: Kleavor|flinch\n|move|p2a: Torkoal|Heat Wave|p1b: Big Bird|[spread] p1a,p1b\n|-damage|p1a: Gollum|54\/100\n|-damage|p1b: Big Bird|45\/100\n|\n|-weather|SunnyDay|[upkeep]\n|upkeep\n|turn|2\n|\n|t:|1699758845\n|move|p1a: Gollum|Parting Shot|p2a: Torkoal\n|-unboost|p2a: Torkoal|atk|1\n|-unboost|p2a: Torkoal|spa|1\n|\n|t:|1699758848\n|switch|p1a: Kermit the Frog|Politoed, F|100\/100|[from] Parting Shot\n|-weather|RainDance|[from] ability: Drizzle|[of] p1a: Kermit the Frog\n|move|p1b: Big Bird|Hurricane|p2b: Kleavor\n|-damage|p2b: Kleavor|36\/100\n|move|p2b: Kleavor|Stone Axe|p1a: Kermit the Frog\n|-damage|p1a: Kermit the Frog|45\/100\n|-sidestart|p1: Elite.4.Challenger|move: Stealth Rock\n|-enditem|p1a: Kermit the Frog|Eject Button\n|\n|t:|1699758862\n|switch|p1a: James Murray|Goodra-Hisui, M|100\/100\n|-damage|p1a: James Murray|94\/100|[from] Stealth Rock\n|move|p2a: Torkoal|Heat Wave|p1a: James Murray|[spread] p1a,p1b\n|-damage|p1a: James Murray|89\/100\n|-damage|p1b: Big Bird|34\/100\n|\n|-weather|RainDance|[upkeep]\n|upkeep\n|turn|3\n|inactive|JasonJo1993 has 120 seconds left.\n|inactive|JasonJo1993 has 90 seconds left.\n|\n|t:|1699758940\n|switch|p2b: Armarouge|Armarouge, M|100\/100\n|switch|p2a: Indeedee|Indeedee-F, F|100\/100\n|-fieldstart|move: Psychic Terrain|[from] ability: Psychic Surge|[of] p2a: Indeedee\n|move|p1b: Big Bird|Hurricane|p2b: Armarouge\n|-damage|p2b: Armarouge|31\/100\n|-start|p2b: Armarouge|confusion\n|move|p1a: James Murray|Acid Spray|p2a: Indeedee\n|-damage|p2a: Indeedee|92\/100\n|-unboost|p2a: Indeedee|spd|2\n|\n|-weather|RainDance|[upkeep]\n|upkeep\n|turn|4\n|inactive|JasonJo1993 has 90 seconds left.\n|inactive|Elite.4.Challenger has 120 seconds left.\n|\n|t:|1699758978\n|switch|p2b: Torkoal|Torkoal, F|100\/100\n|-weather|SunnyDay|[from] ability: Drought|[of] p2b: Torkoal\n|move|p1b: Big Bird|Thunder|p2a: Indeedee\n|-damage|p2a: Indeedee|0 fnt\n|faint|p2a: Indeedee\n|move|p1a: James Murray|Dragon Pulse|p2b: Torkoal\n|-damage|p2b: Torkoal|55\/100\n|\n|-weather|SunnyDay|[upkeep]\n|-sideend|p1: Elite.4.Challenger|move: Tailwind\n|upkeep\n|\n|t:|1699758990\n|switch|p2a: Armarouge|Armarouge, M|31\/100\n|turn|5\n|inactive|JasonJo1993 has 90 seconds left.\n|inactive|Elite.4.Challenger has 120 seconds left.\n|\n|t:|1699759020\n|move|p1b: Big Bird|Volt Switch|p2a: Armarouge\n|-damage|p2a: Armarouge|0 fnt\n|faint|p2a: Armarouge\n|\n|t:|1699759023\n|switch|p1b: Kermit the Frog|Politoed, F|45\/100|[from] Volt Switch\n|-damage|p1b: Kermit the Frog|33\/100|[from] Stealth Rock\n|-weather|RainDance|[from] ability: Drizzle|[of] p1b: Kermit the Frog\n|move|p1a: James Murray|Dragon Pulse|p2b: Torkoal\n|-damage|p2b: Torkoal|11\/100\n|move|p2b: Torkoal|Heat Wave|p1a: James Murray|[spread] p1a\n|-miss|p2b: Torkoal|p1b: Kermit the Frog\n|-damage|p1a: James Murray|81\/100\n|\n|-weather|RainDance|[upkeep]\n|upkeep\n|inactive|JasonJo1993 has 90 seconds left.\n|\n|t:|1699759037\n|switch|p2a: Lilligant|Lilligant-Hisui, F|100\/100\n|turn|6\n|\n|t:|1699759053\n|switch|p1b: Gollum|Grimmsnarl, M|54\/100\n|-damage|p1b: Gollum|42\/100|[from] Stealth Rock\n|switch|p2b: Flutter Mane|Flutter Mane|100\/100\n|move|p2a: Lilligant|Close Combat|p1a: James Murray\n|-supereffective|p1a: James Murray\n|-damage|p1a: James Murray|0 fnt\n|-unboost|p2a: Lilligant|def|1\n|-unboost|p2a: Lilligant|spd|1\n|faint|p1a: James Murray\n|\n|-weather|RainDance|[upkeep]\n|upkeep\n|\n|t:|1699759064\n|switch|p1a: Big Bird|Zapdos|34\/100\n|-damage|p1a: Big Bird|9\/100|[from] Stealth Rock\n|turn|7\n|\n|t:|1699759079\n|switch|p2a: Torkoal|Torkoal, F|11\/100\n|-weather|SunnyDay|[from] ability: Drought|[of] p2a: Torkoal\n|-activate|p2b: Flutter Mane|ability: Protosynthesis\n|-start|p2b: Flutter Mane|protosynthesisspe\n|move|p2b: Flutter Mane|Dazzling Gleam|p1a: Big Bird|[spread] p1a,p1b\n|-crit|p1a: Big Bird\n|-supereffective|p1b: Gollum\n|-damage|p1a: Big Bird|0 fnt\n|-damage|p1b: Gollum|0 fnt\n|faint|p1a: Big Bird\n|faint|p1b: Gollum\n|\n|-weather|SunnyDay|[upkeep]\n|-fieldend|move: Psychic Terrain\n|upkeep\n|\n|t:|1699759094\n|switch|p1a: Kermit the Frog|Politoed, F|33\/100\n|switch|p1b: Michael Phelps|Basculegion-F, F|100\/100\n|-damage|p1b: Michael Phelps|88\/100|[from] Stealth Rock\n|-damage|p1a: Kermit the Frog|20\/100|[from] Stealth Rock\n|-weather|RainDance|[from] ability: Drizzle|[of] p1a: Kermit the Frog\n|-end|p2b: Flutter Mane|Protosynthesis\n|turn|8\n|\n|t:|1699759124\n|switch|p2a: Lilligant|Lilligant-Hisui, F|100\/100\n|move|p1b: Michael Phelps|Shadow Ball|p2b: Flutter Mane\n|-supereffective|p2b: Flutter Mane\n|-crit|p2b: Flutter Mane\n|-damage|p2b: Flutter Mane|0 fnt\n|faint|p2b: Flutter Mane\n|-end|p2b: Flutter Mane|Protosynthesis|[silent]\n|move|p1a: Kermit the Frog|Icy Wind|p2a: Lilligant\n|-supereffective|p2a: Lilligant\n|-damage|p2a: Lilligant|63\/100\n|-unboost|p2a: Lilligant|spe|1\n|\n|-weather|RainDance|[upkeep]\n|upkeep\n|\n|t:|1699759136\n|switch|p2b: Torkoal|Torkoal, F|11\/100\n|-weather|SunnyDay|[from] ability: Drought|[of] p2b: Torkoal\n|turn|9\n|inactive|Elite.4.Challenger has 120 seconds left.\n|\n|t:|1699759166\n|switch|p1b: Kermit the Dawg|Toxicroak, F|100\/100\n|-damage|p1b: Kermit the Dawg|94\/100|[from] Stealth Rock\n|move|p1a: Kermit the Frog|Protect|p1a: Kermit the Frog\n|-singleturn|p1a: Kermit the Frog|Protect\n|move|p2a: Lilligant|Solar Blade||[still]\n|-prepare|p2a: Lilligant|Solar Blade\n|-anim|p2a: Lilligant|Solar Blade|p1b: Kermit the Dawg\n|-resisted|p1b: Kermit the Dawg\n|-damage|p1b: Kermit the Dawg|49\/100\n|move|p2b: Torkoal|Solar Beam||[still]\n|-prepare|p2b: Torkoal|Solar Beam\n|-anim|p2b: Torkoal|Solar Beam|p1a: Kermit the Frog\n|-activate|p1a: Kermit the Frog|move: Protect\n|\n|-weather|SunnyDay|[upkeep]\n|-damage|p1b: Kermit the Dawg|37\/100|[from] ability: Dry Skin|[of] p1b: Kermit the Dawg\n|upkeep\n|turn|10\n|inactive|Elite.4.Challenger has 120 seconds left.\n|\n|t:|1699759192\n|switch|p1a: Michael Phelps|Basculegion-F, F|88\/100\n|-damage|p1a: Michael Phelps|75\/100|[from] Stealth Rock\n|move|p1b: Kermit the Dawg|Fake Out|p2b: Torkoal\n|-damage|p2b: Torkoal|0 fnt\n|faint|p2b: Torkoal\n|-damage|p1b: Kermit the Dawg|27\/100|[from] item: Life Orb\n|move|p2a: Lilligant|Solar Blade||[still]\n|-prepare|p2a: Lilligant|Solar Blade\n|-anim|p2a: Lilligant|Solar Blade|p1b: Kermit the Dawg\n|-resisted|p1b: Kermit the Dawg\n|-damage|p1b: Kermit the Dawg|0 fnt\n|faint|p1b: Kermit the Dawg\n|\n|-weather|SunnyDay|[upkeep]\n|upkeep\n|\n|t:|1699759206\n|switch|p1b: Kermit the Frog|Politoed, F|20\/100\n|switch|p2b: Kleavor|Kleavor, M|36\/100\n|-damage|p1b: Kermit the Frog|8\/100|[from] Stealth Rock\n|-weather|RainDance|[from] ability: Drizzle|[of] p1b: Kermit the Frog\n|turn|11\n|c|\u2606Elite.4.Challenger|gg\n|inactive|JasonJo1993 has 120 seconds left.\n|\n|t:|1699759242\n|move|p1b: Kermit the Frog|Helping Hand|p1a: Michael Phelps\n|-singleturn|p1a: Michael Phelps|Helping Hand|[of] p1b: Kermit the Frog\n|move|p1a: Michael Phelps|Surf|p2a: Lilligant|[spread] p1b,p2a,p2b\n|-resisted|p1b: Kermit the Frog\n|-resisted|p2a: Lilligant\n|-supereffective|p2b: Kleavor\n|-damage|p1b: Kermit the Frog|0 fnt\n|-damage|p2a: Lilligant|0 fnt\n|-damage|p2b: Kleavor|0 fnt\n|faint|p1b: Kermit the Frog\n|faint|p2a: Lilligant\n|faint|p2b: Kleavor\n|\n|win|Elite.4.Challenger\n|raw|Elite.4.Challenger's rating: 1346 &rarr; <strong>1371<\/strong><br \/>(+25 for winning)\n|raw|JasonJo1993's rating: 1438 &rarr; <strong>1413<\/strong><br \/>(-25 for losing)\n|l|\u2606JasonJo1993\n","uploadtime":1699759752,"views":11,"p1id":"elite4challenger","p2id":"jasonjo1993","formatid":"gen9doublesou","rating":1371,"private":0,"password":""}