{"id":"gen9doublesou-1970650070","p1":"PinchChristian","p2":"DRGpoke","format":"[Gen 9] Doubles OU","log":"|j|\u2606PinchChristian\n|j|\u2606DRGpoke\n|t:|1697655292\n|gametype|doubles\n|player|p1|PinchChristian|102|1443\n|player|p2|DRGpoke|scientistf|1724\n|teamsize|p1|6\n|teamsize|p2|6\n|gen|9\n|tier|[Gen 9] Doubles OU\n|rated|\n|rule|Species Clause: Limit one of each Pok\u00e9mon\n|rule|OHKO Clause: OHKO moves are banned\n|rule|Evasion Moves Clause: Evasion moves are banned\n|rule|Gravity Sleep Clause: The combination of sleep-inducing moves with imperfect accuracy and Gravity or Gigantamax Orbeetle are banned\n|rule|Endless Battle Clause: Forcing endless battles is banned\n|rule|HP Percentage Mod: HP is shown in percentages\n|clearpoke\n|poke|p1|Arcanine-Hisui, M|\n|poke|p1|Amoonguss, M|\n|poke|p1|Iron Hands|\n|poke|p1|Landorus-Therian, M|\n|poke|p1|Cresselia, F|\n|poke|p1|Iron Moth|\n|poke|p2|Rillaboom, M|\n|poke|p2|Volcanion|\n|poke|p2|Landorus-Therian, M|\n|poke|p2|Scream Tail|\n|poke|p2|Iron Hands|\n|poke|p2|Weezing, M|\n|teampreview\n|inactive|Battle timer is ON: inactive players will automatically lose when time's up. (requested by PinchChristian)\n|\n|t:|1697655374\n|start\n|switch|p1a: Cresselia|Cresselia, F|100\/100\n|switch|p1b: Landorus|Landorus-Therian, M|100\/100\n|switch|p2a: Landorus|Landorus-Therian, M|100\/100\n|switch|p2b: Volcanion|Volcanion|100\/100\n|-ability|p2a: Landorus|Intimidate|boost\n|-unboost|p1a: Cresselia|atk|1\n|-unboost|p1b: Landorus|atk|1\n|-ability|p1b: Landorus|Intimidate|boost\n|-unboost|p2a: Landorus|atk|1\n|-unboost|p2b: Volcanion|atk|1\n|turn|1\n|\n|t:|1697655394\n|switch|p1b: Iron Hands|Iron Hands|100\/100\n|move|p2a: Landorus|Stealth Rock|p1a: Cresselia\n|-sidestart|p1: PinchChristian|move: Stealth Rock\n|move|p1a: Cresselia|Calm Mind|p1a: Cresselia\n|-boost|p1a: Cresselia|spa|1\n|-boost|p1a: Cresselia|spd|1\n|move|p2b: Volcanion|Substitute|p2b: Volcanion\n|-start|p2b: Volcanion|Substitute\n|-damage|p2b: Volcanion|76\/100\n|\n|-heal|p2b: Volcanion|82\/100|[from] item: Leftovers\n|upkeep\n|turn|2\n|\n|t:|1697655418\n|switch|p2a: Scream Tail|Scream Tail|100\/100\n|move|p1b: Iron Hands|Fake Out|p2a: Scream Tail\n|-damage|p2a: Scream Tail|87\/100\n|move|p2b: Volcanion|Steam Eruption|p1b: Iron Hands\n|-damage|p1b: Iron Hands|67\/100\n|move|p1a: Cresselia|Trick Room|p1a: Cresselia\n|-fieldstart|move: Trick Room|[of] p1a: Cresselia\n|\n|-heal|p2b: Volcanion|88\/100|[from] item: Leftovers\n|-heal|p2a: Scream Tail|94\/100|[from] item: Leftovers\n|upkeep\n|turn|3\n|\n|t:|1697655435\n|move|p1b: Iron Hands|Wild Charge|p2a: Scream Tail\n|-damage|p2a: Scream Tail|53\/100\n|-damage|p1b: Iron Hands|58\/100|[from] Recoil\n|move|p2b: Volcanion|Steam Eruption|p1b: Iron Hands\n|-damage|p1b: Iron Hands|24\/100\n|move|p1a: Cresselia|Safeguard|p1a: Cresselia\n|-sidestart|p1: PinchChristian|Safeguard\n|move|p2a: Scream Tail|Encore|p1a: Cresselia\n|-start|p1a: Cresselia|Encore\n|\n|-heal|p2b: Volcanion|94\/100|[from] item: Leftovers\n|-heal|p2a: Scream Tail|59\/100|[from] item: Leftovers\n|upkeep\n|turn|4\n|\n|t:|1697655461\n|-end|p2a: Scream Tail|Protosynthesis|[silent]\n|switch|p2a: Iron Hands|Iron Hands|100\/100\n|move|p2b: Volcanion|Protect|p2b: Volcanion\n|-singleturn|p2b: Volcanion|Protect\n|move|p1b: Iron Hands|Drain Punch|p2b: Volcanion\n|-activate|p2b: Volcanion|move: Protect\n|move|p1a: Cresselia|Safeguard||[still]\n|-fail|p1a: Cresselia\n|\n|-heal|p2b: Volcanion|99\/100|[from] item: Leftovers\n|upkeep\n|turn|5\n|\n|t:|1697655488\n|move|p2a: Iron Hands|Fake Out|p1b: Iron Hands\n|-damage|p1b: Iron Hands|13\/100\n|cant|p1b: Iron Hands|flinch\n|move|p2b: Volcanion|Heat Wave|p1a: Cresselia|[spread] \n|-miss|p2b: Volcanion|p1a: Cresselia\n|-miss|p2b: Volcanion|p1b: Iron Hands\n|move|p1a: Cresselia|Safeguard||[still]\n|-fail|p1a: Cresselia\n|\n|-heal|p2b: Volcanion|100\/100|[from] item: Leftovers\n|upkeep\n|turn|6\n|\n|t:|1697655501\n|move|p2b: Volcanion|Protect|p2b: Volcanion\n|-singleturn|p2b: Volcanion|Protect\n|move|p1b: Iron Hands|Drain Punch|p2a: Iron Hands\n|-crit|p2a: Iron Hands\n|-damage|p2a: Iron Hands|59\/100\n|-heal|p1b: Iron Hands|35\/100|[from] drain|[of] p2a: Iron Hands\n|move|p2a: Iron Hands|Volt Switch|p1a: Cresselia\n|-damage|p1a: Cresselia|95\/100\n|\n|t:|1697655506\n|-end|p2a: Iron Hands|Quark Drive|[silent]\n|switch|p2a: Scream Tail|Scream Tail|59\/100|[from] Volt Switch\n|move|p1a: Cresselia|Safeguard||[still]\n|-fail|p1a: Cresselia\n|\n|-heal|p1a: Cresselia|100\/100|[from] item: Leftovers\n|-heal|p2a: Scream Tail|65\/100|[from] item: Leftovers\n|-end|p1a: Cresselia|Encore\n|-fieldend|move: Trick Room\n|upkeep\n|turn|7\n|\n|t:|1697655523\n|move|p2a: Scream Tail|Encore|p1a: Cresselia\n|-start|p1a: Cresselia|Encore\n|move|p1a: Cresselia|Safeguard||[still]\n|-fail|p1a: Cresselia\n|move|p2b: Volcanion|Steam Eruption|p1b: Iron Hands\n|-damage|p1b: Iron Hands|0 fnt\n|faint|p1b: Iron Hands\n|-end|p1b: Iron Hands|Quark Drive|[silent]\n|\n|-heal|p2a: Scream Tail|71\/100|[from] item: Leftovers\n|-sideend|p1: PinchChristian|Safeguard\n|upkeep\n|c|\u2606PinchChristian|so fuc in gay\n|c|\u2606PinchChristian|i dont play with gays\n|c|\u2606PinchChristian|sorry\n|-message|PinchChristian forfeited.\n|\n|win|DRGpoke\n|raw|PinchChristian's rating: 1443 &rarr; <strong>1436<\/strong><br \/>(-7 for losing)\n|raw|DRGpoke's rating: 1724 &rarr; <strong>1731<\/strong><br \/>(+7 for winning)\n","uploadtime":1697655534,"views":15,"p1id":"pinchchristian","p2id":"drgpoke","formatid":"gen9doublesou","rating":1436,"private":0,"password":""}