{"id":"gen9doublesou-1989040936","p1":"Pearsquare","p2":"Falean","format":"[Gen 9] Doubles OU","log":"|j|\u2606Pearsquare\n|j|\u2606Falean\n|t:|1699805526\n|gametype|doubles\n|player|p1|Pearsquare|caitlin|1088\n|player|p2|Falean|bugcatcher-gen4dp|1032\n|teamsize|p1|6\n|teamsize|p2|6\n|gen|9\n|tier|[Gen 9] Doubles OU\n|rated|\n|rule|Species Clause: Limit one of each Pok\u00e9mon\n|rule|OHKO Clause: OHKO moves are banned\n|rule|Evasion Moves Clause: Evasion moves are banned\n|rule|Gravity Sleep Clause: The combination of sleep-inducing moves with imperfect accuracy and Gravity or Gigantamax Orbeetle are banned\n|rule|Endless Battle Clause: Forcing endless battles is banned\n|rule|HP Percentage Mod: HP is shown in percentages\n|clearpoke\n|poke|p1|Meloetta|\n|poke|p1|Kricketune, M|\n|poke|p1|Luxray, M|\n|poke|p1|Mienshao, M|\n|poke|p1|Kommo-o, F|\n|poke|p1|Diancie|\n|poke|p2|Scream Tail|\n|poke|p2|Tauros-Paldea-Blaze, M|\n|poke|p2|Amoonguss, M|\n|poke|p2|Sinistcha|\n|poke|p2|Kingambit, F|\n|poke|p2|Chien-Pao|\n|teampreview\n|\n|t:|1699805534\n|start\n|switch|p1a: Tazi|Luxray, M, shiny|100\/100\n|switch|p1b: Ein|Mienshao, M|100\/100\n|switch|p2a: Scream Tail|Scream Tail|100\/100\n|switch|p2b: Tauros|Tauros-Paldea-Blaze, M|100\/100\n|-ability|p2b: Tauros|Intimidate|boost\n|-unboost|p1a: Tazi|atk|1\n|-unboost|p1b: Ein|atk|1\n|-ability|p1a: Tazi|Intimidate|boost\n|-unboost|p2a: Scream Tail|atk|1\n|-unboost|p2b: Tauros|atk|1\n|-enditem|p2a: Scream Tail|Booster Energy\n|-activate|p2a: Scream Tail|ability: Protosynthesis|[fromitem]\n|-start|p2a: Scream Tail|protosynthesisspe\n|turn|1\n|\n|t:|1699805559\n|move|p1b: Ein|Fake Out|p2a: Scream Tail\n|-damage|p2a: Scream Tail|92\/100\n|cant|p2a: Scream Tail|flinch\n|move|p2b: Tauros|Fire Spin|p1b: Ein\n|-damage|p1b: Ein|90\/100\n|-activate|p1b: Ein|move: Fire Spin|[of] p2b: Tauros\n|move|p1a: Tazi|Volt Switch|p2b: Tauros\n|-damage|p2b: Tauros|68\/100\n|\n|t:|1699805572\n|switch|p1a: Aphrodite|Diancie|100\/100|[from] Volt Switch\n|\n|-damage|p1b: Ein|78\/100|[from] move: Fire Spin|[partiallytrapped]\n|upkeep\n|turn|2\n|\n|t:|1699805584\n|move|p1b: Ein|Helping Hand|p1a: Aphrodite\n|-singleturn|p1a: Aphrodite|Helping Hand|[of] p1b: Ein\n|move|p2a: Scream Tail|Perish Song|p2a: Scream Tail\n|-start|p1a: Aphrodite|perish3|[silent]\n|-start|p1b: Ein|perish3|[silent]\n|-start|p2a: Scream Tail|perish3|[silent]\n|-start|p2b: Tauros|perish3|[silent]\n|-fieldactivate|move: Perish Song\n|move|p2b: Tauros|Fire Spin|p1a: Aphrodite|[miss]\n|-miss|p2b: Tauros|p1a: Aphrodite\n|move|p1a: Aphrodite|Diamond Storm|p2b: Tauros|[spread] p2a,p2b\n|-damage|p2a: Scream Tail|40\/100\n|-damage|p2b: Tauros|14\/100\n|-damage|p1a: Aphrodite|91\/100|[from] item: Life Orb\n|\n|-damage|p1b: Ein|65\/100|[from] move: Fire Spin|[partiallytrapped]\n|-start|p2a: Scream Tail|perish3\n|-start|p1b: Ein|perish3\n|-start|p2b: Tauros|perish3\n|-start|p1a: Aphrodite|perish3\n|upkeep\n|turn|3\n|\n|t:|1699805607\n|move|p1b: Ein|Helping Hand|p1a: Aphrodite\n|-singleturn|p1a: Aphrodite|Helping Hand|[of] p1b: Ein\n|move|p2a: Scream Tail|Protect|p2a: Scream Tail\n|-singleturn|p2a: Scream Tail|Protect\n|move|p2b: Tauros|Fire Spin|p1a: Aphrodite\n|-resisted|p1a: Aphrodite\n|-damage|p1a: Aphrodite|88\/100\n|-activate|p1a: Aphrodite|move: Fire Spin|[of] p2b: Tauros\n|move|p1a: Aphrodite|Diamond Storm|p2a: Scream Tail|[spread] p2b\n|-activate|p2a: Scream Tail|move: Protect\n|-damage|p2b: Tauros|0 fnt\n|faint|p2b: Tauros\n|-damage|p1a: Aphrodite|78\/100|[from] item: Life Orb\n|\n|-end|p1b: Ein|Fire Spin|[partiallytrapped]|[silent]\n|-end|p1a: Aphrodite|Fire Spin|[partiallytrapped]|[silent]\n|-start|p2a: Scream Tail|perish2\n|-start|p1b: Ein|perish2\n|-start|p1a: Aphrodite|perish2\n|upkeep\n|\n|t:|1699805618\n|switch|p2b: Sinistcha|Sinistcha|100\/100\n|-heal|p2a: Scream Tail|65\/100|[from] ability: Hospitality|[of] p2b: Sinistcha\n|turn|4\n|\n|t:|1699805663\n|-terastallize|p2b: Sinistcha|Grass\n|move|p1b: Ein|Helping Hand|p1a: Aphrodite\n|-singleturn|p1a: Aphrodite|Helping Hand|[of] p1b: Ein\n|move|p2a: Scream Tail|Play Rough|p1b: Ein\n|-supereffective|p1b: Ein\n|-damage|p1b: Ein|9\/100\n|move|p2b: Sinistcha|Matcha Gotcha|p1b: Ein|[spread] p1a,p1b\n|-supereffective|p1a: Aphrodite\n|-damage|p1a: Aphrodite|14\/100\n|-damage|p1b: Ein|0 fnt\n|faint|p1b: Ein\n|move|p1a: Aphrodite|Diamond Storm|p2a: Scream Tail|[spread] p2a,p2b\n|-damage|p2a: Scream Tail|17\/100\n|-damage|p2b: Sinistcha|59\/100\n|-boost|p1a: Aphrodite|def|2\n|-damage|p1a: Aphrodite|4\/100|[from] item: Life Orb\n|\n|-heal|p2b: Sinistcha|65\/100|[from] item: Leftovers\n|-start|p2a: Scream Tail|perish1\n|-start|p1a: Aphrodite|perish1\n|upkeep\n|\n|t:|1699805682\n|switch|p1b: Beatrice|Kricketune, M|100\/100\n|turn|5\n|\n|t:|1699805692\n|move|p1a: Aphrodite|Protect|p1a: Aphrodite\n|-singleturn|p1a: Aphrodite|Protect\n|move|p2a: Scream Tail|Play Rough|p1b: Beatrice\n|-damage|p1b: Beatrice|70\/100\n|move|p1b: Beatrice|Sticky Web|p2a: Scream Tail\n|-sidestart|p2: Falean|move: Sticky Web\n|move|p2b: Sinistcha|Matcha Gotcha|p1a: Aphrodite|[spread] p1b\n|-activate|p1a: Aphrodite|move: Protect\n|-resisted|p1b: Beatrice\n|-damage|p1b: Beatrice|40\/100\n|-heal|p2b: Sinistcha|78\/100|[from] drain|[of] p1b: Beatrice\n|-status|p1b: Beatrice|brn\n|\n|-heal|p2b: Sinistcha|84\/100|[from] item: Leftovers\n|-damage|p1b: Beatrice|34\/100 brn|[from] brn\n|-start|p2a: Scream Tail|perish0\n|-start|p1a: Aphrodite|perish0\n|faint|p2a: Scream Tail\n|-end|p2a: Scream Tail|Protosynthesis|[silent]\n|faint|p1a: Aphrodite\n|upkeep\n|c|\u2606Falean|Useless protect tho\n|\n|t:|1699805719\n|switch|p2a: Amoonguss|Amoonguss, M|100\/100\n|switch|p1a: Artemis|Kommo-o, F|100\/100\n|-activate|p2a: Amoonguss|move: Sticky Web\n|-unboost|p2a: Amoonguss|spe|1\n|turn|6\n|\n|t:|1699805733\n|move|p1b: Beatrice|Helping Hand|p1a: Artemis\n|-singleturn|p1a: Artemis|Helping Hand|[of] p1b: Beatrice\n|move|p1a: Artemis|Clanging Scales|p2b: Sinistcha|[spread] p2a,p2b\n|-damage|p2a: Amoonguss|64\/100\n|-damage|p2b: Sinistcha|25\/100\n|-unboost|p1a: Artemis|def|1\n|-enditem|p1a: Artemis|Throat Spray\n|-boost|p1a: Artemis|spa|1|[from] item: Throat Spray\n|move|p2b: Sinistcha|Night Shade|p1b: Beatrice\n|-damage|p1b: Beatrice|0 fnt\n|faint|p1b: Beatrice\n|move|p2a: Amoonguss|Spore|p1a: Artemis\n|-status|p1a: Artemis|slp|[from] move: Spore\n|\n|-heal|p2b: Sinistcha|31\/100|[from] item: Leftovers\n|-heal|p2a: Amoonguss|71\/100|[from] item: Leftovers\n|upkeep\n|\n|t:|1699805759\n|switch|p1b: Aria|Meloetta|100\/100\n|turn|7\n|\n|t:|1699805781\n|cant|p1a: Artemis|slp\n|move|p1b: Aria|Psychic|p2a: Amoonguss\n|-supereffective|p2a: Amoonguss\n|-damage|p2a: Amoonguss|19\/100\n|-unboost|p2a: Amoonguss|spd|1\n|move|p2b: Sinistcha|Strength Sap|p1a: Artemis\n|-unboost|p1a: Artemis|atk|1\n|-heal|p2b: Sinistcha|98\/100\n|move|p2a: Amoonguss|Spore|p1b: Aria\n|-status|p1b: Aria|slp|[from] move: Spore\n|\n|-heal|p2b: Sinistcha|100\/100|[from] item: Leftovers\n|-heal|p2a: Amoonguss|25\/100|[from] item: Leftovers\n|upkeep\n|turn|8\n|\n|t:|1699805799\n|-curestatus|p1a: Artemis|slp|[msg]\n|move|p1a: Artemis|Clanging Scales|p2a: Amoonguss|[spread] p2a,p2b\n|-damage|p2a: Amoonguss|0 fnt\n|-damage|p2b: Sinistcha|31\/100\n|faint|p2a: Amoonguss\n|-unboost|p1a: Artemis|def|1\n|cant|p1b: Aria|slp\n|move|p2b: Sinistcha|Matcha Gotcha|p1b: Aria|[spread] p1a,p1b\n|-resisted|p1a: Artemis\n|-damage|p1a: Artemis|83\/100\n|-heal|p2b: Sinistcha|39\/100|[from] drain|[of] p1a: Artemis\n|-damage|p1b: Aria|85\/100 slp\n|-heal|p2b: Sinistcha|48\/100|[from] drain|[of] p1b: Aria\n|\n|-heal|p2b: Sinistcha|54\/100|[from] item: Leftovers\n|upkeep\n|\n|t:|1699805816\n|switch|p2a: Chien-Pao|Chien-Pao|100\/100\n|-activate|p2a: Chien-Pao|move: Sticky Web\n|-unboost|p2a: Chien-Pao|spe|1\n|-ability|p2a: Chien-Pao|Sword of Ruin\n|turn|9\n|\n|t:|1699805855\n|-terastallize|p1a: Artemis|Normal\n|move|p1a: Artemis|Boomburst|p2a: Chien-Pao|[spread] p1b,p2a,p2b\n|-crit|p2b: Sinistcha\n|-damage|p1b: Aria|54\/100 slp\n|-damage|p2a: Chien-Pao|0 fnt\n|-damage|p2b: Sinistcha|0 fnt\n|faint|p2a: Chien-Pao\n|faint|p2b: Sinistcha\n|cant|p1b: Aria|slp\n|\n|upkeep\n|-message|Falean forfeited.\n|\n|win|Pearsquare\n|raw|Pearsquare's rating: 1088 &rarr; <strong>1111<\/strong><br \/>(+23 for winning)\n|raw|Falean's rating: 1032 &rarr; <strong>1020<\/strong><br \/>(-12 for losing)\n|l|\u2606Falean\n","uploadtime":1699805870,"views":17,"p1id":"pearsquare","p2id":"falean","formatid":"gen9doublesou","rating":1020,"private":0,"password":""}