{"id":"gen9doublesou-1979768744","p1":"Joecheve13","p2":"C0SuMa","format":"[Gen 9] Doubles OU","log":"|j|\u2606Joecheve13\n|j|\u2606C0SuMa\n|t:|1698711290\n|gametype|doubles\n|player|p1|Joecheve13|169|1371\n|player|p2|C0SuMa|caitlin|1360\n|teamsize|p1|6\n|teamsize|p2|6\n|gen|9\n|tier|[Gen 9] Doubles OU\n|rated|\n|rule|Species Clause: Limit one of each Pok\u00e9mon\n|rule|OHKO Clause: OHKO moves are banned\n|rule|Evasion Moves Clause: Evasion moves are banned\n|rule|Gravity Sleep Clause: The combination of sleep-inducing moves with imperfect accuracy and Gravity or Gigantamax Orbeetle are banned\n|rule|Endless Battle Clause: Forcing endless battles is banned\n|rule|HP Percentage Mod: HP is shown in percentages\n|clearpoke\n|poke|p1|Sinistcha|\n|poke|p1|Garganacl, F|\n|poke|p1|Sneasler, F|\n|poke|p1|Wo-Chien|\n|poke|p1|Ting-Lu|\n|poke|p1|Fezandipiti, M|\n|poke|p2|Sinistcha-Masterpiece|\n|poke|p2|Ursaluna, M|\n|poke|p2|Diancie|\n|poke|p2|Indeedee-F, F|\n|poke|p2|Armarouge, F|\n|poke|p2|Ogerpon-Wellspring, F|\n|teampreview\n|\n|t:|1698711327\n|start\n|switch|p1a: Fezandipiti|Fezandipiti, M|100\/100\n|switch|p1b: Garganacl|Garganacl, F|100\/100\n|switch|p2a: Armarouge|Armarouge, F|100\/100\n|switch|p2b: Ogerpon|Ogerpon-Wellspring, F|100\/100\n|turn|1\n|\n|t:|1698711360\n|-terastallize|p2b: Ogerpon|Water\n|detailschange|p2b: Ogerpon|Ogerpon-Wellspring-Tera, F, tera:Water\n|-ability|p2b: Ogerpon|Embody Aspect (Wellspring)|boost\n|-boost|p2b: Ogerpon|spd|1\n|move|p2a: Armarouge|Protect|p2a: Armarouge\n|-singleturn|p2a: Armarouge|Protect\n|move|p2b: Ogerpon|Ivy Cudgel|p1b: Garganacl\n|-supereffective|p1b: Garganacl\n|-damage|p1b: Garganacl|0 fnt\n|faint|p1b: Garganacl\n|move|p1a: Fezandipiti|Taunt|p2b: Ogerpon\n|-start|p2b: Ogerpon|move: Taunt\n|\n|upkeep\n|\n|t:|1698711384\n|switch|p1b: Sneasler|Sneasler, F|100\/100\n|-ability|p1b: Sneasler|Pressure\n|turn|2\n|\n|t:|1698711436\n|switch|p1a: Wo-Chien|Wo-Chien|100\/100\n|-ability|p1a: Wo-Chien|Tablets of Ruin\n|switch|p2a: Ursaluna|Ursaluna, M|100\/100\n|move|p2b: Ogerpon|Ivy Cudgel|p1b: Sneasler\n|-damage|p1b: Sneasler|3\/100\n|move|p1b: Sneasler|Dire Claw|p2b: Ogerpon\n|-damage|p2b: Ogerpon|52\/100\n|-status|p2b: Ogerpon|slp\n|\n|-status|p2a: Ursaluna|brn|[from] item: Flame Orb\n|upkeep\n|turn|3\n|\n|t:|1698711479\n|cant|p2b: Ogerpon|slp\n|move|p1b: Sneasler|Close Combat|p2a: Ursaluna\n|-supereffective|p2a: Ursaluna\n|-damage|p2a: Ursaluna|26\/100 brn\n|-unboost|p1b: Sneasler|def|1\n|-unboost|p1b: Sneasler|spd|1\n|move|p1a: Wo-Chien|Leech Seed|p2a: Ursaluna\n|-start|p2a: Ursaluna|move: Leech Seed\n|move|p2a: Ursaluna|Close Combat|p1a: Wo-Chien\n|-supereffective|p1a: Wo-Chien\n|-damage|p1a: Wo-Chien|27\/100\n|-unboost|p2a: Ursaluna|def|1\n|-unboost|p2a: Ursaluna|spd|1\n|\n|-damage|p2a: Ursaluna|14\/100 brn|[from] Leech Seed|[of] p1a: Wo-Chien\n|-heal|p1a: Wo-Chien|41\/100|[silent]\n|-damage|p2a: Ursaluna|7\/100 brn|[from] brn\n|upkeep\n|turn|4\n|\n|t:|1698711506\n|move|p1a: Wo-Chien|Protect|p1a: Wo-Chien\n|-singleturn|p1a: Wo-Chien|Protect\n|cant|p2b: Ogerpon|slp\n|move|p1b: Sneasler|Dire Claw|p2b: Ogerpon\n|-damage|p2b: Ogerpon|6\/100 slp\n|move|p2a: Ursaluna|Close Combat|p1a: Wo-Chien\n|-activate|p1a: Wo-Chien|move: Protect\n|\n|-damage|p2a: Ursaluna|0 fnt|[from] Leech Seed|[of] p1a: Wo-Chien\n|-heal|p1a: Wo-Chien|48\/100|[silent]\n|faint|p2a: Ursaluna\n|-end|p2b: Ogerpon|move: Taunt\n|upkeep\n|\n|t:|1698711520\n|switch|p2a: Sinistcha|Sinistcha-Masterpiece|100\/100\n|-heal|p2b: Ogerpon|31\/100 slp|[from] ability: Hospitality|[of] p2a: Sinistcha\n|turn|5\n|\n|t:|1698711533\n|cant|p2b: Ogerpon|slp\n|move|p1b: Sneasler|Dire Claw|p2b: Ogerpon\n|-damage|p2b: Ogerpon|0 fnt\n|faint|p2b: Ogerpon\n|move|p1a: Wo-Chien|Hex|p2a: Sinistcha\n|-supereffective|p2a: Sinistcha\n|-damage|p2a: Sinistcha|67\/100\n|move|p2a: Sinistcha|Matcha Gotcha|p1b: Sneasler|[spread] p1a,p1b\n|-resisted|p1a: Wo-Chien\n|-resisted|p1b: Sneasler\n|-damage|p1a: Wo-Chien|39\/100\n|-heal|p2a: Sinistcha|73\/100|[from] drain|[of] p1a: Wo-Chien\n|-damage|p1b: Sneasler|0 fnt\n|-heal|p2a: Sinistcha|74\/100|[from] drain|[of] p1b: Sneasler\n|faint|p1b: Sneasler\n|\n|upkeep\n|\n|t:|1698711557\n|switch|p2b: Armarouge|Armarouge, F|100\/100\n|switch|p1b: Sinistcha|Sinistcha|100\/100\n|-heal|p1a: Wo-Chien|64\/100|[from] ability: Hospitality|[of] p1b: Sinistcha\n|turn|6\n|\n|t:|1698711579\n|switch|p1b: Ting-Lu|Ting-Lu|100\/100\n|-ability|p1b: Ting-Lu|Vessel of Ruin\n|switch|p2a: Indeedee|Indeedee-F, F|100\/100\n|-fieldstart|move: Psychic Terrain|[from] ability: Psychic Surge|[of] p2a: Indeedee\n|-enditem|p2a: Indeedee|Psychic Seed\n|-boost|p2a: Indeedee|spd|1|[from] item: Psychic Seed\n|move|p1a: Wo-Chien|Protect|p1a: Wo-Chien\n|-singleturn|p1a: Wo-Chien|Protect\n|move|p2b: Armarouge|Protect||[still]\n|-fail|p2b: Armarouge\n|\n|upkeep\n|turn|7\n|\n|t:|1698711609\n|move|p2a: Indeedee|Follow Me|p2a: Indeedee\n|-singleturn|p2a: Indeedee|move: Follow Me\n|move|p1a: Wo-Chien|Leech Seed|p2a: Indeedee\n|-start|p2a: Indeedee|move: Leech Seed\n|move|p2b: Armarouge|Heat Wave|p1b: Ting-Lu|[spread] p1a,p1b\n|-supereffective|p1a: Wo-Chien\n|-damage|p1a: Wo-Chien|13\/100\n|-damage|p1b: Ting-Lu|82\/100\n|-status|p1b: Ting-Lu|brn\n|-damage|p2b: Armarouge|91\/100|[from] item: Life Orb\n|move|p1b: Ting-Lu|Stealth Rock|p2b: Armarouge\n|-sidestart|p2: C0SuMa|move: Stealth Rock\n|\n|-heal|p1b: Ting-Lu|88\/100 brn|[from] item: Leftovers\n|-damage|p2a: Indeedee|88\/100|[from] Leech Seed|[of] p1a: Wo-Chien\n|-heal|p1a: Wo-Chien|23\/100|[silent]\n|-damage|p1b: Ting-Lu|82\/100 brn|[from] brn\n|upkeep\n|turn|8\n|\n|t:|1698711646\n|move|p1a: Wo-Chien|Protect|p1a: Wo-Chien\n|-singleturn|p1a: Wo-Chien|Protect\n|move|p2a: Indeedee|Dazzling Gleam|p1b: Ting-Lu|[spread] p1b\n|-activate|p1a: Wo-Chien|move: Protect\n|-supereffective|p1b: Ting-Lu\n|-damage|p1b: Ting-Lu|70\/100 brn\n|move|p2b: Armarouge|Heat Wave|p1a: Wo-Chien|[spread] p1b\n|-activate|p1a: Wo-Chien|move: Protect\n|-damage|p1b: Ting-Lu|52\/100 brn\n|-damage|p2b: Armarouge|81\/100|[from] item: Life Orb\n|move|p1b: Ting-Lu|Ruination|p2b: Armarouge\n|-damage|p2b: Armarouge|41\/100\n|\n|-heal|p1b: Ting-Lu|58\/100 brn|[from] item: Leftovers\n|-damage|p2a: Indeedee|76\/100|[from] Leech Seed|[of] p1a: Wo-Chien\n|-heal|p1a: Wo-Chien|33\/100|[silent]\n|-damage|p1b: Ting-Lu|52\/100 brn|[from] brn\n|upkeep\n|turn|9\n|\n|t:|1698711676\n|switch|p1a: Fezandipiti|Fezandipiti, M|100\/100\n|move|p2a: Indeedee|Follow Me|p2a: Indeedee\n|-singleturn|p2a: Indeedee|move: Follow Me\n|move|p2b: Armarouge|Heat Wave|p1b: Ting-Lu|[spread] p1a,p1b\n|-damage|p1a: Fezandipiti|75\/100\n|-damage|p1b: Ting-Lu|33\/100 brn\n|-damage|p2b: Armarouge|31\/100|[from] item: Life Orb\n|move|p1b: Ting-Lu|Whirlwind|p2a: Indeedee\n|drag|p2a: Diancie|Diancie|100\/100\n|-damage|p2a: Diancie|88\/100|[from] Stealth Rock\n|\n|-heal|p1a: Fezandipiti|82\/100|[from] item: Black Sludge\n|-heal|p1b: Ting-Lu|39\/100 brn|[from] item: Leftovers\n|-heal|p2a: Diancie|94\/100|[from] item: Leftovers\n|-damage|p1b: Ting-Lu|33\/100 brn|[from] brn\n|upkeep\n|turn|10\n|\n|t:|1698711712\n|move|p1a: Fezandipiti|Protect|p1a: Fezandipiti\n|-singleturn|p1a: Fezandipiti|Protect\n|move|p2a: Diancie|Play Rough|p1b: Ting-Lu\n|-supereffective|p1b: Ting-Lu\n|-damage|p1b: Ting-Lu|0 fnt\n|faint|p1b: Ting-Lu\n|move|p2b: Armarouge|Trick Room|p2b: Armarouge\n|-fieldstart|move: Trick Room|[of] p2b: Armarouge\n|\n|-heal|p2a: Diancie|100\/100|[from] item: Leftovers\n|-heal|p1a: Fezandipiti|88\/100|[from] item: Black Sludge\n|-fieldend|move: Psychic Terrain\n|upkeep\n|\n|t:|1698711725\n|switch|p1b: Wo-Chien|Wo-Chien|33\/100\n|-ability|p1b: Wo-Chien|Tablets of Ruin\n|turn|11\n|\n|t:|1698711739\n|switch|p2a: Sinistcha|Sinistcha-Masterpiece|74\/100\n|-damage|p2a: Sinistcha|62\/100|[from] Stealth Rock\n|-heal|p2b: Armarouge|56\/100|[from] ability: Hospitality|[of] p2a: Sinistcha\n|switch|p1a: Sinistcha|Sinistcha|100\/100\n|-heal|p1b: Wo-Chien|58\/100|[from] ability: Hospitality|[of] p1a: Sinistcha\n|move|p2b: Armarouge|Heat Wave|p1b: Wo-Chien|[spread] p1a,p1b\n|-supereffective|p1a: Sinistcha\n|-supereffective|p1b: Wo-Chien\n|-enditem|p1a: Sinistcha|Focus Sash\n|-damage|p1a: Sinistcha|1\/100\n|-damage|p1b: Wo-Chien|0 fnt\n|faint|p1b: Wo-Chien\n|-damage|p2b: Armarouge|46\/100|[from] item: Life Orb\n|\n|upkeep\n|\n|t:|1698711761\n|switch|p1b: Fezandipiti|Fezandipiti, M|88\/100\n|turn|12\n|\n|t:|1698711772\n|switch|p2a: Indeedee|Indeedee-F, F|76\/100\n|-damage|p2a: Indeedee|64\/100|[from] Stealth Rock\n|-fieldstart|move: Psychic Terrain|[from] ability: Psychic Surge|[of] p2a: Indeedee\n|move|p1a: Sinistcha|Protect|p1a: Sinistcha\n|-singleturn|p1a: Sinistcha|Protect\n|move|p2b: Armarouge|Expanding Force|p1b: Fezandipiti|[spread] p1b\n|-activate|p1a: Sinistcha|move: Protect\n|-supereffective|p1b: Fezandipiti\n|-damage|p1b: Fezandipiti|0 fnt\n|faint|p1b: Fezandipiti\n|-damage|p2b: Armarouge|36\/100|[from] item: Life Orb\n|\n|upkeep\n|turn|13\n|c|\u2606C0SuMa|gg\n|-message|Joecheve13 forfeited.\n|\n|win|C0SuMa\n|raw|Joecheve13's rating: 1371 &rarr; <strong>1350<\/strong><br \/>(-21 for losing)\n|raw|C0SuMa's rating: 1360 &rarr; <strong>1381<\/strong><br \/>(+21 for winning)\n|l|\u2606Joecheve13\n","uploadtime":1698711799,"views":14,"p1id":"joecheve13","p2id":"c0suma","formatid":"gen9doublesou","rating":1350,"private":0,"password":""}