{"id":"gen9doublesou-1996737404","p1":"HEAVY-DUTY B0OTY","p2":"darth xman","format":"[Gen 9] Doubles OU","log":"|j|\u2606HEAVY-DUTY B0OTY\n|j|\u2606darth xman\n|inactive|Battle timer is ON: inactive players will automatically lose when time's up.\n|t:|1700716816\n|gametype|doubles\n|player|p1|HEAVY-DUTY B0OTY|swimmerf-gen6|\n|player|p2|darth xman|265|\n|teamsize|p1|6\n|teamsize|p2|6\n|gen|9\n|tier|[Gen 9] Doubles OU\n|rated|Tournament battle\n|rule|Species Clause: Limit one of each Pok\u00e9mon\n|rule|OHKO Clause: OHKO moves are banned\n|rule|Evasion Moves Clause: Evasion moves are banned\n|rule|Gravity Sleep Clause: The combination of sleep-inducing moves with imperfect accuracy and Gravity or Gigantamax Orbeetle are banned\n|rule|Endless Battle Clause: Forcing endless battles is banned\n|rule|HP Percentage Mod: HP is shown in percentages\n|clearpoke\n|poke|p1|Hatterene, F|\n|poke|p1|Crawdaunt, M|\n|poke|p1|Magcargo, F|\n|poke|p1|Espathra, M|\n|poke|p1|Houndstone, M|\n|poke|p1|Cloyster, F|\n|poke|p2|Dachsbun, F|\n|poke|p2|Bronzong|\n|poke|p2|Wugtrio, F|\n|poke|p2|Inteleon, F|\n|poke|p2|Hariyama, M|\n|poke|p2|Noctowl, F|\n|teampreview\n|j|*Lady Monita \u2746\n|inactive|darth xman also wants the timer to be on.\n|c|\u2606HEAVY-DUTY B0OTY|hf\n|\n|t:|1700716838\n|start\n|switch|p1a: Hatterene|Hatterene, F|100\/100\n|switch|p1b: Crawdaunt|Crawdaunt, M|100\/100\n|switch|p2a: Bronzong|Bronzong|100\/100\n|switch|p2b: Dachsbun|Dachsbun, F|100\/100\n|turn|1\n|\n|t:|1700716859\n|switch|p1b: Magcargo|Magcargo, F|100\/100\n|move|p2b: Dachsbun|Play Rough|p1b: Magcargo\n|-resisted|p1b: Magcargo\n|-damage|p1b: Magcargo|82\/100\n|-status|p2b: Dachsbun|brn|[from] ability: Flame Body|[of] p1b: Magcargo\n|move|p1a: Hatterene|Nuzzle|p2b: Dachsbun\n|-damage|p2b: Dachsbun|96\/100 brn\n|move|p2a: Bronzong|Trick Room|p2a: Bronzong\n|-fieldstart|move: Trick Room|[of] p2a: Bronzong\n|\n|-damage|p2b: Dachsbun|90\/100 brn|[from] brn\n|upkeep\n|turn|2\n|j| Sibn23\n|l| Sibn23\n|\n|t:|1700716885\n|move|p2b: Dachsbun|Helping Hand|p2a: Bronzong\n|-singleturn|p2a: Bronzong|Helping Hand|[of] p2b: Dachsbun\n|move|p1a: Hatterene|Mystical Fire|p2a: Bronzong\n|-supereffective|p2a: Bronzong\n|-damage|p2a: Bronzong|64\/100\n|-unboost|p2a: Bronzong|spa|1\n|move|p2a: Bronzong|Heavy Slam|p1a: Hatterene\n|-supereffective|p1a: Hatterene\n|-damage|p1a: Hatterene|8\/100\n|-enditem|p1a: Hatterene|Sitrus Berry|[eat]\n|-heal|p1a: Hatterene|33\/100|[from] item: Sitrus Berry\n|move|p1b: Magcargo|Flamethrower|p2a: Bronzong\n|-supereffective|p2a: Bronzong\n|-damage|p2a: Bronzong|10\/100\n|\n|-damage|p2b: Dachsbun|84\/100 brn|[from] brn\n|upkeep\n|turn|3\n|inactive|darth xman has 120 seconds left.\n|\n|t:|1700716916\n|move|p1a: Hatterene|Dazzling Gleam|p2b: Dachsbun|[spread] p2a,p2b\n|-resisted|p2a: Bronzong\n|-damage|p2a: Bronzong|0 fnt\n|-damage|p2b: Dachsbun|44\/100 brn\n|faint|p2a: Bronzong\n|move|p1b: Magcargo|Earth Power|p2b: Dachsbun\n|-damage|p2b: Dachsbun|7\/100 brn\n|move|p2b: Dachsbun|Yawn|p1b: Magcargo\n|-start|p1b: Magcargo|move: Yawn|[of] p2b: Dachsbun\n|\n|-damage|p2b: Dachsbun|1\/100 brn|[from] brn\n|upkeep\n|inactive|darth xman has 120 seconds left.\n|\n|t:|1700716924\n|switch|p2a: Wugtrio|Wugtrio, F|100\/100\n|turn|4\n|\n|t:|1700716939\n|move|p2b: Dachsbun|Helping Hand|p2a: Wugtrio\n|-singleturn|p2a: Wugtrio|Helping Hand|[of] p2b: Dachsbun\n|move|p2a: Wugtrio|Aqua Jet|p1b: Magcargo\n|-supereffective|p1b: Magcargo\n|-damage|p1b: Magcargo|0 fnt\n|-status|p2a: Wugtrio|brn|[from] ability: Flame Body|[of] p1b: Magcargo\n|faint|p1b: Magcargo\n|-damage|p2a: Wugtrio|91\/100 brn|[from] item: Life Orb\n|move|p1a: Hatterene|Dazzling Gleam|p2b: Dachsbun|[spread] p2a,p2b\n|-damage|p2a: Wugtrio|28\/100 brn\n|-damage|p2b: Dachsbun|0 fnt\n|faint|p2b: Dachsbun\n|\n|-damage|p2a: Wugtrio|22\/100 brn|[from] brn\n|upkeep\n|\n|t:|1700716952\n|switch|p1b: Crawdaunt|Crawdaunt, M|100\/100\n|switch|p2b: Noctowl|Noctowl, F|100\/100\n|turn|5\n|\n|t:|1700716973\n|move|p2a: Wugtrio|Aqua Jet|p1a: Hatterene\n|-crit|p1a: Hatterene\n|-damage|p1a: Hatterene|19\/100\n|-damage|p2a: Wugtrio|12\/100 brn|[from] item: Life Orb\n|move|p1a: Hatterene|Dazzling Gleam|p2b: Noctowl|[spread] p2a,p2b\n|-crit|p2b: Noctowl\n|-damage|p2a: Wugtrio|0 fnt\n|-damage|p2b: Noctowl|76\/100\n|faint|p2a: Wugtrio\n|move|p2b: Noctowl|Air Slash|p1b: Crawdaunt\n|-damage|p1b: Crawdaunt|49\/100\n|move|p1b: Crawdaunt|Knock Off|p2b: Noctowl\n|-damage|p2b: Noctowl|0 fnt\n|-enditem|p2b: Noctowl|Heavy-Duty Boots|[from] move: Knock Off|[of] p1b: Crawdaunt\n|faint|p2b: Noctowl\n|\n|-fieldend|move: Trick Room\n|upkeep\n|\n|t:|1700716982\n|switch|p2a: Hariyama|Hariyama, M|100\/100\n|switch|p2b: Inteleon|Inteleon, F|100\/100\n|turn|6\n|\n|t:|1700716997\n|move|p2a: Hariyama|Bullet Punch|p1a: Hatterene\n|-supereffective|p1a: Hatterene\n|-damage|p1a: Hatterene|0 fnt\n|faint|p1a: Hatterene\n|move|p2b: Inteleon|Air Slash|p1b: Crawdaunt\n|-damage|p1b: Crawdaunt|0 fnt\n|faint|p1b: Crawdaunt\n|\n|-status|p2a: Hariyama|brn|[from] item: Flame Orb\n|upkeep\n|inactive|HEAVY-DUTY B0OTY has 120 seconds left.\n|\n|t:|1700717029\n|switch|p1b: Cloyster|Cloyster, F|100\/100\n|switch|p1a: Espathra|Espathra, M|100\/100\n|turn|7\n|inactive|HEAVY-DUTY B0OTY has 120 seconds left.\n|\n|t:|1700717055\n|-terastallize|p1b: Cloyster|Electric\n|move|p2b: Inteleon|Icy Wind|p1b: Cloyster|[spread] p1a,p1b\n|-damage|p1a: Espathra|80\/100\n|-damage|p1b: Cloyster|65\/100\n|-unboost|p1a: Espathra|spe|1\n|-unboost|p1b: Cloyster|spe|1\n|-enditem|p1b: Cloyster|White Herb\n|-clearnegativeboost|p1b: Cloyster|[silent]\n|move|p1b: Cloyster|Tera Blast|p2b: Inteleon|[anim] Tera Blast Electric\n|-supereffective|p2b: Inteleon\n|-damage|p2b: Inteleon|0 fnt\n|faint|p2b: Inteleon\n|move|p1a: Espathra|Dazzling Gleam|p2a: Hariyama\n|-supereffective|p2a: Hariyama\n|-damage|p2a: Hariyama|63\/100 brn\n|move|p2a: Hariyama|Drain Punch|p1b: Cloyster\n|-crit|p1b: Cloyster\n|-damage|p1b: Cloyster|0 fnt\n|-heal|p2a: Hariyama|79\/100 brn|[from] drain|[of] p1b: Cloyster\n|faint|p1b: Cloyster\n|\n|-damage|p2a: Hariyama|72\/100 brn|[from] brn\n|-ability|p1a: Espathra|Speed Boost|boost\n|-boost|p1a: Espathra|spe|1\n|upkeep\n|\n|t:|1700717068\n|switch|p1b: Houndstone|Houndstone, M|100\/100\n|turn|8\n|\n|t:|1700717079\n|move|p2a: Hariyama|Bullet Punch|p1a: Espathra\n|-damage|p1a: Espathra|60\/100\n|move|p1a: Espathra|Dazzling Gleam|p2a: Hariyama\n|-supereffective|p2a: Hariyama\n|-damage|p2a: Hariyama|35\/100 brn\n|move|p1b: Houndstone|Last Respects|p2a: Hariyama\n|-damage|p2a: Hariyama|0 fnt\n|faint|p2a: Hariyama\n|\n|win|HEAVY-DUTY B0OTY\n|n|\u2606HEAVY-DUTY B0OTY|heavydutyb0oty\n|n|\u2606darth xman|darthxman\n|n|*Lady Monita \u2746|ladymonita\n","uploadtime":1700717080,"views":2,"p1id":"heavydutyb0oty","p2id":"darthxman","formatid":"gen9doublesou","rating":0,"private":0,"password":""}