{"id":"gen9doublesou-1981128148","p1":"Rungy","p2":"finnmain","format":"[Gen 9] Doubles OU","log":"|j|\u2606Rungy\n|j|\u2606finnmain\n|t:|1698865801\n|gametype|doubles\n|player|p1|Rungy|gambler|1153\n|player|p2|finnmain|hilbert|1171\n|teamsize|p1|6\n|teamsize|p2|6\n|gen|9\n|tier|[Gen 9] Doubles OU\n|rated|\n|rule|Species Clause: Limit one of each Pok\u00e9mon\n|rule|OHKO Clause: OHKO moves are banned\n|rule|Evasion Moves Clause: Evasion moves are banned\n|rule|Gravity Sleep Clause: The combination of sleep-inducing moves with imperfect accuracy and Gravity or Gigantamax Orbeetle are banned\n|rule|Endless Battle Clause: Forcing endless battles is banned\n|rule|HP Percentage Mod: HP is shown in percentages\n|clearpoke\n|poke|p1|Weezing-Galar, F|\n|poke|p1|Gastrodon-East, F|\n|poke|p1|Farigiraf, M|\n|poke|p1|Vikavolt, M|\n|poke|p1|Wyrdeer, M|\n|poke|p1|Mamoswine, F|\n|poke|p2|Chien-Pao|\n|poke|p2|Rillaboom, F|\n|poke|p2|Arcanine-Hisui, F|\n|poke|p2|Tornadus, M|\n|poke|p2|Flutter Mane|\n|poke|p2|Ogerpon-Wellspring, F|\n|teampreview\n|\n|t:|1698865824\n|start\n|switch|p1a: Assmar|Weezing-Galar, F|100\/100\n|switch|p1b: Mr. Rothschild|Farigiraf, M|100\/100\n|switch|p2a: Tornadus|Tornadus, M|100\/100\n|switch|p2b: Rillaboom|Rillaboom, F|100\/100\n|-fieldstart|move: Grassy Terrain|[from] ability: Grassy Surge|[of] p2b: Rillaboom\n|-fieldstart|move: Misty Terrain|[from] ability: Misty Surge|[of] p1a: Assmar\n|turn|1\n|\n|t:|1698865847\n|move|p2a: Tornadus|Tailwind|p2a: Tornadus\n|-sidestart|p2: finnmain|move: Tailwind\n|move|p2b: Rillaboom|U-turn|p1b: Mr. Rothschild\n|-supereffective|p1b: Mr. Rothschild\n|-damage|p1b: Mr. Rothschild|45\/100\n|\n|t:|1698865861\n|switch|p2b: Ogerpon|Ogerpon-Wellspring, F|100\/100|[from] U-turn\n|move|p1b: Mr. Rothschild|Nasty Plot|p1b: Mr. Rothschild\n|-boost|p1b: Mr. Rothschild|spa|2\n|move|p1a: Assmar|Flamethrower|p2b: Ogerpon\n|-damage|p2b: Ogerpon|72\/100\n|\n|upkeep\n|turn|2\n|\n|t:|1698865881\n|switch|p1b: Herbivore|Wyrdeer, M|100\/100\n|switch|p1a: Khan|Gastrodon-East, F|100\/100\n|move|p2a: Tornadus|Rain Dance|p2a: Tornadus\n|-weather|RainDance\n|move|p2b: Ogerpon|Ivy Cudgel|p1a: Khan\n|-activate|p1a: Khan|ability: Storm Drain\n|-ability|p1a: Khan|Storm Drain|boost\n|-boost|p1a: Khan|spa|1\n|\n|-weather|RainDance|[upkeep]\n|upkeep\n|turn|3\n|\n|t:|1698865902\n|-terastallize|p1a: Khan|Fire\n|move|p2a: Tornadus|Taunt|p1b: Herbivore\n|-start|p1b: Herbivore|move: Taunt\n|move|p2b: Ogerpon|Giga Drain|p1a: Khan\n|-resisted|p1a: Khan\n|-damage|p1a: Khan|94\/100\n|-heal|p2b: Ogerpon|76\/100|[from] drain|[of] p1a: Khan\n|move|p1b: Herbivore|Body Slam|p2a: Tornadus\n|-damage|p2a: Tornadus|51\/100\n|-status|p2a: Tornadus|par\n|-damage|p1b: Herbivore|84\/100|[from] item: Rocky Helmet|[of] p2a: Tornadus\n|move|p1a: Khan|Sludge Bomb|p2b: Ogerpon\n|-supereffective|p2b: Ogerpon\n|-damage|p2b: Ogerpon|0 fnt\n|faint|p2b: Ogerpon\n|\n|-weather|RainDance|[upkeep]\n|upkeep\n|\n|t:|1698865921\n|switch|p2b: Arcanine|Arcanine-Hisui, F|100\/100\n|-ability|p2b: Arcanine|Intimidate|boost\n|-unboost|p1a: Khan|atk|1\n|-unboost|p1b: Herbivore|atk|1\n|turn|4\n|\n|t:|1698865935\n|switch|p1a: Assmar|Weezing-Galar, F|100\/100\n|move|p2b: Arcanine|Head Smash|p1a: Assmar\n|-damage|p1a: Assmar|0 fnt\n|faint|p1a: Assmar\n|-damage|p2b: Arcanine|50\/100|[from] Recoil\n|cant|p2a: Tornadus|par\n|move|p1b: Herbivore|High Horsepower|p2b: Arcanine\n|-supereffective|p2b: Arcanine\n|-damage|p2b: Arcanine|0 fnt\n|faint|p2b: Arcanine\n|\n|-weather|RainDance|[upkeep]\n|-sideend|p2: finnmain|move: Tailwind\n|upkeep\n|\n|t:|1698865949\n|switch|p2b: Chien-Pao|Chien-Pao|100\/100\n|switch|p1a: BZZZZZT|Vikavolt, M|100\/100\n|-ability|p2b: Chien-Pao|Sword of Ruin\n|turn|5\n|\n|t:|1698865959\n|switch|p1b: Mr. Rothschild|Farigiraf, M|45\/100\n|move|p2b: Chien-Pao|Sucker Punch||[still]\n|cant|p1b: Mr. Rothschild|ability: Armor Tail|Sucker Punch|[of] p2b: Chien-Pao\n|move|p1a: BZZZZZT|Thunderbolt|p2a: Tornadus\n|-supereffective|p2a: Tornadus\n|-damage|p2a: Tornadus|0 fnt\n|faint|p2a: Tornadus\n|-damage|p1a: BZZZZZT|91\/100|[from] item: Life Orb\n|\n|-weather|RainDance|[upkeep]\n|upkeep\n|-message|finnmain forfeited.\n|\n|win|Rungy\n|raw|Rungy's rating: 1153 &rarr; <strong>1179<\/strong><br \/>(+26 for winning)\n|raw|finnmain's rating: 1171 &rarr; <strong>1145<\/strong><br \/>(-26 for losing)\n|l|\u2606finnmain\n","uploadtime":1698865973,"views":18,"p1id":"rungy","p2id":"finnmain","formatid":"gen9doublesou","rating":1145,"private":0,"password":""}