{"id":"gen9doublesou-1992735081","p1":"OPieceOfHeroGhost","p2":"ivanla55","format":"[Gen 9] Doubles OU","log":"|j|\u2606OPieceOfHeroGhost\n|j|\u2606ivanla55\n|t:|1700230490\n|gametype|doubles\n|player|p1|OPieceOfHeroGhost|morty|1493\n|player|p2|ivanla55|170|1336\n|teamsize|p1|6\n|teamsize|p2|6\n|gen|9\n|tier|[Gen 9] Doubles OU\n|rated|\n|rule|Species Clause: Limit one of each Pok\u00e9mon\n|rule|OHKO Clause: OHKO moves are banned\n|rule|Evasion Moves Clause: Evasion moves are banned\n|rule|Gravity Sleep Clause: The combination of sleep-inducing moves with imperfect accuracy and Gravity or Gigantamax Orbeetle are banned\n|rule|Endless Battle Clause: Forcing endless battles is banned\n|rule|HP Percentage Mod: HP is shown in percentages\n|clearpoke\n|poke|p1|Amoonguss, M|\n|poke|p1|Volcanion|\n|poke|p1|Iron Hands|\n|poke|p1|Flutter Mane|\n|poke|p1|Landorus-Therian, M|\n|poke|p1|Rillaboom, F|\n|poke|p2|Sinistcha-Masterpiece|\n|poke|p2|Clefairy, F|\n|poke|p2|Volcarona, M|\n|poke|p2|Iron Hands|\n|poke|p2|Landorus-Therian, M|\n|poke|p2|Kommo-o, F|\n|teampreview\n|\n|t:|1700230499\n|start\n|switch|p1a: \u5de8\u722a\u7f57\u65af|Landorus-Therian, M|100\/100\n|switch|p1b: \u53d1\u59d0\u725b\u903c|Flutter Mane|100\/100\n|switch|p2a: Landorus|Landorus-Therian, M|100\/100\n|switch|p2b: Volcarona|Volcarona, M, shiny|100\/100\n|-ability|p1a: \u5de8\u722a\u7f57\u65af|Intimidate|boost\n|-unboost|p2a: Landorus|atk|1\n|-unboost|p2b: Volcarona|atk|1\n|-ability|p2a: Landorus|Intimidate|boost\n|-unboost|p1a: \u5de8\u722a\u7f57\u65af|atk|1\n|-unboost|p1b: \u53d1\u59d0\u725b\u903c|atk|1\n|turn|1\n|\n|t:|1700230519\n|-end|p1b: \u53d1\u59d0\u725b\u903c|Protosynthesis|[silent]\n|switch|p1b: \u95ea\u7535\u4e94\u8fde\u62f3|Iron Hands|100\/100\n|switch|p2a: Clefairy|Clefairy, F|100\/100\n|-terastallize|p2b: Volcarona|Grass\n|move|p1a: \u5de8\u722a\u7f57\u65af|Rock Slide|p2a: Clefairy|[spread] p2b\n|-miss|p1a: \u5de8\u722a\u7f57\u65af|p2a: Clefairy\n|-damage|p2b: Volcarona|91\/100\n|move|p2b: Volcarona|Quiver Dance|p2b: Volcarona\n|-boost|p2b: Volcarona|spa|1\n|-boost|p2b: Volcarona|spd|1\n|-boost|p2b: Volcarona|spe|1\n|\n|upkeep\n|turn|2\n|inactive|Battle timer is ON: inactive players will automatically lose when time's up. (requested by ivanla55)\n|\n|t:|1700230548\n|switch|p1a: \u8fd9\u4e2a\u5df4\u5c14\u51ef\u5c3c\u6069\u7942\u80fd\u5e72\u4ec0\u4e48\uff1f|Volcanion|100\/100\n|move|p1b: \u95ea\u7535\u4e94\u8fde\u62f3|Fake Out|p2b: Volcarona\n|-damage|p2b: Volcarona|81\/100\n|-status|p1b: \u95ea\u7535\u4e94\u8fde\u62f3|brn|[from] ability: Flame Body|[of] p2b: Volcarona\n|cant|p2b: Volcarona|flinch\n|move|p2a: Clefairy|Reflect|p2a: Clefairy\n|-sidestart|p2: ivanla55|Reflect\n|\n|-damage|p1b: \u95ea\u7535\u4e94\u8fde\u62f3|94\/100 brn|[from] brn\n|upkeep\n|turn|3\n|\n|t:|1700230571\n|-terastallize|p1a: \u8fd9\u4e2a\u5df4\u5c14\u51ef\u5c3c\u6069\u7942\u80fd\u5e72\u4ec0\u4e48\uff1f|Fire\n|move|p2a: Clefairy|Follow Me|p2a: Clefairy\n|-singleturn|p2a: Clefairy|move: Follow Me\n|move|p2b: Volcarona|Quiver Dance|p2b: Volcarona\n|-boost|p2b: Volcarona|spa|1\n|-boost|p2b: Volcarona|spd|1\n|-boost|p2b: Volcarona|spe|1\n|move|p1b: \u95ea\u7535\u4e94\u8fde\u62f3|Drain Punch|p2a: Clefairy\n|-resisted|p2a: Clefairy\n|-damage|p2a: Clefairy|95\/100\n|-heal|p1b: \u95ea\u7535\u4e94\u8fde\u62f3|96\/100 brn|[from] drain|[of] p2a: Clefairy\n|move|p1a: \u8fd9\u4e2a\u5df4\u5c14\u51ef\u5c3c\u6069\u7942\u80fd\u5e72\u4ec0\u4e48\uff1f|Heat Wave|p2a: Clefairy|[spread] p2a,p2b\n|-supereffective|p2b: Volcarona\n|-damage|p2a: Clefairy|54\/100\n|-damage|p2b: Volcarona|49\/100\n|\n|-damage|p1b: \u95ea\u7535\u4e94\u8fde\u62f3|90\/100 brn|[from] brn\n|upkeep\n|turn|4\n|\n|t:|1700230593\n|move|p2b: Volcarona|Protect|p2b: Volcarona\n|-singleturn|p2b: Volcarona|Protect\n|move|p1b: \u95ea\u7535\u4e94\u8fde\u62f3|Volt Switch|p2a: Clefairy\n|-damage|p2a: Clefairy|43\/100\n|\n|t:|1700230600\n|-end|p1b: \u95ea\u7535\u4e94\u8fde\u62f3|Quark Drive|[silent]\n|switch|p1b: \u62cd\u6253\u7329|Rillaboom, F|100\/100|[from] Volt Switch\n|-fieldstart|move: Grassy Terrain|[from] ability: Grassy Surge|[of] p1b: \u62cd\u6253\u7329\n|move|p1a: \u8fd9\u4e2a\u5df4\u5c14\u51ef\u5c3c\u6069\u7942\u80fd\u5e72\u4ec0\u4e48\uff1f|Heat Wave|p2a: Clefairy|[spread] p2a\n|-activate|p2b: Volcarona|move: Protect\n|-damage|p2a: Clefairy|2\/100\n|move|p2a: Clefairy|Life Dew|p2a: Clefairy|[spread] p2a,p2b\n|-heal|p2a: Clefairy|27\/100\n|-heal|p2b: Volcarona|75\/100\n|\n|-heal|p2b: Volcarona|81\/100|[from] Grassy Terrain\n|-heal|p2a: Clefairy|33\/100|[from] Grassy Terrain\n|upkeep\n|turn|5\n|\n|t:|1700230630\n|switch|p2a: Sinistcha|Sinistcha-Masterpiece|100\/100\n|-heal|p2b: Volcarona|100\/100|[from] ability: Hospitality|[of] p2a: Sinistcha\n|move|p1b: \u62cd\u6253\u7329|Fake Out|p2b: Volcarona\n|-damage|p2b: Volcarona|92\/100\n|cant|p2b: Volcarona|flinch\n|move|p1a: \u8fd9\u4e2a\u5df4\u5c14\u51ef\u5c3c\u6069\u7942\u80fd\u5e72\u4ec0\u4e48\uff1f|Heat Wave|p2a: Sinistcha|[spread] p2a,p2b\n|-supereffective|p2a: Sinistcha\n|-crit|p2a: Sinistcha\n|-supereffective|p2b: Volcarona\n|-damage|p2a: Sinistcha|0 fnt\n|-damage|p2b: Volcarona|45\/100\n|faint|p2a: Sinistcha\n|\n|-heal|p2b: Volcarona|52\/100|[from] Grassy Terrain\n|upkeep\n|\n|t:|1700230636\n|switch|p2a: Landorus|Landorus-Therian, M|100\/100\n|-ability|p2a: Landorus|Intimidate|boost\n|-unboost|p1a: \u8fd9\u4e2a\u5df4\u5c14\u51ef\u5c3c\u6069\u7942\u80fd\u5e72\u4ec0\u4e48\uff1f|atk|1\n|-unboost|p1b: \u62cd\u6253\u7329|atk|1\n|turn|6\n|\n|t:|1700230658\n|move|p2b: Volcarona|Quiver Dance|p2b: Volcarona\n|-boost|p2b: Volcarona|spa|1\n|-boost|p2b: Volcarona|spd|1\n|-boost|p2b: Volcarona|spe|1\n|move|p2a: Landorus|U-turn|p1b: \u62cd\u6253\u7329\n|-supereffective|p1b: \u62cd\u6253\u7329\n|-damage|p1b: \u62cd\u6253\u7329|56\/100\n|\n|t:|1700230664\n|switch|p2a: Clefairy|Clefairy, F|33\/100|[from] U-turn\n|move|p1b: \u62cd\u6253\u7329|Wood Hammer|p2a: Clefairy\n|-damage|p2a: Clefairy|0 fnt\n|faint|p2a: Clefairy\n|-damage|p1b: \u62cd\u6253\u7329|49\/100|[from] Recoil\n|move|p1a: \u8fd9\u4e2a\u5df4\u5c14\u51ef\u5c3c\u6069\u7942\u80fd\u5e72\u4ec0\u4e48\uff1f|Heat Wave|p2b: Volcarona\n|-supereffective|p2b: Volcarona\n|-damage|p2b: Volcarona|1\/100\n|-enditem|p2b: Volcarona|Ganlon Berry|[eat]\n|-boost|p2b: Volcarona|def|1|[from] item: Ganlon Berry\n|\n|-heal|p2b: Volcarona|7\/100|[from] Grassy Terrain\n|-heal|p1b: \u62cd\u6253\u7329|55\/100|[from] Grassy Terrain\n|-sideend|p2: ivanla55|Reflect\n|upkeep\n|\n|t:|1700230673\n|switch|p2a: Kommo-o|Kommo-o, F|100\/100\n|turn|7\n|\n|t:|1700230693\n|switch|p1b: \u53d1\u59d0\u725b\u903c|Flutter Mane|100\/100\n|move|p2b: Volcarona|Giga Drain|p1b: \u53d1\u59d0\u725b\u903c\n|-damage|p1b: \u53d1\u59d0\u725b\u903c|8\/100\n|-heal|p2b: Volcarona|46\/100|[from] drain|[of] p1b: \u53d1\u59d0\u725b\u903c\n|move|p2a: Kommo-o|Clangorous Soul|p2a: Kommo-o\n|-boost|p2a: Kommo-o|atk|1\n|-boost|p2a: Kommo-o|def|1\n|-boost|p2a: Kommo-o|spa|1\n|-boost|p2a: Kommo-o|spd|1\n|-boost|p2a: Kommo-o|spe|1\n|-damage|p2a: Kommo-o|68\/100\n|-enditem|p2a: Kommo-o|Throat Spray\n|-boost|p2a: Kommo-o|spa|1|[from] item: Throat Spray\n|move|p1a: \u8fd9\u4e2a\u5df4\u5c14\u51ef\u5c3c\u6069\u7942\u80fd\u5e72\u4ec0\u4e48\uff1f|Heat Wave|p2b: Volcarona|[spread] p2a,p2b\n|-resisted|p2a: Kommo-o\n|-supereffective|p2b: Volcarona\n|-damage|p2a: Kommo-o|53\/100\n|-damage|p2b: Volcarona|10\/100\n|\n|-heal|p2b: Volcarona|16\/100|[from] Grassy Terrain\n|-heal|p1b: \u53d1\u59d0\u725b\u903c|14\/100|[from] Grassy Terrain\n|-heal|p2a: Kommo-o|59\/100|[from] Grassy Terrain\n|upkeep\n|turn|8\n|\n|t:|1700230719\n|-end|p1b: \u53d1\u59d0\u725b\u903c|Protosynthesis|[silent]\n|switch|p1b: \u80cc\u5f71\u6700\u5e05\u7684\u7834\u58f3\u68a6|Amoonguss, M|100\/100\n|move|p2b: Volcarona|Giga Drain|p1b: \u80cc\u5f71\u6700\u5e05\u7684\u7834\u58f3\u68a6\n|-resisted|p1b: \u80cc\u5f71\u6700\u5e05\u7684\u7834\u58f3\u68a6\n|-damage|p1b: \u80cc\u5f71\u6700\u5e05\u7684\u7834\u58f3\u68a6|74\/100\n|-heal|p2b: Volcarona|31\/100|[from] drain|[of] p1b: \u80cc\u5f71\u6700\u5e05\u7684\u7834\u58f3\u68a6\n|move|p2a: Kommo-o|Clanging Scales|p1a: \u8fd9\u4e2a\u5df4\u5c14\u51ef\u5c3c\u6069\u7942\u80fd\u5e72\u4ec0\u4e48\uff1f|[spread] p1a,p1b\n|-damage|p1a: \u8fd9\u4e2a\u5df4\u5c14\u51ef\u5c3c\u6069\u7942\u80fd\u5e72\u4ec0\u4e48\uff1f|60\/100\n|-damage|p1b: \u80cc\u5f71\u6700\u5e05\u7684\u7834\u58f3\u68a6|14\/100\n|-enditem|p1b: \u80cc\u5f71\u6700\u5e05\u7684\u7834\u58f3\u68a6|Sitrus Berry|[eat]\n|-heal|p1b: \u80cc\u5f71\u6700\u5e05\u7684\u7834\u58f3\u68a6|39\/100|[from] item: Sitrus Berry\n|-unboost|p2a: Kommo-o|def|1\n|move|p1a: \u8fd9\u4e2a\u5df4\u5c14\u51ef\u5c3c\u6069\u7942\u80fd\u5e72\u4ec0\u4e48\uff1f|Heat Wave|p2b: Volcarona|[spread] p2a,p2b\n|-resisted|p2a: Kommo-o\n|-supereffective|p2b: Volcarona\n|-damage|p2a: Kommo-o|44\/100\n|-damage|p2b: Volcarona|0 fnt\n|faint|p2b: Volcarona\n|\n|-heal|p2a: Kommo-o|50\/100|[from] Grassy Terrain\n|-heal|p1a: \u8fd9\u4e2a\u5df4\u5c14\u51ef\u5c3c\u6069\u7942\u80fd\u5e72\u4ec0\u4e48\uff1f|66\/100|[from] Grassy Terrain\n|-heal|p1b: \u80cc\u5f71\u6700\u5e05\u7684\u7834\u58f3\u68a6|45\/100|[from] Grassy Terrain\n|-fieldend|move: Grassy Terrain\n|upkeep\n|\n|t:|1700230725\n|switch|p2b: Iron Hands|Iron Hands|100\/100\n|turn|9\n|inactive|OPieceOfHeroGhost has 120 seconds left.\n|\n|t:|1700230757\n|move|p2a: Kommo-o|Clanging Scales|p1a: \u8fd9\u4e2a\u5df4\u5c14\u51ef\u5c3c\u6069\u7942\u80fd\u5e72\u4ec0\u4e48\uff1f|[spread] p1a,p1b\n|-crit|p1a: \u8fd9\u4e2a\u5df4\u5c14\u51ef\u5c3c\u6069\u7942\u80fd\u5e72\u4ec0\u4e48\uff1f\n|-damage|p1a: \u8fd9\u4e2a\u5df4\u5c14\u51ef\u5c3c\u6069\u7942\u80fd\u5e72\u4ec0\u4e48\uff1f|1\/100\n|-damage|p1b: \u80cc\u5f71\u6700\u5e05\u7684\u7834\u58f3\u68a6|0 fnt\n|faint|p1b: \u80cc\u5f71\u6700\u5e05\u7684\u7834\u58f3\u68a6\n|-unboost|p2a: Kommo-o|def|1\n|move|p2b: Iron Hands|Belly Drum|p2b: Iron Hands\n|-damage|p2b: Iron Hands|50\/100\n|-setboost|p2b: Iron Hands|atk|6|[from] move: Belly Drum\n|move|p1a: \u8fd9\u4e2a\u5df4\u5c14\u51ef\u5c3c\u6069\u7942\u80fd\u5e72\u4ec0\u4e48\uff1f|Steam Eruption|p2b: Iron Hands\n|-damage|p2b: Iron Hands|10\/100\n|\n|upkeep\n|inactive|OPieceOfHeroGhost has 120 seconds left.\n|\n|t:|1700230773\n|switch|p1b: \u62cd\u6253\u7329|Rillaboom, F|55\/100\n|-fieldstart|move: Grassy Terrain|[from] ability: Grassy Surge|[of] p1b: \u62cd\u6253\u7329\n|turn|10\n|\n|t:|1700230781\n|move|p1b: \u62cd\u6253\u7329|Fake Out|p2a: Kommo-o\n|-damage|p2a: Kommo-o|33\/100\n|cant|p2a: Kommo-o|flinch\n|move|p2b: Iron Hands|Drain Punch|p1b: \u62cd\u6253\u7329\n|-damage|p1b: \u62cd\u6253\u7329|0 fnt\n|-heal|p2b: Iron Hands|35\/100|[from] drain|[of] p1b: \u62cd\u6253\u7329\n|faint|p1b: \u62cd\u6253\u7329\n|move|p1a: \u8fd9\u4e2a\u5df4\u5c14\u51ef\u5c3c\u6069\u7942\u80fd\u5e72\u4ec0\u4e48\uff1f|Heat Wave|p2a: Kommo-o|[spread] p2a,p2b\n|-resisted|p2a: Kommo-o\n|-damage|p2a: Kommo-o|18\/100\n|-damage|p2b: Iron Hands|0 fnt\n|faint|p2b: Iron Hands\n|-end|p2b: Iron Hands|Quark Drive|[silent]\n|\n|-heal|p2a: Kommo-o|24\/100|[from] Grassy Terrain\n|-heal|p1a: \u8fd9\u4e2a\u5df4\u5c14\u51ef\u5c3c\u6069\u7942\u80fd\u5e72\u4ec0\u4e48\uff1f|7\/100|[from] Grassy Terrain\n|upkeep\n|\n|t:|1700230803\n|switch|p1b: \u95ea\u7535\u4e94\u8fde\u62f3|Iron Hands|90\/100 brn\n|switch|p2b: Landorus|Landorus-Therian, M|100\/100\n|-ability|p2b: Landorus|Intimidate|boost\n|-unboost|p1a: \u8fd9\u4e2a\u5df4\u5c14\u51ef\u5c3c\u6069\u7942\u80fd\u5e72\u4ec0\u4e48\uff1f|atk|1\n|-unboost|p1b: \u95ea\u7535\u4e94\u8fde\u62f3|atk|1\n|turn|11\n|\n|t:|1700230820\n|move|p1b: \u95ea\u7535\u4e94\u8fde\u62f3|Fake Out|p2a: Kommo-o\n|-damage|p2a: Kommo-o|17\/100\n|cant|p2a: Kommo-o|flinch\n|move|p2b: Landorus|Rock Tomb|p1b: \u95ea\u7535\u4e94\u8fde\u62f3\n|-resisted|p1b: \u95ea\u7535\u4e94\u8fde\u62f3\n|-damage|p1b: \u95ea\u7535\u4e94\u8fde\u62f3|84\/100 brn\n|-unboost|p1b: \u95ea\u7535\u4e94\u8fde\u62f3|spe|1\n|move|p1a: \u8fd9\u4e2a\u5df4\u5c14\u51ef\u5c3c\u6069\u7942\u80fd\u5e72\u4ec0\u4e48\uff1f|Sludge Bomb|p2a: Kommo-o\n|-immune|p2a: Kommo-o|[from] ability: Bulletproof\n|\n|-heal|p2a: Kommo-o|23\/100|[from] Grassy Terrain\n|-heal|p1a: \u8fd9\u4e2a\u5df4\u5c14\u51ef\u5c3c\u6069\u7942\u80fd\u5e72\u4ec0\u4e48\uff1f|13\/100|[from] Grassy Terrain\n|-heal|p1b: \u95ea\u7535\u4e94\u8fde\u62f3|90\/100 brn|[from] Grassy Terrain\n|-damage|p1b: \u95ea\u7535\u4e94\u8fde\u62f3|84\/100 brn|[from] brn\n|upkeep\n|turn|12\n|inactive|OPieceOfHeroGhost has 120 seconds left.\n|\n|t:|1700230859\n|switch|p1a: \u5de8\u722a\u7f57\u65af|Landorus-Therian, M|100\/100\n|-ability|p1a: \u5de8\u722a\u7f57\u65af|Intimidate|boost\n|-unboost|p2a: Kommo-o|atk|1\n|-unboost|p2b: Landorus|atk|1\n|move|p2a: Kommo-o|Clanging Scales|p1b: \u95ea\u7535\u4e94\u8fde\u62f3|[spread] p1a,p1b\n|-damage|p1a: \u5de8\u722a\u7f57\u65af|31\/100\n|-damage|p1b: \u95ea\u7535\u4e94\u8fde\u62f3|55\/100 brn\n|-unboost|p2a: Kommo-o|def|1\n|move|p2b: Landorus|Rock Tomb|p1b: \u95ea\u7535\u4e94\u8fde\u62f3\n|-resisted|p1b: \u95ea\u7535\u4e94\u8fde\u62f3\n|-damage|p1b: \u95ea\u7535\u4e94\u8fde\u62f3|51\/100 brn\n|-unboost|p1b: \u95ea\u7535\u4e94\u8fde\u62f3|spe|1\n|move|p1b: \u95ea\u7535\u4e94\u8fde\u62f3|Volt Switch|p2a: Kommo-o\n|-resisted|p2a: Kommo-o\n|-damage|p2a: Kommo-o|19\/100\n|\n|t:|1700230879\n|-end|p1b: \u95ea\u7535\u4e94\u8fde\u62f3|Quark Drive|[silent]\n|switch|p1b: \u8fd9\u4e2a\u5df4\u5c14\u51ef\u5c3c\u6069\u7942\u80fd\u5e72\u4ec0\u4e48\uff1f|Volcanion, tera:Fire|13\/100|[from] Volt Switch\n|\n|-heal|p2a: Kommo-o|25\/100|[from] Grassy Terrain\n|-heal|p1b: \u8fd9\u4e2a\u5df4\u5c14\u51ef\u5c3c\u6069\u7942\u80fd\u5e72\u4ec0\u4e48\uff1f|20\/100|[from] Grassy Terrain\n|upkeep\n|turn|13\n|inactive|OPieceOfHeroGhost has 120 seconds left.\n|\n|t:|1700230901\n|move|p1a: \u5de8\u722a\u7f57\u65af|Stomping Tantrum|p2a: Kommo-o\n|-damage|p2a: Kommo-o|0 fnt\n|faint|p2a: Kommo-o\n|move|p2b: Landorus|Rock Tomb|p1a: \u5de8\u722a\u7f57\u65af\n|-damage|p1a: \u5de8\u722a\u7f57\u65af|18\/100\n|-unboost|p1a: \u5de8\u722a\u7f57\u65af|spe|1\n|move|p1b: \u8fd9\u4e2a\u5df4\u5c14\u51ef\u5c3c\u6069\u7942\u80fd\u5e72\u4ec0\u4e48\uff1f|Steam Eruption|p2b: Landorus\n|-supereffective|p2b: Landorus\n|-damage|p2b: Landorus|14\/100\n|\n|-heal|p2b: Landorus|20\/100|[from] item: Leftovers\n|-heal|p1b: \u8fd9\u4e2a\u5df4\u5c14\u51ef\u5c3c\u6069\u7942\u80fd\u5e72\u4ec0\u4e48\uff1f|26\/100|[from] Grassy Terrain\n|upkeep\n|turn|14\n|inactive|OPieceOfHeroGhost has 120 seconds left.\n|\n|t:|1700230921\n|switch|p1a: \u95ea\u7535\u4e94\u8fde\u62f3|Iron Hands|51\/100 brn\n|move|p2b: Landorus|Rock Tomb|p1b: \u8fd9\u4e2a\u5df4\u5c14\u51ef\u5c3c\u6069\u7942\u80fd\u5e72\u4ec0\u4e48\uff1f\n|-supereffective|p1b: \u8fd9\u4e2a\u5df4\u5c14\u51ef\u5c3c\u6069\u7942\u80fd\u5e72\u4ec0\u4e48\uff1f\n|-damage|p1b: \u8fd9\u4e2a\u5df4\u5c14\u51ef\u5c3c\u6069\u7942\u80fd\u5e72\u4ec0\u4e48\uff1f|6\/100\n|-unboost|p1b: \u8fd9\u4e2a\u5df4\u5c14\u51ef\u5c3c\u6069\u7942\u80fd\u5e72\u4ec0\u4e48\uff1f|spe|1\n|move|p1b: \u8fd9\u4e2a\u5df4\u5c14\u51ef\u5c3c\u6069\u7942\u80fd\u5e72\u4ec0\u4e48\uff1f|Steam Eruption|p2b: Landorus\n|-supereffective|p2b: Landorus\n|-damage|p2b: Landorus|0 fnt\n|faint|p2b: Landorus\n|\n|win|OPieceOfHeroGhost\n|raw|OPieceOfHeroGhost's rating: 1493 &rarr; <strong>1505<\/strong><br \/>(+12 for winning)\n|raw|ivanla55's rating: 1336 &rarr; <strong>1324<\/strong><br \/>(-12 for losing)\n","uploadtime":1700230936,"views":19,"p1id":"opieceofheroghost","p2id":"ivanla55","formatid":"gen9doublesou","rating":1324,"private":0,"password":""}