{"id":"gen9doublesou-1992978040","p1":"mahameloplatano","p2":"MageDream\/UHE","format":"[Gen 9] Doubles OU","log":"|j|\u2606mahameloplatano\n|j|\u2606MageDream\/UHE\n|t:|1700252124\n|gametype|doubles\n|player|p1|mahameloplatano|266|1276\n|player|p2|MageDream\/UHE|chuck|1394\n|teamsize|p1|6\n|teamsize|p2|6\n|gen|9\n|tier|[Gen 9] Doubles OU\n|rated|\n|rule|Species Clause: Limit one of each Pok\u00e9mon\n|rule|OHKO Clause: OHKO moves are banned\n|rule|Evasion Moves Clause: Evasion moves are banned\n|rule|Gravity Sleep Clause: The combination of sleep-inducing moves with imperfect accuracy and Gravity or Gigantamax Orbeetle are banned\n|rule|Endless Battle Clause: Forcing endless battles is banned\n|rule|HP Percentage Mod: HP is shown in percentages\n|clearpoke\n|poke|p1|Murkrow, M|\n|poke|p1|Oricorio-Pa'u, F|\n|poke|p1|Oranguru, F|\n|poke|p1|Volcarona, F|\n|poke|p1|Iron Hands|\n|poke|p1|Sinistcha-Masterpiece|\n|poke|p2|Scizor, M|\n|poke|p2|Rillaboom, M|\n|poke|p2|Pelipper, F|\n|poke|p2|Walking Wake|\n|poke|p2|Tornadus, M|\n|poke|p2|Clefable, F|\n|teampreview\n|inactive|Battle timer is ON: inactive players will automatically lose when time's up. (requested by mahameloplatano)\n|\n|t:|1700252144\n|start\n|switch|p1a: Murkrow|Murkrow, M|100\/100\n|switch|p1b: Oranguru|Oranguru, F|100\/100\n|switch|p2a: Pelipper|Pelipper, F|100\/100\n|switch|p2b: Tornadus|Tornadus, M|100\/100\n|-weather|RainDance|[from] ability: Drizzle|[of] p2a: Pelipper\n|turn|1\n|\n|t:|1700252173\n|move|p2a: Pelipper|Wide Guard|p2a: Pelipper\n|-singleturn|p2a: Pelipper|Wide Guard\n|move|p1a: Murkrow|Thunder Wave|p2a: Pelipper\n|-status|p2a: Pelipper|par\n|move|p2b: Tornadus|Weather Ball|p1b: Oranguru\n|-damage|p1b: Oranguru|58\/100\n|move|p1b: Oranguru|Skill Swap|p2b: Tornadus\n|-activate|p1b: Oranguru|move: Skill Swap|Prankster|Inner Focus|[of] p2b: Tornadus\n|\n|-weather|RainDance|[upkeep]\n|upkeep\n|turn|2\n|inactive|mahameloplatano has 120 seconds left.\n|\n|t:|1700252208\n|switch|p2a: Scizor|Scizor, M|100\/100\n|-terastallize|p2b: Tornadus|Dark\n|move|p1a: Murkrow|Tailwind|p1a: Murkrow\n|-sidestart|p1: mahameloplatano|move: Tailwind\n|move|p1b: Oranguru|Psychic|p2b: Tornadus\n|-immune|p2b: Tornadus\n|move|p2b: Tornadus|Bleakwind Storm|p1a: Murkrow|[spread] p1a,p1b\n|-damage|p1a: Murkrow|70\/100\n|-damage|p1b: Oranguru|28\/100\n|\n|-weather|RainDance|[upkeep]\n|upkeep\n|turn|3\n|\n|t:|1700252232\n|switch|p1b: Volcarona|Volcarona, F|100\/100\n|move|p1a: Murkrow|Thunder Wave|p2a: Scizor\n|-status|p2a: Scizor|par\n|move|p2a: Scizor|Bullet Punch|p1b: Volcarona\n|-resisted|p1b: Volcarona\n|-damage|p1b: Volcarona|75\/100\n|move|p2b: Tornadus|Tailwind|p2b: Tornadus\n|-sidestart|p2: MageDream\/UHE|move: Tailwind\n|\n|-weather|RainDance|[upkeep]\n|upkeep\n|turn|4\n|\n|t:|1700252258\n|switch|p2a: Pelipper|Pelipper, F|100\/100 par\n|move|p1b: Volcarona|Struggle Bug|p2a: Pelipper|[spread] p2a,p2b\n|-resisted|p2a: Pelipper\n|-supereffective|p2b: Tornadus\n|-damage|p2a: Pelipper|85\/100 par\n|-damage|p2b: Tornadus|59\/100\n|-unboost|p2a: Pelipper|spa|1\n|move|p2b: Tornadus|Weather Ball|p1b: Volcarona\n|-supereffective|p1b: Volcarona\n|-damage|p1b: Volcarona|0 fnt\n|faint|p1b: Volcarona\n|move|p1a: Murkrow|Foul Play|p2a: Pelipper\n|-damage|p2a: Pelipper|71\/100 par\n|\n|-weather|RainDance|[upkeep]\n|-heal|p2a: Pelipper|77\/100 par|[from] item: Leftovers\n|upkeep\n|inactive|mahameloplatano has 120 seconds left.\n|\n|t:|1700252274\n|switch|p1b: Iron Hands|Iron Hands|100\/100\n|turn|5\n|inactive|mahameloplatano has 120 seconds left.\n|\n|t:|1700252300\n|move|p2a: Pelipper|Protect|p2a: Pelipper\n|-singleturn|p2a: Pelipper|Protect\n|move|p2b: Tornadus|Bleakwind Storm|p1a: Murkrow|[spread] p1a,p1b\n|-damage|p1a: Murkrow|39\/100\n|-damage|p1b: Iron Hands|61\/100\n|-unboost|p1a: Murkrow|spe|1\n|move|p1b: Iron Hands|Drain Punch|p2b: Tornadus\n|-supereffective|p2b: Tornadus\n|-damage|p2b: Tornadus|0 fnt\n|-heal|p1b: Iron Hands|84\/100|[from] drain|[of] p2b: Tornadus\n|faint|p2b: Tornadus\n|move|p1a: Murkrow|Foul Play|p2a: Pelipper\n|-activate|p2a: Pelipper|move: Protect\n|\n|-weather|none\n|-heal|p2a: Pelipper|83\/100 par|[from] item: Leftovers\n|-sideend|p1: mahameloplatano|move: Tailwind\n|upkeep\n|\n|t:|1700252316\n|switch|p2b: Clefable|Clefable, F|100\/100\n|turn|6\n|\n|t:|1700252332\n|-terastallize|p1b: Iron Hands|Electric\n|move|p2b: Clefable|Follow Me|p2b: Clefable\n|-singleturn|p2b: Clefable|move: Follow Me\n|move|p1a: Murkrow|Tailwind|p1a: Murkrow\n|-sidestart|p1: mahameloplatano|move: Tailwind\n|move|p1b: Iron Hands|Wild Charge|p2b: Clefable\n|-damage|p2b: Clefable|31\/100\n|-damage|p1b: Iron Hands|68\/100|[from] item: Rocky Helmet|[of] p2b: Clefable\n|-damage|p1b: Iron Hands|52\/100|[from] Recoil\n|move|p2a: Pelipper|Surf|p1a: Murkrow|[spread] p2b,p1a,p1b\n|-damage|p2b: Clefable|12\/100\n|-damage|p1a: Murkrow|21\/100\n|-damage|p1b: Iron Hands|31\/100\n|-enditem|p1b: Iron Hands|Sitrus Berry|[eat]\n|-heal|p1b: Iron Hands|56\/100|[from] item: Sitrus Berry\n|\n|-heal|p2a: Pelipper|90\/100 par|[from] item: Leftovers\n|-sideend|p2: MageDream\/UHE|move: Tailwind\n|upkeep\n|turn|7\n|\n|t:|1700252356\n|switch|p1a: Sinistcha|Sinistcha-Masterpiece|100\/100\n|-heal|p1b: Iron Hands|81\/100|[from] ability: Hospitality|[of] p1a: Sinistcha\n|move|p2b: Clefable|Follow Me|p2b: Clefable\n|-singleturn|p2b: Clefable|move: Follow Me\n|move|p1b: Iron Hands|Belly Drum|p1b: Iron Hands\n|-damage|p1b: Iron Hands|31\/100\n|-setboost|p1b: Iron Hands|atk|6|[from] move: Belly Drum\n|cant|p2a: Pelipper|par\n|\n|-heal|p2a: Pelipper|96\/100 par|[from] item: Leftovers\n|upkeep\n|turn|8\n|\n|t:|1700252373\n|move|p2b: Clefable|Follow Me|p2b: Clefable\n|-singleturn|p2b: Clefable|move: Follow Me\n|move|p1b: Iron Hands|Drain Punch|p2b: Clefable\n|-resisted|p2b: Clefable\n|-crit|p2b: Clefable\n|-damage|p2b: Clefable|0 fnt\n|-heal|p1b: Iron Hands|36\/100|[from] drain|[of] p2b: Clefable\n|-damage|p1b: Iron Hands|19\/100|[from] item: Rocky Helmet|[of] p2b: Clefable\n|faint|p2b: Clefable\n|move|p1a: Sinistcha|Life Dew||[still]|[spread] p1a,p1b\n|-fail|p1a: Sinistcha|heal\n|-heal|p1b: Iron Hands|44\/100\n|cant|p2a: Pelipper|par\n|\n|-heal|p2a: Pelipper|100\/100 par|[from] item: Leftovers\n|upkeep\n|\n|t:|1700252396\n|switch|p2b: Rillaboom|Rillaboom, M|100\/100\n|-fieldstart|move: Grassy Terrain|[from] ability: Grassy Surge|[of] p2b: Rillaboom\n|turn|9\n|\n|t:|1700252412\n|switch|p2a: Walking Wake|Walking Wake|100\/100\n|-enditem|p2a: Walking Wake|Grassy Seed\n|-boost|p2a: Walking Wake|def|1|[from] item: Grassy Seed\n|move|p1b: Iron Hands|Drain Punch|p2b: Rillaboom\n|-damage|p2b: Rillaboom|0 fnt\n|-heal|p1b: Iron Hands|82\/100|[from] drain|[of] p2b: Rillaboom\n|faint|p2b: Rillaboom\n|move|p1a: Sinistcha|Life Dew||[still]|[spread] p1a,p1b\n|-fail|p1a: Sinistcha|heal\n|-heal|p1b: Iron Hands|100\/100\n|\n|-sideend|p1: mahameloplatano|move: Tailwind\n|upkeep\n|c|\u2606MageDream\/UHE|what\n|inactive|MageDream\/UHE has 120 seconds left.\n|c|\u2606MageDream\/UHE|in what world are you outspeeding\n|inactive|MageDream\/UHE has 90 seconds left.\n|inactive|MageDream\/UHE has 60 seconds left.\n|inactive|MageDream\/UHE has 30 seconds left.\n|-message|MageDream\/UHE forfeited.\n|\n|win|mahameloplatano\n|raw|mahameloplatano's rating: 1276 &rarr; <strong>1309<\/strong><br \/>(+33 for winning)\n|raw|MageDream&#x2f;UHE's rating: 1394 &rarr; <strong>1367<\/strong><br \/>(-27 for losing)\n","uploadtime":1700252539,"views":5,"p1id":"mahameloplatano","p2id":"magedreamuhe","formatid":"gen9doublesou","rating":1309,"private":0,"password":""}