{"id":"gen9doublesou-1987922381","p1":"Critian Caceorte","p2":"Oreomaster360","format":"[Gen 9] Doubles OU","log":"|j|\u2606Critian Caceorte\n|j|\u2606Oreomaster360\n|t:|1699649457\n|gametype|doubles\n|player|p1|Critian Caceorte|hilda|1077\n|player|p2|Oreomaster360|ghetsis|1019\n|teamsize|p1|6\n|teamsize|p2|6\n|gen|9\n|tier|[Gen 9] Doubles OU\n|rated|\n|rule|Species Clause: Limit one of each Pok\u00e9mon\n|rule|OHKO Clause: OHKO moves are banned\n|rule|Evasion Moves Clause: Evasion moves are banned\n|rule|Gravity Sleep Clause: The combination of sleep-inducing moves with imperfect accuracy and Gravity or Gigantamax Orbeetle are banned\n|rule|Endless Battle Clause: Forcing endless battles is banned\n|rule|HP Percentage Mod: HP is shown in percentages\n|clearpoke\n|poke|p1|Ursaluna-Bloodmoon, M|\n|poke|p1|Landorus-Therian, M|\n|poke|p1|Gliscor, F|\n|poke|p1|Great Tusk|\n|poke|p1|Gastrodon, M|\n|poke|p1|Hippowdon, M|\n|poke|p2|Ninetales-Alola, F|\n|poke|p2|Toxapex, F|\n|poke|p2|Breloom, F|\n|poke|p2|Dragapult, M|\n|poke|p2|Regieleki|\n|poke|p2|Clefable, F|\n|teampreview\n|inactive|Battle timer is ON: inactive players will automatically lose when time's up. (requested by Oreomaster360)\n|\n|t:|1699649465\n|start\n|switch|p1a: Gliscor|Gliscor, F|100\/100\n|switch|p1b: Hippowdon|Hippowdon, M|100\/100\n|switch|p2a: Ninetales|Ninetales-Alola, F|100\/100\n|switch|p2b: Toxapex|Toxapex, F|100\/100\n|-weather|Snow|[from] ability: Snow Warning|[of] p2a: Ninetales\n|-weather|Sandstorm|[from] ability: Sand Stream|[of] p1b: Hippowdon\n|turn|1\n|inactive|Oreomaster360 has 120 seconds left.\n|\n|t:|1699649497\n|switch|p1b: Gastrodon|Gastrodon, M|100\/100\n|move|p2a: Ninetales|Blizzard|p1a: Gliscor|[spread] p1a,p1b\n|-supereffective|p1a: Gliscor\n|-damage|p1a: Gliscor|0 fnt\n|-damage|p1b: Gastrodon|79\/100\n|faint|p1a: Gliscor\n|move|p2b: Toxapex|Hydro Pump|p1b: Gastrodon\n|-ability|p1b: Gastrodon|Storm Drain|boost\n|-boost|p1b: Gastrodon|spa|1\n|\n|-weather|Sandstorm|[upkeep]\n|-damage|p2a: Ninetales|94\/100|[from] Sandstorm\n|-damage|p2b: Toxapex|94\/100|[from] Sandstorm\n|-heal|p1b: Gastrodon|85\/100|[from] item: Leftovers\n|-heal|p2b: Toxapex|100\/100|[from] item: Black Sludge\n|upkeep\n|\n|t:|1699649510\n|switch|p1a: Great Tusk|Great Tusk|100\/100\n|-enditem|p1a: Great Tusk|Booster Energy\n|-activate|p1a: Great Tusk|ability: Protosynthesis|[fromitem]\n|-start|p1a: Great Tusk|protosynthesisdef\n|turn|2\n|\n|t:|1699649528\n|move|p2a: Ninetales|Dazzling Gleam|p1a: Great Tusk|[spread] p1a,p1b\n|-supereffective|p1a: Great Tusk\n|-damage|p1a: Great Tusk|52\/100\n|-damage|p1b: Gastrodon|69\/100\n|move|p1a: Great Tusk|Body Press|p2a: Ninetales\n|-damage|p2a: Ninetales|38\/100\n|move|p1b: Gastrodon|Earth Power|p2a: Ninetales\n|-damage|p2a: Ninetales|0 fnt\n|faint|p2a: Ninetales\n|move|p2b: Toxapex|Hydro Pump|p1b: Gastrodon\n|-activate|p1b: Gastrodon|ability: Storm Drain\n|-ability|p1b: Gastrodon|Storm Drain|boost\n|-boost|p1b: Gastrodon|spa|1\n|\n|-weather|Sandstorm|[upkeep]\n|-damage|p2b: Toxapex|94\/100|[from] Sandstorm\n|-heal|p1b: Gastrodon|75\/100|[from] item: Leftovers\n|-heal|p2b: Toxapex|100\/100|[from] item: Black Sludge\n|upkeep\n|\n|t:|1699649545\n|switch|p2a: Breloom|Breloom, F|100\/100\n|turn|3\n|\n|t:|1699649553\n|move|p2a: Breloom|Spore|p1b: Gastrodon\n|-status|p1b: Gastrodon|slp|[from] move: Spore\n|move|p1a: Great Tusk|Ice Spinner|p2a: Breloom\n|-supereffective|p2a: Breloom\n|-damage|p2a: Breloom|15\/100\n|-status|p1a: Great Tusk|par|[from] ability: Effect Spore|[of] p2a: Breloom\n|cant|p1b: Gastrodon|slp\n|move|p2b: Toxapex|Hydro Pump|p1b: Gastrodon\n|-activate|p1b: Gastrodon|ability: Storm Drain\n|-ability|p1b: Gastrodon|Storm Drain|boost\n|-boost|p1b: Gastrodon|spa|1\n|\n|-weather|Sandstorm|[upkeep]\n|-damage|p2a: Breloom|9\/100|[from] Sandstorm\n|-damage|p2b: Toxapex|94\/100|[from] Sandstorm\n|-heal|p1b: Gastrodon|81\/100 slp|[from] item: Leftovers\n|-heal|p2b: Toxapex|100\/100|[from] item: Black Sludge\n|upkeep\n|turn|4\n|c|\u2606Oreomaster360|What\n|\n|t:|1699649581\n|move|p2a: Breloom|Energy Ball|p1a: Great Tusk\n|-supereffective|p1a: Great Tusk\n|-damage|p1a: Great Tusk|0 fnt\n|faint|p1a: Great Tusk\n|-end|p1a: Great Tusk|Protosynthesis|[silent]\n|-curestatus|p1b: Gastrodon|slp|[msg]\n|move|p1b: Gastrodon|Ice Beam|p2a: Breloom\n|-supereffective|p2a: Breloom\n|-damage|p2a: Breloom|0 fnt\n|faint|p2a: Breloom\n|move|p2b: Toxapex|Gunk Shot|p1b: Gastrodon|[miss]\n|-miss|p2b: Toxapex|p1b: Gastrodon\n|\n|-weather|Sandstorm|[upkeep]\n|-damage|p2b: Toxapex|94\/100|[from] Sandstorm\n|-heal|p1b: Gastrodon|88\/100|[from] item: Leftovers\n|-heal|p2b: Toxapex|100\/100|[from] item: Black Sludge\n|upkeep\n|\n|t:|1699649604\n|switch|p2a: Dragapult|Dragapult, M, shiny|100\/100\n|switch|p1a: Landorus|Landorus-Therian, M|100\/100\n|-ability|p1a: Landorus|Intimidate|boost\n|-unboost|p2a: Dragapult|atk|1\n|-unboost|p2b: Toxapex|atk|1\n|turn|5\n|\n|t:|1699649620\n|-terastallize|p1a: Landorus|Ground\n|move|p2a: Dragapult|Phantom Force||[still]\n|-prepare|p2a: Dragapult|Phantom Force\n|move|p1a: Landorus|Sandsear Storm|p2b: Toxapex|[spread] p2b\n|-miss|p1a: Landorus|p2a: Dragapult\n|-supereffective|p2b: Toxapex\n|-damage|p2b: Toxapex|11\/100\n|-status|p2b: Toxapex|brn\n|move|p1b: Gastrodon|Ice Beam|p2a: Dragapult|[miss]\n|-miss|p1b: Gastrodon|p2a: Dragapult\n|move|p2b: Toxapex|Gunk Shot|p1b: Gastrodon|[miss]\n|-miss|p2b: Toxapex|p1b: Gastrodon\n|\n|-weather|Sandstorm|[upkeep]\n|-damage|p2a: Dragapult|95\/100|[from] Sandstorm\n|-damage|p2b: Toxapex|5\/100 brn|[from] Sandstorm\n|-heal|p2a: Dragapult|100\/100|[from] item: Leftovers\n|-heal|p1b: Gastrodon|94\/100|[from] item: Leftovers\n|-heal|p2b: Toxapex|11\/100 brn|[from] item: Black Sludge\n|-damage|p2b: Toxapex|5\/100 brn|[from] brn\n|upkeep\n|turn|6\n|\n|t:|1699649644\n|move|p2b: Toxapex|Baneful Bunker|p2b: Toxapex\n|-singleturn|p2b: Toxapex|move: Protect\n|move|p2a: Dragapult|Phantom Force|p1b: Gastrodon|[from]lockedmove\n|-damage|p1b: Gastrodon|63\/100\n|move|p1a: Landorus|Sandsear Storm|p2a: Dragapult|[spread] p2a\n|-activate|p2b: Toxapex|move: Protect\n|-damage|p2a: Dragapult|39\/100\n|-status|p2a: Dragapult|brn\n|move|p1b: Gastrodon|Ice Beam|p2a: Dragapult\n|-supereffective|p2a: Dragapult\n|-damage|p2a: Dragapult|0 fnt\n|-start|p1b: Gastrodon|Disable|Ice Beam|[from] ability: Cursed Body|[of] p2a: Dragapult\n|faint|p2a: Dragapult\n|\n|-weather|Sandstorm|[upkeep]\n|-damage|p2b: Toxapex|0 fnt|[from] Sandstorm\n|faint|p2b: Toxapex\n|-heal|p1b: Gastrodon|70\/100|[from] item: Leftovers\n|upkeep\n|inactive|Oreomaster360 has 120 seconds left.\n|\n|t:|1699649667\n|switch|p2a: Clefable|Clefable, F|100\/100\n|switch|p2b: Regieleki|Regieleki|100\/100\n|turn|7\n|\n|t:|1699649676\n|move|p2a: Clefable|Follow Me|p2a: Clefable\n|-singleturn|p2a: Clefable|move: Follow Me\n|move|p2b: Regieleki|Thrash|p1b: Gastrodon\n|-crit|p1b: Gastrodon\n|-damage|p1b: Gastrodon|9\/100\n|move|p1a: Landorus|Sandsear Storm|p2a: Clefable|[spread] p2a,p2b\n|-supereffective|p2b: Regieleki\n|-damage|p2a: Clefable|69\/100\n|-damage|p2b: Regieleki|0 fnt\n|faint|p2b: Regieleki\n|move|p1b: Gastrodon|Earth Power|p2a: Clefable\n|-damage|p2a: Clefable|0 fnt\n|faint|p2a: Clefable\n|\n|win|Critian Caceorte\n|raw|Critian Caceorte's rating: 1077 &rarr; <strong>1101<\/strong><br \/>(+24 for winning)\n|raw|Oreomaster360's rating: 1019 &rarr; <strong>1008<\/strong><br \/>(-11 for losing)\n|c|\u2606Critian Caceorte|gg\n","uploadtime":1699649694,"views":12,"p1id":"critiancaceorte","p2id":"oreomaster360","formatid":"gen9doublesou","rating":1008,"private":0,"password":""}