{"id":"gen9doublesou-1973810594","p1":"Ravvenn98","p2":"K5C","format":"[Gen 9] Doubles OU","log":"|j|\u2606Ravvenn98\n|j|\u2606K5C\n|t:|1698015955\n|gametype|doubles\n|player|p1|Ravvenn98|steven|1319\n|player|p2|K5C|hoopster|1315\n|teamsize|p1|6\n|teamsize|p2|6\n|gen|9\n|tier|[Gen 9] Doubles OU\n|rated|\n|rule|Species Clause: Limit one of each Pok\u00e9mon\n|rule|OHKO Clause: OHKO moves are banned\n|rule|Evasion Moves Clause: Evasion moves are banned\n|rule|Gravity Sleep Clause: The combination of sleep-inducing moves with imperfect accuracy and Gravity or Gigantamax Orbeetle are banned\n|rule|Endless Battle Clause: Forcing endless battles is banned\n|rule|HP Percentage Mod: HP is shown in percentages\n|clearpoke\n|poke|p1|Gholdengo|\n|poke|p1|Quagsire, F|\n|poke|p1|Dipplin, F|\n|poke|p1|Tornadus, M|\n|poke|p1|Chien-Pao|\n|poke|p1|Volcanion|\n|poke|p2|Amoonguss, F|\n|poke|p2|Sandy Shocks|\n|poke|p2|Pelipper, F|\n|poke|p2|Walking Wake|\n|poke|p2|Quaquaval, F|\n|poke|p2|Garganacl, M|\n|teampreview\n|inactive|Battle timer is ON: inactive players will automatically lose when time's up. (requested by K5C)\n|\n|t:|1698015964\n|start\n|switch|p1a: Quagsire|Quagsire, F|100\/100\n|switch|p1b: Tornadus|Tornadus, M|100\/100\n|switch|p2a: Gulp|Pelipper, F|100\/100\n|switch|p2b: suss|Amoonguss, F|100\/100\n|-weather|RainDance|[from] ability: Drizzle|[of] p2a: Gulp\n|turn|1\n|\n|t:|1698015977\n|move|p1b: Tornadus|Bleakwind Storm|p2b: suss|[spread] p2a,p2b\n|-supereffective|p2b: suss\n|-damage|p2a: Gulp|59\/100\n|-damage|p2b: suss|42\/100\n|move|p2a: Gulp|Ice Beam|p1b: Tornadus\n|-supereffective|p1b: Tornadus\n|-damage|p1b: Tornadus|35\/100\n|-status|p1b: Tornadus|frz\n|-enditem|p1b: Tornadus|Eject Button\n|\n|t:|1698015987\n|switch|p1b: Gholdengo|Gholdengo|100\/100\n|move|p1a: Quagsire|Ice Punch|p2b: suss\n|-supereffective|p2b: suss\n|-damage|p2b: suss|0 fnt\n|-damage|p1a: Quagsire|84\/100|[from] item: Rocky Helmet|[of] p2b: suss\n|faint|p2b: suss\n|\n|-weather|RainDance|[upkeep]\n|upkeep\n|\n|t:|1698015999\n|switch|p2b: salty boi|Garganacl, M|100\/100\n|turn|2\n|\n|t:|1698016008\n|switch|p1b: Tornadus|Tornadus, M|35\/100 frz\n|move|p2a: Gulp|Ice Beam|p1a: Quagsire\n|-damage|p1a: Quagsire|52\/100\n|move|p2b: salty boi|Salt Cure|p1a: Quagsire\n|-resisted|p1a: Quagsire\n|-crit|p1a: Quagsire\n|-damage|p1a: Quagsire|39\/100\n|-start|p1a: Quagsire|Salt Cure\n|move|p1a: Quagsire|Earthquake|p2a: Gulp|[spread] p2b\n|-immune|p1b: Tornadus\n|-immune|p2a: Gulp\n|-supereffective|p2b: salty boi\n|-damage|p2b: salty boi|57\/100\n|\n|-weather|RainDance|[upkeep]\n|-heal|p2b: salty boi|63\/100|[from] item: Leftovers\n|-damage|p1a: Quagsire|14\/100|[from] Salt Cure\n|upkeep\n|turn|3\n|\n|t:|1698016026\n|cant|p1b: Tornadus|frz\n|move|p2a: Gulp|Ice Beam|p1b: Tornadus\n|-supereffective|p1b: Tornadus\n|-damage|p1b: Tornadus|0 fnt\n|faint|p1b: Tornadus\n|move|p1a: Quagsire|Aqua Tail|p2b: salty boi\n|-supereffective|p2b: salty boi\n|-damage|p2b: salty boi|0 fnt\n|faint|p2b: salty boi\n|\n|-weather|RainDance|[upkeep]\n|-damage|p1a: Quagsire|0 fnt|[from] Salt Cure\n|faint|p1a: Quagsire\n|upkeep\n|\n|t:|1698016038\n|switch|p1b: Dipplin|Dipplin, F|100\/100\n|switch|p1a: Volcanion|Volcanion|100\/100\n|switch|p2b: Sandy cheeks|Sandy Shocks|100\/100\n|-ability|p1b: Dipplin|Supersweet Syrup\n|-ability|p1b: Dipplin|Supersweet Syrup|boost\n|-unboost|p2a: Gulp|evasion|1\n|-unboost|p2b: Sandy cheeks|evasion|1\n|-enditem|p2b: Sandy cheeks|Booster Energy\n|-activate|p2b: Sandy cheeks|ability: Protosynthesis|[fromitem]\n|-start|p2b: Sandy cheeks|protosynthesisspe\n|turn|4\n|\n|t:|1698016054\n|-terastallize|p1a: Volcanion|Fire\n|move|p2b: Sandy cheeks|Thunder|p1a: Volcanion\n|-damage|p1a: Volcanion|46\/100\n|move|p1a: Volcanion|Steam Eruption|p2b: Sandy cheeks\n|-supereffective|p2b: Sandy cheeks\n|-damage|p2b: Sandy cheeks|0 fnt\n|faint|p2b: Sandy cheeks\n|-end|p2b: Sandy cheeks|Protosynthesis|[silent]\n|move|p2a: Gulp|Ice Beam|p1b: Dipplin\n|-supereffective|p1b: Dipplin\n|-damage|p1b: Dipplin|0 fnt\n|faint|p1b: Dipplin\n|\n|-weather|RainDance|[upkeep]\n|upkeep\n|\n|t:|1698016067\n|switch|p2b: QuaCK ATTACK|Quaquaval, F|100\/100\n|switch|p1b: Gholdengo|Gholdengo|100\/100\n|turn|5\n|\n|t:|1698016086\n|move|p2b: QuaCK ATTACK|Aqua Step|p1b: Gholdengo\n|-damage|p1b: Gholdengo|6\/100\n|-boost|p2b: QuaCK ATTACK|spe|1\n|-damage|p2b: QuaCK ATTACK|91\/100|[from] item: Life Orb\n|move|p1b: Gholdengo|Shadow Ball|p2a: Gulp\n|-damage|p2a: Gulp|1\/100\n|move|p1a: Volcanion|Sludge Bomb|p2b: QuaCK ATTACK\n|-damage|p2b: QuaCK ATTACK|41\/100\n|-status|p2b: QuaCK ATTACK|psn\n|move|p2a: Gulp|Hurricane|p1a: Volcanion\n|-damage|p1a: Volcanion|0 fnt\n|faint|p1a: Volcanion\n|\n|-weather|none\n|-heal|p1b: Gholdengo|12\/100|[from] item: Leftovers\n|-damage|p2b: QuaCK ATTACK|29\/100 psn|[from] psn\n|upkeep\n|\n|t:|1698016099\n|switch|p1a: Chien-Pao|Chien-Pao|100\/100\n|-ability|p1a: Chien-Pao|Sword of Ruin\n|turn|6\n|\n|t:|1698016118\n|move|p1a: Chien-Pao|Sucker Punch|p2a: Gulp\n|-damage|p2a: Gulp|0 fnt\n|faint|p2a: Gulp\n|move|p2b: QuaCK ATTACK|Aqua Step|p1b: Gholdengo\n|-damage|p1b: Gholdengo|0 fnt\n|-boost|p2b: QuaCK ATTACK|spe|1\n|faint|p1b: Gholdengo\n|-ability|p2b: QuaCK ATTACK|Moxie|boost\n|-boost|p2b: QuaCK ATTACK|atk|1\n|-damage|p2b: QuaCK ATTACK|19\/100 psn|[from] item: Life Orb\n|\n|-damage|p2b: QuaCK ATTACK|7\/100 psn|[from] psn\n|upkeep\n|\n|t:|1698016125\n|switch|p2a: Walking Wake|Walking Wake|100\/100\n|-enditem|p2a: Walking Wake|Booster Energy\n|-activate|p2a: Walking Wake|ability: Protosynthesis|[fromitem]\n|-start|p2a: Walking Wake|protosynthesisspa\n|turn|7\n|\n|t:|1698016145\n|-terastallize|p2a: Walking Wake|Electric\n|move|p2b: QuaCK ATTACK|Brick Break|p1a: Chien-Pao\n|-supereffective|p1a: Chien-Pao\n|-enditem|p1a: Chien-Pao|Focus Sash\n|-damage|p1a: Chien-Pao|1\/100\n|-damage|p2b: QuaCK ATTACK|0 fnt|[from] item: Life Orb\n|faint|p2b: QuaCK ATTACK\n|move|p1a: Chien-Pao|Icicle Crash|p2a: Walking Wake\n|-damage|p2a: Walking Wake|43\/100\n|cant|p2a: Walking Wake|flinch\n|\n|upkeep\n|turn|8\n|\n|t:|1698016158\n|move|p1a: Chien-Pao|Sucker Punch|p2a: Walking Wake\n|-damage|p2a: Walking Wake|0 fnt\n|faint|p2a: Walking Wake\n|-end|p2a: Walking Wake|Protosynthesis|[silent]\n|\n|win|Ravvenn98\n|raw|Ravvenn98's rating: 1319 &rarr; <strong>1339<\/strong><br \/>(+20 for winning)\n|raw|K5C's rating: 1315 &rarr; <strong>1295<\/strong><br \/>(-20 for losing)\n|l|\u2606K5C\n","uploadtime":1698016166,"views":17,"p1id":"ravvenn98","p2id":"k5c","formatid":"gen9doublesou","rating":1295,"private":0,"password":""}