{"id":"gen9doublesou-1981133401","p1":"Oreng3","p2":"NotAnArsonist22","format":"[Gen 9] Doubles OU","log":"|j|\u2606Oreng3\n|j|\u2606NotAnArsonist22\n|t:|1698866237\n|gametype|doubles\n|player|p1|Oreng3|gardenia|1425\n|player|p2|NotAnArsonist22|preschooler|1454\n|teamsize|p1|6\n|teamsize|p2|6\n|gen|9\n|tier|[Gen 9] Doubles OU\n|rated|\n|rule|Species Clause: Limit one of each Pok\u00e9mon\n|rule|OHKO Clause: OHKO moves are banned\n|rule|Evasion Moves Clause: Evasion moves are banned\n|rule|Gravity Sleep Clause: The combination of sleep-inducing moves with imperfect accuracy and Gravity or Gigantamax Orbeetle are banned\n|rule|Endless Battle Clause: Forcing endless battles is banned\n|rule|HP Percentage Mod: HP is shown in percentages\n|clearpoke\n|poke|p1|Gastrodon-East, F|\n|poke|p1|Politoed, F|\n|poke|p1|Goodra-Hisui, M|\n|poke|p1|Shaymin-Sky|\n|poke|p1|Basculegion-F, F|\n|poke|p1|Great Tusk|\n|poke|p2|Chien-Pao|\n|poke|p2|Glimmora, M|\n|poke|p2|Flutter Mane|\n|poke|p2|Maushold-Four|\n|poke|p2|Ogerpon-Hearthflame, F|\n|poke|p2|Gastrodon, M|\n|teampreview\n|inactive|Battle timer is ON: inactive players will automatically lose when time's up. (requested by Oreng3)\n|\n|t:|1698866256\n|start\n|switch|p1a: Gastrodon|Gastrodon-East, F, shiny|100\/100\n|switch|p1b: Politoed|Politoed, F, shiny|100\/100\n|switch|p2a: Chien-Pao|Chien-Pao|100\/100\n|switch|p2b: Flutter Mane|Flutter Mane|100\/100\n|-ability|p2a: Chien-Pao|Sword of Ruin\n|-weather|RainDance|[from] ability: Drizzle|[of] p1b: Politoed\n|-enditem|p2b: Flutter Mane|Booster Energy\n|-activate|p2b: Flutter Mane|ability: Protosynthesis|[fromitem]\n|-start|p2b: Flutter Mane|protosynthesisspe\n|turn|1\n|c|\u2606Oreng3|glhf\n|\n|t:|1698866279\n|move|p2b: Flutter Mane|Thunderbolt|p1b: Politoed\n|-supereffective|p1b: Politoed\n|-damage|p1b: Politoed|55\/100\n|move|p2a: Chien-Pao|Throat Chop|p1a: Gastrodon\n|-damage|p1a: Gastrodon|43\/100\n|-start|p1a: Gastrodon|Throat Chop|[silent]\n|move|p1b: Politoed|Surf|p2a: Chien-Pao|[spread] p2a,p2b\n|-ability|p1a: Gastrodon|Storm Drain|boost\n|-boost|p1a: Gastrodon|spa|1\n|-damage|p2a: Chien-Pao|47\/100\n|-damage|p2b: Flutter Mane|66\/100\n|move|p1a: Gastrodon|Surf|p2a: Chien-Pao|[spread] p1b,p2a,p2b\n|-resisted|p1b: Politoed\n|-damage|p1b: Politoed|33\/100\n|-damage|p2a: Chien-Pao|0 fnt\n|-damage|p2b: Flutter Mane|0 fnt\n|faint|p2a: Chien-Pao\n|faint|p2b: Flutter Mane\n|-end|p2b: Flutter Mane|Protosynthesis|[silent]\n|\n|-weather|RainDance|[upkeep]\n|-heal|p1a: Gastrodon|50\/100|[from] item: Leftovers\n|upkeep\n|inactive|NotAnArsonist22 has 120 seconds left.\n|\n|t:|1698866298\n|switch|p2b: Ogerpon|Ogerpon-Hearthflame, F|100\/100\n|switch|p2a: Maushold|Maushold-Four|100\/100\n|-ability|p2b: Ogerpon|Mold Breaker\n|turn|2\n|\n|t:|1698866317\n|-terastallize|p1a: Gastrodon|Poison\n|move|p2a: Maushold|Population Bomb|p1b: Politoed\n|-damage|p1b: Politoed|21\/100\n|-damage|p1b: Politoed|8\/100\n|-damage|p1b: Politoed|0 fnt\n|faint|p1b: Politoed\n|-hitcount|p1: Politoed|3\n|move|p2b: Ogerpon|Horn Leech|p1a: Gastrodon\n|-resisted|p1a: Gastrodon\n|-damage|p1a: Gastrodon|24\/100\n|move|p1a: Gastrodon|Surf|p2b: Ogerpon|[spread] p2a,p2b\n|-damage|p2a: Maushold|4\/100\n|-damage|p2b: Ogerpon|25\/100\n|\n|-weather|RainDance|[upkeep]\n|-heal|p1a: Gastrodon|30\/100|[from] item: Leftovers\n|-end|p1a: Gastrodon|Throat Chop|[silent]\n|upkeep\n|\n|t:|1698866337\n|switch|p1b: Basculegion|Basculegion-F, F, shiny|100\/100\n|turn|3\n|\n|t:|1698866349\n|switch|p1b: Goodra|Goodra-Hisui, M, shiny|100\/100\n|move|p2b: Ogerpon|Spiky Shield|p2b: Ogerpon\n|-singleturn|p2b: Ogerpon|move: Protect\n|move|p2a: Maushold|Population Bomb|p1a: Gastrodon\n|-damage|p1a: Gastrodon|18\/100\n|-damage|p1a: Gastrodon|5\/100\n|-damage|p1a: Gastrodon|0 fnt\n|faint|p1a: Gastrodon\n|-hitcount|p1: Gastrodon|3\n|\n|-weather|RainDance|[upkeep]\n|upkeep\n|\n|t:|1698866355\n|switch|p1a: Shaymin|Shaymin-Sky, shiny|100\/100\n|turn|4\n|\n|t:|1698866383\n|move|p1a: Shaymin|Air Slash|p2b: Ogerpon\n|-supereffective|p2b: Ogerpon\n|-damage|p2b: Ogerpon|0 fnt\n|faint|p2b: Ogerpon\n|move|p2a: Maushold|Population Bomb|p1b: Goodra\n|-resisted|p1b: Goodra\n|-damage|p1b: Goodra|95\/100\n|-resisted|p1b: Goodra\n|-damage|p1b: Goodra|90\/100\n|-resisted|p1b: Goodra\n|-damage|p1b: Goodra|85\/100\n|-resisted|p1b: Goodra\n|-damage|p1b: Goodra|80\/100\n|-resisted|p1b: Goodra\n|-damage|p1b: Goodra|75\/100\n|-resisted|p1b: Goodra\n|-damage|p1b: Goodra|70\/100\n|-resisted|p1b: Goodra\n|-damage|p1b: Goodra|65\/100\n|-resisted|p1b: Goodra\n|-damage|p1b: Goodra|60\/100\n|-resisted|p1b: Goodra\n|-damage|p1b: Goodra|55\/100\n|-resisted|p1b: Goodra\n|-damage|p1b: Goodra|50\/100\n|-hitcount|p1b: Goodra|10\n|move|p1b: Goodra|Body Press|p2a: Maushold\n|-supereffective|p2a: Maushold\n|-damage|p2a: Maushold|0 fnt\n|faint|p2a: Maushold\n|\n|-weather|RainDance|[upkeep]\n|-heal|p1b: Goodra|56\/100|[from] item: Leftovers\n|upkeep\n|inactive|NotAnArsonist22 has 120 seconds left.\n|\n|t:|1698866411\n|switch|p2a: Glimmora|Glimmora, M|100\/100\n|switch|p2b: Gastrodon|Gastrodon, M|100\/100\n|turn|5\n|inactive|NotAnArsonist22 has 120 seconds left.\n|\n|t:|1698866422\n|move|p2a: Glimmora|Earth Power|p1b: Goodra\n|-supereffective|p1b: Goodra\n|-damage|p1b: Goodra|13\/100\n|move|p1a: Shaymin|Seed Flare|p2b: Gastrodon\n|-supereffective|p2b: Gastrodon\n|-damage|p2b: Gastrodon|0 fnt\n|faint|p2b: Gastrodon\n|move|p1b: Goodra|Earthquake|p2a: Glimmora|[spread] p2a\n|-immune|p1a: Shaymin\n|-supereffective|p2a: Glimmora\n|-damage|p2a: Glimmora|0 fnt\n|-activate|p2a: Glimmora|ability: Toxic Debris\n|-sidestart|p1: Oreng3|move: Toxic Spikes\n|faint|p2a: Glimmora\n|\n|win|Oreng3\n|raw|Oreng3's rating: 1425 &rarr; <strong>1447<\/strong><br \/>(+22 for winning)\n|raw|NotAnArsonist22's rating: 1454 &rarr; <strong>1432<\/strong><br \/>(-22 for losing)\n|c|\u2606Oreng3|gg\n|l|\u2606NotAnArsonist22\n","uploadtime":1698866461,"views":21,"p1id":"oreng3","p2id":"notanarsonist22","formatid":"gen9doublesou","rating":1432,"private":0,"password":""}