{"id":"gen9doublesou-1994464264","p1":"elpape","p2":"minhbeossss","format":"[Gen 9] Doubles OU","log":"|j|\u2606elpape\n|j|\u2606minhbeossss\n|t:|1700446930\n|gametype|doubles\n|player|p1|elpape|dragontamer|1430\n|player|p2|minhbeossss|policeman-gen4|1441\n|teamsize|p1|6\n|teamsize|p2|6\n|gen|9\n|tier|[Gen 9] Doubles OU\n|rated|\n|rule|Species Clause: Limit one of each Pok\u00e9mon\n|rule|OHKO Clause: OHKO moves are banned\n|rule|Evasion Moves Clause: Evasion moves are banned\n|rule|Gravity Sleep Clause: The combination of sleep-inducing moves with imperfect accuracy and Gravity or Gigantamax Orbeetle are banned\n|rule|Endless Battle Clause: Forcing endless battles is banned\n|rule|HP Percentage Mod: HP is shown in percentages\n|clearpoke\n|poke|p1|Rillaboom, F|\n|poke|p1|Thundurus, M|\n|poke|p1|Torkoal, F|\n|poke|p1|Ogerpon-Hearthflame, F|\n|poke|p1|Diancie|\n|poke|p1|Flutter Mane|\n|poke|p2|Palafin, F|\n|poke|p2|Regieleki|\n|poke|p2|Sinistcha-Masterpiece|\n|poke|p2|Chien-Pao|\n|poke|p2|Iron Hands|\n|poke|p2|Pelipper, M|\n|teampreview\n|inactive|Battle timer is ON: inactive players will automatically lose when time's up. (requested by elpape)\n|inactive|elpape has 120 seconds left.\n|inactive|elpape has 90 seconds left.\n|\n|t:|1700447013\n|start\n|switch|p1a: Rillaboom|Rillaboom, F|100\/100\n|switch|p1b: Ogerpon|Ogerpon-Hearthflame, F|100\/100\n|switch|p2a: Palafin|Palafin, F|100\/100\n|switch|p2b: Regieleki|Regieleki|100\/100\n|-ability|p1b: Ogerpon|Mold Breaker\n|-fieldstart|move: Grassy Terrain|[from] ability: Grassy Surge|[of] p1a: Rillaboom\n|turn|1\n|\n|t:|1700447020\n|detailschange|p2a: Palafin|Palafin-Hero, F\n|switch|p2a: Iron Hands|Iron Hands|100\/100\n|move|p2b: Regieleki|Protect|p2b: Regieleki\n|-singleturn|p2b: Regieleki|Protect\n|move|p1a: Rillaboom|Fake Out|p2b: Regieleki\n|-activate|p2b: Regieleki|move: Protect\n|move|p1b: Ogerpon|Grassy Glide|p2b: Regieleki\n|-activate|p2b: Regieleki|move: Protect\n|\n|upkeep\n|turn|2\n|\n|t:|1700447040\n|switch|p2b: Sinistcha|Sinistcha-Masterpiece|100\/100\n|switch|p1b: Torkoal|Torkoal, F|100\/100\n|-weather|SunnyDay|[from] ability: Drought|[of] p1b: Torkoal\n|move|p1a: Rillaboom|Wood Hammer|p2b: Sinistcha\n|-resisted|p2b: Sinistcha\n|-damage|p2b: Sinistcha|69\/100\n|-damage|p1a: Rillaboom|91\/100|[from] Recoil\n|move|p2a: Iron Hands|Ice Punch|p1a: Rillaboom\n|-supereffective|p1a: Rillaboom\n|-damage|p1a: Rillaboom|32\/100\n|\n|-weather|SunnyDay|[upkeep]\n|-heal|p1a: Rillaboom|38\/100|[from] Grassy Terrain\n|-heal|p2b: Sinistcha|75\/100|[from] Grassy Terrain\n|upkeep\n|turn|3\n|\n|t:|1700447062\n|switch|p2b: Pelipper|Pelipper, M|100\/100\n|-weather|RainDance|[from] ability: Drizzle|[of] p2b: Pelipper\n|move|p1a: Rillaboom|Wood Hammer|p2a: Iron Hands\n|-damage|p2a: Iron Hands|50\/100\n|-damage|p1a: Rillaboom|17\/100|[from] Recoil\n|move|p2a: Iron Hands|Ice Punch|p1a: Rillaboom\n|-supereffective|p1a: Rillaboom\n|-damage|p1a: Rillaboom|0 fnt\n|faint|p1a: Rillaboom\n|move|p1b: Torkoal|Flamethrower|p2b: Pelipper\n|-resisted|p2b: Pelipper\n|-damage|p2b: Pelipper|87\/100\n|\n|-weather|RainDance|[upkeep]\n|-heal|p2a: Iron Hands|57\/100|[from] Grassy Terrain\n|upkeep\n|\n|t:|1700447070\n|switch|p1a: Thundurus|Thundurus, M|100\/100\n|turn|4\n|\n|t:|1700447088\n|switch|p1b: Diancie|Diancie|100\/100\n|move|p1a: Thundurus|Thunderbolt|p2b: Pelipper\n|-supereffective|p2b: Pelipper\n|-damage|p2b: Pelipper|0 fnt\n|faint|p2b: Pelipper\n|move|p2a: Iron Hands|Wild Charge|p1a: Thundurus\n|-damage|p1a: Thundurus|41\/100\n|-damage|p2a: Iron Hands|45\/100|[from] Recoil\n|\n|-weather|RainDance|[upkeep]\n|-heal|p1a: Thundurus|47\/100|[from] item: Leftovers\n|-heal|p2a: Iron Hands|51\/100|[from] Grassy Terrain\n|upkeep\n|\n|t:|1700447106\n|switch|p2b: Palafin|Palafin-Hero, F|100\/100\n|-activate|p2b: Palafin|ability: Zero to Hero\n|turn|5\n|\n|t:|1700447125\n|switch|p1a: Torkoal|Torkoal, F|100\/100\n|-weather|SunnyDay|[from] ability: Drought|[of] p1a: Torkoal\n|move|p2b: Palafin|Jet Punch|p1b: Diancie\n|-supereffective|p1b: Diancie\n|-damage|p1b: Diancie|61\/100\n|move|p1b: Diancie|Iron Defense|p1b: Diancie\n|-boost|p1b: Diancie|def|2\n|move|p2a: Iron Hands|Wild Charge|p1a: Torkoal\n|-damage|p1a: Torkoal|63\/100\n|-damage|p2a: Iron Hands|45\/100|[from] Recoil\n|\n|-weather|SunnyDay|[upkeep]\n|-heal|p2a: Iron Hands|51\/100|[from] Grassy Terrain\n|-heal|p1b: Diancie|67\/100|[from] Grassy Terrain\n|-heal|p1b: Diancie|73\/100|[from] item: Leftovers\n|-heal|p1a: Torkoal|69\/100|[from] Grassy Terrain\n|upkeep\n|turn|6\n|\n|t:|1700447148\n|-end|p2a: Iron Hands|Quark Drive|[silent]\n|switch|p2a: Sinistcha|Sinistcha-Masterpiece|75\/100\n|-terastallize|p2b: Palafin|Water\n|move|p2b: Palafin|Jet Punch|p1a: Torkoal\n|-supereffective|p1a: Torkoal\n|-damage|p1a: Torkoal|8\/100\n|move|p1b: Diancie|Iron Defense|p1b: Diancie\n|-boost|p1b: Diancie|def|2\n|move|p1a: Torkoal|Iron Defense|p1a: Torkoal\n|-boost|p1a: Torkoal|def|2\n|\n|-weather|SunnyDay|[upkeep]\n|-heal|p2a: Sinistcha|81\/100|[from] Grassy Terrain\n|-heal|p1b: Diancie|80\/100|[from] Grassy Terrain\n|-heal|p1b: Diancie|86\/100|[from] item: Leftovers\n|-heal|p1a: Torkoal|14\/100|[from] Grassy Terrain\n|upkeep\n|turn|7\n|\n|t:|1700447163\n|move|p2b: Palafin|Jet Punch|p1a: Torkoal\n|-supereffective|p1a: Torkoal\n|-damage|p1a: Torkoal|0 fnt\n|faint|p1a: Torkoal\n|move|p2a: Sinistcha|Matcha Gotcha|p1b: Diancie\n|-supereffective|p1b: Diancie\n|-damage|p1b: Diancie|14\/100\n|-heal|p2a: Sinistcha|100\/100|[from] drain|[of] p1b: Diancie\n|move|p1b: Diancie|Amnesia|p1b: Diancie\n|-boost|p1b: Diancie|spd|2\n|\n|-weather|SunnyDay|[upkeep]\n|-heal|p1b: Diancie|21\/100|[from] Grassy Terrain\n|-heal|p1b: Diancie|27\/100|[from] item: Leftovers\n|upkeep\n|\n|t:|1700447171\n|switch|p1a: Ogerpon|Ogerpon-Hearthflame, F|100\/100\n|-ability|p1a: Ogerpon|Mold Breaker\n|turn|8\n|\n|t:|1700447178\n|move|p2b: Palafin|Jet Punch|p1b: Diancie\n|-supereffective|p1b: Diancie\n|-damage|p1b: Diancie|12\/100\n|move|p1a: Ogerpon|Ivy Cudgel|p2a: Sinistcha|[anim] Ivy Cudgel Fire\n|-supereffective|p2a: Sinistcha\n|-damage|p2a: Sinistcha|0 fnt\n|faint|p2a: Sinistcha\n|move|p1b: Diancie|Baton Pass|p1b: Diancie\n|\n|t:|1700447189\n|switch|p1b: Flutter Mane|Flutter Mane|100\/100|[from] Baton Pass\n|-activate|p1b: Flutter Mane|ability: Protosynthesis\n|-start|p1b: Flutter Mane|protosynthesisspd\n|\n|-weather|SunnyDay|[upkeep]\n|-fieldend|move: Grassy Terrain\n|upkeep\n|\n|t:|1700447199\n|switch|p2a: Iron Hands|Iron Hands|51\/100\n|turn|9\n|\n|t:|1700447219\n|switch|p1a: Thundurus|Thundurus, M|47\/100\n|switch|p2b: Chien-Pao|Chien-Pao|100\/100\n|-ability|p2b: Chien-Pao|Sword of Ruin\n|move|p2a: Iron Hands|Fake Out|p1a: Thundurus\n|-damage|p1a: Thundurus|22\/100\n|move|p1b: Flutter Mane|Moonblast|p2a: Iron Hands\n|-supereffective|p2a: Iron Hands\n|-damage|p2a: Iron Hands|0 fnt\n|faint|p2a: Iron Hands\n|-end|p2a: Iron Hands|Quark Drive|[silent]\n|\n|-weather|SunnyDay|[upkeep]\n|-heal|p1a: Thundurus|28\/100|[from] item: Leftovers\n|upkeep\n|\n|t:|1700447240\n|switch|p2a: Palafin|Palafin-Hero, F, tera:Water|100\/100\n|turn|10\n|\n|t:|1700447250\n|move|p2b: Chien-Pao|Ice Shard|p1a: Thundurus\n|-supereffective|p1a: Thundurus\n|-damage|p1a: Thundurus|0 fnt\n|faint|p1a: Thundurus\n|move|p2a: Palafin|Jet Punch|p1b: Flutter Mane\n|-damage|p1b: Flutter Mane|62\/100\n|move|p1b: Flutter Mane|Moonblast|p2b: Chien-Pao\n|-supereffective|p2b: Chien-Pao\n|-enditem|p2b: Chien-Pao|Focus Sash\n|-damage|p2b: Chien-Pao|1\/100\n|-unboost|p2b: Chien-Pao|spa|1\n|\n|-weather|SunnyDay|[upkeep]\n|upkeep\n|\n|t:|1700447259\n|switch|p1a: Ogerpon|Ogerpon-Hearthflame, F|100\/100\n|-ability|p1a: Ogerpon|Mold Breaker\n|turn|11\n|\n|t:|1700447272\n|-terastallize|p1a: Ogerpon|Fire\n|detailschange|p1a: Ogerpon|Ogerpon-Hearthflame-Tera, F, tera:Fire\n|-ability|p1a: Ogerpon|Embody Aspect (Hearthflame)|boost\n|-boost|p1a: Ogerpon|atk|1\n|move|p2a: Palafin|Jet Punch|p1b: Flutter Mane\n|-damage|p1b: Flutter Mane|19\/100\n|move|p2b: Chien-Pao|Ice Spinner|p1b: Flutter Mane\n|-damage|p1b: Flutter Mane|0 fnt\n|faint|p1b: Flutter Mane\n|-end|p1b: Flutter Mane|Protosynthesis|[silent]\n|move|p1a: Ogerpon|Horn Leech|p2a: Palafin\n|-supereffective|p2a: Palafin\n|-damage|p2a: Palafin|0 fnt\n|faint|p2a: Palafin\n|\n|-weather|SunnyDay|[upkeep]\n|upkeep\n|\n|t:|1700447286\n|switch|p1b: Diancie|Diancie|12\/100\n|switch|p2a: Regieleki|Regieleki|100\/100\n|turn|12\n|\n|t:|1700447298\n|move|p2a: Regieleki|Volt Switch|p1a: Ogerpon\n|-damage|p1a: Ogerpon|44\/100\n|move|p2b: Chien-Pao|Sacred Sword|p1b: Diancie\n|-crit|p1b: Diancie\n|-damage|p1b: Diancie|0 fnt\n|faint|p1b: Diancie\n|move|p1a: Ogerpon|Horn Leech|p2b: Chien-Pao\n|-damage|p2b: Chien-Pao|0 fnt\n|-heal|p1a: Ogerpon|44\/100|[from] drain|[of] p2b: Chien-Pao\n|faint|p2b: Chien-Pao\n|\n|-weather|none\n|upkeep\n|turn|13\n|\n|t:|1700447310\n|move|p2a: Regieleki|Volt Switch|p1a: Ogerpon\n|-damage|p1a: Ogerpon|0 fnt\n|faint|p1a: Ogerpon\n|\n|win|minhbeossss\n|raw|elpape's rating: 1430 &rarr; <strong>1411<\/strong><br \/>(-19 for losing)\n|raw|minhbeossss's rating: 1441 &rarr; <strong>1460<\/strong><br \/>(+19 for winning)\n|l|\u2606elpape\n","uploadtime":1700447317,"views":27,"p1id":"elpape","p2id":"minhbeossss","formatid":"gen9doublesou","rating":1411,"private":0,"password":""}