{"id":"gen9doublesou-1968890403","p1":"alimo","p2":"GG Shake My Hand","format":"[Gen 9] Doubles OU","log":"|j|\u2606alimo\n|j|\u2606GG Shake My Hand\n|t:|1697473178\n|gametype|doubles\n|player|p1|alimo|preschooler|1269\n|player|p2|GG Shake My Hand|unknown|1143\n|teamsize|p1|6\n|teamsize|p2|6\n|gen|9\n|tier|[Gen 9] Doubles OU\n|rated|\n|rule|Species Clause: Limit one of each Pok\u00e9mon\n|rule|OHKO Clause: OHKO moves are banned\n|rule|Evasion Moves Clause: Evasion moves are banned\n|rule|Gravity Sleep Clause: The combination of sleep-inducing moves with imperfect accuracy and Gravity or Gigantamax Orbeetle are banned\n|rule|Endless Battle Clause: Forcing endless battles is banned\n|rule|HP Percentage Mod: HP is shown in percentages\n|clearpoke\n|poke|p1|Ninetales-Alola, M|\n|poke|p1|Baxcalibur, F|\n|poke|p1|Mamoswine, M|\n|poke|p1|Fezandipiti, M|\n|poke|p1|Quaquaval, M|\n|poke|p1|Thundurus, M|\n|poke|p2|Tyranitar, F|\n|poke|p2|Amoonguss, M|\n|poke|p2|Chi-Yu|\n|poke|p2|Grimmsnarl, M|\n|poke|p2|Iron Hands|\n|poke|p2|Kommo-o, M|\n|teampreview\n|\n|t:|1697473198\n|start\n|switch|p1a: Fezandipiti|Fezandipiti, M|100\/100\n|switch|p1b: Ninetales|Ninetales-Alola, M, shiny|100\/100\n|switch|p2a: Chi-Yu|Chi-Yu|100\/100\n|switch|p2b: Grimmsnarl|Grimmsnarl, M|100\/100\n|-weather|Snow|[from] ability: Snow Warning|[of] p1b: Ninetales\n|-ability|p2a: Chi-Yu|Beads of Ruin\n|turn|1\n|\n|t:|1697473213\n|move|p2b: Grimmsnarl|Parting Shot|p1a: Fezandipiti\n|-unboost|p1a: Fezandipiti|atk|1\n|-unboost|p1a: Fezandipiti|spa|1\n|\n|t:|1697473218\n|switch|p2b: Tyranitar|Tyranitar, F|100\/100|[from] Parting Shot\n|-weather|Sandstorm|[from] ability: Sand Stream|[of] p2b: Tyranitar\n|move|p1b: Ninetales|Aurora Veil||[still]\n|-fail|p1b: Ninetales\n|move|p2a: Chi-Yu|Heat Wave|p1a: Fezandipiti|[spread] p1a\n|-miss|p2a: Chi-Yu|p1b: Ninetales\n|-damage|p1a: Fezandipiti|44\/100\n|-enditem|p1a: Fezandipiti|Sitrus Berry|[eat]\n|-heal|p1a: Fezandipiti|69\/100|[from] item: Sitrus Berry\n|move|p1a: Fezandipiti|Dazzling Gleam|p2a: Chi-Yu|[spread] p2a,p2b\n|-supereffective|p2b: Tyranitar\n|-damage|p2a: Chi-Yu|89\/100\n|-damage|p2b: Tyranitar|91\/100\n|-status|p2a: Chi-Yu|tox|[from] ability: Toxic Chain|[of] p1a: Fezandipiti\n|-status|p2b: Tyranitar|tox|[from] ability: Toxic Chain|[of] p1a: Fezandipiti\n|\n|-weather|Sandstorm|[upkeep]\n|-damage|p1b: Ninetales|94\/100|[from] Sandstorm\n|-damage|p2a: Chi-Yu|83\/100 tox|[from] Sandstorm\n|-damage|p1a: Fezandipiti|63\/100|[from] Sandstorm\n|-damage|p2a: Chi-Yu|77\/100 tox|[from] psn\n|-damage|p2b: Tyranitar|85\/100 tox|[from] psn\n|upkeep\n|turn|2\n|\n|t:|1697473243\n|switch|p1b: Quaquaval|Quaquaval, M|100\/100\n|move|p2a: Chi-Yu|Heat Wave|p1b: Quaquaval|[spread] p1a,p1b\n|-resisted|p1b: Quaquaval\n|-damage|p1a: Fezandipiti|5\/100\n|-damage|p1b: Quaquaval|73\/100\n|move|p1a: Fezandipiti|Tailwind|p1a: Fezandipiti\n|-sidestart|p1: alimo|move: Tailwind\n|move|p2b: Tyranitar|Rock Slide|p1a: Fezandipiti|[spread] p1a,p1b\n|-resisted|p1b: Quaquaval\n|-damage|p1a: Fezandipiti|0 fnt\n|-damage|p1b: Quaquaval|57\/100\n|faint|p1a: Fezandipiti\n|\n|-weather|Sandstorm|[upkeep]\n|-damage|p1b: Quaquaval|51\/100|[from] Sandstorm\n|-damage|p2a: Chi-Yu|71\/100 tox|[from] Sandstorm\n|-damage|p2a: Chi-Yu|59\/100 tox|[from] psn\n|-damage|p2b: Tyranitar|73\/100 tox|[from] psn\n|upkeep\n|\n|t:|1697473261\n|switch|p1a: Ninetales|Ninetales-Alola, M, shiny|94\/100\n|-weather|Snow|[from] ability: Snow Warning|[of] p1a: Ninetales\n|turn|3\n|\n|t:|1697473281\n|switch|p2a: Grimmsnarl|Grimmsnarl, M|100\/100\n|switch|p2b: Kommo-o|Kommo-o, M|100\/100\n|move|p1a: Ninetales|Aurora Veil|p1a: Ninetales\n|-sidestart|p1: alimo|move: Aurora Veil\n|move|p1b: Quaquaval|Aqua Step|p2a: Grimmsnarl\n|-damage|p2a: Grimmsnarl|47\/100\n|-boost|p1b: Quaquaval|spe|1\n|-enditem|p2a: Grimmsnarl|Sitrus Berry|[eat]\n|-heal|p2a: Grimmsnarl|72\/100|[from] item: Sitrus Berry\n|\n|-weather|Snow|[upkeep]\n|upkeep\n|turn|4\n|\n|t:|1697473301\n|switch|p1a: Mamoswine|Mamoswine, M|100\/100\n|move|p2a: Grimmsnarl|Reflect|p2a: Grimmsnarl\n|-sidestart|p2: GG Shake My Hand|Reflect\n|move|p1b: Quaquaval|Aqua Step|p2a: Grimmsnarl\n|-damage|p2a: Grimmsnarl|37\/100\n|-boost|p1b: Quaquaval|spe|1\n|move|p2b: Kommo-o|Drain Punch|p1a: Mamoswine\n|-supereffective|p1a: Mamoswine\n|-damage|p1a: Mamoswine|73\/100\n|\n|-weather|Snow|[upkeep]\n|upkeep\n|turn|5\n|\n|t:|1697473320\n|move|p2a: Grimmsnarl|Parting Shot|p1b: Quaquaval\n|-unboost|p1b: Quaquaval|atk|1\n|-unboost|p1b: Quaquaval|spa|1\n|\n|t:|1697473329\n|switch|p2a: Tyranitar|Tyranitar, F|73\/100 tox|[from] Parting Shot\n|-weather|Sandstorm|[from] ability: Sand Stream|[of] p2a: Tyranitar\n|move|p1b: Quaquaval|Aqua Step|p2a: Tyranitar\n|-supereffective|p2a: Tyranitar\n|-damage|p2a: Tyranitar|47\/100 tox\n|-boost|p1b: Quaquaval|spe|1\n|move|p1a: Mamoswine|High Horsepower|p2b: Kommo-o\n|-damage|p2b: Kommo-o|66\/100\n|move|p2b: Kommo-o|Clangorous Soul|p2b: Kommo-o\n|-boost|p2b: Kommo-o|atk|1\n|-boost|p2b: Kommo-o|def|1\n|-boost|p2b: Kommo-o|spa|1\n|-boost|p2b: Kommo-o|spd|1\n|-boost|p2b: Kommo-o|spe|1\n|-damage|p2b: Kommo-o|33\/100\n|-enditem|p2b: Kommo-o|Throat Spray\n|-boost|p2b: Kommo-o|spa|1|[from] item: Throat Spray\n|\n|-weather|Sandstorm|[upkeep]\n|-damage|p1b: Quaquaval|45\/100|[from] Sandstorm\n|-damage|p2a: Tyranitar|40\/100 tox|[from] psn\n|-sideend|p1: alimo|move: Tailwind\n|upkeep\n|turn|6\n|\n|t:|1697473357\n|move|p1b: Quaquaval|Close Combat|p2b: Kommo-o\n|-damage|p2b: Kommo-o|14\/100\n|-unboost|p1b: Quaquaval|def|1\n|-unboost|p1b: Quaquaval|spd|1\n|move|p2b: Kommo-o|Drain Punch|p1a: Mamoswine\n|-supereffective|p1a: Mamoswine\n|-damage|p1a: Mamoswine|16\/100\n|-heal|p2b: Kommo-o|54\/100|[from] drain|[of] p1a: Mamoswine\n|move|p1a: Mamoswine|High Horsepower|p2b: Kommo-o\n|-damage|p2b: Kommo-o|29\/100\n|move|p2a: Tyranitar|Rock Slide|p1b: Quaquaval|[spread] p1b\n|-miss|p2a: Tyranitar|p1a: Mamoswine\n|-resisted|p1b: Quaquaval\n|-damage|p1b: Quaquaval|29\/100\n|\n|-weather|Sandstorm|[upkeep]\n|-damage|p1b: Quaquaval|23\/100|[from] Sandstorm\n|-damage|p2a: Tyranitar|28\/100 tox|[from] psn\n|upkeep\n|turn|7\n|\n|t:|1697473387\n|move|p1b: Quaquaval|Close Combat|p2b: Kommo-o\n|-damage|p2b: Kommo-o|11\/100\n|-unboost|p1b: Quaquaval|def|1\n|-unboost|p1b: Quaquaval|spd|1\n|move|p2b: Kommo-o|Drain Punch|p1b: Quaquaval\n|-damage|p1b: Quaquaval|0 fnt\n|-heal|p2b: Kommo-o|25\/100|[from] drain|[of] p1b: Quaquaval\n|faint|p1b: Quaquaval\n|move|p1a: Mamoswine|High Horsepower|p2b: Kommo-o\n|-damage|p2b: Kommo-o|3\/100\n|move|p2a: Tyranitar|Rock Slide|p1a: Mamoswine\n|-damage|p1a: Mamoswine|0 fnt\n|faint|p1a: Mamoswine\n|\n|-weather|Sandstorm|[upkeep]\n|-damage|p2a: Tyranitar|9\/100 tox|[from] psn\n|upkeep\n|\n|t:|1697473407\n|switch|p1b: piolana|Thundurus, M, shiny|100\/100\n|switch|p1a: Ninetales|Ninetales-Alola, M, shiny|94\/100\n|-weather|Snow|[from] ability: Snow Warning|[of] p1a: Ninetales\n|turn|8\n|\n|t:|1697473416\n|move|p2b: Kommo-o|Boomburst|p1b: piolana|[spread] p2a,p1a,p1b\n|-resisted|p2a: Tyranitar\n|-damage|p2a: Tyranitar|0 fnt\n|-damage|p1a: Ninetales|55\/100\n|-damage|p1b: piolana|58\/100\n|faint|p2a: Tyranitar\n|move|p1a: Ninetales|Aurora Veil||[still]\n|-fail|p1a: Ninetales\n|move|p1b: piolana|Thunderbolt|p2b: Kommo-o\n|-resisted|p2b: Kommo-o\n|-damage|p2b: Kommo-o|0 fnt\n|faint|p2b: Kommo-o\n|\n|-weather|Snow|[upkeep]\n|-sideend|p2: GG Shake My Hand|Reflect\n|upkeep\n|inactive|Battle timer is ON: inactive players will automatically lose when time's up. (requested by alimo)\n|\n|t:|1697473432\n|switch|p2b: Chi-Yu|Chi-Yu|59\/100 tox\n|switch|p2a: Iron Hands|Iron Hands|100\/100\n|-ability|p2b: Chi-Yu|Beads of Ruin\n|-enditem|p2a: Iron Hands|Booster Energy\n|-activate|p2a: Iron Hands|ability: Quark Drive|[fromitem]\n|-start|p2a: Iron Hands|quarkdriveatk\n|turn|9\n|\n|t:|1697473444\n|move|p1a: Ninetales|Protect|p1a: Ninetales\n|-singleturn|p1a: Ninetales|Protect\n|move|p2a: Iron Hands|Fake Out|p1a: Ninetales\n|-activate|p1a: Ninetales|move: Protect\n|move|p2b: Chi-Yu|Heat Wave|p1a: Ninetales|[spread] p1b\n|-activate|p1a: Ninetales|move: Protect\n|-damage|p1b: piolana|2\/100\n|-enditem|p1b: piolana|Sitrus Berry|[eat]\n|-heal|p1b: piolana|27\/100|[from] item: Sitrus Berry\n|move|p1b: piolana|Thunderbolt|p2b: Chi-Yu\n|-damage|p2b: Chi-Yu|7\/100 tox\n|\n|-weather|Snow|[upkeep]\n|-damage|p2b: Chi-Yu|1\/100 tox|[from] psn\n|upkeep\n|turn|10\n|\n|t:|1697473472\n|switch|p1b: Baxcalibur|Baxcalibur, F|100\/100\n|move|p1a: Ninetales|Blizzard|p2a: Iron Hands|[spread] p2a,p2b\n|-resisted|p2b: Chi-Yu\n|-damage|p2a: Iron Hands|70\/100\n|-damage|p2b: Chi-Yu|0 fnt\n|faint|p2b: Chi-Yu\n|move|p2a: Iron Hands|Drain Punch|p1a: Ninetales\n|-damage|p1a: Ninetales|25\/100\n|-heal|p2a: Iron Hands|81\/100|[from] drain|[of] p1a: Ninetales\n|\n|-weather|Snow|[upkeep]\n|-sideend|p1: alimo|move: Aurora Veil\n|upkeep\n|\n|t:|1697473486\n|switch|p2b: Grimmsnarl|Grimmsnarl, M|37\/100\n|turn|11\n|\n|t:|1697473496\n|-terastallize|p1b: Baxcalibur|Fire\n|-terastallize|p2a: Iron Hands|Fighting\n|move|p2b: Grimmsnarl|Parting Shot|p1b: Baxcalibur\n|-unboost|p1b: Baxcalibur|atk|1\n|-unboost|p1b: Baxcalibur|spa|1\n|\n|t:|1697473502\n|switch|p2b: Amoonguss|Amoonguss, M|100\/100|[from] Parting Shot\n|move|p1a: Ninetales|Moonblast|p2b: Amoonguss\n|-resisted|p2b: Amoonguss\n|-damage|p2b: Amoonguss|87\/100\n|move|p1b: Baxcalibur|Swords Dance|p1b: Baxcalibur\n|-boost|p1b: Baxcalibur|atk|2\n|move|p2a: Iron Hands|Drain Punch|p1b: Baxcalibur\n|-damage|p1b: Baxcalibur|29\/100\n|-heal|p2a: Iron Hands|100\/100|[from] drain|[of] p1b: Baxcalibur\n|\n|-weather|Snow|[upkeep]\n|-heal|p2b: Amoonguss|93\/100|[from] item: Black Sludge\n|upkeep\n|turn|12\n|\n|t:|1697473526\n|move|p1a: Ninetales|Blizzard|p2b: Amoonguss|[spread] p2a,p2b\n|-supereffective|p2b: Amoonguss\n|-damage|p2a: Iron Hands|81\/100\n|-damage|p2b: Amoonguss|44\/100\n|-status|p2b: Amoonguss|frz\n|move|p1b: Baxcalibur|Scale Shot|p2a: Iron Hands\n|-damage|p2a: Iron Hands|67\/100\n|-damage|p2a: Iron Hands|54\/100\n|-damage|p2a: Iron Hands|42\/100\n|-damage|p2a: Iron Hands|30\/100\n|-damage|p2a: Iron Hands|18\/100\n|-hitcount|p2a: Iron Hands|5\n|-unboost|p1b: Baxcalibur|def|1\n|-boost|p1b: Baxcalibur|spe|1\n|move|p2a: Iron Hands|Drain Punch|p1b: Baxcalibur\n|-damage|p1b: Baxcalibur|0 fnt\n|-heal|p2a: Iron Hands|30\/100|[from] drain|[of] p1b: Baxcalibur\n|faint|p1b: Baxcalibur\n|cant|p2b: Amoonguss|frz\n|\n|-weather|none\n|-heal|p2b: Amoonguss|51\/100 frz|[from] item: Black Sludge\n|upkeep\n|\n|t:|1697473541\n|switch|p1b: piolana|Thundurus, M, shiny|27\/100\n|turn|13\n|\n|t:|1697473558\n|-end|p2a: Iron Hands|Quark Drive|[silent]\n|switch|p2a: Grimmsnarl|Grimmsnarl, M|37\/100\n|move|p1b: piolana|Taunt|p2b: Amoonguss\n|-start|p2b: Amoonguss|move: Taunt\n|move|p1a: Ninetales|Moonblast|p2a: Grimmsnarl\n|-supereffective|p2a: Grimmsnarl\n|-damage|p2a: Grimmsnarl|0 fnt\n|faint|p2a: Grimmsnarl\n|-curestatus|p2b: Amoonguss|frz|[msg]\n|cant|p2b: Amoonguss|move: Taunt|Spore\n|\n|-heal|p2b: Amoonguss|57\/100|[from] item: Black Sludge\n|upkeep\n|\n|t:|1697473566\n|switch|p2a: Iron Hands|Iron Hands, tera:Fighting|30\/100\n|turn|14\n|\n|t:|1697473588\n|move|p2a: Iron Hands|Fake Out|p1a: Ninetales\n|-damage|p1a: Ninetales|5\/100\n|cant|p1a: Ninetales|flinch\n|move|p1b: piolana|Thunderbolt|p2a: Iron Hands\n|-damage|p2a: Iron Hands|0 fnt\n|faint|p2a: Iron Hands\n|-end|p2a: Iron Hands|Quark Drive|[silent]\n|move|p2b: Amoonguss|Pollen Puff|p2: Iron Hands|[notarget]\n|-fail|p2b: Amoonguss\n|\n|-heal|p2b: Amoonguss|63\/100|[from] item: Black Sludge\n|upkeep\n|turn|15\n|\n|t:|1697473607\n|move|p1b: piolana|Eerie Impulse|p2b: Amoonguss\n|-unboost|p2b: Amoonguss|spa|2\n|move|p1a: Ninetales|Blizzard|p2b: Amoonguss|[miss]\n|-miss|p1a: Ninetales|p2b: Amoonguss\n|move|p2b: Amoonguss|Giga Drain|p1a: Ninetales\n|-damage|p1a: Ninetales|0 fnt\n|-heal|p2b: Amoonguss|65\/100|[from] drain|[of] p1a: Ninetales\n|faint|p1a: Ninetales\n|\n|-heal|p2b: Amoonguss|72\/100|[from] item: Black Sludge\n|-end|p2b: Amoonguss|move: Taunt\n|upkeep\n|turn|16\n|\n|t:|1697473621\n|move|p1b: piolana|Thunderbolt|p2b: Amoonguss\n|-resisted|p2b: Amoonguss\n|-damage|p2b: Amoonguss|53\/100\n|move|p2b: Amoonguss|Spore|p1b: piolana\n|-status|p1b: piolana|slp|[from] move: Spore\n|\n|-heal|p2b: Amoonguss|59\/100|[from] item: Black Sludge\n|upkeep\n|turn|17\n|\n|t:|1697473627\n|cant|p1b: piolana|slp\n|move|p2b: Amoonguss|Giga Drain|p1b: piolana\n|-resisted|p1b: piolana\n|-damage|p1b: piolana|20\/100 slp\n|-heal|p2b: Amoonguss|62\/100|[from] drain|[of] p1b: piolana\n|\n|-heal|p2b: Amoonguss|68\/100|[from] item: Black Sludge\n|upkeep\n|turn|18\n|\n|t:|1697473633\n|cant|p1b: piolana|slp\n|move|p2b: Amoonguss|Pollen Puff|p1b: piolana\n|-resisted|p1b: piolana\n|-damage|p1b: piolana|15\/100 slp\n|\n|-heal|p2b: Amoonguss|74\/100|[from] item: Black Sludge\n|upkeep\n|turn|19\n|\n|t:|1697473638\n|cant|p1b: piolana|slp\n|move|p2b: Amoonguss|Giga Drain|p1b: piolana\n|-resisted|p1b: piolana\n|-damage|p1b: piolana|9\/100 slp\n|-heal|p2b: Amoonguss|77\/100|[from] drain|[of] p1b: piolana\n|\n|-heal|p2b: Amoonguss|83\/100|[from] item: Black Sludge\n|upkeep\n|turn|20\n|\n|t:|1697473643\n|-curestatus|p1b: piolana|slp|[msg]\n|move|p1b: piolana|Taunt|p2b: Amoonguss\n|-start|p2b: Amoonguss|move: Taunt\n|move|p2b: Amoonguss|Giga Drain|p1b: piolana\n|-resisted|p1b: piolana\n|-damage|p1b: piolana|3\/100\n|-heal|p2b: Amoonguss|86\/100|[from] drain|[of] p1b: piolana\n|\n|-heal|p2b: Amoonguss|92\/100|[from] item: Black Sludge\n|upkeep\n|turn|21\n|\n|t:|1697473650\n|move|p1b: piolana|Thunder Wave|p2b: Amoonguss\n|-status|p2b: Amoonguss|par\n|move|p2b: Amoonguss|Giga Drain|p1b: piolana\n|-resisted|p1b: piolana\n|-damage|p1b: piolana|0 fnt\n|-heal|p2b: Amoonguss|93\/100 par|[from] drain|[of] p1b: piolana\n|faint|p1b: piolana\n|\n|win|GG Shake My Hand\n|raw|alimo's rating: 1269 &rarr; <strong>1235<\/strong><br \/>(-34 for losing)\n|raw|GG Shake My Hand's rating: 1143 &rarr; <strong>1177<\/strong><br \/>(+34 for winning)\n|l|\u2606alimo\n","uploadtime":1697473657,"views":22,"p1id":"alimo","p2id":"ggshakemyhand","formatid":"gen9doublesou","rating":1177,"private":0,"password":""}