{"id":"gen9doublesou-1970844324","p1":"squidwrd","p2":"REAL ESTATE POOP","format":"[Gen 9] Doubles OU","log":"|j|\u2606squidwrd\n|j|\u2606REAL ESTATE POOP\n|t:|1697672966\n|gametype|doubles\n|player|p1|squidwrd|102|1052\n|player|p2|REAL ESTATE POOP|crasherwake|1049\n|teamsize|p1|6\n|teamsize|p2|6\n|gen|9\n|tier|[Gen 9] Doubles OU\n|rated|\n|rule|Species Clause: Limit one of each Pok\u00e9mon\n|rule|OHKO Clause: OHKO moves are banned\n|rule|Evasion Moves Clause: Evasion moves are banned\n|rule|Gravity Sleep Clause: The combination of sleep-inducing moves with imperfect accuracy and Gravity or Gigantamax Orbeetle are banned\n|rule|Endless Battle Clause: Forcing endless battles is banned\n|rule|HP Percentage Mod: HP is shown in percentages\n|clearpoke\n|poke|p1|Gastrodon, M|\n|poke|p1|Clodsire, M|\n|poke|p1|Eelektross, M|\n|poke|p1|Armarouge, F|\n|poke|p1|Indeedee-F, F|\n|poke|p1|Baxcalibur, M|\n|poke|p2|Stonjourner, M|\n|poke|p2|Chi-Yu|\n|poke|p2|Typhlosion-Hisui, F|\n|poke|p2|Ursaluna-Bloodmoon, M|\n|poke|p2|Flutter Mane|\n|poke|p2|Roaring Moon|\n|teampreview\n|inactive|Battle timer is ON: inactive players will automatically lose when time's up. (requested by REAL ESTATE POOP)\n|\n|t:|1697672985\n|start\n|switch|p1a: Gastrodon|Gastrodon, M, shiny|100\/100\n|switch|p1b: Eelektross|Eelektross, M|100\/100\n|switch|p2a: Flutter Mane|Flutter Mane|100\/100\n|switch|p2b: Stonjourner|Stonjourner, M|100\/100\n|-enditem|p2a: Flutter Mane|Booster Energy\n|-activate|p2a: Flutter Mane|ability: Protosynthesis|[fromitem]\n|-start|p2a: Flutter Mane|protosynthesisspa\n|turn|1\n|inactive|squidwrd has 120 seconds left.\n|\n|t:|1697673018\n|-terastallize|p2a: Flutter Mane|Fairy\n|move|p2a: Flutter Mane|Dazzling Gleam|p1b: Eelektross|[spread] p1a,p1b\n|-damage|p1a: Gastrodon|50\/100\n|-damage|p1b: Eelektross|33\/100\n|move|p2b: Stonjourner|Rock Slide|p1a: Gastrodon|[spread] p1a,p1b\n|-resisted|p1a: Gastrodon\n|-crit|p1b: Eelektross\n|-damage|p1a: Gastrodon|38\/100\n|-damage|p1b: Eelektross|0 fnt\n|faint|p1b: Eelektross\n|cant|p1a: Gastrodon|flinch\n|\n|upkeep\n|inactive|squidwrd has 120 seconds left.\n|\n|t:|1697673032\n|switch|p1b: Clodsire|Clodsire, M, shiny|100\/100\n|turn|2\n|\n|t:|1697673045\n|move|p2a: Flutter Mane|Dazzling Gleam|p1b: Clodsire|[spread] p1a,p1b\n|-resisted|p1b: Clodsire\n|-damage|p1a: Gastrodon|0 fnt\n|-damage|p1b: Clodsire|83\/100\n|faint|p1a: Gastrodon\n|move|p2b: Stonjourner|High Horsepower|p1b: Clodsire\n|-supereffective|p1b: Clodsire\n|-damage|p1b: Clodsire|36\/100\n|move|p1b: Clodsire|Surf|p2a: Flutter Mane|[spread] p2a,p2b\n|-supereffective|p2b: Stonjourner\n|-damage|p2a: Flutter Mane|91\/100\n|-damage|p2b: Stonjourner|85\/100\n|\n|upkeep\n|inactive|squidwrd has 120 seconds left.\n|\n|t:|1697673065\n|switch|p1a: Baxcalibur|Baxcalibur, M|100\/100\n|turn|3\n|\n|t:|1697673083\n|move|p2a: Flutter Mane|Dazzling Gleam|p1a: Baxcalibur|[spread] p1a,p1b\n|-supereffective|p1a: Baxcalibur\n|-resisted|p1b: Clodsire\n|-damage|p1a: Baxcalibur|0 fnt\n|-damage|p1b: Clodsire|20\/100\n|faint|p1a: Baxcalibur\n|move|p2b: Stonjourner|High Horsepower|p1b: Clodsire\n|-supereffective|p1b: Clodsire\n|-damage|p1b: Clodsire|0 fnt\n|faint|p1b: Clodsire\n|\n|upkeep\n|inactive|squidwrd has 120 seconds left.\n|\n|t:|1697673093\n|switch|p1a: Indeedee|Indeedee-F, F|100\/100\n|switch|p1b: Armarouge|Armarouge, F|100\/100\n|-fieldstart|move: Psychic Terrain|[from] ability: Psychic Surge|[of] p1a: Indeedee\n|turn|4\n|-activate|p1a: Indeedee|item: Quick Claw\n|\n|t:|1697673108\n|move|p1a: Indeedee|Drain Punch|p2b: Stonjourner\n|-supereffective|p2b: Stonjourner\n|-damage|p2b: Stonjourner|72\/100\n|move|p2a: Flutter Mane|Dazzling Gleam|p1b: Armarouge|[spread] p1a,p1b\n|-resisted|p1b: Armarouge\n|-damage|p1a: Indeedee|13\/100\n|-damage|p1b: Armarouge|50\/100\n|move|p1b: Armarouge|Expanding Force|p2b: Stonjourner|[spread] p2a,p2b\n|-damage|p2a: Flutter Mane|30\/100\n|-damage|p2b: Stonjourner|17\/100\n|move|p2b: Stonjourner|High Horsepower|p1b: Armarouge\n|-supereffective|p1b: Armarouge\n|-damage|p1b: Armarouge|0 fnt\n|faint|p1b: Armarouge\n|\n|upkeep\n|turn|5\n|\n|t:|1697673134\n|move|p2a: Flutter Mane|Dazzling Gleam|p1a: Indeedee\n|-damage|p1a: Indeedee|0 fnt\n|faint|p1a: Indeedee\n|\n|win|REAL ESTATE POOP\n|raw|squidwrd's rating: 1052 &rarr; <strong>1034<\/strong><br \/>(-18 for losing)\n|raw|REAL ESTATE POOP's rating: 1049 &rarr; <strong>1082<\/strong><br \/>(+33 for winning)\n|l|\u2606squidwrd\n","uploadtime":1697673143,"views":10,"p1id":"squidwrd","p2id":"realestatepoop","formatid":"gen9doublesou","rating":1034,"private":0,"password":""}