{"id":"gen9doublesou-1988351341","p1":"TTVsusWinter","p2":"bigbranonbampus","format":"[Gen 9] Doubles OU","log":"|j|\u2606TTVsusWinter\n|j|\u2606bigbranonbampus\n|t:|1699712575\n|gametype|doubles\n|player|p1|TTVsusWinter|carmine-festival|1181\n|player|p2|bigbranonbampus|hiker|1226\n|teamsize|p1|6\n|teamsize|p2|6\n|gen|9\n|tier|[Gen 9] Doubles OU\n|rated|\n|rule|Species Clause: Limit one of each Pok\u00e9mon\n|rule|OHKO Clause: OHKO moves are banned\n|rule|Evasion Moves Clause: Evasion moves are banned\n|rule|Gravity Sleep Clause: The combination of sleep-inducing moves with imperfect accuracy and Gravity or Gigantamax Orbeetle are banned\n|rule|Endless Battle Clause: Forcing endless battles is banned\n|rule|HP Percentage Mod: HP is shown in percentages\n|clearpoke\n|poke|p1|Gastrodon-East, M|\n|poke|p1|Amoonguss, F|\n|poke|p1|Tauros-Paldea-Blaze, M|\n|poke|p1|Iron Valiant|\n|poke|p1|Articuno-Galar|\n|poke|p1|Zoroark-Hisui, M|\n|poke|p2|Sneasler, M|\n|poke|p2|Scream Tail|\n|poke|p2|Sinistcha|\n|poke|p2|Ninetales, M|\n|poke|p2|Iron Jugulis|\n|poke|p2|Baxcalibur, M|\n|teampreview\n|inactive|Battle timer is ON: inactive players will automatically lose when time's up. (requested by bigbranonbampus)\n|inactive|TTVsusWinter also wants the timer to be on.\n|inactive|TTVsusWinter has 120 seconds left.\n|\n|t:|1699712623\n|start\n|switch|p1a: Amoonguss|Amoonguss, F|100\/100\n|switch|p1b: Articuno|Articuno-Galar|100\/100\n|switch|p2a: Iron Jugulis|Iron Jugulis|100\/100\n|switch|p2b: Scream Tail|Scream Tail|100\/100\n|turn|1\n|inactive|TTVsusWinter has 120 seconds left.\n|inactive|bigbranonbampus has 120 seconds left.\n|\n|t:|1699712667\n|-end|p2a: Iron Jugulis|Quark Drive|[silent]\n|switch|p2a: Sinistcha|Sinistcha|100\/100\n|move|p1a: Amoonguss|Rage Powder|p1a: Amoonguss\n|-singleturn|p1a: Amoonguss|move: Rage Powder\n|move|p1b: Articuno|Tailwind|p1b: Articuno\n|-sidestart|p1: TTVsusWinter|move: Tailwind\n|move|p2b: Scream Tail|Calm Mind|p2b: Scream Tail\n|-boost|p2b: Scream Tail|spa|1\n|-boost|p2b: Scream Tail|spd|1\n|\n|upkeep\n|turn|2\n|inactive|TTVsusWinter has 120 seconds left.\n|\n|t:|1699712690\n|move|p1b: Articuno|Hurricane|p2a: Sinistcha\n|-supereffective|p2a: Sinistcha\n|-damage|p2a: Sinistcha|0 fnt\n|faint|p2a: Sinistcha\n|move|p2b: Scream Tail|Calm Mind|p2b: Scream Tail\n|-boost|p2b: Scream Tail|spa|1\n|-boost|p2b: Scream Tail|spd|1\n|move|p1a: Amoonguss|Spore|p2b: Scream Tail\n|-status|p2b: Scream Tail|slp|[from] move: Spore\n|\n|upkeep\n|\n|t:|1699712698\n|switch|p2a: Iron Jugulis|Iron Jugulis|100\/100\n|turn|3\n|inactive|TTVsusWinter has 120 seconds left.\n|\n|t:|1699712730\n|-terastallize|p1b: Articuno|Fairy\n|move|p1b: Articuno|Tera Blast|p2a: Iron Jugulis|[anim] Tera Blast Fairy\n|-supereffective|p2a: Iron Jugulis\n|-damage|p2a: Iron Jugulis|0 fnt\n|faint|p2a: Iron Jugulis\n|-end|p2a: Iron Jugulis|Quark Drive|[silent]\n|cant|p2b: Scream Tail|slp\n|move|p1a: Amoonguss|Sludge Bomb|p2b: Scream Tail\n|-supereffective|p2b: Scream Tail\n|-damage|p2b: Scream Tail|75\/100 slp\n|\n|-heal|p2b: Scream Tail|81\/100 slp|[from] item: Leftovers\n|upkeep\n|\n|t:|1699712739\n|switch|p2a: Sneasler|Sneasler, M|100\/100\n|turn|4\n|\n|t:|1699712756\n|-terastallize|p2a: Sneasler|Dark\n|move|p2a: Sneasler|Fake Out|p1a: Amoonguss\n|-damage|p1a: Amoonguss|86\/100\n|cant|p1a: Amoonguss|flinch\n|move|p1b: Articuno|Freezing Glare|p2a: Sneasler\n|-immune|p2a: Sneasler\n|cant|p2b: Scream Tail|slp\n|\n|-heal|p2b: Scream Tail|88\/100 slp|[from] item: Leftovers\n|-heal|p1a: Amoonguss|92\/100|[from] item: Leftovers\n|-sideend|p1: TTVsusWinter|move: Tailwind\n|upkeep\n|turn|5\n|\n|t:|1699712776\n|move|p1a: Amoonguss|Rage Powder|p1a: Amoonguss\n|-singleturn|p1a: Amoonguss|move: Rage Powder\n|move|p2a: Sneasler|Dire Claw|p1a: Amoonguss\n|-damage|p1a: Amoonguss|44\/100\n|-status|p1a: Amoonguss|slp\n|move|p1b: Articuno|Tera Blast|p2a: Sneasler|[anim] Tera Blast Fairy\n|-supereffective|p2a: Sneasler\n|-enditem|p2a: Sneasler|Focus Sash\n|-damage|p2a: Sneasler|1\/100\n|cant|p2b: Scream Tail|slp\n|\n|-heal|p2b: Scream Tail|94\/100 slp|[from] item: Leftovers\n|-heal|p1a: Amoonguss|50\/100 slp|[from] item: Leftovers\n|upkeep\n|turn|6\n|inactive|TTVsusWinter has 120 seconds left.\n|inactive|bigbranonbampus has 120 seconds left.\n|inactive|TTVsusWinter has 90 seconds left.\n|\n|t:|1699712852\n|switch|p1a: Gastrodon|Gastrodon-East, M|100\/100\n|move|p2a: Sneasler|Dire Claw|p1b: Articuno\n|-supereffective|p1b: Articuno\n|-damage|p1b: Articuno|0 fnt\n|faint|p1b: Articuno\n|-curestatus|p2b: Scream Tail|slp|[msg]\n|move|p2b: Scream Tail|Howl|p2b: Scream Tail|[spread] p2a,p2b\n|-boost|p2a: Sneasler|atk|1\n|-boost|p2b: Scream Tail|atk|1\n|\n|-heal|p2b: Scream Tail|99\/100|[from] item: Leftovers\n|upkeep\n|inactive|TTVsusWinter has 90 seconds left.\n|\n|t:|1699712879\n|switch|p1b: Tauros|Tauros-Paldea-Blaze, M|100\/100\n|-ability|p1b: Tauros|Intimidate|boost\n|-unboost|p2a: Sneasler|atk|1\n|-unboost|p2b: Scream Tail|atk|1\n|turn|7\n|inactive|TTVsusWinter has 90 seconds left.\n|inactive|bigbranonbampus has 120 seconds left.\n|\n|t:|1699712900\n|switch|p2a: Ninetales|Ninetales, M|100\/100\n|-weather|SunnyDay|[from] ability: Drought|[of] p2a: Ninetales\n|-activate|p2b: Scream Tail|ability: Protosynthesis\n|-start|p2b: Scream Tail|protosynthesisspd\n|move|p1b: Tauros|Trailblaze|p2a: Ninetales\n|-resisted|p2a: Ninetales\n|-crit|p2a: Ninetales\n|-damage|p2a: Ninetales|84\/100\n|-boost|p1b: Tauros|spe|1\n|move|p2b: Scream Tail|Stored Power|p1b: Tauros\n|-supereffective|p1b: Tauros\n|-damage|p1b: Tauros|0 fnt\n|faint|p1b: Tauros\n|move|p1a: Gastrodon|Muddy Water|p2a: Ninetales|[spread] p2a,p2b\n|-supereffective|p2a: Ninetales\n|-crit|p2a: Ninetales\n|-damage|p2a: Ninetales|37\/100\n|-damage|p2b: Scream Tail|96\/100\n|\n|-weather|SunnyDay|[upkeep]\n|-heal|p2b: Scream Tail|100\/100|[from] item: Leftovers\n|upkeep\n|\n|t:|1699712925\n|switch|p1b: Amoonguss|Amoonguss, F|84\/100 slp\n|turn|8\n|\n|t:|1699712934\n|move|p2a: Ninetales|Overheat|p1b: Amoonguss\n|-supereffective|p1b: Amoonguss\n|-damage|p1b: Amoonguss|0 fnt\n|-unboost|p2a: Ninetales|spa|2\n|faint|p1b: Amoonguss\n|move|p2b: Scream Tail|Calm Mind|p2b: Scream Tail\n|-boost|p2b: Scream Tail|spa|1\n|-boost|p2b: Scream Tail|spd|1\n|move|p1a: Gastrodon|Earth Power|p2a: Ninetales\n|-supereffective|p2a: Ninetales\n|-damage|p2a: Ninetales|0 fnt\n|faint|p2a: Ninetales\n|\n|-weather|SunnyDay|[upkeep]\n|upkeep\n|\n|t:|1699712960\n|switch|p2a: Sneasler|Sneasler, M, tera:Dark|1\/100\n|switch|p1b: Iron Valiant|Iron Valiant|100\/100\n|turn|9\n|inactive|TTVsusWinter has 120 seconds left.\n|\n|t:|1699713012\n|move|p2a: Sneasler|Fake Out|p1b: Iron Valiant\n|-immune|p1b: Iron Valiant\n|move|p1b: Iron Valiant|Hyper Voice|p2b: Scream Tail|[spread] p2a,p2b\n|-damage|p2a: Sneasler|0 fnt\n|-damage|p2b: Scream Tail|93\/100\n|faint|p2a: Sneasler\n|move|p2b: Scream Tail|Stored Power|p1b: Iron Valiant\n|-enditem|p1b: Iron Valiant|Focus Sash\n|-damage|p1b: Iron Valiant|1\/100\n|replace|p1b: Zoroark|Zoroark-Hisui, M, shiny\n|-end|p1b: Zoroark|Illusion\n|move|p1a: Gastrodon|Muddy Water|p2b: Scream Tail\n|-damage|p2b: Scream Tail|89\/100\n|\n|-weather|SunnyDay|[upkeep]\n|-heal|p2b: Scream Tail|95\/100|[from] item: Leftovers\n|upkeep\n|\n|t:|1699713027\n|switch|p2a: Baxcalibur|Baxcalibur, M|100\/100\n|turn|10\n|inactive|TTVsusWinter has 120 seconds left.\n|\n|t:|1699713048\n|move|p1b: Zoroark|Flamethrower|p2a: Baxcalibur\n|-damage|p2a: Baxcalibur|53\/100\n|-ability|p2a: Baxcalibur|Thermal Exchange|boost\n|-boost|p2a: Baxcalibur|atk|1\n|move|p2a: Baxcalibur|Dragon Dance|p2a: Baxcalibur\n|-boost|p2a: Baxcalibur|atk|1\n|-boost|p2a: Baxcalibur|spe|1\n|move|p2b: Scream Tail|Stored Power|p1b: Zoroark\n|-crit|p1b: Zoroark\n|-damage|p1b: Zoroark|0 fnt\n|faint|p1b: Zoroark\n|move|p1a: Gastrodon|Earth Power|p2a: Baxcalibur\n|-damage|p2a: Baxcalibur|12\/100\n|\n|-weather|SunnyDay|[upkeep]\n|-heal|p2b: Scream Tail|100\/100|[from] item: Leftovers\n|upkeep\n|\n|t:|1699713064\n|switch|p1b: Iron Valiant|Iron Valiant|100\/100\n|turn|11\n|inactive|TTVsusWinter has 120 seconds left.\n|\n|t:|1699713098\n|move|p2a: Baxcalibur|Icicle Spear|p1b: Iron Valiant\n|-damage|p1b: Iron Valiant|62\/100\n|-crit|p1b: Iron Valiant\n|-damage|p1b: Iron Valiant|0 fnt\n|faint|p1b: Iron Valiant\n|-end|p1b: Iron Valiant|Quark Drive|[silent]\n|-hitcount|p1: Iron Valiant|2\n|move|p2b: Scream Tail|Stored Power|p1a: Gastrodon\n|-damage|p1a: Gastrodon|0 fnt\n|faint|p1a: Gastrodon\n|\n|win|bigbranonbampus\n|raw|TTVsusWinter's rating: 1181 &rarr; <strong>1159<\/strong><br \/>(-22 for losing)\n|raw|bigbranonbampus's rating: 1226 &rarr; <strong>1248<\/strong><br \/>(+22 for winning)\n|c|\u2606TTVsusWinter|Gg\n|l|\u2606TTVsusWinter\n|c|\u2606bigbranonbampus|Gg\n","uploadtime":1699713121,"views":11,"p1id":"ttvsuswinter","p2id":"bigbranonbampus","formatid":"gen9doublesou","rating":1159,"private":0,"password":""}