{"id":"gen9doublesou-1995309760","p1":"darkkklorddd","p2":"bananaszn","format":"[Gen 9] Doubles OU","log":"|j|\u2606darkkklorddd\n|j|\u2606bananaszn\n|t:|1700551268\n|gametype|doubles\n|player|p1|darkkklorddd|2|1378\n|player|p2|bananaszn|brycen|1469\n|teamsize|p1|6\n|teamsize|p2|6\n|gen|9\n|tier|[Gen 9] Doubles OU\n|rated|\n|rule|Species Clause: Limit one of each Pok\u00e9mon\n|rule|OHKO Clause: OHKO moves are banned\n|rule|Evasion Moves Clause: Evasion moves are banned\n|rule|Gravity Sleep Clause: The combination of sleep-inducing moves with imperfect accuracy and Gravity or Gigantamax Orbeetle are banned\n|rule|Endless Battle Clause: Forcing endless battles is banned\n|rule|HP Percentage Mod: HP is shown in percentages\n|clearpoke\n|poke|p1|Snorlax, F|\n|poke|p1|Sinistcha|\n|poke|p1|Landorus-Therian, M|\n|poke|p1|Iron Hands|\n|poke|p1|Clefairy, M|\n|poke|p1|Kommo-o, F|\n|poke|p2|Scizor, F|\n|poke|p2|Tornadus, M|\n|poke|p2|Chien-Pao|\n|poke|p2|Iron Hands|\n|poke|p2|Volcanion|\n|poke|p2|Great Tusk|\n|teampreview\n|inactive|Battle timer is ON: inactive players will automatically lose when time's up. (requested by bananaszn)\n|\n|t:|1700551285\n|start\n|switch|p1a: Kommo-o|Kommo-o, F|100\/100\n|switch|p1b: Iron Hands|Iron Hands|100\/100\n|switch|p2a: YN Jay|Tornadus, M|100\/100\n|switch|p2b: Iggy Azalea|Chien-Pao|100\/100\n|-ability|p2b: Iggy Azalea|Sword of Ruin\n|turn|1\n|\n|t:|1700551302\n|-terastallize|p1a: Kommo-o|Steel\n|move|p2b: Iggy Azalea|Protect|p2b: Iggy Azalea\n|-singleturn|p2b: Iggy Azalea|Protect\n|move|p1b: Iron Hands|Fake Out|p2a: YN Jay\n|-damage|p2a: YN Jay|69\/100\n|cant|p2a: YN Jay|flinch\n|move|p1a: Kommo-o|Clangorous Soul|p1a: Kommo-o\n|-boost|p1a: Kommo-o|atk|1\n|-boost|p1a: Kommo-o|def|1\n|-boost|p1a: Kommo-o|spa|1\n|-boost|p1a: Kommo-o|spd|1\n|-boost|p1a: Kommo-o|spe|1\n|-damage|p1a: Kommo-o|68\/100\n|-enditem|p1a: Kommo-o|Throat Spray\n|-boost|p1a: Kommo-o|spa|1|[from] item: Throat Spray\n|\n|upkeep\n|turn|2\n|\n|t:|1700551322\n|-terastallize|p2b: Iggy Azalea|Ghost\n|move|p2a: YN Jay|Tailwind|p2a: YN Jay\n|-sidestart|p2: bananaszn|move: Tailwind\n|move|p2b: Iggy Azalea|Sacred Sword|p1a: Kommo-o\n|-supereffective|p1a: Kommo-o\n|-damage|p1a: Kommo-o|0 fnt\n|faint|p1a: Kommo-o\n|-damage|p2b: Iggy Azalea|91\/100|[from] item: Life Orb\n|move|p1b: Iron Hands|Drain Punch|p2b: Iggy Azalea\n|-immune|p2b: Iggy Azalea\n|\n|upkeep\n|\n|t:|1700551340\n|switch|p1a: Clefairy|Clefairy, M|100\/100\n|turn|3\n|inactive|darkkklorddd has 120 seconds left.\n|\n|t:|1700551386\n|move|p1a: Clefairy|Helping Hand|p1b: Iron Hands\n|-singleturn|p1b: Iron Hands|Helping Hand|[of] p1a: Clefairy\n|move|p2b: Iggy Azalea|Protect|p2b: Iggy Azalea\n|-singleturn|p2b: Iggy Azalea|Protect\n|move|p2a: YN Jay|Taunt|p1a: Clefairy\n|-start|p1a: Clefairy|move: Taunt\n|move|p1b: Iron Hands|Drain Punch|p2a: YN Jay\n|-resisted|p2a: YN Jay\n|-damage|p2a: YN Jay|0 fnt\n|faint|p2a: YN Jay\n|\n|upkeep\n|inactive|bananaszn has 120 seconds left.\n|\n|t:|1700551405\n|switch|p2a: Great Tusk|Great Tusk|100\/100\n|turn|4\n|inactive|darkkklorddd has 120 seconds left.\n|\n|t:|1700551441\n|switch|p1a: Landorus|Landorus-Therian, M|100\/100\n|-ability|p1a: Landorus|Intimidate|boost\n|-unboost|p2a: Great Tusk|atk|1\n|-unboost|p2b: Iggy Azalea|atk|1\n|move|p2b: Iggy Azalea|Ice Spinner|p1b: Iron Hands\n|-damage|p1b: Iron Hands|66\/100\n|-damage|p2b: Iggy Azalea|81\/100|[from] item: Life Orb\n|move|p2a: Great Tusk|Headlong Rush|p1b: Iron Hands\n|-supereffective|p1b: Iron Hands\n|-crit|p1b: Iron Hands\n|-damage|p1b: Iron Hands|0 fnt\n|-unboost|p2a: Great Tusk|def|1\n|-unboost|p2a: Great Tusk|spd|1\n|faint|p1b: Iron Hands\n|-end|p1b: Iron Hands|Quark Drive|[silent]\n|\n|upkeep\n|\n|t:|1700551461\n|switch|p1b: Snorlax|Snorlax, F|100\/100\n|turn|5\n|inactive|darkkklorddd has 120 seconds left.\n|\n|t:|1700551477\n|move|p2b: Iggy Azalea|Ice Spinner|p1a: Landorus\n|-supereffective|p1a: Landorus\n|-damage|p1a: Landorus|0 fnt\n|faint|p1a: Landorus\n|-damage|p2b: Iggy Azalea|71\/100|[from] item: Life Orb\n|move|p2a: Great Tusk|Close Combat|p1b: Snorlax\n|-supereffective|p1b: Snorlax\n|-damage|p1b: Snorlax|32\/100\n|-unboost|p2a: Great Tusk|def|1\n|-unboost|p2a: Great Tusk|spd|1\n|-enditem|p1b: Snorlax|Sitrus Berry|[eat]\n|-heal|p1b: Snorlax|57\/100|[from] item: Sitrus Berry\n|move|p1b: Snorlax|Belly Drum|p1b: Snorlax\n|-damage|p1b: Snorlax|7\/100\n|-setboost|p1b: Snorlax|atk|6|[from] move: Belly Drum\n|\n|-sideend|p2: bananaszn|move: Tailwind\n|upkeep\n|\n|t:|1700551492\n|switch|p1a: Sinistcha|Sinistcha|100\/100\n|-heal|p1b: Snorlax|31\/100|[from] ability: Hospitality|[of] p1a: Sinistcha\n|turn|6\n|inactive|darkkklorddd has 120 seconds left.\n|\n|t:|1700551513\n|move|p1b: Snorlax|Protect|p1b: Snorlax\n|-singleturn|p1b: Snorlax|Protect\n|move|p2b: Iggy Azalea|Ice Spinner|p1a: Sinistcha\n|-supereffective|p1a: Sinistcha\n|-damage|p1a: Sinistcha|25\/100\n|-damage|p2b: Iggy Azalea|61\/100|[from] item: Life Orb\n|move|p2a: Great Tusk|Close Combat|p1b: Snorlax\n|-activate|p1b: Snorlax|move: Protect\n|move|p1a: Sinistcha|Trick Room|p1a: Sinistcha\n|-fieldstart|move: Trick Room|[of] p1a: Sinistcha\n|\n|upkeep\n|turn|7\n|\n|t:|1700551541\n|move|p1b: Snorlax|High Horsepower|p2b: Iggy Azalea\n|-damage|p2b: Iggy Azalea|0 fnt\n|faint|p2b: Iggy Azalea\n|move|p1a: Sinistcha|Matcha Gotcha|p2a: Great Tusk\n|-supereffective|p2a: Great Tusk\n|-damage|p2a: Great Tusk|3\/100\n|-heal|p1a: Sinistcha|78\/100|[from] drain|[of] p2a: Great Tusk\n|move|p2a: Great Tusk|Ice Spinner|p1a: Sinistcha\n|-supereffective|p1a: Sinistcha\n|-damage|p1a: Sinistcha|51\/100\n|\n|upkeep\n|inactive|bananaszn has 120 seconds left.\n|\n|t:|1700551557\n|switch|p2b: Druski|Iron Hands|100\/100\n|turn|8\n|\n|t:|1700551577\n|-end|p2a: Great Tusk|Protosynthesis|[silent]\n|switch|p2a: Kawhi Leonard|Scizor, F|100\/100\n|move|p2b: Druski|Fake Out|p1b: Snorlax\n|-damage|p1b: Snorlax|20\/100\n|cant|p1b: Snorlax|flinch\n|move|p1a: Sinistcha|Matcha Gotcha|p2b: Druski|[spread] p2a\n|-miss|p1a: Sinistcha|p2b: Druski\n|-resisted|p2a: Kawhi Leonard\n|-damage|p2a: Kawhi Leonard|94\/100\n|-heal|p1a: Sinistcha|54\/100|[from] drain|[of] p2a: Kawhi Leonard\n|\n|upkeep\n|turn|9\n|\n|t:|1700551595\n|move|p1a: Sinistcha|Rage Powder|p1a: Sinistcha\n|-singleturn|p1a: Sinistcha|move: Rage Powder\n|move|p2a: Kawhi Leonard|Bullet Punch|p1a: Sinistcha\n|-damage|p1a: Sinistcha|9\/100\n|move|p1b: Snorlax|Facade|p2a: Kawhi Leonard\n|-resisted|p2a: Kawhi Leonard\n|-damage|p2a: Kawhi Leonard|34\/100\n|move|p2b: Druski|Close Combat|p1a: Sinistcha\n|-immune|p1a: Sinistcha\n|\n|upkeep\n|turn|10\n|j| Elite.4.Challenger\n|\n|t:|1700551616\n|move|p1a: Sinistcha|Rage Powder|p1a: Sinistcha\n|-singleturn|p1a: Sinistcha|move: Rage Powder\n|move|p2a: Kawhi Leonard|Bullet Punch|p1a: Sinistcha\n|-damage|p1a: Sinistcha|0 fnt\n|faint|p1a: Sinistcha\n|move|p1b: Snorlax|Facade|p2a: Kawhi Leonard\n|-resisted|p2a: Kawhi Leonard\n|-damage|p2a: Kawhi Leonard|0 fnt\n|faint|p2a: Kawhi Leonard\n|move|p2b: Druski|Close Combat|p1b: Snorlax\n|-supereffective|p1b: Snorlax\n|-damage|p1b: Snorlax|0 fnt\n|-unboost|p2b: Druski|def|1\n|-unboost|p2b: Druski|spd|1\n|faint|p1b: Snorlax\n|\n|-fieldend|move: Trick Room\n|upkeep\n|-message|darkkklorddd forfeited.\n|\n|win|bananaszn\n|raw|darkkklorddd's rating: 1378 &rarr; <strong>1363<\/strong><br \/>(-15 for losing)\n|raw|bananaszn's rating: 1469 &rarr; <strong>1484<\/strong><br \/>(+15 for winning)\n|l|\u2606darkkklorddd\n","uploadtime":1700551635,"views":12,"p1id":"darkkklorddd","p2id":"bananaszn","formatid":"gen9doublesou","rating":1363,"private":0,"password":""}