{"id":"gen9doublesou-1982232425","p1":"lordofthediscs","p2":"PhucAn","format":"[Gen 9] Doubles OU","log":"|j|\u203dlordofthediscs\n|j|\u2606PhucAn\n|t:|1698982203\n|gametype|doubles\n|player|p1|lordofthediscs|170|1016\n|player|p2|PhucAn|lass-gen4dp|1057\n|teamsize|p1|6\n|teamsize|p2|6\n|gen|9\n|tier|[Gen 9] Doubles OU\n|rated|\n|rule|Species Clause: Limit one of each Pok\u00e9mon\n|rule|OHKO Clause: OHKO moves are banned\n|rule|Evasion Moves Clause: Evasion moves are banned\n|rule|Gravity Sleep Clause: The combination of sleep-inducing moves with imperfect accuracy and Gravity or Gigantamax Orbeetle are banned\n|rule|Endless Battle Clause: Forcing endless battles is banned\n|rule|HP Percentage Mod: HP is shown in percentages\n|clearpoke\n|poke|p1|Oricorio-Pom-Pom, F|\n|poke|p1|Uxie|\n|poke|p1|Delphox, F|\n|poke|p1|Venomoth, M|\n|poke|p1|Indeedee-F, F|\n|poke|p1|Sylveon, F|\n|poke|p2|Ninetales-Alola, F|\n|poke|p2|Gliscor, F|\n|poke|p2|Shiftry, M|\n|poke|p2|Kingambit, F|\n|poke|p2|Amoonguss, F|\n|poke|p2|Gholdengo|\n|teampreview\n|inactive|Battle timer is ON: inactive players will automatically lose when time's up. (requested by PhucAn)\n|\n|t:|1698982218\n|start\n|switch|p1a: Oricorio|Oricorio-Pom-Pom, F|100\/100\n|switch|p1b: Uxie|Uxie|100\/100\n|switch|p2a: Gliscor|Gliscor, F|100\/100\n|switch|p2b: Ninetales|Ninetales-Alola, F|100\/100\n|-weather|Snow|[from] ability: Snow Warning|[of] p2b: Ninetales\n|turn|1\n|\n|t:|1698982235\n|move|p2a: Gliscor|Protect|p2a: Gliscor\n|-singleturn|p2a: Gliscor|Protect\n|move|p2b: Ninetales|Aurora Veil|p2b: Ninetales\n|-sidestart|p2: PhucAn|move: Aurora Veil\n|move|p1b: Uxie|Skill Swap|p1a: Oricorio\n|-activate|p1b: Uxie|move: Skill Swap|||[of] p1a: Oricorio\n|move|p1a: Oricorio|Quiver Dance|p1a: Oricorio\n|-boost|p1a: Oricorio|spa|1\n|-boost|p1a: Oricorio|spd|1\n|-boost|p1a: Oricorio|spe|1\n|-activate|p1b: Uxie|ability: Dancer\n|move|p1b: Uxie|Quiver Dance|p1b: Uxie|[from]ability: Dancer\n|-boost|p1b: Uxie|spa|1\n|-boost|p1b: Uxie|spd|1\n|-boost|p1b: Uxie|spe|1\n|\n|-weather|Snow|[upkeep]\n|-status|p2a: Gliscor|tox|[from] item: Toxic Orb\n|upkeep\n|turn|2\n|\n|t:|1698982260\n|move|p1b: Uxie|Protect|p1b: Uxie\n|-singleturn|p1b: Uxie|Protect\n|move|p1a: Oricorio|Quiver Dance|p1a: Oricorio\n|-boost|p1a: Oricorio|spa|1\n|-boost|p1a: Oricorio|spd|1\n|-boost|p1a: Oricorio|spe|1\n|-activate|p1b: Uxie|ability: Dancer\n|move|p1b: Uxie|Quiver Dance|p1b: Uxie|[from]ability: Dancer\n|-boost|p1b: Uxie|spa|1\n|-boost|p1b: Uxie|spd|1\n|-boost|p1b: Uxie|spe|1\n|move|p2b: Ninetales|Aurora Veil||[still]\n|-fail|p2b: Ninetales\n|move|p2a: Gliscor|Knock Off|p1b: Uxie\n|-activate|p1b: Uxie|move: Protect\n|\n|-weather|Snow|[upkeep]\n|upkeep\n|turn|3\n|inactive|lordofthediscs has 120 seconds left.\n|\n|t:|1698982310\n|move|p1b: Uxie|Stored Power|p2a: Gliscor\n|-damage|p2a: Gliscor|31\/100 tox\n|move|p1a: Oricorio|Quiver Dance|p1a: Oricorio\n|-boost|p1a: Oricorio|spa|1\n|-boost|p1a: Oricorio|spd|1\n|-boost|p1a: Oricorio|spe|1\n|-activate|p1b: Uxie|ability: Dancer\n|move|p1b: Uxie|Quiver Dance|p1b: Uxie|[from]ability: Dancer\n|-boost|p1b: Uxie|spa|1\n|-boost|p1b: Uxie|spd|1\n|-boost|p1b: Uxie|spe|1\n|move|p2b: Ninetales|Icy Wind|p1a: Oricorio|[spread] p1a,p1b\n|-supereffective|p1a: Oricorio\n|-damage|p1a: Oricorio|84\/100\n|-damage|p1b: Uxie|96\/100\n|-unboost|p1a: Oricorio|spe|1\n|-unboost|p1b: Uxie|spe|1\n|move|p2a: Gliscor|Knock Off|p1b: Uxie\n|-supereffective|p1b: Uxie\n|-damage|p1b: Uxie|51\/100\n|-enditem|p1b: Uxie|Leftovers|[from] move: Knock Off|[of] p2a: Gliscor\n|\n|-weather|Snow|[upkeep]\n|-heal|p2a: Gliscor|43\/100 tox|[from] ability: Poison Heal\n|upkeep\n|turn|4\n|inactive|lordofthediscs has 120 seconds left.\n|inactive|lordofthediscs has 90 seconds left.\n|\n|t:|1698982357\n|move|p2a: Gliscor|Protect|p2a: Gliscor\n|-singleturn|p2a: Gliscor|Protect\n|move|p1b: Uxie|Draining Kiss|p2b: Ninetales\n|-damage|p2b: Ninetales|82\/100\n|-heal|p1b: Uxie|62\/100|[from] drain|[of] p2b: Ninetales\n|move|p1a: Oricorio|Quiver Dance|p1a: Oricorio\n|-boost|p1a: Oricorio|spa|1\n|-boost|p1a: Oricorio|spd|1\n|-boost|p1a: Oricorio|spe|1\n|-activate|p1b: Uxie|ability: Dancer\n|move|p1b: Uxie|Quiver Dance|p1b: Uxie|[from]ability: Dancer\n|-boost|p1b: Uxie|spa|1\n|-boost|p1b: Uxie|spd|1\n|-boost|p1b: Uxie|spe|1\n|move|p2b: Ninetales|Icy Wind|p1b: Uxie|[spread] p1a,p1b\n|-supereffective|p1a: Oricorio\n|-damage|p1a: Oricorio|70\/100\n|-damage|p1b: Uxie|58\/100\n|-unboost|p1a: Oricorio|spe|1\n|-unboost|p1b: Uxie|spe|1\n|\n|-weather|Snow|[upkeep]\n|-heal|p2a: Gliscor|56\/100 tox|[from] ability: Poison Heal\n|upkeep\n|turn|5\n|inactive|lordofthediscs has 90 seconds left.\n|\n|t:|1698982384\n|move|p1b: Uxie|Stored Power|p2a: Gliscor\n|-damage|p2a: Gliscor|0 fnt\n|faint|p2a: Gliscor\n|move|p1a: Oricorio|Revelation Dance|p2b: Ninetales\n|-damage|p2b: Ninetales|4\/100\n|-activate|p1b: Uxie|ability: Dancer\n|move|p1b: Uxie|Revelation Dance|p2b: Ninetales|[from]ability: Dancer\n|-damage|p2b: Ninetales|0 fnt\n|faint|p2b: Ninetales\n|\n|-weather|none\n|upkeep\n|-message|PhucAn forfeited.\n|\n|win|lordofthediscs\n|raw|lordofthediscs's rating: 1016 &rarr; <strong>1058<\/strong><br \/>(+42 for winning)\n|raw|PhucAn's rating: 1057 &rarr; <strong>1036<\/strong><br \/>(-21 for losing)\n|l|\u2606PhucAn\n","uploadtime":1698982400,"views":20,"p1id":"lordofthediscs","p2id":"phucan","formatid":"gen9doublesou","rating":1036,"private":0,"password":""}