{"id":"gen9doublesou-1995743480","p1":"daniel.verdon","p2":"Astronamico","format":"[Gen 9] Doubles OU","log":"|j|\u2606daniel.verdon\n|j|\u2606Astronamico\n|inactive|Battle timer is ON: inactive players will automatically lose when time's up.\n|t:|1700599038\n|gametype|doubles\n|player|p1|daniel.verdon|pokekid|\n|player|p2|Astronamico|2|\n|teamsize|p1|6\n|teamsize|p2|6\n|gen|9\n|tier|[Gen 9] Doubles OU\n|rated|Tournament battle\n|rule|Species Clause: Limit one of each Pok\u00e9mon\n|rule|OHKO Clause: OHKO moves are banned\n|rule|Evasion Moves Clause: Evasion moves are banned\n|rule|Gravity Sleep Clause: The combination of sleep-inducing moves with imperfect accuracy and Gravity or Gigantamax Orbeetle are banned\n|rule|Endless Battle Clause: Forcing endless battles is banned\n|rule|HP Percentage Mod: HP is shown in percentages\n|clearpoke\n|poke|p1|Sinistcha|\n|poke|p1|Golduck, F|\n|poke|p1|Cinderace, F|\n|poke|p1|Victreebel, M|\n|poke|p1|Cloyster, M|\n|poke|p1|Magcargo, F|\n|poke|p2|Chimecho, M|\n|poke|p2|Golem-Alola, M|\n|poke|p2|Clawitzer, F|\n|poke|p2|Rabsca, F|\n|poke|p2|Dragapult, F|\n|poke|p2|Blissey, F|\n|teampreview\n|j|*Lady Monita \u2746\n|\n|t:|1700599064\n|start\n|switch|p1a: Cinderace|Cinderace, F, shiny|100\/100\n|switch|p1b: Sinistcha|Sinistcha|100\/100\n|switch|p2a: Chimecho|Chimecho, M|100\/100\n|switch|p2b: Dragapult|Dragapult, F|100\/100\n|turn|1\n|\n|t:|1700599088\n|-terastallize|p2a: Chimecho|Normal\n|move|p2b: Dragapult|Hydro Pump|p1a: Cinderace|[miss]\n|-miss|p2b: Dragapult|p1a: Cinderace\n|move|p1a: Cinderace|U-turn|p2a: Chimecho\n|-start|p1a: Cinderace|typechange|Bug|[from] ability: Libero\n|-damage|p2a: Chimecho|61\/100\n|\n|t:|1700599103\n|switch|p1a: Victreebel|Victreebel, M|100\/100|[from] U-turn\n|move|p1b: Sinistcha|Shadow Ball|p2b: Dragapult\n|-supereffective|p2b: Dragapult\n|-damage|p2b: Dragapult|0 fnt\n|faint|p2b: Dragapult\n|move|p2a: Chimecho|Calm Mind|p2a: Chimecho\n|-boost|p2a: Chimecho|spa|1\n|-boost|p2a: Chimecho|spd|1\n|\n|-heal|p2a: Chimecho|67\/100|[from] item: Leftovers\n|upkeep\n|j| Yeet259\n|\n|t:|1700599115\n|switch|p2b: Rabsca|Rabsca, F|100\/100\n|turn|2\n|j| horseradish2\n|j| psyduckhufflepuff\n|\n|t:|1700599134\n|move|p1a: Victreebel|Sleep Powder|p2b: Rabsca|[miss]\n|-miss|p1a: Victreebel|p2b: Rabsca\n|move|p1b: Sinistcha|Nasty Plot|p1b: Sinistcha\n|-boost|p1b: Sinistcha|spa|2\n|move|p2a: Chimecho|Shadow Ball|p1b: Sinistcha\n|-supereffective|p1b: Sinistcha\n|-damage|p1b: Sinistcha|36\/100\n|move|p2b: Rabsca|Revival Blessing|p2b: Rabsca\n|-enditem|p2b: Rabsca|Leppa Berry|[eat]\n|-activate|p2b: Rabsca|item: Leppa Berry|Revival Blessing|[consumed]\n|\n|t:|1700599144\n|-heal|p2: Dragapult|50\/100|[from] move: Revival Blessing\n|\n|-heal|p1b: Sinistcha|42\/100|[from] item: Leftovers\n|-heal|p2a: Chimecho|74\/100|[from] item: Leftovers\n|upkeep\n|turn|3\n|\n|t:|1700599159\n|-terastallize|p1b: Sinistcha|Steel\n|move|p1a: Victreebel|Sleep Powder|p2b: Rabsca\n|-status|p2b: Rabsca|slp|[from] move: Sleep Powder\n|move|p1b: Sinistcha|Matcha Gotcha|p2b: Rabsca|[spread] p2a,p2b\n|-resisted|p2b: Rabsca\n|-damage|p2a: Chimecho|25\/100\n|-heal|p1b: Sinistcha|67\/100|[from] drain|[of] p2a: Chimecho\n|-damage|p2b: Rabsca|70\/100 slp\n|-heal|p1b: Sinistcha|83\/100|[from] drain|[of] p2b: Rabsca\n|move|p2a: Chimecho|Shadow Ball|p1b: Sinistcha\n|-damage|p1b: Sinistcha|50\/100\n|cant|p2b: Rabsca|slp\n|\n|-heal|p1b: Sinistcha|56\/100|[from] item: Leftovers\n|-heal|p2a: Chimecho|31\/100|[from] item: Leftovers\n|upkeep\n|turn|4\n|\n|t:|1700599188\n|move|p1a: Victreebel|Swords Dance|p1a: Victreebel\n|-boost|p1a: Victreebel|atk|2\n|move|p1b: Sinistcha|Matcha Gotcha|p2a: Chimecho|[spread] p2a,p2b\n|-resisted|p2b: Rabsca\n|-damage|p2a: Chimecho|0 fnt\n|-heal|p1b: Sinistcha|72\/100|[from] drain|[of] p2a: Chimecho\n|-damage|p2b: Rabsca|38\/100 slp\n|-heal|p1b: Sinistcha|89\/100|[from] drain|[of] p2b: Rabsca\n|faint|p2a: Chimecho\n|cant|p2b: Rabsca|slp\n|\n|-heal|p1b: Sinistcha|95\/100|[from] item: Leftovers\n|upkeep\n|inactive|Astronamico has 120 seconds left.\n|\n|t:|1700599218\n|switch|p2a: Dragapult|Dragapult, F|50\/100\n|turn|5\n|inactive|Astronamico has 120 seconds left.\n|\n|t:|1700599247\n|move|p1a: Victreebel|Sucker Punch|p2a: Dragapult\n|-supereffective|p2a: Dragapult\n|-damage|p2a: Dragapult|0 fnt\n|faint|p2a: Dragapult\n|move|p1b: Sinistcha|Matcha Gotcha|p2b: Rabsca\n|-resisted|p2b: Rabsca\n|-damage|p2b: Rabsca|0 fnt\n|-heal|p1b: Sinistcha|100\/100|[from] drain|[of] p2b: Rabsca\n|faint|p2b: Rabsca\n|\n|upkeep\n|\n|t:|1700599265\n|switch|p2a: Blissey|Blissey, F|100\/100\n|switch|p2b: Clawitzer|Clawitzer, F|100\/100\n|turn|6\n|\n|t:|1700599284\n|move|p1a: Victreebel|Power Whip|p2a: Blissey|[miss]\n|-miss|p1a: Victreebel|p2a: Blissey\n|move|p2b: Clawitzer|U-turn|p1a: Victreebel\n|-damage|p1a: Victreebel|83\/100\n|\n|t:|1700599289\n|switch|p2b: Golem|Golem-Alola, M|100\/100|[from] U-turn\n|move|p1b: Sinistcha|Matcha Gotcha|p2a: Blissey|[spread] p2a,p2b\n|-supereffective|p2b: Golem\n|-damage|p2a: Blissey|81\/100\n|-damage|p2b: Golem|0 fnt\n|faint|p2b: Golem\n|move|p2a: Blissey|Seismic Toss|p1b: Sinistcha\n|-damage|p1b: Sinistcha|72\/100\n|\n|-heal|p1a: Victreebel|89\/100|[from] item: Leftovers\n|-heal|p1b: Sinistcha|78\/100|[from] item: Leftovers\n|upkeep\n|\n|t:|1700599298\n|switch|p2b: Clawitzer|Clawitzer, F|100\/100\n|turn|7\n|inactive|Astronamico has 120 seconds left.\n|\n|t:|1700599323\n|move|p1a: Victreebel|Power Whip|p2a: Blissey\n|-damage|p2a: Blissey|0 fnt\n|faint|p2a: Blissey\n|move|p2b: Clawitzer|Dragon Pulse|p1b: Sinistcha\n|-resisted|p1b: Sinistcha\n|-damage|p1b: Sinistcha|35\/100\n|move|p1b: Sinistcha|Matcha Gotcha|p2b: Clawitzer\n|-supereffective|p2b: Clawitzer\n|-damage|p2b: Clawitzer|0 fnt\n|-heal|p1b: Sinistcha|76\/100|[from] drain|[of] p2b: Clawitzer\n|faint|p2b: Clawitzer\n|\n|win|daniel.verdon\n|n|\u2606daniel.verdon|danielverdon\n|n|\u2606Astronamico|astronamico\n|n|*Lady Monita \u2746|ladymonita\n|n| Yeet259|yeet259\n|n| horseradish2|horseradish2\n|n| psyduckhufflepuff|psyduckhufflepuff\n","uploadtime":1700599325,"views":0,"p1id":"danielverdon","p2id":"astronamico","formatid":"gen9doublesou","rating":0,"private":0,"password":""}