{"id":"gen9doublesou-1999661551","p1":"Diprotodon","p2":"Thehombre","format":"[Gen 9] Doubles OU","log":"|j|\u2606Diprotodon\n|j|\u2606Thehombre\n|t:|1701105583\n|gametype|doubles\n|player|p1|Diprotodon|ethan|1116\n|player|p2|Thehombre|101|1180\n|teamsize|p1|6\n|teamsize|p2|6\n|gen|9\n|tier|[Gen 9] Doubles OU\n|rated|\n|rule|Species Clause: Limit one of each Pok\u00e9mon\n|rule|OHKO Clause: OHKO moves are banned\n|rule|Evasion Moves Clause: Evasion moves are banned\n|rule|Gravity Sleep Clause: The combination of sleep-inducing moves with imperfect accuracy and Gravity or Gigantamax Orbeetle are banned\n|rule|Endless Battle Clause: Forcing endless battles is banned\n|rule|HP Percentage Mod: HP is shown in percentages\n|clearpoke\n|poke|p1|Farigiraf, F|\n|poke|p1|Rillaboom, F|\n|poke|p1|Iron Hands|\n|poke|p1|Ursaluna-Bloodmoon, M|\n|poke|p1|Ninetales-Alola, F|\n|poke|p1|Glimmora, F|\n|poke|p2|Copperajah, M|\n|poke|p2|Bronzong|\n|poke|p2|Armarouge, F|\n|poke|p2|Torkoal, M|\n|poke|p2|Dipplin, M|\n|poke|p2|Great Tusk|\n|teampreview\n|inactive|Battle timer is ON: inactive players will automatically lose when time's up. (requested by Diprotodon)\n|\n|t:|1701105596\n|start\n|switch|p1a: Ninetales|Ninetales-Alola, F|100\/100\n|switch|p1b: Glimmora|Glimmora, F|100\/100\n|switch|p2a: Copperajah|Copperajah, M|100\/100\n|switch|p2b: Bronzong|Bronzong|100\/100\n|-weather|Snow|[from] ability: Snow Warning|[of] p1a: Ninetales\n|turn|1\n|\n|t:|1701105612\n|switch|p1a: Ursaluna|Ursaluna-Bloodmoon, M|100\/100\n|move|p1b: Glimmora|Spiky Shield|p1b: Glimmora\n|-singleturn|p1b: Glimmora|move: Protect\n|move|p2a: Copperajah|Curse|p2a: Copperajah\n|-unboost|p2a: Copperajah|spe|1\n|-boost|p2a: Copperajah|atk|1\n|-boost|p2a: Copperajah|def|1\n|move|p2b: Bronzong|Trick Room|p2b: Bronzong\n|-fieldstart|move: Trick Room|[of] p2b: Bronzong\n|\n|-weather|Snow|[upkeep]\n|upkeep\n|turn|2\n|\n|t:|1701105629\n|switch|p1b: Rillaboom|Rillaboom, F|100\/100\n|-fieldstart|move: Grassy Terrain|[from] ability: Grassy Surge|[of] p1b: Rillaboom\n|move|p2b: Bronzong|Iron Defense|p2b: Bronzong\n|-boost|p2b: Bronzong|def|2\n|move|p2a: Copperajah|Heavy Slam|p1b: Rillaboom\n|-damage|p1b: Rillaboom|0 fnt\n|faint|p1b: Rillaboom\n|move|p1a: Ursaluna|Earth Power|p2a: Copperajah\n|-supereffective|p2a: Copperajah\n|-damage|p2a: Copperajah|0 fnt\n|faint|p2a: Copperajah\n|\n|-weather|Snow|[upkeep]\n|upkeep\n|\n|t:|1701105641\n|switch|p2a: Armarouge|Armarouge, F|100\/100\n|switch|p1b: Ninetales|Ninetales-Alola, F|100\/100\n|turn|3\n|\n|t:|1701105648\n|move|p2b: Bronzong|Body Press|p1a: Ursaluna\n|-supereffective|p1a: Ursaluna\n|-damage|p1a: Ursaluna|42\/100\n|move|p1a: Ursaluna|Earth Power|p2a: Armarouge\n|-supereffective|p2a: Armarouge\n|-damage|p2a: Armarouge|0 fnt\n|faint|p2a: Armarouge\n|move|p1b: Ninetales|Aurora Veil|p1b: Ninetales\n|-sidestart|p1: Diprotodon|move: Aurora Veil\n|\n|-weather|Snow|[upkeep]\n|-heal|p1a: Ursaluna|48\/100|[from] Grassy Terrain\n|-heal|p1a: Ursaluna|54\/100|[from] item: Leftovers\n|upkeep\n|\n|t:|1701105657\n|switch|p2a: Great Tusk|Great Tusk|100\/100\n|turn|4\n|\n|t:|1701105666\n|switch|p1a: Iron Hands|Iron Hands|100\/100\n|move|p2b: Bronzong|Body Press|p1a: Iron Hands\n|-damage|p1a: Iron Hands|84\/100\n|move|p2a: Great Tusk|Body Press|p1a: Iron Hands\n|-damage|p1a: Iron Hands|69\/100\n|move|p1b: Ninetales|Icy Wind|p2a: Great Tusk|[spread] p2a,p2b\n|-supereffective|p2a: Great Tusk\n|-resisted|p2b: Bronzong\n|-damage|p2a: Great Tusk|66\/100\n|-damage|p2b: Bronzong|96\/100\n|-unboost|p2a: Great Tusk|spe|1\n|-unboost|p2b: Bronzong|spe|1\n|\n|-weather|Snow|[upkeep]\n|-heal|p2b: Bronzong|100\/100|[from] item: Leftovers\n|-heal|p1a: Iron Hands|75\/100|[from] Grassy Terrain\n|-heal|p1a: Iron Hands|82\/100|[from] item: Leftovers\n|-heal|p2a: Great Tusk|72\/100|[from] Grassy Terrain\n|-heal|p2a: Great Tusk|78\/100|[from] item: Leftovers\n|upkeep\n|turn|5\n|\n|t:|1701105692\n|-end|p2a: Great Tusk|Protosynthesis|[silent]\n|switch|p2a: Torkoal|Torkoal, M|100\/100\n|move|p1a: Iron Hands|Fake Out|p2a: Torkoal\n|-damage|p2a: Torkoal|89\/100\n|move|p2b: Bronzong|Iron Defense|p2b: Bronzong\n|-boost|p2b: Bronzong|def|2\n|move|p1b: Ninetales|Icy Wind|p2b: Bronzong|[spread] p2a,p2b\n|-resisted|p2a: Torkoal\n|-resisted|p2b: Bronzong\n|-damage|p2a: Torkoal|80\/100\n|-damage|p2b: Bronzong|95\/100\n|-unboost|p2b: Bronzong|spe|1\n|\n|-weather|none\n|-heal|p2b: Bronzong|100\/100|[from] item: Leftovers\n|-heal|p2a: Torkoal|86\/100|[from] Grassy Terrain\n|-heal|p2a: Torkoal|92\/100|[from] item: Leftovers\n|-heal|p1a: Iron Hands|88\/100|[from] Grassy Terrain\n|-heal|p1a: Iron Hands|94\/100|[from] item: Leftovers\n|-fieldend|move: Trick Room\n|upkeep\n|turn|6\n|\n|t:|1701105705\n|switch|p1b: Farigiraf|Farigiraf, F|100\/100\n|-end|p1a: Iron Hands|Quark Drive|[silent]\n|switch|p1a: Glimmora|Glimmora, F|100\/100\n|move|p2a: Torkoal|Curse|p2a: Torkoal\n|-unboost|p2a: Torkoal|spe|1\n|-boost|p2a: Torkoal|atk|1\n|-boost|p2a: Torkoal|def|1\n|move|p2b: Bronzong|Trick Room|p2b: Bronzong\n|-fieldstart|move: Trick Room|[of] p2b: Bronzong\n|\n|-heal|p2a: Torkoal|98\/100|[from] Grassy Terrain\n|-heal|p2a: Torkoal|100\/100|[from] item: Leftovers\n|-fieldend|move: Grassy Terrain\n|upkeep\n|turn|7\n|\n|t:|1701105725\n|move|p2b: Bronzong|Body Press|p1a: Glimmora\n|-damage|p1a: Glimmora|71\/100\n|-activate|p1a: Glimmora|ability: Toxic Debris\n|-sidestart|p2: Thehombre|move: Toxic Spikes\n|move|p2a: Torkoal|Body Press|p1a: Glimmora\n|-damage|p1a: Glimmora|54\/100\n|-activate|p1a: Glimmora|ability: Toxic Debris\n|-sidestart|p2: Thehombre|move: Toxic Spikes\n|move|p1a: Glimmora|Mortal Spin|p2b: Bronzong|[spread] p2a\n|-immune|p2b: Bronzong\n|-damage|p2a: Torkoal|98\/100\n|-status|p2a: Torkoal|psn\n|move|p1b: Farigiraf|Trick Room|p1b: Farigiraf\n|-fieldend|move: Trick Room\n|\n|-heal|p1a: Glimmora|60\/100|[from] item: Black Sludge\n|-heal|p2a: Torkoal|100\/100 psn|[from] item: Leftovers\n|-damage|p2a: Torkoal|88\/100 psn|[from] psn\n|upkeep\n|turn|8\n|\n|t:|1701105748\n|move|p1a: Glimmora|Power Gem|p2a: Torkoal\n|-supereffective|p2a: Torkoal\n|-crit|p2a: Torkoal\n|-damage|p2a: Torkoal|0 fnt\n|faint|p2a: Torkoal\n|move|p1b: Farigiraf|Psychic|p2b: Bronzong\n|-resisted|p2b: Bronzong\n|-damage|p2b: Bronzong|95\/100\n|move|p2b: Bronzong|Trick Room|p2b: Bronzong\n|-fieldstart|move: Trick Room|[of] p2b: Bronzong\n|\n|-heal|p2b: Bronzong|100\/100|[from] item: Leftovers\n|-heal|p1a: Glimmora|66\/100|[from] item: Black Sludge\n|upkeep\n|\n|t:|1701105761\n|switch|p2a: Great Tusk|Great Tusk|78\/100\n|-status|p2a: Great Tusk|tox\n|turn|9\n|\n|t:|1701105771\n|move|p1a: Glimmora|Spiky Shield|p1a: Glimmora\n|-singleturn|p1a: Glimmora|move: Protect\n|move|p2b: Bronzong|Iron Defense|p2b: Bronzong\n|-boost|p2b: Bronzong|def|2\n|move|p2a: Great Tusk|High Horsepower|p1a: Glimmora\n|-activate|p1a: Glimmora|move: Protect\n|-damage|p2a: Great Tusk|66\/100 tox|[from] Spiky Shield|[of] p1a: Glimmora\n|move|p1b: Farigiraf|Trick Room|p1b: Farigiraf\n|-fieldend|move: Trick Room\n|\n|-heal|p2a: Great Tusk|72\/100 tox|[from] item: Leftovers\n|-heal|p1a: Glimmora|72\/100|[from] item: Black Sludge\n|-damage|p2a: Great Tusk|66\/100 tox|[from] psn\n|upkeep\n|turn|10\n|\n|t:|1701105790\n|switch|p1a: Iron Hands|Iron Hands|94\/100\n|move|p2a: Great Tusk|High Horsepower|p1a: Iron Hands\n|-supereffective|p1a: Iron Hands\n|-damage|p1a: Iron Hands|46\/100\n|move|p1b: Farigiraf|Psychic|p2a: Great Tusk\n|-supereffective|p2a: Great Tusk\n|-damage|p2a: Great Tusk|0 fnt\n|faint|p2a: Great Tusk\n|-end|p2a: Great Tusk|Protosynthesis|[silent]\n|move|p2b: Bronzong|Trick Room|p2b: Bronzong\n|-fieldstart|move: Trick Room|[of] p2b: Bronzong\n|\n|-heal|p1a: Iron Hands|52\/100|[from] item: Leftovers\n|-sideend|p1: Diprotodon|move: Aurora Veil\n|upkeep\n|\n|t:|1701105796\n|switch|p2a: Dipplin|Dipplin, M|100\/100\n|-status|p2a: Dipplin|tox\n|-ability|p2a: Dipplin|Supersweet Syrup\n|-ability|p2a: Dipplin|Supersweet Syrup|boost\n|-unboost|p1a: Iron Hands|evasion|1\n|-unboost|p1b: Farigiraf|evasion|1\n|turn|11\n|\n|t:|1701105804\n|move|p1a: Iron Hands|Fake Out|p2a: Dipplin\n|-damage|p2a: Dipplin|85\/100 tox\n|move|p2b: Bronzong|Body Press|p1b: Farigiraf\n|-damage|p1b: Farigiraf|13\/100\n|-damage|p2b: Bronzong|84\/100|[from] item: Rocky Helmet|[of] p1b: Farigiraf\n|cant|p2a: Dipplin|flinch\n|move|p1b: Farigiraf|Trick Room|p1b: Farigiraf\n|-fieldend|move: Trick Room\n|\n|-heal|p1a: Iron Hands|58\/100|[from] item: Leftovers\n|-heal|p2a: Dipplin|91\/100 tox|[from] item: Leftovers\n|-heal|p2b: Bronzong|90\/100|[from] item: Leftovers\n|-damage|p2a: Dipplin|85\/100 tox|[from] psn\n|upkeep\n|turn|12\n|\n|t:|1701105818\n|switch|p1b: Glimmora|Glimmora, F|72\/100\n|move|p1a: Iron Hands|Play Rough|p2a: Dipplin\n|-supereffective|p2a: Dipplin\n|-damage|p2a: Dipplin|27\/100 tox\n|move|p2a: Dipplin|Pollen Puff|p2b: Bronzong\n|-heal|p2b: Bronzong|100\/100\n|move|p2b: Bronzong|Trick Room|p2b: Bronzong\n|-fieldstart|move: Trick Room|[of] p2b: Bronzong\n|\n|-heal|p2a: Dipplin|33\/100 tox|[from] item: Leftovers\n|-heal|p1a: Iron Hands|65\/100|[from] item: Leftovers\n|-heal|p1b: Glimmora|79\/100|[from] item: Black Sludge\n|-damage|p2a: Dipplin|21\/100 tox|[from] psn\n|upkeep\n|turn|13\n|\n|t:|1701105834\n|move|p1b: Glimmora|Spiky Shield|p1b: Glimmora\n|-singleturn|p1b: Glimmora|move: Protect\n|move|p2b: Bronzong|Gyro Ball|p1b: Glimmora\n|-activate|p1b: Glimmora|move: Protect\n|-damage|p2b: Bronzong|88\/100|[from] Spiky Shield|[of] p1b: Glimmora\n|move|p2a: Dipplin|Giga Drain|p1a: Iron Hands\n|-damage|p1a: Iron Hands|35\/100\n|-heal|p2a: Dipplin|42\/100 tox|[from] drain|[of] p1a: Iron Hands\n|move|p1a: Iron Hands|Play Rough|p2a: Dipplin\n|-supereffective|p2a: Dipplin\n|-damage|p2a: Dipplin|0 fnt\n|faint|p2a: Dipplin\n|\n|-heal|p2b: Bronzong|94\/100|[from] item: Leftovers\n|-heal|p1a: Iron Hands|42\/100|[from] item: Leftovers\n|-heal|p1b: Glimmora|85\/100|[from] item: Black Sludge\n|upkeep\n|turn|14\n|\n|t:|1701105851\n|switch|p1b: Farigiraf|Farigiraf, F|13\/100\n|move|p2b: Bronzong|Gyro Ball|p1b: Farigiraf\n|-damage|p1b: Farigiraf|0 fnt\n|-damage|p2b: Bronzong|78\/100|[from] item: Rocky Helmet|[of] p1b: Farigiraf\n|faint|p1b: Farigiraf\n|move|p1a: Iron Hands|Drain Punch|p2b: Bronzong\n|-damage|p2b: Bronzong|68\/100\n|-heal|p1a: Iron Hands|45\/100|[from] drain|[of] p2b: Bronzong\n|\n|-heal|p2b: Bronzong|74\/100|[from] item: Leftovers\n|-heal|p1a: Iron Hands|51\/100|[from] item: Leftovers\n|upkeep\n|\n|t:|1701105857\n|switch|p1b: Ninetales|Ninetales-Alola, F|100\/100\n|-weather|Snow|[from] ability: Snow Warning|[of] p1b: Ninetales\n|turn|15\n|\n|t:|1701105863\n|move|p2b: Bronzong|Gyro Ball|p1b: Ninetales\n|-supereffective|p1b: Ninetales\n|-damage|p1b: Ninetales|0 fnt\n|faint|p1b: Ninetales\n|move|p1a: Iron Hands|Drain Punch|p2b: Bronzong\n|-damage|p2b: Bronzong|64\/100\n|-heal|p1a: Iron Hands|54\/100|[from] drain|[of] p2b: Bronzong\n|\n|-weather|Snow|[upkeep]\n|-heal|p2b: Bronzong|70\/100|[from] item: Leftovers\n|-heal|p1a: Iron Hands|61\/100|[from] item: Leftovers\n|upkeep\n|\n|t:|1701105869\n|switch|p1b: Ursaluna|Ursaluna-Bloodmoon, M|54\/100\n|turn|16\n|\n|t:|1701105880\n|move|p2b: Bronzong|Body Press|p1b: Ursaluna\n|-supereffective|p1b: Ursaluna\n|-damage|p1b: Ursaluna|0 fnt\n|faint|p1b: Ursaluna\n|move|p1a: Iron Hands|Wild Charge|p2b: Bronzong\n|-damage|p2b: Bronzong|58\/100\n|-damage|p1a: Iron Hands|59\/100|[from] Recoil\n|\n|-weather|Snow|[upkeep]\n|-heal|p2b: Bronzong|64\/100|[from] item: Leftovers\n|-heal|p1a: Iron Hands|65\/100|[from] item: Leftovers\n|-fieldend|move: Trick Room\n|upkeep\n|\n|t:|1701105882\n|switch|p1b: Glimmora|Glimmora, F|85\/100\n|turn|17\n|\n|t:|1701105891\n|-terastallize|p1a: Iron Hands|Fighting\n|move|p1b: Glimmora|Spiky Shield|p1b: Glimmora\n|-singleturn|p1b: Glimmora|move: Protect\n|move|p1a: Iron Hands|Wild Charge|p2b: Bronzong\n|-damage|p2b: Bronzong|51\/100\n|-damage|p1a: Iron Hands|63\/100|[from] Recoil\n|move|p2b: Bronzong|Gyro Ball|p1b: Glimmora\n|-activate|p1b: Glimmora|move: Protect\n|-damage|p2b: Bronzong|39\/100|[from] Spiky Shield|[of] p1b: Glimmora\n|\n|-weather|Snow|[upkeep]\n|-heal|p1b: Glimmora|91\/100|[from] item: Black Sludge\n|-heal|p1a: Iron Hands|69\/100|[from] item: Leftovers\n|-heal|p2b: Bronzong|45\/100|[from] item: Leftovers\n|upkeep\n|turn|18\n|\n|t:|1701105906\n|move|p1b: Glimmora|Power Gem|p2b: Bronzong\n|-resisted|p2b: Bronzong\n|-damage|p2b: Bronzong|35\/100\n|move|p1a: Iron Hands|Drain Punch|p2b: Bronzong\n|-damage|p2b: Bronzong|21\/100\n|-heal|p1a: Iron Hands|73\/100|[from] drain|[of] p2b: Bronzong\n|move|p2b: Bronzong|Gyro Ball|p1b: Glimmora\n|-supereffective|p1b: Glimmora\n|-damage|p1b: Glimmora|26\/100\n|\n|-weather|Snow|[upkeep]\n|-heal|p1b: Glimmora|32\/100|[from] item: Black Sludge\n|-heal|p1a: Iron Hands|80\/100|[from] item: Leftovers\n|-heal|p2b: Bronzong|27\/100|[from] item: Leftovers\n|upkeep\n|turn|19\n|\n|t:|1701105921\n|move|p1b: Glimmora|Spiky Shield|p1b: Glimmora\n|-singleturn|p1b: Glimmora|move: Protect\n|move|p1a: Iron Hands|Drain Punch|p2b: Bronzong\n|-damage|p2b: Bronzong|12\/100\n|-heal|p1a: Iron Hands|84\/100|[from] drain|[of] p2b: Bronzong\n|move|p2b: Bronzong|Trick Room|p2b: Bronzong\n|-fieldstart|move: Trick Room|[of] p2b: Bronzong\n|\n|-weather|none\n|-heal|p2b: Bronzong|19\/100|[from] item: Leftovers\n|-heal|p1a: Iron Hands|91\/100|[from] item: Leftovers\n|-heal|p1b: Glimmora|38\/100|[from] item: Black Sludge\n|upkeep\n|turn|20\n|\n|t:|1701105932\n|move|p2b: Bronzong|Body Press|p1a: Iron Hands\n|-damage|p1a: Iron Hands|35\/100\n|move|p1a: Iron Hands|Drain Punch|p2b: Bronzong\n|-damage|p2b: Bronzong|5\/100\n|-heal|p1a: Iron Hands|40\/100|[from] drain|[of] p2b: Bronzong\n|move|p1b: Glimmora|Power Gem|p2b: Bronzong\n|-resisted|p2b: Bronzong\n|-damage|p2b: Bronzong|0 fnt\n|faint|p2b: Bronzong\n|\n|win|Diprotodon\n|raw|Diprotodon's rating: 1116 &rarr; <strong>1146<\/strong><br \/>(+30 for winning)\n|raw|Thehombre's rating: 1180 &rarr; <strong>1150<\/strong><br \/>(-30 for losing)\n","uploadtime":1701105936,"views":6,"p1id":"diprotodon","p2id":"thehombre","formatid":"gen9doublesou","rating":1146,"private":0,"password":""}