{"id":"gen9doublesou-1979762299","p1":"Zadom123","p2":"kuroboss","format":"[Gen 9] Doubles OU","log":"|j|\u2606Zadom123\n|j|\u203dkuroboss\n|t:|1698710608\n|gametype|doubles\n|player|p1|Zadom123|benga|\n|player|p2|kuroboss|1|\n|teamsize|p1|6\n|teamsize|p2|6\n|gen|9\n|tier|[Gen 9] Doubles OU\n|rule|Species Clause: Limit one of each Pok\u00e9mon\n|rule|OHKO Clause: OHKO moves are banned\n|rule|Evasion Moves Clause: Evasion moves are banned\n|rule|Gravity Sleep Clause: The combination of sleep-inducing moves with imperfect accuracy and Gravity or Gigantamax Orbeetle are banned\n|rule|Endless Battle Clause: Forcing endless battles is banned\n|rule|HP Percentage Mod: HP is shown in percentages\n|clearpoke\n|poke|p1|Breloom, F|\n|poke|p1|Cresselia, F|\n|poke|p1|Torkoal, F|\n|poke|p1|Amoonguss, M|\n|poke|p1|Scream Tail|\n|poke|p1|Ursaluna, F|\n|poke|p2|Manaphy|\n|poke|p2|Chi-Yu|\n|poke|p2|Rillaboom, M|\n|poke|p2|Gengar, M|\n|poke|p2|Amoonguss, M|\n|poke|p2|Clefairy, M|\n|teampreview\n|l|\u203dkuroboss\n|player|p2|\n|j|\u203dkuroboss\n|player|p2|kuroboss|1\n|n|\u203dkuroboss|kuroboss\n|\n|t:|1698710633\n|start\n|switch|p1a: Breloom|Breloom, F|100\/100\n|switch|p1b: Scream Tail|Scream Tail|100\/100\n|switch|p2a: Rillaboom|Rillaboom, M|100\/100\n|switch|p2b: Gengar|Gengar, M|100\/100\n|-fieldstart|move: Grassy Terrain|[from] ability: Grassy Surge|[of] p2a: Rillaboom\n|-enditem|p1b: Scream Tail|Booster Energy\n|-activate|p1b: Scream Tail|ability: Protosynthesis|[fromitem]\n|-start|p1b: Scream Tail|protosynthesisspd\n|turn|1\n|\n|t:|1698710654\n|move|p1a: Breloom|Spore|p2b: Gengar\n|-status|p2b: Gengar|slp|[from] move: Spore\n|cant|p2b: Gengar|slp\n|move|p2a: Rillaboom|Taunt|p1b: Scream Tail\n|-start|p1b: Scream Tail|move: Taunt\n|cant|p1b: Scream Tail|move: Taunt|Roar\n|\n|upkeep\n|turn|2\n|\n|t:|1698710678\n|switch|p1a: Torkoal|Torkoal, F|100\/100\n|-weather|SunnyDay|[from] ability: Drought|[of] p1a: Torkoal\n|-end|p1b: Scream Tail|Protosynthesis|[silent]\n|switch|p1b: Amoonguss|Amoonguss, M|100\/100\n|-terastallize|p2a: Rillaboom|Grass\n|cant|p2b: Gengar|slp\n|move|p2a: Rillaboom|Wood Hammer|p1b: Amoonguss\n|-resisted|p1b: Amoonguss\n|-damage|p1b: Amoonguss|78\/100\n|-damage|p2a: Rillaboom|94\/100|[from] Recoil\n|\n|-weather|SunnyDay|[upkeep]\n|-heal|p2a: Rillaboom|99\/100|[from] Grassy Terrain\n|-heal|p2a: Rillaboom|100\/100|[from] item: Leftovers\n|-heal|p1b: Amoonguss|84\/100|[from] Grassy Terrain\n|-heal|p1b: Amoonguss|90\/100|[from] item: Leftovers\n|upkeep\n|turn|3\n|\n|t:|1698710704\n|move|p1b: Amoonguss|Rage Powder|p1b: Amoonguss\n|-singleturn|p1b: Amoonguss|move: Rage Powder\n|-curestatus|p2b: Gengar|slp|[msg]\n|move|p2b: Gengar|Hypnosis|p1b: Amoonguss|[miss]\n|-miss|p2b: Gengar|p1b: Amoonguss\n|move|p2a: Rillaboom|Wood Hammer|p1a: Torkoal\n|-resisted|p1a: Torkoal\n|-damage|p1a: Torkoal|57\/100\n|-damage|p2a: Rillaboom|88\/100|[from] Recoil\n|move|p1a: Torkoal|Eruption|p2a: Rillaboom|[spread] p2a,p2b\n|-supereffective|p2a: Rillaboom\n|-crit|p2a: Rillaboom\n|-damage|p2a: Rillaboom|0 fnt\n|-damage|p2b: Gengar|39\/100\n|-start|p1a: Torkoal|Disable|Eruption|[from] ability: Cursed Body|[of] p2b: Gengar\n|faint|p2a: Rillaboom\n|\n|-weather|SunnyDay|[upkeep]\n|-heal|p2b: Gengar|45\/100|[from] Grassy Terrain\n|-heal|p1b: Amoonguss|97\/100|[from] Grassy Terrain\n|-heal|p1b: Amoonguss|100\/100|[from] item: Leftovers\n|-heal|p1a: Torkoal|63\/100|[from] Grassy Terrain\n|-heal|p1a: Torkoal|69\/100|[from] item: Leftovers\n|upkeep\n|\n|t:|1698710726\n|switch|p2a: Manaphy|Manaphy|100\/100\n|turn|4\n|\n|t:|1698710743\n|move|p1b: Amoonguss|Rage Powder|p1b: Amoonguss\n|-singleturn|p1b: Amoonguss|move: Rage Powder\n|move|p2b: Gengar|Hypnosis|p1b: Amoonguss\n|-status|p1b: Amoonguss|slp|[from] move: Hypnosis\n|move|p2a: Manaphy|Acid Armor|p2a: Manaphy\n|-boost|p2a: Manaphy|def|2\n|move|p1a: Torkoal|Solar Beam||[still]\n|-prepare|p1a: Torkoal|Solar Beam\n|-anim|p1a: Torkoal|Solar Beam|p2b: Gengar\n|-resisted|p2b: Gengar\n|-damage|p2b: Gengar|11\/100\n|\n|-weather|SunnyDay|[upkeep]\n|-heal|p2b: Gengar|17\/100|[from] Grassy Terrain\n|-heal|p1a: Torkoal|75\/100|[from] Grassy Terrain\n|-heal|p1a: Torkoal|81\/100|[from] item: Leftovers\n|upkeep\n|turn|5\n|\n|t:|1698710769\n|switch|p1b: Breloom|Breloom, F|100\/100\n|switch|p1a: Scream Tail|Scream Tail|100\/100\n|-activate|p1a: Scream Tail|ability: Protosynthesis\n|-start|p1a: Scream Tail|protosynthesisspd\n|move|p2b: Gengar|Protect|p2b: Gengar\n|-singleturn|p2b: Gengar|Protect\n|move|p2a: Manaphy|Tail Glow|p2a: Manaphy\n|-boost|p2a: Manaphy|spa|3\n|\n|-weather|SunnyDay|[upkeep]\n|-heal|p2b: Gengar|23\/100|[from] Grassy Terrain\n|-fieldend|move: Grassy Terrain\n|upkeep\n|turn|6\n|\n|t:|1698710794\n|switch|p2b: Clefairy|Clefairy, M|100\/100\n|move|p1b: Breloom|Spore|p2b: Clefairy\n|-status|p2b: Clefairy|slp|[from] move: Spore\n|move|p2a: Manaphy|Tail Glow|p2a: Manaphy\n|-boost|p2a: Manaphy|spa|3\n|move|p1a: Scream Tail|Roar|p2a: Manaphy\n|drag|p2a: Amoonguss|Amoonguss, M|100\/100\n|\n|-weather|none\n|-end|p1a: Scream Tail|Protosynthesis\n|upkeep\n|turn|7\n|\n|t:|1698710827\n|switch|p1b: Torkoal|Torkoal, F|81\/100\n|-weather|SunnyDay|[from] ability: Drought|[of] p1b: Torkoal\n|-activate|p1a: Scream Tail|ability: Protosynthesis\n|-start|p1a: Scream Tail|protosynthesisspd\n|switch|p2b: Manaphy|Manaphy|100\/100\n|move|p2a: Amoonguss|Spore|p1a: Scream Tail\n|-status|p1a: Scream Tail|slp|[from] move: Spore\n|cant|p1a: Scream Tail|slp\n|\n|-weather|SunnyDay|[upkeep]\n|-heal|p1b: Torkoal|87\/100|[from] item: Leftovers\n|upkeep\n|turn|8\n|\n|t:|1698710849\n|move|p1b: Torkoal|Protect|p1b: Torkoal\n|-singleturn|p1b: Torkoal|Protect\n|move|p2b: Manaphy|Acid Armor|p2b: Manaphy\n|-boost|p2b: Manaphy|def|2\n|move|p2a: Amoonguss|Spore|p1b: Torkoal\n|-activate|p1b: Torkoal|move: Protect\n|cant|p1a: Scream Tail|slp\n|\n|-weather|SunnyDay|[upkeep]\n|-heal|p1b: Torkoal|94\/100|[from] item: Leftovers\n|upkeep\n|turn|9\n|\n|t:|1698710870\n|switch|p1b: Amoonguss|Amoonguss, M|100\/100 slp\n|move|p2b: Manaphy|Tail Glow|p2b: Manaphy\n|-boost|p2b: Manaphy|spa|3\n|move|p2a: Amoonguss|Spore|p1b: Amoonguss\n|-immune|p1b: Amoonguss\n|cant|p1a: Scream Tail|slp\n|\n|-weather|SunnyDay|[upkeep]\n|upkeep\n|turn|10\n|c|\u2606Zadom123|I'll wake up eventually\n|\n|t:|1698710893\n|move|p2b: Manaphy|Tail Glow|p2b: Manaphy\n|-boost|p2b: Manaphy|spa|3\n|move|p2a: Amoonguss|Spore|p1a: Scream Tail\n|-fail|p1a: Scream Tail|slp\n|cant|p1b: Amoonguss|slp\n|-curestatus|p1a: Scream Tail|slp|[msg]\n|move|p1a: Scream Tail|Roar|p2b: Manaphy\n|drag|p2b: Chi-Yu|Chi-Yu|100\/100\n|-ability|p2b: Chi-Yu|Beads of Ruin\n|\n|-weather|SunnyDay|[upkeep]\n|upkeep\n|turn|11\n|\n|t:|1698710910\n|cant|p1b: Amoonguss|slp\n|move|p2b: Chi-Yu|Heat Wave|p1b: Amoonguss|[spread] p1a,p1b\n|-supereffective|p1b: Amoonguss\n|-damage|p1a: Scream Tail|63\/100\n|-damage|p1b: Amoonguss|0 fnt\n|faint|p1b: Amoonguss\n|move|p2a: Amoonguss|Spore|p1a: Scream Tail\n|-status|p1a: Scream Tail|slp|[from] move: Spore\n|cant|p1a: Scream Tail|slp\n|\n|-weather|none\n|-end|p1a: Scream Tail|Protosynthesis\n|upkeep\n|c|\u2606Zadom123|How is amounguss faster......\n|\n|t:|1698710936\n|switch|p1b: Breloom|Breloom, F|100\/100\n|turn|12\n|l|\u203dkuroboss\n|player|p2|\n|j|\u203dkuroboss\n|player|p2|kuroboss|1\n|n|\u203dkuroboss|kuroboss\n|\n|t:|1698710958\n|-terastallize|p1b: Breloom|Dragon\n|move|p2a: Amoonguss|Protect|p2a: Amoonguss\n|-singleturn|p2a: Amoonguss|Protect\n|move|p1b: Breloom|Close Combat|p2a: Amoonguss\n|-activate|p2a: Amoonguss|move: Protect\n|move|p2b: Chi-Yu|Taunt|p1b: Breloom\n|-start|p1b: Breloom|move: Taunt\n|cant|p1a: Scream Tail|slp\n|\n|upkeep\n|turn|13\n|\n|t:|1698710977\n|move|p1b: Breloom|Close Combat|p2b: Chi-Yu\n|-supereffective|p2b: Chi-Yu\n|-enditem|p2b: Chi-Yu|Focus Sash\n|-damage|p2b: Chi-Yu|1\/100\n|-unboost|p1b: Breloom|def|1\n|-unboost|p1b: Breloom|spd|1\n|move|p2b: Chi-Yu|Heat Wave|p1a: Scream Tail|[spread] p1a,p1b\n|-resisted|p1b: Breloom\n|-damage|p1a: Scream Tail|30\/100 slp\n|-damage|p1b: Breloom|11\/100\n|move|p2a: Amoonguss|Spore|p1b: Breloom\n|-status|p1b: Breloom|slp|[from] move: Spore\n|cant|p1a: Scream Tail|slp\n|\n|upkeep\n|turn|14\n|-message|Zadom123 forfeited.\n|\n|win|kuroboss\n|l|\u2606Zadom123\n","uploadtime":1698711020,"views":22,"p1id":"zadom123","p2id":"kuroboss","formatid":"gen9doublesou","rating":0,"private":0,"password":""}