{"id":"gen9doublesou-1969110285","p1":"Halok","p2":"TitansTestTeam3T","format":"[Gen 9] Doubles OU","log":"|j|\u2606Halok\n|j|\u2606TitansTestTeam3T\n|t:|1697490890\n|gametype|doubles\n|player|p1|Halok|benga|1286\n|player|p2|TitansTestTeam3T|pokefan-gen4|1197\n|teamsize|p1|6\n|teamsize|p2|6\n|gen|9\n|tier|[Gen 9] Doubles OU\n|rated|\n|rule|Species Clause: Limit one of each Pok\u00e9mon\n|rule|OHKO Clause: OHKO moves are banned\n|rule|Evasion Moves Clause: Evasion moves are banned\n|rule|Gravity Sleep Clause: The combination of sleep-inducing moves with imperfect accuracy and Gravity or Gigantamax Orbeetle are banned\n|rule|Endless Battle Clause: Forcing endless battles is banned\n|rule|HP Percentage Mod: HP is shown in percentages\n|clearpoke\n|poke|p1|Chien-Pao|\n|poke|p1|Dragonite, M|\n|poke|p1|Rillaboom, F|\n|poke|p1|Landorus-Therian, M|\n|poke|p1|Volcanion|\n|poke|p1|Amoonguss, M|\n|poke|p2|Landorus-Therian, M|\n|poke|p2|Kommo-o, M|\n|poke|p2|Sinistcha|\n|poke|p2|Rillaboom, M|\n|poke|p2|Golduck, F|\n|poke|p2|Cresselia, F|\n|teampreview\n|inactive|Battle timer is ON: inactive players will automatically lose when time's up. (requested by TitansTestTeam3T)\n|\n|t:|1697490899\n|start\n|switch|p1a: Rillaboom|Rillaboom, F|100\/100\n|switch|p1b: Landorus|Landorus-Therian, M|100\/100\n|switch|p2a: Kommo-o|Kommo-o, M|100\/100\n|switch|p2b: Golduck|Golduck, F|100\/100\n|-ability|p1b: Landorus|Intimidate|boost\n|-fail|p2a: Kommo-o|unboost|[from] item: Clear Amulet|[of] p2a: Kommo-o\n|-unboost|p2b: Golduck|atk|1\n|-ability|p2b: Golduck|Cloud Nine\n|-fieldstart|move: Grassy Terrain|[from] ability: Grassy Surge|[of] p1a: Rillaboom\n|turn|1\n|\n|t:|1697490918\n|-terastallize|p2b: Golduck|Ghost\n|move|p1a: Rillaboom|Fake Out|p2a: Kommo-o\n|-damage|p2a: Kommo-o|88\/100\n|move|p1b: Landorus|Taunt|p2a: Kommo-o\n|-start|p2a: Kommo-o|move: Taunt\n|move|p2b: Golduck|Simple Beam|p2a: Kommo-o\n|-endability|p2a: Kommo-o|Bulletproof|[from] move: Simple Beam\n|-ability|p2a: Kommo-o|Simple|[from] move: Simple Beam\n|cant|p2a: Kommo-o|flinch\n|\n|-heal|p2a: Kommo-o|94\/100|[from] Grassy Terrain\n|upkeep\n|turn|2\n|\n|t:|1697490939\n|move|p1b: Landorus|U-turn|p2a: Kommo-o\n|-resisted|p2a: Kommo-o\n|-damage|p2a: Kommo-o|83\/100\n|\n|t:|1697490943\n|switch|p1b: Amoonguss|Amoonguss, M|100\/100|[from] U-turn\n|move|p2b: Golduck|Icy Wind|p1a: Rillaboom|[spread] p1a,p1b\n|-supereffective|p1a: Rillaboom\n|-supereffective|p1b: Amoonguss\n|-damage|p1a: Rillaboom|88\/100\n|-damage|p1b: Amoonguss|85\/100\n|-unboost|p1a: Rillaboom|spe|1\n|-unboost|p1b: Amoonguss|spe|1\n|move|p2a: Kommo-o|Fire Punch|p1a: Rillaboom\n|-supereffective|p1a: Rillaboom\n|-damage|p1a: Rillaboom|51\/100\n|move|p1a: Rillaboom|Wood Hammer|p2b: Golduck\n|-damage|p2b: Golduck|41\/100\n|-damage|p1a: Rillaboom|33\/100|[from] Recoil\n|\n|-heal|p2b: Golduck|47\/100|[from] Grassy Terrain\n|-heal|p2a: Kommo-o|89\/100|[from] Grassy Terrain\n|-heal|p1a: Rillaboom|39\/100|[from] Grassy Terrain\n|-heal|p1b: Amoonguss|91\/100|[from] Grassy Terrain\n|upkeep\n|turn|3\n|\n|t:|1697490973\n|switch|p2b: Cresselia|Cresselia, F|100\/100\n|move|p2a: Kommo-o|Fire Punch|p1a: Rillaboom\n|-supereffective|p1a: Rillaboom\n|-damage|p1a: Rillaboom|0 fnt\n|faint|p1a: Rillaboom\n|move|p1b: Amoonguss|Spore|p2a: Kommo-o\n|-status|p2a: Kommo-o|slp|[from] move: Spore\n|\n|-heal|p2a: Kommo-o|95\/100 slp|[from] Grassy Terrain\n|-heal|p1b: Amoonguss|97\/100|[from] Grassy Terrain\n|-end|p2a: Kommo-o|move: Taunt\n|upkeep\n|\n|t:|1697490979\n|switch|p1a: Landorus|Landorus-Therian, M|100\/100\n|-ability|p1a: Landorus|Intimidate|boost\n|-fail|p2a: Kommo-o|unboost|[from] item: Clear Amulet|[of] p2a: Kommo-o\n|-unboost|p2b: Cresselia|atk|1\n|turn|4\n|\n|t:|1697491002\n|move|p1a: Landorus|Taunt|p2a: Kommo-o\n|-start|p2a: Kommo-o|move: Taunt\n|cant|p2a: Kommo-o|slp\n|move|p2b: Cresselia|Calm Mind|p2b: Cresselia\n|-boost|p2b: Cresselia|spa|1\n|-boost|p2b: Cresselia|spd|1\n|move|p1b: Amoonguss|Pollen Puff|p2b: Cresselia\n|-supereffective|p2b: Cresselia\n|-damage|p2b: Cresselia|88\/100\n|\n|-heal|p2a: Kommo-o|100\/100 slp|[from] Grassy Terrain\n|-heal|p1b: Amoonguss|100\/100|[from] Grassy Terrain\n|upkeep\n|turn|5\n|\n|t:|1697491028\n|move|p1a: Landorus|U-turn|p2b: Cresselia\n|-supereffective|p2b: Cresselia\n|-damage|p2b: Cresselia|54\/100\n|\n|t:|1697491032\n|switch|p1a: Volcanion|Volcanion|100\/100|[from] U-turn\n|cant|p2a: Kommo-o|slp\n|move|p2b: Cresselia|Psychic|p1b: Amoonguss\n|-supereffective|p1b: Amoonguss\n|-damage|p1b: Amoonguss|38\/100\n|-enditem|p1b: Amoonguss|Sitrus Berry|[eat]\n|-heal|p1b: Amoonguss|63\/100|[from] item: Sitrus Berry\n|move|p1b: Amoonguss|Clear Smog|p2b: Cresselia\n|-damage|p2b: Cresselia|49\/100\n|-clearboost|p2b: Cresselia\n|\n|-heal|p1b: Amoonguss|69\/100|[from] Grassy Terrain\n|-fieldend|move: Grassy Terrain\n|upkeep\n|turn|6\n|inactive|TitansTestTeam3T has 120 seconds left.\n|\n|t:|1697491062\n|-curestatus|p2a: Kommo-o|slp|[msg]\n|move|p2a: Kommo-o|Fire Punch|p1b: Amoonguss\n|-supereffective|p1b: Amoonguss\n|-damage|p1b: Amoonguss|32\/100\n|move|p1a: Volcanion|Steam Eruption|p2b: Cresselia\n|-damage|p2b: Cresselia|18\/100\n|move|p2b: Cresselia|Psychic|p1b: Amoonguss\n|-supereffective|p1b: Amoonguss\n|-damage|p1b: Amoonguss|0 fnt\n|faint|p1b: Amoonguss\n|\n|-end|p2a: Kommo-o|move: Taunt\n|upkeep\n|\n|t:|1697491075\n|switch|p1b: Chien-Pao|Chien-Pao|100\/100\n|-ability|p1b: Chien-Pao|Sword of Ruin\n|turn|7\n|inactive|TitansTestTeam3T has 120 seconds left.\n|\n|t:|1697491106\n|switch|p2a: Golduck|Golduck, F, tera:Ghost|47\/100\n|-ability|p2a: Golduck|Cloud Nine\n|move|p1b: Chien-Pao|Icicle Crash|p2a: Golduck\n|-damage|p2a: Golduck|0 fnt\n|faint|p2a: Golduck\n|-damage|p1b: Chien-Pao|91\/100|[from] item: Life Orb\n|move|p1a: Volcanion|Heat Wave|p2b: Cresselia\n|-damage|p2b: Cresselia|0 fnt\n|faint|p2b: Cresselia\n|\n|upkeep\n|inactive|TitansTestTeam3T has 120 seconds left.\n|\n|t:|1697491129\n|switch|p2a: Landorus|Landorus-Therian, M|100\/100\n|switch|p2b: Rillaboom|Rillaboom, M|100\/100\n|-ability|p2a: Landorus|Intimidate|boost\n|-unboost|p1a: Volcanion|atk|1\n|-unboost|p1b: Chien-Pao|atk|1\n|-fieldstart|move: Grassy Terrain|[from] ability: Grassy Surge|[of] p2b: Rillaboom\n|turn|8\n|inactive|TitansTestTeam3T has 120 seconds left.\n|\n|t:|1697491151\n|move|p1b: Chien-Pao|Protect|p1b: Chien-Pao\n|-singleturn|p1b: Chien-Pao|Protect\n|move|p2b: Rillaboom|Fake Out|p1b: Chien-Pao\n|-activate|p1b: Chien-Pao|move: Protect\n|move|p2a: Landorus|U-turn|p1b: Chien-Pao\n|-activate|p1b: Chien-Pao|move: Protect\n|move|p1a: Volcanion|Steam Eruption|p2a: Landorus\n|-supereffective|p2a: Landorus\n|-damage|p2a: Landorus|0 fnt\n|faint|p2a: Landorus\n|\n|-heal|p1b: Chien-Pao|97\/100|[from] Grassy Terrain\n|upkeep\n|inactive|TitansTestTeam3T has 90 seconds left.\n|\n|t:|1697491177\n|switch|p2a: Sinistcha|Sinistcha|100\/100\n|turn|9\n|\n|t:|1697491192\n|switch|p1b: Landorus|Landorus-Therian, M|100\/100\n|-ability|p1b: Landorus|Intimidate|boost\n|-unboost|p2a: Sinistcha|atk|1\n|-unboost|p2b: Rillaboom|atk|1\n|move|p2b: Rillaboom|U-turn|p1b: Landorus\n|-resisted|p1b: Landorus\n|-damage|p1b: Landorus|93\/100\n|\n|t:|1697491200\n|switch|p2b: Kommo-o|Kommo-o, M|100\/100|[from] U-turn\n|move|p1a: Volcanion|Heat Wave|p2b: Kommo-o|[spread] p2a,p2b\n|-supereffective|p2a: Sinistcha\n|-resisted|p2b: Kommo-o\n|-damage|p2a: Sinistcha|36\/100\n|-damage|p2b: Kommo-o|85\/100\n|-enditem|p2a: Sinistcha|Sitrus Berry|[eat]\n|-heal|p2a: Sinistcha|61\/100|[from] item: Sitrus Berry\n|move|p2a: Sinistcha|Matcha Gotcha|p1b: Landorus|[spread] p1a,p1b\n|-damage|p1a: Volcanion|80\/100\n|-heal|p2a: Sinistcha|72\/100|[from] drain|[of] p1a: Volcanion\n|-damage|p1b: Landorus|64\/100\n|-heal|p2a: Sinistcha|88\/100|[from] drain|[of] p1b: Landorus\n|\n|-heal|p2b: Kommo-o|91\/100|[from] Grassy Terrain\n|-heal|p1a: Volcanion|86\/100|[from] Grassy Terrain\n|-heal|p2a: Sinistcha|94\/100|[from] Grassy Terrain\n|upkeep\n|turn|10\n|inactive|TitansTestTeam3T has 120 seconds left.\n|\n|t:|1697491230\n|move|p1b: Landorus|Taunt|p2b: Kommo-o\n|-start|p2b: Kommo-o|move: Taunt\n|move|p2b: Kommo-o|Rock Slide|p1a: Volcanion|[spread] p1a,p1b\n|-supereffective|p1a: Volcanion\n|-damage|p1a: Volcanion|58\/100\n|-damage|p1b: Landorus|49\/100\n|-enditem|p1b: Landorus|Sitrus Berry|[eat]\n|-heal|p1b: Landorus|74\/100|[from] item: Sitrus Berry\n|move|p1a: Volcanion|Heat Wave|p2a: Sinistcha|[spread] p2a\n|-miss|p1a: Volcanion|p2b: Kommo-o\n|-supereffective|p2a: Sinistcha\n|-damage|p2a: Sinistcha|30\/100\n|move|p2a: Sinistcha|Calm Mind|p2a: Sinistcha\n|-boost|p2a: Sinistcha|spa|1\n|-boost|p2a: Sinistcha|spd|1\n|\n|-heal|p2b: Kommo-o|97\/100|[from] Grassy Terrain\n|-heal|p1a: Volcanion|64\/100|[from] Grassy Terrain\n|-heal|p2a: Sinistcha|36\/100|[from] Grassy Terrain\n|upkeep\n|turn|11\n|\n|t:|1697491255\n|switch|p2b: Rillaboom|Rillaboom, M|100\/100\n|move|p2a: Sinistcha|Protect|p2a: Sinistcha\n|-singleturn|p2a: Sinistcha|Protect\n|move|p1b: Landorus|Stomping Tantrum|p2b: Rillaboom\n|-resisted|p2b: Rillaboom\n|-damage|p2b: Rillaboom|83\/100\n|move|p1a: Volcanion|Heat Wave|p2b: Rillaboom|[spread] p2b\n|-activate|p2a: Sinistcha|move: Protect\n|-supereffective|p2b: Rillaboom\n|-damage|p2b: Rillaboom|32\/100\n|\n|-heal|p2b: Rillaboom|38\/100|[from] Grassy Terrain\n|-heal|p1a: Volcanion|70\/100|[from] Grassy Terrain\n|-heal|p2a: Sinistcha|42\/100|[from] Grassy Terrain\n|upkeep\n|turn|12\n|inactive|TitansTestTeam3T has 120 seconds left.\n|\n|t:|1697491273\n|move|p2b: Rillaboom|Fake Out|p1a: Volcanion\n|-damage|p1a: Volcanion|59\/100\n|move|p1b: Landorus|Stomping Tantrum|p2a: Sinistcha\n|-resisted|p2a: Sinistcha\n|-damage|p2a: Sinistcha|23\/100\n|cant|p1a: Volcanion|flinch\n|move|p2a: Sinistcha|Matcha Gotcha|p1b: Landorus|[spread] p1b\n|-miss|p2a: Sinistcha|p1a: Volcanion\n|-damage|p1b: Landorus|27\/100\n|-heal|p2a: Sinistcha|49\/100|[from] drain|[of] p1b: Landorus\n|\n|-heal|p2b: Rillaboom|44\/100|[from] Grassy Terrain\n|-heal|p1a: Volcanion|66\/100|[from] Grassy Terrain\n|-heal|p2a: Sinistcha|55\/100|[from] Grassy Terrain\n|-fieldend|move: Grassy Terrain\n|upkeep\n|turn|13\n|inactive|TitansTestTeam3T has 120 seconds left.\n|\n|t:|1697491302\n|move|p2a: Sinistcha|Protect|p2a: Sinistcha\n|-singleturn|p2a: Sinistcha|Protect\n|move|p1b: Landorus|Stomping Tantrum|p2a: Sinistcha\n|-activate|p2a: Sinistcha|move: Protect\n|move|p2b: Rillaboom|Wood Hammer|p1a: Volcanion\n|-damage|p1a: Volcanion|17\/100\n|-damage|p2b: Rillaboom|30\/100|[from] Recoil\n|move|p1a: Volcanion|Heat Wave|p2a: Sinistcha|[spread] p2b\n|-activate|p2a: Sinistcha|move: Protect\n|-supereffective|p2b: Rillaboom\n|-damage|p2b: Rillaboom|0 fnt\n|faint|p2b: Rillaboom\n|\n|upkeep\n|\n|t:|1697491315\n|switch|p2b: Kommo-o|Kommo-o, M|97\/100\n|turn|14\n|inactive|TitansTestTeam3T has 120 seconds left.\n|\n|t:|1697491333\n|move|p1b: Landorus|Taunt|p2b: Kommo-o\n|-start|p2b: Kommo-o|move: Taunt\n|cant|p2b: Kommo-o|move: Taunt|Clangorous Soul\n|move|p1a: Volcanion|Heat Wave|p2b: Kommo-o|[spread] p2a,p2b\n|-supereffective|p2a: Sinistcha\n|-resisted|p2b: Kommo-o\n|-damage|p2a: Sinistcha|14\/100\n|-damage|p2b: Kommo-o|80\/100\n|move|p2a: Sinistcha|Matcha Gotcha|p1b: Landorus|[spread] p1a,p1b\n|-damage|p1a: Volcanion|0 fnt\n|-heal|p2a: Sinistcha|23\/100|[from] drain|[of] p1a: Volcanion\n|-damage|p1b: Landorus|0 fnt\n|-heal|p2a: Sinistcha|37\/100|[from] drain|[of] p1b: Landorus\n|faint|p1a: Volcanion\n|faint|p1b: Landorus\n|\n|upkeep\n|\n|t:|1697491344\n|switch|p1b: Chien-Pao|Chien-Pao|97\/100\n|switch|p1a: Dragonite|Dragonite, M|100\/100\n|-ability|p1b: Chien-Pao|Sword of Ruin\n|turn|15\n|\n|t:|1697491364\n|-terastallize|p1a: Dragonite|Normal\n|move|p1a: Dragonite|Extreme Speed|p2b: Kommo-o\n|-damage|p2b: Kommo-o|0 fnt\n|faint|p2b: Kommo-o\n|move|p1b: Chien-Pao|Icicle Crash|p2a: Sinistcha\n|-supereffective|p2a: Sinistcha\n|-damage|p2a: Sinistcha|0 fnt\n|faint|p2a: Sinistcha\n|-damage|p1b: Chien-Pao|87\/100|[from] item: Life Orb\n|\n|win|Halok\n|raw|Halok's rating: 1286 &rarr; <strong>1305<\/strong><br \/>(+19 for winning)\n|raw|TitansTestTeam3T's rating: 1197 &rarr; <strong>1178<\/strong><br \/>(-19 for losing)\n|c|\u2606TitansTestTeam3T|gg\n|c|\u2606Halok|Gg\n|l|\u2606TitansTestTeam3T\n","uploadtime":1697491487,"views":15,"p1id":"halok","p2id":"titanstestteam3t","formatid":"gen9doublesou","rating":1178,"private":0,"password":""}