{"id":"gen9doublesou-1988986243","p1":"matt_Bolo","p2":"Duv4","format":"[Gen 9] Doubles OU","log":"|j|\u2606matt_Bolo\n|j|\u2606Duv4\n|t:|1699798646\n|gametype|doubles\n|player|p1|matt_Bolo|102|1075\n|player|p2|Duv4|102|1114\n|teamsize|p1|6\n|teamsize|p2|6\n|gen|9\n|tier|[Gen 9] Doubles OU\n|rated|\n|rule|Species Clause: Limit one of each Pok\u00e9mon\n|rule|OHKO Clause: OHKO moves are banned\n|rule|Evasion Moves Clause: Evasion moves are banned\n|rule|Gravity Sleep Clause: The combination of sleep-inducing moves with imperfect accuracy and Gravity or Gigantamax Orbeetle are banned\n|rule|Endless Battle Clause: Forcing endless battles is banned\n|rule|HP Percentage Mod: HP is shown in percentages\n|clearpoke\n|poke|p1|Kommo-o, F|\n|poke|p1|Landorus-Therian, M|\n|poke|p1|Pachirisu, M|\n|poke|p1|Slither Wing|\n|poke|p1|Gliscor, F|\n|poke|p1|Skeledirge, F|\n|poke|p2|Chi-Yu|\n|poke|p2|Flutter Mane|\n|poke|p2|Iron Hands|\n|poke|p2|Kommo-o, M|\n|poke|p2|Sinistcha|\n|poke|p2|Palafin, F|\n|teampreview\n|inactive|Battle timer is ON: inactive players will automatically lose when time's up. (requested by Duv4)\n|\n|t:|1699798658\n|start\n|switch|p1a: Kommo-o|Kommo-o, F|100\/100\n|switch|p1b: Pachirisu|Pachirisu, M, shiny|100\/100\n|switch|p2a: Palafin|Palafin, F|100\/100\n|switch|p2b: Iron Hands|Iron Hands|100\/100\n|turn|1\n|\n|t:|1699798684\n|-terastallize|p1a: Kommo-o|Normal\n|move|p1b: Pachirisu|Follow Me|p1b: Pachirisu\n|-singleturn|p1b: Pachirisu|move: Follow Me\n|move|p2a: Palafin|Flip Turn|p1b: Pachirisu\n|-damage|p1b: Pachirisu|63\/100\n|\n|t:|1699798692\n|detailschange|p2a: Palafin|Palafin-Hero, F\n|switch|p2a: Sinistcha|Sinistcha|100\/100|[from] Flip Turn\n|move|p1a: Kommo-o|Clangorous Soul|p1a: Kommo-o\n|-boost|p1a: Kommo-o|atk|1\n|-boost|p1a: Kommo-o|def|1\n|-boost|p1a: Kommo-o|spa|1\n|-boost|p1a: Kommo-o|spd|1\n|-boost|p1a: Kommo-o|spe|1\n|-damage|p1a: Kommo-o|68\/100\n|-enditem|p1a: Kommo-o|Throat Spray\n|-boost|p1a: Kommo-o|spa|1|[from] item: Throat Spray\n|move|p2b: Iron Hands|Close Combat|p1b: Pachirisu\n|-damage|p1b: Pachirisu|0 fnt\n|-unboost|p2b: Iron Hands|def|1\n|-unboost|p2b: Iron Hands|spd|1\n|faint|p1b: Pachirisu\n|\n|upkeep\n|\n|t:|1699798707\n|switch|p1b: Skeledirge|Skeledirge, F|100\/100\n|turn|2\n|\n|t:|1699798729\n|move|p2a: Sinistcha|Rage Powder|p2a: Sinistcha\n|-singleturn|p2a: Sinistcha|move: Rage Powder\n|move|p1a: Kommo-o|Boomburst|p2a: Sinistcha|[spread] p2b\n|-immune|p1b: Skeledirge\n|-immune|p2a: Sinistcha\n|-damage|p2b: Iron Hands|28\/100\n|move|p1b: Skeledirge|Torch Song|p2a: Sinistcha\n|-supereffective|p2a: Sinistcha\n|-damage|p2a: Sinistcha|38\/100\n|-boost|p1b: Skeledirge|spa|1\n|-enditem|p2a: Sinistcha|Sitrus Berry|[eat]\n|-heal|p2a: Sinistcha|63\/100|[from] item: Sitrus Berry\n|move|p2b: Iron Hands|Close Combat|p1a: Kommo-o\n|-supereffective|p1a: Kommo-o\n|-damage|p1a: Kommo-o|0 fnt\n|-unboost|p2b: Iron Hands|def|1\n|-unboost|p2b: Iron Hands|spd|1\n|faint|p1a: Kommo-o\n|\n|upkeep\n|\n|t:|1699798749\n|switch|p1a: Slither Wing|Slither Wing|100\/100\n|turn|3\n|\n|t:|1699798767\n|move|p1a: Slither Wing|First Impression|p2a: Sinistcha\n|-damage|p2a: Sinistcha|3\/100\n|move|p2a: Sinistcha|Rage Powder|p2a: Sinistcha\n|-singleturn|p2a: Sinistcha|move: Rage Powder\n|move|p1b: Skeledirge|Torch Song|p2a: Sinistcha\n|-supereffective|p2a: Sinistcha\n|-damage|p2a: Sinistcha|0 fnt\n|-boost|p1b: Skeledirge|spa|1\n|faint|p2a: Sinistcha\n|move|p2b: Iron Hands|Wild Charge|p1a: Slither Wing\n|-damage|p1a: Slither Wing|31\/100\n|-damage|p2b: Iron Hands|16\/100|[from] Recoil\n|\n|upkeep\n|\n|t:|1699798784\n|switch|p2a: Palafin|Palafin-Hero, F|100\/100\n|-activate|p2a: Palafin|ability: Zero to Hero\n|turn|4\n|\n|t:|1699798802\n|-end|p1a: Slither Wing|Protosynthesis|[silent]\n|switch|p1a: Gliscor|Gliscor, F|100\/100\n|move|p2a: Palafin|Liquidation|p1b: Skeledirge\n|-supereffective|p1b: Skeledirge\n|-damage|p1b: Skeledirge|8\/100\n|move|p1b: Skeledirge|Will-O-Wisp|p2a: Palafin\n|-status|p2a: Palafin|brn\n|move|p2b: Iron Hands|Wild Charge|p1a: Gliscor\n|-immune|p1a: Gliscor\n|\n|-damage|p2a: Palafin|94\/100 brn|[from] brn\n|-status|p1a: Gliscor|tox|[from] item: Toxic Orb\n|upkeep\n|turn|5\n|\n|t:|1699798820\n|move|p2a: Palafin|Jet Punch|p1a: Gliscor\n|-supereffective|p1a: Gliscor\n|-damage|p1a: Gliscor|67\/100 tox\n|move|p1a: Gliscor|High Horsepower|p2a: Palafin\n|-damage|p2a: Palafin|61\/100 brn\n|move|p1b: Skeledirge|Hex|p2a: Palafin\n|-damage|p2a: Palafin|0 fnt\n|faint|p2a: Palafin\n|move|p2b: Iron Hands|Ice Punch|p1a: Gliscor\n|-supereffective|p1a: Gliscor\n|-damage|p1a: Gliscor|0 fnt\n|faint|p1a: Gliscor\n|\n|upkeep\n|\n|t:|1699798841\n|switch|p2a: Flutter Mane|Flutter Mane|100\/100\n|switch|p1a: Landorus|Landorus-Therian, M|100\/100\n|-ability|p1a: Landorus|Intimidate|boost\n|-unboost|p2a: Flutter Mane|atk|1\n|-unboost|p2b: Iron Hands|atk|1\n|turn|6\n|\n|t:|1699798853\n|move|p1a: Landorus|Rock Slide|p2a: Flutter Mane|[spread] p2a,p2b\n|-resisted|p2b: Iron Hands\n|-damage|p2a: Flutter Mane|71\/100\n|-damage|p2b: Iron Hands|0 fnt\n|faint|p2b: Iron Hands\n|-end|p2b: Iron Hands|Quark Drive|[silent]\n|cant|p2a: Flutter Mane|flinch\n|move|p1b: Skeledirge|Hex|p2a: Flutter Mane\n|-supereffective|p2a: Flutter Mane\n|-damage|p2a: Flutter Mane|0 fnt\n|faint|p2a: Flutter Mane\n|-end|p2a: Flutter Mane|Protosynthesis|[silent]\n|\n|upkeep\n|\n|t:|1699798866\n|switch|p2a: Chi-Yu|Chi-Yu|100\/100\n|switch|p2b: Kommo-o|Kommo-o, M|100\/100\n|-ability|p2a: Chi-Yu|Beads of Ruin\n|turn|7\n|\n|t:|1699798882\n|move|p1a: Landorus|Rock Slide|p2a: Chi-Yu|[spread] \n|-miss|p1a: Landorus|p2a: Chi-Yu\n|-miss|p1a: Landorus|p2b: Kommo-o\n|move|p2a: Chi-Yu|Heat Wave|p1a: Landorus|[spread] p1a,p1b\n|-resisted|p1b: Skeledirge\n|-damage|p1a: Landorus|0 fnt\n|-damage|p1b: Skeledirge|0 fnt\n|faint|p1a: Landorus\n|faint|p1b: Skeledirge\n|move|p2b: Kommo-o|Clanging Scales|p1: Landorus|[notarget]\n|-fail|p2b: Kommo-o\n|\n|upkeep\n|\n|t:|1699798895\n|switch|p1a: Slither Wing|Slither Wing|31\/100\n|turn|8\n|\n|t:|1699798902\n|move|p2a: Chi-Yu|Heat Wave|p1a: Slither Wing\n|-supereffective|p1a: Slither Wing\n|-damage|p1a: Slither Wing|0 fnt\n|faint|p1a: Slither Wing\n|-end|p1a: Slither Wing|Protosynthesis|[silent]\n|\n|win|Duv4\n|raw|matt_Bolo's rating: 1075 &rarr; <strong>1056<\/strong><br \/>(-19 for losing)\n|raw|Duv4's rating: 1114 &rarr; <strong>1136<\/strong><br \/>(+22 for winning)\n|l|\u2606matt_Bolo\n","uploadtime":1699798911,"views":27,"p1id":"mattbolo","p2id":"duv4","formatid":"gen9doublesou","rating":1056,"private":0,"password":""}