{"id":"gen9doublesou-1990838727","p1":"Elite.4.Challenger","p2":"Bugcatcher1045","format":"[Gen 9] Doubles OU","log":"|j|\u2606Elite.4.Challenger\n|j|\u2606Bugcatcher1045\n|t:|1700006155\n|gametype|doubles\n|player|p1|Elite.4.Challenger|koga|1423\n|player|p2|Bugcatcher1045|bugcatcher-gen4dp|1401\n|teamsize|p1|6\n|teamsize|p2|6\n|gen|9\n|tier|[Gen 9] Doubles OU\n|rated|\n|rule|Species Clause: Limit one of each Pok\u00e9mon\n|rule|OHKO Clause: OHKO moves are banned\n|rule|Evasion Moves Clause: Evasion moves are banned\n|rule|Gravity Sleep Clause: The combination of sleep-inducing moves with imperfect accuracy and Gravity or Gigantamax Orbeetle are banned\n|rule|Endless Battle Clause: Forcing endless battles is banned\n|rule|HP Percentage Mod: HP is shown in percentages\n|clearpoke\n|poke|p1|Zapdos|\n|poke|p1|Grimmsnarl, M|\n|poke|p1|Basculegion-F, F|\n|poke|p1|Goodra-Hisui, F|\n|poke|p1|Politoed, M|\n|poke|p1|Toxicroak, F|\n|poke|p2|Glimmora, M|\n|poke|p2|Torkoal, L99, F|\n|poke|p2|Leafeon, M|\n|poke|p2|Sandy Shocks|\n|poke|p2|Tyranitar, M|\n|poke|p2|Hatterene, F|\n|teampreview\n|j| DeeGaming\n|\n|t:|1700006162\n|start\n|switch|p1a: Michael Phelps|Basculegion-F, F|100\/100\n|switch|p1b: Gollum|Grimmsnarl, M|100\/100\n|switch|p2a: Glimmora|Glimmora, M|100\/100\n|switch|p2b: Sandy Shocks|Sandy Shocks|100\/100\n|turn|1\n|inactive|Battle timer is ON: inactive players will automatically lose when time's up. (requested by Bugcatcher1045)\n|l| DeeGaming\n|\n|t:|1700006185\n|move|p1b: Gollum|Parting Shot|p2b: Sandy Shocks\n|-unboost|p2b: Sandy Shocks|atk|1\n|-unboost|p2b: Sandy Shocks|spa|1\n|\n|t:|1700006188\n|switch|p1b: Kermit the Frog|Politoed, M|100\/100|[from] Parting Shot\n|-weather|RainDance|[from] ability: Drizzle|[of] p1b: Kermit the Frog\n|move|p1a: Michael Phelps|Surf|p2b: Sandy Shocks|[spread] p1b,p2a,p2b\n|-resisted|p1b: Kermit the Frog\n|-supereffective|p2a: Glimmora\n|-supereffective|p2b: Sandy Shocks\n|-damage|p1b: Kermit the Frog|76\/100\n|-damage|p2a: Glimmora|0 fnt\n|-damage|p2b: Sandy Shocks|0 fnt\n|faint|p2a: Glimmora\n|faint|p2b: Sandy Shocks\n|-end|p2b: Sandy Shocks|Protosynthesis|[silent]\n|-enditem|p1b: Kermit the Frog|Eject Button\n|\n|t:|1700006199\n|switch|p1b: Kermit the Dawg|Toxicroak, F|100\/100\n|\n|-weather|RainDance|[upkeep]\n|upkeep\n|\n|t:|1700006210\n|switch|p2b: Hat King|Hatterene, F|100\/100\n|switch|p2a: Cole|Torkoal, L99, F|100\/100\n|-weather|SunnyDay|[from] ability: Drought|[of] p2a: Cole\n|turn|2\n|\n|t:|1700006233\n|switch|p1b: Kermit the Frog|Politoed, M|76\/100\n|-weather|RainDance|[from] ability: Drizzle|[of] p1b: Kermit the Frog\n|switch|p2a: Tyranitar|Tyranitar, M|100\/100\n|-weather|Sandstorm|[from] ability: Sand Stream|[of] p2a: Tyranitar\n|-terastallize|p2b: Hat King|Normal\n|move|p1a: Michael Phelps|Surf|p2b: Hat King|[spread] p1b,p2a,p2b\n|-resisted|p1b: Kermit the Frog\n|-supereffective|p2a: Tyranitar\n|-damage|p1b: Kermit the Frog|61\/100\n|-damage|p2a: Tyranitar|47\/100\n|-damage|p2b: Hat King|57\/100\n|move|p2b: Hat King|Trick Room|p2b: Hat King\n|-fieldstart|move: Trick Room|[of] p2b: Hat King\n|\n|-weather|Sandstorm|[upkeep]\n|-damage|p2b: Hat King|51\/100|[from] Sandstorm\n|-damage|p1b: Kermit the Frog|55\/100|[from] Sandstorm\n|-damage|p1a: Michael Phelps|94\/100|[from] Sandstorm\n|-heal|p2a: Tyranitar|53\/100|[from] item: Leftovers\n|upkeep\n|turn|3\n|\n|t:|1700006255\n|switch|p1b: Gollum|Grimmsnarl, M|100\/100\n|switch|p1a: James Murray|Goodra-Hisui, F|100\/100\n|move|p2b: Hat King|Calm Mind|p2b: Hat King\n|-boost|p2b: Hat King|spa|1\n|-boost|p2b: Hat King|spd|1\n|move|p2a: Tyranitar|Crunch|p1a: James Murray\n|-damage|p1a: James Murray|60\/100\n|\n|-weather|Sandstorm|[upkeep]\n|-damage|p2b: Hat King|45\/100|[from] Sandstorm\n|-damage|p1b: Gollum|94\/100|[from] Sandstorm\n|-heal|p2a: Tyranitar|59\/100|[from] item: Leftovers\n|upkeep\n|turn|4\n|\n|t:|1700006273\n|move|p1b: Gollum|Fake Out|p2a: Tyranitar\n|-resisted|p2a: Tyranitar\n|-damage|p2a: Tyranitar|54\/100\n|move|p2b: Hat King|Dazzling Gleam|p1b: Gollum|[spread] p1a,p1b\n|-supereffective|p1b: Gollum\n|-damage|p1a: James Murray|35\/100\n|-damage|p1b: Gollum|0 fnt\n|faint|p1b: Gollum\n|cant|p2a: Tyranitar|flinch\n|move|p1a: James Murray|Flash Cannon|p2b: Hat King\n|-damage|p2b: Hat King|23\/100\n|\n|-weather|Sandstorm|[upkeep]\n|-damage|p2b: Hat King|17\/100|[from] Sandstorm\n|-heal|p2a: Tyranitar|60\/100|[from] item: Leftovers\n|upkeep\n|j| bananaszn\n|inactive|Elite.4.Challenger has 120 seconds left.\n|\n|t:|1700006294\n|switch|p1b: Kermit the Frog|Politoed, M|55\/100\n|-weather|RainDance|[from] ability: Drizzle|[of] p1b: Kermit the Frog\n|turn|5\n|c| bananaszn|yoo\n|c| bananaszn|back\n|c| bananaszn|i got footage of the team\n|\n|t:|1700006305\n|move|p1b: Kermit the Frog|Protect|p1b: Kermit the Frog\n|-singleturn|p1b: Kermit the Frog|Protect\n|move|p2b: Hat King|Dazzling Gleam|p1a: James Murray|[spread] p1a\n|-activate|p1b: Kermit the Frog|move: Protect\n|-damage|p1a: James Murray|12\/100\n|-enditem|p1a: James Murray|Iapapa Berry|[eat]\n|-heal|p1a: James Murray|46\/100|[from] item: Iapapa Berry\n|move|p2a: Tyranitar|Crunch|p1a: James Murray\n|-damage|p1a: James Murray|3\/100\n|-unboost|p1a: James Murray|def|1\n|move|p1a: James Murray|Dragon Tail|p2b: Hat King\n|-damage|p2b: Hat King|0 fnt\n|-damage|p1a: James Murray|0 fnt|[from] item: Rocky Helmet|[of] p2b: Hat King\n|faint|p2b: Hat King\n|faint|p1a: James Murray\n|\n|-weather|RainDance|[upkeep]\n|-heal|p2a: Tyranitar|67\/100|[from] item: Leftovers\n|upkeep\n|c| bananaszn|its pretty nice\n|\n|t:|1700006327\n|switch|p2b: Cole|Torkoal, L99, F|100\/100\n|switch|p1a: Big Bird|Zapdos|100\/100\n|-weather|SunnyDay|[from] ability: Drought|[of] p2b: Cole\n|turn|6\n|\n|t:|1700006346\n|switch|p2a: Leafeon|Leafeon, M|100\/100\n|switch|p1b: Kermit the Dawg|Toxicroak, F|100\/100\n|move|p2b: Cole|Eruption|p1a: Big Bird|[spread] p1a,p1b\n|-enditem|p1a: Big Bird|Focus Sash\n|-damage|p1a: Big Bird|1\/100\n|-damage|p1b: Kermit the Dawg|0 fnt\n|faint|p1b: Kermit the Dawg\n|move|p1a: Big Bird|Volt Switch|p2b: Cole\n|-damage|p2b: Cole|49\/100\n|\n|t:|1700006366\n|switch|p1a: Michael Phelps|Basculegion-F, F|94\/100|[from] Volt Switch\n|\n|-weather|SunnyDay|[upkeep]\n|-fieldend|move: Trick Room\n|upkeep\n|\n|t:|1700006372\n|switch|p1b: Big Bird|Zapdos|1\/100\n|turn|7\n|\n|t:|1700006388\n|switch|p1b: Kermit the Frog|Politoed, M|55\/100\n|-weather|RainDance|[from] ability: Drizzle|[of] p1b: Kermit the Frog\n|switch|p2b: Tyranitar|Tyranitar, M|67\/100\n|-weather|Sandstorm|[from] ability: Sand Stream|[of] p2b: Tyranitar\n|move|p2a: Leafeon|Leaf Blade|p1a: Michael Phelps\n|-supereffective|p1a: Michael Phelps\n|-crit|p1a: Michael Phelps\n|-damage|p1a: Michael Phelps|0 fnt\n|faint|p1a: Michael Phelps\n|-damage|p2a: Leafeon|91\/100|[from] item: Life Orb\n|\n|-weather|Sandstorm|[upkeep]\n|-damage|p2a: Leafeon|85\/100|[from] Sandstorm\n|-damage|p1b: Kermit the Frog|49\/100|[from] Sandstorm\n|-heal|p2b: Tyranitar|73\/100|[from] item: Leftovers\n|upkeep\n|\n|t:|1700006400\n|switch|p1a: Big Bird|Zapdos|1\/100\n|turn|8\n|\n|t:|1700006419\n|move|p2a: Leafeon|Quick Attack|p1a: Big Bird\n|-damage|p1a: Big Bird|0 fnt\n|-status|p2a: Leafeon|par|[from] ability: Static|[of] p1a: Big Bird\n|faint|p1a: Big Bird\n|-damage|p2a: Leafeon|75\/100 par|[from] item: Life Orb\n|move|p1b: Kermit the Frog|Icy Wind|p2b: Tyranitar|[spread] p2a,p2b\n|-supereffective|p2a: Leafeon\n|-damage|p2a: Leafeon|41\/100 par\n|-damage|p2b: Tyranitar|68\/100\n|-unboost|p2a: Leafeon|spe|1\n|-unboost|p2b: Tyranitar|spe|1\n|move|p2b: Tyranitar|Crunch|p1b: Kermit the Frog\n|-damage|p1b: Kermit the Frog|1\/100\n|\n|-weather|Sandstorm|[upkeep]\n|-damage|p1b: Kermit the Frog|0 fnt|[from] Sandstorm\n|-damage|p2a: Leafeon|36\/100 par|[from] Sandstorm\n|faint|p1b: Kermit the Frog\n|\n|win|Bugcatcher1045\n|upkeep\n|raw|Elite.4.Challenger's rating: 1423 &rarr; <strong>1402<\/strong><br \/>(-21 for losing)\n|raw|Bugcatcher1045's rating: 1401 &rarr; <strong>1422<\/strong><br \/>(+21 for winning)\n|c|\u2606Bugcatcher1045|gg, fun weather war\n|l|\u2606Elite.4.Challenger\n|l| bananaszn\n","uploadtime":1700006574,"views":15,"p1id":"elite4challenger","p2id":"bugcatcher1045","formatid":"gen9doublesou","rating":1402,"private":0,"password":""}