{"id":"gen9doublesou-1990076048","p1":"MKGoddy","p2":"LordSandaime","format":"[Gen 9] Doubles OU","log":"|j|\u2606MKGoddy\n|j|\u2606LordSandaime\n|t:|1699921954\n|gametype|doubles\n|player|p1|MKGoddy|cyrus|1419\n|player|p2|LordSandaime|alder|1631\n|teamsize|p1|6\n|teamsize|p2|6\n|gen|9\n|tier|[Gen 9] Doubles OU\n|rated|\n|rule|Species Clause: Limit one of each Pok\u00e9mon\n|rule|OHKO Clause: OHKO moves are banned\n|rule|Evasion Moves Clause: Evasion moves are banned\n|rule|Gravity Sleep Clause: The combination of sleep-inducing moves with imperfect accuracy and Gravity or Gigantamax Orbeetle are banned\n|rule|Endless Battle Clause: Forcing endless battles is banned\n|rule|HP Percentage Mod: HP is shown in percentages\n|clearpoke\n|poke|p1|Ninetales-Alola, F|\n|poke|p1|Arcanine-Hisui, F|\n|poke|p1|Sinistcha|\n|poke|p1|Iron Hands|\n|poke|p1|Baxcalibur, M|\n|poke|p1|Cresselia, F|\n|poke|p2|Kommo-o, M|\n|poke|p2|Volcarona, M|\n|poke|p2|Rillaboom, M|\n|poke|p2|Farigiraf, M|\n|poke|p2|Gholdengo|\n|poke|p2|Azumarill, M|\n|teampreview\n|inactive|Battle timer is ON: inactive players will automatically lose when time's up. (requested by LordSandaime)\n|inactive|MKGoddy also wants the timer to be on.\n|inactive|MKGoddy has 120 seconds left.\n|\n|t:|1699921992\n|start\n|switch|p1a: Arcanine|Arcanine-Hisui, F|100\/100\n|switch|p1b: Iron Hands|Iron Hands|100\/100\n|switch|p2a: Gholdengo|Gholdengo|100\/100\n|switch|p2b: Rillaboom|Rillaboom, M, shiny|100\/100\n|-ability|p1a: Arcanine|Intimidate|boost\n|-unboost|p2a: Gholdengo|atk|1\n|-unboost|p2b: Rillaboom|atk|1\n|-fieldstart|move: Grassy Terrain|[from] ability: Grassy Surge|[of] p2b: Rillaboom\n|turn|1\n|\n|t:|1699922016\n|move|p2b: Rillaboom|Fake Out|p1a: Arcanine\n|-resisted|p1a: Arcanine\n|-damage|p1a: Arcanine|95\/100\n|move|p1b: Iron Hands|Fake Out|p2b: Rillaboom\n|-damage|p2b: Rillaboom|82\/100\n|cant|p1a: Arcanine|flinch\n|move|p2a: Gholdengo|Shadow Ball|p1b: Iron Hands\n|-damage|p1b: Iron Hands|73\/100\n|-unboost|p1b: Iron Hands|spd|1\n|\n|-heal|p1a: Arcanine|100\/100|[from] Grassy Terrain\n|-heal|p2b: Rillaboom|88\/100|[from] Grassy Terrain\n|-heal|p1b: Iron Hands|79\/100|[from] Grassy Terrain\n|upkeep\n|turn|2\n|\n|t:|1699922038\n|switch|p2a: Kommo-o|Kommo-o, M|100\/100\n|switch|p2b: Farigiraf|Farigiraf, M|100\/100\n|move|p1a: Arcanine|Flare Blitz|p2a: Kommo-o\n|-resisted|p2a: Kommo-o\n|-damage|p2a: Kommo-o|72\/100\n|-damage|p1a: Arcanine|92\/100|[from] Recoil\n|move|p1b: Iron Hands|Drain Punch|p2b: Farigiraf\n|-damage|p2b: Farigiraf|52\/100\n|-heal|p1b: Iron Hands|99\/100|[from] drain|[of] p2b: Farigiraf\n|\n|-heal|p1a: Arcanine|98\/100|[from] Grassy Terrain\n|-heal|p2a: Kommo-o|78\/100|[from] Grassy Terrain\n|-heal|p2a: Kommo-o|84\/100|[from] item: Leftovers\n|-heal|p2b: Farigiraf|58\/100|[from] Grassy Terrain\n|-heal|p1b: Iron Hands|100\/100|[from] Grassy Terrain\n|upkeep\n|turn|3\n|\n|t:|1699922061\n|-end|p1b: Iron Hands|Quark Drive|[silent]\n|switch|p1b: Cresselia|Cresselia, F|100\/100\n|move|p1a: Arcanine|Flare Blitz|p2b: Farigiraf\n|-damage|p2b: Farigiraf|3\/100\n|-enditem|p2b: Farigiraf|Aguav Berry|[eat]\n|-heal|p2b: Farigiraf|37\/100|[from] item: Aguav Berry\n|-damage|p1a: Arcanine|74\/100|[from] Recoil\n|move|p2a: Kommo-o|Clangorous Soul|p2a: Kommo-o\n|-boost|p2a: Kommo-o|atk|1\n|-boost|p2a: Kommo-o|def|1\n|-boost|p2a: Kommo-o|spa|1\n|-boost|p2a: Kommo-o|spd|1\n|-boost|p2a: Kommo-o|spe|1\n|-damage|p2a: Kommo-o|51\/100\n|move|p2b: Farigiraf|Psychic|p1b: Cresselia\n|-resisted|p1b: Cresselia\n|-damage|p1b: Cresselia|85\/100\n|\n|-heal|p1a: Arcanine|80\/100|[from] Grassy Terrain\n|-heal|p2a: Kommo-o|57\/100|[from] Grassy Terrain\n|-heal|p2a: Kommo-o|63\/100|[from] item: Leftovers\n|-heal|p1b: Cresselia|91\/100|[from] item: Leftovers\n|-heal|p2b: Farigiraf|43\/100|[from] Grassy Terrain\n|upkeep\n|turn|4\n|\n|t:|1699922088\n|-terastallize|p2a: Kommo-o|Fire\n|move|p1a: Arcanine|Flare Blitz|p2b: Farigiraf\n|-damage|p2b: Farigiraf|0 fnt\n|faint|p2b: Farigiraf\n|-damage|p1a: Arcanine|61\/100|[from] Recoil\n|move|p2a: Kommo-o|Clangorous Soul|p2a: Kommo-o\n|-boost|p2a: Kommo-o|atk|1\n|-boost|p2a: Kommo-o|def|1\n|-boost|p2a: Kommo-o|spa|1\n|-boost|p2a: Kommo-o|spd|1\n|-boost|p2a: Kommo-o|spe|1\n|-damage|p2a: Kommo-o|30\/100\n|move|p1b: Cresselia|Icy Wind|p2a: Kommo-o\n|-resisted|p2a: Kommo-o\n|-damage|p2a: Kommo-o|26\/100\n|-unboost|p2a: Kommo-o|spe|1\n|\n|-heal|p1a: Arcanine|67\/100|[from] Grassy Terrain\n|-heal|p2a: Kommo-o|32\/100|[from] Grassy Terrain\n|-heal|p2a: Kommo-o|38\/100|[from] item: Leftovers\n|-heal|p1b: Cresselia|97\/100|[from] item: Leftovers\n|upkeep\n|\n|t:|1699922104\n|switch|p2b: Rillaboom|Rillaboom, M, shiny|88\/100\n|turn|5\n|\n|t:|1699922128\n|move|p2b: Rillaboom|Fake Out|p1b: Cresselia\n|-damage|p1b: Cresselia|87\/100\n|move|p1a: Arcanine|Flare Blitz|p2b: Rillaboom\n|-supereffective|p2b: Rillaboom\n|-damage|p2b: Rillaboom|0 fnt\n|faint|p2b: Rillaboom\n|-damage|p1a: Arcanine|37\/100|[from] Recoil\n|move|p2a: Kommo-o|Drain Punch|p1a: Arcanine\n|-supereffective|p1a: Arcanine\n|-damage|p1a: Arcanine|0 fnt\n|-heal|p2a: Kommo-o|59\/100|[from] drain|[of] p1a: Arcanine\n|faint|p1a: Arcanine\n|cant|p1b: Cresselia|flinch\n|\n|-heal|p2a: Kommo-o|65\/100|[from] Grassy Terrain\n|-heal|p2a: Kommo-o|72\/100|[from] item: Leftovers\n|-heal|p1b: Cresselia|93\/100|[from] item: Leftovers\n|-fieldend|move: Grassy Terrain\n|upkeep\n|\n|t:|1699922154\n|switch|p1a: Iron Hands|Iron Hands|100\/100\n|switch|p2b: Gholdengo|Gholdengo|100\/100\n|turn|6\n|\n|t:|1699922179\n|move|p1a: Iron Hands|Fake Out|p2a: Kommo-o\n|-damage|p2a: Kommo-o|64\/100\n|cant|p2a: Kommo-o|flinch\n|move|p2b: Gholdengo|Trick|p1b: Cresselia\n|-activate|p2b: Gholdengo|move: Trick|[of] p1b: Cresselia\n|-item|p1b: Cresselia|Choice Scarf|[from] move: Trick\n|-item|p2b: Gholdengo|Leftovers|[from] move: Trick\n|move|p1b: Cresselia|Icy Wind|p2a: Kommo-o|[spread] p2a,p2b\n|-resisted|p2a: Kommo-o\n|-resisted|p2b: Gholdengo\n|-damage|p2a: Kommo-o|61\/100\n|-damage|p2b: Gholdengo|94\/100\n|-unboost|p2a: Kommo-o|spe|1\n|-unboost|p2b: Gholdengo|spe|1\n|\n|-heal|p2a: Kommo-o|67\/100|[from] item: Leftovers\n|-heal|p2b: Gholdengo|99\/100|[from] item: Leftovers\n|upkeep\n|turn|7\n|\n|t:|1699922197\n|move|p1b: Cresselia|Icy Wind|p2b: Gholdengo|[spread] p2a,p2b\n|-resisted|p2a: Kommo-o\n|-resisted|p2b: Gholdengo\n|-damage|p2a: Kommo-o|64\/100\n|-damage|p2b: Gholdengo|93\/100\n|-unboost|p2a: Kommo-o|spe|1\n|-unboost|p2b: Gholdengo|spe|1\n|move|p2a: Kommo-o|Clangorous Soul|p2a: Kommo-o\n|-boost|p2a: Kommo-o|atk|1\n|-boost|p2a: Kommo-o|def|1\n|-boost|p2a: Kommo-o|spa|1\n|-boost|p2a: Kommo-o|spd|1\n|-boost|p2a: Kommo-o|spe|1\n|-damage|p2a: Kommo-o|31\/100\n|move|p2b: Gholdengo|Shadow Ball|p1a: Iron Hands\n|-damage|p1a: Iron Hands|75\/100\n|move|p1a: Iron Hands|Drain Punch|p2a: Kommo-o\n|-damage|p2a: Kommo-o|14\/100\n|-heal|p1a: Iron Hands|80\/100|[from] drain|[of] p2a: Kommo-o\n|\n|-heal|p2a: Kommo-o|20\/100|[from] item: Leftovers\n|-heal|p2b: Gholdengo|99\/100|[from] item: Leftovers\n|upkeep\n|turn|8\n|\n|t:|1699922220\n|switch|p2b: Volcarona|Volcarona, M|100\/100\n|move|p1b: Cresselia|Icy Wind|p2b: Volcarona|[spread] p2a,p2b\n|-resisted|p2a: Kommo-o\n|-resisted|p2b: Volcarona\n|-damage|p2a: Kommo-o|18\/100\n|-damage|p2b: Volcarona|94\/100\n|-unboost|p2a: Kommo-o|spe|1\n|-unboost|p2b: Volcarona|spe|1\n|move|p2a: Kommo-o|Drain Punch|p1a: Iron Hands\n|-damage|p1a: Iron Hands|33\/100\n|-heal|p2a: Kommo-o|59\/100|[from] drain|[of] p1a: Iron Hands\n|move|p1a: Iron Hands|Drain Punch|p2a: Kommo-o\n|-damage|p2a: Kommo-o|42\/100\n|-heal|p1a: Iron Hands|38\/100|[from] drain|[of] p2a: Kommo-o\n|\n|-heal|p2a: Kommo-o|48\/100|[from] item: Leftovers\n|upkeep\n|turn|9\n|inactive|MKGoddy has 120 seconds left.\n|\n|t:|1699922259\n|switch|p1b: Baxcalibur|Baxcalibur, M|100\/100\n|switch|p2b: Gholdengo|Gholdengo|99\/100\n|-end|p1a: Iron Hands|Quark Drive|[silent]\n|switch|p1a: Sinistcha|Sinistcha|100\/100\n|move|p2a: Kommo-o|Drain Punch|p1a: Sinistcha\n|-immune|p1a: Sinistcha\n|\n|-heal|p2b: Gholdengo|100\/100|[from] item: Leftovers\n|-heal|p2a: Kommo-o|54\/100|[from] item: Leftovers\n|upkeep\n|turn|10\n|inactive|MKGoddy has 120 seconds left.\n|\n|t:|1699922301\n|-terastallize|p1b: Baxcalibur|Fairy\n|move|p1a: Sinistcha|Protect|p1a: Sinistcha\n|-singleturn|p1a: Sinistcha|Protect\n|move|p2b: Gholdengo|Make It Rain|p1a: Sinistcha|[spread] p1b\n|-activate|p1a: Sinistcha|move: Protect\n|-supereffective|p1b: Baxcalibur\n|-damage|p1b: Baxcalibur|0 fnt\n|-unboost|p2b: Gholdengo|spa|1\n|faint|p1b: Baxcalibur\n|move|p2a: Kommo-o|Clanging Scales|p1a: Sinistcha\n|-activate|p1a: Sinistcha|move: Protect\n|\n|-heal|p2a: Kommo-o|61\/100|[from] item: Leftovers\n|upkeep\n|inactive|MKGoddy has 90 seconds left.\n|\n|t:|1699922318\n|switch|p1b: Iron Hands|Iron Hands|38\/100\n|turn|11\n|\n|t:|1699922327\n|move|p1b: Iron Hands|Fake Out|p2a: Kommo-o\n|-crit|p2a: Kommo-o\n|-damage|p2a: Kommo-o|36\/100\n|move|p2b: Gholdengo|Shadow Ball|p1b: Iron Hands\n|-damage|p1b: Iron Hands|20\/100\n|cant|p2a: Kommo-o|flinch\n|move|p1a: Sinistcha|Shadow Ball|p2b: Gholdengo\n|-supereffective|p2b: Gholdengo\n|-damage|p2b: Gholdengo|26\/100\n|\n|-heal|p2b: Gholdengo|32\/100|[from] item: Leftovers\n|-heal|p2a: Kommo-o|42\/100|[from] item: Leftovers\n|upkeep\n|turn|12\n|inactive|MKGoddy has 120 seconds left.\n|\n|t:|1699922347\n|move|p1a: Sinistcha|Rage Powder|p1a: Sinistcha\n|-singleturn|p1a: Sinistcha|move: Rage Powder\n|move|p2b: Gholdengo|Shadow Ball|p1a: Sinistcha\n|-supereffective|p1a: Sinistcha\n|-damage|p1a: Sinistcha|32\/100\n|move|p2a: Kommo-o|Drain Punch|p1a: Sinistcha\n|-immune|p1a: Sinistcha\n|move|p1b: Iron Hands|Drain Punch|p2a: Kommo-o\n|-damage|p2a: Kommo-o|25\/100\n|-heal|p1b: Iron Hands|25\/100|[from] drain|[of] p2a: Kommo-o\n|\n|-heal|p2b: Gholdengo|38\/100|[from] item: Leftovers\n|-heal|p2a: Kommo-o|31\/100|[from] item: Leftovers\n|-heal|p1a: Sinistcha|38\/100|[from] item: Leftovers\n|upkeep\n|turn|13\n|inactive|MKGoddy has 120 seconds left.\n|\n|t:|1699922368\n|switch|p1a: Ninetales|Ninetales-Alola, F|100\/100\n|-weather|Snow|[from] ability: Snow Warning|[of] p1a: Ninetales\n|-end|p1b: Iron Hands|Quark Drive|[silent]\n|switch|p1b: Cresselia|Cresselia, F|93\/100\n|move|p2b: Gholdengo|Shadow Ball|p1a: Ninetales\n|-damage|p1a: Ninetales|70\/100\n|move|p2a: Kommo-o|Drain Punch|p1b: Cresselia\n|-resisted|p1b: Cresselia\n|-damage|p1b: Cresselia|67\/100\n|-heal|p2a: Kommo-o|51\/100|[from] drain|[of] p1b: Cresselia\n|\n|-weather|Snow|[upkeep]\n|-heal|p2b: Gholdengo|44\/100|[from] item: Leftovers\n|-heal|p2a: Kommo-o|58\/100|[from] item: Leftovers\n|upkeep\n|turn|14\n|inactive|MKGoddy has 120 seconds left.\n|\n|t:|1699922402\n|move|p1b: Cresselia|Psychic|p2a: Kommo-o\n|-damage|p2a: Kommo-o|38\/100\n|move|p2b: Gholdengo|Make It Rain|p1a: Ninetales|[spread] p1a,p1b\n|-supereffective|p1a: Ninetales\n|-damage|p1a: Ninetales|0 fnt\n|-damage|p1b: Cresselia|46\/100\n|-unboost|p2b: Gholdengo|spa|1\n|faint|p1a: Ninetales\n|move|p2a: Kommo-o|Flamethrower|p1b: Cresselia\n|-damage|p1b: Cresselia|0 fnt\n|faint|p1b: Cresselia\n|\n|-weather|Snow|[upkeep]\n|-heal|p2b: Gholdengo|50\/100|[from] item: Leftovers\n|-heal|p2a: Kommo-o|44\/100|[from] item: Leftovers\n|upkeep\n|c|\u2606MKGoddy|gg\n|-message|MKGoddy forfeited.\n|\n|win|LordSandaime\n|raw|MKGoddy's rating: 1419 &rarr; <strong>1410<\/strong><br \/>(-9 for losing)\n|raw|LordSandaime's rating: 1631 &rarr; <strong>1640<\/strong><br \/>(+9 for winning)\n|l|\u2606MKGoddy\n","uploadtime":1699922429,"views":8,"p1id":"mkgoddy","p2id":"lordsandaime","formatid":"gen9doublesou","rating":1410,"private":0,"password":""}