{"id":"gen9doublesou-1983282212","p1":"Black_Kamui9","p2":"Poiu0090","format":"[Gen 9] Doubles OU","log":"|j|\u2606Black_Kamui9\n|j|\u2606Poiu0090\n|t:|1699113854\n|gametype|doubles\n|player|p1|Black_Kamui9|ingo|1216\n|player|p2|Poiu0090|volkner|1356\n|teamsize|p1|6\n|teamsize|p2|6\n|gen|9\n|tier|[Gen 9] Doubles OU\n|rated|\n|rule|Species Clause: Limit one of each Pok\u00e9mon\n|rule|OHKO Clause: OHKO moves are banned\n|rule|Evasion Moves Clause: Evasion moves are banned\n|rule|Gravity Sleep Clause: The combination of sleep-inducing moves with imperfect accuracy and Gravity or Gigantamax Orbeetle are banned\n|rule|Endless Battle Clause: Forcing endless battles is banned\n|rule|HP Percentage Mod: HP is shown in percentages\n|clearpoke\n|poke|p1|Volcanion|\n|poke|p1|Ting-Lu|\n|poke|p1|Ogerpon-Wellspring, F|\n|poke|p1|Farigiraf, F|\n|poke|p1|Chien-Pao|\n|poke|p1|Okidogi, M|\n|poke|p2|Cresselia, F|\n|poke|p2|Arcanine, M|\n|poke|p2|Goodra-Hisui, F|\n|poke|p2|Ninetales-Alola, F|\n|poke|p2|Azumarill, F|\n|poke|p2|Salamence, M|\n|teampreview\n|\n|t:|1699113867\n|start\n|switch|p1a: Ting-Lu|Ting-Lu|100\/100\n|switch|p1b: Farigiraf|Farigiraf, F|100\/100\n|switch|p2a: Goodra|Goodra-Hisui, F|100\/100\n|switch|p2b: Azumarill|Azumarill, F|100\/100\n|-ability|p1a: Ting-Lu|Vessel of Ruin\n|turn|1\n|\n|t:|1699113895\n|switch|p2a: Salamence|Salamence, M|100\/100\n|-ability|p2a: Salamence|Intimidate|boost\n|-unboost|p1a: Ting-Lu|atk|1\n|-unboost|p1b: Farigiraf|atk|1\n|move|p1b: Farigiraf|Psyshock|p2b: Azumarill\n|-damage|p2b: Azumarill|72\/100\n|move|p2b: Azumarill|Knock Off|p1b: Farigiraf\n|-supereffective|p1b: Farigiraf\n|-damage|p1b: Farigiraf|76\/100\n|-enditem|p1b: Farigiraf|Covert Cloak|[from] move: Knock Off|[of] p2b: Azumarill\n|move|p1a: Ting-Lu|Stealth Rock|p2b: Azumarill\n|-sidestart|p2: Poiu0090|move: Stealth Rock\n|\n|-heal|p2b: Azumarill|78\/100|[from] item: Leftovers\n|upkeep\n|turn|2\n|\n|t:|1699113919\n|move|p2b: Azumarill|Helping Hand|p2a: Salamence\n|-singleturn|p2a: Salamence|Helping Hand|[of] p2b: Azumarill\n|move|p2a: Salamence|Rock Slide|p1b: Farigiraf|[spread] p1a,p1b\n|-resisted|p1a: Ting-Lu\n|-damage|p1a: Ting-Lu|92\/100\n|-damage|p1b: Farigiraf|35\/100\n|-damage|p2a: Salamence|91\/100|[from] item: Life Orb\n|cant|p1b: Farigiraf|flinch\n|move|p1a: Ting-Lu|Whirlwind|p2a: Salamence\n|drag|p2a: Ninetales|Ninetales-Alola, F|100\/100\n|-damage|p2a: Ninetales|76\/100|[from] Stealth Rock\n|-weather|Snow|[from] ability: Snow Warning|[of] p2a: Ninetales\n|\n|-weather|Snow|[upkeep]\n|-heal|p2b: Azumarill|84\/100|[from] item: Leftovers\n|-heal|p1a: Ting-Lu|98\/100|[from] item: Leftovers\n|upkeep\n|turn|3\n|\n|t:|1699113944\n|move|p2b: Azumarill|Helping Hand|p2a: Ninetales\n|-singleturn|p2a: Ninetales|Helping Hand|[of] p2b: Azumarill\n|move|p2a: Ninetales|Blizzard|p1b: Farigiraf|[spread] p1a,p1b\n|-supereffective|p1a: Ting-Lu\n|-damage|p1a: Ting-Lu|45\/100\n|-damage|p1b: Farigiraf|0 fnt\n|faint|p1b: Farigiraf\n|move|p1a: Ting-Lu|Body Press|p2a: Ninetales\n|-damage|p2a: Ninetales|49\/100\n|\n|-weather|Snow|[upkeep]\n|-heal|p2b: Azumarill|91\/100|[from] item: Leftovers\n|-heal|p1a: Ting-Lu|51\/100|[from] item: Leftovers\n|upkeep\n|\n|t:|1699113958\n|switch|p1b: Volcanion|Volcanion|100\/100\n|turn|4\n|\n|t:|1699113968\n|move|p2a: Ninetales|Aurora Veil|p2a: Ninetales\n|-sidestart|p2: Poiu0090|move: Aurora Veil\n|move|p1b: Volcanion|Heat Wave|p2a: Ninetales|[spread] p2a,p2b\n|-supereffective|p2a: Ninetales\n|-resisted|p2b: Azumarill\n|-damage|p2a: Ninetales|5\/100\n|-damage|p2b: Azumarill|84\/100\n|move|p2b: Azumarill|Knock Off|p1b: Volcanion\n|-damage|p1b: Volcanion|90\/100\n|-enditem|p1b: Volcanion|Assault Vest|[from] move: Knock Off|[of] p2b: Azumarill\n|move|p1a: Ting-Lu|Body Press|p2a: Ninetales\n|-damage|p2a: Ninetales|0 fnt\n|faint|p2a: Ninetales\n|\n|-weather|Snow|[upkeep]\n|-heal|p2b: Azumarill|90\/100|[from] item: Leftovers\n|-heal|p1a: Ting-Lu|57\/100|[from] item: Leftovers\n|upkeep\n|\n|t:|1699113988\n|switch|p2a: Salamence|Salamence, M|91\/100\n|-damage|p2a: Salamence|66\/100|[from] Stealth Rock\n|-ability|p2a: Salamence|Intimidate|boost\n|-unboost|p1a: Ting-Lu|atk|1\n|-unboost|p1b: Volcanion|atk|1\n|turn|5\n|\n|t:|1699114001\n|-terastallize|p1b: Volcanion|Fire\n|move|p2b: Azumarill|Helping Hand|p2a: Salamence\n|-singleturn|p2a: Salamence|Helping Hand|[of] p2b: Azumarill\n|move|p2a: Salamence|Earthquake|p1a: Ting-Lu|[spread] p2b,p1a,p1b\n|-supereffective|p1b: Volcanion\n|-damage|p2b: Azumarill|55\/100\n|-damage|p1a: Ting-Lu|35\/100\n|-damage|p1b: Volcanion|7\/100\n|-damage|p2a: Salamence|56\/100|[from] item: Life Orb\n|move|p1b: Volcanion|Heat Wave|p2b: Azumarill|[spread] p2a,p2b\n|-resisted|p2a: Salamence\n|-resisted|p2b: Azumarill\n|-damage|p2a: Salamence|40\/100\n|-damage|p2b: Azumarill|45\/100\n|move|p1a: Ting-Lu|Ruination|p2a: Salamence\n|-damage|p2a: Salamence|20\/100\n|\n|-weather|Snow|[upkeep]\n|-heal|p2b: Azumarill|51\/100|[from] item: Leftovers\n|-heal|p1a: Ting-Lu|42\/100|[from] item: Leftovers\n|upkeep\n|turn|6\n|\n|t:|1699114033\n|switch|p1b: Ogerpon|Ogerpon-Wellspring, F|100\/100\n|switch|p2b: Cresselia|Cresselia, F|100\/100\n|-damage|p2b: Cresselia|88\/100|[from] Stealth Rock\n|move|p2a: Salamence|Earthquake|p1b: Ogerpon|[spread] p1a,p1b\n|-immune|p2b: Cresselia|[from] ability: Levitate\n|-crit|p1a: Ting-Lu\n|-resisted|p1b: Ogerpon\n|-damage|p1a: Ting-Lu|21\/100\n|-damage|p1b: Ogerpon|81\/100\n|-damage|p2a: Salamence|10\/100|[from] item: Life Orb\n|move|p1a: Ting-Lu|Whirlwind|p2a: Salamence\n|drag|p2a: Arcanine|Arcanine, M|100\/100\n|-damage|p2a: Arcanine|75\/100|[from] Stealth Rock\n|-ability|p2a: Arcanine|Intimidate|boost\n|-unboost|p1a: Ting-Lu|atk|1\n|-unboost|p1b: Ogerpon|atk|1\n|\n|-weather|none\n|-heal|p2a: Arcanine|82\/100|[from] item: Leftovers\n|-heal|p2b: Cresselia|94\/100|[from] item: Leftovers\n|-heal|p1a: Ting-Lu|27\/100|[from] item: Leftovers\n|upkeep\n|turn|7\n|\n|t:|1699114065\n|move|p1b: Ogerpon|Ivy Cudgel|p2a: Arcanine\n|-supereffective|p2a: Arcanine\n|-crit|p2a: Arcanine\n|-damage|p2a: Arcanine|0 fnt\n|faint|p2a: Arcanine\n|move|p2b: Cresselia|Icy Wind|p1b: Ogerpon|[spread] p1a,p1b\n|-supereffective|p1a: Ting-Lu\n|-damage|p1a: Ting-Lu|19\/100\n|-damage|p1b: Ogerpon|76\/100\n|-unboost|p1a: Ting-Lu|spe|1\n|-unboost|p1b: Ogerpon|spe|1\n|move|p1a: Ting-Lu|Whirlwind|p2b: Cresselia\n|drag|p2b: Goodra|Goodra-Hisui, F|100\/100\n|-damage|p2b: Goodra|95\/100|[from] Stealth Rock\n|\n|-heal|p1a: Ting-Lu|25\/100|[from] item: Leftovers\n|upkeep\n|\n|t:|1699114083\n|switch|p2a: Azumarill|Azumarill, F|51\/100\n|-damage|p2a: Azumarill|39\/100|[from] Stealth Rock\n|turn|8\n|\n|t:|1699114096\n|move|p1b: Ogerpon|Horn Leech|p2a: Azumarill\n|-ability|p2a: Azumarill|Sap Sipper|boost\n|-boost|p2a: Azumarill|atk|1\n|move|p2b: Goodra|Hydro Pump|p1a: Ting-Lu\n|-supereffective|p1a: Ting-Lu\n|-damage|p1a: Ting-Lu|0 fnt\n|faint|p1a: Ting-Lu\n|move|p2a: Azumarill|Charm|p1b: Ogerpon\n|-unboost|p1b: Ogerpon|atk|2\n|\n|-heal|p2a: Azumarill|45\/100|[from] item: Leftovers\n|upkeep\n|\n|t:|1699114101\n|switch|p1a: Okidogi|Okidogi, M|100\/100\n|turn|9\n|\n|t:|1699114122\n|move|p1a: Okidogi|Iron Head|p2a: Azumarill\n|-damage|p2a: Azumarill|29\/100\n|-status|p2a: Azumarill|tox|[from] ability: Toxic Chain|[of] p1a: Okidogi\n|move|p1b: Ogerpon|Ivy Cudgel|p2a: Azumarill\n|-resisted|p2a: Azumarill\n|-damage|p2a: Azumarill|22\/100 tox\n|move|p2b: Goodra|Flash Cannon|p1a: Okidogi\n|-damage|p1a: Okidogi|66\/100\n|cant|p2a: Azumarill|flinch\n|\n|-heal|p2a: Azumarill|28\/100 tox|[from] item: Leftovers\n|-damage|p2a: Azumarill|22\/100 tox|[from] psn\n|upkeep\n|turn|10\n|\n|t:|1699114148\n|switch|p2a: Cresselia|Cresselia, F|94\/100\n|-damage|p2a: Cresselia|82\/100|[from] Stealth Rock\n|move|p1a: Okidogi|Bulk Up|p1a: Okidogi\n|-boost|p1a: Okidogi|atk|1\n|-boost|p1a: Okidogi|def|1\n|move|p1b: Ogerpon|Substitute|p1b: Ogerpon\n|-start|p1b: Ogerpon|Substitute\n|-damage|p1b: Ogerpon|51\/100\n|move|p2b: Goodra|Flash Cannon|p1a: Okidogi\n|-damage|p1a: Okidogi|28\/100\n|\n|-heal|p2a: Cresselia|88\/100|[from] item: Leftovers\n|upkeep\n|turn|11\n|\n|t:|1699114168\n|move|p1a: Okidogi|Drain Punch|p2b: Goodra\n|-supereffective|p2b: Goodra\n|-damage|p2b: Goodra|21\/100\n|-heal|p1a: Okidogi|67\/100|[from] drain|[of] p2b: Goodra\n|move|p2a: Cresselia|Thunder Wave|p1a: Okidogi\n|-status|p1a: Okidogi|par\n|move|p1b: Ogerpon|Swords Dance|p1b: Ogerpon\n|-boost|p1b: Ogerpon|atk|2\n|move|p2b: Goodra|Flash Cannon|p1a: Okidogi\n|-damage|p1a: Okidogi|30\/100 par\n|\n|-heal|p2a: Cresselia|94\/100|[from] item: Leftovers\n|-sideend|p2: Poiu0090|move: Aurora Veil\n|upkeep\n|turn|12\n|\n|t:|1699114191\n|move|p2a: Cresselia|Lunar Blessing|p2a: Cresselia|[spread] p2a,p2b\n|-heal|p2a: Cresselia|100\/100\n|-heal|p2b: Goodra|46\/100\n|move|p1b: Ogerpon|Ivy Cudgel|p2a: Cresselia\n|-damage|p2a: Cresselia|76\/100\n|move|p2b: Goodra|Flash Cannon|p1a: Okidogi\n|-damage|p1a: Okidogi|0 fnt\n|faint|p1a: Okidogi\n|\n|-heal|p2a: Cresselia|82\/100|[from] item: Leftovers\n|upkeep\n|\n|t:|1699114200\n|switch|p1a: Volcanion|Volcanion, tera:Fire|7\/100\n|turn|13\n|\n|t:|1699114212\n|move|p2a: Cresselia|Lunar Blessing|p2a: Cresselia|[spread] p2a,p2b\n|-heal|p2a: Cresselia|100\/100\n|-heal|p2b: Goodra|71\/100\n|move|p1b: Ogerpon|Swords Dance|p1b: Ogerpon\n|-boost|p1b: Ogerpon|atk|2\n|move|p1a: Volcanion|Heat Wave|p2a: Cresselia|[spread] p2a,p2b\n|-damage|p2a: Cresselia|71\/100\n|-damage|p2b: Goodra|47\/100\n|-status|p2b: Goodra|brn\n|move|p2b: Goodra|Flash Cannon|p1a: Volcanion\n|-resisted|p1a: Volcanion\n|-damage|p1a: Volcanion|0 fnt\n|faint|p1a: Volcanion\n|\n|-heal|p2a: Cresselia|77\/100|[from] item: Leftovers\n|-damage|p2b: Goodra|41\/100 brn|[from] brn\n|upkeep\n|\n|t:|1699114227\n|switch|p1a: Chien-Pao|Chien-Pao|100\/100\n|-ability|p1a: Chien-Pao|Sword of Ruin\n|turn|14\n|\n|t:|1699114244\n|-terastallize|p2b: Goodra|Steel\n|move|p1a: Chien-Pao|Swords Dance|p1a: Chien-Pao\n|-boost|p1a: Chien-Pao|atk|2\n|move|p2a: Cresselia|Lunar Blessing|p2a: Cresselia|[spread] p2a,p2b\n|-heal|p2a: Cresselia|100\/100\n|-heal|p2b: Goodra|66\/100 brn\n|-curestatus|p2b: Goodra|brn|[msg]\n|move|p1b: Ogerpon|Ivy Cudgel|p2a: Cresselia\n|-damage|p2a: Cresselia|32\/100\n|move|p2b: Goodra|Flash Cannon|p1a: Chien-Pao\n|-supereffective|p1a: Chien-Pao\n|-enditem|p1a: Chien-Pao|Focus Sash\n|-damage|p1a: Chien-Pao|1\/100\n|\n|-heal|p2a: Cresselia|38\/100|[from] item: Leftovers\n|upkeep\n|turn|15\n|\n|t:|1699114274\n|switch|p2a: Salamence|Salamence, M|10\/100\n|-damage|p2a: Salamence|0 fnt|[from] Stealth Rock\n|faint|p2a: Salamence\n|move|p1a: Chien-Pao|Protect|p1a: Chien-Pao\n|-singleturn|p1a: Chien-Pao|Protect\n|move|p1b: Ogerpon|Ivy Cudgel|p2b: Goodra\n|-damage|p2b: Goodra|0 fnt\n|faint|p2b: Goodra\n|\n|upkeep\n|\n|t:|1699114284\n|switch|p2a: Cresselia|Cresselia, F|38\/100\n|switch|p2b: Azumarill|Azumarill, F|22\/100 tox\n|-damage|p2a: Cresselia|26\/100|[from] Stealth Rock\n|-damage|p2b: Azumarill|9\/100 tox|[from] Stealth Rock\n|turn|16\n|\n|t:|1699114295\n|move|p1a: Chien-Pao|Protect|p1a: Chien-Pao\n|-singleturn|p1a: Chien-Pao|Protect\n|move|p2b: Azumarill|Protect|p2b: Azumarill\n|-singleturn|p2b: Azumarill|Protect\n|move|p2a: Cresselia|Lunar Blessing|p2a: Cresselia|[spread] p2a,p2b\n|-heal|p2a: Cresselia|51\/100\n|-heal|p2b: Azumarill|34\/100 tox\n|-curestatus|p2b: Azumarill|tox|[msg]\n|move|p1b: Ogerpon|Ivy Cudgel|p2b: Azumarill\n|-activate|p2b: Azumarill|move: Protect\n|\n|-heal|p2a: Cresselia|57\/100|[from] item: Leftovers\n|-heal|p2b: Azumarill|40\/100|[from] item: Leftovers\n|upkeep\n|turn|17\n|c|\u2606Black_Kamui9|gg\n|\n|t:|1699114319\n|move|p1a: Chien-Pao|Crunch|p2a: Cresselia\n|-supereffective|p2a: Cresselia\n|-damage|p2a: Cresselia|0 fnt\n|faint|p2a: Cresselia\n|move|p1b: Ogerpon|Ivy Cudgel|p2b: Azumarill\n|-resisted|p2b: Azumarill\n|-damage|p2b: Azumarill|0 fnt\n|faint|p2b: Azumarill\n|\n|win|Black_Kamui9\n|raw|Black_Kamui9's rating: 1216 &rarr; <strong>1251<\/strong><br \/>(+35 for winning)\n|raw|Poiu0090's rating: 1356 &rarr; <strong>1328<\/strong><br \/>(-28 for losing)\n|l|\u2606Poiu0090\n","uploadtime":1699114330,"views":15,"p1id":"blackkamui9","p2id":"poiu0090","formatid":"gen9doublesou","rating":1251,"private":0,"password":""}