{"id":"gen9doublesou-1999935763","p1":"830r","p2":"BarrJ","format":"[Gen 9] Doubles OU","log":"|j|\u2606830r\n|j|\u2606BarrJ\n|t:|1701131985\n|gametype|doubles\n|player|p1|830r|veteran|1074\n|player|p2|BarrJ|roughneck|1079\n|teamsize|p1|6\n|teamsize|p2|6\n|gen|9\n|tier|[Gen 9] Doubles OU\n|rated|\n|rule|Species Clause: Limit one of each Pok\u00e9mon\n|rule|OHKO Clause: OHKO moves are banned\n|rule|Evasion Moves Clause: Evasion moves are banned\n|rule|Gravity Sleep Clause: The combination of sleep-inducing moves with imperfect accuracy and Gravity or Gigantamax Orbeetle are banned\n|rule|Endless Battle Clause: Forcing endless battles is banned\n|rule|HP Percentage Mod: HP is shown in percentages\n|clearpoke\n|poke|p1|Sneasler, M|\n|poke|p1|Tornadus, M|\n|poke|p1|Regidrago|\n|poke|p1|Iron Moth|\n|poke|p1|Sinistcha|\n|poke|p1|Flutter Mane|\n|poke|p2|Iron Bundle|\n|poke|p2|Iron Hands|\n|poke|p2|Palafin, F|\n|poke|p2|Cresselia, F|\n|poke|p2|Ursaluna, F|\n|poke|p2|Amoonguss, F|\n|teampreview\n|inactive|Battle timer is ON: inactive players will automatically lose when time's up. (requested by 830r)\n|\n|t:|1701131992\n|start\n|switch|p1a: Sneasler|Sneasler, M|100\/100\n|switch|p1b: Tornadus|Tornadus, M|100\/100\n|switch|p2a: Palafin|Palafin, F|100\/100\n|switch|p2b: Iron Hands|Iron Hands, shiny|100\/100\n|turn|1\n|\n|t:|1701132014\n|move|p1a: Sneasler|Fake Out|p2a: Palafin\n|-crit|p2a: Palafin\n|-damage|p2a: Palafin|70\/100\n|move|p2b: Iron Hands|Fake Out|p1a: Sneasler\n|-damage|p1a: Sneasler|73\/100\n|move|p1b: Tornadus|Swagger|p2a: Palafin\n|-boost|p2a: Palafin|atk|2\n|-enditem|p1b: Tornadus|Mirror Herb\n|-boost|p1b: Tornadus|atk|2|[from] item: Mirror Herb\n|-enditem|p1a: Sneasler|Mirror Herb\n|-boost|p1a: Sneasler|atk|2|[from] item: Mirror Herb\n|-start|p2a: Palafin|confusion\n|cant|p2a: Palafin|flinch\n|\n|upkeep\n|turn|2\n|inactive|830r has 120 seconds left.\n|\n|t:|1701132044\n|move|p1a: Sneasler|Acrobatics|p2a: Palafin\n|-damage|p2a: Palafin|0 fnt\n|faint|p2a: Palafin\n|move|p1b: Tornadus|Acrobatics|p2b: Iron Hands\n|-damage|p2b: Iron Hands|38\/100\n|move|p2b: Iron Hands|Wild Charge|p1b: Tornadus\n|-supereffective|p1b: Tornadus\n|-damage|p1b: Tornadus|0 fnt\n|faint|p1b: Tornadus\n|-damage|p2b: Iron Hands|23\/100|[from] Recoil\n|\n|upkeep\n|\n|t:|1701132057\n|switch|p1b: Artillery support|Regidrago|100\/100\n|switch|p2a: Cresselia|Cresselia, F, shiny|100\/100\n|turn|3\n|\n|t:|1701132068\n|move|p1a: Sneasler|Acrobatics|p2a: Cresselia\n|-crit|p2a: Cresselia\n|-damage|p2a: Cresselia|18\/100\n|move|p1b: Artillery support|Dragon Energy|p2b: Iron Hands|[spread] p2a,p2b\n|-damage|p2a: Cresselia|0 fnt\n|-damage|p2b: Iron Hands|0 fnt\n|faint|p2a: Cresselia\n|faint|p2b: Iron Hands\n|-end|p2b: Iron Hands|Quark Drive|[silent]\n|\n|upkeep\n|\n|t:|1701132078\n|switch|p2a: Ursaluna|Ursaluna, F|100\/100\n|switch|p2b: Iron Bundle|Iron Bundle|100\/100\n|-enditem|p2b: Iron Bundle|Booster Energy\n|-activate|p2b: Iron Bundle|ability: Quark Drive|[fromitem]\n|-start|p2b: Iron Bundle|quarkdrivespe\n|turn|4\n|\n|t:|1701132089\n|move|p1a: Sneasler|Close Combat|p2b: Iron Bundle\n|-supereffective|p2b: Iron Bundle\n|-damage|p2b: Iron Bundle|0 fnt\n|-unboost|p1a: Sneasler|def|1\n|-unboost|p1a: Sneasler|spd|1\n|faint|p2b: Iron Bundle\n|-end|p2b: Iron Bundle|Quark Drive|[silent]\n|move|p1b: Artillery support|Dragon Energy|p2a: Ursaluna\n|-damage|p2a: Ursaluna|11\/100\n|move|p2a: Ursaluna|Drain Punch|p1b: Artillery support\n|-damage|p1b: Artillery support|68\/100\n|-heal|p2a: Ursaluna|30\/100|[from] drain|[of] p1b: Artillery support\n|\n|-status|p2a: Ursaluna|brn|[from] item: Flame Orb\n|upkeep\n|\n|t:|1701132102\n|switch|p2b: Amoonguss|Amoonguss, F|100\/100\n|turn|5\n|\n|t:|1701132109\n|move|p1a: Sneasler|Acrobatics|p2b: Amoonguss\n|-supereffective|p2b: Amoonguss\n|-damage|p2b: Amoonguss|0 fnt\n|-damage|p1a: Sneasler|56\/100|[from] item: Rocky Helmet|[of] p2b: Amoonguss\n|faint|p2b: Amoonguss\n|move|p1b: Artillery support|Dragon Energy|p2a: Ursaluna\n|-damage|p2a: Ursaluna|0 fnt\n|faint|p2a: Ursaluna\n|\n|win|830r\n|raw|830r's rating: 1074 &rarr; <strong>1103<\/strong><br \/>(+29 for winning)\n|raw|BarrJ's rating: 1079 &rarr; <strong>1057<\/strong><br \/>(-22 for losing)\n","uploadtime":1701132118,"views":10,"p1id":"830r","p2id":"barrj","formatid":"gen9doublesou","rating":1057,"private":0,"password":""}