{"id":"gen9doublesou-1976298909","p1":"Cicciogamba","p2":"Gasgar4","format":"[Gen 9] Doubles OU","log":"|j|\u2606Cicciogamba\n|j|\u2606Gasgar4\n|t:|1698283787\n|gametype|doubles\n|player|p1|Cicciogamba|colress|1420\n|player|p2|Gasgar4|ghetsis|1667\n|teamsize|p1|6\n|teamsize|p2|6\n|gen|9\n|tier|[Gen 9] Doubles OU\n|rated|\n|rule|Species Clause: Limit one of each Pok\u00e9mon\n|rule|OHKO Clause: OHKO moves are banned\n|rule|Evasion Moves Clause: Evasion moves are banned\n|rule|Gravity Sleep Clause: The combination of sleep-inducing moves with imperfect accuracy and Gravity or Gigantamax Orbeetle are banned\n|rule|Endless Battle Clause: Forcing endless battles is banned\n|rule|HP Percentage Mod: HP is shown in percentages\n|clearpoke\n|poke|p1|Oranguru, M|\n|poke|p1|Torkoal, M|\n|poke|p1|Hatterene, F|\n|poke|p1|Amoonguss, M|\n|poke|p1|Armarouge, F|\n|poke|p1|Golem, F|\n|poke|p2|Dragonite, F|\n|poke|p2|Rillaboom, M|\n|poke|p2|Ursaluna-Bloodmoon, M|\n|poke|p2|Chien-Pao|\n|poke|p2|Landorus, M|\n|poke|p2|Garganacl, M|\n|teampreview\n|inactive|Battle timer is ON: inactive players will automatically lose when time's up. (requested by Gasgar4)\n|\n|t:|1698283797\n|start\n|switch|p1a: Oranguru|Oranguru, M|100\/100\n|switch|p1b: Golem|Golem, F|100\/100\n|switch|p2a: Rillaboom|Rillaboom, M|100\/100\n|switch|p2b: Landorus|Landorus, M|100\/100\n|-fieldstart|move: Grassy Terrain|[from] ability: Grassy Surge|[of] p2a: Rillaboom\n|turn|1\n|\n|t:|1698283817\n|move|p1b: Golem|Protect|p1b: Golem\n|-singleturn|p1b: Golem|Protect\n|move|p2b: Landorus|Earth Power|p1a: Oranguru\n|-damage|p1a: Oranguru|45\/100\n|move|p2a: Rillaboom|Wood Hammer|p1a: Oranguru\n|-damage|p1a: Oranguru|0 fnt\n|faint|p1a: Oranguru\n|-damage|p2a: Rillaboom|87\/100|[from] Recoil\n|\n|-heal|p2a: Rillaboom|93\/100|[from] Grassy Terrain\n|upkeep\n|\n|t:|1698283829\n|switch|p1a: Armarouge|Armarouge, F|100\/100\n|turn|2\n|\n|t:|1698283840\n|move|p2b: Landorus|Earth Power|p1b: Golem\n|-supereffective|p1b: Golem\n|-ability|p1b: Golem|Sturdy\n|-damage|p1b: Golem|1\/100\n|move|p2a: Rillaboom|Wood Hammer|p1b: Golem\n|-supereffective|p1b: Golem\n|-damage|p1b: Golem|0 fnt\n|faint|p1b: Golem\n|-damage|p2a: Rillaboom|93\/100|[from] Recoil\n|move|p1a: Armarouge|Trick Room|p1a: Armarouge\n|-fieldstart|move: Trick Room|[of] p1a: Armarouge\n|\n|-heal|p2a: Rillaboom|99\/100|[from] Grassy Terrain\n|upkeep\n|\n|t:|1698283853\n|switch|p1b: Torkoal|Torkoal, M|100\/100\n|-weather|SunnyDay|[from] ability: Drought|[of] p1b: Torkoal\n|turn|3\n|\n|t:|1698283868\n|-terastallize|p1b: Torkoal|Fire\n|move|p2b: Landorus|Protect|p2b: Landorus\n|-singleturn|p2b: Landorus|Protect\n|move|p1b: Torkoal|Eruption|p2b: Landorus|[spread] p2a\n|-activate|p2b: Landorus|move: Protect\n|-supereffective|p2a: Rillaboom\n|-damage|p2a: Rillaboom|0 fnt\n|faint|p2a: Rillaboom\n|move|p1a: Armarouge|Expanding Force|p2b: Landorus\n|-activate|p2b: Landorus|move: Protect\n|\n|-weather|SunnyDay|[upkeep]\n|upkeep\n|\n|t:|1698283888\n|switch|p2a: Garganacl|Garganacl, M|100\/100\n|turn|4\n|\n|t:|1698283902\n|move|p2a: Garganacl|Wide Guard|p2a: Garganacl\n|-singleturn|p2a: Garganacl|Wide Guard\n|move|p1b: Torkoal|Eruption|p2a: Garganacl|[spread] \n|-activate|p2a: Garganacl|move: Wide Guard\n|-activate|p2b: Landorus|move: Wide Guard\n|move|p1a: Armarouge|Expanding Force|p2b: Landorus\n|-damage|p2b: Landorus|48\/100\n|move|p2b: Landorus|Earth Power|p1b: Torkoal\n|-supereffective|p1b: Torkoal\n|-damage|p1b: Torkoal|0 fnt\n|faint|p1b: Torkoal\n|\n|-weather|SunnyDay|[upkeep]\n|upkeep\n|\n|t:|1698283915\n|switch|p1b: Hatterene|Hatterene, F|100\/100\n|turn|5\n|\n|t:|1698283936\n|move|p2b: Landorus|Protect|p2b: Landorus\n|-singleturn|p2b: Landorus|Protect\n|move|p1b: Hatterene|Mystical Fire|p2b: Landorus\n|-activate|p2b: Landorus|move: Protect\n|move|p2a: Garganacl|Salt Cure|p1a: Armarouge\n|-supereffective|p1a: Armarouge\n|-damage|p1a: Armarouge|74\/100\n|-start|p1a: Armarouge|Salt Cure\n|move|p1a: Armarouge|Expanding Force|p2a: Garganacl\n|-damage|p2a: Garganacl|69\/100\n|\n|-weather|SunnyDay|[upkeep]\n|-heal|p2a: Garganacl|75\/100|[from] Grassy Terrain\n|-heal|p2a: Garganacl|81\/100|[from] item: Leftovers\n|-heal|p1a: Armarouge|80\/100|[from] Grassy Terrain\n|-damage|p1a: Armarouge|68\/100|[from] Salt Cure\n|-fieldend|move: Grassy Terrain\n|upkeep\n|turn|6\n|\n|t:|1698283957\n|switch|p2b: Ursaluna|Ursaluna-Bloodmoon, M|100\/100\n|move|p1b: Hatterene|Dazzling Gleam|p2a: Garganacl|[spread] p2a,p2b\n|-damage|p2a: Garganacl|55\/100\n|-damage|p2b: Ursaluna|68\/100\n|move|p2a: Garganacl|Salt Cure|p1b: Hatterene\n|-damage|p1b: Hatterene|84\/100\n|-start|p1b: Hatterene|Salt Cure\n|move|p1a: Armarouge|Expanding Force|p2b: Ursaluna\n|-damage|p2b: Ursaluna|33\/100\n|\n|-weather|SunnyDay|[upkeep]\n|-heal|p2a: Garganacl|61\/100|[from] item: Leftovers\n|-damage|p1b: Hatterene|72\/100|[from] Salt Cure\n|-damage|p1a: Armarouge|56\/100|[from] Salt Cure\n|-fieldend|move: Trick Room\n|upkeep\n|turn|7\n|\n|t:|1698283979\n|move|p2b: Ursaluna|Blood Moon|p1b: Hatterene\n|-damage|p1b: Hatterene|0 fnt\n|faint|p1b: Hatterene\n|move|p2a: Garganacl|Recover|p2a: Garganacl\n|-heal|p2a: Garganacl|100\/100\n|move|p1a: Armarouge|Trick Room|p1a: Armarouge\n|-fieldstart|move: Trick Room|[of] p1a: Armarouge\n|\n|-weather|none\n|-damage|p1a: Armarouge|44\/100|[from] Salt Cure\n|upkeep\n|\n|t:|1698283988\n|switch|p1b: Amoonguss|Amoonguss, M|100\/100\n|turn|8\n|\n|t:|1698284002\n|move|p1b: Amoonguss|Spore|p2a: Garganacl\n|-immune|p2a: Garganacl|[from] ability: Purifying Salt\n|move|p2a: Garganacl|Salt Cure|p1b: Amoonguss\n|-damage|p1b: Amoonguss|87\/100\n|-start|p1b: Amoonguss|Salt Cure\n|move|p2b: Ursaluna|Earth Power|p1b: Amoonguss\n|-damage|p1b: Amoonguss|43\/100\n|move|p1a: Armarouge|Expanding Force|p2b: Ursaluna\n|-damage|p2b: Ursaluna|0 fnt\n|faint|p2b: Ursaluna\n|\n|-damage|p1b: Amoonguss|30\/100|[from] Salt Cure\n|-damage|p1a: Armarouge|31\/100|[from] Salt Cure\n|upkeep\n|\n|t:|1698284021\n|switch|p2b: Chien-Pao|Chien-Pao|100\/100\n|-ability|p2b: Chien-Pao|Sword of Ruin\n|turn|9\n|\n|t:|1698284031\n|move|p2b: Chien-Pao|Ice Shard|p1b: Amoonguss\n|-supereffective|p1b: Amoonguss\n|-damage|p1b: Amoonguss|0 fnt\n|faint|p1b: Amoonguss\n|move|p2a: Garganacl|Salt Cure|p1a: Armarouge\n|-supereffective|p1a: Armarouge\n|-damage|p1a: Armarouge|0 fnt\n|faint|p1a: Armarouge\n|\n|win|Gasgar4\n|raw|Cicciogamba's rating: 1420 &rarr; <strong>1412<\/strong><br \/>(-8 for losing)\n|raw|Gasgar4's rating: 1667 &rarr; <strong>1675<\/strong><br \/>(+8 for winning)\n","uploadtime":1698284043,"views":11,"p1id":"cicciogamba","p2id":"gasgar4","formatid":"gen9doublesou","rating":1412,"private":0,"password":""}