{"id":"gen9doublesou-1981637780","p1":"Thanos Senpai","p2":"shanepokemon78","format":"[Gen 9] Doubles OU","log":"|j|\u2606Thanos Senpai\n|j|\u2606shanepokemon78\n|t:|1698928894\n|gametype|doubles\n|player|p1|Thanos Senpai|harlequin|1047\n|player|p2|shanepokemon78|gentleman-gen4dp|1265\n|teamsize|p1|6\n|teamsize|p2|6\n|gen|9\n|tier|[Gen 9] Doubles OU\n|rated|\n|rule|Species Clause: Limit one of each Pok\u00e9mon\n|rule|OHKO Clause: OHKO moves are banned\n|rule|Evasion Moves Clause: Evasion moves are banned\n|rule|Gravity Sleep Clause: The combination of sleep-inducing moves with imperfect accuracy and Gravity or Gigantamax Orbeetle are banned\n|rule|Endless Battle Clause: Forcing endless battles is banned\n|rule|HP Percentage Mod: HP is shown in percentages\n|clearpoke\n|poke|p1|Hydreigon, M|\n|poke|p1|Gliscor, F|\n|poke|p1|Amoonguss, M|\n|poke|p1|Arcanine, M|\n|poke|p1|Iron Hands|\n|poke|p1|Maushold|\n|poke|p2|Manaphy|\n|poke|p2|Goodra, F|\n|poke|p2|Overqwil, F|\n|poke|p2|Great Tusk|\n|poke|p2|Electrode-Hisui|\n|poke|p2|Cinderace, M|\n|teampreview\n|inactive|Battle timer is ON: inactive players will automatically lose when time's up. (requested by Thanos Senpai)\n|\n|t:|1698928912\n|start\n|switch|p1a: DOGE|Arcanine, M|100\/100\n|switch|p1b: Genocide|Maushold|100\/100\n|switch|p2a: Electrode|Electrode-Hisui|100\/100\n|switch|p2b: Manaphy|Manaphy|100\/100\n|turn|1\n|\n|t:|1698928936\n|-terastallize|p1a: DOGE|Normal\n|move|p1a: DOGE|Extreme Speed|p2b: Manaphy\n|-damage|p2b: Manaphy|63\/100\n|move|p2a: Electrode|Thunder Wave|p1a: DOGE\n|-status|p1a: DOGE|par\n|move|p1b: Genocide|Beat Up|p1a: DOGE\n|-damage|p1a: DOGE|98\/100 par\n|-ability|p1a: DOGE|Justified|boost\n|-boost|p1a: DOGE|atk|1\n|-damage|p1a: DOGE|96\/100 par\n|-ability|p1a: DOGE|Justified|boost\n|-boost|p1a: DOGE|atk|1\n|-damage|p1a: DOGE|93\/100 par\n|-ability|p1a: DOGE|Justified|boost\n|-boost|p1a: DOGE|atk|1\n|-damage|p1a: DOGE|90\/100 par\n|-ability|p1a: DOGE|Justified|boost\n|-boost|p1a: DOGE|atk|1\n|-damage|p1a: DOGE|87\/100 par\n|-ability|p1a: DOGE|Justified|boost\n|-boost|p1a: DOGE|atk|1\n|-hitcount|p1a: DOGE|5\n|move|p2b: Manaphy|Skill Swap|p1a: DOGE\n|-activate|p2b: Manaphy|move: Skill Swap|Justified|Hydration|[of] p1a: DOGE\n|\n|upkeep\n|turn|2\n|\n|t:|1698928966\n|move|p1a: DOGE|Extreme Speed|p2b: Manaphy\n|-damage|p2b: Manaphy|0 fnt\n|faint|p2b: Manaphy\n|move|p2a: Electrode|Thunder Wave|p1b: Genocide\n|-status|p1b: Genocide|par\n|move|p1b: Genocide|Super Fang|p2a: Electrode\n|-damage|p2a: Electrode|51\/100\n|\n|upkeep\n|\n|t:|1698928975\n|switch|p2b: Overqwil|Overqwil, F|100\/100\n|-ability|p2b: Overqwil|Intimidate|boost\n|-unboost|p1a: DOGE|atk|1\n|-unboost|p1b: Genocide|atk|1\n|turn|3\n|\n|t:|1698928987\n|move|p1b: Genocide|Follow Me|p1b: Genocide\n|-singleturn|p1b: Genocide|move: Follow Me\n|move|p1a: DOGE|Extreme Speed|p2b: Overqwil\n|-damage|p2b: Overqwil|0 fnt\n|faint|p2b: Overqwil\n|move|p2a: Electrode|Thunderbolt|p1b: Genocide\n|-damage|p1b: Genocide|57\/100 par\n|\n|upkeep\n|\n|t:|1698928997\n|switch|p2b: Goodra|Goodra, F|100\/100\n|turn|4\n|\n|t:|1698929003\n|-terastallize|p2b: Goodra|Water\n|move|p1a: DOGE|Extreme Speed|p2b: Goodra\n|-damage|p2b: Goodra|0 fnt\n|faint|p2b: Goodra\n|move|p2a: Electrode|Thunderbolt|p1a: DOGE\n|-damage|p1a: DOGE|53\/100 par\n|move|p1b: Genocide|Super Fang|p2a: Electrode\n|-damage|p2a: Electrode|26\/100\n|\n|upkeep\n|\n|t:|1698929012\n|switch|p2b: Great Tusk|Great Tusk|100\/100\n|-enditem|p2b: Great Tusk|Booster Energy\n|-activate|p2b: Great Tusk|ability: Protosynthesis|[fromitem]\n|-start|p2b: Great Tusk|protosynthesisatk\n|turn|5\n|\n|t:|1698929021\n|cant|p1b: Genocide|par\n|move|p1a: DOGE|Extreme Speed|p2b: Great Tusk\n|-damage|p2b: Great Tusk|15\/100\n|move|p2a: Electrode|Thunderbolt|p1b: Genocide\n|-damage|p1b: Genocide|14\/100 par\n|move|p2b: Great Tusk|Close Combat|p1a: DOGE\n|-supereffective|p1a: DOGE\n|-crit|p1a: DOGE\n|-damage|p1a: DOGE|0 fnt\n|-unboost|p2b: Great Tusk|def|1\n|-unboost|p2b: Great Tusk|spd|1\n|faint|p1a: DOGE\n|\n|upkeep\n|\n|t:|1698929037\n|switch|p1a: Gliscor|Gliscor, F|100\/100\n|turn|6\n|\n|t:|1698929048\n|move|p1b: Genocide|Follow Me|p1b: Genocide\n|-singleturn|p1b: Genocide|move: Follow Me\n|move|p2a: Electrode|Thunderbolt|p1b: Genocide\n|-damage|p1b: Genocide|0 fnt\n|faint|p1b: Genocide\n|move|p1a: Gliscor|Earthquake|p2a: Electrode|[spread] p2a,p2b\n|-damage|p2a: Electrode|0 fnt\n|-damage|p2b: Great Tusk|0 fnt\n|faint|p2a: Electrode\n|faint|p2b: Great Tusk\n|-end|p2b: Great Tusk|Protosynthesis|[silent]\n|\n|-status|p1a: Gliscor|tox|[from] item: Toxic Orb\n|upkeep\n|-message|shanepokemon78 forfeited.\n|\n|win|Thanos Senpai\n|raw|Thanos Senpai's rating: 1047 &rarr; <strong>1098<\/strong><br \/>(+51 for winning)\n|raw|shanepokemon78's rating: 1265 &rarr; <strong>1226<\/strong><br \/>(-39 for losing)\n|l|\u2606shanepokemon78\n","uploadtime":1698929062,"views":15,"p1id":"thanossenpai","p2id":"shanepokemon78","formatid":"gen9doublesou","rating":1098,"private":0,"password":""}