{"id":"gen9doublesou-1986066333","p1":"FlaringFox64","p2":"Javash","format":"[Gen 9] Doubles OU","log":"|j|\u2606FlaringFox64\n|j|\u2606Javash\n|t:|1699446139\n|gametype|doubles\n|player|p1|FlaringFox64|265|1089\n|player|p2|Javash|policeman-gen4|1053\n|teamsize|p1|6\n|teamsize|p2|6\n|gen|9\n|tier|[Gen 9] Doubles OU\n|rated|\n|rule|Species Clause: Limit one of each Pok\u00e9mon\n|rule|OHKO Clause: OHKO moves are banned\n|rule|Evasion Moves Clause: Evasion moves are banned\n|rule|Gravity Sleep Clause: The combination of sleep-inducing moves with imperfect accuracy and Gravity or Gigantamax Orbeetle are banned\n|rule|Endless Battle Clause: Forcing endless battles is banned\n|rule|HP Percentage Mod: HP is shown in percentages\n|clearpoke\n|poke|p1|Ceruledge, F|\n|poke|p1|Greninja-*, M|\n|poke|p1|Corviknight, F|\n|poke|p1|Diancie|\n|poke|p1|Blissey, F|\n|poke|p1|Kommo-o, F|\n|poke|p2|Mightyena, F|\n|poke|p2|Abomasnow, M|\n|poke|p2|Sandslash, F|\n|poke|p2|Farigiraf, M|\n|poke|p2|Tauros, M|\n|poke|p2|Charizard, M|\n|teampreview\n|inactive|Battle timer is ON: inactive players will automatically lose when time's up. (requested by FlaringFox64)\n|\n|t:|1699446156\n|start\n|switch|p1a: Corviknight|Corviknight, F|100\/100\n|switch|p1b: Diancie|Diancie|100\/100\n|switch|p2a: Mightyena|Mightyena, F|100\/100\n|switch|p2b: Charizard|Charizard, M|100\/100\n|turn|1\n|\n|t:|1699446175\n|switch|p2a: Abomasnow|Abomasnow, M|100\/100\n|-weather|Snow|[from] ability: Snow Warning|[of] p2a: Abomasnow\n|move|p2b: Charizard|Swords Dance|p2b: Charizard\n|-boost|p2b: Charizard|atk|2\n|move|p1a: Corviknight|Light Screen|p1a: Corviknight\n|-sidestart|p1: FlaringFox64|move: Light Screen\n|move|p1b: Diancie|Reflect|p1b: Diancie\n|-sidestart|p1: FlaringFox64|Reflect\n|\n|-weather|Snow|[upkeep]\n|upkeep\n|turn|2\n|\n|t:|1699446199\n|move|p2b: Charizard|Flame Charge|p1a: Corviknight\n|-supereffective|p1a: Corviknight\n|-damage|p1a: Corviknight|71\/100\n|-boost|p2b: Charizard|spe|1\n|move|p2a: Abomasnow|Leaf Storm|p1b: Diancie\n|-supereffective|p1b: Diancie\n|-damage|p1b: Diancie|47\/100\n|-unboost|p2a: Abomasnow|spa|2\n|-enditem|p2a: Abomasnow|Eject Pack\n|inactive|Javash has 120 seconds left.\n|\n|t:|1699446222\n|switch|p2a: Sandslash|Sandslash, F|100\/100\n|move|p1a: Corviknight|Iron Defense|p1a: Corviknight\n|-boost|p1a: Corviknight|def|2\n|move|p1b: Diancie|Diamond Storm|p2b: Charizard|[spread] p2b\n|-miss|p1b: Diancie|p2a: Sandslash\n|-supereffective|p2b: Charizard\n|-damage|p2b: Charizard|0 fnt\n|faint|p2b: Charizard\n|\n|-weather|Snow|[upkeep]\n|-heal|p1b: Diancie|53\/100|[from] item: Leftovers\n|upkeep\n|\n|t:|1699446239\n|switch|p2b: Abomasnow|Abomasnow, M|100\/100\n|turn|3\n|\n|t:|1699446249\n|move|p2a: Sandslash|Stealth Rock|p1a: Corviknight\n|-sidestart|p1: FlaringFox64|move: Stealth Rock\n|move|p2b: Abomasnow|Blizzard|p1a: Corviknight|[spread] p1a,p1b\n|-damage|p1a: Corviknight|49\/100\n|-damage|p1b: Diancie|35\/100\n|-status|p1b: Diancie|frz\n|move|p1a: Corviknight|Iron Defense|p1a: Corviknight\n|-boost|p1a: Corviknight|def|2\n|cant|p1b: Diancie|frz\n|\n|-weather|Snow|[upkeep]\n|-heal|p1b: Diancie|41\/100 frz|[from] item: Leftovers\n|upkeep\n|turn|4\n|\n|t:|1699446269\n|move|p2a: Sandslash|Earthquake|p1a: Corviknight|[spread] p2b,p1b\n|-immune|p1a: Corviknight\n|-resisted|p2b: Abomasnow\n|-crit|p2b: Abomasnow\n|-supereffective|p1b: Diancie\n|-damage|p2b: Abomasnow|78\/100\n|-damage|p1b: Diancie|13\/100 frz\n|move|p2b: Abomasnow|Blizzard|p1a: Corviknight|[spread] p1a,p1b\n|-damage|p1a: Corviknight|26\/100\n|-damage|p1b: Diancie|0 fnt\n|faint|p1b: Diancie\n|move|p1a: Corviknight|Body Press|p2b: Abomasnow\n|-supereffective|p2b: Abomasnow\n|-crit|p2b: Abomasnow\n|-damage|p2b: Abomasnow|0 fnt\n|faint|p2b: Abomasnow\n|\n|-weather|Snow|[upkeep]\n|upkeep\n|inactive|Javash has 120 seconds left.\n|\n|t:|1699446302\n|switch|p2b: Mightyena|Mightyena, F|100\/100\n|switch|p1b: Blissey|Blissey, F|100\/100\n|-damage|p1b: Blissey|88\/100|[from] Stealth Rock\n|turn|5\n|\n|t:|1699446311\n|move|p2a: Sandslash|Knock Off|p1a: Corviknight\n|-damage|p1a: Corviknight|23\/100\n|-enditem|p1a: Corviknight|Light Clay|[from] move: Knock Off|[of] p2a: Sandslash\n|move|p2b: Mightyena|Howl|p2b: Mightyena|[spread] p2a,p2b\n|-boost|p2a: Sandslash|atk|1\n|-boost|p2b: Mightyena|atk|1\n|move|p1a: Corviknight|Roost|p1a: Corviknight\n|-heal|p1a: Corviknight|73\/100\n|-singleturn|p1a: Corviknight|move: Roost\n|move|p1b: Blissey|Life Dew|p1b: Blissey|[spread] p1a,p1b\n|-heal|p1a: Corviknight|98\/100\n|-heal|p1b: Blissey|100\/100\n|\n|-weather|none\n|-sideend|p1: FlaringFox64|Reflect\n|upkeep\n|turn|6\n|\n|t:|1699446334\n|move|p2a: Sandslash|Knock Off|p1b: Blissey\n|-damage|p1b: Blissey|67\/100\n|-enditem|p1b: Blissey|Wide Lens|[from] move: Knock Off|[of] p2a: Sandslash\n|move|p2b: Mightyena|Crunch|p1a: Corviknight\n|-damage|p1a: Corviknight|86\/100\n|move|p1a: Corviknight|Iron Defense|p1a: Corviknight\n|-boost|p1a: Corviknight|def|2\n|move|p1b: Blissey|Blizzard|p2a: Sandslash|[spread] p2a\n|-miss|p1b: Blissey|p2b: Mightyena\n|-supereffective|p2a: Sandslash\n|-damage|p2a: Sandslash|41\/100\n|-status|p2a: Sandslash|frz\n|\n|upkeep\n|turn|7\n|inactive|Javash has 120 seconds left.\n|\n|t:|1699446374\n|switch|p2a: Tauros|Tauros, M|100\/100\n|move|p2b: Mightyena|Howl|p2b: Mightyena|[spread] p2a,p2b\n|-boost|p2a: Tauros|atk|1\n|-boost|p2b: Mightyena|atk|1\n|move|p1a: Corviknight|Body Press|p2b: Mightyena\n|-supereffective|p2b: Mightyena\n|-damage|p2b: Mightyena|0 fnt\n|faint|p2b: Mightyena\n|move|p1b: Blissey|Blizzard|p2a: Tauros\n|-damage|p2a: Tauros|68\/100\n|\n|upkeep\n|\n|t:|1699446383\n|switch|p2b: Sandslash|Sandslash, F|41\/100 frz\n|turn|8\n|\n|t:|1699446399\n|move|p2a: Tauros|Close Combat|p1b: Blissey\n|-supereffective|p1b: Blissey\n|-damage|p1b: Blissey|0 fnt\n|-unboost|p2a: Tauros|def|1\n|-unboost|p2a: Tauros|spd|1\n|faint|p1b: Blissey\n|-damage|p2a: Tauros|58\/100|[from] item: Life Orb\n|cant|p2b: Sandslash|frz\n|move|p1a: Corviknight|Body Press|p2a: Tauros\n|-supereffective|p2a: Tauros\n|-damage|p2a: Tauros|0 fnt\n|faint|p2a: Tauros\n|\n|-sideend|p1: FlaringFox64|move: Light Screen\n|upkeep\n|\n|t:|1699446422\n|switch|p2a: Farigiraf|Farigiraf, M|100\/100\n|switch|p1b: Greninja|Greninja, M|100\/100\n|-damage|p1b: Greninja|88\/100|[from] Stealth Rock\n|turn|9\n|\n|t:|1699446450\n|-terastallize|p2a: Farigiraf|Fire\n|move|p1b: Greninja|Blizzard|p2b: Sandslash|[spread] p2b\n|-miss|p1b: Greninja|p2a: Farigiraf\n|-supereffective|p2b: Sandslash\n|-damage|p2b: Sandslash|0 fnt\n|faint|p2b: Sandslash\n|-ability|p1b: Greninja|Battle Bond|boost\n|-boost|p1b: Greninja|atk|1\n|-boost|p1b: Greninja|spa|1\n|-boost|p1b: Greninja|spe|1\n|-activate|p1b: Greninja|ability: Battle Bond\n|move|p1a: Corviknight|Body Press|p2a: Farigiraf\n|-damage|p2a: Farigiraf|0 fnt\n|faint|p2a: Farigiraf\n|\n|win|FlaringFox64\n|raw|FlaringFox64's rating: 1089 &rarr; <strong>1113<\/strong><br \/>(+24 for winning)\n|raw|Javash's rating: 1053 &rarr; <strong>1037<\/strong><br \/>(-16 for losing)\n","uploadtime":1699446473,"views":23,"p1id":"flaringfox64","p2id":"javash","formatid":"gen9doublesou","rating":1037,"private":0,"password":""}