{"id":"gen9doublesou-1974704045","p1":"parroti77","p2":"Devrick Mundle","format":"[Gen 9] Doubles OU","log":"|j|\u2606parroti77\n|j|\u2606Devrick Mundle\n|t:|1698112277\n|gametype|doubles\n|player|p1|parroti77|barry|1053\n|player|p2|Devrick Mundle|2|1194\n|teamsize|p1|6\n|teamsize|p2|6\n|gen|9\n|tier|[Gen 9] Doubles OU\n|rated|\n|rule|Species Clause: Limit one of each Pok\u00e9mon\n|rule|OHKO Clause: OHKO moves are banned\n|rule|Evasion Moves Clause: Evasion moves are banned\n|rule|Gravity Sleep Clause: The combination of sleep-inducing moves with imperfect accuracy and Gravity or Gigantamax Orbeetle are banned\n|rule|Endless Battle Clause: Forcing endless battles is banned\n|rule|HP Percentage Mod: HP is shown in percentages\n|clearpoke\n|poke|p1|Palafin, M|\n|poke|p1|Flutter Mane|\n|poke|p1|Gholdengo|\n|poke|p1|Weavile, F|\n|poke|p1|Torterra, M|\n|poke|p1|Dragapult, M|\n|poke|p2|Ursaluna-Bloodmoon, M|\n|poke|p2|Oranguru, M|\n|poke|p2|Regieleki|\n|poke|p2|Landorus-Therian, M|\n|poke|p2|Flutter Mane|\n|poke|p2|Sneasler, F|\n|teampreview\n|\n|t:|1698112290\n|start\n|switch|p1a: Torterra|Torterra, M|100\/100\n|switch|p1b: Palafin|Palafin, M|100\/100\n|switch|p2a: Ursaluna|Ursaluna-Bloodmoon, M|100\/100\n|switch|p2b: Oranguru|Oranguru, M|100\/100\n|turn|1\n|\n|t:|1698112315\n|move|p2a: Ursaluna|Protect|p2a: Ursaluna\n|-singleturn|p2a: Ursaluna|Protect\n|move|p1b: Palafin|Flip Turn|p2a: Ursaluna\n|-activate|p2a: Ursaluna|move: Protect\n|move|p1a: Torterra|Heavy Slam|p2b: Oranguru\n|-damage|p2b: Oranguru|79\/100\n|move|p2b: Oranguru|Trick Room|p2b: Oranguru\n|-fieldstart|move: Trick Room|[of] p2b: Oranguru\n|\n|upkeep\n|turn|2\n|\n|t:|1698112333\n|detailschange|p1b: Palafin|Palafin-Hero, M\n|switch|p1b: Flutter Mane|Flutter Mane|100\/100\n|-enditem|p1b: Flutter Mane|Booster Energy\n|-activate|p1b: Flutter Mane|ability: Protosynthesis|[fromitem]\n|-start|p1b: Flutter Mane|protosynthesisspa\n|-terastallize|p2a: Ursaluna|Normal\n|move|p2a: Ursaluna|Blood Moon|p1a: Torterra\n|-damage|p1a: Torterra|0 fnt\n|faint|p1a: Torterra\n|move|p2b: Oranguru|Instruct|p2a: Ursaluna\n|-singleturn|p2a: Ursaluna|move: Instruct|[of] p2b: Oranguru\n|move|p2a: Ursaluna|Blood Moon|p1b: Flutter Mane\n|-damage|p1b: Flutter Mane|0 fnt\n|faint|p1b: Flutter Mane\n|-end|p1b: Flutter Mane|Protosynthesis|[silent]\n|-hint|Some effects can force a Pokemon to use Blood Moon again in a row.\n|\n|upkeep\n|inactive|Battle timer is ON: inactive players will automatically lose when time's up. (requested by Devrick Mundle)\n|\n|t:|1698112359\n|switch|p1a: Dragapult|Dragapult, M|100\/100\n|switch|p1b: Palafin|Palafin-Hero, M|100\/100\n|-activate|p1b: Palafin|ability: Zero to Hero\n|turn|3\n|\n|t:|1698112377\n|move|p2a: Ursaluna|Protect|p2a: Ursaluna\n|-singleturn|p2a: Ursaluna|Protect\n|move|p1b: Palafin|Jet Punch|p2a: Ursaluna\n|-activate|p2a: Ursaluna|move: Protect\n|move|p2b: Oranguru|Psychic Terrain|p2b: Oranguru\n|-fieldstart|move: Psychic Terrain\n|move|p1a: Dragapult|Flamethrower|p2b: Oranguru\n|-damage|p2b: Oranguru|49\/100\n|-damage|p1a: Dragapult|91\/100|[from] item: Life Orb\n|\n|upkeep\n|turn|4\n|\n|t:|1698112402\n|move|p1b: Palafin|Jet Punch|p2a: Ursaluna\n|-activate|p2a: Ursaluna|move: Psychic Terrain\n|move|p2a: Ursaluna|Blood Moon|p1b: Palafin\n|-damage|p1b: Palafin|0 fnt\n|faint|p1b: Palafin\n|move|p2b: Oranguru|Instruct|p2a: Ursaluna\n|-singleturn|p2a: Ursaluna|move: Instruct|[of] p2b: Oranguru\n|move|p2a: Ursaluna|Blood Moon|p1a: Dragapult\n|-damage|p1a: Dragapult|0 fnt\n|faint|p1a: Dragapult\n|-hint|Some effects can force a Pokemon to use Blood Moon again in a row.\n|\n|upkeep\n|\n|t:|1698112418\n|switch|p1b: Weavile|Weavile, F|100\/100\n|switch|p1a: Gholdengo|Gholdengo|100\/100\n|-ability|p1b: Weavile|Pressure\n|turn|5\n|\n|t:|1698112444\n|move|p2a: Ursaluna|Focus Blast|p1b: Weavile|[miss]\n|-miss|p2a: Ursaluna|p1b: Weavile\n|move|p2b: Oranguru|Instruct|p2a: Ursaluna\n|-singleturn|p2a: Ursaluna|move: Instruct|[of] p2b: Oranguru\n|move|p2a: Ursaluna|Focus Blast|p1b: Weavile\n|-supereffective|p1b: Weavile\n|-damage|p1b: Weavile|0 fnt\n|faint|p1b: Weavile\n|move|p1a: Gholdengo|Trick|p2a: Ursaluna\n|-activate|p1a: Gholdengo|move: Trick|[of] p2a: Ursaluna\n|-item|p2a: Ursaluna|Choice Scarf|[from] move: Trick\n|-item|p1a: Gholdengo|Silk Scarf|[from] move: Trick\n|\n|-fieldend|move: Trick Room\n|upkeep\n|turn|6\n|\n|t:|1698112465\n|move|p1a: Gholdengo|Dazzling Gleam|p2b: Oranguru|[spread] p2a,p2b\n|-crit|p2b: Oranguru\n|-damage|p2a: Ursaluna|81\/100\n|-damage|p2b: Oranguru|22\/100\n|move|p2a: Ursaluna|Blood Moon|p1a: Gholdengo\n|-resisted|p1a: Gholdengo\n|-damage|p1a: Gholdengo|34\/100\n|move|p2b: Oranguru|Instruct|p2a: Ursaluna\n|-singleturn|p2a: Ursaluna|move: Instruct|[of] p2b: Oranguru\n|move|p2a: Ursaluna|Blood Moon|p1a: Gholdengo\n|-resisted|p1a: Gholdengo\n|-damage|p1a: Gholdengo|0 fnt\n|faint|p1a: Gholdengo\n|-hint|Some effects can force a Pokemon to use Blood Moon again in a row.\n|\n|win|Devrick Mundle\n|raw|parroti77's rating: 1053 &rarr; <strong>1042<\/strong><br \/>(-11 for losing)\n|raw|Devrick Mundle's rating: 1194 &rarr; <strong>1209<\/strong><br \/>(+15 for winning)\n","uploadtime":1698112554,"views":23,"p1id":"parroti77","p2id":"devrickmundle","formatid":"gen9doublesou","rating":1042,"private":0,"password":""}