{"id":"gen9doublesou-1971030502","p1":"dangledipipples","p2":"Jackmim","format":"[Gen 9] Doubles OU","log":"|j|\u203ddangledipipples\n|j|\u2606Jackmim\n|t:|1697695407\n|gametype|doubles\n|player|p1|dangledipipples|veteran|1104\n|player|p2|Jackmim|larry|1000\n|teamsize|p1|6\n|teamsize|p2|6\n|gen|9\n|tier|[Gen 9] Doubles OU\n|rated|\n|rule|Species Clause: Limit one of each Pok\u00e9mon\n|rule|OHKO Clause: OHKO moves are banned\n|rule|Evasion Moves Clause: Evasion moves are banned\n|rule|Gravity Sleep Clause: The combination of sleep-inducing moves with imperfect accuracy and Gravity or Gigantamax Orbeetle are banned\n|rule|Endless Battle Clause: Forcing endless battles is banned\n|rule|HP Percentage Mod: HP is shown in percentages\n|clearpoke\n|poke|p1|Poliwrath, F|\n|poke|p1|Pelipper, F|\n|poke|p1|Landorus-Therian, M|\n|poke|p1|Amoonguss, M|\n|poke|p1|Raichu, M|\n|poke|p1|Bronzong|\n|poke|p2|Tropius, M|\n|poke|p2|Oricorio-Pom-Pom, M|\n|poke|p2|Altaria, M|\n|poke|p2|Staraptor, M|\n|poke|p2|Flamigo, M|\n|poke|p2|Moltres-Galar|\n|teampreview\n|\n|t:|1697695426\n|start\n|switch|p1a: Raichu|Raichu, M, shiny|100\/100\n|switch|p1b: Poliwrath|Poliwrath, F|100\/100\n|switch|p2a: Jeju Air|Altaria, M, shiny|100\/100\n|switch|p2b: Emirates Pom|Oricorio-Pom-Pom, M, shiny|100\/100\n|turn|1\n|\n|t:|1697695443\n|move|p1a: Raichu|Fake Out|p2a: Jeju Air\n|-damage|p2a: Jeju Air|91\/100\n|move|p2b: Emirates Pom|Substitute|p2b: Emirates Pom\n|-start|p2b: Emirates Pom|Substitute\n|-damage|p2b: Emirates Pom|76\/100\n|cant|p2a: Jeju Air|flinch\n|move|p1b: Poliwrath|Belly Drum|p1b: Poliwrath\n|-damage|p1b: Poliwrath|50\/100\n|-setboost|p1b: Poliwrath|atk|6|[from] move: Belly Drum\n|-enditem|p1b: Poliwrath|Sitrus Berry|[eat]\n|-heal|p1b: Poliwrath|75\/100|[from] item: Sitrus Berry\n|\n|-heal|p2b: Emirates Pom|82\/100|[from] item: Leftovers\n|upkeep\n|turn|2\n|\n|t:|1697695499\n|move|p1b: Poliwrath|Protect|p1b: Poliwrath\n|-singleturn|p1b: Poliwrath|Protect\n|move|p1a: Raichu|Thunderbolt|p2b: Emirates Pom\n|-end|p2b: Emirates Pom|Substitute\n|move|p2b: Emirates Pom|Quiver Dance|p2b: Emirates Pom\n|-boost|p2b: Emirates Pom|spa|1\n|-boost|p2b: Emirates Pom|spd|1\n|-boost|p2b: Emirates Pom|spe|1\n|move|p2a: Jeju Air|Feather Dance|p1b: Poliwrath\n|-activate|p1b: Poliwrath|move: Protect\n|\n|-heal|p2b: Emirates Pom|88\/100|[from] item: Leftovers\n|upkeep\n|turn|3\n|\n|t:|1697695543\n|switch|p1a: Pelipper|Pelipper, F|100\/100\n|-weather|RainDance|[from] ability: Drizzle|[of] p1a: Pelipper\n|-terastallize|p1b: Poliwrath|Steel\n|move|p1b: Poliwrath|Liquidation|p2b: Emirates Pom\n|-damage|p2b: Emirates Pom|0 fnt\n|faint|p2b: Emirates Pom\n|move|p2a: Jeju Air|Dragon Dance|p2a: Jeju Air\n|-boost|p2a: Jeju Air|atk|1\n|-boost|p2a: Jeju Air|spe|1\n|\n|-weather|RainDance|[upkeep]\n|upkeep\n|\n|t:|1697695557\n|switch|p2b: AirBnB|Tropius, M, shiny|100\/100\n|turn|4\n|\n|t:|1697695565\n|move|p1b: Poliwrath|Liquidation|p2a: Jeju Air\n|-resisted|p2a: Jeju Air\n|-damage|p2a: Jeju Air|0 fnt\n|faint|p2a: Jeju Air\n|move|p1a: Pelipper|Tailwind|p1a: Pelipper\n|-sidestart|p1: dangledipipples|move: Tailwind\n|move|p2b: AirBnB|Substitute|p2b: AirBnB\n|-start|p2b: AirBnB|Substitute\n|-damage|p2b: AirBnB|75\/100\n|\n|-weather|RainDance|[upkeep]\n|upkeep\n|\n|t:|1697695577\n|switch|p2a: American Air|Staraptor, M, shiny|100\/100\n|turn|5\n|\n|t:|1697695588\n|move|p1b: Poliwrath|Drain Punch|p2a: American Air\n|-damage|p2a: American Air|0 fnt\n|-heal|p1b: Poliwrath|100\/100|[from] drain|[of] p2a: American Air\n|faint|p2a: American Air\n|move|p1a: Pelipper|Hurricane|p2b: AirBnB\n|-supereffective|p2b: AirBnB\n|-end|p2b: AirBnB|Substitute\n|move|p2b: AirBnB|Sunny Day|p2b: AirBnB\n|-weather|SunnyDay\n|\n|-weather|SunnyDay|[upkeep]\n|upkeep\n|\n|t:|1697695598\n|switch|p2a: Air Jordans|Moltres-Galar, shiny|100\/100\n|turn|6\n|\n|t:|1697695609\n|switch|p1a: Raichu|Raichu, M, shiny|100\/100\n|move|p1b: Poliwrath|Drain Punch|p2a: Air Jordans\n|-damage|p2a: Air Jordans|0 fnt\n|faint|p2a: Air Jordans\n|move|p2b: AirBnB|Substitute|p2b: AirBnB\n|-start|p2b: AirBnB|Substitute\n|-damage|p2b: AirBnB|50\/100\n|\n|-weather|SunnyDay|[upkeep]\n|upkeep\n|\n|t:|1697695619\n|switch|p2a: Larry|Flamigo, M, shiny|100\/100\n|turn|7\n|\n|t:|1697695632\n|move|p1a: Raichu|Thunderbolt|p2a: Larry\n|-supereffective|p2a: Larry\n|-damage|p2a: Larry|0 fnt\n|faint|p2a: Larry\n|move|p1b: Poliwrath|Drain Punch|p2b: AirBnB\n|-resisted|p2b: AirBnB\n|-end|p2b: AirBnB|Substitute\n|move|p2b: AirBnB|Giga Drain|p1b: Poliwrath\n|-resisted|p1b: Poliwrath\n|-damage|p1b: Poliwrath|90\/100\n|-heal|p2b: AirBnB|55\/100|[from] drain|[of] p1b: Poliwrath\n|\n|-weather|SunnyDay|[upkeep]\n|-sideend|p1: dangledipipples|move: Tailwind\n|upkeep\n|turn|8\n|\n|t:|1697695647\n|move|p1a: Raichu|Thunderbolt|p2b: AirBnB\n|-damage|p2b: AirBnB|31\/100\n|move|p1b: Poliwrath|Drain Punch|p2b: AirBnB\n|-resisted|p2b: AirBnB\n|-damage|p2b: AirBnB|0 fnt\n|-heal|p1b: Poliwrath|100\/100|[from] drain|[of] p2b: AirBnB\n|faint|p2b: AirBnB\n|\n|win|dangledipipples\n|raw|dangledipipples's rating: 1104 &rarr; <strong>1122<\/strong><br \/>(+18 for winning)\n|raw|Jackmim's rating: 1000 &rarr; <strong>1000<\/strong><br \/>(+0 for losing)\n|l|\u2606Jackmim\n","uploadtime":1697695657,"views":22,"p1id":"dangledipipples","p2id":"jackmim","formatid":"gen9doublesou","rating":1000,"private":0,"password":""}