{"id":"gen9doublesou-1971946870","p1":"Tamil Swampert","p2":"Ougaverde","format":"[Gen 9] Doubles OU","log":"|j|\u2606Tamil Swampert\n|j|\u2606Ougaverde\n|t:|1697796162\n|gametype|doubles\n|player|p1|Tamil Swampert|elesa|1053\n|player|p2|Ougaverde|1|1221\n|teamsize|p1|6\n|teamsize|p2|6\n|gen|9\n|tier|[Gen 9] Doubles OU\n|rated|\n|rule|Species Clause: Limit one of each Pok\u00e9mon\n|rule|OHKO Clause: OHKO moves are banned\n|rule|Evasion Moves Clause: Evasion moves are banned\n|rule|Gravity Sleep Clause: The combination of sleep-inducing moves with imperfect accuracy and Gravity or Gigantamax Orbeetle are banned\n|rule|Endless Battle Clause: Forcing endless battles is banned\n|rule|HP Percentage Mod: HP is shown in percentages\n|clearpoke\n|poke|p1|Sableye, M|\n|poke|p1|Flapple, F|\n|poke|p1|Ditto|\n|poke|p1|Golem-Alola, M|\n|poke|p1|Gliscor, F|\n|poke|p1|Rabsca, M|\n|poke|p2|Lucario, F|\n|poke|p2|Tandemaus|\n|poke|p2|Flamigo, F|\n|poke|p2|Slowking, M|\n|poke|p2|Gastrodon, F|\n|poke|p2|Vaporeon, F|\n|teampreview\n|inactive|Battle timer is ON: inactive players will automatically lose when time's up. (requested by Tamil Swampert)\n|\n|t:|1697796184\n|start\n|switch|p1a: Sableye|Sableye, M|100\/100\n|switch|p1b: Flapple|Flapple, F|100\/100\n|switch|p2a: Lucario|Lucario, F, shiny|100\/100\n|switch|p2b: Tandemaus|Tandemaus|100\/100\n|turn|1\n|\n|t:|1697796214\n|move|p1a: Sableye|Fake Out|p2b: Tandemaus\n|-damage|p2b: Tandemaus|86\/100\n|cant|p2b: Tandemaus|flinch\n|move|p2a: Lucario|Agility|p2a: Lucario\n|-boost|p2a: Lucario|spe|2\n|move|p1b: Flapple|Grav Apple|p2a: Lucario\n|-resisted|p2a: Lucario\n|-damage|p2a: Lucario|55\/100\n|-unboost|p2a: Lucario|def|1\n|\n|upkeep\n|turn|2\n|inactive|Ougaverde has 120 seconds left.\n|\n|t:|1697796245\n|move|p1a: Sableye|Quash|p2a: Lucario\n|-activate|p2a: Lucario|move: Quash\n|move|p2b: Tandemaus|Beat Up|p2a: Lucario\n|-resisted|p2a: Lucario\n|-damage|p2a: Lucario|52\/100\n|-ability|p2a: Lucario|Justified|boost\n|-boost|p2a: Lucario|atk|1\n|-resisted|p2a: Lucario\n|-damage|p2a: Lucario|51\/100\n|-ability|p2a: Lucario|Justified|boost\n|-boost|p2a: Lucario|atk|1\n|-resisted|p2a: Lucario\n|-damage|p2a: Lucario|48\/100\n|-ability|p2a: Lucario|Justified|boost\n|-boost|p2a: Lucario|atk|1\n|-resisted|p2a: Lucario\n|-damage|p2a: Lucario|46\/100\n|-ability|p2a: Lucario|Justified|boost\n|-boost|p2a: Lucario|atk|1\n|-resisted|p2a: Lucario\n|-damage|p2a: Lucario|45\/100\n|-ability|p2a: Lucario|Justified|boost\n|-boost|p2a: Lucario|atk|1\n|-resisted|p2a: Lucario\n|-damage|p2a: Lucario|43\/100\n|-ability|p2a: Lucario|Justified|boost\n|-boost|p2a: Lucario|atk|1\n|-hitcount|p2a: Lucario|6\n|move|p1b: Flapple|Grav Apple|p2a: Lucario\n|-resisted|p2a: Lucario\n|-damage|p2a: Lucario|0 fnt\n|faint|p2a: Lucario\n|\n|upkeep\n|inactive|Ougaverde has 120 seconds left.\n|\n|t:|1697796253\n|switch|p2a: Flamigo|Flamigo, F|100\/100\n|-copyboost|p2a: Flamigo|p2b: Tandemaus|[from] ability: Costar\n|turn|3\n|inactive|Ougaverde has 120 seconds left.\n|\n|t:|1697796301\n|move|p1a: Sableye|Gravity|p1a: Sableye\n|-fieldstart|move: Gravity\n|move|p2b: Tandemaus|Beat Up|p1b: Flapple\n|-damage|p1b: Flapple|97\/100\n|-damage|p1b: Flapple|95\/100\n|-damage|p1b: Flapple|93\/100\n|-damage|p1b: Flapple|90\/100\n|-damage|p1b: Flapple|88\/100\n|-hitcount|p1b: Flapple|5\n|move|p2a: Flamigo|Acrobatics|p1b: Flapple\n|-supereffective|p1b: Flapple\n|-damage|p1b: Flapple|17\/100\n|move|p1b: Flapple|Dragon Rush|p2a: Flamigo\n|-damage|p2a: Flamigo|8\/100\n|\n|upkeep\n|turn|4\n|inactive|Ougaverde has 120 seconds left.\n|inactive|Tamil Swampert has 120 seconds left.\n|\n|t:|1697796361\n|move|p1a: Sableye|Quash|p2a: Flamigo\n|-activate|p2a: Flamigo|move: Quash\n|move|p2b: Tandemaus|Beat Up|p1b: Flapple\n|-damage|p1b: Flapple|14\/100\n|-damage|p1b: Flapple|12\/100\n|-damage|p1b: Flapple|9\/100\n|-damage|p1b: Flapple|7\/100\n|-damage|p1b: Flapple|4\/100\n|-hitcount|p1b: Flapple|5\n|move|p1b: Flapple|Grav Apple|p2b: Tandemaus\n|-crit|p2b: Tandemaus\n|-damage|p2b: Tandemaus|0 fnt\n|faint|p2b: Tandemaus\n|move|p2a: Flamigo|Facade|p1b: Flapple\n|-damage|p1b: Flapple|0 fnt\n|faint|p1b: Flapple\n|\n|upkeep\n|inactive|Ougaverde has 120 seconds left.\n|j| ehbufe\n|inactive|Ougaverde has 90 seconds left.\n|inactive|Tamil Swampert has 90 seconds left.\n|\n|t:|1697796403\n|switch|p2b: Gastrodon|Gastrodon, F|100\/100\n|switch|p1b: Gliscor|Gliscor, F|100\/100\n|turn|5\n|\n|t:|1697796417\n|move|p1a: Sableye|Quash|p2b: Gastrodon\n|-activate|p2b: Gastrodon|move: Quash\n|move|p1b: Gliscor|Tailwind|p1b: Gliscor\n|-sidestart|p1: Tamil Swampert|move: Tailwind\n|move|p2a: Flamigo|Liquidation|p2b: Gastrodon\n|-activate|p2b: Gastrodon|ability: Storm Drain\n|-ability|p2b: Gastrodon|Storm Drain|boost\n|-boost|p2b: Gastrodon|spa|1\n|move|p2b: Gastrodon|Acid Armor|p2b: Gastrodon\n|-boost|p2b: Gastrodon|def|2\n|\n|-status|p1b: Gliscor|tox|[from] item: Toxic Orb\n|upkeep\n|turn|6\n|inactive|Tamil Swampert has 120 seconds left.\n|inactive|Ougaverde has 120 seconds left.\n|\n|t:|1697796447\n|switch|p1a: Ditto|Ditto|100\/100\n|move|p1b: Gliscor|Fling|p2b: Gastrodon\n|-damage|p2b: Gastrodon|95\/100\n|-status|p2b: Gastrodon|tox\n|-enditem|p1b: Gliscor|Toxic Orb|[from] move: Fling\n|move|p2a: Flamigo|Acrobatics|p1a: Ditto\n|-damage|p1a: Ditto|51\/100\n|move|p2b: Gastrodon|Amnesia|p2b: Gastrodon\n|-boost|p2b: Gastrodon|spd|2\n|\n|-heal|p2b: Gastrodon|100\/100 tox|[from] item: Leftovers\n|-damage|p2b: Gastrodon|94\/100 tox|[from] psn\n|upkeep\n|turn|7\n|inactive|Tamil Swampert has 120 seconds left.\n|inactive|Ougaverde has 120 seconds left.\n|inactive|Ougaverde has 90 seconds left.\n|\n|t:|1697796493\n|move|p1a: Ditto|Transform|p2b: Gastrodon\n|-transform|p1a: Ditto|p2b: Gastrodon\n|move|p1b: Gliscor|Dual Wingbeat|p2a: Flamigo\n|-supereffective|p2a: Flamigo\n|-damage|p2a: Flamigo|0 fnt\n|faint|p2a: Flamigo\n|-hitcount|p2: Flamigo|1\n|move|p2b: Gastrodon|Surf|p1b: Gliscor|[spread] p1b\n|-ability|p1a: Ditto|Storm Drain|boost\n|-boost|p1a: Ditto|spa|1\n|-supereffective|p1b: Gliscor\n|-damage|p1b: Gliscor|0 fnt\n|faint|p1b: Gliscor\n|\n|-heal|p2b: Gastrodon|100\/100 tox|[from] item: Leftovers\n|-damage|p2b: Gastrodon|88\/100 tox|[from] psn\n|-fieldend|move: Gravity\n|upkeep\n|\n|t:|1697796515\n|switch|p1b: Sableye|Sableye, M|100\/100\n|switch|p2a: Vaporeon|Vaporeon, F|100\/100\n|turn|8\n|inactive|Tamil Swampert has 120 seconds left.\n|inactive|Ougaverde has 120 seconds left.\n|\n|t:|1697796532\n|move|p1b: Sableye|Gravity|p1b: Sableye\n|-fieldstart|move: Gravity\n|move|p1a: Ditto|Recover|p1a: Ditto\n|-heal|p1a: Ditto|100\/100\n|move|p2a: Vaporeon|Icy Wind|p1b: Sableye|[spread] p1a,p1b\n|-damage|p1a: Ditto|94\/100\n|-damage|p1b: Sableye|79\/100\n|-unboost|p1a: Ditto|spe|1\n|-unboost|p1b: Sableye|spe|1\n|move|p2b: Gastrodon|Acid Armor|p2b: Gastrodon\n|-boost|p2b: Gastrodon|def|2\n|\n|-heal|p2b: Gastrodon|94\/100 tox|[from] item: Leftovers\n|-damage|p2b: Gastrodon|76\/100 tox|[from] psn\n|-sideend|p1: Tamil Swampert|move: Tailwind\n|upkeep\n|turn|9\n|l| ehbufe\n|inactive|Tamil Swampert has 120 seconds left.\n|\n|t:|1697796570\n|switch|p1b: Rabsca|Rabsca, M|100\/100\n|move|p2a: Vaporeon|Icy Wind|p1a: Ditto|[spread] p1a,p1b\n|-damage|p1a: Ditto|88\/100\n|-damage|p1b: Rabsca|91\/100\n|-unboost|p1a: Ditto|spe|1\n|-unboost|p1b: Rabsca|spe|1\n|move|p2b: Gastrodon|Amnesia|p2b: Gastrodon\n|-boost|p2b: Gastrodon|spd|2\n|move|p1a: Ditto|Recover|p1a: Ditto\n|-heal|p1a: Ditto|100\/100\n|\n|-heal|p2b: Gastrodon|82\/100 tox|[from] item: Leftovers\n|-damage|p2b: Gastrodon|58\/100 tox|[from] psn\n|upkeep\n|turn|10\n|inactive|Tamil Swampert has 120 seconds left.\n|\n|t:|1697796593\n|-terastallize|p2b: Gastrodon|Fairy\n|move|p2a: Vaporeon|Icy Wind|p1b: Rabsca|[spread] p1a,p1b\n|-damage|p1a: Ditto|93\/100\n|-damage|p1b: Rabsca|80\/100\n|-unboost|p1a: Ditto|spe|1\n|-unboost|p1b: Rabsca|spe|1\n|move|p2b: Gastrodon|Surf|p1a: Ditto|[spread] p1b\n|-immune|p2a: Vaporeon|[from] ability: Water Absorb\n|-ability|p1a: Ditto|Storm Drain|boost\n|-boost|p1a: Ditto|spa|1\n|-damage|p1b: Rabsca|58\/100\n|move|p1a: Ditto|Recover|p1a: Ditto\n|-heal|p1a: Ditto|100\/100\n|move|p1b: Rabsca|Revival Blessing|p1b: Rabsca\n|-enditem|p1b: Rabsca|Leppa Berry|[eat]\n|-activate|p1b: Rabsca|item: Leppa Berry|Revival Blessing|[consumed]\n|inactive|Tamil Swampert has 90 seconds left.\n|\n|t:|1697796613\n|-heal|p1: Flapple|50\/100|[from] move: Revival Blessing\n|\n|-heal|p2b: Gastrodon|64\/100 tox|[from] item: Leftovers\n|-damage|p2b: Gastrodon|33\/100 tox|[from] psn\n|upkeep\n|turn|11\n|\n|t:|1697796629\n|move|p2a: Vaporeon|Surf|p1a: Ditto|[spread] p1b\n|-ability|p2b: Gastrodon|Storm Drain|boost\n|-boost|p2b: Gastrodon|spa|1\n|-ability|p1a: Ditto|Storm Drain|boost\n|-boost|p1a: Ditto|spa|1\n|-damage|p1b: Rabsca|36\/100\n|move|p2b: Gastrodon|Recover|p2b: Gastrodon\n|-heal|p2b: Gastrodon|83\/100 tox\n|move|p1a: Ditto|Recover||[still]\n|-fail|p1a: Ditto|heal\n|move|p1b: Rabsca|Revival Blessing|p1b: Rabsca\n|\n|t:|1697796642\n|-heal|p1: Gliscor|50\/100|[from] move: Revival Blessing\n|\n|-heal|p2b: Gastrodon|89\/100 tox|[from] item: Leftovers\n|-damage|p2b: Gastrodon|53\/100 tox|[from] psn\n|upkeep\n|turn|12\n|inactive|Tamil Swampert has 120 seconds left.\n|\n|t:|1697796660\n|move|p2a: Vaporeon|Surf|p1a: Ditto|[spread] p1b\n|-ability|p2b: Gastrodon|Storm Drain|boost\n|-boost|p2b: Gastrodon|spa|1\n|-ability|p1a: Ditto|Storm Drain|boost\n|-boost|p1a: Ditto|spa|1\n|-damage|p1b: Rabsca|11\/100\n|move|p2b: Gastrodon|Surf|p1a: Ditto|[spread] p1b\n|-immune|p2a: Vaporeon|[from] ability: Water Absorb\n|-ability|p1a: Ditto|Storm Drain|boost\n|-boost|p1a: Ditto|spa|1\n|-crit|p1b: Rabsca\n|-damage|p1b: Rabsca|0 fnt\n|faint|p1b: Rabsca\n|move|p1a: Ditto|Recover||[still]\n|-fail|p1a: Ditto|heal\n|\n|-heal|p2b: Gastrodon|59\/100 tox|[from] item: Leftovers\n|-damage|p2b: Gastrodon|16\/100 tox|[from] psn\n|-fieldend|move: Gravity\n|upkeep\n|\n|t:|1697796679\n|switch|p1b: Golem|Golem-Alola, M|100\/100\n|turn|13\n|inactive|Tamil Swampert has 120 seconds left.\n|\n|t:|1697796690\n|move|p1b: Golem|Explosion|p2a: Vaporeon|[spread] p2a,p2b\n|-immune|p1a: Ditto\n|-supereffective|p2a: Vaporeon\n|-damage|p2a: Vaporeon|0 fnt\n|-damage|p2b: Gastrodon|0 fnt\n|faint|p1b: Golem\n|faint|p2a: Vaporeon\n|faint|p2b: Gastrodon\n|-activate|p1a: Ditto|move: Struggle\n|move|p1a: Ditto|Struggle|p2: Vaporeon|[notarget]\n|-fail|p1a: Ditto\n|\n|upkeep\n|\n|t:|1697796704\n|switch|p1b: Flapple|Flapple, F|50\/100\n|switch|p2b: Slowking|Slowking, M|100\/100\n|turn|14\n|\n|t:|1697796719\n|switch|p1b: Gliscor|Gliscor, F|50\/100\n|switch|p1a: Sableye|Sableye, M|79\/100\n|move|p2b: Slowking|Psych Up|p1a: Sableye\n|-copyboost|p2b: Slowking|p1a: Sableye|[from] move: Psych Up\n|\n|upkeep\n|turn|15\n|c|\u2606Tamil Swampert|Lol\n|c|\u2606Ougaverde|Damn\n|\n|t:|1697796746\n|move|p2b: Slowking|Protect|p2b: Slowking\n|-singleturn|p2b: Slowking|Protect\n|move|p1a: Sableye|Fake Out|p2b: Slowking\n|-activate|p2b: Slowking|move: Protect\n|move|p1b: Gliscor|High Horsepower|p2b: Slowking\n|-activate|p2b: Slowking|move: Protect\n|\n|upkeep\n|turn|16\n|\n|t:|1697796760\n|move|p1a: Sableye|Gravity|p1a: Sableye\n|-fieldstart|move: Gravity\n|move|p1b: Gliscor|High Horsepower|p2b: Slowking\n|-damage|p2b: Slowking|57\/100\n|move|p2b: Slowking|Surf|p1b: Gliscor|[spread] p1a,p1b\n|-supereffective|p1b: Gliscor\n|-damage|p1a: Sableye|40\/100\n|-damage|p1b: Gliscor|0 fnt\n|faint|p1b: Gliscor\n|\n|-heal|p2b: Slowking|63\/100|[from] item: Leftovers\n|upkeep\n|\n|t:|1697796773\n|switch|p1b: Flapple|Flapple, F|50\/100\n|turn|17\n|c|\u2606Tamil Swampert|Gg\n|\n|t:|1697796790\n|move|p1a: Sableye|Helping Hand|p1b: Flapple\n|-singleturn|p1b: Flapple|Helping Hand|[of] p1a: Sableye\n|move|p2b: Slowking|Protect|p2b: Slowking\n|-singleturn|p2b: Slowking|Protect\n|move|p1b: Flapple|Grav Apple|p2b: Slowking\n|-activate|p2b: Slowking|move: Protect\n|\n|-heal|p2b: Slowking|69\/100|[from] item: Leftovers\n|upkeep\n|turn|18\n|\n|t:|1697796809\n|move|p1a: Sableye|Helping Hand|p1b: Flapple\n|-singleturn|p1b: Flapple|Helping Hand|[of] p1a: Sableye\n|move|p1b: Flapple|Grav Apple|p2b: Slowking\n|-supereffective|p2b: Slowking\n|-damage|p2b: Slowking|0 fnt\n|faint|p2b: Slowking\n|\n|win|Tamil Swampert\n|raw|Tamil Swampert's rating: 1053 &rarr; <strong>1099<\/strong><br \/>(+46 for winning)\n|raw|Ougaverde's rating: 1221 &rarr; <strong>1185<\/strong><br \/>(-36 for losing)\n|l|\u2606Ougaverde\n","uploadtime":1697796834,"views":22,"p1id":"tamilswampert","p2id":"ougaverde","formatid":"gen9doublesou","rating":1099,"private":0,"password":""}