{"id":"gen9doublesou-1979764324","p1":"Eddy Metal","p2":"Kuzwa","format":"[Gen 9] Doubles OU","log":"|j|\u2606Eddy Metal\n|j|\u2606Kuzwa\n|t:|1698710823\n|gametype|doubles\n|player|p1|Eddy Metal|grimsley|1091\n|player|p2|Kuzwa|cheren-gen5bw2|1169\n|teamsize|p1|6\n|teamsize|p2|6\n|gen|9\n|tier|[Gen 9] Doubles OU\n|rated|\n|rule|Species Clause: Limit one of each Pok\u00e9mon\n|rule|OHKO Clause: OHKO moves are banned\n|rule|Evasion Moves Clause: Evasion moves are banned\n|rule|Gravity Sleep Clause: The combination of sleep-inducing moves with imperfect accuracy and Gravity or Gigantamax Orbeetle are banned\n|rule|Endless Battle Clause: Forcing endless battles is banned\n|rule|HP Percentage Mod: HP is shown in percentages\n|clearpoke\n|poke|p1|Cyclizar, M|\n|poke|p1|Flutter Mane|\n|poke|p1|Scream Tail|\n|poke|p1|Meowscarada, F|\n|poke|p1|Palafin, M|\n|poke|p1|Pawmot, M|\n|poke|p2|Lurantis, M|\n|poke|p2|Sinistcha-Masterpiece|\n|poke|p2|Gallade, M|\n|poke|p2|Heatran, M|\n|poke|p2|Ogerpon-Wellspring, F|\n|poke|p2|Cresselia, F|\n|teampreview\n|inactive|Battle timer is ON: inactive players will automatically lose when time's up. (requested by Kuzwa)\n|inactive|Eddy Metal has 120 seconds left.\n|c|\u2606Eddy Metal|poo poo pee pee?\n|\n|t:|1698710878\n|start\n|switch|p1a: Jiggles|Scream Tail, shiny|100\/100\n|switch|p1b: Buddy|Palafin, M|100\/100\n|switch|p2a: Thing?|Lurantis, M|100\/100\n|switch|p2b: Chrysanthemum|Cresselia, F, shiny|100\/100\n|turn|1\n|\n|t:|1698710890\n|detailschange|p1b: Buddy|Palafin-Hero, M\n|switch|p1b: Thin|Cyclizar, M|100\/100\n|move|p1a: Jiggles|Perish Song|p1a: Jiggles\n|-start|p1a: Jiggles|perish3|[silent]\n|-start|p1b: Thin|perish3|[silent]\n|-start|p2a: Thing?|perish3|[silent]\n|-start|p2b: Chrysanthemum|perish3|[silent]\n|-fieldactivate|move: Perish Song\n|move|p2a: Thing?|Leaf Storm|p1b: Thin\n|-resisted|p1b: Thin\n|-damage|p1b: Thin|63\/100\n|-boost|p2a: Thing?|spa|2\n|move|p2b: Chrysanthemum|Trick Room|p2b: Chrysanthemum\n|-fieldstart|move: Trick Room|[of] p2b: Chrysanthemum\n|\n|-start|p2a: Thing?|perish3\n|-start|p2b: Chrysanthemum|perish3\n|-start|p1a: Jiggles|perish3\n|-start|p1b: Thin|perish3\n|upkeep\n|turn|2\n|\n|t:|1698710904\n|switch|p2b: Monster|Sinistcha-Masterpiece|100\/100\n|switch|p1b: Mencia|Meowscarada, F, shiny|100\/100\n|move|p2a: Thing?|Superpower|p1b: Mencia\n|-supereffective|p1b: Mencia\n|-damage|p1b: Mencia|6\/100\n|-boost|p2a: Thing?|atk|1\n|-boost|p2a: Thing?|def|1\n|move|p1a: Jiggles|Trick Room|p1a: Jiggles\n|-fieldend|move: Trick Room\n|\n|-start|p1a: Jiggles|perish2\n|-start|p2a: Thing?|perish2\n|upkeep\n|turn|3\n|\n|t:|1698710925\n|switch|p2a: Chrysanthemum|Cresselia, F, shiny|100\/100\n|move|p2b: Monster|Rage Powder|p2b: Monster\n|-singleturn|p2b: Monster|move: Rage Powder\n|move|p1b: Mencia|U-turn|p2a: Chrysanthemum\n|-start|p1b: Mencia|typechange|Bug|[from] ability: Protean\n|-supereffective|p2a: Chrysanthemum\n|-damage|p2a: Chrysanthemum|26\/100\n|\n|t:|1698710939\n|switch|p1b: Thin|Cyclizar, M|96\/100|[from] U-turn\n|move|p1a: Jiggles|Wish|p1a: Jiggles\n|\n|-heal|p2a: Chrysanthemum|32\/100|[from] item: Leftovers\n|-start|p1a: Jiggles|perish1\n|upkeep\n|turn|4\n|\n|t:|1698710955\n|-end|p1a: Jiggles|Protosynthesis|[silent]\n|switch|p1a: Buddy|Palafin-Hero, M|100\/100\n|-activate|p1a: Buddy|ability: Zero to Hero\n|move|p1b: Thin|U-turn|p2a: Chrysanthemum\n|-supereffective|p2a: Chrysanthemum\n|-damage|p2a: Chrysanthemum|8\/100\n|\n|t:|1698710963\n|switch|p1b: Mencia|Meowscarada, F, shiny|6\/100|[from] U-turn\n|move|p2b: Monster|Matcha Gotcha|p1a: Buddy|[spread] p1a,p1b\n|-supereffective|p1a: Buddy\n|-resisted|p1b: Mencia\n|-damage|p1a: Buddy|51\/100\n|-damage|p1b: Mencia|0 fnt\n|faint|p1b: Mencia\n|move|p2a: Chrysanthemum|Trick Room|p2a: Chrysanthemum\n|-fieldstart|move: Trick Room|[of] p2a: Chrysanthemum\n|\n|-heal|p1a: Buddy|100\/100|[from] move: Wish|[wisher] Jiggles\n|-heal|p2a: Chrysanthemum|14\/100|[from] item: Leftovers\n|upkeep\n|\n|t:|1698710982\n|switch|p1b: Cuddles|Pawmot, M, shiny|100\/100\n|turn|5\n|\n|t:|1698710994\n|switch|p1a: Jiggles|Scream Tail, shiny|100\/100\n|move|p1b: Cuddles|Fake Out|p2a: Chrysanthemum\n|-damage|p2a: Chrysanthemum|5\/100\n|move|p2b: Monster|Strength Sap|p1a: Jiggles\n|-unboost|p1a: Jiggles|atk|1\n|cant|p2a: Chrysanthemum|flinch\n|\n|-heal|p2a: Chrysanthemum|11\/100|[from] item: Leftovers\n|upkeep\n|turn|6\n|inactive|Eddy Metal has 120 seconds left.\n|\n|t:|1698711026\n|switch|p2a: Core|Heatran, M|100\/100\n|-item|p2a: Core|Air Balloon\n|switch|p1b: Buddy|Palafin-Hero, M|100\/100\n|move|p2b: Monster|Matcha Gotcha|p1a: Jiggles|[spread] p1a,p1b\n|-supereffective|p1b: Buddy\n|-damage|p1a: Jiggles|80\/100\n|-damage|p1b: Buddy|51\/100\n|-status|p1a: Jiggles|brn\n|move|p1a: Jiggles|Perish Song|p1a: Jiggles\n|-start|p1a: Jiggles|perish3|[silent]\n|-start|p1b: Buddy|perish3|[silent]\n|-start|p2a: Core|perish3|[silent]\n|-start|p2b: Monster|perish3|[silent]\n|-fieldactivate|move: Perish Song\n|\n|-heal|p1a: Jiggles|86\/100 brn|[from] item: Leftovers\n|-damage|p1a: Jiggles|80\/100 brn|[from] brn\n|-start|p2b: Monster|perish3\n|-start|p2a: Core|perish3\n|-start|p1a: Jiggles|perish3\n|-start|p1b: Buddy|perish3\n|upkeep\n|turn|7\n|inactive|Eddy Metal has 120 seconds left.\n|inactive|Eddy Metal has 90 seconds left.\n|\n|t:|1698711105\n|move|p2b: Monster|Matcha Gotcha|p1b: Buddy|[spread] p1a,p1b\n|-supereffective|p1b: Buddy\n|-damage|p1a: Jiggles|57\/100 brn\n|-damage|p1b: Buddy|1\/100\n|move|p2a: Core|Flash Cannon|p1a: Jiggles\n|-supereffective|p1a: Jiggles\n|-damage|p1a: Jiggles|0 fnt\n|faint|p1a: Jiggles\n|-end|p1a: Jiggles|Protosynthesis|[silent]\n|move|p1b: Buddy|Close Combat|p2a: Core\n|-supereffective|p2a: Core\n|-damage|p2a: Core|21\/100\n|-unboost|p1b: Buddy|def|1\n|-unboost|p1b: Buddy|spd|1\n|-enditem|p2a: Core|Air Balloon\n|\n|-start|p2b: Monster|perish2\n|-start|p2a: Core|perish2\n|-start|p1b: Buddy|perish2\n|upkeep\n|inactive|Eddy Metal has 60 seconds left.\n|\n|t:|1698711129\n|switch|p1a: Cuddles|Pawmot, M, shiny|100\/100\n|turn|8\n|\n|t:|1698711149\n|switch|p2a: Thing?|Lurantis, M|100\/100\n|move|p1b: Buddy|Jet Punch|p2a: Thing?\n|-resisted|p2a: Thing?\n|-damage|p2a: Thing?|82\/100\n|move|p2b: Monster|Matcha Gotcha|p1a: Cuddles|[spread] p1a,p1b\n|-crit|p1a: Cuddles\n|-supereffective|p1b: Buddy\n|-damage|p1a: Cuddles|19\/100\n|-damage|p1b: Buddy|0 fnt\n|-status|p1a: Cuddles|brn\n|faint|p1b: Buddy\n|move|p1a: Cuddles|Revival Blessing|p1a: Cuddles\n|-enditem|p1a: Cuddles|Leppa Berry|[eat]\n|-activate|p1a: Cuddles|item: Leppa Berry|Revival Blessing|[consumed]\n|inactive|Eddy Metal has 60 seconds left.\n|c|\u2606Eddy Metal|yeah\n|c|\u2606Eddy Metal|poo poo pee pee\n|\n|t:|1698711175\n|-heal|p1: Mencia|50\/100|[from] move: Revival Blessing\n|\n|-damage|p1a: Cuddles|13\/100 brn|[from] brn\n|-start|p2b: Monster|perish1\n|-fieldend|move: Trick Room\n|upkeep\n|\n|t:|1698711181\n|switch|p1b: Mencia|Meowscarada, F, shiny|50\/100\n|turn|9\n|inactive|Eddy Metal has 60 seconds left.\n|\n|t:|1698711193\n|switch|p2b: Chrysanthemum|Cresselia, F, shiny|11\/100\n|move|p1b: Mencia|U-turn|p2a: Thing?\n|-start|p1b: Mencia|typechange|Bug|[from] ability: Protean\n|-supereffective|p2a: Thing?\n|-damage|p2a: Thing?|0 fnt\n|faint|p2a: Thing?\n|inactive|Eddy Metal has 60 seconds left.\n|\n|t:|1698711214\n|switch|p1b: Thin|Cyclizar, M|100\/100|[from] U-turn\n|move|p1a: Cuddles|Revival Blessing|p1a: Cuddles\n|\n|t:|1698711222\n|-heal|p1: Jiggles|50\/100|[from] move: Revival Blessing\n|\n|-heal|p2b: Chrysanthemum|17\/100|[from] item: Leftovers\n|-damage|p1a: Cuddles|7\/100 brn|[from] brn\n|upkeep\n|\n|t:|1698711231\n|switch|p2a: Monster|Sinistcha-Masterpiece|100\/100\n|-heal|p2b: Chrysanthemum|42\/100|[from] ability: Hospitality|[of] p2a: Monster\n|turn|10\n|inactive|Eddy Metal has 60 seconds left.\n|\n|t:|1698711249\n|switch|p2b: Core|Heatran, M|21\/100\n|move|p1b: Thin|Shed Tail|p1b: Thin\n|-start|p1b: Thin|Substitute|[from] move: Shed Tail\n|-damage|p1b: Thin|50\/100\n|-enditem|p1b: Thin|Sitrus Berry|[eat]\n|-heal|p1b: Thin|75\/100|[from] item: Sitrus Berry\n|inactive|Eddy Metal has 60 seconds left.\n|\n|t:|1698711260\n|switch|p1b: Gucci|Flutter Mane|100\/100|[from] Shed Tail\n|move|p1a: Cuddles|Double Shock|p2b: Core\n|-damage|p2b: Core|0 fnt\n|-start|p1a: Cuddles|typechange|???\/Fighting|[from] move: Double Shock\n|faint|p2b: Core\n|move|p2a: Monster|Matcha Gotcha|p1b: Gucci|[spread] p1a,p1b\n|-activate|p1b: Gucci|move: Substitute|[damage]\n|-damage|p1a: Cuddles|0 fnt\n|faint|p1a: Cuddles\n|\n|upkeep\n|\n|t:|1698711274\n|switch|p1a: Thin|Cyclizar, M|100\/100\n|switch|p2b: E-Gone|Ogerpon-Wellspring, F|100\/100\n|turn|11\n|inactive|Eddy Metal has 90 seconds left.\n|\n|t:|1698711294\n|-terastallize|p1b: Gucci|Fairy\n|move|p1b: Gucci|Dazzling Gleam|p2b: E-Gone|[spread] p2a,p2b\n|-damage|p2a: Monster|38\/100\n|-damage|p2b: E-Gone|33\/100\n|-damage|p1b: Gucci|91\/100|[from] item: Life Orb\n|move|p1a: Thin|Shed Tail|p1a: Thin\n|-start|p1a: Thin|Substitute|[from] move: Shed Tail\n|-damage|p1a: Thin|50\/100\n|\n|t:|1698711303\n|switch|p1a: Jiggles|Scream Tail, shiny|50\/100|[from] Shed Tail\n|move|p2b: E-Gone|Ivy Cudgel|p1b: Gucci\n|-end|p1b: Gucci|Substitute\n|move|p2a: Monster|Matcha Gotcha|p1b: Gucci|[spread] p1a,p1b\n|-activate|p1a: Jiggles|move: Substitute|[damage]\n|-heal|p2a: Monster|50\/100|[from] drain|[of] p1a: Jiggles\n|-damage|p1b: Gucci|57\/100\n|-heal|p2a: Monster|63\/100|[from] drain|[of] p1b: Gucci\n|-status|p1b: Gucci|brn\n|\n|-heal|p1a: Jiggles|57\/100|[from] item: Leftovers\n|-damage|p1b: Gucci|51\/100 brn|[from] brn\n|upkeep\n|turn|12\n|inactive|Eddy Metal has 90 seconds left.\n|inactive|Eddy Metal has 60 seconds left.\n|\n|t:|1698711351\n|-terastallize|p2a: Monster|Steel\n|move|p2b: E-Gone|Spiky Shield|p2b: E-Gone\n|-singleturn|p2b: E-Gone|move: Protect\n|move|p1b: Gucci|Dazzling Gleam|p2a: Monster|[spread] p2a\n|-activate|p2b: E-Gone|move: Protect\n|-resisted|p2a: Monster\n|-damage|p2a: Monster|31\/100\n|-damage|p1b: Gucci|41\/100 brn|[from] item: Life Orb\n|move|p1a: Jiggles|Wish|p1a: Jiggles\n|move|p2a: Monster|Matcha Gotcha|p1a: Jiggles|[spread] p1a,p1b\n|-end|p1a: Jiggles|Substitute\n|-heal|p2a: Monster|31\/100|[from] drain|[of] p1a: Jiggles\n|-damage|p1b: Gucci|4\/100 brn\n|-heal|p2a: Monster|45\/100|[from] drain|[of] p1b: Gucci\n|\n|-heal|p1a: Jiggles|63\/100|[from] item: Leftovers\n|-damage|p1b: Gucci|0 fnt|[from] brn\n|faint|p1b: Gucci\n|-end|p1b: Gucci|Protosynthesis|[silent]\n|upkeep\n|\n|t:|1698711361\n|switch|p1b: Mencia|Meowscarada, F, shiny|50\/100\n|turn|13\n|inactive|Eddy Metal has 60 seconds left.\n|\n|t:|1698711382\n|move|p1b: Mencia|U-turn|p2b: E-Gone\n|-start|p1b: Mencia|typechange|Bug|[from] ability: Protean\n|-supereffective|p2b: E-Gone\n|-damage|p2b: E-Gone|0 fnt\n|faint|p2b: E-Gone\n|inactive|Eddy Metal has 60 seconds left.\n|\n|t:|1698711387\n|switch|p1b: Thin|Cyclizar, M|84\/100|[from] U-turn\n|move|p1a: Jiggles|Psychic Fangs|p2a: Monster\n|-resisted|p2a: Monster\n|-damage|p2a: Monster|33\/100\n|move|p2a: Monster|Matcha Gotcha|p1b: Thin|[spread] p1a,p1b\n|-resisted|p1b: Thin\n|-damage|p1a: Jiggles|41\/100\n|-heal|p2a: Monster|46\/100|[from] drain|[of] p1a: Jiggles\n|-damage|p1b: Thin|62\/100\n|-heal|p2a: Monster|57\/100|[from] drain|[of] p1b: Thin\n|-status|p1b: Thin|brn\n|\n|-heal|p1a: Jiggles|91\/100|[from] move: Wish|[wisher] Jiggles\n|-heal|p1a: Jiggles|97\/100|[from] item: Leftovers\n|-damage|p1b: Thin|55\/100 brn|[from] brn\n|upkeep\n|\n|t:|1698711392\n|switch|p2b: Warrior|Gallade, M, shiny|100\/100\n|turn|14\n|inactive|Eddy Metal has 60 seconds left.\n|\n|t:|1698711422\n|move|p1b: Thin|Shed Tail|p1b: Thin\n|-start|p1b: Thin|Substitute|[from] move: Shed Tail\n|-damage|p1b: Thin|5\/100 brn\n|\n|t:|1698711425\n|switch|p1b: Mencia|Meowscarada, F, shiny|50\/100|[from] Shed Tail\n|move|p2b: Warrior|Sacred Sword|p1b: Mencia\n|-supereffective|p1b: Mencia\n|-end|p1b: Mencia|Substitute\n|move|p1a: Jiggles|Perish Song|p1a: Jiggles\n|-start|p1a: Jiggles|perish3|[silent]\n|-start|p1b: Mencia|perish3|[silent]\n|-start|p2a: Monster|perish3|[silent]\n|-start|p2b: Warrior|perish3|[silent]\n|-fieldactivate|move: Perish Song\n|move|p2a: Monster|Matcha Gotcha|p1b: Mencia|[spread] p1a,p1b\n|-resisted|p1b: Mencia\n|-damage|p1a: Jiggles|74\/100\n|-heal|p2a: Monster|70\/100|[from] drain|[of] p1a: Jiggles\n|-damage|p1b: Mencia|25\/100\n|-heal|p2a: Monster|81\/100|[from] drain|[of] p1b: Mencia\n|\n|-heal|p1a: Jiggles|81\/100|[from] item: Leftovers\n|-start|p1b: Mencia|perish3\n|-start|p2b: Warrior|perish3\n|-start|p1a: Jiggles|perish3\n|-start|p2a: Monster|perish3\n|upkeep\n|turn|15\n|\n|t:|1698711452\n|-end|p1a: Jiggles|Protosynthesis|[silent]\n|switch|p1a: Thin|Cyclizar, M|39\/100 brn\n|move|p1b: Mencia|U-turn|p2b: Warrior\n|-start|p1b: Mencia|typechange|Bug|[from] ability: Protean\n|-damage|p2b: Warrior|21\/100\n|\n|t:|1698711458\n|switch|p1b: Jiggles|Scream Tail, shiny|81\/100|[from] U-turn\n|move|p2b: Warrior|Sacred Sword|p1b: Jiggles\n|-resisted|p1b: Jiggles\n|-damage|p1b: Jiggles|69\/100\n|move|p2a: Monster|Matcha Gotcha|p1a: Thin|[spread] p1a,p1b\n|-resisted|p1a: Thin\n|-damage|p1a: Thin|16\/100 brn\n|-heal|p2a: Monster|92\/100|[from] drain|[of] p1a: Thin\n|-damage|p1b: Jiggles|48\/100\n|-heal|p2a: Monster|100\/100|[from] drain|[of] p1b: Jiggles\n|\n|-heal|p1b: Jiggles|54\/100|[from] item: Leftovers\n|-damage|p1a: Thin|10\/100 brn|[from] brn\n|-start|p2b: Warrior|perish2\n|-start|p2a: Monster|perish2\n|upkeep\n|turn|16\n|inactive|Eddy Metal has 60 seconds left.\n|\n|t:|1698711488\n|switch|p2b: Chrysanthemum|Cresselia, F, shiny|42\/100\n|move|p1a: Thin|U-turn|p2b: Chrysanthemum\n|-supereffective|p2b: Chrysanthemum\n|-damage|p2b: Chrysanthemum|31\/100\n|\n|t:|1698711493\n|switch|p1a: Mencia|Meowscarada, F, shiny|25\/100|[from] U-turn\n|move|p1b: Jiggles|Wish|p1b: Jiggles\n|move|p2a: Monster|Matcha Gotcha|p1a: Mencia|[spread] p1a,p1b\n|-resisted|p1a: Mencia\n|-damage|p1a: Mencia|1\/100\n|-damage|p1b: Jiggles|31\/100\n|-status|p1b: Jiggles|brn\n|\n|-heal|p1b: Jiggles|37\/100 brn|[from] item: Leftovers\n|-heal|p2b: Chrysanthemum|37\/100|[from] item: Leftovers\n|-damage|p1b: Jiggles|31\/100 brn|[from] brn\n|-start|p2a: Monster|perish1\n|upkeep\n|turn|17\n|inactive|Eddy Metal has 60 seconds left.\n|\n|t:|1698711524\n|-end|p1b: Jiggles|Protosynthesis|[silent]\n|switch|p1b: Thin|Cyclizar, M|44\/100 brn\n|switch|p2a: Warrior|Gallade, M, shiny|21\/100\n|move|p1a: Mencia|U-turn|p2b: Chrysanthemum\n|-start|p1a: Mencia|typechange|Bug|[from] ability: Protean\n|-supereffective|p2b: Chrysanthemum\n|-damage|p2b: Chrysanthemum|0 fnt\n|faint|p2b: Chrysanthemum\n|inactive|Eddy Metal has 60 seconds left.\n|\n|t:|1698711533\n|switch|p1a: Jiggles|Scream Tail, shiny|31\/100 brn|[from] U-turn\n|\n|-heal|p1b: Thin|100\/100 brn|[from] move: Wish|[wisher] Jiggles\n|-heal|p1a: Jiggles|37\/100 brn|[from] item: Leftovers\n|-damage|p1b: Thin|94\/100 brn|[from] brn\n|-damage|p1a: Jiggles|31\/100 brn|[from] brn\n|upkeep\n|\n|t:|1698711545\n|switch|p2b: Monster|Sinistcha-Masterpiece, tera:Steel|100\/100\n|-heal|p2a: Warrior|46\/100|[from] ability: Hospitality|[of] p2b: Monster\n|turn|18\n|\n|t:|1698711557\n|-end|p1a: Jiggles|Protosynthesis|[silent]\n|switch|p1a: Mencia|Meowscarada, F, shiny|1\/100\n|move|p1b: Thin|Shed Tail|p1b: Thin\n|-start|p1b: Thin|Substitute|[from] move: Shed Tail\n|-damage|p1b: Thin|44\/100 brn\n|\n|t:|1698711563\n|switch|p1b: Jiggles|Scream Tail, shiny|31\/100 brn|[from] Shed Tail\n|move|p2a: Warrior|Sacred Sword|p1a: Mencia\n|-supereffective|p1a: Mencia\n|-damage|p1a: Mencia|0 fnt\n|faint|p1a: Mencia\n|move|p2b: Monster|Matcha Gotcha|p1b: Jiggles\n|-crit|p1b: Jiggles\n|-end|p1b: Jiggles|Substitute\n|\n|-heal|p1b: Jiggles|37\/100 brn|[from] item: Leftovers\n|-damage|p1b: Jiggles|31\/100 brn|[from] brn\n|upkeep\n|c|\u2606Eddy Metal|sooo many crits\n|inactive|Eddy Metal has 60 seconds left.\n|c|\u2606Eddy Metal|poo poo pee pee\n|\n|t:|1698711592\n|switch|p1a: Thin|Cyclizar, M|78\/100 brn\n|turn|19\n|\n|t:|1698711602\n|move|p1a: Thin|U-turn|p2a: Warrior\n|-damage|p2a: Warrior|32\/100\n|move|p2a: Warrior|Sacred Sword|p1a: Thin\n|-supereffective|p1a: Thin\n|-damage|p1a: Thin|0 fnt\n|faint|p1a: Thin\n|move|p1b: Jiggles|Psychic Fangs|p2a: Warrior\n|-damage|p2a: Warrior|13\/100\n|move|p2b: Monster|Hex|p1b: Jiggles\n|-supereffective|p1b: Jiggles\n|-damage|p1b: Jiggles|0 fnt\n|faint|p1b: Jiggles\n|-end|p1b: Jiggles|Protosynthesis|[silent]\n|\n|win|Kuzwa\n|raw|Eddy Metal's rating: 1091 &rarr; <strong>1073<\/strong><br \/>(-18 for losing)\n|raw|Kuzwa's rating: 1169 &rarr; <strong>1188<\/strong><br \/>(+19 for winning)\n|c|\u2606Eddy Metal|gg\n|l|\u2606Eddy Metal\n","uploadtime":1698711615,"views":22,"p1id":"eddymetal","p2id":"kuzwa","formatid":"gen9doublesou","rating":1073,"private":0,"password":""}