{"id":"gen9doublesou-1993000411","p1":"yovotopn","p2":"FabioLunar","format":"[Gen 9] Doubles OU","log":"|j|\u2606yovotopn\n|j|\u2606FabioLunar\n|t:|1700254231\n|gametype|doubles\n|player|p1|yovotopn|170|1085\n|player|p2|FabioLunar|zinnia|1058\n|teamsize|p1|6\n|teamsize|p2|6\n|gen|9\n|tier|[Gen 9] Doubles OU\n|rated|\n|rule|Species Clause: Limit one of each Pok\u00e9mon\n|rule|OHKO Clause: OHKO moves are banned\n|rule|Evasion Moves Clause: Evasion moves are banned\n|rule|Gravity Sleep Clause: The combination of sleep-inducing moves with imperfect accuracy and Gravity or Gigantamax Orbeetle are banned\n|rule|Endless Battle Clause: Forcing endless battles is banned\n|rule|HP Percentage Mod: HP is shown in percentages\n|clearpoke\n|poke|p1|Clefairy, F|\n|poke|p1|Garchomp, F|\n|poke|p1|Gliscor, M|\n|poke|p1|Torkoal, F|\n|poke|p1|Politoed, F|\n|poke|p1|Kilowattrel, F|\n|poke|p2|Slaking, F|\n|poke|p2|Grafaiai, F|\n|poke|p2|Flamigo, F|\n|poke|p2|Tsareena, F|\n|poke|p2|Cresselia, F|\n|poke|p2|Tornadus, M|\n|teampreview\n|inactive|Battle timer is ON: inactive players will automatically lose when time's up. (requested by yovotopn)\n|\n|t:|1700254242\n|start\n|switch|p1a: Garchomp|Garchomp, F|100\/100\n|switch|p1b: Clefairy|Clefairy, F|100\/100\n|switch|p2a: Slaking|Slaking, F|100\/100\n|switch|p2b: Grafaiai|Grafaiai, F|100\/100\n|turn|1\n|\n|t:|1700254258\n|switch|p1b: Gliscor|Gliscor, M|100\/100\n|move|p2b: Grafaiai|Doodle|p1a: Garchomp\n|-endability|p2a: Slaking|Truant|[from] move: Doodle\n|-ability|p2a: Slaking|Rough Skin|[from] move: Doodle\n|-endability|p2b: Grafaiai|Prankster|[from] move: Doodle\n|-ability|p2b: Grafaiai|Rough Skin|[from] move: Doodle\n|move|p1a: Garchomp|Earthquake|p2b: Grafaiai|[spread] p2a,p2b\n|-immune|p1b: Gliscor\n|-supereffective|p2b: Grafaiai\n|-damage|p2a: Slaking|68\/100\n|-damage|p2b: Grafaiai|0 fnt\n|faint|p2b: Grafaiai\n|move|p2a: Slaking|Bulk Up|p2a: Slaking\n|-boost|p2a: Slaking|atk|1\n|-boost|p2a: Slaking|def|1\n|\n|-heal|p2a: Slaking|74\/100|[from] item: Leftovers\n|-status|p1b: Gliscor|tox|[from] item: Toxic Orb\n|upkeep\n|inactive|FabioLunar has 120 seconds left.\n|\n|t:|1700254279\n|switch|p2b: Tornadus|Tornadus, M|100\/100\n|turn|2\n|\n|t:|1700254297\n|switch|p1b: poli|Politoed, F|100\/100\n|move|p2b: Tornadus|Tailwind|p2b: Tornadus\n|-sidestart|p2: FabioLunar|move: Tailwind\n|move|p2a: Slaking|Gunk Shot|p1a: Garchomp\n|-resisted|p1a: Garchomp\n|-damage|p1a: Garchomp|66\/100\n|move|p1a: Garchomp|Dragon Claw|p2a: Slaking\n|-damage|p2a: Slaking|52\/100\n|-damage|p1a: Garchomp|54\/100|[from] ability: Rough Skin|[of] p2a: Slaking\n|\n|-heal|p2a: Slaking|58\/100|[from] item: Leftovers\n|upkeep\n|turn|3\n|\n|t:|1700254314\n|-terastallize|p1a: Garchomp|Steel\n|move|p2b: Tornadus|Bleakwind Storm|p1a: Garchomp|[spread] p1a,p1b\n|-resisted|p1a: Garchomp\n|-damage|p1a: Garchomp|39\/100\n|-damage|p1b: poli|73\/100\n|-unboost|p1a: Garchomp|spe|1\n|move|p2a: Slaking|Earthquake|p1b: poli|[spread] p1a,p1b\n|-immune|p2b: Tornadus\n|-supereffective|p1a: Garchomp\n|-damage|p1a: Garchomp|0 fnt\n|-damage|p1b: poli|27\/100\n|faint|p1a: Garchomp\n|move|p1b: poli|Haze|p1b: poli\n|-clearallboost\n|\n|-heal|p2a: Slaking|64\/100|[from] item: Leftovers\n|upkeep\n|inactive|yovotopn has 120 seconds left.\n|\n|t:|1700254340\n|switch|p1a: Kilowattrel|Kilowattrel, F|100\/100\n|turn|4\n|\n|t:|1700254355\n|move|p2b: Tornadus|Knock Off|p1a: Kilowattrel\n|-damage|p1a: Kilowattrel|83\/100\n|move|p2a: Slaking|Bulk Up|p2a: Slaking\n|-boost|p2a: Slaking|atk|1\n|-boost|p2a: Slaking|def|1\n|move|p1a: Kilowattrel|Thunder|p2a: Slaking\n|-damage|p2a: Slaking|31\/100\n|move|p1b: poli|Ice Beam|p2b: Tornadus\n|-supereffective|p2b: Tornadus\n|-damage|p2b: Tornadus|59\/100\n|\n|-heal|p2a: Slaking|37\/100|[from] item: Leftovers\n|upkeep\n|turn|5\n|\n|t:|1700254377\n|switch|p2b: Cresselia|Cresselia, F|100\/100\n|move|p2a: Slaking|Drain Punch|p1b: poli\n|-damage|p1b: poli|0 fnt\n|-heal|p2a: Slaking|47\/100|[from] drain|[of] p1b: poli\n|faint|p1b: poli\n|move|p1a: Kilowattrel|Thunder|p2a: Slaking|[miss]\n|-miss|p1a: Kilowattrel|p2a: Slaking\n|\n|-heal|p2a: Slaking|53\/100|[from] item: Leftovers\n|-sideend|p2: FabioLunar|move: Tailwind\n|upkeep\n|\n|t:|1700254390\n|switch|p1b: Clefairy|Clefairy, F|100\/100\n|turn|6\n|\n|t:|1700254398\n|move|p1b: Clefairy|Follow Me|p1b: Clefairy\n|-singleturn|p1b: Clefairy|move: Follow Me\n|move|p1a: Kilowattrel|Thunder|p2a: Slaking\n|-damage|p2a: Slaking|22\/100\n|move|p2a: Slaking|Bulk Up|p2a: Slaking\n|-boost|p2a: Slaking|atk|1\n|-boost|p2a: Slaking|def|1\n|move|p2b: Cresselia|Icy Wind|p1b: Clefairy|[spread] p1a,p1b\n|-supereffective|p1a: Kilowattrel\n|-damage|p1a: Kilowattrel|66\/100\n|-damage|p1b: Clefairy|94\/100\n|-unboost|p1a: Kilowattrel|spe|1\n|-unboost|p1b: Clefairy|spe|1\n|-start|p1a: Kilowattrel|Charge|Icy Wind|[from] ability: Wind Power\n|\n|-heal|p2a: Slaking|28\/100|[from] item: Leftovers\n|upkeep\n|turn|7\n|\n|t:|1700254419\n|move|p2a: Slaking|Bulk Up|p2a: Slaking\n|-boost|p2a: Slaking|atk|1\n|-boost|p2a: Slaking|def|1\n|move|p1a: Kilowattrel|Thunder|p2a: Slaking|[miss]\n|-miss|p1a: Kilowattrel|p2a: Slaking\n|-end|p1a: Kilowattrel|Charge|[silent]\n|move|p2b: Cresselia|Lunar Blessing|p2b: Cresselia|[spread] p2a,p2b\n|-heal|p2a: Slaking|53\/100\n|move|p1b: Clefairy|Thunder Wave|p2a: Slaking\n|-status|p2a: Slaking|par\n|\n|-heal|p2a: Slaking|59\/100 par|[from] item: Leftovers\n|upkeep\n|turn|8\n|\n|t:|1700254436\n|move|p1b: Clefairy|Helping Hand|p1a: Kilowattrel\n|-singleturn|p1a: Kilowattrel|Helping Hand|[of] p1b: Clefairy\n|move|p2b: Cresselia|Ally Switch|p2b: Cresselia\n|swap|p2b: Cresselia|0|[from] move: Ally Switch\n|move|p1a: Kilowattrel|Thunder|p2a: Cresselia|[miss]\n|-miss|p1a: Kilowattrel|p2a: Cresselia\n|cant|p2b: Slaking|par\n|\n|-heal|p2b: Slaking|65\/100 par|[from] item: Leftovers\n|upkeep\n|turn|9\n|\n|t:|1700254456\n|move|p1a: Kilowattrel|Thunder|p2b: Slaking\n|-damage|p2b: Slaking|32\/100 par\n|move|p2a: Cresselia|Lunar Blessing|p2a: Cresselia|[spread] p2a,p2b\n|-heal|p2b: Slaking|57\/100 par\n|-curestatus|p2b: Slaking|par|[msg]\n|move|p2b: Slaking|Drain Punch|p1b: Clefairy\n|-resisted|p1b: Clefairy\n|-damage|p1b: Clefairy|57\/100\n|-heal|p2b: Slaking|69\/100|[from] drain|[of] p1b: Clefairy\n|move|p1b: Clefairy|Thunder Wave|p2a: Cresselia\n|-status|p2a: Cresselia|par\n|\n|-heal|p2b: Slaking|75\/100|[from] item: Leftovers\n|upkeep\n|turn|10\n|\n|t:|1700254483\n|move|p2a: Cresselia|Ally Switch|p2a: Cresselia\n|swap|p2a: Cresselia|1|[from] move: Ally Switch\n|move|p2a: Slaking|Gunk Shot|p1b: Clefairy|[miss]\n|-miss|p2a: Slaking|p1b: Clefairy\n|move|p1a: Kilowattrel|Thunder|p2b: Cresselia|[miss]\n|-miss|p1a: Kilowattrel|p2b: Cresselia\n|move|p1b: Clefairy|Thunder Wave|p2b: Cresselia\n|-fail|p2b: Cresselia|par\n|\n|-heal|p2a: Slaking|81\/100|[from] item: Leftovers\n|upkeep\n|turn|11\n|\n|t:|1700254504\n|switch|p2b: Tsareena|Tsareena, F|100\/100\n|move|p2a: Slaking|Earthquake|p1a: Kilowattrel|[spread] p2b,p1b\n|-immune|p1a: Kilowattrel\n|-resisted|p2b: Tsareena\n|-damage|p2b: Tsareena|61\/100\n|-damage|p1b: Clefairy|0 fnt\n|faint|p1b: Clefairy\n|move|p1a: Kilowattrel|Thunder|p2b: Tsareena\n|-resisted|p2b: Tsareena\n|-damage|p2b: Tsareena|46\/100\n|\n|-heal|p2a: Slaking|87\/100|[from] item: Leftovers\n|-heal|p2b: Tsareena|52\/100|[from] item: Leftovers\n|upkeep\n|\n|t:|1700254518\n|switch|p1b: Torkoal|Torkoal, F|100\/100\n|-weather|SunnyDay|[from] ability: Drought|[of] p1b: Torkoal\n|turn|12\n|\n|t:|1700254525\n|move|p2a: Slaking|Drain Punch|p1b: Torkoal\n|-damage|p1b: Torkoal|28\/100\n|-heal|p2a: Slaking|100\/100|[from] drain|[of] p1b: Torkoal\n|-damage|p2a: Slaking|84\/100|[from] item: Rocky Helmet|[of] p1b: Torkoal\n|move|p1a: Kilowattrel|Thunder|p2a: Slaking|[miss]\n|-miss|p1a: Kilowattrel|p2a: Slaking\n|move|p2b: Tsareena|Acupressure|p2a: Slaking\n|-boost|p2a: Slaking|spe|2\n|move|p1b: Torkoal|Flamethrower|p2b: Tsareena\n|-supereffective|p2b: Tsareena\n|-damage|p2b: Tsareena|0 fnt\n|faint|p2b: Tsareena\n|\n|-weather|SunnyDay|[upkeep]\n|-heal|p2a: Slaking|90\/100|[from] item: Leftovers\n|upkeep\n|\n|t:|1700254541\n|switch|p2b: Flamigo|Flamigo, F|100\/100\n|-copyboost|p2b: Flamigo|p2a: Slaking|[from] ability: Costar\n|turn|13\n|\n|t:|1700254552\n|move|p1b: Torkoal|Protect|p1b: Torkoal\n|-singleturn|p1b: Torkoal|Protect\n|move|p2b: Flamigo|Throat Chop|p1a: Kilowattrel\n|-damage|p1a: Kilowattrel|0 fnt\n|faint|p1a: Kilowattrel\n|move|p2a: Slaking|Drain Punch|p1b: Torkoal\n|-activate|p1b: Torkoal|move: Protect\n|\n|-weather|SunnyDay|[upkeep]\n|-heal|p2a: Slaking|96\/100|[from] item: Leftovers\n|upkeep\n|\n|t:|1700254562\n|switch|p1a: Gliscor|Gliscor, M|100\/100 tox\n|turn|14\n|\n|t:|1700254574\n|move|p2b: Flamigo|Close Combat|p1a: Gliscor\n|-resisted|p1a: Gliscor\n|-damage|p1a: Gliscor|45\/100 tox\n|-unboost|p2b: Flamigo|def|1\n|-unboost|p2b: Flamigo|spd|1\n|move|p2a: Slaking|Drain Punch|p1b: Torkoal\n|-damage|p1b: Torkoal|0 fnt\n|-heal|p2a: Slaking|100\/100|[from] drain|[of] p1b: Torkoal\n|-damage|p2a: Slaking|84\/100|[from] item: Rocky Helmet|[of] p1b: Torkoal\n|faint|p1b: Torkoal\n|move|p1a: Gliscor|Toxic|p2a: Slaking\n|-status|p2a: Slaking|tox\n|\n|-weather|SunnyDay|[upkeep]\n|-heal|p2a: Slaking|90\/100 tox|[from] item: Leftovers\n|-damage|p2a: Slaking|84\/100 tox|[from] psn\n|-heal|p1a: Gliscor|57\/100 tox|[from] ability: Poison Heal\n|upkeep\n|turn|15\n|-message|yovotopn forfeited.\n|\n|win|FabioLunar\n|raw|yovotopn's rating: 1085 &rarr; <strong>1060<\/strong><br \/>(-25 for losing)\n|raw|FabioLunar's rating: 1058 &rarr; <strong>1092<\/strong><br \/>(+34 for winning)\n|l|\u2606yovotopn\n|c|\u2606FabioLunar|gg\n","uploadtime":1700254590,"views":6,"p1id":"yovotopn","p2id":"fabiolunar","formatid":"gen9doublesou","rating":1060,"private":0,"password":""}