{"id":"gen9doublesou-1967804525","p1":"qwqag","p2":"slimeree","format":"[Gen 9] Doubles OU","log":"|html|<div class=\"broadcast-blue\"><strong>[Gen 9] Doubles OU is currently suspecting Basculegion & Flutter Mane! For information on how to participate check out the <a href=\"https:\/\/www.smogon.com\/forums\/threads\/np-sv-dou-stage-8-double-trouble.3729153\/\">suspect thread<\/a>.<\/strong><\/div>\n|j|\u2606qwqag\n|j|\u2606slimeree\n|t:|1697340533\n|gametype|doubles\n|player|p1|qwqag|dawn|1527\n|player|p2|slimeree|dawn|1410\n|teamsize|p1|6\n|teamsize|p2|6\n|gen|9\n|tier|[Gen 9] Doubles OU\n|rated|\n|rule|Species Clause: Limit one of each Pok\u00e9mon\n|rule|OHKO Clause: OHKO moves are banned\n|rule|Evasion Moves Clause: Evasion moves are banned\n|rule|Gravity Sleep Clause: The combination of sleep-inducing moves with imperfect accuracy and Gravity or Gigantamax Orbeetle are banned\n|rule|Endless Battle Clause: Forcing endless battles is banned\n|rule|HP Percentage Mod: HP is shown in percentages\n|clearpoke\n|poke|p1|Dusclops, F|\n|poke|p1|Heatran, F|\n|poke|p1|Gholdengo|\n|poke|p1|Rillaboom, F|\n|poke|p1|Iron Hands|\n|poke|p1|Sinistcha-Masterpiece|\n|poke|p2|Ninetales-Alola, M|\n|poke|p2|Arcanine-Hisui, M|\n|poke|p2|Sinistcha-Masterpiece|\n|poke|p2|Iron Hands|\n|poke|p2|Moltres-Galar|\n|poke|p2|Flutter Mane|\n|teampreview\n|j| Le_Baddie\n|\n|t:|1697340566\n|start\n|switch|p1a: Sinistcha|Sinistcha-Masterpiece, shiny|100\/100\n|switch|p1b: Iron Hands|Iron Hands, shiny|100\/100\n|switch|p2a: Sinistcha|Sinistcha-Masterpiece, shiny|100\/100\n|switch|p2b: Flutter Mane|Flutter Mane|100\/100\n|-enditem|p2b: Flutter Mane|Booster Energy\n|-activate|p2b: Flutter Mane|ability: Protosynthesis|[fromitem]\n|-start|p2b: Flutter Mane|protosynthesisspa\n|-enditem|p1b: Iron Hands|Booster Energy\n|-activate|p1b: Iron Hands|ability: Quark Drive|[fromitem]\n|-start|p1b: Iron Hands|quarkdrivedef\n|turn|1\n|\n|t:|1697340606\n|-terastallize|p1b: Iron Hands|Steel\n|move|p2b: Flutter Mane|Shadow Ball|p1a: Sinistcha\n|-supereffective|p1a: Sinistcha\n|-damage|p1a: Sinistcha|0 fnt\n|faint|p1a: Sinistcha\n|move|p2a: Sinistcha|Matcha Gotcha|p1b: Iron Hands\n|-resisted|p1b: Iron Hands\n|-damage|p1b: Iron Hands|85\/100\n|move|p1b: Iron Hands|Belly Drum|p1b: Iron Hands\n|-damage|p1b: Iron Hands|35\/100\n|-setboost|p1b: Iron Hands|atk|6|[from] move: Belly Drum\n|\n|upkeep\n|\n|t:|1697340625\n|switch|p1a: Dusclops|Dusclops, F, shiny|100\/100\n|-item|p2a: Sinistcha|Rocky Helmet|[from] ability: Frisk|[of] p1a: Dusclops|[identify]\n|turn|2\n|\n|t:|1697340673\n|move|p2b: Flutter Mane|Shadow Ball|p1a: Dusclops\n|-supereffective|p1a: Dusclops\n|-damage|p1a: Dusclops|24\/100\n|move|p2a: Sinistcha|Matcha Gotcha|p1b: Iron Hands|[spread] p1a,p1b\n|-resisted|p1b: Iron Hands\n|-damage|p1a: Dusclops|8\/100\n|-damage|p1b: Iron Hands|23\/100\n|-status|p1b: Iron Hands|brn\n|move|p1b: Iron Hands|Rock Slide|p2b: Flutter Mane|[spread] p2a,p2b\n|-damage|p2a: Sinistcha|70\/100\n|-damage|p2b: Flutter Mane|36\/100\n|move|p1a: Dusclops|Trick Room|p1a: Dusclops\n|-fieldstart|move: Trick Room|[of] p1a: Dusclops\n|\n|-damage|p1b: Iron Hands|16\/100 brn|[from] brn\n|upkeep\n|turn|3\n|\n|t:|1697340688\n|move|p2b: Flutter Mane|Protect|p2b: Flutter Mane\n|-singleturn|p2b: Flutter Mane|Protect\n|move|p1a: Dusclops|Pain Split|p2a: Sinistcha\n|-sethp|p2a: Sinistcha|38\/100|[from] move: Pain Split|[silent]\n|-sethp|p1a: Dusclops|46\/100|[from] move: Pain Split\n|move|p1b: Iron Hands|Rock Slide|p2b: Flutter Mane|[spread] p2a\n|-activate|p2b: Flutter Mane|move: Protect\n|-damage|p2a: Sinistcha|8\/100\n|cant|p2a: Sinistcha|flinch\n|\n|-damage|p1b: Iron Hands|10\/100 brn|[from] brn\n|upkeep\n|turn|4\n|\n|t:|1697340788\n|-end|p2b: Flutter Mane|Protosynthesis|[silent]\n|switch|p2b: Arcanine|Arcanine-Hisui, M, shiny|100\/100\n|-ability|p2b: Arcanine|Intimidate|boost\n|-unboost|p1a: Dusclops|atk|1\n|-unboost|p1b: Iron Hands|atk|1\n|move|p1a: Dusclops|Pain Split|p1b: Iron Hands\n|-sethp|p1b: Iron Hands|18\/100 brn|[from] move: Pain Split|[silent]\n|-sethp|p1a: Dusclops|32\/100|[from] move: Pain Split\n|move|p1b: Iron Hands|Rock Slide|p2b: Arcanine|[spread] p2a,p2b\n|-supereffective|p2b: Arcanine\n|-damage|p2a: Sinistcha|0 fnt\n|-damage|p2b: Arcanine|33\/100\n|faint|p2a: Sinistcha\n|\n|-damage|p1b: Iron Hands|12\/100 brn|[from] brn\n|upkeep\n|inactive|Battle timer is ON: inactive players will automatically lose when time's up. (requested by qwqag)\n|inactive|slimeree has 120 seconds left.\n|\n|t:|1697340819\n|switch|p2a: Flutter Mane|Flutter Mane|36\/100\n|turn|5\n|\n|t:|1697340837\n|move|p2b: Arcanine|Extreme Speed|p1b: Iron Hands\n|-resisted|p1b: Iron Hands\n|-damage|p1b: Iron Hands|5\/100 brn\n|move|p1a: Dusclops|Night Shade|p2b: Arcanine\n|-damage|p2b: Arcanine|6\/100\n|move|p1b: Iron Hands|Rock Slide|p2a: Flutter Mane|[spread] p2a,p2b\n|-supereffective|p2b: Arcanine\n|-damage|p2a: Flutter Mane|0 fnt\n|-damage|p2b: Arcanine|0 fnt\n|faint|p2a: Flutter Mane\n|-end|p2a: Flutter Mane|Protosynthesis|[silent]\n|faint|p2b: Arcanine\n|\n|-damage|p1b: Iron Hands|0 fnt|[from] brn\n|faint|p1b: Iron Hands\n|-end|p1b: Iron Hands|Quark Drive|[silent]\n|upkeep\n|\n|t:|1697340857\n|switch|p1b: Heatran|Heatran, F, shiny|100\/100\n|switch|p2b: Iron Hands|Iron Hands|100\/100\n|switch|p2a: Moltres|Moltres-Galar|100\/100\n|turn|6\n|\n|t:|1697340871\n|move|p1b: Heatran|Protect|p1b: Heatran\n|-singleturn|p1b: Heatran|Protect\n|move|p2b: Iron Hands|Fake Out|p1b: Heatran\n|-activate|p1b: Heatran|move: Protect\n|move|p1a: Dusclops|Pain Split|p2b: Iron Hands\n|-sethp|p2b: Iron Hands|60\/100|[from] move: Pain Split|[silent]\n|-sethp|p1a: Dusclops|100\/100|[from] move: Pain Split\n|move|p2a: Moltres|Fiery Wrath|p1a: Dusclops|[spread] p1a\n|-activate|p1b: Heatran|move: Protect\n|-supereffective|p1a: Dusclops\n|-damage|p1a: Dusclops|65\/100\n|\n|-fieldend|move: Trick Room\n|upkeep\n|turn|7\n|\n|t:|1697340897\n|move|p2a: Moltres|Nasty Plot|p2a: Moltres\n|-boost|p2a: Moltres|spa|2\n|move|p1b: Heatran|Heat Wave|p2b: Iron Hands|[spread] p2a,p2b\n|-damage|p2a: Moltres|65\/100\n|-damage|p2b: Iron Hands|27\/100\n|move|p2b: Iron Hands|Drain Punch|p1b: Heatran\n|-supereffective|p1b: Heatran\n|-damage|p1b: Heatran|20\/100\n|-heal|p2b: Iron Hands|59\/100|[from] drain|[of] p1b: Heatran\n|move|p1a: Dusclops|Trick Room|p1a: Dusclops\n|-fieldstart|move: Trick Room|[of] p1a: Dusclops\n|\n|upkeep\n|turn|8\n|inactive|slimeree has 120 seconds left.\n|\n|t:|1697340948\n|switch|p1b: Gholdengo|Gholdengo, shiny|100\/100\n|move|p1a: Dusclops|Night Shade|p2a: Moltres\n|-damage|p2a: Moltres|38\/100\n|-ability|p2a: Moltres|Berserk|boost\n|-boost|p2a: Moltres|spa|1\n|-enditem|p2a: Moltres|Sitrus Berry|[eat]\n|-heal|p2a: Moltres|63\/100|[from] item: Sitrus Berry\n|move|p2b: Iron Hands|Heavy Slam|p1a: Dusclops\n|-damage|p1a: Dusclops|40\/100\n|move|p2a: Moltres|Fiery Wrath|p1b: Gholdengo|[spread] p1a,p1b\n|-supereffective|p1a: Dusclops\n|-supereffective|p1b: Gholdengo\n|-damage|p1a: Dusclops|0 fnt\n|-damage|p1b: Gholdengo|0 fnt\n|faint|p1a: Dusclops\n|faint|p1b: Gholdengo\n|\n|upkeep\n|\n|t:|1697340965\n|switch|p1a: Rillaboom|Rillaboom, F, shiny|100\/100\n|switch|p1b: Heatran|Heatran, F, shiny|20\/100\n|-fieldstart|move: Grassy Terrain|[from] ability: Grassy Surge|[of] p1a: Rillaboom\n|turn|9\n|inactive|slimeree has 120 seconds left.\n|\n|t:|1697340986\n|move|p2a: Moltres|Protect|p2a: Moltres\n|-singleturn|p2a: Moltres|Protect\n|move|p1a: Rillaboom|Fake Out|p2b: Iron Hands\n|-damage|p2b: Iron Hands|47\/100\n|-damage|p1a: Rillaboom|91\/100|[from] item: Life Orb\n|cant|p2b: Iron Hands|flinch\n|move|p1b: Heatran|Heat Wave|p2b: Iron Hands|[spread] p2b\n|-activate|p2a: Moltres|move: Protect\n|-damage|p2b: Iron Hands|17\/100\n|\n|-heal|p2b: Iron Hands|23\/100|[from] Grassy Terrain\n|-heal|p1b: Heatran|26\/100|[from] Grassy Terrain\n|-heal|p1a: Rillaboom|97\/100|[from] Grassy Terrain\n|upkeep\n|turn|10\n|inactive|slimeree has 120 seconds left.\n|\n|t:|1697341005\n|move|p1a: Rillaboom|Grassy Glide|p2b: Iron Hands\n|-damage|p2b: Iron Hands|0 fnt\n|faint|p2b: Iron Hands\n|-end|p2b: Iron Hands|Quark Drive|[silent]\n|-damage|p1a: Rillaboom|87\/100|[from] item: Life Orb\n|move|p1b: Heatran|Heat Wave|p2a: Moltres\n|-damage|p2a: Moltres|12\/100\n|-ability|p2a: Moltres|Berserk|boost\n|-boost|p2a: Moltres|spa|1\n|move|p2a: Moltres|Fiery Wrath|p1b: Heatran|[spread] p1a,p1b\n|-damage|p1a: Rillaboom|0 fnt\n|-damage|p1b: Heatran|0 fnt\n|faint|p1a: Rillaboom\n|faint|p1b: Heatran\n|\n|win|slimeree\n|raw|qwqag's rating: 1527 &rarr; <strong>1501<\/strong><br \/>(-26 for losing)\n|raw|slimeree's rating: 1410 &rarr; <strong>1436<\/strong><br \/>(+26 for winning)\n|c|\u2606slimeree|gg\n|l| Le_Baddie\n|l|\u2606qwqag\n","uploadtime":1697341030,"views":10,"p1id":"qwqag","p2id":"slimeree","formatid":"gen9doublesou","rating":1436,"private":0,"password":""}