{"id":"gen9doublesou-1980370910","p1":"letsbegood","p2":"spreeeeeee","format":"[Gen 9] Doubles OU","log":"|j|\u2606letsbegood\n|j|\u2606spreeeeeee\n|t:|1698779112\n|gametype|doubles\n|player|p1|letsbegood|psychicf-gen4|1120\n|player|p2|spreeeeeee|psychic-gen4|1000\n|teamsize|p1|6\n|teamsize|p2|6\n|gen|9\n|tier|[Gen 9] Doubles OU\n|rated|\n|rule|Species Clause: Limit one of each Pok\u00e9mon\n|rule|OHKO Clause: OHKO moves are banned\n|rule|Evasion Moves Clause: Evasion moves are banned\n|rule|Gravity Sleep Clause: The combination of sleep-inducing moves with imperfect accuracy and Gravity or Gigantamax Orbeetle are banned\n|rule|Endless Battle Clause: Forcing endless battles is banned\n|rule|HP Percentage Mod: HP is shown in percentages\n|clearpoke\n|poke|p1|Fezandipiti, M|\n|poke|p1|Bisharp, M|\n|poke|p1|Gholdengo|\n|poke|p1|Garganacl, M|\n|poke|p1|Amoonguss, F|\n|poke|p1|Sinistcha-Masterpiece|\n|poke|p2|Kingambit, F|\n|poke|p2|Ceruledge, M|\n|poke|p2|Gholdengo|\n|poke|p2|Chi-Yu|\n|poke|p2|Baxcalibur, F|\n|poke|p2|Articuno-Galar|\n|teampreview\n|inactive|Battle timer is ON: inactive players will automatically lose when time's up. (requested by letsbegood)\n|\n|t:|1698779136\n|start\n|switch|p1a: Fezandipiti|Fezandipiti, M|100\/100\n|switch|p1b: Garganacl|Garganacl, M, shiny|100\/100\n|switch|p2a: Articuno|Articuno-Galar|100\/100\n|switch|p2b: Cheesestring|Gholdengo|100\/100\n|turn|1\n|inactive|spreeeeeee has 120 seconds left.\n|\n|t:|1698779171\n|-terastallize|p1a: Fezandipiti|Dark\n|move|p1a: Fezandipiti|Tailwind|p1a: Fezandipiti\n|-sidestart|p1: letsbegood|move: Tailwind\n|move|p2a: Articuno|Freezing Glare|p1b: Garganacl\n|-damage|p1b: Garganacl|68\/100\n|move|p2b: Cheesestring|Make It Rain|p1b: Garganacl|[spread] p1a,p1b\n|-crit|p1a: Fezandipiti\n|-supereffective|p1b: Garganacl\n|-damage|p1a: Fezandipiti|22\/100\n|-damage|p1b: Garganacl|0 fnt\n|-unboost|p2b: Cheesestring|spa|1\n|-enditem|p1a: Fezandipiti|Sitrus Berry|[eat]\n|-heal|p1a: Fezandipiti|47\/100|[from] item: Sitrus Berry\n|faint|p1b: Garganacl\n|\n|upkeep\n|inactive|letsbegood has 120 seconds left.\n|\n|t:|1698779191\n|switch|p1b: Sinistcha|Sinistcha-Masterpiece|100\/100\n|-heal|p1a: Fezandipiti|71\/100|[from] ability: Hospitality|[of] p1b: Sinistcha\n|turn|2\n|inactive|spreeeeeee has 120 seconds left.\n|\n|t:|1698779233\n|move|p1a: Fezandipiti|Beat Up|p2b: Cheesestring\n|-supereffective|p2b: Cheesestring\n|-damage|p2b: Cheesestring|80\/100\n|-supereffective|p2b: Cheesestring\n|-damage|p2b: Cheesestring|62\/100\n|-supereffective|p2b: Cheesestring\n|-damage|p2b: Cheesestring|47\/100\n|-supereffective|p2b: Cheesestring\n|-damage|p2b: Cheesestring|21\/100\n|-supereffective|p2b: Cheesestring\n|-damage|p2b: Cheesestring|4\/100\n|-hitcount|p2b: Cheesestring|5\n|move|p1b: Sinistcha|Shadow Ball|p2b: Cheesestring\n|-supereffective|p2b: Cheesestring\n|-damage|p2b: Cheesestring|0 fnt\n|faint|p2b: Cheesestring\n|move|p2a: Articuno|Air Slash|p1a: Fezandipiti\n|-damage|p1a: Fezandipiti|40\/100\n|\n|upkeep\n|\n|t:|1698779254\n|switch|p2b: Godzilla|Baxcalibur, F|100\/100\n|turn|3\n|\n|t:|1698779281\n|switch|p1b: Gholdengo|Gholdengo, shiny|100\/100\n|move|p1a: Fezandipiti|Beat Up|p2a: Articuno\n|-supereffective|p2a: Articuno\n|-damage|p2a: Articuno|80\/100\n|-supereffective|p2a: Articuno\n|-damage|p2a: Articuno|62\/100\n|-supereffective|p2a: Articuno\n|-damage|p2a: Articuno|45\/100\n|-supereffective|p2a: Articuno\n|-crit|p2a: Articuno\n|-damage|p2a: Articuno|6\/100\n|-supereffective|p2a: Articuno\n|-damage|p2a: Articuno|0 fnt\n|faint|p2a: Articuno\n|-hitcount|p2: Articuno|5\n|move|p2b: Godzilla|Body Slam|p1b: Gholdengo\n|-immune|p1b: Gholdengo\n|\n|upkeep\n|inactive|spreeeeeee has 90 seconds left.\n|\n|t:|1698779304\n|switch|p2a: Oat-Chi|Chi-Yu|100\/100\n|-ability|p2a: Oat-Chi|Beads of Ruin\n|turn|4\n|\n|t:|1698779327\n|move|p1a: Fezandipiti|Beat Up|p2a: Oat-Chi\n|-resisted|p2a: Oat-Chi\n|-damage|p2a: Oat-Chi|92\/100\n|-resisted|p2a: Oat-Chi\n|-damage|p2a: Oat-Chi|86\/100\n|-resisted|p2a: Oat-Chi\n|-damage|p2a: Oat-Chi|81\/100\n|-resisted|p2a: Oat-Chi\n|-damage|p2a: Oat-Chi|72\/100\n|-resisted|p2a: Oat-Chi\n|-damage|p2a: Oat-Chi|65\/100\n|-hitcount|p2a: Oat-Chi|5\n|move|p1b: Gholdengo|Dazzling Gleam|p2a: Oat-Chi|[spread] p2a,p2b\n|-supereffective|p2b: Godzilla\n|-damage|p2a: Oat-Chi|27\/100\n|-damage|p2b: Godzilla|5\/100\n|move|p2a: Oat-Chi|Flamethrower|p1b: Gholdengo\n|-supereffective|p1b: Gholdengo\n|-damage|p1b: Gholdengo|0 fnt\n|faint|p1b: Gholdengo\n|move|p2b: Godzilla|Dragon Claw|p1a: Fezandipiti\n|-damage|p1a: Fezandipiti|0 fnt\n|faint|p1a: Fezandipiti\n|\n|-sideend|p1: letsbegood|move: Tailwind\n|upkeep\n|inactive|letsbegood has 120 seconds left.\n|\n|t:|1698779347\n|switch|p1a: Sinistcha|Sinistcha-Masterpiece|100\/100\n|switch|p1b: Bisharp|Bisharp, M|100\/100\n|turn|5\n|inactive|spreeeeeee has 120 seconds left.\n|\n|t:|1698779368\n|move|p1b: Bisharp|Sucker Punch|p2a: Oat-Chi\n|-resisted|p2a: Oat-Chi\n|-damage|p2a: Oat-Chi|0 fnt\n|faint|p2a: Oat-Chi\n|move|p2b: Godzilla|Body Slam|p1a: Sinistcha\n|-immune|p1a: Sinistcha\n|move|p1a: Sinistcha|Matcha Gotcha|p2b: Godzilla\n|-resisted|p2b: Godzilla\n|-damage|p2b: Godzilla|0 fnt\n|faint|p2b: Godzilla\n|\n|upkeep\n|\n|t:|1698779384\n|switch|p2a: Ceruledge|Ceruledge, M|100\/100\n|switch|p2b: Big Thick|Kingambit, F, shiny|100\/100\n|-activate|p2b: Big Thick|ability: Supreme Overlord\n|-start|p2b: Big Thick|fallen4|[silent]\n|turn|6\n|inactive|spreeeeeee has 90 seconds left.\n|\n|t:|1698779425\n|move|p1b: Bisharp|Sucker Punch|p2a: Ceruledge\n|-supereffective|p2a: Ceruledge\n|-damage|p2a: Ceruledge|0 fnt\n|faint|p2a: Ceruledge\n|move|p1a: Sinistcha|Strength Sap|p2b: Big Thick\n|-unboost|p2b: Big Thick|atk|1\n|move|p2b: Big Thick|Kowtow Cleave|p1a: Sinistcha\n|-supereffective|p1a: Sinistcha\n|-damage|p1a: Sinistcha|3\/100\n|\n|upkeep\n|turn|7\n|\n|t:|1698779440\n|move|p1b: Bisharp|X-Scissor|p2b: Big Thick\n|-damage|p2b: Big Thick|81\/100\n|move|p1a: Sinistcha|Strength Sap|p2b: Big Thick\n|-unboost|p2b: Big Thick|atk|1\n|-heal|p1a: Sinistcha|81\/100\n|move|p2b: Big Thick|Brick Break|p1a: Sinistcha\n|-immune|p1a: Sinistcha\n|\n|upkeep\n|turn|8\n|\n|t:|1698779457\n|move|p1b: Bisharp|X-Scissor|p2b: Big Thick\n|-damage|p2b: Big Thick|64\/100\n|move|p1a: Sinistcha|Scald|p2b: Big Thick\n|-damage|p2b: Big Thick|38\/100\n|-status|p2b: Big Thick|brn\n|move|p2b: Big Thick|Kowtow Cleave|p1a: Sinistcha\n|-supereffective|p1a: Sinistcha\n|-damage|p1a: Sinistcha|44\/100\n|\n|-damage|p2b: Big Thick|32\/100 brn|[from] brn\n|upkeep\n|turn|9\n|c|\u2606spreeeeeee|gg\n|c|\u2606spreeeeeee|im ded\n|inactive|spreeeeeee has 120 seconds left.\n|\n|t:|1698779477\n|move|p1a: Sinistcha|Scald|p2b: Big Thick\n|-damage|p2b: Big Thick|5\/100 brn\n|move|p1b: Bisharp|X-Scissor|p2b: Big Thick\n|-damage|p2b: Big Thick|0 fnt\n|faint|p2b: Big Thick\n|-end|p2b: Big Thick|fallen4|[silent]\n|\n|win|letsbegood\n|raw|letsbegood's rating: 1120 &rarr; <strong>1137<\/strong><br \/>(+17 for winning)\n|raw|spreeeeeee's rating: 1000 &rarr; <strong>1000<\/strong><br \/>(+0 for losing)\n|l|\u2606spreeeeeee\n","uploadtime":1698779503,"views":19,"p1id":"letsbegood","p2id":"spreeeeeee","formatid":"gen9doublesou","rating":1000,"private":0,"password":""}