{"id":"gen9doublesou-1991343631","p1":"bananaszn","p2":"Mudsquash","format":"[Gen 9] Doubles OU","log":"|j|\u2606bananaszn\n|j|\u2606Mudsquash\n|t:|1700069276\n|gametype|doubles\n|player|p1|bananaszn|brycen|1219\n|player|p2|Mudsquash|hilda-wonderlauncher|1203\n|teamsize|p1|6\n|teamsize|p2|6\n|gen|9\n|tier|[Gen 9] Doubles OU\n|rated|\n|rule|Species Clause: Limit one of each Pok\u00e9mon\n|rule|OHKO Clause: OHKO moves are banned\n|rule|Evasion Moves Clause: Evasion moves are banned\n|rule|Gravity Sleep Clause: The combination of sleep-inducing moves with imperfect accuracy and Gravity or Gigantamax Orbeetle are banned\n|rule|Endless Battle Clause: Forcing endless battles is banned\n|rule|HP Percentage Mod: HP is shown in percentages\n|clearpoke\n|poke|p1|Tyranitar, F|\n|poke|p1|Glimmora, F|\n|poke|p1|Amoonguss, M|\n|poke|p1|Heatran, M|\n|poke|p1|Landorus, M|\n|poke|p1|Cresselia, F|\n|poke|p2|Torkoal, M|\n|poke|p2|Charizard, F|\n|poke|p2|Ninetales, F|\n|poke|p2|Armarouge, M|\n|poke|p2|Flutter Mane|\n|poke|p2|Chi-Yu|\n|teampreview\n|c|\u2606bananaszn|damn near mono fire\n|\n|t:|1700069287\n|start\n|switch|p1a: Oran Berry|Glimmora, F|100\/100\n|switch|p1b: Trippie Redd|Tyranitar, F|100\/100\n|switch|p2a: Ninetales|Ninetales, F|100\/100\n|switch|p2b: Armarouge|Armarouge, M|100\/100\n|-weather|SunnyDay|[from] ability: Drought|[of] p2a: Ninetales\n|-weather|Sandstorm|[from] ability: Sand Stream|[of] p1b: Trippie Redd\n|turn|1\n|\n|t:|1700069300\n|switch|p2a: Torkoal|Torkoal, M|100\/100\n|-weather|SunnyDay|[from] ability: Drought|[of] p2a: Torkoal\n|move|p1a: Oran Berry|Mortal Spin|p2a: Torkoal|[spread] p2a,p2b\n|-damage|p2a: Torkoal|97\/100\n|-damage|p2b: Armarouge|96\/100\n|-status|p2a: Torkoal|psn\n|-status|p2b: Armarouge|psn\n|move|p2b: Armarouge|Psychic|p1a: Oran Berry\n|-supereffective|p1a: Oran Berry\n|-enditem|p1a: Oran Berry|Focus Sash\n|-damage|p1a: Oran Berry|1\/100\n|-damage|p2b: Armarouge|86\/100 psn|[from] item: Life Orb\n|move|p1b: Trippie Redd|Rock Slide|p2a: Torkoal|[spread] p2a,p2b\n|-supereffective|p2a: Torkoal\n|-supereffective|p2b: Armarouge\n|-damage|p2a: Torkoal|58\/100 psn\n|-damage|p2b: Armarouge|41\/100 psn\n|\n|-weather|SunnyDay|[upkeep]\n|-heal|p2a: Torkoal|64\/100 psn|[from] item: Leftovers\n|-damage|p2b: Armarouge|29\/100 psn|[from] psn\n|-damage|p2a: Torkoal|51\/100 psn|[from] psn\n|upkeep\n|turn|2\n|\n|t:|1700069327\n|switch|p1a: Nicki Minaj|Cresselia, F|100\/100\n|move|p2b: Armarouge|Solar Beam||[still]\n|-prepare|p2b: Armarouge|Solar Beam\n|-anim|p2b: Armarouge|Solar Beam|p1b: Trippie Redd\n|-supereffective|p1b: Trippie Redd\n|-damage|p1b: Trippie Redd|4\/100\n|-damage|p2b: Armarouge|19\/100 psn|[from] item: Life Orb\n|move|p1b: Trippie Redd|Rock Slide|p2b: Armarouge|[spread] p2a,p2b\n|-supereffective|p2a: Torkoal\n|-supereffective|p2b: Armarouge\n|-damage|p2a: Torkoal|12\/100 psn\n|-damage|p2b: Armarouge|0 fnt\n|faint|p2b: Armarouge\n|cant|p2a: Torkoal|flinch\n|\n|-weather|SunnyDay|[upkeep]\n|-heal|p2a: Torkoal|19\/100 psn|[from] item: Leftovers\n|-damage|p2a: Torkoal|6\/100 psn|[from] psn\n|upkeep\n|\n|t:|1700069335\n|switch|p2b: Charizard|Charizard, F|100\/100\n|turn|3\n|\n|t:|1700069354\n|move|p2b: Charizard|Heat Wave|p1b: Trippie Redd|[spread] p1a,p1b\n|-resisted|p1b: Trippie Redd\n|-damage|p1a: Nicki Minaj|62\/100\n|-damage|p1b: Trippie Redd|0 fnt\n|faint|p1b: Trippie Redd\n|move|p1a: Nicki Minaj|Lunar Blessing|p1a: Nicki Minaj\n|-heal|p1a: Nicki Minaj|87\/100\n|move|p2a: Torkoal|Rock Slide|p1a: Nicki Minaj\n|-damage|p1a: Nicki Minaj|74\/100\n|\n|-weather|SunnyDay|[upkeep]\n|-damage|p2b: Charizard|88\/100|[from] ability: Solar Power|[of] p2b: Charizard\n|-heal|p2a: Torkoal|12\/100 psn|[from] item: Leftovers\n|-damage|p2a: Torkoal|0 fnt|[from] psn\n|faint|p2a: Torkoal\n|upkeep\n|\n|t:|1700069372\n|switch|p1b: Gobba Goo|Heatran, M|100\/100\n|switch|p2a: Chi-Yu|Chi-Yu|100\/100\n|-ability|p2a: Chi-Yu|Beads of Ruin\n|turn|4\n|\n|t:|1700069387\n|switch|p1a: Ball Guy|Amoonguss, M|100\/100\n|move|p2a: Chi-Yu|Dark Pulse|p1a: Ball Guy\n|-damage|p1a: Ball Guy|50\/100\n|-enditem|p1a: Ball Guy|Sitrus Berry|[eat]\n|-heal|p1a: Ball Guy|75\/100|[from] item: Sitrus Berry\n|move|p2b: Charizard|Air Slash|p1b: Gobba Goo|[miss]\n|-miss|p2b: Charizard|p1b: Gobba Goo\n|move|p1b: Gobba Goo|Earth Power|p2a: Chi-Yu\n|-supereffective|p2a: Chi-Yu\n|-damage|p2a: Chi-Yu|47\/100\n|\n|-weather|SunnyDay|[upkeep]\n|-damage|p2b: Charizard|76\/100|[from] ability: Solar Power|[of] p2b: Charizard\n|upkeep\n|turn|5\n|\n|t:|1700069444\n|move|p2b: Charizard|Heat Wave|p1b: Gobba Goo|[spread] p1a\n|-start|p1b: Gobba Goo|ability: Flash Fire\n|-supereffective|p1a: Ball Guy\n|-damage|p1a: Ball Guy|0 fnt\n|faint|p1a: Ball Guy\n|move|p2a: Chi-Yu|Ruination|p1b: Gobba Goo|[miss]\n|-miss|p2a: Chi-Yu|p1b: Gobba Goo\n|move|p1b: Gobba Goo|Earth Power|p2a: Chi-Yu\n|-supereffective|p2a: Chi-Yu\n|-damage|p2a: Chi-Yu|0 fnt\n|faint|p2a: Chi-Yu\n|\n|-weather|none\n|upkeep\n|c|\u2606bananaszn|yikes\n|\n|t:|1700069460\n|switch|p2a: Ninetales|Ninetales, F|100\/100\n|switch|p1a: ROOT BEER|Landorus, M|100\/100\n|-weather|SunnyDay|[from] ability: Drought|[of] p2a: Ninetales\n|turn|6\n|\n|t:|1700069474\n|-terastallize|p2a: Ninetales|Ice\n|move|p2b: Charizard|Air Slash|p1b: Gobba Goo\n|-resisted|p1b: Gobba Goo\n|-damage|p1b: Gobba Goo|86\/100\n|move|p2a: Ninetales|Tera Blast|p1a: ROOT BEER|[anim] Tera Blast Ice\n|-supereffective|p1a: ROOT BEER\n|-damage|p1a: ROOT BEER|0 fnt\n|faint|p1a: ROOT BEER\n|move|p1b: Gobba Goo|Earth Power|p2a: Ninetales\n|-damage|p2a: Ninetales|59\/100\n|\n|-weather|SunnyDay|[upkeep]\n|-damage|p2b: Charizard|63\/100|[from] ability: Solar Power|[of] p2b: Charizard\n|upkeep\n|\n|t:|1700069494\n|switch|p1a: Nicki Minaj|Cresselia, F|74\/100\n|turn|7\n|\n|t:|1700069501\n|switch|p2b: Flutter Mane|Flutter Mane|100\/100\n|-activate|p2b: Flutter Mane|ability: Protosynthesis\n|-start|p2b: Flutter Mane|protosynthesisspe\n|move|p2a: Ninetales|Dark Pulse|p1a: Nicki Minaj\n|-supereffective|p1a: Nicki Minaj\n|-damage|p1a: Nicki Minaj|55\/100\n|move|p1a: Nicki Minaj|Psychic|p2b: Flutter Mane\n|-damage|p2b: Flutter Mane|73\/100\n|move|p1b: Gobba Goo|Earth Power|p2a: Ninetales\n|-damage|p2a: Ninetales|18\/100\n|\n|-weather|SunnyDay|[upkeep]\n|-heal|p2b: Flutter Mane|79\/100|[from] item: Leftovers\n|upkeep\n|turn|8\n|\n|t:|1700069524\n|switch|p1a: Oran Berry|Glimmora, F|1\/100\n|move|p2b: Flutter Mane|Poltergeist||[still]\n|-fail|p2b: Flutter Mane\n|move|p2a: Ninetales|Tera Blast|p1a: Oran Berry|[anim] Tera Blast Ice\n|-damage|p1a: Oran Berry|0 fnt\n|faint|p1a: Oran Berry\n|move|p1b: Gobba Goo|Heat Wave|p2a: Ninetales|[spread] p2a,p2b\n|-supereffective|p2a: Ninetales\n|-damage|p2a: Ninetales|0 fnt\n|-damage|p2b: Flutter Mane|0 fnt\n|faint|p2a: Ninetales\n|faint|p2b: Flutter Mane\n|-end|p2b: Flutter Mane|Protosynthesis|[silent]\n|\n|-weather|SunnyDay|[upkeep]\n|upkeep\n|-message|Mudsquash forfeited.\n|\n|win|bananaszn\n|raw|bananaszn's rating: 1219 &rarr; <strong>1243<\/strong><br \/>(+24 for winning)\n|raw|Mudsquash's rating: 1203 &rarr; <strong>1179<\/strong><br \/>(-24 for losing)\n|l|\u2606Mudsquash\n","uploadtime":1700069574,"views":12,"p1id":"bananaszn","p2id":"mudsquash","formatid":"gen9doublesou","rating":1179,"private":0,"password":""}