{"id":"gen9doublesou-1977711012","p1":"PokEmOnEjoyEr","p2":"Critian Caceorte","format":"[Gen 9] Doubles OU","log":"|j|\u2606PokEmOnEjoyEr\n|j|\u2606Critian Caceorte\n|t:|1698441061\n|gametype|doubles\n|player|p1|PokEmOnEjoyEr|cynthia-gen4|1055\n|player|p2|Critian Caceorte|170|1027\n|teamsize|p1|6\n|teamsize|p2|6\n|gen|9\n|tier|[Gen 9] Doubles OU\n|rated|\n|rule|Species Clause: Limit one of each Pok\u00e9mon\n|rule|OHKO Clause: OHKO moves are banned\n|rule|Evasion Moves Clause: Evasion moves are banned\n|rule|Gravity Sleep Clause: The combination of sleep-inducing moves with imperfect accuracy and Gravity or Gigantamax Orbeetle are banned\n|rule|Endless Battle Clause: Forcing endless battles is banned\n|rule|HP Percentage Mod: HP is shown in percentages\n|clearpoke\n|poke|p1|Landorus-Therian, M|\n|poke|p1|Glimmora, F|\n|poke|p1|Rillaboom, M|\n|poke|p1|Flutter Mane|\n|poke|p1|Ursaluna-Bloodmoon, M|\n|poke|p1|Chi-Yu|\n|poke|p2|Amoonguss, F|\n|poke|p2|Arbok, F|\n|poke|p2|Weezing-Galar, M|\n|poke|p2|Sneasler, F|\n|poke|p2|Muk-Alola, M|\n|poke|p2|Iron Moth|\n|teampreview\n|\n|t:|1698441086\n|start\n|switch|p1a: Landorus|Landorus-Therian, M|100\/100\n|switch|p1b: Glimmora|Glimmora, F|100\/100\n|switch|p2a: Weezing|Weezing-Galar, M|100\/100\n|switch|p2b: Muk|Muk-Alola, M|100\/100\n|-ability|p1a: Landorus|Intimidate|boost\n|-unboost|p2a: Weezing|atk|1\n|-unboost|p2b: Muk|atk|1\n|turn|1\n|\n|t:|1698441105\n|move|p2b: Muk|Protect|p2b: Muk\n|-singleturn|p2b: Muk|Protect\n|move|p1a: Landorus|Earthquake|p2b: Muk|[spread] p1b\n|-activate|p2b: Muk|move: Protect\n|-immune|p2a: Weezing|[from] ability: Levitate\n|-supereffective|p1b: Glimmora\n|-enditem|p1b: Glimmora|Focus Sash\n|-damage|p1b: Glimmora|1\/100\n|-activate|p1b: Glimmora|ability: Toxic Debris\n|-sidestart|p2: Critian Caceorte|move: Toxic Spikes\n|move|p1b: Glimmora|Toxic|p2a: Weezing\n|-immune|p2a: Weezing\n|move|p2a: Weezing|Explosion|p1a: Landorus|[spread] p1a,p1b\n|-activate|p2b: Muk|move: Protect\n|-resisted|p1b: Glimmora\n|-damage|p1a: Landorus|45\/100\n|-damage|p1b: Glimmora|0 fnt\n|-activate|p1b: Glimmora|ability: Toxic Debris\n|-sidestart|p2: Critian Caceorte|move: Toxic Spikes\n|faint|p2a: Weezing\n|-ability|p2b: Muk|Levitate|[from] ability: Power of Alchemy|[of] p2a: Weezing\n|faint|p1b: Glimmora\n|\n|upkeep\n|c|\u2606PokEmOnEjoyEr|i was hoping\n|c|\u2606PokEmOnEjoyEr|that u didnt have levitate\n|\n|t:|1698441134\n|switch|p1b: Ursaluna|Ursaluna-Bloodmoon, M|100\/100\n|switch|p2a: Arbok|Arbok, F|100\/100\n|-sideend|p2: Critian Caceorte|move: Toxic Spikes|[of] p2a: Arbok\n|-ability|p2a: Arbok|Intimidate|boost\n|-unboost|p1a: Landorus|atk|1\n|-unboost|p1b: Ursaluna|atk|1\n|turn|2\n|c|\u2606Critian Caceorte|Sorry, it's kind of needed for this strat :P\n|\n|t:|1698441155\n|move|p1a: Landorus|Swords Dance|p1a: Landorus\n|-boost|p1a: Landorus|atk|2\n|move|p2a: Arbok|Glare|p1b: Ursaluna\n|-status|p1b: Ursaluna|par\n|move|p2b: Muk|Crunch|p1a: Landorus\n|-damage|p1a: Landorus|26\/100\n|move|p1b: Ursaluna|Blood Moon|p2a: Arbok\n|-damage|p2a: Arbok|25\/100\n|\n|upkeep\n|turn|3\n|c|\u2606PokEmOnEjoyEr|ahit paralysed\n|\n|t:|1698441182\n|cant|p1b: Ursaluna|par\n|move|p1a: Landorus|Earthquake|p2a: Arbok|[spread] p1b,p2a\n|-immune|p2b: Muk|[from] ability: Levitate\n|-supereffective|p2a: Arbok\n|-damage|p1b: Ursaluna|59\/100 par\n|-damage|p2a: Arbok|0 fnt\n|faint|p2a: Arbok\n|move|p2b: Muk|Crunch|p1a: Landorus\n|-damage|p1a: Landorus|6\/100\n|-unboost|p1a: Landorus|def|1\n|-enditem|p1a: Landorus|Mago Berry|[eat]\n|-heal|p1a: Landorus|40\/100|[from] item: Mago Berry\n|\n|upkeep\n|c|\u2606PokEmOnEjoyEr|wait what\n|\n|t:|1698441196\n|switch|p2a: Sneasler|Sneasler, F|100\/100\n|turn|4\n|\n|t:|1698441226\n|move|p2a: Sneasler|Close Combat|p1b: Ursaluna\n|-supereffective|p1b: Ursaluna\n|-damage|p1b: Ursaluna|0 fnt\n|-unboost|p2a: Sneasler|def|1\n|-unboost|p2a: Sneasler|spd|1\n|faint|p1b: Ursaluna\n|move|p1a: Landorus|Earthquake|p2a: Sneasler|[spread] p2a\n|-immune|p2b: Muk|[from] ability: Levitate\n|-supereffective|p2a: Sneasler\n|-damage|p2a: Sneasler|0 fnt\n|faint|p2a: Sneasler\n|move|p2b: Muk|Crunch|p1a: Landorus\n|-crit|p1a: Landorus\n|-damage|p1a: Landorus|0 fnt\n|faint|p1a: Landorus\n|\n|upkeep\n|c|\u2606Critian Caceorte|Power of Alchemy is a hell of an Ability\n|c|\u2606PokEmOnEjoyEr|how does muc have levitate?\n|c|\u2606PokEmOnEjoyEr|wait\n|c|\u2606PokEmOnEjoyEr|it has that abilityu\n|c|\u2606PokEmOnEjoyEr|that makes no sense brp\n|c|\u2606Critian Caceorte|Power of Alchemy copies the ability of the pokemon that dies next to it.\n|c|\u2606PokEmOnEjoyEr|bruh\n|c|\u2606PokEmOnEjoyEr|damn\n|c|\u2606Critian Caceorte|Hence Explosion\n|c|\u2606PokEmOnEjoyEr|ohh\n|\n|t:|1698441275\n|switch|p2a: Iron Moth|Iron Moth|100\/100\n|switch|p1a: Rillaboom|Rillaboom, M|100\/100\n|switch|p1b: Chi-Yu|Chi-Yu|100\/100\n|-ability|p1b: Chi-Yu|Beads of Ruin\n|-enditem|p2a: Iron Moth|Booster Energy\n|-activate|p2a: Iron Moth|ability: Quark Drive|[fromitem]\n|-start|p2a: Iron Moth|quarkdrivespa\n|turn|5\n|\n|t:|1698441294\n|move|p2b: Muk|Protect|p2b: Muk\n|-singleturn|p2b: Muk|Protect\n|move|p2a: Iron Moth|Sludge Wave|p1b: Chi-Yu|[spread] p1a,p1b\n|-activate|p2b: Muk|move: Protect\n|-supereffective|p1a: Rillaboom\n|-crit|p1b: Chi-Yu\n|-damage|p1a: Rillaboom|0 fnt\n|-damage|p1b: Chi-Yu|15\/100\n|-status|p1b: Chi-Yu|psn\n|-enditem|p1b: Chi-Yu|Wiki Berry|[eat]\n|-heal|p1b: Chi-Yu|48\/100 psn|[from] item: Wiki Berry\n|faint|p1a: Rillaboom\n|move|p1b: Chi-Yu|Dark Pulse|p2a: Iron Moth\n|-damage|p2a: Iron Moth|43\/100\n|\n|-damage|p1b: Chi-Yu|36\/100 psn|[from] psn\n|upkeep\n|\n|t:|1698441308\n|switch|p1a: Flutter Mane|Flutter Mane|100\/100\n|turn|6\n|\n|t:|1698441345\n|-terastallize|p1b: Chi-Yu|Dark\n|move|p1a: Flutter Mane|Dazzling Gleam|p2a: Iron Moth|[spread] p2a,p2b\n|-resisted|p2a: Iron Moth\n|-damage|p2a: Iron Moth|26\/100\n|-damage|p2b: Muk|61\/100\n|move|p2a: Iron Moth|Sludge Wave|p1a: Flutter Mane|[spread] p2b,p1a,p1b\n|-resisted|p2b: Muk\n|-damage|p2b: Muk|38\/100\n|-damage|p1a: Flutter Mane|27\/100\n|-damage|p1b: Chi-Yu|0 fnt\n|faint|p1b: Chi-Yu\n|move|p2b: Muk|Crunch|p1a: Flutter Mane\n|-crit|p1a: Flutter Mane\n|-damage|p1a: Flutter Mane|0 fnt\n|faint|p1a: Flutter Mane\n|-end|p1a: Flutter Mane|Protosynthesis|[silent]\n|\n|win|Critian Caceorte\n|raw|PokEmOnEjoyEr's rating: 1055 &rarr; <strong>1035<\/strong><br \/>(-20 for losing)\n|raw|Critian Caceorte's rating: 1027 &rarr; <strong>1066<\/strong><br \/>(+39 for winning)\n|c|\u2606Critian Caceorte|gg\n|c|\u2606PokEmOnEjoyEr|gg\n","uploadtime":1698441360,"views":15,"p1id":"pokemonejoyer","p2id":"critiancaceorte","formatid":"gen9doublesou","rating":1035,"private":0,"password":""}