{"id":"gen9doublesou-1968155663","p1":"Kazekage217","p2":"ExplodingKirb","format":"[Gen 9] Doubles OU","log":"|html|<div class=\"broadcast-blue\"><strong>[Gen 9] Doubles OU is currently suspecting Basculegion & Flutter Mane! For information on how to participate check out the <a href=\"https:\/\/www.smogon.com\/forums\/threads\/np-sv-dou-stage-8-double-trouble.3729153\/\">suspect thread<\/a>.<\/strong><\/div>\n|j|\u2606Kazekage217\n|j|\u2606ExplodingKirb\n|t:|1697389846\n|gametype|doubles\n|player|p1|Kazekage217|koga-lgpe|\n|player|p2|ExplodingKirb|riley|\n|teamsize|p1|6\n|teamsize|p2|6\n|gen|9\n|tier|[Gen 9] Doubles OU\n|rule|Species Clause: Limit one of each Pok\u00e9mon\n|rule|OHKO Clause: OHKO moves are banned\n|rule|Evasion Moves Clause: Evasion moves are banned\n|rule|Gravity Sleep Clause: The combination of sleep-inducing moves with imperfect accuracy and Gravity or Gigantamax Orbeetle are banned\n|rule|Endless Battle Clause: Forcing endless battles is banned\n|rule|HP Percentage Mod: HP is shown in percentages\n|clearpoke\n|poke|p1|Perrserker, M|\n|poke|p1|Scizor, M|\n|poke|p1|Farigiraf, F|\n|poke|p1|Ursaluna-Bloodmoon, M|\n|poke|p1|Conkeldurr, M|\n|poke|p1|Basculegion, M|\n|poke|p2|Rabsca, M|\n|poke|p2|Ursaluna, F|\n|poke|p2|Clefairy, M|\n|poke|p2|Arcanine-Hisui, M|\n|poke|p2|Inteleon, M|\n|poke|p2|Iron Hands|\n|teampreview\n|\n|t:|1697389863\n|start\n|switch|p1a: Ursaluna|Ursaluna-Bloodmoon, M|100\/100\n|switch|p1b: Farigiraf|Farigiraf, F|100\/100\n|switch|p2a: Iron Hands|Iron Hands|100\/100\n|switch|p2b: Arcanine|Arcanine-Hisui, M|100\/100\n|turn|1\n|\n|t:|1697389892\n|move|p1b: Farigiraf|Protect|p1b: Farigiraf\n|-singleturn|p1b: Farigiraf|Protect\n|move|p2b: Arcanine|Flare Blitz|p1b: Farigiraf\n|-activate|p1b: Farigiraf|move: Protect\n|move|p1a: Ursaluna|Earth Power|p2b: Arcanine\n|-supereffective|p2b: Arcanine\n|-damage|p2b: Arcanine|0 fnt\n|faint|p2b: Arcanine\n|move|p2a: Iron Hands|Drain Punch|p1a: Ursaluna\n|-supereffective|p1a: Ursaluna\n|-damage|p1a: Ursaluna|39\/100\n|\n|upkeep\n|\n|t:|1697389910\n|switch|p2b: Inteleon|Inteleon, M|100\/100\n|turn|2\n|\n|t:|1697389955\n|-terastallize|p1a: Ursaluna|Fairy\n|move|p2b: Inteleon|Snipe Shot|p1a: Ursaluna\n|-damage|p1a: Ursaluna|0 fnt\n|faint|p1a: Ursaluna\n|-damage|p2b: Inteleon|91\/100|[from] item: Life Orb\n|move|p1b: Farigiraf|Psychic|p2a: Iron Hands\n|-supereffective|p2a: Iron Hands\n|-damage|p2a: Iron Hands|61\/100\n|move|p2a: Iron Hands|Volt Switch|p1b: Farigiraf\n|-damage|p1b: Farigiraf|89\/100\n|\n|t:|1697389973\n|-end|p2a: Iron Hands|Quark Drive|[silent]\n|switch|p2a: Rabsca|Rabsca, M|100\/100|[from] Volt Switch\n|\n|upkeep\n|\n|t:|1697390018\n|switch|p1a: Perrserker|Perrserker, M|100\/100\n|turn|3\n|\n|t:|1697390031\n|move|p1a: Perrserker|Fake Out|p2a: Rabsca\n|-damage|p2a: Rabsca|89\/100\n|move|p2b: Inteleon|Snipe Shot|p1a: Perrserker\n|-damage|p1a: Perrserker|45\/100\n|-damage|p2b: Inteleon|81\/100|[from] item: Life Orb\n|cant|p2a: Rabsca|flinch\n|move|p1b: Farigiraf|Trick Room|p1b: Farigiraf\n|-fieldstart|move: Trick Room|[of] p1b: Farigiraf\n|\n|upkeep\n|turn|4\n|\n|t:|1697390071\n|switch|p1b: Conkeldurr|Conkeldurr, M|100\/100\n|move|p2a: Rabsca|Speed Swap|p2b: Inteleon\n|-activate|p2a: Rabsca|move: Speed Swap|[of] p2b: Inteleon\n|move|p2b: Inteleon|Snipe Shot|p1a: Perrserker\n|-damage|p1a: Perrserker|0 fnt\n|faint|p1a: Perrserker\n|-damage|p2b: Inteleon|71\/100|[from] item: Life Orb\n|\n|-status|p1b: Conkeldurr|brn|[from] item: Flame Orb\n|upkeep\n|\n|t:|1697390079\n|switch|p1a: Scizor|Scizor, M|100\/100\n|turn|5\n|\n|t:|1697390103\n|switch|p2a: Iron Hands|Iron Hands|61\/100\n|move|p2b: Inteleon|Snipe Shot|p1b: Conkeldurr\n|-damage|p1b: Conkeldurr|49\/100 brn\n|-damage|p2b: Inteleon|61\/100|[from] item: Life Orb\n|move|p1b: Conkeldurr|Facade|p2a: Iron Hands\n|-damage|p2a: Iron Hands|8\/100\n|move|p1a: Scizor|Iron Head|p2b: Inteleon\n|-resisted|p2b: Inteleon\n|-damage|p2b: Inteleon|0 fnt\n|faint|p2b: Inteleon\n|\n|-damage|p1b: Conkeldurr|43\/100 brn|[from] brn\n|upkeep\n|\n|t:|1697390119\n|switch|p2b: Ursaluna|Ursaluna, F|100\/100\n|turn|6\n|\n|t:|1697390132\n|switch|p1b: Farigiraf|Farigiraf, F|89\/100\n|-end|p2a: Iron Hands|Quark Drive|[silent]\n|switch|p2a: Rabsca|Rabsca, M|89\/100\n|move|p2b: Ursaluna|Earthquake|p1a: Scizor|[spread] p1a,p1b\n|-activate|p2a: Rabsca|ability: Telepathy\n|-damage|p1a: Scizor|58\/100\n|-damage|p1b: Farigiraf|54\/100\n|move|p1a: Scizor|Iron Head|p2b: Ursaluna\n|-damage|p2b: Ursaluna|52\/100\n|\n|-status|p2b: Ursaluna|brn|[from] item: Flame Orb\n|upkeep\n|turn|7\n|\n|t:|1697390166\n|move|p2a: Rabsca|Revival Blessing|p2a: Rabsca\n|\n|t:|1697390172\n|-heal|p2: Arcanine|50\/100|[from] move: Revival Blessing\n|move|p1b: Farigiraf|Psychic|p2a: Rabsca\n|-resisted|p2a: Rabsca\n|-damage|p2a: Rabsca|70\/100\n|move|p2b: Ursaluna|Earthquake|p1a: Scizor|[spread] p1a,p1b\n|-activate|p2a: Rabsca|ability: Telepathy\n|-damage|p1a: Scizor|0 fnt\n|-damage|p1b: Farigiraf|0 fnt\n|faint|p1a: Scizor\n|faint|p1b: Farigiraf\n|\n|-damage|p2b: Ursaluna|46\/100 brn|[from] brn\n|-fieldend|move: Trick Room\n|upkeep\n|\n|t:|1697390175\n|switch|p1a: Conkeldurr|Conkeldurr, M|43\/100 brn\n|switch|p1b: Basculegion|Basculegion, M|100\/100\n|turn|8\n|\n|t:|1697390202\n|move|p1b: Basculegion|Liquidation|p2b: Ursaluna\n|-supereffective|p2b: Ursaluna\n|-crit|p2b: Ursaluna\n|-damage|p2b: Ursaluna|0 fnt\n|faint|p2b: Ursaluna\n|move|p1a: Conkeldurr|Facade|p2a: Rabsca\n|-damage|p2a: Rabsca|0 fnt\n|faint|p2a: Rabsca\n|\n|-damage|p1a: Conkeldurr|37\/100 brn|[from] brn\n|upkeep\n|\n|t:|1697390213\n|switch|p2b: Clefairy|Clefairy, M|100\/100\n|switch|p2a: Arcanine|Arcanine-Hisui, M|50\/100\n|turn|9\n|\n|t:|1697390237\n|move|p1a: Conkeldurr|Mach Punch|p2a: Arcanine\n|-supereffective|p2a: Arcanine\n|-damage|p2a: Arcanine|0 fnt\n|faint|p2a: Arcanine\n|move|p1b: Basculegion|Last Respects|p2b: Clefairy\n|-damage|p2b: Clefairy|0 fnt\n|faint|p2b: Clefairy\n|\n|-damage|p1a: Conkeldurr|31\/100 brn|[from] brn\n|upkeep\n|\n|t:|1697390244\n|switch|p2b: Iron Hands|Iron Hands|8\/100\n|turn|10\n|\n|t:|1697390251\n|move|p1b: Basculegion|Aqua Jet|p2b: Iron Hands\n|-damage|p2b: Iron Hands|0 fnt\n|faint|p2b: Iron Hands\n|-end|p2b: Iron Hands|Quark Drive|[silent]\n|\n|win|Kazekage217\n|c|\u2606ExplodingKirb|gg\n|c|\u2606Kazekage217|Gg\n","uploadtime":1697390265,"views":12,"p1id":"kazekage217","p2id":"explodingkirb","formatid":"gen9doublesou","rating":0,"private":0,"password":""}