{"id":"gen9doublesou-1970940485","p1":"Chibidaemon","p2":"MikeAlan94","format":"[Gen 9] Doubles OU","log":"|j|\u2606Chibidaemon\n|j|\u2606MikeAlan94\n|t:|1697683089\n|gametype|doubles\n|player|p1|Chibidaemon|barry|1061\n|player|p2|MikeAlan94|steven|1137\n|teamsize|p1|6\n|teamsize|p2|6\n|gen|9\n|tier|[Gen 9] Doubles OU\n|rated|\n|rule|Species Clause: Limit one of each Pok\u00e9mon\n|rule|OHKO Clause: OHKO moves are banned\n|rule|Evasion Moves Clause: Evasion moves are banned\n|rule|Gravity Sleep Clause: The combination of sleep-inducing moves with imperfect accuracy and Gravity or Gigantamax Orbeetle are banned\n|rule|Endless Battle Clause: Forcing endless battles is banned\n|rule|HP Percentage Mod: HP is shown in percentages\n|clearpoke\n|poke|p1|Furret, F|\n|poke|p1|Dunsparce, M|\n|poke|p1|Cinderace, M|\n|poke|p1|Goodra-Hisui, F|\n|poke|p1|Meowscarada, M|\n|poke|p1|Clodsire, M|\n|poke|p2|Ogerpon-Wellspring, F|\n|poke|p2|Milotic, M|\n|poke|p2|Sinistcha-Masterpiece|\n|poke|p2|Empoleon, M|\n|poke|p2|Wo-Chien|\n|poke|p2|Politoed, F|\n|teampreview\n|\n|t:|1697683109\n|start\n|switch|p1a: Flips|Furret, F|100\/100\n|switch|p1b: Meowscarada|Meowscarada, M|100\/100\n|switch|p2a: Milotic|Milotic, M|100\/100\n|switch|p2b: Ogerpon|Ogerpon-Wellspring, F|100\/100\n|-item|p2a: Milotic|Mental Herb|[from] ability: Frisk|[of] p1a: Flips|[identify]\n|-item|p2b: Ogerpon|Wellspring Mask|[from] ability: Frisk|[of] p1a: Flips|[identify]\n|turn|1\n|inactive|Battle timer is ON: inactive players will automatically lose when time's up. (requested by MikeAlan94)\n|\n|t:|1697683135\n|-terastallize|p1b: Meowscarada|Grass\n|move|p1a: Flips|Trick||[still]\n|-fail|p1a: Flips\n|move|p1b: Meowscarada|Flower Trick|p2a: Milotic\n|-supereffective|p2a: Milotic\n|-crit|p2a: Milotic\n|-damage|p2a: Milotic|0 fnt\n|faint|p2a: Milotic\n|-damage|p1b: Meowscarada|91\/100|[from] item: Life Orb\n|move|p2b: Ogerpon|Substitute|p2b: Ogerpon\n|-start|p2b: Ogerpon|Substitute\n|-damage|p2b: Ogerpon|76\/100\n|\n|upkeep\n|\n|t:|1697683155\n|switch|p2a: Wo-Chien|Wo-Chien|100\/100\n|-ability|p2a: Wo-Chien|Tablets of Ruin\n|turn|2\n|\n|t:|1697683181\n|-terastallize|p2b: Ogerpon|Water\n|detailschange|p2b: Ogerpon|Ogerpon-Wellspring-Tera, F, tera:Water\n|-ability|p2b: Ogerpon|Embody Aspect (Wellspring)|boost\n|-boost|p2b: Ogerpon|spd|1\n|move|p1a: Flips|Trick|p2a: Wo-Chien\n|-activate|p1a: Flips|move: Trick|[of] p2a: Wo-Chien\n|-item|p2a: Wo-Chien|Choice Scarf|[from] move: Trick\n|-item|p1a: Flips|Leftovers|[from] move: Trick\n|move|p1b: Meowscarada|Play Rough|p2a: Wo-Chien\n|-supereffective|p2a: Wo-Chien\n|-damage|p2a: Wo-Chien|47\/100\n|-damage|p1b: Meowscarada|81\/100|[from] item: Life Orb\n|move|p2b: Ogerpon|Ivy Cudgel|p1a: Flips\n|-crit|p1a: Flips\n|-damage|p1a: Flips|0 fnt\n|faint|p1a: Flips\n|move|p2a: Wo-Chien|Pollen Puff|p1b: Meowscarada\n|-supereffective|p1b: Meowscarada\n|-damage|p1b: Meowscarada|0 fnt\n|faint|p1b: Meowscarada\n|\n|upkeep\n|inactive|Chibidaemon has 120 seconds left.\n|\n|t:|1697683204\n|switch|p1b: Dunsparce|Dunsparce, M|100\/100\n|switch|p1a: Goodra|Goodra-Hisui, F|100\/100\n|turn|3\n|inactive|Chibidaemon has 120 seconds left.\n|\n|t:|1697683228\n|move|p2b: Ogerpon|Ivy Cudgel|p1b: Dunsparce\n|-damage|p1b: Dunsparce|69\/100\n|move|p2a: Wo-Chien|Pollen Puff|p2b: Ogerpon\n|-heal|p2b: Ogerpon|100\/100\n|move|p1a: Goodra|Thunderbolt|p2b: Ogerpon\n|-supereffective|p2b: Ogerpon\n|-end|p2b: Ogerpon|Substitute\n|move|p1b: Dunsparce|Glare|p2b: Ogerpon\n|-status|p2b: Ogerpon|par\n|\n|upkeep\n|turn|4\n|\n|t:|1697683249\n|move|p2a: Wo-Chien|Pollen Puff|p1b: Dunsparce\n|-damage|p1b: Dunsparce|50\/100\n|move|p2b: Ogerpon|Stomping Tantrum|p1a: Goodra\n|-supereffective|p1a: Goodra\n|-damage|p1a: Goodra|58\/100\n|-ability|p1a: Goodra|Gooey\n|-unboost|p2b: Ogerpon|spe|1\n|move|p1a: Goodra|Thunderbolt|p2b: Ogerpon\n|-supereffective|p2b: Ogerpon\n|-damage|p2b: Ogerpon|34\/100 par\n|move|p1b: Dunsparce|Glare|p2a: Wo-Chien\n|-status|p2a: Wo-Chien|par\n|\n|upkeep\n|turn|5\n|\n|t:|1697683277\n|move|p1a: Goodra|Thunderbolt|p2b: Ogerpon\n|-supereffective|p2b: Ogerpon\n|-damage|p2b: Ogerpon|0 fnt\n|faint|p2b: Ogerpon\n|move|p2a: Wo-Chien|Pollen Puff|p1b: Dunsparce\n|-damage|p1b: Dunsparce|29\/100\n|move|p1b: Dunsparce|Roost|p1b: Dunsparce\n|-heal|p1b: Dunsparce|79\/100\n|-singleturn|p1b: Dunsparce|move: Roost\n|\n|upkeep\n|inactive|MikeAlan94 has 120 seconds left.\n|\n|t:|1697683304\n|switch|p2b: Sinistcha|Sinistcha-Masterpiece|100\/100\n|-heal|p2a: Wo-Chien|72\/100 par|[from] ability: Hospitality|[of] p2b: Sinistcha\n|turn|6\n|inactive|MikeAlan94 has 120 seconds left.\n|inactive|Chibidaemon has 120 seconds left.\n|\n|t:|1697683350\n|switch|p1a: Cinderace|Cinderace, M|100\/100\n|move|p2b: Sinistcha|Matcha Gotcha|p1a: Cinderace|[spread] p1a,p1b\n|-resisted|p1a: Cinderace\n|-damage|p1a: Cinderace|81\/100\n|-damage|p1b: Dunsparce|57\/100\n|cant|p2a: Wo-Chien|par\n|move|p1b: Dunsparce|Glare|p2b: Sinistcha\n|-status|p2b: Sinistcha|par\n|\n|upkeep\n|turn|7\n|inactive|Chibidaemon has 120 seconds left.\n|inactive|Chibidaemon has 90 seconds left.\n|\n|t:|1697683393\n|switch|p2a: Politoed|Politoed, F|100\/100\n|-weather|RainDance|[from] ability: Drizzle|[of] p2a: Politoed\n|switch|p2b: Empoleon|Empoleon, M|100\/100\n|move|p1a: Cinderace|Gunk Shot|p2a: Politoed\n|-start|p1a: Cinderace|typechange|Poison|[from] ability: Libero\n|-damage|p2a: Politoed|10\/100\n|-status|p2a: Politoed|psn\n|move|p1b: Dunsparce|Roost|p1b: Dunsparce\n|-heal|p1b: Dunsparce|100\/100\n|-singleturn|p1b: Dunsparce|move: Roost\n|\n|-weather|RainDance|[upkeep]\n|-damage|p2a: Politoed|0 fnt|[from] psn\n|faint|p2a: Politoed\n|upkeep\n|inactive|MikeAlan94 has 120 seconds left.\n|\n|t:|1697683419\n|switch|p2a: Wo-Chien|Wo-Chien|72\/100 par\n|-ability|p2a: Wo-Chien|Tablets of Ruin\n|turn|8\n|inactive|MikeAlan94 has 120 seconds left.\n|\n|t:|1697683439\n|move|p1a: Cinderace|Gunk Shot|p2a: Wo-Chien\n|-supereffective|p2a: Wo-Chien\n|-damage|p2a: Wo-Chien|0 fnt\n|faint|p2a: Wo-Chien\n|move|p2b: Empoleon|Flash Cannon|p1a: Cinderace\n|-damage|p1a: Cinderace|26\/100\n|move|p1b: Dunsparce|Glare|p2b: Empoleon\n|-status|p2b: Empoleon|par\n|\n|-weather|RainDance|[upkeep]\n|upkeep\n|\n|t:|1697683450\n|switch|p2a: Sinistcha|Sinistcha-Masterpiece|100\/100 par\n|turn|9\n|inactive|Chibidaemon has 120 seconds left.\n|\n|t:|1697683469\n|move|p1a: Cinderace|Gunk Shot|p2a: Sinistcha|[miss]\n|-miss|p1a: Cinderace|p2a: Sinistcha\n|move|p1b: Dunsparce|Calm Mind|p1b: Dunsparce\n|-boost|p1b: Dunsparce|spa|1\n|-boost|p1b: Dunsparce|spd|1\n|move|p2a: Sinistcha|Strength Sap|p1a: Cinderace\n|-unboost|p1a: Cinderace|atk|1\n|move|p2b: Empoleon|Surf|p1b: Dunsparce|[spread] p2a,p1a,p1b\n|-resisted|p2a: Sinistcha\n|-damage|p2a: Sinistcha|79\/100 par\n|-damage|p1a: Cinderace|0 fnt\n|-damage|p1b: Dunsparce|72\/100\n|faint|p1a: Cinderace\n|\n|-weather|RainDance|[upkeep]\n|upkeep\n|inactive|Chibidaemon has 120 seconds left.\n|\n|t:|1697683486\n|switch|p1a: Goodra|Goodra-Hisui, F|58\/100\n|turn|10\n|\n|t:|1697683500\n|move|p1a: Goodra|Thunderbolt|p2b: Empoleon\n|-supereffective|p2b: Empoleon\n|-damage|p2b: Empoleon|48\/100 par\n|move|p1b: Dunsparce|Ancient Power|p2a: Sinistcha\n|-crit|p2a: Sinistcha\n|-damage|p2a: Sinistcha|58\/100 par\n|move|p2a: Sinistcha|Matcha Gotcha|p1a: Goodra|[spread] p1a,p1b\n|-resisted|p1a: Goodra\n|-damage|p1a: Goodra|54\/100\n|-heal|p2a: Sinistcha|61\/100 par|[from] drain|[of] p1a: Goodra\n|-damage|p1b: Dunsparce|59\/100\n|-heal|p2a: Sinistcha|68\/100 par|[from] drain|[of] p1b: Dunsparce\n|cant|p2b: Empoleon|par\n|\n|-weather|RainDance|[upkeep]\n|upkeep\n|turn|11\n|\n|t:|1697683523\n|move|p1a: Goodra|Thunderbolt|p2b: Empoleon\n|-supereffective|p2b: Empoleon\n|-damage|p2b: Empoleon|0 fnt\n|faint|p2b: Empoleon\n|move|p1b: Dunsparce|Calm Mind|p1b: Dunsparce\n|-boost|p1b: Dunsparce|spa|1\n|-boost|p1b: Dunsparce|spd|1\n|move|p2a: Sinistcha|Shadow Ball|p1a: Goodra\n|-damage|p1a: Goodra|32\/100\n|\n|-weather|none\n|upkeep\n|turn|12\n|\n|t:|1697683537\n|switch|p1a: Clodsire|Clodsire, M|100\/100\n|move|p1b: Dunsparce|Calm Mind|p1b: Dunsparce\n|-boost|p1b: Dunsparce|spa|1\n|-boost|p1b: Dunsparce|spd|1\n|move|p2a: Sinistcha|Matcha Gotcha|p1b: Dunsparce|[spread] p1a\n|-miss|p2a: Sinistcha|p1b: Dunsparce\n|-damage|p1a: Clodsire|82\/100\n|-heal|p2a: Sinistcha|81\/100 par|[from] drain|[of] p1a: Clodsire\n|\n|-heal|p1a: Clodsire|88\/100|[from] item: Leftovers\n|upkeep\n|turn|13\n|\n|t:|1697683552\n|move|p1b: Dunsparce|Ancient Power|p2a: Sinistcha\n|-damage|p2a: Sinistcha|58\/100 par\n|-boost|p1b: Dunsparce|atk|1\n|-boost|p1b: Dunsparce|def|1\n|-boost|p1b: Dunsparce|spa|1\n|-boost|p1b: Dunsparce|spd|1\n|-boost|p1b: Dunsparce|spe|1\n|cant|p2a: Sinistcha|par\n|move|p1a: Clodsire|Gunk Shot|p2a: Sinistcha\n|-damage|p2a: Sinistcha|30\/100 par\n|\n|-heal|p1a: Clodsire|94\/100|[from] item: Leftovers\n|upkeep\n|turn|14\n|\n|t:|1697683569\n|move|p1b: Dunsparce|Ancient Power|p2a: Sinistcha\n|-damage|p2a: Sinistcha|2\/100 par\n|move|p2a: Sinistcha|Matcha Gotcha|p1a: Clodsire|[spread] p1a,p1b\n|-damage|p1a: Clodsire|73\/100\n|-heal|p2a: Sinistcha|16\/100 par|[from] drain|[of] p1a: Clodsire\n|-damage|p1b: Dunsparce|51\/100\n|-heal|p2a: Sinistcha|20\/100 par|[from] drain|[of] p1b: Dunsparce\n|move|p1a: Clodsire|Gunk Shot|p2a: Sinistcha\n|-damage|p2a: Sinistcha|0 fnt\n|faint|p2a: Sinistcha\n|\n|win|Chibidaemon\n|raw|Chibidaemon's rating: 1061 &rarr; <strong>1098<\/strong><br \/>(+37 for winning)\n|raw|MikeAlan94's rating: 1137 &rarr; <strong>1107<\/strong><br \/>(-30 for losing)\n|l|\u2606MikeAlan94\n","uploadtime":1697683635,"views":15,"p1id":"chibidaemon","p2id":"mikealan94","formatid":"gen9doublesou","rating":1098,"private":0,"password":""}