{"id":"gen9doublesou-1989500722","p1":"Battlin' Cats","p2":"laviru","format":"[Gen 9] Doubles OU","log":"|j|\u2606Battlin' Cats\n|j|\u2606laviru\n|t:|1699861320\n|gametype|doubles\n|player|p1|Battlin' Cats|unknownf|1327\n|player|p2|laviru|marlon|1343\n|teamsize|p1|6\n|teamsize|p2|6\n|gen|9\n|tier|[Gen 9] Doubles OU\n|rated|\n|rule|Species Clause: Limit one of each Pok\u00e9mon\n|rule|OHKO Clause: OHKO moves are banned\n|rule|Evasion Moves Clause: Evasion moves are banned\n|rule|Gravity Sleep Clause: The combination of sleep-inducing moves with imperfect accuracy and Gravity or Gigantamax Orbeetle are banned\n|rule|Endless Battle Clause: Forcing endless battles is banned\n|rule|HP Percentage Mod: HP is shown in percentages\n|clearpoke\n|poke|p1|Torkoal, F|\n|poke|p1|Cresselia, F|\n|poke|p1|Armarouge, F|\n|poke|p1|Diancie|\n|poke|p1|Ursaluna, F|\n|poke|p1|Skeledirge, M|\n|poke|p2|Armarouge, M|\n|poke|p2|Ceruledge, M|\n|poke|p2|Indeedee-F, F|\n|poke|p2|Torkoal, F|\n|poke|p2|Walking Wake|\n|poke|p2|Lilligant-Hisui, F|\n|teampreview\n|inactive|Battle timer is ON: inactive players will automatically lose when time's up. (requested by laviru)\n|c|\u2606Battlin' Cats|glhf\n|\n|t:|1699861334\n|start\n|switch|p1a: Lunus|Cresselia, F|100\/100\n|switch|p1b: Skeledirge|Skeledirge, M, shiny|100\/100\n|switch|p2a: Rawrrbetch|Walking Wake|100\/100\n|switch|p2b: Shield|Armarouge, M, shiny|100\/100\n|turn|1\n|\n|t:|1699861358\n|-terastallize|p1b: Skeledirge|Fairy\n|move|p2a: Rawrrbetch|Hydro Steam|p1b: Skeledirge\n|-damage|p1b: Skeledirge|35\/100\n|move|p1a: Lunus|Dazzling Gleam|p2a: Rawrrbetch|[spread] p2a,p2b\n|-supereffective|p2a: Rawrrbetch\n|-resisted|p2b: Shield\n|-damage|p2a: Rawrrbetch|64\/100\n|-damage|p2b: Shield|90\/100\n|move|p1b: Skeledirge|Yawn|p2a: Rawrrbetch\n|-start|p2a: Rawrrbetch|move: Yawn|[of] p1b: Skeledirge\n|move|p2b: Shield|Trick Room|p2b: Shield\n|-fieldstart|move: Trick Room|[of] p2b: Shield\n|\n|upkeep\n|turn|2\n|inactive|Battlin' Cats has 120 seconds left.\n|\n|t:|1699861399\n|-end|p2a: Rawrrbetch|Protosynthesis|[silent]\n|switch|p2a: FurryBait|Indeedee-F, F|100\/100\n|-fieldstart|move: Psychic Terrain|[from] ability: Psychic Surge|[of] p2a: FurryBait\n|move|p1b: Skeledirge|Slack Off|p1b: Skeledirge\n|-heal|p1b: Skeledirge|85\/100\n|move|p2b: Shield|Expanding Force|p1a: Lunus|[spread] p1a,p1b\n|-resisted|p1a: Lunus\n|-damage|p1a: Lunus|80\/100\n|-damage|p1b: Skeledirge|22\/100\n|move|p1a: Lunus|Psychic|p2a: FurryBait\n|-resisted|p2a: FurryBait\n|-damage|p2a: FurryBait|83\/100\n|\n|upkeep\n|turn|3\n|inactive|Battlin' Cats has 120 seconds left.\n|\n|t:|1699861417\n|move|p2a: FurryBait|Follow Me|p2a: FurryBait\n|-singleturn|p2a: FurryBait|move: Follow Me\n|move|p1b: Skeledirge|Hex|p2a: FurryBait\n|-immune|p2a: FurryBait\n|move|p2b: Shield|Expanding Force|p1a: Lunus|[spread] p1a,p1b\n|-resisted|p1a: Lunus\n|-damage|p1a: Lunus|60\/100\n|-damage|p1b: Skeledirge|0 fnt\n|faint|p1b: Skeledirge\n|move|p1a: Lunus|Dazzling Gleam|p2b: Shield|[spread] p2a,p2b\n|-resisted|p2b: Shield\n|-damage|p2a: FurryBait|69\/100\n|-damage|p2b: Shield|80\/100\n|\n|upkeep\n|inactive|Battlin' Cats has 120 seconds left.\n|\n|t:|1699861428\n|switch|p1b: Ursaluna|Ursaluna, F, shiny|100\/100\n|turn|4\n|\n|t:|1699861441\n|switch|p2b: Rawrrbetch|Walking Wake|64\/100\n|move|p1b: Ursaluna|Earthquake|p2a: FurryBait|[spread] p2a,p2b\n|-immune|p1a: Lunus|[from] ability: Levitate\n|-damage|p2a: FurryBait|29\/100\n|-damage|p2b: Rawrrbetch|18\/100\n|move|p1a: Lunus|Lunar Blessing|p1a: Lunus|[spread] p1a,p1b\n|-heal|p1a: Lunus|85\/100\n|move|p2a: FurryBait|Trick Room|p2a: FurryBait\n|-fieldend|move: Trick Room\n|\n|-status|p1b: Ursaluna|brn|[from] item: Flame Orb\n|upkeep\n|turn|5\n|inactive|Battlin' Cats has 120 seconds left.\n|\n|t:|1699861479\n|switch|p2a: Grandpa|Torkoal, F|100\/100\n|-weather|SunnyDay|[from] ability: Drought|[of] p2a: Grandpa\n|-activate|p2b: Rawrrbetch|ability: Protosynthesis\n|-start|p2b: Rawrrbetch|protosynthesisspe\n|move|p2b: Rawrrbetch|Hydro Steam|p1a: Lunus\n|-damage|p1a: Lunus|21\/100\n|move|p1a: Lunus|Dazzling Gleam|p2b: Rawrrbetch|[spread] p2a,p2b\n|-resisted|p2a: Grandpa\n|-supereffective|p2b: Rawrrbetch\n|-damage|p2a: Grandpa|90\/100\n|-damage|p2b: Rawrrbetch|0 fnt\n|faint|p2b: Rawrrbetch\n|-end|p2b: Rawrrbetch|Protosynthesis|[silent]\n|move|p1b: Ursaluna|Earthquake|p2a: Grandpa|[spread] p2a\n|-immune|p1a: Lunus|[from] ability: Levitate\n|-supereffective|p2a: Grandpa\n|-damage|p2a: Grandpa|13\/100\n|\n|-weather|SunnyDay|[upkeep]\n|-damage|p1b: Ursaluna|94\/100 brn|[from] brn\n|upkeep\n|inactive|laviru has 120 seconds left.\n|\n|t:|1699861491\n|switch|p2b: Sword|Ceruledge, M, shiny|100\/100\n|turn|6\n|\n|t:|1699861511\n|switch|p2a: Shield|Armarouge, M, shiny|80\/100\n|-terastallize|p2b: Sword|Grass\n|move|p2b: Sword|Bitter Blade|p1a: Lunus\n|-damage|p1a: Lunus|0 fnt\n|faint|p1a: Lunus\n|-damage|p2b: Sword|91\/100|[from] item: Life Orb\n|move|p1b: Ursaluna|Earthquake|p2a: Shield|[spread] p2a,p2b\n|-supereffective|p2a: Shield\n|-resisted|p2b: Sword\n|-damage|p2a: Shield|0 fnt\n|-damage|p2b: Sword|46\/100\n|-ability|p2b: Sword|Weak Armor|boost\n|-unboost|p2b: Sword|def|1\n|-boost|p2b: Sword|spe|2\n|faint|p2a: Shield\n|\n|-weather|SunnyDay|[upkeep]\n|-damage|p1b: Ursaluna|88\/100 brn|[from] brn\n|-fieldend|move: Psychic Terrain\n|upkeep\n|\n|t:|1699861528\n|switch|p1a: Ug-sh|Diancie|100\/100\n|switch|p2a: MsCordero|Lilligant-Hisui, F|100\/100\n|turn|7\n|\n|t:|1699861548\n|move|p2a: MsCordero|Solar Blade||[still]\n|-prepare|p2a: MsCordero|Solar Blade\n|-anim|p2a: MsCordero|Solar Blade|p1a: Ug-sh\n|-supereffective|p1a: Ug-sh\n|-damage|p1a: Ug-sh|0 fnt\n|faint|p1a: Ug-sh\n|move|p2b: Sword|Solar Blade||[still]\n|-prepare|p2b: Sword|Solar Blade\n|-anim|p2b: Sword|Solar Blade|p1b: Ursaluna\n|-supereffective|p1b: Ursaluna\n|-damage|p1b: Ursaluna|0 fnt\n|faint|p1b: Ursaluna\n|-damage|p2b: Sword|36\/100|[from] item: Life Orb\n|\n|-weather|SunnyDay|[upkeep]\n|upkeep\n|\n|t:|1699861559\n|switch|p1a: OC Do Not Steal|Armarouge, F|100\/100\n|switch|p1b: A Bit Slow|Torkoal, F|100\/100\n|turn|8\n|\n|t:|1699861581\n|move|p1b: A Bit Slow|Protect|p1b: A Bit Slow\n|-singleturn|p1b: A Bit Slow|Protect\n|move|p2a: MsCordero|Solar Blade||[still]\n|-prepare|p2a: MsCordero|Solar Blade\n|-anim|p2a: MsCordero|Solar Blade|p1b: A Bit Slow\n|-activate|p1b: A Bit Slow|move: Protect\n|move|p2b: Sword|Poltergeist|p1a: OC Do Not Steal\n|-activate|p1a: OC Do Not Steal|move: Poltergeist|Weakness Policy\n|-supereffective|p1a: OC Do Not Steal\n|-damage|p1a: OC Do Not Steal|0 fnt\n|faint|p1a: OC Do Not Steal\n|-damage|p2b: Sword|27\/100|[from] item: Life Orb\n|\n|-weather|SunnyDay|[upkeep]\n|upkeep\n|turn|9\n|\n|t:|1699861596\n|move|p2a: MsCordero|Solar Blade||[still]\n|-prepare|p2a: MsCordero|Solar Blade\n|-anim|p2a: MsCordero|Solar Blade|p1b: A Bit Slow\n|-resisted|p1b: A Bit Slow\n|-damage|p1b: A Bit Slow|67\/100\n|move|p2b: Sword|Poltergeist|p1b: A Bit Slow|[miss]\n|-miss|p2b: Sword|p1b: A Bit Slow\n|move|p1b: A Bit Slow|Eruption|p2a: MsCordero|[spread] p2a,p2b\n|-supereffective|p2a: MsCordero\n|-supereffective|p2b: Sword\n|-damage|p2a: MsCordero|0 fnt\n|-damage|p2b: Sword|0 fnt\n|faint|p2a: MsCordero\n|faint|p2b: Sword\n|\n|-weather|SunnyDay|[upkeep]\n|upkeep\n|\n|t:|1699861606\n|switch|p2a: FurryBait|Indeedee-F, F|29\/100\n|switch|p2b: Grandpa|Torkoal, F|13\/100\n|-fieldstart|move: Psychic Terrain|[from] ability: Psychic Surge|[of] p2a: FurryBait\n|turn|10\n|\n|t:|1699861617\n|move|p2a: FurryBait|Heal Pulse|p2b: Grandpa\n|-heal|p2b: Grandpa|63\/100\n|move|p2b: Grandpa|Yawn|p1b: A Bit Slow\n|-start|p1b: A Bit Slow|move: Yawn|[of] p2b: Grandpa\n|move|p1b: A Bit Slow|Heat Wave|p2b: Grandpa|[spread] p2a,p2b\n|-resisted|p2b: Grandpa\n|-damage|p2a: FurryBait|0 fnt\n|-damage|p2b: Grandpa|31\/100\n|faint|p2a: FurryBait\n|\n|-weather|SunnyDay|[upkeep]\n|upkeep\n|turn|11\n|\n|t:|1699861628\n|move|p2b: Grandpa|Protect|p2b: Grandpa\n|-singleturn|p2b: Grandpa|Protect\n|move|p1b: A Bit Slow|Earth Power|p2b: Grandpa\n|-activate|p2b: Grandpa|move: Protect\n|\n|-weather|SunnyDay|[upkeep]\n|-end|p1b: A Bit Slow|move: Yawn|[silent]\n|-status|p1b: A Bit Slow|slp\n|upkeep\n|turn|12\n|\n|t:|1699861633\n|move|p2b: Grandpa|Body Press|p1b: A Bit Slow\n|-damage|p1b: A Bit Slow|42\/100 slp\n|cant|p1b: A Bit Slow|slp\n|\n|-weather|none\n|upkeep\n|turn|13\n|\n|t:|1699861638\n|move|p2b: Grandpa|Body Press|p1b: A Bit Slow\n|-damage|p1b: A Bit Slow|18\/100 slp\n|-curestatus|p1b: A Bit Slow|slp|[msg]\n|move|p1b: A Bit Slow|Earth Power|p2b: Grandpa\n|-supereffective|p2b: Grandpa\n|-damage|p2b: Grandpa|0 fnt\n|faint|p2b: Grandpa\n|\n|win|Battlin' Cats\n|raw|Battlin&apos; Cats's rating: 1327 &rarr; <strong>1348<\/strong><br \/>(+21 for winning)\n|raw|laviru's rating: 1343 &rarr; <strong>1322<\/strong><br \/>(-21 for losing)\n|c|\u2606Battlin' Cats|gg\n|l|\u2606laviru\n|player|p1|Battlin' Cats|unknownf\n","uploadtime":1699861666,"views":9,"p1id":"battlincats","p2id":"laviru","formatid":"gen9doublesou","rating":1322,"private":0,"password":""}