{"id":"gen9doublesou-1990611929","p1":"DillG12","p2":"abbabareal2","format":"[Gen 9] Doubles OU","log":"|j|\u2606DillG12\n|j|\u2606abbabareal2\n|t:|1699985649\n|gametype|doubles\n|player|p1|DillG12|falkner|1338\n|player|p2|abbabareal2|1|1444\n|teamsize|p1|6\n|teamsize|p2|6\n|gen|9\n|tier|[Gen 9] Doubles OU\n|rated|\n|rule|Species Clause: Limit one of each Pok\u00e9mon\n|rule|OHKO Clause: OHKO moves are banned\n|rule|Evasion Moves Clause: Evasion moves are banned\n|rule|Gravity Sleep Clause: The combination of sleep-inducing moves with imperfect accuracy and Gravity or Gigantamax Orbeetle are banned\n|rule|Endless Battle Clause: Forcing endless battles is banned\n|rule|HP Percentage Mod: HP is shown in percentages\n|clearpoke\n|poke|p1|Arcanine, M|\n|poke|p1|Gothitelle, F|\n|poke|p1|Chansey, F|\n|poke|p1|Glimmora, M|\n|poke|p1|Ting-Lu|\n|poke|p1|Wo-Chien|\n|poke|p2|Iron Hands|\n|poke|p2|Armarouge, M|\n|poke|p2|Indeedee-F, F|\n|poke|p2|Ursaluna, M|\n|poke|p2|Diancie|\n|poke|p2|Amoonguss, M|\n|teampreview\n|\n|t:|1699985669\n|start\n|switch|p1a: Chansey|Chansey, F, shiny|100\/100\n|switch|p1b: Ting-Lu|Ting-Lu|100\/100\n|switch|p2a: Armarouge|Armarouge, M|100\/100\n|switch|p2b: Indeedee|Indeedee-F, F|100\/100\n|-fieldstart|move: Psychic Terrain|[from] ability: Psychic Surge|[of] p2b: Indeedee\n|-ability|p1b: Ting-Lu|Vessel of Ruin\n|turn|1\n|inactive|Battle timer is ON: inactive players will automatically lose when time's up. (requested by DillG12)\n|\n|t:|1699985690\n|move|p2a: Armarouge|Protect|p2a: Armarouge\n|-singleturn|p2a: Armarouge|Protect\n|move|p1a: Chansey|Stealth Rock|p2a: Armarouge\n|-sidestart|p2: abbabareal2|move: Stealth Rock\n|move|p1b: Ting-Lu|Whirlwind|p2a: Armarouge\n|drag|p2a: Ursaluna|Ursaluna, M|100\/100\n|-damage|p2a: Ursaluna|94\/100|[from] Stealth Rock\n|move|p2b: Indeedee|Trick Room|p2b: Indeedee\n|-fieldstart|move: Trick Room|[of] p2b: Indeedee\n|\n|-status|p2a: Ursaluna|brn|[from] item: Flame Orb\n|upkeep\n|turn|2\n|\n|t:|1699985710\n|move|p2b: Indeedee|Helping Hand|p2a: Ursaluna\n|-singleturn|p2a: Ursaluna|Helping Hand|[of] p2b: Indeedee\n|move|p2a: Ursaluna|Close Combat|p1b: Ting-Lu\n|-supereffective|p1b: Ting-Lu\n|-damage|p1b: Ting-Lu|0 fnt\n|-unboost|p2a: Ursaluna|def|1\n|-unboost|p2a: Ursaluna|spd|1\n|faint|p1b: Ting-Lu\n|move|p1a: Chansey|Seismic Toss|p2a: Ursaluna\n|-damage|p2a: Ursaluna|73\/100 brn\n|\n|-damage|p2a: Ursaluna|67\/100 brn|[from] brn\n|upkeep\n|\n|t:|1699985728\n|switch|p1b: Gothitelle|Gothitelle, F, shiny|100\/100\n|turn|3\n|\n|t:|1699985745\n|-terastallize|p2a: Ursaluna|Ground\n|move|p1b: Gothitelle|Fake Out|p2b: Indeedee\n|-activate|p2b: Indeedee|move: Psychic Terrain\n|move|p2b: Indeedee|Follow Me|p2b: Indeedee\n|-singleturn|p2b: Indeedee|move: Follow Me\n|move|p2a: Ursaluna|Headlong Rush|p1b: Gothitelle\n|-damage|p1b: Gothitelle|0 fnt\n|-unboost|p2a: Ursaluna|def|1\n|-unboost|p2a: Ursaluna|spd|1\n|faint|p1b: Gothitelle\n|move|p1a: Chansey|Seismic Toss|p2b: Indeedee\n|-damage|p2b: Indeedee|71\/100\n|\n|-damage|p2a: Ursaluna|61\/100 brn|[from] brn\n|upkeep\n|\n|t:|1699985763\n|switch|p1b: Wo-Chien|Wo-Chien|100\/100\n|-ability|p1b: Wo-Chien|Tablets of Ruin\n|turn|4\n|\n|t:|1699985774\n|-terastallize|p1b: Wo-Chien|Water\n|move|p2b: Indeedee|Helping Hand|p2a: Ursaluna\n|-singleturn|p2a: Ursaluna|Helping Hand|[of] p2b: Indeedee\n|move|p2a: Ursaluna|Facade|p1b: Wo-Chien\n|-damage|p1b: Wo-Chien|0 fnt\n|faint|p1b: Wo-Chien\n|move|p1a: Chansey|Seismic Toss|p2b: Indeedee\n|-damage|p2b: Indeedee|42\/100\n|\n|-damage|p2a: Ursaluna|55\/100 brn|[from] brn\n|upkeep\n|\n|t:|1699985785\n|switch|p1b: Glimmora|Glimmora, M|100\/100\n|turn|5\n|\n|t:|1699985807\n|move|p1b: Glimmora|Spiky Shield|p1b: Glimmora\n|-singleturn|p1b: Glimmora|move: Protect\n|move|p2b: Indeedee|Follow Me|p2b: Indeedee\n|-singleturn|p2b: Indeedee|move: Follow Me\n|move|p2a: Ursaluna|Headlong Rush|p1b: Glimmora\n|-activate|p1b: Glimmora|move: Protect\n|-damage|p2a: Ursaluna|42\/100 brn|[from] Spiky Shield|[of] p1b: Glimmora\n|move|p1a: Chansey|Seismic Toss|p2b: Indeedee\n|-damage|p2b: Indeedee|13\/100\n|\n|-damage|p2a: Ursaluna|36\/100 brn|[from] brn\n|-fieldend|move: Trick Room\n|-fieldend|move: Psychic Terrain\n|upkeep\n|turn|6\n|\n|t:|1699985831\n|move|p1b: Glimmora|Sludge Bomb|p2a: Ursaluna\n|-resisted|p2a: Ursaluna\n|-damage|p2a: Ursaluna|2\/100 brn\n|move|p1a: Chansey|Seismic Toss|p2a: Ursaluna\n|-damage|p2a: Ursaluna|0 fnt\n|faint|p2a: Ursaluna\n|move|p2b: Indeedee|Trick Room|p2b: Indeedee\n|-fieldstart|move: Trick Room|[of] p2b: Indeedee\n|\n|upkeep\n|inactive|abbabareal2 has 120 seconds left.\n|\n|t:|1699985848\n|switch|p2a: Iron Hands|Iron Hands|100\/100\n|-damage|p2a: Iron Hands|94\/100|[from] Stealth Rock\n|turn|7\n|\n|t:|1699985863\n|move|p1b: Glimmora|Spiky Shield|p1b: Glimmora\n|-singleturn|p1b: Glimmora|move: Protect\n|move|p2a: Iron Hands|Fake Out|p1a: Chansey\n|-damage|p1a: Chansey|90\/100\n|cant|p1a: Chansey|flinch\n|move|p2b: Indeedee|Psychic|p1b: Glimmora\n|-activate|p1b: Glimmora|move: Protect\n|\n|upkeep\n|turn|8\n|\n|t:|1699985877\n|switch|p1b: Arcanine|Arcanine, M, shiny|100\/100\n|-ability|p1b: Arcanine|Intimidate|boost\n|-unboost|p2a: Iron Hands|atk|1\n|-unboost|p2b: Indeedee|atk|1\n|move|p2a: Iron Hands|Close Combat|p1b: Arcanine\n|-damage|p1b: Arcanine|53\/100\n|-unboost|p2a: Iron Hands|def|1\n|-unboost|p2a: Iron Hands|spd|1\n|move|p1a: Chansey|Seismic Toss|p2b: Indeedee\n|-damage|p2b: Indeedee|0 fnt\n|faint|p2b: Indeedee\n|\n|upkeep\n|\n|t:|1699985891\n|switch|p2b: Diancie|Diancie|100\/100\n|-damage|p2b: Diancie|88\/100|[from] Stealth Rock\n|turn|9\n|\n|t:|1699985901\n|move|p2a: Iron Hands|Close Combat|p1a: Chansey\n|-supereffective|p1a: Chansey\n|-damage|p1a: Chansey|25\/100\n|-unboost|p2a: Iron Hands|def|1\n|-unboost|p2a: Iron Hands|spd|1\n|move|p2b: Diancie|Diamond Storm|p1b: Arcanine|[spread] p1a,p1b\n|-supereffective|p1b: Arcanine\n|-damage|p1a: Chansey|5\/100\n|-damage|p1b: Arcanine|0 fnt\n|-boost|p2b: Diancie|def|2\n|faint|p1b: Arcanine\n|move|p1a: Chansey|Seismic Toss|p2b: Diancie\n|-damage|p2b: Diancie|55\/100\n|\n|upkeep\n|\n|t:|1699985914\n|switch|p1b: Glimmora|Glimmora, M|100\/100\n|turn|10\n|\n|t:|1699985943\n|move|p2b: Diancie|Protect|p2b: Diancie\n|-singleturn|p2b: Diancie|Protect\n|move|p2a: Iron Hands|Ice Punch|p1a: Chansey\n|-damage|p1a: Chansey|0 fnt\n|faint|p1a: Chansey\n|move|p1b: Glimmora|Mortal Spin|p2b: Diancie|[spread] p2a\n|-activate|p2b: Diancie|move: Protect\n|-damage|p2a: Iron Hands|88\/100\n|-status|p2a: Iron Hands|psn\n|\n|-damage|p2a: Iron Hands|75\/100 psn|[from] psn\n|-fieldend|move: Trick Room\n|upkeep\n|turn|11\n|\n|t:|1699985968\n|-end|p2a: Iron Hands|Quark Drive|[silent]\n|switch|p2a: Amoonguss|Amoonguss, M|100\/100\n|-damage|p2a: Amoonguss|88\/100|[from] Stealth Rock\n|move|p1b: Glimmora|Sludge Bomb|p2a: Amoonguss\n|-damage|p2a: Amoonguss|62\/100\n|move|p2b: Diancie|Trick Room|p2b: Diancie\n|-fieldstart|move: Trick Room|[of] p2b: Diancie\n|\n|upkeep\n|turn|12\n|-message|DillG12 forfeited.\n|\n|win|abbabareal2\n|raw|DillG12's rating: 1338 &rarr; <strong>1324<\/strong><br \/>(-14 for losing)\n|raw|abbabareal2's rating: 1444 &rarr; <strong>1458<\/strong><br \/>(+14 for winning)\n|l|\u2606DillG12\n","uploadtime":1699985998,"views":15,"p1id":"dillg12","p2id":"abbabareal2","formatid":"gen9doublesou","rating":1324,"private":0,"password":""}