{"id":"gen9doublesou-1982115715","p1":"Iygvyi","p2":"ButWhyThough_2","format":"[Gen 9] Doubles OU","log":"|j|\u2606Iygvyi\n|j|\u2606ButWhyThough_2\n|inactive|Battle timer is ON: inactive players will automatically lose when time's up.\n|t:|1698969428\n|gametype|doubles\n|player|p1|Iygvyi|102|\n|player|p2|ButWhyThough_2|hilbert|\n|teamsize|p1|6\n|teamsize|p2|6\n|gen|9\n|tier|[Gen 9] Doubles OU\n|rated|Tournament battle\n|rule|Species Clause: Limit one of each Pok\u00e9mon\n|rule|OHKO Clause: OHKO moves are banned\n|rule|Evasion Moves Clause: Evasion moves are banned\n|rule|Gravity Sleep Clause: The combination of sleep-inducing moves with imperfect accuracy and Gravity or Gigantamax Orbeetle are banned\n|rule|Endless Battle Clause: Forcing endless battles is banned\n|rule|HP Percentage Mod: HP is shown in percentages\n|clearpoke\n|poke|p1|Tornadus, M|\n|poke|p1|Iron Hands|\n|poke|p1|Rillaboom, M|\n|poke|p1|Flutter Mane|\n|poke|p1|Ogerpon-Hearthflame, F|\n|poke|p1|Heatran, F|\n|poke|p2|Chi-Yu|\n|poke|p2|Iron Hands|\n|poke|p2|Kingambit, M|\n|poke|p2|Ogerpon-Hearthflame, F|\n|poke|p2|Flutter Mane|\n|poke|p2|Landorus-Therian, M|\n|teampreview\n|inactive|Iygvyi also wants the timer to be on.\n|inactive|Iygvyi has 120 seconds left.\n|\n|t:|1698969471\n|start\n|switch|p1a: Rillaboom|Rillaboom, M|100\/100\n|switch|p1b: Ogerpon|Ogerpon-Hearthflame, F|100\/100\n|switch|p2a: Landorus|Landorus-Therian, M|100\/100\n|switch|p2b: Ogerpon|Ogerpon-Hearthflame, F|100\/100\n|-ability|p2a: Landorus|Intimidate|boost\n|-unboost|p1a: Rillaboom|atk|1\n|-unboost|p1b: Ogerpon|atk|1\n|-ability|p1b: Ogerpon|Mold Breaker\n|-ability|p2b: Ogerpon|Mold Breaker\n|-fieldstart|move: Grassy Terrain|[from] ability: Grassy Surge|[of] p1a: Rillaboom\n|turn|1\n|inactive|Iygvyi has 120 seconds left.\n|\n|t:|1698969519\n|switch|p1b: Flutter Mane|Flutter Mane|100\/100\n|move|p1a: Rillaboom|Fake Out|p2b: Ogerpon\n|-damage|p2b: Ogerpon|87\/100\n|move|p2a: Landorus|Rock Slide|p1a: Rillaboom|[spread] p1a,p1b\n|-damage|p1a: Rillaboom|83\/100\n|-damage|p1b: Flutter Mane|65\/100\n|cant|p2b: Ogerpon|flinch\n|\n|-heal|p1b: Flutter Mane|72\/100|[from] Grassy Terrain\n|-heal|p2b: Ogerpon|93\/100|[from] Grassy Terrain\n|-heal|p1a: Rillaboom|89\/100|[from] Grassy Terrain\n|upkeep\n|turn|2\n|inactive|Iygvyi has 120 seconds left.\n|\n|t:|1698969551\n|move|p2a: Landorus|Rock Slide|p1b: Flutter Mane|[spread] p1b\n|-miss|p2a: Landorus|p1a: Rillaboom\n|-damage|p1b: Flutter Mane|32\/100\n|move|p1b: Flutter Mane|Power Gem|p2b: Ogerpon\n|-supereffective|p2b: Ogerpon\n|-damage|p2b: Ogerpon|0 fnt\n|faint|p2b: Ogerpon\n|move|p1a: Rillaboom|U-turn|p2a: Landorus\n|-resisted|p2a: Landorus\n|-damage|p2a: Landorus|90\/100\n|inactive|Iygvyi has 90 seconds left.\n|\n|t:|1698969568\n|switch|p1a: Tornadus|Tornadus, M|100\/100|[from] U-turn\n|\n|-heal|p1b: Flutter Mane|38\/100|[from] Grassy Terrain\n|upkeep\n|\n|t:|1698969571\n|switch|p2b: Othermeta|Chi-Yu|100\/100\n|-ability|p2b: Othermeta|Beads of Ruin\n|turn|3\n|\n|t:|1698969593\n|-terastallize|p2b: Othermeta|Fairy\n|move|p1a: Tornadus|Tailwind|p1a: Tornadus\n|-sidestart|p1: Iygvyi|move: Tailwind\n|move|p1b: Flutter Mane|Power Gem|p2b: Othermeta\n|-damage|p2b: Othermeta|77\/100\n|move|p2a: Landorus|Rock Slide|p1a: Tornadus|[spread] p1a,p1b\n|-supereffective|p1a: Tornadus\n|-damage|p1a: Tornadus|63\/100\n|-damage|p1b: Flutter Mane|3\/100\n|move|p2b: Othermeta|Snarl|p1b: Flutter Mane|[spread] p1a,p1b\n|-damage|p1a: Tornadus|30\/100\n|-damage|p1b: Flutter Mane|0 fnt\n|faint|p1b: Flutter Mane\n|-end|p1b: Flutter Mane|Protosynthesis|[silent]\n|\n|-heal|p2b: Othermeta|83\/100|[from] Grassy Terrain\n|upkeep\n|j|@RelicanthPrimal<><\n|\n|t:|1698969602\n|switch|p1b: Ogerpon|Ogerpon-Hearthflame, F|100\/100\n|-ability|p1b: Ogerpon|Mold Breaker\n|turn|4\n|inactive|Iygvyi has 120 seconds left.\n|\n|t:|1698969622\n|switch|p2b: Iron Hands|Iron Hands|100\/100\n|-terastallize|p1b: Ogerpon|Fire\n|detailschange|p1b: Ogerpon|Ogerpon-Hearthflame-Tera, F, tera:Fire\n|-ability|p1b: Ogerpon|Embody Aspect (Hearthflame)|boost\n|-boost|p1b: Ogerpon|atk|1\n|move|p1b: Ogerpon|Ivy Cudgel|p2a: Landorus\n|-damage|p2a: Landorus|0 fnt\n|faint|p2a: Landorus\n|move|p1a: Tornadus|Bleakwind Storm|p2b: Iron Hands|[miss]\n|-miss|p1a: Tornadus|p2b: Iron Hands\n|\n|upkeep\n|\n|t:|1698969636\n|switch|p2a: Kingambit|Kingambit, M|100\/100\n|turn|5\n|\n|t:|1698969649\n|move|p1b: Ogerpon|Spiky Shield|p1b: Ogerpon\n|-singleturn|p1b: Ogerpon|move: Protect\n|move|p1a: Tornadus|Sunny Day|p1a: Tornadus\n|-weather|SunnyDay\n|move|p2a: Kingambit|Sucker Punch||[still]\n|-fail|p2a: Kingambit\n|move|p2b: Iron Hands|Drain Punch|p1b: Ogerpon\n|-activate|p1b: Ogerpon|move: Protect\n|-damage|p2b: Iron Hands|88\/100|[from] Spiky Shield|[of] p1b: Ogerpon\n|\n|-weather|SunnyDay|[upkeep]\n|-heal|p2b: Iron Hands|94\/100|[from] Grassy Terrain\n|-fieldend|move: Grassy Terrain\n|upkeep\n|turn|6\n|\n|t:|1698969675\n|switch|p1a: Rillaboom|Rillaboom, M|89\/100\n|-fieldstart|move: Grassy Terrain|[from] ability: Grassy Surge|[of] p1a: Rillaboom\n|move|p2a: Kingambit|Sucker Punch|p1b: Ogerpon\n|-damage|p1b: Ogerpon|35\/100\n|move|p1b: Ogerpon|Ivy Cudgel|p2a: Kingambit\n|-supereffective|p2a: Kingambit\n|-damage|p2a: Kingambit|0 fnt\n|faint|p2a: Kingambit\n|move|p2b: Iron Hands|Drain Punch|p1b: Ogerpon\n|-damage|p1b: Ogerpon|0 fnt\n|-heal|p2b: Iron Hands|100\/100|[from] drain|[of] p1b: Ogerpon\n|faint|p1b: Ogerpon\n|\n|-weather|SunnyDay|[upkeep]\n|-heal|p1a: Rillaboom|95\/100|[from] Grassy Terrain\n|-sideend|p1: Iygvyi|move: Tailwind\n|upkeep\n|\n|t:|1698969686\n|switch|p1b: Tornadus|Tornadus, M|30\/100\n|switch|p2a: Flutter Mane|Flutter Mane|100\/100\n|-activate|p2a: Flutter Mane|ability: Protosynthesis\n|-start|p2a: Flutter Mane|protosynthesisspe\n|turn|7\n|\n|t:|1698969714\n|move|p1b: Tornadus|Tailwind|p1b: Tornadus\n|-sidestart|p1: Iygvyi|move: Tailwind\n|move|p1a: Rillaboom|Grassy Glide|p2a: Flutter Mane\n|-damage|p2a: Flutter Mane|33\/100\n|move|p2a: Flutter Mane|Dazzling Gleam|p1a: Rillaboom|[spread] p1a,p1b\n|-crit|p1b: Tornadus\n|-damage|p1a: Rillaboom|75\/100\n|-damage|p1b: Tornadus|0 fnt\n|faint|p1b: Tornadus\n|move|p2b: Iron Hands|Swords Dance|p2b: Iron Hands\n|-boost|p2b: Iron Hands|atk|2\n|\n|-weather|SunnyDay|[upkeep]\n|-heal|p2a: Flutter Mane|39\/100|[from] Grassy Terrain\n|-heal|p1a: Rillaboom|81\/100|[from] Grassy Terrain\n|upkeep\n|inactive|Iygvyi has 120 seconds left.\n|\n|t:|1698969736\n|switch|p1b: Iron Hands|Iron Hands|100\/100\n|turn|8\n|\n|t:|1698969750\n|move|p1a: Rillaboom|Grassy Glide|p2a: Flutter Mane\n|-damage|p2a: Flutter Mane|0 fnt\n|faint|p2a: Flutter Mane\n|-end|p2a: Flutter Mane|Protosynthesis|[silent]\n|move|p1b: Iron Hands|Swords Dance|p1b: Iron Hands\n|-boost|p1b: Iron Hands|atk|2\n|move|p2b: Iron Hands|Drain Punch|p1b: Iron Hands\n|-damage|p1b: Iron Hands|36\/100\n|-enditem|p1b: Iron Hands|Sitrus Berry|[eat]\n|-heal|p1b: Iron Hands|61\/100|[from] item: Sitrus Berry\n|\n|-weather|SunnyDay|[upkeep]\n|-heal|p1a: Rillaboom|87\/100|[from] Grassy Terrain\n|-heal|p1b: Iron Hands|67\/100|[from] Grassy Terrain\n|upkeep\n|\n|t:|1698969758\n|switch|p2a: Othermeta|Chi-Yu, tera:Fairy|83\/100\n|-ability|p2a: Othermeta|Beads of Ruin\n|turn|9\n|inactive|Iygvyi has 120 seconds left.\n|\n|t:|1698969793\n|move|p1a: Rillaboom|High Horsepower|p2b: Iron Hands\n|-supereffective|p2b: Iron Hands\n|-damage|p2b: Iron Hands|47\/100\n|-enditem|p2b: Iron Hands|Sitrus Berry|[eat]\n|-heal|p2b: Iron Hands|72\/100|[from] item: Sitrus Berry\n|move|p1b: Iron Hands|Fire Punch|p2a: Othermeta\n|-damage|p2a: Othermeta|0 fnt\n|faint|p2a: Othermeta\n|move|p2b: Iron Hands|Drain Punch|p1b: Iron Hands\n|-damage|p1b: Iron Hands|2\/100\n|-heal|p2b: Iron Hands|100\/100|[from] drain|[of] p1b: Iron Hands\n|\n|-weather|none\n|-heal|p1a: Rillaboom|93\/100|[from] Grassy Terrain\n|-heal|p1b: Iron Hands|8\/100|[from] Grassy Terrain\n|upkeep\n|turn|10\n|\n|t:|1698969816\n|move|p1a: Rillaboom|High Horsepower|p2b: Iron Hands\n|-supereffective|p2b: Iron Hands\n|-damage|p2b: Iron Hands|47\/100\n|move|p1b: Iron Hands|Drain Punch|p2b: Iron Hands\n|-damage|p2b: Iron Hands|0 fnt\n|-heal|p1b: Iron Hands|31\/100|[from] drain|[of] p2b: Iron Hands\n|faint|p2b: Iron Hands\n|-end|p2b: Iron Hands|Quark Drive|[silent]\n|\n|win|Iygvyi\n|n|\u2606Iygvyi|iygvyi\n|n|\u2606ButWhyThough_2|butwhythough2\n|n| RelicanthPrimal<><|relicanthprimal\n|c|\u2606ButWhyThough_2|gg\n|l|\u2606ButWhyThough_2\n","uploadtime":1698969816,"views":22,"p1id":"iygvyi","p2id":"butwhythough2","formatid":"gen9doublesou","rating":0,"private":0,"password":""}