{"id":"gen9doublesou-1978143797","p1":"Audacit33","p2":"hacks1341","format":"[Gen 9] Doubles OU","log":"|j|\u2606Audacit33\n|j|\u2606hacks1341\n|t:|1698504732\n|gametype|doubles\n|player|p1|Audacit33|ghetsis|1347\n|player|p2|hacks1341|juggler|1246\n|teamsize|p1|6\n|teamsize|p2|6\n|gen|9\n|tier|[Gen 9] Doubles OU\n|rated|\n|rule|Species Clause: Limit one of each Pok\u00e9mon\n|rule|OHKO Clause: OHKO moves are banned\n|rule|Evasion Moves Clause: Evasion moves are banned\n|rule|Gravity Sleep Clause: The combination of sleep-inducing moves with imperfect accuracy and Gravity or Gigantamax Orbeetle are banned\n|rule|Endless Battle Clause: Forcing endless battles is banned\n|rule|HP Percentage Mod: HP is shown in percentages\n|clearpoke\n|poke|p1|Torkoal, M|\n|poke|p1|Murkrow, M|\n|poke|p1|Typhlosion-Hisui, M|\n|poke|p1|Arcanine-Hisui, M|\n|poke|p1|Walking Wake|\n|poke|p1|Umbreon, F|\n|poke|p2|Sinistcha|\n|poke|p2|Iron Hands|\n|poke|p2|Farigiraf, F|\n|poke|p2|Chien-Pao|\n|poke|p2|Armarouge, M|\n|poke|p2|Garchomp, M|\n|teampreview\n|inactive|Battle timer is ON: inactive players will automatically lose when time's up. (requested by Audacit33)\n|\n|t:|1698504756\n|start\n|switch|p1a: Torkoal|Torkoal, M|100\/100\n|switch|p1b: Murkrow|Murkrow, M|100\/100\n|switch|p2a: Iron Hands|Iron Hands|100\/100\n|switch|p2b: Chien-Pao|Chien-Pao|100\/100\n|-ability|p2b: Chien-Pao|Sword of Ruin\n|-weather|SunnyDay|[from] ability: Drought|[of] p1a: Torkoal\n|turn|1\n|inactive|Audacit33 has 120 seconds left.\n|\n|t:|1698504807\n|switch|p2b: Farigiraf|Farigiraf, F|100\/100\n|move|p2a: Iron Hands|Fake Out|p1a: Torkoal\n|-damage|p1a: Torkoal|92\/100\n|move|p1b: Murkrow|Tailwind|p1b: Murkrow\n|-sidestart|p1: Audacit33|move: Tailwind\n|cant|p1a: Torkoal|flinch\n|\n|-weather|SunnyDay|[upkeep]\n|upkeep\n|turn|2\n|inactive|Audacit33 has 120 seconds left.\n|\n|t:|1698504820\n|switch|p1b: Umbreon|Umbreon, F, shiny|100\/100\n|-end|p2a: Iron Hands|Quark Drive|[silent]\n|switch|p2a: Armarouge|Armarouge, M|100\/100\n|move|p2b: Farigiraf|Hyper Voice|p1b: Umbreon|[spread] p1a,p1b\n|-damage|p1a: Torkoal|46\/100\n|-damage|p1b: Umbreon|83\/100\n|-enditem|p2b: Farigiraf|Throat Spray\n|-boost|p2b: Farigiraf|spa|1|[from] item: Throat Spray\n|move|p1a: Torkoal|Stealth Rock|p2b: Farigiraf\n|-sidestart|p2: hacks1341|move: Stealth Rock\n|\n|-weather|SunnyDay|[upkeep]\n|-heal|p1b: Umbreon|90\/100|[from] item: Leftovers\n|upkeep\n|turn|3\n|inactive|Audacit33 has 120 seconds left.\n|l|\u2606Audacit33\n|inactive|Audacit33 disconnected and has a minute to reconnect!\n|player|p1|\n|j|\u2606Audacit33\n|inactive|Audacit33 reconnected and has 105 seconds left.\n|player|p1|Audacit33|ghetsis\n|inactive|Audacit33 has 90 seconds left.\n|\n|t:|1698504875\n|move|p1b: Umbreon|Foul Play|p2a: Armarouge\n|-supereffective|p2a: Armarouge\n|-damage|p2a: Armarouge|68\/100\n|-ability|p2a: Armarouge|Weak Armor|boost\n|-unboost|p2a: Armarouge|def|1\n|-boost|p2a: Armarouge|spe|2\n|-enditem|p2a: Armarouge|Weakness Policy\n|-boost|p2a: Armarouge|atk|2|[from] item: Weakness Policy\n|-boost|p2a: Armarouge|spa|2|[from] item: Weakness Policy\n|move|p2a: Armarouge|Heat Wave|p1b: Umbreon|[spread] p1a,p1b\n|-resisted|p1a: Torkoal\n|-damage|p1a: Torkoal|0 fnt\n|-damage|p1b: Umbreon|37\/100\n|faint|p1a: Torkoal\n|move|p2b: Farigiraf|Hyper Voice|p1b: Umbreon\n|-damage|p1b: Umbreon|6\/100\n|\n|-weather|SunnyDay|[upkeep]\n|-heal|p1b: Umbreon|12\/100|[from] item: Leftovers\n|upkeep\n|inactive|Audacit33 has 90 seconds left.\n|\n|t:|1698504882\n|switch|p1a: Murkrow|Murkrow, M|100\/100\n|turn|4\n|\n|t:|1698504900\n|move|p1a: Murkrow|Haze|p1a: Murkrow\n|-clearallboost\n|move|p1b: Umbreon|Foul Play|p2a: Armarouge\n|-supereffective|p2a: Armarouge\n|-damage|p2a: Armarouge|39\/100\n|-ability|p2a: Armarouge|Weak Armor|boost\n|-unboost|p2a: Armarouge|def|1\n|-boost|p2a: Armarouge|spe|2\n|move|p2a: Armarouge|Heat Wave|p1a: Murkrow|[spread] p1a,p1b\n|-damage|p1a: Murkrow|55\/100\n|-damage|p1b: Umbreon|0 fnt\n|faint|p1b: Umbreon\n|move|p2b: Farigiraf|Wish|p2b: Farigiraf\n|\n|-weather|SunnyDay|[upkeep]\n|-sideend|p1: Audacit33|move: Tailwind\n|upkeep\n|\n|t:|1698504918\n|switch|p1b: Walking Wake|Walking Wake|100\/100\n|-activate|p1b: Walking Wake|ability: Protosynthesis\n|-start|p1b: Walking Wake|protosynthesisspa\n|turn|5\n|\n|t:|1698504941\n|move|p2b: Farigiraf|Ally Switch|p2b: Farigiraf\n|swap|p2b: Farigiraf|0|[from] move: Ally Switch\n|move|p1a: Murkrow|Haze|p1a: Murkrow\n|-clearallboost\n|move|p1b: Walking Wake|Hydro Steam|p2a: Farigiraf\n|-damage|p2a: Farigiraf|23\/100\n|move|p2b: Armarouge|Destiny Bond|p2b: Armarouge\n|-singlemove|p2b: Armarouge|Destiny Bond\n|\n|-weather|SunnyDay|[upkeep]\n|-heal|p2b: Armarouge|100\/100|[from] move: Wish|[wisher] Farigiraf\n|upkeep\n|turn|6\n|inactive|Audacit33 has 120 seconds left.\n|\n|t:|1698504964\n|move|p1a: Murkrow|Taunt||[still]\n|cant|p2a: Farigiraf|ability: Armor Tail|Taunt|[of] p1a: Murkrow\n|move|p1b: Walking Wake|Hydro Steam|p2b: Armarouge\n|-supereffective|p2b: Armarouge\n|-damage|p2b: Armarouge|0 fnt\n|faint|p2b: Armarouge\n|-activate|p2b: Armarouge|move: Destiny Bond\n|faint|p1b: Walking Wake\n|-end|p1b: Walking Wake|Protosynthesis|[silent]\n|move|p2a: Farigiraf|Dazzling Gleam|p1a: Murkrow\n|-supereffective|p1a: Murkrow\n|-crit|p1a: Murkrow\n|-damage|p1a: Murkrow|0 fnt\n|faint|p1a: Murkrow\n|\n|-weather|SunnyDay|[upkeep]\n|upkeep\n|inactive|Audacit33 has 120 seconds left.\n|\n|t:|1698504989\n|switch|p1b: Arcanine|Arcanine-Hisui, M, shiny|100\/100\n|switch|p2b: Sinistcha|Sinistcha|100\/100\n|switch|p1a: Typhlosion|Typhlosion-Hisui, M, shiny|100\/100\n|-item|p2b: Sinistcha|Sitrus Berry|[from] ability: Frisk|[of] p1a: Typhlosion|[identify]\n|-damage|p2b: Sinistcha|88\/100|[from] Stealth Rock\n|-heal|p2a: Farigiraf|48\/100|[from] ability: Hospitality|[of] p2b: Sinistcha\n|turn|7\n|\n|t:|1698505009\n|-terastallize|p1a: Typhlosion|Fire\n|move|p2a: Farigiraf|Ally Switch|p2a: Farigiraf\n|swap|p2a: Farigiraf|1|[from] move: Ally Switch\n|move|p1a: Typhlosion|Eruption|p2b: Farigiraf|[spread] p2a,p2b\n|-supereffective|p2a: Sinistcha\n|-damage|p2a: Sinistcha|0 fnt\n|-damage|p2b: Farigiraf|0 fnt\n|faint|p2a: Sinistcha\n|faint|p2b: Farigiraf\n|move|p1b: Arcanine|Head Smash|p2: Sinistcha|[notarget]\n|-fail|p1b: Arcanine\n|\n|-weather|SunnyDay|[upkeep]\n|upkeep\n|inactive|hacks1341 has 120 seconds left.\n|\n|t:|1698505035\n|switch|p2a: Iron Hands|Iron Hands|100\/100\n|switch|p2b: Garchomp|Garchomp, M, shiny|100\/100\n|-damage|p2b: Garchomp|94\/100|[from] Stealth Rock\n|-damage|p2a: Iron Hands|94\/100|[from] Stealth Rock\n|turn|8\n|\n|t:|1698505045\n|move|p2a: Iron Hands|Fake Out|p1a: Typhlosion\n|-damage|p1a: Typhlosion|79\/100\n|move|p2b: Garchomp|Rock Slide|p1b: Arcanine|[spread] p1a,p1b\n|-supereffective|p1a: Typhlosion\n|-supereffective|p1b: Arcanine\n|-damage|p1a: Typhlosion|28\/100\n|-damage|p1b: Arcanine|56\/100\n|cant|p1a: Typhlosion|flinch\n|move|p1b: Arcanine|Head Smash|p2b: Garchomp\n|-resisted|p2b: Garchomp\n|-damage|p2b: Garchomp|45\/100\n|-damage|p1b: Arcanine|43\/100|[from] ability: Rough Skin|[of] p2b: Garchomp\n|-damage|p1b: Arcanine|27\/100|[from] item: Rocky Helmet|[of] p2b: Garchomp\n|\n|-weather|none\n|upkeep\n|turn|9\n|-message|Audacit33 forfeited.\n|\n|win|hacks1341\n|raw|Audacit33's rating: 1347 &rarr; <strong>1321<\/strong><br \/>(-26 for losing)\n|raw|hacks1341's rating: 1246 &rarr; <strong>1278<\/strong><br \/>(+32 for winning)\n|l|\u2606Audacit33\n","uploadtime":1698505068,"views":23,"p1id":"audacit33","p2id":"hacks1341","formatid":"gen9doublesou","rating":1278,"private":0,"password":""}