{"id":"gen9doublesou-1995912645","p1":"blinds0401","p2":"pliemouth","format":"[Gen 9] Doubles OU","log":"|j|\u2606blinds0401\n|j|\u2606pliemouth\n|t:|1700616659\n|gametype|doubles\n|player|p1|blinds0401|101|1192\n|player|p2|pliemouth|shadowtriad|1214\n|teamsize|p1|6\n|teamsize|p2|6\n|gen|9\n|tier|[Gen 9] Doubles OU\n|rated|\n|rule|Species Clause: Limit one of each Pok\u00e9mon\n|rule|OHKO Clause: OHKO moves are banned\n|rule|Evasion Moves Clause: Evasion moves are banned\n|rule|Gravity Sleep Clause: The combination of sleep-inducing moves with imperfect accuracy and Gravity or Gigantamax Orbeetle are banned\n|rule|Endless Battle Clause: Forcing endless battles is banned\n|rule|HP Percentage Mod: HP is shown in percentages\n|clearpoke\n|poke|p1|Sinistcha|\n|poke|p1|Arcanine-Hisui, F|\n|poke|p1|Kingambit, F|\n|poke|p1|Ogerpon-Wellspring, F|\n|poke|p1|Kommo-o, F|\n|poke|p1|Glimmora, M|\n|poke|p2|Eelektross, M|\n|poke|p2|Great Tusk|\n|poke|p2|Gyarados, M|\n|poke|p2|Amoonguss, M|\n|poke|p2|Typhlosion-Hisui, M|\n|poke|p2|Grimmsnarl, M|\n|teampreview\n|inactive|Battle timer is ON: inactive players will automatically lose when time's up. (requested by pliemouth)\n|\n|t:|1700616673\n|start\n|switch|p1a: Sinistcha|Sinistcha|100\/100\n|switch|p1b: Arcanine|Arcanine-Hisui, F|100\/100\n|switch|p2a: Gyarados|Gyarados, M|100\/100\n|switch|p2b: Grimmsnarl|Grimmsnarl, M, shiny|100\/100\n|-ability|p1b: Arcanine|Intimidate|boost\n|-unboost|p2a: Gyarados|atk|1\n|-unboost|p2b: Grimmsnarl|atk|1\n|-ability|p2a: Gyarados|Intimidate|boost\n|-unboost|p1a: Sinistcha|atk|1\n|-unboost|p1b: Arcanine|atk|1\n|turn|1\n|\n|t:|1700616694\n|-terastallize|p1b: Arcanine|Normal\n|move|p2b: Grimmsnarl|Fake Out|p1b: Arcanine\n|-damage|p1b: Arcanine|90\/100\n|cant|p1b: Arcanine|flinch\n|move|p2a: Gyarados|Dragon Dance|p2a: Gyarados\n|-boost|p2a: Gyarados|atk|1\n|-boost|p2a: Gyarados|spe|1\n|move|p1a: Sinistcha|Matcha Gotcha|p2b: Grimmsnarl|[spread] p2b\n|-miss|p1a: Sinistcha|p2a: Gyarados\n|-crit|p2b: Grimmsnarl\n|-damage|p2b: Grimmsnarl|64\/100\n|\n|-heal|p2b: Grimmsnarl|71\/100|[from] item: Leftovers\n|upkeep\n|turn|2\n|\n|t:|1700616711\n|move|p2a: Gyarados|Protect|p2a: Gyarados\n|-singleturn|p2a: Gyarados|Protect\n|move|p2b: Grimmsnarl|Reflect|p2b: Grimmsnarl\n|-sidestart|p2: pliemouth|Reflect\n|move|p1b: Arcanine|Rock Slide|p2b: Grimmsnarl|[spread] p2b\n|-activate|p2a: Gyarados|move: Protect\n|-damage|p2b: Grimmsnarl|46\/100\n|move|p1a: Sinistcha|Strength Sap|p2a: Gyarados\n|-activate|p2a: Gyarados|move: Protect\n|\n|-heal|p2b: Grimmsnarl|52\/100|[from] item: Leftovers\n|upkeep\n|turn|3\n|\n|t:|1700616724\n|switch|p2a: Amoonguss|Amoonguss, M|100\/100\n|move|p2b: Grimmsnarl|Light Screen|p2b: Grimmsnarl\n|-sidestart|p2: pliemouth|move: Light Screen\n|move|p1b: Arcanine|Rock Slide|p2a: Amoonguss|[spread] p2a,p2b\n|-damage|p2a: Amoonguss|79\/100\n|-damage|p2b: Grimmsnarl|28\/100\n|move|p1a: Sinistcha|Strength Sap|p2a: Amoonguss\n|-unboost|p2a: Amoonguss|atk|1\n|\n|-heal|p2b: Grimmsnarl|34\/100|[from] item: Leftovers\n|upkeep\n|turn|4\n|\n|t:|1700616738\n|move|p2b: Grimmsnarl|Parting Shot|p1b: Arcanine\n|-unboost|p1b: Arcanine|atk|1\n|-unboost|p1b: Arcanine|spa|1\n|\n|t:|1700616740\n|switch|p2b: Gyarados|Gyarados, M|100\/100|[from] Parting Shot\n|-ability|p2b: Gyarados|Intimidate|boost\n|-unboost|p1a: Sinistcha|atk|1\n|-unboost|p1b: Arcanine|atk|1\n|move|p1b: Arcanine|Rock Slide|p2a: Amoonguss|[spread] p2a,p2b\n|-supereffective|p2b: Gyarados\n|-damage|p2a: Amoonguss|66\/100\n|-damage|p2b: Gyarados|71\/100\n|move|p1a: Sinistcha|Matcha Gotcha|p2a: Amoonguss|[spread] p2b\n|-miss|p1a: Sinistcha|p2a: Amoonguss\n|-damage|p2b: Gyarados|47\/100\n|cant|p2a: Amoonguss|flinch\n|\n|upkeep\n|turn|5\n|\n|t:|1700616764\n|switch|p1b: Glimmora|Glimmora, M|100\/100\n|switch|p2b: Grimmsnarl|Grimmsnarl, M, shiny|34\/100\n|move|p1a: Sinistcha|Strength Sap|p2b: Grimmsnarl\n|-unboost|p2b: Grimmsnarl|atk|1\n|move|p2a: Amoonguss|Pollen Puff|p2b: Grimmsnarl\n|-heal|p2b: Grimmsnarl|84\/100\n|\n|-heal|p2b: Grimmsnarl|90\/100|[from] item: Leftovers\n|upkeep\n|turn|6\n|\n|t:|1700616788\n|move|p2b: Grimmsnarl|Parting Shot|p1a: Sinistcha\n|-unboost|p1a: Sinistcha|atk|1\n|-unboost|p1a: Sinistcha|spa|1\n|inactive|pliemouth has 120 seconds left.\n|\n|t:|1700616821\n|switch|p2b: Eelektross|Eelektross, M, shiny|100\/100|[from] Parting Shot\n|move|p1b: Glimmora|Stealth Rock|p2b: Eelektross\n|-sidestart|p2: pliemouth|move: Stealth Rock\n|move|p1a: Sinistcha|Stun Spore|p2b: Eelektross\n|-immune|p2b: Eelektross\n|move|p2a: Amoonguss|Spore|p1b: Glimmora\n|-status|p1b: Glimmora|slp|[from] move: Spore\n|\n|-sideend|p2: pliemouth|Reflect\n|upkeep\n|turn|7\n|inactive|pliemouth has 120 seconds left.\n|\n|t:|1700616854\n|switch|p2a: Great Tusk|Great Tusk|100\/100\n|-damage|p2a: Great Tusk|98\/100|[from] Stealth Rock\n|-enditem|p2a: Great Tusk|Booster Energy\n|-activate|p2a: Great Tusk|ability: Protosynthesis|[fromitem]\n|-start|p2a: Great Tusk|protosynthesisatk\n|cant|p1b: Glimmora|slp\n|move|p1a: Sinistcha|Matcha Gotcha|p2a: Great Tusk|[spread] p2a,p2b\n|-supereffective|p2a: Great Tusk\n|-damage|p2a: Great Tusk|55\/100\n|-damage|p2b: Eelektross|83\/100\n|move|p2b: Eelektross|Coil|p2b: Eelektross\n|-boost|p2b: Eelektross|atk|1\n|-boost|p2b: Eelektross|def|1\n|-boost|p2b: Eelektross|accuracy|1\n|\n|-heal|p2b: Eelektross|90\/100|[from] item: Leftovers\n|-sideend|p2: pliemouth|move: Light Screen\n|upkeep\n|turn|8\n|\n|t:|1700616873\n|move|p2a: Great Tusk|Rapid Spin|p2b: Eelektross\n|-damage|p2b: Eelektross|74\/100\n|-boost|p2a: Great Tusk|spe|1\n|-sideend|p2: pliemouth|Stealth Rock|[from] move: Rapid Spin|[of] p2a: Great Tusk\n|cant|p1b: Glimmora|slp\n|move|p1a: Sinistcha|Strength Sap|p2b: Eelektross\n|-unboost|p2b: Eelektross|atk|1\n|move|p2b: Eelektross|Drain Punch|p1b: Glimmora\n|-damage|p1b: Glimmora|75\/100 slp\n|-heal|p2b: Eelektross|84\/100|[from] drain|[of] p1b: Glimmora\n|-activate|p1b: Glimmora|ability: Toxic Debris\n|-sidestart|p2: pliemouth|move: Toxic Spikes\n|\n|-heal|p2b: Eelektross|91\/100|[from] item: Leftovers\n|upkeep\n|turn|9\n|\n|t:|1700616893\n|move|p2a: Great Tusk|Knock Off|p1a: Sinistcha\n|-supereffective|p1a: Sinistcha\n|-damage|p1a: Sinistcha|22\/100\n|-damage|p2a: Great Tusk|39\/100|[from] item: Rocky Helmet|[of] p1a: Sinistcha\n|-enditem|p1a: Sinistcha|Rocky Helmet|[from] move: Knock Off|[of] p2a: Great Tusk\n|-curestatus|p1b: Glimmora|slp|[msg]\n|move|p1b: Glimmora|Dazzling Gleam|p2a: Great Tusk|[spread] p2a,p2b\n|-supereffective|p2a: Great Tusk\n|-damage|p2a: Great Tusk|0 fnt\n|-damage|p2b: Eelektross|65\/100\n|faint|p2a: Great Tusk\n|-end|p2a: Great Tusk|Protosynthesis|[silent]\n|move|p1a: Sinistcha|Matcha Gotcha|p2b: Eelektross\n|-damage|p2b: Eelektross|36\/100\n|-heal|p1a: Sinistcha|38\/100|[from] drain|[of] p2b: Eelektross\n|move|p2b: Eelektross|Coil|p2b: Eelektross\n|-boost|p2b: Eelektross|atk|1\n|-boost|p2b: Eelektross|def|1\n|-boost|p2b: Eelektross|accuracy|1\n|\n|-heal|p2b: Eelektross|42\/100|[from] item: Leftovers\n|upkeep\n|\n|t:|1700616899\n|switch|p2a: Amoonguss|Amoonguss, M|99\/100\n|-sideend|p2: pliemouth|move: Toxic Spikes|[of] p2a: Amoonguss\n|turn|10\n|\n|t:|1700616922\n|move|p1b: Glimmora|Dazzling Gleam|p2b: Eelektross|[spread] p2a,p2b\n|-resisted|p2a: Amoonguss\n|-damage|p2a: Amoonguss|88\/100\n|-damage|p2b: Eelektross|16\/100\n|move|p1a: Sinistcha|Matcha Gotcha|p2b: Eelektross|[spread] p2b\n|-miss|p1a: Sinistcha|p2a: Amoonguss\n|-damage|p2b: Eelektross|0 fnt\n|-heal|p1a: Sinistcha|47\/100|[from] drain|[of] p2b: Eelektross\n|faint|p2b: Eelektross\n|move|p2a: Amoonguss|Pollen Puff|p2: Eelektross|[notarget]\n|-fail|p2a: Amoonguss\n|\n|upkeep\n|c|\u2606pliemouth|stall bitch ass\n|-message|pliemouth forfeited.\n|\n|win|blinds0401\n|raw|blinds0401's rating: 1192 &rarr; <strong>1219<\/strong><br \/>(+27 for winning)\n|raw|pliemouth's rating: 1214 &rarr; <strong>1187<\/strong><br \/>(-27 for losing)\n|l|\u2606pliemouth\n","uploadtime":1700616943,"views":0,"p1id":"blinds0401","p2id":"pliemouth","formatid":"gen9doublesou","rating":1187,"private":0,"password":""}