{"id":"gen9doublesou-1977953153","p1":"Kongojongo","p2":"MITZO","format":"[Gen 9] Doubles OU","log":"|j|\u2606Kongojongo\n|j|\u2606MITZO\n|t:|1698472143\n|gametype|doubles\n|player|p1|Kongojongo|harlequin|1140\n|player|p2|MITZO|unknown|1064\n|teamsize|p1|6\n|teamsize|p2|6\n|gen|9\n|tier|[Gen 9] Doubles OU\n|rated|\n|rule|Species Clause: Limit one of each Pok\u00e9mon\n|rule|OHKO Clause: OHKO moves are banned\n|rule|Evasion Moves Clause: Evasion moves are banned\n|rule|Gravity Sleep Clause: The combination of sleep-inducing moves with imperfect accuracy and Gravity or Gigantamax Orbeetle are banned\n|rule|Endless Battle Clause: Forcing endless battles is banned\n|rule|HP Percentage Mod: HP is shown in percentages\n|clearpoke\n|poke|p1|Ogerpon-Hearthflame, F|\n|poke|p1|Ursaluna-Bloodmoon, M|\n|poke|p1|Cramorant, F|\n|poke|p1|Gastrodon-East, M|\n|poke|p1|Iron Hands|\n|poke|p1|Toxapex, F|\n|poke|p2|Meowscarada, M|\n|poke|p2|Lurantis, M|\n|poke|p2|Garganacl, F|\n|poke|p2|Espeon, F|\n|poke|p2|Conkeldurr, M|\n|poke|p2|Cresselia, F|\n|teampreview\n|\n|t:|1698472157\n|start\n|switch|p1a: >:(|Ogerpon-Hearthflame, F|100\/100\n|switch|p1b: Slappems|Iron Hands|100\/100\n|switch|p2a: Meowscarada|Meowscarada, M, shiny|100\/100\n|switch|p2b: Lurantis|Lurantis, M, shiny|100\/100\n|-ability|p1a: >:(|Mold Breaker\n|-enditem|p1b: Slappems|Booster Energy\n|-activate|p1b: Slappems|ability: Quark Drive|[fromitem]\n|-start|p1b: Slappems|quarkdriveatk\n|turn|1\n|\n|t:|1698472182\n|move|p1b: Slappems|Fake Out|p2a: Meowscarada\n|-damage|p2a: Meowscarada|74\/100\n|cant|p2a: Meowscarada|flinch\n|move|p1a: >:(|Ivy Cudgel|p2a: Meowscarada\n|-supereffective|p2a: Meowscarada\n|-damage|p2a: Meowscarada|0 fnt\n|faint|p2a: Meowscarada\n|move|p2b: Lurantis|Pollen Puff|p2: Meowscarada|[notarget]\n|-fail|p2b: Lurantis\n|\n|upkeep\n|\n|t:|1698472193\n|switch|p2a: Garganacl|Garganacl, F, shiny|100\/100\n|turn|2\n|\n|t:|1698472214\n|move|p1a: >:(|Swords Dance|p1a: >:(\n|-boost|p1a: >:(|atk|2\n|move|p1b: Slappems|Drain Punch|p2a: Garganacl\n|-supereffective|p2a: Garganacl\n|-damage|p2a: Garganacl|41\/100\n|-damage|p1b: Slappems|84\/100|[from] item: Rocky Helmet|[of] p2a: Garganacl\n|move|p2b: Lurantis|Superpower|p1b: Slappems\n|-damage|p1b: Slappems|62\/100\n|-boost|p2b: Lurantis|atk|1\n|-boost|p2b: Lurantis|def|1\n|move|p2a: Garganacl|Salt Cure|p1a: >:(\n|-supereffective|p1a: >:(\n|-damage|p1a: >:(|75\/100\n|-start|p1a: >:(|Salt Cure\n|\n|-damage|p1a: >:(|62\/100|[from] Salt Cure\n|upkeep\n|turn|3\n|\n|t:|1698472242\n|move|p1a: >:(|Horn Leech|p2a: Garganacl\n|-supereffective|p2a: Garganacl\n|-damage|p2a: Garganacl|0 fnt\n|-heal|p1a: >:(|87\/100|[from] drain|[of] p2a: Garganacl\n|-damage|p1a: >:(|70\/100|[from] item: Rocky Helmet|[of] p2a: Garganacl\n|faint|p2a: Garganacl\n|move|p1b: Slappems|Heavy Slam|p2b: Lurantis\n|-damage|p2b: Lurantis|60\/100\n|move|p2b: Lurantis|Superpower|p1a: >:(\n|-damage|p1a: >:(|20\/100\n|-boost|p2b: Lurantis|atk|1\n|-boost|p2b: Lurantis|def|1\n|\n|-heal|p2b: Lurantis|66\/100|[from] item: Leftovers\n|-damage|p1a: >:(|8\/100|[from] Salt Cure\n|upkeep\n|\n|t:|1698472248\n|switch|p2a: Cresselia|Cresselia, F, shiny|100\/100\n|turn|4\n|\n|t:|1698472268\n|-end|p1b: Slappems|Quark Drive|[silent]\n|switch|p1b: Har har har har|Ursaluna-Bloodmoon, M|100\/100\n|-terastallize|p1a: >:(|Fire\n|detailschange|p1a: >:(|Ogerpon-Hearthflame-Tera, F, tera:Fire\n|-ability|p1a: >:(|Embody Aspect (Hearthflame)|boost\n|-boost|p1a: >:(|atk|1\n|move|p1a: >:(|Ivy Cudgel|p2b: Lurantis\n|-supereffective|p2b: Lurantis\n|-damage|p2b: Lurantis|0 fnt\n|faint|p2b: Lurantis\n|move|p2a: Cresselia|Lunar Blessing||[still]\n|-fail|p2a: Cresselia\n|\n|-damage|p1a: >:(|0 fnt|[from] Salt Cure\n|faint|p1a: >:(\n|upkeep\n|\n|t:|1698472282\n|switch|p1a: Slappems|Iron Hands|62\/100\n|switch|p2b: Conkeldurr|Conkeldurr, M, shiny|100\/100\n|turn|5\n|\n|t:|1698472294\n|move|p1a: Slappems|Fake Out|p2b: Conkeldurr\n|-damage|p2b: Conkeldurr|89\/100\n|move|p2a: Cresselia|Calm Mind|p2a: Cresselia\n|-boost|p2a: Cresselia|spa|1\n|-boost|p2a: Cresselia|spd|1\n|move|p1b: Har har har har|Moonblast|p2b: Conkeldurr\n|-supereffective|p2b: Conkeldurr\n|-damage|p2b: Conkeldurr|0 fnt\n|faint|p2b: Conkeldurr\n|\n|upkeep\n|\n|t:|1698472303\n|switch|p2b: Espeon|Espeon, F, shiny|100\/100\n|turn|6\n|\n|t:|1698472313\n|-end|p1a: Slappems|Quark Drive|[silent]\n|switch|p1a: Blumby|Gastrodon-East, M|100\/100\n|move|p2b: Espeon|Hyper Voice|p1b: Har har har har|[spread] p1a,p1b\n|-crit|p1a: Blumby\n|-damage|p1a: Blumby|66\/100\n|-damage|p1b: Har har har har|77\/100\n|move|p2a: Cresselia|Dazzling Gleam|p1b: Har har har har|[spread] p1a,p1b\n|-damage|p1a: Blumby|46\/100\n|-damage|p1b: Har har har har|51\/100\n|-damage|p2a: Cresselia|91\/100|[from] item: Life Orb\n|move|p1b: Har har har har|Moonblast|p2b: Espeon\n|-damage|p2b: Espeon|59\/100\n|\n|-heal|p1a: Blumby|52\/100|[from] item: Leftovers\n|upkeep\n|turn|7\n|\n|t:|1698472331\n|move|p2b: Espeon|Psych Up|p2a: Cresselia\n|-copyboost|p2b: Espeon|p2a: Cresselia|[from] move: Psych Up\n|move|p2a: Cresselia|Energy Ball|p1a: Blumby\n|-supereffective|p1a: Blumby\n|-damage|p1a: Blumby|0 fnt\n|faint|p1a: Blumby\n|-damage|p2a: Cresselia|81\/100|[from] item: Life Orb\n|move|p1b: Har har har har|Moonblast|p2b: Espeon\n|-damage|p2b: Espeon|29\/100\n|\n|upkeep\n|\n|t:|1698472343\n|switch|p1a: Slappems|Iron Hands|62\/100\n|turn|8\n|\n|t:|1698472348\n|move|p1a: Slappems|Fake Out|p2a: Cresselia\n|-damage|p2a: Cresselia|69\/100\n|move|p2b: Espeon|Hyper Voice|p1a: Slappems|[spread] p1a,p1b\n|-damage|p1a: Slappems|31\/100\n|-damage|p1b: Har har har har|14\/100\n|cant|p2a: Cresselia|flinch\n|move|p1b: Har har har har|Moonblast|p2b: Espeon\n|-damage|p2b: Espeon|0 fnt\n|faint|p2b: Espeon\n|\n|upkeep\n|turn|9\n|\n|t:|1698472363\n|-end|p1a: Slappems|Quark Drive|[silent]\n|switch|p1a: Red Velvet|Toxapex, F, shiny|100\/100\n|move|p2a: Cresselia|Dazzling Gleam|p1a: Red Velvet|[spread] p1a,p1b\n|-resisted|p1a: Red Velvet\n|-damage|p1a: Red Velvet|89\/100\n|-damage|p1b: Har har har har|0 fnt\n|faint|p1b: Har har har har\n|-damage|p2a: Cresselia|59\/100|[from] item: Life Orb\n|\n|upkeep\n|\n|t:|1698472371\n|switch|p1b: Slappems|Iron Hands|31\/100\n|turn|10\n|\n|t:|1698472383\n|move|p1b: Slappems|Fake Out|p2a: Cresselia\n|-damage|p2a: Cresselia|47\/100\n|cant|p2a: Cresselia|flinch\n|move|p1a: Red Velvet|Acid Spray|p2a: Cresselia\n|-damage|p2a: Cresselia|43\/100\n|-unboost|p2a: Cresselia|spd|2\n|\n|upkeep\n|turn|11\n|\n|t:|1698472397\n|-end|p1b: Slappems|Quark Drive|[silent]\n|switch|p1b: Surfin Bird|Cramorant, F|100\/100\n|move|p2a: Cresselia|Lunar Blessing|p2a: Cresselia\n|-heal|p2a: Cresselia|68\/100\n|move|p1a: Red Velvet|Acid Spray|p2a: Cresselia\n|-damage|p2a: Cresselia|58\/100\n|-unboost|p2a: Cresselia|spd|2\n|\n|upkeep\n|turn|12\n|\n|t:|1698472407\n|move|p2a: Cresselia|Energy Ball|p1a: Red Velvet\n|-damage|p1a: Red Velvet|53\/100\n|-damage|p2a: Cresselia|48\/100|[from] item: Life Orb\n|move|p1b: Surfin Bird|Chilling Water|p2a: Cresselia\n|-damage|p2a: Cresselia|18\/100\n|-unboost|p2a: Cresselia|atk|1\n|move|p1a: Red Velvet|Acid Spray|p2a: Cresselia\n|-damage|p2a: Cresselia|1\/100\n|-unboost|p2a: Cresselia|spd|2\n|\n|upkeep\n|turn|13\n|\n|t:|1698472423\n|move|p1a: Red Velvet|Baneful Bunker|p1a: Red Velvet\n|-singleturn|p1a: Red Velvet|move: Protect\n|move|p2a: Cresselia|Dazzling Gleam|p1a: Red Velvet|[spread] p1b\n|-activate|p1a: Red Velvet|move: Protect\n|-damage|p1b: Surfin Bird|78\/100\n|-damage|p2a: Cresselia|0 fnt|[from] item: Life Orb\n|faint|p2a: Cresselia\n|\n|win|Kongojongo\n|raw|Kongojongo's rating: 1140 &rarr; <strong>1160<\/strong><br \/>(+20 for winning)\n|raw|MITZO's rating: 1064 &rarr; <strong>1049<\/strong><br \/>(-15 for losing)\n|c|\u2606Kongojongo|gg\n|l|\u2606MITZO\n","uploadtime":1698472434,"views":20,"p1id":"kongojongo","p2id":"mitzo","formatid":"gen9doublesou","rating":1049,"private":0,"password":""}