{"id":"gen9doublesou-1994755035","p1":"vegetasfeet","p2":"Onsen3gg","format":"[Gen 9] Doubles OU","log":"|j|\u2606vegetasfeet\n|j|\u2606Onsen3gg\n|t:|1700489473\n|gametype|doubles\n|player|p1|vegetasfeet|brycen|1293\n|player|p2|Onsen3gg|ltsurge|1217\n|teamsize|p1|6\n|teamsize|p2|6\n|gen|9\n|tier|[Gen 9] Doubles OU\n|rated|\n|rule|Species Clause: Limit one of each Pok\u00e9mon\n|rule|OHKO Clause: OHKO moves are banned\n|rule|Evasion Moves Clause: Evasion moves are banned\n|rule|Gravity Sleep Clause: The combination of sleep-inducing moves with imperfect accuracy and Gravity or Gigantamax Orbeetle are banned\n|rule|Endless Battle Clause: Forcing endless battles is banned\n|rule|HP Percentage Mod: HP is shown in percentages\n|clearpoke\n|poke|p1|Scizor, F|\n|poke|p1|Tornadus, M|\n|poke|p1|Chien-Pao|\n|poke|p1|Iron Hands|\n|poke|p1|Volcanion|\n|poke|p1|Great Tusk|\n|poke|p2|Torkoal, M|\n|poke|p2|Leafeon, F|\n|poke|p2|Charizard, F|\n|poke|p2|Walking Wake|\n|poke|p2|Brute Bonnet|\n|poke|p2|Heatran, F|\n|teampreview\n|inactive|Battle timer is ON: inactive players will automatically lose when time's up. (requested by vegetasfeet)\n|\n|t:|1700489477\n|start\n|switch|p1a: YN Jay|Tornadus, M|100\/100\n|switch|p1b: Kawhi Leonard|Scizor, F|100\/100\n|switch|p2a: Torkoal|Torkoal, M|100\/100\n|switch|p2b: Walking Wake|Walking Wake|100\/100\n|-weather|SunnyDay|[from] ability: Drought|[of] p2a: Torkoal\n|-activate|p2b: Walking Wake|ability: Protosynthesis\n|-start|p2b: Walking Wake|protosynthesisspe\n|turn|1\n|\n|t:|1700489498\n|move|p1a: YN Jay|Tailwind|p1a: YN Jay\n|-sidestart|p1: vegetasfeet|move: Tailwind\n|move|p2b: Walking Wake|Hydro Steam|p1a: YN Jay\n|-damage|p1a: YN Jay|11\/100\n|move|p1b: Kawhi Leonard|U-turn|p2b: Walking Wake\n|-damage|p2b: Walking Wake|31\/100\n|-enditem|p2b: Walking Wake|Eject Button\n|inactive|Onsen3gg has 120 seconds left.\n|\n|t:|1700489520\n|-end|p2b: Walking Wake|Protosynthesis|[silent]\n|switch|p2b: Leafeon|Leafeon, F|100\/100\n|move|p2a: Torkoal|Eruption|p1b: Kawhi Leonard|[spread] p1a,p1b\n|-supereffective|p1b: Kawhi Leonard\n|-damage|p1a: YN Jay|0 fnt\n|-damage|p1b: Kawhi Leonard|0 fnt\n|faint|p1a: YN Jay\n|faint|p1b: Kawhi Leonard\n|\n|-weather|SunnyDay|[upkeep]\n|upkeep\n|\n|t:|1700489532\n|switch|p1a: Great Tusk|Great Tusk|100\/100\n|switch|p1b: Volcanion|Volcanion|100\/100\n|-activate|p1a: Great Tusk|ability: Protosynthesis\n|-start|p1a: Great Tusk|protosynthesisatk\n|turn|2\n|\n|t:|1700489544\n|move|p2b: Leafeon|Swords Dance|p2b: Leafeon\n|-boost|p2b: Leafeon|atk|2\n|move|p1a: Great Tusk|Headlong Rush|p2a: Torkoal\n|-supereffective|p2a: Torkoal\n|-damage|p2a: Torkoal|0 fnt\n|-unboost|p1a: Great Tusk|def|1\n|-unboost|p1a: Great Tusk|spd|1\n|faint|p2a: Torkoal\n|move|p1b: Volcanion|Heat Wave|p2b: Leafeon\n|-supereffective|p2b: Leafeon\n|-damage|p2b: Leafeon|0 fnt\n|faint|p2b: Leafeon\n|\n|-weather|SunnyDay|[upkeep]\n|upkeep\n|inactive|Onsen3gg has 120 seconds left.\n|\n|t:|1700489577\n|switch|p2b: Brute Bonnet|Brute Bonnet|100\/100\n|switch|p2a: Charizard|Charizard, F|100\/100\n|-activate|p2b: Brute Bonnet|ability: Protosynthesis\n|-start|p2b: Brute Bonnet|protosynthesisspd\n|turn|3\n|\n|t:|1700489601\n|move|p2b: Brute Bonnet|Protect|p2b: Brute Bonnet\n|-singleturn|p2b: Brute Bonnet|Protect\n|move|p1a: Great Tusk|Ice Spinner|p2b: Brute Bonnet\n|-activate|p2b: Brute Bonnet|move: Protect\n|move|p1b: Volcanion|Steam Eruption|p2a: Charizard\n|-supereffective|p2a: Charizard\n|-damage|p2a: Charizard|14\/100\n|move|p2a: Charizard|Air Slash|p1a: Great Tusk\n|-supereffective|p1a: Great Tusk\n|-damage|p1a: Great Tusk|0 fnt\n|faint|p1a: Great Tusk\n|-end|p1a: Great Tusk|Protosynthesis|[silent]\n|\n|-weather|SunnyDay|[upkeep]\n|-damage|p2a: Charizard|1\/100|[from] ability: Solar Power|[of] p2a: Charizard\n|upkeep\n|\n|t:|1700489614\n|switch|p1a: Iggy Azalea|Chien-Pao|100\/100\n|-ability|p1a: Iggy Azalea|Sword of Ruin\n|turn|4\n|\n|t:|1700489641\n|move|p2a: Charizard|Protect|p2a: Charizard\n|-singleturn|p2a: Charizard|Protect\n|move|p1a: Iggy Azalea|Sacred Sword|p2b: Brute Bonnet\n|-supereffective|p2b: Brute Bonnet\n|-damage|p2b: Brute Bonnet|23\/100\n|-damage|p1a: Iggy Azalea|91\/100|[from] item: Life Orb\n|move|p1b: Volcanion|Steam Eruption|p2a: Charizard\n|-activate|p2a: Charizard|move: Protect\n|move|p2b: Brute Bonnet|Spore|p1b: Volcanion\n|-status|p1b: Volcanion|slp|[from] move: Spore\n|\n|-weather|SunnyDay|[upkeep]\n|-damage|p2a: Charizard|0 fnt|[from] ability: Solar Power|[of] p2a: Charizard\n|faint|p2a: Charizard\n|-heal|p2b: Brute Bonnet|29\/100|[from] item: Leftovers\n|-sideend|p1: vegetasfeet|move: Tailwind\n|upkeep\n|inactive|Onsen3gg has 120 seconds left.\n|\n|t:|1700489664\n|switch|p2a: Heatran|Heatran, F|100\/100\n|-item|p2a: Heatran|Air Balloon\n|turn|5\n|\n|t:|1700489684\n|-terastallize|p1a: Iggy Azalea|Ghost\n|move|p2b: Brute Bonnet|Protect|p2b: Brute Bonnet\n|-singleturn|p2b: Brute Bonnet|Protect\n|move|p1a: Iggy Azalea|Sacred Sword|p2a: Heatran\n|-supereffective|p2a: Heatran\n|-damage|p2a: Heatran|18\/100\n|-enditem|p2a: Heatran|Air Balloon\n|-damage|p1a: Iggy Azalea|81\/100|[from] item: Life Orb\n|move|p2a: Heatran|Heat Wave|p1b: Volcanion|[spread] p1a,p1b\n|-resisted|p1b: Volcanion\n|-damage|p1a: Iggy Azalea|0 fnt\n|-damage|p1b: Volcanion|86\/100 slp\n|faint|p1a: Iggy Azalea\n|cant|p1b: Volcanion|slp\n|\n|-weather|SunnyDay|[upkeep]\n|-heal|p1b: Volcanion|92\/100 slp|[from] item: Leftovers\n|-heal|p2b: Brute Bonnet|35\/100|[from] item: Leftovers\n|upkeep\n|\n|t:|1700489694\n|switch|p1a: Druski|Iron Hands|100\/100\n|turn|6\n|\n|t:|1700489714\n|move|p1a: Druski|Fake Out|p2a: Heatran\n|-resisted|p2a: Heatran\n|-damage|p2a: Heatran|10\/100\n|cant|p2a: Heatran|flinch\n|cant|p1b: Volcanion|slp\n|move|p2b: Brute Bonnet|Pollen Puff|p2a: Heatran\n|-heal|p2a: Heatran|60\/100\n|\n|-weather|SunnyDay|[upkeep]\n|-heal|p1b: Volcanion|98\/100 slp|[from] item: Leftovers\n|-heal|p2b: Brute Bonnet|41\/100|[from] item: Leftovers\n|upkeep\n|turn|7\n|\n|t:|1700489737\n|move|p2a: Heatran|Earth Power|p1a: Druski\n|-supereffective|p1a: Druski\n|-damage|p1a: Druski|68\/100\n|-curestatus|p1b: Volcanion|slp|[msg]\n|move|p1b: Volcanion|Steam Eruption|p2a: Heatran\n|-supereffective|p2a: Heatran\n|-crit|p2a: Heatran\n|-damage|p2a: Heatran|0 fnt\n|faint|p2a: Heatran\n|move|p2b: Brute Bonnet|Pollen Puff|p2: Heatran|[notarget]\n|-fail|p2b: Brute Bonnet\n|move|p1a: Druski|Close Combat|p2b: Brute Bonnet\n|-supereffective|p2b: Brute Bonnet\n|-damage|p2b: Brute Bonnet|0 fnt\n|-unboost|p1a: Druski|def|1\n|-unboost|p1a: Druski|spd|1\n|faint|p2b: Brute Bonnet\n|-end|p2b: Brute Bonnet|Protosynthesis|[silent]\n|\n|-weather|SunnyDay|[upkeep]\n|-heal|p1b: Volcanion|100\/100|[from] item: Leftovers\n|upkeep\n|inactive|Onsen3gg has 120 seconds left.\n|\n|t:|1700489778\n|switch|p2a: Walking Wake|Walking Wake|31\/100\n|-activate|p2a: Walking Wake|ability: Protosynthesis\n|-start|p2a: Walking Wake|protosynthesisspe\n|turn|8\n|\n|t:|1700489804\n|move|p2a: Walking Wake|Flamethrower|p1a: Druski\n|-crit|p1a: Druski\n|-damage|p1a: Druski|17\/100\n|move|p1b: Volcanion|Heat Wave|p2a: Walking Wake\n|-resisted|p2a: Walking Wake\n|-damage|p2a: Walking Wake|10\/100\n|-status|p2a: Walking Wake|brn\n|move|p1a: Druski|Close Combat|p2a: Walking Wake\n|-damage|p2a: Walking Wake|0 fnt\n|-unboost|p1a: Druski|def|1\n|-unboost|p1a: Druski|spd|1\n|faint|p2a: Walking Wake\n|-end|p2a: Walking Wake|Protosynthesis|[silent]\n|\n|win|vegetasfeet\n|raw|vegetasfeet's rating: 1293 &rarr; <strong>1313<\/strong><br \/>(+20 for winning)\n|raw|Onsen3gg's rating: 1217 &rarr; <strong>1197<\/strong><br \/>(-20 for losing)\n|l|\u2606Onsen3gg\n","uploadtime":1700489816,"views":16,"p1id":"vegetasfeet","p2id":"onsen3gg","formatid":"gen9doublesou","rating":1197,"private":0,"password":""}