{"id":"gen9doublesou-1974496436","p1":"God_of_STANK!","p2":"cap531","format":"[Gen 9] Doubles OU","log":"|j|\u2606God_of_STANK!\n|j|\u2606cap531\n|t:|1698091823\n|gametype|doubles\n|player|p1|God_of_STANK!|psychic|1383\n|player|p2|cap531|byron|1399\n|teamsize|p1|6\n|teamsize|p2|6\n|gen|9\n|tier|[Gen 9] Doubles OU\n|rated|\n|rule|Species Clause: Limit one of each Pok\u00e9mon\n|rule|OHKO Clause: OHKO moves are banned\n|rule|Evasion Moves Clause: Evasion moves are banned\n|rule|Gravity Sleep Clause: The combination of sleep-inducing moves with imperfect accuracy and Gravity or Gigantamax Orbeetle are banned\n|rule|Endless Battle Clause: Forcing endless battles is banned\n|rule|HP Percentage Mod: HP is shown in percentages\n|clearpoke\n|poke|p1|Grimmsnarl, M|\n|poke|p1|Okidogi, M|\n|poke|p1|Cresselia, F|\n|poke|p1|Iron Hands|\n|poke|p1|Tornadus, M|\n|poke|p1|Volcanion|\n|poke|p2|Armarouge, M|\n|poke|p2|Indeedee-F, F|\n|poke|p2|Cetitan, M|\n|poke|p2|Abomasnow, M|\n|poke|p2|Hydreigon, F|\n|poke|p2|Dragonite, F|\n|teampreview\n|inactive|Battle timer is ON: inactive players will automatically lose when time's up. (requested by God_of_STANK!)\n|\n|t:|1698091845\n|start\n|switch|p1a: Grimmsnarl|Grimmsnarl, M|100\/100\n|switch|p1b: Iron Hands|Iron Hands|100\/100\n|switch|p2a: Eggplant|Dragonite, F, shiny|100\/100\n|switch|p2b: Clara|Indeedee-F, F|100\/100\n|-fieldstart|move: Psychic Terrain|[from] ability: Psychic Surge|[of] p2b: Clara\n|-enditem|p2b: Clara|Psychic Seed\n|-boost|p2b: Clara|spd|1|[from] item: Psychic Seed\n|turn|1\n|\n|t:|1698091863\n|move|p2b: Clara|Dazzling Gleam|p1a: Grimmsnarl|[spread] p1a,p1b\n|-supereffective|p1a: Grimmsnarl\n|-supereffective|p1b: Iron Hands\n|-damage|p1a: Grimmsnarl|73\/100\n|-damage|p1b: Iron Hands|81\/100\n|move|p2a: Eggplant|Dragon Claw|p1b: Iron Hands\n|-damage|p1b: Iron Hands|54\/100\n|move|p1a: Grimmsnarl|Spirit Break|p2a: Eggplant\n|-supereffective|p2a: Eggplant\n|-damage|p2a: Eggplant|68\/100\n|-unboost|p2a: Eggplant|spa|1\n|move|p1b: Iron Hands|Belly Drum|p1b: Iron Hands\n|-damage|p1b: Iron Hands|4\/100\n|-setboost|p1b: Iron Hands|atk|6|[from] move: Belly Drum\n|-enditem|p1b: Iron Hands|Sitrus Berry|[eat]\n|-heal|p1b: Iron Hands|29\/100|[from] item: Sitrus Berry\n|\n|-heal|p2a: Eggplant|74\/100|[from] item: Leftovers\n|upkeep\n|turn|2\n|\n|t:|1698091887\n|switch|p1a: Cresselia|Cresselia, F|100\/100\n|move|p1b: Iron Hands|Protect|p1b: Iron Hands\n|-singleturn|p1b: Iron Hands|Protect\n|move|p2b: Clara|Follow Me|p2b: Clara\n|-singleturn|p2b: Clara|move: Follow Me\n|move|p2a: Eggplant|Extreme Speed|p1b: Iron Hands\n|-activate|p1b: Iron Hands|move: Psychic Terrain\n|\n|-heal|p2a: Eggplant|80\/100|[from] item: Leftovers\n|upkeep\n|turn|3\n|\n|t:|1698091906\n|move|p2b: Clara|Follow Me|p2b: Clara\n|-singleturn|p2b: Clara|move: Follow Me\n|move|p1a: Cresselia|Ally Switch|p1a: Cresselia\n|swap|p1a: Cresselia|1|[from] move: Ally Switch\n|move|p2a: Eggplant|Dragon Claw|p1b: Cresselia\n|-damage|p1b: Cresselia|70\/100\n|move|p1a: Iron Hands|Drain Punch|p2b: Clara\n|-damage|p2b: Clara|0 fnt\n|-heal|p1a: Iron Hands|66\/100|[from] drain|[of] p2b: Clara\n|faint|p2b: Clara\n|\n|-heal|p2a: Eggplant|86\/100|[from] item: Leftovers\n|upkeep\n|\n|t:|1698091918\n|switch|p2b: Blackout|Hydreigon, F, shiny|100\/100\n|turn|4\n|\n|t:|1698091927\n|-terastallize|p2b: Blackout|Poison\n|move|p1a: Iron Hands|Protect|p1a: Iron Hands\n|-singleturn|p1a: Iron Hands|Protect\n|move|p2b: Blackout|Earthquake|p1a: Iron Hands|[spread] \n|-activate|p1a: Iron Hands|move: Protect\n|-immune|p2a: Eggplant\n|-immune|p1b: Cresselia|[from] ability: Levitate\n|move|p2a: Eggplant|Dragon Claw|p1a: Iron Hands\n|-activate|p1a: Iron Hands|move: Protect\n|move|p1b: Cresselia|Lunar Blessing|p1b: Cresselia|[spread] p1a,p1b\n|-heal|p1a: Iron Hands|91\/100\n|-heal|p1b: Cresselia|95\/100\n|\n|-heal|p2a: Eggplant|92\/100|[from] item: Leftovers\n|upkeep\n|turn|5\n|\n|t:|1698091950\n|-terastallize|p1a: Iron Hands|Fairy\n|move|p2b: Blackout|Dark Pulse|p1b: Cresselia\n|-supereffective|p1b: Cresselia\n|-damage|p1b: Cresselia|23\/100\n|-damage|p2b: Blackout|91\/100|[from] item: Life Orb\n|move|p2a: Eggplant|Dragon Claw|p1a: Iron Hands\n|-immune|p1a: Iron Hands\n|move|p1a: Iron Hands|Drain Punch|p2a: Eggplant\n|-resisted|p2a: Eggplant\n|-damage|p2a: Eggplant|9\/100\n|-heal|p1a: Iron Hands|100\/100|[from] drain|[of] p2a: Eggplant\n|move|p1b: Cresselia|Trick Room|p1b: Cresselia\n|-fieldstart|move: Trick Room|[of] p1b: Cresselia\n|\n|-heal|p2a: Eggplant|15\/100|[from] item: Leftovers\n|-fieldend|move: Psychic Terrain\n|upkeep\n|turn|6\n|\n|t:|1698091977\n|move|p1b: Cresselia|Ally Switch|p1b: Cresselia\n|swap|p1b: Cresselia|0|[from] move: Ally Switch\n|move|p2a: Eggplant|Extreme Speed|p1b: Iron Hands\n|-damage|p1b: Iron Hands|81\/100\n|move|p1b: Iron Hands|Iron Head|p2b: Blackout\n|-damage|p2b: Blackout|0 fnt\n|faint|p2b: Blackout\n|\n|-heal|p2a: Eggplant|21\/100|[from] item: Leftovers\n|upkeep\n|\n|t:|1698091986\n|switch|p2b: Flintlock|Armarouge, M|100\/100\n|turn|7\n|\n|t:|1698091999\n|move|p1b: Iron Hands|Protect|p1b: Iron Hands\n|-singleturn|p1b: Iron Hands|Protect\n|move|p2a: Eggplant|Extreme Speed|p1b: Iron Hands\n|-activate|p1b: Iron Hands|move: Protect\n|move|p2b: Flintlock|Expanding Force|p1a: Cresselia\n|-resisted|p1a: Cresselia\n|-damage|p1a: Cresselia|8\/100\n|move|p1a: Cresselia|Lunar Blessing|p1a: Cresselia|[spread] p1a,p1b\n|-heal|p1a: Cresselia|33\/100\n|-heal|p1b: Iron Hands|100\/100\n|\n|-heal|p2a: Eggplant|27\/100|[from] item: Leftovers\n|upkeep\n|turn|8\n|\n|t:|1698092029\n|move|p2a: Eggplant|Extreme Speed|p1b: Iron Hands\n|-damage|p1b: Iron Hands|81\/100\n|move|p1b: Iron Hands|Drain Punch|p2a: Eggplant\n|-resisted|p2a: Eggplant\n|-damage|p2a: Eggplant|0 fnt\n|-heal|p1b: Iron Hands|90\/100|[from] drain|[of] p2a: Eggplant\n|faint|p2a: Eggplant\n|move|p2b: Flintlock|Expanding Force|p1b: Iron Hands\n|-damage|p1b: Iron Hands|60\/100\n|move|p1a: Cresselia|Moonblast|p2b: Flintlock\n|-resisted|p2b: Flintlock\n|-damage|p2b: Flintlock|88\/100\n|-unboost|p2b: Flintlock|spa|1\n|\n|upkeep\n|inactive|cap531 has 120 seconds left.\n|\n|t:|1698092045\n|switch|p2a: Icicarl|Cetitan, M|100\/100\n|turn|9\n|\n|t:|1698092050\n|switch|p2b: Pineneedle|Abomasnow, M|100\/100\n|-weather|Snow|[from] ability: Snow Warning|[of] p2b: Pineneedle\n|move|p1a: Cresselia|Ally Switch|p1a: Cresselia\n|swap|p1a: Cresselia|1|[from] move: Ally Switch\n|move|p1a: Iron Hands|Drain Punch|p2a: Icicarl\n|-supereffective|p2a: Icicarl\n|-damage|p2a: Icicarl|0 fnt\n|-heal|p1a: Iron Hands|100\/100|[from] drain|[of] p2a: Icicarl\n|faint|p2a: Icicarl\n|\n|-weather|Snow|[upkeep]\n|-fieldend|move: Trick Room\n|upkeep\n|-message|cap531 forfeited.\n|\n|win|God_of_STANK!\n|raw|God_of_STANK!'s rating: 1383 &rarr; <strong>1404<\/strong><br \/>(+21 for winning)\n|raw|cap531's rating: 1399 &rarr; <strong>1378<\/strong><br \/>(-21 for losing)\n|l|\u2606cap531\n","uploadtime":1698092066,"views":5,"p1id":"godofstank","p2id":"cap531","formatid":"gen9doublesou","rating":1378,"private":0,"password":""}