{"id":"gen9doublesou-1984077011","p1":"MADARAAAA","p2":"Yoda2798","format":"[Gen 9] Doubles OU","log":"|j|\u2606MADARAAAA\n|j|\u2606Yoda2798\n|t:|1699216302\n|gametype|doubles\n|player|p1|MADARAAAA|#dpl8ducks|\n|player|p2|Yoda2798|unknown|\n|teamsize|p1|6\n|teamsize|p2|6\n|gen|9\n|tier|[Gen 9] Doubles OU\n|rule|Species Clause: Limit one of each Pok\u00e9mon\n|rule|OHKO Clause: OHKO moves are banned\n|rule|Evasion Moves Clause: Evasion moves are banned\n|rule|Gravity Sleep Clause: The combination of sleep-inducing moves with imperfect accuracy and Gravity or Gigantamax Orbeetle are banned\n|rule|Endless Battle Clause: Forcing endless battles is banned\n|rule|HP Percentage Mod: HP is shown in percentages\n|clearpoke\n|poke|p1|Landorus-Therian, M|\n|poke|p1|Ogerpon-Wellspring, F|\n|poke|p1|Baxcalibur, F|\n|poke|p1|Heatran, M|\n|poke|p1|Rillaboom, F|\n|poke|p1|Ninetales-Alola, M|\n|poke|p2|Rillaboom, F|\n|poke|p2|Landorus-Therian, M|\n|poke|p2|Gholdengo|\n|poke|p2|Palafin, M|\n|poke|p2|Tornadus, M|\n|poke|p2|Ogerpon-Hearthflame, F|\n|teampreview\n|c|\u2606Yoda2798|glhf\n|c|\u2606MADARAAAA|glhf\n|j| mishimono\n|c| mishimono|\/\/timer on\n|j| ratpacker\n|c| ratpacker|\/\/yoda on\n|c|\u2606Yoda2798|someone else can link\n|j| R4ye\n|\n|t:|1699216419\n|start\n|switch|p1a: Landorus|Landorus-Therian, M|100\/100\n|switch|p1b: Ninetales|Ninetales-Alola, M|100\/100\n|switch|p2a: Rillaboom|Rillaboom, F|100\/100\n|switch|p2b: Palafin|Palafin, M|100\/100\n|-ability|p1a: Landorus|Intimidate|boost\n|-unboost|p2a: Rillaboom|atk|1\n|-fail|p2b: Palafin|unboost|[from] item: Clear Amulet|[of] p2b: Palafin\n|-weather|Snow|[from] ability: Snow Warning|[of] p1b: Ninetales\n|-fieldstart|move: Grassy Terrain|[from] ability: Grassy Surge|[of] p2a: Rillaboom\n|turn|1\n|j| MausHoldMyHand\n|j| SingleThunder\n|j| Iceberg77\n|j| SMB\n|c| SingleThunder|It\u2019s linked\n|j|+Arcticblast\n|j| ring around\n|j| Lunarr\n|c| ratpacker|\/\/linked\n|l| ring around\n|l| SingleThunder\n|l| Lunarr\n|j| laptops\n|\n|t:|1699216529\n|detailschange|p2b: Palafin|Palafin-Hero, M\n|switch|p2b: Gholdengo|Gholdengo, shiny|100\/100\n|switch|p2a: Tornadus|Tornadus, M|100\/100\n|move|p1a: Landorus|U-turn|p2a: Tornadus\n|-resisted|p2a: Tornadus\n|-damage|p2a: Tornadus|86\/100\n|\n|t:|1699216544\n|switch|p1a: Heatran|Heatran, M|100\/100|[from] U-turn\n|move|p1b: Ninetales|Aurora Veil|p1b: Ninetales\n|-sidestart|p1: MADARAAAA|move: Aurora Veil\n|\n|-weather|Snow|[upkeep]\n|upkeep\n|turn|2\n|\n|t:|1699216585\n|switch|p2b: Palafin|Palafin-Hero, M|100\/100\n|-activate|p2b: Palafin|ability: Zero to Hero\n|move|p2a: Tornadus|Rain Dance|p2a: Tornadus\n|-weather|RainDance\n|move|p1b: Ninetales|Icy Wind|p2a: Tornadus|[spread] p2a\n|-miss|p1b: Ninetales|p2b: Palafin\n|-supereffective|p2a: Tornadus\n|-damage|p2a: Tornadus|60\/100\n|-unboost|p2a: Tornadus|spe|1\n|move|p1a: Heatran|Heat Wave|p2a: Tornadus|[spread] p2a\n|-miss|p1a: Heatran|p2b: Palafin\n|-damage|p2a: Tornadus|40\/100\n|-enditem|p2a: Tornadus|Sitrus Berry|[eat]\n|-heal|p2a: Tornadus|65\/100|[from] item: Sitrus Berry\n|\n|-weather|RainDance|[upkeep]\n|upkeep\n|turn|3\n|j| Entrocefalo\n|\n|t:|1699216639\n|switch|p2a: Rillaboom|Rillaboom, F|100\/100\n|switch|p1a: Baxcalibur|Baxcalibur, F|100\/100\n|move|p1b: Ninetales|Icy Wind|p2b: Palafin|[spread] p2a,p2b\n|-supereffective|p2a: Rillaboom\n|-resisted|p2b: Palafin\n|-damage|p2a: Rillaboom|82\/100\n|-damage|p2b: Palafin|96\/100\n|-unboost|p2a: Rillaboom|spe|1\n|move|p2b: Palafin|Bulk Up|p2b: Palafin\n|-boost|p2b: Palafin|atk|1\n|-boost|p2b: Palafin|def|1\n|\n|-weather|RainDance|[upkeep]\n|-heal|p2b: Palafin|100\/100|[from] Grassy Terrain\n|-heal|p2a: Rillaboom|88\/100|[from] Grassy Terrain\n|upkeep\n|turn|4\n|l| Entrocefalo\n|\n|t:|1699216695\n|switch|p1b: Rillaboom|Rillaboom, F|100\/100\n|move|p2a: Rillaboom|Fake Out|p1b: Rillaboom\n|-damage|p1b: Rillaboom|91\/100\n|move|p2b: Palafin|Bulk Up|p2b: Palafin\n|-boost|p2b: Palafin|atk|1\n|-boost|p2b: Palafin|def|1\n|move|p1a: Baxcalibur|Swords Dance|p1a: Baxcalibur\n|-boost|p1a: Baxcalibur|atk|2\n|\n|-weather|RainDance|[upkeep]\n|-heal|p1b: Rillaboom|97\/100|[from] Grassy Terrain\n|-heal|p2a: Rillaboom|94\/100|[from] Grassy Terrain\n|upkeep\n|turn|5\n|\n|t:|1699216716\n|switch|p2a: Gholdengo|Gholdengo, shiny|100\/100\n|move|p2b: Palafin|Protect|p2b: Palafin\n|-singleturn|p2b: Palafin|Protect\n|move|p1b: Rillaboom|Fake Out|p2b: Palafin\n|-activate|p2b: Palafin|move: Protect\n|move|p1a: Baxcalibur|Scale Shot|p2a: Gholdengo\n|-resisted|p2a: Gholdengo\n|-damage|p2a: Gholdengo|87\/100\n|-resisted|p2a: Gholdengo\n|-damage|p2a: Gholdengo|72\/100\n|-resisted|p2a: Gholdengo\n|-damage|p2a: Gholdengo|59\/100\n|-resisted|p2a: Gholdengo\n|-damage|p2a: Gholdengo|45\/100\n|-hitcount|p2a: Gholdengo|4\n|-unboost|p1a: Baxcalibur|def|1\n|-boost|p1a: Baxcalibur|spe|1\n|\n|-weather|RainDance|[upkeep]\n|-heal|p1b: Rillaboom|100\/100|[from] Grassy Terrain\n|-heal|p2a: Gholdengo|51\/100|[from] Grassy Terrain\n|-heal|p2a: Gholdengo|57\/100|[from] item: Leftovers\n|-fieldend|move: Grassy Terrain\n|upkeep\n|turn|6\n|\n|t:|1699216777\n|switch|p2a: Landorus|Landorus-Therian, M|100\/100\n|-ability|p2a: Landorus|Intimidate|boost\n|-unboost|p1a: Baxcalibur|atk|1\n|-unboost|p1b: Rillaboom|atk|1\n|-terastallize|p1a: Baxcalibur|Poison\n|-terastallize|p2b: Palafin|Fighting\n|move|p1a: Baxcalibur|Scale Shot|p2b: Palafin\n|-damage|p2b: Palafin|90\/100\n|-damage|p2b: Palafin|80\/100\n|-damage|p2b: Palafin|70\/100\n|-damage|p2b: Palafin|60\/100\n|-damage|p2b: Palafin|50\/100\n|-hitcount|p2b: Palafin|5\n|-unboost|p1a: Baxcalibur|def|1\n|-boost|p1a: Baxcalibur|spe|1\n|move|p2b: Palafin|Drain Punch|p1a: Baxcalibur\n|-resisted|p1a: Baxcalibur\n|-damage|p1a: Baxcalibur|53\/100\n|-heal|p2b: Palafin|74\/100|[from] drain|[of] p1a: Baxcalibur\n|move|p1b: Rillaboom|Wood Hammer|p2b: Palafin\n|-damage|p2b: Palafin|57\/100\n|-damage|p1b: Rillaboom|95\/100|[from] Recoil\n|\n|-weather|none\n|upkeep\n|turn|7\n|\n|t:|1699216817\n|switch|p1b: Ogerpon|Ogerpon-Wellspring, F|100\/100\n|move|p1a: Baxcalibur|Protect|p1a: Baxcalibur\n|-singleturn|p1a: Baxcalibur|Protect\n|move|p2b: Palafin|Jet Punch|p1a: Baxcalibur\n|-activate|p1a: Baxcalibur|move: Protect\n|move|p2a: Landorus|U-turn|p1b: Ogerpon\n|-supereffective|p1b: Ogerpon\n|-damage|p1b: Ogerpon|64\/100\n|\n|t:|1699216861\n|switch|p2a: Rillaboom|Rillaboom, F|94\/100|[from] U-turn\n|-fieldstart|move: Grassy Terrain|[from] ability: Grassy Surge|[of] p2a: Rillaboom\n|\n|-heal|p1a: Baxcalibur|59\/100|[from] Grassy Terrain\n|-heal|p1b: Ogerpon|70\/100|[from] Grassy Terrain\n|-heal|p2b: Palafin|63\/100|[from] Grassy Terrain\n|-heal|p2a: Rillaboom|100\/100|[from] Grassy Terrain\n|upkeep\n|turn|8\n|\n|t:|1699216878\n|move|p2a: Rillaboom|Fake Out|p1b: Ogerpon\n|-damage|p1b: Ogerpon|61\/100\n|move|p2b: Palafin|Jet Punch|p1a: Baxcalibur\n|-damage|p1a: Baxcalibur|0 fnt\n|faint|p1a: Baxcalibur\n|cant|p1b: Ogerpon|flinch\n|\n|-heal|p1b: Ogerpon|67\/100|[from] Grassy Terrain\n|-heal|p2b: Palafin|69\/100|[from] Grassy Terrain\n|-sideend|p1: MADARAAAA|move: Aurora Veil\n|upkeep\n|l| SMB\n|\n|t:|1699216916\n|switch|p1a: Ninetales|Ninetales-Alola, M|100\/100\n|-weather|Snow|[from] ability: Snow Warning|[of] p1a: Ninetales\n|turn|9\n|j| momento memento\n|\n|t:|1699216938\n|move|p2b: Palafin|Protect|p2b: Palafin\n|-singleturn|p2b: Palafin|Protect\n|move|p1a: Ninetales|Moonblast|p2b: Palafin\n|-activate|p2b: Palafin|move: Protect\n|move|p1b: Ogerpon|Ivy Cudgel|p2b: Palafin\n|-activate|p2b: Palafin|move: Protect\n|move|p2a: Rillaboom|Wood Hammer|p1b: Ogerpon\n|-damage|p1b: Ogerpon|0 fnt\n|faint|p1b: Ogerpon\n|-damage|p2a: Rillaboom|80\/100|[from] Recoil\n|\n|-weather|Snow|[upkeep]\n|-heal|p2b: Palafin|75\/100|[from] Grassy Terrain\n|-heal|p2a: Rillaboom|86\/100|[from] Grassy Terrain\n|upkeep\n|\n|t:|1699216945\n|switch|p1b: Rillaboom|Rillaboom, F|95\/100\n|turn|10\n|\n|t:|1699216997\n|switch|p2b: Gholdengo|Gholdengo, shiny|57\/100\n|move|p1b: Rillaboom|Fake Out|p2b: Gholdengo\n|-immune|p2b: Gholdengo\n|move|p1a: Ninetales|Moonblast|p2b: Gholdengo\n|-resisted|p2b: Gholdengo\n|-damage|p2b: Gholdengo|45\/100\n|move|p2a: Rillaboom|U-turn|p1b: Rillaboom\n|-supereffective|p1b: Rillaboom\n|-damage|p1b: Rillaboom|49\/100\n|\n|t:|1699217032\n|switch|p2a: Tornadus|Tornadus, M|65\/100|[from] U-turn\n|\n|-weather|Snow|[upkeep]\n|-heal|p1b: Rillaboom|55\/100|[from] Grassy Terrain\n|-heal|p2b: Gholdengo|51\/100|[from] Grassy Terrain\n|-heal|p2b: Gholdengo|57\/100|[from] item: Leftovers\n|upkeep\n|turn|11\n|\n|t:|1699217064\n|switch|p1b: Heatran|Heatran, M|100\/100\n|move|p2a: Tornadus|Rain Dance|p2a: Tornadus\n|-weather|RainDance\n|move|p1a: Ninetales|Aurora Veil||[still]\n|-fail|p1a: Ninetales\n|move|p2b: Gholdengo|Make It Rain|p1b: Heatran|[spread] p1a,p1b\n|-supereffective|p1a: Ninetales\n|-resisted|p1b: Heatran\n|-damage|p1a: Ninetales|0 fnt\n|-damage|p1b: Heatran|91\/100\n|-unboost|p2b: Gholdengo|spa|1\n|faint|p1a: Ninetales\n|\n|-weather|RainDance|[upkeep]\n|-heal|p2b: Gholdengo|63\/100|[from] Grassy Terrain\n|-heal|p2b: Gholdengo|69\/100|[from] item: Leftovers\n|-heal|p1b: Heatran|97\/100|[from] Grassy Terrain\n|-heal|p1b: Heatran|100\/100|[from] item: Leftovers\n|-fieldend|move: Grassy Terrain\n|upkeep\n|\n|t:|1699217074\n|switch|p1a: Landorus|Landorus-Therian, M|100\/100\n|-ability|p1a: Landorus|Intimidate|boost\n|-unboost|p2a: Tornadus|atk|1\n|-unboost|p2b: Gholdengo|atk|1\n|turn|12\n|\n|t:|1699217112\n|move|p2a: Tornadus|Tailwind|p2a: Tornadus\n|-sidestart|p2: Yoda2798|move: Tailwind\n|move|p2b: Gholdengo|Nasty Plot|p2b: Gholdengo\n|-boost|p2b: Gholdengo|spa|2\n|move|p1a: Landorus|U-turn|p2a: Tornadus\n|-resisted|p2a: Tornadus\n|-damage|p2a: Tornadus|51\/100\n|\n|t:|1699217119\n|switch|p1a: Rillaboom|Rillaboom, F|55\/100|[from] U-turn\n|-fieldstart|move: Grassy Terrain|[from] ability: Grassy Surge|[of] p1a: Rillaboom\n|move|p1b: Heatran|Earth Power|p2b: Gholdengo\n|-supereffective|p2b: Gholdengo\n|-damage|p2b: Gholdengo|14\/100\n|\n|-weather|RainDance|[upkeep]\n|-heal|p2b: Gholdengo|20\/100|[from] Grassy Terrain\n|-heal|p2b: Gholdengo|26\/100|[from] item: Leftovers\n|-heal|p1a: Rillaboom|62\/100|[from] Grassy Terrain\n|upkeep\n|turn|13\n|l| Iceberg77\n|j| AIRedzone\n|\n|t:|1699217152\n|switch|p2a: Landorus|Landorus-Therian, M|100\/100\n|-ability|p2a: Landorus|Intimidate|boost\n|-unboost|p1a: Rillaboom|atk|1\n|-unboost|p1b: Heatran|atk|1\n|switch|p1a: Landorus|Landorus-Therian, M|100\/100\n|-ability|p1a: Landorus|Intimidate|boost\n|-unboost|p2a: Landorus|atk|1\n|-unboost|p2b: Gholdengo|atk|1\n|move|p2b: Gholdengo|Protect|p2b: Gholdengo\n|-singleturn|p2b: Gholdengo|Protect\n|move|p1b: Heatran|Heat Wave|p2a: Landorus|[spread] p2a\n|-activate|p2b: Gholdengo|move: Protect\n|-damage|p2a: Landorus|81\/100\n|\n|-weather|RainDance|[upkeep]\n|-heal|p2b: Gholdengo|33\/100|[from] Grassy Terrain\n|-heal|p2b: Gholdengo|39\/100|[from] item: Leftovers\n|upkeep\n|turn|14\n|\n|t:|1699217165\n|switch|p1b: Rillaboom|Rillaboom, F|62\/100\n|move|p2a: Landorus|Stomping Tantrum|p1b: Rillaboom\n|-resisted|p1b: Rillaboom\n|-damage|p1b: Rillaboom|48\/100\n|move|p2b: Gholdengo|Make It Rain|p1b: Rillaboom|[spread] p1a,p1b\n|-damage|p1a: Landorus|12\/100\n|-damage|p1b: Rillaboom|1\/100\n|-unboost|p2b: Gholdengo|spa|1\n|move|p1a: Landorus|Stomping Tantrum|p2b: Gholdengo\n|-supereffective|p2b: Gholdengo\n|-damage|p2b: Gholdengo|0 fnt\n|faint|p2b: Gholdengo\n|\n|-weather|RainDance|[upkeep]\n|-heal|p1b: Rillaboom|7\/100|[from] Grassy Terrain\n|upkeep\n|\n|t:|1699217181\n|switch|p2b: Rillaboom|Rillaboom, F|86\/100\n|turn|15\n|\n|t:|1699217204\n|move|p2b: Rillaboom|Fake Out|p1a: Landorus\n|-damage|p1a: Landorus|0 fnt\n|faint|p1a: Landorus\n|move|p1b: Rillaboom|Grassy Glide|p2a: Landorus\n|-damage|p2a: Landorus|44\/100\n|move|p2a: Landorus|U-turn|p1b: Rillaboom\n|-supereffective|p1b: Rillaboom\n|-damage|p1b: Rillaboom|0 fnt\n|faint|p1b: Rillaboom\n|\n|t:|1699217212\n|switch|p2a: Palafin|Palafin-Hero, M, tera:Fighting|75\/100|[from] U-turn\n|\n|-weather|none\n|-heal|p2a: Palafin|81\/100|[from] Grassy Terrain\n|-heal|p2b: Rillaboom|92\/100|[from] Grassy Terrain\n|-sideend|p2: Yoda2798|move: Tailwind\n|upkeep\n|c|\u2606MADARAAAA|gg\n|l|+Arcticblast\n|\n|t:|1699217218\n|switch|p1a: Heatran|Heatran, M|100\/100\n|turn|16\n|\n|t:|1699217239\n|move|p2a: Palafin|Drain Punch|p1a: Heatran\n|-supereffective|p1a: Heatran\n|-damage|p1a: Heatran|32\/100\n|-heal|p2a: Palafin|100\/100|[from] drain|[of] p1a: Heatran\n|move|p2b: Rillaboom|U-turn|p1a: Heatran\n|-resisted|p1a: Heatran\n|-damage|p1a: Heatran|27\/100\n|\n|t:|1699217248\n|switch|p2b: Landorus|Landorus-Therian, M|44\/100|[from] U-turn\n|-ability|p2b: Landorus|Intimidate|boost\n|-unboost|p1a: Heatran|atk|1\n|move|p1a: Heatran|Heat Wave|p2b: Landorus|[spread] p2a,p2b\n|-damage|p2a: Palafin|70\/100\n|-damage|p2b: Landorus|5\/100\n|\n|-heal|p2a: Palafin|76\/100|[from] Grassy Terrain\n|-heal|p1a: Heatran|33\/100|[from] Grassy Terrain\n|-heal|p1a: Heatran|39\/100|[from] item: Leftovers\n|-fieldend|move: Grassy Terrain\n|upkeep\n|turn|17\n|\n|t:|1699217258\n|switch|p2b: Rillaboom|Rillaboom, F|92\/100\n|-fieldstart|move: Grassy Terrain|[from] ability: Grassy Surge|[of] p2b: Rillaboom\n|move|p2a: Palafin|Drain Punch|p1a: Heatran\n|-supereffective|p1a: Heatran\n|-damage|p1a: Heatran|0 fnt\n|-heal|p2a: Palafin|94\/100|[from] drain|[of] p1a: Heatran\n|faint|p1a: Heatran\n|\n|win|Yoda2798\n|c|\u2606Yoda2798|gg\n|l| R4ye\n|l| AIRedzone\n|j| SingleThunder\n|l| SingleThunder\n|l| MausHoldMyHand\n|l| momento memento\n|l| ratpacker\n|j| TurtalKatThing\n|l| TurtalKatThing\n|j| Jello1231\n|j| SingleThunder\n|l| laptops\n|l| SingleThunder\n|l| Jello1231\n|j| Demantoid (\u2299\ufe4f\u2299\u273f)\n|l| Demantoid (\u2299\ufe4f\u2299\u273f)\n","uploadtime":1699217264,"views":53,"p1id":"madaraaaa","p2id":"yoda2798","formatid":"gen9doublesou","rating":0,"private":0,"password":""}