{"id":"gen9doublesou-1984748132","p1":"MattCol","p2":"gonegeb","format":"[Gen 9] Doubles OU","log":"|j|\u2606MattCol\n|j|\u2606gonegeb\n|t:|1699295794\n|gametype|doubles\n|player|p1|MattCol|102|\n|player|p2|gonegeb|alain|\n|teamsize|p1|6\n|teamsize|p2|6\n|gen|9\n|tier|[Gen 9] Doubles OU\n|rule|Species Clause: Limit one of each Pok\u00e9mon\n|rule|OHKO Clause: OHKO moves are banned\n|rule|Evasion Moves Clause: Evasion moves are banned\n|rule|Gravity Sleep Clause: The combination of sleep-inducing moves with imperfect accuracy and Gravity or Gigantamax Orbeetle are banned\n|rule|Endless Battle Clause: Forcing endless battles is banned\n|rule|HP Percentage Mod: HP is shown in percentages\n|clearpoke\n|poke|p1|Quaquaval, M|\n|poke|p1|Baxcalibur, F|\n|poke|p1|Cinderace, M|\n|poke|p1|Slowbro-Galar, M|\n|poke|p1|Zarude-Dada|\n|poke|p1|Pelipper, F|\n|poke|p2|Lucario, M|\n|poke|p2|Umbreon, M|\n|poke|p2|Arcanine, F|\n|poke|p2|Ceruledge, M|\n|poke|p2|Maushold|\n|poke|p2|Fezandipiti, M|\n|teampreview\n|\n|t:|1699295801\n|start\n|switch|p1a: Cinderace|Cinderace, M|100\/100\n|switch|p1b: Baxcalibur|Baxcalibur, F|100\/100\n|switch|p2a: Tourmaline|Fezandipiti, M|100\/100\n|switch|p2b: Howlite|Maushold|100\/100\n|turn|1\n|\n|t:|1699295817\n|move|p2b: Howlite|Follow Me|p2b: Howlite\n|-singleturn|p2b: Howlite|move: Follow Me\n|move|p1a: Cinderace|Taunt|p2b: Howlite\n|-start|p1a: Cinderace|typechange|Dark|[from] ability: Libero\n|-start|p2b: Howlite|move: Taunt\n|move|p2a: Tourmaline|Tailwind|p2a: Tourmaline\n|-sidestart|p2: gonegeb|move: Tailwind\n|move|p1b: Baxcalibur|Icicle Spear|p2b: Howlite\n|-damage|p2b: Howlite|80\/100\n|-damage|p2b: Howlite|61\/100\n|-damage|p2b: Howlite|40\/100\n|-enditem|p2b: Howlite|Sitrus Berry|[eat]\n|-heal|p2b: Howlite|65\/100|[from] item: Sitrus Berry\n|-heal|p2b: Howlite|99\/100|[from] ability: Cheek Pouch\n|-damage|p2b: Howlite|80\/100\n|-hitcount|p2b: Howlite|4\n|\n|upkeep\n|turn|2\n|\n|t:|1699295855\n|switch|p2b: Pryna|Arcanine, F, shiny|100\/100\n|-ability|p2b: Pryna|Intimidate|boost\n|-unboost|p1a: Cinderace|atk|1\n|-unboost|p1b: Baxcalibur|atk|1\n|move|p1b: Baxcalibur|Protect|p1b: Baxcalibur\n|-singleturn|p1b: Baxcalibur|Protect\n|move|p2a: Tourmaline|Taunt|p1b: Baxcalibur\n|-activate|p1b: Baxcalibur|move: Protect\n|move|p1a: Cinderace|High Jump Kick|p2b: Pryna\n|-damage|p2b: Pryna|76\/100\n|\n|upkeep\n|turn|3\n|\n|t:|1699295876\n|switch|p1b: Pelipper|Pelipper, F|100\/100\n|-weather|RainDance|[from] ability: Drizzle|[of] p1b: Pelipper\n|move|p2a: Tourmaline|Taunt|p1b: Pelipper\n|-start|p1b: Pelipper|move: Taunt\n|move|p2b: Pryna|Will-O-Wisp|p1a: Cinderace\n|-status|p1a: Cinderace|brn\n|move|p1a: Cinderace|Pyro Ball|p2a: Tourmaline\n|-damage|p2a: Tourmaline|93\/100\n|\n|-weather|RainDance|[upkeep]\n|-damage|p1a: Cinderace|95\/100 brn|[from] brn\n|upkeep\n|turn|4\n|\n|t:|1699295935\n|switch|p2b: Umbra|Umbreon, M, shiny|100\/100\n|switch|p1a: Slowbro|Slowbro-Galar, M|100\/100\n|move|p2a: Tourmaline|Taunt|p1a: Slowbro\n|-start|p1a: Slowbro|move: Taunt\n|move|p1b: Pelipper|Hydro Pump|p2b: Umbra\n|-damage|p2b: Umbra|60\/100\n|\n|-weather|RainDance|[upkeep]\n|-heal|p2b: Umbra|66\/100|[from] item: Leftovers\n|-sideend|p2: gonegeb|move: Tailwind\n|upkeep\n|turn|5\n|\n|t:|1699295961\n|move|p2a: Tourmaline|Tailwind|p2a: Tourmaline\n|-sidestart|p2: gonegeb|move: Tailwind\n|move|p2b: Umbra|Foul Play|p1a: Slowbro\n|-supereffective|p1a: Slowbro\n|-damage|p1a: Slowbro|48\/100\n|move|p1b: Pelipper|Hurricane|p2a: Tourmaline\n|-damage|p2a: Tourmaline|61\/100\n|move|p1a: Slowbro|Shadow Ball|p2b: Umbra\n|-resisted|p2b: Umbra\n|-damage|p2b: Umbra|58\/100\n|\n|-weather|RainDance|[upkeep]\n|-heal|p2b: Umbra|64\/100|[from] item: Leftovers\n|-end|p1b: Pelipper|move: Taunt\n|upkeep\n|turn|6\n|l|\u2606MattCol\n|player|p1|\n|j|\u2606MattCol\n|player|p1|MattCol|102\n|\n|t:|1699296040\n|switch|p1a: Zarude|Zarude-Dada|100\/100\n|move|p2a: Tourmaline|Taunt|p1b: Pelipper\n|-start|p1b: Pelipper|move: Taunt\n|move|p2b: Umbra|Foul Play|p1a: Zarude\n|-resisted|p1a: Zarude\n|-damage|p1a: Zarude|78\/100\n|cant|p1b: Pelipper|move: Taunt|Tailwind\n|\n|-weather|RainDance|[upkeep]\n|-heal|p2b: Umbra|71\/100|[from] item: Leftovers\n|upkeep\n|turn|7\n|\n|t:|1699296062\n|move|p2b: Umbra|Protect|p2b: Umbra\n|-singleturn|p2b: Umbra|Protect\n|move|p2a: Tourmaline|Taunt|p1a: Zarude\n|-start|p1a: Zarude|move: Taunt\n|move|p1a: Zarude|Drain Punch|p2b: Umbra\n|-activate|p2b: Umbra|move: Protect\n|move|p1b: Pelipper|Hydro Pump|p2a: Tourmaline\n|-damage|p2a: Tourmaline|12\/100\n|-enditem|p2a: Tourmaline|Figy Berry|[eat]\n|-heal|p2a: Tourmaline|46\/100|[from] item: Figy Berry\n|-start|p2a: Tourmaline|confusion\n|\n|-weather|none\n|-heal|p2b: Umbra|77\/100|[from] item: Leftovers\n|upkeep\n|turn|8\n|\n|t:|1699296105\n|switch|p1b: Slowbro|Slowbro-Galar, M|48\/100\n|-activate|p2a: Tourmaline|confusion\n|move|p2a: Tourmaline|Dazzling Gleam|p1b: Slowbro|[spread] p1a,p1b\n|-supereffective|p1a: Zarude\n|-resisted|p1b: Slowbro\n|-damage|p1a: Zarude|46\/100\n|-damage|p1b: Slowbro|40\/100\n|-status|p1a: Zarude|tox|[from] ability: Toxic Chain|[of] p2a: Tourmaline\n|move|p1a: Zarude|Drain Punch|p2b: Umbra\n|-supereffective|p2b: Umbra\n|-damage|p2b: Umbra|44\/100\n|-heal|p1a: Zarude|64\/100 tox|[from] drain|[of] p2b: Umbra\n|move|p2b: Umbra|Yawn||[still]\n|-fail|p2b: Umbra\n|\n|-heal|p2b: Umbra|50\/100|[from] item: Leftovers\n|-damage|p1a: Zarude|58\/100 tox|[from] psn\n|-sideend|p2: gonegeb|move: Tailwind\n|upkeep\n|turn|9\n|\n|t:|1699296126\n|move|p1a: Zarude|Drain Punch|p2b: Umbra\n|-supereffective|p2b: Umbra\n|-damage|p2b: Umbra|17\/100\n|-heal|p1a: Zarude|77\/100 tox|[from] drain|[of] p2b: Umbra\n|-end|p2a: Tourmaline|confusion\n|move|p2a: Tourmaline|Tailwind|p2a: Tourmaline\n|-sidestart|p2: gonegeb|move: Tailwind\n|move|p2b: Umbra|Foul Play|p1b: Slowbro\n|-supereffective|p1b: Slowbro\n|-damage|p1b: Slowbro|0 fnt\n|faint|p1b: Slowbro\n|\n|-heal|p2b: Umbra|23\/100|[from] item: Leftovers\n|-damage|p1a: Zarude|65\/100 tox|[from] psn\n|-end|p1a: Zarude|move: Taunt\n|upkeep\n|\n|t:|1699296141\n|switch|p1b: Quaquaval|Quaquaval, M|100\/100\n|turn|10\n|\n|t:|1699296153\n|switch|p1a: Pelipper|Pelipper, F|100\/100\n|-weather|RainDance|[from] ability: Drizzle|[of] p1a: Pelipper\n|switch|p2b: Pryna|Arcanine, F, shiny|76\/100\n|-ability|p2b: Pryna|Intimidate|boost\n|-unboost|p1a: Pelipper|atk|1\n|-unboost|p1b: Quaquaval|atk|1\n|move|p2a: Tourmaline|Taunt|p1b: Quaquaval\n|-start|p1b: Quaquaval|move: Taunt\n|move|p1b: Quaquaval|Aqua Step|p2a: Tourmaline\n|-damage|p2a: Tourmaline|4\/100\n|-boost|p1b: Quaquaval|spe|1\n|\n|-weather|RainDance|[upkeep]\n|upkeep\n|turn|11\n|\n|t:|1699296195\n|switch|p2a: Howlite|Maushold|80\/100\n|move|p1a: Pelipper|Wide Guard|p1a: Pelipper\n|-singleturn|p1a: Pelipper|Wide Guard\n|move|p2b: Pryna|Will-O-Wisp|p1b: Quaquaval\n|-status|p1b: Quaquaval|brn\n|move|p1b: Quaquaval|Aqua Step|p2b: Pryna\n|-supereffective|p2b: Pryna\n|-damage|p2b: Pryna|45\/100\n|-boost|p1b: Quaquaval|spe|1\n|-enditem|p2b: Pryna|Sitrus Berry|[eat]\n|-heal|p2b: Pryna|70\/100|[from] item: Sitrus Berry\n|\n|-weather|RainDance|[upkeep]\n|-damage|p1b: Quaquaval|94\/100 brn|[from] brn\n|upkeep\n|turn|12\n|\n|t:|1699296223\n|move|p2a: Howlite|Encore|p1a: Pelipper\n|-start|p1a: Pelipper|Encore\n|move|p1b: Quaquaval|Aqua Step|p2b: Pryna\n|-supereffective|p2b: Pryna\n|-damage|p2b: Pryna|39\/100\n|-boost|p1b: Quaquaval|spe|1\n|move|p2b: Pryna|Morning Sun|p2b: Pryna\n|-heal|p2b: Pryna|64\/100\n|move|p1a: Pelipper|Wide Guard||[still]\n|-fail|p1a: Pelipper\n|\n|-weather|RainDance|[upkeep]\n|-heal|p1b: Quaquaval|100\/100 brn|[from] item: Leftovers\n|-damage|p1b: Quaquaval|94\/100 brn|[from] brn\n|-end|p1b: Quaquaval|move: Taunt\n|-sideend|p2: gonegeb|move: Tailwind\n|upkeep\n|turn|13\n|\n|t:|1699296256\n|switch|p1a: Zarude|Zarude-Dada|65\/100 tox\n|move|p1b: Quaquaval|Close Combat|p2a: Howlite\n|-supereffective|p2a: Howlite\n|-damage|p2a: Howlite|33\/100\n|-unboost|p1b: Quaquaval|def|1\n|-unboost|p1b: Quaquaval|spd|1\n|move|p2a: Howlite|Taunt|p1b: Quaquaval\n|-start|p1b: Quaquaval|move: Taunt\n|move|p2b: Pryna|Morning Sun|p2b: Pryna\n|-heal|p2b: Pryna|89\/100\n|\n|-weather|RainDance|[upkeep]\n|-heal|p1b: Quaquaval|100\/100 brn|[from] item: Leftovers\n|-damage|p1a: Zarude|59\/100 tox|[from] psn\n|-damage|p1b: Quaquaval|94\/100 brn|[from] brn\n|upkeep\n|turn|14\n|\n|t:|1699296294\n|switch|p2b: Obsidian|Ceruledge, M, shiny|100\/100\n|move|p1b: Quaquaval|Aqua Step|p2a: Howlite\n|-damage|p2a: Howlite|8\/100\n|-boost|p1b: Quaquaval|spe|1\n|move|p2a: Howlite|Taunt|p1a: Zarude\n|-start|p1a: Zarude|move: Taunt\n|cant|p1a: Zarude|move: Taunt|Jungle Healing\n|\n|-weather|none\n|-heal|p1b: Quaquaval|100\/100 brn|[from] item: Leftovers\n|-damage|p1a: Zarude|47\/100 tox|[from] psn\n|-damage|p1b: Quaquaval|94\/100 brn|[from] brn\n|upkeep\n|turn|15\n|\n|t:|1699296328\n|switch|p2a: Pryna|Arcanine, F, shiny|89\/100\n|-ability|p2a: Pryna|Intimidate|boost\n|-unboost|p1a: Zarude|atk|1\n|-unboost|p1b: Quaquaval|atk|1\n|move|p1b: Quaquaval|Aqua Step|p2b: Obsidian\n|-supereffective|p2b: Obsidian\n|-damage|p2b: Obsidian|77\/100\n|-boost|p1b: Quaquaval|spe|1\n|-enditem|p2b: Obsidian|Weakness Policy\n|-boost|p2b: Obsidian|atk|2|[from] item: Weakness Policy\n|-boost|p2b: Obsidian|spa|2|[from] item: Weakness Policy\n|move|p1a: Zarude|Knock Off|p2b: Obsidian\n|-supereffective|p2b: Obsidian\n|-damage|p2b: Obsidian|24\/100\n|move|p2b: Obsidian|Bitter Blade|p1a: Zarude\n|-supereffective|p1a: Zarude\n|-damage|p1a: Zarude|0 fnt\n|-heal|p2b: Obsidian|47\/100|[from] drain|[of] p1a: Zarude\n|faint|p1a: Zarude\n|\n|-heal|p1b: Quaquaval|100\/100 brn|[from] item: Leftovers\n|-damage|p1b: Quaquaval|94\/100 brn|[from] brn\n|upkeep\n|\n|t:|1699296350\n|switch|p1a: Pelipper|Pelipper, F|100\/100\n|-weather|RainDance|[from] ability: Drizzle|[of] p1a: Pelipper\n|turn|16\n|\n|t:|1699296377\n|-terastallize|p2b: Obsidian|Fairy\n|move|p1b: Quaquaval|Aqua Step|p2b: Obsidian\n|-damage|p2b: Obsidian|30\/100\n|-boost|p1b: Quaquaval|spe|1\n|move|p2a: Pryna|Flare Blitz|p2b: Obsidian\n|-start|p2b: Obsidian|ability: Flash Fire\n|move|p2b: Obsidian|Bitter Blade|p1b: Quaquaval\n|-resisted|p1b: Quaquaval\n|-damage|p1b: Quaquaval|37\/100 brn\n|-heal|p2b: Obsidian|55\/100|[from] drain|[of] p1b: Quaquaval\n|move|p1a: Pelipper|Hydro Pump|p2a: Pryna|[miss]\n|-miss|p1a: Pelipper|p2a: Pryna\n|\n|-weather|RainDance|[upkeep]\n|-heal|p1b: Quaquaval|43\/100 brn|[from] item: Leftovers\n|-damage|p1b: Quaquaval|37\/100 brn|[from] brn\n|-end|p1b: Quaquaval|move: Taunt\n|upkeep\n|turn|17\n|\n|t:|1699296411\n|switch|p1b: Cinderace|Cinderace, M|95\/100 brn\n|move|p2a: Pryna|Extreme Speed|p1b: Cinderace\n|-damage|p1b: Cinderace|67\/100 brn\n|move|p2b: Obsidian|Bitter Blade|p1a: Pelipper\n|-resisted|p1a: Pelipper\n|-damage|p1a: Pelipper|74\/100\n|-heal|p2b: Obsidian|67\/100|[from] drain|[of] p1a: Pelipper\n|-enditem|p1a: Pelipper|Eject Button\n|\n|t:|1699296424\n|switch|p1a: Quaquaval|Quaquaval, M|37\/100 brn\n|\n|-weather|RainDance|[upkeep]\n|-heal|p1a: Quaquaval|43\/100 brn|[from] item: Leftovers\n|-damage|p1b: Cinderace|61\/100 brn|[from] brn\n|-damage|p1a: Quaquaval|37\/100 brn|[from] brn\n|upkeep\n|turn|18\n|\n|t:|1699296472\n|move|p2a: Pryna|Extreme Speed|p1a: Quaquaval\n|-damage|p1a: Quaquaval|11\/100 brn\n|move|p2b: Obsidian|Shadow Sneak|p1a: Quaquaval\n|-crit|p1a: Quaquaval\n|-damage|p1a: Quaquaval|0 fnt\n|faint|p1a: Quaquaval\n|move|p1b: Cinderace|U-turn|p2a: Pryna\n|-start|p1b: Cinderace|typechange|Bug|[from] ability: Libero\n|-resisted|p2a: Pryna\n|-damage|p2a: Pryna|82\/100\n|\n|t:|1699296484\n|switch|p1b: Baxcalibur|Baxcalibur, F|100\/100|[from] U-turn\n|\n|-weather|RainDance|[upkeep]\n|upkeep\n|\n|t:|1699296490\n|switch|p1a: Pelipper|Pelipper, F|74\/100\n|turn|19\n|\n|t:|1699296551\n|switch|p2a: Tourmaline|Fezandipiti, M|4\/100\n|-terastallize|p1b: Baxcalibur|Fairy\n|move|p1b: Baxcalibur|Swords Dance|p1b: Baxcalibur\n|-boost|p1b: Baxcalibur|atk|2\n|move|p2b: Obsidian|Bitter Blade|p1b: Baxcalibur\n|-damage|p1b: Baxcalibur|43\/100\n|-heal|p2b: Obsidian|98\/100|[from] drain|[of] p1b: Baxcalibur\n|-ability|p1b: Baxcalibur|Thermal Exchange|boost\n|-boost|p1b: Baxcalibur|atk|1\n|move|p1a: Pelipper|Tailwind|p1a: Pelipper\n|-sidestart|p1: MattCol|move: Tailwind\n|\n|-weather|RainDance|[upkeep]\n|upkeep\n|turn|20\n|\n|t:|1699296583\n|move|p2b: Obsidian|Shadow Sneak|p1b: Baxcalibur\n|-damage|p1b: Baxcalibur|10\/100\n|move|p1b: Baxcalibur|Earthquake|p2a: Tourmaline|[spread] p2a,p2b\n|-immune|p1a: Pelipper\n|-supereffective|p2a: Tourmaline\n|-damage|p2a: Tourmaline|0 fnt\n|-damage|p2b: Obsidian|11\/100\n|faint|p2a: Tourmaline\n|move|p1a: Pelipper|Hurricane|p2b: Obsidian\n|-damage|p2b: Obsidian|0 fnt\n|faint|p2b: Obsidian\n|\n|-weather|none\n|upkeep\n|\n|t:|1699296620\n|switch|p2a: Pryna|Arcanine, F, shiny|82\/100\n|switch|p2b: Umbra|Umbreon, M, shiny|23\/100\n|-ability|p2a: Pryna|Intimidate|boost\n|-unboost|p1a: Pelipper|atk|1\n|-unboost|p1b: Baxcalibur|atk|1\n|turn|21\n|\n|t:|1699296630\n|move|p1b: Baxcalibur|Protect|p1b: Baxcalibur\n|-singleturn|p1b: Baxcalibur|Protect\n|move|p2b: Umbra|Protect|p2b: Umbra\n|-singleturn|p2b: Umbra|Protect\n|move|p2a: Pryna|Extreme Speed|p1b: Baxcalibur\n|-activate|p1b: Baxcalibur|move: Protect\n|move|p1a: Pelipper|Hydro Pump|p2a: Pryna\n|-supereffective|p2a: Pryna\n|-damage|p2a: Pryna|0 fnt\n|faint|p2a: Pryna\n|\n|-heal|p2b: Umbra|29\/100|[from] item: Leftovers\n|upkeep\n|\n|t:|1699296633\n|switch|p2a: Anubis|Lucario, M|100\/100\n|turn|22\n|\n|t:|1699296653\n|switch|p1b: Cinderace|Cinderace, M|61\/100 brn\n|move|p2a: Anubis|Extreme Speed|p1b: Cinderace\n|-damage|p1b: Cinderace|25\/100 brn\n|move|p1a: Pelipper|Hydro Pump|p2b: Umbra\n|-damage|p2b: Umbra|3\/100\n|move|p2b: Umbra|Wish|p2b: Umbra\n|\n|-heal|p2b: Umbra|9\/100|[from] item: Leftovers\n|-damage|p1b: Cinderace|19\/100 brn|[from] brn\n|-sideend|p1: MattCol|move: Tailwind\n|upkeep\n|turn|23\n|l|\u2606MattCol\n|player|p1|\n|j|\u2606MattCol\n|player|p1|MattCol|102\n|\n|t:|1699296740\n|move|p2b: Umbra|Protect|p2b: Umbra\n|-singleturn|p2b: Umbra|Protect\n|move|p2a: Anubis|Extreme Speed|p1b: Cinderace\n|-damage|p1b: Cinderace|0 fnt\n|faint|p1b: Cinderace\n|move|p1a: Pelipper|Hydro Pump|p2a: Anubis\n|-damage|p2a: Anubis|31\/100\n|\n|-heal|p2b: Umbra|59\/100|[from] move: Wish|[wisher] Umbra\n|-heal|p2b: Umbra|65\/100|[from] item: Leftovers\n|upkeep\n|l|\u2606MattCol\n|player|p1|\n|j|\u2606MattCol\n|player|p1|MattCol|102\n|\n|t:|1699296811\n|switch|p1b: Baxcalibur|Baxcalibur, F, tera:Fairy|10\/100\n|turn|24\n|\n|t:|1699296838\n|move|p2a: Anubis|Protect|p2a: Anubis\n|-singleturn|p2a: Anubis|Protect\n|move|p1b: Baxcalibur|Protect|p1b: Baxcalibur\n|-singleturn|p1b: Baxcalibur|Protect\n|move|p2b: Umbra|Yawn|p1a: Pelipper\n|-start|p1a: Pelipper|move: Yawn|[of] p2b: Umbra\n|move|p1a: Pelipper|Hydro Pump|p2a: Anubis\n|-activate|p2a: Anubis|move: Protect\n|\n|-heal|p2b: Umbra|71\/100|[from] item: Leftovers\n|upkeep\n|turn|25\n|l|\u2606MattCol\n|player|p1|\n|j|\u2606MattCol\n|player|p1|MattCol|102\n|\n|t:|1699296878\n|move|p1b: Baxcalibur|Protect|p1b: Baxcalibur\n|-singleturn|p1b: Baxcalibur|Protect\n|move|p2a: Anubis|Extreme Speed|p1b: Baxcalibur\n|-activate|p1b: Baxcalibur|move: Protect\n|move|p2b: Umbra|Wish|p2b: Umbra\n|move|p1a: Pelipper|Hydro Pump|p2a: Anubis\n|-crit|p2a: Anubis\n|-damage|p2a: Anubis|0 fnt\n|faint|p2a: Anubis\n|\n|-heal|p2b: Umbra|77\/100|[from] item: Leftovers\n|-end|p1a: Pelipper|move: Yawn|[silent]\n|-status|p1a: Pelipper|slp\n|upkeep\n|l|\u2606MattCol\n|player|p1|\n|j|\u2606MattCol\n|player|p1|MattCol|102\n|l|\u2606MattCol\n|player|p1|\n|j|\u2606MattCol\n|player|p1|MattCol|102\n|\n|t:|1699296998\n|switch|p2a: Howlite|Maushold|8\/100\n|turn|26\n|\n|t:|1699297040\n|move|p2a: Howlite|Encore|p1b: Baxcalibur\n|-start|p1b: Baxcalibur|Encore\n|move|p1b: Baxcalibur|Protect||[still]\n|-fail|p1b: Baxcalibur\n|move|p2b: Umbra|Foul Play|p1a: Pelipper\n|-damage|p1a: Pelipper|64\/100 slp\n|cant|p1a: Pelipper|slp\n|\n|-heal|p2b: Umbra|100\/100|[from] move: Wish|[wisher] Umbra\n|upkeep\n|turn|27\n|l|\u2606MattCol\n|player|p1|\n|j|\u2606MattCol\n|player|p1|MattCol|102\n|\n|t:|1699297066\n|move|p1b: Baxcalibur|Protect|p1b: Baxcalibur\n|-singleturn|p1b: Baxcalibur|Protect\n|move|p2a: Howlite|Taunt|p1a: Pelipper\n|-start|p1a: Pelipper|move: Taunt\n|-curestatus|p1a: Pelipper|slp|[msg]\n|move|p1a: Pelipper|Hurricane|p2a: Howlite\n|-damage|p2a: Howlite|0 fnt\n|faint|p2a: Howlite\n|move|p2b: Umbra|Foul Play|p1a: Pelipper\n|-damage|p1a: Pelipper|55\/100\n|\n|upkeep\n|turn|28\n|\n|t:|1699297082\n|move|p1b: Baxcalibur|Protect||[still]\n|-fail|p1b: Baxcalibur\n|move|p1a: Pelipper|Hurricane|p2b: Umbra\n|-damage|p2b: Umbra|73\/100\n|move|p2b: Umbra|Foul Play|p1b: Baxcalibur\n|-resisted|p1b: Baxcalibur\n|-damage|p1b: Baxcalibur|0 fnt\n|faint|p1b: Baxcalibur\n|\n|-heal|p2b: Umbra|79\/100|[from] item: Leftovers\n|upkeep\n|turn|29\n|\n|t:|1699297095\n|move|p2b: Umbra|Yawn|p1a: Pelipper\n|-start|p1a: Pelipper|move: Yawn|[of] p2b: Umbra\n|move|p1a: Pelipper|Hurricane|p2b: Umbra|[miss]\n|-miss|p1a: Pelipper|p2b: Umbra\n|\n|-heal|p2b: Umbra|85\/100|[from] item: Leftovers\n|-end|p1a: Pelipper|move: Taunt\n|upkeep\n|turn|30\n|\n|t:|1699297106\n|move|p2b: Umbra|Foul Play|p1a: Pelipper\n|-damage|p1a: Pelipper|45\/100\n|move|p1a: Pelipper|Hurricane|p2b: Umbra\n|-crit|p2b: Umbra\n|-damage|p2b: Umbra|42\/100\n|-start|p2b: Umbra|confusion\n|\n|-heal|p2b: Umbra|48\/100|[from] item: Leftovers\n|-end|p1a: Pelipper|move: Yawn|[silent]\n|-status|p1a: Pelipper|slp\n|upkeep\n|turn|31\n|\n|t:|1699297118\n|cant|p1a: Pelipper|slp\n|-activate|p2b: Umbra|confusion\n|-damage|p2b: Umbra|44\/100|[from] confusion\n|\n|-heal|p2b: Umbra|50\/100|[from] item: Leftovers\n|upkeep\n|turn|32\n|\n|t:|1699297128\n|-activate|p2b: Umbra|confusion\n|-damage|p2b: Umbra|48\/100|[from] confusion\n|cant|p1a: Pelipper|slp\n|\n|-heal|p2b: Umbra|54\/100|[from] item: Leftovers\n|upkeep\n|turn|33\n|\n|t:|1699297137\n|-end|p2b: Umbra|confusion\n|move|p2b: Umbra|Wish|p2b: Umbra\n|-curestatus|p1a: Pelipper|slp|[msg]\n|move|p1a: Pelipper|Hurricane|p2b: Umbra\n|-damage|p2b: Umbra|25\/100\n|\n|-heal|p2b: Umbra|31\/100|[from] item: Leftovers\n|upkeep\n|turn|34\n|\n|t:|1699297148\n|move|p2b: Umbra|Protect|p2b: Umbra\n|-singleturn|p2b: Umbra|Protect\n|move|p1a: Pelipper|Hurricane|p2b: Umbra\n|-activate|p2b: Umbra|move: Protect\n|\n|-heal|p2b: Umbra|81\/100|[from] move: Wish|[wisher] Umbra\n|-heal|p2b: Umbra|87\/100|[from] item: Leftovers\n|upkeep\n|turn|35\n|l|\u2606MattCol\n|player|p1|\n|j|\u2606MattCol\n|player|p1|MattCol|102\n|\n|t:|1699297205\n|move|p1a: Pelipper|Hurricane|p2b: Umbra\n|-damage|p2b: Umbra|61\/100\n|-start|p2b: Umbra|confusion\n|-activate|p2b: Umbra|confusion\n|move|p2b: Umbra|Yawn|p1a: Pelipper\n|-start|p1a: Pelipper|move: Yawn|[of] p2b: Umbra\n|\n|-heal|p2b: Umbra|67\/100|[from] item: Leftovers\n|upkeep\n|turn|36\n|\n|t:|1699297216\n|-end|p2b: Umbra|confusion\n|move|p2b: Umbra|Protect|p2b: Umbra\n|-singleturn|p2b: Umbra|Protect\n|move|p1a: Pelipper|Hurricane|p2b: Umbra\n|-activate|p2b: Umbra|move: Protect\n|\n|-heal|p2b: Umbra|73\/100|[from] item: Leftovers\n|-end|p1a: Pelipper|move: Yawn|[silent]\n|-status|p1a: Pelipper|slp\n|upkeep\n|turn|37\n|\n|t:|1699297226\n|move|p2b: Umbra|Foul Play|p1a: Pelipper\n|-damage|p1a: Pelipper|35\/100 slp\n|cant|p1a: Pelipper|slp\n|\n|-heal|p2b: Umbra|79\/100|[from] item: Leftovers\n|upkeep\n|turn|38\n|\n|t:|1699297235\n|cant|p1a: Pelipper|slp\n|move|p2b: Umbra|Foul Play|p1a: Pelipper\n|-damage|p1a: Pelipper|26\/100 slp\n|\n|-heal|p2b: Umbra|86\/100|[from] item: Leftovers\n|upkeep\n|turn|39\n|\n|t:|1699297243\n|move|p2b: Umbra|Foul Play|p1a: Pelipper\n|-damage|p1a: Pelipper|18\/100 slp\n|cant|p1a: Pelipper|slp\n|\n|-heal|p2b: Umbra|92\/100|[from] item: Leftovers\n|upkeep\n|turn|40\n|\n|t:|1699297251\n|move|p2b: Umbra|Foul Play|p1a: Pelipper\n|-damage|p1a: Pelipper|9\/100 slp\n|-curestatus|p1a: Pelipper|slp|[msg]\n|move|p1a: Pelipper|Hurricane|p2b: Umbra\n|-damage|p2b: Umbra|62\/100\n|\n|-heal|p2b: Umbra|68\/100|[from] item: Leftovers\n|upkeep\n|turn|41\n|\n|t:|1699297269\n|move|p1a: Pelipper|Hurricane|p2b: Umbra\n|-damage|p2b: Umbra|40\/100\n|move|p2b: Umbra|Yawn|p1a: Pelipper\n|-start|p1a: Pelipper|move: Yawn|[of] p2b: Umbra\n|\n|-heal|p2b: Umbra|46\/100|[from] item: Leftovers\n|upkeep\n|turn|42\n|\n|t:|1699297278\n|move|p2b: Umbra|Protect|p2b: Umbra\n|-singleturn|p2b: Umbra|Protect\n|move|p1a: Pelipper|Hurricane|p2b: Umbra\n|-activate|p2b: Umbra|move: Protect\n|\n|-heal|p2b: Umbra|52\/100|[from] item: Leftovers\n|-end|p1a: Pelipper|move: Yawn|[silent]\n|-status|p1a: Pelipper|slp\n|upkeep\n|turn|43\n|\n|t:|1699297282\n|cant|p1a: Pelipper|slp\n|move|p2b: Umbra|Foul Play|p1a: Pelipper\n|-damage|p1a: Pelipper|0 fnt\n|faint|p1a: Pelipper\n|\n|win|gonegeb\n|l|\u2606MattCol\n","uploadtime":1699297360,"views":9,"p1id":"mattcol","p2id":"gonegeb","formatid":"gen9doublesou","rating":0,"private":0,"password":""}