{"id":"gen9doublesou-1985061407","p1":"FightingFries","p2":"Jeggs","format":"[Gen 9] Doubles OU","log":"|j|\u2606FightingFries\n|j|\u2606Jeggs\n|t:|1699326020\n|gametype|doubles\n|player|p1|FightingFries|chili|1109\n|player|p2|Jeggs|1|1087\n|teamsize|p1|6\n|teamsize|p2|6\n|gen|9\n|tier|[Gen 9] Doubles OU\n|rated|\n|rule|Species Clause: Limit one of each Pok\u00e9mon\n|rule|OHKO Clause: OHKO moves are banned\n|rule|Evasion Moves Clause: Evasion moves are banned\n|rule|Gravity Sleep Clause: The combination of sleep-inducing moves with imperfect accuracy and Gravity or Gigantamax Orbeetle are banned\n|rule|Endless Battle Clause: Forcing endless battles is banned\n|rule|HP Percentage Mod: HP is shown in percentages\n|clearpoke\n|poke|p1|Volcarona, F|\n|poke|p1|Oricorio-Sensu, M|\n|poke|p1|Stantler, F|\n|poke|p1|Dragapult, M|\n|poke|p1|Rabsca, F|\n|poke|p1|Clefairy, F|\n|poke|p2|Empoleon, M|\n|poke|p2|Abomasnow, F|\n|poke|p2|Sandslash-Alola, F|\n|poke|p2|Armarouge, M|\n|poke|p2|Indeedee-F, F|\n|poke|p2|Ninetales-Alola, M|\n|teampreview\n|\n|t:|1699326026\n|start\n|switch|p1a: Volcarona|Volcarona, F|100\/100\n|switch|p1b: Oricorio|Oricorio-Sensu, M|100\/100\n|switch|p2a: Armarouge|Armarouge, M|100\/100\n|switch|p2b: Empoleon|Empoleon, M|100\/100\n|turn|1\n|inactive|Battle timer is ON: inactive players will automatically lose when time's up. (requested by Jeggs)\n|c|\u2606FightingFries|glhf\n|\n|t:|1699326050\n|move|p1b: Oricorio|Protect|p1b: Oricorio\n|-singleturn|p1b: Oricorio|Protect\n|move|p2b: Empoleon|Aqua Jet|p2a: Armarouge\n|-supereffective|p2a: Armarouge\n|-damage|p2a: Armarouge|77\/100\n|-ability|p2a: Armarouge|Weak Armor|boost\n|-unboost|p2a: Armarouge|def|1\n|-boost|p2a: Armarouge|spe|2\n|-enditem|p2a: Armarouge|Weakness Policy\n|-boost|p2a: Armarouge|atk|2|[from] item: Weakness Policy\n|-boost|p2a: Armarouge|spa|2|[from] item: Weakness Policy\n|move|p2a: Armarouge|Shadow Ball|p1b: Oricorio\n|-activate|p1b: Oricorio|move: Protect\n|move|p1a: Volcarona|Quiver Dance|p1a: Volcarona\n|-boost|p1a: Volcarona|spa|1\n|-boost|p1a: Volcarona|spd|1\n|-boost|p1a: Volcarona|spe|1\n|-activate|p1b: Oricorio|ability: Dancer\n|move|p1b: Oricorio|Quiver Dance|p1b: Oricorio|[from]ability: Dancer\n|-boost|p1b: Oricorio|spa|1\n|-boost|p1b: Oricorio|spd|1\n|-boost|p1b: Oricorio|spe|1\n|\n|upkeep\n|turn|2\n|c|\u2606FightingFries|ogod\n|\n|t:|1699326078\n|switch|p2b: Indeedee|Indeedee-F, F|100\/100\n|-fieldstart|move: Psychic Terrain|[from] ability: Psychic Surge|[of] p2b: Indeedee\n|-enditem|p2b: Indeedee|Psychic Seed\n|-boost|p2b: Indeedee|spd|1|[from] item: Psychic Seed\n|move|p2a: Armarouge|Expanding Force|p1a: Volcarona|[spread] p1a,p1b\n|-damage|p1a: Volcarona|26\/100\n|-enditem|p1b: Oricorio|Focus Sash\n|-damage|p1b: Oricorio|1\/100\n|move|p1b: Oricorio|Revelation Dance|p2a: Armarouge\n|-supereffective|p2a: Armarouge\n|-damage|p2a: Armarouge|0 fnt\n|faint|p2a: Armarouge\n|move|p1a: Volcarona|Quiver Dance|p1a: Volcarona\n|-boost|p1a: Volcarona|spa|1\n|-boost|p1a: Volcarona|spd|1\n|-boost|p1a: Volcarona|spe|1\n|-activate|p1b: Oricorio|ability: Dancer\n|move|p1b: Oricorio|Quiver Dance|p1b: Oricorio|[from]ability: Dancer\n|-boost|p1b: Oricorio|spa|1\n|-boost|p1b: Oricorio|spd|1\n|-boost|p1b: Oricorio|spe|1\n|\n|upkeep\n|inactive|Jeggs has 120 seconds left.\n|\n|t:|1699326103\n|switch|p2a: Empoleon|Empoleon, M|100\/100\n|turn|3\n|\n|t:|1699326112\n|move|p1b: Oricorio|Protect|p1b: Oricorio\n|-singleturn|p1b: Oricorio|Protect\n|move|p1a: Volcarona|Quiver Dance|p1a: Volcarona\n|-boost|p1a: Volcarona|spa|1\n|-boost|p1a: Volcarona|spd|1\n|-boost|p1a: Volcarona|spe|1\n|-activate|p1b: Oricorio|ability: Dancer\n|move|p1b: Oricorio|Quiver Dance|p1b: Oricorio|[from]ability: Dancer\n|-boost|p1b: Oricorio|spa|1\n|-boost|p1b: Oricorio|spd|1\n|-boost|p1b: Oricorio|spe|1\n|move|p2b: Indeedee|Psychic|p1b: Oricorio\n|-activate|p1b: Oricorio|move: Protect\n|move|p2a: Empoleon|Hydro Cannon|p1a: Volcarona|[miss]\n|-miss|p2a: Empoleon|p1a: Volcarona\n|-enditem|p2a: Empoleon|Blunder Policy\n|-boost|p2a: Empoleon|spe|2\n|\n|upkeep\n|turn|4\n|\n|t:|1699326134\n|move|p2b: Indeedee|Follow Me|p2b: Indeedee\n|-singleturn|p2b: Indeedee|move: Follow Me\n|move|p1b: Oricorio|Revelation Dance|p2b: Indeedee\n|-immune|p2b: Indeedee\n|move|p1a: Volcarona|Flamethrower|p2b: Indeedee\n|-damage|p2b: Indeedee|10\/100\n|move|p2a: Empoleon|Blizzard|p1b: Oricorio|[spread] p1a\n|-miss|p2a: Empoleon|p1b: Oricorio\n|-resisted|p1a: Volcarona\n|-damage|p1a: Volcarona|21\/100\n|\n|upkeep\n|turn|5\n|\n|t:|1699326154\n|move|p2b: Indeedee|Follow Me|p2b: Indeedee\n|-singleturn|p2b: Indeedee|move: Follow Me\n|move|p1b: Oricorio|Air Slash|p2b: Indeedee\n|-crit|p2b: Indeedee\n|-damage|p2b: Indeedee|0 fnt\n|faint|p2b: Indeedee\n|move|p1a: Volcarona|Flamethrower|p2a: Empoleon\n|-damage|p2a: Empoleon|0 fnt\n|faint|p2a: Empoleon\n|\n|upkeep\n|inactive|Jeggs has 120 seconds left.\n|c|\u2606Jeggs|Classic no skill dancer strat\n|\n|t:|1699326187\n|switch|p2b: Sandslash|Sandslash-Alola, F|100\/100\n|switch|p2a: Ninetales|Ninetales-Alola, M|100\/100\n|-weather|Snow|[from] ability: Snow Warning|[of] p2a: Ninetales\n|turn|6\n|c|\u2606FightingFries|you have indede buddy\n|inactive|Jeggs has 120 seconds left.\n|\n|t:|1699326203\n|move|p1b: Oricorio|Revelation Dance|p2a: Ninetales\n|-damage|p2a: Ninetales|0 fnt\n|faint|p2a: Ninetales\n|move|p1a: Volcarona|Flamethrower|p2b: Sandslash\n|-supereffective|p2b: Sandslash\n|-damage|p2b: Sandslash|0 fnt\n|faint|p2b: Sandslash\n|\n|-weather|Snow|[upkeep]\n|-fieldend|move: Psychic Terrain\n|upkeep\n|inactive|Jeggs has 120 seconds left.\n|c|\u2606Jeggs|So annoying\n|c|\u2606Jeggs|you\u2019re a f ucking puss y as a boi\n|n|\u203dJeggs|jeggs\n|c|&|\/log Jeggs was locked from talking by Artemis. (\u2606Jeggs: you\u2019re a f ucking puss y as a boi)\n|c|&|\/raw <small>This action was done automatically. Want to learn more about the AI? <a href=\"https:\/\/www.smogon.com\/forums\/threads\/3570628\/#post-9056769\">Visit the information thread<\/a>.<\/small>\n|inactive|Jeggs has 90 seconds left.\n|-message|Jeggs forfeited.\n|\n|win|FightingFries\n|raw|FightingFries's rating: 1109 &rarr; <strong>1132<\/strong><br \/>(+23 for winning)\n|raw|Jeggs's rating: 1087 &rarr; <strong>1065<\/strong><br \/>(-22 for losing)\n|l|\u203dJeggs\n","uploadtime":1699326232,"views":8,"p1id":"fightingfries","p2id":"jeggs","formatid":"gen9doublesou","rating":1065,"private":0,"password":""}