{"id":"gen9doublesou-1999351831","p1":"glasses15","p2":"hysali30","format":"[Gen 9] Doubles OU","log":"|j|\u2606glasses15\n|j|\u2606hysali30\n|t:|1701065044\n|gametype|doubles\n|player|p1|glasses15|scientistf|1085\n|player|p2|hysali30|dancer|1245\n|teamsize|p1|6\n|teamsize|p2|6\n|gen|9\n|tier|[Gen 9] Doubles OU\n|rated|\n|rule|Species Clause: Limit one of each Pok\u00e9mon\n|rule|OHKO Clause: OHKO moves are banned\n|rule|Evasion Moves Clause: Evasion moves are banned\n|rule|Gravity Sleep Clause: The combination of sleep-inducing moves with imperfect accuracy and Gravity or Gigantamax Orbeetle are banned\n|rule|Endless Battle Clause: Forcing endless battles is banned\n|rule|HP Percentage Mod: HP is shown in percentages\n|clearpoke\n|poke|p1|Sableye, M|\n|poke|p1|Flapple, F|\n|poke|p1|Maushold|\n|poke|p1|Farigiraf, F|\n|poke|p1|Lycanroc, M|\n|poke|p1|Wigglytuff, M|\n|poke|p2|Vivillon-Pokeball, M|\n|poke|p2|Venomoth, F|\n|poke|p2|Frosmoth, F|\n|poke|p2|Volcarona, F|\n|poke|p2|Masquerain, M|\n|poke|p2|Yanmega, M|\n|teampreview\n|inactive|Battle timer is ON: inactive players will automatically lose when time's up. (requested by hysali30)\n|inactive|glasses15 also wants the timer to be on.\n|c|\u2606glasses15|bug\n|\n|t:|1701065056\n|start\n|switch|p1a: Sableye|Sableye, M|100\/100\n|switch|p1b: Maushold|Maushold|100\/100\n|switch|p2a: Masquerain|Masquerain, M|100\/100\n|switch|p2b: Yanmega|Yanmega, M|100\/100\n|-ability|p2a: Masquerain|Intimidate|boost\n|-unboost|p1a: Sableye|atk|1\n|-unboost|p1b: Maushold|atk|1\n|turn|1\n|\n|t:|1701065065\n|move|p2a: Masquerain|Protect|p2a: Masquerain\n|-singleturn|p2a: Masquerain|Protect\n|move|p1a: Sableye|Gravity|p1a: Sableye\n|-fieldstart|move: Gravity\n|move|p1b: Maushold|Population Bomb|p2b: Yanmega\n|-damage|p2b: Yanmega|89\/100\n|-crit|p2b: Yanmega\n|-damage|p2b: Yanmega|62\/100\n|-damage|p2b: Yanmega|50\/100\n|-damage|p2b: Yanmega|37\/100\n|-damage|p2b: Yanmega|24\/100\n|-damage|p2b: Yanmega|13\/100\n|-damage|p2b: Yanmega|0 fnt\n|faint|p2b: Yanmega\n|-hitcount|p2: Yanmega|7\n|-damage|p1b: Maushold|91\/100|[from] item: Life Orb\n|\n|upkeep\n|\n|t:|1701065082\n|switch|p2b: Venomoth|Venomoth, F|100\/100\n|turn|2\n|\n|t:|1701065094\n|switch|p2a: Frosmoth|Frosmoth, F|100\/100\n|move|p1a: Sableye|Encore||[still]\n|-fail|p1a: Sableye\n|move|p1b: Maushold|Tidy Up|p1b: Maushold\n|-boost|p1b: Maushold|atk|1\n|-boost|p1b: Maushold|spe|1\n|move|p2b: Venomoth|Quiver Dance|p2b: Venomoth\n|-boost|p2b: Venomoth|spa|1\n|-boost|p2b: Venomoth|spd|1\n|-boost|p2b: Venomoth|spe|1\n|\n|upkeep\n|turn|3\n|\n|t:|1701065115\n|move|p1a: Sableye|Encore|p2b: Venomoth\n|-start|p2b: Venomoth|Encore\n|move|p1b: Maushold|Population Bomb|p2a: Frosmoth\n|-damage|p2a: Frosmoth|73\/100\n|-damage|p2a: Frosmoth|44\/100\n|-damage|p2a: Frosmoth|18\/100\n|-damage|p2a: Frosmoth|0 fnt\n|faint|p2a: Frosmoth\n|-hitcount|p2: Frosmoth|4\n|-damage|p1b: Maushold|81\/100|[from] item: Life Orb\n|move|p2b: Venomoth|Quiver Dance|p2b: Venomoth\n|-boost|p2b: Venomoth|spa|1\n|-boost|p2b: Venomoth|spd|1\n|-boost|p2b: Venomoth|spe|1\n|\n|upkeep\n|\n|t:|1701065128\n|switch|p2a: Masquerain|Masquerain, M|100\/100\n|-ability|p2a: Masquerain|Intimidate|boost\n|-unboost|p1a: Sableye|atk|1\n|-unboost|p1b: Maushold|atk|1\n|turn|4\n|\n|t:|1701065134\n|move|p1a: Sableye|Disable|p2b: Venomoth\n|-start|p2b: Venomoth|Disable|Quiver Dance\n|cant|p2b: Venomoth|Disable|Quiver Dance\n|move|p1b: Maushold|Population Bomb|p2b: Venomoth\n|-damage|p2b: Venomoth|82\/100\n|-damage|p2b: Venomoth|65\/100\n|-damage|p2b: Venomoth|48\/100\n|-damage|p2b: Venomoth|30\/100\n|-damage|p2b: Venomoth|12\/100\n|-damage|p2b: Venomoth|0 fnt\n|faint|p2b: Venomoth\n|-hitcount|p2: Venomoth|6\n|-damage|p1b: Maushold|71\/100|[from] item: Life Orb\n|move|p2a: Masquerain|Stun Spore|p1b: Maushold\n|-status|p1b: Maushold|par\n|\n|upkeep\n|\n|t:|1701065143\n|switch|p2b: Vivillon|Vivillon-Pokeball, M|100\/100\n|turn|5\n|\n|t:|1701065160\n|move|p1a: Sableye|Thunder Wave|p2b: Vivillon\n|-status|p2b: Vivillon|par\n|-enditem|p2b: Vivillon|Lum Berry|[eat]\n|-curestatus|p2b: Vivillon|par|[msg]\n|move|p2b: Vivillon|Hurricane|p1a: Sableye\n|-damage|p1a: Sableye|22\/100\n|-start|p1a: Sableye|confusion\n|move|p1b: Maushold|Population Bomb|p2a: Masquerain\n|-damage|p2a: Masquerain|82\/100\n|-damage|p2a: Masquerain|65\/100\n|-crit|p2a: Masquerain\n|-damage|p2a: Masquerain|25\/100\n|-enditem|p2a: Masquerain|Salac Berry|[eat]\n|-boost|p2a: Masquerain|spe|1|[from] item: Salac Berry\n|-crit|p2a: Masquerain\n|-damage|p2a: Masquerain|0 fnt\n|faint|p2a: Masquerain\n|-hitcount|p2: Masquerain|4\n|-damage|p1b: Maushold|62\/100 par|[from] item: Life Orb\n|\n|-fieldend|move: Gravity\n|upkeep\n|\n|t:|1701065172\n|switch|p2a: Volcarona|Volcarona, F|100\/100\n|turn|6\n|\n|t:|1701065189\n|-terastallize|p2b: Vivillon|Ground\n|move|p1b: Maushold|Protect|p1b: Maushold\n|-singleturn|p1b: Maushold|Protect\n|-activate|p1a: Sableye|confusion\n|-damage|p1a: Sableye|20\/100|[from] confusion\n|move|p2a: Volcarona|Quiver Dance|p2a: Volcarona\n|-boost|p2a: Volcarona|spa|1\n|-boost|p2a: Volcarona|spd|1\n|-boost|p2a: Volcarona|spe|1\n|move|p2b: Vivillon|Quiver Dance|p2b: Vivillon\n|-boost|p2b: Vivillon|spa|1\n|-boost|p2b: Vivillon|spd|1\n|-boost|p2b: Vivillon|spe|1\n|\n|upkeep\n|turn|7\n|\n|t:|1701065210\n|-activate|p1a: Sableye|confusion\n|move|p1a: Sableye|Disable|p2b: Vivillon\n|-start|p2b: Vivillon|Disable|Quiver Dance\n|move|p2a: Volcarona|Heat Wave|p1b: Maushold|[spread] p1a,p1b\n|-damage|p1a: Sableye|0 fnt\n|-damage|p1b: Maushold|0 fnt\n|faint|p1a: Sableye\n|faint|p1b: Maushold\n|-damage|p2a: Volcarona|91\/100|[from] item: Life Orb\n|move|p2b: Vivillon|Bug Buzz|p1: Sableye|[notarget]\n|-fail|p2b: Vivillon\n|\n|upkeep\n|\n|t:|1701065217\n|switch|p1b: Wigglytuff|Wigglytuff, M|100\/100\n|switch|p1a: Lycanroc|Lycanroc, M|100\/100\n|turn|8\n|\n|t:|1701065232\n|move|p2a: Volcarona|Heat Wave|p1a: Lycanroc|[spread] p1a,p1b\n|-resisted|p1a: Lycanroc\n|-damage|p1a: Lycanroc|32\/100\n|-damage|p1b: Wigglytuff|55\/100\n|-damage|p2a: Volcarona|81\/100|[from] item: Life Orb\n|move|p2b: Vivillon|Sleep Powder|p1a: Lycanroc\n|-status|p1a: Lycanroc|slp|[from] move: Sleep Powder\n|cant|p1a: Lycanroc|slp\n|move|p1b: Wigglytuff|Draining Kiss|p2b: Vivillon\n|-damage|p2b: Vivillon|82\/100\n|-heal|p1b: Wigglytuff|64\/100|[from] drain|[of] p2b: Vivillon\n|\n|upkeep\n|turn|9\n|\n|t:|1701065251\n|move|p2a: Volcarona|Fiery Dance|p1b: Wigglytuff\n|-damage|p1b: Wigglytuff|21\/100\n|-damage|p2a: Volcarona|71\/100|[from] item: Life Orb\n|move|p2b: Vivillon|Bug Buzz|p1a: Lycanroc\n|-damage|p1a: Lycanroc|0 fnt\n|faint|p1a: Lycanroc\n|move|p1b: Wigglytuff|Fire Blast|p2a: Volcarona\n|-damage|p2a: Volcarona|56\/100\n|\n|upkeep\n|\n|t:|1701065270\n|switch|p1a: Farigiraf|Farigiraf, F|100\/100\n|turn|10\n|\n|t:|1701065280\n|move|p2a: Volcarona|Heat Wave|p1b: Wigglytuff|[spread] p1a,p1b\n|-damage|p1a: Farigiraf|19\/100\n|-damage|p1b: Wigglytuff|0 fnt\n|-enditem|p1a: Farigiraf|Sitrus Berry|[eat]\n|-heal|p1a: Farigiraf|44\/100|[from] item: Sitrus Berry\n|faint|p1b: Wigglytuff\n|-damage|p2a: Volcarona|46\/100|[from] item: Life Orb\n|move|p2b: Vivillon|Bug Buzz|p1a: Farigiraf\n|-supereffective|p1a: Farigiraf\n|-damage|p1a: Farigiraf|0 fnt\n|faint|p1a: Farigiraf\n|\n|-end|p2b: Vivillon|Disable\n|upkeep\n|-message|glasses15 forfeited.\n|\n|win|hysali30\n|raw|glasses15's rating: 1085 &rarr; <strong>1072<\/strong><br \/>(-13 for losing)\n|raw|hysali30's rating: 1245 &rarr; <strong>1259<\/strong><br \/>(+14 for winning)\n|l|\u2606glasses15\n","uploadtime":1701065287,"views":11,"p1id":"glasses15","p2id":"hysali30","formatid":"gen9doublesou","rating":1072,"private":0,"password":""}