{"id":"gen9doublesou-1968307218","p1":"Champion's Melody","p2":"nalban","format":"[Gen 9] Doubles OU","log":"|html|<div class=\"broadcast-blue\"><strong>[Gen 9] Doubles OU is currently suspecting Basculegion & Flutter Mane! For information on how to participate check out the <a href=\"https:\/\/www.smogon.com\/forums\/threads\/np-sv-dou-stage-8-double-trouble.3729153\/\">suspect thread<\/a>.<\/strong><\/div>\n|j|\u2606Champion's Melody\n|j|\u2606nalban\n|t:|1697404496\n|gametype|doubles\n|player|p1|Champion's Melody|cynthia|1209\n|player|p2|nalban|nate|1086\n|teamsize|p1|6\n|teamsize|p2|6\n|gen|9\n|tier|[Gen 9] Doubles OU\n|rated|\n|rule|Species Clause: Limit one of each Pok\u00e9mon\n|rule|OHKO Clause: OHKO moves are banned\n|rule|Evasion Moves Clause: Evasion moves are banned\n|rule|Gravity Sleep Clause: The combination of sleep-inducing moves with imperfect accuracy and Gravity or Gigantamax Orbeetle are banned\n|rule|Endless Battle Clause: Forcing endless battles is banned\n|rule|HP Percentage Mod: HP is shown in percentages\n|clearpoke\n|poke|p1|Lurantis, M|\n|poke|p1|Gliscor, M|\n|poke|p1|Salazzle, F|\n|poke|p1|Kleavor, F|\n|poke|p1|Basculegion-F, F|\n|poke|p1|Empoleon, M|\n|poke|p2|Garchomp, F|\n|poke|p2|Dragonite, M|\n|poke|p2|Kingambit, M|\n|poke|p2|Gholdengo|\n|poke|p2|Breloom, F|\n|poke|p2|Skeledirge, M|\n|teampreview\n|inactive|Battle timer is ON: inactive players will automatically lose when time's up. (requested by Champion's Melody)\n|\n|t:|1697404508\n|start\n|switch|p1a: Empoleon|Empoleon, M|100\/100\n|switch|p1b: Kleavor|Kleavor, F|100\/100\n|switch|p2a: Breloom|Breloom, F|100\/100\n|switch|p2b: Kingambit|Kingambit, M|100\/100\n|turn|1\n|\n|t:|1697404534\n|switch|p1a: Gliscor|Gliscor, M|100\/100\n|move|p1b: Kleavor|X-Scissor|p2a: Breloom\n|-damage|p2a: Breloom|0 fnt\n|faint|p2a: Breloom\n|move|p2b: Kingambit|Stealth Rock|p1a: Gliscor\n|-sidestart|p1: Champion's Melody|move: Stealth Rock\n|\n|-status|p1a: Gliscor|tox|[from] item: Toxic Orb\n|upkeep\n|inactive|nalban has 120 seconds left.\n|\n|t:|1697404556\n|switch|p2a: Garchomp|Garchomp, F|100\/100\n|turn|2\n|\n|t:|1697404565\n|-end|p2b: Kingambit|fallenundefined|[silent]\n|switch|p2b: Dragonite|Dragonite, M|100\/100\n|move|p2a: Garchomp|Earthquake|p1a: Gliscor|[spread] p1b\n|-immune|p2b: Dragonite\n|-immune|p1a: Gliscor\n|-damage|p1b: Kleavor|20\/100\n|move|p1a: Gliscor|Fling|p2a: Garchomp\n|-damage|p2a: Garchomp|92\/100\n|-status|p2a: Garchomp|tox\n|-enditem|p1a: Gliscor|Toxic Orb|[from] move: Fling\n|move|p1b: Kleavor|X-Scissor|p2b: Dragonite\n|-resisted|p2b: Dragonite\n|-damage|p2b: Dragonite|82\/100\n|-damage|p1b: Kleavor|4\/100|[from] item: Rocky Helmet|[of] p2b: Dragonite\n|\n|-damage|p2a: Garchomp|86\/100 tox|[from] psn\n|upkeep\n|turn|3\n|inactive|nalban has 120 seconds left.\n|inactive|Champion's Melody has 120 seconds left.\n|\n|t:|1697404609\n|switch|p2a: Kingambit|Kingambit, M|100\/100\n|-activate|p2a: Kingambit|ability: Supreme Overlord\n|-start|p2a: Kingambit|fallen1|[silent]\n|move|p1a: Gliscor|Swords Dance|p1a: Gliscor\n|-boost|p1a: Gliscor|atk|2\n|move|p1b: Kleavor|X-Scissor|p2a: Kingambit\n|-damage|p2a: Kingambit|23\/100\n|move|p2b: Dragonite|Flamethrower|p1b: Kleavor\n|-damage|p1b: Kleavor|0 fnt\n|faint|p1b: Kleavor\n|\n|upkeep\n|\n|t:|1697404622\n|switch|p1b: Lurantis|Lurantis, M|100\/100\n|-damage|p1b: Lurantis|88\/100|[from] Stealth Rock\n|turn|4\n|\n|t:|1697404634\n|-end|p2a: Kingambit|fallen1|[silent]\n|switch|p2a: Garchomp|Garchomp, F|86\/100 tox\n|move|p1a: Gliscor|Bulldoze|p2a: Garchomp|[spread] p1b,p2a\n|-immune|p2b: Dragonite\n|-resisted|p1b: Lurantis\n|-damage|p1b: Lurantis|67\/100\n|-damage|p2a: Garchomp|49\/100 tox\n|-boost|p1b: Lurantis|spe|1\n|-unboost|p2a: Garchomp|spe|1\n|move|p2b: Dragonite|Flamethrower|p1b: Lurantis\n|-supereffective|p1b: Lurantis\n|-damage|p1b: Lurantis|42\/100\n|move|p1b: Lurantis|Leaf Storm|p2b: Dragonite\n|-resisted|p2b: Dragonite\n|-damage|p2b: Dragonite|73\/100\n|-boost|p1b: Lurantis|spa|2\n|\n|-damage|p2a: Garchomp|43\/100 tox|[from] psn\n|upkeep\n|turn|5\n|inactive|Champion's Melody has 120 seconds left.\n|\n|t:|1697404668\n|move|p1a: Gliscor|Acrobatics|p2b: Dragonite\n|-damage|p2b: Dragonite|0 fnt\n|-damage|p1a: Gliscor|84\/100 tox|[from] item: Rocky Helmet|[of] p2b: Dragonite\n|faint|p2b: Dragonite\n|move|p2a: Garchomp|Outrage|p1a: Gliscor\n|-damage|p1a: Gliscor|0 fnt\n|faint|p1a: Gliscor\n|move|p1b: Lurantis|Superpower|p2a: Garchomp\n|-damage|p2a: Garchomp|4\/100 tox\n|-boost|p1b: Lurantis|atk|1\n|-boost|p1b: Lurantis|def|1\n|-damage|p1b: Lurantis|29\/100|[from] ability: Rough Skin|[of] p2a: Garchomp\n|\n|-damage|p2a: Garchomp|0 fnt|[from] psn\n|faint|p2a: Garchomp\n|upkeep\n|\n|t:|1697404690\n|switch|p2a: Gholdengo|Gholdengo|100\/100\n|switch|p1a: Salazzle|Salazzle, F, shiny|100\/100\n|switch|p2b: Kingambit|Kingambit, M|23\/100\n|-damage|p1a: Salazzle|76\/100|[from] Stealth Rock\n|-activate|p2b: Kingambit|ability: Supreme Overlord\n|-start|p2b: Kingambit|fallen3|[silent]\n|turn|6\n|\n|t:|1697404717\n|-terastallize|p2a: Gholdengo|Steel\n|move|p2b: Kingambit|Sucker Punch|p1a: Salazzle\n|-damage|p1a: Salazzle|0 fnt\n|faint|p1a: Salazzle\n|move|p2a: Gholdengo|Make It Rain|p1b: Lurantis\n|-damage|p1b: Lurantis|0 fnt\n|-unboost|p2a: Gholdengo|spa|1\n|faint|p1b: Lurantis\n|\n|upkeep\n|inactive|Champion's Melody has 120 seconds left.\n|\n|t:|1697404728\n|switch|p1a: Basculegion|Basculegion-F, F|100\/100\n|switch|p1b: Empoleon|Empoleon, M|100\/100\n|-damage|p1a: Basculegion|88\/100|[from] Stealth Rock\n|-damage|p1b: Empoleon|94\/100|[from] Stealth Rock\n|turn|7\n|\n|t:|1697404752\n|switch|p2a: Skeledirge|Skeledirge, M|100\/100\n|move|p1a: Basculegion|Last Respects|p2a: Skeledirge\n|-supereffective|p2a: Skeledirge\n|-damage|p2a: Skeledirge|0 fnt\n|faint|p2a: Skeledirge\n|move|p2b: Kingambit|Kowtow Cleave|p1a: Basculegion\n|-supereffective|p1a: Basculegion\n|-damage|p1a: Basculegion|0 fnt\n|faint|p1a: Basculegion\n|move|p1b: Empoleon|Hydro Pump|p2b: Kingambit\n|-damage|p2b: Kingambit|0 fnt\n|faint|p2b: Kingambit\n|-end|p2b: Kingambit|fallen3|[silent]\n|\n|upkeep\n|inactive|nalban has 120 seconds left.\n|l|\u2606nalban\n|inactive|nalban disconnected and has a minute to reconnect!\n|player|p2|\n|j|\u2606nalban\n|inactive|nalban reconnected and has 85 seconds left.\n|player|p2|nalban|nate\n|\n|t:|1697404813\n|switch|p2b: Gholdengo|Gholdengo, tera:Steel|100\/100\n|turn|8\n|inactive|nalban has 90 seconds left.\n|\n|t:|1697404829\n|move|p2b: Gholdengo|Trick|p1b: Empoleon\n|-activate|p2b: Gholdengo|move: Trick|[of] p1b: Empoleon\n|-item|p1b: Empoleon|Choice Scarf|[from] move: Trick\n|-item|p2b: Gholdengo|Choice Specs|[from] move: Trick\n|move|p1b: Empoleon|Hydro Pump|p2b: Gholdengo\n|-damage|p2b: Gholdengo|42\/100\n|\n|upkeep\n|turn|9\n|\n|t:|1697404841\n|move|p2b: Gholdengo|Recover|p2b: Gholdengo\n|-heal|p2b: Gholdengo|92\/100\n|move|p1b: Empoleon|Hydro Pump|p2b: Gholdengo\n|-crit|p2b: Gholdengo\n|-damage|p2b: Gholdengo|0 fnt\n|faint|p2b: Gholdengo\n|\n|win|Champion's Melody\n|raw|Champion&apos;s Melody's rating: 1209 &rarr; <strong>1226<\/strong><br \/>(+17 for winning)\n|raw|nalban's rating: 1086 &rarr; <strong>1071<\/strong><br \/>(-15 for losing)\n","uploadtime":1697404849,"views":10,"p1id":"championsmelody","p2id":"nalban","formatid":"gen9doublesou","rating":1071,"private":0,"password":""}