{"id":"gen9doublesou-1983331247","p1":"Shadow Ballers","p2":"xtevia","format":"[Gen 9] Doubles OU","log":"|j|\u2606Shadow Ballers\n|j|\u2606xtevia\n|t:|1699118992\n|gametype|doubles\n|player|p1|Shadow Ballers|roughneck|1501\n|player|p2|xtevia|palmer|1464\n|teamsize|p1|6\n|teamsize|p2|6\n|gen|9\n|tier|[Gen 9] Doubles OU\n|rated|\n|rule|Species Clause: Limit one of each Pok\u00e9mon\n|rule|OHKO Clause: OHKO moves are banned\n|rule|Evasion Moves Clause: Evasion moves are banned\n|rule|Gravity Sleep Clause: The combination of sleep-inducing moves with imperfect accuracy and Gravity or Gigantamax Orbeetle are banned\n|rule|Endless Battle Clause: Forcing endless battles is banned\n|rule|HP Percentage Mod: HP is shown in percentages\n|clearpoke\n|poke|p1|Weezing, F|\n|poke|p1|Sableye, M|\n|poke|p1|Heatran, F|\n|poke|p1|Ogerpon-Wellspring, F|\n|poke|p1|Chien-Pao|\n|poke|p1|Articuno-Galar|\n|poke|p2|Toxapex, F|\n|poke|p2|Goodra-Hisui, M|\n|poke|p2|Chi-Yu|\n|poke|p2|Sinistcha|\n|poke|p2|Landorus-Therian, M|\n|poke|p2|Cresselia, F|\n|teampreview\n|inactive|Battle timer is ON: inactive players will automatically lose when time's up. (requested by xtevia)\n|\n|t:|1699119008\n|start\n|switch|p1a: Sableye|Sableye, M, shiny|100\/100\n|switch|p1b: Weezing|Weezing, F, shiny|100\/100\n|switch|p2a: Landorus|Landorus-Therian, M|100\/100\n|switch|p2b: Cresselia|Cresselia, F|100\/100\n|-ability|p1b: Weezing|Neutralizing Gas\n|-block|p1a: Sableye|item: Ability Shield\n|turn|1\n|j| iuytdfghksi7\n|\n|t:|1699119019\n|-terastallize|p1b: Weezing|Ice\n|move|p1a: Sableye|Fake Out|p2a: Landorus\n|-damage|p2a: Landorus|92\/100\n|move|p2a: Landorus|Taunt|p1a: Sableye\n|-start|p1a: Sableye|move: Taunt\n|move|p2b: Cresselia|Calm Mind|p2b: Cresselia\n|-boost|p2b: Cresselia|spa|1\n|-boost|p2b: Cresselia|spd|1\n|move|p1b: Weezing|Tera Blast|p2a: Landorus|[anim] Tera Blast Ice\n|-supereffective|p2a: Landorus\n|-damage|p2a: Landorus|0 fnt\n|faint|p2a: Landorus\n|\n|upkeep\n|\n|t:|1699119032\n|switch|p2a: Chi-Yu|Chi-Yu|100\/100\n|turn|2\n|inactive|Shadow Ballers has 120 seconds left.\n|\n|t:|1699119082\n|switch|p1a: Heatran|Heatran, F, shiny|100\/100\n|-end|p1b: Weezing|ability: Neutralizing Gas\n|-ability|p2a: Chi-Yu|Beads of Ruin\n|switch|p1b: Articuno|Articuno-Galar, shiny|100\/100\n|move|p2a: Chi-Yu|Heat Wave|p1b: Articuno|[spread] p1b\n|-start|p1a: Heatran|ability: Flash Fire\n|-damage|p1b: Articuno|45\/100\n|move|p2b: Cresselia|Calm Mind|p2b: Cresselia\n|-boost|p2b: Cresselia|spa|1\n|-boost|p2b: Cresselia|spd|1\n|\n|upkeep\n|turn|3\n|inactive|Shadow Ballers has 120 seconds left.\n|\n|t:|1699119098\n|move|p1b: Articuno|Protect|p1b: Articuno\n|-singleturn|p1b: Articuno|Protect\n|move|p2a: Chi-Yu|Heat Wave|p1a: Heatran|[spread] \n|-activate|p1b: Articuno|move: Protect\n|-immune|p1a: Heatran|[from] ability: Flash Fire\n|move|p2b: Cresselia|Calm Mind|p2b: Cresselia\n|-boost|p2b: Cresselia|spa|1\n|-boost|p2b: Cresselia|spd|1\n|move|p1a: Heatran|Earth Power|p2a: Chi-Yu\n|-supereffective|p2a: Chi-Yu\n|-damage|p2a: Chi-Yu|18\/100\n|\n|upkeep\n|turn|4\n|\n|t:|1699119117\n|switch|p2a: Toxapex|Toxapex, F|100\/100\n|switch|p1b: Sableye|Sableye, M, shiny|100\/100\n|move|p2b: Cresselia|Calm Mind|p2b: Cresselia\n|-boost|p2b: Cresselia|spa|1\n|-boost|p2b: Cresselia|spd|1\n|move|p1a: Heatran|Heat Wave|p2b: Cresselia|[spread] p2a,p2b\n|-resisted|p2a: Toxapex\n|-damage|p2a: Toxapex|79\/100\n|-damage|p2b: Cresselia|88\/100\n|\n|upkeep\n|turn|5\n|\n|t:|1699119137\n|-end|p1a: Heatran|ability: Flash Fire|[silent]\n|switch|p1a: Chien-Pao|Chien-Pao|100\/100\n|-ability|p1a: Chien-Pao|Sword of Ruin\n|move|p2a: Toxapex|Baneful Bunker|p2a: Toxapex\n|-singleturn|p2a: Toxapex|move: Protect\n|move|p1b: Sableye|Fake Out|p2b: Cresselia\n|-damage|p2b: Cresselia|82\/100\n|cant|p2b: Cresselia|flinch\n|\n|upkeep\n|turn|6\n|\n|t:|1699119155\n|switch|p2a: Sinistcha|Sinistcha|100\/100\n|-heal|p2b: Cresselia|100\/100|[from] ability: Hospitality|[of] p2a: Sinistcha\n|-terastallize|p2b: Cresselia|Fairy\n|move|p1a: Chien-Pao|Sucker Punch|p2b: Cresselia\n|-resisted|p2b: Cresselia\n|-damage|p2b: Cresselia|88\/100\n|move|p1b: Sableye|Taunt|p2b: Cresselia\n|-start|p2b: Cresselia|move: Taunt\n|move|p2b: Cresselia|Dazzling Gleam|p1b: Sableye|[spread] p1a,p1b\n|-supereffective|p1a: Chien-Pao\n|-supereffective|p1b: Sableye\n|-enditem|p1a: Chien-Pao|Focus Sash\n|-damage|p1a: Chien-Pao|1\/100\n|-damage|p1b: Sableye|3\/100\n|\n|upkeep\n|turn|7\n|inactive|Shadow Ballers has 120 seconds left.\n|\n|t:|1699119193\n|switch|p1a: Heatran|Heatran, F, shiny|100\/100\n|switch|p2a: Toxapex|Toxapex, F|100\/100\n|move|p1b: Sableye|Taunt|p2a: Toxapex\n|-start|p2a: Toxapex|move: Taunt\n|move|p2b: Cresselia|Dazzling Gleam|p1a: Heatran|[spread] p1a,p1b\n|-resisted|p1a: Heatran\n|-supereffective|p1b: Sableye\n|-damage|p1a: Heatran|94\/100\n|-damage|p1b: Sableye|0 fnt\n|faint|p1b: Sableye\n|\n|upkeep\n|\n|t:|1699119209\n|switch|p1b: Weezing|Weezing, F, shiny, tera:Ice|100\/100\n|-ability|p1b: Weezing|Neutralizing Gas\n|turn|8\n|\n|t:|1699119216\n|move|p2b: Cresselia|Psychic|p1b: Weezing\n|-damage|p1b: Weezing|34\/100\n|move|p1a: Heatran|Flash Cannon|p2b: Cresselia\n|-supereffective|p2b: Cresselia\n|-damage|p2b: Cresselia|69\/100\n|move|p1b: Weezing|Gunk Shot|p2b: Cresselia\n|-supereffective|p2b: Cresselia\n|-damage|p2b: Cresselia|6\/100\n|move|p2a: Toxapex|Infestation|p1a: Heatran\n|-resisted|p1a: Heatran\n|-damage|p1a: Heatran|94\/100\n|-activate|p1a: Heatran|move: Infestation|[of] p2a: Toxapex\n|\n|-damage|p1a: Heatran|82\/100|[from] move: Infestation|[partiallytrapped]\n|-end|p2b: Cresselia|move: Taunt\n|upkeep\n|turn|9\n|\n|t:|1699119242\n|switch|p2a: Sinistcha|Sinistcha|100\/100\n|move|p2b: Cresselia|Dazzling Gleam|p1b: Weezing|[spread] p1a,p1b\n|-resisted|p1a: Heatran\n|-damage|p1a: Heatran|75\/100\n|-damage|p1b: Weezing|0 fnt\n|faint|p1b: Weezing\n|-end|p1b: Weezing|ability: Neutralizing Gas\n|-heal|p2b: Cresselia|31\/100|[from] ability: Hospitality|[of] p2a: Sinistcha\n|move|p1a: Heatran|Flash Cannon|p2b: Cresselia\n|-supereffective|p2b: Cresselia\n|-crit|p2b: Cresselia\n|-damage|p2b: Cresselia|0 fnt\n|faint|p2b: Cresselia\n|\n|-end|p1a: Heatran|Infestation|[partiallytrapped]|[silent]\n|upkeep\n|inactive|Shadow Ballers has 120 seconds left.\n|\n|t:|1699119273\n|switch|p2b: Goodra|Goodra-Hisui, M|100\/100\n|switch|p1b: Articuno|Articuno-Galar, shiny|45\/100\n|turn|10\n|\n|t:|1699119280\n|switch|p2a: Toxapex|Toxapex, F|100\/100\n|move|p1b: Articuno|Hurricane|p2a: Toxapex\n|-damage|p2a: Toxapex|50\/100\n|move|p1a: Heatran|Earth Power|p2b: Goodra\n|-supereffective|p2b: Goodra\n|-damage|p2b: Goodra|66\/100\n|move|p2b: Goodra|Shelter|p2b: Goodra\n|-boost|p2b: Goodra|def|2\n|\n|-heal|p2b: Goodra|72\/100|[from] item: Leftovers\n|upkeep\n|turn|11\n|\n|t:|1699119298\n|move|p2a: Toxapex|Baneful Bunker|p2a: Toxapex\n|-singleturn|p2a: Toxapex|move: Protect\n|move|p1b: Articuno|Hurricane|p2a: Toxapex\n|-activate|p2a: Toxapex|move: Protect\n|move|p1a: Heatran|Earth Power|p2b: Goodra\n|-supereffective|p2b: Goodra\n|-damage|p2b: Goodra|38\/100\n|move|p2b: Goodra|Body Press|p1a: Heatran\n|-supereffective|p1a: Heatran\n|-damage|p1a: Heatran|9\/100\n|\n|-heal|p2b: Goodra|44\/100|[from] item: Leftovers\n|upkeep\n|turn|12\n|\n|t:|1699119315\n|switch|p2a: Sinistcha|Sinistcha|100\/100\n|-heal|p2b: Goodra|69\/100|[from] ability: Hospitality|[of] p2a: Sinistcha\n|move|p1b: Articuno|Freezing Glare|p2b: Goodra\n|-resisted|p2b: Goodra\n|-damage|p2b: Goodra|57\/100\n|move|p1a: Heatran|Earth Power|p2b: Goodra\n|-supereffective|p2b: Goodra\n|-damage|p2b: Goodra|25\/100\n|move|p2b: Goodra|Body Press|p1a: Heatran\n|-supereffective|p1a: Heatran\n|-damage|p1a: Heatran|0 fnt\n|faint|p1a: Heatran\n|\n|-heal|p2b: Goodra|31\/100|[from] item: Leftovers\n|upkeep\n|\n|t:|1699119332\n|switch|p1a: Chien-Pao|Chien-Pao|1\/100\n|-ability|p1a: Chien-Pao|Sword of Ruin\n|turn|13\n|\n|t:|1699119353\n|switch|p2a: Chi-Yu|Chi-Yu|18\/100\n|-ability|p2a: Chi-Yu|Beads of Ruin\n|switch|p2b: Toxapex|Toxapex, F|83\/100\n|move|p1a: Chien-Pao|Sacred Sword|p2b: Toxapex\n|-resisted|p2b: Toxapex\n|-damage|p2b: Toxapex|69\/100\n|-damage|p1a: Chien-Pao|0 fnt|[from] item: Rocky Helmet|[of] p2b: Toxapex\n|faint|p1a: Chien-Pao\n|move|p1b: Articuno|Hurricane|p2a: Chi-Yu\n|-damage|p2a: Chi-Yu|0 fnt\n|faint|p2a: Chi-Yu\n|\n|upkeep\n|\n|t:|1699119369\n|switch|p1a: Ogerpon|Ogerpon-Wellspring, F|100\/100\n|switch|p2a: Goodra|Goodra-Hisui, M|31\/100\n|turn|14\n|\n|t:|1699119377\n|switch|p2b: Sinistcha|Sinistcha|100\/100\n|-heal|p2a: Goodra|56\/100|[from] ability: Hospitality|[of] p2b: Sinistcha\n|move|p1a: Ogerpon|Ivy Cudgel|p2a: Goodra\n|-resisted|p2a: Goodra\n|-damage|p2a: Goodra|26\/100\n|move|p1b: Articuno|Hurricane|p2a: Goodra|[miss]\n|-miss|p1b: Articuno|p2a: Goodra\n|move|p2a: Goodra|Life Dew||[still]|[spread] p2a,p2b\n|-heal|p2a: Goodra|51\/100\n|-fail|p2b: Sinistcha|heal\n|\n|-heal|p2a: Goodra|57\/100|[from] item: Leftovers\n|upkeep\n|turn|15\n|c|\u2606Shadow Ballers|Wp\n|\n|t:|1699119395\n|switch|p2b: Toxapex|Toxapex, F|100\/100\n|move|p1a: Ogerpon|Ivy Cudgel|p2a: Goodra\n|-resisted|p2a: Goodra\n|-damage|p2a: Goodra|27\/100\n|move|p1b: Articuno|Hurricane|p2b: Toxapex\n|-damage|p2b: Toxapex|57\/100\n|-start|p2b: Toxapex|confusion\n|move|p2a: Goodra|Iron Head|p1b: Articuno\n|-damage|p1b: Articuno|14\/100\n|\n|-heal|p2a: Goodra|33\/100|[from] item: Leftovers\n|upkeep\n|turn|16\n|\n|t:|1699119415\n|switch|p2b: Sinistcha|Sinistcha|100\/100\n|-heal|p2a: Goodra|58\/100|[from] ability: Hospitality|[of] p2b: Sinistcha\n|move|p1a: Ogerpon|Ivy Cudgel|p2a: Goodra\n|-resisted|p2a: Goodra\n|-damage|p2a: Goodra|30\/100\n|move|p1b: Articuno|Hurricane|p2b: Sinistcha\n|-supereffective|p2b: Sinistcha\n|-damage|p2b: Sinistcha|0 fnt\n|faint|p2b: Sinistcha\n|move|p2a: Goodra|Life Dew|p2a: Goodra\n|-heal|p2a: Goodra|55\/100\n|\n|-heal|p2a: Goodra|61\/100|[from] item: Leftovers\n|upkeep\n|\n|t:|1699119428\n|switch|p2b: Toxapex|Toxapex, F|90\/100\n|turn|17\n|\n|t:|1699119436\n|move|p1b: Articuno|Protect|p1b: Articuno\n|-singleturn|p1b: Articuno|Protect\n|move|p1a: Ogerpon|Ivy Cudgel|p2a: Goodra\n|-resisted|p2a: Goodra\n|-damage|p2a: Goodra|34\/100\n|move|p2a: Goodra|Iron Head|p1b: Articuno\n|-activate|p1b: Articuno|move: Protect\n|move|p2b: Toxapex|Icy Wind|p1a: Ogerpon|[spread] \n|-activate|p1b: Articuno|move: Protect\n|-miss|p2b: Toxapex|p1a: Ogerpon\n|\n|-heal|p2a: Goodra|40\/100|[from] item: Leftovers\n|upkeep\n|turn|18\n|\n|t:|1699119456\n|move|p1a: Ogerpon|Ivy Cudgel|p2a: Goodra\n|-resisted|p2a: Goodra\n|-damage|p2a: Goodra|14\/100\n|move|p1b: Articuno|Freezing Glare|p2b: Toxapex\n|-supereffective|p2b: Toxapex\n|-damage|p2b: Toxapex|17\/100\n|move|p2a: Goodra|Iron Head|p1b: Articuno\n|-damage|p1b: Articuno|0 fnt\n|faint|p1b: Articuno\n|move|p2b: Toxapex|Icy Wind|p1a: Ogerpon\n|-damage|p1a: Ogerpon|92\/100\n|-unboost|p1a: Ogerpon|spe|1\n|\n|-heal|p2a: Goodra|20\/100|[from] item: Leftovers\n|upkeep\n|turn|19\n|\n|t:|1699119473\n|move|p2b: Toxapex|Baneful Bunker|p2b: Toxapex\n|-singleturn|p2b: Toxapex|move: Protect\n|move|p1a: Ogerpon|Ivy Cudgel|p2a: Goodra\n|-resisted|p2a: Goodra\n|-damage|p2a: Goodra|0 fnt\n|faint|p2a: Goodra\n|\n|upkeep\n|turn|20\n|c|\u2606Shadow Ballers|Gg\n|\n|t:|1699119485\n|move|p1a: Ogerpon|Horn Leech|p2b: Toxapex\n|-damage|p2b: Toxapex|0 fnt\n|-heal|p1a: Ogerpon|99\/100|[from] drain|[of] p2b: Toxapex\n|-damage|p1a: Ogerpon|83\/100|[from] item: Rocky Helmet|[of] p2b: Toxapex\n|faint|p2b: Toxapex\n|\n|win|Shadow Ballers\n|raw|Shadow Ballers's rating: 1501 &rarr; <strong>1517<\/strong><br \/>(+16 for winning)\n|raw|xtevia's rating: 1439 &rarr; <strong>1423<\/strong><br \/>(-16 for losing)\n|l| iuytdfghksi7\n|c|\u2606xtevia|gg\n","uploadtime":1699119505,"views":21,"p1id":"shadowballers","p2id":"xtevia","formatid":"gen9doublesou","rating":1423,"private":0,"password":""}