{"id":"gen9doublesou-1970101503","p1":"Jdorta","p2":"Abowlofmagnemites","format":"[Gen 9] Doubles OU","log":"|j|\u2606Jdorta\n|j|\u2606Abowlofmagnemites\n|t:|1697594312\n|gametype|doubles\n|player|p1|Jdorta|ghetsis|1160\n|player|p2|Abowlofmagnemites|caitlin|1124\n|teamsize|p1|6\n|teamsize|p2|6\n|gen|9\n|tier|[Gen 9] Doubles OU\n|rated|\n|rule|Species Clause: Limit one of each Pok\u00e9mon\n|rule|OHKO Clause: OHKO moves are banned\n|rule|Evasion Moves Clause: Evasion moves are banned\n|rule|Gravity Sleep Clause: The combination of sleep-inducing moves with imperfect accuracy and Gravity or Gigantamax Orbeetle are banned\n|rule|Endless Battle Clause: Forcing endless battles is banned\n|rule|HP Percentage Mod: HP is shown in percentages\n|clearpoke\n|poke|p1|Tauros-Paldea-Blaze, M|\n|poke|p1|Indeedee-F, F|\n|poke|p1|Meowscarada, M|\n|poke|p1|Flamigo, M|\n|poke|p1|Froslass, F|\n|poke|p1|Sinistcha|\n|poke|p2|Furret, F|\n|poke|p2|Slowbro-Galar, M|\n|poke|p2|Ursaluna-Bloodmoon, M|\n|poke|p2|Cresselia, F|\n|poke|p2|Volcanion|\n|poke|p2|Ceruledge, F|\n|teampreview\n|\n|t:|1697594326\n|start\n|switch|p1a: Tauros|Tauros-Paldea-Blaze, M|100\/100\n|switch|p1b: Meowscarada|Meowscarada, M|100\/100\n|switch|p2a: Furret|Furret, F|100\/100\n|switch|p2b: Slowbro|Slowbro-Galar, M|100\/100\n|turn|1\n|-activate|p2b: Slowbro|ability: Quick Draw\n|\n|t:|1697594336\n|move|p2b: Slowbro|Psychic|p1a: Tauros\n|-supereffective|p1a: Tauros\n|-damage|p1a: Tauros|0 fnt\n|faint|p1a: Tauros\n|move|p1b: Meowscarada|Flower Trick|p1: Tauros|[notarget]\n|-fail|p1b: Meowscarada\n|move|p2a: Furret|Coil|p2a: Furret\n|-boost|p2a: Furret|atk|1\n|-boost|p2a: Furret|def|1\n|-boost|p2a: Furret|accuracy|1\n|\n|upkeep\n|\n|t:|1697594343\n|switch|p1a: Froslass|Froslass, F|100\/100\n|turn|2\n|-activate|p2b: Slowbro|ability: Quick Draw\n|\n|t:|1697594351\n|move|p2b: Slowbro|Shell Side Arm|p1b: Meowscarada|[anim] Shell Side Arm Special\n|-supereffective|p1b: Meowscarada\n|-damage|p1b: Meowscarada|0 fnt\n|-hint|Special Shell Side Arm\n|faint|p1b: Meowscarada\n|move|p1a: Froslass|Icy Wind|p2b: Slowbro|[spread] p2a,p2b\n|-damage|p2a: Furret|74\/100\n|-damage|p2b: Slowbro|83\/100\n|-unboost|p2a: Furret|spe|1\n|-unboost|p2b: Slowbro|spe|1\n|move|p2a: Furret|Coil|p2a: Furret\n|-boost|p2a: Furret|atk|1\n|-boost|p2a: Furret|def|1\n|-boost|p2a: Furret|accuracy|1\n|\n|-heal|p2a: Furret|80\/100|[from] item: Leftovers\n|upkeep\n|\n|t:|1697594366\n|switch|p1b: Flamigo|Flamigo, M|100\/100\n|-copyboost|p1b: Flamigo|p1a: Froslass|[from] ability: Costar\n|turn|3\n|\n|t:|1697594378\n|move|p1a: Froslass|Frost Breath|p2a: Furret\n|-crit|p2a: Furret\n|-damage|p2a: Furret|16\/100\n|move|p1b: Flamigo|Close Combat|p2a: Furret\n|-supereffective|p2a: Furret\n|-damage|p2a: Furret|0 fnt\n|-unboost|p1b: Flamigo|def|1\n|-unboost|p1b: Flamigo|spd|1\n|faint|p2a: Furret\n|move|p2b: Slowbro|Psychic|p1b: Flamigo\n|-supereffective|p1b: Flamigo\n|-damage|p1b: Flamigo|0 fnt\n|faint|p1b: Flamigo\n|\n|upkeep\n|\n|t:|1697594386\n|switch|p2a: Cresselia|Cresselia, F|100\/100\n|switch|p1b: Indeedee|Indeedee-F, F|100\/100\n|-fieldstart|move: Psychic Terrain|[from] ability: Psychic Surge|[of] p1b: Indeedee\n|-item|p1b: Indeedee|Air Balloon\n|turn|4\n|-activate|p2b: Slowbro|ability: Quick Draw\n|\n|t:|1697594394\n|move|p1b: Indeedee|Follow Me|p1b: Indeedee\n|-singleturn|p1b: Indeedee|move: Follow Me\n|move|p2b: Slowbro|Psychic|p1b: Indeedee\n|-resisted|p1b: Indeedee\n|-crit|p1b: Indeedee\n|-damage|p1b: Indeedee|49\/100\n|-enditem|p1b: Indeedee|Air Balloon\n|move|p1a: Froslass|Icy Wind|p2b: Slowbro|[spread] p2a,p2b\n|-damage|p2a: Cresselia|93\/100\n|-damage|p2b: Slowbro|65\/100\n|-unboost|p2a: Cresselia|spe|1\n|-unboost|p2b: Slowbro|spe|1\n|move|p2a: Cresselia|Light Screen|p2a: Cresselia\n|-sidestart|p2: Abowlofmagnemites|move: Light Screen\n|\n|upkeep\n|turn|5\n|\n|t:|1697594416\n|move|p1a: Froslass|Taunt|p2a: Cresselia\n|-start|p2a: Cresselia|move: Taunt\n|move|p1b: Indeedee|Zen Headbutt|p2b: Slowbro\n|-damage|p2b: Slowbro|42\/100\n|cant|p2a: Cresselia|move: Taunt|Lunar Blessing\n|move|p2b: Slowbro|Nasty Plot|p2b: Slowbro\n|-boost|p2b: Slowbro|spa|2\n|\n|upkeep\n|turn|6\n|-activate|p2b: Slowbro|ability: Quick Draw\n|\n|t:|1697594431\n|switch|p2a: Volcanion|Volcanion|100\/100\n|move|p1b: Indeedee|Follow Me|p1b: Indeedee\n|-singleturn|p1b: Indeedee|move: Follow Me\n|move|p2b: Slowbro|Shell Side Arm|p1b: Indeedee|[anim] Shell Side Arm Special\n|-damage|p1b: Indeedee|0 fnt\n|-hint|Special Shell Side Arm\n|faint|p1b: Indeedee\n|move|p1a: Froslass|Frost Breath|p2b: Slowbro\n|-crit|p2b: Slowbro\n|-damage|p2b: Slowbro|4\/100\n|\n|upkeep\n|\n|t:|1697594445\n|switch|p1b: Sinistcha|Sinistcha|100\/100\n|turn|7\n|\n|t:|1697594452\n|move|p1a: Froslass|Icy Wind|p2a: Volcanion|[spread] p2a,p2b\n|-resisted|p2a: Volcanion\n|-damage|p2a: Volcanion|98\/100\n|-damage|p2b: Slowbro|0 fnt\n|-unboost|p2a: Volcanion|spe|1\n|faint|p2b: Slowbro\n|move|p1b: Sinistcha|Matcha Gotcha|p2a: Volcanion\n|-damage|p2a: Volcanion|70\/100\n|move|p2a: Volcanion|Flamethrower|p1b: Sinistcha\n|-supereffective|p1b: Sinistcha\n|-damage|p1b: Sinistcha|0 fnt\n|faint|p1b: Sinistcha\n|\n|upkeep\n|\n|t:|1697594462\n|switch|p2b: Ceruledge|Ceruledge, F|100\/100\n|turn|8\n|-message|Jdorta forfeited.\n|\n|win|Abowlofmagnemites\n|raw|Jdorta's rating: 1160 &rarr; <strong>1132<\/strong><br \/>(-28 for losing)\n|raw|Abowlofmagnemites's rating: 1124 &rarr; <strong>1152<\/strong><br \/>(+28 for winning)\n|l|\u2606Jdorta\n","uploadtime":1697594468,"views":12,"p1id":"jdorta","p2id":"abowlofmagnemites","formatid":"gen9doublesou","rating":1132,"private":0,"password":""}