{"id":"gen9doublesou-1970667207","p1":"MrDotTwister","p2":"viinesmoke","format":"[Gen 9] Doubles OU","log":"|j|\u2606MrDotTwister\n|j|\u2606viinesmoke\n|t:|1697656652\n|gametype|doubles\n|player|p1|MrDotTwister|darach-caitlin|1504\n|player|p2|viinesmoke|volkner|1649\n|teamsize|p1|6\n|teamsize|p2|6\n|gen|9\n|tier|[Gen 9] Doubles OU\n|rated|\n|rule|Species Clause: Limit one of each Pok\u00e9mon\n|rule|OHKO Clause: OHKO moves are banned\n|rule|Evasion Moves Clause: Evasion moves are banned\n|rule|Gravity Sleep Clause: The combination of sleep-inducing moves with imperfect accuracy and Gravity or Gigantamax Orbeetle are banned\n|rule|Endless Battle Clause: Forcing endless battles is banned\n|rule|HP Percentage Mod: HP is shown in percentages\n|clearpoke\n|poke|p1|Rillaboom, M|\n|poke|p1|Ogerpon-Hearthflame, F|\n|poke|p1|Chien-Pao|\n|poke|p1|Dragonite, M|\n|poke|p1|Flutter Mane|\n|poke|p1|Basculegion, M|\n|poke|p2|Garchomp, M|\n|poke|p2|Tornadus, M|\n|poke|p2|Kingambit, F|\n|poke|p2|Chien-Pao|\n|poke|p2|Scizor, F|\n|poke|p2|Flutter Mane|\n|teampreview\n|inactive|Battle timer is ON: inactive players will automatically lose when time's up. (requested by MrDotTwister)\n|c|\u2606MrDotTwister|dont talk to my man like that\n|inactive|viinesmoke has 120 seconds left.\n|\n|t:|1697656686\n|start\n|switch|p1a: Sin|Flutter Mane, shiny|100\/100\n|switch|p1b: Do the congo|Rillaboom, M|100\/100\n|switch|p2a: Chimuuelo|Chien-Pao|100\/100\n|switch|p2b: DonCangrejo|Scizor, F|100\/100\n|-ability|p2a: Chimuuelo|Sword of Ruin\n|-fieldstart|move: Grassy Terrain|[from] ability: Grassy Surge|[of] p1b: Do the congo\n|turn|1\n|c|\u2606MrDotTwister|i like it when u like it\n|\n|t:|1697656703\n|move|p1b: Do the congo|Fake Out|p2b: DonCangrejo\n|-resisted|p2b: DonCangrejo\n|-damage|p2b: DonCangrejo|89\/100\n|cant|p2b: DonCangrejo|flinch\n|move|p1a: Sin|Moonblast|p2a: Chimuuelo\n|-supereffective|p2a: Chimuuelo\n|-damage|p2a: Chimuuelo|0 fnt\n|faint|p2a: Chimuuelo\n|\n|-heal|p2b: DonCangrejo|95\/100|[from] Grassy Terrain\n|upkeep\n|\n|t:|1697656715\n|switch|p2a: budi|Tornadus, M, shiny|100\/100\n|turn|2\n|\n|t:|1697656729\n|-end|p1a: Sin|Protosynthesis|[silent]\n|switch|p1a: Tidus|Chien-Pao|100\/100\n|-ability|p1a: Tidus|Sword of Ruin\n|move|p2a: budi|Tailwind|p2a: budi\n|-sidestart|p2: viinesmoke|move: Tailwind\n|move|p2b: DonCangrejo|Bullet Punch|p1a: Tidus\n|-supereffective|p1a: Tidus\n|-enditem|p1a: Tidus|Focus Sash\n|-damage|p1a: Tidus|1\/100\n|-damage|p2b: DonCangrejo|85\/100|[from] item: Life Orb\n|move|p1b: Do the congo|U-turn|p2b: DonCangrejo\n|-resisted|p2b: DonCangrejo\n|-damage|p2b: DonCangrejo|64\/100\n|\n|t:|1697656739\n|switch|p1b: Yenovan|Dragonite, M, shiny|100\/100|[from] U-turn\n|\n|-heal|p2b: DonCangrejo|70\/100|[from] Grassy Terrain\n|-heal|p1a: Tidus|7\/100|[from] Grassy Terrain\n|upkeep\n|turn|3\n|\n|t:|1697656764\n|move|p2b: DonCangrejo|Bullet Punch|p1b: Yenovan\n|-damage|p1b: Yenovan|41\/100\n|-damage|p2b: DonCangrejo|60\/100|[from] item: Life Orb\n|move|p1a: Tidus|Sucker Punch||[still]\n|-fail|p1a: Tidus\n|move|p2a: budi|Bleakwind Storm|p1b: Yenovan|[spread] p1a,p1b\n|-damage|p1a: Tidus|0 fnt\n|-damage|p1b: Yenovan|2\/100\n|-unboost|p1b: Yenovan|spe|1\n|faint|p1a: Tidus\n|move|p1b: Yenovan|Outrage|p2b: DonCangrejo\n|-resisted|p2b: DonCangrejo\n|-damage|p2b: DonCangrejo|1\/100\n|\n|-heal|p2b: DonCangrejo|7\/100|[from] Grassy Terrain\n|upkeep\n|inactive|MrDotTwister has 120 seconds left.\n|\n|t:|1697656780\n|switch|p1a: Do the congo|Rillaboom, M|100\/100\n|turn|4\n|\n|t:|1697656794\n|switch|p2b: tiburoncin|Garchomp, M, shiny|100\/100\n|move|p1a: Do the congo|Fake Out|p2a: budi\n|-damage|p2a: budi|81\/100\n|cant|p2a: budi|flinch\n|move|p1b: Yenovan|Outrage|p2b: tiburoncin|[from]lockedmove\n|-supereffective|p2b: tiburoncin\n|-damage|p2b: tiburoncin|0 fnt\n|-damage|p1b: Yenovan|0 fnt|[from] ability: Rough Skin|[of] p2b: tiburoncin\n|faint|p2b: tiburoncin\n|faint|p1b: Yenovan\n|\n|upkeep\n|\n|t:|1697656814\n|switch|p2b: Peligro|Flutter Mane|100\/100\n|switch|p1b: BAN ME|Basculegion, M|100\/100\n|-enditem|p2b: Peligro|Booster Energy\n|-activate|p2b: Peligro|ability: Protosynthesis|[fromitem]\n|-start|p2b: Peligro|protosynthesisspa\n|turn|5\n|\n|t:|1697656826\n|-terastallize|p2b: Peligro|Normal\n|move|p1a: Do the congo|Grassy Glide|p2b: Peligro\n|-crit|p2b: Peligro\n|-damage|p2b: Peligro|0 fnt\n|faint|p2b: Peligro\n|-end|p2b: Peligro|Protosynthesis|[silent]\n|move|p2a: budi|Bleakwind Storm|p1b: BAN ME|[spread] p1a\n|-miss|p2a: budi|p1b: BAN ME\n|-supereffective|p1a: Do the congo\n|-damage|p1a: Do the congo|44\/100\n|move|p1b: BAN ME|Last Respects|p2a: budi\n|-damage|p2a: budi|0 fnt\n|faint|p2a: budi\n|\n|-heal|p1a: Do the congo|50\/100|[from] Grassy Terrain\n|-sideend|p2: viinesmoke|move: Tailwind\n|-fieldend|move: Grassy Terrain\n|upkeep\n|c|\u2606MrDotTwister|gg\n|c|\u2606MrDotTwister|lmao\n|\n|t:|1697656838\n|switch|p2b: DonCangrejo|Scizor, F|7\/100\n|switch|p2a: King|Kingambit, F|100\/100\n|turn|6\n|\n|t:|1697656846\n|move|p2a: King|Sucker Punch|p1b: BAN ME\n|-supereffective|p1b: BAN ME\n|-damage|p1b: BAN ME|0 fnt\n|faint|p1b: BAN ME\n|-damage|p2a: King|90\/100|[from] item: Life Orb\n|move|p2b: DonCangrejo|Tailwind|p2b: DonCangrejo\n|-sidestart|p2: viinesmoke|move: Tailwind\n|move|p1a: Do the congo|U-turn|p2b: DonCangrejo\n|-resisted|p2b: DonCangrejo\n|-damage|p2b: DonCangrejo|0 fnt\n|faint|p2b: DonCangrejo\n|inactive|MrDotTwister has 120 seconds left.\n|c|\u2606viinesmoke|te paso por el pico gringo culiao\n|n|\u203dviinesmoke|viinesmoke\n|c|&|\/log viinesmoke was locked from talking by Artemis. (\u2606viinesmoke: te paso por el pico gringo culiao)\n|c|&|\/raw <small>This action was done automatically. Want to learn more about the AI? <a href=\"https:\/\/www.smogon.com\/forums\/threads\/3570628\/#post-9056769\">Visit the information thread<\/a>.<\/small>\n|\n|t:|1697656898\n|switch|p1a: Dream|Ogerpon-Hearthflame, F|100\/100|[from] U-turn\n|-ability|p1a: Dream|Mold Breaker\n|\n|upkeep\n|\n|t:|1697656901\n|switch|p1b: Sin|Flutter Mane, shiny|100\/100\n|turn|7\n|\n|t:|1697656908\n|-terastallize|p1a: Dream|Fire\n|detailschange|p1a: Dream|Ogerpon-Hearthflame-Tera, F, tera:Fire\n|-ability|p1a: Dream|Embody Aspect (Hearthflame)|boost\n|-boost|p1a: Dream|atk|1\n|move|p2a: King|Sucker Punch|p1b: Sin\n|-damage|p1b: Sin|0 fnt\n|faint|p1b: Sin\n|-end|p1b: Sin|Protosynthesis|[silent]\n|-damage|p2a: King|80\/100|[from] item: Life Orb\n|move|p1a: Dream|Ivy Cudgel|p2a: King\n|-supereffective|p2a: King\n|-damage|p2a: King|0 fnt\n|faint|p2a: King\n|\n|win|MrDotTwister\n|raw|MrDotTwister's rating: 1504 &rarr; <strong>1532<\/strong><br \/>(+28 for winning)\n|raw|viinesmoke's rating: 1649 &rarr; <strong>1621<\/strong><br \/>(-28 for losing)\n","uploadtime":1697656880,"views":8,"p1id":"mrdottwister","p2id":"viinesmoke","formatid":"gen9doublesou","rating":1532,"private":0,"password":""}