{"id":"gen9doublesou-1993971574","p1":"gndeath","p2":"RudiHoshino","format":"[Gen 9] Doubles OU","log":"|j|\u2606gndeath\n|j|\u2606RudiHoshino\n|t:|1700385629\n|gametype|doubles\n|player|p1|gndeath|veteran|1150\n|player|p2|RudiHoshino|gloria|1227\n|teamsize|p1|6\n|teamsize|p2|6\n|gen|9\n|tier|[Gen 9] Doubles OU\n|rated|\n|rule|Species Clause: Limit one of each Pok\u00e9mon\n|rule|OHKO Clause: OHKO moves are banned\n|rule|Evasion Moves Clause: Evasion moves are banned\n|rule|Gravity Sleep Clause: The combination of sleep-inducing moves with imperfect accuracy and Gravity or Gigantamax Orbeetle are banned\n|rule|Endless Battle Clause: Forcing endless battles is banned\n|rule|HP Percentage Mod: HP is shown in percentages\n|clearpoke\n|poke|p1|Iron Hands|\n|poke|p1|Cresselia, F|\n|poke|p1|Sinistcha-Masterpiece|\n|poke|p1|Kommo-o, F|\n|poke|p1|Flutter Mane|\n|poke|p1|Farigiraf, F|\n|poke|p2|Kommo-o, M|\n|poke|p2|Sinistcha-Masterpiece|\n|poke|p2|Clefairy, M|\n|poke|p2|Chi-Yu|\n|poke|p2|Rillaboom, M|\n|poke|p2|Flutter Mane|\n|teampreview\n|\n|t:|1700385657\n|start\n|switch|p1a: Sinistcha|Sinistcha-Masterpiece|100\/100\n|switch|p1b: Flutter Mane|Flutter Mane|100\/100\n|switch|p2a: Clefairy|Clefairy, M|100\/100\n|switch|p2b: Kommo-o|Kommo-o, M|100\/100\n|-enditem|p1b: Flutter Mane|Booster Energy\n|-activate|p1b: Flutter Mane|ability: Protosynthesis|[fromitem]\n|-start|p1b: Flutter Mane|protosynthesisspe\n|turn|1\n|\n|t:|1700385673\n|-terastallize|p2b: Kommo-o|Steel\n|move|p1b: Flutter Mane|Taunt|p2a: Clefairy\n|-start|p2a: Clefairy|move: Taunt\n|move|p2b: Kommo-o|Clangorous Soul|p2b: Kommo-o\n|-boost|p2b: Kommo-o|atk|1\n|-boost|p2b: Kommo-o|def|1\n|-boost|p2b: Kommo-o|spa|1\n|-boost|p2b: Kommo-o|spd|1\n|-boost|p2b: Kommo-o|spe|1\n|-damage|p2b: Kommo-o|68\/100\n|-enditem|p2b: Kommo-o|Throat Spray\n|-boost|p2b: Kommo-o|spa|1|[from] item: Throat Spray\n|move|p1a: Sinistcha|Matcha Gotcha|p2b: Kommo-o|[spread] p2a,p2b\n|-crit|p2a: Clefairy\n|-resisted|p2b: Kommo-o\n|-damage|p2a: Clefairy|77\/100\n|-damage|p2b: Kommo-o|61\/100\n|cant|p2a: Clefairy|move: Taunt|Heal Pulse\n|\n|upkeep\n|turn|2\n|\n|t:|1700385698\n|switch|p2a: Sinistcha|Sinistcha-Masterpiece|100\/100\n|-heal|p2b: Kommo-o|85\/100|[from] ability: Hospitality|[of] p2a: Sinistcha\n|move|p1b: Flutter Mane|Icy Wind|p2b: Kommo-o|[spread] p2a,p2b\n|-supereffective|p2a: Sinistcha\n|-resisted|p2b: Kommo-o\n|-damage|p2a: Sinistcha|70\/100\n|-damage|p2b: Kommo-o|81\/100\n|-unboost|p2a: Sinistcha|spe|1\n|-unboost|p2b: Kommo-o|spe|1\n|move|p2b: Kommo-o|Flash Cannon|p1b: Flutter Mane\n|-supereffective|p1b: Flutter Mane\n|-damage|p1b: Flutter Mane|0 fnt\n|faint|p1b: Flutter Mane\n|-end|p1b: Flutter Mane|Protosynthesis|[silent]\n|move|p1a: Sinistcha|Matcha Gotcha|p2b: Kommo-o|[spread] p2b\n|-miss|p1a: Sinistcha|p2a: Sinistcha\n|-resisted|p2b: Kommo-o\n|-damage|p2b: Kommo-o|71\/100\n|\n|-heal|p2a: Sinistcha|76\/100|[from] item: Leftovers\n|upkeep\n|\n|t:|1700385713\n|switch|p1b: Cresselia|Cresselia, F, shiny|100\/100\n|turn|3\n|\n|t:|1700385723\n|switch|p2a: Clefairy|Clefairy, M|77\/100\n|-terastallize|p1b: Cresselia|Steel\n|move|p2b: Kommo-o|Clangorous Soul|p2b: Kommo-o\n|-boost|p2b: Kommo-o|atk|1\n|-boost|p2b: Kommo-o|def|1\n|-boost|p2b: Kommo-o|spa|1\n|-boost|p2b: Kommo-o|spd|1\n|-boost|p2b: Kommo-o|spe|1\n|-damage|p2b: Kommo-o|38\/100\n|move|p1b: Cresselia|Skill Swap|p2b: Kommo-o\n|-activate|p1b: Cresselia|move: Skill Swap|Bulletproof|Levitate|[of] p2b: Kommo-o\n|move|p1a: Sinistcha|Matcha Gotcha|p2a: Clefairy|[spread] p2a,p2b\n|-resisted|p2b: Kommo-o\n|-damage|p2a: Clefairy|61\/100\n|-damage|p2b: Kommo-o|32\/100\n|-status|p2b: Kommo-o|brn\n|\n|-damage|p2b: Kommo-o|26\/100 brn|[from] brn\n|upkeep\n|turn|4\n|\n|t:|1700385754\n|switch|p2a: Sinistcha|Sinistcha-Masterpiece|76\/100\n|-heal|p2b: Kommo-o|51\/100 brn|[from] ability: Hospitality|[of] p2a: Sinistcha\n|move|p2b: Kommo-o|Protect|p2b: Kommo-o\n|-singleturn|p2b: Kommo-o|Protect\n|move|p1b: Cresselia|Psychic|p2a: Sinistcha\n|-damage|p2a: Sinistcha|40\/100\n|move|p1a: Sinistcha|Matcha Gotcha|p2b: Kommo-o|[spread] p2a\n|-activate|p2b: Kommo-o|move: Protect\n|-resisted|p2a: Sinistcha\n|-damage|p2a: Sinistcha|24\/100\n|\n|-heal|p2a: Sinistcha|30\/100|[from] item: Leftovers\n|-damage|p2b: Kommo-o|44\/100 brn|[from] brn\n|upkeep\n|turn|5\n|\n|t:|1700385778\n|switch|p2a: Clefairy|Clefairy, M|61\/100\n|move|p2b: Kommo-o|Clanging Scales|p1b: Cresselia|[spread] p1a,p1b\n|-crit|p1a: Sinistcha\n|-resisted|p1b: Cresselia\n|-damage|p1a: Sinistcha|0 fnt\n|-damage|p1b: Cresselia|67\/100\n|faint|p1a: Sinistcha\n|-unboost|p2b: Kommo-o|def|1\n|move|p1b: Cresselia|Psychic|p2b: Kommo-o\n|-resisted|p2b: Kommo-o\n|-damage|p2b: Kommo-o|38\/100 brn\n|\n|-heal|p1b: Cresselia|73\/100|[from] item: Leftovers\n|-damage|p2b: Kommo-o|31\/100 brn|[from] brn\n|upkeep\n|\n|t:|1700385804\n|switch|p1a: Iron Hands|Iron Hands|100\/100\n|turn|6\n|\n|t:|1700385813\n|switch|p2a: Sinistcha|Sinistcha-Masterpiece|30\/100\n|-heal|p2b: Kommo-o|56\/100 brn|[from] ability: Hospitality|[of] p2a: Sinistcha\n|move|p2b: Kommo-o|Protect|p2b: Kommo-o\n|-singleturn|p2b: Kommo-o|Protect\n|move|p1b: Cresselia|Psychic|p2a: Sinistcha\n|-damage|p2a: Sinistcha|0 fnt\n|faint|p2a: Sinistcha\n|move|p1a: Iron Hands|Drain Punch|p2b: Kommo-o\n|-activate|p2b: Kommo-o|move: Protect\n|\n|-heal|p1b: Cresselia|79\/100|[from] item: Leftovers\n|-damage|p2b: Kommo-o|50\/100 brn|[from] brn\n|upkeep\n|\n|t:|1700385817\n|switch|p2a: Clefairy|Clefairy, M|61\/100\n|turn|7\n|\n|t:|1700385841\n|move|p2a: Clefairy|Helping Hand|p2b: Kommo-o\n|-singleturn|p2b: Kommo-o|Helping Hand|[of] p2a: Clefairy\n|move|p2b: Kommo-o|Clanging Scales|p1a: Iron Hands|[spread] p1a,p1b\n|-resisted|p1b: Cresselia\n|-damage|p1a: Iron Hands|23\/100\n|-damage|p1b: Cresselia|29\/100\n|-unboost|p2b: Kommo-o|def|1\n|move|p1b: Cresselia|Psychic|p2b: Kommo-o\n|-resisted|p2b: Kommo-o\n|-damage|p2b: Kommo-o|43\/100 brn\n|-unboost|p2b: Kommo-o|spd|1\n|move|p1a: Iron Hands|Drain Punch|p2b: Kommo-o\n|-supereffective|p2b: Kommo-o\n|-damage|p2b: Kommo-o|0 fnt\n|-heal|p1a: Iron Hands|37\/100|[from] drain|[of] p2b: Kommo-o\n|faint|p2b: Kommo-o\n|\n|-heal|p1b: Cresselia|35\/100|[from] item: Leftovers\n|upkeep\n|\n|t:|1700385853\n|switch|p2b: Flutter Mane|Flutter Mane|100\/100\n|-enditem|p2b: Flutter Mane|Booster Energy\n|-activate|p2b: Flutter Mane|ability: Protosynthesis|[fromitem]\n|-start|p2b: Flutter Mane|protosynthesisspa\n|turn|8\n|\n|t:|1700385865\n|move|p2a: Clefairy|Follow Me|p2a: Clefairy\n|-singleturn|p2a: Clefairy|move: Follow Me\n|move|p2b: Flutter Mane|Thunderbolt|p1b: Cresselia\n|-damage|p1b: Cresselia|5\/100\n|move|p1b: Cresselia|Thunderbolt|p2a: Clefairy\n|-damage|p2a: Clefairy|48\/100\n|-status|p2a: Clefairy|par\n|move|p1a: Iron Hands|Wild Charge|p2a: Clefairy\n|-damage|p2a: Clefairy|0 fnt\n|faint|p2a: Clefairy\n|-damage|p1a: Iron Hands|28\/100|[from] Recoil\n|\n|-heal|p1b: Cresselia|11\/100|[from] item: Leftovers\n|upkeep\n|\n|t:|1700385873\n|switch|p2a: Chi-Yu|Chi-Yu|100\/100\n|-ability|p2a: Chi-Yu|Beads of Ruin\n|turn|9\n|\n|t:|1700385895\n|move|p2b: Flutter Mane|Dazzling Gleam|p1b: Cresselia|[spread] p1a,p1b\n|-supereffective|p1a: Iron Hands\n|-resisted|p1b: Cresselia\n|-damage|p1a: Iron Hands|0 fnt\n|-damage|p1b: Cresselia|0 fnt\n|faint|p1a: Iron Hands\n|-end|p1a: Iron Hands|Quark Drive|[silent]\n|faint|p1b: Cresselia\n|move|p2a: Chi-Yu|Flamethrower|p1: Iron Hands|[notarget]\n|-fail|p2a: Chi-Yu\n|\n|upkeep\n|\n|t:|1700385900\n|switch|p1b: Farigiraf|Farigiraf, F|100\/100\n|switch|p1a: Kommo-o|Kommo-o, F|100\/100\n|turn|10\n|-message|gndeath forfeited.\n|\n|win|RudiHoshino\n|raw|gndeath's rating: 1150 &rarr; <strong>1130<\/strong><br \/>(-20 for losing)\n|raw|RudiHoshino's rating: 1227 &rarr; <strong>1247<\/strong><br \/>(+20 for winning)\n|l|\u2606gndeath\n","uploadtime":1700385938,"views":8,"p1id":"gndeath","p2id":"rudihoshino","formatid":"gen9doublesou","rating":1130,"private":0,"password":""}