{"id":"gen9doublesou-1990741306","p1":"RedFoxers","p2":"Blue Syrius","format":"[Gen 9] Doubles OU","log":"|j|\u2606RedFoxers\n|j|\u2606Blue Syrius\n|t:|1699996499\n|gametype|doubles\n|player|p1|RedFoxers|steven|1145\n|player|p2|Blue Syrius|youngster-gen4dp|1124\n|teamsize|p1|6\n|teamsize|p2|6\n|gen|9\n|tier|[Gen 9] Doubles OU\n|rated|\n|rule|Species Clause: Limit one of each Pok\u00e9mon\n|rule|OHKO Clause: OHKO moves are banned\n|rule|Evasion Moves Clause: Evasion moves are banned\n|rule|Gravity Sleep Clause: The combination of sleep-inducing moves with imperfect accuracy and Gravity or Gigantamax Orbeetle are banned\n|rule|Endless Battle Clause: Forcing endless battles is banned\n|rule|HP Percentage Mod: HP is shown in percentages\n|clearpoke\n|poke|p1|Dipplin, M|\n|poke|p1|Chien-Pao|\n|poke|p1|Goodra-Hisui, M|\n|poke|p1|Landorus-Therian, M|\n|poke|p1|Farigiraf, M|\n|poke|p1|Corviknight, M|\n|poke|p2|Ninetales-Alola, F|\n|poke|p2|Munkidori, M|\n|poke|p2|Slowking-Galar, F|\n|poke|p2|Flutter Mane|\n|poke|p2|Roaring Moon|\n|poke|p2|Maushold|\n|teampreview\n|inactive|Battle timer is ON: inactive players will automatically lose when time's up. (requested by Blue Syrius)\n|\n|t:|1699996516\n|start\n|switch|p1a: Chien-Pao|Chien-Pao|100\/100\n|switch|p1b: Farigiraf|Farigiraf, M, shiny|100\/100\n|switch|p2a: Slowking|Slowking-Galar, F, shiny|100\/100\n|switch|p2b: Munkidori|Munkidori, M|100\/100\n|-ability|p1a: Chien-Pao|Sword of Ruin\n|turn|1\n|inactive|RedFoxers has 120 seconds left.\n|\n|t:|1699996555\n|move|p2b: Munkidori|Fake Out|p1a: Chien-Pao\n|-damage|p1a: Chien-Pao|91\/100\n|-status|p1a: Chien-Pao|tox|[from] ability: Toxic Chain|[of] p2b: Munkidori\n|cant|p1a: Chien-Pao|flinch\n|move|p2a: Slowking|Icy Wind|p1b: Farigiraf|[spread] p1a,p1b\n|-resisted|p1a: Chien-Pao\n|-crit|p1b: Farigiraf\n|-damage|p1a: Chien-Pao|83\/100 tox\n|-damage|p1b: Farigiraf|86\/100\n|-unboost|p1a: Chien-Pao|spe|1\n|-unboost|p1b: Farigiraf|spe|1\n|move|p1b: Farigiraf|Trick Room|p1b: Farigiraf\n|-fieldstart|move: Trick Room|[of] p1b: Farigiraf\n|\n|-damage|p1a: Chien-Pao|77\/100 tox|[from] psn\n|upkeep\n|turn|2\n|inactive|RedFoxers has 120 seconds left.\n|inactive|Blue Syrius has 120 seconds left.\n|\n|t:|1699996590\n|move|p1b: Farigiraf|Ally Switch|p1b: Farigiraf\n|swap|p1b: Farigiraf|0|[from] move: Ally Switch\n|move|p2a: Slowking|Acid Spray|p1a: Farigiraf\n|-damage|p1a: Farigiraf|73\/100\n|-unboost|p1a: Farigiraf|spd|2\n|move|p1b: Chien-Pao|Crunch|p2b: Munkidori\n|-supereffective|p2b: Munkidori\n|-damage|p2b: Munkidori|0 fnt\n|faint|p2b: Munkidori\n|\n|-damage|p1b: Chien-Pao|65\/100 tox|[from] psn\n|upkeep\n|inactive|Blue Syrius has 120 seconds left.\n|\n|t:|1699996604\n|switch|p2b: Ninetales|Ninetales-Alola, F, shiny|100\/100\n|-weather|Snow|[from] ability: Snow Warning|[of] p2b: Ninetales\n|turn|3\n|inactive|Blue Syrius has 120 seconds left.\n|inactive|RedFoxers has 120 seconds left.\n|\n|t:|1699996650\n|-terastallize|p2a: Slowking|Grass\n|move|p1a: Farigiraf|Helping Hand|p1b: Chien-Pao\n|-singleturn|p1b: Chien-Pao|Helping Hand|[of] p1a: Farigiraf\n|move|p2a: Slowking|Acid Spray|p1b: Chien-Pao\n|-damage|p1b: Chien-Pao|41\/100 tox\n|-unboost|p1b: Chien-Pao|spd|2\n|move|p1b: Chien-Pao|Psychic Fangs|p2b: Ninetales\n|-damage|p2b: Ninetales|37\/100\n|move|p2b: Ninetales|Dazzling Gleam|p1b: Chien-Pao|[spread] p1a,p1b\n|-supereffective|p1b: Chien-Pao\n|-damage|p1a: Farigiraf|32\/100\n|-damage|p1b: Chien-Pao|0 fnt\n|-enditem|p1a: Farigiraf|Sitrus Berry|[eat]\n|-heal|p1a: Farigiraf|57\/100|[from] item: Sitrus Berry\n|faint|p1b: Chien-Pao\n|\n|-weather|Snow|[upkeep]\n|upkeep\n|inactive|RedFoxers has 90 seconds left.\n|\n|t:|1699996672\n|switch|p1b: Dipplin|Dipplin, M, shiny|100\/100\n|-ability|p1b: Dipplin|Supersweet Syrup\n|-ability|p1b: Dipplin|Supersweet Syrup|boost\n|-unboost|p2a: Slowking|evasion|1\n|-unboost|p2b: Ninetales|evasion|1\n|turn|4\n|\n|t:|1699996687\n|move|p1a: Farigiraf|Ally Switch|p1a: Farigiraf\n|swap|p1a: Farigiraf|1|[from] move: Ally Switch\n|move|p2a: Slowking|Heal Pulse|p2b: Ninetales\n|-heal|p2b: Ninetales|87\/100\n|move|p1a: Dipplin|Infestation|p2a: Slowking\n|-supereffective|p2a: Slowking\n|-damage|p2a: Slowking|93\/100\n|-activate|p2a: Slowking|move: Infestation|[of] p1a: Dipplin\n|move|p2b: Ninetales|Blizzard|p1a: Dipplin|[spread] p1a,p1b\n|-supereffective|p1a: Dipplin\n|-damage|p1a: Dipplin|0 fnt\n|-damage|p1b: Farigiraf|0 fnt\n|faint|p1a: Dipplin\n|faint|p1b: Farigiraf\n|\n|-weather|Snow|[upkeep]\n|-end|p2a: Slowking|Infestation|[partiallytrapped]|[silent]\n|upkeep\n|\n|t:|1699996702\n|switch|p1a: Landorus|Landorus-Therian, M|100\/100\n|switch|p1b: Corviknight|Corviknight, M, shiny|100\/100\n|-ability|p1a: Landorus|Intimidate|boost\n|-unboost|p2a: Slowking|atk|1\n|-unboost|p2b: Ninetales|atk|1\n|turn|5\n|\n|t:|1699996718\n|switch|p2b: Maushold|Maushold|100\/100\n|move|p2a: Slowking|Icy Wind|p1a: Landorus|[spread] p1a,p1b\n|-supereffective|p1a: Landorus\n|-damage|p1a: Landorus|65\/100\n|-damage|p1b: Corviknight|89\/100\n|-unboost|p1a: Landorus|spe|1\n|-ability|p1b: Corviknight|Mirror Armor\n|-unboost|p2a: Slowking|spe|1\n|move|p1a: Landorus|Earthquake|p2b: Maushold|[spread] p2a,p2b\n|-immune|p1b: Corviknight\n|-resisted|p2a: Slowking\n|-damage|p2a: Slowking|69\/100\n|-damage|p2b: Maushold|30\/100\n|move|p1b: Corviknight|Brave Bird|p2b: Maushold\n|-damage|p2b: Maushold|0 fnt\n|faint|p2b: Maushold\n|-damage|p1b: Corviknight|81\/100|[from] Recoil\n|\n|-weather|Snow|[upkeep]\n|-heal|p1b: Corviknight|87\/100|[from] item: Leftovers\n|-fieldend|move: Trick Room\n|upkeep\n|inactive|Blue Syrius has 120 seconds left.\n|\n|t:|1699996739\n|switch|p2b: Ninetales|Ninetales-Alola, F, shiny|87\/100\n|turn|6\n|\n|t:|1699996758\n|move|p2b: Ninetales|Blizzard|p1b: Corviknight|[spread] p1a,p1b\n|-supereffective|p1a: Landorus\n|-damage|p1a: Landorus|0 fnt\n|-damage|p1b: Corviknight|51\/100\n|faint|p1a: Landorus\n|move|p1b: Corviknight|Brave Bird|p2b: Ninetales\n|-damage|p2b: Ninetales|36\/100\n|-damage|p1b: Corviknight|36\/100|[from] Recoil\n|move|p2a: Slowking|Icy Wind|p1b: Corviknight\n|-damage|p1b: Corviknight|20\/100\n|-ability|p1b: Corviknight|Mirror Armor\n|-unboost|p2a: Slowking|spe|1\n|\n|-weather|Snow|[upkeep]\n|-heal|p1b: Corviknight|26\/100|[from] item: Leftovers\n|upkeep\n|inactive|RedFoxers has 120 seconds left.\n|\n|t:|1699996772\n|switch|p1a: Goodra|Goodra-Hisui, M, shiny|100\/100\n|turn|7\n|\n|t:|1699996792\n|move|p2b: Ninetales|Blizzard|p1b: Corviknight|[spread] p1a,p1b\n|-damage|p1a: Goodra|82\/100\n|-damage|p1b: Corviknight|0 fnt\n|faint|p1b: Corviknight\n|move|p1a: Goodra|Earthquake|p2b: Ninetales|[spread] p2a,p2b\n|-resisted|p2a: Slowking\n|-damage|p2a: Slowking|58\/100\n|-damage|p2b: Ninetales|13\/100\n|move|p2a: Slowking|Heal Pulse|p2b: Ninetales\n|-heal|p2b: Ninetales|64\/100\n|\n|-weather|none\n|upkeep\n|turn|8\n|-message|RedFoxers forfeited.\n|\n|win|Blue Syrius\n|raw|RedFoxers's rating: 1145 &rarr; <strong>1118<\/strong><br \/>(-27 for losing)\n|raw|Blue Syrius's rating: 1124 &rarr; <strong>1151<\/strong><br \/>(+27 for winning)\n|l|\u2606RedFoxers\n","uploadtime":1699996811,"views":5,"p1id":"redfoxers","p2id":"bluesyrius","formatid":"gen9doublesou","rating":1118,"private":0,"password":""}