{"id":"gen9doublesou-1975257668","p1":"pignitewaggy","p2":"chinchan 345","format":"[Gen 9] Doubles OU","log":"|j|\u2606pignitewaggy\n|j|\u2606chinchan 345\n|t:|1698174233\n|gametype|doubles\n|player|p1|pignitewaggy|2|1103\n|player|p2|chinchan 345|benga|1043\n|teamsize|p1|6\n|teamsize|p2|6\n|gen|9\n|tier|[Gen 9] Doubles OU\n|rated|\n|rule|Species Clause: Limit one of each Pok\u00e9mon\n|rule|OHKO Clause: OHKO moves are banned\n|rule|Evasion Moves Clause: Evasion moves are banned\n|rule|Gravity Sleep Clause: The combination of sleep-inducing moves with imperfect accuracy and Gravity or Gigantamax Orbeetle are banned\n|rule|Endless Battle Clause: Forcing endless battles is banned\n|rule|HP Percentage Mod: HP is shown in percentages\n|clearpoke\n|poke|p1|Gyarados, M|\n|poke|p1|Tornadus, M|\n|poke|p1|Iron Hands|\n|poke|p1|Orthworm, F|\n|poke|p1|Tauros-Paldea-Blaze, M|\n|poke|p1|Oranguru, F|\n|poke|p2|Chien-Pao|\n|poke|p2|Gholdengo|\n|poke|p2|Tyranitar, M|\n|poke|p2|Quaquaval, M|\n|poke|p2|Amoonguss, M|\n|poke|p2|Iron Treads|\n|teampreview\n|\n|t:|1698174241\n|start\n|switch|p1a: Tornadus|Tornadus, M, shiny|100\/100\n|switch|p1b: Orthworm|Orthworm, F|100\/100\n|switch|p2a: Chien-Pao|Chien-Pao|100\/100\n|switch|p2b: Tyranitar|Tyranitar, M|100\/100\n|-ability|p2a: Chien-Pao|Sword of Ruin\n|-weather|Sandstorm|[from] ability: Sand Stream|[of] p2b: Tyranitar\n|turn|1\n|inactive|Battle timer is ON: inactive players will automatically lose when time's up. (requested by chinchan 345)\n|\n|t:|1698174277\n|move|p1a: Tornadus|Tailwind|p1a: Tornadus\n|-sidestart|p1: pignitewaggy|move: Tailwind\n|move|p2a: Chien-Pao|Sacred Sword|p1b: Orthworm\n|-supereffective|p1b: Orthworm\n|-damage|p1b: Orthworm|59\/100\n|move|p1b: Orthworm|Body Press|p2a: Chien-Pao\n|-supereffective|p2a: Chien-Pao\n|-enditem|p2a: Chien-Pao|Focus Sash\n|-damage|p2a: Chien-Pao|1\/100\n|move|p2b: Tyranitar|Crunch|p1a: Tornadus\n|-damage|p1a: Tornadus|42\/100\n|\n|-weather|Sandstorm|[upkeep]\n|-damage|p1a: Tornadus|36\/100|[from] Sandstorm\n|-damage|p2a: Chien-Pao|0 fnt|[from] Sandstorm\n|faint|p2a: Chien-Pao\n|upkeep\n|\n|t:|1698174296\n|switch|p2a: Gholdengo|Gholdengo|100\/100\n|turn|2\n|\n|t:|1698174311\n|move|p1a: Tornadus|Knock Off|p2a: Gholdengo\n|-supereffective|p2a: Gholdengo\n|-damage|p2a: Gholdengo|58\/100\n|-enditem|p2a: Gholdengo|Leftovers|[from] move: Knock Off|[of] p1a: Tornadus\n|move|p1b: Orthworm|Shed Tail|p1b: Orthworm\n|-start|p1b: Orthworm|Substitute|[from] move: Shed Tail\n|-damage|p1b: Orthworm|9\/100\n|-enditem|p1b: Orthworm|Sitrus Berry|[eat]\n|-heal|p1b: Orthworm|34\/100|[from] item: Sitrus Berry\n|inactive|pignitewaggy has 120 seconds left.\n|\n|t:|1698174338\n|switch|p1b: Iron Hands|Iron Hands|100\/100|[from] Shed Tail\n|move|p2a: Gholdengo|Make It Rain|p1b: Iron Hands|[spread] p1a,p1b\n|-resisted|p1b: Iron Hands\n|-activate|p1b: Iron Hands|move: Substitute|[damage]\n|-damage|p1a: Tornadus|0 fnt\n|-unboost|p2a: Gholdengo|spa|1\n|faint|p1a: Tornadus\n|move|p2b: Tyranitar|Stone Edge|p1b: Iron Hands\n|-resisted|p1b: Iron Hands\n|-end|p1b: Iron Hands|Substitute\n|\n|-weather|Sandstorm|[upkeep]\n|-damage|p1b: Iron Hands|94\/100|[from] Sandstorm\n|upkeep\n|inactive|pignitewaggy has 120 seconds left.\n|\n|t:|1698174348\n|switch|p1a: Oranguru|Oranguru, F|100\/100\n|turn|3\n|\n|t:|1698174363\n|switch|p2a: Quaquaval|Quaquaval, M|100\/100\n|move|p1b: Iron Hands|Belly Drum|p1b: Iron Hands\n|-damage|p1b: Iron Hands|44\/100\n|-setboost|p1b: Iron Hands|atk|6|[from] move: Belly Drum\n|-enditem|p1b: Iron Hands|Sitrus Berry|[eat]\n|-heal|p1b: Iron Hands|69\/100|[from] item: Sitrus Berry\n|move|p2b: Tyranitar|Earthquake|p1b: Iron Hands|[spread] p2a,p1a,p1b\n|-supereffective|p1b: Iron Hands\n|-damage|p2a: Quaquaval|74\/100\n|-damage|p1a: Oranguru|78\/100\n|-damage|p1b: Iron Hands|41\/100\n|move|p1a: Oranguru|Trick Room|p1a: Oranguru\n|-fieldstart|move: Trick Room|[of] p1a: Oranguru\n|\n|-weather|Sandstorm|[upkeep]\n|-damage|p1a: Oranguru|72\/100|[from] Sandstorm\n|-damage|p2a: Quaquaval|68\/100|[from] Sandstorm\n|-damage|p1b: Iron Hands|35\/100|[from] Sandstorm\n|upkeep\n|turn|4\n|\n|t:|1698174389\n|move|p2b: Tyranitar|Earthquake|p1b: Iron Hands|[spread] p2a,p1a,p1b\n|-supereffective|p1b: Iron Hands\n|-damage|p2a: Quaquaval|43\/100\n|-damage|p1a: Oranguru|49\/100\n|-damage|p1b: Iron Hands|7\/100\n|move|p1a: Oranguru|Instruct|p1b: Iron Hands\n|-singleturn|p1b: Iron Hands|move: Instruct|[of] p1a: Oranguru\n|move|p1b: Iron Hands|Belly Drum||[still]\n|-fail|p1b: Iron Hands\n|move|p2a: Quaquaval|Bulk Up|p2a: Quaquaval\n|-boost|p2a: Quaquaval|atk|1\n|-boost|p2a: Quaquaval|def|1\n|move|p1b: Iron Hands|Drain Punch|p2b: Tyranitar\n|-supereffective|p2b: Tyranitar\n|-damage|p2b: Tyranitar|0 fnt\n|-heal|p1b: Iron Hands|50\/100|[from] drain|[of] p2b: Tyranitar\n|faint|p2b: Tyranitar\n|\n|-weather|Sandstorm|[upkeep]\n|-damage|p1a: Oranguru|43\/100|[from] Sandstorm\n|-damage|p2a: Quaquaval|37\/100|[from] Sandstorm\n|-damage|p1b: Iron Hands|44\/100|[from] Sandstorm\n|-sideend|p1: pignitewaggy|move: Tailwind\n|upkeep\n|inactive|chinchan 345 has 120 seconds left.\n|\n|t:|1698174411\n|switch|p2b: Amoonguss|Amoonguss, M|100\/100\n|turn|5\n|\n|t:|1698174424\n|move|p2b: Amoonguss|Sludge Bomb|p1b: Iron Hands\n|-damage|p1b: Iron Hands|24\/100\n|move|p1a: Oranguru|Instruct|p1b: Iron Hands\n|-singleturn|p1b: Iron Hands|move: Instruct|[of] p1a: Oranguru\n|move|p1b: Iron Hands|Drain Punch|p2b: Amoonguss\n|-resisted|p2b: Amoonguss\n|-damage|p2b: Amoonguss|37\/100\n|-heal|p1b: Iron Hands|54\/100|[from] drain|[of] p2b: Amoonguss\n|move|p1b: Iron Hands|Drain Punch|p2a: Quaquaval\n|-damage|p2a: Quaquaval|0 fnt\n|-heal|p1b: Iron Hands|68\/100|[from] drain|[of] p2a: Quaquaval\n|faint|p2a: Quaquaval\n|\n|-weather|none\n|-heal|p2b: Amoonguss|43\/100|[from] item: Black Sludge\n|upkeep\n|inactive|chinchan 345 has 120 seconds left.\n|\n|t:|1698174443\n|switch|p2a: Gholdengo|Gholdengo|58\/100\n|turn|6\n|\n|t:|1698174455\n|move|p2b: Amoonguss|Giga Drain|p1b: Iron Hands\n|-damage|p1b: Iron Hands|49\/100\n|-heal|p2b: Amoonguss|53\/100|[from] drain|[of] p1b: Iron Hands\n|move|p1a: Oranguru|Psychic|p2b: Amoonguss\n|-supereffective|p2b: Amoonguss\n|-damage|p2b: Amoonguss|0 fnt\n|faint|p2b: Amoonguss\n|move|p1b: Iron Hands|Wild Charge|p2a: Gholdengo\n|-damage|p2a: Gholdengo|0 fnt\n|faint|p2a: Gholdengo\n|-damage|p1b: Iron Hands|38\/100|[from] Recoil\n|\n|upkeep\n|c|\u2606pignitewaggy|Womp womp\n|inactive|chinchan 345 has 120 seconds left.\n|\n|t:|1698174492\n|switch|p2b: Iron Treads|Iron Treads|100\/100\n|turn|7\n|c|\u2606pignitewaggy|Your counter tr sucks lil bro\n|\n|t:|1698174511\n|move|p1a: Oranguru|Body Slam|p2b: Iron Treads\n|-resisted|p2b: Iron Treads\n|-damage|p2b: Iron Treads|95\/100\n|move|p1b: Iron Hands|Drain Punch|p2b: Iron Treads\n|-supereffective|p2b: Iron Treads\n|-damage|p2b: Iron Treads|0 fnt\n|-heal|p1b: Iron Hands|77\/100|[from] drain|[of] p2b: Iron Treads\n|faint|p2b: Iron Treads\n|-end|p2b: Iron Treads|Quark Drive|[silent]\n|\n|win|pignitewaggy\n|raw|pignitewaggy's rating: 1103 &rarr; <strong>1124<\/strong><br \/>(+21 for winning)\n|raw|chinchan 345's rating: 1043 &rarr; <strong>1029<\/strong><br \/>(-14 for losing)\n|l|\u2606chinchan 345\n","uploadtime":1698174526,"views":15,"p1id":"pignitewaggy","p2id":"chinchan345","formatid":"gen9doublesou","rating":1029,"private":0,"password":""}