{"id":"gen9doublesou-1976352230","p1":"Supraaaa","p2":"grayomelette","format":"[Gen 9] Doubles OU","log":"|j|\u2606Supraaaa\n|j|\u2606grayomelette\n|t:|1698290070\n|gametype|doubles\n|player|p1|Supraaaa|lucas|1129\n|player|p2|grayomelette|crasherwake|1151\n|teamsize|p1|6\n|teamsize|p2|6\n|gen|9\n|tier|[Gen 9] Doubles OU\n|rated|\n|rule|Species Clause: Limit one of each Pok\u00e9mon\n|rule|OHKO Clause: OHKO moves are banned\n|rule|Evasion Moves Clause: Evasion moves are banned\n|rule|Gravity Sleep Clause: The combination of sleep-inducing moves with imperfect accuracy and Gravity or Gigantamax Orbeetle are banned\n|rule|Endless Battle Clause: Forcing endless battles is banned\n|rule|HP Percentage Mod: HP is shown in percentages\n|clearpoke\n|poke|p1|Oranguru, M|\n|poke|p1|Ursaluna, F|\n|poke|p1|Meowscarada, M|\n|poke|p1|Krookodile, F|\n|poke|p1|Iron Bundle|\n|poke|p1|Flamigo, M|\n|poke|p2|Garchomp, F|\n|poke|p2|Shiftry, M|\n|poke|p2|Enamorus, F|\n|poke|p2|Heatran, F|\n|poke|p2|Ogerpon-Wellspring, F|\n|poke|p2|Espeon, M|\n|teampreview\n|inactive|Battle timer is ON: inactive players will automatically lose when time's up. (requested by Supraaaa)\n|\n|t:|1698290080\n|start\n|switch|p1a: Meowscarada|Meowscarada, M|100\/100\n|switch|p1b: Krookodile|Krookodile, F|100\/100\n|switch|p2a: Shiftry|Shiftry, M|100\/100\n|switch|p2b: Ogerpon|Ogerpon-Wellspring, F|100\/100\n|turn|1\n|\n|t:|1698290092\n|move|p2b: Ogerpon|Follow Me|p2b: Ogerpon\n|-singleturn|p2b: Ogerpon|move: Follow Me\n|move|p1a: Meowscarada|Flower Trick|p2b: Ogerpon\n|-crit|p2b: Ogerpon\n|-damage|p2b: Ogerpon|64\/100\n|move|p1b: Krookodile|Rock Slide|p2a: Shiftry|[spread] p2a,p2b\n|-damage|p2a: Shiftry|81\/100\n|-damage|p2b: Ogerpon|46\/100\n|cant|p2a: Shiftry|flinch\n|\n|upkeep\n|turn|2\n|\n|t:|1698290119\n|move|p1a: Meowscarada|Flower Trick|p1b: Krookodile\n|-supereffective|p1b: Krookodile\n|-crit|p1b: Krookodile\n|-damage|p1b: Krookodile|0 fnt\n|faint|p1b: Krookodile\n|move|p2b: Ogerpon|Ivy Cudgel|p1a: Meowscarada\n|-resisted|p1a: Meowscarada\n|-damage|p1a: Meowscarada|64\/100\n|move|p2a: Shiftry|Tailwind|p2a: Shiftry\n|-sidestart|p2: grayomelette|move: Tailwind\n|-ability|p2a: Shiftry|Wind Rider|boost\n|-boost|p2a: Shiftry|atk|1\n|\n|upkeep\n|inactive|Supraaaa has 120 seconds left.\n|\n|t:|1698290140\n|switch|p1b: Iron Bundle|Iron Bundle|100\/100\n|-enditem|p1b: Iron Bundle|Booster Energy\n|-activate|p1b: Iron Bundle|ability: Quark Drive|[fromitem]\n|-start|p1b: Iron Bundle|quarkdrivespe\n|turn|3\n|c|\u2606grayomelette|???\n|c|\u2606grayomelette|you killed your own krookidile?\n|inactive|grayomelette has 120 seconds left.\n|\n|t:|1698290175\n|switch|p2a: Heatran|Heatran, F|100\/100\n|move|p2b: Ogerpon|Spiky Shield|p2b: Ogerpon\n|-singleturn|p2b: Ogerpon|move: Protect\n|move|p1b: Iron Bundle|Encore||[still]\n|-fail|p1b: Iron Bundle\n|move|p1a: Meowscarada|Flower Trick|p2b: Ogerpon\n|-activate|p2b: Ogerpon|move: Protect\n|\n|upkeep\n|turn|4\n|\n|t:|1698290193\n|move|p1b: Iron Bundle|Hydro Pump|p2a: Heatran|[miss]\n|-miss|p1b: Iron Bundle|p2a: Heatran\n|move|p1a: Meowscarada|Flower Trick|p2b: Ogerpon\n|-crit|p2b: Ogerpon\n|-damage|p2b: Ogerpon|9\/100\n|move|p2b: Ogerpon|Horn Leech|p1b: Iron Bundle\n|-supereffective|p1b: Iron Bundle\n|-damage|p1b: Iron Bundle|3\/100\n|-heal|p2b: Ogerpon|43\/100|[from] drain|[of] p1b: Iron Bundle\n|move|p2a: Heatran|Heat Wave|p1b: Iron Bundle|[spread] p1a,p1b\n|-supereffective|p1a: Meowscarada\n|-damage|p1a: Meowscarada|0 fnt\n|-damage|p1b: Iron Bundle|0 fnt\n|faint|p1a: Meowscarada\n|faint|p1b: Iron Bundle\n|-end|p1b: Iron Bundle|Quark Drive|[silent]\n|-damage|p2a: Heatran|91\/100|[from] item: Life Orb\n|\n|upkeep\n|inactive|Supraaaa has 120 seconds left.\n|inactive|Supraaaa has 90 seconds left.\n|\n|t:|1698290266\n|switch|p1b: Oranguru|Oranguru, M|100\/100\n|switch|p1a: Ursaluna|Ursaluna, F|100\/100\n|turn|5\n|inactive|Supraaaa has 90 seconds left.\n|\n|t:|1698290291\n|switch|p2a: Shiftry|Shiftry, M|81\/100\n|-ability|p2a: Shiftry|Wind Rider|boost\n|-boost|p2a: Shiftry|atk|1\n|-terastallize|p1a: Ursaluna|Ghost\n|move|p2b: Ogerpon|Horn Leech|p1a: Ursaluna\n|-damage|p1a: Ursaluna|69\/100\n|-heal|p2b: Ogerpon|64\/100|[from] drain|[of] p1a: Ursaluna\n|move|p1a: Ursaluna|Belly Drum|p1a: Ursaluna\n|-damage|p1a: Ursaluna|19\/100\n|-setboost|p1a: Ursaluna|atk|6|[from] move: Belly Drum\n|move|p1b: Oranguru|Trick Room|p1b: Oranguru\n|-fieldstart|move: Trick Room|[of] p1b: Oranguru\n|\n|-sideend|p2: grayomelette|move: Tailwind\n|-status|p1a: Ursaluna|brn|[from] item: Flame Orb\n|upkeep\n|turn|6\n|inactive|Supraaaa has 90 seconds left.\n|\n|t:|1698290338\n|move|p2b: Ogerpon|Spiky Shield|p2b: Ogerpon\n|-singleturn|p2b: Ogerpon|move: Protect\n|move|p1a: Ursaluna|Earthquake|p2b: Ogerpon|[spread] p2a\n|-activate|p2b: Ogerpon|move: Protect\n|-activate|p1b: Oranguru|ability: Telepathy\n|-resisted|p2a: Shiftry\n|-damage|p2a: Shiftry|0 fnt\n|faint|p2a: Shiftry\n|move|p1b: Oranguru|Instruct|p1a: Ursaluna\n|-singleturn|p1a: Ursaluna|move: Instruct|[of] p1b: Oranguru\n|move|p1a: Ursaluna|Earthquake|p2b: Ogerpon|[spread] \n|-activate|p2b: Ogerpon|move: Protect\n|-activate|p1b: Oranguru|ability: Telepathy\n|\n|-damage|p1a: Ursaluna|13\/100 brn|[from] brn\n|upkeep\n|inactive|grayomelette has 120 seconds left.\n|\n|t:|1698290355\n|switch|p2a: Heatran|Heatran, F|91\/100\n|turn|7\n|inactive|Supraaaa has 90 seconds left.\n|\n|t:|1698290366\n|move|p2a: Heatran|Protect|p2a: Heatran\n|-singleturn|p2a: Heatran|Protect\n|move|p1a: Ursaluna|Drain Punch|p2b: Ogerpon\n|-damage|p2b: Ogerpon|0 fnt\n|-heal|p1a: Ursaluna|37\/100 brn|[from] drain|[of] p2b: Ogerpon\n|faint|p2b: Ogerpon\n|move|p1b: Oranguru|Instruct|p1a: Ursaluna\n|-singleturn|p1a: Ursaluna|move: Instruct|[of] p1b: Oranguru\n|move|p1a: Ursaluna|Drain Punch|p2a: Heatran\n|-activate|p2a: Heatran|move: Protect\n|\n|-damage|p1a: Ursaluna|31\/100 brn|[from] brn\n|upkeep\n|\n|t:|1698290380\n|switch|p2b: Enamorus|Enamorus, F|100\/100\n|turn|8\n|\n|t:|1698290395\n|-terastallize|p2a: Heatran|Fairy\n|move|p1a: Ursaluna|Facade|p2a: Heatran\n|-damage|p2a: Heatran|0 fnt\n|faint|p2a: Heatran\n|move|p1b: Oranguru|Instruct|p1a: Ursaluna\n|-singleturn|p1a: Ursaluna|move: Instruct|[of] p1b: Oranguru\n|move|p1a: Ursaluna|Facade|p2b: Enamorus\n|-damage|p2b: Enamorus|0 fnt\n|faint|p2b: Enamorus\n|\n|-damage|p1a: Ursaluna|25\/100 brn|[from] brn\n|upkeep\n|\n|t:|1698290407\n|switch|p2a: Garchomp|Garchomp, F|100\/100\n|switch|p2b: Espeon|Espeon, M|100\/100\n|turn|9\n|\n|t:|1698290418\n|move|p2a: Garchomp|Protect|p2a: Garchomp\n|-singleturn|p2a: Garchomp|Protect\n|move|p1a: Ursaluna|Earthquake|p2a: Garchomp|[spread] p2b\n|-activate|p2a: Garchomp|move: Protect\n|-activate|p1b: Oranguru|ability: Telepathy\n|-damage|p2b: Espeon|0 fnt\n|faint|p2b: Espeon\n|move|p1b: Oranguru|Instruct|p1a: Ursaluna\n|-singleturn|p1a: Ursaluna|move: Instruct|[of] p1b: Oranguru\n|move|p1a: Ursaluna|Earthquake|p2a: Garchomp|[spread] \n|-activate|p2a: Garchomp|move: Protect\n|-activate|p1b: Oranguru|ability: Telepathy\n|\n|-damage|p1a: Ursaluna|19\/100 brn|[from] brn\n|-fieldend|move: Trick Room\n|upkeep\n|turn|10\n|\n|t:|1698290435\n|switch|p1b: Flamigo|Flamigo, M|100\/100\n|-copyboost|p1b: Flamigo|p1a: Ursaluna|[from] ability: Costar\n|move|p2a: Garchomp|Earthquake|p1b: Flamigo|[spread] p1a\n|-immune|p1b: Flamigo\n|-damage|p1a: Ursaluna|0 fnt\n|faint|p1a: Ursaluna\n|\n|upkeep\n|\n|t:|1698290442\n|switch|p1a: Oranguru|Oranguru, M|100\/100\n|turn|11\n|\n|t:|1698290454\n|move|p2a: Garchomp|Protect|p2a: Garchomp\n|-singleturn|p2a: Garchomp|Protect\n|move|p1b: Flamigo|Protect|p1b: Flamigo\n|-singleturn|p1b: Flamigo|Protect\n|move|p1a: Oranguru|Yawn|p2a: Garchomp\n|-activate|p2a: Garchomp|move: Protect\n|\n|upkeep\n|turn|12\n|\n|t:|1698290466\n|move|p2a: Garchomp|Dragon Claw|p1b: Flamigo\n|-damage|p1b: Flamigo|42\/100\n|move|p1b: Flamigo|Close Combat|p2a: Garchomp\n|-damage|p2a: Garchomp|0 fnt\n|-unboost|p1b: Flamigo|def|1\n|-unboost|p1b: Flamigo|spd|1\n|-damage|p1b: Flamigo|30\/100|[from] ability: Rough Skin|[of] p2a: Garchomp\n|faint|p2a: Garchomp\n|\n|win|Supraaaa\n|raw|Supraaaa's rating: 1129 &rarr; <strong>1156<\/strong><br \/>(+27 for winning)\n|raw|grayomelette's rating: 1151 &rarr; <strong>1124<\/strong><br \/>(-27 for losing)\n|c|\u2606Supraaaa|Gg\n|c|\u2606grayomelette|ggs\n|c|\u2606grayomelette|that was crazt\n|l|\u2606grayomelette\n|c|\u2606Supraaaa|Yea\n","uploadtime":1698290487,"views":15,"p1id":"supraaaa","p2id":"grayomelette","formatid":"gen9doublesou","rating":1124,"private":0,"password":""}