{"id":"gen9doublesou-1974630445","p1":"Teams in Progress","p2":"Schister","format":"[Gen 9] Doubles OU","log":"|j|\u2606Teams in Progress\n|j|\u2606Schister\n|t:|1698104461\n|gametype|doubles\n|player|p1|Teams in Progress|2|1543\n|player|p2|Schister|clair|1649\n|teamsize|p1|6\n|teamsize|p2|6\n|gen|9\n|tier|[Gen 9] Doubles OU\n|rated|\n|rule|Species Clause: Limit one of each Pok\u00e9mon\n|rule|OHKO Clause: OHKO moves are banned\n|rule|Evasion Moves Clause: Evasion moves are banned\n|rule|Gravity Sleep Clause: The combination of sleep-inducing moves with imperfect accuracy and Gravity or Gigantamax Orbeetle are banned\n|rule|Endless Battle Clause: Forcing endless battles is banned\n|rule|HP Percentage Mod: HP is shown in percentages\n|clearpoke\n|poke|p1|Grimmsnarl, M|\n|poke|p1|Gholdengo|\n|poke|p1|Goodra-Hisui, F|\n|poke|p1|Heatran, M|\n|poke|p1|Tornadus, M|\n|poke|p1|Great Tusk|\n|poke|p2|Tyranitar, F|\n|poke|p2|Arcanine-Hisui, M|\n|poke|p2|Gholdengo|\n|poke|p2|Rillaboom, F|\n|poke|p2|Gliscor, M|\n|poke|p2|Ting-Lu|\n|teampreview\n|inactive|Battle timer is ON: inactive players will automatically lose when time's up. (requested by Schister)\n|inactive|Teams in Progress also wants the timer to be on.\n|\n|t:|1698104477\n|start\n|switch|p1a: Tornadus|Tornadus, M|100\/100\n|switch|p1b: Grimmsnarl|Grimmsnarl, M|100\/100\n|switch|p2a: Tyranitar|Tyranitar, F|100\/100\n|switch|p2b: Ting-Lu|Ting-Lu|100\/100\n|-weather|Sandstorm|[from] ability: Sand Stream|[of] p2a: Tyranitar\n|-ability|p2b: Ting-Lu|Vessel of Ruin\n|turn|1\n|\n|t:|1698104494\n|move|p1a: Tornadus|Tailwind|p1a: Tornadus\n|-sidestart|p1: Teams in Progress|move: Tailwind\n|move|p1b: Grimmsnarl|Reflect|p1b: Grimmsnarl\n|-sidestart|p1: Teams in Progress|Reflect\n|move|p2a: Tyranitar|Rock Slide|p1a: Tornadus|[spread] p1a,p1b\n|-supereffective|p1a: Tornadus\n|-damage|p1a: Tornadus|48\/100\n|-damage|p1b: Grimmsnarl|78\/100\n|move|p2b: Ting-Lu|Stealth Rock|p1b: Grimmsnarl\n|-sidestart|p1: Teams in Progress|move: Stealth Rock\n|\n|-weather|Sandstorm|[upkeep]\n|-damage|p1a: Tornadus|42\/100|[from] Sandstorm\n|-damage|p1b: Grimmsnarl|72\/100|[from] Sandstorm\n|upkeep\n|turn|2\n|inactive|Teams in Progress has 120 seconds left.\n|\n|t:|1698104528\n|move|p1a: Tornadus|Sunny Day|p1a: Tornadus\n|-weather|SunnyDay\n|move|p1b: Grimmsnarl|Parting Shot|p2a: Tyranitar\n|-hint|Since gen 7, Dark is immune to Prankster moves.\n|-immune|p2a: Tyranitar\n|move|p2a: Tyranitar|Knock Off|p1b: Grimmsnarl\n|-resisted|p1b: Grimmsnarl\n|-damage|p1b: Grimmsnarl|63\/100\n|-enditem|p1b: Grimmsnarl|Light Clay|[from] move: Knock Off|[of] p2a: Tyranitar\n|move|p2b: Ting-Lu|Whirlwind|p1a: Tornadus\n|drag|p1a: Goodra|Goodra-Hisui, F|100\/100\n|-damage|p1a: Goodra|94\/100|[from] Stealth Rock\n|\n|-weather|SunnyDay|[upkeep]\n|-heal|p1a: Goodra|100\/100|[from] item: Leftovers\n|upkeep\n|turn|3\n|inactive|Teams in Progress has 120 seconds left.\n|\n|t:|1698104580\n|switch|p2a: Rillaboom|Rillaboom, F|100\/100\n|-fieldstart|move: Grassy Terrain|[from] ability: Grassy Surge|[of] p2a: Rillaboom\n|move|p1b: Grimmsnarl|Spirit Break|p2b: Ting-Lu\n|-supereffective|p2b: Ting-Lu\n|-damage|p2b: Ting-Lu|65\/100\n|-unboost|p2b: Ting-Lu|spa|1\n|move|p1a: Goodra|Body Press|p2a: Rillaboom\n|-crit|p2a: Rillaboom\n|-damage|p2a: Rillaboom|68\/100\n|move|p2b: Ting-Lu|Stomping Tantrum|p1a: Goodra\n|-supereffective|p1a: Goodra\n|-damage|p1a: Goodra|65\/100\n|\n|-weather|SunnyDay|[upkeep]\n|-heal|p1b: Grimmsnarl|69\/100|[from] Grassy Terrain\n|-heal|p1a: Goodra|72\/100|[from] Grassy Terrain\n|-heal|p1a: Goodra|78\/100|[from] item: Leftovers\n|-heal|p2a: Rillaboom|74\/100|[from] Grassy Terrain\n|-heal|p2b: Ting-Lu|71\/100|[from] Grassy Terrain\n|-heal|p2b: Ting-Lu|77\/100|[from] item: Leftovers\n|upkeep\n|turn|4\n|\n|t:|1698104610\n|move|p2a: Rillaboom|Fake Out|p1b: Grimmsnarl\n|-damage|p1b: Grimmsnarl|59\/100\n|cant|p1b: Grimmsnarl|flinch\n|move|p1a: Goodra|Acid Armor|p1a: Goodra\n|-boost|p1a: Goodra|def|2\n|move|p2b: Ting-Lu|Whirlwind|p1a: Goodra\n|drag|p1a: Tornadus|Tornadus, M|42\/100\n|-damage|p1a: Tornadus|17\/100|[from] Stealth Rock\n|\n|-weather|SunnyDay|[upkeep]\n|-heal|p1b: Grimmsnarl|65\/100|[from] Grassy Terrain\n|-heal|p2a: Rillaboom|80\/100|[from] Grassy Terrain\n|-heal|p2b: Ting-Lu|83\/100|[from] Grassy Terrain\n|-heal|p2b: Ting-Lu|89\/100|[from] item: Leftovers\n|-sideend|p1: Teams in Progress|move: Tailwind\n|upkeep\n|turn|5\n|\n|t:|1698104636\n|move|p1a: Tornadus|Tailwind|p1a: Tornadus\n|-sidestart|p1: Teams in Progress|move: Tailwind\n|move|p1b: Grimmsnarl|Parting Shot|p2a: Rillaboom\n|-unboost|p2a: Rillaboom|atk|1\n|-unboost|p2a: Rillaboom|spa|1\n|\n|t:|1698104650\n|switch|p1b: Heatran|Heatran, M|100\/100|[from] Parting Shot\n|-damage|p1b: Heatran|88\/100|[from] Stealth Rock\n|move|p2a: Rillaboom|U-turn|p1a: Tornadus\n|-resisted|p1a: Tornadus\n|-damage|p1a: Tornadus|11\/100\n|\n|t:|1698104661\n|switch|p2a: Gliscor|Gliscor, M|100\/100|[from] U-turn\n|move|p2b: Ting-Lu|Whirlwind|p1b: Heatran\n|drag|p1b: Grimmsnarl|Grimmsnarl, M|65\/100\n|-damage|p1b: Grimmsnarl|52\/100|[from] Stealth Rock\n|\n|-weather|SunnyDay|[upkeep]\n|-heal|p1b: Grimmsnarl|58\/100|[from] Grassy Terrain\n|-heal|p2b: Ting-Lu|96\/100|[from] Grassy Terrain\n|-heal|p2b: Ting-Lu|100\/100|[from] item: Leftovers\n|-status|p2a: Gliscor|tox|[from] item: Toxic Orb\n|upkeep\n|turn|6\n|inactive|Teams in Progress has 120 seconds left.\n|\n|t:|1698104693\n|move|p1b: Grimmsnarl|Parting Shot|p2a: Gliscor\n|-unboost|p2a: Gliscor|atk|1\n|-unboost|p2a: Gliscor|spa|1\n|\n|t:|1698104701\n|switch|p1b: Great Tusk|Great Tusk|100\/100|[from] Parting Shot\n|-damage|p1b: Great Tusk|98\/100|[from] Stealth Rock\n|-activate|p1b: Great Tusk|ability: Protosynthesis\n|-start|p1b: Great Tusk|protosynthesisatk\n|move|p1a: Tornadus|Bleakwind Storm|p2b: Ting-Lu|[spread] p2a,p2b\n|-damage|p2a: Gliscor|75\/100 tox\n|-damage|p2b: Ting-Lu|79\/100\n|-unboost|p2a: Gliscor|spe|1\n|move|p2a: Gliscor|Toxic Spikes|p1a: Tornadus\n|-sidestart|p1: Teams in Progress|move: Toxic Spikes\n|move|p2b: Ting-Lu|Stomping Tantrum|p1b: Great Tusk\n|-damage|p1b: Great Tusk|78\/100\n|\n|-weather|none\n|-end|p1b: Great Tusk|Protosynthesis\n|-heal|p1b: Great Tusk|84\/100|[from] Grassy Terrain\n|-heal|p2b: Ting-Lu|85\/100|[from] Grassy Terrain\n|-heal|p2b: Ting-Lu|91\/100|[from] item: Leftovers\n|-heal|p2a: Gliscor|87\/100 tox|[from] ability: Poison Heal\n|upkeep\n|turn|7\n|\n|t:|1698104727\n|move|p1a: Tornadus|Sunny Day|p1a: Tornadus\n|-weather|SunnyDay\n|-activate|p1b: Great Tusk|ability: Protosynthesis\n|-start|p1b: Great Tusk|protosynthesisatk\n|move|p1b: Great Tusk|Rapid Spin|p2a: Gliscor\n|-damage|p2a: Gliscor|71\/100 tox\n|-boost|p1b: Great Tusk|spe|1\n|-sideend|p1: Teams in Progress|Toxic Spikes|[from] move: Rapid Spin|[of] p1b: Great Tusk\n|-sideend|p1: Teams in Progress|Stealth Rock|[from] move: Rapid Spin|[of] p1b: Great Tusk\n|move|p2a: Gliscor|Toxic Spikes|p1a: Tornadus\n|-sidestart|p1: Teams in Progress|move: Toxic Spikes\n|move|p2b: Ting-Lu|Whirlwind|p1b: Great Tusk\n|-end|p1b: Great Tusk|Protosynthesis|[silent]\n|drag|p1b: Grimmsnarl|Grimmsnarl, M|58\/100\n|-status|p1b: Grimmsnarl|psn\n|\n|-weather|SunnyDay|[upkeep]\n|-heal|p1b: Grimmsnarl|64\/100 psn|[from] Grassy Terrain\n|-heal|p2b: Ting-Lu|97\/100|[from] Grassy Terrain\n|-heal|p2b: Ting-Lu|100\/100|[from] item: Leftovers\n|-damage|p1b: Grimmsnarl|52\/100 psn|[from] psn\n|-heal|p2a: Gliscor|83\/100 tox|[from] ability: Poison Heal\n|-fieldend|move: Grassy Terrain\n|upkeep\n|turn|8\n|inactive|Teams in Progress has 120 seconds left.\n|\n|t:|1698104761\n|move|p1a: Tornadus|Taunt|p2a: Gliscor\n|-start|p2a: Gliscor|move: Taunt\n|move|p1b: Grimmsnarl|Light Screen|p1b: Grimmsnarl\n|-sidestart|p1: Teams in Progress|move: Light Screen\n|move|p2a: Gliscor|Dual Wingbeat|p1a: Tornadus\n|-damage|p1a: Tornadus|4\/100\n|-damage|p1a: Tornadus|0 fnt\n|faint|p1a: Tornadus\n|-hitcount|p1: Tornadus|2\n|move|p2b: Ting-Lu|Stealth Rock|p1b: Grimmsnarl\n|-sidestart|p1: Teams in Progress|move: Stealth Rock\n|\n|-weather|SunnyDay|[upkeep]\n|-damage|p1b: Grimmsnarl|40\/100 psn|[from] psn\n|-heal|p2a: Gliscor|95\/100 tox|[from] ability: Poison Heal\n|-sideend|p1: Teams in Progress|Reflect\n|-sideend|p1: Teams in Progress|move: Tailwind\n|upkeep\n|inactive|Teams in Progress has 90 seconds left.\n|\n|t:|1698104784\n|switch|p1a: Heatran|Heatran, M|88\/100\n|-damage|p1a: Heatran|76\/100|[from] Stealth Rock\n|turn|9\n|\n|t:|1698104795\n|switch|p2a: Tyranitar|Tyranitar, F|100\/100\n|-weather|Sandstorm|[from] ability: Sand Stream|[of] p2a: Tyranitar\n|-terastallize|p1a: Heatran|Grass\n|move|p1b: Grimmsnarl|Reflect|p1b: Grimmsnarl\n|-sidestart|p1: Teams in Progress|Reflect\n|move|p1a: Heatran|Heat Wave|p2b: Ting-Lu|[spread] p2a,p2b\n|-resisted|p2a: Tyranitar\n|-damage|p2a: Tyranitar|95\/100\n|-damage|p2b: Ting-Lu|78\/100\n|move|p2b: Ting-Lu|Stomping Tantrum|p1a: Heatran\n|-resisted|p1a: Heatran\n|-damage|p1a: Heatran|66\/100\n|\n|-weather|Sandstorm|[upkeep]\n|-damage|p1a: Heatran|59\/100|[from] Sandstorm\n|-damage|p1b: Grimmsnarl|33\/100 psn|[from] Sandstorm\n|-heal|p2b: Ting-Lu|84\/100|[from] item: Leftovers\n|-damage|p1b: Grimmsnarl|21\/100 psn|[from] psn\n|upkeep\n|turn|10\n|inactive|Teams in Progress has 90 seconds left.\n|\n|t:|1698104829\n|move|p1b: Grimmsnarl|Parting Shot|p2a: Tyranitar\n|-hint|Since gen 7, Dark is immune to Prankster moves.\n|-immune|p2a: Tyranitar\n|move|p1a: Heatran|Tera Blast|p2b: Ting-Lu|[anim] Tera Blast Grass\n|-supereffective|p2b: Ting-Lu\n|-damage|p2b: Ting-Lu|29\/100\n|move|p2a: Tyranitar|Knock Off|p1a: Heatran\n|-damage|p1a: Heatran|30\/100\n|-enditem|p1a: Heatran|Assault Vest|[from] move: Knock Off|[of] p2a: Tyranitar\n|move|p2b: Ting-Lu|Whirlwind|p1a: Heatran\n|drag|p1a: Gholdengo|Gholdengo|100\/100\n|-damage|p1a: Gholdengo|94\/100|[from] Stealth Rock\n|\n|-weather|Sandstorm|[upkeep]\n|-damage|p1b: Grimmsnarl|15\/100 psn|[from] Sandstorm\n|-heal|p1a: Gholdengo|100\/100|[from] item: Leftovers\n|-heal|p2b: Ting-Lu|35\/100|[from] item: Leftovers\n|-damage|p1b: Grimmsnarl|3\/100 psn|[from] psn\n|upkeep\n|turn|11\n|inactive|Teams in Progress has 90 seconds left.\n|\n|t:|1698104860\n|move|p1a: Gholdengo|Nasty Plot|p1a: Gholdengo\n|-boost|p1a: Gholdengo|spa|2\n|move|p2a: Tyranitar|Knock Off|p1a: Gholdengo\n|-supereffective|p1a: Gholdengo\n|-damage|p1a: Gholdengo|31\/100\n|-enditem|p1a: Gholdengo|Leftovers|[from] move: Knock Off|[of] p2a: Tyranitar\n|move|p1b: Grimmsnarl|Spirit Break|p2b: Ting-Lu\n|-supereffective|p2b: Ting-Lu\n|-damage|p2b: Ting-Lu|0 fnt\n|faint|p2b: Ting-Lu\n|\n|-weather|Sandstorm|[upkeep]\n|-damage|p1b: Grimmsnarl|0 fnt|[from] Sandstorm\n|faint|p1b: Grimmsnarl\n|upkeep\n|inactive|Schister has 120 seconds left.\n|\n|t:|1698104895\n|switch|p1b: Goodra|Goodra-Hisui, F|78\/100\n|switch|p2b: Arcanine|Arcanine-Hisui, M|100\/100\n|-ability|p2b: Arcanine|Intimidate|boost\n|-unboost|p1a: Gholdengo|atk|1\n|-unboost|p1b: Goodra|atk|1\n|-damage|p1b: Goodra|72\/100|[from] Stealth Rock\n|turn|12\n|\n|t:|1698104913\n|move|p1a: Gholdengo|Protect|p1a: Gholdengo\n|-singleturn|p1a: Gholdengo|Protect\n|move|p2b: Arcanine|Flare Blitz|p1a: Gholdengo\n|-activate|p1a: Gholdengo|move: Protect\n|move|p2a: Tyranitar|Low Kick|p1b: Goodra\n|-supereffective|p1b: Goodra\n|-damage|p1b: Goodra|29\/100\n|move|p1b: Goodra|Acid Armor|p1b: Goodra\n|-boost|p1b: Goodra|def|2\n|\n|-weather|Sandstorm|[upkeep]\n|-heal|p1b: Goodra|35\/100|[from] item: Leftovers\n|-sideend|p1: Teams in Progress|move: Light Screen\n|upkeep\n|turn|13\n|inactive|Teams in Progress has 120 seconds left.\n|inactive|Schister has 120 seconds left.\n|\n|t:|1698104943\n|switch|p1a: Heatran|Heatran, M, tera:Grass|30\/100\n|-status|p1a: Heatran|psn\n|-damage|p1a: Heatran|17\/100 psn|[from] Stealth Rock\n|move|p2b: Arcanine|Flare Blitz|p1a: Heatran\n|-start|p1a: Heatran|ability: Flash Fire\n|move|p2a: Tyranitar|Low Kick|p1b: Goodra\n|-supereffective|p1b: Goodra\n|-crit|p1b: Goodra\n|-damage|p1b: Goodra|0 fnt\n|faint|p1b: Goodra\n|\n|-weather|none\n|-damage|p1a: Heatran|5\/100 psn|[from] psn\n|-sideend|p1: Teams in Progress|Reflect\n|upkeep\n|\n|t:|1698104960\n|switch|p1b: Gholdengo|Gholdengo|31\/100\n|-damage|p1b: Gholdengo|25\/100|[from] Stealth Rock\n|turn|14\n|\n|t:|1698104975\n|switch|p2a: Rillaboom|Rillaboom, F|80\/100\n|-fieldstart|move: Grassy Terrain|[from] ability: Grassy Surge|[of] p2a: Rillaboom\n|move|p2b: Arcanine|Flare Blitz|p1b: Gholdengo\n|-supereffective|p1b: Gholdengo\n|-damage|p1b: Gholdengo|0 fnt\n|faint|p1b: Gholdengo\n|-damage|p2b: Arcanine|93\/100|[from] Recoil\n|move|p1a: Heatran|Earth Power|p2b: Arcanine\n|-supereffective|p2b: Arcanine\n|-damage|p2b: Arcanine|0 fnt\n|faint|p2b: Arcanine\n|\n|-heal|p2a: Rillaboom|86\/100|[from] Grassy Terrain\n|-heal|p1a: Heatran|11\/100 psn|[from] Grassy Terrain\n|-damage|p1a: Heatran|0 fnt|[from] psn\n|faint|p1a: Heatran\n|upkeep\n|-message|Teams in Progress forfeited.\n|\n|win|Schister\n|raw|Teams in Progress's rating: 1543 &rarr; <strong>1529<\/strong><br \/>(-14 for losing)\n|raw|Schister's rating: 1649 &rarr; <strong>1663<\/strong><br \/>(+14 for winning)\n|l|\u2606Teams in Progress\n","uploadtime":1698105000,"views":25,"p1id":"teamsinprogress","p2id":"schister","formatid":"gen9doublesou","rating":1529,"private":0,"password":""}