{"id":"gen9doublesou-1979954534","p1":"waterwizardzzzz","p2":"ReligiousTweezer","format":"[Gen 9] Doubles OU","log":"|j|\u2606waterwizardzzzz\n|j|\u2606ReligiousTweezer\n|t:|1698736286\n|gametype|doubles\n|player|p1|waterwizardzzzz|policeman-gen4|1095\n|player|p2|ReligiousTweezer|medium|1086\n|teamsize|p1|6\n|teamsize|p2|6\n|gen|9\n|tier|[Gen 9] Doubles OU\n|rated|\n|rule|Species Clause: Limit one of each Pok\u00e9mon\n|rule|OHKO Clause: OHKO moves are banned\n|rule|Evasion Moves Clause: Evasion moves are banned\n|rule|Gravity Sleep Clause: The combination of sleep-inducing moves with imperfect accuracy and Gravity or Gigantamax Orbeetle are banned\n|rule|Endless Battle Clause: Forcing endless battles is banned\n|rule|HP Percentage Mod: HP is shown in percentages\n|clearpoke\n|poke|p1|Amoonguss, M|\n|poke|p1|Roaring Moon|\n|poke|p1|Iron Bundle|\n|poke|p1|Iron Hands|\n|poke|p1|Flutter Mane|\n|poke|p1|Arcanine, M|\n|poke|p2|Umbreon, F|\n|poke|p2|Torterra, F|\n|poke|p2|Vikavolt, M|\n|poke|p2|Infernape, F|\n|poke|p2|Gholdengo|\n|poke|p2|Walking Wake|\n|teampreview\n|inactive|Battle timer is ON: inactive players will automatically lose when time's up. (requested by ReligiousTweezer)\n|\n|t:|1698736298\n|start\n|switch|p1a: sussy|Amoonguss, M|100\/100\n|switch|p1b: roar|Roaring Moon|100\/100\n|switch|p2a: Blue Moon|Umbreon, F, shiny|100\/100\n|switch|p2b: Sierra Mist|Vikavolt, M, shiny|100\/100\n|-enditem|p1b: roar|Booster Energy\n|-activate|p1b: roar|ability: Protosynthesis|[fromitem]\n|-start|p1b: roar|protosynthesisatk\n|turn|1\n|\n|t:|1698736324\n|-terastallize|p1a: sussy|Water\n|move|p1b: roar|Tailwind|p1b: roar\n|-sidestart|p1: waterwizardzzzz|move: Tailwind\n|move|p1a: sussy|Spore|p2a: Blue Moon\n|-status|p2a: Blue Moon|slp|[from] move: Spore\n|cant|p2a: Blue Moon|slp\n|move|p2b: Sierra Mist|Bug Buzz|p1b: roar\n|-supereffective|p1b: roar\n|-damage|p1b: roar|0 fnt\n|faint|p1b: roar\n|-end|p1b: roar|Protosynthesis|[silent]\n|\n|upkeep\n|inactive|waterwizardzzzz has 120 seconds left.\n|\n|t:|1698736337\n|switch|p1b: Wooooooof|Arcanine, M|100\/100\n|-ability|p1b: Wooooooof|Intimidate|boost\n|-fail|p2a: Blue Moon|unboost|Attack|[from] ability: Inner Focus|[of] p2a: Blue Moon\n|-enditem|p2a: Blue Moon|Adrenaline Orb\n|-boost|p2a: Blue Moon|spe|1|[from] item: Adrenaline Orb\n|-unboost|p2b: Sierra Mist|atk|1\n|turn|2\n|inactive|waterwizardzzzz has 120 seconds left.\n|\n|t:|1698736375\n|-terastallize|p2b: Sierra Mist|Ground\n|move|p1b: Wooooooof|Flare Blitz|p2b: Sierra Mist\n|-damage|p2b: Sierra Mist|55\/100\n|-status|p2b: Sierra Mist|brn\n|-damage|p1b: Wooooooof|89\/100|[from] Recoil\n|cant|p2a: Blue Moon|slp\n|move|p1a: sussy|Spore||[still]\n|-fail|p1a: sussy\n|move|p2b: Sierra Mist|Thunderbolt|p1a: sussy\n|-supereffective|p1a: sussy\n|-damage|p1a: sussy|23\/100\n|\n|-damage|p2b: Sierra Mist|49\/100 brn|[from] brn\n|upkeep\n|turn|3\n|inactive|waterwizardzzzz has 120 seconds left.\n|\n|t:|1698736404\n|switch|p1a: a package|Iron Bundle|100\/100\n|move|p1b: Wooooooof|Flare Blitz|p2a: Blue Moon\n|-damage|p2a: Blue Moon|68\/100 slp\n|-damage|p1b: Wooooooof|79\/100|[from] Recoil\n|-curestatus|p2a: Blue Moon|slp|[msg]\n|move|p2a: Blue Moon|Calm Mind|p2a: Blue Moon\n|-boost|p2a: Blue Moon|spa|1\n|-boost|p2a: Blue Moon|spd|1\n|move|p2b: Sierra Mist|Volt Switch|p1a: a package\n|-supereffective|p1a: a package\n|-damage|p1a: a package|0 fnt\n|faint|p1a: a package\n|-end|p1a: a package|Quark Drive|[silent]\n|\n|t:|1698736420\n|switch|p2b: Super Tyranno|Walking Wake|100\/100|[from] Volt Switch\n|-enditem|p2b: Super Tyranno|Booster Energy\n|-activate|p2b: Super Tyranno|ability: Protosynthesis|[fromitem]\n|-start|p2b: Super Tyranno|protosynthesisspa\n|\n|upkeep\n|\n|t:|1698736426\n|switch|p1a: brain hands|Iron Hands|100\/100\n|turn|4\n|\n|t:|1698736450\n|switch|p1b: flutter flutter|Flutter Mane|100\/100\n|move|p1a: brain hands|Fake Out|p2a: Blue Moon\n|-damage|p2a: Blue Moon|58\/100\n|move|p2b: Super Tyranno|Hydro Steam|p1b: flutter flutter\n|-damage|p1b: flutter flutter|44\/100\n|move|p2a: Blue Moon|Moonlight|p2a: Blue Moon\n|-heal|p2a: Blue Moon|100\/100\n|\n|-sideend|p1: waterwizardzzzz|move: Tailwind\n|upkeep\n|turn|5\n|inactive|waterwizardzzzz has 120 seconds left.\n|\n|t:|1698736484\n|-end|p2b: Super Tyranno|Protosynthesis|[silent]\n|switch|p2b: Cinna-Mon|Gholdengo|100\/100\n|move|p1b: flutter flutter|Protect|p1b: flutter flutter\n|-singleturn|p1b: flutter flutter|Protect\n|move|p2a: Blue Moon|Calm Mind|p2a: Blue Moon\n|-boost|p2a: Blue Moon|spa|1\n|-boost|p2a: Blue Moon|spd|1\n|move|p1a: brain hands|Thunder Punch|p2a: Blue Moon\n|-damage|p2a: Blue Moon|72\/100\n|\n|upkeep\n|turn|6\n|inactive|waterwizardzzzz has 120 seconds left.\n|-message|waterwizardzzzz forfeited.\n|\n|win|ReligiousTweezer\n|raw|waterwizardzzzz's rating: 1095 &rarr; <strong>1070<\/strong><br \/>(-25 for losing)\n|raw|ReligiousTweezer's rating: 1086 &rarr; <strong>1114<\/strong><br \/>(+28 for winning)\n|l|\u2606waterwizardzzzz\n","uploadtime":1698736587,"views":21,"p1id":"waterwizardzzzz","p2id":"religioustweezer","formatid":"gen9doublesou","rating":1070,"private":0,"password":""}