{"id":"gen9doublesou-1986710357","p1":"RLisanidiot","p2":"FOXSSR","format":"[Gen 9] Doubles OU","log":"|j|\u2606RLisanidiot\n|j|\u2606FOXSSR\n|t:|1699511960\n|gametype|doubles\n|player|p1|RLisanidiot|unknownf|1297\n|player|p2|FOXSSR|pokemonbreederf-gen4|1388\n|teamsize|p1|6\n|teamsize|p2|6\n|gen|9\n|tier|[Gen 9] Doubles OU\n|rated|\n|rule|Species Clause: Limit one of each Pok\u00e9mon\n|rule|OHKO Clause: OHKO moves are banned\n|rule|Evasion Moves Clause: Evasion moves are banned\n|rule|Gravity Sleep Clause: The combination of sleep-inducing moves with imperfect accuracy and Gravity or Gigantamax Orbeetle are banned\n|rule|Endless Battle Clause: Forcing endless battles is banned\n|rule|HP Percentage Mod: HP is shown in percentages\n|clearpoke\n|poke|p1|Ninetales-Alola, F|\n|poke|p1|Chien-Pao|\n|poke|p1|Flutter Mane|\n|poke|p1|Tornadus, M|\n|poke|p1|Pachirisu, M|\n|poke|p1|Rillaboom, M|\n|poke|p2|Palafin, M|\n|poke|p2|Arcanine, F|\n|poke|p2|Tornadus, M|\n|poke|p2|Amoonguss, M|\n|poke|p2|Indeedee-F, F|\n|poke|p2|Armarouge, M|\n|teampreview\n|inactive|Battle timer is ON: inactive players will automatically lose when time's up. (requested by RLisanidiot)\n|\n|t:|1699511985\n|start\n|switch|p1a: Ninetales|Ninetales-Alola, F, shiny|100\/100\n|switch|p1b: Pachirisu|Pachirisu, M|100\/100\n|switch|p2a: Indeedee|Indeedee-F, F, shiny|100\/100\n|switch|p2b: Armarouge|Armarouge, M|100\/100\n|-weather|Snow|[from] ability: Snow Warning|[of] p1a: Ninetales\n|-fieldstart|move: Psychic Terrain|[from] ability: Psychic Surge|[of] p2a: Indeedee\n|-enditem|p2a: Indeedee|Psychic Seed\n|-boost|p2a: Indeedee|spd|1|[from] item: Psychic Seed\n|turn|1\n|\n|t:|1699512014\n|switch|p1b: Rillaboom|Rillaboom, M|100\/100\n|-fieldstart|move: Grassy Terrain|[from] ability: Grassy Surge|[of] p1b: Rillaboom\n|move|p1a: Ninetales|Aurora Veil|p1a: Ninetales\n|-sidestart|p1: RLisanidiot|move: Aurora Veil\n|move|p2b: Armarouge|Expanding Force|p1a: Ninetales\n|-damage|p1a: Ninetales|60\/100\n|-damage|p2b: Armarouge|91\/100|[from] item: Life Orb\n|move|p2a: Indeedee|Trick Room|p2a: Indeedee\n|-fieldstart|move: Trick Room|[of] p2a: Indeedee\n|\n|-weather|Snow|[upkeep]\n|-heal|p2b: Armarouge|97\/100|[from] Grassy Terrain\n|-heal|p1a: Ninetales|66\/100|[from] Grassy Terrain\n|upkeep\n|turn|2\n|\n|t:|1699512035\n|switch|p2a: Amoonguss|Amoonguss, M, shiny|100\/100\n|move|p1a: Ninetales|Helping Hand|p1b: Rillaboom\n|-singleturn|p1b: Rillaboom|Helping Hand|[of] p1a: Ninetales\n|move|p2b: Armarouge|Heat Wave|p1a: Ninetales|[spread] p1a\n|-miss|p2b: Armarouge|p1b: Rillaboom\n|-supereffective|p1a: Ninetales\n|-damage|p1a: Ninetales|5\/100\n|-damage|p2b: Armarouge|87\/100|[from] item: Life Orb\n|move|p1b: Rillaboom|U-turn|p2a: Amoonguss\n|-damage|p2a: Amoonguss|48\/100\n|-enditem|p2a: Amoonguss|Sitrus Berry|[eat]\n|-heal|p2a: Amoonguss|73\/100|[from] item: Sitrus Berry\n|\n|t:|1699512051\n|switch|p1b: Tornadus|Tornadus, M|100\/100|[from] U-turn\n|\n|-weather|Snow|[upkeep]\n|-heal|p2a: Amoonguss|79\/100|[from] Grassy Terrain\n|-heal|p2b: Armarouge|93\/100|[from] Grassy Terrain\n|-heal|p1a: Ninetales|11\/100|[from] Grassy Terrain\n|upkeep\n|turn|3\n|\n|t:|1699512064\n|move|p1b: Tornadus|Taunt|p2a: Amoonguss\n|-start|p2a: Amoonguss|move: Taunt\n|cant|p2a: Amoonguss|move: Taunt|Spore\n|move|p2b: Armarouge|Heat Wave|p1b: Tornadus|[spread] p1a,p1b\n|-supereffective|p1a: Ninetales\n|-damage|p1a: Ninetales|0 fnt\n|-damage|p1b: Tornadus|67\/100\n|-status|p1b: Tornadus|brn\n|faint|p1a: Ninetales\n|-damage|p2b: Armarouge|83\/100|[from] item: Life Orb\n|\n|-weather|Snow|[upkeep]\n|-heal|p2a: Amoonguss|85\/100|[from] Grassy Terrain\n|-heal|p2b: Armarouge|89\/100|[from] Grassy Terrain\n|-damage|p1b: Tornadus|60\/100 brn|[from] brn\n|upkeep\n|\n|t:|1699512075\n|switch|p1a: Rillaboom|Rillaboom, M|100\/100\n|turn|4\n|\n|t:|1699512086\n|switch|p2a: Indeedee|Indeedee-F, F, shiny|100\/100\n|-fieldstart|move: Psychic Terrain|[from] ability: Psychic Surge|[of] p2a: Indeedee\n|move|p2b: Armarouge|Expanding Force|p1b: Tornadus|[spread] p1a,p1b\n|-damage|p1a: Rillaboom|35\/100\n|-damage|p1b: Tornadus|7\/100 brn\n|-damage|p2b: Armarouge|80\/100|[from] item: Life Orb\n|move|p1a: Rillaboom|U-turn|p2b: Armarouge\n|-damage|p2b: Armarouge|39\/100\n|\n|t:|1699512098\n|switch|p1a: Chien-Pao|Chien-Pao|100\/100|[from] U-turn\n|-ability|p1a: Chien-Pao|Sword of Ruin\n|move|p1b: Tornadus|Bleakwind Storm|p2b: Armarouge|[spread] p2a,p2b\n|-damage|p2a: Indeedee|69\/100\n|-damage|p2b: Armarouge|7\/100\n|-unboost|p2a: Indeedee|spe|1\n|-unboost|p2b: Armarouge|spe|1\n|\n|-weather|Snow|[upkeep]\n|-damage|p1b: Tornadus|1\/100 brn|[from] brn\n|upkeep\n|turn|5\n|\n|t:|1699512114\n|switch|p1b: Rillaboom|Rillaboom, M|35\/100\n|-fieldstart|move: Grassy Terrain|[from] ability: Grassy Surge|[of] p1b: Rillaboom\n|move|p2a: Indeedee|Follow Me|p2a: Indeedee\n|-singleturn|p2a: Indeedee|move: Follow Me\n|move|p1a: Chien-Pao|Sucker Punch||[still]\n|-fail|p1a: Chien-Pao\n|move|p2b: Armarouge|Heat Wave|p1a: Chien-Pao|[spread] p1a,p1b\n|-supereffective|p1a: Chien-Pao\n|-supereffective|p1b: Rillaboom\n|-damage|p1a: Chien-Pao|43\/100\n|-damage|p1b: Rillaboom|0 fnt\n|faint|p1b: Rillaboom\n|-damage|p2b: Armarouge|0 fnt|[from] item: Life Orb\n|faint|p2b: Armarouge\n|\n|-weather|none\n|-heal|p2a: Indeedee|75\/100|[from] Grassy Terrain\n|-heal|p1a: Chien-Pao|49\/100|[from] Grassy Terrain\n|-fieldend|move: Trick Room\n|upkeep\n|\n|t:|1699512136\n|switch|p1b: Tornadus|Tornadus, M|1\/100 brn\n|switch|p2b: Palafin|Palafin, M, shiny|100\/100\n|turn|6\n|\n|t:|1699512150\n|switch|p2a: Arcanine|Arcanine, F, shiny|100\/100\n|-ability|p2a: Arcanine|Intimidate|boost\n|-unboost|p1a: Chien-Pao|atk|1\n|-unboost|p1b: Tornadus|atk|1\n|move|p2b: Palafin|Protect|p2b: Palafin\n|-singleturn|p2b: Palafin|Protect\n|move|p1a: Chien-Pao|Ice Spinner|p2a: Arcanine\n|-resisted|p2a: Arcanine\n|-damage|p2a: Arcanine|86\/100\n|-fieldend|move: Grassy Terrain\n|move|p1b: Tornadus|Bleakwind Storm|p2a: Arcanine|[spread] \n|-activate|p2b: Palafin|move: Protect\n|-miss|p1b: Tornadus|p2a: Arcanine\n|\n|-heal|p2a: Arcanine|92\/100|[from] item: Leftovers\n|-damage|p1b: Tornadus|0 fnt|[from] brn\n|faint|p1b: Tornadus\n|upkeep\n|\n|t:|1699512163\n|switch|p1b: Pachirisu|Pachirisu, M|100\/100\n|turn|7\n|\n|t:|1699512177\n|switch|p1a: Flutter Mane|Flutter Mane|100\/100\n|detailschange|p2b: Palafin|Palafin-Hero, M, shiny\n|switch|p2b: Amoonguss|Amoonguss, M, shiny|100\/100\n|move|p1b: Pachirisu|Follow Me|p1b: Pachirisu\n|-singleturn|p1b: Pachirisu|move: Follow Me\n|move|p2a: Arcanine|Heat Wave|p1a: Flutter Mane|[spread] p1a,p1b\n|-damage|p1a: Flutter Mane|85\/100\n|-damage|p1b: Pachirisu|83\/100\n|-status|p1a: Flutter Mane|brn\n|\n|-heal|p2a: Arcanine|98\/100|[from] item: Leftovers\n|-damage|p1a: Flutter Mane|79\/100 brn|[from] brn\n|upkeep\n|turn|8\n|\n|t:|1699512198\n|-terastallize|p1a: Flutter Mane|Ghost\n|move|p1a: Flutter Mane|Hex|p2a: Arcanine\n|-crit|p2a: Arcanine\n|-damage|p2a: Arcanine|0 fnt\n|faint|p2a: Arcanine\n|move|p1b: Pachirisu|Nuzzle|p2b: Amoonguss\n|-resisted|p2b: Amoonguss\n|-damage|p2b: Amoonguss|98\/100\n|-status|p2b: Amoonguss|par\n|cant|p2b: Amoonguss|par\n|\n|-damage|p1a: Flutter Mane|73\/100 brn|[from] brn\n|-sideend|p1: RLisanidiot|move: Aurora Veil\n|upkeep\n|inactive|FOXSSR has 120 seconds left.\n|\n|t:|1699512215\n|switch|p2a: Palafin|Palafin-Hero, M, shiny|100\/100\n|-activate|p2a: Palafin|ability: Zero to Hero\n|turn|9\n|\n|t:|1699512223\n|-end|p1a: Flutter Mane|Protosynthesis|[silent]\n|switch|p1a: Chien-Pao|Chien-Pao|49\/100\n|-ability|p1a: Chien-Pao|Sword of Ruin\n|move|p2a: Palafin|Protect|p2a: Palafin\n|-singleturn|p2a: Palafin|Protect\n|move|p1b: Pachirisu|Nuzzle|p2a: Palafin\n|-activate|p2a: Palafin|move: Protect\n|cant|p2b: Amoonguss|par\n|\n|upkeep\n|turn|10\n|\n|t:|1699512245\n|switch|p2a: Indeedee|Indeedee-F, F, shiny|75\/100\n|-fieldstart|move: Psychic Terrain|[from] ability: Psychic Surge|[of] p2a: Indeedee\n|move|p1a: Chien-Pao|Ice Spinner|p2b: Amoonguss\n|-supereffective|p2b: Amoonguss\n|-damage|p2b: Amoonguss|10\/100 par\n|-fieldend|move: Psychic Terrain\n|move|p1b: Pachirisu|Nuzzle|p2a: Indeedee\n|-damage|p2a: Indeedee|69\/100\n|-status|p2a: Indeedee|par\n|move|p2b: Amoonguss|Spore|p1a: Chien-Pao\n|-status|p1a: Chien-Pao|slp|[from] move: Spore\n|\n|upkeep\n|turn|11\n|\n|t:|1699512269\n|cant|p1a: Chien-Pao|slp\n|move|p1b: Pachirisu|U-turn|p2a: Indeedee\n|-supereffective|p2a: Indeedee\n|-damage|p2a: Indeedee|41\/100 par\n|\n|t:|1699512275\n|switch|p1b: Flutter Mane|Flutter Mane, tera:Ghost|73\/100 brn|[from] U-turn\n|move|p2a: Indeedee|Dazzling Gleam|p1a: Chien-Pao|[spread] p1a,p1b\n|-supereffective|p1a: Chien-Pao\n|-damage|p1a: Chien-Pao|22\/100 slp\n|-damage|p1b: Flutter Mane|58\/100 brn\n|move|p2b: Amoonguss|Spore||[still]\n|-fail|p2b: Amoonguss\n|\n|-damage|p1b: Flutter Mane|52\/100 brn|[from] brn\n|upkeep\n|turn|12\n|\n|t:|1699512293\n|switch|p1a: Pachirisu|Pachirisu, M|83\/100\n|switch|p2a: Palafin|Palafin-Hero, M, shiny|100\/100\n|move|p2b: Amoonguss|Rage Powder|p2b: Amoonguss\n|-singleturn|p2b: Amoonguss|move: Rage Powder\n|move|p1b: Flutter Mane|Dazzling Gleam|p2a: Palafin|[spread] p2a,p2b\n|-resisted|p2b: Amoonguss\n|-damage|p2a: Palafin|49\/100\n|-damage|p2b: Amoonguss|0 fnt\n|faint|p2b: Amoonguss\n|\n|-damage|p1b: Flutter Mane|46\/100 brn|[from] brn\n|upkeep\n|\n|t:|1699512309\n|switch|p2b: Tornadus|Tornadus, M|100\/100\n|turn|13\n|\n|t:|1699512322\n|move|p1a: Pachirisu|Follow Me|p1a: Pachirisu\n|-singleturn|p1a: Pachirisu|move: Follow Me\n|move|p2b: Tornadus|Tailwind|p2b: Tornadus\n|-sidestart|p2: FOXSSR|move: Tailwind\n|move|p2a: Palafin|Wave Crash|p1a: Pachirisu\n|-damage|p1a: Pachirisu|0 fnt\n|faint|p1a: Pachirisu\n|-damage|p2a: Palafin|23\/100|[from] Recoil\n|move|p1b: Flutter Mane|Dazzling Gleam|p2a: Palafin|[spread] p2a,p2b\n|-damage|p2a: Palafin|0 fnt\n|-damage|p2b: Tornadus|38\/100\n|faint|p2a: Palafin\n|\n|-damage|p1b: Flutter Mane|40\/100 brn|[from] brn\n|upkeep\n|\n|t:|1699512340\n|switch|p2a: Indeedee|Indeedee-F, F, shiny|41\/100 par\n|switch|p1a: Chien-Pao|Chien-Pao|22\/100 slp\n|-ability|p1a: Chien-Pao|Sword of Ruin\n|-fieldstart|move: Psychic Terrain|[from] ability: Psychic Surge|[of] p2a: Indeedee\n|turn|14\n|\n|t:|1699512355\n|-terastallize|p2a: Indeedee|Fairy\n|move|p2b: Tornadus|Bleakwind Storm|p1a: Chien-Pao|[spread] p1b\n|-miss|p2b: Tornadus|p1a: Chien-Pao\n|-damage|p1b: Flutter Mane|0 fnt\n|faint|p1b: Flutter Mane\n|-end|p1b: Flutter Mane|Protosynthesis|[silent]\n|-curestatus|p1a: Chien-Pao|slp|[msg]\n|move|p1a: Chien-Pao|Ice Spinner|p2a: Indeedee\n|-damage|p2a: Indeedee|0 fnt\n|-fieldend|move: Psychic Terrain\n|faint|p2a: Indeedee\n|\n|upkeep\n|turn|15\n|\n|t:|1699512373\n|move|p1a: Chien-Pao|Sucker Punch|p2b: Tornadus\n|-damage|p2b: Tornadus|0 fnt\n|faint|p2b: Tornadus\n|\n|win|RLisanidiot\n|raw|RLisanidiot's rating: 1297 &rarr; <strong>1328<\/strong><br \/>(+31 for winning)\n|raw|FOXSSR's rating: 1388 &rarr; <strong>1363<\/strong><br \/>(-25 for losing)\n|l|\u2606FOXSSR\n","uploadtime":1699512383,"views":19,"p1id":"rlisanidiot","p2id":"foxssr","formatid":"gen9doublesou","rating":1328,"private":0,"password":""}