{"id":"gen9doublesou-1985116886","p1":"Use Guard Specs","p2":"daniel.verdon","format":"[Gen 9] Doubles OU","log":"|j|\u2606Use Guard Specs\n|j|\u2606daniel.verdon\n|inactive|Battle timer is ON: inactive players will automatically lose when time's up.\n|t:|1699333200\n|gametype|doubles\n|player|p1|Use Guard Specs|scientist-gen4dp|\n|player|p2|daniel.verdon|pokekid|\n|teamsize|p1|6\n|teamsize|p2|6\n|gen|9\n|tier|[Gen 9] Doubles OU\n|rated|Tournament battle\n|rule|Species Clause: Limit one of each Pok\u00e9mon\n|rule|OHKO Clause: OHKO moves are banned\n|rule|Evasion Moves Clause: Evasion moves are banned\n|rule|Gravity Sleep Clause: The combination of sleep-inducing moves with imperfect accuracy and Gravity or Gigantamax Orbeetle are banned\n|rule|Endless Battle Clause: Forcing endless battles is banned\n|rule|HP Percentage Mod: HP is shown in percentages\n|clearpoke\n|poke|p1|Mareanie, M|\n|poke|p1|Spinarak, M|\n|poke|p1|Glimmet, F|\n|poke|p1|Chewtle, F|\n|poke|p1|Nosepass, M|\n|poke|p1|Bronzor|\n|poke|p2|Qwilfish-Hisui, M|\n|poke|p2|Barboach, M|\n|poke|p2|Tadbulb, F|\n|poke|p2|Noibat, M|\n|poke|p2|Happiny, F|\n|poke|p2|Varoom, M|\n|teampreview\n|j|*Lady Monita \u263d\n|\n|t:|1699333225\n|start\n|switch|p1a: Glimmet|Glimmet, F|100\/100\n|switch|p1b: Bronzor|Bronzor|100\/100\n|switch|p2a: Varoom|Varoom, M, shiny|100\/100\n|switch|p2b: Barboach|Barboach, M|100\/100\n|turn|1\n|\n|t:|1699333240\n|move|p2b: Barboach|Dragon Dance|p2b: Barboach\n|-boost|p2b: Barboach|atk|1\n|-boost|p2b: Barboach|spe|1\n|move|p1a: Glimmet|Toxic|p2b: Barboach\n|-status|p2b: Barboach|tox\n|move|p2a: Varoom|Iron Head|p1a: Glimmet\n|-supereffective|p1a: Glimmet\n|-enditem|p1a: Glimmet|Focus Sash\n|-damage|p1a: Glimmet|1\/100\n|-activate|p1a: Glimmet|ability: Toxic Debris\n|-sidestart|p2: daniel.verdon|move: Toxic Spikes\n|move|p1b: Bronzor|Calm Mind|p1b: Bronzor\n|-boost|p1b: Bronzor|spa|1\n|-boost|p1b: Bronzor|spd|1\n|\n|-damage|p2b: Barboach|94\/100 tox|[from] psn\n|upkeep\n|turn|2\n|\n|t:|1699333259\n|move|p2b: Barboach|Earthquake|p1a: Glimmet|[spread] p2a,p1a\n|-immune|p1b: Bronzor|[from] ability: Levitate\n|-supereffective|p2a: Varoom\n|-supereffective|p1a: Glimmet\n|-damage|p2a: Varoom|0 fnt\n|-damage|p1a: Glimmet|0 fnt\n|-activate|p1a: Glimmet|ability: Toxic Debris\n|-sidestart|p2: daniel.verdon|move: Toxic Spikes\n|faint|p2a: Varoom\n|faint|p1a: Glimmet\n|move|p1b: Bronzor|Iron Defense|p1b: Bronzor\n|-boost|p1b: Bronzor|def|2\n|\n|-damage|p2b: Barboach|82\/100 tox|[from] psn\n|upkeep\n|\n|t:|1699333280\n|switch|p1a: Spinarak|Spinarak, M|100\/100\n|switch|p2a: Noibat|Noibat, M, shiny|100\/100\n|turn|3\n|\n|t:|1699333296\n|move|p2b: Barboach|Earthquake|p1b: Bronzor|[spread] p1a\n|-immune|p2a: Noibat\n|-immune|p1b: Bronzor|[from] ability: Levitate\n|-crit|p1a: Spinarak\n|-enditem|p1a: Spinarak|Focus Sash\n|-damage|p1a: Spinarak|1\/100\n|move|p2a: Noibat|Heat Wave|p1b: Bronzor|[spread] \n|-miss|p2a: Noibat|p1a: Spinarak\n|-miss|p2a: Noibat|p1b: Bronzor\n|move|p1a: Spinarak|Sticky Web|p2b: Barboach\n|-sidestart|p2: daniel.verdon|move: Sticky Web\n|move|p1b: Bronzor|Stored Power|p2a: Noibat\n|-damage|p2a: Noibat|0 fnt\n|faint|p2a: Noibat\n|\n|-damage|p2b: Barboach|63\/100 tox|[from] psn\n|upkeep\n|\n|t:|1699333306\n|switch|p2a: Qwilfish|Qwilfish-Hisui, M|100\/100\n|-sideend|p2: daniel.verdon|move: Toxic Spikes|[of] p2a: Qwilfish\n|-activate|p2a: Qwilfish|move: Sticky Web\n|-unboost|p2a: Qwilfish|spe|1\n|-ability|p2a: Qwilfish|Intimidate|boost\n|-unboost|p1a: Spinarak|atk|1\n|-unboost|p1b: Bronzor|atk|1\n|turn|4\n|\n|t:|1699333333\n|move|p2b: Barboach|Liquidation|p1b: Bronzor\n|-damage|p1b: Bronzor|84\/100\n|move|p2a: Qwilfish|Crunch|p1b: Bronzor\n|-supereffective|p1b: Bronzor\n|-damage|p1b: Bronzor|64\/100\n|move|p1a: Spinarak|Lunge|p2a: Qwilfish\n|-damage|p2a: Qwilfish|85\/100\n|-unboost|p2a: Qwilfish|atk|1\n|move|p1b: Bronzor|Stored Power|p2b: Barboach\n|-damage|p2b: Barboach|0 fnt\n|faint|p2b: Barboach\n|\n|upkeep\n|\n|t:|1699333344\n|switch|p2b: Happiny|Happiny, F|100\/100\n|-activate|p2b: Happiny|move: Sticky Web\n|-unboost|p2b: Happiny|spe|1\n|turn|5\n|-message|daniel.verdon forfeited.\n|\n|win|Use Guard Specs\n|n|\u2606Use Guard Specs|useguardspecs\n|n|\u2606daniel.verdon|danielverdon\n|n|*Lady Monita \u263d|ladymonita\n","uploadtime":1699333356,"views":9,"p1id":"useguardspecs","p2id":"danielverdon","formatid":"gen9doublesou","rating":0,"private":0,"password":""}