{"id":"gen9doublesou-1996961154","p1":"kaiegurlmao","p2":"IC1","format":"[Gen 9] Doubles OU","log":"|j|\u2606kaiegurlmao\n|j|\u2606IC1\n|t:|1700749968\n|gametype|doubles\n|player|p1|kaiegurlmao|gambler|\n|player|p2|IC1|firebreather|\n|teamsize|p1|6\n|teamsize|p2|6\n|gen|9\n|tier|[Gen 9] Doubles OU\n|rule|Species Clause: Limit one of each Pok\u00e9mon\n|rule|OHKO Clause: OHKO moves are banned\n|rule|Evasion Moves Clause: Evasion moves are banned\n|rule|Gravity Sleep Clause: The combination of sleep-inducing moves with imperfect accuracy and Gravity or Gigantamax Orbeetle are banned\n|rule|Endless Battle Clause: Forcing endless battles is banned\n|rule|HP Percentage Mod: HP is shown in percentages\n|clearpoke\n|poke|p1|Murkrow, F|\n|poke|p1|Flutter Mane|\n|poke|p1|Amoonguss, F|\n|poke|p1|Kingambit, F|\n|poke|p1|Sneasler, M|\n|poke|p1|Ogerpon-Hearthflame, F|\n|poke|p2|Ogerpon-Wellspring, F|\n|poke|p2|Iron Valiant|\n|poke|p2|Kingambit, M|\n|poke|p2|Cinderace, F|\n|poke|p2|Great Tusk|\n|poke|p2|Dragapult, M|\n|teampreview\n|c|\u2606kaiegurlmao|ok\n|\n|t:|1700750005\n|start\n|switch|p1a: Murkrow|Murkrow, F|100\/100\n|switch|p1b: Sneasler|Sneasler, M|100\/100\n|switch|p2a: Ogerpon|Ogerpon-Wellspring, F|100\/100\n|switch|p2b: Kingambit|Kingambit, M|100\/100\n|turn|1\n|inactive|Battle timer is ON: inactive players will automatically lose when time's up. (requested by kaiegurlmao)\n|\n|t:|1700750051\n|-terastallize|p2b: Kingambit|Fairy\n|move|p1a: Murkrow|Tailwind|p1a: Murkrow\n|-sidestart|p1: kaiegurlmao|move: Tailwind\n|move|p1b: Sneasler|Close Combat|p2b: Kingambit\n|-resisted|p2b: Kingambit\n|-damage|p2b: Kingambit|76\/100\n|-unboost|p1b: Sneasler|def|1\n|-unboost|p1b: Sneasler|spd|1\n|-enditem|p1b: Sneasler|White Herb\n|-clearnegativeboost|p1b: Sneasler|[silent]\n|move|p2a: Ogerpon|Ivy Cudgel|p1b: Sneasler|[anim] Ivy Cudgel Water\n|-damage|p1b: Sneasler|0 fnt\n|faint|p1b: Sneasler\n|move|p2b: Kingambit|Iron Head|p1a: Murkrow\n|-damage|p1a: Murkrow|32\/100\n|\n|-heal|p2b: Kingambit|82\/100|[from] item: Leftovers\n|upkeep\n|c|\u2606kaiegurlmao|i expected that\n|\n|t:|1700750067\n|switch|p1b: Ogerpon|Ogerpon-Hearthflame, F|100\/100\n|-ability|p1b: Ogerpon|Mold Breaker\n|turn|2\n|\n|t:|1700750095\n|-terastallize|p1b: Ogerpon|Fire\n|detailschange|p1b: Ogerpon|Ogerpon-Hearthflame-Tera, F, tera:Fire\n|-ability|p1b: Ogerpon|Embody Aspect (Hearthflame)|boost\n|-boost|p1b: Ogerpon|atk|1\n|move|p1b: Ogerpon|Ivy Cudgel|p2b: Kingambit|[anim] Ivy Cudgel Fire\n|-damage|p2b: Kingambit|0 fnt\n|faint|p2b: Kingambit\n|-end|p2b: Kingambit|fallenundefined|[silent]\n|move|p1a: Murkrow|Brave Bird|p2a: Ogerpon\n|-supereffective|p2a: Ogerpon\n|-damage|p2a: Ogerpon|0 fnt\n|faint|p2a: Ogerpon\n|-damage|p1a: Murkrow|1\/100|[from] Recoil\n|\n|upkeep\n|c|\u2606IC1|fair\n|c|\u2606IC1|noo\n|inactive|IC1 has 270 seconds left.\n|c|\u2606IC1|not king and oger\n|\n|t:|1700750112\n|switch|p2a: Cinderace|Cinderace, F|100\/100\n|switch|p2b: Great Tusk|Great Tusk|100\/100\n|-enditem|p2b: Great Tusk|Booster Energy\n|-activate|p2b: Great Tusk|ability: Protosynthesis|[fromitem]\n|-start|p2b: Great Tusk|protosynthesisatk\n|turn|3\n|c|\u2606kaiegurlmao|i expected terra flying gambit but terra fairy sorta works\n|\n|t:|1700750130\n|move|p1a: Murkrow|Protect|p1a: Murkrow\n|-singleturn|p1a: Murkrow|Protect\n|move|p1b: Ogerpon|Spiky Shield|p1b: Ogerpon\n|-singleturn|p1b: Ogerpon|move: Protect\n|move|p2a: Cinderace|U-turn|p1a: Murkrow\n|-activate|p1a: Murkrow|move: Protect\n|move|p2b: Great Tusk|Headlong Rush|p1b: Ogerpon\n|-activate|p1b: Ogerpon|move: Protect\n|-damage|p2b: Great Tusk|88\/100|[from] Spiky Shield|[of] p1b: Ogerpon\n|\n|upkeep\n|turn|4\n|c|\u2606IC1|fair\n|inactive|IC1 has 270 seconds left.\n|\n|t:|1700750166\n|move|p1b: Ogerpon|Horn Leech|p2b: Great Tusk\n|-supereffective|p2b: Great Tusk\n|-damage|p2b: Great Tusk|0 fnt\n|faint|p2b: Great Tusk\n|-end|p2b: Great Tusk|Protosynthesis|[silent]\n|move|p1a: Murkrow|Brave Bird|p2a: Cinderace\n|-damage|p2a: Cinderace|53\/100\n|-damage|p1a: Murkrow|0 fnt|[from] Recoil\n|faint|p1a: Murkrow\n|move|p2a: Cinderace|Pyro Ball|p1b: Ogerpon\n|-resisted|p1b: Ogerpon\n|-damage|p1b: Ogerpon|69\/100\n|\n|-sideend|p1: kaiegurlmao|move: Tailwind\n|upkeep\n|c|\u2606kaiegurlmao|terra flying nullifies ground weakness so is generally better\n|c|\u2606IC1|oo\n|inactive|IC1 has 270 seconds left.\n|\n|t:|1700750204\n|switch|p2b: Dragapult|Dragapult, M|100\/100\n|switch|p1a: Flutter Mane|Flutter Mane|100\/100\n|-enditem|p1a: Flutter Mane|Booster Energy\n|-activate|p1a: Flutter Mane|ability: Protosynthesis|[fromitem]\n|-start|p1a: Flutter Mane|protosynthesisspa\n|turn|5\n|c|\u2606IC1|ite fuck\n|inactive|IC1 has 270 seconds left.\n|\n|t:|1700750230\n|move|p2b: Dragapult|Shadow Ball|p1a: Flutter Mane\n|-supereffective|p1a: Flutter Mane\n|-damage|p1a: Flutter Mane|0 fnt\n|faint|p1a: Flutter Mane\n|-end|p1a: Flutter Mane|Protosynthesis|[silent]\n|move|p2a: Cinderace|Pyro Ball|p1b: Ogerpon\n|-resisted|p1b: Ogerpon\n|-crit|p1b: Ogerpon\n|-damage|p1b: Ogerpon|22\/100\n|move|p1b: Ogerpon|Knock Off|p2b: Dragapult\n|-supereffective|p2b: Dragapult\n|-damage|p2b: Dragapult|0 fnt\n|-enditem|p2b: Dragapult|Choice Specs|[from] move: Knock Off|[of] p1b: Ogerpon\n|faint|p2b: Dragapult\n|\n|upkeep\n|\n|t:|1700750255\n|switch|p2b: Iron Valiant|Iron Valiant|100\/100\n|switch|p1a: Kingambit|Kingambit, F|100\/100\n|-activate|p1a: Kingambit|ability: Supreme Overlord\n|-start|p1a: Kingambit|fallen3|[silent]\n|-enditem|p2b: Iron Valiant|Booster Energy\n|-activate|p2b: Iron Valiant|ability: Quark Drive|[fromitem]\n|-start|p2b: Iron Valiant|quarkdrivespe\n|turn|6\n|\n|t:|1700750280\n|move|p1b: Ogerpon|Spiky Shield|p1b: Ogerpon\n|-singleturn|p1b: Ogerpon|move: Protect\n|move|p1a: Kingambit|Sucker Punch|p2a: Cinderace\n|-damage|p2a: Cinderace|0 fnt\n|faint|p2a: Cinderace\n|move|p2b: Iron Valiant|Close Combat|p1a: Kingambit\n|-supereffective|p1a: Kingambit\n|-damage|p1a: Kingambit|0 fnt\n|-unboost|p2b: Iron Valiant|def|1\n|-unboost|p2b: Iron Valiant|spd|1\n|faint|p1a: Kingambit\n|-end|p1a: Kingambit|fallen3|[silent]\n|\n|upkeep\n|\n|t:|1700750288\n|switch|p1a: Amoonguss|Amoonguss, F|100\/100\n|turn|7\n|c|\u2606IC1|yess\n|c|\u2606IC1|now gg\n|\n|t:|1700750301\n|move|p2b: Iron Valiant|Close Combat|p1b: Ogerpon\n|-damage|p1b: Ogerpon|0 fnt\n|-unboost|p2b: Iron Valiant|def|1\n|-unboost|p2b: Iron Valiant|spd|1\n|faint|p1b: Ogerpon\n|move|p1a: Amoonguss|Spore|p2b: Iron Valiant\n|-status|p2b: Iron Valiant|slp|[from] move: Spore\n|\n|upkeep\n|turn|8\n|c|\u2606IC1|wow\n|c|\u2606IC1|fuck\n|c|\u2606kaiegurlmao|ahem\n|\n|t:|1700750312\n|cant|p2b: Iron Valiant|slp\n|move|p1a: Amoonguss|Sludge Bomb|p2b: Iron Valiant\n|-supereffective|p2b: Iron Valiant\n|-damage|p2b: Iron Valiant|0 fnt\n|faint|p2b: Iron Valiant\n|-end|p2b: Iron Valiant|Quark Drive|[silent]\n|\n|win|kaiegurlmao\n|c|\u2606IC1|gg\n|c|\u2606kaiegurlmao|sus\n|c|\u2606IC1|gaga\n|c|\u2606kaiegurlmao|amoonguss\n|c|\u2606IC1|haaha\n|c|\u2606IC1|im always ssu xd\n","uploadtime":1700750323,"views":1,"p1id":"kaiegurlmao","p2id":"ic1","formatid":"gen9doublesou","rating":0,"private":0,"password":""}