{"id":"gen9doublesou-1991582711","p1":"Yaz anzu","p2":"Gilly7715","format":"[Gen 9] Doubles OU","log":"|j|\u2606Yaz anzu\n|j|\u2606Gilly7715\n|t:|1700090839\n|gametype|doubles\n|player|p1|Yaz anzu|101|1204\n|player|p2|Gilly7715|169|1124\n|teamsize|p1|6\n|teamsize|p2|6\n|gen|9\n|tier|[Gen 9] Doubles OU\n|rated|\n|rule|Species Clause: Limit one of each Pok\u00e9mon\n|rule|OHKO Clause: OHKO moves are banned\n|rule|Evasion Moves Clause: Evasion moves are banned\n|rule|Gravity Sleep Clause: The combination of sleep-inducing moves with imperfect accuracy and Gravity or Gigantamax Orbeetle are banned\n|rule|Endless Battle Clause: Forcing endless battles is banned\n|rule|HP Percentage Mod: HP is shown in percentages\n|clearpoke\n|poke|p1|Breloom, F|\n|poke|p1|Mew|\n|poke|p1|Arcanine-Hisui, F|\n|poke|p1|Houndoom, F|\n|poke|p1|Rillaboom, M|\n|poke|p1|Enamorus, F|\n|poke|p2|Scizor, F|\n|poke|p2|Volcarona, F|\n|poke|p2|Slither Wing|\n|poke|p2|Heracross, M|\n|poke|p2|Kleavor, F|\n|poke|p2|Illumise, F|\n|teampreview\n|inactive|Battle timer is ON: inactive players will automatically lose when time's up. (requested by Yaz anzu)\n|\n|t:|1700090868\n|start\n|switch|p1a: Mew|Mew|100\/100\n|switch|p1b: Breloom|Breloom, F|100\/100\n|switch|p2a: Slither Wing|Slither Wing|100\/100\n|switch|p2b: Heracross|Heracross, M|100\/100\n|turn|1\n|\n|t:|1700090883\n|move|p1a: Mew|Protect|p1a: Mew\n|-singleturn|p1a: Mew|Protect\n|move|p2a: Slither Wing|First Impression|p1a: Mew\n|-activate|p1a: Mew|move: Protect\n|move|p2b: Heracross|Rock Slide|p1a: Mew|[spread] p1b\n|-activate|p1a: Mew|move: Protect\n|-resisted|p1b: Breloom\n|-damage|p1b: Breloom|87\/100\n|move|p1b: Breloom|Spore|p2b: Heracross\n|-status|p2b: Heracross|slp|[from] move: Spore\n|\n|upkeep\n|turn|2\n|\n|t:|1700090902\n|cant|p2b: Heracross|slp\n|move|p1b: Breloom|Spore|p2a: Slither Wing\n|-status|p2a: Slither Wing|slp|[from] move: Spore\n|move|p1a: Mew|Imprison|p1a: Mew\n|-start|p1a: Mew|move: Imprison\n|cant|p2a: Slither Wing|slp\n|\n|upkeep\n|turn|3\n|\n|t:|1700090918\n|switch|p1b: Houndoom|Houndoom, F|100\/100\n|cant|p2b: Heracross|slp\n|move|p1a: Mew|Dazzling Gleam|p2a: Slither Wing|[spread] p2a,p2b\n|-supereffective|p2a: Slither Wing\n|-supereffective|p2b: Heracross\n|-damage|p2a: Slither Wing|78\/100 slp\n|-damage|p2b: Heracross|69\/100 slp\n|cant|p2a: Slither Wing|slp\n|\n|upkeep\n|turn|4\n|inactive|Yaz anzu has 120 seconds left.\n|\n|t:|1700090951\n|-curestatus|p2b: Heracross|slp|[msg]\n|move|p2b: Heracross|Rock Slide|p1b: Houndoom|[spread] p1a,p1b\n|-supereffective|p1b: Houndoom\n|-damage|p1a: Mew|85\/100\n|-damage|p1b: Houndoom|19\/100\n|move|p1a: Mew|Transform|p2b: Heracross\n|-transform|p1a: Mew|p2b: Heracross\n|cant|p1b: Houndoom|flinch\n|-curestatus|p2a: Slither Wing|slp|[msg]\n|cant|p2a: Slither Wing|move: Imprison|Close Combat\n|\n|-heal|p1b: Houndoom|26\/100|[from] item: Leftovers\n|-heal|p1a: Mew|92\/100|[from] item: Leftovers\n|upkeep\n|turn|5\n|inactive|Yaz anzu has 120 seconds left.\n|\n|t:|1700090984\n|switch|p2b: Kleavor|Kleavor, F|100\/100\n|move|p1b: Houndoom|Sludge Bomb|p2a: Slither Wing\n|-damage|p2a: Slither Wing|53\/100\n|move|p1a: Mew|Rock Slide|p2a: Slither Wing|[spread] p2a,p2b\n|-supereffective|p2b: Kleavor\n|-damage|p2a: Slither Wing|34\/100\n|-damage|p2b: Kleavor|58\/100\n|move|p2a: Slither Wing|Flare Blitz|p1a: Mew\n|-supereffective|p1a: Mew\n|-damage|p1a: Mew|0 fnt\n|faint|p1a: Mew\n|-damage|p2a: Slither Wing|1\/100|[from] Recoil\n|\n|-heal|p1b: Houndoom|32\/100|[from] item: Leftovers\n|upkeep\n|\n|t:|1700091004\n|switch|p1a: Enamorus|Enamorus, F|100\/100\n|turn|6\n|inactive|Yaz anzu has 120 seconds left.\n|\n|t:|1700091015\n|-end|p2a: Slither Wing|Protosynthesis|[silent]\n|switch|p2a: Illumise|Illumise, F|100\/100\n|move|p1a: Enamorus|Springtide Storm|p2a: Illumise|[spread] p2a,p2b\n|-damage|p2a: Illumise|59\/100\n|-damage|p2b: Kleavor|19\/100\n|-unboost|p2b: Kleavor|atk|1\n|move|p1b: Houndoom|Dark Pulse|p2b: Kleavor\n|-damage|p2b: Kleavor|0 fnt\n|faint|p2b: Kleavor\n|\n|-heal|p1b: Houndoom|38\/100|[from] item: Leftovers\n|upkeep\n|\n|t:|1700091021\n|switch|p2b: Slither Wing|Slither Wing|1\/100\n|turn|7\n|\n|t:|1700091039\n|move|p2b: Slither Wing|First Impression|p1b: Houndoom\n|-damage|p1b: Houndoom|0 fnt\n|faint|p1b: Houndoom\n|move|p2a: Illumise|Thunder Wave|p1a: Enamorus\n|-status|p1a: Enamorus|par\n|move|p1a: Enamorus|Springtide Storm|p2b: Slither Wing|[spread] p2a\n|-miss|p1a: Enamorus|p2b: Slither Wing\n|-damage|p2a: Illumise|21\/100\n|-unboost|p2a: Illumise|atk|1\n|\n|upkeep\n|\n|t:|1700091054\n|switch|p1b: Rillaboom|Rillaboom, M|100\/100\n|-fieldstart|move: Grassy Terrain|[from] ability: Grassy Surge|[of] p1b: Rillaboom\n|turn|8\n|\n|t:|1700091063\n|move|p1b: Rillaboom|Fake Out|p2b: Slither Wing\n|-damage|p2b: Slither Wing|0 fnt\n|faint|p2b: Slither Wing\n|-end|p2b: Slither Wing|Protosynthesis|[silent]\n|-damage|p1b: Rillaboom|91\/100|[from] item: Life Orb\n|move|p2a: Illumise|Thunder Wave|p1b: Rillaboom\n|-status|p1b: Rillaboom|par\n|move|p1a: Enamorus|Superpower|p2a: Illumise\n|-resisted|p2a: Illumise\n|-damage|p2a: Illumise|5\/100\n|-boost|p1a: Enamorus|atk|1\n|-boost|p1a: Enamorus|def|1\n|\n|-heal|p2a: Illumise|11\/100|[from] Grassy Terrain\n|-heal|p1b: Rillaboom|97\/100 par|[from] Grassy Terrain\n|upkeep\n|\n|t:|1700091079\n|switch|p2b: Heracross|Heracross, M|69\/100\n|turn|9\n|\n|t:|1700091093\n|move|p2a: Illumise|Helping Hand|p2b: Heracross\n|-singleturn|p2b: Heracross|Helping Hand|[of] p2a: Illumise\n|cant|p1b: Rillaboom|par\n|move|p2b: Heracross|Rock Slide|p1b: Rillaboom|[spread] p1a,p1b\n|-supereffective|p1a: Enamorus\n|-damage|p1a: Enamorus|30\/100 par\n|-damage|p1b: Rillaboom|67\/100 par\n|move|p1a: Enamorus|Mystical Fire|p2b: Heracross\n|-supereffective|p2b: Heracross\n|-damage|p2b: Heracross|7\/100\n|-unboost|p2b: Heracross|spa|1\n|\n|-heal|p2b: Heracross|13\/100|[from] Grassy Terrain\n|-heal|p2a: Illumise|17\/100|[from] Grassy Terrain\n|-heal|p1a: Enamorus|36\/100 par|[from] item: Leftovers\n|-heal|p1b: Rillaboom|74\/100 par|[from] Grassy Terrain\n|upkeep\n|turn|10\n|\n|t:|1700091119\n|move|p2a: Illumise|Tailwind|p2a: Illumise\n|-sidestart|p2: Gilly7715|move: Tailwind\n|move|p1b: Rillaboom|Grassy Glide|p2b: Heracross\n|-resisted|p2b: Heracross\n|-damage|p2b: Heracross|0 fnt\n|faint|p2b: Heracross\n|-damage|p1b: Rillaboom|64\/100 par|[from] item: Life Orb\n|move|p1a: Enamorus|Mystical Fire|p2a: Illumise\n|-supereffective|p2a: Illumise\n|-damage|p2a: Illumise|0 fnt\n|faint|p2a: Illumise\n|\n|-heal|p1a: Enamorus|42\/100 par|[from] item: Leftovers\n|-heal|p1b: Rillaboom|70\/100 par|[from] Grassy Terrain\n|upkeep\n|\n|t:|1700091125\n|switch|p2b: Volcarona|Volcarona, F|100\/100\n|switch|p2a: Scizor|Scizor, F|100\/100\n|turn|11\n|\n|t:|1700091151\n|switch|p1b: Arcanine|Arcanine-Hisui, F|100\/100\n|move|p2a: Scizor|Bullet Punch|p1a: Enamorus\n|-supereffective|p1a: Enamorus\n|-damage|p1a: Enamorus|0 fnt\n|faint|p1a: Enamorus\n|move|p2b: Volcarona|Heat Wave|p1b: Arcanine\n|-start|p1b: Arcanine|ability: Flash Fire\n|\n|upkeep\n|inactive|Yaz anzu has 120 seconds left.\n|\n|t:|1700091167\n|switch|p1a: Breloom|Breloom, F|87\/100\n|turn|12\n|\n|t:|1700091185\n|-terastallize|p2b: Volcarona|Grass\n|move|p2a: Scizor|Bullet Punch|p1b: Arcanine\n|-damage|p1b: Arcanine|64\/100\n|move|p2b: Volcarona|Heat Wave|p1a: Breloom|[spread] p1a\n|-immune|p1b: Arcanine|[from] ability: Flash Fire\n|-supereffective|p1a: Breloom\n|-damage|p1a: Breloom|0 fnt\n|faint|p1a: Breloom\n|move|p1b: Arcanine|Rock Slide|p2b: Volcarona|[spread] p2b\n|-miss|p1b: Arcanine|p2a: Scizor\n|-damage|p2b: Volcarona|56\/100\n|\n|-heal|p2b: Volcarona|62\/100|[from] Grassy Terrain\n|-heal|p1b: Arcanine|70\/100|[from] Grassy Terrain\n|-heal|p1b: Arcanine|76\/100|[from] item: Leftovers\n|-fieldend|move: Grassy Terrain\n|upkeep\n|inactive|Yaz anzu has 120 seconds left.\n|\n|t:|1700091206\n|switch|p1a: Rillaboom|Rillaboom, M|70\/100 par\n|-fieldstart|move: Grassy Terrain|[from] ability: Grassy Surge|[of] p1a: Rillaboom\n|turn|13\n|\n|t:|1700091221\n|move|p1a: Rillaboom|Fake Out|p2b: Volcarona\n|-damage|p2b: Volcarona|36\/100\n|-damage|p1a: Rillaboom|60\/100 par|[from] item: Life Orb\n|cant|p2b: Volcarona|flinch\n|move|p2a: Scizor|Wing Attack|p1a: Rillaboom\n|-supereffective|p1a: Rillaboom\n|-damage|p1a: Rillaboom|0 fnt\n|faint|p1a: Rillaboom\n|move|p1b: Arcanine|Flare Blitz|p2a: Scizor\n|-supereffective|p2a: Scizor\n|-damage|p2a: Scizor|0 fnt\n|faint|p2a: Scizor\n|-damage|p1b: Arcanine|42\/100|[from] Recoil\n|\n|-heal|p2b: Volcarona|42\/100|[from] Grassy Terrain\n|-heal|p1b: Arcanine|48\/100|[from] Grassy Terrain\n|-heal|p1b: Arcanine|54\/100|[from] item: Leftovers\n|-sideend|p2: Gilly7715|move: Tailwind\n|upkeep\n|turn|14\n|\n|t:|1700091244\n|move|p1b: Arcanine|Extreme Speed|p2b: Volcarona\n|-damage|p2b: Volcarona|1\/100\n|move|p2b: Volcarona|Solar Beam||[still]\n|-prepare|p2b: Volcarona|Solar Beam\n|-enditem|p2b: Volcarona|Power Herb\n|-anim|p2b: Volcarona|Solar Beam|p1b: Arcanine\n|-damage|p1b: Arcanine|0 fnt\n|faint|p1b: Arcanine\n|\n|win|Gilly7715\n|raw|Yaz anzu's rating: 1204 &rarr; <strong>1173<\/strong><br \/>(-31 for losing)\n|raw|Gilly7715's rating: 1124 &rarr; <strong>1155<\/strong><br \/>(+31 for winning)\n|l|\u2606Yaz anzu\n","uploadtime":1700091263,"views":5,"p1id":"yazanzu","p2id":"gilly7715","formatid":"gen9doublesou","rating":1155,"private":0,"password":""}