{"id":"gen9doublesou-1971750658","p1":"parroti77","p2":"sophie_the_stimky","format":"[Gen 9] Doubles OU","log":"|j|\u2606parroti77\n|j|\u2606sophie_the_stimky\n|t:|1697767967\n|gametype|doubles\n|player|p1|parroti77|barry|1115\n|player|p2|sophie_the_stimky|266|1056\n|teamsize|p1|6\n|teamsize|p2|6\n|gen|9\n|tier|[Gen 9] Doubles OU\n|rated|\n|rule|Species Clause: Limit one of each Pok\u00e9mon\n|rule|OHKO Clause: OHKO moves are banned\n|rule|Evasion Moves Clause: Evasion moves are banned\n|rule|Gravity Sleep Clause: The combination of sleep-inducing moves with imperfect accuracy and Gravity or Gigantamax Orbeetle are banned\n|rule|Endless Battle Clause: Forcing endless battles is banned\n|rule|HP Percentage Mod: HP is shown in percentages\n|clearpoke\n|poke|p1|Torterra, F|\n|poke|p1|Arcanine, M|\n|poke|p1|Flutter Mane|\n|poke|p1|Gliscor, F|\n|poke|p1|Luxray, F|\n|poke|p1|Bisharp, M|\n|poke|p2|Trevenant, M|\n|poke|p2|Blissey, F|\n|poke|p2|Orthworm, F|\n|poke|p2|Chandelure, M|\n|poke|p2|Kleavor, F|\n|poke|p2|Landorus-Therian, M|\n|teampreview\n|inactive|Battle timer is ON: inactive players will automatically lose when time's up. (requested by sophie_the_stimky)\n|\n|t:|1697768015\n|start\n|switch|p1a: Gliscor|Gliscor, F|100\/100\n|switch|p1b: Bisharp|Bisharp, M, shiny|100\/100\n|switch|p2a: Trevenant|Trevenant, M|100\/100\n|switch|p2b: Orthworm|Orthworm, F|100\/100\n|turn|1\n|\n|t:|1697768039\n|move|p1a: Gliscor|Earth Power|p2b: Orthworm\n|-immune|p2b: Orthworm|[from] ability: Earth Eater\n|move|p1b: Bisharp|Swords Dance|p1b: Bisharp\n|-boost|p1b: Bisharp|atk|2\n|move|p2b: Orthworm|Curse|p2b: Orthworm\n|-unboost|p2b: Orthworm|spe|1\n|-boost|p2b: Orthworm|atk|1\n|-boost|p2b: Orthworm|def|1\n|move|p2a: Trevenant|Trick Room|p2a: Trevenant\n|-fieldstart|move: Trick Room|[of] p2a: Trevenant\n|\n|-status|p1a: Gliscor|tox|[from] item: Toxic Orb\n|upkeep\n|turn|2\n|inactive|parroti77 has 120 seconds left.\n|\n|t:|1697768075\n|switch|p1b: Arcanine|Arcanine, M|100\/100\n|-ability|p1b: Arcanine|Intimidate|boost\n|-unboost|p2a: Trevenant|atk|1\n|-unboost|p2b: Orthworm|atk|1\n|move|p2b: Orthworm|Body Press|p1b: Arcanine\n|-damage|p1b: Arcanine|39\/100\n|move|p2a: Trevenant|Bulldoze|p1b: Arcanine|[spread] p1b\n|-immune|p2b: Orthworm|[from] ability: Earth Eater\n|-immune|p1a: Gliscor\n|-supereffective|p1b: Arcanine\n|-damage|p1b: Arcanine|10\/100\n|-unboost|p1b: Arcanine|spe|1\n|move|p1a: Gliscor|Aerial Ace|p2a: Trevenant\n|-supereffective|p2a: Trevenant\n|-damage|p2a: Trevenant|50\/100\n|-enditem|p2a: Trevenant|Sitrus Berry|[eat]\n|-heal|p2a: Trevenant|75\/100|[from] item: Sitrus Berry\n|\n|-item|p2a: Trevenant|Sitrus Berry|[from] ability: Harvest\n|upkeep\n|turn|3\n|inactive|parroti77 has 120 seconds left.\n|\n|t:|1697768104\n|switch|p1b: Torterra|Torterra, F|100\/100\n|move|p2b: Orthworm|Heavy Slam|p1a: Gliscor\n|-damage|p1a: Gliscor|59\/100 tox\n|move|p2a: Trevenant|Bulldoze|p1b: Torterra|[spread] p1b\n|-immune|p2b: Orthworm|[from] ability: Earth Eater\n|-immune|p1a: Gliscor\n|-resisted|p1b: Torterra\n|-damage|p1b: Torterra|96\/100\n|-unboost|p1b: Torterra|spe|1\n|move|p1a: Gliscor|Aerial Ace|p2a: Trevenant\n|-supereffective|p2a: Trevenant\n|-damage|p2a: Trevenant|18\/100\n|-enditem|p2a: Trevenant|Sitrus Berry|[eat]\n|-heal|p2a: Trevenant|43\/100|[from] item: Sitrus Berry\n|\n|-heal|p1a: Gliscor|71\/100 tox|[from] ability: Poison Heal\n|upkeep\n|turn|4\n|inactive|parroti77 has 120 seconds left.\n|inactive|sophie_the_stimky has 120 seconds left.\n|\n|t:|1697768135\n|move|p2b: Orthworm|Body Press|p1b: Torterra\n|-damage|p1b: Torterra|51\/100\n|-damage|p2b: Orthworm|84\/100|[from] item: Rocky Helmet|[of] p1b: Torterra\n|move|p2a: Trevenant|Leech Seed|p1a: Gliscor\n|-start|p1a: Gliscor|move: Leech Seed\n|move|p1b: Torterra|Iron Defense|p1b: Torterra\n|-boost|p1b: Torterra|def|2\n|move|p1a: Gliscor|Aerial Ace|p2a: Trevenant\n|-supereffective|p2a: Trevenant\n|-damage|p2a: Trevenant|0 fnt\n|faint|p2a: Trevenant\n|\n|-heal|p2b: Orthworm|90\/100|[from] item: Leftovers\n|-heal|p1a: Gliscor|84\/100 tox|[from] ability: Poison Heal\n|upkeep\n|inactive|sophie_the_stimky has 120 seconds left.\n|\n|t:|1697768152\n|switch|p2a: Chandelure|Chandelure, M|100\/100\n|turn|5\n|\n|t:|1697768168\n|-terastallize|p2b: Orthworm|Steel\n|move|p2a: Chandelure|Flamethrower|p1b: Torterra\n|-supereffective|p1b: Torterra\n|-damage|p1b: Torterra|0 fnt\n|faint|p1b: Torterra\n|move|p2b: Orthworm|Heavy Slam|p1a: Gliscor\n|-damage|p1a: Gliscor|27\/100 tox\n|move|p1a: Gliscor|Rock Slide|p2b: Orthworm|[spread] p2a,p2b\n|-supereffective|p2a: Chandelure\n|-resisted|p2b: Orthworm\n|-damage|p2a: Chandelure|65\/100\n|-damage|p2b: Orthworm|87\/100\n|\n|-heal|p2b: Orthworm|93\/100|[from] item: Leftovers\n|-damage|p1a: Gliscor|15\/100 tox|[from] Leech Seed|[of] p2a: Chandelure\n|-heal|p2a: Chandelure|76\/100|[silent]\n|-heal|p1a: Gliscor|27\/100 tox|[from] ability: Poison Heal\n|-fieldend|move: Trick Room\n|upkeep\n|inactive|parroti77 has 120 seconds left.\n|\n|t:|1697768189\n|switch|p1b: Flutter Mane|Flutter Mane|100\/100\n|turn|6\n|\n|t:|1697768210\n|-terastallize|p1b: Flutter Mane|Normal\n|move|p1b: Flutter Mane|Phantom Force||[still]\n|-prepare|p1b: Flutter Mane|Phantom Force\n|move|p1a: Gliscor|Crabhammer|p2a: Chandelure\n|-supereffective|p2a: Chandelure\n|-damage|p2a: Chandelure|23\/100\n|move|p2b: Orthworm|Heavy Slam|p1b: Flutter Mane|[miss]\n|-miss|p2b: Orthworm|p1b: Flutter Mane\n|move|p2a: Chandelure|Trick Room|p2a: Chandelure\n|-fieldstart|move: Trick Room|[of] p2a: Chandelure\n|\n|-heal|p2b: Orthworm|99\/100|[from] item: Leftovers\n|-damage|p1a: Gliscor|15\/100 tox|[from] Leech Seed|[of] p2a: Chandelure\n|-heal|p2a: Chandelure|34\/100|[silent]\n|-heal|p1a: Gliscor|27\/100 tox|[from] ability: Poison Heal\n|upkeep\n|turn|7\n|\n|t:|1697768239\n|switch|p2a: Blissey|Blissey, F|100\/100\n|move|p2b: Orthworm|Heavy Slam|p1a: Gliscor\n|-damage|p1a: Gliscor|0 fnt\n|faint|p1a: Gliscor\n|move|p1b: Flutter Mane|Phantom Force|p2a: Blissey|[from]lockedmove\n|-immune|p2a: Blissey\n|\n|-heal|p2b: Orthworm|100\/100|[from] item: Leftovers\n|upkeep\n|inactive|parroti77 has 120 seconds left.\n|\n|t:|1697768261\n|switch|p1a: Bisharp|Bisharp, M, shiny|100\/100\n|turn|8\n|\n|t:|1697768275\n|move|p2b: Orthworm|Body Press|p1a: Bisharp\n|-supereffective|p1a: Bisharp\n|-damage|p1a: Bisharp|0 fnt\n|faint|p1a: Bisharp\n|move|p2a: Blissey|Bulldoze|p1b: Flutter Mane|[spread] p1b\n|-immune|p2b: Orthworm|[from] ability: Earth Eater\n|-crit|p1b: Flutter Mane\n|-damage|p1b: Flutter Mane|98\/100\n|-unboost|p1b: Flutter Mane|spe|1\n|move|p1b: Flutter Mane|Moonblast|p2a: Blissey\n|-damage|p2a: Blissey|85\/100\n|\n|-heal|p2a: Blissey|91\/100|[from] item: Leftovers\n|-heal|p1b: Flutter Mane|100\/100|[from] item: Leftovers\n|upkeep\n|\n|t:|1697768289\n|switch|p1a: Arcanine|Arcanine, M|10\/100\n|-ability|p1a: Arcanine|Intimidate|boost\n|-unboost|p2a: Blissey|atk|1\n|-unboost|p2b: Orthworm|atk|1\n|turn|9\n|\n|t:|1697768303\n|move|p2b: Orthworm|Body Press|p1b: Flutter Mane\n|-supereffective|p1b: Flutter Mane\n|-damage|p1b: Flutter Mane|0 fnt\n|faint|p1b: Flutter Mane\n|-end|p1b: Flutter Mane|Protosynthesis|[silent]\n|move|p2a: Blissey|Bulldoze|p1a: Arcanine|[spread] p1a\n|-immune|p2b: Orthworm|[from] ability: Earth Eater\n|-supereffective|p1a: Arcanine\n|-damage|p1a: Arcanine|8\/100\n|-unboost|p1a: Arcanine|spe|1\n|move|p1a: Arcanine|Close Combat|p2b: Orthworm\n|-supereffective|p2b: Orthworm\n|-damage|p2b: Orthworm|67\/100\n|-unboost|p1a: Arcanine|def|1\n|-unboost|p1a: Arcanine|spd|1\n|\n|-heal|p2b: Orthworm|73\/100|[from] item: Leftovers\n|-heal|p2a: Blissey|97\/100|[from] item: Leftovers\n|upkeep\n|\n|t:|1697768315\n|switch|p1b: Luxray|Luxray, F|100\/100\n|turn|10\n|\n|t:|1697768326\n|move|p1a: Arcanine|Extreme Speed|p2a: Blissey\n|-damage|p2a: Blissey|75\/100\n|move|p2b: Orthworm|Earthquake|p1a: Arcanine|[spread] p2a,p1a,p1b\n|-supereffective|p1a: Arcanine\n|-supereffective|p1b: Luxray\n|-damage|p2a: Blissey|63\/100\n|-damage|p1a: Arcanine|0 fnt\n|-damage|p1b: Luxray|69\/100\n|-enditem|p1b: Luxray|Weakness Policy\n|-boost|p1b: Luxray|atk|2|[from] item: Weakness Policy\n|-boost|p1b: Luxray|spa|2|[from] item: Weakness Policy\n|faint|p1a: Arcanine\n|move|p2a: Blissey|Bulldoze|p1b: Luxray|[spread] p1b\n|-heal|p2b: Orthworm|98\/100|[from] ability: Earth Eater|[of] p2a: Blissey\n|-supereffective|p1b: Luxray\n|-crit|p1b: Luxray\n|-damage|p1b: Luxray|65\/100\n|-unboost|p1b: Luxray|spe|1\n|move|p1b: Luxray|Ice Fang|p2a: Blissey\n|-damage|p2a: Blissey|23\/100\n|\n|-heal|p2b: Orthworm|100\/100|[from] item: Leftovers\n|-heal|p2a: Blissey|30\/100|[from] item: Leftovers\n|-fieldend|move: Trick Room\n|upkeep\n|turn|11\n|-message|parroti77 forfeited.\n|\n|win|sophie_the_stimky\n|raw|parroti77's rating: 1115 &rarr; <strong>1086<\/strong><br \/>(-29 for losing)\n|raw|sophie_the_stimky's rating: 1056 &rarr; <strong>1093<\/strong><br \/>(+37 for winning)\n|l|\u2606parroti77\n","uploadtime":1697768353,"views":19,"p1id":"parroti77","p2id":"sophiethestimky","formatid":"gen9doublesou","rating":1086,"private":0,"password":""}