{"id":"gen9doublesou-1971142580","p1":"dangledipipples","p2":"Coppathegod","format":"[Gen 9] Doubles OU","log":"|j|\u203ddangledipipples\n|j|\u2606Coppathegod\n|t:|1697712228\n|gametype|doubles\n|player|p1|dangledipipples|veteran|1146\n|player|p2|Coppathegod|unknown|1009\n|teamsize|p1|6\n|teamsize|p2|6\n|gen|9\n|tier|[Gen 9] Doubles OU\n|rated|\n|rule|Species Clause: Limit one of each Pok\u00e9mon\n|rule|OHKO Clause: OHKO moves are banned\n|rule|Evasion Moves Clause: Evasion moves are banned\n|rule|Gravity Sleep Clause: The combination of sleep-inducing moves with imperfect accuracy and Gravity or Gigantamax Orbeetle are banned\n|rule|Endless Battle Clause: Forcing endless battles is banned\n|rule|HP Percentage Mod: HP is shown in percentages\n|clearpoke\n|poke|p1|Poliwrath, F|\n|poke|p1|Pelipper, F|\n|poke|p1|Landorus-Therian, M|\n|poke|p1|Amoonguss, M|\n|poke|p1|Raichu, M|\n|poke|p1|Bronzong|\n|poke|p2|Krookodile, M|\n|poke|p2|Meowscarada, M|\n|poke|p2|Basculegion-F, F|\n|poke|p2|Avalugg, L1, M|\n|poke|p2|Rillaboom, F|\n|poke|p2|Kommo-o, M|\n|teampreview\n|\n|t:|1697712234\n|start\n|switch|p1a: Raichu|Raichu, M, shiny|100\/100\n|switch|p1b: Poliwrath|Poliwrath, F|100\/100\n|switch|p2a: Rillaboom|Rillaboom, F|100\/100\n|switch|p2b: Kommo-o|Kommo-o, M|100\/100\n|-fieldstart|move: Grassy Terrain|[from] ability: Grassy Surge|[of] p2a: Rillaboom\n|turn|1\n|c|\u2606Coppathegod|Sup\n|\n|t:|1697712252\n|move|p1a: Raichu|Fake Out|p2a: Rillaboom\n|-damage|p2a: Rillaboom|94\/100\n|move|p1b: Poliwrath|Belly Drum|p1b: Poliwrath\n|-damage|p1b: Poliwrath|50\/100\n|-setboost|p1b: Poliwrath|atk|6|[from] move: Belly Drum\n|-enditem|p1b: Poliwrath|Sitrus Berry|[eat]\n|-heal|p1b: Poliwrath|75\/100|[from] item: Sitrus Berry\n|move|p2b: Kommo-o|Clangorous Soul|p2b: Kommo-o\n|-boost|p2b: Kommo-o|atk|1\n|-boost|p2b: Kommo-o|def|1\n|-boost|p2b: Kommo-o|spa|1\n|-boost|p2b: Kommo-o|spd|1\n|-boost|p2b: Kommo-o|spe|1\n|-damage|p2b: Kommo-o|68\/100\n|cant|p2a: Rillaboom|flinch\n|\n|-heal|p2b: Kommo-o|74\/100|[from] Grassy Terrain\n|-heal|p1b: Poliwrath|82\/100|[from] Grassy Terrain\n|-heal|p2a: Rillaboom|99\/100|[from] Grassy Terrain\n|upkeep\n|turn|2\n|\n|t:|1697712280\n|switch|p1a: Pelipper|Pelipper, F|100\/100\n|-weather|RainDance|[from] ability: Drizzle|[of] p1a: Pelipper\n|-terastallize|p1b: Poliwrath|Steel\n|move|p1b: Poliwrath|Drain Punch|p2b: Kommo-o\n|-damage|p2b: Kommo-o|9\/100\n|-heal|p1b: Poliwrath|100\/100|[from] drain|[of] p2b: Kommo-o\n|move|p2b: Kommo-o|Body Slam|p1a: Pelipper\n|-damage|p1a: Pelipper|62\/100\n|move|p2a: Rillaboom|Trailblaze|p1a: Pelipper\n|-damage|p1a: Pelipper|32\/100\n|-boost|p2a: Rillaboom|spe|1\n|\n|-weather|RainDance|[upkeep]\n|-heal|p2a: Rillaboom|100\/100|[from] Grassy Terrain\n|-heal|p2b: Kommo-o|15\/100|[from] Grassy Terrain\n|upkeep\n|turn|3\n|\n|t:|1697712311\n|move|p1b: Poliwrath|Drain Punch|p2b: Kommo-o\n|-damage|p2b: Kommo-o|0 fnt\n|faint|p2b: Kommo-o\n|move|p2a: Rillaboom|Trailblaze|p1b: Poliwrath\n|-resisted|p1b: Poliwrath\n|-damage|p1b: Poliwrath|84\/100\n|-boost|p2a: Rillaboom|spe|1\n|move|p1a: Pelipper|Hurricane|p2a: Rillaboom\n|-supereffective|p2a: Rillaboom\n|-damage|p2a: Rillaboom|47\/100\n|\n|-weather|RainDance|[upkeep]\n|-heal|p1b: Poliwrath|91\/100|[from] Grassy Terrain\n|-heal|p2a: Rillaboom|53\/100|[from] Grassy Terrain\n|upkeep\n|\n|t:|1697712325\n|switch|p2b: Basculegion|Basculegion-F, F, shiny|100\/100\n|turn|4\n|\n|t:|1697712340\n|move|p2b: Basculegion|Hex|p1a: Pelipper\n|-damage|p1a: Pelipper|0 fnt\n|faint|p1a: Pelipper\n|move|p1b: Poliwrath|Liquidation|p2b: Basculegion\n|-resisted|p2b: Basculegion\n|-damage|p2b: Basculegion|0 fnt\n|faint|p2b: Basculegion\n|move|p2a: Rillaboom|Drain Punch|p1b: Poliwrath\n|-supereffective|p1b: Poliwrath\n|-damage|p1b: Poliwrath|44\/100\n|-heal|p2a: Rillaboom|76\/100|[from] drain|[of] p1b: Poliwrath\n|\n|-weather|RainDance|[upkeep]\n|-heal|p1b: Poliwrath|50\/100|[from] Grassy Terrain\n|-heal|p2a: Rillaboom|82\/100|[from] Grassy Terrain\n|upkeep\n|\n|t:|1697712355\n|switch|p2b: Avalugg|Avalugg, L1, M, shiny|100\/100\n|switch|p1a: Amoonguss|Amoonguss, M, shiny|100\/100\n|turn|5\n|\n|t:|1697712367\n|move|p2b: Avalugg|Wide Guard|p2b: Avalugg\n|-singleturn|p2b: Avalugg|Wide Guard\n|move|p1a: Amoonguss|Rage Powder|p1a: Amoonguss\n|-singleturn|p1a: Amoonguss|move: Rage Powder\n|move|p1b: Poliwrath|Drain Punch|p2a: Rillaboom\n|-damage|p2a: Rillaboom|0 fnt\n|-heal|p1b: Poliwrath|91\/100|[from] drain|[of] p2a: Rillaboom\n|faint|p2a: Rillaboom\n|\n|-weather|RainDance|[upkeep]\n|-heal|p1b: Poliwrath|98\/100|[from] Grassy Terrain\n|-fieldend|move: Grassy Terrain\n|upkeep\n|\n|t:|1697712382\n|switch|p2a: Krookodile|Krookodile, M, shiny|100\/100\n|turn|6\n|\n|t:|1697712400\n|-terastallize|p2a: Krookodile|Steel\n|move|p2b: Avalugg|Wide Guard|p2b: Avalugg\n|-singleturn|p2b: Avalugg|Wide Guard\n|move|p1a: Amoonguss|Rage Powder|p1a: Amoonguss\n|-singleturn|p1a: Amoonguss|move: Rage Powder\n|move|p1b: Poliwrath|Drain Punch|p2a: Krookodile\n|-supereffective|p2a: Krookodile\n|-enditem|p2a: Krookodile|Focus Sash\n|-damage|p2a: Krookodile|1\/100\n|-heal|p1b: Poliwrath|100\/100|[from] drain|[of] p2a: Krookodile\n|move|p2a: Krookodile|Earthquake|p1a: Amoonguss|[spread] p1a,p1b\n|-activate|p2b: Avalugg|move: Wide Guard\n|-supereffective|p1b: Poliwrath\n|-damage|p1a: Amoonguss|69\/100\n|-damage|p1b: Poliwrath|23\/100\n|\n|-weather|none\n|upkeep\n|turn|7\n|\n|t:|1697712426\n|switch|p2a: Meowscarada|Meowscarada, M|100\/100\n|move|p1b: Poliwrath|Protect|p1b: Poliwrath\n|-singleturn|p1b: Poliwrath|Protect\n|move|p2b: Avalugg|Wide Guard|p2b: Avalugg\n|-singleturn|p2b: Avalugg|Wide Guard\n|move|p1a: Amoonguss|Spore|p2a: Meowscarada\n|-immune|p2a: Meowscarada\n|\n|upkeep\n|turn|8\n|\n|t:|1697712444\n|switch|p1a: Landorus|Landorus-Therian, M|100\/100\n|-ability|p1a: Landorus|Intimidate|boost\n|-unboost|p2a: Meowscarada|atk|1\n|-unboost|p2b: Avalugg|atk|1\n|move|p2a: Meowscarada|Brick Break|p1b: Poliwrath\n|-start|p2a: Meowscarada|typechange|Fighting|[from] ability: Protean\n|-supereffective|p1b: Poliwrath\n|-damage|p1b: Poliwrath|0 fnt\n|faint|p1b: Poliwrath\n|move|p2b: Avalugg|Ice Beam|p1a: Landorus\n|-supereffective|p1a: Landorus\n|-damage|p1a: Landorus|99\/100\n|\n|upkeep\n|\n|t:|1697712464\n|switch|p1b: Bronzong|Bronzong|100\/100\n|turn|9\n|\n|t:|1697712474\n|move|p2b: Avalugg|Wide Guard|p2b: Avalugg\n|-singleturn|p2b: Avalugg|Wide Guard\n|move|p2a: Meowscarada|Flower Trick|p1a: Landorus\n|-crit|p1a: Landorus\n|-damage|p1a: Landorus|65\/100\n|move|p1a: Landorus|Earthquake|p2a: Meowscarada|[spread] \n|-activate|p2a: Meowscarada|move: Wide Guard\n|-activate|p2b: Avalugg|move: Wide Guard\n|-immune|p1b: Bronzong|[from] ability: Levitate\n|move|p1b: Bronzong|Iron Defense|p1b: Bronzong\n|-boost|p1b: Bronzong|def|2\n|\n|upkeep\n|turn|10\n|\n|t:|1697712488\n|move|p2b: Avalugg|Wide Guard|p2b: Avalugg\n|-singleturn|p2b: Avalugg|Wide Guard\n|move|p2a: Meowscarada|Flower Trick|p1a: Landorus\n|-crit|p1a: Landorus\n|-damage|p1a: Landorus|29\/100\n|move|p1a: Landorus|Earth Power|p2a: Meowscarada\n|-damage|p2a: Meowscarada|45\/100\n|-damage|p1a: Landorus|19\/100|[from] item: Life Orb\n|move|p1b: Bronzong|Body Press|p2b: Avalugg\n|-supereffective|p2b: Avalugg\n|-ability|p2b: Avalugg|Sturdy\n|-damage|p2b: Avalugg|8\/100\n|\n|upkeep\n|turn|11\n|\n|t:|1697712504\n|move|p1a: Landorus|Protect|p1a: Landorus\n|-singleturn|p1a: Landorus|Protect\n|move|p2b: Avalugg|Wide Guard|p2b: Avalugg\n|-singleturn|p2b: Avalugg|Wide Guard\n|move|p2a: Meowscarada|Flower Trick|p1a: Landorus\n|-activate|p1a: Landorus|move: Protect\n|move|p1b: Bronzong|Trick Room|p1b: Bronzong\n|-fieldstart|move: Trick Room|[of] p1b: Bronzong\n|\n|upkeep\n|turn|12\n|\n|t:|1697712520\n|move|p2b: Avalugg|Wide Guard|p2b: Avalugg\n|-singleturn|p2b: Avalugg|Wide Guard\n|move|p2a: Meowscarada|Ally Switch|p2a: Meowscarada\n|swap|p2a: Meowscarada|1|[from] move: Ally Switch\n|move|p1b: Bronzong|Body Press|p2b: Meowscarada\n|-damage|p2b: Meowscarada|0 fnt\n|faint|p2b: Meowscarada\n|move|p1a: Landorus|Earth Power|p2a: Avalugg\n|-damage|p2a: Avalugg|0 fnt\n|faint|p2a: Avalugg\n|-damage|p1a: Landorus|10\/100|[from] item: Life Orb\n|\n|upkeep\n|\n|t:|1697712545\n|switch|p2b: Krookodile|Krookodile, M, shiny, tera:Steel|1\/100\n|turn|13\n|\n|t:|1697712551\n|move|p1b: Bronzong|Body Press|p2b: Krookodile\n|-supereffective|p2b: Krookodile\n|-damage|p2b: Krookodile|0 fnt\n|faint|p2b: Krookodile\n|\n|win|dangledipipples\n|raw|dangledipipples's rating: 1146 &rarr; <strong>1162<\/strong><br \/>(+16 for winning)\n|raw|Coppathegod's rating: 1009 &rarr; <strong>1002<\/strong><br \/>(-7 for losing)\n|c|\u2606Coppathegod|Dam\n|l|\u2606Coppathegod\n","uploadtime":1697713463,"views":14,"p1id":"dangledipipples","p2id":"coppathegod","formatid":"gen9doublesou","rating":1002,"private":0,"password":""}