{"id":"gen9doublesou-2000537862","p1":"gonegeb","p2":"MattCol","format":"[Gen 9] Doubles OU","log":"|j|\u2606gonegeb\n|j|\u2606MattCol\n|t:|1701203357\n|gametype|doubles\n|player|p1|gonegeb|alain|\n|player|p2|MattCol|265|\n|teamsize|p1|6\n|teamsize|p2|6\n|gen|9\n|tier|[Gen 9] Doubles OU\n|rule|Species Clause: Limit one of each Pok\u00e9mon\n|rule|OHKO Clause: OHKO moves are banned\n|rule|Evasion Moves Clause: Evasion moves are banned\n|rule|Gravity Sleep Clause: The combination of sleep-inducing moves with imperfect accuracy and Gravity or Gigantamax Orbeetle are banned\n|rule|Endless Battle Clause: Forcing endless battles is banned\n|rule|HP Percentage Mod: HP is shown in percentages\n|clearpoke\n|poke|p1|Lucario, M|\n|poke|p1|Umbreon, M|\n|poke|p1|Arcanine, F|\n|poke|p1|Maushold|\n|poke|p1|Ceruledge, M|\n|poke|p1|Torkoal, M|\n|poke|p2|Quaquaval, M|\n|poke|p2|Baxcalibur, M|\n|poke|p2|Cinderace, M|\n|poke|p2|Slowbro-Galar, M|\n|poke|p2|Zarude-Dada|\n|poke|p2|Pelipper, M|\n|teampreview\n|\n|t:|1701203395\n|start\n|switch|p1a: Ceruledge|Ceruledge, M, shiny|100\/100\n|switch|p1b: Torkoal|Torkoal, M, shiny|100\/100\n|switch|p2a: Cinderace|Cinderace, M|100\/100\n|switch|p2b: Baxcalibur|Baxcalibur, M|100\/100\n|-weather|SunnyDay|[from] ability: Drought|[of] p1b: Torkoal\n|turn|1\n|\n|t:|1701203490\n|switch|p1b: Arcanine|Arcanine, F, shiny|100\/100\n|-ability|p1b: Arcanine|Intimidate|boost\n|-unboost|p2a: Cinderace|atk|1\n|-unboost|p2b: Baxcalibur|atk|1\n|-terastallize|p2b: Baxcalibur|Ground\n|move|p1a: Ceruledge|Protect|p1a: Ceruledge\n|-singleturn|p1a: Ceruledge|Protect\n|move|p2a: Cinderace|U-turn|p1a: Ceruledge\n|-start|p2a: Cinderace|typechange|Bug|[from] ability: Libero\n|-activate|p1a: Ceruledge|move: Protect\n|move|p2b: Baxcalibur|Swords Dance|p2b: Baxcalibur\n|-boost|p2b: Baxcalibur|atk|2\n|\n|-weather|SunnyDay|[upkeep]\n|upkeep\n|turn|2\n|\n|t:|1701203776\n|switch|p2a: Pelipper|Pelipper, M|100\/100\n|-weather|RainDance|[from] ability: Drizzle|[of] p2a: Pelipper\n|switch|p1b: Umbreon|Umbreon, M, shiny|100\/100\n|move|p1a: Ceruledge|Protect||[still]\n|-fail|p1a: Ceruledge\n|move|p2b: Baxcalibur|Earthquake|p1b: Umbreon|[spread] p1a,p1b\n|-immune|p2a: Pelipper\n|-supereffective|p1a: Ceruledge\n|-damage|p1a: Ceruledge|0 fnt\n|-damage|p1b: Umbreon|63\/100\n|faint|p1a: Ceruledge\n|\n|-weather|RainDance|[upkeep]\n|-heal|p1b: Umbreon|69\/100|[from] item: Leftovers\n|upkeep\n|\n|t:|1701203796\n|switch|p1a: Torkoal|Torkoal, M, shiny|100\/100\n|-weather|SunnyDay|[from] ability: Drought|[of] p1a: Torkoal\n|turn|3\n|\n|t:|1701204186\n|move|p2b: Baxcalibur|Protect|p2b: Baxcalibur\n|-singleturn|p2b: Baxcalibur|Protect\n|move|p1a: Torkoal|Protect|p1a: Torkoal\n|-singleturn|p1a: Torkoal|Protect\n|move|p2a: Pelipper|Rain Dance|p2a: Pelipper\n|-weather|RainDance\n|move|p1b: Umbreon|Foul Play|p2b: Baxcalibur\n|-activate|p2b: Baxcalibur|move: Protect\n|\n|-weather|RainDance|[upkeep]\n|-heal|p1b: Umbreon|75\/100|[from] item: Leftovers\n|upkeep\n|turn|4\n|\n|t:|1701204223\n|switch|p1a: Arcanine|Arcanine, F, shiny|100\/100\n|-ability|p1a: Arcanine|Intimidate|boost\n|-unboost|p2a: Pelipper|atk|1\n|-unboost|p2b: Baxcalibur|atk|1\n|move|p1b: Umbreon|Protect|p1b: Umbreon\n|-singleturn|p1b: Umbreon|Protect\n|move|p2b: Baxcalibur|Icicle Spear|p1b: Umbreon\n|-activate|p1b: Umbreon|move: Protect\n|move|p2a: Pelipper|Hurricane|p1b: Umbreon\n|-activate|p1b: Umbreon|move: Protect\n|\n|-weather|RainDance|[upkeep]\n|-heal|p1b: Umbreon|81\/100|[from] item: Leftovers\n|upkeep\n|turn|5\n|\n|t:|1701204265\n|switch|p1a: Torkoal|Torkoal, M, shiny|100\/100\n|-weather|SunnyDay|[from] ability: Drought|[of] p1a: Torkoal\n|move|p2b: Baxcalibur|Earthquake|p1b: Umbreon|[spread] p1a,p1b\n|-immune|p2a: Pelipper\n|-supereffective|p1a: Torkoal\n|-damage|p1a: Torkoal|39\/100\n|-damage|p1b: Umbreon|52\/100\n|move|p2a: Pelipper|Tailwind|p2a: Pelipper\n|-sidestart|p2: MattCol|move: Tailwind\n|move|p1b: Umbreon|Foul Play|p2b: Baxcalibur\n|-damage|p2b: Baxcalibur|49\/100\n|\n|-weather|SunnyDay|[upkeep]\n|-heal|p1b: Umbreon|58\/100|[from] item: Leftovers\n|upkeep\n|turn|6\n|\n|t:|1701204302\n|switch|p1a: Arcanine|Arcanine, F, shiny|100\/100\n|-ability|p1a: Arcanine|Intimidate|boost\n|-unboost|p2a: Pelipper|atk|1\n|-unboost|p2b: Baxcalibur|atk|1\n|move|p1b: Umbreon|Protect|p1b: Umbreon\n|-singleturn|p1b: Umbreon|Protect\n|move|p2b: Baxcalibur|Earthquake|p1b: Umbreon|[spread] p1a\n|-activate|p1b: Umbreon|move: Protect\n|-immune|p2a: Pelipper\n|-supereffective|p1a: Arcanine\n|-damage|p1a: Arcanine|50\/100\n|move|p2a: Pelipper|Hydro Pump|p1b: Umbreon\n|-activate|p1b: Umbreon|move: Protect\n|\n|-weather|SunnyDay|[upkeep]\n|-heal|p1b: Umbreon|64\/100|[from] item: Leftovers\n|upkeep\n|turn|7\n|\n|t:|1701204337\n|switch|p1a: Maushold|Maushold|100\/100\n|move|p2b: Baxcalibur|Earthquake|p1a: Maushold|[spread] p1a,p1b\n|-immune|p2a: Pelipper\n|-damage|p1a: Maushold|64\/100\n|-damage|p1b: Umbreon|47\/100\n|move|p2a: Pelipper|Rain Dance|p2a: Pelipper\n|-weather|RainDance\n|move|p1b: Umbreon|Wish|p1b: Umbreon\n|\n|-weather|RainDance|[upkeep]\n|-heal|p1b: Umbreon|54\/100|[from] item: Leftovers\n|upkeep\n|turn|8\n|\n|t:|1701204369\n|switch|p1a: Arcanine|Arcanine, F, shiny|50\/100\n|-ability|p1a: Arcanine|Intimidate|boost\n|-unboost|p2a: Pelipper|atk|1\n|-unboost|p2b: Baxcalibur|atk|1\n|move|p1b: Umbreon|Protect|p1b: Umbreon\n|-singleturn|p1b: Umbreon|Protect\n|move|p2b: Baxcalibur|Earthquake|p1a: Arcanine|[spread] p1a\n|-activate|p1b: Umbreon|move: Protect\n|-immune|p2a: Pelipper\n|-supereffective|p1a: Arcanine\n|-damage|p1a: Arcanine|16\/100\n|move|p2a: Pelipper|Hurricane|p1b: Umbreon\n|-activate|p1b: Umbreon|move: Protect\n|\n|-weather|RainDance|[upkeep]\n|-heal|p1b: Umbreon|100\/100|[from] move: Wish|[wisher] Umbreon\n|-sideend|p2: MattCol|move: Tailwind\n|upkeep\n|turn|9\n|\n|t:|1701204645\n|switch|p2b: Zarude|Zarude-Dada|100\/100\n|switch|p1a: Torkoal|Torkoal, M, shiny|39\/100\n|-weather|SunnyDay|[from] ability: Drought|[of] p1a: Torkoal\n|switch|p1b: Maushold|Maushold|64\/100\n|move|p2a: Pelipper|Hydro Pump|p1a: Torkoal|[miss]\n|-miss|p2a: Pelipper|p1a: Torkoal\n|\n|-weather|SunnyDay|[upkeep]\n|upkeep\n|turn|10\n|c|\u2606MattCol|Deanna is here\n|l|\u2606gonegeb\n|player|p1|\n|\n|t:|1701205095\n|switch|p1a: Arcanine|Arcanine, F, shiny|16\/100\n|-ability|p1a: Arcanine|Intimidate|boost\n|-unboost|p2a: Pelipper|atk|1\n|-unboost|p2b: Zarude|atk|1\n|move|p1b: Maushold|Taunt|p2b: Zarude\n|-start|p2b: Zarude|move: Taunt\n|move|p2b: Zarude|Drain Punch|p1b: Maushold\n|-supereffective|p1b: Maushold\n|-damage|p1b: Maushold|18\/100\n|-enditem|p1b: Maushold|Sitrus Berry|[eat]\n|-heal|p1b: Maushold|43\/100|[from] item: Sitrus Berry\n|-heal|p1b: Maushold|77\/100|[from] ability: Cheek Pouch\n|move|p2a: Pelipper|Rain Dance|p2a: Pelipper\n|-weather|RainDance\n|\n|-weather|RainDance|[upkeep]\n|upkeep\n|turn|11\n|j|\u2606gonegeb\n|player|p1|gonegeb|alain\n|l|\u2606gonegeb\n|player|p1|\n|l|\u2606MattCol\n|player|p2|\n|j|\u2606MattCol\n|player|p2|MattCol|265\n|l|\u2606MattCol\n|player|p2|\n|j|\u2606MattCol\n|player|p2|MattCol|265\n|l|\u2606MattCol\n|player|p2|\n|j|\u2606gonegeb\n|player|p1|gonegeb|alain\n|j|\u2606MattCol\n|player|p2|MattCol|265\n|l|\u2606MattCol\n|player|p2|\n|\n|t:|1701209112\n|switch|p1a: Torkoal|Torkoal, M, shiny|39\/100\n|-weather|SunnyDay|[from] ability: Drought|[of] p1a: Torkoal\n|move|p1b: Maushold|Encore|p2a: Pelipper\n|-start|p2a: Pelipper|Encore\n|move|p2b: Zarude|Drain Punch|p1b: Maushold\n|-supereffective|p1b: Maushold\n|-damage|p1b: Maushold|29\/100\n|move|p2a: Pelipper|Rain Dance|p2a: Pelipper\n|-weather|RainDance\n|\n|-weather|RainDance|[upkeep]\n|upkeep\n|turn|12\n|j|\u2606MattCol\n|player|p2|MattCol|265\n|\n|t:|1701209476\n|switch|p2a: Quaquaval|Quaquaval, M|100\/100\n|switch|p1a: Lucario|Lucario, M|100\/100\n|move|p1b: Maushold|Beat Up|p1a: Lucario\n|-resisted|p1a: Lucario\n|-damage|p1a: Lucario|98\/100\n|-ability|p1a: Lucario|Justified|boost\n|-boost|p1a: Lucario|atk|1\n|-resisted|p1a: Lucario\n|-damage|p1a: Lucario|97\/100\n|-ability|p1a: Lucario|Justified|boost\n|-boost|p1a: Lucario|atk|1\n|-resisted|p1a: Lucario\n|-crit|p1a: Lucario\n|-damage|p1a: Lucario|94\/100\n|-ability|p1a: Lucario|Justified|boost\n|-boost|p1a: Lucario|atk|1\n|-resisted|p1a: Lucario\n|-damage|p1a: Lucario|92\/100\n|-ability|p1a: Lucario|Justified|boost\n|-boost|p1a: Lucario|atk|1\n|-resisted|p1a: Lucario\n|-damage|p1a: Lucario|90\/100\n|-ability|p1a: Lucario|Justified|boost\n|-boost|p1a: Lucario|atk|1\n|-hitcount|p1a: Lucario|5\n|move|p2b: Zarude|Drain Punch|p1b: Maushold\n|-supereffective|p1b: Maushold\n|-damage|p1b: Maushold|0 fnt\n|faint|p1b: Maushold\n|\n|-weather|RainDance|[upkeep]\n|-end|p2b: Zarude|move: Taunt\n|upkeep\n|\n|t:|1701209541\n|switch|p1b: Arcanine|Arcanine, F, shiny|16\/100\n|-ability|p1b: Arcanine|Intimidate|boost\n|-unboost|p2a: Quaquaval|atk|1\n|-unboost|p2b: Zarude|atk|1\n|turn|13\n|\n|t:|1701209561\n|switch|p1b: Torkoal|Torkoal, M, shiny|39\/100\n|-weather|SunnyDay|[from] ability: Drought|[of] p1b: Torkoal\n|move|p1a: Lucario|Protect|p1a: Lucario\n|-singleturn|p1a: Lucario|Protect\n|move|p2a: Quaquaval|Aqua Jet|p1b: Torkoal\n|-supereffective|p1b: Torkoal\n|-damage|p1b: Torkoal|29\/100\n|move|p2b: Zarude|Drain Punch|p1a: Lucario\n|-activate|p1a: Lucario|move: Protect\n|\n|-weather|SunnyDay|[upkeep]\n|upkeep\n|turn|14\n|l|\u2606MattCol\n|player|p2|\n|j|\u2606MattCol\n|player|p2|MattCol|265\n|l|\u2606MattCol\n|player|p2|\n|\n|t:|1701211137\n|switch|p2a: Pelipper|Pelipper, M|100\/100\n|-weather|RainDance|[from] ability: Drizzle|[of] p2a: Pelipper\n|switch|p1b: Arcanine|Arcanine, F, shiny|16\/100\n|-ability|p1b: Arcanine|Intimidate|boost\n|-unboost|p2a: Pelipper|atk|1\n|-unboost|p2b: Zarude|atk|1\n|move|p2b: Zarude|Encore|p1a: Lucario\n|-start|p1a: Lucario|Encore\n|move|p1a: Lucario|Protect||[still]\n|-fail|p1a: Lucario\n|\n|-weather|RainDance|[upkeep]\n|upkeep\n|turn|15\n|j|\u2606MattCol\n|player|p2|MattCol|265\n|\n|t:|1701212161\n|switch|p2b: Cinderace|Cinderace, M|100\/100\n|switch|p1b: Torkoal|Torkoal, M, shiny|29\/100\n|-weather|SunnyDay|[from] ability: Drought|[of] p1b: Torkoal\n|move|p1a: Lucario|Protect|p1a: Lucario\n|-singleturn|p1a: Lucario|Protect\n|move|p2a: Pelipper|Hydro Pump|p1b: Torkoal\n|-supereffective|p1b: Torkoal\n|-damage|p1b: Torkoal|0 fnt\n|faint|p1b: Torkoal\n|\n|-weather|SunnyDay|[upkeep]\n|upkeep\n|l|\u2606MattCol\n|player|p2|\n|l|\u2606gonegeb\n|player|p1|\n|j|\u2606gonegeb\n|player|p1|gonegeb|alain\n|j|\u2606MattCol\n|player|p2|MattCol|265\n|\n|t:|1701213013\n|switch|p1b: Arcanine|Arcanine, F, shiny|16\/100\n|-ability|p1b: Arcanine|Intimidate|boost\n|-unboost|p2a: Pelipper|atk|1\n|-unboost|p2b: Cinderace|atk|1\n|turn|16\n|\n|t:|1701213035\n|switch|p1b: Umbreon|Umbreon, M, shiny|100\/100\n|move|p1a: Lucario|Protect||[still]\n|-fail|p1a: Lucario\n|move|p2b: Cinderace|Pyro Ball|p1a: Lucario\n|-supereffective|p1a: Lucario\n|-damage|p1a: Lucario|0 fnt\n|faint|p1a: Lucario\n|-damage|p2b: Cinderace|91\/100|[from] item: Life Orb\n|move|p2a: Pelipper|Hydro Pump|p1b: Umbreon\n|-damage|p1b: Umbreon|84\/100\n|\n|-weather|SunnyDay|[upkeep]\n|-heal|p1b: Umbreon|90\/100|[from] item: Leftovers\n|upkeep\n|\n|t:|1701213051\n|switch|p1a: Arcanine|Arcanine, F, shiny|16\/100\n|-ability|p1a: Arcanine|Intimidate|boost\n|-unboost|p2a: Pelipper|atk|1\n|-unboost|p2b: Cinderace|atk|1\n|turn|17\n|\n|t:|1701213070\n|move|p2b: Cinderace|U-turn|p1a: Arcanine\n|-start|p2b: Cinderace|typechange|Bug|[from] ability: Libero\n|-resisted|p1a: Arcanine\n|-crit|p1a: Arcanine\n|-damage|p1a: Arcanine|0 fnt\n|faint|p1a: Arcanine\n|-damage|p2b: Cinderace|81\/100|[from] item: Life Orb\n|l|\u2606MattCol\n|player|p2|\n|j|\u2606MattCol\n|player|p2|MattCol|265\n|\n|t:|1701213115\n|switch|p2b: Zarude|Zarude-Dada|100\/100|[from] U-turn\n|move|p1b: Umbreon|Toxic|p2a: Pelipper\n|-status|p2a: Pelipper|tox\n|move|p2a: Pelipper|Rain Dance|p2a: Pelipper\n|-weather|RainDance\n|\n|-weather|RainDance|[upkeep]\n|-heal|p1b: Umbreon|96\/100|[from] item: Leftovers\n|-damage|p2a: Pelipper|94\/100 tox|[from] psn\n|upkeep\n|turn|18\n|l|\u2606MattCol\n|player|p2|\n|j|\u2606MattCol\n|player|p2|MattCol|265\n|l|\u2606MattCol\n|player|p2|\n|j|\u2606MattCol\n|player|p2|MattCol|265\n|\n|t:|1701215482\n|switch|p2a: Cinderace|Cinderace, M|81\/100\n|move|p1b: Umbreon|Protect|p1b: Umbreon\n|-singleturn|p1b: Umbreon|Protect\n|move|p2b: Zarude|Jungle Healing|p2b: Zarude|[spread] p2a,p2b\n|-heal|p2a: Cinderace|100\/100\n|\n|-weather|RainDance|[upkeep]\n|-heal|p1b: Umbreon|100\/100|[from] item: Leftovers\n|upkeep\n|turn|19\n|\n|t:|1701215501\n|-terastallize|p1b: Umbreon|Ghost\n|move|p2a: Cinderace|Taunt|p1b: Umbreon\n|-start|p2a: Cinderace|typechange|Dark|[from] ability: Libero\n|-start|p1b: Umbreon|move: Taunt\n|move|p2b: Zarude|Encore|p1b: Umbreon\n|-start|p1b: Umbreon|Encore\n|cant|p1b: Umbreon|move: Taunt|Protect\n|\n|-weather|RainDance|[upkeep]\n|upkeep\n|turn|20\n|\n|t:|1701215516\n|move|p2a: Cinderace|High Jump Kick|p1b: Umbreon\n|-immune|p1b: Umbreon\n|-damage|p2a: Cinderace|51\/100|[from] highjumpkick\n|move|p2b: Zarude|Drain Punch|p1b: Umbreon\n|-immune|p1b: Umbreon\n|-activate|p1b: Umbreon|move: Struggle\n|move|p1b: Umbreon|Struggle|p2a: Cinderace\n|-damage|p2a: Cinderace|41\/100\n|-damage|p1b: Umbreon|75\/100|[from] recoil\n|\n|-weather|RainDance|[upkeep]\n|-heal|p1b: Umbreon|81\/100|[from] item: Leftovers\n|upkeep\n|turn|21\n|\n|t:|1701215539\n|switch|p2a: Pelipper|Pelipper, M|94\/100 tox\n|move|p2b: Zarude|Drain Punch|p1b: Umbreon\n|-immune|p1b: Umbreon\n|-activate|p1b: Umbreon|move: Struggle\n|move|p1b: Umbreon|Struggle|p2a: Pelipper\n|-damage|p2a: Pelipper|88\/100 tox\n|-damage|p1b: Umbreon|56\/100|[from] recoil\n|\n|-weather|none\n|-heal|p1b: Umbreon|62\/100|[from] item: Leftovers\n|-damage|p2a: Pelipper|82\/100 tox|[from] psn\n|-end|p1b: Umbreon|move: Taunt\n|-end|p1b: Umbreon|Encore\n|upkeep\n|turn|22\n|\n|t:|1701215561\n|move|p2b: Zarude|Power Whip|p1b: Umbreon|[miss]\n|-miss|p2b: Zarude|p1b: Umbreon\n|move|p1b: Umbreon|Wish|p1b: Umbreon\n|move|p2a: Pelipper|Hydro Pump|p1b: Umbreon\n|-damage|p1b: Umbreon|32\/100\n|\n|-heal|p1b: Umbreon|38\/100|[from] item: Leftovers\n|-damage|p2a: Pelipper|70\/100 tox|[from] psn\n|upkeep\n|turn|23\n|\n|t:|1701215576\n|switch|p2a: Slowbro|Slowbro-Galar, M|100\/100\n|move|p1b: Umbreon|Protect|p1b: Umbreon\n|-singleturn|p1b: Umbreon|Protect\n|move|p2b: Zarude|Power Whip|p1b: Umbreon\n|-activate|p1b: Umbreon|move: Protect\n|\n|-heal|p1b: Umbreon|88\/100|[from] move: Wish|[wisher] Umbreon\n|-heal|p1b: Umbreon|94\/100|[from] item: Leftovers\n|upkeep\n|turn|24\n|\n|t:|1701215591\n|move|p2b: Zarude|Encore|p1b: Umbreon\n|-start|p1b: Umbreon|Encore\n|move|p1b: Umbreon|Protect|p1b: Umbreon\n|-singleturn|p1b: Umbreon|Protect\n|move|p2a: Slowbro|Nasty Plot|p2a: Slowbro\n|-boost|p2a: Slowbro|spa|2\n|\n|-heal|p1b: Umbreon|99\/100|[from] item: Leftovers\n|upkeep\n|turn|25\n|\n|t:|1701215607\n|move|p1b: Umbreon|Protect||[still]\n|-fail|p1b: Umbreon\n|move|p2b: Zarude|Drain Punch|p1b: Umbreon\n|-immune|p1b: Umbreon\n|move|p2a: Slowbro|Psychic|p1b: Umbreon\n|-damage|p1b: Umbreon|43\/100\n|\n|-heal|p1b: Umbreon|49\/100|[from] item: Leftovers\n|upkeep\n|turn|26\n|\n|t:|1701215622\n|move|p1b: Umbreon|Protect|p1b: Umbreon\n|-singleturn|p1b: Umbreon|Protect\n|move|p2b: Zarude|Encore|p1b: Umbreon\n|-activate|p1b: Umbreon|move: Protect\n|move|p2a: Slowbro|Psychic|p1b: Umbreon\n|-activate|p1b: Umbreon|move: Protect\n|\n|-heal|p1b: Umbreon|55\/100|[from] item: Leftovers\n|-end|p1b: Umbreon|Encore\n|upkeep\n|turn|27\n|-activate|p2a: Slowbro|ability: Quick Draw\n|\n|t:|1701215643\n|move|p2a: Slowbro|Psychic|p1b: Umbreon\n|-damage|p1b: Umbreon|3\/100\n|move|p2b: Zarude|Encore|p1b: Umbreon\n|-start|p1b: Umbreon|Encore\n|move|p1b: Umbreon|Protect||[still]\n|-fail|p1b: Umbreon\n|\n|-heal|p1b: Umbreon|9\/100|[from] item: Leftovers\n|upkeep\n|turn|28\n|-activate|p2a: Slowbro|ability: Quick Draw\n|\n|t:|1701215658\n|move|p1b: Umbreon|Protect|p1b: Umbreon\n|-singleturn|p1b: Umbreon|Protect\n|move|p2a: Slowbro|Psychic|p1b: Umbreon\n|-activate|p1b: Umbreon|move: Protect\n|move|p2b: Zarude|Drain Punch|p2a: Slowbro\n|-resisted|p2a: Slowbro\n|-damage|p2a: Slowbro|95\/100\n|\n|-heal|p1b: Umbreon|15\/100|[from] item: Leftovers\n|upkeep\n|turn|29\n|-activate|p2a: Slowbro|ability: Quick Draw\n|\n|t:|1701215675\n|move|p1b: Umbreon|Protect||[still]\n|-fail|p1b: Umbreon\n|move|p2a: Slowbro|Psychic|p1b: Umbreon\n|-damage|p1b: Umbreon|0 fnt\n|faint|p1b: Umbreon\n|\n|win|MattCol\n","uploadtime":1701215683,"views":0,"p1id":"gonegeb","p2id":"mattcol","formatid":"gen9doublesou","rating":0,"private":0,"password":""}