{"id":"gen9doublesou-1995991888","p1":"holidayhero10","p2":"Thecopyboi","format":"[Gen 9] Doubles OU","log":"|j|\u2606holidayhero10\n|j|\u2606Thecopyboi\n|t:|1700626341\n|gametype|doubles\n|player|p1|holidayhero10|2|1117\n|player|p2|Thecopyboi|102|1033\n|teamsize|p1|6\n|teamsize|p2|6\n|gen|9\n|tier|[Gen 9] Doubles OU\n|rated|\n|rule|Species Clause: Limit one of each Pok\u00e9mon\n|rule|OHKO Clause: OHKO moves are banned\n|rule|Evasion Moves Clause: Evasion moves are banned\n|rule|Gravity Sleep Clause: The combination of sleep-inducing moves with imperfect accuracy and Gravity or Gigantamax Orbeetle are banned\n|rule|Endless Battle Clause: Forcing endless battles is banned\n|rule|HP Percentage Mod: HP is shown in percentages\n|clearpoke\n|poke|p1|Maushold-Four|\n|poke|p1|Enamorus, F|\n|poke|p1|Hatterene, F|\n|poke|p1|Empoleon, M|\n|poke|p1|Grimmsnarl, M|\n|poke|p1|Kingambit, M|\n|poke|p2|Froslass, F|\n|poke|p2|Glaceon, F|\n|poke|p2|Clawitzer, M|\n|poke|p2|Swanna, F|\n|poke|p2|Delibird, F|\n|poke|p2|Crabominable, F|\n|teampreview\n|inactive|Battle timer is ON: inactive players will automatically lose when time's up. (requested by holidayhero10)\n|\n|t:|1700626367\n|start\n|switch|p1a: Kingambit|Kingambit, M|100\/100\n|switch|p1b: Hatterene|Hatterene, F|100\/100\n|switch|p2a: Delibird|Delibird, F|100\/100\n|switch|p2b: Swanna|Swanna, F|100\/100\n|turn|1\n|\n|t:|1700626384\n|move|p2b: Swanna|Steel Wing|p1b: Hatterene\n|-supereffective|p1b: Hatterene\n|-damage|p1b: Hatterene|58\/100\n|move|p2a: Delibird|Snowscape|p2a: Delibird\n|-weather|Snow\n|move|p1a: Kingambit|Substitute|p1a: Kingambit\n|-start|p1a: Kingambit|Substitute\n|-damage|p1a: Kingambit|75\/100\n|move|p1b: Hatterene|Trick Room|p1b: Hatterene\n|-fieldstart|move: Trick Room|[of] p1b: Hatterene\n|\n|-weather|Snow|[upkeep]\n|upkeep\n|turn|2\n|inactive|holidayhero10 has 120 seconds left.\n|\n|t:|1700626422\n|move|p1b: Hatterene|Dazzling Gleam|p2b: Swanna|[spread] p2a,p2b\n|-damage|p2a: Delibird|46\/100\n|-damage|p2b: Swanna|53\/100\n|move|p1a: Kingambit|Iron Head|p2a: Delibird\n|-supereffective|p2a: Delibird\n|-damage|p2a: Delibird|0 fnt\n|faint|p2a: Delibird\n|move|p2b: Swanna|Acrobatics|p1a: Kingambit\n|-resisted|p1a: Kingambit\n|-activate|p1a: Kingambit|move: Substitute|[damage]\n|\n|-weather|Snow|[upkeep]\n|upkeep\n|inactive|Thecopyboi has 120 seconds left.\n|\n|t:|1700626434\n|switch|p2a: Clawitzer|Clawitzer, M|100\/100\n|turn|3\n|inactive|holidayhero10 has 120 seconds left.\n|inactive|Thecopyboi has 120 seconds left.\n|\n|t:|1700626473\n|-terastallize|p1a: Kingambit|Poison\n|move|p2b: Swanna|Aqua Jet|p1a: Kingambit\n|-end|p1a: Kingambit|Substitute\n|move|p1b: Hatterene|Skill Swap|p2a: Clawitzer\n|-activate|p1b: Hatterene|move: Skill Swap|Mega Launcher|Magic Bounce|[of] p2a: Clawitzer\n|move|p1a: Kingambit|Poison Jab|p2b: Swanna\n|-damage|p2b: Swanna|0 fnt\n|faint|p2b: Swanna\n|move|p2a: Clawitzer|Water Pulse|p1b: Hatterene\n|-damage|p1b: Hatterene|35\/100\n|\n|-weather|Snow|[upkeep]\n|upkeep\n|\n|t:|1700626479\n|switch|p2b: Crabominable|Crabominable, F|100\/100\n|turn|4\n|inactive|Thecopyboi has 120 seconds left.\n|\n|t:|1700626498\n|switch|p1b: Empoleon|Empoleon, M|100\/100\n|move|p1a: Kingambit|Iron Head|p2b: Crabominable\n|-supereffective|p2b: Crabominable\n|-damage|p2b: Crabominable|32\/100\n|move|p2b: Crabominable|Drain Punch|p1a: Kingambit\n|-resisted|p1a: Kingambit\n|-damage|p1a: Kingambit|60\/100\n|-heal|p2b: Crabominable|42\/100|[from] drain|[of] p1a: Kingambit\n|move|p2a: Clawitzer|Water Pulse|p1b: Empoleon\n|-resisted|p1b: Empoleon\n|-damage|p1b: Empoleon|86\/100\n|\n|-weather|Snow|[upkeep]\n|-heal|p1b: Empoleon|92\/100|[from] item: Leftovers\n|upkeep\n|turn|5\n|\n|t:|1700626516\n|move|p1a: Kingambit|Iron Head|p2b: Crabominable\n|-supereffective|p2b: Crabominable\n|-damage|p2b: Crabominable|0 fnt\n|faint|p2b: Crabominable\n|move|p1b: Empoleon|Charm|p2a: Clawitzer\n|move|p2a: Clawitzer|Charm|p1b: Empoleon|[from]ability: Magic Bounce\n|-unboost|p1b: Empoleon|atk|2\n|-ability|p1b: Empoleon|Competitive|boost\n|-boost|p1b: Empoleon|spa|2\n|move|p2a: Clawitzer|Dark Pulse|p1b: Empoleon\n|-damage|p1b: Empoleon|67\/100\n|\n|-weather|none\n|-heal|p1b: Empoleon|73\/100|[from] item: Leftovers\n|-fieldend|move: Trick Room\n|upkeep\n|-message|Thecopyboi forfeited.\n|\n|win|holidayhero10\n|raw|holidayhero10's rating: 1117 &rarr; <strong>1136<\/strong><br \/>(+19 for winning)\n|raw|Thecopyboi's rating: 1033 &rarr; <strong>1022<\/strong><br \/>(-11 for losing)\n|l|\u2606Thecopyboi\n","uploadtime":1700626527,"views":8,"p1id":"holidayhero10","p2id":"thecopyboi","formatid":"gen9doublesou","rating":1022,"private":0,"password":""}