{"id":"gen9doublesou-1974575695","p1":"NottyNoun","p2":"codyreborn","format":"[Gen 9] Doubles OU","log":"|j|\u2606NottyNoun\n|j|\u2606codyreborn\n|t:|1698098862\n|gametype|doubles\n|player|p1|NottyNoun|clair|1228\n|player|p2|codyreborn|pokemaniac|1375\n|teamsize|p1|6\n|teamsize|p2|6\n|gen|9\n|tier|[Gen 9] Doubles OU\n|rated|\n|rule|Species Clause: Limit one of each Pok\u00e9mon\n|rule|OHKO Clause: OHKO moves are banned\n|rule|Evasion Moves Clause: Evasion moves are banned\n|rule|Gravity Sleep Clause: The combination of sleep-inducing moves with imperfect accuracy and Gravity or Gigantamax Orbeetle are banned\n|rule|Endless Battle Clause: Forcing endless battles is banned\n|rule|HP Percentage Mod: HP is shown in percentages\n|clearpoke\n|poke|p1|Politoed, M|\n|poke|p1|Palafin, M|\n|poke|p1|Chien-Pao|\n|poke|p1|Ogerpon-Wellspring, F|\n|poke|p1|Dragonite, F|\n|poke|p1|Tornadus, M|\n|poke|p2|Raichu, M|\n|poke|p2|Sylveon, F|\n|poke|p2|Heatran, M|\n|poke|p2|Milotic, F|\n|poke|p2|Kingambit, M|\n|poke|p2|Dragonite, M|\n|teampreview\n|inactive|Battle timer is ON: inactive players will automatically lose when time's up. (requested by NottyNoun)\n|\n|t:|1698098882\n|start\n|switch|p1a: Oglina|Ogerpon-Wellspring, F|100\/100\n|switch|p1b: Crash Nebula|Palafin, M, shiny|100\/100\n|switch|p2a: Milotic|Milotic, F, shiny|100\/100\n|switch|p2b: Heatran|Heatran, M, shiny|100\/100\n|turn|1\n|inactive|codyreborn has 120 seconds left.\n|\n|t:|1698098912\n|detailschange|p1b: Crash Nebula|Palafin-Hero, M, shiny\n|switch|p1b: The Blues|Politoed, M|100\/100\n|-weather|RainDance|[from] ability: Drizzle|[of] p1b: The Blues\n|-terastallize|p1a: Oglina|Water\n|detailschange|p1a: Oglina|Ogerpon-Wellspring-Tera, F, tera:Water\n|-ability|p1a: Oglina|Embody Aspect (Wellspring)|boost\n|-boost|p1a: Oglina|spd|1\n|-terastallize|p2b: Heatran|Grass\n|move|p1a: Oglina|Ivy Cudgel|p2b: Heatran\n|-resisted|p2b: Heatran\n|-damage|p2b: Heatran|48\/100\n|move|p2b: Heatran|Will-O-Wisp|p1a: Oglina\n|-status|p1a: Oglina|brn\n|move|p2a: Milotic|Attract|p1b: The Blues\n|-start|p1b: The Blues|Attract\n|\n|-weather|RainDance|[upkeep]\n|-heal|p2b: Heatran|55\/100|[from] item: Leftovers\n|-damage|p1a: Oglina|95\/100 brn|[from] brn\n|-status|p2a: Milotic|brn|[from] item: Flame Orb\n|upkeep\n|turn|2\n|inactive|codyreborn has 120 seconds left.\n|\n|t:|1698098947\n|move|p1a: Oglina|Horn Leech|p2a: Milotic\n|-supereffective|p2a: Milotic\n|-damage|p2a: Milotic|71\/100 brn\n|-heal|p1a: Oglina|100\/100 brn|[from] drain|[of] p2a: Milotic\n|move|p2b: Heatran|Magma Storm|p1a: Oglina\n|-resisted|p1a: Oglina\n|-damage|p1a: Oglina|93\/100 brn\n|-activate|p1a: Oglina|move: Magma Storm|[of] p2b: Heatran\n|move|p2a: Milotic|Scald|p1a: Oglina\n|-resisted|p1a: Oglina\n|-damage|p1a: Oglina|76\/100 brn\n|-activate|p1b: The Blues|move: Attract|[of] p2a: Milotic\n|move|p1b: The Blues|Ice Beam|p2b: Heatran\n|-supereffective|p2b: Heatran\n|-damage|p2b: Heatran|29\/100\n|\n|-weather|RainDance|[upkeep]\n|-heal|p2b: Heatran|35\/100|[from] item: Leftovers\n|-damage|p1a: Oglina|70\/100 brn|[from] brn\n|-damage|p2a: Milotic|64\/100 brn|[from] brn\n|-damage|p1a: Oglina|58\/100 brn|[from] move: Magma Storm|[partiallytrapped]\n|upkeep\n|turn|3\n|inactive|codyreborn has 120 seconds left.\n|\n|t:|1698098976\n|switch|p1b: Tornadus|Tornadus, M|100\/100\n|move|p1a: Oglina|Horn Leech|p2a: Milotic\n|-supereffective|p2a: Milotic\n|-damage|p2a: Milotic|37\/100 brn\n|-heal|p1a: Oglina|76\/100 brn|[from] drain|[of] p2a: Milotic\n|move|p2b: Heatran|Earth Power|p1a: Oglina\n|-damage|p1a: Oglina|55\/100 brn\n|move|p2a: Milotic|Scald|p1a: Oglina\n|-resisted|p1a: Oglina\n|-damage|p1a: Oglina|39\/100 brn\n|\n|-weather|RainDance|[upkeep]\n|-heal|p2b: Heatran|42\/100|[from] item: Leftovers\n|-damage|p1a: Oglina|33\/100 brn|[from] brn\n|-damage|p2a: Milotic|31\/100 brn|[from] brn\n|-damage|p1a: Oglina|20\/100 brn|[from] move: Magma Storm|[partiallytrapped]\n|upkeep\n|turn|4\n|inactive|codyreborn has 120 seconds left.\n|\n|t:|1698099007\n|move|p1b: Tornadus|Bleakwind Storm|p2b: Heatran|[spread] p2a,p2b\n|-crit|p2a: Milotic\n|-supereffective|p2b: Heatran\n|-damage|p2a: Milotic|0 fnt\n|-damage|p2b: Heatran|0 fnt\n|faint|p2a: Milotic\n|faint|p2b: Heatran\n|move|p1a: Oglina|Horn Leech|p2: Milotic|[notarget]\n|-fail|p1a: Oglina\n|\n|-weather|RainDance|[upkeep]\n|-damage|p1a: Oglina|14\/100 brn|[from] brn\n|-end|p1a: Oglina|Magma Storm|[partiallytrapped]|[silent]\n|upkeep\n|inactive|codyreborn has 120 seconds left.\n|\n|t:|1698099018\n|switch|p2b: Dragonite|Dragonite, M, shiny|100\/100\n|switch|p2a: Kingambit|Kingambit, M, shiny|100\/100\n|turn|5\n|\n|t:|1698099030\n|move|p1b: Tornadus|Tailwind|p1b: Tornadus\n|-sidestart|p1: NottyNoun|move: Tailwind\n|move|p1a: Oglina|Ivy Cudgel|p2b: Dragonite\n|-resisted|p2b: Dragonite\n|-damage|p2b: Dragonite|82\/100\n|move|p2b: Dragonite|Dragon Dance|p2b: Dragonite\n|-boost|p2b: Dragonite|atk|1\n|-boost|p2b: Dragonite|spe|1\n|move|p2a: Kingambit|Swords Dance|p2a: Kingambit\n|-boost|p2a: Kingambit|atk|2\n|\n|-weather|RainDance|[upkeep]\n|-damage|p1a: Oglina|8\/100 brn|[from] brn\n|upkeep\n|turn|6\n|\n|t:|1698099051\n|move|p2b: Dragonite|Extreme Speed|p1a: Oglina\n|-crit|p1a: Oglina\n|-damage|p1a: Oglina|0 fnt\n|faint|p1a: Oglina\n|move|p1b: Tornadus|Taunt|p2b: Dragonite\n|-start|p2b: Dragonite|move: Taunt\n|move|p2a: Kingambit|Kowtow Cleave|p1b: Tornadus\n|-damage|p1b: Tornadus|0 fnt\n|faint|p1b: Tornadus\n|\n|-weather|RainDance|[upkeep]\n|upkeep\n|inactive|NottyNoun has 120 seconds left.\n|\n|t:|1698099067\n|switch|p1b: Crash Nebula|Palafin-Hero, M, shiny|100\/100\n|switch|p1a: Puff|Dragonite, F, shiny|100\/100\n|-activate|p1b: Crash Nebula|ability: Zero to Hero\n|turn|7\n|\n|t:|1698099078\n|move|p1b: Crash Nebula|Drain Punch|p2a: Kingambit\n|-supereffective|p2a: Kingambit\n|-damage|p2a: Kingambit|0 fnt\n|faint|p2a: Kingambit\n|move|p1a: Puff|Dragon Claw|p2b: Dragonite\n|-supereffective|p2b: Dragonite\n|-damage|p2b: Dragonite|0 fnt\n|faint|p2b: Dragonite\n|-damage|p1a: Puff|91\/100|[from] item: Life Orb\n|\n|-weather|RainDance|[upkeep]\n|upkeep\n|c|\u2606codyreborn|uhhhh did you reall scarf your dragonite\n|c|\u2606codyreborn|lmaooooo\n|\n|t:|1698099096\n|switch|p2b: Sylveon|Sylveon, F, shiny|100\/100\n|switch|p2a: Raichu|Raichu, M, shiny|100\/100\n|-item|p2a: Raichu|Air Balloon\n|turn|8\n|inactive|NottyNoun has 120 seconds left.\n|\n|t:|1698099128\n|move|p1a: Puff|Protect|p1a: Puff\n|-singleturn|p1a: Puff|Protect\n|move|p1b: Crash Nebula|Wave Crash|p2b: Sylveon\n|-damage|p2b: Sylveon|0 fnt\n|faint|p2b: Sylveon\n|-damage|p1b: Crash Nebula|62\/100|[from] Recoil\n|move|p2a: Raichu|Thunderbolt|p1b: Crash Nebula\n|-supereffective|p1b: Crash Nebula\n|-damage|p1b: Crash Nebula|0 fnt\n|faint|p1b: Crash Nebula\n|\n|-weather|none\n|-sideend|p1: NottyNoun|move: Tailwind\n|upkeep\n|inactive|NottyNoun has 120 seconds left.\n|\n|t:|1698099140\n|switch|p1b: The Blues|Politoed, M|100\/100\n|-weather|RainDance|[from] ability: Drizzle|[of] p1b: The Blues\n|turn|9\n|-message|codyreborn forfeited.\n|\n|win|NottyNoun\n|raw|NottyNoun's rating: 1228 &rarr; <strong>1263<\/strong><br \/>(+35 for winning)\n|raw|codyreborn's rating: 1375 &rarr; <strong>1347<\/strong><br \/>(-28 for losing)\n|l|\u2606codyreborn\n","uploadtime":1698099150,"views":9,"p1id":"nottynoun","p2id":"codyreborn","formatid":"gen9doublesou","rating":1263,"private":0,"password":""}