{"id":"gen9doublesou-1989250136","p1":"its-sam87","p2":"wonhosbazingas","format":"[Gen 9] Doubles OU","log":"|j|\u2606its-sam87\n|j|\u2606wonhosbazingas\n|t:|1699828003\n|gametype|doubles\n|player|p1|its-sam87|acetrainer-gen2|1461\n|player|p2|wonhosbazingas|kimonogirl|1503\n|teamsize|p1|6\n|teamsize|p2|6\n|gen|9\n|tier|[Gen 9] Doubles OU\n|rated|\n|rule|Species Clause: Limit one of each Pok\u00e9mon\n|rule|OHKO Clause: OHKO moves are banned\n|rule|Evasion Moves Clause: Evasion moves are banned\n|rule|Gravity Sleep Clause: The combination of sleep-inducing moves with imperfect accuracy and Gravity or Gigantamax Orbeetle are banned\n|rule|Endless Battle Clause: Forcing endless battles is banned\n|rule|HP Percentage Mod: HP is shown in percentages\n|clearpoke\n|poke|p1|Tornadus, M|\n|poke|p1|Amoonguss, M|\n|poke|p1|Basculegion-F, F|\n|poke|p1|Pelipper, M|\n|poke|p1|Palafin, M|\n|poke|p1|Regieleki|\n|poke|p2|Maushold-Four|\n|poke|p2|Azumarill, F|\n|poke|p2|Espeon, F|\n|poke|p2|Tsareena, F|\n|poke|p2|Sylveon, F|\n|poke|p2|Dragonite, F|\n|teampreview\n|inactive|Battle timer is ON: inactive players will automatically lose when time's up. (requested by its-sam87)\n|c|\u2606its-sam87|gl hf\n|inactive|wonhosbazingas has 120 seconds left.\n|\n|t:|1699828041\n|start\n|switch|p1a: Tornadus|Tornadus, M, shiny|100\/100\n|switch|p1b: Palafin|Palafin, M|100\/100\n|switch|p2a: Dragonite|Dragonite, F|100\/100\n|switch|p2b: Sylveon|Sylveon, F|100\/100\n|turn|1\n|\n|t:|1699828054\n|detailschange|p1b: Palafin|Palafin-Hero, M\n|switch|p1b: Amoonguss|Amoonguss, M, shiny|100\/100\n|-terastallize|p2a: Dragonite|Normal\n|move|p2a: Dragonite|Extreme Speed|p1a: Tornadus\n|-damage|p1a: Tornadus|63\/100\n|move|p1a: Tornadus|Taunt|p2b: Sylveon\n|-start|p2b: Sylveon|move: Taunt\n|move|p2b: Sylveon|Hyper Voice|p1b: Amoonguss|[spread] p1a,p1b\n|-resisted|p1b: Amoonguss\n|-damage|p1a: Tornadus|18\/100\n|-damage|p1b: Amoonguss|84\/100\n|-enditem|p2b: Sylveon|Throat Spray\n|-boost|p2b: Sylveon|spa|1|[from] item: Throat Spray\n|\n|upkeep\n|turn|2\n|\n|t:|1699828084\n|switch|p2b: Espeon|Espeon, F|100\/100\n|move|p2a: Dragonite|Extreme Speed|p1a: Tornadus\n|-damage|p1a: Tornadus|0 fnt\n|faint|p1a: Tornadus\n|move|p1b: Amoonguss|Rage Powder|p1b: Amoonguss\n|-singleturn|p1b: Amoonguss|move: Rage Powder\n|\n|upkeep\n|\n|t:|1699828093\n|switch|p1a: Palafin|Palafin-Hero, M|100\/100\n|-activate|p1a: Palafin|ability: Zero to Hero\n|turn|3\n|\n|t:|1699828117\n|switch|p2b: Tsareena|Tsareena, F|100\/100\n|move|p2a: Dragonite|Extreme Speed|p1a: Palafin\n|-damage|p1a: Palafin|62\/100\n|move|p1a: Palafin|Wave Crash|p2a: Dragonite\n|-damage|p2a: Dragonite|35\/100\n|-damage|p1a: Palafin|45\/100|[from] Recoil\n|move|p1b: Amoonguss|Pollen Puff|p1a: Palafin\n|-heal|p1a: Palafin|95\/100\n|\n|upkeep\n|turn|4\n|\n|t:|1699828139\n|switch|p1a: Pelipper|Pelipper, M, shiny|100\/100\n|-weather|RainDance|[from] ability: Drizzle|[of] p1a: Pelipper\n|move|p2a: Dragonite|Extreme Speed|p1a: Pelipper\n|-damage|p1a: Pelipper|65\/100\n|move|p2b: Tsareena|Power Whip|p1a: Pelipper\n|-damage|p1a: Pelipper|21\/100\n|move|p1b: Amoonguss|Spore|p2a: Dragonite\n|-status|p2a: Dragonite|slp|[from] move: Spore\n|\n|-weather|RainDance|[upkeep]\n|upkeep\n|turn|5\n|\n|t:|1699828160\n|switch|p1a: Regieleki|Regieleki, shiny|100\/100\n|cant|p2a: Dragonite|slp\n|move|p2b: Tsareena|Power Whip|p1a: Regieleki\n|-crit|p1a: Regieleki\n|-damage|p1a: Regieleki|0 fnt\n|faint|p1a: Regieleki\n|move|p1b: Amoonguss|Pollen Puff|p2b: Tsareena\n|-supereffective|p2b: Tsareena\n|-damage|p2b: Tsareena|53\/100\n|\n|-weather|RainDance|[upkeep]\n|upkeep\n|\n|t:|1699828173\n|switch|p1a: Palafin|Palafin-Hero, M|95\/100\n|turn|6\n|\n|t:|1699828180\n|cant|p2a: Dragonite|slp\n|move|p1a: Palafin|Jet Punch||[still]\n|cant|p2b: Tsareena|ability: Queenly Majesty|Jet Punch|[of] p1a: Palafin\n|move|p2b: Tsareena|Power Whip|p1a: Palafin|[miss]\n|-miss|p2b: Tsareena|p1a: Palafin\n|move|p1b: Amoonguss|Pollen Puff|p1a: Palafin\n|-heal|p1a: Palafin|100\/100\n|\n|-weather|RainDance|[upkeep]\n|upkeep\n|turn|7\n|\n|t:|1699828200\n|switch|p1a: Pelipper|Pelipper, M, shiny|21\/100\n|-curestatus|p2a: Dragonite|slp|[msg]\n|move|p2a: Dragonite|Extreme Speed|p1a: Pelipper\n|-damage|p1a: Pelipper|0 fnt\n|faint|p1a: Pelipper\n|move|p2b: Tsareena|Power Whip|p1b: Amoonguss|[miss]\n|-miss|p2b: Tsareena|p1b: Amoonguss\n|move|p1b: Amoonguss|Spore|p2a: Dragonite\n|-status|p2a: Dragonite|slp|[from] move: Spore\n|\n|-weather|RainDance|[upkeep]\n|upkeep\n|inactive|its-sam87 has 120 seconds left.\n|\n|t:|1699828215\n|switch|p1a: Basculegion|Basculegion-F, F|100\/100\n|turn|8\n|\n|t:|1699828229\n|switch|p2b: Azumarill|Azumarill, F|100\/100\n|switch|p1b: Palafin|Palafin-Hero, M|100\/100\n|-terastallize|p1a: Basculegion|Ghost\n|cant|p2a: Dragonite|slp\n|move|p1a: Basculegion|Last Respects|p2b: Azumarill\n|-damage|p2b: Azumarill|0 fnt\n|faint|p2b: Azumarill\n|\n|-weather|RainDance|[upkeep]\n|upkeep\n|\n|t:|1699828244\n|switch|p2b: Tsareena|Tsareena, F|53\/100\n|turn|9\n|\n|t:|1699828253\n|cant|p2a: Dragonite|slp\n|move|p1a: Basculegion|Last Respects|p2b: Tsareena\n|-damage|p2b: Tsareena|0 fnt\n|faint|p2b: Tsareena\n|move|p1b: Palafin|Drain Punch|p2a: Dragonite\n|-supereffective|p2a: Dragonite\n|-damage|p2a: Dragonite|0 fnt\n|faint|p2a: Dragonite\n|\n|-weather|RainDance|[upkeep]\n|upkeep\n|inactive|wonhosbazingas has 120 seconds left.\n|\n|t:|1699828288\n|switch|p2b: Espeon|Espeon, F|100\/100\n|switch|p2a: Sylveon|Sylveon, F|100\/100\n|turn|10\n|\n|t:|1699828299\n|move|p1a: Basculegion|Last Respects|p2a: Sylveon\n|-damage|p2a: Sylveon|0 fnt\n|faint|p2a: Sylveon\n|move|p2b: Espeon|Shadow Ball|p1a: Basculegion\n|-supereffective|p1a: Basculegion\n|-damage|p1a: Basculegion|36\/100\n|move|p1b: Palafin|Drain Punch|p2b: Espeon\n|-resisted|p2b: Espeon\n|-damage|p2b: Espeon|49\/100\n|\n|-weather|RainDance|[upkeep]\n|upkeep\n|\n|t:|1699828309\n|switch|p2a: Maushold|Maushold-Four|100\/100\n|turn|11\n|\n|t:|1699828316\n|move|p1a: Basculegion|Last Respects|p2b: Espeon\n|-supereffective|p2b: Espeon\n|-damage|p2b: Espeon|0 fnt\n|faint|p2b: Espeon\n|move|p2a: Maushold|Bite|p1a: Basculegion\n|-supereffective|p1a: Basculegion\n|-damage|p1a: Basculegion|0 fnt\n|faint|p1a: Basculegion\n|move|p1b: Palafin|Drain Punch|p2a: Maushold\n|-supereffective|p2a: Maushold\n|-damage|p2a: Maushold|0 fnt\n|faint|p2a: Maushold\n|\n|win|its-sam87\n|raw|its-sam87's rating: 1461 &rarr; <strong>1483<\/strong><br \/>(+22 for winning)\n|raw|wonhosbazingas's rating: 1503 &rarr; <strong>1481<\/strong><br \/>(-22 for losing)\n|c|\u2606its-sam87|gg\n|c|\u2606wonhosbazingas|gg\n|l|\u2606wonhosbazingas\n","uploadtime":1699828334,"views":9,"p1id":"itssam87","p2id":"wonhosbazingas","formatid":"gen9doublesou","rating":1481,"private":0,"password":""}