{"id":"gen9doublesou-1999829609","p1":"The Mr_Awesome01","p2":"Schister","format":"[Gen 9] Doubles OU","log":"|j|\u2606The Mr_Awesome01\n|j|\u2606Schister\n|t:|1701120637\n|gametype|doubles\n|player|p1|The Mr_Awesome01|steven-masters4|1502\n|player|p2|Schister|clair|1703\n|teamsize|p1|6\n|teamsize|p2|6\n|gen|9\n|tier|[Gen 9] Doubles OU\n|rated|\n|rule|Species Clause: Limit one of each Pok\u00e9mon\n|rule|OHKO Clause: OHKO moves are banned\n|rule|Evasion Moves Clause: Evasion moves are banned\n|rule|Gravity Sleep Clause: The combination of sleep-inducing moves with imperfect accuracy and Gravity or Gigantamax Orbeetle are banned\n|rule|Endless Battle Clause: Forcing endless battles is banned\n|rule|HP Percentage Mod: HP is shown in percentages\n|clearpoke\n|poke|p1|Indeedee-F, F|\n|poke|p1|Walking Wake|\n|poke|p1|Armarouge, M|\n|poke|p1|Torkoal, M|\n|poke|p1|Lilligant-Hisui, F|\n|poke|p1|Ursaluna, M|\n|poke|p2|Garganacl, F|\n|poke|p2|Sinistcha-Masterpiece|\n|poke|p2|Rillaboom, F|\n|poke|p2|Volcanion|\n|poke|p2|Landorus-Therian, M|\n|poke|p2|Klefki, M|\n|teampreview\n|inactive|Battle timer is ON: inactive players will automatically lose when time's up. (requested by Schister)\n|\n|t:|1701120653\n|start\n|switch|p1a: Indeedee|Indeedee-F, F|100\/100\n|switch|p1b: Big Bird|Walking Wake|100\/100\n|switch|p2a: Klefki|Klefki, M|100\/100\n|switch|p2b: Garganacl|Garganacl, F|100\/100\n|-fieldstart|move: Psychic Terrain|[from] ability: Psychic Surge|[of] p1a: Indeedee\n|turn|1\n|\n|t:|1701120671\n|-terastallize|p2b: Garganacl|Poison\n|move|p2a: Klefki|Light Screen|p2a: Klefki\n|-sidestart|p2: Schister|move: Light Screen\n|move|p1b: Big Bird|Hydro Steam|p2b: Garganacl\n|-damage|p2b: Garganacl|75\/100\n|-damage|p1b: Big Bird|91\/100|[from] item: Life Orb\n|move|p2b: Garganacl|Salt Cure|p1b: Big Bird\n|-damage|p1b: Big Bird|77\/100\n|-start|p1b: Big Bird|Salt Cure\n|move|p1a: Indeedee|Trick Room|p1a: Indeedee\n|-fieldstart|move: Trick Room|[of] p1a: Indeedee\n|\n|-heal|p2b: Garganacl|81\/100|[from] item: Leftovers\n|-damage|p1b: Big Bird|52\/100|[from] Salt Cure\n|upkeep\n|turn|2\n|\n|t:|1701120691\n|move|p2b: Garganacl|Salt Cure|p1a: Indeedee\n|-damage|p1a: Indeedee|80\/100\n|-start|p1a: Indeedee|Salt Cure\n|move|p1a: Indeedee|Psychic|p2b: Garganacl\n|-supereffective|p2b: Garganacl\n|-crit|p2b: Garganacl\n|-damage|p2b: Garganacl|6\/100\n|move|p1b: Big Bird|Flamethrower|p2a: Klefki\n|-supereffective|p2a: Klefki\n|-damage|p2a: Klefki|39\/100\n|-damage|p1b: Big Bird|42\/100|[from] item: Life Orb\n|move|p2a: Klefki|Trick Room|p2a: Klefki\n|-fieldend|move: Trick Room\n|\n|-heal|p2b: Garganacl|12\/100|[from] item: Leftovers\n|-damage|p1b: Big Bird|17\/100|[from] Salt Cure\n|-damage|p1a: Indeedee|67\/100|[from] Salt Cure\n|upkeep\n|turn|3\n|\n|t:|1701120711\n|switch|p2a: Rillaboom|Rillaboom, F|100\/100\n|-fieldstart|move: Grassy Terrain|[from] ability: Grassy Surge|[of] p2a: Rillaboom\n|move|p2b: Garganacl|Protect|p2b: Garganacl\n|-singleturn|p2b: Garganacl|Protect\n|move|p1b: Big Bird|Flamethrower|p2a: Rillaboom\n|-supereffective|p2a: Rillaboom\n|-damage|p2a: Rillaboom|59\/100\n|-damage|p1b: Big Bird|8\/100|[from] item: Life Orb\n|move|p1a: Indeedee|Trick Room|p1a: Indeedee\n|-fieldstart|move: Trick Room|[of] p1a: Indeedee\n|\n|-heal|p2b: Garganacl|19\/100|[from] Grassy Terrain\n|-heal|p2b: Garganacl|25\/100|[from] item: Leftovers\n|-heal|p1a: Indeedee|73\/100|[from] Grassy Terrain\n|-heal|p2a: Rillaboom|65\/100|[from] Grassy Terrain\n|-heal|p1b: Big Bird|14\/100|[from] Grassy Terrain\n|-damage|p1a: Indeedee|61\/100|[from] Salt Cure\n|-damage|p1b: Big Bird|0 fnt|[from] Salt Cure\n|faint|p1b: Big Bird\n|-end|p1b: Big Bird|Protosynthesis|[silent]\n|upkeep\n|\n|t:|1701120724\n|switch|p1b: Yogi|Ursaluna, M|100\/100\n|turn|4\n|\n|t:|1701120736\n|switch|p1a: Mega Man|Armarouge, M|100\/100\n|move|p1b: Yogi|Protect|p1b: Yogi\n|-singleturn|p1b: Yogi|Protect\n|move|p2b: Garganacl|Curse|p2b: Garganacl\n|-unboost|p2b: Garganacl|spe|1\n|-boost|p2b: Garganacl|atk|1\n|-boost|p2b: Garganacl|def|1\n|move|p2a: Rillaboom|U-turn|p1a: Mega Man\n|-damage|p1a: Mega Man|77\/100\n|\n|t:|1701120747\n|switch|p2a: Sinistcha|Sinistcha-Masterpiece|100\/100|[from] U-turn\n|-heal|p2b: Garganacl|50\/100|[from] ability: Hospitality|[of] p2a: Sinistcha\n|\n|-heal|p2b: Garganacl|56\/100|[from] Grassy Terrain\n|-heal|p2b: Garganacl|62\/100|[from] item: Leftovers\n|-heal|p1a: Mega Man|83\/100|[from] Grassy Terrain\n|-status|p1b: Yogi|brn|[from] item: Flame Orb\n|upkeep\n|turn|5\n|\n|t:|1701120759\n|switch|p1b: Indeedee|Indeedee-F, F|61\/100\n|-fieldstart|move: Psychic Terrain|[from] ability: Psychic Surge|[of] p1b: Indeedee\n|switch|p2a: Rillaboom|Rillaboom, F|65\/100\n|-fieldstart|move: Grassy Terrain|[from] ability: Grassy Surge|[of] p2a: Rillaboom\n|-terastallize|p1a: Mega Man|Grass\n|move|p2b: Garganacl|Stomping Tantrum|p1a: Mega Man\n|-resisted|p1a: Mega Man\n|-damage|p1a: Mega Man|72\/100\n|move|p1a: Mega Man|Expanding Force|p2b: Garganacl\n|-supereffective|p2b: Garganacl\n|-damage|p2b: Garganacl|15\/100\n|-damage|p1a: Mega Man|62\/100|[from] item: Life Orb\n|\n|-heal|p2b: Garganacl|21\/100|[from] Grassy Terrain\n|-heal|p2b: Garganacl|27\/100|[from] item: Leftovers\n|-heal|p1a: Mega Man|68\/100|[from] Grassy Terrain\n|-heal|p1b: Indeedee|67\/100|[from] Grassy Terrain\n|-heal|p2a: Rillaboom|71\/100|[from] Grassy Terrain\n|upkeep\n|turn|6\n|\n|t:|1701120781\n|move|p1a: Mega Man|Protect|p1a: Mega Man\n|-singleturn|p1a: Mega Man|Protect\n|move|p2b: Garganacl|Salt Cure|p1a: Mega Man\n|-activate|p1a: Mega Man|move: Protect\n|move|p1b: Indeedee|Psychic|p2b: Garganacl\n|-supereffective|p2b: Garganacl\n|-damage|p2b: Garganacl|1\/100\n|move|p2a: Rillaboom|U-turn|p1b: Indeedee\n|-supereffective|p1b: Indeedee\n|-damage|p1b: Indeedee|0 fnt\n|faint|p1b: Indeedee\n|\n|t:|1701120785\n|switch|p2a: Sinistcha|Sinistcha-Masterpiece|100\/100|[from] U-turn\n|-heal|p2b: Garganacl|26\/100|[from] ability: Hospitality|[of] p2a: Sinistcha\n|\n|-heal|p2b: Garganacl|32\/100|[from] Grassy Terrain\n|-heal|p2b: Garganacl|38\/100|[from] item: Leftovers\n|-heal|p1a: Mega Man|75\/100|[from] Grassy Terrain\n|upkeep\n|\n|t:|1701120797\n|switch|p1b: Yogi|Ursaluna, M|100\/100 brn\n|turn|7\n|inactive|Schister has 120 seconds left.\n|\n|t:|1701120833\n|switch|p2a: Landorus|Landorus-Therian, M|100\/100\n|-ability|p2a: Landorus|Intimidate|boost\n|-unboost|p1a: Mega Man|atk|1\n|-unboost|p1b: Yogi|atk|1\n|move|p2b: Garganacl|Protect|p2b: Garganacl\n|-singleturn|p2b: Garganacl|Protect\n|move|p1b: Yogi|Facade|p2b: Garganacl\n|-activate|p2b: Garganacl|move: Protect\n|move|p1a: Mega Man|Armor Cannon|p2a: Landorus\n|-damage|p2a: Landorus|26\/100\n|-unboost|p1a: Mega Man|def|1\n|-unboost|p1a: Mega Man|spd|1\n|-damage|p1a: Mega Man|65\/100|[from] item: Life Orb\n|\n|-heal|p2b: Garganacl|45\/100|[from] Grassy Terrain\n|-heal|p2b: Garganacl|51\/100|[from] item: Leftovers\n|-heal|p1a: Mega Man|71\/100|[from] Grassy Terrain\n|-damage|p1b: Yogi|94\/100 brn|[from] brn\n|-fieldend|move: Trick Room\n|upkeep\n|turn|8\n|\n|t:|1701120852\n|switch|p1a: Plant Gang|Lilligant-Hisui, F|100\/100\n|move|p1b: Yogi|Protect|p1b: Yogi\n|-singleturn|p1b: Yogi|Protect\n|move|p2a: Landorus|U-turn|p1a: Plant Gang\n|-damage|p1a: Plant Gang|52\/100\n|\n|t:|1701120859\n|switch|p2a: Sinistcha|Sinistcha-Masterpiece|100\/100|[from] U-turn\n|-heal|p2b: Garganacl|76\/100|[from] ability: Hospitality|[of] p2a: Sinistcha\n|move|p2b: Garganacl|Salt Cure|p1b: Yogi\n|-activate|p1b: Yogi|move: Protect\n|\n|-heal|p1a: Plant Gang|58\/100|[from] Grassy Terrain\n|-heal|p1b: Yogi|100\/100 brn|[from] Grassy Terrain\n|-heal|p2b: Garganacl|82\/100|[from] Grassy Terrain\n|-heal|p2b: Garganacl|88\/100|[from] item: Leftovers\n|-damage|p1b: Yogi|94\/100 brn|[from] brn\n|-sideend|p2: Schister|move: Light Screen\n|upkeep\n|turn|9\n|j| 32cows\n|\n|t:|1701120875\n|switch|p1b: Sheldon|Torkoal, M|100\/100\n|-weather|SunnyDay|[from] ability: Drought|[of] p1b: Sheldon\n|move|p1a: Plant Gang|Close Combat|p2b: Garganacl\n|-resisted|p2b: Garganacl\n|-damage|p2b: Garganacl|69\/100\n|-unboost|p1a: Plant Gang|def|1\n|-unboost|p1a: Plant Gang|spd|1\n|move|p2a: Sinistcha|Matcha Gotcha|p1a: Plant Gang|[spread] p1a,p1b\n|-resisted|p1a: Plant Gang\n|-resisted|p1b: Sheldon\n|-damage|p1a: Plant Gang|21\/100\n|-damage|p1b: Sheldon|75\/100\n|move|p2b: Garganacl|Salt Cure|p1b: Sheldon\n|-supereffective|p1b: Sheldon\n|-damage|p1b: Sheldon|45\/100\n|-start|p1b: Sheldon|Salt Cure\n|\n|-weather|SunnyDay|[upkeep]\n|-heal|p1a: Plant Gang|27\/100|[from] Grassy Terrain\n|-heal|p1b: Sheldon|51\/100|[from] Grassy Terrain\n|-heal|p2b: Garganacl|75\/100|[from] Grassy Terrain\n|-heal|p2b: Garganacl|82\/100|[from] item: Leftovers\n|-damage|p1b: Sheldon|39\/100|[from] Salt Cure\n|-fieldend|move: Grassy Terrain\n|upkeep\n|turn|10\n|inactive|Schister has 120 seconds left.\n|\n|t:|1701120918\n|move|p1a: Plant Gang|Close Combat|p2b: Garganacl\n|-resisted|p2b: Garganacl\n|-damage|p2b: Garganacl|62\/100\n|-unboost|p1a: Plant Gang|def|1\n|-unboost|p1a: Plant Gang|spd|1\n|move|p2a: Sinistcha|Shadow Ball|p1b: Sheldon\n|-damage|p1b: Sheldon|0 fnt\n|faint|p1b: Sheldon\n|move|p2b: Garganacl|Salt Cure|p1a: Plant Gang\n|-resisted|p1a: Plant Gang\n|-damage|p1a: Plant Gang|0 fnt\n|faint|p1a: Plant Gang\n|\n|-weather|SunnyDay|[upkeep]\n|-heal|p2b: Garganacl|68\/100|[from] item: Leftovers\n|upkeep\n|\n|t:|1701120927\n|switch|p1a: Yogi|Ursaluna, M|94\/100 brn\n|switch|p1b: Mega Man|Armarouge, M, tera:Grass|71\/100\n|turn|11\n|\n|t:|1701120946\n|move|p2b: Garganacl|Protect|p2b: Garganacl\n|-singleturn|p2b: Garganacl|Protect\n|move|p2a: Sinistcha|Matcha Gotcha|p1b: Mega Man|[spread] p1b\n|-miss|p2a: Sinistcha|p1a: Yogi\n|-resisted|p1b: Mega Man\n|-damage|p1b: Mega Man|57\/100\n|move|p1b: Mega Man|Expanding Force|p2b: Garganacl\n|-activate|p2b: Garganacl|move: Protect\n|move|p1a: Yogi|Facade|p2a: Sinistcha\n|-immune|p2a: Sinistcha\n|\n|-weather|SunnyDay|[upkeep]\n|-heal|p2b: Garganacl|75\/100|[from] item: Leftovers\n|-damage|p1a: Yogi|88\/100 brn|[from] brn\n|upkeep\n|turn|12\n|\n|t:|1701120969\n|move|p2a: Sinistcha|Matcha Gotcha|p1a: Yogi|[spread] p1a,p1b\n|-supereffective|p1a: Yogi\n|-resisted|p1b: Mega Man\n|-damage|p1a: Yogi|44\/100 brn\n|-damage|p1b: Mega Man|42\/100\n|move|p1b: Mega Man|Expanding Force|p2b: Garganacl\n|-supereffective|p2b: Garganacl\n|-damage|p2b: Garganacl|0 fnt\n|faint|p2b: Garganacl\n|-damage|p1b: Mega Man|33\/100|[from] item: Life Orb\n|move|p1a: Yogi|Swords Dance|p1a: Yogi\n|-boost|p1a: Yogi|atk|2\n|\n|-weather|SunnyDay|[upkeep]\n|-damage|p1a: Yogi|38\/100 brn|[from] brn\n|upkeep\n|\n|t:|1701120981\n|switch|p2b: Landorus|Landorus-Therian, M|26\/100\n|-ability|p2b: Landorus|Intimidate|boost\n|-unboost|p1a: Yogi|atk|1\n|-unboost|p1b: Mega Man|atk|1\n|turn|13\n|\n|t:|1701120989\n|move|p1a: Yogi|Protect|p1a: Yogi\n|-singleturn|p1a: Yogi|Protect\n|move|p2b: Landorus|Rock Slide|p1a: Yogi|[spread] p1b\n|-activate|p1a: Yogi|move: Protect\n|-damage|p1b: Mega Man|12\/100\n|move|p2a: Sinistcha|Matcha Gotcha|p1a: Yogi|[spread] p1b\n|-activate|p1a: Yogi|move: Protect\n|-resisted|p1b: Mega Man\n|-damage|p1b: Mega Man|0 fnt\n|faint|p1b: Mega Man\n|\n|-weather|none\n|-damage|p1a: Yogi|32\/100 brn|[from] brn\n|upkeep\n|turn|14\n|\n|t:|1701121000\n|move|p2b: Landorus|Rock Slide|p1a: Yogi\n|-resisted|p1a: Yogi\n|-damage|p1a: Yogi|21\/100 brn\n|move|p2a: Sinistcha|Matcha Gotcha|p1a: Yogi|[miss]\n|-miss|p2a: Sinistcha|p1a: Yogi\n|move|p1a: Yogi|Facade|p2b: Landorus\n|-damage|p2b: Landorus|0 fnt\n|faint|p2b: Landorus\n|\n|-damage|p1a: Yogi|15\/100 brn|[from] brn\n|upkeep\n|\n|t:|1701121003\n|switch|p2b: Rillaboom|Rillaboom, F|71\/100\n|-fieldstart|move: Grassy Terrain|[from] ability: Grassy Surge|[of] p2b: Rillaboom\n|turn|15\n|\n|t:|1701121006\n|move|p2b: Rillaboom|Wood Hammer|p1a: Yogi\n|-supereffective|p1a: Yogi\n|-damage|p1a: Yogi|0 fnt\n|faint|p1a: Yogi\n|-damage|p2b: Rillaboom|66\/100|[from] Recoil\n|\n|win|Schister\n|raw|The Mr_Awesome01's rating: 1502 &rarr; <strong>1492<\/strong><br \/>(-10 for losing)\n|raw|Schister's rating: 1703 &rarr; <strong>1713<\/strong><br \/>(+10 for winning)\n|l|\u2606The Mr_Awesome01\n","uploadtime":1701121013,"views":8,"p1id":"themrawesome01","p2id":"schister","formatid":"gen9doublesou","rating":1492,"private":0,"password":""}