{"id":"gen9doublesou-1983995942","p1":"Throw Games","p2":"user27323","format":"[Gen 9] Doubles OU","log":"|j|\u2606Throw Games\n|j|\u2606user27323\n|t:|1699208034\n|gametype|doubles\n|player|p1|Throw Games|clay|1627\n|player|p2|user27323|caitlin|1639\n|teamsize|p1|6\n|teamsize|p2|6\n|gen|9\n|tier|[Gen 9] Doubles OU\n|rated|\n|rule|Species Clause: Limit one of each Pok\u00e9mon\n|rule|OHKO Clause: OHKO moves are banned\n|rule|Evasion Moves Clause: Evasion moves are banned\n|rule|Gravity Sleep Clause: The combination of sleep-inducing moves with imperfect accuracy and Gravity or Gigantamax Orbeetle are banned\n|rule|Endless Battle Clause: Forcing endless battles is banned\n|rule|HP Percentage Mod: HP is shown in percentages\n|clearpoke\n|poke|p1|Gholdengo|\n|poke|p1|Chi-Yu|\n|poke|p1|Landorus-Therian, M|\n|poke|p1|Tyranitar, M|\n|poke|p1|Sinistcha-Masterpiece|\n|poke|p1|Cresselia, F|\n|poke|p2|Flutter Mane|\n|poke|p2|Sylveon, F|\n|poke|p2|Jirachi|\n|poke|p2|Dragonite, M|\n|poke|p2|Iron Bundle|\n|poke|p2|Volcanion|\n|teampreview\n|inactive|Battle timer is ON: inactive players will automatically lose when time's up. (requested by Throw Games)\n|\n|t:|1699208042\n|start\n|switch|p1a: Chi-Yu|Chi-Yu|100\/100\n|switch|p1b: Gholdengo|Gholdengo|100\/100\n|switch|p2a: shooting star \u2606|Jirachi|100\/100\n|switch|p2b: qu33fed|Iron Bundle|100\/100\n|-ability|p1a: Chi-Yu|Beads of Ruin\n|turn|1\n|\n|t:|1699208052\n|switch|p1a: Sinistcha|Sinistcha-Masterpiece|100\/100\n|move|p2a: shooting star \u2606|Iron Head|p1b: Gholdengo\n|-resisted|p1b: Gholdengo\n|-crit|p1b: Gholdengo\n|-damage|p1b: Gholdengo|69\/100\n|move|p2b: qu33fed|Hydro Pump|p1a: Sinistcha\n|-resisted|p1a: Sinistcha\n|-damage|p1a: Sinistcha|74\/100\n|cant|p1b: Gholdengo|flinch\n|\n|upkeep\n|turn|2\n|\n|t:|1699208065\n|move|p2a: shooting star \u2606|Iron Head|p1b: Gholdengo\n|-resisted|p1b: Gholdengo\n|-damage|p1b: Gholdengo|48\/100\n|move|p2b: qu33fed|Icy Wind|p1b: Gholdengo|[spread] p1a,p1b\n|-supereffective|p1a: Sinistcha\n|-resisted|p1b: Gholdengo\n|-damage|p1a: Sinistcha|34\/100\n|-damage|p1b: Gholdengo|35\/100\n|-unboost|p1a: Sinistcha|spe|1\n|-unboost|p1b: Gholdengo|spe|1\n|move|p1b: Gholdengo|Make It Rain|p2b: qu33fed|[spread] p2a,p2b\n|-resisted|p2a: shooting star \u2606\n|-damage|p2a: shooting star \u2606|63\/100\n|-enditem|p2b: qu33fed|Focus Sash\n|-damage|p2b: qu33fed|1\/100\n|-unboost|p1b: Gholdengo|spa|1\n|move|p1a: Sinistcha|Matcha Gotcha|p2a: shooting star \u2606|[spread] p2a,p2b\n|-resisted|p2a: shooting star \u2606\n|-supereffective|p2b: qu33fed\n|-damage|p2a: shooting star \u2606|50\/100\n|-heal|p1a: Sinistcha|40\/100|[from] drain|[of] p2a: shooting star \u2606\n|-damage|p2b: qu33fed|0 fnt\n|-heal|p1a: Sinistcha|41\/100|[from] drain|[of] p2b: qu33fed\n|faint|p2b: qu33fed\n|-end|p2b: qu33fed|Quark Drive|[silent]\n|\n|upkeep\n|inactive|user27323 has 120 seconds left.\n|\n|t:|1699208091\n|switch|p2b: kenergy|Volcanion|100\/100\n|turn|3\n|\n|t:|1699208094\n|switch|p1b: Landorus|Landorus-Therian, M|100\/100\n|-ability|p1b: Landorus|Intimidate|boost\n|-unboost|p2a: shooting star \u2606|atk|1\n|-unboost|p2b: kenergy|atk|1\n|move|p1a: Sinistcha|Protect|p1a: Sinistcha\n|-singleturn|p1a: Sinistcha|Protect\n|move|p2a: shooting star \u2606|Iron Head|p1b: Landorus\n|-damage|p1b: Landorus|72\/100\n|move|p2b: kenergy|Heat Wave|p1a: Sinistcha|[spread] p1b\n|-activate|p1a: Sinistcha|move: Protect\n|-damage|p1b: Landorus|40\/100\n|\n|upkeep\n|turn|4\n|\n|t:|1699208115\n|switch|p2a: barbie moviegoer|Dragonite, M|100\/100\n|switch|p1a: Cresselia|Cresselia, F|100\/100\n|move|p1b: Landorus|Earthquake|p2a: barbie moviegoer|[spread] p2b\n|-immune|p1a: Cresselia|[from] ability: Levitate\n|-immune|p2a: barbie moviegoer\n|-supereffective|p2b: kenergy\n|-damage|p2b: kenergy|16\/100\n|move|p2b: kenergy|Steam Eruption|p1b: Landorus\n|-supereffective|p1b: Landorus\n|-damage|p1b: Landorus|0 fnt\n|faint|p1b: Landorus\n|\n|upkeep\n|\n|t:|1699208127\n|switch|p1b: Tyranitar|Tyranitar, M|100\/100\n|-weather|Sandstorm|[from] ability: Sand Stream|[of] p1b: Tyranitar\n|turn|5\n|\n|t:|1699208148\n|move|p2a: barbie moviegoer|Extreme Speed|p1a: Cresselia\n|-damage|p1a: Cresselia|79\/100\n|-damage|p2a: barbie moviegoer|91\/100|[from] item: Life Orb\n|move|p2b: kenergy|Steam Eruption|p1b: Tyranitar\n|-supereffective|p1b: Tyranitar\n|-damage|p1b: Tyranitar|35\/100\n|move|p1a: Cresselia|Icy Wind|p2a: barbie moviegoer|[spread] p2a,p2b\n|-supereffective|p2a: barbie moviegoer\n|-resisted|p2b: kenergy\n|-damage|p2a: barbie moviegoer|56\/100\n|-damage|p2b: kenergy|14\/100\n|-unboost|p2a: barbie moviegoer|spe|1\n|-unboost|p2b: kenergy|spe|1\n|move|p1b: Tyranitar|Rock Slide|p2b: kenergy|[spread] p2a,p2b\n|-supereffective|p2a: barbie moviegoer\n|-supereffective|p2b: kenergy\n|-damage|p2a: barbie moviegoer|0 fnt\n|-damage|p2b: kenergy|0 fnt\n|faint|p2a: barbie moviegoer\n|faint|p2b: kenergy\n|\n|-weather|Sandstorm|[upkeep]\n|-damage|p1a: Cresselia|73\/100|[from] Sandstorm\n|-heal|p1a: Cresselia|79\/100|[from] item: Leftovers\n|upkeep\n|\n|t:|1699208162\n|switch|p2a: ariana's ender \u2661|Sylveon, F|100\/100\n|switch|p2b: bella thorns x|Flutter Mane|100\/100\n|-enditem|p2b: bella thorns x|Booster Energy\n|-activate|p2b: bella thorns x|ability: Protosynthesis|[fromitem]\n|-start|p2b: bella thorns x|protosynthesisspa\n|turn|6\n|\n|t:|1699208180\n|-terastallize|p1a: Cresselia|Electric\n|move|p1b: Tyranitar|Protect|p1b: Tyranitar\n|-singleturn|p1b: Tyranitar|Protect\n|move|p2b: bella thorns x|Taunt|p1a: Cresselia\n|-start|p1a: Cresselia|move: Taunt\n|move|p2a: ariana's ender \u2661|Hyper Voice|p1b: Tyranitar|[spread] p1a\n|-activate|p1b: Tyranitar|move: Protect\n|-damage|p1a: Cresselia|41\/100\n|cant|p1a: Cresselia|move: Taunt|Trick Room\n|\n|-weather|Sandstorm|[upkeep]\n|-damage|p2b: bella thorns x|95\/100|[from] Sandstorm\n|-damage|p1a: Cresselia|35\/100|[from] Sandstorm\n|-damage|p2a: ariana's ender \u2661|94\/100|[from] Sandstorm\n|-heal|p1a: Cresselia|41\/100|[from] item: Leftovers\n|upkeep\n|turn|7\n|\n|t:|1699208194\n|switch|p1b: Sinistcha|Sinistcha-Masterpiece|41\/100\n|-heal|p1a: Cresselia|66\/100|[from] ability: Hospitality|[of] p1b: Sinistcha\n|move|p2b: bella thorns x|Dazzling Gleam|p1a: Cresselia|[spread] p1a,p1b\n|-damage|p1a: Cresselia|41\/100\n|-damage|p1b: Sinistcha|2\/100\n|-enditem|p1b: Sinistcha|Wiki Berry|[eat]\n|-heal|p1b: Sinistcha|35\/100|[from] item: Wiki Berry\n|move|p1a: Cresselia|Icy Wind|p2a: ariana's ender \u2661|[spread] p2a,p2b\n|-damage|p2a: ariana's ender \u2661|88\/100\n|-damage|p2b: bella thorns x|86\/100\n|-unboost|p2a: ariana's ender \u2661|spe|1\n|-unboost|p2b: bella thorns x|spe|1\n|move|p2a: ariana's ender \u2661|Hyper Voice|p1a: Cresselia|[spread] p1a,p1b\n|-damage|p1a: Cresselia|3\/100\n|-damage|p1b: Sinistcha|0 fnt\n|faint|p1b: Sinistcha\n|\n|-weather|Sandstorm|[upkeep]\n|-damage|p2b: bella thorns x|80\/100|[from] Sandstorm\n|-damage|p1a: Cresselia|0 fnt|[from] Sandstorm\n|-damage|p2a: ariana's ender \u2661|82\/100|[from] Sandstorm\n|faint|p1a: Cresselia\n|upkeep\n|\n|t:|1699208210\n|switch|p1a: Chi-Yu|Chi-Yu|100\/100\n|switch|p1b: Gholdengo|Gholdengo|35\/100\n|-ability|p1a: Chi-Yu|Beads of Ruin\n|turn|8\n|\n|t:|1699208219\n|move|p2b: bella thorns x|Protect|p2b: bella thorns x\n|-singleturn|p2b: bella thorns x|Protect\n|move|p1a: Chi-Yu|Heat Wave|p2b: bella thorns x|[spread] p2a\n|-activate|p2b: bella thorns x|move: Protect\n|-damage|p2a: ariana's ender \u2661|27\/100\n|-damage|p1a: Chi-Yu|91\/100|[from] item: Life Orb\n|move|p1b: Gholdengo|Make It Rain|p2b: bella thorns x|[spread] p2a\n|-activate|p2b: bella thorns x|move: Protect\n|-supereffective|p2a: ariana's ender \u2661\n|-damage|p2a: ariana's ender \u2661|0 fnt\n|-unboost|p1b: Gholdengo|spa|1\n|faint|p2a: ariana's ender \u2661\n|\n|-weather|Sandstorm|[upkeep]\n|-damage|p1a: Chi-Yu|85\/100|[from] Sandstorm\n|-damage|p2b: bella thorns x|74\/100|[from] Sandstorm\n|upkeep\n|\n|t:|1699208226\n|switch|p2a: shooting star \u2606|Jirachi|50\/100\n|turn|9\n|\n|t:|1699208234\n|move|p2a: shooting star \u2606|Iron Head|p1b: Gholdengo\n|-resisted|p1b: Gholdengo\n|-damage|p1b: Gholdengo|14\/100\n|move|p1a: Chi-Yu|Heat Wave|p2b: bella thorns x|[spread] p2a,p2b\n|-supereffective|p2a: shooting star \u2606\n|-damage|p2a: shooting star \u2606|0 fnt\n|-damage|p2b: bella thorns x|10\/100\n|-status|p2b: bella thorns x|brn\n|faint|p2a: shooting star \u2606\n|-damage|p1a: Chi-Yu|75\/100|[from] item: Life Orb\n|cant|p1b: Gholdengo|flinch\n|move|p2b: bella thorns x|Dazzling Gleam|p1b: Gholdengo|[spread] p1a,p1b\n|-resisted|p1b: Gholdengo\n|-damage|p1a: Chi-Yu|22\/100\n|-damage|p1b: Gholdengo|0 fnt\n|faint|p1b: Gholdengo\n|\n|-weather|none\n|-damage|p2b: bella thorns x|4\/100 brn|[from] brn\n|upkeep\n|\n|t:|1699208239\n|switch|p1b: Tyranitar|Tyranitar, M|35\/100\n|-weather|Sandstorm|[from] ability: Sand Stream|[of] p1b: Tyranitar\n|turn|10\n|c|\u2606user27323|gg\n|\n|t:|1699208249\n|move|p1a: Chi-Yu|Protect|p1a: Chi-Yu\n|-singleturn|p1a: Chi-Yu|Protect\n|move|p1b: Tyranitar|Protect|p1b: Tyranitar\n|-singleturn|p1b: Tyranitar|Protect\n|move|p2b: bella thorns x|Dazzling Gleam|p1a: Chi-Yu|[spread] \n|-activate|p1a: Chi-Yu|move: Protect\n|-activate|p1b: Tyranitar|move: Protect\n|\n|-weather|Sandstorm|[upkeep]\n|-damage|p1a: Chi-Yu|16\/100|[from] Sandstorm\n|-damage|p2b: bella thorns x|0 fnt|[from] Sandstorm\n|faint|p2b: bella thorns x\n|-end|p2b: bella thorns x|Protosynthesis|[silent]\n|\n|win|Throw Games\n|upkeep\n|raw|Throw Games's rating: 1627 &rarr; <strong>1648<\/strong><br \/>(+21 for winning)\n|raw|user27323's rating: 1639 &rarr; <strong>1618<\/strong><br \/>(-21 for losing)\n|c|\u2606Throw Games|gg\n|l|\u2606user27323\n","uploadtime":1699208268,"views":8,"p1id":"throwgames","p2id":"user27323","formatid":"gen9doublesou","rating":1618,"private":0,"password":""}