{"id":"gen9doublesou-1977825402","p1":"yeeboy2","p2":"FYBIRR","format":"[Gen 9] Doubles OU","log":"|j|\u2606yeeboy2\n|j|\u2606FYBIRR\n|t:|1698454247\n|gametype|doubles\n|player|p1|yeeboy2|lance|1051\n|player|p2|FYBIRR|riley|1133\n|teamsize|p1|6\n|teamsize|p2|6\n|gen|9\n|tier|[Gen 9] Doubles OU\n|rated|\n|rule|Species Clause: Limit one of each Pok\u00e9mon\n|rule|OHKO Clause: OHKO moves are banned\n|rule|Evasion Moves Clause: Evasion moves are banned\n|rule|Gravity Sleep Clause: The combination of sleep-inducing moves with imperfect accuracy and Gravity or Gigantamax Orbeetle are banned\n|rule|Endless Battle Clause: Forcing endless battles is banned\n|rule|HP Percentage Mod: HP is shown in percentages\n|clearpoke\n|poke|p1|Bellibolt, M|\n|poke|p1|Gardevoir, M|\n|poke|p1|Armarouge, M|\n|poke|p1|Overqwil, M|\n|poke|p1|Iron Bundle|\n|poke|p1|Iron Moth|\n|poke|p2|Diancie, L99|\n|poke|p2|Flutter Mane|\n|poke|p2|Iron Hands|\n|poke|p2|Jigglypuff, L99, F|\n|poke|p2|Landorus-Therian, M|\n|poke|p2|Moltres-Galar|\n|teampreview\n|inactive|Battle timer is ON: inactive players will automatically lose when time's up. (requested by yeeboy2)\n|\n|t:|1698454271\n|start\n|switch|p1a: Gardevoir|Gardevoir, M, shiny|100\/100\n|switch|p1b: Bellibolt|Bellibolt, M, shiny|100\/100\n|switch|p2a: Landorus|Landorus-Therian, M|100\/100\n|switch|p2b: Jigglypuff|Jigglypuff, L99, F|100\/100\n|-ability|p2a: Landorus|Intimidate|boost\n|-unboost|p1a: Gardevoir|atk|1\n|-unboost|p1b: Bellibolt|atk|1\n|turn|1\n|\n|t:|1698454291\n|move|p1b: Bellibolt|Sucker Punch||[still]\n|-fail|p1b: Bellibolt\n|move|p1a: Gardevoir|Dazzling Gleam|p2b: Jigglypuff|[spread] p2a,p2b\n|-damage|p2a: Landorus|76\/100\n|-damage|p2b: Jigglypuff|59\/100\n|move|p2a: Landorus|Stealth Rock|p1a: Gardevoir\n|-sidestart|p1: yeeboy2|move: Stealth Rock\n|move|p2b: Jigglypuff|Light Screen|p2b: Jigglypuff\n|-sidestart|p2: FYBIRR|move: Light Screen\n|\n|upkeep\n|turn|2\n|inactive|FYBIRR has 120 seconds left.\n|\n|t:|1698454323\n|move|p1b: Bellibolt|Sucker Punch|p2a: Landorus\n|-crit|p2a: Landorus\n|-damage|p2a: Landorus|63\/100\n|move|p1a: Gardevoir|Dazzling Gleam|p2a: Landorus|[spread] p2a,p2b\n|-damage|p2a: Landorus|46\/100\n|-damage|p2b: Jigglypuff|34\/100\n|move|p2a: Landorus|U-turn|p1a: Gardevoir\n|-damage|p1a: Gardevoir|54\/100\n|inactive|FYBIRR has 120 seconds left.\n|\n|t:|1698454332\n|switch|p2a: Flutter Mane|Flutter Mane|100\/100|[from] U-turn\n|move|p2b: Jigglypuff|Gyro Ball|p1a: Gardevoir\n|-supereffective|p1a: Gardevoir\n|-damage|p1a: Gardevoir|0 fnt\n|faint|p1a: Gardevoir\n|\n|upkeep\n|\n|t:|1698454342\n|switch|p1a: Overqwil|Overqwil, M, shiny|100\/100\n|-damage|p1a: Overqwil|88\/100|[from] Stealth Rock\n|turn|3\n|\n|t:|1698454359\n|move|p1b: Bellibolt|Sucker Punch|p2a: Flutter Mane\n|-damage|p2a: Flutter Mane|93\/100\n|move|p2a: Flutter Mane|Dazzling Gleam|p1a: Overqwil|[spread] p1a,p1b\n|-damage|p1a: Overqwil|44\/100\n|-damage|p1b: Bellibolt|59\/100\n|-start|p1b: Bellibolt|Charge|Dazzling Gleam|[from] ability: Electromorphosis\n|move|p1a: Overqwil|Toxic Spikes|p2b: Jigglypuff\n|-sidestart|p2: FYBIRR|move: Toxic Spikes\n|move|p2b: Jigglypuff|Heal Pulse|p2a: Flutter Mane\n|-heal|p2a: Flutter Mane|100\/100\n|\n|upkeep\n|turn|4\n|\n|t:|1698454372\n|move|p2a: Flutter Mane|Dazzling Gleam|p1b: Bellibolt|[spread] p1a,p1b\n|-damage|p1a: Overqwil|1\/100\n|-damage|p1b: Bellibolt|18\/100\n|-start|p1b: Bellibolt|Charge|Dazzling Gleam|[from] ability: Electromorphosis\n|move|p1a: Overqwil|Toxic Spikes|p2a: Flutter Mane\n|-sidestart|p2: FYBIRR|move: Toxic Spikes\n|move|p1b: Bellibolt|Discharge|p2a: Flutter Mane|[spread] p1a,p2a,p2b\n|-damage|p1a: Overqwil|0 fnt\n|-damage|p2a: Flutter Mane|71\/100\n|-damage|p2b: Jigglypuff|0 fnt\n|faint|p1a: Overqwil\n|faint|p2b: Jigglypuff\n|-end|p1b: Bellibolt|Charge|[silent]\n|\n|upkeep\n|\n|t:|1698454396\n|switch|p1a: Iron Bundle|Iron Bundle|100\/100\n|switch|p2b: Moltres|Moltres-Galar|100\/100\n|-damage|p1a: Iron Bundle|76\/100|[from] Stealth Rock\n|-enditem|p1a: Iron Bundle|Booster Energy\n|-activate|p1a: Iron Bundle|ability: Quark Drive|[fromitem]\n|-start|p1a: Iron Bundle|quarkdrivespe\n|turn|5\n|\n|t:|1698454415\n|move|p2b: Moltres|Protect|p2b: Moltres\n|-singleturn|p2b: Moltres|Protect\n|move|p1b: Bellibolt|Protect|p1b: Bellibolt\n|-singleturn|p1b: Bellibolt|Protect\n|move|p1a: Iron Bundle|Blizzard|p2a: Flutter Mane|[spread] p2a\n|-activate|p2b: Moltres|move: Protect\n|-damage|p2a: Flutter Mane|47\/100\n|move|p2a: Flutter Mane|Dazzling Gleam|p1a: Iron Bundle|[spread] p1a\n|-activate|p1b: Bellibolt|move: Protect\n|-damage|p1a: Iron Bundle|0 fnt\n|faint|p1a: Iron Bundle\n|-end|p1a: Iron Bundle|Quark Drive|[silent]\n|\n|-sideend|p2: FYBIRR|move: Light Screen\n|upkeep\n|\n|t:|1698454427\n|switch|p1a: Armarouge|Armarouge, M|100\/100\n|-damage|p1a: Armarouge|76\/100|[from] Stealth Rock\n|turn|6\n|\n|t:|1698454445\n|move|p2a: Flutter Mane|Dazzling Gleam|p1b: Bellibolt|[spread] p1a,p1b\n|-resisted|p1a: Armarouge\n|-damage|p1a: Armarouge|55\/100\n|-damage|p1b: Bellibolt|0 fnt\n|faint|p1b: Bellibolt\n|move|p1a: Armarouge|Armor Cannon|p2a: Flutter Mane\n|-damage|p2a: Flutter Mane|0 fnt\n|-unboost|p1a: Armarouge|def|1\n|-unboost|p1a: Armarouge|spd|1\n|faint|p2a: Flutter Mane\n|-end|p2a: Flutter Mane|Protosynthesis|[silent]\n|move|p2b: Moltres|Fiery Wrath|p1a: Armarouge\n|-supereffective|p1a: Armarouge\n|-damage|p1a: Armarouge|0 fnt\n|faint|p1a: Armarouge\n|\n|upkeep\n|\n|t:|1698454461\n|switch|p2a: Landorus|Landorus-Therian, M|46\/100\n|switch|p1b: Iron Moth|Iron Moth|100\/100\n|-damage|p1b: Iron Moth|76\/100|[from] Stealth Rock\n|-ability|p2a: Landorus|Intimidate|boost\n|-unboost|p1b: Iron Moth|atk|1\n|turn|7\n|\n|t:|1698454468\n|-terastallize|p1b: Iron Moth|Fire\n|move|p1b: Iron Moth|Dazzling Gleam|p2a: Landorus|[spread] p2a,p2b\n|-supereffective|p2b: Moltres\n|-damage|p2a: Landorus|27\/100\n|-damage|p2b: Moltres|72\/100\n|move|p2a: Landorus|Stomping Tantrum|p1b: Iron Moth\n|-supereffective|p1b: Iron Moth\n|-damage|p1b: Iron Moth|0 fnt\n|faint|p1b: Iron Moth\n|-end|p1b: Iron Moth|Quark Drive|[silent]\n|\n|win|FYBIRR\n|raw|yeeboy2's rating: 1051 &rarr; <strong>1037<\/strong><br \/>(-14 for losing)\n|raw|FYBIRR's rating: 1133 &rarr; <strong>1152<\/strong><br \/>(+19 for winning)\n|l|\u2606yeeboy2\n","uploadtime":1698454479,"views":17,"p1id":"yeeboy2","p2id":"fybirr","formatid":"gen9doublesou","rating":1037,"private":0,"password":""}