{"id":"gen9doublesou-1985377560","p1":"TheWeakestEnemy","p2":"DoooofyRoooofy","format":"[Gen 9] Doubles OU","log":"|j|\u2606TheWeakestEnemy\n|j|\u2606DoooofyRoooofy\n|t:|1699369588\n|gametype|doubles\n|player|p1|TheWeakestEnemy|266|1367\n|player|p2|DoooofyRoooofy|clown|1374\n|teamsize|p1|6\n|teamsize|p2|6\n|gen|9\n|tier|[Gen 9] Doubles OU\n|rated|\n|rule|Species Clause: Limit one of each Pok\u00e9mon\n|rule|OHKO Clause: OHKO moves are banned\n|rule|Evasion Moves Clause: Evasion moves are banned\n|rule|Gravity Sleep Clause: The combination of sleep-inducing moves with imperfect accuracy and Gravity or Gigantamax Orbeetle are banned\n|rule|Endless Battle Clause: Forcing endless battles is banned\n|rule|HP Percentage Mod: HP is shown in percentages\n|clearpoke\n|poke|p1|Ursaring, F|\n|poke|p1|Sableye, F|\n|poke|p1|Arcanine-Hisui, M|\n|poke|p1|Inteleon, F|\n|poke|p1|Sinistcha|\n|poke|p1|Dragalge, F|\n|poke|p2|Glimmora, F|\n|poke|p2|Tyranitar, M|\n|poke|p2|Forretress, M|\n|poke|p2|Wo-Chien|\n|poke|p2|Iron Moth|\n|poke|p2|Quaquaval, M|\n|teampreview\n|\n|t:|1699369605\n|start\n|switch|p1a: Sableye|Sableye, F|100\/100\n|switch|p1b: Ursaring|Ursaring, F|100\/100\n|switch|p2a: Glimmora|Glimmora, F|100\/100\n|switch|p2b: Forretress|Forretress, M|100\/100\n|turn|1\n|inactive|Battle timer is ON: inactive players will automatically lose when time's up. (requested by DoooofyRoooofy)\n|\n|t:|1699369614\n|move|p1a: Sableye|Will-O-Wisp|p1b: Ursaring\n|-status|p1b: Ursaring|brn\n|move|p2a: Glimmora|Sludge Bomb|p1b: Ursaring\n|-damage|p1b: Ursaring|65\/100 brn\n|move|p1b: Ursaring|High Horsepower|p2a: Glimmora\n|-supereffective|p2a: Glimmora\n|-enditem|p2a: Glimmora|Focus Sash\n|-damage|p2a: Glimmora|1\/100\n|-activate|p2a: Glimmora|ability: Toxic Debris\n|-sidestart|p1: TheWeakestEnemy|move: Toxic Spikes\n|move|p2b: Forretress|Reflect|p2b: Forretress\n|-sidestart|p2: DoooofyRoooofy|Reflect\n|\n|-damage|p1b: Ursaring|59\/100 brn|[from] brn\n|upkeep\n|turn|2\n|inactive|DoooofyRoooofy has 120 seconds left.\n|\n|t:|1699369660\n|move|p1a: Sableye|Light Screen|p1a: Sableye\n|-sidestart|p1: TheWeakestEnemy|move: Light Screen\n|move|p2a: Glimmora|Sludge Bomb|p1b: Ursaring\n|-damage|p1b: Ursaring|33\/100 brn\n|move|p1b: Ursaring|Facade|p2a: Glimmora\n|-resisted|p2a: Glimmora\n|-damage|p2a: Glimmora|0 fnt\n|-activate|p2a: Glimmora|ability: Toxic Debris\n|-sidestart|p1: TheWeakestEnemy|move: Toxic Spikes\n|faint|p2a: Glimmora\n|move|p2b: Forretress|Light Screen|p2b: Forretress\n|-sidestart|p2: DoooofyRoooofy|move: Light Screen\n|\n|-damage|p1b: Ursaring|27\/100 brn|[from] brn\n|upkeep\n|\n|t:|1699369670\n|switch|p2a: Quaquaval|Quaquaval, M|100\/100\n|turn|3\n|inactive|DoooofyRoooofy has 120 seconds left.\n|\n|t:|1699369692\n|switch|p1b: Dragalge|Dragalge, F|100\/100\n|-sideend|p1: TheWeakestEnemy|move: Toxic Spikes|[of] p1b: Dragalge\n|move|p1a: Sableye|Will-O-Wisp|p2a: Quaquaval\n|-status|p2a: Quaquaval|brn\n|move|p2a: Quaquaval|Aqua Step|p1b: Dragalge\n|-resisted|p1b: Dragalge\n|-damage|p1b: Dragalge|89\/100\n|-boost|p2a: Quaquaval|spe|1\n|move|p2b: Forretress|Sand Tomb|p1a: Sableye\n|-damage|p1a: Sableye|92\/100\n|-activate|p1a: Sableye|move: Sand Tomb|[of] p2b: Forretress\n|\n|-damage|p2a: Quaquaval|94\/100 brn|[from] brn\n|-damage|p1a: Sableye|79\/100|[from] move: Sand Tomb|[partiallytrapped]\n|upkeep\n|turn|4\n|inactive|DoooofyRoooofy has 120 seconds left.\n|\n|t:|1699369716\n|move|p1a: Sableye|Reflect|p1a: Sableye\n|-sidestart|p1: TheWeakestEnemy|Reflect\n|move|p2a: Quaquaval|Aqua Step|p1a: Sableye\n|-damage|p1a: Sableye|62\/100\n|-boost|p2a: Quaquaval|spe|1\n|move|p1b: Dragalge|Sludge Bomb|p2a: Quaquaval\n|-damage|p2a: Quaquaval|44\/100 brn\n|move|p2b: Forretress|Sand Tomb|p1b: Dragalge\n|-supereffective|p1b: Dragalge\n|-damage|p1b: Dragalge|77\/100\n|-activate|p1b: Dragalge|move: Sand Tomb|[of] p2b: Forretress\n|\n|-damage|p2a: Quaquaval|38\/100 brn|[from] brn\n|-damage|p1b: Dragalge|65\/100|[from] move: Sand Tomb|[partiallytrapped]\n|-damage|p1a: Sableye|50\/100|[from] move: Sand Tomb|[partiallytrapped]\n|upkeep\n|turn|5\n|inactive|TheWeakestEnemy has 120 seconds left.\n|\n|t:|1699369746\n|switch|p1a: Sinistcha|Sinistcha|100\/100\n|-heal|p1b: Dragalge|90\/100|[from] ability: Hospitality|[of] p1a: Sinistcha\n|move|p2a: Quaquaval|Aqua Step|p1a: Sinistcha\n|-resisted|p1a: Sinistcha\n|-damage|p1a: Sinistcha|94\/100\n|-boost|p2a: Quaquaval|spe|1\n|move|p1b: Dragalge|Sludge Bomb|p2a: Quaquaval\n|-damage|p2a: Quaquaval|0 fnt\n|faint|p2a: Quaquaval\n|move|p2b: Forretress|Sand Tomb|p1b: Dragalge\n|-supereffective|p1b: Dragalge\n|-damage|p1b: Dragalge|78\/100\n|\n|-heal|p1a: Sinistcha|99\/100|[from] item: Leftovers\n|-damage|p1b: Dragalge|66\/100|[from] move: Sand Tomb|[partiallytrapped]\n|-sideend|p2: DoooofyRoooofy|Reflect\n|upkeep\n|inactive|DoooofyRoooofy has 120 seconds left.\n|\n|t:|1699369761\n|switch|p2a: Tyranitar|Tyranitar, M|100\/100\n|-weather|Sandstorm|[from] ability: Sand Stream|[of] p2a: Tyranitar\n|turn|6\n|\n|t:|1699369788\n|-terastallize|p1a: Sinistcha|Grass\n|move|p1a: Sinistcha|Strength Sap|p2a: Tyranitar\n|-unboost|p2a: Tyranitar|atk|1\n|-heal|p1a: Sinistcha|100\/100\n|move|p2a: Tyranitar|Crunch|p1a: Sinistcha\n|-damage|p1a: Sinistcha|73\/100\n|-damage|p2a: Tyranitar|91\/100|[from] item: Life Orb\n|move|p1b: Dragalge|Hydro Pump|p2a: Tyranitar\n|-supereffective|p2a: Tyranitar\n|-damage|p2a: Tyranitar|64\/100\n|move|p2b: Forretress|Thunder Wave|p1b: Dragalge\n|-status|p1b: Dragalge|par\n|\n|-weather|Sandstorm|[upkeep]\n|-damage|p1a: Sinistcha|67\/100|[from] Sandstorm\n|-damage|p1b: Dragalge|60\/100 par|[from] Sandstorm\n|-heal|p1a: Sinistcha|73\/100|[from] item: Leftovers\n|-damage|p1b: Dragalge|48\/100 par|[from] move: Sand Tomb|[partiallytrapped]\n|-sideend|p2: DoooofyRoooofy|move: Light Screen\n|upkeep\n|turn|7\n|\n|t:|1699369816\n|switch|p2a: Wo-Chien|Wo-Chien|100\/100\n|-ability|p2a: Wo-Chien|Tablets of Ruin\n|move|p1a: Sinistcha|Strength Sap|p2a: Wo-Chien\n|-unboost|p2a: Wo-Chien|atk|1\n|-heal|p1a: Sinistcha|100\/100\n|move|p2b: Forretress|Reflect|p2b: Forretress\n|-sidestart|p2: DoooofyRoooofy|Reflect\n|move|p1b: Dragalge|Hydro Pump|p2a: Wo-Chien\n|-resisted|p2a: Wo-Chien\n|-damage|p2a: Wo-Chien|91\/100\n|\n|-weather|Sandstorm|[upkeep]\n|-damage|p1a: Sinistcha|94\/100|[from] Sandstorm\n|-damage|p2a: Wo-Chien|85\/100|[from] Sandstorm\n|-damage|p1b: Dragalge|42\/100 par|[from] Sandstorm\n|-heal|p1a: Sinistcha|100\/100|[from] item: Leftovers\n|-heal|p2a: Wo-Chien|91\/100|[from] item: Leftovers\n|-damage|p1b: Dragalge|29\/100 par|[from] move: Sand Tomb|[partiallytrapped]\n|upkeep\n|turn|8\n|inactive|DoooofyRoooofy has 120 seconds left.\n|\n|t:|1699369853\n|move|p2a: Wo-Chien|Ruination|p1a: Sinistcha\n|-damage|p1a: Sinistcha|50\/100\n|move|p1a: Sinistcha|Shadow Ball|p2b: Forretress\n|-damage|p2b: Forretress|38\/100\n|-unboost|p2b: Forretress|spd|1\n|-enditem|p2b: Forretress|Sitrus Berry|[eat]\n|-heal|p2b: Forretress|62\/100|[from] item: Sitrus Berry\n|move|p2b: Forretress|Sand Tomb|p1b: Dragalge\n|-supereffective|p1b: Dragalge\n|-damage|p1b: Dragalge|21\/100 par\n|move|p1b: Dragalge|Sludge Bomb|p2a: Wo-Chien\n|-supereffective|p2a: Wo-Chien\n|-damage|p2a: Wo-Chien|35\/100\n|\n|-weather|Sandstorm|[upkeep]\n|-damage|p2a: Wo-Chien|29\/100|[from] Sandstorm\n|-damage|p1a: Sinistcha|44\/100|[from] Sandstorm\n|-damage|p1b: Dragalge|15\/100 par|[from] Sandstorm\n|-heal|p1a: Sinistcha|50\/100|[from] item: Leftovers\n|-heal|p2a: Wo-Chien|35\/100|[from] item: Leftovers\n|-end|p1b: Dragalge|Sand Tomb|[partiallytrapped]\n|upkeep\n|turn|9\n|inactive|DoooofyRoooofy has 120 seconds left.\n|inactive|TheWeakestEnemy has 120 seconds left.\n|\n|t:|1699369902\n|switch|p2a: Tyranitar|Tyranitar, M|64\/100\n|move|p1a: Sinistcha|Strength Sap|p2a: Tyranitar\n|-unboost|p2a: Tyranitar|atk|1\n|-heal|p1a: Sinistcha|100\/100\n|move|p2b: Forretress|Thunder Wave|p1a: Sinistcha\n|-status|p1a: Sinistcha|par\n|cant|p1b: Dragalge|par\n|\n|-weather|Sandstorm|[upkeep]\n|-damage|p1a: Sinistcha|94\/100 par|[from] Sandstorm\n|-damage|p1b: Dragalge|9\/100 par|[from] Sandstorm\n|-heal|p1a: Sinistcha|100\/100 par|[from] item: Leftovers\n|-sideend|p1: TheWeakestEnemy|move: Light Screen\n|upkeep\n|turn|10\n|\n|t:|1699369919\n|switch|p1b: Arcanine|Arcanine-Hisui, M|100\/100\n|-ability|p1b: Arcanine|Intimidate|boost\n|-unboost|p2a: Tyranitar|atk|1\n|-unboost|p2b: Forretress|atk|1\n|move|p2a: Tyranitar|Rock Slide|p1b: Arcanine|[spread] p1a,p1b\n|-supereffective|p1b: Arcanine\n|-crit|p1b: Arcanine\n|-damage|p1a: Sinistcha|85\/100 par\n|-damage|p1b: Arcanine|0 fnt\n|faint|p1b: Arcanine\n|-damage|p2a: Tyranitar|54\/100|[from] item: Life Orb\n|move|p2b: Forretress|Light Screen|p2b: Forretress\n|-sidestart|p2: DoooofyRoooofy|move: Light Screen\n|cant|p1a: Sinistcha|par\n|\n|-weather|none\n|-heal|p1a: Sinistcha|92\/100 par|[from] item: Leftovers\n|upkeep\n|inactive|TheWeakestEnemy has 120 seconds left.\n|\n|t:|1699369942\n|switch|p1b: Inteleon|Inteleon, F|100\/100\n|turn|11\n|\n|t:|1699369954\n|switch|p2a: Wo-Chien|Wo-Chien|35\/100\n|-ability|p2a: Wo-Chien|Tablets of Ruin\n|move|p1b: Inteleon|Snipe Shot|p2a: Wo-Chien\n|-resisted|p2a: Wo-Chien\n|-damage|p2a: Wo-Chien|27\/100\n|move|p2b: Forretress|Thunder Wave|p1b: Inteleon|[miss]\n|-miss|p2b: Forretress|p1b: Inteleon\n|move|p1a: Sinistcha|Shadow Ball|p2b: Forretress\n|-damage|p2b: Forretress|5\/100\n|\n|-heal|p2a: Wo-Chien|33\/100|[from] item: Leftovers\n|-heal|p1a: Sinistcha|98\/100 par|[from] item: Leftovers\n|-sideend|p1: TheWeakestEnemy|Reflect\n|-sideend|p2: DoooofyRoooofy|Reflect\n|upkeep\n|turn|12\n|\n|t:|1699369973\n|move|p1b: Inteleon|Snipe Shot|p2b: Forretress\n|-crit|p2b: Forretress\n|-damage|p2b: Forretress|0 fnt\n|faint|p2b: Forretress\n|move|p2a: Wo-Chien|Giga Drain|p1b: Inteleon\n|-supereffective|p1b: Inteleon\n|-damage|p1b: Inteleon|15\/100\n|-heal|p2a: Wo-Chien|65\/100|[from] drain|[of] p1b: Inteleon\n|move|p1a: Sinistcha|Strength Sap|p2a: Wo-Chien\n|-unboost|p2a: Wo-Chien|atk|1\n|-heal|p1a: Sinistcha|100\/100 par\n|\n|-heal|p2a: Wo-Chien|71\/100|[from] item: Leftovers\n|upkeep\n|\n|t:|1699369986\n|switch|p2b: Tyranitar|Tyranitar, M|54\/100\n|-weather|Sandstorm|[from] ability: Sand Stream|[of] p2b: Tyranitar\n|turn|13\n|\n|t:|1699370005\n|move|p2b: Tyranitar|Protect|p2b: Tyranitar\n|-singleturn|p2b: Tyranitar|Protect\n|move|p1b: Inteleon|Ice Beam|p2a: Wo-Chien\n|-supereffective|p2a: Wo-Chien\n|-damage|p2a: Wo-Chien|51\/100\n|move|p2a: Wo-Chien|Giga Drain|p1b: Inteleon\n|-supereffective|p1b: Inteleon\n|-damage|p1b: Inteleon|0 fnt\n|-heal|p2a: Wo-Chien|56\/100|[from] drain|[of] p1b: Inteleon\n|faint|p1b: Inteleon\n|move|p1a: Sinistcha|Matcha Gotcha|p2b: Tyranitar|[spread] p2a\n|-activate|p2b: Tyranitar|move: Protect\n|-resisted|p2a: Wo-Chien\n|-damage|p2a: Wo-Chien|49\/100\n|\n|-weather|Sandstorm|[upkeep]\n|-damage|p2a: Wo-Chien|43\/100|[from] Sandstorm\n|-damage|p1a: Sinistcha|94\/100 par|[from] Sandstorm\n|-heal|p2a: Wo-Chien|49\/100|[from] item: Leftovers\n|-heal|p1a: Sinistcha|100\/100 par|[from] item: Leftovers\n|upkeep\n|\n|t:|1699370019\n|switch|p1b: Sableye|Sableye, F|50\/100\n|turn|14\n|\n|t:|1699370033\n|switch|p2b: Iron Moth|Iron Moth|100\/100\n|-enditem|p2b: Iron Moth|Booster Energy\n|-activate|p2b: Iron Moth|ability: Quark Drive|[fromitem]\n|-start|p2b: Iron Moth|quarkdrivespa\n|move|p1b: Sableye|Light Screen|p1b: Sableye\n|-sidestart|p1: TheWeakestEnemy|move: Light Screen\n|move|p2a: Wo-Chien|Leech Seed|p1b: Sableye\n|-start|p1b: Sableye|move: Leech Seed\n|move|p1a: Sinistcha|Matcha Gotcha|p2b: Iron Moth|[spread] p2b\n|-miss|p1a: Sinistcha|p2a: Wo-Chien\n|-resisted|p2b: Iron Moth\n|-damage|p2b: Iron Moth|93\/100\n|\n|-weather|Sandstorm|[upkeep]\n|-damage|p2b: Iron Moth|87\/100|[from] Sandstorm\n|-damage|p2a: Wo-Chien|43\/100|[from] Sandstorm\n|-damage|p1b: Sableye|43\/100|[from] Sandstorm\n|-damage|p1a: Sinistcha|94\/100 par|[from] Sandstorm\n|-heal|p2a: Wo-Chien|49\/100|[from] item: Leftovers\n|-heal|p1a: Sinistcha|100\/100 par|[from] item: Leftovers\n|-damage|p1b: Sableye|31\/100|[from] Leech Seed|[of] p2a: Wo-Chien\n|-heal|p2a: Wo-Chien|59\/100|[silent]\n|-sideend|p2: DoooofyRoooofy|move: Light Screen\n|upkeep\n|turn|15\n|inactive|TheWeakestEnemy has 120 seconds left.\n|inactive|DoooofyRoooofy has 120 seconds left.\n|\n|t:|1699370081\n|move|p1b: Sableye|Reflect|p1b: Sableye\n|-sidestart|p1: TheWeakestEnemy|Reflect\n|move|p2b: Iron Moth|Fiery Dance|p1a: Sinistcha\n|-supereffective|p1a: Sinistcha\n|-damage|p1a: Sinistcha|9\/100 par\n|move|p2a: Wo-Chien|Giga Drain|p1b: Sableye\n|-damage|p1b: Sableye|12\/100\n|-heal|p2a: Wo-Chien|67\/100|[from] drain|[of] p1b: Sableye\n|move|p1a: Sinistcha|Shadow Ball|p2b: Iron Moth\n|-damage|p2b: Iron Moth|45\/100\n|\n|-weather|Sandstorm|[upkeep]\n|-damage|p2b: Iron Moth|39\/100|[from] Sandstorm\n|-damage|p2a: Wo-Chien|61\/100|[from] Sandstorm\n|-damage|p1b: Sableye|6\/100|[from] Sandstorm\n|-damage|p1a: Sinistcha|3\/100 par|[from] Sandstorm\n|-heal|p2a: Wo-Chien|67\/100|[from] item: Leftovers\n|-heal|p1a: Sinistcha|9\/100 par|[from] item: Leftovers\n|-damage|p1b: Sableye|0 fnt|[from] Leech Seed|[of] p2a: Wo-Chien\n|-heal|p2a: Wo-Chien|71\/100|[silent]\n|faint|p1b: Sableye\n|upkeep\n|inactive|TheWeakestEnemy has 90 seconds left.\n|\n|t:|1699370102\n|switch|p1b: Ursaring|Ursaring, F|27\/100 brn\n|turn|16\n|\n|t:|1699370112\n|move|p2a: Wo-Chien|Protect|p2a: Wo-Chien\n|-singleturn|p2a: Wo-Chien|Protect\n|move|p1a: Sinistcha|Rage Powder|p1a: Sinistcha\n|-singleturn|p1a: Sinistcha|move: Rage Powder\n|move|p2b: Iron Moth|Sludge Wave|p1b: Ursaring|[spread] p1a,p1b\n|-activate|p2a: Wo-Chien|move: Protect\n|-supereffective|p1a: Sinistcha\n|-damage|p1a: Sinistcha|0 fnt\n|-damage|p1b: Ursaring|0 fnt\n|faint|p1a: Sinistcha\n|faint|p1b: Ursaring\n|\n|-weather|Sandstorm|[upkeep]\n|-damage|p2b: Iron Moth|33\/100|[from] Sandstorm\n|-damage|p2a: Wo-Chien|65\/100|[from] Sandstorm\n|-heal|p2a: Wo-Chien|71\/100|[from] item: Leftovers\n|upkeep\n|c|\u2606TheWeakestEnemy|gg\n|-message|TheWeakestEnemy forfeited.\n|\n|win|DoooofyRoooofy\n|raw|TheWeakestEnemy's rating: 1367 &rarr; <strong>1347<\/strong><br \/>(-20 for losing)\n|raw|DoooofyRoooofy's rating: 1374 &rarr; <strong>1394<\/strong><br \/>(+20 for winning)\n|l|\u2606TheWeakestEnemy\n","uploadtime":1699370149,"views":17,"p1id":"theweakestenemy","p2id":"doooofyroooofy","formatid":"gen9doublesou","rating":1347,"private":0,"password":""}