{"id":"gen9doublesou-1996207347","p1":"Ijumpshot","p2":"SkyGandr","format":"[Gen 9] Doubles OU","log":"|j|\u2606Ijumpshot\n|j|\u2606SkyGandr\n|t:|1700659183\n|gametype|doubles\n|player|p1|Ijumpshot|2|1127\n|player|p2|SkyGandr|ethan-masters|1081\n|teamsize|p1|6\n|teamsize|p2|6\n|gen|9\n|tier|[Gen 9] Doubles OU\n|rated|\n|rule|Species Clause: Limit one of each Pok\u00e9mon\n|rule|OHKO Clause: OHKO moves are banned\n|rule|Evasion Moves Clause: Evasion moves are banned\n|rule|Gravity Sleep Clause: The combination of sleep-inducing moves with imperfect accuracy and Gravity or Gigantamax Orbeetle are banned\n|rule|Endless Battle Clause: Forcing endless battles is banned\n|rule|HP Percentage Mod: HP is shown in percentages\n|clearpoke\n|poke|p1|Arbok, M|\n|poke|p1|Arcanine-Hisui, M|\n|poke|p1|Articuno|\n|poke|p1|Bellibolt, M|\n|poke|p1|Zorua-Hisui, M|\n|poke|p1|Farigiraf, M|\n|poke|p2|Flutter Mane|\n|poke|p2|Volcanion|\n|poke|p2|Kingambit, F|\n|poke|p2|Landorus-Therian, M|\n|poke|p2|Iron Hands|\n|poke|p2|Chi-Yu|\n|teampreview\n|inactive|Battle timer is ON: inactive players will automatically lose when time's up. (requested by Ijumpshot)\n|\n|t:|1700659208\n|start\n|switch|p1a: Articuno|Articuno, shiny|100\/100\n|switch|p1b: Arbok|Arbok, M, shiny|100\/100\n|switch|p2a: Sirius|Chi-Yu|100\/100\n|switch|p2b: Betelgeuse|Flutter Mane|100\/100\n|-ability|p2a: Sirius|Beads of Ruin\n|-ability|p1b: Arbok|Intimidate|boost\n|-unboost|p2a: Sirius|atk|1\n|-unboost|p2b: Betelgeuse|atk|1\n|turn|1\n|\n|t:|1700659229\n|move|p2a: Sirius|Flamethrower|p1a: Articuno\n|-damage|p1a: Articuno|34\/100\n|replace|p1a: Zorua|Zorua-Hisui, M, shiny\n|-end|p1a: Zorua|Illusion\n|move|p2b: Betelgeuse|Psyshock|p1b: Arbok\n|-supereffective|p1b: Arbok\n|-damage|p1b: Arbok|0 fnt\n|faint|p1b: Arbok\n|move|p1a: Zorua|Snarl|p2b: Betelgeuse|[spread] p2a,p2b\n|-resisted|p2a: Sirius\n|-damage|p2a: Sirius|96\/100\n|-damage|p2b: Betelgeuse|91\/100\n|-unboost|p2a: Sirius|spa|1\n|-unboost|p2b: Betelgeuse|spa|1\n|\n|upkeep\n|inactive|Ijumpshot has 120 seconds left.\n|\n|t:|1700659247\n|switch|p1b: Arcanine|Arcanine-Hisui, M, shiny|100\/100\n|turn|2\n|\n|t:|1700659261\n|switch|p2a: Adhara|Landorus-Therian, M|100\/100\n|-ability|p2a: Adhara|Intimidate|boost\n|-unboost|p1a: Zorua|atk|1\n|-unboost|p1b: Arcanine|atk|1\n|switch|p1a: Bellibolt|Bellibolt, M, shiny|100\/100\n|move|p2b: Betelgeuse|Psyshock|p1a: Bellibolt\n|-damage|p1a: Bellibolt|80\/100\n|-start|p1a: Bellibolt|Charge|Psyshock|[from] ability: Electromorphosis\n|move|p1b: Arcanine|Rock Slide|p2b: Betelgeuse|[spread] p2a,p2b\n|-damage|p2a: Adhara|76\/100\n|-damage|p2b: Betelgeuse|56\/100\n|\n|upkeep\n|turn|3\n|\n|t:|1700659282\n|-end|p2b: Betelgeuse|Protosynthesis|[silent]\n|switch|p2b: Antares|Iron Hands|100\/100\n|switch|p1b: Farigiraf|Farigiraf, M|100\/100\n|-terastallize|p1a: Bellibolt|Grass\n|move|p2a: Adhara|Stomping Tantrum|p1b: Farigiraf\n|-damage|p1b: Farigiraf|54\/100\n|move|p1a: Bellibolt|Muddy Water|p2b: Antares|[spread] p2a,p2b\n|-supereffective|p2a: Adhara\n|-damage|p2a: Adhara|33\/100\n|-damage|p2b: Antares|90\/100\n|-unboost|p2a: Adhara|accuracy|1\n|-enditem|p2a: Adhara|Sitrus Berry|[eat]\n|-heal|p2a: Adhara|58\/100|[from] item: Sitrus Berry\n|\n|-heal|p1b: Farigiraf|60\/100|[from] item: Leftovers\n|upkeep\n|turn|4\n|\n|t:|1700659304\n|move|p2b: Antares|Fake Out|p1a: Bellibolt\n|-damage|p1a: Bellibolt|66\/100\n|-start|p1a: Bellibolt|Charge|Fake Out|[from] ability: Electromorphosis\n|move|p2a: Adhara|Taunt|p1b: Farigiraf\n|-start|p1b: Farigiraf|move: Taunt\n|move|p1b: Farigiraf|Psychic|p2b: Antares\n|-supereffective|p2b: Antares\n|-damage|p2b: Antares|47\/100\n|cant|p1a: Bellibolt|flinch\n|\n|-heal|p1b: Farigiraf|66\/100|[from] item: Leftovers\n|upkeep\n|turn|5\n|\n|t:|1700659319\n|-end|p2b: Antares|Quark Drive|[silent]\n|switch|p2b: Sirius|Chi-Yu|96\/100\n|-ability|p2b: Sirius|Beads of Ruin\n|move|p2a: Adhara|U-turn|p1b: Farigiraf\n|-supereffective|p1b: Farigiraf\n|-damage|p1b: Farigiraf|11\/100\n|\n|t:|1700659324\n|switch|p2a: Betelgeuse|Flutter Mane|56\/100|[from] U-turn\n|move|p1b: Farigiraf|Dazzling Gleam|p2b: Sirius|[spread] p2a,p2b\n|-damage|p2a: Betelgeuse|32\/100\n|-damage|p2b: Sirius|71\/100\n|move|p1a: Bellibolt|Muddy Water|p2a: Betelgeuse|[spread] p2b\n|-miss|p1a: Bellibolt|p2a: Betelgeuse\n|-supereffective|p2b: Sirius\n|-damage|p2b: Sirius|20\/100\n|\n|-heal|p1b: Farigiraf|17\/100|[from] item: Leftovers\n|upkeep\n|turn|6\n|\n|t:|1700659338\n|move|p2b: Sirius|Flamethrower|p1a: Bellibolt\n|-supereffective|p1a: Bellibolt\n|-damage|p1a: Bellibolt|0 fnt\n|faint|p1a: Bellibolt\n|move|p2a: Betelgeuse|Moonblast|p1b: Farigiraf\n|-crit|p1b: Farigiraf\n|-damage|p1b: Farigiraf|0 fnt\n|faint|p1b: Farigiraf\n|\n|upkeep\n|\n|t:|1700659344\n|switch|p1b: Articuno|Articuno, shiny|100\/100\n|switch|p1a: Arcanine|Arcanine-Hisui, M, shiny|34\/100\n|turn|7\n|\n|t:|1700659356\n|move|p2b: Sirius|Flamethrower|p1a: Arcanine\n|-damage|p1a: Arcanine|0 fnt\n|replace|p1a: Zorua|Zorua-Hisui, M, shiny\n|-end|p1a: Zorua|Illusion\n|faint|p1a: Zorua\n|move|p2a: Betelgeuse|Moonblast|p1b: Articuno\n|-damage|p1b: Articuno|23\/100\n|-unboost|p1b: Articuno|spa|1\n|move|p1b: Articuno|Blizzard|p2b: Sirius|[spread] p2a,p2b\n|-resisted|p2b: Sirius\n|-damage|p2a: Betelgeuse|13\/100\n|-damage|p2b: Sirius|10\/100\n|-status|p2a: Betelgeuse|frz\n|\n|upkeep\n|\n|t:|1700659363\n|switch|p1a: Arcanine|Arcanine-Hisui, M, shiny|100\/100\n|turn|8\n|-message|Ijumpshot forfeited.\n|\n|win|SkyGandr\n|raw|Ijumpshot's rating: 1127 &rarr; <strong>1099<\/strong><br \/>(-28 for losing)\n|raw|SkyGandr's rating: 1081 &rarr; <strong>1113<\/strong><br \/>(+32 for winning)\n|l|\u2606Ijumpshot\n","uploadtime":1700659371,"views":0,"p1id":"ijumpshot","p2id":"skygandr","formatid":"gen9doublesou","rating":1099,"private":0,"password":""}