{"id":"gen9doublesou-1976836014","p1":"UY QUE RICO PAPI!","p2":"Cheeky chief","format":"[Gen 9] Doubles OU","log":"|j|\u2606UY QUE RICO PAPI!\n|j|\u2606Cheeky chief\n|t:|1698345231\n|gametype|doubles\n|player|p1|UY QUE RICO PAPI!|2|1235\n|player|p2|Cheeky chief|1|1185\n|teamsize|p1|6\n|teamsize|p2|6\n|gen|9\n|tier|[Gen 9] Doubles OU\n|rated|\n|rule|Species Clause: Limit one of each Pok\u00e9mon\n|rule|OHKO Clause: OHKO moves are banned\n|rule|Evasion Moves Clause: Evasion moves are banned\n|rule|Gravity Sleep Clause: The combination of sleep-inducing moves with imperfect accuracy and Gravity or Gigantamax Orbeetle are banned\n|rule|Endless Battle Clause: Forcing endless battles is banned\n|rule|HP Percentage Mod: HP is shown in percentages\n|clearpoke\n|poke|p1|Trevenant, M|\n|poke|p1|Indeedee-F, F|\n|poke|p1|Garganacl, M|\n|poke|p1|Ting-Lu|\n|poke|p1|Cresselia, F|\n|poke|p1|Tinkaton, F|\n|poke|p2|Typhlosion-Hisui, M|\n|poke|p2|Ambipom, F|\n|poke|p2|Shiftry, F|\n|poke|p2|Milotic, F|\n|poke|p2|Haxorus, M|\n|poke|p2|Iron Valiant|\n|teampreview\n|inactive|Battle timer is ON: inactive players will automatically lose when time's up. (requested by Cheeky chief)\n|inactive|UY QUE RICO PAPI! has 120 seconds left.\n|\n|t:|1698345266\n|start\n|switch|p1a: Indeedee|Indeedee-F, F|100\/100\n|switch|p1b: Ting-Lu|Ting-Lu|100\/100\n|switch|p2a: Typhlosion|Typhlosion-Hisui, M|100\/100\n|switch|p2b: Ambipom|Ambipom, F|100\/100\n|-item|p1a: Indeedee|Psychic Seed|[from] ability: Frisk|[of] p2a: Typhlosion|[identify]\n|-item|p1b: Ting-Lu|Leftovers|[from] ability: Frisk|[of] p2a: Typhlosion|[identify]\n|-fieldstart|move: Psychic Terrain|[from] ability: Psychic Surge|[of] p1a: Indeedee\n|-enditem|p1a: Indeedee|Psychic Seed\n|-boost|p1a: Indeedee|spd|1|[from] item: Psychic Seed\n|-ability|p1b: Ting-Lu|Vessel of Ruin\n|turn|1\n|inactive|Cheeky chief has 120 seconds left.\n|\n|t:|1698345296\n|-terastallize|p2a: Typhlosion|Water\n|move|p1a: Indeedee|Follow Me|p1a: Indeedee\n|-singleturn|p1a: Indeedee|move: Follow Me\n|move|p2a: Typhlosion|Eruption|p1b: Ting-Lu|[spread] p1a,p1b\n|-damage|p1a: Indeedee|72\/100\n|-damage|p1b: Ting-Lu|65\/100\n|move|p2b: Ambipom|Taunt|p1a: Indeedee\n|-start|p1a: Indeedee|move: Taunt\n|move|p1b: Ting-Lu|Ruination|p2a: Typhlosion\n|-damage|p2a: Typhlosion|50\/100\n|\n|-heal|p1b: Ting-Lu|72\/100|[from] item: Leftovers\n|upkeep\n|turn|2\n|\n|t:|1698345316\n|switch|p2a: Shiftry|Shiftry, F|100\/100\n|switch|p1a: Garganacl|Garganacl, M|100\/100\n|move|p2b: Ambipom|Double Hit|p1a: Garganacl\n|-resisted|p1a: Garganacl\n|-damage|p1a: Garganacl|95\/100\n|-resisted|p1a: Garganacl\n|-damage|p1a: Garganacl|89\/100\n|-hitcount|p1a: Garganacl|2\n|move|p1b: Ting-Lu|Spikes|p2a: Shiftry\n|-sidestart|p2: Cheeky chief|Spikes\n|\n|-heal|p1b: Ting-Lu|78\/100|[from] item: Leftovers\n|-heal|p1a: Garganacl|95\/100|[from] item: Leftovers\n|upkeep\n|turn|3\n|\n|t:|1698345337\n|move|p1b: Ting-Lu|Protect|p1b: Ting-Lu\n|-singleturn|p1b: Ting-Lu|Protect\n|move|p2b: Ambipom|Knock Off|p1a: Garganacl\n|-damage|p1a: Garganacl|81\/100\n|-enditem|p1a: Garganacl|Leftovers|[from] move: Knock Off|[of] p2b: Ambipom\n|move|p2a: Shiftry|Tailwind|p2a: Shiftry\n|-sidestart|p2: Cheeky chief|move: Tailwind\n|-ability|p2a: Shiftry|Wind Rider|boost\n|-boost|p2a: Shiftry|atk|1\n|move|p1a: Garganacl|Salt Cure|p2a: Shiftry\n|-damage|p2a: Shiftry|79\/100\n|-start|p2a: Shiftry|Salt Cure\n|\n|-heal|p1b: Ting-Lu|84\/100|[from] item: Leftovers\n|-damage|p2a: Shiftry|67\/100|[from] Salt Cure\n|upkeep\n|turn|4\n|inactive|UY QUE RICO PAPI! has 120 seconds left.\n|\n|t:|1698345380\n|switch|p1a: Tinkaton|Tinkaton, F|100\/100\n|-ability|p1a: Tinkaton|Mold Breaker\n|-terastallize|p1b: Ting-Lu|Poison\n|move|p2b: Ambipom|Taunt|p1b: Ting-Lu\n|-start|p1b: Ting-Lu|move: Taunt\n|move|p2a: Shiftry|Leaf Blade|p1a: Tinkaton\n|-resisted|p1a: Tinkaton\n|-damage|p1a: Tinkaton|65\/100\n|cant|p1b: Ting-Lu|move: Taunt|Spikes\n|\n|-heal|p1a: Tinkaton|71\/100|[from] item: Leftovers\n|-heal|p1b: Ting-Lu|90\/100|[from] item: Leftovers\n|-damage|p2a: Shiftry|54\/100|[from] Salt Cure\n|upkeep\n|turn|5\n|inactive|UY QUE RICO PAPI! has 120 seconds left.\n|\n|t:|1698345406\n|move|p2b: Ambipom|Knock Off|p1a: Tinkaton\n|-resisted|p1a: Tinkaton\n|-damage|p1a: Tinkaton|55\/100\n|-enditem|p1a: Tinkaton|Leftovers|[from] move: Knock Off|[of] p2b: Ambipom\n|move|p2a: Shiftry|Night Slash|p1b: Ting-Lu\n|-crit|p1b: Ting-Lu\n|-damage|p1b: Ting-Lu|63\/100\n|move|p1a: Tinkaton|Stealth Rock|p2b: Ambipom\n|-sidestart|p2: Cheeky chief|move: Stealth Rock\n|move|p1b: Ting-Lu|Ruination|p2b: Ambipom\n|-damage|p2b: Ambipom|51\/100\n|\n|-heal|p1b: Ting-Lu|70\/100|[from] item: Leftovers\n|-damage|p2a: Shiftry|42\/100|[from] Salt Cure\n|-fieldend|move: Psychic Terrain\n|upkeep\n|turn|6\n|inactive|UY QUE RICO PAPI! has 120 seconds left.\n|\n|t:|1698345428\n|switch|p1b: Garganacl|Garganacl, M|81\/100\n|move|p2b: Ambipom|Double Hit|p1b: Garganacl\n|-resisted|p1b: Garganacl\n|-damage|p1b: Garganacl|75\/100\n|-resisted|p1b: Garganacl\n|-damage|p1b: Garganacl|70\/100\n|-hitcount|p1b: Garganacl|2\n|move|p2a: Shiftry|Night Slash|p1b: Garganacl\n|-damage|p1b: Garganacl|47\/100\n|move|p1a: Tinkaton|Gigaton Hammer|p2b: Ambipom\n|-damage|p2b: Ambipom|0 fnt\n|faint|p2b: Ambipom\n|\n|-damage|p2a: Shiftry|29\/100|[from] Salt Cure\n|-sideend|p2: Cheeky chief|move: Tailwind\n|upkeep\n|\n|t:|1698345441\n|switch|p2b: Typhlosion|Typhlosion-Hisui, M, tera:Water|50\/100\n|-damage|p2b: Typhlosion|38\/100|[from] Spikes\n|-damage|p2b: Typhlosion|26\/100|[from] Stealth Rock\n|turn|7\n|\n|t:|1698345451\n|move|p1a: Tinkaton|Protect|p1a: Tinkaton\n|-singleturn|p1a: Tinkaton|Protect\n|move|p1b: Garganacl|Protect|p1b: Garganacl\n|-singleturn|p1b: Garganacl|Protect\n|move|p2b: Typhlosion|Flamethrower|p1a: Tinkaton\n|-activate|p1a: Tinkaton|move: Protect\n|move|p2a: Shiftry|Tailwind|p2a: Shiftry\n|-sidestart|p2: Cheeky chief|move: Tailwind\n|-ability|p2a: Shiftry|Wind Rider|boost\n|-boost|p2a: Shiftry|atk|1\n|\n|-damage|p2a: Shiftry|17\/100|[from] Salt Cure\n|upkeep\n|turn|8\n|inactive|Cheeky chief has 120 seconds left.\n|l|\u2606Cheeky chief\n|inactive|Cheeky chief disconnected and has a minute to reconnect!\n|player|p2|\n|inactive|Cheeky chief has 30 seconds to reconnect!\n|inactive|Cheeky chief has 20 seconds to reconnect!\n|inactive|Cheeky chief has 15 seconds to reconnect!\n|inactive|Cheeky chief has 10 seconds to reconnect!\n|inactive|Cheeky chief has 5 seconds to reconnect!\n|-message|Cheeky chief lost due to inactivity.\n|\n|win|UY QUE RICO PAPI!\n|raw|UY QUE RICO PAPI!'s rating: 1204 &rarr; <strong>1228<\/strong><br \/>(+24 for winning)\n|raw|Cheeky chief's rating: 1185 &rarr; <strong>1161<\/strong><br \/>(-24 for losing)\n","uploadtime":1698345553,"views":15,"p1id":"uyquericopapi","p2id":"cheekychief","formatid":"gen9doublesou","rating":1161,"private":0,"password":""}