{"id":"gen9doublesou-1978486936","p1":"Gyzmo77","p2":"Metal Jester","format":"[Gen 9] Doubles OU","log":"|j|\u2606Gyzmo77\n|j|\u2606Metal Jester\n|t:|1698545301\n|gametype|doubles\n|player|p1|Gyzmo77|2|1219\n|player|p2|Metal Jester|guitarist|1237\n|teamsize|p1|6\n|teamsize|p2|6\n|gen|9\n|tier|[Gen 9] Doubles OU\n|rated|\n|rule|Species Clause: Limit one of each Pok\u00e9mon\n|rule|OHKO Clause: OHKO moves are banned\n|rule|Evasion Moves Clause: Evasion moves are banned\n|rule|Gravity Sleep Clause: The combination of sleep-inducing moves with imperfect accuracy and Gravity or Gigantamax Orbeetle are banned\n|rule|Endless Battle Clause: Forcing endless battles is banned\n|rule|HP Percentage Mod: HP is shown in percentages\n|clearpoke\n|poke|p1|Ninetales, M|\n|poke|p1|Typhlosion-Hisui, M|\n|poke|p1|Sinistcha-Masterpiece|\n|poke|p1|Arcanine-Hisui, F|\n|poke|p1|Chi-Yu|\n|poke|p1|Kingambit, M|\n|poke|p2|Tornadus, M|\n|poke|p2|Stonjourner, M|\n|poke|p2|Flutter Mane|\n|poke|p2|Iron Hands|\n|poke|p2|Landorus-Therian, M|\n|poke|p2|Goodra-Hisui, M|\n|teampreview\n|j| DarkMoon41\n|inactive|Battle timer is ON: inactive players will automatically lose when time's up. (requested by Metal Jester)\n|\n|t:|1698545309\n|start\n|switch|p1a: Dark Boy|Ninetales, M, shiny|100\/100\n|switch|p1b: Ghost Boy|Typhlosion-Hisui, M, shiny|100\/100\n|switch|p2a: Tornadus|Tornadus, M|100\/100\n|switch|p2b: Stonjourner|Stonjourner, M, shiny|100\/100\n|-weather|SunnyDay|[from] ability: Drought|[of] p1a: Dark Boy\n|turn|1\n|\n|t:|1698545325\n|-terastallize|p1b: Ghost Boy|Fire\n|move|p1a: Dark Boy|Helping Hand|p1b: Ghost Boy\n|-singleturn|p1b: Ghost Boy|Helping Hand|[of] p1a: Dark Boy\n|move|p2b: Stonjourner|Wide Guard|p2b: Stonjourner\n|-singleturn|p2b: Stonjourner|Wide Guard\n|move|p2a: Tornadus|Tailwind|p2a: Tornadus\n|-sidestart|p2: Metal Jester|move: Tailwind\n|move|p1b: Ghost Boy|Eruption|p2a: Tornadus|[spread] \n|-activate|p2a: Tornadus|move: Wide Guard\n|-activate|p2b: Stonjourner|move: Wide Guard\n|\n|-weather|SunnyDay|[upkeep]\n|upkeep\n|turn|2\n|\n|t:|1698545347\n|move|p1a: Dark Boy|Helping Hand|p1b: Ghost Boy\n|-singleturn|p1b: Ghost Boy|Helping Hand|[of] p1a: Dark Boy\n|move|p2b: Stonjourner|Wide Guard|p2b: Stonjourner\n|-singleturn|p2b: Stonjourner|Wide Guard\n|move|p2a: Tornadus|Bleakwind Storm|p1b: Ghost Boy|[spread] p1a\n|-miss|p2a: Tornadus|p1b: Ghost Boy\n|-damage|p1a: Dark Boy|49\/100\n|move|p1b: Ghost Boy|Eruption|p2a: Tornadus|[spread] \n|-activate|p2a: Tornadus|move: Wide Guard\n|-activate|p2b: Stonjourner|move: Wide Guard\n|\n|-weather|SunnyDay|[upkeep]\n|-heal|p1a: Dark Boy|55\/100|[from] item: Leftovers\n|upkeep\n|turn|3\n|\n|t:|1698545372\n|move|p2b: Stonjourner|Wide Guard|p2b: Stonjourner\n|-singleturn|p2b: Stonjourner|Wide Guard\n|move|p2a: Tornadus|Bleakwind Storm|p1a: Dark Boy|[spread] p1a\n|-miss|p2a: Tornadus|p1b: Ghost Boy\n|-damage|p1a: Dark Boy|9\/100\n|-unboost|p1a: Dark Boy|spe|1\n|move|p1b: Ghost Boy|Eruption|p2b: Stonjourner|[spread] \n|-activate|p2a: Tornadus|move: Wide Guard\n|-activate|p2b: Stonjourner|move: Wide Guard\n|move|p1a: Dark Boy|Weather Ball|p2a: Tornadus\n|-damage|p2a: Tornadus|36\/100\n|\n|-weather|SunnyDay|[upkeep]\n|-heal|p1a: Dark Boy|15\/100|[from] item: Leftovers\n|upkeep\n|turn|4\n|\n|t:|1698545395\n|move|p2b: Stonjourner|Wide Guard|p2b: Stonjourner\n|-singleturn|p2b: Stonjourner|Wide Guard\n|move|p2a: Tornadus|Bleakwind Storm|p1a: Dark Boy|[spread] p1a,p1b\n|-damage|p1a: Dark Boy|0 fnt\n|-damage|p1b: Ghost Boy|45\/100\n|faint|p1a: Dark Boy\n|move|p1b: Ghost Boy|Eruption|p2b: Stonjourner|[spread] \n|-activate|p2a: Tornadus|move: Wide Guard\n|-activate|p2b: Stonjourner|move: Wide Guard\n|\n|-weather|SunnyDay|[upkeep]\n|-sideend|p2: Metal Jester|move: Tailwind\n|upkeep\n|\n|t:|1698545409\n|switch|p1a: Good Boy|Arcanine-Hisui, F|100\/100\n|turn|5\n|\n|t:|1698545424\n|move|p2a: Tornadus|Bleakwind Storm|p1b: Ghost Boy|[spread] p1b\n|-miss|p2a: Tornadus|p1a: Good Boy\n|-damage|p1b: Ghost Boy|0 fnt\n|faint|p1b: Ghost Boy\n|move|p1a: Good Boy|Wild Charge|p2a: Tornadus\n|-supereffective|p2a: Tornadus\n|-damage|p2a: Tornadus|0 fnt\n|faint|p2a: Tornadus\n|move|p2b: Stonjourner|Body Press|p1a: Good Boy\n|-supereffective|p1a: Good Boy\n|-damage|p1a: Good Boy|38\/100\n|\n|-weather|none\n|-heal|p1a: Good Boy|44\/100|[from] item: Leftovers\n|upkeep\n|\n|t:|1698545451\n|switch|p2a: Flutter Mane|Flutter Mane|100\/100\n|switch|p1b: Green Boy|Sinistcha-Masterpiece|100\/100\n|-heal|p1a: Good Boy|69\/100|[from] ability: Hospitality|[of] p1b: Green Boy\n|turn|6\n|\n|t:|1698545474\n|-terastallize|p2a: Flutter Mane|Fairy\n|move|p2a: Flutter Mane|Dazzling Gleam|p1b: Green Boy|[spread] p1a,p1b\n|-resisted|p1a: Good Boy\n|-damage|p1a: Good Boy|16\/100\n|-damage|p1b: Green Boy|10\/100\n|move|p1a: Good Boy|Flare Blitz|p2a: Flutter Mane\n|-damage|p2a: Flutter Mane|0 fnt\n|faint|p2a: Flutter Mane\n|-end|p2a: Flutter Mane|Protosynthesis|[silent]\n|move|p2b: Stonjourner|Heat Crash|p1b: Green Boy\n|-supereffective|p1b: Green Boy\n|-damage|p1b: Green Boy|0 fnt\n|faint|p1b: Green Boy\n|\n|-heal|p1a: Good Boy|22\/100|[from] item: Leftovers\n|upkeep\n|\n|t:|1698545491\n|switch|p2a: Iron Hands|Iron Hands|100\/100\n|switch|p1b: Fishy Boy|Chi-Yu|100\/100\n|-ability|p1b: Fishy Boy|Beads of Ruin\n|turn|7\n|\n|t:|1698545509\n|move|p2a: Iron Hands|Fake Out|p1a: Good Boy\n|-resisted|p1a: Good Boy\n|-damage|p1a: Good Boy|9\/100\n|move|p1b: Fishy Boy|Psychic|p2a: Iron Hands\n|-supereffective|p2a: Iron Hands\n|-damage|p2a: Iron Hands|16\/100\n|cant|p1a: Good Boy|flinch\n|move|p2b: Stonjourner|Body Press|p1b: Fishy Boy\n|-supereffective|p1b: Fishy Boy\n|-damage|p1b: Fishy Boy|29\/100\n|\n|-heal|p1a: Good Boy|15\/100|[from] item: Leftovers\n|upkeep\n|turn|8\n|\n|t:|1698545530\n|-end|p2a: Iron Hands|Quark Drive|[silent]\n|switch|p2a: Goodra|Goodra-Hisui, M|100\/100\n|move|p1b: Fishy Boy|Psychic|p2a: Goodra\n|-resisted|p2a: Goodra\n|-damage|p2a: Goodra|81\/100\n|-unboost|p2a: Goodra|spd|1\n|move|p1a: Good Boy|Morning Sun|p1a: Good Boy\n|-heal|p1a: Good Boy|65\/100\n|move|p2b: Stonjourner|Body Press|p1b: Fishy Boy\n|-supereffective|p1b: Fishy Boy\n|-damage|p1b: Fishy Boy|0 fnt\n|faint|p1b: Fishy Boy\n|\n|-heal|p1a: Good Boy|71\/100|[from] item: Leftovers\n|-heal|p2a: Goodra|87\/100|[from] item: Leftovers\n|upkeep\n|\n|t:|1698545548\n|switch|p1b: Supreme Boy|Kingambit, M, shiny|100\/100\n|-activate|p1b: Supreme Boy|ability: Supreme Overlord\n|-start|p1b: Supreme Boy|fallen4|[silent]\n|turn|9\n|\n|t:|1698545565\n|move|p1a: Good Boy|Flare Blitz|p2a: Goodra\n|-damage|p2a: Goodra|45\/100\n|-status|p2a: Goodra|brn\n|move|p2b: Stonjourner|Body Press|p1b: Supreme Boy\n|-supereffective|p1b: Supreme Boy\n|-damage|p1b: Supreme Boy|21\/100\n|move|p2a: Goodra|Chilling Water|p1a: Good Boy\n|-supereffective|p1a: Good Boy\n|-damage|p1a: Good Boy|0 fnt\n|faint|p1a: Good Boy\n|move|p1b: Supreme Boy|Poison Jab|p2b: Stonjourner\n|-resisted|p2b: Stonjourner\n|-damage|p2b: Stonjourner|87\/100\n|\n|-heal|p2a: Goodra|51\/100 brn|[from] item: Leftovers\n|-heal|p1b: Supreme Boy|27\/100|[from] item: Leftovers\n|-damage|p2a: Goodra|45\/100 brn|[from] brn\n|upkeep\n|turn|10\n|\n|t:|1698545591\n|move|p2b: Stonjourner|Body Press|p1b: Supreme Boy\n|-supereffective|p1b: Supreme Boy\n|-damage|p1b: Supreme Boy|0 fnt\n|faint|p1b: Supreme Boy\n|-end|p1b: Supreme Boy|fallen4|[silent]\n|\n|win|Metal Jester\n|raw|Gyzmo77's rating: 1219 &rarr; <strong>1195<\/strong><br \/>(-24 for losing)\n|raw|Metal Jester's rating: 1237 &rarr; <strong>1261<\/strong><br \/>(+24 for winning)\n","uploadtime":1698545600,"views":23,"p1id":"gyzmo77","p2id":"metaljester","formatid":"gen9doublesou","rating":1195,"private":0,"password":""}