{"id":"gen9doublesou-1974563506","p1":"DeAuTh1511","p2":"SXD2002","format":"[Gen 9] Doubles OU","log":"|j|\u2606DeAuTh1511\n|j|\u2606SXD2002\n|t:|1698097691\n|gametype|doubles\n|player|p1|DeAuTh1511|dancer|1105\n|player|p2|SXD2002|silver-masters|1165\n|teamsize|p1|6\n|teamsize|p2|6\n|gen|9\n|tier|[Gen 9] Doubles OU\n|rated|\n|rule|Species Clause: Limit one of each Pok\u00e9mon\n|rule|OHKO Clause: OHKO moves are banned\n|rule|Evasion Moves Clause: Evasion moves are banned\n|rule|Gravity Sleep Clause: The combination of sleep-inducing moves with imperfect accuracy and Gravity or Gigantamax Orbeetle are banned\n|rule|Endless Battle Clause: Forcing endless battles is banned\n|rule|HP Percentage Mod: HP is shown in percentages\n|clearpoke\n|poke|p1|Oricorio-Pom-Pom, F|\n|poke|p1|Quaquaval, F|\n|poke|p1|Delphox, F|\n|poke|p1|Volcarona, M|\n|poke|p1|Flamigo, M|\n|poke|p1|Meloetta|\n|poke|p2|Lurantis, F|\n|poke|p2|Murkrow, M|\n|poke|p2|Grimmsnarl, M|\n|poke|p2|Clefairy, F|\n|poke|p2|Talonflame, F|\n|poke|p2|Espeon, M|\n|teampreview\n|inactive|Battle timer is ON: inactive players will automatically lose when time's up. (requested by SXD2002)\n|\n|t:|1698097696\n|start\n|switch|p1a: Oricorio|Oricorio-Pom-Pom, F|100\/100\n|switch|p1b: Meloetta|Meloetta|100\/100\n|switch|p2a: Grimmsnarl|Grimmsnarl, M|100\/100\n|switch|p2b: Lurantis|Lurantis, F|100\/100\n|turn|1\n|\n|t:|1698097710\n|move|p1a: Oricorio|Protect|p1a: Oricorio\n|-singleturn|p1a: Oricorio|Protect\n|move|p2a: Grimmsnarl|Fake Tears|p2b: Lurantis\n|-boost|p2b: Lurantis|spd|2\n|move|p1b: Meloetta|Role Play|p1a: Oricorio\n|-endability|p1b: Meloetta|Serene Grace|[from] move: Role Play\n|-ability|p1b: Meloetta|Dancer|[from] move: Role Play|[of] p1a: Oricorio\n|move|p2b: Lurantis|Superpower|p1b: Meloetta\n|-damage|p1b: Meloetta|72\/100\n|-boost|p2b: Lurantis|atk|1\n|-boost|p2b: Lurantis|def|1\n|\n|-heal|p1b: Meloetta|78\/100|[from] item: Leftovers\n|upkeep\n|turn|2\n|\n|t:|1698097736\n|move|p2a: Grimmsnarl|Fake Tears|p2b: Lurantis\n|-boost|p2b: Lurantis|spd|2\n|move|p1a: Oricorio|Quiver Dance|p1a: Oricorio\n|-boost|p1a: Oricorio|spa|1\n|-boost|p1a: Oricorio|spd|1\n|-boost|p1a: Oricorio|spe|1\n|-activate|p1b: Meloetta|ability: Dancer\n|move|p1b: Meloetta|Quiver Dance|p1b: Meloetta|[from]ability: Dancer\n|-boost|p1b: Meloetta|spa|1\n|-boost|p1b: Meloetta|spd|1\n|-boost|p1b: Meloetta|spe|1\n|move|p1b: Meloetta|Relic Song|p2b: Lurantis|[spread] p2a,p2b\n|-damage|p2a: Grimmsnarl|72\/100\n|-damage|p2b: Lurantis|91\/100\n|-formechange|p1b: Meloetta|Meloetta-Pirouette|[msg]\n|move|p2b: Lurantis|Superpower|p1b: Meloetta\n|-supereffective|p1b: Meloetta\n|-damage|p1b: Meloetta|0 fnt\n|-boost|p2b: Lurantis|atk|1\n|-boost|p2b: Lurantis|def|1\n|faint|p1b: Meloetta\n|\n|-heal|p2a: Grimmsnarl|78\/100|[from] item: Leftovers\n|-heal|p2b: Lurantis|97\/100|[from] item: Leftovers\n|upkeep\n|inactive|DeAuTh1511 has 120 seconds left.\n|\n|t:|1698097756\n|switch|p1b: Delphox|Delphox, F|100\/100\n|turn|3\n|\n|t:|1698097771\n|move|p2a: Grimmsnarl|Fake Tears|p2b: Lurantis\n|-boost|p2b: Lurantis|spd|2\n|move|p1a: Oricorio|Quiver Dance|p1a: Oricorio\n|-boost|p1a: Oricorio|spa|1\n|-boost|p1a: Oricorio|spd|1\n|-boost|p1a: Oricorio|spe|1\n|move|p1b: Delphox|Role Play|p1a: Oricorio\n|-endability|p1b: Delphox|Magician|[from] move: Role Play\n|-ability|p1b: Delphox|Dancer|[from] move: Role Play|[of] p1a: Oricorio\n|move|p2b: Lurantis|Leech Life|p1b: Delphox\n|-damage|p1b: Delphox|53\/100\n|-heal|p2b: Lurantis|100\/100|[from] drain|[of] p1b: Delphox\n|\n|-heal|p2a: Grimmsnarl|84\/100|[from] item: Leftovers\n|upkeep\n|turn|4\n|\n|t:|1698097796\n|move|p2a: Grimmsnarl|Parting Shot|p2b: Lurantis\n|-boost|p2b: Lurantis|atk|1\n|-boost|p2b: Lurantis|spa|1\n|\n|t:|1698097802\n|switch|p2a: Clefairy|Clefairy, F|100\/100|[from] Parting Shot\n|move|p1a: Oricorio|Quiver Dance|p1a: Oricorio\n|-boost|p1a: Oricorio|spa|1\n|-boost|p1a: Oricorio|spd|1\n|-boost|p1a: Oricorio|spe|1\n|-activate|p1b: Delphox|ability: Dancer\n|move|p1b: Delphox|Quiver Dance|p1b: Delphox|[from]ability: Dancer\n|-boost|p1b: Delphox|spa|1\n|-boost|p1b: Delphox|spd|1\n|-boost|p1b: Delphox|spe|1\n|move|p1b: Delphox|Copycat|p1b: Delphox\n|move|p1b: Delphox|Quiver Dance|p1b: Delphox|[from]move: Copycat\n|-boost|p1b: Delphox|spa|1\n|-boost|p1b: Delphox|spd|1\n|-boost|p1b: Delphox|spe|1\n|-activate|p1a: Oricorio|ability: Dancer\n|move|p1a: Oricorio|Quiver Dance|p1a: Oricorio|[from]ability: Dancer\n|-boost|p1a: Oricorio|spa|1\n|-boost|p1a: Oricorio|spd|1\n|-boost|p1a: Oricorio|spe|1\n|move|p2b: Lurantis|Leech Life|p1b: Delphox\n|-damage|p1b: Delphox|0 fnt\n|faint|p1b: Delphox\n|\n|upkeep\n|inactive|DeAuTh1511 has 120 seconds left.\n|\n|t:|1698097827\n|switch|p1b: Flamigo|Flamigo, M|100\/100\n|-copyboost|p1b: Flamigo|p1a: Oricorio|[from] ability: Costar\n|turn|5\n|\n|t:|1698097839\n|move|p2a: Clefairy|Follow Me|p2a: Clefairy\n|-singleturn|p2a: Clefairy|move: Follow Me\n|move|p1b: Flamigo|Copycat||[still]\n|-fail|p1b: Flamigo\n|move|p1a: Oricorio|Revelation Dance|p2a: Clefairy\n|-damage|p2a: Clefairy|46\/100\n|move|p2b: Lurantis|Superpower|p1b: Flamigo\n|-resisted|p1b: Flamigo\n|-damage|p1b: Flamigo|48\/100\n|-boost|p2b: Lurantis|atk|1\n|-boost|p2b: Lurantis|def|1\n|-enditem|p1b: Flamigo|Mirror Herb\n|-boost|p1b: Flamigo|atk|1|[from] item: Mirror Herb\n|-boost|p1b: Flamigo|def|1|[from] item: Mirror Herb\n|\n|upkeep\n|turn|6\n|\n|t:|1698097856\n|move|p1b: Flamigo|Copycat|p1b: Flamigo\n|move|p1b: Flamigo|Superpower|p2b: Lurantis|[from]move: Copycat\n|-damage|p2b: Lurantis|70\/100\n|-unboost|p1b: Flamigo|atk|1\n|-unboost|p1b: Flamigo|def|1\n|move|p1a: Oricorio|Revelation Dance|p2b: Lurantis\n|-resisted|p2b: Lurantis\n|-damage|p2b: Lurantis|64\/100\n|move|p2b: Lurantis|Superpower|p1b: Flamigo\n|-resisted|p1b: Flamigo\n|-damage|p1b: Flamigo|0 fnt\n|-boost|p2b: Lurantis|atk|1\n|-boost|p2b: Lurantis|def|1\n|faint|p1b: Flamigo\n|move|p2a: Clefairy|Life Dew|p2a: Clefairy|[spread] p2a,p2b\n|-heal|p2a: Clefairy|71\/100\n|-heal|p2b: Lurantis|89\/100\n|\n|-heal|p2b: Lurantis|95\/100|[from] item: Leftovers\n|upkeep\n|\n|t:|1698097875\n|switch|p1b: Volcarona|Volcarona, M|100\/100\n|turn|7\n|\n|t:|1698097883\n|move|p2a: Clefairy|Follow Me|p2a: Clefairy\n|-singleturn|p2a: Clefairy|move: Follow Me\n|move|p1a: Oricorio|Revelation Dance|p2a: Clefairy\n|-damage|p2a: Clefairy|12\/100\n|move|p1b: Volcarona|Heat Wave|p2b: Lurantis|[spread] p2a,p2b\n|-supereffective|p2b: Lurantis\n|-damage|p2a: Clefairy|0 fnt\n|-damage|p2b: Lurantis|83\/100\n|faint|p2a: Clefairy\n|move|p2b: Lurantis|Superpower|p1b: Volcarona\n|-resisted|p1b: Volcarona\n|-damage|p1b: Volcarona|23\/100\n|-boost|p2b: Lurantis|atk|1\n|-boost|p2b: Lurantis|def|1\n|-status|p2b: Lurantis|brn|[from] ability: Flame Body|[of] p1b: Volcarona\n|\n|-heal|p2b: Lurantis|89\/100 brn|[from] item: Leftovers\n|-damage|p2b: Lurantis|83\/100 brn|[from] brn\n|upkeep\n|\n|t:|1698097901\n|switch|p2a: Talonflame|Talonflame, F|100\/100\n|turn|8\n|\n|t:|1698097913\n|move|p2a: Talonflame|Defog|p2b: Lurantis\n|-boost|p2b: Lurantis|evasion|1\n|move|p1a: Oricorio|Quiver Dance|p1a: Oricorio\n|-boost|p1a: Oricorio|spa|1\n|-boost|p1a: Oricorio|spd|1\n|-boost|p1a: Oricorio|spe|1\n|move|p1b: Volcarona|Quiver Dance|p1b: Volcarona\n|-boost|p1b: Volcarona|spa|1\n|-boost|p1b: Volcarona|spd|1\n|-boost|p1b: Volcarona|spe|1\n|-activate|p1a: Oricorio|ability: Dancer\n|move|p1a: Oricorio|Quiver Dance|p1a: Oricorio|[from]ability: Dancer\n|-boost|p1a: Oricorio|spa|1\n|-boost|p1a: Oricorio|spd|1\n|-boost|p1a: Oricorio|spe|1\n|move|p2b: Lurantis|Superpower|p1b: Volcarona\n|-resisted|p1b: Volcarona\n|-damage|p1b: Volcarona|0 fnt\n|-boost|p2b: Lurantis|def|1\n|faint|p1b: Volcarona\n|\n|-heal|p2b: Lurantis|89\/100 brn|[from] item: Leftovers\n|-damage|p2b: Lurantis|83\/100 brn|[from] brn\n|upkeep\n|\n|t:|1698097925\n|switch|p1b: Quaquaval|Quaquaval, F|100\/100\n|turn|9\n|\n|t:|1698097939\n|move|p2a: Talonflame|Defog|p2b: Lurantis\n|-boost|p2b: Lurantis|evasion|1\n|move|p1a: Oricorio|Revelation Dance|p2b: Lurantis|[miss]\n|-miss|p1a: Oricorio|p2b: Lurantis\n|move|p1b: Quaquaval|Aqua Step|p2a: Talonflame\n|-supereffective|p2a: Talonflame\n|-damage|p2a: Talonflame|2\/100\n|-boost|p1b: Quaquaval|spe|1\n|-activate|p1a: Oricorio|ability: Dancer\n|move|p1a: Oricorio|Aqua Step|p2a: Talonflame|[from]ability: Dancer\n|-supereffective|p2a: Talonflame\n|-damage|p2a: Talonflame|0 fnt\n|faint|p2a: Talonflame\n|move|p2b: Lurantis|Superpower|p1b: Quaquaval\n|-damage|p1b: Quaquaval|29\/100\n|\n|-heal|p2b: Lurantis|89\/100 brn|[from] item: Leftovers\n|-damage|p2b: Lurantis|83\/100 brn|[from] brn\n|upkeep\n|\n|t:|1698097960\n|switch|p2a: Grimmsnarl|Grimmsnarl, M|84\/100\n|turn|10\n|\n|t:|1698097972\n|move|p2a: Grimmsnarl|Parting Shot|p1b: Quaquaval\n|-unboost|p1b: Quaquaval|atk|1\n|-unboost|p1b: Quaquaval|spa|1\n|\n|t:|1698097976\n|switch|p2a: Espeon|Espeon, M|100\/100|[from] Parting Shot\n|move|p1a: Oricorio|Revelation Dance|p2a: Espeon\n|-damage|p2a: Espeon|0 fnt\n|faint|p2a: Espeon\n|move|p1b: Quaquaval|Aqua Step|p2b: Lurantis|[miss]\n|-miss|p1b: Quaquaval|p2b: Lurantis\n|move|p2b: Lurantis|Superpower|p1b: Quaquaval\n|-damage|p1b: Quaquaval|0 fnt\n|faint|p1b: Quaquaval\n|\n|-heal|p2b: Lurantis|89\/100 brn|[from] item: Leftovers\n|-damage|p2b: Lurantis|83\/100 brn|[from] brn\n|upkeep\n|\n|t:|1698097980\n|switch|p2a: Grimmsnarl|Grimmsnarl, M|84\/100\n|turn|11\n|\n|t:|1698097988\n|move|p2a: Grimmsnarl|Scary Face|p1a: Oricorio\n|-unboost|p1a: Oricorio|spe|2\n|move|p1a: Oricorio|Revelation Dance|p2b: Lurantis|[miss]\n|-miss|p1a: Oricorio|p2b: Lurantis\n|move|p2b: Lurantis|Leech Life|p1a: Oricorio\n|-resisted|p1a: Oricorio\n|-damage|p1a: Oricorio|85\/100\n|-heal|p2b: Lurantis|91\/100 brn|[from] drain|[of] p1a: Oricorio\n|\n|-heal|p2a: Grimmsnarl|90\/100|[from] item: Leftovers\n|-heal|p2b: Lurantis|98\/100 brn|[from] item: Leftovers\n|-damage|p2b: Lurantis|91\/100 brn|[from] brn\n|upkeep\n|turn|12\n|c|\u2606DeAuTh1511|gg\n|c|\u2606DeAuTh1511|nice team\n|\n|t:|1698097999\n|move|p2a: Grimmsnarl|Scary Face|p1a: Oricorio\n|-unboost|p1a: Oricorio|spe|2\n|move|p1a: Oricorio|Revelation Dance|p2b: Lurantis\n|-resisted|p2b: Lurantis\n|-damage|p2b: Lurantis|80\/100 brn\n|move|p2b: Lurantis|Leech Life|p1a: Oricorio\n|-resisted|p1a: Oricorio\n|-damage|p1a: Oricorio|70\/100\n|-heal|p2b: Lurantis|88\/100 brn|[from] drain|[of] p1a: Oricorio\n|\n|-heal|p2a: Grimmsnarl|96\/100|[from] item: Leftovers\n|-heal|p2b: Lurantis|94\/100 brn|[from] item: Leftovers\n|-damage|p2b: Lurantis|88\/100 brn|[from] brn\n|upkeep\n|turn|13\n|c|\u2606SXD2002|gg\n|c|\u2606SXD2002|thanks buddy\n|c|\u2606SXD2002|same to you\n|c|\u2606SXD2002|your team is good\n|\n|t:|1698098017\n|move|p2a: Grimmsnarl|Scary Face|p1a: Oricorio\n|-unboost|p1a: Oricorio|spe|2\n|move|p1a: Oricorio|Revelation Dance|p2b: Lurantis|[miss]\n|-miss|p1a: Oricorio|p2b: Lurantis\n|move|p2b: Lurantis|Leech Life|p1a: Oricorio\n|-resisted|p1a: Oricorio\n|-damage|p1a: Oricorio|54\/100\n|-heal|p2b: Lurantis|97\/100 brn|[from] drain|[of] p1a: Oricorio\n|\n|-heal|p2a: Grimmsnarl|100\/100|[from] item: Leftovers\n|-heal|p2b: Lurantis|100\/100 brn|[from] item: Leftovers\n|-damage|p2b: Lurantis|94\/100 brn|[from] brn\n|upkeep\n|turn|14\n|c|\u2606DeAuTh1511|I had a better version about a year ago but I lost it and cant remember what mons I had :X\n|\n|t:|1698098031\n|move|p2a: Grimmsnarl|Scary Face|p2b: Lurantis\n|-boost|p2b: Lurantis|spe|2\n|move|p2b: Lurantis|Leech Life|p1a: Oricorio\n|-resisted|p1a: Oricorio\n|-damage|p1a: Oricorio|38\/100\n|-heal|p2b: Lurantis|100\/100 brn|[from] drain|[of] p1a: Oricorio\n|move|p1a: Oricorio|Revelation Dance|p2b: Lurantis\n|-resisted|p2b: Lurantis\n|-damage|p2b: Lurantis|89\/100 brn\n|\n|-heal|p2b: Lurantis|95\/100 brn|[from] item: Leftovers\n|-damage|p2b: Lurantis|89\/100 brn|[from] brn\n|upkeep\n|turn|15\n|c|\u2606SXD2002|jeez\n|c|\u2606SXD2002|maybe some prankster pokemon? Like volbeat\/illumise\n|\n|t:|1698098055\n|move|p2a: Grimmsnarl|Scary Face|p2b: Lurantis\n|-boost|p2b: Lurantis|spe|2\n|move|p2b: Lurantis|Leech Life|p1a: Oricorio\n|-resisted|p1a: Oricorio\n|-damage|p1a: Oricorio|23\/100\n|-heal|p2b: Lurantis|97\/100 brn|[from] drain|[of] p1a: Oricorio\n|move|p1a: Oricorio|Revelation Dance|p2a: Grimmsnarl\n|-crit|p2a: Grimmsnarl\n|-damage|p2a: Grimmsnarl|0 fnt\n|faint|p2a: Grimmsnarl\n|\n|-heal|p2b: Lurantis|100\/100 brn|[from] item: Leftovers\n|-damage|p2b: Lurantis|94\/100 brn|[from] brn\n|upkeep\n|\n|t:|1698098065\n|switch|p2a: Murkrow|Murkrow, M|100\/100\n|turn|16\n|\n|t:|1698098074\n|move|p2b: Lurantis|Leech Life|p1a: Oricorio\n|-resisted|p1a: Oricorio\n|-damage|p1a: Oricorio|6\/100\n|-heal|p2b: Lurantis|100\/100 brn|[from] drain|[of] p1a: Oricorio\n|move|p1a: Oricorio|Revelation Dance|p2a: Murkrow\n|-supereffective|p2a: Murkrow\n|-damage|p2a: Murkrow|0 fnt\n|faint|p2a: Murkrow\n|\n|-damage|p2b: Lurantis|94\/100 brn|[from] brn\n|upkeep\n|turn|17\n|c|\u2606DeAuTh1511|maybe, I had a whole box of dance themed mons lol including prankster stuff, can't remember which 6 I had the most success with is the problem\n|\n|t:|1698098083\n|move|p2b: Lurantis|Leech Life|p1a: Oricorio\n|-resisted|p1a: Oricorio\n|-damage|p1a: Oricorio|0 fnt\n|-heal|p2b: Lurantis|98\/100 brn|[from] drain|[of] p1a: Oricorio\n|faint|p1a: Oricorio\n|\n|win|SXD2002\n|raw|DeAuTh1511's rating: 1105 &rarr; <strong>1084<\/strong><br \/>(-21 for losing)\n|raw|SXD2002's rating: 1165 &rarr; <strong>1186<\/strong><br \/>(+21 for winning)\n|c|\u2606DeAuTh1511|gg\n|c|\u2606SXD2002|nice\n|c|\u2606DeAuTh1511|^_^\n|c|\u2606SXD2002|gg buddy\n|c|\u2606SXD2002|see ya\n|l|\u2606DeAuTh1511\n","uploadtime":1698098097,"views":9,"p1id":"deauth1511","p2id":"sxd2002","formatid":"gen9doublesou","rating":1084,"private":0,"password":""}